{"id":"gen8ou-1551825570","p1":"cute pink team","p2":"Nal 4012","format":"gen8ou","log":"|j|\u2606cute pink team\n|j|\u2606Nal 4012\n|t:|1649779117\n|gametype|singles\n|player|p1|cute pink team|169|1739\n|player|p2|Nal 4012|n|1699\n|teamsize|p1|6\n|teamsize|p2|6\n|gen|8\n|tier|[Gen 8] OU\n|rated|\n|rule|Sleep Clause Mod: Limit one foe put to sleep\n|rule|Species Clause: Limit one of each Pok\u00e9mon\n|rule|OHKO Clause: OHKO moves are banned\n|rule|Evasion Moves Clause: Evasion moves are banned\n|rule|Endless Battle Clause: Forcing endless battles is banned\n|rule|HP Percentage Mod: HP is shown in percentages\n|rule|Dynamax Clause: You cannot dynamax\n|clearpoke\n|poke|p1|Zapdos|\n|poke|p1|Skarmory, M|\n|poke|p1|Blissey, F|\n|poke|p1|Dragapult, M|\n|poke|p1|Landorus-Therian, M|\n|poke|p1|Tapu Lele|\n|poke|p2|Blaziken, F|\n|poke|p2|Azumarill, M|\n|poke|p2|Polteageist|\n|poke|p2|Zapdos|\n|poke|p2|Zeraora|\n|poke|p2|Melmetal|\n|teampreview\n|\n|t:|1649779136\n|start\n|switch|p1a: Landorus|Landorus-Therian, M|100\/100\n|switch|p2a: Zapdos|Zapdos|100\/100\n|-ability|p1a: Landorus|Intimidate|boost\n|-unboost|p2a: Zapdos|atk|1\n|turn|1\n|\n|t:|1649779140\n|move|p1a: Landorus|Stone Edge|p2a: Zapdos\n|-supereffective|p2a: Zapdos\n|-damage|p2a: Zapdos|0 fnt\n|faint|p2a: Zapdos\n|\n|upkeep\n|\n|t:|1649779144\n|switch|p2a: Melmetal|Melmetal|100\/100\n|turn|2\n|\n|t:|1649779149\n|switch|p1a: Skarmory|Skarmory, M|100\/100\n|move|p2a: Melmetal|Double Iron Bash|p1a: Skarmory\n|-resisted|p1a: Skarmory\n|-damage|p1a: Skarmory|87\/100\n|-resisted|p1a: Skarmory\n|-damage|p1a: Skarmory|74\/100\n|-hitcount|p1a: Skarmory|2\n|\n|-heal|p1a: Skarmory|80\/100|[from] item: Leftovers\n|upkeep\n|turn|3\n|\n|t:|1649779156\n|switch|p1a: Zapdos|Zapdos|100\/100\n|-ability|p1a: Zapdos|Pressure\n|move|p2a: Melmetal|Thunder Punch|p1a: Zapdos\n|-damage|p1a: Zapdos|56\/100\n|\n|upkeep\n|turn|4\n|\n|t:|1649779160\n|move|p1a: Zapdos|Volt Switch|p2a: Melmetal\n|-damage|p2a: Melmetal|62\/100\n|\n|t:|1649779161\n|switch|p1a: Skarmory|Skarmory, M|80\/100|[from]move: Volt Switch\n|move|p2a: Melmetal|Ice Punch|p1a: Skarmory\n|-damage|p1a: Skarmory|59\/100\n|\n|-heal|p1a: Skarmory|65\/100|[from] item: Leftovers\n|upkeep\n|turn|5\n|\n|t:|1649779165\n|move|p1a: Skarmory|Body Press|p2a: Melmetal\n|-supereffective|p2a: Melmetal\n|-damage|p2a: Melmetal|29\/100\n|move|p2a: Melmetal|Thunder Punch|p1a: Skarmory\n|-supereffective|p1a: Skarmory\n|-damage|p1a: Skarmory|24\/100\n|\n|-heal|p1a: Skarmory|30\/100|[from] item: Leftovers\n|upkeep\n|turn|6\n|\n|t:|1649779169\n|move|p1a: Skarmory|Roost|p1a: Skarmory\n|-heal|p1a: Skarmory|80\/100\n|-singleturn|p1a: Skarmory|move: Roost\n|move|p2a: Melmetal|Ice Punch|p1a: Skarmory\n|-resisted|p1a: Skarmory\n|-damage|p1a: Skarmory|68\/100\n|\n|-heal|p1a: Skarmory|74\/100|[from] item: Leftovers\n|upkeep\n|turn|7\n|\n|t:|1649779171\n|move|p1a: Skarmory|Body Press|p2a: Melmetal\n|-supereffective|p2a: Melmetal\n|-damage|p2a: Melmetal|0 fnt\n|faint|p2a: Melmetal\n|\n|-heal|p1a: Skarmory|80\/100|[from] item: Leftovers\n|upkeep\n|\n|t:|1649779176\n|switch|p2a: Blaziken|Blaziken, F|100\/100\n|turn|8\n|\n|t:|1649779185\n|move|p2a: Blaziken|Flare Blitz|p1a: Skarmory\n|-supereffective|p1a: Skarmory\n|-damage|p1a: Skarmory|0 fnt\n|faint|p1a: Skarmory\n|-damage|p2a: Blaziken|71\/100|[from] Recoil\n|-damage|p2a: Blaziken|61\/100|[from] item: Life Orb\n|\n|-ability|p2a: Blaziken|Speed Boost|boost\n|-boost|p2a: Blaziken|spe|1\n|upkeep\n|\n|t:|1649779187\n|switch|p1a: Tapu Lele|Tapu Lele|100\/100\n|-fieldstart|move: Psychic Terrain|[from] ability: Psychic Surge|[of] p1a: Tapu Lele\n|turn|9\n|\n|t:|1649779198\n|move|p1a: Tapu Lele|Psyshock|p2a: Blaziken\n|-supereffective|p2a: Blaziken\n|-damage|p2a: Blaziken|0 fnt\n|faint|p2a: Blaziken\n|\n|upkeep\n|\n|t:|1649779201\n|switch|p2a: Azumarill|Azumarill, M|100\/100\n|turn|10\n|\n|t:|1649779217\n|switch|p1a: Landorus|Landorus-Therian, M|100\/100\n|-ability|p1a: Landorus|Intimidate|boost\n|-unboost|p2a: Azumarill|atk|1\n|move|p2a: Azumarill|Knock Off|p1a: Landorus\n|-damage|p1a: Landorus|68\/100\n|-enditem|p1a: Landorus|Choice Band|[from] move: Knock Off|[of] p2a: Azumarill\n|\n|upkeep\n|turn|11\n|\n|t:|1649779226\n|move|p2a: Azumarill|Aqua Jet|p1a: Landorus\n|-hint|Psychic Terrain doesn't affect Pok\u00e9mon immune to Ground.\n|-supereffective|p1a: Landorus\n|-damage|p1a: Landorus|28\/100\n|move|p1a: Landorus|U-turn|p2a: Azumarill\n|-resisted|p2a: Azumarill\n|-damage|p2a: Azumarill|86\/100\n|\n|t:|1649779231\n|switch|p1a: Blissey|Blissey, F|100\/100|[from]move: U-turn\n|\n|upkeep\n|turn|12\n|\n|t:|1649779236\n|move|p1a: Blissey|Stealth Rock|p2a: Azumarill\n|-sidestart|p2: Nal 4012|move: Stealth Rock\n|move|p2a: Azumarill|Belly Drum|p2a: Azumarill\n|-damage|p2a: Azumarill|36\/100\n|-setboost|p2a: Azumarill|atk|6|[from] move: Belly Drum\n|-enditem|p2a: Azumarill|Sitrus Berry|[eat]\n|-heal|p2a: Azumarill|61\/100|[from] item: Sitrus Berry\n|\n|upkeep\n|turn|13\n|\n|t:|1649779240\n|move|p1a: Blissey|Seismic Toss|p2a: Azumarill\n|-damage|p2a: Azumarill|36\/100\n|move|p2a: Azumarill|Knock Off|p1a: Blissey\n|-damage|p1a: Blissey|0 fnt\n|-enditem|p1a: Blissey|Heavy-Duty Boots|[from] move: Knock Off|[of] p2a: Azumarill\n|faint|p1a: Blissey\n|\n|-fieldend|move: Psychic Terrain\n|upkeep\n|\n|t:|1649779242\n|switch|p1a: Tapu Lele|Tapu Lele|100\/100\n|-fieldstart|move: Psychic Terrain|[from] ability: Psychic Surge|[of] p1a: Tapu Lele\n|turn|14\n|\n|t:|1649779247\n|move|p2a: Azumarill|Aqua Jet|p1a: Tapu Lele\n|-activate|p1a: Tapu Lele|move: Psychic Terrain\n|move|p1a: Tapu Lele|Psyshock|p2a: Azumarill\n|-damage|p2a: Azumarill|0 fnt\n|faint|p2a: Azumarill\n|\n|upkeep\n|\n|t:|1649779253\n|switch|p2a: Zeraora|Zeraora|100\/100\n|-damage|p2a: Zeraora|88\/100|[from] Stealth Rock\n|turn|15\n|\n|t:|1649779256\n|move|p1a: Tapu Lele|Psyshock|p2a: Zeraora\n|-damage|p2a: Zeraora|6\/100\n|move|p2a: Zeraora|Plasma Fists|p1a: Tapu Lele\n|-damage|p1a: Tapu Lele|13\/100\n|-fieldactivate|move: Ion Deluge\n|-hint|Normal-type moves become Electric-type after using Plasma Fists.\n|-damage|p2a: Zeraora|0 fnt|[from] item: Life Orb\n|faint|p2a: Zeraora\n|\n|upkeep\n|\n|t:|1649779259\n|switch|p2a: Polteageist|Polteageist, shiny|100\/100\n|-damage|p2a: Polteageist|88\/100|[from] Stealth Rock\n|turn|16\n|\n|t:|1649779261\n|move|p1a: Tapu Lele|Psyshock|p2a: Polteageist\n|-damage|p2a: Polteageist|0 fnt\n|faint|p2a: Polteageist\n|\n|win|cute pink team\n|raw|cute pink team's rating: 1739 &rarr; <strong>1757<\/strong><br \/>(+18 for winning)\n|raw|Nal 4012's rating: 1699 &rarr; <strong>1681<\/strong><br \/>(-18 for losing)\n","uploadtime":1649779266,"views":102,"p1id":"cutepinkteam","p2id":"nal4012","formatid":"gen8ou","rating":1681,"private":0,"password":null}