{"id":"gen8battlestadiumsingles-1225538622","p1":"2222mm","p2":"bunbungakugaku","format":"gen8battlestadiumsingles","log":"|j|\u26062222mm\n|j|\u2606bunbungakugaku\n|t:|1605625529\n|player|p1|2222mm|winona|1347\n|player|p2|bunbungakugaku|169|1396\n|teamsize|p1|6\n|teamsize|p2|6\n|gametype|singles\n|gen|8\n|tier|[Gen 8] Battle Stadium Singles\n|rated|\n|clearpoke\n|poke|p1|Cinderace, L50, M|\n|poke|p1|Rillaboom, L50, F|\n|poke|p1|Regieleki, L50|\n|poke|p1|Thundurus-Therian, L50, M|\n|poke|p1|Tapu Fini, L50|\n|poke|p1|Celesteela, L50|\n|poke|p2|Gyarados, L50, F|\n|poke|p2|Metagross, L50|\n|poke|p2|Sylveon, L50, F|\n|poke|p2|Regieleki, L50|\n|poke|p2|Nihilego, L50|\n|poke|p2|Goodra, L50, F|\n|rule|Species Clause: Limit one of each Pok\u00e9mon\n|rule|Item Clause: Limit one of each item\n|teampreview|3\n|inactive|Battle timer is ON: inactive players will automatically lose when time's up. (requested by bunbungakugaku)\n|inactive|2222mm has 120 seconds left.\n|\n|t:|1605625587\n|start\n|switch|p1a: Regieleki|Regieleki, L50|48\/48\n|switch|p2a: Goodra|Goodra, L50, F|48\/48\n|turn|1\n|\n|t:|1605625603\n|move|p1a: Regieleki|Light Screen|p1a: Regieleki\n|-sidestart|p1: 2222mm|move: Light Screen\n|move|p2a: Goodra|Sludge Wave|p1a: Regieleki\n|-damage|p1a: Regieleki|35\/48\n|\n|upkeep\n|turn|2\n|\n|t:|1605625610\n|move|p1a: Regieleki|Reflect|p1a: Regieleki\n|-sidestart|p1: 2222mm|Reflect\n|move|p2a: Goodra|Sludge Wave|p1a: Regieleki\n|-damage|p1a: Regieleki|23\/48\n|-status|p1a: Regieleki|psn\n|\n|-damage|p1a: Regieleki|17\/48 psn|[from] psn\n|upkeep\n|turn|3\n|\n|t:|1605625618\n|move|p1a: Regieleki|Explosion|p2a: Goodra\n|-damage|p2a: Goodra|24\/48g\n|faint|p1a: Regieleki\n|move|p2a: Goodra|Sludge Wave|p1: Regieleki|[notarget]\n|-fail|p2a: Goodra\n|\n|upkeep\n|\n|t:|1605625627\n|switch|p1a: Celesteela|Celesteela, L50|48\/48\n|turn|4\n|\n|t:|1605625634\n|switch|p2a: Metagross|Metagross, L50|48\/48\n|move|p1a: Celesteela|Meteor Beam||[still]\n|-prepare|p1a: Celesteela|Meteor Beam\n|-boost|p1a: Celesteela|spa|1\n|-enditem|p1a: Celesteela|Power Herb\n|-anim|p1a: Celesteela|Meteor Beam|p2a: Metagross\n|-resisted|p2a: Metagross\n|-damage|p2a: Metagross|31\/48\n|\n|upkeep\n|turn|5\n|\n|t:|1605625662\n|-start|p1a: Celesteela|Dynamax\n|-heal|p1a: Celesteela|48\/48|[silent]\n|move|p2a: Metagross|Ice Punch|p1a: Celesteela\n|-damage|p1a: Celesteela|44\/48\n|move|p1a: Celesteela|Max Flare|p2a: Metagross\n|-supereffective|p2a: Metagross\n|-damage|p2a: Metagross|0 fnt\n|-weather|SunnyDay\n|faint|p2a: Metagross\n|-ability|p1a: Celesteela|Beast Boost|boost\n|-boost|p1a: Celesteela|spa|1\n|\n|-weather|SunnyDay|[upkeep]\n|upkeep\n|inactive|bunbungakugaku has 120 seconds left.\n|\n|t:|1605625678\n|switch|p2a: Goodra|Goodra, L50, F|24\/48g\n|turn|6\n|\n|t:|1605625683\n|-start|p2a: Goodra|Dynamax\n|-heal|p2a: Goodra|24\/48g|[silent]\n|move|p1a: Celesteela|Max Airstream|p2a: Goodra\n|-damage|p2a: Goodra|5\/48\n|-boost|p1a: Celesteela|spe|1\n|move|p2a: Goodra|Max Flare|p1a: Celesteela\n|-supereffective|p1a: Celesteela\n|-damage|p1a: Celesteela|30\/48\n|\n|-weather|SunnyDay|[upkeep]\n|upkeep\n|turn|7\n|\n|t:|1605625692\n|move|p1a: Celesteela|Max Airstream|p2a: Goodra\n|-damage|p2a: Goodra|0 fnt\n|-boost|p1a: Celesteela|spe|1\n|faint|p2a: Goodra\n|-ability|p1a: Celesteela|Beast Boost|boost\n|-boost|p1a: Celesteela|spa|1\n|\n|-weather|SunnyDay|[upkeep]\n|-end|p1a: Celesteela|Dynamax\n|-heal|p1a: Celesteela|30\/48|[silent]\n|upkeep\n|\n|t:|1605625703\n|switch|p2a: Nihilego|Nihilego, L50|48\/48\n|turn|8\n|\n|t:|1605625707\n|move|p1a: Celesteela|Flash Cannon|p2a: Nihilego\n|-supereffective|p2a: Nihilego\n|-damage|p2a: Nihilego|0 fnt\n|faint|p2a: Nihilego\n|\n|win|2222mm\n|l|\u2606bunbungakugaku\n||Ladder (probably) updated, but score could not be retrieved (Request timeout).\n","uploadtime":1605625711,"views":40,"p1id":"2222mm","p2id":"bunbungakugaku","formatid":"gen8battlestadiumsingles","rating":0,"private":0,"password":null}