{"id":"gen8ou-1679691390","p1":"EEEEEvolto","p2":"Swoley Ghost","format":"gen8ou","log":"|j|\u2606EEEEEvolto\n|j|\u2606Swoley Ghost\n|t:|1665114851\n|gametype|singles\n|player|p1|EEEEEvolto|266|1536\n|player|p2|Swoley Ghost|zinnia|1551\n|teamsize|p1|6\n|teamsize|p2|6\n|gen|8\n|tier|[Gen 8] OU\n|rated|\n|rule|Sleep Clause Mod: Limit one foe put to sleep\n|rule|Species Clause: Limit one of each Pok\u00e9mon\n|rule|OHKO Clause: OHKO moves are banned\n|rule|Evasion Items Clause: Evasion items are banned\n|rule|Evasion Moves Clause: Evasion moves are banned\n|rule|Endless Battle Clause: Forcing endless battles is banned\n|rule|HP Percentage Mod: HP is shown in percentages\n|rule|Dynamax Clause: You cannot dynamax\n|clearpoke\n|poke|p1|Mew|\n|poke|p1|Weavile, M|\n|poke|p1|Celesteela|\n|poke|p1|Garchomp, M|\n|poke|p1|Blacephalon|\n|poke|p1|Crawdaunt, F|\n|poke|p2|Mew|\n|poke|p2|Weavile, M|\n|poke|p2|Celesteela|\n|poke|p2|Garchomp, F|\n|poke|p2|Blacephalon|\n|poke|p2|Crawdaunt, M|\n|teampreview\n|c|\u2606Swoley Ghost|lol\n|\n|t:|1665114865\n|start\n|switch|p1a: Blacephalon|Blacephalon, shiny|100\/100\n|switch|p2a: Mew|Mew, shiny|100\/100\n|turn|1\n|\n|t:|1665114872\n|switch|p2a: Crawdaunt|Crawdaunt, M, shiny|100\/100\n|move|p1a: Blacephalon|Shadow Ball|p2a: Crawdaunt\n|-resisted|p2a: Crawdaunt\n|-damage|p2a: Crawdaunt|51\/100\n|\n|upkeep\n|turn|2\n|\n|t:|1665114877\n|switch|p1a: Garchomp|Garchomp, M, shiny|100\/100\n|move|p2a: Crawdaunt|Knock Off|p1a: Garchomp\n|-damage|p1a: Garchomp|4\/100\n|-damage|p2a: Crawdaunt|38\/100|[from] ability: Rough Skin|[of] p1a: Garchomp\n|-enditem|p1a: Garchomp|Lum Berry|[from] move: Knock Off|[of] p2a: Crawdaunt\n|-damage|p2a: Crawdaunt|29\/100|[from] item: Life Orb\n|\n|upkeep\n|turn|3\n|\n|t:|1665114884\n|move|p2a: Crawdaunt|Aqua Jet|p1a: Garchomp\n|-damage|p1a: Garchomp|0 fnt\n|-damage|p2a: Crawdaunt|16\/100|[from] ability: Rough Skin|[of] p1a: Garchomp\n|faint|p1a: Garchomp\n|-damage|p2a: Crawdaunt|6\/100|[from] item: Life Orb\n|\n|upkeep\n|\n|t:|1665114887\n|switch|p1a: Weavile|Weavile, M, shiny|100\/100\n|-ability|p1a: Weavile|Pressure\n|turn|4\n|\n|t:|1665114891\n|switch|p2a: Mew|Mew, shiny|100\/100\n|move|p1a: Weavile|Ice Shard|p2a: Mew\n|-damage|p2a: Mew|76\/100\n|-damage|p1a: Weavile|91\/100|[from] item: Life Orb\n|\n|upkeep\n|turn|5\n|\n|t:|1665114895\n|move|p1a: Weavile|Knock Off|p2a: Mew\n|-supereffective|p2a: Mew\n|-enditem|p2a: Mew|Colbur Berry|[eat]\n|-enditem|p2a: Mew|Colbur Berry|[weaken]\n|-damage|p2a: Mew|16\/100\n|-damage|p1a: Weavile|81\/100|[from] item: Life Orb\n|move|p2a: Mew|Thunder Wave|p1a: Weavile\n|-status|p1a: Weavile|par\n|\n|upkeep\n|turn|6\n|\n|t:|1665114902\n|move|p2a: Mew|Stealth Rock|p1a: Weavile\n|-sidestart|p1: EEEEEvolto|move: Stealth Rock\n|move|p1a: Weavile|Swords Dance|p1a: Weavile\n|-boost|p1a: Weavile|atk|2\n|\n|upkeep\n|turn|7\n|\n|t:|1665114905\n|cant|p1a: Weavile|par\n|move|p2a: Mew|Spikes|p1a: Weavile\n|-sidestart|p1: EEEEEvolto|Spikes\n|\n|upkeep\n|turn|8\n|\n|t:|1665114907\n|move|p2a: Mew|Spikes|p1a: Weavile\n|-sidestart|p1: EEEEEvolto|Spikes\n|cant|p1a: Weavile|par\n|\n|upkeep\n|turn|9\n|\n|t:|1665114911\n|move|p2a: Mew|Taunt|p1a: Weavile\n|-start|p1a: Weavile|move: Taunt\n|cant|p1a: Weavile|move: Taunt|Swords Dance\n|\n|upkeep\n|turn|10\n|\n|t:|1665114912\n|move|p1a: Weavile|Ice Shard|p2a: Mew\n|-damage|p2a: Mew|0 fnt\n|faint|p2a: Mew\n|-damage|p1a: Weavile|71\/100 par|[from] item: Life Orb\n|\n|upkeep\n|\n|t:|1665114924\n|switch|p2a: Crawdaunt|Crawdaunt, M, shiny|6\/100\n|turn|11\n|\n|t:|1665114926\n|move|p2a: Crawdaunt|Aqua Jet|p1a: Weavile\n|-damage|p1a: Weavile|0 fnt\n|faint|p1a: Weavile\n|-damage|p2a: Crawdaunt|0 fnt|[from] item: Life Orb\n|faint|p2a: Crawdaunt\n|\n|upkeep\n|\n|t:|1665114935\n|switch|p1a: Crawdaunt|Crawdaunt, F, shiny|100\/100\n|switch|p2a: Blacephalon|Blacephalon, shiny|100\/100\n|-damage|p1a: Crawdaunt|88\/100|[from] Stealth Rock\n|-damage|p1a: Crawdaunt|72\/100|[from] Spikes\n|turn|12\n|\n|t:|1665114939\n|switch|p2a: Garchomp|Garchomp, F, shiny|100\/100\n|move|p1a: Crawdaunt|Aqua Jet|p2a: Garchomp\n|-damage|p2a: Garchomp|63\/100\n|-damage|p1a: Crawdaunt|59\/100|[from] ability: Rough Skin|[of] p2a: Garchomp\n|-damage|p1a: Crawdaunt|50\/100|[from] item: Life Orb\n|\n|upkeep\n|turn|13\n|\n|t:|1665114944\n|move|p2a: Garchomp|Earthquake|p1a: Crawdaunt\n|-damage|p1a: Crawdaunt|0 fnt\n|faint|p1a: Crawdaunt\n|\n|upkeep\n|\n|t:|1665114947\n|switch|p1a: Celesteela|Celesteela, shiny|100\/100\n|-damage|p1a: Celesteela|88\/100|[from] Stealth Rock\n|turn|14\n|\n|t:|1665114951\n|move|p2a: Garchomp|Fire Fang|p1a: Celesteela\n|-supereffective|p1a: Celesteela\n|-damage|p1a: Celesteela|43\/100\n|move|p1a: Celesteela|Autotomize|p1a: Celesteela\n|-boost|p1a: Celesteela|spe|2\n|-start|p1a: Celesteela|Autotomize\n|\n|upkeep\n|turn|15\n|\n|t:|1665114955\n|move|p1a: Celesteela|Meteor Beam||[still]\n|-prepare|p1a: Celesteela|Meteor Beam\n|-boost|p1a: Celesteela|spa|1\n|-enditem|p1a: Celesteela|Power Herb\n|-anim|p1a: Celesteela|Meteor Beam|p2a: Garchomp\n|-resisted|p2a: Garchomp\n|-damage|p2a: Garchomp|31\/100\n|move|p2a: Garchomp|Fire Fang|p1a: Celesteela\n|-supereffective|p1a: Celesteela\n|-damage|p1a: Celesteela|0 fnt\n|faint|p1a: Celesteela\n|\n|upkeep\n|\n|t:|1665114963\n|switch|p1a: Blacephalon|Blacephalon, shiny|100\/100\n|-damage|p1a: Blacephalon|76\/100|[from] Stealth Rock\n|-damage|p1a: Blacephalon|59\/100|[from] Spikes\n|turn|16\n|\n|t:|1665114965\n|move|p1a: Blacephalon|Shadow Ball|p2a: Garchomp\n|-damage|p2a: Garchomp|0 fnt\n|faint|p2a: Garchomp\n|-ability|p1a: Blacephalon|Beast Boost|boost\n|-boost|p1a: Blacephalon|spa|1\n|\n|upkeep\n|\n|t:|1665114967\n|switch|p2a: Weavile|Weavile, M, shiny|100\/100\n|-ability|p2a: Weavile|Pressure\n|turn|17\n|\n|t:|1665114971\n|move|p1a: Blacephalon|Shadow Ball|p2a: Weavile\n|-resisted|p2a: Weavile\n|-damage|p2a: Weavile|44\/100\n|move|p2a: Weavile|Knock Off|p1a: Blacephalon\n|-supereffective|p1a: Blacephalon\n|-damage|p1a: Blacephalon|0 fnt\n|-enditem|p1a: Blacephalon|Choice Scarf|[from] move: Knock Off|[of] p2a: Weavile\n|faint|p1a: Blacephalon\n|-damage|p2a: Weavile|34\/100|[from] item: Life Orb\n|\n|upkeep\n|-message|EEEEEvolto forfeited.\n|\n|win|Swoley Ghost\n|raw|EEEEEvolto's rating: 1536 &rarr; <strong>1517<\/strong><br \/>(-19 for losing)\n|raw|Swoley Ghost's rating: 1551 &rarr; <strong>1570<\/strong><br \/>(+19 for winning)\n|l|\u2606EEEEEvolto\n||Ladder isn't responding, score probably updated but might not have (Request timeout).\n","uploadtime":1665114978,"views":5,"p1id":"eeeeevolto","p2id":"swoleyghost","formatid":"gen8ou","rating":1517,"private":0,"password":null}