{"id":"gen8bdspou-1660152109","p1":"Cdbruce10","p2":"bizarman","format":"gen8bdspou","log":"|j|\u2606Cdbruce10\n|j|\u2606bizarman\n|t:|1662743463\n|gametype|singles\n|player|p1|Cdbruce10|2|1397\n|player|p2|bizarman|scientist-gen4|1562\n|teamsize|p1|6\n|teamsize|p2|6\n|gen|8\n|tier|[Gen 8 BDSP] OU\n|rated|\n|rule|Sleep Clause Mod: Limit one foe put to sleep\n|rule|Species Clause: Limit one of each Pok\u00e9mon\n|rule|OHKO Clause: OHKO moves are banned\n|rule|Evasion Items Clause: Evasion items are banned\n|rule|Evasion Moves Clause: Evasion moves are banned\n|rule|Endless Battle Clause: Forcing endless battles is banned\n|rule|HP Percentage Mod: HP is shown in percentages\n|clearpoke\n|poke|p1|Sharpedo, F|\n|poke|p1|Poliwrath, M|\n|poke|p1|Azumarill, M|\n|poke|p1|Blastoise, F|\n|poke|p1|Ludicolo, M|\n|poke|p1|Tentacruel, F|\n|poke|p2|Bronzong|\n|poke|p2|Cresselia, F|\n|poke|p2|Crawdaunt, F|\n|poke|p2|Machamp, F|\n|poke|p2|Dusknoir, F|\n|poke|p2|Ursaring, F|\n|teampreview\n|inactive|Battle timer is ON: inactive players will automatically lose when time's up. (requested by Cdbruce10)\n|\n|t:|1662743484\n|start\n|switch|p1a: Sharpedo|Sharpedo, F|100\/100\n|switch|p2a: Bronzong|Bronzong|100\/100\n|turn|1\n|\n|t:|1662743491\n|move|p1a: Sharpedo|Crunch|p2a: Bronzong\n|-supereffective|p2a: Bronzong\n|-damage|p2a: Bronzong|0 fnt\n|faint|p2a: Bronzong\n|-damage|p1a: Sharpedo|91\/100|[from] item: Life Orb\n|\n|-ability|p1a: Sharpedo|Speed Boost|boost\n|-boost|p1a: Sharpedo|spe|1\n|upkeep\n|\n|t:|1662743500\n|switch|p2a: Dusknoir|Dusknoir, F|100\/100\n|-ability|p2a: Dusknoir|Pressure\n|turn|2\n|\n|t:|1662743504\n|move|p1a: Sharpedo|Crunch|p2a: Dusknoir\n|-supereffective|p2a: Dusknoir\n|-damage|p2a: Dusknoir|21\/100\n|-damage|p1a: Sharpedo|81\/100|[from] item: Life Orb\n|move|p2a: Dusknoir|Trick Room|p2a: Dusknoir\n|-fieldstart|move: Trick Room|[of] p2a: Dusknoir\n|\n|-ability|p1a: Sharpedo|Speed Boost|boost\n|-boost|p1a: Sharpedo|spe|1\n|upkeep\n|turn|3\n|\n|t:|1662743512\n|move|p1a: Sharpedo|Protect|p1a: Sharpedo\n|-singleturn|p1a: Sharpedo|Protect\n|move|p2a: Dusknoir|Destiny Bond|p2a: Dusknoir\n|-singlemove|p2a: Dusknoir|Destiny Bond\n|\n|-ability|p1a: Sharpedo|Speed Boost|boost\n|-boost|p1a: Sharpedo|spe|1\n|upkeep\n|turn|4\n|\n|t:|1662743520\n|move|p1a: Sharpedo|Protect|p1a: Sharpedo\n|-singleturn|p1a: Sharpedo|Protect\n|move|p2a: Dusknoir|Memento|p1a: Sharpedo\n|-activate|p1a: Sharpedo|move: Protect\n|\n|-ability|p1a: Sharpedo|Speed Boost|boost\n|-boost|p1a: Sharpedo|spe|1\n|upkeep\n|turn|5\n|\n|t:|1662743538\n|move|p2a: Dusknoir|Memento|p1a: Sharpedo\n|-unboost|p1a: Sharpedo|atk|2\n|-unboost|p1a: Sharpedo|spa|2\n|faint|p2a: Dusknoir\n|move|p1a: Sharpedo|Crunch|p2: Dusknoir|[notarget]\n|-fail|p1a: Sharpedo\n|\n|-ability|p1a: Sharpedo|Speed Boost|boost\n|-boost|p1a: Sharpedo|spe|1\n|upkeep\n|\n|t:|1662743546\n|switch|p2a: Ursaring|Ursaring, F|100\/100\n|turn|6\n|\n|t:|1662743555\n|move|p1a: Sharpedo|Protect|p1a: Sharpedo\n|-singleturn|p1a: Sharpedo|Protect\n|move|p2a: Ursaring|Facade|p1a: Sharpedo\n|-activate|p1a: Sharpedo|move: Protect\n|\n|-fieldend|move: Trick Room\n|-status|p2a: Ursaring|brn|[from] item: Flame Orb\n|-ability|p1a: Sharpedo|Speed Boost|boost\n|-boost|p1a: Sharpedo|spe|1\n|upkeep\n|turn|7\n|\n|t:|1662743564\n|move|p1a: Sharpedo|Crunch|p2a: Ursaring\n|-damage|p2a: Ursaring|66\/100 brn\n|-damage|p1a: Sharpedo|71\/100|[from] item: Life Orb\n|move|p2a: Ursaring|Facade|p1a: Sharpedo\n|-damage|p1a: Sharpedo|0 fnt\n|faint|p1a: Sharpedo\n|\n|-damage|p2a: Ursaring|60\/100 brn|[from] brn\n|upkeep\n|\n|t:|1662743573\n|switch|p1a: Ludicolo|Ludicolo, M|100\/100\n|turn|8\n|\n|t:|1662743578\n|switch|p2a: Cresselia|Cresselia, F|100\/100\n|move|p1a: Ludicolo|Rain Dance|p1a: Ludicolo\n|-weather|RainDance\n|\n|-weather|RainDance|[upkeep]\n|upkeep\n|turn|9\n|\n|t:|1662743586\n|move|p1a: Ludicolo|Scald|p2a: Cresselia\n|-damage|p2a: Cresselia|71\/100\n|move|p2a: Cresselia|Trick Room|p2a: Cresselia\n|-fieldstart|move: Trick Room|[of] p2a: Cresselia\n|\n|-weather|RainDance|[upkeep]\n|upkeep\n|turn|10\n|\n|t:|1662743597\n|switch|p2a: Machamp|Machamp, F|100\/100\n|move|p1a: Ludicolo|Scald|p2a: Machamp\n|-damage|p2a: Machamp|57\/100\n|\n|-weather|RainDance|[upkeep]\n|-status|p2a: Machamp|brn|[from] item: Flame Orb\n|upkeep\n|turn|11\n|\n|t:|1662743608\n|move|p2a: Machamp|Facade|p1a: Ludicolo\n|-damage|p1a: Ludicolo|15\/100\n|move|p1a: Ludicolo|Scald|p2a: Machamp\n|-damage|p2a: Machamp|7\/100 brn\n|\n|-weather|RainDance|[upkeep]\n|-damage|p2a: Machamp|1\/100 brn|[from] brn\n|upkeep\n|turn|12\n|\n|t:|1662743617\n|move|p2a: Machamp|Facade|p1a: Ludicolo\n|-crit|p1a: Ludicolo\n|-damage|p1a: Ludicolo|0 fnt\n|faint|p1a: Ludicolo\n|\n|-weather|RainDance|[upkeep]\n|-damage|p2a: Machamp|0 fnt|[from] brn\n|faint|p2a: Machamp\n|upkeep\n|\n|t:|1662743628\n|switch|p2a: Ursaring|Ursaring, F|60\/100 brn\n|switch|p1a: Poliwrath|Poliwrath, M|100\/100\n|turn|13\n|\n|t:|1662743635\n|move|p2a: Ursaring|Facade|p1a: Poliwrath\n|-damage|p1a: Poliwrath|0 fnt\n|faint|p1a: Poliwrath\n|\n|-weather|RainDance|[upkeep]\n|-damage|p2a: Ursaring|54\/100 brn|[from] brn\n|-fieldend|move: Trick Room\n|upkeep\n|\n|t:|1662743645\n|switch|p1a: Azumarill|Azumarill, M|100\/100\n|turn|14\n|\n|t:|1662743665\n|switch|p2a: Crawdaunt|Crawdaunt, F|100\/100\n|move|p1a: Azumarill|Aqua Jet|p2a: Crawdaunt\n|-resisted|p2a: Crawdaunt\n|-damage|p2a: Crawdaunt|76\/100\n|\n|-weather|RainDance|[upkeep]\n|upkeep\n|turn|15\n|\n|t:|1662743672\n|move|p1a: Azumarill|Belly Drum|p1a: Azumarill\n|-damage|p1a: Azumarill|50\/100\n|-setboost|p1a: Azumarill|atk|6|[from] move: Belly Drum\n|-enditem|p1a: Azumarill|Sitrus Berry|[eat]\n|-heal|p1a: Azumarill|75\/100|[from] item: Sitrus Berry\n|move|p2a: Crawdaunt|Crabhammer|p1a: Azumarill\n|-resisted|p1a: Azumarill\n|-damage|p1a: Azumarill|0 fnt\n|faint|p1a: Azumarill\n|-damage|p2a: Crawdaunt|66\/100|[from] item: Life Orb\n|\n|-weather|none\n|upkeep\n|\n|t:|1662743684\n|switch|p1a: Tentacruel|Tentacruel, F|100\/100\n|turn|16\n|\n|t:|1662743688\n|move|p1a: Tentacruel|Giga Drain|p2a: Crawdaunt\n|-supereffective|p2a: Crawdaunt\n|-damage|p2a: Crawdaunt|2\/100\n|move|p2a: Crawdaunt|Knock Off|p1a: Tentacruel\n|-damage|p1a: Tentacruel|0 fnt\n|-enditem|p1a: Tentacruel|Shuca Berry|[from] move: Knock Off|[of] p2a: Crawdaunt\n|faint|p1a: Tentacruel\n|-damage|p2a: Crawdaunt|0 fnt|[from] item: Life Orb\n|faint|p2a: Crawdaunt\n|\n|upkeep\n|\n|t:|1662743697\n|switch|p1a: Blastoise|Blastoise, F|100\/100\n|switch|p2a: Cresselia|Cresselia, F|71\/100\n|turn|17\n|\n|t:|1662743701\n|move|p1a: Blastoise|Shell Smash|p1a: Blastoise\n|-unboost|p1a: Blastoise|def|1\n|-unboost|p1a: Blastoise|spd|1\n|-boost|p1a: Blastoise|atk|2\n|-boost|p1a: Blastoise|spa|2\n|-boost|p1a: Blastoise|spe|2\n|-enditem|p1a: Blastoise|White Herb\n|-clearnegativeboost|p1a: Blastoise|[silent]\n|move|p2a: Cresselia|Trick Room|p2a: Cresselia\n|-fieldstart|move: Trick Room|[of] p2a: Cresselia\n|\n|upkeep\n|turn|18\n|\n|t:|1662743713\n|move|p2a: Cresselia|Psychic|p1a: Blastoise\n|-damage|p1a: Blastoise|79\/100\n|move|p1a: Blastoise|Dark Pulse|p2a: Cresselia\n|-supereffective|p2a: Cresselia\n|-damage|p2a: Cresselia|15\/100\n|\n|upkeep\n|turn|19\n|inactive|bizarman has 120 seconds left.\n|\n|t:|1662743748\n|move|p2a: Cresselia|Psychic|p1a: Blastoise\n|-damage|p1a: Blastoise|58\/100\n|move|p1a: Blastoise|Aura Sphere|p2a: Cresselia\n|-resisted|p2a: Cresselia\n|-damage|p2a: Cresselia|1\/100\n|\n|upkeep\n|turn|20\n|inactive|bizarman has 120 seconds left.\n|\n|t:|1662743758\n|move|p2a: Cresselia|Psychic|p1a: Blastoise\n|-damage|p1a: Blastoise|34\/100\n|move|p1a: Blastoise|Shell Smash|p1a: Blastoise\n|-unboost|p1a: Blastoise|def|1\n|-unboost|p1a: Blastoise|spd|1\n|-boost|p1a: Blastoise|atk|2\n|-boost|p1a: Blastoise|spa|2\n|-boost|p1a: Blastoise|spe|2\n|\n|upkeep\n|turn|21\n|inactive|bizarman has 120 seconds left.\n|\n|t:|1662743770\n|move|p2a: Cresselia|Psychic|p1a: Blastoise\n|-damage|p1a: Blastoise|0 fnt\n|faint|p1a: Blastoise\n|\n|win|bizarman\n|raw|Cdbruce10's rating: 1397 &rarr; <strong>1386<\/strong><br \/>(-11 for losing)\n|raw|bizarman's rating: 1562 &rarr; <strong>1573<\/strong><br \/>(+11 for winning)\n|c|\u2606bizarman|gg\n|c|\u2606Cdbruce10|gg\n|l|\u2606bizarman\n|l|\u2606Cdbruce10\n||Ladder isn't responding, score probably updated but might not have (Request timeout).\n","uploadtime":1662744063,"views":4,"p1id":"cdbruce10","p2id":"bizarman","formatid":"gen8bdspou","rating":1386,"private":0,"password":null}