{"id":"gen8ou-1249260142","p1":"Burnt Bright","p2":"greystaple","format":"gen8ou","log":"|j|\u2606Burnt Bright\n|j|\u2606greystaple\n|t:|1608760375\n|player|p1|Burnt Bright|parasollady-gen4|1556\n|player|p2|greystaple|lucas-gen4pt|1454\n|teamsize|p1|6\n|teamsize|p2|6\n|gametype|singles\n|gen|8\n|tier|[Gen 8] OU\n|rated|\n|clearpoke\n|poke|p1|Garchomp, F|\n|poke|p1|Moltres|\n|poke|p1|Melmetal|\n|poke|p1|Zapdos-Galar|\n|poke|p1|Slowking-Galar, F|\n|poke|p1|Mandibuzz, F|\n|poke|p2|Barraskewda, M|\n|poke|p2|Volcarona, M|\n|poke|p2|Zapdos|\n|poke|p2|Swampert, M|\n|poke|p2|Clefable, M|\n|poke|p2|Slowbro, M|\n|rule|Sleep Clause Mod: Limit one foe put to sleep\n|rule|Species Clause: Limit one of each Pok\u00e9mon\n|rule|OHKO Clause: OHKO moves are banned\n|rule|Evasion Moves Clause: Evasion moves are banned\n|rule|Endless Battle Clause: Forcing endless battles is banned\n|rule|HP Percentage Mod: HP is shown in percentages\n|rule|Dynamax Clause: You cannot dynamax\n|teampreview\n|\n|t:|1608760398\n|start\n|switch|p1a: Mandibuzz|Mandibuzz, F|100\/100\n|switch|p2a: Swampert|Swampert, M|100\/100\n|turn|1\n|\n|t:|1608760402\n|move|p1a: Mandibuzz|Knock Off|p2a: Swampert\n|-damage|p2a: Swampert|77\/100\n|-enditem|p2a: Swampert|Leftovers|[from] move: Knock Off|[of] p1a: Mandibuzz\n|move|p2a: Swampert|Toxic|p1a: Mandibuzz\n|-status|p1a: Mandibuzz|tox\n|\n|-damage|p1a: Mandibuzz|94\/100 tox|[from] psn\n|upkeep\n|turn|2\n|\n|t:|1608760406\n|move|p1a: Mandibuzz|Toxic|p2a: Swampert\n|-status|p2a: Swampert|tox\n|move|p2a: Swampert|Stealth Rock|p1a: Mandibuzz\n|-sidestart|p1: Burnt Bright|move: Stealth Rock\n|\n|-damage|p1a: Mandibuzz|82\/100 tox|[from] psn\n|-damage|p2a: Swampert|71\/100 tox|[from] psn\n|upkeep\n|turn|3\n|\n|t:|1608760412\n|move|p1a: Mandibuzz|Foul Play|p2a: Swampert\n|-damage|p2a: Swampert|39\/100 tox\n|move|p2a: Swampert|Flip Turn|p1a: Mandibuzz\n|-crit|p1a: Mandibuzz\n|-damage|p1a: Mandibuzz|61\/100 tox\n|\n|t:|1608760428\n|switch|p2a: Barraskewda|Barraskewda, M|100\/100|[from]move: Flip Turn\n|\n|-damage|p1a: Mandibuzz|42\/100 tox|[from] psn\n|upkeep\n|turn|4\n|\n|t:|1608760434\n|move|p2a: Barraskewda|Liquidation|p1a: Mandibuzz\n|-crit|p1a: Mandibuzz\n|-damage|p1a: Mandibuzz|3\/100 tox\n|move|p1a: Mandibuzz|Knock Off|p2a: Barraskewda\n|-damage|p2a: Barraskewda|53\/100\n|-enditem|p2a: Barraskewda|Choice Scarf|[from] move: Knock Off|[of] p1a: Mandibuzz\n|\n|-damage|p1a: Mandibuzz|0 fnt|[from] psn\n|faint|p1a: Mandibuzz\n|upkeep\n|\n|t:|1608760452\n|switch|p1a: Garchomp|Garchomp, F|100\/100\n|-damage|p1a: Garchomp|94\/100|[from] Stealth Rock\n|turn|5\n|\n|t:|1608760459\n|move|p2a: Barraskewda|Liquidation|p1a: Garchomp\n|-damage|p1a: Garchomp|50\/100\n|-unboost|p1a: Garchomp|def|1\n|-damage|p2a: Barraskewda|41\/100|[from] ability: Rough Skin|[of] p1a: Garchomp\n|move|p1a: Garchomp|Stealth Rock|p2a: Barraskewda\n|-sidestart|p2: greystaple|move: Stealth Rock\n|\n|upkeep\n|turn|6\n|\n|t:|1608760469\n|switch|p1a: Melmetal|Melmetal|100\/100\n|-damage|p1a: Melmetal|94\/100|[from] Stealth Rock\n|move|p2a: Barraskewda|Liquidation|p1a: Melmetal\n|-damage|p1a: Melmetal|73\/100\n|-unboost|p1a: Melmetal|def|1\n|\n|upkeep\n|turn|7\n|\n|t:|1608760477\n|move|p2a: Barraskewda|Close Combat|p1a: Melmetal\n|-supereffective|p1a: Melmetal\n|-damage|p1a: Melmetal|5\/100\n|-unboost|p2a: Barraskewda|def|1\n|-unboost|p2a: Barraskewda|spd|1\n|move|p1a: Melmetal|Double Iron Bash|p2a: Barraskewda\n|-resisted|p2a: Barraskewda\n|-damage|p2a: Barraskewda|0 fnt\n|-hitcount|p2a: Barraskewda|1\n|faint|p2a: Barraskewda\n|\n|upkeep\n|\n|t:|1608760496\n|switch|p2a: Zapdos|Zapdos|100\/100\n|turn|8\n|\n|t:|1608760506\n|move|p2a: Zapdos|Discharge|p1a: Melmetal\n|-damage|p1a: Melmetal|0 fnt\n|faint|p1a: Melmetal\n|\n|upkeep\n|\n|t:|1608760510\n|switch|p1a: Slowking|Slowking-Galar, F|100\/100\n|-damage|p1a: Slowking|88\/100|[from] Stealth Rock\n|turn|9\n|\n|t:|1608760545\n|move|p2a: Zapdos|Discharge|p1a: Slowking\n|-damage|p1a: Slowking|73\/100\n|-status|p1a: Slowking|par\n|move|p1a: Slowking|Future Sight|p2a: Zapdos\n|-start|p1a: Slowking|move: Future Sight\n|\n|upkeep\n|turn|10\n|\n|t:|1608760557\n|switch|p2a: Swampert|Swampert, M|39\/100 tox\n|-damage|p2a: Swampert|33\/100 tox|[from] Stealth Rock\n|move|p1a: Slowking|Sludge Bomb|p2a: Swampert\n|-resisted|p2a: Swampert\n|-damage|p2a: Swampert|19\/100 tox\n|\n|-damage|p2a: Swampert|13\/100 tox|[from] psn\n|upkeep\n|turn|11\n|\n|t:|1608760567\n|switch|p1a: Moltres|Moltres|100\/100\n|move|p2a: Swampert|Flip Turn|p1a: Moltres\n|-supereffective|p1a: Moltres\n|-damage|p1a: Moltres|66\/100\n|\n|t:|1608760574\n|switch|p2a: Slowbro|Slowbro, M|100\/100|[from]move: Flip Turn\n|-damage|p2a: Slowbro|88\/100|[from] Stealth Rock\n|\n|-end|p2a: Slowbro|move: Future Sight\n|-resisted|p2a: Slowbro\n|-damage|p2a: Slowbro|71\/100\n|upkeep\n|turn|12\n|\n|t:|1608760584\n|move|p1a: Moltres|Defog|p2a: Slowbro\n|-unboost|p2a: Slowbro|evasion|1\n|-sideend|p2: greystaple|Stealth Rock|[from] move: Defog|[of] p1a: Moltres\n|-sideend|p1: Burnt Bright|Stealth Rock|[from] move: Defog|[of] p1a: Moltres\n|move|p2a: Slowbro|Scald|p1a: Moltres\n|-supereffective|p1a: Moltres\n|-damage|p1a: Moltres|6\/100\n|\n|upkeep\n|turn|13\n|\n|t:|1608760592\n|move|p1a: Moltres|Scorching Sands|p2a: Slowbro\n|-damage|p2a: Slowbro|56\/100\n|-status|p2a: Slowbro|brn\n|move|p2a: Slowbro|Scald|p1a: Moltres\n|-supereffective|p1a: Moltres\n|-damage|p1a: Moltres|0 fnt\n|faint|p1a: Moltres\n|\n|-damage|p2a: Slowbro|50\/100 brn|[from] brn\n|upkeep\n|\n|t:|1608760605\n|switch|p1a: Slowking|Slowking-Galar, F|100\/100 par\n|turn|14\n|\n|t:|1608760613\n|move|p2a: Slowbro|Future Sight|p1a: Slowking\n|-start|p2a: Slowbro|move: Future Sight\n|move|p1a: Slowking|Future Sight|p2a: Slowbro\n|-start|p1a: Slowking|move: Future Sight\n|\n|-damage|p2a: Slowbro|44\/100 brn|[from] brn\n|upkeep\n|turn|15\n|\n|t:|1608760621\n|switch|p2a: Swampert|Swampert, M|13\/100 tox\n|switch|p1a: Garchomp|Garchomp, F|50\/100\n|\n|-damage|p2a: Swampert|7\/100 tox|[from] psn\n|upkeep\n|turn|16\n|\n|t:|1608760633\n|switch|p1a: Slowking|Slowking-Galar, F|100\/100 par\n|move|p2a: Swampert|Flip Turn|p1a: Slowking\n|-damage|p1a: Slowking|79\/100 par\n|\n|t:|1608760638\n|switch|p2a: Slowbro|Slowbro, M|77\/100 brn|[from]move: Flip Turn\n|\n|-end|p1a: Slowking|move: Future Sight\n|-damage|p1a: Slowking|61\/100 par\n|-end|p2a: Slowbro|move: Future Sight\n|-resisted|p2a: Slowbro\n|-damage|p2a: Slowbro|58\/100 brn\n|-damage|p2a: Slowbro|52\/100 brn|[from] brn\n|upkeep\n|turn|17\n|\n|t:|1608760647\n|move|p2a: Slowbro|Future Sight|p1a: Slowking\n|-start|p2a: Slowbro|move: Future Sight\n|cant|p1a: Slowking|par\n|\n|-damage|p2a: Slowbro|45\/100 brn|[from] brn\n|upkeep\n|turn|18\n|\n|t:|1608760657\n|move|p2a: Slowbro|Scald|p1a: Slowking\n|-damage|p1a: Slowking|50\/100 par\n|move|p1a: Slowking|Future Sight|p2a: Slowbro\n|-start|p1a: Slowking|move: Future Sight\n|\n|-damage|p2a: Slowbro|39\/100 brn|[from] brn\n|upkeep\n|turn|19\n|\n|t:|1608760664\n|switch|p2a: Swampert|Swampert, M|7\/100 tox\n|cant|p1a: Slowking|par\n|\n|-end|p1a: Slowking|move: Future Sight\n|-damage|p1a: Slowking|29\/100 par\n|-damage|p2a: Swampert|1\/100 tox|[from] psn\n|upkeep\n|turn|20\n|\n|t:|1608760673\n|move|p2a: Swampert|Flip Turn|p1a: Slowking\n|-damage|p1a: Slowking|6\/100 par\n|\n|t:|1608760678\n|switch|p2a: Slowbro|Slowbro, M|73\/100 brn|[from]move: Flip Turn\n|move|p1a: Slowking|Scald|p2a: Slowbro\n|-resisted|p2a: Slowbro\n|-damage|p2a: Slowbro|64\/100 brn\n|\n|-end|p2a: Slowbro|move: Future Sight\n|-resisted|p2a: Slowbro\n|-damage|p2a: Slowbro|46\/100 brn\n|-damage|p2a: Slowbro|40\/100 brn|[from] brn\n|upkeep\n|turn|21\n|\n|t:|1608760687\n|switch|p1a: Zapdos|Zapdos-Galar|100\/100\n|move|p2a: Slowbro|Scald|p1a: Zapdos\n|-damage|p1a: Zapdos|67\/100\n|-status|p1a: Zapdos|brn\n|\n|-heal|p1a: Zapdos|74\/100 brn|[from] item: Leftovers\n|-damage|p1a: Zapdos|67\/100 brn|[from] brn\n|-damage|p2a: Slowbro|34\/100 brn|[from] brn\n|upkeep\n|turn|22\n|\n|t:|1608760697\n|switch|p1a: Garchomp|Garchomp, F|50\/100\n|switch|p2a: Zapdos|Zapdos|100\/100\n|\n|upkeep\n|turn|23\n|\n|t:|1608760704\n|move|p1a: Garchomp|Swords Dance|p1a: Garchomp\n|-boost|p1a: Garchomp|atk|2\n|move|p2a: Zapdos|Heat Wave|p1a: Garchomp\n|-resisted|p1a: Garchomp\n|-damage|p1a: Garchomp|36\/100\n|\n|upkeep\n|turn|24\n|\n|t:|1608760713\n|switch|p2a: Swampert|Swampert, M|1\/100 tox\n|move|p1a: Garchomp|Swords Dance|p1a: Garchomp\n|-boost|p1a: Garchomp|atk|2\n|\n|-damage|p2a: Swampert|0 fnt|[from] psn\n|faint|p2a: Swampert\n|upkeep\n|\n|t:|1608760717\n|switch|p2a: Clefable|Clefable, M|100\/100\n|turn|25\n|\n|t:|1608760720\n|move|p1a: Garchomp|Earthquake|p2a: Clefable\n|-damage|p2a: Clefable|0 fnt\n|-damage|p1a: Garchomp|26\/100|[from] item: Life Orb\n|faint|p2a: Clefable\n|\n|upkeep\n|\n|t:|1608760726\n|switch|p2a: Zapdos|Zapdos|100\/100\n|turn|26\n|\n|t:|1608760729\n|move|p1a: Garchomp|Scale Shot|p2a: Zapdos\n|-damage|p2a: Zapdos|58\/100\n|-damage|p2a: Zapdos|20\/100\n|-hitcount|p2a: Zapdos|2\n|-unboost|p1a: Garchomp|def|1\n|-boost|p1a: Garchomp|spe|1\n|-damage|p1a: Garchomp|16\/100|[from] item: Life Orb\n|move|p2a: Zapdos|Heat Wave|p1a: Garchomp\n|-resisted|p1a: Garchomp\n|-damage|p1a: Garchomp|1\/100\n|\n|upkeep\n|turn|27\n|\n|t:|1608760738\n|switch|p2a: Slowbro|Slowbro, M|68\/100 brn\n|move|p1a: Garchomp|Scale Shot|p2a: Slowbro\n|-damage|p2a: Slowbro|38\/100 brn\n|-damage|p2a: Slowbro|9\/100 brn\n|-damage|p2a: Slowbro|0 fnt\n|-hitcount|p2a: Slowbro|3\n|-unboost|p1a: Garchomp|def|1\n|-boost|p1a: Garchomp|spe|1\n|-damage|p1a: Garchomp|0 fnt|[from] item: Life Orb\n|faint|p2a: Slowbro\n|faint|p1a: Garchomp\n|\n|upkeep\n|\n|t:|1608760744\n|switch|p1a: Slowking|Slowking-Galar, F|39\/100 par\n|switch|p2a: Zapdos|Zapdos|20\/100\n|turn|28\n|\n|t:|1608760748\n|move|p2a: Zapdos|Roost|p2a: Zapdos\n|-heal|p2a: Zapdos|70\/100\n|-singleturn|p2a: Zapdos|move: Roost\n|move|p1a: Slowking|Sludge Bomb|p2a: Zapdos\n|-damage|p2a: Zapdos|31\/100\n|\n|upkeep\n|turn|29\n|\n|t:|1608760751\n|move|p2a: Zapdos|Roost|p2a: Zapdos\n|-heal|p2a: Zapdos|81\/100\n|-singleturn|p2a: Zapdos|move: Roost\n|cant|p1a: Slowking|par\n|\n|upkeep\n|turn|30\n|\n|t:|1608760755\n|switch|p2a: Volcarona|Volcarona, M|100\/100\n|move|p1a: Slowking|Sludge Bomb|p2a: Volcarona\n|-damage|p2a: Volcarona|65\/100\n|\n|upkeep\n|turn|31\n|\n|t:|1608760761\n|switch|p1a: Zapdos|Zapdos-Galar|67\/100 brn\n|move|p2a: Volcarona|Flamethrower|p1a: Zapdos\n|-damage|p1a: Zapdos|19\/100 brn\n|\n|-heal|p1a: Zapdos|25\/100 brn|[from] item: Leftovers\n|-damage|p1a: Zapdos|19\/100 brn|[from] brn\n|upkeep\n|turn|32\n|\n|t:|1608760764\n|move|p2a: Volcarona|Flamethrower|p1a: Zapdos\n|-damage|p1a: Zapdos|0 fnt\n|faint|p1a: Zapdos\n|\n|upkeep\n|\n|t:|1608760766\n|switch|p1a: Slowking|Slowking-Galar, F|72\/100 par\n|turn|33\n|\n|t:|1608760770\n|move|p2a: Volcarona|Flamethrower|p1a: Slowking\n|-damage|p1a: Slowking|53\/100 par\n|cant|p1a: Slowking|par\n|\n|upkeep\n|turn|34\n|-message|Burnt Bright forfeited.\n|\n|win|greystaple\n|l|\u2606Burnt Bright\n","uploadtime":1608760777,"views":14,"p1id":"burntbright","p2id":"greystaple","formatid":"gen8ou","rating":0,"private":0,"password":null}