{"id":"gen8monotype-1555129185","p1":"Allelaja","p2":"Calculeador","format":"gen8monotype","log":"|j|\u2606Allelaja\n|j|\u2606Calculeador\n|t:|1650170392\n|gametype|singles\n|player|p1|Allelaja|2|1502\n|player|p2|Calculeador|gambler|1369\n|teamsize|p1|6\n|teamsize|p2|6\n|gen|8\n|tier|[Gen 8] Monotype\n|rated|\n|rule|Same Type Clause: Pok\u00e9mon in a team must share a type\n|rule|Sleep Clause Mod: Limit one foe put to sleep\n|rule|Species Clause: Limit one of each Pok\u00e9mon\n|rule|OHKO Clause: OHKO moves are banned\n|rule|Evasion Moves Clause: Evasion moves are banned\n|rule|Endless Battle Clause: Forcing endless battles is banned\n|rule|HP Percentage Mod: HP is shown in percentages\n|rule|Dynamax Clause: You cannot dynamax\n|clearpoke\n|poke|p1|Torkoal, M|\n|poke|p1|Cinderace, F|\n|poke|p1|Volcarona, F|\n|poke|p1|Heatran, M|\n|poke|p1|Victini|\n|poke|p1|Blacephalon|\n|poke|p2|Chansey, F|\n|poke|p2|Ditto|\n|poke|p2|Miltank, F|\n|poke|p2|Persian, F|\n|poke|p2|Porygon-Z|\n|poke|p2|Bewear, M|\n|teampreview\n|inactive|Battle timer is ON: inactive players will automatically lose when time's up. (requested by Allelaja)\n|\n|t:|1650170408\n|start\n|switch|p1a: Cinderace|Cinderace, F|100\/100\n|switch|p2a: Porygon-Z|Porygon-Z|100\/100\n|turn|1\n|\n|t:|1650170414\n|switch|p1a: Heatran|Heatran, M|100\/100\n|-item|p1a: Heatran|Air Balloon\n|move|p2a: Porygon-Z|Tri Attack|p1a: Heatran\n|-resisted|p1a: Heatran\n|-damage|p1a: Heatran|74\/100\n|-status|p1a: Heatran|frz\n|-enditem|p1a: Heatran|Air Balloon\n|\n|upkeep\n|turn|2\n|\n|t:|1650170422\n|move|p2a: Porygon-Z|Nasty Plot|p2a: Porygon-Z\n|-boost|p2a: Porygon-Z|spa|2\n|cant|p1a: Heatran|frz\n|\n|upkeep\n|turn|3\n|\n|t:|1650170426\n|move|p2a: Porygon-Z|Nasty Plot|p2a: Porygon-Z\n|-boost|p2a: Porygon-Z|spa|2\n|cant|p1a: Heatran|frz\n|\n|upkeep\n|turn|4\n|\n|t:|1650170430\n|move|p2a: Porygon-Z|Agility|p2a: Porygon-Z\n|-boost|p2a: Porygon-Z|spe|2\n|cant|p1a: Heatran|frz\n|\n|upkeep\n|turn|5\n|c|\u2606Allelaja|Lol\n|c|\u2606Allelaja|Gg\n|\n|t:|1650170438\n|move|p2a: Porygon-Z|Tri Attack|p1a: Heatran\n|-resisted|p1a: Heatran\n|-damage|p1a: Heatran|0 fnt\n|faint|p1a: Heatran\n|\n|upkeep\n|c|\u2606Calculeador|HAHAHAHAHAHAH\n|\n|t:|1650170444\n|switch|p1a: Blacephalon|Blacephalon|100\/100\n|turn|6\n|\n|t:|1650170449\n|move|p2a: Porygon-Z|Shadow Ball|p1a: Blacephalon\n|-supereffective|p1a: Blacephalon\n|-damage|p1a: Blacephalon|0 fnt\n|faint|p1a: Blacephalon\n|\n|upkeep\n|\n|t:|1650170452\n|switch|p1a: Cinderace|Cinderace, F|100\/100\n|turn|7\n|\n|t:|1650170456\n|move|p1a: Cinderace|Sucker Punch|p2a: Porygon-Z\n|-start|p1a: Cinderace|typechange|Dark|[from] ability: Libero\n|-damage|p2a: Porygon-Z|50\/100\n|move|p2a: Porygon-Z|Tri Attack|p1a: Cinderace\n|-crit|p1a: Cinderace\n|-damage|p1a: Cinderace|0 fnt\n|faint|p1a: Cinderace\n|\n|upkeep\n|\n|t:|1650170463\n|switch|p1a: Torkoal|Torkoal, M|100\/100\n|-weather|SunnyDay|[from] ability: Drought|[of] p1a: Torkoal\n|turn|8\n|\n|t:|1650170467\n|move|p2a: Porygon-Z|Tri Attack|p1a: Torkoal\n|-damage|p1a: Torkoal|0 fnt\n|faint|p1a: Torkoal\n|\n|-weather|SunnyDay|[upkeep]\n|upkeep\n|\n|t:|1650170471\n|switch|p1a: Volcarona|Volcarona, F|100\/100\n|turn|9\n|\n|t:|1650170474\n|move|p2a: Porygon-Z|Tri Attack|p1a: Volcarona\n|-damage|p1a: Volcarona|0 fnt\n|faint|p1a: Volcarona\n|\n|-weather|SunnyDay|[upkeep]\n|upkeep\n|\n|t:|1650170476\n|switch|p1a: Victini|Victini|100\/100\n|turn|10\n|c|\u2606Calculeador|gg\n|\n|t:|1650170480\n|move|p2a: Porygon-Z|Tri Attack|p1a: Victini\n|-damage|p1a: Victini|0 fnt\n|faint|p1a: Victini\n|\n|win|Calculeador\n|raw|Allelaja's rating: 1502 &rarr; <strong>1475<\/strong><br \/>(-27 for losing)\n|raw|Calculeador's rating: 1369 &rarr; <strong>1396<\/strong><br \/>(+27 for winning)\n|l|\u2606Allelaja\n","uploadtime":1650170488,"views":6,"p1id":"allelaja","p2id":"calculeador","formatid":"gen8monotype","rating":1396,"private":0,"password":null}