{"id":"gen8ou-1518053612","p1":"Infernoss","p2":"galactest bro !","format":"gen8ou","log":"|j|\u2606Infernoss\n|j|\u2606galactest bro !\n|t:|1645730365\n|gametype|singles\n|player|p1|Infernoss|chili|1608\n|player|p2|galactest bro !|sage|1628\n|teamsize|p1|6\n|teamsize|p2|6\n|gen|8\n|tier|[Gen 8] OU\n|rated|\n|rule|Sleep Clause Mod: Limit one foe put to sleep\n|rule|Species Clause: Limit one of each Pok\u00e9mon\n|rule|OHKO Clause: OHKO moves are banned\n|rule|Evasion Moves Clause: Evasion moves are banned\n|rule|Endless Battle Clause: Forcing endless battles is banned\n|rule|HP Percentage Mod: HP is shown in percentages\n|rule|Dynamax Clause: You cannot dynamax\n|clearpoke\n|poke|p1|Slowbro, F|\n|poke|p1|Hatterene, F|\n|poke|p1|Marowak-Alola, M|\n|poke|p1|Ferrothorn, F|\n|poke|p1|Garchomp, F|\n|poke|p1|Drampa, F|\n|poke|p2|Aegislash, M|\n|poke|p2|Clefable, M|\n|poke|p2|Blissey, F|\n|poke|p2|Slowbro, F|\n|poke|p2|Nidoking, M|\n|poke|p2|Zapdos|\n|teampreview\n|inactive|Battle timer is ON: inactive players will automatically lose when time's up. (requested by Infernoss)\n|\n|t:|1645730373\n|start\n|switch|p1a: Sharpo|Garchomp, F|100\/100\n|switch|p2a: Aegislash|Aegislash, M|100\/100\n|turn|1\n|\n|t:|1645730379\n|switch|p2a: Slowbro|Slowbro, F|100\/100\n|move|p1a: Sharpo|Earthquake|p2a: Slowbro\n|-damage|p2a: Slowbro|72\/100\n|\n|upkeep\n|turn|2\n|\n|t:|1645730385\n|move|p1a: Sharpo|Earthquake|p2a: Slowbro\n|-damage|p2a: Slowbro|41\/100\n|move|p2a: Slowbro|Ice Beam|p1a: Sharpo\n|-supereffective|p1a: Sharpo\n|-damage|p1a: Sharpo|10\/100\n|\n|-heal|p1a: Sharpo|16\/100|[from] item: Leftovers\n|upkeep\n|turn|3\n|\n|t:|1645730394\n|switch|p1a: Thorns|Ferrothorn, F|100\/100\n|move|p2a: Slowbro|Slack Off|p2a: Slowbro\n|-heal|p2a: Slowbro|91\/100\n|\n|upkeep\n|turn|4\n|\n|t:|1645730401\n|move|p1a: Thorns|Leech Seed|p2a: Slowbro\n|-start|p2a: Slowbro|move: Leech Seed\n|move|p2a: Slowbro|Teleport|p2a: Slowbro\n|\n|t:|1645730405\n|switch|p2a: Nidoking|Nidoking, M|100\/100|[from]move: Teleport\n|\n|upkeep\n|turn|5\n|\n|t:|1645730411\n|move|p2a: Nidoking|Flamethrower|p1a: Thorns\n|-supereffective|p1a: Thorns\n|-damage|p1a: Thorns|0 fnt\n|faint|p1a: Thorns\n|\n|upkeep\n|\n|t:|1645730416\n|switch|p1a: Sharpo|Garchomp, F|16\/100\n|turn|6\n|\n|t:|1645730421\n|switch|p1a: Sonso|Slowbro, F|100\/100\n|switch|p2a: Slowbro|Slowbro, F|100\/100\n|\n|upkeep\n|turn|7\n|\n|t:|1645730427\n|move|p2a: Slowbro|Teleport|p2a: Slowbro\n|\n|t:|1645730429\n|switch|p2a: Aegislash|Aegislash, M|100\/100|[from]move: Teleport\n|move|p1a: Sonso|Trick Room|p1a: Sonso\n|-fieldstart|move: Trick Room|[of] p1a: Sonso\n|\n|upkeep\n|turn|8\n|\n|t:|1645730435\n|switch|p1a: Falko|Drampa, F|100\/100\n|-formechange|p2a: Aegislash|Aegislash-Blade||[from] ability: Stance Change\n|move|p2a: Aegislash|Shadow Ball|p1a: Falko\n|-immune|p1a: Falko\n|\n|upkeep\n|turn|9\n|\n|t:|1645730442\n|switch|p2a: Blissey|Blissey, F|100\/100\n|move|p1a: Falko|Thunderbolt|p2a: Blissey\n|-damage|p2a: Blissey|83\/100\n|-status|p2a: Blissey|par\n|-damage|p1a: Falko|91\/100|[from] item: Life Orb\n|\n|upkeep\n|turn|10\n|\n|t:|1645730450\n|switch|p1a: Billy B.|Marowak-Alola, M|100\/100\n|move|p2a: Blissey|Toxic|p1a: Billy B.\n|-status|p1a: Billy B.|tox\n|\n|-damage|p1a: Billy B.|94\/100 tox|[from] psn\n|upkeep\n|turn|11\n|\n|t:|1645730464\n|move|p2a: Blissey|Soft-Boiled|p2a: Blissey\n|-heal|p2a: Blissey|100\/100 par\n|move|p1a: Billy B.|Flare Blitz|p2a: Blissey\n|-damage|p2a: Blissey|20\/100 par\n|\n|-damage|p1a: Billy B.|82\/100 tox|[from] psn\n|-fieldend|move: Trick Room\n|upkeep\n|turn|12\n|\n|t:|1645730475\n|-curestatus|p2a: Blissey|par|[from] ability: Natural Cure\n|switch|p2a: Zapdos|Zapdos|100\/100\n|move|p1a: Billy B.|Flare Blitz|p2a: Zapdos\n|-damage|p2a: Zapdos|35\/100\n|\n|-damage|p1a: Billy B.|63\/100 tox|[from] psn\n|upkeep\n|turn|13\n|\n|t:|1645730486\n|switch|p1a: Hatterene|Hatterene, F|100\/100\n|move|p2a: Zapdos|Roost|p2a: Zapdos\n|-heal|p2a: Zapdos|85\/100\n|-singleturn|p2a: Zapdos|move: Roost\n|\n|upkeep\n|turn|14\n|\n|t:|1645730492\n|move|p2a: Zapdos|Volt Switch|p1a: Hatterene\n|-damage|p1a: Hatterene|76\/100\n|\n|t:|1645730506\n|switch|p2a: Blissey|Blissey, F|20\/100|[from]move: Volt Switch\n|move|p1a: Hatterene|Trick Room|p1a: Hatterene\n|-fieldstart|move: Trick Room|[of] p1a: Hatterene\n|\n|upkeep\n|turn|15\n|\n|t:|1645730512\n|switch|p1a: Billy B.|Marowak-Alola, M|63\/100 tox\n|move|p2a: Blissey|Soft-Boiled|p2a: Blissey\n|-heal|p2a: Blissey|70\/100\n|\n|-damage|p1a: Billy B.|57\/100 tox|[from] psn\n|upkeep\n|turn|16\n|\n|t:|1645730519\n|switch|p2a: Slowbro|Slowbro, F|100\/100\n|move|p1a: Billy B.|Poltergeist|p2a: Slowbro\n|-activate|p2a: Slowbro|move: Poltergeist|Colbur Berry\n|-supereffective|p2a: Slowbro\n|-damage|p2a: Slowbro|0 fnt\n|faint|p2a: Slowbro\n|\n|-damage|p1a: Billy B.|45\/100 tox|[from] psn\n|upkeep\n|\n|t:|1645730529\n|switch|p2a: Aegislash|Aegislash, M|100\/100\n|turn|17\n|\n|t:|1645730539\n|-formechange|p2a: Aegislash|Aegislash-Blade||[from] ability: Stance Change\n|move|p2a: Aegislash|Shadow Sneak|p1a: Billy B.\n|-supereffective|p1a: Billy B.\n|-damage|p1a: Billy B.|0 fnt\n|faint|p1a: Billy B.\n|\n|upkeep\n|\n|t:|1645730553\n|switch|p1a: Hatterene|Hatterene, F|76\/100\n|turn|18\n|\n|t:|1645730567\n|switch|p2a: Clefable|Clefable, M, shiny|100\/100\n|move|p1a: Hatterene|Mystical Fire|p2a: Clefable\n|-damage|p2a: Clefable|78\/100\n|-unboost|p2a: Clefable|spa|1\n|\n|-fieldend|move: Trick Room\n|upkeep\n|turn|19\n|\n|t:|1645730575\n|move|p2a: Clefable|Trick|p1a: Hatterene\n|-activate|p2a: Clefable|move: Trick|[of] p1a: Hatterene\n|-item|p1a: Hatterene|Sticky Barb|[from] move: Trick\n|-item|p2a: Clefable|Kasib Berry|[from] move: Trick\n|move|p1a: Hatterene|Mystical Fire|p2a: Clefable\n|-damage|p2a: Clefable|56\/100\n|-unboost|p2a: Clefable|spa|1\n|\n|-damage|p1a: Hatterene|64\/100|[from] item: Sticky Barb\n|upkeep\n|turn|20\n|\n|t:|1645730584\n|move|p2a: Clefable|Soft-Boiled|p2a: Clefable\n|-heal|p2a: Clefable|100\/100\n|move|p1a: Hatterene|Healing Wish|p1a: Hatterene\n|faint|p1a: Hatterene\n|\n|upkeep\n|\n|t:|1645730589\n|switch|p1a: Sharpo|Garchomp, F|16\/100\n|-heal|p1a: Sharpo|100\/100|[from] move: Healing Wish\n|turn|21\n|\n|t:|1645730595\n|move|p1a: Sharpo|Swords Dance|p1a: Sharpo\n|-boost|p1a: Sharpo|atk|2\n|move|p2a: Clefable|Moonblast|p1a: Sharpo\n|-supereffective|p1a: Sharpo\n|-damage|p1a: Sharpo|68\/100\n|-unboost|p1a: Sharpo|spa|1\n|\n|-heal|p1a: Sharpo|74\/100|[from] item: Leftovers\n|upkeep\n|turn|22\n|\n|t:|1645730605\n|move|p1a: Sharpo|Swords Dance|p1a: Sharpo\n|-boost|p1a: Sharpo|atk|2\n|move|p2a: Clefable|Moonblast|p1a: Sharpo\n|-supereffective|p1a: Sharpo\n|-damage|p1a: Sharpo|42\/100\n|\n|-heal|p1a: Sharpo|48\/100|[from] item: Leftovers\n|upkeep\n|turn|23\n|\n|t:|1645730613\n|move|p1a: Sharpo|Earthquake|p2a: Clefable\n|-damage|p2a: Clefable|0 fnt\n|faint|p2a: Clefable\n|\n|-heal|p1a: Sharpo|55\/100|[from] item: Leftovers\n|upkeep\n|\n|t:|1645730621\n|switch|p2a: Blissey|Blissey, F|70\/100\n|turn|24\n|\n|t:|1645730624\n|move|p1a: Sharpo|Earthquake|p2a: Blissey\n|-damage|p2a: Blissey|0 fnt\n|faint|p2a: Blissey\n|\n|-heal|p1a: Sharpo|61\/100|[from] item: Leftovers\n|upkeep\n|-message|galactest bro ! forfeited.\n|\n|win|Infernoss\n|raw|Infernoss's rating: 1608 &rarr; <strong>1629<\/strong><br \/>(+21 for winning)\n|raw|galactest bro !'s rating: 1628 &rarr; <strong>1607<\/strong><br \/>(-21 for losing)\n|l|\u2606galactest bro !\n||Ladder isn't responding, score probably updated but might not have (Request timeout).\n","uploadtime":1645730642,"views":98,"p1id":"infernoss","p2id":"galactestbro","formatid":"gen8ou","rating":1607,"private":0,"password":null}