{"id":"gen8ubers-1107514506","p1":"Blue chen","p2":"tObE!oRnOt2b\\(._\\)","format":"gen8ubers","log":"|j|\u2606Blue chen\n|j|\u2606tObE!oRnOt2b\\(._\\)\n|player|p1|Blue chen|clair|1731\n|player|p2|tObE!oRnOt2b\\(._\\)|plasmagrunt|1499\n|teamsize|p1|6\n|teamsize|p2|6\n|gametype|singles\n|gen|8\n|tier|[Gen 8] Ubers\n|rated|\n|clearpoke\n|poke|p1|Eternatus|\n|poke|p1|Charizard, M|\n|poke|p1|Torkoal, M|\n|poke|p1|Dracovish|\n|poke|p1|Necrozma-Dusk-Mane|\n|poke|p1|Zacian-Crowned|\n|poke|p2|Pelipper, M|\n|poke|p2|Drednaw, M|\n|poke|p2|Dracovish|\n|poke|p2|Necrozma-Dusk-Mane|\n|poke|p2|Lunala|\n|poke|p2|Melmetal|\n|rule|Sleep Clause Mod: Limit one foe put to sleep\n|rule|Species Clause: Limit one of each Pok\u00e9mon\n|rule|OHKO Clause: OHKO moves are banned\n|rule|Evasion Moves Clause: Evasion moves are banned\n|rule|Endless Battle Clause: Forcing endless battles is banned\n|rule|HP Percentage Mod: HP is shown in percentages\n|html|Ubers Dynamax Clause: Pok\u00e9mon on the <a href=\"https:\/\/www.smogon.com\/dex\/ss\/formats\/uber\/\">Ubers Dynamax Banlist<\/a> cannot Dynamax.\n|teampreview\n|\n|start\n|switch|p1a: Zacian|Zacian-Crowned|100\/100\n|switch|p2a: Pelipper|Pelipper, M|100\/100\n|-ability|p1a: Zacian|Intrepid Sword|boost\n|-boost|p1a: Zacian|atk|1\n|-weather|RainDance|[from] ability: Drizzle|[of] p2a: Pelipper\n|turn|1\n|\n|move|p1a: Zacian|Substitute|p1a: Zacian\n|-start|p1a: Zacian|Substitute\n|-damage|p1a: Zacian|76\/100\n|move|p2a: Pelipper|Scald|p1a: Zacian\n|-end|p1a: Zacian|Substitute\n|\n|-weather|RainDance|[upkeep]\n|upkeep\n|turn|2\n|\n|move|p1a: Zacian|Behemoth Blade|p2a: Pelipper\n|-resisted|p2a: Pelipper\n|-damage|p2a: Pelipper|61\/100\n|move|p2a: Pelipper|Scald|p1a: Zacian\n|-damage|p1a: Zacian|41\/100\n|-status|p1a: Zacian|brn\n|\n|-weather|RainDance|[upkeep]\n|-damage|p1a: Zacian|35\/100 brn|[from] brn\n|upkeep\n|turn|3\n|\n|move|p1a: Zacian|Swords Dance|p1a: Zacian\n|-boost|p1a: Zacian|atk|2\n|move|p2a: Pelipper|Roost|p2a: Pelipper\n|-heal|p2a: Pelipper|100\/100\n|-singleturn|p2a: Pelipper|move: Roost\n|\n|-weather|RainDance|[upkeep]\n|-damage|p1a: Zacian|29\/100 brn|[from] brn\n|upkeep\n|turn|4\n|\n|move|p1a: Zacian|Behemoth Blade|p2a: Pelipper\n|-resisted|p2a: Pelipper\n|-damage|p2a: Pelipper|68\/100\n|move|p2a: Pelipper|Scald|p1a: Zacian\n|-damage|p1a: Zacian|0 fnt\n|faint|p1a: Zacian\n|\n|-weather|RainDance|[upkeep]\n|upkeep\n|\n|switch|p1a: Dracovish|Dracovish|100\/100\n|turn|5\n|\n|move|p1a: Dracovish|Substitute|p1a: Dracovish\n|-start|p1a: Dracovish|Substitute\n|-damage|p1a: Dracovish|76\/100\n|move|p2a: Pelipper|Hurricane|p1a: Dracovish\n|-end|p1a: Dracovish|Substitute\n|\n|-weather|RainDance|[upkeep]\n|upkeep\n|turn|6\n|\n|move|p1a: Dracovish|Fishious Rend|p2a: Pelipper\n|-resisted|p2a: Pelipper\n|-damage|p2a: Pelipper|0 fnt\n|faint|p2a: Pelipper\n|\n|-weather|RainDance|[upkeep]\n|upkeep\n|\n|switch|p2a: Dracovish|Dracovish|100\/100\n|turn|7\n|\n|switch|p1a: Torkoal|Torkoal, M|100\/100\n|-weather|SunnyDay|[from] ability: Drought|[of] p1a: Torkoal\n|move|p2a: Dracovish|Fishious Rend|p1a: Torkoal\n|-supereffective|p1a: Torkoal\n|-damage|p1a: Torkoal|43\/100\n|\n|-weather|SunnyDay|[upkeep]\n|upkeep\n|turn|8\n|\n|move|p2a: Dracovish|Fishious Rend|p1a: Torkoal\n|-supereffective|p1a: Torkoal\n|-damage|p1a: Torkoal|0 fnt\n|faint|p1a: Torkoal\n|\n|-weather|SunnyDay|[upkeep]\n|upkeep\n|\n|switch|p1a: Charizard|Charizard, M|100\/100\n|turn|9\n|\n|-start|p1a: Charizard|Dynamax\n|-formechange|p1a: Charizard|Charizard-Gmax\n|-heal|p1a: Charizard|100\/100|[silent]\n|move|p2a: Dracovish|Fishious Rend|p1a: Charizard\n|-supereffective|p1a: Charizard\n|-crit|p1a: Charizard\n|-damage|p1a: Charizard|0 fnt\n|faint|p1a: Charizard\n|\n|-weather|SunnyDay|[upkeep]\n|upkeep\n|\n|switch|p1a: Eternatus|Eternatus|100\/100\n|-ability|p1a: Eternatus|Pressure\n|turn|10\n|\n|move|p2a: Dracovish|Fishious Rend|p1a: Eternatus\n|-resisted|p1a: Eternatus\n|-damage|p1a: Eternatus|78\/100\n|move|p1a: Eternatus|Dynamax Cannon|p2a: Dracovish\n|-supereffective|p2a: Dracovish\n|-damage|p2a: Dracovish|0 fnt\n|faint|p2a: Dracovish\n|\n|-weather|SunnyDay|[upkeep]\n|-heal|p1a: Eternatus|84\/100|[from] item: Black Sludge\n|upkeep\n|\n|switch|p2a: Batman|Lunala|100\/100\n|turn|11\n|\n|move|p1a: Eternatus|Dynamax Cannon|p2a: Batman\n|-damage|p2a: Batman|83\/100\n|move|p2a: Batman|Trick Room|p2a: Batman\n|-fieldstart|move: Trick Room|[of] p2a: Batman\n|\n|-weather|SunnyDay|[upkeep]\n|-heal|p1a: Eternatus|90\/100|[from] item: Black Sludge\n|upkeep\n|turn|12\n|\n|switch|p1a: Dracovish|Dracovish|76\/100\n|move|p2a: Batman|Moongeist Beam|p1a: Dracovish\n|-damage|p1a: Dracovish|15\/100\n|\n|-weather|SunnyDay|[upkeep]\n|upkeep\n|turn|13\n|\n|move|p1a: Dracovish|Crunch|p2a: Batman\n|-supereffective|p2a: Batman\n|-damage|p2a: Batman|0 fnt\n|faint|p2a: Batman\n|\n|-weather|SunnyDay|[upkeep]\n|upkeep\n|\n|switch|p2a: Iron Man|Melmetal, shiny|100\/100\n|turn|14\n|\n|move|p2a: Iron Man|Earthquake|p1a: Dracovish\n|-damage|p1a: Dracovish|0 fnt\n|faint|p1a: Dracovish\n|\n|-weather|none\n|upkeep\n|\n|switch|p1a: Necrozma|Necrozma-Dusk-Mane|100\/100\n|turn|15\n|\n|-start|p2a: Iron Man|Dynamax\n|-heal|p2a: Iron Man|100\/100|[silent]\n|move|p2a: Iron Man|Max Quake|p1a: Necrozma\n|-supereffective|p1a: Necrozma\n|-damage|p1a: Necrozma|60\/100\n|-boost|p2a: Iron Man|spd|1\n|move|p1a: Necrozma|Swords Dance|p1a: Necrozma\n|-boost|p1a: Necrozma|atk|2\n|\n|-heal|p1a: Necrozma|66\/100|[from] item: Leftovers\n|-fieldend|move: Trick Room\n|upkeep\n|turn|16\n|\n|move|p1a: Necrozma|Sunsteel Strike|p2a: Iron Man\n|-resisted|p2a: Iron Man\n|-damage|p2a: Iron Man|87\/100\n|move|p2a: Iron Man|Max Quake|p1a: Necrozma\n|-supereffective|p1a: Necrozma\n|-damage|p1a: Necrozma|23\/100\n|-boost|p2a: Iron Man|spd|1\n|\n|-heal|p1a: Necrozma|29\/100|[from] item: Leftovers\n|upkeep\n|turn|17\n|\n|move|p1a: Necrozma|Sunsteel Strike|p2a: Iron Man\n|-resisted|p2a: Iron Man\n|-damage|p2a: Iron Man|73\/100\n|move|p2a: Iron Man|Max Quake|p1a: Necrozma\n|-supereffective|p1a: Necrozma\n|-damage|p1a: Necrozma|0 fnt\n|-boost|p2a: Iron Man|spd|1\n|faint|p1a: Necrozma\n|\n|-end|p2a: Iron Man|Dynamax\n|-heal|p2a: Iron Man|73\/100|[silent]\n|upkeep\n|\n|switch|p1a: Eternatus|Eternatus|90\/100\n|-ability|p1a: Eternatus|Pressure\n|turn|18\n|\n|move|p1a: Eternatus|Flamethrower|p2a: Iron Man\n|-supereffective|p2a: Iron Man\n|-damage|p2a: Iron Man|46\/100\n|move|p2a: Iron Man|Earthquake|p1a: Eternatus\n|-supereffective|p1a: Eternatus\n|-damage|p1a: Eternatus|0 fnt\n|faint|p1a: Eternatus\n|\n|win|tObE!oRnOt2b\\(._\\)\n|l|\u2606Blue chen\n|raw|Blue chen's rating: 1698 &rarr; <strong>1668<\/strong><br \/>(-30 for losing)\n|raw|tObE!oRnOt2b\\(._\\)'s rating: 1499 &rarr; <strong>1530<\/strong><br \/>(+31 for winning)\n","uploadtime":1588449348,"views":26,"p1id":"bluechen","p2id":"tobeornot2b","formatid":"gen8ubers","rating":1530,"private":0,"password":null}