{"id":"gen8bdsplc-1576948683","p1":"Laroxyl","p2":"HSOWA","format":"gen8bdsplc","log":"|j|\u2606Laroxyl\n|j|\u2606HSOWA\n|t:|1652811678\n|gametype|singles\n|player|p1|Laroxyl|#scl1spartans|\n|player|p2|HSOWA|victor|\n|teamsize|p1|6\n|teamsize|p2|6\n|gen|8\n|tier|[Gen 8 BDSP] LC\n|rule|Sleep Clause Mod: Limit one foe put to sleep\n|rule|Species Clause: Limit one of each Pok\u00e9mon\n|rule|OHKO Clause: OHKO moves are banned\n|rule|Evasion Moves Clause: Evasion moves are banned\n|rule|Endless Battle Clause: Forcing endless battles is banned\n|rule|HP Percentage Mod: HP is shown in percentages\n|clearpoke\n|poke|p1|Diglett, L5, M|\n|poke|p1|Onix, L5, F|\n|poke|p1|Munchlax, L5, M|\n|poke|p1|Croagunk, L5, F|\n|poke|p1|Abra, L5, M|\n|poke|p1|Drifloon, L5, F|\n|poke|p2|Abra, L5, M|\n|poke|p2|Onix, L5, F|\n|poke|p2|Omanyte, L5, F|\n|poke|p2|Snubbull, L5, M|\n|poke|p2|Drifloon, L5, F|\n|poke|p2|Munchlax, L5, M|\n|teampreview\n|j| alejandro paz vgc\n|c|\u2606HSOWA|hf\n|c|\u2606Laroxyl|Hf\n|\n|t:|1652811716\n|start\n|switch|p1a: Onix|Onix, L5, F|100\/100\n|switch|p2a: Onix|Onix, L5, F|100\/100\n|turn|1\n|j| wild drud\n|j| Giove97\n|\n|t:|1652811736\n|move|p1a: Onix|Stealth Rock|p2a: Onix\n|-sidestart|p2: HSOWA|move: Stealth Rock\n|move|p2a: Onix|Earthquake|p1a: Onix\n|-supereffective|p1a: Onix\n|-damage|p1a: Onix|30\/100\n|-enditem|p1a: Onix|Berry Juice\n|-heal|p1a: Onix|100\/100|[from] item: Berry Juice\n|\n|upkeep\n|turn|2\n|l| Giove97\n|\n|t:|1652811744\n|move|p1a: Onix|Rock Blast|p2a: Onix\n|-resisted|p2a: Onix\n|-damage|p2a: Onix|95\/100\n|-resisted|p2a: Onix\n|-damage|p2a: Onix|90\/100\n|-resisted|p2a: Onix\n|-damage|p2a: Onix|85\/100\n|-resisted|p2a: Onix\n|-damage|p2a: Onix|80\/100\n|-resisted|p2a: Onix\n|-damage|p2a: Onix|75\/100\n|-hitcount|p2a: Onix|5\n|move|p2a: Onix|Earthquake|p1a: Onix\n|-supereffective|p1a: Onix\n|-damage|p1a: Onix|30\/100\n|\n|upkeep\n|turn|3\n|j| gringa lover\n|j| thekingkarp\n|j| Elfuseon\n|j| Heysup\n|\n|t:|1652811795\n|move|p1a: Onix|Stealth Rock||[still]\n|-fail|p1a: Onix\n|move|p2a: Onix|Stealth Rock|p1a: Onix\n|-sidestart|p1: Laroxyl|move: Stealth Rock\n|\n|upkeep\n|turn|4\n|\n|t:|1652811800\n|move|p1a: Onix|Earthquake|p2a: Onix\n|-supereffective|p2a: Onix\n|-damage|p2a: Onix|5\/100\n|-enditem|p2a: Onix|Berry Juice\n|-heal|p2a: Onix|100\/100|[from] item: Berry Juice\n|move|p2a: Onix|Earthquake|p1a: Onix\n|-supereffective|p1a: Onix\n|-damage|p1a: Onix|0 fnt\n|faint|p1a: Onix\n|\n|upkeep\n|j| Peachy07\n|\n|t:|1652811812\n|switch|p1a: Munchlax|Munchlax, L5, M|100\/100\n|-damage|p1a: Munchlax|90\/100|[from] Stealth Rock\n|turn|5\n|\n|t:|1652811818\n|move|p2a: Onix|Taunt|p1a: Munchlax\n|-start|p1a: Munchlax|move: Taunt\n|cant|p1a: Munchlax|move: Taunt|Curse\n|\n|upkeep\n|turn|6\n|\n|t:|1652811821\n|move|p2a: Onix|Earthquake|p1a: Munchlax\n|-damage|p1a: Munchlax|50\/100\n|-enditem|p1a: Munchlax|Berry Juice\n|-heal|p1a: Munchlax|100\/100|[from] item: Berry Juice\n|move|p1a: Munchlax|Bite|p2a: Onix\n|-damage|p2a: Onix|80\/100\n|\n|upkeep\n|turn|7\n|\n|t:|1652811838\n|switch|p1a: Drifloon|Drifloon, L5, F|100\/100\n|-damage|p1a: Drifloon|77\/100|[from] Stealth Rock\n|move|p2a: Onix|Earthquake|p1a: Drifloon\n|-immune|p1a: Drifloon\n|\n|upkeep\n|turn|8\n|\n|t:|1652811844\n|switch|p1a: Diglett|Diglett, L5, M|100\/100\n|-damage|p1a: Diglett|95\/100|[from] Stealth Rock\n|move|p2a: Onix|Rock Blast|p1a: Diglett\n|-resisted|p1a: Diglett\n|-damage|p1a: Diglett|78\/100\n|-resisted|p1a: Diglett\n|-damage|p1a: Diglett|62\/100\n|-hitcount|p1a: Diglett|2\n|\n|upkeep\n|turn|9\n|\n|t:|1652811852\n|move|p1a: Diglett|Earthquake|p2a: Onix\n|-supereffective|p2a: Onix\n|-damage|p2a: Onix|0 fnt\n|faint|p2a: Onix\n|-damage|p1a: Diglett|56\/100|[from] item: Life Orb\n|\n|upkeep\n|\n|t:|1652811915\n|switch|p2a: Munchlax|Munchlax, L5, M|100\/100\n|-damage|p2a: Munchlax|90\/100|[from] Stealth Rock\n|turn|10\n|l| gringa lover\n|\n|t:|1652812016\n|switch|p1a: Drifloon|Drifloon, L5, F|77\/100\n|-damage|p1a: Drifloon|54\/100|[from] Stealth Rock\n|move|p2a: Munchlax|Curse|p2a: Munchlax\n|-unboost|p2a: Munchlax|spe|1\n|-boost|p2a: Munchlax|atk|1\n|-boost|p2a: Munchlax|def|1\n|\n|upkeep\n|turn|11\n|\n|t:|1652812053\n|move|p1a: Drifloon|Substitute|p1a: Drifloon\n|-start|p1a: Drifloon|Substitute\n|-damage|p1a: Drifloon|31\/100\n|-enditem|p1a: Drifloon|Berry Juice\n|-heal|p1a: Drifloon|100\/100|[from] item: Berry Juice\n|move|p2a: Munchlax|Curse|p2a: Munchlax\n|-unboost|p2a: Munchlax|spe|1\n|-boost|p2a: Munchlax|atk|1\n|-boost|p2a: Munchlax|def|1\n|\n|upkeep\n|turn|12\n|j| Toy Time King\n|\n|t:|1652812062\n|move|p1a: Drifloon|Will-O-Wisp|p2a: Munchlax\n|-status|p2a: Munchlax|brn\n|move|p2a: Munchlax|Bite|p1a: Drifloon\n|-supereffective|p1a: Drifloon\n|-end|p1a: Drifloon|Substitute\n|\n|-damage|p2a: Munchlax|87\/100 brn|[from] brn\n|upkeep\n|turn|13\n|j| whitly22\n|\n|t:|1652812076\n|move|p1a: Drifloon|Substitute|p1a: Drifloon\n|-start|p1a: Drifloon|Substitute\n|-damage|p1a: Drifloon|77\/100\n|move|p2a: Munchlax|Facade|p1a: Drifloon\n|-immune|p1a: Drifloon\n|\n|-damage|p2a: Munchlax|84\/100 brn|[from] brn\n|upkeep\n|turn|14\n|l| Toy Time King\n|\n|t:|1652812100\n|move|p1a: Drifloon|Recycle|p1a: Drifloon\n|-item|p1a: Drifloon|Berry Juice|[from] move: Recycle\n|move|p2a: Munchlax|Bite|p1a: Drifloon\n|-supereffective|p1a: Drifloon\n|-end|p1a: Drifloon|Substitute\n|\n|-damage|p2a: Munchlax|80\/100 brn|[from] brn\n|upkeep\n|turn|15\n|\n|t:|1652812109\n|move|p1a: Drifloon|Substitute|p1a: Drifloon\n|-start|p1a: Drifloon|Substitute\n|-damage|p1a: Drifloon|54\/100\n|move|p2a: Munchlax|Bite|p1a: Drifloon\n|-supereffective|p1a: Drifloon\n|-end|p1a: Drifloon|Substitute\n|\n|-damage|p2a: Munchlax|77\/100 brn|[from] brn\n|upkeep\n|turn|16\n|j| Ishi No Ko\n|\n|t:|1652812115\n|move|p1a: Drifloon|Substitute|p1a: Drifloon\n|-start|p1a: Drifloon|Substitute\n|-damage|p1a: Drifloon|31\/100\n|-enditem|p1a: Drifloon|Berry Juice\n|-heal|p1a: Drifloon|100\/100|[from] item: Berry Juice\n|move|p2a: Munchlax|Bite|p1a: Drifloon\n|-supereffective|p1a: Drifloon\n|-end|p1a: Drifloon|Substitute\n|\n|-damage|p2a: Munchlax|74\/100 brn|[from] brn\n|upkeep\n|turn|17\n|\n|t:|1652812123\n|move|p1a: Drifloon|Substitute|p1a: Drifloon\n|-start|p1a: Drifloon|Substitute\n|-damage|p1a: Drifloon|77\/100\n|move|p2a: Munchlax|Bite|p1a: Drifloon\n|-supereffective|p1a: Drifloon\n|-end|p1a: Drifloon|Substitute\n|\n|-damage|p2a: Munchlax|70\/100 brn|[from] brn\n|upkeep\n|turn|18\n|\n|t:|1652812141\n|move|p1a: Drifloon|Substitute|p1a: Drifloon\n|-start|p1a: Drifloon|Substitute\n|-damage|p1a: Drifloon|54\/100\n|move|p2a: Munchlax|Bite|p1a: Drifloon\n|-supereffective|p1a: Drifloon\n|-crit|p1a: Drifloon\n|-end|p1a: Drifloon|Substitute\n|\n|-damage|p2a: Munchlax|67\/100 brn|[from] brn\n|upkeep\n|turn|19\n|j| ZULT32W napoli\n|l| ZULT32W napoli\n|\n|t:|1652812167\n|move|p1a: Drifloon|Substitute|p1a: Drifloon\n|-start|p1a: Drifloon|Substitute\n|-damage|p1a: Drifloon|31\/100\n|move|p2a: Munchlax|Bite|p1a: Drifloon\n|-supereffective|p1a: Drifloon\n|-end|p1a: Drifloon|Substitute\n|\n|-damage|p2a: Munchlax|64\/100 brn|[from] brn\n|upkeep\n|turn|20\n|\n|t:|1652812177\n|move|p1a: Drifloon|Recycle|p1a: Drifloon\n|-item|p1a: Drifloon|Berry Juice|[from] move: Recycle\n|-enditem|p1a: Drifloon|Berry Juice\n|-heal|p1a: Drifloon|100\/100|[from] item: Berry Juice\n|move|p2a: Munchlax|Bite|p1a: Drifloon\n|-supereffective|p1a: Drifloon\n|-damage|p1a: Drifloon|58\/100\n|\n|-damage|p2a: Munchlax|60\/100 brn|[from] brn\n|upkeep\n|turn|21\n|\n|t:|1652812215\n|move|p1a: Drifloon|Substitute|p1a: Drifloon\n|-start|p1a: Drifloon|Substitute\n|-damage|p1a: Drifloon|35\/100\n|move|p2a: Munchlax|Bite|p1a: Drifloon\n|-supereffective|p1a: Drifloon\n|-end|p1a: Drifloon|Substitute\n|\n|-damage|p2a: Munchlax|57\/100 brn|[from] brn\n|upkeep\n|turn|22\n|\n|t:|1652812221\n|move|p1a: Drifloon|Recycle|p1a: Drifloon\n|-item|p1a: Drifloon|Berry Juice|[from] move: Recycle\n|-enditem|p1a: Drifloon|Berry Juice\n|-heal|p1a: Drifloon|100\/100|[from] item: Berry Juice\n|move|p2a: Munchlax|Curse|p2a: Munchlax\n|-unboost|p2a: Munchlax|spe|1\n|-boost|p2a: Munchlax|atk|1\n|-boost|p2a: Munchlax|def|1\n|\n|-damage|p2a: Munchlax|54\/100 brn|[from] brn\n|upkeep\n|turn|23\n|\n|t:|1652812245\n|move|p1a: Drifloon|Recycle|p1a: Drifloon\n|-item|p1a: Drifloon|Berry Juice|[from] move: Recycle\n|move|p2a: Munchlax|Bite|p1a: Drifloon\n|-supereffective|p1a: Drifloon\n|-damage|p1a: Drifloon|43\/100\n|-enditem|p1a: Drifloon|Berry Juice\n|-heal|p1a: Drifloon|100\/100|[from] item: Berry Juice\n|\n|-damage|p2a: Munchlax|50\/100 brn|[from] brn\n|upkeep\n|-enditem|p2a: Munchlax|Berry Juice\n|-heal|p2a: Munchlax|100\/100 brn|[from] item: Berry Juice\n|turn|24\n|\n|t:|1652812256\n|move|p1a: Drifloon|Recycle|p1a: Drifloon\n|-item|p1a: Drifloon|Berry Juice|[from] move: Recycle\n|move|p2a: Munchlax|Recycle|p2a: Munchlax\n|-item|p2a: Munchlax|Berry Juice|[from] move: Recycle\n|\n|-damage|p2a: Munchlax|97\/100 brn|[from] brn\n|upkeep\n|turn|25\n|\n|t:|1652812266\n|move|p1a: Drifloon|Substitute|p1a: Drifloon\n|-start|p1a: Drifloon|Substitute\n|-damage|p1a: Drifloon|77\/100\n|move|p2a: Munchlax|Bite|p1a: Drifloon\n|-supereffective|p1a: Drifloon\n|-end|p1a: Drifloon|Substitute\n|\n|-damage|p2a: Munchlax|94\/100 brn|[from] brn\n|upkeep\n|turn|26\n|\n|t:|1652812273\n|move|p1a: Drifloon|Substitute|p1a: Drifloon\n|-start|p1a: Drifloon|Substitute\n|-damage|p1a: Drifloon|54\/100\n|move|p2a: Munchlax|Bite|p1a: Drifloon\n|-supereffective|p1a: Drifloon\n|-end|p1a: Drifloon|Substitute\n|\n|-damage|p2a: Munchlax|90\/100 brn|[from] brn\n|upkeep\n|turn|27\n|l| alejandro paz vgc\n|\n|t:|1652812278\n|switch|p1a: Croagunk|Croagunk, L5, F|100\/100\n|-damage|p1a: Croagunk|96\/100|[from] Stealth Rock\n|move|p2a: Munchlax|Bite|p1a: Croagunk\n|-resisted|p1a: Croagunk\n|-damage|p1a: Croagunk|78\/100\n|\n|-damage|p2a: Munchlax|87\/100 brn|[from] brn\n|upkeep\n|turn|28\n|\n|t:|1652812307\n|switch|p2a: Drifloon|Drifloon, L5, F|100\/100\n|-damage|p2a: Drifloon|77\/100|[from] Stealth Rock\n|move|p1a: Croagunk|Focus Blast|p2a: Drifloon\n|-immune|p2a: Drifloon\n|\n|upkeep\n|turn|29\n|l| Elfuseon\n|\n|t:|1652812330\n|switch|p1a: Munchlax|Munchlax, L5, M|100\/100\n|-damage|p1a: Munchlax|90\/100|[from] Stealth Rock\n|move|p2a: Drifloon|Will-O-Wisp|p1a: Munchlax\n|-status|p1a: Munchlax|brn\n|\n|-damage|p1a: Munchlax|87\/100 brn|[from] brn\n|upkeep\n|turn|30\n|\n|t:|1652812382\n|switch|p2a: Munchlax|Munchlax, L5, M|87\/100 brn\n|-damage|p2a: Munchlax|77\/100 brn|[from] Stealth Rock\n|move|p1a: Munchlax|Curse|p1a: Munchlax\n|-unboost|p1a: Munchlax|spe|1\n|-boost|p1a: Munchlax|atk|1\n|-boost|p1a: Munchlax|def|1\n|\n|-damage|p2a: Munchlax|74\/100 brn|[from] brn\n|-damage|p1a: Munchlax|84\/100 brn|[from] brn\n|upkeep\n|turn|31\n|\n|t:|1652812401\n|move|p2a: Munchlax|Curse|p2a: Munchlax\n|-unboost|p2a: Munchlax|spe|1\n|-boost|p2a: Munchlax|atk|1\n|-boost|p2a: Munchlax|def|1\n|move|p1a: Munchlax|Facade|p2a: Munchlax\n|-damage|p2a: Munchlax|14\/100 brn\n|-enditem|p2a: Munchlax|Berry Juice\n|-heal|p2a: Munchlax|80\/100 brn|[from] item: Berry Juice\n|\n|-damage|p1a: Munchlax|80\/100 brn|[from] brn\n|-damage|p2a: Munchlax|77\/100 brn|[from] brn\n|upkeep\n|turn|32\n|j| baloor\n|\n|t:|1652812422\n|move|p2a: Munchlax|Facade|p1a: Munchlax\n|-damage|p1a: Munchlax|17\/100 brn\n|move|p1a: Munchlax|Facade|p2a: Munchlax\n|-damage|p2a: Munchlax|14\/100 brn\n|\n|-damage|p2a: Munchlax|10\/100 brn|[from] brn\n|-damage|p1a: Munchlax|14\/100 brn|[from] brn\n|upkeep\n|turn|33\n|\n|t:|1652812434\n|move|p1a: Munchlax|Facade|p2a: Munchlax\n|-damage|p2a: Munchlax|0 fnt\n|faint|p2a: Munchlax\n|\n|-damage|p1a: Munchlax|10\/100 brn|[from] brn\n|upkeep\n|j| alejandro paz vgc\n|\n|t:|1652812472\n|switch|p2a: Snubbull|Snubbull, L5, M|100\/100\n|-damage|p2a: Snubbull|88\/100|[from] Stealth Rock\n|-ability|p2a: Snubbull|Intimidate|boost\n|-unboost|p1a: Munchlax|atk|1\n|turn|34\n|\n|t:|1652812536\n|move|p2a: Snubbull|Thief|p1a: Munchlax\n|-damage|p1a: Munchlax|0 fnt\n|faint|p1a: Munchlax\n|\n|upkeep\n|\n|t:|1652812669\n|switch|p1a: Drifloon|Drifloon, L5, F|54\/100\n|-damage|p1a: Drifloon|31\/100|[from] Stealth Rock\n|-enditem|p1a: Drifloon|Berry Juice\n|-heal|p1a: Drifloon|100\/100|[from] item: Berry Juice\n|turn|35\n|\n|t:|1652812699\n|switch|p2a: Abra|Abra, L5, M|100\/100\n|move|p1a: Drifloon|Substitute|p1a: Drifloon\n|-start|p1a: Drifloon|Substitute\n|-damage|p1a: Drifloon|77\/100\n|\n|upkeep\n|turn|36\n|\n|t:|1652812708\n|move|p1a: Drifloon|Hex|p2a: Abra\n|-supereffective|p2a: Abra\n|-damage|p2a: Abra|10\/100\n|move|p2a: Abra|Encore|p1a: Drifloon\n|-start|p1a: Drifloon|Encore\n|\n|upkeep\n|turn|37\n|\n|t:|1652812723\n|move|p1a: Drifloon|Hex|p2a: Abra\n|-supereffective|p2a: Abra\n|-damage|p2a: Abra|0 fnt\n|faint|p2a: Abra\n|\n|upkeep\n|\n|t:|1652812748\n|switch|p2a: Omanyte|Omanyte, L5, F|100\/100\n|-damage|p2a: Omanyte|91\/100|[from] Stealth Rock\n|turn|38\n|\n|t:|1652812875\n|move|p1a: Drifloon|Hex|p2a: Omanyte\n|-damage|p2a: Omanyte|48\/100\n|-enditem|p2a: Omanyte|Berry Juice\n|-heal|p2a: Omanyte|100\/100|[from] item: Berry Juice\n|move|p2a: Omanyte|Shell Smash|p2a: Omanyte\n|-unboost|p2a: Omanyte|def|1\n|-unboost|p2a: Omanyte|spd|1\n|-boost|p2a: Omanyte|atk|2\n|-boost|p2a: Omanyte|spa|2\n|-boost|p2a: Omanyte|spe|2\n|\n|upkeep\n|turn|39\n|\n|t:|1652812907\n|move|p1a: Drifloon|Hex|p2a: Omanyte\n|-damage|p2a: Omanyte|39\/100\n|move|p2a: Omanyte|Rock Blast|p1a: Drifloon|[miss]\n|-miss|p2a: Omanyte|p1a: Drifloon\n|\n|-end|p1a: Drifloon|Encore\n|upkeep\n|turn|40\n|c|\u2606Laroxyl|Shit\n|c|\u2606Laroxyl|im sry\n|j| Daruma\n|c|\u2606HSOWA|np\n|\n|t:|1652812952\n|move|p1a: Drifloon|Hex|p2a: Omanyte\n|-damage|p2a: Omanyte|0 fnt\n|faint|p2a: Omanyte\n|\n|upkeep\n|\n|t:|1652812963\n|switch|p2a: Drifloon|Drifloon, L5, F|77\/100\n|-damage|p2a: Drifloon|54\/100|[from] Stealth Rock\n|turn|41\n|\n|t:|1652812998\n|move|p1a: Drifloon|Hex|p2a: Drifloon\n|-supereffective|p2a: Drifloon\n|-damage|p2a: Drifloon|0 fnt\n|faint|p2a: Drifloon\n|\n|upkeep\n|c|\u2606HSOWA|gg\n|c|\u2606Laroxyl|gg\n|-message|HSOWA forfeited.\n|\n|win|Laroxyl\n|l|\u2606HSOWA\n|l| whitly22\n","uploadtime":1652813018,"views":733,"p1id":"laroxyl","p2id":"hsowa","formatid":"gen8bdsplc","rating":0,"private":0,"password":null}