{"id":"gen8vgc2021-1252739137","p1":"ArcanineSquad","p2":"Los92","format":"gen8vgc2021","log":"|j|\u2606ArcanineSquad\n|j|\u2606Los92\n|t:|1609317066\n|player|p1|ArcanineSquad|cynthia-gen4|1040\n|player|p2|Los92|101|1067\n|teamsize|p1|6\n|teamsize|p2|6\n|gametype|doubles\n|gen|8\n|tier|[Gen 8] VGC 2021\n|rated|\n|clearpoke\n|poke|p1|Landorus-Therian, L50, M|\n|poke|p1|Regieleki, L50|\n|poke|p1|Lapras, L50, F|\n|poke|p1|Urshifu-*, L50, F|\n|poke|p1|Whimsicott, L50, F|\n|poke|p1|Amoonguss, L50, F|\n|poke|p2|Kartana, L50|\n|poke|p2|Dusclops, L50, F|\n|poke|p2|Garchomp, L50, M|\n|poke|p2|Incineroar, L50, M|\n|poke|p2|Tapu Lele, L50|\n|poke|p2|Rotom-Wash, L50|\n|rule|Species Clause: Limit one of each Pok\u00e9mon\n|rule|Item Clause: Limit one of each item\n|teampreview|4\n|inactive|Battle timer is ON: inactive players will automatically lose when time's up. (requested by ArcanineSquad)\n|\n|t:|1609317099\n|start\n|switch|p1a: Whimsicott|Whimsicott, L50, F|48\/48\n|switch|p1b: Lapras|Lapras, L50, F|48\/48\n|switch|p2a: Incineroar|Incineroar, L50, M|48\/48\n|switch|p2b: Rotom|Rotom-Wash, L50|48\/48\n|-ability|p2a: Incineroar|Intimidate|boost\n|-unboost|p1a: Whimsicott|atk|1\n|-unboost|p1b: Lapras|atk|1\n|turn|1\n|inactive|ArcanineSquad has 30 seconds left.\n|\n|t:|1609317130\n|-start|p1b: Lapras|Dynamax\n|-formechange|p1b: Lapras|Lapras-Gmax\n|-heal|p1b: Lapras|48\/48|[silent]\n|move|p1a: Whimsicott|Moonblast|p2b: Rotom\n|-damage|p2b: Rotom|34\/48\n|-unboost|p2b: Rotom|spa|1\n|move|p2b: Rotom|Thunderbolt|p1b: Lapras\n|-supereffective|p1b: Lapras\n|-damage|p1b: Lapras|37\/48\n|-status|p1b: Lapras|par\n|move|p2a: Incineroar|Parting Shot|p1b: Lapras\n|-unboost|p1b: Lapras|atk|1\n|-unboost|p1b: Lapras|spa|1\n|\n|t:|1609317147\n|switch|p2a: Garchomp|Garchomp, L50, M|48\/48|[from]move: Parting Shot\n|move|p1b: Lapras|Max Geyser|p2a: Garchomp\n|-damage|p2a: Garchomp|21\/48\n|-weather|RainDance\n|-damage|p1b: Lapras|35\/48 par|[from] item: Life Orb\n|\n|-weather|RainDance|[upkeep]\n|upkeep\n|turn|2\n|inactive|ArcanineSquad has 30 seconds left.\n|inactive|Los92 has 30 seconds left.\n|\n|t:|1609317180\n|switch|p2a: Incineroar|Incineroar, L50, M|48\/48\n|-ability|p2a: Incineroar|Intimidate|boost\n|-unboost|p1a: Whimsicott|atk|1\n|-unboost|p1b: Lapras|atk|1\n|move|p1a: Whimsicott|Moonblast|p2b: Rotom\n|-damage|p2b: Rotom|21\/48\n|-unboost|p2b: Rotom|spa|1\n|move|p2b: Rotom|Thunderbolt|p1b: Lapras\n|-supereffective|p1b: Lapras\n|-damage|p1b: Lapras|28\/48 par\n|cant|p1b: Lapras|par\n|\n|-weather|RainDance|[upkeep]\n|upkeep\n|turn|3\n|inactive|Los92 has 30 seconds left.\n|\n|t:|1609317206\n|move|p1a: Whimsicott|Fake Tears|p2a: Incineroar\n|-hint|Since gen 7, Dark is immune to Prankster moves.\n|-immune|p2a: Incineroar\n|move|p2b: Rotom|Thunderbolt|p1b: Lapras\n|-supereffective|p1b: Lapras\n|-damage|p1b: Lapras|21\/48 par\n|move|p2a: Incineroar|Parting Shot|p1b: Lapras\n|-unboost|p1b: Lapras|atk|1\n|-unboost|p1b: Lapras|spa|1\n|\n|t:|1609317218\n|switch|p2a: Garchomp|Garchomp, L50, M|21\/48|[from]move: Parting Shot\n|move|p1b: Lapras|Max Geyser|p2a: Garchomp\n|-damage|p2a: Garchomp|0 fnt\n|-damage|p1b: Lapras|18\/48 par|[from] item: Life Orb\n|faint|p2a: Garchomp\n|\n|-weather|RainDance|[upkeep]\n|-end|p1b: Lapras|Dynamax\n|-formechange|p1b: Lapras|Lapras\n|-heal|p1b: Lapras|18\/48 par|[silent]\n|upkeep\n|\n|t:|1609317237\n|switch|p2a: Kartana|Kartana, L50|48\/48\n|turn|4\n|\n|t:|1609317252\n|-start|p2a: Kartana|Dynamax\n|-heal|p2a: Kartana|48\/48|[silent]\n|move|p1a: Whimsicott|Moonblast|p2b: Rotom\n|-damage|p2b: Rotom|7\/48\n|-unboost|p2b: Rotom|spa|1\n|-enditem|p2b: Rotom|Aguav Berry|[eat]\n|-heal|p2b: Rotom|23\/48|[from] item: Aguav Berry\n|move|p2a: Kartana|Max Airstream|p1a: Whimsicott\n|-supereffective|p1a: Whimsicott\n|-enditem|p1a: Whimsicott|Focus Sash\n|-damage|p1a: Whimsicott|1\/48\n|-boost|p2a: Kartana|spe|1\n|-boost|p2b: Rotom|spe|1\n|move|p2b: Rotom|Thunderbolt|p1a: Whimsicott\n|-resisted|p1a: Whimsicott\n|-damage|p1a: Whimsicott|0 fnt\n|faint|p1a: Whimsicott\n|move|p1b: Lapras|Blizzard|p2a: Kartana|[spread] p2a\n|-miss|p1b: Lapras|p2b: Rotom\n|-damage|p2a: Kartana|40\/48\n|-damage|p1b: Lapras|14\/48 par|[from] item: Life Orb\n|\n|-weather|RainDance|[upkeep]\n|upkeep\n|\n|t:|1609317277\n|switch|p1a: Urshifu|Urshifu, L50, F|48\/48\n|turn|5\n|\n|t:|1609317289\n|move|p2b: Rotom|Protect|p2b: Rotom\n|-singleturn|p2b: Rotom|Protect\n|move|p1b: Lapras|Protect|p1b: Lapras\n|-singleturn|p1b: Lapras|Protect\n|move|p2a: Kartana|Max Airstream|p1a: Urshifu\n|-supereffective|p1a: Urshifu\n|-damage|p1a: Urshifu|0 fnt\n|-boost|p2a: Kartana|spe|1\n|-boost|p2b: Rotom|spe|1\n|faint|p1a: Urshifu\n|-ability|p2a: Kartana|Beast Boost|boost\n|-boost|p2a: Kartana|atk|1\n|\n|-weather|none\n|upkeep\n|\n|t:|1609317299\n|switch|p1a: Regieleki|Regieleki, L50|48\/48\n|turn|6\n|inactive|Los92 has 30 seconds left.\n|\n|t:|1609317325\n|move|p2a: Kartana|Max Overgrowth|p1a: Regieleki\n|-damage|p1a: Regieleki|0 fnt\n|-fieldstart|move: Grassy Terrain\n|faint|p1a: Regieleki\n|-ability|p2a: Kartana|Beast Boost|boost\n|-boost|p2a: Kartana|atk|1\n|move|p2b: Rotom|Hydro Pump|p1b: Lapras\n|-resisted|p1b: Lapras\n|-damage|p1b: Lapras|10\/48 par\n|move|p1b: Lapras|Blizzard|p2a: Kartana|[spread] p2a,p2b\n|-resisted|p2b: Rotom\n|-damage|p2a: Kartana|30\/48\n|-damage|p2b: Rotom|18\/48\n|-status|p2a: Kartana|frz\n|-status|p2b: Rotom|frz\n|-damage|p1b: Lapras|6\/48 par|[from] item: Life Orb\n|\n|-heal|p2a: Kartana|32\/48 frz|[from] Grassy Terrain\n|-heal|p1b: Lapras|9\/48 par|[from] Grassy Terrain\n|-end|p2a: Kartana|Dynamax\n|-heal|p2a: Kartana|32\/48 frz|[silent]\n|upkeep\n|turn|7\n|inactive|Los92 has 30 seconds left.\n|\n|t:|1609317354\n|cant|p2a: Kartana|frz\n|cant|p2b: Rotom|frz\n|move|p1b: Lapras|Blizzard|p2a: Kartana|[spread] p2a,p2b\n|-resisted|p2b: Rotom\n|-damage|p2a: Kartana|15\/48 frz\n|-damage|p2b: Rotom|12\/48 frz\n|-damage|p1b: Lapras|4\/48 par|[from] item: Life Orb\n|\n|-heal|p2a: Kartana|18\/48 frz|[from] Grassy Terrain\n|-heal|p1b: Lapras|7\/48 par|[from] Grassy Terrain\n|upkeep\n|turn|8\n|inactive|Los92 has 30 seconds left.\n|\n|t:|1609317379\n|cant|p2a: Kartana|frz\n|cant|p2b: Rotom|frz\n|move|p1b: Lapras|Blizzard|p2a: Kartana|[spread] p2a\n|-miss|p1b: Lapras|p2b: Rotom\n|-crit|p2a: Kartana\n|-damage|p2a: Kartana|0 fnt\n|-damage|p1b: Lapras|2\/48 par|[from] item: Life Orb\n|faint|p2a: Kartana\n|\n|-heal|p1b: Lapras|5\/48 par|[from] Grassy Terrain\n|upkeep\n|\n|t:|1609317398\n|switch|p2a: Incineroar|Incineroar, L50, M|48\/48\n|-ability|p2a: Incineroar|Intimidate|boost\n|-unboost|p1b: Lapras|atk|1\n|turn|9\n|\n|t:|1609317412\n|move|p2a: Incineroar|Fake Out|p1b: Lapras\n|-damage|p1b: Lapras|0 fnt\n|faint|p1b: Lapras\n|\n|win|Los92\n|l|\u2606ArcanineSquad\n|raw|ArcanineSquad's rating: 1041 &rarr; <strong>1026<\/strong><br \/>(-15 for losing)\n|raw|Los92's rating: 1067 &rarr; <strong>1095<\/strong><br \/>(+28 for winning)\n","uploadtime":1609317425,"views":14,"p1id":"arcaninesquad","p2id":"los92","formatid":"gen8vgc2021","rating":1026,"private":0,"password":null}