{"id":"gen8ou-1653057453","p1":"Libski","p2":"Daevank5","format":"gen8ou","log":"|j|\u2606Libski\n|j|\u2606Daevank5\n|t:|1661984676\n|gametype|singles\n|player|p1|Libski|bede|1744\n|player|p2|Daevank5|workerice|1828\n|teamsize|p1|6\n|teamsize|p2|6\n|gen|8\n|tier|[Gen 8] OU\n|rated|\n|rule|Sleep Clause Mod: Limit one foe put to sleep\n|rule|Species Clause: Limit one of each Pok\u00e9mon\n|rule|OHKO Clause: OHKO moves are banned\n|rule|Evasion Items Clause: Evasion items are banned\n|rule|Evasion Moves Clause: Evasion moves are banned\n|rule|Endless Battle Clause: Forcing endless battles is banned\n|rule|HP Percentage Mod: HP is shown in percentages\n|rule|Dynamax Clause: You cannot dynamax\n|clearpoke\n|poke|p1|Polteageist|\n|poke|p1|Sinistea|\n|poke|p1|Mew|\n|poke|p1|Tapu Lele|\n|poke|p1|Hatterene, F|\n|poke|p1|Cloyster, F|\n|poke|p2|Nihilego|\n|poke|p2|Magnezone|\n|poke|p2|Tyranitar, F|\n|poke|p2|Tapu Fini|\n|poke|p2|Landorus-Therian, M|\n|poke|p2|Weavile, M|\n|teampreview\n|c|\u2606Libski|OH NO\n|c|\u2606Libski|THE TTAR LMAO\n|c|\u2606Libski|i insta lose xD\n|j| ian_yo\n|c|\u2606Libski|hf tho xD\n|c|\u2606Daevank5|yo your team is mega fire\n|c|\u2606Daevank5|ngl\n|j| El navajerista\n|c|\u2606Daevank5|i mean its just that other team but without a corviknight\n|c|\u2606Libski|It's very cursed too xD\n|c|\u2606Daevank5|but like\n|c|\u2606Daevank5|the teapot\n|c|\u2606Daevank5|AND THE TEA CUP\n|c|\u2606Daevank5|SHEEEESH\n|c|\u2606Libski|I made this team like 47812634819 years ago lol\n|c|\u2606Daevank5|it is very cool\n|\n|t:|1661984740\n|start\n|switch|p1a: Anti gamerrr|Cloyster, F|100\/100\n|switch|p2a: Landorus|Landorus-Therian, M|100\/100\n|-ability|p2a: Landorus|Intimidate|boost\n|-unboost|p1a: Anti gamerrr|atk|1\n|turn|1\n|\n|t:|1661984745\n|switch|p2a: Magnezone|Magnezone|100\/100\n|move|p1a: Anti gamerrr|Icicle Spear|p2a: Magnezone\n|-resisted|p2a: Magnezone\n|-damage|p2a: Magnezone|98\/100\n|-resisted|p2a: Magnezone\n|-damage|p2a: Magnezone|95\/100\n|-resisted|p2a: Magnezone\n|-damage|p2a: Magnezone|92\/100\n|-resisted|p2a: Magnezone\n|-damage|p2a: Magnezone|89\/100\n|-resisted|p2a: Magnezone\n|-damage|p2a: Magnezone|86\/100\n|-hitcount|p2a: Magnezone|5\n|\n|upkeep\n|turn|2\n|inactive|Battle timer is ON: inactive players will automatically lose when time's up. (requested by Daevank5)\n|\n|t:|1661984762\n|switch|p1a: Willy \ud83e\udd0f|Mew|100\/100\n|move|p2a: Magnezone|Thunderbolt|p1a: Willy \ud83e\udd0f\n|-damage|p1a: Willy \ud83e\udd0f|70\/100\n|\n|upkeep\n|turn|3\n|\n|t:|1661984769\n|move|p1a: Willy \ud83e\udd0f|Cosmic Power|p1a: Willy \ud83e\udd0f\n|-boost|p1a: Willy \ud83e\udd0f|def|1\n|-boost|p1a: Willy \ud83e\udd0f|spd|1\n|move|p2a: Magnezone|Thunderbolt|p1a: Willy \ud83e\udd0f\n|-crit|p1a: Willy \ud83e\udd0f\n|-damage|p1a: Willy \ud83e\udd0f|20\/100\n|\n|upkeep\n|turn|4\n|c| El navajerista|brrr\n|c|\u2606Libski|lol\n|c|\u2606Libski|Should we just post this on the OU chat xD\n|c|\u2606Libski|Idk\n|c|\u2606Libski|Lol\n|inactive|Daevank5 has 120 seconds left.\n|c|\u2606Libski|Wait\n|c|\u2606Libski|Is the Cloyster even skill link\n|\n|t:|1661984809\n|switch|p2a: Weavile|Weavile, M|100\/100\n|-ability|p2a: Weavile|Pressure\n|move|p1a: Willy \ud83e\udd0f|Roost|p1a: Willy \ud83e\udd0f\n|-heal|p1a: Willy \ud83e\udd0f|70\/100\n|-singleturn|p1a: Willy \ud83e\udd0f|move: Roost\n|\n|upkeep\n|turn|5\n|inactive|Daevank5 has 120 seconds left.\n|\n|t:|1661984814\n|move|p2a: Weavile|Taunt|p1a: Willy \ud83e\udd0f\n|-start|p1a: Willy \ud83e\udd0f|move: Taunt\n|move|p1a: Willy \ud83e\udd0f|Body Press|p2a: Weavile\n|-supereffective|p2a: Weavile\n|-damage|p2a: Weavile|0 fnt\n|faint|p2a: Weavile\n|\n|upkeep\n|inactive|Daevank5 has 120 seconds left.\n|c|\u2606Daevank5|yeaaah this is the entire game\n|\n|t:|1661984825\n|switch|p2a: Nihilego|Nihilego|100\/100\n|turn|6\n|c|\u2606Libski|Nah\n|c|\u2606Libski|Nihi lives\n|c|\u2606Libski|And stuff\n|\n|t:|1661984831\n|move|p2a: Nihilego|Meteor Beam||[still]\n|-prepare|p2a: Nihilego|Meteor Beam\n|-boost|p2a: Nihilego|spa|1\n|-enditem|p2a: Nihilego|Power Herb\n|-anim|p2a: Nihilego|Meteor Beam|p1a: Willy \ud83e\udd0f\n|-damage|p1a: Willy \ud83e\udd0f|24\/100\n|move|p1a: Willy \ud83e\udd0f|Stored Power|p2a: Nihilego\n|-supereffective|p2a: Nihilego\n|-damage|p2a: Nihilego|69\/100\n|\n|upkeep\n|turn|7\n|c|\u2606Daevank5|oh bless\n|c|\u2606Libski|Wait\n|c|\u2606Daevank5|good job weavile\n|c|\u2606Libski|Mb does more lmao\n|inactive|Daevank5 has 120 seconds left.\n|\n|t:|1661984852\n|move|p2a: Nihilego|Sludge Wave|p1a: Willy \ud83e\udd0f\n|-damage|p1a: Willy \ud83e\udd0f|0 fnt\n|faint|p1a: Willy \ud83e\udd0f\n|-ability|p2a: Nihilego|Beast Boost|boost\n|-boost|p2a: Nihilego|spe|1\n|\n|upkeep\n|c|\u2606Daevank5|great work weavile\n|\n|t:|1661984863\n|switch|p1a: Lariaaa|Hatterene, F|100\/100\n|turn|8\n|c|\u2606Daevank5|and magnezone for getting that crit lol\n|inactive|Daevank5 has 120 seconds left.\n|j| Bowensonfire\n|c|\u2606Libski|xD\n|c|\u2606Libski|Ian u still there?\n|\n|t:|1661984888\n|switch|p2a: Tyranitar|Tyranitar, F|100\/100\n|-weather|Sandstorm|[from] ability: Sand Stream|[of] p2a: Tyranitar\n|move|p1a: Lariaaa|Expanding Force|p2a: Tyranitar\n|-immune|p2a: Tyranitar\n|\n|-weather|Sandstorm|[upkeep]\n|-damage|p1a: Lariaaa|94\/100|[from] Sandstorm\n|upkeep\n|turn|9\n|c| ian_yo|Ye\n|\n|t:|1661984896\n|switch|p2a: Magnezone|Magnezone|86\/100\n|move|p1a: Lariaaa|Nuzzle|p2a: Magnezone\n|-resisted|p2a: Magnezone\n|-damage|p2a: Magnezone|85\/100\n|\n|-weather|Sandstorm|[upkeep]\n|-damage|p1a: Lariaaa|88\/100|[from] Sandstorm\n|upkeep\n|turn|10\n|\n|t:|1661984904\n|switch|p2a: Landorus|Landorus-Therian, M|100\/100\n|-ability|p2a: Landorus|Intimidate|boost\n|-unboost|p1a: Lariaaa|atk|1\n|move|p1a: Lariaaa|Mystical Fire|p2a: Landorus\n|-damage|p2a: Landorus|77\/100\n|-unboost|p2a: Landorus|spa|1\n|\n|-weather|Sandstorm|[upkeep]\n|-damage|p1a: Lariaaa|82\/100|[from] Sandstorm\n|-heal|p2a: Landorus|83\/100|[from] item: Leftovers\n|upkeep\n|turn|11\n|j| Shiny Neon\n|\n|t:|1661984914\n|move|p2a: Landorus|Earthquake|p1a: Lariaaa\n|-damage|p1a: Lariaaa|21\/100\n|move|p1a: Lariaaa|Expanding Force|p2a: Landorus\n|-damage|p2a: Landorus|49\/100\n|\n|-weather|Sandstorm|[upkeep]\n|-damage|p1a: Lariaaa|15\/100|[from] Sandstorm\n|-heal|p2a: Landorus|55\/100|[from] item: Leftovers\n|upkeep\n|turn|12\n|j| Z the Spammer\n|\n|t:|1661984929\n|move|p2a: Landorus|U-turn|p1a: Lariaaa\n|-damage|p1a: Lariaaa|0 fnt\n|faint|p1a: Lariaaa\n|inactive|Daevank5 has 120 seconds left.\n|\n|t:|1661984952\n|switch|p2a: Nihilego|Nihilego|69\/100|[from]move: U-turn\n|\n|-weather|none\n|upkeep\n|\n|t:|1661984959\n|switch|p1a: Tf2 Jarate \u2764|Sinistea|100\/100\n|turn|13\n|inactive|Daevank5 has 120 seconds left.\n|c| ian_yo|The threat is in\n|c|\u2606Libski|xD\n|c|\u2606Libski|Yup\n|c|\u2606Libski|My team is mono walled by Ttar tho xD\n|c|\u2606Daevank5|!dt sinistea\n|raw|<div class=\"message\"><ul class=\"utilichart\"><li class=\"result\"><span class=\"col numcol\">LC<\/span> <span class=\"col iconcol\"><psicon pokemon=\"sinistea\"\/><\/span> <span class=\"col pokemonnamecol\" style=\"white-space:nowrap\"><a href=\"https:\/\/dex.pokemonshowdown.com\/pokemon\/sinistea\" target=\"_blank\">Sinistea<\/a><\/span> <span class=\"col typecol\"><img src=\"https:\/\/play.pokemonshowdown.com\/sprites\/types\/Ghost.png\" alt=\"Ghost\" height=\"14\" width=\"32\"><\/span> <span style=\"float:left;min-height:26px\"><span class=\"col abilitycol\">Weak Armor<\/span><span class=\"col abilitycol\"><em>Cursed Body<\/em><\/span><\/span><span style=\"float:left;min-height:26px\"><span class=\"col statcol\"><em>HP<\/em><br \/>40<\/span> <span class=\"col statcol\"><em>Atk<\/em><br \/>45<\/span> <span class=\"col statcol\"><em>Def<\/em><br \/>45<\/span> <span class=\"col statcol\"><em>SpA<\/em><br \/>74<\/span> <span class=\"col statcol\"><em>SpD<\/em><br \/>54<\/span> <span class=\"col statcol\"><em>Spe<\/em><br \/>50<\/span> <span class=\"col bstcol\"><em>BST<br \/>308<\/em><\/span> <\/span><\/li><li style=\"clear:both\"><\/li><\/ul><\/div>\n|raw|<font size=\"1\"><font color=\"#686868\">Dex#:<\/font> 854&nbsp;|&ThickSpace;<font color=\"#686868\">Gen:<\/font> 8&nbsp;|&ThickSpace;<font color=\"#686868\">Height:<\/font> 0.1 m&nbsp;|&ThickSpace;<font color=\"#686868\">Weight:<\/font> 0.2 kg <em>(20 BP)<\/em>&nbsp;|&ThickSpace;<font color=\"#686868\">Dex Colour:<\/font> Purple&nbsp;|&ThickSpace;<font color=\"#686868\">Egg Group(s):<\/font> Mineral, Amorphous&nbsp;|&ThickSpace;<font color=\"#686868\">Evolution:<\/font> Polteageist (Cracked Pot)<\/font>\n\n|c|\u2606Daevank5|dog\n|j| I'll forfite\n|c|\u2606Libski|xDDDD\n|inactive|Daevank5 has 90 seconds left.\n|c|\u2606Daevank5|this guy has base 74 special attack\n|l| Bowensonfire\n|c|\u2606Daevank5|there's no way right\n|c|\u2606Daevank5|i lose to this\n|c|\u2606Libski|It's so ass but i love it xD\n|c|\u2606Libski|I actually swept a whole stall last game with it xD\n|c|\u2606Daevank5|thats based\n|j| g0ld\n|c|\u2606Libski|Like Sinistea only lol\n|inactive|Daevank5 has 60 seconds left.\n|\n|t:|1661985035\n|switch|p2a: Tyranitar|Tyranitar, F|100\/100\n|-weather|Sandstorm|[from] ability: Sand Stream|[of] p2a: Tyranitar\n|move|p1a: Tf2 Jarate \u2764|Shell Smash|p1a: Tf2 Jarate \u2764\n|-unboost|p1a: Tf2 Jarate \u2764|def|1\n|-unboost|p1a: Tf2 Jarate \u2764|spd|1\n|-boost|p1a: Tf2 Jarate \u2764|atk|2\n|-boost|p1a: Tf2 Jarate \u2764|spa|2\n|-boost|p1a: Tf2 Jarate \u2764|spe|2\n|\n|-weather|Sandstorm|[upkeep]\n|-damage|p1a: Tf2 Jarate \u2764|95\/100|[from] Sandstorm\n|upkeep\n|turn|14\n|c|\u2606Libski|OK\n|c|\u2606Libski|This the chance\n|\n|t:|1661985043\n|move|p1a: Tf2 Jarate \u2764|Giga Drain|p2a: Tyranitar\n|-supereffective|p2a: Tyranitar\n|-damage|p2a: Tyranitar|70\/100\n|-heal|p1a: Tf2 Jarate \u2764|100\/100|[from] drain|[of] p2a: Tyranitar\n|move|p2a: Tyranitar|Earthquake|p1a: Tf2 Jarate \u2764\n|-enditem|p1a: Tf2 Jarate \u2764|Focus Sash\n|-damage|p1a: Tf2 Jarate \u2764|1\/100\n|-ability|p1a: Tf2 Jarate \u2764|Weak Armor|boost\n|-unboost|p1a: Tf2 Jarate \u2764|def|1\n|-boost|p1a: Tf2 Jarate \u2764|spe|2\n|\n|-weather|Sandstorm|[upkeep]\n|-damage|p1a: Tf2 Jarate \u2764|0 fnt|[from] Sandstorm\n|faint|p1a: Tf2 Jarate \u2764\n|-heal|p2a: Tyranitar|76\/100|[from] item: Leftovers\n|upkeep\n|c| ian_yo|Ye you have to retire after losing to sinistea\n|c|\u2606Daevank5|no\n|c|\u2606Libski|LMAO\n|c|\u2606Daevank5|i calced it\n|j| Ryan5374\n|c|\u2606Daevank5|i saw it did 30\n|c|\u2606Daevank5|and i was like\n|c|\u2606Daevank5|oh\n|c|\u2606Libski|xD\n|c| ian_yo|Damn lefties too rip\n|c|\u2606Daevank5|i forgot this thing sucks\n|c| Ryan5374|Hi Libra\n|c|\u2606Libski|YOO\n|c|\u2606Libski|RYAN\n|inactive|Libski has 120 seconds left.\n|c|\u2606Daevank5|but ngl i would have lost if i didnt get mega luck with the mew\n|c| Ryan5374|What's going on\n|c|\u2606Daevank5|so really you canchop this one up as a win\n|j| mack865\n|c| ian_yo|This is why you go metronome on tea\n|c|\u2606Libski|Gaming xD\n|l| g0ld\n|c| Ryan5374|Is this a tour\n|c|\u2606Libski|No\n|c|\u2606Libski|Im just gaming\n|inactive|Libski has 90 seconds left.\n|\n|t:|1661985104\n|switch|p1a: Anti gamerrr|Cloyster, F|100\/100\n|turn|15\n|\n|t:|1661985110\n|switch|p2a: Magnezone|Magnezone|85\/100\n|move|p1a: Anti gamerrr|Shell Smash|p1a: Anti gamerrr\n|-unboost|p1a: Anti gamerrr|def|1\n|-unboost|p1a: Anti gamerrr|spd|1\n|-boost|p1a: Anti gamerrr|atk|2\n|-boost|p1a: Anti gamerrr|spa|2\n|-boost|p1a: Anti gamerrr|spe|2\n|\n|-weather|Sandstorm|[upkeep]\n|-damage|p1a: Anti gamerrr|94\/100|[from] Sandstorm\n|upkeep\n|turn|16\n|\n|t:|1661985113\n|move|p1a: Anti gamerrr|Liquidation|p2a: Magnezone\n|-damage|p2a: Magnezone|33\/100\n|move|p2a: Magnezone|Thunderbolt|p1a: Anti gamerrr\n|-supereffective|p1a: Anti gamerrr\n|-damage|p1a: Anti gamerrr|0 fnt\n|faint|p1a: Anti gamerrr\n|\n|-weather|Sandstorm|[upkeep]\n|upkeep\n|\n|t:|1661985116\n|switch|p1a: Teapot|Polteageist|100\/100\n|turn|17\n|inactive|Libski has 120 seconds left.\n|\n|t:|1661985123\n|move|p1a: Teapot|Substitute|p1a: Teapot\n|-start|p1a: Teapot|Substitute\n|-damage|p1a: Teapot|76\/100\n|move|p2a: Magnezone|Thunderbolt|p1a: Teapot\n|-end|p1a: Teapot|Substitute\n|\n|-weather|none\n|upkeep\n|turn|18\n|inactive|Daevank5 has 90 seconds left.\n|c|\u2606Libski|Tapu lele late game epic sweep \ud83d\ude4f\ud83d\ude4f\ud83d\ude4f\n|c|\u2606Daevank5|hahaha\n|c|\u2606Daevank5|no\n|c| Ryan5374|Lele 6-0\n|\n|t:|1661985156\n|move|p1a: Teapot|Shadow Ball|p2a: Magnezone\n|-damage|p2a: Magnezone|0 fnt\n|faint|p2a: Magnezone\n|\n|upkeep\n|\n|t:|1661985159\n|switch|p2a: Tyranitar|Tyranitar, F|76\/100\n|-weather|Sandstorm|[from] ability: Sand Stream|[of] p2a: Tyranitar\n|turn|19\n|\n|t:|1661985164\n|move|p1a: Teapot|Shadow Ball|p2a: Tyranitar\n|-resisted|p2a: Tyranitar\n|-damage|p2a: Tyranitar|68\/100\n|move|p2a: Tyranitar|Rock Blast|p1a: Teapot\n|-damage|p1a: Teapot|56\/100\n|-ability|p1a: Teapot|Weak Armor|boost\n|-unboost|p1a: Teapot|def|1\n|-boost|p1a: Teapot|spe|2\n|-damage|p1a: Teapot|26\/100\n|-ability|p1a: Teapot|Weak Armor|boost\n|-unboost|p1a: Teapot|def|1\n|-boost|p1a: Teapot|spe|2\n|-hitcount|p1a: Teapot|2\n|\n|-weather|Sandstorm|[upkeep]\n|-damage|p1a: Teapot|20\/100|[from] Sandstorm\n|-heal|p2a: Tyranitar|74\/100|[from] item: Leftovers\n|upkeep\n|turn|20\n|c|\u2606Daevank5|that will not be happening\n|c| Ryan5374|Lelillions\n|c|\u2606Libski|Lmao\n|c|\u2606Libski|the fact that dont kill xd\n|\n|t:|1661985173\n|move|p1a: Teapot|Shadow Ball|p2a: Tyranitar\n|-resisted|p2a: Tyranitar\n|-damage|p2a: Tyranitar|65\/100\n|move|p2a: Tyranitar|Earthquake|p1a: Teapot\n|-crit|p1a: Teapot\n|-damage|p1a: Teapot|0 fnt\n|faint|p1a: Teapot\n|\n|-weather|Sandstorm|[upkeep]\n|-heal|p2a: Tyranitar|71\/100|[from] item: Leftovers\n|upkeep\n|c| Ryan5374|SKULL\n|\n|t:|1661985176\n|switch|p1a: Quandale|Tapu Lele|100\/100\n|-fieldstart|move: Psychic Terrain|[from] ability: Psychic Surge|[of] p1a: Quandale\n|turn|21\n|c|\u2606Daevank5|very shameful from ttar\n|c|\u2606Daevank5|that that didnt kill\n|c|\u2606Libski|He aint ready\n|\n|t:|1661985184\n|move|p1a: Quandale|Moonblast|p2a: Tyranitar\n|-supereffective|p2a: Tyranitar\n|-damage|p2a: Tyranitar|34\/100\n|-unboost|p2a: Tyranitar|spa|1\n|move|p2a: Tyranitar|Earthquake|p1a: Quandale\n|-damage|p1a: Quandale|54\/100\n|\n|-weather|Sandstorm|[upkeep]\n|-damage|p1a: Quandale|48\/100|[from] Sandstorm\n|-heal|p2a: Tyranitar|40\/100|[from] item: Leftovers\n|upkeep\n|turn|22\n|\n|t:|1661985187\n|move|p1a: Quandale|Moonblast|p2a: Tyranitar\n|-supereffective|p2a: Tyranitar\n|-damage|p2a: Tyranitar|0 fnt\n|faint|p2a: Tyranitar\n|\n|-weather|Sandstorm|[upkeep]\n|-damage|p1a: Quandale|42\/100|[from] Sandstorm\n|upkeep\n|c|\u2606Libski|Imma mega crit\n|\n|t:|1661985192\n|switch|p2a: Nihilego|Nihilego|69\/100\n|turn|23\n|c|\u2606Libski|Every mon xD\n|c|\u2606Libski|gg\n|c| ian_yo|Dodge time\n|c|\u2606Libski|True\n|c|\u2606Daevank5|quandale needs a super ultra mega crit\n|\n|t:|1661985203\n|move|p1a: Quandale|Moonblast|p2a: Nihilego\n|-resisted|p2a: Nihilego\n|-damage|p2a: Nihilego|57\/100\n|move|p2a: Nihilego|Sludge Wave|p1a: Quandale\n|-supereffective|p1a: Quandale\n|-damage|p1a: Quandale|0 fnt\n|faint|p1a: Quandale\n|\n|win|Daevank5\n|raw|Libski's rating: 1744 &rarr; <strong>1729<\/strong><br \/>(-15 for losing)\n|raw|Daevank5's rating: 1828 &rarr; <strong>1843<\/strong><br \/>(+15 for winning)\n|c|\u2606Libski|Dodge sludge wave\n|c|\u2606Daevank5|gg brother\n|c|\u2606Libski|gg fam\n","uploadtime":1661985207,"views":45,"p1id":"libski","p2id":"daevank5","formatid":"gen8ou","rating":1729,"private":0,"password":null}