{"id":"gen8ou-1247872971","p1":"soffes","p2":"glaed13","format":"gen8ou","log":"|j|\u2606soffes\n|j|\u2606glaed13\n|t:|1608570583\n|player|p1|soffes|102|1755\n|player|p2|glaed13|cheren-gen5bw2|1780\n|teamsize|p1|6\n|teamsize|p2|6\n|gametype|singles\n|gen|8\n|tier|[Gen 8] OU\n|rated|\n|clearpoke\n|poke|p1|Nidoking, M|\n|poke|p1|Cinderace, M|\n|poke|p1|Slowbro, F|\n|poke|p1|Swampert, F|\n|poke|p1|Urshifu-*, F|\n|poke|p1|Mandibuzz, F|\n|poke|p2|Blaziken, M|\n|poke|p2|Klefki, F|\n|poke|p2|Zapdos-Galar|\n|poke|p2|Cinderace, F|\n|poke|p2|Dragonite, M|\n|poke|p2|Alakazam, M|\n|rule|Sleep Clause Mod: Limit one foe put to sleep\n|rule|Species Clause: Limit one of each Pok\u00e9mon\n|rule|OHKO Clause: OHKO moves are banned\n|rule|Evasion Moves Clause: Evasion moves are banned\n|rule|Endless Battle Clause: Forcing endless battles is banned\n|rule|HP Percentage Mod: HP is shown in percentages\n|rule|Dynamax Clause: You cannot dynamax\n|teampreview\n|inactive|Battle timer is ON: inactive players will automatically lose when time's up. (requested by soffes)\n|inactive|glaed13 also wants the timer to be on.\n|j| slobadd\n|j| 0ZorcNecropHades\n|\n|t:|1608570599\n|start\n|switch|p1a: Cinderace|Cinderace, M|100\/100\n|switch|p2a: Klefki|Klefki, F, shiny|100\/100\n|turn|1\n|\n|t:|1608570603\n|switch|p1a: Nidoking|Nidoking, M|100\/100\n|move|p2a: Klefki|Reflect|p2a: Klefki\n|-sidestart|p2: glaed13|Reflect\n|\n|upkeep\n|turn|2\n|\n|t:|1608570606\n|move|p2a: Klefki|Light Screen|p2a: Klefki\n|-sidestart|p2: glaed13|move: Light Screen\n|move|p1a: Nidoking|Substitute|p1a: Nidoking\n|-start|p1a: Nidoking|Substitute\n|-damage|p1a: Nidoking|76\/100\n|\n|upkeep\n|turn|3\n|j| FunnyFatCat\n|\n|t:|1608570612\n|switch|p2a: Zapdos|Zapdos-Galar|100\/100\n|move|p1a: Nidoking|Earth Power|p2a: Zapdos\n|-immune|p2a: Zapdos\n|\n|upkeep\n|turn|4\n|\n|t:|1608570616\n|move|p2a: Zapdos|Acrobatics|p1a: Nidoking\n|-end|p1a: Nidoking|Substitute\n|move|p1a: Nidoking|Ice Beam|p2a: Zapdos\n|-supereffective|p2a: Zapdos\n|-damage|p2a: Zapdos|57\/100\n|\n|upkeep\n|turn|5\n|\n|t:|1608570622\n|switch|p1a: Slowbro|Slowbro, F|100\/100\n|move|p2a: Zapdos|Acrobatics|p1a: Slowbro\n|-damage|p1a: Slowbro|67\/100\n|-damage|p2a: Zapdos|41\/100|[from] item: Rocky Helmet|[of] p1a: Slowbro\n|\n|upkeep\n|turn|6\n|\n|t:|1608570629\n|switch|p2a: Alakazam|Alakazam, M|100\/100\n|move|p1a: Slowbro|Future Sight|p2a: Alakazam\n|-start|p1a: Slowbro|move: Future Sight\n|\n|upkeep\n|turn|7\n|\n|t:|1608570633\n|switch|p1a: Swampert|Swampert, F|100\/100\n|move|p2a: Alakazam|Nasty Plot|p2a: Alakazam\n|-boost|p2a: Alakazam|spa|2\n|\n|upkeep\n|turn|8\n|\n|t:|1608570637\n|move|p2a: Alakazam|Psyshock|p1a: Swampert\n|-damage|p1a: Swampert|18\/100\n|move|p1a: Swampert|Flip Turn|p2a: Alakazam\n|-damage|p2a: Alakazam|56\/100\n|\n|t:|1608570646\n|switch|p1a: Cinderace|Cinderace, M|100\/100|[from]move: Flip Turn\n|\n|-end|p2a: Alakazam|move: Future Sight\n|-resisted|p2a: Alakazam\n|-damage|p2a: Alakazam|29\/100\n|-sideend|p2: glaed13|Reflect\n|upkeep\n|turn|9\n|\n|t:|1608570655\n|move|p1a: Cinderace|Sucker Punch||[still]\n|-fail|p1a: Cinderace\n|move|p2a: Alakazam|Nasty Plot|p2a: Alakazam\n|-boost|p2a: Alakazam|spa|2\n|\n|-sideend|p2: glaed13|move: Light Screen\n|upkeep\n|turn|10\n|\n|t:|1608570663\n|move|p1a: Cinderace|Sucker Punch|p2a: Alakazam\n|-start|p1a: Cinderace|typechange|Dark|[from] ability: Libero\n|-supereffective|p2a: Alakazam\n|-damage|p2a: Alakazam|0 fnt\n|faint|p2a: Alakazam\n|\n|upkeep\n|\n|t:|1608570682\n|switch|p2a: Zapdos|Zapdos-Galar|41\/100\n|turn|11\n|\n|t:|1608570686\n|switch|p1a: Slowbro|Slowbro, F|99\/100\n|move|p2a: Zapdos|Thunderous Kick|p1a: Slowbro\n|-resisted|p1a: Slowbro\n|-damage|p1a: Slowbro|87\/100\n|-unboost|p1a: Slowbro|def|1\n|-damage|p2a: Zapdos|24\/100|[from] item: Rocky Helmet|[of] p1a: Slowbro\n|\n|upkeep\n|turn|12\n|\n|t:|1608570690\n|move|p2a: Zapdos|Acrobatics|p1a: Slowbro\n|-damage|p1a: Slowbro|35\/100\n|-damage|p2a: Zapdos|8\/100|[from] item: Rocky Helmet|[of] p1a: Slowbro\n|move|p1a: Slowbro|Future Sight|p2a: Zapdos\n|-start|p1a: Slowbro|move: Future Sight\n|\n|upkeep\n|turn|13\n|j| kof hm04\n|j| a7 blazing\n|\n|t:|1608570702\n|switch|p1a: Swampert|Swampert, F|18\/100\n|move|p2a: Zapdos|Thunderous Kick|p1a: Swampert\n|-damage|p1a: Swampert|0 fnt\n|faint|p1a: Swampert\n|\n|upkeep\n|\n|t:|1608570706\n|switch|p1a: Cinderace|Cinderace, M|100\/100\n|turn|14\n|\n|t:|1608570710\n|switch|p2a: Klefki|Klefki, F, shiny|100\/100\n|move|p1a: Cinderace|U-turn|p2a: Klefki\n|-start|p1a: Cinderace|typechange|Bug|[from] ability: Libero\n|-resisted|p2a: Klefki\n|-damage|p2a: Klefki|92\/100\n|\n|t:|1608570714\n|switch|p1a: Nidoking|Nidoking, M|76\/100|[from]move: U-turn\n|\n|-end|p2a: Klefki|move: Future Sight\n|-resisted|p2a: Klefki\n|-damage|p2a: Klefki|69\/100\n|upkeep\n|turn|15\n|\n|t:|1608570718\n|switch|p2a: Zapdos|Zapdos-Galar|8\/100\n|move|p1a: Nidoking|Earth Power|p2a: Zapdos\n|-immune|p2a: Zapdos\n|\n|upkeep\n|turn|16\n|\n|t:|1608570723\n|switch|p1a: Slowbro|Slowbro, F|68\/100\n|move|p2a: Zapdos|Acrobatics|p1a: Slowbro\n|-damage|p1a: Slowbro|34\/100\n|-damage|p2a: Zapdos|0 fnt|[from] item: Rocky Helmet|[of] p1a: Slowbro\n|faint|p2a: Zapdos\n|\n|upkeep\n|\n|t:|1608570738\n|switch|p2a: Cinderace|Cinderace, F|100\/100\n|turn|17\n|\n|t:|1608570750\n|switch|p1a: Mandibuzz|Mandibuzz, F|100\/100\n|move|p2a: Cinderace|Gunk Shot|p1a: Mandibuzz\n|-start|p2a: Cinderace|typechange|Poison|[from] ability: Libero\n|-damage|p1a: Mandibuzz|56\/100\n|\n|upkeep\n|turn|18\n|\n|t:|1608570756\n|move|p2a: Cinderace|Gunk Shot|p1a: Mandibuzz\n|-damage|p1a: Mandibuzz|12\/100\n|move|p1a: Mandibuzz|Roost|p1a: Mandibuzz\n|-heal|p1a: Mandibuzz|62\/100\n|-singleturn|p1a: Mandibuzz|move: Roost\n|\n|upkeep\n|turn|19\n|\n|t:|1608570765\n|move|p2a: Cinderace|Gunk Shot|p1a: Mandibuzz\n|-damage|p1a: Mandibuzz|20\/100\n|-status|p1a: Mandibuzz|psn\n|move|p1a: Mandibuzz|Roost|p1a: Mandibuzz\n|-heal|p1a: Mandibuzz|70\/100 psn\n|-singleturn|p1a: Mandibuzz|move: Roost\n|\n|-damage|p1a: Mandibuzz|57\/100 psn|[from] psn\n|upkeep\n|turn|20\n|\n|t:|1608570772\n|move|p2a: Cinderace|Gunk Shot|p1a: Mandibuzz\n|-damage|p1a: Mandibuzz|19\/100 psn\n|move|p1a: Mandibuzz|Knock Off|p2a: Cinderace\n|-damage|p2a: Cinderace|65\/100\n|-enditem|p2a: Cinderace|Wide Lens|[from] move: Knock Off|[of] p1a: Mandibuzz\n|\n|-damage|p1a: Mandibuzz|7\/100 psn|[from] psn\n|upkeep\n|turn|21\n|j| Reverb And Rei\n|j| skyexperimenter\n|\n|t:|1608570792\n|move|p2a: Cinderace|Pyro Ball|p1a: Mandibuzz|[miss]\n|-start|p2a: Cinderace|typechange|Fire|[from] ability: Libero\n|-miss|p2a: Cinderace|p1a: Mandibuzz\n|move|p1a: Mandibuzz|Knock Off|p2a: Cinderace\n|-damage|p2a: Cinderace|41\/100\n|\n|-damage|p1a: Mandibuzz|0 fnt|[from] psn\n|faint|p1a: Mandibuzz\n|upkeep\n|\n|t:|1608570800\n|switch|p1a: Cinderace|Cinderace, M|100\/100\n|turn|22\n|j| Galacman\n|\n|t:|1608570810\n|move|p2a: Cinderace|Sucker Punch|p1a: Cinderace\n|-start|p2a: Cinderace|typechange|Dark|[from] ability: Libero\n|-damage|p1a: Cinderace|49\/100\n|move|p1a: Cinderace|Pyro Ball|p2a: Cinderace\n|-damage|p2a: Cinderace|0 fnt\n|faint|p2a: Cinderace\n|\n|upkeep\n|l| Galacman\n|j| Vessev\n|j| DrewCareysFeet\n|\n|t:|1608570831\n|switch|p2a: Dragonite|Dragonite, M|100\/100\n|turn|23\n|\n|t:|1608570846\n|switch|p1a: Slowbro|Slowbro, F|67\/100\n|move|p2a: Dragonite|Dragon Dance|p2a: Dragonite\n|-boost|p2a: Dragonite|atk|1\n|-boost|p2a: Dragonite|spe|1\n|\n|upkeep\n|turn|24\n|\n|t:|1608570853\n|move|p2a: Dragonite|Dragon Dance|p2a: Dragonite\n|-boost|p2a: Dragonite|atk|1\n|-boost|p2a: Dragonite|spe|1\n|move|p1a: Slowbro|Scald|p2a: Dragonite\n|-resisted|p2a: Dragonite\n|-damage|p2a: Dragonite|94\/100\n|\n|upkeep\n|turn|25\n|\n|t:|1608570862\n|move|p2a: Dragonite|Dragon Claw|p1a: Slowbro\n|-damage|p1a: Slowbro|14\/100\n|-damage|p2a: Dragonite|78\/100|[from] item: Rocky Helmet|[of] p1a: Slowbro\n|move|p1a: Slowbro|Slack Off|p1a: Slowbro\n|-heal|p1a: Slowbro|64\/100\n|\n|upkeep\n|turn|26\n|\n|t:|1608570868\n|move|p2a: Dragonite|Dragon Dance|p2a: Dragonite\n|-boost|p2a: Dragonite|atk|1\n|-boost|p2a: Dragonite|spe|1\n|move|p1a: Slowbro|Slack Off|p1a: Slowbro\n|-heal|p1a: Slowbro|100\/100\n|\n|upkeep\n|turn|27\n|\n|t:|1608570872\n|move|p2a: Dragonite|Dragon Claw|p1a: Slowbro\n|-damage|p1a: Slowbro|38\/100\n|-damage|p2a: Dragonite|61\/100|[from] item: Rocky Helmet|[of] p1a: Slowbro\n|move|p1a: Slowbro|Scald|p2a: Dragonite\n|-resisted|p2a: Dragonite\n|-damage|p2a: Dragonite|47\/100\n|-status|p2a: Dragonite|brn\n|-enditem|p2a: Dragonite|Lum Berry|[eat]\n|-curestatus|p2a: Dragonite|brn|[msg]\n|\n|upkeep\n|turn|28\n|\n|t:|1608570885\n|move|p2a: Dragonite|Dragon Claw|p1a: Slowbro\n|-damage|p1a: Slowbro|0 fnt\n|-damage|p2a: Dragonite|31\/100|[from] item: Rocky Helmet|[of] p1a: Slowbro\n|faint|p1a: Slowbro\n|\n|upkeep\n|\n|t:|1608570890\n|switch|p1a: Urshifu|Urshifu, F|100\/100\n|turn|29\n|\n|t:|1608570893\n|move|p2a: Dragonite|Extreme Speed|p1a: Urshifu\n|-damage|p1a: Urshifu|21\/100\n|move|p1a: Urshifu|Sucker Punch||[still]\n|-fail|p1a: Urshifu\n|\n|upkeep\n|turn|30\n|\n|t:|1608570908\n|switch|p1a: Nidoking|Nidoking, M|76\/100\n|move|p2a: Dragonite|Extreme Speed|p1a: Nidoking\n|-damage|p1a: Nidoking|0 fnt\n|faint|p1a: Nidoking\n|\n|upkeep\n|\n|t:|1608570912\n|switch|p1a: Cinderace|Cinderace, M|49\/100\n|turn|31\n|\n|t:|1608570920\n|move|p2a: Dragonite|Extreme Speed|p1a: Cinderace\n|-damage|p1a: Cinderace|0 fnt\n|faint|p1a: Cinderace\n|\n|upkeep\n|c|\u2606soffes|gg\n|-message|soffes forfeited.\n|\n|win|glaed13\n|l|\u2606soffes\n|l| slobadd\n|l| DrewCareysFeet\n|l|\u2606glaed13\n|j| Briks\n|l| kof hm04\n|l| FunnyFatCat\n","uploadtime":1608570954,"views":17,"p1id":"soffes","p2id":"glaed13","formatid":"gen8ou","rating":0,"private":0,"password":null}