{"id":"gen8vgc2021-1208189951","p1":"Frothy Girth","p2":"bhkg","format":"gen8vgc2021","log":"|j|\u2606Frothy Girth\n|j|\u2606bhkg\n|t:|1603488154\n|player|p1|Frothy Girth|zinzolin|1200\n|player|p2|bhkg|101|1162\n|teamsize|p1|6\n|teamsize|p2|6\n|gametype|doubles\n|gen|8\n|tier|[Gen 8] VGC 2021\n|rated|\n|clearpoke\n|poke|p1|Coalossal, L50, F|\n|poke|p1|Togekiss, L50, F|\n|poke|p1|Mimikyu, L50, M|\n|poke|p1|Blacephalon, L50|\n|poke|p1|Grimmsnarl, L50, M|\n|poke|p1|Ditto, L50|\n|poke|p2|Moltres-Galar, L50|\n|poke|p2|Tapu Koko, L50|\n|poke|p2|Garchomp, L50, M|\n|poke|p2|Marowak-Alola, L50, M|\n|poke|p2|Mesprit, L50|\n|poke|p2|Poliwrath, L50, F|\n|rule|Species Clause: Limit one of each Pok\u00e9mon\n|rule|Item Clause: Limit one of each item\n|teampreview|4\n|\n|t:|1603488174\n|start\n|switch|p1a: Blacephalon|Blacephalon, L50|48\/48\n|switch|p1b: Coalossal|Coalossal, L50, F|48\/48\n|switch|p2a: Garchomp|Garchomp, L50, M|48\/48\n|switch|p2b: Tapu Koko|Tapu Koko, L50|48\/48\n|-fieldstart|move: Electric Terrain|[from] ability: Electric Surge|[of] p2b: Tapu Koko\n|-enditem|p2b: Tapu Koko|Electric Seed\n|-boost|p2b: Tapu Koko|def|1|[from] item: Electric Seed\n|turn|1\n|\n|t:|1603488186\n|-start|p2a: Garchomp|Dynamax\n|-heal|p2a: Garchomp|48\/48|[silent]\n|-start|p1b: Coalossal|Dynamax\n|-heal|p1b: Coalossal|48\/48|[silent]\n|move|p1a: Blacephalon|Mind Blown|p2a: Garchomp|[spread] p1b,p2a,p2b\n|-resisted|p1b: Coalossal\n|-resisted|p2a: Garchomp\n|-damage|p1b: Coalossal|43\/48\n|-damage|p2a: Garchomp|38\/48\n|-damage|p2b: Tapu Koko|0 fnt\n|-ability|p1b: Coalossal|Steam Engine|boost\n|-boost|p1b: Coalossal|spe|6\n|-damage|p1a: Blacephalon|23\/48|[from] mindblown\n|faint|p2b: Tapu Koko\n|-ability|p1a: Blacephalon|Beast Boost|boost\n|-boost|p1a: Blacephalon|spa|1\n|move|p1b: Coalossal|Max Rockfall|p2a: Garchomp\n|-resisted|p2a: Garchomp\n|-damage|p2a: Garchomp|29\/48\n|-weather|Sandstorm\n|-damage|p1b: Coalossal|41\/48|[from] item: Life Orb\n|move|p2a: Garchomp|Max Quake|p1a: Blacephalon\n|-supereffective|p1a: Blacephalon\n|-damage|p1a: Blacephalon|0 fnt\n|-boost|p2a: Garchomp|spd|1\n|faint|p1a: Blacephalon\n|\n|-weather|Sandstorm|[upkeep]\n|upkeep\n|\n|t:|1603488196\n|switch|p2b: Mesprit|Mesprit, L50, shiny|48\/48\n|switch|p1a: Togekiss|Togekiss, L50, F|48\/48\n|turn|2\n|\n|t:|1603488216\n|move|p1b: Coalossal|Max Quake|p2a: Garchomp\n|-damage|p2a: Garchomp|18\/48\n|-boost|p1a: Togekiss|spd|1\n|-boost|p1b: Coalossal|spd|1\n|-damage|p1b: Coalossal|38\/48|[from] item: Life Orb\n|move|p2a: Garchomp|Max Rockfall|p1a: Togekiss\n|-supereffective|p1a: Togekiss\n|-damage|p1a: Togekiss|1\/48\n|move|p1a: Togekiss|Dazzling Gleam|p2a: Garchomp|[spread] p2a,p2b\n|-supereffective|p2a: Garchomp\n|-crit|p2a: Garchomp\n|-crit|p2b: Mesprit\n|-damage|p2a: Garchomp|0 fnt\n|-damage|p2b: Mesprit|28\/48\n|faint|p2a: Garchomp\n|move|p2b: Mesprit|Trick Room|p2b: Mesprit\n|-fieldstart|move: Trick Room|[of] p2b: Mesprit\n|\n|-weather|Sandstorm|[upkeep]\n|-damage|p2b: Mesprit|25\/48|[from] Sandstorm\n|-damage|p1a: Togekiss|0 fnt|[from] Sandstorm\n|faint|p1a: Togekiss\n|upkeep\n|\n|t:|1603488233\n|switch|p1a: Ditto|Ditto, L50|48\/48\n|switch|p2a: Moltres|Moltres-Galar, L50|48\/48\n|-transform|p1a: Ditto|p2b: Mesprit|[from] ability: Imposter\n|turn|3\n|\n|t:|1603488250\n|move|p2a: Moltres|Protect|p2a: Moltres\n|-singleturn|p2a: Moltres|Protect\n|move|p2b: Mesprit|Psychic|p1a: Ditto\n|-resisted|p1a: Ditto\n|-damage|p1a: Ditto|36\/48\n|move|p1b: Coalossal|Max Rockfall|p2a: Moltres\n|-supereffective|p2a: Moltres\n|-zbroken|p2a: Moltres\n|-damage|p2a: Moltres|26\/48\n|-damage|p1b: Coalossal|36\/48|[from] item: Life Orb\n|move|p1a: Ditto|Trick Room|p1a: Ditto\n|-fieldend|move: Trick Room\n|\n|-weather|Sandstorm|[upkeep]\n|-damage|p2a: Moltres|24\/48|[from] Sandstorm\n|-damage|p2b: Mesprit|23\/48|[from] Sandstorm\n|-damage|p1a: Ditto|34\/48|[from] Sandstorm\n|-end|p1b: Coalossal|Dynamax\n|-heal|p1b: Coalossal|36\/48|[silent]\n|upkeep\n|turn|4\n|\n|t:|1603488264\n|move|p1b: Coalossal|Rock Slide|p2a: Moltres|[spread] p2a\n|-miss|p1b: Coalossal|p2b: Mesprit\n|-supereffective|p2a: Moltres\n|-damage|p2a: Moltres|0 fnt\n|-damage|p1b: Coalossal|32\/48|[from] item: Life Orb\n|faint|p2a: Moltres\n|move|p2b: Mesprit|Drain Punch|p1b: Coalossal\n|-supereffective|p1b: Coalossal\n|-damage|p1b: Coalossal|16\/48\n|-heal|p2b: Mesprit|30\/48|[from] drain|[of] p1b: Coalossal\n|move|p1a: Ditto|Ice Beam|p2b: Mesprit\n|-damage|p2b: Mesprit|18\/48\n|\n|-weather|Sandstorm|[upkeep]\n|-damage|p1a: Ditto|31\/48|[from] Sandstorm\n|-damage|p2b: Mesprit|15\/48|[from] Sandstorm\n|upkeep\n|turn|5\n|-message|bhkg forfeited.\n|\n|win|Frothy Girth\n||Ladder (probably) updated, but score could not be retrieved (Request timeout).\n","uploadtime":1603488282,"views":39,"p1id":"frothygirth","p2id":"bhkg","formatid":"gen8vgc2021","rating":0,"private":0,"password":null}