{"id":"gen8ou-1190416792","p1":"Koontoons","p2":"glaed13","format":"gen8ou","log":"|j|\u2606Koontoons\n|j|\u2606glaed13\n|t:|1600653260\n|player|p1|Koontoons|giovanni|1384\n|player|p2|glaed13|riley|1370\n|teamsize|p1|6\n|teamsize|p2|6\n|gametype|singles\n|gen|8\n|tier|[Gen 8] OU\n|rated|\n|html|<div class=\"broadcast-blue\"><strong>OU is currently suspecting Cinderace! For information on how to participate check out the <a href=\"https:\/\/www.smogon.com\/forums\/threads\/3670532\/\">suspect thread<\/a>.<\/strong><\/div>\n|clearpoke\n|poke|p1|Ferrothorn, M|\n|poke|p1|Grimmsnarl, M|\n|poke|p1|Mantine, F|\n|poke|p1|Hawlucha, F|\n|poke|p1|Keldeo-Resolute|\n|poke|p1|Mandibuzz, F|\n|poke|p2|Umbreon, F|\n|poke|p2|Skarmory, M|\n|poke|p2|Urshifu-*, M|\n|poke|p2|Haxorus, F|\n|poke|p2|Arcanine, M|\n|poke|p2|Obstagoon, M|\n|rule|Sleep Clause Mod: Limit one foe put to sleep\n|rule|Species Clause: Limit one of each Pok\u00e9mon\n|rule|OHKO Clause: OHKO moves are banned\n|rule|Evasion Moves Clause: Evasion moves are banned\n|rule|Endless Battle Clause: Forcing endless battles is banned\n|rule|HP Percentage Mod: HP is shown in percentages\n|rule|Dynamax Clause: You cannot dynamax\n|teampreview\n|inactive|Battle timer is ON: inactive players will automatically lose when time's up. (requested by glaed13)\n|\n|t:|1600653275\n|start\n|switch|p1a: Keldeo|Keldeo-Resolute|100\/100\n|switch|p2a: Obstagoon|Obstagoon, M|100\/100\n|turn|1\n|\n|t:|1600653289\n|move|p2a: Obstagoon|Parting Shot|p1a: Keldeo\n|-unboost|p1a: Keldeo|atk|1\n|-unboost|p1a: Keldeo|spa|1\n|\n|t:|1600653302\n|switch|p2a: Urshifu|Urshifu-Rapid-Strike, M|100\/100|[from]move: Parting Shot\n|move|p1a: Keldeo|Secret Sword|p2a: Urshifu\n|-damage|p2a: Urshifu|57\/100\n|\n|upkeep\n|turn|2\n|\n|t:|1600653312\n|switch|p1a: Mantine|Mantine, F|100\/100\n|move|p2a: Urshifu|Poison Jab|p1a: Mantine\n|-damage|p1a: Mantine|68\/100\n|-status|p1a: Mantine|psn\n|\n|-heal|p1a: Mantine|74\/100 psn|[from] item: Leftovers\n|-damage|p1a: Mantine|62\/100 psn|[from] psn\n|upkeep\n|turn|3\n|\n|t:|1600653321\n|switch|p2a: Obstagoon|Obstagoon, M|100\/100\n|move|p1a: Mantine|Toxic|p2a: Obstagoon\n|-status|p2a: Obstagoon|tox\n|\n|-heal|p1a: Mantine|68\/100 psn|[from] item: Leftovers\n|-damage|p2a: Obstagoon|94\/100 tox|[from] psn\n|-damage|p1a: Mantine|56\/100 psn|[from] psn\n|upkeep\n|turn|4\n|\n|t:|1600653332\n|switch|p1a: Ferrothorn|Ferrothorn, M|100\/100\n|move|p2a: Obstagoon|Knock Off|p1a: Ferrothorn\n|-damage|p1a: Ferrothorn|57\/100\n|-damage|p2a: Obstagoon|82\/100 tox|[from] ability: Iron Barbs|[of] p1a: Ferrothorn\n|-enditem|p1a: Ferrothorn|Leftovers|[from] move: Knock Off|[of] p2a: Obstagoon\n|\n|-damage|p2a: Obstagoon|70\/100 tox|[from] psn\n|upkeep\n|turn|5\n|\n|t:|1600653339\n|switch|p2a: Urshifu|Urshifu-Rapid-Strike, M|57\/100\n|move|p1a: Ferrothorn|Stealth Rock|p2a: Urshifu\n|-sidestart|p2: glaed13|move: Stealth Rock\n|\n|upkeep\n|turn|6\n|\n|t:|1600653344\n|move|p2a: Urshifu|Close Combat|p1a: Ferrothorn\n|-supereffective|p1a: Ferrothorn\n|-damage|p1a: Ferrothorn|0 fnt\n|-unboost|p2a: Urshifu|def|1\n|-unboost|p2a: Urshifu|spd|1\n|-damage|p2a: Urshifu|44\/100|[from] ability: Iron Barbs|[of] p1a: Ferrothorn\n|faint|p1a: Ferrothorn\n|\n|upkeep\n|\n|t:|1600653346\n|switch|p1a: Keldeo|Keldeo-Resolute|100\/100\n|turn|7\n|\n|t:|1600653353\n|move|p1a: Keldeo|Secret Sword|p2a: Urshifu\n|-damage|p2a: Urshifu|0 fnt\n|faint|p2a: Urshifu\n|\n|upkeep\n|\n|t:|1600653359\n|switch|p2a: Skarmory|Skarmory, M|100\/100\n|-damage|p2a: Skarmory|88\/100|[from] Stealth Rock\n|turn|8\n|\n|t:|1600653363\n|move|p1a: Keldeo|Secret Sword|p2a: Skarmory\n|-crit|p2a: Skarmory\n|-damage|p2a: Skarmory|27\/100\n|move|p2a: Skarmory|Defog|p1a: Keldeo\n|-unboost|p1a: Keldeo|evasion|1\n|-sideend|p2: glaed13|Stealth Rock|[from] move: Defog|[of] p2a: Skarmory\n|\n|upkeep\n|turn|9\n|\n|t:|1600653369\n|move|p1a: Keldeo|Secret Sword|p2a: Skarmory\n|-damage|p2a: Skarmory|0 fnt\n|faint|p2a: Skarmory\n|\n|upkeep\n|\n|t:|1600653377\n|switch|p2a: Obstagoon|Obstagoon, M|70\/100 tox\n|turn|10\n|\n|t:|1600653384\n|switch|p1a: Mantine|Mantine, F|56\/100 psn\n|move|p2a: Obstagoon|Parting Shot|p1a: Mantine\n|-unboost|p1a: Mantine|atk|1\n|-unboost|p1a: Mantine|spa|1\n|\n|t:|1600653391\n|switch|p2a: Haxorus|Haxorus, F|100\/100|[from]move: Parting Shot\n|-ability|p2a: Haxorus|Mold Breaker\n|\n|-heal|p1a: Mantine|62\/100 psn|[from] item: Leftovers\n|-damage|p1a: Mantine|50\/100 psn|[from] psn\n|upkeep\n|turn|11\n|\n|t:|1600653400\n|move|p2a: Haxorus|Poison Jab|p1a: Mantine\n|-damage|p1a: Mantine|19\/100 psn\n|move|p1a: Mantine|Toxic|p2a: Haxorus|[miss]\n|-miss|p1a: Mantine|p2a: Haxorus\n|\n|-heal|p1a: Mantine|25\/100 psn|[from] item: Leftovers\n|-damage|p1a: Mantine|13\/100 psn|[from] psn\n|upkeep\n|turn|12\n|\n|t:|1600653412\n|move|p2a: Haxorus|Dragon Claw|p1a: Mantine\n|-damage|p1a: Mantine|0 fnt\n|faint|p1a: Mantine\n|\n|upkeep\n|\n|t:|1600653416\n|switch|p1a: Grimmsnarl|Grimmsnarl, M|100\/100\n|turn|13\n|\n|t:|1600653424\n|switch|p2a: Obstagoon|Obstagoon, M|70\/100 tox\n|move|p1a: Grimmsnarl|Spirit Break|p2a: Obstagoon\n|-supereffective|p2a: Obstagoon\n|-damage|p2a: Obstagoon|0 fnt\n|faint|p2a: Obstagoon\n|\n|upkeep\n|\n|t:|1600653433\n|switch|p2a: Arcanine|Arcanine, M|100\/100\n|-ability|p2a: Arcanine|Intimidate|boost\n|-unboost|p1a: Grimmsnarl|atk|1\n|turn|14\n|\n|t:|1600653437\n|move|p1a: Grimmsnarl|Thunder Wave|p2a: Arcanine\n|-status|p2a: Arcanine|par\n|move|p2a: Arcanine|Will-O-Wisp|p1a: Grimmsnarl\n|-status|p1a: Grimmsnarl|brn\n|\n|-damage|p1a: Grimmsnarl|94\/100 brn|[from] brn\n|upkeep\n|turn|15\n|\n|t:|1600653449\n|move|p1a: Grimmsnarl|Bulk Up|p1a: Grimmsnarl\n|-boost|p1a: Grimmsnarl|atk|1\n|-boost|p1a: Grimmsnarl|def|1\n|cant|p2a: Arcanine|par\n|\n|-heal|p1a: Grimmsnarl|100\/100 brn|[from] item: Leftovers\n|-damage|p1a: Grimmsnarl|94\/100 brn|[from] brn\n|upkeep\n|turn|16\n|\n|t:|1600653456\n|switch|p2a: Haxorus|Haxorus, F|100\/100\n|-ability|p2a: Haxorus|Mold Breaker\n|move|p1a: Grimmsnarl|Bulk Up|p1a: Grimmsnarl\n|-boost|p1a: Grimmsnarl|atk|1\n|-boost|p1a: Grimmsnarl|def|1\n|\n|-heal|p1a: Grimmsnarl|100\/100 brn|[from] item: Leftovers\n|-damage|p1a: Grimmsnarl|94\/100 brn|[from] brn\n|upkeep\n|turn|17\n|\n|t:|1600653460\n|move|p2a: Haxorus|Poison Jab|p1a: Grimmsnarl\n|-supereffective|p1a: Grimmsnarl\n|-damage|p1a: Grimmsnarl|42\/100 brn\n|move|p1a: Grimmsnarl|Spirit Break|p2a: Haxorus\n|-supereffective|p2a: Haxorus\n|-damage|p2a: Haxorus|19\/100\n|-unboost|p2a: Haxorus|spa|1\n|\n|-heal|p1a: Grimmsnarl|48\/100 brn|[from] item: Leftovers\n|-damage|p1a: Grimmsnarl|42\/100 brn|[from] brn\n|upkeep\n|turn|18\n|\n|t:|1600653473\n|move|p1a: Grimmsnarl|Thunder Wave|p2a: Haxorus\n|-status|p2a: Haxorus|par\n|move|p2a: Haxorus|Poison Jab|p1a: Grimmsnarl\n|-supereffective|p1a: Grimmsnarl\n|-damage|p1a: Grimmsnarl|0 fnt\n|faint|p1a: Grimmsnarl\n|\n|upkeep\n|\n|t:|1600653480\n|switch|p1a: Hawlucha|Hawlucha, F|100\/100\n|turn|19\n|\n|t:|1600653488\n|switch|p2a: Arcanine|Arcanine, M|100\/100 par\n|-ability|p2a: Arcanine|Intimidate|boost\n|-unboost|p1a: Hawlucha|atk|1\n|move|p1a: Hawlucha|Swords Dance|p1a: Hawlucha\n|-boost|p1a: Hawlucha|atk|2\n|\n|upkeep\n|turn|20\n|\n|t:|1600653496\n|switch|p1a: Keldeo|Keldeo-Resolute|100\/100\n|move|p2a: Arcanine|Will-O-Wisp|p1a: Keldeo\n|-status|p1a: Keldeo|brn\n|\n|-damage|p1a: Keldeo|94\/100 brn|[from] brn\n|upkeep\n|turn|21\n|\n|t:|1600653506\n|switch|p2a: Haxorus|Haxorus, F|19\/100 par\n|-ability|p2a: Haxorus|Mold Breaker\n|move|p1a: Keldeo|Scald|p2a: Haxorus\n|-resisted|p2a: Haxorus\n|-damage|p2a: Haxorus|0 fnt\n|faint|p2a: Haxorus\n|\n|-damage|p1a: Keldeo|88\/100 brn|[from] brn\n|upkeep\n|\n|t:|1600653522\n|switch|p2a: Umbreon|Umbreon, F|100\/100\n|turn|22\n|\n|t:|1600653525\n|move|p1a: Keldeo|Scald|p2a: Umbreon\n|-damage|p2a: Umbreon|59\/100\n|move|p2a: Umbreon|Heal Bell|p2a: Umbreon\n|-activate|p2a: Umbreon|move: Heal Bell\n|-curestatus|p2: Arcanine|par|[msg]\n|\n|-heal|p2a: Umbreon|65\/100|[from] item: Leftovers\n|-damage|p1a: Keldeo|82\/100 brn|[from] brn\n|upkeep\n|turn|23\n|\n|t:|1600653539\n|switch|p1a: Hawlucha|Hawlucha, F|100\/100\n|move|p2a: Umbreon|Snarl|p1a: Hawlucha\n|-resisted|p1a: Hawlucha\n|-damage|p1a: Hawlucha|89\/100\n|-unboost|p1a: Hawlucha|spa|1\n|\n|-heal|p1a: Hawlucha|95\/100|[from] item: Leftovers\n|-heal|p2a: Umbreon|71\/100|[from] item: Leftovers\n|upkeep\n|turn|24\n|\n|t:|1600653545\n|move|p1a: Hawlucha|High Jump Kick|p2a: Umbreon\n|-supereffective|p2a: Umbreon\n|-damage|p2a: Umbreon|0 fnt\n|faint|p2a: Umbreon\n|\n|-heal|p1a: Hawlucha|100\/100|[from] item: Leftovers\n|upkeep\n|\n|t:|1600653553\n|switch|p2a: Arcanine|Arcanine, M|100\/100\n|-ability|p2a: Arcanine|Intimidate|boost\n|-unboost|p1a: Hawlucha|atk|1\n|turn|25\n|\n|t:|1600653561\n|switch|p1a: Mandibuzz|Mandibuzz, F|100\/100\n|move|p2a: Arcanine|Fire Blast|p1a: Mandibuzz\n|-damage|p1a: Mandibuzz|55\/100\n|\n|upkeep\n|turn|26\n|\n|t:|1600653568\n|move|p2a: Arcanine|Fire Blast|p1a: Mandibuzz\n|-damage|p1a: Mandibuzz|12\/100\n|move|p1a: Mandibuzz|Foul Play|p2a: Arcanine\n|-damage|p2a: Arcanine|72\/100\n|\n|upkeep\n|turn|27\n|\n|t:|1600653577\n|move|p2a: Arcanine|Fire Blast|p1a: Mandibuzz|[miss]\n|-miss|p2a: Arcanine|p1a: Mandibuzz\n|move|p1a: Mandibuzz|Foul Play|p2a: Arcanine\n|-damage|p2a: Arcanine|40\/100\n|\n|upkeep\n|turn|28\n|\n|t:|1600653584\n|move|p2a: Arcanine|Fire Blast|p1a: Mandibuzz\n|-damage|p1a: Mandibuzz|0 fnt\n|faint|p1a: Mandibuzz\n|\n|upkeep\n|\n|t:|1600653586\n|switch|p1a: Hawlucha|Hawlucha, F|100\/100\n|turn|29\n|\n|t:|1600653590\n|move|p1a: Hawlucha|High Jump Kick|p2a: Arcanine\n|-damage|p2a: Arcanine|0 fnt\n|faint|p2a: Arcanine\n|\n|win|Koontoons\n|raw|Koontoons's rating: 1384 &rarr; <strong>1404<\/strong><br \/>(+20 for winning)\n|raw|glaed13's rating: 1370 &rarr; <strong>1351<\/strong><br \/>(-19 for losing)\n|l|\u2606Koontoons\n","uploadtime":1600653594,"views":2,"p1id":"koontoons","p2id":"glaed13","formatid":"gen8ou","rating":1351,"private":0,"password":null}