{"id":"gen8ou-1545976363","p1":"BRIFYE","p2":"CDC SoloQLevi","format":"gen8ou","log":"|j|\u2606BRIFYE\n|j|\u2606CDC SoloQLevi\n|t:|1649098242\n|gametype|singles\n|player|p1|BRIFYE|265|1502\n|player|p2|CDC SoloQLevi|170|1459\n|teamsize|p1|6\n|teamsize|p2|6\n|gen|8\n|tier|[Gen 8] OU\n|rated|\n|rule|Sleep Clause Mod: Limit one foe put to sleep\n|rule|Species Clause: Limit one of each Pok\u00e9mon\n|rule|OHKO Clause: OHKO moves are banned\n|rule|Evasion Moves Clause: Evasion moves are banned\n|rule|Endless Battle Clause: Forcing endless battles is banned\n|rule|HP Percentage Mod: HP is shown in percentages\n|rule|Dynamax Clause: You cannot dynamax\n|clearpoke\n|poke|p1|Torkoal, M|\n|poke|p1|Darmanitan, M|\n|poke|p1|Dragonite, M|\n|poke|p1|Dragapult, F|\n|poke|p1|Venusaur, M|\n|poke|p1|Zapdos|\n|poke|p2|Bisharp, F|\n|poke|p2|Latios, M|\n|poke|p2|Blacephalon|\n|poke|p2|Dragonite, F|\n|poke|p2|Celesteela|\n|poke|p2|Azelf|\n|teampreview\n|inactive|Battle timer is ON: inactive players will automatically lose when time's up. (requested by CDC SoloQLevi)\n|\n|t:|1649098250\n|start\n|switch|p1a: Darmanitan|Darmanitan, M|100\/100\n|switch|p2a: Azelf|Azelf|100\/100\n|turn|1\n|\n|t:|1649098260\n|move|p1a: Darmanitan|U-turn|p2a: Azelf\n|-supereffective|p2a: Azelf\n|-damage|p2a: Azelf|21\/100\n|\n|t:|1649098264\n|switch|p1a: Dragapult|Dragapult, F|100\/100|[from]move: U-turn\n|move|p2a: Azelf|Stealth Rock|p1a: Dragapult\n|-sidestart|p1: BRIFYE|move: Stealth Rock\n|\n|upkeep\n|turn|2\n|\n|t:|1649098269\n|move|p1a: Dragapult|U-turn|p2a: Azelf\n|-supereffective|p2a: Azelf\n|-damage|p2a: Azelf|0 fnt\n|faint|p2a: Azelf\n|\n|t:|1649098273\n|switch|p1a: Zapdos|Zapdos|100\/100|[from]move: U-turn\n|\n|upkeep\n|\n|t:|1649098277\n|switch|p2a: Bisharp|Bisharp, F|100\/100\n|turn|3\n|\n|t:|1649098286\n|move|p1a: Zapdos|Volt Switch|p2a: Bisharp\n|-damage|p2a: Bisharp|47\/100\n|\n|t:|1649098289\n|switch|p1a: Dragonite|Dragonite, M|100\/100|[from]move: Volt Switch\n|move|p2a: Bisharp|Knock Off|p1a: Dragonite\n|-damage|p1a: Dragonite|66\/100\n|-enditem|p1a: Dragonite|Heavy-Duty Boots|[from] move: Knock Off|[of] p2a: Bisharp\n|\n|upkeep\n|turn|4\n|\n|t:|1649098299\n|move|p1a: Dragonite|Earthquake|p2a: Bisharp\n|-supereffective|p2a: Bisharp\n|-damage|p2a: Bisharp|0 fnt\n|faint|p2a: Bisharp\n|\n|upkeep\n|\n|t:|1649098301\n|switch|p2a: Celesteela|Celesteela|100\/100\n|turn|5\n|\n|t:|1649098321\n|switch|p1a: Torkoal|Torkoal, M|100\/100\n|-damage|p1a: Torkoal|76\/100|[from] Stealth Rock\n|-weather|SunnyDay|[from] ability: Drought|[of] p1a: Torkoal\n|move|p2a: Celesteela|Autotomize|p2a: Celesteela\n|-boost|p2a: Celesteela|spe|2\n|-start|p2a: Celesteela|Autotomize\n|\n|-weather|SunnyDay|[upkeep]\n|upkeep\n|turn|6\n|\n|t:|1649098334\n|move|p2a: Celesteela|Autotomize|p2a: Celesteela\n|-boost|p2a: Celesteela|spe|2\n|-start|p2a: Celesteela|Autotomize\n|move|p1a: Torkoal|Lava Plume|p2a: Celesteela\n|-supereffective|p2a: Celesteela\n|-damage|p2a: Celesteela|34\/100\n|\n|-weather|SunnyDay|[upkeep]\n|upkeep\n|turn|7\n|inactive|BRIFYE has 120 seconds left.\n|\n|t:|1649098366\n|switch|p1a: Dragonite|Dragonite, M|66\/100\n|-damage|p1a: Dragonite|42\/100|[from] Stealth Rock\n|move|p2a: Celesteela|Meteor Beam||[still]\n|-prepare|p2a: Celesteela|Meteor Beam\n|-boost|p2a: Celesteela|spa|1\n|-enditem|p2a: Celesteela|Power Herb\n|-anim|p2a: Celesteela|Meteor Beam|p1a: Dragonite\n|-supereffective|p1a: Dragonite\n|-damage|p1a: Dragonite|0 fnt\n|faint|p1a: Dragonite\n|-ability|p2a: Celesteela|Beast Boost|boost\n|-boost|p2a: Celesteela|spa|1\n|\n|-weather|SunnyDay|[upkeep]\n|upkeep\n|\n|t:|1649098380\n|switch|p1a: Dragapult|Dragapult, F|100\/100\n|-damage|p1a: Dragapult|88\/100|[from] Stealth Rock\n|turn|8\n|\n|t:|1649098384\n|move|p2a: Celesteela|Air Slash|p1a: Dragapult\n|-damage|p1a: Dragapult|0 fnt\n|faint|p1a: Dragapult\n|-ability|p2a: Celesteela|Beast Boost|boost\n|-boost|p2a: Celesteela|spa|1\n|\n|-weather|SunnyDay|[upkeep]\n|upkeep\n|inactive|BRIFYE has 120 seconds left.\n|\n|t:|1649098390\n|switch|p1a: Zapdos|Zapdos|100\/100\n|turn|9\n|\n|t:|1649098393\n|move|p2a: Celesteela|Flamethrower|p1a: Zapdos\n|-crit|p1a: Zapdos\n|-damage|p1a: Zapdos|0 fnt\n|faint|p1a: Zapdos\n|-ability|p2a: Celesteela|Beast Boost|boost\n|-boost|p2a: Celesteela|spa|1\n|\n|-weather|SunnyDay|[upkeep]\n|upkeep\n|\n|t:|1649098401\n|switch|p1a: Darmanitan|Darmanitan, M|100\/100\n|-damage|p1a: Darmanitan|76\/100|[from] Stealth Rock\n|turn|10\n|\n|t:|1649098407\n|move|p2a: Celesteela|Air Slash|p1a: Darmanitan|[miss]\n|-miss|p2a: Celesteela|p1a: Darmanitan\n|move|p1a: Darmanitan|Flare Blitz|p2a: Celesteela\n|-supereffective|p2a: Celesteela\n|-damage|p2a: Celesteela|0 fnt\n|faint|p2a: Celesteela\n|-damage|p1a: Darmanitan|65\/100|[from] Recoil\n|\n|-weather|SunnyDay|[upkeep]\n|upkeep\n|\n|t:|1649098418\n|switch|p2a: Blacephalon|Blacephalon|100\/100\n|turn|11\n|\n|t:|1649098421\n|move|p2a: Blacephalon|Flamethrower|p1a: Darmanitan\n|-resisted|p1a: Darmanitan\n|-damage|p1a: Darmanitan|7\/100\n|move|p1a: Darmanitan|Flare Blitz|p2a: Blacephalon\n|-resisted|p2a: Blacephalon\n|-damage|p2a: Blacephalon|0 fnt\n|faint|p2a: Blacephalon\n|-damage|p1a: Darmanitan|0 fnt|[from] Recoil\n|faint|p1a: Darmanitan\n|\n|-weather|SunnyDay|[upkeep]\n|upkeep\n|\n|t:|1649098431\n|switch|p2a: Dragonite|Dragonite, F|100\/100\n|switch|p1a: Venusaur|Venusaur, M|100\/100\n|-damage|p1a: Venusaur|88\/100|[from] Stealth Rock\n|turn|12\n|\n|t:|1649098443\n|move|p1a: Venusaur|Growth|p1a: Venusaur\n|-boost|p1a: Venusaur|atk|2\n|-boost|p1a: Venusaur|spa|2\n|move|p2a: Dragonite|Dual Wingbeat|p1a: Venusaur\n|-supereffective|p1a: Venusaur\n|-damage|p1a: Venusaur|30\/100\n|-supereffective|p1a: Venusaur\n|-damage|p1a: Venusaur|0 fnt\n|faint|p1a: Venusaur\n|-hitcount|p1: Venusaur|2\n|\n|-weather|none\n|upkeep\n|-message|BRIFYE forfeited.\n|\n|win|CDC SoloQLevi\n|raw|BRIFYE's rating: 1502 &rarr; <strong>1480<\/strong><br \/>(-22 for losing)\n|raw|CDC SoloQLevi's rating: 1459 &rarr; <strong>1481<\/strong><br \/>(+22 for winning)\n|l|\u2606BRIFYE\n","uploadtime":1649098455,"views":18,"p1id":"brifye","p2id":"cdcsoloqlevi","formatid":"gen8ou","rating":1480,"private":0,"password":null}