{"id":"gen8battlestadiumsingles-1567132983","p1":"Blitzburgh","p2":"xskelly34","format":"gen8battlestadiumsingles","log":"|j|\u2606Blitzburgh\n|j|\u2606xskelly34\n|inactive|Battle timer is ON: inactive players will automatically lose when time's up.\n|t:|1651623967\n|gametype|singles\n|player|p1|Blitzburgh|ghetsis|\n|player|p2|xskelly34|bugsy|\n|teamsize|p1|6\n|teamsize|p2|6\n|gen|8\n|tier|[Gen 8] Battle Stadium Singles\n|rated|Tournament battle\n|rule|Species Clause: Limit one of each Pok\u00e9mon\n|rule|Item Clause: Limit one of each item\n|clearpoke\n|poke|p1|Xerneas-*, L50|\n|poke|p1|Necrozma-Dusk-Mane, L50|\n|poke|p1|Quagsire, L50, F|\n|poke|p1|Chansey, L50, F|\n|poke|p1|Dragapult, L50, M|\n|poke|p1|Thundurus, L50, M|\n|poke|p2|Necrozma-Dusk-Mane, L50|\n|poke|p2|Yveltal, L50|\n|poke|p2|Tapu Fini, L50|\n|poke|p2|Umbreon, L50, F|\n|poke|p2|Pheromosa, L50|\n|poke|p2|Chansey, L50, F|\n|teampreview|3\n|j|*Lady Monita \u273f\n|j| BB-8-NU\n|j| fearlessgod\n|j| Cobra10091\n|j| merdality\n|j| hamowdie\n|j| forsh\n|l| Cobra10091\n|c| hamowdie|OOH\n|inactive|Blitzburgh has 120 seconds left.\n|inactive|xskelly34 has 120 seconds left.\n|c| hamowdie|THIS SEEMS LIKE A FAIR FIGHT\n|j| plopv1\n|inactive|xskelly34 has 90 seconds left.\n|j|+Fragments\n|j| gg i guess lmao\n|inactive|xskelly34 has 60 seconds left.\n|\n|t:|1651624062\n|start\n|switch|p1a: Thundurus|Thundurus, L50, M|100\/100\n|switch|p2a: KILLER QUEEN|Pheromosa, L50|100\/100\n|turn|1\n|j|%goldtodd1\n|\n|t:|1651624066\n|move|p1a: Thundurus|Thunder Wave|p2a: KILLER QUEEN\n|-status|p2a: KILLER QUEEN|par\n|cant|p2a: KILLER QUEEN|par\n|\n|upkeep\n|turn|2\n|\n|t:|1651624075\n|move|p1a: Thundurus|Thunderbolt|p2a: KILLER QUEEN\n|-enditem|p2a: KILLER QUEEN|Focus Sash\n|-damage|p2a: KILLER QUEEN|1\/100 par\n|move|p2a: KILLER QUEEN|Triple Axel|p1a: Thundurus|[miss]\n|-miss|p2a: KILLER QUEEN|p1a: Thundurus\n|\n|upkeep\n|turn|3\n|\n|t:|1651624083\n|move|p1a: Thundurus|Thunderbolt|p2a: KILLER QUEEN\n|-damage|p2a: KILLER QUEEN|0 fnt\n|faint|p2a: KILLER QUEEN\n|\n|upkeep\n|\n|t:|1651624100\n|switch|p2a: PIXIE DUST|Tapu Fini, L50|100\/100\n|-fieldstart|move: Misty Terrain|[from] ability: Misty Surge|[of] p2a: PIXIE DUST\n|turn|4\n|inactive|xskelly34 has 120 seconds left.\n|\n|t:|1651624124\n|switch|p2a: HEAVY METAL|Necrozma-Dusk-Mane, L50|100\/100\n|move|p1a: Thundurus|Thunderbolt|p2a: HEAVY METAL\n|-damage|p2a: HEAVY METAL|65\/100\n|\n|upkeep\n|turn|5\n|inactive|xskelly34 has 120 seconds left.\n|\n|t:|1651624131\n|move|p1a: Thundurus|Foul Play|p2a: HEAVY METAL\n|-supereffective|p2a: HEAVY METAL\n|-damage|p2a: HEAVY METAL|39\/100\n|-enditem|p2a: HEAVY METAL|Weakness Policy\n|-boost|p2a: HEAVY METAL|atk|2|[from] item: Weakness Policy\n|-boost|p2a: HEAVY METAL|spa|2|[from] item: Weakness Policy\n|move|p2a: HEAVY METAL|Dragon Dance|p2a: HEAVY METAL\n|-boost|p2a: HEAVY METAL|atk|1\n|-boost|p2a: HEAVY METAL|spe|1\n|\n|upkeep\n|turn|6\n|\n|t:|1651624139\n|-start|p2a: HEAVY METAL|Dynamax|\n|-heal|p2a: HEAVY METAL|39\/100|[silent]\n|move|p1a: Thundurus|Foul Play|p2a: HEAVY METAL\n|-supereffective|p2a: HEAVY METAL\n|-damage|p2a: HEAVY METAL|6\/100\n|move|p2a: HEAVY METAL|Max Mindstorm|p1a: Thundurus\n|-enditem|p1a: Thundurus|Focus Sash\n|-damage|p1a: Thundurus|1\/100\n|-fieldstart|move: Psychic Terrain\n|\n|upkeep\n|turn|7\n|\n|t:|1651624154\n|move|p1a: Thundurus|Foul Play|p2a: HEAVY METAL\n|-supereffective|p2a: HEAVY METAL\n|-damage|p2a: HEAVY METAL|0 fnt\n|faint|p2a: HEAVY METAL\n|\n|upkeep\n|\n|t:|1651624157\n|switch|p2a: PIXIE DUST|Tapu Fini, L50|100\/100\n|-fieldstart|move: Misty Terrain|[from] ability: Misty Surge|[of] p2a: PIXIE DUST\n|turn|8\n|c|\u2606Blitzburgh|i am speed\n|\n|t:|1651624162\n|move|p2a: PIXIE DUST|Moonblast|p1a: Thundurus\n|-damage|p1a: Thundurus|0 fnt\n|faint|p1a: Thundurus\n|\n|upkeep\n|\n|t:|1651624165\n|switch|p1a: Xerneas|Xerneas, L50|100\/100\n|-ability|p1a: Xerneas|Fairy Aura\n|turn|9\n|\n|t:|1651624167\n|move|p2a: PIXIE DUST|Moonblast|p1a: Xerneas\n|-damage|p1a: Xerneas|57\/100\n|move|p1a: Xerneas|Geomancy||[still]\n|-prepare|p1a: Xerneas|Geomancy\n|-enditem|p1a: Xerneas|Power Herb\n|-anim|p1a: Xerneas|Geomancy|p1a: Xerneas\n|-boost|p1a: Xerneas|spa|2\n|-boost|p1a: Xerneas|spd|2\n|-boost|p1a: Xerneas|spe|2\n|\n|upkeep\n|turn|10\n|\n|t:|1651624170\n|-start|p1a: Xerneas|Dynamax|\n|-heal|p1a: Xerneas|57\/100|[silent]\n|move|p1a: Xerneas|Max Starfall|p2a: PIXIE DUST\n|-damage|p2a: PIXIE DUST|0 fnt\n|faint|p2a: PIXIE DUST\n|\n|win|Blitzburgh\n|n|\u2606Blitzburgh|blitzburgh\n|n|\u2606xskelly34|xskelly34\n|n|*Lady Monita \u273f|ladymonita\n|n| BB-8-NU|bb8nu\n|n| fearlessgod|fearlessgod\n|n| merdality|merdality\n|n| hamowdie|hamowdie\n|n| forsh|forsh\n|n| plopv1|plopv1\n|n|+Fragments|fragments\n|n| gg i guess lmao|ggiguesslmao\n|n| goldtodd1|goldtodd1\n","uploadtime":1651624171,"views":12,"p1id":"blitzburgh","p2id":"xskelly34","formatid":"gen8battlestadiumsingles","rating":0,"private":0,"password":null}