{"id":"gen8nationaldex-1538949611","p1":"Sid williams","p2":"fishy8995","format":"gen8nationaldex","log":"|j|\u2606Sid williams\n|j|\u2606fishy8995\n|t:|1648262849\n|gametype|singles\n|player|p1|Sid williams|2|1489\n|player|p2|fishy8995|102|1671\n|teamsize|p1|6\n|teamsize|p2|6\n|gen|8\n|tier|[Gen 8] National Dex\n|rated|\n|rule|HP Percentage Mod: HP is shown in percentages\n|rule|Endless Battle Clause: Forcing endless battles is banned\n|rule|OHKO Clause: OHKO moves are banned\n|rule|Evasion Moves Clause: Evasion moves are banned\n|rule|Species Clause: Limit one of each Pok\u00e9mon\n|rule|Dynamax Clause: You cannot dynamax\n|rule|Sleep Clause Mod: Limit one foe put to sleep\n|clearpoke\n|poke|p1|Rillaboom, F|\n|poke|p1|Clefable, F|\n|poke|p1|Mawile, M|\n|poke|p1|Gliscor, M|\n|poke|p1|Tapu Fini|\n|poke|p1|Greninja, M|\n|poke|p2|Hippowdon, F|\n|poke|p2|Tyranitar, F|\n|poke|p2|Excadrill, F|\n|poke|p2|Kyurem|\n|poke|p2|Toxapex, F|\n|poke|p2|Dracozolt|\n|teampreview\n|\n|t:|1648262860\n|start\n|switch|p1a: Rillaboom|Rillaboom, F|100\/100\n|switch|p2a: Tyranitar|Tyranitar, F|100\/100\n|-fieldstart|move: Grassy Terrain|[from] ability: Grassy Surge|[of] p1a: Rillaboom\n|-weather|Sandstorm|[from] ability: Sand Stream|[of] p2a: Tyranitar\n|turn|1\n|j| Line in the Sand\n|\n|t:|1648262866\n|switch|p2a: Kyurem|Kyurem|100\/100\n|-ability|p2a: Kyurem|Pressure\n|move|p1a: Rillaboom|Superpower|p2a: Kyurem\n|-supereffective|p2a: Kyurem\n|-damage|p2a: Kyurem|0 fnt\n|-unboost|p1a: Rillaboom|atk|1\n|-unboost|p1a: Rillaboom|def|1\n|faint|p2a: Kyurem\n|\n|-weather|Sandstorm|[upkeep]\n|-damage|p1a: Rillaboom|94\/100|[from] Sandstorm\n|-heal|p1a: Rillaboom|100\/100|[from] Grassy Terrain\n|upkeep\n|\n|t:|1648262869\n|switch|p2a: Excadrill|Excadrill, F|100\/100\n|turn|2\n|\n|t:|1648262872\n|switch|p1a: Tapu Fini|Tapu Fini|100\/100\n|-fieldstart|move: Misty Terrain|[from] ability: Misty Surge|[of] p1a: Tapu Fini\n|move|p2a: Excadrill|Swords Dance|p2a: Excadrill\n|-boost|p2a: Excadrill|atk|2\n|\n|-weather|Sandstorm|[upkeep]\n|-damage|p1a: Tapu Fini|94\/100|[from] Sandstorm\n|upkeep\n|turn|3\n|\n|t:|1648262877\n|move|p2a: Excadrill|Earthquake|p1a: Tapu Fini\n|-damage|p1a: Tapu Fini|0 fnt\n|faint|p1a: Tapu Fini\n|\n|-weather|Sandstorm|[upkeep]\n|upkeep\n|\n|t:|1648262881\n|switch|p1a: Rillaboom|Rillaboom, F|100\/100\n|-fieldstart|move: Grassy Terrain|[from] ability: Grassy Surge|[of] p1a: Rillaboom\n|turn|4\n|\n|t:|1648262885\n|move|p1a: Rillaboom|Grassy Glide|p2a: Excadrill\n|-damage|p2a: Excadrill|0 fnt\n|faint|p2a: Excadrill\n|\n|-weather|Sandstorm|[upkeep]\n|-damage|p1a: Rillaboom|94\/100|[from] Sandstorm\n|-heal|p1a: Rillaboom|100\/100|[from] Grassy Terrain\n|upkeep\n|\n|t:|1648262892\n|switch|p2a: Dracozolt|Dracozolt|100\/100\n|turn|5\n|\n|t:|1648262900\n|move|p1a: Rillaboom|Grassy Glide|p2a: Dracozolt\n|-resisted|p2a: Dracozolt\n|-damage|p2a: Dracozolt|59\/100\n|move|p2a: Dracozolt|Dragon Rush|p1a: Rillaboom|[miss]\n|-miss|p2a: Dracozolt|p1a: Rillaboom\n|\n|-weather|none\n|-heal|p2a: Dracozolt|66\/100|[from] Grassy Terrain\n|upkeep\n|turn|6\n|\n|t:|1648262905\n|move|p1a: Rillaboom|Grassy Glide|p2a: Dracozolt\n|-resisted|p2a: Dracozolt\n|-damage|p2a: Dracozolt|21\/100\n|move|p2a: Dracozolt|Flamethrower|p1a: Rillaboom\n|-supereffective|p1a: Rillaboom\n|-damage|p1a: Rillaboom|41\/100\n|-damage|p2a: Dracozolt|11\/100|[from] item: Life Orb\n|\n|-heal|p1a: Rillaboom|47\/100|[from] Grassy Terrain\n|-heal|p2a: Dracozolt|18\/100|[from] Grassy Terrain\n|upkeep\n|turn|7\n|\n|t:|1648262912\n|switch|p2a: Toxapex|Toxapex, F|100\/100\n|move|p1a: Rillaboom|Grassy Glide|p2a: Toxapex\n|-crit|p2a: Toxapex\n|-damage|p2a: Toxapex|11\/100\n|\n|-heal|p1a: Rillaboom|53\/100|[from] Grassy Terrain\n|-heal|p2a: Toxapex|18\/100|[from] Grassy Terrain\n|-heal|p2a: Toxapex|24\/100|[from] item: Black Sludge\n|upkeep\n|turn|8\n|\n|t:|1648262914\n|switch|p2a: Tyranitar|Tyranitar, F|100\/100\n|-weather|Sandstorm|[from] ability: Sand Stream|[of] p2a: Tyranitar\n|move|p1a: Rillaboom|Grassy Glide|p2a: Tyranitar\n|-supereffective|p2a: Tyranitar\n|-crit|p2a: Tyranitar\n|-damage|p2a: Tyranitar|0 fnt\n|faint|p2a: Tyranitar\n|\n|-weather|Sandstorm|[upkeep]\n|-damage|p1a: Rillaboom|47\/100|[from] Sandstorm\n|-heal|p1a: Rillaboom|53\/100|[from] Grassy Terrain\n|-fieldend|move: Grassy Terrain\n|upkeep\n|\n|t:|1648262916\n|switch|p2a: Dracozolt|Dracozolt|18\/100\n|turn|9\n|\n|t:|1648262919\n|switch|p1a: Gliscor|Gliscor, M|100\/100\n|move|p2a: Dracozolt|Earthquake|p1a: Gliscor\n|-immune|p1a: Gliscor\n|\n|-weather|Sandstorm|[upkeep]\n|-status|p1a: Gliscor|tox|[from] item: Toxic Orb\n|upkeep\n|turn|10\n|-message|fishy8995 forfeited.\n|\n|win|Sid williams\n|raw|Sid williams's rating: 1489 &rarr; <strong>1519<\/strong><br \/>(+30 for winning)\n|raw|fishy8995's rating: 1671 &rarr; <strong>1641<\/strong><br \/>(-30 for losing)\n|l|\u2606fishy8995\n|l|\u2606Sid williams\n|j|\u2606Sid williams\n|player|p1|Sid williams|2\n||Ladder isn't responding, score probably updated but might not have (Request timeout).\n|l|\u2606Sid williams\n|player|p1|\n|j|\u2606Sid williams\n|player|p1|Sid williams|2\n","uploadtime":1648263094,"views":27,"p1id":"sidwilliams","p2id":"fishy8995","formatid":"gen8nationaldex","rating":1519,"private":0,"password":null}