{"id":"gen8ou-1582305771","p1":"jzxcvbn","p2":"Jamario Mariomario","format":"gen8ou","log":"|j|\u2606jzxcvbn\n|j|\u2606Jamario Mariomario\n|t:|1653464299\n|gametype|singles\n|player|p1|jzxcvbn|akari|1583\n|player|p2|Jamario Mariomario|bugcatcher|1678\n|teamsize|p1|6\n|teamsize|p2|6\n|gen|8\n|tier|[Gen 8] OU\n|rated|\n|rule|Sleep Clause Mod: Limit one foe put to sleep\n|rule|Species Clause: Limit one of each Pok\u00e9mon\n|rule|OHKO Clause: OHKO moves are banned\n|rule|Evasion Moves Clause: Evasion moves are banned\n|rule|Endless Battle Clause: Forcing endless battles is banned\n|rule|HP Percentage Mod: HP is shown in percentages\n|rule|Dynamax Clause: You cannot dynamax\n|clearpoke\n|poke|p1|Dragonite, F|\n|poke|p1|Heatran, F|\n|poke|p1|Clefable, F|\n|poke|p1|Corviknight, F|\n|poke|p1|Landorus-Therian, M|\n|poke|p1|Urshifu-*, F|\n|poke|p2|Volcanion|\n|poke|p2|Corviknight, M|\n|poke|p2|Mamoswine, F|\n|poke|p2|Blissey, F|\n|poke|p2|Rillaboom, M|\n|poke|p2|Hydreigon, M|\n|teampreview\n|inactive|Battle timer is ON: inactive players will automatically lose when time's up. (requested by jzxcvbn)\n|inactive|Jamario Mariomario also wants the timer to be on.\n|j| PrismaRetu\n|l| PrismaRetu\n|\n|t:|1653464320\n|start\n|switch|p1a: Urshifu|Urshifu-Rapid-Strike, F|100\/100\n|switch|p2a: Volcanion|Volcanion|100\/100\n|turn|1\n|\n|t:|1653464323\n|move|p1a: Urshifu|Close Combat|p2a: Volcanion\n|-damage|p2a: Volcanion|31\/100\n|-unboost|p1a: Urshifu|def|1\n|-unboost|p1a: Urshifu|spd|1\n|move|p2a: Volcanion|Steam Eruption|p1a: Urshifu\n|-resisted|p1a: Urshifu\n|-damage|p1a: Urshifu|0 fnt\n|faint|p1a: Urshifu\n|\n|upkeep\n|\n|t:|1653464334\n|switch|p1a: Clefable|Clefable, F|100\/100\n|turn|2\n|\n|t:|1653464342\n|switch|p2a: Hydreigon|Hydreigon, M|100\/100\n|move|p1a: Clefable|Stealth Rock|p2a: Hydreigon\n|-sidestart|p2: Jamario Mariomario|move: Stealth Rock\n|\n|upkeep\n|turn|3\n|\n|t:|1653464346\n|switch|p2a: Corviknight|Corviknight, M|100\/100\n|-damage|p2a: Corviknight|88\/100|[from] Stealth Rock\n|-ability|p2a: Corviknight|Pressure\n|move|p1a: Clefable|Moonblast|p2a: Corviknight\n|-resisted|p2a: Corviknight\n|-damage|p2a: Corviknight|72\/100\n|\n|upkeep\n|turn|4\n|\n|t:|1653464348\n|move|p2a: Corviknight|Defog|p1a: Clefable\n|-unboost|p1a: Clefable|evasion|1\n|-sideend|p2: Jamario Mariomario|Stealth Rock|[from] move: Defog|[of] p2a: Corviknight\n|move|p1a: Clefable|Flamethrower|p2a: Corviknight\n|-supereffective|p2a: Corviknight\n|-damage|p2a: Corviknight|31\/100\n|\n|upkeep\n|turn|5\n|\n|t:|1653464358\n|switch|p2a: Volcanion|Volcanion|31\/100\n|move|p1a: Clefable|Stealth Rock|p2a: Volcanion\n|-sidestart|p2: Jamario Mariomario|move: Stealth Rock\n|\n|upkeep\n|turn|6\n|\n|t:|1653464367\n|move|p2a: Volcanion|Sludge Wave|p1a: Clefable\n|-supereffective|p1a: Clefable\n|-damage|p1a: Clefable|29\/100\n|move|p1a: Clefable|Soft-Boiled|p1a: Clefable\n|-heal|p1a: Clefable|79\/100\n|\n|-heal|p1a: Clefable|86\/100|[from] item: Leftovers\n|upkeep\n|turn|7\n|\n|t:|1653464373\n|switch|p2a: Rillaboom|Rillaboom, M|100\/100\n|-damage|p2a: Rillaboom|88\/100|[from] Stealth Rock\n|-fieldstart|move: Grassy Terrain|[from] ability: Grassy Surge|[of] p2a: Rillaboom\n|switch|p1a: Heatran|Heatran, F|100\/100\n|\n|-heal|p2a: Rillaboom|94\/100|[from] Grassy Terrain\n|upkeep\n|turn|8\n|\n|t:|1653464382\n|move|p2a: Rillaboom|High Horsepower|p1a: Heatran\n|-supereffective|p1a: Heatran\n|-damage|p1a: Heatran|0 fnt\n|faint|p1a: Heatran\n|\n|-heal|p2a: Rillaboom|100\/100|[from] Grassy Terrain\n|upkeep\n|\n|t:|1653464394\n|switch|p1a: Dragonite|Dragonite, F|100\/100\n|turn|9\n|\n|t:|1653464406\n|switch|p2a: Hydreigon|Hydreigon, M|100\/100\n|-damage|p2a: Hydreigon|88\/100|[from] Stealth Rock\n|move|p1a: Dragonite|Dragon Dance|p1a: Dragonite\n|-boost|p1a: Dragonite|atk|1\n|-boost|p1a: Dragonite|spe|1\n|\n|upkeep\n|turn|10\n|\n|t:|1653464422\n|move|p1a: Dragonite|Ice Punch|p2a: Hydreigon\n|-supereffective|p2a: Hydreigon\n|-damage|p2a: Hydreigon|0 fnt\n|faint|p2a: Hydreigon\n|\n|upkeep\n|\n|t:|1653464432\n|switch|p2a: Corviknight|Corviknight, M|31\/100\n|-damage|p2a: Corviknight|19\/100|[from] Stealth Rock\n|-ability|p2a: Corviknight|Pressure\n|turn|11\n|\n|t:|1653464451\n|move|p1a: Dragonite|Ice Punch|p2a: Corviknight\n|-damage|p2a: Corviknight|0 fnt\n|-damage|p1a: Dragonite|84\/100|[from] item: Rocky Helmet|[of] p2a: Corviknight\n|faint|p2a: Corviknight\n|\n|-fieldend|move: Grassy Terrain\n|upkeep\n|\n|t:|1653464460\n|switch|p2a: Rillaboom|Rillaboom, M|100\/100\n|-damage|p2a: Rillaboom|88\/100|[from] Stealth Rock\n|-fieldstart|move: Grassy Terrain|[from] ability: Grassy Surge|[of] p2a: Rillaboom\n|turn|12\n|\n|t:|1653464467\n|switch|p2a: Blissey|Blissey, F|100\/100\n|move|p1a: Dragonite|Dual Wingbeat|p2a: Blissey\n|-damage|p2a: Blissey|72\/100\n|-crit|p2a: Blissey\n|-damage|p2a: Blissey|27\/100\n|-hitcount|p2a: Blissey|2\n|\n|-heal|p2a: Blissey|33\/100|[from] Grassy Terrain\n|upkeep\n|turn|13\n|\n|t:|1653464474\n|move|p1a: Dragonite|Dual Wingbeat|p2a: Blissey\n|-damage|p2a: Blissey|7\/100\n|-damage|p2a: Blissey|0 fnt\n|faint|p2a: Blissey\n|-hitcount|p2: Blissey|2\n|\n|upkeep\n|\n|t:|1653464477\n|switch|p2a: Mamoswine|Mamoswine, F|100\/100\n|-damage|p2a: Mamoswine|88\/100|[from] Stealth Rock\n|turn|14\n|\n|t:|1653464494\n|move|p1a: Dragonite|Dual Wingbeat|p2a: Mamoswine\n|-damage|p2a: Mamoswine|50\/100\n|-damage|p2a: Mamoswine|12\/100\n|-hitcount|p2a: Mamoswine|2\n|move|p2a: Mamoswine|Stealth Rock|p1a: Dragonite\n|-sidestart|p1: jzxcvbn|move: Stealth Rock\n|\n|-heal|p2a: Mamoswine|18\/100|[from] Grassy Terrain\n|upkeep\n|turn|15\n|\n|t:|1653464502\n|move|p2a: Mamoswine|Ice Shard|p1a: Dragonite\n|-supereffective|p1a: Dragonite\n|-damage|p1a: Dragonite|0 fnt\n|faint|p1a: Dragonite\n|\n|-heal|p2a: Mamoswine|24\/100|[from] Grassy Terrain\n|upkeep\n|\n|t:|1653464508\n|switch|p1a: Corviknight|Corviknight, F|100\/100\n|-damage|p1a: Corviknight|88\/100|[from] Stealth Rock\n|-ability|p1a: Corviknight|Pressure\n|turn|16\n|\n|t:|1653464513\n|move|p2a: Mamoswine|Icicle Crash|p1a: Corviknight\n|-damage|p1a: Corviknight|61\/100\n|move|p1a: Corviknight|Brave Bird|p2a: Mamoswine\n|-damage|p2a: Mamoswine|0 fnt\n|faint|p2a: Mamoswine\n|-damage|p1a: Corviknight|54\/100|[from] Recoil\n|\n|-fieldend|move: Grassy Terrain\n|upkeep\n|\n|t:|1653464517\n|switch|p2a: Volcanion|Volcanion|31\/100\n|-damage|p2a: Volcanion|6\/100|[from] Stealth Rock\n|turn|17\n|\n|t:|1653464544\n|switch|p1a: Landorus|Landorus-Therian, M|100\/100\n|-damage|p1a: Landorus|88\/100|[from] Stealth Rock\n|-ability|p1a: Landorus|Intimidate|boost\n|-unboost|p2a: Volcanion|atk|1\n|move|p2a: Volcanion|Steam Eruption|p1a: Landorus\n|-supereffective|p1a: Landorus\n|-damage|p1a: Landorus|0 fnt\n|faint|p1a: Landorus\n|\n|upkeep\n|\n|t:|1653464553\n|switch|p1a: Clefable|Clefable, F|86\/100\n|-damage|p1a: Clefable|73\/100|[from] Stealth Rock\n|turn|18\n|\n|t:|1653464564\n|move|p2a: Volcanion|Steam Eruption|p1a: Clefable\n|-damage|p1a: Clefable|14\/100\n|-status|p1a: Clefable|brn\n|move|p1a: Clefable|Moonblast|p2a: Volcanion\n|-resisted|p2a: Volcanion\n|-damage|p2a: Volcanion|0 fnt\n|faint|p2a: Volcanion\n|\n|-heal|p1a: Clefable|20\/100 brn|[from] item: Leftovers\n|-damage|p1a: Clefable|14\/100 brn|[from] brn\n|upkeep\n|\n|t:|1653464567\n|switch|p2a: Rillaboom|Rillaboom, M|88\/100\n|-damage|p2a: Rillaboom|76\/100|[from] Stealth Rock\n|-fieldstart|move: Grassy Terrain|[from] ability: Grassy Surge|[of] p2a: Rillaboom\n|turn|19\n|\n|t:|1653464570\n|move|p2a: Rillaboom|Knock Off|p1a: Clefable\n|-resisted|p1a: Clefable\n|-damage|p1a: Clefable|0 fnt\n|-enditem|p1a: Clefable|Leftovers|[from] move: Knock Off|[of] p2a: Rillaboom\n|faint|p1a: Clefable\n|\n|-heal|p2a: Rillaboom|82\/100|[from] Grassy Terrain\n|upkeep\n|\n|t:|1653464572\n|switch|p1a: Corviknight|Corviknight, F|54\/100\n|-damage|p1a: Corviknight|41\/100|[from] Stealth Rock\n|-ability|p1a: Corviknight|Pressure\n|turn|20\n|\n|t:|1653464575\n|move|p2a: Rillaboom|Knock Off|p1a: Corviknight\n|-damage|p1a: Corviknight|6\/100\n|-damage|p2a: Rillaboom|66\/100|[from] item: Rocky Helmet|[of] p1a: Corviknight\n|-enditem|p1a: Corviknight|Rocky Helmet|[from] move: Knock Off|[of] p2a: Rillaboom\n|move|p1a: Corviknight|Roost|p1a: Corviknight\n|-heal|p1a: Corviknight|56\/100\n|-singleturn|p1a: Corviknight|move: Roost\n|\n|-heal|p2a: Rillaboom|72\/100|[from] Grassy Terrain\n|-heal|p1a: Corviknight|62\/100|[from] Grassy Terrain\n|upkeep\n|turn|21\n|-message|Jamario Mariomario forfeited.\n|\n|win|jzxcvbn\n|raw|jzxcvbn's rating: 1583 &rarr; <strong>1608<\/strong><br \/>(+25 for winning)\n|raw|Jamario Mariomario's rating: 1678 &rarr; <strong>1653<\/strong><br \/>(-25 for losing)\n|l|\u2606Jamario Mariomario\n","uploadtime":1653464584,"views":5,"p1id":"jzxcvbn","p2id":"jamariomariomario","formatid":"gen8ou","rating":1608,"private":0,"password":null}