{"id":"gen8ou-1635241444","p1":"BR1547","p2":"jeandonis02","format":"gen8ou","log":"|j|\u2606BR1547\n|j|\u2606jeandonis02\n|t:|1659990570\n|gametype|singles\n|player|p1|BR1547|170|1594\n|player|p2|jeandonis02|lucas|1591\n|teamsize|p1|6\n|teamsize|p2|6\n|gen|8\n|tier|[Gen 8] OU\n|rated|\n|rule|Sleep Clause Mod: Limit one foe put to sleep\n|rule|Species Clause: Limit one of each Pok\u00e9mon\n|rule|OHKO Clause: OHKO moves are banned\n|rule|Evasion Items Clause: Evasion items are banned\n|rule|Evasion Moves Clause: Evasion moves are banned\n|rule|Endless Battle Clause: Forcing endless battles is banned\n|rule|HP Percentage Mod: HP is shown in percentages\n|rule|Dynamax Clause: You cannot dynamax\n|clearpoke\n|poke|p1|Magnezone|\n|poke|p1|Melmetal|\n|poke|p1|Landorus-Therian, M|\n|poke|p1|Tornadus-Therian, M|\n|poke|p1|Tapu Fini|\n|poke|p1|Nihilego|\n|poke|p2|Zeraora|\n|poke|p2|Toxapex, M|\n|poke|p2|Garchomp, F|\n|poke|p2|Rotom-Wash|\n|poke|p2|Ferrothorn, F|\n|poke|p2|Charizard, M|\n|teampreview\n|c|\u2606BR1547|hf\n|inactive|Battle timer is ON: inactive players will automatically lose when time's up. (requested by BR1547)\n|\n|t:|1659990635\n|start\n|switch|p1a: Big Bird|Tornadus-Therian, M|100\/100\n|switch|p2a: Rotom|Rotom-Wash|100\/100\n|turn|1\n|\n|t:|1659990640\n|move|p1a: Big Bird|Knock Off|p2a: Rotom\n|-damage|p2a: Rotom|83\/100\n|-enditem|p2a: Rotom|Leftovers|[from] move: Knock Off|[of] p1a: Big Bird\n|move|p2a: Rotom|Volt Switch|p1a: Big Bird\n|-supereffective|p1a: Big Bird\n|-damage|p1a: Big Bird|66\/100\n|\n|t:|1659990643\n|switch|p2a: Zeraora|Zeraora|100\/100|[from]move: Volt Switch\n|\n|upkeep\n|turn|2\n|\n|t:|1659990654\n|switch|p1a: Yves ST Laurent|Landorus-Therian, M|100\/100\n|-ability|p1a: Yves ST Laurent|Intimidate|boost\n|-unboost|p2a: Zeraora|atk|1\n|move|p2a: Zeraora|Knock Off|p1a: Yves ST Laurent\n|-damage|p1a: Yves ST Laurent|85\/100\n|-enditem|p1a: Yves ST Laurent|Leftovers|[from] move: Knock Off|[of] p2a: Zeraora\n|\n|upkeep\n|turn|3\n|\n|t:|1659990668\n|switch|p2a: Garchomp|Garchomp, F|100\/100\n|move|p1a: Yves ST Laurent|U-turn|p2a: Garchomp\n|-damage|p2a: Garchomp|80\/100\n|-damage|p1a: Yves ST Laurent|72\/100|[from] ability: Rough Skin|[of] p2a: Garchomp\n|\n|t:|1659990687\n|switch|p1a: Ariel|Tapu Fini|100\/100|[from]move: U-turn\n|-fieldstart|move: Misty Terrain|[from] ability: Misty Surge|[of] p1a: Ariel\n|\n|upkeep\n|turn|4\n|\n|t:|1659990695\n|move|p2a: Garchomp|Earthquake|p1a: Ariel\n|-damage|p1a: Ariel|48\/100\n|move|p1a: Ariel|Taunt|p2a: Garchomp\n|-start|p2a: Garchomp|move: Taunt\n|\n|-heal|p1a: Ariel|54\/100|[from] item: Leftovers\n|upkeep\n|turn|5\n|\n|t:|1659990703\n|switch|p2a: Rotom|Rotom-Wash|83\/100\n|switch|p1a: Yves ST Laurent|Landorus-Therian, M|72\/100\n|-ability|p1a: Yves ST Laurent|Intimidate|boost\n|-unboost|p2a: Rotom|atk|1\n|\n|upkeep\n|turn|6\n|\n|t:|1659990718\n|switch|p1a: Big Bird|Tornadus-Therian, M|99\/100\n|move|p2a: Rotom|Will-O-Wisp|p1a: Big Bird\n|-status|p1a: Big Bird|brn\n|\n|-damage|p1a: Big Bird|93\/100 brn|[from] brn\n|upkeep\n|turn|7\n|\n|t:|1659990728\n|move|p1a: Big Bird|U-turn|p2a: Rotom\n|-damage|p2a: Rotom|77\/100\n|\n|t:|1659990749\n|switch|p1a: Yves ST Laurent|Landorus-Therian, M|72\/100|[from]move: U-turn\n|-ability|p1a: Yves ST Laurent|Intimidate|boost\n|-unboost|p2a: Rotom|atk|1\n|move|p2a: Rotom|Hydro Pump|p1a: Yves ST Laurent|[miss]\n|-miss|p2a: Rotom|p1a: Yves ST Laurent\n|\n|-fieldend|Misty Terrain\n|upkeep\n|turn|8\n|inactive|BR1547 has 120 seconds left.\n|\n|t:|1659990767\n|move|p1a: Yves ST Laurent|U-turn|p2a: Rotom\n|-damage|p2a: Rotom|59\/100\n|inactive|BR1547 has 120 seconds left.\n|\n|t:|1659990774\n|switch|p1a: Ariel|Tapu Fini|54\/100|[from]move: U-turn\n|-fieldstart|move: Misty Terrain|[from] ability: Misty Surge|[of] p1a: Ariel\n|move|p2a: Rotom|Hydro Pump|p1a: Ariel\n|-resisted|p1a: Ariel\n|-damage|p1a: Ariel|38\/100\n|\n|-heal|p1a: Ariel|44\/100|[from] item: Leftovers\n|upkeep\n|turn|9\n|inactive|BR1547 has 120 seconds left.\n|\n|t:|1659990784\n|move|p1a: Ariel|Draining Kiss|p2a: Rotom\n|-damage|p2a: Rotom|45\/100\n|-heal|p1a: Ariel|54\/100|[from] drain|[of] p2a: Rotom\n|move|p2a: Rotom|Hydro Pump|p1a: Ariel\n|-resisted|p1a: Ariel\n|-damage|p1a: Ariel|38\/100\n|\n|-heal|p1a: Ariel|45\/100|[from] item: Leftovers\n|upkeep\n|turn|10\n|inactive|BR1547 has 120 seconds left.\n|\n|t:|1659990799\n|move|p1a: Ariel|Draining Kiss|p2a: Rotom\n|-damage|p2a: Rotom|30\/100\n|-heal|p1a: Ariel|54\/100|[from] drain|[of] p2a: Rotom\n|move|p2a: Rotom|Volt Switch|p1a: Ariel\n|-supereffective|p1a: Ariel\n|-damage|p1a: Ariel|12\/100\n|\n|t:|1659990805\n|switch|p2a: Garchomp|Garchomp, F|80\/100|[from]move: Volt Switch\n|\n|-heal|p1a: Ariel|19\/100|[from] item: Leftovers\n|upkeep\n|turn|11\n|\n|t:|1659990810\n|move|p2a: Garchomp|Iron Head|p1a: Ariel\n|-damage|p1a: Ariel|0 fnt\n|faint|p1a: Ariel\n|\n|upkeep\n|inactive|BR1547 has 120 seconds left.\n|\n|t:|1659990843\n|switch|p1a: Pull me CLoser|Magnezone|100\/100\n|turn|12\n|\n|t:|1659990858\n|switch|p2a: Toxapex|Toxapex, M|100\/100\n|switch|p1a: Yves ST Laurent|Landorus-Therian, M|72\/100\n|-ability|p1a: Yves ST Laurent|Intimidate|boost\n|-unboost|p2a: Toxapex|atk|1\n|\n|-fieldend|Misty Terrain\n|upkeep\n|turn|13\n|\n|t:|1659990875\n|move|p1a: Yves ST Laurent|U-turn|p2a: Toxapex\n|-resisted|p2a: Toxapex\n|-damage|p2a: Toxapex|93\/100\n|\n|t:|1659990878\n|switch|p1a: Big Bird|Tornadus-Therian, M|100\/100 brn|[from]move: U-turn\n|move|p2a: Toxapex|Toxic||[still]\n|-fail|p2a: Toxapex\n|\n|-heal|p2a: Toxapex|99\/100|[from] item: Black Sludge\n|-damage|p1a: Big Bird|94\/100 brn|[from] brn\n|upkeep\n|turn|14\n|\n|t:|1659990888\n|switch|p2a: Ferrothorn|Ferrothorn, F|100\/100\n|move|p1a: Big Bird|Hurricane|p2a: Ferrothorn\n|-damage|p2a: Ferrothorn|68\/100\n|\n|-damage|p1a: Big Bird|88\/100 brn|[from] brn\n|upkeep\n|turn|15\n|\n|t:|1659990901\n|switch|p2a: Garchomp|Garchomp, F|80\/100\n|move|p1a: Big Bird|U-turn|p2a: Garchomp\n|-damage|p2a: Garchomp|73\/100\n|-damage|p1a: Big Bird|76\/100 brn|[from] ability: Rough Skin|[of] p2a: Garchomp\n|\n|t:|1659990910\n|switch|p1a: Yves ST Laurent|Landorus-Therian, M|72\/100|[from]move: U-turn\n|-ability|p1a: Yves ST Laurent|Intimidate|boost\n|-unboost|p2a: Garchomp|atk|1\n|\n|upkeep\n|turn|16\n|\n|t:|1659990918\n|move|p2a: Garchomp|Outrage|p1a: Yves ST Laurent\n|-damage|p1a: Yves ST Laurent|22\/100\n|move|p1a: Yves ST Laurent|Toxic|p2a: Garchomp\n|-status|p2a: Garchomp|tox\n|\n|-damage|p2a: Garchomp|67\/100 tox|[from] psn\n|upkeep\n|turn|17\n|\n|t:|1659990926\n|switch|p1a: Pull me CLoser|Magnezone|100\/100\n|move|p2a: Garchomp|Outrage|p1a: Pull me CLoser|[from]lockedmove\n|-resisted|p1a: Pull me CLoser\n|-damage|p1a: Pull me CLoser|77\/100\n|-damage|p2a: Garchomp|50\/100 tox|[from] item: Rocky Helmet|[of] p1a: Pull me CLoser\n|-start|p2a: Garchomp|confusion|[fatigue]\n|\n|-damage|p2a: Garchomp|38\/100 tox|[from] psn\n|upkeep\n|turn|18\n|inactive|BR1547 has 120 seconds left.\n|\n|t:|1659990949\n|switch|p2a: Toxapex|Toxapex, M|100\/100\n|move|p1a: Pull me CLoser|Iron Defense|p1a: Pull me CLoser\n|-boost|p1a: Pull me CLoser|def|2\n|\n|upkeep\n|turn|19\n|inactive|BR1547 has 120 seconds left.\n|\n|t:|1659990957\n|move|p1a: Pull me CLoser|Thunderbolt|p2a: Toxapex\n|-supereffective|p2a: Toxapex\n|-crit|p2a: Toxapex\n|-damage|p2a: Toxapex|29\/100\n|move|p2a: Toxapex|Haze|p2a: Toxapex\n|-clearallboost\n|\n|-heal|p2a: Toxapex|35\/100|[from] item: Black Sludge\n|upkeep\n|turn|20\n|\n|t:|1659990966\n|switch|p2a: Garchomp|Garchomp, F|38\/100 tox\n|move|p1a: Pull me CLoser|Thunderbolt|p2a: Garchomp\n|-immune|p2a: Garchomp\n|\n|-damage|p2a: Garchomp|32\/100 tox|[from] psn\n|upkeep\n|turn|21\n|\n|t:|1659990976\n|switch|p2a: Ferrothorn|Ferrothorn, F|68\/100\n|switch|p1a: Yves ST Laurent|Landorus-Therian, M|22\/100\n|-ability|p1a: Yves ST Laurent|Intimidate|boost\n|-unboost|p2a: Ferrothorn|atk|1\n|\n|upkeep\n|turn|22\n|\n|t:|1659990988\n|switch|p1a: Pull me CLoser|Magnezone|77\/100\n|move|p2a: Ferrothorn|Leech Seed|p1a: Pull me CLoser\n|-start|p1a: Pull me CLoser|move: Leech Seed\n|\n|-damage|p1a: Pull me CLoser|65\/100|[from] Leech Seed|[of] p2a: Ferrothorn\n|-heal|p2a: Ferrothorn|79\/100|[silent]\n|upkeep\n|turn|23\n|\n|t:|1659991004\n|move|p1a: Pull me CLoser|Iron Defense|p1a: Pull me CLoser\n|-boost|p1a: Pull me CLoser|def|2\n|move|p2a: Ferrothorn|Stealth Rock|p1a: Pull me CLoser\n|-sidestart|p1: BR1547|move: Stealth Rock\n|\n|-damage|p1a: Pull me CLoser|53\/100|[from] Leech Seed|[of] p2a: Ferrothorn\n|-heal|p2a: Ferrothorn|90\/100|[silent]\n|upkeep\n|turn|24\n|\n|t:|1659991010\n|move|p1a: Pull me CLoser|Iron Defense|p1a: Pull me CLoser\n|-boost|p1a: Pull me CLoser|def|2\n|move|p2a: Ferrothorn|Gyro Ball|p1a: Pull me CLoser\n|-resisted|p1a: Pull me CLoser\n|-damage|p1a: Pull me CLoser|51\/100\n|-damage|p2a: Ferrothorn|74\/100|[from] item: Rocky Helmet|[of] p1a: Pull me CLoser\n|\n|-damage|p1a: Pull me CLoser|39\/100|[from] Leech Seed|[of] p2a: Ferrothorn\n|-heal|p2a: Ferrothorn|85\/100|[silent]\n|upkeep\n|turn|25\n|\n|t:|1659991018\n|move|p1a: Pull me CLoser|Body Press|p2a: Ferrothorn\n|-supereffective|p2a: Ferrothorn\n|-damage|p2a: Ferrothorn|0 fnt\n|-damage|p1a: Pull me CLoser|26\/100|[from] ability: Iron Barbs|[of] p2a: Ferrothorn\n|-damage|p1a: Pull me CLoser|10\/100|[from] item: Rocky Helmet|[of] p2a: Ferrothorn\n|faint|p2a: Ferrothorn\n|\n|upkeep\n|\n|t:|1659991032\n|switch|p2a: Rotom|Rotom-Wash|30\/100\n|turn|26\n|\n|t:|1659991039\n|move|p2a: Rotom|Volt Switch|p1a: Pull me CLoser\n|-resisted|p1a: Pull me CLoser\n|-damage|p1a: Pull me CLoser|0 fnt\n|faint|p1a: Pull me CLoser\n|\n|t:|1659991048\n|switch|p2a: Zeraora|Zeraora|100\/100|[from]move: Volt Switch\n|\n|upkeep\n|\n|t:|1659991071\n|switch|p1a: Mel Tucker|Melmetal|100\/100\n|-damage|p1a: Mel Tucker|94\/100|[from] Stealth Rock\n|turn|27\n|\n|t:|1659991079\n|switch|p2a: Rotom|Rotom-Wash|30\/100\n|move|p1a: Mel Tucker|Toxic|p2a: Rotom\n|-status|p2a: Rotom|tox\n|\n|-heal|p1a: Mel Tucker|100\/100|[from] item: Leftovers\n|-damage|p2a: Rotom|24\/100 tox|[from] psn\n|upkeep\n|turn|28\n|\n|t:|1659991088\n|move|p1a: Mel Tucker|Protect|p1a: Mel Tucker\n|-singleturn|p1a: Mel Tucker|Protect\n|move|p2a: Rotom|Hydro Pump|p1a: Mel Tucker\n|-activate|p1a: Mel Tucker|move: Protect\n|\n|-damage|p2a: Rotom|11\/100 tox|[from] psn\n|upkeep\n|turn|29\n|\n|t:|1659991099\n|switch|p1a: Big Bird|Tornadus-Therian, M|100\/100 brn\n|-damage|p1a: Big Bird|76\/100 brn|[from] Stealth Rock\n|move|p2a: Rotom|Volt Switch|p1a: Big Bird\n|-supereffective|p1a: Big Bird\n|-damage|p1a: Big Bird|45\/100 brn\n|\n|t:|1659991102\n|switch|p2a: Zeraora|Zeraora|100\/100|[from]move: Volt Switch\n|\n|-damage|p1a: Big Bird|39\/100 brn|[from] brn\n|upkeep\n|turn|30\n|\n|t:|1659991112\n|switch|p1a: Yves ST Laurent|Landorus-Therian, M|22\/100\n|-damage|p1a: Yves ST Laurent|9\/100|[from] Stealth Rock\n|-ability|p1a: Yves ST Laurent|Intimidate|boost\n|-unboost|p2a: Zeraora|atk|1\n|move|p2a: Zeraora|Plasma Fists|p1a: Yves ST Laurent\n|-immune|p1a: Yves ST Laurent\n|\n|upkeep\n|turn|31\n|\n|t:|1659991122\n|move|p2a: Zeraora|Knock Off|p1a: Yves ST Laurent\n|-damage|p1a: Yves ST Laurent|0 fnt\n|faint|p1a: Yves ST Laurent\n|\n|upkeep\n|inactive|BR1547 has 120 seconds left.\n|inactive|BR1547 has 90 seconds left.\n|\n|t:|1659991192\n|switch|p1a: Meth Jelly|Nihilego|100\/100\n|-damage|p1a: Meth Jelly|88\/100|[from] Stealth Rock\n|turn|32\n|\n|t:|1659991198\n|move|p2a: Zeraora|Knock Off|p1a: Meth Jelly\n|-damage|p1a: Meth Jelly|58\/100\n|-enditem|p1a: Meth Jelly|Power Herb|[from] move: Knock Off|[of] p2a: Zeraora\n|move|p1a: Meth Jelly|Meteor Beam||[still]\n|-prepare|p1a: Meth Jelly|Meteor Beam\n|-boost|p1a: Meth Jelly|spa|1\n|\n|upkeep\n|turn|33\n|inactive|BR1547 has 90 seconds left.\n|\n|t:|1659991217\n|move|p2a: Zeraora|Plasma Fists|p1a: Meth Jelly\n|-damage|p1a: Meth Jelly|12\/100\n|-fieldactivate|move: Ion Deluge\n|-hint|Normal-type moves become Electric-type after using Plasma Fists.\n|move|p1a: Meth Jelly|Meteor Beam|p2a: Zeraora|[from]lockedmove\n|-enditem|p2a: Zeraora|Focus Sash\n|-damage|p2a: Zeraora|1\/100\n|\n|upkeep\n|turn|34\n|inactive|BR1547 has 90 seconds left.\n|\n|t:|1659991230\n|move|p2a: Zeraora|Knock Off|p1a: Meth Jelly\n|-damage|p1a: Meth Jelly|0 fnt\n|faint|p1a: Meth Jelly\n|\n|upkeep\n|c|\u2606BR1547|man\n|inactive|BR1547 has 90 seconds left.\n|\n|t:|1659991236\n|switch|p1a: Mel Tucker|Melmetal|100\/100\n|-damage|p1a: Mel Tucker|94\/100|[from] Stealth Rock\n|turn|35\n|l|\u2606jeandonis02\n|inactive|jeandonis02 disconnected and has a minute to reconnect!\n|player|p2|\n|inactive|jeandonis02 has 30 seconds to reconnect!\n|inactive|jeandonis02 has 20 seconds to reconnect!\n|inactive|jeandonis02 has 15 seconds to reconnect!\n|inactive|jeandonis02 has 10 seconds to reconnect!\n|j|\u2606jeandonis02\n|inactive|jeandonis02 reconnected and has 85 seconds left.\n|player|p2|jeandonis02|lucas\n|\n|t:|1659991307\n|move|p2a: Zeraora|Knock Off|p1a: Mel Tucker\n|-damage|p1a: Mel Tucker|82\/100\n|-enditem|p1a: Mel Tucker|Leftovers|[from] move: Knock Off|[of] p2a: Zeraora\n|move|p1a: Mel Tucker|Double Iron Bash|p2a: Zeraora\n|-resisted|p2a: Zeraora\n|-damage|p2a: Zeraora|0 fnt\n|faint|p2a: Zeraora\n|-hitcount|p2: Zeraora|1\n|\n|upkeep\n|c|\u2606BR1547|gg\n|inactive|jeandonis02 has 60 seconds left.\n|\n|t:|1659991342\n|switch|p2a: Toxapex|Toxapex, M|68\/100\n|turn|36\n|inactive|jeandonis02 has 30 seconds left.\n|\n|t:|1659991373\n|switch|p2a: Charizard|Charizard, M|100\/100\n|move|p1a: Mel Tucker|Earthquake|p2a: Charizard\n|-immune|p2a: Charizard\n|\n|upkeep\n|turn|37\n|inactive|BR1547 has 120 seconds left.\n|\n|t:|1659991382\n|switch|p2a: Toxapex|Toxapex, M|100\/100\n|switch|p1a: Big Bird|Tornadus-Therian, M|72\/100 brn\n|-damage|p1a: Big Bird|47\/100 brn|[from] Stealth Rock\n|\n|-damage|p1a: Big Bird|41\/100 brn|[from] brn\n|upkeep\n|turn|38\n|\n|t:|1659991390\n|move|p1a: Big Bird|Knock Off|p2a: Toxapex\n|-damage|p2a: Toxapex|93\/100\n|-enditem|p2a: Toxapex|Black Sludge|[from] move: Knock Off|[of] p1a: Big Bird\n|move|p2a: Toxapex|Scald|p1a: Big Bird\n|-damage|p1a: Big Bird|31\/100 brn\n|\n|-damage|p1a: Big Bird|25\/100 brn|[from] brn\n|upkeep\n|turn|39\n|\n|t:|1659991397\n|move|p1a: Big Bird|U-turn|p2a: Toxapex\n|-resisted|p2a: Toxapex\n|-damage|p2a: Toxapex|90\/100\n|\n|t:|1659991400\n|switch|p1a: Mel Tucker|Melmetal|82\/100|[from]move: U-turn\n|-damage|p1a: Mel Tucker|75\/100|[from] Stealth Rock\n|move|p2a: Toxapex|Scald|p1a: Mel Tucker\n|-damage|p1a: Mel Tucker|58\/100\n|\n|upkeep\n|turn|40\n|\n|t:|1659991408\n|move|p1a: Mel Tucker|Double Iron Bash|p2a: Toxapex\n|-resisted|p2a: Toxapex\n|-damage|p2a: Toxapex|74\/100\n|-resisted|p2a: Toxapex\n|-damage|p2a: Toxapex|58\/100\n|-hitcount|p2a: Toxapex|2\n|move|p2a: Toxapex|Scald|p1a: Mel Tucker\n|-damage|p1a: Mel Tucker|41\/100\n|\n|upkeep\n|turn|41\n|\n|t:|1659991418\n|switch|p2a: Rotom|Rotom-Wash|11\/100 tox\n|move|p1a: Mel Tucker|Earthquake|p2a: Rotom\n|-immune|p2a: Rotom|[from] ability: Levitate\n|\n|-damage|p2a: Rotom|5\/100 tox|[from] psn\n|upkeep\n|turn|42\n|\n|t:|1659991426\n|switch|p2a: Toxapex|Toxapex, M|92\/100\n|move|p1a: Mel Tucker|Protect||[still]\n|-fail|p1a: Mel Tucker\n|\n|upkeep\n|turn|43\n|-message|BR1547 forfeited.\n|\n|win|jeandonis02\n|raw|BR1547's rating: 1594 &rarr; <strong>1574<\/strong><br \/>(-20 for losing)\n|raw|jeandonis02's rating: 1591 &rarr; <strong>1611<\/strong><br \/>(+20 for winning)\n|l|\u2606BR1547\n||Ladder isn't responding, score probably updated but might not have (Request timeout).\n","uploadtime":1659991442,"views":35,"p1id":"br1547","p2id":"jeandonis02","formatid":"gen8ou","rating":1574,"private":0,"password":null}