{"id":"gen8nationaldex-1666418601","p1":"Forwards","p2":"MikePlayzTendo","format":"gen8nationaldex","log":"|j|\u2606Forwards\n|j|\u2606MikePlayzTendo\n|inactive|Battle timer is ON: inactive players will automatically lose when time's up.\n|t:|1663406368\n|gametype|singles\n|player|p1|Forwards|rollerskater|\n|player|p2|MikePlayzTendo|ghetsis|\n|teamsize|p1|6\n|teamsize|p2|6\n|gen|8\n|tier|[Gen 8] National Dex\n|rated|Tournament battle\n|rule|HP Percentage Mod: HP is shown in percentages\n|rule|Endless Battle Clause: Forcing endless battles is banned\n|rule|OHKO Clause: OHKO moves are banned\n|rule|Evasion Moves Clause: Evasion moves are banned\n|rule|Species Clause: Limit one of each Pok\u00e9mon\n|rule|Dynamax Clause: You cannot dynamax\n|rule|Sleep Clause Mod: Limit one foe put to sleep\n|clearpoke\n|poke|p1|Urshifu-*, F|\n|poke|p1|Kyurem|\n|poke|p1|Clefable, F|\n|poke|p1|Ferrothorn, M|\n|poke|p1|Swampert, F|\n|poke|p1|Pelipper, M|\n|poke|p2|Aegislash, F|\n|poke|p2|Hydreigon, F|\n|poke|p2|Chansey, F|\n|poke|p2|Corviknight, F|\n|poke|p2|Ditto|\n|poke|p2|Volcanion|\n|teampreview\n|\n|t:|1663406378\n|start\n|switch|p1a: Pelipper|Pelipper, M|100\/100\n|switch|p2a: Chansey|Chansey, F|100\/100\n|-weather|RainDance|[from] ability: Drizzle|[of] p1a: Pelipper\n|turn|1\n|\n|t:|1663406382\n|move|p1a: Pelipper|Knock Off|p2a: Chansey\n|-damage|p2a: Chansey|93\/100\n|-enditem|p2a: Chansey|Eviolite|[from] move: Knock Off|[of] p1a: Pelipper\n|move|p2a: Chansey|Toxic|p1a: Pelipper\n|-status|p1a: Pelipper|tox\n|\n|-weather|RainDance|[upkeep]\n|-damage|p1a: Pelipper|94\/100 tox|[from] psn\n|upkeep\n|turn|2\n|\n|t:|1663406386\n|move|p1a: Pelipper|U-turn|p2a: Chansey\n|-damage|p2a: Chansey|86\/100\n|\n|t:|1663406388\n|switch|p1a: Ferrothorn|Ferrothorn, M|100\/100|[from]move: U-turn\n|move|p2a: Chansey|Stealth Rock|p1a: Ferrothorn\n|-sidestart|p1: Forwards|move: Stealth Rock\n|\n|-weather|RainDance|[upkeep]\n|upkeep\n|turn|3\n|\n|t:|1663406401\n|switch|p2a: Volcanion|Volcanion|100\/100\n|move|p1a: Ferrothorn|Stealth Rock|p2a: Volcanion\n|-sidestart|p2: MikePlayzTendo|move: Stealth Rock\n|\n|-weather|RainDance|[upkeep]\n|upkeep\n|turn|4\n|\n|t:|1663406410\n|move|p2a: Volcanion|Flamethrower|p1a: Ferrothorn\n|-supereffective|p1a: Ferrothorn\n|-damage|p1a: Ferrothorn|41\/100\n|move|p1a: Ferrothorn|Spikes|p2a: Volcanion\n|-sidestart|p2: MikePlayzTendo|Spikes\n|\n|-weather|RainDance|[upkeep]\n|-heal|p1a: Ferrothorn|48\/100|[from] item: Leftovers\n|upkeep\n|turn|5\n|\n|t:|1663406416\n|switch|p1a: Swampert|Swampert, F|100\/100\n|-damage|p1a: Swampert|94\/100|[from] Stealth Rock\n|move|p2a: Volcanion|Defog|p1a: Swampert\n|-unboost|p1a: Swampert|evasion|1\n|-sideend|p1: Forwards|Stealth Rock|[from] move: Defog|[of] p2a: Volcanion\n|-sideend|p2: MikePlayzTendo|Spikes|[from] move: Defog|[of] p2a: Volcanion\n|-sideend|p2: MikePlayzTendo|Stealth Rock|[from] move: Defog|[of] p2a: Volcanion\n|\n|-weather|RainDance|[upkeep]\n|upkeep\n|turn|6\n|\n|t:|1663406427\n|detailschange|p1a: Swampert|Swampert-Mega, F\n|-mega|p1a: Swampert|Swampert|Swampertite\n|move|p1a: Swampert|Flip Turn|p2a: Volcanion\n|-immune|p2a: Volcanion|[from] ability: Water Absorb\n|move|p2a: Volcanion|Steam Eruption|p1a: Swampert\n|-damage|p1a: Swampert|11\/100\n|\n|-weather|RainDance|[upkeep]\n|upkeep\n|turn|7\n|\n|t:|1663406433\n|move|p1a: Swampert|Earthquake|p2a: Volcanion\n|-supereffective|p2a: Volcanion\n|-damage|p2a: Volcanion|0 fnt\n|faint|p2a: Volcanion\n|\n|-weather|RainDance|[upkeep]\n|upkeep\n|\n|t:|1663406447\n|switch|p2a: Hydreigon|Hydreigon, F|100\/100\n|turn|8\n|j| pzoa\n|\n|t:|1663406450\n|move|p1a: Swampert|Ice Punch|p2a: Hydreigon\n|-supereffective|p2a: Hydreigon\n|-damage|p2a: Hydreigon|30\/100\n|move|p2a: Hydreigon|Dark Pulse|p1a: Swampert\n|-damage|p1a: Swampert|0 fnt\n|faint|p1a: Swampert\n|\n|-weather|none\n|-heal|p2a: Hydreigon|36\/100|[from] item: Leftovers\n|upkeep\n|\n|t:|1663406458\n|switch|p1a: Kyurem|Kyurem, shiny|100\/100\n|-ability|p1a: Kyurem|Pressure\n|turn|9\n|\n|t:|1663406464\n|move|p2a: Hydreigon|Flash Cannon|p1a: Kyurem\n|-supereffective|p1a: Kyurem\n|-damage|p1a: Kyurem|47\/100\n|move|p1a: Kyurem|Ice Beam|p2a: Hydreigon\n|-supereffective|p2a: Hydreigon\n|-damage|p2a: Hydreigon|0 fnt\n|faint|p2a: Hydreigon\n|\n|upkeep\n|j| Backstabber9\n|\n|t:|1663406469\n|switch|p2a: Corviknight|Corviknight, F|100\/100\n|-ability|p2a: Corviknight|Pressure\n|turn|10\n|\n|t:|1663406483\n|move|p1a: Kyurem|Ice Beam|p2a: Corviknight\n|-damage|p2a: Corviknight|22\/100\n|move|p2a: Corviknight|Iron Head|p1a: Kyurem\n|-supereffective|p1a: Kyurem\n|-damage|p1a: Kyurem|3\/100\n|\n|-heal|p2a: Corviknight|29\/100|[from] item: Leftovers\n|upkeep\n|turn|11\n|\n|t:|1663406488\n|switch|p2a: Chansey|Chansey, F|86\/100\n|move|p1a: Kyurem|Ice Beam|p2a: Chansey\n|-damage|p2a: Chansey|52\/100\n|\n|upkeep\n|turn|12\n|\n|t:|1663406511\n|switch|p1a: Ferrothorn|Ferrothorn, M|48\/100\n|move|p2a: Chansey|Soft-Boiled|p2a: Chansey\n|-heal|p2a: Chansey|100\/100\n|\n|-heal|p1a: Ferrothorn|54\/100|[from] item: Leftovers\n|upkeep\n|turn|13\n|\n|t:|1663406517\n|switch|p2a: Corviknight|Corviknight, F|29\/100\n|-ability|p2a: Corviknight|Pressure\n|move|p1a: Ferrothorn|Stealth Rock|p2a: Corviknight\n|-sidestart|p2: MikePlayzTendo|move: Stealth Rock\n|\n|-heal|p2a: Corviknight|35\/100|[from] item: Leftovers\n|-heal|p1a: Ferrothorn|60\/100|[from] item: Leftovers\n|upkeep\n|turn|14\n|\n|t:|1663406520\n|move|p2a: Corviknight|Brave Bird|p1a: Ferrothorn\n|-damage|p1a: Ferrothorn|32\/100\n|-damage|p2a: Corviknight|22\/100|[from] ability: Iron Barbs|[of] p1a: Ferrothorn\n|-damage|p2a: Corviknight|14\/100|[from] Recoil\n|move|p1a: Ferrothorn|Knock Off|p2a: Corviknight\n|-damage|p2a: Corviknight|0 fnt\n|-enditem|p2a: Corviknight|Leftovers|[from] move: Knock Off|[of] p1a: Ferrothorn\n|faint|p2a: Corviknight\n|\n|-heal|p1a: Ferrothorn|38\/100|[from] item: Leftovers\n|upkeep\n|\n|t:|1663406528\n|switch|p2a: Aegislash|Aegislash, F|100\/100\n|-damage|p2a: Aegislash|94\/100|[from] Stealth Rock\n|turn|15\n|\n|t:|1663406536\n|move|p2a: Aegislash|Substitute|p2a: Aegislash\n|-start|p2a: Aegislash|Substitute\n|-damage|p2a: Aegislash|69\/100\n|move|p1a: Ferrothorn|Knock Off|p2a: Aegislash\n|-supereffective|p2a: Aegislash\n|-end|p2a: Aegislash|Substitute\n|\n|-heal|p2a: Aegislash|75\/100|[from] item: Leftovers\n|-heal|p1a: Ferrothorn|45\/100|[from] item: Leftovers\n|upkeep\n|turn|16\n|\n|t:|1663406542\n|-formechange|p2a: Aegislash|Aegislash-Blade||[from] ability: Stance Change\n|move|p2a: Aegislash|Shadow Ball|p1a: Ferrothorn\n|-damage|p1a: Ferrothorn|11\/100\n|move|p1a: Ferrothorn|Knock Off|p2a: Aegislash\n|-supereffective|p2a: Aegislash\n|-damage|p2a: Aegislash|0 fnt\n|-enditem|p2a: Aegislash|Leftovers|[from] move: Knock Off|[of] p1a: Ferrothorn\n|faint|p2a: Aegislash\n|\n|-heal|p1a: Ferrothorn|18\/100|[from] item: Leftovers\n|upkeep\n|\n|t:|1663406547\n|switch|p2a: Ditto|Ditto|100\/100\n|-damage|p2a: Ditto|88\/100|[from] Stealth Rock\n|-transform|p2a: Ditto|p1a: Ferrothorn|[from] ability: Imposter\n|turn|17\n|\n|t:|1663406553\n|move|p2a: Ditto|Knock Off|p1a: Ferrothorn\n|-damage|p1a: Ferrothorn|0 fnt\n|-damage|p2a: Ditto|76\/100|[from] ability: Iron Barbs|[of] p1a: Ferrothorn\n|-enditem|p1a: Ferrothorn|Leftovers|[from] move: Knock Off|[of] p2a: Ditto\n|faint|p1a: Ferrothorn\n|\n|upkeep\n|\n|t:|1663406556\n|switch|p1a: Urshifu|Urshifu-Rapid-Strike, F|100\/100\n|turn|18\n|\n|t:|1663406560\n|switch|p2a: Chansey|Chansey, F|100\/100\n|-damage|p2a: Chansey|88\/100|[from] Stealth Rock\n|move|p1a: Urshifu|Close Combat|p2a: Chansey\n|-supereffective|p2a: Chansey\n|-damage|p2a: Chansey|0 fnt\n|-unboost|p1a: Urshifu|def|1\n|-unboost|p1a: Urshifu|spd|1\n|faint|p2a: Chansey\n|\n|upkeep\n|\n|t:|1663406566\n|switch|p2a: Ditto|Ditto|76\/100\n|-damage|p2a: Ditto|63\/100|[from] Stealth Rock\n|-transform|p2a: Ditto|p1a: Urshifu|[from] ability: Imposter\n|turn|19\n|inactive|Forwards has 120 seconds left.\n|\n|t:|1663406613\n|switch|p1a: Kyurem|Kyurem, shiny|3\/100\n|-ability|p1a: Kyurem|Pressure\n|move|p2a: Ditto|Surging Strikes|p1a: Kyurem\n|-resisted|p1a: Kyurem\n|-crit|p1a: Kyurem\n|-damage|p1a: Kyurem|0 fnt\n|faint|p1a: Kyurem\n|-hitcount|p1: Kyurem|1\n|\n|upkeep\n|\n|t:|1663406615\n|switch|p1a: Urshifu|Urshifu-Rapid-Strike, F|100\/100\n|turn|20\n|\n|t:|1663406618\n|move|p2a: Ditto|Surging Strikes|p1a: Urshifu\n|-resisted|p1a: Urshifu\n|-crit|p1a: Urshifu\n|-damage|p1a: Urshifu|90\/100\n|-resisted|p1a: Urshifu\n|-crit|p1a: Urshifu\n|-damage|p1a: Urshifu|81\/100\n|-resisted|p1a: Urshifu\n|-crit|p1a: Urshifu\n|-damage|p1a: Urshifu|71\/100\n|-hitcount|p1a: Urshifu|3\n|move|p1a: Urshifu|Close Combat|p2a: Ditto\n|-damage|p2a: Ditto|0 fnt\n|-unboost|p1a: Urshifu|def|1\n|-unboost|p1a: Urshifu|spd|1\n|faint|p2a: Ditto\n|\n|win|Forwards\n|n|\u2606Forwards|forwards\n|n|\u2606MikePlayzTendo|mikeplayztendo\n|n| pzoa|pzoa\n|n| Backstabber9|backstabber9\n","uploadtime":1663406619,"views":9,"p1id":"forwards","p2id":"mikeplayztendo","formatid":"gen8nationaldex","rating":0,"private":0,"password":null}