{"id":"gen8anythinggoes-1681224568","p1":"AGLT5TX Electro","p2":"yokobaby","format":"gen8anythinggoes","log":"|raw|<div class=\"broadcast-blue\"><strong>This battle is required to be public due to a player having a name starting with 'aglt5tx'.<\/div>\n|j|\u2606AGLT5TX Electro\n|j|\u2606yokobaby\n|t:|1665283799\n|gametype|singles\n|player|p1|AGLT5TX Electro|volkner-masters|1808\n|player|p2|yokobaby|cynthia-masters|1780\n|teamsize|p1|6\n|teamsize|p2|6\n|gen|8\n|tier|[Gen 8] Anything Goes\n|rated|\n|rule|HP Percentage Mod: HP is shown in percentages\n|rule|Endless Battle Clause: Forcing endless battles is banned\n|clearpoke\n|poke|p1|Aerodactyl, F|\n|poke|p1|Butterfree, M|\n|poke|p1|Calyrex-Shadow|\n|poke|p1|Yveltal|\n|poke|p1|Dialga|\n|poke|p1|Kyogre|\n|poke|p2|Ditto|\n|poke|p2|Kyogre|\n|poke|p2|Ferrothorn, M|\n|poke|p2|Eternatus|\n|poke|p2|Yveltal|\n|poke|p2|Necrozma-Dusk-Mane|\n|teampreview\n|inactive|Battle timer is ON: inactive players will automatically lose when time's up. (requested by AGLT5TX Electro)\n|j| AGLT5TX poke\n|j| AGLT5TX Simi\/Bello\n|\n|t:|1665283819\n|start\n|switch|p1a: Aerodactyl|Aerodactyl, F|100\/100\n|switch|p2a: Kyogre|Kyogre|100\/100\n|-ability|p1a: Aerodactyl|Pressure\n|-weather|RainDance|[from] ability: Drizzle|[of] p2a: Kyogre\n|turn|1\n|\n|t:|1665283822\n|move|p1a: Aerodactyl|Stealth Rock|p2a: Kyogre\n|-sidestart|p2: yokobaby|move: Stealth Rock\n|move|p2a: Kyogre|Substitute|p2a: Kyogre\n|-start|p2a: Kyogre|Substitute\n|-damage|p2a: Kyogre|76\/100\n|\n|-weather|RainDance|[upkeep]\n|-heal|p2a: Kyogre|82\/100|[from] item: Leftovers\n|upkeep\n|turn|2\n|\n|t:|1665283825\n|move|p1a: Aerodactyl|Taunt|p2a: Kyogre\n|-start|p2a: Kyogre|move: Taunt\n|move|p2a: Kyogre|Surf|p1a: Aerodactyl\n|-supereffective|p1a: Aerodactyl\n|-enditem|p1a: Aerodactyl|Focus Sash\n|-damage|p1a: Aerodactyl|1\/100\n|\n|-weather|RainDance|[upkeep]\n|-heal|p2a: Kyogre|88\/100|[from] item: Leftovers\n|upkeep\n|turn|3\n|j| AGLT5TX TGK2.O\n|\n|t:|1665283830\n|move|p1a: Aerodactyl|Rock Tomb|p2a: Kyogre\n|-activate|p2a: Kyogre|move: Substitute|[damage]\n|move|p2a: Kyogre|Surf|p1a: Aerodactyl\n|-supereffective|p1a: Aerodactyl\n|-damage|p1a: Aerodactyl|0 fnt\n|faint|p1a: Aerodactyl\n|\n|-weather|RainDance|[upkeep]\n|-heal|p2a: Kyogre|94\/100|[from] item: Leftovers\n|upkeep\n|\n|t:|1665283833\n|switch|p1a: Dialga|Dialga|100\/100\n|-ability|p1a: Dialga|Pressure\n|turn|4\n|\n|t:|1665283836\n|move|p2a: Kyogre|Surf|p1a: Dialga\n|-resisted|p1a: Dialga\n|-damage|p1a: Dialga|84\/100\n|move|p1a: Dialga|Thunder|p2a: Kyogre\n|-supereffective|p2a: Kyogre\n|-end|p2a: Kyogre|Substitute\n|\n|-weather|RainDance|[upkeep]\n|-heal|p2a: Kyogre|100\/100|[from] item: Leftovers\n|-end|p2a: Kyogre|move: Taunt\n|upkeep\n|turn|5\n|\n|t:|1665283840\n|move|p2a: Kyogre|Thunder Wave|p1a: Dialga\n|-status|p1a: Dialga|par\n|move|p1a: Dialga|Thunder|p2a: Kyogre\n|-supereffective|p2a: Kyogre\n|-damage|p2a: Kyogre|49\/100\n|-status|p2a: Kyogre|par\n|\n|-weather|none\n|-heal|p2a: Kyogre|55\/100 par|[from] item: Leftovers\n|upkeep\n|turn|6\n|\n|t:|1665283844\n|switch|p2a: Ferrothorn|Ferrothorn, M|100\/100\n|-damage|p2a: Ferrothorn|94\/100|[from] Stealth Rock\n|move|p1a: Dialga|Thunder|p2a: Ferrothorn|[miss]\n|-miss|p1a: Dialga|p2a: Ferrothorn\n|\n|-heal|p2a: Ferrothorn|100\/100|[from] item: Leftovers\n|upkeep\n|turn|7\n|\n|t:|1665283846\n|move|p1a: Dialga|Fire Blast|p2a: Ferrothorn\n|-supereffective|p2a: Ferrothorn\n|-damage|p2a: Ferrothorn|0 fnt\n|faint|p2a: Ferrothorn\n|\n|upkeep\n|\n|t:|1665283850\n|switch|p2a: Yveltal|Yveltal|100\/100\n|-ability|p2a: Yveltal|Dark Aura\n|turn|8\n|\n|t:|1665283855\n|move|p2a: Yveltal|Knock Off|p1a: Dialga\n|-damage|p1a: Dialga|29\/100 par\n|-enditem|p1a: Dialga|Assault Vest|[from] move: Knock Off|[of] p2a: Yveltal\n|move|p1a: Dialga|Thunder|p2a: Yveltal|[miss]\n|-miss|p1a: Dialga|p2a: Yveltal\n|\n|upkeep\n|turn|9\n|\n|t:|1665283864\n|move|p2a: Yveltal|U-turn|p1a: Dialga\n|-resisted|p1a: Dialga\n|-damage|p1a: Dialga|20\/100 par\n|\n|t:|1665283867\n|switch|p2a: Kyogre|Kyogre|55\/100 par|[from]move: U-turn\n|-damage|p2a: Kyogre|43\/100 par|[from] Stealth Rock\n|-weather|RainDance|[from] ability: Drizzle|[of] p2a: Kyogre\n|cant|p1a: Dialga|par\n|\n|-weather|RainDance|[upkeep]\n|-heal|p2a: Kyogre|49\/100 par|[from] item: Leftovers\n|upkeep\n|turn|10\n|\n|t:|1665283871\n|move|p2a: Kyogre|Substitute|p2a: Kyogre\n|-start|p2a: Kyogre|Substitute\n|-damage|p2a: Kyogre|24\/100 par\n|move|p1a: Dialga|Thunder|p2a: Kyogre\n|-supereffective|p2a: Kyogre\n|-end|p2a: Kyogre|Substitute\n|\n|-weather|RainDance|[upkeep]\n|-heal|p2a: Kyogre|30\/100 par|[from] item: Leftovers\n|upkeep\n|turn|11\n|\n|t:|1665283875\n|move|p2a: Kyogre|Substitute|p2a: Kyogre\n|-start|p2a: Kyogre|Substitute\n|-damage|p2a: Kyogre|5\/100 par\n|move|p1a: Dialga|Thunder|p2a: Kyogre\n|-supereffective|p2a: Kyogre\n|-crit|p2a: Kyogre\n|-end|p2a: Kyogre|Substitute\n|\n|-weather|RainDance|[upkeep]\n|-heal|p2a: Kyogre|12\/100 par|[from] item: Leftovers\n|upkeep\n|turn|12\n|\n|t:|1665283878\n|move|p2a: Kyogre|Surf|p1a: Dialga\n|-resisted|p1a: Dialga\n|-damage|p1a: Dialga|0 fnt\n|faint|p1a: Dialga\n|\n|-weather|RainDance|[upkeep]\n|-heal|p2a: Kyogre|18\/100 par|[from] item: Leftovers\n|upkeep\n|\n|t:|1665283889\n|switch|p1a: Butterfree|Butterfree, M|100\/100\n|turn|13\n|\n|t:|1665283892\n|move|p1a: Butterfree|Substitute|p1a: Butterfree\n|-start|p1a: Butterfree|Substitute\n|-damage|p1a: Butterfree|76\/100\n|cant|p2a: Kyogre|par\n|\n|-weather|none\n|-heal|p2a: Kyogre|24\/100 par|[from] item: Leftovers\n|upkeep\n|turn|14\n|\n|t:|1665283896\n|move|p1a: Butterfree|Quiver Dance|p1a: Butterfree\n|-boost|p1a: Butterfree|spa|1\n|-boost|p1a: Butterfree|spd|1\n|-boost|p1a: Butterfree|spe|1\n|move|p2a: Kyogre|Surf|p1a: Butterfree\n|-end|p1a: Butterfree|Substitute\n|\n|-heal|p2a: Kyogre|30\/100 par|[from] item: Leftovers\n|upkeep\n|turn|15\n|\n|t:|1665283900\n|move|p1a: Butterfree|Substitute|p1a: Butterfree\n|-start|p1a: Butterfree|Substitute\n|-damage|p1a: Butterfree|51\/100\n|move|p2a: Kyogre|Surf|p1a: Butterfree\n|-end|p1a: Butterfree|Substitute\n|\n|-heal|p2a: Kyogre|36\/100 par|[from] item: Leftovers\n|upkeep\n|turn|16\n|\n|t:|1665283904\n|move|p1a: Butterfree|Substitute|p1a: Butterfree\n|-start|p1a: Butterfree|Substitute\n|-damage|p1a: Butterfree|26\/100\n|cant|p2a: Kyogre|par\n|\n|-heal|p2a: Kyogre|43\/100 par|[from] item: Leftovers\n|upkeep\n|turn|17\n|\n|t:|1665283909\n|move|p1a: Butterfree|Baton Pass|p1a: Butterfree\n|\n|t:|1665283910\n|switch|p1a: Yveltal|Yveltal|100\/100|[from]move: Baton Pass\n|-ability|p1a: Yveltal|Dark Aura\n|move|p2a: Kyogre|Surf|p1a: Yveltal\n|-activate|p1a: Yveltal|move: Substitute|[damage]\n|\n|-heal|p2a: Kyogre|49\/100 par|[from] item: Leftovers\n|upkeep\n|turn|18\n|\n|t:|1665283913\n|move|p1a: Yveltal|Dark Pulse|p2a: Kyogre\n|-crit|p2a: Kyogre\n|-damage|p2a: Kyogre|0 fnt\n|faint|p2a: Kyogre\n|\n|upkeep\n|-message|yokobaby forfeited.\n|\n|win|AGLT5TX Electro\n|raw|AGLT5TX Electro's rating: 1808 &rarr; <strong>1826<\/strong><br \/>(+18 for winning)\n|raw|yokobaby's rating: 1780 &rarr; <strong>1762<\/strong><br \/>(-18 for losing)\n","uploadtime":1665283922,"views":8,"p1id":"aglt5txelectro","p2id":"yokobaby","formatid":"gen8anythinggoes","rating":1762,"private":0,"password":null}