{"id":"gen8sharedpower-1095306567","p1":"ferromolybdenum","p2":"murchyyy","format":"gen8sharedpower","log":"|j|\u2606ferromolybdenum\n|j|\u2606murchyyy\n|player|p1|ferromolybdenum|lucas|1236\n|player|p2|murchyyy|266|1285\n|teamsize|p1|6\n|teamsize|p2|6\n|gametype|singles\n|gen|8\n|tier|[Gen 8] Shared Power\n|rated|\n|clearpoke\n|poke|p1|Frosmoth, F|\n|poke|p1|Persian-Alola, M|\n|poke|p1|Corviknight, M|\n|poke|p1|Avalugg, F|\n|poke|p1|Toxapex, M|\n|poke|p1|Rhyperior, F|\n|poke|p2|Sandaconda, F|\n|poke|p2|Malamar, F|\n|poke|p2|Excadrill, M|\n|poke|p2|Tsareena, F|\n|poke|p2|Zeraora|\n|poke|p2|Dragapult, F|\n|rule|Sleep Clause Mod: Limit one foe put to sleep\n|rule|Species Clause: Limit one of each Pok\u00e9mon\n|rule|OHKO Clause: OHKO moves are banned\n|rule|Evasion Moves Clause: Evasion moves are banned\n|rule|Endless Battle Clause: Forcing endless battles is banned\n|rule|HP Percentage Mod: HP is shown in percentages\n|rule|Dynamax Clause: You cannot dynamax\n|teampreview\n|j| SendLolis 4chan\n|\n|start\n|switch|p1a: Persian|Persian-Alola, M|100\/100\n|switch|p2a: Sandaconda|Sandaconda, F|100\/100\n|turn|1\n|\n|switch|p2a: Malamar|Malamar, F|100\/100\n|move|p1a: Persian|Parting Shot|p2a: Malamar\n|-boost|p2a: Malamar|atk|1\n|-boost|p2a: Malamar|spa|1\n|\n|switch|p1a: Frosmoth|Frosmoth, F|100\/100|[from]move: Parting Shot\n|\n|upkeep\n|turn|2\n|\n|switch|p1a: Rhyperior|Rhyperior, F|100\/100\n|move|p2a: Malamar|Knock Off|p1a: Rhyperior\n|-damage|p1a: Rhyperior|80\/100\n|-enditem|p1a: Rhyperior|Leftovers|[from] move: Knock Off|[of] p2a: Malamar\n|\n|upkeep\n|turn|3\n|\n|move|p2a: Malamar|Taunt|p1a: Rhyperior\n|-start|p1a: Rhyperior|move: Taunt\n|cant|p1a: Rhyperior|move: Taunt|Toxic\n|\n|upkeep\n|turn|4\n|\n|switch|p1a: Toxapex|Toxapex, M|100\/100\n|move|p2a: Malamar|Superpower|p1a: Toxapex\n|-resisted|p1a: Toxapex\n|-damage|p1a: Toxapex|94\/100\n|-boost|p2a: Malamar|atk|1\n|-boost|p2a: Malamar|def|1\n|\n|-heal|p1a: Toxapex|99\/100|[from] item: Black Sludge\n|upkeep\n|turn|5\n|\n|move|p2a: Malamar|Taunt|p1a: Toxapex\n|-start|p1a: Toxapex|move: Taunt\n|cant|p1a: Toxapex|move: Taunt|Haze\n|\n|-heal|p1a: Toxapex|100\/100|[from] item: Black Sludge\n|upkeep\n|turn|6\n|\n|switch|p1a: Avalugg|Avalugg, F|100\/100\n|move|p2a: Malamar|Superpower|p1a: Avalugg\n|-supereffective|p1a: Avalugg\n|-damage|p1a: Avalugg|79\/100\n|-boost|p2a: Malamar|atk|1\n|-boost|p2a: Malamar|def|1\n|\n|upkeep\n|turn|7\n|\n|move|p2a: Malamar|Knock Off|p1a: Avalugg\n|-damage|p1a: Avalugg|59\/100\n|-enditem|p1a: Avalugg|Heavy-Duty Boots|[from] move: Knock Off|[of] p2a: Malamar\n|move|p1a: Avalugg|Body Press|p2a: Malamar\n|-damage|p2a: Malamar|76\/100\n|-weather|Sandstorm|[from] ability: Sand Spit|[of] p2a: Malamar\n|\n|-weather|Sandstorm|[upkeep]\n|-damage|p2a: Malamar|70\/100|[from] Sandstorm\n|-damage|p1a: Avalugg|53\/100|[from] Sandstorm\n|-heal|p2a: Malamar|76\/100|[from] item: Leftovers\n|upkeep\n|turn|8\n|inactive|Battle timer is ON: inactive players will automatically lose when time's up. (requested by murchyyy)\n|\n|move|p2a: Malamar|Taunt|p1a: Avalugg\n|-start|p1a: Avalugg|move: Taunt\n|cant|p1a: Avalugg|move: Taunt|Recover\n|\n|-weather|Sandstorm|[upkeep]\n|-damage|p2a: Malamar|70\/100|[from] Sandstorm\n|-damage|p1a: Avalugg|47\/100|[from] Sandstorm\n|-heal|p2a: Malamar|76\/100|[from] item: Leftovers\n|upkeep\n|turn|9\n|\n|switch|p1a: Corviknight|Corviknight, M|100\/100\n|-ability|p1a: Corviknight|Pressure\n|move|p2a: Malamar|Superpower|p1a: Corviknight\n|-damage|p1a: Corviknight|64\/100\n|-boost|p2a: Malamar|atk|1\n|-boost|p2a: Malamar|def|1\n|\n|-weather|Sandstorm|[upkeep]\n|-damage|p2a: Malamar|70\/100|[from] Sandstorm\n|-heal|p2a: Malamar|76\/100|[from] item: Leftovers\n|-heal|p1a: Corviknight|71\/100|[from] item: Leftovers\n|upkeep\n|turn|10\n|l| SendLolis 4chan\n|\n|move|p2a: Malamar|Superpower|p1a: Corviknight\n|-damage|p1a: Corviknight|27\/100\n|-boost|p2a: Malamar|atk|1\n|-boost|p2a: Malamar|def|1\n|move|p1a: Corviknight|U-turn|p2a: Malamar\n|-supereffective|p2a: Malamar\n|-damage|p2a: Malamar|53\/100\n|\n|switch|p1a: Avalugg|Avalugg, F|80\/100|[from]move: U-turn\n|-ability|p1a: Avalugg|Pressure\n|\n|-weather|Sandstorm|[upkeep]\n|-damage|p2a: Malamar|47\/100|[from] Sandstorm\n|-damage|p1a: Avalugg|74\/100|[from] Sandstorm\n|-heal|p2a: Malamar|53\/100|[from] item: Leftovers\n|upkeep\n|turn|11\n|\n|switch|p1a: Toxapex|Toxapex, M|100\/100\n|-ability|p1a: Toxapex|Pressure\n|move|p2a: Malamar|Taunt|p1a: Toxapex\n|-start|p1a: Toxapex|move: Taunt\n|\n|-weather|none\n|-heal|p2a: Malamar|59\/100|[from] item: Leftovers\n|upkeep\n|turn|12\n|\n|switch|p1a: Avalugg|Avalugg, F|100\/100\n|-ability|p1a: Avalugg|Pressure\n|move|p2a: Malamar|Knock Off|p1a: Avalugg\n|-damage|p1a: Avalugg|80\/100\n|\n|-heal|p2a: Malamar|65\/100|[from] item: Leftovers\n|upkeep\n|turn|13\n|\n|switch|p1a: Toxapex|Toxapex, M|100\/100\n|-ability|p1a: Toxapex|Pressure\n|move|p2a: Malamar|Superpower|p1a: Toxapex\n|-resisted|p1a: Toxapex\n|-damage|p1a: Toxapex|82\/100\n|-boost|p2a: Malamar|atk|1\n|-boost|p2a: Malamar|def|1\n|\n|-heal|p2a: Malamar|71\/100|[from] item: Leftovers\n|-heal|p1a: Toxapex|89\/100|[from] item: Black Sludge\n|upkeep\n|turn|14\n|\n|move|p2a: Malamar|Psycho Cut|p1a: Toxapex\n|-supereffective|p1a: Toxapex\n|-damage|p1a: Toxapex|39\/100\n|move|p1a: Toxapex|Haze|p1a: Toxapex\n|-clearallboost\n|\n|-heal|p2a: Malamar|77\/100|[from] item: Leftovers\n|-heal|p1a: Toxapex|46\/100|[from] item: Black Sludge\n|upkeep\n|turn|15\n|\n|switch|p2a: Sandaconda|Sandaconda, F|100\/100\n|move|p1a: Toxapex|Recover|p1a: Toxapex\n|-heal|p1a: Toxapex|96\/100\n|\n|-heal|p1a: Toxapex|100\/100|[from] item: Black Sludge\n|upkeep\n|turn|16\n|\n|move|p2a: Sandaconda|Glare|p1a: Toxapex\n|-status|p1a: Toxapex|par\n|cant|p1a: Toxapex|par\n|\n|upkeep\n|turn|17\n|\n|switch|p1a: Corviknight|Corviknight, M|60\/100\n|-ability|p1a: Corviknight|Pressure\n|move|p2a: Sandaconda|Stealth Rock|p1a: Corviknight\n|-sidestart|p1: ferromolybdenum|move: Stealth Rock\n|\n|-heal|p1a: Corviknight|66\/100|[from] item: Leftovers\n|upkeep\n|turn|18\n|\n|switch|p2a: Malamar|Malamar, F|77\/100\n|move|p1a: Corviknight|Defog|p2a: Malamar\n|-boost|p2a: Malamar|evasion|1\n|-sideend|p1: ferromolybdenum|Stealth Rock|[from] move: Defog|[of] p1a: Corviknight\n|\n|-heal|p2a: Malamar|83\/100|[from] item: Leftovers\n|-heal|p1a: Corviknight|73\/100|[from] item: Leftovers\n|upkeep\n|turn|19\n|\n|switch|p2a: Sandaconda|Sandaconda, F|100\/100\n|move|p1a: Corviknight|U-turn|p2a: Sandaconda\n|-damage|p2a: Sandaconda|86\/100\n|-weather|Sandstorm|[from] ability: Sand Spit|[of] p2a: Sandaconda\n|\n|switch|p1a: Frosmoth|Frosmoth, F|100\/100|[from]move: U-turn\n|-ability|p1a: Frosmoth|Pressure\n|\n|-weather|Sandstorm|[upkeep]\n|-damage|p1a: Frosmoth|94\/100|[from] Sandstorm\n|-heal|p2a: Sandaconda|92\/100|[from] item: Leftovers\n|upkeep\n|turn|20\n|\n|move|p2a: Sandaconda|Rock Slide|p1a: Frosmoth\n|-supereffective|p1a: Frosmoth\n|-damage|p1a: Frosmoth|28\/100\n|move|p1a: Frosmoth|Ice Beam|p2a: Sandaconda\n|-supereffective|p2a: Sandaconda\n|-damage|p2a: Sandaconda|0 fnt\n|faint|p2a: Sandaconda\n|\n|-weather|Sandstorm|[upkeep]\n|-damage|p1a: Frosmoth|22\/100|[from] Sandstorm\n|upkeep\n|\n|switch|p2a: Zeraora|Zeraora|100\/100\n|turn|21\n|\n|switch|p1a: Rhyperior|Rhyperior, F|80\/100\n|-ability|p1a: Rhyperior|Pressure\n|move|p2a: Zeraora|Superpower|p1a: Rhyperior\n|-supereffective|p1a: Rhyperior\n|-damage|p1a: Rhyperior|63\/100\n|-boost|p2a: Zeraora|atk|1\n|-boost|p2a: Zeraora|def|1\n|\n|-weather|Sandstorm|[upkeep]\n|-damage|p2a: Zeraora|95\/100|[from] Sandstorm\n|-heal|p2a: Zeraora|100\/100|[from] item: Leftovers\n|upkeep\n|turn|22\n|\n|switch|p2a: Excadrill|Excadrill, M|100\/100\n|move|p1a: Rhyperior|Toxic|p2a: Excadrill|[miss]\n|-miss|p1a: Rhyperior|p2a: Excadrill\n|\n|-weather|Sandstorm|[upkeep]\n|upkeep\n|turn|23\n|\n|switch|p1a: Corviknight|Corviknight, M|100\/100\n|-ability|p1a: Corviknight|Pressure\n|move|p2a: Excadrill|Stealth Rock|p1a: Corviknight\n|-sidestart|p1: ferromolybdenum|move: Stealth Rock\n|\n|-weather|none\n|upkeep\n|turn|24\n|\n|switch|p2a: Dragapult|Dragapult, F|100\/100\n|move|p1a: Corviknight|Defog|p2a: Dragapult\n|-boost|p2a: Dragapult|evasion|1\n|-sideend|p1: ferromolybdenum|Stealth Rock|[from] move: Defog|[of] p1a: Corviknight\n|\n|upkeep\n|turn|25\n|\n|move|p2a: Dragapult|Shadow Ball|p1a: Corviknight\n|-damage|p1a: Corviknight|82\/100\n|move|p1a: Corviknight|Brave Bird|p2a: Dragapult\n|-damage|p2a: Dragapult|50\/100\n|-weather|Sandstorm|[from] ability: Sand Spit|[of] p2a: Dragapult\n|-damage|p1a: Corviknight|69\/100|[from] Recoil\n|\n|-weather|Sandstorm|[upkeep]\n|-heal|p1a: Corviknight|75\/100|[from] item: Leftovers\n|upkeep\n|turn|26\n|\n|switch|p2a: Zeraora|Zeraora|100\/100\n|move|p1a: Corviknight|Brave Bird|p2a: Zeraora\n|-resisted|p2a: Zeraora\n|-damage|p2a: Zeraora|77\/100\n|-damage|p1a: Corviknight|69\/100|[from] Recoil\n|\n|-weather|Sandstorm|[upkeep]\n|-heal|p2a: Zeraora|83\/100|[from] item: Leftovers\n|-heal|p1a: Corviknight|75\/100|[from] item: Leftovers\n|upkeep\n|turn|27\n|\n|switch|p1a: Rhyperior|Rhyperior, F|97\/100\n|-ability|p1a: Rhyperior|Pressure\n|move|p2a: Zeraora|Superpower|p1a: Rhyperior\n|-supereffective|p1a: Rhyperior\n|-damage|p1a: Rhyperior|78\/100\n|-boost|p2a: Zeraora|atk|1\n|-boost|p2a: Zeraora|def|1\n|\n|-weather|Sandstorm|[upkeep]\n|-heal|p2a: Zeraora|89\/100|[from] item: Leftovers\n|upkeep\n|turn|28\n|\n|switch|p2a: Tsareena|Tsareena, F|100\/100\n|move|p1a: Rhyperior|Earthquake|p2a: Tsareena\n|-resisted|p2a: Tsareena\n|-damage|p2a: Tsareena|69\/100\n|\n|-weather|Sandstorm|[upkeep]\n|upkeep\n|turn|29\n|\n|switch|p1a: Corviknight|Corviknight, M|100\/100\n|-ability|p1a: Corviknight|Pressure\n|move|p2a: Tsareena|Leaf Storm|p1a: Corviknight\n|-resisted|p1a: Corviknight\n|-damage|p1a: Corviknight|97\/100\n|-boost|p2a: Tsareena|spa|2\n|\n|-weather|none\n|-heal|p1a: Corviknight|100\/100|[from] item: Leftovers\n|upkeep\n|turn|30\n|j| Can Of Splash\n|\n|switch|p2a: Excadrill|Excadrill, M|100\/100\n|move|p1a: Corviknight|Brave Bird|p2a: Excadrill\n|-resisted|p2a: Excadrill\n|-damage|p2a: Excadrill|72\/100\n|-weather|Sandstorm|[from] ability: Sand Spit|[of] p2a: Excadrill\n|-damage|p1a: Corviknight|92\/100|[from] Recoil\n|\n|-weather|Sandstorm|[upkeep]\n|-heal|p2a: Excadrill|78\/100|[from] item: Leftovers\n|-heal|p1a: Corviknight|98\/100|[from] item: Leftovers\n|upkeep\n|turn|31\n|l| Can Of Splash\n|inactive|murchyyy has 120 seconds left.\n|\n|move|p2a: Excadrill|Stealth Rock|p1a: Corviknight\n|-sidestart|p1: ferromolybdenum|move: Stealth Rock\n|move|p1a: Corviknight|U-turn|p2a: Excadrill\n|-resisted|p2a: Excadrill\n|-damage|p2a: Excadrill|69\/100\n|\n|switch|p1a: Persian|Persian-Alola, M|100\/100|[from]move: U-turn\n|-ability|p1a: Persian|Pressure\n|-damage|p1a: Persian|88\/100|[from] Stealth Rock\n|\n|-weather|Sandstorm|[upkeep]\n|-damage|p1a: Persian|82\/100|[from] Sandstorm\n|-heal|p2a: Excadrill|75\/100|[from] item: Leftovers\n|-heal|p1a: Persian|88\/100|[from] item: Leftovers\n|upkeep\n|turn|32\n|\n|switch|p2a: Tsareena|Tsareena, F|69\/100\n|move|p1a: Persian|Foul Play|p2a: Tsareena\n|-damage|p2a: Tsareena|19\/100\n|\n|-weather|Sandstorm|[upkeep]\n|-damage|p1a: Persian|82\/100|[from] Sandstorm\n|-heal|p1a: Persian|88\/100|[from] item: Leftovers\n|upkeep\n|turn|33\n|\n|move|p2a: Tsareena|U-turn|p1a: Persian\n|-supereffective|p1a: Persian\n|-damage|p1a: Persian|66\/100\n|\n|switch|p2a: Zeraora|Zeraora|89\/100|[from]move: U-turn\n|move|p1a: Persian|Foul Play|p2a: Zeraora\n|-damage|p2a: Zeraora|27\/100\n|\n|-weather|Sandstorm|[upkeep]\n|-damage|p1a: Persian|60\/100|[from] Sandstorm\n|-heal|p2a: Zeraora|33\/100|[from] item: Leftovers\n|-heal|p1a: Persian|66\/100|[from] item: Leftovers\n|upkeep\n|turn|34\n|\n|switch|p1a: Rhyperior|Rhyperior, F|100\/100\n|-ability|p1a: Rhyperior|Pressure\n|-damage|p1a: Rhyperior|94\/100|[from] Stealth Rock\n|move|p2a: Zeraora|Superpower|p1a: Rhyperior\n|-supereffective|p1a: Rhyperior\n|-damage|p1a: Rhyperior|76\/100\n|-boost|p2a: Zeraora|atk|1\n|-boost|p2a: Zeraora|def|1\n|\n|-weather|none\n|-heal|p2a: Zeraora|39\/100|[from] item: Leftovers\n|upkeep\n|turn|35\n|\n|move|p2a: Zeraora|Superpower|p1a: Rhyperior\n|-supereffective|p1a: Rhyperior\n|-damage|p1a: Rhyperior|49\/100\n|-boost|p2a: Zeraora|atk|1\n|-boost|p2a: Zeraora|def|1\n|move|p1a: Rhyperior|Earthquake|p2a: Zeraora\n|-supereffective|p2a: Zeraora\n|-damage|p2a: Zeraora|0 fnt\n|-weather|Sandstorm|[from] ability: Sand Spit|[of] p2a: Zeraora\n|faint|p2a: Zeraora\n|\n|-weather|Sandstorm|[upkeep]\n|upkeep\n|\n|switch|p2a: Excadrill|Excadrill, M|75\/100\n|turn|36\n|\n|switch|p1a: Corviknight|Corviknight, M|100\/100\n|-damage|p1a: Corviknight|88\/100|[from] Stealth Rock\n|-ability|p1a: Corviknight|Pressure\n|move|p2a: Excadrill|Iron Head|p1a: Corviknight\n|-resisted|p1a: Corviknight\n|-damage|p1a: Corviknight|80\/100\n|\n|-weather|Sandstorm|[upkeep]\n|-heal|p2a: Excadrill|81\/100|[from] item: Leftovers\n|-heal|p1a: Corviknight|86\/100|[from] item: Leftovers\n|upkeep\n|turn|37\n|c|\u2606murchyyy|bet you have so much fun\n|l|\u2606murchyyy\n|inactive|murchyyy disconnected and has a minute to reconnect!\n|player|p2|\n|inactive|murchyyy has 30 seconds to reconnect!\n|inactive|murchyyy has 20 seconds to reconnect!\n|inactive|murchyyy has 15 seconds to reconnect!\n|inactive|murchyyy has 10 seconds to reconnect!\n|inactive|murchyyy has 5 seconds to reconnect!\n|-message|murchyyy lost due to inactivity.\n|\n|win|ferromolybdenum\n|raw|ferromolybdenum's rating: 1236 &rarr; <strong>1265<\/strong><br \/>(+29 for winning)\n|raw|murchyyy's rating: 1285 &rarr; <strong>1257<\/strong><br \/>(-28 for losing)\n","uploadtime":1586688476,"views":5,"p1id":"ferromolybdenum","p2id":"murchyyy","formatid":"gen8sharedpower","rating":1257,"private":0,"password":null}