{"id":"gen8bdspou-1473811173","p1":"Alu9204","p2":"Quaaloods","format":"gen8bdspou","log":"|j|\u2606Alu9204\n|j|\u2606Quaaloods\n|t:|1639580931\n|gametype|singles\n|player|p1|Alu9204|burglar|1273\n|player|p2|Quaaloods|bruno-gen2|1343\n|teamsize|p1|6\n|teamsize|p2|6\n|gen|8\n|tier|[Gen 8 BDSP] OU\n|rated|\n|rule|Sleep Clause Mod: Limit one foe put to sleep\n|rule|Species Clause: Limit one of each Pok\u00e9mon\n|rule|OHKO Clause: OHKO moves are banned\n|rule|Evasion Moves Clause: Evasion moves are banned\n|rule|Endless Battle Clause: Forcing endless battles is banned\n|rule|HP Percentage Mod: HP is shown in percentages\n|clearpoke\n|poke|p1|Breloom, M|\n|poke|p1|Latios, M|\n|poke|p1|Heatran, M|\n|poke|p1|Gliscor, M|\n|poke|p1|Crawdaunt, F|\n|poke|p1|Gengar, M|\n|poke|p2|Crobat, F|\n|poke|p2|Bronzong|\n|poke|p2|Tyranitar, M|\n|poke|p2|Garchomp, M|\n|poke|p2|Clefable, F|\n|poke|p2|Blastoise, M|\n|teampreview\n|inactive|Battle timer is ON: inactive players will automatically lose when time's up. (requested by Alu9204)\n|\n|t:|1639580955\n|start\n|switch|p1a: Breloom|Breloom, M|100\/100\n|switch|p2a: Crobat|Crobat, F|100\/100\n|turn|1\n|\n|t:|1639580970\n|switch|p1a: Gliscor|Gliscor, M|100\/100\n|move|p2a: Crobat|Taunt|p1a: Gliscor\n|-start|p1a: Gliscor|move: Taunt\n|\n|-status|p1a: Gliscor|tox|[from] item: Toxic Orb\n|upkeep\n|turn|2\n|\n|t:|1639580981\n|move|p2a: Crobat|Toxic|p1a: Gliscor\n|-fail|p1a: Gliscor|tox\n|move|p1a: Gliscor|U-turn|p2a: Crobat\n|-resisted|p2a: Crobat\n|-damage|p2a: Crobat|96\/100\n|\n|t:|1639580989\n|switch|p1a: Latios|Latios, M|100\/100|[from]move: U-turn\n|\n|-heal|p2a: Crobat|100\/100|[from] item: Black Sludge\n|upkeep\n|turn|3\n|\n|t:|1639581002\n|move|p1a: Latios|Thunderbolt|p2a: Crobat\n|-supereffective|p2a: Crobat\n|-damage|p2a: Crobat|29\/100\n|move|p2a: Crobat|U-turn|p1a: Latios\n|-supereffective|p1a: Latios\n|-damage|p1a: Latios|57\/100\n|\n|t:|1639581026\n|switch|p2a: Garchomp|Garchomp, M|100\/100|[from]move: U-turn\n|\n|upkeep\n|turn|4\n|\n|t:|1639581033\n|switch|p1a: Heatran|Heatran, M|100\/100\n|move|p2a: Garchomp|Swords Dance|p2a: Garchomp\n|-boost|p2a: Garchomp|atk|2\n|\n|upkeep\n|turn|5\n|\n|t:|1639581038\n|switch|p1a: Gliscor|Gliscor, M|100\/100 tox\n|move|p2a: Garchomp|Dragon Rush|p1a: Gliscor\n|-damage|p1a: Gliscor|26\/100 tox\n|\n|-heal|p1a: Gliscor|38\/100 tox|[from] ability: Poison Heal\n|upkeep\n|turn|6\n|\n|t:|1639581050\n|move|p2a: Garchomp|Dragon Rush|p1a: Gliscor\n|-damage|p1a: Gliscor|0 fnt\n|faint|p1a: Gliscor\n|\n|upkeep\n|\n|t:|1639581055\n|switch|p1a: Latios|Latios, M|57\/100\n|turn|7\n|\n|t:|1639581061\n|switch|p2a: Clefable|Clefable, F|100\/100\n|move|p1a: Latios|Draco Meteor|p2a: Clefable\n|-immune|p2a: Clefable\n|\n|upkeep\n|turn|8\n|\n|t:|1639581068\n|switch|p1a: Gengar|Gengar, M|100\/100\n|move|p2a: Clefable|Thunder Wave|p1a: Gengar\n|-status|p1a: Gengar|par\n|\n|upkeep\n|turn|9\n|\n|t:|1639581072\n|switch|p2a: Tyranitar|Tyranitar, M|100\/100\n|-weather|Sandstorm|[from] ability: Sand Stream|[of] p2a: Tyranitar\n|cant|p1a: Gengar|par\n|\n|-weather|Sandstorm|[upkeep]\n|-damage|p1a: Gengar|94\/100 par|[from] Sandstorm\n|upkeep\n|turn|10\n|\n|t:|1639581082\n|switch|p1a: Crawdaunt|Crawdaunt, F|100\/100\n|move|p2a: Tyranitar|Fire Blast|p1a: Crawdaunt\n|-resisted|p1a: Crawdaunt\n|-damage|p1a: Crawdaunt|76\/100\n|\n|-weather|Sandstorm|[upkeep]\n|-damage|p1a: Crawdaunt|70\/100|[from] Sandstorm\n|upkeep\n|turn|11\n|\n|t:|1639581105\n|switch|p2a: Blastoise|Blastoise, M|100\/100\n|move|p1a: Crawdaunt|Crabhammer|p2a: Blastoise\n|-resisted|p2a: Blastoise\n|-damage|p2a: Blastoise|69\/100\n|-damage|p1a: Crawdaunt|60\/100|[from] item: Life Orb\n|\n|-weather|Sandstorm|[upkeep]\n|-damage|p1a: Crawdaunt|54\/100|[from] Sandstorm\n|-damage|p2a: Blastoise|63\/100|[from] Sandstorm\n|-heal|p2a: Blastoise|69\/100|[from] item: Leftovers\n|upkeep\n|turn|12\n|\n|t:|1639581123\n|move|p2a: Blastoise|Protect|p2a: Blastoise\n|-singleturn|p2a: Blastoise|Protect\n|move|p1a: Crawdaunt|Knock Off|p2a: Blastoise\n|-activate|p2a: Blastoise|move: Protect\n|\n|-weather|Sandstorm|[upkeep]\n|-damage|p1a: Crawdaunt|48\/100|[from] Sandstorm\n|-damage|p2a: Blastoise|63\/100|[from] Sandstorm\n|-heal|p2a: Blastoise|69\/100|[from] item: Leftovers\n|upkeep\n|turn|13\n|\n|t:|1639581127\n|switch|p2a: Clefable|Clefable, F|100\/100\n|move|p1a: Crawdaunt|Knock Off|p2a: Clefable\n|-resisted|p2a: Clefable\n|-damage|p2a: Clefable|59\/100\n|-enditem|p2a: Clefable|Life Orb|[from] move: Knock Off|[of] p1a: Crawdaunt\n|-damage|p1a: Crawdaunt|39\/100|[from] item: Life Orb\n|\n|-weather|none\n|upkeep\n|turn|14\n|\n|t:|1639581134\n|move|p1a: Crawdaunt|Crabhammer|p2a: Clefable\n|-damage|p2a: Clefable|0 fnt\n|faint|p2a: Clefable\n|-damage|p1a: Crawdaunt|29\/100|[from] item: Life Orb\n|\n|upkeep\n|inactive|Quaaloods has 120 seconds left.\n|\n|t:|1639581172\n|switch|p2a: Garchomp|Garchomp, M|100\/100\n|turn|15\n|\n|t:|1639581185\n|switch|p1a: Gengar|Gengar, M|94\/100 par\n|move|p2a: Garchomp|Dragon Rush|p1a: Gengar|[miss]\n|-miss|p2a: Garchomp|p1a: Gengar\n|\n|upkeep\n|turn|16\n|\n|t:|1639581194\n|move|p2a: Garchomp|Earthquake|p1a: Gengar\n|-supereffective|p1a: Gengar\n|-damage|p1a: Gengar|0 fnt\n|faint|p1a: Gengar\n|\n|upkeep\n|\n|t:|1639581200\n|switch|p1a: Latios|Latios, M|57\/100\n|turn|17\n|\n|t:|1639581208\n|switch|p2a: Bronzong|Bronzong|100\/100\n|move|p1a: Latios|Ice Beam|p2a: Bronzong\n|-resisted|p2a: Bronzong\n|-damage|p2a: Bronzong|87\/100\n|\n|upkeep\n|turn|18\n|\n|t:|1639581229\n|switch|p1a: Heatran|Heatran, M|100\/100\n|switch|p2a: Garchomp|Garchomp, M|100\/100\n|\n|upkeep\n|turn|19\n|\n|t:|1639581246\n|move|p2a: Garchomp|Earthquake|p1a: Heatran\n|-supereffective|p1a: Heatran\n|-damage|p1a: Heatran|0 fnt\n|faint|p1a: Heatran\n|\n|upkeep\n|\n|t:|1639581248\n|switch|p1a: Crawdaunt|Crawdaunt, F|29\/100\n|turn|20\n|\n|t:|1639581253\n|switch|p1a: Latios|Latios, M|57\/100\n|move|p2a: Garchomp|Earthquake|p1a: Latios\n|-immune|p1a: Latios|[from] ability: Levitate\n|\n|upkeep\n|turn|21\n|\n|t:|1639581260\n|switch|p2a: Tyranitar|Tyranitar, M|100\/100\n|-weather|Sandstorm|[from] ability: Sand Stream|[of] p2a: Tyranitar\n|move|p1a: Latios|Draco Meteor|p2a: Tyranitar\n|-damage|p2a: Tyranitar|61\/100\n|-unboost|p1a: Latios|spa|2\n|\n|-weather|Sandstorm|[upkeep]\n|-damage|p1a: Latios|51\/100|[from] Sandstorm\n|upkeep\n|turn|22\n|\n|t:|1639581270\n|switch|p1a: Breloom|Breloom, M|100\/100\n|move|p2a: Tyranitar|Fire Blast|p1a: Breloom\n|-supereffective|p1a: Breloom\n|-enditem|p1a: Breloom|Focus Sash\n|-damage|p1a: Breloom|1\/100\n|\n|-weather|Sandstorm|[upkeep]\n|-damage|p1a: Breloom|0 fnt|[from] Sandstorm\n|faint|p1a: Breloom\n|upkeep\n|\n|t:|1639581273\n|switch|p1a: Crawdaunt|Crawdaunt, F|29\/100\n|turn|23\n|\n|t:|1639581290\n|move|p1a: Crawdaunt|Swords Dance|p1a: Crawdaunt\n|-boost|p1a: Crawdaunt|atk|2\n|move|p2a: Tyranitar|Stone Edge|p1a: Crawdaunt\n|-damage|p1a: Crawdaunt|0 fnt\n|faint|p1a: Crawdaunt\n|\n|-weather|Sandstorm|[upkeep]\n|upkeep\n|-message|Alu9204 forfeited.\n|\n|win|Quaaloods\n|raw|Alu9204's rating: 1273 &rarr; <strong>1253<\/strong><br \/>(-20 for losing)\n|raw|Quaaloods's rating: 1343 &rarr; <strong>1359<\/strong><br \/>(+16 for winning)\n|l|\u2606Alu9204\n||Ladder isn't responding, score probably updated but might not have (Request timeout).\n","uploadtime":1639581301,"views":13,"p1id":"alu9204","p2id":"quaaloods","formatid":"gen8bdspou","rating":1253,"private":0,"password":null}