{"id":"gen8ou-1555030002","p1":"Pinkacross","p2":"WohMi","format":"gen8ou","log":"|j|\u2606Pinkacross\n|j|\u2606WohMi\n|inactive|Battle timer is ON: inactive players will automatically lose when time's up.\n|t:|1650157371\n|gametype|singles\n|player|p1|Pinkacross|artist|\n|player|p2|WohMi|policeman-gen4|\n|teamsize|p1|6\n|teamsize|p2|6\n|gen|8\n|tier|[Gen 8] OU\n|rated|Tournament battle\n|rule|Sleep Clause Mod: Limit one foe put to sleep\n|rule|Species Clause: Limit one of each Pok\u00e9mon\n|rule|OHKO Clause: OHKO moves are banned\n|rule|Evasion Moves Clause: Evasion moves are banned\n|rule|Endless Battle Clause: Forcing endless battles is banned\n|rule|HP Percentage Mod: HP is shown in percentages\n|rule|Dynamax Clause: You cannot dynamax\n|clearpoke\n|poke|p1|Slowbro, M|\n|poke|p1|Melmetal|\n|poke|p1|Weavile, F|\n|poke|p1|Nidoking, M|\n|poke|p1|Ferrothorn, M|\n|poke|p1|Tornadus-Therian, M|\n|poke|p2|Arctozolt|\n|poke|p2|Ninetales-Alola, F|\n|poke|p2|Melmetal|\n|poke|p2|Urshifu-*, F|\n|poke|p2|Tapu Fini|\n|poke|p2|Garchomp, F|\n|teampreview\n|inactive|WohMi also wants the timer to be on.\n|j| yaboiAshK.\n|c|\u2606WohMi|huh\n|j| Prince Zenaku\n|c|\u2606Pinkacross|hjf\n|c|\u2606Pinkacross|hf*\n|c|\u2606WohMi|i thought for sure you'd bring rain lol\n|c|\u2606WohMi|hf\n|c|\u2606Pinkacross|I do like my rian\n|c|\u2606Pinkacross|but nah that was just r1\n|c|\u2606WohMi|Yes you're quite notorious for liking it\n|c|\u2606Pinkacross|as I was prepping this to test\n|c|\u2606WohMi|i didn't see your r1\n|inactive|Pinkacross has 120 seconds left.\n|inactive|WohMi has 120 seconds left.\n|j| Tennia\n|c|\u2606WohMi|i just guessed lmao\n|\n|t:|1650157412\n|start\n|switch|p1a: Ferrothorn|Ferrothorn, M|100\/100\n|switch|p2a: Urshifu|Urshifu-Rapid-Strike, F|100\/100\n|turn|1\n|\n|t:|1650157416\n|switch|p1a: Tornadus|Tornadus-Therian, M|100\/100\n|move|p2a: Urshifu|U-turn|p1a: Tornadus\n|-resisted|p1a: Tornadus\n|-damage|p1a: Tornadus|87\/100\n|j| Zaza BitchuLia\n|\n|t:|1650157423\n|switch|p2a: Damn Narc|Ninetales-Alola, F|100\/100|[from]move: U-turn\n|-weather|Hail|[from] ability: Snow Warning|[of] p2a: Damn Narc\n|\n|-weather|Hail|[upkeep]\n|-damage|p1a: Tornadus|81\/100|[from] Hail\n|upkeep\n|turn|2\n|\n|t:|1650157436\n|move|p1a: Tornadus|Taunt|p2a: Damn Narc\n|-start|p2a: Damn Narc|move: Taunt\n|cant|p2a: Damn Narc|move: Taunt|Aurora Veil\n|\n|-weather|Hail|[upkeep]\n|-damage|p1a: Tornadus|75\/100|[from] Hail\n|upkeep\n|turn|3\n|j| Mogus Mogul\n|\n|t:|1650157440\n|switch|p2a: Arctozolt|Arctozolt|100\/100\n|move|p1a: Tornadus|U-turn|p2a: Arctozolt\n|-damage|p2a: Arctozolt|85\/100\n|\n|t:|1650157443\n|switch|p1a: Melmetal|Melmetal|100\/100|[from]move: U-turn\n|\n|-weather|Hail|[upkeep]\n|-damage|p1a: Melmetal|94\/100|[from] Hail\n|upkeep\n|turn|4\n|\n|t:|1650157451\n|switch|p2a: Garchomp|Garchomp, F|100\/100\n|move|p1a: Melmetal|Superpower|p2a: Garchomp\n|-damage|p2a: Garchomp|33\/100\n|-unboost|p1a: Melmetal|atk|1\n|-unboost|p1a: Melmetal|def|1\n|-damage|p1a: Melmetal|82\/100|[from] ability: Rough Skin|[of] p2a: Garchomp\n|\n|-weather|Hail|[upkeep]\n|-damage|p2a: Garchomp|27\/100|[from] Hail\n|-damage|p1a: Melmetal|76\/100|[from] Hail\n|-heal|p2a: Garchomp|33\/100|[from] item: Leftovers\n|upkeep\n|turn|5\n|c| Zaza BitchuLia|Nice looking team Pinkacross!\n|c| Mogus Mogul|What's your favorite pokemon pinkacross\n|c|\u2606Pinkacross|thx\n|j| OUTW LEIOX\n|\n|t:|1650157461\n|switch|p1a: Tornadus|Tornadus-Therian, M|100\/100\n|move|p2a: Garchomp|Stealth Rock|p1a: Tornadus\n|-sidestart|p1: Pinkacross|move: Stealth Rock\n|\n|-weather|Hail|[upkeep]\n|-damage|p1a: Tornadus|94\/100|[from] Hail\n|-damage|p2a: Garchomp|27\/100|[from] Hail\n|-heal|p2a: Garchomp|33\/100|[from] item: Leftovers\n|upkeep\n|turn|6\n|\n|t:|1650157466\n|switch|p2a: Arctozolt|Arctozolt|85\/100\n|move|p1a: Tornadus|Defog|p2a: Arctozolt\n|-unboost|p2a: Arctozolt|evasion|1\n|-sideend|p1: Pinkacross|Stealth Rock|[from] move: Defog|[of] p1a: Tornadus\n|\n|-weather|Hail|[upkeep]\n|-damage|p1a: Tornadus|88\/100|[from] Hail\n|upkeep\n|turn|7\n|\n|t:|1650157470\n|switch|p1a: Ferrothorn|Ferrothorn, M|100\/100\n|move|p2a: Arctozolt|Icicle Crash|p1a: Ferrothorn\n|-damage|p1a: Ferrothorn|78\/100\n|\n|-weather|Hail|[upkeep]\n|-damage|p1a: Ferrothorn|72\/100|[from] Hail\n|upkeep\n|turn|8\n|\n|t:|1650157476\n|move|p2a: Arctozolt|Low Kick|p1a: Ferrothorn\n|-supereffective|p1a: Ferrothorn\n|-damage|p1a: Ferrothorn|36\/100\n|-damage|p2a: Arctozolt|72\/100|[from] ability: Iron Barbs|[of] p1a: Ferrothorn\n|-damage|p2a: Arctozolt|56\/100|[from] item: Rocky Helmet|[of] p1a: Ferrothorn\n|move|p1a: Ferrothorn|Stealth Rock|p2a: Arctozolt\n|-sidestart|p2: WohMi|move: Stealth Rock\n|\n|-weather|none\n|upkeep\n|turn|9\n|\n|t:|1650157484\n|switch|p1a: Nidoking|Nidoking, M|100\/100\n|move|p2a: Arctozolt|Low Kick|p1a: Nidoking\n|-resisted|p1a: Nidoking\n|-damage|p1a: Nidoking|84\/100\n|\n|upkeep\n|turn|10\n|j| icnincieninec\n|\n|t:|1650157489\n|switch|p2a: Urshifu|Urshifu-Rapid-Strike, F|100\/100\n|-damage|p2a: Urshifu|94\/100|[from] Stealth Rock\n|move|p1a: Nidoking|Sludge Wave|p2a: Urshifu\n|-damage|p2a: Urshifu|0 fnt\n|faint|p2a: Urshifu\n|\n|upkeep\n|\n|t:|1650157495\n|switch|p2a: Garchomp|Garchomp, F|33\/100\n|-damage|p2a: Garchomp|27\/100|[from] Stealth Rock\n|turn|11\n|\n|t:|1650157500\n|switch|p1a: Weavile|Weavile, F|100\/100\n|-ability|p1a: Weavile|Pressure\n|move|p2a: Garchomp|Earthquake|p1a: Weavile\n|-damage|p1a: Weavile|5\/100\n|\n|-heal|p2a: Garchomp|33\/100|[from] item: Leftovers\n|upkeep\n|turn|12\n|\n|t:|1650157505\n|switch|p2a: Melmetal|Melmetal|100\/100\n|-damage|p2a: Melmetal|94\/100|[from] Stealth Rock\n|move|p1a: Weavile|Knock Off|p2a: Melmetal\n|-damage|p2a: Melmetal|65\/100\n|-enditem|p2a: Melmetal|Assault Vest|[from] move: Knock Off|[of] p1a: Weavile\n|\n|upkeep\n|turn|13\n|j| bonce ronce\n|\n|t:|1650157511\n|move|p1a: Weavile|Low Kick|p2a: Melmetal\n|-supereffective|p2a: Melmetal\n|-damage|p2a: Melmetal|17\/100\n|move|p2a: Melmetal|Ice Punch|p1a: Weavile\n|-resisted|p1a: Weavile\n|-crit|p1a: Weavile\n|-damage|p1a: Weavile|0 fnt\n|faint|p1a: Weavile\n|\n|upkeep\n|c|\u2606WohMi|crit mattered\n|c|\u2606Pinkacross|ye\n|c|\u2606Pinkacross|dirty haxer\n|j| overlord bliss\n|c|\u2606WohMi|mb chief\n|c|\u2606WohMi|i was about to say \"freeze dry res gone\"\n|c|\u2606WohMi|but mel is RIGHT there lmao\n|inactive|Pinkacross has 120 seconds left.\n|inactive|Pinkacross has 90 seconds left.\n|\n|t:|1650157573\n|switch|p1a: Nidoking|Nidoking, M|84\/100\n|turn|14\n|\n|t:|1650157576\n|move|p1a: Nidoking|Earth Power|p2a: Melmetal\n|-supereffective|p2a: Melmetal\n|-damage|p2a: Melmetal|0 fnt\n|faint|p2a: Melmetal\n|\n|upkeep\n|j| ShootingSonicX\n|\n|t:|1650157594\n|switch|p2a: Damn Narc|Ninetales-Alola, F|100\/100\n|-damage|p2a: Damn Narc|76\/100|[from] Stealth Rock\n|-weather|Hail|[from] ability: Snow Warning|[of] p2a: Damn Narc\n|turn|15\n|c|\u2606WohMi|is this specs???\n|j| spookyz\n|\n|t:|1650157607\n|switch|p1a: Slowbro|Slowbro, M|100\/100\n|move|p2a: Damn Narc|Aurora Veil|p2a: Damn Narc\n|-sidestart|p2: WohMi|move: Aurora Veil\n|\n|-weather|Hail|[upkeep]\n|-damage|p1a: Slowbro|94\/100|[from] Hail\n|upkeep\n|turn|16\n|c|\u2606Pinkacross|specs... nidoking?\n|j| ppev\n|c|\u2606Pinkacross|no, no\n|\n|t:|1650157616\n|move|p2a: Damn Narc|Freeze-Dry|p1a: Slowbro\n|-supereffective|p1a: Slowbro\n|-damage|p1a: Slowbro|65\/100\n|move|p1a: Slowbro|Trick Room|p1a: Slowbro\n|-fieldstart|move: Trick Room|[of] p1a: Slowbro\n|\n|-weather|Hail|[upkeep]\n|-damage|p1a: Slowbro|59\/100|[from] Hail\n|upkeep\n|turn|17\n|\n|t:|1650157623\n|move|p2a: Damn Narc|Encore|p1a: Slowbro\n|-start|p1a: Slowbro|Encore\n|move|p1a: Slowbro|Trick Room|p1a: Slowbro\n|-fieldend|move: Trick Room\n|\n|-weather|Hail|[upkeep]\n|-damage|p1a: Slowbro|53\/100|[from] Hail\n|upkeep\n|turn|18\n|c|\u2606WohMi|AYYY\n|c|\u2606WohMi|you like how im moving?\n|\n|t:|1650157633\n|switch|p1a: Melmetal|Melmetal|76\/100\n|move|p2a: Damn Narc|Freeze-Dry|p1a: Melmetal\n|-resisted|p1a: Melmetal\n|-damage|p1a: Melmetal|65\/100\n|\n|-weather|Hail|[upkeep]\n|-damage|p1a: Melmetal|59\/100|[from] Hail\n|upkeep\n|turn|19\n|\n|t:|1650157637\n|switch|p2a: Garchomp|Garchomp, F|33\/100\n|-damage|p2a: Garchomp|27\/100|[from] Stealth Rock\n|move|p1a: Melmetal|Double Iron Bash|p2a: Garchomp\n|-damage|p2a: Garchomp|0 fnt\n|-damage|p1a: Melmetal|46\/100|[from] ability: Rough Skin|[of] p2a: Garchomp\n|faint|p2a: Garchomp\n|-hitcount|p2: Garchomp|1\n|\n|-weather|Hail|[upkeep]\n|-damage|p1a: Melmetal|40\/100|[from] Hail\n|-sideend|p2: WohMi|move: Aurora Veil\n|upkeep\n|\n|t:|1650157639\n|switch|p2a: Arctozolt|Arctozolt|56\/100\n|turn|20\n|c|\u2606Pinkacross|I like how ur droppin\n|\n|t:|1650157649\n|switch|p1a: Ferrothorn|Ferrothorn, M|36\/100\n|move|p2a: Arctozolt|Low Kick|p1a: Ferrothorn\n|-supereffective|p1a: Ferrothorn\n|-damage|p1a: Ferrothorn|2\/100\n|-damage|p2a: Arctozolt|43\/100|[from] ability: Iron Barbs|[of] p1a: Ferrothorn\n|-damage|p2a: Arctozolt|27\/100|[from] item: Rocky Helmet|[of] p1a: Ferrothorn\n|\n|-weather|Hail|[upkeep]\n|-damage|p1a: Ferrothorn|0 fnt|[from] Hail\n|faint|p1a: Ferrothorn\n|upkeep\n|c|\u2606WohMi|true\n|\n|t:|1650157663\n|switch|p1a: Tornadus|Tornadus-Therian, M|100\/100\n|turn|21\n|\n|t:|1650157668\n|switch|p1a: Nidoking|Nidoking, M|84\/100\n|move|p2a: Arctozolt|Icicle Crash|p1a: Nidoking\n|-supereffective|p1a: Nidoking\n|-damage|p1a: Nidoking|0 fnt\n|faint|p1a: Nidoking\n|\n|-weather|Hail|[upkeep]\n|upkeep\n|\n|t:|1650157675\n|switch|p1a: Tornadus|Tornadus-Therian, M|100\/100\n|turn|22\n|\n|t:|1650157687\n|switch|p1a: Slowbro|Slowbro, M|86\/100\n|move|p2a: Arctozolt|Bolt Beak|p1a: Slowbro\n|-supereffective|p1a: Slowbro\n|-damage|p1a: Slowbro|0 fnt\n|faint|p1a: Slowbro\n|\n|-weather|none\n|upkeep\n|\n|t:|1650157690\n|switch|p1a: Tornadus|Tornadus-Therian, M|100\/100\n|turn|23\n|\n|t:|1650157695\n|switch|p2a: Tapu Fini|Tapu Fini|100\/100\n|-damage|p2a: Tapu Fini|88\/100|[from] Stealth Rock\n|-fieldstart|move: Misty Terrain|[from] ability: Misty Surge|[of] p2a: Tapu Fini\n|move|p1a: Tornadus|Hurricane|p2a: Tapu Fini\n|-damage|p2a: Tapu Fini|64\/100\n|\n|-heal|p2a: Tapu Fini|71\/100|[from] item: Leftovers\n|upkeep\n|turn|24\n|\n|t:|1650157698\n|move|p1a: Tornadus|Taunt|p2a: Tapu Fini\n|-start|p2a: Tapu Fini|move: Taunt\n|cant|p2a: Tapu Fini|move: Taunt|Defog\n|\n|-heal|p2a: Tapu Fini|77\/100|[from] item: Leftovers\n|upkeep\n|turn|25\n|c|\u2606Pinkacross|gg\n|\n|t:|1650157701\n|move|p1a: Tornadus|U-turn|p2a: Tapu Fini\n|-resisted|p2a: Tapu Fini\n|-damage|p2a: Tapu Fini|71\/100\n|c|\u2606WohMi|gg\n|c|\u2606Pinkacross|ima uturn out of this game\n|c|\u2606WohMi|lmaooo\n|-message|Pinkacross forfeited.\n|\n|win|WohMi\n|n|\u2606Pinkacross|pinkacross\n|n|\u2606WohMi|wohmi\n|n| yaboiAshK.|yaboiashk\n|n| Prince Zenaku|princezenaku\n|n| Tennia|tennia\n|n| Zaza BitchuLia|zazabitchulia\n|n| Mogus Mogul|mogusmogul\n|n| OUTW LEIOX|outwleiox\n|n| icnincieninec|icnincieninec\n|n| bonce ronce|bonceronce\n|n| overlord bliss|overlordbliss\n|n| ShootingSonicX|shootingsonicx\n|n| spookyz|spookyz\n|n| ppev|ppev\n","uploadtime":1650157710,"views":302,"p1id":"pinkacross","p2id":"wohmi","formatid":"gen8ou","rating":0,"private":0,"password":null}