{"id":"gen8ou-1420443186","p1":"Vodyne","p2":"batatalekker","format":"gen8ou","log":"|j|\u2606Vodyne\n|j|\u2606batatalekker\n|t:|1632145583\n|gametype|singles\n|player|p1|Vodyne|102|1587\n|player|p2|batatalekker|266|1581\n|teamsize|p1|6\n|teamsize|p2|6\n|gen|8\n|tier|[Gen 8] OU\n|rated|\n|rule|Sleep Clause Mod: Limit one foe put to sleep\n|rule|Species Clause: Limit one of each Pok\u00e9mon\n|rule|OHKO Clause: OHKO moves are banned\n|rule|Evasion Moves Clause: Evasion moves are banned\n|rule|Endless Battle Clause: Forcing endless battles is banned\n|rule|HP Percentage Mod: HP is shown in percentages\n|rule|Dynamax Clause: You cannot dynamax\n|clearpoke\n|poke|p1|Snorlax, M|\n|poke|p1|Suicune|\n|poke|p1|Melmetal|\n|poke|p1|Victini|\n|poke|p1|Landorus-Therian, M|\n|poke|p1|Zapdos|\n|poke|p2|Heatran, M|\n|poke|p2|Ninetales-Alola, M|\n|poke|p2|Arctozolt|\n|poke|p2|Landorus-Therian, M|\n|poke|p2|Kyurem|\n|poke|p2|Tapu Lele|\n|teampreview\n|inactive|Battle timer is ON: inactive players will automatically lose when time's up. (requested by batatalekker)\n|c|\u2606Vodyne|hf\n|inactive|Vodyne has 120 seconds left.\n|inactive|batatalekker has 120 seconds left.\n|j| Greedier_eb\n|\n|t:|1632145636\n|start\n|switch|p1a: Landorus|Landorus-Therian, M|100\/100\n|switch|p2a: Landorus|Landorus-Therian, M|100\/100\n|-ability|p1a: Landorus|Intimidate|boost\n|-unboost|p2a: Landorus|atk|1\n|-ability|p2a: Landorus|Intimidate|boost\n|-unboost|p1a: Landorus|atk|1\n|turn|1\n|\n|t:|1632145642\n|switch|p2a: Kyurem|Kyurem|100\/100\n|-ability|p2a: Kyurem|Pressure\n|move|p1a: Landorus|Knock Off|p2a: Kyurem\n|-damage|p2a: Kyurem|80\/100\n|-enditem|p2a: Kyurem|Heavy-Duty Boots|[from] move: Knock Off|[of] p1a: Landorus\n|\n|upkeep\n|turn|2\n|\n|t:|1632145662\n|switch|p1a: Snorlax|Snorlax, M|100\/100\n|move|p2a: Kyurem|Freeze-Dry|p1a: Snorlax\n|-damage|p1a: Snorlax|92\/100\n|\n|-heal|p1a: Snorlax|98\/100|[from] item: Leftovers\n|upkeep\n|turn|3\n|\n|t:|1632145674\n|switch|p2a: Ninetales|Ninetales-Alola, M|100\/100\n|-weather|Hail|[from] ability: Snow Warning|[of] p2a: Ninetales\n|move|p1a: Snorlax|Body Slam|p2a: Ninetales\n|-damage|p2a: Ninetales|58\/100\n|\n|-weather|Hail|[upkeep]\n|-damage|p1a: Snorlax|92\/100|[from] Hail\n|-heal|p1a: Snorlax|98\/100|[from] item: Leftovers\n|upkeep\n|turn|4\n|\n|t:|1632145683\n|move|p2a: Ninetales|Aurora Veil|p2a: Ninetales\n|-sidestart|p2: batatalekker|move: Aurora Veil\n|move|p1a: Snorlax|Curse|p1a: Snorlax\n|-unboost|p1a: Snorlax|spe|1\n|-boost|p1a: Snorlax|atk|1\n|-boost|p1a: Snorlax|def|1\n|\n|-weather|Hail|[upkeep]\n|-damage|p1a: Snorlax|92\/100|[from] Hail\n|-heal|p1a: Snorlax|98\/100|[from] item: Leftovers\n|upkeep\n|turn|5\n|\n|t:|1632145687\n|move|p2a: Ninetales|Encore|p1a: Snorlax\n|-start|p1a: Snorlax|Encore\n|move|p1a: Snorlax|Curse|p1a: Snorlax\n|-unboost|p1a: Snorlax|spe|1\n|-boost|p1a: Snorlax|atk|1\n|-boost|p1a: Snorlax|def|1\n|\n|-weather|Hail|[upkeep]\n|-damage|p1a: Snorlax|92\/100|[from] Hail\n|-heal|p1a: Snorlax|98\/100|[from] item: Leftovers\n|upkeep\n|turn|6\n|\n|t:|1632145689\n|switch|p2a: Arctozolt|Arctozolt|100\/100\n|move|p1a: Snorlax|Curse|p1a: Snorlax\n|-unboost|p1a: Snorlax|spe|1\n|-boost|p1a: Snorlax|atk|1\n|-boost|p1a: Snorlax|def|1\n|\n|-weather|Hail|[upkeep]\n|-damage|p1a: Snorlax|92\/100|[from] Hail\n|-heal|p1a: Snorlax|98\/100|[from] item: Leftovers\n|upkeep\n|turn|7\n|\n|t:|1632145694\n|move|p2a: Arctozolt|Bolt Beak|p1a: Snorlax\n|-damage|p1a: Snorlax|71\/100\n|move|p1a: Snorlax|Curse|p1a: Snorlax\n|-unboost|p1a: Snorlax|spe|1\n|-boost|p1a: Snorlax|atk|1\n|-boost|p1a: Snorlax|def|1\n|\n|-weather|Hail|[upkeep]\n|-damage|p1a: Snorlax|65\/100|[from] Hail\n|-heal|p1a: Snorlax|71\/100|[from] item: Leftovers\n|-end|p1a: Snorlax|Encore\n|upkeep\n|turn|8\n|\n|t:|1632145700\n|move|p2a: Arctozolt|Blizzard|p1a: Snorlax\n|-damage|p1a: Snorlax|63\/100\n|move|p1a: Snorlax|Body Slam|p2a: Arctozolt\n|-damage|p2a: Arctozolt|45\/100\n|\n|-weather|Hail|[upkeep]\n|-damage|p1a: Snorlax|57\/100|[from] Hail\n|-heal|p1a: Snorlax|63\/100|[from] item: Leftovers\n|-sideend|p2: batatalekker|move: Aurora Veil\n|upkeep\n|turn|9\n|\n|t:|1632145705\n|move|p2a: Arctozolt|Low Kick|p1a: Snorlax\n|-supereffective|p1a: Snorlax\n|-damage|p1a: Snorlax|42\/100\n|move|p1a: Snorlax|Body Slam|p2a: Arctozolt\n|-damage|p2a: Arctozolt|0 fnt\n|faint|p2a: Arctozolt\n|\n|-weather|Hail|[upkeep]\n|-damage|p1a: Snorlax|36\/100|[from] Hail\n|-heal|p1a: Snorlax|42\/100|[from] item: Leftovers\n|upkeep\n|\n|t:|1632145714\n|switch|p2a: Heatran|Heatran, M|100\/100\n|turn|10\n|\n|t:|1632145721\n|move|p2a: Heatran|Taunt|p1a: Snorlax\n|-start|p1a: Snorlax|move: Taunt\n|move|p1a: Snorlax|Darkest Lariat|p2a: Heatran\n|-damage|p2a: Heatran|45\/100\n|\n|-weather|none\n|-heal|p2a: Heatran|51\/100|[from] item: Leftovers\n|-heal|p1a: Snorlax|48\/100|[from] item: Leftovers\n|upkeep\n|turn|11\n|j| Big ass in leggins\n|l| Big ass in leggins\n|\n|t:|1632145730\n|move|p2a: Heatran|Magma Storm|p1a: Snorlax\n|-damage|p1a: Snorlax|38\/100\n|-activate|p1a: Snorlax|move: Magma Storm|[of] p2a: Heatran\n|move|p1a: Snorlax|Darkest Lariat|p2a: Heatran\n|-damage|p2a: Heatran|0 fnt\n|faint|p2a: Heatran\n|\n|-heal|p1a: Snorlax|44\/100|[from] item: Leftovers\n|-end|p1a: Snorlax|Magma Storm|[partiallytrapped]|[silent]\n|upkeep\n|\n|t:|1632145739\n|switch|p2a: Landorus|Landorus-Therian, M|100\/100\n|-ability|p2a: Landorus|Intimidate|boost\n|-unboost|p1a: Snorlax|atk|1\n|turn|12\n|\n|t:|1632145741\n|move|p2a: Landorus|Stealth Rock|p1a: Snorlax\n|-sidestart|p1: Vodyne|move: Stealth Rock\n|move|p1a: Snorlax|Body Slam|p2a: Landorus\n|-damage|p2a: Landorus|25\/100\n|\n|-heal|p2a: Landorus|31\/100|[from] item: Leftovers\n|-heal|p1a: Snorlax|50\/100|[from] item: Leftovers\n|-end|p1a: Snorlax|move: Taunt\n|upkeep\n|turn|13\n|\n|t:|1632145749\n|move|p2a: Landorus|Knock Off|p1a: Snorlax\n|-damage|p1a: Snorlax|41\/100\n|-enditem|p1a: Snorlax|Leftovers|[from] move: Knock Off|[of] p2a: Landorus\n|move|p1a: Snorlax|Body Slam|p2a: Landorus\n|-damage|p2a: Landorus|0 fnt\n|faint|p2a: Landorus\n|\n|upkeep\n|\n|t:|1632145754\n|switch|p2a: Tapu Lele|Tapu Lele|100\/100\n|-fieldstart|move: Psychic Terrain|[from] ability: Psychic Surge|[of] p2a: Tapu Lele\n|turn|14\n|\n|t:|1632145760\n|move|p2a: Tapu Lele|Focus Blast|p1a: Snorlax\n|-supereffective|p1a: Snorlax\n|-damage|p1a: Snorlax|1\/100\n|move|p1a: Snorlax|Body Slam|p2a: Tapu Lele\n|-damage|p2a: Tapu Lele|0 fnt\n|faint|p2a: Tapu Lele\n|\n|upkeep\n|-message|batatalekker forfeited.\n|\n|win|Vodyne\n|raw|Vodyne's rating: 1587 &rarr; <strong>1606<\/strong><br \/>(+19 for winning)\n|raw|batatalekker's rating: 1561 &rarr; <strong>1542<\/strong><br \/>(-19 for losing)\n|l|\u2606batatalekker\n|j| malcolm24\n|j| Stormeist\n|l| malcolm24\n|j| tontash\n||Ladder isn't responding, score probably updated but might not have (Request timeout).\n","uploadtime":1632145772,"views":23,"p1id":"vodyne","p2id":"batatalekker","formatid":"gen8ou","rating":1542,"private":0,"password":null}