{"id":"gen8ou-1681622053","p1":"jeandonis02","p2":"Year1990","format":"gen8ou","log":"|j|\u2606jeandonis02\n|j|\u2606Year1990\n|t:|1665336555\n|gametype|singles\n|player|p1|jeandonis02|lucas|1725\n|player|p2|Year1990|1|1750\n|teamsize|p1|6\n|teamsize|p2|6\n|gen|8\n|tier|[Gen 8] OU\n|rated|\n|rule|Sleep Clause Mod: Limit one foe put to sleep\n|rule|Species Clause: Limit one of each Pok\u00e9mon\n|rule|OHKO Clause: OHKO moves are banned\n|rule|Evasion Items Clause: Evasion items are banned\n|rule|Evasion Moves Clause: Evasion moves are banned\n|rule|Endless Battle Clause: Forcing endless battles is banned\n|rule|HP Percentage Mod: HP is shown in percentages\n|rule|Dynamax Clause: You cannot dynamax\n|clearpoke\n|poke|p1|Zeraora|\n|poke|p1|Toxapex, F|\n|poke|p1|Garchomp, F|\n|poke|p1|Rotom-Wash|\n|poke|p1|Ferrothorn, F|\n|poke|p1|Charizard, M|\n|poke|p2|Swampert, M|\n|poke|p2|Rillaboom, M|\n|poke|p2|Heatran, M|\n|poke|p2|Kartana|\n|poke|p2|Dragapult, M|\n|poke|p2|Mew|\n|teampreview\n|\n|t:|1665336558\n|start\n|switch|p1a: Garchomp|Garchomp, F|100\/100\n|switch|p2a: Mew|Mew|100\/100\n|turn|1\n|\n|t:|1665336564\n|move|p1a: Garchomp|Outrage|p2a: Mew\n|-crit|p2a: Mew\n|-damage|p2a: Mew|0 fnt\n|faint|p2a: Mew\n|\n|upkeep\n|\n|t:|1665336573\n|switch|p2a: Swampert|Swampert, M|100\/100\n|turn|2\n|\n|t:|1665336575\n|move|p1a: Garchomp|Outrage|p2a: Swampert|[from]lockedmove\n|-damage|p2a: Swampert|17\/100\n|-start|p1a: Garchomp|confusion|[fatigue]\n|move|p2a: Swampert|Ice Punch|p1a: Garchomp\n|-supereffective|p1a: Garchomp\n|-damage|p1a: Garchomp|0 fnt\n|-damage|p2a: Swampert|5\/100|[from] ability: Rough Skin|[of] p1a: Garchomp\n|faint|p1a: Garchomp\n|\n|upkeep\n|inactive|Battle timer is ON: inactive players will automatically lose when time's up. (requested by jeandonis02)\n|\n|t:|1665336581\n|switch|p1a: Zeraora|Zeraora|100\/100\n|turn|3\n|j| ISimpForNessa\n|\n|t:|1665336582\n|move|p1a: Zeraora|Knock Off|p2a: Swampert\n|-damage|p2a: Swampert|0 fnt\n|-enditem|p2a: Swampert|Choice Band|[from] move: Knock Off|[of] p1a: Zeraora\n|faint|p2a: Swampert\n|\n|upkeep\n|\n|t:|1665336587\n|switch|p2a: Ssj 3|Rillaboom, M, shiny|100\/100\n|-fieldstart|move: Grassy Terrain|[from] ability: Grassy Surge|[of] p2a: Ssj 3\n|-enditem|p2a: Ssj 3|Grassy Seed\n|-boost|p2a: Ssj 3|def|1|[from] item: Grassy Seed\n|turn|4\n|j| Rajnified\n|\n|t:|1665336594\n|switch|p1a: Charizard|Charizard, M|100\/100\n|switch|p2a: Dragapult|Dragapult, M|100\/100\n|\n|upkeep\n|turn|5\n|\n|t:|1665336598\n|switch|p2a: Heatran|Heatran, M|100\/100\n|switch|p1a: Toxapex|Toxapex, F|100\/100\n|\n|upkeep\n|turn|6\n|\n|t:|1665336604\n|switch|p2a: Kartana|Kartana|100\/100\n|switch|p1a: Rotom|Rotom-Wash|100\/100\n|\n|upkeep\n|turn|7\n|\n|t:|1665336609\n|switch|p1a: Ferrothorn|Ferrothorn, F|100\/100\n|move|p2a: Kartana|Swords Dance|p2a: Kartana\n|-boost|p2a: Kartana|atk|2\n|\n|upkeep\n|turn|8\n|j| sada is dafa\n|\n|t:|1665336611\n|move|p2a: Kartana|Knock Off|p1a: Ferrothorn\n|-damage|p1a: Ferrothorn|40\/100\n|-damage|p2a: Kartana|88\/100|[from] ability: Iron Barbs|[of] p1a: Ferrothorn\n|-damage|p2a: Kartana|72\/100|[from] item: Rocky Helmet|[of] p1a: Ferrothorn\n|-enditem|p1a: Ferrothorn|Rocky Helmet|[from] move: Knock Off|[of] p2a: Kartana\n|-damage|p2a: Kartana|62\/100|[from] item: Life Orb\n|move|p1a: Ferrothorn|Thunder Wave|p2a: Kartana\n|-status|p2a: Kartana|par\n|\n|-heal|p2a: Kartana|68\/100 par|[from] Grassy Terrain\n|-heal|p1a: Ferrothorn|46\/100|[from] Grassy Terrain\n|-fieldend|move: Grassy Terrain\n|upkeep\n|turn|9\n|\n|t:|1665336614\n|move|p2a: Kartana|Knock Off|p1a: Ferrothorn\n|-damage|p1a: Ferrothorn|3\/100\n|-damage|p2a: Kartana|56\/100 par|[from] ability: Iron Barbs|[of] p1a: Ferrothorn\n|-damage|p2a: Kartana|46\/100 par|[from] item: Life Orb\n|move|p1a: Ferrothorn|Stealth Rock|p2a: Kartana\n|-sidestart|p2: Year1990|move: Stealth Rock\n|\n|upkeep\n|turn|10\n|\n|t:|1665336616\n|move|p2a: Kartana|Knock Off|p1a: Ferrothorn\n|-damage|p1a: Ferrothorn|0 fnt\n|-damage|p2a: Kartana|34\/100 par|[from] ability: Iron Barbs|[of] p1a: Ferrothorn\n|faint|p1a: Ferrothorn\n|-ability|p2a: Kartana|Beast Boost|boost\n|-boost|p2a: Kartana|atk|1\n|-damage|p2a: Kartana|24\/100 par|[from] item: Life Orb\n|\n|upkeep\n|\n|t:|1665336619\n|switch|p1a: Zeraora|Zeraora|100\/100\n|turn|11\n|\n|t:|1665336623\n|move|p1a: Zeraora|Knock Off|p2a: Kartana\n|-crit|p2a: Kartana\n|-damage|p2a: Kartana|0 fnt\n|-enditem|p2a: Kartana|Life Orb|[from] move: Knock Off|[of] p1a: Zeraora\n|faint|p2a: Kartana\n|\n|upkeep\n|\n|t:|1665336626\n|switch|p2a: Ssj 3|Rillaboom, M, shiny|100\/100\n|-damage|p2a: Ssj 3|88\/100|[from] Stealth Rock\n|-fieldstart|move: Grassy Terrain|[from] ability: Grassy Surge|[of] p2a: Ssj 3\n|turn|12\n|j| soaringpelipper\n|inactive|jeandonis02 has 120 seconds left.\n|inactive|jeandonis02 has 90 seconds left.\n|l| soaringpelipper\n|\n|t:|1665336699\n|switch|p1a: Charizard|Charizard, M|100\/100\n|move|p2a: Ssj 3|Grassy Glide|p1a: Charizard\n|-resisted|p1a: Charizard\n|-damage|p1a: Charizard|85\/100\n|\n|-heal|p2a: Ssj 3|94\/100|[from] Grassy Terrain\n|upkeep\n|turn|13\n|\n|t:|1665336728\n|switch|p1a: Toxapex|Toxapex, F|100\/100\n|switch|p2a: Heatran|Heatran, M|100\/100\n|-damage|p2a: Heatran|88\/100|[from] Stealth Rock\n|\n|-heal|p2a: Heatran|94\/100|[from] Grassy Terrain\n|upkeep\n|turn|14\n|\n|t:|1665336738\n|move|p2a: Heatran|Nature Power|p1a: Toxapex\n|move|p2a: Heatran|Energy Ball|p1a: Toxapex|[from]move: Nature Power\n|-damage|p1a: Toxapex|76\/100\n|move|p1a: Toxapex|Scald|p2a: Heatran\n|-supereffective|p2a: Heatran\n|-damage|p2a: Heatran|61\/100\n|\n|-heal|p2a: Heatran|67\/100|[from] Grassy Terrain\n|-heal|p1a: Toxapex|82\/100|[from] Grassy Terrain\n|-heal|p1a: Toxapex|89\/100|[from] item: Black Sludge\n|upkeep\n|turn|15\n|-message|Year1990 forfeited.\n|\n|win|jeandonis02\n|raw|jeandonis02's rating: 1725 &rarr; <strong>1746<\/strong><br \/>(+21 for winning)\n|raw|Year1990's rating: 1750 &rarr; <strong>1729<\/strong><br \/>(-21 for losing)\n|l|\u2606Year1990\n|l| sada is dafa\n||Ladder isn't responding, score probably updated but might not have (Request timeout).\n","uploadtime":1665336754,"views":14,"p1id":"jeandonis02","p2id":"year1990","formatid":"gen8ou","rating":1729,"private":0,"password":null}