{"id":"gen8monotype-1559404688","p1":"Arcangel666","p2":"CC1Gr tilt","format":"gen8monotype","log":"|j|\u2606Arcangel666\n|j|\u2606CC1Gr tilt\n|t:|1650678837\n|gametype|singles\n|player|p1|Arcangel666|piers|1549\n|player|p2|CC1Gr tilt|policeman-gen4|1529\n|teamsize|p1|6\n|teamsize|p2|6\n|gen|8\n|tier|[Gen 8] Monotype\n|rated|\n|rule|Same Type Clause: Pok\u00e9mon in a team must share a type\n|rule|Sleep Clause Mod: Limit one foe put to sleep\n|rule|Species Clause: Limit one of each Pok\u00e9mon\n|rule|OHKO Clause: OHKO moves are banned\n|rule|Evasion Moves Clause: Evasion moves are banned\n|rule|Endless Battle Clause: Forcing endless battles is banned\n|rule|HP Percentage Mod: HP is shown in percentages\n|rule|Dynamax Clause: You cannot dynamax\n|clearpoke\n|poke|p1|Bisharp, M|\n|poke|p1|Grimmsnarl, M|\n|poke|p1|Hydreigon, M|\n|poke|p1|Scrafty, M|\n|poke|p1|Sableye, M|\n|poke|p1|Moltres-Galar|\n|poke|p2|Zygarde-10%|\n|poke|p2|Diggersby, M|\n|poke|p2|Steelix, F|\n|poke|p2|Mamoswine, M|\n|poke|p2|Runerigus, F|\n|poke|p2|Seismitoad, F|\n|teampreview\n|\n|t:|1650678848\n|start\n|switch|p1a: Sableye|Sableye, M|100\/100\n|switch|p2a: Diggersby|Diggersby, M|100\/100\n|turn|1\n|\n|t:|1650678852\n|switch|p2a: Seismitoad|Seismitoad, F|100\/100\n|move|p1a: Sableye|Will-O-Wisp|p2a: Seismitoad\n|-status|p2a: Seismitoad|brn\n|\n|-damage|p2a: Seismitoad|95\/100 brn|[from] brn\n|upkeep\n|turn|2\n|\n|t:|1650678859\n|move|p1a: Sableye|Taunt|p2a: Seismitoad\n|-start|p2a: Seismitoad|move: Taunt\n|move|p2a: Seismitoad|Hydro Pump|p1a: Sableye\n|-damage|p1a: Sableye|29\/100\n|-enditem|p1a: Sableye|Sitrus Berry|[eat]\n|-heal|p1a: Sableye|54\/100|[from] item: Sitrus Berry\n|\n|-damage|p2a: Seismitoad|89\/100 brn|[from] brn\n|upkeep\n|turn|3\n|\n|t:|1650678864\n|move|p1a: Sableye|Recover|p1a: Sableye\n|-heal|p1a: Sableye|100\/100\n|move|p2a: Seismitoad|Hydro Pump|p1a: Sableye\n|-damage|p1a: Sableye|35\/100\n|\n|-damage|p2a: Seismitoad|83\/100 brn|[from] brn\n|upkeep\n|turn|4\n|\n|t:|1650678867\n|move|p1a: Sableye|Recover|p1a: Sableye\n|-heal|p1a: Sableye|85\/100\n|move|p2a: Seismitoad|Hydro Pump|p1a: Sableye|[miss]\n|-miss|p2a: Seismitoad|p1a: Sableye\n|\n|-damage|p2a: Seismitoad|77\/100 brn|[from] brn\n|-end|p2a: Seismitoad|move: Taunt\n|upkeep\n|turn|5\n|\n|t:|1650678872\n|move|p2a: Seismitoad|Hydro Pump|p1a: Sableye|[miss]\n|-miss|p2a: Seismitoad|p1a: Sableye\n|move|p1a: Sableye|Foul Play|p2a: Seismitoad\n|-damage|p2a: Seismitoad|47\/100 brn\n|\n|-damage|p2a: Seismitoad|41\/100 brn|[from] brn\n|upkeep\n|turn|6\n|\n|t:|1650678875\n|move|p2a: Seismitoad|Hydro Pump|p1a: Sableye\n|-damage|p1a: Sableye|21\/100\n|move|p1a: Sableye|Foul Play|p2a: Seismitoad\n|-damage|p2a: Seismitoad|12\/100 brn\n|\n|-damage|p2a: Seismitoad|6\/100 brn|[from] brn\n|upkeep\n|turn|7\n|\n|t:|1650678879\n|move|p1a: Sableye|Recover|p1a: Sableye\n|-heal|p1a: Sableye|71\/100\n|move|p2a: Seismitoad|Hydro Pump|p1a: Sableye|[miss]\n|-miss|p2a: Seismitoad|p1a: Sableye\n|\n|-damage|p2a: Seismitoad|0 fnt|[from] brn\n|faint|p2a: Seismitoad\n|upkeep\n|c|\u2606CC1Gr tilt|cool\n|c|\u2606CC1Gr tilt|well\n|c|\u2606CC1Gr tilt|gg\n|\n|t:|1650678901\n|switch|p2a: Zygarde|Zygarde-10%|100\/100\n|-ability|p2a: Zygarde|Aura Break\n|turn|8\n|\n|t:|1650678905\n|move|p1a: Sableye|Will-O-Wisp|p2a: Zygarde\n|-status|p2a: Zygarde|brn\n|move|p2a: Zygarde|Toxic|p1a: Sableye\n|-status|p1a: Sableye|tox\n|\n|-damage|p1a: Sableye|65\/100 tox|[from] psn\n|-damage|p2a: Zygarde|94\/100 brn|[from] brn\n|upkeep\n|turn|9\n|inactive|Battle timer is ON: inactive players will automatically lose when time's up. (requested by CC1Gr tilt)\n|\n|t:|1650678914\n|switch|p2a: Runerigus|Runerigus, F|100\/100\n|-item|p2a: Runerigus|Air Balloon\n|move|p1a: Sableye|Foul Play|p2a: Runerigus\n|-supereffective|p2a: Runerigus\n|-damage|p2a: Runerigus|60\/100\n|-activate|p2a: Runerigus|ability: Wandering Spirit|Prankster|Wandering Spirit|[of] p1a: Sableye\n|-enditem|p2a: Runerigus|Air Balloon\n|\n|-damage|p1a: Sableye|52\/100 tox|[from] psn\n|upkeep\n|turn|10\n|\n|t:|1650678919\n|move|p2a: Runerigus|Toxic Spikes|p1a: Sableye\n|-sidestart|p1: Arcangel666|move: Toxic Spikes\n|move|p1a: Sableye|Taunt|p2a: Runerigus\n|-start|p2a: Runerigus|move: Taunt\n|\n|-damage|p1a: Sableye|34\/100 tox|[from] psn\n|upkeep\n|turn|11\n|\n|t:|1650678928\n|switch|p1a: Hydreigon|Hydreigon, M, shiny|100\/100\n|move|p2a: Runerigus|Poltergeist|p1a: Hydreigon|[miss]\n|-miss|p2a: Runerigus|p1a: Hydreigon\n|\n|upkeep\n|turn|12\n|\n|t:|1650678932\n|move|p1a: Hydreigon|Substitute|p1a: Hydreigon\n|-start|p1a: Hydreigon|Substitute\n|-damage|p1a: Hydreigon|76\/100\n|move|p2a: Runerigus|Body Press|p1a: Hydreigon\n|-supereffective|p1a: Hydreigon\n|-end|p1a: Hydreigon|Substitute\n|\n|-heal|p1a: Hydreigon|82\/100|[from] item: Leftovers\n|upkeep\n|turn|13\n|\n|t:|1650678937\n|move|p1a: Hydreigon|Dark Pulse|p2a: Runerigus\n|-supereffective|p2a: Runerigus\n|-damage|p2a: Runerigus|0 fnt\n|faint|p2a: Runerigus\n|\n|-heal|p1a: Hydreigon|88\/100|[from] item: Leftovers\n|upkeep\n|\n|t:|1650678946\n|switch|p2a: Mamoswine|Mamoswine, M|100\/100\n|turn|14\n|\n|t:|1650678949\n|move|p1a: Hydreigon|Dark Pulse|p2a: Mamoswine\n|-damage|p2a: Mamoswine|62\/100\n|move|p2a: Mamoswine|Icicle Crash|p1a: Hydreigon\n|-supereffective|p1a: Hydreigon\n|-damage|p1a: Hydreigon|0 fnt\n|faint|p1a: Hydreigon\n|\n|upkeep\n|\n|t:|1650678951\n|switch|p1a: Grimmsnarl|Grimmsnarl, M, shiny|100\/100\n|-status|p1a: Grimmsnarl|psn\n|turn|15\n|\n|t:|1650678956\n|move|p1a: Grimmsnarl|Reflect|p1a: Grimmsnarl\n|-sidestart|p1: Arcangel666|Reflect\n|move|p2a: Mamoswine|Earthquake|p1a: Grimmsnarl\n|-damage|p1a: Grimmsnarl|63\/100 psn\n|\n|-damage|p1a: Grimmsnarl|50\/100 psn|[from] psn\n|upkeep\n|turn|16\n|\n|t:|1650678962\n|switch|p2a: Steelix|Steelix, F|100\/100\n|move|p1a: Grimmsnarl|Spirit Break|p2a: Steelix\n|-resisted|p2a: Steelix\n|-damage|p2a: Steelix|89\/100\n|-unboost|p2a: Steelix|spa|1\n|\n|-heal|p2a: Steelix|95\/100|[from] item: Leftovers\n|-damage|p1a: Grimmsnarl|38\/100 psn|[from] psn\n|upkeep\n|turn|17\n|\n|t:|1650678966\n|switch|p1a: Moltres|Moltres-Galar|100\/100\n|move|p2a: Steelix|Substitute|p2a: Steelix\n|-start|p2a: Steelix|Substitute\n|-damage|p2a: Steelix|71\/100\n|\n|-heal|p2a: Steelix|77\/100|[from] item: Leftovers\n|upkeep\n|turn|18\n|\n|t:|1650678972\n|move|p1a: Moltres|Fiery Wrath|p2a: Steelix\n|-end|p2a: Steelix|Substitute\n|move|p2a: Steelix|Iron Defense|p2a: Steelix\n|-boost|p2a: Steelix|def|2\n|\n|-heal|p2a: Steelix|83\/100|[from] item: Leftovers\n|upkeep\n|turn|19\n|\n|t:|1650678995\n|move|p1a: Moltres|Fiery Wrath|p2a: Steelix\n|-damage|p2a: Steelix|46\/100\n|move|p2a: Steelix|Body Press|p1a: Moltres\n|-damage|p1a: Moltres|60\/100\n|\n|-heal|p2a: Steelix|52\/100|[from] item: Leftovers\n|upkeep\n|turn|20\n|\n|t:|1650679004\n|switch|p2a: Zygarde|Zygarde-10%|94\/100 brn\n|-ability|p2a: Zygarde|Aura Break\n|move|p1a: Moltres|Fiery Wrath|p2a: Zygarde\n|-damage|p2a: Zygarde|24\/100 brn\n|\n|-damage|p2a: Zygarde|18\/100 brn|[from] brn\n|upkeep\n|turn|21\n|\n|t:|1650679019\n|move|p2a: Zygarde|Outrage|p1a: Moltres\n|-damage|p1a: Moltres|39\/100\n|-ability|p1a: Moltres|Berserk|boost\n|-boost|p1a: Moltres|spa|1\n|move|p1a: Moltres|Fiery Wrath|p2a: Zygarde\n|-damage|p2a: Zygarde|0 fnt\n|faint|p2a: Zygarde\n|\n|upkeep\n|\n|t:|1650679028\n|switch|p2a: Diggersby|Diggersby, M|100\/100\n|turn|22\n|\n|t:|1650679031\n|move|p2a: Diggersby|Body Slam|p1a: Moltres\n|-damage|p1a: Moltres|11\/100\n|move|p1a: Moltres|Fiery Wrath|p2a: Diggersby\n|-damage|p2a: Diggersby|20\/100\n|\n|-sideend|p1: Arcangel666|Reflect\n|upkeep\n|turn|23\n|\n|t:|1650679037\n|move|p2a: Diggersby|Body Slam|p1a: Moltres\n|-damage|p1a: Moltres|0 fnt\n|faint|p1a: Moltres\n|\n|upkeep\n|\n|t:|1650679040\n|switch|p1a: Grimmsnarl|Grimmsnarl, M, shiny|38\/100 psn\n|turn|24\n|\n|t:|1650679059\n|switch|p2a: Steelix|Steelix, F|52\/100\n|move|p1a: Grimmsnarl|Reflect|p1a: Grimmsnarl\n|-sidestart|p1: Arcangel666|Reflect\n|\n|-heal|p2a: Steelix|58\/100|[from] item: Leftovers\n|-damage|p1a: Grimmsnarl|26\/100 psn|[from] psn\n|upkeep\n|turn|25\n|\n|t:|1650679062\n|switch|p1a: Sableye|Sableye, M|34\/100 tox\n|move|p2a: Steelix|Substitute|p2a: Steelix\n|-start|p2a: Steelix|Substitute\n|-damage|p2a: Steelix|33\/100\n|\n|-heal|p2a: Steelix|39\/100|[from] item: Leftovers\n|-damage|p1a: Sableye|27\/100 tox|[from] psn\n|upkeep\n|turn|26\n|\n|t:|1650679066\n|move|p1a: Sableye|Taunt|p2a: Steelix\n|-start|p2a: Steelix|move: Taunt\n|move|p2a: Steelix|Heavy Slam|p1a: Sableye\n|-damage|p1a: Sableye|4\/100 tox\n|\n|-heal|p2a: Steelix|46\/100|[from] item: Leftovers\n|-damage|p1a: Sableye|0 fnt|[from] psn\n|faint|p1a: Sableye\n|upkeep\n|\n|t:|1650679072\n|switch|p1a: Scrafty|Scrafty, M|100\/100\n|-status|p1a: Scrafty|psn\n|turn|27\n|\n|t:|1650679078\n|move|p1a: Scrafty|Knock Off|p2a: Steelix\n|-activate|p2a: Steelix|move: Substitute|[damage]\n|move|p2a: Steelix|Body Press|p1a: Scrafty\n|-supereffective|p1a: Scrafty\n|-damage|p1a: Scrafty|68\/100 psn\n|\n|-heal|p1a: Scrafty|74\/100 psn|[from] item: Leftovers\n|-heal|p2a: Steelix|52\/100|[from] item: Leftovers\n|-damage|p1a: Scrafty|62\/100 psn|[from] psn\n|upkeep\n|turn|28\n|\n|t:|1650679083\n|move|p1a: Scrafty|Drain Punch|p2a: Steelix\n|-supereffective|p2a: Steelix\n|-end|p2a: Steelix|Substitute\n|-heal|p1a: Scrafty|67\/100 psn|[from] drain|[of] p2a: Steelix\n|move|p2a: Steelix|Body Press|p1a: Scrafty\n|-supereffective|p1a: Scrafty\n|-damage|p1a: Scrafty|36\/100 psn\n|\n|-heal|p1a: Scrafty|42\/100 psn|[from] item: Leftovers\n|-heal|p2a: Steelix|58\/100|[from] item: Leftovers\n|-damage|p1a: Scrafty|30\/100 psn|[from] psn\n|-end|p2a: Steelix|move: Taunt\n|upkeep\n|turn|29\n|inactive|CC1Gr tilt has 120 seconds left.\n|\n|t:|1650679115\n|switch|p2a: Diggersby|Diggersby, M|20\/100\n|move|p1a: Scrafty|Drain Punch|p2a: Diggersby\n|-supereffective|p2a: Diggersby\n|-damage|p2a: Diggersby|0 fnt\n|-heal|p1a: Scrafty|39\/100 psn|[from] drain|[of] p2a: Diggersby\n|faint|p2a: Diggersby\n|\n|-heal|p1a: Scrafty|45\/100 psn|[from] item: Leftovers\n|-damage|p1a: Scrafty|33\/100 psn|[from] psn\n|upkeep\n|\n|t:|1650679118\n|switch|p2a: Mamoswine|Mamoswine, M|62\/100\n|turn|30\n|\n|t:|1650679122\n|move|p2a: Mamoswine|Earthquake|p1a: Scrafty\n|-damage|p1a: Scrafty|7\/100 psn\n|move|p1a: Scrafty|Drain Punch|p2a: Mamoswine\n|-supereffective|p2a: Mamoswine\n|-damage|p2a: Mamoswine|5\/100\n|-heal|p1a: Scrafty|38\/100 psn|[from] drain|[of] p2a: Mamoswine\n|\n|-heal|p1a: Scrafty|44\/100 psn|[from] item: Leftovers\n|-damage|p1a: Scrafty|32\/100 psn|[from] psn\n|upkeep\n|turn|31\n|\n|t:|1650679127\n|move|p2a: Mamoswine|Earthquake|p1a: Scrafty\n|-damage|p1a: Scrafty|4\/100 psn\n|move|p1a: Scrafty|Rest|p1a: Scrafty\n|-status|p1a: Scrafty|slp|[from] move: Rest\n|-heal|p1a: Scrafty|100\/100 slp|[silent]\n|\n|-sideend|p1: Arcangel666|Reflect\n|upkeep\n|turn|32\n|\n|t:|1650679135\n|switch|p2a: Steelix|Steelix, F|58\/100\n|switch|p1a: Grimmsnarl|Grimmsnarl, M, shiny|26\/100 psn\n|\n|-heal|p2a: Steelix|64\/100|[from] item: Leftovers\n|-damage|p1a: Grimmsnarl|13\/100 psn|[from] psn\n|upkeep\n|turn|33\n|\n|t:|1650679140\n|move|p1a: Grimmsnarl|Reflect|p1a: Grimmsnarl\n|-sidestart|p1: Arcangel666|Reflect\n|move|p2a: Steelix|Substitute|p2a: Steelix\n|-start|p2a: Steelix|Substitute\n|-damage|p2a: Steelix|39\/100\n|\n|-heal|p2a: Steelix|46\/100|[from] item: Leftovers\n|-damage|p1a: Grimmsnarl|1\/100 psn|[from] psn\n|upkeep\n|turn|34\n|\n|t:|1650679145\n|switch|p1a: Scrafty|Scrafty, M|100\/100 slp\n|move|p2a: Steelix|Iron Defense|p2a: Steelix\n|-boost|p2a: Steelix|def|2\n|\n|-heal|p2a: Steelix|52\/100|[from] item: Leftovers\n|upkeep\n|turn|35\n|\n|t:|1650679148\n|cant|p1a: Scrafty|slp\n|move|p2a: Steelix|Iron Defense|p2a: Steelix\n|-boost|p2a: Steelix|def|2\n|\n|-heal|p2a: Steelix|58\/100|[from] item: Leftovers\n|upkeep\n|turn|36\n|\n|t:|1650679152\n|cant|p1a: Scrafty|slp\n|move|p2a: Steelix|Iron Defense|p2a: Steelix\n|-boost|p2a: Steelix|def|2\n|\n|-heal|p2a: Steelix|64\/100|[from] item: Leftovers\n|upkeep\n|turn|37\n|\n|t:|1650679156\n|-curestatus|p1a: Scrafty|slp|[msg]\n|move|p1a: Scrafty|Bulk Up|p1a: Scrafty\n|-boost|p1a: Scrafty|atk|1\n|-boost|p1a: Scrafty|def|1\n|move|p2a: Steelix|Body Press|p1a: Scrafty\n|-supereffective|p1a: Scrafty\n|-damage|p1a: Scrafty|19\/100\n|\n|-heal|p1a: Scrafty|25\/100|[from] item: Leftovers\n|-heal|p2a: Steelix|71\/100|[from] item: Leftovers\n|upkeep\n|turn|38\n|\n|t:|1650679161\n|move|p1a: Scrafty|Drain Punch|p2a: Steelix\n|-supereffective|p2a: Steelix\n|-activate|p2a: Steelix|move: Substitute|[damage]\n|-heal|p1a: Scrafty|30\/100|[from] drain|[of] p2a: Steelix\n|move|p2a: Steelix|Body Press|p1a: Scrafty\n|-supereffective|p1a: Scrafty\n|-damage|p1a: Scrafty|0 fnt\n|faint|p1a: Scrafty\n|\n|-heal|p2a: Steelix|77\/100|[from] item: Leftovers\n|upkeep\n|c|\u2606CC1Gr tilt|gg\n|-message|Arcangel666 forfeited.\n|\n|win|CC1Gr tilt\n|raw|Arcangel666's rating: 1549 &rarr; <strong>1528<\/strong><br \/>(-21 for losing)\n|raw|CC1Gr tilt's rating: 1529 &rarr; <strong>1550<\/strong><br \/>(+21 for winning)\n|l|\u2606Arcangel666\n||Ladder isn't responding, score probably updated but might not have (Request timeout).\n","uploadtime":1650679172,"views":6,"p1id":"arcangel666","p2id":"cc1grtilt","formatid":"gen8monotype","rating":1528,"private":0,"password":null}