{"id":"gen8ou-1497545372","p1":"bakaboure","p2":"Dhar Minder Man","format":"gen8ou","log":"|j|\u2606bakaboure\n|j|\u2606Dhar Minder Man\n|t:|1643041482\n|gametype|singles\n|player|p1|bakaboure|bellelba|1396\n|player|p2|Dhar Minder Man|266|1365\n|teamsize|p1|6\n|teamsize|p2|6\n|gen|8\n|tier|[Gen 8] OU\n|rated|\n|rule|Sleep Clause Mod: Limit one foe put to sleep\n|rule|Species Clause: Limit one of each Pok\u00e9mon\n|rule|OHKO Clause: OHKO moves are banned\n|rule|Evasion Moves Clause: Evasion moves are banned\n|rule|Endless Battle Clause: Forcing endless battles is banned\n|rule|HP Percentage Mod: HP is shown in percentages\n|rule|Dynamax Clause: You cannot dynamax\n|clearpoke\n|poke|p1|Hatterene, F|\n|poke|p1|Crawdaunt, F|\n|poke|p1|Melmetal|\n|poke|p1|Marowak-Alola, M|\n|poke|p1|Cresselia, F|\n|poke|p1|Porygon2|\n|poke|p2|Hatterene, F|\n|poke|p2|Porygon2|\n|poke|p2|Cresselia, F|\n|poke|p2|Crawdaunt, M|\n|poke|p2|Marowak-Alola, F|\n|poke|p2|Melmetal|\n|teampreview\n|inactive|Battle timer is ON: inactive players will automatically lose when time's up. (requested by bakaboure)\n|c|\u2606Dhar Minder Man|lmao\n|\n|t:|1643041493\n|start\n|switch|p1a: Melmetal|Melmetal|100\/100\n|switch|p2a: Melmetal|Melmetal|100\/100\n|turn|1\n|\n|t:|1643041499\n|move|p1a: Melmetal|Superpower|p2a: Melmetal\n|-supereffective|p2a: Melmetal\n|-damage|p2a: Melmetal|17\/100\n|-unboost|p1a: Melmetal|atk|1\n|-unboost|p1a: Melmetal|def|1\n|move|p2a: Melmetal|Double Iron Bash|p1a: Melmetal\n|-resisted|p1a: Melmetal\n|-damage|p1a: Melmetal|76\/100\n|-resisted|p1a: Melmetal\n|-crit|p1a: Melmetal\n|-damage|p1a: Melmetal|36\/100\n|-hitcount|p1a: Melmetal|2\n|\n|upkeep\n|turn|2\n|\n|t:|1643041520\n|switch|p1a: Cresselia|Cresselia, F|100\/100\n|switch|p2a: Cresselia|Cresselia, F, shiny|100\/100\n|\n|upkeep\n|turn|3\n|\n|t:|1643041529\n|move|p1a: Cresselia|Ice Beam|p2a: Cresselia\n|-damage|p2a: Cresselia|90\/100\n|move|p2a: Cresselia|Lunar Dance|p2a: Cresselia\n|faint|p2a: Cresselia\n|\n|upkeep\n|\n|t:|1643041533\n|switch|p2a: Melmetal|Melmetal|17\/100\n|-heal|p2a: Melmetal|100\/100|[from] move: Lunar Dance\n|turn|4\n|\n|t:|1643041542\n|move|p1a: Cresselia|Lunar Dance|p1a: Cresselia\n|faint|p1a: Cresselia\n|move|p2a: Melmetal|Double Iron Bash|p1: Cresselia|[notarget]\n|-fail|p2a: Melmetal\n|\n|upkeep\n|\n|t:|1643041546\n|switch|p1a: Melmetal|Melmetal|36\/100\n|-heal|p1a: Melmetal|100\/100|[from] move: Lunar Dance\n|turn|5\n|\n|t:|1643041553\n|move|p1a: Melmetal|Double Iron Bash|p2a: Melmetal\n|-resisted|p2a: Melmetal\n|-damage|p2a: Melmetal|82\/100\n|-resisted|p2a: Melmetal\n|-damage|p2a: Melmetal|65\/100\n|-hitcount|p2a: Melmetal|2\n|cant|p2a: Melmetal|flinch\n|\n|upkeep\n|turn|6\n|\n|t:|1643041559\n|move|p1a: Melmetal|Double Iron Bash|p2a: Melmetal\n|-resisted|p2a: Melmetal\n|-crit|p2a: Melmetal\n|-damage|p2a: Melmetal|38\/100\n|-resisted|p2a: Melmetal\n|-damage|p2a: Melmetal|22\/100\n|-hitcount|p2a: Melmetal|2\n|cant|p2a: Melmetal|flinch\n|\n|upkeep\n|turn|7\n|\n|t:|1643041573\n|switch|p2a: Marowak|Marowak-Alola, F, shiny|100\/100\n|move|p1a: Melmetal|Double Iron Bash|p2a: Marowak\n|-resisted|p2a: Marowak\n|-damage|p2a: Marowak|70\/100\n|-resisted|p2a: Marowak\n|-damage|p2a: Marowak|40\/100\n|-hitcount|p2a: Marowak|2\n|\n|upkeep\n|turn|8\n|\n|t:|1643041584\n|switch|p1a: Crawdaunt|Crawdaunt, F|100\/100\n|move|p2a: Marowak|Flare Blitz|p1a: Crawdaunt\n|-resisted|p1a: Crawdaunt\n|-damage|p1a: Crawdaunt|40\/100\n|\n|upkeep\n|turn|9\n|\n|t:|1643041597\n|switch|p2a: Hatterene|Hatterene, F, shiny|100\/100\n|move|p1a: Crawdaunt|Knock Off|p2a: Hatterene\n|-damage|p2a: Hatterene|16\/100\n|-enditem|p2a: Hatterene|Focus Sash|[from] move: Knock Off|[of] p1a: Crawdaunt\n|-damage|p1a: Crawdaunt|30\/100|[from] item: Life Orb\n|\n|upkeep\n|turn|10\n|\n|t:|1643041604\n|move|p1a: Crawdaunt|Knock Off|p2a: Hatterene\n|-damage|p2a: Hatterene|0 fnt\n|faint|p2a: Hatterene\n|-damage|p1a: Crawdaunt|20\/100|[from] item: Life Orb\n|\n|upkeep\n|\n|t:|1643041607\n|switch|p2a: Crawdaunt|Crawdaunt, M, shiny|100\/100\n|turn|11\n|\n|t:|1643041622\n|move|p2a: Crawdaunt|Aqua Jet|p1a: Crawdaunt\n|-resisted|p1a: Crawdaunt\n|-damage|p1a: Crawdaunt|0 fnt\n|faint|p1a: Crawdaunt\n|-damage|p2a: Crawdaunt|91\/100|[from] item: Life Orb\n|\n|upkeep\n|\n|t:|1643041635\n|switch|p1a: Melmetal|Melmetal|100\/100\n|turn|12\n|\n|t:|1643041641\n|switch|p2a: Porygon2|Porygon2, shiny|100\/100\n|-ability|p2a: Porygon2|Iron Fist|[from] ability: Trace|[of] p1a: Melmetal\n|move|p1a: Melmetal|Thunder Punch|p2a: Porygon2\n|-damage|p2a: Porygon2|67\/100\n|\n|upkeep\n|turn|13\n|\n|t:|1643041649\n|move|p1a: Melmetal|Thunder Punch|p2a: Porygon2\n|-damage|p2a: Porygon2|36\/100\n|move|p2a: Porygon2|Trick Room|p2a: Porygon2\n|-fieldstart|move: Trick Room|[of] p2a: Porygon2\n|\n|upkeep\n|turn|14\n|\n|t:|1643041655\n|switch|p1a: Marowak|Marowak-Alola, M|100\/100\n|move|p2a: Porygon2|Teleport|p2a: Porygon2\n|\n|t:|1643041664\n|switch|p2a: Melmetal|Melmetal|22\/100|[from]move: Teleport\n|\n|upkeep\n|turn|15\n|\n|t:|1643041669\n|switch|p1a: Porygon2|Porygon2|100\/100\n|-ability|p1a: Porygon2|Iron Fist|[from] ability: Trace|[of] p2a: Melmetal\n|move|p2a: Melmetal|Superpower|p1a: Porygon2\n|-supereffective|p1a: Porygon2\n|-damage|p1a: Porygon2|0 fnt\n|-unboost|p2a: Melmetal|atk|1\n|-unboost|p2a: Melmetal|def|1\n|faint|p1a: Porygon2\n|\n|upkeep\n|\n|t:|1643041685\n|switch|p1a: Melmetal|Melmetal|100\/100\n|turn|16\n|\n|t:|1643041692\n|switch|p2a: Porygon2|Porygon2, shiny|36\/100\n|-ability|p2a: Porygon2|Iron Fist|[from] ability: Trace|[of] p1a: Melmetal\n|switch|p1a: Marowak|Marowak-Alola, M|100\/100\n|\n|upkeep\n|turn|17\n|\n|t:|1643041702\n|move|p1a: Marowak|Earthquake|p2a: Porygon2\n|-damage|p2a: Porygon2|6\/100\n|move|p2a: Porygon2|Recover|p2a: Porygon2\n|-heal|p2a: Porygon2|56\/100\n|\n|-fieldend|move: Trick Room\n|upkeep\n|turn|18\n|\n|t:|1643041708\n|move|p2a: Porygon2|Recover|p2a: Porygon2\n|-heal|p2a: Porygon2|100\/100\n|move|p1a: Marowak|Swords Dance|p1a: Marowak\n|-boost|p1a: Marowak|atk|2\n|\n|upkeep\n|turn|19\n|\n|t:|1643041713\n|move|p1a: Marowak|Swords Dance|p1a: Marowak\n|-boost|p1a: Marowak|atk|2\n|move|p2a: Porygon2|Trick Room|p2a: Porygon2\n|-fieldstart|move: Trick Room|[of] p2a: Porygon2\n|\n|upkeep\n|turn|20\n|\n|t:|1643041720\n|move|p1a: Marowak|Earthquake|p2a: Porygon2\n|-damage|p2a: Porygon2|6\/100\n|move|p2a: Porygon2|Teleport|p2a: Porygon2\n|\n|t:|1643041732\n|switch|p2a: Melmetal|Melmetal|22\/100|[from]move: Teleport\n|\n|upkeep\n|turn|21\n|\n|t:|1643041736\n|move|p2a: Melmetal|Earthquake|p1a: Marowak\n|-supereffective|p1a: Marowak\n|-damage|p1a: Marowak|0 fnt\n|faint|p1a: Marowak\n|\n|upkeep\n|\n|t:|1643041741\n|switch|p1a: Melmetal|Melmetal|100\/100\n|turn|22\n|\n|t:|1643041744\n|move|p2a: Melmetal|Earthquake|p1a: Melmetal\n|-supereffective|p1a: Melmetal\n|-damage|p1a: Melmetal|37\/100\n|move|p1a: Melmetal|Double Iron Bash|p2a: Melmetal\n|-resisted|p2a: Melmetal\n|-damage|p2a: Melmetal|4\/100\n|-resisted|p2a: Melmetal\n|-damage|p2a: Melmetal|0 fnt\n|faint|p2a: Melmetal\n|-hitcount|p2: Melmetal|2\n|\n|upkeep\n|\n|t:|1643041760\n|switch|p2a: Marowak|Marowak-Alola, F, shiny|40\/100\n|turn|23\n|\n|t:|1643041766\n|switch|p2a: Porygon2|Porygon2, shiny|6\/100\n|-ability|p2a: Porygon2|Iron Fist|[from] ability: Trace|[of] p1a: Melmetal\n|move|p1a: Melmetal|Double Iron Bash|p2a: Porygon2\n|-damage|p2a: Porygon2|0 fnt\n|faint|p2a: Porygon2\n|-hitcount|p2: Porygon2|1\n|\n|-fieldend|move: Trick Room\n|upkeep\n|\n|t:|1643041771\n|switch|p2a: Marowak|Marowak-Alola, F, shiny|40\/100\n|turn|24\n|\n|t:|1643041777\n|move|p2a: Marowak|Flare Blitz|p1a: Melmetal\n|-supereffective|p1a: Melmetal\n|-damage|p1a: Melmetal|0 fnt\n|faint|p1a: Melmetal\n|\n|upkeep\n|\n|t:|1643041781\n|switch|p1a: Hatterene|Hatterene, F|100\/100\n|turn|25\n|\n|t:|1643041784\n|move|p2a: Marowak|Flare Blitz|p1a: Hatterene\n|-enditem|p1a: Hatterene|Focus Sash\n|-damage|p1a: Hatterene|1\/100\n|move|p1a: Hatterene|Psychic|p2a: Marowak\n|-damage|p2a: Marowak|0 fnt\n|faint|p2a: Marowak\n|\n|upkeep\n|\n|t:|1643041787\n|switch|p2a: Crawdaunt|Crawdaunt, M, shiny|91\/100\n|turn|26\n|\n|t:|1643041793\n|move|p2a: Crawdaunt|Knock Off|p1a: Hatterene\n|-damage|p1a: Hatterene|0 fnt\n|faint|p1a: Hatterene\n|-damage|p2a: Crawdaunt|81\/100|[from] item: Life Orb\n|\n|win|Dhar Minder Man\n|raw|bakaboure's rating: 1396 &rarr; <strong>1374<\/strong><br \/>(-22 for losing)\n|raw|Dhar Minder Man's rating: 1365 &rarr; <strong>1387<\/strong><br \/>(+22 for winning)\n|l|\u2606bakaboure\n||Ladder isn't responding, score probably updated but might not have (Request timeout).\n","uploadtime":1643041812,"views":83,"p1id":"bakaboure","p2id":"dharminderman","formatid":"gen8ou","rating":1374,"private":0,"password":null}