{"id":"gen8ou-1667511516","p1":"broked on bricks","p2":"RggV_YT","format":"gen8ou","log":"|j|\u2606broked on bricks\n|j|\u2606RggV_YT\n|t:|1663529371\n|gametype|singles\n|player|p1|broked on bricks|will-gen2|1731\n|player|p2|RggV_YT|scientist-gen4|1803\n|teamsize|p1|6\n|teamsize|p2|6\n|gen|8\n|tier|[Gen 8] OU\n|rated|\n|rule|Sleep Clause Mod: Limit one foe put to sleep\n|rule|Species Clause: Limit one of each Pok\u00e9mon\n|rule|OHKO Clause: OHKO moves are banned\n|rule|Evasion Items Clause: Evasion items are banned\n|rule|Evasion Moves Clause: Evasion moves are banned\n|rule|Endless Battle Clause: Forcing endless battles is banned\n|rule|HP Percentage Mod: HP is shown in percentages\n|rule|Dynamax Clause: You cannot dynamax\n|clearpoke\n|poke|p1|Pelipper, F|\n|poke|p1|Keldeo-Resolute|\n|poke|p1|Dragapult, M|\n|poke|p1|Tapu Lele|\n|poke|p1|Melmetal|\n|poke|p1|Landorus-Therian, M|\n|poke|p2|Politoed, M|\n|poke|p2|Heliolisk, M|\n|poke|p2|Kingdra, M|\n|poke|p2|Mudsdale, M|\n|poke|p2|Scizor, M|\n|poke|p2|Victini|\n|teampreview\n|inactive|Battle timer is ON: inactive players will automatically lose when time's up. (requested by RggV_YT)\n|c|\u2606broked on bricks|hey\n|c|\u2606broked on bricks|big fan\n|c|\u2606broked on bricks|glhf\n|j| Mrgamb1er007\n|\n|t:|1663529392\n|start\n|switch|p1a: SWAG LIKE OHIO|Landorus-Therian, M|100\/100\n|switch|p2a: Victini|Victini|100\/100\n|-ability|p1a: SWAG LIKE OHIO|Intimidate|boost\n|-unboost|p2a: Victini|atk|1\n|turn|1\n|c|\u2606RggV_YT|Appreciate it my guy, glhf\n|\n|t:|1663529399\n|switch|p2a: Politoed|Politoed, M|100\/100\n|-weather|RainDance|[from] ability: Drizzle|[of] p2a: Politoed\n|move|p1a: SWAG LIKE OHIO|Knock Off|p2a: Politoed\n|-damage|p2a: Politoed|75\/100\n|-enditem|p2a: Politoed|Damp Rock|[from] move: Knock Off|[of] p1a: SWAG LIKE OHIO\n|\n|-weather|RainDance|[upkeep]\n|upkeep\n|turn|2\n|\n|t:|1663529407\n|move|p1a: SWAG LIKE OHIO|U-turn|p2a: Politoed\n|-damage|p2a: Politoed|56\/100\n|\n|t:|1663529410\n|switch|p1a: PENTADACTYL LIMB|Pelipper, F|100\/100|[from]move: U-turn\n|move|p2a: Politoed|Scald|p1a: PENTADACTYL LIMB\n|-resisted|p1a: PENTADACTYL LIMB\n|-damage|p1a: PENTADACTYL LIMB|65\/100\n|\n|-weather|RainDance|[upkeep]\n|upkeep\n|turn|3\n|\n|t:|1663529418\n|switch|p2a: Heliolisk|Heliolisk, M|100\/100\n|move|p1a: PENTADACTYL LIMB|Hurricane|p2a: Heliolisk\n|-resisted|p2a: Heliolisk\n|-damage|p2a: Heliolisk|51\/100\n|-start|p2a: Heliolisk|confusion\n|\n|-weather|RainDance|[upkeep]\n|-heal|p2a: Heliolisk|64\/100|[from] ability: Dry Skin\n|upkeep\n|turn|4\n|\n|t:|1663529422\n|switch|p1a: SWAG LIKE OHIO|Landorus-Therian, M|100\/100\n|-ability|p1a: SWAG LIKE OHIO|Intimidate|boost\n|-unboost|p2a: Heliolisk|atk|1\n|-activate|p2a: Heliolisk|confusion\n|move|p2a: Heliolisk|Surf|p1a: SWAG LIKE OHIO\n|-supereffective|p1a: SWAG LIKE OHIO\n|-damage|p1a: SWAG LIKE OHIO|16\/100\n|-enditem|p1a: SWAG LIKE OHIO|Eject Button\n|-damage|p2a: Heliolisk|54\/100|[from] item: Life Orb\n|\n|t:|1663529429\n|switch|p1a: Lele Wulong|Tapu Lele|100\/100\n|-fieldstart|move: Psychic Terrain|[from] ability: Psychic Surge|[of] p1a: Lele Wulong\n|\n|-weather|RainDance|[upkeep]\n|-heal|p2a: Heliolisk|66\/100|[from] ability: Dry Skin\n|upkeep\n|turn|5\n|\n|t:|1663529442\n|switch|p1a: OC Horse|Keldeo-Resolute|100\/100\n|switch|p2a: Victini|Victini|100\/100\n|\n|-weather|RainDance|[upkeep]\n|upkeep\n|turn|6\n|\n|t:|1663529447\n|move|p1a: OC Horse|Surf|p2a: Victini\n|-supereffective|p2a: Victini\n|-damage|p2a: Victini|0 fnt\n|faint|p2a: Victini\n|\n|-weather|RainDance|[upkeep]\n|upkeep\n|\n|t:|1663529450\n|switch|p2a: Heliolisk|Heliolisk, M|66\/100\n|turn|7\n|\n|t:|1663529453\n|switch|p1a: SWAG LIKE OHIO|Landorus-Therian, M|16\/100\n|-ability|p1a: SWAG LIKE OHIO|Intimidate|boost\n|-unboost|p2a: Heliolisk|atk|1\n|move|p2a: Heliolisk|Volt Switch|p1a: SWAG LIKE OHIO\n|-immune|p1a: SWAG LIKE OHIO\n|\n|-weather|RainDance|[upkeep]\n|-heal|p2a: Heliolisk|79\/100|[from] ability: Dry Skin\n|upkeep\n|turn|8\n|j| Forwards\n|\n|t:|1663529460\n|move|p2a: Heliolisk|Surf|p1a: SWAG LIKE OHIO\n|-supereffective|p1a: SWAG LIKE OHIO\n|-damage|p1a: SWAG LIKE OHIO|0 fnt\n|faint|p1a: SWAG LIKE OHIO\n|-damage|p2a: Heliolisk|69\/100|[from] item: Life Orb\n|\n|-weather|none\n|-fieldend|move: Psychic Terrain\n|upkeep\n|\n|t:|1663529463\n|switch|p1a: Lele Wulong|Tapu Lele|100\/100\n|-fieldstart|move: Psychic Terrain|[from] ability: Psychic Surge|[of] p1a: Lele Wulong\n|turn|9\n|\n|t:|1663529467\n|switch|p2a: Scizor|Scizor, M|100\/100\n|move|p1a: Lele Wulong|Psychic|p2a: Scizor\n|-resisted|p2a: Scizor\n|-damage|p2a: Scizor|54\/100\n|\n|-heal|p2a: Scizor|60\/100|[from] item: Leftovers\n|upkeep\n|turn|10\n|j| CanUrepeat\n|\n|t:|1663529476\n|switch|p1a: PENTADACTYL LIMB|Pelipper, F|65\/100\n|-weather|RainDance|[from] ability: Drizzle|[of] p1a: PENTADACTYL LIMB\n|move|p2a: Scizor|Knock Off|p1a: PENTADACTYL LIMB\n|-damage|p1a: PENTADACTYL LIMB|19\/100\n|-enditem|p1a: PENTADACTYL LIMB|Choice Specs|[from] move: Knock Off|[of] p2a: Scizor\n|\n|-weather|RainDance|[upkeep]\n|-heal|p2a: Scizor|66\/100|[from] item: Leftovers\n|upkeep\n|turn|11\n|\n|t:|1663529488\n|move|p2a: Scizor|Bullet Punch|p1a: PENTADACTYL LIMB\n|-hint|Psychic Terrain doesn't affect Pok\u00e9mon immune to Ground.\n|-resisted|p1a: PENTADACTYL LIMB\n|-damage|p1a: PENTADACTYL LIMB|0 fnt\n|faint|p1a: PENTADACTYL LIMB\n|\n|-weather|RainDance|[upkeep]\n|-heal|p2a: Scizor|72\/100|[from] item: Leftovers\n|upkeep\n|j| HQSFun\n|\n|t:|1663529500\n|switch|p1a: OC Horse|Keldeo-Resolute|100\/100\n|turn|12\n|\n|t:|1663529506\n|switch|p2a: Heliolisk|Heliolisk, M|69\/100\n|move|p1a: OC Horse|Secret Sword|p2a: Heliolisk\n|-supereffective|p2a: Heliolisk\n|-damage|p2a: Heliolisk|0 fnt\n|faint|p2a: Heliolisk\n|\n|-weather|RainDance|[upkeep]\n|upkeep\n|\n|t:|1663529508\n|switch|p2a: Kingdra|Kingdra, M|100\/100\n|turn|13\n|\n|t:|1663529515\n|switch|p1a: These Bolts|Melmetal|100\/100\n|move|p2a: Kingdra|Surf|p1a: These Bolts\n|-damage|p1a: These Bolts|25\/100\n|\n|-weather|RainDance|[upkeep]\n|-heal|p1a: These Bolts|31\/100|[from] item: Leftovers\n|-fieldend|move: Psychic Terrain\n|upkeep\n|turn|14\n|\n|t:|1663529519\n|move|p1a: These Bolts|Protect|p1a: These Bolts\n|-singleturn|p1a: These Bolts|Protect\n|move|p2a: Kingdra|Surf|p1a: These Bolts\n|-activate|p1a: These Bolts|move: Protect\n|\n|-weather|none\n|-heal|p1a: These Bolts|37\/100|[from] item: Leftovers\n|upkeep\n|turn|15\n|\n|t:|1663529528\n|switch|p1a: OC Horse|Keldeo-Resolute|100\/100\n|move|p2a: Kingdra|Surf|p1a: OC Horse\n|-resisted|p1a: OC Horse\n|-damage|p1a: OC Horse|66\/100\n|\n|upkeep\n|turn|16\n|\n|t:|1663529538\n|switch|p2a: Mudsdale|Mudsdale, M, shiny|100\/100\n|move|p1a: OC Horse|Surf|p2a: Mudsdale\n|-supereffective|p2a: Mudsdale\n|-damage|p2a: Mudsdale|0 fnt\n|faint|p2a: Mudsdale\n|\n|upkeep\n|\n|t:|1663529543\n|switch|p2a: Politoed|Politoed, M|56\/100\n|-weather|RainDance|[from] ability: Drizzle|[of] p2a: Politoed\n|turn|17\n|\n|t:|1663529546\n|switch|p2a: Kingdra|Kingdra, M|100\/100\n|move|p1a: OC Horse|Surf|p2a: Kingdra\n|-resisted|p2a: Kingdra\n|-damage|p2a: Kingdra|68\/100\n|\n|-weather|RainDance|[upkeep]\n|upkeep\n|turn|18\n|\n|t:|1663529551\n|switch|p1a: These Bolts|Melmetal|37\/100\n|move|p2a: Kingdra|Surf|p1a: These Bolts\n|-damage|p1a: These Bolts|0 fnt\n|faint|p1a: These Bolts\n|\n|-weather|RainDance|[upkeep]\n|upkeep\n|\n|t:|1663529555\n|switch|p1a: Dragopult|Dragapult, M|100\/100\n|turn|19\n|\n|t:|1663529561\n|switch|p2a: Scizor|Scizor, M|72\/100\n|move|p1a: Dragopult|Shadow Ball|p2a: Scizor\n|-crit|p2a: Scizor\n|-damage|p2a: Scizor|0 fnt\n|faint|p2a: Scizor\n|\n|-weather|RainDance|[upkeep]\n|upkeep\n|\n|t:|1663529564\n|switch|p2a: Kingdra|Kingdra, M|68\/100\n|turn|20\n|c|\u2606broked on bricks|apologies for crit\n|c| Forwards|np\n|c|\u2606RggV_YT|All good\n|inactive|RggV_YT has 120 seconds left.\n|\n|t:|1663529595\n|move|p2a: Kingdra|Surf|p1a: Dragopult\n|-resisted|p1a: Dragopult\n|-damage|p1a: Dragopult|35\/100\n|move|p1a: Dragopult|Shadow Ball|p2a: Kingdra\n|-damage|p2a: Kingdra|4\/100\n|\n|-weather|RainDance|[upkeep]\n|upkeep\n|turn|21\n|\n|t:|1663529601\n|move|p2a: Kingdra|Surf|p1a: Dragopult\n|-resisted|p1a: Dragopult\n|-damage|p1a: Dragopult|0 fnt\n|faint|p1a: Dragopult\n|\n|-weather|none\n|upkeep\n|\n|t:|1663529604\n|switch|p1a: Lele Wulong|Tapu Lele|100\/100\n|-fieldstart|move: Psychic Terrain|[from] ability: Psychic Surge|[of] p1a: Lele Wulong\n|turn|22\n|j| Serena Dori Dori\n|\n|t:|1663529607\n|switch|p2a: Politoed|Politoed, M|56\/100\n|-weather|RainDance|[from] ability: Drizzle|[of] p2a: Politoed\n|move|p1a: Lele Wulong|Future Sight|p2a: Politoed\n|-start|p1a: Lele Wulong|move: Future Sight\n|\n|-weather|RainDance|[upkeep]\n|upkeep\n|turn|23\n|\n|t:|1663529621\n|switch|p1a: OC Horse|Keldeo-Resolute|66\/100\n|switch|p2a: Kingdra|Kingdra, M|4\/100\n|\n|-weather|RainDance|[upkeep]\n|upkeep\n|turn|24\n|j| i am ves \u2665\n|\n|t:|1663529631\n|switch|p2a: Politoed|Politoed, M|56\/100\n|move|p1a: OC Horse|Surf|p2a: Politoed\n|-resisted|p2a: Politoed\n|-damage|p2a: Politoed|11\/100\n|\n|-weather|RainDance|[upkeep]\n|-end|p2a: Politoed|move: Future Sight\n|-damage|p2a: Politoed|0 fnt\n|faint|p2a: Politoed\n|upkeep\n|\n|t:|1663529632\n|switch|p2a: Kingdra|Kingdra, M|4\/100\n|turn|25\n|\n|t:|1663529641\n|move|p2a: Kingdra|Hydro Pump|p1a: OC Horse\n|-resisted|p1a: OC Horse\n|-damage|p1a: OC Horse|5\/100\n|move|p1a: OC Horse|Surf|p2a: Kingdra\n|-resisted|p2a: Kingdra\n|-damage|p2a: Kingdra|0 fnt\n|faint|p2a: Kingdra\n|\n|win|broked on bricks\n|raw|broked on bricks's rating: 1731 &rarr; <strong>1755<\/strong><br \/>(+24 for winning)\n|raw|RggV_YT's rating: 1803 &rarr; <strong>1779<\/strong><br \/>(-24 for losing)\n|c|\u2606broked on bricks|gg\n|c|\u2606RggV_YT|Gg\n|l| Forwards\n|l|\u2606RggV_YT\n||Ladder isn't responding, score probably updated but might not have (Request timeout).\n","uploadtime":1663529671,"views":65,"p1id":"brokedonbricks","p2id":"rggvyt","formatid":"gen8ou","rating":1755,"private":0,"password":null}