{"id":"gen8ou-1675714728","p1":"reionatro","p2":"arnavgupta","format":"gen8ou","log":"|j|\u2606reionatro\n|j|\u2606arnavgupta\n|t:|1664716371\n|gametype|singles\n|player|p1|reionatro|2|1710\n|player|p2|arnavgupta|drayden|1707\n|teamsize|p1|6\n|teamsize|p2|6\n|gen|8\n|tier|[Gen 8] OU\n|rated|\n|rule|Sleep Clause Mod: Limit one foe put to sleep\n|rule|Species Clause: Limit one of each Pok\u00e9mon\n|rule|OHKO Clause: OHKO moves are banned\n|rule|Evasion Items Clause: Evasion items are banned\n|rule|Evasion Moves Clause: Evasion moves are banned\n|rule|Endless Battle Clause: Forcing endless battles is banned\n|rule|HP Percentage Mod: HP is shown in percentages\n|rule|Dynamax Clause: You cannot dynamax\n|clearpoke\n|poke|p1|Landorus-Therian, M|\n|poke|p1|Melmetal|\n|poke|p1|Rillaboom, F|\n|poke|p1|Tapu Koko|\n|poke|p1|Urshifu-*, M|\n|poke|p1|Zapdos|\n|poke|p2|Rillaboom, M|\n|poke|p2|Blaziken, M|\n|poke|p2|Zapdos|\n|poke|p2|Heatran, M|\n|poke|p2|Clefable, F|\n|poke|p2|Gastrodon, F|\n|teampreview\n|c|\u2606reionatro|hf\n|c|\u2606arnavgupta|u2\n|inactive|Battle timer is ON: inactive players will automatically lose when time's up. (requested by arnavgupta)\n|\n|t:|1664716381\n|start\n|switch|p1a: Urshifu|Urshifu-Rapid-Strike, M|100\/100\n|switch|p2a: Rillaboom|Rillaboom, M, shiny|100\/100\n|-fieldstart|move: Grassy Terrain|[from] ability: Grassy Surge|[of] p2a: Rillaboom\n|turn|1\n|\n|t:|1664716390\n|switch|p1a: Zapdos|Zapdos, shiny|100\/100\n|move|p2a: Rillaboom|Knock Off|p1a: Zapdos\n|-damage|p1a: Zapdos|55\/100\n|-enditem|p1a: Zapdos|Heavy-Duty Boots|[from] move: Knock Off|[of] p2a: Rillaboom\n|\n|upkeep\n|turn|2\n|\n|t:|1664716399\n|switch|p2a: Gastrodon|Gastrodon, F, shiny|100\/100\n|move|p1a: Zapdos|Roost|p1a: Zapdos\n|-heal|p1a: Zapdos|100\/100\n|-singleturn|p1a: Zapdos|move: Roost\n|\n|upkeep\n|turn|3\n|j| Quagshi\n|inactive|reionatro has 120 seconds left.\n|\n|t:|1664716444\n|switch|p1a: Rillaboom|Rillaboom, F|100\/100\n|move|p2a: Gastrodon|Scald|p1a: Rillaboom\n|-resisted|p1a: Rillaboom\n|-damage|p1a: Rillaboom|86\/100\n|\n|-heal|p1a: Rillaboom|92\/100|[from] Grassy Terrain\n|-heal|p1a: Rillaboom|98\/100|[from] item: Leftovers\n|upkeep\n|turn|4\n|\n|t:|1664716454\n|switch|p2a: Heatran|Heatran, M, shiny|100\/100\n|move|p1a: Rillaboom|Knock Off|p2a: Heatran\n|-damage|p2a: Heatran|70\/100\n|-enditem|p2a: Heatran|Leftovers|[from] move: Knock Off|[of] p1a: Rillaboom\n|\n|-heal|p1a: Rillaboom|100\/100|[from] Grassy Terrain\n|-heal|p2a: Heatran|77\/100|[from] Grassy Terrain\n|upkeep\n|turn|5\n|\n|t:|1664716460\n|switch|p1a: Landorus|Landorus-Therian, M|100\/100\n|-ability|p1a: Landorus|Intimidate|boost\n|-unboost|p2a: Heatran|atk|1\n|move|p2a: Heatran|Stealth Rock|p1a: Landorus\n|-sidestart|p1: reionatro|move: Stealth Rock\n|\n|-heal|p2a: Heatran|83\/100|[from] Grassy Terrain\n|-fieldend|move: Grassy Terrain\n|upkeep\n|turn|6\n|\n|t:|1664716466\n|switch|p2a: Rillaboom|Rillaboom, M, shiny|100\/100\n|-fieldstart|move: Grassy Terrain|[from] ability: Grassy Surge|[of] p2a: Rillaboom\n|move|p1a: Landorus|Stealth Rock|p2a: Rillaboom\n|-sidestart|p2: arnavgupta|move: Stealth Rock\n|\n|upkeep\n|turn|7\n|\n|t:|1664716473\n|switch|p1a: Zapdos|Zapdos, shiny|100\/100\n|-damage|p1a: Zapdos|76\/100|[from] Stealth Rock\n|move|p2a: Rillaboom|Wood Hammer|p1a: Zapdos\n|-resisted|p1a: Zapdos\n|-damage|p1a: Zapdos|24\/100\n|-damage|p2a: Rillaboom|81\/100|[from] Recoil\n|\n|-heal|p2a: Rillaboom|87\/100|[from] Grassy Terrain\n|upkeep\n|turn|8\n|j| Palladiawa A\n|\n|t:|1664716484\n|switch|p2a: Heatran|Heatran, M, shiny|83\/100\n|-damage|p2a: Heatran|70\/100|[from] Stealth Rock\n|move|p1a: Zapdos|Roost|p1a: Zapdos\n|-heal|p1a: Zapdos|74\/100\n|-singleturn|p1a: Zapdos|move: Roost\n|\n|-heal|p1a: Zapdos|80\/100|[from] Grassy Terrain\n|-heal|p2a: Heatran|77\/100|[from] Grassy Terrain\n|upkeep\n|turn|9\n|\n|t:|1664716492\n|switch|p2a: Gastrodon|Gastrodon, F, shiny|100\/100\n|-damage|p2a: Gastrodon|94\/100|[from] Stealth Rock\n|move|p1a: Zapdos|Volt Switch|p2a: Gastrodon\n|-immune|p2a: Gastrodon\n|\n|-heal|p2a: Gastrodon|100\/100|[from] Grassy Terrain\n|upkeep\n|turn|10\n|\n|t:|1664716500\n|switch|p1a: Landorus|Landorus-Therian, M|100\/100\n|-damage|p1a: Landorus|88\/100|[from] Stealth Rock\n|-ability|p1a: Landorus|Intimidate|boost\n|-unboost|p2a: Gastrodon|atk|1\n|move|p2a: Gastrodon|Scald|p1a: Landorus\n|-supereffective|p1a: Landorus\n|-crit|p1a: Landorus\n|-damage|p1a: Landorus|26\/100\n|-status|p1a: Landorus|brn\n|\n|-heal|p1a: Landorus|32\/100 brn|[from] item: Leftovers\n|-damage|p1a: Landorus|26\/100 brn|[from] brn\n|-fieldend|move: Grassy Terrain\n|upkeep\n|turn|11\n|j| yddonaldfun\n|\n|t:|1664716512\n|switch|p2a: Clefable|Clefable, F, shiny|100\/100\n|move|p1a: Landorus|Knock Off|p2a: Clefable\n|-resisted|p2a: Clefable\n|-damage|p2a: Clefable|93\/100\n|-enditem|p2a: Clefable|Leftovers|[from] move: Knock Off|[of] p1a: Landorus\n|\n|-heal|p1a: Landorus|32\/100 brn|[from] item: Leftovers\n|-damage|p1a: Landorus|26\/100 brn|[from] brn\n|upkeep\n|turn|12\n|\n|t:|1664716522\n|move|p1a: Landorus|U-turn|p2a: Clefable\n|-resisted|p2a: Clefable\n|-damage|p2a: Clefable|87\/100\n|\n|t:|1664716530\n|switch|p1a: Melmetal|Melmetal, shiny|100\/100|[from]move: U-turn\n|-damage|p1a: Melmetal|94\/100|[from] Stealth Rock\n|move|p2a: Clefable|Flamethrower|p1a: Melmetal\n|-supereffective|p1a: Melmetal\n|-damage|p1a: Melmetal|63\/100\n|\n|-heal|p1a: Melmetal|69\/100|[from] item: Leftovers\n|upkeep\n|turn|13\n|j| yaoxuancuan\n|\n|t:|1664716539\n|switch|p2a: Heatran|Heatran, M, shiny|77\/100\n|-damage|p2a: Heatran|64\/100|[from] Stealth Rock\n|move|p1a: Melmetal|Double Iron Bash|p2a: Heatran\n|-resisted|p2a: Heatran\n|-damage|p2a: Heatran|54\/100\n|-resisted|p2a: Heatran\n|-damage|p2a: Heatran|45\/100\n|-hitcount|p2a: Heatran|2\n|\n|-heal|p1a: Melmetal|75\/100|[from] item: Leftovers\n|upkeep\n|turn|14\n|\n|t:|1664716544\n|move|p2a: Heatran|Magma Storm|p1a: Melmetal|[miss]\n|-miss|p2a: Heatran|p1a: Melmetal\n|move|p1a: Melmetal|Earthquake|p2a: Heatran\n|-supereffective|p2a: Heatran\n|-damage|p2a: Heatran|0 fnt\n|faint|p2a: Heatran\n|\n|-heal|p1a: Melmetal|81\/100|[from] item: Leftovers\n|upkeep\n|l| yaoxuancuan\n|\n|t:|1664716559\n|switch|p2a: Gastrodon|Gastrodon, F, shiny|100\/100\n|-damage|p2a: Gastrodon|94\/100|[from] Stealth Rock\n|turn|15\n|\n|t:|1664716567\n|switch|p1a: Landorus|Landorus-Therian, M|26\/100 brn\n|-damage|p1a: Landorus|14\/100 brn|[from] Stealth Rock\n|-ability|p1a: Landorus|Intimidate|boost\n|-unboost|p2a: Gastrodon|atk|1\n|move|p2a: Gastrodon|Scald|p1a: Landorus\n|-supereffective|p1a: Landorus\n|-damage|p1a: Landorus|0 fnt\n|faint|p1a: Landorus\n|\n|-heal|p2a: Gastrodon|100\/100|[from] item: Leftovers\n|upkeep\n|\n|t:|1664716570\n|switch|p1a: Rillaboom|Rillaboom, F|100\/100\n|-damage|p1a: Rillaboom|88\/100|[from] Stealth Rock\n|-fieldstart|move: Grassy Terrain|[from] ability: Grassy Surge|[of] p1a: Rillaboom\n|turn|16\n|\n|t:|1664716575\n|move|p1a: Rillaboom|Knock Off|p2a: Gastrodon\n|-damage|p2a: Gastrodon|67\/100\n|-enditem|p2a: Gastrodon|Leftovers|[from] move: Knock Off|[of] p1a: Rillaboom\n|move|p2a: Gastrodon|Scald|p1a: Rillaboom\n|-resisted|p1a: Rillaboom\n|-damage|p1a: Rillaboom|72\/100\n|-status|p1a: Rillaboom|brn\n|\n|-heal|p1a: Rillaboom|79\/100 brn|[from] Grassy Terrain\n|-heal|p1a: Rillaboom|85\/100 brn|[from] item: Leftovers\n|-heal|p2a: Gastrodon|74\/100|[from] Grassy Terrain\n|-damage|p1a: Rillaboom|79\/100 brn|[from] brn\n|upkeep\n|turn|17\n|\n|t:|1664716580\n|switch|p2a: Zapdos|Zapdos, shiny|100\/100\n|move|p1a: Rillaboom|Knock Off|p2a: Zapdos\n|-damage|p2a: Zapdos|87\/100\n|-enditem|p2a: Zapdos|Heavy-Duty Boots|[from] move: Knock Off|[of] p1a: Rillaboom\n|\n|-heal|p1a: Rillaboom|85\/100 brn|[from] Grassy Terrain\n|-heal|p1a: Rillaboom|91\/100 brn|[from] item: Leftovers\n|-damage|p1a: Rillaboom|85\/100 brn|[from] brn\n|upkeep\n|turn|18\n|\n|t:|1664716584\n|switch|p1a: Tapu Koko|Tapu Koko|100\/100\n|-damage|p1a: Tapu Koko|88\/100|[from] Stealth Rock\n|-fieldstart|move: Electric Terrain|[from] ability: Electric Surge|[of] p1a: Tapu Koko\n|move|p2a: Zapdos|Defog|p1a: Tapu Koko\n|-unboost|p1a: Tapu Koko|evasion|1\n|-sideend|p1: reionatro|Stealth Rock|[from] move: Defog|[of] p2a: Zapdos\n|-sideend|p2: arnavgupta|Stealth Rock|[from] move: Defog|[of] p2a: Zapdos\n|-fieldend|move: Electric Terrain\n|\n|upkeep\n|turn|19\n|j| ydk916\n|\n|t:|1664716597\n|move|p1a: Tapu Koko|Thunderbolt|p2a: Zapdos\n|-damage|p2a: Zapdos|30\/100\n|move|p2a: Zapdos|Roost|p2a: Zapdos\n|-heal|p2a: Zapdos|80\/100\n|-singleturn|p2a: Zapdos|move: Roost\n|\n|upkeep\n|turn|20\n|j| Mimikyu VG7086\n|\n|t:|1664716608\n|switch|p1a: Rillaboom|Rillaboom, F|85\/100 brn\n|-fieldstart|move: Grassy Terrain|[from] ability: Grassy Surge|[of] p1a: Rillaboom\n|switch|p2a: Gastrodon|Gastrodon, F, shiny|74\/100\n|\n|-heal|p1a: Rillaboom|91\/100 brn|[from] Grassy Terrain\n|-heal|p1a: Rillaboom|97\/100 brn|[from] item: Leftovers\n|-heal|p2a: Gastrodon|80\/100|[from] Grassy Terrain\n|-damage|p1a: Rillaboom|91\/100 brn|[from] brn\n|upkeep\n|turn|21\n|\n|t:|1664716628\n|switch|p1a: Tapu Koko|Tapu Koko|88\/100\n|-fieldstart|move: Electric Terrain|[from] ability: Electric Surge|[of] p1a: Tapu Koko\n|switch|p2a: Zapdos|Zapdos, shiny|80\/100\n|\n|upkeep\n|turn|22\n|\n|t:|1664716635\n|move|p1a: Tapu Koko|Grass Knot|p2a: Zapdos\n|-resisted|p2a: Zapdos\n|-damage|p2a: Zapdos|64\/100\n|move|p2a: Zapdos|Roost|p2a: Zapdos\n|-heal|p2a: Zapdos|100\/100\n|-singleturn|p2a: Zapdos|move: Roost\n|\n|upkeep\n|turn|23\n|j| KMTQ\n|\n|t:|1664716642\n|switch|p1a: Rillaboom|Rillaboom, F|91\/100 brn\n|-fieldstart|move: Grassy Terrain|[from] ability: Grassy Surge|[of] p1a: Rillaboom\n|move|p2a: Zapdos|Hurricane|p1a: Rillaboom|[miss]\n|-miss|p2a: Zapdos|p1a: Rillaboom\n|\n|-heal|p1a: Rillaboom|97\/100 brn|[from] Grassy Terrain\n|-heal|p1a: Rillaboom|100\/100 brn|[from] item: Leftovers\n|-damage|p1a: Rillaboom|94\/100 brn|[from] brn\n|upkeep\n|turn|24\n|l| Mimikyu VG7086\n|c|\u2606arnavgupta|argh\n|c|\u2606arnavgupta|all that planning\n|c|\u2606arnavgupta|wasted\n|\n|t:|1664716660\n|switch|p1a: Tapu Koko|Tapu Koko|88\/100\n|-fieldstart|move: Electric Terrain|[from] ability: Electric Surge|[of] p1a: Tapu Koko\n|move|p2a: Zapdos|Volt Switch|p1a: Tapu Koko\n|-resisted|p1a: Tapu Koko\n|-damage|p1a: Tapu Koko|65\/100\n|l| Quagshi\n|\n|t:|1664716668\n|switch|p2a: Rillaboom|Rillaboom, M, shiny|87\/100|[from]move: Volt Switch\n|-fieldstart|move: Grassy Terrain|[from] ability: Grassy Surge|[of] p2a: Rillaboom\n|\n|-heal|p1a: Tapu Koko|71\/100|[from] Grassy Terrain\n|-heal|p2a: Rillaboom|93\/100|[from] Grassy Terrain\n|upkeep\n|turn|25\n|\n|t:|1664716685\n|switch|p1a: Zapdos|Zapdos, shiny|80\/100\n|move|p2a: Rillaboom|Grassy Glide|p1a: Zapdos\n|-resisted|p1a: Zapdos\n|-damage|p1a: Zapdos|49\/100\n|\n|-heal|p2a: Rillaboom|99\/100|[from] Grassy Terrain\n|upkeep\n|turn|26\n|\n|t:|1664716693\n|switch|p2a: Gastrodon|Gastrodon, F, shiny|80\/100\n|move|p1a: Zapdos|Roost|p1a: Zapdos\n|-heal|p1a: Zapdos|99\/100\n|-singleturn|p1a: Zapdos|move: Roost\n|\n|-heal|p1a: Zapdos|100\/100|[from] Grassy Terrain\n|-heal|p2a: Gastrodon|86\/100|[from] Grassy Terrain\n|upkeep\n|turn|27\n|\n|t:|1664716707\n|switch|p1a: Rillaboom|Rillaboom, F|94\/100 brn\n|move|p2a: Gastrodon|Toxic||[still]\n|-fail|p2a: Gastrodon\n|\n|-heal|p1a: Rillaboom|100\/100 brn|[from] Grassy Terrain\n|-heal|p2a: Gastrodon|92\/100|[from] Grassy Terrain\n|-damage|p1a: Rillaboom|94\/100 brn|[from] brn\n|upkeep\n|turn|28\n|\n|t:|1664716713\n|switch|p2a: Zapdos|Zapdos, shiny|100\/100\n|move|p1a: Rillaboom|Grassy Glide|p2a: Zapdos\n|-resisted|p2a: Zapdos\n|-damage|p2a: Zapdos|90\/100\n|\n|-heal|p1a: Rillaboom|100\/100 brn|[from] Grassy Terrain\n|-damage|p1a: Rillaboom|94\/100 brn|[from] brn\n|-fieldend|move: Grassy Terrain\n|upkeep\n|turn|29\n|\n|t:|1664716717\n|switch|p1a: Tapu Koko|Tapu Koko|71\/100\n|-fieldstart|move: Electric Terrain|[from] ability: Electric Surge|[of] p1a: Tapu Koko\n|move|p2a: Zapdos|Volt Switch|p1a: Tapu Koko\n|-resisted|p1a: Tapu Koko\n|-damage|p1a: Tapu Koko|48\/100\n|j| El Pogo Loco\n|\n|t:|1664716722\n|switch|p2a: Rillaboom|Rillaboom, M, shiny|99\/100|[from]move: Volt Switch\n|-fieldstart|move: Grassy Terrain|[from] ability: Grassy Surge|[of] p2a: Rillaboom\n|\n|-heal|p1a: Tapu Koko|54\/100|[from] Grassy Terrain\n|-heal|p2a: Rillaboom|100\/100|[from] Grassy Terrain\n|upkeep\n|turn|30\n|\n|t:|1664716727\n|switch|p1a: Zapdos|Zapdos, shiny|100\/100\n|move|p2a: Rillaboom|U-turn|p1a: Zapdos\n|-resisted|p1a: Zapdos\n|-damage|p1a: Zapdos|86\/100\n|\n|t:|1664716732\n|switch|p2a: Gastrodon|Gastrodon, F, shiny|92\/100|[from]move: U-turn\n|\n|-heal|p2a: Gastrodon|98\/100|[from] Grassy Terrain\n|upkeep\n|turn|31\n|\n|t:|1664716736\n|switch|p1a: Rillaboom|Rillaboom, F|94\/100 brn\n|switch|p2a: Blaziken|Blaziken, M, shiny|100\/100\n|\n|-heal|p1a: Rillaboom|100\/100 brn|[from] Grassy Terrain\n|-damage|p1a: Rillaboom|94\/100 brn|[from] brn\n|upkeep\n|turn|32\n|\n|t:|1664716742\n|move|p2a: Blaziken|Swords Dance|p2a: Blaziken\n|-boost|p2a: Blaziken|atk|2\n|move|p1a: Rillaboom|Knock Off|p2a: Blaziken\n|-resisted|p2a: Blaziken\n|-damage|p2a: Blaziken|87\/100\n|-enditem|p2a: Blaziken|Leftovers|[from] move: Knock Off|[of] p1a: Rillaboom\n|\n|-heal|p2a: Blaziken|93\/100|[from] Grassy Terrain\n|-heal|p1a: Rillaboom|100\/100 brn|[from] Grassy Terrain\n|-damage|p1a: Rillaboom|94\/100 brn|[from] brn\n|-ability|p2a: Blaziken|Speed Boost|boost\n|-boost|p2a: Blaziken|spe|1\n|upkeep\n|turn|33\n|\n|t:|1664716746\n|move|p1a: Rillaboom|Grassy Glide|p2a: Blaziken\n|-resisted|p2a: Blaziken\n|-damage|p2a: Blaziken|75\/100\n|move|p2a: Blaziken|Flare Blitz|p1a: Rillaboom\n|-supereffective|p1a: Rillaboom\n|-damage|p1a: Rillaboom|0 fnt\n|faint|p1a: Rillaboom\n|-damage|p2a: Blaziken|33\/100|[from] Recoil\n|\n|-heal|p2a: Blaziken|39\/100|[from] Grassy Terrain\n|-fieldend|move: Grassy Terrain\n|-ability|p2a: Blaziken|Speed Boost|boost\n|-boost|p2a: Blaziken|spe|1\n|upkeep\n|\n|t:|1664716750\n|switch|p1a: Urshifu|Urshifu-Rapid-Strike, M|100\/100\n|turn|34\n|\n|t:|1664716754\n|switch|p2a: Gastrodon|Gastrodon, F, shiny|98\/100\n|move|p1a: Urshifu|Aqua Jet|p2a: Gastrodon\n|-ability|p2a: Gastrodon|Storm Drain|boost\n|-boost|p2a: Gastrodon|spa|1\n|\n|upkeep\n|turn|35\n|\n|t:|1664716757\n|switch|p1a: Tapu Koko|Tapu Koko|54\/100\n|-fieldstart|move: Electric Terrain|[from] ability: Electric Surge|[of] p1a: Tapu Koko\n|move|p2a: Gastrodon|Scald|p1a: Tapu Koko\n|-damage|p1a: Tapu Koko|0 fnt\n|faint|p1a: Tapu Koko\n|\n|upkeep\n|-message|reionatro forfeited.\n|\n|win|arnavgupta\n|raw|reionatro's rating: 1710 &rarr; <strong>1690<\/strong><br \/>(-20 for losing)\n|raw|arnavgupta's rating: 1707 &rarr; <strong>1727<\/strong><br \/>(+20 for winning)\n|c|\u2606reionatro|gg\n|l|\u2606reionatro\n|c|\u2606arnavgupta|wp\n|l| El Pogo Loco\n|j| hardik27\n||Ladder isn't responding, score probably updated but might not have (Request timeout).\n","uploadtime":1664716771,"views":24,"p1id":"reionatro","p2id":"arnavgupta","formatid":"gen8ou","rating":1690,"private":0,"password":null}