{"id":"gen8nationaldexag-1654284948","p1":"Silvershine2","p2":"Rediyu","format":"gen8nationaldexag","log":"|j|\u2606Silvershine2\n|j|\u2606Rediyu\n|t:|1662126512\n|gametype|singles\n|player|p1|Silvershine2|1|\n|player|p2|Rediyu|guitarist|\n|teamsize|p1|6\n|teamsize|p2|6\n|gen|8\n|tier|[Gen 8] National Dex AG\n|rule|HP Percentage Mod: HP is shown in percentages\n|rule|Endless Battle Clause: Forcing endless battles is banned\n|clearpoke\n|poke|p1|Snorlax, M|\n|poke|p1|Xatu, F|\n|poke|p1|Roselia, F|\n|poke|p1|Cinderace, M|\n|poke|p1|Liepard, F|\n|poke|p1|Magnezone|\n|poke|p2|Spectrier|\n|poke|p2|Mienshao, M|\n|poke|p2|Absol, M|\n|poke|p2|Registeel|\n|poke|p2|Silvally-*|\n|poke|p2|Mesprit|\n|teampreview\n|c|\u2606Rediyu|gl hf\n|c|\u2606Silvershine2|u2\n|\n|t:|1662126556\n|start\n|switch|p1a: Cinderace|Cinderace, M|100\/100\n|switch|p2a: Ghost Ponny|Spectrier|100\/100\n|turn|1\n|\n|t:|1662126608\n|move|p2a: Ghost Ponny|Will-O-Wisp|p1a: Cinderace\n|-immune|p1a: Cinderace\n|move|p1a: Cinderace|High Jump Kick|p2a: Ghost Ponny\n|-immune|p2a: Ghost Ponny\n|-damage|p1a: Cinderace|51\/100|[from] highjumpkick\n|\n|upkeep\n|turn|2\n|c|\u2606Rediyu|xDDDDD\n|c|\u2606Silvershine2|Ich hab mich verklickt xDDD\n|c|\u2606Rediyu|uff\n|c|\u2606Silvershine2|Neustart, anyone?\n|\n|t:|1662126639\n|switch|p1a: Xatu|Xatu, F|100\/100\n|move|p2a: Ghost Ponny|Shadow Ball|p1a: Xatu\n|-supereffective|p1a: Xatu\n|-damage|p1a: Xatu|0 fnt\n|faint|p1a: Xatu\n|-ability|p2a: Ghost Ponny|Grim Neigh|boost\n|-boost|p2a: Ghost Ponny|spa|1\n|\n|upkeep\n|\n|t:|1662126647\n|switch|p1a: Snorlax|Snorlax, M|100\/100\n|turn|3\n|\n|t:|1662126650\n|move|p2a: Ghost Ponny|Will-O-Wisp|p1a: Snorlax|[miss]\n|-miss|p2a: Ghost Ponny|p1a: Snorlax\n|move|p1a: Snorlax|Darkest Lariat|p2a: Ghost Ponny\n|-supereffective|p2a: Ghost Ponny\n|-damage|p2a: Ghost Ponny|45\/100\n|\n|-heal|p2a: Ghost Ponny|51\/100|[from] item: Leftovers\n|upkeep\n|turn|4\n|\n|t:|1662126657\n|move|p2a: Ghost Ponny|Will-O-Wisp|p1a: Snorlax\n|-status|p1a: Snorlax|brn\n|move|p1a: Snorlax|Darkest Lariat|p2a: Ghost Ponny\n|-supereffective|p2a: Ghost Ponny\n|-damage|p2a: Ghost Ponny|23\/100\n|\n|-heal|p2a: Ghost Ponny|30\/100|[from] item: Leftovers\n|-damage|p1a: Snorlax|94\/100 brn|[from] brn\n|upkeep\n|turn|5\n|\n|t:|1662126673\n|switch|p2a: Psychic Elfe|Mesprit|100\/100\n|move|p1a: Snorlax|Darkest Lariat|p2a: Psychic Elfe\n|-supereffective|p2a: Psychic Elfe\n|-damage|p2a: Psychic Elfe|79\/100\n|\n|-damage|p1a: Snorlax|88\/100 brn|[from] brn\n|upkeep\n|turn|6\n|\n|t:|1662126685\n|switch|p1a: Liepard|Liepard, F|100\/100\n|move|p2a: Psychic Elfe|Knock Off|p1a: Liepard\n|-resisted|p1a: Liepard\n|-damage|p1a: Liepard|75\/100\n|-enditem|p1a: Liepard|Focus Sash|[from] move: Knock Off|[of] p2a: Psychic Elfe\n|\n|upkeep\n|turn|7\n|\n|t:|1662126694\n|move|p1a: Liepard|Knock Off|p2a: Psychic Elfe\n|-supereffective|p2a: Psychic Elfe\n|-damage|p2a: Psychic Elfe|25\/100\n|-enditem|p2a: Psychic Elfe|Custap Berry|[from] move: Knock Off|[of] p1a: Liepard\n|move|p2a: Psychic Elfe|U-turn|p1a: Liepard\n|-supereffective|p1a: Liepard\n|-damage|p1a: Liepard|0 fnt\n|faint|p1a: Liepard\n|\n|t:|1662126707\n|switch|p2a: Ghost Ponny|Spectrier|30\/100|[from]move: U-turn\n|\n|-heal|p2a: Ghost Ponny|36\/100|[from] item: Leftovers\n|upkeep\n|\n|t:|1662126714\n|switch|p1a: Magnezone|Magnezone|100\/100\n|turn|8\n|\n|t:|1662126725\n|switch|p2a: Fighting Dude|Mienshao, M|100\/100\n|move|p1a: Magnezone|Volt Switch|p2a: Fighting Dude\n|-damage|p2a: Fighting Dude|9\/100\n|\n|t:|1662126733\n|switch|p1a: Cinderace|Cinderace, M|51\/100|[from]move: Volt Switch\n|\n|upkeep\n|turn|9\n|\n|t:|1662126740\n|switch|p2a: Psychic Elfe|Mesprit|25\/100\n|move|p1a: Cinderace|U-turn|p2a: Psychic Elfe\n|-supereffective|p2a: Psychic Elfe\n|-damage|p2a: Psychic Elfe|0 fnt\n|faint|p2a: Psychic Elfe\n|\n|t:|1662126752\n|switch|p1a: Magnezone|Magnezone|100\/100|[from]move: U-turn\n|\n|upkeep\n|\n|t:|1662126763\n|switch|p2a: Fighting Dude|Mienshao, M|42\/100\n|turn|10\n|\n|t:|1662126766\n|move|p2a: Fighting Dude|Close Combat|p1a: Magnezone\n|-supereffective|p1a: Magnezone\n|-damage|p1a: Magnezone|0 fnt\n|-unboost|p2a: Fighting Dude|def|1\n|-unboost|p2a: Fighting Dude|spd|1\n|faint|p1a: Magnezone\n|-damage|p2a: Fighting Dude|33\/100|[from] item: Life Orb\n|\n|upkeep\n|\n|t:|1662126774\n|switch|p1a: Cinderace|Cinderace, M|51\/100\n|turn|11\n|\n|t:|1662126784\n|move|p1a: Cinderace|Pyro Ball|p2a: Fighting Dude\n|-damage|p2a: Fighting Dude|0 fnt\n|faint|p2a: Fighting Dude\n|\n|upkeep\n|\n|t:|1662126794\n|switch|p2a: Dark Chaos|Absol, M|100\/100\n|turn|12\n|\n|t:|1662126798\n|detailschange|p2a: Dark Chaos|Absol-Mega, M\n|-mega|p2a: Dark Chaos|Absol|Absolite\n|move|p2a: Dark Chaos|Sucker Punch|p1a: Cinderace\n|-damage|p1a: Cinderace|0 fnt\n|faint|p1a: Cinderace\n|\n|upkeep\n|\n|t:|1662126804\n|switch|p1a: Snorlax|Snorlax, M|88\/100 brn\n|turn|13\n|\n|t:|1662126825\n|move|p2a: Dark Chaos|Swords Dance|p2a: Dark Chaos\n|-boost|p2a: Dark Chaos|atk|2\n|move|p1a: Snorlax|Darkest Lariat|p2a: Dark Chaos\n|-resisted|p2a: Dark Chaos\n|-damage|p2a: Dark Chaos|88\/100\n|\n|-damage|p1a: Snorlax|82\/100 brn|[from] brn\n|upkeep\n|turn|14\n|c|\u2606Silvershine2|gg\n|c|\u2606Rediyu|gg\n|c|\u2606Silvershine2|AHHHHH DER MISSCLICK\n|\n|t:|1662126837\n|move|p2a: Dark Chaos|Knock Off|p1a: Snorlax\n|-damage|p1a: Snorlax|0 fnt\n|-enditem|p1a: Snorlax|Chople Berry|[from] move: Knock Off|[of] p2a: Dark Chaos\n|faint|p1a: Snorlax\n|\n|upkeep\n|\n|t:|1662126843\n|switch|p1a: Roselia|Roselia, F|100\/100\n|turn|15\n|c|\u2606Rediyu|Turn1 wars echt nicht f\u00fcr dich x]\n|c|\u2606Silvershine2|Pyro ball und das Ding w\u00e4re einfach fast tot\n|c|\u2606Silvershine2|Noch viel wichtiger\n|c|\u2606Rediyu|halt echt so\n|c|\u2606Silvershine2|Cinderrace \u00fcberlebt den Sucker\n|\n|t:|1662126868\n|move|p2a: Dark Chaos|Knock Off|p1a: Roselia\n|-damage|p1a: Roselia|0 fnt\n|-enditem|p1a: Roselia|Eviolite|[from] move: Knock Off|[of] p2a: Dark Chaos\n|faint|p1a: Roselia\n|\n|win|Rediyu\n|c|\u2606Rediyu|jap, das game w\u00e4re ultra schwer f\u00fcr mich geworden\n","uploadtime":1662126883,"views":13,"p1id":"silvershine2","p2id":"rediyu","formatid":"gen8nationaldexag","rating":0,"private":0,"password":null}