{"id":"gen8vgc2021-1245431445","p1":"Hypernaro","p2":"bhkg","format":"gen8vgc2021","log":"|j|\u2606Hypernaro\n|j|\u2606bhkg\n|t:|1608219267\n|player|p1|Hypernaro|2|1551\n|player|p2|bhkg|170|1530\n|teamsize|p1|6\n|teamsize|p2|6\n|gametype|doubles\n|gen|8\n|tier|[Gen 8] VGC 2021\n|rated|\n|clearpoke\n|poke|p1|Spectrier, L50|\n|poke|p1|Whimsicott, L50, M|\n|poke|p1|Incineroar, L50, F|\n|poke|p1|Tapu Fini, L50|\n|poke|p1|Urshifu-*, L50, F|\n|poke|p1|Thundurus, L50, M|\n|poke|p2|Dragonite, L50, M|\n|poke|p2|Coalossal, L50, F|\n|poke|p2|Urshifu-*, L50, M|\n|poke|p2|Amoonguss, L50, M|\n|poke|p2|Raikou, L50|\n|poke|p2|Metagross, L50|\n|rule|Species Clause: Limit one of each Pok\u00e9mon\n|rule|Item Clause: Limit one of each item\n|teampreview|4\n|inactive|Battle timer is ON: inactive players will automatically lose when time's up. (requested by Hypernaro)\n|\n|t:|1608219288\n|start\n|switch|p1a: Spectrier|Spectrier, L50|48\/48\n|switch|p1b: Whimsicott|Whimsicott, L50, M|48\/48\n|switch|p2a: Dragonite|Dragonite, L50, M|48\/48\n|switch|p2b: Coalossal|Coalossal, L50, F, shiny|48\/48\n|turn|1\n|inactive|Hypernaro has 30 seconds left.\n|inactive|bhkg has 30 seconds left.\n|\n|t:|1608219322\n|-start|p1a: Spectrier|Dynamax\n|-heal|p1a: Spectrier|48\/48|[silent]\n|move|p2b: Coalossal|Protect|p2b: Coalossal\n|-singleturn|p2b: Coalossal|Protect\n|move|p1b: Whimsicott|Tailwind|p1b: Whimsicott\n|-sidestart|p1: Hypernaro|move: Tailwind\n|move|p1a: Spectrier|Max Phantasm|p2b: Coalossal\n|-zbroken|p2b: Coalossal\n|-damage|p2b: Coalossal|36\/48\n|-unboost|p2a: Dragonite|def|1\n|-unboost|p2b: Coalossal|def|1\n|-damage|p1a: Spectrier|45\/48|[from] item: Life Orb\n|move|p2a: Dragonite|Dual Wingbeat|p1b: Whimsicott\n|-supereffective|p1b: Whimsicott\n|-damage|p1b: Whimsicott|9\/48y\n|-supereffective|p1b: Whimsicott\n|-damage|p1b: Whimsicott|0 fnt\n|-hitcount|p1b: Whimsicott|2\n|faint|p1b: Whimsicott\n|\n|upkeep\n|\n|t:|1608219346\n|switch|p1b: Urshifu|Urshifu, L50, F|48\/48\n|turn|2\n|j| Asura Crimson\n|\n|t:|1608219359\n|move|p2a: Dragonite|Aqua Jet|p2b: Coalossal\n|-supereffective|p2b: Coalossal\n|-damage|p2b: Coalossal|0 fnt\n|faint|p2b: Coalossal\n|move|p1a: Spectrier|Max Phantasm|p2a: Dragonite\n|-damage|p2a: Dragonite|9\/48\n|-unboost|p2a: Dragonite|def|1\n|-damage|p1a: Spectrier|43\/48|[from] item: Life Orb\n|move|p1b: Urshifu|Wicked Blow|p2a: Dragonite\n|-crit|p2a: Dragonite\n|-damage|p2a: Dragonite|0 fnt\n|faint|p2a: Dragonite\n|\n|upkeep\n|c|\u2606Hypernaro|lol\n|\n|t:|1608219363\n|switch|p2a: Amoonguss|Amoonguss, L50, M|48\/48\n|switch|p2b: Urshifu|Urshifu, L50, M|48\/48\n|turn|3\n|\n|t:|1608219385\n|switch|p1b: Incineroar|Incineroar, L50, F|48\/48\n|-ability|p1b: Incineroar|Intimidate|boost\n|-unboost|p2a: Amoonguss|atk|1\n|-unboost|p2b: Urshifu|atk|1\n|-start|p2b: Urshifu|Dynamax\n|-heal|p2b: Urshifu|48\/48|[silent]\n|move|p2b: Urshifu|Max Guard|p2b: Urshifu\n|-singleturn|p2b: Urshifu|Max Guard\n|move|p1a: Spectrier|Max Phantasm|p2a: Amoonguss\n|-damage|p2a: Amoonguss|11\/48\n|-unboost|p2a: Amoonguss|def|1\n|-unboost|p2b: Urshifu|def|1\n|-damage|p1a: Spectrier|40\/48|[from] item: Life Orb\n|move|p2a: Amoonguss|Spore|p1b: Incineroar\n|-status|p1b: Incineroar|slp|[from] move: Spore\n|\n|-end|p1a: Spectrier|Dynamax\n|-heal|p1a: Spectrier|41\/48|[silent]\n|upkeep\n|turn|4\n|inactive|Hypernaro has 30 seconds left.\n|\n|t:|1608219417\n|cant|p1b: Incineroar|slp\n|move|p2a: Amoonguss|Protect|p2a: Amoonguss\n|-singleturn|p2a: Amoonguss|Protect\n|move|p1a: Spectrier|Shadow Ball|p2a: Amoonguss\n|-activate|p2a: Amoonguss|move: Protect\n|move|p2b: Urshifu|Max Darkness|p1a: Spectrier\n|-supereffective|p1a: Spectrier\n|-damage|p1a: Spectrier|0 fnt\n|-unboost|p1b: Incineroar|spd|1\n|faint|p1a: Spectrier\n|\n|-sideend|p1: Hypernaro|move: Tailwind\n|upkeep\n|\n|t:|1608219422\n|switch|p1a: Urshifu|Urshifu, L50, F|48\/48\n|turn|5\n|\n|t:|1608219441\n|move|p1a: Urshifu|Close Combat|p2b: Urshifu\n|-supereffective|p2b: Urshifu\n|-damage|p2b: Urshifu|0 fnt\n|-unboost|p1a: Urshifu|def|1\n|-unboost|p1a: Urshifu|spd|1\n|faint|p2b: Urshifu\n|-curestatus|p1b: Incineroar|slp|[msg]\n|move|p1b: Incineroar|Will-O-Wisp|p2a: Amoonguss\n|-status|p2a: Amoonguss|brn\n|move|p2a: Amoonguss|Spore|p1a: Urshifu\n|-status|p1a: Urshifu|slp|[from] move: Spore\n|\n|-damage|p2a: Amoonguss|8\/48 brn|[from] brn\n|upkeep\n|turn|6\n|-message|bhkg forfeited.\n|\n|win|Hypernaro\n|l|\u2606bhkg\n|l|\u2606Hypernaro\n||Ladder (probably) updated, but score could not be retrieved (Request timeout).\n","uploadtime":1608219488,"views":10,"p1id":"hypernaro","p2id":"bhkg","formatid":"gen8vgc2021","rating":0,"private":0,"password":null}