{"id":"gen8ou-1247935235","p1":"glaed13","p2":"Altervisi","format":"gen8ou","log":"|j|\u2606glaed13\n|j|\u2606Altervisi\n|t:|1608577258\n|player|p1|glaed13|cheren-gen5bw2|1747\n|player|p2|Altervisi|palmer|1711\n|teamsize|p1|6\n|teamsize|p2|6\n|gametype|singles\n|gen|8\n|tier|[Gen 8] OU\n|rated|\n|clearpoke\n|poke|p1|Blaziken, M|\n|poke|p1|Klefki, M|\n|poke|p1|Zapdos-Galar|\n|poke|p1|Cinderace, F|\n|poke|p1|Dragonite, M|\n|poke|p1|Volcarona, F|\n|poke|p2|Melmetal|\n|poke|p2|Tapu Fini|\n|poke|p2|Garchomp, M|\n|poke|p2|Celesteela|\n|poke|p2|Blacephalon|\n|poke|p2|Spectrier|\n|rule|Sleep Clause Mod: Limit one foe put to sleep\n|rule|Species Clause: Limit one of each Pok\u00e9mon\n|rule|OHKO Clause: OHKO moves are banned\n|rule|Evasion Moves Clause: Evasion moves are banned\n|rule|Endless Battle Clause: Forcing endless battles is banned\n|rule|HP Percentage Mod: HP is shown in percentages\n|rule|Dynamax Clause: You cannot dynamax\n|teampreview\n|inactive|Battle timer is ON: inactive players will automatically lose when time's up. (requested by glaed13)\n|j| blacksquidward\n|inactive|Altervisi has 120 seconds left.\n|\n|t:|1608577292\n|start\n|switch|p1a: Zapdos|Zapdos-Galar|100\/100\n|switch|p2a: Melmetal|Melmetal|100\/100\n|turn|1\n|\n|t:|1608577300\n|move|p1a: Zapdos|Thunderous Kick|p2a: Melmetal\n|-supereffective|p2a: Melmetal\n|-damage|p2a: Melmetal|52\/100\n|-unboost|p2a: Melmetal|def|1\n|move|p2a: Melmetal|Double Iron Bash|p1a: Zapdos\n|-damage|p1a: Zapdos|24\/100\n|-damage|p1a: Zapdos|0 fnt\n|-hitcount|p1a: Zapdos|2\n|faint|p1a: Zapdos\n|\n|upkeep\n|j| Windows 98 SE\n|\n|t:|1608577321\n|switch|p1a: Blaziken|Blaziken, M|100\/100\n|turn|2\n|\n|t:|1608577326\n|switch|p2a: Garchomp|Garchomp, M, shiny|100\/100\n|move|p1a: Blaziken|Swords Dance|p1a: Blaziken\n|-boost|p1a: Blaziken|atk|2\n|\n|-ability|p1a: Blaziken|Speed Boost|boost\n|-boost|p1a: Blaziken|spe|1\n|upkeep\n|turn|3\n|\n|t:|1608577330\n|move|p1a: Blaziken|High Jump Kick|p2a: Garchomp\n|-damage|p2a: Garchomp|0 fnt\n|-damage|p1a: Blaziken|88\/100|[from] ability: Rough Skin|[of] p2a: Garchomp\n|-damage|p1a: Blaziken|72\/100|[from] item: Rocky Helmet|[of] p2a: Garchomp\n|faint|p2a: Garchomp\n|\n|-ability|p1a: Blaziken|Speed Boost|boost\n|-boost|p1a: Blaziken|spe|1\n|upkeep\n|\n|t:|1608577338\n|switch|p2a: Tapu Fini|Tapu Fini, shiny|100\/100\n|-fieldstart|move: Misty Terrain|[from] ability: Misty Surge|[of] p2a: Tapu Fini\n|turn|4\n|\n|t:|1608577344\n|switch|p1a: Klefki|Klefki, M, shiny|100\/100\n|move|p2a: Tapu Fini|Scald|p1a: Klefki\n|-damage|p1a: Klefki|71\/100\n|\n|upkeep\n|turn|5\n|\n|t:|1608577352\n|move|p1a: Klefki|Light Screen|p1a: Klefki\n|-sidestart|p1: glaed13|move: Light Screen\n|move|p2a: Tapu Fini|Knock Off|p1a: Klefki\n|-resisted|p1a: Klefki\n|-damage|p1a: Klefki|63\/100\n|-enditem|p1a: Klefki|Light Clay|[from] move: Knock Off|[of] p2a: Tapu Fini\n|\n|upkeep\n|turn|6\n|\n|t:|1608577359\n|switch|p2a: Melmetal|Melmetal|52\/100\n|move|p1a: Klefki|Reflect|p1a: Klefki\n|-sidestart|p1: glaed13|Reflect\n|\n|upkeep\n|turn|7\n|\n|t:|1608577366\n|switch|p1a: Blaziken|Blaziken, M|72\/100\n|move|p2a: Melmetal|Double Iron Bash|p1a: Blaziken\n|-resisted|p1a: Blaziken\n|-damage|p1a: Blaziken|48\/100\n|-resisted|p1a: Blaziken\n|-damage|p1a: Blaziken|21\/100\n|-hitcount|p1a: Blaziken|2\n|\n|upkeep\n|turn|8\n|\n|t:|1608577370\n|move|p1a: Blaziken|Blaze Kick|p2a: Melmetal\n|-supereffective|p2a: Melmetal\n|-damage|p2a: Melmetal|2\/100\n|move|p2a: Melmetal|Double Iron Bash|p1a: Blaziken\n|-resisted|p1a: Blaziken\n|-damage|p1a: Blaziken|0 fnt\n|-hitcount|p1a: Blaziken|1\n|faint|p1a: Blaziken\n|\n|-fieldend|Misty Terrain\n|upkeep\n|\n|t:|1608577391\n|switch|p1a: Volcarona|Volcarona, F|100\/100\n|turn|9\n|inactive|Altervisi has 120 seconds left.\n|\n|t:|1608577432\n|switch|p2a: Tapu Fini|Tapu Fini, shiny|100\/100\n|-fieldstart|move: Misty Terrain|[from] ability: Misty Surge|[of] p2a: Tapu Fini\n|move|p1a: Volcarona|Fiery Dance|p2a: Tapu Fini\n|-resisted|p2a: Tapu Fini\n|-damage|p2a: Tapu Fini|87\/100\n|-boost|p1a: Volcarona|spa|1\n|\n|-heal|p2a: Tapu Fini|93\/100|[from] item: Leftovers\n|upkeep\n|turn|10\n|j| irgendwasmitmeeem\n|\n|t:|1608577438\n|move|p1a: Volcarona|Quiver Dance|p1a: Volcarona\n|-boost|p1a: Volcarona|spa|1\n|-boost|p1a: Volcarona|spd|1\n|-boost|p1a: Volcarona|spe|1\n|move|p2a: Tapu Fini|Scald|p1a: Volcarona\n|-supereffective|p1a: Volcarona\n|-damage|p1a: Volcarona|82\/100\n|\n|-heal|p2a: Tapu Fini|99\/100|[from] item: Leftovers\n|-sideend|p1: glaed13|Reflect\n|upkeep\n|turn|11\n|inactive|Altervisi has 120 seconds left.\n|\n|t:|1608577450\n|move|p1a: Volcarona|Giga Drain|p2a: Tapu Fini\n|-supereffective|p2a: Tapu Fini\n|-damage|p2a: Tapu Fini|20\/100\n|-heal|p1a: Volcarona|100\/100|[from] drain|[of] p2a: Tapu Fini\n|move|p2a: Tapu Fini|Defog|p1a: Volcarona\n|-unboost|p1a: Volcarona|evasion|1\n|-sideend|p1: glaed13|move: Light Screen\n|-fieldend|Misty Terrain\n|\n|-heal|p2a: Tapu Fini|26\/100|[from] item: Leftovers\n|upkeep\n|turn|12\n|inactive|Altervisi has 120 seconds left.\n|\n|t:|1608577462\n|move|p1a: Volcarona|Giga Drain|p2a: Tapu Fini\n|-supereffective|p2a: Tapu Fini\n|-damage|p2a: Tapu Fini|0 fnt\n|faint|p2a: Tapu Fini\n|\n|upkeep\n|inactive|Altervisi has 120 seconds left.\n|\n|t:|1608577471\n|switch|p2a: Blacephalon|Blacephalon|100\/100\n|turn|13\n|\n|t:|1608577475\n|move|p1a: Volcarona|Psychic|p2a: Blacephalon\n|-damage|p2a: Blacephalon|8\/100\n|move|p2a: Blacephalon|Flamethrower|p1a: Volcarona\n|-damage|p1a: Volcarona|71\/100\n|\n|-heal|p2a: Blacephalon|14\/100|[from] item: Leftovers\n|upkeep\n|turn|14\n|\n|t:|1608577487\n|move|p1a: Volcarona|Psychic|p2a: Blacephalon\n|-damage|p2a: Blacephalon|0 fnt\n|faint|p2a: Blacephalon\n|\n|upkeep\n|\n|t:|1608577491\n|switch|p2a: Spectrier|Spectrier|100\/100\n|turn|15\n|\n|t:|1608577495\n|move|p2a: Spectrier|Shadow Ball|p1a: Volcarona\n|-damage|p1a: Volcarona|42\/100\n|move|p1a: Volcarona|Fiery Dance|p2a: Spectrier\n|-damage|p2a: Spectrier|3\/100\n|-boost|p1a: Volcarona|spa|1\n|\n|upkeep\n|turn|16\n|\n|t:|1608577504\n|move|p2a: Spectrier|Shadow Ball|p1a: Volcarona\n|-damage|p1a: Volcarona|9\/100\n|move|p1a: Volcarona|Giga Drain|p2a: Spectrier\n|-damage|p2a: Spectrier|0 fnt\n|-heal|p1a: Volcarona|10\/100|[from] drain|[of] p2a: Spectrier\n|faint|p2a: Spectrier\n|\n|upkeep\n|j| slobadd\n|l| slobadd\n|j| slobadd\n|l| slobadd\n|\n|t:|1608577517\n|switch|p2a: Celesteela|Celesteela, shiny|100\/100\n|turn|17\n|\n|t:|1608577521\n|move|p1a: Volcarona|Fiery Dance|p2a: Celesteela\n|-supereffective|p2a: Celesteela\n|-damage|p2a: Celesteela|0 fnt\n|-boost|p1a: Volcarona|spa|1\n|faint|p2a: Celesteela\n|\n|upkeep\n|\n|t:|1608577524\n|switch|p2a: Melmetal|Melmetal|2\/100\n|turn|18\n|\n|t:|1608577530\n|move|p1a: Volcarona|Fiery Dance|p2a: Melmetal\n|-supereffective|p2a: Melmetal\n|-damage|p2a: Melmetal|0 fnt\n|-boost|p1a: Volcarona|spa|1\n|faint|p2a: Melmetal\n|\n|win|glaed13\n|l|\u2606Altervisi\n|l| irgendwasmitmeeem\n||Ladder (probably) updated, but score could not be retrieved (Request timeout).\n","uploadtime":1608577581,"views":12,"p1id":"glaed13","p2id":"altervisi","formatid":"gen8ou","rating":0,"private":0,"password":null}