{"id":"gen8ou-1583180834","p1":"rooopos","p2":"CALL THE CREW","format":"gen8ou","log":"|j|\u2606rooopos\n|j|\u2606CALL THE CREW\n|t:|1653570604\n|gametype|singles\n|player|p1|rooopos|169|1744\n|player|p2|CALL THE CREW|lucas|1898\n|teamsize|p1|6\n|teamsize|p2|6\n|gen|8\n|tier|[Gen 8] OU\n|rated|\n|rule|Sleep Clause Mod: Limit one foe put to sleep\n|rule|Species Clause: Limit one of each Pok\u00e9mon\n|rule|OHKO Clause: OHKO moves are banned\n|rule|Evasion Moves Clause: Evasion moves are banned\n|rule|Endless Battle Clause: Forcing endless battles is banned\n|rule|HP Percentage Mod: HP is shown in percentages\n|rule|Dynamax Clause: You cannot dynamax\n|clearpoke\n|poke|p1|Urshifu-*, M|\n|poke|p1|Blacephalon|\n|poke|p1|Slowking, M|\n|poke|p1|Tornadus-Therian, M|\n|poke|p1|Landorus-Therian, M|\n|poke|p1|Ferrothorn, M|\n|poke|p2|Clefable, F|\n|poke|p2|Landorus-Therian, M|\n|poke|p2|Tornadus-Therian, M|\n|poke|p2|Jirachi|\n|poke|p2|Tyranitar, F|\n|poke|p2|Toxapex, F|\n|teampreview\n|inactive|Battle timer is ON: inactive players will automatically lose when time's up. (requested by CALL THE CREW)\n|c|\u2606CALL THE CREW|gg\n|j| tapu moxo\n|inactive|rooopos has 120 seconds left.\n|\n|t:|1653570638\n|start\n|switch|p1a: Dogo|Landorus-Therian, M, shiny|100\/100\n|switch|p2a: Tornadus|Tornadus-Therian, M|100\/100\n|-ability|p1a: Dogo|Intimidate|boost\n|-unboost|p2a: Tornadus|atk|1\n|turn|1\n|\n|t:|1653570646\n|move|p2a: Tornadus|Knock Off|p1a: Dogo\n|-damage|p1a: Dogo|88\/100\n|-enditem|p1a: Dogo|Leftovers|[from] move: Knock Off|[of] p2a: Tornadus\n|move|p1a: Dogo|Toxic|p2a: Tornadus\n|-status|p2a: Tornadus|tox\n|\n|-damage|p2a: Tornadus|94\/100 tox|[from] psn\n|upkeep\n|turn|2\n|\n|t:|1653570655\n|move|p2a: Tornadus|Hurricane|p1a: Dogo\n|-damage|p1a: Dogo|55\/100\n|move|p1a: Dogo|Stealth Rock|p2a: Tornadus\n|-sidestart|p2: CALL THE CREW|move: Stealth Rock\n|\n|-damage|p2a: Tornadus|82\/100 tox|[from] psn\n|upkeep\n|turn|3\n|\n|t:|1653570669\n|move|p2a: Tornadus|Knock Off|p1a: Dogo\n|-damage|p1a: Dogo|46\/100\n|move|p1a: Dogo|Stealth Rock||[still]\n|-fail|p1a: Dogo\n|\n|-damage|p2a: Tornadus|64\/100 tox|[from] psn\n|upkeep\n|turn|4\n|\n|t:|1653570676\n|move|p2a: Tornadus|Hurricane|p1a: Dogo|[miss]\n|-miss|p2a: Tornadus|p1a: Dogo\n|move|p1a: Dogo|U-turn|p2a: Tornadus\n|-resisted|p2a: Tornadus\n|-damage|p2a: Tornadus|50\/100 tox\n|c|\u2606CALL THE CREW|bg\n|c|\u2606CALL THE CREW|bg\n|\n|t:|1653570683\n|switch|p1a: Pennywise|Blacephalon, shiny|100\/100|[from]move: U-turn\n|\n|-damage|p2a: Tornadus|26\/100 tox|[from] psn\n|upkeep\n|turn|5\n|\n|t:|1653570706\n|switch|p2a: Tyranitar|Tyranitar, F|100\/100\n|-weather|Sandstorm|[from] ability: Sand Stream|[of] p2a: Tyranitar\n|move|p1a: Pennywise|Shadow Ball|p2a: Tyranitar\n|-resisted|p2a: Tyranitar\n|-damage|p2a: Tyranitar|91\/100\n|\n|-weather|Sandstorm|[upkeep]\n|-damage|p1a: Pennywise|94\/100|[from] Sandstorm\n|upkeep\n|turn|6\n|\n|t:|1653570715\n|switch|p1a: Bruce Lee|Urshifu-Rapid-Strike, M|100\/100\n|move|p2a: Tyranitar|Stealth Rock|p1a: Bruce Lee\n|-sidestart|p1: rooopos|move: Stealth Rock\n|\n|-weather|Sandstorm|[upkeep]\n|-damage|p1a: Bruce Lee|94\/100|[from] Sandstorm\n|upkeep\n|turn|7\n|\n|t:|1653570719\n|switch|p2a: Toxapex|Toxapex, F|100\/100\n|-damage|p2a: Toxapex|88\/100|[from] Stealth Rock\n|move|p1a: Bruce Lee|U-turn|p2a: Toxapex\n|-resisted|p2a: Toxapex\n|-damage|p2a: Toxapex|77\/100\n|j| ayayalaptop\n|\n|t:|1653570723\n|switch|p1a: Speed|Slowking, M, shiny|100\/100|[from]move: U-turn\n|\n|-weather|Sandstorm|[upkeep]\n|-damage|p2a: Toxapex|71\/100|[from] Sandstorm\n|-damage|p1a: Speed|94\/100|[from] Sandstorm\n|upkeep\n|turn|8\n|\n|t:|1653570749\n|switch|p2a: Jirachi|Jirachi|100\/100\n|-damage|p2a: Jirachi|94\/100|[from] Stealth Rock\n|move|p1a: Speed|Future Sight|p2a: Jirachi\n|-start|p1a: Speed|move: Future Sight\n|\n|-weather|Sandstorm|[upkeep]\n|-damage|p1a: Speed|88\/100|[from] Sandstorm\n|-heal|p2a: Jirachi|100\/100|[from] item: Leftovers\n|upkeep\n|turn|9\n|\n|t:|1653570756\n|move|p2a: Jirachi|Iron Head|p1a: Speed\n|-resisted|p1a: Speed\n|-damage|p1a: Speed|76\/100\n|cant|p1a: Speed|flinch\n|\n|-weather|none\n|upkeep\n|turn|10\n|j| stardust the fox\n|\n|t:|1653570763\n|move|p2a: Jirachi|Body Slam|p1a: Speed\n|-damage|p1a: Speed|57\/100\n|move|p1a: Speed|Teleport|p1a: Speed\n|\n|t:|1653570768\n|switch|p1a: Birb|Tornadus-Therian, M, shiny|100\/100|[from]move: Teleport\n|\n|-end|p2a: Jirachi|move: Future Sight\n|-resisted|p2a: Jirachi\n|-damage|p2a: Jirachi|95\/100\n|-heal|p2a: Jirachi|100\/100|[from] item: Leftovers\n|upkeep\n|turn|11\n|\n|t:|1653570773\n|move|p1a: Birb|Knock Off|p2a: Jirachi\n|-supereffective|p2a: Jirachi\n|-damage|p2a: Jirachi|64\/100\n|-enditem|p2a: Jirachi|Leftovers|[from] move: Knock Off|[of] p1a: Birb\n|move|p2a: Jirachi|Body Slam|p1a: Birb\n|-damage|p1a: Birb|80\/100\n|-status|p1a: Birb|par\n|\n|upkeep\n|turn|12\n|\n|t:|1653570784\n|switch|p1a: Speed|Slowking, M, shiny|90\/100\n|move|p2a: Jirachi|Wish|p2a: Jirachi\n|\n|upkeep\n|turn|13\n|c| stardust the fox|hello\n|\n|t:|1653570790\n|move|p2a: Jirachi|Body Slam|p1a: Speed\n|-damage|p1a: Speed|72\/100\n|-status|p1a: Speed|par\n|move|p1a: Speed|Teleport|p1a: Speed\n|c|\u2606CALL THE CREW|????????\n|\n|t:|1653570796\n|switch|p1a: Bruce Lee|Urshifu-Rapid-Strike, M|94\/100|[from]move: Teleport\n|-damage|p1a: Bruce Lee|88\/100|[from] Stealth Rock\n|\n|-heal|p2a: Jirachi|100\/100|[from] move: Wish|[wisher] Jirachi\n|upkeep\n|turn|14\n|\n|t:|1653570819\n|switch|p2a: Toxapex|Toxapex, F|100\/100\n|-damage|p2a: Toxapex|88\/100|[from] Stealth Rock\n|move|p1a: Bruce Lee|U-turn|p2a: Toxapex\n|-resisted|p2a: Toxapex\n|-damage|p2a: Toxapex|75\/100\n|\n|t:|1653570823\n|switch|p1a: Speed|Slowking, M, shiny|100\/100 par|[from]move: U-turn\n|\n|upkeep\n|turn|15\n|\n|t:|1653570828\n|switch|p2a: Jirachi|Jirachi|100\/100\n|-damage|p2a: Jirachi|94\/100|[from] Stealth Rock\n|move|p1a: Speed|Future Sight|p2a: Jirachi\n|-start|p1a: Speed|move: Future Sight\n|\n|upkeep\n|turn|16\n|\n|t:|1653570831\n|move|p2a: Jirachi|Iron Head|p1a: Speed\n|-resisted|p1a: Speed\n|-damage|p1a: Speed|89\/100 par\n|cant|p1a: Speed|flinch\n|\n|upkeep\n|turn|17\n|\n|t:|1653570842\n|switch|p2a: Tyranitar|Tyranitar, F|91\/100\n|-weather|Sandstorm|[from] ability: Sand Stream|[of] p2a: Tyranitar\n|move|p1a: Speed|Scald|p2a: Tyranitar\n|-supereffective|p2a: Tyranitar\n|-damage|p2a: Tyranitar|70\/100\n|\n|-weather|Sandstorm|[upkeep]\n|-damage|p1a: Speed|82\/100 par|[from] Sandstorm\n|-end|p2a: Tyranitar|move: Future Sight\n|-immune|p2a: Tyranitar\n|upkeep\n|turn|18\n|\n|t:|1653570851\n|switch|p2a: Clefable|Clefable, F|100\/100\n|switch|p1a: Hugs for Free|Ferrothorn, M, shiny|100\/100\n|-damage|p1a: Hugs for Free|94\/100|[from] Stealth Rock\n|\n|-weather|Sandstorm|[upkeep]\n|-damage|p2a: Clefable|94\/100|[from] Sandstorm\n|upkeep\n|turn|19\n|\n|t:|1653570860\n|switch|p1a: Speed|Slowking, M, shiny|100\/100 par\n|move|p2a: Clefable|Heal Bell|p2a: Clefable\n|-activate|p2a: Clefable|move: Heal Bell\n|-curestatus|p2: Tornadus|tox|[msg]\n|\n|-weather|Sandstorm|[upkeep]\n|-damage|p2a: Clefable|88\/100|[from] Sandstorm\n|-damage|p1a: Speed|94\/100 par|[from] Sandstorm\n|upkeep\n|turn|20\n|\n|t:|1653570890\n|move|p2a: Clefable|Calm Mind|p2a: Clefable\n|-boost|p2a: Clefable|spa|1\n|-boost|p2a: Clefable|spd|1\n|cant|p1a: Speed|par\n|\n|-weather|Sandstorm|[upkeep]\n|-damage|p2a: Clefable|82\/100|[from] Sandstorm\n|-damage|p1a: Speed|88\/100 par|[from] Sandstorm\n|upkeep\n|turn|21\n|\n|t:|1653570917\n|move|p2a: Clefable|Soft-Boiled|p2a: Clefable\n|-heal|p2a: Clefable|100\/100\n|move|p1a: Speed|Teleport|p1a: Speed\n|l| stardust the fox\n|\n|t:|1653570926\n|switch|p1a: Pennywise|Blacephalon, shiny|94\/100|[from]move: Teleport\n|-damage|p1a: Pennywise|70\/100|[from] Stealth Rock\n|\n|-weather|none\n|upkeep\n|turn|22\n|\n|t:|1653570937\n|switch|p2a: Tornadus|Tornadus-Therian, M|59\/100\n|-damage|p2a: Tornadus|34\/100|[from] Stealth Rock\n|move|p1a: Pennywise|Trick|p2a: Tornadus\n|-activate|p1a: Pennywise|move: Trick|[of] p2a: Tornadus\n|-item|p2a: Tornadus|Choice Scarf|[from] move: Trick\n|-item|p1a: Pennywise|Assault Vest|[from] move: Trick\n|\n|upkeep\n|turn|23\n|\n|t:|1653570954\n|switch|p1a: Birb|Tornadus-Therian, M, shiny|100\/100 par\n|move|p2a: Tornadus|Knock Off|p1a: Birb\n|-damage|p1a: Birb|77\/100 par\n|-enditem|p1a: Birb|Heavy-Duty Boots|[from] move: Knock Off|[of] p2a: Tornadus\n|\n|upkeep\n|turn|24\n|\n|t:|1653570964\n|switch|p2a: Toxapex|Toxapex, F|100\/100\n|-damage|p2a: Toxapex|88\/100|[from] Stealth Rock\n|move|p1a: Birb|U-turn|p2a: Toxapex\n|-resisted|p2a: Toxapex\n|-damage|p2a: Toxapex|84\/100\n|\n|t:|1653570968\n|switch|p1a: Speed|Slowking, M, shiny|100\/100 par|[from]move: U-turn\n|\n|upkeep\n|turn|25\n|inactive|CALL THE CREW has 120 seconds left.\n|\n|t:|1653570989\n|switch|p2a: Clefable|Clefable, F|100\/100\n|move|p1a: Speed|Future Sight|p2a: Clefable\n|-start|p1a: Speed|move: Future Sight\n|\n|upkeep\n|turn|26\n|\n|t:|1653570994\n|move|p2a: Clefable|Calm Mind|p2a: Clefable\n|-boost|p2a: Clefable|spa|1\n|-boost|p2a: Clefable|spd|1\n|move|p1a: Speed|Teleport|p1a: Speed\n|\n|t:|1653570997\n|switch|p1a: Bruce Lee|Urshifu-Rapid-Strike, M|88\/100|[from]move: Teleport\n|-damage|p1a: Bruce Lee|82\/100|[from] Stealth Rock\n|\n|upkeep\n|turn|27\n|\n|t:|1653571001\n|move|p1a: Bruce Lee|Surging Strikes|p2a: Clefable\n|-crit|p2a: Clefable\n|-damage|p2a: Clefable|74\/100\n|-crit|p2a: Clefable\n|-damage|p2a: Clefable|47\/100\n|-crit|p2a: Clefable\n|-damage|p2a: Clefable|24\/100\n|-hitcount|p2a: Clefable|3\n|move|p2a: Clefable|Moonblast|p1a: Bruce Lee\n|-supereffective|p1a: Bruce Lee\n|-damage|p1a: Bruce Lee|0 fnt\n|faint|p1a: Bruce Lee\n|\n|-end|p2a: Clefable|move: Future Sight\n|-damage|p2a: Clefable|0 fnt\n|faint|p2a: Clefable\n|upkeep\n|c|\u2606CALL THE CREW|gg\n|inactive|CALL THE CREW has 120 seconds left.\n|\n|t:|1653571032\n|switch|p1a: Birb|Tornadus-Therian, M, shiny|100\/100 par\n|switch|p2a: Landorus|Landorus-Therian, M|100\/100\n|-damage|p2a: Landorus|88\/100|[from] Stealth Rock\n|-ability|p2a: Landorus|Intimidate|boost\n|-unboost|p1a: Birb|atk|1\n|-damage|p1a: Birb|76\/100 par|[from] Stealth Rock\n|turn|28\n|inactive|CALL THE CREW has 120 seconds left.\n|\n|t:|1653571050\n|switch|p2a: Jirachi|Jirachi|94\/100\n|-damage|p2a: Jirachi|88\/100|[from] Stealth Rock\n|move|p1a: Birb|Knock Off|p2a: Jirachi\n|-supereffective|p2a: Jirachi\n|-damage|p2a: Jirachi|73\/100\n|\n|upkeep\n|turn|29\n|inactive|CALL THE CREW has 120 seconds left.\n|\n|t:|1653571064\n|switch|p1a: Speed|Slowking, M, shiny|100\/100 par\n|move|p2a: Jirachi|Wish|p2a: Jirachi\n|\n|upkeep\n|turn|30\n|\n|t:|1653571069\n|switch|p2a: Tornadus|Tornadus-Therian, M|67\/100\n|-damage|p2a: Tornadus|42\/100|[from] Stealth Rock\n|move|p1a: Speed|Scald|p2a: Tornadus\n|-damage|p2a: Tornadus|18\/100\n|-status|p2a: Tornadus|brn\n|\n|-heal|p2a: Tornadus|74\/100 brn|[from] move: Wish|[wisher] Jirachi\n|-damage|p2a: Tornadus|68\/100 brn|[from] brn\n|upkeep\n|turn|31\n|\n|t:|1653571076\n|switch|p1a: Birb|Tornadus-Therian, M, shiny|100\/100 par\n|-damage|p1a: Birb|76\/100 par|[from] Stealth Rock\n|move|p2a: Tornadus|Hurricane|p1a: Birb\n|-damage|p1a: Birb|37\/100 par\n|\n|-damage|p2a: Tornadus|62\/100 brn|[from] brn\n|upkeep\n|turn|32\n|\n|t:|1653571083\n|switch|p1a: Speed|Slowking, M, shiny|100\/100 par\n|move|p2a: Tornadus|Hurricane|p1a: Speed\n|-damage|p1a: Speed|74\/100 par\n|-start|p1a: Speed|confusion\n|\n|-damage|p2a: Tornadus|56\/100 brn|[from] brn\n|upkeep\n|turn|33\n|\n|t:|1653571091\n|move|p2a: Tornadus|Hurricane|p1a: Speed\n|-damage|p1a: Speed|49\/100 par\n|-activate|p1a: Speed|confusion\n|-damage|p1a: Speed|43\/100 par|[from] confusion\n|\n|-damage|p2a: Tornadus|50\/100 brn|[from] brn\n|upkeep\n|turn|34\n|\n|t:|1653571096\n|move|p2a: Tornadus|Hurricane|p1a: Speed\n|-damage|p1a: Speed|14\/100 par\n|-end|p1a: Speed|confusion\n|move|p1a: Speed|Slack Off|p1a: Speed\n|-heal|p1a: Speed|64\/100 par\n|\n|-damage|p2a: Tornadus|44\/100 brn|[from] brn\n|upkeep\n|turn|35\n|\n|t:|1653571103\n|switch|p2a: Jirachi|Jirachi|73\/100\n|-damage|p2a: Jirachi|67\/100|[from] Stealth Rock\n|move|p1a: Speed|Teleport|p1a: Speed\n|\n|t:|1653571108\n|switch|p1a: Dogo|Landorus-Therian, M, shiny|46\/100|[from]move: Teleport\n|-damage|p1a: Dogo|34\/100|[from] Stealth Rock\n|-ability|p1a: Dogo|Intimidate|boost\n|-unboost|p2a: Jirachi|atk|1\n|\n|upkeep\n|turn|36\n|\n|t:|1653571125\n|switch|p2a: Tornadus|Tornadus-Therian, M|77\/100 brn\n|-damage|p2a: Tornadus|52\/100 brn|[from] Stealth Rock\n|move|p1a: Dogo|U-turn|p2a: Tornadus\n|-resisted|p2a: Tornadus\n|-damage|p2a: Tornadus|38\/100 brn\n|\n|t:|1653571131\n|switch|p1a: Birb|Tornadus-Therian, M, shiny|70\/100 par|[from]move: U-turn\n|-damage|p1a: Birb|46\/100 par|[from] Stealth Rock\n|\n|-damage|p2a: Tornadus|32\/100 brn|[from] brn\n|upkeep\n|turn|37\n|j| Noob 0_o\n|\n|t:|1653571138\n|move|p2a: Tornadus|U-turn|p1a: Birb\n|-resisted|p1a: Birb\n|-damage|p1a: Birb|41\/100 par\n|\n|t:|1653571139\n|switch|p2a: Toxapex|Toxapex, F|100\/100|[from]move: U-turn\n|-damage|p2a: Toxapex|88\/100|[from] Stealth Rock\n|move|p1a: Birb|Hurricane|p2a: Toxapex\n|-crit|p2a: Toxapex\n|-damage|p2a: Toxapex|34\/100\n|-start|p2a: Toxapex|confusion\n|\n|upkeep\n|turn|38\n|\n|t:|1653571145\n|switch|p2a: Jirachi|Jirachi|67\/100\n|-damage|p2a: Jirachi|60\/100|[from] Stealth Rock\n|move|p1a: Birb|Hurricane|p2a: Jirachi|[miss]\n|-miss|p1a: Birb|p2a: Jirachi\n|\n|upkeep\n|turn|39\n|\n|t:|1653571151\n|switch|p1a: Speed|Slowking, M, shiny|98\/100 par\n|move|p2a: Jirachi|Wish|p2a: Jirachi\n|\n|upkeep\n|turn|40\n|\n|t:|1653571157\n|move|p2a: Jirachi|Iron Head|p1a: Speed\n|-resisted|p1a: Speed\n|-damage|p1a: Speed|86\/100 par\n|cant|p1a: Speed|flinch\n|\n|-heal|p2a: Jirachi|100\/100|[from] move: Wish|[wisher] Jirachi\n|upkeep\n|turn|41\n|\n|t:|1653571167\n|switch|p2a: Toxapex|Toxapex, F|68\/100\n|-damage|p2a: Toxapex|56\/100|[from] Stealth Rock\n|move|p1a: Speed|Future Sight|p2a: Toxapex\n|-start|p1a: Speed|move: Future Sight\n|\n|upkeep\n|turn|42\n|\n|t:|1653571175\n|switch|p2a: Jirachi|Jirachi|100\/100\n|-damage|p2a: Jirachi|94\/100|[from] Stealth Rock\n|move|p1a: Speed|Teleport|p1a: Speed\n|\n|t:|1653571181\n|switch|p1a: Hugs for Free|Ferrothorn, M, shiny|94\/100|[from]move: Teleport\n|-damage|p1a: Hugs for Free|88\/100|[from] Stealth Rock\n|\n|upkeep\n|turn|43\n|\n|t:|1653571185\n|switch|p1a: Speed|Slowking, M, shiny|100\/100 par\n|move|p2a: Jirachi|Protect||[still]\n|-fail|p2a: Jirachi\n|\n|-end|p2a: Jirachi|move: Future Sight\n|-resisted|p2a: Jirachi\n|-damage|p2a: Jirachi|88\/100\n|upkeep\n|turn|44\n|j| scizor46\n|inactive|CALL THE CREW has 120 seconds left.\n|\n|t:|1653571218\n|move|p2a: Jirachi|Iron Head|p1a: Speed\n|-resisted|p1a: Speed\n|-damage|p1a: Speed|88\/100 par\n|cant|p1a: Speed|flinch\n|\n|upkeep\n|turn|45\n|\n|t:|1653571223\n|move|p2a: Jirachi|Iron Head|p1a: Speed\n|-resisted|p1a: Speed\n|-damage|p1a: Speed|77\/100 par\n|move|p1a: Speed|Scald|p2a: Jirachi\n|-damage|p2a: Jirachi|71\/100\n|\n|upkeep\n|turn|46\n|\n|t:|1653571231\n|switch|p2a: Toxapex|Toxapex, F|89\/100\n|-damage|p2a: Toxapex|77\/100|[from] Stealth Rock\n|cant|p1a: Speed|par\n|\n|upkeep\n|turn|47\n|j| Ran Kob\n|\n|t:|1653571235\n|move|p2a: Toxapex|Knock Off|p1a: Speed\n|-supereffective|p1a: Speed\n|-damage|p1a: Speed|50\/100 par\n|-enditem|p1a: Speed|Heavy-Duty Boots|[from] move: Knock Off|[of] p2a: Toxapex\n|move|p1a: Speed|Future Sight|p2a: Toxapex\n|-start|p1a: Speed|move: Future Sight\n|\n|upkeep\n|turn|48\n|\n|t:|1653571240\n|switch|p2a: Jirachi|Jirachi|71\/100\n|-damage|p2a: Jirachi|65\/100|[from] Stealth Rock\n|cant|p1a: Speed|par\n|\n|upkeep\n|turn|49\n|\n|t:|1653571245\n|switch|p1a: Birb|Tornadus-Therian, M, shiny|74\/100 par\n|-damage|p1a: Birb|49\/100 par|[from] Stealth Rock\n|move|p2a: Jirachi|Wish|p2a: Jirachi\n|\n|-end|p2a: Jirachi|move: Future Sight\n|-resisted|p2a: Jirachi\n|-damage|p2a: Jirachi|59\/100\n|upkeep\n|turn|50\n|\n|t:|1653571251\n|switch|p1a: Speed|Slowking, M, shiny|83\/100 par\n|-damage|p1a: Speed|71\/100 par|[from] Stealth Rock\n|move|p2a: Jirachi|Iron Head|p1a: Speed\n|-resisted|p1a: Speed\n|-damage|p1a: Speed|59\/100 par\n|\n|-heal|p2a: Jirachi|100\/100|[from] move: Wish|[wisher] Jirachi\n|upkeep\n|turn|51\n|\n|t:|1653571263\n|move|p2a: Jirachi|Wish|p2a: Jirachi\n|move|p1a: Speed|Slack Off|p1a: Speed\n|-heal|p1a: Speed|100\/100 par\n|\n|upkeep\n|turn|52\n|\n|t:|1653571268\n|switch|p2a: Tyranitar|Tyranitar, F|70\/100\n|-weather|Sandstorm|[from] ability: Sand Stream|[of] p2a: Tyranitar\n|move|p1a: Speed|Scald|p2a: Tyranitar\n|-supereffective|p2a: Tyranitar\n|-damage|p2a: Tyranitar|47\/100\n|-status|p2a: Tyranitar|brn\n|\n|-weather|Sandstorm|[upkeep]\n|-damage|p1a: Speed|94\/100 par|[from] Sandstorm\n|-heal|p2a: Tyranitar|97\/100 brn|[from] move: Wish|[wisher] Jirachi\n|-damage|p2a: Tyranitar|91\/100 brn|[from] brn\n|upkeep\n|turn|53\n|\n|t:|1653571275\n|switch|p2a: Jirachi|Jirachi|100\/100\n|-damage|p2a: Jirachi|94\/100|[from] Stealth Rock\n|move|p1a: Speed|Scald|p2a: Jirachi\n|-damage|p2a: Jirachi|78\/100\n|-status|p2a: Jirachi|brn\n|\n|-weather|Sandstorm|[upkeep]\n|-damage|p1a: Speed|88\/100 par|[from] Sandstorm\n|-damage|p2a: Jirachi|72\/100 brn|[from] brn\n|upkeep\n|turn|54\n|\n|t:|1653571280\n|move|p2a: Jirachi|Wish|p2a: Jirachi\n|move|p1a: Speed|Scald|p2a: Jirachi\n|-damage|p2a: Jirachi|55\/100 brn\n|\n|-weather|Sandstorm|[upkeep]\n|-damage|p1a: Speed|82\/100 par|[from] Sandstorm\n|-damage|p2a: Jirachi|49\/100 brn|[from] brn\n|upkeep\n|turn|55\n|\n|t:|1653571286\n|move|p2a: Jirachi|Iron Head|p1a: Speed\n|-resisted|p1a: Speed\n|-damage|p1a: Speed|77\/100 par\n|cant|p1a: Speed|flinch\n|\n|-weather|Sandstorm|[upkeep]\n|-damage|p1a: Speed|71\/100 par|[from] Sandstorm\n|-heal|p2a: Jirachi|99\/100 brn|[from] move: Wish|[wisher] Jirachi\n|-damage|p2a: Jirachi|92\/100 brn|[from] brn\n|upkeep\n|turn|56\n|\n|t:|1653571294\n|move|p2a: Jirachi|Wish|p2a: Jirachi\n|cant|p1a: Speed|par\n|\n|-weather|none\n|-damage|p2a: Jirachi|86\/100 brn|[from] brn\n|upkeep\n|turn|57\n|\n|t:|1653571301\n|switch|p2a: Tornadus|Tornadus-Therian, M|65\/100 brn\n|-damage|p2a: Tornadus|40\/100 brn|[from] Stealth Rock\n|move|p1a: Speed|Teleport|p1a: Speed\n|\n|t:|1653571306\n|switch|p1a: Birb|Tornadus-Therian, M, shiny|83\/100 par|[from]move: Teleport\n|-damage|p1a: Birb|58\/100 par|[from] Stealth Rock\n|\n|-heal|p2a: Tornadus|96\/100 brn|[from] move: Wish|[wisher] Jirachi\n|-damage|p2a: Tornadus|90\/100 brn|[from] brn\n|upkeep\n|turn|58\n|\n|t:|1653571310\n|move|p2a: Tornadus|Hurricane|p1a: Birb\n|-damage|p1a: Birb|13\/100 par\n|cant|p1a: Birb|par\n|\n|-damage|p2a: Tornadus|84\/100 brn|[from] brn\n|upkeep\n|turn|59\n|\n|t:|1653571315\n|switch|p1a: Speed|Slowking, M, shiny|100\/100 par\n|-damage|p1a: Speed|88\/100 par|[from] Stealth Rock\n|move|p2a: Tornadus|Hurricane|p1a: Speed|[miss]\n|-miss|p2a: Tornadus|p1a: Speed\n|\n|-damage|p2a: Tornadus|78\/100 brn|[from] brn\n|upkeep\n|turn|60\n|\n|t:|1653571325\n|move|p2a: Tornadus|Hurricane|p1a: Speed\n|-damage|p1a: Speed|60\/100 par\n|-start|p1a: Speed|confusion\n|-activate|p1a: Speed|confusion\n|-damage|p1a: Speed|54\/100 par|[from] confusion\n|\n|-damage|p2a: Tornadus|72\/100 brn|[from] brn\n|upkeep\n|turn|61\n|\n|t:|1653571332\n|move|p2a: Tornadus|Hurricane|p1a: Speed|[miss]\n|-miss|p2a: Tornadus|p1a: Speed\n|-activate|p1a: Speed|confusion\n|move|p1a: Speed|Slack Off|p1a: Speed\n|-heal|p1a: Speed|100\/100 par\n|\n|-damage|p2a: Tornadus|66\/100 brn|[from] brn\n|upkeep\n|turn|62\n|\n|t:|1653571338\n|move|p2a: Tornadus|Hurricane|p1a: Speed\n|-crit|p1a: Speed\n|-damage|p1a: Speed|60\/100 par\n|-activate|p1a: Speed|confusion\n|move|p1a: Speed|Teleport|p1a: Speed\n|\n|t:|1653571344\n|switch|p1a: Birb|Tornadus-Therian, M, shiny|47\/100 par|[from]move: Teleport\n|-damage|p1a: Birb|22\/100 par|[from] Stealth Rock\n|\n|-damage|p2a: Tornadus|60\/100 brn|[from] brn\n|upkeep\n|turn|63\n|\n|t:|1653571350\n|switch|p2a: Landorus|Landorus-Therian, M|88\/100\n|-damage|p2a: Landorus|76\/100|[from] Stealth Rock\n|-ability|p2a: Landorus|Intimidate|boost\n|-unboost|p1a: Birb|atk|1\n|switch|p1a: Speed|Slowking, M, shiny|93\/100 par\n|-damage|p1a: Speed|81\/100 par|[from] Stealth Rock\n|\n|-heal|p2a: Landorus|82\/100|[from] item: Leftovers\n|upkeep\n|turn|64\n|\n|t:|1653571354\n|move|p2a: Landorus|Earthquake|p1a: Speed\n|-damage|p1a: Speed|39\/100 par\n|cant|p1a: Speed|par\n|\n|-heal|p2a: Landorus|88\/100|[from] item: Leftovers\n|upkeep\n|turn|65\n|\n|t:|1653571360\n|switch|p1a: Dogo|Landorus-Therian, M, shiny|34\/100\n|-damage|p1a: Dogo|21\/100|[from] Stealth Rock\n|-ability|p1a: Dogo|Intimidate|boost\n|-unboost|p2a: Landorus|atk|1\n|move|p2a: Landorus|Smack Down|p1a: Dogo\n|-damage|p1a: Dogo|12\/100\n|-start|p1a: Dogo|Smack Down\n|\n|-heal|p2a: Landorus|94\/100|[from] item: Leftovers\n|upkeep\n|turn|66\n|j| OneTreeWaiting\n|\n|t:|1653571367\n|move|p2a: Landorus|Earthquake|p1a: Dogo\n|-damage|p1a: Dogo|0 fnt\n|faint|p1a: Dogo\n|\n|-heal|p2a: Landorus|99\/100|[from] item: Leftovers\n|upkeep\n|\n|t:|1653571372\n|switch|p1a: Hugs for Free|Ferrothorn, M, shiny|88\/100\n|-damage|p1a: Hugs for Free|82\/100|[from] Stealth Rock\n|turn|67\n|j| KMTQ\n|\n|t:|1653571397\n|move|p2a: Landorus|Defog|p1a: Hugs for Free\n|-unboost|p1a: Hugs for Free|evasion|1\n|-sideend|p1: rooopos|Stealth Rock|[from] move: Defog|[of] p2a: Landorus\n|-sideend|p2: CALL THE CREW|Stealth Rock|[from] move: Defog|[of] p2a: Landorus\n|move|p1a: Hugs for Free|Leech Seed|p2a: Landorus|[miss]\n|-miss|p1a: Hugs for Free|p2a: Landorus\n|\n|-heal|p2a: Landorus|100\/100|[from] item: Leftovers\n|upkeep\n|turn|68\n|\n|t:|1653571402\n|switch|p2a: Toxapex|Toxapex, F|100\/100\n|move|p1a: Hugs for Free|Leech Seed|p2a: Toxapex\n|-start|p2a: Toxapex|move: Leech Seed\n|\n|-damage|p2a: Toxapex|88\/100|[from] Leech Seed|[of] p1a: Hugs for Free\n|-heal|p1a: Hugs for Free|92\/100|[silent]\n|upkeep\n|turn|69\n|\n|t:|1653571408\n|switch|p1a: Birb|Tornadus-Therian, M, shiny|55\/100 par\n|move|p2a: Toxapex|Scald|p1a: Birb\n|-damage|p1a: Birb|40\/100 par\n|\n|-damage|p2a: Toxapex|76\/100|[from] Leech Seed|[of] p1a: Birb\n|-heal|p1a: Birb|50\/100 par|[silent]\n|upkeep\n|turn|70\n|\n|t:|1653571413\n|switch|p1a: Speed|Slowking, M, shiny|72\/100 par\n|switch|p2a: Tornadus|Tornadus-Therian, M|93\/100 brn\n|\n|-damage|p2a: Tornadus|87\/100 brn|[from] brn\n|upkeep\n|turn|71\n|\n|t:|1653571418\n|move|p2a: Tornadus|U-turn|p1a: Speed\n|-supereffective|p1a: Speed\n|-damage|p1a: Speed|57\/100 par\n|\n|t:|1653571420\n|switch|p2a: Tyranitar|Tyranitar, F|91\/100 brn|[from]move: U-turn\n|-weather|Sandstorm|[from] ability: Sand Stream|[of] p2a: Tyranitar\n|move|p1a: Speed|Teleport|p1a: Speed\n|\n|t:|1653571425\n|switch|p1a: Hugs for Free|Ferrothorn, M, shiny|92\/100|[from]move: Teleport\n|\n|-weather|Sandstorm|[upkeep]\n|-damage|p2a: Tyranitar|85\/100 brn|[from] brn\n|upkeep\n|turn|72\n|\n|t:|1653571429\n|switch|p2a: Toxapex|Toxapex, F|100\/100\n|switch|p1a: Speed|Slowking, M, shiny|91\/100 par\n|\n|-weather|Sandstorm|[upkeep]\n|-damage|p2a: Toxapex|95\/100|[from] Sandstorm\n|-damage|p1a: Speed|85\/100 par|[from] Sandstorm\n|upkeep\n|turn|73\n|\n|t:|1653571433\n|switch|p2a: Tyranitar|Tyranitar, F|85\/100 brn\n|move|p1a: Speed|Future Sight|p2a: Tyranitar\n|-start|p1a: Speed|move: Future Sight\n|\n|-weather|Sandstorm|[upkeep]\n|-damage|p1a: Speed|78\/100 par|[from] Sandstorm\n|-damage|p2a: Tyranitar|79\/100 brn|[from] brn\n|upkeep\n|turn|74\n|\n|t:|1653571437\n|move|p2a: Tyranitar|Stealth Rock|p1a: Speed\n|-sidestart|p1: rooopos|move: Stealth Rock\n|move|p1a: Speed|Scald|p2a: Tyranitar\n|-supereffective|p2a: Tyranitar\n|-damage|p2a: Tyranitar|54\/100 brn\n|\n|-weather|Sandstorm|[upkeep]\n|-damage|p1a: Speed|72\/100 par|[from] Sandstorm\n|-damage|p2a: Tyranitar|48\/100 brn|[from] brn\n|upkeep\n|turn|75\n|\n|t:|1653571442\n|switch|p2a: Jirachi|Jirachi|86\/100 brn\n|move|p1a: Speed|Teleport|p1a: Speed\n|\n|t:|1653571444\n|switch|p1a: Pennywise|Blacephalon, shiny|70\/100|[from]move: Teleport\n|-damage|p1a: Pennywise|45\/100|[from] Stealth Rock\n|\n|-weather|none\n|-end|p2a: Jirachi|move: Future Sight\n|-resisted|p2a: Jirachi\n|-damage|p2a: Jirachi|80\/100 brn\n|-damage|p2a: Jirachi|74\/100 brn|[from] brn\n|upkeep\n|turn|76\n|\n|t:|1653571448\n|move|p2a: Jirachi|Protect|p2a: Jirachi\n|-singleturn|p2a: Jirachi|Protect\n|move|p1a: Pennywise|Shadow Ball|p2a: Jirachi\n|-activate|p2a: Jirachi|move: Protect\n|\n|-damage|p2a: Jirachi|68\/100 brn|[from] brn\n|upkeep\n|turn|77\n|\n|t:|1653571452\n|switch|p2a: Toxapex|Toxapex, F|100\/100\n|move|p1a: Pennywise|Shadow Ball|p2a: Toxapex\n|-damage|p2a: Toxapex|65\/100\n|\n|upkeep\n|turn|78\n|\n|t:|1653571457\n|switch|p1a: Birb|Tornadus-Therian, M, shiny|83\/100 par\n|-damage|p1a: Birb|59\/100 par|[from] Stealth Rock\n|move|p2a: Toxapex|Knock Off|p1a: Birb\n|-damage|p1a: Birb|48\/100 par\n|\n|upkeep\n|turn|79\n|\n|t:|1653571466\n|switch|p2a: Tornadus|Tornadus-Therian, M|100\/100 brn\n|cant|p1a: Birb|par\n|\n|-damage|p2a: Tornadus|94\/100 brn|[from] brn\n|upkeep\n|turn|80\n|\n|t:|1653571472\n|switch|p1a: Speed|Slowking, M, shiny|100\/100 par\n|-damage|p1a: Speed|88\/100 par|[from] Stealth Rock\n|move|p2a: Tornadus|U-turn|p1a: Speed\n|-supereffective|p1a: Speed\n|-damage|p1a: Speed|74\/100 par\n|\n|t:|1653571474\n|switch|p2a: Landorus|Landorus-Therian, M|100\/100|[from]move: U-turn\n|-ability|p2a: Landorus|Intimidate|boost\n|-unboost|p1a: Speed|atk|1\n|\n|upkeep\n|turn|81\n|l| KMTQ\n|\n|t:|1653571480\n|move|p2a: Landorus|Earthquake|p1a: Speed\n|-damage|p1a: Speed|29\/100 par\n|cant|p1a: Speed|par\n|\n|upkeep\n|turn|82\n|\n|t:|1653571486\n|switch|p1a: Hugs for Free|Ferrothorn, M, shiny|92\/100\n|-damage|p1a: Hugs for Free|86\/100|[from] Stealth Rock\n|move|p2a: Landorus|Earthquake|p1a: Hugs for Free\n|-damage|p1a: Hugs for Free|54\/100\n|\n|upkeep\n|turn|83\n|\n|t:|1653571491\n|move|p2a: Landorus|Earthquake|p1a: Hugs for Free\n|-damage|p1a: Hugs for Free|25\/100\n|move|p1a: Hugs for Free|Leech Seed|p2a: Landorus|[miss]\n|-miss|p1a: Hugs for Free|p2a: Landorus\n|\n|upkeep\n|turn|84\n|c|\u2606CALL THE CREW|ggs\n|\n|t:|1653571507\n|move|p2a: Landorus|Earthquake|p1a: Hugs for Free\n|-damage|p1a: Hugs for Free|0 fnt\n|faint|p1a: Hugs for Free\n|\n|upkeep\n|-message|rooopos forfeited.\n|\n|win|CALL THE CREW\n|raw|rooopos's rating: 1744 &rarr; <strong>1732<\/strong><br \/>(-12 for losing)\n|raw|CALL THE CREW's rating: 1898 &rarr; <strong>1910<\/strong><br \/>(+12 for winning)\n|l|\u2606rooopos\n|l| ayayalaptop\n|l| scizor46\n|j| KMTQ\n||Ladder isn't responding, score probably updated but might not have (Request timeout).\n","uploadtime":1653571526,"views":92,"p1id":"rooopos","p2id":"callthecrew","formatid":"gen8ou","rating":1732,"private":0,"password":null}