{"id":"gen8ou-1466572851","p1":"greystaple","p2":"Diameter\u272fXtreme","format":"gen8ou","log":"|html|<div class=\"broadcast-blue\"><strong>[Gen 8] OU is currently suspecting Kyurem! For information on how to participate check out the <a href=\"https:\/\/www.smogon.com\/forums\/threads\/np-ss-ou-suspect-process-round-11-break-the-ice.3694129\/\">suspect thread<\/a>.<\/strong><\/div>\n|j|\u2606greystaple\n|j|\u2606Diameter\u272fXtreme\n|t:|1638641241\n|gametype|singles\n|player|p1|greystaple|hilbert-wonderlauncher|1638\n|player|p2|Diameter\u272fXtreme|jasmine-gen2|1605\n|teamsize|p1|6\n|teamsize|p2|6\n|gen|8\n|tier|[Gen 8] OU\n|rated|\n|rule|Sleep Clause Mod: Limit one foe put to sleep\n|rule|Species Clause: Limit one of each Pok\u00e9mon\n|rule|OHKO Clause: OHKO moves are banned\n|rule|Evasion Moves Clause: Evasion moves are banned\n|rule|Endless Battle Clause: Forcing endless battles is banned\n|rule|HP Percentage Mod: HP is shown in percentages\n|rule|Dynamax Clause: You cannot dynamax\n|clearpoke\n|poke|p1|Rotom-Wash|\n|poke|p1|Ninetales-Alola, M|\n|poke|p1|Corviknight, M|\n|poke|p1|Arctozolt|\n|poke|p1|Landorus-Therian, M|\n|poke|p1|Tornadus-Therian, M|\n|poke|p2|Nidoking, M|\n|poke|p2|Tapu Fini|\n|poke|p2|Weavile, M|\n|poke|p2|Zapdos|\n|poke|p2|Tyranitar, F|\n|poke|p2|Jirachi|\n|teampreview\n|\n|t:|1638641257\n|start\n|switch|p1a: Landorus|Landorus-Therian, M|100\/100\n|switch|p2a: Jirachi|Jirachi|100\/100\n|-ability|p1a: Landorus|Intimidate|boost\n|-unboost|p2a: Jirachi|atk|1\n|turn|1\n|\n|t:|1638641272\n|move|p2a: Jirachi|U-turn|p1a: Landorus\n|-resisted|p1a: Landorus\n|-damage|p1a: Landorus|94\/100\n|\n|t:|1638641276\n|switch|p2a: Tapu Fini|Tapu Fini|100\/100|[from]move: U-turn\n|-fieldstart|move: Misty Terrain|[from] ability: Misty Surge|[of] p2a: Tapu Fini\n|move|p1a: Landorus|U-turn|p2a: Tapu Fini\n|-resisted|p2a: Tapu Fini\n|-damage|p2a: Tapu Fini|93\/100\n|\n|t:|1638641282\n|switch|p1a: Rotom|Rotom-Wash|100\/100|[from]move: U-turn\n|\n|-heal|p2a: Tapu Fini|99\/100|[from] item: Leftovers\n|upkeep\n|turn|2\n|\n|t:|1638641287\n|switch|p2a: Tyranitar|Tyranitar, F|100\/100\n|-weather|Sandstorm|[from] ability: Sand Stream|[of] p2a: Tyranitar\n|move|p1a: Rotom|Volt Switch|p2a: Tyranitar\n|-crit|p2a: Tyranitar\n|-damage|p2a: Tyranitar|84\/100\n|\n|t:|1638641296\n|switch|p1a: Landorus|Landorus-Therian, M|94\/100|[from]move: Volt Switch\n|-ability|p1a: Landorus|Intimidate|boost\n|-unboost|p2a: Tyranitar|atk|1\n|\n|-weather|Sandstorm|[upkeep]\n|-heal|p1a: Landorus|99\/100|[from] item: Leftovers\n|-heal|p2a: Tyranitar|90\/100|[from] item: Leftovers\n|upkeep\n|turn|3\n|\n|t:|1638641303\n|switch|p2a: Zapdos|Zapdos|100\/100\n|move|p1a: Landorus|Earthquake|p2a: Zapdos\n|-immune|p2a: Zapdos\n|\n|-weather|Sandstorm|[upkeep]\n|-damage|p2a: Zapdos|94\/100|[from] Sandstorm\n|-heal|p1a: Landorus|100\/100|[from] item: Leftovers\n|upkeep\n|turn|4\n|\n|t:|1638641306\n|move|p2a: Zapdos|Heat Wave|p1a: Landorus\n|-damage|p1a: Landorus|80\/100\n|move|p1a: Landorus|Toxic|p2a: Zapdos\n|-status|p2a: Zapdos|tox\n|\n|-weather|Sandstorm|[upkeep]\n|-damage|p2a: Zapdos|88\/100 tox|[from] Sandstorm\n|-heal|p1a: Landorus|86\/100|[from] item: Leftovers\n|-damage|p2a: Zapdos|82\/100 tox|[from] psn\n|upkeep\n|turn|5\n|\n|t:|1638641319\n|switch|p2a: Nidoking|Nidoking, M|100\/100\n|switch|p1a: Rotom|Rotom-Wash|100\/100\n|\n|-weather|Sandstorm|[upkeep]\n|-damage|p1a: Rotom|94\/100|[from] Sandstorm\n|-heal|p1a: Rotom|100\/100|[from] item: Leftovers\n|-fieldend|Misty Terrain\n|upkeep\n|turn|6\n|\n|t:|1638641329\n|move|p2a: Nidoking|Sludge Wave|p1a: Rotom\n|-damage|p1a: Rotom|26\/100\n|move|p1a: Rotom|Hydro Pump|p2a: Nidoking\n|-supereffective|p2a: Nidoking\n|-damage|p2a: Nidoking|0 fnt\n|faint|p2a: Nidoking\n|\n|-weather|none\n|-heal|p1a: Rotom|32\/100|[from] item: Leftovers\n|upkeep\n|\n|t:|1638641336\n|switch|p2a: Weavile|Weavile, M|100\/100\n|-ability|p2a: Weavile|Pressure\n|turn|7\n|\n|t:|1638641339\n|switch|p1a: Corviknight|Corviknight, M|100\/100\n|-ability|p1a: Corviknight|Pressure\n|move|p2a: Weavile|Knock Off|p1a: Corviknight\n|-damage|p1a: Corviknight|74\/100\n|-damage|p2a: Weavile|84\/100|[from] item: Rocky Helmet|[of] p1a: Corviknight\n|-enditem|p1a: Corviknight|Rocky Helmet|[from] move: Knock Off|[of] p2a: Weavile\n|\n|upkeep\n|turn|8\n|\n|t:|1638641347\n|switch|p2a: Zapdos|Zapdos|82\/100 tox\n|move|p1a: Corviknight|U-turn|p2a: Zapdos\n|-resisted|p2a: Zapdos\n|-damage|p2a: Zapdos|77\/100 tox\n|-status|p1a: Corviknight|par|[from] ability: Static|[of] p2a: Zapdos\n|\n|t:|1638641350\n|switch|p1a: Ninetales|Ninetales-Alola, M|100\/100|[from]move: U-turn\n|-weather|Hail|[from] ability: Snow Warning|[of] p1a: Ninetales\n|\n|-weather|Hail|[upkeep]\n|-damage|p2a: Zapdos|71\/100 tox|[from] Hail\n|-damage|p2a: Zapdos|65\/100 tox|[from] psn\n|upkeep\n|turn|9\n|\n|t:|1638641353\n|move|p1a: Ninetales|Aurora Veil|p1a: Ninetales\n|-sidestart|p1: greystaple|move: Aurora Veil\n|move|p2a: Zapdos|Volt Switch|p1a: Ninetales\n|-damage|p1a: Ninetales|86\/100\n|\n|t:|1638641355\n|switch|p2a: Jirachi|Jirachi|100\/100|[from]move: Volt Switch\n|\n|-weather|Hail|[upkeep]\n|-damage|p2a: Jirachi|94\/100|[from] Hail\n|upkeep\n|turn|10\n|\n|t:|1638641361\n|switch|p1a: Arctozolt|Arctozolt, shiny|100\/100\n|move|p2a: Jirachi|U-turn|p1a: Arctozolt\n|-damage|p1a: Arctozolt|88\/100\n|\n|t:|1638641363\n|switch|p2a: Tyranitar|Tyranitar, F|90\/100|[from]move: U-turn\n|-weather|Sandstorm|[from] ability: Sand Stream|[of] p2a: Tyranitar\n|\n|-weather|Sandstorm|[upkeep]\n|-damage|p1a: Arctozolt|81\/100|[from] Sandstorm\n|-heal|p1a: Arctozolt|88\/100|[from] item: Leftovers\n|-heal|p2a: Tyranitar|97\/100|[from] item: Leftovers\n|upkeep\n|turn|11\n|\n|t:|1638641368\n|move|p1a: Arctozolt|Low Kick|p2a: Tyranitar\n|-supereffective|p2a: Tyranitar\n|-damage|p2a: Tyranitar|0 fnt\n|faint|p2a: Tyranitar\n|\n|-weather|Sandstorm|[upkeep]\n|-damage|p1a: Arctozolt|81\/100|[from] Sandstorm\n|-heal|p1a: Arctozolt|88\/100|[from] item: Leftovers\n|upkeep\n|-message|Diameter\u272fXtreme forfeited.\n|\n|win|greystaple\n|raw|greystaple's rating: 1638 &rarr; <strong>1656<\/strong><br \/>(+18 for winning)\n|raw|Diameter\u272fXtreme's rating: 1605 &rarr; <strong>1587<\/strong><br \/>(-18 for losing)\n|l|\u2606Diameter\u272fXtreme\n||Ladder isn't responding, score probably updated but might not have (Request timeout).\n","uploadtime":1638641377,"views":6,"p1id":"greystaple","p2id":"diameterxtreme","formatid":"gen8ou","rating":1587,"private":0,"password":null}