{"id":"gen8uu-1571273204","p1":"UULT92q AK","p2":"BaddyGames","format":"gen8uu","log":"|raw|<div class=\"broadcast-blue\"><strong>This battle is required to be public due to a player having a name starting with 'uult92q'.<\/div>\n|j|\u2606UULT92q AK\n|j|\u2606BaddyGames\n|t:|1652131483\n|gametype|singles\n|player|p1|UULT92q AK|dawn|1401\n|player|p2|BaddyGames|rood|1401\n|teamsize|p1|6\n|teamsize|p2|6\n|gen|8\n|tier|[Gen 8] UU\n|rated|\n|rule|Sleep Clause Mod: Limit one foe put to sleep\n|rule|Species Clause: Limit one of each Pok\u00e9mon\n|rule|OHKO Clause: OHKO moves are banned\n|rule|Evasion Moves Clause: Evasion moves are banned\n|rule|Endless Battle Clause: Forcing endless battles is banned\n|rule|HP Percentage Mod: HP is shown in percentages\n|rule|Dynamax Clause: You cannot dynamax\n|clearpoke\n|poke|p1|Registeel|\n|poke|p1|Nidoking, M|\n|poke|p1|Slowking, M|\n|poke|p1|Zarude-Dada|\n|poke|p1|Salamence, M|\n|poke|p1|Ditto|\n|poke|p2|Noivern, F|\n|poke|p2|Zarude-Dada|\n|poke|p2|Scizor, F|\n|poke|p2|Hippowdon, F|\n|poke|p2|Moltres|\n|poke|p2|Amoonguss, M|\n|teampreview\n|\n|t:|1652131521\n|start\n|switch|p1a: Slowking|Slowking, M|100\/100\n|switch|p2a: Zarude|Zarude-Dada|100\/100\n|turn|1\n|inactive|Battle timer is ON: inactive players will automatically lose when time's up. (requested by BaddyGames)\n|\n|t:|1652131531\n|move|p2a: Zarude|Darkest Lariat|p1a: Slowking\n|-supereffective|p1a: Slowking\n|-enditem|p1a: Slowking|Colbur Berry|[eat]\n|-enditem|p1a: Slowking|Colbur Berry|[weaken]\n|-damage|p1a: Slowking|59\/100\n|move|p1a: Slowking|Teleport|p1a: Slowking\n|j| opela\n|\n|t:|1652131536\n|switch|p1a: Zarude|Zarude-Dada|100\/100|[from]move: Teleport\n|\n|upkeep\n|turn|2\n|\n|t:|1652131539\n|switch|p2a: Moltres|Moltres|100\/100\n|move|p1a: Zarude|U-turn|p2a: Moltres\n|-resisted|p2a: Moltres\n|-damage|p2a: Moltres|94\/100\n|\n|t:|1652131544\n|switch|p1a: Nidoking|Nidoking, M|100\/100|[from]move: U-turn\n|\n|upkeep\n|turn|3\n|\n|t:|1652131562\n|switch|p2a: Scizor|Scizor, F|100\/100\n|move|p1a: Nidoking|Thunderbolt|p2a: Scizor\n|-damage|p2a: Scizor|59\/100\n|\n|upkeep\n|turn|4\n|\n|t:|1652131578\n|move|p2a: Scizor|Bullet Punch|p1a: Nidoking\n|-damage|p1a: Nidoking|67\/100\n|move|p1a: Nidoking|Earth Power|p2a: Scizor\n|-damage|p2a: Scizor|0 fnt\n|faint|p2a: Scizor\n|\n|upkeep\n|\n|t:|1652131584\n|switch|p2a: Zarude|Zarude-Dada|100\/100\n|turn|5\n|\n|t:|1652131588\n|switch|p1a: Salamence|Salamence, M|100\/100\n|-ability|p1a: Salamence|Intimidate|boost\n|-unboost|p2a: Zarude|atk|1\n|move|p2a: Zarude|Darkest Lariat|p1a: Salamence\n|-damage|p1a: Salamence|55\/100\n|\n|upkeep\n|turn|6\n|\n|t:|1652131597\n|switch|p2a: Noivern|Noivern, F|100\/100\n|move|p1a: Salamence|Roost|p1a: Salamence\n|-heal|p1a: Salamence|100\/100\n|-singleturn|p1a: Salamence|move: Roost\n|\n|upkeep\n|turn|7\n|\n|t:|1652131600\n|switch|p1a: Slowking|Slowking, M|92\/100\n|move|p2a: Noivern|U-turn|p1a: Slowking\n|-supereffective|p1a: Slowking\n|-damage|p1a: Slowking|77\/100\n|\n|t:|1652131604\n|switch|p2a: Zarude|Zarude-Dada|100\/100|[from]move: U-turn\n|\n|upkeep\n|turn|8\n|\n|t:|1652131606\n|switch|p1a: Salamence|Salamence, M|100\/100\n|-ability|p1a: Salamence|Intimidate|boost\n|-unboost|p2a: Zarude|atk|1\n|move|p2a: Zarude|U-turn|p1a: Salamence\n|-resisted|p1a: Salamence\n|-damage|p1a: Salamence|88\/100\n|\n|t:|1652131610\n|switch|p2a: Noivern|Noivern, F|100\/100|[from]move: U-turn\n|\n|upkeep\n|turn|9\n|\n|t:|1652131613\n|switch|p1a: Registeel|Registeel|100\/100\n|move|p2a: Noivern|Draco Meteor|p1a: Registeel\n|-resisted|p1a: Registeel\n|-damage|p1a: Registeel|82\/100\n|-unboost|p2a: Noivern|spa|2\n|\n|upkeep\n|turn|10\n|\n|t:|1652131621\n|switch|p1a: Ditto|Ditto|100\/100\n|-transform|p1a: Ditto|p2a: Noivern|[from] ability: Imposter\n|move|p2a: Noivern|U-turn|p1a: Ditto\n|-resisted|p1a: Ditto\n|-damage|p1a: Ditto|93\/100\n|\n|t:|1652131624\n|switch|p2a: Hippowdon|Hippowdon, F|100\/100|[from]move: U-turn\n|-weather|Sandstorm|[from] ability: Sand Stream|[of] p2a: Hippowdon\n|\n|-weather|Sandstorm|[upkeep]\n|-damage|p1a: Ditto|87\/100|[from] Sandstorm\n|upkeep\n|turn|11\n|\n|t:|1652131627\n|move|p1a: Ditto|U-turn|p2a: Hippowdon\n|-damage|p2a: Hippowdon|93\/100\n|\n|t:|1652131630\n|switch|p1a: Zarude|Zarude-Dada|100\/100|[from]move: U-turn\n|move|p2a: Hippowdon|Stealth Rock|p1a: Zarude\n|-sidestart|p1: UULT92q AK|move: Stealth Rock\n|\n|-weather|Sandstorm|[upkeep]\n|-damage|p1a: Zarude|95\/100|[from] Sandstorm\n|-heal|p2a: Hippowdon|99\/100|[from] item: Leftovers\n|upkeep\n|turn|12\n|\n|t:|1652131642\n|move|p1a: Zarude|U-turn|p2a: Hippowdon\n|-damage|p2a: Hippowdon|74\/100\n|\n|t:|1652131645\n|switch|p1a: Salamence|Salamence, M|88\/100|[from]move: U-turn\n|-ability|p1a: Salamence|Intimidate|boost\n|-unboost|p2a: Hippowdon|atk|1\n|move|p2a: Hippowdon|Slack Off|p2a: Hippowdon\n|-heal|p2a: Hippowdon|100\/100\n|\n|-weather|Sandstorm|[upkeep]\n|-damage|p1a: Salamence|82\/100|[from] Sandstorm\n|upkeep\n|turn|13\n|\n|t:|1652131653\n|move|p1a: Salamence|Defog|p2a: Hippowdon\n|-unboost|p2a: Hippowdon|evasion|1\n|-sideend|p1: UULT92q AK|Stealth Rock|[from] move: Defog|[of] p1a: Salamence\n|move|p2a: Hippowdon|Toxic|p1a: Salamence\n|-status|p1a: Salamence|tox\n|\n|-weather|Sandstorm|[upkeep]\n|-damage|p1a: Salamence|76\/100 tox|[from] Sandstorm\n|-damage|p1a: Salamence|70\/100 tox|[from] psn\n|upkeep\n|turn|14\n|\n|t:|1652131656\n|move|p1a: Salamence|Hurricane|p2a: Hippowdon\n|-damage|p2a: Hippowdon|71\/100\n|move|p2a: Hippowdon|Stealth Rock|p1a: Salamence\n|-sidestart|p1: UULT92q AK|move: Stealth Rock\n|\n|-weather|none\n|-heal|p2a: Hippowdon|77\/100|[from] item: Leftovers\n|-damage|p1a: Salamence|57\/100 tox|[from] psn\n|upkeep\n|turn|15\n|\n|t:|1652131660\n|move|p1a: Salamence|Roost|p1a: Salamence\n|-heal|p1a: Salamence|100\/100 tox\n|-singleturn|p1a: Salamence|move: Roost\n|move|p2a: Hippowdon|Earthquake|p1a: Salamence\n|-damage|p1a: Salamence|74\/100 tox\n|\n|-heal|p2a: Hippowdon|83\/100|[from] item: Leftovers\n|-damage|p1a: Salamence|56\/100 tox|[from] psn\n|upkeep\n|turn|16\n|\n|t:|1652131669\n|switch|p1a: Slowking|Slowking, M|100\/100\n|-damage|p1a: Slowking|88\/100|[from] Stealth Rock\n|move|p2a: Hippowdon|Toxic|p1a: Slowking\n|-status|p1a: Slowking|tox\n|\n|-heal|p2a: Hippowdon|90\/100|[from] item: Leftovers\n|-damage|p1a: Slowking|82\/100 tox|[from] psn\n|upkeep\n|turn|17\n|\n|t:|1652131676\n|move|p2a: Hippowdon|Earthquake|p1a: Slowking\n|-damage|p1a: Slowking|63\/100 tox\n|move|p1a: Slowking|Future Sight|p2a: Hippowdon\n|-start|p1a: Slowking|move: Future Sight\n|\n|-heal|p2a: Hippowdon|96\/100|[from] item: Leftovers\n|-damage|p1a: Slowking|51\/100 tox|[from] psn\n|upkeep\n|turn|18\n|\n|t:|1652131681\n|switch|p2a: Zarude|Zarude-Dada|100\/100\n|move|p1a: Slowking|Teleport|p1a: Slowking\n|\n|t:|1652131684\n|switch|p1a: Zarude|Zarude-Dada|95\/100|[from]move: Teleport\n|-damage|p1a: Zarude|82\/100|[from] Stealth Rock\n|\n|upkeep\n|turn|19\n|\n|t:|1652131692\n|switch|p2a: Moltres|Moltres|94\/100\n|move|p1a: Zarude|U-turn|p2a: Moltres\n|-resisted|p2a: Moltres\n|-damage|p2a: Moltres|89\/100\n|-status|p1a: Zarude|brn|[from] ability: Flame Body|[of] p2a: Moltres\n|\n|t:|1652131699\n|switch|p1a: Ditto|Ditto|87\/100|[from]move: U-turn\n|-damage|p1a: Ditto|75\/100|[from] Stealth Rock\n|-transform|p1a: Ditto|p2a: Moltres|[from] ability: Imposter\n|\n|-end|p2a: Moltres|move: Future Sight\n|-damage|p2a: Moltres|47\/100\n|upkeep\n|turn|20\n|\n|t:|1652131705\n|move|p1a: Ditto|Defog|p2a: Moltres\n|-unboost|p2a: Moltres|evasion|1\n|-sideend|p1: UULT92q AK|Stealth Rock|[from] move: Defog|[of] p1a: Ditto\n|move|p2a: Moltres|Roost|p2a: Moltres\n|-heal|p2a: Moltres|98\/100\n|-singleturn|p2a: Moltres|move: Roost\n|\n|upkeep\n|turn|21\n|\n|t:|1652131709\n|switch|p1a: Slowking|Slowking, M|85\/100 tox\n|move|p2a: Moltres|U-turn|p1a: Slowking\n|-supereffective|p1a: Slowking\n|-damage|p1a: Slowking|64\/100 tox\n|\n|t:|1652131711\n|switch|p2a: Zarude|Zarude-Dada|100\/100|[from]move: U-turn\n|\n|-damage|p1a: Slowking|58\/100 tox|[from] psn\n|upkeep\n|turn|22\n|\n|t:|1652131714\n|switch|p1a: Zarude|Zarude-Dada|82\/100 brn\n|move|p2a: Zarude|U-turn|p1a: Zarude\n|-supereffective|p1a: Zarude\n|-damage|p1a: Zarude|0 fnt\n|faint|p1a: Zarude\n|\n|t:|1652131724\n|switch|p2a: Hippowdon|Hippowdon, F|96\/100|[from]move: U-turn\n|-weather|Sandstorm|[from] ability: Sand Stream|[of] p2a: Hippowdon\n|\n|-weather|Sandstorm|[upkeep]\n|-heal|p2a: Hippowdon|100\/100|[from] item: Leftovers\n|upkeep\n|\n|t:|1652131739\n|switch|p1a: Registeel|Registeel|82\/100\n|turn|23\n|\n|t:|1652131751\n|move|p1a: Registeel|Amnesia|p1a: Registeel\n|-boost|p1a: Registeel|spd|2\n|move|p2a: Hippowdon|Earthquake|p1a: Registeel\n|-supereffective|p1a: Registeel\n|-damage|p1a: Registeel|39\/100\n|\n|-weather|Sandstorm|[upkeep]\n|upkeep\n|turn|24\n|\n|t:|1652131759\n|move|p1a: Registeel|Iron Defense|p1a: Registeel\n|-boost|p1a: Registeel|def|2\n|move|p2a: Hippowdon|Earthquake|p1a: Registeel\n|-supereffective|p1a: Registeel\n|-damage|p1a: Registeel|19\/100\n|\n|-weather|Sandstorm|[upkeep]\n|upkeep\n|turn|25\n|\n|t:|1652131772\n|switch|p2a: Zarude|Zarude-Dada|100\/100\n|move|p1a: Registeel|Rest|p1a: Registeel\n|-status|p1a: Registeel|slp|[from] move: Rest\n|-heal|p1a: Registeel|100\/100 slp|[silent]\n|-enditem|p1a: Registeel|Chesto Berry|[eat]\n|-curestatus|p1a: Registeel|slp|[msg]\n|\n|-weather|Sandstorm|[upkeep]\n|-damage|p2a: Zarude|95\/100|[from] Sandstorm\n|upkeep\n|turn|26\n|\n|t:|1652131777\n|move|p2a: Zarude|U-turn|p1a: Registeel\n|-resisted|p1a: Registeel\n|-damage|p1a: Registeel|96\/100\n|\n|t:|1652131779\n|switch|p2a: Moltres|Moltres|98\/100|[from]move: U-turn\n|move|p1a: Registeel|Body Press|p2a: Moltres\n|-resisted|p2a: Moltres\n|-damage|p2a: Moltres|76\/100\n|-status|p1a: Registeel|brn|[from] ability: Flame Body|[of] p2a: Moltres\n|\n|-weather|none\n|-damage|p1a: Registeel|90\/100 brn|[from] brn\n|upkeep\n|turn|27\n|\n|t:|1652131782\n|move|p2a: Moltres|Flamethrower|p1a: Registeel\n|-supereffective|p1a: Registeel\n|-damage|p1a: Registeel|64\/100 brn\n|move|p1a: Registeel|Amnesia|p1a: Registeel\n|-boost|p1a: Registeel|spd|2\n|\n|-damage|p1a: Registeel|58\/100 brn|[from] brn\n|upkeep\n|turn|28\n|\n|t:|1652131785\n|move|p2a: Moltres|Flamethrower|p1a: Registeel\n|-supereffective|p1a: Registeel\n|-damage|p1a: Registeel|42\/100 brn\n|move|p1a: Registeel|Iron Defense|p1a: Registeel\n|-boost|p1a: Registeel|def|2\n|\n|-damage|p1a: Registeel|36\/100 brn|[from] brn\n|upkeep\n|turn|29\n|\n|t:|1652131787\n|move|p2a: Moltres|Flamethrower|p1a: Registeel\n|-supereffective|p1a: Registeel\n|-damage|p1a: Registeel|20\/100 brn\n|move|p1a: Registeel|Rest|p1a: Registeel\n|-status|p1a: Registeel|slp|[from] move: Rest\n|-heal|p1a: Registeel|100\/100 slp|[silent]\n|\n|upkeep\n|turn|30\n|\n|t:|1652131792\n|move|p2a: Moltres|U-turn|p1a: Registeel\n|-resisted|p1a: Registeel\n|-damage|p1a: Registeel|99\/100 slp\n|\n|t:|1652131793\n|switch|p2a: Zarude|Zarude-Dada|95\/100|[from]move: U-turn\n|cant|p1a: Registeel|slp\n|\n|upkeep\n|turn|31\n|\n|t:|1652131796\n|move|p2a: Zarude|Darkest Lariat|p1a: Registeel\n|-damage|p1a: Registeel|68\/100 slp\n|cant|p1a: Registeel|slp\n|\n|upkeep\n|turn|32\n|\n|t:|1652131800\n|switch|p2a: Moltres|Moltres|76\/100\n|-curestatus|p1a: Registeel|slp|[msg]\n|move|p1a: Registeel|Body Press|p2a: Moltres\n|-resisted|p2a: Moltres\n|-damage|p2a: Moltres|39\/100\n|\n|upkeep\n|turn|33\n|\n|t:|1652131804\n|move|p2a: Moltres|Flamethrower|p1a: Registeel\n|-supereffective|p1a: Registeel\n|-crit|p1a: Registeel\n|-damage|p1a: Registeel|0 fnt\n|faint|p1a: Registeel\n|\n|upkeep\n|\n|t:|1652131808\n|switch|p1a: Nidoking|Nidoking, M|67\/100\n|turn|34\n|\n|t:|1652131817\n|move|p1a: Nidoking|Sludge Wave|p2a: Moltres\n|-damage|p2a: Moltres|0 fnt\n|faint|p2a: Moltres\n|\n|upkeep\n|\n|t:|1652131821\n|switch|p2a: Zarude|Zarude-Dada|95\/100\n|turn|35\n|\n|t:|1652131825\n|switch|p1a: Ditto|Ditto|75\/100\n|-transform|p1a: Ditto|p2a: Zarude|[from] ability: Imposter\n|move|p2a: Zarude|Darkest Lariat|p1a: Ditto\n|-resisted|p1a: Ditto\n|-damage|p1a: Ditto|43\/100\n|\n|upkeep\n|turn|36\n|\n|t:|1652131831\n|switch|p1a: Nidoking|Nidoking, M|67\/100\n|switch|p2a: Amoonguss|Amoonguss, M|100\/100\n|\n|upkeep\n|turn|37\n|\n|t:|1652131840\n|move|p1a: Nidoking|Sludge Wave|p2a: Amoonguss\n|-damage|p2a: Amoonguss|35\/100\n|move|p2a: Amoonguss|Spore|p1a: Nidoking\n|-status|p1a: Nidoking|slp|[from] move: Spore\n|\n|upkeep\n|turn|38\n|\n|t:|1652131844\n|switch|p2a: Zarude|Zarude-Dada|95\/100\n|cant|p1a: Nidoking|slp\n|\n|upkeep\n|turn|39\n|\n|t:|1652131847\n|switch|p1a: Ditto|Ditto|43\/100\n|-transform|p1a: Ditto|p2a: Zarude|[from] ability: Imposter\n|move|p2a: Zarude|Darkest Lariat|p1a: Ditto\n|-resisted|p1a: Ditto\n|-damage|p1a: Ditto|7\/100\n|\n|upkeep\n|turn|40\n|\n|t:|1652131850\n|switch|p1a: Nidoking|Nidoking, M|67\/100 slp\n|switch|p2a: Amoonguss|Amoonguss, M|68\/100\n|\n|upkeep\n|turn|41\n|\n|t:|1652131857\n|switch|p2a: Hippowdon|Hippowdon, F|100\/100\n|-weather|Sandstorm|[from] ability: Sand Stream|[of] p2a: Hippowdon\n|cant|p1a: Nidoking|slp\n|\n|-weather|Sandstorm|[upkeep]\n|upkeep\n|turn|42\n|\n|t:|1652131863\n|switch|p2a: Zarude|Zarude-Dada|95\/100\n|-curestatus|p1a: Nidoking|slp|[msg]\n|move|p1a: Nidoking|Earth Power|p2a: Zarude\n|-resisted|p2a: Zarude\n|-crit|p2a: Zarude\n|-damage|p2a: Zarude|45\/100\n|\n|-weather|Sandstorm|[upkeep]\n|-damage|p2a: Zarude|39\/100|[from] Sandstorm\n|upkeep\n|turn|43\n|\n|t:|1652131869\n|switch|p1a: Ditto|Ditto|7\/100\n|-transform|p1a: Ditto|p2a: Zarude|[from] ability: Imposter\n|move|p2a: Zarude|Darkest Lariat|p1a: Ditto\n|-resisted|p1a: Ditto\n|-damage|p1a: Ditto|0 fnt\n|faint|p1a: Ditto\n|\n|-weather|Sandstorm|[upkeep]\n|-damage|p2a: Zarude|33\/100|[from] Sandstorm\n|upkeep\n|\n|t:|1652131874\n|switch|p1a: Salamence|Salamence, M|56\/100 tox\n|-ability|p1a: Salamence|Intimidate|boost\n|-unboost|p2a: Zarude|atk|1\n|turn|44\n|\n|t:|1652131881\n|switch|p2a: Noivern|Noivern, F|100\/100\n|switch|p1a: Nidoking|Nidoking, M|67\/100\n|\n|-weather|Sandstorm|[upkeep]\n|-damage|p2a: Noivern|94\/100|[from] Sandstorm\n|upkeep\n|turn|45\n|\n|t:|1652131891\n|switch|p1a: Slowking|Slowking, M|91\/100 tox\n|move|p2a: Noivern|U-turn|p1a: Slowking\n|-supereffective|p1a: Slowking\n|-damage|p1a: Slowking|76\/100 tox\n|\n|t:|1652131894\n|switch|p2a: Zarude|Zarude-Dada|33\/100|[from]move: U-turn\n|\n|-weather|none\n|-damage|p1a: Slowking|70\/100 tox|[from] psn\n|upkeep\n|turn|46\n|-message|UULT92q AK forfeited.\n|\n|win|BaddyGames\n|raw|UULT92q AK's rating: 1401 &rarr; <strong>1381<\/strong><br \/>(-20 for losing)\n|raw|BaddyGames's rating: 1401 &rarr; <strong>1421<\/strong><br \/>(+20 for winning)\n|l|\u2606UULT92q AK\n","uploadtime":1652131903,"views":11,"p1id":"uult92qak","p2id":"baddygames","formatid":"gen8uu","rating":1381,"private":0,"password":null}