{"id":"gen8ou-1678703729","p1":"dragunv","p2":"Daevank5","format":"gen8ou","log":"|j|\u2606dragunv\n|j|\u2606Daevank5\n|t:|1665015310\n|gametype|singles\n|player|p1|dragunv|wallace|1709\n|player|p2|Daevank5|workerice|1795\n|teamsize|p1|6\n|teamsize|p2|6\n|gen|8\n|tier|[Gen 8] OU\n|rated|\n|rule|Sleep Clause Mod: Limit one foe put to sleep\n|rule|Species Clause: Limit one of each Pok\u00e9mon\n|rule|OHKO Clause: OHKO moves are banned\n|rule|Evasion Items Clause: Evasion items are banned\n|rule|Evasion Moves Clause: Evasion moves are banned\n|rule|Endless Battle Clause: Forcing endless battles is banned\n|rule|HP Percentage Mod: HP is shown in percentages\n|rule|Dynamax Clause: You cannot dynamax\n|clearpoke\n|poke|p1|Hydreigon, F|\n|poke|p1|Mudsdale, M|\n|poke|p1|Dragapult, M|\n|poke|p1|Slowking-Galar, F|\n|poke|p1|Kartana|\n|poke|p1|Tapu Fini|\n|poke|p2|Mienshao, F|\n|poke|p2|Slowking, M|\n|poke|p2|Heatran, M|\n|poke|p2|Tyranitar, F|\n|poke|p2|Tornadus-Therian, M|\n|poke|p2|Zeraora|\n|teampreview\n|\n|t:|1665015317\n|start\n|switch|p1a: Hydreigon|Hydreigon, F|100\/100\n|switch|p2a: Mienshao|Mienshao, F|100\/100\n|turn|1\n|inactive|Battle timer is ON: inactive players will automatically lose when time's up. (requested by Daevank5)\n|\n|t:|1665015326\n|switch|p1a: Mudsdale|Mudsdale, M, shiny|100\/100\n|move|p2a: Mienshao|Knock Off|p1a: Mudsdale\n|-damage|p1a: Mudsdale|65\/100\n|-ability|p1a: Mudsdale|Stamina|boost\n|-boost|p1a: Mudsdale|def|1\n|-enditem|p1a: Mudsdale|Iapapa Berry|[from] move: Knock Off|[of] p2a: Mienshao\n|\n|upkeep\n|turn|2\n|\n|t:|1665015336\n|switch|p2a: Slowking|Slowking, M|100\/100\n|move|p1a: Mudsdale|Stealth Rock|p2a: Slowking\n|-sidestart|p2: Daevank5|move: Stealth Rock\n|\n|upkeep\n|turn|3\n|\n|t:|1665015350\n|switch|p1a: Hydreigon|Hydreigon, F|100\/100\n|move|p2a: Slowking|Teleport|p2a: Slowking\n|\n|t:|1665015353\n|switch|p2a: Mienshao|Mienshao, F|100\/100|[from]move: Teleport\n|-damage|p2a: Mienshao|95\/100|[from] Stealth Rock\n|\n|upkeep\n|turn|4\n|\n|t:|1665015358\n|switch|p1a: Mudsdale|Mudsdale, M, shiny|65\/100\n|move|p2a: Mienshao|High Jump Kick|p1a: Mudsdale\n|-damage|p1a: Mudsdale|0 fnt\n|faint|p1a: Mudsdale\n|\n|upkeep\n|\n|t:|1665015375\n|switch|p1a: Dragapult|Dragapult, M, shiny|100\/100\n|turn|5\n|\n|t:|1665015380\n|switch|p2a: Tyranitar|Tyranitar, F|100\/100\n|-damage|p2a: Tyranitar|88\/100|[from] Stealth Rock\n|-weather|Sandstorm|[from] ability: Sand Stream|[of] p2a: Tyranitar\n|move|p1a: Dragapult|Dragon Darts|p2a: Tyranitar\n|-damage|p2a: Tyranitar|61\/100\n|-anim|p1a: Dragapult|Dragon Darts|p2a: Tyranitar\n|-damage|p2a: Tyranitar|33\/100\n|-damage|p1a: Dragapult|91\/100|[from] item: Life Orb\n|\n|-weather|Sandstorm|[upkeep]\n|-damage|p1a: Dragapult|85\/100|[from] Sandstorm\n|-heal|p2a: Tyranitar|39\/100|[from] item: Leftovers\n|upkeep\n|turn|6\n|\n|t:|1665015394\n|switch|p1a: Hydreigon|Hydreigon, F|100\/100\n|switch|p2a: Heatran|Heatran, M|100\/100\n|-damage|p2a: Heatran|88\/100|[from] Stealth Rock\n|\n|-weather|Sandstorm|[upkeep]\n|-damage|p1a: Hydreigon|94\/100|[from] Sandstorm\n|-heal|p2a: Heatran|94\/100|[from] item: Leftovers\n|upkeep\n|turn|7\n|\n|t:|1665015404\n|switch|p2a: Slowking|Slowking, M|100\/100\n|move|p1a: Hydreigon|Dark Pulse|p2a: Slowking\n|-supereffective|p2a: Slowking\n|-damage|p2a: Slowking|26\/100\n|\n|-weather|Sandstorm|[upkeep]\n|-damage|p1a: Hydreigon|88\/100|[from] Sandstorm\n|-damage|p2a: Slowking|20\/100|[from] Sandstorm\n|upkeep\n|turn|8\n|\n|t:|1665015412\n|move|p1a: Hydreigon|Dark Pulse|p2a: Slowking\n|-supereffective|p2a: Slowking\n|-damage|p2a: Slowking|0 fnt\n|faint|p2a: Slowking\n|\n|-weather|Sandstorm|[upkeep]\n|-damage|p1a: Hydreigon|82\/100|[from] Sandstorm\n|upkeep\n|\n|t:|1665015420\n|switch|p2a: Zeraora|Zeraora|100\/100\n|turn|9\n|\n|t:|1665015436\n|move|p2a: Zeraora|Bulk Up|p2a: Zeraora\n|-boost|p2a: Zeraora|atk|1\n|-boost|p2a: Zeraora|def|1\n|move|p1a: Hydreigon|Dark Pulse|p2a: Zeraora\n|-damage|p2a: Zeraora|24\/100\n|\n|-weather|none\n|upkeep\n|turn|10\n|\n|t:|1665015448\n|move|p2a: Zeraora|Close Combat|p1a: Hydreigon\n|-supereffective|p1a: Hydreigon\n|-damage|p1a: Hydreigon|0 fnt\n|-unboost|p2a: Zeraora|def|1\n|-unboost|p2a: Zeraora|spd|1\n|faint|p1a: Hydreigon\n|\n|upkeep\n|\n|t:|1665015454\n|switch|p1a: Dragapult|Dragapult, M, shiny|85\/100\n|turn|11\n|\n|t:|1665015457\n|switch|p2a: Heatran|Heatran, M|94\/100\n|-damage|p2a: Heatran|82\/100|[from] Stealth Rock\n|move|p1a: Dragapult|Sucker Punch||[still]\n|-fail|p1a: Dragapult\n|\n|-heal|p2a: Heatran|88\/100|[from] item: Leftovers\n|upkeep\n|turn|12\n|\n|t:|1665015465\n|switch|p1a: Tapu Fini|Tapu Fini|100\/100\n|-fieldstart|move: Misty Terrain|[from] ability: Misty Surge|[of] p1a: Tapu Fini\n|move|p2a: Heatran|Heavy Slam|p1a: Tapu Fini\n|-damage|p1a: Tapu Fini|65\/100\n|\n|-heal|p2a: Heatran|94\/100|[from] item: Leftovers\n|upkeep\n|turn|13\n|\n|t:|1665015495\n|switch|p2a: Tornadus|Tornadus-Therian, M|100\/100\n|move|p1a: Tapu Fini|Moonblast|p2a: Tornadus\n|-damage|p2a: Tornadus|57\/100\n|\n|upkeep\n|turn|14\n|\n|t:|1665015501\n|move|p1a: Tapu Fini|Moonblast|p2a: Tornadus\n|-damage|p2a: Tornadus|16\/100\n|-unboost|p2a: Tornadus|spa|1\n|move|p2a: Tornadus|Knock Off|p1a: Tapu Fini\n|-resisted|p1a: Tapu Fini\n|-damage|p1a: Tapu Fini|56\/100\n|-enditem|p1a: Tapu Fini|Choice Scarf|[from] move: Knock Off|[of] p2a: Tornadus\n|\n|upkeep\n|turn|15\n|\n|t:|1665015511\n|switch|p2a: Tyranitar|Tyranitar, F|39\/100\n|-damage|p2a: Tyranitar|27\/100|[from] Stealth Rock\n|-weather|Sandstorm|[from] ability: Sand Stream|[of] p2a: Tyranitar\n|move|p1a: Tapu Fini|Moonblast|p2a: Tyranitar\n|-supereffective|p2a: Tyranitar\n|-damage|p2a: Tyranitar|0 fnt\n|faint|p2a: Tyranitar\n|\n|-weather|Sandstorm|[upkeep]\n|-damage|p1a: Tapu Fini|50\/100|[from] Sandstorm\n|upkeep\n|\n|t:|1665015513\n|switch|p2a: Zeraora|Zeraora|24\/100\n|turn|16\n|\n|t:|1665015533\n|move|p2a: Zeraora|Plasma Fists|p1a: Tapu Fini\n|-supereffective|p1a: Tapu Fini\n|-damage|p1a: Tapu Fini|0 fnt\n|-fieldactivate|move: Ion Deluge\n|-hint|Normal-type moves become Electric-type after using Plasma Fists.\n|faint|p1a: Tapu Fini\n|\n|-weather|Sandstorm|[upkeep]\n|-damage|p2a: Zeraora|18\/100|[from] Sandstorm\n|-fieldend|Misty Terrain\n|upkeep\n|inactive|dragunv has 120 seconds left.\n|\n|t:|1665015554\n|switch|p1a: Dragapult|Dragapult, M, shiny|85\/100\n|turn|17\n|\n|t:|1665015559\n|switch|p2a: Heatran|Heatran, M|94\/100\n|-damage|p2a: Heatran|82\/100|[from] Stealth Rock\n|move|p1a: Dragapult|Sucker Punch||[still]\n|-fail|p1a: Dragapult\n|\n|-weather|Sandstorm|[upkeep]\n|-damage|p1a: Dragapult|79\/100|[from] Sandstorm\n|-heal|p2a: Heatran|88\/100|[from] item: Leftovers\n|upkeep\n|turn|18\n|inactive|dragunv has 120 seconds left.\n|\n|t:|1665015577\n|switch|p1a: Slowking|Slowking-Galar, F|100\/100\n|move|p2a: Heatran|Will-O-Wisp|p1a: Slowking\n|-status|p1a: Slowking|brn\n|\n|-weather|Sandstorm|[upkeep]\n|-damage|p1a: Slowking|94\/100 brn|[from] Sandstorm\n|-heal|p2a: Heatran|94\/100|[from] item: Leftovers\n|-damage|p1a: Slowking|88\/100 brn|[from] brn\n|upkeep\n|turn|19\n|inactive|dragunv has 120 seconds left.\n|\n|t:|1665015587\n|switch|p2a: Mienshao|Mienshao, F|95\/100\n|-damage|p2a: Mienshao|89\/100|[from] Stealth Rock\n|move|p1a: Slowking|Hydro Pump|p2a: Mienshao\n|-damage|p2a: Mienshao|21\/100\n|\n|-weather|none\n|-damage|p1a: Slowking|82\/100 brn|[from] brn\n|upkeep\n|turn|20\n|inactive|dragunv has 120 seconds left.\n|\n|t:|1665015598\n|switch|p1a: Kartana|Kartana|100\/100\n|move|p2a: Mienshao|Knock Off|p1a: Kartana\n|-damage|p1a: Kartana|55\/100\n|-enditem|p1a: Kartana|Life Orb|[from] move: Knock Off|[of] p2a: Mienshao\n|\n|upkeep\n|turn|21\n|inactive|dragunv has 120 seconds left.\n|\n|t:|1665015614\n|switch|p2a: Heatran|Heatran, M|94\/100\n|-damage|p2a: Heatran|82\/100|[from] Stealth Rock\n|move|p1a: Kartana|Knock Off|p2a: Heatran\n|-damage|p2a: Heatran|60\/100\n|-enditem|p2a: Heatran|Leftovers|[from] move: Knock Off|[of] p1a: Kartana\n|\n|upkeep\n|turn|22\n|inactive|dragunv has 120 seconds left.\n|j| I'M AT MY LIMIT!\n|\n|t:|1665015625\n|switch|p1a: Slowking|Slowking-Galar, F|100\/100 brn\n|switch|p2a: Tornadus|Tornadus-Therian, M|49\/100\n|\n|-damage|p1a: Slowking|94\/100 brn|[from] brn\n|upkeep\n|turn|23\n|inactive|dragunv has 120 seconds left.\n|\n|t:|1665015631\n|move|p2a: Tornadus|Defog|p1a: Slowking\n|-unboost|p1a: Slowking|evasion|1\n|-sideend|p2: Daevank5|Stealth Rock|[from] move: Defog|[of] p2a: Tornadus\n|move|p1a: Slowking|Future Sight|p2a: Tornadus\n|-start|p1a: Slowking|move: Future Sight\n|\n|-damage|p1a: Slowking|88\/100 brn|[from] brn\n|upkeep\n|turn|24\n|\n|t:|1665015638\n|move|p2a: Tornadus|Knock Off|p1a: Slowking\n|-supereffective|p1a: Slowking\n|-damage|p1a: Slowking|45\/100 brn\n|-enditem|p1a: Slowking|Assault Vest|[from] move: Knock Off|[of] p2a: Tornadus\n|move|p1a: Slowking|Sludge Wave|p2a: Tornadus\n|-damage|p2a: Tornadus|0 fnt\n|faint|p2a: Tornadus\n|\n|-damage|p1a: Slowking|39\/100 brn|[from] brn\n|upkeep\n|\n|t:|1665015644\n|switch|p2a: Mienshao|Mienshao, F|21\/100\n|turn|25\n|\n|t:|1665015655\n|switch|p1a: Kartana|Kartana|55\/100\n|move|p2a: Mienshao|U-turn|p1a: Kartana\n|-damage|p1a: Kartana|21\/100\n|\n|t:|1665015657\n|switch|p2a: Heatran|Heatran, M|60\/100|[from]move: U-turn\n|\n|-end|p2a: Heatran|move: Future Sight\n|-resisted|p2a: Heatran\n|-damage|p2a: Heatran|34\/100\n|upkeep\n|turn|26\n|\n|t:|1665015667\n|switch|p1a: Slowking|Slowking-Galar, F|72\/100 brn\n|switch|p2a: Mienshao|Mienshao, F|21\/100\n|\n|-damage|p1a: Slowking|66\/100 brn|[from] brn\n|upkeep\n|turn|27\n|\n|t:|1665015674\n|switch|p1a: Kartana|Kartana|21\/100\n|move|p2a: Mienshao|Knock Off|p1a: Kartana\n|-damage|p1a: Kartana|0 fnt\n|faint|p1a: Kartana\n|\n|upkeep\n|\n|t:|1665015679\n|switch|p1a: Dragapult|Dragapult, M, shiny|79\/100\n|turn|28\n|\n|t:|1665015684\n|switch|p2a: Zeraora|Zeraora|18\/100\n|move|p1a: Dragapult|Dragon Darts|p2a: Zeraora\n|-crit|p2a: Zeraora\n|-damage|p2a: Zeraora|0 fnt\n|faint|p2a: Zeraora\n|-damage|p1a: Dragapult|69\/100|[from] item: Life Orb\n|\n|upkeep\n|\n|t:|1665015686\n|switch|p2a: Heatran|Heatran, M|34\/100\n|turn|29\n|\n|t:|1665015694\n|switch|p1a: Slowking|Slowking-Galar, F|99\/100 brn\n|move|p2a: Heatran|Heavy Slam|p1a: Slowking\n|-damage|p1a: Slowking|57\/100 brn\n|\n|-damage|p1a: Slowking|51\/100 brn|[from] brn\n|upkeep\n|turn|30\n|\n|t:|1665015701\n|move|p2a: Heatran|Heavy Slam|p1a: Slowking\n|-damage|p1a: Slowking|11\/100 brn\n|move|p1a: Slowking|Hydro Pump|p2a: Heatran\n|-supereffective|p2a: Heatran\n|-damage|p2a: Heatran|0 fnt\n|faint|p2a: Heatran\n|\n|-damage|p1a: Slowking|5\/100 brn|[from] brn\n|upkeep\n|j| Itsyaboiowen\n|\n|t:|1665015704\n|switch|p2a: Mienshao|Mienshao, F|21\/100\n|turn|31\n|-message|Daevank5 forfeited.\n|\n|win|dragunv\n|raw|dragunv's rating: 1709 &rarr; <strong>1734<\/strong><br \/>(+25 for winning)\n|raw|Daevank5's rating: 1795 &rarr; <strong>1770<\/strong><br \/>(-25 for losing)\n|l|\u2606Daevank5\n|l| Itsyaboiowen\n||Ladder isn't responding, score probably updated but might not have (Request timeout).\n","uploadtime":1665015717,"views":19,"p1id":"dragunv","p2id":"daevank5","formatid":"gen8ou","rating":1734,"private":0,"password":null}