{"id":"gen8bdspou-1466495443","p1":"Juanpe","p2":"VirginJimmy99","format":"gen8bdspou","log":"|html|<div class=\"broadcast-blue\"><strong>[Gen 8 BDSP] OU is currently suspecting Latios! For information on how to participate check out the <a href=\"https:\/\/www.smogon.com\/forums\/threads\/np-bdsp-ou-suspect-process-round-1-mr-blue-sky.3694109\/\">suspect thread<\/a>.<\/strong><\/div>\n|j|\u2606Juanpe\n|j|\u2606VirginJimmy99\n|t:|1638631835\n|gametype|singles\n|player|p1|Juanpe|101|1251\n|player|p2|VirginJimmy99|rocketgrunt|1322\n|teamsize|p1|6\n|teamsize|p2|6\n|gen|8\n|tier|[Gen 8 BDSP] OU\n|rated|\n|rule|Sleep Clause Mod: Limit one foe put to sleep\n|rule|Species Clause: Limit one of each Pok\u00e9mon\n|rule|OHKO Clause: OHKO moves are banned\n|rule|Evasion Moves Clause: Evasion moves are banned\n|rule|Endless Battle Clause: Forcing endless battles is banned\n|rule|HP Percentage Mod: HP is shown in percentages\n|clearpoke\n|poke|p1|Heatran, F|\n|poke|p1|Scizor, F|\n|poke|p1|Gliscor, F|\n|poke|p1|Clefable, F|\n|poke|p1|Latios, M|\n|poke|p1|Breloom, M|\n|poke|p2|Purugly, M|\n|poke|p2|Shuckle, M|\n|poke|p2|Gengar, F|\n|poke|p2|Honchkrow, M|\n|poke|p2|Garchomp, F|\n|poke|p2|Manaphy|\n|teampreview\n|\n|t:|1638631872\n|start\n|switch|p1a: Breloom|Breloom, M|100\/100\n|switch|p2a: Shuckle|Shuckle, M|100\/100\n|turn|1\n|\n|t:|1638631884\n|move|p1a: Breloom|Spore|p2a: Shuckle\n|-status|p2a: Shuckle|slp|[from] move: Spore\n|cant|p2a: Shuckle|slp\n|\n|upkeep\n|turn|2\n|\n|t:|1638631890\n|move|p1a: Breloom|Swords Dance|p1a: Breloom\n|-boost|p1a: Breloom|atk|2\n|cant|p2a: Shuckle|slp\n|\n|upkeep\n|turn|3\n|\n|t:|1638631899\n|move|p1a: Breloom|Swords Dance|p1a: Breloom\n|-boost|p1a: Breloom|atk|2\n|-curestatus|p2a: Shuckle|slp|[msg]\n|move|p2a: Shuckle|Stealth Rock|p1a: Breloom\n|-sidestart|p1: Juanpe|move: Stealth Rock\n|\n|upkeep\n|turn|4\n|\n|t:|1638631903\n|move|p1a: Breloom|Spore|p2a: Shuckle\n|-status|p2a: Shuckle|slp|[from] move: Spore\n|cant|p2a: Shuckle|slp\n|\n|upkeep\n|turn|5\n|\n|t:|1638631906\n|move|p1a: Breloom|Swords Dance|p1a: Breloom\n|-boost|p1a: Breloom|atk|2\n|cant|p2a: Shuckle|slp\n|\n|upkeep\n|turn|6\n|\n|t:|1638631909\n|move|p1a: Breloom|Bullet Seed|p2a: Shuckle\n|-damage|p2a: Shuckle|52\/100 slp\n|-damage|p2a: Shuckle|9\/100 slp\n|-damage|p2a: Shuckle|0 fnt\n|faint|p2a: Shuckle\n|-hitcount|p2: Shuckle|3\n|\n|upkeep\n|c|\u2606Juanpe|prepare ur anus\n|\n|t:|1638631931\n|switch|p2a: Garchomp|Garchomp, F|100\/100\n|turn|7\n|\n|t:|1638631943\n|move|p1a: Breloom|Mach Punch|p2a: Garchomp\n|-damage|p2a: Garchomp|0 fnt\n|-damage|p1a: Breloom|88\/100|[from] ability: Rough Skin|[of] p2a: Garchomp\n|faint|p2a: Garchomp\n|\n|upkeep\n|\n|t:|1638631967\n|switch|p2a: Gengar|Gengar, F|100\/100\n|turn|8\n|c|\u2606Juanpe|inteligent boi\n|\n|t:|1638631972\n|switch|p1a: Heatran|Heatran, F, shiny|100\/100\n|-damage|p1a: Heatran|88\/100|[from] Stealth Rock\n|move|p2a: Gengar|Sludge Bomb|p1a: Heatran\n|-immune|p1a: Heatran\n|\n|-heal|p1a: Heatran|94\/100|[from] item: Leftovers\n|upkeep\n|turn|9\n|\n|t:|1638631998\n|switch|p2a: Purugly|Purugly, M|100\/100\n|move|p1a: Heatran|Earth Power|p2a: Purugly\n|-damage|p2a: Purugly|53\/100\n|\n|-heal|p1a: Heatran|100\/100|[from] item: Leftovers\n|upkeep\n|turn|10\n|\n|t:|1638632001\n|move|p2a: Purugly|Body Slam|p1a: Heatran\n|-resisted|p1a: Heatran\n|-damage|p1a: Heatran|81\/100\n|-status|p1a: Heatran|par\n|cant|p1a: Heatran|par\n|\n|-heal|p1a: Heatran|87\/100 par|[from] item: Leftovers\n|upkeep\n|turn|11\n|\n|t:|1638632006\n|switch|p2a: Manaphy|Manaphy|100\/100\n|move|p1a: Heatran|Magma Storm|p2a: Manaphy|[miss]\n|-miss|p1a: Heatran|p2a: Manaphy\n|\n|-heal|p1a: Heatran|94\/100 par|[from] item: Leftovers\n|upkeep\n|turn|12\n|\n|t:|1638632010\n|move|p2a: Manaphy|Tail Glow|p2a: Manaphy\n|-boost|p2a: Manaphy|spa|3\n|move|p1a: Heatran|Magma Storm|p2a: Manaphy\n|-resisted|p2a: Manaphy\n|-damage|p2a: Manaphy|80\/100\n|-activate|p2a: Manaphy|move: Magma Storm|[of] p1a: Heatran\n|\n|-heal|p2a: Manaphy|86\/100|[from] item: Leftovers\n|-heal|p1a: Heatran|99\/100 par|[from] item: Leftovers\n|-damage|p2a: Manaphy|74\/100|[from] move: Magma Storm|[partiallytrapped]\n|upkeep\n|turn|13\n|\n|t:|1638632019\n|move|p2a: Manaphy|Surf|p1a: Heatran\n|-supereffective|p1a: Heatran\n|-damage|p1a: Heatran|0 fnt\n|faint|p1a: Heatran\n|\n|-heal|p2a: Manaphy|80\/100|[from] item: Leftovers\n|-end|p2a: Manaphy|Magma Storm|[partiallytrapped]|[silent]\n|upkeep\n|\n|t:|1638632023\n|switch|p1a: Latios|Latios, M|100\/100\n|-damage|p1a: Latios|88\/100|[from] Stealth Rock\n|turn|14\n|\n|t:|1638632040\n|switch|p2a: Purugly|Purugly, M|53\/100\n|move|p1a: Latios|Draco Meteor|p2a: Purugly\n|-damage|p2a: Purugly|0 fnt\n|-unboost|p1a: Latios|spa|2\n|faint|p2a: Purugly\n|\n|upkeep\n|\n|t:|1638632042\n|switch|p2a: Honchkrow|Honchkrow, M|100\/100\n|turn|15\n|\n|t:|1638632052\n|switch|p1a: Clefable|Clefable, F|100\/100\n|move|p2a: Honchkrow|Brave Bird|p1a: Clefable\n|-damage|p1a: Clefable|36\/100\n|-damage|p2a: Honchkrow|76\/100|[from] Recoil\n|-damage|p2a: Honchkrow|66\/100|[from] item: Life Orb\n|\n|-heal|p1a: Clefable|42\/100|[from] item: Leftovers\n|upkeep\n|turn|16\n|\n|t:|1638632056\n|move|p2a: Honchkrow|Brave Bird|p1a: Clefable\n|-damage|p1a: Clefable|0 fnt\n|faint|p1a: Clefable\n|-ability|p2a: Honchkrow|Moxie|boost\n|-boost|p2a: Honchkrow|atk|1\n|-damage|p2a: Honchkrow|50\/100|[from] Recoil\n|-damage|p2a: Honchkrow|40\/100|[from] item: Life Orb\n|\n|upkeep\n|\n|t:|1638632069\n|switch|p1a: Scizor|Scizor, F|100\/100\n|-damage|p1a: Scizor|88\/100|[from] Stealth Rock\n|turn|17\n|\n|t:|1638632072\n|move|p2a: Honchkrow|Sucker Punch|p1a: Scizor\n|-damage|p1a: Scizor|14\/100\n|-damage|p2a: Honchkrow|30\/100|[from] item: Life Orb\n|move|p1a: Scizor|Bullet Punch|p2a: Honchkrow\n|-damage|p2a: Honchkrow|0 fnt\n|faint|p2a: Honchkrow\n|\n|upkeep\n|\n|t:|1638632078\n|switch|p2a: Gengar|Gengar, F|100\/100\n|turn|18\n|\n|t:|1638632079\n|move|p1a: Scizor|Bullet Punch|p2a: Gengar\n|-damage|p2a: Gengar|2\/100\n|move|p2a: Gengar|Shadow Ball|p1a: Scizor\n|-damage|p1a: Scizor|0 fnt\n|faint|p1a: Scizor\n|\n|upkeep\n|\n|t:|1638632087\n|switch|p1a: Gliscor|Gliscor, F|100\/100\n|-damage|p1a: Gliscor|88\/100|[from] Stealth Rock\n|turn|19\n|\n|t:|1638632091\n|switch|p2a: Manaphy|Manaphy|80\/100\n|move|p1a: Gliscor|Earthquake|p2a: Manaphy\n|-damage|p2a: Manaphy|47\/100\n|\n|-heal|p2a: Manaphy|53\/100|[from] item: Leftovers\n|-status|p1a: Gliscor|tox|[from] item: Toxic Orb\n|upkeep\n|turn|20\n|\n|t:|1638632093\n|move|p2a: Manaphy|Ice Beam|p1a: Gliscor\n|-supereffective|p1a: Gliscor\n|-damage|p1a: Gliscor|0 fnt\n|faint|p1a: Gliscor\n|\n|-heal|p2a: Manaphy|59\/100|[from] item: Leftovers\n|upkeep\n|\n|t:|1638632100\n|switch|p1a: Breloom|Breloom, M|88\/100\n|-damage|p1a: Breloom|82\/100|[from] Stealth Rock\n|turn|21\n|\n|t:|1638632103\n|move|p2a: Manaphy|Ice Beam|p1a: Breloom\n|-supereffective|p1a: Breloom\n|-damage|p1a: Breloom|0 fnt\n|faint|p1a: Breloom\n|\n|-heal|p2a: Manaphy|65\/100|[from] item: Leftovers\n|upkeep\n|\n|t:|1638632106\n|switch|p1a: Latios|Latios, M|88\/100\n|-damage|p1a: Latios|76\/100|[from] Stealth Rock\n|turn|22\n|\n|t:|1638632109\n|move|p1a: Latios|Draco Meteor|p2a: Manaphy\n|-damage|p2a: Manaphy|0 fnt\n|-unboost|p1a: Latios|spa|2\n|faint|p2a: Manaphy\n|\n|upkeep\n|\n|t:|1638632111\n|switch|p2a: Gengar|Gengar, F|2\/100\n|turn|23\n|c|\u2606Juanpe|gl\n|c|\u2606Juanpe|speed tie\n|\n|t:|1638632118\n|move|p2a: Gengar|Shadow Ball|p1a: Latios\n|-supereffective|p1a: Latios\n|-damage|p1a: Latios|0 fnt\n|faint|p1a: Latios\n|\n|win|VirginJimmy99\n|raw|Juanpe's rating: 1251 &rarr; <strong>1231<\/strong><br \/>(-20 for losing)\n|raw|VirginJimmy99's rating: 1322 &rarr; <strong>1338<\/strong><br \/>(+16 for winning)\n|c|\u2606VirginJimmy99|are you scarf\n|c|\u2606Juanpe|gg\n|c|\u2606VirginJimmy99|gg\n|c|\u2606Juanpe|nop\n|c|\u2606VirginJimmy99|i was\n|c|\u2606Juanpe|oh nvm\n|c|\u2606Juanpe|gg\n|l|\u2606Juanpe\n||Ladder isn't responding, score probably updated but might not have (Request timeout).\n","uploadtime":1638632134,"views":7,"p1id":"juanpe","p2id":"virginjimmy99","formatid":"gen8bdspou","rating":1231,"private":0,"password":null}