{"id":"gen8ou-1641490015","p1":"RTSG tests","p2":"LT93OQ Pachy","format":"gen8ou","log":"|raw|<div class=\"broadcast-blue\"><strong>This battle is required to be public due to a player having a name starting with 'lt93oq'.<\/div>\n|j|\u2606RTSG tests\n|j|\u2606LT93OQ Pachy\n|t:|1660711397\n|gametype|singles\n|player|p1|RTSG tests|birdkeeper|1658\n|player|p2|LT93OQ Pachy|janine|1763\n|teamsize|p1|6\n|teamsize|p2|6\n|gen|8\n|tier|[Gen 8] OU\n|rated|\n|rule|Sleep Clause Mod: Limit one foe put to sleep\n|rule|Species Clause: Limit one of each Pok\u00e9mon\n|rule|OHKO Clause: OHKO moves are banned\n|rule|Evasion Items Clause: Evasion items are banned\n|rule|Evasion Moves Clause: Evasion moves are banned\n|rule|Endless Battle Clause: Forcing endless battles is banned\n|rule|HP Percentage Mod: HP is shown in percentages\n|rule|Dynamax Clause: You cannot dynamax\n|clearpoke\n|poke|p1|Sceptile, F|\n|poke|p1|Salamence, F|\n|poke|p1|Excadrill, F|\n|poke|p1|Tapu Koko|\n|poke|p1|Magnezone|\n|poke|p1|Weavile, M|\n|poke|p2|Volcanion|\n|poke|p2|Ninetales-Alola, M|\n|poke|p2|Corviknight, M|\n|poke|p2|Arctozolt|\n|poke|p2|Landorus-Therian, M|\n|poke|p2|Tornadus-Therian, M|\n|teampreview\n|inactive|Battle timer is ON: inactive players will automatically lose when time's up. (requested by RTSG tests)\n|\n|t:|1660711409\n|start\n|switch|p1a: Excadrill|Excadrill, F|100\/100\n|switch|p2a: Ninetales|Ninetales-Alola, M|100\/100\n|-weather|Hail|[from] ability: Snow Warning|[of] p2a: Ninetales\n|-ability|p1a: Excadrill|Mold Breaker\n|turn|1\n|\n|t:|1660711413\n|switch|p2a: Corviknight|Corviknight, M|100\/100\n|-ability|p2a: Corviknight|Pressure\n|move|p1a: Excadrill|Rapid Spin|p2a: Corviknight\n|-resisted|p2a: Corviknight\n|-damage|p2a: Corviknight|95\/100\n|-boost|p1a: Excadrill|spe|1\n|-damage|p1a: Excadrill|84\/100|[from] item: Rocky Helmet|[of] p2a: Corviknight\n|\n|-weather|Hail|[upkeep]\n|-damage|p1a: Excadrill|78\/100|[from] Hail\n|-damage|p2a: Corviknight|89\/100|[from] Hail\n|upkeep\n|turn|2\n|\n|t:|1660711418\n|move|p1a: Excadrill|Stealth Rock|p2a: Corviknight\n|-sidestart|p2: LT93OQ Pachy|move: Stealth Rock\n|move|p2a: Corviknight|Body Press|p1a: Excadrill\n|-supereffective|p1a: Excadrill\n|-damage|p1a: Excadrill|0 fnt\n|faint|p1a: Excadrill\n|\n|-weather|Hail|[upkeep]\n|-damage|p2a: Corviknight|83\/100|[from] Hail\n|upkeep\n|\n|t:|1660711422\n|switch|p1a: Magnezone|Magnezone|100\/100\n|turn|3\n|\n|t:|1660711425\n|move|p1a: Magnezone|Volt Switch|p2a: Corviknight\n|-supereffective|p2a: Corviknight\n|-damage|p2a: Corviknight|0 fnt\n|faint|p2a: Corviknight\n|\n|t:|1660711429\n|switch|p1a: Tapu Koko|Tapu Koko|100\/100|[from]move: Volt Switch\n|-fieldstart|move: Electric Terrain|[from] ability: Electric Surge|[of] p1a: Tapu Koko\n|\n|-weather|Hail|[upkeep]\n|-damage|p1a: Tapu Koko|94\/100|[from] Hail\n|upkeep\n|\n|t:|1660711432\n|switch|p2a: Landorus|Landorus-Therian, M|100\/100\n|-damage|p2a: Landorus|88\/100|[from] Stealth Rock\n|-ability|p2a: Landorus|Intimidate|boost\n|-unboost|p1a: Tapu Koko|atk|1\n|turn|4\n|\n|t:|1660711435\n|move|p1a: Tapu Koko|Taunt|p2a: Landorus\n|-start|p2a: Landorus|move: Taunt\n|cant|p2a: Landorus|move: Taunt|Defog\n|\n|-weather|Hail|[upkeep]\n|-damage|p1a: Tapu Koko|88\/100|[from] Hail\n|-damage|p2a: Landorus|82\/100|[from] Hail\n|-heal|p2a: Landorus|88\/100|[from] item: Leftovers\n|upkeep\n|turn|5\n|\n|t:|1660711440\n|move|p1a: Tapu Koko|Reflect|p1a: Tapu Koko\n|-sidestart|p1: RTSG tests|Reflect\n|move|p2a: Landorus|Earthquake|p1a: Tapu Koko\n|-supereffective|p1a: Tapu Koko\n|-damage|p1a: Tapu Koko|32\/100\n|\n|-weather|Hail|[upkeep]\n|-damage|p1a: Tapu Koko|26\/100|[from] Hail\n|-damage|p2a: Landorus|82\/100|[from] Hail\n|-heal|p2a: Landorus|88\/100|[from] item: Leftovers\n|upkeep\n|turn|6\n|\n|t:|1660711445\n|move|p1a: Tapu Koko|Light Screen|p1a: Tapu Koko\n|-sidestart|p1: RTSG tests|move: Light Screen\n|move|p2a: Landorus|Earthquake|p1a: Tapu Koko\n|-supereffective|p1a: Tapu Koko\n|-damage|p1a: Tapu Koko|0 fnt\n|faint|p1a: Tapu Koko\n|\n|-weather|Hail|[upkeep]\n|-damage|p2a: Landorus|82\/100|[from] Hail\n|-heal|p2a: Landorus|88\/100|[from] item: Leftovers\n|-end|p2a: Landorus|move: Taunt\n|upkeep\n|\n|t:|1660711454\n|switch|p1a: Salamence|Salamence, F|100\/100\n|turn|7\n|\n|t:|1660711458\n|move|p1a: Salamence|Substitute|p1a: Salamence\n|-start|p1a: Salamence|Substitute\n|-damage|p1a: Salamence|76\/100\n|move|p2a: Landorus|Defog|p1a: Salamence\n|-sideend|p1: RTSG tests|Reflect\n|-sideend|p1: RTSG tests|move: Light Screen\n|-sideend|p2: LT93OQ Pachy|Stealth Rock|[from] move: Defog|[of] p2a: Landorus\n|-fieldend|move: Electric Terrain\n|\n|-weather|Hail|[upkeep]\n|-damage|p1a: Salamence|70\/100|[from] Hail\n|-damage|p2a: Landorus|82\/100|[from] Hail\n|-heal|p2a: Landorus|88\/100|[from] item: Leftovers\n|upkeep\n|turn|8\n|\n|t:|1660711465\n|move|p1a: Salamence|Dragon Dance|p1a: Salamence\n|-boost|p1a: Salamence|atk|1\n|-boost|p1a: Salamence|spe|1\n|move|p2a: Landorus|U-turn|p1a: Salamence\n|-resisted|p1a: Salamence\n|-crit|p1a: Salamence\n|-activate|p1a: Salamence|move: Substitute|[damage]\n|\n|t:|1660711472\n|switch|p2a: Ninetales|Ninetales-Alola, M|100\/100|[from]move: U-turn\n|\n|-weather|none\n|upkeep\n|turn|9\n|\n|t:|1660711474\n|move|p1a: Salamence|Dual Wingbeat|p2a: Ninetales\n|-damage|p2a: Ninetales|63\/100\n|-damage|p2a: Ninetales|21\/100\n|-hitcount|p2a: Ninetales|2\n|move|p2a: Ninetales|Encore|p1a: Salamence\n|-start|p1a: Salamence|Encore\n|\n|upkeep\n|turn|10\n|\n|t:|1660711486\n|switch|p2a: Landorus|Landorus-Therian, M|88\/100\n|-ability|p2a: Landorus|Intimidate|boost\n|-immune|p1a: Salamence\n|move|p1a: Salamence|Dual Wingbeat|p2a: Landorus\n|-damage|p2a: Landorus|60\/100\n|-damage|p2a: Landorus|30\/100\n|-hitcount|p2a: Landorus|2\n|\n|-heal|p2a: Landorus|36\/100|[from] item: Leftovers\n|upkeep\n|turn|11\n|\n|t:|1660711492\n|switch|p2a: Ninetales|Ninetales-Alola, M|21\/100\n|-weather|Hail|[from] ability: Snow Warning|[of] p2a: Ninetales\n|move|p1a: Salamence|Dual Wingbeat|p2a: Ninetales\n|-damage|p2a: Ninetales|0 fnt\n|faint|p2a: Ninetales\n|-ability|p1a: Salamence|Moxie|boost\n|-boost|p1a: Salamence|atk|1\n|-hitcount|p2: Ninetales|1\n|\n|-weather|Hail|[upkeep]\n|-damage|p1a: Salamence|64\/100|[from] Hail\n|upkeep\n|\n|t:|1660711494\n|switch|p2a: Arctozolt|Arctozolt|100\/100\n|turn|12\n|\n|t:|1660711499\n|move|p1a: Salamence|Dual Wingbeat|p2a: Arctozolt\n|-resisted|p2a: Arctozolt\n|-damage|p2a: Arctozolt|77\/100\n|-resisted|p2a: Arctozolt\n|-damage|p2a: Arctozolt|54\/100\n|-hitcount|p2a: Arctozolt|2\n|move|p2a: Arctozolt|Blizzard|p1a: Salamence\n|-supereffective|p1a: Salamence\n|-end|p1a: Salamence|Substitute\n|\n|-weather|Hail|[upkeep]\n|-damage|p1a: Salamence|58\/100|[from] Hail\n|-heal|p2a: Arctozolt|60\/100|[from] item: Leftovers\n|-end|p1a: Salamence|Encore\n|upkeep\n|turn|13\n|\n|t:|1660711508\n|switch|p2a: Tornadus|Tornadus-Therian, M|100\/100\n|move|p1a: Salamence|Substitute|p1a: Salamence\n|-start|p1a: Salamence|Substitute\n|-damage|p1a: Salamence|33\/100\n|\n|-weather|Hail|[upkeep]\n|-damage|p1a: Salamence|27\/100|[from] Hail\n|-damage|p2a: Tornadus|94\/100|[from] Hail\n|upkeep\n|turn|14\n|-message|LT93OQ Pachy forfeited.\n|\n|win|RTSG tests\n|raw|RTSG tests's rating: 1658 &rarr; <strong>1684<\/strong><br \/>(+26 for winning)\n|raw|LT93OQ Pachy's rating: 1763 &rarr; <strong>1737<\/strong><br \/>(-26 for losing)\n|l|\u2606LT93OQ Pachy\n","uploadtime":1660711518,"views":17,"p1id":"rtsgtests","p2id":"lt93oqpachy","formatid":"gen8ou","rating":1684,"private":0,"password":null}