{"id":"gen8nationaldex-1574976062","p1":"TestingTesting1","p2":"noobiste","format":"gen8nationaldex","log":"|j|\u2606TestingTesting1\n|j|\u2606noobiste\n|t:|1652568833\n|gametype|singles\n|player|p1|TestingTesting1|2|1643\n|player|p2|noobiste|102|1682\n|teamsize|p1|6\n|teamsize|p2|6\n|gen|8\n|tier|[Gen 8] National Dex\n|rated|\n|rule|HP Percentage Mod: HP is shown in percentages\n|rule|Endless Battle Clause: Forcing endless battles is banned\n|rule|OHKO Clause: OHKO moves are banned\n|rule|Evasion Moves Clause: Evasion moves are banned\n|rule|Species Clause: Limit one of each Pok\u00e9mon\n|rule|Dynamax Clause: You cannot dynamax\n|rule|Sleep Clause Mod: Limit one foe put to sleep\n|clearpoke\n|poke|p1|Pelipper, F|\n|poke|p1|Urshifu-*, M|\n|poke|p1|Charizard, F|\n|poke|p1|Darmanitan, F|\n|poke|p1|Hippowdon, M|\n|poke|p1|Excadrill, F|\n|poke|p2|Lycanroc-Dusk, F|\n|poke|p2|Ninetales-Alola, F|\n|poke|p2|Landorus-Therian, M|\n|poke|p2|Mawile, F|\n|poke|p2|Rillaboom, F|\n|poke|p2|Heatran, F|\n|teampreview\n|\n|t:|1652568857\n|start\n|switch|p1a: Pelipper|Pelipper, F|100\/100\n|switch|p2a: Rillaboom|Rillaboom, F|100\/100\n|-fieldstart|move: Grassy Terrain|[from] ability: Grassy Surge|[of] p2a: Rillaboom\n|-weather|RainDance|[from] ability: Drizzle|[of] p1a: Pelipper\n|turn|1\n|j| Jsjxhckejah\n|\n|t:|1652568866\n|switch|p1a: Charizard|Charizard, F|100\/100\n|move|p2a: Rillaboom|Wood Hammer|p1a: Charizard\n|-resisted|p1a: Charizard\n|-damage|p1a: Charizard|57\/100\n|-damage|p2a: Rillaboom|88\/100|[from] Recoil\n|\n|-weather|RainDance|[upkeep]\n|-heal|p2a: Rillaboom|94\/100|[from] Grassy Terrain\n|upkeep\n|turn|2\n|\n|t:|1652568882\n|switch|p2a: Heatran|Heatran, F|100\/100\n|detailschange|p1a: Charizard|Charizard-Mega-Y, F\n|-mega|p1a: Charizard|Charizard|Charizardite Y\n|-weather|SunnyDay|[from] ability: Drought|[of] p1a: Charizard\n|move|p1a: Charizard|Roost|p1a: Charizard\n|-heal|p1a: Charizard|100\/100\n|-singleturn|p1a: Charizard|move: Roost\n|\n|-weather|SunnyDay|[upkeep]\n|upkeep\n|turn|3\n|\n|t:|1652568892\n|move|p1a: Charizard|Focus Blast|p2a: Heatran\n|-supereffective|p2a: Heatran\n|-damage|p2a: Heatran|33\/100\n|move|p2a: Heatran|Stealth Rock|p1a: Charizard\n|-sidestart|p1: TestingTesting1|move: Stealth Rock\n|\n|-weather|SunnyDay|[upkeep]\n|-heal|p2a: Heatran|39\/100|[from] Grassy Terrain\n|-heal|p2a: Heatran|46\/100|[from] item: Leftovers\n|upkeep\n|turn|4\n|\n|t:|1652568900\n|switch|p2a: Ninetales|Ninetales-Alola, F|100\/100\n|-weather|Hail|[from] ability: Snow Warning|[of] p2a: Ninetales\n|move|p1a: Charizard|Focus Blast|p2a: Ninetales\n|-damage|p2a: Ninetales|50\/100\n|\n|-weather|Hail|[upkeep]\n|-damage|p1a: Charizard|94\/100|[from] Hail\n|-heal|p2a: Ninetales|56\/100|[from] Grassy Terrain\n|upkeep\n|turn|5\n|\n|t:|1652568911\n|switch|p1a: Hippowdon|Hippowdon, M|100\/100\n|-damage|p1a: Hippowdon|94\/100|[from] Stealth Rock\n|-weather|Sandstorm|[from] ability: Sand Stream|[of] p1a: Hippowdon\n|move|p2a: Ninetales|Aurora Veil||[still]\n|-fail|p2a: Ninetales\n|\n|-weather|Sandstorm|[upkeep]\n|-damage|p2a: Ninetales|50\/100|[from] Sandstorm\n|-heal|p2a: Ninetales|56\/100|[from] Grassy Terrain\n|-heal|p1a: Hippowdon|100\/100|[from] Grassy Terrain\n|-fieldend|move: Grassy Terrain\n|upkeep\n|turn|6\n|\n|t:|1652568922\n|switch|p2a: Rillaboom|Rillaboom, F|94\/100\n|-fieldstart|move: Grassy Terrain|[from] ability: Grassy Surge|[of] p2a: Rillaboom\n|move|p1a: Hippowdon|Toxic|p2a: Rillaboom\n|-status|p2a: Rillaboom|tox\n|\n|-weather|Sandstorm|[upkeep]\n|-damage|p2a: Rillaboom|88\/100 tox|[from] Sandstorm\n|-heal|p2a: Rillaboom|94\/100 tox|[from] Grassy Terrain\n|-damage|p2a: Rillaboom|88\/100 tox|[from] psn\n|upkeep\n|turn|7\n|\n|t:|1652568933\n|switch|p1a: Darmanitan|Darmanitan, F|100\/100\n|-damage|p1a: Darmanitan|76\/100|[from] Stealth Rock\n|move|p2a: Rillaboom|Wood Hammer|p1a: Darmanitan\n|-resisted|p1a: Darmanitan\n|-damage|p1a: Darmanitan|0 fnt\n|faint|p1a: Darmanitan\n|-damage|p2a: Rillaboom|62\/100 tox|[from] Recoil\n|\n|-weather|Sandstorm|[upkeep]\n|-damage|p2a: Rillaboom|56\/100 tox|[from] Sandstorm\n|-heal|p2a: Rillaboom|62\/100 tox|[from] Grassy Terrain\n|-damage|p2a: Rillaboom|50\/100 tox|[from] psn\n|upkeep\n|\n|t:|1652568951\n|switch|p1a: Charizard|Charizard-Mega-Y, F|94\/100\n|-damage|p1a: Charizard|45\/100|[from] Stealth Rock\n|-weather|SunnyDay|[from] ability: Drought|[of] p1a: Charizard\n|turn|8\n|\n|t:|1652568965\n|switch|p2a: Ninetales|Ninetales-Alola, F|56\/100\n|-weather|Hail|[from] ability: Snow Warning|[of] p2a: Ninetales\n|move|p1a: Charizard|Roost|p1a: Charizard\n|-heal|p1a: Charizard|95\/100\n|-singleturn|p1a: Charizard|move: Roost\n|\n|-weather|Hail|[upkeep]\n|-damage|p1a: Charizard|89\/100|[from] Hail\n|-heal|p2a: Ninetales|62\/100|[from] Grassy Terrain\n|-heal|p1a: Charizard|95\/100|[from] Grassy Terrain\n|upkeep\n|turn|9\n|\n|t:|1652568977\n|switch|p1a: Hippowdon|Hippowdon, M|100\/100\n|-damage|p1a: Hippowdon|94\/100|[from] Stealth Rock\n|-weather|Sandstorm|[from] ability: Sand Stream|[of] p1a: Hippowdon\n|move|p2a: Ninetales|Encore||[still]\n|-fail|p2a: Ninetales\n|\n|-weather|Sandstorm|[upkeep]\n|-damage|p2a: Ninetales|56\/100|[from] Sandstorm\n|-heal|p2a: Ninetales|62\/100|[from] Grassy Terrain\n|-heal|p1a: Hippowdon|100\/100|[from] Grassy Terrain\n|upkeep\n|turn|10\n|\n|t:|1652568990\n|switch|p1a: Excadrill|Excadrill, F|100\/100\n|-damage|p1a: Excadrill|97\/100|[from] Stealth Rock\n|move|p2a: Ninetales|Hail|p2a: Ninetales\n|-weather|Hail\n|\n|-weather|Hail|[upkeep]\n|-damage|p1a: Excadrill|91\/100|[from] Hail\n|-heal|p2a: Ninetales|68\/100|[from] Grassy Terrain\n|-heal|p1a: Excadrill|97\/100|[from] Grassy Terrain\n|-fieldend|move: Grassy Terrain\n|upkeep\n|turn|11\n|\n|t:|1652569009\n|move|p2a: Ninetales|Aurora Veil|p2a: Ninetales\n|-sidestart|p2: noobiste|move: Aurora Veil\n|move|p1a: Excadrill|Rapid Spin|p2a: Ninetales\n|-damage|p2a: Ninetales|56\/100\n|-boost|p1a: Excadrill|spe|1\n|-sideend|p1: TestingTesting1|Stealth Rock|[from] move: Rapid Spin|[of] p1a: Excadrill\n|\n|-weather|Hail|[upkeep]\n|-damage|p1a: Excadrill|91\/100|[from] Hail\n|upkeep\n|turn|12\n|\n|t:|1652569019\n|switch|p2a: Heatran|Heatran, F|46\/100\n|move|p1a: Excadrill|Swords Dance|p1a: Excadrill\n|-boost|p1a: Excadrill|atk|2\n|\n|-weather|Hail|[upkeep]\n|-damage|p1a: Excadrill|85\/100|[from] Hail\n|-damage|p2a: Heatran|39\/100|[from] Hail\n|-heal|p2a: Heatran|46\/100|[from] item: Leftovers\n|upkeep\n|turn|13\n|\n|t:|1652569030\n|move|p1a: Excadrill|Earthquake|p2a: Heatran\n|-supereffective|p2a: Heatran\n|-damage|p2a: Heatran|0 fnt\n|faint|p2a: Heatran\n|\n|-weather|Hail|[upkeep]\n|-damage|p1a: Excadrill|79\/100|[from] Hail\n|upkeep\n|\n|t:|1652569034\n|switch|p2a: Landorus|Landorus-Therian, M|100\/100\n|-ability|p2a: Landorus|Intimidate|boost\n|-unboost|p1a: Excadrill|atk|1\n|turn|14\n|\n|t:|1652569048\n|switch|p1a: Urshifu|Urshifu-Rapid-Strike, M|100\/100\n|move|p2a: Landorus|Rock Tomb|p1a: Urshifu\n|-resisted|p1a: Urshifu\n|-damage|p1a: Urshifu|88\/100\n|-unboost|p1a: Urshifu|spe|1\n|\n|-weather|none\n|upkeep\n|turn|15\n|\n|t:|1652569063\n|move|p1a: Urshifu|Surging Strikes|p2a: Landorus\n|-supereffective|p2a: Landorus\n|-crit|p2a: Landorus\n|-damage|p2a: Landorus|50\/100\n|-supereffective|p2a: Landorus\n|-crit|p2a: Landorus\n|-damage|p2a: Landorus|2\/100\n|-supereffective|p2a: Landorus\n|-crit|p2a: Landorus\n|-damage|p2a: Landorus|0 fnt\n|faint|p2a: Landorus\n|-hitcount|p2: Landorus|3\n|\n|upkeep\n|\n|t:|1652569077\n|switch|p2a: Rillaboom|Rillaboom, F|50\/100 tox\n|-fieldstart|move: Grassy Terrain|[from] ability: Grassy Surge|[of] p2a: Rillaboom\n|turn|16\n|\n|t:|1652569092\n|switch|p1a: Charizard|Charizard-Mega-Y, F|95\/100\n|-weather|SunnyDay|[from] ability: Drought|[of] p1a: Charizard\n|switch|p2a: Lycanroc|Lycanroc-Dusk, F|100\/100\n|\n|-weather|SunnyDay|[upkeep]\n|upkeep\n|turn|17\n|\n|t:|1652569104\n|switch|p1a: Hippowdon|Hippowdon, M|100\/100\n|-weather|Sandstorm|[from] ability: Sand Stream|[of] p1a: Hippowdon\n|move|p2a: Lycanroc|Swords Dance|p2a: Lycanroc\n|-boost|p2a: Lycanroc|atk|2\n|\n|-weather|Sandstorm|[upkeep]\n|upkeep\n|turn|18\n|\n|t:|1652569111\n|move|p2a: Lycanroc|Close Combat|p1a: Hippowdon\n|-damage|p1a: Hippowdon|27\/100\n|-unboost|p2a: Lycanroc|def|1\n|-unboost|p2a: Lycanroc|spd|1\n|move|p1a: Hippowdon|Earthquake|p2a: Lycanroc\n|-supereffective|p2a: Lycanroc\n|-damage|p2a: Lycanroc|54\/100\n|\n|-weather|Sandstorm|[upkeep]\n|-heal|p2a: Lycanroc|60\/100|[from] Grassy Terrain\n|-heal|p1a: Hippowdon|33\/100|[from] Grassy Terrain\n|-heal|p1a: Hippowdon|39\/100|[from] item: Leftovers\n|-sideend|p2: noobiste|move: Aurora Veil\n|upkeep\n|turn|19\n|\n|t:|1652569125\n|move|p2a: Lycanroc|Close Combat|p1a: Hippowdon\n|-damage|p1a: Hippowdon|0 fnt\n|-unboost|p2a: Lycanroc|def|1\n|-unboost|p2a: Lycanroc|spd|1\n|faint|p1a: Hippowdon\n|\n|-weather|Sandstorm|[upkeep]\n|-heal|p2a: Lycanroc|66\/100|[from] Grassy Terrain\n|upkeep\n|\n|t:|1652569133\n|switch|p1a: Excadrill|Excadrill, F|79\/100\n|turn|20\n|\n|t:|1652569164\n|move|p2a: Lycanroc|Accelerock|p1a: Excadrill\n|-resisted|p1a: Excadrill\n|-damage|p1a: Excadrill|62\/100\n|move|p1a: Excadrill|Earthquake|p2a: Lycanroc\n|-supereffective|p2a: Lycanroc\n|-damage|p2a: Lycanroc|0 fnt\n|faint|p2a: Lycanroc\n|\n|-weather|Sandstorm|[upkeep]\n|-heal|p1a: Excadrill|68\/100|[from] Grassy Terrain\n|-fieldend|move: Grassy Terrain\n|upkeep\n|\n|t:|1652569168\n|switch|p2a: Ninetales|Ninetales-Alola, F|56\/100\n|-weather|Hail|[from] ability: Snow Warning|[of] p2a: Ninetales\n|turn|21\n|\n|t:|1652569193\n|switch|p1a: Charizard|Charizard-Mega-Y, F|95\/100\n|-weather|SunnyDay|[from] ability: Drought|[of] p1a: Charizard\n|move|p2a: Ninetales|Hail|p2a: Ninetales\n|-weather|Hail\n|\n|-weather|Hail|[upkeep]\n|-damage|p1a: Charizard|89\/100|[from] Hail\n|upkeep\n|turn|22\n|\n|t:|1652569200\n|switch|p1a: Pelipper|Pelipper, F|100\/100\n|-weather|RainDance|[from] ability: Drizzle|[of] p1a: Pelipper\n|move|p2a: Ninetales|Freeze-Dry|p1a: Pelipper\n|-supereffective|p1a: Pelipper\n|-crit|p1a: Pelipper\n|-damage|p1a: Pelipper|0 fnt\n|faint|p1a: Pelipper\n|\n|-weather|RainDance|[upkeep]\n|upkeep\n|\n|t:|1652569209\n|switch|p1a: Charizard|Charizard-Mega-Y, F|89\/100\n|-weather|SunnyDay|[from] ability: Drought|[of] p1a: Charizard\n|turn|23\n|inactive|Battle timer is ON: inactive players will automatically lose when time's up. (requested by TestingTesting1)\n|\n|t:|1652569284\n|switch|p1a: Urshifu|Urshifu-Rapid-Strike, M|88\/100\n|move|p2a: Ninetales|Freeze-Dry|p1a: Urshifu\n|-supereffective|p1a: Urshifu\n|-damage|p1a: Urshifu|25\/100\n|\n|-weather|SunnyDay|[upkeep]\n|upkeep\n|turn|24\n|inactive|noobiste has 120 seconds left.\n|\n|t:|1652569337\n|move|p1a: Urshifu|Close Combat|p2a: Ninetales\n|-damage|p2a: Ninetales|0 fnt\n|-unboost|p1a: Urshifu|def|1\n|-unboost|p1a: Urshifu|spd|1\n|faint|p2a: Ninetales\n|\n|-weather|SunnyDay|[upkeep]\n|upkeep\n|\n|t:|1652569340\n|switch|p2a: Mawile|Mawile, F|100\/100\n|-ability|p2a: Mawile|Intimidate|boost\n|-unboost|p1a: Urshifu|atk|1\n|turn|25\n|\n|t:|1652569354\n|detailschange|p2a: Mawile|Mawile-Mega, F\n|-mega|p2a: Mawile|Mawile|Mawilite\n|move|p1a: Urshifu|Close Combat|p2a: Mawile\n|-damage|p2a: Mawile|57\/100\n|-unboost|p1a: Urshifu|def|1\n|-unboost|p1a: Urshifu|spd|1\n|move|p2a: Mawile|Swords Dance|p2a: Mawile\n|-boost|p2a: Mawile|atk|2\n|\n|-weather|SunnyDay|[upkeep]\n|upkeep\n|turn|26\n|\n|t:|1652569365\n|switch|p1a: Excadrill|Excadrill, F|68\/100\n|move|p2a: Mawile|Knock Off|p1a: Excadrill\n|-damage|p1a: Excadrill|0 fnt\n|faint|p1a: Excadrill\n|\n|-weather|SunnyDay|[upkeep]\n|upkeep\n|\n|t:|1652569371\n|switch|p1a: Urshifu|Urshifu-Rapid-Strike, M|25\/100\n|turn|27\n|\n|t:|1652569377\n|move|p2a: Mawile|Sucker Punch|p1a: Urshifu\n|-resisted|p1a: Urshifu\n|-damage|p1a: Urshifu|0 fnt\n|faint|p1a: Urshifu\n|\n|-weather|none\n|upkeep\n|\n|t:|1652569381\n|switch|p1a: Charizard|Charizard-Mega-Y, F|89\/100\n|-weather|SunnyDay|[from] ability: Drought|[of] p1a: Charizard\n|turn|28\n|\n|t:|1652569387\n|move|p2a: Mawile|Sucker Punch|p1a: Charizard\n|-damage|p1a: Charizard|0 fnt\n|faint|p1a: Charizard\n|\n|win|noobiste\n|raw|TestingTesting1's rating: 1643 &rarr; <strong>1625<\/strong><br \/>(-18 for losing)\n|raw|noobiste's rating: 1682 &rarr; <strong>1700<\/strong><br \/>(+18 for winning)\n|l|\u2606TestingTesting1\n||Ladder isn't responding, score probably updated but might not have (Request timeout).\n","uploadtime":1652569420,"views":15,"p1id":"testingtesting1","p2id":"noobiste","formatid":"gen8nationaldex","rating":1625,"private":0,"password":null}