{"id":"gen8ou-1658971803","p1":"himynametay","p2":"reggid dolg","format":"gen8ou","log":"|j|\u203dhimynametay\n|j|\u2606reggid dolg\n|t:|1662620889\n|gametype|singles\n|player|p1|himynametay|elesa-masters|1596\n|player|p2|reggid dolg|2|1580\n|teamsize|p1|6\n|teamsize|p2|6\n|gen|8\n|tier|[Gen 8] OU\n|rated|\n|rule|Sleep Clause Mod: Limit one foe put to sleep\n|rule|Species Clause: Limit one of each Pok\u00e9mon\n|rule|OHKO Clause: OHKO moves are banned\n|rule|Evasion Items Clause: Evasion items are banned\n|rule|Evasion Moves Clause: Evasion moves are banned\n|rule|Endless Battle Clause: Forcing endless battles is banned\n|rule|HP Percentage Mod: HP is shown in percentages\n|rule|Dynamax Clause: You cannot dynamax\n|clearpoke\n|poke|p1|Slowking-Galar, M|\n|poke|p1|Urshifu-*, F|\n|poke|p1|Garchomp, M|\n|poke|p1|Weavile, F|\n|poke|p1|Corviknight, F|\n|poke|p1|Rillaboom, M|\n|poke|p2|Nidoking, M|\n|poke|p2|Hydreigon, M|\n|poke|p2|Melmetal|\n|poke|p2|Volcarona, M|\n|poke|p2|Urshifu-*, M|\n|poke|p2|Dragapult, M|\n|teampreview\n|inactive|Battle timer is ON: inactive players will automatically lose when time's up. (requested by himynametay)\n|\n|t:|1662620897\n|start\n|switch|p1a: Urshifu|Urshifu-Rapid-Strike, F|100\/100\n|switch|p2a: Hydreigon|Hydreigon, M|100\/100\n|turn|1\n|\n|t:|1662620902\n|switch|p1a: Slowking|Slowking-Galar, M|100\/100\n|move|p2a: Hydreigon|U-turn|p1a: Slowking\n|-damage|p1a: Slowking|85\/100\n|\n|t:|1662620912\n|switch|p2a: Melmetal|Melmetal|100\/100|[from]move: U-turn\n|\n|upkeep\n|turn|2\n|\n|t:|1662620916\n|switch|p1a: Corviknight|Corviknight, F|100\/100\n|-ability|p1a: Corviknight|Pressure\n|move|p2a: Melmetal|Thunder Wave|p1a: Corviknight\n|-status|p1a: Corviknight|par\n|\n|upkeep\n|turn|3\n|\n|t:|1662620919\n|move|p2a: Melmetal|Thunder Punch|p1a: Corviknight\n|-supereffective|p1a: Corviknight\n|-damage|p1a: Corviknight|51\/100 par\n|cant|p1a: Corviknight|par\n|\n|upkeep\n|turn|4\n|\n|t:|1662620926\n|move|p2a: Melmetal|Thunder Punch|p1a: Corviknight\n|-supereffective|p1a: Corviknight\n|-damage|p1a: Corviknight|9\/100 par\n|move|p1a: Corviknight|Roost|p1a: Corviknight\n|-heal|p1a: Corviknight|59\/100 par\n|-singleturn|p1a: Corviknight|move: Roost\n|\n|upkeep\n|turn|5\n|\n|t:|1662620935\n|switch|p1a: Garchomp|Garchomp, M|100\/100\n|move|p2a: Melmetal|Double Iron Bash|p1a: Garchomp\n|-damage|p1a: Garchomp|63\/100\n|-activate|p1a: Garchomp|ability: Rough Skin\n|-activate|p2a: Melmetal|item: Protective Pads\n|-damage|p1a: Garchomp|24\/100\n|-activate|p1a: Garchomp|ability: Rough Skin\n|-activate|p2a: Melmetal|item: Protective Pads\n|-hitcount|p1a: Garchomp|2\n|\n|-heal|p1a: Garchomp|30\/100|[from] item: Leftovers\n|upkeep\n|turn|6\n|\n|t:|1662620942\n|switch|p2a: Hydreigon|Hydreigon, M|100\/100\n|move|p1a: Garchomp|Earthquake|p2a: Hydreigon\n|-immune|p2a: Hydreigon|[from] ability: Levitate\n|\n|-heal|p1a: Garchomp|36\/100|[from] item: Leftovers\n|upkeep\n|turn|7\n|\n|t:|1662620948\n|move|p2a: Hydreigon|U-turn|p1a: Garchomp\n|-damage|p1a: Garchomp|24\/100\n|-damage|p2a: Hydreigon|88\/100|[from] ability: Rough Skin|[of] p1a: Garchomp\n|\n|t:|1662620954\n|switch|p2a: Urshifu|Urshifu-Rapid-Strike, M|100\/100|[from]move: U-turn\n|move|p1a: Garchomp|Stealth Rock|p2a: Urshifu\n|-sidestart|p2: reggid dolg|move: Stealth Rock\n|\n|-heal|p1a: Garchomp|30\/100|[from] item: Leftovers\n|upkeep\n|turn|8\n|\n|t:|1662620960\n|switch|p1a: Corviknight|Corviknight, F|59\/100 par\n|-ability|p1a: Corviknight|Pressure\n|move|p2a: Urshifu|Surging Strikes|p1a: Corviknight\n|-crit|p1a: Corviknight\n|-damage|p1a: Corviknight|40\/100 par\n|-damage|p2a: Urshifu|84\/100|[from] item: Rocky Helmet|[of] p1a: Corviknight\n|-crit|p1a: Corviknight\n|-damage|p1a: Corviknight|23\/100 par\n|-damage|p2a: Urshifu|68\/100|[from] item: Rocky Helmet|[of] p1a: Corviknight\n|-crit|p1a: Corviknight\n|-damage|p1a: Corviknight|6\/100 par\n|-damage|p2a: Urshifu|51\/100|[from] item: Rocky Helmet|[of] p1a: Corviknight\n|-hitcount|p1a: Corviknight|3\n|\n|upkeep\n|turn|9\n|\n|t:|1662620963\n|move|p2a: Urshifu|Surging Strikes|p1a: Corviknight\n|-crit|p1a: Corviknight\n|-damage|p1a: Corviknight|0 fnt\n|-damage|p2a: Urshifu|35\/100|[from] item: Rocky Helmet|[of] p1a: Corviknight\n|faint|p1a: Corviknight\n|-hitcount|p1: Corviknight|1\n|\n|upkeep\n|\n|t:|1662620970\n|switch|p1a: Rillaboom|Rillaboom, M|100\/100\n|-fieldstart|move: Grassy Terrain|[from] ability: Grassy Surge|[of] p1a: Rillaboom\n|turn|10\n|\n|t:|1662620980\n|switch|p2a: Melmetal|Melmetal|100\/100\n|-damage|p2a: Melmetal|94\/100|[from] Stealth Rock\n|move|p1a: Rillaboom|Knock Off|p2a: Melmetal\n|-damage|p2a: Melmetal|73\/100\n|-enditem|p2a: Melmetal|Protective Pads|[from] move: Knock Off|[of] p1a: Rillaboom\n|\n|-heal|p2a: Melmetal|79\/100|[from] Grassy Terrain\n|upkeep\n|turn|11\n|\n|t:|1662620986\n|move|p1a: Rillaboom|Swords Dance|p1a: Rillaboom\n|-boost|p1a: Rillaboom|atk|2\n|move|p2a: Melmetal|Double Iron Bash|p1a: Rillaboom\n|-damage|p1a: Rillaboom|62\/100\n|-damage|p1a: Rillaboom|18\/100\n|-hitcount|p1a: Rillaboom|2\n|\n|-heal|p1a: Rillaboom|24\/100|[from] Grassy Terrain\n|-heal|p1a: Rillaboom|30\/100|[from] item: Leftovers\n|-heal|p2a: Melmetal|85\/100|[from] Grassy Terrain\n|upkeep\n|turn|12\n|\n|t:|1662620995\n|move|p1a: Rillaboom|Drain Punch|p2a: Melmetal\n|-supereffective|p2a: Melmetal\n|-damage|p2a: Melmetal|22\/100\n|-heal|p1a: Rillaboom|65\/100|[from] drain|[of] p2a: Melmetal\n|move|p2a: Melmetal|Double Iron Bash|p1a: Rillaboom\n|-damage|p1a: Rillaboom|21\/100\n|-damage|p1a: Rillaboom|0 fnt\n|faint|p1a: Rillaboom\n|-hitcount|p1: Rillaboom|2\n|\n|-heal|p2a: Melmetal|28\/100|[from] Grassy Terrain\n|upkeep\n|\n|t:|1662620999\n|switch|p1a: Urshifu|Urshifu-Rapid-Strike, F|100\/100\n|turn|13\n|\n|t:|1662621017\n|switch|p2a: Volcarona|Volcarona, M|100\/100\n|move|p1a: Urshifu|Surging Strikes|p2a: Volcarona\n|-supereffective|p2a: Volcarona\n|-crit|p2a: Volcarona\n|-damage|p2a: Volcarona|8\/100\n|-supereffective|p2a: Volcarona\n|-crit|p2a: Volcarona\n|-damage|p2a: Volcarona|0 fnt\n|-status|p1a: Urshifu|brn|[from] ability: Flame Body|[of] p2a: Volcarona\n|faint|p2a: Volcarona\n|-hitcount|p2: Volcarona|2\n|\n|-damage|p1a: Urshifu|94\/100 brn|[from] brn\n|upkeep\n|\n|t:|1662621026\n|switch|p2a: Dragapult|Dragapult, M|100\/100\n|-damage|p2a: Dragapult|88\/100|[from] Stealth Rock\n|turn|14\n|\n|t:|1662621028\n|move|p2a: Dragapult|U-turn|p1a: Urshifu\n|-resisted|p1a: Urshifu\n|-damage|p1a: Urshifu|85\/100 brn\n|\n|t:|1662621035\n|switch|p2a: Hydreigon|Hydreigon, M|88\/100|[from]move: U-turn\n|-damage|p2a: Hydreigon|76\/100|[from] Stealth Rock\n|move|p1a: Urshifu|Surging Strikes|p2a: Hydreigon\n|-resisted|p2a: Hydreigon\n|-crit|p2a: Hydreigon\n|-damage|p2a: Hydreigon|68\/100\n|-resisted|p2a: Hydreigon\n|-crit|p2a: Hydreigon\n|-damage|p2a: Hydreigon|59\/100\n|-resisted|p2a: Hydreigon\n|-crit|p2a: Hydreigon\n|-damage|p2a: Hydreigon|51\/100\n|-hitcount|p2a: Hydreigon|3\n|\n|-heal|p1a: Urshifu|91\/100 brn|[from] Grassy Terrain\n|-damage|p1a: Urshifu|85\/100 brn|[from] brn\n|-fieldend|move: Grassy Terrain\n|upkeep\n|turn|15\n|\n|t:|1662621040\n|switch|p1a: Garchomp|Garchomp, M|30\/100\n|move|p2a: Hydreigon|Draco Meteor|p1a: Garchomp\n|-supereffective|p1a: Garchomp\n|-damage|p1a: Garchomp|0 fnt\n|-unboost|p2a: Hydreigon|spa|2\n|faint|p1a: Garchomp\n|\n|upkeep\n|\n|t:|1662621044\n|switch|p1a: Weavile|Weavile, F|100\/100\n|-ability|p1a: Weavile|Pressure\n|turn|16\n|\n|t:|1662621047\n|move|p2a: Hydreigon|Draco Meteor|p1a: Weavile|[miss]\n|-miss|p2a: Hydreigon|p1a: Weavile\n|move|p1a: Weavile|Swords Dance|p1a: Weavile\n|-boost|p1a: Weavile|atk|2\n|\n|upkeep\n|turn|17\n|\n|t:|1662621050\n|move|p2a: Hydreigon|Draco Meteor|p1a: Weavile|[miss]\n|-miss|p2a: Hydreigon|p1a: Weavile\n|move|p1a: Weavile|Triple Axel|p2a: Hydreigon\n|-supereffective|p2a: Hydreigon\n|-crit|p2a: Hydreigon\n|-damage|p2a: Hydreigon|0 fnt\n|faint|p2a: Hydreigon\n|-hitcount|p2: Hydreigon|1\n|\n|upkeep\n|\n|t:|1662621060\n|switch|p2a: Urshifu|Urshifu-Rapid-Strike, M|35\/100\n|-damage|p2a: Urshifu|29\/100|[from] Stealth Rock\n|turn|18\n|c|\u2606reggid dolg|funny\n|\n|t:|1662621074\n|move|p1a: Weavile|Knock Off|p2a: Urshifu\n|-resisted|p2a: Urshifu\n|-damage|p2a: Urshifu|0 fnt\n|-enditem|p2a: Urshifu|Choice Band|[from] move: Knock Off|[of] p1a: Weavile\n|faint|p2a: Urshifu\n|\n|upkeep\n|\n|t:|1662621082\n|switch|p2a: Dragapult|Dragapult, M|88\/100\n|-damage|p2a: Dragapult|76\/100|[from] Stealth Rock\n|turn|19\n|\n|t:|1662621085\n|move|p1a: Weavile|Ice Shard|p2a: Dragapult\n|-supereffective|p2a: Dragapult\n|-damage|p2a: Dragapult|0 fnt\n|faint|p2a: Dragapult\n|\n|upkeep\n|\n|t:|1662621088\n|switch|p2a: Nidoking|Nidoking, M|100\/100\n|-damage|p2a: Nidoking|95\/100|[from] Stealth Rock\n|turn|20\n|\n|t:|1662621105\n|move|p1a: Weavile|Knock Off|p2a: Nidoking\n|-damage|p2a: Nidoking|0 fnt\n|-enditem|p2a: Nidoking|Life Orb|[from] move: Knock Off|[of] p1a: Weavile\n|faint|p2a: Nidoking\n|\n|upkeep\n|\n|t:|1662621109\n|switch|p2a: Melmetal|Melmetal|28\/100\n|-damage|p2a: Melmetal|22\/100|[from] Stealth Rock\n|turn|21\n|\n|t:|1662621110\n|move|p1a: Weavile|Knock Off|p2a: Melmetal\n|-damage|p2a: Melmetal|0 fnt\n|faint|p2a: Melmetal\n|\n|win|himynametay\n|raw|himynametay's rating: 1596 &rarr; <strong>1615<\/strong><br \/>(+19 for winning)\n|raw|reggid dolg's rating: 1580 &rarr; <strong>1561<\/strong><br \/>(-19 for losing)\n|l|\u203dhimynametay\n|c|\u2606reggid dolg|gg i guess lol\n|j|\u203dhimynametay\n|player|p1|himynametay|elesa-masters\n","uploadtime":1662621133,"views":11,"p1id":"himynametay","p2id":"reggiddolg","formatid":"gen8ou","rating":1561,"private":0,"password":null}