{"id":"gen8bdspou-1527345940","p1":"snurke","p2":"comp233","format":"gen8bdspou","log":"|j|\u2606snurke\n|j|\u2606comp233\n|t:|1646873591\n|gametype|singles\n|player|p1|snurke|sisandbro|1532\n|player|p2|comp233|rosa|1539\n|teamsize|p1|6\n|teamsize|p2|6\n|gen|8\n|tier|[Gen 8 BDSP] OU\n|rated|\n|rule|Sleep Clause Mod: Limit one foe put to sleep\n|rule|Species Clause: Limit one of each Pok\u00e9mon\n|rule|OHKO Clause: OHKO moves are banned\n|rule|Evasion Moves Clause: Evasion moves are banned\n|rule|Endless Battle Clause: Forcing endless battles is banned\n|rule|HP Percentage Mod: HP is shown in percentages\n|clearpoke\n|poke|p1|Salamence, F|\n|poke|p1|Blissey, F|\n|poke|p1|Jirachi|\n|poke|p1|Forretress, M|\n|poke|p1|Suicune|\n|poke|p1|Mamoswine, M|\n|poke|p2|Staraptor, M|\n|poke|p2|Mamoswine, M|\n|poke|p2|Lucario, F|\n|poke|p2|Scizor, M|\n|poke|p2|Infernape, M|\n|poke|p2|Weavile, F|\n|teampreview\n|\n|t:|1646873632\n|start\n|switch|p1a: Klay Thompson|Salamence, F|100\/100\n|switch|p2a: Staraptor|Staraptor, M|100\/100\n|-ability|p1a: Klay Thompson|Intimidate|boost\n|-unboost|p2a: Staraptor|atk|1\n|turn|1\n|\n|t:|1646873644\n|switch|p2a: Scizor|Scizor, M|100\/100\n|move|p1a: Klay Thompson|Dragon Tail|p2a: Scizor|[miss]\n|-miss|p1a: Klay Thompson|p2a: Scizor\n|\n|upkeep\n|turn|2\n|\n|t:|1646873658\n|switch|p1a: Andre Iguodala|Forretress, M, shiny|100\/100\n|switch|p2a: Staraptor|Staraptor, M|100\/100\n|\n|upkeep\n|turn|3\n|inactive|Battle timer is ON: inactive players will automatically lose when time's up. (requested by comp233)\n|\n|t:|1646873667\n|move|p2a: Staraptor|Brave Bird|p1a: Andre Iguodala\n|-damage|p1a: Andre Iguodala|46\/100\n|-damage|p2a: Staraptor|80\/100|[from] Recoil\n|move|p1a: Andre Iguodala|Spikes|p2a: Staraptor\n|-sidestart|p2: comp233|Spikes\n|\n|-heal|p1a: Andre Iguodala|52\/100|[from] item: Leftovers\n|upkeep\n|turn|4\n|\n|t:|1646873679\n|switch|p1a: Jordan Poole|Jirachi|100\/100\n|move|p2a: Staraptor|Brave Bird|p1a: Jordan Poole\n|-resisted|p1a: Jordan Poole\n|-damage|p1a: Jordan Poole|58\/100\n|-damage|p2a: Staraptor|62\/100|[from] Recoil\n|\n|-heal|p1a: Jordan Poole|65\/100|[from] item: Leftovers\n|upkeep\n|turn|5\n|\n|t:|1646873688\n|switch|p2a: Scizor|Scizor, M|100\/100\n|-damage|p2a: Scizor|88\/100|[from] Spikes\n|move|p1a: Jordan Poole|Wish|p1a: Jordan Poole\n|\n|-heal|p1a: Jordan Poole|71\/100|[from] item: Leftovers\n|-heal|p2a: Scizor|94\/100|[from] item: Leftovers\n|upkeep\n|turn|6\n|\n|t:|1646873696\n|move|p1a: Jordan Poole|U-turn|p2a: Scizor\n|-resisted|p2a: Scizor\n|-damage|p2a: Scizor|86\/100\n|\n|t:|1646873699\n|switch|p1a: Andre Iguodala|Forretress, M, shiny|52\/100|[from]move: U-turn\n|move|p2a: Scizor|Defog|p1a: Andre Iguodala\n|-unboost|p1a: Andre Iguodala|evasion|1\n|-sideend|p2: comp233|Spikes|[from] move: Defog|[of] p2a: Scizor\n|\n|-heal|p1a: Andre Iguodala|100\/100|[from] move: Wish|[wisher] Jordan Poole\n|-heal|p2a: Scizor|92\/100|[from] item: Leftovers\n|upkeep\n|turn|7\n|\n|t:|1646873708\n|move|p2a: Scizor|U-turn|p1a: Andre Iguodala\n|-resisted|p1a: Andre Iguodala\n|-damage|p1a: Andre Iguodala|91\/100\n|\n|t:|1646873710\n|switch|p2a: Infernape|Infernape, M|100\/100|[from]move: U-turn\n|move|p1a: Andre Iguodala|Spikes|p2a: Infernape\n|-sidestart|p2: comp233|Spikes\n|\n|-heal|p1a: Andre Iguodala|98\/100|[from] item: Leftovers\n|upkeep\n|turn|8\n|\n|t:|1646873721\n|switch|p1a: Klay Thompson|Salamence, F|100\/100\n|-ability|p1a: Klay Thompson|Intimidate|boost\n|-unboost|p2a: Infernape|atk|1\n|move|p2a: Infernape|Stealth Rock|p1a: Klay Thompson\n|-sidestart|p1: snurke|move: Stealth Rock\n|\n|upkeep\n|turn|9\n|inactive|snurke has 120 seconds left.\n|inactive|snurke has 90 seconds left.\n|\n|t:|1646873788\n|switch|p2a: Scizor|Scizor, M|92\/100\n|-damage|p2a: Scizor|80\/100|[from] Spikes\n|move|p1a: Klay Thompson|Dragon Tail|p2a: Scizor\n|-resisted|p2a: Scizor\n|-damage|p2a: Scizor|66\/100\n|drag|p2a: Staraptor|Staraptor, M|62\/100\n|\n|upkeep\n|turn|10\n|inactive|snurke has 90 seconds left.\n|\n|t:|1646873798\n|move|p2a: Staraptor|Brave Bird|p1a: Klay Thompson\n|-damage|p1a: Klay Thompson|15\/100\n|-damage|p2a: Staraptor|26\/100|[from] Recoil\n|move|p1a: Klay Thompson|Dragon Tail|p2a: Staraptor\n|-damage|p2a: Staraptor|0 fnt\n|faint|p2a: Staraptor\n|\n|-heal|p1a: Klay Thompson|21\/100|[from] item: Leftovers\n|upkeep\n|\n|t:|1646873827\n|switch|p2a: Lucario|Lucario, F|100\/100\n|-damage|p2a: Lucario|88\/100|[from] Spikes\n|turn|11\n|\n|t:|1646873831\n|switch|p1a: Andre Iguodala|Forretress, M, shiny|98\/100\n|-damage|p1a: Andre Iguodala|85\/100|[from] Stealth Rock\n|move|p2a: Lucario|Extreme Speed|p1a: Andre Iguodala\n|-resisted|p1a: Andre Iguodala\n|-damage|p1a: Andre Iguodala|75\/100\n|-damage|p2a: Lucario|78\/100|[from] item: Life Orb\n|\n|-heal|p1a: Andre Iguodala|82\/100|[from] item: Leftovers\n|upkeep\n|turn|12\n|\n|t:|1646873835\n|move|p2a: Lucario|Swords Dance|p2a: Lucario\n|-boost|p2a: Lucario|atk|2\n|move|p1a: Andre Iguodala|Rapid Spin|p2a: Lucario\n|-resisted|p2a: Lucario\n|-damage|p2a: Lucario|71\/100\n|-boost|p1a: Andre Iguodala|spe|1\n|-sideend|p1: snurke|Stealth Rock|[from] move: Rapid Spin|[of] p1a: Andre Iguodala\n|\n|-heal|p1a: Andre Iguodala|88\/100|[from] item: Leftovers\n|upkeep\n|turn|13\n|inactive|snurke has 120 seconds left.\n|\n|t:|1646873843\n|move|p2a: Lucario|Close Combat|p1a: Andre Iguodala\n|-crit|p1a: Andre Iguodala\n|-damage|p1a: Andre Iguodala|0 fnt\n|-unboost|p2a: Lucario|def|1\n|-unboost|p2a: Lucario|spd|1\n|faint|p1a: Andre Iguodala\n|-damage|p2a: Lucario|61\/100|[from] item: Life Orb\n|\n|upkeep\n|\n|t:|1646873846\n|switch|p1a: Steph Curry|Suicune, shiny|100\/100\n|turn|14\n|\n|t:|1646873856\n|move|p2a: Lucario|Close Combat|p1a: Steph Curry\n|-damage|p1a: Steph Curry|11\/100\n|-unboost|p2a: Lucario|def|1\n|-unboost|p2a: Lucario|spd|1\n|-damage|p2a: Lucario|51\/100|[from] item: Life Orb\n|move|p1a: Steph Curry|Scald|p2a: Lucario\n|-damage|p2a: Lucario|0 fnt\n|faint|p2a: Lucario\n|\n|-heal|p1a: Steph Curry|18\/100|[from] item: Leftovers\n|upkeep\n|\n|t:|1646873858\n|switch|p2a: Scizor|Scizor, M|66\/100\n|-damage|p2a: Scizor|53\/100|[from] Spikes\n|turn|15\n|\n|t:|1646873869\n|move|p1a: Steph Curry|Rest|p1a: Steph Curry\n|-status|p1a: Steph Curry|slp|[from] move: Rest\n|-heal|p1a: Steph Curry|100\/100 slp|[silent]\n|move|p2a: Scizor|Defog|p1a: Steph Curry\n|-unboost|p1a: Steph Curry|evasion|1\n|-sideend|p2: comp233|Spikes|[from] move: Defog|[of] p2a: Scizor\n|\n|-heal|p2a: Scizor|59\/100|[from] item: Leftovers\n|upkeep\n|turn|16\n|\n|t:|1646873872\n|cant|p1a: Steph Curry|slp\n|move|p1a: Steph Curry|Sleep Talk|p1a: Steph Curry\n|move|p1a: Steph Curry|Scald|p2a: Scizor|[from]move: Sleep Talk\n|-damage|p2a: Scizor|37\/100\n|move|p2a: Scizor|U-turn|p1a: Steph Curry\n|-damage|p1a: Steph Curry|81\/100 slp\n|\n|t:|1646873879\n|switch|p2a: Mamoswine|Mamoswine, M, shiny|100\/100|[from]move: U-turn\n|\n|-heal|p1a: Steph Curry|87\/100 slp|[from] item: Leftovers\n|upkeep\n|turn|17\n|\n|t:|1646873893\n|move|p2a: Mamoswine|Freeze-Dry|p1a: Steph Curry\n|-supereffective|p1a: Steph Curry\n|-damage|p1a: Steph Curry|40\/100 slp\n|-damage|p2a: Mamoswine|91\/100|[from] item: Life Orb\n|cant|p1a: Steph Curry|slp\n|move|p1a: Steph Curry|Sleep Talk|p1a: Steph Curry\n|move|p1a: Steph Curry|Scald|p2a: Mamoswine|[from]move: Sleep Talk\n|-supereffective|p2a: Mamoswine\n|-damage|p2a: Mamoswine|11\/100\n|\n|-heal|p1a: Steph Curry|46\/100 slp|[from] item: Leftovers\n|upkeep\n|turn|18\n|\n|t:|1646873904\n|switch|p1a: AllStar Wiggins#22|Blissey, F, shiny|100\/100\n|move|p2a: Mamoswine|Earthquake|p1a: AllStar Wiggins#22\n|-damage|p1a: AllStar Wiggins#22|33\/100\n|-damage|p2a: Mamoswine|1\/100|[from] item: Life Orb\n|\n|-heal|p1a: AllStar Wiggins#22|39\/100|[from] item: Leftovers\n|upkeep\n|turn|19\n|\n|t:|1646873914\n|move|p2a: Mamoswine|Earthquake|p1a: AllStar Wiggins#22\n|-damage|p1a: AllStar Wiggins#22|0 fnt\n|faint|p1a: AllStar Wiggins#22\n|-damage|p2a: Mamoswine|0 fnt|[from] item: Life Orb\n|faint|p2a: Mamoswine\n|\n|upkeep\n|\n|t:|1646873927\n|switch|p2a: Infernape|Infernape, M|100\/100\n|switch|p1a: Klay Thompson|Salamence, F|21\/100\n|-ability|p1a: Klay Thompson|Intimidate|boost\n|-unboost|p2a: Infernape|atk|1\n|turn|20\n|\n|t:|1646873937\n|move|p2a: Infernape|Stealth Rock|p1a: Klay Thompson\n|-sidestart|p1: snurke|move: Stealth Rock\n|move|p1a: Klay Thompson|Roost|p1a: Klay Thompson\n|-heal|p1a: Klay Thompson|71\/100\n|-singleturn|p1a: Klay Thompson|move: Roost\n|\n|-heal|p1a: Klay Thompson|77\/100|[from] item: Leftovers\n|upkeep\n|turn|21\n|\n|t:|1646873945\n|switch|p2a: Scizor|Scizor, M|37\/100\n|move|p1a: Klay Thompson|Substitute|p1a: Klay Thompson\n|-start|p1a: Klay Thompson|Substitute\n|-damage|p1a: Klay Thompson|52\/100\n|\n|-heal|p1a: Klay Thompson|59\/100|[from] item: Leftovers\n|-heal|p2a: Scizor|43\/100|[from] item: Leftovers\n|upkeep\n|turn|22\n|\n|t:|1646873950\n|move|p2a: Scizor|Bullet Punch|p1a: Klay Thompson\n|-activate|p1a: Klay Thompson|move: Substitute|[damage]\n|move|p1a: Klay Thompson|Roost|p1a: Klay Thompson\n|-heal|p1a: Klay Thompson|100\/100\n|-singleturn|p1a: Klay Thompson|move: Roost\n|\n|-heal|p2a: Scizor|49\/100|[from] item: Leftovers\n|upkeep\n|turn|23\n|\n|t:|1646873958\n|move|p2a: Scizor|U-turn|p1a: Klay Thompson\n|-resisted|p1a: Klay Thompson\n|-end|p1a: Klay Thompson|Substitute\n|\n|t:|1646873960\n|switch|p2a: Weavile|Weavile, F|100\/100|[from]move: U-turn\n|-ability|p2a: Weavile|Pressure\n|move|p1a: Klay Thompson|Dragon Tail|p2a: Weavile\n|-damage|p2a: Weavile|48\/100\n|drag|p2a: Scizor|Scizor, M|49\/100\n|\n|-heal|p2a: Scizor|55\/100|[from] item: Leftovers\n|upkeep\n|turn|24\n|\n|t:|1646873980\n|move|p1a: Klay Thompson|Substitute|p1a: Klay Thompson\n|-start|p1a: Klay Thompson|Substitute\n|-damage|p1a: Klay Thompson|76\/100\n|move|p2a: Scizor|U-turn|p1a: Klay Thompson\n|-resisted|p1a: Klay Thompson\n|-activate|p1a: Klay Thompson|move: Substitute|[damage]\n|\n|t:|1646873981\n|switch|p2a: Infernape|Infernape, M|100\/100|[from]move: U-turn\n|\n|-heal|p1a: Klay Thompson|82\/100|[from] item: Leftovers\n|upkeep\n|turn|25\n|\n|t:|1646873989\n|move|p2a: Infernape|U-turn|p1a: Klay Thompson\n|-resisted|p1a: Klay Thompson\n|-activate|p1a: Klay Thompson|move: Substitute|[damage]\n|\n|t:|1646873991\n|switch|p2a: Scizor|Scizor, M|55\/100|[from]move: U-turn\n|move|p1a: Klay Thompson|Dragon Tail|p2a: Scizor\n|-resisted|p2a: Scizor\n|-damage|p2a: Scizor|39\/100\n|drag|p2a: Weavile|Weavile, F|48\/100\n|-ability|p2a: Weavile|Pressure\n|\n|-heal|p1a: Klay Thompson|88\/100|[from] item: Leftovers\n|upkeep\n|turn|26\n|\n|t:|1646874001\n|switch|p2a: Scizor|Scizor, M|39\/100\n|move|p1a: Klay Thompson|Dragon Tail|p2a: Scizor\n|-resisted|p2a: Scizor\n|-damage|p2a: Scizor|24\/100\n|drag|p2a: Weavile|Weavile, F|48\/100\n|-ability|p2a: Weavile|Pressure\n|\n|-heal|p1a: Klay Thompson|94\/100|[from] item: Leftovers\n|upkeep\n|turn|27\n|\n|t:|1646874011\n|switch|p2a: Infernape|Infernape, M|100\/100\n|move|p1a: Klay Thompson|Dragon Tail|p2a: Infernape\n|-damage|p2a: Infernape|59\/100\n|drag|p2a: Scizor|Scizor, M|24\/100\n|\n|-heal|p1a: Klay Thompson|99\/100|[from] item: Leftovers\n|-heal|p2a: Scizor|30\/100|[from] item: Leftovers\n|upkeep\n|turn|28\n|\n|t:|1646874023\n|switch|p1a: Steph Curry|Suicune, shiny|46\/100 slp\n|-damage|p1a: Steph Curry|34\/100 slp|[from] Stealth Rock\n|move|p2a: Scizor|Roost|p2a: Scizor\n|-heal|p2a: Scizor|80\/100\n|-singleturn|p2a: Scizor|move: Roost\n|\n|-heal|p1a: Steph Curry|40\/100 slp|[from] item: Leftovers\n|-heal|p2a: Scizor|87\/100|[from] item: Leftovers\n|upkeep\n|turn|29\n|\n|t:|1646874028\n|-curestatus|p1a: Steph Curry|slp|[msg]\n|move|p1a: Steph Curry|Rest|p1a: Steph Curry\n|-status|p1a: Steph Curry|slp|[from] move: Rest\n|-heal|p1a: Steph Curry|100\/100 slp|[silent]\n|move|p2a: Scizor|U-turn|p1a: Steph Curry\n|-damage|p1a: Steph Curry|80\/100 slp\n|\n|t:|1646874035\n|switch|p2a: Infernape|Infernape, M|59\/100|[from]move: U-turn\n|\n|-heal|p1a: Steph Curry|87\/100 slp|[from] item: Leftovers\n|upkeep\n|turn|30\n|\n|t:|1646874040\n|move|p2a: Infernape|Close Combat|p1a: Steph Curry\n|-damage|p1a: Steph Curry|55\/100 slp\n|-unboost|p2a: Infernape|def|1\n|-unboost|p2a: Infernape|spd|1\n|cant|p1a: Steph Curry|slp\n|move|p1a: Steph Curry|Sleep Talk|p1a: Steph Curry\n|move|p1a: Steph Curry|Calm Mind|p1a: Steph Curry|[from]move: Sleep Talk\n|-boost|p1a: Steph Curry|spa|1\n|-boost|p1a: Steph Curry|spd|1\n|\n|-heal|p1a: Steph Curry|61\/100 slp|[from] item: Leftovers\n|upkeep\n|turn|31\n|\n|t:|1646874050\n|move|p2a: Infernape|Close Combat|p1a: Steph Curry\n|-damage|p1a: Steph Curry|30\/100 slp\n|-unboost|p2a: Infernape|def|1\n|-unboost|p2a: Infernape|spd|1\n|cant|p1a: Steph Curry|slp\n|move|p1a: Steph Curry|Sleep Talk|p1a: Steph Curry\n|move|p1a: Steph Curry|Calm Mind|p1a: Steph Curry|[from]move: Sleep Talk\n|-boost|p1a: Steph Curry|spa|1\n|-boost|p1a: Steph Curry|spd|1\n|\n|-heal|p1a: Steph Curry|37\/100 slp|[from] item: Leftovers\n|upkeep\n|turn|32\n|\n|t:|1646874059\n|move|p2a: Infernape|Close Combat|p1a: Steph Curry\n|-damage|p1a: Steph Curry|7\/100 slp\n|-unboost|p2a: Infernape|def|1\n|-unboost|p2a: Infernape|spd|1\n|-curestatus|p1a: Steph Curry|slp|[msg]\n|move|p1a: Steph Curry|Rest|p1a: Steph Curry\n|-status|p1a: Steph Curry|slp|[from] move: Rest\n|-heal|p1a: Steph Curry|100\/100 slp|[silent]\n|\n|upkeep\n|turn|33\n|\n|t:|1646874067\n|move|p2a: Infernape|Close Combat|p1a: Steph Curry\n|-damage|p1a: Steph Curry|69\/100 slp\n|-unboost|p2a: Infernape|def|1\n|-unboost|p2a: Infernape|spd|1\n|cant|p1a: Steph Curry|slp\n|move|p1a: Steph Curry|Sleep Talk|p1a: Steph Curry\n|move|p1a: Steph Curry|Scald|p2a: Infernape|[from]move: Sleep Talk\n|-supereffective|p2a: Infernape\n|-damage|p2a: Infernape|0 fnt\n|faint|p2a: Infernape\n|\n|-heal|p1a: Steph Curry|75\/100 slp|[from] item: Leftovers\n|upkeep\n|-message|comp233 forfeited.\n|\n|win|snurke\n|raw|snurke's rating: 1532 &rarr; <strong>1552<\/strong><br \/>(+20 for winning)\n|raw|comp233's rating: 1539 &rarr; <strong>1519<\/strong><br \/>(-20 for losing)\n|c|\u2606snurke|gg\n||Ladder isn't responding, score probably updated but might not have (Request timeout).\n","uploadtime":1646874077,"views":13,"p1id":"snurke","p2id":"comp233","formatid":"gen8bdspou","rating":1519,"private":0,"password":null}