{"id":"gen8ou-1504606745","p1":"z1x2c3","p2":"VirginJimmy99","format":"gen8ou","log":"|j|\u203dz1x2c3\n|j|\u2606VirginJimmy99\n|t:|1644018527\n|gametype|singles\n|player|p1|z1x2c3|266|1488\n|player|p2|VirginJimmy99|rocketgrunt|1463\n|teamsize|p1|6\n|teamsize|p2|6\n|gen|8\n|tier|[Gen 8] OU\n|rated|\n|rule|Sleep Clause Mod: Limit one foe put to sleep\n|rule|Species Clause: Limit one of each Pok\u00e9mon\n|rule|OHKO Clause: OHKO moves are banned\n|rule|Evasion Moves Clause: Evasion moves are banned\n|rule|Endless Battle Clause: Forcing endless battles is banned\n|rule|HP Percentage Mod: HP is shown in percentages\n|rule|Dynamax Clause: You cannot dynamax\n|clearpoke\n|poke|p1|Tapu Fini|\n|poke|p1|Magnezone|\n|poke|p1|Tapu Lele|\n|poke|p1|Kartana|\n|poke|p1|Hawlucha, M|\n|poke|p1|Landorus-Therian, M|\n|poke|p2|Polteageist|\n|poke|p2|Ninetales-Alola, F|\n|poke|p2|Weavile, M|\n|poke|p2|Landorus-Therian, M|\n|poke|p2|Blaziken, F|\n|poke|p2|Salamence, F|\n|teampreview\n|inactive|Battle timer is ON: inactive players will automatically lose when time's up. (requested by z1x2c3)\n|\n|t:|1644018555\n|start\n|switch|p1a: Tapu Fini|Tapu Fini|100\/100\n|switch|p2a: Landorus|Landorus-Therian, M|100\/100\n|-fieldstart|move: Misty Terrain|[from] ability: Misty Surge|[of] p1a: Tapu Fini\n|-ability|p2a: Landorus|Intimidate|boost\n|-unboost|p1a: Tapu Fini|atk|1\n|turn|1\n|\n|t:|1644018558\n|switch|p2a: Ninetales|Ninetales-Alola, F|100\/100\n|-weather|Hail|[from] ability: Snow Warning|[of] p2a: Ninetales\n|move|p1a: Tapu Fini|Moonblast|p2a: Ninetales\n|-damage|p2a: Ninetales|63\/100\n|-unboost|p2a: Ninetales|spa|1\n|\n|-weather|Hail|[upkeep]\n|-damage|p1a: Tapu Fini|94\/100|[from] Hail\n|upkeep\n|turn|2\n|\n|t:|1644018560\n|move|p1a: Tapu Fini|Moonblast|p2a: Ninetales\n|-damage|p2a: Ninetales|26\/100\n|move|p2a: Ninetales|Aurora Veil|p2a: Ninetales\n|-sidestart|p2: VirginJimmy99|move: Aurora Veil\n|\n|-weather|Hail|[upkeep]\n|-damage|p1a: Tapu Fini|88\/100|[from] Hail\n|upkeep\n|turn|3\n|inactive|z1x2c3 has 120 seconds left.\n|\n|t:|1644018595\n|switch|p1a: Landorus|Landorus-Therian, M|100\/100\n|-ability|p1a: Landorus|Intimidate|boost\n|-unboost|p2a: Ninetales|atk|1\n|switch|p2a: Polteageist|Polteageist|100\/100\n|\n|-weather|Hail|[upkeep]\n|-damage|p2a: Polteageist|94\/100|[from] Hail\n|-damage|p1a: Landorus|94\/100|[from] Hail\n|-heal|p1a: Landorus|100\/100|[from] item: Leftovers\n|upkeep\n|turn|4\n|\n|t:|1644018597\n|move|p2a: Polteageist|Shell Smash|p2a: Polteageist\n|-unboost|p2a: Polteageist|def|1\n|-unboost|p2a: Polteageist|spd|1\n|-boost|p2a: Polteageist|atk|2\n|-boost|p2a: Polteageist|spa|2\n|-boost|p2a: Polteageist|spe|2\n|-enditem|p2a: Polteageist|White Herb\n|-clearnegativeboost|p2a: Polteageist|[silent]\n|move|p1a: Landorus|Earthquake|p2a: Polteageist\n|-damage|p2a: Polteageist|49\/100\n|\n|-weather|Hail|[upkeep]\n|-damage|p2a: Polteageist|43\/100|[from] Hail\n|-damage|p1a: Landorus|94\/100|[from] Hail\n|-heal|p1a: Landorus|100\/100|[from] item: Leftovers\n|upkeep\n|turn|5\n|\n|t:|1644018609\n|move|p2a: Polteageist|Strength Sap|p1a: Landorus\n|-unboost|p1a: Landorus|atk|1\n|-heal|p2a: Polteageist|100\/100\n|move|p1a: Landorus|Earthquake|p2a: Polteageist\n|-damage|p2a: Polteageist|69\/100\n|\n|-weather|none\n|-fieldend|Misty Terrain\n|upkeep\n|turn|6\n|inactive|z1x2c3 has 120 seconds left.\n|inactive|z1x2c3 has 90 seconds left.\n|inactive|VirginJimmy99 has 120 seconds left.\n|inactive|VirginJimmy99 has 90 seconds left.\n|\n|t:|1644018685\n|move|p2a: Polteageist|Shell Smash|p2a: Polteageist\n|-unboost|p2a: Polteageist|def|1\n|-unboost|p2a: Polteageist|spd|1\n|-boost|p2a: Polteageist|atk|2\n|-boost|p2a: Polteageist|spa|2\n|-boost|p2a: Polteageist|spe|2\n|move|p1a: Landorus|Stealth Rock|p2a: Polteageist\n|-sidestart|p2: VirginJimmy99|move: Stealth Rock\n|\n|upkeep\n|turn|7\n|inactive|VirginJimmy99 has 90 seconds left.\n|inactive|z1x2c3 has 60 seconds left.\n|inactive|z1x2c3 has 30 seconds left.\n|\n|t:|1644018751\n|switch|p1a: Magnezone|Magnezone|100\/100\n|move|p2a: Polteageist|Giga Drain|p1a: Magnezone\n|-resisted|p1a: Magnezone\n|-damage|p1a: Magnezone|54\/100\n|-heal|p2a: Polteageist|98\/100|[from] drain|[of] p1a: Magnezone\n|\n|upkeep\n|turn|8\n|inactive|z1x2c3 has 30 seconds left.\n|inactive|VirginJimmy99 has 90 seconds left.\n|inactive|z1x2c3 has 20 seconds left.\n|inactive|z1x2c3 has 15 seconds left.\n|inactive|z1x2c3 has 10 seconds left.\n|inactive|z1x2c3 has 5 seconds left.\n|inactive|VirginJimmy99 has 60 seconds left.\n|-message|z1x2c3 lost due to inactivity.\n|\n|win|VirginJimmy99\n|raw|z1x2c3's rating: 1488 &rarr; <strong>1467<\/strong><br \/>(-21 for losing)\n|raw|VirginJimmy99's rating: 1463 &rarr; <strong>1484<\/strong><br \/>(+21 for winning)\n","uploadtime":1644018801,"views":17,"p1id":"z1x2c3","p2id":"virginjimmy99","formatid":"gen8ou","rating":1467,"private":0,"password":null}