{"id":"gen8ou-1665668865","p1":"broked on bricks","p2":"AmogusFan2020","format":"gen8ou","log":"|j|\u2606broked on bricks\n|j|\u2606AmogusFan2020\n|t:|1663329591\n|gametype|singles\n|player|p1|broked on bricks|psychic-gen2|1620\n|player|p2|AmogusFan2020|marley|1684\n|teamsize|p1|6\n|teamsize|p2|6\n|gen|8\n|tier|[Gen 8] OU\n|rated|\n|rule|Sleep Clause Mod: Limit one foe put to sleep\n|rule|Species Clause: Limit one of each Pok\u00e9mon\n|rule|OHKO Clause: OHKO moves are banned\n|rule|Evasion Items Clause: Evasion items are banned\n|rule|Evasion Moves Clause: Evasion moves are banned\n|rule|Endless Battle Clause: Forcing endless battles is banned\n|rule|HP Percentage Mod: HP is shown in percentages\n|rule|Dynamax Clause: You cannot dynamax\n|clearpoke\n|poke|p1|Pelipper, F|\n|poke|p1|Keldeo-Resolute|\n|poke|p1|Dragapult, F|\n|poke|p1|Tapu Lele|\n|poke|p1|Melmetal|\n|poke|p1|Landorus-Therian, M|\n|poke|p2|Tapu Lele|\n|poke|p2|Buzzwole|\n|poke|p2|Dragapult, M|\n|poke|p2|Porygon2|\n|poke|p2|Landorus-Therian, M|\n|poke|p2|Tyranitar, M|\n|teampreview\n|c|\u2606AmogusFan2020|glhf\n|c|\u2606AmogusFan2020|this feels like a ctc name\n|c|\u2606broked on bricks|sick team, are you still a fan of amogus\n|c|\u2606broked on bricks|lmao I wish\n|c|\u2606broked on bricks|but yeah ctc fan not the man himself\n|\n|t:|1663329637\n|start\n|switch|p1a: Keldeo|Keldeo-Resolute|100\/100\n|switch|p2a: Tapu Lele|Tapu Lele|100\/100\n|-fieldstart|move: Psychic Terrain|[from] ability: Psychic Surge|[of] p2a: Tapu Lele\n|turn|1\n|\n|t:|1663329657\n|switch|p1a: Melmetal|Melmetal|100\/100\n|move|p2a: Tapu Lele|Focus Blast|p1a: Melmetal\n|-supereffective|p1a: Melmetal\n|-crit|p1a: Melmetal\n|-damage|p1a: Melmetal|0 fnt\n|faint|p1a: Melmetal\n|\n|upkeep\n|\n|t:|1663329662\n|switch|p1a: Pelipper|Pelipper, F|100\/100\n|-weather|RainDance|[from] ability: Drizzle|[of] p1a: Pelipper\n|turn|2\n|c|\u2606AmogusFan2020|you just did something that rhymes with broked on bricks right there\n|\n|t:|1663329671\n|switch|p2a: Tyranitar|Tyranitar, M|100\/100\n|-weather|Sandstorm|[from] ability: Sand Stream|[of] p2a: Tyranitar\n|move|p1a: Pelipper|U-turn|p2a: Tyranitar\n|-supereffective|p2a: Tyranitar\n|-damage|p2a: Tyranitar|88\/100\n|c|\u2606broked on bricks|I was okay with sacking that\n|\n|t:|1663329680\n|switch|p1a: Keldeo|Keldeo-Resolute|100\/100|[from]move: U-turn\n|\n|-weather|Sandstorm|[upkeep]\n|-damage|p1a: Keldeo|94\/100|[from] Sandstorm\n|upkeep\n|turn|3\n|c|\u2606broked on bricks|but yeah lol\n|\n|t:|1663329694\n|switch|p2a: Tapu Lele|Tapu Lele|100\/100\n|move|p1a: Keldeo|Icy Wind|p2a: Tapu Lele\n|-damage|p2a: Tapu Lele|70\/100\n|-unboost|p2a: Tapu Lele|spe|1\n|\n|-weather|Sandstorm|[upkeep]\n|-damage|p1a: Keldeo|88\/100|[from] Sandstorm\n|-damage|p2a: Tapu Lele|63\/100|[from] Sandstorm\n|upkeep\n|turn|4\n|\n|t:|1663329699\n|switch|p1a: Landorus|Landorus-Therian, M|100\/100\n|-ability|p1a: Landorus|Intimidate|boost\n|-unboost|p2a: Tapu Lele|atk|1\n|move|p2a: Tapu Lele|Moonblast|p1a: Landorus\n|-damage|p1a: Landorus|34\/100\n|-unboost|p1a: Landorus|spa|1\n|-enditem|p1a: Landorus|Eject Button\n|\n|t:|1663329703\n|switch|p1a: Pelipper|Pelipper, F|100\/100\n|-weather|RainDance|[from] ability: Drizzle|[of] p1a: Pelipper\n|\n|-weather|RainDance|[upkeep]\n|upkeep\n|turn|5\n|\n|t:|1663329708\n|move|p1a: Pelipper|Scald|p2a: Tapu Lele\n|-damage|p2a: Tapu Lele|0 fnt\n|faint|p2a: Tapu Lele\n|\n|-weather|RainDance|[upkeep]\n|-fieldend|move: Psychic Terrain\n|upkeep\n|\n|t:|1663329712\n|switch|p2a: Tyranitar|Tyranitar, M|88\/100\n|-weather|Sandstorm|[from] ability: Sand Stream|[of] p2a: Tyranitar\n|turn|6\n|j| ledenicheur2\n|\n|t:|1663329723\n|switch|p1a: Landorus|Landorus-Therian, M|34\/100\n|-ability|p1a: Landorus|Intimidate|boost\n|-unboost|p2a: Tyranitar|atk|1\n|move|p2a: Tyranitar|Stone Edge|p1a: Landorus\n|-crit|p1a: Landorus\n|-damage|p1a: Landorus|0 fnt\n|faint|p1a: Landorus\n|\n|-weather|Sandstorm|[upkeep]\n|upkeep\n|j| jeanmilapipe\n|inactive|Battle timer is ON: inactive players will automatically lose when time's up. (requested by AmogusFan2020)\n|\n|t:|1663329728\n|switch|p1a: Pelipper|Pelipper, F|100\/100\n|-weather|RainDance|[from] ability: Drizzle|[of] p1a: Pelipper\n|turn|7\n|\n|t:|1663329734\n|move|p1a: Pelipper|Weather Ball|p2a: Tyranitar\n|-supereffective|p2a: Tyranitar\n|-damage|p2a: Tyranitar|0 fnt\n|faint|p2a: Tyranitar\n|\n|-weather|RainDance|[upkeep]\n|upkeep\n|c|\u2606AmogusFan2020|damn\n|c|\u2606AmogusFan2020|surprised that kills\n|c|\u2606broked on bricks|weatherballs2004\n|\n|t:|1663329756\n|switch|p2a: Dragapult|Dragapult, M|100\/100\n|turn|8\n|\n|t:|1663329763\n|move|p2a: Dragapult|Shadow Ball|p1a: Pelipper\n|-damage|p1a: Pelipper|15\/100\n|move|p1a: Pelipper|Weather Ball|p2a: Dragapult\n|-resisted|p2a: Dragapult\n|-damage|p2a: Dragapult|30\/100\n|\n|-weather|RainDance|[upkeep]\n|upkeep\n|turn|9\n|j| Namenots\n|\n|t:|1663329778\n|move|p2a: Dragapult|Shadow Ball|p1a: Pelipper\n|-damage|p1a: Pelipper|0 fnt\n|faint|p1a: Pelipper\n|\n|-weather|RainDance|[upkeep]\n|upkeep\n|j| Serendipitying\n|\n|t:|1663329795\n|switch|p1a: Keldeo|Keldeo-Resolute|88\/100\n|turn|10\n|l| Serendipitying\n|\n|t:|1663329801\n|switch|p2a: Porygon2|Porygon2|100\/100\n|-ability|p2a: Porygon2|Justified|[from] ability: Trace|[of] p1a: Keldeo\n|move|p1a: Keldeo|Surf|p2a: Porygon2\n|-damage|p2a: Porygon2|50\/100\n|\n|-weather|RainDance|[upkeep]\n|upkeep\n|turn|11\n|\n|t:|1663329806\n|move|p1a: Keldeo|Surf|p2a: Porygon2\n|-damage|p2a: Porygon2|2\/100\n|move|p2a: Porygon2|Thunder Wave|p1a: Keldeo\n|-status|p1a: Keldeo|par\n|\n|-weather|none\n|upkeep\n|turn|12\n|\n|t:|1663329810\n|move|p1a: Keldeo|Surf|p2a: Porygon2\n|-damage|p2a: Porygon2|0 fnt\n|faint|p2a: Porygon2\n|\n|upkeep\n|c|\u2606AmogusFan2020|i shoulda recovered\n|c|\u2606AmogusFan2020|i'm ass\n|\n|t:|1663329821\n|switch|p2a: Landorus|Landorus-Therian, M|100\/100\n|-ability|p2a: Landorus|Intimidate|boost\n|-unboost|p1a: Keldeo|atk|1\n|turn|13\n|\n|t:|1663329828\n|move|p2a: Landorus|Earthquake|p1a: Keldeo\n|-damage|p1a: Keldeo|22\/100 par\n|move|p1a: Keldeo|Surf|p2a: Landorus\n|-supereffective|p2a: Landorus\n|-damage|p2a: Landorus|0 fnt\n|faint|p2a: Landorus\n|\n|upkeep\n|c|\u2606broked on bricks|hey you did the thing that rhymes with\n|c|\u2606broked on bricks|jokes man good game I like your team\n|c|\u2606AmogusFan2020|hahahha ty ty\n|\n|t:|1663329844\n|switch|p2a: Dragapult|Dragapult, M|30\/100\n|turn|14\n|\n|t:|1663329846\n|move|p2a: Dragapult|Shadow Ball|p1a: Keldeo\n|-damage|p1a: Keldeo|0 fnt\n|faint|p1a: Keldeo\n|\n|upkeep\n|\n|t:|1663329848\n|switch|p1a: Tapu Lele|Tapu Lele|100\/100\n|-fieldstart|move: Psychic Terrain|[from] ability: Psychic Surge|[of] p1a: Tapu Lele\n|turn|15\n|c|\u2606AmogusFan2020|is that scarf or specs lele\n|\n|t:|1663329852\n|move|p1a: Tapu Lele|Moonblast|p2a: Dragapult\n|-supereffective|p2a: Dragapult\n|-damage|p2a: Dragapult|0 fnt\n|faint|p2a: Dragapult\n|\n|upkeep\n|c|\u2606AmogusFan2020|ggs\n|c|\u2606broked on bricks|scarf modest\n|c|\u2606broked on bricks|ggs\n|-message|AmogusFan2020 forfeited.\n|\n|win|broked on bricks\n|raw|broked on bricks's rating: 1620 &rarr; <strong>1644<\/strong><br \/>(+24 for winning)\n|raw|AmogusFan2020's rating: 1684 &rarr; <strong>1660<\/strong><br \/>(-24 for losing)\n|l|\u2606AmogusFan2020\n|c|\u2606broked on bricks|hm\n|c|\u2606broked on bricks|hey everyone that's in here\n|c|\u2606broked on bricks|do you reckon I had a better play turn 2\n||Ladder isn't responding, score probably updated but might not have (Request timeout).\n","uploadtime":1663329862,"views":7,"p1id":"brokedonbricks","p2id":"amogusfan2020","formatid":"gen8ou","rating":1644,"private":0,"password":null}