{"id":"gen8lc-1548292636","p1":"Laroxyl","p2":"QuinnxD","format":"gen8lc","log":"|j|\u2606Laroxyl\n|j|\u2606QuinnxD\n|t:|1649355179\n|gametype|singles\n|player|p1|Laroxyl|#scl1spartans|\n|player|p2|QuinnxD|skyla|\n|teamsize|p1|6\n|teamsize|p2|6\n|gen|8\n|tier|[Gen 8] LC\n|rule|Sleep Clause Mod: Limit one foe put to sleep\n|rule|Species Clause: Limit one of each Pok\u00e9mon\n|rule|OHKO Clause: OHKO moves are banned\n|rule|Evasion Moves Clause: Evasion moves are banned\n|rule|Endless Battle Clause: Forcing endless battles is banned\n|rule|HP Percentage Mod: HP is shown in percentages\n|rule|Dynamax Clause: You cannot dynamax\n|clearpoke\n|poke|p1|Snover, L5, F|\n|poke|p1|Sandshrew-Alola, L5, M|\n|poke|p1|Diglett, L5, F|\n|poke|p1|Mienfoo, L5, F|\n|poke|p1|Natu, L5, M|\n|poke|p1|Onix, L5, M|\n|poke|p2|Mienfoo, L5, M|\n|poke|p2|Natu, L5, M|\n|poke|p2|Trapinch, L5, M|\n|poke|p2|Ferroseed, L5, F|\n|poke|p2|Porygon, L5|\n|poke|p2|Koffing, L5, M|\n|teampreview\n|c|\u2606Laroxyl|hf\n|c|\u2606QuinnxD|y2\n|inactive|Battle timer is ON: inactive players will automatically lose when time's up. (requested by Laroxyl)\n|\n|t:|1649355229\n|start\n|switch|p1a: Mienfoo|Mienfoo, L5, F|100\/100\n|switch|p2a: Koffing|Koffing, L5, M|100\/100\n|-ability|p2a: Koffing|Neutralizing Gas\n|turn|1\n|\n|t:|1649355236\n|move|p1a: Mienfoo|Fake Out|p2a: Koffing\n|-damage|p2a: Koffing|90\/100\n|cant|p2a: Koffing|flinch\n|\n|upkeep\n|turn|2\n|\n|t:|1649355240\n|switch|p1a: Onix|Onix, L5, M|100\/100\n|move|p2a: Koffing|Sludge Bomb|p1a: Onix\n|-resisted|p1a: Onix\n|-damage|p1a: Onix|90\/100\n|\n|upkeep\n|turn|3\n|\n|t:|1649355261\n|-end|p2a: Koffing|ability: Neutralizing Gas\n|switch|p2a: Mienfoo|Mienfoo, L5, M|100\/100\n|move|p1a: Onix|Stealth Rock|p2a: Mienfoo\n|-sidestart|p2: QuinnxD|move: Stealth Rock\n|\n|upkeep\n|turn|4\n|inactive|QuinnxD has 270 seconds left.\n|\n|t:|1649355287\n|move|p1a: Onix|Earthquake|p2a: Mienfoo\n|-damage|p2a: Mienfoo|58\/100\n|move|p2a: Mienfoo|High Jump Kick|p1a: Onix\n|-supereffective|p1a: Onix\n|-damage|p1a: Onix|20\/100\n|\n|upkeep\n|turn|5\n|inactive|QuinnxD has 270 seconds left.\n|inactive|Laroxyl has 270 seconds left.\n|inactive|QuinnxD has 240 seconds left.\n|inactive|Laroxyl has 240 seconds left.\n|\n|t:|1649355355\n|move|p1a: Onix|Earthquake|p2a: Mienfoo\n|-damage|p2a: Mienfoo|15\/100\n|move|p2a: Mienfoo|Knock Off|p1a: Onix\n|-damage|p1a: Onix|0 fnt\n|-enditem|p1a: Onix|Eviolite|[from] move: Knock Off|[of] p2a: Mienfoo\n|faint|p1a: Onix\n|\n|upkeep\n|inactive|Laroxyl has 210 seconds left.\n|j| draghi in trip\n|inactive|Laroxyl has 180 seconds left.\n|\n|t:|1649355408\n|switch|p1a: Diglett|Diglett, L5, F|100\/100\n|turn|6\n|\n|t:|1649355411\n|move|p1a: Diglett|Earthquake|p2a: Mienfoo\n|-damage|p2a: Mienfoo|0 fnt\n|faint|p2a: Mienfoo\n|-damage|p1a: Diglett|95\/100|[from] item: Life Orb\n|\n|upkeep\n|inactive|QuinnxD has 240 seconds left.\n|inactive|QuinnxD has 210 seconds left.\n|\n|t:|1649355454\n|switch|p2a: Porygon|Porygon, L5|100\/100\n|-damage|p2a: Porygon|92\/100|[from] Stealth Rock\n|-ability|p2a: Porygon|Download|boost\n|-boost|p2a: Porygon|atk|1\n|turn|7\n|inactive|QuinnxD has 210 seconds left.\n|\n|t:|1649355476\n|switch|p1a: Mienfoo|Mienfoo, L5, F|100\/100\n|move|p2a: Porygon|Ice Beam|p1a: Mienfoo\n|-damage|p1a: Mienfoo|67\/100\n|\n|upkeep\n|turn|8\n|\n|t:|1649355483\n|switch|p2a: Koffing|Koffing, L5, M|90\/100\n|-ability|p2a: Koffing|Neutralizing Gas\n|-damage|p2a: Koffing|80\/100|[from] Stealth Rock\n|move|p1a: Mienfoo|U-turn|p2a: Koffing\n|-resisted|p2a: Koffing\n|-damage|p2a: Koffing|70\/100\n|inactive|Laroxyl has 180 seconds left.\n|\n|t:|1649355505\n|switch|p1a: Diglett|Diglett, L5, F|95\/100|[from]move: U-turn\n|\n|upkeep\n|turn|9\n|inactive|Laroxyl has 180 seconds left.\n|inactive|QuinnxD has 210 seconds left.\n|\n|t:|1649355527\n|-end|p2a: Koffing|ability: Neutralizing Gas\n|switch|p2a: Trapinch|Trapinch, L5, M|100\/100\n|-damage|p2a: Trapinch|96\/100|[from] Stealth Rock\n|move|p1a: Diglett|Earthquake|p2a: Trapinch\n|-damage|p2a: Trapinch|37\/100\n|-damage|p1a: Diglett|89\/100|[from] item: Life Orb\n|\n|upkeep\n|turn|10\n|\n|t:|1649355532\n|move|p2a: Trapinch|First Impression|p1a: Diglett\n|-damage|p1a: Diglett|12\/100\n|move|p1a: Diglett|Earthquake|p2a: Trapinch\n|-damage|p2a: Trapinch|0 fnt\n|faint|p2a: Trapinch\n|-damage|p1a: Diglett|6\/100|[from] item: Life Orb\n|\n|upkeep\n|\n|t:|1649355539\n|switch|p2a: Porygon|Porygon, L5|92\/100\n|-damage|p2a: Porygon|83\/100|[from] Stealth Rock\n|-ability|p2a: Porygon|Download|boost\n|-boost|p2a: Porygon|atk|1\n|turn|11\n|\n|t:|1649355544\n|move|p1a: Diglett|Sucker Punch|p2a: Porygon\n|-damage|p2a: Porygon|44\/100\n|-damage|p1a: Diglett|0 fnt|[from] item: Life Orb\n|faint|p1a: Diglett\n|move|p2a: Porygon|Tri Attack|p1: Diglett|[notarget]\n|-fail|p2a: Porygon\n|\n|upkeep\n|inactive|Laroxyl has 180 seconds left.\n|\n|t:|1649355573\n|switch|p1a: Snover|Snover, L5, F|100\/100\n|-weather|Hail|[from] ability: Snow Warning|[of] p1a: Snover\n|turn|12\n|inactive|QuinnxD has 240 seconds left.\n|\n|t:|1649355594\n|switch|p2a: Ferroseed|Ferroseed, L5, F|100\/100\n|-damage|p2a: Ferroseed|96\/100|[from] Stealth Rock\n|move|p1a: Snover|Blizzard|p2a: Ferroseed\n|-damage|p2a: Ferroseed|64\/100\n|\n|-weather|Hail|[upkeep]\n|-damage|p2a: Ferroseed|60\/100|[from] Hail\n|upkeep\n|turn|13\n|\n|t:|1649355604\n|move|p1a: Snover|Blizzard|p2a: Ferroseed\n|-damage|p2a: Ferroseed|28\/100\n|move|p2a: Ferroseed|Stealth Rock|p1a: Snover\n|-sidestart|p1: Laroxyl|move: Stealth Rock\n|\n|-weather|Hail|[upkeep]\n|-damage|p2a: Ferroseed|23\/100|[from] Hail\n|upkeep\n|turn|14\n|\n|t:|1649355614\n|move|p1a: Snover|Blizzard|p2a: Ferroseed\n|-crit|p2a: Ferroseed\n|-damage|p2a: Ferroseed|0 fnt\n|faint|p2a: Ferroseed\n|\n|-weather|Hail|[upkeep]\n|upkeep\n|inactive|QuinnxD has 210 seconds left.\n|\n|t:|1649355651\n|switch|p2a: Natu|Natu, L5, M|100\/100\n|-damage|p2a: Natu|77\/100|[from] Stealth Rock\n|turn|15\n|\n|t:|1649355665\n|switch|p1a: Natu|Natu, L5, M|100\/100\n|-damage|p1a: Natu|77\/100|[from] Stealth Rock\n|move|p2a: Natu|Heat Wave|p1a: Natu\n|-damage|p1a: Natu|24\/100\n|-enditem|p1a: Natu|Eject Button\n|\n|t:|1649355670\n|switch|p1a: Sandshrew|Sandshrew-Alola, L5, M|100\/100\n|-damage|p1a: Sandshrew|91\/100|[from] Stealth Rock\n|\n|-weather|Hail|[upkeep]\n|-damage|p2a: Natu|72\/100|[from] Hail\n|upkeep\n|turn|16\n|\n|t:|1649355678\n|move|p1a: Sandshrew|Triple Axel|p2a: Natu\n|-supereffective|p2a: Natu\n|-damage|p2a: Natu|43\/100\n|-supereffective|p2a: Natu\n|-damage|p2a: Natu|5\/100\n|-supereffective|p2a: Natu\n|-damage|p2a: Natu|0 fnt\n|faint|p2a: Natu\n|-hitcount|p2: Natu|3\n|\n|-weather|Hail|[upkeep]\n|upkeep\n|\n|t:|1649355693\n|switch|p2a: Koffing|Koffing, L5, M|70\/100\n|-ability|p2a: Koffing|Neutralizing Gas\n|-damage|p2a: Koffing|60\/100|[from] Stealth Rock\n|turn|17\n|inactive|Laroxyl has 210 seconds left.\n|\n|t:|1649355727\n|move|p1a: Sandshrew|Earthquake|p2a: Koffing\n|-supereffective|p2a: Koffing\n|-damage|p2a: Koffing|0 fnt\n|faint|p2a: Koffing\n|-end|p2a: Koffing|ability: Neutralizing Gas\n|\n|-weather|Hail|[upkeep]\n|upkeep\n|\n|t:|1649355730\n|switch|p2a: Porygon|Porygon, L5|44\/100\n|-damage|p2a: Porygon|35\/100|[from] Stealth Rock\n|-ability|p2a: Porygon|Download|boost\n|-boost|p2a: Porygon|spa|1\n|turn|18\n|c|\u2606Laroxyl|gg\n|c|\u2606QuinnxD|gg\n|\n|t:|1649355736\n|move|p1a: Sandshrew|Earthquake|p2a: Porygon\n|-damage|p2a: Porygon|0 fnt\n|faint|p2a: Porygon\n|\n|win|Laroxyl\n","uploadtime":1649355741,"views":127,"p1id":"laroxyl","p2id":"quinnxd","formatid":"gen8lc","rating":0,"private":0,"password":null}