{"id":"gen8ou-1686778895","p1":"ninjadouche","p2":"superrouchuan","format":"gen8ou","log":"|html|<div class=\"broadcast-blue\"><strong>[Gen 8] OU is currently suspecting Melmetal! For information on how to participate check out the <a href=\"https:\/\/www.smogon.com\/forums\/threads\/np-ss-ou-suspect-process-round-12-monster-mash.3709234\/\">suspect thread<\/a>.<\/strong><\/div>\n|j|\u2606ninjadouche\n|j|\u2606superrouchuan\n|t:|1665881431\n|gametype|singles\n|player|p1|ninjadouche|burglar|1554\n|player|p2|superrouchuan|clown|1537\n|teamsize|p1|6\n|teamsize|p2|6\n|gen|8\n|tier|[Gen 8] OU\n|rated|\n|rule|Sleep Clause Mod: Limit one foe put to sleep\n|rule|Species Clause: Limit one of each Pok\u00e9mon\n|rule|OHKO Clause: OHKO moves are banned\n|rule|Evasion Items Clause: Evasion items are banned\n|rule|Evasion Moves Clause: Evasion moves are banned\n|rule|Endless Battle Clause: Forcing endless battles is banned\n|rule|HP Percentage Mod: HP is shown in percentages\n|rule|Dynamax Clause: You cannot dynamax\n|clearpoke\n|poke|p1|Marowak-Alola, F|\n|poke|p1|Ninetales, F|\n|poke|p1|Rotom-Wash|\n|poke|p1|Snorlax, F|\n|poke|p1|Shiftry, M|\n|poke|p1|Aggron, F|\n|poke|p2|Snorlax, M|\n|poke|p2|Tapu Lele|\n|poke|p2|Tyranitar, F|\n|poke|p2|Zapdos|\n|poke|p2|Garchomp, F|\n|poke|p2|Buzzwole|\n|teampreview\n|j| Udfhr\n|l| Udfhr\n|inactive|Battle timer is ON: inactive players will automatically lose when time's up. (requested by superrouchuan)\n|\n|t:|1665881453\n|start\n|switch|p1a: Snorlax|Snorlax, F|100\/100\n|switch|p2a: \u9f99\u7237\uff08\u867d\u7136\u8fd8\u662f\u4e0d\u4f1a\u9f99\u821e\uff09|Garchomp, F|100\/100\n|turn|1\n|\n|t:|1665881459\n|move|p2a: \u9f99\u7237\uff08\u867d\u7136\u8fd8\u662f\u4e0d\u4f1a\u9f99\u821e\uff09|Earthquake|p1a: Snorlax\n|-damage|p1a: Snorlax|15\/100\n|move|p1a: Snorlax|Ice Punch|p2a: \u9f99\u7237\uff08\u867d\u7136\u8fd8\u662f\u4e0d\u4f1a\u9f99\u821e\uff09\n|-supereffective|p2a: \u9f99\u7237\uff08\u867d\u7136\u8fd8\u662f\u4e0d\u4f1a\u9f99\u821e\uff09\n|-damage|p2a: \u9f99\u7237\uff08\u867d\u7136\u8fd8\u662f\u4e0d\u4f1a\u9f99\u821e\uff09|0 fnt\n|-damage|p1a: Snorlax|2\/100|[from] ability: Rough Skin|[of] p2a: \u9f99\u7237\uff08\u867d\u7136\u8fd8\u662f\u4e0d\u4f1a\u9f99\u821e\uff09\n|faint|p2a: \u9f99\u7237\uff08\u867d\u7136\u8fd8\u662f\u4e0d\u4f1a\u9f99\u821e\uff09\n|\n|upkeep\n|\n|t:|1665881466\n|switch|p2a: \u8776\u795e|Tapu Lele|100\/100\n|-fieldstart|move: Psychic Terrain|[from] ability: Psychic Surge|[of] p2a: \u8776\u795e\n|turn|2\n|\n|t:|1665881471\n|move|p2a: \u8776\u795e|Psychic|p1a: Snorlax\n|-damage|p1a: Snorlax|0 fnt\n|faint|p1a: Snorlax\n|\n|upkeep\n|\n|t:|1665881476\n|switch|p1a: Shiftry|Shiftry, M|100\/100\n|turn|3\n|\n|t:|1665881481\n|switch|p2a: \u9e1f\u54e5|Zapdos, shiny|100\/100\n|move|p1a: Shiftry|Knock Off|p2a: \u9e1f\u54e5\n|-damage|p2a: \u9e1f\u54e5|55\/100\n|-damage|p1a: Shiftry|84\/100|[from] item: Rocky Helmet|[of] p2a: \u9e1f\u54e5\n|-enditem|p2a: \u9e1f\u54e5|Rocky Helmet|[from] move: Knock Off|[of] p1a: Shiftry\n|-damage|p1a: Shiftry|74\/100|[from] item: Life Orb\n|\n|upkeep\n|turn|4\n|\n|t:|1665881492\n|switch|p1a: Ninetales|Ninetales, F, shiny|100\/100\n|-weather|SunnyDay|[from] ability: Drought|[of] p1a: Ninetales\n|move|p2a: \u9e1f\u54e5|Roost|p2a: \u9e1f\u54e5\n|-heal|p2a: \u9e1f\u54e5|100\/100\n|-singleturn|p2a: \u9e1f\u54e5|move: Roost\n|\n|-weather|SunnyDay|[upkeep]\n|upkeep\n|turn|5\n|\n|t:|1665881501\n|switch|p2a: \u8001\u73ed|Tyranitar, F, shiny|100\/100\n|-weather|Sandstorm|[from] ability: Sand Stream|[of] p2a: \u8001\u73ed\n|move|p1a: Ninetales|Overheat|p2a: \u8001\u73ed\n|-resisted|p2a: \u8001\u73ed\n|-damage|p2a: \u8001\u73ed|80\/100\n|-unboost|p1a: Ninetales|spa|2\n|\n|-weather|Sandstorm|[upkeep]\n|-damage|p1a: Ninetales|95\/100|[from] Sandstorm\n|-heal|p2a: \u8001\u73ed|87\/100|[from] item: Leftovers\n|upkeep\n|turn|6\n|\n|t:|1665881504\n|switch|p1a: Aggron|Aggron, F|100\/100\n|move|p2a: \u8001\u73ed|Stealth Rock|p1a: Aggron\n|-sidestart|p1: ninjadouche|move: Stealth Rock\n|\n|-weather|Sandstorm|[upkeep]\n|-heal|p2a: \u8001\u73ed|93\/100|[from] item: Leftovers\n|-fieldend|move: Psychic Terrain\n|upkeep\n|turn|7\n|\n|t:|1665881509\n|switch|p1a: Rotom|Rotom-Wash|100\/100\n|-damage|p1a: Rotom|88\/100|[from] Stealth Rock\n|move|p2a: \u8001\u73ed|Earthquake|p1a: Rotom\n|-immune|p1a: Rotom|[from] ability: Levitate\n|\n|-weather|Sandstorm|[upkeep]\n|-damage|p1a: Rotom|82\/100|[from] Sandstorm\n|-heal|p1a: Rotom|88\/100|[from] item: Leftovers\n|-heal|p2a: \u8001\u73ed|99\/100|[from] item: Leftovers\n|upkeep\n|turn|8\n|\n|t:|1665881518\n|switch|p2a: \u868a\u5927\u7237|Buzzwole|100\/100\n|move|p1a: Rotom|Defog|p2a: \u868a\u5927\u7237\n|-unboost|p2a: \u868a\u5927\u7237|evasion|1\n|-sideend|p1: ninjadouche|Stealth Rock|[from] move: Defog|[of] p1a: Rotom\n|\n|-weather|Sandstorm|[upkeep]\n|-damage|p2a: \u868a\u5927\u7237|94\/100|[from] Sandstorm\n|-damage|p1a: Rotom|82\/100|[from] Sandstorm\n|-heal|p1a: Rotom|88\/100|[from] item: Leftovers\n|upkeep\n|turn|9\n|\n|t:|1665881521\n|move|p2a: \u868a\u5927\u7237|Close Combat|p1a: Rotom\n|-damage|p1a: Rotom|7\/100\n|-unboost|p2a: \u868a\u5927\u7237|def|1\n|-unboost|p2a: \u868a\u5927\u7237|spd|1\n|move|p1a: Rotom|Will-O-Wisp|p2a: \u868a\u5927\u7237\n|-status|p2a: \u868a\u5927\u7237|brn\n|\n|-weather|none\n|-heal|p1a: Rotom|13\/100|[from] item: Leftovers\n|-damage|p2a: \u868a\u5927\u7237|88\/100 brn|[from] brn\n|upkeep\n|turn|10\n|\n|t:|1665881529\n|switch|p1a: Marowak|Marowak-Alola, F|100\/100\n|move|p2a: \u868a\u5927\u7237|Close Combat|p1a: Marowak\n|-immune|p1a: Marowak\n|\n|-damage|p2a: \u868a\u5927\u7237|82\/100 brn|[from] brn\n|upkeep\n|turn|11\n|j| hgfhgfhsfghs\n|\n|t:|1665881537\n|switch|p2a: \u8001\u73ed|Tyranitar, F, shiny|99\/100\n|-weather|Sandstorm|[from] ability: Sand Stream|[of] p2a: \u8001\u73ed\n|-singleturn|p1a: Marowak|move: Focus Punch\n|move|p1a: Marowak|Focus Punch|p2a: \u8001\u73ed\n|-supereffective|p2a: \u8001\u73ed\n|-damage|p2a: \u8001\u73ed|0 fnt\n|faint|p2a: \u8001\u73ed\n|\n|-weather|Sandstorm|[upkeep]\n|-damage|p1a: Marowak|94\/100|[from] Sandstorm\n|upkeep\n|\n|t:|1665881546\n|switch|p2a: \u9e1f\u54e5|Zapdos, shiny|100\/100\n|turn|12\n|\n|t:|1665881551\n|switch|p1a: Rotom|Rotom-Wash|13\/100\n|move|p2a: \u9e1f\u54e5|Hurricane|p1a: Rotom\n|-resisted|p1a: Rotom\n|-damage|p1a: Rotom|0 fnt\n|faint|p1a: Rotom\n|\n|-weather|Sandstorm|[upkeep]\n|-damage|p2a: \u9e1f\u54e5|94\/100|[from] Sandstorm\n|upkeep\n|\n|t:|1665881557\n|switch|p1a: Ninetales|Ninetales, F, shiny|95\/100\n|-weather|SunnyDay|[from] ability: Drought|[of] p1a: Ninetales\n|turn|13\n|\n|t:|1665881563\n|switch|p2a: \u5361\u5723\u522b\u6f14\u6211|Snorlax, M, shiny|100\/100\n|move|p1a: Ninetales|Overheat|p2a: \u5361\u5723\u522b\u6f14\u6211\n|-damage|p2a: \u5361\u5723\u522b\u6f14\u6211|30\/100\n|-unboost|p1a: Ninetales|spa|2\n|\n|-weather|SunnyDay|[upkeep]\n|upkeep\n|turn|14\n|\n|t:|1665881574\n|move|p1a: Ninetales|Overheat|p2a: \u5361\u5723\u522b\u6f14\u6211\n|-damage|p2a: \u5361\u5723\u522b\u6f14\u6211|0 fnt\n|-unboost|p1a: Ninetales|spa|2\n|faint|p2a: \u5361\u5723\u522b\u6f14\u6211\n|\n|-weather|SunnyDay|[upkeep]\n|upkeep\n|\n|t:|1665881581\n|switch|p2a: \u8776\u795e|Tapu Lele|100\/100\n|-fieldstart|move: Psychic Terrain|[from] ability: Psychic Surge|[of] p2a: \u8776\u795e\n|turn|15\n|\n|t:|1665881585\n|switch|p1a: Aggron|Aggron, F|100\/100\n|move|p2a: \u8776\u795e|Moonblast|p1a: Aggron\n|-resisted|p1a: Aggron\n|-damage|p1a: Aggron|48\/100\n|\n|-weather|SunnyDay|[upkeep]\n|upkeep\n|turn|16\n|\n|t:|1665881598\n|switch|p1a: Ninetales|Ninetales, F, shiny|95\/100\n|move|p2a: \u8776\u795e|Moonblast|p1a: Ninetales\n|-resisted|p1a: Ninetales\n|-damage|p1a: Ninetales|67\/100\n|\n|-weather|SunnyDay|[upkeep]\n|upkeep\n|turn|17\n|\n|t:|1665881602\n|switch|p2a: \u9e1f\u54e5|Zapdos, shiny|94\/100\n|move|p1a: Ninetales|Overheat|p2a: \u9e1f\u54e5\n|-damage|p2a: \u9e1f\u54e5|0 fnt\n|-unboost|p1a: Ninetales|spa|2\n|faint|p2a: \u9e1f\u54e5\n|\n|-weather|none\n|upkeep\n|\n|t:|1665881607\n|switch|p2a: \u8776\u795e|Tapu Lele|100\/100\n|turn|18\n|\n|t:|1665881610\n|switch|p1a: Aggron|Aggron, F|48\/100\n|move|p2a: \u8776\u795e|Moonblast|p1a: Aggron\n|-resisted|p1a: Aggron\n|-damage|p1a: Aggron|0 fnt\n|faint|p1a: Aggron\n|\n|upkeep\n|\n|t:|1665881616\n|switch|p1a: Ninetales|Ninetales, F, shiny|67\/100\n|-weather|SunnyDay|[from] ability: Drought|[of] p1a: Ninetales\n|turn|19\n|-message|superrouchuan forfeited.\n|\n|win|ninjadouche\n|raw|ninjadouche's rating: 1554 &rarr; <strong>1573<\/strong><br \/>(+19 for winning)\n|raw|superrouchuan's rating: 1537 &rarr; <strong>1518<\/strong><br \/>(-19 for losing)\n|l|\u2606superrouchuan\n|j|\u2606superrouchuan\n|player|p2|superrouchuan|clown\n|c|\u2606ninjadouche|gg\n||Ladder isn't responding, score probably updated but might not have (Request timeout).\n","uploadtime":1665881644,"views":13,"p1id":"ninjadouche","p2id":"superrouchuan","formatid":"gen8ou","rating":1518,"private":0,"password":null}