{"id":"gen8nu-1315963380","p1":"DiameterXtreme","p2":"NURW6 Turtle","format":"gen8nu","log":"|j|\u2606DiameterXtreme\n|j|\u2606NURW6 Turtle\n|t:|1617679177\n|gametype|singles\n|player|p1|DiameterXtreme|jasmine-gen2|1310\n|player|p2|NURW6 Turtle|lucas|1230\n|teamsize|p1|6\n|teamsize|p2|6\n|gen|8\n|tier|[Gen 8] NU\n|rated|\n|clearpoke\n|poke|p1|Entei|\n|poke|p1|Celebi|\n|poke|p1|Copperajah, M|\n|poke|p1|Mantine, F|\n|poke|p1|Mudsdale, M|\n|poke|p1|Audino, M|\n|poke|p2|Entei|\n|poke|p2|Mudsdale, F|\n|poke|p2|Xatu, F|\n|poke|p2|Arctozolt|\n|poke|p2|Dragalge, F|\n|poke|p2|Vaporeon, F|\n|rule|Sleep Clause Mod: Limit one foe put to sleep\n|rule|Species Clause: Limit one of each Pok\u00e9mon\n|rule|OHKO Clause: OHKO moves are banned\n|rule|Evasion Moves Clause: Evasion moves are banned\n|rule|Endless Battle Clause: Forcing endless battles is banned\n|rule|HP Percentage Mod: HP is shown in percentages\n|rule|Dynamax Clause: You cannot dynamax\n|teampreview\n|inactive|Battle timer is ON: inactive players will automatically lose when time's up. (requested by NURW6 Turtle)\n|\n|t:|1617679204\n|start\n|switch|p1a: Entei|Entei|100\/100\n|switch|p2a: Entei|Entei, shiny|100\/100\n|-ability|p1a: Entei|Pressure\n|-ability|p2a: Entei|Pressure\n|turn|1\n|\n|t:|1617679208\n|switch|p2a: Vaporeon|Vaporeon, F|100\/100\n|move|p1a: Entei|Protect||[still]\n|-fail|p1a: Entei\n|\n|upkeep\n|turn|2\n|\n|t:|1617679214\n|move|p1a: Entei|Substitute|p1a: Entei\n|-start|p1a: Entei|Substitute\n|-damage|p1a: Entei|76\/100\n|move|p2a: Vaporeon|Scald|p1a: Entei\n|-supereffective|p1a: Entei\n|-end|p1a: Entei|Substitute\n|\n|-heal|p1a: Entei|82\/100|[from] item: Leftovers\n|upkeep\n|turn|3\n|\n|t:|1617679223\n|move|p1a: Entei|Protect|p1a: Entei\n|-singleturn|p1a: Entei|Protect\n|move|p2a: Vaporeon|Scald|p1a: Entei\n|-activate|p1a: Entei|move: Protect\n|\n|-heal|p1a: Entei|88\/100|[from] item: Leftovers\n|upkeep\n|turn|4\n|\n|t:|1617679227\n|switch|p2a: Entei|Entei, shiny|100\/100\n|-ability|p2a: Entei|Pressure\n|move|p1a: Entei|Substitute|p1a: Entei\n|-start|p1a: Entei|Substitute\n|-damage|p1a: Entei|63\/100\n|\n|-heal|p1a: Entei|69\/100|[from] item: Leftovers\n|upkeep\n|turn|5\n|\n|t:|1617679230\n|move|p1a: Entei|Protect|p1a: Entei\n|-singleturn|p1a: Entei|Protect\n|move|p2a: Entei|Calm Mind|p2a: Entei\n|-boost|p2a: Entei|spa|1\n|-boost|p2a: Entei|spd|1\n|\n|-heal|p1a: Entei|75\/100|[from] item: Leftovers\n|upkeep\n|turn|6\n|\n|t:|1617679234\n|switch|p1a: Mantine|Mantine, F|100\/100\n|move|p2a: Entei|Substitute|p2a: Entei\n|-start|p2a: Entei|Substitute\n|-damage|p2a: Entei|75\/100\n|\n|-heal|p2a: Entei|82\/100|[from] item: Leftovers\n|upkeep\n|turn|7\n|\n|t:|1617679237\n|move|p2a: Entei|Lava Plume|p1a: Mantine\n|-resisted|p1a: Mantine\n|-crit|p1a: Mantine\n|-damage|p1a: Mantine|81\/100\n|move|p1a: Mantine|Scald|p2a: Entei\n|-supereffective|p2a: Entei\n|-end|p2a: Entei|Substitute\n|\n|-heal|p2a: Entei|88\/100|[from] item: Leftovers\n|upkeep\n|turn|8\n|\n|t:|1617679243\n|move|p2a: Entei|Protect|p2a: Entei\n|-singleturn|p2a: Entei|Protect\n|move|p1a: Mantine|Haze|p1a: Mantine\n|-clearallboost\n|\n|-heal|p2a: Entei|94\/100|[from] item: Leftovers\n|upkeep\n|turn|9\n|\n|t:|1617679248\n|switch|p2a: Arctozolt|Arctozolt|100\/100\n|move|p1a: Mantine|Roost|p1a: Mantine\n|-heal|p1a: Mantine|100\/100\n|-singleturn|p1a: Mantine|move: Roost\n|\n|upkeep\n|turn|10\n|\n|t:|1617679265\n|switch|p1a: Audino|Audino, M|100\/100\n|move|p2a: Arctozolt|Icicle Crash|p1a: Audino\n|-damage|p1a: Audino|67\/100\n|\n|upkeep\n|turn|11\n|\n|t:|1617679275\n|move|p1a: Audino|Protect|p1a: Audino\n|-singleturn|p1a: Audino|Protect\n|move|p2a: Arctozolt|Bolt Beak|p1a: Audino\n|-activate|p1a: Audino|move: Protect\n|\n|upkeep\n|turn|12\n|\n|t:|1617679293\n|move|p2a: Arctozolt|Substitute|p2a: Arctozolt\n|-start|p2a: Arctozolt|Substitute\n|-damage|p2a: Arctozolt|76\/100\n|move|p1a: Audino|Knock Off|p2a: Arctozolt\n|-activate|p2a: Arctozolt|move: Substitute|[damage]\n|\n|upkeep\n|turn|13\n|\n|t:|1617679299\n|switch|p1a: Celebi|Celebi|100\/100\n|move|p2a: Arctozolt|Bolt Beak|p1a: Celebi\n|-resisted|p1a: Celebi\n|-damage|p1a: Celebi|64\/100\n|\n|upkeep\n|turn|14\n|\n|t:|1617679303\n|move|p1a: Celebi|U-turn|p2a: Arctozolt\n|-end|p2a: Arctozolt|Substitute\n|\n|t:|1617679305\n|switch|p1a: Mantine|Mantine, F|100\/100|[from]move: U-turn\n|move|p2a: Arctozolt|Icicle Crash|p1a: Mantine|[miss]\n|-miss|p2a: Arctozolt|p1a: Mantine\n|\n|upkeep\n|turn|15\n|\n|t:|1617679312\n|switch|p1a: Mudsdale|Mudsdale, M|100\/100\n|move|p2a: Arctozolt|Substitute|p2a: Arctozolt\n|-start|p2a: Arctozolt|Substitute\n|-damage|p2a: Arctozolt|51\/100\n|\n|upkeep\n|turn|16\n|\n|t:|1617679315\n|move|p2a: Arctozolt|Icicle Crash|p1a: Mudsdale\n|-supereffective|p1a: Mudsdale\n|-damage|p1a: Mudsdale|55\/100\n|-ability|p1a: Mudsdale|Stamina|boost\n|-boost|p1a: Mudsdale|def|1\n|cant|p1a: Mudsdale|flinch\n|\n|-heal|p1a: Mudsdale|62\/100|[from] item: Leftovers\n|upkeep\n|turn|17\n|\n|t:|1617679321\n|move|p2a: Arctozolt|Hydro Pump|p1a: Mudsdale\n|-supereffective|p1a: Mudsdale\n|-damage|p1a: Mudsdale|19\/100\n|-ability|p1a: Mudsdale|Stamina|boost\n|-boost|p1a: Mudsdale|def|1\n|move|p1a: Mudsdale|Smack Down|p2a: Arctozolt\n|-supereffective|p2a: Arctozolt\n|-end|p2a: Arctozolt|Substitute\n|\n|-heal|p1a: Mudsdale|25\/100|[from] item: Leftovers\n|upkeep\n|turn|18\n|\n|t:|1617679328\n|move|p2a: Arctozolt|Icicle Crash|p1a: Mudsdale\n|-supereffective|p1a: Mudsdale\n|-damage|p1a: Mudsdale|3\/100\n|-ability|p1a: Mudsdale|Stamina|boost\n|-boost|p1a: Mudsdale|def|1\n|cant|p1a: Mudsdale|flinch\n|\n|-heal|p1a: Mudsdale|10\/100|[from] item: Leftovers\n|upkeep\n|turn|19\n|c|\u2606DiameterXtreme|-_-\n|\n|t:|1617679335\n|move|p2a: Arctozolt|Icicle Crash|p1a: Mudsdale\n|-supereffective|p1a: Mudsdale\n|-damage|p1a: Mudsdale|0 fnt\n|faint|p1a: Mudsdale\n|\n|upkeep\n|\n|t:|1617679337\n|switch|p1a: Entei|Entei|75\/100\n|-ability|p1a: Entei|Pressure\n|turn|20\n|\n|t:|1617679341\n|switch|p2a: Entei|Entei, shiny|94\/100\n|-ability|p2a: Entei|Pressure\n|move|p1a: Entei|Substitute|p1a: Entei\n|-start|p1a: Entei|Substitute\n|-damage|p1a: Entei|50\/100\n|\n|-heal|p1a: Entei|57\/100|[from] item: Leftovers\n|-heal|p2a: Entei|99\/100|[from] item: Leftovers\n|upkeep\n|turn|21\n|\n|t:|1617679346\n|move|p1a: Entei|Calm Mind|p1a: Entei\n|-boost|p1a: Entei|spa|1\n|-boost|p1a: Entei|spd|1\n|move|p2a: Entei|Calm Mind|p2a: Entei\n|-boost|p2a: Entei|spa|1\n|-boost|p2a: Entei|spd|1\n|\n|-heal|p1a: Entei|63\/100|[from] item: Leftovers\n|-heal|p2a: Entei|100\/100|[from] item: Leftovers\n|upkeep\n|turn|22\n|\n|t:|1617679349\n|move|p1a: Entei|Calm Mind|p1a: Entei\n|-boost|p1a: Entei|spa|1\n|-boost|p1a: Entei|spd|1\n|move|p2a: Entei|Substitute|p2a: Entei\n|-start|p2a: Entei|Substitute\n|-damage|p2a: Entei|75\/100\n|\n|-heal|p1a: Entei|69\/100|[from] item: Leftovers\n|-heal|p2a: Entei|82\/100|[from] item: Leftovers\n|upkeep\n|turn|23\n|\n|t:|1617679350\n|move|p1a: Entei|Calm Mind|p1a: Entei\n|-boost|p1a: Entei|spa|1\n|-boost|p1a: Entei|spd|1\n|move|p2a: Entei|Calm Mind|p2a: Entei\n|-boost|p2a: Entei|spa|1\n|-boost|p2a: Entei|spd|1\n|\n|-heal|p1a: Entei|75\/100|[from] item: Leftovers\n|-heal|p2a: Entei|88\/100|[from] item: Leftovers\n|upkeep\n|turn|24\n|\n|t:|1617679352\n|move|p1a: Entei|Calm Mind|p1a: Entei\n|-boost|p1a: Entei|spa|1\n|-boost|p1a: Entei|spd|1\n|move|p2a: Entei|Calm Mind|p2a: Entei\n|-boost|p2a: Entei|spa|1\n|-boost|p2a: Entei|spd|1\n|\n|-heal|p1a: Entei|81\/100|[from] item: Leftovers\n|-heal|p2a: Entei|94\/100|[from] item: Leftovers\n|upkeep\n|turn|25\n|\n|t:|1617679354\n|move|p1a: Entei|Calm Mind|p1a: Entei\n|-boost|p1a: Entei|spa|1\n|-boost|p1a: Entei|spd|1\n|move|p2a: Entei|Calm Mind|p2a: Entei\n|-boost|p2a: Entei|spa|1\n|-boost|p2a: Entei|spd|1\n|\n|-heal|p1a: Entei|87\/100|[from] item: Leftovers\n|-heal|p2a: Entei|99\/100|[from] item: Leftovers\n|upkeep\n|turn|26\n|\n|t:|1617679356\n|move|p1a: Entei|Calm Mind|p1a: Entei\n|-boost|p1a: Entei|spa|1\n|-boost|p1a: Entei|spd|1\n|move|p2a: Entei|Calm Mind|p2a: Entei\n|-boost|p2a: Entei|spa|1\n|-boost|p2a: Entei|spd|1\n|\n|-heal|p1a: Entei|94\/100|[from] item: Leftovers\n|-heal|p2a: Entei|100\/100|[from] item: Leftovers\n|upkeep\n|turn|27\n|\n|t:|1617679357\n|move|p1a: Entei|Lava Plume|p2a: Entei\n|-resisted|p2a: Entei\n|-activate|p2a: Entei|move: Substitute|[damage]\n|move|p2a: Entei|Calm Mind|p2a: Entei\n|-boost|p2a: Entei|spa|1\n|-boost|p2a: Entei|spd|1\n|\n|-heal|p1a: Entei|99\/100|[from] item: Leftovers\n|upkeep\n|turn|28\n|\n|t:|1617679360\n|move|p1a: Entei|Protect|p1a: Entei\n|-singleturn|p1a: Entei|Protect\n|move|p2a: Entei|Protect||[still]\n|-fail|p2a: Entei\n|\n|-heal|p1a: Entei|100\/100|[from] item: Leftovers\n|upkeep\n|turn|29\n|\n|t:|1617679364\n|move|p1a: Entei|Calm Mind|p1a: Entei\n|-boost|p1a: Entei|spa|0\n|-boost|p1a: Entei|spd|0\n|move|p2a: Entei|Substitute|p2a: Entei\n|-fail|p2a: Entei|move: Substitute\n|\n|upkeep\n|turn|30\n|\n|t:|1617679369\n|move|p1a: Entei|Lava Plume|p2a: Entei\n|-resisted|p2a: Entei\n|-end|p2a: Entei|Substitute\n|move|p2a: Entei|Calm Mind|p2a: Entei\n|-boost|p2a: Entei|spa|0\n|-boost|p2a: Entei|spd|0\n|\n|upkeep\n|turn|31\n|\n|t:|1617679371\n|move|p1a: Entei|Lava Plume|p2a: Entei\n|-resisted|p2a: Entei\n|-damage|p2a: Entei|87\/100\n|move|p2a: Entei|Substitute|p2a: Entei\n|-start|p2a: Entei|Substitute\n|-damage|p2a: Entei|62\/100\n|\n|-heal|p2a: Entei|68\/100|[from] item: Leftovers\n|upkeep\n|turn|32\n|-message|DiameterXtreme forfeited.\n|\n|win|NURW6 Turtle\n|raw|DiameterXtreme's rating: 1310 &rarr; <strong>1285<\/strong><br \/>(-25 for losing)\n|raw|NURW6 Turtle's rating: 1230 &rarr; <strong>1261<\/strong><br \/>(+31 for winning)\n|l|\u2606DiameterXtreme\n","uploadtime":1617679380,"views":36,"p1id":"diameterxtreme","p2id":"nurw6turtle","formatid":"gen8nu","rating":1261,"private":0,"password":null}