{"id":"gen8ou-1085576119","p1":"Tigerchou1998","p2":"Jakkkkkka","format":"gen8ou","log":"|j|\u2606Tigerchou1998\n|j|\u2606Jakkkkkka\n|player|p1|Tigerchou1998|80|1407\n|player|p2|Jakkkkkka|101|1388\n|teamsize|p1|6\n|teamsize|p2|6\n|gametype|singles\n|gen|8\n|tier|[Gen 8] OU\n|rated|\n|html|<div class=\"broadcast-red\"><strong>OU is currently suspecting Arena Trap! For information on how to participate check out the <a href=\"https:\/\/www.smogon.com\/forums\/threads\/3661134\/\">suspect thread<\/a>.<\/strong><\/div>\n|clearpoke\n|poke|p1|Galvantula, F|\n|poke|p1|Hydreigon, F|\n|poke|p1|Mimikyu, F|\n|poke|p1|Mamoswine, F|\n|poke|p1|Cinderace, M|\n|poke|p1|Crawdaunt, F|\n|poke|p2|Conkeldurr, F|\n|poke|p2|Kyurem|\n|poke|p2|Zeraora|\n|poke|p2|Celebi|\n|poke|p2|Tyranitar, M|\n|poke|p2|Keldeo-Resolute|\n|rule|Sleep Clause Mod: Limit one foe put to sleep\n|rule|Species Clause: Limit one of each Pok\u00e9mon\n|rule|OHKO Clause: OHKO moves are banned\n|rule|Evasion Moves Clause: Evasion moves are banned\n|rule|Endless Battle Clause: Forcing endless battles is banned\n|rule|HP Percentage Mod: HP is shown in percentages\n|rule|Dynamax Clause: You cannot dynamax\n|teampreview\n|inactive|Battle timer is ON: inactive players will automatically lose when time's up. (requested by Tigerchou1998)\n|l|\u2606Tigerchou1998\n|inactive|Tigerchou1998 disconnected and has a minute to reconnect!\n|player|p1|\n|\n|start\n|switch|p1a: \u6211\u4e00\u53d1\u6253\u843d\u4f60\u53ef\u80fd\u4f1a\u6b7b|Crawdaunt, F|100\/100\n|switch|p2a: Conkeldurr|Conkeldurr, F|100\/100\n|turn|1\n|j|\u2606Tigerchou1998\n|inactive|Tigerchou1998 reconnected and has 150 seconds left.\n|player|p1|Tigerchou1998|80\n|\n|move|p1a: \u6211\u4e00\u53d1\u6253\u843d\u4f60\u53ef\u80fd\u4f1a\u6b7b|Crabhammer|p2a: Conkeldurr\n|-damage|p2a: Conkeldurr|20\/100\n|-damage|p1a: \u6211\u4e00\u53d1\u6253\u843d\u4f60\u53ef\u80fd\u4f1a\u6b7b|91\/100|[from] item: Life Orb\n|move|p2a: Conkeldurr|Drain Punch|p1a: \u6211\u4e00\u53d1\u6253\u843d\u4f60\u53ef\u80fd\u4f1a\u6b7b\n|-supereffective|p1a: \u6211\u4e00\u53d1\u6253\u843d\u4f60\u53ef\u80fd\u4f1a\u6b7b\n|-damage|p1a: \u6211\u4e00\u53d1\u6253\u843d\u4f60\u53ef\u80fd\u4f1a\u6b7b|0 fnt\n|-heal|p2a: Conkeldurr|50\/100|[from] drain|[of] p1a: \u6211\u4e00\u53d1\u6253\u843d\u4f60\u53ef\u80fd\u4f1a\u6b7b\n|faint|p1a: \u6211\u4e00\u53d1\u6253\u843d\u4f60\u53ef\u80fd\u4f1a\u6b7b\n|\n|-status|p2a: Conkeldurr|brn|[from] item: Flame Orb\n|upkeep\n|\n|switch|p1a: \u53f2\u524d\u5de8\u517d|Mamoswine, F|100\/100\n|turn|2\n|\n|move|p1a: \u53f2\u524d\u5de8\u517d|Earthquake|p2a: Conkeldurr\n|-damage|p2a: Conkeldurr|0 fnt\n|faint|p2a: Conkeldurr\n|\n|upkeep\n|\n|switch|p2a: Keldeo|Keldeo-Resolute|100\/100\n|turn|3\n|\n|switch|p1a: \u59bb\u7ba1\u4e25|Hydreigon, F|100\/100\n|move|p2a: Keldeo|Calm Mind|p2a: Keldeo\n|-boost|p2a: Keldeo|spa|1\n|-boost|p2a: Keldeo|spd|1\n|\n|upkeep\n|turn|4\n|\n|move|p1a: \u59bb\u7ba1\u4e25|Draco Meteor|p2a: Keldeo\n|-damage|p2a: Keldeo|47\/100\n|-unboost|p1a: \u59bb\u7ba1\u4e25|spa|2\n|move|p2a: Keldeo|Secret Sword|p1a: \u59bb\u7ba1\u4e25\n|-supereffective|p1a: \u59bb\u7ba1\u4e25\n|-damage|p1a: \u59bb\u7ba1\u4e25|0 fnt\n|faint|p1a: \u59bb\u7ba1\u4e25\n|\n|-heal|p2a: Keldeo|53\/100|[from] item: Leftovers\n|upkeep\n|\n|switch|p1a: \u840c\u840c\u7684\u5c0f\u72fc\u86db|Galvantula, F|100\/100\n|turn|5\n|\n|move|p1a: \u840c\u840c\u7684\u5c0f\u72fc\u86db|Sticky Web|p2a: Keldeo\n|-sidestart|p2: Jakkkkkka|move: Sticky Web\n|move|p2a: Keldeo|Scald|p1a: \u840c\u840c\u7684\u5c0f\u72fc\u86db\n|-enditem|p1a: \u840c\u840c\u7684\u5c0f\u72fc\u86db|Focus Sash\n|-damage|p1a: \u840c\u840c\u7684\u5c0f\u72fc\u86db|1\/100\n|\n|-heal|p2a: Keldeo|60\/100|[from] item: Leftovers\n|upkeep\n|turn|6\n|\n|move|p2a: Keldeo|Scald|p1a: \u840c\u840c\u7684\u5c0f\u72fc\u86db\n|-damage|p1a: \u840c\u840c\u7684\u5c0f\u72fc\u86db|0 fnt\n|faint|p1a: \u840c\u840c\u7684\u5c0f\u72fc\u86db\n|\n|-heal|p2a: Keldeo|66\/100|[from] item: Leftovers\n|upkeep\n|\n|switch|p1a: \u9a6c\u5b5f\u8d77|Mimikyu, F|100\/100\n|turn|7\n|\n|move|p2a: Keldeo|Scald|p1a: \u9a6c\u5b5f\u8d77\n|-activate|p1a: \u9a6c\u5b5f\u8d77|ability: Disguise\n|-damage|p1a: \u9a6c\u5b5f\u8d77|100\/100\n|detailschange|p1a: \u9a6c\u5b5f\u8d77|Mimikyu-Busted, F\n|-damage|p1a: \u9a6c\u5b5f\u8d77|88\/100|[from] pokemon: mimikyubusted\n|-enditem|p1a: \u9a6c\u5b5f\u8d77|Red Card|[of] p2a: Keldeo\n|drag|p2a: Zeraora|Zeraora|100\/100\n|-activate|p2a: Zeraora|move: Sticky Web\n|-unboost|p2a: Zeraora|spe|1\n|move|p1a: \u9a6c\u5b5f\u8d77|Swords Dance|p1a: \u9a6c\u5b5f\u8d77\n|-boost|p1a: \u9a6c\u5b5f\u8d77|atk|2\n|\n|upkeep\n|turn|8\n|\n|move|p1a: \u9a6c\u5b5f\u8d77|Swords Dance|p1a: \u9a6c\u5b5f\u8d77\n|-boost|p1a: \u9a6c\u5b5f\u8d77|atk|2\n|move|p2a: Zeraora|Knock Off|p1a: \u9a6c\u5b5f\u8d77\n|-damage|p1a: \u9a6c\u5b5f\u8d77|43\/100\n|-damage|p2a: Zeraora|91\/100|[from] item: Life Orb\n|\n|upkeep\n|turn|9\n|\n|switch|p2a: Kyurem|Kyurem|100\/100\n|-ability|p2a: Kyurem|Pressure\n|move|p1a: \u9a6c\u5b5f\u8d77|Drain Punch|p2a: Kyurem\n|-supereffective|p2a: Kyurem\n|-damage|p2a: Kyurem|0 fnt\n|-heal|p1a: \u9a6c\u5b5f\u8d77|100\/100|[from] drain|[of] p2a: Kyurem\n|faint|p2a: Kyurem\n|\n|upkeep\n|\n|switch|p2a: Tyranitar|Tyranitar, M|100\/100\n|-activate|p2a: Tyranitar|move: Sticky Web\n|-unboost|p2a: Tyranitar|spe|1\n|-weather|Sandstorm|[from] ability: Sand Stream|[of] p2a: Tyranitar\n|turn|10\n|\n|move|p1a: \u9a6c\u5b5f\u8d77|Drain Punch|p2a: Tyranitar\n|-supereffective|p2a: Tyranitar\n|-damage|p2a: Tyranitar|0 fnt\n|faint|p2a: Tyranitar\n|\n|-weather|Sandstorm|[upkeep]\n|-damage|p1a: \u9a6c\u5b5f\u8d77|95\/100|[from] Sandstorm\n|upkeep\n|\n|switch|p2a: Celebi|Celebi|100\/100\n|-activate|p2a: Celebi|move: Sticky Web\n|-unboost|p2a: Celebi|spe|1\n|turn|11\n|\n|move|p1a: \u9a6c\u5b5f\u8d77|Play Rough|p2a: Celebi\n|-damage|p2a: Celebi|32\/100\n|-unboost|p2a: Celebi|atk|1\n|move|p2a: Celebi|Toxic|p1a: \u9a6c\u5b5f\u8d77\n|-status|p1a: \u9a6c\u5b5f\u8d77|tox\n|\n|-weather|Sandstorm|[upkeep]\n|-damage|p1a: \u9a6c\u5b5f\u8d77|89\/100 tox|[from] Sandstorm\n|-damage|p2a: Celebi|26\/100|[from] Sandstorm\n|-heal|p2a: Celebi|32\/100|[from] item: Leftovers\n|-damage|p1a: \u9a6c\u5b5f\u8d77|83\/100 tox|[from] psn\n|upkeep\n|turn|12\n|\n|move|p1a: \u9a6c\u5b5f\u8d77|Play Rough|p2a: Celebi\n|-damage|p2a: Celebi|0 fnt\n|faint|p2a: Celebi\n|\n|-weather|Sandstorm|[upkeep]\n|-damage|p1a: \u9a6c\u5b5f\u8d77|77\/100 tox|[from] Sandstorm\n|-damage|p1a: \u9a6c\u5b5f\u8d77|65\/100 tox|[from] psn\n|upkeep\n|\n|switch|p2a: Keldeo|Keldeo-Resolute|66\/100\n|-activate|p2a: Keldeo|move: Sticky Web\n|-unboost|p2a: Keldeo|spe|1\n|turn|13\n|\n|move|p1a: \u9a6c\u5b5f\u8d77|Play Rough|p2a: Keldeo\n|-supereffective|p2a: Keldeo\n|-damage|p2a: Keldeo|0 fnt\n|faint|p2a: Keldeo\n|\n|-weather|Sandstorm|[upkeep]\n|-damage|p1a: \u9a6c\u5b5f\u8d77|59\/100 tox|[from] Sandstorm\n|-damage|p1a: \u9a6c\u5b5f\u8d77|41\/100 tox|[from] psn\n|upkeep\n|\n|switch|p2a: Zeraora|Zeraora|91\/100\n|-activate|p2a: Zeraora|move: Sticky Web\n|-unboost|p2a: Zeraora|spe|1\n|turn|14\n|\n|move|p1a: \u9a6c\u5b5f\u8d77|Drain Punch|p2a: Zeraora\n|-damage|p2a: Zeraora|2\/100\n|-heal|p1a: \u9a6c\u5b5f\u8d77|97\/100 tox|[from] drain|[of] p2a: Zeraora\n|move|p2a: Zeraora|Plasma Fists|p1a: \u9a6c\u5b5f\u8d77\n|-damage|p1a: \u9a6c\u5b5f\u8d77|0 fnt\n|-fieldactivate|move: Ion Deluge\n|-damage|p2a: Zeraora|0 fnt|[from] item: Life Orb\n|faint|p1a: \u9a6c\u5b5f\u8d77\n|faint|p2a: Zeraora\n|\n|win|Tigerchou1998\n|raw|Tigerchou1998's rating: 1408 &rarr; <strong>1427<\/strong><br \/>(+19 for winning)\n|raw|Jakkkkkka's rating: 1388 &rarr; <strong>1369<\/strong><br \/>(-19 for losing)\n|l|\u2606Jakkkkkka\n","uploadtime":1585215590,"views":12,"p1id":"tigerchou1998","p2id":"jakkkkkka","formatid":"gen8ou","rating":1369,"private":0,"password":null}