{"id":"gen8pu-1691168783","p1":"Forwards","p2":"Lucifer_summons","format":"gen8pu","log":"|j|\u2606Forwards\n|j|\u2606Lucifer_summons\n|t:|1666352353\n|gametype|singles\n|player|p1|Forwards|psychic|1276\n|player|p2|Lucifer_summons|ariana|1276\n|teamsize|p1|6\n|teamsize|p2|6\n|gen|8\n|tier|[Gen 8] PU\n|rated|\n|rule|Sleep Clause Mod: Limit one foe put to sleep\n|rule|Species Clause: Limit one of each Pok\u00e9mon\n|rule|OHKO Clause: OHKO moves are banned\n|rule|Evasion Items Clause: Evasion items are banned\n|rule|Evasion Moves Clause: Evasion moves are banned\n|rule|Endless Battle Clause: Forcing endless battles is banned\n|rule|HP Percentage Mod: HP is shown in percentages\n|rule|Dynamax Clause: You cannot dynamax\n|clearpoke\n|poke|p1|Charizard, M|\n|poke|p1|Whimsicott, F|\n|poke|p1|Swirlix, F|\n|poke|p1|Silvally-*|\n|poke|p1|Aurorus, M|\n|poke|p1|Sandslash, M|\n|poke|p2|Shiinotic, F|\n|poke|p2|Dugtrio-Alola, F|\n|poke|p2|Weezing, M|\n|poke|p2|Gigalith, M|\n|poke|p2|Hippopotas, F|\n|poke|p2|Lycanroc, M|\n|teampreview\n|inactive|Battle timer is ON: inactive players will automatically lose when time's up. (requested by Lucifer_summons)\n|\n|t:|1666352373\n|start\n|switch|p1a: Swirlix|Swirlix, F|100\/100\n|switch|p2a: Hippopotas|Hippopotas, F|100\/100\n|-weather|Sandstorm|[from] ability: Sand Stream|[of] p2a: Hippopotas\n|turn|1\n|\n|t:|1666352389\n|move|p1a: Swirlix|Magic Coat|p1a: Swirlix\n|-singleturn|p1a: Swirlix|move: Magic Coat\n|move|p2a: Hippopotas|Whirlwind|p1a: Swirlix\n|move|p1a: Swirlix|Whirlwind|p2a: Hippopotas|[from]Magic Coat\n|drag|p2a: Strangely Useful|Weezing, M|100\/100\n|\n|-weather|Sandstorm|[upkeep]\n|-damage|p1a: Swirlix|95\/100|[from] Sandstorm\n|-damage|p2a: Strangely Useful|95\/100|[from] Sandstorm\n|-heal|p2a: Strangely Useful|100\/100|[from] item: Leftovers\n|upkeep\n|turn|2\n|\n|t:|1666352394\n|move|p1a: Swirlix|Sticky Web|p2a: Strangely Useful\n|-sidestart|p2: Lucifer_summons|move: Sticky Web\n|move|p2a: Strangely Useful|Will-O-Wisp|p1a: Swirlix\n|-status|p1a: Swirlix|brn\n|\n|-weather|Sandstorm|[upkeep]\n|-damage|p1a: Swirlix|89\/100 brn|[from] Sandstorm\n|-damage|p2a: Strangely Useful|95\/100|[from] Sandstorm\n|-heal|p2a: Strangely Useful|100\/100|[from] item: Leftovers\n|-damage|p1a: Swirlix|83\/100 brn|[from] brn\n|upkeep\n|turn|3\n|\n|t:|1666352400\n|move|p1a: Swirlix|Magic Coat|p1a: Swirlix\n|-singleturn|p1a: Swirlix|move: Magic Coat\n|move|p2a: Strangely Useful|Sludge Bomb|p1a: Swirlix\n|-supereffective|p1a: Swirlix\n|-damage|p1a: Swirlix|0 fnt\n|faint|p1a: Swirlix\n|\n|-weather|Sandstorm|[upkeep]\n|-damage|p2a: Strangely Useful|95\/100|[from] Sandstorm\n|-heal|p2a: Strangely Useful|100\/100|[from] item: Leftovers\n|upkeep\n|\n|t:|1666352416\n|switch|p1a: Whimsicott|Whimsicott, F|100\/100\n|turn|4\n|\n|t:|1666352418\n|move|p1a: Whimsicott|Sunny Day|p1a: Whimsicott\n|-weather|SunnyDay\n|move|p2a: Strangely Useful|Sludge Bomb|p1a: Whimsicott\n|-supereffective|p1a: Whimsicott\n|-damage|p1a: Whimsicott|0 fnt\n|faint|p1a: Whimsicott\n|\n|-weather|SunnyDay|[upkeep]\n|upkeep\n|\n|t:|1666352420\n|switch|p1a: Charizard|Charizard, M|100\/100\n|turn|5\n|\n|t:|1666352423\n|switch|p2a: Gigalith|Gigalith, M, shiny|100\/100\n|-activate|p2a: Gigalith|move: Sticky Web\n|-unboost|p2a: Gigalith|spe|1\n|-weather|Sandstorm|[from] ability: Sand Stream|[of] p2a: Gigalith\n|move|p1a: Charizard|Scorching Sands|p2a: Gigalith\n|-supereffective|p2a: Gigalith\n|-damage|p2a: Gigalith|55\/100\n|-status|p2a: Gigalith|brn\n|\n|-weather|Sandstorm|[upkeep]\n|-damage|p1a: Charizard|94\/100|[from] Sandstorm\n|-damage|p2a: Gigalith|49\/100 brn|[from] brn\n|upkeep\n|turn|6\n|\n|t:|1666352431\n|move|p1a: Charizard|Scorching Sands|p2a: Gigalith\n|-supereffective|p2a: Gigalith\n|-damage|p2a: Gigalith|2\/100 brn\n|move|p2a: Gigalith|Stone Edge|p1a: Charizard\n|-supereffective|p1a: Charizard\n|-damage|p1a: Charizard|0 fnt\n|faint|p1a: Charizard\n|\n|-weather|Sandstorm|[upkeep]\n|-damage|p2a: Gigalith|0 fnt|[from] brn\n|faint|p2a: Gigalith\n|upkeep\n|\n|t:|1666352439\n|switch|p1a: Sandslash|Sandslash, M|100\/100\n|switch|p2a: Shiinotic|Shiinotic, F|100\/100\n|-activate|p2a: Shiinotic|move: Sticky Web\n|-unboost|p2a: Shiinotic|spe|1\n|turn|7\n|\n|t:|1666352443\n|move|p1a: Sandslash|Swords Dance|p1a: Sandslash\n|-boost|p1a: Sandslash|atk|2\n|move|p2a: Shiinotic|Spore|p1a: Sandslash\n|-status|p1a: Sandslash|slp|[from] move: Spore\n|\n|-weather|Sandstorm|[upkeep]\n|-damage|p2a: Shiinotic|94\/100|[from] Sandstorm\n|-heal|p2a: Shiinotic|100\/100|[from] item: Leftovers\n|upkeep\n|turn|8\n|\n|t:|1666352448\n|cant|p1a: Sandslash|slp\n|move|p2a: Shiinotic|Giga Drain|p1a: Sandslash\n|-supereffective|p1a: Sandslash\n|-damage|p1a: Sandslash|6\/100 slp\n|\n|-weather|Sandstorm|[upkeep]\n|-damage|p2a: Shiinotic|94\/100|[from] Sandstorm\n|-heal|p2a: Shiinotic|100\/100|[from] item: Leftovers\n|upkeep\n|turn|9\n|\n|t:|1666352451\n|-curestatus|p1a: Sandslash|slp|[msg]\n|move|p1a: Sandslash|Knock Off|p2a: Shiinotic\n|-resisted|p2a: Shiinotic\n|-damage|p2a: Shiinotic|51\/100\n|-status|p1a: Sandslash|par|[from] ability: Effect Spore|[of] p2a: Shiinotic\n|-enditem|p2a: Shiinotic|Leftovers|[from] move: Knock Off|[of] p1a: Sandslash\n|-damage|p1a: Sandslash|0 fnt|[from] item: Life Orb\n|faint|p1a: Sandslash\n|move|p2a: Shiinotic|Giga Drain|p1: Sandslash|[notarget]\n|-fail|p2a: Shiinotic\n|\n|-weather|Sandstorm|[upkeep]\n|-damage|p2a: Shiinotic|45\/100|[from] Sandstorm\n|upkeep\n|\n|t:|1666352452\n|switch|p1a: Aurorus|Aurorus, M|100\/100\n|turn|10\n|\n|t:|1666352464\n|move|p1a: Aurorus|Hyper Voice|p2a: Shiinotic\n|-supereffective|p2a: Shiinotic\n|-damage|p2a: Shiinotic|0 fnt\n|faint|p2a: Shiinotic\n|\n|-weather|Sandstorm|[upkeep]\n|upkeep\n|\n|t:|1666352469\n|switch|p2a: Lycanroc|Lycanroc, M, shiny|100\/100\n|-activate|p2a: Lycanroc|move: Sticky Web\n|-unboost|p2a: Lycanroc|spe|1\n|turn|11\n|\n|t:|1666352471\n|switch|p1a: Silvally|Silvally-Ghost|100\/100\n|move|p2a: Lycanroc|Close Combat|p1a: Silvally\n|-immune|p1a: Silvally\n|\n|-weather|Sandstorm|[upkeep]\n|-damage|p1a: Silvally|94\/100|[from] Sandstorm\n|upkeep\n|turn|12\n|\n|t:|1666352476\n|switch|p2a: Strangely Useful|Weezing, M|100\/100\n|move|p1a: Silvally|Swords Dance|p1a: Silvally\n|-boost|p1a: Silvally|atk|2\n|\n|-weather|none\n|upkeep\n|turn|13\n|\n|t:|1666352482\n|switch|p1a: Aurorus|Aurorus, M|100\/100\n|move|p2a: Strangely Useful|Will-O-Wisp|p1a: Aurorus|[miss]\n|-miss|p2a: Strangely Useful|p1a: Aurorus\n|\n|upkeep\n|turn|14\n|\n|t:|1666352485\n|move|p1a: Aurorus|Meteor Beam||[still]\n|-prepare|p1a: Aurorus|Meteor Beam\n|-boost|p1a: Aurorus|spa|1\n|-enditem|p1a: Aurorus|Power Herb\n|-anim|p1a: Aurorus|Meteor Beam|p2a: Strangely Useful\n|-damage|p2a: Strangely Useful|0 fnt\n|faint|p2a: Strangely Useful\n|\n|upkeep\n|\n|t:|1666352491\n|switch|p2a: Dugtrio|Dugtrio-Alola, F, shiny|100\/100\n|-activate|p2a: Dugtrio|move: Sticky Web\n|-unboost|p2a: Dugtrio|spe|1\n|turn|15\n|\n|t:|1666352497\n|move|p2a: Dugtrio|Iron Head|p1a: Aurorus\n|-supereffective|p1a: Aurorus\n|-damage|p1a: Aurorus|0 fnt\n|faint|p1a: Aurorus\n|\n|upkeep\n|\n|t:|1666352499\n|switch|p1a: Silvally|Silvally-Ghost|94\/100\n|turn|16\n|\n|t:|1666352502\n|move|p1a: Silvally|Swords Dance|p1a: Silvally\n|-boost|p1a: Silvally|atk|2\n|move|p2a: Dugtrio|Earthquake|p1a: Silvally\n|-damage|p1a: Silvally|48\/100\n|\n|upkeep\n|turn|17\n|\n|t:|1666352511\n|move|p1a: Silvally|Flame Charge|p2a: Dugtrio\n|-supereffective|p2a: Dugtrio\n|-damage|p2a: Dugtrio|0 fnt\n|-boost|p1a: Silvally|spe|1\n|faint|p2a: Dugtrio\n|\n|upkeep\n|\n|t:|1666352515\n|switch|p2a: Hippopotas|Hippopotas, F|100\/100\n|-activate|p2a: Hippopotas|move: Sticky Web\n|-unboost|p2a: Hippopotas|spe|1\n|-weather|Sandstorm|[from] ability: Sand Stream|[of] p2a: Hippopotas\n|turn|18\n|\n|t:|1666352519\n|move|p1a: Silvally|Multi-Attack|p2a: Hippopotas\n|-damage|p2a: Hippopotas|46\/100\n|move|p2a: Hippopotas|Earthquake|p1a: Silvally\n|-damage|p1a: Silvally|22\/100\n|\n|-weather|Sandstorm|[upkeep]\n|-damage|p1a: Silvally|16\/100|[from] Sandstorm\n|upkeep\n|turn|19\n|\n|t:|1666352522\n|move|p1a: Silvally|Multi-Attack|p2a: Hippopotas\n|-damage|p2a: Hippopotas|0 fnt\n|faint|p2a: Hippopotas\n|\n|-weather|Sandstorm|[upkeep]\n|-damage|p1a: Silvally|10\/100|[from] Sandstorm\n|upkeep\n|\n|t:|1666352523\n|switch|p2a: Lycanroc|Lycanroc, M, shiny|100\/100\n|-activate|p2a: Lycanroc|move: Sticky Web\n|-unboost|p2a: Lycanroc|spe|1\n|turn|20\n|\n|t:|1666352525\n|move|p2a: Lycanroc|Accelerock|p1a: Silvally\n|-damage|p1a: Silvally|0 fnt\n|faint|p1a: Silvally\n|-damage|p2a: Lycanroc|91\/100|[from] item: Life Orb\n|\n|win|Lucifer_summons\n|raw|Forwards's rating: 1276 &rarr; <strong>1251<\/strong><br \/>(-25 for losing)\n|raw|Lucifer_summons's rating: 1276 &rarr; <strong>1301<\/strong><br \/>(+25 for winning)\n|l|\u2606Forwards\n|c|\u2606Lucifer_summons|Gg\n||Ladder isn't responding, score probably updated but might not have (Request timeout).\n","uploadtime":1666352597,"views":6,"p1id":"forwards","p2id":"lucifersummons","formatid":"gen8pu","rating":1251,"private":0,"password":null}