{"id":"gen8lc-1689105174","p1":"Laroxyl","p2":"Elfuseon","format":"gen8lc","log":"|j|\u2606Laroxyl\n|j|\u2606Elfuseon\n|t:|1666131928\n|gametype|singles\n|player|p1|Laroxyl|#scl1spartans|\n|player|p2|Elfuseon|#bdspplempoleonshow|\n|teamsize|p1|6\n|teamsize|p2|6\n|gen|8\n|tier|[Gen 8] LC\n|rule|Sleep Clause Mod: Limit one foe put to sleep\n|rule|Species Clause: Limit one of each Pok\u00e9mon\n|rule|OHKO Clause: OHKO moves are banned\n|rule|Evasion Items Clause: Evasion items are banned\n|rule|Evasion Moves Clause: Evasion moves are banned\n|rule|Endless Battle Clause: Forcing endless battles is banned\n|rule|HP Percentage Mod: HP is shown in percentages\n|rule|Dynamax Clause: You cannot dynamax\n|clearpoke\n|poke|p1|Timburr, L5, F|\n|poke|p1|Grookey, L5, F|\n|poke|p1|Koffing, L5, M|\n|poke|p1|Pawniard, L5, M|\n|poke|p1|Staryu, L5|\n|poke|p1|Diglett, L5, F|\n|poke|p2|Mudbray, L5, M|\n|poke|p2|Timburr, L5, M|\n|poke|p2|Slowpoke, L5, F|\n|poke|p2|Ferroseed, L5, F|\n|poke|p2|Koffing, L5, F|\n|poke|p2|Ponyta, L5, M|\n|teampreview\n|c|\u2606Elfuseon|hf\n|c|\u2606Laroxyl|hf\n|c|\u2606Elfuseon|\/log Elfuseon made this room public.\n|j| babyboyblues\n|j| DOOR MONEY\n|j| i have the cookies\n|j| Peachy07\n|inactive|Battle timer is ON: inactive players will automatically lose when time's up. (requested by Laroxyl)\n|c| DOOR MONEY|timer: on\n|j| Potatochan789\n|inactive|Laroxyl has 270 seconds left.\n|l| Potatochan789\n|\n|t:|1666132057\n|start\n|switch|p1a: Staryu|Staryu, L5|100\/100\n|switch|p2a: Slowpoke|Slowpoke, L5, F|100\/100\n|turn|1\n|\n|t:|1666132072\n|move|p1a: Staryu|Thunderbolt|p2a: Slowpoke\n|-supereffective|p2a: Slowpoke\n|-damage|p2a: Slowpoke|56\/100\n|move|p2a: Slowpoke|Future Sight|p1a: Staryu\n|-start|p2a: Slowpoke|move: Future Sight\n|\n|upkeep\n|turn|2\n|\n|t:|1666132094\n|move|p1a: Staryu|Thunderbolt|p2a: Slowpoke\n|-supereffective|p2a: Slowpoke\n|-damage|p2a: Slowpoke|12\/100\n|move|p2a: Slowpoke|Teleport|p2a: Slowpoke\n|j| jcbc\n|\n|t:|1666132105\n|switch|p2a: Timburr|Timburr, L5, M|100\/100|[from]move: Teleport\n|\n|upkeep\n|turn|3\n|j|+Kipkluif\n|l| i have the cookies\n|inactive|Elfuseon has 270 seconds left.\n|l| jcbc\n|inactive|Laroxyl has 270 seconds left.\n|\n|t:|1666132137\n|move|p1a: Staryu|Psychic|p2a: Timburr\n|-supereffective|p2a: Timburr\n|-damage|p2a: Timburr|36\/100\n|move|p2a: Timburr|Drain Punch|p1a: Staryu\n|-damage|p1a: Staryu|48\/100\n|-heal|p2a: Timburr|57\/100|[from] drain|[of] p1a: Staryu\n|\n|-end|p1a: Staryu|move: Future Sight\n|-damage|p1a: Staryu|0 fnt\n|faint|p1a: Staryu\n|upkeep\n|inactive|Laroxyl has 270 seconds left.\n|\n|t:|1666132168\n|switch|p1a: Koffing|Koffing, L5, M|100\/100\n|-ability|p1a: Koffing|Neutralizing Gas\n|turn|4\n|inactive|Laroxyl has 240 seconds left.\n|\n|t:|1666132187\n|switch|p2a: Mudbray|Mudbray, L5, M|100\/100\n|move|p1a: Koffing|Sludge Bomb|p2a: Mudbray\n|-resisted|p2a: Mudbray\n|-damage|p2a: Mudbray|88\/100\n|-status|p2a: Mudbray|psn\n|\n|-damage|p2a: Mudbray|75\/100 psn|[from] psn\n|upkeep\n|turn|5\n|inactive|Laroxyl has 240 seconds left.\n|\n|t:|1666132211\n|-end|p1a: Koffing|ability: Neutralizing Gas\n|switch|p1a: Timburr|Timburr, L5, F|100\/100\n|move|p2a: Mudbray|Heavy Slam|p1a: Timburr\n|-damage|p1a: Timburr|67\/100\n|\n|-damage|p2a: Mudbray|63\/100 psn|[from] psn\n|upkeep\n|turn|6\n|\n|t:|1666132227\n|switch|p2a: Koffing|Koffing, L5, F|100\/100\n|-ability|p2a: Koffing|Neutralizing Gas\n|move|p1a: Timburr|Drain Punch|p2a: Koffing\n|-resisted|p2a: Koffing\n|-damage|p2a: Koffing|85\/100\n|-heal|p1a: Timburr|75\/100|[from] drain|[of] p2a: Koffing\n|\n|upkeep\n|turn|7\n|inactive|Laroxyl has 240 seconds left.\n|j| icanplaycolintoo\n|\n|t:|1666132238\n|switch|p1a: Koffing|Koffing, L5, M|100\/100\n|-ability|p1a: Koffing|Neutralizing Gas\n|move|p2a: Koffing|Fire Blast|p1a: Koffing|[miss]\n|-miss|p2a: Koffing|p1a: Koffing\n|\n|upkeep\n|turn|8\n|inactive|Laroxyl has 240 seconds left.\n|\n|t:|1666132257\n|switch|p2a: Mudbray|Mudbray, L5, M|63\/100 psn\n|move|p1a: Koffing|Fire Blast|p2a: Mudbray\n|-damage|p2a: Mudbray|38\/100 psn\n|\n|-damage|p2a: Mudbray|25\/100 psn|[from] psn\n|upkeep\n|turn|9\n|inactive|Laroxyl has 240 seconds left.\n|\n|t:|1666132282\n|-end|p1a: Koffing|ability: Neutralizing Gas\n|switch|p1a: Timburr|Timburr, L5, F|75\/100\n|move|p2a: Mudbray|Rest|p2a: Mudbray\n|-status|p2a: Mudbray|slp|[from] move: Rest\n|-heal|p2a: Mudbray|100\/100 slp|[silent]\n|\n|upkeep\n|turn|10\n|c|\u2606Laroxyl|Why are you using this shit set\n|inactive|Elfuseon has 270 seconds left.\n|c|\u2606Elfuseon|i'll tell you after\n|\n|t:|1666132312\n|switch|p2a: Koffing|Koffing, L5, F|85\/100\n|-ability|p2a: Koffing|Neutralizing Gas\n|move|p1a: Timburr|Knock Off|p2a: Koffing\n|-damage|p2a: Koffing|56\/100\n|-enditem|p2a: Koffing|Eviolite|[from] move: Knock Off|[of] p1a: Timburr\n|\n|upkeep\n|turn|11\n|\n|t:|1666132327\n|switch|p1a: Koffing|Koffing, L5, M|100\/100\n|-ability|p1a: Koffing|Neutralizing Gas\n|move|p2a: Koffing|Fire Blast|p1a: Koffing|[miss]\n|-miss|p2a: Koffing|p1a: Koffing\n|\n|upkeep\n|turn|12\n|c| icanplaycolintoo|x2\n|j| Dazzle Dazzle\n|inactive|Laroxyl has 210 seconds left.\n|\n|t:|1666132347\n|move|p2a: Koffing|Pain Split|p1a: Koffing\n|-sethp|p1a: Koffing|75\/100|[from] move: Pain Split|[silent]\n|-sethp|p2a: Koffing|75\/100|[from] move: Pain Split\n|move|p1a: Koffing|Fire Blast|p2a: Koffing\n|-damage|p2a: Koffing|15\/100\n|-status|p2a: Koffing|brn\n|\n|-damage|p2a: Koffing|10\/100 brn|[from] brn\n|upkeep\n|turn|13\n|\n|t:|1666132353\n|move|p2a: Koffing|Pain Split|p1a: Koffing\n|-sethp|p1a: Koffing|40\/100|[from] move: Pain Split|[silent]\n|-sethp|p2a: Koffing|40\/100 brn|[from] move: Pain Split\n|move|p1a: Koffing|Sludge Bomb|p2a: Koffing\n|-resisted|p2a: Koffing\n|-damage|p2a: Koffing|5\/100 brn\n|\n|-damage|p2a: Koffing|0 fnt|[from] brn\n|faint|p2a: Koffing\n|upkeep\n|inactive|Elfuseon has 270 seconds left.\n|\n|t:|1666132373\n|switch|p2a: Mudbray|Mudbray, L5, M|100\/100 slp\n|turn|14\n|inactive|Laroxyl has 210 seconds left.\n|j| gali\n|\n|t:|1666132405\n|-end|p1a: Koffing|ability: Neutralizing Gas\n|switch|p1a: Grookey|Grookey, L5, F|100\/100\n|-fieldstart|move: Grassy Terrain|[from] ability: Grassy Surge|[of] p1a: Grookey\n|-enditem|p1a: Grookey|Grassy Seed\n|-boost|p1a: Grookey|def|1|[from] item: Grassy Seed\n|cant|p2a: Mudbray|slp\n|move|p2a: Mudbray|Sleep Talk|p2a: Mudbray\n|move|p2a: Mudbray|Heavy Slam|p1a: Grookey|[from]move: Sleep Talk\n|-damage|p1a: Grookey|53\/100\n|\n|-heal|p1a: Grookey|58\/100|[from] Grassy Terrain\n|upkeep\n|turn|15\n|l| Dazzle Dazzle\n|inactive|Elfuseon has 270 seconds left.\n|j| Dazzle Dazzle\n|inactive|Laroxyl has 180 seconds left.\n|l| Dazzle Dazzle\n|inactive|Elfuseon has 240 seconds left.\n|j|@c oconut\n|l| gali\n|j| Dazzle Dazzle\n|inactive|Elfuseon has 210 seconds left.\n|\n|t:|1666132510\n|switch|p2a: Ponyta|Ponyta, L5, M|100\/100\n|move|p1a: Grookey|Drain Punch|p2a: Ponyta\n|-damage|p2a: Ponyta|60\/100\n|-heal|p1a: Grookey|81\/100|[from] drain|[of] p2a: Ponyta\n|\n|-heal|p2a: Ponyta|64\/100|[from] Grassy Terrain\n|-heal|p1a: Grookey|86\/100|[from] Grassy Terrain\n|upkeep\n|turn|16\n|l| Dazzle Dazzle\n|inactive|Laroxyl has 150 seconds left.\n|\n|t:|1666132535\n|switch|p1a: Koffing|Koffing, L5, M|40\/100\n|-ability|p1a: Koffing|Neutralizing Gas\n|move|p2a: Ponyta|Flare Blitz|p1a: Koffing\n|-damage|p1a: Koffing|0 fnt\n|faint|p1a: Koffing\n|-end|p1a: Koffing|ability: Neutralizing Gas\n|-damage|p2a: Ponyta|50\/100|[from] Recoil\n|-enditem|p2a: Ponyta|Berry Juice\n|-heal|p2a: Ponyta|100\/100|[from] item: Berry Juice\n|\n|upkeep\n|inactive|Laroxyl has 120 seconds left.\n|\n|t:|1666132568\n|switch|p1a: Timburr|Timburr, L5, F|75\/100\n|turn|17\n|inactive|Laroxyl has 120 seconds left.\n|\n|t:|1666132583\n|switch|p2a: Mudbray|Mudbray, L5, M|100\/100 slp\n|move|p1a: Timburr|Drain Punch|p2a: Mudbray\n|-damage|p2a: Mudbray|59\/100 slp\n|-heal|p1a: Timburr|96\/100|[from] drain|[of] p2a: Mudbray\n|-ability|p2a: Mudbray|Stamina|boost\n|-boost|p2a: Mudbray|def|1\n|\n|-heal|p1a: Timburr|100\/100|[from] Grassy Terrain\n|-heal|p2a: Mudbray|63\/100 slp|[from] Grassy Terrain\n|upkeep\n|turn|18\n|\n|t:|1666132590\n|move|p1a: Timburr|Knock Off|p2a: Mudbray\n|-damage|p2a: Mudbray|42\/100 slp\n|-ability|p2a: Mudbray|Stamina|boost\n|-boost|p2a: Mudbray|def|1\n|-enditem|p2a: Mudbray|Eviolite|[from] move: Knock Off|[of] p1a: Timburr\n|cant|p2a: Mudbray|slp\n|move|p2a: Mudbray|Sleep Talk|p2a: Mudbray\n|move|p2a: Mudbray|Earthquake|p1a: Timburr|[from]move: Sleep Talk\n|-damage|p1a: Timburr|75\/100\n|\n|-heal|p1a: Timburr|80\/100|[from] Grassy Terrain\n|-heal|p2a: Mudbray|46\/100 slp|[from] Grassy Terrain\n|-fieldend|move: Grassy Terrain\n|upkeep\n|turn|19\n|inactive|Laroxyl has 120 seconds left.\n|\n|t:|1666132618\n|switch|p1a: Grookey|Grookey, L5, F|86\/100\n|-fieldstart|move: Grassy Terrain|[from] ability: Grassy Surge|[of] p1a: Grookey\n|-curestatus|p2a: Mudbray|slp|[msg]\n|move|p2a: Mudbray|Rest|p2a: Mudbray\n|-status|p2a: Mudbray|slp|[from] move: Rest\n|-heal|p2a: Mudbray|100\/100 slp|[silent]\n|\n|-heal|p1a: Grookey|91\/100|[from] Grassy Terrain\n|upkeep\n|turn|20\n|inactive|Laroxyl has 120 seconds left.\n|inactive|Elfuseon has 210 seconds left.\n|\n|t:|1666132637\n|switch|p1a: Timburr|Timburr, L5, F|80\/100\n|switch|p2a: Ponyta|Ponyta, L5, M|100\/100\n|\n|-heal|p1a: Timburr|84\/100|[from] Grassy Terrain\n|upkeep\n|turn|21\n|inactive|Laroxyl has 120 seconds left.\n|\n|t:|1666132649\n|switch|p2a: Slowpoke|Slowpoke, L5, F|45\/100\n|move|p1a: Timburr|Drain Punch|p2a: Slowpoke\n|-resisted|p2a: Slowpoke\n|-damage|p2a: Slowpoke|26\/100\n|-heal|p1a: Timburr|96\/100|[from] drain|[of] p2a: Slowpoke\n|\n|-heal|p1a: Timburr|100\/100|[from] Grassy Terrain\n|-heal|p2a: Slowpoke|30\/100|[from] Grassy Terrain\n|upkeep\n|turn|22\n|inactive|Laroxyl has 120 seconds left.\n|\n|t:|1666132659\n|switch|p2a: Mudbray|Mudbray, L5, M|100\/100 slp\n|move|p1a: Timburr|Drain Punch|p2a: Mudbray\n|-damage|p2a: Mudbray|38\/100 slp\n|-ability|p2a: Mudbray|Stamina|boost\n|-boost|p2a: Mudbray|def|1\n|\n|-heal|p2a: Mudbray|42\/100 slp|[from] Grassy Terrain\n|upkeep\n|turn|23\n|inactive|Laroxyl has 120 seconds left.\n|inactive|Elfuseon has 210 seconds left.\n|\n|t:|1666132677\n|move|p1a: Timburr|Drain Punch|p2a: Mudbray\n|-crit|p2a: Mudbray\n|-damage|p2a: Mudbray|0 fnt\n|faint|p2a: Mudbray\n|\n|-fieldend|move: Grassy Terrain\n|upkeep\n|\n|t:|1666132681\n|switch|p2a: Slowpoke|Slowpoke, L5, F|63\/100\n|turn|24\n|\n|t:|1666132685\n|move|p1a: Timburr|Knock Off|p2a: Slowpoke\n|-supereffective|p2a: Slowpoke\n|-crit|p2a: Slowpoke\n|-damage|p2a: Slowpoke|0 fnt\n|-enditem|p2a: Slowpoke|Eviolite|[from] move: Knock Off|[of] p1a: Timburr\n|faint|p2a: Slowpoke\n|\n|upkeep\n|c|\u2606Laroxyl|mb\n|c|\u2606Elfuseon|yeah nice\n|inactive|Elfuseon has 210 seconds left.\n|c|\u2606Elfuseon|gg\n|-message|Elfuseon forfeited.\n|\n|win|Laroxyl\n|c|\u2606Laroxyl|I still was tpunch\n|j| reggggy\n|c|\u2606Laroxyl|gg\n|l|\u2606Elfuseon\n","uploadtime":1666132719,"views":90,"p1id":"laroxyl","p2id":"elfuseon","formatid":"gen8lc","rating":0,"private":0,"password":null}