{"id":"gen8ou-1658880194","p1":"LAUNCH24","p2":"andrewm0n","format":"gen8ou","log":"|j|\u2606LAUNCH24\n|j|\u2606andrewm0n\n|t:|1662607465\n|gametype|singles\n|player|p1|LAUNCH24|2|1770\n|player|p2|andrewm0n|2|1859\n|teamsize|p1|6\n|teamsize|p2|6\n|gen|8\n|tier|[Gen 8] OU\n|rated|\n|rule|Sleep Clause Mod: Limit one foe put to sleep\n|rule|Species Clause: Limit one of each Pok\u00e9mon\n|rule|OHKO Clause: OHKO moves are banned\n|rule|Evasion Items Clause: Evasion items are banned\n|rule|Evasion Moves Clause: Evasion moves are banned\n|rule|Endless Battle Clause: Forcing endless battles is banned\n|rule|HP Percentage Mod: HP is shown in percentages\n|rule|Dynamax Clause: You cannot dynamax\n|clearpoke\n|poke|p1|Seismitoad, F|\n|poke|p1|Clefable, M|\n|poke|p1|Tapu Lele|\n|poke|p1|Ferrothorn, M|\n|poke|p1|Mamoswine, M|\n|poke|p1|Blaziken, F|\n|poke|p2|Slowbro-Galar, M|\n|poke|p2|Blaziken, M|\n|poke|p2|Clefable, F|\n|poke|p2|Seismitoad, M|\n|poke|p2|Corviknight, M|\n|poke|p2|Kommo-o, M|\n|teampreview\n|\n|t:|1662607507\n|start\n|switch|p1a: Ferrothorn|Ferrothorn, M|100\/100\n|switch|p2a: Seismitoad|Seismitoad, M|100\/100\n|turn|1\n|\n|t:|1662607509\n|move|p2a: Seismitoad|Stealth Rock|p1a: Ferrothorn\n|-sidestart|p1: LAUNCH24|move: Stealth Rock\n|move|p1a: Ferrothorn|Power Whip|p2a: Seismitoad\n|-supereffective|p2a: Seismitoad\n|-damage|p2a: Seismitoad|0 fnt\n|faint|p2a: Seismitoad\n|\n|upkeep\n|\n|t:|1662607512\n|switch|p2a: Blaziken|Blaziken, M|100\/100\n|turn|2\n|\n|t:|1662607517\n|switch|p1a: Tapu Lele|Tapu Lele|100\/100\n|-damage|p1a: Tapu Lele|88\/100|[from] Stealth Rock\n|-fieldstart|move: Psychic Terrain|[from] ability: Psychic Surge|[of] p1a: Tapu Lele\n|move|p2a: Blaziken|Swords Dance|p2a: Blaziken\n|-boost|p2a: Blaziken|atk|2\n|\n|-ability|p2a: Blaziken|Speed Boost|boost\n|-boost|p2a: Blaziken|spe|1\n|upkeep\n|turn|3\n|\n|t:|1662607519\n|move|p2a: Blaziken|Protect|p2a: Blaziken\n|-singleturn|p2a: Blaziken|Protect\n|move|p1a: Tapu Lele|Psychic|p2a: Blaziken\n|-activate|p2a: Blaziken|move: Protect\n|\n|-ability|p2a: Blaziken|Speed Boost|boost\n|-boost|p2a: Blaziken|spe|1\n|upkeep\n|turn|4\n|j| Teamtest725\n|l| Teamtest725\n|\n|t:|1662607527\n|switch|p1a: Ferrothorn|Ferrothorn, M|100\/100\n|-damage|p1a: Ferrothorn|94\/100|[from] Stealth Rock\n|move|p2a: Blaziken|Flare Blitz|p1a: Ferrothorn\n|-supereffective|p1a: Ferrothorn\n|-damage|p1a: Ferrothorn|0 fnt\n|-damage|p2a: Blaziken|88\/100|[from] ability: Iron Barbs|[of] p1a: Ferrothorn\n|faint|p1a: Ferrothorn\n|-damage|p2a: Blaziken|52\/100|[from] Recoil\n|\n|-heal|p2a: Blaziken|58\/100|[from] item: Leftovers\n|-ability|p2a: Blaziken|Speed Boost|boost\n|-boost|p2a: Blaziken|spe|1\n|upkeep\n|\n|t:|1662607531\n|switch|p1a: Seismitoad|Seismitoad, F|100\/100\n|-damage|p1a: Seismitoad|94\/100|[from] Stealth Rock\n|turn|5\n|\n|t:|1662607533\n|move|p2a: Blaziken|Close Combat|p1a: Seismitoad\n|-damage|p1a: Seismitoad|0 fnt\n|-unboost|p2a: Blaziken|def|1\n|-unboost|p2a: Blaziken|spd|1\n|faint|p1a: Seismitoad\n|\n|-heal|p2a: Blaziken|64\/100|[from] item: Leftovers\n|-ability|p2a: Blaziken|Speed Boost|boost\n|-boost|p2a: Blaziken|spe|1\n|upkeep\n|j| Golem Rising\n|\n|t:|1662607537\n|switch|p1a: Clefable|Clefable, M|100\/100\n|turn|6\n|\n|t:|1662607539\n|move|p2a: Blaziken|Flare Blitz|p1a: Clefable\n|-damage|p1a: Clefable|0 fnt\n|faint|p1a: Clefable\n|-damage|p2a: Blaziken|21\/100|[from] Recoil\n|\n|-heal|p2a: Blaziken|27\/100|[from] item: Leftovers\n|-fieldend|move: Psychic Terrain\n|-ability|p2a: Blaziken|Speed Boost|boost\n|-boost|p2a: Blaziken|spe|1\n|upkeep\n|\n|t:|1662607545\n|switch|p1a: Mamoswine|Mamoswine, M|100\/100\n|-damage|p1a: Mamoswine|88\/100|[from] Stealth Rock\n|turn|7\n|\n|t:|1662607547\n|move|p2a: Blaziken|Protect|p2a: Blaziken\n|-singleturn|p2a: Blaziken|Protect\n|move|p1a: Mamoswine|Ice Shard|p2a: Blaziken\n|-activate|p2a: Blaziken|move: Protect\n|\n|-heal|p2a: Blaziken|33\/100|[from] item: Leftovers\n|-ability|p2a: Blaziken|Speed Boost|boost\n|-boost|p2a: Blaziken|spe|1\n|upkeep\n|turn|8\n|j| LT_Alt1\n|\n|t:|1662607550\n|switch|p2a: Corviknight|Corviknight, M|100\/100\n|move|p1a: Mamoswine|Ice Shard|p2a: Corviknight\n|-damage|p2a: Corviknight|87\/100\n|\n|upkeep\n|turn|9\n|\n|t:|1662607556\n|move|p1a: Mamoswine|Icicle Crash|p2a: Corviknight\n|-damage|p2a: Corviknight|54\/100\n|move|p2a: Corviknight|U-turn|p1a: Mamoswine\n|-damage|p1a: Mamoswine|74\/100\n|\n|t:|1662607559\n|switch|p2a: Blaziken|Blaziken, M|33\/100|[from]move: U-turn\n|\n|-heal|p2a: Blaziken|39\/100|[from] item: Leftovers\n|upkeep\n|turn|10\n|\n|t:|1662607565\n|switch|p1a: Tapu Lele|Tapu Lele|88\/100\n|-damage|p1a: Tapu Lele|76\/100|[from] Stealth Rock\n|-fieldstart|move: Psychic Terrain|[from] ability: Psychic Surge|[of] p1a: Tapu Lele\n|move|p2a: Blaziken|Protect||[still]\n|-fail|p2a: Blaziken\n|\n|-heal|p2a: Blaziken|45\/100|[from] item: Leftovers\n|-ability|p2a: Blaziken|Speed Boost|boost\n|-boost|p2a: Blaziken|spe|1\n|upkeep\n|turn|11\n|\n|t:|1662607570\n|move|p2a: Blaziken|Protect|p2a: Blaziken\n|-singleturn|p2a: Blaziken|Protect\n|move|p1a: Tapu Lele|Psychic|p2a: Blaziken\n|-activate|p2a: Blaziken|move: Protect\n|\n|-heal|p2a: Blaziken|51\/100|[from] item: Leftovers\n|-ability|p2a: Blaziken|Speed Boost|boost\n|-boost|p2a: Blaziken|spe|1\n|upkeep\n|turn|12\n|\n|t:|1662607572\n|move|p2a: Blaziken|Flare Blitz|p1a: Tapu Lele\n|-damage|p1a: Tapu Lele|0 fnt\n|faint|p1a: Tapu Lele\n|-damage|p2a: Blaziken|27\/100|[from] Recoil\n|\n|-heal|p2a: Blaziken|33\/100|[from] item: Leftovers\n|-ability|p2a: Blaziken|Speed Boost|boost\n|-boost|p2a: Blaziken|spe|1\n|upkeep\n|\n|t:|1662607575\n|switch|p1a: Blaziken|Blaziken, F|100\/100\n|-damage|p1a: Blaziken|88\/100|[from] Stealth Rock\n|-item|p1a: Blaziken|Air Balloon\n|turn|13\n|\n|t:|1662607580\n|move|p2a: Blaziken|Close Combat|p1a: Blaziken\n|-damage|p1a: Blaziken|0 fnt\n|-unboost|p2a: Blaziken|def|1\n|-unboost|p2a: Blaziken|spd|1\n|-enditem|p1a: Blaziken|Air Balloon\n|faint|p1a: Blaziken\n|\n|-heal|p2a: Blaziken|39\/100|[from] item: Leftovers\n|-ability|p2a: Blaziken|Speed Boost|boost\n|-boost|p2a: Blaziken|spe|1\n|upkeep\n|\n|t:|1662607588\n|switch|p1a: Mamoswine|Mamoswine, M|74\/100\n|-damage|p1a: Mamoswine|62\/100|[from] Stealth Rock\n|turn|14\n|\n|t:|1662607589\n|move|p2a: Blaziken|Protect|p2a: Blaziken\n|-singleturn|p2a: Blaziken|Protect\n|move|p1a: Mamoswine|Ice Shard|p2a: Blaziken\n|-activate|p2a: Blaziken|move: Psychic Terrain\n|\n|-heal|p2a: Blaziken|45\/100|[from] item: Leftovers\n|-fieldend|move: Psychic Terrain\n|-ability|p2a: Blaziken|Speed Boost|boost\n|-boost|p2a: Blaziken|spe|1\n|upkeep\n|turn|15\n|\n|t:|1662607592\n|move|p1a: Mamoswine|Ice Shard|p2a: Blaziken\n|-resisted|p2a: Blaziken\n|-damage|p2a: Blaziken|18\/100\n|move|p2a: Blaziken|Close Combat|p1a: Mamoswine\n|-supereffective|p1a: Mamoswine\n|-damage|p1a: Mamoswine|0 fnt\n|-unboost|p2a: Blaziken|def|1\n|-unboost|p2a: Blaziken|spd|1\n|faint|p1a: Mamoswine\n|\n|win|andrewm0n\n|raw|LAUNCH24's rating: 1770 &rarr; <strong>1755<\/strong><br \/>(-15 for losing)\n|raw|andrewm0n's rating: 1859 &rarr; <strong>1874<\/strong><br \/>(+15 for winning)\n","uploadtime":1662607597,"views":23,"p1id":"launch24","p2id":"andrewm0n","formatid":"gen8ou","rating":1755,"private":0,"password":null}