{"id":"gen8anythinggoes-1676147532","p1":"yokobaby","p2":"AGLT5GC Joe Mama","format":"gen8anythinggoes","log":"|raw|<div class=\"broadcast-blue\"><strong>This battle is required to be public due to a player having a name starting with 'aglt5gc'.<\/div>\n|j|\u2606yokobaby\n|j|\u2606AGLT5GC Joe Mama\n|t:|1664756947\n|gametype|singles\n|player|p1|yokobaby|cynthia-masters|1788\n|player|p2|AGLT5GC Joe Mama|volkner-masters|1720\n|teamsize|p1|6\n|teamsize|p2|6\n|gen|8\n|tier|[Gen 8] Anything Goes\n|rated|\n|rule|HP Percentage Mod: HP is shown in percentages\n|rule|Endless Battle Clause: Forcing endless battles is banned\n|clearpoke\n|poke|p1|Zacian-*|\n|poke|p1|Eternatus|\n|poke|p1|Ho-Oh|\n|poke|p1|Ho-Oh|\n|poke|p1|Ho-Oh|\n|poke|p1|Necrozma-Dusk-Mane|\n|poke|p2|Aerodactyl, F|\n|poke|p2|Butterfree, M|\n|poke|p2|Calyrex-Shadow|\n|poke|p2|Yveltal|\n|poke|p2|Dialga|\n|poke|p2|Kyogre|\n|teampreview\n|inactive|Battle timer is ON: inactive players will automatically lose when time's up. (requested by AGLT5GC Joe Mama)\n|\n|t:|1664756965\n|start\n|switch|p1a: Zacian|Zacian-Crowned|100\/100\n|switch|p2a: Aerodactyl|Aerodactyl, F|100\/100\n|-ability|p1a: Zacian|Intrepid Sword|boost\n|-boost|p1a: Zacian|atk|1\n|-ability|p2a: Aerodactyl|Pressure\n|turn|1\n|\n|t:|1664756977\n|move|p1a: Zacian|Behemoth Blade|p2a: Aerodactyl\n|-supereffective|p2a: Aerodactyl\n|-enditem|p2a: Aerodactyl|Focus Sash\n|-damage|p2a: Aerodactyl|1\/100\n|move|p2a: Aerodactyl|Stealth Rock|p1a: Zacian\n|-sidestart|p1: yokobaby|move: Stealth Rock\n|\n|upkeep\n|turn|2\n|\n|t:|1664756984\n|move|p1a: Zacian|Behemoth Blade|p2a: Aerodactyl\n|-supereffective|p2a: Aerodactyl\n|-damage|p2a: Aerodactyl|0 fnt\n|faint|p2a: Aerodactyl\n|\n|upkeep\n|\n|t:|1664756986\n|switch|p2a: Calyrex|Calyrex-Shadow|100\/100\n|-ability|p2a: Calyrex|As One\n|-ability|p2a: Calyrex|Unnerve\n|turn|3\n|\n|t:|1664756989\n|move|p2a: Calyrex|Nasty Plot|p2a: Calyrex\n|-boost|p2a: Calyrex|spa|2\n|move|p1a: Zacian|Crunch|p2a: Calyrex\n|-supereffective|p2a: Calyrex\n|-enditem|p2a: Calyrex|Focus Sash\n|-damage|p2a: Calyrex|1\/100\n|\n|upkeep\n|turn|4\n|\n|t:|1664756998\n|move|p2a: Calyrex|Astral Barrage|p1a: Zacian\n|-damage|p1a: Zacian|0 fnt\n|faint|p1a: Zacian\n|-ability|p2a: Calyrex|Grim Neigh|boost\n|-boost|p2a: Calyrex|spa|1\n|\n|upkeep\n|\n|t:|1664757001\n|switch|p1a: Ho-Oh|Ho-Oh|100\/100\n|turn|5\n|\n|t:|1664757004\n|move|p2a: Calyrex|Astral Barrage|p1a: Ho-Oh\n|-damage|p1a: Ho-Oh|25\/100\n|move|p1a: Ho-Oh|Whirlwind|p2a: Calyrex\n|drag|p2a: Kyogre|Kyogre|100\/100\n|-weather|RainDance|[from] ability: Drizzle|[of] p2a: Kyogre\n|\n|-weather|RainDance|[upkeep]\n|upkeep\n|turn|6\n|j| Apprenti Buck\n|\n|t:|1664757014\n|move|p1a: Ho-Oh|Protect|p1a: Ho-Oh\n|-singleturn|p1a: Ho-Oh|Protect\n|move|p2a: Kyogre|Water Spout|p1a: Ho-Oh\n|-activate|p1a: Ho-Oh|move: Protect\n|\n|-weather|RainDance|[upkeep]\n|upkeep\n|turn|7\n|\n|t:|1664757017\n|switch|p1a: Eternatus|Eternatus|100\/100\n|-damage|p1a: Eternatus|88\/100|[from] Stealth Rock\n|-ability|p1a: Eternatus|Pressure\n|move|p2a: Kyogre|Water Spout|p1a: Eternatus\n|-resisted|p1a: Eternatus\n|-damage|p1a: Eternatus|50\/100\n|\n|-weather|RainDance|[upkeep]\n|upkeep\n|turn|8\n|j| aglt5gc polt\n|\n|t:|1664757024\n|switch|p2a: Calyrex|Calyrex-Shadow|1\/100\n|-ability|p2a: Calyrex|As One\n|-ability|p2a: Calyrex|Unnerve\n|move|p1a: Eternatus|Recover|p1a: Eternatus\n|-heal|p1a: Eternatus|100\/100\n|\n|-weather|RainDance|[upkeep]\n|upkeep\n|turn|9\n|\n|t:|1664757040\n|-start|p2a: Calyrex|Dynamax|\n|-heal|p2a: Calyrex|1\/100|[silent]\n|move|p2a: Calyrex|Max Mindstorm|p1a: Eternatus\n|-supereffective|p1a: Eternatus\n|-damage|p1a: Eternatus|12\/100\n|-fieldstart|move: Psychic Terrain\n|move|p1a: Eternatus|Dynamax Cannon|p2a: Calyrex\n|-damage|p2a: Calyrex|0 fnt\n|faint|p2a: Calyrex\n|\n|-weather|none\n|upkeep\n|\n|t:|1664757043\n|switch|p2a: Kyogre|Kyogre|100\/100\n|-weather|RainDance|[from] ability: Drizzle|[of] p2a: Kyogre\n|turn|10\n|\n|t:|1664757053\n|move|p2a: Kyogre|Water Spout|p1a: Eternatus\n|-resisted|p1a: Eternatus\n|-damage|p1a: Eternatus|0 fnt\n|faint|p1a: Eternatus\n|\n|-weather|RainDance|[upkeep]\n|upkeep\n|c| Apprenti Buck|Bruh\u2026\n|\n|t:|1664757063\n|switch|p1a: Ho-Oh|Ho-Oh|59\/100\n|turn|11\n|\n|t:|1664757066\n|move|p1a: Ho-Oh|Protect|p1a: Ho-Oh\n|-singleturn|p1a: Ho-Oh|Protect\n|move|p2a: Kyogre|Water Spout|p1a: Ho-Oh\n|-activate|p1a: Ho-Oh|move: Protect\n|\n|-weather|RainDance|[upkeep]\n|upkeep\n|turn|12\n|\n|t:|1664757074\n|switch|p1a: Ho-Oh|Ho-Oh|100\/100\n|move|p2a: Kyogre|Water Spout|p1a: Ho-Oh\n|-supereffective|p1a: Ho-Oh\n|-damage|p1a: Ho-Oh|0 fnt\n|faint|p1a: Ho-Oh\n|\n|-weather|RainDance|[upkeep]\n|upkeep\n|\n|t:|1664757080\n|switch|p1a: Ho-Oh|Ho-Oh|92\/100\n|turn|13\n|\n|t:|1664757084\n|switch|p2a: Butterfree|Butterfree, M|100\/100\n|move|p1a: Ho-Oh|Protect||[still]\n|-fail|p1a: Ho-Oh\n|\n|-weather|RainDance|[upkeep]\n|-fieldend|move: Psychic Terrain\n|upkeep\n|turn|14\n|\n|t:|1664757088\n|move|p2a: Butterfree|Sleep Powder|p1a: Ho-Oh\n|-status|p1a: Ho-Oh|slp|[from] move: Sleep Powder\n|cant|p1a: Ho-Oh|slp\n|\n|-weather|none\n|upkeep\n|turn|15\n|\n|t:|1664757092\n|move|p2a: Butterfree|Baton Pass|p2a: Butterfree\n|\n|t:|1664757093\n|switch|p2a: Dialga|Dialga|100\/100|[from]move: Baton Pass\n|-ability|p2a: Dialga|Pressure\n|-curestatus|p1a: Ho-Oh|slp|[msg]\n|move|p1a: Ho-Oh|Whirlwind|p2a: Dialga\n|drag|p2a: Butterfree|Butterfree, M|100\/100\n|\n|upkeep\n|turn|16\n|\n|t:|1664757097\n|move|p2a: Butterfree|Sleep Powder|p1a: Ho-Oh\n|-status|p1a: Ho-Oh|slp|[from] move: Sleep Powder\n|cant|p1a: Ho-Oh|slp\n|\n|upkeep\n|turn|17\n|\n|t:|1664757102\n|move|p2a: Butterfree|Baton Pass|p2a: Butterfree\n|\n|t:|1664757103\n|switch|p2a: Kyogre|Kyogre|100\/100|[from]move: Baton Pass\n|-weather|RainDance|[from] ability: Drizzle|[of] p2a: Kyogre\n|cant|p1a: Ho-Oh|slp\n|\n|-weather|RainDance|[upkeep]\n|upkeep\n|turn|18\n|\n|t:|1664757116\n|cant|p1a: Ho-Oh|slp\n|move|p2a: Kyogre|Origin Pulse|p1a: Ho-Oh\n|-supereffective|p1a: Ho-Oh\n|-damage|p1a: Ho-Oh|1\/100 slp\n|\n|-weather|RainDance|[upkeep]\n|upkeep\n|turn|19\n|\n|t:|1664757121\n|-curestatus|p1a: Ho-Oh|slp|[msg]\n|move|p1a: Ho-Oh|Protect|p1a: Ho-Oh\n|-singleturn|p1a: Ho-Oh|Protect\n|move|p2a: Kyogre|Origin Pulse|p1a: Ho-Oh\n|-activate|p1a: Ho-Oh|move: Protect\n|\n|-weather|RainDance|[upkeep]\n|upkeep\n|turn|20\n|j| AGLT5GC P\n|\n|t:|1664757133\n|move|p1a: Ho-Oh|Protect|p1a: Ho-Oh\n|-singleturn|p1a: Ho-Oh|Protect\n|move|p2a: Kyogre|Origin Pulse|p1a: Ho-Oh\n|-activate|p1a: Ho-Oh|move: Protect\n|\n|-weather|RainDance|[upkeep]\n|upkeep\n|turn|21\n|l| AGLT5GC P\n|\n|t:|1664757141\n|move|p2a: Kyogre|Origin Pulse|p1a: Ho-Oh\n|-supereffective|p1a: Ho-Oh\n|-damage|p1a: Ho-Oh|0 fnt\n|faint|p1a: Ho-Oh\n|\n|-weather|none\n|upkeep\n|\n|t:|1664757165\n|switch|p1a: Ho-Oh|Ho-Oh|100\/100\n|-damage|p1a: Ho-Oh|50\/100|[from] Stealth Rock\n|turn|22\n|\n|t:|1664757178\n|-start|p1a: Ho-Oh|Dynamax|\n|-heal|p1a: Ho-Oh|50\/100|[silent]\n|move|p2a: Kyogre|Origin Pulse|p1a: Ho-Oh\n|-supereffective|p1a: Ho-Oh\n|-damage|p1a: Ho-Oh|12\/100\n|move|p1a: Ho-Oh|Max Airstream|p2a: Kyogre\n|-damage|p2a: Kyogre|20\/100\n|-boost|p1a: Ho-Oh|spe|1\n|\n|upkeep\n|turn|23\n|inactive|yokobaby has 120 seconds left.\n|\n|t:|1664757214\n|move|p2a: Kyogre|Origin Pulse|p1a: Ho-Oh\n|-supereffective|p1a: Ho-Oh\n|-damage|p1a: Ho-Oh|0 fnt\n|faint|p1a: Ho-Oh\n|\n|upkeep\n|-message|yokobaby forfeited.\n|\n|win|AGLT5GC Joe Mama\n|raw|yokobaby's rating: 1788 &rarr; <strong>1764<\/strong><br \/>(-24 for losing)\n|raw|AGLT5GC Joe Mama's rating: 1720 &rarr; <strong>1744<\/strong><br \/>(+24 for winning)\n|l|\u2606yokobaby\n|l| Apprenti Buck\n","uploadtime":1664757237,"views":4,"p1id":"yokobaby","p2id":"aglt5gcjoemama","formatid":"gen8anythinggoes","rating":1744,"private":0,"password":null}