{"id":"gen8ou-1579090247","p1":"Del chef","p2":"ShootingSonicX","format":"gen8ou","log":"|j|\u2606Del chef\n|j|\u2606ShootingSonicX\n|inactive|Battle timer is ON: inactive players will automatically lose when time's up.\n|t:|1653061623\n|gametype|singles\n|player|p1|Del chef|bugcatcher-gen1|\n|player|p2|ShootingSonicX|volkner|\n|teamsize|p1|6\n|teamsize|p2|6\n|gen|8\n|tier|[Gen 8] OU\n|rated|Tournament battle\n|rule|Sleep Clause Mod: Limit one foe put to sleep\n|rule|Species Clause: Limit one of each Pok\u00e9mon\n|rule|OHKO Clause: OHKO moves are banned\n|rule|Evasion Moves Clause: Evasion moves are banned\n|rule|Endless Battle Clause: Forcing endless battles is banned\n|rule|HP Percentage Mod: HP is shown in percentages\n|rule|Dynamax Clause: You cannot dynamax\n|clearpoke\n|poke|p1|Rotom-Wash|\n|poke|p1|Landorus-Therian, M|\n|poke|p1|Ferrothorn, F|\n|poke|p1|Zeraora|\n|poke|p1|Mandibuzz, F|\n|poke|p1|Tapu Lele|\n|poke|p2|Dragapult, M|\n|poke|p2|Tapu Fini|\n|poke|p2|Kartana|\n|poke|p2|Landorus-Therian, M|\n|poke|p2|Heatran, F|\n|poke|p2|Blissey, F|\n|teampreview\n|j| NateFangirl\n|j| Arctic Charcoal\n|l| NateFangirl\n|\n|t:|1653061644\n|start\n|switch|p1a: perroviejo|Landorus-Therian, M|100\/100\n|switch|p2a: Landorus|Landorus-Therian, M|100\/100\n|-ability|p1a: perroviejo|Intimidate|boost\n|-unboost|p2a: Landorus|atk|1\n|-ability|p2a: Landorus|Intimidate|boost\n|-unboost|p1a: perroviejo|atk|1\n|turn|1\n|\n|t:|1653061650\n|move|p1a: perroviejo|Toxic|p2a: Landorus\n|-status|p2a: Landorus|tox\n|move|p2a: Landorus|Toxic|p1a: perroviejo\n|-status|p1a: perroviejo|tox\n|\n|-damage|p1a: perroviejo|94\/100 tox|[from] psn\n|-damage|p2a: Landorus|94\/100 tox|[from] psn\n|upkeep\n|turn|2\n|\n|t:|1653061657\n|move|p1a: perroviejo|Stealth Rock|p2a: Landorus\n|-sidestart|p2: ShootingSonicX|move: Stealth Rock\n|move|p2a: Landorus|Defog|p1a: perroviejo\n|-unboost|p1a: perroviejo|evasion|1\n|-sideend|p2: ShootingSonicX|Stealth Rock|[from] move: Defog|[of] p2a: Landorus\n|\n|-heal|p1a: perroviejo|100\/100 tox|[from] item: Leftovers\n|-heal|p2a: Landorus|100\/100 tox|[from] item: Leftovers\n|-damage|p1a: perroviejo|88\/100 tox|[from] psn\n|-damage|p2a: Landorus|88\/100 tox|[from] psn\n|upkeep\n|turn|3\n|\n|t:|1653061662\n|move|p1a: perroviejo|Knock Off|p2a: Landorus\n|-damage|p2a: Landorus|70\/100 tox\n|-enditem|p2a: Landorus|Leftovers|[from] move: Knock Off|[of] p1a: perroviejo\n|move|p2a: Landorus|U-turn|p1a: perroviejo\n|-resisted|p1a: perroviejo\n|-damage|p1a: perroviejo|81\/100 tox\n|\n|t:|1653061670\n|switch|p2a: Kartana|Kartana|100\/100|[from]move: U-turn\n|\n|-heal|p1a: perroviejo|87\/100 tox|[from] item: Leftovers\n|-damage|p1a: perroviejo|69\/100 tox|[from] psn\n|upkeep\n|turn|4\n|\n|t:|1653061676\n|switch|p1a: Mandi|Mandibuzz, F|100\/100\n|move|p2a: Kartana|Knock Off|p1a: Mandi\n|-resisted|p1a: Mandi\n|-damage|p1a: Mandi|91\/100\n|-enditem|p1a: Mandi|Heavy-Duty Boots|[from] move: Knock Off|[of] p2a: Kartana\n|\n|upkeep\n|turn|5\n|\n|t:|1653061686\n|switch|p2a: Heatran|Heatran, F|100\/100\n|switch|p1a: lavamela|Rotom-Wash|100\/100\n|\n|upkeep\n|turn|6\n|\n|t:|1653061691\n|move|p2a: Heatran|Stealth Rock|p1a: lavamela\n|-sidestart|p1: Del chef|move: Stealth Rock\n|move|p1a: lavamela|Substitute|p1a: lavamela\n|-start|p1a: lavamela|Substitute\n|-damage|p1a: lavamela|75\/100\n|\n|-heal|p1a: lavamela|82\/100|[from] item: Leftovers\n|upkeep\n|turn|7\n|\n|t:|1653061697\n|switch|p2a: Blissey|Blissey, F|100\/100\n|move|p1a: lavamela|Discharge|p2a: Blissey\n|-damage|p2a: Blissey|90\/100\n|\n|-heal|p1a: lavamela|88\/100|[from] item: Leftovers\n|upkeep\n|turn|8\n|\n|t:|1653061702\n|move|p1a: lavamela|Discharge|p2a: Blissey\n|-damage|p2a: Blissey|80\/100\n|move|p2a: Blissey|Teleport|p2a: Blissey\n|\n|t:|1653061713\n|switch|p2a: Kartana|Kartana|100\/100|[from]move: Teleport\n|\n|-heal|p1a: lavamela|94\/100|[from] item: Leftovers\n|upkeep\n|turn|9\n|\n|t:|1653061717\n|move|p2a: Kartana|Leaf Blade|p1a: lavamela\n|-supereffective|p1a: lavamela\n|-end|p1a: lavamela|Substitute\n|move|p1a: lavamela|Discharge|p2a: Kartana\n|-resisted|p2a: Kartana\n|-damage|p2a: Kartana|67\/100\n|-status|p2a: Kartana|par\n|\n|-heal|p1a: lavamela|100\/100|[from] item: Leftovers\n|upkeep\n|turn|10\n|\n|t:|1653061730\n|move|p1a: lavamela|Substitute|p1a: lavamela\n|-start|p1a: lavamela|Substitute\n|-damage|p1a: lavamela|75\/100\n|move|p2a: Kartana|Leaf Blade|p1a: lavamela\n|-supereffective|p1a: lavamela\n|-end|p1a: lavamela|Substitute\n|\n|-heal|p1a: lavamela|82\/100|[from] item: Leftovers\n|upkeep\n|turn|11\n|\n|t:|1653061736\n|switch|p1a: Mandi|Mandibuzz, F|91\/100\n|-damage|p1a: Mandi|66\/100|[from] Stealth Rock\n|move|p2a: Kartana|Leaf Blade|p1a: Mandi\n|-resisted|p1a: Mandi\n|-damage|p1a: Mandi|53\/100\n|\n|upkeep\n|turn|12\n|j| SubmergedWater\n|\n|t:|1653061741\n|switch|p2a: Heatran|Heatran, F|100\/100\n|move|p1a: Mandi|Roost|p1a: Mandi\n|-heal|p1a: Mandi|100\/100\n|-singleturn|p1a: Mandi|move: Roost\n|\n|upkeep\n|turn|13\n|\n|t:|1653061752\n|switch|p1a: lavamela|Rotom-Wash|82\/100\n|-damage|p1a: lavamela|69\/100|[from] Stealth Rock\n|move|p2a: Heatran|Toxic|p1a: lavamela\n|-status|p1a: lavamela|tox\n|\n|-heal|p1a: lavamela|75\/100 tox|[from] item: Leftovers\n|-damage|p1a: lavamela|69\/100 tox|[from] psn\n|upkeep\n|turn|14\n|\n|t:|1653061761\n|switch|p2a: Blissey|Blissey, F|80\/100\n|switch|p1a: Ferrothorn|Ferrothorn, F|100\/100\n|-damage|p1a: Ferrothorn|94\/100|[from] Stealth Rock\n|\n|-heal|p1a: Ferrothorn|100\/100|[from] item: Leftovers\n|upkeep\n|turn|15\n|\n|t:|1653061769\n|switch|p2a: Heatran|Heatran, F|100\/100\n|move|p1a: Ferrothorn|Spikes|p2a: Heatran\n|-sidestart|p2: ShootingSonicX|Spikes\n|\n|upkeep\n|turn|16\n|\n|t:|1653061773\n|switch|p1a: lavamela|Rotom-Wash|69\/100 tox\n|-damage|p1a: lavamela|57\/100 tox|[from] Stealth Rock\n|move|p2a: Heatran|Lava Plume|p1a: lavamela\n|-resisted|p1a: lavamela\n|-damage|p1a: lavamela|37\/100 tox\n|\n|-heal|p1a: lavamela|44\/100 tox|[from] item: Leftovers\n|-damage|p1a: lavamela|37\/100 tox|[from] psn\n|upkeep\n|turn|17\n|\n|t:|1653061785\n|switch|p2a: Blissey|Blissey, F|80\/100\n|move|p1a: lavamela|Hydro Pump|p2a: Blissey|[miss]\n|-miss|p1a: lavamela|p2a: Blissey\n|\n|-heal|p1a: lavamela|44\/100 tox|[from] item: Leftovers\n|-damage|p1a: lavamela|31\/100 tox|[from] psn\n|upkeep\n|turn|18\n|\n|t:|1653061793\n|move|p1a: lavamela|Hydro Pump|p2a: Blissey\n|-damage|p2a: Blissey|65\/100\n|move|p2a: Blissey|Soft-Boiled|p2a: Blissey\n|-heal|p2a: Blissey|100\/100\n|\n|-heal|p1a: lavamela|37\/100 tox|[from] item: Leftovers\n|-damage|p1a: lavamela|19\/100 tox|[from] psn\n|upkeep\n|turn|19\n|\n|t:|1653061797\n|move|p1a: lavamela|Discharge|p2a: Blissey\n|-damage|p2a: Blissey|91\/100\n|move|p2a: Blissey|Teleport|p2a: Blissey\n|\n|t:|1653061809\n|switch|p2a: Heatran|Heatran, F|100\/100|[from]move: Teleport\n|-damage|p2a: Heatran|88\/100|[from] Spikes\n|\n|-heal|p2a: Heatran|94\/100|[from] item: Leftovers\n|-heal|p1a: lavamela|25\/100 tox|[from] item: Leftovers\n|-damage|p1a: lavamela|0 fnt|[from] psn\n|faint|p1a: lavamela\n|upkeep\n|\n|t:|1653061816\n|switch|p1a: perroviejo|Landorus-Therian, M|69\/100 tox\n|-damage|p1a: perroviejo|57\/100 tox|[from] Stealth Rock\n|-ability|p1a: perroviejo|Intimidate|boost\n|-unboost|p2a: Heatran|atk|1\n|turn|20\n|j| Anonymous43567\n|\n|t:|1653061827\n|switch|p1a: lelescarf|Tapu Lele|100\/100\n|-damage|p1a: lelescarf|88\/100|[from] Stealth Rock\n|-fieldstart|move: Psychic Terrain|[from] ability: Psychic Surge|[of] p1a: lelescarf\n|switch|p2a: Landorus|Landorus-Therian, M|70\/100 tox\n|-ability|p2a: Landorus|Intimidate|boost\n|-unboost|p1a: lelescarf|atk|1\n|\n|-damage|p2a: Landorus|63\/100 tox|[from] psn\n|upkeep\n|turn|21\n|\n|t:|1653061834\n|switch|p2a: Heatran|Heatran, F|94\/100\n|-damage|p2a: Heatran|82\/100|[from] Spikes\n|move|p1a: lelescarf|Psyshock|p2a: Heatran\n|-resisted|p2a: Heatran\n|-damage|p2a: Heatran|55\/100\n|\n|-heal|p2a: Heatran|61\/100|[from] item: Leftovers\n|upkeep\n|turn|22\n|\n|t:|1653061840\n|move|p1a: lelescarf|Psyshock|p2a: Heatran\n|-resisted|p2a: Heatran\n|-damage|p2a: Heatran|34\/100\n|move|p2a: Heatran|Lava Plume|p1a: lelescarf\n|-damage|p1a: lelescarf|53\/100\n|\n|-heal|p2a: Heatran|40\/100|[from] item: Leftovers\n|upkeep\n|turn|23\n|\n|t:|1653061853\n|move|p1a: lelescarf|Psyshock|p2a: Heatran\n|-resisted|p2a: Heatran\n|-damage|p2a: Heatran|11\/100\n|move|p2a: Heatran|Lava Plume|p1a: lelescarf\n|-damage|p1a: lelescarf|18\/100\n|-status|p1a: lelescarf|brn\n|\n|-heal|p2a: Heatran|17\/100|[from] item: Leftovers\n|-damage|p1a: lelescarf|12\/100 brn|[from] brn\n|upkeep\n|turn|24\n|\n|t:|1653061866\n|move|p1a: lelescarf|Psyshock|p2a: Heatran\n|-resisted|p2a: Heatran\n|-damage|p2a: Heatran|0 fnt\n|faint|p2a: Heatran\n|\n|-damage|p1a: lelescarf|5\/100 brn|[from] brn\n|-fieldend|move: Psychic Terrain\n|upkeep\n|\n|t:|1653061883\n|switch|p2a: Blissey|Blissey, F|91\/100\n|turn|25\n|\n|t:|1653061887\n|move|p1a: lelescarf|Psyshock|p2a: Blissey\n|-damage|p2a: Blissey|31\/100\n|move|p2a: Blissey|Soft-Boiled|p2a: Blissey\n|-heal|p2a: Blissey|81\/100\n|\n|-damage|p1a: lelescarf|0 fnt|[from] brn\n|faint|p1a: lelescarf\n|upkeep\n|\n|t:|1653061898\n|switch|p1a: Zeraora|Zeraora|100\/100\n|turn|26\n|\n|t:|1653061904\n|switch|p2a: Landorus|Landorus-Therian, M|63\/100 tox\n|-ability|p2a: Landorus|Intimidate|boost\n|-unboost|p1a: Zeraora|atk|1\n|move|p1a: Zeraora|Close Combat|p2a: Landorus\n|-resisted|p2a: Landorus\n|-damage|p2a: Landorus|52\/100 tox\n|-unboost|p1a: Zeraora|def|1\n|-unboost|p1a: Zeraora|spd|1\n|\n|-damage|p2a: Landorus|46\/100 tox|[from] psn\n|upkeep\n|turn|27\n|\n|t:|1653061913\n|switch|p1a: perroviejo|Landorus-Therian, M|57\/100 tox\n|-damage|p1a: perroviejo|45\/100 tox|[from] Stealth Rock\n|-ability|p1a: perroviejo|Intimidate|boost\n|-unboost|p2a: Landorus|atk|1\n|move|p2a: Landorus|U-turn|p1a: perroviejo\n|-resisted|p1a: perroviejo\n|-damage|p1a: perroviejo|38\/100 tox\n|\n|t:|1653061921\n|switch|p2a: Dragapult|Dragapult, M|100\/100|[from]move: U-turn\n|-damage|p2a: Dragapult|88\/100|[from] Spikes\n|\n|-heal|p1a: perroviejo|44\/100 tox|[from] item: Leftovers\n|-damage|p1a: perroviejo|38\/100 tox|[from] psn\n|upkeep\n|turn|28\n|\n|t:|1653061928\n|move|p2a: Dragapult|Dragon Darts|p1a: perroviejo\n|-damage|p1a: perroviejo|7\/100 tox\n|-anim|p2a: Dragapult|Dragon Darts|p1a: perroviejo\n|-damage|p1a: perroviejo|0 fnt\n|faint|p1a: perroviejo\n|-damage|p2a: Dragapult|78\/100|[from] item: Life Orb\n|\n|upkeep\n|\n|t:|1653061932\n|switch|p1a: Zeraora|Zeraora|100\/100\n|turn|29\n|\n|t:|1653061940\n|switch|p2a: Landorus|Landorus-Therian, M|46\/100 tox\n|-ability|p2a: Landorus|Intimidate|boost\n|-unboost|p1a: Zeraora|atk|1\n|move|p1a: Zeraora|Knock Off|p2a: Landorus\n|-damage|p2a: Landorus|32\/100 tox\n|\n|-damage|p2a: Landorus|26\/100 tox|[from] psn\n|upkeep\n|turn|30\n|l| Arctic Charcoal\n|\n|t:|1653061956\n|switch|p1a: Mandi|Mandibuzz, F|100\/100\n|-damage|p1a: Mandi|76\/100|[from] Stealth Rock\n|move|p2a: Landorus|U-turn|p1a: Mandi\n|-damage|p1a: Mandi|60\/100\n|\n|t:|1653061968\n|switch|p2a: Tapu Fini|Tapu Fini|100\/100|[from]move: U-turn\n|-damage|p2a: Tapu Fini|88\/100|[from] Spikes\n|-fieldstart|move: Misty Terrain|[from] ability: Misty Surge|[of] p2a: Tapu Fini\n|\n|-heal|p2a: Tapu Fini|94\/100|[from] item: Leftovers\n|upkeep\n|turn|31\n|\n|t:|1653061979\n|switch|p1a: Ferrothorn|Ferrothorn, F|100\/100\n|-damage|p1a: Ferrothorn|94\/100|[from] Stealth Rock\n|move|p2a: Tapu Fini|Scald|p1a: Ferrothorn\n|-resisted|p1a: Ferrothorn\n|-damage|p1a: Ferrothorn|86\/100\n|\n|-heal|p2a: Tapu Fini|100\/100|[from] item: Leftovers\n|-heal|p1a: Ferrothorn|92\/100|[from] item: Leftovers\n|upkeep\n|turn|32\n|l| Anonymous43567\n|\n|t:|1653061986\n|move|p2a: Tapu Fini|Taunt|p1a: Ferrothorn\n|-start|p1a: Ferrothorn|move: Taunt\n|move|p1a: Ferrothorn|Power Whip|p2a: Tapu Fini\n|-supereffective|p2a: Tapu Fini\n|-damage|p2a: Tapu Fini|50\/100\n|\n|-heal|p2a: Tapu Fini|56\/100|[from] item: Leftovers\n|-heal|p1a: Ferrothorn|99\/100|[from] item: Leftovers\n|upkeep\n|turn|33\n|inactive|ShootingSonicX has 120 seconds left.\n|\n|t:|1653062032\n|switch|p2a: Blissey|Blissey, F|81\/100\n|move|p1a: Ferrothorn|Knock Off|p2a: Blissey\n|-damage|p2a: Blissey|62\/100\n|-enditem|p2a: Blissey|Heavy-Duty Boots|[from] move: Knock Off|[of] p1a: Ferrothorn\n|\n|-heal|p1a: Ferrothorn|100\/100|[from] item: Leftovers\n|upkeep\n|turn|34\n|\n|t:|1653062037\n|move|p2a: Blissey|Healing Wish|p2a: Blissey\n|faint|p2a: Blissey\n|move|p1a: Ferrothorn|Power Whip|p2: Blissey|[notarget]\n|-fail|p1a: Ferrothorn\n|\n|-end|p1a: Ferrothorn|move: Taunt\n|-fieldend|Misty Terrain\n|upkeep\n|\n|t:|1653062043\n|switch|p2a: Kartana|Kartana|67\/100 par\n|-heal|p2a: Kartana|100\/100|[from] move: Healing Wish\n|-damage|p2a: Kartana|88\/100|[from] Spikes\n|turn|35\n|\n|t:|1653062049\n|move|p2a: Kartana|Swords Dance|p2a: Kartana\n|-boost|p2a: Kartana|atk|2\n|move|p1a: Ferrothorn|Knock Off|p2a: Kartana\n|-damage|p2a: Kartana|71\/100\n|-enditem|p2a: Kartana|Protective Pads|[from] move: Knock Off|[of] p1a: Ferrothorn\n|\n|upkeep\n|turn|36\n|\n|t:|1653062064\n|switch|p1a: Mandi|Mandibuzz, F|60\/100\n|-damage|p1a: Mandi|35\/100|[from] Stealth Rock\n|move|p2a: Kartana|Swords Dance|p2a: Kartana\n|-boost|p2a: Kartana|atk|2\n|\n|upkeep\n|turn|37\n|\n|t:|1653062071\n|move|p2a: Kartana|Sacred Sword|p1a: Mandi\n|-damage|p1a: Mandi|0 fnt\n|faint|p1a: Mandi\n|-ability|p2a: Kartana|Beast Boost|boost\n|-boost|p2a: Kartana|spe|1\n|\n|upkeep\n|\n|t:|1653062075\n|switch|p1a: Zeraora|Zeraora|100\/100\n|turn|38\n|c|\u2606Del chef|gg\n|j| Turtleye\n|\n|t:|1653062083\n|move|p2a: Kartana|Knock Off|p1a: Zeraora\n|-damage|p1a: Zeraora|0 fnt\n|-enditem|p1a: Zeraora|Heavy-Duty Boots|[from] move: Knock Off|[of] p2a: Kartana\n|faint|p1a: Zeraora\n|-ability|p2a: Kartana|Beast Boost|boost\n|-boost|p2a: Kartana|spe|1\n|\n|upkeep\n|c|\u2606ShootingSonicX|gg\n|-message|Del chef forfeited.\n|\n|win|ShootingSonicX\n|n|\u2606Del chef|delchef\n|n|\u2606ShootingSonicX|shootingsonicx\n|n| SubmergedWater|submergedwater\n|n| Turtleye|turtleye\n","uploadtime":1653062088,"views":47,"p1id":"delchef","p2id":"shootingsonicx","formatid":"gen8ou","rating":0,"private":0,"password":null}