{"id":"gen8bdspou-1637115416","p1":"shirona233","p2":"Ill Leave","format":"gen8bdspou","log":"|j|\u2606shirona233\n|j|\u2606Ill Leave\n|t:|1660199672\n|gametype|singles\n|player|p1|shirona233|265|1384\n|player|p2|Ill Leave|101|1600\n|teamsize|p1|6\n|teamsize|p2|6\n|gen|8\n|tier|[Gen 8 BDSP] OU\n|rated|\n|rule|Sleep Clause Mod: Limit one foe put to sleep\n|rule|Species Clause: Limit one of each Pok\u00e9mon\n|rule|OHKO Clause: OHKO moves are banned\n|rule|Evasion Items Clause: Evasion items are banned\n|rule|Evasion Moves Clause: Evasion moves are banned\n|rule|Endless Battle Clause: Forcing endless battles is banned\n|rule|HP Percentage Mod: HP is shown in percentages\n|clearpoke\n|poke|p1|Infernape, F|\n|poke|p1|Garchomp, M|\n|poke|p1|Tangrowth, F|\n|poke|p1|Scizor, F|\n|poke|p1|Medicham, F|\n|poke|p1|Rotom-Wash|\n|poke|p2|Crawdaunt, M|\n|poke|p2|Lucario, M|\n|poke|p2|Garchomp, F|\n|poke|p2|Clefable, M|\n|poke|p2|Heatran, F|\n|poke|p2|Weezing, M|\n|teampreview\n|inactive|Battle timer is ON: inactive players will automatically lose when time's up. (requested by shirona233)\n|inactive|Ill Leave has 120 seconds left.\n|inactive|Ill Leave has 90 seconds left.\n|\n|t:|1660199764\n|start\n|switch|p1a: Medicham|Medicham, F|100\/100\n|switch|p2a: Garchomp|Garchomp, F|100\/100\n|turn|1\n|\n|t:|1660199771\n|move|p2a: Garchomp|Earthquake|p1a: Medicham\n|-damage|p1a: Medicham|17\/100\n|move|p1a: Medicham|Ice Punch|p2a: Garchomp\n|-supereffective|p2a: Garchomp\n|-damage|p2a: Garchomp|0 fnt\n|-damage|p1a: Medicham|5\/100|[from] ability: Rough Skin|[of] p2a: Garchomp\n|faint|p2a: Garchomp\n|\n|upkeep\n|\n|t:|1660199787\n|switch|p2a: Weezing|Weezing, M|100\/100\n|turn|2\n|\n|t:|1660199793\n|switch|p1a: Rotom|Rotom-Wash|100\/100\n|move|p2a: Weezing|Toxic Spikes|p1a: Rotom\n|-sidestart|p1: shirona233|move: Toxic Spikes\n|\n|upkeep\n|turn|3\n|\n|t:|1660199804\n|move|p1a: Rotom|Volt Switch|p2a: Weezing\n|-damage|p2a: Weezing|52\/100\n|\n|t:|1660199806\n|switch|p1a: Scizor|Scizor, F|100\/100|[from]move: Volt Switch\n|move|p2a: Weezing|Toxic|p1a: Scizor\n|-immune|p1a: Scizor\n|\n|-heal|p2a: Weezing|58\/100|[from] item: Black Sludge\n|upkeep\n|turn|4\n|\n|t:|1660199811\n|switch|p1a: Rotom|Rotom-Wash|100\/100\n|move|p2a: Weezing|Pain Split|p1a: Rotom\n|-sethp|p1a: Rotom|90\/100|[from] move: Pain Split|[silent]\n|-sethp|p2a: Weezing|65\/100|[from] move: Pain Split\n|\n|-heal|p2a: Weezing|71\/100|[from] item: Black Sludge\n|upkeep\n|turn|5\n|\n|t:|1660199816\n|switch|p2a: Clefable|Clefable, M|100\/100\n|move|p1a: Rotom|Trick|p2a: Clefable\n|-activate|p1a: Rotom|move: Trick|[of] p2a: Clefable\n|-item|p2a: Clefable|Choice Scarf|[from] move: Trick\n|-item|p1a: Rotom|Leftovers|[from] move: Trick\n|\n|-heal|p1a: Rotom|96\/100|[from] item: Leftovers\n|upkeep\n|turn|6\n|\n|t:|1660199829\n|switch|p2a: Heatran|Heatran, F|100\/100\n|move|p1a: Rotom|Volt Switch|p2a: Heatran\n|-damage|p2a: Heatran|77\/100\n|\n|t:|1660199837\n|switch|p1a: Garchomp|Garchomp, M|100\/100|[from]move: Volt Switch\n|-status|p1a: Garchomp|psn\n|\n|-heal|p2a: Heatran|83\/100|[from] item: Leftovers\n|-damage|p1a: Garchomp|88\/100 psn|[from] psn\n|upkeep\n|turn|7\n|\n|t:|1660199849\n|switch|p2a: Weezing|Weezing, M|71\/100\n|move|p1a: Garchomp|Stealth Rock|p2a: Weezing\n|-sidestart|p2: Ill Leave|move: Stealth Rock\n|\n|-heal|p2a: Weezing|77\/100|[from] item: Black Sludge\n|-damage|p1a: Garchomp|76\/100 psn|[from] psn\n|upkeep\n|turn|8\n|\n|t:|1660199854\n|move|p1a: Garchomp|Draco Meteor|p2a: Weezing\n|-damage|p2a: Weezing|0 fnt\n|-unboost|p1a: Garchomp|spa|2\n|faint|p2a: Weezing\n|-damage|p1a: Garchomp|66\/100 psn|[from] item: Life Orb\n|\n|-damage|p1a: Garchomp|54\/100 psn|[from] psn\n|upkeep\n|\n|t:|1660199859\n|switch|p2a: Clefable|Clefable, M|100\/100\n|turn|9\n|\n|t:|1660199866\n|switch|p1a: Scizor|Scizor, F|100\/100\n|move|p2a: Clefable|Thunder Wave|p1a: Scizor\n|-status|p1a: Scizor|par\n|\n|upkeep\n|turn|10\n|\n|t:|1660199870\n|switch|p2a: Heatran|Heatran, F|83\/100\n|-damage|p2a: Heatran|71\/100|[from] Stealth Rock\n|move|p1a: Scizor|Defog|p2a: Heatran\n|-unboost|p2a: Heatran|evasion|1\n|-sideend|p2: Ill Leave|Stealth Rock|[from] move: Defog|[of] p1a: Scizor\n|-sideend|p1: shirona233|Toxic Spikes|[from] move: Defog|[of] p1a: Scizor\n|\n|-heal|p2a: Heatran|77\/100|[from] item: Leftovers\n|upkeep\n|turn|11\n|\n|t:|1660199881\n|switch|p1a: Rotom|Rotom-Wash|96\/100\n|move|p2a: Heatran|Substitute|p2a: Heatran\n|-start|p2a: Heatran|Substitute\n|-damage|p2a: Heatran|52\/100\n|\n|-heal|p1a: Rotom|100\/100|[from] item: Leftovers\n|-heal|p2a: Heatran|59\/100|[from] item: Leftovers\n|upkeep\n|turn|12\n|\n|t:|1660199884\n|move|p2a: Heatran|Protect|p2a: Heatran\n|-singleturn|p2a: Heatran|Protect\n|move|p1a: Rotom|Hydro Pump|p2a: Heatran\n|-activate|p2a: Heatran|move: Protect\n|\n|-heal|p2a: Heatran|65\/100|[from] item: Leftovers\n|upkeep\n|turn|13\n|\n|t:|1660199888\n|move|p1a: Rotom|Hydro Pump|p2a: Heatran\n|-supereffective|p2a: Heatran\n|-end|p2a: Heatran|Substitute\n|move|p2a: Heatran|Lava Plume|p1a: Rotom\n|-resisted|p1a: Rotom\n|-damage|p1a: Rotom|76\/100\n|\n|-heal|p1a: Rotom|82\/100|[from] item: Leftovers\n|-heal|p2a: Heatran|71\/100|[from] item: Leftovers\n|upkeep\n|turn|14\n|\n|t:|1660199894\n|move|p2a: Heatran|Protect|p2a: Heatran\n|-singleturn|p2a: Heatran|Protect\n|move|p1a: Rotom|Hydro Pump|p2a: Heatran\n|-activate|p2a: Heatran|move: Protect\n|\n|-heal|p1a: Rotom|88\/100|[from] item: Leftovers\n|-heal|p2a: Heatran|77\/100|[from] item: Leftovers\n|upkeep\n|turn|15\n|j| ru1z\n|\n|t:|1660199900\n|switch|p2a: Clefable|Clefable, M|100\/100\n|move|p1a: Rotom|Volt Switch|p2a: Clefable\n|-damage|p2a: Clefable|67\/100\n|\n|t:|1660199911\n|switch|p1a: Infernape|Infernape, F|100\/100|[from]move: Volt Switch\n|\n|upkeep\n|turn|16\n|\n|t:|1660199919\n|move|p1a: Infernape|Flare Blitz|p2a: Clefable\n|-damage|p2a: Clefable|0 fnt\n|faint|p2a: Clefable\n|-damage|p1a: Infernape|71\/100|[from] Recoil\n|\n|upkeep\n|\n|t:|1660199927\n|switch|p2a: Heatran|Heatran, F|77\/100\n|turn|17\n|\n|t:|1660199932\n|switch|p1a: Rotom|Rotom-Wash|88\/100\n|move|p2a: Heatran|Substitute|p2a: Heatran\n|-start|p2a: Heatran|Substitute\n|-damage|p2a: Heatran|52\/100\n|\n|-heal|p1a: Rotom|94\/100|[from] item: Leftovers\n|-heal|p2a: Heatran|59\/100|[from] item: Leftovers\n|upkeep\n|turn|18\n|\n|t:|1660199934\n|move|p2a: Heatran|Protect|p2a: Heatran\n|-singleturn|p2a: Heatran|Protect\n|move|p1a: Rotom|Hydro Pump|p2a: Heatran\n|-activate|p2a: Heatran|move: Protect\n|\n|-heal|p1a: Rotom|100\/100|[from] item: Leftovers\n|-heal|p2a: Heatran|65\/100|[from] item: Leftovers\n|upkeep\n|turn|19\n|\n|t:|1660199940\n|move|p1a: Rotom|Hydro Pump|p2a: Heatran|[miss]\n|-miss|p1a: Rotom|p2a: Heatran\n|move|p2a: Heatran|Substitute|p2a: Heatran\n|-fail|p2a: Heatran|move: Substitute\n|\n|-heal|p2a: Heatran|71\/100|[from] item: Leftovers\n|upkeep\n|turn|20\n|\n|t:|1660199943\n|move|p2a: Heatran|Protect|p2a: Heatran\n|-singleturn|p2a: Heatran|Protect\n|move|p1a: Rotom|Hydro Pump|p2a: Heatran\n|-activate|p2a: Heatran|move: Protect\n|\n|-heal|p2a: Heatran|77\/100|[from] item: Leftovers\n|upkeep\n|turn|21\n|\n|t:|1660199946\n|move|p1a: Rotom|Hydro Pump|p2a: Heatran\n|-supereffective|p2a: Heatran\n|-end|p2a: Heatran|Substitute\n|move|p2a: Heatran|Substitute|p2a: Heatran\n|-start|p2a: Heatran|Substitute\n|-damage|p2a: Heatran|52\/100\n|\n|-heal|p2a: Heatran|59\/100|[from] item: Leftovers\n|upkeep\n|turn|22\n|\n|t:|1660199952\n|move|p2a: Heatran|Protect|p2a: Heatran\n|-singleturn|p2a: Heatran|Protect\n|move|p1a: Rotom|Volt Switch|p2a: Heatran\n|-activate|p2a: Heatran|move: Protect\n|\n|-heal|p2a: Heatran|65\/100|[from] item: Leftovers\n|upkeep\n|turn|23\n|\n|t:|1660199961\n|move|p1a: Rotom|Volt Switch|p2a: Heatran\n|-activate|p2a: Heatran|move: Substitute|[damage]\n|\n|t:|1660199978\n|switch|p1a: Garchomp|Garchomp, M|54\/100 psn|[from]move: Volt Switch\n|move|p2a: Heatran|Substitute|p2a: Heatran\n|-fail|p2a: Heatran|move: Substitute\n|\n|-heal|p2a: Heatran|71\/100|[from] item: Leftovers\n|-damage|p1a: Garchomp|41\/100 psn|[from] psn\n|upkeep\n|turn|24\n|\n|t:|1660199982\n|move|p1a: Garchomp|Earthquake|p2a: Heatran\n|-supereffective|p2a: Heatran\n|-end|p2a: Heatran|Substitute\n|-damage|p1a: Garchomp|32\/100 psn|[from] item: Life Orb\n|move|p2a: Heatran|Earth Power|p1a: Garchomp\n|-damage|p1a: Garchomp|2\/100 psn\n|\n|-heal|p2a: Heatran|77\/100|[from] item: Leftovers\n|-damage|p1a: Garchomp|0 fnt|[from] psn\n|faint|p1a: Garchomp\n|upkeep\n|\n|t:|1660199987\n|switch|p1a: Infernape|Infernape, F|71\/100\n|turn|25\n|\n|t:|1660200008\n|move|p2a: Heatran|Protect|p2a: Heatran\n|-singleturn|p2a: Heatran|Protect\n|move|p1a: Infernape|Close Combat|p2a: Heatran\n|-activate|p2a: Heatran|move: Protect\n|\n|-heal|p2a: Heatran|83\/100|[from] item: Leftovers\n|upkeep\n|turn|26\n|inactive|Ill Leave has 120 seconds left.\n|c|\u2606shirona233|i guess there is one sash\n|c|\u2606shirona233|either on your crawdaunt or luca\n|c|\u2606Ill Leave|n\n|inactive|Ill Leave has 90 seconds left.\n|\n|t:|1660200067\n|switch|p2a: Lucario|Lucario, M|100\/100\n|move|p1a: Infernape|Close Combat|p2a: Lucario\n|-supereffective|p2a: Lucario\n|-damage|p2a: Lucario|0 fnt\n|-unboost|p1a: Infernape|def|1\n|-unboost|p1a: Infernape|spd|1\n|faint|p2a: Lucario\n|\n|upkeep\n|\n|t:|1660200070\n|switch|p2a: Crawdaunt|Crawdaunt, M|100\/100\n|turn|27\n|\n|t:|1660200074\n|switch|p1a: Rotom|Rotom-Wash|100\/100\n|move|p2a: Crawdaunt|Knock Off|p1a: Rotom\n|-damage|p1a: Rotom|0 fnt\n|-enditem|p1a: Rotom|Leftovers|[from] move: Knock Off|[of] p2a: Crawdaunt\n|faint|p1a: Rotom\n|\n|upkeep\n|\n|t:|1660200079\n|switch|p1a: Tangrowth|Tangrowth, F|100\/100\n|turn|28\n|\n|t:|1660200082\n|switch|p2a: Heatran|Heatran, F|83\/100\n|move|p1a: Tangrowth|Sleep Powder|p2a: Heatran|[miss]\n|-miss|p1a: Tangrowth|p2a: Heatran\n|\n|-heal|p2a: Heatran|90\/100|[from] item: Leftovers\n|upkeep\n|turn|29\n|\n|t:|1660200086\n|switch|p1a: Scizor|Scizor, F|100\/100 par\n|move|p2a: Heatran|Substitute|p2a: Heatran\n|-start|p2a: Heatran|Substitute\n|-damage|p2a: Heatran|65\/100\n|\n|-heal|p2a: Heatran|71\/100|[from] item: Leftovers\n|upkeep\n|turn|30\n|\n|t:|1660200095\n|move|p2a: Heatran|Lava Plume|p1a: Scizor\n|-supereffective|p1a: Scizor\n|-damage|p1a: Scizor|0 fnt\n|faint|p1a: Scizor\n|\n|-heal|p2a: Heatran|77\/100|[from] item: Leftovers\n|upkeep\n|\n|t:|1660200101\n|switch|p1a: Medicham|Medicham, F|5\/100\n|turn|31\n|\n|t:|1660200105\n|move|p2a: Heatran|Protect|p2a: Heatran\n|-singleturn|p2a: Heatran|Protect\n|move|p1a: Medicham|Thunder Punch|p2a: Heatran\n|-activate|p2a: Heatran|move: Protect\n|\n|-heal|p2a: Heatran|83\/100|[from] item: Leftovers\n|upkeep\n|turn|32\n|\n|t:|1660200113\n|move|p1a: Medicham|Thunder Punch|p2a: Heatran\n|-end|p2a: Heatran|Substitute\n|move|p2a: Heatran|Earth Power|p1a: Medicham\n|-damage|p1a: Medicham|0 fnt\n|faint|p1a: Medicham\n|\n|-heal|p2a: Heatran|90\/100|[from] item: Leftovers\n|upkeep\n|\n|t:|1660200116\n|switch|p1a: Infernape|Infernape, F|71\/100\n|turn|33\n|\n|t:|1660200120\n|move|p1a: Infernape|Close Combat|p2a: Heatran\n|-supereffective|p2a: Heatran\n|-damage|p2a: Heatran|0 fnt\n|-unboost|p1a: Infernape|def|1\n|-unboost|p1a: Infernape|spd|1\n|faint|p2a: Heatran\n|\n|upkeep\n|\n|t:|1660200125\n|switch|p2a: Crawdaunt|Crawdaunt, M|100\/100\n|turn|34\n|\n|t:|1660200129\n|move|p1a: Infernape|Close Combat|p2a: Crawdaunt\n|-supereffective|p2a: Crawdaunt\n|-damage|p2a: Crawdaunt|0 fnt\n|-unboost|p1a: Infernape|def|1\n|-unboost|p1a: Infernape|spd|1\n|faint|p2a: Crawdaunt\n|\n|win|shirona233\n|raw|shirona233's rating: 1384 &rarr; <strong>1415<\/strong><br \/>(+31 for winning)\n|raw|Ill Leave's rating: 1600 &rarr; <strong>1569<\/strong><br \/>(-31 for losing)\n|l|\u2606Ill Leave\n|l| ru1z\n","uploadtime":1660200133,"views":14,"p1id":"shirona233","p2id":"illleave","formatid":"gen8bdspou","rating":1415,"private":0,"password":null}