{"id":"gen8nu-1223330423","p1":"Chickpiee","p2":"dept.25","format":"gen8nu","log":"|j|\u2606Chickpiee\n|j|\u2606dept.25\n|t:|1605328110\n|player|p1|Chickpiee|caitlin|\n|player|p2|dept.25|worker|\n|teamsize|p1|6\n|teamsize|p2|6\n|gametype|singles\n|gen|8\n|tier|[Gen 8] NU\n|rated|Tournament battle\n|clearpoke\n|poke|p1|Quagsire, M|\n|poke|p1|Silvally-*|\n|poke|p1|Stunfisk-Galar, F|\n|poke|p1|Cofagrigus, F|\n|poke|p1|Eldegoss, M|\n|poke|p1|Dubwool, F|\n|poke|p2|Clawitzer, M|\n|poke|p2|Duraludon, M|\n|poke|p2|Crobat, M|\n|poke|p2|Silvally-*|\n|poke|p2|Escavalier, M|\n|poke|p2|Haunter, M|\n|rule|Sleep Clause Mod: Limit one foe put to sleep\n|rule|Species Clause: Limit one of each Pok\u00e9mon\n|rule|OHKO Clause: OHKO moves are banned\n|rule|Evasion Moves Clause: Evasion moves are banned\n|rule|Endless Battle Clause: Forcing endless battles is banned\n|rule|HP Percentage Mod: HP is shown in percentages\n|rule|Dynamax Clause: You cannot dynamax\n|teampreview\n|j|*Lady Monita\n|inactive|Battle timer is ON: inactive players will automatically lose when time's up. (requested by Chickpiee)\n|\n|t:|1605328180\n|start\n|switch|p1a: Cofagrigus|Cofagrigus, F|100\/100\n|switch|p2a: Crobat|Crobat, M|100\/100\n|turn|1\n|\n|t:|1605328185\n|move|p2a: Crobat|Taunt|p1a: Cofagrigus\n|-start|p1a: Cofagrigus|move: Taunt\n|cant|p1a: Cofagrigus|move: Taunt|Mean Look\n|\n|upkeep\n|turn|2\n|\n|t:|1605328192\n|switch|p2a: Clawitzer|Clawitzer, M|100\/100\n|move|p1a: Cofagrigus|Shadow Ball|p2a: Clawitzer\n|-damage|p2a: Clawitzer|72\/100\n|\n|upkeep\n|turn|3\n|\n|t:|1605328201\n|switch|p1a: Eldegoss|Eldegoss, M|100\/100\n|move|p2a: Clawitzer|Dark Pulse|p1a: Eldegoss\n|-damage|p1a: Eldegoss|59\/100\n|\n|-heal|p1a: Eldegoss|65\/100|[from] item: Leftovers\n|upkeep\n|turn|4\n|inactive|Chickpiee has 120 seconds left.\n|\n|t:|1605328238\n|switch|p2a: Escavalier|Escavalier, M|100\/100\n|move|p1a: Eldegoss|Leech Seed|p2a: Escavalier\n|-start|p2a: Escavalier|move: Leech Seed\n|\n|-heal|p1a: Eldegoss|71\/100|[from] item: Leftovers\n|-damage|p2a: Escavalier|88\/100|[from] Leech Seed|[of] p1a: Eldegoss\n|-heal|p1a: Eldegoss|84\/100|[silent]\n|upkeep\n|turn|5\n|inactive|Chickpiee has 120 seconds left.\n|\n|t:|1605328247\n|switch|p1a: Quagsire|Quagsire, M|100\/100\n|move|p2a: Escavalier|Knock Off|p1a: Quagsire\n|-damage|p1a: Quagsire|63\/100\n|-enditem|p1a: Quagsire|Leftovers|[from] move: Knock Off|[of] p2a: Escavalier\n|\n|-damage|p2a: Escavalier|76\/100|[from] Leech Seed|[of] p1a: Quagsire\n|-heal|p1a: Quagsire|74\/100|[silent]\n|upkeep\n|turn|6\n|\n|t:|1605328253\n|switch|p2a: Clawitzer|Clawitzer, M|72\/100\n|move|p1a: Quagsire|Recover|p1a: Quagsire\n|-heal|p1a: Quagsire|100\/100\n|\n|upkeep\n|turn|7\n|\n|t:|1605328258\n|switch|p1a: Eldegoss|Eldegoss, M|100\/100\n|move|p2a: Clawitzer|Dark Pulse|p1a: Eldegoss\n|-crit|p1a: Eldegoss\n|-damage|p1a: Eldegoss|40\/100\n|\n|-heal|p1a: Eldegoss|46\/100|[from] item: Leftovers\n|upkeep\n|turn|8\n|\n|t:|1605328267\n|switch|p2a: Escavalier|Escavalier, M|76\/100\n|switch|p1a: Silvally|Silvally-Fairy|100\/100\n|\n|upkeep\n|turn|9\n|\n|t:|1605328272\n|move|p1a: Silvally|Parting Shot|p2a: Escavalier\n|-unboost|p2a: Escavalier|atk|1\n|-unboost|p2a: Escavalier|spa|1\n|\n|t:|1605328278\n|switch|p1a: Quagsire|Quagsire, M|100\/100|[from]move: Parting Shot\n|move|p2a: Escavalier|Iron Head|p1a: Quagsire\n|-resisted|p1a: Quagsire\n|-damage|p1a: Quagsire|78\/100\n|\n|upkeep\n|turn|10\n|\n|t:|1605328288\n|switch|p2a: Duraludon|Duraludon, M, shiny|100\/100\n|move|p1a: Quagsire|Toxic|p2a: Duraludon\n|-immune|p2a: Duraludon\n|\n|upkeep\n|turn|11\n|\n|t:|1605328294\n|switch|p1a: Stunfisk|Stunfisk-Galar, F|100\/100\n|move|p2a: Duraludon|Stealth Rock|p1a: Stunfisk\n|-sidestart|p1: Chickpiee|move: Stealth Rock\n|\n|upkeep\n|turn|12\n|\n|t:|1605328301\n|switch|p2a: Clawitzer|Clawitzer, M|72\/100\n|move|p1a: Stunfisk|Stealth Rock|p2a: Clawitzer\n|-sidestart|p2: dept.25|move: Stealth Rock\n|\n|upkeep\n|turn|13\n|\n|t:|1605328312\n|move|p1a: Stunfisk|Protect|p1a: Stunfisk\n|-singleturn|p1a: Stunfisk|Protect\n|move|p2a: Clawitzer|Ice Beam|p1a: Stunfisk\n|-activate|p1a: Stunfisk|move: Protect\n|\n|upkeep\n|turn|14\n|\n|t:|1605328317\n|move|p2a: Clawitzer|Ice Beam|p1a: Stunfisk\n|-damage|p1a: Stunfisk|68\/100\n|move|p1a: Stunfisk|Snap Trap|p2a: Clawitzer\n|-supereffective|p2a: Clawitzer\n|-damage|p2a: Clawitzer|55\/100\n|-activate|p2a: Clawitzer|move: Snap Trap|[of] p1a: Stunfisk\n|\n|-heal|p1a: Stunfisk|74\/100|[from] item: Leftovers\n|-damage|p2a: Clawitzer|42\/100|[from] move: Snap Trap|[partiallytrapped]\n|upkeep\n|turn|15\n|\n|t:|1605328327\n|move|p1a: Stunfisk|Protect|p1a: Stunfisk\n|-singleturn|p1a: Stunfisk|Protect\n|move|p2a: Clawitzer|Ice Beam|p1a: Stunfisk\n|-activate|p1a: Stunfisk|move: Protect\n|\n|-heal|p1a: Stunfisk|81\/100|[from] item: Leftovers\n|-damage|p2a: Clawitzer|30\/100|[from] move: Snap Trap|[partiallytrapped]\n|upkeep\n|turn|16\n|\n|t:|1605328338\n|move|p2a: Clawitzer|Ice Beam|p1a: Stunfisk\n|-damage|p1a: Stunfisk|48\/100\n|move|p1a: Stunfisk|Earthquake|p2a: Clawitzer\n|-damage|p2a: Clawitzer|0 fnt\n|faint|p2a: Clawitzer\n|\n|-heal|p1a: Stunfisk|54\/100|[from] item: Leftovers\n|upkeep\n|\n|t:|1605328361\n|switch|p2a: Escavalier|Escavalier, M|76\/100\n|-damage|p2a: Escavalier|63\/100|[from] Stealth Rock\n|turn|17\n|\n|t:|1605328387\n|move|p1a: Stunfisk|Protect|p1a: Stunfisk\n|-singleturn|p1a: Stunfisk|Protect\n|move|p2a: Escavalier|Megahorn|p1a: Stunfisk\n|-activate|p1a: Stunfisk|move: Protect\n|\n|-heal|p1a: Stunfisk|60\/100|[from] item: Leftovers\n|upkeep\n|turn|18\n|\n|t:|1605328392\n|move|p1a: Stunfisk|Snap Trap|p2a: Escavalier\n|-resisted|p2a: Escavalier\n|-damage|p2a: Escavalier|62\/100\n|-activate|p2a: Escavalier|move: Snap Trap|[of] p1a: Stunfisk\n|move|p2a: Escavalier|Megahorn|p1a: Stunfisk\n|-resisted|p1a: Stunfisk\n|-damage|p1a: Stunfisk|15\/100\n|\n|-heal|p1a: Stunfisk|21\/100|[from] item: Leftovers\n|-damage|p2a: Escavalier|49\/100|[from] move: Snap Trap|[partiallytrapped]\n|upkeep\n|turn|19\n|\n|t:|1605328401\n|move|p1a: Stunfisk|Protect|p1a: Stunfisk\n|-singleturn|p1a: Stunfisk|Protect\n|move|p2a: Escavalier|Megahorn|p1a: Stunfisk\n|-activate|p1a: Stunfisk|move: Protect\n|\n|-heal|p1a: Stunfisk|27\/100|[from] item: Leftovers\n|-damage|p2a: Escavalier|37\/100|[from] move: Snap Trap|[partiallytrapped]\n|upkeep\n|turn|20\n|\n|t:|1605328411\n|switch|p1a: Cofagrigus|Cofagrigus, F|100\/100\n|-damage|p1a: Cofagrigus|88\/100|[from] Stealth Rock\n|move|p2a: Escavalier|Megahorn|p1a: Cofagrigus|[miss]\n|-miss|p2a: Escavalier|p1a: Cofagrigus\n|\n|-heal|p1a: Cofagrigus|94\/100|[from] item: Leftovers\n|-end|p2a: Escavalier|Snap Trap|[partiallytrapped]|[silent]\n|upkeep\n|turn|21\n|\n|t:|1605328422\n|switch|p2a: Duraludon|Duraludon, M, shiny|100\/100\n|-damage|p2a: Duraludon|94\/100|[from] Stealth Rock\n|move|p1a: Cofagrigus|Shadow Ball|p2a: Duraludon\n|-damage|p2a: Duraludon|42\/100\n|\n|-heal|p1a: Cofagrigus|100\/100|[from] item: Leftovers\n|upkeep\n|turn|22\n|\n|t:|1605328431\n|move|p2a: Duraludon|Draco Meteor|p1a: Cofagrigus\n|-crit|p1a: Cofagrigus\n|-damage|p1a: Cofagrigus|0 fnt\n|-unboost|p2a: Duraludon|spa|2\n|-damage|p2a: Duraludon|32\/100|[from] item: Life Orb\n|faint|p1a: Cofagrigus\n|\n|upkeep\n|\n|t:|1605328439\n|switch|p1a: Stunfisk|Stunfisk-Galar, F|27\/100\n|-damage|p1a: Stunfisk|24\/100|[from] Stealth Rock\n|turn|23\n|\n|t:|1605328445\n|move|p2a: Duraludon|Draco Meteor|p1a: Stunfisk\n|-resisted|p1a: Stunfisk\n|-damage|p1a: Stunfisk|10\/100\n|-unboost|p2a: Duraludon|spa|2\n|-damage|p2a: Duraludon|22\/100|[from] item: Life Orb\n|move|p1a: Stunfisk|Snap Trap|p2a: Duraludon\n|-resisted|p2a: Duraludon\n|-crit|p2a: Duraludon\n|-damage|p2a: Duraludon|19\/100\n|-activate|p2a: Duraludon|move: Snap Trap|[of] p1a: Stunfisk\n|\n|-heal|p1a: Stunfisk|17\/100|[from] item: Leftovers\n|-damage|p2a: Duraludon|7\/100|[from] move: Snap Trap|[partiallytrapped]\n|upkeep\n|turn|24\n|\n|t:|1605328458\n|move|p1a: Stunfisk|Protect|p1a: Stunfisk\n|-singleturn|p1a: Stunfisk|Protect\n|move|p2a: Duraludon|Draco Meteor|p1a: Stunfisk\n|-activate|p1a: Stunfisk|move: Protect\n|\n|-heal|p1a: Stunfisk|23\/100|[from] item: Leftovers\n|-damage|p2a: Duraludon|0 fnt|[from] move: Snap Trap|[partiallytrapped]\n|faint|p2a: Duraludon\n|upkeep\n|inactive|dept.25 has 120 seconds left.\n|\n|t:|1605328489\n|switch|p2a: Escavalier|Escavalier, M|37\/100\n|-damage|p2a: Escavalier|24\/100|[from] Stealth Rock\n|turn|25\n|\n|t:|1605328505\n|switch|p1a: Dubwool|Dubwool, F|100\/100\n|-damage|p1a: Dubwool|88\/100|[from] Stealth Rock\n|move|p2a: Escavalier|Megahorn|p1a: Dubwool\n|-damage|p1a: Dubwool|48\/100\n|\n|-heal|p1a: Dubwool|54\/100|[from] item: Leftovers\n|upkeep\n|turn|26\n|inactive|dept.25 has 120 seconds left.\n|\n|t:|1605328545\n|switch|p2a: Crobat|Crobat, M|100\/100\n|-damage|p2a: Crobat|76\/100|[from] Stealth Rock\n|move|p1a: Dubwool|Rest|p1a: Dubwool\n|-status|p1a: Dubwool|slp|[from] move: Rest\n|-heal|p1a: Dubwool|100\/100 slp|[silent]\n|\n|-heal|p2a: Crobat|82\/100|[from] item: Black Sludge\n|upkeep\n|turn|27\n|\n|t:|1605328553\n|move|p2a: Crobat|Taunt|p1a: Dubwool\n|-start|p1a: Dubwool|move: Taunt\n|cant|p1a: Dubwool|slp\n|cant|p1a: Dubwool|move: Taunt|Sleep Talk\n|\n|-heal|p2a: Crobat|88\/100|[from] item: Black Sludge\n|upkeep\n|turn|28\n|\n|t:|1605328571\n|move|p2a: Crobat|Brave Bird|p1a: Dubwool\n|-damage|p1a: Dubwool|87\/100 slp\n|-damage|p2a: Crobat|84\/100|[from] Recoil\n|cant|p1a: Dubwool|slp\n|\n|-heal|p2a: Crobat|90\/100|[from] item: Black Sludge\n|-heal|p1a: Dubwool|93\/100 slp|[from] item: Leftovers\n|upkeep\n|turn|29\n|\n|t:|1605328579\n|move|p2a: Crobat|Brave Bird|p1a: Dubwool\n|-damage|p1a: Dubwool|79\/100 slp\n|-damage|p2a: Crobat|85\/100|[from] Recoil\n|-curestatus|p1a: Dubwool|slp|[msg]\n|move|p1a: Dubwool|Body Press|p2a: Crobat\n|-resisted|p2a: Crobat\n|-damage|p2a: Crobat|80\/100\n|\n|-heal|p2a: Crobat|86\/100|[from] item: Black Sludge\n|-heal|p1a: Dubwool|85\/100|[from] item: Leftovers\n|-end|p1a: Dubwool|move: Taunt\n|upkeep\n|turn|30\n|\n|t:|1605328588\n|move|p2a: Crobat|Toxic|p1a: Dubwool\n|-status|p1a: Dubwool|tox\n|move|p1a: Dubwool|Cotton Guard|p1a: Dubwool\n|-boost|p1a: Dubwool|def|3\n|\n|-heal|p2a: Crobat|92\/100|[from] item: Black Sludge\n|-heal|p1a: Dubwool|91\/100 tox|[from] item: Leftovers\n|-damage|p1a: Dubwool|85\/100 tox|[from] psn\n|upkeep\n|turn|31\n|\n|t:|1605328592\n|move|p2a: Crobat|Taunt|p1a: Dubwool\n|-start|p1a: Dubwool|move: Taunt\n|move|p1a: Dubwool|Body Press|p2a: Crobat\n|-resisted|p2a: Crobat\n|-damage|p2a: Crobat|78\/100\n|\n|-heal|p2a: Crobat|84\/100|[from] item: Black Sludge\n|-heal|p1a: Dubwool|91\/100 tox|[from] item: Leftovers\n|-damage|p1a: Dubwool|79\/100 tox|[from] psn\n|upkeep\n|turn|32\n|j| Necrox2580\n|\n|t:|1605328604\n|move|p2a: Crobat|Brave Bird|p1a: Dubwool\n|-damage|p1a: Dubwool|74\/100 tox\n|-damage|p2a: Crobat|83\/100|[from] Recoil\n|move|p1a: Dubwool|Body Press|p2a: Crobat\n|-resisted|p2a: Crobat\n|-damage|p2a: Crobat|70\/100\n|\n|-heal|p2a: Crobat|76\/100|[from] item: Black Sludge\n|-heal|p1a: Dubwool|80\/100 tox|[from] item: Leftovers\n|-damage|p1a: Dubwool|62\/100 tox|[from] psn\n|upkeep\n|turn|33\n|\n|t:|1605328610\n|move|p2a: Crobat|Taunt||[still]\n|-fail|p2a: Crobat\n|move|p1a: Dubwool|Body Press|p2a: Crobat\n|-resisted|p2a: Crobat\n|-damage|p2a: Crobat|62\/100\n|\n|-heal|p2a: Crobat|69\/100|[from] item: Black Sludge\n|-heal|p1a: Dubwool|68\/100 tox|[from] item: Leftovers\n|-damage|p1a: Dubwool|44\/100 tox|[from] psn\n|-end|p1a: Dubwool|move: Taunt\n|upkeep\n|turn|34\n|\n|t:|1605328613\n|switch|p1a: Stunfisk|Stunfisk-Galar, F|23\/100\n|-damage|p1a: Stunfisk|20\/100|[from] Stealth Rock\n|move|p2a: Crobat|Taunt|p1a: Stunfisk\n|-start|p1a: Stunfisk|move: Taunt\n|\n|-heal|p2a: Crobat|75\/100|[from] item: Black Sludge\n|-heal|p1a: Stunfisk|26\/100|[from] item: Leftovers\n|upkeep\n|turn|35\n|\n|t:|1605328626\n|switch|p2a: Haunter|Haunter, M|100\/100\n|-damage|p2a: Haunter|88\/100|[from] Stealth Rock\n|move|p1a: Stunfisk|Snap Trap|p2a: Haunter\n|-resisted|p2a: Haunter\n|-damage|p2a: Haunter|79\/100\n|-activate|p2a: Haunter|move: Snap Trap|[of] p1a: Stunfisk\n|\n|-heal|p1a: Stunfisk|32\/100|[from] item: Leftovers\n|-damage|p2a: Haunter|67\/100|[from] move: Snap Trap|[partiallytrapped]\n|upkeep\n|turn|36\n|\n|t:|1605328639\n|switch|p1a: Eldegoss|Eldegoss, M|80\/100\n|-damage|p1a: Eldegoss|67\/100|[from] Stealth Rock\n|move|p2a: Haunter|Trick|p1a: Eldegoss\n|-activate|p2a: Haunter|move: Trick|[of] p1a: Eldegoss\n|-item|p1a: Eldegoss|Choice Scarf|[from] move: Trick\n|-item|p2a: Haunter|Leftovers|[from] move: Trick\n|\n|-heal|p2a: Haunter|73\/100|[from] item: Leftovers\n|-end|p2a: Haunter|Snap Trap|[partiallytrapped]|[silent]\n|upkeep\n|turn|37\n|\n|t:|1605328653\n|move|p2a: Haunter|Sludge Wave|p1a: Eldegoss\n|-supereffective|p1a: Eldegoss\n|-crit|p1a: Eldegoss\n|-damage|p1a: Eldegoss|0 fnt\n|faint|p1a: Eldegoss\n|\n|-heal|p2a: Haunter|79\/100|[from] item: Leftovers\n|upkeep\n|\n|t:|1605328661\n|switch|p1a: Quagsire|Quagsire, M|78\/100\n|-damage|p1a: Quagsire|72\/100|[from] Stealth Rock\n|turn|38\n|\n|t:|1605328664\n|move|p2a: Haunter|Shadow Ball|p1a: Quagsire\n|-damage|p1a: Quagsire|23\/100\n|move|p1a: Quagsire|Recover|p1a: Quagsire\n|-heal|p1a: Quagsire|73\/100\n|\n|-heal|p2a: Haunter|85\/100|[from] item: Leftovers\n|upkeep\n|turn|39\n|\n|t:|1605328671\n|move|p2a: Haunter|Shadow Ball|p1a: Quagsire\n|-damage|p1a: Quagsire|23\/100\n|move|p1a: Quagsire|Recover|p1a: Quagsire\n|-heal|p1a: Quagsire|73\/100\n|\n|-heal|p2a: Haunter|91\/100|[from] item: Leftovers\n|upkeep\n|turn|40\n|\n|t:|1605328685\n|move|p2a: Haunter|Will-O-Wisp|p1a: Quagsire\n|-status|p1a: Quagsire|brn\n|move|p1a: Quagsire|Recover|p1a: Quagsire\n|-heal|p1a: Quagsire|100\/100 brn\n|\n|-heal|p2a: Haunter|97\/100|[from] item: Leftovers\n|-damage|p1a: Quagsire|94\/100 brn|[from] brn\n|upkeep\n|turn|41\n|\n|t:|1605328688\n|move|p2a: Haunter|Shadow Ball|p1a: Quagsire\n|-damage|p1a: Quagsire|46\/100 brn\n|move|p1a: Quagsire|Scald|p2a: Haunter\n|-damage|p2a: Haunter|53\/100\n|\n|-heal|p2a: Haunter|59\/100|[from] item: Leftovers\n|-damage|p1a: Quagsire|40\/100 brn|[from] brn\n|upkeep\n|turn|42\n|\n|t:|1605328699\n|switch|p1a: Dubwool|Dubwool, F|44\/100 tox\n|-damage|p1a: Dubwool|31\/100 tox|[from] Stealth Rock\n|move|p2a: Haunter|Shadow Ball|p1a: Dubwool\n|-immune|p1a: Dubwool\n|\n|-heal|p2a: Haunter|65\/100|[from] item: Leftovers\n|-heal|p1a: Dubwool|37\/100 tox|[from] item: Leftovers\n|-damage|p1a: Dubwool|31\/100 tox|[from] psn\n|upkeep\n|turn|43\n|\n|t:|1605328706\n|switch|p1a: Stunfisk|Stunfisk-Galar, F|32\/100\n|-damage|p1a: Stunfisk|29\/100|[from] Stealth Rock\n|move|p2a: Haunter|Sludge Wave|p1a: Stunfisk\n|-immune|p1a: Stunfisk\n|\n|-heal|p2a: Haunter|71\/100|[from] item: Leftovers\n|-heal|p1a: Stunfisk|35\/100|[from] item: Leftovers\n|upkeep\n|turn|44\n|\n|t:|1605328710\n|move|p2a: Haunter|Shadow Ball|p1a: Stunfisk\n|-damage|p1a: Stunfisk|10\/100\n|move|p1a: Stunfisk|Snap Trap|p2a: Haunter\n|-resisted|p2a: Haunter\n|-damage|p2a: Haunter|62\/100\n|-activate|p2a: Haunter|move: Snap Trap|[of] p1a: Stunfisk\n|\n|-heal|p2a: Haunter|68\/100|[from] item: Leftovers\n|-heal|p1a: Stunfisk|16\/100|[from] item: Leftovers\n|-damage|p2a: Haunter|55\/100|[from] move: Snap Trap|[partiallytrapped]\n|upkeep\n|turn|45\n|\n|t:|1605328716\n|move|p1a: Stunfisk|Protect|p1a: Stunfisk\n|-singleturn|p1a: Stunfisk|Protect\n|move|p2a: Haunter|Shadow Ball|p1a: Stunfisk\n|-activate|p1a: Stunfisk|move: Protect\n|\n|-heal|p2a: Haunter|62\/100|[from] item: Leftovers\n|-heal|p1a: Stunfisk|22\/100|[from] item: Leftovers\n|-damage|p2a: Haunter|49\/100|[from] move: Snap Trap|[partiallytrapped]\n|upkeep\n|turn|46\n|-message|Chickpiee forfeited.\n|\n|win|dept.25\n|l|*Lady Monita\n|l|\u2606Chickpiee\n","uploadtime":1605328736,"views":15,"p1id":"chickpiee","p2id":"dept25","formatid":"gen8nu","rating":0,"private":0,"password":null}