{"id":"gen8uu-1264609162","p1":"SkipTheDripBayless","p2":"Solobigbagalert","format":"gen8uu","log":"|j|\u2606SkipTheDripBayless\n|j|\u2606Solobigbagalert\n|t:|1610975205\n|player|p1|SkipTheDripBayless|youngathletef|1623\n|player|p2|Solobigbagalert|lucas|1556\n|teamsize|p1|6\n|teamsize|p2|6\n|gametype|singles\n|gen|8\n|tier|[Gen 8] UU\n|rated|\n|clearpoke\n|poke|p1|Bisharp, F|\n|poke|p1|Amoonguss, M|\n|poke|p1|Skarmory, M|\n|poke|p1|Chansey, F|\n|poke|p1|Keldeo-Resolute|\n|poke|p1|Rotom-Heat|\n|poke|p2|Gastrodon, M|\n|poke|p2|Amoonguss, F|\n|poke|p2|Chandelure, F|\n|poke|p2|Zeraora|\n|poke|p2|Salamence, F|\n|poke|p2|Jirachi|\n|rule|Sleep Clause Mod: Limit one foe put to sleep\n|rule|Species Clause: Limit one of each Pok\u00e9mon\n|rule|OHKO Clause: OHKO moves are banned\n|rule|Evasion Moves Clause: Evasion moves are banned\n|rule|Endless Battle Clause: Forcing endless battles is banned\n|rule|HP Percentage Mod: HP is shown in percentages\n|rule|Dynamax Clause: You cannot dynamax\n|teampreview\n|c|\u2606SkipTheDripBayless|lolol\n|c|\u2606Solobigbagalert|fuck\n|c|\u2606Solobigbagalert|why\n|c|\u2606SkipTheDripBayless|boots zera tho\n|c|\u2606SkipTheDripBayless|biggest issue\n|c|\u2606SkipTheDripBayless|vs this team\n|c|\u2606Solobigbagalert|u have moong\n|c|\u2606SkipTheDripBayless|true\n|c|\u2606SkipTheDripBayless|ig\n|\n|t:|1610975246\n|start\n|switch|p1a: Bisharp|Bisharp, F, shiny|100\/100\n|switch|p2a: Zeraora|Zeraora|100\/100\n|turn|1\n|\n|t:|1610975255\n|switch|p2a: Amoonguss|Amoonguss, F|100\/100\n|switch|p1a: Amoonguss|Amoonguss, M, shiny|100\/100\n|\n|upkeep\n|turn|2\n|\n|t:|1610975263\n|switch|p1a: Chansey|Chansey, F|100\/100\n|move|p2a: Amoonguss|Sludge Bomb|p1a: Chansey\n|-damage|p1a: Chansey|91\/100\n|-status|p1a: Chansey|psn\n|\n|-damage|p1a: Chansey|79\/100 psn|[from] psn\n|upkeep\n|turn|3\n|\n|t:|1610975266\n|switch|p2a: Jirachi|Jirachi|100\/100\n|move|p1a: Chansey|Stealth Rock|p2a: Jirachi\n|-sidestart|p2: Solobigbagalert|move: Stealth Rock\n|\n|-damage|p1a: Chansey|66\/100 psn|[from] psn\n|upkeep\n|turn|4\n|\n|t:|1610975270\n|move|p2a: Jirachi|Stealth Rock|p1a: Chansey\n|-sidestart|p1: SkipTheDripBayless|move: Stealth Rock\n|move|p1a: Chansey|Thunder Wave|p2a: Jirachi\n|-status|p2a: Jirachi|par\n|\n|-damage|p1a: Chansey|54\/100 psn|[from] psn\n|upkeep\n|turn|5\n|\n|t:|1610975276\n|move|p2a: Jirachi|U-turn|p1a: Chansey\n|-damage|p1a: Chansey|43\/100 psn\n|\n|t:|1610975279\n|switch|p2a: Zeraora|Zeraora|100\/100|[from]move: U-turn\n|move|p1a: Chansey|Soft-Boiled|p1a: Chansey\n|-heal|p1a: Chansey|93\/100 psn\n|\n|-damage|p1a: Chansey|81\/100 psn|[from] psn\n|upkeep\n|turn|6\n|\n|t:|1610975290\n|switch|p1a: Amoonguss|Amoonguss, M, shiny|100\/100\n|-damage|p1a: Amoonguss|88\/100|[from] Stealth Rock\n|move|p2a: Zeraora|Knock Off|p1a: Amoonguss\n|-damage|p1a: Amoonguss|67\/100\n|-enditem|p1a: Amoonguss|Black Sludge|[from] move: Knock Off|[of] p2a: Zeraora\n|\n|upkeep\n|turn|7\n|\n|t:|1610975297\n|move|p2a: Zeraora|Volt Switch|p1a: Amoonguss\n|-resisted|p1a: Amoonguss\n|-damage|p1a: Amoonguss|58\/100\n|\n|t:|1610975303\n|switch|p2a: Jirachi|Jirachi|100\/100 par|[from]move: Volt Switch\n|-damage|p2a: Jirachi|94\/100 par|[from] Stealth Rock\n|move|p1a: Amoonguss|Sludge Bomb|p2a: Jirachi\n|-immune|p2a: Jirachi\n|\n|-heal|p2a: Jirachi|100\/100 par|[from] item: Leftovers\n|upkeep\n|turn|8\n|\n|t:|1610975310\n|switch|p2a: Zeraora|Zeraora|100\/100\n|switch|p1a: Rotom|Rotom-Heat|100\/100\n|\n|upkeep\n|turn|9\n|\n|t:|1610975325\n|move|p2a: Zeraora|Knock Off|p1a: Rotom\n|-damage|p1a: Rotom|70\/100\n|-enditem|p1a: Rotom|Heavy-Duty Boots|[from] move: Knock Off|[of] p2a: Zeraora\n|move|p1a: Rotom|Overheat|p2a: Zeraora\n|-damage|p2a: Zeraora|36\/100\n|-unboost|p1a: Rotom|spa|2\n|\n|upkeep\n|turn|10\n|\n|t:|1610975339\n|move|p2a: Zeraora|Volt Switch|p1a: Rotom\n|-resisted|p1a: Rotom\n|-damage|p1a: Rotom|59\/100\n|\n|t:|1610975343\n|switch|p2a: Gastrodon|Gastrodon, M|100\/100|[from]move: Volt Switch\n|move|p1a: Rotom|Overheat|p2a: Gastrodon\n|-resisted|p2a: Gastrodon\n|-damage|p2a: Gastrodon|91\/100\n|-unboost|p1a: Rotom|spa|2\n|\n|upkeep\n|turn|11\n|\n|t:|1610975349\n|switch|p1a: Amoonguss|Amoonguss, M, shiny|91\/100\n|-damage|p1a: Amoonguss|79\/100|[from] Stealth Rock\n|switch|p2a: Zeraora|Zeraora|36\/100\n|\n|upkeep\n|turn|12\n|\n|t:|1610975355\n|move|p2a: Zeraora|Volt Switch|p1a: Amoonguss\n|-resisted|p1a: Amoonguss\n|-damage|p1a: Amoonguss|68\/100\n|\n|t:|1610975357\n|switch|p2a: Amoonguss|Amoonguss, F|100\/100|[from]move: Volt Switch\n|-damage|p2a: Amoonguss|88\/100|[from] Stealth Rock\n|move|p1a: Amoonguss|Foul Play|p2a: Amoonguss\n|-damage|p2a: Amoonguss|78\/100\n|-damage|p1a: Amoonguss|51\/100|[from] item: Rocky Helmet|[of] p2a: Amoonguss\n|\n|upkeep\n|turn|13\n|\n|t:|1610975364\n|switch|p1a: Skarmory|Skarmory, M|100\/100\n|-damage|p1a: Skarmory|88\/100|[from] Stealth Rock\n|move|p2a: Amoonguss|Spore|p1a: Skarmory\n|-status|p1a: Skarmory|slp|[from] move: Spore\n|\n|upkeep\n|turn|14\n|\n|t:|1610975371\n|switch|p2a: Zeraora|Zeraora|36\/100\n|cant|p1a: Skarmory|slp\n|\n|upkeep\n|turn|15\n|\n|t:|1610975375\n|move|p2a: Zeraora|Knock Off|p1a: Skarmory\n|-damage|p1a: Skarmory|71\/100 slp\n|-damage|p2a: Zeraora|19\/100|[from] item: Rocky Helmet|[of] p1a: Skarmory\n|-enditem|p1a: Skarmory|Rocky Helmet|[from] move: Knock Off|[of] p2a: Zeraora\n|cant|p1a: Skarmory|slp\n|\n|upkeep\n|turn|16\n|\n|t:|1610975383\n|switch|p1a: Amoonguss|Amoonguss, M, shiny|84\/100\n|-damage|p1a: Amoonguss|72\/100|[from] Stealth Rock\n|move|p2a: Zeraora|Plasma Fists|p1a: Amoonguss\n|-resisted|p1a: Amoonguss\n|-damage|p1a: Amoonguss|56\/100\n|-fieldactivate|move: Ion Deluge\n|\n|upkeep\n|turn|17\n|\n|t:|1610975389\n|move|p2a: Zeraora|Volt Switch|p1a: Amoonguss\n|-resisted|p1a: Amoonguss\n|-damage|p1a: Amoonguss|46\/100\n|\n|t:|1610975393\n|switch|p2a: Jirachi|Jirachi|100\/100 par|[from]move: Volt Switch\n|-damage|p2a: Jirachi|94\/100 par|[from] Stealth Rock\n|move|p1a: Amoonguss|Foul Play|p2a: Jirachi\n|-supereffective|p2a: Jirachi\n|-damage|p2a: Jirachi|59\/100 par\n|\n|-heal|p2a: Jirachi|65\/100 par|[from] item: Leftovers\n|upkeep\n|turn|18\n|\n|t:|1610975404\n|switch|p1a: Bisharp|Bisharp, F, shiny|100\/100\n|-damage|p1a: Bisharp|95\/100|[from] Stealth Rock\n|move|p2a: Jirachi|U-turn|p1a: Bisharp\n|-damage|p1a: Bisharp|77\/100\n|c|\u2606SkipTheDripBayless|stop volturning\n|\n|t:|1610975418\n|switch|p2a: Salamence|Salamence, F|100\/100|[from]move: U-turn\n|-ability|p2a: Salamence|Intimidate|boost\n|-unboost|p1a: Bisharp|atk|1\n|-ability|p1a: Bisharp|Defiant\n|-boost|p1a: Bisharp|atk|2\n|\n|-heal|p1a: Bisharp|83\/100|[from] item: Leftovers\n|upkeep\n|turn|19\n|c|\u2606SkipTheDripBayless|hoe\n|\n|t:|1610975428\n|switch|p1a: Rotom|Rotom-Heat|59\/100\n|-damage|p1a: Rotom|34\/100|[from] Stealth Rock\n|move|p2a: Salamence|Flamethrower|p1a: Rotom\n|-resisted|p1a: Rotom\n|-damage|p1a: Rotom|19\/100\n|\n|upkeep\n|turn|20\n|\n|t:|1610975435\n|move|p1a: Rotom|Pain Split|p2a: Salamence\n|-sethp|p2a: Salamence|58\/100|[from] move: Pain Split|[silent]\n|-sethp|p1a: Rotom|71\/100|[from] move: Pain Split\n|move|p2a: Salamence|Hurricane|p1a: Rotom\n|-resisted|p1a: Rotom\n|-damage|p1a: Rotom|46\/100\n|\n|upkeep\n|turn|21\n|\n|t:|1610975442\n|move|p1a: Rotom|Overheat|p2a: Salamence|[miss]\n|-miss|p1a: Rotom|p2a: Salamence\n|move|p2a: Salamence|Roost|p2a: Salamence\n|-heal|p2a: Salamence|100\/100\n|-singleturn|p2a: Salamence|move: Roost\n|\n|upkeep\n|turn|22\n|\n|t:|1610975451\n|move|p1a: Rotom|Pain Split|p2a: Salamence\n|-sethp|p2a: Salamence|69\/100|[from] move: Pain Split|[silent]\n|-sethp|p1a: Rotom|84\/100|[from] move: Pain Split\n|move|p2a: Salamence|Hurricane|p1a: Rotom|[miss]\n|-miss|p2a: Salamence|p1a: Rotom\n|\n|upkeep\n|turn|23\n|\n|t:|1610975460\n|move|p1a: Rotom|Nasty Plot|p1a: Rotom\n|-boost|p1a: Rotom|spa|2\n|move|p2a: Salamence|Roost|p2a: Salamence\n|-heal|p2a: Salamence|100\/100\n|-singleturn|p2a: Salamence|move: Roost\n|\n|upkeep\n|turn|24\n|\n|t:|1610975464\n|switch|p2a: Gastrodon|Gastrodon, M|91\/100\n|move|p1a: Rotom|Nasty Plot|p1a: Rotom\n|-boost|p1a: Rotom|spa|2\n|\n|upkeep\n|turn|25\n|\n|t:|1610975470\n|move|p1a: Rotom|Overheat|p2a: Gastrodon\n|-resisted|p2a: Gastrodon\n|-damage|p2a: Gastrodon|27\/100\n|-unboost|p1a: Rotom|spa|2\n|move|p2a: Gastrodon|Toxic|p1a: Rotom\n|-status|p1a: Rotom|tox\n|\n|-damage|p1a: Rotom|78\/100 tox|[from] psn\n|upkeep\n|turn|26\n|\n|t:|1610975476\n|move|p2a: Gastrodon|Protect|p2a: Gastrodon\n|-singleturn|p2a: Gastrodon|Protect\n|move|p1a: Rotom|Overheat|p2a: Gastrodon\n|-activate|p2a: Gastrodon|move: Protect\n|\n|-damage|p1a: Rotom|67\/100 tox|[from] psn\n|upkeep\n|turn|27\n|\n|t:|1610975480\n|switch|p2a: Salamence|Salamence, F|100\/100\n|-ability|p2a: Salamence|Intimidate|boost\n|-unboost|p1a: Rotom|atk|1\n|move|p1a: Rotom|Overheat|p2a: Salamence\n|-resisted|p2a: Salamence\n|-damage|p2a: Salamence|50\/100\n|-unboost|p1a: Rotom|spa|2\n|\n|-damage|p1a: Rotom|49\/100 tox|[from] psn\n|upkeep\n|turn|28\n|\n|t:|1610975493\n|switch|p1a: Chansey|Chansey, F|81\/100\n|-damage|p1a: Chansey|68\/100|[from] Stealth Rock\n|move|p2a: Salamence|Roost|p2a: Salamence\n|-heal|p2a: Salamence|99\/100\n|-singleturn|p2a: Salamence|move: Roost\n|\n|upkeep\n|turn|29\n|\n|t:|1610975501\n|switch|p2a: Amoonguss|Amoonguss, F|100\/100\n|-damage|p2a: Amoonguss|88\/100|[from] Stealth Rock\n|move|p1a: Chansey|Soft-Boiled|p1a: Chansey\n|-heal|p1a: Chansey|100\/100\n|\n|upkeep\n|turn|30\n|\n|t:|1610975513\n|switch|p1a: Skarmory|Skarmory, M|71\/100 slp\n|-damage|p1a: Skarmory|59\/100 slp|[from] Stealth Rock\n|move|p2a: Amoonguss|Stun Spore|p1a: Skarmory|[miss]\n|-miss|p2a: Amoonguss|p1a: Skarmory\n|\n|upkeep\n|turn|31\n|\n|t:|1610975527\n|switch|p2a: Gastrodon|Gastrodon, M|27\/100\n|cant|p1a: Skarmory|slp\n|\n|upkeep\n|turn|32\n|\n|t:|1610975530\n|-curestatus|p1a: Skarmory|slp|[msg]\n|move|p1a: Skarmory|Brave Bird|p2a: Gastrodon\n|-damage|p2a: Gastrodon|0 fnt\n|-damage|p1a: Skarmory|48\/100|[from] Recoil\n|faint|p2a: Gastrodon\n|\n|upkeep\n|\n|t:|1610975535\n|switch|p2a: Zeraora|Zeraora|19\/100\n|turn|33\n|\n|t:|1610975539\n|switch|p1a: Amoonguss|Amoonguss, M, shiny|79\/100\n|-damage|p1a: Amoonguss|67\/100|[from] Stealth Rock\n|move|p2a: Zeraora|Volt Switch|p1a: Amoonguss\n|-resisted|p1a: Amoonguss\n|-damage|p1a: Amoonguss|56\/100\n|\n|t:|1610975550\n|switch|p2a: Jirachi|Jirachi|65\/100 par|[from]move: Volt Switch\n|-damage|p2a: Jirachi|59\/100 par|[from] Stealth Rock\n|\n|-heal|p2a: Jirachi|65\/100 par|[from] item: Leftovers\n|upkeep\n|turn|34\n|\n|t:|1610975567\n|switch|p1a: Keldeo|Keldeo-Resolute|100\/100\n|-damage|p1a: Keldeo|94\/100|[from] Stealth Rock\n|cant|p2a: Jirachi|par\n|\n|-heal|p1a: Keldeo|100\/100|[from] item: Leftovers\n|-heal|p2a: Jirachi|72\/100 par|[from] item: Leftovers\n|upkeep\n|turn|35\n|c|\u2606SkipTheDripBayless|wk\n|c|\u2606SkipTheDripBayless|strats\n|\n|t:|1610975576\n|switch|p2a: Salamence|Salamence, F|99\/100\n|-ability|p2a: Salamence|Intimidate|boost\n|-unboost|p1a: Keldeo|atk|1\n|move|p1a: Keldeo|Substitute|p1a: Keldeo\n|-start|p1a: Keldeo|Substitute\n|-damage|p1a: Keldeo|76\/100\n|\n|-heal|p1a: Keldeo|82\/100|[from] item: Leftovers\n|upkeep\n|turn|36\n|c|\u2606SkipTheDripBayless|BABY\n|\n|t:|1610975583\n|move|p1a: Keldeo|Scald|p2a: Salamence\n|-resisted|p2a: Salamence\n|-damage|p2a: Salamence|78\/100\n|move|p2a: Salamence|Hurricane|p1a: Keldeo\n|-supereffective|p1a: Keldeo\n|-end|p1a: Keldeo|Substitute\n|\n|-heal|p1a: Keldeo|88\/100|[from] item: Leftovers\n|upkeep\n|turn|37\n|\n|t:|1610975587\n|move|p1a: Keldeo|Substitute|p1a: Keldeo\n|-start|p1a: Keldeo|Substitute\n|-damage|p1a: Keldeo|63\/100\n|move|p2a: Salamence|Hurricane|p1a: Keldeo|[miss]\n|-miss|p2a: Salamence|p1a: Keldeo\n|\n|-heal|p1a: Keldeo|70\/100|[from] item: Leftovers\n|upkeep\n|turn|38\n|\n|t:|1610975589\n|move|p1a: Keldeo|Scald|p2a: Salamence\n|-resisted|p2a: Salamence\n|-damage|p2a: Salamence|54\/100\n|move|p2a: Salamence|Hurricane|p1a: Keldeo\n|-supereffective|p1a: Keldeo\n|-end|p1a: Keldeo|Substitute\n|\n|-heal|p1a: Keldeo|76\/100|[from] item: Leftovers\n|upkeep\n|turn|39\n|\n|t:|1610975593\n|move|p1a: Keldeo|Substitute|p1a: Keldeo\n|-start|p1a: Keldeo|Substitute\n|-damage|p1a: Keldeo|51\/100\n|move|p2a: Salamence|Roost|p2a: Salamence\n|-heal|p2a: Salamence|100\/100\n|-singleturn|p2a: Salamence|move: Roost\n|\n|-heal|p1a: Keldeo|57\/100|[from] item: Leftovers\n|upkeep\n|turn|40\n|\n|t:|1610975595\n|move|p1a: Keldeo|Scald|p2a: Salamence\n|-resisted|p2a: Salamence\n|-damage|p2a: Salamence|76\/100\n|-status|p2a: Salamence|brn\n|move|p2a: Salamence|Hurricane|p1a: Keldeo\n|-supereffective|p1a: Keldeo\n|-end|p1a: Keldeo|Substitute\n|\n|-heal|p1a: Keldeo|63\/100|[from] item: Leftovers\n|-damage|p2a: Salamence|70\/100 brn|[from] brn\n|upkeep\n|turn|41\n|\n|t:|1610975598\n|switch|p1a: Chansey|Chansey, F|100\/100\n|-damage|p1a: Chansey|88\/100|[from] Stealth Rock\n|move|p2a: Salamence|Hurricane|p1a: Chansey\n|-damage|p1a: Chansey|71\/100\n|\n|-damage|p2a: Salamence|64\/100 brn|[from] brn\n|upkeep\n|turn|42\n|\n|t:|1610975608\n|switch|p2a: Chandelure|Chandelure, F|100\/100\n|move|p1a: Chansey|Soft-Boiled|p1a: Chansey\n|-heal|p1a: Chansey|100\/100\n|\n|upkeep\n|turn|43\n|\n|t:|1610975613\n|move|p2a: Chandelure|Substitute|p2a: Chandelure\n|-start|p2a: Chandelure|Substitute\n|-damage|p2a: Chandelure|76\/100\n|move|p1a: Chansey|Thunder Wave||[still]\n|-fail|p1a: Chansey\n|\n|upkeep\n|turn|44\n|\n|t:|1610975616\n|move|p2a: Chandelure|Will-O-Wisp|p1a: Chansey\n|-status|p1a: Chansey|brn\n|move|p1a: Chansey|Stealth Rock||[still]\n|-fail|p1a: Chansey\n|\n|-damage|p1a: Chansey|94\/100 brn|[from] brn\n|upkeep\n|turn|45\n|\n|t:|1610975619\n|move|p2a: Chandelure|Will-O-Wisp|p1a: Chansey\n|-fail|p1a: Chansey|brn\n|move|p1a: Chansey|Stealth Rock||[still]\n|-fail|p1a: Chansey\n|\n|-damage|p1a: Chansey|88\/100 brn|[from] brn\n|upkeep\n|turn|46\n|\n|t:|1610975622\n|move|p2a: Chandelure|Will-O-Wisp|p1a: Chansey\n|-fail|p1a: Chansey|brn\n|move|p1a: Chansey|Stealth Rock||[still]\n|-fail|p1a: Chansey\n|\n|-damage|p1a: Chansey|82\/100 brn|[from] brn\n|upkeep\n|turn|47\n|\n|t:|1610975626\n|move|p2a: Chandelure|Flamethrower|p1a: Chansey\n|-damage|p1a: Chansey|66\/100 brn\n|move|p1a: Chansey|Stealth Rock||[still]\n|-fail|p1a: Chansey\n|\n|-damage|p1a: Chansey|60\/100 brn|[from] brn\n|upkeep\n|turn|48\n|\n|t:|1610975630\n|move|p2a: Chandelure|Substitute|p2a: Chandelure\n|-fail|p2a: Chandelure|move: Substitute\n|move|p1a: Chansey|Stealth Rock||[still]\n|-fail|p1a: Chansey\n|\n|-damage|p1a: Chansey|53\/100 brn|[from] brn\n|upkeep\n|turn|49\n|\n|t:|1610975635\n|move|p2a: Chandelure|Hex|p1a: Chansey\n|-immune|p1a: Chansey\n|move|p1a: Chansey|Soft-Boiled|p1a: Chansey\n|-heal|p1a: Chansey|100\/100 brn\n|\n|-damage|p1a: Chansey|94\/100 brn|[from] brn\n|upkeep\n|turn|50\n|\n|t:|1610975639\n|move|p2a: Chandelure|Will-O-Wisp|p1a: Chansey\n|-fail|p1a: Chansey|brn\n|move|p1a: Chansey|Thunder Wave||[still]\n|-fail|p1a: Chansey\n|\n|-damage|p1a: Chansey|88\/100 brn|[from] brn\n|upkeep\n|turn|51\n|\n|t:|1610975643\n|move|p2a: Chandelure|Substitute|p2a: Chandelure\n|-fail|p2a: Chandelure|move: Substitute\n|move|p1a: Chansey|Seismic Toss|p2a: Chandelure\n|-immune|p2a: Chandelure\n|\n|-damage|p1a: Chansey|82\/100 brn|[from] brn\n|upkeep\n|turn|52\n|\n|t:|1610975648\n|move|p2a: Chandelure|Flamethrower|p1a: Chansey\n|-damage|p1a: Chansey|66\/100 brn\n|move|p1a: Chansey|Stealth Rock||[still]\n|-fail|p1a: Chansey\n|\n|-damage|p1a: Chansey|60\/100 brn|[from] brn\n|upkeep\n|turn|53\n|\n|t:|1610975651\n|move|p2a: Chandelure|Will-O-Wisp|p1a: Chansey|[miss]\n|-miss|p2a: Chandelure|p1a: Chansey\n|move|p1a: Chansey|Stealth Rock||[still]\n|-fail|p1a: Chansey\n|\n|-damage|p1a: Chansey|54\/100 brn|[from] brn\n|upkeep\n|turn|54\n|\n|t:|1610975655\n|move|p2a: Chandelure|Substitute|p2a: Chandelure\n|-fail|p2a: Chandelure|move: Substitute\n|move|p1a: Chansey|Stealth Rock||[still]\n|-fail|p1a: Chansey\n|\n|-damage|p1a: Chansey|48\/100 brn|[from] brn\n|upkeep\n|turn|55\n|\n|t:|1610975659\n|move|p2a: Chandelure|Will-O-Wisp|p1a: Chansey\n|-fail|p1a: Chansey|brn\n|move|p1a: Chansey|Soft-Boiled|p1a: Chansey\n|-heal|p1a: Chansey|98\/100 brn\n|\n|-damage|p1a: Chansey|91\/100 brn|[from] brn\n|upkeep\n|turn|56\n|\n|t:|1610975663\n|move|p2a: Chandelure|Flamethrower|p1a: Chansey\n|-damage|p1a: Chansey|76\/100 brn\n|move|p1a: Chansey|Stealth Rock||[still]\n|-fail|p1a: Chansey\n|\n|-damage|p1a: Chansey|70\/100 brn|[from] brn\n|upkeep\n|turn|57\n|\n|t:|1610975667\n|move|p2a: Chandelure|Will-O-Wisp|p1a: Chansey\n|-fail|p1a: Chansey|brn\n|move|p1a: Chansey|Stealth Rock||[still]\n|-fail|p1a: Chansey\n|\n|-damage|p1a: Chansey|64\/100 brn|[from] brn\n|upkeep\n|turn|58\n|\n|t:|1610975674\n|move|p2a: Chandelure|Will-O-Wisp|p1a: Chansey\n|-fail|p1a: Chansey|brn\n|move|p1a: Chansey|Stealth Rock||[still]\n|-fail|p1a: Chansey\n|\n|-damage|p1a: Chansey|58\/100 brn|[from] brn\n|upkeep\n|turn|59\n|\n|t:|1610975680\n|move|p2a: Chandelure|Flamethrower|p1a: Chansey\n|-damage|p1a: Chansey|43\/100 brn\n|move|p1a: Chansey|Stealth Rock||[still]\n|-fail|p1a: Chansey\n|\n|-damage|p1a: Chansey|37\/100 brn|[from] brn\n|upkeep\n|turn|60\n|\n|t:|1610975690\n|move|p2a: Chandelure|Will-O-Wisp|p1a: Chansey\n|-fail|p1a: Chansey|brn\n|move|p1a: Chansey|Soft-Boiled|p1a: Chansey\n|-heal|p1a: Chansey|87\/100 brn\n|\n|-damage|p1a: Chansey|81\/100 brn|[from] brn\n|upkeep\n|turn|61\n|\n|t:|1610975696\n|move|p2a: Chandelure|Substitute|p2a: Chandelure\n|-fail|p2a: Chandelure|move: Substitute\n|move|p1a: Chansey|Stealth Rock||[still]\n|-fail|p1a: Chansey\n|\n|-damage|p1a: Chansey|75\/100 brn|[from] brn\n|upkeep\n|turn|62\n|\n|t:|1610975700\n|move|p2a: Chandelure|Flamethrower|p1a: Chansey\n|-damage|p1a: Chansey|60\/100 brn\n|move|p1a: Chansey|Seismic Toss|p2a: Chandelure\n|-immune|p2a: Chandelure\n|\n|-damage|p1a: Chansey|53\/100 brn|[from] brn\n|upkeep\n|turn|63\n|\n|t:|1610975705\n|move|p2a: Chandelure|Will-O-Wisp|p1a: Chansey\n|-fail|p1a: Chansey|brn\n|move|p1a: Chansey|Seismic Toss|p2a: Chandelure\n|-immune|p2a: Chandelure\n|\n|-damage|p1a: Chansey|47\/100 brn|[from] brn\n|upkeep\n|turn|64\n|\n|t:|1610975710\n|move|p2a: Chandelure|Flamethrower|p1a: Chansey\n|-damage|p1a: Chansey|32\/100 brn\n|move|p1a: Chansey|Seismic Toss|p2a: Chandelure\n|-immune|p2a: Chandelure\n|\n|-damage|p1a: Chansey|26\/100 brn|[from] brn\n|upkeep\n|turn|65\n|\n|t:|1610975720\n|move|p2a: Chandelure|Hex|p1a: Chansey\n|-immune|p1a: Chansey\n|move|p1a: Chansey|Soft-Boiled|p1a: Chansey\n|-heal|p1a: Chansey|76\/100 brn\n|\n|-damage|p1a: Chansey|70\/100 brn|[from] brn\n|upkeep\n|turn|66\n|\n|t:|1610975729\n|move|p2a: Chandelure|Flamethrower|p1a: Chansey\n|-damage|p1a: Chansey|53\/100 brn\n|move|p1a: Chansey|Seismic Toss|p2a: Chandelure\n|-immune|p2a: Chandelure\n|\n|-damage|p1a: Chansey|47\/100 brn|[from] brn\n|upkeep\n|turn|67\n|\n|t:|1610975736\n|move|p2a: Chandelure|Will-O-Wisp|p1a: Chansey\n|-fail|p1a: Chansey|brn\n|move|p1a: Chansey|Soft-Boiled|p1a: Chansey\n|-heal|p1a: Chansey|97\/100 brn\n|\n|-damage|p1a: Chansey|91\/100 brn|[from] brn\n|upkeep\n|turn|68\n|\n|t:|1610975743\n|move|p2a: Chandelure|Flamethrower|p1a: Chansey\n|-damage|p1a: Chansey|75\/100 brn\n|move|p1a: Chansey|Stealth Rock||[still]\n|-fail|p1a: Chansey\n|\n|-damage|p1a: Chansey|68\/100 brn|[from] brn\n|upkeep\n|turn|69\n|\n|t:|1610975746\n|move|p2a: Chandelure|Substitute|p2a: Chandelure\n|-fail|p2a: Chandelure|move: Substitute\n|move|p1a: Chansey|Stealth Rock||[still]\n|-fail|p1a: Chansey\n|\n|-damage|p1a: Chansey|62\/100 brn|[from] brn\n|upkeep\n|turn|70\n|\n|t:|1610975751\n|move|p2a: Chandelure|Hex|p1a: Chansey\n|-immune|p1a: Chansey\n|move|p1a: Chansey|Stealth Rock||[still]\n|-fail|p1a: Chansey\n|\n|-damage|p1a: Chansey|56\/100 brn|[from] brn\n|upkeep\n|turn|71\n|\n|t:|1610975757\n|move|p2a: Chandelure|Will-O-Wisp|p1a: Chansey\n|-fail|p1a: Chansey|brn\n|move|p1a: Chansey|Soft-Boiled|p1a: Chansey\n|-heal|p1a: Chansey|100\/100 brn\n|\n|-damage|p1a: Chansey|94\/100 brn|[from] brn\n|upkeep\n|turn|72\n|\n|t:|1610975761\n|move|p2a: Chandelure|Hex|p1a: Chansey\n|-immune|p1a: Chansey\n|move|p1a: Chansey|Stealth Rock||[still]\n|-fail|p1a: Chansey\n|\n|-damage|p1a: Chansey|88\/100 brn|[from] brn\n|upkeep\n|turn|73\n|\n|t:|1610975765\n|move|p2a: Chandelure|Flamethrower|p1a: Chansey\n|-damage|p1a: Chansey|73\/100 brn\n|move|p1a: Chansey|Stealth Rock||[still]\n|-fail|p1a: Chansey\n|\n|-damage|p1a: Chansey|66\/100 brn|[from] brn\n|upkeep\n|turn|74\n|\n|t:|1610975773\n|move|p2a: Chandelure|Will-O-Wisp|p1a: Chansey|[miss]\n|-miss|p2a: Chandelure|p1a: Chansey\n|move|p1a: Chansey|Stealth Rock||[still]\n|-fail|p1a: Chansey\n|\n|-damage|p1a: Chansey|60\/100 brn|[from] brn\n|upkeep\n|turn|75\n|\n|t:|1610975779\n|move|p2a: Chandelure|Hex|p1a: Chansey\n|-immune|p1a: Chansey\n|move|p1a: Chansey|Stealth Rock||[still]\n|-fail|p1a: Chansey\n|\n|-damage|p1a: Chansey|54\/100 brn|[from] brn\n|upkeep\n|turn|76\n|\n|t:|1610975784\n|move|p2a: Chandelure|Substitute|p2a: Chandelure\n|-fail|p2a: Chandelure|move: Substitute\n|move|p1a: Chansey|Stealth Rock||[still]\n|-fail|p1a: Chansey\n|\n|-damage|p1a: Chansey|48\/100 brn|[from] brn\n|upkeep\n|turn|77\n|\n|t:|1610975787\n|move|p2a: Chandelure|Flamethrower|p1a: Chansey\n|-damage|p1a: Chansey|33\/100 brn\n|move|p1a: Chansey|Soft-Boiled|p1a: Chansey\n|-heal|p1a: Chansey|83\/100 brn\n|\n|-damage|p1a: Chansey|76\/100 brn|[from] brn\n|upkeep\n|turn|78\n|\n|t:|1610975794\n|move|p2a: Chandelure|Will-O-Wisp|p1a: Chansey\n|-fail|p1a: Chansey|brn\n|move|p1a: Chansey|Stealth Rock||[still]\n|-fail|p1a: Chansey\n|\n|-damage|p1a: Chansey|70\/100 brn|[from] brn\n|upkeep\n|turn|79\n|c|\u2606SkipTheDripBayless|wh\n|c|\u2606SkipTheDripBayless|are u wisp\n|c|\u2606SkipTheDripBayless|LOL\n|c|\u2606Solobigbagalert|spreads status easier\n|c|\u2606Solobigbagalert|i already have 2 twave one toxic\n|c|\u2606SkipTheDripBayless|chande\n|c|\u2606SkipTheDripBayless|beats\n|c|\u2606Solobigbagalert|technically i should be taunt\n|\n|t:|1610975820\n|move|p2a: Chandelure|Will-O-Wisp|p1a: Chansey\n|-fail|p1a: Chansey|brn\n|move|p1a: Chansey|Stealth Rock||[still]\n|-fail|p1a: Chansey\n|\n|-damage|p1a: Chansey|64\/100 brn|[from] brn\n|upkeep\n|turn|80\n|c|\u2606SkipTheDripBayless|every posion type\n|\n|t:|1610975828\n|move|p2a: Chandelure|Flamethrower|p1a: Chansey\n|-damage|p1a: Chansey|49\/100 brn\n|move|p1a: Chansey|Stealth Rock||[still]\n|-fail|p1a: Chansey\n|\n|-damage|p1a: Chansey|43\/100 brn|[from] brn\n|upkeep\n|turn|81\n|c|\u2606SkipTheDripBayless|hold up\n|c|\u2606SkipTheDripBayless|new tour\n|c|\u2606SkipTheDripBayless|im finna win it\n|\n|t:|1610975842\n|move|p2a: Chandelure|Flamethrower|p1a: Chansey\n|-damage|p1a: Chansey|26\/100 brn\n|move|p1a: Chansey|Soft-Boiled|p1a: Chansey\n|-heal|p1a: Chansey|76\/100 brn\n|\n|-damage|p1a: Chansey|70\/100 brn|[from] brn\n|upkeep\n|turn|82\n|c|\u2606Solobigbagalert|ye\n|c|\u2606SkipTheDripBayless|lemme make this team\n|c|\u2606SkipTheDripBayless|rq\n|c|\u2606SkipTheDripBayless|u want 1\n|c|\u2606Solobigbagalert|na\n|c|\u2606SkipTheDripBayless|it's gen7 lc\n|c|\u2606Solobigbagalert|well\n|c|\u2606Solobigbagalert|if its\n|c|\u2606SkipTheDripBayless|my goat tier\n|c|\u2606Solobigbagalert|a good team\n|c|\u2606SkipTheDripBayless|bri\n|c|\u2606Solobigbagalert|a good offensive team\n|c|\u2606SkipTheDripBayless|i got u\n|c|\u2606Solobigbagalert|give me voltturn\n|c|\u2606SkipTheDripBayless|that's literally\n|c|\u2606SkipTheDripBayless|lc\n|c|\u2606Solobigbagalert|?\n|c|\u2606Solobigbagalert|fr\n|j| HYDREIGON SPECS\n|c|\u2606Solobigbagalert|damn id be goat then\n|c|\u2606Solobigbagalert|hurry up and click tho man\n|c|\u2606Solobigbagalert|chanseywith no port\n|c|\u2606Solobigbagalert|loses to chandy\n|c|\u2606Solobigbagalert|highkey\n|c|\u2606Solobigbagalert|skipthedripbayless\n|c|\u2606Solobigbagalert|just click\n|c|\u2606Solobigbagalert|its fucking tours room\n|c|\u2606Solobigbagalert|u can proib win with like\n|c|\u2606Solobigbagalert|!dt chikorita\n|raw|<div class=\"message\"><ul class=\"utilichart\"><li class=\"result\"><span class=\"col numcol\">Illegal<\/span> <span class=\"col iconcol\"><psicon pokemon=\"chikorita\"\/><\/span> <span class=\"col pokemonnamecol\" style=\"white-space:nowrap\"><a href=\"https:\/\/dex.pokemonshowdown.com\/pokemon\/chikorita\" target=\"_blank\">Chikorita<\/a><\/span> <span class=\"col typecol\"><img src=\"https:\/\/play.pokemonshowdown.com\/sprites\/types\/Grass.png\" alt=\"Grass\" height=\"14\" width=\"32\"><\/span> <span style=\"float:left;min-height:26px\"><span class=\"col abilitycol\">Overgrow<\/span><span class=\"col abilitycol\"><em>Leaf Guard<\/em><\/span><\/span><span style=\"float:left;min-height:26px\"><span class=\"col statcol\"><em>HP<\/em><br \/>45<\/span> <span class=\"col statcol\"><em>Atk<\/em><br \/>49<\/span> <span class=\"col statcol\"><em>Def<\/em><br \/>65<\/span> <span class=\"col statcol\"><em>SpA<\/em><br \/>49<\/span> <span class=\"col statcol\"><em>SpD<\/em><br \/>65<\/span> <span class=\"col statcol\"><em>Spe<\/em><br \/>45<\/span> <span class=\"col bstcol\"><em>BST<br \/>318<\/em><\/span> <\/span><\/li><li style=\"clear:both\"><\/li><\/ul><\/div>\n|raw|<font size=\"1\"><font color=\"#686868\">Dex#:<\/font> 152&nbsp;|&ThickSpace;<font color=\"#686868\">Gen:<\/font> 2&nbsp;|&ThickSpace;<font color=\"#686868\">Height:<\/font> 0.9 m&nbsp;|&ThickSpace;<font color=\"#686868\">Weight:<\/font> 6.4 kg <em>(20 BP)<\/em>&nbsp;|&ThickSpace;<font color=\"#686868\">Dex Colour:<\/font> Green&nbsp;|&ThickSpace;<font color=\"#686868\">Egg Group(s):<\/font> Monster, Grass&nbsp;|&ThickSpace;<font color=\"#686868\">Evolution:<\/font> Bayleef (16)<\/font>\n\n|c|\u2606Solobigbagalert|against them\n|inactive|Battle timer is ON: inactive players will automatically lose when time's up. (requested by Solobigbagalert)\n|inactive|SkipTheDripBayless has 120 seconds left.\n|c|\u2606SkipTheDripBayless|really\n|c|\u2606SkipTheDripBayless|u timiered\n|\n|t:|1610976025\n|move|p2a: Chandelure|Substitute|p2a: Chandelure\n|-fail|p2a: Chandelure|move: Substitute\n|move|p1a: Chansey|Stealth Rock||[still]\n|-fail|p1a: Chansey\n|\n|-damage|p1a: Chansey|63\/100 brn|[from] brn\n|upkeep\n|turn|83\n|c|\u2606Solobigbagalert|i was gonna timer off\n|\n|t:|1610976031\n|move|p2a: Chandelure|Substitute|p2a: Chandelure\n|-fail|p2a: Chandelure|move: Substitute\n|move|p1a: Chansey|Stealth Rock||[still]\n|-fail|p1a: Chansey\n|\n|-damage|p1a: Chansey|57\/100 brn|[from] brn\n|upkeep\n|turn|84\n|c|\u2606SkipTheDripBayless|u want\n|c|\u2606SkipTheDripBayless|broken webs\n|c|\u2606SkipTheDripBayless|or naw\n|c|\u2606Solobigbagalert|webs or voltturn\n|c|\u2606Solobigbagalert|both work\n|c|\u2606SkipTheDripBayless|webs is busted\n|c|\u2606SkipTheDripBayless|af\n|c|\u2606Solobigbagalert|ight\n|inactive|SkipTheDripBayless has 120 seconds left.\n|l| HYDREIGON SPECS\n|inactive|SkipTheDripBayless has 90 seconds left.\n|inactive|SkipTheDripBayless has 60 seconds left.\n|inactive|SkipTheDripBayless has 30 seconds left.\n|c|\u2606SkipTheDripBayless|bro\n|inactive|SkipTheDripBayless has 20 seconds left.\n|\n|t:|1610976162\n|move|p2a: Chandelure|Will-O-Wisp|p1a: Chansey\n|-fail|p1a: Chansey|brn\n|move|p1a: Chansey|Stealth Rock||[still]\n|-fail|p1a: Chansey\n|\n|-damage|p1a: Chansey|51\/100 brn|[from] brn\n|upkeep\n|turn|85\n|inactive|SkipTheDripBayless has 30 seconds left this turn.\n|\n|t:|1610976166\n|move|p2a: Chandelure|Hex|p1a: Chansey\n|-immune|p1a: Chansey\n|move|p1a: Chansey|Soft-Boiled|p1a: Chansey\n|-heal|p1a: Chansey|100\/100 brn\n|\n|-damage|p1a: Chansey|94\/100 brn|[from] brn\n|upkeep\n|turn|86\n|inactive|SkipTheDripBayless has 30 seconds left.\n|inactive|SkipTheDripBayless has 20 seconds left.\n|\n|t:|1610976189\n|move|p2a: Chandelure|Will-O-Wisp|p1a: Chansey|[miss]\n|-miss|p2a: Chandelure|p1a: Chansey\n|move|p1a: Chansey|Stealth Rock||[still]\n|-fail|p1a: Chansey\n|\n|-damage|p1a: Chansey|88\/100 brn|[from] brn\n|upkeep\n|turn|87\n|inactive|SkipTheDripBayless has 30 seconds left this turn.\n|inactive|Solobigbagalert has 120 seconds left.\n|c|\u2606SkipTheDripBayless|t\n|inactive|Solobigbagalert has 90 seconds left.\n|\n|t:|1610976255\n|move|p2a: Chandelure|Will-O-Wisp|p1a: Chansey\n|-fail|p1a: Chansey|brn\n|move|p1a: Chansey|Thunder Wave||[still]\n|-fail|p1a: Chansey\n|\n|-damage|p1a: Chansey|82\/100 brn|[from] brn\n|upkeep\n|turn|88\n|\n|t:|1610976261\n|move|p2a: Chandelure|Flamethrower|p1a: Chansey\n|-damage|p1a: Chansey|65\/100 brn\n|move|p1a: Chansey|Stealth Rock||[still]\n|-fail|p1a: Chansey\n|\n|-damage|p1a: Chansey|58\/100 brn|[from] brn\n|upkeep\n|turn|89\n|inactive|SkipTheDripBayless has 30 seconds left.\n|inactive|SkipTheDripBayless has 20 seconds left.\n|inactive|SkipTheDripBayless has 15 seconds left.\n|inactive|SkipTheDripBayless has 10 seconds left.\n|inactive|SkipTheDripBayless has 5 seconds left.\n|\n|t:|1610976301\n|move|p2a: Chandelure|Hex|p1a: Chansey\n|-immune|p1a: Chansey\n|move|p1a: Chansey|Stealth Rock||[still]\n|-fail|p1a: Chansey\n|\n|-damage|p1a: Chansey|52\/100 brn|[from] brn\n|upkeep\n|turn|90\n|inactive|SkipTheDripBayless has 15 seconds left this turn.\n|\n|t:|1610976305\n|move|p2a: Chandelure|Will-O-Wisp|p1a: Chansey|[miss]\n|-miss|p2a: Chandelure|p1a: Chansey\n|move|p1a: Chansey|Thunder Wave||[still]\n|-fail|p1a: Chansey\n|\n|-damage|p1a: Chansey|46\/100 brn|[from] brn\n|upkeep\n|turn|91\n|inactive|SkipTheDripBayless has 25 seconds left this turn.\n|inactive|SkipTheDripBayless has 20 seconds left.\n|inactive|Solobigbagalert has 120 seconds left.\n|\n|t:|1610976311\n|move|p2a: Chandelure|Substitute|p2a: Chandelure\n|-fail|p2a: Chandelure|move: Substitute\n|move|p1a: Chansey|Soft-Boiled|p1a: Chansey\n|-heal|p1a: Chansey|96\/100 brn\n|\n|-damage|p1a: Chansey|90\/100 brn|[from] brn\n|upkeep\n|turn|92\n|inactive|SkipTheDripBayless has 25 seconds left this turn.\n|c|\u2606SkipTheDripBayless|bro\n|inactive|SkipTheDripBayless has 20 seconds left.\n|c|\u2606SkipTheDripBayless|turn off timer\n|inactive|SkipTheDripBayless has 15 seconds left.\n|inactiveoff|Battle timer is now OFF.\n|\n|t:|1610976322\n|move|p2a: Chandelure|Flamethrower|p1a: Chansey\n|-damage|p1a: Chansey|73\/100 brn\n|move|p1a: Chansey|Thunder Wave||[still]\n|-fail|p1a: Chansey\n|\n|-damage|p1a: Chansey|67\/100 brn|[from] brn\n|upkeep\n|turn|93\n|c|\u2606Solobigbagalert|pass lc team\n|c|\u2606Solobigbagalert|skipthedripbayless the tour started\n|inactive|Battle timer is ON: inactive players will automatically lose when time's up. (requested by Solobigbagalert)\n|inactive|SkipTheDripBayless has 20 seconds left this turn.\n|inactiveoff|Battle timer is now OFF.\n|inactive|Battle timer is ON: inactive players will automatically lose when time's up. (requested by Solobigbagalert)\n|inactive|SkipTheDripBayless has 25 seconds left this turn.\n|inactive|SkipTheDripBayless has 20 seconds left.\n|inactive|SkipTheDripBayless has 15 seconds left.\n|inactiveoff|Battle timer is now OFF.\n|c|\u2606SkipTheDripBayless|!code\n|c|\u2606SkipTheDripBayless|\/raw <div class=\"infobox\"><details class=\"readmore code\" style=\"white-space: pre-wrap; display: table; tab-size: 3\"><summary>Surskit @ Choice Scarf  <br \/>Ability: Swift Swim  <br \/>Level: 5  <\/summary>EVs: 36 HP &#x2f; 20 Def &#x2f; 196 SpA &#x2f; 20 SpD &#x2f; 236 Spe  <br \/>Timid Nature  <br \/>- Sticky Web  <br \/>- Hydro Pump  <br \/>- Giga Drain  <br \/>- Haze  <br \/><br \/>Frillish @ Berry Juice  <br \/>Ability: Water Absorb  <br \/>Level: 5  <br \/>EVs: 76 HP &#x2f; 236 SpA &#x2f; 196 Spe  <br \/>Rash Nature  <br \/>IVs: 0 Atk  <br \/>- Water Spout  <br \/>- Ice Beam  <br \/>- Giga Drain  <br \/>- Substitute  <br \/><br \/>Abra @ Life Orb  <br \/>Ability: Magic Guard  <br \/>Level: 5  <br \/>Hidden Power: Ground  <br \/>EVs: 240 SpA &#x2f; 200 Spe  <br \/>Timid Nature  <br \/>- Psychic  <br \/>- Dazzling Gleam  <br \/>- Hidden Power [Ground]  <br \/>- Substitute  <br \/><br \/>Ponyta @ Firium Z  <br \/>Ability: Flame Body  <br \/>Level: 5  <br \/>EVs: 236 Atk &#x2f; 76 Def &#x2f; 196 Spe  <br \/>Jolly Nature  <br \/>- Wild Charge  <br \/>- Flare Blitz  <br \/>- High Horsepower  <br \/>- Morning Sun  <br \/><br \/>Pawniard @ Eviolite  <br \/>Ability: Defiant  <br \/>Level: 5  <br \/>EVs: 156 Atk &#x2f; 36 Def &#x2f; 116 SpD &#x2f; 196 Spe  <br \/>Jolly Nature  <br \/>- Knock Off  <br \/>- Sucker Punch  <br \/>- Iron Head  <br \/>- Stealth Rock  <br \/><br \/>Vullaby (F) @ Berry Juice  <br \/>Ability: Weak Armor  <br \/>Level: 5  <br \/>EVs: 236 Atk &#x2f; 76 Def &#x2f; 196 Spe  <br \/>Adamant Nature  <br \/>- Brave Bird  <br \/>- Knock Off  <br \/>- U-turn  <br \/>- Hidden Power [Grass]<\/details><\/div>\n|c|\u2606SkipTheDripBayless|SkipTheDripBayless\n|c|\u2606SkipTheDripBayless|Solobigbagalert\n|c|\u2606Solobigbagalert|ty\n|\n|t:|1610976588\n|move|p2a: Chandelure|Substitute|p2a: Chandelure\n|-fail|p2a: Chandelure|move: Substitute\n|move|p1a: Chansey|Stealth Rock||[still]\n|-fail|p1a: Chansey\n|\n|-damage|p1a: Chansey|60\/100 brn|[from] brn\n|upkeep\n|turn|94\n|\n|t:|1610976595\n|move|p2a: Chandelure|Hex|p1a: Chansey\n|-immune|p1a: Chansey\n|move|p1a: Chansey|Seismic Toss|p2a: Chandelure\n|-immune|p2a: Chandelure\n|\n|-damage|p1a: Chansey|54\/100 brn|[from] brn\n|upkeep\n|turn|95\n|\n|t:|1610976613\n|move|p2a: Chandelure|Flamethrower|p1a: Chansey\n|-damage|p1a: Chansey|38\/100 brn\n|move|p1a: Chansey|Seismic Toss|p2a: Chandelure\n|-immune|p2a: Chandelure\n|\n|-damage|p1a: Chansey|31\/100 brn|[from] brn\n|upkeep\n|turn|96\n|\n|t:|1610976618\n|move|p2a: Chandelure|Will-O-Wisp|p1a: Chansey\n|-fail|p1a: Chansey|brn\n|move|p1a: Chansey|Soft-Boiled|p1a: Chansey\n|-heal|p1a: Chansey|81\/100 brn\n|\n|-damage|p1a: Chansey|75\/100 brn|[from] brn\n|upkeep\n|turn|97\n|j| Idk how to ev\n|\n|t:|1610976642\n|move|p2a: Chandelure|Substitute|p2a: Chandelure\n|-fail|p2a: Chandelure|move: Substitute\n|move|p1a: Chansey|Seismic Toss|p2a: Chandelure\n|-immune|p2a: Chandelure\n|\n|-damage|p1a: Chansey|69\/100 brn|[from] brn\n|upkeep\n|turn|98\n|\n|t:|1610976667\n|move|p2a: Chandelure|Flamethrower|p1a: Chansey\n|-damage|p1a: Chansey|53\/100 brn\n|move|p1a: Chansey|Seismic Toss|p2a: Chandelure\n|-immune|p2a: Chandelure\n|\n|-damage|p1a: Chansey|47\/100 brn|[from] brn\n|upkeep\n|turn|99\n|\n|t:|1610976673\n|move|p2a: Chandelure|Hex|p1a: Chansey\n|-immune|p1a: Chansey\n|move|p1a: Chansey|Soft-Boiled|p1a: Chansey\n|-heal|p1a: Chansey|97\/100 brn\n|\n|-damage|p1a: Chansey|91\/100 brn|[from] brn\n|upkeep\n|turn|100\n|\n|t:|1610976691\n|move|p2a: Chandelure|Hex|p1a: Chansey\n|-immune|p1a: Chansey\n|move|p1a: Chansey|Seismic Toss|p2a: Chandelure\n|-immune|p2a: Chandelure\n|\n|-damage|p1a: Chansey|84\/100 brn|[from] brn\n|upkeep\n|turn|101\n|\n|t:|1610976696\n|move|p2a: Chandelure|Flamethrower|p1a: Chansey\n|-damage|p1a: Chansey|68\/100 brn\n|move|p1a: Chansey|Seismic Toss|p2a: Chandelure\n|-immune|p2a: Chandelure\n|\n|-damage|p1a: Chansey|61\/100 brn|[from] brn\n|upkeep\n|turn|102\n|\n|t:|1610976709\n|move|p2a: Chandelure|Will-O-Wisp|p1a: Chansey\n|-fail|p1a: Chansey|brn\n|move|p1a: Chansey|Seismic Toss|p2a: Chandelure\n|-immune|p2a: Chandelure\n|\n|-damage|p1a: Chansey|55\/100 brn|[from] brn\n|upkeep\n|turn|103\n|\n|t:|1610976718\n|move|p2a: Chandelure|Substitute|p2a: Chandelure\n|-fail|p2a: Chandelure|move: Substitute\n|move|p1a: Chansey|Seismic Toss|p2a: Chandelure\n|-immune|p2a: Chandelure\n|\n|-damage|p1a: Chansey|49\/100 brn|[from] brn\n|upkeep\n|turn|104\n|\n|t:|1610976732\n|move|p2a: Chandelure|Will-O-Wisp|p1a: Chansey\n|-fail|p1a: Chansey|brn\n|move|p1a: Chansey|Soft-Boiled|p1a: Chansey\n|-heal|p1a: Chansey|99\/100 brn\n|\n|-damage|p1a: Chansey|93\/100 brn|[from] brn\n|upkeep\n|turn|105\n|l| Idk how to ev\n|l|\u2606SkipTheDripBayless\n|player|p1|\n|j|\u2606SkipTheDripBayless\n|player|p1|SkipTheDripBayless|youngathletef\n|\n|t:|1610976850\n|move|p2a: Chandelure|Flamethrower|p1a: Chansey\n|-damage|p1a: Chansey|78\/100 brn\n|move|p1a: Chansey|Seismic Toss|p2a: Chandelure\n|-immune|p2a: Chandelure\n|\n|-damage|p1a: Chansey|72\/100 brn|[from] brn\n|upkeep\n|turn|106\n|\n|t:|1610976868\n|move|p2a: Chandelure|Substitute|p2a: Chandelure\n|-fail|p2a: Chandelure|move: Substitute\n|move|p1a: Chansey|Seismic Toss|p2a: Chandelure\n|-immune|p2a: Chandelure\n|\n|-damage|p1a: Chansey|66\/100 brn|[from] brn\n|upkeep\n|turn|107\n|\n|t:|1610976893\n|move|p2a: Chandelure|Flamethrower|p1a: Chansey\n|-damage|p1a: Chansey|50\/100 brn\n|move|p1a: Chansey|Seismic Toss|p2a: Chandelure\n|-immune|p2a: Chandelure\n|\n|-damage|p1a: Chansey|43\/100 brn|[from] brn\n|upkeep\n|turn|108\n|\n|t:|1610976896\n|move|p2a: Chandelure|Will-O-Wisp|p1a: Chansey\n|-fail|p1a: Chansey|brn\n|move|p1a: Chansey|Seismic Toss|p2a: Chandelure\n|-immune|p2a: Chandelure\n|\n|-damage|p1a: Chansey|37\/100 brn|[from] brn\n|upkeep\n|turn|109\n|\n|t:|1610976914\n|move|p2a: Chandelure|Flamethrower|p1a: Chansey\n|-damage|p1a: Chansey|21\/100 brn\n|move|p1a: Chansey|Seismic Toss|p2a: Chandelure\n|-immune|p2a: Chandelure\n|\n|-damage|p1a: Chansey|15\/100 brn|[from] brn\n|upkeep\n|turn|110\n|\n|t:|1610976932\n|move|p2a: Chandelure|Flamethrower|p1a: Chansey\n|-damage|p1a: Chansey|0 fnt\n|faint|p1a: Chansey\n|\n|upkeep\n|\n|t:|1610976990\n|switch|p1a: Rotom|Rotom-Heat|49\/100 tox\n|-damage|p1a: Rotom|24\/100 tox|[from] Stealth Rock\n|turn|111\n|\n|t:|1610977006\n|move|p1a: Rotom|Volt Switch|p2a: Chandelure\n|-end|p2a: Chandelure|Substitute\n|j| 467 11 11p\n|\n|t:|1610977023\n|switch|p1a: Skarmory|Skarmory, M|48\/100|[from]move: Volt Switch\n|-damage|p1a: Skarmory|36\/100|[from] Stealth Rock\n|move|p2a: Chandelure|Hex|p1a: Skarmory\n|-damage|p1a: Skarmory|0 fnt\n|faint|p1a: Skarmory\n|\n|upkeep\n|\n|t:|1610977025\n|switch|p1a: Keldeo|Keldeo-Resolute|63\/100\n|-damage|p1a: Keldeo|57\/100|[from] Stealth Rock\n|turn|112\n|\n|t:|1610977031\n|move|p1a: Keldeo|Scald|p2a: Chandelure\n|-supereffective|p2a: Chandelure\n|-damage|p2a: Chandelure|0 fnt\n|faint|p2a: Chandelure\n|\n|-heal|p1a: Keldeo|63\/100|[from] item: Leftovers\n|upkeep\n|c|\u2606Solobigbagalert|misclick\n|c|\u2606Solobigbagalert|fuck man\n|c|\u2606Solobigbagalert|im in 3 games\n|inactive|Battle timer is ON: inactive players will automatically lose when time's up. (requested by Solobigbagalert)\n|inactive|SkipTheDripBayless has 20 seconds left this turn.\n|\n|t:|1610977045\n|switch|p2a: Salamence|Salamence, F|64\/100 brn\n|-ability|p2a: Salamence|Intimidate|boost\n|-unboost|p1a: Keldeo|atk|1\n|turn|113\n|inactive|SkipTheDripBayless has 25 seconds left this turn.\n|inactive|SkipTheDripBayless has 20 seconds left.\n|inactive|SkipTheDripBayless has 15 seconds left.\n|\n|t:|1610977059\n|switch|p1a: Rotom|Rotom-Heat|24\/100 tox\n|-damage|p1a: Rotom|0 fnt|[from] Stealth Rock\n|faint|p1a: Rotom\n|move|p2a: Salamence|Hurricane|p1: Rotom|[notarget]\n|-fail|p2a: Salamence\n|\n|-damage|p2a: Salamence|58\/100 brn|[from] brn\n|upkeep\n|inactive|SkipTheDripBayless has 20 seconds left this turn.\n|\n|t:|1610977060\n|switch|p1a: Bisharp|Bisharp, F, shiny|83\/100\n|-damage|p1a: Bisharp|77\/100|[from] Stealth Rock\n|turn|114\n|inactive|SkipTheDripBayless has 25 seconds left this turn.\n|\n|t:|1610977067\n|move|p2a: Salamence|Flamethrower|p1a: Bisharp\n|-supereffective|p1a: Bisharp\n|-damage|p1a: Bisharp|0 fnt\n|faint|p1a: Bisharp\n|\n|-damage|p2a: Salamence|51\/100 brn|[from] brn\n|upkeep\n|inactive|SkipTheDripBayless has 30 seconds left this turn.\n|inactive|SkipTheDripBayless has 20 seconds left.\n|\n|t:|1610977081\n|switch|p1a: Keldeo|Keldeo-Resolute|63\/100\n|-damage|p1a: Keldeo|57\/100|[from] Stealth Rock\n|turn|115\n|inactive|SkipTheDripBayless has 25 seconds left this turn.\n|\n|t:|1610977088\n|move|p1a: Keldeo|Substitute|p1a: Keldeo\n|-start|p1a: Keldeo|Substitute\n|-damage|p1a: Keldeo|32\/100\n|move|p2a: Salamence|Roost|p2a: Salamence\n|-heal|p2a: Salamence|100\/100 brn\n|-singleturn|p2a: Salamence|move: Roost\n|\n|-heal|p1a: Keldeo|39\/100|[from] item: Leftovers\n|-damage|p2a: Salamence|94\/100 brn|[from] brn\n|upkeep\n|turn|116\n|inactive|SkipTheDripBayless has 30 seconds left this turn.\n|inactive|SkipTheDripBayless has 20 seconds left.\n|\n|t:|1610977100\n|move|p1a: Keldeo|Calm Mind|p1a: Keldeo\n|-boost|p1a: Keldeo|spa|1\n|-boost|p1a: Keldeo|spd|1\n|move|p2a: Salamence|Hurricane|p1a: Keldeo\n|-supereffective|p1a: Keldeo\n|-end|p1a: Keldeo|Substitute\n|\n|-heal|p1a: Keldeo|45\/100|[from] item: Leftovers\n|-damage|p2a: Salamence|88\/100 brn|[from] brn\n|upkeep\n|turn|117\n|inactive|SkipTheDripBayless has 25 seconds left this turn.\n|\n|t:|1610977102\n|move|p1a: Keldeo|Substitute|p1a: Keldeo\n|-start|p1a: Keldeo|Substitute\n|-damage|p1a: Keldeo|20\/100\n|move|p2a: Salamence|Hurricane|p1a: Keldeo\n|-supereffective|p1a: Keldeo\n|-end|p1a: Keldeo|Substitute\n|\n|-heal|p1a: Keldeo|26\/100|[from] item: Leftovers\n|-damage|p2a: Salamence|82\/100 brn|[from] brn\n|upkeep\n|turn|118\n|inactive|SkipTheDripBayless has 30 seconds left this turn.\n|\n|t:|1610977105\n|move|p1a: Keldeo|Substitute|p1a: Keldeo\n|-start|p1a: Keldeo|Substitute\n|-damage|p1a: Keldeo|1\/100\n|move|p2a: Salamence|Hurricane|p1a: Keldeo\n|-supereffective|p1a: Keldeo\n|-crit|p1a: Keldeo\n|-end|p1a: Keldeo|Substitute\n|\n|-heal|p1a: Keldeo|8\/100|[from] item: Leftovers\n|-damage|p2a: Salamence|76\/100 brn|[from] brn\n|upkeep\n|turn|119\n|inactive|SkipTheDripBayless has 30 seconds left.\n|\n|t:|1610977120\n|switch|p2a: Amoonguss|Amoonguss, F|100\/100\n|-damage|p2a: Amoonguss|88\/100|[from] Stealth Rock\n|move|p1a: Keldeo|Scald|p2a: Amoonguss\n|-resisted|p2a: Amoonguss\n|-damage|p2a: Amoonguss|60\/100\n|-status|p2a: Amoonguss|brn\n|\n|-heal|p1a: Keldeo|14\/100|[from] item: Leftovers\n|-damage|p2a: Amoonguss|54\/100 brn|[from] brn\n|upkeep\n|turn|120\n|inactive|SkipTheDripBayless has 30 seconds left this turn.\n|\n|t:|1610977128\n|switch|p1a: Amoonguss|Amoonguss, M, shiny|89\/100\n|-damage|p1a: Amoonguss|77\/100|[from] Stealth Rock\n|move|p2a: Amoonguss|Giga Drain|p1a: Amoonguss\n|-resisted|p1a: Amoonguss\n|-damage|p1a: Amoonguss|72\/100\n|-heal|p2a: Amoonguss|57\/100 brn|[from] drain|[of] p1a: Amoonguss\n|\n|-damage|p2a: Amoonguss|51\/100 brn|[from] brn\n|upkeep\n|turn|121\n|inactive|SkipTheDripBayless has 30 seconds left this turn.\n|inactive|SkipTheDripBayless has 20 seconds left.\n|inactive|SkipTheDripBayless has 15 seconds left.\n|inactive|SkipTheDripBayless has 10 seconds left.\n|inactiveoff|Battle timer is now OFF.\n|\n|t:|1610977159\n|move|p2a: Amoonguss|Sludge Bomb|p1a: Amoonguss\n|-damage|p1a: Amoonguss|50\/100\n|move|p1a: Amoonguss|Sludge Bomb|p2a: Amoonguss\n|-damage|p2a: Amoonguss|26\/100 brn\n|\n|-damage|p2a: Amoonguss|20\/100 brn|[from] brn\n|upkeep\n|turn|122\n|\n|t:|1610977162\n|move|p2a: Amoonguss|Sludge Bomb|p1a: Amoonguss\n|-damage|p1a: Amoonguss|23\/100\n|move|p1a: Amoonguss|Foul Play|p2a: Amoonguss\n|-damage|p2a: Amoonguss|9\/100 brn\n|-damage|p1a: Amoonguss|7\/100|[from] item: Rocky Helmet|[of] p2a: Amoonguss\n|\n|-damage|p2a: Amoonguss|3\/100 brn|[from] brn\n|upkeep\n|turn|123\n|\n|t:|1610977169\n|move|p2a: Amoonguss|Sludge Bomb|p1a: Amoonguss\n|-damage|p1a: Amoonguss|0 fnt\n|faint|p1a: Amoonguss\n|\n|-damage|p2a: Amoonguss|0 fnt|[from] brn\n|faint|p2a: Amoonguss\n|upkeep\n|c|\u2606Solobigbagalert|smokin on that skip back\n|-message|SkipTheDripBayless forfeited.\n|\n|win|Solobigbagalert\n|l|\u2606SkipTheDripBayless\n|c|\u2606Solobigbagalert|wk down the drain\n|raw|SkipTheDripBayless's rating: 1623 &rarr; <strong>1600<\/strong><br \/>(-23 for losing)\n|raw|Solobigbagalert's rating: 1563 &rarr; <strong>1586<\/strong><br \/>(+23 for winning)\n","uploadtime":1610977177,"views":49,"p1id":"skipthedripbayless","p2id":"solobigbagalert","formatid":"gen8uu","rating":1586,"private":0,"password":null}