{"id":"gen8nationaldex-1352873423","p1":"Alu9204","p2":"Neutralist","format":"gen8nationaldex","log":"|j|\u2606Alu9204\n|j|\u2606Neutralist\n|t:|1622786585\n|gametype|singles\n|player|p1|Alu9204|brock|1414\n|player|p2|Neutralist|265|1430\n|teamsize|p1|6\n|teamsize|p2|6\n|gen|8\n|tier|[Gen 8] National Dex\n|rated|\n|rule|HP Percentage Mod: HP is shown in percentages\n|rule|Endless Battle Clause: Forcing endless battles is banned\n|rule|OHKO Clause: OHKO moves are banned\n|rule|Evasion Moves Clause: Evasion moves are banned\n|rule|Species Clause: Limit one of each Pok\u00e9mon\n|rule|Dynamax Clause: You cannot dynamax\n|rule|Sleep Clause Mod: Limit one foe put to sleep\n|clearpoke\n|poke|p1|Breloom, M|\n|poke|p1|Weavile, M|\n|poke|p1|Moltres|\n|poke|p1|Slowking-Galar, F|\n|poke|p1|Urshifu-*, M|\n|poke|p1|Pidgeot, M|\n|poke|p2|Scizor, F|\n|poke|p2|Pelipper, M|\n|poke|p2|Urshifu-*, M|\n|poke|p2|Zapdos|\n|poke|p2|Kyurem|\n|poke|p2|Garchomp, F|\n|teampreview\n|\n|t:|1622786598\n|start\n|switch|p1a: Breloom|Breloom, M|100\/100\n|switch|p2a: Kyurem|Kyurem|100\/100\n|-ability|p2a: Kyurem|Pressure\n|turn|1\n|\n|t:|1622786607\n|move|p1a: Breloom|Mach Punch|p2a: Kyurem\n|-supereffective|p2a: Kyurem\n|-damage|p2a: Kyurem|36\/100\n|move|p2a: Kyurem|Ice Beam|p1a: Breloom\n|-supereffective|p1a: Breloom\n|-enditem|p1a: Breloom|Focus Sash\n|-damage|p1a: Breloom|1\/100\n|\n|upkeep\n|turn|2\n|\n|t:|1622786617\n|switch|p2a: Zapdos|Zapdos|100\/100\n|move|p1a: Breloom|Spore|p2a: Zapdos\n|-status|p2a: Zapdos|slp|[from] move: Spore\n|\n|upkeep\n|turn|3\n|\n|t:|1622786635\n|switch|p2a: Scizor|Scizor, F|100\/100\n|move|p1a: Breloom|Rock Tomb|p2a: Scizor\n|-damage|p2a: Scizor|69\/100\n|-unboost|p2a: Scizor|spe|1\n|\n|upkeep\n|turn|4\n|\n|t:|1622786645\n|switch|p1a: Moltres|Moltres|100\/100\n|detailschange|p2a: Scizor|Scizor-Mega, F\n|-mega|p2a: Scizor|Scizor|Scizorite\n|move|p2a: Scizor|Roost|p2a: Scizor\n|-heal|p2a: Scizor|100\/100\n|-singleturn|p2a: Scizor|move: Roost\n|\n|upkeep\n|turn|5\n|\n|t:|1622786655\n|switch|p2a: Pelipper|Pelipper, M|100\/100\n|-weather|RainDance|[from] ability: Drizzle|[of] p2a: Pelipper\n|move|p1a: Moltres|Scorching Sands|p2a: Pelipper\n|-immune|p2a: Pelipper\n|\n|-weather|RainDance|[upkeep]\n|upkeep\n|turn|6\n|\n|t:|1622786664\n|switch|p1a: Slowking|Slowking-Galar, F|100\/100\n|move|p2a: Pelipper|U-turn|p1a: Slowking\n|-damage|p1a: Slowking|91\/100\n|\n|t:|1622786668\n|switch|p2a: Urshifu|Urshifu-Rapid-Strike, M|100\/100|[from]move: U-turn\n|\n|-weather|RainDance|[upkeep]\n|upkeep\n|turn|7\n|\n|t:|1622786688\n|switch|p1a: Moltres|Moltres|100\/100\n|move|p2a: Urshifu|Surging Strikes|p1a: Moltres\n|-supereffective|p1a: Moltres\n|-crit|p1a: Moltres\n|-damage|p1a: Moltres|54\/100\n|-supereffective|p1a: Moltres\n|-crit|p1a: Moltres\n|-damage|p1a: Moltres|8\/100\n|-supereffective|p1a: Moltres\n|-crit|p1a: Moltres\n|-damage|p1a: Moltres|0 fnt\n|faint|p1a: Moltres\n|-hitcount|p1: Moltres|3\n|\n|-weather|RainDance|[upkeep]\n|upkeep\n|c|\u2606Neutralist|Go figure why lmao\n|\n|t:|1622786704\n|switch|p1a: Pidgeot|Pidgeot, M|100\/100\n|turn|8\n|\n|t:|1622786711\n|switch|p2a: Zapdos|Zapdos|100\/100 slp\n|detailschange|p1a: Pidgeot|Pidgeot-Mega, M\n|-mega|p1a: Pidgeot|Pidgeot|Pidgeotite\n|move|p1a: Pidgeot|Hurricane|p2a: Zapdos\n|-resisted|p2a: Zapdos\n|-damage|p2a: Zapdos|67\/100 slp\n|\n|-weather|RainDance|[upkeep]\n|upkeep\n|turn|9\n|\n|t:|1622786724\n|switch|p1a: Urshifu|Urshifu-Rapid-Strike, M|100\/100\n|cant|p2a: Zapdos|slp\n|\n|-weather|RainDance|[upkeep]\n|upkeep\n|turn|10\n|\n|t:|1622786734\n|cant|p2a: Zapdos|slp\n|move|p1a: Urshifu|Surging Strikes|p2a: Zapdos\n|-crit|p2a: Zapdos\n|-damage|p2a: Zapdos|11\/100 slp\n|-crit|p2a: Zapdos\n|-damage|p2a: Zapdos|0 fnt\n|faint|p2a: Zapdos\n|-hitcount|p2: Zapdos|2\n|\n|-weather|RainDance|[upkeep]\n|upkeep\n|\n|t:|1622786738\n|switch|p2a: Kyurem|Kyurem|36\/100\n|-ability|p2a: Kyurem|Pressure\n|turn|11\n|\n|t:|1622786751\n|switch|p1a: Slowking|Slowking-Galar, F|100\/100\n|move|p2a: Kyurem|Freeze-Dry|p1a: Slowking\n|-damage|p1a: Slowking|85\/100\n|\n|-weather|RainDance|[upkeep]\n|upkeep\n|turn|12\n|\n|t:|1622786760\n|switch|p2a: Scizor|Scizor-Mega, F|100\/100\n|move|p1a: Slowking|Sludge Bomb|p2a: Scizor\n|-immune|p2a: Scizor\n|\n|-weather|none\n|upkeep\n|turn|13\n|\n|t:|1622786769\n|switch|p2a: Pelipper|Pelipper, M|100\/100\n|-weather|RainDance|[from] ability: Drizzle|[of] p2a: Pelipper\n|switch|p1a: Pidgeot|Pidgeot-Mega, M|100\/100\n|\n|-weather|RainDance|[upkeep]\n|upkeep\n|turn|14\n|\n|t:|1622786779\n|move|p1a: Pidgeot|Hurricane|p2a: Pelipper\n|-damage|p2a: Pelipper|17\/100\n|move|p2a: Pelipper|U-turn|p1a: Pidgeot\n|-resisted|p1a: Pidgeot\n|-damage|p1a: Pidgeot|95\/100\n|\n|t:|1622786785\n|switch|p2a: Kyurem|Kyurem|36\/100|[from]move: U-turn\n|-ability|p2a: Kyurem|Pressure\n|\n|-weather|RainDance|[upkeep]\n|upkeep\n|turn|15\n|\n|t:|1622786796\n|move|p2a: Kyurem|Ice Beam|p1a: Pidgeot\n|-supereffective|p1a: Pidgeot\n|-damage|p1a: Pidgeot|0 fnt\n|faint|p1a: Pidgeot\n|\n|-weather|RainDance|[upkeep]\n|upkeep\n|\n|t:|1622786805\n|switch|p1a: Urshifu|Urshifu-Rapid-Strike, M|100\/100\n|turn|16\n|\n|t:|1622786820\n|move|p2a: Kyurem|Ice Beam|p1a: Urshifu\n|-resisted|p1a: Urshifu\n|-damage|p1a: Urshifu|65\/100\n|move|p1a: Urshifu|Surging Strikes|p2a: Kyurem\n|-resisted|p2a: Kyurem\n|-crit|p2a: Kyurem\n|-damage|p2a: Kyurem|12\/100\n|-resisted|p2a: Kyurem\n|-crit|p2a: Kyurem\n|-damage|p2a: Kyurem|0 fnt\n|faint|p2a: Kyurem\n|-hitcount|p2: Kyurem|2\n|\n|-weather|RainDance|[upkeep]\n|upkeep\n|\n|t:|1622786824\n|switch|p2a: Urshifu|Urshifu-Rapid-Strike, M|100\/100\n|turn|17\n|\n|t:|1622786839\n|move|p2a: Urshifu|Bulk Up|p2a: Urshifu\n|-boost|p2a: Urshifu|atk|1\n|-boost|p2a: Urshifu|def|1\n|move|p1a: Urshifu|Surging Strikes|p2a: Urshifu\n|-resisted|p2a: Urshifu\n|-crit|p2a: Urshifu\n|-damage|p2a: Urshifu|77\/100\n|-resisted|p2a: Urshifu\n|-crit|p2a: Urshifu\n|-damage|p2a: Urshifu|54\/100\n|-resisted|p2a: Urshifu\n|-crit|p2a: Urshifu\n|-damage|p2a: Urshifu|30\/100\n|-hitcount|p2a: Urshifu|3\n|\n|-weather|RainDance|[upkeep]\n|upkeep\n|turn|18\n|\n|t:|1622786853\n|switch|p1a: Slowking|Slowking-Galar, F|100\/100\n|move|p2a: Urshifu|Surging Strikes|p1a: Slowking\n|-crit|p1a: Slowking\n|-damage|p1a: Slowking|54\/100\n|-crit|p1a: Slowking\n|-damage|p1a: Slowking|7\/100\n|-crit|p1a: Slowking\n|-damage|p1a: Slowking|0 fnt\n|faint|p1a: Slowking\n|-hitcount|p1: Slowking|3\n|\n|-weather|RainDance|[upkeep]\n|upkeep\n|\n|t:|1622786867\n|switch|p1a: Breloom|Breloom, M|1\/100\n|turn|19\n|\n|t:|1622786870\n|move|p2a: Urshifu|Aqua Jet|p1a: Breloom\n|-resisted|p1a: Breloom\n|-crit|p1a: Breloom\n|-damage|p1a: Breloom|0 fnt\n|faint|p1a: Breloom\n|\n|-weather|RainDance|[upkeep]\n|upkeep\n|\n|t:|1622786877\n|switch|p1a: Urshifu|Urshifu-Rapid-Strike, M|65\/100\n|turn|20\n|\n|t:|1622786881\n|move|p2a: Urshifu|Surging Strikes|p1a: Urshifu\n|-resisted|p1a: Urshifu\n|-crit|p1a: Urshifu\n|-damage|p1a: Urshifu|42\/100\n|-resisted|p1a: Urshifu\n|-crit|p1a: Urshifu\n|-damage|p1a: Urshifu|21\/100\n|-resisted|p1a: Urshifu\n|-crit|p1a: Urshifu\n|-damage|p1a: Urshifu|0 fnt\n|faint|p1a: Urshifu\n|-hitcount|p1: Urshifu|3\n|\n|-weather|none\n|upkeep\n|\n|t:|1622786892\n|switch|p1a: Weavile|Weavile, M|100\/100\n|-ability|p1a: Weavile|Pressure\n|turn|21\n|\n|t:|1622786898\n|move|p2a: Urshifu|Aqua Jet|p1a: Weavile\n|-damage|p1a: Weavile|49\/100\n|move|p1a: Weavile|Brick Break|p2a: Urshifu\n|-damage|p2a: Urshifu|14\/100\n|\n|upkeep\n|turn|22\n|c|\u2606Neutralist|Clap\n|-message|Alu9204 forfeited.\n|\n|win|Neutralist\n|raw|Alu9204's rating: 1414 &rarr; <strong>1395<\/strong><br \/>(-19 for losing)\n|raw|Neutralist's rating: 1430 &rarr; <strong>1449<\/strong><br \/>(+19 for winning)\n|l|\u2606Alu9204\n","uploadtime":1622786912,"views":10,"p1id":"alu9204","p2id":"neutralist","formatid":"gen8nationaldex","rating":1395,"private":0,"password":null}