{"id":"gen8monotype-1411502649","p1":"Soma","p2":"Arcangel666","format":"gen8monotype","log":"|j|\u2606Soma\n|j|\u2606Arcangel666\n|t:|1630958594\n|gametype|singles\n|player|p1|Soma|lance-gen1|1583\n|player|p2|Arcangel666|grimsley|1474\n|teamsize|p1|6\n|teamsize|p2|6\n|gen|8\n|tier|[Gen 8] Monotype\n|rated|\n|rule|Same Type Clause: Pok\u00e9mon in a team must share a type\n|rule|Sleep Clause Mod: Limit one foe put to sleep\n|rule|Species Clause: Limit one of each Pok\u00e9mon\n|rule|OHKO Clause: OHKO moves are banned\n|rule|Evasion Moves Clause: Evasion moves are banned\n|rule|Endless Battle Clause: Forcing endless battles is banned\n|rule|HP Percentage Mod: HP is shown in percentages\n|rule|Dynamax Clause: You cannot dynamax\n|clearpoke\n|poke|p1|Moltres-Galar|\n|poke|p1|Tyranitar, M|\n|poke|p1|Mandibuzz, F|\n|poke|p1|Bisharp, F|\n|poke|p1|Weavile, F|\n|poke|p1|Zarude|\n|poke|p2|Tapu Koko|\n|poke|p2|Zapdos|\n|poke|p2|Rotom-Mow|\n|poke|p2|Regieleki|\n|poke|p2|Zeraora|\n|poke|p2|Arctozolt|\n|teampreview\n|\n|t:|1630958606\n|start\n|switch|p1a: Tyranitar|Tyranitar, M|100\/100\n|switch|p2a: Tapu Koko|Tapu Koko, shiny|100\/100\n|-fieldstart|move: Electric Terrain|[from] ability: Electric Surge|[of] p2a: Tapu Koko\n|-weather|Sandstorm|[from] ability: Sand Stream|[of] p1a: Tyranitar\n|turn|1\n|\n|t:|1630958614\n|move|p2a: Tapu Koko|Reflect|p2a: Tapu Koko\n|-sidestart|p2: Arcangel666|Reflect\n|move|p1a: Tyranitar|Toxic|p2a: Tapu Koko\n|-status|p2a: Tapu Koko|tox\n|\n|-weather|Sandstorm|[upkeep]\n|-damage|p2a: Tapu Koko|94\/100 tox|[from] Sandstorm\n|-damage|p2a: Tapu Koko|88\/100 tox|[from] psn\n|upkeep\n|turn|2\n|\n|t:|1630958617\n|move|p2a: Tapu Koko|Taunt|p1a: Tyranitar\n|-start|p1a: Tyranitar|move: Taunt\n|cant|p1a: Tyranitar|move: Taunt|Stealth Rock\n|\n|-weather|Sandstorm|[upkeep]\n|-damage|p2a: Tapu Koko|82\/100 tox|[from] Sandstorm\n|-damage|p2a: Tapu Koko|70\/100 tox|[from] psn\n|upkeep\n|turn|3\n|\n|t:|1630958621\n|move|p2a: Tapu Koko|U-turn|p1a: Tyranitar\n|-supereffective|p1a: Tyranitar\n|-damage|p1a: Tyranitar|74\/100\n|\n|t:|1630958624\n|switch|p2a: Rotom|Rotom-Mow, shiny|100\/100|[from]move: U-turn\n|move|p1a: Tyranitar|Rock Blast|p2a: Rotom\n|-damage|p2a: Rotom|93\/100\n|-damage|p2a: Rotom|86\/100\n|-damage|p2a: Rotom|79\/100\n|-hitcount|p2a: Rotom|3\n|\n|-weather|Sandstorm|[upkeep]\n|-damage|p2a: Rotom|72\/100|[from] Sandstorm\n|-heal|p1a: Tyranitar|80\/100|[from] item: Leftovers\n|upkeep\n|turn|4\n|\n|t:|1630958631\n|switch|p1a: Mandibuzz|Mandibuzz, F|100\/100\n|move|p2a: Rotom|Will-O-Wisp|p1a: Mandibuzz|[miss]\n|-miss|p2a: Rotom|p1a: Mandibuzz\n|\n|-weather|Sandstorm|[upkeep]\n|-damage|p2a: Rotom|66\/100|[from] Sandstorm\n|upkeep\n|turn|5\n|\n|t:|1630958635\n|switch|p2a: Zapdos|Zapdos, shiny|100\/100\n|move|p1a: Mandibuzz|Defog|p2a: Zapdos\n|-unboost|p2a: Zapdos|evasion|1\n|-sideend|p2: Arcangel666|Reflect\n|-fieldend|move: Electric Terrain\n|\n|-weather|none\n|upkeep\n|turn|6\n|\n|t:|1630958642\n|switch|p2a: Zeraora|Zeraora, shiny|100\/100\n|switch|p1a: Tyranitar|Tyranitar, M|80\/100\n|-weather|Sandstorm|[from] ability: Sand Stream|[of] p1a: Tyranitar\n|\n|-weather|Sandstorm|[upkeep]\n|-damage|p2a: Zeraora|95\/100|[from] Sandstorm\n|-heal|p1a: Tyranitar|86\/100|[from] item: Leftovers\n|upkeep\n|turn|7\n|\n|t:|1630958646\n|switch|p1a: Mandibuzz|Mandibuzz, F|100\/100\n|move|p2a: Zeraora|Knock Off|p1a: Mandibuzz\n|-resisted|p1a: Mandibuzz\n|-damage|p1a: Mandibuzz|89\/100\n|-enditem|p1a: Mandibuzz|Heavy-Duty Boots|[from] move: Knock Off|[of] p2a: Zeraora\n|-damage|p2a: Zeraora|85\/100|[from] item: Life Orb\n|\n|-weather|Sandstorm|[upkeep]\n|-damage|p2a: Zeraora|79\/100|[from] Sandstorm\n|upkeep\n|turn|8\n|\n|t:|1630958655\n|move|p2a: Zeraora|Plasma Fists|p1a: Mandibuzz\n|-supereffective|p1a: Mandibuzz\n|-damage|p1a: Mandibuzz|23\/100\n|-damage|p2a: Zeraora|69\/100|[from] item: Life Orb\n|move|p1a: Mandibuzz|Foul Play|p2a: Zeraora\n|-damage|p2a: Zeraora|12\/100\n|\n|-weather|Sandstorm|[upkeep]\n|-damage|p2a: Zeraora|6\/100|[from] Sandstorm\n|upkeep\n|turn|9\n|\n|t:|1630958663\n|move|p2a: Zeraora|Close Combat|p1a: Mandibuzz\n|-damage|p1a: Mandibuzz|0 fnt\n|-unboost|p2a: Zeraora|def|1\n|-unboost|p2a: Zeraora|spd|1\n|faint|p1a: Mandibuzz\n|-damage|p2a: Zeraora|0 fnt|[from] item: Life Orb\n|faint|p2a: Zeraora\n|\n|-weather|Sandstorm|[upkeep]\n|upkeep\n|\n|t:|1630958678\n|switch|p2a: Regieleki|Regieleki, shiny|100\/100\n|switch|p1a: Weavile|Weavile, F|100\/100\n|-ability|p1a: Weavile|Pressure\n|turn|10\n|\n|t:|1630958682\n|move|p1a: Weavile|Icicle Crash|p2a: Regieleki\n|-damage|p2a: Regieleki|23\/100\n|move|p2a: Regieleki|Volt Switch|p1a: Weavile\n|-damage|p1a: Weavile|31\/100\n|\n|t:|1630958687\n|switch|p2a: Arctozolt|Arctozolt, shiny|100\/100|[from]move: Volt Switch\n|\n|-weather|none\n|upkeep\n|turn|11\n|\n|t:|1630958709\n|move|p1a: Weavile|Icicle Crash|p2a: Arctozolt\n|-resisted|p2a: Arctozolt\n|-damage|p2a: Arctozolt|81\/100\n|move|p2a: Arctozolt|Bolt Beak|p1a: Weavile\n|-damage|p1a: Weavile|0 fnt\n|faint|p1a: Weavile\n|\n|upkeep\n|\n|t:|1630958715\n|switch|p1a: Zarude|Zarude|100\/100\n|turn|12\n|\n|t:|1630958719\n|move|p1a: Zarude|Power Whip|p2a: Arctozolt\n|-damage|p2a: Arctozolt|0 fnt\n|-status|p1a: Zarude|par|[from] ability: Static|[of] p2a: Arctozolt\n|faint|p2a: Arctozolt\n|\n|upkeep\n|\n|t:|1630958724\n|switch|p2a: Tapu Koko|Tapu Koko, shiny|70\/100 tox\n|-fieldstart|move: Electric Terrain|[from] ability: Electric Surge|[of] p2a: Tapu Koko\n|turn|13\n|\n|t:|1630958729\n|move|p2a: Tapu Koko|Reflect|p2a: Tapu Koko\n|-sidestart|p2: Arcangel666|Reflect\n|move|p1a: Zarude|Power Whip|p2a: Tapu Koko\n|-damage|p2a: Tapu Koko|19\/100 tox\n|\n|-damage|p2a: Tapu Koko|13\/100 tox|[from] psn\n|upkeep\n|turn|14\n|\n|t:|1630958733\n|switch|p1a: Tyranitar|Tyranitar, M|86\/100\n|-weather|Sandstorm|[from] ability: Sand Stream|[of] p1a: Tyranitar\n|move|p2a: Tapu Koko|U-turn|p1a: Tyranitar\n|-supereffective|p1a: Tyranitar\n|-damage|p1a: Tyranitar|63\/100\n|\n|t:|1630958736\n|switch|p2a: Regieleki|Regieleki, shiny|23\/100|[from]move: U-turn\n|\n|-weather|Sandstorm|[upkeep]\n|-damage|p2a: Regieleki|17\/100|[from] Sandstorm\n|-heal|p1a: Tyranitar|69\/100|[from] item: Leftovers\n|upkeep\n|turn|15\n|\n|t:|1630958747\n|move|p2a: Regieleki|Rising Voltage|p1a: Tyranitar\n|-damage|p1a: Tyranitar|15\/100\n|move|p1a: Tyranitar|Stealth Rock|p2a: Regieleki\n|-sidestart|p2: Arcangel666|move: Stealth Rock\n|\n|-weather|Sandstorm|[upkeep]\n|-damage|p2a: Regieleki|11\/100|[from] Sandstorm\n|-heal|p1a: Tyranitar|22\/100|[from] item: Leftovers\n|upkeep\n|turn|16\n|\n|t:|1630958753\n|move|p2a: Regieleki|Rising Voltage|p1a: Tyranitar\n|-damage|p1a: Tyranitar|0 fnt\n|faint|p1a: Tyranitar\n|\n|-weather|Sandstorm|[upkeep]\n|-damage|p2a: Regieleki|5\/100|[from] Sandstorm\n|upkeep\n|\n|t:|1630958757\n|switch|p1a: Bisharp|Bisharp, F|100\/100\n|turn|17\n|\n|t:|1630958763\n|switch|p2a: Zapdos|Zapdos, shiny|100\/100\n|move|p1a: Bisharp|Sucker Punch||[still]\n|-fail|p1a: Bisharp\n|\n|-weather|Sandstorm|[upkeep]\n|-damage|p2a: Zapdos|94\/100|[from] Sandstorm\n|-fieldend|move: Electric Terrain\n|upkeep\n|turn|18\n|\n|t:|1630958768\n|move|p2a: Zapdos|Defog|p1a: Bisharp\n|-unboost|p1a: Bisharp|evasion|1\n|-ability|p1a: Bisharp|Defiant\n|-boost|p1a: Bisharp|atk|2\n|-sideend|p2: Arcangel666|Stealth Rock|[from] move: Defog|[of] p2a: Zapdos\n|move|p1a: Bisharp|Swords Dance|p1a: Bisharp\n|-boost|p1a: Bisharp|atk|2\n|\n|-weather|none\n|upkeep\n|turn|19\n|\n|t:|1630958774\n|move|p1a: Bisharp|Sucker Punch|p2a: Zapdos\n|-damage|p2a: Zapdos|15\/100\n|move|p2a: Zapdos|Heat Wave|p1a: Bisharp\n|-supereffective|p1a: Bisharp\n|-damage|p1a: Bisharp|0 fnt\n|faint|p1a: Bisharp\n|\n|upkeep\n|\n|t:|1630958779\n|switch|p1a: Moltres|Moltres-Galar|100\/100\n|turn|20\n|\n|t:|1630958782\n|move|p2a: Zapdos|Discharge|p1a: Moltres\n|-supereffective|p1a: Moltres\n|-damage|p1a: Moltres|26\/100\n|-ability|p1a: Moltres|Berserk|boost\n|-boost|p1a: Moltres|spa|1\n|move|p1a: Moltres|Agility|p1a: Moltres\n|-boost|p1a: Moltres|spe|2\n|\n|-sideend|p2: Arcangel666|Reflect\n|upkeep\n|turn|21\n|\n|t:|1630958788\n|move|p1a: Moltres|Fiery Wrath|p2a: Zapdos\n|-damage|p2a: Zapdos|0 fnt\n|faint|p2a: Zapdos\n|\n|upkeep\n|\n|t:|1630958790\n|switch|p2a: Regieleki|Regieleki, shiny|5\/100\n|turn|22\n|\n|t:|1630958798\n|move|p1a: Moltres|Fiery Wrath|p2a: Regieleki\n|-damage|p2a: Regieleki|0 fnt\n|faint|p2a: Regieleki\n|\n|upkeep\n|\n|t:|1630958800\n|switch|p2a: Tapu Koko|Tapu Koko, shiny|13\/100 tox\n|-fieldstart|move: Electric Terrain|[from] ability: Electric Surge|[of] p2a: Tapu Koko\n|turn|23\n|\n|t:|1630958805\n|move|p1a: Moltres|Fiery Wrath|p2a: Tapu Koko\n|-resisted|p2a: Tapu Koko\n|-damage|p2a: Tapu Koko|0 fnt\n|faint|p2a: Tapu Koko\n|\n|upkeep\n|\n|t:|1630958807\n|switch|p2a: Rotom|Rotom-Mow, shiny|66\/100\n|turn|24\n|\n|t:|1630958811\n|move|p1a: Moltres|Fiery Wrath|p2a: Rotom\n|-damage|p2a: Rotom|0 fnt\n|faint|p2a: Rotom\n|\n|win|Soma\n|raw|Soma's rating: 1583 &rarr; <strong>1597<\/strong><br \/>(+14 for winning)\n|raw|Arcangel666's rating: 1474 &rarr; <strong>1460<\/strong><br \/>(-14 for losing)\n|l|\u2606Arcangel666\n","uploadtime":1630958820,"views":40,"p1id":"soma","p2id":"arcangel666","formatid":"gen8monotype","rating":1460,"private":0,"password":null}