{"id":"gen8randombattle-1673641922","p1":"Aer0nis","p2":"MurderousMantyke","format":"gen8randombattle","log":"|j|\u2606Aer0nis\n|j|\u2606MurderousMantyke\n|t:|1664483572\n|gametype|singles\n|player|p1|Aer0nis|valerie|1841\n|player|p2|MurderousMantyke|#helpstaffxmas|1891\n|teamsize|p1|6\n|teamsize|p2|6\n|gen|8\n|tier|[Gen 8] Random Battle\n|rated|\n|rule|Species Clause: Limit one of each Pok\u00e9mon\n|rule|HP Percentage Mod: HP is shown in percentages\n|rule|Sleep Clause Mod: Limit one foe put to sleep\n|\n|t:|1664483572\n|start\n|switch|p1a: Maractus|Maractus, L94, M|293\/293\n|switch|p2a: Regice|Regice, L84|271\/271\n|turn|1\n|inactive|Battle timer is ON: inactive players will automatically lose when time's up. (requested by MurderousMantyke)\n|inactive|MurderousMantyke has 120 seconds left.\n|c|\u2606MurderousMantyke|hf\n|\n|t:|1664483625\n|move|p1a: Maractus|Knock Off|p2a: Regice\n|-damage|p2a: Regice|194\/271\n|-enditem|p2a: Regice|Leftovers|[from] move: Knock Off|[of] p1a: Maractus\n|move|p2a: Regice|Ice Beam|p1a: Maractus\n|-supereffective|p1a: Maractus\n|-damage|p1a: Maractus|71\/293\n|\n|upkeep\n|turn|2\n|\n|t:|1664483644\n|switch|p1a: Hitmonlee|Hitmonlee, L84, M|221\/221\n|move|p2a: Regice|Ice Beam|p1a: Hitmonlee\n|-damage|p1a: Hitmonlee|137\/221\n|\n|upkeep\n|turn|3\n|\n|t:|1664483651\n|move|p1a: Hitmonlee|Curse|p1a: Hitmonlee\n|-unboost|p1a: Hitmonlee|spe|1\n|-boost|p1a: Hitmonlee|atk|1\n|-boost|p1a: Hitmonlee|def|1\n|-enditem|p1a: Hitmonlee|White Herb\n|-clearnegativeboost|p1a: Hitmonlee|[silent]\n|move|p2a: Regice|Ice Beam|p1a: Hitmonlee\n|-damage|p1a: Hitmonlee|49\/221\n|\n|upkeep\n|turn|4\n|\n|t:|1664483657\n|move|p1a: Hitmonlee|Close Combat|p2a: Regice\n|-supereffective|p2a: Regice\n|-damage|p2a: Regice|0 fnt\n|-unboost|p1a: Hitmonlee|def|1\n|-unboost|p1a: Hitmonlee|spd|1\n|faint|p2a: Regice\n|\n|upkeep\n|\n|t:|1664483667\n|switch|p2a: Bronzong|Bronzong, L82|244\/244\n|turn|5\n|c|\u2606Aer0nis|I like the avatar\n|\n|t:|1664483680\n|move|p1a: Hitmonlee|Knock Off|p2a: Bronzong\n|-supereffective|p2a: Bronzong\n|-damage|p2a: Bronzong|36\/244\n|-enditem|p2a: Bronzong|Leftovers|[from] move: Knock Off|[of] p1a: Hitmonlee\n|move|p2a: Bronzong|Iron Head|p1a: Hitmonlee\n|-damage|p1a: Hitmonlee|0 fnt\n|faint|p1a: Hitmonlee\n|\n|upkeep\n|c|\u2606MurderousMantyke|thx!\n|\n|t:|1664483689\n|switch|p1a: Maractus|Maractus, L94, M|71\/293\n|turn|6\n|\n|t:|1664483694\n|move|p1a: Maractus|Knock Off|p2a: Bronzong\n|-supereffective|p2a: Bronzong\n|-damage|p2a: Bronzong|0 fnt\n|faint|p2a: Bronzong\n|\n|upkeep\n|\n|t:|1664483701\n|switch|p2a: Togedemaru|Togedemaru, L86, F|252\/252\n|turn|7\n|\n|t:|1664483705\n|move|p2a: Togedemaru|Iron Head|p1a: Maractus\n|-damage|p1a: Maractus|0 fnt\n|faint|p1a: Maractus\n|\n|upkeep\n|\n|t:|1664483724\n|switch|p1a: Turtonator|Turtonator, L84, F|238\/238\n|turn|8\n|\n|t:|1664483739\n|switch|p2a: Urshifu|Urshifu-Rapid-Strike, L78, F|284\/284\n|move|p1a: Turtonator|Rapid Spin|p2a: Urshifu\n|-damage|p2a: Urshifu|253\/284\n|-boost|p1a: Turtonator|spe|1\n|\n|upkeep\n|turn|9\n|\n|t:|1664483765\n|move|p2a: Urshifu|Bulk Up|p2a: Urshifu\n|-boost|p2a: Urshifu|atk|1\n|-boost|p2a: Urshifu|def|1\n|move|p1a: Turtonator|Rapid Spin|p2a: Urshifu\n|-damage|p2a: Urshifu|232\/284\n|-boost|p1a: Turtonator|spe|1\n|\n|upkeep\n|turn|10\n|j| I use dragontype\n|\n|t:|1664483773\n|-start|p1a: Turtonator|Dynamax|\n|-heal|p1a: Turtonator|476\/476|[silent]\n|move|p1a: Turtonator|Max Wyrmwind|p2a: Urshifu\n|-damage|p2a: Urshifu|37\/284\n|-unboost|p2a: Urshifu|atk|1\n|move|p2a: Urshifu|Close Combat|p1a: Turtonator\n|-damage|p1a: Turtonator|346\/476\n|-unboost|p2a: Urshifu|def|1\n|-unboost|p2a: Urshifu|spd|1\n|-damage|p2a: Urshifu|9\/284|[from] item: Life Orb\n|\n|upkeep\n|turn|11\n|l| I use dragontype\n|\n|t:|1664483783\n|move|p1a: Turtonator|Max Quake|p2a: Urshifu\n|-damage|p2a: Urshifu|0 fnt\n|-boost|p1a: Turtonator|spd|1\n|faint|p2a: Urshifu\n|\n|upkeep\n|\n|t:|1664483795\n|switch|p2a: Regieleki|Regieleki, L78|253\/253\n|turn|12\n|\n|t:|1664483801\n|move|p2a: Regieleki|Substitute|p2a: Regieleki\n|-start|p2a: Regieleki|Substitute\n|-damage|p2a: Regieleki|190\/253\n|move|p1a: Turtonator|Max Quake|p2a: Regieleki\n|-supereffective|p2a: Regieleki\n|-end|p2a: Regieleki|Substitute\n|-boost|p1a: Turtonator|spd|1\n|\n|upkeep\n|-end|p1a: Turtonator|Dynamax\n|-heal|p1a: Turtonator|173\/238|[silent]\n|turn|13\n|\n|t:|1664483812\n|move|p2a: Regieleki|Substitute|p2a: Regieleki\n|-start|p2a: Regieleki|Substitute\n|-damage|p2a: Regieleki|127\/253\n|move|p1a: Turtonator|Earthquake|p2a: Regieleki\n|-supereffective|p2a: Regieleki\n|-end|p2a: Regieleki|Substitute\n|\n|upkeep\n|turn|14\n|\n|t:|1664483824\n|move|p2a: Regieleki|Volt Switch|p1a: Turtonator\n|-resisted|p1a: Turtonator\n|-damage|p1a: Turtonator|143\/238\n|\n|t:|1664483827\n|switch|p2a: Regidrago|Regidrago, L78|440\/440\n|move|p1a: Turtonator|Earthquake|p2a: Regidrago\n|-damage|p2a: Regidrago|350\/440\n|\n|upkeep\n|turn|15\n|\n|t:|1664483833\n|switch|p2a: Togedemaru|Togedemaru, L86, F|252\/252\n|move|p1a: Turtonator|Draco Meteor|p2a: Togedemaru\n|-resisted|p2a: Togedemaru\n|-damage|p2a: Togedemaru|181\/252\n|-unboost|p1a: Turtonator|spa|2\n|\n|-heal|p2a: Togedemaru|196\/252|[from] item: Leftovers\n|upkeep\n|turn|16\n|\n|t:|1664483849\n|move|p1a: Turtonator|Earthquake|p2a: Togedemaru\n|-supereffective|p2a: Togedemaru\n|-damage|p2a: Togedemaru|0 fnt\n|faint|p2a: Togedemaru\n|\n|upkeep\n|\n|t:|1664483853\n|switch|p2a: Regidrago|Regidrago, L78|350\/440\n|turn|17\n|inactive|Aer0nis has 120 seconds left.\n|\n|t:|1664483900\n|switch|p1a: Gardevoir|Gardevoir, L82, M|246\/246\n|-ability|p1a: Gardevoir|Dragon's Maw|[from] ability: Trace|[of] p2a: Regidrago\n|move|p2a: Regidrago|Dragon Dance|p2a: Regidrago\n|-boost|p2a: Regidrago|atk|1\n|-boost|p2a: Regidrago|spe|1\n|\n|upkeep\n|turn|18\n|\n|t:|1664483925\n|move|p2a: Regidrago|Fire Fang|p1a: Gardevoir\n|-damage|p1a: Gardevoir|161\/246\n|cant|p1a: Gardevoir|flinch\n|\n|-heal|p1a: Gardevoir|176\/246|[from] item: Leftovers\n|upkeep\n|turn|19\n|inactive|Aer0nis has 120 seconds left.\n|\n|t:|1664483933\n|move|p2a: Regidrago|Fire Fang|p1a: Gardevoir\n|-damage|p1a: Gardevoir|97\/246\n|move|p1a: Gardevoir|Moonblast|p2a: Regidrago\n|-supereffective|p2a: Regidrago\n|-damage|p2a: Regidrago|0 fnt\n|faint|p2a: Regidrago\n|\n|-heal|p1a: Gardevoir|112\/246|[from] item: Leftovers\n|upkeep\n|inactive|MurderousMantyke has 120 seconds left.\n|\n|t:|1664483964\n|switch|p2a: Regieleki|Regieleki, L78|127\/253\n|turn|20\n|\n|t:|1664483973\n|-start|p2a: Regieleki|Dynamax|\n|-heal|p2a: Regieleki|254\/506|[silent]\n|move|p2a: Regieleki|Max Lightning|p1a: Gardevoir\n|-damage|p1a: Gardevoir|0 fnt\n|-fieldstart|move: Electric Terrain\n|faint|p1a: Gardevoir\n|\n|upkeep\n|\n|t:|1664483974\n|switch|p1a: Turtonator|Turtonator, L84, F|143\/238\n|turn|21\n|inactive|MurderousMantyke has 120 seconds left.\n|l|\u2606Aer0nis\n|inactive|Aer0nis disconnected and has a minute to reconnect!\n|player|p1|\n|inactive|MurderousMantyke has 90 seconds left.\n|j|\u2606Aer0nis\n|inactive|Aer0nis reconnected.\n|player|p1|Aer0nis|valerie\n|\n|t:|1664484036\n|move|p2a: Regieleki|Max Lightning|p1a: Turtonator\n|-resisted|p1a: Turtonator\n|-damage|p1a: Turtonator|0 fnt\n|faint|p1a: Turtonator\n|\n|upkeep\n|\n|t:|1664484040\n|switch|p1a: Omastar|Omastar, L82, M|249\/249\n|turn|22\n|\n|t:|1664484042\n|move|p2a: Regieleki|Max Lightning|p1a: Omastar\n|-supereffective|p1a: Omastar\n|-damage|p1a: Omastar|0 fnt\n|faint|p1a: Omastar\n|\n|upkeep\n|\n|t:|1664484043\n|switch|p1a: Hydreigon|Hydreigon, L80, F|278\/278\n|-end|p2a: Regieleki|Dynamax\n|-heal|p2a: Regieleki|127\/253|[silent]\n|turn|23\n|\n|t:|1664484048\n|move|p2a: Regieleki|Thunderbolt|p1a: Hydreigon\n|-resisted|p1a: Hydreigon\n|-damage|p1a: Hydreigon|167\/278\n|move|p1a: Hydreigon|Draco Meteor|p2a: Regieleki\n|-damage|p2a: Regieleki|0 fnt\n|-unboost|p1a: Hydreigon|spa|2\n|faint|p2a: Regieleki\n|-damage|p1a: Hydreigon|140\/278|[from] item: Life Orb\n|\n|win|Aer0nis\n|raw|Aer0nis's rating: 1841 &rarr; <strong>1864<\/strong><br \/>(+23 for winning)\n|raw|MurderousMantyke's rating: 1891 &rarr; <strong>1868<\/strong><br \/>(-23 for losing)\n|c|\u2606MurderousMantyke|gg\n|c|\u2606Aer0nis|Ggwp\n|l|\u2606Aer0nis\n|l|\u2606MurderousMantyke\n||Ladder isn't responding, score probably updated but might not have (Request timeout).\n|j|\u2606Aer0nis\n|player|p1|Aer0nis|valerie\n","inputlog":">version 806e56ea67f2f748d4b403b3f5b33d56e25d3f7a\n>start {\"formatid\":\"gen8randombattle\",\"seed\":[23640,23957,60720,39561],\"rated\":\"Rated battle\"}\n>player p1 {\"name\":\"Aer0nis\",\"avatar\":\"valerie\",\"rating\":1841,\"seed\":[36339,50682,26692,14613]}\n>player p2 {\"name\":\"MurderousMantyke\",\"avatar\":\"#helpstaffxmas\",\"rating\":1891,\"seed\":[64526,61680,12026,28275]}\n>chat \u2606MurderousMantyke|hf\n>p1 move knockoff\n>p2 move icebeam\n>p1 switch 3\n>p2 move icebeam\n>p1 move curse\n>p2 move icebeam\n>p1 move closecombat\n>p2 move icebeam\n>p2 switch 2\n>chat \u2606Aer0nis|I like the avatar\n>p1 move knockoff\n>p2 move ironhead\n>chat \u2606MurderousMantyke|thx!\n>p1 switch 3\n>p1 move knockoff\n>p2 move ironhead\n>p2 switch 3\n>p1 move knockoff\n>p2 move ironhead\n>p1 switch 5\n>p1 move rapidspin\n>p2 switch 4\n>p1 move rapidspin\n>p2 move bulkup\n>p1 move dracometeor dynamax\n>p2 move closecombat\n>p1 move earthquake dynamax\n>p2 move closecombat\n>p2 switch 6\n>p1 move earthquake dynamax\n>p2 move substitute\n>p1 move earthquake\n>p2 move substitute\n>p1 move earthquake\n>p2 move voltswitch\n>p2 switch 5\n>p1 move dracometeor\n>p2 switch 4\n>p1 move earthquake\n>p2 move wish\n>p2 switch 4\n>p1 switch 6\n>p2 move dragondance\n>p1 move moonblast\n>p2 move firefang\n>p1 move moonblast\n>p2 move firefang\n>p2 switch 5\n>p1 move moonblast\n>p2 move thunderbolt dynamax\n>p1 switch 6\n>p1 move earthquake\n>p2 move thunderbolt dynamax\n>p1 switch 2\n>p1 move shellsmash\n>p2 move thunderbolt dynamax\n>p1 switch 4\n>p1 move dracometeor\n>p2 move thunderbolt","uploadtime":1664484232,"views":4,"p1id":"aer0nis","p2id":"murderousmantyke","formatid":"gen8randombattle","rating":1864,"private":0,"password":null}