{"id":"gen8nationaldex-1616844911","p1":"nephsensei","p2":"FleetFoxxx","format":"gen8nationaldex","log":"|j|\u2606nephsensei\n|j|\u2606FleetFoxxx\n|t:|1657765585\n|gametype|singles\n|player|p1|nephsensei|169|\n|player|p2|FleetFoxxx|flannery|\n|teamsize|p1|6\n|teamsize|p2|6\n|gen|8\n|tier|[Gen 8] National Dex\n|rule|HP Percentage Mod: HP is shown in percentages\n|rule|Endless Battle Clause: Forcing endless battles is banned\n|rule|OHKO Clause: OHKO moves are banned\n|rule|Evasion Moves Clause: Evasion moves are banned\n|rule|Species Clause: Limit one of each Pok\u00e9mon\n|rule|Dynamax Clause: You cannot dynamax\n|rule|Sleep Clause Mod: Limit one foe put to sleep\n|clearpoke\n|poke|p1|Gourgeist-*, M|\n|poke|p1|Honchkrow, M|\n|poke|p1|Entei|\n|poke|p1|Wooper, F|\n|poke|p1|Jolteon, F|\n|poke|p1|Steelix, M|\n|poke|p2|Galvantula, M|\n|poke|p2|Banette, M|\n|poke|p2|Bisharp, M|\n|poke|p2|Runerigus, F|\n|poke|p2|Whimsicott, M|\n|poke|p2|Coalossal, M|\n|teampreview\n|j| johngalt149\n|j| yes munchlax\n|j| LoneWolf32100\n|\n|t:|1657765650\n|start\n|switch|p1a: Wooper|Wooper, F|100\/100\n|switch|p2a: Runerigus|Runerigus, F|100\/100\n|turn|1\n|j|+andrew\n|j| Frosti Plays\n|c| Frosti Plays|WOOPER!\n|j|+111ace111\n|c|\u2606nephsensei|FLEET\n|c|\u2606nephsensei|WOULD U RAELLY KILL WOOPER\n|\n|t:|1657765674\n|move|p2a: Runerigus|Stealth Rock|p1a: Wooper\n|-sidestart|p1: nephsensei|move: Stealth Rock\n|move|p1a: Wooper|Encore|p2a: Runerigus\n|-start|p2a: Runerigus|Encore\n|\n|upkeep\n|turn|2\n|c|\u2606nephsensei|LOOK AT HIM\n|j| Paghetti Mash\n|\n|t:|1657765687\n|switch|p2a: Whimsicott|Whimsicott, M|100\/100\n|move|p1a: Wooper|Toxic|p2a: Whimsicott\n|-status|p2a: Whimsicott|tox\n|\n|-damage|p2a: Whimsicott|94\/100 tox|[from] psn\n|upkeep\n|turn|3\n|j| evilhanaklaus\n|c|+andrew|WOOPA\n|c| johngalt149|bout to open a can of woop'ass\n|\n|t:|1657765717\n|switch|p1a: Gourgeist|Gourgeist-Large, M|100\/100\n|-damage|p1a: Gourgeist|88\/100|[from] Stealth Rock\n|-item|p2a: Whimsicott|Leftovers|[from] ability: Frisk|[of] p1a: Gourgeist|[identify]\n|move|p2a: Whimsicott|Moonblast|p1a: Gourgeist\n|-damage|p1a: Gourgeist|65\/100\n|-unboost|p1a: Gourgeist|spa|1\n|\n|-heal|p2a: Whimsicott|100\/100 tox|[from] item: Leftovers\n|-heal|p1a: Gourgeist|71\/100|[from] item: Leftovers\n|-damage|p2a: Whimsicott|88\/100 tox|[from] psn\n|upkeep\n|turn|4\n|j| DerpyDots\n|c|\u2606nephsensei|wtf\n|c|\u2606nephsensei|she tried to kill wooper\n|\n|t:|1657765738\n|switch|p2a: Coalossal|Coalossal, M|100\/100\n|move|p1a: Gourgeist|Poltergeist|p2a: Coalossal\n|-activate|p2a: Coalossal|move: Poltergeist|Firium Z\n|-damage|p2a: Coalossal|74\/100\n|\n|-heal|p1a: Gourgeist|77\/100|[from] item: Leftovers\n|upkeep\n|turn|5\n|c|+andrew|interesting\n|\n|t:|1657765782\n|switch|p1a: Entei|Entei|100\/100\n|-damage|p1a: Entei|76\/100|[from] Stealth Rock\n|-ability|p1a: Entei|Pressure\n|move|p2a: Coalossal|Spikes|p1a: Entei\n|-sidestart|p1: nephsensei|Spikes\n|\n|upkeep\n|turn|6\n|\n|t:|1657765796\n|switch|p2a: Runerigus|Runerigus, F|100\/100\n|move|p1a: Entei|Stomping Tantrum|p2a: Runerigus\n|-damage|p2a: Runerigus|77\/100\n|-activate|p2a: Runerigus|ability: Wandering Spirit|Pressure|Wandering Spirit|[of] p1a: Entei\n|-ability|p2a: Runerigus|Pressure\n|\n|upkeep\n|turn|7\n|l| evilhanaklaus\n|\n|t:|1657765826\n|switch|p1a: Gourgeist|Gourgeist-Large, M|77\/100\n|-damage|p1a: Gourgeist|65\/100|[from] Stealth Rock\n|-damage|p1a: Gourgeist|52\/100|[from] Spikes\n|-item|p2a: Runerigus|Lum Berry|[from] ability: Frisk|[of] p1a: Gourgeist|[identify]\n|move|p2a: Runerigus|Rock Slide|p1a: Gourgeist\n|-damage|p1a: Gourgeist|39\/100\n|\n|-heal|p1a: Gourgeist|45\/100|[from] item: Leftovers\n|upkeep\n|turn|8\n|j| Deathbypudding\n|\n|t:|1657765850\n|switch|p2a: Coalossal|Coalossal, M|74\/100\n|move|p1a: Gourgeist|Pain Split|p2a: Coalossal\n|-sethp|p2a: Coalossal|56\/100|[from] move: Pain Split|[silent]\n|-sethp|p1a: Gourgeist|67\/100|[from] move: Pain Split\n|\n|-heal|p1a: Gourgeist|73\/100|[from] item: Leftovers\n|upkeep\n|turn|9\n|\n|t:|1657765869\n|move|p1a: Gourgeist|Power Whip|p2a: Coalossal\n|-damage|p2a: Coalossal|27\/100\n|move|p2a: Coalossal|Flamethrower|p1a: Gourgeist\n|-supereffective|p1a: Gourgeist\n|-damage|p1a: Gourgeist|12\/100\n|\n|-heal|p1a: Gourgeist|18\/100|[from] item: Leftovers\n|upkeep\n|turn|10\n|c|\u2606nephsensei|i still cant believe u tried to moonblast wooper\n|c|\u2606nephsensei|its like i dont even know you\n|\n|t:|1657765923\n|move|p1a: Gourgeist|Power Whip|p2a: Coalossal|[miss]\n|-miss|p1a: Gourgeist|p2a: Coalossal\n|move|p2a: Coalossal|Flamethrower|p1a: Gourgeist\n|-supereffective|p1a: Gourgeist\n|-damage|p1a: Gourgeist|0 fnt\n|faint|p1a: Gourgeist\n|\n|upkeep\n|c|\u2606nephsensei|AAAAA\n|c| johngalt149|At least it wasnt energy ball\n|c|\u2606nephsensei|im owned im owned\n|\n|t:|1657765961\n|switch|p1a: Jolteon|Jolteon, F|100\/100\n|-damage|p1a: Jolteon|88\/100|[from] Stealth Rock\n|-damage|p1a: Jolteon|76\/100|[from] Spikes\n|turn|11\n|\n|t:|1657766001\n|move|p1a: Jolteon|Hidden Power|p2a: Coalossal\n|-supereffective|p2a: Coalossal\n|-damage|p2a: Coalossal|0 fnt\n|faint|p2a: Coalossal\n|-damage|p1a: Jolteon|66\/100|[from] item: Life Orb\n|\n|upkeep\n|j| glumpbumpin\n|l| glumpbumpin\n|j| glumpbumpin\n|\n|t:|1657766122\n|switch|p2a: Whimsicott|Whimsicott, M|88\/100 tox\n|turn|12\n|l| LoneWolf32100\n|\n|t:|1657766135\n|move|p2a: Whimsicott|Leech Seed|p1a: Jolteon\n|-start|p1a: Jolteon|move: Leech Seed\n|move|p1a: Jolteon|Volt Switch|p2a: Whimsicott\n|-resisted|p2a: Whimsicott\n|-damage|p2a: Whimsicott|60\/100 tox\n|-damage|p1a: Jolteon|56\/100|[from] item: Life Orb\n|\n|t:|1657766145\n|switch|p1a: Honchkrow|Honchkrow, M|100\/100|[from]move: Volt Switch\n|-damage|p1a: Honchkrow|76\/100|[from] Stealth Rock\n|\n|-heal|p2a: Whimsicott|66\/100 tox|[from] item: Leftovers\n|-damage|p2a: Whimsicott|60\/100 tox|[from] psn\n|upkeep\n|turn|13\n|\n|t:|1657766166\n|move|p2a: Whimsicott|Moonblast|p1a: Honchkrow\n|-supereffective|p1a: Honchkrow\n|-damage|p1a: Honchkrow|0 fnt\n|faint|p1a: Honchkrow\n|\n|-heal|p2a: Whimsicott|66\/100 tox|[from] item: Leftovers\n|-damage|p2a: Whimsicott|53\/100 tox|[from] psn\n|upkeep\n|\n|t:|1657766177\n|switch|p1a: Steelix|Steelix, M|100\/100\n|-damage|p1a: Steelix|97\/100|[from] Stealth Rock\n|-damage|p1a: Steelix|85\/100|[from] Spikes\n|turn|14\n|\n|t:|1657766201\n|detailschange|p1a: Steelix|Steelix-Mega, M\n|-mega|p1a: Steelix|Steelix|Steelixite\n|move|p2a: Whimsicott|Leech Seed|p1a: Steelix\n|-start|p1a: Steelix|move: Leech Seed\n|move|p1a: Steelix|Gyro Ball|p2a: Whimsicott\n|-supereffective|p2a: Whimsicott\n|-damage|p2a: Whimsicott|0 fnt\n|faint|p2a: Whimsicott\n|\n|upkeep\n|\n|t:|1657766216\n|switch|p2a: Runerigus|Runerigus, F|77\/100\n|turn|15\n|\n|t:|1657766230\n|move|p2a: Runerigus|Earthquake|p1a: Steelix\n|-supereffective|p1a: Steelix\n|-damage|p1a: Steelix|51\/100\n|move|p1a: Steelix|Earthquake|p2a: Runerigus\n|-damage|p2a: Runerigus|43\/100\n|\n|-damage|p1a: Steelix|39\/100|[from] Leech Seed|[of] p2a: Runerigus\n|-heal|p2a: Runerigus|57\/100|[silent]\n|upkeep\n|turn|16\n|\n|t:|1657766273\n|move|p2a: Runerigus|Rest|p2a: Runerigus\n|-status|p2a: Runerigus|slp|[from] move: Rest\n|-enditem|p2a: Runerigus|Lum Berry|[eat]\n|-curestatus|p2a: Runerigus|slp|[msg]\n|-heal|p2a: Runerigus|100\/100|[silent]\n|move|p1a: Steelix|Earthquake|p2a: Runerigus\n|-damage|p2a: Runerigus|64\/100\n|\n|-damage|p1a: Steelix|26\/100|[from] Leech Seed|[of] p2a: Runerigus\n|-heal|p2a: Runerigus|78\/100|[silent]\n|upkeep\n|turn|17\n|c|\u2606nephsensei|is that legal\n|c|\u2606nephsensei|referee\n|c| yes munchlax|yes\n|\n|t:|1657766295\n|move|p2a: Runerigus|Earthquake|p1a: Steelix\n|-supereffective|p1a: Steelix\n|-damage|p1a: Steelix|0 fnt\n|faint|p1a: Steelix\n|\n|upkeep\n|c| yes munchlax|no all\n|\n|t:|1657766310\n|switch|p1a: Jolteon|Jolteon, F|56\/100\n|-damage|p1a: Jolteon|44\/100|[from] Stealth Rock\n|-damage|p1a: Jolteon|32\/100|[from] Spikes\n|turn|18\n|l| Paghetti Mash\n|c|\u2606nephsensei|look fleet\n|c|\u2606nephsensei|im gunna need u to sack some mons\n|\n|t:|1657766371\n|switch|p2a: Banette|Banette, M|100\/100\n|-item|p1a: Jolteon|Life Orb|[from] ability: Frisk|[of] p2a: Banette|[identify]\n|move|p1a: Jolteon|Shadow Ball|p2a: Banette\n|-supereffective|p2a: Banette\n|-damage|p2a: Banette|30\/100\n|-damage|p1a: Jolteon|22\/100|[from] item: Life Orb\n|\n|upkeep\n|turn|19\n|c|\u2606nephsensei|tahnk u\n|\n|t:|1657766381\n|detailschange|p2a: Banette|Banette-Mega, M\n|-mega|p2a: Banette|Banette|Banettite\n|move|p2a: Banette|Shadow Sneak|p1a: Jolteon\n|-damage|p1a: Jolteon|0 fnt\n|faint|p1a: Jolteon\n|\n|upkeep\n|\n|t:|1657766390\n|switch|p1a: Entei|Entei|76\/100\n|-damage|p1a: Entei|51\/100|[from] Stealth Rock\n|-damage|p1a: Entei|38\/100|[from] Spikes\n|-ability|p1a: Entei|Pressure\n|turn|20\n|\n|t:|1657766408\n|move|p2a: Banette|Destiny Bond|p2a: Banette\n|-singlemove|p2a: Banette|Destiny Bond\n|move|p1a: Entei|Sacred Fire|p2a: Banette\n|-damage|p2a: Banette|0 fnt\n|faint|p2a: Banette\n|-activate|p2a: Banette|move: Destiny Bond\n|faint|p1a: Entei\n|\n|upkeep\n|c|\u2606nephsensei|uh oh\n|\n|t:|1657766416\n|switch|p1a: Wooper|Wooper, F|100\/100\n|switch|p2a: Galvantula|Galvantula, M|100\/100\n|-damage|p1a: Wooper|94\/100|[from] Stealth Rock\n|-damage|p1a: Wooper|82\/100|[from] Spikes\n|turn|21\n|c|\u2606nephsensei|YOU WOULDNT\n|c|\u2606nephsensei|KILL WOOPER\n|c|\u2606nephsensei|WOULD U\n|\n|t:|1657766429\n|move|p1a: Wooper|Protect|p1a: Wooper\n|-singleturn|p1a: Wooper|Protect\n|move|p2a: Galvantula|Energy Ball|p1a: Wooper\n|-activate|p1a: Wooper|move: Protect\n|\n|upkeep\n|turn|22\n|c|\u2606FleetFoxxx|;_;\n|c|\u2606nephsensei|WTF\n|c|\u2606nephsensei|SHES TRYING TO KILL WOOPER\n|\n|t:|1657766441\n|move|p2a: Galvantula|Energy Ball|p1a: Wooper\n|-supereffective|p1a: Wooper\n|-damage|p1a: Wooper|0 fnt\n|faint|p1a: Wooper\n|\n|win|FleetFoxxx\n|c| yes munchlax|thats so fucked up\n|c| yes munchlax|only if u brougfht deino\n|c|\u2606nephsensei|THIS IS SO FUCKED UP\n|c|\u2606FleetFoxxx|god damn it man\n|c| yes munchlax|she wouldnt kill a deino\n","uploadtime":1657766463,"views":22,"p1id":"nephsensei","p2id":"fleetfoxxx","formatid":"gen8nationaldex","rating":0,"private":0,"password":null}