{"id":"gen8ou-1504276181","p1":"Isaac Putin","p2":"kokoukohiro","format":"gen8ou","log":"|j|\u2606Isaac Putin\n|j|\u2606kokoukohiro\n|t:|1643981953\n|gametype|singles\n|player|p1|Isaac Putin|170|1504\n|player|p2|kokoukohiro|dawn|1578\n|teamsize|p1|6\n|teamsize|p2|6\n|gen|8\n|tier|[Gen 8] OU\n|rated|\n|rule|Sleep Clause Mod: Limit one foe put to sleep\n|rule|Species Clause: Limit one of each Pok\u00e9mon\n|rule|OHKO Clause: OHKO moves are banned\n|rule|Evasion Moves Clause: Evasion moves are banned\n|rule|Endless Battle Clause: Forcing endless battles is banned\n|rule|HP Percentage Mod: HP is shown in percentages\n|rule|Dynamax Clause: You cannot dynamax\n|clearpoke\n|poke|p1|Clefable, M|\n|poke|p1|Zapdos|\n|poke|p1|Excadrill, F|\n|poke|p1|Toxapex, M|\n|poke|p1|Kartana|\n|poke|p1|Dragapult, F|\n|poke|p2|Shedinja|\n|poke|p2|Jirachi|\n|poke|p2|Quagsire, F|\n|poke|p2|Blissey, F|\n|poke|p2|Toxapex, M|\n|poke|p2|Corviknight, F|\n|teampreview\n|inactive|Battle timer is ON: inactive players will automatically lose when time's up. (requested by kokoukohiro)\n|\n|t:|1643981968\n|start\n|switch|p1a: Kartana|Kartana|100\/100\n|switch|p2a: Jirachi|Jirachi|100\/100\n|turn|1\n|\n|t:|1643981970\n|switch|p2a: Corviknight|Corviknight, F|100\/100\n|-ability|p2a: Corviknight|Pressure\n|move|p1a: Kartana|Knock Off|p2a: Corviknight\n|-damage|p2a: Corviknight|63\/100\n|-enditem|p2a: Corviknight|Shed Shell|[from] move: Knock Off|[of] p1a: Kartana\n|\n|upkeep\n|turn|2\n|\n|t:|1643981976\n|move|p1a: Kartana|Knock Off|p2a: Corviknight\n|-damage|p2a: Corviknight|36\/100\n|move|p2a: Corviknight|Roost|p2a: Corviknight\n|-heal|p2a: Corviknight|86\/100\n|-singleturn|p2a: Corviknight|move: Roost\n|\n|upkeep\n|turn|3\n|\n|t:|1643981980\n|move|p1a: Kartana|Knock Off|p2a: Corviknight\n|-damage|p2a: Corviknight|61\/100\n|move|p2a: Corviknight|Body Press|p1a: Kartana\n|-supereffective|p1a: Kartana\n|-damage|p1a: Kartana|42\/100\n|\n|upkeep\n|turn|4\n|\n|t:|1643981985\n|switch|p1a: Zapdos|Zapdos|100\/100\n|move|p2a: Corviknight|Roost|p2a: Corviknight\n|-heal|p2a: Corviknight|100\/100\n|-singleturn|p2a: Corviknight|move: Roost\n|\n|upkeep\n|turn|5\n|\n|t:|1643981990\n|switch|p1a: Kartana|Kartana|42\/100\n|switch|p2a: Shedinja|Shedinja|100\/100\n|\n|upkeep\n|turn|6\n|\n|t:|1643981995\n|switch|p2a: Corviknight|Corviknight, F|100\/100\n|-ability|p2a: Corviknight|Pressure\n|move|p1a: Kartana|Knock Off|p2a: Corviknight\n|-damage|p2a: Corviknight|75\/100\n|\n|upkeep\n|turn|7\n|\n|t:|1643982006\n|switch|p1a: Clefable|Clefable, M|100\/100\n|move|p2a: Corviknight|Body Press|p1a: Clefable\n|-resisted|p1a: Clefable\n|-damage|p1a: Clefable|85\/100\n|\n|-heal|p1a: Clefable|91\/100|[from] item: Leftovers\n|upkeep\n|turn|8\n|\n|t:|1643982012\n|switch|p2a: Jirachi|Jirachi|100\/100\n|move|p1a: Clefable|Wish|p1a: Clefable\n|\n|-heal|p1a: Clefable|97\/100|[from] item: Leftovers\n|upkeep\n|turn|9\n|\n|t:|1643982016\n|move|p2a: Jirachi|Stealth Rock|p1a: Clefable\n|-sidestart|p1: Isaac Putin|move: Stealth Rock\n|move|p1a: Clefable|Teleport|p1a: Clefable\n|\n|t:|1643982019\n|switch|p1a: Kartana|Kartana|42\/100|[from]move: Teleport\n|-damage|p1a: Kartana|36\/100|[from] Stealth Rock\n|\n|-heal|p1a: Kartana|100\/100|[from] move: Wish|[wisher] Clefable\n|upkeep\n|turn|10\n|\n|t:|1643982022\n|switch|p2a: Corviknight|Corviknight, F|75\/100\n|-ability|p2a: Corviknight|Pressure\n|move|p1a: Kartana|Knock Off|p2a: Corviknight\n|-damage|p2a: Corviknight|50\/100\n|\n|upkeep\n|turn|11\n|\n|t:|1643982029\n|switch|p1a: Zapdos|Zapdos|100\/100\n|-damage|p1a: Zapdos|75\/100|[from] Stealth Rock\n|move|p2a: Corviknight|Roost|p2a: Corviknight\n|-heal|p2a: Corviknight|99\/100\n|-singleturn|p2a: Corviknight|move: Roost\n|\n|upkeep\n|turn|12\n|\n|t:|1643982034\n|switch|p2a: Jirachi|Jirachi|100\/100\n|move|p1a: Zapdos|Defog|p2a: Jirachi\n|-unboost|p2a: Jirachi|evasion|1\n|-sideend|p1: Isaac Putin|Stealth Rock|[from] move: Defog|[of] p1a: Zapdos\n|\n|upkeep\n|turn|13\n|\n|t:|1643982042\n|switch|p1a: Kartana|Kartana|100\/100\n|move|p2a: Jirachi|Stealth Rock|p1a: Kartana\n|-sidestart|p1: Isaac Putin|move: Stealth Rock\n|\n|upkeep\n|turn|14\n|\n|t:|1643982049\n|switch|p2a: Corviknight|Corviknight, F|99\/100\n|-ability|p2a: Corviknight|Pressure\n|move|p1a: Kartana|Sacred Sword|p2a: Corviknight\n|-damage|p2a: Corviknight|67\/100\n|\n|upkeep\n|turn|15\n|\n|t:|1643982057\n|switch|p1a: Toxapex|Toxapex, M|100\/100\n|-damage|p1a: Toxapex|88\/100|[from] Stealth Rock\n|move|p2a: Corviknight|Roost|p2a: Corviknight\n|-heal|p2a: Corviknight|100\/100\n|-singleturn|p2a: Corviknight|move: Roost\n|\n|upkeep\n|turn|16\n|\n|t:|1643982066\n|switch|p2a: Toxapex|Toxapex, M|100\/100\n|move|p1a: Toxapex|Knock Off|p2a: Toxapex\n|-damage|p2a: Toxapex|91\/100\n|-enditem|p2a: Toxapex|Black Sludge|[from] move: Knock Off|[of] p1a: Toxapex\n|\n|upkeep\n|turn|17\n|\n|t:|1643982087\n|switch|p1a: Clefable|Clefable, M|97\/100\n|move|p2a: Toxapex|Knock Off|p1a: Clefable\n|-resisted|p1a: Clefable\n|-damage|p1a: Clefable|88\/100\n|-enditem|p1a: Clefable|Leftovers|[from] move: Knock Off|[of] p2a: Toxapex\n|\n|upkeep\n|turn|18\n|inactive|kokoukohiro has 120 seconds left.\n|\n|t:|1643982119\n|switch|p2a: Jirachi|Jirachi|100\/100\n|move|p1a: Clefable|Teleport|p1a: Clefable\n|\n|t:|1643982122\n|switch|p1a: Kartana|Kartana|100\/100|[from]move: Teleport\n|-damage|p1a: Kartana|94\/100|[from] Stealth Rock\n|\n|upkeep\n|turn|19\n|\n|t:|1643982129\n|switch|p2a: Corviknight|Corviknight, F|100\/100\n|-ability|p2a: Corviknight|Pressure\n|move|p1a: Kartana|Knock Off|p2a: Corviknight\n|-damage|p2a: Corviknight|75\/100\n|\n|upkeep\n|turn|20\n|\n|t:|1643982143\n|move|p1a: Kartana|Knock Off|p2a: Corviknight\n|-damage|p2a: Corviknight|50\/100\n|move|p2a: Corviknight|Body Press|p1a: Kartana\n|-supereffective|p1a: Kartana\n|-damage|p1a: Kartana|37\/100\n|\n|upkeep\n|turn|21\n|\n|t:|1643982148\n|switch|p1a: Clefable|Clefable, M|88\/100\n|move|p2a: Corviknight|Roost|p2a: Corviknight\n|-heal|p2a: Corviknight|99\/100\n|-singleturn|p2a: Corviknight|move: Roost\n|\n|upkeep\n|turn|22\n|\n|t:|1643982152\n|switch|p2a: Jirachi|Jirachi|100\/100\n|move|p1a: Clefable|Wish|p1a: Clefable\n|\n|upkeep\n|turn|23\n|\n|t:|1643982160\n|switch|p1a: Kartana|Kartana|37\/100\n|-damage|p1a: Kartana|31\/100|[from] Stealth Rock\n|move|p2a: Jirachi|Iron Head|p1a: Kartana\n|-resisted|p1a: Kartana\n|-damage|p1a: Kartana|16\/100\n|\n|-heal|p1a: Kartana|92\/100|[from] move: Wish|[wisher] Clefable\n|upkeep\n|turn|24\n|\n|t:|1643982171\n|switch|p2a: Corviknight|Corviknight, F|99\/100\n|-ability|p2a: Corviknight|Pressure\n|move|p1a: Kartana|Sacred Sword|p2a: Corviknight\n|-damage|p2a: Corviknight|61\/100\n|\n|upkeep\n|turn|25\n|\n|t:|1643982191\n|switch|p1a: Zapdos|Zapdos|75\/100\n|-damage|p1a: Zapdos|50\/100|[from] Stealth Rock\n|move|p2a: Corviknight|Roost|p2a: Corviknight\n|-heal|p2a: Corviknight|100\/100\n|-singleturn|p2a: Corviknight|move: Roost\n|\n|upkeep\n|turn|26\n|\n|t:|1643982197\n|switch|p2a: Jirachi|Jirachi|100\/100\n|move|p1a: Zapdos|Roost|p1a: Zapdos\n|-heal|p1a: Zapdos|100\/100\n|-singleturn|p1a: Zapdos|move: Roost\n|\n|upkeep\n|turn|27\n|\n|t:|1643982216\n|switch|p2a: Quagsire|Quagsire, F|100\/100\n|move|p1a: Zapdos|Defog|p2a: Quagsire\n|-unboost|p2a: Quagsire|evasion|1\n|-sideend|p1: Isaac Putin|Stealth Rock|[from] move: Defog|[of] p1a: Zapdos\n|\n|upkeep\n|turn|28\n|\n|t:|1643982226\n|move|p1a: Zapdos|Toxic|p2a: Quagsire\n|-status|p2a: Quagsire|tox\n|move|p2a: Quagsire|Toxic|p1a: Zapdos\n|-status|p1a: Zapdos|tox\n|\n|-damage|p1a: Zapdos|94\/100 tox|[from] psn\n|-damage|p2a: Quagsire|94\/100 tox|[from] psn\n|upkeep\n|turn|29\n|\n|t:|1643982236\n|switch|p1a: Kartana|Kartana|92\/100\n|switch|p2a: Blissey|Blissey, F|100\/100\n|\n|upkeep\n|turn|30\n|\n|t:|1643982241\n|switch|p2a: Corviknight|Corviknight, F|100\/100\n|-ability|p2a: Corviknight|Pressure\n|move|p1a: Kartana|Knock Off|p2a: Corviknight\n|-damage|p2a: Corviknight|76\/100\n|\n|upkeep\n|turn|31\n|\n|t:|1643982248\n|switch|p1a: Zapdos|Zapdos|94\/100 tox\n|move|p2a: Corviknight|Body Press|p1a: Zapdos\n|-resisted|p1a: Zapdos\n|-damage|p1a: Zapdos|85\/100 tox\n|-damage|p2a: Corviknight|59\/100|[from] item: Rocky Helmet|[of] p1a: Zapdos\n|\n|-damage|p1a: Zapdos|79\/100 tox|[from] psn\n|upkeep\n|turn|32\n|\n|t:|1643982256\n|switch|p1a: Kartana|Kartana|92\/100\n|switch|p2a: Jirachi|Jirachi|100\/100\n|\n|upkeep\n|turn|33\n|\n|t:|1643982266\n|move|p2a: Jirachi|Protect|p2a: Jirachi\n|-singleturn|p2a: Jirachi|Protect\n|move|p1a: Kartana|Knock Off|p2a: Jirachi\n|-activate|p2a: Jirachi|move: Protect\n|\n|upkeep\n|turn|34\n|\n|t:|1643982269\n|switch|p2a: Corviknight|Corviknight, F|59\/100\n|-ability|p2a: Corviknight|Pressure\n|move|p1a: Kartana|Knock Off|p2a: Corviknight\n|-damage|p2a: Corviknight|33\/100\n|\n|upkeep\n|turn|35\n|\n|t:|1643982273\n|switch|p1a: Zapdos|Zapdos|79\/100 tox\n|move|p2a: Corviknight|Roost|p2a: Corviknight\n|-heal|p2a: Corviknight|83\/100\n|-singleturn|p2a: Corviknight|move: Roost\n|\n|-damage|p1a: Zapdos|72\/100 tox|[from] psn\n|upkeep\n|turn|36\n|\n|t:|1643982281\n|switch|p2a: Jirachi|Jirachi|100\/100\n|move|p1a: Zapdos|Roost|p1a: Zapdos\n|-heal|p1a: Zapdos|100\/100 tox\n|-singleturn|p1a: Zapdos|move: Roost\n|\n|-damage|p1a: Zapdos|88\/100 tox|[from] psn\n|upkeep\n|turn|37\n|\n|t:|1643982303\n|move|p2a: Jirachi|Stealth Rock|p1a: Zapdos\n|-sidestart|p1: Isaac Putin|move: Stealth Rock\n|move|p1a: Zapdos|Volt Switch|p2a: Jirachi\n|-damage|p2a: Jirachi|82\/100\n|\n|t:|1643982311\n|switch|p1a: Excadrill|Excadrill, F|100\/100|[from]move: Volt Switch\n|-damage|p1a: Excadrill|97\/100|[from] Stealth Rock\n|\n|-heal|p1a: Excadrill|100\/100|[from] item: Leftovers\n|-heal|p2a: Jirachi|89\/100|[from] item: Leftovers\n|upkeep\n|turn|38\n|\n|t:|1643982317\n|switch|p1a: Toxapex|Toxapex, M|100\/100\n|-damage|p1a: Toxapex|88\/100|[from] Stealth Rock\n|switch|p2a: Shedinja|Shedinja|100\/100\n|\n|upkeep\n|turn|39\n|\n|t:|1643982324\n|switch|p2a: Toxapex|Toxapex, M|100\/100\n|move|p1a: Toxapex|Knock Off|p2a: Toxapex\n|-damage|p2a: Toxapex|94\/100\n|\n|upkeep\n|turn|40\n|\n|t:|1643982331\n|move|p1a: Toxapex|Haze|p1a: Toxapex\n|-clearallboost\n|move|p2a: Toxapex|Toxic Spikes|p1a: Toxapex\n|-sidestart|p1: Isaac Putin|move: Toxic Spikes\n|\n|upkeep\n|turn|41\n|\n|t:|1643982343\n|switch|p2a: Corviknight|Corviknight, F|83\/100\n|-ability|p2a: Corviknight|Pressure\n|switch|p1a: Clefable|Clefable, M|88\/100\n|-status|p1a: Clefable|psn\n|\n|upkeep\n|turn|42\n|\n|t:|1643982351\n|switch|p2a: Blissey|Blissey, F|100\/100\n|switch|p1a: Toxapex|Toxapex, M|100\/100\n|-damage|p1a: Toxapex|88\/100|[from] Stealth Rock\n|-sideend|p1: Isaac Putin|move: Toxic Spikes|[of] p1a: Toxapex\n|\n|upkeep\n|turn|43\n|\n|t:|1643982355\n|switch|p2a: Toxapex|Toxapex, M|100\/100\n|move|p1a: Toxapex|Knock Off|p2a: Toxapex\n|-damage|p2a: Toxapex|94\/100\n|\n|upkeep\n|turn|44\n|\n|t:|1643982359\n|switch|p2a: Corviknight|Corviknight, F|83\/100\n|-ability|p2a: Corviknight|Pressure\n|switch|p1a: Clefable|Clefable, M|88\/100 psn\n|\n|upkeep\n|turn|45\n|\n|t:|1643982363\n|switch|p2a: Blissey|Blissey, F|100\/100\n|switch|p1a: Toxapex|Toxapex, M|100\/100\n|-damage|p1a: Toxapex|88\/100|[from] Stealth Rock\n|\n|upkeep\n|turn|46\n|\n|t:|1643982366\n|switch|p2a: Corviknight|Corviknight, F|83\/100\n|-ability|p2a: Corviknight|Pressure\n|switch|p1a: Clefable|Clefable, M|88\/100 psn\n|\n|upkeep\n|turn|47\n|\n|t:|1643982371\n|switch|p2a: Blissey|Blissey, F|100\/100\n|switch|p1a: Toxapex|Toxapex, M|100\/100\n|-damage|p1a: Toxapex|88\/100|[from] Stealth Rock\n|\n|upkeep\n|turn|48\n|\n|t:|1643982375\n|switch|p2a: Corviknight|Corviknight, F|83\/100\n|-ability|p2a: Corviknight|Pressure\n|move|p1a: Toxapex|Scald|p2a: Corviknight\n|-damage|p2a: Corviknight|69\/100\n|-status|p2a: Corviknight|brn\n|\n|-damage|p2a: Corviknight|63\/100 brn|[from] brn\n|upkeep\n|turn|49\n|\n|t:|1643982381\n|move|p2a: Corviknight|Roost|p2a: Corviknight\n|-heal|p2a: Corviknight|100\/100 brn\n|-singleturn|p2a: Corviknight|move: Roost\n|move|p1a: Toxapex|Knock Off|p2a: Corviknight\n|-damage|p2a: Corviknight|94\/100 brn\n|\n|-damage|p2a: Corviknight|88\/100 brn|[from] brn\n|upkeep\n|turn|50\n|\n|t:|1643982386\n|switch|p2a: Toxapex|Toxapex, M|100\/100\n|move|p1a: Toxapex|Knock Off|p2a: Toxapex\n|-damage|p2a: Toxapex|94\/100\n|\n|upkeep\n|turn|51\n|j| JessieWessie\n|\n|t:|1643982398\n|switch|p1a: Clefable|Clefable, M|88\/100 psn\n|move|p2a: Toxapex|Toxic Spikes|p1a: Clefable\n|-sidestart|p1: Isaac Putin|move: Toxic Spikes\n|\n|upkeep\n|turn|52\n|\n|t:|1643982406\n|switch|p2a: Blissey|Blissey, F|100\/100\n|move|p1a: Clefable|Teleport|p1a: Clefable\n|\n|t:|1643982410\n|switch|p1a: Kartana|Kartana|92\/100|[from]move: Teleport\n|-damage|p1a: Kartana|86\/100|[from] Stealth Rock\n|\n|upkeep\n|turn|53\n|\n|t:|1643982415\n|switch|p2a: Corviknight|Corviknight, F|88\/100 brn\n|-ability|p2a: Corviknight|Pressure\n|move|p1a: Kartana|Knock Off|p2a: Corviknight\n|-damage|p2a: Corviknight|62\/100 brn\n|\n|-damage|p2a: Corviknight|56\/100 brn|[from] brn\n|upkeep\n|turn|54\n|\n|t:|1643982418\n|switch|p1a: Zapdos|Zapdos|88\/100 tox\n|-damage|p1a: Zapdos|63\/100 tox|[from] Stealth Rock\n|move|p2a: Corviknight|Roost|p2a: Corviknight\n|-heal|p2a: Corviknight|100\/100 brn\n|-singleturn|p2a: Corviknight|move: Roost\n|\n|-damage|p1a: Zapdos|57\/100 tox|[from] psn\n|-damage|p2a: Corviknight|94\/100 brn|[from] brn\n|upkeep\n|turn|55\n|\n|t:|1643982423\n|switch|p2a: Blissey|Blissey, F|100\/100\n|move|p1a: Zapdos|Defog|p2a: Blissey\n|-unboost|p2a: Blissey|evasion|1\n|-sideend|p1: Isaac Putin|Toxic Spikes|[from] move: Defog|[of] p1a: Zapdos\n|-sideend|p1: Isaac Putin|Stealth Rock|[from] move: Defog|[of] p1a: Zapdos\n|\n|-damage|p1a: Zapdos|44\/100 tox|[from] psn\n|upkeep\n|turn|56\n|\n|t:|1643982428\n|move|p1a: Zapdos|Roost|p1a: Zapdos\n|-heal|p1a: Zapdos|94\/100 tox\n|-singleturn|p1a: Zapdos|move: Roost\n|move|p2a: Blissey|Aromatherapy|p2a: Blissey\n|-activate|p2a: Blissey|move: Aromatherapy\n|-curestatus|p2: Quagsire|tox|[msg]\n|-curestatus|p2: Corviknight|brn|[msg]\n|\n|-damage|p1a: Zapdos|75\/100 tox|[from] psn\n|upkeep\n|turn|57\n|\n|t:|1643982439\n|switch|p1a: Toxapex|Toxapex, M|100\/100\n|switch|p2a: Jirachi|Jirachi|89\/100\n|\n|-heal|p2a: Jirachi|95\/100|[from] item: Leftovers\n|upkeep\n|turn|58\n|\n|t:|1643982444\n|switch|p2a: Toxapex|Toxapex, M|100\/100\n|move|p1a: Toxapex|Knock Off|p2a: Toxapex\n|-damage|p2a: Toxapex|95\/100\n|\n|upkeep\n|turn|59\n|\n|t:|1643982448\n|switch|p1a: Clefable|Clefable, M|88\/100 psn\n|move|p2a: Toxapex|Toxic Spikes|p1a: Clefable\n|-sidestart|p1: Isaac Putin|move: Toxic Spikes\n|\n|upkeep\n|turn|60\n|\n|t:|1643982452\n|switch|p1a: Toxapex|Toxapex, M|100\/100\n|-sideend|p1: Isaac Putin|move: Toxic Spikes|[of] p1a: Toxapex\n|switch|p2a: Jirachi|Jirachi|95\/100\n|\n|-heal|p2a: Jirachi|100\/100|[from] item: Leftovers\n|upkeep\n|turn|61\n|\n|t:|1643982454\n|switch|p2a: Toxapex|Toxapex, M|100\/100\n|move|p1a: Toxapex|Knock Off|p2a: Toxapex\n|-damage|p2a: Toxapex|94\/100\n|\n|upkeep\n|turn|62\n|\n|t:|1643982457\n|switch|p1a: Clefable|Clefable, M|88\/100 psn\n|move|p2a: Toxapex|Toxic Spikes|p1a: Clefable\n|-sidestart|p1: Isaac Putin|move: Toxic Spikes\n|\n|upkeep\n|turn|63\n|\n|t:|1643982460\n|switch|p1a: Toxapex|Toxapex, M|100\/100\n|-sideend|p1: Isaac Putin|move: Toxic Spikes|[of] p1a: Toxapex\n|switch|p2a: Jirachi|Jirachi|100\/100\n|\n|upkeep\n|turn|64\n|\n|t:|1643982464\n|switch|p2a: Toxapex|Toxapex, M|100\/100\n|move|p1a: Toxapex|Knock Off|p2a: Toxapex\n|-damage|p2a: Toxapex|95\/100\n|\n|upkeep\n|turn|65\n|\n|t:|1643982467\n|move|p1a: Toxapex|Knock Off|p2a: Toxapex\n|-damage|p2a: Toxapex|89\/100\n|move|p2a: Toxapex|Toxic Spikes|p1a: Toxapex\n|-sidestart|p1: Isaac Putin|move: Toxic Spikes\n|\n|upkeep\n|turn|66\n|\n|t:|1643982472\n|switch|p2a: Corviknight|Corviknight, F|94\/100\n|-ability|p2a: Corviknight|Pressure\n|move|p1a: Toxapex|Knock Off|p2a: Corviknight\n|-damage|p2a: Corviknight|88\/100\n|\n|upkeep\n|turn|67\n|\n|t:|1643982476\n|switch|p2a: Toxapex|Toxapex, M|100\/100\n|switch|p1a: Clefable|Clefable, M|88\/100 psn\n|\n|upkeep\n|turn|68\n|\n|t:|1643982478\n|switch|p1a: Toxapex|Toxapex, M|100\/100\n|-sideend|p1: Isaac Putin|move: Toxic Spikes|[of] p1a: Toxapex\n|switch|p2a: Jirachi|Jirachi|100\/100\n|\n|upkeep\n|turn|69\n|\n|t:|1643982481\n|switch|p2a: Toxapex|Toxapex, M|100\/100\n|move|p1a: Toxapex|Knock Off|p2a: Toxapex\n|-damage|p2a: Toxapex|94\/100\n|\n|upkeep\n|turn|70\n|\n|t:|1643982489\n|switch|p1a: Clefable|Clefable, M|88\/100 psn\n|move|p2a: Toxapex|Toxic Spikes|p1a: Clefable\n|-sidestart|p1: Isaac Putin|move: Toxic Spikes\n|\n|upkeep\n|turn|71\n|\n|t:|1643982493\n|switch|p2a: Jirachi|Jirachi|100\/100\n|move|p1a: Clefable|Teleport|p1a: Clefable\n|\n|t:|1643982503\n|switch|p1a: Zapdos|Zapdos|75\/100 tox|[from]move: Teleport\n|\n|-damage|p1a: Zapdos|69\/100 tox|[from] psn\n|upkeep\n|turn|72\n|\n|t:|1643982506\n|move|p2a: Jirachi|Stealth Rock|p1a: Zapdos\n|-sidestart|p1: Isaac Putin|move: Stealth Rock\n|move|p1a: Zapdos|Volt Switch|p2a: Jirachi\n|-damage|p2a: Jirachi|83\/100\n|\n|t:|1643982511\n|switch|p1a: Kartana|Kartana|86\/100|[from]move: Volt Switch\n|-damage|p1a: Kartana|80\/100|[from] Stealth Rock\n|\n|-heal|p2a: Jirachi|89\/100|[from] item: Leftovers\n|upkeep\n|turn|73\n|\n|t:|1643982520\n|switch|p2a: Corviknight|Corviknight, F|88\/100\n|-ability|p2a: Corviknight|Pressure\n|move|p1a: Kartana|Smart Strike|p2a: Corviknight\n|-resisted|p2a: Corviknight\n|-damage|p2a: Corviknight|68\/100\n|\n|upkeep\n|turn|74\n|\n|t:|1643982524\n|move|p1a: Kartana|Smart Strike|p2a: Corviknight\n|-resisted|p2a: Corviknight\n|-damage|p2a: Corviknight|46\/100\n|move|p2a: Corviknight|Roost|p2a: Corviknight\n|-heal|p2a: Corviknight|96\/100\n|-singleturn|p2a: Corviknight|move: Roost\n|\n|upkeep\n|turn|75\n|\n|t:|1643982530\n|move|p1a: Kartana|Smart Strike|p2a: Corviknight\n|-resisted|p2a: Corviknight\n|-damage|p2a: Corviknight|74\/100\n|move|p2a: Corviknight|Body Press|p1a: Kartana\n|-supereffective|p1a: Kartana\n|-damage|p1a: Kartana|26\/100\n|\n|upkeep\n|turn|76\n|c| JessieWessie|lol, never ending battle\n|\n|t:|1643982539\n|switch|p1a: Clefable|Clefable, M|88\/100 psn\n|switch|p2a: Jirachi|Jirachi|89\/100\n|\n|-heal|p2a: Jirachi|96\/100|[from] item: Leftovers\n|upkeep\n|turn|77\n|\n|t:|1643982546\n|switch|p1a: Zapdos|Zapdos|69\/100 tox\n|-damage|p1a: Zapdos|44\/100 tox|[from] Stealth Rock\n|move|p2a: Jirachi|Iron Head|p1a: Zapdos\n|-resisted|p1a: Zapdos\n|-damage|p1a: Zapdos|35\/100 tox\n|-damage|p2a: Jirachi|79\/100|[from] item: Rocky Helmet|[of] p1a: Zapdos\n|-status|p2a: Jirachi|par|[from] ability: Static|[of] p1a: Zapdos\n|\n|-heal|p2a: Jirachi|85\/100 par|[from] item: Leftovers\n|-damage|p1a: Zapdos|29\/100 tox|[from] psn\n|upkeep\n|turn|78\n|\n|t:|1643982558\n|switch|p2a: Blissey|Blissey, F|100\/100\n|move|p1a: Zapdos|Roost|p1a: Zapdos\n|-heal|p1a: Zapdos|79\/100 tox\n|-singleturn|p1a: Zapdos|move: Roost\n|\n|-damage|p1a: Zapdos|66\/100 tox|[from] psn\n|upkeep\n|turn|79\n|\n|t:|1643982570\n|move|p1a: Zapdos|Defog|p2a: Blissey\n|-unboost|p2a: Blissey|evasion|1\n|-sideend|p1: Isaac Putin|Toxic Spikes|[from] move: Defog|[of] p1a: Zapdos\n|-sideend|p1: Isaac Putin|Stealth Rock|[from] move: Defog|[of] p1a: Zapdos\n|move|p2a: Blissey|Seismic Toss|p1a: Zapdos\n|-damage|p1a: Zapdos|40\/100 tox\n|-damage|p2a: Blissey|84\/100|[from] item: Rocky Helmet|[of] p1a: Zapdos\n|\n|-damage|p1a: Zapdos|22\/100 tox|[from] psn\n|upkeep\n|turn|80\n|\n|t:|1643982580\n|move|p1a: Zapdos|Roost|p1a: Zapdos\n|-heal|p1a: Zapdos|72\/100 tox\n|-singleturn|p1a: Zapdos|move: Roost\n|move|p2a: Blissey|Aromatherapy|p2a: Blissey\n|-activate|p2a: Blissey|move: Aromatherapy\n|-curestatus|p2: Jirachi|par|[msg]\n|\n|-damage|p1a: Zapdos|47\/100 tox|[from] psn\n|upkeep\n|turn|81\n|\n|t:|1643982591\n|switch|p1a: Dragapult|Dragapult, F|100\/100\n|switch|p2a: Shedinja|Shedinja|100\/100\n|\n|upkeep\n|turn|82\n|\n|t:|1643982606\n|switch|p2a: Toxapex|Toxapex, M|100\/100\n|move|p1a: Dragapult|Hex|p2a: Toxapex\n|-damage|p2a: Toxapex|82\/100\n|\n|upkeep\n|turn|83\n|\n|t:|1643982611\n|switch|p1a: Zapdos|Zapdos|47\/100 tox\n|move|p2a: Toxapex|Toxic Spikes|p1a: Zapdos\n|-sidestart|p1: Isaac Putin|move: Toxic Spikes\n|\n|-damage|p1a: Zapdos|40\/100 tox|[from] psn\n|upkeep\n|turn|84\n|\n|t:|1643982620\n|switch|p2a: Jirachi|Jirachi|85\/100\n|move|p1a: Zapdos|Roost|p1a: Zapdos\n|-heal|p1a: Zapdos|90\/100 tox\n|-singleturn|p1a: Zapdos|move: Roost\n|\n|-heal|p2a: Jirachi|91\/100|[from] item: Leftovers\n|-damage|p1a: Zapdos|78\/100 tox|[from] psn\n|upkeep\n|turn|85\n|\n|t:|1643982628\n|switch|p1a: Toxapex|Toxapex, M|100\/100\n|-sideend|p1: Isaac Putin|move: Toxic Spikes|[of] p1a: Toxapex\n|move|p2a: Jirachi|Stealth Rock|p1a: Toxapex\n|-sidestart|p1: Isaac Putin|move: Stealth Rock\n|\n|-heal|p2a: Jirachi|98\/100|[from] item: Leftovers\n|upkeep\n|turn|86\n|\n|t:|1643982635\n|switch|p2a: Corviknight|Corviknight, F|74\/100\n|-ability|p2a: Corviknight|Pressure\n|switch|p1a: Clefable|Clefable, M|88\/100 psn\n|\n|upkeep\n|turn|87\n|j| Yb is Better\n|\n|t:|1643982645\n|switch|p1a: Toxapex|Toxapex, M|100\/100\n|-damage|p1a: Toxapex|88\/100|[from] Stealth Rock\n|move|p2a: Corviknight|Taunt|p1a: Toxapex\n|-start|p1a: Toxapex|move: Taunt\n|\n|upkeep\n|turn|88\n|\n|t:|1643982656\n|switch|p2a: Toxapex|Toxapex, M|100\/100\n|move|p1a: Toxapex|Knock Off|p2a: Toxapex\n|-damage|p2a: Toxapex|94\/100\n|\n|upkeep\n|turn|89\n|\n|t:|1643982658\n|switch|p1a: Clefable|Clefable, M|88\/100 psn\n|switch|p2a: Corviknight|Corviknight, F|74\/100\n|-ability|p2a: Corviknight|Pressure\n|\n|upkeep\n|turn|90\n|\n|t:|1643982663\n|switch|p1a: Toxapex|Toxapex, M|100\/100\n|-damage|p1a: Toxapex|88\/100|[from] Stealth Rock\n|move|p2a: Corviknight|Taunt|p1a: Toxapex\n|-start|p1a: Toxapex|move: Taunt\n|\n|upkeep\n|turn|91\n|\n|t:|1643982667\n|switch|p1a: Clefable|Clefable, M|88\/100 psn\n|move|p2a: Corviknight|Taunt|p1a: Clefable\n|-start|p1a: Clefable|move: Taunt\n|\n|upkeep\n|turn|92\n|\n|t:|1643982672\n|switch|p2a: Toxapex|Toxapex, M|100\/100\n|switch|p1a: Toxapex|Toxapex, M|100\/100\n|-damage|p1a: Toxapex|88\/100|[from] Stealth Rock\n|\n|upkeep\n|turn|93\n|\n|t:|1643982677\n|switch|p2a: Corviknight|Corviknight, F|74\/100\n|-ability|p2a: Corviknight|Pressure\n|switch|p1a: Clefable|Clefable, M|88\/100 psn\n|\n|upkeep\n|turn|94\n|\n|t:|1643982680\n|switch|p1a: Toxapex|Toxapex, M|100\/100\n|-damage|p1a: Toxapex|88\/100|[from] Stealth Rock\n|move|p2a: Corviknight|Taunt|p1a: Toxapex\n|-start|p1a: Toxapex|move: Taunt\n|\n|upkeep\n|turn|95\n|\n|t:|1643982684\n|switch|p2a: Toxapex|Toxapex, M|100\/100\n|switch|p1a: Clefable|Clefable, M|88\/100 psn\n|\n|upkeep\n|turn|96\n|\n|t:|1643982688\n|switch|p2a: Corviknight|Corviknight, F|74\/100\n|-ability|p2a: Corviknight|Pressure\n|move|p1a: Clefable|Wish|p1a: Clefable\n|\n|upkeep\n|turn|97\n|\n|t:|1643982694\n|switch|p1a: Zapdos|Zapdos|78\/100 tox\n|-damage|p1a: Zapdos|53\/100 tox|[from] Stealth Rock\n|move|p2a: Corviknight|Body Press|p1a: Zapdos\n|-resisted|p1a: Zapdos\n|-damage|p1a: Zapdos|43\/100 tox\n|-damage|p2a: Corviknight|58\/100|[from] item: Rocky Helmet|[of] p1a: Zapdos\n|\n|-heal|p1a: Zapdos|94\/100 tox|[from] move: Wish|[wisher] Clefable\n|-damage|p1a: Zapdos|88\/100 tox|[from] psn\n|upkeep\n|turn|98\n|c| JessieWessie|corviknight is running out of roost attack it\n|\n|t:|1643982716\n|switch|p1a: Toxapex|Toxapex, M|100\/100\n|-damage|p1a: Toxapex|88\/100|[from] Stealth Rock\n|move|p2a: Corviknight|Roost|p2a: Corviknight\n|-heal|p2a: Corviknight|100\/100\n|-singleturn|p2a: Corviknight|move: Roost\n|\n|upkeep\n|turn|99\n|\n|t:|1643982724\n|move|p2a: Corviknight|Taunt|p1a: Toxapex\n|-start|p1a: Toxapex|move: Taunt\n|move|p1a: Toxapex|Scald|p2a: Corviknight\n|-damage|p2a: Corviknight|87\/100\n|\n|upkeep\n|turn|100\n|\n|t:|1643982735\n|switch|p2a: Toxapex|Toxapex, M|100\/100\n|switch|p1a: Clefable|Clefable, M|88\/100 psn\n|\n|upkeep\n|turn|101\n|\n|t:|1643982738\n|switch|p2a: Corviknight|Corviknight, F|87\/100\n|-ability|p2a: Corviknight|Pressure\n|move|p1a: Clefable|Wish|p1a: Clefable\n|\n|upkeep\n|turn|102\n|\n|t:|1643982750\n|switch|p1a: Zapdos|Zapdos|88\/100 tox\n|-damage|p1a: Zapdos|63\/100 tox|[from] Stealth Rock\n|move|p2a: Corviknight|Body Press|p1a: Zapdos\n|-resisted|p1a: Zapdos\n|-damage|p1a: Zapdos|54\/100 tox\n|-damage|p2a: Corviknight|70\/100|[from] item: Rocky Helmet|[of] p1a: Zapdos\n|\n|-heal|p1a: Zapdos|100\/100 tox|[from] move: Wish|[wisher] Clefable\n|-damage|p1a: Zapdos|94\/100 tox|[from] psn\n|upkeep\n|turn|103\n|\n|t:|1643982757\n|switch|p2a: Shedinja|Shedinja|100\/100\n|move|p1a: Zapdos|Defog|p2a: Shedinja\n|-unboost|p2a: Shedinja|evasion|1\n|-sideend|p1: Isaac Putin|Stealth Rock|[from] move: Defog|[of] p1a: Zapdos\n|\n|-damage|p1a: Zapdos|82\/100 tox|[from] psn\n|upkeep\n|turn|104\n|\n|t:|1643982761\n|switch|p1a: Clefable|Clefable, M|88\/100 psn\n|switch|p2a: Jirachi|Jirachi|98\/100\n|\n|-heal|p2a: Jirachi|100\/100|[from] item: Leftovers\n|upkeep\n|turn|105\n|\n|t:|1643982768\n|move|p2a: Jirachi|Stealth Rock|p1a: Clefable\n|-sidestart|p1: Isaac Putin|move: Stealth Rock\n|move|p1a: Clefable|Wish|p1a: Clefable\n|\n|upkeep\n|turn|106\n|\n|t:|1643982770\n|move|p2a: Jirachi|Iron Head|p1a: Clefable\n|-supereffective|p1a: Clefable\n|-damage|p1a: Clefable|27\/100 psn\n|move|p1a: Clefable|Teleport|p1a: Clefable\n|\n|t:|1643982774\n|switch|p1a: Kartana|Kartana|26\/100|[from]move: Teleport\n|-damage|p1a: Kartana|19\/100|[from] Stealth Rock\n|\n|-heal|p1a: Kartana|95\/100|[from] move: Wish|[wisher] Clefable\n|upkeep\n|turn|107\n|\n|t:|1643982787\n|switch|p2a: Corviknight|Corviknight, F|70\/100\n|-ability|p2a: Corviknight|Pressure\n|move|p1a: Kartana|Smart Strike|p2a: Corviknight\n|-resisted|p2a: Corviknight\n|-damage|p2a: Corviknight|48\/100\n|\n|upkeep\n|turn|108\n|\n|t:|1643982790\n|move|p1a: Kartana|Smart Strike|p2a: Corviknight\n|-resisted|p2a: Corviknight\n|-damage|p2a: Corviknight|25\/100\n|move|p2a: Corviknight|Roost|p2a: Corviknight\n|-heal|p2a: Corviknight|75\/100\n|-singleturn|p2a: Corviknight|move: Roost\n|\n|upkeep\n|turn|109\n|\n|t:|1643982793\n|move|p1a: Kartana|Smart Strike|p2a: Corviknight\n|-resisted|p2a: Corviknight\n|-damage|p2a: Corviknight|54\/100\n|move|p2a: Corviknight|Body Press|p1a: Kartana\n|-supereffective|p1a: Kartana\n|-damage|p1a: Kartana|44\/100\n|\n|upkeep\n|turn|110\n|j| Down$hift\n|\n|t:|1643982807\n|switch|p1a: Zapdos|Zapdos|82\/100 tox\n|-damage|p1a: Zapdos|57\/100 tox|[from] Stealth Rock\n|move|p2a: Corviknight|Roost|p2a: Corviknight\n|-heal|p2a: Corviknight|100\/100\n|-singleturn|p2a: Corviknight|move: Roost\n|\n|-damage|p1a: Zapdos|50\/100 tox|[from] psn\n|upkeep\n|turn|111\n|j| Rantox567\n|c| Down$hift|He cant break this, clef gonna run out of wishes\n|l| Rantox567\n|j| fruityiscool423\n|inactive|Isaac Putin has 120 seconds left.\n|\n|t:|1643982834\n|switch|p2a: Jirachi|Jirachi|100\/100\n|move|p1a: Zapdos|Roost|p1a: Zapdos\n|-heal|p1a: Zapdos|100\/100 tox\n|-singleturn|p1a: Zapdos|move: Roost\n|\n|-damage|p1a: Zapdos|88\/100 tox|[from] psn\n|upkeep\n|turn|112\n|inactive|Isaac Putin has 120 seconds left.\n|\n|t:|1643982843\n|move|p1a: Zapdos|Defog|p2a: Jirachi\n|-unboost|p2a: Jirachi|evasion|1\n|-sideend|p1: Isaac Putin|Stealth Rock|[from] move: Defog|[of] p1a: Zapdos\n|move|p2a: Jirachi|Iron Head|p1a: Zapdos\n|-resisted|p1a: Zapdos\n|-damage|p1a: Zapdos|78\/100 tox\n|-damage|p2a: Jirachi|84\/100|[from] item: Rocky Helmet|[of] p1a: Zapdos\n|-status|p2a: Jirachi|par|[from] ability: Static|[of] p1a: Zapdos\n|\n|-heal|p2a: Jirachi|90\/100 par|[from] item: Leftovers\n|-damage|p1a: Zapdos|59\/100 tox|[from] psn\n|upkeep\n|turn|113\n|\n|t:|1643982849\n|move|p1a: Zapdos|Volt Switch|p2a: Jirachi\n|-damage|p2a: Jirachi|71\/100 par\n|l| fruityiscool423\n|\n|t:|1643982856\n|switch|p1a: Clefable|Clefable, M|27\/100 psn|[from]move: Volt Switch\n|move|p2a: Jirachi|Stealth Rock|p1a: Clefable\n|-sidestart|p1: Isaac Putin|move: Stealth Rock\n|\n|-heal|p2a: Jirachi|77\/100 par|[from] item: Leftovers\n|upkeep\n|turn|114\n|c| JessieWessie|this is pokemon\n|j| Batataplays\n|c| JessieWessie|anything can happen\n|\n|t:|1643982866\n|switch|p1a: Zapdos|Zapdos|59\/100 tox\n|-damage|p1a: Zapdos|34\/100 tox|[from] Stealth Rock\n|move|p2a: Jirachi|Iron Head|p1a: Zapdos\n|-resisted|p1a: Zapdos\n|-damage|p1a: Zapdos|24\/100 tox\n|-damage|p2a: Jirachi|60\/100 par|[from] item: Rocky Helmet|[of] p1a: Zapdos\n|\n|-heal|p2a: Jirachi|67\/100 par|[from] item: Leftovers\n|-damage|p1a: Zapdos|18\/100 tox|[from] psn\n|upkeep\n|turn|115\n|\n|t:|1643982872\n|move|p1a: Zapdos|Roost|p1a: Zapdos\n|-heal|p1a: Zapdos|68\/100 tox\n|-singleturn|p1a: Zapdos|move: Roost\n|move|p2a: Jirachi|Wish|p2a: Jirachi\n|\n|-heal|p2a: Jirachi|73\/100 par|[from] item: Leftovers\n|-damage|p1a: Zapdos|55\/100 tox|[from] psn\n|upkeep\n|turn|116\n|c| Yb is Better|all it takes is 1 crit\n|inactive|Isaac Putin has 120 seconds left.\n|c| Down$hift|Crit what?\n|\n|t:|1643982889\n|move|p1a: Zapdos|Defog|p2a: Jirachi\n|-unboost|p2a: Jirachi|evasion|1\n|-sideend|p1: Isaac Putin|Stealth Rock|[from] move: Defog|[of] p1a: Zapdos\n|move|p2a: Jirachi|Iron Head|p1a: Zapdos\n|-resisted|p1a: Zapdos\n|-damage|p1a: Zapdos|45\/100 tox\n|-damage|p2a: Jirachi|56\/100 par|[from] item: Rocky Helmet|[of] p1a: Zapdos\n|\n|-heal|p2a: Jirachi|100\/100 par|[from] move: Wish|[wisher] Jirachi\n|-damage|p1a: Zapdos|27\/100 tox|[from] psn\n|upkeep\n|turn|117\n|\n|t:|1643982904\n|switch|p1a: Kartana|Kartana|44\/100\n|move|p2a: Jirachi|Stealth Rock|p1a: Kartana\n|-sidestart|p1: Isaac Putin|move: Stealth Rock\n|\n|upkeep\n|turn|118\n|j| fgkolol\n|\n|t:|1643982917\n|switch|p2a: Corviknight|Corviknight, F|100\/100\n|-ability|p2a: Corviknight|Pressure\n|move|p1a: Kartana|Knock Off|p2a: Corviknight\n|-damage|p2a: Corviknight|75\/100\n|\n|upkeep\n|turn|119\n|\n|t:|1643982923\n|switch|p1a: Dragapult|Dragapult, F|100\/100\n|-damage|p1a: Dragapult|88\/100|[from] Stealth Rock\n|move|p2a: Corviknight|Body Press|p1a: Dragapult\n|-immune|p1a: Dragapult\n|\n|upkeep\n|turn|120\n|c| Down$hift|Corv+pex should beat kart even if it crits\n|inactive|Isaac Putin has 90 seconds left.\n|\n|t:|1643982941\n|switch|p2a: Toxapex|Toxapex, M|100\/100\n|move|p1a: Dragapult|U-turn|p2a: Toxapex\n|-resisted|p2a: Toxapex\n|-damage|p2a: Toxapex|93\/100\n|inactive|Isaac Putin has 90 seconds left.\n|\n|t:|1643982954\n|switch|p1a: Clefable|Clefable, M|27\/100 psn|[from]move: U-turn\n|\n|upkeep\n|turn|121\n|c| fgkolol|isaac's having fun\n|\n|t:|1643982961\n|switch|p2a: Corviknight|Corviknight, F|75\/100\n|-ability|p2a: Corviknight|Pressure\n|move|p1a: Clefable|Wish|p1a: Clefable\n|\n|upkeep\n|turn|122\n|inactive|Isaac Putin has 90 seconds left.\n|\n|t:|1643982967\n|move|p1a: Clefable|Protect|p1a: Clefable\n|-singleturn|p1a: Clefable|Protect\n|move|p2a: Corviknight|Body Press|p1a: Clefable\n|-activate|p1a: Clefable|move: Protect\n|\n|-heal|p1a: Clefable|77\/100 psn|[from] move: Wish|[wisher] Clefable\n|upkeep\n|turn|123\n|l| Batataplays\n|inactive|Isaac Putin has 90 seconds left.\n|c| Yb is Better|wait he has rocky helm zap wtf\n|\n|t:|1643982976\n|switch|p1a: Toxapex|Toxapex, M|100\/100\n|-damage|p1a: Toxapex|88\/100|[from] Stealth Rock\n|move|p2a: Corviknight|Taunt|p1a: Toxapex\n|-start|p1a: Toxapex|move: Taunt\n|\n|upkeep\n|turn|124\n|inactive|Isaac Putin has 90 seconds left.\n|\n|t:|1643982985\n|switch|p1a: Clefable|Clefable, M|77\/100 psn\n|move|p2a: Corviknight|Taunt|p1a: Clefable\n|-start|p1a: Clefable|move: Taunt\n|\n|upkeep\n|turn|125\n|c| Down$hift|Helm zap is ok here actually\n|\n|t:|1643982991\n|switch|p2a: Toxapex|Toxapex, M|100\/100\n|switch|p1a: Toxapex|Toxapex, M|100\/100\n|-damage|p1a: Toxapex|88\/100|[from] Stealth Rock\n|\n|upkeep\n|turn|126\n|c| JessieWessie|hes running out of body press too lol\n|c| Down$hift|but it cant defog rocks forever\n|\n|t:|1643982997\n|switch|p2a: Corviknight|Corviknight, F|75\/100\n|-ability|p2a: Corviknight|Pressure\n|switch|p1a: Clefable|Clefable, M|77\/100 psn\n|\n|upkeep\n|turn|127\n|\n|t:|1643983001\n|switch|p1a: Toxapex|Toxapex, M|100\/100\n|-damage|p1a: Toxapex|88\/100|[from] Stealth Rock\n|move|p2a: Corviknight|Taunt|p1a: Toxapex\n|-start|p1a: Toxapex|move: Taunt\n|\n|upkeep\n|turn|128\n|\n|t:|1643983004\n|switch|p1a: Clefable|Clefable, M|77\/100 psn\n|move|p2a: Corviknight|Taunt|p1a: Clefable\n|-start|p1a: Clefable|move: Taunt\n|\n|upkeep\n|turn|129\n|\n|t:|1643983007\n|switch|p1a: Toxapex|Toxapex, M|100\/100\n|-damage|p1a: Toxapex|88\/100|[from] Stealth Rock\n|move|p2a: Corviknight|Taunt|p1a: Toxapex\n|-start|p1a: Toxapex|move: Taunt\n|\n|upkeep\n|turn|130\n|\n|t:|1643983009\n|switch|p1a: Clefable|Clefable, M|77\/100 psn\n|move|p2a: Corviknight|Taunt|p1a: Clefable\n|-start|p1a: Clefable|move: Taunt\n|\n|upkeep\n|turn|131\n|c| JessieWessie|corvi wil soon be useless\n|j| Batataplays\n|\n|t:|1643983012\n|switch|p2a: Jirachi|Jirachi|100\/100 par\n|switch|p1a: Toxapex|Toxapex, M|100\/100\n|-damage|p1a: Toxapex|88\/100|[from] Stealth Rock\n|\n|upkeep\n|turn|132\n|\n|t:|1643983016\n|switch|p2a: Corviknight|Corviknight, F|75\/100\n|-ability|p2a: Corviknight|Pressure\n|move|p1a: Toxapex|Knock Off|p2a: Corviknight\n|-damage|p2a: Corviknight|69\/100\n|\n|upkeep\n|turn|133\n|c| Yb is Better|lmaooo\n|j| Sixty6sixshit\n|\n|t:|1643983020\n|move|p2a: Corviknight|Taunt|p1a: Toxapex\n|-start|p1a: Toxapex|move: Taunt\n|move|p1a: Toxapex|Scald|p2a: Corviknight\n|-damage|p2a: Corviknight|55\/100\n|\n|upkeep\n|turn|134\n|l| Batataplays\n|\n|t:|1643983025\n|move|p2a: Corviknight|Roost|p2a: Corviknight\n|-heal|p2a: Corviknight|100\/100\n|-singleturn|p2a: Corviknight|move: Roost\n|move|p1a: Toxapex|Scald|p2a: Corviknight\n|-damage|p2a: Corviknight|87\/100\n|\n|upkeep\n|turn|135\n|l| Down$hift\n|\n|t:|1643983031\n|switch|p2a: Toxapex|Toxapex, M|100\/100\n|switch|p1a: Clefable|Clefable, M|77\/100 psn\n|\n|upkeep\n|turn|136\n|\n|t:|1643983039\n|switch|p2a: Corviknight|Corviknight, F|87\/100\n|-ability|p2a: Corviknight|Pressure\n|move|p1a: Clefable|Wish|p1a: Clefable\n|\n|upkeep\n|turn|137\n|\n|t:|1643983052\n|move|p1a: Clefable|Protect|p1a: Clefable\n|-singleturn|p1a: Clefable|Protect\n|move|p2a: Corviknight|Body Press|p1a: Clefable\n|-activate|p1a: Clefable|move: Protect\n|\n|-heal|p1a: Clefable|100\/100 psn|[from] move: Wish|[wisher] Clefable\n|upkeep\n|turn|138\n|\n|t:|1643983058\n|switch|p1a: Toxapex|Toxapex, M|100\/100\n|-damage|p1a: Toxapex|88\/100|[from] Stealth Rock\n|move|p2a: Corviknight|Taunt|p1a: Toxapex\n|-start|p1a: Toxapex|move: Taunt\n|\n|upkeep\n|turn|139\n|\n|t:|1643983068\n|switch|p1a: Clefable|Clefable, M|100\/100 psn\n|move|p2a: Corviknight|Taunt|p1a: Clefable\n|-start|p1a: Clefable|move: Taunt\n|\n|upkeep\n|turn|140\n|\n|t:|1643983072\n|switch|p2a: Blissey|Blissey, F|84\/100\n|switch|p1a: Toxapex|Toxapex, M|100\/100\n|-damage|p1a: Toxapex|88\/100|[from] Stealth Rock\n|\n|upkeep\n|turn|141\n|\n|t:|1643983084\n|switch|p2a: Corviknight|Corviknight, F|87\/100\n|-ability|p2a: Corviknight|Pressure\n|switch|p1a: Dragapult|Dragapult, F|88\/100\n|-damage|p1a: Dragapult|76\/100|[from] Stealth Rock\n|\n|upkeep\n|turn|142\n|\n|t:|1643983093\n|switch|p2a: Toxapex|Toxapex, M|100\/100\n|move|p1a: Dragapult|Flamethrower|p2a: Toxapex\n|-resisted|p2a: Toxapex\n|-damage|p2a: Toxapex|91\/100\n|\n|upkeep\n|turn|143\n|\n|t:|1643983099\n|switch|p1a: Clefable|Clefable, M|100\/100 psn\n|move|p2a: Toxapex|Knock Off|p1a: Clefable\n|-resisted|p1a: Clefable\n|-damage|p1a: Clefable|95\/100 psn\n|\n|upkeep\n|turn|144\n|\n|t:|1643983109\n|switch|p1a: Toxapex|Toxapex, M|100\/100\n|-damage|p1a: Toxapex|88\/100|[from] Stealth Rock\n|switch|p2a: Corviknight|Corviknight, F|87\/100\n|-ability|p2a: Corviknight|Pressure\n|\n|upkeep\n|turn|145\n|\n|t:|1643983115\n|move|p2a: Corviknight|Taunt|p1a: Toxapex\n|-start|p1a: Toxapex|move: Taunt\n|move|p1a: Toxapex|Scald|p2a: Corviknight\n|-damage|p2a: Corviknight|71\/100\n|\n|upkeep\n|turn|146\n|\n|t:|1643983123\n|switch|p2a: Toxapex|Toxapex, M|100\/100\n|switch|p1a: Clefable|Clefable, M|95\/100 psn\n|\n|upkeep\n|turn|147\n|\n|t:|1643983128\n|switch|p1a: Toxapex|Toxapex, M|100\/100\n|-damage|p1a: Toxapex|88\/100|[from] Stealth Rock\n|switch|p2a: Corviknight|Corviknight, F|71\/100\n|-ability|p2a: Corviknight|Pressure\n|\n|upkeep\n|turn|148\n|\n|t:|1643983133\n|switch|p2a: Toxapex|Toxapex, M|100\/100\n|switch|p1a: Clefable|Clefable, M|95\/100 psn\n|\n|upkeep\n|turn|149\n|\n|t:|1643983136\n|switch|p1a: Toxapex|Toxapex, M|100\/100\n|-damage|p1a: Toxapex|88\/100|[from] Stealth Rock\n|switch|p2a: Corviknight|Corviknight, F|71\/100\n|-ability|p2a: Corviknight|Pressure\n|\n|upkeep\n|turn|150\n|\n|t:|1643983141\n|switch|p2a: Toxapex|Toxapex, M|100\/100\n|move|p1a: Toxapex|Scald|p2a: Toxapex\n|-resisted|p2a: Toxapex\n|-damage|p2a: Toxapex|94\/100\n|\n|upkeep\n|turn|151\n|c| JessieWessie|lool\n|\n|t:|1643983150\n|switch|p2a: Corviknight|Corviknight, F|71\/100\n|-ability|p2a: Corviknight|Pressure\n|move|p1a: Toxapex|Haze|p1a: Toxapex\n|-clearallboost\n|\n|upkeep\n|turn|152\n|\n|t:|1643983157\n|switch|p2a: Blissey|Blissey, F|84\/100\n|switch|p1a: Clefable|Clefable, M|95\/100 psn\n|\n|upkeep\n|turn|153\n|\n|t:|1643983166\n|move|p1a: Clefable|Wish|p1a: Clefable\n|move|p2a: Blissey|Aromatherapy|p2a: Blissey\n|-activate|p2a: Blissey|move: Aromatherapy\n|-curestatus|p2: Jirachi|par|[msg]\n|\n|upkeep\n|turn|154\n|\n|t:|1643983179\n|switch|p2a: Corviknight|Corviknight, F|71\/100\n|-ability|p2a: Corviknight|Pressure\n|move|p1a: Clefable|Teleport|p1a: Clefable\n|c| JessieWessie|yaay! kart! :p\n|c| JessieWessie|Mario Kart\n|inactive|Isaac Putin has 120 seconds left.\n|l| Yb is Better\n|j| Yb is Better\n|\n|t:|1643983219\n|switch|p1a: Kartana|Kartana|44\/100|[from]move: Teleport\n|-damage|p1a: Kartana|38\/100|[from] Stealth Rock\n|\n|-heal|p1a: Kartana|100\/100|[from] move: Wish|[wisher] Clefable\n|upkeep\n|turn|155\n|c|\u2606Isaac Putin|; )\n|\n|t:|1643983230\n|switch|p1a: Clefable|Clefable, M|95\/100 psn\n|move|p2a: Corviknight|Body Press|p1a: Clefable\n|-resisted|p1a: Clefable\n|-damage|p1a: Clefable|79\/100 psn\n|\n|upkeep\n|turn|156\n|\n|t:|1643983237\n|switch|p1a: Toxapex|Toxapex, M|100\/100\n|-damage|p1a: Toxapex|88\/100|[from] Stealth Rock\n|move|p2a: Corviknight|Taunt|p1a: Toxapex\n|-start|p1a: Toxapex|move: Taunt\n|\n|upkeep\n|turn|157\n|\n|t:|1643983242\n|switch|p2a: Toxapex|Toxapex, M|100\/100\n|switch|p1a: Clefable|Clefable, M|79\/100 psn\n|\n|upkeep\n|turn|158\n|\n|t:|1643983247\n|switch|p1a: Toxapex|Toxapex, M|100\/100\n|-damage|p1a: Toxapex|88\/100|[from] Stealth Rock\n|switch|p2a: Jirachi|Jirachi|100\/100\n|\n|upkeep\n|turn|159\n|\n|t:|1643983252\n|switch|p2a: Corviknight|Corviknight, F|71\/100\n|-ability|p2a: Corviknight|Pressure\n|move|p1a: Toxapex|Knock Off|p2a: Corviknight\n|-damage|p2a: Corviknight|64\/100\n|\n|upkeep\n|turn|160\n|\n|t:|1643983258\n|switch|p2a: Toxapex|Toxapex, M|100\/100\n|move|p1a: Toxapex|Scald|p2a: Toxapex\n|-resisted|p2a: Toxapex\n|-damage|p2a: Toxapex|94\/100\n|\n|upkeep\n|turn|161\n|\n|t:|1643983263\n|move|p1a: Toxapex|Knock Off|p2a: Toxapex\n|-damage|p2a: Toxapex|88\/100\n|move|p2a: Toxapex|Toxic Spikes|p1a: Toxapex\n|-sidestart|p1: Isaac Putin|move: Toxic Spikes\n|\n|upkeep\n|turn|162\n|\n|t:|1643983268\n|switch|p2a: Corviknight|Corviknight, F|64\/100\n|-ability|p2a: Corviknight|Pressure\n|move|p1a: Toxapex|Scald|p2a: Corviknight\n|-damage|p2a: Corviknight|49\/100\n|-status|p2a: Corviknight|brn\n|\n|-damage|p2a: Corviknight|43\/100 brn|[from] brn\n|upkeep\n|turn|163\n|\n|t:|1643983277\n|switch|p1a: Clefable|Clefable, M|79\/100 psn\n|move|p2a: Corviknight|Roost|p2a: Corviknight\n|-heal|p2a: Corviknight|93\/100 brn\n|-singleturn|p2a: Corviknight|move: Roost\n|\n|-damage|p2a: Corviknight|87\/100 brn|[from] brn\n|upkeep\n|turn|164\n|c| JessieWessie|yaay! burn\n|\n|t:|1643983287\n|switch|p1a: Toxapex|Toxapex, M|100\/100\n|-damage|p1a: Toxapex|88\/100|[from] Stealth Rock\n|-sideend|p1: Isaac Putin|move: Toxic Spikes|[of] p1a: Toxapex\n|move|p2a: Corviknight|Taunt|p1a: Toxapex\n|-start|p1a: Toxapex|move: Taunt\n|\n|-damage|p2a: Corviknight|81\/100 brn|[from] brn\n|upkeep\n|turn|165\n|\n|t:|1643983298\n|switch|p2a: Toxapex|Toxapex, M|100\/100\n|switch|p1a: Kartana|Kartana|100\/100\n|-damage|p1a: Kartana|94\/100|[from] Stealth Rock\n|\n|upkeep\n|turn|166\n|\n|t:|1643983315\n|switch|p1a: Clefable|Clefable, M|79\/100 psn\n|switch|p2a: Corviknight|Corviknight, F|81\/100 brn\n|-ability|p2a: Corviknight|Pressure\n|\n|-damage|p2a: Corviknight|74\/100 brn|[from] brn\n|upkeep\n|turn|167\n|\n|t:|1643983322\n|switch|p2a: Blissey|Blissey, F|84\/100\n|switch|p1a: Toxapex|Toxapex, M|100\/100\n|-damage|p1a: Toxapex|88\/100|[from] Stealth Rock\n|\n|upkeep\n|turn|168\n|inactive|Isaac Putin has 120 seconds left.\n|\n|t:|1643983343\n|move|p2a: Blissey|Aromatherapy|p2a: Blissey\n|-activate|p2a: Blissey|move: Aromatherapy\n|-curestatus|p2: Corviknight|brn|[msg]\n|move|p1a: Toxapex|Haze|p1a: Toxapex\n|-clearallboost\n|\n|upkeep\n|turn|169\n|\n|t:|1643983348\n|switch|p2a: Toxapex|Toxapex, M|100\/100\n|move|p1a: Toxapex|Haze|p1a: Toxapex\n|-clearallboost\n|\n|upkeep\n|turn|170\n|\n|t:|1643983354\n|switch|p1a: Clefable|Clefable, M|79\/100 psn\n|move|p2a: Toxapex|Toxic Spikes|p1a: Clefable\n|-sidestart|p1: Isaac Putin|move: Toxic Spikes\n|\n|upkeep\n|turn|171\n|\n|t:|1643983358\n|switch|p1a: Toxapex|Toxapex, M|100\/100\n|-sideend|p1: Isaac Putin|move: Toxic Spikes|[of] p1a: Toxapex\n|-damage|p1a: Toxapex|88\/100|[from] Stealth Rock\n|switch|p2a: Corviknight|Corviknight, F|74\/100\n|-ability|p2a: Corviknight|Pressure\n|\n|upkeep\n|turn|172\n|\n|t:|1643983362\n|switch|p2a: Toxapex|Toxapex, M|100\/100\n|move|p1a: Toxapex|Scald|p2a: Toxapex\n|-resisted|p2a: Toxapex\n|-damage|p2a: Toxapex|94\/100\n|-status|p2a: Toxapex|brn\n|\n|-damage|p2a: Toxapex|87\/100 brn|[from] brn\n|upkeep\n|turn|173\n|\n|t:|1643983369\n|switch|p1a: Clefable|Clefable, M|79\/100 psn\n|move|p2a: Toxapex|Haze|p2a: Toxapex\n|-clearallboost\n|\n|-damage|p2a: Toxapex|81\/100 brn|[from] brn\n|upkeep\n|turn|174\n|c|\u2606Isaac Putin|; )\n|\n|t:|1643983375\n|switch|p1a: Toxapex|Toxapex, M|100\/100\n|-damage|p1a: Toxapex|88\/100|[from] Stealth Rock\n|switch|p2a: Jirachi|Jirachi|100\/100\n|\n|upkeep\n|turn|175\n|\n|t:|1643983380\n|switch|p2a: Toxapex|Toxapex, M|100\/100 brn\n|move|p1a: Toxapex|Knock Off|p2a: Toxapex\n|-damage|p2a: Toxapex|95\/100 brn\n|\n|-damage|p2a: Toxapex|88\/100 brn|[from] brn\n|upkeep\n|turn|176\n|\n|t:|1643983386\n|switch|p1a: Clefable|Clefable, M|79\/100 psn\n|move|p2a: Toxapex|Toxic Spikes|p1a: Clefable\n|-sidestart|p1: Isaac Putin|move: Toxic Spikes\n|\n|-damage|p2a: Toxapex|82\/100 brn|[from] brn\n|upkeep\n|turn|177\n|\n|t:|1643983402\n|switch|p1a: Toxapex|Toxapex, M|100\/100\n|-sideend|p1: Isaac Putin|move: Toxic Spikes|[of] p1a: Toxapex\n|-damage|p1a: Toxapex|88\/100|[from] Stealth Rock\n|switch|p2a: Jirachi|Jirachi|100\/100\n|\n|upkeep\n|turn|178\n|\n|t:|1643983411\n|switch|p2a: Toxapex|Toxapex, M|100\/100 brn\n|move|p1a: Toxapex|Haze|p1a: Toxapex\n|-clearallboost\n|\n|-damage|p2a: Toxapex|94\/100 brn|[from] brn\n|upkeep\n|turn|179\n|\n|t:|1643983416\n|move|p2a: Toxapex|Toxic Spikes|p1a: Toxapex\n|-sidestart|p1: Isaac Putin|move: Toxic Spikes\n|move|p1a: Toxapex|Haze|p1a: Toxapex\n|-clearallboost\n|\n|-damage|p2a: Toxapex|88\/100 brn|[from] brn\n|upkeep\n|turn|180\n|\n|t:|1643983420\n|switch|p1a: Clefable|Clefable, M|79\/100 psn\n|move|p2a: Toxapex|Haze|p2a: Toxapex\n|-clearallboost\n|\n|-damage|p2a: Toxapex|82\/100 brn|[from] brn\n|upkeep\n|turn|181\n|\n|t:|1643983424\n|switch|p1a: Toxapex|Toxapex, M|100\/100\n|-damage|p1a: Toxapex|88\/100|[from] Stealth Rock\n|-sideend|p1: Isaac Putin|move: Toxic Spikes|[of] p1a: Toxapex\n|switch|p2a: Jirachi|Jirachi|100\/100\n|\n|upkeep\n|turn|182\n|\n|t:|1643983430\n|switch|p2a: Toxapex|Toxapex, M|100\/100 brn\n|move|p1a: Toxapex|Haze|p1a: Toxapex\n|-clearallboost\n|\n|-damage|p2a: Toxapex|94\/100 brn|[from] brn\n|upkeep\n|turn|183\n|\n|t:|1643983438\n|switch|p1a: Clefable|Clefable, M|79\/100 psn\n|move|p2a: Toxapex|Toxic Spikes|p1a: Clefable\n|-sidestart|p1: Isaac Putin|move: Toxic Spikes\n|\n|-damage|p2a: Toxapex|88\/100 brn|[from] brn\n|upkeep\n|turn|184\n|\n|t:|1643983450\n|switch|p1a: Toxapex|Toxapex, M|100\/100\n|-sideend|p1: Isaac Putin|move: Toxic Spikes|[of] p1a: Toxapex\n|-damage|p1a: Toxapex|88\/100|[from] Stealth Rock\n|switch|p2a: Jirachi|Jirachi|100\/100\n|\n|upkeep\n|turn|185\n|\n|t:|1643983463\n|switch|p2a: Toxapex|Toxapex, M|100\/100 brn\n|move|p1a: Toxapex|Haze|p1a: Toxapex\n|-clearallboost\n|\n|-damage|p2a: Toxapex|94\/100 brn|[from] brn\n|upkeep\n|turn|186\n|\n|t:|1643983473\n|switch|p1a: Clefable|Clefable, M|79\/100 psn\n|move|p2a: Toxapex|Haze|p2a: Toxapex\n|-clearallboost\n|\n|-damage|p2a: Toxapex|88\/100 brn|[from] brn\n|upkeep\n|turn|187\n|\n|t:|1643983483\n|switch|p2a: Jirachi|Jirachi|100\/100\n|move|p1a: Clefable|Teleport|p1a: Clefable\n|\n|t:|1643983487\n|switch|p1a: Kartana|Kartana|94\/100|[from]move: Teleport\n|-damage|p1a: Kartana|88\/100|[from] Stealth Rock\n|\n|upkeep\n|turn|188\n|\n|t:|1643983494\n|move|p1a: Kartana|Knock Off|p2a: Jirachi\n|-supereffective|p2a: Jirachi\n|-damage|p2a: Jirachi|0 fnt\n|-enditem|p2a: Jirachi|Leftovers|[from] move: Knock Off|[of] p1a: Kartana\n|faint|p2a: Jirachi\n|-ability|p1a: Kartana|Beast Boost|boost\n|-boost|p1a: Kartana|atk|1\n|\n|upkeep\n|\n|t:|1643983500\n|switch|p2a: Corviknight|Corviknight, F|74\/100\n|-ability|p2a: Corviknight|Pressure\n|turn|189\n|\n|t:|1643983508\n|switch|p1a: Toxapex|Toxapex, M|100\/100\n|-damage|p1a: Toxapex|88\/100|[from] Stealth Rock\n|move|p2a: Corviknight|Body Press|p1a: Toxapex\n|-resisted|p1a: Toxapex\n|-damage|p1a: Toxapex|80\/100\n|-damage|p2a: Corviknight|58\/100|[from] item: Rocky Helmet|[of] p1a: Toxapex\n|\n|upkeep\n|turn|190\n|\n|t:|1643983521\n|switch|p2a: Toxapex|Toxapex, M|100\/100 brn\n|switch|p1a: Clefable|Clefable, M|79\/100 psn\n|\n|-damage|p2a: Toxapex|94\/100 brn|[from] brn\n|upkeep\n|turn|191\n|\n|t:|1643983531\n|switch|p2a: Shedinja|Shedinja|100\/100\n|move|p1a: Clefable|Wish|p1a: Clefable\n|\n|upkeep\n|turn|192\n|c| JessieWessie|oh I missed that jirachi death, well done\n|\n|t:|1643983548\n|move|p2a: Shedinja|Shadow Claw|p1a: Clefable\n|-damage|p1a: Clefable|45\/100 psn\n|move|p1a: Clefable|Teleport|p1a: Clefable\n|\n|t:|1643983551\n|switch|p1a: Zapdos|Zapdos|27\/100 tox|[from]move: Teleport\n|-damage|p1a: Zapdos|2\/100 tox|[from] Stealth Rock\n|\n|-heal|p1a: Zapdos|53\/100 tox|[from] move: Wish|[wisher] Clefable\n|-damage|p1a: Zapdos|47\/100 tox|[from] psn\n|upkeep\n|turn|193\n|inactive|kokoukohiro has 120 seconds left.\n|\n|t:|1643983563\n|switch|p2a: Blissey|Blissey, F|84\/100\n|move|p1a: Zapdos|Defog|p2a: Blissey\n|-unboost|p2a: Blissey|evasion|1\n|-sideend|p1: Isaac Putin|Stealth Rock|[from] move: Defog|[of] p1a: Zapdos\n|\n|-damage|p1a: Zapdos|34\/100 tox|[from] psn\n|upkeep\n|turn|194\n|inactive|kokoukohiro has 120 seconds left.\n|\n|t:|1643983578\n|move|p1a: Zapdos|Roost|p1a: Zapdos\n|-heal|p1a: Zapdos|84\/100 tox\n|-singleturn|p1a: Zapdos|move: Roost\n|move|p2a: Blissey|Seismic Toss|p1a: Zapdos\n|-damage|p1a: Zapdos|58\/100 tox\n|-damage|p2a: Blissey|67\/100|[from] item: Rocky Helmet|[of] p1a: Zapdos\n|-status|p2a: Blissey|par|[from] ability: Static|[of] p1a: Zapdos\n|\n|-damage|p1a: Zapdos|39\/100 tox|[from] psn\n|upkeep\n|turn|195\n|c|\u2606Isaac Putin|I know he's getting wrecked\n|inactive|Isaac Putin has 120 seconds left.\n|\n|t:|1643983587\n|switch|p1a: Clefable|Clefable, M|45\/100 psn\n|move|p2a: Blissey|Soft-Boiled|p2a: Blissey\n|-heal|p2a: Blissey|100\/100 par\n|\n|upkeep\n|turn|196\n|\n|t:|1643983599\n|-curestatus|p2a: Blissey|par|[from] ability: Natural Cure\n|switch|p2a: Shedinja|Shedinja|100\/100\n|move|p1a: Clefable|Wish|p1a: Clefable\n|\n|upkeep\n|turn|197\n|c|\u2606Isaac Putin|he won through a crit the last time\n|inactive|Isaac Putin has 120 seconds left.\n|c| JessieWessie|now he wants to play pokemon and actually attack\n|\n|t:|1643983613\n|switch|p2a: Toxapex|Toxapex, M|100\/100 brn\n|move|p1a: Clefable|Protect||[still]\n|-fail|p1a: Clefable\n|\n|-heal|p1a: Clefable|95\/100 psn|[from] move: Wish|[wisher] Clefable\n|-damage|p2a: Toxapex|94\/100 brn|[from] brn\n|upkeep\n|turn|198\n|inactive|Isaac Putin has 120 seconds left.\n|\n|t:|1643983626\n|switch|p1a: Toxapex|Toxapex, M|100\/100\n|move|p2a: Toxapex|Knock Off|p1a: Toxapex\n|-damage|p1a: Toxapex|96\/100\n|-damage|p2a: Toxapex|78\/100 brn|[from] item: Rocky Helmet|[of] p1a: Toxapex\n|-enditem|p1a: Toxapex|Rocky Helmet|[from] move: Knock Off|[of] p2a: Toxapex\n|\n|-damage|p2a: Toxapex|72\/100 brn|[from] brn\n|upkeep\n|turn|199\n|inactive|kokoukohiro has 90 seconds left.\n|c|\u2606Isaac Putin|I could take 300 turns but he has no win\n|c|\u2606Isaac Putin|con\n|c|\u2606Isaac Putin|and rocks is gone\n|inactive|Isaac Putin has 90 seconds left.\n|c|\u2606Isaac Putin|what do you think Jessie wessie?\n|l| fgkolol\n|c|\u2606Isaac Putin|corvi has one roost too hahaha\n|c| JessieWessie|its a clear win for you\n|\n|t:|1643983684\n|switch|p1a: Clefable|Clefable, M|95\/100 psn\n|move|p2a: Toxapex|Toxic Spikes|p1a: Clefable\n|-sidestart|p1: Isaac Putin|move: Toxic Spikes\n|\n|-damage|p2a: Toxapex|65\/100 brn|[from] brn\n|upkeep\n|turn|200\n|c| JessieWessie|so much for 'can't break this'\n|c|\u2606Isaac Putin|is that what he said hahahahaha\n|\n|t:|1643983702\n|switch|p1a: Toxapex|Toxapex, M|100\/100\n|-sideend|p1: Isaac Putin|move: Toxic Spikes|[of] p1a: Toxapex\n|switch|p2a: Shedinja|Shedinja|100\/100\n|\n|upkeep\n|turn|201\n|inactive|Isaac Putin has 60 seconds left.\n|\n|t:|1643983710\n|switch|p2a: Toxapex|Toxapex, M|99\/100 brn\n|move|p1a: Toxapex|Knock Off|p2a: Toxapex\n|-damage|p2a: Toxapex|93\/100 brn\n|\n|-damage|p2a: Toxapex|86\/100 brn|[from] brn\n|upkeep\n|turn|202\n|c| JessieWessie|thats what downshift said\n|inactive|Isaac Putin has 60 seconds left.\n|c|\u2606Isaac Putin|I'm not sure what's more fun, playing until forfeit or playing until I ko all 6\n|j| Miaow_Z_\n|\n|t:|1643983742\n|move|p1a: Toxapex|Haze|p1a: Toxapex\n|-clearallboost\n|move|p2a: Toxapex|Toxic Spikes|p1a: Toxapex\n|-sidestart|p1: Isaac Putin|move: Toxic Spikes\n|\n|-damage|p2a: Toxapex|80\/100 brn|[from] brn\n|upkeep\n|turn|203\n|inactive|Isaac Putin has 30 seconds left.\n|l| Miaow_Z_\n|\n|t:|1643983756\n|switch|p1a: Clefable|Clefable, M|95\/100 psn\n|move|p2a: Toxapex|Haze|p2a: Toxapex\n|-clearallboost\n|\n|-damage|p2a: Toxapex|74\/100 brn|[from] brn\n|upkeep\n|turn|204\n|\n|t:|1643983760\n|switch|p1a: Toxapex|Toxapex, M|100\/100\n|-sideend|p1: Isaac Putin|move: Toxic Spikes|[of] p1a: Toxapex\n|switch|p2a: Shedinja|Shedinja|100\/100\n|\n|upkeep\n|turn|205\n|inactive|Isaac Putin has 30 seconds left.\n|\n|t:|1643983768\n|switch|p2a: Toxapex|Toxapex, M|100\/100 brn\n|move|p1a: Toxapex|Haze|p1a: Toxapex\n|-clearallboost\n|\n|-damage|p2a: Toxapex|94\/100 brn|[from] brn\n|upkeep\n|turn|206\n|\n|t:|1643983775\n|switch|p1a: Clefable|Clefable, M|95\/100 psn\n|move|p2a: Toxapex|Toxic Spikes|p1a: Clefable\n|-sidestart|p1: Isaac Putin|move: Toxic Spikes\n|\n|-damage|p2a: Toxapex|88\/100 brn|[from] brn\n|upkeep\n|turn|207\n|inactive|Isaac Putin has 30 seconds left.\n|c| JessieWessie|Down$hift: He cant break this, clef gonna run out of wishes\n|\n|t:|1643983783\n|switch|p2a: Shedinja|Shedinja|100\/100\n|move|p1a: Clefable|Teleport|p1a: Clefable\n|c| JessieWessie|Down$hift: Corv+pex should beat kart even if it crits\n|\n|t:|1643983788\n|switch|p1a: Kartana|Kartana|88\/100|[from]move: Teleport\n|\n|upkeep\n|turn|208\n|c| JessieWessie|oh yeah? :D\n|\n|t:|1643983795\n|move|p2a: Shedinja|Protect|p2a: Shedinja\n|-singleturn|p2a: Shedinja|Protect\n|move|p1a: Kartana|Knock Off|p2a: Shedinja\n|-activate|p2a: Shedinja|move: Protect\n|\n|upkeep\n|turn|209\n|\n|t:|1643983797\n|switch|p2a: Corviknight|Corviknight, F|58\/100\n|-ability|p2a: Corviknight|Pressure\n|move|p1a: Kartana|Knock Off|p2a: Corviknight\n|-damage|p2a: Corviknight|31\/100\n|\n|upkeep\n|turn|210\n|inactive|Isaac Putin has 30 seconds left.\n|\n|t:|1643983811\n|switch|p1a: Toxapex|Toxapex, M|100\/100\n|-sideend|p1: Isaac Putin|move: Toxic Spikes|[of] p1a: Toxapex\n|move|p2a: Corviknight|Roost|p2a: Corviknight\n|-heal|p2a: Corviknight|81\/100\n|-singleturn|p2a: Corviknight|move: Roost\n|\n|upkeep\n|turn|211\n|\n|t:|1643983816\n|switch|p2a: Toxapex|Toxapex, M|100\/100 brn\n|switch|p1a: Clefable|Clefable, M|95\/100 psn\n|\n|-damage|p2a: Toxapex|94\/100 brn|[from] brn\n|upkeep\n|turn|212\n|\n|t:|1643983823\n|switch|p1a: Toxapex|Toxapex, M|100\/100\n|switch|p2a: Shedinja|Shedinja|100\/100\n|\n|upkeep\n|turn|213\n|inactive|Isaac Putin has 30 seconds left.\n|\n|t:|1643983840\n|switch|p2a: Toxapex|Toxapex, M|100\/100 brn\n|move|p1a: Toxapex|Haze|p1a: Toxapex\n|-clearallboost\n|\n|-damage|p2a: Toxapex|94\/100 brn|[from] brn\n|upkeep\n|turn|214\n|inactive|Isaac Putin has 30 seconds left this turn.\n|\n|t:|1643983844\n|switch|p1a: Clefable|Clefable, M|95\/100 psn\n|move|p2a: Toxapex|Haze|p2a: Toxapex\n|-clearallboost\n|\n|-damage|p2a: Toxapex|88\/100 brn|[from] brn\n|upkeep\n|turn|215\n|inactive|Isaac Putin has 30 seconds left.\n|\n|t:|1643983852\n|switch|p2a: Shedinja|Shedinja|100\/100\n|move|p1a: Clefable|Teleport|p1a: Clefable\n|inactive|Isaac Putin has 30 seconds left this turn.\n|c| JessieWessie|gonna need to save knock off on kart for pesky shedi\n|inactive|Isaac Putin has 20 seconds left.\n|inactive|Isaac Putin has 15 seconds left.\n|inactive|Isaac Putin has 10 seconds left.\n|\n|t:|1643983873\n|switch|p1a: Kartana|Kartana|88\/100|[from]move: Teleport\n|\n|upkeep\n|turn|216\n|inactive|Isaac Putin has 15 seconds left this turn.\n|\n|t:|1643983877\n|switch|p1a: Zapdos|Zapdos|39\/100 tox\n|switch|p2a: Toxapex|Toxapex, M|100\/100 brn\n|\n|-damage|p1a: Zapdos|33\/100 tox|[from] psn\n|-damage|p2a: Toxapex|94\/100 brn|[from] brn\n|upkeep\n|turn|217\n|inactive|Isaac Putin has 15 seconds left this turn.\n|inactive|Isaac Putin has 10 seconds left.\n|\n|t:|1643983885\n|move|p1a: Zapdos|Roost|p1a: Zapdos\n|-heal|p1a: Zapdos|83\/100 tox\n|-singleturn|p1a: Zapdos|move: Roost\n|move|p2a: Toxapex|Knock Off|p1a: Zapdos\n|-damage|p1a: Zapdos|78\/100 tox\n|-damage|p2a: Toxapex|78\/100 brn|[from] item: Rocky Helmet|[of] p1a: Zapdos\n|-enditem|p1a: Zapdos|Rocky Helmet|[from] move: Knock Off|[of] p2a: Toxapex\n|\n|-damage|p1a: Zapdos|65\/100 tox|[from] psn\n|-damage|p2a: Toxapex|72\/100 brn|[from] brn\n|upkeep\n|turn|218\n|inactive|Isaac Putin has 15 seconds left this turn.\n|\n|t:|1643983890\n|switch|p1a: Toxapex|Toxapex, M|100\/100\n|switch|p2a: Blissey|Blissey, F|100\/100\n|\n|upkeep\n|turn|219\n|inactive|Isaac Putin has 15 seconds left this turn.\n|inactive|Isaac Putin has 10 seconds left.\n|\n|t:|1643983895\n|switch|p2a: Toxapex|Toxapex, M|100\/100 brn\n|switch|p1a: Clefable|Clefable, M|95\/100 psn\n|\n|-damage|p2a: Toxapex|94\/100 brn|[from] brn\n|upkeep\n|turn|220\n|inactive|Isaac Putin has 15 seconds left this turn.\n|\n|t:|1643983898\n|switch|p1a: Toxapex|Toxapex, M|100\/100\n|switch|p2a: Shedinja|Shedinja|100\/100\n|\n|upkeep\n|turn|221\n|inactive|Isaac Putin has 15 seconds left this turn.\n|\n|t:|1643983903\n|switch|p2a: Toxapex|Toxapex, M|100\/100 brn\n|switch|p1a: Clefable|Clefable, M|95\/100 psn\n|\n|-damage|p2a: Toxapex|94\/100 brn|[from] brn\n|upkeep\n|turn|222\n|inactive|Isaac Putin has 20 seconds left this turn.\n|\n|t:|1643983905\n|switch|p1a: Toxapex|Toxapex, M|100\/100\n|switch|p2a: Shedinja|Shedinja|100\/100\n|\n|upkeep\n|turn|223\n|inactive|Isaac Putin has 20 seconds left this turn.\n|\n|t:|1643983908\n|switch|p2a: Toxapex|Toxapex, M|100\/100 brn\n|switch|p1a: Zapdos|Zapdos|65\/100 tox\n|\n|-damage|p1a: Zapdos|59\/100 tox|[from] psn\n|-damage|p2a: Toxapex|94\/100 brn|[from] brn\n|upkeep\n|turn|224\n|inactive|Isaac Putin has 25 seconds left this turn.\n|\n|t:|1643983914\n|switch|p1a: Clefable|Clefable, M|95\/100 psn\n|switch|p2a: Blissey|Blissey, F|100\/100\n|\n|upkeep\n|turn|225\n|inactive|Isaac Putin has 25 seconds left this turn.\n|\n|t:|1643983919\n|switch|p2a: Shedinja|Shedinja|100\/100\n|move|p1a: Clefable|Teleport|p1a: Clefable\n|inactive|Isaac Putin has 30 seconds left this turn.\n|\n|t:|1643983923\n|switch|p1a: Kartana|Kartana|88\/100|[from]move: Teleport\n|\n|upkeep\n|turn|226\n|inactive|Isaac Putin has 30 seconds left this turn.\n|\n|t:|1643983926\n|switch|p1a: Zapdos|Zapdos|59\/100 tox\n|switch|p2a: Toxapex|Toxapex, M|100\/100 brn\n|\n|-damage|p1a: Zapdos|53\/100 tox|[from] psn\n|-damage|p2a: Toxapex|94\/100 brn|[from] brn\n|upkeep\n|turn|227\n|\n|t:|1643983930\n|switch|p2a: Blissey|Blissey, F|100\/100\n|move|p1a: Zapdos|Volt Switch|p2a: Blissey\n|-damage|p2a: Blissey|92\/100\n|\n|t:|1643983932\n|switch|p1a: Kartana|Kartana|88\/100|[from]move: Volt Switch\n|\n|upkeep\n|turn|228\n|inactive|kokoukohiro has 90 seconds left.\n|\n|t:|1643983939\n|switch|p1a: Dragapult|Dragapult, F|76\/100\n|switch|p2a: Toxapex|Toxapex, M|100\/100 brn\n|\n|-damage|p2a: Toxapex|94\/100 brn|[from] brn\n|upkeep\n|turn|229\n|\n|t:|1643983945\n|switch|p1a: Toxapex|Toxapex, M|100\/100\n|switch|p2a: Blissey|Blissey, F|92\/100\n|\n|upkeep\n|turn|230\n|\n|t:|1643983953\n|switch|p2a: Toxapex|Toxapex, M|100\/100 brn\n|switch|p1a: Clefable|Clefable, M|95\/100 psn\n|\n|-damage|p2a: Toxapex|94\/100 brn|[from] brn\n|upkeep\n|turn|231\n|\n|t:|1643983955\n|switch|p1a: Toxapex|Toxapex, M|100\/100\n|switch|p2a: Blissey|Blissey, F|92\/100\n|\n|upkeep\n|turn|232\n|\n|t:|1643983960\n|switch|p2a: Toxapex|Toxapex, M|100\/100 brn\n|switch|p1a: Clefable|Clefable, M|95\/100 psn\n|\n|-damage|p2a: Toxapex|94\/100 brn|[from] brn\n|upkeep\n|turn|233\n|\n|t:|1643983963\n|switch|p1a: Toxapex|Toxapex, M|100\/100\n|switch|p2a: Shedinja|Shedinja|100\/100\n|\n|upkeep\n|turn|234\n|\n|t:|1643983966\n|switch|p2a: Toxapex|Toxapex, M|100\/100 brn\n|switch|p1a: Clefable|Clefable, M|95\/100 psn\n|\n|-damage|p2a: Toxapex|94\/100 brn|[from] brn\n|upkeep\n|turn|235\n|\n|t:|1643983968\n|switch|p1a: Toxapex|Toxapex, M|100\/100\n|switch|p2a: Shedinja|Shedinja|100\/100\n|\n|upkeep\n|turn|236\n|\n|t:|1643983972\n|switch|p2a: Toxapex|Toxapex, M|100\/100 brn\n|switch|p1a: Clefable|Clefable, M|95\/100 psn\n|\n|-damage|p2a: Toxapex|94\/100 brn|[from] brn\n|upkeep\n|turn|237\n|\n|t:|1643983976\n|switch|p1a: Zapdos|Zapdos|53\/100 tox\n|switch|p2a: Shedinja|Shedinja|100\/100\n|\n|-damage|p1a: Zapdos|46\/100 tox|[from] psn\n|upkeep\n|turn|238\n|\n|t:|1643983983\n|move|p2a: Shedinja|Protect|p2a: Shedinja\n|-singleturn|p2a: Shedinja|Protect\n|move|p1a: Zapdos|Roost|p1a: Zapdos\n|-heal|p1a: Zapdos|96\/100 tox\n|-singleturn|p1a: Zapdos|move: Roost\n|\n|-damage|p1a: Zapdos|84\/100 tox|[from] psn\n|upkeep\n|turn|239\n|\n|t:|1643983994\n|switch|p1a: Clefable|Clefable, M|95\/100 psn\n|switch|p2a: Blissey|Blissey, F|92\/100\n|\n|upkeep\n|turn|240\n|\n|t:|1643983998\n|switch|p2a: Shedinja|Shedinja|100\/100\n|move|p1a: Clefable|Teleport|p1a: Clefable\n|\n|t:|1643984001\n|switch|p1a: Dragapult|Dragapult, F|76\/100|[from]move: Teleport\n|\n|upkeep\n|turn|241\n|j| ian_yo\n|\n|t:|1643984005\n|switch|p1a: Clefable|Clefable, M|95\/100 psn\n|switch|p2a: Blissey|Blissey, F|92\/100\n|\n|upkeep\n|turn|242\n|\n|t:|1643984012\n|switch|p1a: Toxapex|Toxapex, M|100\/100\n|switch|p2a: Shedinja|Shedinja|100\/100\n|\n|upkeep\n|turn|243\n|j| cute asian gurl\n|\n|t:|1643984018\n|switch|p2a: Toxapex|Toxapex, M|100\/100 brn\n|switch|p1a: Clefable|Clefable, M|95\/100 psn\n|\n|-damage|p2a: Toxapex|94\/100 brn|[from] brn\n|upkeep\n|turn|244\n|\n|t:|1643984028\n|switch|p1a: Toxapex|Toxapex, M|100\/100\n|switch|p2a: Shedinja|Shedinja|100\/100\n|\n|upkeep\n|turn|245\n|\n|t:|1643984035\n|switch|p2a: Toxapex|Toxapex, M|100\/100 brn\n|switch|p1a: Zapdos|Zapdos|84\/100 tox\n|\n|-damage|p1a: Zapdos|78\/100 tox|[from] psn\n|-damage|p2a: Toxapex|94\/100 brn|[from] brn\n|upkeep\n|turn|246\n|\n|t:|1643984041\n|switch|p2a: Blissey|Blissey, F|92\/100\n|move|p1a: Zapdos|Toxic|p2a: Blissey|[miss]\n|-miss|p1a: Zapdos|p2a: Blissey\n|\n|-damage|p1a: Zapdos|65\/100 tox|[from] psn\n|upkeep\n|turn|247\n|\n|t:|1643984046\n|move|p1a: Zapdos|Volt Switch|p2a: Blissey\n|-damage|p2a: Blissey|83\/100\n|\n|t:|1643984049\n|switch|p1a: Clefable|Clefable, M|95\/100 psn|[from]move: Volt Switch\n|move|p2a: Blissey|Seismic Toss|p1a: Clefable\n|-damage|p1a: Clefable|70\/100 psn\n|\n|upkeep\n|turn|248\n|inactive|kokoukohiro has 120 seconds left.\n|\n|t:|1643984055\n|switch|p2a: Shedinja|Shedinja|100\/100\n|move|p1a: Clefable|Wish|p1a: Clefable\n|\n|upkeep\n|turn|249\n|\n|t:|1643984059\n|move|p1a: Clefable|Protect|p1a: Clefable\n|-singleturn|p1a: Clefable|Protect\n|move|p2a: Shedinja|Shadow Claw|p1a: Clefable\n|-activate|p1a: Clefable|move: Protect\n|\n|-heal|p1a: Clefable|100\/100 psn|[from] move: Wish|[wisher] Clefable\n|upkeep\n|turn|250\n|\n|t:|1643984067\n|switch|p1a: Zapdos|Zapdos|65\/100 tox\n|move|p2a: Shedinja|Shadow Claw|p1a: Zapdos\n|-damage|p1a: Zapdos|42\/100 tox\n|-status|p2a: Shedinja|par|[from] ability: Static|[of] p1a: Zapdos\n|\n|-damage|p1a: Zapdos|36\/100 tox|[from] psn\n|upkeep\n|turn|251\n|inactive|Isaac Putin has 30 seconds left.\n|inactive|kokoukohiro has 120 seconds left.\n|\n|t:|1643984080\n|switch|p1a: Toxapex|Toxapex, M|100\/100\n|switch|p2a: Blissey|Blissey, F|83\/100\n|\n|upkeep\n|turn|252\n|inactive|Isaac Putin has 30 seconds left this turn.\n|inactive|kokoukohiro has 120 seconds left.\n|inactive|Isaac Putin has 20 seconds left.\n|\n|t:|1643984091\n|switch|p1a: Clefable|Clefable, M|100\/100 psn\n|move|p2a: Blissey|Aromatherapy|p2a: Blissey\n|-activate|p2a: Blissey|move: Aromatherapy\n|-curestatus|p2: Toxapex|brn|[msg]\n|-curestatus|p2: Shedinja|par|[msg]\n|\n|upkeep\n|turn|253\n|inactive|Isaac Putin has 20 seconds left this turn.\n|\n|t:|1643984095\n|switch|p1a: Toxapex|Toxapex, M|100\/100\n|switch|p2a: Shedinja|Shedinja|100\/100\n|\n|upkeep\n|turn|254\n|inactive|Isaac Putin has 25 seconds left this turn.\n|\n|t:|1643984099\n|switch|p2a: Toxapex|Toxapex, M|100\/100\n|move|p1a: Toxapex|Knock Off|p2a: Toxapex\n|-crit|p2a: Toxapex\n|-damage|p2a: Toxapex|91\/100\n|\n|upkeep\n|turn|255\n|inactive|Isaac Putin has 25 seconds left this turn.\n|inactive|Isaac Putin has 20 seconds left.\n|inactive|kokoukohiro has 120 seconds left.\n|\n|t:|1643984104\n|switch|p1a: Clefable|Clefable, M|100\/100 psn\n|move|p2a: Toxapex|Haze|p2a: Toxapex\n|-clearallboost\n|\n|upkeep\n|turn|256\n|inactive|Isaac Putin has 25 seconds left this turn.\n|\n|t:|1643984107\n|switch|p1a: Toxapex|Toxapex, M|100\/100\n|switch|p2a: Shedinja|Shedinja|100\/100\n|\n|upkeep\n|turn|257\n|inactive|Isaac Putin has 25 seconds left this turn.\n|\n|t:|1643984110\n|switch|p2a: Toxapex|Toxapex, M|100\/100\n|move|p1a: Toxapex|Haze|p1a: Toxapex\n|-clearallboost\n|\n|upkeep\n|turn|258\n|inactive|Isaac Putin has 30 seconds left this turn.\n|\n|t:|1643984112\n|switch|p1a: Clefable|Clefable, M|100\/100 psn\n|move|p2a: Toxapex|Haze|p2a: Toxapex\n|-clearallboost\n|\n|upkeep\n|turn|259\n|inactive|Isaac Putin has 30 seconds left this turn.\n|\n|t:|1643984115\n|switch|p1a: Toxapex|Toxapex, M|100\/100\n|switch|p2a: Shedinja|Shedinja|100\/100\n|\n|upkeep\n|turn|260\n|\n|t:|1643984118\n|switch|p2a: Toxapex|Toxapex, M|100\/100\n|switch|p1a: Clefable|Clefable, M|100\/100 psn\n|\n|upkeep\n|turn|261\n|\n|t:|1643984125\n|switch|p1a: Toxapex|Toxapex, M|100\/100\n|switch|p2a: Shedinja|Shedinja|100\/100\n|\n|upkeep\n|turn|262\n|c| JessieWessie|whys you always running out of time?\n|\n|t:|1643984129\n|switch|p2a: Toxapex|Toxapex, M|100\/100\n|switch|p1a: Clefable|Clefable, M|100\/100 psn\n|\n|upkeep\n|turn|263\n|\n|t:|1643984134\n|switch|p2a: Shedinja|Shedinja|100\/100\n|move|p1a: Clefable|Teleport|p1a: Clefable\n|\n|t:|1643984137\n|switch|p1a: Dragapult|Dragapult, F|76\/100|[from]move: Teleport\n|\n|upkeep\n|turn|264\n|\n|t:|1643984141\n|switch|p1a: Toxapex|Toxapex, M|100\/100\n|switch|p2a: Blissey|Blissey, F|83\/100\n|\n|upkeep\n|turn|265\n|\n|t:|1643984148\n|switch|p2a: Toxapex|Toxapex, M|100\/100\n|switch|p1a: Clefable|Clefable, M|100\/100 psn\n|\n|upkeep\n|turn|266\n|\n|t:|1643984155\n|switch|p1a: Excadrill|Excadrill, F|100\/100\n|switch|p2a: Shedinja|Shedinja|100\/100\n|\n|upkeep\n|turn|267\n|\n|t:|1643984163\n|switch|p1a: Toxapex|Toxapex, M|100\/100\n|switch|p2a: Quagsire|Quagsire, F|94\/100\n|\n|-heal|p2a: Quagsire|100\/100|[from] item: Leftovers\n|upkeep\n|turn|268\n|\n|t:|1643984172\n|switch|p1a: Clefable|Clefable, M|100\/100 psn\n|switch|p2a: Toxapex|Toxapex, M|100\/100\n|\n|upkeep\n|turn|269\n|\n|t:|1643984178\n|switch|p2a: Shedinja|Shedinja|100\/100\n|move|p1a: Clefable|Teleport|p1a: Clefable\n|\n|t:|1643984181\n|switch|p1a: Kartana|Kartana|88\/100|[from]move: Teleport\n|\n|upkeep\n|turn|270\n|\n|t:|1643984187\n|switch|p1a: Toxapex|Toxapex, M|100\/100\n|move|p2a: Shedinja|Protect||[still]\n|-fail|p2a: Shedinja\n|\n|upkeep\n|turn|271\n|\n|t:|1643984193\n|switch|p2a: Toxapex|Toxapex, M|100\/100\n|move|p1a: Toxapex|Scald|p2a: Toxapex\n|-resisted|p2a: Toxapex\n|-damage|p2a: Toxapex|95\/100\n|-status|p2a: Toxapex|brn\n|\n|-damage|p2a: Toxapex|88\/100 brn|[from] brn\n|upkeep\n|turn|272\n|\n|t:|1643984200\n|switch|p1a: Clefable|Clefable, M|100\/100 psn\n|move|p2a: Toxapex|Toxic Spikes|p1a: Clefable\n|-sidestart|p1: Isaac Putin|move: Toxic Spikes\n|\n|-damage|p2a: Toxapex|82\/100 brn|[from] brn\n|upkeep\n|turn|273\n|\n|t:|1643984203\n|switch|p1a: Toxapex|Toxapex, M|100\/100\n|-sideend|p1: Isaac Putin|move: Toxic Spikes|[of] p1a: Toxapex\n|switch|p2a: Shedinja|Shedinja|100\/100\n|\n|upkeep\n|turn|274\n|inactive|Isaac Putin has 30 seconds left.\n|\n|t:|1643984213\n|switch|p2a: Toxapex|Toxapex, M|100\/100 brn\n|switch|p1a: Clefable|Clefable, M|100\/100 psn\n|\n|-damage|p2a: Toxapex|94\/100 brn|[from] brn\n|upkeep\n|turn|275\n|inactive|Isaac Putin has 30 seconds left this turn.\n|\n|t:|1643984220\n|switch|p1a: Zapdos|Zapdos|36\/100 tox\n|switch|p2a: Shedinja|Shedinja|100\/100\n|\n|-damage|p1a: Zapdos|30\/100 tox|[from] psn\n|upkeep\n|turn|276\n|inactive|Isaac Putin has 30 seconds left this turn.\n|\n|t:|1643984230\n|switch|p1a: Toxapex|Toxapex, M|100\/100\n|move|p2a: Shedinja|Shadow Claw|p1a: Toxapex\n|-damage|p1a: Toxapex|82\/100\n|\n|upkeep\n|turn|277\n|inactive|Isaac Putin has 25 seconds left this turn.\n|inactive|Isaac Putin has 20 seconds left.\n|\n|t:|1643984238\n|switch|p2a: Toxapex|Toxapex, M|100\/100 brn\n|switch|p1a: Clefable|Clefable, M|100\/100 psn\n|\n|-damage|p2a: Toxapex|94\/100 brn|[from] brn\n|upkeep\n|turn|278\n|inactive|Isaac Putin has 25 seconds left this turn.\n|\n|t:|1643984241\n|switch|p2a: Shedinja|Shedinja|100\/100\n|move|p1a: Clefable|Teleport|p1a: Clefable\n|inactive|Isaac Putin has 25 seconds left this turn.\n|inactive|Isaac Putin has 20 seconds left.\n|\n|t:|1643984249\n|switch|p1a: Zapdos|Zapdos|30\/100 tox|[from]move: Teleport\n|\n|-damage|p1a: Zapdos|23\/100 tox|[from] psn\n|upkeep\n|turn|279\n|inactive|Isaac Putin has 25 seconds left this turn.\n|\n|t:|1643984255\n|switch|p2a: Blissey|Blissey, F|83\/100\n|move|p1a: Zapdos|Roost|p1a: Zapdos\n|-heal|p1a: Zapdos|73\/100 tox\n|-singleturn|p1a: Zapdos|move: Roost\n|\n|-damage|p1a: Zapdos|61\/100 tox|[from] psn\n|upkeep\n|turn|280\n|inactive|Isaac Putin has 25 seconds left this turn.\n|j| Freezerman2.22\n|inactive|Isaac Putin has 20 seconds left.\n|\n|t:|1643984267\n|switch|p1a: Toxapex|Toxapex, M|100\/100\n|move|p2a: Blissey|Seismic Toss|p1a: Toxapex\n|-damage|p1a: Toxapex|68\/100\n|\n|upkeep\n|turn|281\n|inactive|Isaac Putin has 25 seconds left this turn.\n|inactive|Isaac Putin has 20 seconds left.\n|inactive|Isaac Putin has 15 seconds left.\n|\n|t:|1643984281\n|switch|p2a: Toxapex|Toxapex, M|100\/100 brn\n|move|p1a: Toxapex|Haze|p1a: Toxapex\n|-clearallboost\n|\n|-damage|p2a: Toxapex|94\/100 brn|[from] brn\n|upkeep\n|turn|282\n|inactive|Isaac Putin has 15 seconds left this turn.\n|\n|t:|1643984287\n|switch|p1a: Clefable|Clefable, M|100\/100 psn\n|move|p2a: Toxapex|Toxic Spikes|p1a: Clefable\n|-sidestart|p1: Isaac Putin|move: Toxic Spikes\n|\n|-damage|p2a: Toxapex|88\/100 brn|[from] brn\n|upkeep\n|turn|283\n|inactive|Isaac Putin has 20 seconds left this turn.\n|\n|t:|1643984290\n|switch|p1a: Toxapex|Toxapex, M|100\/100\n|-sideend|p1: Isaac Putin|move: Toxic Spikes|[of] p1a: Toxapex\n|switch|p2a: Shedinja|Shedinja|100\/100\n|\n|upkeep\n|turn|284\n|inactive|Isaac Putin has 20 seconds left this turn.\n|inactive|Isaac Putin has 15 seconds left.\n|c| JessieWessie|gonna be a shame to lose on timeout man lol\n|\n|t:|1643984299\n|switch|p2a: Toxapex|Toxapex, M|100\/100 brn\n|switch|p1a: Clefable|Clefable, M|100\/100 psn\n|\n|-damage|p2a: Toxapex|94\/100 brn|[from] brn\n|upkeep\n|turn|285\n|inactive|Isaac Putin has 20 seconds left this turn.\n|\n|t:|1643984304\n|switch|p1a: Toxapex|Toxapex, M|100\/100\n|move|p2a: Toxapex|Toxic Spikes|p1a: Toxapex\n|-sidestart|p1: Isaac Putin|move: Toxic Spikes\n|\n|-damage|p2a: Toxapex|88\/100 brn|[from] brn\n|upkeep\n|turn|286\n|inactive|Isaac Putin has 20 seconds left this turn.\n|j| Mani1517\n|\n|t:|1643984308\n|switch|p1a: Clefable|Clefable, M|100\/100 psn\n|move|p2a: Toxapex|Haze|p2a: Toxapex\n|-clearallboost\n|\n|-damage|p2a: Toxapex|82\/100 brn|[from] brn\n|upkeep\n|turn|287\n|inactive|Isaac Putin has 25 seconds left this turn.\n|\n|t:|1643984310\n|switch|p1a: Toxapex|Toxapex, M|100\/100\n|-sideend|p1: Isaac Putin|move: Toxic Spikes|[of] p1a: Toxapex\n|switch|p2a: Shedinja|Shedinja|100\/100\n|\n|upkeep\n|turn|288\n|inactive|Isaac Putin has 25 seconds left this turn.\n|inactive|Isaac Putin has 20 seconds left.\n|\n|t:|1643984317\n|switch|p2a: Toxapex|Toxapex, M|100\/100 brn\n|switch|p1a: Clefable|Clefable, M|100\/100 psn\n|\n|-damage|p2a: Toxapex|94\/100 brn|[from] brn\n|upkeep\n|turn|289\n|inactive|Isaac Putin has 25 seconds left this turn.\n|\n|t:|1643984321\n|switch|p1a: Toxapex|Toxapex, M|100\/100\n|switch|p2a: Shedinja|Shedinja|100\/100\n|\n|upkeep\n|turn|290\n|inactive|Isaac Putin has 25 seconds left this turn.\n|\n|t:|1643984324\n|switch|p2a: Toxapex|Toxapex, M|100\/100 brn\n|switch|p1a: Clefable|Clefable, M|100\/100 psn\n|\n|-damage|p2a: Toxapex|94\/100 brn|[from] brn\n|upkeep\n|turn|291\n|inactive|Isaac Putin has 30 seconds left this turn.\n|\n|t:|1643984328\n|switch|p1a: Toxapex|Toxapex, M|100\/100\n|switch|p2a: Shedinja|Shedinja|100\/100\n|\n|upkeep\n|turn|292\n|inactive|Isaac Putin has 30 seconds left this turn.\n|\n|t:|1643984332\n|switch|p2a: Toxapex|Toxapex, M|100\/100 brn\n|switch|p1a: Clefable|Clefable, M|100\/100 psn\n|\n|-damage|p2a: Toxapex|94\/100 brn|[from] brn\n|upkeep\n|turn|293\n|\n|t:|1643984334\n|switch|p1a: Toxapex|Toxapex, M|100\/100\n|switch|p2a: Shedinja|Shedinja|100\/100\n|\n|upkeep\n|turn|294\n|c| Mani1517|damn\n|\n|t:|1643984337\n|switch|p2a: Toxapex|Toxapex, M|100\/100 brn\n|switch|p1a: Clefable|Clefable, M|100\/100 psn\n|\n|-damage|p2a: Toxapex|94\/100 brn|[from] brn\n|upkeep\n|turn|295\n|\n|t:|1643984341\n|switch|p1a: Toxapex|Toxapex, M|100\/100\n|switch|p2a: Shedinja|Shedinja|100\/100\n|\n|upkeep\n|turn|296\n|\n|t:|1643984343\n|switch|p1a: Clefable|Clefable, M|100\/100 psn\n|move|p2a: Shedinja|Shadow Claw|p1a: Clefable\n|-damage|p1a: Clefable|64\/100 psn\n|\n|upkeep\n|turn|297\n|\n|t:|1643984348\n|switch|p1a: Toxapex|Toxapex, M|100\/100\n|move|p2a: Shedinja|Shadow Claw|p1a: Toxapex\n|-damage|p1a: Toxapex|83\/100\n|\n|upkeep\n|turn|298\n|\n|t:|1643984354\n|switch|p2a: Toxapex|Toxapex, M|100\/100 brn\n|move|p1a: Toxapex|Haze|p1a: Toxapex\n|-clearallboost\n|\n|-damage|p2a: Toxapex|94\/100 brn|[from] brn\n|upkeep\n|turn|299\n|j| AGCL6 Swas\n|\n|t:|1643984359\n|switch|p1a: Clefable|Clefable, M|64\/100 psn\n|move|p2a: Toxapex|Haze|p2a: Toxapex\n|-clearallboost\n|\n|-damage|p2a: Toxapex|88\/100 brn|[from] brn\n|upkeep\n|turn|300\n|j| Elesa101\n|\n|t:|1643984364\n|switch|p1a: Toxapex|Toxapex, M|100\/100\n|switch|p2a: Shedinja|Shedinja|100\/100\n|\n|upkeep\n|turn|301\n|\n|t:|1643984367\n|switch|p1a: Clefable|Clefable, M|64\/100 psn\n|move|p2a: Shedinja|Shadow Claw|p1a: Clefable\n|-damage|p1a: Clefable|31\/100 psn\n|\n|upkeep\n|turn|302\n|l| Elesa101\n|\n|t:|1643984374\n|switch|p1a: Toxapex|Toxapex, M|100\/100\n|move|p2a: Shedinja|Shadow Claw|p1a: Toxapex\n|-damage|p1a: Toxapex|81\/100\n|\n|upkeep\n|turn|303\n|\n|t:|1643984382\n|switch|p2a: Toxapex|Toxapex, M|100\/100 brn\n|move|p1a: Toxapex|Knock Off|p2a: Toxapex\n|-damage|p2a: Toxapex|94\/100 brn\n|\n|-damage|p2a: Toxapex|87\/100 brn|[from] brn\n|upkeep\n|turn|304\n|j| Down$hift\n|\n|t:|1643984387\n|switch|p1a: Clefable|Clefable, M|31\/100 psn\n|switch|p2a: Shedinja|Shedinja|100\/100\n|\n|upkeep\n|turn|305\n|\n|t:|1643984396\n|switch|p1a: Toxapex|Toxapex, M|100\/100\n|move|p2a: Shedinja|Shadow Claw|p1a: Toxapex\n|-crit|p1a: Toxapex\n|-damage|p1a: Toxapex|74\/100\n|\n|upkeep\n|turn|306\n|\n|t:|1643984402\n|switch|p2a: Toxapex|Toxapex, M|100\/100 brn\n|move|p1a: Toxapex|Haze|p1a: Toxapex\n|-clearallboost\n|\n|-damage|p2a: Toxapex|94\/100 brn|[from] brn\n|upkeep\n|turn|307\n|\n|t:|1643984407\n|switch|p1a: Clefable|Clefable, M|31\/100 psn\n|move|p2a: Toxapex|Toxic Spikes|p1a: Clefable\n|-sidestart|p1: Isaac Putin|move: Toxic Spikes\n|\n|-damage|p2a: Toxapex|88\/100 brn|[from] brn\n|upkeep\n|turn|308\n|\n|t:|1643984411\n|switch|p2a: Corviknight|Corviknight, F|81\/100\n|-ability|p2a: Corviknight|Pressure\n|move|p1a: Clefable|Wish|p1a: Clefable\n|\n|upkeep\n|turn|309\n|\n|t:|1643984418\n|switch|p2a: Shedinja|Shedinja|100\/100\n|move|p1a: Clefable|Protect||[still]\n|-fail|p1a: Clefable\n|\n|-heal|p1a: Clefable|81\/100 psn|[from] move: Wish|[wisher] Clefable\n|upkeep\n|turn|310\n|\n|t:|1643984421\n|switch|p1a: Toxapex|Toxapex, M|100\/100\n|-sideend|p1: Isaac Putin|move: Toxic Spikes|[of] p1a: Toxapex\n|move|p2a: Shedinja|Shadow Claw|p1a: Toxapex\n|-damage|p1a: Toxapex|81\/100\n|\n|upkeep\n|turn|311\n|\n|t:|1643984428\n|switch|p2a: Toxapex|Toxapex, M|100\/100 brn\n|move|p1a: Toxapex|Haze|p1a: Toxapex\n|-clearallboost\n|\n|-damage|p2a: Toxapex|94\/100 brn|[from] brn\n|upkeep\n|turn|312\n|\n|t:|1643984436\n|switch|p1a: Clefable|Clefable, M|81\/100 psn\n|move|p2a: Toxapex|Haze|p2a: Toxapex\n|-clearallboost\n|\n|-damage|p2a: Toxapex|88\/100 brn|[from] brn\n|upkeep\n|turn|313\n|\n|t:|1643984440\n|switch|p1a: Toxapex|Toxapex, M|100\/100\n|switch|p2a: Shedinja|Shedinja|100\/100\n|\n|upkeep\n|turn|314\n|\n|t:|1643984445\n|switch|p2a: Toxapex|Toxapex, M|100\/100 brn\n|move|p1a: Toxapex|Haze|p1a: Toxapex\n|-clearallboost\n|\n|-damage|p2a: Toxapex|94\/100 brn|[from] brn\n|upkeep\n|turn|315\n|\n|t:|1643984449\n|switch|p1a: Clefable|Clefable, M|81\/100 psn\n|move|p2a: Toxapex|Haze|p2a: Toxapex\n|-clearallboost\n|\n|-damage|p2a: Toxapex|88\/100 brn|[from] brn\n|upkeep\n|turn|316\n|\n|t:|1643984454\n|switch|p2a: Shedinja|Shedinja|100\/100\n|move|p1a: Clefable|Teleport|p1a: Clefable\n|j| fruityiscool423\n|c| Mani1517|Toxapex alone will pp stall your whole team\n|\n|t:|1643984459\n|switch|p1a: Kartana|Kartana|88\/100|[from]move: Teleport\n|\n|upkeep\n|turn|317\n|c| Mani1517|kokoukohiro\n|c| Down$hift|Idk how tf\n|\n|t:|1643984467\n|switch|p1a: Toxapex|Toxapex, M|100\/100\n|move|p2a: Shedinja|Protect||[still]\n|-fail|p2a: Shedinja\n|\n|upkeep\n|turn|318\n|c| Down$hift|rachi died\n|\n|t:|1643984476\n|switch|p2a: Toxapex|Toxapex, M|100\/100 brn\n|move|p1a: Toxapex|Knock Off|p2a: Toxapex\n|-damage|p2a: Toxapex|95\/100 brn\n|\n|-damage|p2a: Toxapex|88\/100 brn|[from] brn\n|upkeep\n|turn|319\n|c| Down$hift|just came back to this cursed match\n|inactive|Isaac Putin has 60 seconds left.\n|c| Down$hift|And rachi is dead\n|\n|t:|1643984484\n|switch|p1a: Clefable|Clefable, M|81\/100 psn\n|move|p2a: Toxapex|Toxic Spikes|p1a: Clefable\n|-sidestart|p1: Isaac Putin|move: Toxic Spikes\n|\n|-damage|p2a: Toxapex|82\/100 brn|[from] brn\n|upkeep\n|turn|320\n|c| Yb is Better|watch from the start bro Down$hiftn\n|\n|t:|1643984490\n|switch|p1a: Toxapex|Toxapex, M|100\/100\n|-sideend|p1: Isaac Putin|move: Toxic Spikes|[of] p1a: Toxapex\n|switch|p2a: Shedinja|Shedinja|100\/100\n|\n|upkeep\n|turn|321\n|inactive|Isaac Putin has 60 seconds left.\n|\n|t:|1643984497\n|switch|p2a: Toxapex|Toxapex, M|100\/100 brn\n|switch|p1a: Clefable|Clefable, M|81\/100 psn\n|\n|-damage|p2a: Toxapex|94\/100 brn|[from] brn\n|upkeep\n|turn|322\n|\n|t:|1643984502\n|switch|p1a: Toxapex|Toxapex, M|100\/100\n|switch|p2a: Shedinja|Shedinja|100\/100\n|\n|upkeep\n|turn|323\n|inactive|Isaac Putin has 60 seconds left.\n|c| JessieWessie|lol, whose really gonna watch this from the start?\n|\n|t:|1643984513\n|switch|p2a: Toxapex|Toxapex, M|100\/100 brn\n|switch|p1a: Excadrill|Excadrill, F|100\/100\n|\n|-damage|p2a: Toxapex|94\/100 brn|[from] brn\n|upkeep\n|turn|324\n|c| cute asian gurl|knocked off kartana 6-0s\n|c| Yb is Better|thats the joke bozo\n|\n|t:|1643984522\n|switch|p1a: Dragapult|Dragapult, F|76\/100\n|switch|p2a: Quagsire|Quagsire, F|100\/100\n|\n|upkeep\n|turn|325\n|c| cute asian gurl|the play would have been to let it being knocked off\n|\n|t:|1643984531\n|switch|p1a: Clefable|Clefable, M|81\/100 psn\n|switch|p2a: Blissey|Blissey, F|83\/100\n|\n|upkeep\n|turn|326\n|\n|t:|1643984553\n|switch|p1a: Toxapex|Toxapex, M|100\/100\n|switch|p2a: Shedinja|Shedinja|100\/100\n|\n|upkeep\n|turn|327\n|c| Down$hift|Oh he fucking sacked it to kart\n|inactive|Isaac Putin has 30 seconds left.\n|c| Down$hift|lmai\n|\n|t:|1643984559\n|switch|p2a: Toxapex|Toxapex, M|100\/100 brn\n|move|p1a: Toxapex|Haze|p1a: Toxapex\n|-clearallboost\n|\n|-damage|p2a: Toxapex|94\/100 brn|[from] brn\n|upkeep\n|turn|328\n|c| Down$hift|lmao\n|\n|t:|1643984563\n|switch|p1a: Clefable|Clefable, M|81\/100 psn\n|move|p2a: Toxapex|Haze|p2a: Toxapex\n|-clearallboost\n|\n|-damage|p2a: Toxapex|88\/100 brn|[from] brn\n|upkeep\n|turn|329\n|inactive|Isaac Putin has 30 seconds left.\n|c| Mani1517|corvi is fucking dead\n|c| Mani1517|already\n|\n|t:|1643984575\n|switch|p2a: Shedinja|Shedinja|100\/100\n|move|p1a: Clefable|Teleport|p1a: Clefable\n|inactive|Isaac Putin has 30 seconds left this turn.\n|\n|t:|1643984580\n|switch|p1a: Kartana|Kartana|88\/100|[from]move: Teleport\n|\n|upkeep\n|turn|330\n|inactive|Isaac Putin has 30 seconds left this turn.\n|\n|t:|1643984584\n|switch|p1a: Clefable|Clefable, M|81\/100 psn\n|switch|p2a: Toxapex|Toxapex, M|100\/100 brn\n|\n|-damage|p2a: Toxapex|94\/100 brn|[from] brn\n|upkeep\n|turn|331\n|l| AGCL6 Swas\n|inactive|Isaac Putin has 30 seconds left.\n|c| Mani1517|u guys wanna draw\n|\n|t:|1643984595\n|switch|p1a: Toxapex|Toxapex, M|100\/100\n|switch|p2a: Shedinja|Shedinja|100\/100\n|\n|upkeep\n|turn|332\n|inactive|Isaac Putin has 25 seconds left this turn.\n|\n|t:|1643984599\n|move|p2a: Shedinja|Shadow Claw|p1a: Toxapex\n|-damage|p1a: Toxapex|82\/100\n|move|p1a: Toxapex|Haze|p1a: Toxapex\n|-clearallboost\n|\n|upkeep\n|turn|333\n|inactive|Isaac Putin has 30 seconds left this turn.\n|c| JessieWessie|draw? hell naw\n|\n|t:|1643984604\n|switch|p2a: Toxapex|Toxapex, M|100\/100 brn\n|move|p1a: Toxapex|Haze|p1a: Toxapex\n|-clearallboost\n|\n|-damage|p2a: Toxapex|94\/100 brn|[from] brn\n|upkeep\n|turn|334\n|inactive|Isaac Putin has 30 seconds left this turn.\n|j| AGCL6 Swas\n|\n|t:|1643984609\n|switch|p1a: Clefable|Clefable, M|81\/100 psn\n|move|p2a: Toxapex|Haze|p2a: Toxapex\n|-clearallboost\n|\n|-damage|p2a: Toxapex|88\/100 brn|[from] brn\n|upkeep\n|turn|335\n|c| Mani1517|there is a option for it ya know\n|c| JessieWessie|this a fight to the death!\n|c| Down$hift|One of you just do\n|inactive|Isaac Putin has 30 seconds left.\n|c| Down$hift|\/\/offertie\n|c|\u2606Isaac Putin|THE WIN IS MINE\n|\n|t:|1643984622\n|switch|p1a: Toxapex|Toxapex, M|100\/100\n|switch|p2a: Shedinja|Shedinja|100\/100\n|\n|upkeep\n|turn|336\n|inactive|Isaac Putin has 25 seconds left this turn.\n|l| ian_yo\n|inactive|Isaac Putin has 20 seconds left.\n|l| Freezerman2.22\n|c| Down$hift|Doubt\n|\n|t:|1643984630\n|switch|p2a: Toxapex|Toxapex, M|100\/100 brn\n|switch|p1a: Excadrill|Excadrill, F|100\/100\n|\n|-damage|p2a: Toxapex|94\/100 brn|[from] brn\n|upkeep\n|turn|337\n|inactive|Isaac Putin has 25 seconds left this turn.\n|inactive|Isaac Putin has 20 seconds left.\n|j| Mimikyu Stardust\n|c| cute asian gurl|Isaac Putin why don't you just set up SR\n|\n|t:|1643984637\n|switch|p2a: Quagsire|Quagsire, F|100\/100\n|move|p1a: Excadrill|Earthquake|p2a: Quagsire\n|-damage|p2a: Quagsire|62\/100\n|\n|-heal|p2a: Quagsire|68\/100|[from] item: Leftovers\n|upkeep\n|turn|338\n|inactive|Isaac Putin has 20 seconds left this turn.\n|c| JessieWessie|man wants to make 6 wall team, let him go the distance\n|j| h moment\n|c|\u2606kokoukohiro|you need sword dance man\n|c|\u2606Isaac Putin|I don't have rocks\n|\n|t:|1643984658\n|move|p1a: Excadrill|Earthquake|p2a: Quagsire\n|-damage|p2a: Quagsire|32\/100\n|move|p2a: Quagsire|Recover|p2a: Quagsire\n|-heal|p2a: Quagsire|82\/100\n|\n|-heal|p2a: Quagsire|88\/100|[from] item: Leftovers\n|upkeep\n|turn|339\n|inactive|Isaac Putin has 25 seconds left this turn.\n|inactive|Isaac Putin has 20 seconds left.\n|\n|t:|1643984664\n|switch|p1a: Clefable|Clefable, M|81\/100 psn\n|move|p2a: Quagsire|Scald|p1a: Clefable\n|-damage|p1a: Clefable|68\/100 psn\n|\n|-heal|p2a: Quagsire|94\/100|[from] item: Leftovers\n|upkeep\n|turn|340\n|inactive|Isaac Putin has 20 seconds left this turn.\n|c| cute asian gurl|no rocks >\n|c| cute asian gurl|asd\n|inactive|Isaac Putin has 15 seconds left.\n|c| cute asian gurl|sad*\n|\n|t:|1643984670\n|switch|p1a: Toxapex|Toxapex, M|100\/100\n|switch|p2a: Shedinja|Shedinja|100\/100\n|\n|upkeep\n|turn|341\n|inactive|Isaac Putin has 20 seconds left this turn.\n|inactive|Isaac Putin has 15 seconds left.\n|\n|t:|1643984679\n|switch|p2a: Toxapex|Toxapex, M|100\/100 brn\n|switch|p1a: Excadrill|Excadrill, F|100\/100\n|\n|-damage|p2a: Toxapex|94\/100 brn|[from] brn\n|upkeep\n|turn|342\n|inactive|Isaac Putin has 15 seconds left this turn.\n|inactive|Isaac Putin has 10 seconds left.\n|\n|t:|1643984684\n|switch|p2a: Quagsire|Quagsire, F|94\/100\n|move|p1a: Excadrill|Rapid Spin|p2a: Quagsire\n|-damage|p2a: Quagsire|81\/100\n|-boost|p1a: Excadrill|spe|1\n|\n|-heal|p2a: Quagsire|87\/100|[from] item: Leftovers\n|upkeep\n|turn|343\n|inactive|Isaac Putin has 15 seconds left this turn.\n|c| Down$hift|Literally just switch forever\n|\n|t:|1643984691\n|switch|p1a: Toxapex|Toxapex, M|100\/100\n|move|p2a: Quagsire|Recover|p2a: Quagsire\n|-heal|p2a: Quagsire|100\/100\n|\n|upkeep\n|turn|344\n|inactive|Isaac Putin has 15 seconds left this turn.\n|inactive|Isaac Putin has 10 seconds left.\n|inactive|kokoukohiro has 120 seconds left.\n|\n|t:|1643984698\n|switch|p1a: Excadrill|Excadrill, F|100\/100\n|switch|p2a: Toxapex|Toxapex, M|100\/100 brn\n|\n|-damage|p2a: Toxapex|94\/100 brn|[from] brn\n|upkeep\n|turn|345\n|inactive|Isaac Putin has 15 seconds left this turn.\n|\n|t:|1643984702\n|switch|p1a: Toxapex|Toxapex, M|100\/100\n|switch|p2a: Quagsire|Quagsire, F|100\/100\n|\n|upkeep\n|turn|346\n|inactive|Isaac Putin has 15 seconds left this turn.\n|c| JessieWessie|watch your time issac\n|inactive|kokoukohiro has 120 seconds left.\n|\n|t:|1643984709\n|switch|p1a: Clefable|Clefable, M|68\/100 psn\n|switch|p2a: Toxapex|Toxapex, M|100\/100 brn\n|\n|-damage|p2a: Toxapex|94\/100 brn|[from] brn\n|upkeep\n|turn|347\n|inactive|Isaac Putin has 20 seconds left this turn.\n|j| Iyesto\n|c| Mimikyu Stardust|only 1500 too\n|inactive|kokoukohiro has 120 seconds left.\n|\n|t:|1643984714\n|switch|p1a: Toxapex|Toxapex, M|100\/100\n|switch|p2a: Shedinja|Shedinja|100\/100\n|\n|upkeep\n|turn|348\n|inactive|Isaac Putin has 20 seconds left this turn.\n|\n|t:|1643984719\n|switch|p2a: Toxapex|Toxapex, M|100\/100 brn\n|move|p1a: Toxapex|Knock Off|p2a: Toxapex\n|-damage|p2a: Toxapex|95\/100 brn\n|\n|-damage|p2a: Toxapex|88\/100 brn|[from] brn\n|upkeep\n|turn|349\n|inactive|Isaac Putin has 25 seconds left this turn.\n|inactive|kokoukohiro has 120 seconds left.\n|\n|t:|1643984727\n|switch|p1a: Clefable|Clefable, M|68\/100 psn\n|move|p2a: Toxapex|Haze|p2a: Toxapex\n|-clearallboost\n|\n|-damage|p2a: Toxapex|82\/100 brn|[from] brn\n|upkeep\n|turn|350\n|inactive|Isaac Putin has 25 seconds left this turn.\n|inactive|Isaac Putin has 20 seconds left.\n|\n|t:|1643984732\n|switch|p2a: Shedinja|Shedinja|100\/100\n|move|p1a: Clefable|Wish|p1a: Clefable\n|\n|upkeep\n|turn|351\n|inactive|Isaac Putin has 25 seconds left this turn.\n|l| Iyesto\n|c| Yb is Better|bro yall got patience i would left after 50 turns\n|inactive|kokoukohiro has 120 seconds left.\n|c| Yb is Better|no cap fuck a W\n|\n|t:|1643984743\n|move|p1a: Clefable|Protect|p1a: Clefable\n|-singleturn|p1a: Clefable|Protect\n|move|p2a: Shedinja|Shadow Claw|p1a: Clefable\n|-activate|p1a: Clefable|move: Protect\n|\n|-heal|p1a: Clefable|100\/100 psn|[from] move: Wish|[wisher] Clefable\n|upkeep\n|turn|352\n|inactive|Isaac Putin has 25 seconds left this turn.\n|c| Yb is Better|this shit is ass\n|c| JessieWessie|loll\n|inactive|Isaac Putin has 20 seconds left.\n|\n|t:|1643984750\n|switch|p1a: Toxapex|Toxapex, M|100\/100\n|move|p2a: Shedinja|Shadow Claw|p1a: Toxapex\n|-damage|p1a: Toxapex|81\/100\n|\n|upkeep\n|turn|353\n|inactive|Isaac Putin has 25 seconds left this turn.\n|c| Down$hift|Just draw oml\n|inactive|Isaac Putin has 20 seconds left.\n|\n|t:|1643984756\n|switch|p2a: Toxapex|Toxapex, M|100\/100 brn\n|move|p1a: Toxapex|Haze|p1a: Toxapex\n|-clearallboost\n|\n|-damage|p2a: Toxapex|94\/100 brn|[from] brn\n|upkeep\n|turn|354\n|inactive|Isaac Putin has 20 seconds left this turn.\n|c| cute asian gurl|Isaac Putin can't ff, he's winning\n|\n|t:|1643984764\n|switch|p1a: Clefable|Clefable, M|100\/100 psn\n|move|p2a: Toxapex|Toxic Spikes|p1a: Clefable\n|-sidestart|p1: Isaac Putin|move: Toxic Spikes\n|\n|-damage|p2a: Toxapex|88\/100 brn|[from] brn\n|upkeep\n|turn|355\n|inactive|Isaac Putin has 25 seconds left this turn.\n|c| JessieWessie|but we have 12 viewers! draw would be anticlimactic\n|inactive|Isaac Putin has 20 seconds left.\n|\n|t:|1643984769\n|switch|p1a: Toxapex|Toxapex, M|100\/100\n|-sideend|p1: Isaac Putin|move: Toxic Spikes|[of] p1a: Toxapex\n|switch|p2a: Shedinja|Shedinja|100\/100\n|\n|upkeep\n|turn|356\n|inactive|Isaac Putin has 20 seconds left this turn.\n|c| cute asian gurl|kokoukohiro is the one that should ff\n|c| Mani1517|I would rather win lose a long game to win a few games later\n|inactive|Isaac Putin has 15 seconds left.\n|\n|t:|1643984782\n|switch|p2a: Toxapex|Toxapex, M|100\/100 brn\n|switch|p1a: Excadrill|Excadrill, F|100\/100\n|\n|-damage|p2a: Toxapex|94\/100 brn|[from] brn\n|upkeep\n|turn|357\n|inactive|Isaac Putin has 20 seconds left this turn.\n|c| Mani1517|what did I say\n|\n|t:|1643984787\n|switch|p2a: Quagsire|Quagsire, F|100\/100\n|move|p1a: Excadrill|Swords Dance|p1a: Excadrill\n|-boost|p1a: Excadrill|atk|2\n|\n|upkeep\n|turn|358\n|inactive|Isaac Putin has 20 seconds left this turn.\n|c| Yb is Better|what\n|\n|t:|1643984794\n|switch|p1a: Toxapex|Toxapex, M|100\/100\n|move|p2a: Quagsire|Scald|p1a: Toxapex\n|-resisted|p1a: Toxapex\n|-damage|p1a: Toxapex|93\/100\n|\n|upkeep\n|turn|359\n|inactive|Isaac Putin has 25 seconds left this turn.\n|c| Mani1517|cut win\n|c| Yb is Better|boy is off the goop tremendously\n|inactive|Isaac Putin has 20 seconds left.\n|\n|t:|1643984800\n|switch|p1a: Clefable|Clefable, M|100\/100 psn\n|switch|p2a: Toxapex|Toxapex, M|100\/100 brn\n|\n|-damage|p2a: Toxapex|94\/100 brn|[from] brn\n|upkeep\n|turn|360\n|inactive|Isaac Putin has 20 seconds left this turn.\n|c| Down$hift|Idk who actually wins this ngl\n|c| JessieWessie|this isn't a battle for points, this is a battle for respect\n|inactive|Isaac Putin has 15 seconds left.\n|\n|t:|1643984806\n|switch|p1a: Toxapex|Toxapex, M|100\/100\n|move|p2a: Toxapex|Knock Off|p1a: Toxapex\n|-damage|p1a: Toxapex|98\/100\n|\n|-damage|p2a: Toxapex|88\/100 brn|[from] brn\n|upkeep\n|turn|361\n|inactive|Isaac Putin has 20 seconds left this turn.\n|c| Down$hift|it wouldve helped to\n|c| Down$hift|not sack rachi\n|inactive|Isaac Putin has 15 seconds left.\n|\n|t:|1643984814\n|switch|p1a: Excadrill|Excadrill, F|100\/100\n|move|p2a: Toxapex|Haze|p2a: Toxapex\n|-clearallboost\n|\n|-damage|p2a: Toxapex|82\/100 brn|[from] brn\n|upkeep\n|turn|362\n|inactive|Isaac Putin has 15 seconds left this turn.\n|\n|t:|1643984819\n|switch|p2a: Quagsire|Quagsire, F|100\/100\n|move|p1a: Excadrill|Swords Dance|p1a: Excadrill\n|-boost|p1a: Excadrill|atk|2\n|\n|upkeep\n|turn|363\n|inactive|Isaac Putin has 20 seconds left this turn.\n|\n|t:|1643984825\n|move|p1a: Excadrill|Earthquake|p2a: Quagsire\n|-damage|p2a: Quagsire|60\/100\n|move|p2a: Quagsire|Earthquake|p1a: Excadrill\n|-supereffective|p1a: Excadrill\n|-damage|p1a: Excadrill|22\/100\n|\n|-heal|p1a: Excadrill|28\/100|[from] item: Leftovers\n|-heal|p2a: Quagsire|66\/100|[from] item: Leftovers\n|upkeep\n|turn|364\n|inactive|Isaac Putin has 20 seconds left this turn.\n|c| h moment|isaac putin i love that name\n|inactive|Isaac Putin has 15 seconds left.\n|\n|t:|1643984831\n|switch|p1a: Clefable|Clefable, M|100\/100 psn\n|move|p2a: Quagsire|Recover|p2a: Quagsire\n|-heal|p2a: Quagsire|100\/100\n|\n|upkeep\n|turn|365\n|inactive|Isaac Putin has 20 seconds left this turn.\n|inactive|Isaac Putin has 15 seconds left.\n|\n|t:|1643984838\n|switch|p1a: Toxapex|Toxapex, M|100\/100\n|switch|p2a: Shedinja|Shedinja|100\/100\n|\n|upkeep\n|turn|366\n|inactive|Isaac Putin has 15 seconds left this turn.\n|\n|t:|1643984843\n|switch|p2a: Toxapex|Toxapex, M|100\/100 brn\n|move|p1a: Toxapex|Haze|p1a: Toxapex\n|-clearallboost\n|\n|-damage|p2a: Toxapex|94\/100 brn|[from] brn\n|upkeep\n|turn|367\n|inactive|Isaac Putin has 20 seconds left this turn.\n|\n|t:|1643984846\n|switch|p1a: Clefable|Clefable, M|100\/100 psn\n|move|p2a: Toxapex|Haze|p2a: Toxapex\n|-clearallboost\n|\n|-damage|p2a: Toxapex|88\/100 brn|[from] brn\n|upkeep\n|turn|368\n|inactive|Isaac Putin has 20 seconds left this turn.\n|inactive|Isaac Putin has 15 seconds left.\n|\n|t:|1643984852\n|switch|p1a: Toxapex|Toxapex, M|100\/100\n|switch|p2a: Corviknight|Corviknight, F|81\/100\n|-ability|p2a: Corviknight|Pressure\n|\n|upkeep\n|turn|369\n|inactive|Isaac Putin has 20 seconds left this turn.\n|inactive|Isaac Putin has 15 seconds left.\n|\n|t:|1643984857\n|switch|p2a: Toxapex|Toxapex, M|100\/100 brn\n|move|p1a: Toxapex|Scald|p2a: Toxapex\n|-resisted|p2a: Toxapex\n|-damage|p2a: Toxapex|94\/100 brn\n|\n|-damage|p2a: Toxapex|88\/100 brn|[from] brn\n|upkeep\n|turn|370\n|inactive|Isaac Putin has 15 seconds left this turn.\n|c| Mimikyu Stardust|wait\n|c| Mimikyu Stardust|why is that drill\n|c| Mimikyu Stardust|not mold breaker\n|c| Down$hift|This is longer than my longest game\n|\n|t:|1643984867\n|switch|p1a: Clefable|Clefable, M|100\/100 psn\n|move|p2a: Toxapex|Haze|p2a: Toxapex\n|-clearallboost\n|\n|-damage|p2a: Toxapex|81\/100 brn|[from] brn\n|upkeep\n|turn|371\n|inactive|Isaac Putin has 20 seconds left this turn.\n|inactive|Isaac Putin has 15 seconds left.\n|c| cute asian gurl|ye Mimikyu Stardust Sadge\n|\n|t:|1643984872\n|switch|p2a: Shedinja|Shedinja|100\/100\n|move|p1a: Clefable|Teleport|p1a: Clefable\n|inactive|Isaac Putin has 15 seconds left this turn.\n|\n|t:|1643984876\n|switch|p1a: Kartana|Kartana|88\/100|[from]move: Teleport\n|\n|upkeep\n|turn|372\n|inactive|Isaac Putin has 20 seconds left this turn.\n|c| JessieWessie|mold breaker drill would have been bae right now\n|c| Mimikyu Stardust|thing wouldve won on the spot\n|inactive|Isaac Putin has 15 seconds left.\n|c| Mimikyu Stardust|lol\n|\n|t:|1643984883\n|switch|p1a: Toxapex|Toxapex, M|100\/100\n|switch|p2a: Toxapex|Toxapex, M|100\/100 brn\n|\n|-damage|p2a: Toxapex|94\/100 brn|[from] brn\n|upkeep\n|turn|373\n|inactive|Isaac Putin has 15 seconds left this turn.\n|inactive|Isaac Putin has 10 seconds left.\n|c| Down$hift|yea if he had mold breaker he won\n|\n|t:|1643984890\n|switch|p1a: Clefable|Clefable, M|100\/100 psn\n|move|p2a: Toxapex|Toxic Spikes|p1a: Clefable\n|-sidestart|p1: Isaac Putin|move: Toxic Spikes\n|\n|-damage|p2a: Toxapex|88\/100 brn|[from] brn\n|upkeep\n|turn|374\n|inactive|Isaac Putin has 15 seconds left this turn.\n|inactive|Isaac Putin has 10 seconds left.\n|\n|t:|1643984895\n|switch|p2a: Shedinja|Shedinja|100\/100\n|move|p1a: Clefable|Teleport|p1a: Clefable\n|inactive|Isaac Putin has 10 seconds left this turn.\n|c| cute asian gurl|i mean team has no SR either\n|\n|t:|1643984899\n|switch|p1a: Kartana|Kartana|88\/100|[from]move: Teleport\n|\n|upkeep\n|turn|375\n|inactive|Isaac Putin has 15 seconds left this turn.\n|\n|t:|1643984903\n|switch|p1a: Toxapex|Toxapex, M|100\/100\n|-sideend|p1: Isaac Putin|move: Toxic Spikes|[of] p1a: Toxapex\n|move|p2a: Shedinja|Shadow Claw|p1a: Toxapex\n|-damage|p1a: Toxapex|81\/100\n|\n|upkeep\n|turn|376\n|inactive|Isaac Putin has 15 seconds left this turn.\n|inactive|Isaac Putin has 10 seconds left.\n|\n|t:|1643984910\n|switch|p2a: Toxapex|Toxapex, M|100\/100 brn\n|switch|p1a: Kartana|Kartana|88\/100\n|\n|-damage|p2a: Toxapex|94\/100 brn|[from] brn\n|upkeep\n|turn|377\n|inactive|Isaac Putin has 15 seconds left this turn.\n|\n|t:|1643984919\n|move|p1a: Kartana|Knock Off|p2a: Toxapex\n|-damage|p2a: Toxapex|67\/100 brn\n|move|p2a: Toxapex|Recover|p2a: Toxapex\n|-heal|p2a: Toxapex|100\/100 brn\n|\n|-damage|p2a: Toxapex|94\/100 brn|[from] brn\n|upkeep\n|turn|378\n|inactive|Isaac Putin has 15 seconds left this turn.\n|\n|t:|1643984924\n|switch|p1a: Toxapex|Toxapex, M|100\/100\n|move|p2a: Toxapex|Knock Off|p1a: Toxapex\n|-damage|p1a: Toxapex|98\/100\n|\n|-damage|p2a: Toxapex|88\/100 brn|[from] brn\n|upkeep\n|turn|379\n|inactive|Isaac Putin has 20 seconds left this turn.\n|c| JessieWessie|its a team in experiment, he will polish it  :p\n|inactive|Isaac Putin has 15 seconds left.\n|\n|t:|1643984933\n|move|p2a: Toxapex|Haze|p2a: Toxapex\n|-clearallboost\n|move|p1a: Toxapex|Knock Off|p2a: Toxapex\n|-damage|p2a: Toxapex|82\/100 brn\n|\n|-damage|p2a: Toxapex|75\/100 brn|[from] brn\n|upkeep\n|turn|380\n|inactive|Isaac Putin has 15 seconds left this turn.\n|\n|t:|1643984941\n|switch|p1a: Clefable|Clefable, M|100\/100 psn\n|move|p2a: Toxapex|Haze|p2a: Toxapex\n|-clearallboost\n|\n|-damage|p2a: Toxapex|69\/100 brn|[from] brn\n|upkeep\n|turn|381\n|inactive|Isaac Putin has 20 seconds left this turn.\n|\n|t:|1643984945\n|switch|p1a: Toxapex|Toxapex, M|100\/100\n|switch|p2a: Shedinja|Shedinja|100\/100\n|\n|upkeep\n|turn|382\n|inactive|Isaac Putin has 20 seconds left this turn.\n|\n|t:|1643984950\n|switch|p2a: Toxapex|Toxapex, M|100\/100 brn\n|move|p1a: Toxapex|Haze|p1a: Toxapex\n|-clearallboost\n|\n|-damage|p2a: Toxapex|94\/100 brn|[from] brn\n|upkeep\n|turn|383\n|inactive|Isaac Putin has 25 seconds left this turn.\n|\n|t:|1643984953\n|switch|p1a: Clefable|Clefable, M|100\/100 psn\n|move|p2a: Toxapex|Haze|p2a: Toxapex\n|-clearallboost\n|\n|-damage|p2a: Toxapex|88\/100 brn|[from] brn\n|upkeep\n|turn|384\n|inactive|Isaac Putin has 25 seconds left this turn.\n|\n|t:|1643984957\n|switch|p1a: Toxapex|Toxapex, M|100\/100\n|switch|p2a: Shedinja|Shedinja|100\/100\n|\n|upkeep\n|turn|385\n|inactive|Isaac Putin has 30 seconds left this turn.\n|\n|t:|1643984964\n|switch|p2a: Toxapex|Toxapex, M|100\/100 brn\n|move|p1a: Toxapex|Haze|p1a: Toxapex\n|-clearallboost\n|\n|-damage|p2a: Toxapex|94\/100 brn|[from] brn\n|upkeep\n|turn|386\n|inactive|Isaac Putin has 25 seconds left this turn.\n|\n|t:|1643984968\n|switch|p1a: Clefable|Clefable, M|100\/100 psn\n|move|p2a: Toxapex|Haze|p2a: Toxapex\n|-clearallboost\n|\n|-damage|p2a: Toxapex|88\/100 brn|[from] brn\n|upkeep\n|turn|387\n|inactive|Isaac Putin has 30 seconds left this turn.\n|c| Yb is Better|wait so u tellin me this man has non mold drill\n|c| Yb is Better|with no sand\n|\n|t:|1643984972\n|switch|p1a: Dragapult|Dragapult, F|76\/100\n|switch|p2a: Shedinja|Shedinja|100\/100\n|\n|upkeep\n|turn|388\n|inactive|Isaac Putin has 30 seconds left this turn.\n|\n|t:|1643984977\n|switch|p2a: Blissey|Blissey, F|83\/100\n|move|p1a: Dragapult|Hex|p2a: Blissey\n|-immune|p2a: Blissey\n|\n|upkeep\n|turn|389\n|\n|t:|1643984982\n|switch|p1a: Toxapex|Toxapex, M|100\/100\n|move|p2a: Blissey|Toxic|p1a: Toxapex|[miss]\n|-miss|p2a: Blissey|p1a: Toxapex\n|\n|upkeep\n|turn|390\n|inactive|Isaac Putin has 30 seconds left.\n|c| Yb is Better|& no rocks???\n|\n|t:|1643984988\n|switch|p2a: Toxapex|Toxapex, M|100\/100 brn\n|switch|p1a: Clefable|Clefable, M|100\/100 psn\n|\n|-damage|p2a: Toxapex|94\/100 brn|[from] brn\n|upkeep\n|turn|391\n|c| Down$hift|I feel like if kokou just stopped clicking attacks he could win\/draw this\n|inactive|Isaac Putin has 30 seconds left.\n|\n|t:|1643984995\n|switch|p1a: Toxapex|Toxapex, M|100\/100\n|switch|p2a: Shedinja|Shedinja|100\/100\n|\n|upkeep\n|turn|392\n|inactive|Isaac Putin has 30 seconds left this turn.\n|c| Down$hift|just switch\n|c|\u2606Isaac Putin|WHAT DO CHAT\n|\n|t:|1643985005\n|switch|p2a: Toxapex|Toxapex, M|100\/100 brn\n|move|p1a: Toxapex|Haze|p1a: Toxapex\n|-clearallboost\n|\n|-damage|p2a: Toxapex|94\/100 brn|[from] brn\n|upkeep\n|turn|393\n|inactive|Isaac Putin has 30 seconds left this turn.\n|\n|t:|1643985011\n|switch|p1a: Clefable|Clefable, M|100\/100 psn\n|move|p2a: Toxapex|Toxic Spikes|p1a: Clefable\n|-sidestart|p1: Isaac Putin|move: Toxic Spikes\n|\n|-damage|p2a: Toxapex|88\/100 brn|[from] brn\n|upkeep\n|turn|394\n|inactive|Isaac Putin has 30 seconds left this turn.\n|\n|t:|1643985017\n|switch|p1a: Toxapex|Toxapex, M|100\/100\n|-sideend|p1: Isaac Putin|move: Toxic Spikes|[of] p1a: Toxapex\n|switch|p2a: Shedinja|Shedinja|100\/100\n|\n|upkeep\n|turn|395\n|inactive|Isaac Putin has 30 seconds left this turn.\n|inactiveoff|Battle timer is now OFF.\n|c| Down$hift|Ngl i have a feeling this shit is gonna go to 1000\n|\n|t:|1643985029\n|switch|p2a: Toxapex|Toxapex, M|100\/100 brn\n|switch|p1a: Zapdos|Zapdos|61\/100 tox\n|\n|-damage|p1a: Zapdos|55\/100 tox|[from] psn\n|-damage|p2a: Toxapex|94\/100 brn|[from] brn\n|upkeep\n|turn|396\n|l| Mimikyu Stardust\n|c|\u2606Isaac Putin|I MUST FIGHT THE CANCER\n|c| Mani1517|yup\n|\n|t:|1643985040\n|switch|p2a: Blissey|Blissey, F|83\/100\n|move|p1a: Zapdos|Roost|p1a: Zapdos\n|-heal|p1a: Zapdos|100\/100 tox\n|-singleturn|p1a: Zapdos|move: Roost\n|\n|-damage|p1a: Zapdos|88\/100 tox|[from] psn\n|upkeep\n|turn|397\n|c| cute asian gurl|this is cancer's day today isnt it ?\n|j| Mimikyu Stardust\n|\n|t:|1643985051\n|move|p1a: Zapdos|Volt Switch|p2a: Blissey\n|-damage|p2a: Blissey|76\/100\n|c| Down$hift|Hes determined if nothing else sheesh\n|c| JessieWessie|turn 400 coming up!\n|c| Yb is Better|stall cancer awareness\n|\n|t:|1643985055\n|switch|p1a: Kartana|Kartana|88\/100|[from]move: Volt Switch\n|move|p2a: Blissey|Seismic Toss|p1a: Kartana\n|-damage|p1a: Kartana|50\/100\n|\n|upkeep\n|turn|398\n|c| Yb is Better|month\n|c| JessieWessie|kart time\n|\n|t:|1643985069\n|switch|p2a: Toxapex|Toxapex, M|100\/100 brn\n|move|p1a: Kartana|Leaf Blade|p2a: Toxapex\n|-damage|p2a: Toxapex|44\/100 brn\n|\n|-damage|p2a: Toxapex|38\/100 brn|[from] brn\n|upkeep\n|turn|399\n|c| Down$hift|Kart got hit :0\n|\n|t:|1643985076\n|switch|p1a: Dragapult|Dragapult, F|76\/100\n|switch|p2a: Shedinja|Shedinja|100\/100\n|\n|upkeep\n|turn|400\n|\n|t:|1643985081\n|switch|p2a: Blissey|Blissey, F|76\/100\n|move|p1a: Dragapult|Hex|p2a: Blissey\n|-immune|p2a: Blissey\n|\n|upkeep\n|turn|401\n|\n|t:|1643985088\n|switch|p1a: Clefable|Clefable, M|100\/100 psn\n|move|p2a: Blissey|Seismic Toss|p1a: Clefable\n|-damage|p1a: Clefable|75\/100 psn\n|\n|upkeep\n|turn|402\n|\n|t:|1643985093\n|switch|p2a: Shedinja|Shedinja|100\/100\n|move|p1a: Clefable|Wish|p1a: Clefable\n|\n|upkeep\n|turn|403\n|c| cute asian gurl|its a shame you didnt get kart to be knocked off early game Isaac Putin\n|inactive|Battle timer is ON: inactive players will automatically lose when time's up. (requested by kokoukohiro)\n|inactive|Isaac Putin has 30 seconds left this turn.\n|c| Mani1517|if only someone knocked that scarf out of Kart\n|c| Down$hift|Why is he playing like corv doesnt exist\n|\n|t:|1643985100\n|move|p2a: Shedinja|Shadow Claw|p1a: Clefable\n|-damage|p1a: Clefable|38\/100 psn\n|move|p1a: Clefable|Teleport|p1a: Clefable\n|\n|t:|1643985104\n|switch|p1a: Kartana|Kartana|50\/100|[from]move: Teleport\n|\n|-heal|p1a: Kartana|100\/100|[from] move: Wish|[wisher] Clefable\n|upkeep\n|turn|404\n|l| AGCL6 Swas\n|c| Mani1517|Because he doesn't exist\n|\n|t:|1643985111\n|switch|p1a: Toxapex|Toxapex, M|100\/100\n|switch|p2a: Corviknight|Corviknight, F|81\/100\n|-ability|p2a: Corviknight|Pressure\n|\n|upkeep\n|turn|405\n|c| Mani1517|HE is dead\n|\n|t:|1643985123\n|switch|p2a: Toxapex|Toxapex, M|71\/100 brn\n|move|p1a: Toxapex|Haze|p1a: Toxapex\n|-clearallboost\n|\n|-damage|p2a: Toxapex|65\/100 brn|[from] brn\n|upkeep\n|turn|406\n|c| Mani1517|good as dead atleast\n|inactive|Isaac Putin has 30 seconds left.\n|\n|t:|1643985130\n|switch|p1a: Zapdos|Zapdos|88\/100 tox\n|move|p2a: Toxapex|Haze|p2a: Toxapex\n|-clearallboost\n|\n|-damage|p1a: Zapdos|82\/100 tox|[from] psn\n|-damage|p2a: Toxapex|58\/100 brn|[from] brn\n|upkeep\n|turn|407\n|inactive|Isaac Putin has 30 seconds left.\n|c| Yb is Better|ima keep it real chief Issac losin with to pp stall\n|\n|t:|1643985139\n|switch|p2a: Blissey|Blissey, F|76\/100\n|move|p1a: Zapdos|Toxic|p2a: Blissey\n|-status|p2a: Blissey|tox\n|\n|-damage|p1a: Zapdos|69\/100 tox|[from] psn\n|-damage|p2a: Blissey|70\/100 tox|[from] psn\n|upkeep\n|turn|408\n|inactive|Isaac Putin has 30 seconds left this turn.\n|c| Down$hift|Pressure still valuble\n|c| Yb is Better|this*\n|inactive|kokoukohiro has 90 seconds left.\n|\n|t:|1643985150\n|move|p1a: Zapdos|Volt Switch|p2a: Blissey\n|-damage|p2a: Blissey|61\/100 tox\n|c| Down$hift|Oh wait he lost all his roosts\n|\n|t:|1643985154\n|switch|p1a: Toxapex|Toxapex, M|100\/100|[from]move: Volt Switch\n|move|p2a: Blissey|Seismic Toss|p1a: Toxapex\n|-damage|p1a: Toxapex|68\/100\n|\n|-damage|p2a: Blissey|49\/100 tox|[from] psn\n|upkeep\n|turn|409\n|inactive|Isaac Putin has 30 seconds left.\n|c| Down$hift|if only rachi could wish it up\n|\n|t:|1643985162\n|switch|p1a: Kartana|Kartana|100\/100\n|move|p2a: Blissey|Soft-Boiled|p2a: Blissey\n|-heal|p2a: Blissey|99\/100 tox\n|\n|-damage|p2a: Blissey|80\/100 tox|[from] psn\n|upkeep\n|turn|410\n|c| Down$hift|oh well\n|inactive|Isaac Putin has 30 seconds left.\n|\n|t:|1643985171\n|-curestatus|p2a: Blissey|tox|[from] ability: Natural Cure\n|switch|p2a: Corviknight|Corviknight, F|81\/100\n|-ability|p2a: Corviknight|Pressure\n|move|p1a: Kartana|Knock Off|p2a: Corviknight\n|-damage|p2a: Corviknight|56\/100\n|\n|upkeep\n|turn|411\n|inactive|Isaac Putin has 30 seconds left this turn.\n|\n|t:|1643985179\n|switch|p1a: Toxapex|Toxapex, M|100\/100\n|switch|p2a: Toxapex|Toxapex, M|92\/100 brn\n|\n|-damage|p2a: Toxapex|85\/100 brn|[from] brn\n|upkeep\n|turn|412\n|inactive|Isaac Putin has 30 seconds left this turn.\n|inactive|kokoukohiro has 90 seconds left.\n|\n|t:|1643985191\n|switch|p1a: Clefable|Clefable, M|38\/100 psn\n|move|p2a: Toxapex|Haze|p2a: Toxapex\n|-clearallboost\n|\n|-damage|p2a: Toxapex|79\/100 brn|[from] brn\n|upkeep\n|turn|413\n|inactive|Isaac Putin has 25 seconds left this turn.\n|\n|t:|1643985198\n|switch|p2a: Shedinja|Shedinja|100\/100\n|move|p1a: Clefable|Wish|p1a: Clefable\n|\n|upkeep\n|turn|414\n|inactive|Isaac Putin has 30 seconds left this turn.\n|\n|t:|1643985203\n|switch|p2a: Corviknight|Corviknight, F|56\/100\n|-ability|p2a: Corviknight|Pressure\n|move|p1a: Clefable|Protect||[still]\n|-fail|p1a: Clefable\n|\n|-heal|p1a: Clefable|88\/100 psn|[from] move: Wish|[wisher] Clefable\n|upkeep\n|turn|415\n|inactive|Isaac Putin has 30 seconds left this turn.\n|c| Mani1517|that wish support is valuable\n|\n|t:|1643985213\n|switch|p2a: Shedinja|Shedinja|100\/100\n|switch|p1a: Toxapex|Toxapex, M|100\/100\n|\n|upkeep\n|turn|416\n|c| Down$hift|If kart gets knocked it literally autowins\n|inactive|Isaac Putin has 30 seconds left.\n|\n|t:|1643985226\n|switch|p2a: Toxapex|Toxapex, M|100\/100 brn\n|move|p1a: Toxapex|Recover||[still]\n|-fail|p1a: Toxapex|heal\n|\n|-damage|p2a: Toxapex|94\/100 brn|[from] brn\n|upkeep\n|turn|417\n|inactive|Isaac Putin has 25 seconds left this turn.\n|c| Down$hift|and he straight up clicked knock vs it earlier\n|\n|t:|1643985232\n|move|p1a: Toxapex|Haze|p1a: Toxapex\n|-clearallboost\n|move|p2a: Toxapex|Haze|p2a: Toxapex\n|-clearallboost\n|\n|-damage|p2a: Toxapex|88\/100 brn|[from] brn\n|upkeep\n|turn|418\n|inactive|Isaac Putin has 30 seconds left this turn.\n|c| Down$hift|lucky he switched\n|\n|t:|1643985240\n|switch|p1a: Clefable|Clefable, M|88\/100 psn\n|move|p2a: Toxapex|Haze|p2a: Toxapex\n|-clearallboost\n|\n|-damage|p2a: Toxapex|82\/100 brn|[from] brn\n|upkeep\n|turn|419\n|inactive|Isaac Putin has 25 seconds left this turn.\n|c| JessieWessie|1 wish left\n|\n|t:|1643985244\n|switch|p1a: Toxapex|Toxapex, M|100\/100\n|switch|p2a: Shedinja|Shedinja|100\/100\n|\n|upkeep\n|turn|420\n|inactive|Isaac Putin has 30 seconds left this turn.\n|\n|t:|1643985249\n|switch|p2a: Toxapex|Toxapex, M|100\/100 brn\n|move|p1a: Toxapex|Haze|p1a: Toxapex\n|-clearallboost\n|\n|-damage|p2a: Toxapex|94\/100 brn|[from] brn\n|upkeep\n|turn|421\n|inactive|Isaac Putin has 25 seconds left this turn.\n|c| Down$hift|Ye clef cant do much anymore\n|\n|t:|1643985258\n|switch|p1a: Clefable|Clefable, M|88\/100 psn\n|move|p2a: Toxapex|Haze|p2a: Toxapex\n|-clearallboost\n|\n|-damage|p2a: Toxapex|88\/100 brn|[from] brn\n|upkeep\n|turn|422\n|inactive|Isaac Putin has 30 seconds left this turn.\n|c| Yb is Better|Isaac Putin im sorry bro u did good but its gg\n|c| Yb is Better|sadly\n|\n|t:|1643985265\n|switch|p1a: Toxapex|Toxapex, M|100\/100\n|switch|p2a: Shedinja|Shedinja|100\/100\n|\n|upkeep\n|turn|423\n|inactive|Isaac Putin has 25 seconds left this turn.\n|\n|t:|1643985271\n|switch|p2a: Toxapex|Toxapex, M|100\/100 brn\n|move|p1a: Toxapex|Haze|p1a: Toxapex\n|-clearallboost\n|\n|-damage|p2a: Toxapex|94\/100 brn|[from] brn\n|upkeep\n|turn|424\n|inactive|Isaac Putin has 30 seconds left this turn.\n|\n|t:|1643985274\n|switch|p1a: Clefable|Clefable, M|88\/100 psn\n|move|p2a: Toxapex|Haze|p2a: Toxapex\n|-clearallboost\n|\n|-damage|p2a: Toxapex|88\/100 brn|[from] brn\n|upkeep\n|turn|425\n|inactive|Isaac Putin has 30 seconds left this turn.\n|c| Mani1517|he need to keep switching\n|\n|t:|1643985279\n|switch|p1a: Toxapex|Toxapex, M|100\/100\n|switch|p2a: Shedinja|Shedinja|100\/100\n|\n|upkeep\n|turn|426\n|inactive|Isaac Putin has 30 seconds left this turn.\n|c| Down$hift|To the untrained eye these ppl are both banging their heads on the wall waiting for something to happen\n|inactive|kokoukohiro has 90 seconds left.\n|\n|t:|1643985285\n|switch|p2a: Toxapex|Toxapex, M|100\/100 brn\n|switch|p1a: Clefable|Clefable, M|88\/100 psn\n|\n|-damage|p2a: Toxapex|94\/100 brn|[from] brn\n|upkeep\n|turn|427\n|inactive|Isaac Putin has 25 seconds left this turn.\n|c| JessieWessie|its not like koko can kill putin either\n|c| Down$hift|but in reality\n|\n|t:|1643985290\n|switch|p1a: Toxapex|Toxapex, M|100\/100\n|switch|p2a: Shedinja|Shedinja|100\/100\n|\n|upkeep\n|turn|428\n|inactive|Isaac Putin has 30 seconds left this turn.\n|c| Down$hift|this is a fucking war\n|inactive|kokoukohiro has 90 seconds left.\n|\n|t:|1643985296\n|switch|p2a: Toxapex|Toxapex, M|100\/100 brn\n|move|p1a: Toxapex|Haze|p1a: Toxapex\n|-clearallboost\n|\n|-damage|p2a: Toxapex|94\/100 brn|[from] brn\n|upkeep\n|turn|429\n|inactive|Isaac Putin has 25 seconds left this turn.\n|inactiveoff|Battle timer is now OFF.\n|\n|t:|1643985302\n|switch|p1a: Clefable|Clefable, M|88\/100 psn\n|move|p2a: Toxapex|Knock Off|p1a: Clefable\n|-resisted|p1a: Clefable\n|-damage|p1a: Clefable|85\/100 psn\n|\n|-damage|p2a: Toxapex|88\/100 brn|[from] brn\n|upkeep\n|turn|430\n|c| Mani1517|Its all about the Grind\n|\n|t:|1643985311\n|switch|p2a: Shedinja|Shedinja|100\/100\n|move|p1a: Clefable|Teleport|p1a: Clefable\n|\n|t:|1643985314\n|switch|p1a: Kartana|Kartana|100\/100|[from]move: Teleport\n|\n|upkeep\n|turn|431\n|c| Down$hift|Mans turned the timer off lmao\n|\n|t:|1643985323\n|switch|p2a: Toxapex|Toxapex, M|100\/100 brn\n|move|p1a: Kartana|Leaf Blade|p2a: Toxapex\n|-damage|p2a: Toxapex|47\/100 brn\n|\n|-damage|p2a: Toxapex|41\/100 brn|[from] brn\n|upkeep\n|turn|432\n|c| Mimikyu Stardust|Isaac Putin is punching himself for not having moldbreaker lol\n|j| SetsuStsna\n|\n|t:|1643985330\n|switch|p1a: Dragapult|Dragapult, F|76\/100\n|switch|p2a: Corviknight|Corviknight, F|56\/100\n|-ability|p2a: Corviknight|Pressure\n|\n|upkeep\n|turn|433\n|c| Down$hift|He established dominance over the timer turn 1\n|j| Cratersmash\n|\n|t:|1643985337\n|switch|p2a: Blissey|Blissey, F|80\/100\n|move|p1a: Dragapult|Flamethrower|p2a: Blissey\n|-damage|p2a: Blissey|74\/100\n|\n|upkeep\n|turn|434\n|c| Down$hift|and now it pays off\n|\n|t:|1643985343\n|move|p1a: Dragapult|Flamethrower|p2a: Blissey\n|-damage|p2a: Blissey|68\/100\n|move|p2a: Blissey|Toxic|p1a: Dragapult\n|-status|p1a: Dragapult|tox\n|\n|-damage|p1a: Dragapult|70\/100 tox|[from] psn\n|upkeep\n|turn|435\n|\n|t:|1643985348\n|switch|p1a: Toxapex|Toxapex, M|100\/100\n|move|p2a: Blissey|Soft-Boiled|p2a: Blissey\n|-heal|p2a: Blissey|100\/100\n|\n|upkeep\n|turn|436\n|l| SetsuStsna\n|c| JessieWessie|bruh\n|\n|t:|1643985353\n|switch|p2a: Toxapex|Toxapex, M|74\/100 brn\n|switch|p1a: Clefable|Clefable, M|85\/100 psn\n|\n|-damage|p2a: Toxapex|68\/100 brn|[from] brn\n|upkeep\n|turn|437\n|c| Down$hift|Pult toxiced\n|\n|t:|1643985361\n|switch|p1a: Toxapex|Toxapex, M|100\/100\n|switch|p2a: Shedinja|Shedinja|100\/100\n|\n|upkeep\n|turn|438\n|l| Cratersmash\n|c|\u2606Isaac Putin|Thanks for turning timer off\n|c|\u2606Isaac Putin|what do\n|c|\u2606Isaac Putin|trick\n|c|\u2606Isaac Putin|this could go 1k tbh\n|c| Mani1517|take a breath\n|l| Down$hift\n|\n|t:|1643985402\n|switch|p2a: Toxapex|Toxapex, M|100\/100 brn\n|move|p1a: Toxapex|Haze|p1a: Toxapex\n|-clearallboost\n|\n|-damage|p2a: Toxapex|94\/100 brn|[from] brn\n|upkeep\n|turn|439\n|j| Down$hift\n|c| Mani1517|Let your neurons dance in your brain\n|\n|t:|1643985413\n|switch|p1a: Kartana|Kartana|100\/100\n|move|p2a: Toxapex|Haze|p2a: Toxapex\n|-clearallboost\n|\n|-damage|p2a: Toxapex|88\/100 brn|[from] brn\n|upkeep\n|turn|440\n|c| Down$hift|Lmai\n|c| Down$hift|lmao\n|c|\u2606kokoukohiro|I just want to enjoy it\n|c| cute asian gurl|i have to walk my dog\n|c| cute asian gurl|can you guys hurry up\n|c| JessieWessie|lol\n|c| Yb is Better|Isaac Putin u need some pack bro \ud83c\udf41\n|c| Down$hift|cute asian gurl good reference\n|\n|t:|1643985439\n|move|p1a: Kartana|Leaf Blade|p2a: Toxapex\n|-damage|p2a: Toxapex|33\/100 brn\n|move|p2a: Toxapex|Recover|p2a: Toxapex\n|-heal|p2a: Toxapex|83\/100 brn\n|\n|-damage|p2a: Toxapex|77\/100 brn|[from] brn\n|upkeep\n|turn|441\n|c| Mani1517|Get the dog to watch it\n|c| Down$hift|that was a funny is tournament LMAO\n|\n|t:|1643985452\n|switch|p2a: Corviknight|Corviknight, F|56\/100\n|-ability|p2a: Corviknight|Pressure\n|move|p1a: Kartana|Leaf Blade|p2a: Corviknight\n|-resisted|p2a: Corviknight\n|-damage|p2a: Corviknight|41\/100\n|\n|upkeep\n|turn|442\n|c| Down$hift|ass*\n|\n|t:|1643985463\n|switch|p1a: Zapdos|Zapdos|69\/100 tox\n|switch|p2a: Toxapex|Toxapex, M|100\/100 brn\n|\n|-damage|p1a: Zapdos|63\/100 tox|[from] psn\n|-damage|p2a: Toxapex|94\/100 brn|[from] brn\n|upkeep\n|turn|443\n|c| JessieWessie|lol\n|\n|t:|1643985478\n|switch|p1a: Toxapex|Toxapex, M|100\/100\n|switch|p2a: Blissey|Blissey, F|100\/100\n|\n|upkeep\n|turn|444\n|c| Down$hift|Kart is running out of coverage\n|c| cute asian gurl|lol\n|inactive|Battle timer is ON: inactive players will automatically lose when time's up. (requested by kokoukohiro)\n|inactive|Isaac Putin has 25 seconds left this turn.\n|j| HhbhUhhh\n|c| Mani1517|he fine\n|\n|t:|1643985492\n|switch|p2a: Toxapex|Toxapex, M|100\/100 brn\n|switch|p1a: Excadrill|Excadrill, F|28\/100\n|\n|-heal|p1a: Excadrill|34\/100|[from] item: Leftovers\n|-damage|p2a: Toxapex|94\/100 brn|[from] brn\n|upkeep\n|turn|445\n|inactive|Isaac Putin has 30 seconds left this turn.\n|\n|t:|1643985496\n|switch|p1a: Toxapex|Toxapex, M|100\/100\n|switch|p2a: Quagsire|Quagsire, F|100\/100\n|\n|upkeep\n|turn|446\n|inactive|Isaac Putin has 30 seconds left this turn.\n|c| Down$hift|Soon its gonna be the only kart in history thats walled by shedinja\n|inactive|Isaac Putin has 20 seconds left.\n|c| JessieWessie|kinda went on a knock off spree with pressure corvi... kart...\n|\n|t:|1643985508\n|switch|p2a: Toxapex|Toxapex, M|100\/100 brn\n|move|p1a: Toxapex|Scald|p2a: Toxapex\n|-resisted|p2a: Toxapex\n|-damage|p2a: Toxapex|94\/100 brn\n|\n|-damage|p2a: Toxapex|88\/100 brn|[from] brn\n|upkeep\n|turn|447\n|inactive|Isaac Putin has 25 seconds left this turn.\n|inactive|kokoukohiro has 90 seconds left.\n|\n|t:|1643985513\n|switch|p1a: Clefable|Clefable, M|85\/100 psn\n|move|p2a: Toxapex|Toxic Spikes|p1a: Clefable\n|-sidestart|p1: Isaac Putin|move: Toxic Spikes\n|\n|-damage|p2a: Toxapex|81\/100 brn|[from] brn\n|upkeep\n|turn|448\n|inactive|Isaac Putin has 25 seconds left this turn.\n|inactive|Isaac Putin has 20 seconds left.\n|c| fruityiscool423|imagine u has\n|c| fruityiscool423|sd kart\n|\n|t:|1643985523\n|switch|p1a: Toxapex|Toxapex, M|100\/100\n|-sideend|p1: Isaac Putin|move: Toxic Spikes|[of] p1a: Toxapex\n|switch|p2a: Shedinja|Shedinja|100\/100\n|\n|upkeep\n|turn|449\n|inactive|Isaac Putin has 25 seconds left this turn.\n|inactive|Isaac Putin has 20 seconds left.\n|inactive|kokoukohiro has 90 seconds left.\n|\n|t:|1643985532\n|switch|p2a: Toxapex|Toxapex, M|100\/100 brn\n|switch|p1a: Clefable|Clefable, M|85\/100 psn\n|\n|-damage|p2a: Toxapex|94\/100 brn|[from] brn\n|upkeep\n|turn|450\n|inactive|Isaac Putin has 20 seconds left this turn.\n|c| Down$hift|This stall team is\n|\n|t:|1643985535\n|switch|p1a: Toxapex|Toxapex, M|100\/100\n|move|p2a: Toxapex|Toxic Spikes|p1a: Toxapex\n|-sidestart|p1: Isaac Putin|move: Toxic Spikes\n|\n|-damage|p2a: Toxapex|88\/100 brn|[from] brn\n|upkeep\n|turn|451\n|inactive|Isaac Putin has 25 seconds left this turn.\n|c| Down$hift|p bad\n|c| Down$hift|ngl\n|c| Mani1517|The game would have been over ages ago then\n|inactive|Isaac Putin has 20 seconds left.\n|inactive|kokoukohiro has 90 seconds left.\n|c| Down$hift|sd kart 6-0s\n|\n|t:|1643985543\n|switch|p1a: Clefable|Clefable, M|85\/100 psn\n|move|p2a: Toxapex|Haze|p2a: Toxapex\n|-clearallboost\n|\n|-damage|p2a: Toxapex|82\/100 brn|[from] brn\n|upkeep\n|turn|452\n|inactive|Isaac Putin has 20 seconds left this turn.\n|\n|t:|1643985547\n|switch|p1a: Toxapex|Toxapex, M|100\/100\n|-sideend|p1: Isaac Putin|move: Toxic Spikes|[of] p1a: Toxapex\n|switch|p2a: Shedinja|Shedinja|100\/100\n|\n|upkeep\n|turn|453\n|inactive|Isaac Putin has 25 seconds left this turn.\n|inactive|kokoukohiro has 90 seconds left.\n|\n|t:|1643985556\n|switch|p2a: Toxapex|Toxapex, M|100\/100 brn\n|move|p1a: Toxapex|Knock Off|p2a: Toxapex\n|-damage|p2a: Toxapex|94\/100 brn\n|\n|-damage|p2a: Toxapex|88\/100 brn|[from] brn\n|upkeep\n|turn|454\n|inactive|Isaac Putin has 25 seconds left this turn.\n|c| Down$hift|Even if this shit just\n|c| Down$hift|wasnt choiced\n|c|\u2606Isaac Putin|lol\n|c| Down$hift|it won\n|\n|t:|1643985561\n|switch|p1a: Clefable|Clefable, M|85\/100 psn\n|move|p2a: Toxapex|Haze|p2a: Toxapex\n|-clearallboost\n|\n|-damage|p2a: Toxapex|82\/100 brn|[from] brn\n|upkeep\n|turn|455\n|inactive|Isaac Putin has 30 seconds left this turn.\n|\n|t:|1643985565\n|switch|p1a: Toxapex|Toxapex, M|100\/100\n|switch|p2a: Shedinja|Shedinja|100\/100\n|\n|upkeep\n|turn|456\n|inactive|Isaac Putin has 30 seconds left this turn.\n|c| Yb is Better|bro mold drill woulda 6'0d\n|inactive|Isaac Putin has 20 seconds left.\n|c| Down$hift|Yh that too\n|\n|t:|1643985577\n|switch|p2a: Toxapex|Toxapex, M|100\/100 brn\n|switch|p1a: Zapdos|Zapdos|63\/100 tox\n|\n|-damage|p1a: Zapdos|57\/100 tox|[from] psn\n|-damage|p2a: Toxapex|94\/100 brn|[from] brn\n|upkeep\n|turn|457\n|inactive|Isaac Putin has 25 seconds left this turn.\n|\n|t:|1643985582\n|switch|p2a: Blissey|Blissey, F|100\/100\n|move|p1a: Zapdos|Toxic|p2a: Blissey\n|-status|p2a: Blissey|tox\n|\n|-damage|p1a: Zapdos|44\/100 tox|[from] psn\n|-damage|p2a: Blissey|94\/100 tox|[from] psn\n|upkeep\n|turn|458\n|inactive|Isaac Putin has 25 seconds left this turn.\n|\n|t:|1643985587\n|move|p1a: Zapdos|Volt Switch|p2a: Blissey\n|-crit|p2a: Blissey\n|-damage|p2a: Blissey|82\/100 tox\n|inactive|Isaac Putin has 30 seconds left this turn.\n|\n|t:|1643985590\n|switch|p1a: Kartana|Kartana|100\/100|[from]move: Volt Switch\n|move|p2a: Blissey|Seismic Toss|p1a: Kartana\n|-damage|p1a: Kartana|62\/100\n|\n|-damage|p2a: Blissey|70\/100 tox|[from] psn\n|upkeep\n|turn|459\n|inactive|Isaac Putin has 30 seconds left this turn.\n|c| Yb is Better|not just that\n|c| Down$hift|Zapdos gonna have to use a roost :0\n|inactive|Isaac Putin has 20 seconds left.\n|c| Mani1517|Zapdos is angry\n|c| Yb is Better|its the fact Isaac isnt even running rocks\n|\n|t:|1643985601\n|-curestatus|p2a: Blissey|tox|[from] ability: Natural Cure\n|switch|p2a: Toxapex|Toxapex, M|100\/100 brn\n|move|p1a: Kartana|Leaf Blade|p2a: Toxapex\n|-damage|p2a: Toxapex|44\/100 brn\n|\n|-damage|p2a: Toxapex|38\/100 brn|[from] brn\n|upkeep\n|turn|460\n|inactive|Isaac Putin has 25 seconds left this turn.\n|inactive|Isaac Putin has 20 seconds left.\n|inactive|kokoukohiro has 90 seconds left.\n|c| Mani1517|imagine if this was gen 1 zapdos\n|inactive|Isaac Putin has 15 seconds left.\n|\n|t:|1643985612\n|switch|p1a: Zapdos|Zapdos|44\/100 tox\n|switch|p2a: Shedinja|Shedinja|100\/100\n|\n|-damage|p1a: Zapdos|38\/100 tox|[from] psn\n|upkeep\n|turn|461\n|inactive|Isaac Putin has 15 seconds left this turn.\n|c| Down$hift|Kart getting chipped lessgo\n|inactive|Isaac Putin has 10 seconds left.\n|\n|t:|1643985622\n|switch|p2a: Blissey|Blissey, F|70\/100\n|move|p1a: Zapdos|Roost|p1a: Zapdos\n|-heal|p1a: Zapdos|88\/100 tox\n|-singleturn|p1a: Zapdos|move: Roost\n|\n|-damage|p1a: Zapdos|75\/100 tox|[from] psn\n|upkeep\n|turn|462\n|inactive|Isaac Putin has 15 seconds left this turn.\n|c| Mani1517|then the game would have been over already\n|c| Down$hift|Isaac finna time out\n|\n|t:|1643985626\n|move|p1a: Zapdos|Volt Switch|p2a: Blissey\n|-damage|p2a: Blissey|61\/100\n|inactive|Isaac Putin has 15 seconds left this turn.\n|inactive|Isaac Putin has 10 seconds left.\n|\n|t:|1643985633\n|switch|p1a: Toxapex|Toxapex, M|100\/100|[from]move: Volt Switch\n|move|p2a: Blissey|Soft-Boiled|p2a: Blissey\n|-heal|p2a: Blissey|100\/100\n|\n|upkeep\n|turn|463\n|inactive|Isaac Putin has 15 seconds left this turn.\n|j| SetsuStsna\n|inactive|Isaac Putin has 10 seconds left.\n|c| JessieWessie|issac, turn off battle animation\n|\n|t:|1643985638\n|switch|p2a: Toxapex|Toxapex, M|71\/100 brn\n|switch|p1a: Clefable|Clefable, M|85\/100 psn\n|\n|-damage|p2a: Toxapex|65\/100 brn|[from] brn\n|upkeep\n|turn|464\n|inactive|Isaac Putin has 10 seconds left this turn.\n|l| SetsuStsna\n|\n|t:|1643985642\n|switch|p1a: Toxapex|Toxapex, M|100\/100\n|switch|p2a: Shedinja|Shedinja|100\/100\n|\n|upkeep\n|turn|465\n|inactive|Isaac Putin has 15 seconds left this turn.\n|inactive|Isaac Putin has 10 seconds left.\n|\n|t:|1643985648\n|switch|p1a: Clefable|Clefable, M|85\/100 psn\n|move|p2a: Shedinja|Will-O-Wisp||[still]\n|-fail|p2a: Shedinja\n|\n|upkeep\n|turn|466\n|inactive|Isaac Putin has 10 seconds left this turn.\n|inactive|kokoukohiro has 90 seconds left.\n|\n|t:|1643985654\n|switch|p2a: Toxapex|Toxapex, M|98\/100 brn\n|switch|p1a: Toxapex|Toxapex, M|100\/100\n|\n|-damage|p2a: Toxapex|92\/100 brn|[from] brn\n|upkeep\n|turn|467\n|inactive|Isaac Putin has 15 seconds left this turn.\n|inactive|kokoukohiro has 90 seconds left.\n|\n|t:|1643985659\n|switch|p1a: Clefable|Clefable, M|85\/100 psn\n|move|p2a: Toxapex|Toxic Spikes|p1a: Clefable\n|-sidestart|p1: Isaac Putin|move: Toxic Spikes\n|\n|-damage|p2a: Toxapex|86\/100 brn|[from] brn\n|upkeep\n|turn|468\n|inactive|Isaac Putin has 15 seconds left this turn.\n|c| Yb is Better|Isaac a sadist\n|inactive|Isaac Putin has 10 seconds left.\n|\n|t:|1643985665\n|switch|p1a: Toxapex|Toxapex, M|100\/100\n|-sideend|p1: Isaac Putin|move: Toxic Spikes|[of] p1a: Toxapex\n|switch|p2a: Shedinja|Shedinja|100\/100\n|\n|upkeep\n|turn|469\n|inactive|Isaac Putin has 15 seconds left this turn.\n|\n|t:|1643985669\n|switch|p2a: Toxapex|Toxapex, M|100\/100 brn\n|move|p1a: Toxapex|Haze|p1a: Toxapex\n|-clearallboost\n|\n|-damage|p2a: Toxapex|94\/100 brn|[from] brn\n|upkeep\n|turn|470\n|inactive|Isaac Putin has 15 seconds left this turn.\n|c| JessieWessie|lol\n|\n|t:|1643985673\n|switch|p1a: Clefable|Clefable, M|85\/100 psn\n|move|p2a: Toxapex|Haze|p2a: Toxapex\n|-clearallboost\n|\n|-damage|p2a: Toxapex|88\/100 brn|[from] brn\n|upkeep\n|turn|471\n|inactive|Isaac Putin has 20 seconds left this turn.\n|c| Down$hift|Does he have time to?\n|inactive|Isaac Putin has 15 seconds left.\n|\n|t:|1643985679\n|switch|p1a: Toxapex|Toxapex, M|100\/100\n|switch|p2a: Shedinja|Shedinja|100\/100\n|\n|upkeep\n|turn|472\n|inactive|Isaac Putin has 15 seconds left this turn.\n|c| Down$hift|We playing blitz\n|inactive|Isaac Putin has 10 seconds left.\n|\n|t:|1643985685\n|switch|p2a: Toxapex|Toxapex, M|100\/100 brn\n|move|p1a: Toxapex|Haze|p1a: Toxapex\n|-clearallboost\n|\n|-damage|p2a: Toxapex|94\/100 brn|[from] brn\n|upkeep\n|turn|473\n|inactive|Isaac Putin has 15 seconds left this turn.\n|\n|t:|1643985692\n|switch|p1a: Clefable|Clefable, M|85\/100 psn\n|move|p2a: Toxapex|Haze|p2a: Toxapex\n|-clearallboost\n|\n|-damage|p2a: Toxapex|88\/100 brn|[from] brn\n|upkeep\n|turn|474\n|inactive|Isaac Putin has 15 seconds left this turn.\n|\n|t:|1643985696\n|switch|p1a: Zapdos|Zapdos|75\/100 tox\n|switch|p2a: Shedinja|Shedinja|100\/100\n|\n|-damage|p1a: Zapdos|69\/100 tox|[from] psn\n|upkeep\n|turn|475\n|inactive|Isaac Putin has 20 seconds left this turn.\n|c| JessieWessie|well, he can switch till time builds back up :D\n|\n|t:|1643985702\n|switch|p2a: Blissey|Blissey, F|100\/100\n|move|p1a: Zapdos|Toxic|p2a: Blissey|[miss]\n|-miss|p1a: Zapdos|p2a: Blissey\n|\n|-damage|p1a: Zapdos|57\/100 tox|[from] psn\n|upkeep\n|turn|476\n|inactive|Isaac Putin has 20 seconds left this turn.\n|inactive|kokoukohiro has 90 seconds left.\n|\n|t:|1643985707\n|switch|p1a: Clefable|Clefable, M|85\/100 psn\n|move|p2a: Blissey|Seismic Toss|p1a: Clefable\n|-damage|p1a: Clefable|60\/100 psn\n|\n|upkeep\n|turn|477\n|inactive|Isaac Putin has 25 seconds left this turn.\n|\n|t:|1643985711\n|switch|p1a: Toxapex|Toxapex, M|100\/100\n|switch|p2a: Shedinja|Shedinja|100\/100\n|\n|upkeep\n|turn|478\n|inactive|Isaac Putin has 25 seconds left this turn.\n|\n|t:|1643985715\n|switch|p2a: Toxapex|Toxapex, M|100\/100 brn\n|move|p1a: Toxapex|Haze|p1a: Toxapex\n|-clearallboost\n|\n|-damage|p2a: Toxapex|94\/100 brn|[from] brn\n|upkeep\n|turn|479\n|inactive|Isaac Putin has 30 seconds left this turn.\n|\n|t:|1643985720\n|switch|p1a: Clefable|Clefable, M|60\/100 psn\n|move|p2a: Toxapex|Haze|p2a: Toxapex\n|-clearallboost\n|\n|-damage|p2a: Toxapex|88\/100 brn|[from] brn\n|upkeep\n|turn|480\n|inactive|Isaac Putin has 30 seconds left this turn.\n|c| Down$hift|Zapdos getting pp stalled painfully slowly\n|c| Down$hift|too slowly\n|c| Down$hift|shits t\n|\n|t:|1643985724\n|switch|p1a: Excadrill|Excadrill, F|34\/100\n|switch|p2a: Shedinja|Shedinja|100\/100\n|\n|-heal|p1a: Excadrill|40\/100|[from] item: Leftovers\n|upkeep\n|turn|481\n|inactive|Isaac Putin has 30 seconds left.\n|\n|t:|1643985730\n|switch|p1a: Toxapex|Toxapex, M|100\/100\n|switch|p2a: Quagsire|Quagsire, F|100\/100\n|\n|upkeep\n|turn|482\n|inactive|Isaac Putin has 30 seconds left this turn.\n|c| Down$hift|shits gonna reach turn 1000\n|\n|t:|1643985737\n|switch|p1a: Excadrill|Excadrill, F|40\/100\n|move|p2a: Quagsire|Earthquake|p1a: Excadrill\n|-supereffective|p1a: Excadrill\n|-damage|p1a: Excadrill|0 fnt\n|faint|p1a: Excadrill\n|\n|upkeep\n|inactive|Isaac Putin has 30 seconds left this turn.\n|\n|t:|1643985743\n|switch|p1a: Kartana|Kartana|62\/100\n|turn|483\n|inactive|Isaac Putin has 25 seconds left this turn.\n|\n|t:|1643985746\n|switch|p2a: Toxapex|Toxapex, M|100\/100 brn\n|move|p1a: Kartana|Knock Off|p2a: Toxapex\n|-damage|p2a: Toxapex|74\/100 brn\n|\n|-damage|p2a: Toxapex|67\/100 brn|[from] brn\n|upkeep\n|turn|484\n|inactive|Isaac Putin has 30 seconds left this turn.\n|c| Mani1517|Isaac is a Masochist.\n|\n|t:|1643985753\n|switch|p1a: Dragapult|Dragapult, F|70\/100 tox\n|move|p2a: Toxapex|Recover|p2a: Toxapex\n|-heal|p2a: Toxapex|100\/100 brn\n|\n|-damage|p1a: Dragapult|64\/100 tox|[from] psn\n|-damage|p2a: Toxapex|94\/100 brn|[from] brn\n|upkeep\n|turn|485\n|inactive|Isaac Putin has 25 seconds left this turn.\n|c| JessieWessie|lol\n|inactive|Isaac Putin has 20 seconds left.\n|\n|t:|1643985760\n|switch|p2a: Blissey|Blissey, F|100\/100\n|move|p1a: Dragapult|Dragon Darts|p2a: Blissey\n|-damage|p2a: Blissey|56\/100\n|-anim|p1a: Dragapult|Dragon Darts|p2a: Blissey\n|-damage|p2a: Blissey|10\/100\n|\n|-damage|p1a: Dragapult|52\/100 tox|[from] psn\n|upkeep\n|turn|486\n|inactive|Isaac Putin has 25 seconds left this turn.\n|inactive|Isaac Putin has 20 seconds left.\n|c| Down$hift|Oh shit\n|c| JessieWessie|revealed\n|c| Down$hift|Fucking\n|inactive|kokoukohiro has 90 seconds left.\n|c| Down$hift|banded hex\n|c| fruityiscool423|LOL\n|c| JessieWessie|lol\n|c| Mani1517|The god\n|\n|t:|1643985788\n|switch|p1a: Kartana|Kartana|62\/100\n|switch|p2a: Toxapex|Toxapex, M|100\/100 brn\n|\n|-damage|p2a: Toxapex|94\/100 brn|[from] brn\n|upkeep\n|turn|487\n|inactive|Isaac Putin has 20 seconds left this turn.\n|c| Down$hift|tf is this garbage\n|c|\u2606Isaac Putin|YUUUUUP\n|c| Mani1517|is here\n|inactive|Isaac Putin has 15 seconds left.\n|\n|t:|1643985795\n|switch|p1a: Toxapex|Toxapex, M|100\/100\n|move|p2a: Toxapex|Recover|p2a: Toxapex\n|-heal|p2a: Toxapex|100\/100 brn\n|\n|-damage|p2a: Toxapex|94\/100 brn|[from] brn\n|upkeep\n|turn|488\n|inactive|Isaac Putin has 20 seconds left this turn.\n|inactive|Isaac Putin has 15 seconds left.\n|\n|t:|1643985802\n|switch|p1a: Clefable|Clefable, M|60\/100 psn\n|move|p2a: Toxapex|Toxic Spikes|p1a: Clefable\n|-sidestart|p1: Isaac Putin|move: Toxic Spikes\n|\n|-damage|p2a: Toxapex|88\/100 brn|[from] brn\n|upkeep\n|turn|489\n|inactive|Isaac Putin has 15 seconds left this turn.\n|inactive|Isaac Putin has 10 seconds left.\n|\n|t:|1643985807\n|switch|p1a: Toxapex|Toxapex, M|100\/100\n|-sideend|p1: Isaac Putin|move: Toxic Spikes|[of] p1a: Toxapex\n|switch|p2a: Shedinja|Shedinja|100\/100\n|\n|upkeep\n|turn|490\n|inactive|Isaac Putin has 15 seconds left this turn.\n|\n|t:|1643985816\n|switch|p2a: Toxapex|Toxapex, M|100\/100 brn\n|move|p1a: Toxapex|Haze|p1a: Toxapex\n|-clearallboost\n|\n|-damage|p2a: Toxapex|94\/100 brn|[from] brn\n|upkeep\n|turn|491\n|inactive|Isaac Putin has 15 seconds left this turn.\n|\n|t:|1643985820\n|switch|p2a: Blissey|Blissey, F|10\/100\n|switch|p1a: Zapdos|Zapdos|57\/100 tox\n|\n|-damage|p1a: Zapdos|50\/100 tox|[from] psn\n|upkeep\n|turn|492\n|inactive|Isaac Putin has 20 seconds left this turn.\n|inactive|Isaac Putin has 15 seconds left.\n|\n|t:|1643985827\n|move|p1a: Zapdos|Toxic|p2a: Blissey\n|-status|p2a: Blissey|tox\n|move|p2a: Blissey|Soft-Boiled|p2a: Blissey\n|-heal|p2a: Blissey|60\/100 tox\n|\n|-damage|p1a: Zapdos|38\/100 tox|[from] psn\n|-damage|p2a: Blissey|54\/100 tox|[from] psn\n|upkeep\n|turn|493\n|inactive|Isaac Putin has 15 seconds left this turn.\n|c| Mani1517|This is going on youtube\n|inactive|Isaac Putin has 10 seconds left.\n|\n|t:|1643985832\n|move|p1a: Zapdos|Volt Switch|p2a: Blissey\n|-damage|p2a: Blissey|46\/100 tox\n|inactive|Isaac Putin has 15 seconds left this turn.\n|c| fruityiscool423|lol\n|\n|t:|1643985835\n|switch|p1a: Dragapult|Dragapult, F|52\/100 tox|[from]move: Volt Switch\n|move|p2a: Blissey|Soft-Boiled|p2a: Blissey\n|-heal|p2a: Blissey|96\/100 tox\n|\n|-damage|p1a: Dragapult|46\/100 tox|[from] psn\n|-damage|p2a: Blissey|84\/100 tox|[from] psn\n|upkeep\n|turn|494\n|inactive|Isaac Putin has 15 seconds left this turn.\n|c| Yb is Better|Banded Hex\u2026..\n|inactive|Isaac Putin has 10 seconds left.\n|\n|t:|1643985842\n|-curestatus|p2a: Blissey|tox|[from] ability: Natural Cure\n|switch|p2a: Toxapex|Toxapex, M|100\/100 brn\n|move|p1a: Dragapult|Flamethrower|p2a: Toxapex\n|-resisted|p2a: Toxapex\n|-damage|p2a: Toxapex|92\/100 brn\n|\n|-damage|p1a: Dragapult|34\/100 tox|[from] psn\n|-damage|p2a: Toxapex|85\/100 brn|[from] brn\n|upkeep\n|turn|495\n|inactive|Isaac Putin has 15 seconds left this turn.\n|c| Yb is Better|man u deserve to lose atp bro\n|\n|t:|1643985847\n|switch|p1a: Clefable|Clefable, M|60\/100 psn\n|switch|p2a: Blissey|Blissey, F|84\/100\n|\n|upkeep\n|turn|496\n|inactive|Isaac Putin has 15 seconds left this turn.\n|c| Yb is Better|koko pack em up\n|inactive|Isaac Putin has 10 seconds left.\n|\n|t:|1643985854\n|switch|p2a: Shedinja|Shedinja|100\/100\n|move|p1a: Clefable|Teleport|p1a: Clefable\n|inactive|Isaac Putin has 15 seconds left this turn.\n|\n|t:|1643985858\n|switch|p1a: Toxapex|Toxapex, M|100\/100|[from]move: Teleport\n|\n|upkeep\n|turn|497\n|inactive|Isaac Putin has 15 seconds left this turn.\n|c| Down$hift|Banded hex flamethrower pult\n|\n|t:|1643985861\n|switch|p2a: Toxapex|Toxapex, M|100\/100 brn\n|move|p1a: Toxapex|Haze|p1a: Toxapex\n|-clearallboost\n|\n|-damage|p2a: Toxapex|94\/100 brn|[from] brn\n|upkeep\n|turn|498\n|inactive|Isaac Putin has 20 seconds left this turn.\n|inactive|Isaac Putin has 15 seconds left.\n|inactive|kokoukohiro has 90 seconds left.\n|c| Down$hift|tf is going on\n|\n|t:|1643985868\n|switch|p1a: Clefable|Clefable, M|60\/100 psn\n|move|p2a: Toxapex|Toxic Spikes|p1a: Clefable\n|-sidestart|p1: Isaac Putin|move: Toxic Spikes\n|\n|-damage|p2a: Toxapex|88\/100 brn|[from] brn\n|upkeep\n|turn|499\n|inactive|Isaac Putin has 15 seconds left this turn.\n|inactiveoff|Battle timer is now OFF.\n|c| cute asian gurl|500 hype\n|\n|t:|1643985884\n|switch|p1a: Toxapex|Toxapex, M|100\/100\n|-sideend|p1: Isaac Putin|move: Toxic Spikes|[of] p1a: Toxapex\n|switch|p2a: Shedinja|Shedinja|100\/100\n|\n|upkeep\n|bigerror|You will auto-tie if the battle doesn't end in 500 turns (on turn 1000).\n|-hint|If you want to tie earlier, consider using `\/offertie`.\n|turn|500\n|c| JessieWessie|wooot!\n|c|\u2606Isaac Putin|ok can we have a breather\n|c| Down$hift|Lmao\n|c|\u2606Isaac Putin|just pause\n|c|\u2606Isaac Putin|for a minute\n|c|\u2606kokoukohiro|ok\n|c| fruityiscool423|pls dont tie\n|c|\u2606Isaac Putin|ok so the truth is I'm not banded\n|c|\u2606Isaac Putin|it's a weird set\n|c| fruityiscool423|he is max spdef then\n|c| Down$hift|Oh so its just\n|c| fruityiscool423|lmao\n|c| Down$hift|spdef bliss\n|c|\u2606Isaac Putin|u turn hex flame dragon darts\n|c| cute asian gurl|you know once i was stuck in a stall vs stall battle with regen users\n|c| cute asian gurl|so i made a bot that plays the game for me\n|c|\u2606Isaac Putin|max attack max speed choice scarf hasty\n|c| Down$hift|W H A T\n|c|\u2606Isaac Putin|lmao\n|c| Mani1517|I have took a 12 turn battle to more than 100 turns by using 2 regenerator pokemon\n|c| fruityiscool423|scarf pult\n|c|\u2606Isaac Putin|yh to outspeed everything\n|c| Down$hift|I can respect that set\n|c| Mani1517|even god respects it\n|c| Down$hift|if it was actually banded bliss woulda fucking died\n|c|\u2606Isaac Putin|ikr\n|c|\u2606Isaac Putin|i was foolish\n|c| Down$hift|which woulda been the upset of the century\n|c|\u2606Isaac Putin|also why tf did bliss heal in front of zapdos\n|c|\u2606Isaac Putin|at 10%\n|c| Down$hift|He was spdef\n|c| Down$hift|so he ate a volt switch\n|c|\u2606Isaac Putin|did switch do less than 10\n|c| cute asian gurl|it does 8\n|c| Down$hift|almost positive\n|c| cute asian gurl|you should have went for a crit\n|c|\u2606Isaac Putin|le crit though haha\n|c| Down$hift|That woulda been an epic crit\n|c|\u2606Isaac Putin|I though he would go quag and I wanted to force another aromatherpay\n|c| cute asian gurl|its ok if he went quag\n|c| cute asian gurl|you just switch afterwards and blissey doesnt heal\n|l| HhbhUhhh\n|j| HhbhUhhh\n|c|\u2606Isaac Putin|yh but it's hard to quickly reason that when you have 5 seconds on the timer\n|c| cute asian gurl|the predict wasnt worth it\n|c| Mimikyu Stardust|Isaac Putin choke\n|c|\u2606Isaac Putin|le choke yes haha\n|c|\u2606Isaac Putin|so what's the play here\n|c| Down$hift|It wasnt really a choke tho\n|c| Down$hift|cuz bliss tanked\n|c|\u2606Isaac Putin|I have one wish left\n|c|\u2606Isaac Putin|he's pp stalling my hazes\n|c| fruityiscool423|i dont think u win\n|c|\u2606Isaac Putin|can I draw\n|c| fruityiscool423|maybe\n|c|\u2606kokoukohiro|NO\n|c| Yb is Better|wait when does match resume\n|c| Down$hift|Probably\n|c| JessieWessie|you have one knock off on kart\n|c| fruityiscool423|lmao\n|j| Nesnot\n|c| JessieWessie|that sucks\n|c| Down$hift|u have to draw at turn 1000\n|c| Down$hift|so\n|j| yzgcyclone\n|c|\u2606Isaac Putin|I could go to 500\n|c|\u2606Isaac Putin|but\n|c| Mani1517|Turn 999\n|c| cute asian gurl|quaq + pex win at that point\n|c|\u2606Isaac Putin|I see the importance of rocks now tbh\n|l| yzgcyclone\n|c| Mani1517|Yeah\n|j| yzgcyclone\n|c| Mimikyu Stardust|Isaac Putin ngl man idt u can win\n|c|\u2606Isaac Putin|also exca isnt mold breaker because fuck sand\n|l| yzgcyclone\n|c| Mimikyu Stardust|after pult got toxd\n|c| Nesnot|go to 999\n|c|\u2606Isaac Putin|kokoukohiro what do you think\n|c| Mani1517|Guy is losing his sanity over here and the other has already lost it\n|c| cute asian gurl|tbh if you managed to have kart knocked off you won because it 6-0s\n|c| Nesnot|rematch\n|c|\u2606kokoukohiro|pokeomon playing?\n|c| cute asian gurl|but you needed to see that early game\n|c|\u2606Isaac Putin|Nesnot with a different team yes\n|c| JessieWessie|early game when everything is spamming knock off\n|c| fruityiscool423|use sd kart\n|c| Down$hift|This stall team is\n|c|\u2606kokoukohiro|I just like the stall and enjoying it\n|c| Down$hift|garbo\n|c| Nesnot|No, that's for cowards\n|c| Nesnot|Why don't you two tie?\n|c|\u2606Isaac Putin|it's not even good stall tbh\n|c| Mani1517|Stall isn't for coward if it works\n|c| cute asian gurl|jira is just useless if there is a shed\n|c|\u2606Isaac Putin|how do you climb ladder like this\n|c| Nesnot|Just get on with your day\n|c|\u2606kokoukohiro|It is a part of pokemon game man\n|c| Yb is Better|I mean even if its not good stall Isaac fucked up with that drill set\n|c| Down$hift|Rachi\u2019s job was to wish up corv\n|c| Yb is Better|no rocks & not mold? U wanted to lose\n|c|\u2606Isaac Putin|true\n|c| Nesnot|yeah prob sand force :p\n|l| HhbhUhhh\n|c|\u2606Isaac Putin|yk what my stall counter was before\n|j| HhbhUhhh\n|c|\u2606Isaac Putin|future sight slow brok and banded victine in son\n|c|\u2606Isaac Putin|sun\n|c|\u2606Isaac Putin|ripped it apart\n|l| Down$hift\n|c| cute asian gurl|tbh Isaac Putin\n|c| cute asian gurl|i dont think wish clef is needed on your team\n|c| cute asian gurl|just go for sr twve clef\n|c| fruityiscool423|ok can you both play\n|c|\u2606Isaac Putin|guys I made this team in like 5 mins haha\n|c| fruityiscool423|talk in ou chat\n|c| cute asian gurl|it will help exca and kart to break corv\n|c|\u2606Isaac Putin|we're in the 1500s\n|c|\u2606Isaac Putin|new account\n|c|\u2606kokoukohiro|I'm not good at chatting so,can I turn on the timer?\n|c| JessieWessie|timer time\n|c|\u2606Isaac Putin|no go to sleep\n|c|\u2606kokoukohiro|good night man\n|inactive|Battle timer is ON: inactive players will automatically lose when time's up. (requested by kokoukohiro)\n|inactive|Isaac Putin has 20 seconds left this turn.\n|\n|t:|1643986522\n|switch|p2a: Toxapex|Toxapex, M|100\/100 brn\n|move|p1a: Toxapex|Haze|p1a: Toxapex\n|-clearallboost\n|\n|-damage|p2a: Toxapex|94\/100 brn|[from] brn\n|upkeep\n|turn|501\n|inactive|Isaac Putin has 20 seconds left this turn.\n|inactive|Isaac Putin has 15 seconds left.\n|inactive|kokoukohiro has 90 seconds left.\n|c| Mani1517|That Shedinja is looking dead\n|\n|t:|1643986531\n|switch|p1a: Zapdos|Zapdos|38\/100 tox\n|move|p2a: Toxapex|Haze|p2a: Toxapex\n|-clearallboost\n|\n|-damage|p1a: Zapdos|32\/100 tox|[from] psn\n|-damage|p2a: Toxapex|88\/100 brn|[from] brn\n|upkeep\n|turn|502\n|inactive|Isaac Putin has 20 seconds left this turn.\n|\n|t:|1643986535\n|switch|p2a: Blissey|Blissey, F|84\/100\n|move|p1a: Zapdos|Roost|p1a: Zapdos\n|-heal|p1a: Zapdos|82\/100 tox\n|-singleturn|p1a: Zapdos|move: Roost\n|\n|-damage|p1a: Zapdos|69\/100 tox|[from] psn\n|upkeep\n|turn|503\n|inactive|Isaac Putin has 20 seconds left this turn.\n|inactive|kokoukohiro has 90 seconds left.\n|c| cute asian gurl|shedinja is dead inside you mean\n|\n|t:|1643986542\n|move|p1a: Zapdos|Toxic|p2a: Blissey\n|-status|p2a: Blissey|tox\n|move|p2a: Blissey|Seismic Toss|p1a: Zapdos\n|-damage|p1a: Zapdos|43\/100 tox\n|\n|-damage|p1a: Zapdos|24\/100 tox|[from] psn\n|-damage|p2a: Blissey|78\/100 tox|[from] psn\n|upkeep\n|turn|504\n|inactive|Isaac Putin has 25 seconds left this turn.\n|inactive|Isaac Putin has 20 seconds left.\n|c| Mani1517|yup\n|\n|t:|1643986549\n|switch|p1a: Clefable|Clefable, M|60\/100 psn\n|move|p2a: Blissey|Seismic Toss|p1a: Clefable\n|-damage|p1a: Clefable|34\/100 psn\n|\n|-damage|p2a: Blissey|65\/100 tox|[from] psn\n|upkeep\n|turn|505\n|inactive|Isaac Putin has 20 seconds left this turn.\n|inactive|Isaac Putin has 15 seconds left.\n|\n|t:|1643986554\n|-curestatus|p2a: Blissey|tox|[from] ability: Natural Cure\n|switch|p2a: Shedinja|Shedinja|100\/100\n|move|p1a: Clefable|Wish|p1a: Clefable\n|\n|upkeep\n|turn|506\n|inactive|Isaac Putin has 20 seconds left this turn.\n|\n|t:|1643986563\n|move|p1a: Clefable|Protect|p1a: Clefable\n|-singleturn|p1a: Clefable|Protect\n|move|p2a: Shedinja|Shadow Claw|p1a: Clefable\n|-activate|p1a: Clefable|move: Protect\n|\n|-heal|p1a: Clefable|84\/100 psn|[from] move: Wish|[wisher] Clefable\n|upkeep\n|turn|507\n|inactive|Isaac Putin has 20 seconds left this turn.\n|inactive|Isaac Putin has 15 seconds left.\n|inactive|kokoukohiro has 90 seconds left.\n|\n|t:|1643986569\n|switch|p1a: Toxapex|Toxapex, M|100\/100\n|move|p2a: Shedinja|Shadow Claw|p1a: Toxapex\n|-damage|p1a: Toxapex|82\/100\n|\n|upkeep\n|turn|508\n|inactive|Isaac Putin has 20 seconds left this turn.\n|inactive|Isaac Putin has 15 seconds left.\n|inactive|kokoukohiro has 90 seconds left.\n|\n|t:|1643986576\n|switch|p2a: Toxapex|Toxapex, M|100\/100 brn\n|move|p1a: Toxapex|Haze|p1a: Toxapex\n|-clearallboost\n|\n|-damage|p2a: Toxapex|94\/100 brn|[from] brn\n|upkeep\n|turn|509\n|inactive|Isaac Putin has 15 seconds left this turn.\n|\n|t:|1643986582\n|switch|p1a: Clefable|Clefable, M|84\/100 psn\n|move|p2a: Toxapex|Toxic Spikes|p1a: Clefable\n|-sidestart|p1: Isaac Putin|move: Toxic Spikes\n|\n|-damage|p2a: Toxapex|88\/100 brn|[from] brn\n|upkeep\n|turn|510\n|inactive|Isaac Putin has 20 seconds left this turn.\n|\n|t:|1643986587\n|switch|p1a: Toxapex|Toxapex, M|100\/100\n|-sideend|p1: Isaac Putin|move: Toxic Spikes|[of] p1a: Toxapex\n|switch|p2a: Shedinja|Shedinja|100\/100\n|\n|upkeep\n|turn|511\n|inactive|Isaac Putin has 20 seconds left this turn.\n|\n|t:|1643986592\n|switch|p2a: Toxapex|Toxapex, M|100\/100 brn\n|switch|p1a: Clefable|Clefable, M|84\/100 psn\n|\n|-damage|p2a: Toxapex|94\/100 brn|[from] brn\n|upkeep\n|turn|512\n|inactive|Isaac Putin has 25 seconds left this turn.\n|inactive|kokoukohiro has 90 seconds left.\n|\n|t:|1643986598\n|switch|p1a: Toxapex|Toxapex, M|100\/100\n|switch|p2a: Shedinja|Shedinja|100\/100\n|\n|upkeep\n|turn|513\n|inactive|Isaac Putin has 25 seconds left this turn.\n|inactive|Isaac Putin has 20 seconds left.\n|\n|t:|1643986607\n|switch|p2a: Toxapex|Toxapex, M|100\/100 brn\n|switch|p1a: Clefable|Clefable, M|84\/100 psn\n|\n|-damage|p2a: Toxapex|94\/100 brn|[from] brn\n|upkeep\n|turn|514\n|inactive|Isaac Putin has 25 seconds left this turn.\n|inactive|kokoukohiro has 90 seconds left.\n|\n|t:|1643986613\n|switch|p1a: Toxapex|Toxapex, M|100\/100\n|switch|p2a: Shedinja|Shedinja|100\/100\n|\n|upkeep\n|turn|515\n|inactive|Isaac Putin has 25 seconds left this turn.\n|c| JessieWessie|gonna switch till turn 1000? lol\n|inactive|Isaac Putin has 20 seconds left.\n|inactive|Isaac Putin has 15 seconds left.\n|\n|t:|1643986627\n|switch|p2a: Toxapex|Toxapex, M|100\/100 brn\n|move|p1a: Toxapex|Knock Off|p2a: Toxapex\n|-damage|p2a: Toxapex|94\/100 brn\n|\n|-damage|p2a: Toxapex|88\/100 brn|[from] brn\n|upkeep\n|turn|516\n|inactive|Isaac Putin has 20 seconds left this turn.\n|inactive|Isaac Putin has 15 seconds left.\n|inactive|kokoukohiro has 90 seconds left.\n|\n|t:|1643986636\n|move|p2a: Toxapex|Haze|p2a: Toxapex\n|-clearallboost\n|move|p1a: Toxapex|Haze|p1a: Toxapex\n|-clearallboost\n|\n|-damage|p2a: Toxapex|82\/100 brn|[from] brn\n|upkeep\n|turn|517\n|inactive|Isaac Putin has 15 seconds left this turn.\n|l| Sixty6sixshit\n|\n|t:|1643986643\n|move|p2a: Toxapex|Toxic Spikes|p1a: Toxapex\n|-sidestart|p1: Isaac Putin|move: Toxic Spikes\n|move|p1a: Toxapex|Knock Off|p2a: Toxapex\n|-damage|p2a: Toxapex|75\/100 brn\n|\n|-damage|p2a: Toxapex|69\/100 brn|[from] brn\n|upkeep\n|turn|518\n|inactive|Isaac Putin has 20 seconds left this turn.\n|inactive|Isaac Putin has 15 seconds left.\n|\n|t:|1643986649\n|switch|p1a: Clefable|Clefable, M|84\/100 psn\n|move|p2a: Toxapex|Haze|p2a: Toxapex\n|-clearallboost\n|\n|-damage|p2a: Toxapex|63\/100 brn|[from] brn\n|upkeep\n|turn|519\n|inactive|Isaac Putin has 15 seconds left this turn.\n|c| Mani1517|A amazing 7% damage\n|\n|t:|1643986653\n|switch|p1a: Toxapex|Toxapex, M|100\/100\n|-sideend|p1: Isaac Putin|move: Toxic Spikes|[of] p1a: Toxapex\n|switch|p2a: Shedinja|Shedinja|100\/100\n|\n|upkeep\n|turn|520\n|inactive|Isaac Putin has 20 seconds left this turn.\n|\n|t:|1643986659\n|switch|p2a: Toxapex|Toxapex, M|96\/100 brn\n|switch|p1a: Clefable|Clefable, M|84\/100 psn\n|\n|-damage|p2a: Toxapex|90\/100 brn|[from] brn\n|upkeep\n|turn|521\n|inactive|Isaac Putin has 20 seconds left this turn.\n|\n|t:|1643986662\n|switch|p1a: Toxapex|Toxapex, M|100\/100\n|switch|p2a: Shedinja|Shedinja|100\/100\n|\n|upkeep\n|turn|522\n|inactive|Isaac Putin has 25 seconds left this turn.\n|inactive|Isaac Putin has 20 seconds left.\n|inactive|Isaac Putin has 15 seconds left.\n|\n|t:|1643986676\n|switch|p2a: Toxapex|Toxapex, M|100\/100 brn\n|switch|p1a: Clefable|Clefable, M|84\/100 psn\n|\n|-damage|p2a: Toxapex|94\/100 brn|[from] brn\n|upkeep\n|turn|523\n|inactive|Isaac Putin has 15 seconds left this turn.\n|\n|t:|1643986684\n|switch|p2a: Shedinja|Shedinja|100\/100\n|move|p1a: Clefable|Teleport|p1a: Clefable\n|inactive|Isaac Putin has 20 seconds left this turn.\n|\n|t:|1643986688\n|switch|p1a: Dragapult|Dragapult, F|34\/100 tox|[from]move: Teleport\n|\n|-damage|p1a: Dragapult|28\/100 tox|[from] psn\n|upkeep\n|turn|524\n|inactive|Isaac Putin has 20 seconds left this turn.\n|inactive|Isaac Putin has 15 seconds left.\n|j| Down$hift\n|c| JessieWessie|pult shouldnt have gotten poisoned\n|\n|t:|1643986696\n|switch|p2a: Toxapex|Toxapex, M|100\/100 brn\n|move|p1a: Dragapult|U-turn|p2a: Toxapex\n|-resisted|p2a: Toxapex\n|-damage|p2a: Toxapex|94\/100 brn\n|inactive|Isaac Putin has 20 seconds left this turn.\n|\n|t:|1643986698\n|switch|p1a: Kartana|Kartana|62\/100|[from]move: U-turn\n|\n|-damage|p2a: Toxapex|87\/100 brn|[from] brn\n|upkeep\n|turn|525\n|inactive|Isaac Putin has 20 seconds left this turn.\n|inactive|Isaac Putin has 15 seconds left.\n|\n|t:|1643986704\n|switch|p1a: Zapdos|Zapdos|24\/100 tox\n|switch|p2a: Shedinja|Shedinja|100\/100\n|\n|-damage|p1a: Zapdos|18\/100 tox|[from] psn\n|upkeep\n|turn|526\n|inactive|Isaac Putin has 20 seconds left this turn.\n|c| Down$hift|Im back\n|inactive|Isaac Putin has 15 seconds left.\n|inactive|kokoukohiro has 90 seconds left.\n|\n|t:|1643986711\n|switch|p2a: Blissey|Blissey, F|65\/100\n|move|p1a: Zapdos|Toxic|p2a: Blissey\n|-status|p2a: Blissey|tox\n|\n|-damage|p1a: Zapdos|6\/100 tox|[from] psn\n|-damage|p2a: Blissey|59\/100 tox|[from] psn\n|upkeep\n|turn|527\n|inactive|Isaac Putin has 15 seconds left this turn.\n|c| Down$hift|what exciting stuff has happened\n|c| JessieWessie|WB, the game is ending\n|\n|t:|1643986715\n|switch|p1a: Kartana|Kartana|62\/100\n|move|p2a: Blissey|Soft-Boiled|p2a: Blissey\n|-heal|p2a: Blissey|100\/100 tox\n|\n|-damage|p2a: Blissey|88\/100 tox|[from] psn\n|upkeep\n|turn|528\n|inactive|Isaac Putin has 20 seconds left this turn.\n|j| fgkolol\n|inactive|Isaac Putin has 15 seconds left.\n|\n|t:|1643986725\n|switch|p1a: Clefable|Clefable, M|84\/100 psn\n|-curestatus|p2a: Blissey|tox|[from] ability: Natural Cure\n|switch|p2a: Toxapex|Toxapex, M|100\/100 brn\n|\n|-damage|p2a: Toxapex|94\/100 brn|[from] brn\n|upkeep\n|turn|529\n|inactive|Isaac Putin has 15 seconds left this turn.\n|c| JessieWessie|well, zapdos is dead\n|\n|t:|1643986730\n|switch|p2a: Shedinja|Shedinja|100\/100\n|move|p1a: Clefable|Teleport|p1a: Clefable\n|inactive|Isaac Putin has 20 seconds left this turn.\n|inactive|Isaac Putin has 15 seconds left.\n|\n|t:|1643986736\n|switch|p1a: Kartana|Kartana|62\/100|[from]move: Teleport\n|\n|upkeep\n|turn|530\n|inactive|Isaac Putin has 15 seconds left this turn.\n|\n|t:|1643986741\n|switch|p2a: Corviknight|Corviknight, F|41\/100\n|-ability|p2a: Corviknight|Pressure\n|move|p1a: Kartana|Leaf Blade|p2a: Corviknight\n|-resisted|p2a: Corviknight\n|-damage|p2a: Corviknight|29\/100\n|\n|upkeep\n|turn|531\n|inactive|Isaac Putin has 20 seconds left this turn.\n|c| Mani1517|Both guys are going through existential crisis\n|c| Down$hift|I think kokou wins\n|inactive|Isaac Putin has 15 seconds left.\n|\n|t:|1643986748\n|switch|p1a: Clefable|Clefable, M|84\/100 psn\n|switch|p2a: Toxapex|Toxapex, M|100\/100 brn\n|\n|-damage|p2a: Toxapex|94\/100 brn|[from] brn\n|upkeep\n|turn|532\n|inactive|Isaac Putin has 15 seconds left this turn.\n|\n|t:|1643986752\n|switch|p1a: Toxapex|Toxapex, M|100\/100\n|switch|p2a: Shedinja|Shedinja|100\/100\n|\n|upkeep\n|turn|533\n|inactive|Isaac Putin has 20 seconds left this turn.\n|inactive|Isaac Putin has 15 seconds left.\n|\n|t:|1643986758\n|switch|p2a: Toxapex|Toxapex, M|100\/100 brn\n|move|p1a: Toxapex|Scald|p2a: Toxapex\n|-resisted|p2a: Toxapex\n|-damage|p2a: Toxapex|95\/100 brn\n|\n|-damage|p2a: Toxapex|88\/100 brn|[from] brn\n|upkeep\n|turn|534\n|inactive|Isaac Putin has 15 seconds left this turn.\n|l| Down$hift\n|inactive|kokoukohiro has 90 seconds left.\n|\n|t:|1643986764\n|switch|p1a: Clefable|Clefable, M|84\/100 psn\n|move|p2a: Toxapex|Toxic Spikes|p1a: Clefable\n|-sidestart|p1: Isaac Putin|move: Toxic Spikes\n|\n|-damage|p2a: Toxapex|82\/100 brn|[from] brn\n|upkeep\n|turn|535\n|inactive|Isaac Putin has 20 seconds left this turn.\n|l| fgkolol\n|inactive|Isaac Putin has 15 seconds left.\n|\n|t:|1643986772\n|switch|p2a: Shedinja|Shedinja|100\/100\n|move|p1a: Clefable|Teleport|p1a: Clefable\n|inactive|Isaac Putin has 15 seconds left this turn.\n|j| fgkolol\n|\n|t:|1643986776\n|switch|p1a: Kartana|Kartana|62\/100|[from]move: Teleport\n|\n|upkeep\n|turn|536\n|inactive|Isaac Putin has 20 seconds left this turn.\n|c| Mimikyu Stardust|i finished 3 battles while watching\n|inactive|Isaac Putin has 15 seconds left.\n|c| Mimikyu Stardust|and had a bathroom break\n|\n|t:|1643986781\n|switch|p1a: Toxapex|Toxapex, M|100\/100\n|-sideend|p1: Isaac Putin|move: Toxic Spikes|[of] p1a: Toxapex\n|switch|p2a: Toxapex|Toxapex, M|100\/100 brn\n|\n|-damage|p2a: Toxapex|94\/100 brn|[from] brn\n|upkeep\n|turn|537\n|inactive|Isaac Putin has 15 seconds left this turn.\n|c| JessieWessie|ye, issac made some critical mistakes\n|inactive|Isaac Putin has 10 seconds left.\n|\n|t:|1643986790\n|switch|p1a: Clefable|Clefable, M|84\/100 psn\n|move|p2a: Toxapex|Toxic Spikes|p1a: Clefable\n|-sidestart|p1: Isaac Putin|move: Toxic Spikes\n|\n|-damage|p2a: Toxapex|88\/100 brn|[from] brn\n|upkeep\n|turn|538\n|inactive|Isaac Putin has 15 seconds left this turn.\n|\n|t:|1643986793\n|switch|p2a: Shedinja|Shedinja|100\/100\n|move|p1a: Clefable|Teleport|p1a: Clefable\n|inactive|Isaac Putin has 15 seconds left this turn.\n|c| fruityiscool423|all u have to do\n|\n|t:|1643986796\n|switch|p1a: Zapdos|Zapdos|6\/100 tox|[from]move: Teleport\n|\n|-damage|p1a: Zapdos|0 fnt|[from] psn\n|faint|p1a: Zapdos\n|upkeep\n|inactive|Isaac Putin has 20 seconds left this turn.\n|c| fruityiscool423|is get kart knocked\n|\n|t:|1643986801\n|switch|p1a: Toxapex|Toxapex, M|100\/100\n|-sideend|p1: Isaac Putin|move: Toxic Spikes|[of] p1a: Toxapex\n|turn|539\n|inactive|Isaac Putin has 20 seconds left this turn.\n|c| cute asian gurl|ye\n|c| fruityiscool423|thats it basically\n|\n|t:|1643986805\n|switch|p2a: Toxapex|Toxapex, M|100\/100 brn\n|move|p1a: Toxapex|Haze|p1a: Toxapex\n|-clearallboost\n|\n|-damage|p2a: Toxapex|94\/100 brn|[from] brn\n|upkeep\n|turn|540\n|inactive|Isaac Putin has 25 seconds left this turn.\n|inactive|Isaac Putin has 20 seconds left.\n|\n|t:|1643986812\n|switch|p1a: Clefable|Clefable, M|84\/100 psn\n|move|p2a: Toxapex|Haze|p2a: Toxapex\n|-clearallboost\n|\n|-damage|p2a: Toxapex|88\/100 brn|[from] brn\n|upkeep\n|turn|541\n|inactive|Isaac Putin has 20 seconds left this turn.\n|inactive|Isaac Putin has 15 seconds left.\n|\n|t:|1643986817\n|switch|p2a: Shedinja|Shedinja|100\/100\n|move|p1a: Clefable|Moonblast|p2a: Shedinja\n|-immune|p2a: Shedinja|[from] ability: Wonder Guard\n|\n|upkeep\n|turn|542\n|inactive|Isaac Putin has 20 seconds left this turn.\n|c| cute asian gurl|and keeo helmet on pex to pressure shed\n|c| cute asian gurl|keep\n|\n|t:|1643986829\n|move|p1a: Clefable|Protect|p1a: Clefable\n|-singleturn|p1a: Clefable|Protect\n|move|p2a: Shedinja|Will-O-Wisp|p1a: Clefable\n|-activate|p1a: Clefable|move: Protect\n|\n|upkeep\n|turn|543\n|inactive|Isaac Putin has 20 seconds left this turn.\n|c| fruityiscool423|its knocked\n|inactive|Isaac Putin has 15 seconds left.\n|\n|t:|1643986837\n|move|p2a: Shedinja|Will-O-Wisp|p1a: Clefable|[miss]\n|-miss|p2a: Shedinja|p1a: Clefable\n|move|p1a: Clefable|Moonblast|p2a: Shedinja\n|-immune|p2a: Shedinja|[from] ability: Wonder Guard\n|\n|upkeep\n|turn|544\n|inactive|Isaac Putin has 20 seconds left this turn.\n|inactive|Isaac Putin has 15 seconds left.\n|\n|t:|1643986845\n|switch|p2a: Toxapex|Toxapex, M|100\/100 brn\n|switch|p1a: Toxapex|Toxapex, M|100\/100\n|\n|-damage|p2a: Toxapex|94\/100 brn|[from] brn\n|upkeep\n|turn|545\n|inactive|Isaac Putin has 15 seconds left this turn.\n|c| cute asian gurl|he should have kept it ye\n|c| JessieWessie|moonblast\n|inactive|Isaac Putin has 10 seconds left.\n|\n|t:|1643986852\n|switch|p1a: Clefable|Clefable, M|84\/100 psn\n|move|p2a: Toxapex|Haze|p2a: Toxapex\n|-clearallboost\n|\n|-damage|p2a: Toxapex|88\/100 brn|[from] brn\n|upkeep\n|turn|546\n|inactive|Isaac Putin has 15 seconds left this turn.\n|\n|t:|1643986856\n|switch|p1a: Toxapex|Toxapex, M|100\/100\n|switch|p2a: Shedinja|Shedinja|100\/100\n|\n|upkeep\n|turn|547\n|inactive|Isaac Putin has 15 seconds left this turn.\n|\n|t:|1643986860\n|switch|p2a: Toxapex|Toxapex, M|100\/100 brn\n|switch|p1a: Clefable|Clefable, M|84\/100 psn\n|\n|-damage|p2a: Toxapex|94\/100 brn|[from] brn\n|upkeep\n|turn|548\n|inactive|Isaac Putin has 20 seconds left this turn.\n|\n|t:|1643986864\n|switch|p1a: Toxapex|Toxapex, M|100\/100\n|switch|p2a: Shedinja|Shedinja|100\/100\n|\n|upkeep\n|turn|549\n|inactive|Isaac Putin has 20 seconds left this turn.\n|\n|t:|1643986868\n|switch|p2a: Toxapex|Toxapex, M|100\/100 brn\n|switch|p1a: Clefable|Clefable, M|84\/100 psn\n|\n|-damage|p2a: Toxapex|94\/100 brn|[from] brn\n|upkeep\n|turn|550\n|inactive|Isaac Putin has 25 seconds left this turn.\n|\n|t:|1643986871\n|switch|p1a: Toxapex|Toxapex, M|100\/100\n|switch|p2a: Shedinja|Shedinja|100\/100\n|\n|upkeep\n|turn|551\n|inactive|Isaac Putin has 25 seconds left this turn.\n|\n|t:|1643986878\n|switch|p2a: Toxapex|Toxapex, M|100\/100 brn\n|switch|p1a: Clefable|Clefable, M|84\/100 psn\n|\n|-damage|p2a: Toxapex|94\/100 brn|[from] brn\n|upkeep\n|turn|552\n|inactive|Isaac Putin has 30 seconds left this turn.\n|j| Team Powder v2\n|\n|t:|1643986881\n|switch|p1a: Toxapex|Toxapex, M|100\/100\n|switch|p2a: Shedinja|Shedinja|100\/100\n|\n|upkeep\n|turn|553\n|inactive|Isaac Putin has 30 seconds left this turn.\n|\n|t:|1643986888\n|switch|p2a: Toxapex|Toxapex, M|100\/100 brn\n|switch|p1a: Clefable|Clefable, M|84\/100 psn\n|\n|-damage|p2a: Toxapex|94\/100 brn|[from] brn\n|upkeep\n|turn|554\n|inactive|Isaac Putin has 30 seconds left this turn.\n|\n|t:|1643986893\n|switch|p1a: Toxapex|Toxapex, M|100\/100\n|switch|p2a: Shedinja|Shedinja|100\/100\n|\n|upkeep\n|turn|555\n|inactive|Isaac Putin has 30 seconds left this turn.\n|l| Team Powder v2\n|\n|t:|1643986902\n|switch|p2a: Toxapex|Toxapex, M|100\/100 brn\n|switch|p1a: Clefable|Clefable, M|84\/100 psn\n|\n|-damage|p2a: Toxapex|94\/100 brn|[from] brn\n|upkeep\n|turn|556\n|inactive|Isaac Putin has 30 seconds left this turn.\n|\n|t:|1643986904\n|switch|p1a: Toxapex|Toxapex, M|100\/100\n|switch|p2a: Shedinja|Shedinja|100\/100\n|\n|upkeep\n|turn|557\n|inactive|Isaac Putin has 30 seconds left this turn.\n|c| fgkolol|tf 550 turns\n|inactive|Isaac Putin has 20 seconds left.\n|inactive|Isaac Putin has 15 seconds left.\n|\n|t:|1643986920\n|switch|p2a: Toxapex|Toxapex, M|100\/100 brn\n|switch|p1a: Clefable|Clefable, M|84\/100 psn\n|\n|-damage|p2a: Toxapex|94\/100 brn|[from] brn\n|upkeep\n|turn|558\n|inactive|Isaac Putin has 20 seconds left this turn.\n|l| h moment\n|\n|t:|1643986926\n|switch|p1a: Toxapex|Toxapex, M|100\/100\n|switch|p2a: Shedinja|Shedinja|100\/100\n|\n|upkeep\n|turn|559\n|inactive|Isaac Putin has 20 seconds left this turn.\n|c| fruityiscool423|isaac putin\n|inactive|Isaac Putin has 15 seconds left.\n|c| fruityiscool423|u have to tie this\n|inactive|Isaac Putin has 10 seconds left.\n|\n|t:|1643986939\n|switch|p2a: Toxapex|Toxapex, M|100\/100 brn\n|switch|p1a: Clefable|Clefable, M|84\/100 psn\n|\n|-damage|p2a: Toxapex|94\/100 brn|[from] brn\n|upkeep\n|turn|560\n|inactive|Isaac Putin has 15 seconds left this turn.\n|\n|t:|1643986949\n|switch|p1a: Toxapex|Toxapex, M|100\/100\n|switch|p2a: Shedinja|Shedinja|100\/100\n|\n|upkeep\n|turn|561\n|inactive|Isaac Putin has 15 seconds left this turn.\n|c|\u2606Isaac Putin|how do you tie\n|inactive|Isaac Putin has 10 seconds left.\n|\n|t:|1643986954\n|switch|p2a: Toxapex|Toxapex, M|100\/100 brn\n|switch|p1a: Clefable|Clefable, M|84\/100 psn\n|\n|-damage|p2a: Toxapex|94\/100 brn|[from] brn\n|upkeep\n|turn|562\n|inactive|Isaac Putin has 15 seconds left this turn.\n|\n|t:|1643986961\n|switch|p1a: Toxapex|Toxapex, M|100\/100\n|move|p2a: Toxapex|Knock Off|p1a: Toxapex\n|-damage|p1a: Toxapex|98\/100\n|\n|-damage|p2a: Toxapex|88\/100 brn|[from] brn\n|upkeep\n|turn|563\n|inactive|Isaac Putin has 15 seconds left this turn.\n|c| Mani1517|\/\/offertie\n|c| fruityiscool423|wait till 1000 turns\n|c| fruityiscool423|or that\n|\n|t:|1643986966\n|switch|p1a: Clefable|Clefable, M|84\/100 psn\n|switch|p2a: Shedinja|Shedinja|100\/100\n|\n|upkeep\n|turn|564\n|inactive|Isaac Putin has 20 seconds left this turn.\n|\n|t:|1643986970\n|switch|p2a: Toxapex|Toxapex, M|100\/100 brn\n|switch|p1a: Toxapex|Toxapex, M|100\/100\n|\n|-damage|p2a: Toxapex|94\/100 brn|[from] brn\n|upkeep\n|turn|565\n|inactive|Isaac Putin has 20 seconds left this turn.\n|\n|t:|1643986973\n|switch|p2a: Shedinja|Shedinja|100\/100\n|switch|p1a: Clefable|Clefable, M|84\/100 psn\n|\n|upkeep\n|turn|566\n|inactive|Isaac Putin has 25 seconds left this turn.\n|\n|t:|1643986978\n|switch|p1a: Toxapex|Toxapex, M|100\/100\n|move|p2a: Shedinja|Will-O-Wisp|p1a: Toxapex\n|-status|p1a: Toxapex|brn\n|\n|-damage|p1a: Toxapex|94\/100 brn|[from] brn\n|upkeep\n|turn|567\n|inactive|Isaac Putin has 25 seconds left this turn.\n|inactive|Isaac Putin has 20 seconds left.\n|inactive|Isaac Putin has 15 seconds left.\n|\n|t:|1643986989\n|switch|p2a: Toxapex|Toxapex, M|100\/100 brn\n|switch|p1a: Clefable|Clefable, M|84\/100 psn\n|\n|-damage|p2a: Toxapex|94\/100 brn|[from] brn\n|upkeep\n|turn|568\n|inactive|Isaac Putin has 20 seconds left this turn.\n|\n|t:|1643986992\n|switch|p1a: Toxapex|Toxapex, M|100\/100 brn\n|switch|p2a: Shedinja|Shedinja|100\/100\n|\n|-damage|p1a: Toxapex|94\/100 brn|[from] brn\n|upkeep\n|turn|569\n|inactive|Isaac Putin has 20 seconds left this turn.\n|inactive|Isaac Putin has 15 seconds left.\n|c|\u2606Isaac Putin|I can go to 1000 pretty easy\n|\n|t:|1643987000\n|switch|p2a: Toxapex|Toxapex, M|100\/100 brn\n|switch|p1a: Clefable|Clefable, M|84\/100 psn\n|\n|-damage|p2a: Toxapex|94\/100 brn|[from] brn\n|upkeep\n|turn|570\n|inactive|Isaac Putin has 20 seconds left this turn.\n|\n|t:|1643987003\n|switch|p1a: Toxapex|Toxapex, M|100\/100 brn\n|switch|p2a: Shedinja|Shedinja|100\/100\n|\n|-damage|p1a: Toxapex|94\/100 brn|[from] brn\n|upkeep\n|turn|571\n|inactive|Isaac Putin has 20 seconds left this turn.\n|\n|t:|1643987006\n|switch|p2a: Toxapex|Toxapex, M|100\/100 brn\n|switch|p1a: Clefable|Clefable, M|84\/100 psn\n|\n|-damage|p2a: Toxapex|94\/100 brn|[from] brn\n|upkeep\n|turn|572\n|inactive|Isaac Putin has 25 seconds left this turn.\n|\n|t:|1643987013\n|switch|p1a: Toxapex|Toxapex, M|100\/100 brn\n|switch|p2a: Shedinja|Shedinja|100\/100\n|\n|-damage|p1a: Toxapex|94\/100 brn|[from] brn\n|upkeep\n|turn|573\n|inactive|Isaac Putin has 25 seconds left this turn.\n|\n|t:|1643987017\n|switch|p2a: Toxapex|Toxapex, M|100\/100 brn\n|switch|p1a: Clefable|Clefable, M|84\/100 psn\n|\n|-damage|p2a: Toxapex|94\/100 brn|[from] brn\n|upkeep\n|turn|574\n|inactive|Isaac Putin has 30 seconds left this turn.\n|\n|t:|1643987020\n|switch|p1a: Kartana|Kartana|62\/100\n|switch|p2a: Shedinja|Shedinja|100\/100\n|\n|upkeep\n|turn|575\n|inactive|Isaac Putin has 30 seconds left this turn.\n|\n|t:|1643987025\n|switch|p1a: Toxapex|Toxapex, M|100\/100 brn\n|move|p2a: Shedinja|Protect||[still]\n|-fail|p2a: Shedinja\n|\n|-damage|p1a: Toxapex|94\/100 brn|[from] brn\n|upkeep\n|turn|576\n|inactive|Isaac Putin has 30 seconds left.\n|\n|t:|1643987034\n|switch|p2a: Toxapex|Toxapex, M|100\/100 brn\n|switch|p1a: Clefable|Clefable, M|84\/100 psn\n|\n|-damage|p2a: Toxapex|94\/100 brn|[from] brn\n|upkeep\n|turn|577\n|inactive|Isaac Putin has 30 seconds left this turn.\n|c| Mani1517|Eartquake really ends the game here\n|inactive|Isaac Putin has 20 seconds left.\n|\n|t:|1643987048\n|switch|p1a: Toxapex|Toxapex, M|100\/100 brn\n|switch|p2a: Shedinja|Shedinja|100\/100\n|\n|-damage|p1a: Toxapex|94\/100 brn|[from] brn\n|upkeep\n|turn|578\n|inactive|Isaac Putin has 25 seconds left this turn.\nIsaac Putin is offering a tie.\n|inactive|Isaac Putin has 20 seconds left.\n|\n|t:|1643987061\n|switch|p2a: Toxapex|Toxapex, M|100\/100 brn\n|switch|p1a: Clefable|Clefable, M|84\/100 psn\n|\n|-damage|p2a: Toxapex|94\/100 brn|[from] brn\n|upkeep\n|turn|579\n|inactive|Isaac Putin has 20 seconds left this turn.\n|inactive|Isaac Putin has 15 seconds left.\n|inactive|kokoukohiro has 120 seconds left.\n|\n|t:|1643987069\n|switch|p1a: Toxapex|Toxapex, M|100\/100 brn\n|switch|p2a: Shedinja|Shedinja|100\/100\n|\n|-damage|p1a: Toxapex|94\/100 brn|[from] brn\n|upkeep\n|turn|580\n|inactive|Isaac Putin has 20 seconds left this turn.\n|inactive|Isaac Putin has 15 seconds left.\n|inactive|kokoukohiro has 120 seconds left.\n|inactive|Isaac Putin has 10 seconds left.\n|\n|t:|1643987080\n|switch|p2a: Toxapex|Toxapex, M|100\/100 brn\n|switch|p1a: Clefable|Clefable, M|84\/100 psn\n|\n|-damage|p2a: Toxapex|94\/100 brn|[from] brn\n|upkeep\n|turn|581\n|inactive|Isaac Putin has 10 seconds left this turn.\n|c|\u2606kokoukohiro|Do you like stall man\n|\n|t:|1643987097\n|switch|p1a: Toxapex|Toxapex, M|100\/100 brn\n|switch|p2a: Shedinja|Shedinja|100\/100\n|\n|-damage|p1a: Toxapex|94\/100 brn|[from] brn\n|upkeep\n|turn|582\n|inactive|Isaac Putin has 15 seconds left this turn.\n|inactive|Isaac Putin has 10 seconds left.\n|\n|t:|1643987103\n|switch|p2a: Toxapex|Toxapex, M|100\/100 brn\n|switch|p1a: Clefable|Clefable, M|84\/100 psn\n|\n|-damage|p2a: Toxapex|94\/100 brn|[from] brn\n|upkeep\n|turn|583\n|inactive|Isaac Putin has 10 seconds left this turn.\n|inactiveoff|Battle timer is now OFF.\nIsaac Putin is offering a tie.\n|c|\u2606kokoukohiro|I will tie if you really hate me\n|c| Yb is Better|Just tie man\n|c|\u2606Isaac Putin|wdym\n|c|\u2606Isaac Putin|no hate tbh\n|c|\u2606Isaac Putin|you have stamina\n|c|\u2606Isaac Putin|but let's get some sleep\n|c|\u2606kokoukohiro|but i want to finish this battle\n|\n|t:|1643987208\n|switch|p1a: Toxapex|Toxapex, M|100\/100 brn\n|switch|p2a: Shedinja|Shedinja|100\/100\n|\n|-damage|p1a: Toxapex|94\/100 brn|[from] brn\n|upkeep\n|turn|584\n|c|\u2606Isaac Putin|finish with a tie \u00af\\_(\u30c4)_\/\u00af\n|\n|t:|1643987219\n|switch|p2a: Toxapex|Toxapex, M|100\/100 brn\n|switch|p1a: Clefable|Clefable, M|84\/100 psn\n|\n|-damage|p2a: Toxapex|94\/100 brn|[from] brn\n|upkeep\n|turn|585\n|\n|t:|1643987225\n|switch|p1a: Toxapex|Toxapex, M|100\/100 brn\n|switch|p2a: Shedinja|Shedinja|100\/100\n|\n|-damage|p1a: Toxapex|94\/100 brn|[from] brn\n|upkeep\n|turn|586\n|c|\u2606Isaac Putin|like why make it go 1000\n|\n|t:|1643987237\n|switch|p2a: Toxapex|Toxapex, M|100\/100 brn\n|switch|p1a: Clefable|Clefable, M|84\/100 psn\n|\n|-damage|p2a: Toxapex|94\/100 brn|[from] brn\n|upkeep\n|turn|587\n|\n|t:|1643987240\n|switch|p1a: Toxapex|Toxapex, M|100\/100 brn\n|switch|p2a: Shedinja|Shedinja|100\/100\n|\n|-damage|p1a: Toxapex|94\/100 brn|[from] brn\n|upkeep\n|turn|588\n|\n|t:|1643987243\n|switch|p1a: Clefable|Clefable, M|84\/100 psn\n|move|p2a: Shedinja|Shadow Claw|p1a: Clefable\n|-crit|p1a: Clefable\n|-damage|p1a: Clefable|33\/100 psn\n|\n|upkeep\n|turn|589\n|c| JessieWessie|atm, koko has more options\n|\n|t:|1643987248\n|switch|p2a: Toxapex|Toxapex, M|100\/100 brn\n|move|p1a: Clefable|Protect||[still]\n|-fail|p1a: Clefable\n|\n|-damage|p2a: Toxapex|94\/100 brn|[from] brn\n|upkeep\n|turn|590\n|\n|t:|1643987259\n|switch|p1a: Toxapex|Toxapex, M|100\/100 brn\n|move|p2a: Toxapex|Knock Off|p1a: Toxapex\n|-damage|p1a: Toxapex|97\/100 brn\n|\n|-damage|p2a: Toxapex|88\/100 brn|[from] brn\n|-damage|p1a: Toxapex|91\/100 brn|[from] brn\n|upkeep\n|turn|591\n|c|\u2606Isaac Putin|but it's just a 50 50\n|c|\u2606Isaac Putin|where's the prediction here\n|c|\u2606Isaac Putin|like if I had stayed his game would be over\n|c|\u2606Isaac Putin|that was essentially random\n|\n|t:|1643987305\n|switch|p1a: Kartana|Kartana|62\/100\n|move|p2a: Toxapex|Knock Off|p1a: Kartana\n|-damage|p1a: Kartana|54\/100\n|-enditem|p1a: Kartana|Choice Band|[from] move: Knock Off|[of] p2a: Toxapex\n|\n|-damage|p2a: Toxapex|82\/100 brn|[from] brn\n|upkeep\n|turn|592\n|c| JessieWessie|well\n|c| fruityiscool423|ayo\n|c| JessieWessie|now you win\n|c|\u2606Isaac Putin|how\n|c| fruityiscool423|dont waste ur knock\n|c| fruityiscool423|and sweep\n|c| JessieWessie|kart can arrack\n|\n|t:|1643987334\n|switch|p1a: Toxapex|Toxapex, M|100\/100 brn\n|move|p2a: Toxapex|Knock Off|p1a: Toxapex\n|-damage|p1a: Toxapex|98\/100 brn\n|\n|-damage|p1a: Toxapex|91\/100 brn|[from] brn\n|-damage|p2a: Toxapex|75\/100 brn|[from] brn\n|upkeep\n|turn|593\n|c| Mani1517|The god smiled on us\n|c| JessieWessie|dude\n|\n|t:|1643987345\n|move|p1a: Toxapex|Knock Off|p2a: Toxapex\n|-damage|p2a: Toxapex|72\/100 brn\n|move|p2a: Toxapex|Haze|p2a: Toxapex\n|-clearallboost\n|\n|-damage|p1a: Toxapex|85\/100 brn|[from] brn\n|-damage|p2a: Toxapex|66\/100 brn|[from] brn\n|upkeep\n|turn|594\n|c| cute asian gurl|you need to hit shed with your only knock off and you can win\n|inactive|Battle timer is ON: inactive players will automatically lose when time's up. (requested by Isaac Putin)\n|inactive|Isaac Putin has 15 seconds left this turn.\n|inactiveoff|Battle timer is now OFF.\n|c|\u2606Isaac Putin|sorry accident turn it off\n|c| cute asian gurl|why do you switch kart out tho ?\n|\n|t:|1643987360\n|switch|p1a: Clefable|Clefable, M|33\/100 psn\n|move|p2a: Toxapex|Haze|p2a: Toxapex\n|-clearallboost\n|\n|-damage|p2a: Toxapex|60\/100 brn|[from] brn\n|upkeep\n|turn|595\n|c| Mani1517|but the thing is can it end before 1000 turns\n|\n|t:|1643987373\n|move|p2a: Toxapex|Knock Off|p1a: Clefable\n|-resisted|p1a: Clefable\n|-damage|p1a: Clefable|30\/100 psn\n|move|p1a: Clefable|Teleport|p1a: Clefable\n|\n|t:|1643987377\n|switch|p1a: Kartana|Kartana|54\/100|[from]move: Teleport\n|\n|-damage|p2a: Toxapex|53\/100 brn|[from] brn\n|upkeep\n|turn|596\n|\n|t:|1643987383\n|switch|p2a: Corviknight|Corviknight, F|29\/100\n|-ability|p2a: Corviknight|Pressure\n|move|p1a: Kartana|Leaf Blade|p2a: Corviknight\n|-resisted|p2a: Corviknight\n|-damage|p2a: Corviknight|19\/100\n|\n|upkeep\n|turn|597\n|c| JessieWessie|kart wins now that its not choiced\n|c| Nesnot|It can, but is really?\n|\n|t:|1643987390\n|switch|p1a: Toxapex|Toxapex, M|100\/100 brn\n|switch|p2a: Toxapex|Toxapex, M|87\/100 brn\n|\n|-damage|p2a: Toxapex|80\/100 brn|[from] brn\n|-damage|p1a: Toxapex|94\/100 brn|[from] brn\n|upkeep\n|turn|598\n|c| cute asian gurl|keep spamming leaf lol\n|\n|t:|1643987403\n|switch|p1a: Clefable|Clefable, M|30\/100 psn\n|move|p2a: Toxapex|Haze|p2a: Toxapex\n|-clearallboost\n|\n|-damage|p2a: Toxapex|74\/100 brn|[from] brn\n|upkeep\n|turn|599\n|\n|t:|1643987409\n|switch|p2a: Shedinja|Shedinja|100\/100\n|move|p1a: Clefable|Teleport|p1a: Clefable\n|\n|t:|1643987412\n|switch|p1a: Kartana|Kartana|54\/100|[from]move: Teleport\n|\n|upkeep\n|bigerror|You will auto-tie if the battle doesn't end in 400 turns (on turn 1000).\n|-hint|If you want to tie earlier, consider using `\/offertie`.\n|turn|600\n|c| Mani1517|don't\n|\n|t:|1643987422\n|move|p2a: Shedinja|Protect|p2a: Shedinja\n|-singleturn|p2a: Shedinja|Protect\n|move|p1a: Kartana|Leaf Blade|p2a: Shedinja\n|-activate|p2a: Shedinja|move: Protect\n|\n|upkeep\n|turn|601\n|c| JessieWessie|lol\n|\n|t:|1643987434\n|switch|p1a: Toxapex|Toxapex, M|100\/100 brn\n|switch|p2a: Toxapex|Toxapex, M|100\/100 brn\n|\n|-damage|p1a: Toxapex|94\/100 brn|[from] brn\n|-damage|p2a: Toxapex|94\/100 brn|[from] brn\n|upkeep\n|turn|602\n|c| Nesnot|400 turns left\n|\n|t:|1643987443\n|switch|p1a: Clefable|Clefable, M|30\/100 psn\n|switch|p2a: Corviknight|Corviknight, F|19\/100\n|-ability|p2a: Corviknight|Pressure\n|\n|upkeep\n|turn|603\n|c| Nesnot|I hope they tie\n|\n|t:|1643987453\n|switch|p2a: Shedinja|Shedinja|100\/100\n|move|p1a: Clefable|Moonblast|p2a: Shedinja\n|-immune|p2a: Shedinja|[from] ability: Wonder Guard\n|\n|upkeep\n|turn|604\n|c| Nesnot|just so this was pointless\n|\n|t:|1643987468\n|switch|p2a: Quagsire|Quagsire, F|100\/100\n|switch|p1a: Toxapex|Toxapex, M|100\/100 brn\n|\n|-damage|p1a: Toxapex|94\/100 brn|[from] brn\n|upkeep\n|turn|605\n|\n|t:|1643987473\n|move|p1a: Toxapex|Scald|p2a: Quagsire\n|-damage|p2a: Quagsire|81\/100\n|move|p2a: Quagsire|Earthquake|p1a: Toxapex\n|-supereffective|p1a: Toxapex\n|-damage|p1a: Toxapex|60\/100 brn\n|\n|-heal|p2a: Quagsire|88\/100|[from] item: Leftovers\n|-damage|p1a: Toxapex|54\/100 brn|[from] brn\n|upkeep\n|turn|606\n|\n|t:|1643987478\n|move|p1a: Toxapex|Recover|p1a: Toxapex\n|-heal|p1a: Toxapex|100\/100 brn\n|move|p2a: Quagsire|Earthquake|p1a: Toxapex\n|-supereffective|p1a: Toxapex\n|-damage|p1a: Toxapex|64\/100 brn\n|\n|-heal|p2a: Quagsire|94\/100|[from] item: Leftovers\n|-damage|p1a: Toxapex|58\/100 brn|[from] brn\n|upkeep\n|turn|607\n|\n|t:|1643987491\n|move|p1a: Toxapex|Recover|p1a: Toxapex\n|-heal|p1a: Toxapex|100\/100 brn\n|move|p2a: Quagsire|Earthquake|p1a: Toxapex\n|-supereffective|p1a: Toxapex\n|-damage|p1a: Toxapex|66\/100 brn\n|\n|-heal|p2a: Quagsire|99\/100|[from] item: Leftovers\n|-damage|p1a: Toxapex|60\/100 brn|[from] brn\n|upkeep\n|turn|608\n|\n|t:|1643987496\n|move|p1a: Toxapex|Recover|p1a: Toxapex\n|-heal|p1a: Toxapex|100\/100 brn\n|move|p2a: Quagsire|Earthquake|p1a: Toxapex\n|-supereffective|p1a: Toxapex\n|-damage|p1a: Toxapex|62\/100 brn\n|\n|-heal|p2a: Quagsire|100\/100|[from] item: Leftovers\n|-damage|p1a: Toxapex|56\/100 brn|[from] brn\n|upkeep\n|turn|609\n|\n|t:|1643987500\n|move|p1a: Toxapex|Recover|p1a: Toxapex\n|-heal|p1a: Toxapex|100\/100 brn\n|move|p2a: Quagsire|Earthquake|p1a: Toxapex\n|-supereffective|p1a: Toxapex\n|-damage|p1a: Toxapex|65\/100 brn\n|\n|-damage|p1a: Toxapex|59\/100 brn|[from] brn\n|upkeep\n|turn|610\n|\n|t:|1643987503\n|move|p1a: Toxapex|Recover|p1a: Toxapex\n|-heal|p1a: Toxapex|100\/100 brn\n|move|p2a: Quagsire|Earthquake|p1a: Toxapex\n|-supereffective|p1a: Toxapex\n|-damage|p1a: Toxapex|66\/100 brn\n|\n|-damage|p1a: Toxapex|60\/100 brn|[from] brn\n|upkeep\n|turn|611\n|\n|t:|1643987505\n|move|p1a: Toxapex|Recover|p1a: Toxapex\n|-heal|p1a: Toxapex|100\/100 brn\n|move|p2a: Quagsire|Earthquake|p1a: Toxapex\n|-supereffective|p1a: Toxapex\n|-crit|p1a: Toxapex\n|-damage|p1a: Toxapex|49\/100 brn\n|\n|-damage|p1a: Toxapex|42\/100 brn|[from] brn\n|upkeep\n|turn|612\n|c| JessieWessie|kart wins but doesnt win at the same time cuz of only 1 knock off lol\n|\n|t:|1643987508\n|move|p1a: Toxapex|Recover|p1a: Toxapex\n|-heal|p1a: Toxapex|92\/100 brn\n|move|p2a: Quagsire|Earthquake|p1a: Toxapex\n|-supereffective|p1a: Toxapex\n|-damage|p1a: Toxapex|56\/100 brn\n|\n|-damage|p1a: Toxapex|50\/100 brn|[from] brn\n|upkeep\n|turn|613\n|c| Mani1517|yup\n|\n|t:|1643987514\n|switch|p2a: Corviknight|Corviknight, F|19\/100\n|-ability|p2a: Corviknight|Pressure\n|move|p1a: Toxapex|Recover|p1a: Toxapex\n|-heal|p1a: Toxapex|99\/100 brn\n|\n|-damage|p1a: Toxapex|94\/100 brn|[from] brn\n|upkeep\n|turn|614\n|\n|t:|1643987518\n|switch|p2a: Toxapex|Toxapex, M|100\/100 brn\n|move|p1a: Toxapex|Haze|p1a: Toxapex\n|-clearallboost\n|\n|-damage|p1a: Toxapex|87\/100 brn|[from] brn\n|-damage|p2a: Toxapex|94\/100 brn|[from] brn\n|upkeep\n|turn|615\n|c| Mani1517|well kart doesn't need to beat shedninja\n|c| cute asian gurl|hard kart there\n|\n|t:|1643987535\n|switch|p1a: Clefable|Clefable, M|30\/100 psn\n|move|p2a: Toxapex|Haze|p2a: Toxapex\n|-clearallboost\n|\n|-damage|p2a: Toxapex|88\/100 brn|[from] brn\n|upkeep\n|turn|616\n|\n|t:|1643987544\n|switch|p2a: Blissey|Blissey, F|88\/100\n|move|p1a: Clefable|Teleport|p1a: Clefable\n|\n|t:|1643987547\n|switch|p1a: Kartana|Kartana|54\/100|[from]move: Teleport\n|\n|upkeep\n|turn|617\n|\n|t:|1643987553\n|switch|p2a: Shedinja|Shedinja|100\/100\n|move|p1a: Kartana|Sacred Sword|p2a: Shedinja\n|-immune|p2a: Shedinja|[from] ability: Wonder Guard\n|\n|upkeep\n|turn|618\n|c| cute asian gurl|knock is only doing like 4% to kart\n|c| cute asian gurl|you dont need to go clef\n|\n|t:|1643987569\n|switch|p1a: Toxapex|Toxapex, M|100\/100 brn\n|move|p2a: Shedinja|Will-O-Wisp|p1a: Toxapex\n|-fail|p1a: Toxapex|brn\n|\n|-damage|p1a: Toxapex|94\/100 brn|[from] brn\n|upkeep\n|turn|619\n|c| JessieWessie|balls\n|c|\u2606Isaac Putin|ballsy\n|c| JessieWessie|aayye you owe me soda\n|\n|t:|1643987586\n|switch|p2a: Toxapex|Toxapex, M|100\/100 brn\n|move|p1a: Toxapex|Knock Off|p2a: Toxapex\n|-damage|p2a: Toxapex|98\/100 brn\n|\n|-damage|p1a: Toxapex|88\/100 brn|[from] brn\n|-damage|p2a: Toxapex|91\/100 brn|[from] brn\n|upkeep\n|turn|620\n|c| Mani1517|nah u just wimped out\n|c| cute asian gurl|i would hve used knock ngl\n|\n|t:|1643987593\n|switch|p1a: Clefable|Clefable, M|30\/100 psn\n|move|p2a: Toxapex|Haze|p2a: Toxapex\n|-clearallboost\n|\n|-damage|p2a: Toxapex|85\/100 brn|[from] brn\n|upkeep\n|turn|621\n|c| JessieWessie|lol\n|\n|t:|1643987602\n|switch|p2a: Shedinja|Shedinja|100\/100\n|move|p1a: Clefable|Teleport|p1a: Clefable\n|\n|t:|1643987606\n|switch|p1a: Kartana|Kartana|54\/100|[from]move: Teleport\n|\n|upkeep\n|turn|622\n|\n|t:|1643987610\n|switch|p1a: Toxapex|Toxapex, M|100\/100 brn\n|switch|p2a: Toxapex|Toxapex, M|100\/100 brn\n|\n|-damage|p2a: Toxapex|94\/100 brn|[from] brn\n|-damage|p1a: Toxapex|94\/100 brn|[from] brn\n|upkeep\n|turn|623\n|\n|t:|1643987622\n|switch|p1a: Clefable|Clefable, M|30\/100 psn\n|move|p2a: Toxapex|Haze|p2a: Toxapex\n|-clearallboost\n|\n|-damage|p2a: Toxapex|88\/100 brn|[from] brn\n|upkeep\n|turn|624\n|c|\u2606Isaac Putin|see the thing is\n|c| Mani1517|that one knock off is more precious than the biggest diamond in the world\n|c| Mani1517|right now\n|c|\u2606Isaac Putin|I had to spam knock at the start to whittle down the corvi's roosts\n|\n|t:|1643987677\n|switch|p1a: Toxapex|Toxapex, M|100\/100 brn\n|switch|p2a: Shedinja|Shedinja|100\/100\n|\n|-damage|p1a: Toxapex|94\/100 brn|[from] brn\n|upkeep\n|turn|625\n|c| JessieWessie|I wouldn't go that far... its only a random pokemon battle with imaginary points included\n|\n|t:|1643987685\n|switch|p2a: Toxapex|Toxapex, M|100\/100 brn\n|switch|p1a: Clefable|Clefable, M|30\/100 psn\n|\n|-damage|p2a: Toxapex|94\/100 brn|[from] brn\n|upkeep\n|turn|626\n|c| Mani1517|really\n|\n|t:|1643987689\n|switch|p1a: Toxapex|Toxapex, M|100\/100 brn\n|switch|p2a: Shedinja|Shedinja|100\/100\n|\n|-damage|p1a: Toxapex|94\/100 brn|[from] brn\n|upkeep\n|turn|627\n|c| cute asian gurl|thats why you needed to get your kart to eat a pex knock off\n|c| cute asian gurl|to get rid of your scarf\n|c|\u2606Isaac Putin|it's band\n|c| Mani1517|do it\n|c|\u2606Isaac Putin|see this is where pokemon is less about skill more about luck\n|c|\u2606Isaac Putin|how would an ai play this right here\n|c|\u2606Isaac Putin|it's 50 50\n|c| cute asian gurl|now its tough\n|c|\u2606Isaac Putin|it's not chess\n|c| cute asian gurl|but you missplayed\n|c| fgkolol|flip a coin\n|c|\u2606Isaac Putin|sure\n|c|\u2606Isaac Putin|over 627 turns I missplayed lol\n|c| Mani1517|The AI would commit seppuku\n|l| Nesnot\n|c|\u2606Isaac Putin|no but seriously if I stayed in and he attacked that's not skill\n|c|\u2606Isaac Putin|the reverse is true\n|c|\u2606Isaac Putin|I wouldn't go laughing\/celebrating\n|c| cute asian gurl|Isaac Putin this game could have been won in less than 100 turns\n|c|\u2606Isaac Putin|sure\n|c| Mani1517|if only some requirements were fulfilled\n|c|\u2606Isaac Putin|sd cart wins ofc\n|c| Mani1517|ok lets just start now\n|c|\u2606Isaac Putin|it's the team that's fucked\n|c| Mani1517|time is precious\nIsaac Putin is offering a tie.\n|inactive|Battle timer is ON: inactive players will automatically lose when time's up. (requested by kokoukohiro)\n|inactive|Isaac Putin has 15 seconds left this turn.\n|c|\u2606Isaac Putin|this is a 50 50\n|inactive|Isaac Putin has 10 seconds left.\n|\n|t:|1643987899\n|switch|p2a: Toxapex|Toxapex, M|100\/100 brn\n|switch|p1a: Clefable|Clefable, M|30\/100 psn\n|\n|-damage|p2a: Toxapex|94\/100 brn|[from] brn\n|upkeep\n|turn|628\n|inactive|Isaac Putin has 15 seconds left this turn.\n|\n|t:|1643987903\n|switch|p1a: Toxapex|Toxapex, M|100\/100 brn\n|switch|p2a: Shedinja|Shedinja|100\/100\n|\n|-damage|p1a: Toxapex|94\/100 brn|[from] brn\n|upkeep\n|turn|629\n|inactive|Isaac Putin has 15 seconds left this turn.\n|inactive|Isaac Putin has 10 seconds left.\n|\n|t:|1643987908\n|switch|p1a: Clefable|Clefable, M|30\/100 psn\n|move|p2a: Shedinja|Shadow Claw|p1a: Clefable\n|-damage|p1a: Clefable|0 fnt\n|faint|p1a: Clefable\n|\n|upkeep\n|inactive|Isaac Putin has 15 seconds left this turn.\n|inactive|Isaac Putin has 10 seconds left.\n|c|\u2606Isaac Putin|gg\n|c|\u2606Isaac Putin|see what I mean\n|inactive|Isaac Putin has 5 seconds left.\n|\n|t:|1643987920\n|switch|p1a: Toxapex|Toxapex, M|100\/100 brn\n|turn|630\n|inactive|Isaac Putin has 5 seconds left this turn.\n|\n|t:|1643987923\n|switch|p2a: Toxapex|Toxapex, M|100\/100 brn\n|move|p1a: Toxapex|Knock Off|p2a: Toxapex\n|-crit|p2a: Toxapex\n|-damage|p2a: Toxapex|96\/100 brn\n|\n|-damage|p2a: Toxapex|90\/100 brn|[from] brn\n|-damage|p1a: Toxapex|94\/100 brn|[from] brn\n|upkeep\n|turn|631\n|inactive|Isaac Putin has 10 seconds left this turn.\n|j| Lil Tzeitzki TTT\n|\n|t:|1643987929\n|move|p2a: Toxapex|Haze|p2a: Toxapex\n|-clearallboost\n|move|p1a: Toxapex|Haze|p1a: Toxapex\n|-clearallboost\n|\n|-damage|p1a: Toxapex|88\/100 brn|[from] brn\n|-damage|p2a: Toxapex|83\/100 brn|[from] brn\n|upkeep\n|turn|632\n|inactive|Isaac Putin has 10 seconds left this turn.\n|inactive|kokoukohiro has 120 seconds left.\n|\n|t:|1643987934\n|switch|p2a: Quagsire|Quagsire, F|100\/100\n|move|p1a: Toxapex|Haze|p1a: Toxapex\n|-clearallboost\n|\n|-damage|p1a: Toxapex|82\/100 brn|[from] brn\n|upkeep\n|turn|633\n|inactive|Isaac Putin has 15 seconds left this turn.\n|\n|t:|1643987936\n|move|p1a: Toxapex|Scald|p2a: Quagsire\n|-damage|p2a: Quagsire|82\/100\n|move|p2a: Quagsire|Earthquake|p1a: Toxapex\n|-supereffective|p1a: Toxapex\n|-damage|p1a: Toxapex|48\/100 brn\n|\n|-heal|p2a: Quagsire|88\/100|[from] item: Leftovers\n|-damage|p1a: Toxapex|41\/100 brn|[from] brn\n|upkeep\n|turn|634\n|inactive|Isaac Putin has 15 seconds left this turn.\n|\n|t:|1643987940\n|move|p1a: Toxapex|Recover|p1a: Toxapex\n|-heal|p1a: Toxapex|91\/100 brn\n|move|p2a: Quagsire|Earthquake|p1a: Toxapex\n|-supereffective|p1a: Toxapex\n|-damage|p1a: Toxapex|58\/100 brn\n|\n|-heal|p2a: Quagsire|94\/100|[from] item: Leftovers\n|-damage|p1a: Toxapex|51\/100 brn|[from] brn\n|upkeep\n|turn|635\n|inactive|Isaac Putin has 20 seconds left this turn.\n|\n|t:|1643987943\n|switch|p2a: Corviknight|Corviknight, F|19\/100\n|-ability|p2a: Corviknight|Pressure\n|move|p1a: Toxapex|Recover|p1a: Toxapex\n|-heal|p1a: Toxapex|100\/100 brn\n|\n|-damage|p1a: Toxapex|94\/100 brn|[from] brn\n|upkeep\n|turn|636\n|inactive|Isaac Putin has 20 seconds left this turn.\n|\n|t:|1643987946\n|switch|p2a: Toxapex|Toxapex, M|100\/100 brn\n|move|p1a: Toxapex|Scald|p2a: Toxapex\n|-resisted|p2a: Toxapex\n|-crit|p2a: Toxapex\n|-damage|p2a: Toxapex|91\/100 brn\n|\n|-damage|p1a: Toxapex|88\/100 brn|[from] brn\n|-damage|p2a: Toxapex|85\/100 brn|[from] brn\n|upkeep\n|turn|637\n|inactive|Isaac Putin has 25 seconds left this turn.\n|j| h moment\n|l| Lil Tzeitzki TTT\n|\n|t:|1643987956\n|move|p2a: Toxapex|Haze|p2a: Toxapex\n|-clearallboost\n|move|p1a: Toxapex|Haze|p1a: Toxapex\n|-clearallboost\n|\n|-damage|p2a: Toxapex|79\/100 brn|[from] brn\n|-damage|p1a: Toxapex|82\/100 brn|[from] brn\n|upkeep\n|turn|638\n|inactive|Isaac Putin has 25 seconds left this turn.\n|\n|t:|1643987959\n|move|p2a: Toxapex|Haze|p2a: Toxapex\n|-clearallboost\n|move|p1a: Toxapex|Haze|p1a: Toxapex\n|-clearallboost\n|\n|-damage|p2a: Toxapex|73\/100 brn|[from] brn\n|-damage|p1a: Toxapex|75\/100 brn|[from] brn\n|upkeep\n|turn|639\n|inactive|Isaac Putin has 30 seconds left this turn.\n|\n|t:|1643987962\n|switch|p2a: Quagsire|Quagsire, F|94\/100\n|switch|p1a: Kartana|Kartana|54\/100\n|\n|-heal|p2a: Quagsire|99\/100|[from] item: Leftovers\n|upkeep\n|turn|640\n|inactive|Isaac Putin has 30 seconds left this turn.\n|\n|t:|1643987971\n|switch|p2a: Toxapex|Toxapex, M|100\/100 brn\n|move|p1a: Kartana|Leaf Blade|p2a: Toxapex\n|-damage|p2a: Toxapex|62\/100 brn\n|\n|-damage|p2a: Toxapex|55\/100 brn|[from] brn\n|upkeep\n|turn|641\n|inactive|Isaac Putin has 30 seconds left this turn.\n|inactive|Isaac Putin has 20 seconds left.\n|\n|t:|1643987981\n|switch|p1a: Toxapex|Toxapex, M|100\/100 brn\n|move|p2a: Toxapex|Recover|p2a: Toxapex\n|-heal|p2a: Toxapex|100\/100 brn\n|\n|-damage|p1a: Toxapex|94\/100 brn|[from] brn\n|-damage|p2a: Toxapex|94\/100 brn|[from] brn\n|upkeep\n|turn|642\n|inactive|Isaac Putin has 20 seconds left this turn.\n|\n|t:|1643987987\n|switch|p1a: Kartana|Kartana|54\/100\n|switch|p2a: Quagsire|Quagsire, F|99\/100\n|\n|-heal|p2a: Quagsire|100\/100|[from] item: Leftovers\n|upkeep\n|turn|643\n|inactive|Isaac Putin has 25 seconds left this turn.\n|c| Mimikyu Stardust|just go to turn 1000\n|inactive|Isaac Putin has 20 seconds left.\n|\n|t:|1643987994\n|switch|p2a: Toxapex|Toxapex, M|100\/100 brn\n|move|p1a: Kartana|Leaf Blade|p2a: Toxapex\n|-damage|p2a: Toxapex|64\/100 brn\n|\n|-damage|p2a: Toxapex|58\/100 brn|[from] brn\n|upkeep\n|turn|644\n|inactive|Isaac Putin has 20 seconds left this turn.\n|c| Mimikyu Stardust|i wanna watch\n|\n|t:|1643988001\n|switch|p2a: Shedinja|Shedinja|100\/100\n|move|p1a: Kartana|Leaf Blade|p2a: Shedinja\n|-immune|p2a: Shedinja|[from] ability: Wonder Guard\n|\n|upkeep\n|turn|645\n|inactive|Isaac Putin has 25 seconds left this turn.\n|\n|t:|1643988005\n|switch|p1a: Toxapex|Toxapex, M|100\/100 brn\n|switch|p2a: Toxapex|Toxapex, M|91\/100 brn\n|\n|-damage|p1a: Toxapex|94\/100 brn|[from] brn\n|-damage|p2a: Toxapex|85\/100 brn|[from] brn\n|upkeep\n|turn|646\n|inactive|Isaac Putin has 25 seconds left this turn.\n|\n|t:|1643988010\n|switch|p1a: Kartana|Kartana|54\/100\n|switch|p2a: Quagsire|Quagsire, F|100\/100\n|\n|upkeep\n|turn|647\n|inactive|Isaac Putin has 30 seconds left this turn.\n|c| Yb is Better|Man I just went to the store, copped some groceries, washed my car, went to get some Mcdonalds and this battle still on\n|c| Yb is Better|sheesh\n|\n|t:|1643988019\n|switch|p2a: Toxapex|Toxapex, M|100\/100 brn\n|move|p1a: Kartana|Leaf Blade|p2a: Toxapex\n|-damage|p2a: Toxapex|62\/100 brn\n|\n|-damage|p2a: Toxapex|55\/100 brn|[from] brn\n|upkeep\n|turn|648\n|inactive|Isaac Putin has 25 seconds left this turn.\n|\n|t:|1643988029\n|move|p1a: Kartana|Leaf Blade|p2a: Toxapex\n|-damage|p2a: Toxapex|22\/100 brn\n|move|p2a: Toxapex|Recover|p2a: Toxapex\n|-heal|p2a: Toxapex|72\/100 brn\n|\n|-damage|p2a: Toxapex|66\/100 brn|[from] brn\n|upkeep\n|turn|649\n|inactive|Isaac Putin has 30 seconds left this turn.\n|\n|t:|1643988033\n|switch|p2a: Corviknight|Corviknight, F|19\/100\n|-ability|p2a: Corviknight|Pressure\n|move|p1a: Kartana|Leaf Blade|p2a: Corviknight\n|-resisted|p2a: Corviknight\n|-damage|p2a: Corviknight|10\/100\n|\n|upkeep\n|turn|650\n|inactive|Isaac Putin has 30 seconds left this turn.\n|inactive|kokoukohiro has 120 seconds left.\n|\n|t:|1643988043\n|move|p1a: Kartana|Sacred Sword|p2a: Corviknight\n|-damage|p2a: Corviknight|0 fnt\n|faint|p2a: Corviknight\n|-ability|p1a: Kartana|Beast Boost|boost\n|-boost|p1a: Kartana|atk|1\n|\n|upkeep\n|\n|t:|1643988048\n|switch|p2a: Toxapex|Toxapex, M|99\/100 brn\n|turn|651\n|inactive|Isaac Putin has 30 seconds left.\n|c| cute asian gurl|knock off there\n|\n|t:|1643988056\n|move|p1a: Kartana|Sacred Sword|p2a: Toxapex\n|-resisted|p2a: Toxapex\n|-damage|p2a: Toxapex|82\/100 brn\n|move|p2a: Toxapex|Haze|p2a: Toxapex\n|-clearallboost\n|\n|-damage|p2a: Toxapex|76\/100 brn|[from] brn\n|upkeep\n|turn|652\n|c| Mani1517|the leaf blade doesn't crit when it needs to\n|inactive|Isaac Putin has 30 seconds left.\n|c| cute asian gurl|ah no\n|\n|t:|1643988067\n|move|p1a: Kartana|Smart Strike|p2a: Toxapex\n|-resisted|p2a: Toxapex\n|-damage|p2a: Toxapex|63\/100 brn\n|move|p2a: Toxapex|Knock Off|p1a: Kartana\n|-damage|p1a: Kartana|48\/100\n|\n|-damage|p2a: Toxapex|57\/100 brn|[from] brn\n|upkeep\n|turn|653\n|inactive|Isaac Putin has 25 seconds left this turn.\n|inactive|kokoukohiro has 120 seconds left.\n|\n|t:|1643988074\n|move|p1a: Kartana|Leaf Blade|p2a: Toxapex\n|-damage|p2a: Toxapex|21\/100 brn\n|move|p2a: Toxapex|Recover|p2a: Toxapex\n|-heal|p2a: Toxapex|71\/100 brn\n|\n|-damage|p2a: Toxapex|65\/100 brn|[from] brn\n|upkeep\n|turn|654\n|inactive|Isaac Putin has 30 seconds left this turn.\n|\n|t:|1643988081\n|move|p1a: Kartana|Smart Strike|p2a: Toxapex\n|-resisted|p2a: Toxapex\n|-damage|p2a: Toxapex|50\/100 brn\n|move|p2a: Toxapex|Recover|p2a: Toxapex\n|-heal|p2a: Toxapex|99\/100 brn\n|\n|-damage|p2a: Toxapex|94\/100 brn|[from] brn\n|upkeep\n|turn|655\n|inactive|Isaac Putin has 25 seconds left this turn.\n|inactive|Isaac Putin has 20 seconds left.\n|\n|t:|1643988088\n|switch|p1a: Toxapex|Toxapex, M|100\/100 brn\n|move|p2a: Toxapex|Knock Off|p1a: Toxapex\n|-damage|p1a: Toxapex|98\/100 brn\n|\n|-damage|p1a: Toxapex|91\/100 brn|[from] brn\n|-damage|p2a: Toxapex|88\/100 brn|[from] brn\n|upkeep\n|turn|656\n|inactive|Isaac Putin has 25 seconds left this turn.\n|inactive|Isaac Putin has 20 seconds left.\n|inactive|kokoukohiro has 120 seconds left.\n|\n|t:|1643988101\n|switch|p2a: Shedinja|Shedinja|100\/100\n|switch|p1a: Kartana|Kartana|48\/100\n|\n|upkeep\n|turn|657\n|inactive|Isaac Putin has 20 seconds left this turn.\n|inactive|Isaac Putin has 15 seconds left.\n|\n|t:|1643988108\n|switch|p1a: Toxapex|Toxapex, M|100\/100 brn\n|move|p2a: Shedinja|Will-O-Wisp|p1a: Toxapex\n|-fail|p1a: Toxapex|brn\n|\n|-damage|p1a: Toxapex|94\/100 brn|[from] brn\n|upkeep\n|turn|658\n|inactive|Isaac Putin has 20 seconds left this turn.\n|inactive|Isaac Putin has 15 seconds left.\n|c| JessieWessie|lol\n|inactive|Isaac Putin has 10 seconds left.\n|\n|t:|1643988119\n|switch|p2a: Quagsire|Quagsire, F|100\/100\n|move|p1a: Toxapex|Haze|p1a: Toxapex\n|-clearallboost\n|\n|-damage|p1a: Toxapex|88\/100 brn|[from] brn\n|upkeep\n|turn|659\n|inactive|Isaac Putin has 10 seconds left this turn.\n|\n|t:|1643988123\n|move|p1a: Toxapex|Recover|p1a: Toxapex\n|-heal|p1a: Toxapex|100\/100 brn\n|move|p2a: Quagsire|Earthquake|p1a: Toxapex\n|-supereffective|p1a: Toxapex\n|-damage|p1a: Toxapex|66\/100 brn\n|\n|-damage|p1a: Toxapex|60\/100 brn|[from] brn\n|upkeep\n|turn|660\n|inactive|Isaac Putin has 15 seconds left this turn.\n|inactive|Isaac Putin has 10 seconds left.\n|\n|t:|1643988131\n|move|p1a: Toxapex|Recover|p1a: Toxapex\n|-heal|p1a: Toxapex|100\/100 brn\n|move|p2a: Quagsire|Earthquake|p1a: Toxapex\n|-supereffective|p1a: Toxapex\n|-damage|p1a: Toxapex|67\/100 brn\n|\n|-damage|p1a: Toxapex|61\/100 brn|[from] brn\n|upkeep\n|turn|661\n|inactive|Isaac Putin has 10 seconds left this turn.\n|inactive|kokoukohiro has 120 seconds left.\n|\n|t:|1643988137\n|switch|p2a: Shedinja|Shedinja|100\/100\n|move|p1a: Toxapex|Recover|p1a: Toxapex\n|-heal|p1a: Toxapex|100\/100 brn\n|\n|-damage|p1a: Toxapex|94\/100 brn|[from] brn\n|upkeep\n|turn|662\n|inactive|Isaac Putin has 15 seconds left this turn.\n|inactive|kokoukohiro has 120 seconds left.\n|\n|t:|1643988146\n|switch|p2a: Toxapex|Toxapex, M|100\/100 brn\n|move|p1a: Toxapex|Haze|p1a: Toxapex\n|-clearallboost\n|\n|-damage|p2a: Toxapex|94\/100 brn|[from] brn\n|-damage|p1a: Toxapex|88\/100 brn|[from] brn\n|upkeep\n|turn|663\n|inactive|Isaac Putin has 15 seconds left this turn.\n|\n|t:|1643988151\n|switch|p2a: Shedinja|Shedinja|100\/100\n|move|p1a: Toxapex|Scald|p2a: Shedinja\n|-immune|p2a: Shedinja|[from] ability: Wonder Guard\n|\n|-damage|p1a: Toxapex|82\/100 brn|[from] brn\n|upkeep\n|turn|664\n|inactive|Isaac Putin has 20 seconds left this turn.\n|\n|t:|1643988155\n|switch|p2a: Toxapex|Toxapex, M|100\/100 brn\n|move|p1a: Toxapex|Scald|p2a: Toxapex\n|-resisted|p2a: Toxapex\n|-damage|p2a: Toxapex|94\/100 brn\n|\n|-damage|p1a: Toxapex|75\/100 brn|[from] brn\n|-damage|p2a: Toxapex|88\/100 brn|[from] brn\n|upkeep\n|turn|665\n|inactive|Isaac Putin has 20 seconds left this turn.\n|\n|t:|1643988159\n|switch|p1a: Dragapult|Dragapult, F|28\/100 tox\n|switch|p2a: Shedinja|Shedinja|100\/100\n|\n|-damage|p1a: Dragapult|22\/100 tox|[from] psn\n|upkeep\n|turn|666\n|inactive|Isaac Putin has 25 seconds left this turn.\n|inactive|Isaac Putin has 20 seconds left.\n|inactive|Isaac Putin has 15 seconds left.\n|\n|t:|1643988171\n|switch|p1a: Toxapex|Toxapex, M|100\/100 brn\n|move|p2a: Shedinja|Protect||[still]\n|-fail|p2a: Shedinja\n|\n|-damage|p1a: Toxapex|94\/100 brn|[from] brn\n|upkeep\n|turn|667\n|inactive|Isaac Putin has 15 seconds left this turn.\n|inactive|Isaac Putin has 10 seconds left.\n|\n|t:|1643988177\n|switch|p2a: Toxapex|Toxapex, M|100\/100 brn\n|switch|p1a: Dragapult|Dragapult, F|22\/100 tox\n|\n|-damage|p1a: Dragapult|16\/100 tox|[from] psn\n|-damage|p2a: Toxapex|94\/100 brn|[from] brn\n|upkeep\n|turn|668\n|inactive|Isaac Putin has 15 seconds left this turn.\n|\n|t:|1643988185\n|move|p1a: Dragapult|Dragon Darts|p2a: Toxapex\n|-crit|p2a: Toxapex\n|-damage|p2a: Toxapex|72\/100 brn\n|-anim|p1a: Dragapult|Dragon Darts|p2a: Toxapex\n|-damage|p2a: Toxapex|57\/100 brn\n|move|p2a: Toxapex|Knock Off|p1a: Dragapult\n|-supereffective|p1a: Dragapult\n|-damage|p1a: Dragapult|0 fnt\n|-enditem|p1a: Dragapult|Choice Scarf|[from] move: Knock Off|[of] p2a: Toxapex\n|faint|p1a: Dragapult\n|\n|-damage|p2a: Toxapex|51\/100 brn|[from] brn\n|upkeep\n|inactive|Isaac Putin has 15 seconds left this turn.\n|inactive|Isaac Putin has 10 seconds left.\n|\n|t:|1643988193\n|switch|p1a: Kartana|Kartana|48\/100\n|turn|669\n|inactive|Isaac Putin has 15 seconds left this turn.\n|\n|t:|1643988197\n|move|p1a: Kartana|Knock Off|p2a: Toxapex\n|-damage|p2a: Toxapex|32\/100 brn\n|move|p2a: Toxapex|Recover|p2a: Toxapex\n|-heal|p2a: Toxapex|82\/100 brn\n|\n|-damage|p2a: Toxapex|76\/100 brn|[from] brn\n|upkeep\n|turn|670\n|inactive|Isaac Putin has 15 seconds left this turn.\n|c| JessieWessie|moment of truth\n|c| JessieWessie|lol\n|c|\u2606Isaac Putin|lol\n|inactive|Isaac Putin has 10 seconds left.\n|c| JessieWessie|gg\n|\n|t:|1643988207\n|switch|p2a: Shedinja|Shedinja|100\/100\n|move|p1a: Kartana|Smart Strike|p2a: Shedinja\n|-immune|p2a: Shedinja|[from] ability: Wonder Guard\n|\n|upkeep\n|turn|671\n|inactive|Isaac Putin has 15 seconds left this turn.\n|\n|t:|1643988210\n|move|p1a: Kartana|Leaf Blade|p2a: Shedinja\n|-immune|p2a: Shedinja|[from] ability: Wonder Guard\n|move|p2a: Shedinja|Will-O-Wisp|p1a: Kartana\n|-status|p1a: Kartana|brn\n|\n|-damage|p1a: Kartana|42\/100 brn|[from] brn\n|upkeep\n|turn|672\n|inactive|Isaac Putin has 15 seconds left this turn.\n|inactive|Isaac Putin has 10 seconds left.\n|c|\u2606Isaac Putin|50 50s no skill\n|c|\u2606Isaac Putin|for wither of us\n|inactive|Isaac Putin has 5 seconds left.\n|\n|t:|1643988222\n|move|p1a: Kartana|Leaf Blade|p2a: Shedinja\n|-immune|p2a: Shedinja|[from] ability: Wonder Guard\n|move|p2a: Shedinja|Will-O-Wisp|p1a: Kartana\n|-fail|p1a: Kartana|brn\n|\n|-damage|p1a: Kartana|36\/100 brn|[from] brn\n|upkeep\n|turn|673\n|inactive|Isaac Putin has 10 seconds left this turn.\n|inactiveoff|Battle timer is now OFF.\n|\n|t:|1643988228\n|move|p1a: Kartana|Leaf Blade|p2a: Shedinja\n|-immune|p2a: Shedinja|[from] ability: Wonder Guard\n|move|p2a: Shedinja|Will-O-Wisp|p1a: Kartana\n|-fail|p1a: Kartana|brn\n|\n|-damage|p1a: Kartana|29\/100 brn|[from] brn\n|upkeep\n|turn|674\n|l| Mimikyu Stardust\n|\n|t:|1643988230\n|move|p1a: Kartana|Leaf Blade|p2a: Shedinja\n|-immune|p2a: Shedinja|[from] ability: Wonder Guard\n|move|p2a: Shedinja|Will-O-Wisp|p1a: Kartana\n|-fail|p1a: Kartana|brn\n|\n|-damage|p1a: Kartana|23\/100 brn|[from] brn\n|upkeep\n|turn|675\n|\n|t:|1643988232\n|move|p1a: Kartana|Sacred Sword|p2a: Shedinja\n|-immune|p2a: Shedinja|[from] ability: Wonder Guard\n|move|p2a: Shedinja|Will-O-Wisp|p1a: Kartana\n|-fail|p1a: Kartana|brn\n|\n|-damage|p1a: Kartana|17\/100 brn|[from] brn\n|upkeep\n|turn|676\n|\n|t:|1643988233\n|move|p1a: Kartana|Sacred Sword|p2a: Shedinja\n|-immune|p2a: Shedinja|[from] ability: Wonder Guard\n|move|p2a: Shedinja|Will-O-Wisp|p1a: Kartana\n|-fail|p1a: Kartana|brn\n|\n|-damage|p1a: Kartana|11\/100 brn|[from] brn\n|upkeep\n|turn|677\n|\n|t:|1643988235\n|move|p1a: Kartana|Sacred Sword|p2a: Shedinja\n|-immune|p2a: Shedinja|[from] ability: Wonder Guard\n|move|p2a: Shedinja|Will-O-Wisp|p1a: Kartana\n|-fail|p1a: Kartana|brn\n|\n|-damage|p1a: Kartana|5\/100 brn|[from] brn\n|upkeep\n|turn|678\n|\n|t:|1643988237\n|move|p1a: Kartana|Sacred Sword|p2a: Shedinja\n|-immune|p2a: Shedinja|[from] ability: Wonder Guard\n|move|p2a: Shedinja|Will-O-Wisp|p1a: Kartana|[miss]\n|-miss|p2a: Shedinja|p1a: Kartana\n|\n|-damage|p1a: Kartana|0 fnt|[from] brn\n|faint|p1a: Kartana\n|upkeep\n|\n|t:|1643988238\n|switch|p1a: Toxapex|Toxapex, M|100\/100 brn\n|turn|679\n|\n|t:|1643988243\n|switch|p2a: Quagsire|Quagsire, F|100\/100\n|move|p1a: Toxapex|Recover||[still]\n|-fail|p1a: Toxapex|heal\n|\n|-damage|p1a: Toxapex|94\/100 brn|[from] brn\n|upkeep\n|turn|680\n|\n|t:|1643988245\n|move|p1a: Toxapex|Recover|p1a: Toxapex\n|-heal|p1a: Toxapex|100\/100 brn\n|move|p2a: Quagsire|Earthquake|p1a: Toxapex\n|-supereffective|p1a: Toxapex\n|-damage|p1a: Toxapex|60\/100 brn\n|\n|-damage|p1a: Toxapex|54\/100 brn|[from] brn\n|upkeep\n|turn|681\n|\n|t:|1643988247\n|-activate|p1a: Toxapex|move: Struggle\n|move|p1a: Toxapex|Struggle|p2a: Quagsire\n|-damage|p2a: Quagsire|98\/100\n|-damage|p1a: Toxapex|29\/100 brn|[from] recoil\n|move|p2a: Quagsire|Earthquake|p1a: Toxapex\n|-supereffective|p1a: Toxapex\n|-damage|p1a: Toxapex|0 fnt\n|faint|p1a: Toxapex\n|\n|win|kokoukohiro\n|raw|Isaac Putin's rating: 1504 &rarr; <strong>1488<\/strong><br \/>(-16 for losing)\n|raw|kokoukohiro's rating: 1578 &rarr; <strong>1594<\/strong><br \/>(+16 for winning)\n|l|\u2606kokoukohiro\n|c| cute asian gurl|you can't say it was a 50-50 tho\n|c| Mani1517|was it worth it\n|l| fruityiscool423\n||Ladder isn't responding, score probably updated but might not have (Request timeout).\n","uploadtime":1643988319,"views":18,"p1id":"isaacputin","p2id":"kokoukohiro","formatid":"gen8ou","rating":1488,"private":0,"password":null}