{"id":"gen8ou-1252564128","p1":"SuperTheoryBros","p2":"The Premier","format":"gen8ou","log":"|html|<div class=\"broadcast-blue\"><strong>[Gen 8] OU is currently suspecting Urshifu-S! For information on how to participate check out the <a href=\"https:\/\/www.smogon.com\/forums\/threads\/np-ss-ou-suspect-process-round-8-aint-no-rest-for-the-wicked.3675310\/\">suspect thread<\/a>.<\/strong><\/div>\n|j|\u2606SuperTheoryBros\n|j|\u2606The Premier\n|t:|1609289122\n|player|p1|SuperTheoryBros|101|1706\n|player|p2|The Premier|misty-gen3|1685\n|teamsize|p1|6\n|teamsize|p2|6\n|gametype|singles\n|gen|8\n|tier|[Gen 8] OU\n|rated|\n|clearpoke\n|poke|p1|Pelipper, F|\n|poke|p1|Tornadus-Therian, M|\n|poke|p1|Seismitoad, M|\n|poke|p1|Dhelmise|\n|poke|p1|Magearna|\n|poke|p1|Blissey, F|\n|poke|p2|Victini|\n|poke|p2|Accelgor, F|\n|poke|p2|Grimmsnarl, M|\n|poke|p2|Magearna-Original|\n|poke|p2|Volcarona, F|\n|poke|p2|Cinderace, F|\n|rule|Sleep Clause Mod: Limit one foe put to sleep\n|rule|Species Clause: Limit one of each Pok\u00e9mon\n|rule|OHKO Clause: OHKO moves are banned\n|rule|Evasion Moves Clause: Evasion moves are banned\n|rule|Endless Battle Clause: Forcing endless battles is banned\n|rule|HP Percentage Mod: HP is shown in percentages\n|rule|Dynamax Clause: You cannot dynamax\n|teampreview\n|inactive|Battle timer is ON: inactive players will automatically lose when time's up. (requested by SuperTheoryBros)\n|\n|t:|1609289144\n|start\n|switch|p1a: Pelipper|Pelipper, F|100\/100\n|switch|p2a: TRICK SHOT|Victini|100\/100\n|-weather|RainDance|[from] ability: Drizzle|[of] p1a: Pelipper\n|turn|1\n|\n|t:|1609289169\n|switch|p1a: Blissey|Blissey, F|100\/100\n|move|p2a: TRICK SHOT|Final Gambit|p1a: Blissey\n|-damage|p1a: Blissey|43\/100\n|faint|p2a: TRICK SHOT\n|\n|-weather|RainDance|[upkeep]\n|upkeep\n|\n|t:|1609289172\n|switch|p2a: Alex Morgan|Cinderace, F|100\/100\n|turn|2\n|\n|t:|1609289186\n|switch|p1a: Dhelmise|Dhelmise|100\/100\n|move|p2a: Alex Morgan|Gunk Shot|p1a: Dhelmise\n|-start|p2a: Alex Morgan|typechange|Poison|[from] ability: Libero\n|-damage|p1a: Dhelmise|61\/100\n|\n|-weather|RainDance|[upkeep]\n|-heal|p1a: Dhelmise|67\/100|[from] item: Leftovers\n|upkeep\n|turn|3\n|\n|t:|1609289206\n|switch|p1a: Seismitoad|Seismitoad, M|100\/100\n|move|p2a: Alex Morgan|Gunk Shot|p1a: Seismitoad\n|-resisted|p1a: Seismitoad\n|-damage|p1a: Seismitoad|67\/100\n|\n|-weather|RainDance|[upkeep]\n|upkeep\n|turn|4\n|inactive|SuperTheoryBros has 120 seconds left.\n|\n|t:|1609289229\n|switch|p2a: QUICK SCOPE|Accelgor, F|100\/100\n|move|p1a: Seismitoad|Earthquake|p2a: QUICK SCOPE\n|-resisted|p2a: QUICK SCOPE\n|-damage|p2a: QUICK SCOPE|44\/100\n|\n|-weather|RainDance|[upkeep]\n|upkeep\n|turn|5\n|inactive|The Premier has 120 seconds left.\n|\n|t:|1609289251\n|move|p1a: Seismitoad|Earthquake|p2a: QUICK SCOPE\n|-resisted|p2a: QUICK SCOPE\n|-damage|p2a: QUICK SCOPE|0 fnt\n|faint|p2a: QUICK SCOPE\n|\n|-weather|RainDance|[upkeep]\n|upkeep\n|\n|t:|1609289253\n|switch|p2a: MUSCLE MAN|Grimmsnarl, M|100\/100\n|turn|6\n|\n|t:|1609289269\n|move|p2a: MUSCLE MAN|Reflect|p2a: MUSCLE MAN\n|-sidestart|p2: The Premier|Reflect\n|move|p1a: Seismitoad|Earthquake|p2a: MUSCLE MAN\n|-damage|p2a: MUSCLE MAN|77\/100\n|\n|-weather|RainDance|[upkeep]\n|upkeep\n|turn|7\n|inactive|SuperTheoryBros has 120 seconds left.\n|\n|t:|1609289301\n|switch|p1a: Dhelmise|Dhelmise|67\/100\n|move|p2a: MUSCLE MAN|Light Screen|p2a: MUSCLE MAN\n|-sidestart|p2: The Premier|move: Light Screen\n|\n|-weather|RainDance|[upkeep]\n|-heal|p1a: Dhelmise|73\/100|[from] item: Leftovers\n|upkeep\n|turn|8\n|\n|t:|1609289321\n|move|p2a: MUSCLE MAN|Taunt|p1a: Dhelmise\n|-start|p1a: Dhelmise|move: Taunt\n|move|p1a: Dhelmise|Anchor Shot|p2a: MUSCLE MAN\n|-supereffective|p2a: MUSCLE MAN\n|-damage|p2a: MUSCLE MAN|50\/100\n|-activate|p2a: MUSCLE MAN|trapped\n|\n|-weather|none\n|-heal|p1a: Dhelmise|79\/100|[from] item: Leftovers\n|upkeep\n|turn|9\n|\n|t:|1609289334\n|move|p2a: MUSCLE MAN|Thunder Wave|p1a: Dhelmise\n|-status|p1a: Dhelmise|par\n|move|p1a: Dhelmise|Anchor Shot|p2a: MUSCLE MAN\n|-supereffective|p2a: MUSCLE MAN\n|-crit|p2a: MUSCLE MAN\n|-damage|p2a: MUSCLE MAN|0 fnt\n|faint|p2a: MUSCLE MAN\n|\n|-heal|p1a: Dhelmise|85\/100 par|[from] item: Leftovers\n|upkeep\n|\n|t:|1609289341\n|switch|p2a: HASH SLINGING|Magearna-Original|100\/100\n|turn|10\n|\n|t:|1609289348\n|switch|p1a: Magearna|Magearna|100\/100\n|move|p2a: HASH SLINGING|Shift Gear|p2a: HASH SLINGING\n|-boost|p2a: HASH SLINGING|spe|2\n|-boost|p2a: HASH SLINGING|atk|1\n|\n|upkeep\n|turn|11\n|\n|t:|1609289357\n|move|p2a: HASH SLINGING|Calm Mind|p2a: HASH SLINGING\n|-boost|p2a: HASH SLINGING|spa|1\n|-boost|p2a: HASH SLINGING|spd|1\n|move|p1a: Magearna|Trick|p2a: HASH SLINGING\n|-activate|p1a: Magearna|move: Trick|[of] p2a: HASH SLINGING\n|-item|p2a: HASH SLINGING|Choice Scarf|[from] move: Trick\n|-item|p1a: Magearna|Weakness Policy|[from] move: Trick\n|\n|upkeep\n|turn|12\n|\n|t:|1609289364\n|switch|p2a: Alex Morgan|Cinderace, F|100\/100\n|move|p1a: Magearna|Volt Switch|p2a: Alex Morgan\n|-damage|p2a: Alex Morgan|85\/100\n|\n|t:|1609289374\n|switch|p1a: Pelipper|Pelipper, F|100\/100|[from]move: Volt Switch\n|-weather|RainDance|[from] ability: Drizzle|[of] p1a: Pelipper\n|\n|-weather|RainDance|[upkeep]\n|upkeep\n|turn|13\n|inactive|SuperTheoryBros has 90 seconds left.\n|\n|t:|1609289405\n|move|p2a: Alex Morgan|Gunk Shot|p1a: Pelipper\n|-start|p2a: Alex Morgan|typechange|Poison|[from] ability: Libero\n|-damage|p1a: Pelipper|55\/100\n|-status|p1a: Pelipper|psn\n|move|p1a: Pelipper|Scald|p2a: Alex Morgan\n|-damage|p2a: Alex Morgan|56\/100\n|\n|-weather|RainDance|[upkeep]\n|-damage|p1a: Pelipper|42\/100 psn|[from] psn\n|-sideend|p2: The Premier|Reflect\n|upkeep\n|turn|14\n|inactive|SuperTheoryBros has 90 seconds left.\n|\n|t:|1609289429\n|move|p2a: Alex Morgan|Gunk Shot|p1a: Pelipper\n|-damage|p1a: Pelipper|0 fnt\n|faint|p1a: Pelipper\n|\n|-weather|RainDance|[upkeep]\n|-sideend|p2: The Premier|move: Light Screen\n|upkeep\n|\n|t:|1609289432\n|switch|p1a: Seismitoad|Seismitoad, M|67\/100\n|turn|15\n|inactive|SuperTheoryBros has 90 seconds left.\n|\n|t:|1609289438\n|switch|p2a: LAYS EGGS|Volcarona, F|100\/100\n|move|p1a: Seismitoad|Liquidation|p2a: LAYS EGGS\n|-supereffective|p2a: LAYS EGGS\n|-damage|p2a: LAYS EGGS|0 fnt\n|-status|p1a: Seismitoad|brn|[from] ability: Flame Body|[of] p2a: LAYS EGGS\n|faint|p2a: LAYS EGGS\n|\n|-weather|RainDance|[upkeep]\n|-damage|p1a: Seismitoad|61\/100 brn|[from] brn\n|upkeep\n|\n|t:|1609289444\n|switch|p2a: HASH SLINGING|Magearna-Original|100\/100\n|turn|16\n|inactive|SuperTheoryBros has 90 seconds left.\n|\n|t:|1609289460\n|move|p1a: Seismitoad|Liquidation|p2a: HASH SLINGING\n|-damage|p2a: HASH SLINGING|61\/100\n|-unboost|p2a: HASH SLINGING|def|1\n|move|p2a: HASH SLINGING|Draining Kiss|p1a: Seismitoad\n|-damage|p1a: Seismitoad|30\/100 brn\n|-heal|p2a: HASH SLINGING|88\/100|[from] drain|[of] p1a: Seismitoad\n|\n|-weather|RainDance|[upkeep]\n|-damage|p1a: Seismitoad|24\/100 brn|[from] brn\n|upkeep\n|turn|17\n|inactive|SuperTheoryBros has 90 seconds left.\n|\n|t:|1609289498\n|move|p1a: Seismitoad|Liquidation|p2a: HASH SLINGING\n|-damage|p2a: HASH SLINGING|28\/100\n|move|p2a: HASH SLINGING|Draining Kiss|p1a: Seismitoad\n|-damage|p1a: Seismitoad|0 fnt\n|-heal|p2a: HASH SLINGING|48\/100|[from] drain|[of] p1a: Seismitoad\n|faint|p1a: Seismitoad\n|-ability|p2a: HASH SLINGING|Soul-Heart|boost\n|-boost|p2a: HASH SLINGING|spa|1\n|\n|-weather|RainDance|[upkeep]\n|upkeep\n|j| Majic PokeTester\n|j| Nesnot\n|\n|t:|1609289504\n|switch|p1a: Tornadus|Tornadus-Therian, M|100\/100\n|turn|18\n|\n|t:|1609289511\n|move|p2a: HASH SLINGING|Draining Kiss|p1a: Tornadus\n|-damage|p1a: Tornadus|54\/100\n|-heal|p2a: HASH SLINGING|83\/100|[from] drain|[of] p1a: Tornadus\n|move|p1a: Tornadus|Weather Ball|p2a: HASH SLINGING\n|-damage|p2a: HASH SLINGING|37\/100\n|\n|-weather|RainDance|[upkeep]\n|upkeep\n|turn|19\n|\n|t:|1609289521\n|switch|p1a: Magearna|Magearna|100\/100\n|move|p2a: HASH SLINGING|Draining Kiss|p1a: Magearna\n|-resisted|p1a: Magearna\n|-damage|p1a: Magearna|81\/100\n|-heal|p2a: HASH SLINGING|52\/100|[from] drain|[of] p1a: Magearna\n|\n|-weather|none\n|upkeep\n|turn|20\n|\n|t:|1609289531\n|move|p2a: HASH SLINGING|Draining Kiss|p1a: Magearna\n|-resisted|p1a: Magearna\n|-damage|p1a: Magearna|60\/100\n|-heal|p2a: HASH SLINGING|68\/100|[from] drain|[of] p1a: Magearna\n|move|p1a: Magearna|Focus Blast|p2a: HASH SLINGING\n|-damage|p2a: HASH SLINGING|24\/100\n|\n|upkeep\n|turn|21\n|\n|t:|1609289536\n|move|p2a: HASH SLINGING|Draining Kiss|p1a: Magearna\n|-resisted|p1a: Magearna\n|-damage|p1a: Magearna|40\/100\n|-heal|p2a: HASH SLINGING|39\/100|[from] drain|[of] p1a: Magearna\n|move|p1a: Magearna|Focus Blast|p2a: HASH SLINGING\n|-damage|p2a: HASH SLINGING|0 fnt\n|faint|p2a: HASH SLINGING\n|-ability|p1a: Magearna|Soul-Heart|boost\n|-boost|p1a: Magearna|spa|1\n|\n|upkeep\n|\n|t:|1609289538\n|switch|p2a: Alex Morgan|Cinderace, F|56\/100\n|turn|22\n|inactive|SuperTheoryBros has 90 seconds left.\n|\n|t:|1609289556\n|move|p2a: Alex Morgan|Pyro Ball|p1a: Magearna\n|-supereffective|p1a: Magearna\n|-damage|p1a: Magearna|0 fnt\n|faint|p1a: Magearna\n|\n|upkeep\n|\n|t:|1609289559\n|switch|p1a: Tornadus|Tornadus-Therian, M|87\/100\n|turn|23\n|\n|t:|1609289564\n|move|p1a: Tornadus|Hurricane|p2a: Alex Morgan|[miss]\n|-miss|p1a: Tornadus|p2a: Alex Morgan\n|move|p2a: Alex Morgan|Gunk Shot|p1a: Tornadus\n|-start|p2a: Alex Morgan|typechange|Poison|[from] ability: Libero\n|-damage|p1a: Tornadus|5\/100\n|\n|upkeep\n|turn|24\n|\n|t:|1609289570\n|move|p2a: Alex Morgan|Sucker Punch|p1a: Tornadus\n|-start|p2a: Alex Morgan|typechange|Dark|[from] ability: Libero\n|-damage|p1a: Tornadus|0 fnt\n|faint|p1a: Tornadus\n|\n|upkeep\n|c|\u2606The Premier|sorry\n|-message|SuperTheoryBros forfeited.\n|\n|win|The Premier\n|l|\u2606SuperTheoryBros\n|l| Majic PokeTester\n|c|\u2606The Premier|avenge my hjk miss earlier\n|c|\u2606The Premier|thank god\n|raw|SuperTheoryBros's rating: 1706 &rarr; <strong>1686<\/strong><br \/>(-20 for losing)\n|raw|The Premier's rating: 1701 &rarr; <strong>1721<\/strong><br \/>(+20 for winning)\n","uploadtime":1609289598,"views":38,"p1id":"supertheorybros","p2id":"thepremier","formatid":"gen8ou","rating":1686,"private":0,"password":null}