{"id":"gen8ou-1315374274","p1":"cump2","p2":"testingoutoushit","format":"gen8ou","log":"|j|\u2606cump2\n|j|\u2606testingoutoushit\n|t:|1617600421\n|gametype|singles\n|player|p1|cump2|101|1334\n|player|p2|testingoutoushit|waitress-gen4|1370\n|teamsize|p1|6\n|teamsize|p2|6\n|gen|8\n|tier|[Gen 8] OU\n|rated|\n|clearpoke\n|poke|p1|Bisharp, M|\n|poke|p1|Skarmory, M|\n|poke|p1|Latios, M|\n|poke|p1|Volcarona, F|\n|poke|p1|Landorus-Therian, M|\n|poke|p1|Rillaboom, F|\n|poke|p2|Zeraora|\n|poke|p2|Ferrothorn, F|\n|poke|p2|Weavile, F|\n|poke|p2|Excadrill, M|\n|poke|p2|Corviknight, F|\n|poke|p2|Blissey, F|\n|rule|Sleep Clause Mod: Limit one foe put to sleep\n|rule|Species Clause: Limit one of each Pok\u00e9mon\n|rule|OHKO Clause: OHKO moves are banned\n|rule|Evasion Moves Clause: Evasion moves are banned\n|rule|Endless Battle Clause: Forcing endless battles is banned\n|rule|HP Percentage Mod: HP is shown in percentages\n|rule|Dynamax Clause: You cannot dynamax\n|teampreview\n|\n|t:|1617600436\n|start\n|switch|p1a: Landorus|Landorus-Therian, M|100\/100\n|switch|p2a: Zeraora|Zeraora|100\/100\n|-ability|p1a: Landorus|Intimidate|boost\n|-unboost|p2a: Zeraora|atk|1\n|turn|1\n|inactive|Battle timer is ON: inactive players will automatically lose when time's up. (requested by testingoutoushit)\n|\n|t:|1617600442\n|switch|p2a: Corviknight|Corviknight, F|100\/100\n|-ability|p2a: Corviknight|Pressure\n|move|p1a: Landorus|U-turn|p2a: Corviknight\n|-resisted|p2a: Corviknight\n|-damage|p2a: Corviknight|96\/100\n|\n|t:|1617600446\n|switch|p1a: Skarmory|Skarmory, M|100\/100|[from]move: U-turn\n|\n|-heal|p2a: Corviknight|100\/100|[from] item: Leftovers\n|upkeep\n|turn|2\n|\n|t:|1617600450\n|move|p1a: Skarmory|Stealth Rock|p2a: Corviknight\n|-sidestart|p2: testingoutoushit|move: Stealth Rock\n|move|p2a: Corviknight|U-turn|p1a: Skarmory\n|-resisted|p1a: Skarmory\n|-damage|p1a: Skarmory|98\/100\n|-damage|p2a: Corviknight|84\/100|[from] item: Rocky Helmet|[of] p1a: Skarmory\n|\n|t:|1617600453\n|switch|p2a: Zeraora|Zeraora|100\/100|[from]move: U-turn\n|\n|upkeep\n|turn|3\n|\n|t:|1617600456\n|switch|p1a: Landorus|Landorus-Therian, M|100\/100\n|-ability|p1a: Landorus|Intimidate|boost\n|-unboost|p2a: Zeraora|atk|1\n|move|p2a: Zeraora|Knock Off|p1a: Landorus\n|-damage|p1a: Landorus|76\/100\n|-enditem|p1a: Landorus|Choice Scarf|[from] move: Knock Off|[of] p2a: Zeraora\n|\n|upkeep\n|turn|4\n|\n|t:|1617600469\n|move|p2a: Zeraora|Knock Off|p1a: Landorus\n|-damage|p1a: Landorus|59\/100\n|move|p1a: Landorus|Knock Off|p2a: Zeraora\n|-damage|p2a: Zeraora|48\/100\n|-enditem|p2a: Zeraora|Heavy-Duty Boots|[from] move: Knock Off|[of] p1a: Landorus\n|\n|upkeep\n|turn|5\n|\n|t:|1617600478\n|switch|p2a: Ferrothorn|Ferrothorn, F|100\/100\n|-damage|p2a: Ferrothorn|94\/100|[from] Stealth Rock\n|move|p1a: Landorus|Knock Off|p2a: Ferrothorn\n|-damage|p2a: Ferrothorn|72\/100\n|-damage|p1a: Landorus|47\/100|[from] ability: Iron Barbs|[of] p2a: Ferrothorn\n|-enditem|p2a: Ferrothorn|Leftovers|[from] move: Knock Off|[of] p1a: Landorus\n|\n|upkeep\n|turn|6\n|\n|t:|1617600495\n|switch|p1a: Volcarona|Volcarona, F|100\/100\n|move|p2a: Ferrothorn|Spikes|p1a: Volcarona\n|-sidestart|p1: cump2|Spikes\n|\n|upkeep\n|turn|7\n|\n|t:|1617600508\n|switch|p1a: Skarmory|Skarmory, M|98\/100\n|switch|p2a: Blissey|Blissey, F|100\/100\n|\n|upkeep\n|turn|8\n|\n|t:|1617600511\n|move|p1a: Skarmory|Spikes|p2a: Blissey\n|-sidestart|p2: testingoutoushit|Spikes\n|move|p2a: Blissey|Thunder Wave|p1a: Skarmory\n|-status|p1a: Skarmory|par\n|\n|upkeep\n|turn|9\n|\n|t:|1617600520\n|move|p1a: Skarmory|Spikes|p2a: Blissey\n|-sidestart|p2: testingoutoushit|Spikes\n|move|p2a: Blissey|Teleport|p2a: Blissey\n|\n|t:|1617600523\n|switch|p2a: Ferrothorn|Ferrothorn, F|72\/100|[from]move: Teleport\n|-damage|p2a: Ferrothorn|55\/100|[from] Spikes\n|-damage|p2a: Ferrothorn|49\/100|[from] Stealth Rock\n|\n|upkeep\n|turn|10\n|\n|t:|1617600529\n|move|p1a: Skarmory|Spikes|p2a: Ferrothorn\n|-sidestart|p2: testingoutoushit|Spikes\n|move|p2a: Ferrothorn|Spikes|p1a: Skarmory\n|-sidestart|p1: cump2|Spikes\n|\n|upkeep\n|turn|11\n|\n|t:|1617600533\n|move|p1a: Skarmory|Body Press|p2a: Ferrothorn\n|-supereffective|p2a: Ferrothorn\n|-damage|p2a: Ferrothorn|12\/100\n|-damage|p1a: Skarmory|86\/100 par|[from] ability: Iron Barbs|[of] p2a: Ferrothorn\n|move|p2a: Ferrothorn|Leech Seed|p1a: Skarmory\n|-start|p1a: Skarmory|move: Leech Seed\n|\n|-damage|p1a: Skarmory|74\/100 par|[from] Leech Seed|[of] p2a: Ferrothorn\n|-heal|p2a: Ferrothorn|24\/100|[silent]\n|upkeep\n|turn|12\n|\n|t:|1617600540\n|move|p2a: Ferrothorn|Protect|p2a: Ferrothorn\n|-singleturn|p2a: Ferrothorn|Protect\n|move|p1a: Skarmory|Body Press|p2a: Ferrothorn\n|-activate|p2a: Ferrothorn|move: Protect\n|\n|-damage|p1a: Skarmory|62\/100 par|[from] Leech Seed|[of] p2a: Ferrothorn\n|-heal|p2a: Ferrothorn|35\/100|[silent]\n|upkeep\n|turn|13\n|\n|t:|1617600547\n|switch|p2a: Corviknight|Corviknight, F|84\/100\n|-damage|p2a: Corviknight|71\/100|[from] Stealth Rock\n|-ability|p2a: Corviknight|Pressure\n|cant|p1a: Skarmory|par\n|\n|-heal|p2a: Corviknight|78\/100|[from] item: Leftovers\n|-damage|p1a: Skarmory|49\/100 par|[from] Leech Seed|[of] p2a: Corviknight\n|-heal|p2a: Corviknight|88\/100|[silent]\n|upkeep\n|turn|14\n|\n|t:|1617600552\n|switch|p1a: Bisharp|Bisharp, M|100\/100\n|-damage|p1a: Bisharp|84\/100|[from] Spikes\n|move|p2a: Corviknight|U-turn|p1a: Bisharp\n|-damage|p1a: Bisharp|64\/100\n|\n|t:|1617600556\n|switch|p2a: Excadrill|Excadrill, M|100\/100|[from]move: U-turn\n|-damage|p2a: Excadrill|76\/100|[from] Spikes\n|-damage|p2a: Excadrill|73\/100|[from] Stealth Rock\n|-ability|p2a: Excadrill|Mold Breaker\n|\n|-heal|p2a: Excadrill|79\/100|[from] item: Leftovers\n|upkeep\n|turn|15\n|\n|t:|1617600568\n|switch|p1a: Skarmory|Skarmory, M|49\/100 par\n|move|p2a: Excadrill|Earthquake|p1a: Skarmory\n|-immune|p1a: Skarmory\n|\n|-heal|p2a: Excadrill|85\/100|[from] item: Leftovers\n|upkeep\n|turn|16\n|\n|t:|1617600571\n|move|p2a: Excadrill|Rapid Spin|p1a: Skarmory\n|-resisted|p1a: Skarmory\n|-damage|p1a: Skarmory|44\/100 par\n|-boost|p2a: Excadrill|spe|1\n|-damage|p2a: Excadrill|68\/100|[from] item: Rocky Helmet|[of] p1a: Skarmory\n|-sideend|p2: testingoutoushit|Spikes|[from] move: Rapid Spin|[of] p2a: Excadrill\n|-sideend|p2: testingoutoushit|Stealth Rock|[from] move: Rapid Spin|[of] p2a: Excadrill\n|move|p1a: Skarmory|Roost|p1a: Skarmory\n|-heal|p1a: Skarmory|94\/100 par\n|-singleturn|p1a: Skarmory|move: Roost\n|\n|-heal|p2a: Excadrill|74\/100|[from] item: Leftovers\n|upkeep\n|turn|17\n|\n|t:|1617600579\n|move|p2a: Excadrill|Stealth Rock|p1a: Skarmory\n|-sidestart|p1: cump2|move: Stealth Rock\n|move|p1a: Skarmory|Spikes|p2a: Excadrill\n|-sidestart|p2: testingoutoushit|Spikes\n|\n|-heal|p2a: Excadrill|80\/100|[from] item: Leftovers\n|upkeep\n|turn|18\n|\n|t:|1617600589\n|switch|p2a: Corviknight|Corviknight, F|88\/100\n|-ability|p2a: Corviknight|Pressure\n|move|p1a: Skarmory|Body Press|p2a: Corviknight\n|-damage|p2a: Corviknight|68\/100\n|\n|-heal|p2a: Corviknight|74\/100|[from] item: Leftovers\n|upkeep\n|turn|19\n|\n|t:|1617600599\n|move|p2a: Corviknight|U-turn|p1a: Skarmory\n|-resisted|p1a: Skarmory\n|-damage|p1a: Skarmory|92\/100 par\n|-damage|p2a: Corviknight|58\/100|[from] item: Rocky Helmet|[of] p1a: Skarmory\n|\n|t:|1617600604\n|switch|p2a: Zeraora|Zeraora|48\/100|[from]move: U-turn\n|-damage|p2a: Zeraora|36\/100|[from] Spikes\n|cant|p1a: Skarmory|par\n|\n|upkeep\n|turn|20\n|\n|t:|1617600610\n|move|p2a: Zeraora|Plasma Fists|p1a: Skarmory\n|-supereffective|p1a: Skarmory\n|-damage|p1a: Skarmory|34\/100 par\n|-fieldactivate|move: Ion Deluge\n|-damage|p2a: Zeraora|19\/100|[from] item: Rocky Helmet|[of] p1a: Skarmory\n|cant|p1a: Skarmory|par\n|\n|upkeep\n|turn|21\n|\n|t:|1617600620\n|move|p2a: Zeraora|Knock Off|p1a: Skarmory\n|-damage|p1a: Skarmory|17\/100 par\n|-damage|p2a: Zeraora|3\/100|[from] item: Rocky Helmet|[of] p1a: Skarmory\n|-enditem|p1a: Skarmory|Rocky Helmet|[from] move: Knock Off|[of] p2a: Zeraora\n|move|p1a: Skarmory|Roost|p1a: Skarmory\n|-heal|p1a: Skarmory|67\/100 par\n|-singleturn|p1a: Skarmory|move: Roost\n|\n|upkeep\n|turn|22\n|\n|t:|1617600624\n|move|p2a: Zeraora|Volt Switch|p1a: Skarmory\n|-supereffective|p1a: Skarmory\n|-damage|p1a: Skarmory|4\/100 par\n|\n|t:|1617600629\n|switch|p2a: Excadrill|Excadrill, M|80\/100|[from]move: Volt Switch\n|-damage|p2a: Excadrill|68\/100|[from] Spikes\n|-ability|p2a: Excadrill|Mold Breaker\n|move|p1a: Skarmory|Roost|p1a: Skarmory\n|-heal|p1a: Skarmory|54\/100 par\n|-singleturn|p1a: Skarmory|move: Roost\n|\n|-heal|p2a: Excadrill|74\/100|[from] item: Leftovers\n|upkeep\n|turn|23\n|\n|t:|1617600637\n|move|p2a: Excadrill|Rapid Spin|p1a: Skarmory\n|-resisted|p1a: Skarmory\n|-damage|p1a: Skarmory|48\/100 par\n|-boost|p2a: Excadrill|spe|1\n|-sideend|p2: testingoutoushit|Spikes|[from] move: Rapid Spin|[of] p2a: Excadrill\n|move|p1a: Skarmory|Body Press|p2a: Excadrill\n|-supereffective|p2a: Excadrill\n|-damage|p2a: Excadrill|0 fnt\n|faint|p2a: Excadrill\n|\n|upkeep\n|\n|t:|1617600642\n|switch|p2a: Zeraora|Zeraora|3\/100\n|turn|24\n|\n|t:|1617600647\n|move|p2a: Zeraora|Knock Off|p1a: Skarmory\n|-damage|p1a: Skarmory|36\/100 par\n|cant|p1a: Skarmory|par\n|\n|upkeep\n|turn|25\n|\n|t:|1617600652\n|move|p2a: Zeraora|Volt Switch|p1a: Skarmory\n|-supereffective|p1a: Skarmory\n|-damage|p1a: Skarmory|0 fnt\n|faint|p1a: Skarmory\n|\n|t:|1617600663\n|switch|p2a: Corviknight|Corviknight, F|58\/100|[from]move: Volt Switch\n|-ability|p2a: Corviknight|Pressure\n|\n|-heal|p2a: Corviknight|64\/100|[from] item: Leftovers\n|upkeep\n|\n|t:|1617600666\n|switch|p1a: Landorus|Landorus-Therian, M|47\/100\n|-damage|p1a: Landorus|35\/100|[from] Stealth Rock\n|-ability|p1a: Landorus|Intimidate|boost\n|-unboost|p2a: Corviknight|atk|1\n|turn|26\n|\n|t:|1617600672\n|move|p1a: Landorus|Defog|p2a: Corviknight\n|-unboost|p2a: Corviknight|evasion|1\n|-sideend|p1: cump2|Spikes|[from] move: Defog|[of] p1a: Landorus\n|-sideend|p1: cump2|Stealth Rock|[from] move: Defog|[of] p1a: Landorus\n|move|p2a: Corviknight|Roost|p2a: Corviknight\n|-heal|p2a: Corviknight|100\/100\n|-singleturn|p2a: Corviknight|move: Roost\n|\n|upkeep\n|turn|27\n|\n|t:|1617600680\n|move|p1a: Landorus|Knock Off|p2a: Corviknight\n|-damage|p2a: Corviknight|75\/100\n|-enditem|p2a: Corviknight|Leftovers|[from] move: Knock Off|[of] p1a: Landorus\n|move|p2a: Corviknight|U-turn|p1a: Landorus\n|-resisted|p1a: Landorus\n|-damage|p1a: Landorus|29\/100\n|\n|t:|1617600686\n|switch|p2a: Weavile|Weavile, F|100\/100|[from]move: U-turn\n|\n|upkeep\n|turn|28\n|\n|t:|1617600692\n|move|p2a: Weavile|Knock Off|p1a: Landorus\n|-damage|p1a: Landorus|0 fnt\n|faint|p1a: Landorus\n|\n|upkeep\n|\n|t:|1617600697\n|switch|p1a: Bisharp|Bisharp, M|64\/100\n|turn|29\n|\n|t:|1617600700\n|switch|p2a: Zeraora|Zeraora|3\/100\n|move|p1a: Bisharp|Swords Dance|p1a: Bisharp\n|-boost|p1a: Bisharp|atk|2\n|\n|upkeep\n|turn|30\n|\n|t:|1617600703\n|move|p1a: Bisharp|Sucker Punch|p2a: Zeraora\n|-damage|p2a: Zeraora|0 fnt\n|-damage|p1a: Bisharp|54\/100|[from] item: Life Orb\n|faint|p2a: Zeraora\n|\n|upkeep\n|\n|t:|1617600705\n|switch|p2a: Weavile|Weavile, F|100\/100\n|turn|31\n|\n|t:|1617600707\n|move|p2a: Weavile|Low Kick|p1a: Bisharp\n|-supereffective|p1a: Bisharp\n|-damage|p1a: Bisharp|0 fnt\n|faint|p1a: Bisharp\n|\n|upkeep\n|\n|t:|1617600712\n|switch|p1a: Latios|Latios, M|100\/100\n|turn|32\n|\n|t:|1617600719\n|switch|p2a: Blissey|Blissey, F|100\/100\n|move|p1a: Latios|Trick|p2a: Blissey\n|-activate|p1a: Latios|move: Trick|[of] p2a: Blissey\n|-item|p2a: Blissey|Choice Specs|[from] move: Trick\n|-item|p1a: Latios|Heavy-Duty Boots|[from] move: Trick\n|\n|upkeep\n|turn|33\n|\n|t:|1617600731\n|move|p1a: Latios|Mystical Fire|p2a: Blissey\n|-damage|p2a: Blissey|91\/100\n|-unboost|p2a: Blissey|spa|1\n|move|p2a: Blissey|Thunder Wave|p1a: Latios\n|-status|p1a: Latios|par\n|\n|upkeep\n|turn|34\n|\n|t:|1617600737\n|switch|p2a: Corviknight|Corviknight, F|75\/100\n|-ability|p2a: Corviknight|Pressure\n|move|p1a: Latios|Mystical Fire|p2a: Corviknight\n|-supereffective|p2a: Corviknight\n|-damage|p2a: Corviknight|24\/100\n|-unboost|p2a: Corviknight|spa|1\n|\n|upkeep\n|turn|35\n|\n|t:|1617600743\n|move|p1a: Latios|Mystical Fire|p2a: Corviknight\n|-supereffective|p2a: Corviknight\n|-damage|p2a: Corviknight|0 fnt\n|faint|p2a: Corviknight\n|\n|upkeep\n|\n|t:|1617600746\n|switch|p2a: Weavile|Weavile, F|100\/100\n|turn|36\n|\n|t:|1617600755\n|switch|p1a: Rillaboom|Rillaboom, F, shiny|100\/100\n|-fieldstart|move: Grassy Terrain|[from] ability: Grassy Surge|[of] p1a: Rillaboom\n|move|p2a: Weavile|Knock Off|p1a: Rillaboom\n|-damage|p1a: Rillaboom|28\/100\n|-enditem|p1a: Rillaboom|Choice Band|[from] move: Knock Off|[of] p2a: Weavile\n|\n|-heal|p1a: Rillaboom|34\/100|[from] Grassy Terrain\n|upkeep\n|turn|37\n|\n|t:|1617600762\n|switch|p2a: Ferrothorn|Ferrothorn, F|35\/100\n|move|p1a: Rillaboom|Grassy Glide|p2a: Ferrothorn\n|-resisted|p2a: Ferrothorn\n|-crit|p2a: Ferrothorn\n|-damage|p2a: Ferrothorn|25\/100\n|-damage|p1a: Rillaboom|22\/100|[from] ability: Iron Barbs|[of] p2a: Ferrothorn\n|\n|-heal|p1a: Rillaboom|28\/100|[from] Grassy Terrain\n|-heal|p2a: Ferrothorn|31\/100|[from] Grassy Terrain\n|upkeep\n|turn|38\n|\n|t:|1617600770\n|move|p1a: Rillaboom|Superpower|p2a: Ferrothorn\n|-supereffective|p2a: Ferrothorn\n|-damage|p2a: Ferrothorn|0 fnt\n|-unboost|p1a: Rillaboom|atk|1\n|-unboost|p1a: Rillaboom|def|1\n|-damage|p1a: Rillaboom|16\/100|[from] ability: Iron Barbs|[of] p2a: Ferrothorn\n|faint|p2a: Ferrothorn\n|\n|-heal|p1a: Rillaboom|22\/100|[from] Grassy Terrain\n|upkeep\n|\n|t:|1617600773\n|switch|p2a: Weavile|Weavile, F|100\/100\n|turn|39\n|\n|t:|1617600781\n|switch|p1a: Volcarona|Volcarona, F|100\/100\n|move|p2a: Weavile|Ice Shard|p1a: Volcarona\n|-resisted|p1a: Volcarona\n|-damage|p1a: Volcarona|75\/100\n|\n|-heal|p1a: Volcarona|82\/100|[from] Grassy Terrain\n|upkeep\n|turn|40\n|\n|t:|1617600787\n|switch|p2a: Blissey|Blissey, F|91\/100\n|move|p1a: Volcarona|Quiver Dance|p1a: Volcarona\n|-boost|p1a: Volcarona|spa|1\n|-boost|p1a: Volcarona|spd|1\n|-boost|p1a: Volcarona|spe|1\n|\n|-heal|p1a: Volcarona|88\/100|[from] Grassy Terrain\n|-heal|p2a: Blissey|97\/100|[from] Grassy Terrain\n|-fieldend|move: Grassy Terrain\n|upkeep\n|turn|41\n|\n|t:|1617600796\n|move|p1a: Volcarona|Quiver Dance|p1a: Volcarona\n|-boost|p1a: Volcarona|spa|1\n|-boost|p1a: Volcarona|spd|1\n|-boost|p1a: Volcarona|spe|1\n|move|p2a: Blissey|Thunder Wave|p1a: Volcarona\n|-status|p1a: Volcarona|par\n|\n|upkeep\n|turn|42\n|\n|t:|1617600800\n|switch|p2a: Weavile|Weavile, F|100\/100\n|move|p1a: Volcarona|Quiver Dance|p1a: Volcarona\n|-boost|p1a: Volcarona|spa|1\n|-boost|p1a: Volcarona|spd|1\n|-boost|p1a: Volcarona|spe|1\n|\n|upkeep\n|turn|43\n|\n|t:|1617600804\n|switch|p2a: Blissey|Blissey, F|97\/100\n|move|p1a: Volcarona|Flamethrower|p2a: Blissey\n|-damage|p2a: Blissey|50\/100\n|\n|upkeep\n|turn|44\n|\n|t:|1617600807\n|move|p1a: Volcarona|Quiver Dance|p1a: Volcarona\n|-boost|p1a: Volcarona|spa|1\n|-boost|p1a: Volcarona|spd|1\n|-boost|p1a: Volcarona|spe|1\n|move|p2a: Blissey|Seismic Toss|p1a: Volcarona\n|-damage|p1a: Volcarona|55\/100 par\n|-status|p2a: Blissey|brn|[from] ability: Flame Body|[of] p1a: Volcarona\n|\n|-damage|p2a: Blissey|44\/100 brn|[from] brn\n|upkeep\n|turn|45\n|\n|t:|1617600813\n|move|p1a: Volcarona|Giga Drain|p2a: Blissey\n|-damage|p2a: Blissey|17\/100 brn\n|-heal|p1a: Volcarona|87\/100 par|[from] drain|[of] p2a: Blissey\n|move|p2a: Blissey|Seismic Toss|p1a: Volcarona\n|-damage|p1a: Volcarona|55\/100 par\n|\n|-damage|p2a: Blissey|11\/100 brn|[from] brn\n|upkeep\n|turn|46\n|\n|t:|1617600819\n|move|p1a: Volcarona|Giga Drain|p2a: Blissey\n|-damage|p2a: Blissey|0 fnt\n|-heal|p1a: Volcarona|66\/100 par|[from] drain|[of] p2a: Blissey\n|faint|p2a: Blissey\n|\n|upkeep\n|\n|t:|1617600821\n|switch|p2a: Weavile|Weavile, F|100\/100\n|turn|47\n|\n|t:|1617600826\n|cant|p1a: Volcarona|par\n|move|p2a: Weavile|Knock Off|p1a: Volcarona\n|-damage|p1a: Volcarona|0 fnt\n|-enditem|p1a: Volcarona|Heavy-Duty Boots|[from] move: Knock Off|[of] p2a: Weavile\n|faint|p1a: Volcarona\n|\n|upkeep\n|\n|t:|1617600832\n|switch|p1a: Rillaboom|Rillaboom, F, shiny|22\/100\n|-fieldstart|move: Grassy Terrain|[from] ability: Grassy Surge|[of] p1a: Rillaboom\n|turn|48\n|\n|t:|1617600834\n|move|p1a: Rillaboom|Grassy Glide|p2a: Weavile\n|-damage|p2a: Weavile|13\/100\n|move|p2a: Weavile|Knock Off|p1a: Rillaboom\n|-damage|p1a: Rillaboom|0 fnt\n|faint|p1a: Rillaboom\n|\n|-heal|p2a: Weavile|19\/100|[from] Grassy Terrain\n|upkeep\n|\n|t:|1617600837\n|switch|p1a: Latios|Latios, M|100\/100 par\n|turn|49\n|c|\u2606testingoutoushit|gg\n|c|\u2606cump2|gg\n|\n|t:|1617600843\n|move|p2a: Weavile|Knock Off|p1a: Latios\n|-supereffective|p1a: Latios\n|-damage|p1a: Latios|0 fnt\n|-enditem|p1a: Latios|Heavy-Duty Boots|[from] move: Knock Off|[of] p2a: Weavile\n|faint|p1a: Latios\n|\n|win|testingoutoushit\n|raw|cump2's rating: 1334 &rarr; <strong>1316<\/strong><br \/>(-18 for losing)\n|raw|testingoutoushit's rating: 1370 &rarr; <strong>1388<\/strong><br \/>(+18 for winning)\n","uploadtime":1617600847,"views":33,"p1id":"cump2","p2id":"testingoutoushit","formatid":"gen8ou","rating":1316,"private":0,"password":null}