{"id":"gen8uu-1214840590","p1":"mongwong","p2":"Vadertron","format":"gen8uu","log":"|j|\u2606mongwong\n|j|\u2606Vadertron\n|t:|1604317821\n|player|p1|mongwong|silver|1022\n|player|p2|Vadertron|blaine|1139\n|teamsize|p1|6\n|teamsize|p2|6\n|gametype|singles\n|gen|8\n|tier|[Gen 8] UU\n|rated|\n|clearpoke\n|poke|p1|Haxorus, F|\n|poke|p1|Mew|\n|poke|p1|Dusclops, M|\n|poke|p1|Incineroar, M|\n|poke|p1|Togekiss, M|\n|poke|p1|Slowbro-Galar, M|\n|poke|p2|Shuckle, M|\n|poke|p2|Nidoking, M|\n|poke|p2|Azumarill, M|\n|poke|p2|Blacephalon|\n|poke|p2|Celesteela|\n|poke|p2|Claydol|\n|rule|Sleep Clause Mod: Limit one foe put to sleep\n|rule|Species Clause: Limit one of each Pok\u00e9mon\n|rule|OHKO Clause: OHKO moves are banned\n|rule|Evasion Moves Clause: Evasion moves are banned\n|rule|Endless Battle Clause: Forcing endless battles is banned\n|rule|HP Percentage Mod: HP is shown in percentages\n|rule|Dynamax Clause: You cannot dynamax\n|teampreview\n|inactive|Battle timer is ON: inactive players will automatically lose when time's up. (requested by Vadertron)\n|inactive|mongwong has 120 seconds left.\n|\n|t:|1604317860\n|start\n|switch|p1a: Togekiss|Togekiss, M|100\/100\n|switch|p2a: Shuckle|Shuckle, M, shiny|100\/100\n|turn|1\n|\n|t:|1604317864\n|move|p1a: Togekiss|Air Slash|p2a: Shuckle\n|-damage|p2a: Shuckle|82\/100\n|cant|p2a: Shuckle|flinch\n|\n|upkeep\n|turn|2\n|\n|t:|1604317867\n|move|p1a: Togekiss|Air Slash|p2a: Shuckle\n|-damage|p2a: Shuckle|61\/100\n|cant|p2a: Shuckle|flinch\n|\n|upkeep\n|turn|3\n|\n|t:|1604317872\n|switch|p2a: Celesteela|Celesteela, shiny|100\/100\n|move|p1a: Togekiss|Air Slash|p2a: Celesteela\n|-resisted|p2a: Celesteela\n|-damage|p2a: Celesteela|85\/100\n|\n|-heal|p2a: Celesteela|91\/100|[from] item: Leftovers\n|upkeep\n|turn|4\n|\n|t:|1604317887\n|switch|p1a: Incineroar|Incineroar, M|100\/100\n|-ability|p1a: Incineroar|Intimidate|boost\n|-unboost|p2a: Celesteela|atk|1\n|switch|p2a: Shuckle|Shuckle, M, shiny|61\/100\n|\n|upkeep\n|turn|5\n|\n|t:|1604317890\n|move|p1a: Incineroar|Parting Shot|p2a: Shuckle\n|-unboost|p2a: Shuckle|atk|1\n|-unboost|p2a: Shuckle|spa|1\n|\n|t:|1604317892\n|switch|p1a: Slowbro|Slowbro-Galar, M|100\/100|[from]move: Parting Shot\n|move|p2a: Shuckle|Sticky Web|p1a: Slowbro\n|-sidestart|p1: mongwong|move: Sticky Web\n|\n|upkeep\n|turn|6\n|\n|t:|1604317896\n|move|p1a: Slowbro|Nasty Plot|p1a: Slowbro\n|-boost|p1a: Slowbro|spa|2\n|move|p2a: Shuckle|Stealth Rock|p1a: Slowbro\n|-sidestart|p1: mongwong|move: Stealth Rock\n|\n|upkeep\n|turn|7\n|\n|t:|1604317899\n|move|p1a: Slowbro|Nasty Plot|p1a: Slowbro\n|-boost|p1a: Slowbro|spa|2\n|move|p2a: Shuckle|Knock Off|p1a: Slowbro\n|-supereffective|p1a: Slowbro\n|-damage|p1a: Slowbro|93\/100\n|-enditem|p1a: Slowbro|Quick Claw|[from] move: Knock Off|[of] p2a: Shuckle\n|\n|upkeep\n|turn|8\n|\n|t:|1604317913\n|move|p1a: Slowbro|Psyshock|p2a: Shuckle\n|-damage|p2a: Shuckle|0 fnt\n|faint|p2a: Shuckle\n|\n|upkeep\n|\n|t:|1604317918\n|switch|p2a: Nidoking|Nidoking, M|100\/100\n|turn|9\n|\n|t:|1604317922\n|switch|p1a: Togekiss|Togekiss, M|100\/100\n|-damage|p1a: Togekiss|76\/100|[from] Stealth Rock\n|move|p2a: Nidoking|Earth Power|p1a: Togekiss\n|-immune|p1a: Togekiss\n|\n|upkeep\n|turn|10\n|\n|t:|1604317925\n|move|p1a: Togekiss|Air Slash|p2a: Nidoking\n|-damage|p2a: Nidoking|45\/100\n|move|p2a: Nidoking|Ice Beam|p1a: Togekiss\n|-supereffective|p1a: Togekiss\n|-damage|p1a: Togekiss|0 fnt\n|faint|p1a: Togekiss\n|\n|upkeep\n|\n|t:|1604317928\n|switch|p1a: Mew|Mew|100\/100\n|turn|11\n|\n|t:|1604317942\n|switch|p2a: Claydol|Claydol|100\/100\n|move|p1a: Mew|Defog|p2a: Claydol\n|-unboost|p2a: Claydol|evasion|1\n|-sideend|p1: mongwong|Stealth Rock|[from] move: Defog|[of] p1a: Mew\n|-sideend|p1: mongwong|Sticky Web|[from] move: Defog|[of] p1a: Mew\n|\n|upkeep\n|turn|12\n|\n|t:|1604317949\n|move|p1a: Mew|Toxic|p2a: Claydol\n|-status|p2a: Claydol|tox\n|move|p2a: Claydol|Teleport|p2a: Claydol\n|\n|t:|1604317951\n|switch|p2a: Blacephalon|Blacephalon, shiny|100\/100|[from]move: Teleport\n|\n|upkeep\n|turn|13\n|\n|t:|1604317956\n|move|p2a: Blacephalon|Shadow Ball|p1a: Mew\n|-supereffective|p1a: Mew\n|-damage|p1a: Mew|21\/100\n|move|p1a: Mew|U-turn|p2a: Blacephalon\n|-resisted|p2a: Blacephalon\n|-damage|p2a: Blacephalon|91\/100\n|\n|t:|1604317961\n|switch|p1a: Dusclops|Dusclops, M|100\/100|[from]move: U-turn\n|-ability|p1a: Dusclops|Pressure\n|\n|upkeep\n|turn|14\n|\n|t:|1604317963\n|move|p2a: Blacephalon|Shadow Ball|p1a: Dusclops\n|-supereffective|p1a: Dusclops\n|-damage|p1a: Dusclops|52\/100\n|move|p1a: Dusclops|Trick Room|p1a: Dusclops\n|-fieldstart|move: Trick Room|[of] p1a: Dusclops\n|\n|upkeep\n|turn|15\n|\n|t:|1604317969\n|switch|p1a: Mew|Mew|21\/100\n|move|p2a: Blacephalon|Shadow Ball|p1a: Mew\n|-supereffective|p1a: Mew\n|-damage|p1a: Mew|0 fnt\n|faint|p1a: Mew\n|-ability|p2a: Blacephalon|Beast Boost|boost\n|-boost|p2a: Blacephalon|spa|1\n|\n|upkeep\n|\n|t:|1604317970\n|switch|p1a: Slowbro|Slowbro-Galar, M|93\/100\n|turn|16\n|\n|t:|1604317981\n|move|p1a: Slowbro|Nasty Plot|p1a: Slowbro\n|-boost|p1a: Slowbro|spa|2\n|move|p2a: Blacephalon|Shadow Ball|p1a: Slowbro\n|-supereffective|p1a: Slowbro\n|-damage|p1a: Slowbro|0 fnt\n|faint|p1a: Slowbro\n|-ability|p2a: Blacephalon|Beast Boost|boost\n|-boost|p2a: Blacephalon|spa|1\n|\n|upkeep\n|\n|t:|1604317985\n|switch|p1a: Incineroar|Incineroar, M|100\/100\n|-ability|p1a: Incineroar|Intimidate|boost\n|-unboost|p2a: Blacephalon|atk|1\n|turn|17\n|\n|t:|1604317997\n|switch|p2a: Claydol|Claydol|100\/100 tox\n|move|p1a: Incineroar|Knock Off|p2a: Claydol\n|-supereffective|p2a: Claydol\n|-damage|p2a: Claydol|32\/100 tox\n|-enditem|p2a: Claydol|Leftovers|[from] move: Knock Off|[of] p1a: Incineroar\n|\n|-damage|p2a: Claydol|26\/100 tox|[from] psn\n|upkeep\n|turn|18\n|\n|t:|1604318002\n|move|p1a: Incineroar|Knock Off|p2a: Claydol\n|-supereffective|p2a: Claydol\n|-damage|p2a: Claydol|0 fnt\n|faint|p2a: Claydol\n|\n|-fieldend|move: Trick Room\n|upkeep\n|\n|t:|1604318005\n|switch|p2a: Azumarill|Azumarill, M|100\/100\n|turn|19\n|\n|t:|1604318010\n|move|p1a: Incineroar|Parting Shot|p2a: Azumarill\n|-unboost|p2a: Azumarill|atk|1\n|-unboost|p2a: Azumarill|spa|1\n|\n|t:|1604318012\n|switch|p1a: Dusclops|Dusclops, M|52\/100|[from]move: Parting Shot\n|-ability|p1a: Dusclops|Pressure\n|move|p2a: Azumarill|Belly Drum|p2a: Azumarill\n|-damage|p2a: Azumarill|50\/100\n|-setboost|p2a: Azumarill|atk|6|[from] move: Belly Drum\n|-enditem|p2a: Azumarill|Sitrus Berry|[eat]\n|-heal|p2a: Azumarill|75\/100|[from] item: Sitrus Berry\n|\n|upkeep\n|turn|20\n|\n|t:|1604318015\n|move|p2a: Azumarill|Knock Off|p1a: Dusclops\n|-supereffective|p1a: Dusclops\n|-damage|p1a: Dusclops|0 fnt\n|-enditem|p1a: Dusclops|Eviolite|[from] move: Knock Off|[of] p2a: Azumarill\n|faint|p1a: Dusclops\n|\n|upkeep\n|\n|t:|1604318023\n|switch|p1a: Haxorus|Haxorus, F|100\/100\n|-ability|p1a: Haxorus|Mold Breaker\n|turn|21\n|\n|t:|1604318029\n|move|p1a: Haxorus|Poison Jab|p2a: Azumarill\n|-supereffective|p2a: Azumarill\n|-damage|p2a: Azumarill|17\/100\n|move|p2a: Azumarill|Play Rough|p1a: Haxorus\n|-supereffective|p1a: Haxorus\n|-enditem|p1a: Haxorus|Focus Sash\n|-damage|p1a: Haxorus|1\/100\n|\n|upkeep\n|turn|22\n|inactive|mongwong has 120 seconds left.\n|\n|t:|1604318064\n|move|p2a: Azumarill|Aqua Jet|p1a: Haxorus\n|-resisted|p1a: Haxorus\n|-damage|p1a: Haxorus|0 fnt\n|faint|p1a: Haxorus\n|\n|upkeep\n|-message|mongwong forfeited.\n|\n|win|Vadertron\n|l|\u2606mongwong\n|c|\u2606Vadertron|Gg\n|raw|mongwong's rating: 1022 &rarr; <strong>1013<\/strong><br \/>(-9 for losing)\n|raw|Vadertron's rating: 1139 &rarr; <strong>1156<\/strong><br \/>(+17 for winning)\n","uploadtime":1604318074,"views":8,"p1id":"mongwong","p2id":"vadertron","formatid":"gen8uu","rating":1013,"private":0,"password":null}