{"id":"gen8ou-1603990476","p1":"brifye","p2":"Lef deppard","format":"gen8ou","log":"|j|\u2606brifye\n|j|\u2606Lef deppard\n|t:|1656172332\n|gametype|singles\n|player|p1|brifye|petrel|1713\n|player|p2|Lef deppard|veteran|1711\n|teamsize|p1|6\n|teamsize|p2|6\n|gen|8\n|tier|[Gen 8] OU\n|rated|\n|rule|Sleep Clause Mod: Limit one foe put to sleep\n|rule|Species Clause: Limit one of each Pok\u00e9mon\n|rule|OHKO Clause: OHKO moves are banned\n|rule|Evasion Moves Clause: Evasion moves are banned\n|rule|Endless Battle Clause: Forcing endless battles is banned\n|rule|HP Percentage Mod: HP is shown in percentages\n|rule|Dynamax Clause: You cannot dynamax\n|clearpoke\n|poke|p1|Torkoal, M|\n|poke|p1|Darmanitan, F|\n|poke|p1|Dragonite, F|\n|poke|p1|Blacephalon|\n|poke|p1|Venusaur, M|\n|poke|p1|Landorus-Therian, M|\n|poke|p2|Cresselia, F|\n|poke|p2|Bronzong|\n|poke|p2|Stakataka|\n|poke|p2|Pangoro, M|\n|poke|p2|Exploud, M|\n|poke|p2|Marowak-Alola, M|\n|teampreview\n|c|\u2606brifye|hello, la team de fildrong ?\n|inactive|Battle timer is ON: inactive players will automatically lose when time's up. (requested by brifye)\n|c|\u2606Lef deppard|exact\n|c|\u2606brifye|hf\n|c|\u2606Lef deppard|pas si mauvaise!\n|c|\u2606Lef deppard|toi aussi\n|\n|t:|1656172370\n|start\n|switch|p1a: Darmanitan|Darmanitan, F|100\/100\n|switch|p2a: Bronzong|Bronzong|100\/100\n|turn|1\n|\n|t:|1656172375\n|switch|p2a: Marowak|Marowak-Alola, M|100\/100\n|move|p1a: Darmanitan|Flare Blitz|p2a: Marowak\n|-resisted|p2a: Marowak\n|-damage|p2a: Marowak|35\/100\n|-damage|p1a: Darmanitan|81\/100|[from] Recoil\n|\n|upkeep\n|turn|2\n|j| ayayaplop\n|inactive|Lef deppard has 120 seconds left.\n|\n|t:|1656172420\n|switch|p2a: Pangoro|Pangoro, M|100\/100\n|move|p1a: Darmanitan|Flare Blitz|p2a: Pangoro\n|-damage|p2a: Pangoro|0 fnt\n|faint|p2a: Pangoro\n|-damage|p1a: Darmanitan|44\/100|[from] Recoil\n|\n|upkeep\n|\n|t:|1656172425\n|switch|p2a: Cresselia|Cresselia, F|100\/100\n|turn|3\n|\n|t:|1656172435\n|switch|p1a: Torkoal|Torkoal, M|100\/100\n|-weather|SunnyDay|[from] ability: Drought|[of] p1a: Torkoal\n|move|p2a: Cresselia|Trick Room|p2a: Cresselia\n|-fieldstart|move: Trick Room|[of] p2a: Cresselia\n|\n|-weather|SunnyDay|[upkeep]\n|upkeep\n|turn|4\n|inactive|Lef deppard has 120 seconds left.\n|j| clflucker\n|\n|t:|1656172458\n|switch|p2a: Exploud|Exploud, M|100\/100\n|move|p1a: Torkoal|Stealth Rock|p2a: Exploud\n|-sidestart|p2: Lef deppard|move: Stealth Rock\n|\n|-weather|SunnyDay|[upkeep]\n|upkeep\n|turn|5\n|\n|t:|1656172469\n|move|p1a: Torkoal|Body Press|p2a: Exploud\n|-supereffective|p2a: Exploud\n|-damage|p2a: Exploud|18\/100\n|move|p2a: Exploud|Boomburst|p1a: Torkoal\n|-damage|p1a: Torkoal|0 fnt\n|faint|p1a: Torkoal\n|\n|-weather|SunnyDay|[upkeep]\n|upkeep\n|\n|t:|1656172478\n|switch|p1a: Dragonite|Dragonite, F|100\/100\n|turn|6\n|\n|t:|1656172486\n|switch|p2a: Bronzong|Bronzong|100\/100\n|-damage|p2a: Bronzong|94\/100|[from] Stealth Rock\n|move|p1a: Dragonite|Ice Punch|p2a: Bronzong\n|-resisted|p2a: Bronzong\n|-damage|p2a: Bronzong|85\/100\n|\n|-weather|SunnyDay|[upkeep]\n|upkeep\n|turn|7\n|\n|t:|1656172496\n|switch|p1a: Blacephalon|Blacephalon|100\/100\n|move|p2a: Bronzong|Stealth Rock|p1a: Blacephalon\n|-sidestart|p1: brifye|move: Stealth Rock\n|\n|-weather|SunnyDay|[upkeep]\n|-fieldend|move: Trick Room\n|upkeep\n|turn|8\n|\n|t:|1656172504\n|move|p1a: Blacephalon|Flamethrower|p2a: Bronzong\n|-supereffective|p2a: Bronzong\n|-damage|p2a: Bronzong|0 fnt\n|faint|p2a: Bronzong\n|-ability|p1a: Blacephalon|Beast Boost|boost\n|-boost|p1a: Blacephalon|spa|1\n|\n|-weather|SunnyDay|[upkeep]\n|upkeep\n|\n|t:|1656172514\n|switch|p2a: Cresselia|Cresselia, F|100\/100\n|-damage|p2a: Cresselia|88\/100|[from] Stealth Rock\n|turn|9\n|\n|t:|1656172518\n|move|p1a: Blacephalon|Flamethrower|p2a: Cresselia\n|-damage|p2a: Cresselia|22\/100\n|move|p2a: Cresselia|Trick Room|p2a: Cresselia\n|-fieldstart|move: Trick Room|[of] p2a: Cresselia\n|\n|-weather|SunnyDay|[upkeep]\n|upkeep\n|turn|10\n|\n|t:|1656172526\n|move|p2a: Cresselia|Lunar Dance|p2a: Cresselia\n|faint|p2a: Cresselia\n|move|p1a: Blacephalon|Flamethrower|p2: Cresselia|[notarget]\n|-fail|p1a: Blacephalon\n|\n|-weather|none\n|upkeep\n|inactive|Lef deppard has 120 seconds left.\n|\n|t:|1656172581\n|switch|p2a: Stakataka|Stakataka|100\/100\n|-damage|p2a: Stakataka|94\/100|[from] Stealth Rock\n|turn|11\n|\n|t:|1656172592\n|switch|p1a: Landorus|Landorus-Therian, M|100\/100\n|-damage|p1a: Landorus|88\/100|[from] Stealth Rock\n|-ability|p1a: Landorus|Intimidate|boost\n|-unboost|p2a: Stakataka|atk|1\n|move|p2a: Stakataka|Stone Edge|p1a: Landorus|[miss]\n|-miss|p2a: Stakataka|p1a: Landorus\n|\n|-heal|p1a: Landorus|94\/100|[from] item: Leftovers\n|upkeep\n|turn|12\n|\n|t:|1656172607\n|move|p2a: Stakataka|Gyro Ball|p1a: Landorus\n|-damage|p1a: Landorus|33\/100\n|-damage|p2a: Stakataka|85\/100|[from] item: Life Orb\n|move|p1a: Landorus|Earthquake|p2a: Stakataka\n|-supereffective|p2a: Stakataka\n|-damage|p2a: Stakataka|0 fnt\n|faint|p2a: Stakataka\n|\n|-heal|p1a: Landorus|39\/100|[from] item: Leftovers\n|upkeep\n|c|\u2606Lef deppard|gg\n|c|\u2606brifye|gg\n|-message|Lef deppard forfeited.\n|\n|win|brifye\n|raw|brifye's rating: 1713 &rarr; <strong>1733<\/strong><br \/>(+20 for winning)\n|raw|Lef deppard's rating: 1711 &rarr; <strong>1691<\/strong><br \/>(-20 for losing)\n|l|\u2606Lef deppard\n|l|\u2606brifye\n|l| ayayaplop\n","uploadtime":1656172638,"views":19,"p1id":"brifye","p2id":"lefdeppard","formatid":"gen8ou","rating":1691,"private":0,"password":null}