{"id":"gen8ou-1702372344","p1":"machugen","p2":"khatru my goat","format":"gen8ou","log":"|j|\u2606machugen\n|j|\u2606khatru my goat\n|t:|1667542212\n|gametype|singles\n|player|p1|machugen|brock-gen1rb|1718\n|player|p2|khatru my goat|adaman|1761\n|teamsize|p1|6\n|teamsize|p2|6\n|gen|8\n|tier|[Gen 8] OU\n|rated|\n|rule|Sleep Clause Mod: Limit one foe put to sleep\n|rule|Species Clause: Limit one of each Pok\u00e9mon\n|rule|OHKO Clause: OHKO moves are banned\n|rule|Evasion Items Clause: Evasion items are banned\n|rule|Evasion Moves Clause: Evasion moves are banned\n|rule|Endless Battle Clause: Forcing endless battles is banned\n|rule|HP Percentage Mod: HP is shown in percentages\n|rule|Dynamax Clause: You cannot dynamax\n|clearpoke\n|poke|p1|Tapu Koko|\n|poke|p1|Urshifu-*, M|\n|poke|p1|Slowking-Galar, M|\n|poke|p1|Ferrothorn, M|\n|poke|p1|Mandibuzz, F|\n|poke|p1|Landorus-Therian, M|\n|poke|p2|Skarmory, F|\n|poke|p2|Clefable, M|\n|poke|p2|Moltres|\n|poke|p2|Tyranitar, F|\n|poke|p2|Excadrill, F|\n|poke|p2|Dracozolt|\n|teampreview\n|inactive|Battle timer is ON: inactive players will automatically lose when time's up. (requested by khatru my goat)\n|\n|t:|1667542238\n|start\n|switch|p1a: Slowking|Slowking-Galar, M|100\/100\n|switch|p2a: My Slimez|Clefable, M|100\/100\n|turn|1\n|j| FENDINI\n|\n|t:|1667542244\n|switch|p2a: ZaDusto|Tyranitar, F|100\/100\n|-weather|Sandstorm|[from] ability: Sand Stream|[of] p2a: ZaDusto\n|move|p1a: Slowking|Sludge Bomb|p2a: ZaDusto\n|-resisted|p2a: ZaDusto\n|-damage|p2a: ZaDusto|87\/100\n|-status|p2a: ZaDusto|psn\n|\n|-weather|Sandstorm|[upkeep]\n|-damage|p1a: Slowking|94\/100|[from] Sandstorm\n|-damage|p2a: ZaDusto|75\/100 psn|[from] psn\n|upkeep\n|turn|2\n|\n|t:|1667542251\n|switch|p1a: Ferrothorn|Ferrothorn, M|100\/100\n|move|p2a: ZaDusto|Stealth Rock|p1a: Ferrothorn\n|-sidestart|p1: machugen|move: Stealth Rock\n|\n|-weather|Sandstorm|[upkeep]\n|-damage|p2a: ZaDusto|62\/100 psn|[from] psn\n|upkeep\n|turn|3\n|\n|t:|1667542255\n|move|p2a: ZaDusto|Flamethrower|p1a: Ferrothorn\n|-supereffective|p1a: Ferrothorn\n|-damage|p1a: Ferrothorn|25\/100\n|move|p1a: Ferrothorn|Stealth Rock|p2a: ZaDusto\n|-sidestart|p2: khatru my goat|move: Stealth Rock\n|\n|-weather|Sandstorm|[upkeep]\n|-heal|p1a: Ferrothorn|31\/100|[from] item: Leftovers\n|-damage|p2a: ZaDusto|50\/100 psn|[from] psn\n|upkeep\n|turn|4\n|j| nodragondanceinrb\n|\n|t:|1667542266\n|switch|p2a: My Slimez|Clefable, M|100\/100\n|switch|p1a: Slowking|Slowking-Galar, M|100\/100\n|-damage|p1a: Slowking|88\/100|[from] Stealth Rock\n|\n|-weather|Sandstorm|[upkeep]\n|-damage|p1a: Slowking|82\/100|[from] Sandstorm\n|upkeep\n|turn|5\n|\n|t:|1667542276\n|move|p2a: My Slimez|Knock Off|p1a: Slowking\n|-supereffective|p1a: Slowking\n|-damage|p1a: Slowking|52\/100\n|-enditem|p1a: Slowking|Assault Vest|[from] move: Knock Off|[of] p2a: My Slimez\n|move|p1a: Slowking|Future Sight|p2a: My Slimez\n|-start|p1a: Slowking|move: Future Sight\n|\n|-weather|Sandstorm|[upkeep]\n|-damage|p1a: Slowking|46\/100|[from] Sandstorm\n|upkeep\n|turn|6\n|\n|t:|1667542284\n|switch|p2a: MICHAELROGERS|Excadrill, F|100\/100\n|-damage|p2a: MICHAELROGERS|97\/100|[from] Stealth Rock\n|move|p1a: Slowking|Scald|p2a: MICHAELROGERS\n|-supereffective|p2a: MICHAELROGERS\n|-damage|p2a: MICHAELROGERS|29\/100\n|\n|-weather|Sandstorm|[upkeep]\n|-damage|p1a: Slowking|40\/100|[from] Sandstorm\n|upkeep\n|turn|7\n|\n|t:|1667542294\n|switch|p1a: Ferrothorn|Ferrothorn, M|31\/100\n|-damage|p1a: Ferrothorn|25\/100|[from] Stealth Rock\n|move|p2a: MICHAELROGERS|Rapid Spin|p1a: Ferrothorn\n|-resisted|p1a: Ferrothorn\n|-damage|p1a: Ferrothorn|20\/100\n|-boost|p2a: MICHAELROGERS|spe|1\n|-activate|p1a: Ferrothorn|ability: Iron Barbs\n|-activate|p2a: MICHAELROGERS|item: Protective Pads\n|-sideend|p2: khatru my goat|Stealth Rock|[from] move: Rapid Spin|[of] p2a: MICHAELROGERS\n|\n|-weather|Sandstorm|[upkeep]\n|-end|p2a: MICHAELROGERS|move: Future Sight\n|-resisted|p2a: MICHAELROGERS\n|-damage|p2a: MICHAELROGERS|0 fnt\n|faint|p2a: MICHAELROGERS\n|-heal|p1a: Ferrothorn|26\/100|[from] item: Leftovers\n|upkeep\n|\n|t:|1667542303\n|switch|p2a: chili pepper|Dracozolt|100\/100\n|turn|8\n|\n|t:|1667542305\n|switch|p1a: Landorus|Landorus-Therian, M|100\/100\n|-damage|p1a: Landorus|88\/100|[from] Stealth Rock\n|-ability|p1a: Landorus|Intimidate|boost\n|-unboost|p2a: chili pepper|atk|1\n|move|p2a: chili pepper|Flamethrower|p1a: Landorus\n|-damage|p1a: Landorus|67\/100\n|-damage|p2a: chili pepper|91\/100|[from] item: Life Orb\n|\n|-weather|none\n|-heal|p1a: Landorus|73\/100|[from] item: Leftovers\n|upkeep\n|turn|9\n|\n|t:|1667542308\n|switch|p2a: beyblade|Moltres|100\/100\n|move|p1a: Landorus|Defog|p2a: beyblade\n|-unboost|p2a: beyblade|evasion|1\n|-sideend|p1: machugen|Stealth Rock|[from] move: Defog|[of] p1a: Landorus\n|\n|-heal|p1a: Landorus|80\/100|[from] item: Leftovers\n|upkeep\n|turn|10\n|\n|t:|1667542316\n|move|p2a: beyblade|Flamethrower|p1a: Landorus\n|-damage|p1a: Landorus|52\/100\n|move|p1a: Landorus|Toxic|p2a: beyblade\n|-status|p2a: beyblade|tox\n|\n|-heal|p1a: Landorus|58\/100|[from] item: Leftovers\n|-damage|p2a: beyblade|94\/100 tox|[from] psn\n|upkeep\n|turn|11\n|\n|t:|1667542329\n|switch|p2a: metal fury|Skarmory, F|100\/100\n|switch|p1a: Slowking|Slowking-Galar, M|74\/100\n|\n|upkeep\n|turn|12\n|\n|t:|1667542332\n|move|p2a: metal fury|Spikes|p1a: Slowking\n|-sidestart|p1: machugen|Spikes\n|move|p1a: Slowking|Flamethrower|p2a: metal fury\n|-supereffective|p2a: metal fury\n|-crit|p2a: metal fury\n|-ability|p2a: metal fury|Sturdy\n|-damage|p2a: metal fury|1\/100\n|\n|upkeep\n|turn|13\n|j| cypherstest\n|\n|t:|1667542346\n|move|p2a: metal fury|Spikes|p1a: Slowking\n|-sidestart|p1: machugen|Spikes\n|move|p1a: Slowking|Scald|p2a: metal fury\n|-damage|p2a: metal fury|0 fnt\n|faint|p2a: metal fury\n|\n|upkeep\n|\n|t:|1667542353\n|switch|p2a: ZaDusto|Tyranitar, F|50\/100 psn\n|-weather|Sandstorm|[from] ability: Sand Stream|[of] p2a: ZaDusto\n|turn|14\n|\n|t:|1667542360\n|switch|p1a: Ferrothorn|Ferrothorn, M|26\/100\n|-damage|p1a: Ferrothorn|10\/100|[from] Spikes\n|move|p2a: ZaDusto|Crunch|p1a: Ferrothorn\n|-damage|p1a: Ferrothorn|0 fnt\n|-damage|p2a: ZaDusto|38\/100 psn|[from] ability: Iron Barbs|[of] p1a: Ferrothorn\n|faint|p1a: Ferrothorn\n|\n|-weather|Sandstorm|[upkeep]\n|-damage|p2a: ZaDusto|25\/100 psn|[from] psn\n|upkeep\n|\n|t:|1667542367\n|switch|p1a: Tapu Koko|Tapu Koko, shiny|100\/100\n|-fieldstart|move: Electric Terrain|[from] ability: Electric Surge|[of] p1a: Tapu Koko\n|turn|15\n|\n|t:|1667542387\n|switch|p2a: beyblade|Moltres|94\/100 tox\n|move|p1a: Tapu Koko|Dazzling Gleam|p2a: beyblade\n|-resisted|p2a: beyblade\n|-damage|p2a: beyblade|78\/100 tox\n|\n|-weather|Sandstorm|[upkeep]\n|-damage|p1a: Tapu Koko|94\/100|[from] Sandstorm\n|-damage|p2a: beyblade|72\/100 tox|[from] Sandstorm\n|-damage|p2a: beyblade|66\/100 tox|[from] psn\n|upkeep\n|turn|16\n|\n|t:|1667542392\n|switch|p2a: chili pepper|Dracozolt|91\/100\n|move|p1a: Tapu Koko|Thunderbolt|p2a: chili pepper\n|-resisted|p2a: chili pepper\n|-damage|p2a: chili pepper|70\/100\n|\n|-weather|Sandstorm|[upkeep]\n|-damage|p1a: Tapu Koko|88\/100|[from] Sandstorm\n|upkeep\n|turn|17\n|j| El Rupo\n|\n|t:|1667542413\n|switch|p1a: Mandibuzz|Mandibuzz, F|100\/100\n|move|p2a: chili pepper|Flamethrower|p1a: Mandibuzz\n|-damage|p1a: Mandibuzz|81\/100\n|-damage|p2a: chili pepper|60\/100|[from] item: Life Orb\n|\n|-weather|Sandstorm|[upkeep]\n|upkeep\n|turn|18\n|\n|t:|1667542418\n|switch|p1a: Landorus|Landorus-Therian, M|58\/100\n|-ability|p1a: Landorus|Intimidate|boost\n|-unboost|p2a: chili pepper|atk|1\n|move|p2a: chili pepper|Bolt Beak|p1a: Landorus\n|-immune|p1a: Landorus\n|\n|-weather|Sandstorm|[upkeep]\n|-heal|p1a: Landorus|64\/100|[from] item: Leftovers\n|upkeep\n|turn|19\n|j| feitan laugh\n|\n|t:|1667542424\n|switch|p2a: beyblade|Moltres|66\/100 tox\n|move|p1a: Landorus|Defog|p2a: beyblade\n|-unboost|p2a: beyblade|evasion|1\n|-sideend|p1: machugen|Spikes|[from] move: Defog|[of] p1a: Landorus\n|-fieldend|move: Electric Terrain\n|\n|-weather|Sandstorm|[upkeep]\n|-damage|p2a: beyblade|60\/100 tox|[from] Sandstorm\n|-heal|p1a: Landorus|70\/100|[from] item: Leftovers\n|-damage|p2a: beyblade|54\/100 tox|[from] psn\n|upkeep\n|turn|20\n|\n|t:|1667542435\n|switch|p2a: My Slimez|Clefable, M|100\/100\n|switch|p1a: Slowking|Slowking-Galar, M|100\/100\n|\n|-weather|Sandstorm|[upkeep]\n|-damage|p1a: Slowking|94\/100|[from] Sandstorm\n|upkeep\n|turn|21\n|\n|t:|1667542445\n|move|p2a: My Slimez|Knock Off|p1a: Slowking\n|-supereffective|p1a: Slowking\n|-damage|p1a: Slowking|74\/100\n|move|p1a: Slowking|Sludge Bomb|p2a: My Slimez\n|-supereffective|p2a: My Slimez\n|-damage|p2a: My Slimez|25\/100\n|\n|-weather|none\n|upkeep\n|turn|22\n|\n|t:|1667542448\n|switch|p2a: ZaDusto|Tyranitar, F|25\/100 psn\n|-weather|Sandstorm|[from] ability: Sand Stream|[of] p2a: ZaDusto\n|move|p1a: Slowking|Future Sight|p2a: ZaDusto\n|-start|p1a: Slowking|move: Future Sight\n|\n|-weather|Sandstorm|[upkeep]\n|-damage|p1a: Slowking|67\/100|[from] Sandstorm\n|-damage|p2a: ZaDusto|13\/100 psn|[from] psn\n|upkeep\n|turn|23\n|\n|t:|1667542455\n|switch|p1a: Urshifu|Urshifu-Rapid-Strike, M|100\/100\n|move|p2a: ZaDusto|Stealth Rock|p1a: Urshifu\n|-sidestart|p1: machugen|move: Stealth Rock\n|\n|-weather|Sandstorm|[upkeep]\n|-damage|p1a: Urshifu|94\/100|[from] Sandstorm\n|-damage|p2a: ZaDusto|0 fnt|[from] psn\n|faint|p2a: ZaDusto\n|upkeep\n|\n|t:|1667542461\n|switch|p2a: My Slimez|Clefable, M|25\/100\n|turn|24\n|\n|t:|1667542465\n|move|p1a: Urshifu|Surging Strikes|p2a: My Slimez\n|-crit|p2a: My Slimez\n|-damage|p2a: My Slimez|0 fnt\n|-damage|p1a: Urshifu|78\/100|[from] item: Rocky Helmet|[of] p2a: My Slimez\n|faint|p2a: My Slimez\n|-hitcount|p2: My Slimez|1\n|\n|-weather|Sandstorm|[upkeep]\n|-damage|p1a: Urshifu|72\/100|[from] Sandstorm\n|-hint|Future Sight did not hit because the target is fainted.\n|upkeep\n|\n|t:|1667542467\n|switch|p2a: chili pepper|Dracozolt|60\/100\n|turn|25\n|\n|t:|1667542475\n|switch|p1a: Slowking|Slowking-Galar, M|100\/100\n|-damage|p1a: Slowking|88\/100|[from] Stealth Rock\n|move|p2a: chili pepper|Draco Meteor|p1a: Slowking\n|-damage|p1a: Slowking|41\/100\n|-unboost|p2a: chili pepper|spa|2\n|-damage|p2a: chili pepper|50\/100|[from] item: Life Orb\n|\n|-weather|Sandstorm|[upkeep]\n|-damage|p1a: Slowking|35\/100|[from] Sandstorm\n|upkeep\n|turn|26\n|\n|t:|1667542484\n|move|p2a: chili pepper|Draco Meteor|p1a: Slowking\n|-damage|p1a: Slowking|10\/100\n|-unboost|p2a: chili pepper|spa|2\n|-damage|p2a: chili pepper|40\/100|[from] item: Life Orb\n|move|p1a: Slowking|Future Sight|p2a: chili pepper\n|-start|p1a: Slowking|move: Future Sight\n|\n|-weather|Sandstorm|[upkeep]\n|-damage|p1a: Slowking|4\/100|[from] Sandstorm\n|upkeep\n|turn|27\n|-message|khatru my goat forfeited.\n|\n|win|machugen\n|raw|machugen's rating: 1718 &rarr; <strong>1740<\/strong><br \/>(+22 for winning)\n|raw|khatru my goat's rating: 1761 &rarr; <strong>1739<\/strong><br \/>(-22 for losing)\n|l|\u2606khatru my goat\n","uploadtime":1667542490,"views":13,"p1id":"machugen","p2id":"khatrumygoat","formatid":"gen8ou","rating":1739,"private":0,"password":null}