{"id":"gen8ou-1681358160","p1":"minimax_ai","p2":"smoglin doglin","format":"gen8ou","log":"|j|\u2606minimax_ai\n|j|\u2606smoglin doglin\n|t:|1665304037\n|gametype|singles\n|player|p1|minimax_ai|lusamine-nihilego|1509\n|player|p2|smoglin doglin|flannery|1639\n|teamsize|p1|6\n|teamsize|p2|6\n|gen|8\n|tier|[Gen 8] OU\n|rated|\n|rule|Sleep Clause Mod: Limit one foe put to sleep\n|rule|Species Clause: Limit one of each Pok\u00e9mon\n|rule|OHKO Clause: OHKO moves are banned\n|rule|Evasion Items Clause: Evasion items are banned\n|rule|Evasion Moves Clause: Evasion moves are banned\n|rule|Endless Battle Clause: Forcing endless battles is banned\n|rule|HP Percentage Mod: HP is shown in percentages\n|rule|Dynamax Clause: You cannot dynamax\n|clearpoke\n|poke|p1|Rotom-Wash|\n|poke|p1|Weavile, F|\n|poke|p1|Landorus-Therian, M|\n|poke|p1|Heatran, M|\n|poke|p1|Tangrowth, F|\n|poke|p1|Melmetal|\n|poke|p2|Dusknoir, F|\n|poke|p2|Pangoro, M|\n|poke|p2|Skarmory, M|\n|poke|p2|Excadrill, M|\n|poke|p2|Tapu Fini|\n|poke|p2|Landorus-Therian, M|\n|teampreview\n|c|\u2606minimax_ai|hf\n|inactive|Battle timer is ON: inactive players will automatically lose when time's up. (requested by minimax_ai)\n|\n|t:|1665304053\n|start\n|switch|p1a: landorustherian|Landorus-Therian, M|100\/100\n|switch|p2a: Excadrill|Excadrill, M|100\/100\n|-ability|p2a: Excadrill|Mold Breaker\n|-ability|p1a: landorustherian|Intimidate|boost\n|-unboost|p2a: Excadrill|atk|1\n|turn|1\n|\n|t:|1665304055\n|switch|p2a: Skarmory|Skarmory, M|100\/100\n|move|p1a: landorustherian|Defog|p2a: Skarmory\n|-unboost|p2a: Skarmory|evasion|1\n|\n|upkeep\n|turn|2\n|\n|t:|1665304057\n|move|p1a: landorustherian|U-turn|p2a: Skarmory\n|-resisted|p2a: Skarmory\n|-damage|p2a: Skarmory|98\/100\n|-damage|p1a: landorustherian|84\/100|[from] item: Rocky Helmet|[of] p2a: Skarmory\n|\n|t:|1665304058\n|switch|p1a: rotomwash|Rotom-Wash|100\/100|[from]move: U-turn\n|move|p2a: Skarmory|Spikes|p1a: rotomwash\n|-sidestart|p1: minimax_ai|Spikes\n|\n|upkeep\n|turn|3\n|\n|t:|1665304060\n|switch|p1a: landorustherian|Landorus-Therian, M|84\/100\n|-ability|p1a: landorustherian|Intimidate|boost\n|-unboost|p2a: Skarmory|atk|1\n|switch|p2a: Excadrill|Excadrill, M|100\/100\n|-ability|p2a: Excadrill|Mold Breaker\n|\n|-heal|p1a: landorustherian|90\/100|[from] item: Leftovers\n|upkeep\n|turn|4\n|\n|t:|1665304064\n|switch|p2a: Skarmory|Skarmory, M|98\/100\n|move|p1a: landorustherian|Earthquake|p2a: Skarmory\n|-immune|p2a: Skarmory\n|\n|-heal|p1a: landorustherian|96\/100|[from] item: Leftovers\n|upkeep\n|turn|5\n|\n|t:|1665304066\n|move|p1a: landorustherian|Defog|p2a: Skarmory\n|-unboost|p2a: Skarmory|evasion|1\n|-sideend|p1: minimax_ai|Spikes|[from] move: Defog|[of] p1a: landorustherian\n|move|p2a: Skarmory|Spikes|p1a: landorustherian\n|-sidestart|p1: minimax_ai|Spikes\n|\n|-heal|p1a: landorustherian|100\/100|[from] item: Leftovers\n|upkeep\n|turn|6\n|\n|t:|1665304068\n|move|p1a: landorustherian|Defog|p2a: Skarmory\n|-unboost|p2a: Skarmory|evasion|1\n|-sideend|p1: minimax_ai|Spikes|[from] move: Defog|[of] p1a: landorustherian\n|move|p2a: Skarmory|Spikes|p1a: landorustherian\n|-sidestart|p1: minimax_ai|Spikes\n|\n|upkeep\n|turn|7\n|\n|t:|1665304069\n|move|p1a: landorustherian|Defog|p2a: Skarmory\n|-unboost|p2a: Skarmory|evasion|1\n|-sideend|p1: minimax_ai|Spikes|[from] move: Defog|[of] p1a: landorustherian\n|move|p2a: Skarmory|Spikes|p1a: landorustherian\n|-sidestart|p1: minimax_ai|Spikes\n|\n|upkeep\n|turn|8\n|\n|t:|1665304070\n|move|p1a: landorustherian|Defog|p2a: Skarmory\n|-unboost|p2a: Skarmory|evasion|1\n|-sideend|p1: minimax_ai|Spikes|[from] move: Defog|[of] p1a: landorustherian\n|move|p2a: Skarmory|Spikes|p1a: landorustherian\n|-sidestart|p1: minimax_ai|Spikes\n|\n|upkeep\n|turn|9\n|\n|t:|1665304071\n|move|p1a: landorustherian|Defog|p2a: Skarmory\n|-unboost|p2a: Skarmory|evasion|1\n|-sideend|p1: minimax_ai|Spikes|[from] move: Defog|[of] p1a: landorustherian\n|move|p2a: Skarmory|Spikes|p1a: landorustherian\n|-sidestart|p1: minimax_ai|Spikes\n|\n|upkeep\n|turn|10\n|\n|t:|1665304072\n|move|p1a: landorustherian|U-turn|p2a: Skarmory\n|-resisted|p2a: Skarmory\n|-damage|p2a: Skarmory|94\/100\n|-damage|p1a: landorustherian|84\/100|[from] item: Rocky Helmet|[of] p2a: Skarmory\n|\n|t:|1665304072\n|switch|p1a: rotomwash|Rotom-Wash|100\/100|[from]move: U-turn\n|move|p2a: Skarmory|Spikes|p1a: rotomwash\n|-sidestart|p1: minimax_ai|Spikes\n|\n|upkeep\n|turn|11\n|\n|t:|1665304074\n|switch|p2a: Excadrill|Excadrill, M|100\/100\n|-ability|p2a: Excadrill|Mold Breaker\n|move|p1a: rotomwash|Thunderbolt|p2a: Excadrill\n|-immune|p2a: Excadrill\n|\n|upkeep\n|turn|12\n|\n|t:|1665304076\n|switch|p1a: landorustherian|Landorus-Therian, M|84\/100\n|-ability|p1a: landorustherian|Intimidate|boost\n|-unboost|p2a: Excadrill|atk|1\n|move|p2a: Excadrill|Earthquake|p1a: landorustherian\n|-immune|p1a: landorustherian\n|\n|-heal|p1a: landorustherian|90\/100|[from] item: Leftovers\n|upkeep\n|turn|13\n|\n|t:|1665304078\n|switch|p2a: Skarmory|Skarmory, M|94\/100\n|move|p1a: landorustherian|Defog|p2a: Skarmory\n|-unboost|p2a: Skarmory|evasion|1\n|-sideend|p1: minimax_ai|Spikes|[from] move: Defog|[of] p1a: landorustherian\n|\n|-heal|p1a: landorustherian|96\/100|[from] item: Leftovers\n|upkeep\n|turn|14\n|\n|t:|1665304079\n|move|p1a: landorustherian|U-turn|p2a: Skarmory\n|-resisted|p2a: Skarmory\n|-damage|p2a: Skarmory|91\/100\n|-damage|p1a: landorustherian|80\/100|[from] item: Rocky Helmet|[of] p2a: Skarmory\n|\n|t:|1665304079\n|switch|p1a: rotomwash|Rotom-Wash|100\/100|[from]move: U-turn\n|move|p2a: Skarmory|Spikes|p1a: rotomwash\n|-sidestart|p1: minimax_ai|Spikes\n|\n|upkeep\n|turn|15\n|\n|t:|1665304081\n|switch|p1a: landorustherian|Landorus-Therian, M|80\/100\n|-ability|p1a: landorustherian|Intimidate|boost\n|-unboost|p2a: Skarmory|atk|1\n|switch|p2a: Excadrill|Excadrill, M|100\/100\n|-ability|p2a: Excadrill|Mold Breaker\n|\n|-heal|p1a: landorustherian|86\/100|[from] item: Leftovers\n|upkeep\n|turn|16\n|\n|t:|1665304082\n|switch|p2a: Skarmory|Skarmory, M|91\/100\n|move|p1a: landorustherian|Earthquake|p2a: Skarmory\n|-immune|p2a: Skarmory\n|\n|-heal|p1a: landorustherian|92\/100|[from] item: Leftovers\n|upkeep\n|turn|17\n|\n|t:|1665304084\n|move|p1a: landorustherian|Defog|p2a: Skarmory\n|-unboost|p2a: Skarmory|evasion|1\n|-sideend|p1: minimax_ai|Spikes|[from] move: Defog|[of] p1a: landorustherian\n|move|p2a: Skarmory|Spikes|p1a: landorustherian\n|-sidestart|p1: minimax_ai|Spikes\n|\n|-heal|p1a: landorustherian|98\/100|[from] item: Leftovers\n|upkeep\n|turn|18\n|\n|t:|1665304085\n|move|p1a: landorustherian|Defog|p2a: Skarmory\n|-unboost|p2a: Skarmory|evasion|1\n|-sideend|p1: minimax_ai|Spikes|[from] move: Defog|[of] p1a: landorustherian\n|move|p2a: Skarmory|Spikes|p1a: landorustherian\n|-sidestart|p1: minimax_ai|Spikes\n|\n|-heal|p1a: landorustherian|100\/100|[from] item: Leftovers\n|upkeep\n|turn|19\n|\n|t:|1665304088\n|move|p1a: landorustherian|Defog|p2a: Skarmory\n|-unboost|p2a: Skarmory|evasion|1\n|-sideend|p1: minimax_ai|Spikes|[from] move: Defog|[of] p1a: landorustherian\n|move|p2a: Skarmory|Spikes|p1a: landorustherian\n|-sidestart|p1: minimax_ai|Spikes\n|\n|upkeep\n|turn|20\n|\n|t:|1665304089\n|move|p1a: landorustherian|Defog|p2a: Skarmory\n|-unboost|p2a: Skarmory|evasion|1\n|-sideend|p1: minimax_ai|Spikes|[from] move: Defog|[of] p1a: landorustherian\n|move|p2a: Skarmory|Spikes|p1a: landorustherian\n|-sidestart|p1: minimax_ai|Spikes\n|\n|upkeep\n|turn|21\n|\n|t:|1665304090\n|move|p1a: landorustherian|Defog|p2a: Skarmory\n|-unboost|p2a: Skarmory|evasion|1\n|-sideend|p1: minimax_ai|Spikes|[from] move: Defog|[of] p1a: landorustherian\n|move|p2a: Skarmory|Spikes|p1a: landorustherian\n|-sidestart|p1: minimax_ai|Spikes\n|\n|upkeep\n|turn|22\n|\n|t:|1665304091\n|move|p1a: landorustherian|U-turn|p2a: Skarmory\n|-resisted|p2a: Skarmory\n|-damage|p2a: Skarmory|87\/100\n|-damage|p1a: landorustherian|84\/100|[from] item: Rocky Helmet|[of] p2a: Skarmory\n|\n|t:|1665304091\n|switch|p1a: rotomwash|Rotom-Wash|100\/100|[from]move: U-turn\n|move|p2a: Skarmory|Spikes|p1a: rotomwash\n|-sidestart|p1: minimax_ai|Spikes\n|\n|upkeep\n|turn|23\n|\n|t:|1665304092\n|switch|p2a: Excadrill|Excadrill, M|100\/100\n|-ability|p2a: Excadrill|Mold Breaker\n|move|p1a: rotomwash|Thunderbolt|p2a: Excadrill\n|-immune|p2a: Excadrill\n|\n|upkeep\n|turn|24\n|\n|t:|1665304094\n|switch|p1a: landorustherian|Landorus-Therian, M|84\/100\n|-ability|p1a: landorustherian|Intimidate|boost\n|-unboost|p2a: Excadrill|atk|1\n|move|p2a: Excadrill|Toxic|p1a: landorustherian\n|-status|p1a: landorustherian|tox\n|\n|-heal|p1a: landorustherian|90\/100 tox|[from] item: Leftovers\n|-damage|p1a: landorustherian|84\/100 tox|[from] psn\n|upkeep\n|turn|25\n|\n|t:|1665304095\n|switch|p2a: Skarmory|Skarmory, M|87\/100\n|move|p1a: landorustherian|Defog|p2a: Skarmory\n|-unboost|p2a: Skarmory|evasion|1\n|-sideend|p1: minimax_ai|Spikes|[from] move: Defog|[of] p1a: landorustherian\n|\n|-heal|p1a: landorustherian|90\/100 tox|[from] item: Leftovers\n|-damage|p1a: landorustherian|78\/100 tox|[from] psn\n|upkeep\n|turn|26\n|\n|t:|1665304097\n|move|p1a: landorustherian|U-turn|p2a: Skarmory\n|-resisted|p2a: Skarmory\n|-damage|p2a: Skarmory|84\/100\n|-damage|p1a: landorustherian|61\/100 tox|[from] item: Rocky Helmet|[of] p2a: Skarmory\n|\n|t:|1665304097\n|switch|p1a: rotomwash|Rotom-Wash|100\/100|[from]move: U-turn\n|move|p2a: Skarmory|Spikes|p1a: rotomwash\n|-sidestart|p1: minimax_ai|Spikes\n|\n|upkeep\n|turn|27\n|\n|t:|1665304098\n|switch|p2a: Excadrill|Excadrill, M|100\/100\n|-ability|p2a: Excadrill|Mold Breaker\n|move|p1a: rotomwash|Thunderbolt|p2a: Excadrill\n|-immune|p2a: Excadrill\n|\n|upkeep\n|turn|28\n|\n|t:|1665304102\n|switch|p1a: landorustherian|Landorus-Therian, M|61\/100 tox\n|-ability|p1a: landorustherian|Intimidate|boost\n|-unboost|p2a: Excadrill|atk|1\n|move|p2a: Excadrill|Stealth Rock|p1a: landorustherian\n|-sidestart|p1: minimax_ai|move: Stealth Rock\n|\n|-heal|p1a: landorustherian|67\/100 tox|[from] item: Leftovers\n|-damage|p1a: landorustherian|61\/100 tox|[from] psn\n|upkeep\n|turn|29\n|\n|t:|1665304105\n|switch|p2a: Skarmory|Skarmory, M|84\/100\n|move|p1a: landorustherian|Defog|p2a: Skarmory\n|-unboost|p2a: Skarmory|evasion|1\n|-sideend|p1: minimax_ai|Spikes|[from] move: Defog|[of] p1a: landorustherian\n|-sideend|p1: minimax_ai|Stealth Rock|[from] move: Defog|[of] p1a: landorustherian\n|\n|-heal|p1a: landorustherian|67\/100 tox|[from] item: Leftovers\n|-damage|p1a: landorustherian|55\/100 tox|[from] psn\n|upkeep\n|turn|30\n|\n|t:|1665304107\n|move|p1a: landorustherian|U-turn|p2a: Skarmory\n|-resisted|p2a: Skarmory\n|-damage|p2a: Skarmory|81\/100\n|-damage|p1a: landorustherian|39\/100 tox|[from] item: Rocky Helmet|[of] p2a: Skarmory\n|\n|t:|1665304107\n|switch|p1a: rotomwash|Rotom-Wash|100\/100|[from]move: U-turn\n|move|p2a: Skarmory|Spikes|p1a: rotomwash\n|-sidestart|p1: minimax_ai|Spikes\n|\n|upkeep\n|turn|31\n|\n|t:|1665304109\n|switch|p2a: Excadrill|Excadrill, M|100\/100\n|-ability|p2a: Excadrill|Mold Breaker\n|move|p1a: rotomwash|Thunderbolt|p2a: Excadrill\n|-immune|p2a: Excadrill\n|\n|upkeep\n|turn|32\n|\n|t:|1665304111\n|switch|p1a: Tangrowth|Tangrowth, F|100\/100\n|-damage|p1a: Tangrowth|88\/100|[from] Spikes\n|move|p2a: Excadrill|Stealth Rock|p1a: Tangrowth\n|-sidestart|p1: minimax_ai|move: Stealth Rock\n|\n|upkeep\n|turn|33\n|\n|t:|1665304113\n|move|p2a: Excadrill|Toxic|p1a: Tangrowth|[miss]\n|-miss|p2a: Excadrill|p1a: Tangrowth\n|move|p1a: Tangrowth|Giga Drain|p2a: Excadrill\n|-damage|p2a: Excadrill|74\/100\n|-heal|p1a: Tangrowth|99\/100|[from] drain|[of] p2a: Excadrill\n|\n|-heal|p2a: Excadrill|81\/100|[from] item: Leftovers\n|upkeep\n|turn|34\n|\n|t:|1665304115\n|move|p2a: Excadrill|Toxic|p1a: Tangrowth\n|-status|p1a: Tangrowth|tox\n|move|p1a: Tangrowth|Focus Blast|p2a: Excadrill\n|-supereffective|p2a: Excadrill\n|-damage|p2a: Excadrill|20\/100\n|\n|-heal|p2a: Excadrill|26\/100|[from] item: Leftovers\n|-damage|p1a: Tangrowth|94\/100 tox|[from] psn\n|upkeep\n|turn|35\n|\n|t:|1665304117\n|switch|p2a: Skarmory|Skarmory, M|81\/100\n|move|p1a: Tangrowth|Giga Drain|p2a: Skarmory\n|-resisted|p2a: Skarmory\n|-damage|p2a: Skarmory|71\/100\n|-heal|p1a: Tangrowth|98\/100 tox|[from] drain|[of] p2a: Skarmory\n|\n|-damage|p1a: Tangrowth|85\/100 tox|[from] psn\n|upkeep\n|turn|36\n|\n|t:|1665304120\n|switch|p1a: landorustherian|Landorus-Therian, M|39\/100 tox\n|-damage|p1a: landorustherian|26\/100 tox|[from] Stealth Rock\n|-ability|p1a: landorustherian|Intimidate|boost\n|-unboost|p2a: Skarmory|atk|1\n|move|p2a: Skarmory|Roost|p2a: Skarmory\n|-heal|p2a: Skarmory|100\/100\n|-singleturn|p2a: Skarmory|move: Roost\n|\n|-heal|p1a: landorustherian|33\/100 tox|[from] item: Leftovers\n|-damage|p1a: landorustherian|26\/100 tox|[from] psn\n|upkeep\n|turn|37\n|\n|t:|1665304122\n|move|p1a: landorustherian|Defog|p2a: Skarmory\n|-unboost|p2a: Skarmory|evasion|1\n|-sideend|p1: minimax_ai|Spikes|[from] move: Defog|[of] p1a: landorustherian\n|-sideend|p1: minimax_ai|Stealth Rock|[from] move: Defog|[of] p1a: landorustherian\n|move|p2a: Skarmory|Spikes|p1a: landorustherian\n|-sidestart|p1: minimax_ai|Spikes\n|\n|-heal|p1a: landorustherian|33\/100 tox|[from] item: Leftovers\n|-damage|p1a: landorustherian|20\/100 tox|[from] psn\n|upkeep\n|turn|38\n|\n|t:|1665304123\n|move|p1a: landorustherian|U-turn|p2a: Skarmory\n|-resisted|p2a: Skarmory\n|-damage|p2a: Skarmory|97\/100\n|-damage|p1a: landorustherian|4\/100 tox|[from] item: Rocky Helmet|[of] p2a: Skarmory\n|\n|t:|1665304123\n|switch|p1a: rotomwash|Rotom-Wash|100\/100|[from]move: U-turn\n|move|p2a: Skarmory|Spikes|p1a: rotomwash\n|-sidestart|p1: minimax_ai|Spikes\n|\n|upkeep\n|turn|39\n|\n|t:|1665304125\n|switch|p2a: Excadrill|Excadrill, M|26\/100\n|-ability|p2a: Excadrill|Mold Breaker\n|move|p1a: rotomwash|Hydro Pump|p2a: Excadrill\n|-supereffective|p2a: Excadrill\n|-damage|p2a: Excadrill|0 fnt\n|faint|p2a: Excadrill\n|\n|upkeep\n|\n|t:|1665304129\n|switch|p2a: Pangoro|Pangoro, M|100\/100\n|turn|40\n|\n|t:|1665304135\n|switch|p1a: landorustherian|Landorus-Therian, M|4\/100 tox\n|-ability|p1a: landorustherian|Intimidate|boost\n|-fail|p2a: Pangoro|unboost|Attack|[from] ability: Scrappy|[of] p2a: Pangoro\n|move|p2a: Pangoro|Close Combat|p1a: landorustherian\n|-resisted|p1a: landorustherian\n|-damage|p1a: landorustherian|0 fnt\n|-unboost|p2a: Pangoro|def|1\n|-unboost|p2a: Pangoro|spd|1\n|faint|p1a: landorustherian\n|\n|upkeep\n|\n|t:|1665304135\n|switch|p1a: Heatran|Heatran, M|100\/100\n|-item|p1a: Heatran|Air Balloon\n|turn|41\n|\n|t:|1665304141\n|move|p1a: Heatran|Magma Storm|p2a: Pangoro|[miss]\n|-miss|p1a: Heatran|p2a: Pangoro\n|move|p2a: Pangoro|Close Combat|p1a: Heatran\n|-supereffective|p1a: Heatran\n|-damage|p1a: Heatran|0 fnt\n|-unboost|p2a: Pangoro|def|1\n|-unboost|p2a: Pangoro|spd|1\n|-enditem|p1a: Heatran|Air Balloon\n|faint|p1a: Heatran\n|\n|upkeep\n|\n|t:|1665304141\n|switch|p1a: rotomwash|Rotom-Wash|100\/100\n|turn|42\n|\n|t:|1665304142\n|move|p1a: rotomwash|Hydro Pump|p2a: Pangoro\n|-damage|p2a: Pangoro|0 fnt\n|faint|p2a: Pangoro\n|\n|upkeep\n|\n|t:|1665304146\n|switch|p2a: Dusknoir|Dusknoir, F|100\/100\n|-item|p1a: rotomwash|Leftovers|[from] ability: Frisk|[of] p2a: Dusknoir|[identify]\n|turn|43\n|\n|t:|1665304149\n|move|p1a: rotomwash|Nasty Plot|p1a: rotomwash\n|-boost|p1a: rotomwash|spa|2\n|move|p2a: Dusknoir|Poltergeist|p1a: rotomwash\n|-activate|p1a: rotomwash|move: Poltergeist|Leftovers\n|-damage|p1a: rotomwash|40\/100\n|\n|-heal|p1a: rotomwash|46\/100|[from] item: Leftovers\n|upkeep\n|turn|44\n|\n|t:|1665304154\n|move|p1a: rotomwash|Pain Split|p2a: Dusknoir\n|-sethp|p2a: Dusknoir|75\/100|[from] move: Pain Split|[silent]\n|-sethp|p1a: rotomwash|71\/100|[from] move: Pain Split\n|move|p2a: Dusknoir|Poltergeist|p1a: rotomwash\n|-activate|p1a: rotomwash|move: Poltergeist|Leftovers\n|-damage|p1a: rotomwash|15\/100\n|\n|-heal|p1a: rotomwash|21\/100|[from] item: Leftovers\n|upkeep\n|turn|45\n|\n|t:|1665304162\n|move|p2a: Dusknoir|Shadow Sneak|p1a: rotomwash\n|-damage|p1a: rotomwash|0 fnt\n|faint|p1a: rotomwash\n|\n|upkeep\n|\n|t:|1665304162\n|switch|p1a: Weavile|Weavile, F|100\/100\n|-damage|p1a: Weavile|84\/100|[from] Spikes\n|-ability|p1a: Weavile|Pressure\n|turn|46\n|\n|t:|1665304166\n|switch|p2a: Skarmory|Skarmory, M|97\/100\n|move|p1a: Weavile|Knock Off|p2a: Skarmory\n|-damage|p2a: Skarmory|53\/100\n|-damage|p1a: Weavile|68\/100|[from] item: Rocky Helmet|[of] p2a: Skarmory\n|-enditem|p2a: Skarmory|Rocky Helmet|[from] move: Knock Off|[of] p1a: Weavile\n|\n|upkeep\n|turn|47\n|\n|t:|1665304168\n|switch|p1a: Tangrowth|Tangrowth, F|100\/100 tox\n|-damage|p1a: Tangrowth|84\/100 tox|[from] Spikes\n|move|p2a: Skarmory|Roost|p2a: Skarmory\n|-heal|p2a: Skarmory|100\/100\n|-singleturn|p2a: Skarmory|move: Roost\n|\n|-damage|p1a: Tangrowth|78\/100 tox|[from] psn\n|upkeep\n|turn|48\n|\n|t:|1665304172\n|switch|p2a: Dusknoir|Dusknoir, F|75\/100\n|-item|p1a: Tangrowth|Rocky Helmet|[from] ability: Frisk|[of] p2a: Dusknoir|[identify]\n|move|p1a: Tangrowth|Sleep Powder|p2a: Dusknoir\n|-status|p2a: Dusknoir|slp|[from] move: Sleep Powder\n|\n|-damage|p1a: Tangrowth|65\/100 tox|[from] psn\n|upkeep\n|turn|49\n|\n|t:|1665304176\n|switch|p1a: Melmetal|Melmetal|100\/100\n|-damage|p1a: Melmetal|84\/100|[from] Spikes\n|cant|p2a: Dusknoir|slp\n|\n|upkeep\n|turn|50\n|\n|t:|1665304179\n|switch|p2a: Skarmory|Skarmory, M|100\/100\n|move|p1a: Melmetal|Ice Punch|p2a: Skarmory\n|-damage|p2a: Skarmory|81\/100\n|\n|upkeep\n|turn|51\n|\n|t:|1665304181\n|move|p2a: Skarmory|Iron Defense|p2a: Skarmory\n|-boost|p2a: Skarmory|def|2\n|move|p1a: Melmetal|Thunder Punch|p2a: Skarmory\n|-supereffective|p2a: Skarmory\n|-damage|p2a: Skarmory|60\/100\n|\n|upkeep\n|turn|52\n|\n|t:|1665304182\n|switch|p1a: Tangrowth|Tangrowth, F|99\/100 tox\n|-damage|p1a: Tangrowth|82\/100 tox|[from] Spikes\n|move|p2a: Skarmory|Body Press|p1a: Tangrowth\n|-damage|p1a: Tangrowth|48\/100 tox\n|-damage|p2a: Skarmory|44\/100|[from] item: Rocky Helmet|[of] p1a: Tangrowth\n|\n|-damage|p1a: Tangrowth|42\/100 tox|[from] psn\n|upkeep\n|turn|53\n|\n|t:|1665304184\n|switch|p2a: Dusknoir|Dusknoir, F|75\/100 slp\n|-item|p1a: Tangrowth|Rocky Helmet|[from] ability: Frisk|[of] p2a: Dusknoir|[identify]\n|move|p1a: Tangrowth|Focus Blast|p2a: Dusknoir\n|-immune|p2a: Dusknoir\n|\n|-damage|p1a: Tangrowth|30\/100 tox|[from] psn\n|upkeep\n|turn|54\n|\n|t:|1665304187\n|switch|p1a: Melmetal|Melmetal|84\/100\n|-damage|p1a: Melmetal|67\/100|[from] Spikes\n|cant|p2a: Dusknoir|slp\n|\n|upkeep\n|turn|55\n|j| Ran Kob\n|\n|t:|1665304193\n|switch|p2a: Landorus|Landorus-Therian, M|100\/100\n|-ability|p2a: Landorus|Intimidate|boost\n|-unboost|p1a: Melmetal|atk|1\n|move|p1a: Melmetal|Ice Punch|p2a: Landorus\n|-supereffective|p2a: Landorus\n|-damage|p2a: Landorus|0 fnt\n|faint|p2a: Landorus\n|\n|upkeep\n|\n|t:|1665304197\n|switch|p2a: Skarmory|Skarmory, M|44\/100\n|turn|56\n|\n|t:|1665304200\n|move|p2a: Skarmory|Roost|p2a: Skarmory\n|-heal|p2a: Skarmory|94\/100\n|-singleturn|p2a: Skarmory|move: Roost\n|move|p1a: Melmetal|Thunder Punch|p2a: Skarmory\n|-crit|p2a: Skarmory\n|-damage|p2a: Skarmory|63\/100\n|\n|upkeep\n|turn|57\n|\n|t:|1665304203\n|move|p2a: Skarmory|Iron Defense|p2a: Skarmory\n|-boost|p2a: Skarmory|def|2\n|move|p1a: Melmetal|Thunder Punch|p2a: Skarmory\n|-supereffective|p2a: Skarmory\n|-damage|p2a: Skarmory|50\/100\n|\n|upkeep\n|turn|58\n|\n|t:|1665304204\n|switch|p1a: Tangrowth|Tangrowth, F|63\/100 tox\n|-damage|p1a: Tangrowth|46\/100 tox|[from] Spikes\n|move|p2a: Skarmory|Roost|p2a: Skarmory\n|-heal|p2a: Skarmory|99\/100\n|-singleturn|p2a: Skarmory|move: Roost\n|\n|-damage|p1a: Tangrowth|40\/100 tox|[from] psn\n|upkeep\n|turn|59\n|\n|t:|1665304209\n|move|p2a: Skarmory|Body Press|p1a: Tangrowth\n|-damage|p1a: Tangrowth|4\/100 tox\n|-damage|p2a: Skarmory|83\/100|[from] item: Rocky Helmet|[of] p1a: Tangrowth\n|move|p1a: Tangrowth|Focus Blast|p2a: Skarmory|[miss]\n|-miss|p1a: Tangrowth|p2a: Skarmory\n|\n|-damage|p1a: Tangrowth|0 fnt|[from] psn\n|faint|p1a: Tangrowth\n|upkeep\n|\n|t:|1665304209\n|switch|p1a: Weavile|Weavile, F|68\/100\n|-damage|p1a: Weavile|51\/100|[from] Spikes\n|-ability|p1a: Weavile|Pressure\n|turn|60\n|\n|t:|1665304212\n|move|p1a: Weavile|Triple Axel|p2a: Skarmory\n|-damage|p2a: Skarmory|78\/100\n|-damage|p2a: Skarmory|70\/100\n|-damage|p2a: Skarmory|56\/100\n|-hitcount|p2a: Skarmory|3\n|move|p2a: Skarmory|Body Press|p1a: Weavile\n|-supereffective|p1a: Weavile\n|-damage|p1a: Weavile|0 fnt\n|faint|p1a: Weavile\n|\n|upkeep\n|\n|t:|1665304212\n|switch|p1a: Melmetal|Melmetal|67\/100\n|-damage|p1a: Melmetal|51\/100|[from] Spikes\n|turn|61\n|\n|t:|1665304213\n|move|p2a: Skarmory|Body Press|p1a: Melmetal\n|-supereffective|p1a: Melmetal\n|-damage|p1a: Melmetal|0 fnt\n|faint|p1a: Melmetal\n|\n|win|smoglin doglin\n|raw|minimax_ai's rating: 1509 &rarr; <strong>1496<\/strong><br \/>(-13 for losing)\n|raw|smoglin doglin's rating: 1639 &rarr; <strong>1652<\/strong><br \/>(+13 for winning)\n|c|\u2606minimax_ai|gg\n","uploadtime":1665304215,"views":28,"p1id":"minimaxai","p2id":"smoglindoglin","formatid":"gen8ou","rating":1496,"private":0,"password":null}