{"id":"gen8bdspmonotype-1476807079","p1":"gaijineagle","p2":"MurderousMantyke","format":"gen8bdspmonotype","log":"|j|\u2606gaijineagle\n|j|\u2606MurderousMantyke\n|t:|1640006542\n|gametype|singles\n|player|p1|gaijineagle|169|\n|player|p2|MurderousMantyke|brock-gen3|\n|teamsize|p1|6\n|teamsize|p2|6\n|gen|8\n|tier|[Gen 8 BDSP] Monotype\n|rule|Sleep Clause Mod: Limit one foe put to sleep\n|rule|Species Clause: Limit one of each Pok\u00e9mon\n|rule|OHKO Clause: OHKO moves are banned\n|rule|Evasion Moves Clause: Evasion moves are banned\n|rule|Endless Battle Clause: Forcing endless battles is banned\n|rule|HP Percentage Mod: HP is shown in percentages\n|rule|Same Type Clause: Pok\u00e9mon in a team must share a type\n|clearpoke\n|poke|p1|Bronzong|\n|poke|p1|Cresselia, F|\n|poke|p1|Exeggutor, F|\n|poke|p1|Slowbro, F|\n|poke|p1|Medicham, M|\n|poke|p1|Metagross|\n|poke|p2|Pelipper, F|\n|poke|p2|Kingdra, F|\n|poke|p2|Sharpedo, F|\n|poke|p2|Gyarados, M|\n|poke|p2|Manaphy|\n|poke|p2|Swampert, M|\n|teampreview\n|inactive|Battle timer is ON: inactive players will automatically lose when time's up. (requested by MurderousMantyke)\n|c|\u2606MurderousMantyke|glhf\n|c|\u2606gaijineagle|u2 bro\n|\n|t:|1640006565\n|start\n|switch|p1a: Bronzong|Bronzong|100\/100\n|switch|p2a: Sharpedo|Sharpedo, F|100\/100\n|turn|1\n|\n|t:|1640006578\n|move|p2a: Sharpedo|Crunch|p1a: Bronzong\n|-supereffective|p1a: Bronzong\n|-crit|p1a: Bronzong\n|-damage|p1a: Bronzong|0 fnt\n|faint|p1a: Bronzong\n|-damage|p2a: Sharpedo|91\/100|[from] item: Life Orb\n|\n|-ability|p2a: Sharpedo|Speed Boost|boost\n|-boost|p2a: Sharpedo|spe|1\n|upkeep\n|\n|t:|1640006587\n|switch|p1a: Cresselia|Cresselia, F|100\/100\n|turn|2\n|c|\u2606MurderousMantyke|sry for the wait, was eating a bagel\n|\n|t:|1640006592\n|move|p2a: Sharpedo|Crunch|p1a: Cresselia\n|-supereffective|p1a: Cresselia\n|-enditem|p1a: Cresselia|Colbur Berry|[eat]\n|-enditem|p1a: Cresselia|Colbur Berry|[weaken]\n|-damage|p1a: Cresselia|72\/100\n|-damage|p2a: Sharpedo|81\/100|[from] item: Life Orb\n|move|p1a: Cresselia|Trick Room|p1a: Cresselia\n|-fieldstart|move: Trick Room|[of] p1a: Cresselia\n|\n|-ability|p2a: Sharpedo|Speed Boost|boost\n|-boost|p2a: Sharpedo|spe|1\n|upkeep\n|turn|3\n|c|\u2606gaijineagle|no worries\n|\n|t:|1640006621\n|switch|p1a: Exeggutor|Exeggutor, F|100\/100\n|switch|p2a: Swampert|Swampert, M|100\/100\n|\n|upkeep\n|turn|4\n|\n|t:|1640006624\n|move|p1a: Exeggutor|Giga Drain|p2a: Swampert\n|-supereffective|p2a: Swampert\n|-damage|p2a: Swampert|0 fnt\n|faint|p2a: Swampert\n|\n|upkeep\n|inactive|MurderousMantyke has 270 seconds left.\n|\n|t:|1640006664\n|switch|p2a: Gyarados|Gyarados, M|100\/100\n|-ability|p2a: Gyarados|Intimidate|boost\n|-unboost|p1a: Exeggutor|atk|1\n|turn|5\n|inactive|MurderousMantyke has 270 seconds left.\n|\n|t:|1640006676\n|move|p1a: Exeggutor|Psychic|p2a: Gyarados\n|-damage|p2a: Gyarados|48\/100\n|move|p2a: Gyarados|Substitute|p2a: Gyarados\n|-start|p2a: Gyarados|Substitute\n|-damage|p2a: Gyarados|23\/100\n|\n|-heal|p2a: Gyarados|29\/100|[from] item: Leftovers\n|upkeep\n|turn|6\n|inactive|MurderousMantyke has 270 seconds left.\n|\n|t:|1640006684\n|move|p1a: Exeggutor|Psychic|p2a: Gyarados\n|-end|p2a: Gyarados|Substitute\n|move|p2a: Gyarados|Substitute|p2a: Gyarados\n|-start|p2a: Gyarados|Substitute\n|-damage|p2a: Gyarados|4\/100\n|\n|-heal|p2a: Gyarados|10\/100|[from] item: Leftovers\n|-fieldend|move: Trick Room\n|upkeep\n|turn|7\n|\n|t:|1640006690\n|move|p2a: Gyarados|Waterfall|p1a: Exeggutor\n|-resisted|p1a: Exeggutor\n|-damage|p1a: Exeggutor|82\/100\n|move|p1a: Exeggutor|Psychic|p2a: Gyarados\n|-end|p2a: Gyarados|Substitute\n|\n|-heal|p2a: Gyarados|16\/100|[from] item: Leftovers\n|upkeep\n|turn|8\n|\n|t:|1640006695\n|move|p2a: Gyarados|Waterfall|p1a: Exeggutor\n|-resisted|p1a: Exeggutor\n|-damage|p1a: Exeggutor|63\/100\n|move|p1a: Exeggutor|Giga Drain|p2a: Gyarados\n|-damage|p2a: Gyarados|0 fnt\n|-heal|p1a: Exeggutor|71\/100|[from] drain|[of] p2a: Gyarados\n|faint|p2a: Gyarados\n|\n|upkeep\n|\n|t:|1640006707\n|switch|p2a: Sharpedo|Sharpedo, F|81\/100\n|turn|9\n|\n|t:|1640006722\n|switch|p1a: Slowbro|Slowbro, F|100\/100\n|move|p2a: Sharpedo|Crunch|p1a: Slowbro\n|-supereffective|p1a: Slowbro\n|-damage|p1a: Slowbro|10\/100\n|-unboost|p1a: Slowbro|def|1\n|-damage|p2a: Sharpedo|71\/100|[from] item: Life Orb\n|\n|-ability|p2a: Sharpedo|Speed Boost|boost\n|-boost|p2a: Sharpedo|spe|1\n|upkeep\n|turn|10\n|\n|t:|1640006727\n|move|p2a: Sharpedo|Crunch|p1a: Slowbro\n|-supereffective|p1a: Slowbro\n|-damage|p1a: Slowbro|0 fnt\n|faint|p1a: Slowbro\n|-damage|p2a: Sharpedo|61\/100|[from] item: Life Orb\n|\n|-ability|p2a: Sharpedo|Speed Boost|boost\n|-boost|p2a: Sharpedo|spe|1\n|upkeep\n|\n|t:|1640006729\n|switch|p1a: Cresselia|Cresselia, F|72\/100\n|turn|11\n|\n|t:|1640006731\n|move|p2a: Sharpedo|Crunch|p1a: Cresselia\n|-supereffective|p1a: Cresselia\n|-damage|p1a: Cresselia|18\/100\n|-damage|p2a: Sharpedo|51\/100|[from] item: Life Orb\n|move|p1a: Cresselia|Trick Room|p1a: Cresselia\n|-fieldstart|move: Trick Room|[of] p1a: Cresselia\n|\n|-ability|p2a: Sharpedo|Speed Boost|boost\n|-boost|p2a: Sharpedo|spe|1\n|upkeep\n|turn|12\n|\n|t:|1640006737\n|move|p2a: Sharpedo|Protect|p2a: Sharpedo\n|-singleturn|p2a: Sharpedo|Protect\n|move|p1a: Cresselia|Lunar Dance|p1a: Cresselia\n|faint|p1a: Cresselia\n|\n|-ability|p2a: Sharpedo|Speed Boost|boost\n|-boost|p2a: Sharpedo|spe|1\n|upkeep\n|\n|t:|1640006739\n|switch|p1a: Exeggutor|Exeggutor, F|71\/100\n|-heal|p1a: Exeggutor|100\/100|[from] move: Lunar Dance\n|turn|13\n|\n|t:|1640006760\n|switch|p2a: Manaphy|Manaphy|100\/100\n|move|p1a: Exeggutor|Giga Drain|p2a: Manaphy\n|-supereffective|p2a: Manaphy\n|-damage|p2a: Manaphy|18\/100\n|\n|-heal|p2a: Manaphy|24\/100|[from] item: Leftovers\n|upkeep\n|turn|14\n|\n|t:|1640006764\n|move|p1a: Exeggutor|Giga Drain|p2a: Manaphy\n|-supereffective|p2a: Manaphy\n|-damage|p2a: Manaphy|0 fnt\n|faint|p2a: Manaphy\n|\n|upkeep\n|\n|t:|1640006766\n|switch|p2a: Pelipper|Pelipper, F|100\/100\n|-weather|RainDance|[from] ability: Drizzle|[of] p2a: Pelipper\n|turn|15\n|\n|t:|1640006776\n|move|p1a: Exeggutor|Sleep Powder|p2a: Pelipper\n|-status|p2a: Pelipper|slp|[from] move: Sleep Powder\n|cant|p2a: Pelipper|slp\n|\n|-weather|RainDance|[upkeep]\n|-fieldend|move: Trick Room\n|upkeep\n|turn|16\n|\n|t:|1640006780\n|cant|p2a: Pelipper|slp\n|move|p1a: Exeggutor|Trick Room|p1a: Exeggutor\n|-fieldstart|move: Trick Room|[of] p1a: Exeggutor\n|\n|-weather|RainDance|[upkeep]\n|upkeep\n|turn|17\n|\n|t:|1640006784\n|move|p1a: Exeggutor|Giga Drain|p2a: Pelipper\n|-damage|p2a: Pelipper|33\/100 slp\n|-curestatus|p2a: Pelipper|slp|[msg]\n|move|p2a: Pelipper|Hurricane|p1a: Exeggutor\n|-supereffective|p1a: Exeggutor\n|-damage|p1a: Exeggutor|0 fnt\n|faint|p1a: Exeggutor\n|\n|-weather|RainDance|[upkeep]\n|upkeep\n|inactive|gaijineagle has 270 seconds left.\n|\n|t:|1640006837\n|switch|p1a: Medicham|Medicham, M|100\/100\n|turn|18\n|\n|t:|1640006844\n|move|p1a: Medicham|Zen Headbutt|p2a: Pelipper\n|-damage|p2a: Pelipper|0 fnt\n|faint|p2a: Pelipper\n|\n|-weather|RainDance|[upkeep]\n|upkeep\n|\n|t:|1640006857\n|switch|p2a: Sharpedo|Sharpedo, F|51\/100\n|turn|19\n|\n|t:|1640006866\n|switch|p1a: Metagross|Metagross|100\/100\n|move|p2a: Sharpedo|Crunch|p1a: Metagross\n|-supereffective|p1a: Metagross\n|-damage|p1a: Metagross|12\/100\n|-damage|p2a: Sharpedo|41\/100|[from] item: Life Orb\n|\n|-weather|none\n|-ability|p2a: Sharpedo|Speed Boost|boost\n|-boost|p2a: Sharpedo|spe|1\n|upkeep\n|turn|20\n|inactive|gaijineagle has 270 seconds left.\n|\n|t:|1640006878\n|move|p2a: Sharpedo|Protect|p2a: Sharpedo\n|-singleturn|p2a: Sharpedo|Protect\n|move|p1a: Metagross|Earthquake|p2a: Sharpedo\n|-activate|p2a: Sharpedo|move: Protect\n|\n|-fieldend|move: Trick Room\n|-ability|p2a: Sharpedo|Speed Boost|boost\n|-boost|p2a: Sharpedo|spe|1\n|upkeep\n|turn|21\n|\n|t:|1640006885\n|move|p2a: Sharpedo|Crunch|p1a: Metagross\n|-supereffective|p1a: Metagross\n|-damage|p1a: Metagross|0 fnt\n|faint|p1a: Metagross\n|-damage|p2a: Sharpedo|31\/100|[from] item: Life Orb\n|\n|-ability|p2a: Sharpedo|Speed Boost|boost\n|-boost|p2a: Sharpedo|spe|1\n|upkeep\n|\n|t:|1640006887\n|switch|p1a: Medicham|Medicham, M|100\/100\n|turn|22\n|\n|t:|1640006894\n|move|p2a: Sharpedo|Destiny Bond|p2a: Sharpedo\n|-singlemove|p2a: Sharpedo|Destiny Bond\n|move|p1a: Medicham|High Jump Kick|p2a: Sharpedo\n|-supereffective|p2a: Sharpedo\n|-damage|p2a: Sharpedo|0 fnt\n|faint|p2a: Sharpedo\n|-activate|p2a: Sharpedo|move: Destiny Bond\n|faint|p1a: Medicham\n|\n|win|MurderousMantyke\n|c|\u2606gaijineagle|gg\n|c|\u2606MurderousMantyke|gg bro\n|c|\u2606MurderousMantyke|yo that was epic\n|c|\u2606gaijineagle|gl in the next ones\n|c|\u2606MurderousMantyke|on the edge of my seat\n|c|\u2606gaijineagle|ha ha, this was a fun team\n|c|\u2606MurderousMantyke|i love the team\n|c|\u2606gaijineagle|just picked it up earlier today\n|c|\u2606gaijineagle|from someone on ladder, he was kind enough to share it\n|c|\u2606MurderousMantyke|never thought i would be scared to death of a coconut tree\n|c|\u2606gaijineagle|ha ha, fr\n|c|\u2606MurderousMantyke|gl to u2\n|c|\u2606gaijineagle|thx bro, u 2\n|c|\u2606gaijineagle|stay safe\n|c|\u2606MurderousMantyke|i preciate you\n","uploadtime":1640006937,"views":220,"p1id":"gaijineagle","p2id":"murderousmantyke","formatid":"gen8bdspmonotype","rating":0,"private":0,"password":null}