{"id":"gen8ubers-1490300108","p1":"tail long","p2":"Ivyon","format":"gen8ubers","log":"|j|\u2606tail long\n|j|\u2606Ivyon\n|t:|1642019035\n|gametype|singles\n|player|p1|tail long|101|1295\n|player|p2|Ivyon|blue|1380\n|teamsize|p1|6\n|teamsize|p2|6\n|gen|8\n|tier|[Gen 8] Ubers\n|rated|\n|rule|Sleep Clause Mod: Limit one foe put to sleep\n|rule|Species Clause: Limit one of each Pok\u00e9mon\n|rule|OHKO Clause: OHKO moves are banned\n|rule|Evasion Moves Clause: Evasion moves are banned\n|rule|Endless Battle Clause: Forcing endless battles is banned\n|rule|HP Percentage Mod: HP is shown in percentages\n|rule|Dynamax Clause: You cannot dynamax\n|clearpoke\n|poke|p1|Lugia|\n|poke|p1|Xerneas-*|\n|poke|p1|Darmanitan-Galar, M|\n|poke|p1|Ferrothorn, F|\n|poke|p1|Regieleki|\n|poke|p1|Reshiram|\n|poke|p2|Sharpedo, M|\n|poke|p2|Dragonite, M|\n|poke|p2|Blaziken, M|\n|poke|p2|Cloyster, M|\n|poke|p2|Espeon, F|\n|poke|p2|Linoone, M|\n|teampreview\n|\n|t:|1642019067\n|start\n|switch|p1a: Ferrothorn|Ferrothorn, F|100\/100\n|switch|p2a: Sharpedo|Sharpedo, M|100\/100\n|turn|1\n|\n|t:|1642019075\n|move|p2a: Sharpedo|Taunt|p1a: Ferrothorn\n|-start|p1a: Ferrothorn|move: Taunt\n|cant|p1a: Ferrothorn|move: Taunt|Leech Seed\n|\n|-ability|p2a: Sharpedo|Speed Boost|boost\n|-boost|p2a: Sharpedo|spe|1\n|upkeep\n|turn|2\n|\n|t:|1642019083\n|switch|p1a: Xerneas|Xerneas|100\/100\n|-ability|p1a: Xerneas|Fairy Aura\n|move|p2a: Sharpedo|Taunt|p1a: Xerneas\n|-start|p1a: Xerneas|move: Taunt\n|\n|-ability|p2a: Sharpedo|Speed Boost|boost\n|-boost|p2a: Sharpedo|spe|1\n|upkeep\n|turn|3\n|\n|t:|1642019093\n|move|p2a: Sharpedo|Crunch|p1a: Xerneas\n|-resisted|p1a: Xerneas\n|-damage|p1a: Xerneas|90\/100\n|move|p1a: Xerneas|Moonblast|p2a: Sharpedo\n|-supereffective|p2a: Sharpedo\n|-enditem|p2a: Sharpedo|Focus Sash\n|-damage|p2a: Sharpedo|1\/100\n|-unboost|p2a: Sharpedo|spa|1\n|\n|-heal|p1a: Xerneas|96\/100|[from] item: Leftovers\n|-ability|p2a: Sharpedo|Speed Boost|boost\n|-boost|p2a: Sharpedo|spe|1\n|upkeep\n|turn|4\n|\n|t:|1642019104\n|move|p2a: Sharpedo|Destiny Bond|p2a: Sharpedo\n|-singlemove|p2a: Sharpedo|Destiny Bond\n|move|p1a: Xerneas|Moonblast|p2a: Sharpedo\n|-supereffective|p2a: Sharpedo\n|-damage|p2a: Sharpedo|0 fnt\n|faint|p2a: Sharpedo\n|-activate|p2a: Sharpedo|move: Destiny Bond\n|faint|p1a: Xerneas\n|\n|upkeep\n|\n|t:|1642019120\n|switch|p2a: Linoone|Linoone, M|100\/100\n|switch|p1a: Darmanitan|Darmanitan-Galar, M|100\/100\n|turn|5\n|\n|t:|1642019129\n|switch|p1a: Ferrothorn|Ferrothorn, F|100\/100\n|move|p2a: Linoone|Substitute|p2a: Linoone\n|-start|p2a: Linoone|Substitute\n|-damage|p2a: Linoone|76\/100\n|\n|upkeep\n|turn|6\n|\n|t:|1642019138\n|move|p2a: Linoone|Belly Drum|p2a: Linoone\n|-damage|p2a: Linoone|26\/100\n|-setboost|p2a: Linoone|atk|6|[from] move: Belly Drum\n|-enditem|p2a: Linoone|Sitrus Berry|[eat]\n|-heal|p2a: Linoone|50\/100|[from] item: Sitrus Berry\n|move|p1a: Ferrothorn|Gyro Ball|p2a: Linoone\n|-end|p2a: Linoone|Substitute\n|\n|upkeep\n|turn|7\n|\n|t:|1642019149\n|move|p2a: Linoone|Substitute|p2a: Linoone\n|-start|p2a: Linoone|Substitute\n|-damage|p2a: Linoone|26\/100\n|move|p1a: Ferrothorn|Gyro Ball|p2a: Linoone\n|-end|p2a: Linoone|Substitute\n|\n|upkeep\n|turn|8\n|\n|t:|1642019161\n|move|p2a: Linoone|Throat Chop|p1a: Ferrothorn\n|-damage|p1a: Ferrothorn|48\/100\n|-start|p1a: Ferrothorn|Throat Chop|[silent]\n|-damage|p2a: Linoone|13\/100|[from] ability: Iron Barbs|[of] p1a: Ferrothorn\n|move|p1a: Ferrothorn|Gyro Ball|p2a: Linoone\n|-damage|p2a: Linoone|0 fnt\n|faint|p2a: Linoone\n|\n|-heal|p1a: Ferrothorn|54\/100|[from] item: Leftovers\n|upkeep\n|\n|t:|1642019169\n|switch|p2a: Cloyster|Cloyster, M|100\/100\n|turn|9\n|\n|t:|1642019181\n|switch|p2a: Espeon|Espeon, F|100\/100\n|move|p1a: Ferrothorn|Leech Seed|p2a: Espeon\n|move|p2a: Espeon|Leech Seed|p1a: Ferrothorn|[from]ability: Magic Bounce\n|-immune|p1a: Ferrothorn\n|\n|-heal|p1a: Ferrothorn|60\/100|[from] item: Leftovers\n|-end|p1a: Ferrothorn|Throat Chop|[silent]\n|upkeep\n|turn|10\n|\n|t:|1642019189\n|move|p2a: Espeon|Yawn|p1a: Ferrothorn\n|-start|p1a: Ferrothorn|move: Yawn|[of] p2a: Espeon\n|move|p1a: Ferrothorn|Gyro Ball|p2a: Espeon\n|-damage|p2a: Espeon|9\/100\n|\n|-heal|p1a: Ferrothorn|67\/100|[from] item: Leftovers\n|upkeep\n|turn|11\n|\n|t:|1642019206\n|move|p2a: Espeon|Future Sight|p1a: Ferrothorn\n|-start|p2a: Espeon|move: Future Sight\n|move|p1a: Ferrothorn|Gyro Ball|p2a: Espeon\n|-damage|p2a: Espeon|0 fnt\n|faint|p2a: Espeon\n|\n|-heal|p1a: Ferrothorn|73\/100|[from] item: Leftovers\n|-end|p1a: Ferrothorn|move: Yawn|[silent]\n|-status|p1a: Ferrothorn|slp\n|upkeep\n|\n|t:|1642019217\n|switch|p2a: Cloyster|Cloyster, M|100\/100\n|turn|12\n|\n|t:|1642019226\n|switch|p1a: Lugia|Lugia|100\/100\n|move|p2a: Cloyster|Shell Smash|p2a: Cloyster\n|-unboost|p2a: Cloyster|def|1\n|-unboost|p2a: Cloyster|spd|1\n|-boost|p2a: Cloyster|atk|2\n|-boost|p2a: Cloyster|spa|2\n|-boost|p2a: Cloyster|spe|2\n|\n|upkeep\n|turn|13\n|\n|t:|1642019241\n|move|p2a: Cloyster|Icicle Spear|p1a: Lugia\n|-supereffective|p1a: Lugia\n|-damage|p1a: Lugia|87\/100\n|-supereffective|p1a: Lugia\n|-damage|p1a: Lugia|64\/100\n|-supereffective|p1a: Lugia\n|-damage|p1a: Lugia|41\/100\n|-supereffective|p1a: Lugia\n|-damage|p1a: Lugia|18\/100\n|-supereffective|p1a: Lugia\n|-damage|p1a: Lugia|0 fnt\n|faint|p1a: Lugia\n|-hitcount|p1: Lugia|5\n|\n|-hint|Future Sight did not hit because the target is fainted.\n|upkeep\n|\n|t:|1642019254\n|switch|p1a: Regieleki|Regieleki|100\/100\n|turn|14\n|\n|t:|1642019264\n|move|p1a: Regieleki|Volt Switch|p2a: Cloyster\n|-supereffective|p2a: Cloyster\n|-enditem|p2a: Cloyster|Focus Sash\n|-damage|p2a: Cloyster|1\/100\n|-damage|p1a: Regieleki|91\/100|[from] item: Life Orb\n|\n|t:|1642019276\n|switch|p1a: Reshiram|Reshiram|100\/100|[from]move: Volt Switch\n|-ability|p1a: Reshiram|Turboblaze\n|move|p2a: Cloyster|Shell Smash|p2a: Cloyster\n|-unboost|p2a: Cloyster|def|1\n|-unboost|p2a: Cloyster|spd|1\n|-boost|p2a: Cloyster|atk|2\n|-boost|p2a: Cloyster|spa|2\n|-boost|p2a: Cloyster|spe|2\n|\n|upkeep\n|turn|15\n|\n|t:|1642019291\n|move|p2a: Cloyster|Rock Blast|p1a: Reshiram\n|-supereffective|p1a: Reshiram\n|-damage|p1a: Reshiram|57\/100\n|-supereffective|p1a: Reshiram\n|-damage|p1a: Reshiram|7\/100\n|-supereffective|p1a: Reshiram\n|-damage|p1a: Reshiram|0 fnt\n|faint|p1a: Reshiram\n|-hitcount|p1: Reshiram|3\n|\n|upkeep\n|\n|t:|1642019303\n|switch|p1a: Ferrothorn|Ferrothorn, F|73\/100 slp\n|turn|16\n|\n|t:|1642019307\n|move|p2a: Cloyster|Icicle Spear|p1a: Ferrothorn\n|-damage|p1a: Ferrothorn|48\/100 slp\n|-damage|p1a: Ferrothorn|20\/100 slp\n|-damage|p1a: Ferrothorn|0 fnt\n|faint|p1a: Ferrothorn\n|-hitcount|p1: Ferrothorn|3\n|\n|upkeep\n|\n|t:|1642019312\n|switch|p1a: Regieleki|Regieleki|91\/100\n|turn|17\n|\n|t:|1642019317\n|move|p2a: Cloyster|Icicle Spear|p1a: Regieleki\n|-damage|p1a: Regieleki|24\/100\n|-damage|p1a: Regieleki|0 fnt\n|faint|p1a: Regieleki\n|-hitcount|p1: Regieleki|2\n|\n|upkeep\n|-message|tail long forfeited.\n|\n|win|Ivyon\n|raw|tail long's rating: 1295 &rarr; <strong>1276<\/strong><br \/>(-19 for losing)\n|raw|Ivyon's rating: 1380 &rarr; <strong>1395<\/strong><br \/>(+15 for winning)\n|l|\u2606tail long\n||Ladder isn't responding, score probably updated but might not have (Request timeout).\n","uploadtime":1642019328,"views":14,"p1id":"taillong","p2id":"ivyon","formatid":"gen8ubers","rating":1276,"private":0,"password":null}