{"id":"gen8nationaldex-1342029802","p1":"GuyguyLaMenace","p2":"CrimsonBlade7","format":"gen8nationaldex","log":"|j|\u2606GuyguyLaMenace\n|j|\u2606CrimsonBlade7\n|t:|1621238167\n|gametype|singles\n|player|p1|GuyguyLaMenace|volkner|1654\n|player|p2|CrimsonBlade7|cheren-gen5bw2|1633\n|teamsize|p1|6\n|teamsize|p2|6\n|gen|8\n|tier|[Gen 8] National Dex\n|rated|\n|rule|HP Percentage Mod: HP is shown in percentages\n|rule|Endless Battle Clause: Forcing endless battles is banned\n|rule|OHKO Clause: OHKO moves are banned\n|rule|Evasion Moves Clause: Evasion moves are banned\n|rule|Species Clause: Limit one of each Pok\u00e9mon\n|rule|Dynamax Clause: You cannot dynamax\n|rule|Sleep Clause Mod: Limit one foe put to sleep\n|clearpoke\n|poke|p1|Marowak-Alola, F|\n|poke|p1|Mawile, F|\n|poke|p1|Slowbro, F|\n|poke|p1|Porygon2|\n|poke|p1|Dragonite, M|\n|poke|p1|Clefable, F|\n|poke|p2|Mawile, F|\n|poke|p2|Kommo-o, M|\n|poke|p2|Landorus-Therian, M|\n|poke|p2|Greninja, M|\n|poke|p2|Corviknight, M|\n|poke|p2|Toxapex, F|\n|teampreview\n|\n|t:|1621238177\n|start\n|switch|p1a: Porygon2|Porygon2|100\/100\n|switch|p2a: Mawile|Mawile, F|100\/100\n|-ability|p2a: Mawile|Intimidate|boost\n|-unboost|p1a: Porygon2|atk|1\n|-ability|p1a: Porygon2|Download|boost\n|-boost|p1a: Porygon2|spa|1\n|turn|1\n|\n|t:|1621238186\n|switch|p1a: Slowbro|Slowbro, F|100\/100\n|detailschange|p2a: Mawile|Mawile-Mega, F\n|-mega|p2a: Mawile|Mawile|Mawilite\n|move|p2a: Mawile|Knock Off|p1a: Slowbro\n|-supereffective|p1a: Slowbro\n|-damage|p1a: Slowbro|21\/100\n|-damage|p2a: Mawile|84\/100|[from] item: Rocky Helmet|[of] p1a: Slowbro\n|-enditem|p1a: Slowbro|Rocky Helmet|[from] move: Knock Off|[of] p2a: Mawile\n|\n|upkeep\n|turn|2\n|\n|t:|1621238190\n|switch|p1a: Mawile|Mawile, F|100\/100\n|-ability|p1a: Mawile|Intimidate|boost\n|-unboost|p2a: Mawile|atk|1\n|move|p2a: Mawile|Play Rough|p1a: Mawile\n|-resisted|p1a: Mawile\n|-damage|p1a: Mawile|65\/100\n|\n|upkeep\n|turn|3\n|\n|t:|1621238198\n|switch|p2a: Landorus|Landorus-Therian, M|100\/100\n|-ability|p2a: Landorus|Intimidate|boost\n|-unboost|p1a: Mawile|atk|1\n|detailschange|p1a: Mawile|Mawile-Mega, F\n|-mega|p1a: Mawile|Mawile|Mawilite\n|move|p1a: Mawile|Thunder Punch|p2a: Landorus\n|-immune|p2a: Landorus\n|\n|upkeep\n|turn|4\n|\n|t:|1621238202\n|switch|p1a: Slowbro|Slowbro, F|54\/100\n|move|p2a: Landorus|U-turn|p1a: Slowbro\n|-supereffective|p1a: Slowbro\n|-damage|p1a: Slowbro|22\/100\n|\n|t:|1621238210\n|switch|p2a: Kommo-o|Kommo-o, M|100\/100|[from]move: U-turn\n|\n|upkeep\n|turn|5\n|\n|t:|1621238217\n|move|p2a: Kommo-o|Stealth Rock|p1a: Slowbro\n|-sidestart|p1: GuyguyLaMenace|move: Stealth Rock\n|move|p1a: Slowbro|Future Sight|p2a: Kommo-o\n|-start|p1a: Slowbro|move: Future Sight\n|\n|upkeep\n|turn|6\n|\n|t:|1621238230\n|move|p2a: Kommo-o|Clanging Scales|p1a: Slowbro\n|-crit|p1a: Slowbro\n|-damage|p1a: Slowbro|0 fnt\n|faint|p1a: Slowbro\n|-unboost|p2a: Kommo-o|def|1\n|\n|upkeep\n|\n|t:|1621238233\n|switch|p1a: Clefable|Clefable, F|100\/100\n|turn|7\n|\n|t:|1621238240\n|switch|p2a: Corviknight|Corviknight, M|100\/100\n|-ability|p2a: Corviknight|Pressure\n|move|p1a: Clefable|Stealth Rock|p2a: Corviknight\n|-sidestart|p2: CrimsonBlade7|move: Stealth Rock\n|\n|-end|p2a: Corviknight|move: Future Sight\n|-resisted|p2a: Corviknight\n|-damage|p2a: Corviknight|79\/100\n|-heal|p2a: Corviknight|85\/100|[from] item: Leftovers\n|upkeep\n|turn|8\n|\n|t:|1621238247\n|move|p2a: Corviknight|U-turn|p1a: Clefable\n|-resisted|p1a: Clefable\n|-damage|p1a: Clefable|95\/100\n|\n|t:|1621238249\n|switch|p2a: Mawile|Mawile-Mega, F|84\/100|[from]move: U-turn\n|-damage|p2a: Mawile|78\/100|[from] Stealth Rock\n|move|p1a: Clefable|Trick||[still]\n|-fail|p1a: Clefable\n|\n|upkeep\n|turn|9\n|\n|t:|1621238257\n|switch|p1a: Dragonite|Dragonite, M|100\/100\n|move|p2a: Mawile|Swords Dance|p2a: Mawile\n|-boost|p2a: Mawile|atk|2\n|\n|upkeep\n|turn|10\n|\n|t:|1621238263\n|move|p2a: Mawile|Knock Off|p1a: Dragonite\n|-damage|p1a: Dragonite|44\/100\n|-enditem|p1a: Dragonite|Heavy-Duty Boots|[from] move: Knock Off|[of] p2a: Mawile\n|move|p1a: Dragonite|Earthquake|p2a: Mawile\n|-supereffective|p2a: Mawile\n|-damage|p2a: Mawile|10\/100\n|\n|upkeep\n|turn|11\n|\n|t:|1621238271\n|move|p2a: Mawile|Play Rough|p1a: Dragonite\n|-supereffective|p1a: Dragonite\n|-damage|p1a: Dragonite|0 fnt\n|faint|p1a: Dragonite\n|\n|upkeep\n|\n|t:|1621238284\n|switch|p1a: Mawile|Mawile-Mega, F|65\/100\n|-damage|p1a: Mawile|59\/100|[from] Stealth Rock\n|turn|12\n|\n|t:|1621238286\n|move|p2a: Mawile|Sucker Punch|p1a: Mawile\n|-resisted|p1a: Mawile\n|-damage|p1a: Mawile|17\/100\n|move|p1a: Mawile|Sucker Punch||[still]\n|-fail|p1a: Mawile\n|\n|upkeep\n|turn|13\n|\n|t:|1621238292\n|move|p2a: Mawile|Sucker Punch|p1a: Mawile\n|-resisted|p1a: Mawile\n|-crit|p1a: Mawile\n|-damage|p1a: Mawile|0 fnt\n|faint|p1a: Mawile\n|\n|upkeep\n|-message|GuyguyLaMenace forfeited.\n|\n|win|CrimsonBlade7\n|raw|GuyguyLaMenace's rating: 1654 &rarr; <strong>1633<\/strong><br \/>(-21 for losing)\n|raw|CrimsonBlade7's rating: 1633 &rarr; <strong>1654<\/strong><br \/>(+21 for winning)\n|l|\u2606GuyguyLaMenace\n","uploadtime":1621238302,"views":66,"p1id":"guyguylamenace","p2id":"crimsonblade7","formatid":"gen8nationaldex","rating":1633,"private":0,"password":null}