{"id":"gen8ou-1125537433","p1":"jacksonjack","p2":"Rorschach I","format":"gen8ou","log":"|j|\u2606jacksonjack\n|j|\u2606Rorschach I\n|player|p1|jacksonjack|policeman|1851\n|player|p2|Rorschach I|cynthia|1747\n|teamsize|p1|6\n|teamsize|p2|6\n|gametype|singles\n|gen|8\n|tier|[Gen 8] OU\n|rated|\n|clearpoke\n|poke|p1|Mew|\n|poke|p1|Rotom-Heat|\n|poke|p1|Clefable, M|\n|poke|p1|Snorlax, M|\n|poke|p1|Toxapex, M|\n|poke|p1|Corviknight, F|\n|poke|p2|Terrakion|\n|poke|p2|Aegislash, M|\n|poke|p2|Crawdaunt, M|\n|poke|p2|Zeraora|\n|poke|p2|Kyurem|\n|poke|p2|Togekiss, M|\n|rule|Sleep Clause Mod: Limit one foe put to sleep\n|rule|Species Clause: Limit one of each Pok\u00e9mon\n|rule|OHKO Clause: OHKO moves are banned\n|rule|Evasion Moves Clause: Evasion moves are banned\n|rule|Endless Battle Clause: Forcing endless battles is banned\n|rule|HP Percentage Mod: HP is shown in percentages\n|rule|Dynamax Clause: You cannot dynamax\n|teampreview\n|j| bpewn\n|inactive|Battle timer is ON: inactive players will automatically lose when time's up. (requested by Rorschach I)\n|\n|start\n|switch|p1a: Mew|Mew|100\/100\n|switch|p2a: Terrakion|Terrakion|100\/100\n|turn|1\n|j| Saintzu\n|\n|move|p2a: Terrakion|Taunt|p1a: Mew\n|-start|p1a: Mew|move: Taunt\n|cant|p1a: Mew|move: Taunt|Will-O-Wisp\n|\n|upkeep\n|turn|2\n|l| bpewn\n|j| shoeprano\n|\n|move|p2a: Terrakion|Stealth Rock|p1a: Mew\n|-sidestart|p1: jacksonjack|move: Stealth Rock\n|move|p1a: Mew|Psychic|p2a: Terrakion\n|-supereffective|p2a: Terrakion\n|-damage|p2a: Terrakion|33\/100\n|\n|upkeep\n|turn|3\n|\n|switch|p1a: Toxapex|Toxapex, M|100\/100\n|-damage|p1a: Toxapex|88\/100|[from] Stealth Rock\n|move|p2a: Terrakion|Rock Tomb|p1a: Toxapex\n|-damage|p1a: Toxapex|68\/100\n|-unboost|p1a: Toxapex|spe|1\n|\n|-heal|p1a: Toxapex|75\/100|[from] item: Black Sludge\n|upkeep\n|turn|4\n|l| shoeprano\n|\n|move|p2a: Terrakion|Taunt|p1a: Toxapex\n|-start|p1a: Toxapex|move: Taunt\n|move|p1a: Toxapex|Scald|p2a: Terrakion\n|-supereffective|p2a: Terrakion\n|-damage|p2a: Terrakion|0 fnt\n|faint|p2a: Terrakion\n|\n|-heal|p1a: Toxapex|81\/100|[from] item: Black Sludge\n|upkeep\n|l| Saintzu\n|\n|switch|p2a: Crawdaunt|Crawdaunt, M|100\/100\n|turn|5\n|j| bpewn\n|\n|move|p2a: Crawdaunt|Swords Dance|p2a: Crawdaunt\n|-boost|p2a: Crawdaunt|atk|2\n|move|p1a: Toxapex|Knock Off|p2a: Crawdaunt\n|-resisted|p2a: Crawdaunt\n|-damage|p2a: Crawdaunt|89\/100\n|-enditem|p2a: Crawdaunt|Life Orb|[from] move: Knock Off|[of] p1a: Toxapex\n|\n|-heal|p1a: Toxapex|87\/100|[from] item: Black Sludge\n|upkeep\n|turn|6\n|l| bpewn\n|\n|move|p2a: Crawdaunt|Knock Off|p1a: Toxapex\n|-damage|p1a: Toxapex|6\/100\n|-enditem|p1a: Toxapex|Black Sludge|[from] move: Knock Off|[of] p2a: Crawdaunt\n|move|p1a: Toxapex|Scald|p2a: Crawdaunt\n|-resisted|p2a: Crawdaunt\n|-crit|p2a: Crawdaunt\n|-damage|p2a: Crawdaunt|66\/100\n|\n|-end|p1a: Toxapex|move: Taunt\n|upkeep\n|turn|7\n|\n|move|p2a: Crawdaunt|Knock Off|p1a: Toxapex\n|-damage|p1a: Toxapex|0 fnt\n|faint|p1a: Toxapex\n|\n|upkeep\n|\n|switch|p1a: Mew|Mew|100\/100\n|-damage|p1a: Mew|88\/100|[from] Stealth Rock\n|turn|8\n|\n|move|p1a: Mew|Will-O-Wisp|p2a: Crawdaunt\n|-status|p2a: Crawdaunt|brn\n|move|p2a: Crawdaunt|Knock Off|p1a: Mew\n|-supereffective|p1a: Mew\n|-enditem|p1a: Mew|Colbur Berry|[eat]\n|-enditem|p1a: Mew|Colbur Berry|[weaken]\n|-damage|p1a: Mew|50\/100\n|\n|-damage|p2a: Crawdaunt|60\/100 brn|[from] brn\n|upkeep\n|turn|9\n|\n|move|p1a: Mew|Defog|p2a: Crawdaunt\n|-unboost|p2a: Crawdaunt|evasion|1\n|-sideend|p1: jacksonjack|Stealth Rock|[from] move: Defog|[of] p1a: Mew\n|move|p2a: Crawdaunt|Swords Dance|p2a: Crawdaunt\n|-boost|p2a: Crawdaunt|atk|2\n|\n|-damage|p2a: Crawdaunt|54\/100 brn|[from] brn\n|upkeep\n|turn|10\n|j| THE TRUE BL KNIGHT\n|\n|switch|p1a: Clefable|Clefable, M|100\/100\n|move|p2a: Crawdaunt|Crabhammer|p1a: Clefable\n|-damage|p1a: Clefable|65\/100\n|\n|-heal|p1a: Clefable|71\/100|[from] item: Leftovers\n|-damage|p2a: Crawdaunt|48\/100 brn|[from] brn\n|upkeep\n|turn|11\n|j| Hashg Skynyrd\n|c| THE TRUE BL KNIGHT|oof\n|c| THE TRUE BL KNIGHT|gg\n|l| Hashg Skynyrd\n|c| THE TRUE BL KNIGHT|YEEEEEEEEEEEEEEET\n|inactive|Rorschach I has 120 seconds left.\n|\n|switch|p2a: Togekiss|Togekiss, M|100\/100\n|move|p1a: Clefable|Wish|p1a: Clefable\n|\n|-heal|p1a: Clefable|77\/100|[from] item: Leftovers\n|upkeep\n|turn|12\n|\n|switch|p1a: Rotom|Rotom-Heat|100\/100\n|move|p2a: Togekiss|Trick|p1a: Rotom\n|-activate|p2a: Togekiss|move: Trick|[of] p1a: Rotom\n|-item|p1a: Rotom|Choice Scarf|[from] move: Trick\n|-item|p2a: Togekiss|Leftovers|[from] move: Trick\n|\n|upkeep\n|turn|13\n|j| NovaFish21\n|inactive|Rorschach I has 120 seconds left.\n|j| bpewn\n|\n|switch|p2a: Crawdaunt|Crawdaunt, M|48\/100 brn\n|move|p1a: Rotom|Toxic|p2a: Crawdaunt|[miss]\n|-miss|p1a: Rotom|p2a: Crawdaunt\n|\n|-damage|p2a: Crawdaunt|42\/100 brn|[from] brn\n|upkeep\n|turn|14\n|\n|switch|p1a: Clefable|Clefable, M|77\/100\n|move|p2a: Crawdaunt|Knock Off|p1a: Clefable\n|-resisted|p1a: Clefable\n|-damage|p1a: Clefable|59\/100\n|-enditem|p1a: Clefable|Leftovers|[from] move: Knock Off|[of] p2a: Crawdaunt\n|\n|-damage|p2a: Crawdaunt|36\/100 brn|[from] brn\n|upkeep\n|turn|15\n|j| ban kings rock\n|l| bpewn\n|\n|switch|p2a: Togekiss|Togekiss, M|100\/100\n|move|p1a: Clefable|Wish|p1a: Clefable\n|\n|upkeep\n|turn|16\n|\n|move|p1a: Clefable|Protect|p1a: Clefable\n|-singleturn|p1a: Clefable|Protect\n|move|p2a: Togekiss|Dazzling Gleam|p1a: Clefable\n|-activate|p1a: Clefable|move: Protect\n|\n|-heal|p1a: Clefable|100\/100|[from] move: Wish|[wisher] Clefable\n|upkeep\n|turn|17\n|\n|move|p2a: Togekiss|Air Slash|p1a: Clefable\n|-damage|p1a: Clefable|74\/100\n|cant|p1a: Clefable|flinch\n|\n|upkeep\n|turn|18\n|\n|switch|p1a: Rotom|Rotom-Heat|100\/100\n|move|p2a: Togekiss|Air Slash|p1a: Rotom\n|-resisted|p1a: Rotom\n|-damage|p1a: Rotom|82\/100\n|\n|upkeep\n|turn|19\n|\n|switch|p2a: Crawdaunt|Crawdaunt, M|36\/100 brn\n|move|p1a: Rotom|Discharge|p2a: Crawdaunt\n|-supereffective|p2a: Crawdaunt\n|-damage|p2a: Crawdaunt|0 fnt\n|faint|p2a: Crawdaunt\n|\n|upkeep\n|j| pppou\n|\n|switch|p2a: Zeraora|Zeraora|100\/100\n|turn|20\n|\n|switch|p1a: Clefable|Clefable, M|74\/100\n|move|p2a: Zeraora|Bulk Up|p2a: Zeraora\n|-boost|p2a: Zeraora|atk|1\n|-boost|p2a: Zeraora|def|1\n|\n|upkeep\n|turn|21\n|\n|move|p2a: Zeraora|Plasma Fists|p1a: Clefable\n|-damage|p1a: Clefable|0 fnt\n|-fieldactivate|move: Ion Deluge\n|-damage|p2a: Zeraora|91\/100|[from] item: Life Orb\n|faint|p1a: Clefable\n|\n|upkeep\n|l| pppou\n|j| Hashg Skynyrd\n|j| liluzispinkytoe\n|l| Hashg Skynyrd\n|l| liluzispinkytoe\n|\n|switch|p1a: Mew|Mew|50\/100\n|turn|22\n|\n|move|p2a: Zeraora|Plasma Fists|p1a: Mew\n|-damage|p1a: Mew|0 fnt\n|-fieldactivate|move: Ion Deluge\n|-damage|p2a: Zeraora|81\/100|[from] item: Life Orb\n|faint|p1a: Mew\n|\n|upkeep\n|\n|switch|p1a: Rotom|Rotom-Heat|82\/100\n|turn|23\n|j| DevilishGreg\n|\n|move|p1a: Rotom|Overheat|p2a: Zeraora\n|-damage|p2a: Zeraora|18\/100\n|-unboost|p1a: Rotom|spa|2\n|move|p2a: Zeraora|Drain Punch|p1a: Rotom\n|-damage|p1a: Rotom|31\/100\n|-heal|p2a: Zeraora|43\/100|[from] drain|[of] p1a: Rotom\n|-damage|p2a: Zeraora|33\/100|[from] item: Life Orb\n|\n|upkeep\n|turn|24\n|inactive|Rorschach I has 120 seconds left.\n|\n|switch|p2a: Kyurem|Kyurem|100\/100\n|-ability|p2a: Kyurem|Pressure\n|move|p1a: Rotom|Overheat|p2a: Kyurem\n|-damage|p2a: Kyurem|77\/100\n|-unboost|p1a: Rotom|spa|2\n|\n|upkeep\n|turn|25\n|inactive|Rorschach I has 120 seconds left.\n|\n|switch|p1a: Corviknight|Corviknight, F|100\/100\n|-ability|p1a: Corviknight|Pressure\n|switch|p2a: Zeraora|Zeraora|33\/100\n|\n|upkeep\n|turn|26\n|\n|move|p2a: Zeraora|Plasma Fists|p1a: Corviknight\n|-supereffective|p1a: Corviknight\n|-damage|p1a: Corviknight|16\/100\n|-fieldactivate|move: Ion Deluge\n|-damage|p2a: Zeraora|23\/100|[from] item: Life Orb\n|move|p1a: Corviknight|Iron Defense|p1a: Corviknight\n|-boost|p1a: Corviknight|def|2\n|\n|-heal|p1a: Corviknight|22\/100|[from] item: Leftovers\n|upkeep\n|turn|27\n|\n|move|p2a: Zeraora|Plasma Fists|p1a: Corviknight\n|-supereffective|p1a: Corviknight\n|-damage|p1a: Corviknight|0 fnt\n|-fieldactivate|move: Ion Deluge\n|-damage|p2a: Zeraora|13\/100|[from] item: Life Orb\n|faint|p1a: Corviknight\n|\n|upkeep\n|\n|switch|p1a: Rotom|Rotom-Heat|31\/100\n|turn|28\n|\n|switch|p2a: Kyurem|Kyurem|77\/100\n|-ability|p2a: Kyurem|Pressure\n|move|p1a: Rotom|Overheat|p2a: Kyurem\n|-damage|p2a: Kyurem|30\/100\n|-unboost|p1a: Rotom|spa|2\n|\n|upkeep\n|turn|29\n|\n|switch|p1a: Snorlax|Snorlax, M|100\/100\n|move|p2a: Kyurem|Draco Meteor|p1a: Snorlax\n|-damage|p1a: Snorlax|54\/100\n|-unboost|p2a: Kyurem|spa|2\n|\n|-heal|p1a: Snorlax|60\/100|[from] item: Leftovers\n|upkeep\n|turn|30\n|\n|switch|p2a: Aegislash|Aegislash, M|100\/100\n|-item|p2a: Aegislash|Air Balloon\n|move|p1a: Snorlax|Curse|p1a: Snorlax\n|-unboost|p1a: Snorlax|spe|1\n|-boost|p1a: Snorlax|atk|1\n|-boost|p1a: Snorlax|def|1\n|\n|-heal|p1a: Snorlax|66\/100|[from] item: Leftovers\n|upkeep\n|turn|31\n|\n|-formechange|p2a: Aegislash|Aegislash-Blade||[from] ability: Stance Change\n|move|p2a: Aegislash|Close Combat|p1a: Snorlax\n|-supereffective|p1a: Snorlax\n|-damage|p1a: Snorlax|8\/100\n|-unboost|p2a: Aegislash|def|1\n|-unboost|p2a: Aegislash|spd|1\n|move|p1a: Snorlax|Heat Crash|p2a: Aegislash\n|-supereffective|p2a: Aegislash\n|-damage|p2a: Aegislash|0 fnt\n|-enditem|p2a: Aegislash|Air Balloon\n|faint|p2a: Aegislash\n|\n|-heal|p1a: Snorlax|14\/100|[from] item: Leftovers\n|upkeep\n|\n|switch|p2a: Zeraora|Zeraora|13\/100\n|turn|32\n|\n|move|p2a: Zeraora|Plasma Fists|p1a: Snorlax\n|-damage|p1a: Snorlax|0 fnt\n|-fieldactivate|move: Ion Deluge\n|-damage|p2a: Zeraora|4\/100|[from] item: Life Orb\n|faint|p1a: Snorlax\n|\n|upkeep\n|\n|switch|p1a: Rotom|Rotom-Heat|31\/100\n|turn|33\n|\n|move|p1a: Rotom|Overheat|p2a: Zeraora\n|-damage|p2a: Zeraora|0 fnt\n|-unboost|p1a: Rotom|spa|2\n|faint|p2a: Zeraora\n|\n|upkeep\n|\n|switch|p2a: Kyurem|Kyurem|30\/100\n|-ability|p2a: Kyurem|Pressure\n|turn|34\n|\n|move|p1a: Rotom|Overheat|p2a: Kyurem\n|-damage|p2a: Kyurem|6\/100\n|-unboost|p1a: Rotom|spa|2\n|move|p2a: Kyurem|Draco Meteor|p1a: Rotom\n|-damage|p1a: Rotom|0 fnt\n|-unboost|p2a: Kyurem|spa|2\n|faint|p1a: Rotom\n|\n|win|Rorschach I\n|l|\u2606jacksonjack\n|l|\u2606Rorschach I\n|l| ban kings rock\n||Ladder (probably) updated, but score could not be retrieved (Response not received).\n|j| Saintzu\n","uploadtime":1591122884,"views":143,"p1id":"jacksonjack","p2id":"rorschachi","formatid":"gen8ou","rating":0,"private":0,"password":null}