{"id":"gen8ou-1658882491","p1":"eromangagaki","p2":"andrewm0n","format":"gen8ou","log":"|j|\u2606eromangagaki\n|j|\u2606andrewm0n\n|t:|1662607730\n|gametype|singles\n|player|p1|eromangagaki|2|1724\n|player|p2|andrewm0n|2|1874\n|teamsize|p1|6\n|teamsize|p2|6\n|gen|8\n|tier|[Gen 8] OU\n|rated|\n|rule|Sleep Clause Mod: Limit one foe put to sleep\n|rule|Species Clause: Limit one of each Pok\u00e9mon\n|rule|OHKO Clause: OHKO moves are banned\n|rule|Evasion Items Clause: Evasion items are banned\n|rule|Evasion Moves Clause: Evasion moves are banned\n|rule|Endless Battle Clause: Forcing endless battles is banned\n|rule|HP Percentage Mod: HP is shown in percentages\n|rule|Dynamax Clause: You cannot dynamax\n|clearpoke\n|poke|p1|Zapdos|\n|poke|p1|Mew|\n|poke|p1|Polteageist|\n|poke|p1|Heatran, M|\n|poke|p1|Obstagoon, M|\n|poke|p1|Klefki, F|\n|poke|p2|Slowbro-Galar, M|\n|poke|p2|Blaziken, M|\n|poke|p2|Clefable, F|\n|poke|p2|Seismitoad, M|\n|poke|p2|Corviknight, M|\n|poke|p2|Obstagoon, M|\n|teampreview\n|inactive|Battle timer is ON: inactive players will automatically lose when time's up. (requested by andrewm0n)\n|j| BabyPigsAreLaughin\n|inactive|eromangagaki has 120 seconds left.\n|\n|t:|1662607775\n|start\n|switch|p1a: Klefki|Klefki, F|100\/100\n|switch|p2a: Seismitoad|Seismitoad, M|100\/100\n|turn|1\n|\n|t:|1662607778\n|move|p1a: Klefki|Switcheroo|p2a: Seismitoad\n|-activate|p1a: Klefki|move: Trick|[of] p2a: Seismitoad\n|-item|p2a: Seismitoad|Flame Orb|[from] move: Switcheroo\n|-item|p1a: Klefki|Leftovers|[from] move: Switcheroo\n|move|p2a: Seismitoad|Stealth Rock|p1a: Klefki\n|-sidestart|p1: eromangagaki|move: Stealth Rock\n|\n|-status|p2a: Seismitoad|brn|[from] item: Flame Orb\n|upkeep\n|turn|2\n|j| kopro7\n|\n|t:|1662607786\n|move|p1a: Klefki|Spikes|p2a: Seismitoad\n|-sidestart|p2: andrewm0n|Spikes\n|move|p2a: Seismitoad|Earth Power|p1a: Klefki\n|-supereffective|p1a: Klefki\n|-damage|p1a: Klefki|20\/100\n|\n|-heal|p1a: Klefki|26\/100|[from] item: Leftovers\n|-damage|p2a: Seismitoad|94\/100 brn|[from] brn\n|upkeep\n|turn|3\n|\n|t:|1662607791\n|move|p1a: Klefki|Spikes|p2a: Seismitoad\n|-sidestart|p2: andrewm0n|Spikes\n|move|p2a: Seismitoad|Earth Power|p1a: Klefki\n|-supereffective|p1a: Klefki\n|-damage|p1a: Klefki|0 fnt\n|faint|p1a: Klefki\n|\n|-damage|p2a: Seismitoad|88\/100 brn|[from] brn\n|upkeep\n|\n|t:|1662607793\n|switch|p1a: Zapdos|Zapdos|100\/100\n|-damage|p1a: Zapdos|75\/100|[from] Stealth Rock\n|-ability|p1a: Zapdos|Pressure\n|turn|4\n|\n|t:|1662607797\n|move|p1a: Zapdos|Substitute|p1a: Zapdos\n|-start|p1a: Zapdos|Substitute\n|-damage|p1a: Zapdos|50\/100\n|move|p2a: Seismitoad|Toxic||[still]\n|-fail|p2a: Seismitoad\n|\n|-heal|p1a: Zapdos|57\/100|[from] item: Leftovers\n|-damage|p2a: Seismitoad|82\/100 brn|[from] brn\n|upkeep\n|turn|5\n|c|\u2606andrewm0n|oh, it's you\n|c|\u2606andrewm0n|noooo\n|\n|t:|1662607806\n|switch|p2a: Obstagoon|Obstagoon, M|100\/100\n|-damage|p2a: Obstagoon|84\/100|[from] Spikes\n|move|p1a: Zapdos|Charge|p1a: Zapdos\n|-boost|p1a: Zapdos|spd|1\n|-activate|p1a: Zapdos|move: Charge\n|\n|-heal|p1a: Zapdos|63\/100|[from] item: Leftovers\n|-status|p2a: Obstagoon|brn|[from] item: Flame Orb\n|upkeep\n|turn|6\n|\n|t:|1662607811\n|move|p1a: Zapdos|Discharge|p2a: Obstagoon\n|-damage|p2a: Obstagoon|0 fnt\n|faint|p2a: Obstagoon\n|\n|-heal|p1a: Zapdos|69\/100|[from] item: Leftovers\n|upkeep\n|\n|t:|1662607821\n|switch|p2a: Blaziken|Blaziken, M|100\/100\n|-damage|p2a: Blaziken|84\/100|[from] Spikes\n|turn|7\n|\n|t:|1662607826\n|move|p1a: Zapdos|Roost|p1a: Zapdos\n|-heal|p1a: Zapdos|100\/100\n|-singleturn|p1a: Zapdos|move: Roost\n|move|p2a: Blaziken|Flare Blitz|p1a: Zapdos\n|-end|p1a: Zapdos|Substitute\n|-damage|p2a: Blaziken|73\/100|[from] Recoil|[of] p1a: Zapdos\n|\n|-heal|p2a: Blaziken|79\/100|[from] item: Leftovers\n|-ability|p2a: Blaziken|Speed Boost|boost\n|-boost|p2a: Blaziken|spe|1\n|upkeep\n|turn|8\n|\n|t:|1662607830\n|move|p2a: Blaziken|Swords Dance|p2a: Blaziken\n|-boost|p2a: Blaziken|atk|2\n|move|p1a: Zapdos|Discharge|p2a: Blaziken\n|-damage|p2a: Blaziken|28\/100\n|\n|-heal|p2a: Blaziken|34\/100|[from] item: Leftovers\n|-ability|p2a: Blaziken|Speed Boost|boost\n|-boost|p2a: Blaziken|spe|1\n|upkeep\n|turn|9\n|\n|t:|1662607835\n|switch|p1a: Heatran|Heatran, M|100\/100\n|-damage|p1a: Heatran|88\/100|[from] Stealth Rock\n|move|p2a: Blaziken|Protect||[still]\n|-fail|p2a: Blaziken\n|\n|-heal|p2a: Blaziken|40\/100|[from] item: Leftovers\n|-ability|p2a: Blaziken|Speed Boost|boost\n|-boost|p2a: Blaziken|spe|1\n|upkeep\n|turn|10\n|\n|t:|1662607839\n|switch|p1a: Polteageist|Polteageist|100\/100\n|-damage|p1a: Polteageist|88\/100|[from] Stealth Rock\n|move|p2a: Blaziken|Protect||[still]\n|-fail|p2a: Blaziken\n|\n|-heal|p2a: Blaziken|46\/100|[from] item: Leftovers\n|-ability|p2a: Blaziken|Speed Boost|boost\n|-boost|p2a: Blaziken|spe|1\n|-status|p1a: Polteageist|brn|[from] item: Flame Orb\n|upkeep\n|turn|11\n|\n|t:|1662607846\n|move|p2a: Blaziken|Flare Blitz|p1a: Polteageist\n|-damage|p1a: Polteageist|0 fnt\n|faint|p1a: Polteageist\n|-damage|p2a: Blaziken|21\/100|[from] Recoil\n|\n|-heal|p2a: Blaziken|27\/100|[from] item: Leftovers\n|-ability|p2a: Blaziken|Speed Boost|boost\n|-boost|p2a: Blaziken|spe|1\n|upkeep\n|\n|t:|1662607850\n|switch|p1a: Mew|Mew|100\/100\n|-damage|p1a: Mew|88\/100|[from] Stealth Rock\n|turn|12\n|\n|t:|1662607877\n|move|p2a: Blaziken|Close Combat|p1a: Mew\n|-resisted|p1a: Mew\n|-damage|p1a: Mew|37\/100\n|-unboost|p2a: Blaziken|def|1\n|-unboost|p2a: Blaziken|spd|1\n|move|p1a: Mew|Cosmic Power|p1a: Mew\n|-boost|p1a: Mew|def|1\n|-boost|p1a: Mew|spd|1\n|\n|-heal|p2a: Blaziken|33\/100|[from] item: Leftovers\n|-ability|p2a: Blaziken|Speed Boost|boost\n|-boost|p2a: Blaziken|spe|1\n|upkeep\n|turn|13\n|\n|t:|1662607884\n|move|p2a: Blaziken|Flare Blitz|p1a: Mew\n|-damage|p1a: Mew|0 fnt\n|faint|p1a: Mew\n|-damage|p2a: Blaziken|17\/100|[from] Recoil\n|\n|-heal|p2a: Blaziken|23\/100|[from] item: Leftovers\n|upkeep\n|\n|t:|1662607888\n|switch|p1a: Zapdos|Zapdos|100\/100\n|-damage|p1a: Zapdos|75\/100|[from] Stealth Rock\n|-ability|p1a: Zapdos|Pressure\n|turn|14\n|c| BabyPigsAreLaughin|It's over.\n|\n|t:|1662607900\n|move|p2a: Blaziken|Flare Blitz|p1a: Zapdos\n|-damage|p1a: Zapdos|0 fnt\n|faint|p1a: Zapdos\n|-damage|p2a: Blaziken|0 fnt|[from] Recoil\n|faint|p2a: Blaziken\n|\n|upkeep\n|c| kopro7|no way really\n|\n|t:|1662607909\n|switch|p1a: Heatran|Heatran, M|88\/100\n|switch|p2a: Seismitoad|Seismitoad, M|82\/100 brn\n|-damage|p1a: Heatran|76\/100|[from] Stealth Rock\n|-damage|p2a: Seismitoad|66\/100 brn|[from] Spikes\n|turn|15\n|\n|t:|1662607912\n|switch|p1a: Obstagoon|Obstagoon, M|100\/100\n|-damage|p1a: Obstagoon|88\/100|[from] Stealth Rock\n|move|p2a: Seismitoad|Earth Power|p1a: Obstagoon\n|-damage|p1a: Obstagoon|53\/100\n|\n|-damage|p2a: Seismitoad|60\/100 brn|[from] brn\n|-status|p1a: Obstagoon|brn|[from] item: Flame Orb\n|upkeep\n|turn|16\n|\n|t:|1662607918\n|move|p1a: Obstagoon|Trick|p2a: Seismitoad\n|-activate|p1a: Obstagoon|move: Trick|[of] p2a: Seismitoad\n|-item|p2a: Seismitoad|Flame Orb|[from] move: Trick\n|-item|p1a: Obstagoon|Flame Orb|[from] move: Trick\n|move|p2a: Seismitoad|Earth Power|p1a: Obstagoon\n|-damage|p1a: Obstagoon|18\/100 brn\n|\n|-damage|p1a: Obstagoon|12\/100 brn|[from] brn\n|-damage|p2a: Seismitoad|54\/100 brn|[from] brn\n|upkeep\n|turn|17\n|\n|t:|1662607923\n|move|p1a: Obstagoon|Facade|p2a: Seismitoad\n|-damage|p2a: Seismitoad|0 fnt\n|faint|p2a: Seismitoad\n|\n|-damage|p1a: Obstagoon|6\/100 brn|[from] brn\n|upkeep\n|\n|t:|1662607927\n|switch|p2a: Clefable|Clefable, F|100\/100\n|-damage|p2a: Clefable|84\/100|[from] Spikes\n|turn|18\n|\n|t:|1662607934\n|move|p1a: Obstagoon|Trick|p2a: Clefable\n|-activate|p1a: Obstagoon|move: Trick|[of] p2a: Clefable\n|-item|p2a: Clefable|Flame Orb|[from] move: Trick\n|-item|p1a: Obstagoon|Leftovers|[from] move: Trick\n|move|p2a: Clefable|Moonblast|p1a: Obstagoon\n|-supereffective|p1a: Obstagoon\n|-damage|p1a: Obstagoon|0 fnt\n|faint|p1a: Obstagoon\n|\n|-status|p2a: Clefable|brn|[from] item: Flame Orb\n|upkeep\n|\n|t:|1662607936\n|switch|p1a: Heatran|Heatran, M|76\/100\n|-damage|p1a: Heatran|63\/100|[from] Stealth Rock\n|turn|19\n|\n|t:|1662607940\n|switch|p2a: Corviknight|Corviknight, M|100\/100\n|move|p1a: Heatran|Stealth Rock|p2a: Corviknight\n|-sidestart|p2: andrewm0n|move: Stealth Rock\n|\n|upkeep\n|turn|20\n|l| kopro7\n|\n|t:|1662607945\n|move|p1a: Heatran|Lava Plume|p2a: Corviknight\n|-supereffective|p2a: Corviknight\n|-damage|p2a: Corviknight|46\/100\n|-status|p2a: Corviknight|brn\n|move|p2a: Corviknight|Defog|p1a: Heatran\n|-unboost|p1a: Heatran|evasion|1\n|-sideend|p1: eromangagaki|Stealth Rock|[from] move: Defog|[of] p2a: Corviknight\n|-sideend|p2: andrewm0n|Spikes|[from] move: Defog|[of] p2a: Corviknight\n|-sideend|p2: andrewm0n|Stealth Rock|[from] move: Defog|[of] p2a: Corviknight\n|\n|-damage|p2a: Corviknight|40\/100 brn|[from] brn\n|upkeep\n|turn|21\n|\n|t:|1662607948\n|move|p1a: Heatran|Stealth Rock|p2a: Corviknight\n|-sidestart|p2: andrewm0n|move: Stealth Rock\n|move|p2a: Corviknight|U-turn|p1a: Heatran\n|-resisted|p1a: Heatran\n|-damage|p1a: Heatran|62\/100\n|-damage|p2a: Corviknight|24\/100 brn|[from] item: Rocky Helmet|[of] p1a: Heatran\n|\n|t:|1662607950\n|switch|p2a: Slowbro|Slowbro-Galar, M|100\/100|[from]move: U-turn\n|-damage|p2a: Slowbro|88\/100|[from] Stealth Rock\n|\n|upkeep\n|turn|22\n|\n|t:|1662607951\n|move|p1a: Heatran|Lava Plume|p2a: Slowbro\n|-damage|p2a: Slowbro|65\/100\n|move|p2a: Slowbro|Earthquake|p1a: Heatran\n|-supereffective|p1a: Heatran\n|-damage|p1a: Heatran|0 fnt\n|faint|p1a: Heatran\n|\n|win|andrewm0n\n|raw|eromangagaki's rating: 1724 &rarr; <strong>1712<\/strong><br \/>(-12 for losing)\n|raw|andrewm0n's rating: 1874 &rarr; <strong>1886<\/strong><br \/>(+12 for winning)\n","uploadtime":1662607955,"views":21,"p1id":"eromangagaki","p2id":"andrewm0n","formatid":"gen8ou","rating":1712,"private":0,"password":null}