{"id":"gen8monotype-1568066585","p1":"Shardul888","p2":"MLT8M1 KingRB","format":"gen8monotype","log":"|raw|<div class=\"broadcast-blue\"><strong>This battle is required to be public due to a player having a name starting with 'mlt8m1'.<\/div>\n|j|\u2606Shardul888\n|j|\u2606MLT8M1 KingRB\n|t:|1651736576\n|gametype|singles\n|player|p1|Shardul888|palmer|1348\n|player|p2|MLT8M1 KingRB|blue-gen2|1402\n|teamsize|p1|6\n|teamsize|p2|6\n|gen|8\n|tier|[Gen 8] Monotype\n|rated|\n|rule|Same Type Clause: Pok\u00e9mon in a team must share a type\n|rule|Sleep Clause Mod: Limit one foe put to sleep\n|rule|Species Clause: Limit one of each Pok\u00e9mon\n|rule|OHKO Clause: OHKO moves are banned\n|rule|Evasion Moves Clause: Evasion moves are banned\n|rule|Endless Battle Clause: Forcing endless battles is banned\n|rule|HP Percentage Mod: HP is shown in percentages\n|rule|Dynamax Clause: You cannot dynamax\n|clearpoke\n|poke|p1|Toxapex, F|\n|poke|p1|Skuntank, F|\n|poke|p1|Scolipede, M|\n|poke|p1|Nihilego|\n|poke|p1|Silvally-*|\n|poke|p1|Golbat, F|\n|poke|p2|Heatran, M|\n|poke|p2|Aegislash, M|\n|poke|p2|Celesteela|\n|poke|p2|Jirachi|\n|poke|p2|Excadrill, M|\n|poke|p2|Melmetal|\n|teampreview\n|inactive|Battle timer is ON: inactive players will automatically lose when time's up. (requested by Shardul888)\n|inactive|MLT8M1 KingRB also wants the timer to be on.\n|\n|t:|1651736585\n|start\n|switch|p1a: Golbat|Golbat, F, shiny|100\/100\n|switch|p2a: Melmetal|Melmetal, shiny|100\/100\n|turn|1\n|\n|t:|1651736592\n|move|p1a: Golbat|Super Fang|p2a: Melmetal\n|-damage|p2a: Melmetal|50\/100\n|move|p2a: Melmetal|Ice Punch|p1a: Golbat\n|-supereffective|p1a: Golbat\n|-damage|p1a: Golbat|49\/100\n|\n|upkeep\n|turn|2\n|\n|t:|1651736599\n|move|p1a: Golbat|Super Fang|p2a: Melmetal\n|-damage|p2a: Melmetal|26\/100\n|move|p2a: Melmetal|Double Iron Bash|p1a: Golbat\n|-damage|p1a: Golbat|17\/100\n|-damage|p1a: Golbat|0 fnt\n|faint|p1a: Golbat\n|-hitcount|p1: Golbat|2\n|\n|upkeep\n|\n|t:|1651736608\n|switch|p1a: Silvally|Silvally-Poison, shiny|100\/100\n|turn|3\n|\n|t:|1651736612\n|switch|p2a: Heatran|Heatran, M, shiny|100\/100\n|-item|p2a: Heatran|Air Balloon\n|move|p1a: Silvally|Flamethrower|p2a: Heatran\n|-start|p2a: Heatran|ability: Flash Fire\n|\n|upkeep\n|turn|4\n|\n|t:|1651736620\n|move|p1a: Silvally|Surf|p2a: Heatran\n|-supereffective|p2a: Heatran\n|-crit|p2a: Heatran\n|-damage|p2a: Heatran|31\/100\n|-enditem|p2a: Heatran|Air Balloon\n|move|p2a: Heatran|Earth Power|p1a: Silvally\n|-supereffective|p1a: Silvally\n|-damage|p1a: Silvally|20\/100\n|\n|upkeep\n|turn|5\n|\n|t:|1651736629\n|-end|p2a: Heatran|ability: Flash Fire|[silent]\n|switch|p2a: Jirachi|Jirachi, shiny|100\/100\n|move|p1a: Silvally|Surf|p2a: Jirachi\n|-damage|p2a: Jirachi|75\/100\n|\n|upkeep\n|turn|6\n|\n|t:|1651736636\n|switch|p1a: Skuntank|Skuntank, F|100\/100\n|move|p2a: Jirachi|Thunderbolt|p1a: Skuntank\n|-damage|p1a: Skuntank|69\/100\n|\n|upkeep\n|turn|7\n|\n|t:|1651736643\n|move|p2a: Jirachi|Thunderbolt|p1a: Skuntank\n|-damage|p1a: Skuntank|36\/100\n|move|p1a: Skuntank|Payback|p2a: Jirachi\n|-supereffective|p2a: Jirachi\n|-damage|p2a: Jirachi|0 fnt\n|faint|p2a: Jirachi\n|\n|upkeep\n|\n|t:|1651736648\n|switch|p2a: Excadrill|Excadrill, M|100\/100\n|-ability|p2a: Excadrill|Mold Breaker\n|turn|8\n|\n|t:|1651736655\n|move|p1a: Skuntank|Sucker Punch|p2a: Excadrill\n|-damage|p2a: Excadrill|67\/100\n|move|p2a: Excadrill|Earthquake|p1a: Skuntank\n|-supereffective|p1a: Skuntank\n|-damage|p1a: Skuntank|0 fnt\n|faint|p1a: Skuntank\n|\n|upkeep\n|\n|t:|1651736664\n|switch|p1a: Scolipede|Scolipede, M, shiny|100\/100\n|turn|9\n|\n|t:|1651736668\n|switch|p2a: Aegislash|Aegislash, M, shiny|100\/100\n|move|p1a: Scolipede|Protect||[still]\n|-fail|p1a: Scolipede\n|\n|-ability|p1a: Scolipede|Speed Boost|boost\n|-boost|p1a: Scolipede|spe|1\n|upkeep\n|turn|10\n|\n|t:|1651736676\n|switch|p1a: Toxapex|Toxapex, F, shiny|100\/100\n|-formechange|p2a: Aegislash|Aegislash-Blade||[from] ability: Stance Change\n|move|p2a: Aegislash|Shadow Claw|p1a: Toxapex\n|-damage|p1a: Toxapex|73\/100\n|\n|-heal|p1a: Toxapex|79\/100|[from] item: Black Sludge\n|upkeep\n|turn|11\n|\n|t:|1651736686\n|switch|p2a: Heatran|Heatran, M, shiny|31\/100\n|move|p1a: Toxapex|Scald|p2a: Heatran\n|-supereffective|p2a: Heatran\n|-damage|p2a: Heatran|4\/100\n|\n|-heal|p1a: Toxapex|85\/100|[from] item: Black Sludge\n|upkeep\n|turn|12\n|\n|t:|1651736695\n|move|p2a: Heatran|Earth Power|p1a: Toxapex\n|-supereffective|p1a: Toxapex\n|-damage|p1a: Toxapex|29\/100\n|-unboost|p1a: Toxapex|spd|1\n|move|p1a: Toxapex|Scald|p2a: Heatran\n|-supereffective|p2a: Heatran\n|-damage|p2a: Heatran|0 fnt\n|faint|p2a: Heatran\n|\n|-heal|p1a: Toxapex|35\/100|[from] item: Black Sludge\n|upkeep\n|\n|t:|1651736702\n|switch|p2a: Excadrill|Excadrill, M|67\/100\n|-ability|p2a: Excadrill|Mold Breaker\n|turn|13\n|\n|t:|1651736715\n|switch|p1a: Silvally|Silvally-Poison, shiny|20\/100\n|move|p2a: Excadrill|Earthquake|p1a: Silvally\n|-supereffective|p1a: Silvally\n|-damage|p1a: Silvally|0 fnt\n|faint|p1a: Silvally\n|\n|upkeep\n|\n|t:|1651736724\n|switch|p1a: Scolipede|Scolipede, M, shiny|100\/100\n|turn|14\n|\n|t:|1651736728\n|switch|p2a: Melmetal|Melmetal, shiny|26\/100\n|move|p1a: Scolipede|Earthquake|p2a: Melmetal\n|-supereffective|p2a: Melmetal\n|-damage|p2a: Melmetal|0 fnt\n|faint|p2a: Melmetal\n|-damage|p1a: Scolipede|91\/100|[from] item: Life Orb\n|\n|-ability|p1a: Scolipede|Speed Boost|boost\n|-boost|p1a: Scolipede|spe|1\n|upkeep\n|\n|t:|1651736737\n|switch|p2a: Aegislash|Aegislash, M, shiny|100\/100\n|turn|15\n|\n|t:|1651736742\n|switch|p1a: Toxapex|Toxapex, F, shiny|68\/100\n|-formechange|p2a: Aegislash|Aegislash-Blade||[from] ability: Stance Change\n|move|p2a: Aegislash|Shadow Claw|p1a: Toxapex\n|-damage|p1a: Toxapex|38\/100\n|\n|-heal|p1a: Toxapex|44\/100|[from] item: Black Sludge\n|upkeep\n|turn|16\n|\n|t:|1651736752\n|switch|p2a: Excadrill|Excadrill, M|67\/100\n|-ability|p2a: Excadrill|Mold Breaker\n|move|p1a: Toxapex|Scald|p2a: Excadrill\n|-supereffective|p2a: Excadrill\n|-damage|p2a: Excadrill|25\/100\n|\n|-heal|p1a: Toxapex|50\/100|[from] item: Black Sludge\n|upkeep\n|turn|17\n|\n|t:|1651736767\n|switch|p1a: Nihilego|Nihilego, shiny|100\/100\n|move|p2a: Excadrill|Earthquake|p1a: Nihilego\n|-supereffective|p1a: Nihilego\n|-damage|p1a: Nihilego|0 fnt\n|faint|p1a: Nihilego\n|\n|upkeep\n|\n|t:|1651736774\n|switch|p1a: Scolipede|Scolipede, M, shiny|91\/100\n|turn|18\n|\n|t:|1651736778\n|switch|p2a: Celesteela|Celesteela|100\/100\n|move|p1a: Scolipede|Earthquake|p2a: Celesteela\n|-immune|p2a: Celesteela\n|\n|-ability|p1a: Scolipede|Speed Boost|boost\n|-boost|p1a: Scolipede|spe|1\n|upkeep\n|turn|19\n|\n|t:|1651736786\n|switch|p1a: Toxapex|Toxapex, F, shiny|83\/100\n|move|p2a: Celesteela|Air Slash|p1a: Toxapex\n|-damage|p1a: Toxapex|55\/100\n|\n|-heal|p1a: Toxapex|61\/100|[from] item: Black Sludge\n|upkeep\n|turn|20\n|\n|t:|1651736794\n|move|p2a: Celesteela|Air Slash|p1a: Toxapex\n|-damage|p1a: Toxapex|28\/100\n|move|p1a: Toxapex|Scald|p2a: Celesteela\n|-damage|p2a: Celesteela|91\/100\n|\n|-heal|p1a: Toxapex|34\/100|[from] item: Black Sludge\n|upkeep\n|turn|21\n|\n|t:|1651736803\n|move|p2a: Celesteela|Air Slash|p1a: Toxapex|[miss]\n|-miss|p2a: Celesteela|p1a: Toxapex\n|move|p1a: Toxapex|Recover|p1a: Toxapex\n|-heal|p1a: Toxapex|84\/100\n|\n|-heal|p1a: Toxapex|91\/100|[from] item: Black Sludge\n|upkeep\n|turn|22\n|\n|t:|1651736811\n|move|p2a: Celesteela|Air Slash|p1a: Toxapex\n|-damage|p1a: Toxapex|62\/100\n|cant|p1a: Toxapex|flinch\n|\n|-heal|p1a: Toxapex|68\/100|[from] item: Black Sludge\n|upkeep\n|turn|23\n|\n|t:|1651736818\n|move|p2a: Celesteela|Air Slash|p1a: Toxapex\n|-damage|p1a: Toxapex|38\/100\n|move|p1a: Toxapex|Recover|p1a: Toxapex\n|-heal|p1a: Toxapex|88\/100\n|\n|-heal|p1a: Toxapex|94\/100|[from] item: Black Sludge\n|upkeep\n|turn|24\n|\n|t:|1651736826\n|move|p2a: Celesteela|Flash Cannon|p1a: Toxapex\n|-resisted|p1a: Toxapex\n|-damage|p1a: Toxapex|78\/100\n|move|p1a: Toxapex|Scald|p2a: Celesteela\n|-damage|p2a: Celesteela|81\/100\n|\n|-heal|p1a: Toxapex|84\/100|[from] item: Black Sludge\n|upkeep\n|turn|25\n|\n|t:|1651736836\n|move|p2a: Celesteela|Flash Cannon|p1a: Toxapex\n|-resisted|p1a: Toxapex\n|-damage|p1a: Toxapex|67\/100\n|move|p1a: Toxapex|Scald|p2a: Celesteela\n|-damage|p2a: Celesteela|71\/100\n|\n|-heal|p1a: Toxapex|73\/100|[from] item: Black Sludge\n|upkeep\n|turn|26\n|\n|t:|1651736846\n|move|p2a: Celesteela|Flash Cannon|p1a: Toxapex\n|-resisted|p1a: Toxapex\n|-damage|p1a: Toxapex|57\/100\n|move|p1a: Toxapex|Scald|p2a: Celesteela\n|-damage|p2a: Celesteela|62\/100\n|\n|-heal|p1a: Toxapex|63\/100|[from] item: Black Sludge\n|upkeep\n|turn|27\n|\n|t:|1651736854\n|move|p2a: Celesteela|Flash Cannon|p1a: Toxapex\n|-resisted|p1a: Toxapex\n|-damage|p1a: Toxapex|47\/100\n|move|p1a: Toxapex|Scald|p2a: Celesteela\n|-damage|p2a: Celesteela|52\/100\n|\n|-heal|p1a: Toxapex|53\/100|[from] item: Black Sludge\n|upkeep\n|turn|28\n|\n|t:|1651736863\n|move|p2a: Celesteela|Air Slash|p1a: Toxapex\n|-damage|p1a: Toxapex|21\/100\n|move|p1a: Toxapex|Recover|p1a: Toxapex\n|-heal|p1a: Toxapex|71\/100\n|\n|-heal|p1a: Toxapex|77\/100|[from] item: Black Sludge\n|upkeep\n|turn|29\n|\n|t:|1651736871\n|move|p2a: Celesteela|Flash Cannon|p1a: Toxapex\n|-resisted|p1a: Toxapex\n|-damage|p1a: Toxapex|62\/100\n|move|p1a: Toxapex|Scald|p2a: Celesteela\n|-damage|p2a: Celesteela|43\/100\n|\n|-heal|p1a: Toxapex|68\/100|[from] item: Black Sludge\n|upkeep\n|turn|30\n|\n|t:|1651736880\n|move|p2a: Celesteela|Flash Cannon|p1a: Toxapex\n|-resisted|p1a: Toxapex\n|-damage|p1a: Toxapex|51\/100\n|move|p1a: Toxapex|Scald|p2a: Celesteela\n|-damage|p2a: Celesteela|34\/100\n|-status|p2a: Celesteela|brn\n|\n|-heal|p1a: Toxapex|57\/100|[from] item: Black Sludge\n|-damage|p2a: Celesteela|28\/100 brn|[from] brn\n|upkeep\n|turn|31\n|\n|t:|1651736891\n|move|p2a: Celesteela|Air Slash|p1a: Toxapex\n|-damage|p1a: Toxapex|26\/100\n|cant|p1a: Toxapex|flinch\n|\n|-heal|p1a: Toxapex|32\/100|[from] item: Black Sludge\n|-damage|p2a: Celesteela|22\/100 brn|[from] brn\n|upkeep\n|turn|32\n|\n|t:|1651736899\n|move|p1a: Toxapex|Baneful Bunker|p1a: Toxapex\n|-singleturn|p1a: Toxapex|move: Protect\n|move|p2a: Celesteela|Air Slash|p1a: Toxapex\n|-activate|p1a: Toxapex|move: Protect\n|\n|-heal|p1a: Toxapex|38\/100|[from] item: Black Sludge\n|-damage|p2a: Celesteela|16\/100 brn|[from] brn\n|upkeep\n|turn|33\n|\n|t:|1651736908\n|move|p2a: Celesteela|Air Slash|p1a: Toxapex\n|-damage|p1a: Toxapex|10\/100\n|move|p1a: Toxapex|Recover|p1a: Toxapex\n|-heal|p1a: Toxapex|60\/100\n|\n|-heal|p1a: Toxapex|66\/100|[from] item: Black Sludge\n|-damage|p2a: Celesteela|10\/100 brn|[from] brn\n|upkeep\n|turn|34\n|\n|t:|1651736918\n|move|p2a: Celesteela|Air Slash|p1a: Toxapex\n|-damage|p1a: Toxapex|37\/100\n|move|p1a: Toxapex|Recover|p1a: Toxapex\n|-heal|p1a: Toxapex|87\/100\n|\n|-heal|p1a: Toxapex|93\/100|[from] item: Black Sludge\n|-damage|p2a: Celesteela|4\/100 brn|[from] brn\n|upkeep\n|turn|35\n|\n|t:|1651736927\n|move|p1a: Toxapex|Baneful Bunker|p1a: Toxapex\n|-singleturn|p1a: Toxapex|move: Protect\n|move|p2a: Celesteela|Air Slash|p1a: Toxapex\n|-activate|p1a: Toxapex|move: Protect\n|\n|-heal|p1a: Toxapex|99\/100|[from] item: Black Sludge\n|-damage|p2a: Celesteela|0 fnt|[from] brn\n|faint|p2a: Celesteela\n|upkeep\n|\n|t:|1651736929\n|switch|p2a: Excadrill|Excadrill, M|25\/100\n|-ability|p2a: Excadrill|Mold Breaker\n|turn|36\n|\n|t:|1651736941\n|move|p2a: Excadrill|Earthquake|p1a: Toxapex\n|-supereffective|p1a: Toxapex\n|-damage|p1a: Toxapex|26\/100\n|move|p1a: Toxapex|Scald|p2a: Excadrill\n|-supereffective|p2a: Excadrill\n|-damage|p2a: Excadrill|0 fnt\n|faint|p2a: Excadrill\n|\n|-heal|p1a: Toxapex|33\/100|[from] item: Black Sludge\n|upkeep\n|\n|t:|1651736946\n|switch|p2a: Aegislash|Aegislash, M, shiny|100\/100\n|turn|37\n|\n|t:|1651736954\n|move|p1a: Toxapex|Baneful Bunker|p1a: Toxapex\n|-singleturn|p1a: Toxapex|move: Protect\n|move|p2a: Aegislash|Swords Dance|p2a: Aegislash\n|-boost|p2a: Aegislash|atk|2\n|\n|-heal|p1a: Toxapex|39\/100|[from] item: Black Sludge\n|upkeep\n|turn|38\n|\n|t:|1651736962\n|-formechange|p2a: Aegislash|Aegislash-Blade||[from] ability: Stance Change\n|move|p2a: Aegislash|Shadow Claw|p1a: Toxapex\n|-damage|p1a: Toxapex|0 fnt\n|faint|p1a: Toxapex\n|\n|upkeep\n|\n|t:|1651736970\n|switch|p1a: Scolipede|Scolipede, M, shiny|91\/100\n|turn|39\n|\n|t:|1651736973\n|-formechange|p2a: Aegislash|Aegislash||[from] ability: Stance Change\n|move|p2a: Aegislash|King's Shield|p2a: Aegislash\n|-singleturn|p2a: Aegislash|Protect\n|move|p1a: Scolipede|Earthquake|p2a: Aegislash\n|-activate|p2a: Aegislash|move: Protect\n|\n|-ability|p1a: Scolipede|Speed Boost|boost\n|-boost|p1a: Scolipede|spe|1\n|upkeep\n|turn|40\n|\n|t:|1651736983\n|move|p1a: Scolipede|Earthquake|p2a: Aegislash\n|-supereffective|p2a: Aegislash\n|-damage|p2a: Aegislash|37\/100\n|-damage|p1a: Scolipede|81\/100|[from] item: Life Orb\n|-formechange|p2a: Aegislash|Aegislash-Blade||[from] ability: Stance Change\n|move|p2a: Aegislash|Shadow Claw|p1a: Scolipede\n|-damage|p1a: Scolipede|0 fnt\n|faint|p1a: Scolipede\n|\n|win|MLT8M1 KingRB\n|raw|Shardul888's rating: 1348 &rarr; <strong>1331<\/strong><br \/>(-17 for losing)\n|raw|MLT8M1 KingRB's rating: 1402 &rarr; <strong>1419<\/strong><br \/>(+17 for winning)\n","uploadtime":1651736988,"views":7,"p1id":"shardul888","p2id":"mlt8m1kingrb","formatid":"gen8monotype","rating":1331,"private":0,"password":null}