{"id":"gen8ou-1386944407","p1":"Orangesss","p2":"LT84JM simp","format":"gen8ou","log":"|raw|<div class=\"broadcast-blue\"><strong>This battle is required to be public due to a player having a name starting with 'lt84jm'.<\/div>\n|j|\u2606Orangesss\n|j|\u2606LT84JM simp\n|t:|1627656825\n|gametype|singles\n|player|p1|Orangesss|silver|1649\n|player|p2|LT84JM simp|ninjaboy|1585\n|teamsize|p1|6\n|teamsize|p2|6\n|gen|8\n|tier|[Gen 8] OU\n|rated|\n|rule|Sleep Clause Mod: Limit one foe put to sleep\n|rule|Species Clause: Limit one of each Pok\u00e9mon\n|rule|OHKO Clause: OHKO moves are banned\n|rule|Evasion Moves Clause: Evasion moves are banned\n|rule|Endless Battle Clause: Forcing endless battles is banned\n|rule|HP Percentage Mod: HP is shown in percentages\n|rule|Dynamax Clause: You cannot dynamax\n|clearpoke\n|poke|p1|Pelipper, F|\n|poke|p1|Barraskewda, M|\n|poke|p1|Ferrothorn, M|\n|poke|p1|Seismitoad, F|\n|poke|p1|Tapu Koko|\n|poke|p1|Tornadus-Therian, M|\n|poke|p2|Landorus-Therian, M|\n|poke|p2|Tapu Lele|\n|poke|p2|Weavile, M|\n|poke|p2|Ferrothorn, M|\n|poke|p2|Victini|\n|poke|p2|Tapu Fini|\n|teampreview\n|inactive|Battle timer is ON: inactive players will automatically lose when time's up. (requested by LT84JM simp)\n|\n|t:|1627656836\n|start\n|switch|p1a: Speed Overdose|Tapu Koko|100\/100\n|switch|p2a: Tapu Lele|Tapu Lele|100\/100\n|-fieldstart|move: Electric Terrain|[from] ability: Electric Surge|[of] p1a: Speed Overdose\n|-fieldstart|move: Psychic Terrain|[from] ability: Psychic Surge|[of] p2a: Tapu Lele\n|turn|1\n|\n|t:|1627656846\n|move|p1a: Speed Overdose|Volt Switch|p2a: Tapu Lele\n|-damage|p2a: Tapu Lele|55\/100\n|\n|t:|1627656851\n|switch|p1a: Hates rain|Ferrothorn, M|100\/100|[from]move: Volt Switch\n|move|p2a: Tapu Lele|Psyshock|p1a: Hates rain\n|-resisted|p1a: Hates rain\n|-damage|p1a: Hates rain|74\/100\n|\n|-heal|p1a: Hates rain|80\/100|[from] item: Leftovers\n|upkeep\n|turn|2\n|\n|t:|1627656860\n|switch|p2a: Victini|Victini|100\/100\n|move|p1a: Hates rain|Spikes|p2a: Victini\n|-sidestart|p2: LT84JM simp|Spikes\n|\n|-heal|p1a: Hates rain|87\/100|[from] item: Leftovers\n|upkeep\n|turn|3\n|\n|t:|1627656865\n|switch|p1a: Big Gulp sponsor|Pelipper, F|100\/100\n|-weather|RainDance|[from] ability: Drizzle|[of] p1a: Big Gulp sponsor\n|move|p2a: Victini|U-turn|p1a: Big Gulp sponsor\n|-resisted|p1a: Big Gulp sponsor\n|-damage|p1a: Big Gulp sponsor|93\/100\n|\n|t:|1627656874\n|switch|p2a: Tapu Lele|Tapu Lele|55\/100|[from]move: U-turn\n|-damage|p2a: Tapu Lele|42\/100|[from] Spikes\n|\n|-weather|RainDance|[upkeep]\n|upkeep\n|turn|4\n|\n|t:|1627656881\n|switch|p1a: Tornadus|Tornadus-Therian, M|100\/100\n|move|p2a: Tapu Lele|Focus Blast|p1a: Tornadus\n|-resisted|p1a: Tornadus\n|-damage|p1a: Tornadus|62\/100\n|\n|-weather|RainDance|[upkeep]\n|upkeep\n|turn|5\n|\n|t:|1627656889\n|switch|p2a: Ferrothorn|Ferrothorn, M|100\/100\n|-damage|p2a: Ferrothorn|88\/100|[from] Spikes\n|move|p1a: Tornadus|U-turn|p2a: Ferrothorn\n|-damage|p2a: Ferrothorn|78\/100\n|-damage|p1a: Tornadus|50\/100|[from] ability: Iron Barbs|[of] p2a: Ferrothorn\n|\n|t:|1627656894\n|switch|p1a: Agent \u00a5|Seismitoad, F|100\/100|[from]move: U-turn\n|\n|-weather|RainDance|[upkeep]\n|-heal|p2a: Ferrothorn|84\/100|[from] item: Leftovers\n|-fieldend|move: Psychic Terrain\n|upkeep\n|turn|6\n|\n|t:|1627656900\n|switch|p2a: Tapu Fini|Tapu Fini|100\/100\n|-damage|p2a: Tapu Fini|88\/100|[from] Spikes\n|-fieldstart|move: Misty Terrain|[from] ability: Misty Surge|[of] p2a: Tapu Fini\n|move|p1a: Agent \u00a5|Earth Power|p2a: Tapu Fini\n|-damage|p2a: Tapu Fini|55\/100\n|-damage|p1a: Agent \u00a5|91\/100|[from] item: Life Orb\n|\n|-weather|RainDance|[upkeep]\n|-heal|p2a: Tapu Fini|61\/100|[from] item: Leftovers\n|upkeep\n|turn|7\n|\n|t:|1627656906\n|move|p1a: Agent \u00a5|Sludge Wave|p2a: Tapu Fini\n|-supereffective|p2a: Tapu Fini\n|-damage|p2a: Tapu Fini|12\/100\n|-damage|p1a: Agent \u00a5|81\/100|[from] item: Life Orb\n|move|p2a: Tapu Fini|Moonblast|p1a: Agent \u00a5\n|-damage|p1a: Agent \u00a5|40\/100\n|\n|-weather|RainDance|[upkeep]\n|-heal|p2a: Tapu Fini|18\/100|[from] item: Leftovers\n|upkeep\n|turn|8\n|\n|t:|1627656914\n|move|p1a: Agent \u00a5|Weather Ball|p2a: Tapu Fini\n|-resisted|p2a: Tapu Fini\n|-damage|p2a: Tapu Fini|0 fnt\n|faint|p2a: Tapu Fini\n|-damage|p1a: Agent \u00a5|30\/100|[from] item: Life Orb\n|\n|-weather|RainDance|[upkeep]\n|upkeep\n|\n|t:|1627656917\n|switch|p2a: Ferrothorn|Ferrothorn, M|84\/100\n|-damage|p2a: Ferrothorn|72\/100|[from] Spikes\n|turn|9\n|\n|t:|1627656925\n|switch|p2a: Landorus|Landorus-Therian, M|100\/100\n|-ability|p2a: Landorus|Intimidate|boost\n|-unboost|p1a: Agent \u00a5|atk|1\n|move|p1a: Agent \u00a5|Earth Power|p2a: Landorus\n|-immune|p2a: Landorus\n|\n|-weather|RainDance|[upkeep]\n|upkeep\n|turn|10\n|\n|t:|1627656929\n|switch|p2a: Ferrothorn|Ferrothorn, M|72\/100\n|-damage|p2a: Ferrothorn|59\/100|[from] Spikes\n|move|p1a: Agent \u00a5|Weather Ball|p2a: Ferrothorn\n|-resisted|p2a: Ferrothorn\n|-damage|p2a: Ferrothorn|30\/100\n|-damage|p1a: Agent \u00a5|20\/100|[from] item: Life Orb\n|\n|-weather|none\n|-heal|p2a: Ferrothorn|37\/100|[from] item: Leftovers\n|-fieldend|Misty Terrain\n|upkeep\n|turn|11\n|\n|t:|1627656934\n|switch|p2a: Landorus|Landorus-Therian, M|100\/100\n|-ability|p2a: Landorus|Intimidate|boost\n|-unboost|p1a: Agent \u00a5|atk|1\n|move|p1a: Agent \u00a5|Earth Power|p2a: Landorus\n|-immune|p2a: Landorus\n|\n|upkeep\n|turn|12\n|\n|t:|1627656937\n|switch|p1a: Big Gulp sponsor|Pelipper, F|93\/100\n|-weather|RainDance|[from] ability: Drizzle|[of] p1a: Big Gulp sponsor\n|move|p2a: Landorus|Stealth Rock|p1a: Big Gulp sponsor\n|-sidestart|p1: Orangesss|move: Stealth Rock\n|\n|-weather|RainDance|[upkeep]\n|upkeep\n|turn|13\n|\n|t:|1627656942\n|move|p2a: Landorus|U-turn|p1a: Big Gulp sponsor\n|-resisted|p1a: Big Gulp sponsor\n|-damage|p1a: Big Gulp sponsor|84\/100\n|\n|t:|1627656945\n|switch|p2a: Ferrothorn|Ferrothorn, M|37\/100|[from]move: U-turn\n|-damage|p2a: Ferrothorn|24\/100|[from] Spikes\n|move|p1a: Big Gulp sponsor|U-turn|p2a: Ferrothorn\n|-damage|p2a: Ferrothorn|18\/100\n|-damage|p1a: Big Gulp sponsor|72\/100|[from] ability: Iron Barbs|[of] p2a: Ferrothorn\n|\n|t:|1627656954\n|switch|p1a: Agent \u00a5|Seismitoad, F|20\/100|[from]move: U-turn\n|-damage|p1a: Agent \u00a5|14\/100|[from] Stealth Rock\n|\n|-weather|RainDance|[upkeep]\n|-heal|p2a: Ferrothorn|24\/100|[from] item: Leftovers\n|upkeep\n|turn|14\n|\n|t:|1627656962\n|move|p1a: Agent \u00a5|Weather Ball|p2a: Ferrothorn\n|-resisted|p2a: Ferrothorn\n|-damage|p2a: Ferrothorn|0 fnt\n|faint|p2a: Ferrothorn\n|-damage|p1a: Agent \u00a5|4\/100|[from] item: Life Orb\n|\n|-weather|RainDance|[upkeep]\n|upkeep\n|\n|t:|1627656965\n|switch|p2a: Weavile|Weavile, M|100\/100\n|-ability|p2a: Weavile|Pressure\n|turn|15\n|\n|t:|1627656977\n|switch|p1a: Hates rain|Ferrothorn, M|87\/100\n|-damage|p1a: Hates rain|80\/100|[from] Stealth Rock\n|move|p2a: Weavile|Ice Shard|p1a: Hates rain\n|-damage|p1a: Hates rain|69\/100\n|\n|-weather|RainDance|[upkeep]\n|-heal|p1a: Hates rain|75\/100|[from] item: Leftovers\n|upkeep\n|turn|16\n|\n|t:|1627656981\n|switch|p2a: Victini|Victini|100\/100\n|move|p1a: Hates rain|Gyro Ball|p2a: Victini\n|-resisted|p2a: Victini\n|-damage|p2a: Victini|73\/100\n|\n|-weather|RainDance|[upkeep]\n|-heal|p1a: Hates rain|81\/100|[from] item: Leftovers\n|upkeep\n|turn|17\n|\n|t:|1627656991\n|switch|p1a: Tornadus|Tornadus-Therian, M|83\/100\n|move|p2a: Victini|Blue Flare|p1a: Tornadus\n|-damage|p1a: Tornadus|56\/100\n|\n|-weather|RainDance|[upkeep]\n|upkeep\n|turn|18\n|\n|t:|1627656999\n|move|p1a: Tornadus|Knock Off|p2a: Victini\n|-supereffective|p2a: Victini\n|-damage|p2a: Victini|29\/100\n|-enditem|p2a: Victini|Heavy-Duty Boots|[from] move: Knock Off|[of] p1a: Tornadus\n|move|p2a: Victini|U-turn|p1a: Tornadus\n|-resisted|p1a: Tornadus\n|-damage|p1a: Tornadus|45\/100\n|\n|t:|1627657005\n|switch|p2a: Weavile|Weavile, M|100\/100|[from]move: U-turn\n|-ability|p2a: Weavile|Pressure\n|\n|-weather|RainDance|[upkeep]\n|upkeep\n|turn|19\n|\n|t:|1627657009\n|move|p2a: Weavile|Swords Dance|p2a: Weavile\n|-boost|p2a: Weavile|atk|2\n|move|p1a: Tornadus|U-turn|p2a: Weavile\n|-supereffective|p2a: Weavile\n|-damage|p2a: Weavile|51\/100\n|\n|t:|1627657021\n|switch|p1a: Speed Overdose|Tapu Koko|100\/100|[from]move: U-turn\n|-damage|p1a: Speed Overdose|88\/100|[from] Stealth Rock\n|-fieldstart|move: Electric Terrain|[from] ability: Electric Surge|[of] p1a: Speed Overdose\n|\n|-weather|none\n|upkeep\n|turn|20\n|\n|t:|1627657024\n|switch|p2a: Landorus|Landorus-Therian, M|100\/100\n|-ability|p2a: Landorus|Intimidate|boost\n|-unboost|p1a: Speed Overdose|atk|1\n|move|p1a: Speed Overdose|Dazzling Gleam|p2a: Landorus\n|-damage|p2a: Landorus|51\/100\n|\n|upkeep\n|turn|21\n|\n|t:|1627657033\n|switch|p1a: Big Gulp sponsor|Pelipper, F|72\/100\n|-damage|p1a: Big Gulp sponsor|47\/100|[from] Stealth Rock\n|-weather|RainDance|[from] ability: Drizzle|[of] p1a: Big Gulp sponsor\n|move|p2a: Landorus|U-turn|p1a: Big Gulp sponsor\n|-resisted|p1a: Big Gulp sponsor\n|-damage|p1a: Big Gulp sponsor|39\/100\n|\n|t:|1627657041\n|switch|p2a: Weavile|Weavile, M|51\/100|[from]move: U-turn\n|-ability|p2a: Weavile|Pressure\n|\n|-weather|RainDance|[upkeep]\n|upkeep\n|turn|22\n|\n|t:|1627657048\n|switch|p1a: Agent \u00a5|Seismitoad, F|4\/100\n|-damage|p1a: Agent \u00a5|0 fnt|[from] Stealth Rock\n|faint|p1a: Agent \u00a5\n|move|p2a: Weavile|Knock Off|p1: Agent \u00a5|[notarget]\n|-fail|p2a: Weavile\n|\n|-weather|RainDance|[upkeep]\n|upkeep\n|\n|t:|1627657051\n|switch|p1a: One fish two fish|Barraskewda, M|100\/100\n|-damage|p1a: One fish two fish|88\/100|[from] Stealth Rock\n|turn|23\n|\n|t:|1627657054\n|switch|p2a: Landorus|Landorus-Therian, M|51\/100\n|-ability|p2a: Landorus|Intimidate|boost\n|-unboost|p1a: One fish two fish|atk|1\n|move|p1a: One fish two fish|Liquidation|p2a: Landorus\n|-supereffective|p2a: Landorus\n|-damage|p2a: Landorus|0 fnt\n|-damage|p1a: One fish two fish|72\/100|[from] item: Rocky Helmet|[of] p2a: Landorus\n|faint|p2a: Landorus\n|\n|-weather|RainDance|[upkeep]\n|-fieldend|move: Electric Terrain\n|upkeep\n|\n|t:|1627657057\n|switch|p2a: Weavile|Weavile, M|51\/100\n|-ability|p2a: Weavile|Pressure\n|turn|24\n|\n|t:|1627657060\n|move|p1a: One fish two fish|Liquidation|p2a: Weavile\n|-damage|p2a: Weavile|0 fnt\n|faint|p2a: Weavile\n|\n|-weather|RainDance|[upkeep]\n|upkeep\n|\n|t:|1627657062\n|switch|p2a: Tapu Lele|Tapu Lele|42\/100\n|-damage|p2a: Tapu Lele|30\/100|[from] Spikes\n|-fieldstart|move: Psychic Terrain|[from] ability: Psychic Surge|[of] p2a: Tapu Lele\n|turn|25\n|\n|t:|1627657068\n|move|p1a: One fish two fish|Liquidation|p2a: Tapu Lele\n|-damage|p2a: Tapu Lele|0 fnt\n|faint|p2a: Tapu Lele\n|\n|-weather|RainDance|[upkeep]\n|upkeep\n|\n|t:|1627657071\n|switch|p2a: Victini|Victini|29\/100\n|-damage|p2a: Victini|16\/100|[from] Spikes\n|turn|26\n|\n|t:|1627657077\n|move|p1a: One fish two fish|Liquidation|p2a: Victini\n|-supereffective|p2a: Victini\n|-crit|p2a: Victini\n|-damage|p2a: Victini|0 fnt\n|faint|p2a: Victini\n|\n|win|Orangesss\n|raw|Orangesss's rating: 1649 &rarr; <strong>1665<\/strong><br \/>(+16 for winning)\n|raw|LT84JM simp's rating: 1585 &rarr; <strong>1569<\/strong><br \/>(-16 for losing)\n|l|\u2606LT84JM simp\n","uploadtime":1627657091,"views":13,"p1id":"orangesss","p2id":"lt84jmsimp","formatid":"gen8ou","rating":1569,"private":0,"password":null}