{"id":"gen8nationaldex-1674588919","p1":"MurderousMantyke","p2":"TILTEDUSER19155696","format":"gen8nationaldex","log":"|j|\u2606MurderousMantyke\n|j|\u2606TILTEDUSER19155696\n|t:|1664579153\n|gametype|singles\n|player|p1|MurderousMantyke|#helpstaffxmas|1827\n|player|p2|TILTEDUSER19155696|acetrainerf|1707\n|teamsize|p1|6\n|teamsize|p2|6\n|gen|8\n|tier|[Gen 8] National Dex\n|rated|\n|rule|HP Percentage Mod: HP is shown in percentages\n|rule|Endless Battle Clause: Forcing endless battles is banned\n|rule|OHKO Clause: OHKO moves are banned\n|rule|Evasion Moves Clause: Evasion moves are banned\n|rule|Species Clause: Limit one of each Pok\u00e9mon\n|rule|Dynamax Clause: You cannot dynamax\n|rule|Sleep Clause Mod: Limit one foe put to sleep\n|clearpoke\n|poke|p1|Kartana|\n|poke|p1|Rotom-Wash|\n|poke|p1|Nihilego|\n|poke|p1|Bisharp, F|\n|poke|p1|Landorus-Therian, M|\n|poke|p1|Volcarona, M|\n|poke|p2|Tapu Lele|\n|poke|p2|Urshifu-*, M|\n|poke|p2|Zapdos|\n|poke|p2|Heatran, F|\n|poke|p2|Venusaur, F|\n|poke|p2|Landorus-Therian, M|\n|teampreview\n|inactive|Battle timer is ON: inactive players will automatically lose when time's up. (requested by MurderousMantyke)\n|c|\u2606MurderousMantyke|hf\n|c|\u2606TILTEDUSER19155696|u2\n|inactiveoff|Battle timer is now OFF.\n|c|\u2606MurderousMantyke|sec\n|c|\u2606TILTEDUSER19155696|K\n|inactive|Battle timer is ON: inactive players will automatically lose when time's up. (requested by MurderousMantyke)\n|c|\u2606MurderousMantyke|ty\n|\n|t:|1664579214\n|start\n|switch|p1a: Landorus|Landorus-Therian, M|100\/100\n|switch|p2a: ITOSHI SAE|Urshifu-Rapid-Strike, M|100\/100\n|-ability|p1a: Landorus|Intimidate|boost\n|-unboost|p2a: ITOSHI SAE|atk|1\n|turn|1\n|\n|t:|1664579222\n|move|p2a: ITOSHI SAE|U-turn|p1a: Landorus\n|-resisted|p1a: Landorus\n|-damage|p1a: Landorus|94\/100\n|-damage|p2a: ITOSHI SAE|84\/100|[from] item: Rocky Helmet|[of] p1a: Landorus\n|\n|t:|1664579224\n|switch|p2a: ISAGI YOICHI|Landorus-Therian, M|100\/100|[from]move: U-turn\n|-ability|p2a: ISAGI YOICHI|Intimidate|boost\n|-unboost|p1a: Landorus|atk|1\n|move|p1a: Landorus|U-turn|p2a: ISAGI YOICHI\n|-resisted|p2a: ISAGI YOICHI\n|-damage|p2a: ISAGI YOICHI|91\/100\n|\n|t:|1664579228\n|switch|p1a: Rotom|Rotom-Wash|100\/100|[from]move: U-turn\n|\n|upkeep\n|turn|2\n|\n|t:|1664579238\n|switch|p2a: wayYy 2 much|Venusaur, F|100\/100\n|move|p1a: Rotom|Hydro Pump|p2a: wayYy 2 much\n|-resisted|p2a: wayYy 2 much\n|-damage|p2a: wayYy 2 much|83\/100\n|\n|upkeep\n|turn|3\n|\n|t:|1664579246\n|detailschange|p2a: wayYy 2 much|Venusaur-Mega, F\n|-mega|p2a: wayYy 2 much|Venusaur|Venusaurite\n|move|p2a: wayYy 2 much|Sleep Powder|p1a: Rotom\n|-status|p1a: Rotom|slp|[from] move: Sleep Powder\n|cant|p1a: Rotom|slp\n|\n|upkeep\n|turn|4\n|\n|t:|1664579256\n|switch|p2a: ITOSHI SAE|Urshifu-Rapid-Strike, M|84\/100\n|switch|p1a: Volcarona|Volcarona, M|100\/100\n|\n|upkeep\n|turn|5\n|\n|t:|1664579263\n|switch|p1a: Rotom|Rotom-Wash|100\/100 slp\n|move|p2a: ITOSHI SAE|U-turn|p1a: Rotom\n|-damage|p1a: Rotom|74\/100 slp\n|\n|t:|1664579267\n|switch|p2a: moon relate~|Tapu Lele, shiny|100\/100|[from]move: U-turn\n|-fieldstart|move: Psychic Terrain|[from] ability: Psychic Surge|[of] p2a: moon relate~\n|\n|-heal|p1a: Rotom|80\/100 slp|[from] item: Leftovers\n|upkeep\n|turn|6\n|\n|t:|1664579270\n|move|p2a: moon relate~|Psyshock|p1a: Rotom\n|-damage|p1a: Rotom|17\/100 slp\n|-curestatus|p1a: Rotom|slp|[msg]\n|move|p1a: Rotom|Hydro Pump|p2a: moon relate~\n|-damage|p2a: moon relate~|74\/100\n|\n|-heal|p1a: Rotom|23\/100|[from] item: Leftovers\n|upkeep\n|turn|7\n|\n|t:|1664579274\n|move|p2a: moon relate~|Moonblast|p1a: Rotom\n|-damage|p1a: Rotom|0 fnt\n|faint|p1a: Rotom\n|\n|upkeep\n|\n|t:|1664579285\n|switch|p1a: Kartana|Kartana|100\/100\n|turn|8\n|\n|t:|1664579291\n|switch|p2a: ISAGI YOICHI|Landorus-Therian, M|91\/100\n|-ability|p2a: ISAGI YOICHI|Intimidate|boost\n|-unboost|p1a: Kartana|atk|1\n|move|p1a: Kartana|Knock Off|p2a: ISAGI YOICHI\n|-damage|p2a: ISAGI YOICHI|69\/100\n|\n|upkeep\n|turn|9\n|\n|t:|1664579296\n|switch|p1a: Landorus|Landorus-Therian, M|94\/100\n|-ability|p1a: Landorus|Intimidate|boost\n|-unboost|p2a: ISAGI YOICHI|atk|1\n|move|p2a: ISAGI YOICHI|Swords Dance|p2a: ISAGI YOICHI\n|-boost|p2a: ISAGI YOICHI|atk|2\n|\n|-fieldend|move: Psychic Terrain\n|upkeep\n|turn|10\n|\n|t:|1664579300\n|-zpower|p2a: ISAGI YOICHI\n|move|p2a: ISAGI YOICHI|Continental Crush|p1a: Landorus|[zeffect]\n|-damage|p1a: Landorus|24\/100\n|move|p1a: Landorus|Stealth Rock|p2a: ISAGI YOICHI\n|-sidestart|p2: TILTEDUSER19155696|move: Stealth Rock\n|\n|upkeep\n|turn|11\n|\n|t:|1664579304\n|move|p2a: ISAGI YOICHI|Stone Edge|p1a: Landorus\n|-damage|p1a: Landorus|0 fnt\n|faint|p1a: Landorus\n|\n|upkeep\n|\n|t:|1664579307\n|switch|p1a: Nihilego|Nihilego|100\/100\n|turn|12\n|\n|t:|1664579329\n|switch|p2a: Heatran|Heatran, F|100\/100\n|-damage|p2a: Heatran|88\/100|[from] Stealth Rock\n|move|p1a: Nihilego|Meteor Beam||[still]\n|-prepare|p1a: Nihilego|Meteor Beam\n|-boost|p1a: Nihilego|spa|1\n|-enditem|p1a: Nihilego|Power Herb\n|-anim|p1a: Nihilego|Meteor Beam|p2a: Heatran\n|-damage|p2a: Heatran|32\/100\n|\n|-heal|p2a: Heatran|38\/100|[from] item: Leftovers\n|upkeep\n|turn|13\n|\n|t:|1664579341\n|move|p1a: Nihilego|Power Gem|p2a: Heatran\n|-damage|p2a: Heatran|2\/100\n|move|p2a: Heatran|Earth Power|p1a: Nihilego\n|-supereffective|p1a: Nihilego\n|-damage|p1a: Nihilego|31\/100\n|\n|-heal|p2a: Heatran|8\/100|[from] item: Leftovers\n|upkeep\n|turn|14\n|\n|t:|1664579343\n|move|p1a: Nihilego|Power Gem|p2a: Heatran\n|-crit|p2a: Heatran\n|-damage|p2a: Heatran|0 fnt\n|faint|p2a: Heatran\n|-ability|p1a: Nihilego|Beast Boost|boost\n|-boost|p1a: Nihilego|spe|1\n|\n|upkeep\n|\n|t:|1664579346\n|switch|p2a: ITOSHI SAE|Urshifu-Rapid-Strike, M|84\/100\n|-damage|p2a: ITOSHI SAE|78\/100|[from] Stealth Rock\n|turn|15\n|\n|t:|1664579348\n|move|p2a: ITOSHI SAE|Aqua Jet|p1a: Nihilego\n|-supereffective|p1a: Nihilego\n|-damage|p1a: Nihilego|0 fnt\n|faint|p1a: Nihilego\n|\n|upkeep\n|\n|t:|1664579353\n|switch|p1a: Kartana|Kartana|100\/100\n|turn|16\n|\n|t:|1664579362\n|switch|p1a: Bisharp|Bisharp, F|100\/100\n|switch|p2a: Zapdos|Zapdos|100\/100\n|\n|upkeep\n|turn|17\n|\n|t:|1664579368\n|-zpower|p1a: Bisharp\n|move|p1a: Bisharp|Black Hole Eclipse|p2a: Zapdos|[zeffect]\n|-damage|p2a: Zapdos|41\/100\n|move|p2a: Zapdos|Heat Wave|p1a: Bisharp\n|-supereffective|p1a: Bisharp\n|-crit|p1a: Bisharp\n|-damage|p1a: Bisharp|0 fnt\n|faint|p1a: Bisharp\n|\n|upkeep\n|\n|t:|1664579374\n|switch|p1a: Volcarona|Volcarona, M|100\/100\n|turn|18\n|\n|t:|1664579377\n|move|p1a: Volcarona|Flamethrower|p2a: Zapdos\n|-damage|p2a: Zapdos|0 fnt\n|faint|p2a: Zapdos\n|\n|upkeep\n|\n|t:|1664579384\n|switch|p2a: moon relate~|Tapu Lele, shiny|74\/100\n|-damage|p2a: moon relate~|61\/100|[from] Stealth Rock\n|-fieldstart|move: Psychic Terrain|[from] ability: Psychic Surge|[of] p2a: moon relate~\n|turn|19\n|\n|t:|1664579387\n|move|p1a: Volcarona|Flamethrower|p2a: moon relate~\n|-damage|p2a: moon relate~|30\/100\n|move|p2a: moon relate~|Psyshock|p1a: Volcarona\n|-damage|p1a: Volcarona|14\/100\n|\n|upkeep\n|turn|20\n|\n|t:|1664579391\n|move|p1a: Volcarona|Flamethrower|p2a: moon relate~\n|-damage|p2a: moon relate~|0 fnt\n|faint|p2a: moon relate~\n|\n|upkeep\n|\n|t:|1664579396\n|switch|p2a: ITOSHI SAE|Urshifu-Rapid-Strike, M|78\/100\n|-damage|p2a: ITOSHI SAE|72\/100|[from] Stealth Rock\n|turn|21\n|\n|t:|1664579399\n|move|p2a: ITOSHI SAE|Aqua Jet|p1a: Volcarona\n|-activate|p1a: Volcarona|move: Psychic Terrain\n|move|p1a: Volcarona|Psychic|p2a: ITOSHI SAE\n|-supereffective|p2a: ITOSHI SAE\n|-damage|p2a: ITOSHI SAE|0 fnt\n|faint|p2a: ITOSHI SAE\n|\n|upkeep\n|\n|t:|1664579401\n|switch|p2a: ISAGI YOICHI|Landorus-Therian, M|69\/100\n|-damage|p2a: ISAGI YOICHI|57\/100|[from] Stealth Rock\n|-ability|p2a: ISAGI YOICHI|Intimidate|boost\n|-unboost|p1a: Volcarona|atk|1\n|turn|22\n|c|\u2606TILTEDUSER19155696|misclick\n|c|\u2606TILTEDUSER19155696|rofl\n|c|\u2606MurderousMantyke|zam\n|\n|t:|1664579411\n|move|p1a: Volcarona|Flamethrower|p2a: ISAGI YOICHI\n|-damage|p2a: ISAGI YOICHI|0 fnt\n|faint|p2a: ISAGI YOICHI\n|\n|upkeep\n|\n|t:|1664579412\n|switch|p2a: wayYy 2 much|Venusaur-Mega, F|83\/100\n|-damage|p2a: wayYy 2 much|71\/100|[from] Stealth Rock\n|turn|23\n|\n|t:|1664579414\n|move|p1a: Volcarona|Psychic|p2a: wayYy 2 much\n|-supereffective|p2a: wayYy 2 much\n|-crit|p2a: wayYy 2 much\n|-damage|p2a: wayYy 2 much|0 fnt\n|faint|p2a: wayYy 2 much\n|\n|win|MurderousMantyke\n|raw|MurderousMantyke's rating: 1827 &rarr; <strong>1840<\/strong><br \/>(+13 for winning)\n|raw|TILTEDUSER19155696's rating: 1707 &rarr; <strong>1694<\/strong><br \/>(-13 for losing)\n|c|\u2606MurderousMantyke|gg\n|c|\u2606TILTEDUSER19155696|GG\n|l|\u2606TILTEDUSER19155696\n|j| sealoo\n||Ladder isn't responding, score probably updated but might not have (Request timeout).\n|j| LocalMetagross\n|l| LocalMetagross\n","uploadtime":1664579969,"views":6,"p1id":"murderousmantyke","p2id":"tilteduser19155696","formatid":"gen8nationaldex","rating":1694,"private":0,"password":null}