{"id":"gen8ou-1427591210","p1":"Corumba","p2":"tumor prostate","format":"gen8ou","log":"|j|\u2606Corumba\n|j|\u2606tumor prostate\n|t:|1633129501\n|gametype|singles\n|player|p1|Corumba|schoolkid-gen4|1782\n|player|p2|tumor prostate|rosa|1801\n|teamsize|p1|6\n|teamsize|p2|6\n|gen|8\n|tier|[Gen 8] OU\n|rated|\n|rule|Sleep Clause Mod: Limit one foe put to sleep\n|rule|Species Clause: Limit one of each Pok\u00e9mon\n|rule|OHKO Clause: OHKO moves are banned\n|rule|Evasion Moves Clause: Evasion moves are banned\n|rule|Endless Battle Clause: Forcing endless battles is banned\n|rule|HP Percentage Mod: HP is shown in percentages\n|rule|Dynamax Clause: You cannot dynamax\n|clearpoke\n|poke|p1|Melmetal|\n|poke|p1|Mamoswine, F|\n|poke|p1|Ferrothorn, F|\n|poke|p1|Tornadus-Therian, M|\n|poke|p1|Dragapult, F|\n|poke|p1|Dragonite, M|\n|poke|p2|Tapu Fini|\n|poke|p2|Weavile, M|\n|poke|p2|Landorus-Therian, M|\n|poke|p2|Kartana|\n|poke|p2|Garchomp, M|\n|poke|p2|Volcarona, F|\n|teampreview\n|j| BeVirginSucks\n|\n|t:|1633129511\n|start\n|switch|p1a: Mamoswine|Mamoswine, F|100\/100\n|switch|p2a: Landorus|Landorus-Therian, M|100\/100\n|-ability|p2a: Landorus|Intimidate|boost\n|-unboost|p1a: Mamoswine|atk|1\n|turn|1\n|\n|t:|1633129516\n|move|p1a: Mamoswine|Ice Shard|p2a: Landorus\n|-supereffective|p2a: Landorus\n|-damage|p2a: Landorus|28\/100\n|move|p2a: Landorus|Stealth Rock|p1a: Mamoswine\n|-sidestart|p1: Corumba|move: Stealth Rock\n|\n|upkeep\n|turn|2\n|j| jiopli\n|\n|t:|1633129521\n|switch|p2a: Tapu Fini|Tapu Fini|100\/100\n|-fieldstart|move: Misty Terrain|[from] ability: Misty Surge|[of] p2a: Tapu Fini\n|move|p1a: Mamoswine|Ice Shard|p2a: Tapu Fini\n|-resisted|p2a: Tapu Fini\n|-damage|p2a: Tapu Fini|94\/100\n|\n|-heal|p2a: Tapu Fini|99\/100|[from] item: Leftovers\n|upkeep\n|turn|3\n|j| OnGroveStreet\n|\n|t:|1633129529\n|switch|p1a: Ferrothorn|Ferrothorn, F|100\/100\n|-damage|p1a: Ferrothorn|95\/100|[from] Stealth Rock\n|switch|p2a: Volcarona|Volcarona, F|100\/100\n|\n|-heal|p1a: Ferrothorn|100\/100|[from] item: Leftovers\n|upkeep\n|turn|4\n|c| BeVirginSucks|omg tumor prostate... thats painful :o\n|j| BabyPigsAreLaughin\n|j| Rookie55\n|\n|t:|1633129536\n|switch|p1a: Dragonite|Dragonite, M|100\/100\n|move|p2a: Volcarona|Fiery Dance|p1a: Dragonite\n|-resisted|p1a: Dragonite\n|-damage|p1a: Dragonite|91\/100\n|\n|upkeep\n|turn|5\n|\n|t:|1633129542\n|switch|p2a: Landorus|Landorus-Therian, M|28\/100\n|-ability|p2a: Landorus|Intimidate|boost\n|-unboost|p1a: Dragonite|atk|1\n|move|p1a: Dragonite|Roost|p1a: Dragonite\n|-heal|p1a: Dragonite|100\/100\n|-singleturn|p1a: Dragonite|move: Roost\n|\n|upkeep\n|turn|6\n|\n|t:|1633129545\n|move|p2a: Landorus|Explosion|p1a: Dragonite\n|-damage|p1a: Dragonite|58\/100\n|faint|p2a: Landorus\n|move|p1a: Dragonite|Ice Beam|p2: Landorus|[notarget]\n|-fail|p1a: Dragonite\n|\n|-fieldend|Misty Terrain\n|upkeep\n|\n|t:|1633129553\n|switch|p2a: Weavile|Weavile, M|100\/100\n|-ability|p2a: Weavile|Pressure\n|turn|7\n|\n|t:|1633129557\n|switch|p1a: Melmetal|Melmetal|100\/100\n|-damage|p1a: Melmetal|94\/100|[from] Stealth Rock\n|move|p2a: Weavile|Swords Dance|p2a: Weavile\n|-boost|p2a: Weavile|atk|2\n|\n|-heal|p1a: Melmetal|100\/100|[from] item: Leftovers\n|upkeep\n|turn|8\n|j| vepp\n|\n|t:|1633129563\n|move|p2a: Weavile|Knock Off|p1a: Melmetal\n|-damage|p1a: Melmetal|46\/100\n|-enditem|p1a: Melmetal|Leftovers|[from] move: Knock Off|[of] p2a: Weavile\n|move|p1a: Melmetal|Rock Slide|p2a: Weavile\n|-supereffective|p2a: Weavile\n|-crit|p2a: Weavile\n|-damage|p2a: Weavile|0 fnt\n|faint|p2a: Weavile\n|\n|upkeep\n|\n|t:|1633129571\n|switch|p2a: Garchomp|Garchomp, M|100\/100\n|turn|9\n|\n|t:|1633129580\n|switch|p1a: Tornadus|Tornadus-Therian, M|100\/100\n|-damage|p1a: Tornadus|76\/100|[from] Stealth Rock\n|move|p2a: Garchomp|Swords Dance|p2a: Garchomp\n|-boost|p2a: Garchomp|atk|2\n|\n|upkeep\n|turn|10\n|j| Pxnzerwolf\n|\n|t:|1633129589\n|move|p1a: Tornadus|Air Slash|p2a: Garchomp\n|-damage|p2a: Garchomp|59\/100\n|cant|p2a: Garchomp|flinch\n|\n|upkeep\n|turn|11\n|\n|t:|1633129598\n|move|p1a: Tornadus|Air Slash|p2a: Garchomp\n|-damage|p2a: Garchomp|21\/100\n|move|p2a: Garchomp|Scale Shot|p1a: Tornadus\n|-damage|p1a: Tornadus|32\/100\n|-damage|p1a: Tornadus|0 fnt\n|faint|p1a: Tornadus\n|-hitcount|p1: Tornadus|2\n|-unboost|p2a: Garchomp|def|1\n|-boost|p2a: Garchomp|spe|1\n|-damage|p2a: Garchomp|11\/100|[from] item: Life Orb\n|\n|upkeep\n|\n|t:|1633129603\n|switch|p1a: Mamoswine|Mamoswine, F|100\/100\n|turn|12\n|\n|t:|1633129609\n|move|p1a: Mamoswine|Ice Shard|p2a: Garchomp\n|-supereffective|p2a: Garchomp\n|-damage|p2a: Garchomp|0 fnt\n|faint|p2a: Garchomp\n|\n|upkeep\n|\n|t:|1633129613\n|switch|p2a: Kartana|Kartana|100\/100\n|turn|13\n|\n|t:|1633129619\n|switch|p1a: Ferrothorn|Ferrothorn, F|100\/100\n|-damage|p1a: Ferrothorn|95\/100|[from] Stealth Rock\n|move|p2a: Kartana|Swords Dance|p2a: Kartana\n|-boost|p2a: Kartana|atk|2\n|\n|-heal|p1a: Ferrothorn|100\/100|[from] item: Leftovers\n|upkeep\n|turn|14\n|\n|t:|1633129625\n|move|p2a: Kartana|Sacred Sword|p1a: Ferrothorn\n|-supereffective|p1a: Ferrothorn\n|-damage|p1a: Ferrothorn|0 fnt\n|-damage|p2a: Kartana|88\/100|[from] ability: Iron Barbs|[of] p1a: Ferrothorn\n|faint|p1a: Ferrothorn\n|-ability|p2a: Kartana|Beast Boost|boost\n|-boost|p2a: Kartana|spe|1\n|-damage|p2a: Kartana|78\/100|[from] item: Life Orb\n|\n|upkeep\n|\n|t:|1633129632\n|switch|p1a: Dragonite|Dragonite, M|58\/100\n|turn|15\n|\n|t:|1633129635\n|move|p2a: Kartana|Knock Off|p1a: Dragonite\n|-damage|p1a: Dragonite|0 fnt\n|-enditem|p1a: Dragonite|Heavy-Duty Boots|[from] move: Knock Off|[of] p2a: Kartana\n|faint|p1a: Dragonite\n|-ability|p2a: Kartana|Beast Boost|boost\n|-boost|p2a: Kartana|spe|1\n|-damage|p2a: Kartana|68\/100|[from] item: Life Orb\n|\n|upkeep\n|-message|Corumba forfeited.\n|\n|win|tumor prostate\n|raw|Corumba's rating: 1782 &rarr; <strong>1763<\/strong><br \/>(-19 for losing)\n|raw|tumor prostate's rating: 1801 &rarr; <strong>1820<\/strong><br \/>(+19 for winning)\n|l|\u2606Corumba\n|c|\u2606tumor prostate|ggs\n|l| Pxnzerwolf\n|l| BeVirginSucks\n|l| Rookie55\n|l| jiopli\n","uploadtime":1633129645,"views":42,"p1id":"corumba","p2id":"tumorprostate","formatid":"gen8ou","rating":1763,"private":0,"password":null}