{"id":"gen8ou-1317570700","p1":"Burnt Bright","p2":"the_strategist123","format":"gen8ou","log":"|j|\u2606Burnt Bright\n|j|\u2606the_strategist123\n|t:|1617893350\n|gametype|singles\n|player|p1|Burnt Bright|parasollady-gen4|1632\n|player|p2|the_strategist123|cyrus|1574\n|teamsize|p1|6\n|teamsize|p2|6\n|gen|8\n|tier|[Gen 8] OU\n|rated|\n|clearpoke\n|poke|p1|Corviknight, M|\n|poke|p1|Landorus-Therian, M|\n|poke|p1|Slowking-Galar, M|\n|poke|p1|Hippowdon, F|\n|poke|p1|Dragapult, M|\n|poke|p1|Zeraora|\n|poke|p2|Garchomp, M|\n|poke|p2|Tapu Lele|\n|poke|p2|Corviknight, F|\n|poke|p2|Blissey, F|\n|poke|p2|Heatran, F|\n|poke|p2|Dragapult, F|\n|rule|Sleep Clause Mod: Limit one foe put to sleep\n|rule|Species Clause: Limit one of each Pok\u00e9mon\n|rule|OHKO Clause: OHKO moves are banned\n|rule|Evasion Moves Clause: Evasion moves are banned\n|rule|Endless Battle Clause: Forcing endless battles is banned\n|rule|HP Percentage Mod: HP is shown in percentages\n|rule|Dynamax Clause: You cannot dynamax\n|teampreview\n|inactive|Battle timer is ON: inactive players will automatically lose when time's up. (requested by the_strategist123)\n|\n|t:|1617893361\n|start\n|switch|p1a: Landorus|Landorus-Therian, M|100\/100\n|switch|p2a: Garchomp|Garchomp, M|100\/100\n|-ability|p1a: Landorus|Intimidate|boost\n|-unboost|p2a: Garchomp|atk|1\n|turn|1\n|\n|t:|1617893367\n|switch|p1a: Corviknight|Corviknight, M|100\/100\n|-ability|p1a: Corviknight|Pressure\n|move|p2a: Garchomp|Stealth Rock|p1a: Corviknight\n|-sidestart|p1: Burnt Bright|move: Stealth Rock\n|\n|upkeep\n|turn|2\n|\n|t:|1617893376\n|switch|p2a: Heatran|Heatran, F|100\/100\n|move|p1a: Corviknight|Defog|p2a: Heatran\n|-unboost|p2a: Heatran|evasion|1\n|-sideend|p1: Burnt Bright|Stealth Rock|[from] move: Defog|[of] p1a: Corviknight\n|\n|upkeep\n|turn|3\n|\n|t:|1617893381\n|switch|p2a: Garchomp|Garchomp, M|100\/100\n|switch|p1a: Slowking|Slowking-Galar, M|100\/100\n|\n|upkeep\n|turn|4\n|\n|t:|1617893388\n|move|p2a: Garchomp|Stealth Rock|p1a: Slowking\n|-sidestart|p1: Burnt Bright|move: Stealth Rock\n|move|p1a: Slowking|Future Sight|p2a: Garchomp\n|-start|p1a: Slowking|move: Future Sight\n|\n|upkeep\n|turn|5\n|\n|t:|1617893396\n|switch|p2a: Heatran|Heatran, F|100\/100\n|switch|p1a: Corviknight|Corviknight, M|100\/100\n|-damage|p1a: Corviknight|88\/100|[from] Stealth Rock\n|-ability|p1a: Corviknight|Pressure\n|\n|upkeep\n|turn|6\n|\n|t:|1617893401\n|switch|p1a: Slowking|Slowking-Galar, M|100\/100\n|-damage|p1a: Slowking|88\/100|[from] Stealth Rock\n|move|p2a: Heatran|Magma Storm|p1a: Slowking\n|-damage|p1a: Slowking|66\/100\n|-activate|p1a: Slowking|move: Magma Storm|[of] p2a: Heatran\n|\n|-end|p2a: Heatran|move: Future Sight\n|-resisted|p2a: Heatran\n|-damage|p2a: Heatran|79\/100\n|-heal|p2a: Heatran|85\/100|[from] item: Leftovers\n|-damage|p1a: Slowking|54\/100|[from] move: Magma Storm|[partiallytrapped]\n|upkeep\n|turn|7\n|\n|t:|1617893405\n|move|p2a: Heatran|Earth Power|p1a: Slowking\n|-supereffective|p1a: Slowking\n|-damage|p1a: Slowking|26\/100\n|move|p1a: Slowking|Earthquake|p2a: Heatran\n|-supereffective|p2a: Heatran\n|-damage|p2a: Heatran|37\/100\n|\n|-heal|p2a: Heatran|44\/100|[from] item: Leftovers\n|-damage|p1a: Slowking|14\/100|[from] move: Magma Storm|[partiallytrapped]\n|upkeep\n|turn|8\n|\n|t:|1617893411\n|move|p2a: Heatran|Earth Power|p1a: Slowking\n|-supereffective|p1a: Slowking\n|-damage|p1a: Slowking|0 fnt\n|faint|p1a: Slowking\n|\n|-heal|p2a: Heatran|50\/100|[from] item: Leftovers\n|upkeep\n|\n|t:|1617893419\n|switch|p1a: Dragapult|Dragapult, M|100\/100\n|-damage|p1a: Dragapult|88\/100|[from] Stealth Rock\n|turn|9\n|\n|t:|1617893430\n|switch|p1a: Hippowdon|Hippowdon, F|100\/100\n|-damage|p1a: Hippowdon|94\/100|[from] Stealth Rock\n|-weather|Sandstorm|[from] ability: Sand Stream|[of] p1a: Hippowdon\n|switch|p2a: Blissey|Blissey, F|100\/100\n|\n|-weather|Sandstorm|[upkeep]\n|-damage|p2a: Blissey|94\/100|[from] Sandstorm\n|-heal|p1a: Hippowdon|100\/100|[from] item: Leftovers\n|upkeep\n|turn|10\n|\n|t:|1617893434\n|move|p2a: Blissey|Toxic|p1a: Hippowdon\n|-status|p1a: Hippowdon|tox\n|move|p1a: Hippowdon|Stealth Rock|p2a: Blissey\n|-sidestart|p2: the_strategist123|move: Stealth Rock\n|\n|-weather|Sandstorm|[upkeep]\n|-damage|p2a: Blissey|88\/100|[from] Sandstorm\n|-damage|p1a: Hippowdon|94\/100 tox|[from] psn\n|upkeep\n|turn|11\n|\n|t:|1617893439\n|move|p1a: Hippowdon|Earthquake|p2a: Blissey\n|-damage|p2a: Blissey|54\/100\n|move|p2a: Blissey|Teleport|p2a: Blissey\n|\n|t:|1617893442\n|switch|p2a: Tapu Lele|Tapu Lele|100\/100|[from]move: Teleport\n|-damage|p2a: Tapu Lele|88\/100|[from] Stealth Rock\n|-fieldstart|move: Psychic Terrain|[from] ability: Psychic Surge|[of] p2a: Tapu Lele\n|\n|-weather|Sandstorm|[upkeep]\n|-damage|p2a: Tapu Lele|82\/100|[from] Sandstorm\n|-heal|p1a: Hippowdon|100\/100 tox|[from] item: Leftovers\n|-damage|p1a: Hippowdon|88\/100 tox|[from] psn\n|upkeep\n|turn|12\n|\n|t:|1617893448\n|move|p2a: Tapu Lele|Thunderbolt|p1a: Hippowdon\n|-immune|p1a: Hippowdon\n|move|p1a: Hippowdon|Earthquake|p2a: Tapu Lele\n|-damage|p2a: Tapu Lele|19\/100\n|\n|-weather|Sandstorm|[upkeep]\n|-damage|p2a: Tapu Lele|13\/100|[from] Sandstorm\n|-heal|p1a: Hippowdon|94\/100 tox|[from] item: Leftovers\n|-damage|p1a: Hippowdon|76\/100 tox|[from] psn\n|upkeep\n|turn|13\n|\n|t:|1617893463\n|switch|p2a: Corviknight|Corviknight, F|100\/100\n|-damage|p2a: Corviknight|88\/100|[from] Stealth Rock\n|-ability|p2a: Corviknight|Pressure\n|switch|p1a: Landorus|Landorus-Therian, M|100\/100\n|-damage|p1a: Landorus|88\/100|[from] Stealth Rock\n|-ability|p1a: Landorus|Intimidate|boost\n|-unboost|p2a: Corviknight|atk|1\n|\n|-weather|none\n|upkeep\n|turn|14\n|\n|t:|1617893471\n|move|p1a: Landorus|U-turn|p2a: Corviknight\n|-resisted|p2a: Corviknight\n|-damage|p2a: Corviknight|84\/100\n|-damage|p1a: Landorus|72\/100|[from] item: Rocky Helmet|[of] p2a: Corviknight\n|\n|t:|1617893473\n|switch|p1a: Zeraora|Zeraora|100\/100|[from]move: U-turn\n|move|p2a: Corviknight|U-turn|p1a: Zeraora\n|-damage|p1a: Zeraora|88\/100\n|\n|t:|1617893476\n|switch|p2a: Garchomp|Garchomp, M|100\/100|[from]move: U-turn\n|-damage|p2a: Garchomp|94\/100|[from] Stealth Rock\n|\n|upkeep\n|turn|15\n|\n|t:|1617893481\n|switch|p1a: Corviknight|Corviknight, M|88\/100\n|-damage|p1a: Corviknight|75\/100|[from] Stealth Rock\n|-ability|p1a: Corviknight|Pressure\n|move|p2a: Garchomp|Earthquake|p1a: Corviknight\n|-immune|p1a: Corviknight\n|\n|-fieldend|move: Psychic Terrain\n|upkeep\n|turn|16\n|\n|t:|1617893488\n|switch|p2a: Heatran|Heatran, F|50\/100\n|-damage|p2a: Heatran|37\/100|[from] Stealth Rock\n|move|p1a: Corviknight|Body Press|p2a: Heatran\n|-supereffective|p2a: Heatran\n|-damage|p2a: Heatran|0 fnt\n|faint|p2a: Heatran\n|\n|upkeep\n|\n|t:|1617893497\n|switch|p2a: Dragapult|Dragapult, F|100\/100\n|-damage|p2a: Dragapult|88\/100|[from] Stealth Rock\n|turn|17\n|\n|t:|1617893503\n|switch|p1a: Hippowdon|Hippowdon, F|76\/100 tox\n|-damage|p1a: Hippowdon|70\/100 tox|[from] Stealth Rock\n|-weather|Sandstorm|[from] ability: Sand Stream|[of] p1a: Hippowdon\n|move|p2a: Dragapult|Shadow Ball|p1a: Hippowdon\n|-damage|p1a: Hippowdon|31\/100 tox\n|\n|-weather|Sandstorm|[upkeep]\n|-damage|p2a: Dragapult|82\/100|[from] Sandstorm\n|-heal|p1a: Hippowdon|37\/100 tox|[from] item: Leftovers\n|-damage|p1a: Hippowdon|31\/100 tox|[from] psn\n|upkeep\n|turn|18\n|\n|t:|1617893511\n|move|p2a: Dragapult|Shadow Ball|p1a: Hippowdon\n|-damage|p1a: Hippowdon|0 fnt\n|faint|p1a: Hippowdon\n|\n|-weather|Sandstorm|[upkeep]\n|-damage|p2a: Dragapult|76\/100|[from] Sandstorm\n|upkeep\n|\n|t:|1617893523\n|switch|p1a: Landorus|Landorus-Therian, M|72\/100\n|-damage|p1a: Landorus|59\/100|[from] Stealth Rock\n|-ability|p1a: Landorus|Intimidate|boost\n|-unboost|p2a: Dragapult|atk|1\n|turn|19\n|\n|t:|1617893531\n|switch|p2a: Corviknight|Corviknight, F|84\/100\n|-damage|p2a: Corviknight|72\/100|[from] Stealth Rock\n|-ability|p2a: Corviknight|Pressure\n|move|p1a: Landorus|Earthquake|p2a: Corviknight\n|-immune|p2a: Corviknight\n|\n|-weather|Sandstorm|[upkeep]\n|upkeep\n|turn|20\n|\n|t:|1617893538\n|switch|p1a: Corviknight|Corviknight, M|75\/100\n|-damage|p1a: Corviknight|63\/100|[from] Stealth Rock\n|-ability|p1a: Corviknight|Pressure\n|move|p2a: Corviknight|Roost|p2a: Corviknight\n|-heal|p2a: Corviknight|100\/100\n|-singleturn|p2a: Corviknight|move: Roost\n|\n|-weather|Sandstorm|[upkeep]\n|upkeep\n|turn|21\n|\n|t:|1617893554\n|move|p1a: Corviknight|Roost|p1a: Corviknight\n|-heal|p1a: Corviknight|100\/100\n|-singleturn|p1a: Corviknight|move: Roost\n|move|p2a: Corviknight|U-turn|p1a: Corviknight\n|-resisted|p1a: Corviknight\n|-damage|p1a: Corviknight|96\/100\n|-damage|p2a: Corviknight|84\/100|[from] item: Rocky Helmet|[of] p1a: Corviknight\n|\n|t:|1617893570\n|switch|p2a: Dragapult|Dragapult, F|76\/100|[from]move: U-turn\n|-damage|p2a: Dragapult|64\/100|[from] Stealth Rock\n|\n|-weather|none\n|upkeep\n|turn|22\n|\n|t:|1617893594\n|switch|p1a: Landorus|Landorus-Therian, M|59\/100\n|-damage|p1a: Landorus|47\/100|[from] Stealth Rock\n|-ability|p1a: Landorus|Intimidate|boost\n|-unboost|p2a: Dragapult|atk|1\n|move|p2a: Dragapult|Shadow Ball|p1a: Landorus\n|-damage|p1a: Landorus|0 fnt\n|faint|p1a: Landorus\n|\n|upkeep\n|j| fngnfcngc\n|\n|t:|1617893597\n|switch|p1a: Zeraora|Zeraora|88\/100\n|turn|23\n|\n|t:|1617893600\n|switch|p2a: Garchomp|Garchomp, M|94\/100\n|-damage|p2a: Garchomp|88\/100|[from] Stealth Rock\n|move|p1a: Zeraora|Knock Off|p2a: Garchomp\n|-damage|p2a: Garchomp|67\/100\n|-damage|p1a: Zeraora|76\/100|[from] ability: Rough Skin|[of] p2a: Garchomp\n|-damage|p1a: Zeraora|59\/100|[from] item: Rocky Helmet|[of] p2a: Garchomp\n|-enditem|p2a: Garchomp|Rocky Helmet|[from] move: Knock Off|[of] p1a: Zeraora\n|\n|upkeep\n|turn|24\n|\n|t:|1617893613\n|switch|p1a: Corviknight|Corviknight, M|96\/100\n|-damage|p1a: Corviknight|84\/100|[from] Stealth Rock\n|-ability|p1a: Corviknight|Pressure\n|move|p2a: Garchomp|Earthquake|p1a: Corviknight\n|-immune|p1a: Corviknight\n|\n|upkeep\n|turn|25\n|\n|t:|1617893623\n|switch|p2a: Tapu Lele|Tapu Lele|13\/100\n|-damage|p2a: Tapu Lele|0 fnt|[from] Stealth Rock\n|faint|p2a: Tapu Lele\n|move|p1a: Corviknight|Defog|p2: Tapu Lele|[notarget]\n|-fail|p1a: Corviknight\n|\n|upkeep\n|\n|t:|1617893631\n|switch|p2a: Dragapult|Dragapult, F|64\/100\n|-damage|p2a: Dragapult|52\/100|[from] Stealth Rock\n|turn|26\n|\n|t:|1617893638\n|move|p2a: Dragapult|Shadow Ball|p1a: Corviknight\n|-damage|p1a: Corviknight|30\/100\n|move|p1a: Corviknight|Brave Bird|p2a: Dragapult\n|-damage|p2a: Dragapult|1\/100\n|-damage|p1a: Corviknight|17\/100|[from] Recoil\n|\n|upkeep\n|turn|27\n|\n|t:|1617893663\n|move|p2a: Dragapult|Shadow Ball|p1a: Corviknight\n|-damage|p1a: Corviknight|0 fnt\n|faint|p1a: Corviknight\n|\n|upkeep\n|\n|t:|1617893666\n|switch|p1a: Zeraora|Zeraora|59\/100\n|turn|28\n|\n|t:|1617893670\n|move|p1a: Zeraora|Knock Off|p2a: Dragapult\n|-supereffective|p2a: Dragapult\n|-damage|p2a: Dragapult|0 fnt\n|-enditem|p2a: Dragapult|Choice Specs|[from] move: Knock Off|[of] p1a: Zeraora\n|faint|p2a: Dragapult\n|\n|upkeep\n|\n|t:|1617893672\n|switch|p2a: Garchomp|Garchomp, M|67\/100\n|-damage|p2a: Garchomp|60\/100|[from] Stealth Rock\n|turn|29\n|\n|t:|1617893679\n|switch|p1a: Dragapult|Dragapult, M|88\/100\n|-damage|p1a: Dragapult|76\/100|[from] Stealth Rock\n|move|p2a: Garchomp|Earthquake|p1a: Dragapult\n|-damage|p1a: Dragapult|19\/100\n|\n|upkeep\n|turn|30\n|\n|t:|1617893684\n|switch|p1a: Zeraora|Zeraora|59\/100\n|switch|p2a: Corviknight|Corviknight, F|84\/100\n|-damage|p2a: Corviknight|71\/100|[from] Stealth Rock\n|-ability|p2a: Corviknight|Pressure\n|\n|upkeep\n|turn|31\n|\n|t:|1617893695\n|move|p1a: Zeraora|Close Combat|p2a: Corviknight\n|-damage|p2a: Corviknight|49\/100\n|-unboost|p1a: Zeraora|def|1\n|-unboost|p1a: Zeraora|spd|1\n|-damage|p1a: Zeraora|43\/100|[from] item: Rocky Helmet|[of] p2a: Corviknight\n|move|p2a: Corviknight|U-turn|p1a: Zeraora\n|-damage|p1a: Zeraora|16\/100\n|\n|t:|1617893698\n|switch|p2a: Garchomp|Garchomp, M|60\/100|[from]move: U-turn\n|-damage|p2a: Garchomp|54\/100|[from] Stealth Rock\n|\n|upkeep\n|turn|32\n|\n|t:|1617893704\n|move|p1a: Zeraora|Close Combat|p2a: Garchomp\n|-damage|p2a: Garchomp|28\/100\n|-unboost|p1a: Zeraora|def|1\n|-unboost|p1a: Zeraora|spd|1\n|-damage|p1a: Zeraora|4\/100|[from] ability: Rough Skin|[of] p2a: Garchomp\n|move|p2a: Garchomp|Earthquake|p1a: Zeraora\n|-supereffective|p1a: Zeraora\n|-damage|p1a: Zeraora|0 fnt\n|faint|p1a: Zeraora\n|\n|upkeep\n|-message|Burnt Bright forfeited.\n|\n|win|the_strategist123\n|l|\u2606Burnt Bright\n|raw|Burnt Bright's rating: 1632 &rarr; <strong>1609<\/strong><br \/>(-23 for losing)\n|raw|the_strategist123's rating: 1574 &rarr; <strong>1597<\/strong><br \/>(+23 for winning)\n|l|\u2606the_strategist123\n||Ladder isn't responding, score probably updated but might not have (Request timeout).\n","uploadtime":1617893922,"views":50,"p1id":"burntbright","p2id":"thestrategist123","formatid":"gen8ou","rating":1597,"private":0,"password":null}