{"id":"gen8ou-1699768302","p1":"SpainLover155","p2":"Kwaga","format":"gen8ou","log":"|j|\u2606SpainLover155\n|j|\u2606Kwaga\n|t:|1667266467\n|gametype|singles\n|player|p1|SpainLover155|brock-gen1|1617\n|player|p2|Kwaga|brock-gen1rb|1708\n|teamsize|p1|6\n|teamsize|p2|6\n|gen|8\n|tier|[Gen 8] OU\n|rated|\n|rule|Sleep Clause Mod: Limit one foe put to sleep\n|rule|Species Clause: Limit one of each Pok\u00e9mon\n|rule|OHKO Clause: OHKO moves are banned\n|rule|Evasion Items Clause: Evasion items are banned\n|rule|Evasion Moves Clause: Evasion moves are banned\n|rule|Endless Battle Clause: Forcing endless battles is banned\n|rule|HP Percentage Mod: HP is shown in percentages\n|rule|Dynamax Clause: You cannot dynamax\n|clearpoke\n|poke|p1|Rillaboom, F|\n|poke|p1|Tornadus-Therian, M|\n|poke|p1|Blaziken, F|\n|poke|p1|Melmetal|\n|poke|p1|Garchomp, M|\n|poke|p1|Slowbro, M|\n|poke|p2|Weavile, M|\n|poke|p2|Melmetal|\n|poke|p2|Volcanion|\n|poke|p2|Kartana|\n|poke|p2|Zapdos|\n|poke|p2|Landorus-Therian, M|\n|teampreview\n|\n|t:|1667266478\n|start\n|switch|p1a: Melmetal|Melmetal|100\/100\n|switch|p2a: Weavile|Weavile, M|100\/100\n|-ability|p2a: Weavile|Pressure\n|turn|1\n|inactive|Battle timer is ON: inactive players will automatically lose when time's up. (requested by SpainLover155)\n|\n|t:|1667266487\n|switch|p2a: Volcanion|Volcanion|100\/100\n|switch|p1a: Slowbro|Slowbro, M|100\/100\n|\n|upkeep\n|turn|2\n|\n|t:|1667266497\n|switch|p2a: Melmetal|Melmetal|100\/100\n|move|p1a: Slowbro|Toxic|p2a: Melmetal\n|-immune|p2a: Melmetal\n|\n|upkeep\n|turn|3\n|j| j ballin 1223\n|\n|t:|1667266502\n|move|p2a: Melmetal|Thunder Punch|p1a: Slowbro\n|-supereffective|p1a: Slowbro\n|-damage|p1a: Slowbro|41\/100\n|-damage|p2a: Melmetal|84\/100|[from] item: Rocky Helmet|[of] p1a: Slowbro\n|move|p1a: Slowbro|Scald|p2a: Melmetal\n|-damage|p2a: Melmetal|54\/100\n|-status|p2a: Melmetal|brn\n|\n|-damage|p2a: Melmetal|48\/100 brn|[from] brn\n|upkeep\n|turn|4\n|\n|t:|1667266507\n|switch|p2a: Weavile|Weavile, M|100\/100\n|-ability|p2a: Weavile|Pressure\n|switch|p1a: Garchomp|Garchomp, M|100\/100\n|\n|upkeep\n|turn|5\n|\n|t:|1667266513\n|move|p2a: Weavile|Beat Up|p1a: Garchomp\n|-crit|p1a: Garchomp\n|-damage|p1a: Garchomp|82\/100\n|-damage|p1a: Garchomp|71\/100\n|-damage|p1a: Garchomp|54\/100\n|-damage|p1a: Garchomp|44\/100\n|-damage|p1a: Garchomp|31\/100\n|-hitcount|p1a: Garchomp|5\n|move|p1a: Garchomp|Stealth Rock|p2a: Weavile\n|-sidestart|p2: Kwaga|move: Stealth Rock\n|\n|-heal|p1a: Garchomp|37\/100|[from] item: Leftovers\n|upkeep\n|turn|6\n|\n|t:|1667266519\n|switch|p1a: Melmetal|Melmetal|100\/100\n|move|p2a: Weavile|Beat Up|p1a: Melmetal\n|-damage|p1a: Melmetal|92\/100\n|-damage|p1a: Melmetal|84\/100\n|-damage|p1a: Melmetal|71\/100\n|-damage|p1a: Melmetal|65\/100\n|-damage|p1a: Melmetal|56\/100\n|-hitcount|p1a: Melmetal|5\n|\n|-heal|p1a: Melmetal|62\/100|[from] item: Leftovers\n|upkeep\n|turn|7\n|\n|t:|1667266538\n|switch|p2a: Melmetal|Melmetal|48\/100 brn\n|-damage|p2a: Melmetal|42\/100 brn|[from] Stealth Rock\n|switch|p1a: Garchomp|Garchomp, M|37\/100\n|\n|-heal|p1a: Garchomp|43\/100|[from] item: Leftovers\n|-damage|p2a: Melmetal|36\/100 brn|[from] brn\n|upkeep\n|turn|8\n|\n|t:|1667266541\n|move|p1a: Garchomp|Earthquake|p2a: Melmetal\n|-supereffective|p2a: Melmetal\n|-damage|p2a: Melmetal|0 fnt\n|faint|p2a: Melmetal\n|\n|-heal|p1a: Garchomp|49\/100|[from] item: Leftovers\n|upkeep\n|\n|t:|1667266547\n|switch|p2a: Weavile|Weavile, M|100\/100\n|-damage|p2a: Weavile|76\/100|[from] Stealth Rock\n|-ability|p2a: Weavile|Pressure\n|turn|9\n|\n|t:|1667266570\n|switch|p1a: Slowbro|Slowbro, M|74\/100\n|move|p2a: Weavile|Knock Off|p1a: Slowbro\n|-supereffective|p1a: Slowbro\n|-damage|p1a: Slowbro|0 fnt\n|-damage|p2a: Weavile|59\/100|[from] item: Rocky Helmet|[of] p1a: Slowbro\n|-enditem|p1a: Slowbro|Rocky Helmet|[from] move: Knock Off|[of] p2a: Weavile\n|faint|p1a: Slowbro\n|\n|upkeep\n|\n|t:|1667266581\n|switch|p1a: Tornadus|Tornadus-Therian, M|100\/100\n|turn|10\n|\n|t:|1667266585\n|switch|p2a: Landorus|Landorus-Therian, M|100\/100\n|-damage|p2a: Landorus|88\/100|[from] Stealth Rock\n|-ability|p2a: Landorus|Intimidate|boost\n|-unboost|p1a: Tornadus|atk|1\n|move|p1a: Tornadus|U-turn|p2a: Landorus\n|-resisted|p2a: Landorus\n|-damage|p2a: Landorus|83\/100\n|\n|t:|1667266600\n|switch|p1a: Melmetal|Melmetal|62\/100|[from]move: U-turn\n|\n|-heal|p2a: Landorus|89\/100|[from] item: Leftovers\n|-heal|p1a: Melmetal|69\/100|[from] item: Leftovers\n|upkeep\n|turn|11\n|\n|t:|1667266605\n|switch|p1a: Tornadus|Tornadus-Therian, M|100\/100\n|move|p2a: Landorus|Defog|p1a: Tornadus\n|-unboost|p1a: Tornadus|evasion|1\n|-sideend|p2: Kwaga|Stealth Rock|[from] move: Defog|[of] p2a: Landorus\n|\n|-heal|p2a: Landorus|95\/100|[from] item: Leftovers\n|upkeep\n|turn|12\n|j| Tegalik\n|inactive|SpainLover155 has 120 seconds left.\n|\n|t:|1667266631\n|switch|p2a: Zapdos|Zapdos|100\/100\n|move|p1a: Tornadus|Knock Off|p2a: Zapdos\n|-damage|p2a: Zapdos|75\/100\n|-enditem|p2a: Zapdos|Heavy-Duty Boots|[from] move: Knock Off|[of] p1a: Tornadus\n|\n|upkeep\n|turn|13\n|\n|t:|1667266638\n|switch|p1a: Melmetal|Melmetal|69\/100\n|switch|p2a: Weavile|Weavile, M|59\/100\n|-ability|p2a: Weavile|Pressure\n|\n|-heal|p1a: Melmetal|75\/100|[from] item: Leftovers\n|upkeep\n|turn|14\n|j| GoldenTTRex1\n|\n|t:|1667266646\n|switch|p2a: Volcanion|Volcanion|100\/100\n|move|p1a: Melmetal|Protect||[still]\n|-fail|p1a: Melmetal\n|\n|-heal|p1a: Melmetal|81\/100|[from] item: Leftovers\n|upkeep\n|turn|15\n|\n|t:|1667266649\n|move|p1a: Melmetal|Protect|p1a: Melmetal\n|-singleturn|p1a: Melmetal|Protect\n|move|p2a: Volcanion|Steam Eruption|p1a: Melmetal\n|-activate|p1a: Melmetal|move: Protect\n|\n|-heal|p1a: Melmetal|87\/100|[from] item: Leftovers\n|upkeep\n|turn|16\n|\n|t:|1667266657\n|switch|p1a: Tornadus|Tornadus-Therian, M|100\/100\n|move|p2a: Volcanion|Steam Eruption|p1a: Tornadus\n|-damage|p1a: Tornadus|10\/100\n|-status|p1a: Tornadus|brn\n|\n|-damage|p1a: Tornadus|4\/100 brn|[from] brn\n|upkeep\n|turn|17\n|\n|t:|1667266668\n|move|p1a: Tornadus|U-turn|p2a: Volcanion\n|-resisted|p2a: Volcanion\n|-damage|p2a: Volcanion|97\/100\n|j| GalarianN00b3\n|\n|t:|1667266672\n|switch|p1a: Rillaboom|Rillaboom, F|100\/100|[from]move: U-turn\n|-fieldstart|move: Grassy Terrain|[from] ability: Grassy Surge|[of] p1a: Rillaboom\n|move|p2a: Volcanion|Steam Eruption|p1a: Rillaboom\n|-resisted|p1a: Rillaboom\n|-damage|p1a: Rillaboom|45\/100\n|\n|-heal|p2a: Volcanion|100\/100|[from] Grassy Terrain\n|-heal|p1a: Rillaboom|51\/100|[from] Grassy Terrain\n|-heal|p1a: Rillaboom|57\/100|[from] item: Leftovers\n|upkeep\n|turn|18\n|\n|t:|1667266680\n|move|p2a: Volcanion|Steam Eruption|p1a: Rillaboom|[miss]\n|-miss|p2a: Volcanion|p1a: Rillaboom\n|move|p1a: Rillaboom|Swords Dance|p1a: Rillaboom\n|-boost|p1a: Rillaboom|atk|2\n|\n|-heal|p1a: Rillaboom|64\/100|[from] Grassy Terrain\n|-heal|p1a: Rillaboom|70\/100|[from] item: Leftovers\n|upkeep\n|turn|19\n|\n|t:|1667266684\n|move|p1a: Rillaboom|Grassy Glide|p2a: Volcanion\n|-crit|p2a: Volcanion\n|-damage|p2a: Volcanion|0 fnt\n|faint|p2a: Volcanion\n|\n|-heal|p1a: Rillaboom|76\/100|[from] Grassy Terrain\n|-heal|p1a: Rillaboom|82\/100|[from] item: Leftovers\n|upkeep\n|\n|t:|1667266688\n|switch|p2a: Zapdos|Zapdos|75\/100\n|turn|20\n|\n|t:|1667266690\n|move|p2a: Zapdos|Hurricane|p1a: Rillaboom\n|-supereffective|p1a: Rillaboom\n|-crit|p1a: Rillaboom\n|-damage|p1a: Rillaboom|0 fnt\n|faint|p1a: Rillaboom\n|\n|upkeep\n|\n|t:|1667266695\n|switch|p1a: Garchomp|Garchomp, M|49\/100\n|turn|21\n|l| GalarianN00b3\n|\n|t:|1667266699\n|move|p2a: Zapdos|Hurricane|p1a: Garchomp|[miss]\n|-miss|p2a: Zapdos|p1a: Garchomp\n|move|p1a: Garchomp|Stealth Rock|p2a: Zapdos\n|-sidestart|p2: Kwaga|move: Stealth Rock\n|\n|-heal|p1a: Garchomp|56\/100|[from] Grassy Terrain\n|-heal|p1a: Garchomp|62\/100|[from] item: Leftovers\n|-fieldend|move: Grassy Terrain\n|upkeep\n|turn|22\n|\n|t:|1667266704\n|switch|p2a: Landorus|Landorus-Therian, M|95\/100\n|-damage|p2a: Landorus|83\/100|[from] Stealth Rock\n|-ability|p2a: Landorus|Intimidate|boost\n|-unboost|p1a: Garchomp|atk|1\n|move|p1a: Garchomp|Toxic|p2a: Landorus|[miss]\n|-miss|p1a: Garchomp|p2a: Landorus\n|\n|-heal|p1a: Garchomp|68\/100|[from] item: Leftovers\n|-heal|p2a: Landorus|89\/100|[from] item: Leftovers\n|upkeep\n|turn|23\n|\n|t:|1667266710\n|move|p1a: Garchomp|Protect|p1a: Garchomp\n|-singleturn|p1a: Garchomp|Protect\n|move|p2a: Landorus|Earthquake|p1a: Garchomp\n|-activate|p1a: Garchomp|move: Protect\n|\n|-heal|p1a: Garchomp|74\/100|[from] item: Leftovers\n|-heal|p2a: Landorus|95\/100|[from] item: Leftovers\n|upkeep\n|turn|24\n|\n|t:|1667266714\n|move|p1a: Garchomp|Toxic|p2a: Landorus\n|-status|p2a: Landorus|tox\n|move|p2a: Landorus|Defog|p1a: Garchomp\n|-unboost|p1a: Garchomp|evasion|1\n|-sideend|p2: Kwaga|Stealth Rock|[from] move: Defog|[of] p2a: Landorus\n|\n|-heal|p1a: Garchomp|81\/100|[from] item: Leftovers\n|-heal|p2a: Landorus|100\/100 tox|[from] item: Leftovers\n|-damage|p2a: Landorus|94\/100 tox|[from] psn\n|upkeep\n|turn|25\n|\n|t:|1667266716\n|switch|p2a: Weavile|Weavile, M|59\/100\n|-ability|p2a: Weavile|Pressure\n|move|p1a: Garchomp|Stealth Rock|p2a: Weavile\n|-sidestart|p2: Kwaga|move: Stealth Rock\n|\n|-heal|p1a: Garchomp|87\/100|[from] item: Leftovers\n|upkeep\n|turn|26\n|\n|t:|1667266718\n|move|p1a: Garchomp|Protect|p1a: Garchomp\n|-singleturn|p1a: Garchomp|Protect\n|move|p2a: Weavile|Knock Off|p1a: Garchomp\n|-activate|p1a: Garchomp|move: Protect\n|\n|-heal|p1a: Garchomp|93\/100|[from] item: Leftovers\n|upkeep\n|turn|27\n|\n|t:|1667266723\n|move|p2a: Weavile|Knock Off|p1a: Garchomp\n|-damage|p1a: Garchomp|26\/100\n|-damage|p2a: Weavile|47\/100|[from] ability: Rough Skin|[of] p1a: Garchomp\n|-enditem|p1a: Garchomp|Leftovers|[from] move: Knock Off|[of] p2a: Weavile\n|move|p1a: Garchomp|Earthquake|p2a: Weavile\n|-damage|p2a: Weavile|0 fnt\n|faint|p2a: Weavile\n|\n|upkeep\n|\n|t:|1667266733\n|switch|p2a: Kartana|Kartana, shiny|100\/100\n|-damage|p2a: Kartana|94\/100|[from] Stealth Rock\n|turn|28\n|\n|t:|1667266737\n|switch|p1a: Melmetal|Melmetal|87\/100\n|move|p2a: Kartana|Sacred Sword|p1a: Melmetal\n|-supereffective|p1a: Melmetal\n|-damage|p1a: Melmetal|43\/100\n|\n|-heal|p1a: Melmetal|49\/100|[from] item: Leftovers\n|upkeep\n|turn|29\n|\n|t:|1667266744\n|switch|p2a: Zapdos|Zapdos|75\/100\n|-damage|p2a: Zapdos|50\/100|[from] Stealth Rock\n|move|p1a: Melmetal|Protect||[still]\n|-fail|p1a: Melmetal\n|\n|-heal|p1a: Melmetal|55\/100|[from] item: Leftovers\n|upkeep\n|turn|30\n|\n|t:|1667266749\n|switch|p1a: Garchomp|Garchomp, M|26\/100\n|move|p2a: Zapdos|Heat Wave|p1a: Garchomp\n|-resisted|p1a: Garchomp\n|-damage|p1a: Garchomp|15\/100\n|\n|upkeep\n|turn|31\n|\n|t:|1667266755\n|move|p2a: Zapdos|Hurricane|p1a: Garchomp|[miss]\n|-miss|p2a: Zapdos|p1a: Garchomp\n|move|p1a: Garchomp|Toxic|p2a: Zapdos\n|-status|p2a: Zapdos|tox\n|\n|-damage|p2a: Zapdos|44\/100 tox|[from] psn\n|upkeep\n|turn|32\n|\n|t:|1667266757\n|move|p2a: Zapdos|Hurricane|p1a: Garchomp\n|-damage|p1a: Garchomp|0 fnt\n|faint|p1a: Garchomp\n|\n|-damage|p2a: Zapdos|31\/100 tox|[from] psn\n|upkeep\n|\n|t:|1667266761\n|switch|p1a: Melmetal|Melmetal|55\/100\n|turn|33\n|\n|t:|1667266763\n|move|p2a: Zapdos|Heat Wave|p1a: Melmetal\n|-supereffective|p1a: Melmetal\n|-crit|p1a: Melmetal\n|-damage|p1a: Melmetal|0 fnt\n|faint|p1a: Melmetal\n|\n|-damage|p2a: Zapdos|13\/100 tox|[from] psn\n|upkeep\n|\n|t:|1667266768\n|switch|p1a: Blaziken|Blaziken, F|100\/100\n|turn|34\n|\n|t:|1667266775\n|move|p1a: Blaziken|Protect|p1a: Blaziken\n|-singleturn|p1a: Blaziken|Protect\n|move|p2a: Zapdos|Volt Switch|p1a: Blaziken\n|-activate|p1a: Blaziken|move: Protect\n|\n|-damage|p2a: Zapdos|0 fnt|[from] psn\n|faint|p2a: Zapdos\n|-ability|p1a: Blaziken|Speed Boost|boost\n|-boost|p1a: Blaziken|spe|1\n|upkeep\n|\n|t:|1667266777\n|switch|p2a: Landorus|Landorus-Therian, M|94\/100 tox\n|-damage|p2a: Landorus|82\/100 tox|[from] Stealth Rock\n|-ability|p2a: Landorus|Intimidate|boost\n|-unboost|p1a: Blaziken|atk|1\n|turn|35\n|\n|t:|1667266783\n|switch|p1a: Tornadus|Tornadus-Therian, M|37\/100 brn\n|move|p2a: Landorus|Earthquake|p1a: Tornadus\n|-immune|p1a: Tornadus\n|\n|-heal|p2a: Landorus|88\/100 tox|[from] item: Leftovers\n|-damage|p2a: Landorus|82\/100 tox|[from] psn\n|-damage|p1a: Tornadus|31\/100 brn|[from] brn\n|upkeep\n|turn|36\n|\n|t:|1667266788\n|move|p1a: Tornadus|Knock Off|p2a: Landorus\n|-damage|p2a: Landorus|72\/100 tox\n|-enditem|p2a: Landorus|Leftovers|[from] move: Knock Off|[of] p1a: Tornadus\n|move|p2a: Landorus|U-turn|p1a: Tornadus\n|-resisted|p1a: Tornadus\n|-damage|p1a: Tornadus|19\/100 brn\n|\n|t:|1667266790\n|switch|p2a: Kartana|Kartana, shiny|94\/100|[from]move: U-turn\n|-damage|p2a: Kartana|88\/100|[from] Stealth Rock\n|\n|-damage|p1a: Tornadus|13\/100 brn|[from] brn\n|upkeep\n|turn|37\n|\n|t:|1667266794\n|switch|p1a: Blaziken|Blaziken, F|100\/100\n|move|p2a: Kartana|Sacred Sword|p1a: Blaziken\n|-damage|p1a: Blaziken|46\/100\n|\n|-heal|p1a: Blaziken|52\/100|[from] item: Leftovers\n|upkeep\n|turn|38\n|\n|t:|1667266799\n|switch|p2a: Landorus|Landorus-Therian, M|72\/100 tox\n|-damage|p2a: Landorus|60\/100 tox|[from] Stealth Rock\n|-ability|p2a: Landorus|Intimidate|boost\n|-unboost|p1a: Blaziken|atk|1\n|move|p1a: Blaziken|Protect||[still]\n|-fail|p1a: Blaziken\n|\n|-heal|p1a: Blaziken|58\/100|[from] item: Leftovers\n|-damage|p2a: Landorus|54\/100 tox|[from] psn\n|-ability|p1a: Blaziken|Speed Boost|boost\n|-boost|p1a: Blaziken|spe|1\n|upkeep\n|turn|39\n|\n|t:|1667266803\n|move|p1a: Blaziken|Protect|p1a: Blaziken\n|-singleturn|p1a: Blaziken|Protect\n|move|p2a: Landorus|U-turn|p1a: Blaziken\n|-activate|p1a: Blaziken|move: Protect\n|\n|-heal|p1a: Blaziken|65\/100|[from] item: Leftovers\n|-damage|p2a: Landorus|42\/100 tox|[from] psn\n|-ability|p1a: Blaziken|Speed Boost|boost\n|-boost|p1a: Blaziken|spe|1\n|upkeep\n|turn|40\n|\n|t:|1667266810\n|switch|p1a: Tornadus|Tornadus-Therian, M|46\/100 brn\n|move|p2a: Landorus|Earthquake|p1a: Tornadus\n|-immune|p1a: Tornadus\n|\n|-damage|p2a: Landorus|24\/100 tox|[from] psn\n|-damage|p1a: Tornadus|40\/100 brn|[from] brn\n|upkeep\n|turn|41\n|\n|t:|1667266813\n|move|p1a: Tornadus|Heat Wave|p2a: Landorus\n|-damage|p2a: Landorus|6\/100 tox\n|move|p2a: Landorus|U-turn|p1a: Tornadus\n|-resisted|p1a: Tornadus\n|-damage|p1a: Tornadus|27\/100 brn\n|\n|t:|1667266815\n|switch|p2a: Kartana|Kartana, shiny|88\/100|[from]move: U-turn\n|-damage|p2a: Kartana|82\/100|[from] Stealth Rock\n|\n|-damage|p1a: Tornadus|21\/100 brn|[from] brn\n|upkeep\n|turn|42\n|\n|t:|1667266819\n|move|p2a: Kartana|Sacred Sword|p1a: Tornadus\n|-resisted|p1a: Tornadus\n|-damage|p1a: Tornadus|0 fnt\n|faint|p1a: Tornadus\n|-ability|p2a: Kartana|Beast Boost|boost\n|-boost|p2a: Kartana|atk|1\n|\n|upkeep\n|\n|t:|1667266822\n|switch|p1a: Blaziken|Blaziken, F|65\/100\n|turn|43\n|\n|t:|1667266824\n|move|p1a: Blaziken|Protect|p1a: Blaziken\n|-singleturn|p1a: Blaziken|Protect\n|move|p2a: Kartana|Sacred Sword|p1a: Blaziken\n|-activate|p1a: Blaziken|move: Protect\n|\n|-heal|p1a: Blaziken|71\/100|[from] item: Leftovers\n|-ability|p1a: Blaziken|Speed Boost|boost\n|-boost|p1a: Blaziken|spe|1\n|upkeep\n|turn|44\n|\n|t:|1667266827\n|move|p2a: Kartana|Sacred Sword|p1a: Blaziken\n|-damage|p1a: Blaziken|0 fnt\n|faint|p1a: Blaziken\n|\n|win|Kwaga\n|raw|SpainLover155's rating: 1617 &rarr; <strong>1602<\/strong><br \/>(-15 for losing)\n|raw|Kwaga's rating: 1708 &rarr; <strong>1723<\/strong><br \/>(+15 for winning)\n|l|\u2606SpainLover155\n|l|\u2606Kwaga\n||Ladder isn't responding, score probably updated but might not have (Request timeout).\n","uploadtime":1667266830,"views":10,"p1id":"spainlover155","p2id":"kwaga","formatid":"gen8ou","rating":1602,"private":0,"password":null}