{"id":"gen8nationaldex-1543578192","p1":"kutscher","p2":"ArcanineSquad","format":"gen8nationaldex","log":"|html|<div class=\"broadcast-blue\"><strong>[Gen 8] National Dex is currently suspecting Mega Blaziken! For information on how to participate check out the <a href=\"https:\/\/www.smogon.com\/forums\/threads\/national-dex-suspect-test-15-harder-better-faster-stronger.3699700\/\">suspect thread<\/a>.<\/strong><\/div>\n|j|\u2606kutscher\n|j|\u2606ArcanineSquad\n|t:|1648809131\n|gametype|singles\n|player|p1|kutscher|266|1767\n|player|p2|ArcanineSquad|hooligans|1626\n|teamsize|p1|6\n|teamsize|p2|6\n|gen|8\n|tier|[Gen 8] National Dex\n|rated|\n|rule|HP Percentage Mod: HP is shown in percentages\n|rule|Endless Battle Clause: Forcing endless battles is banned\n|rule|OHKO Clause: OHKO moves are banned\n|rule|Evasion Moves Clause: Evasion moves are banned\n|rule|Species Clause: Limit one of each Pok\u00e9mon\n|rule|Dynamax Clause: You cannot dynamax\n|rule|Sleep Clause Mod: Limit one foe put to sleep\n|clearpoke\n|poke|p1|Ninetales-Alola, M|\n|poke|p1|Arctozolt|\n|poke|p1|Diancie|\n|poke|p1|Landorus-Therian, M|\n|poke|p1|Corviknight, M|\n|poke|p1|Tapu Fini|\n|poke|p2|Mawile, F|\n|poke|p2|Greninja, M|\n|poke|p2|Toxapex, F|\n|poke|p2|Serperior, F|\n|poke|p2|Garchomp, M|\n|poke|p2|Corviknight, F|\n|teampreview\n|inactive|Battle timer is ON: inactive players will automatically lose when time's up. (requested by ArcanineSquad)\n|\n|t:|1648809157\n|start\n|switch|p1a: Ninetales|Ninetales-Alola, M|100\/100\n|switch|p2a: Serperior|Serperior, F|100\/100\n|-weather|Hail|[from] ability: Snow Warning|[of] p1a: Ninetales\n|turn|1\n|\n|t:|1648809165\n|switch|p2a: Toxapex|Toxapex, F|100\/100\n|move|p1a: Ninetales|Aurora Veil|p1a: Ninetales\n|-sidestart|p1: kutscher|move: Aurora Veil\n|\n|-weather|Hail|[upkeep]\n|-damage|p2a: Toxapex|94\/100|[from] Hail\n|-heal|p2a: Toxapex|100\/100|[from] item: Black Sludge\n|upkeep\n|turn|2\n|\n|t:|1648809173\n|switch|p1a: Tapu Fini|Tapu Fini|100\/100\n|-fieldstart|move: Misty Terrain|[from] ability: Misty Surge|[of] p1a: Tapu Fini\n|move|p2a: Toxapex|Toxic Spikes|p1a: Tapu Fini\n|-sidestart|p1: kutscher|move: Toxic Spikes\n|\n|-weather|Hail|[upkeep]\n|-damage|p1a: Tapu Fini|94\/100|[from] Hail\n|-damage|p2a: Toxapex|94\/100|[from] Hail\n|-heal|p2a: Toxapex|100\/100|[from] item: Black Sludge\n|upkeep\n|turn|3\n|\n|t:|1648809178\n|switch|p1a: Arctozolt|Arctozolt|100\/100\n|move|p2a: Toxapex|Scald|p1a: Arctozolt\n|-damage|p1a: Arctozolt|89\/100\n|\n|-weather|Hail|[upkeep]\n|-damage|p2a: Toxapex|94\/100|[from] Hail\n|-heal|p2a: Toxapex|100\/100|[from] item: Black Sludge\n|upkeep\n|turn|4\n|\n|t:|1648809186\n|move|p1a: Arctozolt|Bolt Beak|p2a: Toxapex\n|-supereffective|p2a: Toxapex\n|-damage|p2a: Toxapex|0 fnt\n|faint|p2a: Toxapex\n|\n|-weather|Hail|[upkeep]\n|upkeep\n|\n|t:|1648809194\n|switch|p2a: Mawile|Mawile, F|100\/100\n|-ability|p2a: Mawile|Intimidate|boost\n|-unboost|p1a: Arctozolt|atk|1\n|turn|5\n|\n|t:|1648809199\n|switch|p1a: Landorus|Landorus-Therian, M|100\/100\n|-ability|p1a: Landorus|Intimidate|boost\n|-unboost|p2a: Mawile|atk|1\n|detailschange|p2a: Mawile|Mawile-Mega, F\n|-mega|p2a: Mawile|Mawile|Mawilite\n|move|p2a: Mawile|Play Rough|p1a: Landorus|[miss]\n|-miss|p2a: Mawile|p1a: Landorus\n|\n|-weather|Hail|[upkeep]\n|-damage|p1a: Landorus|94\/100|[from] Hail\n|-damage|p2a: Mawile|94\/100|[from] Hail\n|-sideend|p1: kutscher|move: Aurora Veil\n|upkeep\n|turn|6\n|\n|t:|1648809207\n|switch|p2a: Corviknight|Corviknight, F|100\/100\n|-ability|p2a: Corviknight|Pressure\n|move|p1a: Landorus|Defog|p2a: Corviknight\n|-unboost|p2a: Corviknight|evasion|1\n|-sideend|p1: kutscher|Toxic Spikes|[from] move: Defog|[of] p1a: Landorus\n|-fieldend|Misty Terrain\n|\n|-weather|Hail|[upkeep]\n|-damage|p1a: Landorus|88\/100|[from] Hail\n|-damage|p2a: Corviknight|94\/100|[from] Hail\n|-heal|p2a: Corviknight|100\/100|[from] item: Leftovers\n|upkeep\n|turn|7\n|\n|t:|1648809210\n|move|p1a: Landorus|U-turn|p2a: Corviknight\n|-resisted|p2a: Corviknight\n|-damage|p2a: Corviknight|97\/100\n|\n|t:|1648809215\n|switch|p1a: Diancie|Diancie|100\/100|[from]move: U-turn\n|move|p2a: Corviknight|U-turn|p1a: Diancie\n|-resisted|p1a: Diancie\n|-damage|p1a: Diancie|93\/100\n|\n|t:|1648809228\n|switch|p2a: Greninja|Greninja, M|100\/100|[from]move: U-turn\n|\n|-weather|Hail|[upkeep]\n|-damage|p2a: Greninja|95\/100|[from] Hail\n|-damage|p1a: Diancie|86\/100|[from] Hail\n|upkeep\n|turn|8\n|\n|t:|1648809233\n|switch|p2a: Serperior|Serperior, F|100\/100\n|switch|p1a: Tapu Fini|Tapu Fini|94\/100\n|-fieldstart|move: Misty Terrain|[from] ability: Misty Surge|[of] p1a: Tapu Fini\n|\n|-weather|none\n|upkeep\n|turn|9\n|\n|t:|1648809237\n|switch|p1a: Corviknight|Corviknight, M|100\/100\n|-ability|p1a: Corviknight|Pressure\n|move|p2a: Serperior|Substitute|p2a: Serperior\n|-start|p2a: Serperior|Substitute\n|-damage|p2a: Serperior|76\/100\n|\n|-heal|p2a: Serperior|82\/100|[from] item: Leftovers\n|upkeep\n|turn|10\n|\n|t:|1648809240\n|move|p2a: Serperior|Glare|p1a: Corviknight\n|-status|p1a: Corviknight|par\n|move|p1a: Corviknight|U-turn|p2a: Serperior\n|-supereffective|p2a: Serperior\n|-end|p2a: Serperior|Substitute\n|\n|t:|1648809244\n|switch|p1a: Ninetales|Ninetales-Alola, M|100\/100|[from]move: U-turn\n|-weather|Hail|[from] ability: Snow Warning|[of] p1a: Ninetales\n|\n|-weather|Hail|[upkeep]\n|-damage|p2a: Serperior|76\/100|[from] Hail\n|-heal|p2a: Serperior|82\/100|[from] item: Leftovers\n|upkeep\n|turn|11\n|\n|t:|1648809248\n|move|p2a: Serperior|Leaf Storm|p1a: Ninetales\n|-damage|p1a: Ninetales|55\/100\n|-boost|p2a: Serperior|spa|2\n|move|p1a: Ninetales|Aurora Veil|p1a: Ninetales\n|-sidestart|p1: kutscher|move: Aurora Veil\n|\n|-weather|Hail|[upkeep]\n|-damage|p2a: Serperior|76\/100|[from] Hail\n|-heal|p2a: Serperior|82\/100|[from] item: Leftovers\n|upkeep\n|turn|12\n|\n|t:|1648809255\n|switch|p1a: Corviknight|Corviknight, M|100\/100 par\n|-ability|p1a: Corviknight|Pressure\n|move|p2a: Serperior|Substitute|p2a: Serperior\n|-start|p2a: Serperior|Substitute\n|-damage|p2a: Serperior|57\/100\n|\n|-weather|Hail|[upkeep]\n|-damage|p2a: Serperior|51\/100|[from] Hail\n|-damage|p1a: Corviknight|94\/100 par|[from] Hail\n|-heal|p2a: Serperior|57\/100|[from] item: Leftovers\n|-fieldend|Misty Terrain\n|upkeep\n|turn|13\n|\n|t:|1648809259\n|move|p2a: Serperior|Hidden Power|p1a: Corviknight\n|-supereffective|p1a: Corviknight\n|-damage|p1a: Corviknight|70\/100 par\n|move|p1a: Corviknight|U-turn|p2a: Serperior\n|-supereffective|p2a: Serperior\n|-end|p2a: Serperior|Substitute\n|\n|t:|1648809263\n|switch|p1a: Arctozolt|Arctozolt|89\/100|[from]move: U-turn\n|\n|-weather|Hail|[upkeep]\n|-damage|p2a: Serperior|51\/100|[from] Hail\n|-heal|p2a: Serperior|57\/100|[from] item: Leftovers\n|upkeep\n|turn|14\n|\n|t:|1648809266\n|switch|p2a: Corviknight|Corviknight, F|97\/100\n|-ability|p2a: Corviknight|Pressure\n|move|p1a: Arctozolt|Blizzard|p2a: Corviknight\n|-damage|p2a: Corviknight|63\/100\n|\n|-weather|Hail|[upkeep]\n|-damage|p2a: Corviknight|57\/100|[from] Hail\n|-heal|p2a: Corviknight|63\/100|[from] item: Leftovers\n|upkeep\n|turn|15\n|\n|t:|1648809273\n|switch|p2a: Garchomp|Garchomp, M|100\/100\n|move|p1a: Arctozolt|Bolt Beak|p2a: Garchomp\n|-immune|p2a: Garchomp\n|\n|-weather|Hail|[upkeep]\n|-damage|p2a: Garchomp|94\/100|[from] Hail\n|-sideend|p1: kutscher|move: Aurora Veil\n|upkeep\n|turn|16\n|\n|t:|1648809279\n|switch|p2a: Mawile|Mawile-Mega, F|94\/100\n|move|p1a: Arctozolt|Blizzard|p2a: Mawile\n|-resisted|p2a: Mawile\n|-damage|p2a: Mawile|72\/100\n|\n|-weather|Hail|[upkeep]\n|-damage|p2a: Mawile|66\/100|[from] Hail\n|upkeep\n|turn|17\n|\n|t:|1648809287\n|move|p2a: Mawile|Sucker Punch|p1a: Arctozolt\n|-damage|p1a: Arctozolt|34\/100\n|move|p1a: Arctozolt|Bolt Beak|p2a: Mawile\n|-damage|p2a: Mawile|29\/100\n|\n|-weather|none\n|upkeep\n|turn|18\n|\n|t:|1648809294\n|switch|p1a: Landorus|Landorus-Therian, M|88\/100\n|-ability|p1a: Landorus|Intimidate|boost\n|-unboost|p2a: Mawile|atk|1\n|move|p2a: Mawile|Swords Dance|p2a: Mawile\n|-boost|p2a: Mawile|atk|2\n|\n|upkeep\n|turn|19\n|\n|t:|1648809301\n|move|p2a: Mawile|Sucker Punch|p1a: Landorus\n|-damage|p1a: Landorus|37\/100\n|-damage|p2a: Mawile|12\/100|[from] item: Rocky Helmet|[of] p1a: Landorus\n|move|p1a: Landorus|Earthquake|p2a: Mawile\n|-supereffective|p2a: Mawile\n|-damage|p2a: Mawile|0 fnt\n|faint|p2a: Mawile\n|\n|upkeep\n|\n|t:|1648809305\n|switch|p2a: Serperior|Serperior, F|57\/100\n|turn|20\n|\n|t:|1648809310\n|switch|p1a: Corviknight|Corviknight, M|70\/100 par\n|-ability|p1a: Corviknight|Pressure\n|move|p2a: Serperior|Leaf Storm|p1a: Corviknight\n|-resisted|p1a: Corviknight\n|-damage|p1a: Corviknight|59\/100 par\n|-boost|p2a: Serperior|spa|2\n|\n|-heal|p2a: Serperior|63\/100|[from] item: Leftovers\n|upkeep\n|turn|21\n|inactive|ArcanineSquad has 120 seconds left.\n|\n|t:|1648809350\n|move|p2a: Serperior|Hidden Power|p1a: Corviknight\n|-supereffective|p1a: Corviknight\n|-damage|p1a: Corviknight|4\/100 par\n|move|p1a: Corviknight|U-turn|p2a: Serperior\n|-supereffective|p2a: Serperior\n|-damage|p2a: Serperior|32\/100\n|\n|t:|1648809357\n|switch|p1a: Tapu Fini|Tapu Fini|94\/100|[from]move: U-turn\n|-fieldstart|move: Misty Terrain|[from] ability: Misty Surge|[of] p1a: Tapu Fini\n|\n|-heal|p2a: Serperior|39\/100|[from] item: Leftovers\n|upkeep\n|turn|22\n|inactive|ArcanineSquad has 120 seconds left.\n|j| PhoHoa\n|\n|t:|1648809387\n|move|p1a: Tapu Fini|Moonblast|p2a: Serperior\n|-damage|p2a: Serperior|0 fnt\n|faint|p2a: Serperior\n|\n|upkeep\n|\n|t:|1648809392\n|switch|p2a: Corviknight|Corviknight, F|63\/100\n|-ability|p2a: Corviknight|Pressure\n|turn|23\n|\n|t:|1648809399\n|switch|p1a: Corviknight|Corviknight, M|4\/100 par\n|-ability|p1a: Corviknight|Pressure\n|move|p2a: Corviknight|Roost|p2a: Corviknight\n|-heal|p2a: Corviknight|100\/100\n|-singleturn|p2a: Corviknight|move: Roost\n|\n|upkeep\n|turn|24\n|\n|t:|1648809402\n|move|p2a: Corviknight|Brave Bird|p1a: Corviknight\n|-resisted|p1a: Corviknight\n|-damage|p1a: Corviknight|0 fnt\n|-damage|p2a: Corviknight|84\/100|[from] item: Rocky Helmet|[of] p1a: Corviknight\n|faint|p1a: Corviknight\n|-damage|p2a: Corviknight|83\/100|[from] Recoil\n|\n|-heal|p2a: Corviknight|89\/100|[from] item: Leftovers\n|upkeep\n|\n|t:|1648809406\n|switch|p1a: Diancie|Diancie|86\/100\n|turn|25\n|inactive|ArcanineSquad has 120 seconds left.\n|\n|t:|1648809420\n|detailschange|p1a: Diancie|Diancie-Mega\n|-mega|p1a: Diancie|Diancie|Diancite\n|move|p1a: Diancie|Mystical Fire|p2a: Corviknight\n|-supereffective|p2a: Corviknight\n|-damage|p2a: Corviknight|33\/100\n|-unboost|p2a: Corviknight|spa|1\n|move|p2a: Corviknight|Roost|p2a: Corviknight\n|-heal|p2a: Corviknight|83\/100\n|-singleturn|p2a: Corviknight|move: Roost\n|\n|-heal|p2a: Corviknight|90\/100|[from] item: Leftovers\n|-fieldend|Misty Terrain\n|upkeep\n|turn|26\n|\n|t:|1648809428\n|switch|p2a: Greninja|Greninja, M|95\/100\n|move|p1a: Diancie|Mystical Fire|p2a: Greninja\n|-resisted|p2a: Greninja\n|-damage|p2a: Greninja|72\/100\n|-unboost|p2a: Greninja|spa|1\n|\n|upkeep\n|turn|27\n|\n|t:|1648809432\n|switch|p1a: Tapu Fini|Tapu Fini|94\/100\n|-fieldstart|move: Misty Terrain|[from] ability: Misty Surge|[of] p1a: Tapu Fini\n|move|p2a: Greninja|Hydro Pump|p1a: Tapu Fini\n|-resisted|p1a: Tapu Fini\n|-damage|p1a: Tapu Fini|70\/100\n|\n|upkeep\n|turn|28\n|\n|t:|1648809438\n|switch|p2a: Corviknight|Corviknight, F|90\/100\n|-ability|p2a: Corviknight|Pressure\n|move|p1a: Tapu Fini|Surf|p2a: Corviknight\n|-damage|p2a: Corviknight|55\/100\n|\n|-heal|p2a: Corviknight|61\/100|[from] item: Leftovers\n|upkeep\n|turn|29\n|\n|t:|1648809446\n|move|p1a: Tapu Fini|Surf|p2a: Corviknight\n|-damage|p2a: Corviknight|25\/100\n|move|p2a: Corviknight|U-turn|p1a: Tapu Fini\n|-resisted|p1a: Tapu Fini\n|-damage|p1a: Tapu Fini|62\/100\n|\n|t:|1648809463\n|switch|p2a: Greninja|Greninja, M|72\/100|[from]move: U-turn\n|\n|upkeep\n|turn|30\n|\n|t:|1648809469\n|move|p1a: Tapu Fini|Surf|p2a: Greninja\n|-resisted|p2a: Greninja\n|-damage|p2a: Greninja|44\/100\n|move|p2a: Greninja|Hydro Pump|p1a: Tapu Fini\n|-resisted|p1a: Tapu Fini\n|-damage|p1a: Tapu Fini|28\/100\n|\n|upkeep\n|turn|31\n|\n|t:|1648809475\n|switch|p1a: Ninetales|Ninetales-Alola, M|55\/100\n|-weather|Hail|[from] ability: Snow Warning|[of] p1a: Ninetales\n|move|p2a: Greninja|Hydro Pump|p1a: Ninetales\n|-damage|p1a: Ninetales|0 fnt\n|faint|p1a: Ninetales\n|-activate|p2a: Greninja|ability: Battle Bond\n|detailschange|p2a: Greninja|Greninja-Ash, M\n|\n|-weather|Hail|[upkeep]\n|-damage|p2a: Greninja|38\/100|[from] Hail\n|-fieldend|Misty Terrain\n|upkeep\n|\n|t:|1648809477\n|switch|p1a: Arctozolt|Arctozolt|34\/100\n|turn|32\n|\n|t:|1648809489\n|switch|p2a: Corviknight|Corviknight, F|25\/100\n|-ability|p2a: Corviknight|Pressure\n|-zpower|p1a: Arctozolt\n|move|p1a: Arctozolt|All-Out Pummeling|p2a: Corviknight|[zeffect]\n|-damage|p2a: Corviknight|0 fnt\n|faint|p2a: Corviknight\n|\n|-weather|Hail|[upkeep]\n|upkeep\n|\n|t:|1648809492\n|switch|p2a: Greninja|Greninja-Ash, M|38\/100\n|turn|33\n|\n|t:|1648809505\n|move|p2a: Greninja|Water Shuriken|p1a: Arctozolt\n|-damage|p1a: Arctozolt|8\/100\n|-damage|p1a: Arctozolt|0 fnt\n|faint|p1a: Arctozolt\n|-hitcount|p1: Arctozolt|2\n|\n|-weather|Hail|[upkeep]\n|-damage|p2a: Greninja|32\/100|[from] Hail\n|upkeep\n|\n|t:|1648809507\n|switch|p1a: Tapu Fini|Tapu Fini|28\/100\n|-fieldstart|move: Misty Terrain|[from] ability: Misty Surge|[of] p1a: Tapu Fini\n|turn|34\n|\n|t:|1648809517\n|move|p2a: Greninja|Water Shuriken|p1a: Tapu Fini\n|-resisted|p1a: Tapu Fini\n|-damage|p1a: Tapu Fini|20\/100\n|-resisted|p1a: Tapu Fini\n|-damage|p1a: Tapu Fini|11\/100\n|-resisted|p1a: Tapu Fini\n|-damage|p1a: Tapu Fini|2\/100\n|-hitcount|p1a: Tapu Fini|3\n|move|p1a: Tapu Fini|Moonblast|p2a: Greninja\n|-supereffective|p2a: Greninja\n|-damage|p2a: Greninja|0 fnt\n|faint|p2a: Greninja\n|\n|-weather|Hail|[upkeep]\n|-damage|p1a: Tapu Fini|0 fnt|[from] Hail\n|faint|p1a: Tapu Fini\n|upkeep\n|\n|t:|1648809529\n|switch|p2a: Garchomp|Garchomp, M|94\/100\n|switch|p1a: Diancie|Diancie-Mega|86\/100\n|turn|35\n|\n|t:|1648809532\n|move|p1a: Diancie|Moonblast|p2a: Garchomp\n|-supereffective|p2a: Garchomp\n|-damage|p2a: Garchomp|0 fnt\n|faint|p2a: Garchomp\n|\n|win|kutscher\n|raw|kutscher's rating: 1767 &rarr; <strong>1780<\/strong><br \/>(+13 for winning)\n|raw|ArcanineSquad's rating: 1644 &rarr; <strong>1631<\/strong><br \/>(-13 for losing)\n|l|\u2606ArcanineSquad\n|l| PhoHoa\n","uploadtime":1648809540,"views":41,"p1id":"kutscher","p2id":"arcaninesquad","formatid":"gen8nationaldex","rating":1631,"private":0,"password":null}