{"id":"gen8ubers-1593938248","p1":"Raph369","p2":"Aurora","format":"gen8ubers","log":"|j|\u2606Raph369\n|j|\u2606Aurora\n|t:|1654942143\n|gametype|singles\n|player|p1|Raph369|archer|\n|player|p2|Aurora|jupiter|\n|teamsize|p1|6\n|teamsize|p2|6\n|gen|8\n|tier|[Gen 8] Ubers\n|rated|Tournament battle\n|rule|Sleep Clause Mod: Limit one foe put to sleep\n|rule|Species Clause: Limit one of each Pok\u00e9mon\n|rule|OHKO Clause: OHKO moves are banned\n|rule|Evasion Moves Clause: Evasion moves are banned\n|rule|Endless Battle Clause: Forcing endless battles is banned\n|rule|HP Percentage Mod: HP is shown in percentages\n|rule|Dynamax Clause: You cannot dynamax\n|clearpoke\n|poke|p1|Blissey, F|\n|poke|p1|Victini|\n|poke|p1|Calyrex-Shadow|\n|poke|p1|Kyogre|\n|poke|p1|Yveltal|\n|poke|p1|Xerneas-*|\n|poke|p2|Mew|\n|poke|p2|Genesect|\n|poke|p2|Spectrier|\n|poke|p2|Zamazenta-*|\n|poke|p2|Naganadel|\n|poke|p2|Cinderace, M|\n|teampreview\n|c|\u2606Raph369|hf\n|c|\u2606Aurora|you too\n|j| EonDuoLatias\n|\n|t:|1654942160\n|start\n|switch|p1a: Victini|Victini|100\/100\n|switch|p2a: Mew|Mew|100\/100\n|turn|1\n|c| EonDuoLatias|Weird team\n|\n|t:|1654942167\n|move|p1a: Victini|Final Gambit|p2a: Mew\n|-enditem|p2a: Mew|Focus Sash\n|-damage|p2a: Mew|1\/100\n|faint|p1a: Victini\n|move|p2a: Mew|Stealth Rock|p1: Victini\n|-sidestart|p1: Raph369|move: Stealth Rock\n|\n|upkeep\n|c|\u2606Raph369|sad\n|\n|t:|1654942174\n|switch|p1a: Blissey|Blissey, F|100\/100\n|-damage|p1a: Blissey|88\/100|[from] Stealth Rock\n|turn|2\n|c| EonDuoLatias|Hyper Offense?\n|\n|t:|1654942177\n|move|p1a: Blissey|Copycat|p1a: Blissey\n|move|p1a: Blissey|Stealth Rock|p2a: Mew|[from]move: Copycat\n|-sidestart|p2: Aurora|move: Stealth Rock\n|move|p2a: Mew|Taunt|p1a: Blissey\n|-start|p1a: Blissey|move: Taunt\n|\n|upkeep\n|turn|3\n|\n|t:|1654942182\n|-activate|p1a: Blissey|move: Struggle\n|move|p1a: Blissey|Struggle|p2a: Mew\n|-damage|p2a: Mew|0 fnt\n|faint|p2a: Mew\n|-damage|p1a: Blissey|63\/100|[from] recoil\n|\n|upkeep\n|c|\u2606Raph369|ez\n|\n|t:|1654942195\n|switch|p2a: Genesect|Genesect|100\/100\n|-damage|p2a: Genesect|88\/100|[from] Stealth Rock\n|-ability|p2a: Genesect|Download|boost\n|-boost|p2a: Genesect|atk|1\n|turn|4\n|\n|t:|1654942205\n|move|p2a: Genesect|U-turn|p1a: Blissey\n|-damage|p1a: Blissey|0 fnt\n|faint|p1a: Blissey\n|j| Jinoo Daddy\n|c| EonDuoLatias|Spicy\n|\n|t:|1654942214\n|switch|p2a: Cinderace|Cinderace, M|100\/100|[from]move: U-turn\n|\n|upkeep\n|\n|t:|1654942233\n|switch|p1a: Kyogre|Kyogre|100\/100\n|-damage|p1a: Kyogre|88\/100|[from] Stealth Rock\n|-weather|RainDance|[from] ability: Drizzle|[of] p1a: Kyogre\n|turn|5\n|\n|t:|1654942243\n|move|p1a: Kyogre|Water Spout|p2a: Cinderace\n|-supereffective|p2a: Cinderace\n|-damage|p2a: Cinderace|0 fnt\n|faint|p2a: Cinderace\n|\n|-weather|RainDance|[upkeep]\n|upkeep\n|\n|t:|1654942246\n|switch|p2a: Genesect|Genesect|88\/100\n|-damage|p2a: Genesect|76\/100|[from] Stealth Rock\n|-ability|p2a: Genesect|Download|boost\n|-boost|p2a: Genesect|atk|1\n|turn|6\n|j| Alpha1013\n|\n|t:|1654942248\n|move|p2a: Genesect|U-turn|p1a: Kyogre\n|-damage|p1a: Kyogre|35\/100\n|\n|t:|1654942250\n|switch|p2a: Naganadel|Naganadel|100\/100|[from]move: U-turn\n|-damage|p2a: Naganadel|88\/100|[from] Stealth Rock\n|move|p1a: Kyogre|Water Spout|p2a: Naganadel\n|-resisted|p2a: Naganadel\n|-damage|p2a: Naganadel|54\/100\n|\n|-weather|RainDance|[upkeep]\n|upkeep\n|turn|7\n|\n|t:|1654942261\n|move|p1a: Kyogre|Water Spout|p2a: Naganadel\n|-resisted|p2a: Naganadel\n|-crit|p2a: Naganadel\n|-damage|p2a: Naganadel|3\/100\n|move|p2a: Naganadel|Sludge Wave|p1a: Kyogre\n|-damage|p1a: Kyogre|0 fnt\n|faint|p1a: Kyogre\n|-ability|p2a: Naganadel|Beast Boost|boost\n|-boost|p2a: Naganadel|spe|1\n|-damage|p2a: Naganadel|0 fnt|[from] item: Life Orb\n|faint|p2a: Naganadel\n|\n|-weather|RainDance|[upkeep]\n|upkeep\n|\n|t:|1654942275\n|switch|p2a: Genesect|Genesect|76\/100\n|switch|p1a: Yveltal|Yveltal|100\/100\n|-damage|p1a: Yveltal|76\/100|[from] Stealth Rock\n|-ability|p1a: Yveltal|Dark Aura\n|-damage|p2a: Genesect|63\/100|[from] Stealth Rock\n|-ability|p2a: Genesect|Download|boost\n|-boost|p2a: Genesect|atk|1\n|turn|8\n|\n|t:|1654942279\n|move|p2a: Genesect|U-turn|p1a: Yveltal\n|-damage|p1a: Yveltal|30\/100\n|c| Alpha1013|go aurora\n|\n|t:|1654942283\n|switch|p2a: Spectrier|Spectrier|100\/100|[from]move: U-turn\n|-damage|p2a: Spectrier|88\/100|[from] Stealth Rock\n|move|p1a: Yveltal|Foul Play|p2a: Spectrier\n|-supereffective|p2a: Spectrier\n|-damage|p2a: Spectrier|9\/100\n|\n|-weather|RainDance|[upkeep]\n|-heal|p2a: Spectrier|15\/100|[from] item: Leftovers\n|upkeep\n|turn|9\n|\n|t:|1654942286\n|move|p1a: Yveltal|Foul Play|p2a: Spectrier\n|-supereffective|p2a: Spectrier\n|-damage|p2a: Spectrier|0 fnt\n|faint|p2a: Spectrier\n|\n|-weather|none\n|upkeep\n|\n|t:|1654942289\n|switch|p2a: Genesect|Genesect|63\/100\n|-damage|p2a: Genesect|51\/100|[from] Stealth Rock\n|-ability|p2a: Genesect|Download|boost\n|-boost|p2a: Genesect|atk|1\n|turn|10\n|\n|t:|1654942291\n|move|p2a: Genesect|Iron Head|p1a: Yveltal\n|-crit|p1a: Yveltal\n|-damage|p1a: Yveltal|0 fnt\n|faint|p1a: Yveltal\n|\n|upkeep\n|j|+Hoennseptile\n|c|\u2606Raph369|rip i lost the ties\n|c| EonDuoLatias|I think your \"trump card\" is doing worse\n|\n|t:|1654942304\n|switch|p1a: Calyrex|Calyrex-Shadow|100\/100\n|-ability|p1a: Calyrex|As One\n|-ability|p1a: Calyrex|Unnerve\n|-damage|p1a: Calyrex|88\/100|[from] Stealth Rock\n|turn|11\n|c|\u2606Raph369|gg\n|\n|t:|1654942315\n|move|p2a: Genesect|Iron Head|p1a: Calyrex\n|-crit|p1a: Calyrex\n|-damage|p1a: Calyrex|0 fnt\n|faint|p1a: Calyrex\n|\n|upkeep\n|\n|t:|1654942318\n|switch|p1a: Xerneas|Xerneas|100\/100\n|-damage|p1a: Xerneas|88\/100|[from] Stealth Rock\n|-ability|p1a: Xerneas|Fairy Aura\n|turn|12\n|c|\u2606Aurora|gg\n|\n|t:|1654942321\n|move|p2a: Genesect|Iron Head|p1a: Xerneas\n|-supereffective|p1a: Xerneas\n|-damage|p1a: Xerneas|0 fnt\n|faint|p1a: Xerneas\n|\n|win|Aurora\n|n|\u2606Raph369|raph369\n|n|\u2606Aurora|aurora\n|n| EonDuoLatias|eonduolatias\n|n| Jinoo Daddy|jinoodaddy\n|n| Alpha1013|alpha1013\n|n| Hoennseptile|hoennseptile\n","uploadtime":1654942322,"views":15,"p1id":"raph369","p2id":"aurora","formatid":"gen8ubers","rating":0,"private":0,"password":null}