{"id":"gen8nationaldex-1693756365","p1":"evvolin","p2":"Shinjou Akane","format":"gen8nationaldex","log":"|j|\u2606evvolin\n|j|\u2606Shinjou Akane\n|t:|1666633914\n|gametype|singles\n|player|p1|evvolin|riley|1266\n|player|p2|Shinjou Akane|nurse|1348\n|teamsize|p1|6\n|teamsize|p2|6\n|gen|8\n|tier|[Gen 8] National Dex\n|rated|\n|rule|HP Percentage Mod: HP is shown in percentages\n|rule|Endless Battle Clause: Forcing endless battles is banned\n|rule|OHKO Clause: OHKO moves are banned\n|rule|Evasion Moves Clause: Evasion moves are banned\n|rule|Species Clause: Limit one of each Pok\u00e9mon\n|rule|Dynamax Clause: You cannot dynamax\n|rule|Sleep Clause Mod: Limit one foe put to sleep\n|clearpoke\n|poke|p1|Kartana|\n|poke|p1|Azumarill, M|\n|poke|p1|Excadrill, M|\n|poke|p1|Charizard, M|\n|poke|p1|Mew|\n|poke|p1|Bewear, M|\n|poke|p2|Lopunny, F|\n|poke|p2|Garchomp, M|\n|poke|p2|Greninja, M|\n|poke|p2|Ferrothorn, M|\n|poke|p2|Zapdos|\n|poke|p2|Victini|\n|teampreview\n|\n|t:|1666633924\n|start\n|switch|p1a: Charizard|Charizard, M|100\/100\n|switch|p2a: Ferrothorn|Ferrothorn, M|100\/100\n|turn|1\n|\n|t:|1666633932\n|switch|p2a: Victini|Victini|100\/100\n|detailschange|p1a: Charizard|Charizard-Mega-X, M\n|-mega|p1a: Charizard|Charizard|Charizardite X\n|move|p1a: Charizard|Flamethrower|p2a: Victini\n|-resisted|p2a: Victini\n|-damage|p2a: Victini|80\/100\n|\n|upkeep\n|turn|2\n|\n|t:|1666633940\n|move|p2a: Victini|U-turn|p1a: Charizard\n|-resisted|p1a: Charizard\n|-damage|p1a: Charizard|94\/100\n|\n|t:|1666633947\n|switch|p2a: Greninja|Greninja, M|100\/100|[from]move: U-turn\n|move|p1a: Charizard|Scorching Sands|p2a: Greninja\n|-damage|p2a: Greninja|69\/100\n|-status|p2a: Greninja|brn\n|\n|-damage|p2a: Greninja|63\/100 brn|[from] brn\n|upkeep\n|turn|3\n|\n|t:|1666633961\n|switch|p1a: Azumarill|Azumarill, M|100\/100\n|move|p2a: Greninja|Spikes|p1a: Azumarill\n|-sidestart|p1: evvolin|Spikes\n|\n|-damage|p2a: Greninja|57\/100 brn|[from] brn\n|upkeep\n|turn|4\n|\n|t:|1666633968\n|switch|p2a: Ferrothorn|Ferrothorn, M|100\/100\n|move|p1a: Azumarill|Whirlpool|p2a: Ferrothorn\n|-resisted|p2a: Ferrothorn\n|-damage|p2a: Ferrothorn|98\/100\n|-activate|p2a: Ferrothorn|move: Whirlpool|[of] p1a: Azumarill\n|\n|-heal|p2a: Ferrothorn|100\/100|[from] item: Leftovers\n|-damage|p2a: Ferrothorn|88\/100|[from] move: Whirlpool|[partiallytrapped]\n|upkeep\n|turn|5\n|\n|t:|1666633979\n|switch|p1a: Excadrill|Excadrill, M|100\/100\n|-damage|p1a: Excadrill|88\/100|[from] Spikes\n|-ability|p1a: Excadrill|Mold Breaker\n|move|p2a: Ferrothorn|Gyro Ball|p1a: Excadrill\n|-resisted|p1a: Excadrill\n|-damage|p1a: Excadrill|63\/100\n|\n|-heal|p1a: Excadrill|69\/100|[from] item: Leftovers\n|-heal|p2a: Ferrothorn|94\/100|[from] item: Leftovers\n|-end|p2a: Ferrothorn|Whirlpool|[partiallytrapped]|[silent]\n|upkeep\n|turn|6\n|\n|t:|1666633991\n|move|p1a: Excadrill|Rapid Spin|p2a: Ferrothorn\n|-resisted|p2a: Ferrothorn\n|-crit|p2a: Ferrothorn\n|-damage|p2a: Ferrothorn|86\/100\n|-boost|p1a: Excadrill|spe|1\n|-damage|p1a: Excadrill|57\/100|[from] ability: Iron Barbs|[of] p2a: Ferrothorn\n|-sideend|p1: evvolin|Spikes|[from] move: Rapid Spin|[of] p1a: Excadrill\n|move|p2a: Ferrothorn|Leech Seed|p1a: Excadrill\n|-start|p1a: Excadrill|move: Leech Seed\n|\n|-heal|p1a: Excadrill|63\/100|[from] item: Leftovers\n|-heal|p2a: Ferrothorn|92\/100|[from] item: Leftovers\n|-damage|p1a: Excadrill|50\/100|[from] Leech Seed|[of] p2a: Ferrothorn\n|-heal|p2a: Ferrothorn|100\/100|[silent]\n|upkeep\n|turn|7\n|\n|t:|1666634005\n|move|p1a: Excadrill|Rapid Spin|p2a: Ferrothorn\n|-resisted|p2a: Ferrothorn\n|-damage|p2a: Ferrothorn|95\/100\n|-boost|p1a: Excadrill|spe|1\n|-damage|p1a: Excadrill|38\/100|[from] ability: Iron Barbs|[of] p2a: Ferrothorn\n|-end|p1a: Excadrill|Leech Seed|[from] move: Rapid Spin|[of] p1a: Excadrill\n|move|p2a: Ferrothorn|Stealth Rock|p1a: Excadrill\n|-sidestart|p1: evvolin|move: Stealth Rock\n|\n|-heal|p1a: Excadrill|44\/100|[from] item: Leftovers\n|-heal|p2a: Ferrothorn|100\/100|[from] item: Leftovers\n|upkeep\n|turn|8\n|\n|t:|1666634018\n|move|p1a: Excadrill|Stealth Rock|p2a: Ferrothorn\n|-sidestart|p2: Shinjou Akane|move: Stealth Rock\n|move|p2a: Ferrothorn|Stealth Rock||[still]\n|-fail|p2a: Ferrothorn\n|\n|-heal|p1a: Excadrill|50\/100|[from] item: Leftovers\n|upkeep\n|turn|9\n|\n|t:|1666634026\n|move|p1a: Excadrill|Earthquake|p2a: Ferrothorn\n|-damage|p2a: Ferrothorn|64\/100\n|move|p2a: Ferrothorn|Leech Seed|p1a: Excadrill|[miss]\n|-miss|p2a: Ferrothorn|p1a: Excadrill\n|\n|-heal|p1a: Excadrill|56\/100|[from] item: Leftovers\n|-heal|p2a: Ferrothorn|70\/100|[from] item: Leftovers\n|upkeep\n|turn|10\n|\n|t:|1666634035\n|move|p1a: Excadrill|Earthquake|p2a: Ferrothorn\n|-damage|p2a: Ferrothorn|37\/100\n|move|p2a: Ferrothorn|Leech Seed|p1a: Excadrill\n|-start|p1a: Excadrill|move: Leech Seed\n|\n|-heal|p1a: Excadrill|63\/100|[from] item: Leftovers\n|-heal|p2a: Ferrothorn|43\/100|[from] item: Leftovers\n|-damage|p1a: Excadrill|50\/100|[from] Leech Seed|[of] p2a: Ferrothorn\n|-heal|p2a: Ferrothorn|58\/100|[silent]\n|upkeep\n|turn|11\n|\n|t:|1666634046\n|move|p1a: Excadrill|Rapid Spin|p2a: Ferrothorn\n|-resisted|p2a: Ferrothorn\n|-damage|p2a: Ferrothorn|52\/100\n|-boost|p1a: Excadrill|spe|1\n|-damage|p1a: Excadrill|38\/100|[from] ability: Iron Barbs|[of] p2a: Ferrothorn\n|-end|p1a: Excadrill|Leech Seed|[from] move: Rapid Spin|[of] p1a: Excadrill\n|-sideend|p1: evvolin|Stealth Rock|[from] move: Rapid Spin|[of] p1a: Excadrill\n|move|p2a: Ferrothorn|Gyro Ball|p1a: Excadrill\n|-resisted|p1a: Excadrill\n|-damage|p1a: Excadrill|8\/100\n|\n|-heal|p1a: Excadrill|14\/100|[from] item: Leftovers\n|-heal|p2a: Ferrothorn|58\/100|[from] item: Leftovers\n|upkeep\n|turn|12\n|\n|t:|1666634063\n|move|p1a: Excadrill|Earthquake|p2a: Ferrothorn\n|-damage|p2a: Ferrothorn|22\/100\n|move|p2a: Ferrothorn|Stealth Rock|p1a: Excadrill\n|-sidestart|p1: evvolin|move: Stealth Rock\n|\n|-heal|p1a: Excadrill|21\/100|[from] item: Leftovers\n|-heal|p2a: Ferrothorn|28\/100|[from] item: Leftovers\n|upkeep\n|turn|13\n|\n|t:|1666634074\n|switch|p2a: Zapdos|Zapdos|100\/100\n|move|p1a: Excadrill|Earthquake|p2a: Zapdos\n|-immune|p2a: Zapdos\n|\n|-heal|p1a: Excadrill|27\/100|[from] item: Leftovers\n|upkeep\n|turn|14\n|\n|t:|1666634083\n|move|p1a: Excadrill|Toxic|p2a: Zapdos\n|-status|p2a: Zapdos|tox\n|move|p2a: Zapdos|Hurricane|p1a: Excadrill|[miss]\n|-miss|p2a: Zapdos|p1a: Excadrill\n|\n|-heal|p1a: Excadrill|33\/100|[from] item: Leftovers\n|-damage|p2a: Zapdos|94\/100 tox|[from] psn\n|upkeep\n|turn|15\n|\n|t:|1666634094\n|move|p1a: Excadrill|Rapid Spin|p2a: Zapdos\n|-damage|p2a: Zapdos|83\/100 tox\n|-boost|p1a: Excadrill|spe|1\n|-sideend|p1: evvolin|Stealth Rock|[from] move: Rapid Spin|[of] p1a: Excadrill\n|move|p2a: Zapdos|Hurricane|p1a: Excadrill\n|-resisted|p1a: Excadrill\n|-damage|p1a: Excadrill|16\/100\n|\n|-heal|p1a: Excadrill|22\/100|[from] item: Leftovers\n|-damage|p2a: Zapdos|71\/100 tox|[from] psn\n|upkeep\n|turn|16\n|\n|t:|1666634105\n|move|p1a: Excadrill|Stealth Rock||[still]\n|-fail|p1a: Excadrill\n|move|p2a: Zapdos|Defog|p1a: Excadrill\n|-unboost|p1a: Excadrill|evasion|1\n|-sideend|p2: Shinjou Akane|Stealth Rock|[from] move: Defog|[of] p2a: Zapdos\n|\n|-heal|p1a: Excadrill|28\/100|[from] item: Leftovers\n|-damage|p2a: Zapdos|53\/100 tox|[from] psn\n|upkeep\n|turn|17\n|\n|t:|1666634114\n|switch|p2a: Greninja|Greninja, M|57\/100 brn\n|move|p1a: Excadrill|Stealth Rock|p2a: Greninja\n|-sidestart|p2: Shinjou Akane|move: Stealth Rock\n|\n|-heal|p1a: Excadrill|34\/100|[from] item: Leftovers\n|-damage|p2a: Greninja|51\/100 brn|[from] brn\n|upkeep\n|turn|18\n|\n|t:|1666634125\n|switch|p1a: Azumarill|Azumarill, M|100\/100\n|move|p2a: Greninja|Water Shuriken|p1a: Azumarill\n|-resisted|p1a: Azumarill\n|-damage|p1a: Azumarill|97\/100\n|-resisted|p1a: Azumarill\n|-damage|p1a: Azumarill|93\/100\n|-hitcount|p1a: Azumarill|2\n|\n|-heal|p1a: Azumarill|99\/100|[from] item: Leftovers\n|-damage|p2a: Greninja|45\/100 brn|[from] brn\n|upkeep\n|turn|19\n|\n|t:|1666634137\n|switch|p2a: Ferrothorn|Ferrothorn, M|28\/100\n|-damage|p2a: Ferrothorn|22\/100|[from] Stealth Rock\n|move|p1a: Azumarill|Whirlpool|p2a: Ferrothorn\n|-resisted|p2a: Ferrothorn\n|-damage|p2a: Ferrothorn|19\/100\n|-activate|p2a: Ferrothorn|move: Whirlpool|[of] p1a: Azumarill\n|\n|-heal|p1a: Azumarill|100\/100|[from] item: Leftovers\n|-heal|p2a: Ferrothorn|25\/100|[from] item: Leftovers\n|-damage|p2a: Ferrothorn|13\/100|[from] move: Whirlpool|[partiallytrapped]\n|upkeep\n|turn|20\n|\n|t:|1666634151\n|move|p1a: Azumarill|Whirlpool|p2a: Ferrothorn|[miss]\n|-miss|p1a: Azumarill|p2a: Ferrothorn\n|move|p2a: Ferrothorn|Stealth Rock|p1a: Azumarill\n|-sidestart|p1: evvolin|move: Stealth Rock\n|\n|-heal|p2a: Ferrothorn|19\/100|[from] item: Leftovers\n|-damage|p2a: Ferrothorn|7\/100|[from] move: Whirlpool|[partiallytrapped]\n|upkeep\n|turn|21\n|\n|t:|1666634161\n|switch|p1a: Excadrill|Excadrill, M|34\/100\n|-damage|p1a: Excadrill|31\/100|[from] Stealth Rock\n|-ability|p1a: Excadrill|Mold Breaker\n|move|p2a: Ferrothorn|Thunder Wave|p1a: Excadrill\n|-immune|p1a: Excadrill\n|\n|-heal|p1a: Excadrill|37\/100|[from] item: Leftovers\n|-heal|p2a: Ferrothorn|13\/100|[from] item: Leftovers\n|-end|p2a: Ferrothorn|Whirlpool|[partiallytrapped]|[silent]\n|upkeep\n|turn|22\n|\n|t:|1666634178\n|move|p1a: Excadrill|Earthquake|p2a: Ferrothorn\n|-damage|p2a: Ferrothorn|0 fnt\n|faint|p2a: Ferrothorn\n|\n|-heal|p1a: Excadrill|43\/100|[from] item: Leftovers\n|upkeep\n|\n|t:|1666634185\n|switch|p2a: Lopunny|Lopunny, F, shiny|100\/100\n|-damage|p2a: Lopunny|88\/100|[from] Stealth Rock\n|turn|23\n|\n|t:|1666634191\n|detailschange|p2a: Lopunny|Lopunny-Mega, F, shiny\n|-mega|p2a: Lopunny|Lopunny|Lopunnite\n|move|p2a: Lopunny|Close Combat|p1a: Excadrill\n|-supereffective|p1a: Excadrill\n|-damage|p1a: Excadrill|0 fnt\n|-unboost|p2a: Lopunny|def|1\n|-unboost|p2a: Lopunny|spd|1\n|faint|p1a: Excadrill\n|\n|upkeep\n|\n|t:|1666634200\n|switch|p1a: Azumarill|Azumarill, M|100\/100\n|-damage|p1a: Azumarill|88\/100|[from] Stealth Rock\n|turn|24\n|\n|t:|1666634205\n|move|p2a: Lopunny|U-turn|p1a: Azumarill\n|-resisted|p1a: Azumarill\n|-damage|p1a: Azumarill|76\/100\n|\n|t:|1666634209\n|switch|p2a: Zapdos|Zapdos|53\/100 tox|[from]move: U-turn\n|move|p1a: Azumarill|Toxic|p2a: Zapdos\n|-fail|p2a: Zapdos|tox\n|\n|-heal|p1a: Azumarill|82\/100|[from] item: Leftovers\n|-damage|p2a: Zapdos|47\/100 tox|[from] psn\n|upkeep\n|turn|25\n|\n|t:|1666634220\n|switch|p1a: Charizard|Charizard-Mega-X, M|94\/100\n|-damage|p1a: Charizard|70\/100|[from] Stealth Rock\n|move|p2a: Zapdos|Roost|p2a: Zapdos\n|-heal|p2a: Zapdos|97\/100 tox\n|-singleturn|p2a: Zapdos|move: Roost\n|\n|-damage|p2a: Zapdos|85\/100 tox|[from] psn\n|upkeep\n|turn|26\n|\n|t:|1666634231\n|move|p2a: Zapdos|Volt Switch|p1a: Charizard\n|-resisted|p1a: Charizard\n|-damage|p1a: Charizard|54\/100\n|\n|t:|1666634236\n|switch|p2a: Greninja|Greninja, M|45\/100 brn|[from]move: Volt Switch\n|-damage|p2a: Greninja|33\/100 brn|[from] Stealth Rock\n|move|p1a: Charizard|Scorching Sands|p2a: Greninja\n|-damage|p2a: Greninja|0 fnt\n|faint|p2a: Greninja\n|\n|upkeep\n|\n|t:|1666634243\n|switch|p2a: Lopunny|Lopunny-Mega, F, shiny|88\/100\n|-damage|p2a: Lopunny|82\/100|[from] Stealth Rock\n|turn|27\n|\n|t:|1666634252\n|move|p2a: Lopunny|Frustration|p1a: Charizard\n|-damage|p1a: Charizard|19\/100\n|move|p1a: Charizard|Roost|p1a: Charizard\n|-heal|p1a: Charizard|69\/100\n|-singleturn|p1a: Charizard|move: Roost\n|\n|upkeep\n|turn|28\n|\n|t:|1666634261\n|move|p2a: Lopunny|U-turn|p1a: Charizard\n|-resisted|p1a: Charizard\n|-damage|p1a: Charizard|61\/100\n|\n|t:|1666634263\n|switch|p2a: Garchomp|Garchomp, M|100\/100|[from]move: U-turn\n|-damage|p2a: Garchomp|94\/100|[from] Stealth Rock\n|move|p1a: Charizard|Roost|p1a: Charizard\n|-heal|p1a: Charizard|100\/100\n|-singleturn|p1a: Charizard|move: Roost\n|\n|upkeep\n|turn|29\n|\n|t:|1666634273\n|switch|p1a: Azumarill|Azumarill, M|82\/100\n|-damage|p1a: Azumarill|70\/100|[from] Stealth Rock\n|-zpower|p2a: Garchomp\n|move|p2a: Garchomp|Devastating Drake|p1a: Azumarill|[zeffect]\n|-immune|p1a: Azumarill\n|\n|-heal|p1a: Azumarill|76\/100|[from] item: Leftovers\n|upkeep\n|turn|30\n|\n|t:|1666634287\n|move|p2a: Garchomp|Swords Dance|p2a: Garchomp\n|-boost|p2a: Garchomp|atk|2\n|move|p1a: Azumarill|Whirlpool|p2a: Garchomp|[miss]\n|-miss|p1a: Azumarill|p2a: Garchomp\n|\n|-heal|p1a: Azumarill|82\/100|[from] item: Leftovers\n|upkeep\n|turn|31\n|\n|t:|1666634297\n|move|p2a: Garchomp|Earthquake|p1a: Azumarill\n|-damage|p1a: Azumarill|0 fnt\n|faint|p1a: Azumarill\n|\n|upkeep\n|\n|t:|1666634317\n|switch|p1a: Kartana|Kartana|100\/100\n|-damage|p1a: Kartana|94\/100|[from] Stealth Rock\n|turn|32\n|\n|t:|1666634324\n|move|p2a: Garchomp|Earthquake|p1a: Kartana\n|-damage|p1a: Kartana|16\/100\n|move|p1a: Kartana|Leaf Blade|p2a: Garchomp\n|-damage|p2a: Garchomp|41\/100\n|-damage|p1a: Kartana|3\/100|[from] ability: Rough Skin|[of] p2a: Garchomp\n|\n|upkeep\n|turn|33\n|\n|t:|1666634334\n|move|p2a: Garchomp|Scale Shot|p1a: Kartana\n|-resisted|p1a: Kartana\n|-damage|p1a: Kartana|0 fnt\n|faint|p1a: Kartana\n|-hitcount|p1: Kartana|1\n|-unboost|p2a: Garchomp|def|1\n|-boost|p2a: Garchomp|spe|1\n|\n|upkeep\n|\n|t:|1666634344\n|switch|p1a: Bewear|Bewear, M|100\/100\n|-damage|p1a: Bewear|94\/100|[from] Stealth Rock\n|turn|34\n|\n|t:|1666634349\n|move|p2a: Garchomp|Fire Fang|p1a: Bewear\n|-damage|p1a: Bewear|65\/100\n|-damage|p2a: Garchomp|25\/100|[from] item: Rocky Helmet|[of] p1a: Bewear\n|move|p1a: Bewear|Double-Edge|p2a: Garchomp\n|-damage|p2a: Garchomp|0 fnt\n|-damage|p1a: Bewear|53\/100|[from] ability: Rough Skin|[of] p2a: Garchomp\n|faint|p2a: Garchomp\n|-damage|p1a: Bewear|46\/100|[from] Recoil\n|\n|upkeep\n|\n|t:|1666634357\n|switch|p2a: Lopunny|Lopunny-Mega, F, shiny|82\/100\n|-damage|p2a: Lopunny|77\/100|[from] Stealth Rock\n|turn|35\n|\n|t:|1666634364\n|move|p2a: Lopunny|Close Combat|p1a: Bewear\n|-supereffective|p1a: Bewear\n|-damage|p1a: Bewear|5\/100\n|-unboost|p2a: Lopunny|def|1\n|-unboost|p2a: Lopunny|spd|1\n|-damage|p2a: Lopunny|60\/100|[from] item: Rocky Helmet|[of] p1a: Bewear\n|move|p1a: Bewear|Drain Punch|p2a: Lopunny\n|-supereffective|p2a: Lopunny\n|-damage|p2a: Lopunny|0 fnt\n|-heal|p1a: Bewear|23\/100|[from] drain|[of] p2a: Lopunny\n|faint|p2a: Lopunny\n|\n|upkeep\n|-message|Shinjou Akane forfeited.\n|\n|win|evvolin\n|raw|evvolin's rating: 1266 &rarr; <strong>1297<\/strong><br \/>(+31 for winning)\n|raw|Shinjou Akane's rating: 1348 &rarr; <strong>1323<\/strong><br \/>(-25 for losing)\n|l|\u2606Shinjou Akane\n","uploadtime":1666634378,"views":5,"p1id":"evvolin","p2id":"shinjouakane","formatid":"gen8nationaldex","rating":1297,"private":0,"password":null}