{"id":"gen8ou-1687303732","p1":"minimax_ai","p2":"ty-tyui\u21bb","format":"gen8ou","log":"|html|<div class=\"broadcast-blue\"><strong>[Gen 8] OU is currently suspecting Melmetal! For information on how to participate check out the <a href=\"https:\/\/www.smogon.com\/forums\/threads\/np-ss-ou-suspect-process-round-12-monster-mash.3709234\/\">suspect thread<\/a>.<\/strong><\/div>\n|j|\u2606minimax_ai\n|j|\u2606ty-tyui\u21bb\n|t:|1665947474\n|gametype|singles\n|player|p1|minimax_ai|lusamine-nihilego|1635\n|player|p2|ty-tyui\u21bb|grace|1731\n|teamsize|p1|6\n|teamsize|p2|6\n|gen|8\n|tier|[Gen 8] OU\n|rated|\n|rule|Sleep Clause Mod: Limit one foe put to sleep\n|rule|Species Clause: Limit one of each Pok\u00e9mon\n|rule|OHKO Clause: OHKO moves are banned\n|rule|Evasion Items Clause: Evasion items are banned\n|rule|Evasion Moves Clause: Evasion moves are banned\n|rule|Endless Battle Clause: Forcing endless battles is banned\n|rule|HP Percentage Mod: HP is shown in percentages\n|rule|Dynamax Clause: You cannot dynamax\n|clearpoke\n|poke|p1|Rotom-Wash|\n|poke|p1|Weavile, M|\n|poke|p1|Landorus-Therian, M|\n|poke|p1|Heatran, M|\n|poke|p1|Tangrowth, F|\n|poke|p1|Melmetal|\n|poke|p2|Mienshao, F|\n|poke|p2|Ninetales-Alola, M|\n|poke|p2|Blacephalon|\n|poke|p2|Landorus-Therian, M|\n|poke|p2|Corviknight, M|\n|poke|p2|Rotom-Wash|\n|teampreview\n|c|\u2606minimax_ai|hf\n|inactive|Battle timer is ON: inactive players will automatically lose when time's up. (requested by minimax_ai)\n|\n|t:|1665947478\n|start\n|switch|p1a: landorustherian|Landorus-Therian, M|100\/100\n|switch|p2a: Ninetales|Ninetales-Alola, M|100\/100\n|-weather|Hail|[from] ability: Snow Warning|[of] p2a: Ninetales\n|-ability|p1a: landorustherian|Intimidate|boost\n|-unboost|p2a: Ninetales|atk|1\n|turn|1\n|\n|t:|1665947484\n|switch|p1a: Heatran|Heatran, M|100\/100\n|-item|p1a: Heatran|Air Balloon\n|move|p2a: Ninetales|Blizzard|p1a: Heatran\n|-resisted|p1a: Heatran\n|-damage|p1a: Heatran|84\/100\n|-enditem|p1a: Heatran|Air Balloon\n|\n|-weather|Hail|[upkeep]\n|-damage|p1a: Heatran|78\/100|[from] Hail\n|upkeep\n|turn|2\n|\n|t:|1665947488\n|switch|p2a: Rotom|Rotom-Wash|100\/100\n|move|p1a: Heatran|Stealth Rock|p2a: Rotom\n|-sidestart|p2: ty-tyui\u21bb|move: Stealth Rock\n|\n|-weather|Hail|[upkeep]\n|-damage|p1a: Heatran|71\/100|[from] Hail\n|-damage|p2a: Rotom|94\/100|[from] Hail\n|-heal|p2a: Rotom|100\/100|[from] item: Leftovers\n|upkeep\n|turn|3\n|\n|t:|1665947491\n|switch|p1a: rotomwash|Rotom-Wash|100\/100\n|move|p2a: Rotom|Volt Switch|p1a: rotomwash\n|-damage|p1a: rotomwash|75\/100\n|\n|t:|1665947495\n|switch|p2a: Ninetales|Ninetales-Alola, M|100\/100|[from]move: Volt Switch\n|-damage|p2a: Ninetales|75\/100|[from] Stealth Rock\n|\n|-weather|Hail|[upkeep]\n|-damage|p1a: rotomwash|69\/100|[from] Hail\n|-heal|p1a: rotomwash|75\/100|[from] item: Leftovers\n|upkeep\n|turn|4\n|\n|t:|1665947497\n|switch|p1a: Melmetal|Melmetal|100\/100\n|move|p2a: Ninetales|Freeze-Dry|p1a: Melmetal\n|-resisted|p1a: Melmetal\n|-damage|p1a: Melmetal|90\/100\n|\n|-weather|Hail|[upkeep]\n|-damage|p1a: Melmetal|84\/100|[from] Hail\n|upkeep\n|turn|5\n|\n|t:|1665947500\n|switch|p2a: Corviknight|Corviknight, M|100\/100\n|-damage|p2a: Corviknight|88\/100|[from] Stealth Rock\n|-ability|p2a: Corviknight|Pressure\n|move|p1a: Melmetal|Ice Punch|p2a: Corviknight\n|-damage|p2a: Corviknight|63\/100\n|-damage|p1a: Melmetal|68\/100|[from] item: Rocky Helmet|[of] p2a: Corviknight\n|\n|-weather|none\n|upkeep\n|turn|6\n|\n|t:|1665947502\n|move|p2a: Corviknight|Defog|p1a: Melmetal\n|-unboost|p1a: Melmetal|evasion|1\n|-sideend|p2: ty-tyui\u21bb|Stealth Rock|[from] move: Defog|[of] p2a: Corviknight\n|move|p1a: Melmetal|Thunder Punch|p2a: Corviknight\n|-supereffective|p2a: Corviknight\n|-damage|p2a: Corviknight|13\/100\n|-damage|p1a: Melmetal|51\/100|[from] item: Rocky Helmet|[of] p2a: Corviknight\n|\n|upkeep\n|turn|7\n|\n|t:|1665947504\n|move|p2a: Corviknight|Roost|p2a: Corviknight\n|-heal|p2a: Corviknight|63\/100\n|-singleturn|p2a: Corviknight|move: Roost\n|move|p1a: Melmetal|Thunder Punch|p2a: Corviknight\n|-damage|p2a: Corviknight|39\/100\n|-damage|p1a: Melmetal|35\/100|[from] item: Rocky Helmet|[of] p2a: Corviknight\n|\n|upkeep\n|turn|8\n|\n|t:|1665947506\n|move|p2a: Corviknight|Roost|p2a: Corviknight\n|-heal|p2a: Corviknight|89\/100\n|-singleturn|p2a: Corviknight|move: Roost\n|move|p1a: Melmetal|Thunder Punch|p2a: Corviknight\n|-damage|p2a: Corviknight|64\/100\n|-damage|p1a: Melmetal|18\/100|[from] item: Rocky Helmet|[of] p2a: Corviknight\n|\n|upkeep\n|turn|9\n|\n|t:|1665947509\n|switch|p1a: rotomwash|Rotom-Wash|75\/100\n|move|p2a: Corviknight|Roost|p2a: Corviknight\n|-heal|p2a: Corviknight|100\/100\n|-singleturn|p2a: Corviknight|move: Roost\n|\n|-heal|p1a: rotomwash|81\/100|[from] item: Leftovers\n|upkeep\n|turn|10\n|\n|t:|1665947512\n|move|p1a: rotomwash|Hydro Pump|p2a: Corviknight\n|-damage|p2a: Corviknight|68\/100\n|move|p2a: Corviknight|Roost|p2a: Corviknight\n|-heal|p2a: Corviknight|100\/100\n|-singleturn|p2a: Corviknight|move: Roost\n|\n|-heal|p1a: rotomwash|87\/100|[from] item: Leftovers\n|upkeep\n|turn|11\n|\n|t:|1665947515\n|move|p1a: rotomwash|Hydro Pump|p2a: Corviknight\n|-damage|p2a: Corviknight|66\/100\n|move|p2a: Corviknight|Roost|p2a: Corviknight\n|-heal|p2a: Corviknight|100\/100\n|-singleturn|p2a: Corviknight|move: Roost\n|\n|-heal|p1a: rotomwash|94\/100|[from] item: Leftovers\n|upkeep\n|turn|12\n|\n|t:|1665947517\n|move|p1a: rotomwash|Hydro Pump|p2a: Corviknight\n|-damage|p2a: Corviknight|66\/100\n|move|p2a: Corviknight|Roost|p2a: Corviknight\n|-heal|p2a: Corviknight|100\/100\n|-singleturn|p2a: Corviknight|move: Roost\n|\n|-heal|p1a: rotomwash|99\/100|[from] item: Leftovers\n|upkeep\n|turn|13\n|\n|t:|1665947519\n|move|p1a: rotomwash|Hydro Pump|p2a: Corviknight\n|-damage|p2a: Corviknight|68\/100\n|move|p2a: Corviknight|Roost|p2a: Corviknight\n|-heal|p2a: Corviknight|100\/100\n|-singleturn|p2a: Corviknight|move: Roost\n|\n|-heal|p1a: rotomwash|100\/100|[from] item: Leftovers\n|upkeep\n|turn|14\n|\n|t:|1665947523\n|move|p1a: rotomwash|Nasty Plot|p1a: rotomwash\n|-boost|p1a: rotomwash|spa|2\n|move|p2a: Corviknight|Roost||[still]\n|-fail|p2a: Corviknight|heal\n|\n|upkeep\n|turn|15\n|j| Aitana y Zoilo\n|\n|t:|1665947525\n|switch|p2a: Landorus|Landorus-Therian, M|100\/100\n|-ability|p2a: Landorus|Intimidate|boost\n|-unboost|p1a: rotomwash|atk|1\n|move|p1a: rotomwash|Nasty Plot|p1a: rotomwash\n|-boost|p1a: rotomwash|spa|2\n|\n|upkeep\n|turn|16\n|c|\u2606ty-tyui\u21bb|the fact that lando is safe now\n|\n|t:|1665947534\n|move|p1a: rotomwash|Nasty Plot|p1a: rotomwash\n|-boost|p1a: rotomwash|spa|2\n|move|p2a: Landorus|Toxic|p1a: rotomwash\n|-status|p1a: rotomwash|tox\n|\n|-damage|p1a: rotomwash|94\/100 tox|[from] psn\n|upkeep\n|turn|17\n|\n|t:|1665947536\n|switch|p1a: landorustherian|Landorus-Therian, M|100\/100\n|-ability|p1a: landorustherian|Intimidate|boost\n|-unboost|p2a: Landorus|atk|1\n|move|p2a: Landorus|Stealth Rock|p1a: landorustherian\n|-sidestart|p1: minimax_ai|move: Stealth Rock\n|\n|upkeep\n|turn|18\n|\n|t:|1665947539\n|move|p1a: landorustherian|Toxic|p2a: Landorus\n|-status|p2a: Landorus|tox\n|move|p2a: Landorus|Toxic|p1a: landorustherian\n|-status|p1a: landorustherian|tox\n|\n|-damage|p2a: Landorus|94\/100 tox|[from] psn\n|-damage|p1a: landorustherian|94\/100 tox|[from] psn\n|upkeep\n|turn|19\n|\n|t:|1665947542\n|move|p1a: landorustherian|Defog|p2a: Landorus\n|-unboost|p2a: Landorus|evasion|1\n|-sideend|p1: minimax_ai|Stealth Rock|[from] move: Defog|[of] p1a: landorustherian\n|move|p2a: Landorus|U-turn|p1a: landorustherian\n|-resisted|p1a: landorustherian\n|-damage|p1a: landorustherian|87\/100 tox\n|\n|t:|1665947545\n|switch|p2a: Rotom|Rotom-Wash|100\/100|[from]move: U-turn\n|\n|-heal|p1a: landorustherian|93\/100 tox|[from] item: Leftovers\n|-damage|p1a: landorustherian|81\/100 tox|[from] psn\n|upkeep\n|turn|20\n|\n|t:|1665947547\n|switch|p1a: Tangrowth|Tangrowth, F|100\/100\n|move|p2a: Rotom|Hydro Pump|p1a: Tangrowth\n|-resisted|p1a: Tangrowth\n|-damage|p1a: Tangrowth|71\/100\n|\n|upkeep\n|turn|21\n|\n|t:|1665947551\n|move|p2a: Rotom|Thunder Wave|p1a: Tangrowth\n|-status|p1a: Tangrowth|par\n|move|p1a: Tangrowth|Giga Drain|p2a: Rotom\n|-supereffective|p2a: Rotom\n|-damage|p2a: Rotom|55\/100\n|-heal|p1a: Tangrowth|88\/100 par|[from] drain|[of] p2a: Rotom\n|\n|-heal|p2a: Rotom|61\/100|[from] item: Leftovers\n|upkeep\n|turn|22\n|\n|t:|1665947553\n|move|p2a: Rotom|Volt Switch|p1a: Tangrowth\n|-resisted|p1a: Tangrowth\n|-damage|p1a: Tangrowth|70\/100 par\n|\n|t:|1665947556\n|switch|p2a: Corviknight|Corviknight, M|100\/100|[from]move: Volt Switch\n|-ability|p2a: Corviknight|Pressure\n|cant|p1a: Tangrowth|par\n|\n|upkeep\n|turn|23\n|\n|t:|1665947558\n|move|p2a: Corviknight|Brave Bird|p1a: Tangrowth\n|-supereffective|p1a: Tangrowth\n|-damage|p1a: Tangrowth|32\/100 par\n|-damage|p2a: Corviknight|84\/100|[from] item: Rocky Helmet|[of] p1a: Tangrowth\n|-damage|p2a: Corviknight|71\/100|[from] Recoil\n|cant|p1a: Tangrowth|par\n|\n|upkeep\n|turn|24\n|\n|t:|1665947561\n|switch|p1a: Heatran|Heatran, M|71\/100\n|move|p2a: Corviknight|U-turn|p1a: Heatran\n|-resisted|p1a: Heatran\n|-damage|p1a: Heatran|68\/100\n|\n|t:|1665947564\n|switch|p2a: Mienshao|Mienshao, F, shiny|100\/100|[from]move: U-turn\n|\n|upkeep\n|turn|25\n|\n|t:|1665947572\n|switch|p1a: Tangrowth|Tangrowth, F|65\/100 par\n|move|p2a: Mienshao|Close Combat|p1a: Tangrowth\n|-damage|p1a: Tangrowth|27\/100 par\n|-unboost|p2a: Mienshao|def|1\n|-unboost|p2a: Mienshao|spd|1\n|-damage|p2a: Mienshao|84\/100|[from] item: Rocky Helmet|[of] p1a: Tangrowth\n|-damage|p2a: Mienshao|74\/100|[from] item: Life Orb\n|\n|upkeep\n|turn|26\n|\n|t:|1665947576\n|move|p2a: Mienshao|Close Combat|p1a: Tangrowth\n|-damage|p1a: Tangrowth|0 fnt\n|-unboost|p2a: Mienshao|def|1\n|-unboost|p2a: Mienshao|spd|1\n|-damage|p2a: Mienshao|57\/100|[from] item: Rocky Helmet|[of] p1a: Tangrowth\n|faint|p1a: Tangrowth\n|-damage|p2a: Mienshao|48\/100|[from] item: Life Orb\n|\n|upkeep\n|\n|t:|1665947576\n|switch|p1a: Weavile|Weavile, M|100\/100\n|-ability|p1a: Weavile|Pressure\n|turn|27\n|\n|t:|1665947582\n|switch|p2a: Corviknight|Corviknight, M|71\/100\n|-ability|p2a: Corviknight|Pressure\n|move|p1a: Weavile|Triple Axel|p2a: Corviknight\n|-damage|p2a: Corviknight|62\/100\n|-damage|p1a: Weavile|84\/100|[from] item: Rocky Helmet|[of] p2a: Corviknight\n|-damage|p2a: Corviknight|43\/100\n|-damage|p1a: Weavile|68\/100|[from] item: Rocky Helmet|[of] p2a: Corviknight\n|-damage|p2a: Corviknight|11\/100\n|-damage|p1a: Weavile|51\/100|[from] item: Rocky Helmet|[of] p2a: Corviknight\n|-hitcount|p2a: Corviknight|3\n|\n|upkeep\n|turn|28\n|\n|t:|1665947586\n|move|p1a: Weavile|Triple Axel|p2a: Corviknight\n|-damage|p2a: Corviknight|1\/100\n|-damage|p1a: Weavile|35\/100|[from] item: Rocky Helmet|[of] p2a: Corviknight\n|-damage|p2a: Corviknight|0 fnt\n|-damage|p1a: Weavile|19\/100|[from] item: Rocky Helmet|[of] p2a: Corviknight\n|faint|p2a: Corviknight\n|-hitcount|p2: Corviknight|2\n|\n|upkeep\n|\n|t:|1665947592\n|switch|p2a: Blacephalon|Blacephalon, shiny|100\/100\n|turn|29\n|\n|t:|1665947594\n|switch|p1a: Melmetal|Melmetal|18\/100\n|move|p2a: Blacephalon|Shadow Ball|p1a: Melmetal\n|-damage|p1a: Melmetal|0 fnt\n|faint|p1a: Melmetal\n|-ability|p2a: Blacephalon|Beast Boost|boost\n|-boost|p2a: Blacephalon|spa|1\n|\n|upkeep\n|\n|t:|1665947594\n|switch|p1a: Weavile|Weavile, M|19\/100\n|-ability|p1a: Weavile|Pressure\n|turn|30\n|\n|t:|1665947598\n|move|p2a: Blacephalon|Shadow Ball|p1a: Weavile\n|-resisted|p1a: Weavile\n|-damage|p1a: Weavile|0 fnt\n|faint|p1a: Weavile\n|-ability|p2a: Blacephalon|Beast Boost|boost\n|-boost|p2a: Blacephalon|spa|1\n|\n|upkeep\n|\n|t:|1665947598\n|switch|p1a: Heatran|Heatran, M|68\/100\n|turn|31\n|\n|t:|1665947601\n|switch|p1a: landorustherian|Landorus-Therian, M|81\/100 tox\n|-ability|p1a: landorustherian|Intimidate|boost\n|-unboost|p2a: Blacephalon|atk|1\n|move|p2a: Blacephalon|Shadow Ball|p1a: landorustherian\n|-damage|p1a: landorustherian|12\/100 tox\n|\n|-heal|p1a: landorustherian|18\/100 tox|[from] item: Leftovers\n|-damage|p1a: landorustherian|12\/100 tox|[from] psn\n|upkeep\n|turn|32\n|c|\u2606ty-tyui\u21bb|gg\n|\n|t:|1665947605\n|move|p2a: Blacephalon|Shadow Ball|p1a: landorustherian\n|-damage|p1a: landorustherian|0 fnt\n|faint|p1a: landorustherian\n|-ability|p2a: Blacephalon|Beast Boost|boost\n|-boost|p2a: Blacephalon|spa|1\n|\n|upkeep\n|\n|t:|1665947605\n|switch|p1a: rotomwash|Rotom-Wash|94\/100 tox\n|turn|33\n|\n|t:|1665947607\n|move|p2a: Blacephalon|Shadow Ball|p1a: rotomwash\n|-damage|p1a: rotomwash|0 fnt\n|faint|p1a: rotomwash\n|-ability|p2a: Blacephalon|Beast Boost|boost\n|-boost|p2a: Blacephalon|spa|1\n|\n|upkeep\n|\n|t:|1665947607\n|switch|p1a: Heatran|Heatran, M|68\/100\n|turn|34\n|\n|t:|1665947609\n|move|p2a: Blacephalon|Shadow Ball|p1a: Heatran\n|-damage|p1a: Heatran|0 fnt\n|faint|p1a: Heatran\n|\n|win|ty-tyui\u21bb\n|raw|minimax_ai's rating: 1635 &rarr; <strong>1620<\/strong><br \/>(-15 for losing)\n|raw|ty-tyui\u21bb's rating: 1731 &rarr; <strong>1746<\/strong><br \/>(+15 for winning)\n|c|\u2606minimax_ai|gg\n|l|\u2606minimax_ai\n||Ladder isn't responding, score probably updated but might not have (Request timeout).\n","uploadtime":1665947611,"views":12,"p1id":"minimaxai","p2id":"tytyui","formatid":"gen8ou","rating":1620,"private":0,"password":null}