{"id":"gen8nationaldex-1628970167","p1":"PKMNTrainerJacob","p2":"LECH24","format":"gen8nationaldex","log":"|j|\u2606PKMNTrainerJacob\n|j|\u2606LECH24\n|t:|1659240783\n|gametype|singles\n|player|p1|PKMNTrainerJacob|rocketgrunt|1596\n|player|p2|LECH24|170|1818\n|teamsize|p1|6\n|teamsize|p2|6\n|gen|8\n|tier|[Gen 8] National Dex\n|rated|\n|rule|HP Percentage Mod: HP is shown in percentages\n|rule|Endless Battle Clause: Forcing endless battles is banned\n|rule|OHKO Clause: OHKO moves are banned\n|rule|Evasion Moves Clause: Evasion moves are banned\n|rule|Species Clause: Limit one of each Pok\u00e9mon\n|rule|Dynamax Clause: You cannot dynamax\n|rule|Sleep Clause Mod: Limit one foe put to sleep\n|clearpoke\n|poke|p1|Charizard, M|\n|poke|p1|Ferrothorn, M|\n|poke|p1|Tapu Fini|\n|poke|p1|Weavile, F|\n|poke|p1|Gliscor, M|\n|poke|p1|Kommo-o, F|\n|poke|p2|Houndoom, F|\n|poke|p2|Rillaboom, F|\n|poke|p2|Volcarona, M|\n|poke|p2|Heatran, M|\n|poke|p2|Toxapex, M|\n|poke|p2|Gliscor, M|\n|teampreview\n|c|\u2606PKMNTrainerJacob|This is one threatening ass set up you got\n|\n|t:|1659240807\n|start\n|switch|p1a: Gliscor|Gliscor, M|100\/100\n|switch|p2a: Heatran|Heatran, M|100\/100\n|turn|1\n|\n|t:|1659240813\n|switch|p2a: Gliscor|Gliscor, M|100\/100\n|move|p1a: Gliscor|Earthquake|p2a: Gliscor\n|-immune|p2a: Gliscor\n|\n|-status|p2a: Gliscor|tox|[from] item: Toxic Orb\n|-status|p1a: Gliscor|tox|[from] item: Toxic Orb\n|upkeep\n|turn|2\n|c|\u2606PKMNTrainerJacob|Ah\n|c|\u2606PKMNTrainerJacob|so uh, how's life\n|\n|t:|1659240827\n|switch|p1a: Ferrothorn|Ferrothorn, M|100\/100\n|move|p2a: Gliscor|Stealth Rock|p1a: Ferrothorn\n|-sidestart|p1: PKMNTrainerJacob|move: Stealth Rock\n|\n|upkeep\n|turn|3\n|\n|t:|1659240835\n|move|p2a: Gliscor|U-turn|p1a: Ferrothorn\n|-damage|p1a: Ferrothorn|92\/100\n|-damage|p2a: Gliscor|88\/100 tox|[from] ability: Iron Barbs|[of] p1a: Ferrothorn\n|\n|t:|1659240842\n|switch|p2a: Houndoom|Houndoom, F|100\/100|[from]move: U-turn\n|move|p1a: Ferrothorn|Stealth Rock|p2a: Houndoom\n|-sidestart|p2: LECH24|move: Stealth Rock\n|\n|-heal|p1a: Ferrothorn|99\/100|[from] item: Leftovers\n|upkeep\n|turn|4\n|\n|t:|1659240848\n|switch|p2a: Rillaboom|Rillaboom, F|100\/100\n|-damage|p2a: Rillaboom|88\/100|[from] Stealth Rock\n|-fieldstart|move: Grassy Terrain|[from] ability: Grassy Surge|[of] p2a: Rillaboom\n|switch|p1a: Kommo-o|Kommo-o, F|100\/100\n|-damage|p1a: Kommo-o|94\/100|[from] Stealth Rock\n|\n|-heal|p1a: Kommo-o|100\/100|[from] Grassy Terrain\n|-heal|p2a: Rillaboom|94\/100|[from] Grassy Terrain\n|upkeep\n|turn|5\n|\n|t:|1659240863\n|-zpower|p1a: Kommo-o\n|move|p1a: Kommo-o|Clangorous Soulblaze|p2a: Rillaboom|[zeffect]\n|-damage|p2a: Rillaboom|8\/100\n|-boost|p1a: Kommo-o|atk|1\n|-boost|p1a: Kommo-o|def|1\n|-boost|p1a: Kommo-o|spa|1\n|-boost|p1a: Kommo-o|spd|1\n|-boost|p1a: Kommo-o|spe|1\n|-zpower|p2a: Rillaboom\n|move|p2a: Rillaboom|All-Out Pummeling|p1a: Kommo-o|[zeffect]\n|-damage|p1a: Kommo-o|51\/100\n|\n|-heal|p1a: Kommo-o|57\/100|[from] Grassy Terrain\n|-heal|p2a: Rillaboom|14\/100|[from] Grassy Terrain\n|upkeep\n|turn|6\n|\n|t:|1659240885\n|switch|p2a: Heatran|Heatran, M|100\/100\n|-damage|p2a: Heatran|88\/100|[from] Stealth Rock\n|move|p1a: Kommo-o|Flamethrower|p2a: Heatran\n|-start|p2a: Heatran|ability: Flash Fire\n|\n|-heal|p1a: Kommo-o|63\/100|[from] Grassy Terrain\n|-heal|p2a: Heatran|94\/100|[from] Grassy Terrain\n|-heal|p2a: Heatran|100\/100|[from] item: Leftovers\n|upkeep\n|turn|7\n|\n|t:|1659240890\n|-end|p2a: Heatran|ability: Flash Fire|[silent]\n|switch|p2a: Toxapex|Toxapex, M|100\/100\n|-damage|p2a: Toxapex|88\/100|[from] Stealth Rock\n|move|p1a: Kommo-o|Close Combat|p2a: Toxapex\n|-resisted|p2a: Toxapex\n|-damage|p2a: Toxapex|64\/100\n|-unboost|p1a: Kommo-o|def|1\n|-unboost|p1a: Kommo-o|spd|1\n|-damage|p1a: Kommo-o|47\/100|[from] item: Rocky Helmet|[of] p2a: Toxapex\n|\n|-heal|p1a: Kommo-o|53\/100|[from] Grassy Terrain\n|-heal|p2a: Toxapex|70\/100|[from] Grassy Terrain\n|upkeep\n|turn|8\n|\n|t:|1659240894\n|move|p1a: Kommo-o|Earthquake|p2a: Toxapex\n|-supereffective|p2a: Toxapex\n|-damage|p2a: Toxapex|40\/100\n|move|p2a: Toxapex|Haze|p2a: Toxapex\n|-clearallboost\n|\n|-heal|p1a: Kommo-o|59\/100|[from] Grassy Terrain\n|-heal|p2a: Toxapex|46\/100|[from] Grassy Terrain\n|-fieldend|move: Grassy Terrain\n|upkeep\n|turn|9\n|\n|t:|1659240901\n|move|p1a: Kommo-o|Earthquake|p2a: Toxapex\n|-supereffective|p2a: Toxapex\n|-damage|p2a: Toxapex|8\/100\n|move|p2a: Toxapex|Recover|p2a: Toxapex\n|-heal|p2a: Toxapex|58\/100\n|\n|upkeep\n|turn|10\n|\n|t:|1659240904\n|move|p1a: Kommo-o|Earthquake|p2a: Toxapex\n|-supereffective|p2a: Toxapex\n|-crit|p2a: Toxapex\n|-damage|p2a: Toxapex|0 fnt\n|faint|p2a: Toxapex\n|\n|upkeep\n|c|\u2606PKMNTrainerJacob|wow, I got lucky\n|\n|t:|1659240922\n|switch|p2a: Gliscor|Gliscor, M|88\/100 tox\n|-damage|p2a: Gliscor|76\/100 tox|[from] Stealth Rock\n|turn|11\n|\n|t:|1659240939\n|switch|p1a: Weavile|Weavile, F|100\/100\n|-damage|p1a: Weavile|76\/100|[from] Stealth Rock\n|-ability|p1a: Weavile|Pressure\n|move|p2a: Gliscor|Earthquake|p1a: Weavile\n|-damage|p1a: Weavile|18\/100\n|\n|-heal|p2a: Gliscor|88\/100 tox|[from] ability: Poison Heal\n|upkeep\n|turn|12\n|\n|t:|1659240954\n|switch|p2a: Heatran|Heatran, M|100\/100\n|-damage|p2a: Heatran|88\/100|[from] Stealth Rock\n|move|p1a: Weavile|Low Kick|p2a: Heatran\n|-supereffective|p2a: Heatran\n|-damage|p2a: Heatran|3\/100\n|-damage|p1a: Weavile|8\/100|[from] item: Life Orb\n|\n|-heal|p2a: Heatran|9\/100|[from] item: Leftovers\n|upkeep\n|turn|13\n|\n|t:|1659240959\n|move|p1a: Weavile|Knock Off|p2a: Heatran\n|-damage|p2a: Heatran|0 fnt\n|-enditem|p2a: Heatran|Leftovers|[from] move: Knock Off|[of] p1a: Weavile\n|faint|p2a: Heatran\n|-damage|p1a: Weavile|0 fnt|[from] item: Life Orb\n|faint|p1a: Weavile\n|\n|upkeep\n|\n|t:|1659240967\n|switch|p1a: Gliscor|Gliscor, M|100\/100 tox\n|switch|p2a: Volcarona|Volcarona, M|100\/100\n|-damage|p1a: Gliscor|88\/100 tox|[from] Stealth Rock\n|turn|14\n|\n|t:|1659240973\n|switch|p2a: Gliscor|Gliscor, M|88\/100 tox\n|-damage|p2a: Gliscor|76\/100 tox|[from] Stealth Rock\n|move|p1a: Gliscor|Toxic|p2a: Gliscor\n|-fail|p2a: Gliscor|tox\n|\n|-heal|p2a: Gliscor|88\/100 tox|[from] ability: Poison Heal\n|-heal|p1a: Gliscor|100\/100 tox|[from] ability: Poison Heal\n|upkeep\n|turn|15\n|\n|t:|1659240981\n|move|p2a: Gliscor|Earthquake|p1a: Gliscor\n|-immune|p1a: Gliscor\n|move|p1a: Gliscor|Defog|p2a: Gliscor\n|-unboost|p2a: Gliscor|evasion|1\n|-sideend|p2: LECH24|Stealth Rock|[from] move: Defog|[of] p1a: Gliscor\n|-sideend|p1: PKMNTrainerJacob|Stealth Rock|[from] move: Defog|[of] p1a: Gliscor\n|\n|-heal|p2a: Gliscor|100\/100 tox|[from] ability: Poison Heal\n|upkeep\n|turn|16\n|\n|t:|1659240989\n|switch|p1a: Charizard|Charizard, M|100\/100\n|move|p2a: Gliscor|U-turn|p1a: Charizard\n|-resisted|p1a: Charizard\n|-damage|p1a: Charizard|95\/100\n|\n|t:|1659240996\n|switch|p2a: Houndoom|Houndoom, F|100\/100|[from]move: U-turn\n|\n|upkeep\n|turn|17\n|\n|t:|1659241000\n|detailschange|p2a: Houndoom|Houndoom-Mega, F\n|-mega|p2a: Houndoom|Houndoom|Houndoominite\n|detailschange|p1a: Charizard|Charizard-Mega-X, M\n|-mega|p1a: Charizard|Charizard|Charizardite X\n|move|p2a: Houndoom|Dark Pulse|p1a: Charizard\n|-damage|p1a: Charizard|38\/100\n|move|p1a: Charizard|Dragon Dance|p1a: Charizard\n|-boost|p1a: Charizard|atk|1\n|-boost|p1a: Charizard|spe|1\n|\n|upkeep\n|turn|18\n|\n|t:|1659241008\n|move|p1a: Charizard|Earthquake|p2a: Houndoom\n|-supereffective|p2a: Houndoom\n|-damage|p2a: Houndoom|0 fnt\n|faint|p2a: Houndoom\n|\n|upkeep\n|\n|t:|1659241011\n|switch|p2a: Gliscor|Gliscor, M|100\/100 tox\n|turn|19\n|\n|t:|1659241017\n|move|p1a: Charizard|Flare Blitz|p2a: Gliscor\n|-damage|p2a: Gliscor|0 fnt\n|faint|p2a: Gliscor\n|-damage|p1a: Charizard|0 fnt|[from] Recoil\n|faint|p1a: Charizard\n|\n|upkeep\n|\n|t:|1659241042\n|switch|p1a: Ferrothorn|Ferrothorn, M|99\/100\n|switch|p2a: Rillaboom|Rillaboom, F|14\/100\n|-fieldstart|move: Grassy Terrain|[from] ability: Grassy Surge|[of] p2a: Rillaboom\n|turn|20\n|\n|t:|1659241047\n|switch|p2a: Volcarona|Volcarona, M|100\/100\n|move|p1a: Ferrothorn|Thunder Wave|p2a: Volcarona\n|-status|p2a: Volcarona|par\n|\n|-heal|p1a: Ferrothorn|100\/100|[from] Grassy Terrain\n|upkeep\n|turn|21\n|\n|t:|1659241056\n|cant|p2a: Volcarona|par\n|move|p1a: Ferrothorn|Stealth Rock|p2a: Volcarona\n|-sidestart|p2: LECH24|move: Stealth Rock\n|\n|upkeep\n|turn|22\n|\n|t:|1659241061\n|switch|p1a: Tapu Fini|Tapu Fini|100\/100\n|-fieldstart|move: Misty Terrain|[from] ability: Misty Surge|[of] p1a: Tapu Fini\n|move|p2a: Volcarona|Quiver Dance|p2a: Volcarona\n|-boost|p2a: Volcarona|spa|1\n|-boost|p2a: Volcarona|spd|1\n|-boost|p2a: Volcarona|spe|1\n|\n|upkeep\n|turn|23\n|\n|t:|1659241069\n|cant|p2a: Volcarona|par\n|move|p1a: Tapu Fini|Iron Defense|p1a: Tapu Fini\n|-boost|p1a: Tapu Fini|def|2\n|\n|upkeep\n|turn|24\n|\n|t:|1659241071\n|move|p2a: Volcarona|Quiver Dance|p2a: Volcarona\n|-boost|p2a: Volcarona|spa|1\n|-boost|p2a: Volcarona|spd|1\n|-boost|p2a: Volcarona|spe|1\n|move|p1a: Tapu Fini|Calm Mind|p1a: Tapu Fini\n|-boost|p1a: Tapu Fini|spa|1\n|-boost|p1a: Tapu Fini|spd|1\n|\n|upkeep\n|turn|25\n|\n|t:|1659241073\n|cant|p2a: Volcarona|par\n|move|p1a: Tapu Fini|Calm Mind|p1a: Tapu Fini\n|-boost|p1a: Tapu Fini|spa|1\n|-boost|p1a: Tapu Fini|spd|1\n|\n|upkeep\n|turn|26\n|\n|t:|1659241076\n|cant|p2a: Volcarona|par\n|move|p1a: Tapu Fini|Surf|p2a: Volcarona\n|-supereffective|p2a: Volcarona\n|-damage|p2a: Volcarona|8\/100 par\n|\n|-fieldend|Misty Terrain\n|upkeep\n|turn|27\n|\n|t:|1659241082\n|move|p2a: Volcarona|Giga Drain|p1a: Tapu Fini\n|-supereffective|p1a: Tapu Fini\n|-damage|p1a: Tapu Fini|58\/100\n|-heal|p2a: Volcarona|31\/100 par|[from] drain|[of] p1a: Tapu Fini\n|move|p1a: Tapu Fini|Surf|p2a: Volcarona\n|-supereffective|p2a: Volcarona\n|-damage|p2a: Volcarona|0 fnt\n|faint|p2a: Volcarona\n|\n|-heal|p1a: Tapu Fini|64\/100|[from] item: Leftovers\n|upkeep\n|\n|t:|1659241085\n|switch|p2a: Rillaboom|Rillaboom, F|14\/100\n|-damage|p2a: Rillaboom|2\/100|[from] Stealth Rock\n|-fieldstart|move: Grassy Terrain|[from] ability: Grassy Surge|[of] p2a: Rillaboom\n|turn|28\n|\n|t:|1659241090\n|move|p2a: Rillaboom|Superpower|p1a: Tapu Fini\n|-resisted|p1a: Tapu Fini\n|-damage|p1a: Tapu Fini|54\/100\n|-unboost|p2a: Rillaboom|atk|1\n|-unboost|p2a: Rillaboom|def|1\n|move|p1a: Tapu Fini|Draining Kiss|p2a: Rillaboom\n|-damage|p2a: Rillaboom|0 fnt\n|-heal|p1a: Tapu Fini|55\/100|[from] drain|[of] p2a: Rillaboom\n|faint|p2a: Rillaboom\n|\n|win|PKMNTrainerJacob\n|raw|PKMNTrainerJacob's rating: 1596 &rarr; <strong>1627<\/strong><br \/>(+31 for winning)\n|raw|LECH24's rating: 1818 &rarr; <strong>1787<\/strong><br \/>(-31 for losing)\n|c|\u2606PKMNTrainerJacob|gg\n|c|\u2606PKMNTrainerJacob|Wait, yo, I beat an 1800?\n|c|\u2606PKMNTrainerJacob|what the fuck\n|c|\u2606PKMNTrainerJacob|I'm allowed to feel proud right?\n|c|\u2606LECH24|I guess\n|c|\u2606LECH24|if u crit through checks\n|c|\u2606PKMNTrainerJacob|Then I will do so. GGs man\n","uploadtime":1659241128,"views":26,"p1id":"pkmntrainerjacob","p2id":"lech24","formatid":"gen8nationaldex","rating":1627,"private":0,"password":null}