{"id":"gen8ou-1706969877","p1":"IncandescentCandle","p2":"Sammmmmmmmmmmmm","format":"gen8ou","log":"|j|\u2606IncandescentCandle\n|j|\u2606Sammmmmmmmmmmmm\n|t:|1668037477\n|gametype|singles\n|player|p1|IncandescentCandle|idol|\n|player|p2|Sammmmmmmmmmmmm|hilbert|\n|teamsize|p1|6\n|teamsize|p2|6\n|gen|8\n|tier|[Gen 8] OU\n|rule|Sleep Clause Mod: Limit one foe put to sleep\n|rule|Species Clause: Limit one of each Pok\u00e9mon\n|rule|OHKO Clause: OHKO moves are banned\n|rule|Evasion Items Clause: Evasion items are banned\n|rule|Evasion Moves Clause: Evasion moves are banned\n|rule|Endless Battle Clause: Forcing endless battles is banned\n|rule|HP Percentage Mod: HP is shown in percentages\n|rule|Dynamax Clause: You cannot dynamax\n|clearpoke\n|poke|p1|Urshifu-*, M|\n|poke|p1|Heatran, F|\n|poke|p1|Rotom-Wash|\n|poke|p1|Landorus-Therian, M|\n|poke|p1|Tapu Lele|\n|poke|p1|Kartana|\n|poke|p2|Necrozma|\n|poke|p2|Victini|\n|poke|p2|Tapu Lele|\n|poke|p2|Slowbro, F|\n|poke|p2|Slowking-Galar, M|\n|poke|p2|Metagross|\n|teampreview\n|c|\u2606Sammmmmmmmmmmmm|are you juggling right now\n|c|\u2606IncandescentCandle|ye a little\n|\n|t:|1668037503\n|start\n|switch|p1a: Spider on the Wall|Heatran, F|100\/100\n|switch|p2a: Millibelle|Slowbro, F|100\/100\n|-item|p1a: Spider on the Wall|Air Balloon\n|turn|1\n|\n|t:|1668037514\n|move|p1a: Spider on the Wall|Taunt|p2a: Millibelle\n|-start|p2a: Millibelle|move: Taunt\n|move|p2a: Millibelle|Scald|p1a: Spider on the Wall\n|-supereffective|p1a: Spider on the Wall\n|-damage|p1a: Spider on the Wall|47\/100\n|-enditem|p1a: Spider on the Wall|Air Balloon\n|\n|upkeep\n|turn|2\n|c|\u2606IncandescentCandle|Maybe that wasn't the brightest plan\n|\n|t:|1668037527\n|switch|p1a: @Rifk|Rotom-Wash, shiny|100\/100\n|switch|p2a: Steel Soul Jinn|Metagross|100\/100\n|\n|upkeep\n|turn|3\n|\n|t:|1668037540\n|switch|p2a: Confessor Jiji|Slowking-Galar, M|100\/100\n|move|p1a: @Rifk|Thunder Wave|p2a: Confessor Jiji\n|-status|p2a: Confessor Jiji|par\n|\n|upkeep\n|turn|4\n|\n|t:|1668037546\n|move|p1a: @Rifk|Volt Switch|p2a: Confessor Jiji\n|-damage|p2a: Confessor Jiji|87\/100 par\n|\n|t:|1668037563\n|switch|p1a: Spider on the Wall|Heatran, F|47\/100|[from]move: Volt Switch\n|move|p2a: Confessor Jiji|Future Sight|p1a: Spider on the Wall\n|-start|p2a: Confessor Jiji|move: Future Sight\n|\n|upkeep\n|turn|5\n|\n|t:|1668037571\n|switch|p2a: Millibelle|Slowbro, F|100\/100\n|move|p1a: Spider on the Wall|Stealth Rock|p2a: Millibelle\n|-sidestart|p2: Sammmmmmmmmmmmm|move: Stealth Rock\n|\n|upkeep\n|turn|6\n|\n|t:|1668037576\n|switch|p1a: @Rifk|Rotom-Wash, shiny|100\/100\n|move|p2a: Millibelle|Scald|p1a: @Rifk\n|-resisted|p1a: @Rifk\n|-damage|p1a: @Rifk|90\/100\n|-status|p1a: @Rifk|brn\n|\n|-end|p1a: @Rifk|move: Future Sight\n|-damage|p1a: @Rifk|46\/100 brn\n|-heal|p1a: @Rifk|52\/100 brn|[from] item: Leftovers\n|-damage|p1a: @Rifk|46\/100 brn|[from] brn\n|upkeep\n|turn|7\n|c|\u2606Sammmmmmmmmmmmm|what\n|c|\u2606Sammmmmmmmmmmmm|oh\n|c|\u2606Sammmmmmmmmmmmm|future sight\n|\n|t:|1668037601\n|switch|p2a: Confessor Jiji|Slowking-Galar, M|100\/100 par\n|-damage|p2a: Confessor Jiji|88\/100 par|[from] Stealth Rock\n|move|p1a: @Rifk|Pain Split|p2a: Confessor Jiji\n|-sethp|p2a: Confessor Jiji|62\/100 par|[from] move: Pain Split|[silent]\n|-sethp|p1a: @Rifk|80\/100 brn|[from] move: Pain Split\n|\n|-heal|p1a: @Rifk|86\/100 brn|[from] item: Leftovers\n|-damage|p1a: @Rifk|80\/100 brn|[from] brn\n|upkeep\n|turn|8\n|c|\u2606IncandescentCandle|happens\n|c|\u2606Sammmmmmmmmmmmm|i skipped the turn and got confused\n|\n|t:|1668037610\n|move|p1a: @Rifk|Volt Switch|p2a: Confessor Jiji\n|-crit|p2a: Confessor Jiji\n|-damage|p2a: Confessor Jiji|42\/100 par\n|\n|t:|1668037613\n|switch|p1a: Spider on the Wall|Heatran, F|47\/100|[from]move: Volt Switch\n|move|p2a: Confessor Jiji|Future Sight|p1a: Spider on the Wall\n|-start|p2a: Confessor Jiji|move: Future Sight\n|\n|upkeep\n|turn|9\n|j| Destinum\n|\n|t:|1668037635\n|switch|p2a: Millibelle|Slowbro, F|100\/100\n|-damage|p2a: Millibelle|88\/100|[from] Stealth Rock\n|move|p1a: Spider on the Wall|Earth Power|p2a: Millibelle\n|-damage|p2a: Millibelle|58\/100\n|\n|upkeep\n|turn|10\n|\n|t:|1668037650\n|switch|p1a: @Rifk|Rotom-Wash, shiny|80\/100 brn\n|move|p2a: Millibelle|Scald|p1a: @Rifk\n|-resisted|p1a: @Rifk\n|-damage|p1a: @Rifk|69\/100 brn\n|\n|-end|p1a: @Rifk|move: Future Sight\n|-damage|p1a: @Rifk|23\/100 brn\n|-heal|p1a: @Rifk|29\/100 brn|[from] item: Leftovers\n|-damage|p1a: @Rifk|23\/100 brn|[from] brn\n|upkeep\n|turn|11\n|c|\u2606IncandescentCandle|I gotta stop that, huh\n|\n|t:|1668037660\n|move|p1a: @Rifk|Volt Switch|p2a: Millibelle\n|-supereffective|p2a: Millibelle\n|-damage|p2a: Millibelle|3\/100\n|\n|t:|1668037666\n|switch|p1a: 2nd Amendment|Urshifu-Rapid-Strike, M|100\/100|[from]move: Volt Switch\n|move|p2a: Millibelle|Slack Off|p2a: Millibelle\n|-heal|p2a: Millibelle|53\/100\n|\n|upkeep\n|turn|12\n|c|\u2606Sammmmmmmmmmmmm|calculated\n|c|\u2606IncandescentCandle|In short\n|c|\u2606IncandescentCandle|ratioed\n|c|\u2606Sammmmmmmmmmmmm|(not really)\n|\n|t:|1668037679\n|move|p1a: 2nd Amendment|U-turn|p2a: Millibelle\n|-supereffective|p2a: Millibelle\n|-damage|p2a: Millibelle|6\/100\n|-damage|p1a: 2nd Amendment|84\/100|[from] item: Rocky Helmet|[of] p2a: Millibelle\n|c|\u2606IncandescentCandle|This slowbro trying to die challenge (failed)\n|\n|t:|1668037715\n|switch|p1a: Instagram Girl|Tapu Lele, shiny|100\/100|[from]move: U-turn\n|-fieldstart|move: Psychic Terrain|[from] ability: Psychic Surge|[of] p1a: Instagram Girl\n|move|p2a: Millibelle|Slack Off|p2a: Millibelle\n|-heal|p2a: Millibelle|56\/100\n|\n|upkeep\n|turn|13\n|c|\u2606Sammmmmmmmmmmmm|so true\n|\n|t:|1668037726\n|switch|p2a: Steel Soul Jinn|Metagross|100\/100\n|-damage|p2a: Steel Soul Jinn|95\/100|[from] Stealth Rock\n|move|p1a: Instagram Girl|Shadow Ball|p2a: Steel Soul Jinn\n|-supereffective|p2a: Steel Soul Jinn\n|-damage|p2a: Steel Soul Jinn|19\/100\n|\n|-heal|p2a: Steel Soul Jinn|25\/100|[from] item: Leftovers\n|upkeep\n|turn|14\n|c|\u2606Sammmmmmmmmmmmm|AAAAAAAAAAAAAAAAAAAAAAAAAAAAAAAAA\n|c| Destinum|It's a thicc boi.\n|c|\u2606IncandescentCandle|samm what did you expect\n|c|\u2606Sammmmmmmmmmmmm|idk moonblast\n|\n|t:|1668037758\n|switch|p2a: Confessor Jiji|Slowking-Galar, M|75\/100 par\n|-damage|p2a: Confessor Jiji|63\/100 par|[from] Stealth Rock\n|move|p1a: Instagram Girl|Shadow Ball|p2a: Confessor Jiji\n|-supereffective|p2a: Confessor Jiji\n|-damage|p2a: Confessor Jiji|34\/100 par\n|\n|upkeep\n|turn|15\n|c| Destinum|No Normal-type? Shadow Ball goes brrrr.\n|\n|t:|1668037777\n|switch|p1a: Menace to Society|Landorus-Therian, M|100\/100\n|-ability|p1a: Menace to Society|Intimidate|boost\n|-unboost|p2a: Confessor Jiji|atk|1\n|switch|p2a: Steel Soul Jinn|Metagross|25\/100\n|-damage|p2a: Steel Soul Jinn|19\/100|[from] Stealth Rock\n|\n|-heal|p2a: Steel Soul Jinn|25\/100|[from] item: Leftovers\n|upkeep\n|turn|16\n|c|\u2606Sammmmmmmmmmmmm|hmm\n|c|\u2606IncandescentCandle|I'd say that worked out\n|\n|t:|1668037790\n|switch|p2a: Millibelle|Slowbro, F|89\/100\n|-damage|p2a: Millibelle|77\/100|[from] Stealth Rock\n|move|p1a: Menace to Society|Knock Off|p2a: Millibelle\n|-supereffective|p2a: Millibelle\n|-damage|p2a: Millibelle|38\/100\n|-damage|p1a: Menace to Society|84\/100|[from] item: Rocky Helmet|[of] p2a: Millibelle\n|-enditem|p2a: Millibelle|Rocky Helmet|[from] move: Knock Off|[of] p1a: Menace to Society\n|\n|-heal|p1a: Menace to Society|90\/100|[from] item: Leftovers\n|-fieldend|move: Psychic Terrain\n|upkeep\n|turn|17\n|\n|t:|1668037800\n|move|p1a: Menace to Society|U-turn|p2a: Millibelle\n|-supereffective|p2a: Millibelle\n|-damage|p2a: Millibelle|13\/100\n|c|\u2606IncandescentCandle|please\n|c|\u2606IncandescentCandle|die\n|\n|t:|1668037805\n|switch|p1a: @Rifk|Rotom-Wash, shiny|23\/100 brn|[from]move: U-turn\n|move|p2a: Millibelle|Slack Off|p2a: Millibelle\n|-heal|p2a: Millibelle|63\/100\n|\n|-heal|p1a: @Rifk|29\/100 brn|[from] item: Leftovers\n|-damage|p1a: @Rifk|23\/100 brn|[from] brn\n|upkeep\n|turn|18\n|c|\u2606Sammmmmmmmmmmmm|NO\n|\n|t:|1668037814\n|move|p1a: @Rifk|Pain Split|p2a: Millibelle\n|-sethp|p2a: Millibelle|40\/100|[from] move: Pain Split|[silent]\n|-sethp|p1a: @Rifk|52\/100 brn|[from] move: Pain Split\n|move|p2a: Millibelle|Slack Off|p2a: Millibelle\n|-heal|p2a: Millibelle|90\/100\n|\n|-heal|p1a: @Rifk|58\/100 brn|[from] item: Leftovers\n|-damage|p1a: @Rifk|52\/100 brn|[from] brn\n|upkeep\n|turn|19\n|\n|t:|1668037832\n|move|p1a: @Rifk|Pain Split|p2a: Millibelle\n|-sethp|p2a: Millibelle|65\/100|[from] move: Pain Split|[silent]\n|-sethp|p1a: @Rifk|84\/100 brn|[from] move: Pain Split\n|move|p2a: Millibelle|Teleport|p2a: Millibelle\n|\n|t:|1668037847\n|switch|p2a: Sly|Victini|100\/100|[from]move: Teleport\n|-damage|p2a: Sly|76\/100|[from] Stealth Rock\n|\n|-heal|p1a: @Rifk|91\/100 brn|[from] item: Leftovers\n|-damage|p1a: @Rifk|84\/100 brn|[from] brn\n|upkeep\n|turn|20\n|\n|t:|1668037856\n|switch|p1a: Menace to Society|Landorus-Therian, M|90\/100\n|-ability|p1a: Menace to Society|Intimidate|boost\n|-unboost|p2a: Sly|atk|1\n|move|p2a: Sly|U-turn|p1a: Menace to Society\n|-resisted|p1a: Menace to Society\n|-crit|p1a: Menace to Society\n|-damage|p1a: Menace to Society|68\/100\n|\n|t:|1668037863\n|switch|p2a: Snail Shaman|Tapu Lele|100\/100|[from]move: U-turn\n|-damage|p2a: Snail Shaman|88\/100|[from] Stealth Rock\n|-fieldstart|move: Psychic Terrain|[from] ability: Psychic Surge|[of] p2a: Snail Shaman\n|\n|-heal|p1a: Menace to Society|74\/100|[from] item: Leftovers\n|upkeep\n|turn|21\n|\n|t:|1668037877\n|move|p2a: Snail Shaman|Psychic|p1a: Menace to Society\n|-damage|p1a: Menace to Society|25\/100\n|move|p1a: Menace to Society|Knock Off|p2a: Snail Shaman\n|-damage|p2a: Snail Shaman|41\/100\n|-enditem|p2a: Snail Shaman|Choice Scarf|[from] move: Knock Off|[of] p1a: Menace to Society\n|\n|-heal|p1a: Menace to Society|31\/100|[from] item: Leftovers\n|upkeep\n|turn|22\n|c|\u2606Sammmmmmmmmmmmm|i lost\n|c|\u2606IncandescentCandle|fair\n|\n|t:|1668037893\n|switch|p1a: Instagram Girl|Tapu Lele, shiny|100\/100\n|move|p2a: Snail Shaman|Psychic|p1a: Instagram Girl\n|-resisted|p1a: Instagram Girl\n|-crit|p1a: Instagram Girl\n|-damage|p1a: Instagram Girl|54\/100\n|\n|upkeep\n|turn|23\n|\n|t:|1668037899\n|switch|p2a: Confessor Jiji|Slowking-Galar, M|67\/100 par\n|-damage|p2a: Confessor Jiji|55\/100 par|[from] Stealth Rock\n|move|p1a: Instagram Girl|Shadow Ball|p2a: Confessor Jiji\n|-supereffective|p2a: Confessor Jiji\n|-damage|p2a: Confessor Jiji|25\/100 par\n|\n|upkeep\n|turn|24\n|c| Destinum|Kartana 'bout to go brrrr\n|\n|t:|1668037907\n|move|p1a: Instagram Girl|Shadow Ball|p2a: Confessor Jiji\n|-supereffective|p2a: Confessor Jiji\n|-damage|p2a: Confessor Jiji|0 fnt\n|faint|p2a: Confessor Jiji\n|\n|-fieldend|move: Psychic Terrain\n|upkeep\n|\n|t:|1668037922\n|switch|p2a: The Hollow Knight|Necrozma|100\/100\n|-damage|p2a: The Hollow Knight|88\/100|[from] Stealth Rock\n|turn|25\n|c|\u2606IncandescentCandle|I fear\n|c|\u2606Sammmmmmmmmmmmm|yesss use shadow ball\n|\n|t:|1668037941\n|move|p1a: Instagram Girl|Shadow Ball|p2a: The Hollow Knight\n|-supereffective|p2a: The Hollow Knight\n|-damage|p2a: The Hollow Knight|35\/100\n|-enditem|p2a: The Hollow Knight|Weakness Policy\n|-boost|p2a: The Hollow Knight|atk|2|[from] item: Weakness Policy\n|-boost|p2a: The Hollow Knight|spa|2|[from] item: Weakness Policy\n|move|p2a: The Hollow Knight|Dragon Dance|p2a: The Hollow Knight\n|-boost|p2a: The Hollow Knight|atk|1\n|-boost|p2a: The Hollow Knight|spe|1\n|\n|upkeep\n|turn|26\n|c|\u2606Sammmmmmmmmmmmm|wait why\n|c|\u2606IncandescentCandle|I regret to inform you\n|c|\u2606Sammmmmmmmmmmmm|no\n|c|\u2606IncandescentCandle|the choice scarf inquisition\n|c|\u2606Sammmmmmmmmmmmm|i thought you would switch\n|\n|t:|1668037971\n|move|p1a: Instagram Girl|Shadow Ball|p2a: The Hollow Knight\n|-supereffective|p2a: The Hollow Knight\n|-damage|p2a: The Hollow Knight|0 fnt\n|faint|p2a: The Hollow Knight\n|\n|upkeep\n|c|\u2606IncandescentCandle|why would i\n|c|\u2606Sammmmmmmmmmmmm|listen\n|c|\u2606IncandescentCandle|i 2hko with sball and i'm scarfed\n|c|\u2606Sammmmmmmmmmmmm|i cant explain my thought process we'd be here for hours\n|c|\u2606IncandescentCandle|yknow what\n|c|\u2606IncandescentCandle|fair\n|c|\u2606Sammmmmmmmmmmmm|i just felt it in my bones\n|\n|t:|1668038012\n|switch|p2a: Sly|Victini|76\/100\n|-damage|p2a: Sly|51\/100|[from] Stealth Rock\n|turn|27\n|\n|t:|1668038020\n|move|p1a: Instagram Girl|Shadow Ball|p2a: Sly\n|-supereffective|p2a: Sly\n|-damage|p2a: Sly|0 fnt\n|faint|p2a: Sly\n|\n|upkeep\n|\n|t:|1668038023\n|switch|p2a: Millibelle|Slowbro, F|98\/100\n|-damage|p2a: Millibelle|86\/100|[from] Stealth Rock\n|turn|28\n|c|\u2606IncandescentCandle|the pokemon speaks for itself, i guess\n|\n|t:|1668038028\n|move|p1a: Instagram Girl|Shadow Ball|p2a: Millibelle\n|-supereffective|p2a: Millibelle\n|-damage|p2a: Millibelle|32\/100\n|move|p2a: Millibelle|Scald|p1a: Instagram Girl\n|-damage|p1a: Instagram Girl|24\/100\n|\n|upkeep\n|turn|29\n|\n|t:|1668038039\n|switch|p2a: Snail Shaman|Tapu Lele|41\/100\n|-damage|p2a: Snail Shaman|29\/100|[from] Stealth Rock\n|-fieldstart|move: Psychic Terrain|[from] ability: Psychic Surge|[of] p2a: Snail Shaman\n|move|p1a: Instagram Girl|Shadow Ball|p2a: Snail Shaman\n|-supereffective|p2a: Snail Shaman\n|-damage|p2a: Snail Shaman|0 fnt\n|faint|p2a: Snail Shaman\n|\n|upkeep\n|c|\u2606IncandescentCandle|crit burn would have been very ahaha\n|\n|t:|1668038042\n|switch|p2a: Millibelle|Slowbro, F|65\/100\n|-damage|p2a: Millibelle|53\/100|[from] Stealth Rock\n|turn|30\n|\n|t:|1668038050\n|move|p1a: Instagram Girl|Shadow Ball|p2a: Millibelle\n|-supereffective|p2a: Millibelle\n|-damage|p2a: Millibelle|0 fnt\n|faint|p2a: Millibelle\n|\n|upkeep\n|c|\u2606Sammmmmmmmmmmmm|eeeeeeeeeeee\n|\n|t:|1668038055\n|switch|p2a: Steel Soul Jinn|Metagross|25\/100\n|-damage|p2a: Steel Soul Jinn|19\/100|[from] Stealth Rock\n|turn|31\n|c|\u2606Sammmmmmmmmmmmm|ggs\n|c|\u2606IncandescentCandle|i will now proceed to be the mf who will miss a 100% accurate move\n|c|\u2606IncandescentCandle|i'm just that type of gal\n|\n|t:|1668038075\n|move|p1a: Instagram Girl|Shadow Ball|p2a: Steel Soul Jinn\n|-supereffective|p2a: Steel Soul Jinn\n|-damage|p2a: Steel Soul Jinn|0 fnt\n|faint|p2a: Steel Soul Jinn\n|\n|win|IncandescentCandle\n|c|\u2606IncandescentCandle|ggs\n|c|\u2606Sammmmmmmmmmmmm|:')\n","uploadtime":1668038084,"views":6,"p1id":"incandescentcandle","p2id":"sammmmmmmmmmmmm","formatid":"gen8ou","rating":0,"private":0,"password":null}