{"id":"gen8ou-1369263094","p1":"LT81YL Ahsan","p2":"lonietzzz","format":"gen8ou","log":"|raw|<div class=\"broadcast-blue\"><strong>This battle is required to be public due to a player having a name starting with 'lt81yl'.<\/div>\n|j|\u2606LT81YL Ahsan\n|j|\u203dlonietzzz\n|t:|1625235800\n|gametype|singles\n|player|p1|LT81YL Ahsan|clemont|1763\n|player|p2|lonietzzz|pokemonbreederf|1786\n|teamsize|p1|6\n|teamsize|p2|6\n|gen|8\n|tier|[Gen 8] OU\n|rated|\n|rule|Sleep Clause Mod: Limit one foe put to sleep\n|rule|Species Clause: Limit one of each Pok\u00e9mon\n|rule|OHKO Clause: OHKO moves are banned\n|rule|Evasion Moves Clause: Evasion moves are banned\n|rule|Endless Battle Clause: Forcing endless battles is banned\n|rule|HP Percentage Mod: HP is shown in percentages\n|rule|Dynamax Clause: You cannot dynamax\n|clearpoke\n|poke|p1|Kyurem|\n|poke|p1|Melmetal|\n|poke|p1|Slowbro, F|\n|poke|p1|Nidoqueen, F|\n|poke|p1|Corviknight, M|\n|poke|p1|Tapu Lele|\n|poke|p2|Hatterene, F|\n|poke|p2|Marowak-Alola, F|\n|poke|p2|Melmetal|\n|poke|p2|Crawdaunt, F|\n|poke|p2|Porygon2|\n|poke|p2|Cresselia, F|\n|teampreview\n|j| Kakfkks\n|inactive|Battle timer is ON: inactive players will automatically lose when time's up. (requested by LT81YL Ahsan)\n|\n|t:|1625235810\n|start\n|switch|p1a: Nidoqueen|Nidoqueen, F|100\/100\n|switch|p2a: Melmetal|Melmetal|100\/100\n|turn|1\n|\n|t:|1625235817\n|move|p1a: Nidoqueen|Earth Power|p2a: Melmetal\n|-supereffective|p2a: Melmetal\n|-damage|p2a: Melmetal|0 fnt\n|faint|p2a: Melmetal\n|\n|upkeep\n|j| Lord Vicar\n|\n|t:|1625235826\n|switch|p2a: Hatterene|Hatterene, F|100\/100\n|turn|2\n|\n|t:|1625235829\n|move|p1a: Nidoqueen|Sludge Wave|p2a: Hatterene\n|-supereffective|p2a: Hatterene\n|-enditem|p2a: Hatterene|Focus Sash\n|-damage|p2a: Hatterene|1\/100\n|move|p2a: Hatterene|Trick Room|p2a: Hatterene\n|-fieldstart|move: Trick Room|[of] p2a: Hatterene\n|\n|upkeep\n|turn|3\n|\n|t:|1625235835\n|switch|p1a: Melmetal|Melmetal|100\/100\n|move|p2a: Hatterene|Healing Wish|p2a: Hatterene\n|faint|p2a: Hatterene\n|\n|upkeep\n|\n|t:|1625235837\n|switch|p2a: Marowak|Marowak-Alola, F|100\/100\n|turn|4\n|j| egalvanc\n|\n|t:|1625235840\n|move|p2a: Marowak|Flare Blitz|p1a: Melmetal\n|-supereffective|p1a: Melmetal\n|-damage|p1a: Melmetal|0 fnt\n|faint|p1a: Melmetal\n|\n|upkeep\n|\n|t:|1625235845\n|switch|p1a: Slowbro|Slowbro, F|100\/100\n|turn|5\n|\n|t:|1625235850\n|move|p1a: Slowbro|Scald|p2a: Marowak\n|-supereffective|p2a: Marowak\n|-damage|p2a: Marowak|27\/100\n|move|p2a: Marowak|Poltergeist|p1a: Slowbro\n|-activate|p1a: Slowbro|move: Poltergeist|Heavy-Duty Boots\n|-supereffective|p1a: Slowbro\n|-damage|p1a: Slowbro|0 fnt\n|faint|p1a: Slowbro\n|\n|upkeep\n|\n|t:|1625235867\n|switch|p1a: Kyurem|Kyurem|100\/100\n|-ability|p1a: Kyurem|Pressure\n|turn|6\n|\n|t:|1625235877\n|switch|p2a: Porygon2|Porygon2|100\/100\n|-ability|p2a: Porygon2|Download|boost\n|-boost|p2a: Porygon2|atk|1\n|move|p1a: Kyurem|Stone Edge|p2a: Porygon2|[miss]\n|-miss|p1a: Kyurem|p2a: Porygon2\n|\n|-fieldend|move: Trick Room\n|upkeep\n|turn|7\n|\n|t:|1625235881\n|switch|p1a: Nidoqueen|Nidoqueen, F|100\/100\n|move|p2a: Porygon2|Trick Room|p2a: Porygon2\n|-fieldstart|move: Trick Room|[of] p2a: Porygon2\n|\n|upkeep\n|turn|8\n|\n|t:|1625235889\n|move|p1a: Nidoqueen|Stealth Rock|p2a: Porygon2\n|-sidestart|p2: lonietzzz|move: Stealth Rock\n|move|p2a: Porygon2|Teleport|p2a: Porygon2\n|\n|t:|1625235891\n|switch|p2a: Marowak|Marowak-Alola, F|27\/100|[from]move: Teleport\n|-heal|p2a: Marowak|100\/100|[from] move: Healing Wish\n|-damage|p2a: Marowak|76\/100|[from] Stealth Rock\n|\n|upkeep\n|turn|9\n|\n|t:|1625235903\n|switch|p1a: Corviknight|Corviknight, M|100\/100\n|-ability|p1a: Corviknight|Pressure\n|move|p2a: Marowak|Bonemerang|p1a: Corviknight\n|-immune|p1a: Corviknight\n|\n|upkeep\n|turn|10\n|\n|t:|1625235906\n|move|p2a: Marowak|Flare Blitz|p1a: Corviknight\n|-supereffective|p1a: Corviknight\n|-damage|p1a: Corviknight|0 fnt\n|faint|p1a: Corviknight\n|\n|upkeep\n|\n|t:|1625235908\n|switch|p1a: Kyurem|Kyurem|100\/100\n|-ability|p1a: Kyurem|Pressure\n|turn|11\n|\n|t:|1625235915\n|move|p2a: Marowak|Flare Blitz|p1a: Kyurem\n|-damage|p1a: Kyurem|11\/100\n|move|p1a: Kyurem|Stone Edge|p2a: Marowak\n|-supereffective|p2a: Marowak\n|-damage|p2a: Marowak|21\/100\n|\n|-fieldend|move: Trick Room\n|upkeep\n|turn|12\n|\n|t:|1625235924\n|move|p1a: Kyurem|Ice Beam|p2a: Marowak\n|-resisted|p2a: Marowak\n|-damage|p2a: Marowak|0 fnt\n|faint|p2a: Marowak\n|\n|upkeep\n|\n|t:|1625235928\n|switch|p2a: Porygon2|Porygon2|100\/100\n|-damage|p2a: Porygon2|88\/100|[from] Stealth Rock\n|-ability|p2a: Porygon2|Download|boost\n|-boost|p2a: Porygon2|atk|1\n|turn|13\n|\n|t:|1625235951\n|move|p1a: Kyurem|Ice Beam|p2a: Porygon2\n|-damage|p2a: Porygon2|68\/100\n|move|p2a: Porygon2|Trick Room|p2a: Porygon2\n|-fieldstart|move: Trick Room|[of] p2a: Porygon2\n|\n|upkeep\n|turn|14\n|\n|t:|1625235955\n|move|p1a: Kyurem|Freeze-Dry|p2a: Porygon2\n|-damage|p2a: Porygon2|49\/100\n|move|p2a: Porygon2|Teleport|p2a: Porygon2\n|\n|t:|1625235956\n|switch|p2a: Crawdaunt|Crawdaunt, F|100\/100|[from]move: Teleport\n|-damage|p2a: Crawdaunt|88\/100|[from] Stealth Rock\n|\n|upkeep\n|turn|15\n|\n|t:|1625235961\n|move|p2a: Crawdaunt|Knock Off|p1a: Kyurem\n|-damage|p1a: Kyurem|0 fnt\n|-enditem|p1a: Kyurem|Heavy-Duty Boots|[from] move: Knock Off|[of] p2a: Crawdaunt\n|faint|p1a: Kyurem\n|-damage|p2a: Crawdaunt|78\/100|[from] item: Life Orb\n|\n|upkeep\n|\n|t:|1625235967\n|switch|p1a: Tapu Lele|Tapu Lele|100\/100\n|-fieldstart|move: Psychic Terrain|[from] ability: Psychic Surge|[of] p1a: Tapu Lele\n|turn|16\n|j| US ARMY 2021\n|\n|t:|1625235991\n|switch|p1a: Nidoqueen|Nidoqueen, F|100\/100\n|move|p2a: Crawdaunt|Knock Off|p1a: Nidoqueen\n|-damage|p1a: Nidoqueen|0 fnt\n|-enditem|p1a: Nidoqueen|Life Orb|[from] move: Knock Off|[of] p2a: Crawdaunt\n|faint|p1a: Nidoqueen\n|-damage|p2a: Crawdaunt|68\/100|[from] item: Life Orb\n|\n|upkeep\n|\n|t:|1625235993\n|switch|p1a: Tapu Lele|Tapu Lele|100\/100\n|turn|17\n|l| US ARMY 2021\n|-message|LT81YL Ahsan forfeited.\n|\n|t:|1625235996\n|move|p2a: Crawdaunt|Knock Off|p1a: Tapu Lele\n|-damage|p1a: Tapu Lele|0 fnt\n|-enditem|p1a: Tapu Lele|Choice Scarf|[from] move: Knock Off|[of] p2a: Crawdaunt\n|faint|p1a: Tapu Lele\n|-damage|p2a: Crawdaunt|58\/100|[from] item: Life Orb\n|\n|win|lonietzzz\n|raw|LT81YL Ahsan's rating: 1763 &rarr; <strong>1744<\/strong><br \/>(-19 for losing)\n|raw|lonietzzz's rating: 1787 &rarr; <strong>1806<\/strong><br \/>(+19 for winning)\n|l| Kakfkks\n|j| Licking Baltoys\n|l| egalvanc\n|l|\u2606LT81YL Ahsan\n||Ladder isn't responding, score probably updated but might not have (Request timeout).\n","uploadtime":1625236005,"views":53,"p1id":"lt81ylahsan","p2id":"lonietzzz","formatid":"gen8ou","rating":1744,"private":0,"password":null}