{"id":"gen8monotype-1309810262","p1":"lizardfight","p2":"Mutako Z","format":"gen8monotype","log":"|j|\u2606lizardfight\n|j|\u2606Mutako Z\n|t:|1616814509\n|player|p1|lizardfight|pokemaniac|1346\n|player|p2|Mutako Z|28|1069\n|teamsize|p1|6\n|teamsize|p2|6\n|gametype|singles\n|gen|8\n|tier|[Gen 8] Monotype\n|rated|\n|rule|Same Type Clause: Pok\u00e9mon in a team must share a type\n|clearpoke\n|poke|p1|Hippowdon, M|\n|poke|p1|Excadrill, F|\n|poke|p1|Mamoswine, F|\n|poke|p1|Gastrodon-East, F|\n|poke|p1|Landorus-Therian, M|\n|poke|p1|Nidoking, M|\n|poke|p2|Torkoal, M|\n|poke|p2|Heatran, F|\n|poke|p2|Moltres|\n|poke|p2|Volcarona, F|\n|poke|p2|Victini|\n|poke|p2|Volcanion|\n|rule|Sleep Clause Mod: Limit one foe put to sleep\n|rule|Species Clause: Limit one of each Pok\u00e9mon\n|rule|OHKO Clause: OHKO moves are banned\n|rule|Evasion Moves Clause: Evasion moves are banned\n|rule|Endless Battle Clause: Forcing endless battles is banned\n|rule|HP Percentage Mod: HP is shown in percentages\n|rule|Dynamax Clause: You cannot dynamax\n|teampreview\n|\n|t:|1616814517\n|start\n|switch|p1a: Landorus|Landorus-Therian, M|100\/100\n|switch|p2a: Victini|Victini|100\/100\n|-ability|p1a: Landorus|Intimidate|boost\n|-unboost|p2a: Victini|atk|1\n|turn|1\n|\n|t:|1616814531\n|switch|p1a: Hippowdon|Hippowdon, M|100\/100\n|-weather|Sandstorm|[from] ability: Sand Stream|[of] p1a: Hippowdon\n|move|p2a: Victini|Final Gambit|p1a: Hippowdon\n|-damage|p1a: Hippowdon|4\/100\n|faint|p2a: Victini\n|\n|-weather|Sandstorm|[upkeep]\n|-heal|p1a: Hippowdon|10\/100|[from] item: Leftovers\n|upkeep\n|\n|t:|1616814547\n|switch|p2a: Heatran|Heatran, F|100\/100\n|-item|p2a: Heatran|Air Balloon\n|turn|2\n|\n|t:|1616814553\n|switch|p1a: Gastrodon|Gastrodon-East, F|100\/100\n|move|p2a: Heatran|Lava Plume|p1a: Gastrodon\n|-resisted|p1a: Gastrodon\n|-damage|p1a: Gastrodon|78\/100\n|-status|p1a: Gastrodon|brn\n|\n|-weather|Sandstorm|[upkeep]\n|-heal|p1a: Gastrodon|84\/100 brn|[from] item: Leftovers\n|-damage|p1a: Gastrodon|78\/100 brn|[from] brn\n|upkeep\n|turn|3\n|\n|t:|1616814574\n|switch|p2a: Torkoal|Torkoal, M|100\/100\n|-weather|SunnyDay|[from] ability: Drought|[of] p2a: Torkoal\n|move|p1a: Gastrodon|Scald|p2a: Torkoal\n|-supereffective|p2a: Torkoal\n|-damage|p2a: Torkoal|76\/100\n|\n|-weather|SunnyDay|[upkeep]\n|-heal|p1a: Gastrodon|84\/100 brn|[from] item: Leftovers\n|-damage|p1a: Gastrodon|78\/100 brn|[from] brn\n|upkeep\n|turn|4\n|\n|t:|1616814585\n|move|p1a: Gastrodon|Toxic|p2a: Torkoal\n|-status|p2a: Torkoal|tox\n|move|p2a: Torkoal|Lava Plume|p1a: Gastrodon\n|-resisted|p1a: Gastrodon\n|-damage|p1a: Gastrodon|61\/100 brn\n|\n|-weather|SunnyDay|[upkeep]\n|-heal|p1a: Gastrodon|67\/100 brn|[from] item: Leftovers\n|-damage|p1a: Gastrodon|61\/100 brn|[from] brn\n|-damage|p2a: Torkoal|70\/100 tox|[from] psn\n|upkeep\n|turn|5\n|\n|t:|1616814598\n|move|p1a: Gastrodon|Recover|p1a: Gastrodon\n|-heal|p1a: Gastrodon|100\/100 brn\n|move|p2a: Torkoal|Stealth Rock|p1a: Gastrodon\n|-sidestart|p1: lizardfight|move: Stealth Rock\n|\n|-weather|SunnyDay|[upkeep]\n|-damage|p1a: Gastrodon|94\/100 brn|[from] brn\n|-damage|p2a: Torkoal|58\/100 tox|[from] psn\n|upkeep\n|turn|6\n|\n|t:|1616814608\n|switch|p2a: Heatran|Heatran, F|100\/100\n|-item|p2a: Heatran|Air Balloon\n|move|p1a: Gastrodon|Earthquake|p2a: Heatran\n|-immune|p2a: Heatran\n|\n|-weather|SunnyDay|[upkeep]\n|-heal|p1a: Gastrodon|100\/100 brn|[from] item: Leftovers\n|-damage|p1a: Gastrodon|94\/100 brn|[from] brn\n|upkeep\n|turn|7\n|\n|t:|1616814666\n|switch|p2a: Moltres|Moltres|100\/100\n|move|p1a: Gastrodon|Scald|p2a: Moltres\n|-supereffective|p2a: Moltres\n|-damage|p2a: Moltres|77\/100\n|\n|-weather|SunnyDay|[upkeep]\n|-heal|p1a: Gastrodon|100\/100 brn|[from] item: Leftovers\n|-damage|p1a: Gastrodon|94\/100 brn|[from] brn\n|upkeep\n|turn|8\n|\n|t:|1616814680\n|switch|p2a: Volcanion|Volcanion|100\/100\n|move|p1a: Gastrodon|Toxic|p2a: Volcanion\n|-status|p2a: Volcanion|tox\n|\n|-weather|SunnyDay|[upkeep]\n|-heal|p1a: Gastrodon|100\/100 brn|[from] item: Leftovers\n|-damage|p2a: Volcanion|95\/100 tox|[from] psn\n|-damage|p1a: Gastrodon|94\/100 brn|[from] brn\n|upkeep\n|turn|9\n|\n|t:|1616814690\n|move|p2a: Volcanion|Focus Blast|p1a: Gastrodon\n|-damage|p1a: Gastrodon|46\/100 brn\n|-damage|p2a: Volcanion|85\/100 tox|[from] item: Life Orb\n|move|p1a: Gastrodon|Earthquake|p2a: Volcanion\n|-supereffective|p2a: Volcanion\n|-damage|p2a: Volcanion|58\/100 tox\n|\n|-weather|SunnyDay|[upkeep]\n|-heal|p1a: Gastrodon|52\/100 brn|[from] item: Leftovers\n|-damage|p2a: Volcanion|46\/100 tox|[from] psn\n|-damage|p1a: Gastrodon|46\/100 brn|[from] brn\n|upkeep\n|turn|10\n|\n|t:|1616814702\n|move|p2a: Volcanion|Focus Blast|p1a: Gastrodon|[miss]\n|-miss|p2a: Volcanion|p1a: Gastrodon\n|move|p1a: Gastrodon|Recover|p1a: Gastrodon\n|-heal|p1a: Gastrodon|96\/100 brn\n|\n|-weather|none\n|-heal|p1a: Gastrodon|100\/100 brn|[from] item: Leftovers\n|-damage|p2a: Volcanion|28\/100 tox|[from] psn\n|-damage|p1a: Gastrodon|94\/100 brn|[from] brn\n|upkeep\n|turn|11\n|\n|t:|1616814713\n|switch|p2a: Volcarona|Volcarona, F|100\/100\n|move|p1a: Gastrodon|Earthquake|p2a: Volcarona\n|-damage|p2a: Volcarona|75\/100\n|\n|-heal|p1a: Gastrodon|100\/100 brn|[from] item: Leftovers\n|-damage|p1a: Gastrodon|94\/100 brn|[from] brn\n|upkeep\n|turn|12\n|\n|t:|1616814721\n|switch|p2a: Heatran|Heatran, F|100\/100\n|-item|p2a: Heatran|Air Balloon\n|move|p1a: Gastrodon|Scald|p2a: Heatran\n|-supereffective|p2a: Heatran\n|-damage|p2a: Heatran|57\/100\n|-enditem|p2a: Heatran|Air Balloon\n|\n|-heal|p1a: Gastrodon|100\/100 brn|[from] item: Leftovers\n|-damage|p1a: Gastrodon|94\/100 brn|[from] brn\n|upkeep\n|turn|13\n|\n|t:|1616814732\n|move|p2a: Heatran|Taunt|p1a: Gastrodon\n|-start|p1a: Gastrodon|move: Taunt\n|move|p1a: Gastrodon|Earthquake|p2a: Heatran\n|-supereffective|p2a: Heatran\n|-damage|p2a: Heatran|3\/100\n|\n|-heal|p1a: Gastrodon|100\/100 brn|[from] item: Leftovers\n|-damage|p1a: Gastrodon|94\/100 brn|[from] brn\n|upkeep\n|turn|14\n|\n|t:|1616814744\n|move|p2a: Heatran|Lava Plume|p1a: Gastrodon\n|-resisted|p1a: Gastrodon\n|-damage|p1a: Gastrodon|73\/100 brn\n|move|p1a: Gastrodon|Scald|p2a: Heatran\n|-supereffective|p2a: Heatran\n|-damage|p2a: Heatran|0 fnt\n|faint|p2a: Heatran\n|\n|-heal|p1a: Gastrodon|79\/100 brn|[from] item: Leftovers\n|-damage|p1a: Gastrodon|73\/100 brn|[from] brn\n|upkeep\n|\n|t:|1616814753\n|switch|p2a: Volcarona|Volcarona, F|75\/100\n|turn|15\n|\n|t:|1616814762\n|move|p2a: Volcarona|Quiver Dance|p2a: Volcarona\n|-boost|p2a: Volcarona|spa|1\n|-boost|p2a: Volcarona|spd|1\n|-boost|p2a: Volcarona|spe|1\n|move|p1a: Gastrodon|Scald|p2a: Volcarona\n|-supereffective|p2a: Volcarona\n|-damage|p2a: Volcarona|41\/100\n|\n|-heal|p1a: Gastrodon|79\/100 brn|[from] item: Leftovers\n|-damage|p1a: Gastrodon|73\/100 brn|[from] brn\n|-end|p1a: Gastrodon|move: Taunt\n|upkeep\n|turn|16\n|\n|t:|1616814772\n|move|p2a: Volcarona|Giga Drain|p1a: Gastrodon\n|-supereffective|p1a: Gastrodon\n|-damage|p1a: Gastrodon|0 fnt\n|-heal|p2a: Volcarona|91\/100|[from] drain|[of] p1a: Gastrodon\n|faint|p1a: Gastrodon\n|\n|upkeep\n|\n|t:|1616814797\n|switch|p1a: Landorus|Landorus-Therian, M|100\/100\n|-damage|p1a: Landorus|88\/100|[from] Stealth Rock\n|-ability|p1a: Landorus|Intimidate|boost\n|-unboost|p2a: Volcarona|atk|1\n|turn|17\n|\n|t:|1616814802\n|move|p2a: Volcarona|Fire Blast|p1a: Landorus\n|-damage|p1a: Landorus|0 fnt\n|faint|p1a: Landorus\n|\n|upkeep\n|\n|t:|1616814809\n|switch|p1a: Hippowdon|Hippowdon, M|10\/100\n|-damage|p1a: Hippowdon|4\/100|[from] Stealth Rock\n|-weather|Sandstorm|[from] ability: Sand Stream|[of] p1a: Hippowdon\n|turn|18\n|\n|t:|1616814814\n|move|p2a: Volcarona|Giga Drain|p1a: Hippowdon\n|-supereffective|p1a: Hippowdon\n|-damage|p1a: Hippowdon|0 fnt\n|-heal|p2a: Volcarona|93\/100|[from] drain|[of] p1a: Hippowdon\n|faint|p1a: Hippowdon\n|\n|-weather|Sandstorm|[upkeep]\n|-damage|p2a: Volcarona|87\/100|[from] Sandstorm\n|upkeep\n|\n|t:|1616814817\n|switch|p1a: Excadrill|Excadrill, F|100\/100\n|-damage|p1a: Excadrill|97\/100|[from] Stealth Rock\n|turn|19\n|\n|t:|1616814835\n|switch|p2a: Torkoal|Torkoal, M|58\/100 tox\n|-weather|SunnyDay|[from] ability: Drought|[of] p2a: Torkoal\n|move|p1a: Excadrill|Earthquake|p2a: Torkoal\n|-supereffective|p2a: Torkoal\n|-damage|p2a: Torkoal|0 fnt\n|faint|p2a: Torkoal\n|\n|-weather|SunnyDay|[upkeep]\n|-heal|p1a: Excadrill|100\/100|[from] item: Leftovers\n|upkeep\n|\n|t:|1616814845\n|switch|p2a: Moltres|Moltres|77\/100\n|turn|20\n|\n|t:|1616814849\n|switch|p1a: Nidoking|Nidoking, M|100\/100\n|-damage|p1a: Nidoking|95\/100|[from] Stealth Rock\n|move|p2a: Moltres|Flamethrower|p1a: Nidoking\n|-damage|p1a: Nidoking|0 fnt\n|faint|p1a: Nidoking\n|\n|-weather|SunnyDay|[upkeep]\n|upkeep\n|\n|t:|1616814853\n|switch|p1a: Mamoswine|Mamoswine, F|100\/100\n|-damage|p1a: Mamoswine|88\/100|[from] Stealth Rock\n|turn|21\n|\n|t:|1616814859\n|move|p1a: Mamoswine|Ice Shard|p2a: Moltres\n|-damage|p2a: Moltres|44\/100\n|move|p2a: Moltres|Flamethrower|p1a: Mamoswine\n|-supereffective|p1a: Mamoswine\n|-damage|p1a: Mamoswine|0 fnt\n|faint|p1a: Mamoswine\n|\n|-weather|SunnyDay|[upkeep]\n|upkeep\n|\n|t:|1616814862\n|switch|p1a: Excadrill|Excadrill, F|100\/100\n|-damage|p1a: Excadrill|97\/100|[from] Stealth Rock\n|turn|22\n|\n|t:|1616814877\n|move|p1a: Excadrill|Iron Head|p2a: Moltres\n|-resisted|p2a: Moltres\n|-damage|p2a: Moltres|22\/100\n|move|p2a: Moltres|Flamethrower|p1a: Excadrill\n|-supereffective|p1a: Excadrill\n|-damage|p1a: Excadrill|0 fnt\n|faint|p1a: Excadrill\n|\n|win|Mutako Z\n|raw|lizardfight's rating: 1346 &rarr; <strong>1313<\/strong><br \/>(-33 for losing)\n|raw|Mutako Z's rating: 1069 &rarr; <strong>1118<\/strong><br \/>(+49 for winning)\n","uploadtime":1616814882,"views":11,"p1id":"lizardfight","p2id":"mutakoz","formatid":"gen8monotype","rating":1118,"private":0,"password":null}