{"id":"gen8nationaldex-1521298270","p1":"MonoNatDex","p2":"Hikari-miyako","format":"gen8nationaldex","log":"|html|<div class=\"broadcast-blue\"><strong>[Gen 8] National Dex is currently suspecting Dragapult! For information on how to participate check out the <a href=\"https:\/\/www.smogon.com\/forums\/threads\/national-dex-suspect-test-14-ghost-girl.3697927\/\">suspect thread<\/a>.<\/strong><\/div>\n|j|\u2606MonoNatDex\n|j|\u2606Hikari-miyako\n|t:|1646155824\n|gametype|singles\n|player|p1|MonoNatDex|169|1567\n|player|p2|Hikari-miyako|ariana|1843\n|teamsize|p1|6\n|teamsize|p2|6\n|gen|8\n|tier|[Gen 8] National Dex\n|rated|\n|rule|HP Percentage Mod: HP is shown in percentages\n|rule|Endless Battle Clause: Forcing endless battles is banned\n|rule|OHKO Clause: OHKO moves are banned\n|rule|Evasion Moves Clause: Evasion moves are banned\n|rule|Species Clause: Limit one of each Pok\u00e9mon\n|rule|Dynamax Clause: You cannot dynamax\n|rule|Sleep Clause Mod: Limit one foe put to sleep\n|clearpoke\n|poke|p1|Magnezone|\n|poke|p1|Rillaboom, M|\n|poke|p1|Mawile, M|\n|poke|p1|Slowbro, M|\n|poke|p1|Zapdos-Galar|\n|poke|p1|Blissey, F|\n|poke|p2|Aegislash, M|\n|poke|p2|Diancie|\n|poke|p2|Thundurus, M|\n|poke|p2|Bisharp, M|\n|poke|p2|Serperior, F|\n|poke|p2|Dragapult, M|\n|teampreview\n|inactive|Battle timer is ON: inactive players will automatically lose when time's up. (requested by Hikari-miyako)\n|\n|t:|1646155864\n|start\n|switch|p1a: Slowbro|Slowbro, M|100\/100\n|switch|p2a: Bisharp|Bisharp, M|100\/100\n|turn|1\n|\n|t:|1646155885\n|move|p2a: Bisharp|Stealth Rock|p1a: Slowbro\n|-sidestart|p1: MonoNatDex|move: Stealth Rock\n|move|p1a: Slowbro|Scald|p2a: Bisharp\n|-damage|p2a: Bisharp|64\/100\n|\n|upkeep\n|turn|2\n|inactive|MonoNatDex has 120 seconds left.\n|\n|t:|1646155929\n|switch|p1a: Mawile|Mawile, M|100\/100\n|-damage|p1a: Mawile|94\/100|[from] Stealth Rock\n|-ability|p1a: Mawile|Intimidate|boost\n|-unboost|p2a: Bisharp|atk|1\n|-ability|p2a: Bisharp|Defiant\n|-boost|p2a: Bisharp|atk|2\n|move|p2a: Bisharp|Knock Off|p1a: Mawile\n|-resisted|p1a: Mawile\n|-damage|p1a: Mawile|54\/100\n|\n|upkeep\n|turn|3\n|\n|t:|1646155942\n|detailschange|p1a: Mawile|Mawile-Mega, M\n|-mega|p1a: Mawile|Mawile|Mawilite\n|move|p1a: Mawile|Play Rough|p2a: Bisharp\n|-damage|p2a: Bisharp|0 fnt\n|faint|p2a: Bisharp\n|\n|upkeep\n|\n|t:|1646155953\n|switch|p2a: Diancie|Diancie|100\/100\n|turn|4\n|inactive|MonoNatDex has 120 seconds left.\n|\n|t:|1646155973\n|switch|p1a: Slowbro|Slowbro, M|100\/100\n|-damage|p1a: Slowbro|88\/100|[from] Stealth Rock\n|detailschange|p2a: Diancie|Diancie-Mega\n|-mega|p2a: Diancie|Diancie|Diancite\n|move|p2a: Diancie|Earth Power|p1a: Slowbro\n|-damage|p1a: Slowbro|61\/100\n|-unboost|p1a: Slowbro|spd|1\n|\n|upkeep\n|turn|5\n|\n|t:|1646155986\n|switch|p1a: Blissey|Blissey, F|100\/100\n|move|p2a: Diancie|Moonblast|p1a: Blissey\n|-damage|p1a: Blissey|80\/100\n|\n|upkeep\n|turn|6\n|\n|t:|1646155992\n|move|p2a: Diancie|Diamond Storm|p1a: Blissey\n|-damage|p1a: Blissey|34\/100\n|-boost|p2a: Diancie|def|2\n|move|p1a: Blissey|Teleport|p1a: Blissey\n|\n|t:|1646156021\n|switch|p1a: Rillaboom|Rillaboom, M|100\/100|[from]move: Teleport\n|-damage|p1a: Rillaboom|88\/100|[from] Stealth Rock\n|-fieldstart|move: Grassy Terrain|[from] ability: Grassy Surge|[of] p1a: Rillaboom\n|\n|-heal|p1a: Rillaboom|94\/100|[from] Grassy Terrain\n|upkeep\n|turn|7\n|\n|t:|1646156030\n|switch|p2a: Aegislash|Aegislash, M|100\/100\n|move|p1a: Rillaboom|Grassy Glide|p2a: Aegislash\n|-resisted|p2a: Aegislash\n|-damage|p2a: Aegislash|75\/100\n|\n|-heal|p1a: Rillaboom|100\/100|[from] Grassy Terrain\n|-heal|p2a: Aegislash|81\/100|[from] Grassy Terrain\n|upkeep\n|turn|8\n|\n|t:|1646156041\n|switch|p1a: Magnezone|Magnezone|100\/100\n|-damage|p1a: Magnezone|94\/100|[from] Stealth Rock\n|-formechange|p2a: Aegislash|Aegislash-Blade||[from] ability: Stance Change\n|move|p2a: Aegislash|Shadow Ball|p1a: Magnezone\n|-damage|p1a: Magnezone|35\/100\n|\n|-heal|p1a: Magnezone|41\/100|[from] Grassy Terrain\n|-heal|p2a: Aegislash|87\/100|[from] Grassy Terrain\n|upkeep\n|turn|9\n|inactive|MonoNatDex has 90 seconds left.\n|l|\u2606Hikari-miyako\n|inactive|Hikari-miyako disconnected and has a minute to reconnect!\n|player|p2|\n|inactive|MonoNatDex has 60 seconds left.\n|j|\u2606Hikari-miyako\n|inactive|Hikari-miyako reconnected.\n|player|p2|Hikari-miyako|ariana\n|\n|t:|1646156093\n|-formechange|p2a: Aegislash|Aegislash||[from] ability: Stance Change\n|move|p2a: Aegislash|King's Shield|p2a: Aegislash\n|-singleturn|p2a: Aegislash|Protect\n|move|p1a: Magnezone|Thunderbolt|p2a: Aegislash\n|-activate|p2a: Aegislash|move: Protect\n|\n|-heal|p1a: Magnezone|47\/100|[from] Grassy Terrain\n|-heal|p2a: Aegislash|93\/100|[from] Grassy Terrain\n|upkeep\n|turn|10\n|inactive|MonoNatDex has 60 seconds left.\n|\n|t:|1646156104\n|move|p1a: Magnezone|Thunderbolt|p2a: Aegislash\n|-damage|p2a: Aegislash|35\/100\n|-formechange|p2a: Aegislash|Aegislash-Blade||[from] ability: Stance Change\n|move|p2a: Aegislash|Shadow Ball|p1a: Magnezone\n|-damage|p1a: Magnezone|0 fnt\n|faint|p1a: Magnezone\n|\n|-heal|p2a: Aegislash|41\/100|[from] Grassy Terrain\n|-fieldend|move: Grassy Terrain\n|upkeep\n|inactive|MonoNatDex has 60 seconds left.\n|l|\u2606Hikari-miyako\n|inactive|Hikari-miyako disconnected and has a minute to reconnect!\n|player|p2|\n|\n|t:|1646156122\n|switch|p1a: Mawile|Mawile-Mega, M|54\/100\n|-damage|p1a: Mawile|48\/100|[from] Stealth Rock\n|turn|11\n|j|\u2606Hikari-miyako\n|inactive|Hikari-miyako reconnected and has 150 seconds left.\n|player|p2|Hikari-miyako|ariana\n|\n|t:|1646156128\n|move|p1a: Mawile|Sucker Punch|p2a: Aegislash\n|-supereffective|p2a: Aegislash\n|-damage|p2a: Aegislash|0 fnt\n|faint|p2a: Aegislash\n|\n|upkeep\n|\n|t:|1646156136\n|switch|p2a: Diancie|Diancie-Mega|100\/100\n|turn|12\n|\n|t:|1646156144\n|switch|p1a: Rillaboom|Rillaboom, M|100\/100\n|-damage|p1a: Rillaboom|88\/100|[from] Stealth Rock\n|-fieldstart|move: Grassy Terrain|[from] ability: Grassy Surge|[of] p1a: Rillaboom\n|move|p2a: Diancie|Earth Power|p1a: Rillaboom\n|-resisted|p1a: Rillaboom\n|-damage|p1a: Rillaboom|62\/100\n|\n|-heal|p1a: Rillaboom|68\/100|[from] Grassy Terrain\n|upkeep\n|turn|13\n|\n|t:|1646156156\n|switch|p2a: Thundurus|Thundurus, M|100\/100\n|move|p1a: Rillaboom|U-turn|p2a: Thundurus\n|-resisted|p2a: Thundurus\n|-damage|p2a: Thundurus|73\/100\n|inactive|MonoNatDex has 60 seconds left.\n|inactive|MonoNatDex has 30 seconds left.\n|\n|t:|1646156207\n|switch|p1a: Mawile|Mawile-Mega, M|48\/100|[from]move: U-turn\n|-damage|p1a: Mawile|42\/100|[from] Stealth Rock\n|\n|-heal|p1a: Mawile|48\/100|[from] Grassy Terrain\n|upkeep\n|turn|14\n|inactive|MonoNatDex has 30 seconds left.\n|inactive|MonoNatDex has 20 seconds left.\n|\n|t:|1646156225\n|move|p1a: Mawile|Sucker Punch|p2a: Thundurus\n|-damage|p2a: Thundurus|8\/100\n|move|p2a: Thundurus|Thunderbolt|p1a: Mawile\n|-damage|p1a: Mawile|0 fnt\n|faint|p1a: Mawile\n|-damage|p2a: Thundurus|0 fnt|[from] item: Life Orb\n|faint|p2a: Thundurus\n|\n|upkeep\n|inactive|MonoNatDex has 30 seconds left this turn.\n|inactive|MonoNatDex has 20 seconds left.\n|\n|t:|1646156237\n|switch|p2a: Dragapult|Dragapult, M|100\/100\n|switch|p1a: Zapdos|Zapdos-Galar|100\/100\n|-damage|p1a: Zapdos|88\/100|[from] Stealth Rock\n|turn|15\n|inactive|MonoNatDex has 30 seconds left this turn.\n|\n|t:|1646156244\n|switch|p2a: Diancie|Diancie-Mega|100\/100\n|move|p1a: Zapdos|Brave Bird|p2a: Diancie\n|-resisted|p2a: Diancie\n|-damage|p2a: Diancie|53\/100\n|-damage|p1a: Zapdos|76\/100|[from] Recoil\n|\n|-heal|p2a: Diancie|59\/100|[from] Grassy Terrain\n|upkeep\n|turn|16\n|inactive|MonoNatDex has 30 seconds left.\n|\n|t:|1646156254\n|switch|p1a: Blissey|Blissey, F|34\/100\n|move|p2a: Diancie|Diamond Storm|p1a: Blissey\n|-damage|p1a: Blissey|0 fnt\n|-boost|p2a: Diancie|def|2\n|faint|p1a: Blissey\n|\n|-heal|p2a: Diancie|66\/100|[from] Grassy Terrain\n|-fieldend|move: Grassy Terrain\n|upkeep\n|inactive|MonoNatDex has 30 seconds left this turn.\n|inactive|MonoNatDex has 20 seconds left.\n|\n|t:|1646156264\n|switch|p1a: Rillaboom|Rillaboom, M|68\/100\n|-damage|p1a: Rillaboom|56\/100|[from] Stealth Rock\n|-fieldstart|move: Grassy Terrain|[from] ability: Grassy Surge|[of] p1a: Rillaboom\n|turn|17\n|inactive|MonoNatDex has 30 seconds left this turn.\n|\n|t:|1646156271\n|switch|p2a: Dragapult|Dragapult, M|100\/100\n|move|p1a: Rillaboom|Grassy Glide|p2a: Dragapult\n|-resisted|p2a: Dragapult\n|-damage|p2a: Dragapult|52\/100\n|\n|-heal|p2a: Dragapult|58\/100|[from] Grassy Terrain\n|-heal|p1a: Rillaboom|62\/100|[from] Grassy Terrain\n|upkeep\n|turn|18\n|inactive|MonoNatDex has 30 seconds left.\n|\n|t:|1646156285\n|switch|p1a: Slowbro|Slowbro, M|94\/100\n|-damage|p1a: Slowbro|82\/100|[from] Stealth Rock\n|move|p2a: Dragapult|U-turn|p1a: Slowbro\n|-supereffective|p1a: Slowbro\n|-damage|p1a: Slowbro|47\/100\n|-damage|p2a: Dragapult|48\/100|[from] item: Life Orb\n|inactive|MonoNatDex has 30 seconds left this turn.\n|\n|t:|1646156287\n|switch|p2a: Serperior|Serperior, F|100\/100|[from]move: U-turn\n|\n|-heal|p1a: Slowbro|53\/100|[from] Grassy Terrain\n|upkeep\n|turn|19\n|\n|t:|1646156297\n|move|p2a: Serperior|Leaf Storm|p1a: Slowbro\n|-supereffective|p1a: Slowbro\n|-damage|p1a: Slowbro|0 fnt\n|-boost|p2a: Serperior|spa|2\n|faint|p1a: Slowbro\n|\n|upkeep\n|inactive|MonoNatDex has 30 seconds left.\n|\n|t:|1646156310\n|switch|p1a: Zapdos|Zapdos-Galar|76\/100\n|-damage|p1a: Zapdos|64\/100|[from] Stealth Rock\n|turn|20\n|\n|t:|1646156315\n|switch|p2a: Dragapult|Dragapult, M|48\/100\n|move|p1a: Zapdos|Brave Bird|p2a: Dragapult\n|-damage|p2a: Dragapult|0 fnt\n|faint|p2a: Dragapult\n|-damage|p1a: Zapdos|48\/100|[from] Recoil\n|\n|upkeep\n|\n|t:|1646156318\n|switch|p2a: Diancie|Diancie-Mega|66\/100\n|turn|21\n|inactive|MonoNatDex has 30 seconds left.\n|inactive|MonoNatDex has 20 seconds left.\n|inactive|MonoNatDex has 15 seconds left.\n|\n|t:|1646156360\n|switch|p1a: Rillaboom|Rillaboom, M|62\/100\n|-damage|p1a: Rillaboom|50\/100|[from] Stealth Rock\n|move|p2a: Diancie|Moonblast|p1a: Rillaboom\n|-damage|p1a: Rillaboom|0 fnt\n|faint|p1a: Rillaboom\n|\n|-heal|p2a: Diancie|72\/100|[from] Grassy Terrain\n|-fieldend|move: Grassy Terrain\n|upkeep\n|inactive|MonoNatDex has 20 seconds left this turn.\n|inactive|MonoNatDex has 15 seconds left.\n|inactive|MonoNatDex has 10 seconds left.\n|\n|t:|1646156372\n|switch|p1a: Zapdos|Zapdos-Galar|48\/100\n|-damage|p1a: Zapdos|36\/100|[from] Stealth Rock\n|turn|22\n|inactive|MonoNatDex has 20 seconds left this turn.\n|inactive|MonoNatDex has 15 seconds left.\n|\n|t:|1646156378\n|move|p1a: Zapdos|Close Combat|p2a: Diancie\n|-damage|p2a: Diancie|0 fnt\n|-unboost|p1a: Zapdos|def|1\n|-unboost|p1a: Zapdos|spd|1\n|faint|p2a: Diancie\n|\n|upkeep\n|inactive|MonoNatDex has 20 seconds left this turn.\n|\n|t:|1646156380\n|switch|p2a: Serperior|Serperior, F|100\/100\n|turn|23\n|inactive|MonoNatDex has 30 seconds left this turn.\n|c|\u2606MonoNatDex|gg wp\n|inactive|MonoNatDex has 20 seconds left.\n|\n|t:|1646156391\n|move|p1a: Zapdos|Close Combat|p2a: Serperior\n|-damage|p2a: Serperior|16\/100\n|-unboost|p1a: Zapdos|def|1\n|-unboost|p1a: Zapdos|spd|1\n|move|p2a: Serperior|Dragon Pulse|p1a: Zapdos\n|-damage|p1a: Zapdos|0 fnt\n|faint|p1a: Zapdos\n|\n|win|Hikari-miyako\n|inactive|MonoNatDex has 25 seconds left this turn.\n|raw|MonoNatDex's rating: 1567 &rarr; <strong>1560<\/strong><br \/>(-7 for losing)\n|raw|Hikari-miyako's rating: 1843 &rarr; <strong>1850<\/strong><br \/>(+7 for winning)\n|c|\u2606Hikari-miyako|gg\n|l|\u2606Hikari-miyako\n","uploadtime":1646156406,"views":35,"p1id":"mononatdex","p2id":"hikarimiyako","formatid":"gen8nationaldex","rating":1560,"private":0,"password":null}