{"id":"gen8ou-1347826055","p1":"RTSG tests","p2":"Bobby42","format":"gen8ou","log":"|j|\u2606RTSG tests\n|j|\u2606Bobby42\n|t:|1622046987\n|gametype|singles\n|player|p1|RTSG tests|hilbert|1328\n|player|p2|Bobby42|169|1353\n|teamsize|p1|6\n|teamsize|p2|6\n|gen|8\n|tier|[Gen 8] OU\n|rated|\n|rule|Sleep Clause Mod: Limit one foe put to sleep\n|rule|Species Clause: Limit one of each Pok\u00e9mon\n|rule|OHKO Clause: OHKO moves are banned\n|rule|Evasion Moves Clause: Evasion moves are banned\n|rule|Endless Battle Clause: Forcing endless battles is banned\n|rule|HP Percentage Mod: HP is shown in percentages\n|rule|Dynamax Clause: You cannot dynamax\n|clearpoke\n|poke|p1|Sceptile, M|\n|poke|p1|Salamence, M|\n|poke|p1|Excadrill, F|\n|poke|p1|Tapu Koko|\n|poke|p1|Magnezone|\n|poke|p1|Weavile, M|\n|poke|p2|Ferrothorn, F|\n|poke|p2|Ditto|\n|poke|p2|Skarmory, M|\n|poke|p2|Toxapex, F|\n|poke|p2|Landorus-Therian, M|\n|poke|p2|Zeraora|\n|teampreview\n|inactive|Battle timer is ON: inactive players will automatically lose when time's up. (requested by RTSG tests)\n|\n|t:|1622046997\n|start\n|switch|p1a: Excadrill|Excadrill, F|100\/100\n|switch|p2a: Landorus|Landorus-Therian, M|100\/100\n|-ability|p2a: Landorus|Intimidate|boost\n|-unboost|p1a: Excadrill|atk|1\n|-ability|p1a: Excadrill|Mold Breaker\n|turn|1\n|\n|t:|1622047005\n|move|p2a: Landorus|Earthquake|p1a: Excadrill\n|-supereffective|p1a: Excadrill\n|-enditem|p1a: Excadrill|Focus Sash\n|-damage|p1a: Excadrill|1\/100\n|-damage|p2a: Landorus|91\/100|[from] item: Life Orb\n|move|p1a: Excadrill|Stealth Rock|p2a: Landorus\n|-sidestart|p2: Bobby42|move: Stealth Rock\n|\n|upkeep\n|turn|2\n|\n|t:|1622047013\n|move|p2a: Landorus|U-turn|p1a: Excadrill\n|-resisted|p1a: Excadrill\n|-damage|p1a: Excadrill|0 fnt\n|faint|p1a: Excadrill\n|-damage|p2a: Landorus|81\/100|[from] item: Life Orb\n|\n|t:|1622047018\n|switch|p2a: Skarmory|Skarmory, M|100\/100|[from]move: U-turn\n|-damage|p2a: Skarmory|88\/100|[from] Stealth Rock\n|\n|-heal|p2a: Skarmory|94\/100|[from] item: Leftovers\n|upkeep\n|\n|t:|1622047021\n|switch|p1a: Magnezone|Magnezone|100\/100\n|turn|3\n|\n|t:|1622047027\n|move|p1a: Magnezone|Volt Switch|p2a: Skarmory\n|-supereffective|p2a: Skarmory\n|-damage|p2a: Skarmory|0 fnt\n|faint|p2a: Skarmory\n|\n|t:|1622047031\n|switch|p1a: Tapu Koko|Tapu Koko|100\/100|[from]move: Volt Switch\n|-fieldstart|move: Electric Terrain|[from] ability: Electric Surge|[of] p1a: Tapu Koko\n|\n|upkeep\n|\n|t:|1622047037\n|switch|p2a: Landorus|Landorus-Therian, M|81\/100\n|-damage|p2a: Landorus|69\/100|[from] Stealth Rock\n|-ability|p2a: Landorus|Intimidate|boost\n|-unboost|p1a: Tapu Koko|atk|1\n|turn|4\n|\n|t:|1622047047\n|move|p1a: Tapu Koko|Reflect|p1a: Tapu Koko\n|-sidestart|p1: RTSG tests|Reflect\n|move|p2a: Landorus|Stone Edge|p1a: Tapu Koko\n|-damage|p1a: Tapu Koko|73\/100\n|-damage|p2a: Landorus|59\/100|[from] item: Life Orb\n|\n|upkeep\n|turn|5\n|\n|t:|1622047057\n|switch|p1a: Salamence|Salamence, M|100\/100\n|move|p2a: Landorus|Earthquake|p1a: Salamence\n|-immune|p1a: Salamence\n|\n|upkeep\n|turn|6\n|-message|Bobby42 forfeited.\n|\n|win|RTSG tests\n|l|\u2606Bobby42\n|raw|RTSG tests's rating: 1327 &rarr; <strong>1348<\/strong><br \/>(+21 for winning)\n|raw|Bobby42's rating: 1353 &rarr; <strong>1332<\/strong><br \/>(-21 for losing)\n","uploadtime":1622047076,"views":37,"p1id":"rtsgtests","p2id":"bobby42","formatid":"gen8ou","rating":1332,"private":0,"password":null}