{"id":"gen8ou-1684686984","p1":"mowlawner-bot","p2":"superrouchuan","format":"gen8ou","log":"|html|<div class=\"broadcast-blue\"><strong>[Gen 8] OU is currently suspecting Melmetal! For information on how to participate check out the <a href=\"https:\/\/www.smogon.com\/forums\/threads\/np-ss-ou-suspect-process-round-12-monster-mash.3709234\/\">suspect thread<\/a>.<\/strong><\/div>\n|j|\u2606mowlawner-bot\n|j|\u2606superrouchuan\n|t:|1665664769\n|gametype|singles\n|player|p1|mowlawner-bot|2|1429\n|player|p2|superrouchuan|clown|1490\n|teamsize|p1|6\n|teamsize|p2|6\n|gen|8\n|tier|[Gen 8] OU\n|rated|\n|rule|Sleep Clause Mod: Limit one foe put to sleep\n|rule|Species Clause: Limit one of each Pok\u00e9mon\n|rule|OHKO Clause: OHKO moves are banned\n|rule|Evasion Items Clause: Evasion items are banned\n|rule|Evasion Moves Clause: Evasion moves are banned\n|rule|Endless Battle Clause: Forcing endless battles is banned\n|rule|HP Percentage Mod: HP is shown in percentages\n|rule|Dynamax Clause: You cannot dynamax\n|clearpoke\n|poke|p1|Seismitoad, F|\n|poke|p1|Rotom-Heat|\n|poke|p1|Corviknight, F|\n|poke|p1|Hatterene, F|\n|poke|p1|Dragapult, F|\n|poke|p1|Hippowdon, M|\n|poke|p2|Snorlax, M|\n|poke|p2|Tapu Lele|\n|poke|p2|Tyranitar, F|\n|poke|p2|Zapdos|\n|poke|p2|Garchomp, M|\n|poke|p2|Buzzwole|\n|teampreview\n|\n|t:|1665664784\n|start\n|switch|p1a: Hippowdon|Hippowdon, M|100\/100\n|switch|p2a: \u4e50\u4e50|Tapu Lele|100\/100\n|-fieldstart|move: Psychic Terrain|[from] ability: Psychic Surge|[of] p2a: \u4e50\u4e50\n|-weather|Sandstorm|[from] ability: Sand Stream|[of] p1a: Hippowdon\n|turn|1\n|c|\u2606mowlawner-bot|Hello! I am a bot created to test my creator's coding ability. I may do some strange things during this battle. I cannot respond to your messages. Good luck and have fun!\n|inactive|Battle timer is ON: inactive players will automatically lose when time's up. (requested by mowlawner-bot)\n|\n|t:|1665664796\n|switch|p1a: Corviknight|Corviknight, F|100\/100\n|-ability|p1a: Corviknight|Pressure\n|move|p2a: \u4e50\u4e50|Psychic|p1a: Corviknight\n|-resisted|p1a: Corviknight\n|-damage|p1a: Corviknight|62\/100\n|\n|-weather|Sandstorm|[upkeep]\n|-damage|p2a: \u4e50\u4e50|94\/100|[from] Sandstorm\n|-heal|p1a: Corviknight|69\/100|[from] item: Leftovers\n|upkeep\n|turn|2\n|\n|t:|1665664806\n|switch|p2a: \u98de\u868a|Buzzwole|100\/100\n|move|p1a: Corviknight|Roost|p1a: Corviknight\n|-heal|p1a: Corviknight|100\/100\n|-singleturn|p1a: Corviknight|move: Roost\n|\n|-weather|Sandstorm|[upkeep]\n|-damage|p2a: \u98de\u868a|94\/100|[from] Sandstorm\n|upkeep\n|turn|3\n|\n|t:|1665664814\n|move|p2a: \u98de\u868a|Close Combat|p1a: Corviknight\n|-damage|p1a: Corviknight|58\/100\n|-unboost|p2a: \u98de\u868a|def|1\n|-unboost|p2a: \u98de\u868a|spd|1\n|move|p1a: Corviknight|Defog|p2a: \u98de\u868a\n|-unboost|p2a: \u98de\u868a|evasion|1\n|-fieldend|move: Psychic Terrain\n|\n|-weather|Sandstorm|[upkeep]\n|-damage|p2a: \u98de\u868a|88\/100|[from] Sandstorm\n|-heal|p1a: Corviknight|64\/100|[from] item: Leftovers\n|upkeep\n|turn|4\n|\n|t:|1665664820\n|move|p2a: \u98de\u868a|Close Combat|p1a: Corviknight\n|-damage|p1a: Corviknight|17\/100\n|-unboost|p2a: \u98de\u868a|def|1\n|-unboost|p2a: \u98de\u868a|spd|1\n|move|p1a: Corviknight|Roost|p1a: Corviknight\n|-heal|p1a: Corviknight|67\/100\n|-singleturn|p1a: Corviknight|move: Roost\n|\n|-weather|Sandstorm|[upkeep]\n|-damage|p2a: \u98de\u868a|82\/100|[from] Sandstorm\n|-heal|p1a: Corviknight|73\/100|[from] item: Leftovers\n|upkeep\n|turn|5\n|\n|t:|1665664825\n|move|p2a: \u98de\u868a|Close Combat|p1a: Corviknight\n|-damage|p1a: Corviknight|28\/100\n|-unboost|p2a: \u98de\u868a|def|1\n|-unboost|p2a: \u98de\u868a|spd|1\n|move|p1a: Corviknight|Roost|p1a: Corviknight\n|-heal|p1a: Corviknight|78\/100\n|-singleturn|p1a: Corviknight|move: Roost\n|\n|-weather|none\n|-heal|p1a: Corviknight|84\/100|[from] item: Leftovers\n|upkeep\n|turn|6\n|\n|t:|1665664844\n|switch|p2a: \u75af\u9e1f|Zapdos|100\/100\n|move|p1a: Corviknight|Roost|p1a: Corviknight\n|-heal|p1a: Corviknight|100\/100\n|-singleturn|p1a: Corviknight|move: Roost\n|\n|upkeep\n|turn|7\n|inactive|superrouchuan has 120 seconds left.\n|\n|t:|1665664877\n|switch|p1a: rotomheat|Rotom-Heat|100\/100\n|move|p2a: \u75af\u9e1f|Thunder|p1a: rotomheat\n|-resisted|p1a: rotomheat\n|-damage|p1a: rotomheat|41\/100\n|\n|upkeep\n|turn|8\n|inactive|superrouchuan has 120 seconds left.\n|\n|t:|1665664882\n|move|p1a: rotomheat|Volt Switch|p2a: \u75af\u9e1f\n|-damage|p2a: \u75af\u9e1f|60\/100\n|\n|t:|1665664883\n|switch|p1a: Hippowdon|Hippowdon, M|100\/100|[from]move: Volt Switch\n|-weather|Sandstorm|[from] ability: Sand Stream|[of] p1a: Hippowdon\n|move|p2a: \u75af\u9e1f|Thunder|p1a: Hippowdon\n|-immune|p1a: Hippowdon\n|\n|-weather|Sandstorm|[upkeep]\n|-damage|p2a: \u75af\u9e1f|54\/100|[from] Sandstorm\n|upkeep\n|turn|9\n|inactive|superrouchuan has 120 seconds left.\n|\n|t:|1665664899\n|switch|p2a: \u5e26\u606a\u5b88|Snorlax, M|100\/100\n|move|p1a: Hippowdon|Earthquake|p2a: \u5e26\u606a\u5b88\n|-damage|p2a: \u5e26\u606a\u5b88|67\/100\n|\n|-weather|Sandstorm|[upkeep]\n|-damage|p2a: \u5e26\u606a\u5b88|61\/100|[from] Sandstorm\n|upkeep\n|turn|10\n|\n|t:|1665664906\n|move|p1a: Hippowdon|Stealth Rock|p2a: \u5e26\u606a\u5b88\n|-sidestart|p2: superrouchuan|move: Stealth Rock\n|move|p2a: \u5e26\u606a\u5b88|Yawn|p1a: Hippowdon\n|-start|p1a: Hippowdon|move: Yawn|[of] p2a: \u5e26\u606a\u5b88\n|\n|-weather|Sandstorm|[upkeep]\n|-damage|p2a: \u5e26\u606a\u5b88|55\/100|[from] Sandstorm\n|upkeep\n|turn|11\n|inactive|superrouchuan has 120 seconds left.\n|\n|t:|1665664929\n|move|p1a: Hippowdon|Earthquake|p2a: \u5e26\u606a\u5b88\n|-damage|p2a: \u5e26\u606a\u5b88|25\/100\n|move|p2a: \u5e26\u606a\u5b88|Heavy Slam|p1a: Hippowdon\n|-damage|p1a: Hippowdon|94\/100\n|-damage|p2a: \u5e26\u606a\u5b88|9\/100|[from] item: Rocky Helmet|[of] p1a: Hippowdon\n|\n|-weather|Sandstorm|[upkeep]\n|-damage|p2a: \u5e26\u606a\u5b88|2\/100|[from] Sandstorm\n|-end|p1a: Hippowdon|move: Yawn|[silent]\n|-status|p1a: Hippowdon|slp\n|upkeep\n|turn|12\n|\n|t:|1665664933\n|cant|p1a: Hippowdon|slp\n|move|p2a: \u5e26\u606a\u5b88|Heavy Slam|p1a: Hippowdon\n|-damage|p1a: Hippowdon|87\/100 slp\n|-damage|p2a: \u5e26\u606a\u5b88|0 fnt|[from] item: Rocky Helmet|[of] p1a: Hippowdon\n|faint|p2a: \u5e26\u606a\u5b88\n|\n|-weather|none\n|upkeep\n|\n|t:|1665664938\n|switch|p2a: \u4e50\u4e50|Tapu Lele|94\/100\n|-damage|p2a: \u4e50\u4e50|82\/100|[from] Stealth Rock\n|-fieldstart|move: Psychic Terrain|[from] ability: Psychic Surge|[of] p2a: \u4e50\u4e50\n|turn|13\n|\n|t:|1665664956\n|switch|p1a: Corviknight|Corviknight, F|100\/100\n|-ability|p1a: Corviknight|Pressure\n|move|p2a: \u4e50\u4e50|Psychic|p1a: Corviknight\n|-resisted|p1a: Corviknight\n|-damage|p1a: Corviknight|61\/100\n|\n|-heal|p1a: Corviknight|67\/100|[from] item: Leftovers\n|upkeep\n|turn|14\n|-message|superrouchuan forfeited.\n|\n|win|mowlawner-bot\n|raw|mowlawner-bot's rating: 1429 &rarr; <strong>1451<\/strong><br \/>(+22 for winning)\n|raw|superrouchuan's rating: 1471 &rarr; <strong>1449<\/strong><br \/>(-22 for losing)\n|c|\u2606mowlawner-bot|Thanks for playing against me!\n|l|\u2606superrouchuan\n","uploadtime":1665664963,"views":10,"p1id":"mowlawnerbot","p2id":"superrouchuan","formatid":"gen8ou","rating":1449,"private":0,"password":null}