{"id":"gen8ou-1668985003","p1":"Daevank5","p2":"arnavgupta","format":"gen8ou","log":"|j|\u2606Daevank5\n|j|\u2606arnavgupta\n|t:|1663998302\n|gametype|singles\n|player|p1|Daevank5|workerice|1836\n|player|p2|arnavgupta|drayden|1734\n|teamsize|p1|6\n|teamsize|p2|6\n|gen|8\n|tier|[Gen 8] OU\n|rated|\n|rule|Sleep Clause Mod: Limit one foe put to sleep\n|rule|Species Clause: Limit one of each Pok\u00e9mon\n|rule|OHKO Clause: OHKO moves are banned\n|rule|Evasion Items Clause: Evasion items are banned\n|rule|Evasion Moves Clause: Evasion moves are banned\n|rule|Endless Battle Clause: Forcing endless battles is banned\n|rule|HP Percentage Mod: HP is shown in percentages\n|rule|Dynamax Clause: You cannot dynamax\n|clearpoke\n|poke|p1|Thundurus, M|\n|poke|p1|Toxapex, M|\n|poke|p1|Landorus-Therian, M|\n|poke|p1|Dragapult, F|\n|poke|p1|Heatran, F|\n|poke|p1|Mew|\n|poke|p2|Rillaboom, M|\n|poke|p2|Blaziken, F|\n|poke|p2|Zapdos|\n|poke|p2|Heatran, F|\n|poke|p2|Clefable, F|\n|poke|p2|Gastrodon, F|\n|teampreview\n|inactive|Battle timer is ON: inactive players will automatically lose when time's up. (requested by Daevank5)\n|j| InfinityKnives\n|j| nyo paytong\n|\n|t:|1663998348\n|start\n|switch|p1a: \u00b5|Mew|100\/100\n|switch|p2a: Rillaboom|Rillaboom, M, shiny|100\/100\n|-fieldstart|move: Grassy Terrain|[from] ability: Grassy Surge|[of] p2a: Rillaboom\n|turn|1\n|\n|t:|1663998352\n|move|p2a: Rillaboom|Wood Hammer|p1a: \u00b5\n|-damage|p1a: \u00b5|0 fnt\n|faint|p1a: \u00b5\n|-damage|p2a: Rillaboom|61\/100|[from] Recoil\n|\n|-heal|p2a: Rillaboom|68\/100|[from] Grassy Terrain\n|upkeep\n|\n|t:|1663998360\n|switch|p1a: Toxapex|Toxapex, M|100\/100\n|turn|2\n|\n|t:|1663998365\n|switch|p2a: Heatran|Heatran, F, shiny|100\/100\n|move|p1a: Toxapex|Toxic Spikes|p2a: Heatran\n|-sidestart|p2: arnavgupta|move: Toxic Spikes\n|\n|upkeep\n|turn|3\n|\n|t:|1663998370\n|switch|p1a: Heatran|Heatran, F|100\/100\n|move|p2a: Heatran|Magma Storm|p1a: Heatran\n|-start|p1a: Heatran|ability: Flash Fire\n|\n|upkeep\n|turn|4\n|\n|t:|1663998374\n|move|p1a: Heatran|Earth Power|p2a: Heatran\n|-supereffective|p2a: Heatran\n|-damage|p2a: Heatran|38\/100\n|-unboost|p2a: Heatran|spd|1\n|move|p2a: Heatran|Earth Power|p1a: Heatran\n|-supereffective|p1a: Heatran\n|-damage|p1a: Heatran|31\/100\n|\n|-heal|p1a: Heatran|37\/100|[from] Grassy Terrain\n|-heal|p1a: Heatran|44\/100|[from] item: Leftovers\n|-heal|p2a: Heatran|44\/100|[from] Grassy Terrain\n|-heal|p2a: Heatran|50\/100|[from] item: Leftovers\n|upkeep\n|turn|5\n|j| Ctannn\n|\n|t:|1663998381\n|switch|p2a: Zapdos|Zapdos, shiny|100\/100\n|move|p1a: Heatran|Earth Power|p2a: Zapdos\n|-immune|p2a: Zapdos\n|\n|-heal|p1a: Heatran|50\/100|[from] Grassy Terrain\n|-heal|p1a: Heatran|56\/100|[from] item: Leftovers\n|-fieldend|move: Grassy Terrain\n|upkeep\n|turn|6\n|\n|t:|1663998386\n|move|p2a: Zapdos|Defog|p1a: Heatran\n|-unboost|p1a: Heatran|evasion|1\n|-sideend|p2: arnavgupta|Toxic Spikes|[from] move: Defog|[of] p2a: Zapdos\n|move|p1a: Heatran|Stealth Rock|p2a: Zapdos\n|-sidestart|p2: arnavgupta|move: Stealth Rock\n|\n|-heal|p1a: Heatran|62\/100|[from] item: Leftovers\n|upkeep\n|turn|7\n|\n|t:|1663998391\n|move|p2a: Zapdos|Volt Switch|p1a: Heatran\n|-damage|p1a: Heatran|44\/100\n|\n|t:|1663998395\n|switch|p2a: Gastrodon|Gastrodon, F, shiny|100\/100|[from]move: Volt Switch\n|-damage|p2a: Gastrodon|94\/100|[from] Stealth Rock\n|move|p1a: Heatran|Magma Storm|p2a: Gastrodon|[miss]\n|-miss|p1a: Heatran|p2a: Gastrodon\n|\n|-heal|p1a: Heatran|50\/100|[from] item: Leftovers\n|-heal|p2a: Gastrodon|100\/100|[from] item: Leftovers\n|upkeep\n|turn|8\n|\n|t:|1663998403\n|move|p1a: Heatran|Magma Storm|p2a: Gastrodon\n|-resisted|p2a: Gastrodon\n|-damage|p2a: Gastrodon|79\/100\n|-activate|p2a: Gastrodon|move: Magma Storm|[of] p1a: Heatran\n|move|p2a: Gastrodon|Scald|p1a: Heatran\n|-supereffective|p1a: Heatran\n|-damage|p1a: Heatran|18\/100\n|\n|-heal|p1a: Heatran|24\/100|[from] item: Leftovers\n|-heal|p2a: Gastrodon|85\/100|[from] item: Leftovers\n|-damage|p2a: Gastrodon|73\/100|[from] move: Magma Storm|[partiallytrapped]\n|upkeep\n|turn|9\n|\n|t:|1663998407\n|-end|p1a: Heatran|ability: Flash Fire|[silent]\n|switch|p1a: Toxapex|Toxapex, M|100\/100\n|move|p2a: Gastrodon|Scald|p1a: Toxapex\n|-resisted|p1a: Toxapex\n|-damage|p1a: Toxapex|91\/100\n|\n|-heal|p1a: Toxapex|97\/100|[from] item: Black Sludge\n|-heal|p2a: Gastrodon|79\/100|[from] item: Leftovers\n|-end|p2a: Gastrodon|Magma Storm|[partiallytrapped]|[silent]\n|upkeep\n|turn|10\n|\n|t:|1663998421\n|switch|p1a: ThunderMan|Thundurus, M|100\/100\n|move|p2a: Gastrodon|Earth Power|p1a: ThunderMan\n|-immune|p1a: ThunderMan\n|\n|-heal|p2a: Gastrodon|85\/100|[from] item: Leftovers\n|upkeep\n|turn|11\n|\n|t:|1663998426\n|move|p1a: ThunderMan|Taunt|p2a: Gastrodon\n|-start|p2a: Gastrodon|move: Taunt\n|move|p2a: Gastrodon|Scald|p1a: ThunderMan\n|-damage|p1a: ThunderMan|63\/100\n|-status|p1a: ThunderMan|brn\n|\n|-heal|p2a: Gastrodon|91\/100|[from] item: Leftovers\n|-damage|p1a: ThunderMan|57\/100 brn|[from] brn\n|upkeep\n|turn|12\n|\n|t:|1663998435\n|move|p1a: ThunderMan|Toxic|p2a: Gastrodon\n|-status|p2a: Gastrodon|tox\n|move|p2a: Gastrodon|Scald|p1a: ThunderMan\n|-damage|p1a: ThunderMan|22\/100 brn\n|\n|-heal|p2a: Gastrodon|97\/100 tox|[from] item: Leftovers\n|-damage|p2a: Gastrodon|91\/100 tox|[from] psn\n|-damage|p1a: ThunderMan|16\/100 brn|[from] brn\n|upkeep\n|turn|13\n|\n|t:|1663998441\n|switch|p1a: Toxapex|Toxapex, M|100\/100\n|switch|p2a: Zapdos|Zapdos, shiny|100\/100\n|\n|upkeep\n|turn|14\n|\n|t:|1663998444\n|move|p2a: Zapdos|Volt Switch|p1a: Toxapex\n|-supereffective|p1a: Toxapex\n|-damage|p1a: Toxapex|51\/100\n|\n|t:|1663998449\n|switch|p2a: Rillaboom|Rillaboom, M, shiny|68\/100|[from]move: Volt Switch\n|-damage|p2a: Rillaboom|55\/100|[from] Stealth Rock\n|-fieldstart|move: Grassy Terrain|[from] ability: Grassy Surge|[of] p2a: Rillaboom\n|move|p1a: Toxapex|Toxic Spikes|p2a: Rillaboom\n|-sidestart|p2: arnavgupta|move: Toxic Spikes\n|\n|-heal|p2a: Rillaboom|61\/100|[from] Grassy Terrain\n|-heal|p1a: Toxapex|57\/100|[from] Grassy Terrain\n|-heal|p1a: Toxapex|64\/100|[from] item: Black Sludge\n|upkeep\n|turn|15\n|\n|t:|1663998455\n|move|p1a: Toxapex|Baneful Bunker|p1a: Toxapex\n|-singleturn|p1a: Toxapex|move: Protect\n|move|p2a: Rillaboom|Wood Hammer|p1a: Toxapex\n|-activate|p1a: Toxapex|move: Protect\n|-status|p2a: Rillaboom|psn\n|\n|-heal|p2a: Rillaboom|68\/100 psn|[from] Grassy Terrain\n|-heal|p1a: Toxapex|70\/100|[from] Grassy Terrain\n|-heal|p1a: Toxapex|76\/100|[from] item: Black Sludge\n|-damage|p2a: Rillaboom|55\/100 psn|[from] psn\n|upkeep\n|turn|16\n|\n|t:|1663998459\n|switch|p1a: Heatran|Heatran, F|24\/100\n|move|p2a: Rillaboom|Wood Hammer|p1a: Heatran\n|-resisted|p1a: Heatran\n|-damage|p1a: Heatran|0 fnt\n|faint|p1a: Heatran\n|-damage|p2a: Rillaboom|47\/100 psn|[from] Recoil\n|\n|-heal|p2a: Rillaboom|53\/100 psn|[from] Grassy Terrain\n|-damage|p2a: Rillaboom|40\/100 psn|[from] psn\n|upkeep\n|\n|t:|1663998464\n|switch|p1a: Dragapult|Dragapult, F|100\/100\n|turn|17\n|\n|t:|1663998467\n|switch|p2a: Clefable|Clefable, F, shiny|100\/100\n|-status|p2a: Clefable|psn\n|move|p1a: Dragapult|Hex|p2a: Clefable\n|-damage|p2a: Clefable|34\/100 psn\n|\n|-heal|p2a: Clefable|40\/100 psn|[from] Grassy Terrain\n|-heal|p2a: Clefable|46\/100 psn|[from] item: Leftovers\n|upkeep\n|turn|18\n|\n|t:|1663998480\n|move|p1a: Dragapult|Hex|p2a: Clefable\n|-damage|p2a: Clefable|0 fnt\n|faint|p2a: Clefable\n|\n|-fieldend|move: Grassy Terrain\n|upkeep\n|\n|t:|1663998484\n|switch|p2a: Zapdos|Zapdos, shiny|100\/100\n|turn|19\n|j| youhuanbingshi\n|\n|t:|1663998489\n|move|p1a: Dragapult|Hex|p2a: Zapdos\n|-damage|p2a: Zapdos|56\/100\n|move|p2a: Zapdos|Defog|p1a: Dragapult\n|-unboost|p1a: Dragapult|evasion|1\n|-sideend|p2: arnavgupta|Toxic Spikes|[from] move: Defog|[of] p2a: Zapdos\n|-sideend|p2: arnavgupta|Stealth Rock|[from] move: Defog|[of] p2a: Zapdos\n|\n|upkeep\n|turn|20\n|\n|t:|1663998494\n|move|p1a: Dragapult|Hex|p2a: Zapdos\n|-damage|p2a: Zapdos|11\/100\n|move|p2a: Zapdos|Roost|p2a: Zapdos\n|-heal|p2a: Zapdos|62\/100\n|-singleturn|p2a: Zapdos|move: Roost\n|\n|upkeep\n|turn|21\n|j| Revanism\n|\n|t:|1663998501\n|move|p1a: Dragapult|Hex|p2a: Zapdos\n|-damage|p2a: Zapdos|17\/100\n|move|p2a: Zapdos|Hurricane|p1a: Dragapult\n|-damage|p1a: Dragapult|30\/100\n|-start|p1a: Dragapult|confusion\n|\n|upkeep\n|turn|22\n|\n|t:|1663998510\n|-activate|p1a: Dragapult|confusion\n|-damage|p1a: Dragapult|18\/100|[from] confusion\n|move|p2a: Zapdos|Roost|p2a: Zapdos\n|-heal|p2a: Zapdos|68\/100\n|-singleturn|p2a: Zapdos|move: Roost\n|\n|upkeep\n|turn|23\n|\n|t:|1663998522\n|-end|p1a: Dragapult|confusion\n|move|p1a: Dragapult|Hex|p2a: Zapdos\n|-damage|p2a: Zapdos|24\/100\n|move|p2a: Zapdos|Roost|p2a: Zapdos\n|-heal|p2a: Zapdos|74\/100\n|-singleturn|p2a: Zapdos|move: Roost\n|\n|upkeep\n|turn|24\n|\n|t:|1663998535\n|switch|p1a: Landorus|Landorus-Therian, M|100\/100\n|-ability|p1a: Landorus|Intimidate|boost\n|-unboost|p2a: Zapdos|atk|1\n|move|p2a: Zapdos|Roost|p2a: Zapdos\n|-heal|p2a: Zapdos|100\/100\n|-singleturn|p2a: Zapdos|move: Roost\n|\n|upkeep\n|turn|25\n|\n|t:|1663998544\n|move|p2a: Zapdos|Hurricane|p1a: Landorus\n|-damage|p1a: Landorus|42\/100\n|move|p1a: Landorus|Knock Off|p2a: Zapdos\n|-damage|p2a: Zapdos|75\/100\n|-enditem|p2a: Zapdos|Heavy-Duty Boots|[from] move: Knock Off|[of] p1a: Landorus\n|\n|-heal|p1a: Landorus|48\/100|[from] item: Leftovers\n|upkeep\n|turn|26\n|\n|t:|1663998551\n|move|p2a: Zapdos|Hurricane|p1a: Landorus\n|-damage|p1a: Landorus|0 fnt\n|faint|p1a: Landorus\n|\n|upkeep\n|\n|t:|1663998555\n|switch|p1a: ThunderMan|Thundurus, M|16\/100 brn\n|turn|27\n|\n|t:|1663998581\n|switch|p1a: Dragapult|Dragapult, F|18\/100\n|switch|p2a: Gastrodon|Gastrodon, F, shiny|91\/100 tox\n|\n|-heal|p2a: Gastrodon|97\/100 tox|[from] item: Leftovers\n|-damage|p2a: Gastrodon|91\/100 tox|[from] psn\n|upkeep\n|turn|28\n|\n|t:|1663998586\n|move|p1a: Dragapult|Hex|p2a: Gastrodon\n|-damage|p2a: Gastrodon|37\/100 tox\n|move|p2a: Gastrodon|Earth Power|p1a: Dragapult\n|-damage|p1a: Dragapult|0 fnt\n|faint|p1a: Dragapult\n|\n|-heal|p2a: Gastrodon|43\/100 tox|[from] item: Leftovers\n|-damage|p2a: Gastrodon|31\/100 tox|[from] psn\n|upkeep\n|\n|t:|1663998590\n|switch|p1a: Toxapex|Toxapex, M|100\/100\n|turn|29\n|-message|Daevank5 forfeited.\n|\n|win|arnavgupta\n|raw|Daevank5's rating: 1836 &rarr; <strong>1810<\/strong><br \/>(-26 for losing)\n|raw|arnavgupta's rating: 1734 &rarr; <strong>1760<\/strong><br \/>(+26 for winning)\n|l|\u2606Daevank5\n|l| Revanism\n|c|\u2606arnavgupta|wp\n|l| nyo paytong\n","uploadtime":1663998603,"views":30,"p1id":"daevank5","p2id":"arnavgupta","formatid":"gen8ou","rating":1760,"private":0,"password":null}