{"id":"gen8ou-1673154163","p1":"VivaHonduras","p2":"TRAP BANDO","format":"gen8ou","log":"|j|\u2606VivaHonduras\n|j|\u2606TRAP BANDO\n|t:|1664440802\n|gametype|singles\n|player|p1|VivaHonduras|scientist-gen4|1611\n|player|p2|TRAP BANDO|ltsurge-gen2|1778\n|teamsize|p1|6\n|teamsize|p2|6\n|gen|8\n|tier|[Gen 8] OU\n|rated|\n|rule|Sleep Clause Mod: Limit one foe put to sleep\n|rule|Species Clause: Limit one of each Pok\u00e9mon\n|rule|OHKO Clause: OHKO moves are banned\n|rule|Evasion Items Clause: Evasion items are banned\n|rule|Evasion Moves Clause: Evasion moves are banned\n|rule|Endless Battle Clause: Forcing endless battles is banned\n|rule|HP Percentage Mod: HP is shown in percentages\n|rule|Dynamax Clause: You cannot dynamax\n|clearpoke\n|poke|p1|Rapidash-Galar, F|\n|poke|p1|Porygon-Z|\n|poke|p1|Landorus-Therian, M|\n|poke|p1|Corviknight, M|\n|poke|p1|Araquanid, F|\n|poke|p1|Kartana|\n|poke|p2|Marowak-Alola, F|\n|poke|p2|Mandibuzz, F|\n|poke|p2|Slowbro, M|\n|poke|p2|Melmetal|\n|poke|p2|Mamoswine, M|\n|poke|p2|Volcarona, F|\n|teampreview\n|inactive|Battle timer is ON: inactive players will automatically lose when time's up. (requested by VivaHonduras)\n|\n|t:|1664440818\n|start\n|switch|p1a: Porygon-Z|Porygon-Z|100\/100\n|switch|p2a: WOO BAC BABY|Melmetal, shiny|100\/100\n|turn|1\n|\n|t:|1664440823\n|switch|p1a: Corviknight|Corviknight, M|100\/100\n|-ability|p1a: Corviknight|Pressure\n|move|p2a: WOO BAC BABY|Superpower|p1a: Corviknight\n|-damage|p1a: Corviknight|52\/100\n|-unboost|p2a: WOO BAC BABY|atk|1\n|-unboost|p2a: WOO BAC BABY|def|1\n|-damage|p2a: WOO BAC BABY|84\/100|[from] item: Rocky Helmet|[of] p1a: Corviknight\n|\n|upkeep\n|turn|2\n|\n|t:|1664440833\n|switch|p2a: JOZII TARPEZ|Marowak-Alola, F, shiny|100\/100\n|move|p1a: Corviknight|Roost|p1a: Corviknight\n|-heal|p1a: Corviknight|100\/100\n|-singleturn|p1a: Corviknight|move: Roost\n|\n|upkeep\n|turn|3\n|\n|t:|1664440839\n|switch|p1a: Landorus|Landorus-Therian, M|100\/100\n|-ability|p1a: Landorus|Intimidate|boost\n|-unboost|p2a: JOZII TARPEZ|atk|1\n|move|p2a: JOZII TARPEZ|Flare Blitz|p1a: Landorus\n|-damage|p1a: Landorus|38\/100\n|\n|-heal|p1a: Landorus|44\/100|[from] item: Leftovers\n|upkeep\n|turn|4\n|\n|t:|1664440848\n|switch|p2a: OMEGA CRINGE|Mamoswine, M|100\/100\n|move|p1a: Landorus|Stealth Rock|p2a: OMEGA CRINGE\n|-sidestart|p2: TRAP BANDO|move: Stealth Rock\n|\n|-heal|p1a: Landorus|50\/100|[from] item: Leftovers\n|upkeep\n|turn|5\n|\n|t:|1664440854\n|switch|p1a: Corviknight|Corviknight, M|100\/100\n|-ability|p1a: Corviknight|Pressure\n|move|p2a: OMEGA CRINGE|Icicle Crash|p1a: Corviknight\n|-crit|p1a: Corviknight\n|-damage|p1a: Corviknight|59\/100\n|\n|upkeep\n|turn|6\n|\n|t:|1664440861\n|move|p2a: OMEGA CRINGE|Icicle Crash|p1a: Corviknight\n|-damage|p1a: Corviknight|29\/100\n|move|p1a: Corviknight|Roost|p1a: Corviknight\n|-heal|p1a: Corviknight|79\/100\n|-singleturn|p1a: Corviknight|move: Roost\n|\n|upkeep\n|turn|7\n|\n|t:|1664440867\n|move|p2a: OMEGA CRINGE|Icicle Crash|p1a: Corviknight\n|-damage|p1a: Corviknight|52\/100\n|move|p1a: Corviknight|Roost|p1a: Corviknight\n|-heal|p1a: Corviknight|100\/100\n|-singleturn|p1a: Corviknight|move: Roost\n|\n|upkeep\n|turn|8\n|\n|t:|1664440873\n|move|p2a: OMEGA CRINGE|Icicle Crash|p1a: Corviknight|[miss]\n|-miss|p2a: OMEGA CRINGE|p1a: Corviknight\n|move|p1a: Corviknight|U-turn|p2a: OMEGA CRINGE\n|-damage|p2a: OMEGA CRINGE|84\/100\n|\n|t:|1664440879\n|switch|p1a: Porygon-Z|Porygon-Z|100\/100|[from]move: U-turn\n|\n|upkeep\n|turn|9\n|\n|t:|1664440883\n|move|p2a: OMEGA CRINGE|Icicle Crash|p1a: Porygon-Z\n|-damage|p1a: Porygon-Z|36\/100\n|move|p1a: Porygon-Z|Tri Attack|p2a: OMEGA CRINGE\n|-damage|p2a: OMEGA CRINGE|0 fnt\n|faint|p2a: OMEGA CRINGE\n|\n|upkeep\n|\n|t:|1664440890\n|switch|p2a: You ain't sh*t|Slowbro, M, shiny|100\/100\n|turn|10\n|\n|t:|1664440895\n|move|p1a: Porygon-Z|Tri Attack|p2a: You ain't sh*t\n|-damage|p2a: You ain't sh*t|12\/100\n|move|p2a: You ain't sh*t|Trick Room|p2a: You ain't sh*t\n|-fieldstart|move: Trick Room|[of] p2a: You ain't sh*t\n|\n|upkeep\n|turn|11\n|inactive|TRAP BANDO has 120 seconds left.\n|\n|t:|1664440952\n|switch|p2a: WOO BAC BABY|Melmetal, shiny|84\/100\n|-damage|p2a: WOO BAC BABY|78\/100|[from] Stealth Rock\n|switch|p1a: Araquanid|Araquanid, F|100\/100\n|\n|upkeep\n|turn|12\n|inactive|VivaHonduras has 120 seconds left.\n|\n|t:|1664440994\n|switch|p1a: Corviknight|Corviknight, M|100\/100\n|-ability|p1a: Corviknight|Pressure\n|move|p2a: WOO BAC BABY|Rock Slide|p1a: Corviknight\n|-damage|p1a: Corviknight|73\/100\n|\n|upkeep\n|turn|13\n|\n|t:|1664441002\n|switch|p2a: JOZII TARPEZ|Marowak-Alola, F, shiny|100\/100\n|-damage|p2a: JOZII TARPEZ|76\/100|[from] Stealth Rock\n|move|p1a: Corviknight|U-turn|p2a: JOZII TARPEZ\n|-resisted|p2a: JOZII TARPEZ\n|-damage|p2a: JOZII TARPEZ|72\/100\n|\n|t:|1664441004\n|switch|p1a: Landorus|Landorus-Therian, M|50\/100|[from]move: U-turn\n|-ability|p1a: Landorus|Intimidate|boost\n|-unboost|p2a: JOZII TARPEZ|atk|1\n|\n|-heal|p1a: Landorus|56\/100|[from] item: Leftovers\n|upkeep\n|turn|14\n|inactive|TRAP BANDO has 120 seconds left.\n|\n|t:|1664441014\n|switch|p1a: Araquanid|Araquanid, F|100\/100\n|move|p2a: JOZII TARPEZ|Flare Blitz|p1a: Araquanid\n|-damage|p1a: Araquanid|33\/100\n|\n|-fieldend|move: Trick Room\n|upkeep\n|turn|15\n|\n|t:|1664441021\n|switch|p2a: My name is Luka|Mandibuzz, F|100\/100\n|move|p1a: Araquanid|Sticky Web|p2a: My name is Luka\n|-sidestart|p2: TRAP BANDO|move: Sticky Web\n|\n|upkeep\n|turn|16\n|\n|t:|1664441026\n|switch|p1a: Rapidash|Rapidash-Galar, F|100\/100\n|move|p2a: My name is Luka|Defog|p1a: Rapidash\n|-unboost|p1a: Rapidash|evasion|1\n|-sideend|p2: TRAP BANDO|Stealth Rock|[from] move: Defog|[of] p2a: My name is Luka\n|-sideend|p2: TRAP BANDO|Sticky Web|[from] move: Defog|[of] p2a: My name is Luka\n|\n|upkeep\n|turn|17\n|\n|t:|1664441032\n|move|p1a: Rapidash|Swords Dance|p1a: Rapidash\n|-boost|p1a: Rapidash|atk|2\n|move|p2a: My name is Luka|U-turn|p1a: Rapidash\n|-damage|p1a: Rapidash|80\/100\n|\n|t:|1664441037\n|switch|p2a: WOO BAC BABY|Melmetal, shiny|78\/100|[from]move: U-turn\n|\n|upkeep\n|turn|18\n|\n|t:|1664441044\n|move|p1a: Rapidash|Low Kick|p2a: WOO BAC BABY\n|-supereffective|p2a: WOO BAC BABY\n|-damage|p2a: WOO BAC BABY|0 fnt\n|faint|p2a: WOO BAC BABY\n|-damage|p1a: Rapidash|70\/100|[from] item: Life Orb\n|\n|upkeep\n|\n|t:|1664441049\n|switch|p2a: You ain't sh*t|Slowbro, M, shiny|45\/100\n|turn|19\n|\n|t:|1664441053\n|switch|p2a: My name is Luka|Mandibuzz, F|100\/100\n|move|p1a: Rapidash|Psycho Cut|p2a: My name is Luka\n|-immune|p2a: My name is Luka\n|\n|upkeep\n|turn|20\n|\n|t:|1664441060\n|move|p1a: Rapidash|Play Rough|p2a: My name is Luka\n|-supereffective|p2a: My name is Luka\n|-damage|p2a: My name is Luka|0 fnt\n|faint|p2a: My name is Luka\n|-damage|p1a: Rapidash|60\/100|[from] item: Life Orb\n|\n|upkeep\n|\n|t:|1664441065\n|switch|p2a: You ain't sh*t|Slowbro, M, shiny|78\/100\n|turn|21\n|\n|t:|1664441070\n|move|p1a: Rapidash|Play Rough|p2a: You ain't sh*t\n|-crit|p2a: You ain't sh*t\n|-damage|p2a: You ain't sh*t|0 fnt\n|faint|p2a: You ain't sh*t\n|-damage|p1a: Rapidash|50\/100|[from] item: Life Orb\n|\n|upkeep\n|\n|t:|1664441076\n|switch|p2a: KON I YEE|Volcarona, F, shiny|100\/100\n|turn|22\n|\n|t:|1664441081\n|move|p1a: Rapidash|Psycho Cut|p2a: KON I YEE\n|-damage|p2a: KON I YEE|0 fnt\n|faint|p2a: KON I YEE\n|-damage|p1a: Rapidash|40\/100|[from] item: Life Orb\n|\n|upkeep\n|c|\u2606TRAP BANDO|ayo\n|-message|TRAP BANDO forfeited.\n|\n|win|VivaHonduras\n|raw|VivaHonduras's rating: 1611 &rarr; <strong>1640<\/strong><br \/>(+29 for winning)\n|raw|TRAP BANDO's rating: 1778 &rarr; <strong>1749<\/strong><br \/>(-29 for losing)\n|l|\u2606TRAP BANDO\n","uploadtime":1664441101,"views":16,"p1id":"vivahonduras","p2id":"trapbando","formatid":"gen8ou","rating":1640,"private":0,"password":null}