{"id":"gen8monotype-1436022856","p1":"ElJeccce","p2":"Dindon Ductile","format":"gen8monotype","log":"|j|\u2606ElJeccce\n|j|\u2606Dindon Ductile\n|t:|1634320423\n|gametype|singles\n|player|p1|ElJeccce|giovanni-gen1rb|1179\n|player|p2|Dindon Ductile|scientist|1200\n|teamsize|p1|6\n|teamsize|p2|6\n|gen|8\n|tier|[Gen 8] Monotype\n|rated|\n|rule|Same Type Clause: Pok\u00e9mon in a team must share a type\n|rule|Sleep Clause Mod: Limit one foe put to sleep\n|rule|Species Clause: Limit one of each Pok\u00e9mon\n|rule|OHKO Clause: OHKO moves are banned\n|rule|Evasion Moves Clause: Evasion moves are banned\n|rule|Endless Battle Clause: Forcing endless battles is banned\n|rule|HP Percentage Mod: HP is shown in percentages\n|rule|Dynamax Clause: You cannot dynamax\n|clearpoke\n|poke|p1|Ninetales-Alola, F|\n|poke|p1|Weavile, M|\n|poke|p1|Cloyster, M|\n|poke|p1|Darmanitan-Galar, M|\n|poke|p1|Piloswine, F|\n|poke|p1|Avalugg, M|\n|poke|p2|Darmanitan-Galar, F|\n|poke|p2|Ninetales-Alola, F|\n|poke|p2|Sandslash-Alola, M|\n|poke|p2|Articuno|\n|poke|p2|Kyurem|\n|poke|p2|Arctozolt|\n|teampreview\n|inactive|Battle timer is ON: inactive players will automatically lose when time's up. (requested by Dindon Ductile)\n|\n|t:|1634320458\n|start\n|switch|p1a: Ninetales|Ninetales-Alola, F|100\/100\n|switch|p2a: Darmanitan|Darmanitan-Galar, F|100\/100\n|-weather|Hail|[from] ability: Snow Warning|[of] p1a: Ninetales\n|turn|1\n|\n|t:|1634320468\n|move|p2a: Darmanitan|U-turn|p1a: Ninetales\n|-resisted|p1a: Ninetales\n|-damage|p1a: Ninetales|71\/100\n|\n|t:|1634320471\n|switch|p2a: Ninetales|Ninetales-Alola, F|100\/100|[from]move: U-turn\n|move|p1a: Ninetales|Aurora Veil|p1a: Ninetales\n|-sidestart|p1: ElJeccce|move: Aurora Veil\n|\n|-weather|Hail|[upkeep]\n|upkeep\n|turn|2\n|\n|t:|1634320488\n|switch|p1a: Piloswine|Piloswine, F|100\/100\n|move|p2a: Ninetales|Aurora Veil|p2a: Ninetales\n|-sidestart|p2: Dindon Ductile|move: Aurora Veil\n|\n|-weather|Hail|[upkeep]\n|upkeep\n|turn|3\n|\n|t:|1634320500\n|switch|p2a: Articuno|Articuno|100\/100\n|move|p1a: Piloswine|Stealth Rock|p2a: Articuno\n|-sidestart|p2: Dindon Ductile|move: Stealth Rock\n|\n|-weather|Hail|[upkeep]\n|upkeep\n|turn|4\n|\n|t:|1634320508\n|move|p2a: Articuno|U-turn|p1a: Piloswine\n|-damage|p1a: Piloswine|96\/100\n|\n|t:|1634320511\n|switch|p2a: Sandslash|Sandslash-Alola, M|100\/100|[from]move: U-turn\n|-damage|p2a: Sandslash|88\/100|[from] Stealth Rock\n|move|p1a: Piloswine|Rock Slide|p2a: Sandslash\n|-damage|p2a: Sandslash|81\/100\n|\n|-weather|Hail|[upkeep]\n|-heal|p2a: Sandslash|87\/100|[from] item: Leftovers\n|upkeep\n|turn|5\n|inactive|ElJeccce has 120 seconds left.\n|\n|t:|1634320550\n|switch|p1a: Avalugg|Avalugg, M|100\/100\n|move|p2a: Sandslash|Stealth Rock|p1a: Avalugg\n|-sidestart|p1: ElJeccce|move: Stealth Rock\n|\n|-weather|none\n|-heal|p2a: Sandslash|93\/100|[from] item: Leftovers\n|upkeep\n|turn|6\n|inactive|ElJeccce has 120 seconds left.\n|\n|t:|1634320565\n|move|p2a: Sandslash|Knock Off|p1a: Avalugg\n|-damage|p1a: Avalugg|96\/100\n|-enditem|p1a: Avalugg|Heavy-Duty Boots|[from] move: Knock Off|[of] p2a: Sandslash\n|move|p1a: Avalugg|Iron Defense|p1a: Avalugg\n|-boost|p1a: Avalugg|def|2\n|\n|-heal|p2a: Sandslash|99\/100|[from] item: Leftovers\n|-sideend|p2: Dindon Ductile|move: Aurora Veil\n|upkeep\n|turn|7\n|\n|t:|1634320575\n|move|p2a: Sandslash|Rapid Spin|p1a: Avalugg\n|-damage|p1a: Avalugg|95\/100\n|-boost|p2a: Sandslash|spe|1\n|-sideend|p2: Dindon Ductile|Stealth Rock|[from] move: Rapid Spin|[of] p2a: Sandslash\n|move|p1a: Avalugg|Rapid Spin|p2a: Sandslash\n|-resisted|p2a: Sandslash\n|-damage|p2a: Sandslash|95\/100\n|-boost|p1a: Avalugg|spe|1\n|-sideend|p1: ElJeccce|Stealth Rock|[from] move: Rapid Spin|[of] p1a: Avalugg\n|\n|-heal|p2a: Sandslash|100\/100|[from] item: Leftovers\n|upkeep\n|turn|8\n|inactive|ElJeccce has 120 seconds left.\n|\n|t:|1634320585\n|switch|p2a: Articuno|Articuno|100\/100\n|move|p1a: Avalugg|Body Press|p2a: Articuno\n|-crit|p2a: Articuno\n|-damage|p2a: Articuno|0 fnt\n|faint|p2a: Articuno\n|\n|-sideend|p1: ElJeccce|move: Aurora Veil\n|upkeep\n|\n|t:|1634320596\n|switch|p2a: Kyurem|Kyurem|100\/100\n|-ability|p2a: Kyurem|Pressure\n|turn|9\n|inactive|ElJeccce has 120 seconds left.\n|\n|t:|1634320607\n|switch|p1a: Ninetales|Ninetales-Alola, F|71\/100\n|-weather|Hail|[from] ability: Snow Warning|[of] p1a: Ninetales\n|move|p2a: Kyurem|Focus Blast|p1a: Ninetales\n|-damage|p1a: Ninetales|0 fnt\n|faint|p1a: Ninetales\n|\n|-weather|Hail|[upkeep]\n|upkeep\n|inactive|ElJeccce has 120 seconds left.\n|\n|t:|1634320635\n|switch|p1a: Piloswine|Piloswine, F|96\/100\n|turn|10\n|\n|t:|1634320650\n|move|p2a: Kyurem|Focus Blast|p1a: Piloswine\n|-supereffective|p1a: Piloswine\n|-damage|p1a: Piloswine|24\/100\n|move|p1a: Piloswine|Earthquake|p2a: Kyurem\n|-damage|p2a: Kyurem|66\/100\n|\n|-weather|Hail|[upkeep]\n|upkeep\n|turn|11\n|inactive|ElJeccce has 90 seconds left.\n|\n|t:|1634320676\n|switch|p2a: Ninetales|Ninetales-Alola, F|100\/100\n|move|p1a: Piloswine|Earthquake|p2a: Ninetales\n|-damage|p2a: Ninetales|58\/100\n|\n|-weather|Hail|[upkeep]\n|upkeep\n|turn|12\n|\n|t:|1634320684\n|move|p2a: Ninetales|Aurora Veil|p2a: Ninetales\n|-sidestart|p2: Dindon Ductile|move: Aurora Veil\n|move|p1a: Piloswine|Rock Slide|p2a: Ninetales\n|-supereffective|p2a: Ninetales\n|-damage|p2a: Ninetales|35\/100\n|\n|-weather|Hail|[upkeep]\n|upkeep\n|turn|13\n|\n|t:|1634320692\n|move|p2a: Ninetales|Freeze-Dry|p1a: Piloswine\n|-damage|p1a: Piloswine|18\/100\n|move|p1a: Piloswine|Stealth Rock|p2a: Ninetales\n|-sidestart|p2: Dindon Ductile|move: Stealth Rock\n|\n|-weather|none\n|upkeep\n|turn|14\n|\n|t:|1634320719\n|move|p2a: Ninetales|Moonblast|p1a: Piloswine\n|-damage|p1a: Piloswine|2\/100\n|move|p1a: Piloswine|Earthquake|p2a: Ninetales\n|-damage|p2a: Ninetales|14\/100\n|\n|upkeep\n|turn|15\n|inactive|ElJeccce has 90 seconds left.\n|\n|t:|1634320744\n|move|p2a: Ninetales|Moonblast|p1a: Piloswine\n|-damage|p1a: Piloswine|0 fnt\n|faint|p1a: Piloswine\n|\n|upkeep\n|inactive|ElJeccce has 90 seconds left.\n|\n|t:|1634320749\n|switch|p1a: Cloyster|Cloyster, M|100\/100\n|turn|16\n|\n|t:|1634320758\n|move|p2a: Ninetales|Freeze-Dry|p1a: Cloyster\n|-damage|p1a: Cloyster|43\/100\n|move|p1a: Cloyster|Shell Smash|p1a: Cloyster\n|-unboost|p1a: Cloyster|def|1\n|-unboost|p1a: Cloyster|spd|1\n|-boost|p1a: Cloyster|atk|2\n|-boost|p1a: Cloyster|spa|2\n|-boost|p1a: Cloyster|spe|2\n|\n|-sideend|p2: Dindon Ductile|move: Aurora Veil\n|upkeep\n|turn|17\n|\n|t:|1634320770\n|move|p1a: Cloyster|Rock Blast|p2a: Ninetales\n|-supereffective|p2a: Ninetales\n|-damage|p2a: Ninetales|0 fnt\n|faint|p2a: Ninetales\n|-hitcount|p2: Ninetales|1\n|\n|upkeep\n|\n|t:|1634320775\n|switch|p2a: Darmanitan|Darmanitan-Galar, F|100\/100\n|-damage|p2a: Darmanitan|75\/100|[from] Stealth Rock\n|turn|18\n|inactive|ElJeccce has 90 seconds left.\n|inactive|ElJeccce has 60 seconds left.\n|\n|t:|1634320845\n|move|p1a: Cloyster|Rock Blast|p2a: Darmanitan\n|-supereffective|p2a: Darmanitan\n|-damage|p2a: Darmanitan|32\/100\n|-supereffective|p2a: Darmanitan\n|-damage|p2a: Darmanitan|0 fnt\n|faint|p2a: Darmanitan\n|-hitcount|p2: Darmanitan|2\n|\n|upkeep\n|\n|t:|1634320853\n|switch|p2a: Sandslash|Sandslash-Alola, M|100\/100\n|-damage|p2a: Sandslash|88\/100|[from] Stealth Rock\n|turn|19\n|inactive|ElJeccce has 30 seconds left.\n|\n|t:|1634320884\n|switch|p1a: Avalugg|Avalugg, M|95\/100\n|move|p2a: Sandslash|Knock Off|p1a: Avalugg\n|-damage|p1a: Avalugg|89\/100\n|\n|-heal|p2a: Sandslash|94\/100|[from] item: Leftovers\n|upkeep\n|turn|20\n|\n|t:|1634320894\n|move|p2a: Sandslash|Stealth Rock|p1a: Avalugg\n|-sidestart|p1: ElJeccce|move: Stealth Rock\n|move|p1a: Avalugg|Iron Defense|p1a: Avalugg\n|-boost|p1a: Avalugg|def|2\n|\n|-heal|p2a: Sandslash|100\/100|[from] item: Leftovers\n|upkeep\n|turn|21\n|\n|t:|1634320906\n|move|p2a: Sandslash|Rapid Spin|p1a: Avalugg\n|-crit|p1a: Avalugg\n|-damage|p1a: Avalugg|82\/100\n|-boost|p2a: Sandslash|spe|1\n|-sideend|p2: Dindon Ductile|Stealth Rock|[from] move: Rapid Spin|[of] p2a: Sandslash\n|move|p1a: Avalugg|Body Press|p2a: Sandslash\n|-supereffective|p2a: Sandslash\n|-damage|p2a: Sandslash|0 fnt\n|faint|p2a: Sandslash\n|\n|upkeep\n|\n|t:|1634320914\n|switch|p2a: Kyurem|Kyurem|66\/100\n|-ability|p2a: Kyurem|Pressure\n|turn|22\n|\n|t:|1634320932\n|switch|p1a: Cloyster|Cloyster, M|43\/100\n|-damage|p1a: Cloyster|18\/100|[from] Stealth Rock\n|move|p2a: Kyurem|Focus Blast|p1a: Cloyster\n|-supereffective|p1a: Cloyster\n|-damage|p1a: Cloyster|0 fnt\n|faint|p1a: Cloyster\n|\n|upkeep\n|inactive|ElJeccce has 30 seconds left.\n|inactive|ElJeccce has 20 seconds left.\n|\n|t:|1634320954\n|switch|p1a: Weavile|Weavile, M|100\/100\n|-damage|p1a: Weavile|76\/100|[from] Stealth Rock\n|-ability|p1a: Weavile|Pressure\n|turn|23\n|inactive|ElJeccce has 30 seconds left this turn.\n|\n|t:|1634320961\n|move|p1a: Weavile|Low Kick|p2a: Kyurem\n|-supereffective|p2a: Kyurem\n|-damage|p2a: Kyurem|0 fnt\n|faint|p2a: Kyurem\n|\n|upkeep\n|inactive|ElJeccce has 30 seconds left this turn.\n|\n|t:|1634320966\n|switch|p2a: Arctozolt|Arctozolt|100\/100\n|turn|24\n|\n|t:|1634320969\n|move|p1a: Weavile|Low Kick|p2a: Arctozolt\n|-supereffective|p2a: Arctozolt\n|-damage|p2a: Arctozolt|22\/100\n|move|p2a: Arctozolt|Low Kick|p1a: Weavile\n|-supereffective|p1a: Weavile\n|-damage|p1a: Weavile|0 fnt\n|faint|p1a: Weavile\n|\n|upkeep\n|\n|t:|1634320978\n|switch|p1a: Darmanitan|Darmanitan-Galar, M|100\/100\n|-damage|p1a: Darmanitan|76\/100|[from] Stealth Rock\n|turn|25\n|\n|t:|1634320983\n|move|p1a: Darmanitan|Flare Blitz|p2a: Arctozolt\n|-supereffective|p2a: Arctozolt\n|-damage|p2a: Arctozolt|0 fnt\n|faint|p2a: Arctozolt\n|-damage|p1a: Darmanitan|69\/100|[from] Recoil\n|\n|win|ElJeccce\n|raw|ElJeccce's rating: 1179 &rarr; <strong>1206<\/strong><br \/>(+27 for winning)\n|raw|Dindon Ductile's rating: 1200 &rarr; <strong>1173<\/strong><br \/>(-27 for losing)\n|c|\u2606ElJeccce|gg\n|l|\u2606Dindon Ductile\n","uploadtime":1634321000,"views":1,"p1id":"eljeccce","p2id":"dindonductile","formatid":"gen8monotype","rating":1173,"private":0,"password":null}