{"id":"gen8ou-1567271297","p1":"Cute noob girl","p2":"fishy8995","format":"gen8ou","log":"|j|\u2606Cute noob girl\n|j|\u2606fishy8995\n|t:|1651641919\n|gametype|singles\n|player|p1|Cute noob girl|pokemonbreederf-gen4|1810\n|player|p2|fishy8995|265|1752\n|teamsize|p1|6\n|teamsize|p2|6\n|gen|8\n|tier|[Gen 8] OU\n|rated|\n|rule|Sleep Clause Mod: Limit one foe put to sleep\n|rule|Species Clause: Limit one of each Pok\u00e9mon\n|rule|OHKO Clause: OHKO moves are banned\n|rule|Evasion Moves Clause: Evasion moves are banned\n|rule|Endless Battle Clause: Forcing endless battles is banned\n|rule|HP Percentage Mod: HP is shown in percentages\n|rule|Dynamax Clause: You cannot dynamax\n|clearpoke\n|poke|p1|Urshifu-*, M|\n|poke|p1|Slowking-Galar, F|\n|poke|p1|Buzzwole|\n|poke|p1|Landorus-Therian, M|\n|poke|p1|Heatran, F|\n|poke|p1|Weavile, M|\n|poke|p2|Hippowdon, F|\n|poke|p2|Tyranitar, F|\n|poke|p2|Excadrill, F|\n|poke|p2|Tornadus-Therian, M|\n|poke|p2|Toxapex, M|\n|poke|p2|Dracozolt|\n|teampreview\n|j| kglow\n|j| LT_Alt1\n|inactive|Battle timer is ON: inactive players will automatically lose when time's up. (requested by Cute noob girl)\n|j| TheLife of a Don\n|\n|t:|1651641950\n|start\n|switch|p1a: Weavile|Weavile, M|100\/100\n|switch|p2a: Hippowdon|Hippowdon, F|100\/100\n|-ability|p1a: Weavile|Pressure\n|-weather|Sandstorm|[from] ability: Sand Stream|[of] p2a: Hippowdon\n|turn|1\n|\n|t:|1651641956\n|move|p1a: Weavile|Icicle Crash|p2a: Hippowdon\n|-supereffective|p2a: Hippowdon\n|-damage|p2a: Hippowdon|60\/100\n|move|p2a: Hippowdon|Stealth Rock|p1a: Weavile\n|-sidestart|p1: Cute noob girl|move: Stealth Rock\n|\n|-weather|Sandstorm|[upkeep]\n|-damage|p1a: Weavile|94\/100|[from] Sandstorm\n|upkeep\n|turn|2\n|\n|t:|1651641960\n|move|p1a: Weavile|Icicle Crash|p2a: Hippowdon\n|-supereffective|p2a: Hippowdon\n|-damage|p2a: Hippowdon|19\/100\n|move|p2a: Hippowdon|Slack Off|p2a: Hippowdon\n|-heal|p2a: Hippowdon|69\/100\n|\n|-weather|Sandstorm|[upkeep]\n|-damage|p1a: Weavile|88\/100|[from] Sandstorm\n|upkeep\n|turn|3\n|\n|t:|1651641963\n|move|p1a: Weavile|Icicle Crash|p2a: Hippowdon\n|-supereffective|p2a: Hippowdon\n|-damage|p2a: Hippowdon|28\/100\n|cant|p2a: Hippowdon|flinch\n|\n|-weather|Sandstorm|[upkeep]\n|-damage|p1a: Weavile|82\/100|[from] Sandstorm\n|upkeep\n|turn|4\n|\n|t:|1651641966\n|switch|p2a: Toxapex|Toxapex, M|100\/100\n|move|p1a: Weavile|Knock Off|p2a: Toxapex\n|-damage|p2a: Toxapex|65\/100\n|-enditem|p2a: Toxapex|Black Sludge|[from] move: Knock Off|[of] p1a: Weavile\n|\n|-weather|Sandstorm|[upkeep]\n|-damage|p1a: Weavile|76\/100|[from] Sandstorm\n|-damage|p2a: Toxapex|58\/100|[from] Sandstorm\n|upkeep\n|turn|5\n|\n|t:|1651641968\n|switch|p1a: Slowking|Slowking-Galar, F|100\/100\n|-damage|p1a: Slowking|88\/100|[from] Stealth Rock\n|move|p2a: Toxapex|Recover|p2a: Toxapex\n|-heal|p2a: Toxapex|100\/100\n|\n|-weather|Sandstorm|[upkeep]\n|-damage|p2a: Toxapex|94\/100|[from] Sandstorm\n|-damage|p1a: Slowking|82\/100|[from] Sandstorm\n|upkeep\n|turn|6\n|\n|t:|1651641971\n|move|p2a: Toxapex|Stockpile|p2a: Toxapex\n|-start|p2a: Toxapex|stockpile1\n|-boost|p2a: Toxapex|def|1\n|-boost|p2a: Toxapex|spd|1\n|move|p1a: Slowking|Future Sight|p2a: Toxapex\n|-start|p1a: Slowking|move: Future Sight\n|\n|-weather|Sandstorm|[upkeep]\n|-damage|p2a: Toxapex|88\/100|[from] Sandstorm\n|-damage|p1a: Slowking|76\/100|[from] Sandstorm\n|upkeep\n|turn|7\n|\n|t:|1651641978\n|switch|p1a: Landorus|Landorus-Therian, M|100\/100\n|-damage|p1a: Landorus|88\/100|[from] Stealth Rock\n|-ability|p1a: Landorus|Intimidate|boost\n|-unboost|p2a: Toxapex|atk|1\n|move|p2a: Toxapex|Stockpile|p2a: Toxapex\n|-start|p2a: Toxapex|stockpile2\n|-boost|p2a: Toxapex|def|1\n|-boost|p2a: Toxapex|spd|1\n|\n|-weather|Sandstorm|[upkeep]\n|-damage|p2a: Toxapex|82\/100|[from] Sandstorm\n|-heal|p1a: Landorus|94\/100|[from] item: Leftovers\n|upkeep\n|turn|8\n|\n|t:|1651641981\n|move|p1a: Landorus|Earthquake|p2a: Toxapex\n|-supereffective|p2a: Toxapex\n|-damage|p2a: Toxapex|46\/100\n|move|p2a: Toxapex|Recover|p2a: Toxapex\n|-heal|p2a: Toxapex|96\/100\n|\n|-weather|none\n|-end|p2a: Toxapex|move: Future Sight\n|-supereffective|p2a: Toxapex\n|-damage|p2a: Toxapex|60\/100\n|-heal|p1a: Landorus|99\/100|[from] item: Leftovers\n|upkeep\n|turn|9\n|\n|t:|1651641983\n|move|p1a: Landorus|Earthquake|p2a: Toxapex\n|-supereffective|p2a: Toxapex\n|-damage|p2a: Toxapex|23\/100\n|move|p2a: Toxapex|Recover|p2a: Toxapex\n|-heal|p2a: Toxapex|73\/100\n|\n|-heal|p1a: Landorus|100\/100|[from] item: Leftovers\n|upkeep\n|turn|10\n|\n|t:|1651641986\n|move|p1a: Landorus|Earthquake|p2a: Toxapex\n|-supereffective|p2a: Toxapex\n|-damage|p2a: Toxapex|33\/100\n|move|p2a: Toxapex|Scald|p1a: Landorus\n|-supereffective|p1a: Landorus\n|-damage|p1a: Landorus|75\/100\n|\n|-heal|p1a: Landorus|81\/100|[from] item: Leftovers\n|upkeep\n|turn|11\n|\n|t:|1651641989\n|switch|p2a: Hippowdon|Hippowdon, F|28\/100\n|-weather|Sandstorm|[from] ability: Sand Stream|[of] p2a: Hippowdon\n|move|p1a: Landorus|Defog|p2a: Hippowdon\n|-unboost|p2a: Hippowdon|evasion|1\n|-sideend|p1: Cute noob girl|Stealth Rock|[from] move: Defog|[of] p1a: Landorus\n|\n|-weather|Sandstorm|[upkeep]\n|-heal|p1a: Landorus|87\/100|[from] item: Leftovers\n|upkeep\n|turn|12\n|\n|t:|1651641993\n|move|p1a: Landorus|Earthquake|p2a: Hippowdon\n|-damage|p2a: Hippowdon|2\/100\n|move|p2a: Hippowdon|Slack Off|p2a: Hippowdon\n|-heal|p2a: Hippowdon|52\/100\n|\n|-weather|Sandstorm|[upkeep]\n|-heal|p1a: Landorus|93\/100|[from] item: Leftovers\n|upkeep\n|turn|13\n|\n|t:|1651641995\n|move|p1a: Landorus|U-turn|p2a: Hippowdon\n|-damage|p2a: Hippowdon|41\/100\n|\n|t:|1651641997\n|switch|p1a: Urshifu|Urshifu-Rapid-Strike, M|100\/100|[from]move: U-turn\n|move|p2a: Hippowdon|Toxic|p1a: Urshifu\n|-status|p1a: Urshifu|tox\n|\n|-weather|Sandstorm|[upkeep]\n|-damage|p1a: Urshifu|94\/100 tox|[from] Sandstorm\n|-damage|p1a: Urshifu|88\/100 tox|[from] psn\n|upkeep\n|turn|14\n|l| TheLife of a Don\n|\n|t:|1651642003\n|switch|p2a: Toxapex|Toxapex, M|66\/100\n|move|p1a: Urshifu|Surging Strikes|p2a: Toxapex\n|-resisted|p2a: Toxapex\n|-crit|p2a: Toxapex\n|-damage|p2a: Toxapex|58\/100\n|-resisted|p2a: Toxapex\n|-crit|p2a: Toxapex\n|-damage|p2a: Toxapex|49\/100\n|-resisted|p2a: Toxapex\n|-crit|p2a: Toxapex\n|-damage|p2a: Toxapex|41\/100\n|-hitcount|p2a: Toxapex|3\n|\n|-weather|Sandstorm|[upkeep]\n|-damage|p1a: Urshifu|82\/100 tox|[from] Sandstorm\n|-damage|p2a: Toxapex|35\/100|[from] Sandstorm\n|-damage|p1a: Urshifu|70\/100 tox|[from] psn\n|upkeep\n|turn|15\n|\n|t:|1651642007\n|switch|p1a: Heatran|Heatran, F|100\/100\n|move|p2a: Toxapex|Recover|p2a: Toxapex\n|-heal|p2a: Toxapex|85\/100\n|\n|-weather|Sandstorm|[upkeep]\n|-damage|p2a: Toxapex|79\/100|[from] Sandstorm\n|upkeep\n|turn|16\n|j| Noob 0_o\n|\n|t:|1651642011\n|switch|p2a: Tornadus|Tornadus-Therian, M|100\/100\n|move|p1a: Heatran|Stealth Rock|p2a: Tornadus\n|-sidestart|p2: fishy8995|move: Stealth Rock\n|\n|-weather|Sandstorm|[upkeep]\n|-damage|p2a: Tornadus|94\/100|[from] Sandstorm\n|upkeep\n|turn|17\n|\n|t:|1651642015\n|move|p2a: Tornadus|Focus Blast|p1a: Heatran|[miss]\n|-miss|p2a: Tornadus|p1a: Heatran\n|move|p1a: Heatran|Toxic|p2a: Tornadus\n|-status|p2a: Tornadus|tox\n|\n|-weather|Sandstorm|[upkeep]\n|-damage|p2a: Tornadus|88\/100 tox|[from] Sandstorm\n|-damage|p2a: Tornadus|82\/100 tox|[from] psn\n|upkeep\n|turn|18\n|\n|t:|1651642018\n|move|p2a: Tornadus|Defog|p1a: Heatran\n|-unboost|p1a: Heatran|evasion|1\n|-sideend|p2: fishy8995|Stealth Rock|[from] move: Defog|[of] p2a: Tornadus\n|move|p1a: Heatran|Lava Plume|p2a: Tornadus\n|-damage|p2a: Tornadus|36\/100 tox\n|\n|-weather|none\n|-damage|p2a: Tornadus|24\/100 tox|[from] psn\n|upkeep\n|turn|19\n|\n|t:|1651642023\n|switch|p2a: Excadrill|Excadrill, F|100\/100\n|move|p1a: Heatran|Lava Plume|p2a: Excadrill\n|-supereffective|p2a: Excadrill\n|-damage|p2a: Excadrill|8\/100\n|-status|p2a: Excadrill|brn\n|\n|-damage|p2a: Excadrill|2\/100 brn|[from] brn\n|upkeep\n|turn|20\n|\n|t:|1651642030\n|move|p2a: Excadrill|Iron Head|p1a: Heatran\n|-resisted|p1a: Heatran\n|-damage|p1a: Heatran|96\/100\n|cant|p1a: Heatran|flinch\n|\n|-heal|p1a: Heatran|100\/100|[from] item: Leftovers\n|-damage|p2a: Excadrill|0 fnt|[from] brn\n|faint|p2a: Excadrill\n|upkeep\n|c|\u2606Cute noob girl|big man things\n|\n|t:|1651642041\n|switch|p2a: Tyranitar|Tyranitar, F|100\/100\n|-weather|Sandstorm|[from] ability: Sand Stream|[of] p2a: Tyranitar\n|turn|21\n|c|\u2606Cute noob girl|lucky man\n|j| Fart Stinky\n|l| Fart Stinky\n|\n|t:|1651642049\n|switch|p1a: Buzzwole|Buzzwole|100\/100\n|move|p2a: Tyranitar|Dark Pulse|p1a: Buzzwole\n|-resisted|p1a: Buzzwole\n|-crit|p1a: Buzzwole\n|-damage|p1a: Buzzwole|65\/100\n|\n|-weather|Sandstorm|[upkeep]\n|-damage|p1a: Buzzwole|59\/100|[from] Sandstorm\n|upkeep\n|turn|22\n|j| TheLife of a Don\n|\n|t:|1651642060\n|switch|p2a: Toxapex|Toxapex, M|100\/100\n|move|p1a: Buzzwole|Roost|p1a: Buzzwole\n|-heal|p1a: Buzzwole|100\/100\n|-singleturn|p1a: Buzzwole|move: Roost\n|\n|-weather|Sandstorm|[upkeep]\n|-damage|p1a: Buzzwole|94\/100|[from] Sandstorm\n|-damage|p2a: Toxapex|94\/100|[from] Sandstorm\n|upkeep\n|turn|23\n|\n|t:|1651642063\n|switch|p1a: Heatran|Heatran, F|100\/100\n|move|p2a: Toxapex|Stockpile|p2a: Toxapex\n|-start|p2a: Toxapex|stockpile1\n|-boost|p2a: Toxapex|def|1\n|-boost|p2a: Toxapex|spd|1\n|\n|-weather|Sandstorm|[upkeep]\n|-damage|p2a: Toxapex|88\/100|[from] Sandstorm\n|upkeep\n|turn|24\n|\n|t:|1651642071\n|move|p1a: Heatran|Stealth Rock|p2a: Toxapex\n|-sidestart|p2: fishy8995|move: Stealth Rock\n|move|p2a: Toxapex|Stockpile|p2a: Toxapex\n|-start|p2a: Toxapex|stockpile2\n|-boost|p2a: Toxapex|def|1\n|-boost|p2a: Toxapex|spd|1\n|\n|-weather|Sandstorm|[upkeep]\n|-damage|p2a: Toxapex|82\/100|[from] Sandstorm\n|upkeep\n|turn|25\n|\n|t:|1651642073\n|switch|p1a: Slowking|Slowking-Galar, F|100\/100\n|move|p2a: Toxapex|Stockpile|p2a: Toxapex\n|-start|p2a: Toxapex|stockpile3\n|-boost|p2a: Toxapex|def|1\n|-boost|p2a: Toxapex|spd|1\n|\n|-weather|none\n|upkeep\n|turn|26\n|l| TheLife of a Don\n|\n|t:|1651642076\n|move|p2a: Toxapex|Scald|p1a: Slowking\n|-damage|p1a: Slowking|92\/100\n|move|p1a: Slowking|Scald|p2a: Toxapex\n|-resisted|p2a: Toxapex\n|-damage|p2a: Toxapex|78\/100\n|\n|upkeep\n|turn|27\n|\n|t:|1651642079\n|move|p2a: Toxapex|Scald|p1a: Slowking\n|-damage|p1a: Slowking|83\/100\n|-status|p1a: Slowking|brn\n|move|p1a: Slowking|Scald|p2a: Toxapex\n|-resisted|p2a: Toxapex\n|-damage|p2a: Toxapex|75\/100\n|\n|-damage|p1a: Slowking|77\/100 brn|[from] brn\n|upkeep\n|turn|28\n|\n|t:|1651642082\n|move|p2a: Toxapex|Scald|p1a: Slowking\n|-damage|p1a: Slowking|69\/100 brn\n|move|p1a: Slowking|Scald|p2a: Toxapex\n|-resisted|p2a: Toxapex\n|-damage|p2a: Toxapex|71\/100\n|\n|-damage|p1a: Slowking|62\/100 brn|[from] brn\n|upkeep\n|turn|29\n|\n|t:|1651642085\n|move|p2a: Toxapex|Scald|p1a: Slowking\n|-damage|p1a: Slowking|54\/100 brn\n|move|p1a: Slowking|Scald|p2a: Toxapex\n|-resisted|p2a: Toxapex\n|-damage|p2a: Toxapex|68\/100\n|\n|-damage|p1a: Slowking|48\/100 brn|[from] brn\n|upkeep\n|turn|30\n|\n|t:|1651642087\n|move|p2a: Toxapex|Scald|p1a: Slowking\n|-damage|p1a: Slowking|39\/100 brn\n|move|p1a: Slowking|Scald|p2a: Toxapex\n|-resisted|p2a: Toxapex\n|-damage|p2a: Toxapex|65\/100\n|-status|p2a: Toxapex|brn\n|\n|-damage|p2a: Toxapex|58\/100 brn|[from] brn\n|-damage|p1a: Slowking|32\/100 brn|[from] brn\n|upkeep\n|turn|31\n|\n|t:|1651642089\n|move|p2a: Toxapex|Scald|p1a: Slowking\n|-damage|p1a: Slowking|23\/100 brn\n|move|p1a: Slowking|Future Sight|p2a: Toxapex\n|-start|p1a: Slowking|move: Future Sight\n|\n|-damage|p2a: Toxapex|52\/100 brn|[from] brn\n|-damage|p1a: Slowking|17\/100 brn|[from] brn\n|upkeep\n|turn|32\n|\n|t:|1651642093\n|switch|p1a: Urshifu|Urshifu-Rapid-Strike, M|70\/100 tox\n|move|p2a: Toxapex|Recover|p2a: Toxapex\n|-heal|p2a: Toxapex|100\/100 brn\n|\n|-damage|p1a: Urshifu|64\/100 tox|[from] psn\n|-damage|p2a: Toxapex|94\/100 brn|[from] brn\n|upkeep\n|turn|33\n|\n|t:|1651642095\n|move|p1a: Urshifu|U-turn|p2a: Toxapex\n|-resisted|p2a: Toxapex\n|-damage|p2a: Toxapex|90\/100 brn\n|\n|t:|1651642097\n|switch|p1a: Slowking|Slowking-Galar, F|50\/100 brn|[from]move: U-turn\n|move|p2a: Toxapex|Recover|p2a: Toxapex\n|-heal|p2a: Toxapex|100\/100 brn\n|\n|-end|p2a: Toxapex|move: Future Sight\n|-supereffective|p2a: Toxapex\n|-damage|p2a: Toxapex|69\/100 brn\n|-damage|p2a: Toxapex|63\/100 brn|[from] brn\n|-damage|p1a: Slowking|44\/100 brn|[from] brn\n|upkeep\n|turn|34\n|\n|t:|1651642099\n|switch|p1a: Heatran|Heatran, F|100\/100\n|move|p2a: Toxapex|Scald|p1a: Heatran\n|-supereffective|p1a: Heatran\n|-damage|p1a: Heatran|80\/100\n|\n|-heal|p1a: Heatran|86\/100|[from] item: Leftovers\n|-damage|p2a: Toxapex|56\/100 brn|[from] brn\n|upkeep\n|turn|35\n|\n|t:|1651642102\n|switch|p1a: Slowking|Slowking-Galar, F|78\/100 brn\n|move|p2a: Toxapex|Scald|p1a: Slowking\n|-damage|p1a: Slowking|69\/100 brn\n|\n|-damage|p2a: Toxapex|50\/100 brn|[from] brn\n|-damage|p1a: Slowking|63\/100 brn|[from] brn\n|upkeep\n|turn|36\n|\n|t:|1651642104\n|move|p2a: Toxapex|Scald|p1a: Slowking\n|-damage|p1a: Slowking|55\/100 brn\n|move|p1a: Slowking|Future Sight|p2a: Toxapex\n|-start|p1a: Slowking|move: Future Sight\n|\n|-damage|p2a: Toxapex|44\/100 brn|[from] brn\n|-damage|p1a: Slowking|49\/100 brn|[from] brn\n|upkeep\n|turn|37\n|\n|t:|1651642108\n|move|p2a: Toxapex|Recover|p2a: Toxapex\n|-heal|p2a: Toxapex|94\/100 brn\n|move|p1a: Slowking|Scald|p2a: Toxapex\n|-resisted|p2a: Toxapex\n|-damage|p2a: Toxapex|90\/100 brn\n|\n|-damage|p2a: Toxapex|84\/100 brn|[from] brn\n|-damage|p1a: Slowking|43\/100 brn|[from] brn\n|upkeep\n|turn|38\n|\n|t:|1651642111\n|switch|p1a: Heatran|Heatran, F|86\/100\n|move|p2a: Toxapex|Scald|p1a: Heatran\n|-supereffective|p1a: Heatran\n|-damage|p1a: Heatran|65\/100\n|\n|-end|p2a: Toxapex|move: Future Sight\n|-supereffective|p2a: Toxapex\n|-damage|p2a: Toxapex|56\/100 brn\n|-heal|p1a: Heatran|71\/100|[from] item: Leftovers\n|-damage|p2a: Toxapex|50\/100 brn|[from] brn\n|upkeep\n|turn|39\n|\n|t:|1651642113\n|switch|p1a: Slowking|Slowking-Galar, F|76\/100 brn\n|move|p2a: Toxapex|Scald|p1a: Slowking\n|-damage|p1a: Slowking|68\/100 brn\n|\n|-damage|p2a: Toxapex|43\/100 brn|[from] brn\n|-damage|p1a: Slowking|62\/100 brn|[from] brn\n|upkeep\n|turn|40\n|\n|t:|1651642116\n|move|p2a: Toxapex|Recover|p2a: Toxapex\n|-heal|p2a: Toxapex|93\/100 brn\n|move|p1a: Slowking|Future Sight|p2a: Toxapex\n|-start|p1a: Slowking|move: Future Sight\n|\n|-damage|p2a: Toxapex|87\/100 brn|[from] brn\n|-damage|p1a: Slowking|56\/100 brn|[from] brn\n|upkeep\n|turn|41\n|\n|t:|1651642119\n|move|p2a: Toxapex|Stockpile||[still]\n|-fail|p2a: Toxapex\n|move|p1a: Slowking|Scald|p2a: Toxapex\n|-resisted|p2a: Toxapex\n|-damage|p2a: Toxapex|83\/100 brn\n|\n|-damage|p2a: Toxapex|77\/100 brn|[from] brn\n|-damage|p1a: Slowking|49\/100 brn|[from] brn\n|upkeep\n|turn|42\n|\n|t:|1651642121\n|move|p2a: Toxapex|Scald|p1a: Slowking\n|-damage|p1a: Slowking|42\/100 brn\n|move|p1a: Slowking|Sludge Bomb|p2a: Toxapex\n|-resisted|p2a: Toxapex\n|-damage|p2a: Toxapex|71\/100 brn\n|\n|-end|p2a: Toxapex|move: Future Sight\n|-supereffective|p2a: Toxapex\n|-damage|p2a: Toxapex|43\/100 brn\n|-damage|p2a: Toxapex|37\/100 brn|[from] brn\n|-damage|p1a: Slowking|36\/100 brn|[from] brn\n|upkeep\n|turn|43\n|\n|t:|1651642123\n|move|p2a: Toxapex|Recover|p2a: Toxapex\n|-heal|p2a: Toxapex|87\/100 brn\n|move|p1a: Slowking|Future Sight|p2a: Toxapex\n|-start|p1a: Slowking|move: Future Sight\n|\n|-damage|p2a: Toxapex|80\/100 brn|[from] brn\n|-damage|p1a: Slowking|29\/100 brn|[from] brn\n|upkeep\n|turn|44\n|\n|t:|1651642125\n|move|p2a: Toxapex|Toxic||[still]\n|-fail|p2a: Toxapex\n|move|p1a: Slowking|Sludge Bomb|p2a: Toxapex\n|-resisted|p2a: Toxapex\n|-damage|p2a: Toxapex|75\/100 brn\n|\n|-damage|p2a: Toxapex|69\/100 brn|[from] brn\n|-damage|p1a: Slowking|23\/100 brn|[from] brn\n|upkeep\n|turn|45\n|j| TheLife of a Don\n|\n|t:|1651642128\n|switch|p1a: Heatran|Heatran, F|71\/100\n|move|p2a: Toxapex|Scald|p1a: Heatran\n|-supereffective|p1a: Heatran\n|-damage|p1a: Heatran|48\/100\n|\n|-end|p2a: Toxapex|move: Future Sight\n|-supereffective|p2a: Toxapex\n|-damage|p2a: Toxapex|40\/100 brn\n|-heal|p1a: Heatran|54\/100|[from] item: Leftovers\n|-damage|p2a: Toxapex|33\/100 brn|[from] brn\n|upkeep\n|turn|46\n|\n|t:|1651642135\n|switch|p1a: Slowking|Slowking-Galar, F|57\/100 brn\n|move|p2a: Toxapex|Recover|p2a: Toxapex\n|-heal|p2a: Toxapex|83\/100 brn\n|\n|-damage|p2a: Toxapex|77\/100 brn|[from] brn\n|-damage|p1a: Slowking|50\/100 brn|[from] brn\n|upkeep\n|turn|47\n|l| TheLife of a Don\n|\n|t:|1651642138\n|move|p2a: Toxapex|Scald|p1a: Slowking\n|-damage|p1a: Slowking|42\/100 brn\n|move|p1a: Slowking|Future Sight|p2a: Toxapex\n|-start|p1a: Slowking|move: Future Sight\n|\n|-damage|p2a: Toxapex|71\/100 brn|[from] brn\n|-damage|p1a: Slowking|36\/100 brn|[from] brn\n|upkeep\n|turn|48\n|\n|t:|1651642140\n|move|p2a: Toxapex|Scald|p1a: Slowking\n|-damage|p1a: Slowking|28\/100 brn\n|move|p1a: Slowking|Sludge Bomb|p2a: Toxapex\n|-resisted|p2a: Toxapex\n|-damage|p2a: Toxapex|65\/100 brn\n|\n|-damage|p2a: Toxapex|59\/100 brn|[from] brn\n|-damage|p1a: Slowking|22\/100 brn|[from] brn\n|upkeep\n|turn|49\n|\n|t:|1651642143\n|switch|p1a: Urshifu|Urshifu-Rapid-Strike, M|64\/100 tox\n|move|p2a: Toxapex|Scald|p1a: Urshifu\n|-resisted|p1a: Urshifu\n|-damage|p1a: Urshifu|52\/100 tox\n|\n|-end|p2a: Toxapex|move: Future Sight\n|-supereffective|p2a: Toxapex\n|-damage|p2a: Toxapex|30\/100 brn\n|-damage|p1a: Urshifu|46\/100 tox|[from] psn\n|-damage|p2a: Toxapex|24\/100 brn|[from] brn\n|upkeep\n|turn|50\n|\n|t:|1651642146\n|move|p1a: Urshifu|Taunt|p2a: Toxapex\n|-start|p2a: Toxapex|move: Taunt\n|cant|p2a: Toxapex|move: Taunt|Recover\n|\n|-damage|p1a: Urshifu|33\/100 tox|[from] psn\n|-damage|p2a: Toxapex|18\/100 brn|[from] brn\n|upkeep\n|turn|51\n|\n|t:|1651642150\n|switch|p2a: Tornadus|Tornadus-Therian, M|58\/100 tox\n|move|p1a: Urshifu|Surging Strikes|p2a: Tornadus\n|-crit|p2a: Tornadus\n|-damage|p2a: Tornadus|28\/100 tox\n|-crit|p2a: Tornadus\n|-damage|p2a: Tornadus|0 fnt\n|faint|p2a: Tornadus\n|-hitcount|p2: Tornadus|2\n|\n|-damage|p1a: Urshifu|15\/100 tox|[from] psn\n|upkeep\n|\n|t:|1651642153\n|switch|p2a: Hippowdon|Hippowdon, F|41\/100\n|-damage|p2a: Hippowdon|35\/100|[from] Stealth Rock\n|-weather|Sandstorm|[from] ability: Sand Stream|[of] p2a: Hippowdon\n|turn|52\n|\n|t:|1651642157\n|move|p1a: Urshifu|Surging Strikes|p2a: Hippowdon\n|-supereffective|p2a: Hippowdon\n|-crit|p2a: Hippowdon\n|-damage|p2a: Hippowdon|13\/100\n|-supereffective|p2a: Hippowdon\n|-crit|p2a: Hippowdon\n|-damage|p2a: Hippowdon|0 fnt\n|faint|p2a: Hippowdon\n|-hitcount|p2: Hippowdon|2\n|\n|-weather|Sandstorm|[upkeep]\n|-damage|p1a: Urshifu|9\/100 tox|[from] Sandstorm\n|-damage|p1a: Urshifu|0 fnt|[from] psn\n|faint|p1a: Urshifu\n|upkeep\n|\n|t:|1651642160\n|switch|p1a: Landorus|Landorus-Therian, M|93\/100\n|switch|p2a: Tyranitar|Tyranitar, F|100\/100\n|-ability|p1a: Landorus|Intimidate|boost\n|-unboost|p2a: Tyranitar|atk|1\n|-damage|p2a: Tyranitar|88\/100|[from] Stealth Rock\n|turn|53\n|\n|t:|1651642162\n|move|p1a: Landorus|U-turn|p2a: Tyranitar\n|-supereffective|p2a: Tyranitar\n|-damage|p2a: Tyranitar|52\/100\n|\n|t:|1651642164\n|switch|p1a: Buzzwole|Buzzwole|94\/100|[from]move: U-turn\n|move|p2a: Tyranitar|Ice Beam|p1a: Buzzwole\n|-damage|p1a: Buzzwole|55\/100\n|\n|-weather|Sandstorm|[upkeep]\n|-damage|p1a: Buzzwole|49\/100|[from] Sandstorm\n|upkeep\n|turn|54\n|\n|t:|1651642167\n|move|p1a: Buzzwole|Roost|p1a: Buzzwole\n|-heal|p1a: Buzzwole|99\/100\n|-singleturn|p1a: Buzzwole|move: Roost\n|move|p2a: Tyranitar|Flamethrower|p1a: Buzzwole\n|-supereffective|p1a: Buzzwole\n|-damage|p1a: Buzzwole|14\/100\n|\n|-weather|Sandstorm|[upkeep]\n|-damage|p1a: Buzzwole|8\/100|[from] Sandstorm\n|upkeep\n|turn|55\n|\n|t:|1651642178\n|switch|p2a: Dracozolt|Dracozolt|100\/100\n|-damage|p2a: Dracozolt|88\/100|[from] Stealth Rock\n|move|p1a: Buzzwole|Close Combat|p2a: Dracozolt\n|-damage|p2a: Dracozolt|24\/100\n|-unboost|p1a: Buzzwole|def|1\n|-unboost|p1a: Buzzwole|spd|1\n|\n|-weather|Sandstorm|[upkeep]\n|-damage|p1a: Buzzwole|2\/100|[from] Sandstorm\n|upkeep\n|turn|56\n|\n|t:|1651642182\n|move|p2a: Dracozolt|Draco Meteor|p1a: Buzzwole\n|-damage|p1a: Buzzwole|0 fnt\n|-unboost|p2a: Dracozolt|spa|2\n|faint|p1a: Buzzwole\n|-damage|p2a: Dracozolt|14\/100|[from] item: Life Orb\n|\n|-weather|Sandstorm|[upkeep]\n|upkeep\n|\n|t:|1651642184\n|switch|p1a: Landorus|Landorus-Therian, M|93\/100\n|-ability|p1a: Landorus|Intimidate|boost\n|-unboost|p2a: Dracozolt|atk|1\n|turn|57\n|-message|fishy8995 forfeited.\n|\n|win|Cute noob girl\n|raw|Cute noob girl's rating: 1810 &rarr; <strong>1827<\/strong><br \/>(+17 for winning)\n|raw|fishy8995's rating: 1752 &rarr; <strong>1735<\/strong><br \/>(-17 for losing)\n|l|\u2606fishy8995\n","uploadtime":1651642190,"views":29,"p1id":"cutenoobgirl","p2id":"fishy8995","formatid":"gen8ou","rating":1735,"private":0,"password":null}