{"id":"gen8nationaldexag-1092417550","p1":"85792195wwww","p2":"Blue chen","format":"gen8nationaldexag","log":"|j|\u260685792195wwww\n|j|\u2606Blue chen\n|player|p1|85792195wwww|lady|1825\n|player|p2|Blue chen|clair|1718\n|teamsize|p1|6\n|teamsize|p2|6\n|gametype|singles\n|gen|8\n|tier|[Gen 8] National Dex AG\n|rated|\n|clearpoke\n|poke|p1|Zekrom|\n|poke|p1|Rayquaza|\n|poke|p1|Zacian-Crowned|\n|poke|p1|Arceus-*|\n|poke|p1|Eternatus|\n|poke|p1|Ditto|\n|poke|p2|Zygarde|\n|poke|p2|Zygarde|\n|poke|p2|Rayquaza|\n|poke|p2|Necrozma-Dusk-Mane|\n|poke|p2|Yveltal|\n|poke|p2|Eternatus|\n|rule|HP Percentage Mod: HP is shown in percentages\n|rule|Endless Battle Clause: Forcing endless battles is banned\n|teampreview\n|\n|start\n|switch|p1a: Eternatus|Eternatus|100\/100\n|switch|p2a: Rayquaza|Rayquaza|100\/100\n|-ability|p1a: Eternatus|Pressure\n|-ability|p2a: Rayquaza|Air Lock\n|turn|1\n|\n|switch|p2a: Necrozma|Necrozma-Dusk-Mane|100\/100\n|move|p1a: Eternatus|Dynamax Cannon|p2a: Necrozma\n|-resisted|p2a: Necrozma\n|-damage|p2a: Necrozma|72\/100\n|\n|upkeep\n|turn|2\n|\n|move|p1a: Eternatus|Toxic Spikes|p2a: Necrozma\n|-sidestart|p2: Blue chen|move: Toxic Spikes\n|move|p2a: Necrozma|Dragon Dance|p2a: Necrozma\n|-boost|p2a: Necrozma|atk|1\n|-boost|p2a: Necrozma|spe|1\n|\n|upkeep\n|turn|3\n|\n|move|p2a: Necrozma|Photon Geyser|p1a: Eternatus\n|-supereffective|p1a: Eternatus\n|-enditem|p1a: Eternatus|Focus Sash\n|-damage|p1a: Eternatus|1\/100\n|move|p1a: Eternatus|Flamethrower|p2a: Necrozma\n|-supereffective|p2a: Necrozma\n|-damage|p2a: Necrozma|23\/100\n|-status|p2a: Necrozma|brn\n|\n|-damage|p2a: Necrozma|17\/100 brn|[from] brn\n|upkeep\n|turn|4\n|\n|switch|p1a: Zacian|Zacian-Crowned|100\/100\n|-ability|p1a: Zacian|Intrepid Sword|boost\n|-boost|p1a: Zacian|atk|1\n|move|p2a: Necrozma|Earthquake|p1a: Zacian\n|-supereffective|p1a: Zacian\n|-damage|p1a: Zacian|41\/100\n|\n|-damage|p2a: Necrozma|11\/100 brn|[from] brn\n|upkeep\n|turn|5\n|\n|switch|p1a: Eternatus|Eternatus|1\/100\n|-ability|p1a: Eternatus|Pressure\n|detailschange|p2a: Necrozma|Necrozma-Ultra\n|-burst|p2a: Necrozma|Necrozma|Ultranecrozium Z\n|move|p2a: Necrozma|Photon Geyser|p1a: Eternatus\n|-supereffective|p1a: Eternatus\n|-damage|p1a: Eternatus|0 fnt\n|faint|p1a: Eternatus\n|\n|-damage|p2a: Necrozma|5\/100 brn|[from] brn\n|upkeep\n|\n|switch|p1a: Zekrom|Zekrom|100\/100\n|-ability|p1a: Zekrom|Teravolt\n|turn|6\n|\n|-zpower|p2a: Necrozma\n|move|p2a: Necrozma|Light That Burns the Sky|p1a: Zekrom|[zeffect]\n|-damage|p1a: Zekrom|17\/100\n|move|p1a: Zekrom|Dragon Dance|p1a: Zekrom\n|-boost|p1a: Zekrom|atk|1\n|-boost|p1a: Zekrom|spe|1\n|\n|-damage|p2a: Necrozma|0 fnt|[from] brn\n|faint|p2a: Necrozma\n|upkeep\n|\n|switch|p2a: Zygarde|Zygarde|100\/100\n|-status|p2a: Zygarde|psn\n|turn|7\n|\n|move|p1a: Zekrom|Outrage|p2a: Zygarde\n|-supereffective|p2a: Zygarde\n|-damage|p2a: Zygarde|0 fnt\n|faint|p2a: Zygarde\n|\n|upkeep\n|\n|switch|p2a: Yveltal|Yveltal|100\/100\n|-ability|p2a: Yveltal|Dark Aura\n|turn|8\n|\n|-start|p2a: Yveltal|Dynamax\n|-heal|p2a: Yveltal|100\/100|[silent]\n|move|p1a: Zekrom|Outrage|p2a: Yveltal|[from]lockedmove\n|-damage|p2a: Yveltal|54\/100\n|-start|p1a: Zekrom|confusion|[fatigue]\n|move|p2a: Yveltal|Max Airstream|p1a: Zekrom\n|-resisted|p1a: Zekrom\n|-damage|p1a: Zekrom|0 fnt\n|-boost|p2a: Yveltal|spe|1\n|-damage|p2a: Yveltal|49\/100|[from] item: Life Orb\n|faint|p1a: Zekrom\n|\n|upkeep\n|\n|switch|p1a: Arceus|Arceus|100\/100\n|turn|9\n|\n|switch|p1a: Ditto|Ditto|100\/100\n|-transform|p1a: Ditto|p2a: Yveltal|[from] ability: Imposter\n|-ability|p1a: Ditto|Dark Aura\n|move|p2a: Yveltal|Max Darkness|p1a: Ditto\n|-resisted|p1a: Ditto\n|-damage|p1a: Ditto|29\/100\n|-unboost|p1a: Ditto|spd|1\n|-damage|p2a: Yveltal|44\/100|[from] item: Life Orb\n|\n|upkeep\n|turn|10\n|\n|move|p1a: Ditto|Oblivion Wing|p2a: Yveltal\n|-damage|p2a: Yveltal|25\/100\n|-heal|p1a: Ditto|65\/100|[from] drain|[of] p2a: Yveltal\n|move|p2a: Yveltal|Max Darkness|p1a: Ditto\n|-resisted|p1a: Ditto\n|-damage|p1a: Ditto|0 fnt\n|-damage|p2a: Yveltal|20\/100|[from] item: Life Orb\n|faint|p1a: Ditto\n|\n|-end|p2a: Yveltal|Dynamax\n|-heal|p2a: Yveltal|20\/100|[silent]\n|upkeep\n|\n|switch|p1a: Arceus|Arceus|100\/100\n|turn|11\n|\n|move|p2a: Yveltal|Dark Pulse|p1a: Arceus\n|-damage|p1a: Arceus|49\/100\n|-damage|p2a: Yveltal|10\/100|[from] item: Life Orb\n|move|p1a: Arceus|Swords Dance|p1a: Arceus\n|-boost|p1a: Arceus|atk|2\n|\n|upkeep\n|turn|12\n|\n|move|p1a: Arceus|Extreme Speed|p2a: Yveltal\n|-damage|p2a: Yveltal|0 fnt\n|-damage|p1a: Arceus|40\/100|[from] item: Life Orb\n|faint|p2a: Yveltal\n|\n|upkeep\n|\n|switch|p2a: Eternatus|Eternatus|100\/100\n|-sideend|p2: Blue chen|move: Toxic Spikes|[of] p2a: Eternatus\n|-ability|p2a: Eternatus|Pressure\n|turn|13\n|\n|move|p1a: Arceus|Extreme Speed|p2a: Eternatus\n|-damage|p2a: Eternatus|13\/100\n|-damage|p1a: Arceus|30\/100|[from] item: Life Orb\n|move|p2a: Eternatus|Dynamax Cannon|p1a: Arceus\n|-damage|p1a: Arceus|0 fnt\n|faint|p1a: Arceus\n|\n|upkeep\n|\n|switch|p1a: Zacian|Zacian-Crowned|41\/100\n|-ability|p1a: Zacian|Intrepid Sword|boost\n|-boost|p1a: Zacian|atk|1\n|turn|14\n|\n|move|p1a: Zacian|Behemoth Blade|p2a: Eternatus\n|-damage|p2a: Eternatus|0 fnt\n|faint|p2a: Eternatus\n|\n|upkeep\n|\n|switch|p2a: Rayquaza|Rayquaza|100\/100\n|-ability|p2a: Rayquaza|Air Lock\n|turn|15\n|\n|detailschange|p2a: Rayquaza|Rayquaza-Mega\n|-mega|p2a: Rayquaza|Rayquaza|\n|-weather|DeltaStream|[from] ability: Delta Stream|[of] p2a: Rayquaza\n|move|p1a: Zacian|Behemoth Blade|p2a: Rayquaza\n|-damage|p2a: Rayquaza|0 fnt\n|faint|p2a: Rayquaza\n|-weather|none\n|\n|upkeep\n|\n|switch|p2a: Zygarde|Zygarde|100\/100\n|turn|16\n|\n|move|p1a: Zacian|Behemoth Blade|p2a: Zygarde\n|-damage|p2a: Zygarde|10\/100\n|move|p2a: Zygarde|Dragon Dance|p2a: Zygarde\n|-boost|p2a: Zygarde|atk|1\n|-boost|p2a: Zygarde|spe|1\n|\n|-heal|p2a: Zygarde|16\/100|[from] item: Leftovers\n|-activate|p2a: Zygarde|ability: Power Construct\n|detailschange|p2a: Zygarde|Zygarde-Complete\n|-heal|p2a: Zygarde|48\/100|[silent]\n|upkeep\n|turn|17\n|\n|move|p2a: Zygarde|Thousand Arrows|p1a: Zacian\n|-supereffective|p1a: Zacian\n|-damage|p1a: Zacian|0 fnt\n|faint|p1a: Zacian\n|\n|-heal|p2a: Zygarde|54\/100|[from] item: Leftovers\n|upkeep\n|\n|switch|p1a: Rayquaza|Rayquaza|100\/100\n|-ability|p1a: Rayquaza|Air Lock\n|turn|18\n|j| Faisal Shourov\n|\n|detailschange|p1a: Rayquaza|Rayquaza-Mega\n|-mega|p1a: Rayquaza|Rayquaza|\n|-weather|DeltaStream|[from] ability: Delta Stream|[of] p1a: Rayquaza\n|move|p2a: Zygarde|Substitute|p2a: Zygarde\n|-start|p2a: Zygarde|Substitute\n|-damage|p2a: Zygarde|29\/100\n|move|p1a: Rayquaza|Dragon Dance|p1a: Rayquaza\n|-boost|p1a: Rayquaza|atk|1\n|-boost|p1a: Rayquaza|spe|1\n|\n|-weather|DeltaStream|[upkeep]\n|-heal|p2a: Zygarde|35\/100|[from] item: Leftovers\n|upkeep\n|turn|19\n|\n|move|p1a: Rayquaza|Earthquake|p2a: Zygarde\n|-end|p2a: Zygarde|Substitute\n|-damage|p1a: Rayquaza|91\/100|[from] item: Life Orb\n|move|p2a: Zygarde|Dragon Dance|p2a: Zygarde\n|-boost|p2a: Zygarde|atk|1\n|-boost|p2a: Zygarde|spe|1\n|\n|-weather|DeltaStream|[upkeep]\n|-heal|p2a: Zygarde|42\/100|[from] item: Leftovers\n|upkeep\n|turn|20\n|\n|move|p2a: Zygarde|Substitute|p2a: Zygarde\n|-start|p2a: Zygarde|Substitute\n|-damage|p2a: Zygarde|17\/100\n|move|p1a: Rayquaza|Dragon Claw|p2a: Zygarde\n|-supereffective|p2a: Zygarde\n|-end|p2a: Zygarde|Substitute\n|-damage|p1a: Rayquaza|81\/100|[from] item: Life Orb\n|\n|-weather|DeltaStream|[upkeep]\n|-heal|p2a: Zygarde|23\/100|[from] item: Leftovers\n|upkeep\n|turn|21\n|\n|move|p2a: Zygarde|Thousand Arrows|p1a: Rayquaza\n|-damage|p1a: Rayquaza|0 fnt\n|faint|p1a: Rayquaza\n|-weather|none\n|\n|win|Blue chen\n|l|\u260685792195wwww\n|raw|85792195wwww's rating: 1825 &rarr; <strong>1799<\/strong><br \/>(-26 for losing)\n|raw|Blue chen's rating: 1718 &rarr; <strong>1743<\/strong><br \/>(+25 for winning)\n","uploadtime":1586246021,"views":29,"p1id":"85792195wwww","p2id":"bluechen","formatid":"gen8nationaldexag","rating":1743,"private":0,"password":null}