{"id":"gen8ou-1604002036","p1":"andrewm0n","p2":"trepYT","format":"gen8ou","log":"|j|\u2606andrewm0n\n|j|\u203dtrepYT\n|t:|1656173587\n|gametype|singles\n|player|p1|andrewm0n|swimmerf|1792\n|player|p2|trepYT|swimmerf|1818\n|teamsize|p1|6\n|teamsize|p2|6\n|gen|8\n|tier|[Gen 8] OU\n|rated|\n|rule|Sleep Clause Mod: Limit one foe put to sleep\n|rule|Species Clause: Limit one of each Pok\u00e9mon\n|rule|OHKO Clause: OHKO moves are banned\n|rule|Evasion Moves Clause: Evasion moves are banned\n|rule|Endless Battle Clause: Forcing endless battles is banned\n|rule|HP Percentage Mod: HP is shown in percentages\n|rule|Dynamax Clause: You cannot dynamax\n|clearpoke\n|poke|p1|Blaziken, M|\n|poke|p1|Clefable, F|\n|poke|p1|Slowbro-Galar, M|\n|poke|p1|Corviknight, M|\n|poke|p1|Seismitoad, M|\n|poke|p1|Tyranitar, M|\n|poke|p2|Buzzwole|\n|poke|p2|Heatran, M|\n|poke|p2|Dragonite, F|\n|poke|p2|Tyranitar, F|\n|poke|p2|Melmetal|\n|poke|p2|Excadrill, M|\n|teampreview\n|\n|t:|1656173610\n|start\n|switch|p1a: Seismitoad|Seismitoad, M|100\/100\n|switch|p2a: Melmetal|Melmetal|100\/100\n|turn|1\n|\n|t:|1656173612\n|move|p2a: Melmetal|Double Iron Bash|p1a: Seismitoad\n|-resisted|p1a: Seismitoad\n|-damage|p1a: Seismitoad|72\/100\n|-resisted|p1a: Seismitoad\n|-damage|p1a: Seismitoad|44\/100\n|-hitcount|p1a: Seismitoad|2\n|move|p1a: Seismitoad|Stealth Rock|p2a: Melmetal\n|-sidestart|p2: trepYT|move: Stealth Rock\n|\n|-heal|p1a: Seismitoad|50\/100|[from] item: Leftovers\n|upkeep\n|turn|2\n|\n|t:|1656173618\n|switch|p1a: Corviknight|Corviknight, M|100\/100\n|move|p2a: Melmetal|Double Iron Bash|p1a: Corviknight\n|-resisted|p1a: Corviknight\n|-damage|p1a: Corviknight|76\/100\n|-damage|p2a: Melmetal|84\/100|[from] item: Rocky Helmet|[of] p1a: Corviknight\n|-resisted|p1a: Corviknight\n|-damage|p1a: Corviknight|52\/100\n|-damage|p2a: Melmetal|67\/100|[from] item: Rocky Helmet|[of] p1a: Corviknight\n|-hitcount|p1a: Corviknight|2\n|\n|upkeep\n|turn|3\n|\n|t:|1656173620\n|switch|p2a: Heatran|Heatran, M|100\/100\n|-damage|p2a: Heatran|88\/100|[from] Stealth Rock\n|move|p1a: Corviknight|Roost|p1a: Corviknight\n|-heal|p1a: Corviknight|100\/100\n|-singleturn|p1a: Corviknight|move: Roost\n|\n|upkeep\n|turn|4\n|j| ThisIsntHilarious\n|\n|t:|1656173623\n|switch|p1a: Tyranitar|Tyranitar, M|100\/100\n|-weather|Sandstorm|[from] ability: Sand Stream|[of] p1a: Tyranitar\n|move|p2a: Heatran|Eruption|p1a: Tyranitar\n|-resisted|p1a: Tyranitar\n|-damage|p1a: Tyranitar|61\/100\n|\n|-weather|Sandstorm|[upkeep]\n|-heal|p1a: Tyranitar|67\/100|[from] item: Leftovers\n|upkeep\n|turn|5\n|j| leprodupokemon\n|\n|t:|1656173634\n|switch|p2a: Excadrill|Excadrill, M|100\/100\n|-damage|p2a: Excadrill|97\/100|[from] Stealth Rock\n|switch|p1a: Slowbro|Slowbro-Galar, M|100\/100\n|\n|-weather|Sandstorm|[upkeep]\n|-damage|p1a: Slowbro|94\/100|[from] Sandstorm\n|upkeep\n|turn|6\n|\n|t:|1656173637\n|move|p2a: Excadrill|Rapid Spin|p1a: Slowbro\n|-damage|p1a: Slowbro|70\/100\n|-boost|p2a: Excadrill|spe|1\n|-sideend|p2: trepYT|Stealth Rock|[from] move: Rapid Spin|[of] p2a: Excadrill\n|move|p1a: Slowbro|Earthquake|p2a: Excadrill\n|-supereffective|p2a: Excadrill\n|-damage|p2a: Excadrill|29\/100\n|\n|-weather|Sandstorm|[upkeep]\n|-damage|p1a: Slowbro|64\/100|[from] Sandstorm\n|upkeep\n|turn|7\n|\n|t:|1656173643\n|switch|p2a: Heatran|Heatran, M|88\/100\n|switch|p1a: Corviknight|Corviknight, M|100\/100\n|\n|-weather|Sandstorm|[upkeep]\n|upkeep\n|turn|8\n|j| clflucker\n|\n|t:|1656173679\n|switch|p1a: Tyranitar|Tyranitar, M|67\/100\n|move|p2a: Heatran|Eruption|p1a: Tyranitar\n|-resisted|p1a: Tyranitar\n|-damage|p1a: Tyranitar|31\/100\n|\n|-weather|none\n|-heal|p1a: Tyranitar|37\/100|[from] item: Leftovers\n|upkeep\n|turn|9\n|\n|t:|1656173682\n|move|p2a: Heatran|Eruption|p1a: Tyranitar\n|-resisted|p1a: Tyranitar\n|-damage|p1a: Tyranitar|0 fnt\n|faint|p1a: Tyranitar\n|\n|upkeep\n|\n|t:|1656173685\n|switch|p1a: Blaziken|Blaziken, M|100\/100\n|turn|10\n|\n|t:|1656173688\n|move|p1a: Blaziken|Swords Dance|p1a: Blaziken\n|-boost|p1a: Blaziken|atk|2\n|move|p2a: Heatran|Eruption|p1a: Blaziken\n|-resisted|p1a: Blaziken\n|-damage|p1a: Blaziken|16\/100\n|\n|-heal|p1a: Blaziken|22\/100|[from] item: Leftovers\n|-ability|p1a: Blaziken|Speed Boost|boost\n|-boost|p1a: Blaziken|spe|1\n|upkeep\n|turn|11\n|\n|t:|1656173692\n|switch|p2a: Tyranitar|Tyranitar, F|100\/100\n|-weather|Sandstorm|[from] ability: Sand Stream|[of] p2a: Tyranitar\n|move|p1a: Blaziken|Close Combat|p2a: Tyranitar\n|-supereffective|p2a: Tyranitar\n|-damage|p2a: Tyranitar|0 fnt\n|-unboost|p1a: Blaziken|def|1\n|-unboost|p1a: Blaziken|spd|1\n|faint|p2a: Tyranitar\n|\n|-weather|Sandstorm|[upkeep]\n|-damage|p1a: Blaziken|16\/100|[from] Sandstorm\n|-heal|p1a: Blaziken|22\/100|[from] item: Leftovers\n|-ability|p1a: Blaziken|Speed Boost|boost\n|-boost|p1a: Blaziken|spe|1\n|upkeep\n|\n|t:|1656173705\n|switch|p2a: Dragonite|Dragonite, F|100\/100\n|turn|12\n|\n|t:|1656173709\n|switch|p1a: Corviknight|Corviknight, M|100\/100\n|move|p2a: Dragonite|Extreme Speed|p1a: Corviknight\n|-resisted|p1a: Corviknight\n|-damage|p1a: Corviknight|85\/100\n|-damage|p2a: Dragonite|84\/100|[from] item: Rocky Helmet|[of] p1a: Corviknight\n|\n|-weather|Sandstorm|[upkeep]\n|-damage|p2a: Dragonite|78\/100|[from] Sandstorm\n|upkeep\n|turn|13\n|\n|t:|1656173715\n|switch|p2a: Buzzwole|Buzzwole|100\/100\n|move|p1a: Corviknight|U-turn|p2a: Buzzwole\n|-resisted|p2a: Buzzwole\n|-damage|p2a: Buzzwole|95\/100\n|\n|t:|1656173717\n|switch|p1a: Slowbro|Slowbro-Galar, M|97\/100|[from]move: U-turn\n|\n|-weather|Sandstorm|[upkeep]\n|-damage|p2a: Buzzwole|89\/100|[from] Sandstorm\n|-damage|p1a: Slowbro|91\/100|[from] Sandstorm\n|upkeep\n|turn|14\n|\n|t:|1656173721\n|move|p2a: Buzzwole|Earthquake|p1a: Slowbro\n|-supereffective|p1a: Slowbro\n|-damage|p1a: Slowbro|36\/100\n|move|p1a: Slowbro|Future Sight|p2a: Buzzwole\n|-start|p1a: Slowbro|move: Future Sight\n|\n|-weather|Sandstorm|[upkeep]\n|-damage|p2a: Buzzwole|82\/100|[from] Sandstorm\n|-damage|p1a: Slowbro|30\/100|[from] Sandstorm\n|upkeep\n|turn|15\n|\n|t:|1656173725\n|switch|p2a: Heatran|Heatran, M|88\/100\n|switch|p1a: Clefable|Clefable, F|100\/100\n|\n|-weather|none\n|upkeep\n|turn|16\n|\n|t:|1656173731\n|move|p1a: Clefable|Protect|p1a: Clefable\n|-singleturn|p1a: Clefable|Protect\n|move|p2a: Heatran|Eruption|p1a: Clefable\n|-activate|p1a: Clefable|move: Protect\n|\n|-end|p2a: Heatran|move: Future Sight\n|-resisted|p2a: Heatran\n|-damage|p2a: Heatran|66\/100\n|upkeep\n|turn|17\n|\n|t:|1656173736\n|move|p2a: Heatran|Eruption|p1a: Clefable\n|-damage|p1a: Clefable|22\/100\n|move|p1a: Clefable|Wish|p1a: Clefable\n|\n|-heal|p1a: Clefable|28\/100|[from] item: Leftovers\n|upkeep\n|turn|18\n|\n|t:|1656173742\n|move|p1a: Clefable|Protect|p1a: Clefable\n|-singleturn|p1a: Clefable|Protect\n|move|p2a: Heatran|Eruption|p1a: Clefable\n|-activate|p1a: Clefable|move: Protect\n|\n|-heal|p1a: Clefable|78\/100|[from] move: Wish|[wisher] Clefable\n|-heal|p1a: Clefable|84\/100|[from] item: Leftovers\n|upkeep\n|turn|19\n|\n|t:|1656173753\n|switch|p2a: Melmetal|Melmetal|67\/100\n|move|p1a: Clefable|Wish|p1a: Clefable\n|\n|-heal|p1a: Clefable|90\/100|[from] item: Leftovers\n|upkeep\n|turn|20\n|\n|t:|1656173763\n|switch|p1a: Seismitoad|Seismitoad, M|50\/100\n|move|p2a: Melmetal|Superpower|p1a: Seismitoad\n|-damage|p1a: Seismitoad|0 fnt\n|-unboost|p2a: Melmetal|atk|1\n|-unboost|p2a: Melmetal|def|1\n|faint|p1a: Seismitoad\n|\n|upkeep\n|j| Remwan\n|\n|t:|1656173768\n|switch|p1a: Blaziken|Blaziken, M|22\/100\n|turn|21\n|\n|t:|1656173773\n|switch|p2a: Dragonite|Dragonite, F|78\/100\n|move|p1a: Blaziken|Close Combat|p2a: Dragonite\n|-resisted|p2a: Dragonite\n|-damage|p2a: Dragonite|39\/100\n|-unboost|p1a: Blaziken|def|1\n|-unboost|p1a: Blaziken|spd|1\n|\n|-heal|p1a: Blaziken|28\/100|[from] item: Leftovers\n|-ability|p1a: Blaziken|Speed Boost|boost\n|-boost|p1a: Blaziken|spe|1\n|upkeep\n|turn|22\n|\n|t:|1656173781\n|switch|p1a: Corviknight|Corviknight, M|85\/100\n|switch|p2a: Heatran|Heatran, M|66\/100\n|\n|upkeep\n|turn|23\n|\n|t:|1656173786\n|switch|p1a: Slowbro|Slowbro-Galar, M|63\/100\n|move|p2a: Heatran|Magma Storm|p1a: Slowbro\n|-damage|p1a: Slowbro|0 fnt\n|faint|p1a: Slowbro\n|\n|upkeep\n|\n|t:|1656173787\n|switch|p1a: Blaziken|Blaziken, M|28\/100\n|turn|24\n|l| Remwan\n|j| havefun507\n|\n|t:|1656173793\n|move|p1a: Blaziken|Protect|p1a: Blaziken\n|-singleturn|p1a: Blaziken|Protect\n|move|p2a: Heatran|Magma Storm|p1a: Blaziken\n|-activate|p1a: Blaziken|move: Protect\n|\n|-heal|p1a: Blaziken|34\/100|[from] item: Leftovers\n|-ability|p1a: Blaziken|Speed Boost|boost\n|-boost|p1a: Blaziken|spe|1\n|upkeep\n|turn|25\n|\n|t:|1656173802\n|switch|p2a: Excadrill|Excadrill, M|29\/100\n|move|p1a: Blaziken|Close Combat|p2a: Excadrill\n|-supereffective|p2a: Excadrill\n|-damage|p2a: Excadrill|0 fnt\n|-unboost|p1a: Blaziken|def|1\n|-unboost|p1a: Blaziken|spd|1\n|faint|p2a: Excadrill\n|\n|-heal|p1a: Blaziken|40\/100|[from] item: Leftovers\n|-ability|p1a: Blaziken|Speed Boost|boost\n|-boost|p1a: Blaziken|spe|1\n|upkeep\n|\n|t:|1656173804\n|switch|p2a: Dragonite|Dragonite, F|39\/100\n|turn|26\n|\n|t:|1656173810\n|move|p1a: Blaziken|Protect|p1a: Blaziken\n|-singleturn|p1a: Blaziken|Protect\n|move|p2a: Dragonite|Extreme Speed|p1a: Blaziken\n|-activate|p1a: Blaziken|move: Protect\n|\n|-heal|p1a: Blaziken|46\/100|[from] item: Leftovers\n|-ability|p1a: Blaziken|Speed Boost|boost\n|-boost|p1a: Blaziken|spe|1\n|upkeep\n|turn|27\n|\n|t:|1656173818\n|switch|p1a: Corviknight|Corviknight, M|85\/100\n|move|p2a: Dragonite|Extreme Speed|p1a: Corviknight\n|-resisted|p1a: Corviknight\n|-damage|p1a: Corviknight|70\/100\n|-damage|p2a: Dragonite|23\/100|[from] item: Rocky Helmet|[of] p1a: Corviknight\n|\n|upkeep\n|turn|28\n|j| ncowemkvmwe\n|\n|t:|1656173823\n|switch|p2a: Buzzwole|Buzzwole|82\/100\n|move|p1a: Corviknight|U-turn|p2a: Buzzwole\n|-resisted|p2a: Buzzwole\n|-damage|p2a: Buzzwole|78\/100\n|\n|t:|1656173825\n|switch|p1a: Clefable|Clefable, F|90\/100|[from]move: U-turn\n|\n|-heal|p1a: Clefable|96\/100|[from] item: Leftovers\n|upkeep\n|turn|29\n|\n|t:|1656173835\n|switch|p2a: Heatran|Heatran, M|66\/100\n|switch|p1a: Blaziken|Blaziken, M|46\/100\n|\n|-heal|p1a: Blaziken|52\/100|[from] item: Leftovers\n|upkeep\n|turn|30\n|\n|t:|1656173842\n|switch|p2a: Buzzwole|Buzzwole|78\/100\n|move|p1a: Blaziken|Protect||[still]\n|-fail|p1a: Blaziken\n|\n|-heal|p1a: Blaziken|58\/100|[from] item: Leftovers\n|-ability|p1a: Blaziken|Speed Boost|boost\n|-boost|p1a: Blaziken|spe|1\n|upkeep\n|turn|31\n|\n|t:|1656173851\n|move|p2a: Buzzwole|Earthquake|p1a: Blaziken\n|-supereffective|p1a: Blaziken\n|-damage|p1a: Blaziken|0 fnt\n|faint|p1a: Blaziken\n|-ability|p2a: Buzzwole|Beast Boost|boost\n|-boost|p2a: Buzzwole|atk|1\n|\n|upkeep\n|\n|t:|1656173856\n|switch|p1a: Clefable|Clefable, F|96\/100\n|turn|32\n|-message|andrewm0n forfeited.\n|\n|win|trepYT\n|raw|andrewm0n's rating: 1792 &rarr; <strong>1773<\/strong><br \/>(-19 for losing)\n|raw|trepYT's rating: 1818 &rarr; <strong>1837<\/strong><br \/>(+19 for winning)\n|l|\u2606andrewm0n\n|l|\u203dtrepYT\n|l| ThisIsntHilarious\n","uploadtime":1656173891,"views":44,"p1id":"andrewm0n","p2id":"trepyt","formatid":"gen8ou","rating":1773,"private":0,"password":null}