{"id":"gen8ou-1702278925","p1":"minimax_ai","p2":"dracaufeu shiny","format":"gen8ou","log":"|j|\u2606minimax_ai\n|j|\u2606dracaufeu shiny\n|t:|1667528819\n|gametype|singles\n|player|p1|minimax_ai|lusamine-nihilego|1609\n|player|p2|dracaufeu shiny|red|1612\n|teamsize|p1|6\n|teamsize|p2|6\n|gen|8\n|tier|[Gen 8] OU\n|rated|\n|rule|Sleep Clause Mod: Limit one foe put to sleep\n|rule|Species Clause: Limit one of each Pok\u00e9mon\n|rule|OHKO Clause: OHKO moves are banned\n|rule|Evasion Items Clause: Evasion items are banned\n|rule|Evasion Moves Clause: Evasion moves are banned\n|rule|Endless Battle Clause: Forcing endless battles is banned\n|rule|HP Percentage Mod: HP is shown in percentages\n|rule|Dynamax Clause: You cannot dynamax\n|clearpoke\n|poke|p1|Rotom-Wash|\n|poke|p1|Weavile, M|\n|poke|p1|Landorus-Therian, M|\n|poke|p1|Heatran, M|\n|poke|p1|Tangrowth, F|\n|poke|p1|Melmetal|\n|poke|p2|Pelipper, F|\n|poke|p2|Tyranitar, F|\n|poke|p2|Ferrothorn, F|\n|poke|p2|Zapdos|\n|poke|p2|Urshifu-*, F|\n|poke|p2|Excadrill, M|\n|teampreview\n|c|\u2606minimax_ai|hf\n|inactive|Battle timer is ON: inactive players will automatically lose when time's up. (requested by minimax_ai)\n|\n|t:|1667528827\n|start\n|switch|p1a: Tangrowth|Tangrowth, F|100\/100\n|switch|p2a: Zapdos|Zapdos|100\/100\n|turn|1\n|\n|t:|1667528830\n|switch|p1a: landorustherian|Landorus-Therian, M|100\/100\n|-ability|p1a: landorustherian|Intimidate|boost\n|-unboost|p2a: Zapdos|atk|1\n|move|p2a: Zapdos|Hurricane|p1a: landorustherian\n|-damage|p1a: landorustherian|69\/100\n|-start|p1a: landorustherian|confusion\n|\n|-heal|p1a: landorustherian|75\/100|[from] item: Leftovers\n|upkeep\n|turn|2\n|\n|t:|1667528832\n|move|p2a: Zapdos|Hurricane|p1a: landorustherian\n|-damage|p1a: landorustherian|41\/100\n|-activate|p1a: landorustherian|confusion\n|move|p1a: landorustherian|Toxic|p2a: Zapdos\n|-status|p2a: Zapdos|tox\n|\n|-heal|p1a: landorustherian|47\/100|[from] item: Leftovers\n|-damage|p2a: Zapdos|94\/100 tox|[from] psn\n|upkeep\n|turn|3\n|\n|t:|1667528834\n|move|p2a: Zapdos|Hurricane|p1a: landorustherian\n|-damage|p1a: landorustherian|15\/100\n|-activate|p1a: landorustherian|confusion\n|-damage|p1a: landorustherian|2\/100|[from] confusion\n|\n|-heal|p1a: landorustherian|8\/100|[from] item: Leftovers\n|-damage|p2a: Zapdos|82\/100 tox|[from] psn\n|upkeep\n|turn|4\n|\n|t:|1667528837\n|move|p2a: Zapdos|Hurricane|p1a: landorustherian\n|-damage|p1a: landorustherian|0 fnt\n|faint|p1a: landorustherian\n|\n|-damage|p2a: Zapdos|64\/100 tox|[from] psn\n|upkeep\n|\n|t:|1667528837\n|switch|p1a: Heatran|Heatran, M|100\/100\n|-item|p1a: Heatran|Air Balloon\n|turn|5\n|\n|t:|1667528839\n|move|p2a: Zapdos|Volt Switch|p1a: Heatran\n|-damage|p1a: Heatran|69\/100\n|-enditem|p1a: Heatran|Air Balloon\n|\n|t:|1667528841\n|switch|p2a: Pelipper|Pelipper, F|100\/100|[from]move: Volt Switch\n|-weather|RainDance|[from] ability: Drizzle|[of] p2a: Pelipper\n|move|p1a: Heatran|Stealth Rock|p2a: Pelipper\n|-sidestart|p2: dracaufeu shiny|move: Stealth Rock\n|\n|-weather|RainDance|[upkeep]\n|upkeep\n|turn|6\n|\n|t:|1667528850\n|move|p1a: Heatran|Magma Storm|p2a: Pelipper\n|-resisted|p2a: Pelipper\n|-damage|p2a: Pelipper|79\/100\n|-activate|p2a: Pelipper|move: Magma Storm|[of] p1a: Heatran\n|move|p2a: Pelipper|U-turn|p1a: Heatran\n|-resisted|p1a: Heatran\n|-crit|p1a: Heatran\n|-damage|p1a: Heatran|66\/100\n|\n|t:|1667528855\n|switch|p2a: Urshifu|Urshifu-Rapid-Strike, F|100\/100|[from]move: U-turn\n|-damage|p2a: Urshifu|94\/100|[from] Stealth Rock\n|\n|-weather|RainDance|[upkeep]\n|upkeep\n|turn|7\n|\n|t:|1667528858\n|switch|p1a: Tangrowth|Tangrowth, F|100\/100\n|move|p2a: Urshifu|U-turn|p1a: Tangrowth\n|-supereffective|p1a: Tangrowth\n|-damage|p1a: Tangrowth|74\/100\n|-damage|p2a: Urshifu|78\/100|[from] item: Rocky Helmet|[of] p1a: Tangrowth\n|\n|t:|1667528860\n|switch|p2a: Ferrothorn|Ferrothorn, F|100\/100|[from]move: U-turn\n|-damage|p2a: Ferrothorn|94\/100|[from] Stealth Rock\n|\n|-weather|RainDance|[upkeep]\n|-heal|p2a: Ferrothorn|100\/100|[from] item: Leftovers\n|upkeep\n|turn|8\n|\n|t:|1667528863\n|move|p1a: Tangrowth|Focus Blast|p2a: Ferrothorn\n|-supereffective|p2a: Ferrothorn\n|-damage|p2a: Ferrothorn|49\/100\n|move|p2a: Ferrothorn|Stealth Rock|p1a: Tangrowth\n|-sidestart|p1: minimax_ai|move: Stealth Rock\n|\n|-weather|RainDance|[upkeep]\n|-heal|p2a: Ferrothorn|56\/100|[from] item: Leftovers\n|upkeep\n|turn|9\n|\n|t:|1667528865\n|move|p1a: Tangrowth|Giga Drain|p2a: Ferrothorn\n|-resisted|p2a: Ferrothorn\n|-damage|p2a: Ferrothorn|50\/100\n|-heal|p1a: Tangrowth|76\/100|[from] drain|[of] p2a: Ferrothorn\n|move|p2a: Ferrothorn|Knock Off|p1a: Tangrowth\n|-damage|p1a: Tangrowth|65\/100\n|-damage|p2a: Ferrothorn|33\/100|[from] item: Rocky Helmet|[of] p1a: Tangrowth\n|-enditem|p1a: Tangrowth|Rocky Helmet|[from] move: Knock Off|[of] p2a: Ferrothorn\n|\n|-weather|none\n|-heal|p2a: Ferrothorn|39\/100|[from] item: Leftovers\n|upkeep\n|turn|10\n|\n|t:|1667528868\n|move|p1a: Tangrowth|Focus Blast|p2a: Ferrothorn\n|-supereffective|p2a: Ferrothorn\n|-damage|p2a: Ferrothorn|0 fnt\n|faint|p2a: Ferrothorn\n|\n|upkeep\n|\n|t:|1667528874\n|switch|p2a: Excadrill|Excadrill, M|100\/100\n|-damage|p2a: Excadrill|97\/100|[from] Stealth Rock\n|turn|11\n|\n|t:|1667528876\n|move|p2a: Excadrill|Rapid Spin|p1a: Tangrowth\n|-damage|p1a: Tangrowth|56\/100\n|-boost|p2a: Excadrill|spe|1\n|-sideend|p2: dracaufeu shiny|Stealth Rock|[from] move: Rapid Spin|[of] p2a: Excadrill\n|move|p1a: Tangrowth|Giga Drain|p2a: Excadrill\n|-damage|p2a: Excadrill|59\/100\n|-heal|p1a: Tangrowth|73\/100|[from] drain|[of] p2a: Excadrill\n|\n|-heal|p2a: Excadrill|65\/100|[from] item: Leftovers\n|upkeep\n|turn|12\n|\n|t:|1667528878\n|move|p2a: Excadrill|Iron Head|p1a: Tangrowth\n|-damage|p1a: Tangrowth|50\/100\n|move|p1a: Tangrowth|Giga Drain|p2a: Excadrill\n|-damage|p2a: Excadrill|28\/100\n|-heal|p1a: Tangrowth|67\/100|[from] drain|[of] p2a: Excadrill\n|\n|-heal|p2a: Excadrill|34\/100|[from] item: Leftovers\n|upkeep\n|turn|13\n|\n|t:|1667528889\n|move|p2a: Excadrill|Iron Head|p1a: Tangrowth\n|-damage|p1a: Tangrowth|46\/100\n|cant|p1a: Tangrowth|flinch\n|\n|-heal|p2a: Excadrill|40\/100|[from] item: Leftovers\n|upkeep\n|turn|14\n|\n|t:|1667528894\n|move|p2a: Excadrill|Swords Dance|p2a: Excadrill\n|-boost|p2a: Excadrill|atk|2\n|move|p1a: Tangrowth|Giga Drain|p2a: Excadrill\n|-damage|p2a: Excadrill|2\/100\n|-heal|p1a: Tangrowth|63\/100|[from] drain|[of] p2a: Excadrill\n|\n|-heal|p2a: Excadrill|9\/100|[from] item: Leftovers\n|upkeep\n|turn|15\n|\n|t:|1667528896\n|move|p2a: Excadrill|Iron Head|p1a: Tangrowth\n|-damage|p1a: Tangrowth|21\/100\n|move|p1a: Tangrowth|Giga Drain|p2a: Excadrill\n|-damage|p2a: Excadrill|0 fnt\n|-heal|p1a: Tangrowth|25\/100|[from] drain|[of] p2a: Excadrill\n|faint|p2a: Excadrill\n|\n|upkeep\n|\n|t:|1667528907\n|switch|p2a: Urshifu|Urshifu-Rapid-Strike, F|78\/100\n|turn|16\n|\n|t:|1667528909\n|switch|p1a: rotomwash|Rotom-Wash|100\/100\n|-damage|p1a: rotomwash|88\/100|[from] Stealth Rock\n|move|p2a: Urshifu|Close Combat|p1a: rotomwash\n|-damage|p1a: rotomwash|19\/100\n|-unboost|p2a: Urshifu|def|1\n|-unboost|p2a: Urshifu|spd|1\n|\n|-heal|p1a: rotomwash|25\/100|[from] item: Leftovers\n|upkeep\n|turn|17\n|\n|t:|1667528911\n|switch|p1a: Tangrowth|Tangrowth, F|58\/100\n|-damage|p1a: Tangrowth|45\/100|[from] Stealth Rock\n|move|p2a: Urshifu|Close Combat|p1a: Tangrowth\n|-damage|p1a: Tangrowth|15\/100\n|-unboost|p2a: Urshifu|def|1\n|-unboost|p2a: Urshifu|spd|1\n|\n|upkeep\n|turn|18\n|\n|t:|1667528913\n|switch|p1a: Heatran|Heatran, M|66\/100\n|-damage|p1a: Heatran|53\/100|[from] Stealth Rock\n|move|p2a: Urshifu|Close Combat|p1a: Heatran\n|-supereffective|p1a: Heatran\n|-damage|p1a: Heatran|0 fnt\n|-unboost|p2a: Urshifu|def|1\n|-unboost|p2a: Urshifu|spd|1\n|faint|p1a: Heatran\n|\n|upkeep\n|\n|t:|1667528913\n|switch|p1a: Weavile|Weavile, M|100\/100\n|-damage|p1a: Weavile|76\/100|[from] Stealth Rock\n|-ability|p1a: Weavile|Pressure\n|turn|19\n|\n|t:|1667528916\n|move|p2a: Urshifu|Close Combat|p1a: Weavile\n|-supereffective|p1a: Weavile\n|-damage|p1a: Weavile|0 fnt\n|-unboost|p2a: Urshifu|def|1\n|-unboost|p2a: Urshifu|spd|1\n|faint|p1a: Weavile\n|\n|upkeep\n|\n|t:|1667528916\n|switch|p1a: Melmetal|Melmetal|100\/100\n|-damage|p1a: Melmetal|94\/100|[from] Stealth Rock\n|turn|20\n|\n|t:|1667528921\n|switch|p2a: Zapdos|Zapdos|64\/100 tox\n|move|p1a: Melmetal|Double Iron Bash|p2a: Zapdos\n|-resisted|p2a: Zapdos\n|-damage|p2a: Zapdos|46\/100 tox\n|-resisted|p2a: Zapdos\n|-damage|p2a: Zapdos|29\/100 tox\n|-status|p1a: Melmetal|par|[from] ability: Static|[of] p2a: Zapdos\n|-hitcount|p2a: Zapdos|2\n|\n|-damage|p2a: Zapdos|23\/100 tox|[from] psn\n|upkeep\n|turn|21\n|\n|t:|1667528924\n|move|p2a: Zapdos|Discharge|p1a: Melmetal\n|-crit|p1a: Melmetal\n|-damage|p1a: Melmetal|68\/100 par\n|cant|p1a: Melmetal|par\n|\n|-damage|p2a: Zapdos|11\/100 tox|[from] psn\n|upkeep\n|turn|22\n|\n|t:|1667528926\n|move|p2a: Zapdos|Discharge|p1a: Melmetal\n|-damage|p1a: Melmetal|49\/100 par\n|move|p1a: Melmetal|Earthquake|p2a: Zapdos\n|-immune|p2a: Zapdos\n|\n|-damage|p2a: Zapdos|0 fnt|[from] psn\n|faint|p2a: Zapdos\n|upkeep\n|\n|t:|1667528937\n|switch|p2a: Tyranitar|Tyranitar, F|100\/100\n|-weather|Sandstorm|[from] ability: Sand Stream|[of] p2a: Tyranitar\n|turn|23\n|\n|t:|1667528939\n|switch|p1a: rotomwash|Rotom-Wash|25\/100\n|-damage|p1a: rotomwash|13\/100|[from] Stealth Rock\n|move|p2a: Tyranitar|Crunch|p1a: rotomwash\n|-damage|p1a: rotomwash|0 fnt\n|faint|p1a: rotomwash\n|\n|-weather|Sandstorm|[upkeep]\n|upkeep\n|\n|t:|1667528939\n|switch|p1a: Melmetal|Melmetal|49\/100 par\n|-damage|p1a: Melmetal|43\/100 par|[from] Stealth Rock\n|turn|24\n|\n|t:|1667528941\n|move|p2a: Tyranitar|Crunch|p1a: Melmetal\n|-damage|p1a: Melmetal|6\/100 par\n|-unboost|p1a: Melmetal|def|1\n|cant|p1a: Melmetal|par\n|\n|-weather|Sandstorm|[upkeep]\n|upkeep\n|turn|25\n|\n|t:|1667528944\n|move|p2a: Tyranitar|Crunch|p1a: Melmetal\n|-damage|p1a: Melmetal|0 fnt\n|faint|p1a: Melmetal\n|\n|-weather|Sandstorm|[upkeep]\n|upkeep\n|\n|t:|1667528944\n|switch|p1a: Tangrowth|Tangrowth, F|49\/100\n|-damage|p1a: Tangrowth|36\/100|[from] Stealth Rock\n|turn|26\n|\n|t:|1667528945\n|move|p2a: Tyranitar|Crunch|p1a: Tangrowth\n|-damage|p1a: Tangrowth|2\/100\n|move|p1a: Tangrowth|Giga Drain|p2a: Tyranitar\n|-supereffective|p2a: Tyranitar\n|-damage|p2a: Tyranitar|63\/100\n|-heal|p1a: Tangrowth|18\/100|[from] drain|[of] p2a: Tyranitar\n|\n|-weather|Sandstorm|[upkeep]\n|-damage|p1a: Tangrowth|12\/100|[from] Sandstorm\n|upkeep\n|turn|27\n|\n|t:|1667528947\n|move|p2a: Tyranitar|Crunch|p1a: Tangrowth\n|-damage|p1a: Tangrowth|0 fnt\n|faint|p1a: Tangrowth\n|\n|win|dracaufeu shiny\n|raw|minimax_ai's rating: 1609 &rarr; <strong>1589<\/strong><br \/>(-20 for losing)\n|raw|dracaufeu shiny's rating: 1612 &rarr; <strong>1632<\/strong><br \/>(+20 for winning)\n|c|\u2606minimax_ai|gg\n","uploadtime":1667528949,"views":5,"p1id":"minimaxai","p2id":"dracaufeushiny","formatid":"gen8ou","rating":1589,"private":0,"password":null}