{"id":"gen8ou-1027648517","p1":"SkuullK","p2":"Del chef","format":"gen8ou","log":"|j|\u2606SkuullK\n|j|\u2606Del chef\n|player|p1|SkuullK|150|1341\n|player|p2|Del chef|266|1389\n|teamsize|p1|6\n|teamsize|p2|6\n|gametype|singles\n|gen|8\n|tier|[Gen 8] OU\n|rated|\n|rule|Sleep Clause Mod: Limit one foe put to sleep\n|rule|Species Clause: Limit one of each Pok\u00e9mon\n|rule|OHKO Clause: OHKO moves are banned\n|rule|Evasion Moves Clause: Evasion moves are banned\n|rule|Endless Battle Clause: Forcing endless battles is banned\n|rule|HP Percentage Mod: HP is shown in percentages\n|clearpoke\n|poke|p1|Gengar, F|\n|poke|p1|Hydreigon, M|\n|poke|p1|Mamoswine, F|\n|poke|p1|Durant, F|\n|poke|p1|Mandibuzz, F|\n|poke|p1|Clefable, M|\n|poke|p2|Aegislash, M|\n|poke|p2|Hydreigon, F|\n|poke|p2|Clefable, M|\n|poke|p2|Orbeetle, M|\n|poke|p2|Rillaboom, M|\n|poke|p2|Seismitoad, M|\n|teampreview\n|\n|start\n|switch|p1a: Mamoswine|Mamoswine, F|100\/100\n|switch|p2a: Hydreigon|Hydreigon, F|100\/100\n|turn|1\n|\n|move|p2a: Hydreigon|U-turn|p1a: Mamoswine\n|-damage|p1a: Mamoswine|82\/100\n|\n|switch|p2a: Clefable|Clefable, M|100\/100|[from]move: U-turn\n|move|p1a: Mamoswine|Icicle Crash|p2a: Clefable\n|-damage|p2a: Clefable|47\/100\n|\n|upkeep\n|turn|2\n|\n|move|p1a: Mamoswine|Stealth Rock|p2a: Clefable\n|-sidestart|p2: Del chef|move: Stealth Rock\n|move|p2a: Clefable|Moonblast|p1a: Mamoswine\n|-crit|p1a: Mamoswine\n|-damage|p1a: Mamoswine|0 fnt\n|faint|p1a: Mamoswine\n|\n|upkeep\n|\n|switch|p1a: Gengar|Gengar, F|100\/100\n|turn|3\n|\n|move|p1a: Gengar|Sludge Bomb|p2a: Clefable\n|-supereffective|p2a: Clefable\n|-damage|p2a: Clefable|0 fnt\n|faint|p2a: Clefable\n|\n|upkeep\n|\n|switch|p2a: Hydreigon|Hydreigon, F|100\/100\n|-damage|p2a: Hydreigon|88\/100|[from] Stealth Rock\n|turn|4\n|\n|switch|p1a: Mandibuzz|Mandibuzz, F|100\/100\n|move|p2a: Hydreigon|U-turn|p1a: Mandibuzz\n|-damage|p1a: Mandibuzz|90\/100\n|\n|switch|p2a: Orbeetle|Orbeetle, M|100\/100|[from]move: U-turn\n|-damage|p2a: Orbeetle|76\/100|[from] Stealth Rock\n|\n|-heal|p1a: Mandibuzz|96\/100|[from] item: Leftovers\n|upkeep\n|turn|5\n|\n|move|p2a: Orbeetle|Sticky Web|p1a: Mandibuzz\n|-sidestart|p1: SkuullK|move: Sticky Web\n|move|p1a: Mandibuzz|Knock Off|p2a: Orbeetle\n|-supereffective|p2a: Orbeetle\n|-damage|p2a: Orbeetle|29\/100\n|-enditem|p2a: Orbeetle|Light Clay|[from] move: Knock Off|[of] p1a: Mandibuzz\n|\n|-heal|p1a: Mandibuzz|100\/100|[from] item: Leftovers\n|upkeep\n|turn|6\n|\n|move|p2a: Orbeetle|Light Screen|p2a: Orbeetle\n|-sidestart|p2: Del chef|move: Light Screen\n|move|p1a: Mandibuzz|Defog|p2a: Orbeetle\n|-unboost|p2a: Orbeetle|evasion|1\n|-sideend|p2: Del chef|move: Light Screen\n|-sideend|p2: Del chef|Stealth Rock|[from] move: Defog|[of] p1a: Mandibuzz\n|-sideend|p1: SkuullK|Sticky Web|[from] move: Defog|[of] p1a: Mandibuzz\n|\n|upkeep\n|turn|7\n|\n|move|p2a: Orbeetle|U-turn|p1a: Mandibuzz\n|-damage|p1a: Mandibuzz|86\/100\n|\n|switch|p2a: Seismitoad|Seismitoad, M|100\/100|[from]move: U-turn\n|move|p1a: Mandibuzz|Knock Off|p2a: Seismitoad\n|-damage|p2a: Seismitoad|74\/100\n|-enditem|p2a: Seismitoad|Leftovers|[from] move: Knock Off|[of] p1a: Mandibuzz\n|\n|-heal|p1a: Mandibuzz|92\/100|[from] item: Leftovers\n|upkeep\n|turn|8\n|\n|switch|p1a: Clefable|Clefable, M|100\/100\n|move|p2a: Seismitoad|Toxic|p1a: Clefable\n|-status|p1a: Clefable|tox\n|\n|upkeep\n|turn|9\n|\n|switch|p2a: Aegislash|Aegislash, M|100\/100\n|move|p1a: Clefable|Calm Mind|p1a: Clefable\n|-boost|p1a: Clefable|spa|1\n|-boost|p1a: Clefable|spd|1\n|\n|upkeep\n|turn|10\n|\n|-start|p1a: Clefable|Dynamax\n|-heal|p1a: Clefable|100\/100 tox|[silent]\n|move|p1a: Clefable|Max Flare|p2a: Aegislash\n|-supereffective|p2a: Aegislash\n|-damage|p2a: Aegislash|0 fnt\n|-weather|SunnyDay\n|faint|p2a: Aegislash\n|\n|-weather|SunnyDay|[upkeep]\n|upkeep\n|\n|switch|p2a: Orbeetle|Orbeetle, M|29\/100\n|turn|11\n|\n|move|p2a: Orbeetle|Sticky Web|p1a: Clefable\n|-sidestart|p1: SkuullK|move: Sticky Web\n|move|p1a: Clefable|Max Flare|p2a: Orbeetle\n|-supereffective|p2a: Orbeetle\n|-crit|p2a: Orbeetle\n|-damage|p2a: Orbeetle|0 fnt\n|faint|p2a: Orbeetle\n|\n|-weather|SunnyDay|[upkeep]\n|upkeep\n|\n|switch|p2a: Rillaboom|Rillaboom, M|100\/100\n|turn|12\n|\n|switch|p2a: Hydreigon|Hydreigon, F|88\/100\n|move|p1a: Clefable|Max Flare|p2a: Hydreigon\n|-resisted|p2a: Hydreigon\n|-damage|p2a: Hydreigon|21\/100\n|\n|-weather|SunnyDay|[upkeep]\n|-end|p1a: Clefable|Dynamax\n|-heal|p1a: Clefable|100\/100 tox|[silent]\n|upkeep\n|turn|13\n|\n|move|p2a: Hydreigon|U-turn|p1a: Clefable\n|-resisted|p1a: Clefable\n|-damage|p1a: Clefable|92\/100 tox\n|\n|switch|p2a: Rillaboom|Rillaboom, M|100\/100|[from]move: U-turn\n|move|p1a: Clefable|Moonblast|p2a: Rillaboom\n|-damage|p2a: Rillaboom|0 fnt\n|faint|p2a: Rillaboom\n|\n|-weather|SunnyDay|[upkeep]\n|upkeep\n|-message|Del chef forfeited.\n|\n|win|SkuullK\n|l|\u2606Del chef\n|raw|SkuullK's rating: 1341 &rarr; <strong>1364<\/strong><br \/>(+23 for winning)\n|raw|Del chef's rating: 1389 &rarr; <strong>1366<\/strong><br \/>(-23 for losing)\n","uploadtime":1576060911,"views":7,"p1id":"skuullk","p2id":"delchef","formatid":"gen8ou","rating":1364,"private":0,"password":null}