{"id":"gen8nationaldexmonotype-1538988541","p1":"Percy_Gekkouga77","p2":"Eclipse77","format":"gen8nationaldexmonotype","log":"|j|\u2606Percy_Gekkouga77\n|j|\u2606Eclipse77\n|t:|1648268028\n|gametype|singles\n|player|p1|Percy_Gekkouga77|leon|1406\n|player|p2|Eclipse77|hilda-wonderlauncher|1444\n|teamsize|p1|6\n|teamsize|p2|6\n|gen|8\n|tier|[Gen 8] National Dex Monotype\n|rated|\n|rule|HP Percentage Mod: HP is shown in percentages\n|rule|Endless Battle Clause: Forcing endless battles is banned\n|rule|Same Type Clause: Pok\u00e9mon in a team must share a type\n|rule|Species Clause: Limit one of each Pok\u00e9mon\n|rule|OHKO Clause: OHKO moves are banned\n|rule|Evasion Moves Clause: Evasion moves are banned\n|rule|Dynamax Clause: You cannot dynamax\n|rule|Sleep Clause Mod: Limit one foe put to sleep\n|clearpoke\n|poke|p1|Corviknight, M|\n|poke|p1|Excadrill, F|\n|poke|p1|Heatran, F|\n|poke|p1|Scizor, M|\n|poke|p1|Melmetal|\n|poke|p1|Aegislash, M|\n|poke|p2|Greninja, M|\n|poke|p2|Pelipper, M|\n|poke|p2|Toxapex, M|\n|poke|p2|Urshifu-*, F|\n|poke|p2|Slowking, M|\n|poke|p2|Swampert, M|\n|teampreview\n|inactive|Battle timer is ON: inactive players will automatically lose when time's up. (requested by Percy_Gekkouga77)\n|j| Onevi\n|l| Onevi\n|\n|t:|1648268039\n|start\n|switch|p1a: Melmetal|Melmetal, shiny|100\/100\n|switch|p2a: Pelipper|Pelipper, M|100\/100\n|-weather|RainDance|[from] ability: Drizzle|[of] p2a: Pelipper\n|turn|1\n|\n|t:|1648268047\n|switch|p2a: Swampert|Swampert, M|100\/100\n|move|p1a: Melmetal|Superpower|p2a: Swampert\n|-damage|p2a: Swampert|51\/100\n|-unboost|p1a: Melmetal|atk|1\n|-unboost|p1a: Melmetal|def|1\n|\n|-weather|RainDance|[upkeep]\n|upkeep\n|turn|2\n|\n|t:|1648268055\n|switch|p1a: Corviknight|Corviknight, M, shiny|100\/100\n|detailschange|p2a: Swampert|Swampert-Mega, M\n|-mega|p2a: Swampert|Swampert|Swampertite\n|move|p2a: Swampert|Waterfall|p1a: Corviknight\n|-damage|p1a: Corviknight|52\/100\n|-damage|p2a: Swampert|35\/100|[from] item: Rocky Helmet|[of] p1a: Corviknight\n|\n|-weather|RainDance|[upkeep]\n|upkeep\n|turn|3\n|\n|t:|1648268061\n|move|p2a: Swampert|Stealth Rock|p1a: Corviknight\n|-sidestart|p1: Percy_Gekkouga77|move: Stealth Rock\n|move|p1a: Corviknight|Roost|p1a: Corviknight\n|-heal|p1a: Corviknight|100\/100\n|-singleturn|p1a: Corviknight|move: Roost\n|\n|-weather|RainDance|[upkeep]\n|upkeep\n|turn|4\n|\n|t:|1648268065\n|switch|p2a: Pelipper|Pelipper, M|100\/100\n|move|p1a: Corviknight|Defog|p2a: Pelipper\n|-unboost|p2a: Pelipper|evasion|1\n|-sideend|p1: Percy_Gekkouga77|Stealth Rock|[from] move: Defog|[of] p1a: Corviknight\n|\n|-weather|RainDance|[upkeep]\n|upkeep\n|turn|5\n|\n|t:|1648268071\n|move|p2a: Pelipper|Hydro Pump|p1a: Corviknight|[miss]\n|-miss|p2a: Pelipper|p1a: Corviknight\n|move|p1a: Corviknight|U-turn|p2a: Pelipper\n|-resisted|p2a: Pelipper\n|-damage|p2a: Pelipper|92\/100\n|\n|t:|1648268075\n|switch|p1a: Aegislash|Aegislash, M, shiny|100\/100|[from]move: U-turn\n|\n|-weather|none\n|upkeep\n|turn|6\n|\n|t:|1648268080\n|switch|p2a: Toxapex|Toxapex, M|100\/100\n|-formechange|p1a: Aegislash|Aegislash-Blade||[from] ability: Stance Change\n|move|p1a: Aegislash|Shadow Claw|p2a: Toxapex\n|-damage|p2a: Toxapex|75\/100\n|\n|-heal|p2a: Toxapex|81\/100|[from] item: Black Sludge\n|upkeep\n|turn|7\n|\n|t:|1648268083\n|switch|p1a: Heatran|Heatran, F|100\/100\n|move|p2a: Toxapex|Scald|p1a: Heatran\n|-supereffective|p1a: Heatran\n|-damage|p1a: Heatran|77\/100\n|\n|-heal|p1a: Heatran|83\/100|[from] item: Leftovers\n|-heal|p2a: Toxapex|87\/100|[from] item: Black Sludge\n|upkeep\n|turn|8\n|\n|t:|1648268086\n|switch|p2a: Slowking|Slowking, M|100\/100\n|move|p1a: Heatran|Magma Storm|p2a: Slowking\n|-resisted|p2a: Slowking\n|-damage|p2a: Slowking|87\/100\n|-activate|p2a: Slowking|move: Magma Storm|[of] p1a: Heatran\n|\n|-heal|p1a: Heatran|90\/100|[from] item: Leftovers\n|-damage|p2a: Slowking|75\/100|[from] move: Magma Storm|[partiallytrapped]\n|upkeep\n|turn|9\n|\n|t:|1648268089\n|move|p1a: Heatran|Taunt|p2a: Slowking\n|-start|p2a: Slowking|move: Taunt\n|move|p2a: Slowking|Scald|p1a: Heatran\n|-supereffective|p1a: Heatran\n|-damage|p1a: Heatran|55\/100\n|\n|-heal|p1a: Heatran|61\/100|[from] item: Leftovers\n|-damage|p2a: Slowking|62\/100|[from] move: Magma Storm|[partiallytrapped]\n|upkeep\n|turn|10\n|\n|t:|1648268091\n|move|p1a: Heatran|Toxic|p2a: Slowking\n|-status|p2a: Slowking|tox\n|move|p2a: Slowking|Scald|p1a: Heatran\n|-supereffective|p1a: Heatran\n|-damage|p1a: Heatran|25\/100\n|\n|-heal|p1a: Heatran|32\/100|[from] item: Leftovers\n|-damage|p2a: Slowking|56\/100 tox|[from] psn\n|-damage|p2a: Slowking|44\/100 tox|[from] move: Magma Storm|[partiallytrapped]\n|upkeep\n|turn|11\n|\n|t:|1648268094\n|switch|p1a: Corviknight|Corviknight, M, shiny|100\/100\n|move|p2a: Slowking|Scald|p1a: Corviknight\n|-damage|p1a: Corviknight|77\/100\n|\n|-damage|p2a: Slowking|31\/100 tox|[from] psn\n|-end|p2a: Slowking|Magma Storm|[partiallytrapped]|[silent]\n|-end|p2a: Slowking|move: Taunt\n|upkeep\n|turn|12\n|\n|t:|1648268098\n|switch|p2a: Toxapex|Toxapex, M|100\/100\n|move|p1a: Corviknight|U-turn|p2a: Toxapex\n|-resisted|p2a: Toxapex\n|-damage|p2a: Toxapex|96\/100\n|\n|t:|1648268100\n|switch|p1a: Heatran|Heatran, F|32\/100|[from]move: U-turn\n|\n|-heal|p1a: Heatran|38\/100|[from] item: Leftovers\n|-heal|p2a: Toxapex|100\/100|[from] item: Black Sludge\n|upkeep\n|turn|13\n|\n|t:|1648268106\n|switch|p1a: Corviknight|Corviknight, M, shiny|77\/100\n|move|p2a: Toxapex|Scald|p1a: Corviknight\n|-damage|p1a: Corviknight|61\/100\n|\n|upkeep\n|turn|14\n|\n|t:|1648268108\n|move|p1a: Corviknight|U-turn|p2a: Toxapex\n|-resisted|p2a: Toxapex\n|-damage|p2a: Toxapex|97\/100\n|\n|t:|1648268113\n|switch|p1a: Aegislash|Aegislash, M, shiny|100\/100|[from]move: U-turn\n|move|p2a: Toxapex|Scald|p1a: Aegislash\n|-damage|p1a: Aegislash|87\/100\n|-status|p1a: Aegislash|brn\n|\n|-heal|p1a: Aegislash|93\/100 brn|[from] item: Leftovers\n|-heal|p2a: Toxapex|100\/100|[from] item: Black Sludge\n|-damage|p1a: Aegislash|87\/100 brn|[from] brn\n|upkeep\n|turn|15\n|\n|t:|1648268117\n|switch|p1a: Scizor|Scizor, M|100\/100\n|move|p2a: Toxapex|Scald|p1a: Scizor\n|-damage|p1a: Scizor|82\/100\n|\n|upkeep\n|turn|16\n|\n|t:|1648268120\n|detailschange|p1a: Scizor|Scizor-Mega, M\n|-mega|p1a: Scizor|Scizor|Scizorite\n|move|p1a: Scizor|Swords Dance|p1a: Scizor\n|-boost|p1a: Scizor|atk|2\n|move|p2a: Toxapex|Scald|p1a: Scizor\n|-damage|p1a: Scizor|66\/100\n|\n|upkeep\n|turn|17\n|\n|t:|1648268122\n|move|p1a: Scizor|Dual Wingbeat|p2a: Toxapex\n|-damage|p2a: Toxapex|70\/100\n|-damage|p2a: Toxapex|41\/100\n|-hitcount|p2a: Toxapex|2\n|move|p2a: Toxapex|Haze|p2a: Toxapex\n|-clearallboost\n|\n|-heal|p2a: Toxapex|47\/100|[from] item: Black Sludge\n|upkeep\n|turn|18\n|\n|t:|1648268127\n|switch|p2a: Pelipper|Pelipper, M|92\/100\n|-weather|RainDance|[from] ability: Drizzle|[of] p2a: Pelipper\n|move|p1a: Scizor|Swords Dance|p1a: Scizor\n|-boost|p1a: Scizor|atk|2\n|\n|-weather|RainDance|[upkeep]\n|upkeep\n|turn|19\n|\n|t:|1648268134\n|move|p2a: Pelipper|Hydro Pump|p1a: Scizor\n|-damage|p1a: Scizor|0 fnt\n|faint|p1a: Scizor\n|\n|-weather|RainDance|[upkeep]\n|upkeep\n|-message|Percy_Gekkouga77 forfeited.\n|\n|win|Eclipse77\n|raw|Percy_Gekkouga77's rating: 1406 &rarr; <strong>1388<\/strong><br \/>(-18 for losing)\n|raw|Eclipse77's rating: 1444 &rarr; <strong>1462<\/strong><br \/>(+18 for winning)\n|l|\u2606Percy_Gekkouga77\n","uploadtime":1648268141,"views":12,"p1id":"percygekkouga77","p2id":"eclipse77","formatid":"gen8nationaldexmonotype","rating":1388,"private":0,"password":null}