{"id":"gen8ou-1372812693","p1":"RTSG tests","p2":"Lt81yl fusien","format":"gen8ou","log":"|raw|<div class=\"broadcast-blue\"><strong>This battle is required to be public due to a player having a name starting with 'lt81yl'.<\/div>\n|j|\u2606RTSG tests\n|j|\u2606Lt81yl fusien\n|t:|1625736395\n|gametype|singles\n|player|p1|RTSG tests|ramos|1704\n|player|p2|Lt81yl fusien|yellow|1817\n|teamsize|p1|6\n|teamsize|p2|6\n|gen|8\n|tier|[Gen 8] OU\n|rated|\n|rule|Sleep Clause Mod: Limit one foe put to sleep\n|rule|Species Clause: Limit one of each Pok\u00e9mon\n|rule|OHKO Clause: OHKO moves are banned\n|rule|Evasion Moves Clause: Evasion moves are banned\n|rule|Endless Battle Clause: Forcing endless battles is banned\n|rule|HP Percentage Mod: HP is shown in percentages\n|rule|Dynamax Clause: You cannot dynamax\n|clearpoke\n|poke|p1|Sceptile, M|\n|poke|p1|Salamence, F|\n|poke|p1|Excadrill, M|\n|poke|p1|Tapu Koko|\n|poke|p1|Magnezone|\n|poke|p1|Weavile, F|\n|poke|p2|Dragonite, M|\n|poke|p2|Rotom-Wash|\n|poke|p2|Melmetal|\n|poke|p2|Weavile, F|\n|poke|p2|Landorus-Therian, M|\n|poke|p2|Volcarona, F|\n|teampreview\n|inactive|Battle timer is ON: inactive players will automatically lose when time's up. (requested by Lt81yl fusien)\n|c|\u2606Lt81yl fusien|Hf\n|c|\u2606RTSG tests|yt\n|j| HomelessEmporer\n|l| HomelessEmporer\n|j| HomelessEmporer\n|l| HomelessEmporer\n|inactive|Lt81yl fusien has 120 seconds left.\n|\n|t:|1625736442\n|start\n|switch|p1a: Tapu Koko|Tapu Koko|100\/100\n|switch|p2a: Weavile|Weavile, F|100\/100\n|-fieldstart|move: Electric Terrain|[from] ability: Electric Surge|[of] p1a: Tapu Koko\n|-ability|p2a: Weavile|Pressure\n|turn|1\n|\n|t:|1625736448\n|switch|p2a: Landorus|Landorus-Therian, M, shiny|100\/100\n|-ability|p2a: Landorus|Intimidate|boost\n|-unboost|p1a: Tapu Koko|atk|1\n|move|p1a: Tapu Koko|Reflect|p1a: Tapu Koko\n|-sidestart|p1: RTSG tests|Reflect\n|\n|upkeep\n|turn|2\n|\n|t:|1625736477\n|move|p1a: Tapu Koko|Taunt|p2a: Landorus\n|-start|p2a: Landorus|move: Taunt\n|cant|p2a: Landorus|move: Taunt|Stealth Rock\n|\n|upkeep\n|turn|3\n|\n|t:|1625736483\n|switch|p1a: Salamence|Salamence, F|100\/100\n|move|p2a: Landorus|U-turn|p1a: Salamence\n|-resisted|p1a: Salamence\n|-damage|p1a: Salamence|94\/100\n|\n|t:|1625736487\n|switch|p2a: Weavile|Weavile, F|100\/100|[from]move: U-turn\n|-ability|p2a: Weavile|Pressure\n|\n|upkeep\n|turn|4\n|\n|t:|1625736490\n|switch|p1a: Magnezone|Magnezone|100\/100\n|move|p2a: Weavile|Icicle Crash|p1a: Magnezone|[miss]\n|-miss|p2a: Weavile|p1a: Magnezone\n|\n|upkeep\n|turn|5\n|\n|t:|1625736497\n|switch|p2a: Landorus|Landorus-Therian, M, shiny|100\/100\n|-ability|p2a: Landorus|Intimidate|boost\n|-unboost|p1a: Magnezone|atk|1\n|switch|p1a: Excadrill|Excadrill, M|100\/100\n|-ability|p1a: Excadrill|Mold Breaker\n|\n|-fieldend|move: Electric Terrain\n|upkeep\n|turn|6\n|\n|t:|1625736502\n|move|p1a: Excadrill|Rapid Spin|p2a: Landorus\n|-crit|p2a: Landorus\n|-damage|p2a: Landorus|82\/100\n|-boost|p1a: Excadrill|spe|1\n|move|p2a: Landorus|Earthquake|p1a: Excadrill\n|-supereffective|p1a: Excadrill\n|-damage|p1a: Excadrill|31\/100\n|\n|-heal|p2a: Landorus|88\/100|[from] item: Leftovers\n|upkeep\n|turn|7\n|\n|t:|1625736506\n|move|p1a: Excadrill|Stealth Rock|p2a: Landorus\n|-sidestart|p2: Lt81yl fusien|move: Stealth Rock\n|move|p2a: Landorus|Earthquake|p1a: Excadrill\n|-supereffective|p1a: Excadrill\n|-damage|p1a: Excadrill|0 fnt\n|faint|p1a: Excadrill\n|\n|-heal|p2a: Landorus|94\/100|[from] item: Leftovers\n|upkeep\n|\n|t:|1625736511\n|switch|p1a: Weavile|Weavile, F|100\/100\n|-ability|p1a: Weavile|Pressure\n|turn|8\n|\n|t:|1625736514\n|move|p1a: Weavile|Triple Axel|p2a: Landorus\n|-supereffective|p2a: Landorus\n|-damage|p2a: Landorus|50\/100\n|-supereffective|p2a: Landorus\n|-damage|p2a: Landorus|0 fnt\n|faint|p2a: Landorus\n|-hitcount|p2: Landorus|2\n|\n|-sideend|p1: RTSG tests|Reflect\n|upkeep\n|\n|t:|1625736520\n|switch|p2a: Melmetal|Melmetal, shiny|100\/100\n|-damage|p2a: Melmetal|94\/100|[from] Stealth Rock\n|turn|9\n|\n|t:|1625736528\n|switch|p1a: Salamence|Salamence, F|94\/100\n|move|p2a: Melmetal|Earthquake|p1a: Salamence\n|-immune|p1a: Salamence\n|\n|upkeep\n|turn|10\n|\n|t:|1625736536\n|switch|p1a: Magnezone|Magnezone|100\/100\n|move|p2a: Melmetal|Double Iron Bash|p1a: Magnezone\n|-resisted|p1a: Magnezone\n|-damage|p1a: Magnezone|89\/100\n|-resisted|p1a: Magnezone\n|-damage|p1a: Magnezone|78\/100\n|-hitcount|p1a: Magnezone|2\n|\n|upkeep\n|turn|11\n|\n|t:|1625736544\n|move|p1a: Magnezone|Thunderbolt|p2a: Melmetal\n|-damage|p2a: Melmetal|57\/100\n|move|p2a: Melmetal|Earthquake|p1a: Magnezone\n|-supereffective|p1a: Magnezone\n|-damage|p1a: Magnezone|0 fnt\n|faint|p1a: Magnezone\n|\n|upkeep\n|\n|t:|1625736550\n|switch|p1a: Tapu Koko|Tapu Koko|100\/100\n|-fieldstart|move: Electric Terrain|[from] ability: Electric Surge|[of] p1a: Tapu Koko\n|turn|12\n|\n|t:|1625736553\n|move|p1a: Tapu Koko|Reflect|p1a: Tapu Koko\n|-sidestart|p1: RTSG tests|Reflect\n|move|p2a: Melmetal|Double Iron Bash|p1a: Tapu Koko\n|-damage|p1a: Tapu Koko|80\/100\n|-damage|p1a: Tapu Koko|58\/100\n|-hitcount|p1a: Tapu Koko|2\n|\n|upkeep\n|turn|13\n|\n|t:|1625736557\n|move|p1a: Tapu Koko|Volt Switch|p2a: Melmetal\n|-damage|p2a: Melmetal|41\/100\n|\n|t:|1625736561\n|switch|p1a: Salamence|Salamence, F|94\/100|[from]move: Volt Switch\n|move|p2a: Melmetal|Double Iron Bash|p1a: Salamence\n|-damage|p1a: Salamence|69\/100\n|-damage|p1a: Salamence|44\/100\n|-hitcount|p1a: Salamence|2\n|\n|upkeep\n|turn|14\n|\n|t:|1625736566\n|move|p1a: Salamence|Earthquake|p2a: Melmetal\n|-supereffective|p2a: Melmetal\n|-damage|p2a: Melmetal|0 fnt\n|faint|p2a: Melmetal\n|-ability|p1a: Salamence|Moxie|boost\n|-boost|p1a: Salamence|atk|1\n|\n|upkeep\n|\n|t:|1625736568\n|switch|p2a: Weavile|Weavile, F|100\/100\n|-damage|p2a: Weavile|76\/100|[from] Stealth Rock\n|-ability|p2a: Weavile|Pressure\n|turn|15\n|\n|t:|1625736573\n|switch|p1a: Weavile|Weavile, F|100\/100\n|-ability|p1a: Weavile|Pressure\n|move|p2a: Weavile|Knock Off|p1a: Weavile\n|-resisted|p1a: Weavile\n|-damage|p1a: Weavile|67\/100\n|-enditem|p1a: Weavile|Choice Band|[from] move: Knock Off|[of] p2a: Weavile\n|\n|upkeep\n|turn|16\n|\n|t:|1625736577\n|move|p1a: Weavile|Knock Off|p2a: Weavile\n|-resisted|p2a: Weavile\n|-damage|p2a: Weavile|31\/100\n|-enditem|p2a: Weavile|Choice Band|[from] move: Knock Off|[of] p1a: Weavile\n|move|p2a: Weavile|Knock Off|p1a: Weavile\n|-resisted|p1a: Weavile\n|-damage|p1a: Weavile|52\/100\n|\n|-fieldend|move: Electric Terrain\n|upkeep\n|turn|17\n|\n|t:|1625736583\n|switch|p2a: Rotom|Rotom-Wash|100\/100\n|-damage|p2a: Rotom|88\/100|[from] Stealth Rock\n|move|p1a: Weavile|Low Kick|p2a: Rotom\n|-damage|p2a: Rotom|81\/100\n|\n|-heal|p2a: Rotom|87\/100|[from] item: Leftovers\n|upkeep\n|turn|18\n|\n|t:|1625736589\n|move|p1a: Weavile|Knock Off|p2a: Rotom\n|-damage|p2a: Rotom|35\/100\n|-enditem|p2a: Rotom|Leftovers|[from] move: Knock Off|[of] p1a: Weavile\n|move|p2a: Rotom|Volt Switch|p1a: Weavile\n|-damage|p1a: Weavile|14\/100\n|\n|t:|1625736591\n|switch|p2a: Volcarona|Volcarona, F|100\/100|[from]move: Volt Switch\n|\n|upkeep\n|turn|19\n|\n|t:|1625736597\n|move|p1a: Weavile|Knock Off|p2a: Volcarona\n|-damage|p2a: Volcarona|34\/100\n|-enditem|p2a: Volcarona|Heavy-Duty Boots|[from] move: Knock Off|[of] p1a: Weavile\n|move|p2a: Volcarona|Quiver Dance|p2a: Volcarona\n|-boost|p2a: Volcarona|spa|1\n|-boost|p2a: Volcarona|spd|1\n|-boost|p2a: Volcarona|spe|1\n|\n|-sideend|p1: RTSG tests|Reflect\n|upkeep\n|turn|20\n|\n|t:|1625736609\n|switch|p1a: Tapu Koko|Tapu Koko|58\/100\n|-fieldstart|move: Electric Terrain|[from] ability: Electric Surge|[of] p1a: Tapu Koko\n|move|p2a: Volcarona|Fiery Dance|p1a: Tapu Koko\n|-damage|p1a: Tapu Koko|0 fnt\n|faint|p1a: Tapu Koko\n|\n|upkeep\n|\n|t:|1625736612\n|switch|p1a: Sceptile|Sceptile, M|100\/100\n|-enditem|p1a: Sceptile|Electric Seed\n|-boost|p1a: Sceptile|def|1|[from] item: Electric Seed\n|turn|21\n|\n|t:|1625736615\n|move|p1a: Sceptile|Acrobatics|p2a: Volcarona\n|-supereffective|p2a: Volcarona\n|-damage|p2a: Volcarona|0 fnt\n|-status|p1a: Sceptile|brn|[from] ability: Flame Body|[of] p2a: Volcarona\n|faint|p2a: Volcarona\n|\n|-damage|p1a: Sceptile|95\/100 brn|[from] brn\n|upkeep\n|\n|t:|1625736620\n|switch|p2a: Dragonite|Dragonite, M, shiny|100\/100\n|turn|22\n|\n|t:|1625736625\n|switch|p1a: Weavile|Weavile, F|14\/100\n|-ability|p1a: Weavile|Pressure\n|move|p2a: Dragonite|Dragon Dance|p2a: Dragonite\n|-boost|p2a: Dragonite|atk|1\n|-boost|p2a: Dragonite|spe|1\n|\n|upkeep\n|turn|23\n|\n|t:|1625736630\n|move|p1a: Weavile|Triple Axel|p2a: Dragonite\n|-supereffective|p2a: Dragonite\n|-damage|p2a: Dragonite|77\/100\n|-supereffective|p2a: Dragonite\n|-damage|p2a: Dragonite|0 fnt\n|faint|p2a: Dragonite\n|-hitcount|p2: Dragonite|2\n|\n|upkeep\n|\n|t:|1625736635\n|switch|p2a: Weavile|Weavile, F|31\/100\n|-damage|p2a: Weavile|7\/100|[from] Stealth Rock\n|-ability|p2a: Weavile|Pressure\n|turn|24\n|\n|t:|1625736639\n|move|p1a: Weavile|Ice Shard|p2a: Weavile\n|-resisted|p2a: Weavile\n|-damage|p2a: Weavile|0 fnt\n|faint|p2a: Weavile\n|\n|-fieldend|move: Electric Terrain\n|upkeep\n|c|\u2606Lt81yl fusien|Gg\n|c|\u2606RTSG tests|gg\n|-message|Lt81yl fusien forfeited.\n|\n|win|RTSG tests\n|raw|RTSG tests's rating: 1704 &rarr; <strong>1729<\/strong><br \/>(+25 for winning)\n|raw|Lt81yl fusien's rating: 1802 &rarr; <strong>1777<\/strong><br \/>(-25 for losing)\n|l|\u2606Lt81yl fusien\n|j|\u2606Lt81yl fusien\n|player|p2|Lt81yl fusien|yellow\n|inactive|Battle timer is ON: inactive players will automatically lose when time's up. (requested by Lt81yl fusien)\n|l|\u2606Lt81yl fusien\n|player|p2|\n","uploadtime":1625736649,"views":63,"p1id":"rtsgtests","p2id":"lt81ylfusien","formatid":"gen8ou","rating":1729,"private":0,"password":null}