{"id":"gen8nationaldex-1422739400","p1":"Benjamin Gilbert","p2":"ChanseyDeBotas","format":"gen8nationaldex","log":"|j|\u2606Benjamin Gilbert\n|j|\u2606ChanseyDeBotas\n|inactive|Battle timer is ON: inactive players will automatically lose when time's up.\n|t:|1632439940\n|gametype|singles\n|player|p1|Benjamin Gilbert|266|\n|player|p2|ChanseyDeBotas|evelyn|\n|teamsize|p1|6\n|teamsize|p2|6\n|gen|8\n|tier|[Gen 8] National Dex\n|rated|Tournament battle\n|rule|HP Percentage Mod: HP is shown in percentages\n|rule|Endless Battle Clause: Forcing endless battles is banned\n|rule|OHKO Clause: OHKO moves are banned\n|rule|Evasion Moves Clause: Evasion moves are banned\n|rule|Species Clause: Limit one of each Pok\u00e9mon\n|rule|Dynamax Clause: You cannot dynamax\n|rule|Sleep Clause Mod: Limit one foe put to sleep\n|clearpoke\n|poke|p1|Regieleki|\n|poke|p1|Toxapex, F|\n|poke|p1|Zapdos-Galar|\n|poke|p1|Diancie|\n|poke|p1|Ferrothorn, F|\n|poke|p1|Mamoswine, M|\n|poke|p2|Sharpedo, M|\n|poke|p2|Tapu Lele|\n|poke|p2|Tangrowth, M|\n|poke|p2|Corviknight, M|\n|poke|p2|Garchomp, M|\n|poke|p2|Victini|\n|teampreview\n|j|@peap odc \u8c46\u8c46\n|j| UnzipsCrogre\n|\n|t:|1632439954\n|start\n|switch|p1a: Clairo|Diancie, shiny|100\/100\n|switch|p2a: Tapu Lele|Tapu Lele|100\/100\n|-fieldstart|move: Psychic Terrain|[from] ability: Psychic Surge|[of] p2a: Tapu Lele\n|turn|1\n|j| BoomDragoon\n|\n|t:|1632439960\n|switch|p1a: Temple|Ferrothorn, F, shiny|100\/100\n|move|p2a: Tapu Lele|Psychic|p1a: Temple\n|-resisted|p1a: Temple\n|-crit|p1a: Temple\n|-damage|p1a: Temple|42\/100\n|\n|-heal|p1a: Temple|48\/100|[from] item: Leftovers\n|upkeep\n|turn|2\n|\n|t:|1632439970\n|switch|p2a: Garchomp|Garchomp, M|100\/100\n|move|p1a: Temple|Leech Seed|p2a: Garchomp\n|-start|p2a: Garchomp|move: Leech Seed\n|\n|-heal|p1a: Temple|54\/100|[from] item: Leftovers\n|-damage|p2a: Garchomp|88\/100|[from] Leech Seed|[of] p1a: Temple\n|-heal|p1a: Temple|67\/100|[silent]\n|upkeep\n|turn|3\n|j| bigbigbigbigbig\n|inactive|Benjamin Gilbert has 120 seconds left.\n|l|@peap odc \u8c46\u8c46\n|\n|t:|1632440022\n|switch|p2a: Victini|Victini|100\/100\n|switch|p1a: Hannibal|Mamoswine, M|100\/100\n|\n|upkeep\n|turn|4\n|j| LatinGoonie\n|\n|t:|1632440040\n|move|p2a: Victini|U-turn|p1a: Hannibal\n|-damage|p1a: Hannibal|80\/100\n|\n|t:|1632440045\n|switch|p2a: Corviknight|Corviknight, M|100\/100|[from]move: U-turn\n|-ability|p2a: Corviknight|Pressure\n|move|p1a: Hannibal|Earthquake|p2a: Corviknight\n|-immune|p2a: Corviknight\n|\n|upkeep\n|turn|5\n|inactive|Benjamin Gilbert has 120 seconds left.\n|\n|t:|1632440051\n|move|p1a: Hannibal|Knock Off|p2a: Corviknight\n|-damage|p2a: Corviknight|77\/100\n|-enditem|p2a: Corviknight|Leftovers|[from] move: Knock Off|[of] p1a: Hannibal\n|move|p2a: Corviknight|U-turn|p1a: Hannibal\n|-damage|p1a: Hannibal|63\/100\n|\n|t:|1632440056\n|switch|p2a: Victini|Victini|100\/100|[from]move: U-turn\n|\n|-fieldend|move: Psychic Terrain\n|upkeep\n|turn|6\n|\n|t:|1632440061\n|switch|p1a: Painstendo.|Toxapex, F, shiny|100\/100\n|move|p2a: Victini|V-create|p1a: Painstendo.\n|-resisted|p1a: Painstendo.\n|-damage|p1a: Painstendo.|74\/100\n|-unboost|p2a: Victini|spe|1\n|-unboost|p2a: Victini|def|1\n|-unboost|p2a: Victini|spd|1\n|\n|-heal|p1a: Painstendo.|80\/100|[from] item: Black Sludge\n|upkeep\n|turn|7\n|\n|t:|1632440065\n|switch|p2a: Tapu Lele|Tapu Lele|100\/100\n|-fieldstart|move: Psychic Terrain|[from] ability: Psychic Surge|[of] p2a: Tapu Lele\n|move|p1a: Painstendo.|Toxic Spikes|p2a: Tapu Lele\n|-sidestart|p2: ChanseyDeBotas|move: Toxic Spikes\n|\n|-heal|p1a: Painstendo.|86\/100|[from] item: Black Sludge\n|upkeep\n|turn|8\n|\n|t:|1632440075\n|switch|p1a: Temple|Ferrothorn, F, shiny|67\/100\n|move|p2a: Tapu Lele|Psychic|p1a: Temple\n|-resisted|p1a: Temple\n|-damage|p1a: Temple|28\/100\n|\n|-heal|p1a: Temple|35\/100|[from] item: Leftovers\n|upkeep\n|turn|9\n|j| Redgoop115\n|\n|t:|1632440082\n|move|p2a: Tapu Lele|Psychic|p1a: Temple\n|-resisted|p1a: Temple\n|-damage|p1a: Temple|0 fnt\n|faint|p1a: Temple\n|\n|upkeep\n|\n|t:|1632440085\n|switch|p1a: Roadrunner|Zapdos-Galar|100\/100\n|turn|10\n|\n|t:|1632440092\n|switch|p2a: Tangrowth|Tangrowth, M|100\/100\n|-status|p2a: Tangrowth|psn\n|move|p1a: Roadrunner|Substitute|p1a: Roadrunner\n|-start|p1a: Roadrunner|Substitute\n|-damage|p1a: Roadrunner|76\/100\n|\n|-damage|p2a: Tangrowth|88\/100 psn|[from] psn\n|upkeep\n|turn|11\n|\n|t:|1632440095\n|move|p1a: Roadrunner|Bulk Up|p1a: Roadrunner\n|-boost|p1a: Roadrunner|atk|1\n|-boost|p1a: Roadrunner|def|1\n|move|p2a: Tangrowth|Hidden Power|p1a: Roadrunner\n|-supereffective|p1a: Roadrunner\n|-end|p1a: Roadrunner|Substitute\n|\n|-damage|p2a: Tangrowth|76\/100 psn|[from] psn\n|-fieldend|move: Psychic Terrain\n|upkeep\n|turn|12\n|\n|t:|1632440104\n|move|p1a: Roadrunner|Brave Bird|p2a: Tangrowth\n|-supereffective|p2a: Tangrowth\n|-damage|p2a: Tangrowth|0 fnt\n|faint|p2a: Tangrowth\n|-damage|p1a: Roadrunner|44\/100|[from] Recoil\n|\n|upkeep\n|j| KTKitsu\n|\n|t:|1632440121\n|switch|p2a: Sharpedo|Sharpedo, M, shiny|100\/100\n|-status|p2a: Sharpedo|psn\n|turn|13\n|c| KTKitsu|good luck to both of you\n|j| Kyotoshi\n|c|\u2606ChanseyDeBotas|thanks\n|\n|t:|1632440132\n|switch|p1a: ELECTRO KID|Regieleki, shiny|100\/100\n|detailschange|p2a: Sharpedo|Sharpedo-Mega, M, shiny\n|-mega|p2a: Sharpedo|Sharpedo|Sharpedonite\n|move|p2a: Sharpedo|Psychic Fangs|p1a: ELECTRO KID\n|-damage|p1a: ELECTRO KID|12\/100\n|\n|-heal|p1a: ELECTRO KID|18\/100|[from] item: Leftovers\n|-damage|p2a: Sharpedo|88\/100 psn|[from] psn\n|upkeep\n|turn|14\n|\n|t:|1632440147\n|switch|p2a: Garchomp|Garchomp, M|88\/100\n|-status|p2a: Garchomp|psn\n|move|p1a: ELECTRO KID|Thunder Cage|p2a: Garchomp\n|-immune|p2a: Garchomp\n|\n|-heal|p1a: ELECTRO KID|24\/100|[from] item: Leftovers\n|-damage|p2a: Garchomp|76\/100 psn|[from] psn\n|upkeep\n|turn|15\n|\n|t:|1632440150\n|move|p1a: ELECTRO KID|Protect|p1a: ELECTRO KID\n|-singleturn|p1a: ELECTRO KID|Protect\n|move|p2a: Garchomp|Stealth Rock|p1a: ELECTRO KID\n|-sidestart|p1: Benjamin Gilbert|move: Stealth Rock\n|\n|-heal|p1a: ELECTRO KID|30\/100|[from] item: Leftovers\n|-damage|p2a: Garchomp|64\/100 psn|[from] psn\n|upkeep\n|turn|16\n|\n|t:|1632440156\n|switch|p1a: Hannibal|Mamoswine, M|63\/100\n|-damage|p1a: Hannibal|51\/100|[from] Stealth Rock\n|-zpower|p2a: Garchomp\n|move|p2a: Garchomp|Continental Crush|p1a: Hannibal|[zeffect]\n|-damage|p1a: Hannibal|0 fnt\n|faint|p1a: Hannibal\n|\n|-damage|p2a: Garchomp|51\/100 psn|[from] psn\n|upkeep\n|\n|t:|1632440163\n|switch|p1a: Clairo|Diancie, shiny|100\/100\n|-damage|p1a: Clairo|88\/100|[from] Stealth Rock\n|turn|17\n|\n|t:|1632440187\n|switch|p2a: Sharpedo|Sharpedo-Mega, M, shiny|88\/100 psn\n|detailschange|p1a: Clairo|Diancie-Mega, shiny\n|-mega|p1a: Clairo|Diancie|Diancite\n|move|p1a: Clairo|Moonblast|p2a: Sharpedo\n|-supereffective|p2a: Sharpedo\n|-damage|p2a: Sharpedo|0 fnt\n|faint|p2a: Sharpedo\n|\n|upkeep\n|\n|t:|1632440190\n|switch|p2a: Tapu Lele|Tapu Lele|100\/100\n|-status|p2a: Tapu Lele|psn\n|-fieldstart|move: Psychic Terrain|[from] ability: Psychic Surge|[of] p2a: Tapu Lele\n|turn|18\n|l| KTKitsu\n|j| Pkhbmariondo\n|\n|t:|1632440219\n|move|p1a: Clairo|Moonblast|p2a: Tapu Lele\n|-damage|p2a: Tapu Lele|36\/100 psn\n|-unboost|p2a: Tapu Lele|spa|1\n|move|p2a: Tapu Lele|Psychic|p1a: Clairo\n|-damage|p1a: Clairo|7\/100\n|\n|-damage|p2a: Tapu Lele|24\/100 psn|[from] psn\n|upkeep\n|turn|19\n|\n|t:|1632440226\n|switch|p2a: Corviknight|Corviknight, M|77\/100\n|-ability|p2a: Corviknight|Pressure\n|move|p1a: Clairo|Diamond Storm|p2a: Corviknight\n|-damage|p2a: Corviknight|43\/100\n|\n|upkeep\n|turn|20\n|\n|t:|1632440233\n|move|p1a: Clairo|Diamond Storm|p2a: Corviknight\n|-damage|p2a: Corviknight|11\/100\n|-boost|p1a: Clairo|def|2\n|move|p2a: Corviknight|Roost|p2a: Corviknight\n|-heal|p2a: Corviknight|61\/100\n|-singleturn|p2a: Corviknight|move: Roost\n|\n|upkeep\n|turn|21\n|\n|t:|1632440245\n|move|p1a: Clairo|Diamond Storm|p2a: Corviknight\n|-damage|p2a: Corviknight|27\/100\n|-boost|p1a: Clairo|def|2\n|move|p2a: Corviknight|Roost|p2a: Corviknight\n|-heal|p2a: Corviknight|77\/100\n|-singleturn|p2a: Corviknight|move: Roost\n|\n|upkeep\n|turn|22\n|\n|t:|1632440249\n|move|p1a: Clairo|Stealth Rock|p2a: Corviknight\n|-sidestart|p2: ChanseyDeBotas|move: Stealth Rock\n|move|p2a: Corviknight|Roost|p2a: Corviknight\n|-heal|p2a: Corviknight|100\/100\n|-singleturn|p2a: Corviknight|move: Roost\n|\n|-fieldend|move: Psychic Terrain\n|upkeep\n|turn|23\n|\n|t:|1632440257\n|switch|p1a: ELECTRO KID|Regieleki, shiny|30\/100\n|-damage|p1a: ELECTRO KID|18\/100|[from] Stealth Rock\n|move|p2a: Corviknight|Brave Bird|p1a: ELECTRO KID\n|-resisted|p1a: ELECTRO KID\n|-damage|p1a: ELECTRO KID|0 fnt\n|faint|p1a: ELECTRO KID\n|-damage|p2a: Corviknight|95\/100|[from] Recoil\n|\n|upkeep\n|\n|t:|1632440265\n|switch|p1a: Painstendo.|Toxapex, F, shiny|100\/100\n|-damage|p1a: Painstendo.|88\/100|[from] Stealth Rock\n|turn|24\n|\n|t:|1632440277\n|switch|p2a: Garchomp|Garchomp, M|51\/100 psn\n|-damage|p2a: Garchomp|45\/100 psn|[from] Stealth Rock\n|move|p1a: Painstendo.|Scald|p2a: Garchomp\n|-damage|p2a: Garchomp|26\/100 psn\n|\n|-heal|p1a: Painstendo.|94\/100|[from] item: Black Sludge\n|-damage|p2a: Garchomp|14\/100 psn|[from] psn\n|upkeep\n|turn|25\n|\n|t:|1632440286\n|move|p2a: Garchomp|Earthquake|p1a: Painstendo.\n|-supereffective|p1a: Painstendo.\n|-damage|p1a: Painstendo.|21\/100\n|move|p1a: Painstendo.|Scald|p2a: Garchomp\n|-damage|p2a: Garchomp|0 fnt\n|faint|p2a: Garchomp\n|\n|-heal|p1a: Painstendo.|27\/100|[from] item: Black Sludge\n|upkeep\n|\n|t:|1632440291\n|switch|p2a: Tapu Lele|Tapu Lele|24\/100 psn\n|-damage|p2a: Tapu Lele|11\/100 psn|[from] Stealth Rock\n|-fieldstart|move: Psychic Terrain|[from] ability: Psychic Surge|[of] p2a: Tapu Lele\n|turn|26\n|\n|t:|1632440297\n|switch|p1a: Clairo|Diancie-Mega, shiny|7\/100\n|-damage|p1a: Clairo|0 fnt|[from] Stealth Rock\n|faint|p1a: Clairo\n|move|p2a: Tapu Lele|Psychic|p1: Clairo|[notarget]\n|-fail|p2a: Tapu Lele\n|\n|-damage|p2a: Tapu Lele|0 fnt|[from] psn\n|faint|p2a: Tapu Lele\n|upkeep\n|\n|t:|1632440304\n|switch|p1a: Painstendo.|Toxapex, F, shiny|61\/100\n|switch|p2a: Victini|Victini|100\/100\n|-damage|p1a: Painstendo.|48\/100|[from] Stealth Rock\n|turn|27\n|c|\u2606ChanseyDeBotas|gg\n|c|\u2606Benjamin Gilbert|gg\n|\n|t:|1632440316\n|switch|p1a: Roadrunner|Zapdos-Galar|44\/100\n|-damage|p1a: Roadrunner|32\/100|[from] Stealth Rock\n|move|p2a: Victini|Expanding Force|p1a: Roadrunner\n|-supereffective|p1a: Roadrunner\n|-damage|p1a: Roadrunner|0 fnt\n|faint|p1a: Roadrunner\n|\n|upkeep\n|\n|t:|1632440319\n|switch|p1a: Painstendo.|Toxapex, F, shiny|81\/100\n|-damage|p1a: Painstendo.|69\/100|[from] Stealth Rock\n|turn|28\n|\n|t:|1632440321\n|move|p2a: Victini|Expanding Force|p1a: Painstendo.\n|-supereffective|p1a: Painstendo.\n|-damage|p1a: Painstendo.|0 fnt\n|faint|p1a: Painstendo.\n|\n|win|ChanseyDeBotas\n|n|\u2606Benjamin Gilbert|benjamingilbert\n|n|\u2606ChanseyDeBotas|chanseydebotas\n|n| UnzipsCrogre|unzipscrogre\n|n| BoomDragoon|boomdragoon\n|n| bigbigbigbigbig|bigbigbigbigbig\n|n| LatinGoonie|latingoonie\n|n| Redgoop115|redgoop115\n|n| Kyotoshi|kyotoshi\n|n| Pkhbmariondo|pkhbmariondo\n","uploadtime":1632440322,"views":16,"p1id":"benjamingilbert","p2id":"chanseydebotas","formatid":"gen8nationaldex","rating":0,"private":0,"password":null}