{"id":"gen8nationaldex-1171152063","p1":"ModerateMew","p2":"Daunzu","format":"gen8nationaldex","log":"|j|\u203dModerateMew\n|j|\u2606Daunzu\n|t:|1597777022\n|player|p1|ModerateMew|1|1526\n|player|p2|Daunzu|ingo|1417\n|teamsize|p1|6\n|teamsize|p2|6\n|gametype|singles\n|gen|8\n|tier|[Gen 8] National Dex\n|rated|\n|html|<div class=\"broadcast-blue\"><strong>National Dex is currently suspecting Ash-Greninja! For information on how to participate check out the <a href=\"https:\/\/www.smogon.com\/forums\/threads\/3668917\/\">suspect thread<\/a>.<\/strong><\/div>\n|clearpoke\n|poke|p1|Blacephalon|\n|poke|p1|Landorus-Therian, M|\n|poke|p1|Tapu Lele|\n|poke|p1|Greninja, F|\n|poke|p1|Kartana|\n|poke|p1|Gyarados, F|\n|poke|p2|Venusaur, M|\n|poke|p2|Latios, M|\n|poke|p2|Tapu Lele|\n|poke|p2|Corviknight, M|\n|poke|p2|Florges, F|\n|poke|p2|Zapdos|\n|rule|HP Percentage Mod: HP is shown in percentages\n|rule|Endless Battle Clause: Forcing endless battles is banned\n|rule|OHKO Clause: OHKO moves are banned\n|rule|Evasion Moves Clause: Evasion moves are banned\n|rule|Species Clause: Limit one of each Pok\u00e9mon\n|rule|Dynamax Clause: You cannot dynamax\n|rule|Sleep Clause Mod: Limit one foe put to sleep\n|teampreview\n|j| LizzyWizzy118\n|\n|t:|1597777041\n|start\n|switch|p1a: Greninja|Greninja, F|100\/100\n|switch|p2a: Zapdos|Zapdos|100\/100\n|turn|1\n|\n|t:|1597777045\n|move|p1a: Greninja|Taunt|p2a: Zapdos\n|-start|p1a: Greninja|typechange|Dark|[from] ability: Protean\n|-start|p2a: Zapdos|move: Taunt\n|move|p2a: Zapdos|Volt Switch|p1a: Greninja\n|-damage|p1a: Greninja|54\/100\n|\n|t:|1597777052\n|switch|p2a: Tapu Lele|Tapu Lele|100\/100|[from]move: Volt Switch\n|-fieldstart|move: Psychic Terrain|[from] ability: Psychic Surge|[of] p2a: Tapu Lele\n|\n|upkeep\n|turn|2\n|\n|t:|1597777069\n|move|p2a: Tapu Lele|Moonblast|p1a: Greninja\n|-supereffective|p1a: Greninja\n|-damage|p1a: Greninja|0 fnt\n|faint|p1a: Greninja\n|\n|upkeep\n|l| LizzyWizzy118\n|inactive|Battle timer is ON: inactive players will automatically lose when time's up. (requested by Daunzu)\n|\n|t:|1597777118\n|switch|p1a: Blacephalon|Blacephalon|100\/100\n|turn|3\n|\n|t:|1597777122\n|switch|p2a: Florges|Florges, F|100\/100\n|move|p1a: Blacephalon|Flame Charge|p2a: Florges\n|-damage|p2a: Florges|74\/100\n|-boost|p1a: Blacephalon|spe|1\n|\n|-heal|p2a: Florges|80\/100|[from] item: Leftovers\n|upkeep\n|turn|4\n|\n|t:|1597777131\n|move|p1a: Blacephalon|Calm Mind|p1a: Blacephalon\n|-boost|p1a: Blacephalon|spa|1\n|-boost|p1a: Blacephalon|spd|1\n|move|p2a: Florges|Moonblast|p1a: Blacephalon\n|-resisted|p1a: Blacephalon\n|-damage|p1a: Blacephalon|81\/100\n|\n|-heal|p2a: Florges|86\/100|[from] item: Leftovers\n|upkeep\n|turn|5\n|\n|t:|1597777146\n|switch|p2a: Zapdos|Zapdos|100\/100\n|move|p1a: Blacephalon|Calm Mind|p1a: Blacephalon\n|-boost|p1a: Blacephalon|spa|1\n|-boost|p1a: Blacephalon|spd|1\n|\n|-fieldend|move: Psychic Terrain\n|upkeep\n|turn|6\n|\n|t:|1597777152\n|-zpower|p1a: Blacephalon\n|move|p1a: Blacephalon|Never-Ending Nightmare|p2a: Zapdos|[zeffect]\n|-damage|p2a: Zapdos|0 fnt\n|faint|p2a: Zapdos\n|-ability|p1a: Blacephalon|Beast Boost|boost\n|-boost|p1a: Blacephalon|spa|1\n|\n|upkeep\n|\n|t:|1597777164\n|switch|p2a: Tapu Lele|Tapu Lele|100\/100\n|-fieldstart|move: Psychic Terrain|[from] ability: Psychic Surge|[of] p2a: Tapu Lele\n|turn|7\n|\n|t:|1597777168\n|move|p1a: Blacephalon|Shadow Ball|p2a: Tapu Lele\n|-supereffective|p2a: Tapu Lele\n|-damage|p2a: Tapu Lele|0 fnt\n|faint|p2a: Tapu Lele\n|-ability|p1a: Blacephalon|Beast Boost|boost\n|-boost|p1a: Blacephalon|spa|1\n|\n|upkeep\n|\n|t:|1597777188\n|switch|p2a: Venusaur|Venusaur, M|100\/100\n|turn|8\n|\n|t:|1597777215\n|detailschange|p2a: Venusaur|Venusaur-Mega, M\n|-mega|p2a: Venusaur|Venusaur|Venusaurite\n|move|p1a: Blacephalon|Fire Blast|p2a: Venusaur\n|-supereffective|p2a: Venusaur\n|-damage|p2a: Venusaur|0 fnt\n|faint|p2a: Venusaur\n|-ability|p1a: Blacephalon|Beast Boost|boost\n|-boost|p1a: Blacephalon|spa|1\n|\n|upkeep\n|-message|Daunzu forfeited.\n|\n|win|ModerateMew\n|l|\u2606Daunzu\n","uploadtime":1597777223,"views":2,"p1id":"moderatemew","p2id":"daunzu","formatid":"gen8nationaldex","rating":0,"private":0,"password":null}