{"id":"gen8ou-1683692720","p1":"RggV_YT","p2":"minimax_ai","format":"gen8ou","log":"|j|\u2606RggV_YT\n|j|\u2606minimax_ai\n|t:|1665553386\n|gametype|singles\n|player|p1|RggV_YT|scientist-gen4|1840\n|player|p2|minimax_ai|lusamine-nihilego|1753\n|teamsize|p1|6\n|teamsize|p2|6\n|gen|8\n|tier|[Gen 8] OU\n|rated|\n|rule|Sleep Clause Mod: Limit one foe put to sleep\n|rule|Species Clause: Limit one of each Pok\u00e9mon\n|rule|OHKO Clause: OHKO moves are banned\n|rule|Evasion Items Clause: Evasion items are banned\n|rule|Evasion Moves Clause: Evasion moves are banned\n|rule|Endless Battle Clause: Forcing endless battles is banned\n|rule|HP Percentage Mod: HP is shown in percentages\n|rule|Dynamax Clause: You cannot dynamax\n|clearpoke\n|poke|p1|Dragapult, M|\n|poke|p1|Rotom-Wash|\n|poke|p1|Landorus-Therian, M|\n|poke|p1|Melmetal|\n|poke|p1|Weavile, M|\n|poke|p1|Kartana|\n|poke|p2|Rotom-Wash|\n|poke|p2|Weavile, F|\n|poke|p2|Landorus-Therian, M|\n|poke|p2|Heatran, M|\n|poke|p2|Tangrowth, F|\n|poke|p2|Melmetal|\n|teampreview\n|inactive|Battle timer is ON: inactive players will automatically lose when time's up. (requested by RggV_YT)\n|c|\u2606minimax_ai|hf\n|inactive|minimax_ai also wants the timer to be on.\n|j| Spyer2k\n|\n|t:|1665553396\n|start\n|switch|p1a: Bandit|Weavile, M, shiny|100\/100\n|switch|p2a: landorustherian|Landorus-Therian, M|100\/100\n|-ability|p1a: Bandit|Pressure\n|-ability|p2a: landorustherian|Intimidate|boost\n|-unboost|p1a: Bandit|atk|1\n|turn|1\n|\n|t:|1665553402\n|switch|p2a: Melmetal|Melmetal|100\/100\n|move|p1a: Bandit|Triple Axel|p2a: Melmetal\n|-resisted|p2a: Melmetal\n|-damage|p2a: Melmetal|98\/100\n|-resisted|p2a: Melmetal\n|-damage|p2a: Melmetal|92\/100\n|-hitcount|p2a: Melmetal|2\n|\n|upkeep\n|turn|2\n|j| DJ Esco\n|\n|t:|1665553404\n|switch|p1a: Phantom|Rotom-Wash, shiny|100\/100\n|move|p2a: Melmetal|Ice Punch|p1a: Phantom\n|-resisted|p1a: Phantom\n|-damage|p1a: Phantom|77\/100\n|\n|-heal|p1a: Phantom|83\/100|[from] item: Leftovers\n|upkeep\n|turn|3\n|\n|t:|1665553410\n|switch|p2a: Tangrowth|Tangrowth, F|100\/100\n|move|p1a: Phantom|Volt Switch|p2a: Tangrowth\n|-resisted|p2a: Tangrowth\n|-damage|p2a: Tangrowth|78\/100\n|\n|t:|1665553412\n|switch|p1a: Leviathan|Dragapult, M, shiny|100\/100|[from]move: Volt Switch\n|\n|upkeep\n|turn|4\n|\n|t:|1665553421\n|switch|p2a: Melmetal|Melmetal|92\/100\n|move|p1a: Leviathan|Shadow Ball|p2a: Melmetal\n|-damage|p2a: Melmetal|59\/100\n|\n|upkeep\n|turn|5\n|\n|t:|1665553428\n|switch|p1a: Phantom|Rotom-Wash, shiny|83\/100\n|move|p2a: Melmetal|Ice Punch|p1a: Phantom\n|-resisted|p1a: Phantom\n|-damage|p1a: Phantom|61\/100\n|\n|-heal|p1a: Phantom|67\/100|[from] item: Leftovers\n|upkeep\n|turn|6\n|\n|t:|1665553431\n|move|p1a: Phantom|Volt Switch|p2a: Melmetal\n|-damage|p2a: Melmetal|42\/100\n|\n|t:|1665553433\n|switch|p1a: Enten|Landorus-Therian, M, shiny|100\/100|[from]move: Volt Switch\n|-ability|p1a: Enten|Intimidate|boost\n|-unboost|p2a: Melmetal|atk|1\n|move|p2a: Melmetal|Ice Punch|p1a: Enten\n|-supereffective|p1a: Enten\n|-damage|p1a: Enten|25\/100\n|\n|-heal|p1a: Enten|31\/100|[from] item: Leftovers\n|upkeep\n|turn|7\n|\n|t:|1665553438\n|switch|p2a: Tangrowth|Tangrowth, F|100\/100\n|move|p1a: Enten|U-turn|p2a: Tangrowth\n|-supereffective|p2a: Tangrowth\n|-damage|p2a: Tangrowth|77\/100\n|-damage|p1a: Enten|14\/100|[from] item: Rocky Helmet|[of] p2a: Tangrowth\n|\n|t:|1665553440\n|switch|p1a: Leviathan|Dragapult, M, shiny|100\/100|[from]move: U-turn\n|\n|upkeep\n|turn|8\n|\n|t:|1665553443\n|switch|p2a: landorustherian|Landorus-Therian, M|100\/100\n|-ability|p2a: landorustherian|Intimidate|boost\n|-unboost|p1a: Leviathan|atk|1\n|move|p1a: Leviathan|Shadow Ball|p2a: landorustherian\n|-damage|p2a: landorustherian|58\/100\n|\n|-heal|p2a: landorustherian|64\/100|[from] item: Leftovers\n|upkeep\n|turn|9\n|\n|t:|1665553448\n|switch|p1a: Enten|Landorus-Therian, M, shiny|14\/100\n|-ability|p1a: Enten|Intimidate|boost\n|-unboost|p2a: landorustherian|atk|1\n|move|p2a: landorustherian|Toxic|p1a: Enten\n|-status|p1a: Enten|tox\n|\n|-heal|p2a: landorustherian|70\/100|[from] item: Leftovers\n|-heal|p1a: Enten|20\/100 tox|[from] item: Leftovers\n|-damage|p1a: Enten|14\/100 tox|[from] psn\n|upkeep\n|turn|10\n|\n|t:|1665553450\n|move|p2a: landorustherian|Toxic|p1a: Enten\n|-fail|p1a: Enten|tox\n|move|p1a: Enten|Stealth Rock|p2a: landorustherian\n|-sidestart|p2: minimax_ai|move: Stealth Rock\n|\n|-heal|p2a: landorustherian|76\/100|[from] item: Leftovers\n|-heal|p1a: Enten|20\/100 tox|[from] item: Leftovers\n|-damage|p1a: Enten|8\/100 tox|[from] psn\n|upkeep\n|turn|11\n|\n|t:|1665553452\n|move|p2a: landorustherian|Defog|p1a: Enten\n|-unboost|p1a: Enten|evasion|1\n|-sideend|p2: minimax_ai|Stealth Rock|[from] move: Defog|[of] p2a: landorustherian\n|move|p1a: Enten|U-turn|p2a: landorustherian\n|-resisted|p2a: landorustherian\n|-damage|p2a: landorustherian|65\/100\n|c| Spyer2k|Ooof\n|\n|t:|1665553457\n|switch|p1a: Bandit|Weavile, M, shiny|100\/100|[from]move: U-turn\n|-ability|p1a: Bandit|Pressure\n|\n|-heal|p2a: landorustherian|71\/100|[from] item: Leftovers\n|upkeep\n|turn|12\n|\n|t:|1665553460\n|switch|p2a: Tangrowth|Tangrowth, F|100\/100\n|move|p1a: Bandit|Triple Axel|p2a: Tangrowth\n|-supereffective|p2a: Tangrowth\n|-damage|p2a: Tangrowth|84\/100\n|-damage|p1a: Bandit|84\/100|[from] item: Rocky Helmet|[of] p2a: Tangrowth\n|-supereffective|p2a: Tangrowth\n|-damage|p2a: Tangrowth|55\/100\n|-damage|p1a: Bandit|68\/100|[from] item: Rocky Helmet|[of] p2a: Tangrowth\n|-supereffective|p2a: Tangrowth\n|-damage|p2a: Tangrowth|7\/100\n|-damage|p1a: Bandit|51\/100|[from] item: Rocky Helmet|[of] p2a: Tangrowth\n|-hitcount|p2a: Tangrowth|3\n|\n|upkeep\n|turn|13\n|j| OmegaTroll\n|\n|t:|1665553469\n|switch|p1a: Phantom|Rotom-Wash, shiny|67\/100\n|switch|p2a: Heatran|Heatran, M|100\/100\n|-item|p2a: Heatran|Air Balloon\n|\n|-heal|p1a: Phantom|74\/100|[from] item: Leftovers\n|upkeep\n|turn|14\n|\n|t:|1665553471\n|switch|p2a: Tangrowth|Tangrowth, F|40\/100\n|move|p1a: Phantom|Nasty Plot|p1a: Phantom\n|-boost|p1a: Phantom|spa|2\n|\n|-heal|p1a: Phantom|80\/100|[from] item: Leftovers\n|upkeep\n|turn|15\n|\n|t:|1665553473\n|switch|p2a: rotomwash|Rotom-Wash|100\/100\n|move|p1a: Phantom|Hydro Pump|p2a: rotomwash|[miss]\n|-miss|p1a: Phantom|p2a: rotomwash\n|\n|-heal|p1a: Phantom|86\/100|[from] item: Leftovers\n|upkeep\n|turn|16\n|\n|t:|1665553477\n|move|p1a: Phantom|Nasty Plot|p1a: Phantom\n|-boost|p1a: Phantom|spa|2\n|move|p2a: rotomwash|Thunderbolt|p1a: Phantom\n|-damage|p1a: Phantom|35\/100\n|\n|-heal|p1a: Phantom|41\/100|[from] item: Leftovers\n|upkeep\n|turn|17\n|\n|t:|1665553480\n|switch|p2a: landorustherian|Landorus-Therian, M|71\/100\n|-ability|p2a: landorustherian|Intimidate|boost\n|-unboost|p1a: Phantom|atk|1\n|move|p1a: Phantom|Pain Split|p2a: landorustherian\n|-sethp|p2a: landorustherian|48\/100|[from] move: Pain Split|[silent]\n|-sethp|p1a: Phantom|76\/100|[from] move: Pain Split\n|\n|-heal|p1a: Phantom|82\/100|[from] item: Leftovers\n|-heal|p2a: landorustherian|54\/100|[from] item: Leftovers\n|upkeep\n|turn|18\n|j| Kyurem\n|\n|t:|1665553482\n|move|p1a: Phantom|Hydro Pump|p2a: landorustherian\n|-supereffective|p2a: landorustherian\n|-damage|p2a: landorustherian|0 fnt\n|faint|p2a: landorustherian\n|\n|-heal|p1a: Phantom|88\/100|[from] item: Leftovers\n|upkeep\n|\n|t:|1665553482\n|switch|p2a: Tangrowth|Tangrowth, F|73\/100\n|turn|19\n|\n|t:|1665553487\n|switch|p2a: Melmetal|Melmetal|42\/100\n|move|p1a: Phantom|Volt Switch|p2a: Melmetal\n|-damage|p2a: Melmetal|0 fnt\n|faint|p2a: Melmetal\n|\n|t:|1665553492\n|switch|p1a: Deathstroke|Kartana, shiny|100\/100|[from]move: Volt Switch\n|\n|upkeep\n|\n|t:|1665553492\n|switch|p2a: Tangrowth|Tangrowth, F|100\/100\n|turn|20\n|\n|t:|1665553495\n|move|p1a: Deathstroke|Leaf Blade|p2a: Tangrowth\n|-resisted|p2a: Tangrowth\n|-damage|p2a: Tangrowth|84\/100\n|-damage|p1a: Deathstroke|84\/100|[from] item: Rocky Helmet|[of] p2a: Tangrowth\n|move|p2a: Tangrowth|Knock Off|p1a: Deathstroke\n|-damage|p1a: Deathstroke|61\/100\n|-enditem|p1a: Deathstroke|Choice Scarf|[from] move: Knock Off|[of] p2a: Tangrowth\n|\n|upkeep\n|turn|21\n|\n|t:|1665553501\n|move|p1a: Deathstroke|Knock Off|p2a: Tangrowth\n|-damage|p2a: Tangrowth|61\/100\n|-damage|p1a: Deathstroke|44\/100|[from] item: Rocky Helmet|[of] p2a: Tangrowth\n|-enditem|p2a: Tangrowth|Rocky Helmet|[from] move: Knock Off|[of] p1a: Deathstroke\n|move|p2a: Tangrowth|Knock Off|p1a: Deathstroke\n|-damage|p1a: Deathstroke|28\/100\n|\n|upkeep\n|turn|22\n|\n|t:|1665553503\n|switch|p1a: Enten|Landorus-Therian, M, shiny|8\/100 tox\n|-ability|p1a: Enten|Intimidate|boost\n|-unboost|p2a: Tangrowth|atk|1\n|move|p2a: Tangrowth|Knock Off|p1a: Enten\n|-damage|p1a: Enten|0 fnt\n|-enditem|p1a: Enten|Leftovers|[from] move: Knock Off|[of] p2a: Tangrowth\n|faint|p1a: Enten\n|\n|upkeep\n|\n|t:|1665553507\n|switch|p1a: Leviathan|Dragapult, M, shiny|100\/100\n|turn|23\n|\n|t:|1665553511\n|switch|p2a: Heatran|Heatran, M|100\/100\n|-item|p2a: Heatran|Air Balloon\n|move|p1a: Leviathan|Shadow Ball|p2a: Heatran\n|-damage|p2a: Heatran|38\/100\n|-unboost|p2a: Heatran|spd|1\n|-enditem|p2a: Heatran|Air Balloon\n|\n|upkeep\n|turn|24\n|\n|t:|1665553512\n|switch|p2a: Weavile|Weavile, F|100\/100\n|-ability|p2a: Weavile|Pressure\n|move|p1a: Leviathan|Shadow Ball|p2a: Weavile\n|-resisted|p2a: Weavile\n|-damage|p2a: Weavile|60\/100\n|\n|upkeep\n|turn|25\n|\n|t:|1665553517\n|switch|p1a: Deathstroke|Kartana, shiny|28\/100\n|move|p2a: Weavile|Knock Off|p1a: Deathstroke\n|-damage|p1a: Deathstroke|0 fnt\n|faint|p1a: Deathstroke\n|\n|upkeep\n|\n|t:|1665553521\n|switch|p1a: Fate|Melmetal, shiny|100\/100\n|turn|26\n|\n|t:|1665553524\n|switch|p2a: rotomwash|Rotom-Wash|100\/100\n|move|p1a: Fate|Double Iron Bash|p2a: rotomwash\n|-resisted|p2a: rotomwash\n|-crit|p2a: rotomwash\n|-damage|p2a: rotomwash|75\/100\n|-resisted|p2a: rotomwash\n|-damage|p2a: rotomwash|60\/100\n|-hitcount|p2a: rotomwash|2\n|\n|-heal|p2a: rotomwash|66\/100|[from] item: Leftovers\n|upkeep\n|turn|27\n|\n|t:|1665553530\n|switch|p1a: Phantom|Rotom-Wash, shiny|88\/100\n|move|p2a: rotomwash|Pain Split|p1a: Phantom\n|-sethp|p1a: Phantom|86\/100|[from] move: Pain Split|[silent]\n|-sethp|p2a: rotomwash|68\/100|[from] move: Pain Split\n|\n|-heal|p1a: Phantom|92\/100|[from] item: Leftovers\n|-heal|p2a: rotomwash|74\/100|[from] item: Leftovers\n|upkeep\n|turn|28\n|\n|t:|1665553535\n|switch|p2a: Weavile|Weavile, F|60\/100\n|-ability|p2a: Weavile|Pressure\n|move|p1a: Phantom|Nasty Plot|p1a: Phantom\n|-boost|p1a: Phantom|spa|2\n|\n|-heal|p1a: Phantom|98\/100|[from] item: Leftovers\n|upkeep\n|turn|29\n|\n|t:|1665553537\n|move|p2a: Weavile|Knock Off|p1a: Phantom\n|-damage|p1a: Phantom|10\/100\n|-enditem|p1a: Phantom|Leftovers|[from] move: Knock Off|[of] p2a: Weavile\n|move|p1a: Phantom|Volt Switch|p2a: Weavile\n|-damage|p2a: Weavile|0 fnt\n|faint|p2a: Weavile\n|\n|t:|1665553539\n|switch|p1a: Leviathan|Dragapult, M, shiny|100\/100|[from]move: Volt Switch\n|\n|upkeep\n|\n|t:|1665553539\n|switch|p2a: Tangrowth|Tangrowth, F|94\/100\n|turn|30\n|j| wdz999\n|\n|t:|1665553541\n|switch|p2a: Heatran|Heatran, M|38\/100\n|move|p1a: Leviathan|Draco Meteor|p2a: Heatran\n|-resisted|p2a: Heatran\n|-damage|p2a: Heatran|0 fnt\n|-unboost|p1a: Leviathan|spa|2\n|faint|p2a: Heatran\n|\n|upkeep\n|\n|t:|1665553541\n|switch|p2a: rotomwash|Rotom-Wash|74\/100\n|turn|31\n|\n|t:|1665553544\n|switch|p1a: Phantom|Rotom-Wash, shiny|10\/100\n|move|p2a: rotomwash|Nasty Plot|p2a: rotomwash\n|-boost|p2a: rotomwash|spa|2\n|\n|-heal|p2a: rotomwash|80\/100|[from] item: Leftovers\n|upkeep\n|turn|32\n|\n|t:|1665553546\n|move|p1a: Phantom|Pain Split|p2a: rotomwash\n|-sethp|p2a: rotomwash|44\/100|[from] move: Pain Split|[silent]\n|-sethp|p1a: Phantom|56\/100|[from] move: Pain Split\n|move|p2a: rotomwash|Thunderbolt|p1a: Phantom\n|-damage|p1a: Phantom|0 fnt\n|faint|p1a: Phantom\n|\n|-heal|p2a: rotomwash|50\/100|[from] item: Leftovers\n|upkeep\n|\n|t:|1665553551\n|switch|p1a: Bandit|Weavile, M, shiny|51\/100\n|-ability|p1a: Bandit|Pressure\n|turn|33\n|\n|t:|1665553552\n|move|p1a: Bandit|Knock Off|p2a: rotomwash\n|-damage|p2a: rotomwash|0 fnt\n|-enditem|p2a: rotomwash|Leftovers|[from] move: Knock Off|[of] p1a: Bandit\n|faint|p2a: rotomwash\n|\n|upkeep\n|\n|t:|1665553552\n|switch|p2a: Tangrowth|Tangrowth, F|100\/100\n|turn|34\n|\n|t:|1665553554\n|move|p1a: Bandit|Knock Off|p2a: Tangrowth\n|-damage|p2a: Tangrowth|76\/100\n|move|p2a: Tangrowth|Knock Off|p1a: Bandit\n|-resisted|p1a: Bandit\n|-damage|p1a: Bandit|33\/100\n|-enditem|p1a: Bandit|Choice Band|[from] move: Knock Off|[of] p2a: Tangrowth\n|\n|upkeep\n|turn|35\n|\n|t:|1665553556\n|move|p1a: Bandit|Knock Off|p2a: Tangrowth\n|-damage|p2a: Tangrowth|58\/100\n|move|p2a: Tangrowth|Sleep Powder|p1a: Bandit\n|-status|p1a: Bandit|slp|[from] move: Sleep Powder\n|\n|upkeep\n|turn|36\n|\n|t:|1665553557\n|cant|p1a: Bandit|slp\n|move|p2a: Tangrowth|Knock Off|p1a: Bandit\n|-resisted|p1a: Bandit\n|-damage|p1a: Bandit|21\/100 slp\n|\n|upkeep\n|turn|37\n|\n|t:|1665553558\n|cant|p1a: Bandit|slp\n|move|p2a: Tangrowth|Knock Off|p1a: Bandit\n|-resisted|p1a: Bandit\n|-damage|p1a: Bandit|7\/100 slp\n|\n|upkeep\n|turn|38\n|\n|t:|1665553559\n|-curestatus|p1a: Bandit|slp|[msg]\n|move|p1a: Bandit|Triple Axel|p2a: Tangrowth\n|-supereffective|p2a: Tangrowth\n|-damage|p2a: Tangrowth|49\/100\n|-supereffective|p2a: Tangrowth\n|-damage|p2a: Tangrowth|27\/100\n|-supereffective|p2a: Tangrowth\n|-damage|p2a: Tangrowth|0 fnt\n|faint|p2a: Tangrowth\n|-hitcount|p2: Tangrowth|3\n|\n|win|RggV_YT\n|raw|RggV_YT's rating: 1840 &rarr; <strong>1855<\/strong><br \/>(+15 for winning)\n|raw|minimax_ai's rating: 1753 &rarr; <strong>1738<\/strong><br \/>(-15 for losing)\n|c|\u2606minimax_ai|gg\n|l|\u2606minimax_ai\n","uploadtime":1665553561,"views":27,"p1id":"rggvyt","p2id":"minimaxai","formatid":"gen8ou","rating":1738,"private":0,"password":null}