{"id":"gen8ou-1699962265","p1":"minimax_ai","p2":"Delibird Heart","format":"gen8ou","log":"|j|\u203dminimax_ai\n|j|\u2606Delibird Heart\n|t:|1667299101\n|gametype|singles\n|player|p1|minimax_ai|266|1603\n|player|p2|Delibird Heart|guitarist-gen4|1677\n|teamsize|p1|6\n|teamsize|p2|6\n|gen|8\n|tier|[Gen 8] OU\n|rated|\n|rule|Sleep Clause Mod: Limit one foe put to sleep\n|rule|Species Clause: Limit one of each Pok\u00e9mon\n|rule|OHKO Clause: OHKO moves are banned\n|rule|Evasion Items Clause: Evasion items are banned\n|rule|Evasion Moves Clause: Evasion moves are banned\n|rule|Endless Battle Clause: Forcing endless battles is banned\n|rule|HP Percentage Mod: HP is shown in percentages\n|rule|Dynamax Clause: You cannot dynamax\n|clearpoke\n|poke|p1|Rotom-Wash|\n|poke|p1|Weavile, F|\n|poke|p1|Landorus-Therian, M|\n|poke|p1|Heatran, M|\n|poke|p1|Tangrowth, F|\n|poke|p1|Melmetal|\n|poke|p2|Ninetales-Alola, M|\n|poke|p2|Arctozolt|\n|poke|p2|Blissey, F|\n|poke|p2|Zapdos|\n|poke|p2|Garchomp, F|\n|poke|p2|Ferrothorn, F|\n|teampreview\n|inactive|Battle timer is ON: inactive players will automatically lose when time's up. (requested by Delibird Heart)\n|inactive|minimax_ai also wants the timer to be on.\n|\n|t:|1667299112\n|start\n|switch|p1a: Landorus|Landorus-Therian, M|100\/100\n|switch|p2a: Ferrothorn|Ferrothorn, F|100\/100\n|-ability|p1a: Landorus|Intimidate|boost\n|-unboost|p2a: Ferrothorn|atk|1\n|turn|1\n|\n|t:|1667299116\n|move|p1a: Landorus|Earthquake|p2a: Ferrothorn\n|-damage|p2a: Ferrothorn|72\/100\n|move|p2a: Ferrothorn|Spikes|p1a: Landorus\n|-sidestart|p1: minimax_ai|Spikes\n|\n|-heal|p2a: Ferrothorn|78\/100|[from] item: Leftovers\n|upkeep\n|turn|2\n|\n|t:|1667299121\n|move|p1a: Landorus|Defog|p2a: Ferrothorn\n|-unboost|p2a: Ferrothorn|evasion|1\n|-sideend|p1: minimax_ai|Spikes|[from] move: Defog|[of] p1a: Landorus\n|move|p2a: Ferrothorn|Leech Seed|p1a: Landorus\n|-start|p1a: Landorus|move: Leech Seed\n|\n|-heal|p2a: Ferrothorn|84\/100|[from] item: Leftovers\n|-damage|p1a: Landorus|88\/100|[from] Leech Seed|[of] p2a: Ferrothorn\n|-heal|p2a: Ferrothorn|98\/100|[silent]\n|upkeep\n|turn|3\n|\n|t:|1667299123\n|switch|p1a: Heatran|Heatran, M|100\/100\n|-item|p1a: Heatran|Air Balloon\n|move|p2a: Ferrothorn|Spikes|p1a: Heatran\n|-sidestart|p1: minimax_ai|Spikes\n|\n|-heal|p2a: Ferrothorn|100\/100|[from] item: Leftovers\n|upkeep\n|turn|4\n|\n|t:|1667299126\n|switch|p2a: Blissey|Blissey, F|100\/100\n|move|p1a: Heatran|Eruption|p2a: Blissey\n|-damage|p2a: Blissey|73\/100\n|\n|upkeep\n|turn|5\n|\n|t:|1667299128\n|move|p1a: Heatran|Magma Storm|p2a: Blissey\n|-damage|p2a: Blissey|55\/100\n|-activate|p2a: Blissey|move: Magma Storm|[of] p1a: Heatran\n|move|p2a: Blissey|Seismic Toss|p1a: Heatran\n|-damage|p1a: Heatran|70\/100\n|-enditem|p1a: Heatran|Air Balloon\n|\n|-damage|p2a: Blissey|43\/100|[from] move: Magma Storm|[partiallytrapped]\n|upkeep\n|turn|6\n|\n|t:|1667299130\n|move|p1a: Heatran|Stealth Rock|p2a: Blissey\n|-sidestart|p2: Delibird Heart|move: Stealth Rock\n|move|p2a: Blissey|Soft-Boiled|p2a: Blissey\n|-heal|p2a: Blissey|93\/100\n|\n|-damage|p2a: Blissey|80\/100|[from] move: Magma Storm|[partiallytrapped]\n|upkeep\n|turn|7\n|\n|t:|1667299132\n|move|p1a: Heatran|Magma Storm|p2a: Blissey\n|-damage|p2a: Blissey|62\/100\n|move|p2a: Blissey|Seismic Toss|p1a: Heatran\n|-damage|p1a: Heatran|39\/100\n|\n|-damage|p2a: Blissey|49\/100|[from] move: Magma Storm|[partiallytrapped]\n|upkeep\n|turn|8\n|\n|t:|1667299134\n|move|p1a: Heatran|Magma Storm|p2a: Blissey|[miss]\n|-miss|p1a: Heatran|p2a: Blissey\n|move|p2a: Blissey|Soft-Boiled|p2a: Blissey\n|-heal|p2a: Blissey|99\/100\n|\n|-damage|p2a: Blissey|87\/100|[from] move: Magma Storm|[partiallytrapped]\n|upkeep\n|turn|9\n|\n|t:|1667299136\n|move|p1a: Heatran|Magma Storm|p2a: Blissey\n|-damage|p2a: Blissey|66\/100\n|move|p2a: Blissey|Seismic Toss|p1a: Heatran\n|-damage|p1a: Heatran|8\/100\n|\n|-end|p2a: Blissey|Magma Storm|[partiallytrapped]\n|upkeep\n|turn|10\n|\n|t:|1667299138\n|move|p1a: Heatran|Magma Storm|p2a: Blissey\n|-damage|p2a: Blissey|47\/100\n|-activate|p2a: Blissey|move: Magma Storm|[of] p1a: Heatran\n|move|p2a: Blissey|Seismic Toss|p1a: Heatran\n|-damage|p1a: Heatran|0 fnt\n|faint|p1a: Heatran\n|\n|-end|p2a: Blissey|Magma Storm|[partiallytrapped]|[silent]\n|upkeep\n|\n|t:|1667299138\n|switch|p1a: Weavile|Weavile, F|100\/100\n|-damage|p1a: Weavile|88\/100|[from] Spikes\n|-ability|p1a: Weavile|Pressure\n|turn|11\n|\n|t:|1667299140\n|switch|p2a: Ferrothorn|Ferrothorn, F|100\/100\n|-damage|p2a: Ferrothorn|95\/100|[from] Stealth Rock\n|move|p1a: Weavile|Knock Off|p2a: Ferrothorn\n|-damage|p2a: Ferrothorn|55\/100\n|-damage|p1a: Weavile|76\/100|[from] ability: Iron Barbs|[of] p2a: Ferrothorn\n|-enditem|p2a: Ferrothorn|Leftovers|[from] move: Knock Off|[of] p1a: Weavile\n|\n|upkeep\n|turn|12\n|\n|t:|1667299144\n|switch|p1a: Landorus|Landorus-Therian, M|88\/100\n|-ability|p1a: Landorus|Intimidate|boost\n|-unboost|p2a: Ferrothorn|atk|1\n|move|p2a: Ferrothorn|Leech Seed|p1a: Landorus\n|-start|p1a: Landorus|move: Leech Seed\n|\n|-heal|p1a: Landorus|94\/100|[from] item: Leftovers\n|-damage|p1a: Landorus|82\/100|[from] Leech Seed|[of] p2a: Ferrothorn\n|-heal|p2a: Ferrothorn|69\/100|[silent]\n|upkeep\n|turn|13\n|\n|t:|1667299154\n|move|p1a: Landorus|U-turn|p2a: Ferrothorn\n|-damage|p2a: Ferrothorn|56\/100\n|-damage|p1a: Landorus|70\/100|[from] ability: Iron Barbs|[of] p2a: Ferrothorn\n|\n|t:|1667299155\n|switch|p1a: Tangrowth|Tangrowth, F|100\/100|[from]move: U-turn\n|-damage|p1a: Tangrowth|88\/100|[from] Spikes\n|move|p2a: Ferrothorn|Knock Off|p1a: Tangrowth\n|-damage|p1a: Tangrowth|81\/100\n|-damage|p2a: Ferrothorn|39\/100|[from] item: Rocky Helmet|[of] p1a: Tangrowth\n|-enditem|p1a: Tangrowth|Rocky Helmet|[from] move: Knock Off|[of] p2a: Ferrothorn\n|\n|upkeep\n|turn|14\n|\n|t:|1667299162\n|switch|p2a: Zapdos|Zapdos|100\/100\n|move|p1a: Tangrowth|Focus Blast|p2a: Zapdos|[miss]\n|-miss|p1a: Tangrowth|p2a: Zapdos\n|\n|upkeep\n|turn|15\n|\n|t:|1667299173\n|switch|p1a: Landorus|Landorus-Therian, M|70\/100\n|-ability|p1a: Landorus|Intimidate|boost\n|-unboost|p2a: Zapdos|atk|1\n|move|p2a: Zapdos|Heat Wave|p1a: Landorus\n|-damage|p1a: Landorus|49\/100\n|\n|-heal|p1a: Landorus|55\/100|[from] item: Leftovers\n|upkeep\n|turn|16\n|\n|t:|1667299180\n|switch|p2a: Blissey|Blissey, F|47\/100\n|move|p1a: Landorus|Toxic|p2a: Blissey\n|-status|p2a: Blissey|tox\n|\n|-heal|p1a: Landorus|61\/100|[from] item: Leftovers\n|-damage|p2a: Blissey|41\/100 tox|[from] psn\n|upkeep\n|turn|17\n|\n|t:|1667299182\n|move|p1a: Landorus|Earthquake|p2a: Blissey\n|-damage|p2a: Blissey|0 fnt\n|faint|p2a: Blissey\n|\n|-heal|p1a: Landorus|67\/100|[from] item: Leftovers\n|upkeep\n|\n|t:|1667299195\n|switch|p2a: Garchomp|Garchomp, F|100\/100\n|-damage|p2a: Garchomp|94\/100|[from] Stealth Rock\n|turn|18\n|\n|t:|1667299198\n|move|p2a: Garchomp|Toxic|p1a: Landorus|[miss]\n|-miss|p2a: Garchomp|p1a: Landorus\n|move|p1a: Landorus|Earthquake|p2a: Garchomp\n|-damage|p2a: Garchomp|63\/100\n|\n|-heal|p1a: Landorus|73\/100|[from] item: Leftovers\n|upkeep\n|turn|19\n|\n|t:|1667299201\n|move|p2a: Garchomp|Toxic|p1a: Landorus\n|-status|p1a: Landorus|tox\n|move|p1a: Landorus|Toxic|p2a: Garchomp\n|-status|p2a: Garchomp|tox\n|\n|-heal|p1a: Landorus|79\/100 tox|[from] item: Leftovers\n|-damage|p2a: Garchomp|56\/100 tox|[from] psn\n|-damage|p1a: Landorus|73\/100 tox|[from] psn\n|upkeep\n|turn|20\n|\n|t:|1667299202\n|move|p2a: Garchomp|Stealth Rock|p1a: Landorus\n|-sidestart|p1: minimax_ai|move: Stealth Rock\n|move|p1a: Landorus|U-turn|p2a: Garchomp\n|-crit|p2a: Garchomp\n|-damage|p2a: Garchomp|33\/100 tox\n|-damage|p1a: Landorus|61\/100 tox|[from] ability: Rough Skin|[of] p2a: Garchomp\n|-damage|p1a: Landorus|44\/100 tox|[from] item: Rocky Helmet|[of] p2a: Garchomp\n|\n|t:|1667299203\n|switch|p1a: Weavile|Weavile, F|76\/100|[from]move: U-turn\n|-damage|p1a: Weavile|63\/100|[from] Spikes\n|-damage|p1a: Weavile|38\/100|[from] Stealth Rock\n|-ability|p1a: Weavile|Pressure\n|\n|-damage|p2a: Garchomp|20\/100 tox|[from] psn\n|upkeep\n|turn|21\n|\n|t:|1667299207\n|switch|p2a: Ferrothorn|Ferrothorn, F|39\/100\n|-damage|p2a: Ferrothorn|33\/100|[from] Stealth Rock\n|move|p1a: Weavile|Knock Off|p2a: Ferrothorn\n|-damage|p2a: Ferrothorn|6\/100\n|-damage|p1a: Weavile|26\/100|[from] ability: Iron Barbs|[of] p2a: Ferrothorn\n|\n|upkeep\n|turn|22\n|\n|t:|1667299209\n|move|p1a: Weavile|Knock Off|p2a: Ferrothorn\n|-damage|p2a: Ferrothorn|0 fnt\n|-damage|p1a: Weavile|13\/100|[from] ability: Iron Barbs|[of] p2a: Ferrothorn\n|faint|p2a: Ferrothorn\n|\n|upkeep\n|\n|t:|1667299213\n|switch|p2a: Ninetales|Ninetales-Alola, M|100\/100\n|-damage|p2a: Ninetales|76\/100|[from] Stealth Rock\n|-weather|Hail|[from] ability: Snow Warning|[of] p2a: Ninetales\n|turn|23\n|\n|t:|1667299217\n|switch|p2a: Garchomp|Garchomp, F|20\/100 tox\n|-damage|p2a: Garchomp|14\/100 tox|[from] Stealth Rock\n|move|p1a: Weavile|Knock Off|p2a: Garchomp\n|-damage|p2a: Garchomp|0 fnt\n|-damage|p1a: Weavile|1\/100|[from] ability: Rough Skin|[of] p2a: Garchomp\n|-damage|p1a: Weavile|0 fnt|[from] item: Rocky Helmet|[of] p2a: Garchomp\n|faint|p2a: Garchomp\n|faint|p1a: Weavile\n|\n|-weather|Hail|[upkeep]\n|upkeep\n|\n|t:|1667299220\n|switch|p1a: Melmetal|Melmetal|100\/100\n|switch|p2a: Zapdos|Zapdos|100\/100\n|-damage|p1a: Melmetal|88\/100|[from] Spikes\n|-damage|p1a: Melmetal|82\/100|[from] Stealth Rock\n|turn|24\n|\n|t:|1667299222\n|move|p2a: Zapdos|Heat Wave|p1a: Melmetal\n|-supereffective|p1a: Melmetal\n|-damage|p1a: Melmetal|53\/100\n|move|p1a: Melmetal|Ice Punch|p2a: Zapdos\n|-supereffective|p2a: Zapdos\n|-damage|p2a: Zapdos|51\/100\n|\n|-weather|Hail|[upkeep]\n|-damage|p2a: Zapdos|45\/100|[from] Hail\n|-damage|p1a: Melmetal|47\/100|[from] Hail\n|upkeep\n|turn|25\n|\n|t:|1667299235\n|move|p2a: Zapdos|Heat Wave|p1a: Melmetal\n|-supereffective|p1a: Melmetal\n|-damage|p1a: Melmetal|18\/100\n|move|p1a: Melmetal|Double Iron Bash|p2a: Zapdos\n|-resisted|p2a: Zapdos\n|-damage|p2a: Zapdos|30\/100\n|-status|p1a: Melmetal|par|[from] ability: Static|[of] p2a: Zapdos\n|-resisted|p2a: Zapdos\n|-damage|p2a: Zapdos|15\/100\n|-hitcount|p2a: Zapdos|2\n|\n|-weather|Hail|[upkeep]\n|-damage|p2a: Zapdos|9\/100|[from] Hail\n|-damage|p1a: Melmetal|12\/100 par|[from] Hail\n|upkeep\n|turn|26\n|\n|t:|1667299242\n|move|p2a: Zapdos|Volt Switch|p1a: Melmetal\n|-damage|p1a: Melmetal|0 fnt\n|faint|p1a: Melmetal\n|\n|t:|1667299243\n|switch|p2a: Arctozolt|Arctozolt|100\/100|[from]move: Volt Switch\n|-damage|p2a: Arctozolt|76\/100|[from] Stealth Rock\n|\n|-weather|Hail|[upkeep]\n|upkeep\n|\n|t:|1667299243\n|switch|p1a: Landorus|Landorus-Therian, M|44\/100 tox\n|-damage|p1a: Landorus|32\/100 tox|[from] Stealth Rock\n|-ability|p1a: Landorus|Intimidate|boost\n|-unboost|p2a: Arctozolt|atk|1\n|turn|27\n|\n|t:|1667299245\n|move|p2a: Arctozolt|Freeze-Dry|p1a: Landorus\n|-supereffective|p1a: Landorus\n|-damage|p1a: Landorus|0 fnt\n|faint|p1a: Landorus\n|-damage|p2a: Arctozolt|66\/100|[from] item: Life Orb\n|\n|-weather|Hail|[upkeep]\n|upkeep\n|\n|t:|1667299245\n|switch|p1a: Rotom|Rotom-Wash|100\/100\n|-damage|p1a: Rotom|88\/100|[from] Stealth Rock\n|turn|28\n|\n|t:|1667299251\n|switch|p2a: Zapdos|Zapdos|9\/100\n|move|p1a: Rotom|Hydro Pump|p2a: Zapdos\n|-damage|p2a: Zapdos|0 fnt\n|faint|p2a: Zapdos\n|\n|-weather|Hail|[upkeep]\n|-damage|p1a: Rotom|82\/100|[from] Hail\n|-heal|p1a: Rotom|88\/100|[from] item: Leftovers\n|upkeep\n|\n|t:|1667299253\n|switch|p2a: Arctozolt|Arctozolt|66\/100\n|-damage|p2a: Arctozolt|41\/100|[from] Stealth Rock\n|turn|29\n|\n|t:|1667299253\n|switch|p1a: Tangrowth|Tangrowth, F|100\/100\n|-damage|p1a: Tangrowth|88\/100|[from] Spikes\n|-damage|p1a: Tangrowth|76\/100|[from] Stealth Rock\n|move|p2a: Arctozolt|Bolt Beak|p1a: Tangrowth\n|-resisted|p1a: Tangrowth\n|-damage|p1a: Tangrowth|50\/100\n|-damage|p2a: Arctozolt|31\/100|[from] item: Life Orb\n|\n|-weather|Hail|[upkeep]\n|-damage|p1a: Tangrowth|44\/100|[from] Hail\n|upkeep\n|turn|30\n|\n|t:|1667299256\n|move|p2a: Arctozolt|Icicle Crash|p1a: Tangrowth\n|-supereffective|p1a: Tangrowth\n|-damage|p1a: Tangrowth|0 fnt\n|faint|p1a: Tangrowth\n|-damage|p2a: Arctozolt|21\/100|[from] item: Life Orb\n|\n|-weather|none\n|upkeep\n|\n|t:|1667299256\n|switch|p1a: Rotom|Rotom-Wash|88\/100\n|-damage|p1a: Rotom|75\/100|[from] Stealth Rock\n|turn|31\n|\n|t:|1667299260\n|move|p1a: Rotom|Thunderbolt|p2a: Arctozolt\n|-resisted|p2a: Arctozolt\n|-damage|p2a: Arctozolt|0 fnt\n|faint|p2a: Arctozolt\n|\n|-heal|p1a: Rotom|82\/100|[from] item: Leftovers\n|upkeep\n|\n|t:|1667299262\n|switch|p2a: Ninetales|Ninetales-Alola, M|76\/100\n|-damage|p2a: Ninetales|51\/100|[from] Stealth Rock\n|-weather|Hail|[from] ability: Snow Warning|[of] p2a: Ninetales\n|turn|32\n|\n|t:|1667299264\n|move|p2a: Ninetales|Moonblast|p1a: Rotom\n|-damage|p1a: Rotom|41\/100\n|move|p1a: Rotom|Pain Split|p2a: Ninetales\n|-sethp|p2a: Ninetales|47\/100|[from] move: Pain Split|[silent]\n|-sethp|p1a: Rotom|45\/100|[from] move: Pain Split\n|\n|-weather|Hail|[upkeep]\n|-damage|p1a: Rotom|38\/100|[from] Hail\n|-heal|p1a: Rotom|45\/100|[from] item: Leftovers\n|upkeep\n|turn|33\n|\n|t:|1667299269\n|move|p2a: Ninetales|Encore|p1a: Rotom\n|-start|p1a: Rotom|Encore\n|move|p1a: Rotom|Pain Split|p2a: Ninetales\n|-sethp|p2a: Ninetales|47\/100|[from] move: Pain Split|[silent]\n|-sethp|p1a: Rotom|45\/100|[from] move: Pain Split\n|\n|-weather|Hail|[upkeep]\n|-damage|p1a: Rotom|38\/100|[from] Hail\n|-heal|p1a: Rotom|45\/100|[from] item: Leftovers\n|upkeep\n|turn|34\n|\n|t:|1667299271\n|move|p2a: Ninetales|Nasty Plot|p2a: Ninetales\n|-boost|p2a: Ninetales|spa|2\n|move|p1a: Rotom|Pain Split|p2a: Ninetales\n|-sethp|p2a: Ninetales|47\/100|[from] move: Pain Split|[silent]\n|-sethp|p1a: Rotom|45\/100|[from] move: Pain Split\n|\n|-weather|Hail|[upkeep]\n|-damage|p1a: Rotom|38\/100|[from] Hail\n|-heal|p1a: Rotom|45\/100|[from] item: Leftovers\n|upkeep\n|turn|35\n|\n|t:|1667299273\n|move|p2a: Ninetales|Moonblast|p1a: Rotom\n|-damage|p1a: Rotom|0 fnt\n|faint|p1a: Rotom\n|\n|win|Delibird Heart\n|raw|minimax_ai's rating: 1603 &rarr; <strong>1587<\/strong><br \/>(-16 for losing)\n|raw|Delibird Heart's rating: 1677 &rarr; <strong>1693<\/strong><br \/>(+16 for winning)\n","uploadtime":1667299275,"views":16,"p1id":"minimaxai","p2id":"delibirdheart","formatid":"gen8ou","rating":1587,"private":0,"password":null}