{"id":"gen8ou-1508843887","p1":"Le-Perpetrator","p2":"Sombra Diurna","format":"gen8ou","log":"|j|\u2606Le-Perpetrator\n|j|\u2606Sombra Diurna\n|t:|1644593214\n|gametype|singles\n|player|p1|Le-Perpetrator|170|1756\n|player|p2|Sombra Diurna|chili|1727\n|teamsize|p1|6\n|teamsize|p2|6\n|gen|8\n|tier|[Gen 8] OU\n|rated|\n|rule|Sleep Clause Mod: Limit one foe put to sleep\n|rule|Species Clause: Limit one of each Pok\u00e9mon\n|rule|OHKO Clause: OHKO moves are banned\n|rule|Evasion Moves Clause: Evasion moves are banned\n|rule|Endless Battle Clause: Forcing endless battles is banned\n|rule|HP Percentage Mod: HP is shown in percentages\n|rule|Dynamax Clause: You cannot dynamax\n|clearpoke\n|poke|p1|Toxapex, M|\n|poke|p1|Ferrothorn, M|\n|poke|p1|Hatterene, F|\n|poke|p1|Landorus-Therian, M|\n|poke|p1|Victini|\n|poke|p1|Dragapult, F|\n|poke|p2|Slowbro, M|\n|poke|p2|Hatterene, F|\n|poke|p2|Marowak-Alola, F|\n|poke|p2|Ferrothorn, F|\n|poke|p2|Garchomp, F|\n|poke|p2|Drampa, F|\n|teampreview\n|j| AlIoutdragadarts\n|j| monobrazil\n|inactive|Battle timer is ON: inactive players will automatically lose when time's up. (requested by Sombra Diurna)\n|\n|t:|1644593244\n|start\n|switch|p1a: Dragapult|Dragapult, F|100\/100\n|switch|p2a: Falko|Drampa, F|100\/100\n|turn|1\n|\n|t:|1644593251\n|switch|p2a: Thorns|Ferrothorn, F|100\/100\n|move|p1a: Dragapult|Draco Meteor|p2a: Thorns\n|-resisted|p2a: Thorns\n|-damage|p2a: Thorns|72\/100\n|-unboost|p1a: Dragapult|spa|2\n|\n|-heal|p2a: Thorns|78\/100|[from] item: Leftovers\n|upkeep\n|turn|2\n|\n|t:|1644593261\n|switch|p1a: Condom|Hatterene, F|100\/100\n|switch|p2a: Sonso|Slowbro, M|100\/100\n|\n|upkeep\n|turn|3\n|\n|t:|1644593266\n|move|p1a: Condom|Dazzling Gleam|p2a: Sonso\n|-damage|p2a: Sonso|23\/100\n|move|p2a: Sonso|Trick Room|p2a: Sonso\n|-fieldstart|move: Trick Room|[of] p2a: Sonso\n|\n|upkeep\n|turn|4\n|\n|t:|1644593273\n|switch|p2a: Billy B.|Marowak-Alola, F|100\/100\n|move|p1a: Condom|Dazzling Gleam|p2a: Billy B.\n|-resisted|p2a: Billy B.\n|-damage|p2a: Billy B.|56\/100\n|\n|upkeep\n|turn|5\n|\n|t:|1644593279\n|switch|p1a: NastyInsertion|Toxapex, M|100\/100\n|move|p2a: Billy B.|Swords Dance|p2a: Billy B.\n|-boost|p2a: Billy B.|atk|2\n|\n|upkeep\n|turn|6\n|\n|t:|1644593285\n|move|p1a: NastyInsertion|Baneful Bunker|p1a: NastyInsertion\n|-singleturn|p1a: NastyInsertion|move: Protect\n|move|p2a: Billy B.|Poltergeist|p1a: NastyInsertion\n|-activate|p1a: NastyInsertion|move: Protect\n|\n|upkeep\n|turn|7\n|\n|t:|1644593299\n|switch|p1a: SpankBang|Victini|100\/100\n|move|p2a: Billy B.|Poltergeist|p1a: SpankBang\n|-activate|p1a: SpankBang|move: Poltergeist|Choice Band\n|-supereffective|p1a: SpankBang\n|-damage|p1a: SpankBang|0 fnt\n|faint|p1a: SpankBang\n|\n|-fieldend|move: Trick Room\n|upkeep\n|\n|t:|1644593308\n|switch|p1a: BillieEllish|Landorus-Therian, M|100\/100\n|-ability|p1a: BillieEllish|Intimidate|boost\n|-unboost|p2a: Billy B.|atk|1\n|turn|8\n|\n|t:|1644593314\n|switch|p2a: Thorns|Ferrothorn, F|78\/100\n|move|p1a: BillieEllish|Earthquake|p2a: Thorns\n|-damage|p2a: Thorns|31\/100\n|\n|-heal|p2a: Thorns|37\/100|[from] item: Leftovers\n|upkeep\n|turn|9\n|\n|t:|1644593321\n|move|p1a: BillieEllish|Earthquake|p2a: Thorns\n|-damage|p2a: Thorns|0 fnt\n|faint|p2a: Thorns\n|\n|upkeep\n|\n|t:|1644593326\n|switch|p2a: Sonso|Slowbro, M|56\/100\n|turn|10\n|\n|t:|1644593328\n|move|p1a: BillieEllish|Earthquake|p2a: Sonso\n|-damage|p2a: Sonso|20\/100\n|move|p2a: Sonso|Slack Off|p2a: Sonso\n|-heal|p2a: Sonso|70\/100\n|\n|upkeep\n|turn|11\n|\n|t:|1644593336\n|switch|p1a: Dragapult|Dragapult, F|100\/100\n|move|p2a: Sonso|Trick Room|p2a: Sonso\n|-fieldstart|move: Trick Room|[of] p2a: Sonso\n|\n|upkeep\n|turn|12\n|\n|t:|1644593346\n|switch|p2a: Sharpo|Garchomp, F|100\/100\n|move|p1a: Dragapult|Shadow Ball|p2a: Sharpo\n|-damage|p2a: Sharpo|42\/100\n|\n|-heal|p2a: Sharpo|48\/100|[from] item: Leftovers\n|upkeep\n|turn|13\n|\n|t:|1644593357\n|switch|p2a: Falko|Drampa, F|100\/100\n|switch|p1a: BillieEllish|Landorus-Therian, M|100\/100\n|-ability|p1a: BillieEllish|Intimidate|boost\n|-unboost|p2a: Falko|atk|1\n|\n|upkeep\n|turn|14\n|\n|t:|1644593365\n|switch|p1a: NastyInsertion|Toxapex, M|100\/100\n|move|p2a: Falko|Hyper Voice|p1a: NastyInsertion\n|-damage|p1a: NastyInsertion|50\/100\n|-damage|p2a: Falko|91\/100|[from] item: Life Orb\n|\n|-heal|p1a: NastyInsertion|57\/100|[from] item: Black Sludge\n|upkeep\n|turn|15\n|\n|t:|1644593373\n|switch|p2a: Sharpo|Garchomp, F|48\/100\n|move|p1a: NastyInsertion|Recover|p1a: NastyInsertion\n|-heal|p1a: NastyInsertion|100\/100\n|\n|-heal|p2a: Sharpo|54\/100|[from] item: Leftovers\n|-fieldend|move: Trick Room\n|upkeep\n|turn|16\n|\n|t:|1644593380\n|move|p2a: Sharpo|Swords Dance|p2a: Sharpo\n|-boost|p2a: Sharpo|atk|2\n|move|p1a: NastyInsertion|Toxic Spikes|p2a: Sharpo\n|-sidestart|p2: Sombra Diurna|move: Toxic Spikes\n|\n|-heal|p2a: Sharpo|60\/100|[from] item: Leftovers\n|upkeep\n|turn|17\n|\n|t:|1644593387\n|switch|p1a: BillieEllish|Landorus-Therian, M|100\/100\n|-ability|p1a: BillieEllish|Intimidate|boost\n|-unboost|p2a: Sharpo|atk|1\n|move|p2a: Sharpo|Swords Dance|p2a: Sharpo\n|-boost|p2a: Sharpo|atk|2\n|\n|-heal|p2a: Sharpo|66\/100|[from] item: Leftovers\n|upkeep\n|turn|18\n|\n|t:|1644593395\n|move|p1a: BillieEllish|Earthquake|p2a: Sharpo\n|-damage|p2a: Sharpo|3\/100\n|move|p2a: Sharpo|Stone Edge|p1a: BillieEllish\n|-damage|p1a: BillieEllish|5\/100\n|\n|-heal|p2a: Sharpo|9\/100|[from] item: Leftovers\n|upkeep\n|turn|19\n|j| UYFGYCFGVXCFGVCGV\n|inactive|Sombra Diurna has 120 seconds left.\n|\n|t:|1644593426\n|switch|p2a: Sonso|Slowbro, M|100\/100\n|-status|p2a: Sonso|psn\n|move|p1a: BillieEllish|Earthquake|p2a: Sonso\n|-damage|p2a: Sonso|63\/100 psn\n|\n|-damage|p2a: Sonso|50\/100 psn|[from] psn\n|upkeep\n|turn|20\n|\n|t:|1644593434\n|move|p1a: BillieEllish|Earthquake|p2a: Sonso\n|-damage|p2a: Sonso|12\/100 psn\n|move|p2a: Sonso|Trick Room|p2a: Sonso\n|-fieldstart|move: Trick Room|[of] p2a: Sonso\n|\n|-damage|p2a: Sonso|0 fnt|[from] psn\n|faint|p2a: Sonso\n|upkeep\n|\n|t:|1644593440\n|switch|p2a: Billy B.|Marowak-Alola, F|56\/100\n|-status|p2a: Billy B.|psn\n|turn|21\n|\n|t:|1644593446\n|switch|p1a: NastyInsertion|Toxapex, M|100\/100\n|move|p2a: Billy B.|Flare Blitz|p1a: NastyInsertion\n|-resisted|p1a: NastyInsertion\n|-damage|p1a: NastyInsertion|64\/100\n|\n|-heal|p1a: NastyInsertion|71\/100|[from] item: Black Sludge\n|-damage|p2a: Billy B.|44\/100 psn|[from] psn\n|upkeep\n|turn|22\n|\n|t:|1644593460\n|move|p1a: NastyInsertion|Baneful Bunker|p1a: NastyInsertion\n|-singleturn|p1a: NastyInsertion|move: Protect\n|move|p2a: Billy B.|Poltergeist|p1a: NastyInsertion\n|-activate|p1a: NastyInsertion|move: Protect\n|\n|-heal|p1a: NastyInsertion|77\/100|[from] item: Black Sludge\n|-damage|p2a: Billy B.|31\/100 psn|[from] psn\n|upkeep\n|turn|23\n|\n|t:|1644593470\n|move|p2a: Billy B.|Poltergeist|p1a: NastyInsertion\n|-activate|p1a: NastyInsertion|move: Poltergeist|Black Sludge\n|-damage|p1a: NastyInsertion|8\/100\n|move|p1a: NastyInsertion|Scald|p2a: Billy B.\n|-supereffective|p2a: Billy B.\n|-damage|p2a: Billy B.|0 fnt\n|faint|p2a: Billy B.\n|\n|-heal|p1a: NastyInsertion|14\/100|[from] item: Black Sludge\n|upkeep\n|-message|Sombra Diurna forfeited.\n|\n|win|Le-Perpetrator\n|raw|Le-Perpetrator's rating: 1756 &rarr; <strong>1774<\/strong><br \/>(+18 for winning)\n|raw|Sombra Diurna's rating: 1727 &rarr; <strong>1709<\/strong><br \/>(-18 for losing)\n|l|\u2606Sombra Diurna\n","uploadtime":1644593496,"views":59,"p1id":"leperpetrator","p2id":"sombradiurna","formatid":"gen8ou","rating":1709,"private":0,"password":null}