{"id":"gen8pu-1298030350","p1":"RNG Jutsu","p2":"PedroGreg","format":"gen8pu","log":"|j|\u2606RNG Jutsu\n|j|\u2606PedroGreg\n|t:|1615328510\n|player|p1|RNG Jutsu|koga-gen2|1343\n|player|p2|PedroGreg|elesa|1320\n|teamsize|p1|6\n|teamsize|p2|6\n|gametype|singles\n|gen|8\n|tier|[Gen 8] PU\n|rated|\n|clearpoke\n|poke|p1|Gallade, M|\n|poke|p1|Vikavolt, M|\n|poke|p1|Weezing, M|\n|poke|p1|Regirock|\n|poke|p1|Talonflame, F|\n|poke|p1|Trevenant, M|\n|poke|p2|Mesprit|\n|poke|p2|Torkoal, F|\n|poke|p2|Exeggutor-Alola, F|\n|poke|p2|Throh, M|\n|poke|p2|Whimsicott, F|\n|poke|p2|Gourgeist-*, F|\n|rule|Sleep Clause Mod: Limit one foe put to sleep\n|rule|Species Clause: Limit one of each Pok\u00e9mon\n|rule|OHKO Clause: OHKO moves are banned\n|rule|Evasion Moves Clause: Evasion moves are banned\n|rule|Endless Battle Clause: Forcing endless battles is banned\n|rule|HP Percentage Mod: HP is shown in percentages\n|rule|Dynamax Clause: You cannot dynamax\n|teampreview\n|c|\u2606RNG Jutsu|gl\n|c|\u2606PedroGreg|hf\n|c|\u2606RNG Jutsu|drought is legal?\n|c|\u2606PedroGreg|nop\n|c|\u2606RNG Jutsu|ahh lol\n|\n|t:|1615328533\n|start\n|switch|p1a: Vikavolt|Vikavolt, M|100\/100\n|switch|p2a: Gourgeist|Gourgeist-Super, F|100\/100\n|-item|p1a: Vikavolt|Heavy-Duty Boots|[from] ability: Frisk|[of] p2a: Gourgeist|[identify]\n|turn|1\n|\n|t:|1615328541\n|switch|p1a: Regirock|Regirock|100\/100\n|move|p2a: Gourgeist|Trick Room|p2a: Gourgeist\n|-fieldstart|move: Trick Room|[of] p2a: Gourgeist\n|\n|upkeep\n|turn|2\n|\n|t:|1615328553\n|switch|p2a: Exeggutor|Exeggutor-Alola, F|100\/100\n|-item|p1a: Regirock|Leftovers|[from] ability: Frisk|[of] p2a: Exeggutor|[identify]\n|move|p1a: Regirock|Toxic|p2a: Exeggutor\n|-status|p2a: Exeggutor|tox\n|\n|-damage|p2a: Exeggutor|94\/100 tox|[from] psn\n|upkeep\n|turn|3\n|\n|t:|1615328565\n|switch|p1a: Vikavolt|Vikavolt, M|100\/100\n|move|p2a: Exeggutor|Draco Meteor|p1a: Vikavolt\n|-damage|p1a: Vikavolt|0 fnt\n|-unboost|p2a: Exeggutor|spa|2\n|-damage|p2a: Exeggutor|85\/100 tox|[from] item: Life Orb\n|faint|p1a: Vikavolt\n|\n|-damage|p2a: Exeggutor|72\/100 tox|[from] psn\n|upkeep\n|\n|t:|1615328569\n|switch|p1a: Trevenant|Trevenant, M|100\/100\n|turn|4\n|\n|t:|1615328583\n|switch|p2a: Mesprit|Mesprit|100\/100\n|move|p1a: Trevenant|Poltergeist|p2a: Mesprit\n|-activate|p2a: Mesprit|move: Poltergeist|Colbur Berry\n|-supereffective|p2a: Mesprit\n|-damage|p2a: Mesprit|0 fnt\n|faint|p2a: Mesprit\n|\n|upkeep\n|\n|t:|1615328588\n|switch|p2a: Torkoal|Torkoal, F|100\/100\n|turn|5\n|\n|t:|1615328592\n|switch|p1a: Regirock|Regirock|100\/100\n|move|p2a: Torkoal|Eruption|p1a: Regirock\n|-resisted|p1a: Regirock\n|-damage|p1a: Regirock|63\/100\n|\n|-heal|p1a: Regirock|69\/100|[from] item: Leftovers\n|-fieldend|move: Trick Room\n|upkeep\n|turn|6\n|j| Joao quebra salas\n|\n|t:|1615328605\n|switch|p2a: Throh|Throh, M|100\/100\n|move|p1a: Regirock|Stealth Rock|p2a: Throh\n|-sidestart|p2: PedroGreg|move: Stealth Rock\n|\n|-heal|p1a: Regirock|75\/100|[from] item: Leftovers\n|-status|p2a: Throh|brn|[from] item: Flame Orb\n|upkeep\n|turn|7\n|\n|t:|1615328612\n|switch|p1a: Talonflame|Talonflame, F|100\/100\n|move|p2a: Throh|Superpower|p1a: Talonflame\n|-resisted|p1a: Talonflame\n|-damage|p1a: Talonflame|45\/100\n|-unboost|p2a: Throh|atk|1\n|-unboost|p2a: Throh|def|1\n|\n|-damage|p2a: Throh|94\/100 brn|[from] brn\n|upkeep\n|turn|8\n|\n|t:|1615328620\n|switch|p2a: Gourgeist|Gourgeist-Super, F|100\/100\n|-damage|p2a: Gourgeist|88\/100|[from] Stealth Rock\n|-item|p1a: Talonflame|Heavy-Duty Boots|[from] ability: Frisk|[of] p2a: Gourgeist|[identify]\n|move|p1a: Talonflame|Brave Bird|p2a: Gourgeist\n|-supereffective|p2a: Gourgeist\n|-damage|p2a: Gourgeist|34\/100\n|-damage|p1a: Talonflame|27\/100|[from] Recoil\n|\n|upkeep\n|turn|9\n|\n|t:|1615328626\n|move|p1a: Talonflame|Brave Bird|p2a: Gourgeist\n|-supereffective|p2a: Gourgeist\n|-damage|p2a: Gourgeist|0 fnt\n|-damage|p1a: Talonflame|15\/100|[from] Recoil\n|faint|p2a: Gourgeist\n|\n|upkeep\n|\n|t:|1615328629\n|switch|p2a: Whimsicott|Whimsicott, F|100\/100\n|-damage|p2a: Whimsicott|88\/100|[from] Stealth Rock\n|turn|10\n|\n|t:|1615328640\n|move|p2a: Whimsicott|Sunny Day|p2a: Whimsicott\n|-weather|SunnyDay\n|move|p1a: Talonflame|Roost|p1a: Talonflame\n|-heal|p1a: Talonflame|65\/100\n|-singleturn|p1a: Talonflame|move: Roost\n|\n|-weather|SunnyDay|[upkeep]\n|upkeep\n|turn|11\n|l| Joao quebra salas\n|\n|t:|1615328648\n|move|p1a: Talonflame|Roost|p1a: Talonflame\n|-heal|p1a: Talonflame|100\/100\n|-singleturn|p1a: Talonflame|move: Roost\n|move|p2a: Whimsicott|Trick Room|p2a: Whimsicott\n|-fieldstart|move: Trick Room|[of] p2a: Whimsicott\n|\n|-weather|SunnyDay|[upkeep]\n|upkeep\n|turn|12\n|\n|t:|1615328650\n|move|p2a: Whimsicott|Memento|p1a: Talonflame\n|-unboost|p1a: Talonflame|atk|2\n|-unboost|p1a: Talonflame|spa|2\n|faint|p2a: Whimsicott\n|move|p1a: Talonflame|Brave Bird|p2: Whimsicott|[notarget]\n|-fail|p1a: Talonflame\n|\n|-weather|SunnyDay|[upkeep]\n|upkeep\n|\n|t:|1615328658\n|switch|p2a: Exeggutor|Exeggutor-Alola, F|72\/100 tox\n|-damage|p2a: Exeggutor|60\/100 tox|[from] Stealth Rock\n|-item|p1a: Talonflame|Heavy-Duty Boots|[from] ability: Frisk|[of] p2a: Exeggutor|[identify]\n|turn|13\n|\n|t:|1615328663\n|switch|p1a: Weezing|Weezing, M|100\/100\n|move|p2a: Exeggutor|Draco Meteor|p1a: Weezing|[miss]\n|-miss|p2a: Exeggutor|p1a: Weezing\n|\n|-weather|SunnyDay|[upkeep]\n|-damage|p2a: Exeggutor|54\/100 tox|[from] psn\n|upkeep\n|turn|14\n|\n|t:|1615328669\n|move|p2a: Exeggutor|Draco Meteor|p1a: Weezing\n|-damage|p1a: Weezing|0 fnt\n|-unboost|p2a: Exeggutor|spa|2\n|-damage|p2a: Exeggutor|44\/100 tox|[from] item: Life Orb\n|faint|p1a: Weezing\n|\n|-weather|SunnyDay|[upkeep]\n|-damage|p2a: Exeggutor|32\/100 tox|[from] psn\n|upkeep\n|\n|t:|1615328678\n|switch|p1a: Gallade|Gallade, M|100\/100\n|turn|15\n|\n|t:|1615328687\n|move|p2a: Exeggutor|Solar Beam||[still]\n|-prepare|p2a: Exeggutor|Solar Beam\n|-anim|p2a: Exeggutor|Solar Beam|p1a: Gallade\n|-damage|p1a: Gallade|55\/100\n|-damage|p2a: Exeggutor|22\/100 tox|[from] item: Life Orb\n|move|p1a: Gallade|Close Combat|p2a: Exeggutor\n|-damage|p2a: Exeggutor|0 fnt\n|-unboost|p1a: Gallade|def|1\n|-unboost|p1a: Gallade|spd|1\n|faint|p2a: Exeggutor\n|\n|-weather|SunnyDay|[upkeep]\n|-fieldend|move: Trick Room\n|upkeep\n|\n|t:|1615328694\n|switch|p2a: Throh|Throh, M|94\/100 brn\n|-damage|p2a: Throh|88\/100 brn|[from] Stealth Rock\n|turn|16\n|\n|t:|1615328697\n|move|p1a: Gallade|Close Combat|p2a: Throh\n|-damage|p2a: Throh|38\/100 brn\n|-unboost|p1a: Gallade|def|1\n|-unboost|p1a: Gallade|spd|1\n|move|p2a: Throh|Knock Off|p1a: Gallade\n|-damage|p1a: Gallade|0 fnt\n|-enditem|p1a: Gallade|Choice Scarf|[from] move: Knock Off|[of] p2a: Throh\n|faint|p1a: Gallade\n|\n|-weather|SunnyDay|[upkeep]\n|-damage|p2a: Throh|32\/100 brn|[from] brn\n|upkeep\n|\n|t:|1615328701\n|switch|p1a: Talonflame|Talonflame, F|100\/100\n|turn|17\n|-message|PedroGreg forfeited.\n|\n|win|RNG Jutsu\n|raw|RNG Jutsu's rating: 1343 &rarr; <strong>1358<\/strong><br \/>(+15 for winning)\n|raw|PedroGreg's rating: 1320 &rarr; <strong>1305<\/strong><br \/>(-15 for losing)\n|l|\u2606PedroGreg\n","uploadtime":1615328707,"views":45,"p1id":"rngjutsu","p2id":"pedrogreg","formatid":"gen8pu","rating":1305,"private":0,"password":null}