{"id":"gen8nationaldex-1697534242","p1":"Jrpartner","p2":"Blacksponge","format":"gen8nationaldex","log":"|j|\u2606Jrpartner\n|j|\u2606Blacksponge\n|t:|1667004646\n|gametype|singles\n|player|p1|Jrpartner|ninjaboy|1610\n|player|p2|Blacksponge|lucas|1703\n|teamsize|p1|6\n|teamsize|p2|6\n|gen|8\n|tier|[Gen 8] National Dex\n|rated|\n|rule|HP Percentage Mod: HP is shown in percentages\n|rule|Endless Battle Clause: Forcing endless battles is banned\n|rule|OHKO Clause: OHKO moves are banned\n|rule|Evasion Moves Clause: Evasion moves are banned\n|rule|Species Clause: Limit one of each Pok\u00e9mon\n|rule|Dynamax Clause: You cannot dynamax\n|rule|Sleep Clause Mod: Limit one foe put to sleep\n|clearpoke\n|poke|p1|Pinsir, M|\n|poke|p1|Greninja, M|\n|poke|p1|Kommo-o, M|\n|poke|p1|Landorus-Therian, M|\n|poke|p1|Slowking-Galar, M|\n|poke|p1|Victini|\n|poke|p2|Charizard, F|\n|poke|p2|Regieleki|\n|poke|p2|Victini|\n|poke|p2|Xatu, M|\n|poke|p2|Weavile, M|\n|poke|p2|Gliscor, M|\n|teampreview\n|inactive|Battle timer is ON: inactive players will automatically lose when time's up. (requested by Blacksponge)\n|\n|t:|1667004679\n|start\n|switch|p1a: 2edgy|Greninja, M|100\/100\n|switch|p2a: Weavile|Weavile, M|100\/100\n|-ability|p2a: Weavile|Pressure\n|turn|1\n|\n|t:|1667004684\n|move|p2a: Weavile|Brick Break|p1a: 2edgy\n|-supereffective|p1a: 2edgy\n|-damage|p1a: 2edgy|0 fnt\n|faint|p1a: 2edgy\n|\n|upkeep\n|\n|t:|1667004698\n|switch|p1a: Victini|Victini|100\/100\n|turn|2\n|\n|t:|1667004718\n|switch|p2a: Gliscor|Gliscor, M|100\/100\n|move|p1a: Victini|Blue Flare|p2a: Gliscor\n|-damage|p2a: Gliscor|45\/100\n|\n|-status|p2a: Gliscor|tox|[from] item: Toxic Orb\n|upkeep\n|turn|3\n|\n|t:|1667004731\n|switch|p1a: NASTY|Pinsir, M|100\/100\n|move|p2a: Gliscor|U-turn|p1a: NASTY\n|-damage|p1a: NASTY|82\/100\n|\n|t:|1667004736\n|switch|p2a: Weavile|Weavile, M|100\/100|[from]move: U-turn\n|-ability|p2a: Weavile|Pressure\n|\n|upkeep\n|turn|4\n|\n|t:|1667004754\n|switch|p1a: Victini|Victini|100\/100\n|move|p2a: Weavile|Triple Axel|p1a: Victini\n|-resisted|p1a: Victini\n|-damage|p1a: Victini|93\/100\n|-resisted|p1a: Victini\n|-damage|p1a: Victini|79\/100\n|-resisted|p1a: Victini\n|-damage|p1a: Victini|58\/100\n|-hitcount|p1a: Victini|3\n|\n|upkeep\n|turn|5\n|\n|t:|1667004765\n|switch|p2a: Gliscor|Gliscor, M|45\/100 tox\n|move|p1a: Victini|Blue Flare|p2a: Gliscor\n|-damage|p2a: Gliscor|0 fnt\n|faint|p2a: Gliscor\n|\n|upkeep\n|\n|t:|1667004768\n|switch|p2a: Weavile|Weavile, M|100\/100\n|-ability|p2a: Weavile|Pressure\n|turn|6\n|\n|t:|1667004773\n|switch|p1a: Puppy|Landorus-Therian, M|100\/100\n|-ability|p1a: Puppy|Intimidate|boost\n|-unboost|p2a: Weavile|atk|1\n|move|p2a: Weavile|Triple Axel|p1a: Puppy|[miss]\n|-miss|p2a: Weavile|p1a: Puppy\n|\n|upkeep\n|turn|7\n|\n|t:|1667004779\n|move|p2a: Weavile|Triple Axel|p1a: Puppy|[miss]\n|-miss|p2a: Weavile|p1a: Puppy\n|move|p1a: Puppy|Earthquake|p2a: Weavile\n|-damage|p2a: Weavile|20\/100\n|\n|upkeep\n|turn|8\n|\n|t:|1667004782\n|move|p2a: Weavile|Triple Axel|p1a: Puppy\n|-supereffective|p1a: Puppy\n|-damage|p1a: Puppy|71\/100\n|-damage|p2a: Weavile|4\/100|[from] item: Rocky Helmet|[of] p1a: Puppy\n|-supereffective|p1a: Puppy\n|-damage|p1a: Puppy|15\/100\n|-damage|p2a: Weavile|0 fnt|[from] item: Rocky Helmet|[of] p1a: Puppy\n|faint|p2a: Weavile\n|-hitcount|p1a: Puppy|2\n|move|p1a: Puppy|Earthquake|p2: Weavile|[notarget]\n|-fail|p1a: Puppy\n|\n|upkeep\n|\n|t:|1667004786\n|switch|p2a: Charizard|Charizard, F|100\/100\n|turn|9\n|\n|t:|1667004791\n|detailschange|p2a: Charizard|Charizard-Mega-Y, F\n|-mega|p2a: Charizard|Charizard|Charizardite Y\n|-weather|SunnyDay|[from] ability: Drought|[of] p2a: Charizard\n|move|p2a: Charizard|Weather Ball|p1a: Puppy\n|-damage|p1a: Puppy|0 fnt\n|faint|p1a: Puppy\n|\n|-weather|SunnyDay|[upkeep]\n|upkeep\n|\n|t:|1667004795\n|switch|p1a: NASTY|Pinsir, M|82\/100\n|turn|10\n|\n|t:|1667004798\n|detailschange|p1a: NASTY|Pinsir-Mega, M\n|-mega|p1a: NASTY|Pinsir|Pinsirite\n|move|p1a: NASTY|Return|p2a: Charizard\n|-damage|p2a: Charizard|0 fnt\n|faint|p2a: Charizard\n|\n|-weather|SunnyDay|[upkeep]\n|upkeep\n|\n|t:|1667004805\n|switch|p2a: Regieleki|Regieleki|100\/100\n|turn|11\n|\n|t:|1667004808\n|switch|p1a: Slowking|Slowking-Galar, M|100\/100\n|move|p2a: Regieleki|Volt Switch|p1a: Slowking\n|-damage|p1a: Slowking|84\/100\n|\n|t:|1667004811\n|switch|p2a: Victini|Victini|100\/100|[from]move: Volt Switch\n|\n|-weather|SunnyDay|[upkeep]\n|upkeep\n|turn|12\n|\n|t:|1667004815\n|switch|p1a: Victini|Victini|58\/100\n|move|p2a: Victini|V-create|p1a: Victini\n|-resisted|p1a: Victini\n|-damage|p1a: Victini|0 fnt\n|-unboost|p2a: Victini|spe|1\n|-unboost|p2a: Victini|def|1\n|-unboost|p2a: Victini|spd|1\n|faint|p1a: Victini\n|\n|-weather|SunnyDay|[upkeep]\n|upkeep\n|\n|t:|1667004820\n|switch|p1a: NASTY|Pinsir-Mega, M|82\/100\n|turn|13\n|\n|t:|1667004822\n|switch|p2a: Xatu|Xatu, M|100\/100\n|move|p1a: NASTY|Return|p2a: Xatu\n|-damage|p2a: Xatu|36\/100\n|-enditem|p2a: Xatu|Eject Button\n|\n|t:|1667004826\n|switch|p2a: Regieleki|Regieleki|100\/100\n|\n|-weather|none\n|upkeep\n|turn|14\n|\n|t:|1667004829\n|switch|p1a: Slowking|Slowking-Galar, M|100\/100\n|move|p2a: Regieleki|Volt Switch|p1a: Slowking\n|-damage|p1a: Slowking|83\/100\n|\n|t:|1667004831\n|switch|p2a: Victini|Victini|100\/100|[from]move: Volt Switch\n|\n|upkeep\n|turn|15\n|\n|t:|1667004833\n|switch|p1a: Kommo-o|Kommo-o, M|100\/100\n|move|p2a: Victini|V-create|p1a: Kommo-o\n|-resisted|p1a: Kommo-o\n|-damage|p1a: Kommo-o|39\/100\n|-unboost|p2a: Victini|spe|1\n|-unboost|p2a: Victini|def|1\n|-unboost|p2a: Victini|spd|1\n|\n|upkeep\n|turn|16\n|\n|t:|1667004843\n|switch|p2a: Xatu|Xatu, M|36\/100\n|move|p1a: Kommo-o|Close Combat|p2a: Xatu\n|-resisted|p2a: Xatu\n|-damage|p2a: Xatu|23\/100\n|-unboost|p1a: Kommo-o|def|1\n|-unboost|p1a: Kommo-o|spd|1\n|\n|upkeep\n|turn|17\n|\n|t:|1667004848\n|-zpower|p1a: Kommo-o\n|move|p1a: Kommo-o|Clangorous Soulblaze|p2a: Xatu|[zeffect]\n|-damage|p2a: Xatu|0 fnt\n|faint|p2a: Xatu\n|-boost|p1a: Kommo-o|atk|1\n|-boost|p1a: Kommo-o|def|1\n|-boost|p1a: Kommo-o|spa|1\n|-boost|p1a: Kommo-o|spd|1\n|-boost|p1a: Kommo-o|spe|1\n|\n|upkeep\n|\n|t:|1667004849\n|switch|p2a: Regieleki|Regieleki|100\/100\n|turn|18\n|\n|t:|1667004853\n|-zpower|p2a: Regieleki\n|move|p2a: Regieleki|Breakneck Blitz|p1a: Kommo-o|[zeffect]\n|-damage|p1a: Kommo-o|0 fnt\n|faint|p1a: Kommo-o\n|\n|upkeep\n|\n|t:|1667004858\n|switch|p1a: Slowking|Slowking-Galar, M|100\/100\n|turn|19\n|\n|t:|1667004861\n|move|p2a: Regieleki|Volt Switch|p1a: Slowking\n|-crit|p1a: Slowking\n|-damage|p1a: Slowking|73\/100\n|\n|t:|1667004864\n|switch|p2a: Victini|Victini|100\/100|[from]move: Volt Switch\n|move|p1a: Slowking|Sludge Bomb|p2a: Victini\n|-damage|p2a: Victini|66\/100\n|\n|upkeep\n|turn|20\n|\n|t:|1667004871\n|move|p2a: Victini|V-create|p1a: Slowking\n|-damage|p1a: Slowking|0 fnt\n|-unboost|p2a: Victini|spe|1\n|-unboost|p2a: Victini|def|1\n|-unboost|p2a: Victini|spd|1\n|faint|p1a: Slowking\n|\n|upkeep\n|\n|t:|1667004874\n|switch|p1a: NASTY|Pinsir-Mega, M|82\/100\n|turn|21\n|\n|t:|1667004877\n|move|p1a: NASTY|Return|p2a: Victini\n|-damage|p2a: Victini|0 fnt\n|faint|p2a: Victini\n|\n|upkeep\n|\n|t:|1667004879\n|switch|p2a: Regieleki|Regieleki|100\/100\n|turn|22\n|\n|t:|1667004881\n|move|p1a: NASTY|Quick Attack|p2a: Regieleki\n|-resisted|p2a: Regieleki\n|-crit|p2a: Regieleki\n|-damage|p2a: Regieleki|61\/100\n|move|p2a: Regieleki|Thunderbolt|p1a: NASTY\n|-supereffective|p1a: NASTY\n|-damage|p1a: NASTY|0 fnt\n|faint|p1a: NASTY\n|\n|win|Blacksponge\n|raw|Jrpartner's rating: 1610 &rarr; <strong>1595<\/strong><br \/>(-15 for losing)\n|raw|Blacksponge's rating: 1703 &rarr; <strong>1718<\/strong><br \/>(+15 for winning)\n|l|\u2606Jrpartner\n","uploadtime":1667004888,"views":3,"p1id":"jrpartner","p2id":"blacksponge","formatid":"gen8nationaldex","rating":1595,"private":0,"password":null}