{"id":"gen8ou-1648143611","p1":"Boltreaver","p2":"minimax_ai","format":"gen8ou","log":"|j|\u2606Boltreaver\n|j|\u2606minimax_ai\n|t:|1661454340\n|gametype|singles\n|player|p1|Boltreaver|unknown|1617\n|player|p2|minimax_ai|lusamine-nihilego|1617\n|teamsize|p1|6\n|teamsize|p2|6\n|gen|8\n|tier|[Gen 8] OU\n|rated|\n|rule|Sleep Clause Mod: Limit one foe put to sleep\n|rule|Species Clause: Limit one of each Pok\u00e9mon\n|rule|OHKO Clause: OHKO moves are banned\n|rule|Evasion Items Clause: Evasion items are banned\n|rule|Evasion Moves Clause: Evasion moves are banned\n|rule|Endless Battle Clause: Forcing endless battles is banned\n|rule|HP Percentage Mod: HP is shown in percentages\n|rule|Dynamax Clause: You cannot dynamax\n|clearpoke\n|poke|p1|Kartana|\n|poke|p1|Melmetal|\n|poke|p1|Regieleki|\n|poke|p1|Blacephalon|\n|poke|p1|Landorus-Therian, M|\n|poke|p1|Tapu Fini|\n|poke|p2|Rotom-Wash|\n|poke|p2|Weavile, F|\n|poke|p2|Landorus-Therian, M|\n|poke|p2|Heatran, M|\n|poke|p2|Tangrowth, M|\n|poke|p2|Melmetal|\n|teampreview\n|inactive|Battle timer is ON: inactive players will automatically lose when time's up. (requested by Boltreaver)\n|c|\u2606minimax_ai|hf\n|inactive|minimax_ai also wants the timer to be on.\n|\n|t:|1661454349\n|start\n|switch|p1a: Kartana|Kartana, shiny|100\/100\n|switch|p2a: Melmetal|Melmetal|100\/100\n|turn|1\n|\n|t:|1661454352\n|switch|p2a: Tangrowth|Tangrowth, M|100\/100\n|move|p1a: Kartana|Sacred Sword|p2a: Tangrowth\n|-damage|p2a: Tangrowth|80\/100\n|-damage|p1a: Kartana|84\/100|[from] item: Rocky Helmet|[of] p2a: Tangrowth\n|\n|upkeep\n|turn|2\n|\n|t:|1661454354\n|switch|p1a: Landorus|Landorus-Therian, M|100\/100\n|-ability|p1a: Landorus|Intimidate|boost\n|-unboost|p2a: Tangrowth|atk|1\n|move|p2a: Tangrowth|Sleep Powder|p1a: Landorus\n|-status|p1a: Landorus|slp|[from] move: Sleep Powder\n|\n|upkeep\n|turn|3\n|\n|t:|1661454357\n|switch|p2a: rotomwash|Rotom-Wash|100\/100\n|cant|p1a: Landorus|slp\n|\n|upkeep\n|turn|4\n|\n|t:|1661454358\n|move|p2a: rotomwash|Hydro Pump|p1a: Landorus|[miss]\n|-miss|p2a: rotomwash|p1a: Landorus\n|cant|p1a: Landorus|slp\n|\n|upkeep\n|turn|5\n|\n|t:|1661454362\n|switch|p1a: Tapu Fini|Tapu Fini, shiny|100\/100\n|-fieldstart|move: Misty Terrain|[from] ability: Misty Surge|[of] p1a: Tapu Fini\n|move|p2a: rotomwash|Hydro Pump|p1a: Tapu Fini\n|-resisted|p1a: Tapu Fini\n|-damage|p1a: Tapu Fini|84\/100\n|\n|-heal|p1a: Tapu Fini|90\/100|[from] item: Leftovers\n|upkeep\n|turn|6\n|\n|t:|1661454364\n|switch|p2a: Melmetal|Melmetal|100\/100\n|move|p1a: Tapu Fini|Moonblast|p2a: Melmetal\n|-resisted|p2a: Melmetal\n|-damage|p2a: Melmetal|92\/100\n|\n|-heal|p1a: Tapu Fini|96\/100|[from] item: Leftovers\n|upkeep\n|turn|7\n|\n|t:|1661454367\n|switch|p1a: Landorus|Landorus-Therian, M|100\/100 slp\n|-ability|p1a: Landorus|Intimidate|boost\n|-unboost|p2a: Melmetal|atk|1\n|move|p2a: Melmetal|Double Iron Bash|p1a: Landorus\n|-damage|p1a: Landorus|79\/100 slp\n|-damage|p1a: Landorus|56\/100 slp\n|-hitcount|p1a: Landorus|2\n|\n|-heal|p1a: Landorus|63\/100 slp|[from] item: Leftovers\n|upkeep\n|turn|8\n|\n|t:|1661454369\n|cant|p1a: Landorus|slp\n|move|p2a: Melmetal|Double Iron Bash|p1a: Landorus\n|-crit|p1a: Landorus\n|-damage|p1a: Landorus|11\/100 slp\n|-damage|p1a: Landorus|0 fnt\n|faint|p1a: Landorus\n|-hitcount|p1: Landorus|2\n|\n|upkeep\n|\n|t:|1661454372\n|switch|p1a: Blacephalon|Blacephalon, shiny|100\/100\n|turn|9\n|\n|t:|1661454374\n|switch|p2a: landorustherian|Landorus-Therian, M|100\/100\n|-ability|p2a: landorustherian|Intimidate|boost\n|-unboost|p1a: Blacephalon|atk|1\n|move|p1a: Blacephalon|Shadow Ball|p2a: landorustherian\n|-damage|p2a: landorustherian|45\/100\n|\n|-heal|p2a: landorustherian|51\/100|[from] item: Leftovers\n|-fieldend|Misty Terrain\n|upkeep\n|turn|10\n|\n|t:|1661454376\n|switch|p2a: Melmetal|Melmetal|92\/100\n|move|p1a: Blacephalon|Shadow Ball|p2a: Melmetal\n|-damage|p2a: Melmetal|55\/100\n|-unboost|p2a: Melmetal|spd|1\n|\n|upkeep\n|turn|11\n|\n|t:|1661454378\n|switch|p2a: Weavile|Weavile, F|100\/100\n|-ability|p2a: Weavile|Pressure\n|move|p1a: Blacephalon|Shadow Ball|p2a: Weavile\n|-resisted|p2a: Weavile\n|-damage|p2a: Weavile|49\/100\n|\n|upkeep\n|turn|12\n|\n|t:|1661454380\n|switch|p1a: Tapu Fini|Tapu Fini, shiny|96\/100\n|-fieldstart|move: Misty Terrain|[from] ability: Misty Surge|[of] p1a: Tapu Fini\n|move|p2a: Weavile|Knock Off|p1a: Tapu Fini\n|-resisted|p1a: Tapu Fini\n|-damage|p1a: Tapu Fini|69\/100\n|-enditem|p1a: Tapu Fini|Leftovers|[from] move: Knock Off|[of] p2a: Weavile\n|\n|upkeep\n|turn|13\n|\n|t:|1661454382\n|switch|p2a: rotomwash|Rotom-Wash|100\/100\n|switch|p1a: Blacephalon|Blacephalon, shiny|100\/100\n|\n|upkeep\n|turn|14\n|\n|t:|1661454385\n|switch|p1a: Melmetal|Melmetal|100\/100\n|move|p2a: rotomwash|Hydro Pump|p1a: Melmetal\n|-damage|p1a: Melmetal|75\/100\n|\n|upkeep\n|turn|15\n|\n|t:|1661454388\n|switch|p1a: Blacephalon|Blacephalon, shiny|100\/100\n|move|p2a: rotomwash|Hydro Pump|p1a: Blacephalon\n|-supereffective|p1a: Blacephalon\n|-damage|p1a: Blacephalon|0 fnt\n|faint|p1a: Blacephalon\n|\n|upkeep\n|-message|Boltreaver forfeited.\n|\n|win|minimax_ai\n|raw|Boltreaver's rating: 1617 &rarr; <strong>1597<\/strong><br \/>(-20 for losing)\n|raw|minimax_ai's rating: 1617 &rarr; <strong>1637<\/strong><br \/>(+20 for winning)\n|c|\u2606minimax_ai|gg\n|l|\u2606Boltreaver\n","uploadtime":1661454393,"views":12,"p1id":"boltreaver","p2id":"minimaxai","formatid":"gen8ou","rating":1597,"private":0,"password":null}