{"id":"gen8anythinggoes-1680385995","p1":"yokobaby","p2":"AGLT5TX cat","format":"gen8anythinggoes","log":"|j|\u2606yokobaby\n|j|\u2606AGLT5TX cat\n|t:|1665185624\n|gametype|singles\n|player|p1|yokobaby|101|1809\n|player|p2|AGLT5TX cat|winona|1821\n|teamsize|p1|6\n|teamsize|p2|6\n|gen|8\n|tier|[Gen 8] Anything Goes\n|rated|\n|rule|HP Percentage Mod: HP is shown in percentages\n|rule|Endless Battle Clause: Forcing endless battles is banned\n|clearpoke\n|poke|p1|Excadrill, F|\n|poke|p1|Necrozma-Dusk-Mane|\n|poke|p1|Yveltal|\n|poke|p1|Xerneas-*|\n|poke|p1|Calyrex-Shadow|\n|poke|p1|Kyogre|\n|poke|p2|Calyrex-Shadow|\n|poke|p2|Zacian-*|\n|poke|p2|Yveltal|\n|poke|p2|Kyogre|\n|poke|p2|Groudon|\n|poke|p2|Necrozma-Dusk-Mane|\n|teampreview\n|inactive|Battle timer is ON: inactive players will automatically lose when time's up. (requested by AGLT5TX cat)\n|\n|t:|1665185628\n|start\n|switch|p1a: Excadrill|Excadrill, F|100\/100\n|switch|p2a: Groudon|Groudon|100\/100\n|-weather|SunnyDay|[from] ability: Drought|[of] p2a: Groudon\n|-ability|p1a: Excadrill|Mold Breaker\n|turn|1\n|\n|t:|1665185632\n|move|p2a: Groudon|Heat Crash|p1a: Excadrill\n|-supereffective|p1a: Excadrill\n|-enditem|p1a: Excadrill|Focus Sash\n|-damage|p1a: Excadrill|1\/100\n|move|p1a: Excadrill|Stealth Rock|p2a: Groudon\n|-sidestart|p2: AGLT5TX cat|move: Stealth Rock\n|\n|-weather|SunnyDay|[upkeep]\n|upkeep\n|turn|2\n|\n|t:|1665185637\n|move|p2a: Groudon|Heat Crash|p1a: Excadrill\n|-supereffective|p1a: Excadrill\n|-damage|p1a: Excadrill|0 fnt\n|faint|p1a: Excadrill\n|\n|-weather|SunnyDay|[upkeep]\n|upkeep\n|\n|t:|1665185639\n|switch|p1a: Kyogre|Kyogre|100\/100\n|-weather|RainDance|[from] ability: Drizzle|[of] p1a: Kyogre\n|turn|3\n|\n|t:|1665185642\n|move|p1a: Kyogre|Water Spout|p2a: Groudon\n|-supereffective|p2a: Groudon\n|-enditem|p2a: Groudon|Focus Sash\n|-damage|p2a: Groudon|1\/100\n|move|p2a: Groudon|Thunder Wave|p1a: Kyogre\n|-status|p1a: Kyogre|par\n|\n|-weather|RainDance|[upkeep]\n|upkeep\n|turn|4\n|\n|t:|1665185646\n|move|p2a: Groudon|Stealth Rock|p1a: Kyogre\n|-sidestart|p1: yokobaby|move: Stealth Rock\n|cant|p1a: Kyogre|par\n|\n|-weather|RainDance|[upkeep]\n|upkeep\n|turn|5\n|\n|t:|1665185649\n|move|p2a: Groudon|Precipice Blades|p1a: Kyogre\n|-damage|p1a: Kyogre|19\/100 par\n|cant|p1a: Kyogre|par\n|\n|-weather|RainDance|[upkeep]\n|upkeep\n|turn|6\n|\n|t:|1665185652\n|move|p2a: Groudon|Precipice Blades|p1a: Kyogre\n|-crit|p1a: Kyogre\n|-damage|p1a: Kyogre|0 fnt\n|faint|p1a: Kyogre\n|\n|-weather|RainDance|[upkeep]\n|upkeep\n|\n|t:|1665185658\n|switch|p1a: Calyrex|Calyrex-Shadow|100\/100\n|-ability|p1a: Calyrex|As One\n|-ability|p1a: Calyrex|Unnerve\n|-damage|p1a: Calyrex|88\/100|[from] Stealth Rock\n|turn|7\n|\n|t:|1665185661\n|move|p1a: Calyrex|Astral Barrage|p2a: Groudon\n|-damage|p2a: Groudon|0 fnt\n|faint|p2a: Groudon\n|-ability|p1a: Calyrex|Grim Neigh|boost\n|-boost|p1a: Calyrex|spa|1\n|\n|-weather|none\n|upkeep\n|\n|t:|1665185666\n|switch|p2a: Yveltal|Yveltal|100\/100\n|-damage|p2a: Yveltal|76\/100|[from] Stealth Rock\n|-ability|p2a: Yveltal|Dark Aura\n|turn|8\n|\n|t:|1665185674\n|move|p1a: Calyrex|Baton Pass|p1a: Calyrex\n|\n|t:|1665185676\n|switch|p1a: Yveltal|Yveltal|100\/100|[from]move: Baton Pass\n|-damage|p1a: Yveltal|76\/100|[from] Stealth Rock\n|-ability|p1a: Yveltal|Dark Aura\n|move|p2a: Yveltal|Knock Off|p1a: Yveltal\n|-resisted|p1a: Yveltal\n|-damage|p1a: Yveltal|37\/100\n|-enditem|p1a: Yveltal|Life Orb|[from] move: Knock Off|[of] p2a: Yveltal\n|-damage|p2a: Yveltal|66\/100|[from] item: Life Orb\n|\n|upkeep\n|turn|9\n|\n|t:|1665185679\n|-start|p2a: Yveltal|Dynamax|\n|-heal|p2a: Yveltal|66\/100|[silent]\n|-start|p1a: Yveltal|Dynamax|\n|-heal|p1a: Yveltal|37\/100|[silent]\n|move|p2a: Yveltal|Max Airstream|p1a: Yveltal\n|-damage|p1a: Yveltal|0 fnt\n|-boost|p2a: Yveltal|spe|1\n|faint|p1a: Yveltal\n|-damage|p2a: Yveltal|61\/100|[from] item: Life Orb\n|\n|upkeep\n|\n|t:|1665185681\n|switch|p1a: Xerneas|Xerneas|100\/100\n|-damage|p1a: Xerneas|88\/100|[from] Stealth Rock\n|-ability|p1a: Xerneas|Fairy Aura\n|turn|10\n|\n|t:|1665185686\n|move|p2a: Yveltal|Max Airstream|p1a: Xerneas\n|-damage|p1a: Xerneas|7\/100\n|-boost|p2a: Yveltal|spe|1\n|-damage|p2a: Yveltal|56\/100|[from] item: Life Orb\n|move|p1a: Xerneas|Geomancy||[still]\n|-prepare|p1a: Xerneas|Geomancy\n|-enditem|p1a: Xerneas|Power Herb\n|-anim|p1a: Xerneas|Geomancy|p1a: Xerneas\n|-boost|p1a: Xerneas|spa|2\n|-boost|p1a: Xerneas|spd|2\n|-boost|p1a: Xerneas|spe|2\n|\n|upkeep\n|turn|11\n|\n|t:|1665185691\n|move|p2a: Yveltal|Max Airstream|p1a: Xerneas\n|-damage|p1a: Xerneas|0 fnt\n|-boost|p2a: Yveltal|spe|1\n|faint|p1a: Xerneas\n|-damage|p2a: Yveltal|51\/100|[from] item: Life Orb\n|\n|upkeep\n|-message|yokobaby forfeited.\n|\n|win|AGLT5TX cat\n|raw|yokobaby's rating: 1821 &rarr; <strong>1801<\/strong><br \/>(-20 for losing)\n|raw|AGLT5TX cat's rating: 1821 &rarr; <strong>1841<\/strong><br \/>(+20 for winning)\n|l|\u2606yokobaby\n","uploadtime":1665185708,"views":4,"p1id":"yokobaby","p2id":"aglt5txcat","formatid":"gen8anythinggoes","rating":1801,"private":0,"password":null}