{"id":"gen8nationaldex-1579126976","p1":"Sir Fresh","p2":"Kakashi gamerkid","format":"gen8nationaldex","log":"|j|\u2606Sir Fresh\n|j|\u2606Kakashi gamerkid\n|t:|1653064722\n|gametype|singles\n|player|p1|Sir Fresh|palmer|\n|player|p2|Kakashi gamerkid|266|\n|teamsize|p1|6\n|teamsize|p2|6\n|gen|8\n|tier|[Gen 8] National Dex\n|rule|HP Percentage Mod: HP is shown in percentages\n|rule|Endless Battle Clause: Forcing endless battles is banned\n|rule|OHKO Clause: OHKO moves are banned\n|rule|Evasion Moves Clause: Evasion moves are banned\n|rule|Species Clause: Limit one of each Pok\u00e9mon\n|rule|Dynamax Clause: You cannot dynamax\n|rule|Sleep Clause Mod: Limit one foe put to sleep\n|clearpoke\n|poke|p1|Skarmory, M|\n|poke|p1|Umbreon, M|\n|poke|p1|Feraligatr, M|\n|poke|p1|Gligar, M|\n|poke|p1|Typhlosion, M|\n|poke|p1|Ampharos, F|\n|poke|p2|Tyranitar, M|\n|poke|p2|Raikou|\n|poke|p2|Scizor, F|\n|poke|p2|Blissey, F|\n|poke|p2|Skarmory, F|\n|poke|p2|Mantine, M|\n|teampreview\n|inactive|Battle timer is ON: inactive players will automatically lose when time's up. (requested by Kakashi gamerkid)\n|c|\u2606Sir Fresh|Glhf\n|inactiveoff|Battle timer is now OFF.\n|c|\u2606Kakashi gamerkid|u2\n|\n|t:|1653064756\n|start\n|switch|p1a: Gligar|Gligar, M|100\/100\n|switch|p2a: Raikou|Raikou|100\/100\n|-ability|p2a: Raikou|Pressure\n|turn|1\n|j| Nemweta\n|\n|t:|1653064768\n|switch|p2a: Mantine|Mantine, M|100\/100\n|switch|p1a: Umbreon|Umbreon, M|100\/100\n|\n|upkeep\n|turn|2\n|j| Drew0723\n|\n|t:|1653064776\n|switch|p2a: Skarmory|Skarmory, F|100\/100\n|switch|p1a: Ampharos|Ampharos, F|100\/100\n|\n|upkeep\n|turn|3\n|c| Drew0723|Yoooooo\n|\n|t:|1653064785\n|switch|p2a: Blissey|Blissey, F|100\/100\n|detailschange|p1a: Ampharos|Ampharos-Mega, F\n|-mega|p1a: Ampharos|Ampharos|Ampharosite\n|-ability|p1a: Ampharos|Mold Breaker\n|move|p1a: Ampharos|Focus Blast|p2a: Blissey\n|-supereffective|p2a: Blissey\n|-damage|p2a: Blissey|59\/100\n|\n|upkeep\n|turn|4\n|c| Drew0723|is that a fabio?\n|c| Drew0723|ITS A FABIO\n|\n|t:|1653064797\n|switch|p1a: Gligar|Gligar, M|100\/100\n|move|p2a: Blissey|Soft-Boiled|p2a: Blissey\n|-heal|p2a: Blissey|100\/100\n|\n|upkeep\n|turn|5\n|\n|t:|1653064802\n|move|p1a: Gligar|Knock Off|p2a: Blissey\n|-damage|p2a: Blissey|85\/100\n|-enditem|p2a: Blissey|Heavy-Duty Boots|[from] move: Knock Off|[of] p1a: Gligar\n|move|p2a: Blissey|Teleport|p2a: Blissey\n|\n|t:|1653064816\n|switch|p2a: Mantine|Mantine, M|100\/100|[from]move: Teleport\n|\n|upkeep\n|turn|6\n|c| Nemweta|What\u2019s fabio\n|\n|t:|1653064826\n|switch|p1a: Ampharos|Ampharos-Mega, F|100\/100\n|-ability|p1a: Ampharos|Mold Breaker\n|switch|p2a: Scizor|Scizor, F|100\/100\n|\n|upkeep\n|turn|7\n|\n|t:|1653064831\n|switch|p1a: Skarmory|Skarmory, M|100\/100\n|move|p2a: Scizor|U-turn|p1a: Skarmory\n|-resisted|p1a: Skarmory\n|-damage|p1a: Skarmory|92\/100\n|-damage|p2a: Scizor|84\/100|[from] item: Rocky Helmet|[of] p1a: Skarmory\n|\n|t:|1653064839\n|switch|p2a: Raikou|Raikou|100\/100|[from]move: U-turn\n|-ability|p2a: Raikou|Pressure\n|\n|upkeep\n|turn|8\n|\n|t:|1653064846\n|switch|p1a: Umbreon|Umbreon, M|100\/100\n|move|p2a: Raikou|Scald|p1a: Umbreon\n|-damage|p1a: Umbreon|88\/100\n|-status|p1a: Umbreon|brn\n|-activate|p1a: Umbreon|ability: Synchronize\n|-status|p2a: Raikou|brn\n|\n|-heal|p1a: Umbreon|94\/100 brn|[from] item: Leftovers\n|-damage|p2a: Raikou|94\/100 brn|[from] brn\n|-damage|p1a: Umbreon|88\/100 brn|[from] brn\n|upkeep\n|turn|9\n|\n|t:|1653064861\n|switch|p1a: Gligar|Gligar, M|100\/100\n|move|p2a: Raikou|Volt Switch|p1a: Gligar\n|-immune|p1a: Gligar\n|\n|-damage|p2a: Raikou|88\/100 brn|[from] brn\n|upkeep\n|turn|10\n|\n|t:|1653064879\n|switch|p2a: Mantine|Mantine, M|100\/100\n|move|p1a: Gligar|Knock Off|p2a: Mantine\n|-damage|p2a: Mantine|83\/100\n|-enditem|p2a: Mantine|Heavy-Duty Boots|[from] move: Knock Off|[of] p1a: Gligar\n|\n|upkeep\n|turn|11\n|\n|t:|1653064900\n|switch|p2a: Skarmory|Skarmory, F|100\/100\n|move|p1a: Gligar|Stealth Rock|p2a: Skarmory\n|-sidestart|p2: Kakashi gamerkid|move: Stealth Rock\n|\n|upkeep\n|turn|12\n|\n|t:|1653064906\n|move|p1a: Gligar|Stealth Rock||[still]\n|-fail|p1a: Gligar\n|move|p2a: Skarmory|Spikes|p1a: Gligar\n|-sidestart|p1: Sir Fresh|Spikes\n|\n|upkeep\n|turn|13\n|\n|t:|1653064911\n|move|p1a: Gligar|Knock Off|p2a: Skarmory\n|-damage|p2a: Skarmory|91\/100\n|-damage|p1a: Gligar|84\/100|[from] item: Rocky Helmet|[of] p2a: Skarmory\n|-enditem|p2a: Skarmory|Rocky Helmet|[from] move: Knock Off|[of] p1a: Gligar\n|move|p2a: Skarmory|Spikes|p1a: Gligar\n|-sidestart|p1: Sir Fresh|Spikes\n|\n|upkeep\n|turn|14\n|c|\u2606Sir Fresh|Misclick\n|\n|t:|1653064919\n|switch|p1a: Skarmory|Skarmory, M|92\/100\n|move|p2a: Skarmory|Whirlwind|p1a: Skarmory\n|drag|p1a: Typhlosion|Typhlosion, M|100\/100\n|-damage|p1a: Typhlosion|84\/100|[from] Spikes\n|\n|upkeep\n|turn|15\n|\n|t:|1653064934\n|switch|p2a: Blissey|Blissey, F|85\/100\n|-damage|p2a: Blissey|73\/100|[from] Stealth Rock\n|move|p1a: Typhlosion|Eruption|p2a: Blissey\n|-damage|p2a: Blissey|50\/100\n|\n|upkeep\n|turn|16\n|\n|t:|1653064942\n|switch|p1a: Skarmory|Skarmory, M|92\/100\n|move|p2a: Blissey|Soft-Boiled|p2a: Blissey\n|-heal|p2a: Blissey|99\/100\n|\n|upkeep\n|turn|17\n|\n|t:|1653064949\n|move|p1a: Skarmory|Defog|p2a: Blissey\n|-unboost|p2a: Blissey|evasion|1\n|-sideend|p2: Kakashi gamerkid|Stealth Rock|[from] move: Defog|[of] p1a: Skarmory\n|-sideend|p1: Sir Fresh|Spikes|[from] move: Defog|[of] p1a: Skarmory\n|move|p2a: Blissey|Teleport|p2a: Blissey\n|\n|t:|1653064959\n|switch|p2a: Raikou|Raikou|88\/100 brn|[from]move: Teleport\n|-ability|p2a: Raikou|Pressure\n|\n|-damage|p2a: Raikou|82\/100 brn|[from] brn\n|upkeep\n|turn|18\n|\n|t:|1653064963\n|switch|p1a: Umbreon|Umbreon, M|88\/100 brn\n|move|p2a: Raikou|Volt Switch|p1a: Umbreon\n|-crit|p1a: Umbreon\n|-damage|p1a: Umbreon|60\/100 brn\n|\n|t:|1653064972\n|switch|p2a: Scizor|Scizor, F|84\/100|[from]move: Volt Switch\n|\n|-heal|p1a: Umbreon|66\/100 brn|[from] item: Leftovers\n|-damage|p1a: Umbreon|60\/100 brn|[from] brn\n|upkeep\n|turn|19\n|\n|t:|1653064979\n|switch|p1a: Skarmory|Skarmory, M|92\/100\n|move|p2a: Scizor|U-turn|p1a: Skarmory\n|-resisted|p1a: Skarmory\n|-damage|p1a: Skarmory|84\/100\n|-damage|p2a: Scizor|68\/100|[from] item: Rocky Helmet|[of] p1a: Skarmory\n|\n|t:|1653064982\n|switch|p2a: Raikou|Raikou|82\/100 brn|[from]move: U-turn\n|-ability|p2a: Raikou|Pressure\n|\n|-damage|p2a: Raikou|76\/100 brn|[from] brn\n|upkeep\n|turn|20\n|\n|t:|1653064992\n|switch|p1a: Gligar|Gligar, M|84\/100\n|move|p2a: Raikou|Scald|p1a: Gligar\n|-supereffective|p1a: Gligar\n|-damage|p1a: Gligar|35\/100\n|\n|-damage|p2a: Raikou|69\/100 brn|[from] brn\n|upkeep\n|turn|21\n|\n|t:|1653065004\n|switch|p1a: Umbreon|Umbreon, M|60\/100 brn\n|move|p2a: Raikou|Scald|p1a: Umbreon\n|-damage|p1a: Umbreon|47\/100 brn\n|\n|-heal|p1a: Umbreon|53\/100 brn|[from] item: Leftovers\n|-damage|p2a: Raikou|63\/100 brn|[from] brn\n|-damage|p1a: Umbreon|47\/100 brn|[from] brn\n|upkeep\n|turn|22\n|\n|t:|1653065010\n|move|p2a: Raikou|Aura Sphere|p1a: Umbreon\n|-supereffective|p1a: Umbreon\n|-damage|p1a: Umbreon|20\/100 brn\n|move|p1a: Umbreon|Heal Bell|p1a: Umbreon\n|-activate|p1a: Umbreon|move: Heal Bell\n|-curestatus|p1a: Umbreon|brn|[msg]\n|\n|-heal|p1a: Umbreon|26\/100|[from] item: Leftovers\n|-damage|p2a: Raikou|57\/100 brn|[from] brn\n|upkeep\n|turn|23\n|\n|t:|1653065016\n|move|p1a: Umbreon|Protect|p1a: Umbreon\n|-singleturn|p1a: Umbreon|Protect\n|move|p2a: Raikou|Volt Switch|p1a: Umbreon\n|-activate|p1a: Umbreon|move: Protect\n|\n|-heal|p1a: Umbreon|32\/100|[from] item: Leftovers\n|-damage|p2a: Raikou|51\/100 brn|[from] brn\n|upkeep\n|turn|24\n|\n|t:|1653065023\n|move|p2a: Raikou|Thunderbolt|p1a: Umbreon\n|-crit|p1a: Umbreon\n|-damage|p1a: Umbreon|0 fnt\n|faint|p1a: Umbreon\n|\n|-damage|p2a: Raikou|44\/100 brn|[from] brn\n|upkeep\n|\n|t:|1653065033\n|switch|p1a: Ampharos|Ampharos-Mega, F|100\/100\n|-ability|p1a: Ampharos|Mold Breaker\n|turn|25\n|\n|t:|1653065046\n|switch|p1a: Gligar|Gligar, M|35\/100\n|move|p2a: Raikou|Volt Switch|p1a: Gligar\n|-immune|p1a: Gligar\n|\n|-damage|p2a: Raikou|38\/100 brn|[from] brn\n|upkeep\n|turn|26\n|\n|t:|1653065053\n|switch|p1a: Ampharos|Ampharos-Mega, F|100\/100\n|-ability|p1a: Ampharos|Mold Breaker\n|move|p2a: Raikou|Scald|p1a: Ampharos\n|-resisted|p1a: Ampharos\n|-damage|p1a: Ampharos|90\/100\n|\n|-damage|p2a: Raikou|32\/100 brn|[from] brn\n|upkeep\n|turn|27\n|\n|t:|1653065061\n|move|p2a: Raikou|Volt Switch|p1a: Ampharos\n|-resisted|p1a: Ampharos\n|-damage|p1a: Ampharos|83\/100\n|\n|t:|1653065064\n|switch|p2a: Blissey|Blissey, F|99\/100|[from]move: Volt Switch\n|move|p1a: Ampharos|Dragon Pulse|p2a: Blissey\n|-damage|p2a: Blissey|78\/100\n|\n|upkeep\n|turn|28\n|\n|t:|1653065067\n|switch|p1a: Gligar|Gligar, M|35\/100\n|move|p2a: Blissey|Teleport|p2a: Blissey\n|\n|t:|1653065076\n|switch|p2a: Tyranitar|Tyranitar, M|100\/100|[from]move: Teleport\n|-weather|Sandstorm|[from] ability: Sand Stream|[of] p2a: Tyranitar\n|\n|-weather|Sandstorm|[upkeep]\n|upkeep\n|turn|29\n|\n|t:|1653065080\n|detailschange|p2a: Tyranitar|Tyranitar-Mega, M\n|-mega|p2a: Tyranitar|Tyranitar|Tyranitarite\n|move|p2a: Tyranitar|Ice Punch|p1a: Gligar\n|-supereffective|p1a: Gligar\n|-damage|p1a: Gligar|0 fnt\n|faint|p1a: Gligar\n|\n|-weather|Sandstorm|[upkeep]\n|upkeep\n|\n|t:|1653065089\n|switch|p1a: Skarmory|Skarmory, M|84\/100\n|turn|30\n|\n|t:|1653065093\n|move|p2a: Tyranitar|Dragon Dance|p2a: Tyranitar\n|-boost|p2a: Tyranitar|atk|1\n|-boost|p2a: Tyranitar|spe|1\n|move|p1a: Skarmory|Body Press|p2a: Tyranitar\n|-supereffective|p2a: Tyranitar\n|-damage|p2a: Tyranitar|1\/100\n|\n|-weather|Sandstorm|[upkeep]\n|upkeep\n|turn|31\n|\n|t:|1653065101\n|move|p2a: Tyranitar|Fire Punch|p1a: Skarmory\n|-supereffective|p1a: Skarmory\n|-damage|p1a: Skarmory|30\/100\n|-damage|p2a: Tyranitar|0 fnt|[from] item: Rocky Helmet|[of] p1a: Skarmory\n|faint|p2a: Tyranitar\n|move|p1a: Skarmory|Roost|p1a: Skarmory\n|-heal|p1a: Skarmory|80\/100\n|-singleturn|p1a: Skarmory|move: Roost\n|\n|-weather|Sandstorm|[upkeep]\n|upkeep\n|\n|t:|1653065104\n|switch|p2a: Raikou|Raikou|32\/100 brn\n|-ability|p2a: Raikou|Pressure\n|turn|32\n|\n|t:|1653065109\n|switch|p1a: Ampharos|Ampharos-Mega, F|83\/100\n|-ability|p1a: Ampharos|Mold Breaker\n|move|p2a: Raikou|Volt Switch|p1a: Ampharos\n|-resisted|p1a: Ampharos\n|-damage|p1a: Ampharos|76\/100\n|\n|t:|1653065116\n|switch|p2a: Blissey|Blissey, F|78\/100|[from]move: Volt Switch\n|\n|-weather|none\n|upkeep\n|turn|33\n|\n|t:|1653065123\n|move|p1a: Ampharos|Focus Blast|p2a: Blissey\n|-supereffective|p2a: Blissey\n|-damage|p2a: Blissey|37\/100\n|move|p2a: Blissey|Teleport|p2a: Blissey\n|\n|t:|1653065128\n|switch|p2a: Scizor|Scizor, F|68\/100|[from]move: Teleport\n|\n|upkeep\n|turn|34\n|\n|t:|1653065134\n|move|p2a: Scizor|U-turn|p1a: Ampharos\n|-damage|p1a: Ampharos|29\/100\n|\n|t:|1653065144\n|switch|p2a: Blissey|Blissey, F|37\/100|[from]move: U-turn\n|move|p1a: Ampharos|Thunderbolt|p2a: Blissey\n|-damage|p2a: Blissey|15\/100\n|\n|upkeep\n|turn|35\n|\n|t:|1653065151\n|switch|p2a: Scizor|Scizor, F|68\/100\n|move|p1a: Ampharos|Thunderbolt|p2a: Scizor\n|-damage|p2a: Scizor|0 fnt\n|faint|p2a: Scizor\n|\n|upkeep\n|\n|t:|1653065170\n|switch|p2a: Raikou|Raikou|32\/100 brn\n|-ability|p2a: Raikou|Pressure\n|turn|36\n|\n|t:|1653065194\n|move|p2a: Raikou|Volt Switch|p1a: Ampharos\n|-resisted|p1a: Ampharos\n|-crit|p1a: Ampharos\n|-damage|p1a: Ampharos|18\/100\n|\n|t:|1653065198\n|switch|p2a: Blissey|Blissey, F|15\/100|[from]move: Volt Switch\n|move|p1a: Ampharos|Thunderbolt|p2a: Blissey\n|-damage|p2a: Blissey|0 fnt\n|faint|p2a: Blissey\n|\n|upkeep\n|\n|t:|1653065200\n|switch|p2a: Raikou|Raikou|32\/100 brn\n|-ability|p2a: Raikou|Pressure\n|turn|37\n|\n|t:|1653065206\n|switch|p1a: Typhlosion|Typhlosion, M|84\/100\n|move|p2a: Raikou|Aura Sphere|p1a: Typhlosion\n|-damage|p1a: Typhlosion|49\/100\n|\n|-damage|p2a: Raikou|26\/100 brn|[from] brn\n|upkeep\n|turn|38\n|\n|t:|1653065220\n|switch|p2a: Mantine|Mantine, M|83\/100\n|move|p1a: Typhlosion|Flamethrower|p2a: Mantine\n|-resisted|p2a: Mantine\n|-damage|p2a: Mantine|68\/100\n|\n|upkeep\n|turn|39\n|\n|t:|1653065227\n|switch|p1a: Skarmory|Skarmory, M|80\/100\n|move|p2a: Mantine|Scald|p1a: Skarmory\n|-damage|p1a: Skarmory|51\/100\n|\n|upkeep\n|turn|40\n|\n|t:|1653065238\n|switch|p2a: Raikou|Raikou|26\/100 brn\n|-ability|p2a: Raikou|Pressure\n|move|p1a: Skarmory|Roost|p1a: Skarmory\n|-heal|p1a: Skarmory|100\/100\n|-singleturn|p1a: Skarmory|move: Roost\n|\n|-damage|p2a: Raikou|20\/100 brn|[from] brn\n|upkeep\n|turn|41\n|\n|t:|1653065248\n|move|p2a: Raikou|Volt Switch|p1a: Skarmory\n|-supereffective|p1a: Skarmory\n|-damage|p1a: Skarmory|7\/100\n|\n|t:|1653065252\n|switch|p2a: Skarmory|Skarmory, F|91\/100|[from]move: Volt Switch\n|move|p1a: Skarmory|Roost|p1a: Skarmory\n|-heal|p1a: Skarmory|57\/100\n|-singleturn|p1a: Skarmory|move: Roost\n|\n|upkeep\n|turn|42\n|\n|t:|1653065260\n|move|p1a: Skarmory|Iron Defense|p1a: Skarmory\n|-boost|p1a: Skarmory|def|2\n|move|p2a: Skarmory|Whirlwind|p1a: Skarmory\n|drag|p1a: Ampharos|Ampharos-Mega, F|18\/100\n|-ability|p1a: Ampharos|Mold Breaker\n|\n|upkeep\n|turn|43\n|\n|t:|1653065273\n|move|p2a: Skarmory|Brave Bird|p1a: Ampharos\n|-resisted|p1a: Ampharos\n|-damage|p1a: Ampharos|4\/100\n|-damage|p2a: Skarmory|85\/100|[from] Recoil\n|move|p1a: Ampharos|Thunderbolt|p2a: Skarmory\n|-supereffective|p2a: Skarmory\n|-crit|p2a: Skarmory\n|-damage|p2a: Skarmory|0 fnt\n|faint|p2a: Skarmory\n|\n|upkeep\n|\n|t:|1653065279\n|switch|p2a: Raikou|Raikou|20\/100 brn\n|-ability|p2a: Raikou|Pressure\n|turn|44\n|\n|t:|1653065284\n|switch|p1a: Typhlosion|Typhlosion, M|49\/100\n|move|p2a: Raikou|Volt Switch|p1a: Typhlosion\n|-damage|p1a: Typhlosion|7\/100\n|\n|t:|1653065289\n|switch|p2a: Mantine|Mantine, M|68\/100|[from]move: Volt Switch\n|\n|upkeep\n|turn|45\n|\n|t:|1653065294\n|move|p1a: Typhlosion|Hidden Power|p2a: Mantine\n|-damage|p2a: Mantine|56\/100\n|move|p2a: Mantine|Scald|p1a: Typhlosion\n|-supereffective|p1a: Typhlosion\n|-damage|p1a: Typhlosion|0 fnt\n|faint|p1a: Typhlosion\n|\n|upkeep\n|\n|t:|1653065301\n|switch|p1a: Feraligatr|Feraligatr, M|100\/100\n|turn|46\n|\n|t:|1653065308\n|move|p1a: Feraligatr|Dragon Dance|p1a: Feraligatr\n|-boost|p1a: Feraligatr|atk|1\n|-boost|p1a: Feraligatr|spe|1\n|move|p2a: Mantine|Haze|p2a: Mantine\n|-clearallboost\n|\n|upkeep\n|turn|47\n|\n|t:|1653065320\n|move|p1a: Feraligatr|Dragon Dance|p1a: Feraligatr\n|-boost|p1a: Feraligatr|atk|1\n|-boost|p1a: Feraligatr|spe|1\n|move|p2a: Mantine|Scald|p1a: Feraligatr\n|-resisted|p1a: Feraligatr\n|-damage|p1a: Feraligatr|87\/100\n|\n|upkeep\n|turn|48\n|\n|t:|1653065326\n|move|p1a: Feraligatr|Crunch|p2a: Mantine\n|-damage|p2a: Mantine|0 fnt\n|faint|p2a: Mantine\n|\n|upkeep\n|c|\u2606Sir Fresh|Gg\n|\n|t:|1653065336\n|switch|p2a: Raikou|Raikou|20\/100 brn\n|-ability|p2a: Raikou|Pressure\n|turn|49\n|c|\u2606Kakashi gamerkid|gg\n|\n|t:|1653065343\n|move|p1a: Feraligatr|Waterfall|p2a: Raikou\n|-damage|p2a: Raikou|0 fnt\n|faint|p2a: Raikou\n|\n|win|Sir Fresh\n|l|\u2606Kakashi gamerkid\n","uploadtime":1653065351,"views":11,"p1id":"sirfresh","p2id":"kakashigamerkid","formatid":"gen8nationaldex","rating":0,"private":0,"password":null}