{"id":"gen8ou-1702903049","p1":"gotsnsd","p2":"BugCatcherWeevil","format":"gen8ou","log":"|j|\u2606gotsnsd\n|j|\u2606BugCatcherWeevil\n|t:|1667594229\n|gametype|singles\n|player|p1|gotsnsd|beauty-gen2jp|1712\n|player|p2|BugCatcherWeevil|101|1840\n|teamsize|p1|6\n|teamsize|p2|6\n|gen|8\n|tier|[Gen 8] OU\n|rated|\n|rule|Sleep Clause Mod: Limit one foe put to sleep\n|rule|Species Clause: Limit one of each Pok\u00e9mon\n|rule|OHKO Clause: OHKO moves are banned\n|rule|Evasion Items Clause: Evasion items are banned\n|rule|Evasion Moves Clause: Evasion moves are banned\n|rule|Endless Battle Clause: Forcing endless battles is banned\n|rule|HP Percentage Mod: HP is shown in percentages\n|rule|Dynamax Clause: You cannot dynamax\n|clearpoke\n|poke|p1|Garchomp, M|\n|poke|p1|Weavile, F|\n|poke|p1|Urshifu-*, M|\n|poke|p1|Aegislash, M|\n|poke|p1|Zapdos|\n|poke|p1|Kartana|\n|poke|p2|Arctozolt|\n|poke|p2|Tornadus-Therian, M|\n|poke|p2|Heatran, M|\n|poke|p2|Landorus-Therian, M|\n|poke|p2|Hatterene, F|\n|poke|p2|Vanilluxe, F|\n|teampreview\n|inactive|Battle timer is ON: inactive players will automatically lose when time's up. (requested by BugCatcherWeevil)\n|\n|t:|1667594253\n|start\n|switch|p1a: Urshifu|Urshifu-Rapid-Strike, M|100\/100\n|switch|p2a: Hatterene|Hatterene, F|100\/100\n|turn|1\n|\n|t:|1667594268\n|move|p1a: Urshifu|U-turn|p2a: Hatterene\n|-damage|p2a: Hatterene|81\/100\n|\n|t:|1667594270\n|switch|p1a: Aegislash|Aegislash, M|100\/100|[from]move: U-turn\n|move|p2a: Hatterene|Draining Kiss|p1a: Aegislash\n|-resisted|p1a: Aegislash\n|-damage|p1a: Aegislash|92\/100\n|-heal|p2a: Hatterene|88\/100|[from] drain|[of] p1a: Aegislash\n|\n|-heal|p1a: Aegislash|98\/100|[from] item: Leftovers\n|-heal|p2a: Hatterene|94\/100|[from] item: Leftovers\n|upkeep\n|turn|2\n|\n|t:|1667594274\n|switch|p2a: Tornadus|Tornadus-Therian, M|100\/100\n|-formechange|p1a: Aegislash|Aegislash-Blade||[from] ability: Stance Change\n|move|p1a: Aegislash|Shadow Ball|p2a: Tornadus\n|-damage|p2a: Tornadus|67\/100\n|\n|-heal|p1a: Aegislash|100\/100|[from] item: Leftovers\n|upkeep\n|turn|3\n|\n|t:|1667594279\n|switch|p1a: Zapdos|Zapdos|100\/100\n|move|p2a: Tornadus|Knock Off|p1a: Zapdos\n|-damage|p1a: Zapdos|86\/100\n|-enditem|p1a: Zapdos|Heavy-Duty Boots|[from] move: Knock Off|[of] p2a: Tornadus\n|\n|upkeep\n|turn|4\n|\n|t:|1667594284\n|switch|p2a: Landorus|Landorus-Therian, M|100\/100\n|-ability|p2a: Landorus|Intimidate|boost\n|-unboost|p1a: Zapdos|atk|1\n|switch|p1a: Garchomp|Garchomp, M|100\/100\n|\n|upkeep\n|turn|5\n|\n|t:|1667594289\n|switch|p1a: Urshifu|Urshifu-Rapid-Strike, M|100\/100\n|move|p2a: Landorus|Toxic|p1a: Urshifu\n|-status|p1a: Urshifu|tox\n|\n|-damage|p1a: Urshifu|94\/100 tox|[from] psn\n|upkeep\n|turn|6\n|\n|t:|1667594294\n|switch|p2a: Tornadus|Tornadus-Therian, M|100\/100\n|move|p1a: Urshifu|U-turn|p2a: Tornadus\n|-resisted|p2a: Tornadus\n|-damage|p2a: Tornadus|89\/100\n|\n|t:|1667594298\n|switch|p1a: Weavile|Weavile, F|100\/100|[from]move: U-turn\n|-ability|p1a: Weavile|Pressure\n|\n|upkeep\n|turn|7\n|\n|t:|1667594302\n|switch|p2a: Heatran|Heatran, M|100\/100\n|move|p1a: Weavile|Triple Axel|p2a: Heatran\n|-resisted|p2a: Heatran\n|-damage|p2a: Heatran|99\/100\n|-hitcount|p2a: Heatran|1\n|\n|-heal|p2a: Heatran|100\/100|[from] item: Leftovers\n|upkeep\n|turn|8\n|\n|t:|1667594311\n|switch|p1a: Garchomp|Garchomp, M|100\/100\n|move|p2a: Heatran|Stealth Rock|p1a: Garchomp\n|-sidestart|p1: gotsnsd|move: Stealth Rock\n|\n|upkeep\n|turn|9\n|\n|t:|1667594314\n|switch|p2a: Hatterene|Hatterene, F|94\/100\n|move|p1a: Garchomp|Earthquake|p2a: Hatterene\n|-damage|p2a: Hatterene|62\/100\n|\n|-heal|p2a: Hatterene|67\/100|[from] item: Leftovers\n|upkeep\n|turn|10\n|\n|t:|1667594324\n|move|p1a: Garchomp|Earthquake|p2a: Hatterene\n|-damage|p2a: Hatterene|30\/100\n|move|p2a: Hatterene|Draining Kiss|p1a: Garchomp\n|-supereffective|p1a: Garchomp\n|-damage|p1a: Garchomp|61\/100\n|-heal|p2a: Hatterene|69\/100|[from] drain|[of] p1a: Garchomp\n|-damage|p2a: Hatterene|56\/100|[from] ability: Rough Skin|[of] p1a: Garchomp\n|\n|-heal|p1a: Garchomp|67\/100|[from] item: Leftovers\n|-heal|p2a: Hatterene|62\/100|[from] item: Leftovers\n|upkeep\n|turn|11\n|\n|t:|1667594328\n|switch|p1a: Aegislash|Aegislash, M|100\/100\n|-damage|p1a: Aegislash|94\/100|[from] Stealth Rock\n|switch|p2a: Landorus|Landorus-Therian, M|100\/100\n|-ability|p2a: Landorus|Intimidate|boost\n|-unboost|p1a: Aegislash|atk|1\n|\n|-heal|p1a: Aegislash|100\/100|[from] item: Leftovers\n|upkeep\n|turn|12\n|\n|t:|1667594336\n|move|p1a: Aegislash|King's Shield|p1a: Aegislash\n|-singleturn|p1a: Aegislash|Protect\n|move|p2a: Landorus|Earthquake|p1a: Aegislash\n|-activate|p1a: Aegislash|move: Protect\n|\n|upkeep\n|turn|13\n|\n|t:|1667594346\n|switch|p1a: Zapdos|Zapdos|86\/100\n|-damage|p1a: Zapdos|61\/100|[from] Stealth Rock\n|move|p2a: Landorus|Earthquake|p1a: Zapdos\n|-immune|p1a: Zapdos\n|\n|upkeep\n|turn|14\n|\n|t:|1667594349\n|move|p1a: Zapdos|Defog|p2a: Landorus\n|-unboost|p2a: Landorus|evasion|1\n|-sideend|p1: gotsnsd|Stealth Rock|[from] move: Defog|[of] p1a: Zapdos\n|move|p2a: Landorus|Toxic|p1a: Zapdos\n|-status|p1a: Zapdos|tox\n|\n|-damage|p1a: Zapdos|55\/100 tox|[from] psn\n|upkeep\n|turn|15\n|j| Cyberacc\n|\n|t:|1667594361\n|switch|p2a: Heatran|Heatran, M|100\/100\n|move|p1a: Zapdos|Hurricane|p2a: Heatran\n|-resisted|p2a: Heatran\n|-damage|p2a: Heatran|84\/100\n|\n|-heal|p2a: Heatran|90\/100|[from] item: Leftovers\n|-damage|p1a: Zapdos|43\/100 tox|[from] psn\n|upkeep\n|turn|16\n|l| Cyberacc\n|\n|t:|1667594369\n|move|p1a: Zapdos|Roost|p1a: Zapdos\n|-heal|p1a: Zapdos|93\/100 tox\n|-singleturn|p1a: Zapdos|move: Roost\n|move|p2a: Heatran|Stealth Rock|p1a: Zapdos\n|-sidestart|p1: gotsnsd|move: Stealth Rock\n|\n|-heal|p2a: Heatran|96\/100|[from] item: Leftovers\n|-damage|p1a: Zapdos|75\/100 tox|[from] psn\n|upkeep\n|turn|17\n|\n|t:|1667594375\n|move|p2a: Heatran|Protect|p2a: Heatran\n|-singleturn|p2a: Heatran|Protect\n|move|p1a: Zapdos|Defog|p2a: Heatran\n|-activate|p2a: Heatran|move: Protect\n|\n|-heal|p2a: Heatran|100\/100|[from] item: Leftovers\n|-damage|p1a: Zapdos|51\/100 tox|[from] psn\n|upkeep\n|turn|18\n|\n|t:|1667594379\n|switch|p1a: Urshifu|Urshifu-Rapid-Strike, M|94\/100 tox\n|-damage|p1a: Urshifu|88\/100 tox|[from] Stealth Rock\n|move|p2a: Heatran|Stealth Rock||[still]\n|-fail|p2a: Heatran\n|\n|-damage|p1a: Urshifu|82\/100 tox|[from] psn\n|upkeep\n|turn|19\n|\n|t:|1667594382\n|switch|p2a: Tornadus|Tornadus-Therian, M|100\/100\n|move|p1a: Urshifu|Surging Strikes|p2a: Tornadus\n|-crit|p2a: Tornadus\n|-damage|p2a: Tornadus|80\/100\n|-crit|p2a: Tornadus\n|-damage|p2a: Tornadus|60\/100\n|-crit|p2a: Tornadus\n|-damage|p2a: Tornadus|38\/100\n|-hitcount|p2a: Tornadus|3\n|\n|-damage|p1a: Urshifu|70\/100 tox|[from] psn\n|upkeep\n|turn|20\n|\n|t:|1667594394\n|switch|p2a: Hatterene|Hatterene, F|62\/100\n|move|p1a: Urshifu|Surging Strikes|p2a: Hatterene\n|-crit|p2a: Hatterene\n|-damage|p2a: Hatterene|45\/100\n|-crit|p2a: Hatterene\n|-damage|p2a: Hatterene|28\/100\n|-crit|p2a: Hatterene\n|-damage|p2a: Hatterene|14\/100\n|-hitcount|p2a: Hatterene|3\n|\n|-heal|p2a: Hatterene|20\/100|[from] item: Leftovers\n|-damage|p1a: Urshifu|51\/100 tox|[from] psn\n|upkeep\n|turn|21\n|\n|t:|1667594407\n|move|p1a: Urshifu|Surging Strikes|p2a: Hatterene\n|-crit|p2a: Hatterene\n|-damage|p2a: Hatterene|3\/100\n|-crit|p2a: Hatterene\n|-damage|p2a: Hatterene|0 fnt\n|faint|p2a: Hatterene\n|-hitcount|p2: Hatterene|2\n|\n|-damage|p1a: Urshifu|27\/100 tox|[from] psn\n|upkeep\n|\n|t:|1667594411\n|switch|p2a: Tornadus|Tornadus-Therian, M|71\/100\n|turn|22\n|\n|t:|1667594417\n|switch|p1a: Zapdos|Zapdos|51\/100 tox\n|-damage|p1a: Zapdos|26\/100 tox|[from] Stealth Rock\n|move|p2a: Tornadus|U-turn|p1a: Zapdos\n|-resisted|p1a: Zapdos\n|-damage|p1a: Zapdos|21\/100 tox\n|\n|t:|1667594420\n|switch|p2a: Vanilluxe|Vanilluxe, F|100\/100|[from]move: U-turn\n|-weather|Hail|[from] ability: Snow Warning|[of] p2a: Vanilluxe\n|\n|-weather|Hail|[upkeep]\n|-damage|p1a: Zapdos|15\/100 tox|[from] Hail\n|-damage|p1a: Zapdos|9\/100 tox|[from] psn\n|upkeep\n|turn|23\n|\n|t:|1667594423\n|move|p2a: Vanilluxe|Ice Shard|p1a: Zapdos\n|-supereffective|p1a: Zapdos\n|-damage|p1a: Zapdos|0 fnt\n|faint|p1a: Zapdos\n|\n|-weather|Hail|[upkeep]\n|upkeep\n|\n|t:|1667594427\n|switch|p1a: Aegislash|Aegislash, M|100\/100\n|-damage|p1a: Aegislash|94\/100|[from] Stealth Rock\n|turn|24\n|\n|t:|1667594436\n|switch|p2a: Tornadus|Tornadus-Therian, M|100\/100\n|move|p1a: Aegislash|Substitute|p1a: Aegislash\n|-start|p1a: Aegislash|Substitute\n|-damage|p1a: Aegislash|69\/100\n|\n|-weather|Hail|[upkeep]\n|-damage|p2a: Tornadus|94\/100|[from] Hail\n|-damage|p1a: Aegislash|63\/100|[from] Hail\n|-heal|p1a: Aegislash|69\/100|[from] item: Leftovers\n|upkeep\n|turn|25\n|\n|t:|1667594442\n|move|p2a: Tornadus|Heat Wave|p1a: Aegislash\n|-supereffective|p1a: Aegislash\n|-crit|p1a: Aegislash\n|-end|p1a: Aegislash|Substitute\n|-formechange|p1a: Aegislash|Aegislash-Blade||[from] ability: Stance Change\n|move|p1a: Aegislash|Shadow Ball|p2a: Tornadus\n|-damage|p2a: Tornadus|64\/100\n|\n|-weather|Hail|[upkeep]\n|-damage|p2a: Tornadus|58\/100|[from] Hail\n|-damage|p1a: Aegislash|63\/100|[from] Hail\n|-heal|p1a: Aegislash|69\/100|[from] item: Leftovers\n|upkeep\n|turn|26\n|\n|t:|1667594452\n|-formechange|p1a: Aegislash|Aegislash||[from] ability: Stance Change\n|move|p1a: Aegislash|King's Shield|p1a: Aegislash\n|-singleturn|p1a: Aegislash|Protect\n|move|p2a: Tornadus|Heat Wave|p1a: Aegislash\n|-activate|p1a: Aegislash|move: Protect\n|\n|-weather|none\n|-heal|p1a: Aegislash|75\/100|[from] item: Leftovers\n|upkeep\n|turn|27\n|j| tapu moxo\n|\n|t:|1667594479\n|switch|p1a: Garchomp|Garchomp, M|67\/100\n|-damage|p1a: Garchomp|61\/100|[from] Stealth Rock\n|move|p2a: Tornadus|U-turn|p1a: Garchomp\n|-damage|p1a: Garchomp|51\/100\n|-damage|p2a: Tornadus|45\/100|[from] ability: Rough Skin|[of] p1a: Garchomp\n|\n|t:|1667594487\n|switch|p2a: Vanilluxe|Vanilluxe, F|100\/100|[from]move: U-turn\n|-weather|Hail|[from] ability: Snow Warning|[of] p2a: Vanilluxe\n|\n|-weather|Hail|[upkeep]\n|-damage|p1a: Garchomp|45\/100|[from] Hail\n|-heal|p1a: Garchomp|51\/100|[from] item: Leftovers\n|upkeep\n|turn|28\n|\n|t:|1667594496\n|move|p1a: Garchomp|Protect|p1a: Garchomp\n|-singleturn|p1a: Garchomp|Protect\n|move|p2a: Vanilluxe|Ice Shard|p1a: Garchomp\n|-activate|p1a: Garchomp|move: Protect\n|\n|-weather|Hail|[upkeep]\n|-damage|p1a: Garchomp|45\/100|[from] Hail\n|-heal|p1a: Garchomp|51\/100|[from] item: Leftovers\n|upkeep\n|turn|29\n|\n|t:|1667594504\n|switch|p1a: Weavile|Weavile, F|100\/100\n|-ability|p1a: Weavile|Pressure\n|move|p2a: Vanilluxe|Ice Shard|p1a: Weavile\n|-resisted|p1a: Weavile\n|-damage|p1a: Weavile|89\/100\n|\n|-weather|Hail|[upkeep]\n|upkeep\n|turn|30\n|\n|t:|1667594508\n|switch|p2a: Heatran|Heatran, M|100\/100\n|move|p1a: Weavile|Knock Off|p2a: Heatran\n|-damage|p2a: Heatran|64\/100\n|-enditem|p2a: Heatran|Leftovers|[from] move: Knock Off|[of] p1a: Weavile\n|\n|-weather|Hail|[upkeep]\n|-damage|p2a: Heatran|58\/100|[from] Hail\n|upkeep\n|turn|31\n|\n|t:|1667594516\n|switch|p1a: Garchomp|Garchomp, M|51\/100\n|-damage|p1a: Garchomp|45\/100|[from] Stealth Rock\n|move|p2a: Heatran|Lava Plume|p1a: Garchomp\n|-resisted|p1a: Garchomp\n|-damage|p1a: Garchomp|30\/100\n|-status|p1a: Garchomp|brn\n|\n|-weather|none\n|-heal|p1a: Garchomp|37\/100 brn|[from] item: Leftovers\n|-damage|p1a: Garchomp|30\/100 brn|[from] brn\n|upkeep\n|turn|32\n|\n|t:|1667594525\n|switch|p2a: Vanilluxe|Vanilluxe, F|100\/100\n|-weather|Hail|[from] ability: Snow Warning|[of] p2a: Vanilluxe\n|move|p1a: Garchomp|Stealth Rock|p2a: Vanilluxe\n|-sidestart|p2: BugCatcherWeevil|move: Stealth Rock\n|\n|-weather|Hail|[upkeep]\n|-damage|p1a: Garchomp|24\/100 brn|[from] Hail\n|-heal|p1a: Garchomp|30\/100 brn|[from] item: Leftovers\n|-damage|p1a: Garchomp|24\/100 brn|[from] brn\n|upkeep\n|turn|33\n|\n|t:|1667594532\n|move|p1a: Garchomp|Protect|p1a: Garchomp\n|-singleturn|p1a: Garchomp|Protect\n|move|p2a: Vanilluxe|Ice Shard|p1a: Garchomp\n|-activate|p1a: Garchomp|move: Protect\n|\n|-weather|Hail|[upkeep]\n|-damage|p1a: Garchomp|18\/100 brn|[from] Hail\n|-heal|p1a: Garchomp|24\/100 brn|[from] item: Leftovers\n|-damage|p1a: Garchomp|18\/100 brn|[from] brn\n|upkeep\n|turn|34\n|\n|t:|1667594535\n|switch|p1a: Weavile|Weavile, F|89\/100\n|-ability|p1a: Weavile|Pressure\n|move|p2a: Vanilluxe|Ice Shard|p1a: Weavile\n|-resisted|p1a: Weavile\n|-damage|p1a: Weavile|76\/100\n|\n|-weather|Hail|[upkeep]\n|upkeep\n|turn|35\n|\n|t:|1667594537\n|switch|p2a: Heatran|Heatran, M|58\/100\n|-damage|p2a: Heatran|45\/100|[from] Stealth Rock\n|move|p1a: Weavile|Swords Dance|p1a: Weavile\n|-boost|p1a: Weavile|atk|2\n|\n|-weather|Hail|[upkeep]\n|-damage|p2a: Heatran|39\/100|[from] Hail\n|upkeep\n|turn|36\n|\n|t:|1667594546\n|move|p2a: Heatran|Protect|p2a: Heatran\n|-singleturn|p2a: Heatran|Protect\n|move|p1a: Weavile|Knock Off|p2a: Heatran\n|-activate|p2a: Heatran|move: Protect\n|\n|-weather|none\n|upkeep\n|turn|37\n|\n|t:|1667594550\n|move|p1a: Weavile|Knock Off|p2a: Heatran\n|-damage|p2a: Heatran|0 fnt\n|faint|p2a: Heatran\n|\n|upkeep\n|\n|t:|1667594554\n|switch|p2a: Vanilluxe|Vanilluxe, F|100\/100\n|-damage|p2a: Vanilluxe|76\/100|[from] Stealth Rock\n|-weather|Hail|[from] ability: Snow Warning|[of] p2a: Vanilluxe\n|turn|38\n|\n|t:|1667594562\n|move|p1a: Weavile|Knock Off|p2a: Vanilluxe\n|-damage|p2a: Vanilluxe|0 fnt\n|-enditem|p2a: Vanilluxe|Never-Melt Ice|[from] move: Knock Off|[of] p1a: Weavile\n|faint|p2a: Vanilluxe\n|\n|-weather|Hail|[upkeep]\n|upkeep\n|\n|t:|1667594564\n|switch|p2a: Arctozolt|Arctozolt|100\/100\n|turn|39\n|\n|t:|1667594572\n|switch|p1a: Garchomp|Garchomp, M|18\/100 brn\n|-damage|p1a: Garchomp|12\/100 brn|[from] Stealth Rock\n|move|p2a: Arctozolt|Low Kick|p1a: Garchomp\n|-damage|p1a: Garchomp|0 fnt\n|-damage|p2a: Arctozolt|88\/100|[from] ability: Rough Skin|[of] p1a: Garchomp\n|faint|p1a: Garchomp\n|\n|-weather|Hail|[upkeep]\n|upkeep\n|\n|t:|1667594583\n|switch|p1a: Aegislash|Aegislash, M|75\/100\n|-damage|p1a: Aegislash|69\/100|[from] Stealth Rock\n|turn|40\n|\n|t:|1667594587\n|switch|p2a: Landorus|Landorus-Therian, M|100\/100\n|-damage|p2a: Landorus|88\/100|[from] Stealth Rock\n|-ability|p2a: Landorus|Intimidate|boost\n|-unboost|p1a: Aegislash|atk|1\n|-formechange|p1a: Aegislash|Aegislash-Blade||[from] ability: Stance Change\n|move|p1a: Aegislash|Shadow Ball|p2a: Landorus\n|-damage|p2a: Landorus|52\/100\n|\n|-weather|Hail|[upkeep]\n|-damage|p2a: Landorus|46\/100|[from] Hail\n|-damage|p1a: Aegislash|63\/100|[from] Hail\n|-heal|p2a: Landorus|52\/100|[from] item: Leftovers\n|-heal|p1a: Aegislash|69\/100|[from] item: Leftovers\n|upkeep\n|turn|41\n|\n|t:|1667594595\n|-formechange|p1a: Aegislash|Aegislash||[from] ability: Stance Change\n|move|p1a: Aegislash|King's Shield|p1a: Aegislash\n|-singleturn|p1a: Aegislash|Protect\n|move|p2a: Landorus|Earthquake|p1a: Aegislash\n|-activate|p1a: Aegislash|move: Protect\n|\n|-weather|Hail|[upkeep]\n|-damage|p2a: Landorus|46\/100|[from] Hail\n|-damage|p1a: Aegislash|63\/100|[from] Hail\n|-heal|p2a: Landorus|52\/100|[from] item: Leftovers\n|-heal|p1a: Aegislash|69\/100|[from] item: Leftovers\n|upkeep\n|turn|42\n|\n|t:|1667594600\n|move|p2a: Landorus|Earthquake|p1a: Aegislash\n|-supereffective|p1a: Aegislash\n|-damage|p1a: Aegislash|0 fnt\n|faint|p1a: Aegislash\n|\n|-weather|none\n|-heal|p2a: Landorus|58\/100|[from] item: Leftovers\n|upkeep\n|\n|t:|1667594602\n|switch|p1a: Weavile|Weavile, F|76\/100\n|-ability|p1a: Weavile|Pressure\n|turn|43\n|\n|t:|1667594609\n|switch|p2a: Arctozolt|Arctozolt|88\/100\n|move|p1a: Weavile|Triple Axel|p2a: Arctozolt\n|-resisted|p2a: Arctozolt\n|-damage|p2a: Arctozolt|81\/100\n|-resisted|p2a: Arctozolt\n|-damage|p2a: Arctozolt|70\/100\n|-resisted|p2a: Arctozolt\n|-damage|p2a: Arctozolt|53\/100\n|-hitcount|p2a: Arctozolt|3\n|\n|upkeep\n|turn|44\n|\n|t:|1667594615\n|move|p1a: Weavile|Knock Off|p2a: Arctozolt\n|-crit|p2a: Arctozolt\n|-damage|p2a: Arctozolt|0 fnt\n|-enditem|p2a: Arctozolt|Heavy-Duty Boots|[from] move: Knock Off|[of] p1a: Weavile\n|faint|p2a: Arctozolt\n|\n|upkeep\n|c|\u2606BugCatcherWeevil|lucky af\n|c|\u2606BugCatcherWeevil|no flame body but crits\n|inactive|BugCatcherWeevil has 120 seconds left.\n|\n|t:|1667594650\n|switch|p2a: Tornadus|Tornadus-Therian, M|78\/100\n|-damage|p2a: Tornadus|53\/100|[from] Stealth Rock\n|turn|45\n|inactive|gotsnsd has 120 seconds left.\n|c|\u2606gotsnsd|252 Atk Weavile Knock Off (97.5 BP) vs. 0 HP \/ 0 Def Arctozolt: 163-193 (50.7 - 60.1%) -- guaranteed 2HKO\n|c|\u2606gotsnsd|unless you ran hp\n|inactive|gotsnsd has 90 seconds left.\n|\n|t:|1667594714\n|move|p1a: Weavile|Triple Axel|p2a: Tornadus\n|-supereffective|p2a: Tornadus\n|-damage|p2a: Tornadus|33\/100\n|-supereffective|p2a: Tornadus\n|-damage|p2a: Tornadus|0 fnt\n|faint|p2a: Tornadus\n|-hitcount|p2: Tornadus|2\n|\n|upkeep\n|inactive|BugCatcherWeevil has 120 seconds left.\n|\n|t:|1667594758\n|switch|p2a: Landorus|Landorus-Therian, M|58\/100\n|-damage|p2a: Landorus|46\/100|[from] Stealth Rock\n|-ability|p2a: Landorus|Intimidate|boost\n|-unboost|p1a: Weavile|atk|1\n|turn|46\n|inactive|gotsnsd has 90 seconds left.\n|\n|t:|1667594775\n|move|p1a: Weavile|Ice Shard|p2a: Landorus\n|-supereffective|p2a: Landorus\n|-damage|p2a: Landorus|0 fnt\n|faint|p2a: Landorus\n|\n|win|gotsnsd\n|raw|gotsnsd's rating: 1712 &rarr; <strong>1739<\/strong><br \/>(+27 for winning)\n|raw|BugCatcherWeevil's rating: 1840 &rarr; <strong>1813<\/strong><br \/>(-27 for losing)\n|l|\u2606gotsnsd\n||Ladder isn't responding, score probably updated but might not have (Request timeout).\n|l| tapu moxo\n|j|\u2606gotsnsd\n|player|p1|gotsnsd|beauty-gen2jp\n|l|\u2606BugCatcherWeevil\n|l|\u2606gotsnsd\n|player|p1|\n|j|\u2606gotsnsd\n|player|p1|gotsnsd|beauty-gen2jp\n","uploadtime":1667594913,"views":13,"p1id":"gotsnsd","p2id":"bugcatcherweevil","formatid":"gen8ou","rating":1739,"private":0,"password":null}