{"id":"gen8uu-1589579296","p1":"Turn 2","p2":"5skin Goblin","format":"gen8uu","log":"|j|\u2606Turn 2\n|j|\u26065skin Goblin\n|t:|1654410947\n|gametype|singles\n|player|p1|Turn 2|janine|1274\n|player|p2|5skin Goblin|pokekid|1294\n|teamsize|p1|6\n|teamsize|p2|6\n|gen|8\n|tier|[Gen 8] UU\n|rated|\n|rule|Sleep Clause Mod: Limit one foe put to sleep\n|rule|Species Clause: Limit one of each Pok\u00e9mon\n|rule|OHKO Clause: OHKO moves are banned\n|rule|Evasion Moves Clause: Evasion moves are banned\n|rule|Endless Battle Clause: Forcing endless battles is banned\n|rule|HP Percentage Mod: HP is shown in percentages\n|rule|Dynamax Clause: You cannot dynamax\n|clearpoke\n|poke|p1|Salamence, M|\n|poke|p1|Scizor, F|\n|poke|p1|Azelf|\n|poke|p1|Cloyster, M|\n|poke|p1|Rotom-Wash|\n|poke|p1|Darmanitan, M|\n|poke|p2|Conkeldurr, M|\n|poke|p2|Tapu Bulu|\n|poke|p2|Moltres|\n|poke|p2|Slowking, F|\n|poke|p2|Krookodile, M|\n|poke|p2|Aegislash, F|\n|teampreview\n|inactive|Battle timer is ON: inactive players will automatically lose when time's up. (requested by Turn 2)\n|\n|t:|1654410965\n|start\n|switch|p1a: Azelf|Azelf|100\/100\n|switch|p2a: Krookodile|Krookodile, M|100\/100\n|-ability|p2a: Krookodile|Intimidate|boost\n|-unboost|p1a: Azelf|atk|1\n|turn|1\n|\n|t:|1654410974\n|move|p1a: Azelf|Taunt|p2a: Krookodile\n|-start|p2a: Krookodile|move: Taunt\n|move|p2a: Krookodile|Knock Off|p1a: Azelf\n|-supereffective|p1a: Azelf\n|-enditem|p1a: Azelf|Focus Sash\n|-damage|p1a: Azelf|1\/100\n|\n|upkeep\n|turn|2\n|\n|t:|1654410983\n|move|p1a: Azelf|Stealth Rock|p2a: Krookodile\n|-sidestart|p2: 5skin Goblin|move: Stealth Rock\n|move|p2a: Krookodile|Knock Off|p1a: Azelf\n|-supereffective|p1a: Azelf\n|-damage|p1a: Azelf|0 fnt\n|faint|p1a: Azelf\n|\n|upkeep\n|\n|t:|1654410990\n|switch|p1a: Salamence|Salamence, M|100\/100\n|turn|3\n|\n|t:|1654410995\n|move|p2a: Krookodile|Knock Off|p1a: Salamence\n|-damage|p1a: Salamence|51\/100\n|-enditem|p1a: Salamence|Heavy-Duty Boots|[from] move: Knock Off|[of] p2a: Krookodile\n|move|p1a: Salamence|Dragon Dance|p1a: Salamence\n|-boost|p1a: Salamence|atk|1\n|-boost|p1a: Salamence|spe|1\n|\n|-end|p2a: Krookodile|move: Taunt\n|upkeep\n|turn|4\n|\n|t:|1654411017\n|switch|p2a: Moltres|Moltres|100\/100\n|move|p1a: Salamence|Dual Wingbeat|p2a: Moltres\n|-damage|p2a: Moltres|66\/100\n|-damage|p2a: Moltres|32\/100\n|-hitcount|p2a: Moltres|2\n|\n|upkeep\n|turn|5\n|\n|t:|1654411025\n|move|p1a: Salamence|Dragon Claw|p2a: Moltres\n|-damage|p2a: Moltres|0 fnt\n|-status|p1a: Salamence|brn|[from] ability: Flame Body|[of] p2a: Moltres\n|faint|p2a: Moltres\n|-ability|p1a: Salamence|Moxie|boost\n|-boost|p1a: Salamence|atk|1\n|\n|-damage|p1a: Salamence|45\/100 brn|[from] brn\n|upkeep\n|\n|t:|1654411034\n|switch|p2a: Aegislash|Aegislash, F|100\/100\n|-damage|p2a: Aegislash|94\/100|[from] Stealth Rock\n|turn|6\n|\n|t:|1654411038\n|move|p1a: Salamence|Fire Fang|p2a: Aegislash\n|-supereffective|p2a: Aegislash\n|-damage|p2a: Aegislash|48\/100\n|cant|p2a: Aegislash|flinch\n|\n|-damage|p1a: Salamence|39\/100 brn|[from] brn\n|upkeep\n|turn|7\n|\n|t:|1654411046\n|move|p1a: Salamence|Fire Fang|p2a: Aegislash|[miss]\n|-miss|p1a: Salamence|p2a: Aegislash\n|-formechange|p2a: Aegislash|Aegislash-Blade||[from] ability: Stance Change\n|move|p2a: Aegislash|Shadow Ball|p1a: Salamence\n|-damage|p1a: Salamence|0 fnt\n|faint|p1a: Salamence\n|\n|upkeep\n|c|\u2606Turn 2|God of the haxx\n|\n|t:|1654411069\n|switch|p1a: Scizor|Scizor, F|100\/100\n|turn|8\n|c|\u26065skin Goblin|cry about it. Flincher lol.\n|c|\u26065skin Goblin|you got a flinch\n|c|\u26065skin Goblin|you fucking rat\n|\n|t:|1654411094\n|switch|p2a: Tapu Bulu|Tapu Bulu|100\/100\n|-damage|p2a: Tapu Bulu|88\/100|[from] Stealth Rock\n|-fieldstart|move: Grassy Terrain|[from] ability: Grassy Surge|[of] p2a: Tapu Bulu\n|move|p1a: Scizor|Knock Off|p2a: Tapu Bulu\n|-resisted|p2a: Tapu Bulu\n|-damage|p2a: Tapu Bulu|62\/100\n|-enditem|p2a: Tapu Bulu|Choice Scarf|[from] move: Knock Off|[of] p1a: Scizor\n|-damage|p1a: Scizor|91\/100|[from] item: Life Orb\n|\n|-heal|p2a: Tapu Bulu|68\/100|[from] Grassy Terrain\n|-heal|p1a: Scizor|97\/100|[from] Grassy Terrain\n|upkeep\n|turn|9\n|\n|t:|1654411108\n|move|p1a: Scizor|Bullet Punch|p2a: Tapu Bulu\n|-supereffective|p2a: Tapu Bulu\n|-damage|p2a: Tapu Bulu|0 fnt\n|faint|p2a: Tapu Bulu\n|-damage|p1a: Scizor|87\/100|[from] item: Life Orb\n|\n|-heal|p1a: Scizor|93\/100|[from] Grassy Terrain\n|upkeep\n|\n|t:|1654411114\n|switch|p2a: Aegislash|Aegislash, F|48\/100\n|-damage|p2a: Aegislash|42\/100|[from] Stealth Rock\n|turn|10\n|\n|t:|1654411119\n|-formechange|p2a: Aegislash|Aegislash-Blade||[from] ability: Stance Change\n|move|p2a: Aegislash|Shadow Ball|p1a: Scizor\n|-damage|p1a: Scizor|11\/100\n|move|p1a: Scizor|Knock Off|p2a: Aegislash\n|-supereffective|p2a: Aegislash\n|-damage|p2a: Aegislash|0 fnt\n|-enditem|p2a: Aegislash|Choice Specs|[from] move: Knock Off|[of] p1a: Scizor\n|faint|p2a: Aegislash\n|-damage|p1a: Scizor|1\/100|[from] item: Life Orb\n|\n|-heal|p1a: Scizor|7\/100|[from] Grassy Terrain\n|upkeep\n|\n|t:|1654411126\n|switch|p2a: Conkeldurr|Conkeldurr, M|100\/100\n|-damage|p2a: Conkeldurr|94\/100|[from] Stealth Rock\n|turn|11\n|\n|t:|1654411136\n|move|p1a: Scizor|Bullet Punch|p2a: Conkeldurr\n|-damage|p2a: Conkeldurr|51\/100\n|-damage|p1a: Scizor|0 fnt|[from] item: Life Orb\n|faint|p1a: Scizor\n|move|p2a: Conkeldurr|Knock Off|p1: Scizor|[notarget]\n|-fail|p2a: Conkeldurr\n|\n|-heal|p2a: Conkeldurr|57\/100|[from] Grassy Terrain\n|-status|p2a: Conkeldurr|brn|[from] item: Flame Orb\n|upkeep\n|\n|t:|1654411159\n|switch|p1a: Darmanitan|Darmanitan, M|100\/100\n|turn|12\n|\n|t:|1654411165\n|switch|p2a: Slowking|Slowking, F|100\/100\n|-damage|p2a: Slowking|88\/100|[from] Stealth Rock\n|move|p1a: Darmanitan|Flare Blitz|p2a: Slowking\n|-resisted|p2a: Slowking\n|-damage|p2a: Slowking|53\/100\n|-damage|p1a: Darmanitan|88\/100|[from] Recoil\n|\n|-heal|p1a: Darmanitan|94\/100|[from] Grassy Terrain\n|-heal|p2a: Slowking|59\/100|[from] Grassy Terrain\n|-fieldend|move: Grassy Terrain\n|upkeep\n|turn|13\n|\n|t:|1654411178\n|switch|p1a: Rotom|Rotom-Wash|100\/100\n|move|p2a: Slowking|Teleport|p2a: Slowking\n|\n|t:|1654411181\n|switch|p2a: Conkeldurr|Conkeldurr, M|57\/100 brn|[from]move: Teleport\n|-damage|p2a: Conkeldurr|51\/100 brn|[from] Stealth Rock\n|\n|-damage|p2a: Conkeldurr|45\/100 brn|[from] brn\n|upkeep\n|turn|14\n|\n|t:|1654411190\n|move|p2a: Conkeldurr|Mach Punch|p1a: Rotom\n|-damage|p1a: Rotom|63\/100\n|move|p1a: Rotom|Volt Switch|p2a: Conkeldurr\n|-damage|p2a: Conkeldurr|14\/100 brn\n|\n|t:|1654411197\n|switch|p1a: Darmanitan|Darmanitan, M|94\/100|[from]move: Volt Switch\n|\n|-damage|p2a: Conkeldurr|7\/100 brn|[from] brn\n|upkeep\n|turn|15\n|\n|t:|1654411204\n|switch|p1a: Rotom|Rotom-Wash|63\/100\n|switch|p2a: Slowking|Slowking, F|92\/100\n|-damage|p2a: Slowking|79\/100|[from] Stealth Rock\n|\n|-heal|p1a: Rotom|69\/100|[from] item: Leftovers\n|upkeep\n|turn|16\n|\n|t:|1654411214\n|move|p1a: Rotom|Will-O-Wisp|p2a: Slowking\n|-status|p2a: Slowking|brn\n|move|p2a: Slowking|Teleport|p2a: Slowking\n|\n|t:|1654411217\n|switch|p2a: Krookodile|Krookodile, M|100\/100|[from]move: Teleport\n|-damage|p2a: Krookodile|94\/100|[from] Stealth Rock\n|-ability|p2a: Krookodile|Intimidate|boost\n|-unboost|p1a: Rotom|atk|1\n|\n|-heal|p2a: Krookodile|100\/100|[from] item: Leftovers\n|-heal|p1a: Rotom|75\/100|[from] item: Leftovers\n|upkeep\n|turn|17\n|\n|t:|1654411227\n|move|p2a: Krookodile|Knock Off|p1a: Rotom\n|-damage|p1a: Rotom|29\/100\n|-enditem|p1a: Rotom|Leftovers|[from] move: Knock Off|[of] p2a: Krookodile\n|move|p1a: Rotom|Will-O-Wisp|p2a: Krookodile\n|-status|p2a: Krookodile|brn\n|\n|-damage|p2a: Krookodile|94\/100 brn|[from] brn\n|upkeep\n|turn|18\n|\n|t:|1654411237\n|move|p2a: Krookodile|Stealth Rock|p1a: Rotom\n|-sidestart|p1: Turn 2|move: Stealth Rock\n|move|p1a: Rotom|Pain Split|p2a: Krookodile\n|-sethp|p2a: Krookodile|59\/100 brn|[from] move: Pain Split|[silent]\n|-sethp|p1a: Rotom|70\/100|[from] move: Pain Split\n|\n|-heal|p2a: Krookodile|65\/100 brn|[from] item: Leftovers\n|-damage|p2a: Krookodile|59\/100 brn|[from] brn\n|upkeep\n|turn|19\n|\n|t:|1654411259\n|switch|p2a: Slowking|Slowking, F|100\/100 brn\n|-damage|p2a: Slowking|88\/100 brn|[from] Stealth Rock\n|move|p1a: Rotom|Defog|p2a: Slowking\n|-unboost|p2a: Slowking|evasion|1\n|-sideend|p2: 5skin Goblin|Stealth Rock|[from] move: Defog|[of] p1a: Rotom\n|-sideend|p1: Turn 2|Stealth Rock|[from] move: Defog|[of] p1a: Rotom\n|\n|-damage|p2a: Slowking|82\/100 brn|[from] brn\n|upkeep\n|turn|20\n|\n|t:|1654411271\n|move|p1a: Rotom|Volt Switch|p2a: Slowking\n|-supereffective|p2a: Slowking\n|-damage|p2a: Slowking|37\/100 brn\n|\n|t:|1654411275\n|switch|p1a: Darmanitan|Darmanitan, M|94\/100|[from]move: Volt Switch\n|move|p2a: Slowking|Teleport|p2a: Slowking\n|\n|t:|1654411278\n|switch|p2a: Conkeldurr|Conkeldurr, M|7\/100 brn|[from]move: Teleport\n|\n|-damage|p2a: Conkeldurr|1\/100 brn|[from] brn\n|upkeep\n|turn|21\n|\n|t:|1654411286\n|move|p2a: Conkeldurr|Mach Punch|p1a: Darmanitan\n|-damage|p1a: Darmanitan|36\/100\n|move|p1a: Darmanitan|U-turn|p2a: Conkeldurr\n|-resisted|p2a: Conkeldurr\n|-damage|p2a: Conkeldurr|0 fnt\n|faint|p2a: Conkeldurr\n|\n|t:|1654411293\n|switch|p1a: Cloyster|Cloyster, M|100\/100|[from]move: U-turn\n|\n|upkeep\n|\n|t:|1654411298\n|switch|p2a: Slowking|Slowking, F|70\/100 brn\n|turn|22\n|\n|t:|1654411301\n|move|p1a: Cloyster|Shell Smash|p1a: Cloyster\n|-unboost|p1a: Cloyster|def|1\n|-unboost|p1a: Cloyster|spd|1\n|-boost|p1a: Cloyster|atk|2\n|-boost|p1a: Cloyster|spa|2\n|-boost|p1a: Cloyster|spe|2\n|-enditem|p1a: Cloyster|White Herb\n|-clearnegativeboost|p1a: Cloyster|[silent]\n|move|p2a: Slowking|Scald|p1a: Cloyster\n|-resisted|p1a: Cloyster\n|-damage|p1a: Cloyster|57\/100\n|\n|-damage|p2a: Slowking|64\/100 brn|[from] brn\n|upkeep\n|turn|23\n|\n|t:|1654411314\n|move|p1a: Cloyster|Rock Blast|p2a: Slowking\n|-crit|p2a: Slowking\n|-damage|p2a: Slowking|47\/100 brn\n|-damage|p2a: Slowking|36\/100 brn\n|-crit|p2a: Slowking\n|-damage|p2a: Slowking|16\/100 brn\n|-damage|p2a: Slowking|3\/100 brn\n|-damage|p2a: Slowking|0 fnt\n|faint|p2a: Slowking\n|-hitcount|p2: Slowking|5\n|\n|upkeep\n|-message|5skin Goblin forfeited.\n|\n|win|Turn 2\n|raw|Turn 2's rating: 1274 &rarr; <strong>1300<\/strong><br \/>(+26 for winning)\n|raw|5skin Goblin's rating: 1294 &rarr; <strong>1268<\/strong><br \/>(-26 for losing)\n|l|\u26065skin Goblin\n","uploadtime":1654411082,"views":3,"p1id":"turn2","p2id":"5skingoblin","formatid":"gen8uu","rating":1268,"private":0,"password":null}