{"id":"gen8ou-1127804773","p1":"A","p2":"WadeProxx","format":"gen8ou","log":"|j|\u2606A\n|j|\u2606WadeProxx\n|player|p1|A|clemont|1691\n|player|p2|WadeProxx|115|1780\n|teamsize|p1|6\n|teamsize|p2|6\n|gametype|singles\n|gen|8\n|tier|[Gen 8] OU\n|rated|\n|clearpoke\n|poke|p1|Aegislash, M|\n|poke|p1|Jellicent, F|\n|poke|p1|Jirachi|\n|poke|p1|Rillaboom, M|\n|poke|p1|Togekiss, F|\n|poke|p1|Arcanine, F|\n|poke|p2|Terrakion|\n|poke|p2|Zeraora|\n|poke|p2|Mimikyu, F|\n|poke|p2|Rillaboom, F|\n|poke|p2|Hawlucha, F|\n|poke|p2|Hydreigon, F|\n|rule|Sleep Clause Mod: Limit one foe put to sleep\n|rule|Species Clause: Limit one of each Pok\u00e9mon\n|rule|OHKO Clause: OHKO moves are banned\n|rule|Evasion Moves Clause: Evasion moves are banned\n|rule|Endless Battle Clause: Forcing endless battles is banned\n|rule|HP Percentage Mod: HP is shown in percentages\n|rule|Dynamax Clause: You cannot dynamax\n|teampreview\n|j| justatest123\n|j| PkMn Trainer Ibz\n|j|+moondazing\n|j| gomikyu\n|j| gen 8 fish\n|\n|start\n|switch|p1a: HIM|Aegislash, M, shiny|100\/100\n|switch|p2a: Terrakion|Terrakion|100\/100\n|turn|1\n|c|\u2606A|luck fun have good\n|c|\u2606WadeProxx|u2\n|\n|move|p2a: Terrakion|Stealth Rock|p1a: HIM\n|-sidestart|p1: A|move: Stealth Rock\n|-formechange|p1a: HIM|Aegislash-Blade||[from] ability: Stance Change\n|move|p1a: HIM|Iron Head|p2a: Terrakion\n|-supereffective|p2a: Terrakion\n|-enditem|p2a: Terrakion|Focus Sash\n|-damage|p2a: Terrakion|1\/100\n|\n|upkeep\n|turn|2\n|\n|move|p1a: HIM|Shadow Sneak|p2a: Terrakion\n|-damage|p2a: Terrakion|0 fnt\n|faint|p2a: Terrakion\n|\n|upkeep\n|\n|switch|p2a: Hydreigon|Hydreigon, F|100\/100\n|turn|3\n|\n|move|p2a: Hydreigon|Nasty Plot|p2a: Hydreigon\n|-boost|p2a: Hydreigon|spa|2\n|move|p1a: HIM|Close Combat|p2a: Hydreigon\n|-supereffective|p2a: Hydreigon\n|-damage|p2a: Hydreigon|0 fnt\n|-unboost|p1a: HIM|def|1\n|-unboost|p1a: HIM|spd|1\n|faint|p2a: Hydreigon\n|\n|upkeep\n|c|+moondazing|gottem\n|j| supersam10001\n|\n|switch|p2a: Zeraora|Zeraora|100\/100\n|turn|4\n|c| gomikyu|Destroued\n|\n|switch|p1a: mr gamer man|Rillaboom, M, shiny|100\/100\n|-damage|p1a: mr gamer man|88\/100|[from] Stealth Rock\n|-fieldstart|move: Grassy Terrain|[from] ability: Grassy Surge|[of] p1a: mr gamer man\n|move|p2a: Zeraora|Plasma Fists|p1a: mr gamer man\n|-resisted|p1a: mr gamer man\n|-damage|p1a: mr gamer man|60\/100\n|-fieldactivate|move: Ion Deluge\n|-damage|p2a: Zeraora|91\/100|[from] item: Life Orb\n|\n|-heal|p2a: Zeraora|97\/100|[from] Grassy Terrain\n|-heal|p1a: mr gamer man|66\/100|[from] item: Leftovers\n|-heal|p1a: mr gamer man|72\/100|[from] Grassy Terrain\n|upkeep\n|turn|5\n|j| davidjanjic2\n|\n|switch|p2a: Rillaboom|Rillaboom, F|100\/100\n|move|p1a: mr gamer man|Drum Beating|p2a: Rillaboom\n|-resisted|p2a: Rillaboom\n|-damage|p2a: Rillaboom|68\/100\n|-unboost|p2a: Rillaboom|spe|1\n|\n|-heal|p2a: Rillaboom|74\/100|[from] Grassy Terrain\n|-heal|p1a: mr gamer man|78\/100|[from] item: Leftovers\n|-heal|p1a: mr gamer man|84\/100|[from] Grassy Terrain\n|upkeep\n|turn|6\n|c|\u2606A|wow that did 11\n|\n|switch|p1a: gamer girl|Arcanine, F, shiny|100\/100\n|-ability|p1a: gamer girl|Intimidate|boost\n|-unboost|p2a: Rillaboom|atk|1\n|move|p2a: Rillaboom|Knock Off|p1a: gamer girl\n|-damage|p1a: gamer girl|83\/100\n|-enditem|p1a: gamer girl|Heavy-Duty Boots|[from] move: Knock Off|[of] p2a: Rillaboom\n|\n|-heal|p2a: Rillaboom|80\/100|[from] Grassy Terrain\n|-heal|p1a: gamer girl|89\/100|[from] Grassy Terrain\n|upkeep\n|turn|7\n|j| Cadoo29\n|l| Cadoo29\n|\n|switch|p2a: Zeraora|Zeraora|97\/100\n|move|p1a: gamer girl|Will-O-Wisp|p2a: Zeraora\n|-status|p2a: Zeraora|brn\n|\n|-heal|p2a: Zeraora|100\/100 brn|[from] Grassy Terrain\n|-heal|p1a: gamer girl|95\/100|[from] Grassy Terrain\n|-damage|p2a: Zeraora|95\/100 brn|[from] brn\n|upkeep\n|turn|8\n|\n|move|p2a: Zeraora|Plasma Fists|p1a: gamer girl\n|-damage|p1a: gamer girl|71\/100\n|-fieldactivate|move: Ion Deluge\n|-damage|p2a: Zeraora|85\/100 brn|[from] item: Life Orb\n|move|p1a: gamer girl|Flamethrower|p2a: Zeraora\n|-damage|p2a: Zeraora|45\/100 brn\n|\n|-heal|p2a: Zeraora|51\/100 brn|[from] Grassy Terrain\n|-heal|p1a: gamer girl|77\/100|[from] Grassy Terrain\n|-fieldend|move: Grassy Terrain\n|-damage|p2a: Zeraora|45\/100 brn|[from] brn\n|upkeep\n|turn|9\n|l| davidjanjic2\n|\n|move|p2a: Zeraora|Plasma Fists|p1a: gamer girl\n|-damage|p1a: gamer girl|51\/100\n|-fieldactivate|move: Ion Deluge\n|-damage|p2a: Zeraora|35\/100 brn|[from] item: Life Orb\n|move|p1a: gamer girl|Flamethrower|p2a: Zeraora\n|-damage|p2a: Zeraora|0 fnt\n|faint|p2a: Zeraora\n|\n|upkeep\n|\n|switch|p2a: Mimikyu|Mimikyu, F|100\/100\n|turn|10\n|\n|move|p2a: Mimikyu|Swords Dance|p2a: Mimikyu\n|-boost|p2a: Mimikyu|atk|2\n|move|p1a: gamer girl|Will-O-Wisp|p2a: Mimikyu\n|-status|p2a: Mimikyu|brn\n|\n|-damage|p2a: Mimikyu|95\/100 brn|[from] brn\n|upkeep\n|turn|11\n|\n|move|p2a: Mimikyu|Swords Dance|p2a: Mimikyu\n|-boost|p2a: Mimikyu|atk|2\n|move|p1a: gamer girl|Morning Sun|p1a: gamer girl\n|-heal|p1a: gamer girl|100\/100\n|\n|-damage|p2a: Mimikyu|89\/100 brn|[from] brn\n|upkeep\n|turn|12\n|c|\u2606A|oh no\n|\n|move|p2a: Mimikyu|Shadow Claw|p1a: gamer girl\n|-damage|p1a: gamer girl|52\/100\n|-damage|p2a: Mimikyu|79\/100 brn|[from] item: Life Orb\n|move|p1a: gamer girl|Flamethrower|p2a: Mimikyu\n|-activate|p2a: Mimikyu|ability: Disguise\n|-damage|p2a: Mimikyu|79\/100 brn\n|detailschange|p2a: Mimikyu|Mimikyu-Busted, F\n|-damage|p2a: Mimikyu|66\/100 brn|[from] pokemon: Mimikyu-Busted\n|\n|-damage|p2a: Mimikyu|60\/100 brn|[from] brn\n|upkeep\n|turn|13\n|c|+moondazing|zero\n|\n|move|p2a: Mimikyu|Shadow Claw|p1a: gamer girl\n|-damage|p1a: gamer girl|0 fnt\n|-damage|p2a: Mimikyu|50\/100 brn|[from] item: Life Orb\n|faint|p1a: gamer girl\n|\n|-damage|p2a: Mimikyu|44\/100 brn|[from] brn\n|upkeep\n|c|\u2606A|always punished\n|\n|switch|p1a: i'm cute|Togekiss, F|100\/100\n|-damage|p1a: i'm cute|76\/100|[from] Stealth Rock\n|turn|14\n|j| 18YEAROLDYOGABOOTY\n|\n|move|p1a: i'm cute|Air Slash|p2a: Mimikyu\n|-damage|p2a: Mimikyu|0 fnt\n|faint|p2a: Mimikyu\n|\n|upkeep\n|\n|switch|p2a: Rillaboom|Rillaboom, F|80\/100\n|-fieldstart|move: Grassy Terrain|[from] ability: Grassy Surge|[of] p2a: Rillaboom\n|turn|15\n|l|\u2606A\n|player|p1|\n|inactive|Battle timer is ON: inactive players will automatically lose when time's up. (requested by WadeProxx)\n|c|+moondazing|rip\n|j| soyunamanca\n|l| 18YEAROLDYOGABOOTY\n|c| justatest123|oh no dont do this to a man with poor internet\n|l| soyunamanca\n|c|+moondazing|:(\n|j|\u2606A\n|inactive|A reconnected and has 135 seconds left.\n|player|p1|A|clemont\n|\n|move|p2a: Rillaboom|Wood Hammer|p1a: i'm cute\n|-resisted|p1a: i'm cute\n|-damage|p1a: i'm cute|34\/100\n|-damage|p2a: Rillaboom|68\/100|[from] Recoil\n|move|p1a: i'm cute|Air Slash|p2a: Rillaboom\n|-supereffective|p2a: Rillaboom\n|-damage|p2a: Rillaboom|0 fnt\n|faint|p2a: Rillaboom\n|\n|upkeep\n|c|+moondazing|we back\n|\n|switch|p2a: Hawlucha|Hawlucha, F|100\/100\n|-enditem|p2a: Hawlucha|Grassy Seed\n|-boost|p2a: Hawlucha|def|1|[from] item: Grassy Seed\n|turn|16\n|l| supersam10001\n|\n|move|p2a: Hawlucha|Acrobatics|p1a: i'm cute\n|-damage|p1a: i'm cute|0 fnt\n|faint|p1a: i'm cute\n|\n|upkeep\n|c|\u2606A|how do i beat this thing\n|c| justatest123|arcanine\n|c|+moondazing|uhh\n|c| justatest123|aegislash\n|c|+moondazing|arcanine\n|c|+moondazing|LOL\n|c| justatest123|pray it doesnt have throat chop\n|l|\u2606A\n|inactive|A disconnected and has a minute to reconnect!\n|player|p1|\n|c| justatest123|LOL\n|c|+moondazing|,\n|c| gomikyu|,\n|c| gomikyu|He literally\n|c| gomikyu|Won\n|j| Disorient\n|c| justatest123|jelli walls too\n|c| justatest123|just wisp and sap\n|inactive|A has 30 seconds to reconnect!\n|c| gomikyu|Jelli jirachi aegi\n|c| gomikyu|Forfeita\n|j|\u2606A\n|inactive|A reconnected and has 100 seconds left.\n|player|p1|A|clemont\n|j| myjava\n|\n|switch|p1a: actually lame|Jellicent, F|100\/100\n|-damage|p1a: actually lame|88\/100|[from] Stealth Rock\n|turn|17\n|\n|move|p2a: Hawlucha|Taunt|p1a: actually lame\n|-start|p1a: actually lame|move: Taunt\n|cant|p1a: actually lame|move: Taunt|Will-O-Wisp\n|\n|-heal|p1a: actually lame|94\/100|[from] Grassy Terrain\n|upkeep\n|turn|18\n|c|\u2606A|lmao\n|c|+moondazing|o\n|\n|move|p2a: Hawlucha|Swords Dance|p2a: Hawlucha\n|-boost|p2a: Hawlucha|atk|2\n|move|p1a: actually lame|Scald|p2a: Hawlucha\n|-damage|p2a: Hawlucha|62\/100\n|\n|-heal|p1a: actually lame|100\/100|[from] Grassy Terrain\n|upkeep\n|turn|19\n|j| RUnner2500\n|c| gomikyu|Sad,\n|c| justatest123|sad!\n|j| kjvsegrbgff\n|c| justatest123|lets go aegi\n|j| PrAiSe GrOuDoNiSm\n|\n|move|p2a: Hawlucha|Acrobatics|p1a: actually lame\n|-damage|p1a: actually lame|20\/100\n|move|p1a: actually lame|Scald|p2a: Hawlucha\n|-damage|p2a: Hawlucha|25\/100\n|\n|-heal|p1a: actually lame|26\/100|[from] Grassy Terrain\n|-fieldend|move: Grassy Terrain\n|-end|p1a: actually lame|move: Taunt\n|upkeep\n|turn|20\n|c| kjvsegrbgff|A you just fucked up\n|\n|move|p2a: Hawlucha|Acrobatics|p1a: actually lame\n|-damage|p1a: actually lame|0 fnt\n|faint|p1a: actually lame\n|\n|upkeep\n|\n|switch|p1a: HIM|Aegislash, M, shiny|100\/100\n|-damage|p1a: HIM|94\/100|[from] Stealth Rock\n|turn|21\n|c| kjvsegrbgff|you could have won\n|c|\u2606A|???\n|c| justatest123|wdym\n|c|+moondazing|???\n|c|\u2606A|unless this is like some throat chop or something\n|\n|move|p2a: Hawlucha|Acrobatics|p1a: HIM\n|-resisted|p1a: HIM\n|-damage|p1a: HIM|53\/100\n|-formechange|p1a: HIM|Aegislash-Blade||[from] ability: Stance Change\n|move|p1a: HIM|Iron Head|p2a: Hawlucha\n|-damage|p2a: Hawlucha|0 fnt\n|faint|p2a: Hawlucha\n|\n|win|A\n|c|\u2606A|gg\n|raw|A's rating: 1691 &rarr; <strong>1716<\/strong><br \/>(+25 for winning)\n|raw|WadeProxx's rating: 1780 &rarr; <strong>1755<\/strong><br \/>(-25 for losing)\n|l|\u2606WadeProxx\n|l|+moondazing\n|l| gomikyu\n|l| justatest123\n|l| gen 8 fish\n|l| RUnner2500\n|l|\u2606A\n|l| Disorient\n|l| kjvsegrbgff\n|l| myjava\n|j| PepsiMan2\n|j| Cadoo29\n|l| Cadoo29\n|l| PepsiMan2\n|j|\u2606A\n|player|p1|A|clemont\n|j|+moondazing\n|j| gen 8 fish\n|l|\u2606A\n|player|p1|\n|j| justatest123\n|l|+moondazing\n","uploadtime":1591436863,"views":40,"p1id":"a","p2id":"wadeproxx","formatid":"gen8ou","rating":1716,"private":0,"password":null}