{"id":"gen8balancedhackmons-1099023945","p1":"BaddyGames","p2":"Sash Smash Hell","format":"gen8balancedhackmons","log":"|j|\u2606BaddyGames\n|j|\u2606Sash Smash Hell\n|player|p1|BaddyGames|275|1378\n|player|p2|Sash Smash Hell|rosa|1383\n|teamsize|p1|6\n|teamsize|p2|6\n|gametype|singles\n|gen|8\n|tier|[Gen 8] Balanced Hackmons\n|rated|\n|rule|OHKO Clause: OHKO moves are banned\n|rule|Evasion Moves Clause: Evasion moves are banned\n|rule|Forme Clause: Limit one of each forme of a Pok\u00e9mon\n|clearpoke\n|poke|p1|Kyurem-Black|\n|poke|p1|Dragapult, F|\n|poke|p1|Darmanitan-Galar-Zen, M|\n|poke|p1|Melmetal|\n|poke|p1|Munchlax, F|\n|poke|p1|Zamazenta-Crowned|\n|poke|p2|Zacian-Crowned|\n|poke|p2|Steelix, M|\n|poke|p2|Eternatus|\n|poke|p2|Melmetal|\n|poke|p2|Kyurem-White|\n|poke|p2|Snorlax, M|\n|rule|HP Percentage Mod: HP is shown in percentages\n|rule|Sleep Clause Mod: Limit one foe put to sleep\n|rule|Endless Battle Clause: Forcing endless battles is banned\n|teampreview\n|\n|start\n|switch|p1a: Melmetal|Melmetal|100\/100\n|switch|p2a: Zacian|Zacian-Crowned|100\/100\n|-ability|p2a: Zacian|Intrepid Sword|boost\n|-boost|p2a: Zacian|atk|1\n|turn|1\n|\n|switch|p2a: Steelix|Steelix, M|100\/100\n|-weather|PrimordialSea|[from] ability: Primordial Sea|[of] p2a: Steelix\n|move|p1a: Melmetal|Substitute|p1a: Melmetal\n|-start|p1a: Melmetal|Substitute\n|-damage|p1a: Melmetal|76\/100\n|\n|-weather|PrimordialSea|[upkeep]\n|-heal|p1a: Melmetal|82\/100|[from] item: Leftovers\n|upkeep\n|turn|2\n|\n|move|p1a: Melmetal|Swords Dance|p1a: Melmetal\n|-boost|p1a: Melmetal|atk|2\n|move|p2a: Steelix|Teleport|p2a: Steelix\n|\n|-weather|none\n|switch|p2a: Eternatus|Eternatus|100\/100|[from]move: Teleport\n|\n|-heal|p1a: Melmetal|88\/100|[from] item: Leftovers\n|upkeep\n|turn|3\n|\n|move|p1a: Melmetal|Baton Pass|p1a: Melmetal\n|\n|switch|p1a: Kyurem|Kyurem-Black|100\/100|[from]move: Baton Pass\n|move|p2a: Eternatus|Spectral Thief||[still]\n|-clearpositiveboost|p1a: Kyurem|p2a: Eternatus|move: Spectral Thief\n|-boost|p2a: Eternatus|atk|2\n|-anim|p2a: Eternatus|Spectral Thief|p1a: Kyurem\n|-damage|p1a: Kyurem|74\/100\n|\n|upkeep\n|turn|4\n|\n|switch|p2a: Melmetal|Melmetal|100\/100\n|move|p1a: Kyurem|Fake Out|p2a: Melmetal\n|-resisted|p2a: Melmetal\n|-damage|p2a: Melmetal|93\/100\n|\n|-heal|p2a: Melmetal|99\/100|[from] item: Leftovers\n|upkeep\n|turn|5\n|\n|move|p1a: Kyurem|Body Slam|p2a: Melmetal\n|-resisted|p2a: Melmetal\n|-damage|p2a: Melmetal|83\/100\n|move|p2a: Melmetal|Anchor Shot|p1a: Kyurem\n|-supereffective|p1a: Kyurem\n|-end|p1a: Kyurem|Substitute\n|\n|-heal|p2a: Melmetal|90\/100|[from] item: Leftovers\n|upkeep\n|turn|6\n|\n|switch|p1a: Melmetal|Melmetal|88\/100\n|move|p2a: Melmetal|Anchor Shot|p1a: Melmetal\n|-resisted|p1a: Melmetal\n|-damage|p1a: Melmetal|79\/100\n|-activate|p1a: Melmetal|trapped\n|\n|-heal|p2a: Melmetal|96\/100|[from] item: Leftovers\n|-heal|p1a: Melmetal|85\/100|[from] item: Leftovers\n|upkeep\n|turn|7\n|\n|switch|p2a: Zacian|Zacian-Crowned|100\/100\n|-ability|p2a: Zacian|Intrepid Sword|boost\n|-boost|p2a: Zacian|atk|1\n|move|p1a: Melmetal|Substitute|p1a: Melmetal\n|-start|p1a: Melmetal|Substitute\n|-damage|p1a: Melmetal|60\/100\n|\n|-heal|p1a: Melmetal|66\/100|[from] item: Leftovers\n|upkeep\n|turn|8\n|\n|move|p1a: Melmetal|Baton Pass|p1a: Melmetal\n|\n|switch|p1a: Kyurem|Kyurem-Black|74\/100|[from]move: Baton Pass\n|move|p2a: Zacian|Bolt Beak|p1a: Kyurem\n|-resisted|p1a: Kyurem\n|-end|p1a: Kyurem|Substitute\n|\n|upkeep\n|turn|9\n|\n|switch|p1a: Munchlax|Munchlax, F|100\/100\n|-transform|p1a: Munchlax|p2a: Zacian|[from] ability: Imposter\n|-ability|p1a: Munchlax|Intrepid Sword|boost\n|-boost|p1a: Munchlax|atk|1\n|move|p2a: Zacian|Swords Dance|p2a: Zacian\n|-boost|p2a: Zacian|atk|2\n|\n|upkeep\n|turn|10\n|\n|switch|p2a: Steelix|Steelix, M|100\/100\n|-weather|PrimordialSea|[from] ability: Primordial Sea|[of] p2a: Steelix\n|move|p1a: Munchlax|V-create||[still]\n|-fail|p1a: Munchlax|V-create|[from] Primordial Sea\n|\n|-weather|PrimordialSea|[upkeep]\n|upkeep\n|turn|11\n|\n|switch|p1a: Melmetal|Melmetal|66\/100\n|move|p2a: Steelix|Nuzzle|p1a: Melmetal\n|-damage|p1a: Melmetal|64\/100\n|-status|p1a: Melmetal|par\n|\n|-weather|PrimordialSea|[upkeep]\n|-heal|p1a: Melmetal|70\/100 par|[from] item: Leftovers\n|upkeep\n|turn|12\n|\n|cant|p1a: Melmetal|par\n|move|p2a: Steelix|Teleport|p2a: Steelix\n|\n|-weather|none\n|switch|p2a: Zacian|Zacian-Crowned|100\/100|[from]move: Teleport\n|-ability|p2a: Zacian|Intrepid Sword|boost\n|-boost|p2a: Zacian|atk|1\n|\n|-heal|p1a: Melmetal|76\/100 par|[from] item: Leftovers\n|upkeep\n|turn|13\n|\n|switch|p1a: Munchlax|Munchlax, F|100\/100\n|-transform|p1a: Munchlax|p2a: Zacian|[from] ability: Imposter\n|-ability|p1a: Munchlax|Intrepid Sword|boost\n|-boost|p1a: Munchlax|atk|1\n|move|p2a: Zacian|V-create|p1a: Munchlax\n|-supereffective|p1a: Munchlax\n|-damage|p1a: Munchlax|23\/100\n|-unboost|p2a: Zacian|spe|1\n|-unboost|p2a: Zacian|def|1\n|-unboost|p2a: Zacian|spd|1\n|\n|upkeep\n|turn|14\n|\n|switch|p1a: Darmanitan-Galar-Z|Darmanitan-Galar-Zen, M|100\/100\n|switch|p2a: Steelix|Steelix, M|100\/100\n|-weather|PrimordialSea|[from] ability: Primordial Sea|[of] p2a: Steelix\n|\n|-weather|PrimordialSea|[upkeep]\n|upkeep\n|turn|15\n|\n|switch|p1a: Melmetal|Melmetal|76\/100 par\n|move|p2a: Steelix|Nuzzle|p1a: Melmetal\n|-damage|p1a: Melmetal|74\/100 par\n|\n|-weather|PrimordialSea|[upkeep]\n|-heal|p1a: Melmetal|80\/100 par|[from] item: Leftovers\n|upkeep\n|turn|16\n|\n|move|p1a: Melmetal|Swords Dance|p1a: Melmetal\n|-boost|p1a: Melmetal|atk|2\n|move|p2a: Steelix|Teleport|p2a: Steelix\n|\n|-weather|none\n|switch|p2a: Zacian|Zacian-Crowned|100\/100|[from]move: Teleport\n|-ability|p2a: Zacian|Intrepid Sword|boost\n|-boost|p2a: Zacian|atk|1\n|\n|-heal|p1a: Melmetal|86\/100 par|[from] item: Leftovers\n|upkeep\n|turn|17\n|\n|move|p1a: Melmetal|Substitute|p1a: Melmetal\n|-start|p1a: Melmetal|Substitute\n|-damage|p1a: Melmetal|61\/100 par\n|move|p2a: Zacian|Bolt Beak|p1a: Melmetal\n|-activate|p1a: Melmetal|move: Substitute|[damage]\n|\n|-heal|p1a: Melmetal|67\/100 par|[from] item: Leftovers\n|upkeep\n|turn|18\n|\n|switch|p2a: Kyurem|Kyurem-White|100\/100\n|move|p1a: Melmetal|Baton Pass|p1a: Melmetal\n|\n|switch|p1a: Dragapult|Dragapult, F|100\/100|[from]move: Baton Pass\n|\n|upkeep\n|turn|19\n|\n|move|p2a: Kyurem|Boomburst|p1a: Dragapult\n|-supereffective|p1a: Dragapult\n|-damage|p1a: Dragapult|0 fnt\n|faint|p1a: Dragapult\n|\n|upkeep\n|c|\u2606Sash Smash Hell|no\n|\n|switch|p1a: Darmanitan-Galar-Z|Darmanitan-Galar-Zen, M|100\/100\n|turn|20\n|\n|move|p2a: Kyurem|Boomburst|p1a: Darmanitan-Galar-Z\n|-resisted|p1a: Darmanitan-Galar-Z\n|-damage|p1a: Darmanitan-Galar-Z|74\/100\n|move|p1a: Darmanitan-Galar-Z|Shell Smash|p1a: Darmanitan-Galar-Z\n|-unboost|p1a: Darmanitan-Galar-Z|def|2\n|-unboost|p1a: Darmanitan-Galar-Z|spd|2\n|-boost|p1a: Darmanitan-Galar-Z|atk|4\n|-boost|p1a: Darmanitan-Galar-Z|spa|4\n|-boost|p1a: Darmanitan-Galar-Z|spe|4\n|-enditem|p1a: Darmanitan-Galar-Z|White Herb\n|-clearnegativeboost|p1a: Darmanitan-Galar-Z|[silent]\n|\n|upkeep\n|turn|21\n|c|\u2606Sash Smash Hell|oh right lmao\n|\n|switch|p2a: Snorlax|Snorlax, M, shiny|100\/100\n|move|p1a: Darmanitan-Galar-Z|Behemoth Blade|p2a: Snorlax\n|-damage|p2a: Snorlax|16\/100\n|\n|-heal|p2a: Snorlax|22\/100|[from] item: Leftovers\n|upkeep\n|turn|22\n|\n|move|p1a: Darmanitan-Galar-Z|Behemoth Blade|p2a: Snorlax\n|-damage|p2a: Snorlax|0 fnt\n|faint|p2a: Snorlax\n|\n|upkeep\n|\n|switch|p2a: Melmetal|Melmetal|96\/100\n|turn|23\n|\n|-start|p1a: Darmanitan-Galar-Z|Dynamax\n|-heal|p1a: Darmanitan-Galar-Z|74\/100|[silent]\n|move|p2a: Melmetal|Haze|p2a: Melmetal\n|-clearallboost\n|move|p1a: Darmanitan-Galar-Z|Max Flare|p2a: Melmetal\n|-supereffective|p2a: Melmetal\n|-damage|p2a: Melmetal|15\/100\n|-weather|SunnyDay\n|\n|-weather|SunnyDay|[upkeep]\n|-heal|p2a: Melmetal|22\/100|[from] item: Leftovers\n|upkeep\n|turn|24\n|\n|switch|p2a: Steelix|Steelix, M|100\/100\n|-weather|PrimordialSea|[from] ability: Primordial Sea|[of] p2a: Steelix\n|move|p1a: Darmanitan-Galar-Z|Max Flare||[still]\n|-fail|p1a: Darmanitan-Galar-Z|Max Flare|[from] Primordial Sea\n|\n|-weather|PrimordialSea|[upkeep]\n|upkeep\n|turn|25\n|\n|move|p1a: Darmanitan-Galar-Z|Max Hailstorm|p2a: Steelix\n|-damage|p2a: Steelix|62\/100\n|move|p2a: Steelix|Nuzzle|p1a: Darmanitan-Galar-Z\n|-damage|p1a: Darmanitan-Galar-Z|72\/100\n|-status|p1a: Darmanitan-Galar-Z|par\n|\n|-weather|PrimordialSea|[upkeep]\n|-heal|p2a: Steelix|68\/100|[from] item: Leftovers\n|-end|p1a: Darmanitan-Galar-Z|Dynamax\n|-heal|p1a: Darmanitan-Galar-Z|72\/100 par|[silent]\n|upkeep\n|turn|26\n|\n|cant|p1a: Darmanitan-Galar-Z|par\n|move|p2a: Steelix|Earthquake|p1a: Darmanitan-Galar-Z\n|-supereffective|p1a: Darmanitan-Galar-Z\n|-damage|p1a: Darmanitan-Galar-Z|2\/100 par\n|\n|-weather|PrimordialSea|[upkeep]\n|-heal|p2a: Steelix|75\/100|[from] item: Leftovers\n|upkeep\n|turn|27\n|\n|move|p1a: Darmanitan-Galar-Z|Icicle Crash|p2a: Steelix\n|-damage|p2a: Steelix|51\/100\n|move|p2a: Steelix|Recover|p2a: Steelix\n|-heal|p2a: Steelix|100\/100\n|\n|-weather|PrimordialSea|[upkeep]\n|upkeep\n|turn|28\n|\n|cant|p1a: Darmanitan-Galar-Z|par\n|move|p2a: Steelix|Teleport|p2a: Steelix\n|\n|-weather|none\n|switch|p2a: Kyurem|Kyurem-White|100\/100|[from]move: Teleport\n|\n|upkeep\n|turn|29\n|\n|move|p2a: Kyurem|Volt Switch|p1a: Darmanitan-Galar-Z\n|-damage|p1a: Darmanitan-Galar-Z|0 fnt\n|faint|p1a: Darmanitan-Galar-Z\n|\n|switch|p2a: Steelix|Steelix, M|100\/100|[from]move: Volt Switch\n|-weather|PrimordialSea|[from] ability: Primordial Sea|[of] p2a: Steelix\n|\n|-weather|PrimordialSea|[upkeep]\n|upkeep\n|\n|switch|p1a: Zamazenta|Zamazenta-Crowned|100\/100\n|turn|30\n|\n|move|p1a: Zamazenta|Swords Dance|p1a: Zamazenta\n|-boost|p1a: Zamazenta|atk|2\n|move|p2a: Steelix|Nuzzle|p1a: Zamazenta\n|-damage|p1a: Zamazenta|97\/100\n|-status|p1a: Zamazenta|par\n|\n|-weather|PrimordialSea|[upkeep]\n|upkeep\n|turn|31\n|\n|-weather|none\n|switch|p2a: Eternatus|Eternatus|100\/100\n|cant|p1a: Zamazenta|par\n|\n|upkeep\n|turn|32\n|\n|switch|p1a: Kyurem|Kyurem-Black|74\/100\n|move|p2a: Eternatus|Spectral Thief|p1a: Kyurem\n|-damage|p1a: Kyurem|60\/100\n|\n|upkeep\n|turn|33\n|\n|switch|p2a: Steelix|Steelix, M|100\/100\n|-weather|PrimordialSea|[from] ability: Primordial Sea|[of] p2a: Steelix\n|move|p1a: Kyurem|Rapid Spin|p2a: Steelix\n|-damage|p2a: Steelix|82\/100\n|-boost|p1a: Kyurem|spe|1\n|\n|-weather|PrimordialSea|[upkeep]\n|-heal|p2a: Steelix|89\/100|[from] item: Leftovers\n|upkeep\n|turn|34\n|\n|switch|p1a: Melmetal|Melmetal|67\/100 par\n|move|p2a: Steelix|Nuzzle|p1a: Melmetal\n|-damage|p1a: Melmetal|65\/100 par\n|\n|-weather|PrimordialSea|[upkeep]\n|-heal|p2a: Steelix|95\/100|[from] item: Leftovers\n|-heal|p1a: Melmetal|71\/100 par|[from] item: Leftovers\n|upkeep\n|turn|35\n|\n|cant|p1a: Melmetal|par\n|move|p2a: Steelix|Teleport|p2a: Steelix\n|\n|-weather|none\n|switch|p2a: Melmetal|Melmetal|22\/100|[from]move: Teleport\n|\n|-heal|p2a: Melmetal|28\/100|[from] item: Leftovers\n|-heal|p1a: Melmetal|77\/100 par|[from] item: Leftovers\n|upkeep\n|turn|36\n|\n|switch|p1a: Zamazenta|Zamazenta-Crowned|97\/100 par\n|move|p2a: Melmetal|Roost|p2a: Melmetal\n|-heal|p2a: Melmetal|78\/100\n|-singleturn|p2a: Melmetal|move: Roost\n|\n|-heal|p2a: Melmetal|84\/100|[from] item: Leftovers\n|upkeep\n|turn|37\n|\n|switch|p2a: Eternatus|Eternatus|100\/100\n|move|p1a: Zamazenta|Swords Dance|p1a: Zamazenta\n|-boost|p1a: Zamazenta|atk|2\n|\n|upkeep\n|turn|38\n|\n|switch|p1a: Melmetal|Melmetal|77\/100 par\n|move|p2a: Eternatus|Spectral Thief|p1a: Melmetal\n|-damage|p1a: Melmetal|67\/100 par\n|\n|-heal|p1a: Melmetal|73\/100 par|[from] item: Leftovers\n|upkeep\n|turn|39\n|\n|move|p1a: Melmetal|Swords Dance|p1a: Melmetal\n|-boost|p1a: Melmetal|atk|2\n|move|p2a: Eternatus|Teleport|p2a: Eternatus\n|\n|switch|p2a: Zacian|Zacian-Crowned|100\/100|[from]move: Teleport\n|-ability|p2a: Zacian|Intrepid Sword|boost\n|-boost|p2a: Zacian|atk|1\n|\n|-heal|p1a: Melmetal|79\/100 par|[from] item: Leftovers\n|upkeep\n|turn|40\n|j| grammar R us\n|\n|cant|p1a: Melmetal|par\n|move|p2a: Zacian|Bolt Beak|p1a: Melmetal\n|-damage|p1a: Melmetal|58\/100 par\n|\n|-heal|p1a: Melmetal|64\/100 par|[from] item: Leftovers\n|upkeep\n|turn|41\n|\n|move|p1a: Melmetal|Topsy-Turvy|p2a: Zacian\n|-invertboost|p2a: Zacian|[from] move: Topsy-Turvy\n|move|p2a: Zacian|V-create|p1a: Melmetal\n|-supereffective|p1a: Melmetal\n|-damage|p1a: Melmetal|23\/100 par\n|-unboost|p2a: Zacian|spe|1\n|-unboost|p2a: Zacian|def|1\n|-unboost|p2a: Zacian|spd|1\n|\n|-heal|p1a: Melmetal|29\/100 par|[from] item: Leftovers\n|upkeep\n|turn|42\n|\n|move|p1a: Melmetal|Substitute|p1a: Melmetal\n|-start|p1a: Melmetal|Substitute\n|-damage|p1a: Melmetal|4\/100 par\n|move|p2a: Zacian|V-create|p1a: Melmetal\n|-supereffective|p1a: Melmetal\n|-end|p1a: Melmetal|Substitute\n|-unboost|p2a: Zacian|spe|1\n|-unboost|p2a: Zacian|def|1\n|-unboost|p2a: Zacian|spd|1\n|\n|-heal|p1a: Melmetal|10\/100 par|[from] item: Leftovers\n|upkeep\n|turn|43\n|\n|move|p1a: Melmetal|Baton Pass|p1a: Melmetal\n|\n|switch|p1a: Zamazenta|Zamazenta-Crowned|97\/100 par|[from]move: Baton Pass\n|move|p2a: Zacian|V-create|p1a: Zamazenta\n|-supereffective|p1a: Zamazenta\n|-damage|p1a: Zamazenta|40\/100 par\n|-unboost|p2a: Zacian|spe|1\n|-unboost|p2a: Zacian|def|1\n|-unboost|p2a: Zacian|spd|1\n|\n|upkeep\n|turn|44\n|\n|switch|p2a: Eternatus|Eternatus|100\/100\n|move|p1a: Zamazenta|Drain Punch|p2a: Eternatus\n|-resisted|p2a: Eternatus\n|-damage|p2a: Eternatus|86\/100\n|-heal|p1a: Zamazenta|49\/100 par|[from] drain|[of] p2a: Eternatus\n|-damage|p1a: Zamazenta|39\/100 par|[from] item: Life Orb\n|\n|-heal|p2a: Eternatus|92\/100|[from] item: Black Sludge\n|upkeep\n|turn|45\n|\n|switch|p1a: Melmetal|Melmetal|10\/100 par\n|move|p2a: Eternatus|Spectral Thief|p1a: Melmetal\n|-damage|p1a: Melmetal|0 fnt\n|faint|p1a: Melmetal\n|\n|-heal|p2a: Eternatus|98\/100|[from] item: Black Sludge\n|upkeep\n|\n|switch|p1a: Munchlax|Munchlax, F|23\/100\n|-transform|p1a: Munchlax|p2a: Eternatus|[from] ability: Imposter\n|turn|46\n|\n|move|p2a: Eternatus|Teleport|p2a: Eternatus\n|\n|switch|p2a: Kyurem|Kyurem-White|100\/100|[from]move: Teleport\n|move|p1a: Munchlax|Teleport|p1a: Munchlax\n|\n|switch|p1a: Kyurem|Kyurem-Black|60\/100|[from]move: Teleport\n|\n|upkeep\n|turn|47\n|\n|-start|p2a: Kyurem|Dynamax\n|-heal|p2a: Kyurem|100\/100|[silent]\n|move|p1a: Kyurem|Fake Out|p2a: Kyurem\n|-damage|p2a: Kyurem|89\/100\n|move|p2a: Kyurem|Max Hailstorm|p1a: Kyurem|[from]Boomburst\n|-damage|p1a: Kyurem|6\/100\n|-weather|Hail\n|\n|-weather|Hail|[upkeep]\n|upkeep\n|turn|48\n|\n|switch|p1a: Zamazenta|Zamazenta-Crowned|39\/100 par\n|move|p2a: Kyurem|Max Wyrmwind|p1a: Zamazenta\n|-resisted|p1a: Zamazenta\n|-damage|p1a: Zamazenta|16\/100 par\n|-unboost|p1a: Zamazenta|atk|1\n|\n|-weather|Hail|[upkeep]\n|-damage|p1a: Zamazenta|10\/100 par|[from] Hail\n|upkeep\n|turn|49\n|\n|move|p1a: Zamazenta|Drain Punch|p2a: Kyurem\n|-supereffective|p2a: Kyurem\n|-damage|p2a: Kyurem|64\/100\n|-heal|p1a: Zamazenta|40\/100 par|[from] drain|[of] p2a: Kyurem\n|-damage|p1a: Zamazenta|30\/100 par|[from] item: Life Orb\n|move|p2a: Kyurem|Max Lightning|p1a: Zamazenta\n|-damage|p1a: Zamazenta|3\/100 par\n|-fieldstart|move: Electric Terrain\n|\n|-weather|Hail|[upkeep]\n|-damage|p1a: Zamazenta|0 fnt|[from] Hail\n|faint|p1a: Zamazenta\n|-end|p2a: Kyurem|Dynamax\n|-heal|p2a: Kyurem|64\/100|[silent]\n|upkeep\n|\n|switch|p1a: Munchlax|Munchlax, F|23\/100\n|-transform|p1a: Munchlax|p2a: Kyurem|[from] ability: Imposter\n|turn|50\n|l| grammar R us\n|\n|move|p2a: Kyurem|Boomburst|p1a: Munchlax\n|-damage|p1a: Munchlax|0 fnt\n|faint|p1a: Munchlax\n|\n|-weather|Hail|[upkeep]\n|upkeep\n|\n|switch|p1a: Kyurem|Kyurem-Black|6\/100\n|turn|51\n|c|\u2606Sash Smash Hell|gg\n|\n|switch|p2a: Melmetal|Melmetal|84\/100\n|move|p1a: Kyurem|Fake Out|p2a: Melmetal\n|-resisted|p2a: Melmetal\n|-damage|p2a: Melmetal|76\/100\n|\n|-weather|none\n|-heal|p2a: Melmetal|82\/100|[from] item: Leftovers\n|upkeep\n|turn|52\n|\n|move|p1a: Kyurem|Body Slam|p2a: Melmetal\n|-resisted|p2a: Melmetal\n|-damage|p2a: Melmetal|66\/100\n|move|p2a: Melmetal|Anchor Shot|p1a: Kyurem\n|-supereffective|p1a: Kyurem\n|-damage|p1a: Kyurem|0 fnt\n|faint|p1a: Kyurem\n|\n|win|Sash Smash Hell\n|l|\u2606BaddyGames\n||Ladder (probably) updated, but score could not be retrieved (Response not received).\n","uploadtime":1587236046,"views":2,"p1id":"baddygames","p2id":"sashsmashhell","formatid":"gen8balancedhackmons","rating":0,"private":0,"password":null}