{"id":"gen8monotype-1652019009","p1":"Venositile","p2":"Alu9204","format":"gen8monotype","log":"|j|\u2606Venositile\n|j|\u2606Alu9204\n|t:|1661880649\n|gametype|singles\n|player|p1|Venositile|rocketexecutive-gen2|1459\n|player|p2|Alu9204|burglar|1367\n|teamsize|p1|6\n|teamsize|p2|6\n|gen|8\n|tier|[Gen 8] Monotype\n|rated|\n|rule|Same Type Clause: Pok\u00e9mon in a team must share a type\n|rule|Sleep Clause Mod: Limit one foe put to sleep\n|rule|Species Clause: Limit one of each Pok\u00e9mon\n|rule|OHKO Clause: OHKO moves are banned\n|rule|Evasion Items Clause: Evasion items are banned\n|rule|Evasion Moves Clause: Evasion moves are banned\n|rule|Endless Battle Clause: Forcing endless battles is banned\n|rule|HP Percentage Mod: HP is shown in percentages\n|rule|Dynamax Clause: You cannot dynamax\n|clearpoke\n|poke|p1|Toxapex, F|\n|poke|p1|Crobat, M|\n|poke|p1|Slowking-Galar, F|\n|poke|p1|Drapion, M|\n|poke|p1|Nihilego|\n|poke|p1|Nidoking, M|\n|poke|p2|Thundurus-Therian, M|\n|poke|p2|Celesteela|\n|poke|p2|Landorus-Therian, M|\n|poke|p2|Dragonite, F|\n|poke|p2|Zapdos-Galar|\n|poke|p2|Moltres-Galar|\n|teampreview\n|inactive|Battle timer is ON: inactive players will automatically lose when time's up. (requested by Alu9204)\n|j| President Dudirty\n|\n|t:|1661880678\n|start\n|switch|p1a: Slowking|Slowking-Galar, F|100\/100\n|switch|p2a: Landorus|Landorus-Therian, M|100\/100\n|-ability|p2a: Landorus|Intimidate|boost\n|-unboost|p1a: Slowking|atk|1\n|turn|1\n|\n|t:|1661880691\n|move|p2a: Landorus|Earthquake|p1a: Slowking\n|-supereffective|p1a: Slowking\n|-enditem|p1a: Slowking|Shuca Berry|[eat]\n|-enditem|p1a: Slowking|Shuca Berry|[weaken]\n|-damage|p1a: Slowking|65\/100\n|move|p1a: Slowking|Ice Beam|p2a: Landorus\n|-supereffective|p2a: Landorus\n|-damage|p2a: Landorus|5\/100\n|-status|p2a: Landorus|frz\n|\n|-heal|p2a: Landorus|11\/100 frz|[from] item: Leftovers\n|upkeep\n|turn|2\n|\n|t:|1661880699\n|cant|p2a: Landorus|frz\n|move|p1a: Slowking|Ice Beam|p2a: Landorus\n|-supereffective|p2a: Landorus\n|-damage|p2a: Landorus|0 fnt\n|faint|p2a: Landorus\n|\n|upkeep\n|c| President Dudirty|ground killer\n|\n|t:|1661880709\n|switch|p2a: Celesteela|Celesteela|100\/100\n|turn|3\n|\n|t:|1661880715\n|switch|p1a: Crobat|Crobat, M|100\/100\n|move|p2a: Celesteela|Leech Seed|p1a: Crobat\n|-start|p1a: Crobat|move: Leech Seed\n|\n|-damage|p1a: Crobat|88\/100|[from] Leech Seed|[of] p2a: Celesteela\n|upkeep\n|turn|4\n|\n|t:|1661880724\n|move|p2a: Celesteela|Protect|p2a: Celesteela\n|-singleturn|p2a: Celesteela|Protect\n|move|p1a: Crobat|Nasty Plot|p1a: Crobat\n|-boost|p1a: Crobat|spa|2\n|\n|-damage|p1a: Crobat|75\/100|[from] Leech Seed|[of] p2a: Celesteela\n|upkeep\n|turn|5\n|\n|t:|1661880729\n|move|p1a: Crobat|Heat Wave|p2a: Celesteela\n|-supereffective|p2a: Celesteela\n|-damage|p2a: Celesteela|46\/100\n|move|p2a: Celesteela|Heavy Slam|p1a: Crobat\n|-damage|p1a: Crobat|18\/100\n|\n|-heal|p2a: Celesteela|52\/100|[from] item: Leftovers\n|-damage|p1a: Crobat|5\/100|[from] Leech Seed|[of] p2a: Celesteela\n|-heal|p2a: Celesteela|61\/100|[silent]\n|upkeep\n|turn|6\n|\n|t:|1661880748\n|switch|p1a: Toxapex|Toxapex, F|100\/100\n|move|p2a: Celesteela|Protect||[still]\n|-fail|p2a: Celesteela\n|\n|-heal|p2a: Celesteela|68\/100|[from] item: Leftovers\n|upkeep\n|turn|7\n|\n|t:|1661880752\n|move|p2a: Celesteela|Leech Seed|p1a: Toxapex|[miss]\n|-miss|p2a: Celesteela|p1a: Toxapex\n|move|p1a: Toxapex|Knock Off|p2a: Celesteela\n|-damage|p2a: Celesteela|55\/100\n|-enditem|p2a: Celesteela|Leftovers|[from] move: Knock Off|[of] p1a: Toxapex\n|\n|upkeep\n|turn|8\n|\n|t:|1661880757\n|switch|p1a: Nidoking|Nidoking, M|100\/100\n|move|p2a: Celesteela|Leech Seed|p1a: Nidoking\n|-start|p1a: Nidoking|move: Leech Seed\n|\n|-damage|p1a: Nidoking|88\/100|[from] Leech Seed|[of] p2a: Celesteela\n|-heal|p2a: Celesteela|65\/100|[silent]\n|upkeep\n|turn|9\n|\n|t:|1661880762\n|move|p2a: Celesteela|Protect|p2a: Celesteela\n|-singleturn|p2a: Celesteela|Protect\n|move|p1a: Nidoking|Flamethrower|p2a: Celesteela\n|-activate|p2a: Celesteela|move: Protect\n|\n|-damage|p1a: Nidoking|76\/100|[from] Leech Seed|[of] p2a: Celesteela\n|-heal|p2a: Celesteela|74\/100|[silent]\n|upkeep\n|turn|10\n|\n|t:|1661880771\n|move|p1a: Nidoking|Ice Beam|p2a: Celesteela\n|-damage|p2a: Celesteela|48\/100\n|move|p2a: Celesteela|Heavy Slam|p1a: Nidoking\n|-damage|p1a: Nidoking|17\/100\n|\n|-damage|p1a: Nidoking|5\/100|[from] Leech Seed|[of] p2a: Celesteela\n|-heal|p2a: Celesteela|57\/100|[silent]\n|upkeep\n|turn|11\n|\n|t:|1661880780\n|switch|p1a: Crobat|Crobat, M|5\/100\n|move|p2a: Celesteela|Protect||[still]\n|-fail|p2a: Celesteela\n|\n|upkeep\n|turn|12\n|\n|t:|1661880784\n|move|p1a: Crobat|Heat Wave|p2a: Celesteela\n|-supereffective|p2a: Celesteela\n|-damage|p2a: Celesteela|30\/100\n|move|p2a: Celesteela|Heavy Slam|p1a: Crobat\n|-damage|p1a: Crobat|0 fnt\n|faint|p1a: Crobat\n|-ability|p2a: Celesteela|Beast Boost|boost\n|-boost|p2a: Celesteela|spd|1\n|\n|upkeep\n|\n|t:|1661880788\n|switch|p1a: Nidoking|Nidoking, M|5\/100\n|turn|13\n|\n|t:|1661880796\n|move|p1a: Nidoking|Flamethrower|p2a: Celesteela\n|-supereffective|p2a: Celesteela\n|-damage|p2a: Celesteela|0 fnt\n|faint|p2a: Celesteela\n|\n|upkeep\n|\n|t:|1661880804\n|switch|p2a: Thundurus|Thundurus-Therian, M|100\/100\n|turn|14\n|\n|t:|1661880809\n|switch|p1a: Slowking|Slowking-Galar, F|98\/100\n|move|p2a: Thundurus|Knock Off|p1a: Slowking\n|-supereffective|p1a: Slowking\n|-damage|p1a: Slowking|77\/100\n|\n|upkeep\n|turn|15\n|\n|t:|1661880820\n|move|p2a: Thundurus|Thunderbolt|p1a: Slowking\n|-damage|p1a: Slowking|36\/100\n|move|p1a: Slowking|Ice Beam|p2a: Thundurus\n|-supereffective|p2a: Thundurus\n|-damage|p2a: Thundurus|38\/100\n|\n|upkeep\n|turn|16\n|\n|t:|1661880831\n|switch|p1a: Nidoking|Nidoking, M|5\/100\n|move|p2a: Thundurus|Thunderbolt|p1a: Nidoking\n|-immune|p1a: Nidoking\n|\n|upkeep\n|turn|17\n|\n|t:|1661880840\n|move|p2a: Thundurus|Grass Knot|p1a: Nidoking\n|-damage|p1a: Nidoking|0 fnt\n|faint|p1a: Nidoking\n|\n|upkeep\n|\n|t:|1661880844\n|switch|p1a: Slowking|Slowking-Galar, F|69\/100\n|turn|18\n|\n|t:|1661880851\n|move|p2a: Thundurus|Thunderbolt|p1a: Slowking\n|-damage|p1a: Slowking|25\/100\n|move|p1a: Slowking|Ice Beam|p2a: Thundurus\n|-supereffective|p2a: Thundurus\n|-damage|p2a: Thundurus|0 fnt\n|faint|p2a: Thundurus\n|\n|upkeep\n|inactive|Alu9204 has 120 seconds left.\n|\n|t:|1661880906\n|switch|p2a: Moltres|Moltres-Galar|100\/100\n|turn|19\n|\n|t:|1661880909\n|switch|p1a: Nihilego|Nihilego|100\/100\n|move|p2a: Moltres|Agility|p2a: Moltres\n|-boost|p2a: Moltres|spe|2\n|\n|upkeep\n|turn|20\n|\n|t:|1661880915\n|move|p2a: Moltres|Fiery Wrath|p1a: Nihilego\n|-damage|p1a: Nihilego|71\/100\n|cant|p1a: Nihilego|flinch\n|\n|upkeep\n|turn|21\n|inactive|Alu9204 has 120 seconds left.\n|\n|t:|1661880920\n|move|p2a: Moltres|Nasty Plot|p2a: Moltres\n|-boost|p2a: Moltres|spa|2\n|move|p1a: Nihilego|Meteor Beam||[still]\n|-prepare|p1a: Nihilego|Meteor Beam\n|-boost|p1a: Nihilego|spa|1\n|-enditem|p1a: Nihilego|Power Herb\n|-anim|p1a: Nihilego|Meteor Beam|p2a: Moltres\n|-supereffective|p2a: Moltres\n|-damage|p2a: Moltres|0 fnt\n|faint|p2a: Moltres\n|-ability|p1a: Nihilego|Beast Boost|boost\n|-boost|p1a: Nihilego|spe|1\n|\n|upkeep\n|inactive|Alu9204 has 120 seconds left.\n|\n|t:|1661880932\n|switch|p2a: Zapdos|Zapdos-Galar|100\/100\n|turn|22\n|\n|t:|1661880936\n|move|p1a: Nihilego|Power Gem|p2a: Zapdos\n|-damage|p2a: Zapdos|32\/100\n|move|p2a: Zapdos|Close Combat|p1a: Nihilego\n|-damage|p1a: Nihilego|0 fnt\n|-unboost|p2a: Zapdos|def|1\n|-unboost|p2a: Zapdos|spd|1\n|faint|p1a: Nihilego\n|\n|upkeep\n|\n|t:|1661880948\n|switch|p1a: Toxapex|Toxapex, F|100\/100\n|turn|23\n|\n|t:|1661880952\n|move|p2a: Zapdos|Close Combat|p1a: Toxapex\n|-resisted|p1a: Toxapex\n|-damage|p1a: Toxapex|83\/100\n|-unboost|p2a: Zapdos|def|1\n|-unboost|p2a: Zapdos|spd|1\n|-damage|p2a: Zapdos|16\/100|[from] item: Rocky Helmet|[of] p1a: Toxapex\n|move|p1a: Toxapex|Toxic|p2a: Zapdos\n|-status|p2a: Zapdos|tox\n|\n|-damage|p2a: Zapdos|10\/100 tox|[from] psn\n|upkeep\n|turn|24\n|\n|t:|1661880955\n|move|p2a: Zapdos|Close Combat|p1a: Toxapex\n|-resisted|p1a: Toxapex\n|-damage|p1a: Toxapex|64\/100\n|-unboost|p2a: Zapdos|def|1\n|-unboost|p2a: Zapdos|spd|1\n|-damage|p2a: Zapdos|0 fnt|[from] item: Rocky Helmet|[of] p1a: Toxapex\n|faint|p2a: Zapdos\n|move|p1a: Toxapex|Recover|p1a: Toxapex\n|-heal|p1a: Toxapex|100\/100\n|\n|upkeep\n|\n|t:|1661880957\n|switch|p2a: Dragonite|Dragonite, F|100\/100\n|turn|25\n|\n|t:|1661880960\n|move|p2a: Dragonite|Dragon Dance|p2a: Dragonite\n|-boost|p2a: Dragonite|atk|1\n|-boost|p2a: Dragonite|spe|1\n|move|p1a: Toxapex|Toxic|p2a: Dragonite\n|-status|p2a: Dragonite|tox\n|\n|-damage|p2a: Dragonite|94\/100 tox|[from] psn\n|upkeep\n|turn|26\n|\n|t:|1661880964\n|move|p2a: Dragonite|Dragon Dance|p2a: Dragonite\n|-boost|p2a: Dragonite|atk|1\n|-boost|p2a: Dragonite|spe|1\n|move|p1a: Toxapex|Haze|p1a: Toxapex\n|-clearallboost\n|\n|-damage|p2a: Dragonite|82\/100 tox|[from] psn\n|upkeep\n|turn|27\n|-message|Alu9204 forfeited.\n|\n|win|Venositile\n|raw|Venositile's rating: 1459 &rarr; <strong>1474<\/strong><br \/>(+15 for winning)\n|raw|Alu9204's rating: 1367 &rarr; <strong>1352<\/strong><br \/>(-15 for losing)\n|l|\u2606Alu9204\n|l| President Dudirty\n||Ladder isn't responding, score probably updated but might not have (Request timeout).\n","uploadtime":1661880975,"views":6,"p1id":"venositile","p2id":"alu9204","formatid":"gen8monotype","rating":1352,"private":0,"password":null}