{"id":"gen8nu-1145523683","p1":"EV Sceptile","p2":"OGamer289","format":"gen8nu","log":"|j|\u2606EV Sceptile\n|j|\u2606OGamer289\n|player|p1|EV Sceptile|84|1176\n|player|p2|OGamer289|153|1191\n|teamsize|p1|6\n|teamsize|p2|6\n|gametype|singles\n|gen|8\n|tier|[Gen 8] NU\n|rated|\n|clearpoke\n|poke|p1|Basculin, M|\n|poke|p1|Persian-Alola, F|\n|poke|p1|Decidueye, F|\n|poke|p1|Silvally-*|\n|poke|p1|Rotom-Fan|\n|poke|p1|Dugtrio-Alola, M|\n|poke|p2|Flapple, F|\n|poke|p2|Abomasnow, F|\n|poke|p2|Stunfisk-Galar, M|\n|poke|p2|Clefairy, M|\n|poke|p2|Ninjask, F|\n|poke|p2|Rotom|\n|rule|Sleep Clause Mod: Limit one foe put to sleep\n|rule|Species Clause: Limit one of each Pok\u00e9mon\n|rule|OHKO Clause: OHKO moves are banned\n|rule|Evasion Moves Clause: Evasion moves are banned\n|rule|Endless Battle Clause: Forcing endless battles is banned\n|rule|HP Percentage Mod: HP is shown in percentages\n|rule|Dynamax Clause: You cannot dynamax\n|teampreview\n|inactive|Battle timer is ON: inactive players will automatically lose when time's up. (requested by OGamer289)\n|inactive|EV Sceptile has 120 seconds left.\n|\n|start\n|switch|p1a: Dugtrio|Dugtrio-Alola, M|100\/100\n|switch|p2a: Rotom|Rotom|100\/100\n|turn|1\n|\n|move|p1a: Dugtrio|Toxic|p2a: Rotom\n|-status|p2a: Rotom|tox\n|move|p2a: Rotom|Will-O-Wisp|p1a: Dugtrio\n|-status|p1a: Dugtrio|brn\n|\n|-damage|p1a: Dugtrio|94\/100 brn|[from] brn\n|-damage|p2a: Rotom|94\/100 tox|[from] psn\n|upkeep\n|turn|2\n|\n|switch|p2a: Stunfisk|Stunfisk-Galar, M|100\/100\n|move|p1a: Dugtrio|Stealth Rock|p2a: Stunfisk\n|-sidestart|p2: OGamer289|move: Stealth Rock\n|\n|-damage|p1a: Dugtrio|88\/100 brn|[from] brn\n|upkeep\n|turn|3\n|\n|move|p1a: Dugtrio|Earthquake|p2a: Stunfisk\n|-supereffective|p2a: Stunfisk\n|-damage|p2a: Stunfisk|71\/100\n|move|p2a: Stunfisk|Stealth Rock|p1a: Dugtrio\n|-sidestart|p1: EV Sceptile|move: Stealth Rock\n|\n|-heal|p2a: Stunfisk|78\/100|[from] item: Leftovers\n|-damage|p1a: Dugtrio|82\/100 brn|[from] brn\n|upkeep\n|turn|4\n|\n|move|p1a: Dugtrio|Earthquake|p2a: Stunfisk\n|-supereffective|p2a: Stunfisk\n|-damage|p2a: Stunfisk|52\/100\n|move|p2a: Stunfisk|Earthquake|p1a: Dugtrio\n|-supereffective|p1a: Dugtrio\n|-damage|p1a: Dugtrio|0 fnt\n|faint|p1a: Dugtrio\n|\n|-heal|p2a: Stunfisk|58\/100|[from] item: Leftovers\n|upkeep\n|\n|switch|p1a: Basculin|Basculin, M|100\/100\n|-damage|p1a: Basculin|88\/100|[from] Stealth Rock\n|turn|5\n|\n|move|p1a: Basculin|Superpower|p2a: Stunfisk\n|-supereffective|p2a: Stunfisk\n|-damage|p2a: Stunfisk|0 fnt\n|-unboost|p1a: Basculin|atk|1\n|-unboost|p1a: Basculin|def|1\n|faint|p2a: Stunfisk\n|\n|upkeep\n|\n|switch|p2a: Rotom|Rotom|94\/100 tox\n|-damage|p2a: Rotom|82\/100 tox|[from] Stealth Rock\n|turn|6\n|\n|switch|p1a: Rotom|Rotom-Fan|100\/100\n|move|p2a: Rotom|Defog|p1a: Rotom\n|-unboost|p1a: Rotom|evasion|1\n|-sideend|p1: EV Sceptile|Stealth Rock|[from] move: Defog|[of] p2a: Rotom\n|-sideend|p2: OGamer289|Stealth Rock|[from] move: Defog|[of] p2a: Rotom\n|\n|-heal|p2a: Rotom|88\/100 tox|[from] item: Leftovers\n|-damage|p2a: Rotom|82\/100 tox|[from] psn\n|upkeep\n|turn|7\n|\n|switch|p2a: Clefairy|Clefairy, M|100\/100\n|move|p1a: Rotom|Volt Switch|p2a: Clefairy\n|-damage|p2a: Clefairy|78\/100\n|\n|switch|p1a: Decidueye|Decidueye, F, shiny|100\/100|[from]move: Volt Switch\n|\n|upkeep\n|turn|8\n|\n|move|p1a: Decidueye|Poltergeist|p2a: Clefairy\n|-activate|p2a: Clefairy|move: Poltergeist|Eviolite\n|-damage|p2a: Clefairy|0 fnt\n|faint|p2a: Clefairy\n|\n|upkeep\n|\n|switch|p2a: Ninjask|Ninjask, F|100\/100\n|turn|9\n|\n|switch|p1a: Rotom|Rotom-Fan|100\/100\n|move|p2a: Ninjask|Swords Dance|p2a: Ninjask\n|-boost|p2a: Ninjask|atk|2\n|\n|-ability|p2a: Ninjask|Speed Boost|boost\n|-boost|p2a: Ninjask|spe|1\n|upkeep\n|turn|10\n|\n|move|p2a: Ninjask|Leech Life|p1a: Rotom\n|-resisted|p1a: Rotom\n|-damage|p1a: Rotom|63\/100\n|move|p1a: Rotom|Volt Switch|p2a: Ninjask\n|-supereffective|p2a: Ninjask\n|-enditem|p2a: Ninjask|Focus Sash\n|-damage|p2a: Ninjask|1\/100\n|\n|switch|p1a: Decidueye|Decidueye, F, shiny|100\/100|[from]move: Volt Switch\n|\n|-ability|p2a: Ninjask|Speed Boost|boost\n|-boost|p2a: Ninjask|spe|1\n|upkeep\n|turn|11\n|\n|move|p1a: Decidueye|Shadow Sneak|p2a: Ninjask\n|-damage|p2a: Ninjask|0 fnt\n|faint|p2a: Ninjask\n|\n|upkeep\n|\n|switch|p2a: Abomasnow|Abomasnow, F|100\/100\n|-weather|Hail|[from] ability: Snow Warning|[of] p2a: Abomasnow\n|turn|12\n|\n|switch|p1a: Rotom|Rotom-Fan|63\/100\n|move|p2a: Abomasnow|Blizzard|p1a: Rotom\n|-supereffective|p1a: Rotom\n|-damage|p1a: Rotom|0 fnt\n|faint|p1a: Rotom\n|\n|-weather|Hail|[upkeep]\n|upkeep\n|\n|switch|p1a: Silvally|Silvally-Fire|100\/100\n|turn|13\n|\n|switch|p2a: Rotom|Rotom|82\/100 tox\n|move|p1a: Silvally|Flamethrower|p2a: Rotom\n|-damage|p2a: Rotom|31\/100 tox\n|\n|-weather|Hail|[upkeep]\n|-damage|p1a: Silvally|94\/100|[from] Hail\n|-damage|p2a: Rotom|25\/100 tox|[from] Hail\n|-heal|p2a: Rotom|31\/100 tox|[from] item: Leftovers\n|-damage|p2a: Rotom|25\/100 tox|[from] psn\n|upkeep\n|turn|14\n|\n|move|p1a: Silvally|Flamethrower|p2a: Rotom\n|-damage|p2a: Rotom|0 fnt\n|faint|p2a: Rotom\n|\n|-weather|Hail|[upkeep]\n|-damage|p1a: Silvally|88\/100|[from] Hail\n|upkeep\n|\n|switch|p2a: Flapple|Flapple, F|100\/100\n|turn|15\n|\n|move|p1a: Silvally|Parting Shot|p2a: Flapple\n|-unboost|p2a: Flapple|atk|1\n|-unboost|p2a: Flapple|spa|1\n|\n|switch|p1a: Persian|Persian-Alola, F|100\/100|[from]move: Parting Shot\n|move|p2a: Flapple|Outrage|p1a: Persian\n|-damage|p1a: Persian|61\/100\n|\n|-weather|Hail|[upkeep]\n|-damage|p1a: Persian|55\/100|[from] Hail\n|-damage|p2a: Flapple|94\/100|[from] Hail\n|-heal|p1a: Persian|61\/100|[from] item: Leftovers\n|upkeep\n|turn|16\n|\n|move|p1a: Persian|Toxic|p2a: Flapple\n|-status|p2a: Flapple|tox\n|move|p2a: Flapple|Outrage|p1a: Persian|[from]lockedmove\n|-damage|p1a: Persian|21\/100\n|\n|-weather|none\n|-heal|p1a: Persian|27\/100|[from] item: Leftovers\n|-damage|p2a: Flapple|88\/100 tox|[from] psn\n|upkeep\n|turn|17\n|\n|move|p1a: Persian|Foul Play|p2a: Flapple\n|-damage|p2a: Flapple|44\/100 tox\n|move|p2a: Flapple|Outrage|p1a: Persian|[from]lockedmove\n|-damage|p1a: Persian|0 fnt\n|-start|p2a: Flapple|confusion|[fatigue]\n|faint|p1a: Persian\n|\n|-damage|p2a: Flapple|32\/100 tox|[from] psn\n|upkeep\n|\n|switch|p1a: Basculin|Basculin, M|88\/100\n|turn|18\n|\n|switch|p2a: Abomasnow|Abomasnow, F|100\/100\n|-weather|Hail|[from] ability: Snow Warning|[of] p2a: Abomasnow\n|move|p1a: Basculin|Superpower|p2a: Abomasnow\n|-supereffective|p2a: Abomasnow\n|-damage|p2a: Abomasnow|0 fnt\n|-unboost|p1a: Basculin|atk|1\n|-unboost|p1a: Basculin|def|1\n|faint|p2a: Abomasnow\n|\n|-weather|Hail|[upkeep]\n|-damage|p1a: Basculin|82\/100|[from] Hail\n|upkeep\n|l|\u2606OGamer289\n|inactive|OGamer289 disconnected and has a minute to reconnect!\n|player|p2|\n|inactive|OGamer289 has 30 seconds to reconnect!\n|inactive|OGamer289 has 20 seconds to reconnect!\n|inactive|OGamer289 has 15 seconds to reconnect!\n|inactive|OGamer289 has 10 seconds to reconnect!\n|inactive|OGamer289 has 5 seconds to reconnect!\n|-message|OGamer289 lost due to inactivity.\n|\n|win|EV Sceptile\n|raw|EV Sceptile's rating: 1176 &rarr; <strong>1202<\/strong><br \/>(+26 for winning)\n|raw|OGamer289's rating: 1191 &rarr; <strong>1165<\/strong><br \/>(-26 for losing)\n","uploadtime":1593956131,"views":5,"p1id":"evsceptile","p2id":"ogamer289","formatid":"gen8nu","rating":1165,"private":0,"password":null}