{"id":"gen8ou-1639391992","p1":"Dindon Ductile","p2":"Pokemh","format":"gen8ou","log":"|j|\u2606Dindon Ductile\n|j|\u2606Pokemh\n|t:|1660472438\n|gametype|singles\n|player|p1|Dindon Ductile|2|1391\n|player|p2|Pokemh|#agplivlionsden|1327\n|teamsize|p1|6\n|teamsize|p2|6\n|gen|8\n|tier|[Gen 8] OU\n|rated|\n|rule|Sleep Clause Mod: Limit one foe put to sleep\n|rule|Species Clause: Limit one of each Pok\u00e9mon\n|rule|OHKO Clause: OHKO moves are banned\n|rule|Evasion Items Clause: Evasion items are banned\n|rule|Evasion Moves Clause: Evasion moves are banned\n|rule|Endless Battle Clause: Forcing endless battles is banned\n|rule|HP Percentage Mod: HP is shown in percentages\n|rule|Dynamax Clause: You cannot dynamax\n|clearpoke\n|poke|p1|Rillaboom, F|\n|poke|p1|Kartana|\n|poke|p1|Heatran, M|\n|poke|p1|Rotom-Wash|\n|poke|p1|Zapdos|\n|poke|p1|Excadrill, M|\n|poke|p2|Kartana|\n|poke|p2|Landorus-Therian, M|\n|poke|p2|Slowbro, M|\n|poke|p2|Urshifu-*, M|\n|poke|p2|Weavile, M|\n|poke|p2|Aegislash, M|\n|teampreview\n|\n|t:|1660472470\n|start\n|switch|p1a: Rotom|Rotom-Wash|100\/100\n|switch|p2a: Kartana|Kartana|100\/100\n|turn|1\n|\n|t:|1660472477\n|switch|p1a: Zapdos|Zapdos|100\/100\n|move|p2a: Kartana|Knock Off|p1a: Zapdos\n|-damage|p1a: Zapdos|57\/100\n|-enditem|p1a: Zapdos|Heavy-Duty Boots|[from] move: Knock Off|[of] p2a: Kartana\n|\n|upkeep\n|turn|2\n|\n|t:|1660472487\n|switch|p2a: Weavile|Weavile, M|100\/100\n|-ability|p2a: Weavile|Pressure\n|move|p1a: Zapdos|Roost|p1a: Zapdos\n|-heal|p1a: Zapdos|100\/100\n|-singleturn|p1a: Zapdos|move: Roost\n|\n|upkeep\n|turn|3\n|\n|t:|1660472500\n|move|p2a: Weavile|Beat Up|p1a: Zapdos\n|-damage|p1a: Zapdos|91\/100\n|-damage|p1a: Zapdos|81\/100\n|-damage|p1a: Zapdos|75\/100\n|-damage|p1a: Zapdos|65\/100\n|-crit|p1a: Zapdos\n|-damage|p1a: Zapdos|46\/100\n|-damage|p1a: Zapdos|40\/100\n|-hitcount|p1a: Zapdos|6\n|move|p1a: Zapdos|Volt Switch|p2a: Weavile\n|-damage|p2a: Weavile|62\/100\n|\n|t:|1660472511\n|switch|p1a: Heatran|Heatran, M|100\/100|[from]move: Volt Switch\n|\n|upkeep\n|turn|4\n|\n|t:|1660472519\n|switch|p2a: Landorus|Landorus-Therian, M|100\/100\n|-ability|p2a: Landorus|Intimidate|boost\n|-unboost|p1a: Heatran|atk|1\n|switch|p1a: Rillaboom|Rillaboom, F|100\/100\n|-fieldstart|move: Grassy Terrain|[from] ability: Grassy Surge|[of] p1a: Rillaboom\n|\n|upkeep\n|turn|5\n|\n|t:|1660472527\n|move|p1a: Rillaboom|Knock Off|p2a: Landorus\n|-damage|p2a: Landorus|45\/100\n|-enditem|p2a: Landorus|Leftovers|[from] move: Knock Off|[of] p1a: Rillaboom\n|move|p2a: Landorus|U-turn|p1a: Rillaboom\n|-supereffective|p1a: Rillaboom\n|-damage|p1a: Rillaboom|48\/100\n|\n|t:|1660472531\n|switch|p2a: Kartana|Kartana|100\/100|[from]move: U-turn\n|\n|-heal|p1a: Rillaboom|55\/100|[from] Grassy Terrain\n|upkeep\n|turn|6\n|\n|t:|1660472545\n|switch|p2a: Weavile|Weavile, M|62\/100\n|-ability|p2a: Weavile|Pressure\n|switch|p1a: Heatran|Heatran, M|100\/100\n|\n|-heal|p2a: Weavile|68\/100|[from] Grassy Terrain\n|upkeep\n|turn|7\n|\n|t:|1660472555\n|switch|p2a: Urshifu|Urshifu-Rapid-Strike, M|100\/100\n|move|p1a: Heatran|Toxic|p2a: Urshifu\n|-status|p2a: Urshifu|tox\n|\n|-damage|p2a: Urshifu|94\/100 tox|[from] psn\n|upkeep\n|turn|8\n|\n|t:|1660472579\n|switch|p1a: Rotom|Rotom-Wash|100\/100\n|move|p2a: Urshifu|Close Combat|p1a: Rotom\n|-damage|p1a: Rotom|8\/100\n|-unboost|p2a: Urshifu|def|1\n|-unboost|p2a: Urshifu|spd|1\n|\n|-heal|p2a: Urshifu|100\/100 tox|[from] Grassy Terrain\n|-heal|p1a: Rotom|15\/100|[from] item: Leftovers\n|-damage|p2a: Urshifu|88\/100 tox|[from] psn\n|-fieldend|move: Grassy Terrain\n|upkeep\n|turn|9\n|\n|t:|1660472596\n|move|p2a: Urshifu|Close Combat|p1a: Rotom\n|-damage|p1a: Rotom|0 fnt\n|-unboost|p2a: Urshifu|def|1\n|-unboost|p2a: Urshifu|spd|1\n|faint|p1a: Rotom\n|\n|-damage|p2a: Urshifu|70\/100 tox|[from] psn\n|upkeep\n|\n|t:|1660472603\n|switch|p1a: Zapdos|Zapdos|40\/100\n|turn|10\n|\n|t:|1660472611\n|move|p2a: Urshifu|Close Combat|p1a: Zapdos\n|-resisted|p1a: Zapdos\n|-damage|p1a: Zapdos|5\/100\n|-unboost|p2a: Urshifu|def|1\n|-unboost|p2a: Urshifu|spd|1\n|move|p1a: Zapdos|Roost|p1a: Zapdos\n|-heal|p1a: Zapdos|55\/100\n|-singleturn|p1a: Zapdos|move: Roost\n|\n|-damage|p2a: Urshifu|45\/100 tox|[from] psn\n|upkeep\n|turn|11\n|\n|t:|1660472622\n|switch|p2a: Weavile|Weavile, M|68\/100\n|-ability|p2a: Weavile|Pressure\n|move|p1a: Zapdos|Hurricane|p2a: Weavile|[miss]\n|-miss|p1a: Zapdos|p2a: Weavile\n|\n|upkeep\n|turn|12\n|\n|t:|1660472651\n|move|p2a: Weavile|Beat Up|p1a: Zapdos\n|-damage|p1a: Zapdos|46\/100\n|-damage|p1a: Zapdos|34\/100\n|-damage|p1a: Zapdos|27\/100\n|-damage|p1a: Zapdos|16\/100\n|-damage|p1a: Zapdos|9\/100\n|-hitcount|p1a: Zapdos|5\n|move|p1a: Zapdos|Hurricane|p2a: Weavile\n|-damage|p2a: Weavile|10\/100\n|\n|upkeep\n|turn|13\n|\n|t:|1660472679\n|switch|p1a: Heatran|Heatran, M|100\/100\n|move|p2a: Weavile|Beat Up|p1a: Heatran\n|-damage|p1a: Heatran|90\/100\n|-damage|p1a: Heatran|75\/100\n|-damage|p1a: Heatran|68\/100\n|-damage|p1a: Heatran|55\/100\n|-damage|p1a: Heatran|48\/100\n|-hitcount|p1a: Heatran|5\n|\n|-heal|p1a: Heatran|55\/100|[from] item: Leftovers\n|upkeep\n|turn|14\n|\n|t:|1660472692\n|switch|p2a: Slowbro|Slowbro, M|100\/100\n|move|p1a: Heatran|Magma Storm|p2a: Slowbro\n|-resisted|p2a: Slowbro\n|-damage|p2a: Slowbro|79\/100\n|-activate|p2a: Slowbro|move: Magma Storm|[of] p1a: Heatran\n|\n|-heal|p1a: Heatran|61\/100|[from] item: Leftovers\n|-damage|p2a: Slowbro|67\/100|[from] move: Magma Storm|[partiallytrapped]\n|upkeep\n|turn|15\n|\n|t:|1660472701\n|switch|p1a: Rillaboom|Rillaboom, F|55\/100\n|-fieldstart|move: Grassy Terrain|[from] ability: Grassy Surge|[of] p1a: Rillaboom\n|move|p2a: Slowbro|Scald|p1a: Rillaboom\n|-resisted|p1a: Rillaboom\n|-damage|p1a: Rillaboom|35\/100\n|\n|-heal|p1a: Rillaboom|41\/100|[from] Grassy Terrain\n|-heal|p2a: Slowbro|73\/100|[from] Grassy Terrain\n|-end|p2a: Slowbro|Magma Storm|[partiallytrapped]|[silent]\n|upkeep\n|turn|16\n|\n|t:|1660472713\n|move|p1a: Rillaboom|Knock Off|p2a: Slowbro\n|-supereffective|p2a: Slowbro\n|-damage|p2a: Slowbro|14\/100\n|-enditem|p2a: Slowbro|Heavy-Duty Boots|[from] move: Knock Off|[of] p1a: Rillaboom\n|move|p2a: Slowbro|Teleport|p2a: Slowbro\n|\n|t:|1660472719\n|switch|p2a: Weavile|Weavile, M|10\/100|[from]move: Teleport\n|-ability|p2a: Weavile|Pressure\n|\n|-heal|p2a: Weavile|16\/100|[from] Grassy Terrain\n|-heal|p1a: Rillaboom|47\/100|[from] Grassy Terrain\n|upkeep\n|turn|17\n|\n|t:|1660472732\n|switch|p1a: Excadrill|Excadrill, M|100\/100\n|-ability|p1a: Excadrill|Mold Breaker\n|move|p2a: Weavile|Beat Up|p1a: Excadrill\n|-damage|p1a: Excadrill|84\/100\n|-damage|p1a: Excadrill|60\/100\n|-crit|p1a: Excadrill\n|-damage|p1a: Excadrill|40\/100\n|-damage|p1a: Excadrill|20\/100\n|-damage|p1a: Excadrill|9\/100\n|-hitcount|p1a: Excadrill|5\n|\n|-heal|p2a: Weavile|22\/100|[from] Grassy Terrain\n|-heal|p1a: Excadrill|15\/100|[from] Grassy Terrain\n|-heal|p1a: Excadrill|21\/100|[from] item: Leftovers\n|upkeep\n|turn|18\n|\n|t:|1660472747\n|move|p2a: Weavile|Beat Up|p1a: Excadrill\n|-damage|p1a: Excadrill|4\/100\n|-damage|p1a: Excadrill|0 fnt\n|faint|p1a: Excadrill\n|-hitcount|p1: Excadrill|2\n|\n|-heal|p2a: Weavile|28\/100|[from] Grassy Terrain\n|upkeep\n|\n|t:|1660472758\n|switch|p1a: Kartana|Kartana|100\/100\n|turn|19\n|\n|t:|1660472763\n|switch|p2a: Landorus|Landorus-Therian, M|45\/100\n|-ability|p2a: Landorus|Intimidate|boost\n|-unboost|p1a: Kartana|atk|1\n|move|p1a: Kartana|Swords Dance|p1a: Kartana\n|-boost|p1a: Kartana|atk|2\n|\n|-fieldend|move: Grassy Terrain\n|upkeep\n|turn|20\n|\n|t:|1660472773\n|move|p1a: Kartana|Leaf Blade|p2a: Landorus\n|-damage|p2a: Landorus|0 fnt\n|faint|p2a: Landorus\n|-ability|p1a: Kartana|Beast Boost|boost\n|-boost|p1a: Kartana|atk|1\n|\n|upkeep\n|\n|t:|1660472779\n|switch|p2a: Weavile|Weavile, M|28\/100\n|-ability|p2a: Weavile|Pressure\n|turn|21\n|\n|t:|1660472786\n|move|p2a: Weavile|Triple Axel|p1a: Kartana\n|-damage|p1a: Kartana|86\/100\n|-damage|p1a: Kartana|57\/100\n|-damage|p1a: Kartana|14\/100\n|-hitcount|p1a: Kartana|3\n|move|p1a: Kartana|Leaf Blade|p2a: Weavile\n|-damage|p2a: Weavile|0 fnt\n|faint|p2a: Weavile\n|-ability|p1a: Kartana|Beast Boost|boost\n|-boost|p1a: Kartana|atk|1\n|\n|upkeep\n|\n|t:|1660472797\n|switch|p2a: Kartana|Kartana|100\/100\n|turn|22\n|\n|t:|1660472807\n|switch|p1a: Zapdos|Zapdos|9\/100\n|move|p2a: Kartana|Sacred Sword|p1a: Zapdos\n|-resisted|p1a: Zapdos\n|-damage|p1a: Zapdos|0 fnt\n|faint|p1a: Zapdos\n|-ability|p2a: Kartana|Beast Boost|boost\n|-boost|p2a: Kartana|atk|1\n|\n|upkeep\n|\n|t:|1660472816\n|switch|p1a: Rillaboom|Rillaboom, F|47\/100\n|-fieldstart|move: Grassy Terrain|[from] ability: Grassy Surge|[of] p1a: Rillaboom\n|turn|23\n|\n|t:|1660472832\n|move|p2a: Kartana|Sacred Sword|p1a: Rillaboom\n|-damage|p1a: Rillaboom|0 fnt\n|faint|p1a: Rillaboom\n|-ability|p2a: Kartana|Beast Boost|boost\n|-boost|p2a: Kartana|atk|1\n|\n|upkeep\n|-message|Dindon Ductile forfeited.\n|\n|win|Pokemh\n|raw|Dindon Ductile's rating: 1391 &rarr; <strong>1367<\/strong><br \/>(-24 for losing)\n|raw|Pokemh's rating: 1327 &rarr; <strong>1351<\/strong><br \/>(+24 for winning)\n|l|\u2606Dindon Ductile\n","uploadtime":1660472844,"views":35,"p1id":"dindonductile","p2id":"pokemh","formatid":"gen8ou","rating":1351,"private":0,"password":null}