{"id":"gen8ou-1642182898","p1":"Daevank5","p2":"lt93oq yeatfan","format":"gen8ou","log":"|j|\u2606Daevank5\n|j|\u2606lt93oq yeatfan\n|t:|1660790852\n|gametype|singles\n|player|p1|Daevank5|1|1750\n|player|p2|lt93oq yeatfan|101|1868\n|teamsize|p1|6\n|teamsize|p2|6\n|gen|8\n|tier|[Gen 8] OU\n|rated|\n|rule|Sleep Clause Mod: Limit one foe put to sleep\n|rule|Species Clause: Limit one of each Pok\u00e9mon\n|rule|OHKO Clause: OHKO moves are banned\n|rule|Evasion Items Clause: Evasion items are banned\n|rule|Evasion Moves Clause: Evasion moves are banned\n|rule|Endless Battle Clause: Forcing endless battles is banned\n|rule|HP Percentage Mod: HP is shown in percentages\n|rule|Dynamax Clause: You cannot dynamax\n|clearpoke\n|poke|p1|Ferrothorn, F|\n|poke|p1|Regieleki|\n|poke|p1|Garchomp, F|\n|poke|p1|Tornadus-Therian, M|\n|poke|p1|Terrakion|\n|poke|p1|Bisharp, M|\n|poke|p2|Scizor, M|\n|poke|p2|Toxapex, M|\n|poke|p2|Clefable, F|\n|poke|p2|Hippowdon, M|\n|poke|p2|Skarmory, M|\n|poke|p2|Tapu Koko|\n|teampreview\n|inactive|Battle timer is ON: inactive players will automatically lose when time's up. (requested by lt93oq yeatfan)\n|j| 0909l\n|c|\u2606Daevank5|Yeat or carti ?\n|inactive|Daevank5 has 120 seconds left.\n|c|\u2606lt93oq yeatfan|yeat\n|c|\u2606Daevank5|Based\n|inactive|Daevank5 has 90 seconds left.\n|\n|t:|1660790933\n|start\n|switch|p1a: ThunderMan|Regieleki|100\/100\n|switch|p2a: Hippowdon|Hippowdon, M|100\/100\n|-weather|Sandstorm|[from] ability: Sand Stream|[of] p2a: Hippowdon\n|turn|1\n|\n|t:|1660790959\n|switch|p1a: Ferrothorn|Ferrothorn, F|100\/100\n|move|p2a: Hippowdon|Stealth Rock|p1a: Ferrothorn\n|-sidestart|p1: Daevank5|move: Stealth Rock\n|\n|-weather|Sandstorm|[upkeep]\n|upkeep\n|turn|2\n|\n|t:|1660790962\n|switch|p2a: COWABUNGA|Scizor, M|100\/100\n|move|p1a: Ferrothorn|Spikes|p2a: COWABUNGA\n|-sidestart|p2: lt93oq yeatfan|Spikes\n|\n|-weather|Sandstorm|[upkeep]\n|upkeep\n|turn|3\n|l|\u2606Daevank5\n|inactive|Daevank5 disconnected and has a minute to reconnect!\n|player|p1|\n|l| 0909l\n|inactive|Daevank5 has 30 seconds to reconnect!\n|inactive|Daevank5 has 20 seconds to reconnect!\n|inactive|Daevank5 has 15 seconds to reconnect!\n|inactive|Daevank5 has 10 seconds to reconnect!\n|j|\u2606Daevank5\n|inactive|Daevank5 reconnected and has 85 seconds left.\n|player|p1|Daevank5|1\n|\n|t:|1660791033\n|move|p2a: COWABUNGA|Knock Off|p1a: Ferrothorn\n|-damage|p1a: Ferrothorn|85\/100\n|-damage|p2a: COWABUNGA|88\/100|[from] ability: Iron Barbs|[of] p1a: Ferrothorn\n|-enditem|p1a: Ferrothorn|Leftovers|[from] move: Knock Off|[of] p2a: COWABUNGA\n|move|p1a: Ferrothorn|Leech Seed|p2a: COWABUNGA\n|-start|p2a: COWABUNGA|move: Leech Seed\n|\n|-weather|Sandstorm|[upkeep]\n|-damage|p2a: COWABUNGA|76\/100|[from] Leech Seed|[of] p1a: Ferrothorn\n|-heal|p1a: Ferrothorn|97\/100|[silent]\n|upkeep\n|turn|4\n|\n|t:|1660791039\n|move|p2a: COWABUNGA|U-turn|p1a: Ferrothorn\n|-damage|p1a: Ferrothorn|79\/100\n|-damage|p2a: COWABUNGA|64\/100|[from] ability: Iron Barbs|[of] p1a: Ferrothorn\n|\n|t:|1660791056\n|switch|p2a: Clefable|Clefable, F|100\/100|[from]move: U-turn\n|move|p1a: Ferrothorn|Spikes|p2a: Clefable\n|-sidestart|p2: lt93oq yeatfan|Spikes\n|\n|-weather|Sandstorm|[upkeep]\n|upkeep\n|turn|5\n|\n|t:|1660791061\n|switch|p1a: Tornadus|Tornadus-Therian, M|100\/100\n|-damage|p1a: Tornadus|76\/100|[from] Stealth Rock\n|move|p2a: Clefable|Moonblast|p1a: Tornadus\n|-damage|p1a: Tornadus|55\/100\n|\n|-weather|none\n|upkeep\n|turn|6\n|\n|t:|1660791064\n|move|p1a: Tornadus|Knock Off|p2a: Clefable\n|-resisted|p2a: Clefable\n|-damage|p2a: Clefable|91\/100\n|-enditem|p2a: Clefable|Leftovers|[from] move: Knock Off|[of] p1a: Tornadus\n|move|p2a: Clefable|Thunder Wave|p1a: Tornadus\n|-status|p1a: Tornadus|par\n|\n|upkeep\n|turn|7\n|\n|t:|1660791074\n|move|p1a: Tornadus|U-turn|p2a: Clefable\n|-resisted|p2a: Clefable\n|-damage|p2a: Clefable|85\/100\n|\n|t:|1660791080\n|switch|p1a: Ferrothorn|Ferrothorn, F|79\/100|[from]move: U-turn\n|-damage|p1a: Ferrothorn|72\/100|[from] Stealth Rock\n|move|p2a: Clefable|Knock Off|p1a: Ferrothorn\n|-damage|p1a: Ferrothorn|67\/100\n|-activate|p1a: Ferrothorn|ability: Iron Barbs\n|\n|upkeep\n|turn|8\n|inactive|Daevank5 has 120 seconds left.\n|\n|t:|1660791095\n|switch|p2a: Skarmory|Skarmory, M|100\/100\n|move|p1a: Ferrothorn|Spikes|p2a: Skarmory\n|-sidestart|p2: lt93oq yeatfan|Spikes\n|\n|upkeep\n|turn|9\n|\n|t:|1660791099\n|move|p2a: Skarmory|Body Press|p1a: Ferrothorn\n|-supereffective|p1a: Ferrothorn\n|-damage|p1a: Ferrothorn|28\/100\n|-damage|p2a: Skarmory|88\/100|[from] ability: Iron Barbs|[of] p1a: Ferrothorn\n|move|p1a: Ferrothorn|Leech Seed|p2a: Skarmory\n|-start|p2a: Skarmory|move: Leech Seed\n|\n|-damage|p2a: Skarmory|76\/100|[from] Leech Seed|[of] p1a: Ferrothorn\n|-heal|p1a: Ferrothorn|39\/100|[silent]\n|upkeep\n|turn|10\n|inactive|Daevank5 has 120 seconds left.\n|inactive|Daevank5 has 90 seconds left.\n|\n|t:|1660791159\n|switch|p2a: Clefable|Clefable, F|85\/100\n|switch|p1a: TheDoctor|Garchomp, F|100\/100\n|-damage|p1a: TheDoctor|94\/100|[from] Stealth Rock\n|\n|-heal|p1a: TheDoctor|100\/100|[from] item: Leftovers\n|upkeep\n|turn|11\n|\n|t:|1660791169\n|move|p1a: TheDoctor|Stealth Rock|p2a: Clefable\n|-sidestart|p2: lt93oq yeatfan|move: Stealth Rock\n|move|p2a: Clefable|Moonblast|p1a: TheDoctor\n|-supereffective|p1a: TheDoctor\n|-damage|p1a: TheDoctor|59\/100\n|\n|-heal|p1a: TheDoctor|65\/100|[from] item: Leftovers\n|upkeep\n|turn|12\n|\n|t:|1660791178\n|move|p1a: TheDoctor|Earthquake|p2a: Clefable\n|-damage|p2a: Clefable|49\/100\n|move|p2a: Clefable|Moonblast|p1a: TheDoctor\n|-supereffective|p1a: TheDoctor\n|-damage|p1a: TheDoctor|27\/100\n|-unboost|p1a: TheDoctor|spa|1\n|\n|-heal|p1a: TheDoctor|33\/100|[from] item: Leftovers\n|upkeep\n|turn|13\n|\n|t:|1660791184\n|switch|p1a: Bisharp|Bisharp, M|100\/100\n|-damage|p1a: Bisharp|95\/100|[from] Stealth Rock\n|move|p2a: Clefable|Soft-Boiled|p2a: Clefable\n|-heal|p2a: Clefable|99\/100\n|\n|upkeep\n|turn|14\n|\n|t:|1660791189\n|switch|p2a: Skarmory|Skarmory, M|76\/100\n|-damage|p2a: Skarmory|64\/100|[from] Stealth Rock\n|move|p1a: Bisharp|Swords Dance|p1a: Bisharp\n|-boost|p1a: Bisharp|atk|2\n|\n|upkeep\n|turn|15\n|\n|t:|1660791192\n|move|p1a: Bisharp|Knock Off|p2a: Skarmory\n|-damage|p2a: Skarmory|0 fnt\n|-damage|p1a: Bisharp|78\/100|[from] item: Rocky Helmet|[of] p2a: Skarmory\n|-enditem|p2a: Skarmory|Rocky Helmet|[from] move: Knock Off|[of] p1a: Bisharp\n|faint|p2a: Skarmory\n|\n|upkeep\n|\n|t:|1660791197\n|switch|p2a: Tapu Koko|Tapu Koko|100\/100\n|-fieldstart|move: Electric Terrain|[from] ability: Electric Surge|[of] p2a: Tapu Koko\n|turn|16\n|inactive|Daevank5 has 90 seconds left.\n|inactive|Daevank5 has 60 seconds left.\n|inactive|Daevank5 has 30 seconds left.\n|inactive|Daevank5 has 20 seconds left.\n|inactive|Daevank5 has 15 seconds left.\n|\n|t:|1660791307\n|switch|p1a: TheDoctor|Garchomp, F|33\/100\n|-damage|p1a: TheDoctor|27\/100|[from] Stealth Rock\n|move|p2a: Tapu Koko|Thunderbolt|p1a: TheDoctor\n|-immune|p1a: TheDoctor\n|\n|-heal|p1a: TheDoctor|33\/100|[from] item: Leftovers\n|upkeep\n|turn|17\n|inactive|Daevank5 has 25 seconds left this turn.\n|\n|t:|1660791311\n|switch|p1a: Ferrothorn|Ferrothorn, F|39\/100\n|-damage|p1a: Ferrothorn|33\/100|[from] Stealth Rock\n|move|p2a: Tapu Koko|Dazzling Gleam|p1a: Ferrothorn\n|-resisted|p1a: Ferrothorn\n|-damage|p1a: Ferrothorn|18\/100\n|\n|upkeep\n|turn|18\n|inactive|Daevank5 has 30 seconds left.\n|\n|t:|1660791319\n|move|p2a: Tapu Koko|Thunderbolt|p1a: Ferrothorn\n|-resisted|p1a: Ferrothorn\n|-damage|p1a: Ferrothorn|0 fnt\n|faint|p1a: Ferrothorn\n|\n|upkeep\n|\n|t:|1660791322\n|switch|p1a: ThunderMan|Regieleki|100\/100\n|-damage|p1a: ThunderMan|88\/100|[from] Stealth Rock\n|turn|19\n|\n|t:|1660791328\n|switch|p2a: Hippowdon|Hippowdon, M|100\/100\n|-weather|Sandstorm|[from] ability: Sand Stream|[of] p2a: Hippowdon\n|move|p1a: ThunderMan|Electro Ball|p2a: Hippowdon\n|-immune|p2a: Hippowdon\n|\n|-weather|Sandstorm|[upkeep]\n|-damage|p1a: ThunderMan|82\/100|[from] Sandstorm\n|upkeep\n|turn|20\n|\n|t:|1660791334\n|switch|p1a: Tornadus|Tornadus-Therian, M|88\/100 par\n|-damage|p1a: Tornadus|63\/100 par|[from] Stealth Rock\n|move|p2a: Hippowdon|Earthquake|p1a: Tornadus\n|-immune|p1a: Tornadus\n|\n|-weather|Sandstorm|[upkeep]\n|-damage|p1a: Tornadus|57\/100 par|[from] Sandstorm\n|-fieldend|move: Electric Terrain\n|upkeep\n|turn|21\n|\n|t:|1660791339\n|switch|p2a: Clefable|Clefable, F|99\/100\n|move|p1a: Tornadus|U-turn|p2a: Clefable\n|-resisted|p2a: Clefable\n|-damage|p2a: Clefable|92\/100\n|\n|t:|1660791341\n|switch|p1a: Bisharp|Bisharp, M|78\/100|[from]move: U-turn\n|-damage|p1a: Bisharp|72\/100|[from] Stealth Rock\n|\n|-weather|Sandstorm|[upkeep]\n|upkeep\n|turn|22\n|\n|t:|1660791347\n|move|p1a: Bisharp|Iron Head|p2a: Clefable\n|-supereffective|p2a: Clefable\n|-damage|p2a: Clefable|17\/100\n|cant|p2a: Clefable|flinch\n|\n|-weather|Sandstorm|[upkeep]\n|upkeep\n|turn|23\n|c|\u2606lt93oq yeatfan|so good man\n|c|\u2606lt93oq yeatfan|sigh\n|\n|t:|1660791359\n|move|p1a: Bisharp|Iron Head|p2a: Clefable\n|-supereffective|p2a: Clefable\n|-damage|p2a: Clefable|0 fnt\n|faint|p2a: Clefable\n|\n|-weather|none\n|upkeep\n|\n|t:|1660791362\n|switch|p2a: Tapu Koko|Tapu Koko|100\/100\n|-fieldstart|move: Electric Terrain|[from] ability: Electric Surge|[of] p2a: Tapu Koko\n|turn|24\n|\n|t:|1660791392\n|switch|p1a: TheDoctor|Garchomp, F|33\/100\n|-damage|p1a: TheDoctor|27\/100|[from] Stealth Rock\n|move|p2a: Tapu Koko|Thunderbolt|p1a: TheDoctor\n|-immune|p1a: TheDoctor\n|\n|-heal|p1a: TheDoctor|33\/100|[from] item: Leftovers\n|upkeep\n|turn|25\n|inactive|Daevank5 has 60 seconds left.\n|\n|t:|1660791418\n|move|p2a: Tapu Koko|Dazzling Gleam|p1a: TheDoctor\n|-supereffective|p1a: TheDoctor\n|-damage|p1a: TheDoctor|0 fnt\n|faint|p1a: TheDoctor\n|\n|upkeep\n|inactive|Daevank5 has 60 seconds left.\n|\n|t:|1660791427\n|switch|p1a: Terrakion|Terrakion|100\/100\n|-damage|p1a: Terrakion|94\/100|[from] Stealth Rock\n|turn|26\n|\n|t:|1660791432\n|switch|p2a: Toxapex|Toxapex, M|100\/100\n|-damage|p2a: Toxapex|75\/100|[from] Spikes\n|-damage|p2a: Toxapex|63\/100|[from] Stealth Rock\n|move|p1a: Terrakion|Earthquake|p2a: Toxapex\n|-supereffective|p2a: Toxapex\n|-crit|p2a: Toxapex\n|-damage|p2a: Toxapex|0 fnt\n|faint|p2a: Toxapex\n|\n|upkeep\n|\n|t:|1660791434\n|switch|p2a: COWABUNGA|Scizor, M|64\/100\n|turn|27\n|inactive|Daevank5 has 60 seconds left.\n|inactive|Daevank5 has 30 seconds left.\n|inactive|Daevank5 has 20 seconds left.\n|inactive|Daevank5 has 15 seconds left.\n|\n|t:|1660791508\n|switch|p1a: Bisharp|Bisharp, M|72\/100\n|-damage|p1a: Bisharp|66\/100|[from] Stealth Rock\n|move|p2a: COWABUNGA|Roost|p2a: COWABUNGA\n|-heal|p2a: COWABUNGA|100\/100\n|-singleturn|p2a: COWABUNGA|move: Roost\n|\n|upkeep\n|turn|28\n|inactive|Daevank5 has 25 seconds left this turn.\n|inactive|Daevank5 has 20 seconds left.\n|\n|t:|1660791518\n|move|p1a: Bisharp|Knock Off|p2a: COWABUNGA\n|-damage|p2a: COWABUNGA|33\/100\n|-enditem|p2a: COWABUNGA|Heavy-Duty Boots|[from] move: Knock Off|[of] p1a: Bisharp\n|move|p2a: COWABUNGA|U-turn|p1a: Bisharp\n|-damage|p1a: Bisharp|28\/100\n|inactive|Daevank5 has 25 seconds left this turn.\n|\n|t:|1660791521\n|switch|p2a: Tapu Koko|Tapu Koko|100\/100|[from]move: U-turn\n|\n|-fieldend|move: Electric Terrain\n|upkeep\n|turn|29\n|inactive|Daevank5 has 30 seconds left.\n|\n|t:|1660791531\n|move|p1a: Bisharp|Sucker Punch|p2a: Tapu Koko\n|-resisted|p2a: Tapu Koko\n|-damage|p2a: Tapu Koko|69\/100\n|move|p2a: Tapu Koko|Thunderbolt|p1a: Bisharp\n|-damage|p1a: Bisharp|0 fnt\n|faint|p1a: Bisharp\n|\n|upkeep\n|inactive|Daevank5 has 30 seconds left this turn.\n|inactive|Daevank5 has 20 seconds left.\n|inactive|Daevank5 has 15 seconds left.\n|\n|t:|1660791550\n|switch|p1a: Terrakion|Terrakion|94\/100\n|-damage|p1a: Terrakion|88\/100|[from] Stealth Rock\n|turn|30\n|inactive|Daevank5 has 25 seconds left this turn.\n|inactive|Daevank5 has 20 seconds left.\n|inactive|Daevank5 has 15 seconds left.\n|inactive|lt93oq yeatfan has 120 seconds left.\n|inactive|lt93oq yeatfan has 90 seconds left.\n|\n|t:|1660791623\n|switch|p2a: Hippowdon|Hippowdon, M|100\/100\n|-weather|Sandstorm|[from] ability: Sand Stream|[of] p2a: Hippowdon\n|move|p1a: Terrakion|Close Combat|p2a: Hippowdon\n|-damage|p2a: Hippowdon|35\/100\n|-unboost|p1a: Terrakion|def|1\n|-unboost|p1a: Terrakion|spd|1\n|\n|-weather|Sandstorm|[upkeep]\n|upkeep\n|turn|31\n|inactive|Daevank5 has 25 seconds left this turn.\n|\n|t:|1660791634\n|switch|p2a: COWABUNGA|Scizor, M|33\/100\n|-damage|p2a: COWABUNGA|8\/100|[from] Spikes\n|-damage|p2a: COWABUNGA|0 fnt|[from] Stealth Rock\n|faint|p2a: COWABUNGA\n|move|p1a: Terrakion|Close Combat|p2: COWABUNGA|[notarget]\n|-fail|p1a: Terrakion\n|\n|-weather|Sandstorm|[upkeep]\n|upkeep\n|inactive|Daevank5 has 30 seconds left this turn.\n|\n|t:|1660791636\n|switch|p2a: Tapu Koko|Tapu Koko|69\/100\n|-fieldstart|move: Electric Terrain|[from] ability: Electric Surge|[of] p2a: Tapu Koko\n|turn|32\n|c|\u2606Daevank5|Boots hippo is fowl\n|inactive|Daevank5 has 30 seconds left.\n|c|\u2606lt93oq yeatfan|yeah so remember when i moonblasted aegi\n|inactive|Daevank5 has 20 seconds left.\n|inactive|Daevank5 has 15 seconds left.\n|\n|t:|1660791662\n|switch|p1a: ThunderMan|Regieleki|82\/100\n|-damage|p1a: ThunderMan|70\/100|[from] Stealth Rock\n|move|p2a: Tapu Koko|Roost|p2a: Tapu Koko\n|-heal|p2a: Tapu Koko|100\/100\n|-singleturn|p2a: Tapu Koko|move: Roost\n|\n|-weather|Sandstorm|[upkeep]\n|-damage|p1a: ThunderMan|64\/100|[from] Sandstorm\n|-damage|p2a: Tapu Koko|94\/100|[from] Sandstorm\n|upkeep\n|turn|33\n|inactive|Daevank5 has 25 seconds left this turn.\n|inactive|Daevank5 has 20 seconds left.\n|inactive|Daevank5 has 15 seconds left.\n|inactive|Daevank5 has 10 seconds left.\n|inactive|Daevank5 has 5 seconds left.\n|\n|t:|1660791687\n|switch|p1a: Tornadus|Tornadus-Therian, M|90\/100 par\n|-damage|p1a: Tornadus|65\/100 par|[from] Stealth Rock\n|move|p2a: Tapu Koko|Thunderbolt|p1a: Tornadus\n|-supereffective|p1a: Tornadus\n|-damage|p1a: Tornadus|9\/100 par\n|\n|-weather|Sandstorm|[upkeep]\n|-damage|p2a: Tapu Koko|88\/100|[from] Sandstorm\n|-damage|p1a: Tornadus|3\/100 par|[from] Sandstorm\n|upkeep\n|turn|34\n|inactive|Daevank5 has 15 seconds left this turn.\n|inactive|Daevank5 has 10 seconds left.\n|\n|t:|1660791692\n|switch|p1a: ThunderMan|Regieleki|64\/100\n|-damage|p1a: ThunderMan|52\/100|[from] Stealth Rock\n|move|p2a: Tapu Koko|Thunderbolt|p1a: ThunderMan\n|-resisted|p1a: ThunderMan\n|-damage|p1a: ThunderMan|4\/100\n|\n|-weather|none\n|upkeep\n|turn|35\n|inactive|Daevank5 has 20 seconds left this turn.\n|\n|t:|1660791701\n|switch|p2a: Hippowdon|Hippowdon, M|35\/100\n|-weather|Sandstorm|[from] ability: Sand Stream|[of] p2a: Hippowdon\n|move|p1a: ThunderMan|Electro Ball|p2a: Hippowdon\n|-immune|p2a: Hippowdon\n|\n|-weather|Sandstorm|[upkeep]\n|-damage|p1a: ThunderMan|0 fnt|[from] Sandstorm\n|faint|p1a: ThunderMan\n|upkeep\n|inactive|Daevank5 has 25 seconds left this turn.\n|\n|t:|1660791705\n|switch|p1a: Terrakion|Terrakion|88\/100\n|-damage|p1a: Terrakion|82\/100|[from] Stealth Rock\n|turn|36\n|inactive|Daevank5 has 30 seconds left.\n|\n|t:|1660791712\n|move|p1a: Terrakion|Earthquake|p2a: Hippowdon\n|-damage|p2a: Hippowdon|0 fnt\n|faint|p2a: Hippowdon\n|\n|-weather|Sandstorm|[upkeep]\n|-fieldend|move: Electric Terrain\n|upkeep\n|\n|t:|1660791715\n|switch|p2a: Tapu Koko|Tapu Koko|88\/100\n|-fieldstart|move: Electric Terrain|[from] ability: Electric Surge|[of] p2a: Tapu Koko\n|turn|37\n|c|\u2606Daevank5|Gg\n|c|\u2606lt93oq yeatfan|HOw???\n|\n|t:|1660791722\n|move|p2a: Tapu Koko|Dazzling Gleam|p1a: Terrakion\n|-supereffective|p1a: Terrakion\n|-damage|p1a: Terrakion|28\/100\n|move|p1a: Terrakion|Earthquake|p2a: Tapu Koko\n|-supereffective|p2a: Tapu Koko\n|-crit|p2a: Tapu Koko\n|-damage|p2a: Tapu Koko|0 fnt\n|faint|p2a: Tapu Koko\n|\n|win|Daevank5\n|raw|Daevank5's rating: 1750 &rarr; <strong>1777<\/strong><br \/>(+27 for winning)\n|raw|lt93oq yeatfan's rating: 1868 &rarr; <strong>1841<\/strong><br \/>(-27 for losing)\n|c|\u2606lt93oq yeatfan|dude\n|c|\u2606Daevank5|Sand\n|c|\u2606lt93oq yeatfan|no\n|c|\u2606lt93oq yeatfan|i dont get how its a gg\n|c|\u2606lt93oq yeatfan|if i hit moonblast\n|c|\u2606lt93oq yeatfan|i fucking won\n|c|\u2606Daevank5|Ay\n|c|\u2606Daevank5|say it back\n|c|\u2606lt93oq yeatfan|no way\n|c|\u2606lt93oq yeatfan|LOOL\n|c|\u2606Daevank5|Nah\n|c|\u2606lt93oq yeatfan|u won because of a flinch\n|c|\u2606lt93oq yeatfan|im not saying gg to that\n||Ladder isn't responding, score probably updated but might not have (Request timeout).\n|c|\u2606Daevank5|and Yeat is worse than carti\n|c|\u2606lt93oq yeatfan|i dont really care\n|c|\u2606Daevank5|That\u2019s why you got flinched\n|c|\u2606lt93oq yeatfan|tl;dr you won off of hax\n|l|\u2606lt93oq yeatfan\n|c|\u2606Daevank5|Welcome to Pok\u00e9mon brother\n","uploadtime":1660791796,"views":55,"p1id":"daevank5","p2id":"lt93oqyeatfan","formatid":"gen8ou","rating":1777,"private":0,"password":null}