{"id":"gen8waterparadise-1371143224","p1":"lebanesestinker","p2":"Misterfluffers","format":"gen8waterparadise","log":"|j|\u2606lebanesestinker\n|j|\u2606Misterfluffers\n|t:|1625511455\n|gametype|singles\n|player|p1|lebanesestinker|policeman|1102\n|player|p2|Misterfluffers|swimmer|1000\n|teamsize|p1|6\n|teamsize|p2|6\n|gen|8\n|tier|[Gen 8] Water Paradise\n|rated|\n|rule|Species Clause: Limit one of each Pok\u00e9mon\n|rule|Item Clause: Limit one of each item\n|clearpoke\n|poke|p1|Barbaracle, L50, F|\n|poke|p1|Ludicolo, L50, F|\n|poke|p1|Starmie, L50|\n|poke|p1|Lanturn, L50, F|\n|poke|p1|Sharpedo, L50, F|\n|poke|p1|Gyarados, L50, M|\n|poke|p2|Toxapex, L50, M|\n|poke|p2|Rotom-Wash, L50|\n|poke|p2|Slowking, L50, F|\n|poke|p2|Gastrodon-East, L50, F|\n|poke|p2|Mantine, L50, M|\n|poke|p2|Cloyster, L50, F|\n|teampreview|3\n|inactive|Battle timer is ON: inactive players will automatically lose when time's up. (requested by Misterfluffers)\n|\n|t:|1625511479\n|start\n|switch|p1a: Barbaracle|Barbaracle, L50, F|100\/100\n|switch|p2a: Mantine|Mantine, L50, M|100\/100\n|turn|1\n|\n|t:|1625511486\n|switch|p2a: Toxapex|Toxapex, L50, M|100\/100\n|move|p1a: Barbaracle|Shell Smash|p1a: Barbaracle\n|-unboost|p1a: Barbaracle|def|1\n|-unboost|p1a: Barbaracle|spd|1\n|-boost|p1a: Barbaracle|atk|2\n|-boost|p1a: Barbaracle|spa|2\n|-boost|p1a: Barbaracle|spe|2\n|\n|upkeep\n|turn|2\n|\n|t:|1625511490\n|move|p1a: Barbaracle|Earthquake|p2a: Toxapex\n|-supereffective|p2a: Toxapex\n|-damage|p2a: Toxapex|16\/100\n|move|p2a: Toxapex|Haze|p2a: Toxapex\n|-clearallboost\n|\n|-heal|p2a: Toxapex|22\/100|[from] item: Black Sludge\n|upkeep\n|turn|3\n|\n|t:|1625511495\n|switch|p2a: Slowking|Slowking, L50, F|100\/100\n|move|p1a: Barbaracle|Shell Smash|p1a: Barbaracle\n|-unboost|p1a: Barbaracle|def|1\n|-unboost|p1a: Barbaracle|spd|1\n|-boost|p1a: Barbaracle|atk|2\n|-boost|p1a: Barbaracle|spa|2\n|-boost|p1a: Barbaracle|spe|2\n|\n|upkeep\n|turn|4\n|\n|t:|1625511501\n|move|p1a: Barbaracle|Stone Edge|p2a: Slowking|[miss]\n|-miss|p1a: Barbaracle|p2a: Slowking\n|move|p2a: Slowking|Grass Knot|p1a: Barbaracle\n|-supereffective|p1a: Barbaracle\n|-enditem|p1a: Barbaracle|Focus Sash\n|-damage|p1a: Barbaracle|1\/100\n|\n|upkeep\n|turn|5\n|\n|t:|1625511509\n|switch|p2a: Toxapex|Toxapex, L50, M|55\/100\n|move|p1a: Barbaracle|Stone Edge|p2a: Toxapex\n|-damage|p2a: Toxapex|0 fnt\n|faint|p2a: Toxapex\n|\n|upkeep\n|\n|t:|1625511514\n|switch|p2a: Slowking|Slowking, L50, F|100\/100\n|turn|6\n|\n|t:|1625511519\n|move|p1a: Barbaracle|Stone Edge|p2a: Slowking\n|-damage|p2a: Slowking|0 fnt\n|faint|p2a: Slowking\n|\n|upkeep\n|\n|t:|1625511521\n|switch|p2a: Mantine|Mantine, L50, M|100\/100\n|turn|7\n|\n|t:|1625511524\n|-start|p2a: Mantine|Dynamax\n|-heal|p2a: Mantine|100\/100|[silent]\n|move|p1a: Barbaracle|Stone Edge|p2a: Mantine\n|-supereffective|p2a: Mantine\n|-damage|p2a: Mantine|17\/100\n|move|p2a: Mantine|Max Geyser|p1a: Barbaracle\n|-damage|p1a: Barbaracle|0 fnt\n|-weather|RainDance\n|faint|p1a: Barbaracle\n|\n|-weather|RainDance|[upkeep]\n|upkeep\n|\n|t:|1625511529\n|switch|p1a: Starmie|Starmie, L50|100\/100\n|turn|8\n|\n|t:|1625511532\n|move|p1a: Starmie|Thunderbolt|p2a: Mantine\n|-supereffective|p2a: Mantine\n|-damage|p2a: Mantine|0 fnt\n|faint|p2a: Mantine\n|\n|win|lebanesestinker\n|c|\u2606lebanesestinker|gg\n|raw|lebanesestinker's rating: 1101 &rarr; <strong>1119<\/strong><br \/>(+18 for winning)\n|raw|Misterfluffers's rating: 1000 &rarr; <strong>1000<\/strong><br \/>(+0 for losing)\n|l|\u2606Misterfluffers\n|l|\u2606lebanesestinker\n","uploadtime":1625511560,"views":2,"p1id":"lebanesestinker","p2id":"misterfluffers","formatid":"gen8waterparadise","rating":1000,"private":0,"password":null}