{"id":"gen8nationaldexag-1595543221","p1":"Rediyu","p2":"hey scizor","format":"gen8nationaldexag","log":"|j|\u2606Rediyu\n|j|\u2606hey scizor\n|t:|1655143396\n|gametype|singles\n|player|p1|Rediyu|guitarist|\n|player|p2|hey scizor|ghetsis-gen5bw|\n|teamsize|p1|6\n|teamsize|p2|6\n|gen|8\n|tier|[Gen 8] National Dex AG\n|rule|HP Percentage Mod: HP is shown in percentages\n|rule|Endless Battle Clause: Forcing endless battles is banned\n|clearpoke\n|poke|p1|Latias, F|\n|poke|p1|Weavile, F|\n|poke|p1|Rotom-Heat|\n|poke|p1|Crobat, F|\n|poke|p1|Trevenant, M|\n|poke|p1|Diancie|\n|poke|p2|Reuniclus, F|\n|poke|p2|Tapu Koko|\n|poke|p2|Swampert, M|\n|poke|p2|Glastrier|\n|poke|p2|Scizor, M|\n|poke|p2|Gengar, M|\n|teampreview\n|j| Usasta\n|c|\u2606Rediyu|gl hf\n|c|\u2606hey scizor|u2\n|l| Usasta\n|\n|t:|1655143491\n|start\n|switch|p1a: Hellebore|Crobat, F|100\/100\n|switch|p2a: Whis|Tapu Koko|100\/100\n|-fieldstart|move: Electric Terrain|[from] ability: Electric Surge|[of] p2a: Whis\n|turn|1\n|\n|t:|1655143518\n|move|p1a: Hellebore|Sludge Bomb|p2a: Whis\n|-supereffective|p2a: Whis\n|-damage|p2a: Whis|2\/100\n|-damage|p1a: Hellebore|91\/100|[from] item: Life Orb\n|move|p2a: Whis|Thunder Punch|p1a: Hellebore\n|-supereffective|p1a: Hellebore\n|-damage|p1a: Hellebore|0 fnt\n|faint|p1a: Hellebore\n|\n|upkeep\n|\n|t:|1655143554\n|switch|p1a: Snowdrop|Weavile, F|100\/100\n|turn|2\n|\n|t:|1655143625\n|switch|p2a: Maji-Kayo|Swampert, M|100\/100\n|move|p1a: Snowdrop|Natural Gift|p2a: Maji-Kayo\n|-resisted|p2a: Maji-Kayo\n|-damage|p2a: Maji-Kayo|89\/100\n|\n|upkeep\n|turn|3\n|\n|t:|1655143673\n|switch|p1a: Cydamen|Latias, F|100\/100\n|move|p2a: Maji-Kayo|Stealth Rock|p1a: Cydamen\n|-sidestart|p1: Rediyu|move: Stealth Rock\n|\n|upkeep\n|turn|4\n|\n|t:|1655143779\n|detailschange|p1a: Cydamen|Latias-Mega, F\n|-mega|p1a: Cydamen|Latias|Latiasite\n|move|p1a: Cydamen|Draco Meteor|p2a: Maji-Kayo|[miss]\n|-miss|p1a: Cydamen|p2a: Maji-Kayo\n|move|p2a: Maji-Kayo|Flip Turn|p1a: Cydamen\n|-resisted|p1a: Cydamen\n|-damage|p1a: Cydamen|89\/100\n|c|\u2606hey scizor|sry\n|\n|t:|1655143804\n|switch|p2a: Hit|Glastrier|100\/100|[from]move: Flip Turn\n|\n|upkeep\n|turn|5\n|\n|t:|1655143835\n|switch|p1a: Fire Blossom|Rotom-Heat|100\/100\n|move|p2a: Hit|Icicle Spear|p1a: Fire Blossom\n|-resisted|p1a: Fire Blossom\n|-crit|p1a: Fire Blossom\n|-damage|p1a: Fire Blossom|88\/100\n|-resisted|p1a: Fire Blossom\n|-damage|p1a: Fire Blossom|80\/100\n|-resisted|p1a: Fire Blossom\n|-damage|p1a: Fire Blossom|72\/100\n|-hitcount|p1a: Fire Blossom|3\n|\n|-fieldend|move: Electric Terrain\n|upkeep\n|turn|6\n|\n|t:|1655143845\n|switch|p2a: Maji-Kayo|Swampert, M|89\/100\n|move|p1a: Fire Blossom|Defog|p2a: Maji-Kayo\n|-unboost|p2a: Maji-Kayo|evasion|1\n|-sideend|p1: Rediyu|Stealth Rock|[from] move: Defog|[of] p1a: Fire Blossom\n|\n|upkeep\n|turn|7\n|\n|t:|1655143902\n|switch|p1a: Kanzashi|Trevenant, M|100\/100\n|move|p2a: Maji-Kayo|Flip Turn|p1a: Kanzashi\n|-resisted|p1a: Kanzashi\n|-damage|p1a: Kanzashi|87\/100\n|\n|t:|1655143970\n|switch|p2a: Beerus|Gengar, M|100\/100|[from]move: Flip Turn\n|\n|upkeep\n|turn|8\n|\n|t:|1655143974\n|move|p2a: Beerus|Shadow Ball|p1a: Kanzashi\n|-supereffective|p1a: Kanzashi\n|-enditem|p1a: Kanzashi|Kasib Berry|[eat]\n|-enditem|p1a: Kanzashi|Kasib Berry|[weaken]\n|-damage|p1a: Kanzashi|24\/100\n|move|p1a: Kanzashi|Shadow Claw|p2a: Beerus\n|-supereffective|p2a: Beerus\n|-damage|p2a: Beerus|0 fnt\n|faint|p2a: Beerus\n|\n|upkeep\n|\n|t:|1655143987\n|switch|p2a: Vegeta|Scizor, M|100\/100\n|turn|9\n|\n|t:|1655144005\n|detailschange|p2a: Vegeta|Scizor-Mega, M\n|-mega|p2a: Vegeta|Scizor|Scizorite\n|move|p2a: Vegeta|Knock Off|p1a: Kanzashi\n|-supereffective|p1a: Kanzashi\n|-damage|p1a: Kanzashi|0 fnt\n|faint|p1a: Kanzashi\n|\n|upkeep\n|\n|t:|1655144017\n|switch|p1a: Fire Blossom|Rotom-Heat|72\/100\n|turn|10\n|\n|t:|1655144050\n|switch|p1a: Cydamen|Latias-Mega, F|89\/100\n|switch|p2a: Maji-Kayo|Swampert, M|89\/100\n|\n|upkeep\n|turn|11\n|\n|t:|1655144058\n|switch|p2a: Kale|Reuniclus, F|100\/100\n|move|p1a: Cydamen|Psychic|p2a: Kale\n|-resisted|p2a: Kale\n|-damage|p2a: Kale|79\/100\n|\n|upkeep\n|turn|12\n|\n|t:|1655144097\n|move|p1a: Cydamen|Draco Meteor|p2a: Kale|[miss]\n|-miss|p1a: Cydamen|p2a: Kale\n|move|p2a: Kale|Toxic|p1a: Cydamen\n|-status|p1a: Cydamen|tox\n|\n|-damage|p1a: Cydamen|83\/100 tox|[from] psn\n|upkeep\n|turn|13\n|c|\u2606Rediyu|xD\n|c|\u2606hey scizor|unlucky\n|\n|t:|1655144130\n|move|p1a: Cydamen|Draco Meteor|p2a: Kale\n|-damage|p2a: Kale|12\/100\n|-unboost|p1a: Cydamen|spa|2\n|move|p2a: Kale|Recover|p2a: Kale\n|-heal|p2a: Kale|62\/100\n|\n|-damage|p1a: Cydamen|71\/100 tox|[from] psn\n|upkeep\n|turn|14\n|\n|t:|1655144144\n|switch|p1a: Snowdrop|Weavile, F|100\/100\n|move|p2a: Kale|Recover|p2a: Kale\n|-heal|p2a: Kale|100\/100\n|\n|upkeep\n|turn|15\n|\n|t:|1655144147\n|move|p1a: Snowdrop|Knock Off|p2a: Kale\n|-supereffective|p2a: Kale\n|-enditem|p2a: Kale|Colbur Berry|[eat]\n|-enditem|p2a: Kale|Colbur Berry|[weaken]\n|-damage|p2a: Kale|64\/100\n|move|p2a: Kale|Focus Blast|p1a: Snowdrop\n|-supereffective|p1a: Snowdrop\n|-damage|p1a: Snowdrop|0 fnt\n|faint|p1a: Snowdrop\n|\n|upkeep\n|c|\u2606Rediyu|gg\n|\n|t:|1655144163\n|switch|p1a: Penny|Diancie|100\/100\n|turn|16\n|\n|t:|1655144178\n|move|p1a: Penny|Stealth Rock|p2a: Kale\n|-sidestart|p2: hey scizor|move: Stealth Rock\n|move|p2a: Kale|Recover|p2a: Kale\n|-heal|p2a: Kale|100\/100\n|\n|upkeep\n|turn|17\n|\n|t:|1655144181\n|move|p1a: Penny|Moonblast|p2a: Kale\n|-damage|p2a: Kale|56\/100\n|-unboost|p2a: Kale|spa|1\n|move|p2a: Kale|Toxic|p1a: Penny\n|-status|p1a: Penny|tox\n|\n|-damage|p1a: Penny|95\/100 tox|[from] psn\n|upkeep\n|turn|18\n|\n|t:|1655144186\n|move|p1a: Penny|Moonblast|p2a: Kale\n|-damage|p2a: Kale|14\/100\n|move|p2a: Kale|Recover|p2a: Kale\n|-heal|p2a: Kale|64\/100\n|\n|-damage|p1a: Penny|83\/100 tox|[from] psn\n|upkeep\n|turn|19\n|\n|t:|1655144191\n|move|p1a: Penny|Moonblast|p2a: Kale\n|-damage|p2a: Kale|19\/100\n|-unboost|p2a: Kale|spa|1\n|move|p2a: Kale|Recover|p2a: Kale\n|-heal|p2a: Kale|69\/100\n|\n|-damage|p1a: Penny|65\/100 tox|[from] psn\n|upkeep\n|turn|20\n|\n|t:|1655144196\n|move|p1a: Penny|Moonblast|p2a: Kale\n|-damage|p2a: Kale|25\/100\n|move|p2a: Kale|Recover|p2a: Kale\n|-heal|p2a: Kale|75\/100\n|\n|-damage|p1a: Penny|41\/100 tox|[from] psn\n|upkeep\n|turn|21\n|\n|t:|1655144198\n|switch|p1a: Fire Blossom|Rotom-Heat|72\/100\n|move|p2a: Kale|Recover|p2a: Kale\n|-heal|p2a: Kale|100\/100\n|\n|upkeep\n|turn|22\n|\n|t:|1655144202\n|switch|p2a: Maji-Kayo|Swampert, M|89\/100\n|-damage|p2a: Maji-Kayo|83\/100|[from] Stealth Rock\n|move|p1a: Fire Blossom|Volt Switch|p2a: Maji-Kayo\n|-immune|p2a: Maji-Kayo\n|\n|upkeep\n|turn|23\n|\n|t:|1655144204\n|move|p1a: Fire Blossom|Toxic|p2a: Maji-Kayo\n|-status|p2a: Maji-Kayo|tox\n|move|p2a: Maji-Kayo|Flip Turn|p1a: Fire Blossom\n|-supereffective|p1a: Fire Blossom\n|-damage|p1a: Fire Blossom|22\/100\n|\n|t:|1655144215\n|switch|p2a: Kale|Reuniclus, F|100\/100|[from]move: Flip Turn\n|-damage|p2a: Kale|88\/100|[from] Stealth Rock\n|\n|upkeep\n|turn|24\n|\n|t:|1655144221\n|switch|p2a: Maji-Kayo|Swampert, M|83\/100 tox\n|-damage|p2a: Maji-Kayo|77\/100 tox|[from] Stealth Rock\n|move|p1a: Fire Blossom|Overheat|p2a: Maji-Kayo\n|-resisted|p2a: Maji-Kayo\n|-damage|p2a: Maji-Kayo|54\/100 tox\n|-unboost|p1a: Fire Blossom|spa|2\n|\n|-damage|p2a: Maji-Kayo|48\/100 tox|[from] psn\n|upkeep\n|turn|25\n|\n|t:|1655144223\n|switch|p1a: Cydamen|Latias-Mega, F|71\/100 tox\n|move|p2a: Maji-Kayo|Flip Turn|p1a: Cydamen\n|-resisted|p1a: Cydamen\n|-damage|p1a: Cydamen|61\/100 tox\n|\n|t:|1655144230\n|switch|p2a: Hit|Glastrier|100\/100|[from]move: Flip Turn\n|\n|-damage|p1a: Cydamen|55\/100 tox|[from] psn\n|upkeep\n|turn|26\n|\n|t:|1655144234\n|move|p1a: Cydamen|Draco Meteor|p2a: Hit\n|-damage|p2a: Hit|47\/100\n|-unboost|p1a: Cydamen|spa|2\n|move|p2a: Hit|Icicle Spear|p1a: Cydamen\n|-supereffective|p1a: Cydamen\n|-damage|p1a: Cydamen|24\/100 tox\n|-supereffective|p1a: Cydamen\n|-damage|p1a: Cydamen|0 fnt\n|faint|p1a: Cydamen\n|-ability|p2a: Hit|Chilling Neigh|boost\n|-boost|p2a: Hit|atk|1\n|-hitcount|p1: Cydamen|2\n|\n|upkeep\n|\n|t:|1655144237\n|switch|p1a: Fire Blossom|Rotom-Heat|22\/100\n|turn|27\n|\n|t:|1655144252\n|move|p1a: Fire Blossom|Overheat|p2a: Hit\n|-supereffective|p2a: Hit\n|-damage|p2a: Hit|0 fnt\n|-unboost|p1a: Fire Blossom|spa|2\n|faint|p2a: Hit\n|\n|upkeep\n|\n|t:|1655144259\n|switch|p2a: Maji-Kayo|Swampert, M|48\/100 tox\n|-damage|p2a: Maji-Kayo|42\/100 tox|[from] Stealth Rock\n|turn|28\n|\n|t:|1655144262\n|switch|p1a: Penny|Diancie|41\/100 tox\n|move|p2a: Maji-Kayo|Rest|p2a: Maji-Kayo\n|-status|p2a: Maji-Kayo|slp|[from] move: Rest\n|-heal|p2a: Maji-Kayo|100\/100 slp|[silent]\n|-enditem|p2a: Maji-Kayo|Chesto Berry|[eat]\n|-curestatus|p2a: Maji-Kayo|slp|[msg]\n|\n|-damage|p1a: Penny|35\/100 tox|[from] psn\n|upkeep\n|turn|29\n|\n|t:|1655144265\n|move|p2a: Maji-Kayo|Flip Turn|p1a: Penny\n|-supereffective|p1a: Penny\n|-damage|p1a: Penny|0 fnt\n|faint|p1a: Penny\n|\n|t:|1655144269\n|switch|p2a: Kale|Reuniclus, F|100\/100|[from]move: Flip Turn\n|-damage|p2a: Kale|88\/100|[from] Stealth Rock\n|\n|upkeep\n|\n|t:|1655144271\n|switch|p1a: Fire Blossom|Rotom-Heat|22\/100\n|turn|30\n|\n|t:|1655144272\n|move|p1a: Fire Blossom|Defog|p2a: Kale\n|-unboost|p2a: Kale|evasion|1\n|-sideend|p2: hey scizor|Stealth Rock|[from] move: Defog|[of] p1a: Fire Blossom\n|move|p2a: Kale|Psychic|p1a: Fire Blossom\n|-damage|p1a: Fire Blossom|0 fnt\n|faint|p1a: Fire Blossom\n|\n|win|hey scizor\n|c|\u2606hey scizor|gg\n|c|\u2606Rediyu|gg\n|c|\u2606Rediyu|was warn dein koko set?\n|c|\u2606hey scizor|max hp\n|c|\u2606hey scizor|t punch turn toxic roost\n|c|\u2606hey scizor|was war dein crobat? xD\n|c|\u2606Rediyu|max spez atk lorb timid\n|c|\u2606Rediyu|war ne role in meinem favor aber ist halt so\n|c|\u2606hey scizor|joa h\u00e4tte ich den speed tie gewonnen w\u00e4re auch x bat tod xD\n|c|\u2606hey scizor|w\u00e4re der gestorben h\u00e4tte ich mit glastrier noch ewig rum rest talken m\u00fcssen denk ich\n|c|\u2606Rediyu|true, aber ich hatte davor schonmal das speedtie gegen koko verloren, das ich das jetzt gewinne musste einfach sein :^)\n|c|\u2606Rediyu|das mu war halt echt bad f\u00fcr mich imo, musste das denke eingehen\n|c|\u2606hey scizor|ich h\u00e4tte glaub auch das tie mit gengar gegen latias im notfall genommen lol\n|c|\u2606Rediyu|jo, h\u00e4tte ich denke auch genommen xD\n|c|\u2606hey scizor|joa mein mu war auf jeden solide deswegen hatte ich auch bissl angst vor cheese sets wie quappo oder registeel rest talk\n|c|\u2606Rediyu|quappo hab ich auch \u00fcberlegt aber crobat war dann die einfachere wincon\n|l|\u2606Rediyu\n","uploadtime":1655144596,"views":28,"p1id":"rediyu","p2id":"heyscizor","formatid":"gen8nationaldexag","rating":0,"private":0,"password":null}