{"id":"gen8bdspou-1483459750","p1":"Alu9204","p2":"NikolaJoltik","format":"gen8bdspou","log":"|j|\u2606Alu9204\n|j|\u2606NikolaJoltik\n|t:|1641048103\n|gametype|singles\n|player|p1|Alu9204|burglar|1309\n|player|p2|NikolaJoltik|hoopster|1326\n|teamsize|p1|6\n|teamsize|p2|6\n|gen|8\n|tier|[Gen 8 BDSP] OU\n|rated|\n|rule|Sleep Clause Mod: Limit one foe put to sleep\n|rule|Species Clause: Limit one of each Pok\u00e9mon\n|rule|OHKO Clause: OHKO moves are banned\n|rule|Evasion Moves Clause: Evasion moves are banned\n|rule|Endless Battle Clause: Forcing endless battles is banned\n|rule|HP Percentage Mod: HP is shown in percentages\n|clearpoke\n|poke|p1|Breloom, F|\n|poke|p1|Latios, M|\n|poke|p1|Rotom-Wash|\n|poke|p1|Scizor, M|\n|poke|p1|Feraligatr, F|\n|poke|p1|Gengar, M|\n|poke|p2|Weezing, F|\n|poke|p2|Infernape, F|\n|poke|p2|Starmie|\n|poke|p2|Rotom-Mow|\n|poke|p2|Jirachi|\n|poke|p2|Scizor, M|\n|teampreview\n|inactive|Battle timer is ON: inactive players will automatically lose when time's up. (requested by NikolaJoltik)\n|\n|t:|1641048116\n|start\n|switch|p1a: Latios|Latios, M|100\/100\n|switch|p2a: Rotom|Rotom-Mow|100\/100\n|turn|1\n|\n|t:|1641048127\n|move|p1a: Latios|Light Screen|p1a: Latios\n|-sidestart|p1: Alu9204|move: Light Screen\n|move|p2a: Rotom|Volt Switch|p1a: Latios\n|-resisted|p1a: Latios\n|-damage|p1a: Latios|95\/100\n|\n|t:|1641048136\n|switch|p2a: Jirachi|Jirachi|100\/100|[from]move: Volt Switch\n|\n|upkeep\n|turn|2\n|\n|t:|1641048142\n|move|p1a: Latios|Reflect|p1a: Latios\n|-sidestart|p1: Alu9204|Reflect\n|move|p2a: Jirachi|Stealth Rock|p1a: Latios\n|-sidestart|p1: Alu9204|move: Stealth Rock\n|\n|upkeep\n|turn|3\n|\n|t:|1641048147\n|move|p1a: Latios|Defog|p2a: Jirachi\n|-unboost|p2a: Jirachi|evasion|1\n|-sideend|p1: Alu9204|Stealth Rock|[from] move: Defog|[of] p1a: Latios\n|move|p2a: Jirachi|Doom Desire|p1a: Latios\n|-start|p2a: Jirachi|Doom Desire\n|\n|upkeep\n|turn|4\n|\n|t:|1641048158\n|switch|p1a: Rotom|Rotom-Wash|100\/100\n|move|p2a: Jirachi|Stealth Rock|p1a: Rotom\n|-sidestart|p1: Alu9204|move: Stealth Rock\n|\n|upkeep\n|turn|5\n|\n|t:|1641048168\n|move|p1a: Rotom|Thunderbolt|p2a: Jirachi\n|-damage|p2a: Jirachi|74\/100\n|move|p2a: Jirachi|U-turn|p1a: Rotom\n|-damage|p1a: Rotom|93\/100\n|\n|t:|1641048173\n|switch|p2a: Rotom|Rotom-Mow|100\/100|[from]move: U-turn\n|\n|-end|p1a: Rotom|move: Doom Desire\n|-resisted|p1a: Rotom\n|-damage|p1a: Rotom|83\/100\n|-heal|p1a: Rotom|90\/100|[from] item: Leftovers\n|upkeep\n|turn|6\n|\n|t:|1641048182\n|move|p1a: Rotom|Volt Switch|p2a: Rotom\n|-resisted|p2a: Rotom\n|-damage|p2a: Rotom|96\/100\n|j| yuwenhu\n|\n|t:|1641048188\n|switch|p1a: Latios|Latios, M|95\/100|[from]move: Volt Switch\n|-damage|p1a: Latios|83\/100|[from] Stealth Rock\n|move|p2a: Rotom|Leaf Storm|p1a: Latios\n|-resisted|p1a: Latios\n|-damage|p1a: Latios|72\/100\n|-unboost|p2a: Rotom|spa|2\n|\n|-heal|p2a: Rotom|100\/100|[from] item: Leftovers\n|upkeep\n|turn|7\n|\n|t:|1641048208\n|move|p1a: Latios|Defog|p2a: Rotom\n|-unboost|p2a: Rotom|evasion|1\n|-sideend|p1: Alu9204|Stealth Rock|[from] move: Defog|[of] p1a: Latios\n|move|p2a: Rotom|Volt Switch|p1a: Latios\n|-resisted|p1a: Latios\n|-crit|p1a: Latios\n|-damage|p1a: Latios|57\/100\n|\n|t:|1641048216\n|switch|p2a: Scizor|Scizor, M|100\/100|[from]move: Volt Switch\n|\n|upkeep\n|turn|8\n|\n|t:|1641048226\n|switch|p1a: Rotom|Rotom-Wash|90\/100\n|move|p2a: Scizor|U-turn|p1a: Rotom\n|-damage|p1a: Rotom|68\/100\n|\n|t:|1641048233\n|switch|p2a: Jirachi|Jirachi|74\/100|[from]move: U-turn\n|\n|-heal|p1a: Rotom|74\/100|[from] item: Leftovers\n|-heal|p2a: Jirachi|80\/100|[from] item: Leftovers\n|-sideend|p1: Alu9204|move: Light Screen\n|upkeep\n|turn|9\n|\n|t:|1641048242\n|move|p1a: Rotom|Volt Switch|p2a: Jirachi\n|-damage|p2a: Jirachi|59\/100\n|\n|t:|1641048246\n|switch|p1a: Breloom|Breloom, F|100\/100|[from]move: Volt Switch\n|move|p2a: Jirachi|Stealth Rock|p1a: Breloom\n|-sidestart|p1: Alu9204|move: Stealth Rock\n|\n|-heal|p2a: Jirachi|65\/100|[from] item: Leftovers\n|-sideend|p1: Alu9204|Reflect\n|upkeep\n|turn|10\n|\n|t:|1641048257\n|switch|p2a: Rotom|Rotom-Mow|100\/100\n|move|p1a: Breloom|Spore|p2a: Rotom\n|-immune|p2a: Rotom\n|\n|upkeep\n|turn|11\n|\n|t:|1641048272\n|switch|p1a: Latios|Latios, M|57\/100\n|-damage|p1a: Latios|45\/100|[from] Stealth Rock\n|move|p2a: Rotom|Will-O-Wisp|p1a: Latios\n|-status|p1a: Latios|brn\n|\n|-damage|p1a: Latios|39\/100 brn|[from] brn\n|upkeep\n|turn|12\n|\n|t:|1641048281\n|move|p1a: Latios|Defog|p2a: Rotom\n|-unboost|p2a: Rotom|evasion|1\n|-sideend|p1: Alu9204|Stealth Rock|[from] move: Defog|[of] p1a: Latios\n|move|p2a: Rotom|Volt Switch|p1a: Latios\n|-resisted|p1a: Latios\n|-damage|p1a: Latios|29\/100 brn\n|\n|t:|1641048287\n|switch|p2a: Infernape|Infernape, F|100\/100|[from]move: Volt Switch\n|\n|-damage|p1a: Latios|23\/100 brn|[from] brn\n|upkeep\n|turn|13\n|\n|t:|1641048294\n|move|p2a: Infernape|U-turn|p1a: Latios\n|-supereffective|p1a: Latios\n|-damage|p1a: Latios|0 fnt\n|faint|p1a: Latios\n|\n|t:|1641048300\n|switch|p2a: Rotom|Rotom-Mow|100\/100|[from]move: U-turn\n|\n|upkeep\n|\n|t:|1641048318\n|switch|p1a: Gengar|Gengar, M|100\/100\n|turn|14\n|\n|t:|1641048333\n|move|p1a: Gengar|Substitute|p1a: Gengar\n|-start|p1a: Gengar|Substitute\n|-damage|p1a: Gengar|76\/100\n|move|p2a: Rotom|Volt Switch|p1a: Gengar\n|-end|p1a: Gengar|Substitute\n|\n|t:|1641048343\n|switch|p2a: Starmie|Starmie|100\/100|[from]move: Volt Switch\n|\n|upkeep\n|turn|15\n|\n|t:|1641048349\n|switch|p1a: Rotom|Rotom-Wash|74\/100\n|move|p2a: Starmie|Hydro Pump|p1a: Rotom|[miss]\n|-miss|p2a: Starmie|p1a: Rotom\n|\n|-heal|p1a: Rotom|80\/100|[from] item: Leftovers\n|upkeep\n|turn|16\n|\n|t:|1641048358\n|switch|p2a: Rotom|Rotom-Mow|100\/100\n|move|p1a: Rotom|Volt Switch|p2a: Rotom\n|-resisted|p2a: Rotom\n|-damage|p2a: Rotom|96\/100\n|\n|t:|1641048364\n|switch|p1a: Gengar|Gengar, M|76\/100|[from]move: Volt Switch\n|\n|-heal|p2a: Rotom|100\/100|[from] item: Leftovers\n|upkeep\n|turn|17\n|\n|t:|1641048370\n|move|p1a: Gengar|Sludge Bomb|p2a: Rotom\n|-supereffective|p2a: Rotom\n|-damage|p2a: Rotom|29\/100\n|-status|p2a: Rotom|psn\n|move|p2a: Rotom|Volt Switch|p1a: Gengar\n|-damage|p1a: Gengar|33\/100\n|\n|t:|1641048381\n|switch|p2a: Starmie|Starmie|100\/100|[from]move: Volt Switch\n|\n|upkeep\n|turn|18\n|\n|t:|1641048389\n|switch|p1a: Rotom|Rotom-Wash|80\/100\n|move|p2a: Starmie|Thunderbolt|p1a: Rotom\n|-damage|p1a: Rotom|42\/100\n|-damage|p2a: Starmie|91\/100|[from] item: Life Orb\n|\n|-heal|p1a: Rotom|48\/100|[from] item: Leftovers\n|upkeep\n|turn|19\n|\n|t:|1641048405\n|switch|p2a: Rotom|Rotom-Mow|29\/100 psn\n|move|p1a: Rotom|Volt Switch|p2a: Rotom\n|-resisted|p2a: Rotom\n|-damage|p2a: Rotom|24\/100 psn\n|\n|t:|1641048414\n|switch|p1a: Gengar|Gengar, M|33\/100|[from]move: Volt Switch\n|\n|-heal|p2a: Rotom|30\/100 psn|[from] item: Leftovers\n|-damage|p2a: Rotom|18\/100 psn|[from] psn\n|upkeep\n|turn|20\n|\n|t:|1641048421\n|move|p1a: Gengar|Shadow Ball|p2a: Rotom\n|-damage|p2a: Rotom|0 fnt\n|faint|p2a: Rotom\n|\n|upkeep\n|\n|t:|1641048429\n|switch|p2a: Starmie|Starmie|91\/100\n|turn|21\n|\n|t:|1641048436\n|move|p2a: Starmie|Thunderbolt|p1a: Gengar\n|-damage|p1a: Gengar|0 fnt\n|faint|p1a: Gengar\n|-damage|p2a: Starmie|81\/100|[from] item: Life Orb\n|\n|upkeep\n|\n|t:|1641048443\n|switch|p1a: Rotom|Rotom-Wash|48\/100\n|turn|22\n|\n|t:|1641048468\n|move|p2a: Starmie|Thunderbolt|p1a: Rotom\n|-damage|p1a: Rotom|12\/100\n|-damage|p2a: Starmie|71\/100|[from] item: Life Orb\n|move|p1a: Rotom|Thunderbolt|p2a: Starmie\n|-supereffective|p2a: Starmie\n|-damage|p2a: Starmie|0 fnt\n|faint|p2a: Starmie\n|\n|-heal|p1a: Rotom|18\/100|[from] item: Leftovers\n|upkeep\n|\n|t:|1641048482\n|switch|p2a: Infernape|Infernape, F|100\/100\n|turn|23\n|\n|t:|1641048487\n|move|p2a: Infernape|U-turn|p1a: Rotom\n|-damage|p1a: Rotom|0 fnt\n|faint|p1a: Rotom\n|\n|t:|1641048494\n|switch|p2a: Scizor|Scizor, M|100\/100|[from]move: U-turn\n|\n|upkeep\n|\n|t:|1641048500\n|switch|p1a: Breloom|Breloom, F|100\/100\n|turn|24\n|\n|t:|1641048507\n|move|p2a: Scizor|Bullet Punch|p1a: Breloom\n|-damage|p1a: Breloom|50\/100\n|move|p1a: Breloom|Spore|p2a: Scizor\n|-status|p2a: Scizor|slp|[from] move: Spore\n|\n|upkeep\n|turn|25\n|\n|t:|1641048514\n|switch|p2a: Weezing|Weezing, F|100\/100\n|-ability|p2a: Weezing|Neutralizing Gas\n|move|p1a: Breloom|Swords Dance|p1a: Breloom\n|-boost|p1a: Breloom|atk|2\n|\n|upkeep\n|turn|26\n|\n|t:|1641048525\n|move|p1a: Breloom|Bullet Seed|p2a: Weezing\n|-resisted|p2a: Weezing\n|-damage|p2a: Weezing|92\/100\n|-resisted|p2a: Weezing\n|-damage|p2a: Weezing|83\/100\n|-resisted|p2a: Weezing\n|-damage|p2a: Weezing|74\/100\n|-hitcount|p2a: Weezing|3\n|move|p2a: Weezing|Clear Smog|p1a: Breloom\n|-supereffective|p1a: Breloom\n|-damage|p1a: Breloom|0 fnt\n|-clearboost|p1a: Breloom\n|faint|p1a: Breloom\n|\n|-heal|p2a: Weezing|80\/100|[from] item: Leftovers\n|upkeep\n|\n|t:|1641048539\n|switch|p1a: Scizor|Scizor, M|100\/100\n|turn|27\n|\n|t:|1641048543\n|move|p1a: Scizor|Swords Dance|p1a: Scizor\n|-boost|p1a: Scizor|atk|2\n|move|p2a: Weezing|Flamethrower|p1a: Scizor\n|-supereffective|p1a: Scizor\n|-damage|p1a: Scizor|0 fnt\n|faint|p1a: Scizor\n|\n|-heal|p2a: Weezing|86\/100|[from] item: Leftovers\n|upkeep\n|\n|t:|1641048549\n|switch|p1a: Feraligatr|Feraligatr, F|100\/100\n|turn|28\n|\n|t:|1641048553\n|move|p1a: Feraligatr|Dragon Dance|p1a: Feraligatr\n|-boost|p1a: Feraligatr|atk|1\n|-boost|p1a: Feraligatr|spe|1\n|move|p2a: Weezing|Clear Smog|p1a: Feraligatr\n|-damage|p1a: Feraligatr|79\/100\n|-clearboost|p1a: Feraligatr\n|\n|-heal|p2a: Weezing|92\/100|[from] item: Leftovers\n|upkeep\n|turn|29\n|\n|t:|1641048562\n|move|p1a: Feraligatr|Waterfall|p2a: Weezing\n|-damage|p2a: Weezing|61\/100\n|-damage|p1a: Feraligatr|69\/100|[from] item: Life Orb\n|move|p2a: Weezing|Clear Smog|p1a: Feraligatr\n|-damage|p1a: Feraligatr|49\/100\n|-clearboost|p1a: Feraligatr\n|\n|-heal|p2a: Weezing|67\/100|[from] item: Leftovers\n|upkeep\n|turn|30\n|\n|t:|1641048573\n|move|p1a: Feraligatr|Waterfall|p2a: Weezing\n|-damage|p2a: Weezing|38\/100\n|-damage|p1a: Feraligatr|39\/100|[from] item: Life Orb\n|move|p2a: Weezing|Clear Smog|p1a: Feraligatr\n|-damage|p1a: Feraligatr|20\/100\n|-clearboost|p1a: Feraligatr\n|\n|-heal|p2a: Weezing|44\/100|[from] item: Leftovers\n|upkeep\n|turn|31\n|\n|t:|1641048584\n|move|p1a: Feraligatr|Waterfall|p2a: Weezing\n|-damage|p2a: Weezing|14\/100\n|-damage|p1a: Feraligatr|10\/100|[from] item: Life Orb\n|move|p2a: Weezing|Clear Smog|p1a: Feraligatr\n|-damage|p1a: Feraligatr|0 fnt\n|-clearboost|p1a: Feraligatr\n|faint|p1a: Feraligatr\n|\n|win|NikolaJoltik\n|raw|Alu9204's rating: 1309 &rarr; <strong>1290<\/strong><br \/>(-19 for losing)\n|raw|NikolaJoltik's rating: 1326 &rarr; <strong>1345<\/strong><br \/>(+19 for winning)\n|c|\u2606Alu9204|Gg\n","uploadtime":1641048594,"views":11,"p1id":"alu9204","p2id":"nikolajoltik","formatid":"gen8bdspou","rating":1290,"private":0,"password":null}