{"id":"gen8ou-1675650865","p1":"Guest 5890168","p2":"LT94JE Allistair","format":"gen8ou","log":"|j|\u203dGuest 5890168\n|j|\u2606LT94JE Allistair\n|t:|1664707462\n|gametype|singles\n|player|p1|Guest 5890168|170|1587\n|player|p2|LT94JE Allistair|2|1650\n|teamsize|p1|6\n|teamsize|p2|6\n|gen|8\n|tier|[Gen 8] OU\n|rated|\n|rule|Sleep Clause Mod: Limit one foe put to sleep\n|rule|Species Clause: Limit one of each Pok\u00e9mon\n|rule|OHKO Clause: OHKO moves are banned\n|rule|Evasion Items Clause: Evasion items are banned\n|rule|Evasion Moves Clause: Evasion moves are banned\n|rule|Endless Battle Clause: Forcing endless battles is banned\n|rule|HP Percentage Mod: HP is shown in percentages\n|rule|Dynamax Clause: You cannot dynamax\n|clearpoke\n|poke|p1|Rotom-Wash|\n|poke|p1|Weavile, M|\n|poke|p1|Landorus-Therian, M|\n|poke|p1|Heatran, M|\n|poke|p1|Tangrowth, F|\n|poke|p1|Melmetal|\n|poke|p2|Mew|\n|poke|p2|Slurpuff, F|\n|poke|p2|Vanilluxe, F|\n|poke|p2|Tapu Fini|\n|poke|p2|Weavile, M|\n|poke|p2|Urshifu-*, M|\n|teampreview\n|inactive|Battle timer is ON: inactive players will automatically lose when time's up. (requested by Guest 5890168)\n|inactive|LT94JE Allistair has 120 seconds left.\n|\n|t:|1664707500\n|start\n|switch|p1a: Landorus|Landorus-Therian, M|100\/100\n|switch|p2a: Slurpuff|Slurpuff, F|100\/100\n|-ability|p1a: Landorus|Intimidate|boost\n|-unboost|p2a: Slurpuff|atk|1\n|turn|1\n|\n|t:|1664707502\n|move|p2a: Slurpuff|Sticky Web|p1a: Landorus\n|-sidestart|p1: Guest 5890168|move: Sticky Web\n|move|p1a: Landorus|Earthquake|p2a: Slurpuff\n|-damage|p2a: Slurpuff|54\/100\n|\n|upkeep\n|turn|2\n|\n|t:|1664707507\n|move|p2a: Slurpuff|Yawn|p1a: Landorus\n|-start|p1a: Landorus|move: Yawn|[of] p2a: Slurpuff\n|move|p1a: Landorus|Defog|p2a: Slurpuff\n|-unboost|p2a: Slurpuff|evasion|1\n|-sideend|p1: Guest 5890168|Sticky Web|[from] move: Defog|[of] p1a: Landorus\n|\n|upkeep\n|turn|3\n|\n|t:|1664707509\n|move|p2a: Slurpuff|Sticky Web|p1a: Landorus\n|-sidestart|p1: Guest 5890168|move: Sticky Web\n|move|p1a: Landorus|Earthquake|p2a: Slurpuff\n|-damage|p2a: Slurpuff|6\/100\n|\n|-end|p1a: Landorus|move: Yawn|[silent]\n|-status|p1a: Landorus|slp\n|upkeep\n|turn|4\n|\n|t:|1664707513\n|move|p2a: Slurpuff|Misty Explosion|p1a: Landorus\n|-damage|p1a: Landorus|80\/100 slp\n|faint|p2a: Slurpuff\n|cant|p1a: Landorus|slp\n|\n|-heal|p1a: Landorus|86\/100 slp|[from] item: Leftovers\n|upkeep\n|\n|t:|1664707515\n|switch|p2a: Weavile|Weavile, M|100\/100\n|-ability|p2a: Weavile|Pressure\n|turn|5\n|\n|t:|1664707519\n|switch|p1a: Melmetal|Melmetal|100\/100\n|-activate|p1a: Melmetal|move: Sticky Web\n|-unboost|p1a: Melmetal|spe|1\n|move|p2a: Weavile|Ice Shard|p1a: Melmetal\n|-resisted|p1a: Melmetal\n|-damage|p1a: Melmetal|94\/100\n|\n|upkeep\n|turn|6\n|j| Ran Kob\n|\n|t:|1664707528\n|move|p2a: Weavile|Knock Off|p1a: Melmetal\n|-damage|p1a: Melmetal|69\/100\n|-enditem|p1a: Melmetal|Assault Vest|[from] move: Knock Off|[of] p2a: Weavile\n|move|p1a: Melmetal|Thunder Punch|p2a: Weavile\n|-damage|p2a: Weavile|40\/100\n|-status|p2a: Weavile|par\n|\n|upkeep\n|turn|7\n|\n|t:|1664707533\n|move|p2a: Weavile|Low Kick|p1a: Melmetal\n|-supereffective|p1a: Melmetal\n|-damage|p1a: Melmetal|23\/100\n|move|p1a: Melmetal|Thunder Punch|p2a: Weavile\n|-damage|p2a: Weavile|0 fnt\n|faint|p2a: Weavile\n|\n|upkeep\n|\n|t:|1664707539\n|switch|p2a: Vanilluxe|Vanilluxe, F|100\/100\n|-weather|Hail|[from] ability: Snow Warning|[of] p2a: Vanilluxe\n|turn|8\n|\n|t:|1664707542\n|switch|p1a: Heatran|Heatran, M|100\/100\n|-item|p1a: Heatran|Air Balloon\n|move|p2a: Vanilluxe|Aurora Veil|p2a: Vanilluxe\n|-sidestart|p2: LT94JE Allistair|move: Aurora Veil\n|\n|-weather|Hail|[upkeep]\n|-damage|p1a: Heatran|94\/100|[from] Hail\n|upkeep\n|turn|9\n|\n|t:|1664707545\n|switch|p1a: Rotom|Rotom-Wash|100\/100\n|move|p2a: Vanilluxe|Taunt|p1a: Rotom\n|-start|p1a: Rotom|move: Taunt\n|\n|-weather|Hail|[upkeep]\n|-damage|p1a: Rotom|94\/100|[from] Hail\n|-heal|p1a: Rotom|100\/100|[from] item: Leftovers\n|upkeep\n|turn|10\n|\n|t:|1664707547\n|switch|p1a: Weavile|Weavile, M|100\/100\n|-activate|p1a: Weavile|move: Sticky Web\n|-unboost|p1a: Weavile|spe|1\n|-ability|p1a: Weavile|Pressure\n|move|p2a: Vanilluxe|Explosion|p1a: Weavile\n|-damage|p1a: Weavile|0 fnt\n|faint|p2a: Vanilluxe\n|faint|p1a: Weavile\n|\n|-weather|Hail|[upkeep]\n|upkeep\n|\n|t:|1664707552\n|switch|p1a: Rotom|Rotom-Wash|100\/100\n|switch|p2a: Mew|Mew|100\/100\n|turn|11\n|\n|t:|1664707554\n|switch|p1a: Landorus|Landorus-Therian, M|86\/100 slp\n|-ability|p1a: Landorus|Intimidate|boost\n|-unboost|p2a: Mew|atk|1\n|move|p2a: Mew|Taunt|p1a: Landorus\n|-start|p1a: Landorus|move: Taunt\n|\n|-weather|Hail|[upkeep]\n|-damage|p2a: Mew|94\/100|[from] Hail\n|-damage|p1a: Landorus|80\/100 slp|[from] Hail\n|-heal|p1a: Landorus|86\/100 slp|[from] item: Leftovers\n|upkeep\n|turn|12\n|\n|t:|1664707556\n|switch|p1a: Rotom|Rotom-Wash|100\/100\n|move|p2a: Mew|Cosmic Power|p2a: Mew\n|-boost|p2a: Mew|def|1\n|-boost|p2a: Mew|spd|1\n|\n|-weather|none\n|upkeep\n|turn|13\n|\n|t:|1664707558\n|switch|p1a: Landorus|Landorus-Therian, M|86\/100 slp\n|-ability|p1a: Landorus|Intimidate|boost\n|-unboost|p2a: Mew|atk|1\n|move|p2a: Mew|Taunt|p1a: Landorus\n|-start|p1a: Landorus|move: Taunt\n|\n|-heal|p1a: Landorus|92\/100 slp|[from] item: Leftovers\n|upkeep\n|turn|14\n|\n|t:|1664707559\n|move|p2a: Mew|Cosmic Power|p2a: Mew\n|-boost|p2a: Mew|def|1\n|-boost|p2a: Mew|spd|1\n|-curestatus|p1a: Landorus|slp|[msg]\n|move|p1a: Landorus|Earthquake|p2a: Mew\n|-damage|p2a: Mew|83\/100\n|\n|-heal|p1a: Landorus|98\/100|[from] item: Leftovers\n|upkeep\n|turn|15\n|\n|t:|1664707562\n|move|p2a: Mew|Cosmic Power|p2a: Mew\n|-boost|p2a: Mew|def|1\n|-boost|p2a: Mew|spd|1\n|move|p1a: Landorus|U-turn|p2a: Mew\n|-supereffective|p2a: Mew\n|-damage|p2a: Mew|76\/100\n|-enditem|p2a: Mew|Weakness Policy\n|-boost|p2a: Mew|atk|2|[from] item: Weakness Policy\n|-boost|p2a: Mew|spa|2|[from] item: Weakness Policy\n|\n|t:|1664707562\n|switch|p1a: Heatran|Heatran, M|94\/100|[from]move: U-turn\n|-item|p1a: Heatran|Air Balloon\n|\n|-sideend|p2: LT94JE Allistair|move: Aurora Veil\n|upkeep\n|turn|16\n|\n|t:|1664707566\n|move|p2a: Mew|Taunt|p1a: Heatran\n|-start|p1a: Heatran|move: Taunt\n|move|p1a: Heatran|Magma Storm|p2a: Mew\n|-damage|p2a: Mew|58\/100\n|-activate|p2a: Mew|move: Magma Storm|[of] p1a: Heatran\n|\n|-damage|p2a: Mew|46\/100|[from] move: Magma Storm|[partiallytrapped]\n|upkeep\n|turn|17\n|\n|t:|1664707567\n|move|p2a: Mew|Roost|p2a: Mew\n|-heal|p2a: Mew|96\/100\n|-singleturn|p2a: Mew|move: Roost\n|move|p1a: Heatran|Magma Storm|p2a: Mew\n|-damage|p2a: Mew|79\/100\n|\n|-damage|p2a: Mew|67\/100|[from] move: Magma Storm|[partiallytrapped]\n|upkeep\n|turn|18\n|\n|t:|1664707570\n|move|p2a: Mew|Cosmic Power|p2a: Mew\n|-boost|p2a: Mew|def|1\n|-boost|p2a: Mew|spd|1\n|move|p1a: Heatran|Magma Storm|p2a: Mew\n|-damage|p2a: Mew|52\/100\n|\n|-damage|p2a: Mew|40\/100|[from] move: Magma Storm|[partiallytrapped]\n|-end|p1a: Heatran|move: Taunt\n|upkeep\n|turn|19\n|\n|t:|1664707572\n|move|p2a: Mew|Taunt|p1a: Heatran\n|-start|p1a: Heatran|move: Taunt\n|move|p1a: Heatran|Magma Storm|p2a: Mew\n|-damage|p2a: Mew|25\/100\n|\n|-damage|p2a: Mew|13\/100|[from] move: Magma Storm|[partiallytrapped]\n|upkeep\n|turn|20\n|\n|t:|1664707574\n|move|p2a: Mew|Roost|p2a: Mew\n|-heal|p2a: Mew|63\/100\n|-singleturn|p2a: Mew|move: Roost\n|move|p1a: Heatran|Magma Storm|p2a: Mew|[miss]\n|-miss|p1a: Heatran|p2a: Mew\n|\n|-damage|p2a: Mew|50\/100|[from] move: Magma Storm|[partiallytrapped]\n|upkeep\n|turn|21\n|\n|t:|1664707576\n|move|p2a: Mew|Roost|p2a: Mew\n|-heal|p2a: Mew|100\/100\n|-singleturn|p2a: Mew|move: Roost\n|move|p1a: Heatran|Magma Storm|p2a: Mew\n|-damage|p2a: Mew|83\/100\n|\n|-end|p2a: Mew|Magma Storm|[partiallytrapped]\n|-end|p1a: Heatran|move: Taunt\n|upkeep\n|turn|22\n|\n|t:|1664707599\n|move|p2a: Mew|Taunt|p1a: Heatran\n|-start|p1a: Heatran|move: Taunt\n|cant|p1a: Heatran|move: Taunt|Stealth Rock\n|\n|upkeep\n|turn|23\n|\n|t:|1664707602\n|move|p2a: Mew|Cosmic Power|p2a: Mew\n|-boost|p2a: Mew|def|1\n|-boost|p2a: Mew|spd|1\n|move|p1a: Heatran|Magma Storm|p2a: Mew\n|-damage|p2a: Mew|71\/100\n|-activate|p2a: Mew|move: Magma Storm|[of] p1a: Heatran\n|\n|-damage|p2a: Mew|59\/100|[from] move: Magma Storm|[partiallytrapped]\n|upkeep\n|turn|24\n|\n|t:|1664707607\n|switch|p1a: Landorus|Landorus-Therian, M|98\/100\n|-ability|p1a: Landorus|Intimidate|boost\n|-unboost|p2a: Mew|atk|1\n|move|p2a: Mew|Roost|p2a: Mew\n|-heal|p2a: Mew|100\/100\n|-singleturn|p2a: Mew|move: Roost\n|\n|-heal|p1a: Landorus|100\/100|[from] item: Leftovers\n|-end|p2a: Mew|Magma Storm|[partiallytrapped]|[silent]\n|upkeep\n|turn|25\n|\n|t:|1664707610\n|move|p2a: Mew|Stored Power|p1a: Landorus\n|-damage|p1a: Landorus|0 fnt\n|faint|p1a: Landorus\n|\n|upkeep\n|\n|t:|1664707610\n|switch|p1a: Heatran|Heatran, M|94\/100\n|-item|p1a: Heatran|Air Balloon\n|turn|26\n|\n|t:|1664707613\n|switch|p1a: Melmetal|Melmetal|23\/100\n|-activate|p1a: Melmetal|move: Sticky Web\n|-unboost|p1a: Melmetal|spe|1\n|move|p2a: Mew|Taunt|p1a: Melmetal\n|-start|p1a: Melmetal|move: Taunt\n|\n|upkeep\n|turn|27\n|\n|t:|1664707614\n|move|p2a: Mew|Stored Power|p1a: Melmetal\n|-resisted|p1a: Melmetal\n|-damage|p1a: Melmetal|0 fnt\n|faint|p1a: Melmetal\n|\n|upkeep\n|\n|t:|1664707614\n|switch|p1a: Heatran|Heatran, M|94\/100\n|-item|p1a: Heatran|Air Balloon\n|turn|28\n|\n|t:|1664707619\n|move|p2a: Mew|Stored Power|p1a: Heatran\n|-resisted|p1a: Heatran\n|-damage|p1a: Heatran|6\/100\n|-enditem|p1a: Heatran|Air Balloon\n|move|p1a: Heatran|Magma Storm|p2a: Mew\n|-crit|p2a: Mew\n|-damage|p2a: Mew|31\/100\n|-activate|p2a: Mew|move: Magma Storm|[of] p1a: Heatran\n|\n|-damage|p2a: Mew|19\/100|[from] move: Magma Storm|[partiallytrapped]\n|upkeep\n|turn|29\n|\n|t:|1664707627\n|move|p2a: Mew|Stored Power|p1a: Heatran\n|-resisted|p1a: Heatran\n|-damage|p1a: Heatran|0 fnt\n|faint|p1a: Heatran\n|\n|-end|p2a: Mew|Magma Storm|[partiallytrapped]|[silent]\n|upkeep\n|\n|t:|1664707627\n|switch|p1a: Tangrowth|Tangrowth, F|100\/100\n|-activate|p1a: Tangrowth|move: Sticky Web\n|-unboost|p1a: Tangrowth|spe|1\n|turn|30\n|\n|t:|1664707630\n|move|p2a: Mew|Stored Power|p1a: Tangrowth\n|-damage|p1a: Tangrowth|0 fnt\n|faint|p1a: Tangrowth\n|\n|upkeep\n|\n|t:|1664707630\n|switch|p1a: Rotom|Rotom-Wash|100\/100\n|turn|31\n|\n|t:|1664707632\n|move|p2a: Mew|Stored Power|p1a: Rotom\n|-damage|p1a: Rotom|0 fnt\n|faint|p1a: Rotom\n|\n|win|LT94JE Allistair\n|raw|Guest 5890168's rating: 1587 &rarr; <strong>1571<\/strong><br \/>(-16 for losing)\n|raw|LT94JE Allistair's rating: 1650 &rarr; <strong>1666<\/strong><br \/>(+16 for winning)\n","uploadtime":1664707634,"views":13,"p1id":"guest5890168","p2id":"lt94jeallistair","formatid":"gen8ou","rating":1571,"private":0,"password":null}