{"id":"gen8nationaldex-1195392073","p1":"yhdrslb","p2":"Pks DogASawReltih","format":"gen8nationaldex","log":"|j|\u2606yhdrslb\n|j|\u2606Pks DogASawReltih\n|t:|1601434352\n|player|p1|yhdrslb|30|1369\n|player|p2|Pks DogASawReltih|265|1446\n|teamsize|p1|6\n|teamsize|p2|6\n|gametype|singles\n|gen|8\n|tier|[Gen 8] National Dex\n|rated|\n|html|<div class=\"broadcast-blue\"><strong>National Dex is currently suspecting Dracovish! For information on how to participate check out the <a href=\"https:\/\/www.smogon.com\/forums\/threads\/3670967\/\">suspect thread<\/a>.<\/strong><\/div>\n|clearpoke\n|poke|p1|Cinderace, M|\n|poke|p1|Landorus-Therian, M|\n|poke|p1|Rillaboom, M|\n|poke|p1|Beedrill, F|\n|poke|p1|Dracovish|\n|poke|p1|Zeraora|\n|poke|p2|Magearna-Original|\n|poke|p2|Dragapult, M|\n|poke|p2|Dracovish|\n|poke|p2|Kommo-o, M|\n|poke|p2|Ninetales-Alola, F|\n|poke|p2|Mawile, F|\n|rule|HP Percentage Mod: HP is shown in percentages\n|rule|Endless Battle Clause: Forcing endless battles is banned\n|rule|OHKO Clause: OHKO moves are banned\n|rule|Evasion Moves Clause: Evasion moves are banned\n|rule|Species Clause: Limit one of each Pok\u00e9mon\n|rule|Dynamax Clause: You cannot dynamax\n|rule|Sleep Clause Mod: Limit one foe put to sleep\n|teampreview\n|\n|t:|1601434368\n|start\n|switch|p1a: Beedrill|Beedrill, F|100\/100\n|switch|p2a: Brokeded|Dracovish|100\/100\n|turn|1\n|\n|t:|1601434378\n|detailschange|p1a: Beedrill|Beedrill-Mega, F\n|-mega|p1a: Beedrill|Beedrill|Beedrillite\n|move|p1a: Beedrill|U-turn|p2a: Brokeded\n|-damage|p2a: Brokeded|39\/100\n|\n|t:|1601434383\n|switch|p1a: Rillaboom|Rillaboom, M|100\/100|[from]move: U-turn\n|-fieldstart|move: Grassy Terrain|[from] ability: Grassy Surge|[of] p1a: Rillaboom\n|move|p2a: Brokeded|Fishious Rend|p1a: Rillaboom\n|-resisted|p1a: Rillaboom\n|-damage|p1a: Rillaboom|44\/100\n|\n|-heal|p2a: Brokeded|45\/100|[from] Grassy Terrain\n|-heal|p1a: Rillaboom|50\/100|[from] Grassy Terrain\n|upkeep\n|turn|2\n|\n|t:|1601434394\n|switch|p2a: Click Buttons|Mawile, F|100\/100\n|-ability|p2a: Click Buttons|Intimidate|boost\n|-unboost|p1a: Rillaboom|atk|1\n|move|p1a: Rillaboom|High Horsepower|p2a: Click Buttons\n|-supereffective|p2a: Click Buttons\n|-damage|p2a: Click Buttons|21\/100\n|-damage|p1a: Rillaboom|40\/100|[from] item: Life Orb\n|\n|-heal|p1a: Rillaboom|46\/100|[from] Grassy Terrain\n|-heal|p2a: Click Buttons|27\/100|[from] Grassy Terrain\n|upkeep\n|turn|3\n|\n|t:|1601434401\n|detailschange|p2a: Click Buttons|Mawile-Mega, F\n|-mega|p2a: Click Buttons|Mawile|Mawilite\n|move|p1a: Rillaboom|Grassy Glide|p2a: Click Buttons\n|-resisted|p2a: Click Buttons\n|-damage|p2a: Click Buttons|5\/100\n|-damage|p1a: Rillaboom|36\/100|[from] item: Life Orb\n|move|p2a: Click Buttons|Sucker Punch||[still]\n|-fail|p2a: Click Buttons\n|\n|-heal|p1a: Rillaboom|42\/100|[from] Grassy Terrain\n|-heal|p2a: Click Buttons|11\/100|[from] Grassy Terrain\n|upkeep\n|turn|4\n|\n|t:|1601434409\n|move|p1a: Rillaboom|Swords Dance|p1a: Rillaboom\n|-boost|p1a: Rillaboom|atk|2\n|move|p2a: Click Buttons|Iron Head|p1a: Rillaboom\n|-damage|p1a: Rillaboom|0 fnt\n|faint|p1a: Rillaboom\n|\n|-heal|p2a: Click Buttons|17\/100|[from] Grassy Terrain\n|upkeep\n|\n|t:|1601434418\n|switch|p1a: Landorus|Landorus-Therian, M|100\/100\n|-ability|p1a: Landorus|Intimidate|boost\n|-unboost|p2a: Click Buttons|atk|1\n|turn|5\n|\n|t:|1601434445\n|move|p1a: Landorus|U-turn|p2a: Click Buttons\n|-resisted|p2a: Click Buttons\n|-damage|p2a: Click Buttons|8\/100\n|\n|t:|1601434450\n|switch|p1a: Cinderace|Cinderace, M|100\/100|[from]move: U-turn\n|move|p2a: Click Buttons|Iron Head|p1a: Cinderace\n|-resisted|p1a: Cinderace\n|-damage|p1a: Cinderace|61\/100\n|\n|-heal|p1a: Cinderace|67\/100|[from] Grassy Terrain\n|-heal|p2a: Click Buttons|14\/100|[from] Grassy Terrain\n|-fieldend|move: Grassy Terrain\n|upkeep\n|turn|6\n|\n|t:|1601434459\n|switch|p2a: Body Press|Kommo-o, M|100\/100\n|move|p1a: Cinderace|Sucker Punch||[still]\n|-fail|p1a: Cinderace\n|\n|upkeep\n|turn|7\n|-message|yhdrslb forfeited.\n|\n|win|Pks DogASawReltih\n|l|\u2606yhdrslb\n|raw|yhdrslb's rating: 1369 &rarr; <strong>1353<\/strong><br \/>(-16 for losing)\n|raw|Pks DogASawReltih's rating: 1446 &rarr; <strong>1461<\/strong><br \/>(+15 for winning)\n","uploadtime":1601434473,"views":9,"p1id":"yhdrslb","p2id":"pksdogasawreltih","formatid":"gen8nationaldex","rating":1353,"private":0,"password":null}