{"id":"gen8ou-1353135635","p1":"hauntersnightmare","p2":"chichi732","format":"gen8ou","log":"|j|\u2606hauntersnightmare\n|j|\u2606chichi732\n|t:|1622825752\n|gametype|singles\n|player|p1|hauntersnightmare|1|1564\n|player|p2|chichi732|pokemonbreeder-gen4|1475\n|teamsize|p1|6\n|teamsize|p2|6\n|gen|8\n|tier|[Gen 8] OU\n|rated|\n|rule|Sleep Clause Mod: Limit one foe put to sleep\n|rule|Species Clause: Limit one of each Pok\u00e9mon\n|rule|OHKO Clause: OHKO moves are banned\n|rule|Evasion Moves Clause: Evasion moves are banned\n|rule|Endless Battle Clause: Forcing endless battles is banned\n|rule|HP Percentage Mod: HP is shown in percentages\n|rule|Dynamax Clause: You cannot dynamax\n|clearpoke\n|poke|p1|Garchomp, M|\n|poke|p1|Ditto|\n|poke|p1|Grimmsnarl, M|\n|poke|p1|Excadrill, F|\n|poke|p1|Seismitoad, F|\n|poke|p1|Volcarona, M|\n|poke|p2|Terrakion|\n|poke|p2|Hippowdon, F|\n|poke|p2|Heatran, M|\n|poke|p2|Tapu Fini|\n|poke|p2|Zapdos|\n|poke|p2|Latios, M|\n|teampreview\n|\n|t:|1622825762\n|start\n|switch|p1a: Garchomp|Garchomp, M|100\/100\n|switch|p2a: Latios|Latios, M|100\/100\n|turn|1\n|\n|t:|1622825781\n|switch|p2a: Tapu Fini|Tapu Fini|100\/100\n|-fieldstart|move: Misty Terrain|[from] ability: Misty Surge|[of] p2a: Tapu Fini\n|switch|p1a: Grimmsnarl|Grimmsnarl, M|100\/100\n|\n|upkeep\n|turn|2\n|\n|t:|1622825787\n|move|p1a: Grimmsnarl|Light Screen|p1a: Grimmsnarl\n|-sidestart|p1: hauntersnightmare|move: Light Screen\n|move|p2a: Tapu Fini|Moonblast|p1a: Grimmsnarl\n|-supereffective|p1a: Grimmsnarl\n|-damage|p1a: Grimmsnarl|68\/100\n|\n|upkeep\n|turn|3\n|\n|t:|1622825790\n|move|p1a: Grimmsnarl|Taunt|p2a: Tapu Fini\n|-start|p2a: Tapu Fini|move: Taunt\n|move|p2a: Tapu Fini|Moonblast|p1a: Grimmsnarl\n|-supereffective|p1a: Grimmsnarl\n|-damage|p1a: Grimmsnarl|36\/100\n|-unboost|p1a: Grimmsnarl|spa|1\n|\n|upkeep\n|turn|4\n|\n|t:|1622825803\n|switch|p1a: Garchomp|Garchomp, M|100\/100\n|move|p2a: Tapu Fini|Moonblast|p1a: Garchomp\n|-supereffective|p1a: Garchomp\n|-damage|p1a: Garchomp|58\/100\n|\n|upkeep\n|turn|5\n|\n|t:|1622825808\n|move|p2a: Tapu Fini|Moonblast|p1a: Garchomp\n|-supereffective|p1a: Garchomp\n|-damage|p1a: Garchomp|14\/100\n|move|p1a: Garchomp|Sandstorm|p1a: Garchomp\n|-weather|Sandstorm\n|\n|-weather|Sandstorm|[upkeep]\n|-damage|p2a: Tapu Fini|94\/100|[from] Sandstorm\n|-end|p2a: Tapu Fini|move: Taunt\n|-fieldend|Misty Terrain\n|upkeep\n|turn|6\n|\n|t:|1622825810\n|switch|p1a: Excadrill|Excadrill, F|100\/100\n|move|p2a: Tapu Fini|Moonblast|p1a: Excadrill\n|-resisted|p1a: Excadrill\n|-damage|p1a: Excadrill|86\/100\n|\n|-weather|Sandstorm|[upkeep]\n|-damage|p2a: Tapu Fini|88\/100|[from] Sandstorm\n|upkeep\n|turn|7\n|\n|t:|1622825816\n|switch|p2a: Hippowdon|Hippowdon, F|100\/100\n|move|p1a: Excadrill|Swords Dance|p1a: Excadrill\n|-boost|p1a: Excadrill|atk|2\n|\n|-weather|Sandstorm|[upkeep]\n|upkeep\n|turn|8\n|\n|t:|1622825821\n|move|p1a: Excadrill|Iron Head|p2a: Hippowdon\n|-damage|p2a: Hippowdon|33\/100\n|-damage|p1a: Excadrill|76\/100|[from] item: Life Orb\n|move|p2a: Hippowdon|Whirlwind|p1a: Excadrill\n|drag|p1a: Grimmsnarl|Grimmsnarl, M|36\/100\n|\n|-weather|Sandstorm|[upkeep]\n|-damage|p1a: Grimmsnarl|29\/100|[from] Sandstorm\n|-heal|p2a: Hippowdon|39\/100|[from] item: Leftovers\n|upkeep\n|turn|9\n|\n|t:|1622825828\n|move|p1a: Grimmsnarl|Taunt|p2a: Hippowdon\n|-start|p2a: Hippowdon|move: Taunt\n|cant|p2a: Hippowdon|move: Taunt|Stealth Rock\n|\n|-weather|Sandstorm|[upkeep]\n|-damage|p1a: Grimmsnarl|23\/100|[from] Sandstorm\n|-heal|p2a: Hippowdon|45\/100|[from] item: Leftovers\n|-sideend|p1: hauntersnightmare|move: Light Screen\n|upkeep\n|turn|10\n|\n|t:|1622825831\n|move|p1a: Grimmsnarl|Reflect|p1a: Grimmsnarl\n|-sidestart|p1: hauntersnightmare|Reflect\n|move|p2a: Hippowdon|Earthquake|p1a: Grimmsnarl\n|-crit|p1a: Grimmsnarl\n|-damage|p1a: Grimmsnarl|0 fnt\n|faint|p1a: Grimmsnarl\n|\n|-weather|Sandstorm|[upkeep]\n|-heal|p2a: Hippowdon|51\/100|[from] item: Leftovers\n|upkeep\n|inactive|Battle timer is ON: inactive players will automatically lose when time's up. (requested by chichi732)\n|\n|t:|1622825844\n|switch|p1a: Excadrill|Excadrill, F|76\/100\n|turn|11\n|\n|t:|1622825850\n|move|p1a: Excadrill|Earthquake|p2a: Hippowdon\n|-damage|p2a: Hippowdon|10\/100\n|-damage|p1a: Excadrill|66\/100|[from] item: Life Orb\n|move|p2a: Hippowdon|Earthquake|p1a: Excadrill\n|-supereffective|p1a: Excadrill\n|-crit|p1a: Excadrill\n|-damage|p1a: Excadrill|0 fnt\n|faint|p1a: Excadrill\n|\n|-weather|Sandstorm|[upkeep]\n|-heal|p2a: Hippowdon|16\/100|[from] item: Leftovers\n|-end|p2a: Hippowdon|move: Taunt\n|upkeep\n|\n|t:|1622825859\n|switch|p1a: Garchomp|Garchomp, M|14\/100\n|turn|12\n|\n|t:|1622825862\n|move|p1a: Garchomp|Scale Shot|p2a: Hippowdon\n|-crit|p2a: Hippowdon\n|-damage|p2a: Hippowdon|6\/100\n|-damage|p2a: Hippowdon|0 fnt\n|faint|p2a: Hippowdon\n|-hitcount|p2: Hippowdon|2\n|-unboost|p1a: Garchomp|def|1\n|-boost|p1a: Garchomp|spe|1\n|\n|-weather|none\n|upkeep\n|\n|t:|1622825869\n|switch|p2a: Tapu Fini|Tapu Fini|88\/100\n|-fieldstart|move: Misty Terrain|[from] ability: Misty Surge|[of] p2a: Tapu Fini\n|turn|13\n|\n|t:|1622825873\n|move|p1a: Garchomp|Earthquake|p2a: Tapu Fini\n|-damage|p2a: Tapu Fini|37\/100\n|move|p2a: Tapu Fini|Moonblast|p1a: Garchomp\n|-supereffective|p1a: Garchomp\n|-damage|p1a: Garchomp|0 fnt\n|faint|p1a: Garchomp\n|\n|upkeep\n|\n|t:|1622825877\n|switch|p1a: Volcarona|Volcarona, M|100\/100\n|turn|14\n|\n|t:|1622825881\n|switch|p2a: Heatran|Heatran, M|100\/100\n|move|p1a: Volcarona|Quiver Dance|p1a: Volcarona\n|-boost|p1a: Volcarona|spa|1\n|-boost|p1a: Volcarona|spd|1\n|-boost|p1a: Volcarona|spe|1\n|\n|upkeep\n|turn|15\n|\n|t:|1622825885\n|move|p1a: Volcarona|Quiver Dance|p1a: Volcarona\n|-boost|p1a: Volcarona|spa|1\n|-boost|p1a: Volcarona|spd|1\n|-boost|p1a: Volcarona|spe|1\n|move|p2a: Heatran|Toxic|p1a: Volcarona\n|-activate|p1a: Volcarona|move: Misty Terrain\n|\n|upkeep\n|turn|16\n|\n|t:|1622825891\n|move|p1a: Volcarona|Quiver Dance|p1a: Volcarona\n|-boost|p1a: Volcarona|spa|1\n|-boost|p1a: Volcarona|spd|1\n|-boost|p1a: Volcarona|spe|1\n|move|p2a: Heatran|Taunt|p1a: Volcarona\n|-start|p1a: Volcarona|move: Taunt\n|\n|upkeep\n|turn|17\n|\n|t:|1622825897\n|switch|p1a: Ditto|Ditto|100\/100\n|-transform|p1a: Ditto|p2a: Heatran|[from] ability: Imposter\n|move|p2a: Heatran|Magma Storm|p1a: Ditto\n|-start|p1a: Ditto|ability: Flash Fire\n|\n|-sideend|p1: hauntersnightmare|Reflect\n|-fieldend|Misty Terrain\n|upkeep\n|turn|18\n|\n|t:|1622825906\n|switch|p2a: Zapdos|Zapdos|100\/100\n|move|p1a: Ditto|Magma Storm|p2a: Zapdos\n|-damage|p2a: Zapdos|40\/100\n|-activate|p2a: Zapdos|move: Magma Storm|[of] p1a: Ditto\n|\n|-damage|p2a: Zapdos|27\/100|[from] move: Magma Storm|[partiallytrapped]\n|upkeep\n|turn|19\n|\n|t:|1622825909\n|move|p1a: Ditto|Magma Storm|p2a: Zapdos\n|-damage|p2a: Zapdos|0 fnt\n|faint|p2a: Zapdos\n|\n|upkeep\n|\n|t:|1622825914\n|switch|p2a: Terrakion|Terrakion|100\/100\n|turn|20\n|\n|t:|1622825917\n|-end|p1a: Ditto|ability: Flash Fire|[silent]\n|switch|p1a: Seismitoad|Seismitoad, F|100\/100\n|move|p2a: Terrakion|Swords Dance|p2a: Terrakion\n|-boost|p2a: Terrakion|atk|2\n|\n|upkeep\n|turn|21\n|\n|t:|1622825922\n|move|p2a: Terrakion|Close Combat|p1a: Seismitoad\n|-damage|p1a: Seismitoad|0 fnt\n|-unboost|p2a: Terrakion|def|1\n|-unboost|p2a: Terrakion|spd|1\n|faint|p1a: Seismitoad\n|-damage|p2a: Terrakion|91\/100|[from] item: Life Orb\n|\n|upkeep\n|\n|t:|1622825924\n|switch|p1a: Ditto|Ditto|100\/100\n|-transform|p1a: Ditto|p2a: Terrakion|[from] ability: Imposter\n|turn|22\n|\n|t:|1622825930\n|move|p1a: Ditto|Close Combat|p2a: Terrakion\n|-supereffective|p2a: Terrakion\n|-crit|p2a: Terrakion\n|-damage|p2a: Terrakion|0 fnt\n|-unboost|p1a: Ditto|def|1\n|-unboost|p1a: Ditto|spd|1\n|faint|p2a: Terrakion\n|\n|upkeep\n|\n|t:|1622825934\n|switch|p2a: Latios|Latios, M|100\/100\n|turn|23\n|\n|t:|1622825937\n|move|p1a: Ditto|Close Combat|p2a: Latios\n|-resisted|p2a: Latios\n|-damage|p2a: Latios|21\/100\n|-unboost|p1a: Ditto|def|1\n|-unboost|p1a: Ditto|spd|1\n|move|p2a: Latios|Psyshock|p1a: Ditto\n|-supereffective|p1a: Ditto\n|-damage|p1a: Ditto|0 fnt\n|faint|p1a: Ditto\n|-damage|p2a: Latios|11\/100|[from] item: Life Orb\n|\n|upkeep\n|\n|t:|1622825940\n|switch|p1a: Volcarona|Volcarona, M|100\/100\n|turn|24\n|\n|t:|1622825947\n|move|p2a: Latios|Psyshock|p1a: Volcarona\n|-damage|p1a: Volcarona|55\/100\n|-damage|p2a: Latios|1\/100|[from] item: Life Orb\n|move|p1a: Volcarona|Quiver Dance|p1a: Volcarona\n|-boost|p1a: Volcarona|spa|1\n|-boost|p1a: Volcarona|spd|1\n|-boost|p1a: Volcarona|spe|1\n|\n|upkeep\n|turn|25\n|\n|t:|1622825953\n|move|p1a: Volcarona|Roost|p1a: Volcarona\n|-heal|p1a: Volcarona|100\/100\n|-singleturn|p1a: Volcarona|move: Roost\n|move|p2a: Latios|Draco Meteor|p1a: Volcarona\n|-damage|p1a: Volcarona|46\/100\n|-unboost|p2a: Latios|spa|2\n|-damage|p2a: Latios|0 fnt|[from] item: Life Orb\n|faint|p2a: Latios\n|\n|upkeep\n|\n|t:|1622825956\n|switch|p2a: Heatran|Heatran, M|100\/100\n|turn|26\n|\n|t:|1622825958\n|move|p1a: Volcarona|Safeguard|p1a: Volcarona\n|-sidestart|p1: hauntersnightmare|Safeguard\n|move|p2a: Heatran|Toxic|p1a: Volcarona\n|-activate|p1a: Volcarona|move: Safeguard\n|\n|upkeep\n|turn|27\n|\n|t:|1622825962\n|move|p1a: Volcarona|Roost|p1a: Volcarona\n|-heal|p1a: Volcarona|96\/100\n|-singleturn|p1a: Volcarona|move: Roost\n|move|p2a: Heatran|Magma Storm|p1a: Volcarona|[miss]\n|-miss|p2a: Heatran|p1a: Volcarona\n|\n|upkeep\n|turn|28\n|\n|t:|1622825965\n|move|p1a: Volcarona|Quiver Dance|p1a: Volcarona\n|-boost|p1a: Volcarona|spa|1\n|-boost|p1a: Volcarona|spd|1\n|-boost|p1a: Volcarona|spe|1\n|move|p2a: Heatran|Magma Storm|p1a: Volcarona\n|-damage|p1a: Volcarona|77\/100\n|-activate|p1a: Volcarona|move: Magma Storm|[of] p2a: Heatran\n|\n|-damage|p1a: Volcarona|65\/100|[from] move: Magma Storm|[partiallytrapped]\n|upkeep\n|turn|29\n|\n|t:|1622825972\n|move|p1a: Volcarona|Roost|p1a: Volcarona\n|-heal|p1a: Volcarona|100\/100\n|-singleturn|p1a: Volcarona|move: Roost\n|move|p2a: Heatran|Earth Power|p1a: Volcarona\n|-damage|p1a: Volcarona|88\/100\n|\n|-damage|p1a: Volcarona|76\/100|[from] move: Magma Storm|[partiallytrapped]\n|upkeep\n|turn|30\n|\n|t:|1622825978\n|switch|p2a: Tapu Fini|Tapu Fini|37\/100\n|-fieldstart|move: Misty Terrain|[from] ability: Misty Surge|[of] p2a: Tapu Fini\n|move|p1a: Volcarona|Quiver Dance|p1a: Volcarona\n|-boost|p1a: Volcarona|spa|1\n|-boost|p1a: Volcarona|spd|1\n|-boost|p1a: Volcarona|spe|1\n|\n|-end|p1a: Volcarona|Magma Storm|[partiallytrapped]|[silent]\n|-sideend|p1: hauntersnightmare|Safeguard\n|upkeep\n|turn|31\n|\n|t:|1622825986\n|move|p1a: Volcarona|Quiver Dance|p1a: Volcarona\n|-boost|p1a: Volcarona|spa|1\n|-boost|p1a: Volcarona|spd|1\n|-boost|p1a: Volcarona|spe|1\n|move|p2a: Tapu Fini|Trick|p1a: Volcarona\n|-activate|p2a: Tapu Fini|move: Trick|[of] p1a: Volcarona\n|-item|p1a: Volcarona|Choice Scarf|[from] move: Trick\n|-item|p2a: Tapu Fini|Heavy-Duty Boots|[from] move: Trick\n|\n|upkeep\n|turn|32\n|\n|t:|1622825994\n|move|p1a: Volcarona|Fiery Dance|p2a: Tapu Fini\n|-resisted|p2a: Tapu Fini\n|-damage|p2a: Tapu Fini|0 fnt\n|-boost|p1a: Volcarona|spa|1\n|faint|p2a: Tapu Fini\n|\n|upkeep\n|\n|t:|1622825996\n|switch|p2a: Heatran|Heatran, M|100\/100\n|turn|33\n|-message|hauntersnightmare forfeited.\n|\n|win|chichi732\n|l|\u2606hauntersnightmare\n","uploadtime":1622826002,"views":4,"p1id":"hauntersnightmare","p2id":"chichi732","formatid":"gen8ou","rating":0,"private":0,"password":null}