{"id":"gen8ou-1675315761","p1":"Guest 5890168","p2":"alvar03","format":"gen8ou","log":"|j|\u203dGuest 5890168\n|j|\u2606alvar03\n|t:|1664663526\n|gametype|singles\n|player|p1|Guest 5890168|170|1665\n|player|p2|alvar03|alder|1741\n|teamsize|p1|6\n|teamsize|p2|6\n|gen|8\n|tier|[Gen 8] OU\n|rated|\n|rule|Sleep Clause Mod: Limit one foe put to sleep\n|rule|Species Clause: Limit one of each Pok\u00e9mon\n|rule|OHKO Clause: OHKO moves are banned\n|rule|Evasion Items Clause: Evasion items are banned\n|rule|Evasion Moves Clause: Evasion moves are banned\n|rule|Endless Battle Clause: Forcing endless battles is banned\n|rule|HP Percentage Mod: HP is shown in percentages\n|rule|Dynamax Clause: You cannot dynamax\n|clearpoke\n|poke|p1|Rotom-Wash|\n|poke|p1|Weavile, M|\n|poke|p1|Landorus-Therian, M|\n|poke|p1|Heatran, M|\n|poke|p1|Tangrowth, M|\n|poke|p1|Melmetal|\n|poke|p2|Urshifu-*, M|\n|poke|p2|Slowking-Galar, F|\n|poke|p2|Heatran, M|\n|poke|p2|Landorus-Therian, M|\n|poke|p2|Dragonite, F|\n|poke|p2|Tapu Fini|\n|teampreview\n|inactive|Battle timer is ON: inactive players will automatically lose when time's up. (requested by Guest 5890168)\n|\n|t:|1664663535\n|start\n|switch|p1a: Landorus|Landorus-Therian, M|100\/100\n|switch|p2a: Urshifu|Urshifu-Rapid-Strike, M|100\/100\n|-ability|p1a: Landorus|Intimidate|boost\n|-unboost|p2a: Urshifu|atk|1\n|turn|1\n|\n|t:|1664663537\n|switch|p1a: Tangrowth|Tangrowth, M|100\/100\n|move|p2a: Urshifu|U-turn|p1a: Tangrowth\n|-supereffective|p1a: Tangrowth\n|-damage|p1a: Tangrowth|77\/100\n|-damage|p2a: Urshifu|84\/100|[from] item: Rocky Helmet|[of] p1a: Tangrowth\n|j| Tiranito\n|\n|t:|1664663545\n|switch|p2a: Slowking|Slowking-Galar, F|100\/100|[from]move: U-turn\n|\n|upkeep\n|turn|2\n|j| Jongruenwald\n|\n|t:|1664663549\n|switch|p1a: Melmetal|Melmetal|100\/100\n|move|p2a: Slowking|Sludge Bomb|p1a: Melmetal\n|-immune|p1a: Melmetal\n|\n|upkeep\n|turn|3\n|l| Tiranito\n|\n|t:|1664663553\n|switch|p2a: Heatran|Heatran, M|100\/100\n|move|p1a: Melmetal|Double Iron Bash|p2a: Heatran\n|-resisted|p2a: Heatran\n|-damage|p2a: Heatran|92\/100\n|-resisted|p2a: Heatran\n|-damage|p2a: Heatran|82\/100\n|-hitcount|p2a: Heatran|2\n|\n|-heal|p2a: Heatran|89\/100|[from] item: Leftovers\n|upkeep\n|turn|4\n|\n|t:|1664663555\n|switch|p2a: Slowking|Slowking-Galar, F|100\/100\n|move|p1a: Melmetal|Earthquake|p2a: Slowking\n|-supereffective|p2a: Slowking\n|-damage|p2a: Slowking|17\/100\n|\n|upkeep\n|turn|5\n|\n|t:|1664663558\n|switch|p2a: Landorus|Landorus-Therian, M|100\/100\n|-ability|p2a: Landorus|Intimidate|boost\n|-unboost|p1a: Melmetal|atk|1\n|move|p1a: Melmetal|Double Iron Bash|p2a: Landorus\n|-damage|p2a: Landorus|70\/100\n|-damage|p2a: Landorus|37\/100\n|-hitcount|p2a: Landorus|2\n|\n|upkeep\n|turn|6\n|\n|t:|1664663563\n|move|p2a: Landorus|Earthquake|p1a: Melmetal\n|-supereffective|p1a: Melmetal\n|-damage|p1a: Melmetal|32\/100\n|move|p1a: Melmetal|Double Iron Bash|p2a: Landorus\n|-damage|p2a: Landorus|6\/100\n|-damage|p2a: Landorus|0 fnt\n|faint|p2a: Landorus\n|-hitcount|p2: Landorus|2\n|\n|upkeep\n|\n|t:|1664663566\n|switch|p2a: Urshifu|Urshifu-Rapid-Strike, M|84\/100\n|turn|7\n|\n|t:|1664663568\n|switch|p1a: Tangrowth|Tangrowth, M|100\/100\n|move|p2a: Urshifu|U-turn|p1a: Tangrowth\n|-supereffective|p1a: Tangrowth\n|-damage|p1a: Tangrowth|62\/100\n|-damage|p2a: Urshifu|68\/100|[from] item: Rocky Helmet|[of] p1a: Tangrowth\n|\n|t:|1664663572\n|switch|p2a: Slowking|Slowking-Galar, F|50\/100|[from]move: U-turn\n|\n|upkeep\n|turn|8\n|\n|t:|1664663575\n|switch|p1a: Heatran|Heatran, M|100\/100\n|-item|p1a: Heatran|Air Balloon\n|move|p2a: Slowking|Flamethrower|p1a: Heatran\n|-start|p1a: Heatran|ability: Flash Fire\n|\n|upkeep\n|turn|9\n|\n|t:|1664663577\n|move|p1a: Heatran|Stealth Rock|p2a: Slowking\n|-sidestart|p2: alvar03|move: Stealth Rock\n|move|p2a: Slowking|Scald|p1a: Heatran\n|-supereffective|p1a: Heatran\n|-damage|p1a: Heatran|54\/100\n|-enditem|p1a: Heatran|Air Balloon\n|\n|upkeep\n|turn|10\n|l| Jongruenwald\n|\n|t:|1664663582\n|switch|p2a: Dragonite|Dragonite, F|100\/100\n|move|p1a: Heatran|Magma Storm|p2a: Dragonite|[miss]\n|-miss|p1a: Heatran|p2a: Dragonite\n|\n|upkeep\n|turn|11\n|\n|t:|1664663585\n|-end|p1a: Heatran|ability: Flash Fire|[silent]\n|switch|p1a: Rotom|Rotom-Wash|100\/100\n|switch|p2a: Slowking|Slowking-Galar, F|83\/100\n|-damage|p2a: Slowking|71\/100|[from] Stealth Rock\n|\n|upkeep\n|turn|12\n|\n|t:|1664663588\n|move|p1a: Rotom|Nasty Plot|p1a: Rotom\n|-boost|p1a: Rotom|spa|2\n|move|p2a: Slowking|Future Sight|p1a: Rotom\n|-start|p2a: Slowking|move: Future Sight\n|\n|upkeep\n|turn|13\n|\n|t:|1664663590\n|move|p1a: Rotom|Hydro Pump|p2a: Slowking|[miss]\n|-miss|p1a: Rotom|p2a: Slowking\n|move|p2a: Slowking|Sludge Bomb|p1a: Rotom\n|-damage|p1a: Rotom|56\/100\n|-status|p1a: Rotom|psn\n|\n|-heal|p1a: Rotom|62\/100 psn|[from] item: Leftovers\n|-damage|p1a: Rotom|50\/100 psn|[from] psn\n|upkeep\n|turn|14\n|\n|t:|1664663595\n|switch|p1a: Weavile|Weavile, M|100\/100\n|-ability|p1a: Weavile|Pressure\n|move|p2a: Slowking|Flamethrower|p1a: Weavile\n|-supereffective|p1a: Weavile\n|-damage|p1a: Weavile|29\/100\n|\n|-end|p1a: Weavile|move: Future Sight\n|-immune|p1a: Weavile\n|upkeep\n|turn|15\n|\n|t:|1664663597\n|switch|p2a: Tapu Fini|Tapu Fini|100\/100\n|-damage|p2a: Tapu Fini|88\/100|[from] Stealth Rock\n|-fieldstart|move: Misty Terrain|[from] ability: Misty Surge|[of] p2a: Tapu Fini\n|move|p1a: Weavile|Triple Axel|p2a: Tapu Fini\n|-resisted|p2a: Tapu Fini\n|-damage|p2a: Tapu Fini|83\/100\n|-resisted|p2a: Tapu Fini\n|-damage|p2a: Tapu Fini|72\/100\n|-resisted|p2a: Tapu Fini\n|-damage|p2a: Tapu Fini|57\/100\n|-hitcount|p2a: Tapu Fini|3\n|\n|-heal|p2a: Tapu Fini|63\/100|[from] item: Leftovers\n|upkeep\n|turn|16\n|\n|t:|1664663600\n|switch|p1a: Tangrowth|Tangrowth, M|95\/100\n|move|p2a: Tapu Fini|Draining Kiss|p1a: Tangrowth\n|-damage|p1a: Tangrowth|71\/100\n|-heal|p2a: Tapu Fini|84\/100|[from] drain|[of] p1a: Tangrowth\n|-damage|p2a: Tapu Fini|67\/100|[from] item: Rocky Helmet|[of] p1a: Tangrowth\n|\n|-heal|p2a: Tapu Fini|73\/100|[from] item: Leftovers\n|upkeep\n|turn|17\n|\n|t:|1664663606\n|switch|p2a: Heatran|Heatran, M|89\/100\n|-damage|p2a: Heatran|76\/100|[from] Stealth Rock\n|move|p1a: Tangrowth|Knock Off|p2a: Heatran\n|-damage|p2a: Heatran|59\/100\n|-enditem|p2a: Heatran|Leftovers|[from] move: Knock Off|[of] p1a: Tangrowth\n|\n|upkeep\n|turn|18\n|\n|t:|1664663607\n|switch|p1a: Landorus|Landorus-Therian, M|100\/100\n|-ability|p1a: Landorus|Intimidate|boost\n|-unboost|p2a: Heatran|atk|1\n|move|p2a: Heatran|Stealth Rock|p1a: Landorus\n|-sidestart|p1: Guest 5890168|move: Stealth Rock\n|\n|upkeep\n|turn|19\n|\n|t:|1664663611\n|move|p1a: Landorus|Toxic|p2a: Heatran\n|-immune|p2a: Heatran\n|move|p2a: Heatran|Magma Storm|p1a: Landorus\n|-damage|p1a: Landorus|71\/100\n|-activate|p1a: Landorus|move: Magma Storm|[of] p2a: Heatran\n|\n|-heal|p1a: Landorus|77\/100|[from] item: Leftovers\n|-damage|p1a: Landorus|64\/100|[from] move: Magma Storm|[partiallytrapped]\n|-fieldend|Misty Terrain\n|upkeep\n|turn|20\n|\n|t:|1664663626\n|move|p1a: Landorus|Defog|p2a: Heatran\n|-unboost|p2a: Heatran|evasion|1\n|-sideend|p2: alvar03|Stealth Rock|[from] move: Defog|[of] p1a: Landorus\n|-sideend|p1: Guest 5890168|Stealth Rock|[from] move: Defog|[of] p1a: Landorus\n|move|p2a: Heatran|Magma Storm|p1a: Landorus\n|-damage|p1a: Landorus|30\/100\n|\n|-heal|p1a: Landorus|36\/100|[from] item: Leftovers\n|-damage|p1a: Landorus|23\/100|[from] move: Magma Storm|[partiallytrapped]\n|upkeep\n|turn|21\n|\n|t:|1664663635\n|move|p1a: Landorus|U-turn|p2a: Heatran\n|-resisted|p2a: Heatran\n|-crit|p2a: Heatran\n|-damage|p2a: Heatran|52\/100\n|\n|t:|1664663636\n|switch|p1a: Rotom|Rotom-Wash|50\/100 psn|[from]move: U-turn\n|move|p2a: Heatran|Stealth Rock|p1a: Rotom\n|-sidestart|p1: Guest 5890168|move: Stealth Rock\n|\n|-heal|p1a: Rotom|56\/100 psn|[from] item: Leftovers\n|-damage|p1a: Rotom|43\/100 psn|[from] psn\n|upkeep\n|turn|22\n|\n|t:|1664663639\n|switch|p2a: Slowking|Slowking-Galar, F|100\/100\n|move|p1a: Rotom|Hydro Pump|p2a: Slowking\n|-crit|p2a: Slowking\n|-damage|p2a: Slowking|71\/100\n|\n|-heal|p1a: Rotom|50\/100 psn|[from] item: Leftovers\n|-damage|p1a: Rotom|37\/100 psn|[from] psn\n|upkeep\n|turn|23\n|\n|t:|1664663643\n|move|p1a: Rotom|Pain Split|p2a: Slowking\n|-sethp|p2a: Slowking|50\/100|[from] move: Pain Split|[silent]\n|-sethp|p1a: Rotom|64\/100 psn|[from] move: Pain Split\n|move|p2a: Slowking|Flamethrower|p1a: Rotom\n|-resisted|p1a: Rotom\n|-damage|p1a: Rotom|50\/100 psn\n|\n|-heal|p1a: Rotom|56\/100 psn|[from] item: Leftovers\n|-damage|p1a: Rotom|43\/100 psn|[from] psn\n|upkeep\n|turn|24\n|\n|t:|1664663646\n|move|p1a: Rotom|Pain Split|p2a: Slowking\n|-sethp|p2a: Slowking|42\/100|[from] move: Pain Split|[silent]\n|-sethp|p1a: Rotom|54\/100 psn|[from] move: Pain Split\n|move|p2a: Slowking|Sludge Bomb|p1a: Rotom\n|-damage|p1a: Rotom|12\/100 psn\n|\n|-heal|p1a: Rotom|19\/100 psn|[from] item: Leftovers\n|-damage|p1a: Rotom|6\/100 psn|[from] psn\n|upkeep\n|turn|25\n|\n|t:|1664663648\n|move|p1a: Rotom|Pain Split|p2a: Slowking\n|-sethp|p2a: Slowking|23\/100|[from] move: Pain Split|[silent]\n|-sethp|p1a: Rotom|30\/100 psn|[from] move: Pain Split\n|move|p2a: Slowking|Future Sight|p1a: Rotom\n|-start|p2a: Slowking|move: Future Sight\n|\n|-heal|p1a: Rotom|36\/100 psn|[from] item: Leftovers\n|-damage|p1a: Rotom|24\/100 psn|[from] psn\n|upkeep\n|turn|26\n|\n|t:|1664663652\n|move|p1a: Rotom|Pain Split|p2a: Slowking\n|-sethp|p2a: Slowking|21\/100|[from] move: Pain Split|[silent]\n|-sethp|p1a: Rotom|26\/100 psn|[from] move: Pain Split\n|move|p2a: Slowking|Sludge Bomb|p1a: Rotom\n|-damage|p1a: Rotom|0 fnt\n|faint|p1a: Rotom\n|\n|upkeep\n|\n|t:|1664663652\n|switch|p1a: Weavile|Weavile, M|29\/100\n|-damage|p1a: Weavile|4\/100|[from] Stealth Rock\n|-ability|p1a: Weavile|Pressure\n|turn|27\n|\n|t:|1664663656\n|switch|p2a: Tapu Fini|Tapu Fini|73\/100\n|-fieldstart|move: Misty Terrain|[from] ability: Misty Surge|[of] p2a: Tapu Fini\n|move|p1a: Weavile|Knock Off|p2a: Tapu Fini\n|-resisted|p2a: Tapu Fini\n|-damage|p2a: Tapu Fini|49\/100\n|-enditem|p2a: Tapu Fini|Leftovers|[from] move: Knock Off|[of] p1a: Weavile\n|\n|-end|p1a: Weavile|move: Future Sight\n|-immune|p1a: Weavile\n|upkeep\n|turn|28\n|\n|t:|1664663659\n|move|p1a: Weavile|Knock Off|p2a: Tapu Fini\n|-resisted|p2a: Tapu Fini\n|-damage|p2a: Tapu Fini|30\/100\n|move|p2a: Tapu Fini|Scald|p1a: Weavile\n|-crit|p1a: Weavile\n|-damage|p1a: Weavile|0 fnt\n|faint|p1a: Weavile\n|\n|upkeep\n|\n|t:|1664663659\n|switch|p1a: Melmetal|Melmetal|32\/100\n|-damage|p1a: Melmetal|26\/100|[from] Stealth Rock\n|turn|29\n|\n|t:|1664663662\n|move|p2a: Tapu Fini|Scald|p1a: Melmetal\n|-damage|p1a: Melmetal|11\/100\n|move|p1a: Melmetal|Double Iron Bash|p2a: Tapu Fini\n|-damage|p2a: Tapu Fini|0 fnt\n|faint|p2a: Tapu Fini\n|-hitcount|p2: Tapu Fini|1\n|\n|upkeep\n|\n|t:|1664663672\n|switch|p2a: Urshifu|Urshifu-Rapid-Strike, M|68\/100\n|turn|30\n|\n|t:|1664663675\n|switch|p1a: Tangrowth|Tangrowth, M|100\/100\n|-damage|p1a: Tangrowth|88\/100|[from] Stealth Rock\n|move|p2a: Urshifu|Close Combat|p1a: Tangrowth\n|-damage|p1a: Tangrowth|37\/100\n|-unboost|p2a: Urshifu|def|1\n|-unboost|p2a: Urshifu|spd|1\n|-damage|p2a: Urshifu|51\/100|[from] item: Rocky Helmet|[of] p1a: Tangrowth\n|\n|upkeep\n|turn|31\n|\n|t:|1664663678\n|switch|p1a: Landorus|Landorus-Therian, M|23\/100\n|-damage|p1a: Landorus|11\/100|[from] Stealth Rock\n|-ability|p1a: Landorus|Intimidate|boost\n|-unboost|p2a: Urshifu|atk|1\n|move|p2a: Urshifu|Close Combat|p1a: Landorus\n|-resisted|p1a: Landorus\n|-damage|p1a: Landorus|0 fnt\n|-unboost|p2a: Urshifu|def|1\n|-unboost|p2a: Urshifu|spd|1\n|faint|p1a: Landorus\n|\n|-fieldend|Misty Terrain\n|upkeep\n|\n|t:|1664663678\n|switch|p1a: Tangrowth|Tangrowth, M|70\/100\n|-damage|p1a: Tangrowth|58\/100|[from] Stealth Rock\n|turn|32\n|\n|t:|1664663682\n|switch|p2a: Heatran|Heatran, M|52\/100\n|move|p1a: Tangrowth|Sleep Powder|p2a: Heatran\n|-status|p2a: Heatran|slp|[from] move: Sleep Powder\n|\n|upkeep\n|turn|33\n|\n|t:|1664663687\n|switch|p1a: Melmetal|Melmetal|11\/100\n|-damage|p1a: Melmetal|5\/100|[from] Stealth Rock\n|cant|p2a: Heatran|slp\n|\n|upkeep\n|turn|34\n|\n|t:|1664663690\n|-curestatus|p2a: Heatran|slp|[msg]\n|move|p2a: Heatran|Earth Power|p1a: Melmetal\n|-supereffective|p1a: Melmetal\n|-damage|p1a: Melmetal|0 fnt\n|faint|p1a: Melmetal\n|\n|upkeep\n|\n|t:|1664663690\n|switch|p1a: Heatran|Heatran, M|54\/100\n|-damage|p1a: Heatran|42\/100|[from] Stealth Rock\n|turn|35\n|\n|t:|1664663692\n|move|p1a: Heatran|Earth Power|p2a: Heatran\n|-supereffective|p2a: Heatran\n|-damage|p2a: Heatran|0 fnt\n|faint|p2a: Heatran\n|\n|upkeep\n|\n|t:|1664663694\n|switch|p2a: Urshifu|Urshifu-Rapid-Strike, M|51\/100\n|turn|36\n|\n|t:|1664663695\n|move|p2a: Urshifu|Close Combat|p1a: Heatran\n|-supereffective|p1a: Heatran\n|-damage|p1a: Heatran|0 fnt\n|-unboost|p2a: Urshifu|def|1\n|-unboost|p2a: Urshifu|spd|1\n|faint|p1a: Heatran\n|\n|upkeep\n|\n|t:|1664663695\n|switch|p1a: Tangrowth|Tangrowth, M|91\/100\n|-damage|p1a: Tangrowth|78\/100|[from] Stealth Rock\n|turn|37\n|\n|t:|1664663699\n|move|p2a: Urshifu|Close Combat|p1a: Tangrowth\n|-damage|p1a: Tangrowth|34\/100\n|-unboost|p2a: Urshifu|def|1\n|-unboost|p2a: Urshifu|spd|1\n|-damage|p2a: Urshifu|35\/100|[from] item: Rocky Helmet|[of] p1a: Tangrowth\n|move|p1a: Tangrowth|Knock Off|p2a: Urshifu\n|-resisted|p2a: Urshifu\n|-damage|p2a: Urshifu|11\/100\n|-enditem|p2a: Urshifu|Choice Band|[from] move: Knock Off|[of] p1a: Tangrowth\n|\n|upkeep\n|turn|38\n|\n|t:|1664663701\n|move|p2a: Urshifu|Close Combat|p1a: Tangrowth\n|-damage|p1a: Tangrowth|3\/100\n|-unboost|p2a: Urshifu|def|1\n|-unboost|p2a: Urshifu|spd|1\n|-damage|p2a: Urshifu|0 fnt|[from] item: Rocky Helmet|[of] p1a: Tangrowth\n|faint|p2a: Urshifu\n|move|p1a: Tangrowth|Sleep Powder|p2: Urshifu|[notarget]\n|-fail|p1a: Tangrowth\n|\n|upkeep\n|\n|t:|1664663704\n|switch|p2a: Dragonite|Dragonite, F|100\/100\n|turn|39\n|\n|t:|1664663705\n|move|p2a: Dragonite|Ice Punch|p1a: Tangrowth\n|-supereffective|p1a: Tangrowth\n|-damage|p1a: Tangrowth|0 fnt\n|-damage|p2a: Dragonite|84\/100|[from] item: Rocky Helmet|[of] p1a: Tangrowth\n|faint|p1a: Tangrowth\n|\n|win|alvar03\n|raw|Guest 5890168's rating: 1646 &rarr; <strong>1631<\/strong><br \/>(-15 for losing)\n|raw|alvar03's rating: 1741 &rarr; <strong>1756<\/strong><br \/>(+15 for winning)\n","uploadtime":1664663707,"views":13,"p1id":"guest5890168","p2id":"alvar03","formatid":"gen8ou","rating":1631,"private":0,"password":null}