{"id":"gen8ou-1631972631","p1":"reionatro","p2":"LT91BB Mimi","format":"gen8ou","log":"|j|\u2606reionatro\n|j|\u2606LT91BB Mimi\n|t:|1659606286\n|gametype|singles\n|player|p1|reionatro|101|1814\n|player|p2|LT91BB Mimi|dawn-masters2|1982\n|teamsize|p1|6\n|teamsize|p2|6\n|gen|8\n|tier|[Gen 8] OU\n|rated|\n|rule|Sleep Clause Mod: Limit one foe put to sleep\n|rule|Species Clause: Limit one of each Pok\u00e9mon\n|rule|OHKO Clause: OHKO moves are banned\n|rule|Evasion Items Clause: Evasion items are banned\n|rule|Evasion Moves Clause: Evasion moves are banned\n|rule|Endless Battle Clause: Forcing endless battles is banned\n|rule|HP Percentage Mod: HP is shown in percentages\n|rule|Dynamax Clause: You cannot dynamax\n|clearpoke\n|poke|p1|Nihilego|\n|poke|p1|Zapdos-Galar|\n|poke|p1|Kartana|\n|poke|p1|Celesteela|\n|poke|p1|Garchomp, M|\n|poke|p1|Tapu Fini|\n|poke|p2|Mew|\n|poke|p2|Weavile, F|\n|poke|p2|Celesteela|\n|poke|p2|Garchomp, M|\n|poke|p2|Blacephalon|\n|poke|p2|Crawdaunt, F|\n|teampreview\n|c|\u2606reionatro|hf\n|\n|t:|1659606311\n|start\n|switch|p1a: Tapu Fini|Tapu Fini|100\/100\n|switch|p2a: Mew|Mew, shiny|100\/100\n|-fieldstart|move: Misty Terrain|[from] ability: Misty Surge|[of] p1a: Tapu Fini\n|turn|1\n|\n|t:|1659606339\n|move|p2a: Mew|Taunt|p1a: Tapu Fini\n|-start|p1a: Tapu Fini|move: Taunt\n|cant|p1a: Tapu Fini|move: Taunt|Taunt\n|\n|upkeep\n|turn|2\n|\n|t:|1659606354\n|switch|p1a: Kartana|Kartana|100\/100\n|move|p2a: Mew|Stealth Rock|p1a: Kartana\n|-sidestart|p1: reionatro|move: Stealth Rock\n|\n|upkeep\n|turn|3\n|l|\u2606LT91BB Mimi\n|player|p2|\n|j|\u2606LT91BB Mimi\n|player|p2|LT91BB Mimi|dawn-masters2\n|\n|t:|1659606381\n|move|p1a: Kartana|Knock Off|p2a: Mew\n|-supereffective|p2a: Mew\n|-enditem|p2a: Mew|Colbur Berry|[eat]\n|-enditem|p2a: Mew|Colbur Berry|[weaken]\n|-damage|p2a: Mew|61\/100\n|move|p2a: Mew|Thunder Wave|p1a: Kartana\n|-activate|p1a: Kartana|move: Misty Terrain\n|\n|upkeep\n|turn|4\n|\n|t:|1659606387\n|switch|p2a: Crawdaunt|Crawdaunt, F, shiny|100\/100\n|move|p1a: Kartana|Knock Off|p2a: Crawdaunt\n|-resisted|p2a: Crawdaunt\n|-damage|p2a: Crawdaunt|69\/100\n|-enditem|p2a: Crawdaunt|Life Orb|[from] move: Knock Off|[of] p1a: Kartana\n|\n|upkeep\n|turn|5\n|\n|t:|1659606399\n|switch|p1a: Tapu Fini|Tapu Fini|100\/100\n|-damage|p1a: Tapu Fini|88\/100|[from] Stealth Rock\n|move|p2a: Crawdaunt|Knock Off|p1a: Tapu Fini\n|-resisted|p1a: Tapu Fini\n|-damage|p1a: Tapu Fini|63\/100\n|-enditem|p1a: Tapu Fini|Leftovers|[from] move: Knock Off|[of] p2a: Crawdaunt\n|\n|-fieldend|Misty Terrain\n|upkeep\n|turn|6\n|\n|t:|1659606413\n|switch|p2a: Mew|Mew, shiny|61\/100\n|move|p1a: Tapu Fini|Scald|p2a: Mew\n|-damage|p2a: Mew|39\/100\n|\n|upkeep\n|turn|7\n|\n|t:|1659606428\n|switch|p1a: Garchomp|Garchomp, M|100\/100\n|-damage|p1a: Garchomp|94\/100|[from] Stealth Rock\n|move|p2a: Mew|Taunt|p1a: Garchomp\n|-start|p1a: Garchomp|move: Taunt\n|\n|upkeep\n|turn|8\n|\n|t:|1659606458\n|move|p1a: Garchomp|Earthquake|p2a: Mew\n|-damage|p2a: Mew|3\/100\n|move|p2a: Mew|Spikes|p1a: Garchomp\n|-sidestart|p1: reionatro|Spikes\n|\n|upkeep\n|turn|9\n|\n|t:|1659606463\n|move|p1a: Garchomp|Earthquake|p2a: Mew\n|-damage|p2a: Mew|0 fnt\n|faint|p2a: Mew\n|\n|-end|p1a: Garchomp|move: Taunt\n|upkeep\n|\n|t:|1659606465\n|switch|p2a: Weavile|Weavile, F, shiny|100\/100\n|-ability|p2a: Weavile|Pressure\n|turn|10\n|\n|t:|1659606483\n|move|p2a: Weavile|Triple Axel|p1a: Garchomp\n|-supereffective|p1a: Garchomp\n|-damage|p1a: Garchomp|48\/100\n|-damage|p2a: Weavile|88\/100|[from] ability: Rough Skin|[of] p1a: Garchomp\n|-damage|p2a: Weavile|72\/100|[from] item: Rocky Helmet|[of] p1a: Garchomp\n|-hitcount|p1a: Garchomp|1\n|-damage|p2a: Weavile|62\/100|[from] item: Life Orb\n|move|p1a: Garchomp|Earthquake|p2a: Weavile\n|-damage|p2a: Weavile|0 fnt\n|faint|p2a: Weavile\n|\n|upkeep\n|\n|t:|1659606491\n|switch|p2a: Garchomp|Garchomp, M, shiny|100\/100\n|turn|11\n|\n|t:|1659606495\n|move|p1a: Garchomp|Toxic|p2a: Garchomp\n|-status|p2a: Garchomp|tox\n|-enditem|p2a: Garchomp|Lum Berry|[eat]\n|-curestatus|p2a: Garchomp|tox|[msg]\n|move|p2a: Garchomp|Scale Shot|p1a: Garchomp\n|-supereffective|p1a: Garchomp\n|-damage|p1a: Garchomp|25\/100\n|-supereffective|p1a: Garchomp\n|-damage|p1a: Garchomp|2\/100\n|-hitcount|p1a: Garchomp|2\n|-unboost|p2a: Garchomp|def|1\n|-boost|p2a: Garchomp|spe|1\n|\n|upkeep\n|turn|12\n|\n|t:|1659606518\n|switch|p1a: Zapdos|Zapdos-Galar|100\/100\n|-damage|p1a: Zapdos|88\/100|[from] Stealth Rock\n|move|p2a: Garchomp|Earthquake|p1a: Zapdos\n|-immune|p1a: Zapdos\n|\n|upkeep\n|turn|13\n|\n|t:|1659606535\n|move|p2a: Garchomp|Scale Shot|p1a: Zapdos\n|-damage|p1a: Zapdos|74\/100\n|-damage|p1a: Zapdos|58\/100\n|-damage|p1a: Zapdos|43\/100\n|-damage|p1a: Zapdos|28\/100\n|-hitcount|p1a: Zapdos|4\n|-unboost|p2a: Garchomp|def|1\n|-boost|p2a: Garchomp|spe|1\n|move|p1a: Zapdos|Brave Bird|p2a: Garchomp\n|-damage|p2a: Garchomp|0 fnt\n|-damage|p1a: Zapdos|16\/100|[from] ability: Rough Skin|[of] p2a: Garchomp\n|faint|p2a: Garchomp\n|-damage|p1a: Zapdos|0 fnt|[from] Recoil\n|faint|p1a: Zapdos\n|\n|upkeep\n|\n|t:|1659606568\n|switch|p2a: Blacephalon|Blacephalon, shiny|100\/100\n|switch|p1a: Kartana|Kartana|100\/100\n|-damage|p1a: Kartana|94\/100|[from] Stealth Rock\n|-damage|p1a: Kartana|82\/100|[from] Spikes\n|turn|14\n|\n|t:|1659606577\n|switch|p2a: Crawdaunt|Crawdaunt, F, shiny|69\/100\n|move|p1a: Kartana|Knock Off|p2a: Crawdaunt\n|-resisted|p2a: Crawdaunt\n|-damage|p2a: Crawdaunt|49\/100\n|\n|upkeep\n|turn|15\n|\n|t:|1659606597\n|switch|p1a: Garchomp|Garchomp, M|2\/100\n|-damage|p1a: Garchomp|0 fnt|[from] Stealth Rock\n|faint|p1a: Garchomp\n|switch|p2a: Celesteela|Celesteela, shiny|100\/100\n|\n|upkeep\n|\n|t:|1659606604\n|switch|p1a: Nihilego|Nihilego|100\/100\n|-damage|p1a: Nihilego|88\/100|[from] Stealth Rock\n|-damage|p1a: Nihilego|76\/100|[from] Spikes\n|turn|16\n|\n|t:|1659606619\n|switch|p2a: Blacephalon|Blacephalon, shiny|100\/100\n|move|p1a: Nihilego|Meteor Beam||[still]\n|-prepare|p1a: Nihilego|Meteor Beam\n|-boost|p1a: Nihilego|spa|1\n|-enditem|p1a: Nihilego|Power Herb\n|-anim|p1a: Nihilego|Meteor Beam|p2a: Blacephalon\n|-supereffective|p2a: Blacephalon\n|-damage|p2a: Blacephalon|0 fnt\n|faint|p2a: Blacephalon\n|-ability|p1a: Nihilego|Beast Boost|boost\n|-boost|p1a: Nihilego|spe|1\n|\n|upkeep\n|\n|t:|1659606622\n|switch|p2a: Crawdaunt|Crawdaunt, F, shiny|49\/100\n|turn|17\n|\n|t:|1659606646\n|switch|p1a: Tapu Fini|Tapu Fini|63\/100\n|-damage|p1a: Tapu Fini|50\/100|[from] Stealth Rock\n|-damage|p1a: Tapu Fini|38\/100|[from] Spikes\n|-fieldstart|move: Misty Terrain|[from] ability: Misty Surge|[of] p1a: Tapu Fini\n|move|p2a: Crawdaunt|Aqua Jet|p1a: Tapu Fini\n|-resisted|p1a: Tapu Fini\n|-damage|p1a: Tapu Fini|26\/100\n|\n|upkeep\n|turn|18\n|\n|t:|1659606650\n|move|p1a: Tapu Fini|Draining Kiss|p2a: Crawdaunt\n|-supereffective|p2a: Crawdaunt\n|-damage|p2a: Crawdaunt|0 fnt\n|-heal|p1a: Tapu Fini|55\/100|[from] drain|[of] p2a: Crawdaunt\n|faint|p2a: Crawdaunt\n|\n|upkeep\n|\n|t:|1659606653\n|switch|p2a: Celesteela|Celesteela, shiny|100\/100\n|turn|19\n|\n|t:|1659606660\n|move|p1a: Tapu Fini|Taunt|p2a: Celesteela\n|-start|p2a: Celesteela|move: Taunt\n|cant|p2a: Celesteela|move: Taunt|Autotomize\n|\n|upkeep\n|turn|20\n|\n|t:|1659606666\n|move|p1a: Tapu Fini|Calm Mind|p1a: Tapu Fini\n|-boost|p1a: Tapu Fini|spa|1\n|-boost|p1a: Tapu Fini|spd|1\n|move|p2a: Celesteela|Air Slash|p1a: Tapu Fini\n|-damage|p1a: Tapu Fini|36\/100\n|\n|upkeep\n|turn|21\n|\n|t:|1659606681\n|move|p1a: Tapu Fini|Scald|p2a: Celesteela\n|-damage|p2a: Celesteela|62\/100\n|-status|p2a: Celesteela|brn\n|move|p2a: Celesteela|Meteor Beam||[still]\n|-prepare|p2a: Celesteela|Meteor Beam\n|-boost|p2a: Celesteela|spa|1\n|-enditem|p2a: Celesteela|Power Herb\n|-anim|p2a: Celesteela|Meteor Beam|p1a: Tapu Fini\n|-damage|p1a: Tapu Fini|1\/100\n|\n|-damage|p2a: Celesteela|56\/100 brn|[from] brn\n|-end|p2a: Celesteela|move: Taunt\n|-fieldend|Misty Terrain\n|upkeep\n|turn|22\n|\n|t:|1659606715\n|move|p1a: Tapu Fini|Taunt|p2a: Celesteela\n|-start|p2a: Celesteela|move: Taunt\n|move|p2a: Celesteela|Air Slash|p1a: Tapu Fini\n|-damage|p1a: Tapu Fini|0 fnt\n|faint|p1a: Tapu Fini\n|-ability|p2a: Celesteela|Beast Boost|boost\n|-boost|p2a: Celesteela|spa|1\n|\n|-damage|p2a: Celesteela|49\/100 brn|[from] brn\n|upkeep\n|\n|t:|1659606743\n|switch|p1a: Kartana|Kartana|82\/100\n|-damage|p1a: Kartana|76\/100|[from] Stealth Rock\n|-damage|p1a: Kartana|63\/100|[from] Spikes\n|turn|23\n|\n|t:|1659606748\n|move|p1a: Kartana|Knock Off|p2a: Celesteela\n|-damage|p2a: Celesteela|22\/100 brn\n|move|p2a: Celesteela|Air Slash|p1a: Kartana\n|-damage|p1a: Kartana|0 fnt\n|faint|p1a: Kartana\n|-ability|p2a: Celesteela|Beast Boost|boost\n|-boost|p2a: Celesteela|spa|1\n|\n|-damage|p2a: Celesteela|15\/100 brn|[from] brn\n|upkeep\n|\n|t:|1659606752\n|switch|p1a: Nihilego|Nihilego|76\/100\n|-damage|p1a: Nihilego|64\/100|[from] Stealth Rock\n|-damage|p1a: Nihilego|51\/100|[from] Spikes\n|turn|24\n|-message|LT91BB Mimi forfeited.\n|\n|win|reionatro\n|raw|reionatro's rating: 1814 &rarr; <strong>1840<\/strong><br \/>(+26 for winning)\n|raw|LT91BB Mimi's rating: 1923 &rarr; <strong>1897<\/strong><br \/>(-26 for losing)\n|l|\u2606LT91BB Mimi\n|c|\u2606reionatro|gg\n","uploadtime":1659606763,"views":83,"p1id":"reionatro","p2id":"lt91bbmimi","formatid":"gen8ou","rating":1840,"private":0,"password":null}