{"id":"gen8customgame-1231413551","p1":"BryboVelocity","p2":"I'M AT MY LIMIT!","format":"gen8customgame","log":"|j|\u2606BryboVelocity\n|j|\u2606I'M AT MY LIMIT!\n|t:|1606338985\n|player|p1|BryboVelocity|hau|\n|player|p2|I'M AT MY LIMIT!|hilda|\n|teamsize|p1|7\n|teamsize|p2|6\n|gametype|singles\n|gen|8\n|tier|[Gen 8] Custom Game\n|clearpoke\n|poke|p1|Komala, L9999, M|\n|poke|p1|Zeraora, L9999|\n|poke|p1|Tapu Lele, L9999|\n|poke|p1|Calyrex-Ice, L9999|\n|poke|p1|Calyrex-Shadow, L9999|\n|poke|p1|Zygarde, L9999|\n|poke|p1|Arceus-*, L9999|\n|poke|p2|Blissey, L9999, F|\n|poke|p2|Urshifu-*, L9999, M|\n|poke|p2|Mewtwo-Mega-X, L9999|\n|poke|p2|Zygarde-Complete, L9999|\n|poke|p2|Calyrex-Shadow, L9999|\n|poke|p2|Rayquaza-Mega, L9999|\n|teampreview|24\n|\n|t:|1606338995\n|start\n|switch|p1a: JJ 21|Tapu Lele, L9999, shiny|33406\/33406\n|switch|p2a: take two|Urshifu, L9999, M|39406\/39406\n|-fieldstart|move: Psychic Terrain|[from] ability: Psychic Surge|[of] p1a: JJ 21\n|turn|1\n|\n|t:|1606338999\n|move|p1a: JJ 21|Twinkle Tackle|p2a: take two\n|-supereffective|p2a: take two\n|-damage|p2a: take two|39030\/39406\n|move|p2a: take two|Wicked Blow|p1a: JJ 21\n|-crit|p1a: JJ 21\n|-damage|p1a: JJ 21|0 fnt\n|faint|p1a: JJ 21\n|\n|upkeep\n|\n|t:|1606339014\n|switch|p1a: FortniteGame12|Zeraora, L9999, shiny|37006\/37006\n|-weather|PrimordialSea|[from] ability: Primordial Sea|[of] p1a: FortniteGame12\n|turn|2\n|\n|t:|1606339018\n|move|p1a: FortniteGame12|10,000,000 Volt Thunderbolt|p2a: take two\n|-damage|p2a: take two|0 fnt\n|faint|p2a: take two\n|\n|-weather|PrimordialSea|[upkeep]\n|upkeep\n|\n|t:|1606339026\n|switch|p2a: Light|Zygarde-Complete, L9999|62603\/62603\n|turn|3\n|\n|t:|1606339038\n|-weather|none\n|switch|p1a: Ikubung|Arceus-Ghost, L9999, shiny|43405\/43405\n|-weather|PrimordialSea|[from] ability: Primordial Sea|[of] p1a: Ikubung\n|move|p2a: Light|Substitute|p2a: Light\n|-start|p2a: Light|Substitute\n|-damage|p2a: Light|46953\/62603\n|\n|-weather|PrimordialSea|[upkeep]\n|-heal|p2a: Light|50865\/62603|[from] item: Leftovers\n|upkeep\n|turn|4\n|j| VictoriaTheCutie\n|j| Remasteror\n|l| Remasteror\n|\n|t:|1606339047\n|move|p2a: Light|Toxic|p1a: Ikubung\n|-status|p1a: Ikubung|tox\n|move|p1a: Ikubung|Ice Beam|p2a: Light\n|-supereffective|p2a: Light\n|-end|p2a: Light|Substitute\n|\n|-weather|PrimordialSea|[upkeep]\n|-heal|p2a: Light|54777\/62603|[from] item: Leftovers\n|-damage|p1a: Ikubung|40693\/43405 tox|[from] psn\n|upkeep\n|turn|5\n|\n|t:|1606339052\n|switch|p2a: hi.|Blissey, L9999, F|70402\/70402\n|-transform|p2a: hi.|p1a: Ikubung|[from] ability: Imposter\n|move|p1a: Ikubung|Refresh|p1a: Ikubung\n|-curestatus|p1a: Ikubung|tox|[msg]\n|\n|-weather|PrimordialSea|[upkeep]\n|-heal|p1a: Ikubung|43405\/43405|[from] item: Leftovers\n|-fieldend|move: Psychic Terrain\n|upkeep\n|turn|6\n|\n|t:|1606339068\n|move|p2a: hi.|Judgment|p1a: Ikubung\n|-immune|p1a: Ikubung\n|move|p1a: Ikubung|Shadow Force||[still]\n|-prepare|p1a: Ikubung|Shadow Force\n|\n|-weather|PrimordialSea|[upkeep]\n|upkeep\n|turn|7\n|\n|t:|1606339074\n|move|p1a: Ikubung|Shadow Force|p2a: hi.|[from]lockedmove\n|-supereffective|p2a: hi.\n|-damage|p2a: hi.|43898\/70402\n|move|p2a: hi.|Cosmic Power|p2a: hi.\n|-boost|p2a: hi.|def|1\n|-boost|p2a: hi.|spd|1\n|\n|-weather|PrimordialSea|[upkeep]\n|-heal|p2a: hi.|48298\/70402|[from] item: Leftovers\n|upkeep\n|turn|8\n|inactive|Battle timer is ON: inactive players will automatically lose when time's up. (requested by BryboVelocity)\n|\n|t:|1606339091\n|move|p2a: hi.|Shadow Ball|p1a: Ikubung\n|-supereffective|p1a: Ikubung\n|-damage|p1a: Ikubung|26119\/43405\n|-unboost|p1a: Ikubung|spd|1\n|move|p1a: Ikubung|Shadow Ball|p2a: hi.\n|-supereffective|p2a: hi.\n|-damage|p2a: hi.|36902\/70402\n|\n|-weather|PrimordialSea|[upkeep]\n|-heal|p1a: Ikubung|28831\/43405|[from] item: Leftovers\n|-heal|p2a: hi.|41302\/70402|[from] item: Leftovers\n|upkeep\n|turn|9\n|\n|t:|1606339104\n|move|p1a: Ikubung|Cosmic Power|p1a: Ikubung\n|-boost|p1a: Ikubung|def|1\n|-boost|p1a: Ikubung|spd|1\n|move|p2a: hi.|Shadow Ball|p1a: Ikubung\n|-supereffective|p1a: Ikubung\n|-damage|p1a: Ikubung|10585\/43405\n|\n|-weather|PrimordialSea|[upkeep]\n|-heal|p1a: Ikubung|13297\/43405|[from] item: Leftovers\n|-heal|p2a: hi.|45702\/70402|[from] item: Leftovers\n|upkeep\n|turn|10\n|\n|t:|1606339109\n|move|p1a: Ikubung|Shadow Force||[still]\n|-prepare|p1a: Ikubung|Shadow Force\n|move|p2a: hi.|Shadow Ball|p1a: Ikubung|[miss]\n|-miss|p2a: hi.|p1a: Ikubung\n|\n|-weather|PrimordialSea|[upkeep]\n|-heal|p1a: Ikubung|16009\/43405|[from] item: Leftovers\n|-heal|p2a: hi.|50102\/70402|[from] item: Leftovers\n|upkeep\n|turn|11\n|\n|t:|1606339113\n|move|p1a: Ikubung|Shadow Force|p2a: hi.|[from]lockedmove\n|-supereffective|p2a: hi.\n|-damage|p2a: hi.|31856\/70402\n|move|p2a: hi.|Shadow Ball|p1a: Ikubung\n|-supereffective|p1a: Ikubung\n|-damage|p1a: Ikubung|0 fnt\n|faint|p1a: Ikubung\n|\n|-weather|PrimordialSea|[upkeep]\n|-heal|p2a: hi.|36256\/70402|[from] item: Leftovers\n|upkeep\n|\n|t:|1606339122\n|switch|p1a: GHOUL WOOOH|Calyrex-Shadow, L9999, shiny|39406\/39406\n|turn|12\n|\n|t:|1606339130\n|move|p1a: GHOUL WOOOH|Sinister Arrow Raid|p2a: hi.\n|-supereffective|p2a: hi.\n|-damage|p2a: hi.|15760\/70402\n|move|p2a: hi.|Shadow Force||[still]\n|-prepare|p2a: hi.|Shadow Force\n|\n|-weather|PrimordialSea|[upkeep]\n|-heal|p2a: hi.|20160\/70402|[from] item: Leftovers\n|-status|p1a: GHOUL WOOOH|brn|[from] item: Flame Orb\n|upkeep\n|turn|13\n|\n|t:|1606339146\n|move|p2a: hi.|Shadow Force|p1a: GHOUL WOOOH|[from]lockedmove\n|debug|Wonder Guard immunity: shadowforce\n|-supereffective|p1a: GHOUL WOOOH\n|-damage|p1a: GHOUL WOOOH|0 fnt\n|faint|p1a: GHOUL WOOOH\n|\n|-weather|PrimordialSea|[upkeep]\n|-heal|p2a: hi.|24560\/70402|[from] item: Leftovers\n|upkeep\n|\n|t:|1606339150\n|switch|p1a: Travis Scott 2|Komala, L9999, M, shiny|32406\/32406\n|turn|14\n|j| Mbouchon\n|\n|t:|1606339154\n|move|p2a: hi.|Will-O-Wisp|p1a: Travis Scott 2\n|-status|p1a: Travis Scott 2|brn\n|move|p1a: Travis Scott 2|U-turn|p2a: hi.\n|-resisted|p2a: hi.\n|-damage|p2a: hi.|23745\/70402\n|\n|t:|1606339161\n|switch|p1a: Vulpix (Alolan)|Calyrex-Ice, L9999, shiny|39406\/39406\n|-ability|p1a: Vulpix (Alolan)|Snow Warning|[from] primordialsea|[fail]\n|\n|-weather|PrimordialSea|[upkeep]\n|-heal|p2a: hi.|28145\/70402|[from] item: Leftovers\n|upkeep\n|turn|15\n|l| Mbouchon\n|\n|t:|1606339170\n|move|p2a: hi.|Will-O-Wisp|p1a: Vulpix (Alolan)\n|-status|p1a: Vulpix (Alolan)|brn\n|move|p1a: Vulpix (Alolan)|Glacial Lance|p2a: hi.\n|-enditem|p1a: Vulpix (Alolan)|Ice Gem|[from] gem\n|debug|Gem Boost\n|-damage|p2a: hi.|19647\/70402\n|\n|-weather|PrimordialSea|[upkeep]\n|-heal|p2a: hi.|24047\/70402|[from] item: Leftovers\n|-damage|p1a: Vulpix (Alolan)|36944\/39406 brn|[from] brn\n|upkeep\n|turn|16\n|\n|t:|1606339178\n|move|p2a: hi.|Recover|p2a: hi.\n|-heal|p2a: hi.|59248\/70402\n|move|p1a: Vulpix (Alolan)|G-Max Befuddle|p2a: hi.\n|-resisted|p2a: hi.\n|-damage|p2a: hi.|59089\/70402\n|-status|p2a: hi.|psn\n|\n|-weather|PrimordialSea|[upkeep]\n|-heal|p2a: hi.|63489\/70402 psn|[from] item: Leftovers\n|-damage|p2a: hi.|54689\/70402 psn|[from] psn\n|-damage|p1a: Vulpix (Alolan)|34482\/39406 brn|[from] brn\n|upkeep\n|turn|17\n|\n|t:|1606339190\n|move|p1a: Vulpix (Alolan)|G-Max Befuddle|p2a: hi.\n|-resisted|p2a: hi.\n|-damage|p2a: hi.|54533\/70402 psn\n|move|p2a: hi.|Refresh|p2a: hi.\n|-curestatus|p2a: hi.|psn|[msg]\n|\n|-weather|PrimordialSea|[upkeep]\n|-heal|p2a: hi.|58933\/70402|[from] item: Leftovers\n|-damage|p1a: Vulpix (Alolan)|32020\/39406 brn|[from] brn\n|upkeep\n|turn|18\n|\n|t:|1606339195\n|move|p2a: hi.|Calm Mind|p2a: hi.\n|-boost|p2a: hi.|spa|1\n|-boost|p2a: hi.|spd|1\n|move|p1a: Vulpix (Alolan)|G-Max Befuddle|p2a: hi.\n|-resisted|p2a: hi.\n|-damage|p2a: hi.|58772\/70402\n|-status|p2a: hi.|psn\n|\n|-weather|PrimordialSea|[upkeep]\n|-heal|p2a: hi.|63172\/70402 psn|[from] item: Leftovers\n|-damage|p2a: hi.|54372\/70402 psn|[from] psn\n|-damage|p1a: Vulpix (Alolan)|29558\/39406 brn|[from] brn\n|upkeep\n|turn|19\n|\n|t:|1606339205\n|move|p2a: hi.|Refresh|p2a: hi.\n|-curestatus|p2a: hi.|psn|[msg]\n|move|p1a: Vulpix (Alolan)|G-Max Befuddle|p2a: hi.\n|-resisted|p2a: hi.\n|-damage|p2a: hi.|54208\/70402\n|-status|p2a: hi.|slp\n|\n|-weather|PrimordialSea|[upkeep]\n|-heal|p2a: hi.|58608\/70402 slp|[from] item: Leftovers\n|-damage|p1a: Vulpix (Alolan)|27096\/39406 brn|[from] brn\n|upkeep\n|turn|20\n|\n|t:|1606339213\n|cant|p2a: hi.|slp\n|move|p1a: Vulpix (Alolan)|Glacial Lance|p2a: hi.\n|-damage|p2a: hi.|52665\/70402 slp\n|\n|-weather|PrimordialSea|[upkeep]\n|-heal|p2a: hi.|57065\/70402 slp|[from] item: Leftovers\n|-damage|p1a: Vulpix (Alolan)|24634\/39406 brn|[from] brn\n|upkeep\n|turn|21\n|\n|t:|1606339219\n|switch|p1a: Slurp Juice|Zygarde, L9999, shiny|41005\/41005\n|cant|p2a: hi.|slp\n|\n|-weather|PrimordialSea|[upkeep]\n|-heal|p2a: hi.|61465\/70402 slp|[from] item: Leftovers\n|upkeep\n|turn|22\n|\n|t:|1606339224\n|-curestatus|p2a: hi.|slp|[msg]\n|move|p2a: hi.|Ice Beam|p1a: Slurp Juice\n|-supereffective|p1a: Slurp Juice\n|-damage|p1a: Slurp Juice|0 fnt\n|faint|p1a: Slurp Juice\n|\n|-weather|PrimordialSea|[upkeep]\n|-heal|p2a: hi.|65865\/70402|[from] item: Leftovers\n|upkeep\n|\n|t:|1606339231\n|switch|p1a: Travis Scott 2|Komala, L9999, M, shiny|32406\/32406 brn\n|turn|23\n|\n|t:|1606339239\n|move|p2a: hi.|Cosmic Power|p2a: hi.\n|-boost|p2a: hi.|def|1\n|-boost|p2a: hi.|spd|1\n|move|p1a: Travis Scott 2|Extreme Evoboost|p1a: Travis Scott 2\n|-boost|p1a: Travis Scott 2|atk|2\n|-boost|p1a: Travis Scott 2|def|2\n|-boost|p1a: Travis Scott 2|spa|2\n|-boost|p1a: Travis Scott 2|spd|2\n|-boost|p1a: Travis Scott 2|spe|2\n|\n|-weather|PrimordialSea|[upkeep]\n|-heal|p2a: hi.|70265\/70402|[from] item: Leftovers\n|-damage|p1a: Travis Scott 2|30381\/32406 brn|[from] brn\n|upkeep\n|turn|24\n|\n|t:|1606339245\n|move|p1a: Travis Scott 2|Wood Hammer|p2a: hi.\n|-damage|p2a: hi.|66306\/70402\n|-damage|p1a: Travis Scott 2|29075\/32406 brn|[from] Recoil\n|move|p2a: hi.|Calm Mind|p2a: hi.\n|-boost|p2a: hi.|spa|1\n|-boost|p2a: hi.|spd|1\n|\n|-weather|PrimordialSea|[upkeep]\n|-heal|p2a: hi.|70402\/70402|[from] item: Leftovers\n|-damage|p1a: Travis Scott 2|27050\/32406 brn|[from] brn\n|upkeep\n|turn|25\n|\n|t:|1606339248\n|move|p2a: hi.|Cosmic Power|p2a: hi.\n|-boost|p2a: hi.|def|1\n|-boost|p2a: hi.|spd|1\n|move|p1a: Travis Scott 2|Pulverizing Pancake|p2a: hi.\n|-immune|p2a: hi.\n|\n|-weather|PrimordialSea|[upkeep]\n|-damage|p1a: Travis Scott 2|25025\/32406 brn|[from] brn\n|upkeep\n|turn|26\n|\n|t:|1606339252\n|move|p2a: hi.|Cosmic Power|p2a: hi.\n|-boost|p2a: hi.|def|1\n|-boost|p2a: hi.|spd|1\n|move|p1a: Travis Scott 2|Wood Hammer|p2a: hi.\n|-damage|p2a: hi.|67390\/70402\n|-damage|p1a: Travis Scott 2|24031\/32406 brn|[from] Recoil\n|\n|-weather|PrimordialSea|[upkeep]\n|-heal|p2a: hi.|70402\/70402|[from] item: Leftovers\n|-damage|p1a: Travis Scott 2|22006\/32406 brn|[from] brn\n|upkeep\n|turn|27\n|\n|t:|1606339255\n|move|p1a: Travis Scott 2|Wood Hammer|p2a: hi.\n|-damage|p2a: hi.|67732\/70402\n|-damage|p1a: Travis Scott 2|21125\/32406 brn|[from] Recoil\n|move|p2a: hi.|Cosmic Power|p2a: hi.\n|-boost|p2a: hi.|def|1\n|-boost|p2a: hi.|spd|0\n|\n|-weather|PrimordialSea|[upkeep]\n|-heal|p2a: hi.|70402\/70402|[from] item: Leftovers\n|-damage|p1a: Travis Scott 2|19100\/32406 brn|[from] brn\n|upkeep\n|turn|28\n|\n|t:|1606339260\n|move|p1a: Travis Scott 2|U-turn|p2a: hi.\n|-resisted|p2a: hi.\n|-damage|p2a: hi.|69657\/70402\n|\n|t:|1606339264\n|switch|p1a: FortniteGame12|Zeraora, L9999, shiny|37006\/37006\n|move|p2a: hi.|Calm Mind|p2a: hi.\n|-boost|p2a: hi.|spa|1\n|-boost|p2a: hi.|spd|0\n|\n|-weather|PrimordialSea|[upkeep]\n|-heal|p2a: hi.|70402\/70402|[from] item: Leftovers\n|upkeep\n|turn|29\n|l| VictoriaTheCutie\n|\n|t:|1606339272\n|move|p1a: FortniteGame12|Catastropika|p2a: hi.\n|debug|Negating (sp)def boost\/penalty.\n|-crit|p2a: hi.\n|-damage|p2a: hi.|30226\/70402\n|move|p2a: hi.|Ice Beam|p1a: FortniteGame12\n|-damage|p1a: FortniteGame12|14989\/37006\n|-status|p1a: FortniteGame12|frz\n|\n|-weather|PrimordialSea|[upkeep]\n|-heal|p2a: hi.|34626\/70402|[from] item: Leftovers\n|upkeep\n|turn|30\n|-message|BryboVelocity forfeited.\n|\n|win|I'M AT MY LIMIT!\n|l|\u2606BryboVelocity\n","uploadtime":1606339328,"views":4,"p1id":"brybovelocity","p2id":"imatmylimit","formatid":"gen8customgame","rating":0,"private":0,"password":null}