{"id":"gen8ou-1427088304","p1":"early_human","p2":"Steez Ibanez","format":"gen8ou","log":"|j|\u2606early_human\n|j|\u2606Steez Ibanez\n|t:|1633059379\n|gametype|singles\n|player|p1|early_human|dancer|1867\n|player|p2|Steez Ibanez|pokemonranger-gen4|1888\n|teamsize|p1|6\n|teamsize|p2|6\n|gen|8\n|tier|[Gen 8] OU\n|rated|\n|rule|Sleep Clause Mod: Limit one foe put to sleep\n|rule|Species Clause: Limit one of each Pok\u00e9mon\n|rule|OHKO Clause: OHKO moves are banned\n|rule|Evasion Moves Clause: Evasion moves are banned\n|rule|Endless Battle Clause: Forcing endless battles is banned\n|rule|HP Percentage Mod: HP is shown in percentages\n|rule|Dynamax Clause: You cannot dynamax\n|clearpoke\n|poke|p1|Moltres-Galar|\n|poke|p1|Aegislash, F|\n|poke|p1|Buzzwole|\n|poke|p1|Latios, M|\n|poke|p1|Landorus-Therian, M|\n|poke|p1|Bisharp, F|\n|poke|p2|Zeraora|\n|poke|p2|Zapdos-Galar|\n|poke|p2|Ferrothorn, M|\n|poke|p2|Landorus-Therian, M|\n|poke|p2|Tapu Fini|\n|poke|p2|Garchomp, M|\n|teampreview\n|j| Ctannn\n|j| juicelol\n|j| PKMN Angler\n|\n|t:|1633059411\n|start\n|switch|p1a: Buzzwole|Buzzwole|100\/100\n|switch|p2a: Kenny Omega|Zapdos-Galar|100\/100\n|turn|1\n|j| westcottike\n|\n|t:|1633059423\n|switch|p1a: Aegislash|Aegislash, F|100\/100\n|move|p2a: Kenny Omega|Brave Bird|p1a: Aegislash\n|-resisted|p1a: Aegislash\n|-damage|p1a: Aegislash|65\/100\n|-damage|p2a: Kenny Omega|89\/100|[from] Recoil\n|\n|upkeep\n|turn|2\n|\n|t:|1633059426\n|switch|p2a: Samehada|Garchomp, M|100\/100\n|-formechange|p1a: Aegislash|Aegislash-Blade||[from] ability: Stance Change\n|move|p1a: Aegislash|Shadow Ball|p2a: Samehada\n|-damage|p2a: Samehada|52\/100\n|-unboost|p2a: Samehada|spd|1\n|\n|-heal|p2a: Samehada|58\/100|[from] item: Leftovers\n|upkeep\n|turn|3\n|\n|t:|1633059429\n|switch|p1a: Landorus|Landorus-Therian, M|100\/100\n|-ability|p1a: Landorus|Intimidate|boost\n|-unboost|p2a: Samehada|atk|1\n|move|p2a: Samehada|Earthquake|p1a: Landorus\n|-immune|p1a: Landorus\n|\n|-heal|p2a: Samehada|64\/100|[from] item: Leftovers\n|upkeep\n|turn|4\n|\n|t:|1633059435\n|move|p2a: Samehada|Stealth Rock|p1a: Landorus\n|-sidestart|p1: early_human|move: Stealth Rock\n|move|p1a: Landorus|Stealth Rock|p2a: Samehada\n|-sidestart|p2: Steez Ibanez|move: Stealth Rock\n|\n|-heal|p2a: Samehada|70\/100|[from] item: Leftovers\n|upkeep\n|turn|5\n|\n|t:|1633059439\n|switch|p2a: Kenny Omega|Zapdos-Galar|89\/100\n|-damage|p2a: Kenny Omega|76\/100|[from] Stealth Rock\n|move|p1a: Landorus|Earthquake|p2a: Kenny Omega\n|-immune|p2a: Kenny Omega\n|\n|upkeep\n|turn|6\n|\n|t:|1633059455\n|switch|p1a: Bisharp|Bisharp, F|100\/100\n|-damage|p1a: Bisharp|94\/100|[from] Stealth Rock\n|move|p2a: Kenny Omega|U-turn|p1a: Bisharp\n|-damage|p1a: Bisharp|50\/100\n|\n|t:|1633059461\n|switch|p2a: Samehada|Garchomp, M|70\/100|[from]move: U-turn\n|-damage|p2a: Samehada|64\/100|[from] Stealth Rock\n|\n|-heal|p2a: Samehada|70\/100|[from] item: Leftovers\n|upkeep\n|turn|7\n|\n|t:|1633059464\n|switch|p1a: Buzzwole|Buzzwole|100\/100\n|-damage|p1a: Buzzwole|88\/100|[from] Stealth Rock\n|move|p2a: Samehada|Earthquake|p1a: Buzzwole\n|-resisted|p1a: Buzzwole\n|-damage|p1a: Buzzwole|69\/100\n|\n|-heal|p2a: Samehada|76\/100|[from] item: Leftovers\n|upkeep\n|turn|8\n|\n|t:|1633059470\n|switch|p2a: Watcher|Tapu Fini|100\/100\n|-damage|p2a: Watcher|88\/100|[from] Stealth Rock\n|-fieldstart|move: Misty Terrain|[from] ability: Misty Surge|[of] p2a: Watcher\n|move|p1a: Buzzwole|Close Combat|p2a: Watcher\n|-resisted|p2a: Watcher\n|-damage|p2a: Watcher|54\/100\n|-unboost|p1a: Buzzwole|def|1\n|-unboost|p1a: Buzzwole|spd|1\n|\n|-heal|p2a: Watcher|60\/100|[from] item: Leftovers\n|upkeep\n|turn|9\n|\n|t:|1633059475\n|switch|p1a: Bisharp|Bisharp, F|50\/100\n|-damage|p1a: Bisharp|44\/100|[from] Stealth Rock\n|move|p2a: Watcher|Calm Mind|p2a: Watcher\n|-boost|p2a: Watcher|spa|1\n|-boost|p2a: Watcher|spd|1\n|\n|-heal|p2a: Watcher|66\/100|[from] item: Leftovers\n|upkeep\n|turn|10\n|\n|t:|1633059478\n|switch|p2a: Abomination|Ferrothorn, M|100\/100\n|-damage|p2a: Abomination|95\/100|[from] Stealth Rock\n|move|p1a: Bisharp|Iron Head|p2a: Abomination\n|-resisted|p2a: Abomination\n|-damage|p2a: Abomination|83\/100\n|-damage|p1a: Bisharp|31\/100|[from] ability: Iron Barbs|[of] p2a: Abomination\n|-damage|p1a: Bisharp|15\/100|[from] item: Rocky Helmet|[of] p2a: Abomination\n|\n|upkeep\n|turn|11\n|\n|t:|1633059482\n|move|p1a: Bisharp|Knock Off|p2a: Abomination\n|-damage|p2a: Abomination|53\/100\n|-damage|p1a: Bisharp|2\/100|[from] ability: Iron Barbs|[of] p2a: Abomination\n|-damage|p1a: Bisharp|0 fnt|[from] item: Rocky Helmet|[of] p2a: Abomination\n|faint|p1a: Bisharp\n|move|p2a: Abomination|Spikes|p1: Bisharp\n|-sidestart|p1: early_human|Spikes\n|\n|upkeep\n|\n|t:|1633059486\n|switch|p1a: Buzzwole|Buzzwole|69\/100\n|-damage|p1a: Buzzwole|56\/100|[from] Spikes\n|-damage|p1a: Buzzwole|44\/100|[from] Stealth Rock\n|turn|12\n|\n|t:|1633059489\n|move|p1a: Buzzwole|Close Combat|p2a: Abomination\n|-supereffective|p2a: Abomination\n|-damage|p2a: Abomination|0 fnt\n|-unboost|p1a: Buzzwole|def|1\n|-unboost|p1a: Buzzwole|spd|1\n|-damage|p1a: Buzzwole|31\/100|[from] ability: Iron Barbs|[of] p2a: Abomination\n|-damage|p1a: Buzzwole|15\/100|[from] item: Rocky Helmet|[of] p2a: Abomination\n|faint|p2a: Abomination\n|-ability|p1a: Buzzwole|Beast Boost|boost\n|-boost|p1a: Buzzwole|atk|1\n|\n|-fieldend|Misty Terrain\n|upkeep\n|\n|t:|1633059495\n|switch|p2a: Samehada|Garchomp, M|76\/100\n|-damage|p2a: Samehada|70\/100|[from] Stealth Rock\n|turn|13\n|\n|t:|1633059497\n|move|p2a: Samehada|Fire Fang|p1a: Buzzwole\n|-supereffective|p1a: Buzzwole\n|-damage|p1a: Buzzwole|0 fnt\n|faint|p1a: Buzzwole\n|\n|-heal|p2a: Samehada|76\/100|[from] item: Leftovers\n|upkeep\n|\n|t:|1633059499\n|switch|p1a: Latios|Latios, M|100\/100\n|-damage|p1a: Latios|88\/100|[from] Stealth Rock\n|turn|14\n|\n|t:|1633059511\n|move|p1a: Latios|Psychic|p2a: Samehada\n|-damage|p2a: Samehada|14\/100\n|move|p2a: Samehada|Stealth Rock||[still]\n|-fail|p2a: Samehada\n|\n|-heal|p2a: Samehada|20\/100|[from] item: Leftovers\n|upkeep\n|turn|15\n|\n|t:|1633059519\n|move|p1a: Latios|Future Sight|p2a: Samehada\n|-start|p1a: Latios|move: Future Sight\n|move|p2a: Samehada|Stealth Rock||[still]\n|-fail|p2a: Samehada\n|\n|-heal|p2a: Samehada|26\/100|[from] item: Leftovers\n|upkeep\n|turn|16\n|\n|t:|1633059524\n|move|p1a: Latios|Psychic|p2a: Samehada\n|-damage|p2a: Samehada|0 fnt\n|faint|p2a: Samehada\n|\n|upkeep\n|\n|t:|1633059527\n|switch|p2a: Simba|Landorus-Therian, M|100\/100\n|-damage|p2a: Simba|88\/100|[from] Stealth Rock\n|-ability|p2a: Simba|Intimidate|boost\n|-unboost|p1a: Latios|atk|1\n|turn|17\n|\n|t:|1633059533\n|move|p2a: Simba|Knock Off|p1a: Latios\n|-supereffective|p1a: Latios\n|-damage|p1a: Latios|0 fnt\n|-enditem|p1a: Latios|Soul Dew|[from] move: Knock Off|[of] p2a: Simba\n|faint|p1a: Latios\n|\n|-end|p2a: Simba|move: Future Sight\n|-damage|p2a: Simba|14\/100\n|upkeep\n|\n|t:|1633059538\n|switch|p1a: Moltres|Moltres-Galar|100\/100\n|turn|18\n|\n|t:|1633059550\n|switch|p2a: Jotaro|Zeraora|100\/100\n|move|p1a: Moltres|Fiery Wrath|p2a: Jotaro\n|-crit|p2a: Jotaro\n|-damage|p2a: Jotaro|24\/100\n|\n|upkeep\n|turn|19\n|\n|t:|1633059553\n|switch|p1a: Landorus|Landorus-Therian, M|100\/100\n|-damage|p1a: Landorus|88\/100|[from] Stealth Rock\n|-ability|p1a: Landorus|Intimidate|boost\n|-unboost|p2a: Jotaro|atk|1\n|move|p2a: Jotaro|Toxic|p1a: Landorus|[miss]\n|-miss|p2a: Jotaro|p1a: Landorus\n|\n|upkeep\n|turn|20\n|j| Braullynn\n|\n|t:|1633059562\n|switch|p1a: Aegislash|Aegislash, F|65\/100\n|-damage|p1a: Aegislash|59\/100|[from] Stealth Rock\n|-damage|p1a: Aegislash|46\/100|[from] Spikes\n|move|p2a: Jotaro|Knock Off|p1a: Aegislash\n|-supereffective|p1a: Aegislash\n|-damage|p1a: Aegislash|15\/100\n|-enditem|p1a: Aegislash|Weakness Policy\n|-boost|p1a: Aegislash|atk|2|[from] item: Weakness Policy\n|-boost|p1a: Aegislash|spa|2|[from] item: Weakness Policy\n|\n|upkeep\n|turn|21\n|\n|t:|1633059567\n|-formechange|p1a: Aegislash|Aegislash-Blade||[from] ability: Stance Change\n|move|p1a: Aegislash|Shadow Sneak|p2a: Jotaro\n|-damage|p2a: Jotaro|0 fnt\n|faint|p2a: Jotaro\n|\n|upkeep\n|\n|t:|1633059571\n|switch|p2a: Watcher|Tapu Fini|66\/100\n|-damage|p2a: Watcher|54\/100|[from] Stealth Rock\n|-fieldstart|move: Misty Terrain|[from] ability: Misty Surge|[of] p2a: Watcher\n|turn|22\n|\n|t:|1633059574\n|move|p2a: Watcher|Surf|p1a: Aegislash\n|-damage|p1a: Aegislash|0 fnt\n|faint|p1a: Aegislash\n|\n|-heal|p2a: Watcher|60\/100|[from] item: Leftovers\n|upkeep\n|\n|t:|1633059584\n|switch|p1a: Moltres|Moltres-Galar|100\/100\n|turn|23\n|\n|t:|1633059591\n|move|p1a: Moltres|Agility|p1a: Moltres\n|-boost|p1a: Moltres|spe|2\n|move|p2a: Watcher|Calm Mind|p2a: Watcher\n|-boost|p2a: Watcher|spa|1\n|-boost|p2a: Watcher|spd|1\n|\n|-heal|p2a: Watcher|66\/100|[from] item: Leftovers\n|upkeep\n|turn|24\n|\n|t:|1633059594\n|move|p1a: Moltres|Nasty Plot|p1a: Moltres\n|-boost|p1a: Moltres|spa|2\n|move|p2a: Watcher|Calm Mind|p2a: Watcher\n|-boost|p2a: Watcher|spa|1\n|-boost|p2a: Watcher|spd|1\n|\n|-heal|p2a: Watcher|73\/100|[from] item: Leftovers\n|upkeep\n|turn|25\n|\n|t:|1633059596\n|move|p1a: Moltres|Nasty Plot|p1a: Moltres\n|-boost|p1a: Moltres|spa|2\n|move|p2a: Watcher|Draining Kiss|p1a: Moltres\n|-supereffective|p1a: Moltres\n|-damage|p1a: Moltres|39\/100\n|-heal|p2a: Watcher|100\/100|[from] drain|[of] p1a: Moltres\n|-ability|p1a: Moltres|Berserk|boost\n|-boost|p1a: Moltres|spa|1\n|\n|upkeep\n|turn|26\n|\n|t:|1633059599\n|move|p1a: Moltres|Hurricane|p2a: Watcher|[miss]\n|-miss|p1a: Moltres|p2a: Watcher\n|move|p2a: Watcher|Draining Kiss|p1a: Moltres\n|-supereffective|p1a: Moltres\n|-damage|p1a: Moltres|0 fnt\n|faint|p1a: Moltres\n|\n|-fieldend|Misty Terrain\n|upkeep\n|-message|early_human forfeited.\n|\n|win|Steez Ibanez\n|raw|early_human's rating: 1867 &rarr; <strong>1848<\/strong><br \/>(-19 for losing)\n|raw|Steez Ibanez's rating: 1888 &rarr; <strong>1907<\/strong><br \/>(+19 for winning)\n|l|\u2606early_human\n|l|\u2606Steez Ibanez\n|l| westcottike\n|c| PKMN Angler|so if you die from rocky helm it doesn't get knocked off?\n|c| PKMN Angler|odd\n","uploadtime":1633059676,"views":86,"p1id":"earlyhuman","p2id":"steezibanez","formatid":"gen8ou","rating":1848,"private":0,"password":null}