{"id":"gen8nationaldex-1534559954","p1":"fishy8995","p2":"Manuhker","format":"gen8nationaldex","log":"|j|\u2606fishy8995\n|j|\u2606Manuhker\n|t:|1647757804\n|gametype|singles\n|player|p1|fishy8995|102|1574\n|player|p2|Manuhker|102|1561\n|teamsize|p1|6\n|teamsize|p2|6\n|gen|8\n|tier|[Gen 8] National Dex\n|rated|\n|rule|HP Percentage Mod: HP is shown in percentages\n|rule|Endless Battle Clause: Forcing endless battles is banned\n|rule|OHKO Clause: OHKO moves are banned\n|rule|Evasion Moves Clause: Evasion moves are banned\n|rule|Species Clause: Limit one of each Pok\u00e9mon\n|rule|Dynamax Clause: You cannot dynamax\n|rule|Sleep Clause Mod: Limit one foe put to sleep\n|clearpoke\n|poke|p1|Hippowdon, M|\n|poke|p1|Tyranitar, F|\n|poke|p1|Excadrill, F|\n|poke|p1|Tapu Fini|\n|poke|p1|Toxapex, M|\n|poke|p1|Dracozolt|\n|poke|p2|Sceptile, M|\n|poke|p2|Nidoqueen, F|\n|poke|p2|Bibarel, M|\n|poke|p2|Darmanitan, M|\n|poke|p2|Spiritomb, M|\n|poke|p2|Skarmory, M|\n|teampreview\n|\n|t:|1647757822\n|start\n|switch|p1a: Tapu Fini|Tapu Fini|100\/100\n|switch|p2a: Darmanitan|Darmanitan, M|100\/100\n|-fieldstart|move: Misty Terrain|[from] ability: Misty Surge|[of] p1a: Tapu Fini\n|turn|1\n|\n|t:|1647757832\n|switch|p1a: Hippowdon|Hippowdon, M|100\/100\n|-weather|Sandstorm|[from] ability: Sand Stream|[of] p1a: Hippowdon\n|move|p2a: Darmanitan|U-turn|p1a: Hippowdon\n|-damage|p1a: Hippowdon|88\/100\n|\n|t:|1647757840\n|switch|p2a: Sceptile|Sceptile, M|100\/100|[from]move: U-turn\n|\n|-weather|Sandstorm|[upkeep]\n|-damage|p2a: Sceptile|94\/100|[from] Sandstorm\n|upkeep\n|turn|2\n|\n|t:|1647757856\n|detailschange|p2a: Sceptile|Sceptile-Mega, M\n|-mega|p2a: Sceptile|Sceptile|Sceptilite\n|move|p2a: Sceptile|Energy Ball|p1a: Hippowdon\n|-supereffective|p1a: Hippowdon\n|-damage|p1a: Hippowdon|0 fnt\n|faint|p1a: Hippowdon\n|\n|-weather|Sandstorm|[upkeep]\n|-damage|p2a: Sceptile|88\/100|[from] Sandstorm\n|upkeep\n|\n|t:|1647757859\n|switch|p1a: Dracozolt|Dracozolt|100\/100\n|turn|3\n|\n|t:|1647757867\n|switch|p2a: Nidoqueen|Nidoqueen, F|100\/100\n|move|p1a: Dracozolt|Dragon Claw|p2a: Nidoqueen\n|-damage|p2a: Nidoqueen|70\/100\n|-damage|p1a: Dracozolt|91\/100|[from] item: Life Orb\n|\n|-weather|Sandstorm|[upkeep]\n|upkeep\n|turn|4\n|\n|t:|1647757873\n|move|p1a: Dracozolt|Earthquake|p2a: Nidoqueen\n|-supereffective|p2a: Nidoqueen\n|-damage|p2a: Nidoqueen|0 fnt\n|faint|p2a: Nidoqueen\n|-damage|p1a: Dracozolt|81\/100|[from] item: Life Orb\n|\n|-weather|Sandstorm|[upkeep]\n|upkeep\n|\n|t:|1647757878\n|switch|p2a: Darmanitan|Darmanitan, M|100\/100\n|turn|5\n|\n|t:|1647757903\n|move|p1a: Dracozolt|Bolt Beak|p2a: Darmanitan\n|-damage|p2a: Darmanitan|0 fnt\n|faint|p2a: Darmanitan\n|-damage|p1a: Dracozolt|71\/100|[from] item: Life Orb\n|\n|-weather|Sandstorm|[upkeep]\n|-fieldend|Misty Terrain\n|upkeep\n|\n|t:|1647757909\n|switch|p2a: Spiritomb|Spiritomb, M, shiny|100\/100\n|turn|6\n|\n|t:|1647757914\n|move|p1a: Dracozolt|Bolt Beak|p2a: Spiritomb\n|-crit|p2a: Spiritomb\n|-damage|p2a: Spiritomb|0 fnt\n|faint|p2a: Spiritomb\n|-damage|p1a: Dracozolt|61\/100|[from] item: Life Orb\n|\n|-weather|Sandstorm|[upkeep]\n|upkeep\n|\n|t:|1647757919\n|switch|p2a: Skarmory|Skarmory, M|100\/100\n|turn|7\n|\n|t:|1647757921\n|move|p1a: Dracozolt|Bolt Beak|p2a: Skarmory\n|-supereffective|p2a: Skarmory\n|-ability|p2a: Skarmory|Sturdy\n|-damage|p2a: Skarmory|1\/100\n|-damage|p1a: Dracozolt|44\/100|[from] item: Rocky Helmet|[of] p2a: Skarmory\n|-damage|p1a: Dracozolt|34\/100|[from] item: Life Orb\n|move|p2a: Skarmory|Roost|p2a: Skarmory\n|-heal|p2a: Skarmory|51\/100\n|-singleturn|p2a: Skarmory|move: Roost\n|\n|-weather|Sandstorm|[upkeep]\n|upkeep\n|turn|8\n|\n|t:|1647757925\n|switch|p2a: Sceptile|Sceptile-Mega, M|88\/100\n|move|p1a: Dracozolt|Flamethrower|p2a: Sceptile\n|-damage|p2a: Sceptile|56\/100\n|-damage|p1a: Dracozolt|24\/100|[from] item: Life Orb\n|\n|-weather|none\n|upkeep\n|turn|9\n|\n|t:|1647757930\n|switch|p1a: Tyranitar|Tyranitar, F|100\/100\n|-weather|Sandstorm|[from] ability: Sand Stream|[of] p1a: Tyranitar\n|move|p2a: Sceptile|Energy Ball|p1a: Tyranitar\n|-supereffective|p1a: Tyranitar\n|-damage|p1a: Tyranitar|48\/100\n|\n|-weather|Sandstorm|[upkeep]\n|-damage|p2a: Sceptile|50\/100|[from] Sandstorm\n|upkeep\n|turn|10\n|\n|t:|1647757939\n|detailschange|p1a: Tyranitar|Tyranitar-Mega, F\n|-mega|p1a: Tyranitar|Tyranitar|Tyranitarite\n|move|p2a: Sceptile|Energy Ball|p1a: Tyranitar\n|-supereffective|p1a: Tyranitar\n|-damage|p1a: Tyranitar|0 fnt\n|faint|p1a: Tyranitar\n|\n|-weather|Sandstorm|[upkeep]\n|-damage|p2a: Sceptile|44\/100|[from] Sandstorm\n|upkeep\n|\n|t:|1647757947\n|switch|p1a: Dracozolt|Dracozolt|24\/100\n|turn|11\n|\n|t:|1647757949\n|switch|p2a: Skarmory|Skarmory, M|51\/100\n|move|p1a: Dracozolt|Dragon Claw|p2a: Skarmory\n|-resisted|p2a: Skarmory\n|-damage|p2a: Skarmory|36\/100\n|-damage|p1a: Dracozolt|8\/100|[from] item: Rocky Helmet|[of] p2a: Skarmory\n|-damage|p1a: Dracozolt|0 fnt|[from] item: Life Orb\n|faint|p1a: Dracozolt\n|\n|-weather|Sandstorm|[upkeep]\n|upkeep\n|\n|t:|1647757954\n|switch|p1a: Tapu Fini|Tapu Fini|100\/100\n|-fieldstart|move: Misty Terrain|[from] ability: Misty Surge|[of] p1a: Tapu Fini\n|turn|12\n|\n|t:|1647757957\n|move|p1a: Tapu Fini|Whirlpool|p2a: Skarmory\n|-damage|p2a: Skarmory|23\/100\n|-activate|p2a: Skarmory|move: Whirlpool|[of] p1a: Tapu Fini\n|move|p2a: Skarmory|Roost|p2a: Skarmory\n|-heal|p2a: Skarmory|73\/100\n|-singleturn|p2a: Skarmory|move: Roost\n|\n|-weather|Sandstorm|[upkeep]\n|-damage|p1a: Tapu Fini|94\/100|[from] Sandstorm\n|-heal|p1a: Tapu Fini|100\/100|[from] item: Leftovers\n|-damage|p2a: Skarmory|61\/100|[from] move: Whirlpool|[partiallytrapped]\n|upkeep\n|turn|13\n|\n|t:|1647757961\n|move|p1a: Tapu Fini|Taunt|p2a: Skarmory\n|-start|p2a: Skarmory|move: Taunt\n|move|p2a: Skarmory|Brave Bird|p1a: Tapu Fini\n|-damage|p1a: Tapu Fini|77\/100\n|-damage|p2a: Skarmory|53\/100|[from] Recoil\n|\n|-weather|none\n|-heal|p1a: Tapu Fini|83\/100|[from] item: Leftovers\n|-damage|p2a: Skarmory|40\/100|[from] move: Whirlpool|[partiallytrapped]\n|upkeep\n|turn|14\n|\n|t:|1647757963\n|move|p1a: Tapu Fini|Nature's Madness|p2a: Skarmory\n|-damage|p2a: Skarmory|21\/100\n|move|p2a: Skarmory|Brave Bird|p1a: Tapu Fini\n|-damage|p1a: Tapu Fini|62\/100\n|-damage|p2a: Skarmory|13\/100|[from] Recoil\n|\n|-heal|p1a: Tapu Fini|68\/100|[from] item: Leftovers\n|-damage|p2a: Skarmory|1\/100|[from] move: Whirlpool|[partiallytrapped]\n|upkeep\n|turn|15\n|\n|t:|1647757972\n|move|p1a: Tapu Fini|Nature's Madness|p2a: Skarmory\n|-damage|p2a: Skarmory|1\/100\n|move|p2a: Skarmory|Brave Bird|p1a: Tapu Fini\n|-damage|p1a: Tapu Fini|46\/100\n|-damage|p2a: Skarmory|0 fnt|[from] Recoil\n|faint|p2a: Skarmory\n|\n|-heal|p1a: Tapu Fini|52\/100|[from] item: Leftovers\n|upkeep\n|\n|t:|1647757975\n|switch|p2a: Bibarel|Bibarel, M, shiny|100\/100\n|turn|16\n|\n|t:|1647757981\n|move|p2a: Bibarel|Swords Dance|p2a: Bibarel\n|-boost|p2a: Bibarel|atk|4\n|move|p1a: Tapu Fini|Taunt|p2a: Bibarel\n|-start|p2a: Bibarel|move: Taunt\n|\n|-heal|p1a: Tapu Fini|58\/100|[from] item: Leftovers\n|-fieldend|Misty Terrain\n|upkeep\n|turn|17\n|\n|t:|1647757988\n|-zpower|p2a: Bibarel\n|move|p2a: Bibarel|Z-Yawn|p1a: Tapu Fini|[anim]Yawn\n|-boost|p2a: Bibarel|spe|1|[zeffect]\n|-start|p1a: Tapu Fini|move: Yawn|[of] p2a: Bibarel\n|move|p1a: Tapu Fini|Nature's Madness|p2a: Bibarel\n|-damage|p2a: Bibarel|51\/100\n|\n|-heal|p1a: Tapu Fini|64\/100|[from] item: Leftovers\n|upkeep\n|turn|18\n|\n|t:|1647757995\n|move|p2a: Bibarel|Return|p1a: Tapu Fini\n|-damage|p1a: Tapu Fini|0 fnt\n|faint|p1a: Tapu Fini\n|\n|upkeep\n|\n|t:|1647758001\n|switch|p1a: Excadrill|Excadrill, F|100\/100\n|turn|19\n|\n|t:|1647758002\n|move|p2a: Bibarel|Waterfall|p1a: Excadrill\n|-supereffective|p1a: Excadrill\n|-enditem|p1a: Excadrill|Focus Sash\n|-damage|p1a: Excadrill|1\/100\n|cant|p1a: Excadrill|flinch\n|\n|-end|p2a: Bibarel|move: Taunt\n|upkeep\n|turn|20\n|\n|t:|1647758006\n|move|p2a: Bibarel|Waterfall|p1a: Excadrill\n|-supereffective|p1a: Excadrill\n|-damage|p1a: Excadrill|0 fnt\n|faint|p1a: Excadrill\n|\n|upkeep\n|\n|t:|1647758008\n|switch|p1a: Toxapex|Toxapex, M|100\/100\n|turn|21\n|\n|t:|1647758013\n|move|p2a: Bibarel|Yawn|p1a: Toxapex\n|-start|p1a: Toxapex|move: Yawn|[of] p2a: Bibarel\n|move|p1a: Toxapex|Stockpile|p1a: Toxapex\n|-start|p1a: Toxapex|stockpile1\n|-boost|p1a: Toxapex|def|1\n|-boost|p1a: Toxapex|spd|1\n|\n|upkeep\n|turn|22\n|\n|t:|1647758017\n|move|p2a: Bibarel|Return|p1a: Toxapex\n|-damage|p1a: Toxapex|38\/100\n|move|p1a: Toxapex|Stockpile|p1a: Toxapex\n|-start|p1a: Toxapex|stockpile2\n|-boost|p1a: Toxapex|def|1\n|-boost|p1a: Toxapex|spd|1\n|\n|-heal|p1a: Toxapex|45\/100|[from] item: Black Sludge\n|-end|p1a: Toxapex|move: Yawn|[silent]\n|-status|p1a: Toxapex|slp\n|upkeep\n|turn|23\n|\n|t:|1647758020\n|move|p2a: Bibarel|Swords Dance|p2a: Bibarel\n|-boost|p2a: Bibarel|atk|2\n|cant|p1a: Toxapex|slp\n|\n|-heal|p1a: Toxapex|51\/100 slp|[from] item: Black Sludge\n|upkeep\n|turn|24\n|\n|t:|1647758023\n|move|p2a: Bibarel|Return|p1a: Toxapex\n|-damage|p1a: Toxapex|0 fnt\n|faint|p1a: Toxapex\n|\n|win|Manuhker\n|raw|fishy8995's rating: 1574 &rarr; <strong>1553<\/strong><br \/>(-21 for losing)\n|raw|Manuhker's rating: 1561 &rarr; <strong>1582<\/strong><br \/>(+21 for winning)\n|l|\u2606fishy8995\n","uploadtime":1647758029,"views":20,"p1id":"fishy8995","p2id":"manuhker","formatid":"gen8nationaldex","rating":1553,"private":0,"password":null}