{"id":"gen8ou-1676178876","p1":"Capital Cruiser","p2":"Guest 5890168","format":"gen8ou","log":"|j|\u203dCapital Cruiser\n|j|\u203dGuest 5890168\n|t:|1664760129\n|gametype|singles\n|player|p1|Capital Cruiser|cheren-gen5bw2|1583\n|player|p2|Guest 5890168|170|1640\n|teamsize|p1|6\n|teamsize|p2|6\n|gen|8\n|tier|[Gen 8] OU\n|rated|\n|rule|Sleep Clause Mod: Limit one foe put to sleep\n|rule|Species Clause: Limit one of each Pok\u00e9mon\n|rule|OHKO Clause: OHKO moves are banned\n|rule|Evasion Items Clause: Evasion items are banned\n|rule|Evasion Moves Clause: Evasion moves are banned\n|rule|Endless Battle Clause: Forcing endless battles is banned\n|rule|HP Percentage Mod: HP is shown in percentages\n|rule|Dynamax Clause: You cannot dynamax\n|clearpoke\n|poke|p1|Heracross, F|\n|poke|p1|Dragapult, F|\n|poke|p1|Ferrothorn, M|\n|poke|p1|Heatran, F|\n|poke|p1|Zapdos|\n|poke|p1|Zeraora|\n|poke|p2|Rotom-Wash|\n|poke|p2|Weavile, M|\n|poke|p2|Landorus-Therian, M|\n|poke|p2|Heatran, M|\n|poke|p2|Tangrowth, M|\n|poke|p2|Melmetal|\n|teampreview\n|inactive|Battle timer is ON: inactive players will automatically lose when time's up. (requested by Capital Cruiser)\n|inactive|Guest 5890168 also wants the timer to be on.\n|\n|t:|1664760138\n|start\n|switch|p1a: Heracross|Heracross, F, shiny|100\/100\n|switch|p2a: Weavile|Weavile, M|100\/100\n|-ability|p2a: Weavile|Pressure\n|turn|1\n|\n|t:|1664760148\n|switch|p2a: Landorus|Landorus-Therian, M|100\/100\n|-ability|p2a: Landorus|Intimidate|boost\n|-unboost|p1a: Heracross|atk|1\n|switch|p1a: Ferrothorn|Ferrothorn, M, shiny|100\/100\n|\n|upkeep\n|turn|2\n|\n|t:|1664760151\n|move|p2a: Landorus|Earthquake|p1a: Ferrothorn\n|-damage|p1a: Ferrothorn|64\/100\n|move|p1a: Ferrothorn|Gyro Ball|p2a: Landorus\n|-damage|p2a: Landorus|41\/100\n|\n|-heal|p2a: Landorus|47\/100|[from] item: Leftovers\n|upkeep\n|turn|3\n|\n|t:|1664760158\n|move|p2a: Landorus|U-turn|p1a: Ferrothorn\n|-damage|p1a: Ferrothorn|48\/100\n|-damage|p2a: Landorus|35\/100|[from] ability: Iron Barbs|[of] p1a: Ferrothorn\n|\n|t:|1664760158\n|switch|p2a: Tangrowth|Tangrowth, M|100\/100|[from]move: U-turn\n|move|p1a: Ferrothorn|Spikes|p2a: Tangrowth\n|-sidestart|p2: Guest 5890168|Spikes\n|\n|upkeep\n|turn|4\n|\n|t:|1664760167\n|switch|p1a: Zapdos|Zapdos, shiny|100\/100\n|move|p2a: Tangrowth|Knock Off|p1a: Zapdos\n|-damage|p1a: Zapdos|84\/100\n|-enditem|p1a: Zapdos|Heavy-Duty Boots|[from] move: Knock Off|[of] p2a: Tangrowth\n|\n|upkeep\n|turn|5\n|\n|t:|1664760170\n|switch|p2a: Landorus|Landorus-Therian, M|35\/100\n|-ability|p2a: Landorus|Intimidate|boost\n|-unboost|p1a: Zapdos|atk|1\n|move|p1a: Zapdos|Hurricane|p2a: Landorus\n|-crit|p2a: Landorus\n|-damage|p2a: Landorus|0 fnt\n|faint|p2a: Landorus\n|\n|upkeep\n|\n|t:|1664760171\n|switch|p2a: Weavile|Weavile, M|100\/100\n|-damage|p2a: Weavile|88\/100|[from] Spikes\n|-ability|p2a: Weavile|Pressure\n|turn|6\n|\n|t:|1664760176\n|switch|p1a: Ferrothorn|Ferrothorn, M, shiny|48\/100\n|move|p2a: Weavile|Knock Off|p1a: Ferrothorn\n|-damage|p1a: Ferrothorn|0 fnt\n|-damage|p2a: Weavile|76\/100|[from] ability: Iron Barbs|[of] p1a: Ferrothorn\n|-enditem|p1a: Ferrothorn|Iapapa Berry|[from] move: Knock Off|[of] p2a: Weavile\n|faint|p1a: Ferrothorn\n|\n|upkeep\n|\n|t:|1664760180\n|switch|p1a: Heracross|Heracross, F, shiny|100\/100\n|turn|7\n|\n|t:|1664760182\n|move|p2a: Weavile|Knock Off|p1a: Heracross\n|-resisted|p1a: Heracross\n|-damage|p1a: Heracross|46\/100\n|-enditem|p1a: Heracross|Flame Orb|[from] move: Knock Off|[of] p2a: Weavile\n|move|p1a: Heracross|Close Combat|p2a: Weavile\n|-supereffective|p2a: Weavile\n|-damage|p2a: Weavile|0 fnt\n|-unboost|p1a: Heracross|def|1\n|-unboost|p1a: Heracross|spd|1\n|faint|p2a: Weavile\n|\n|upkeep\n|\n|t:|1664760183\n|switch|p2a: Rotom|Rotom-Wash|100\/100\n|turn|8\n|\n|t:|1664760189\n|move|p1a: Heracross|Close Combat|p2a: Rotom\n|-damage|p2a: Rotom|38\/100\n|-unboost|p1a: Heracross|def|1\n|-unboost|p1a: Heracross|spd|1\n|move|p2a: Rotom|Nasty Plot|p2a: Rotom\n|-boost|p2a: Rotom|spa|2\n|\n|-heal|p2a: Rotom|45\/100|[from] item: Leftovers\n|upkeep\n|turn|9\n|\n|t:|1664760192\n|move|p1a: Heracross|Close Combat|p2a: Rotom\n|-damage|p2a: Rotom|0 fnt\n|-unboost|p1a: Heracross|def|1\n|-unboost|p1a: Heracross|spd|1\n|faint|p2a: Rotom\n|\n|upkeep\n|\n|t:|1664760192\n|switch|p2a: Melmetal|Melmetal|100\/100\n|-damage|p2a: Melmetal|88\/100|[from] Spikes\n|turn|10\n|\n|t:|1664760195\n|move|p1a: Heracross|Close Combat|p2a: Melmetal\n|-supereffective|p2a: Melmetal\n|-damage|p2a: Melmetal|17\/100\n|-unboost|p1a: Heracross|def|1\n|-unboost|p1a: Heracross|spd|1\n|move|p2a: Melmetal|Double Iron Bash|p1a: Heracross\n|-damage|p1a: Heracross|0 fnt\n|faint|p1a: Heracross\n|-hitcount|p1: Heracross|1\n|\n|upkeep\n|\n|t:|1664760198\n|switch|p1a: Dragapult|Dragapult, F, shiny|100\/100\n|turn|11\n|\n|t:|1664760201\n|move|p1a: Dragapult|Shadow Ball|p2a: Melmetal\n|-damage|p2a: Melmetal|0 fnt\n|faint|p2a: Melmetal\n|\n|upkeep\n|\n|t:|1664760202\n|switch|p2a: Heatran|Heatran, M|100\/100\n|-item|p2a: Heatran|Air Balloon\n|turn|12\n|\n|t:|1664760204\n|move|p1a: Dragapult|Shadow Ball|p2a: Heatran\n|-crit|p2a: Heatran\n|-damage|p2a: Heatran|22\/100\n|-enditem|p2a: Heatran|Air Balloon\n|move|p2a: Heatran|Magma Storm|p1a: Dragapult\n|-resisted|p1a: Dragapult\n|-damage|p1a: Dragapult|67\/100\n|-activate|p1a: Dragapult|move: Magma Storm|[of] p2a: Heatran\n|\n|-damage|p1a: Dragapult|55\/100|[from] move: Magma Storm|[partiallytrapped]\n|upkeep\n|turn|13\n|\n|t:|1664760208\n|move|p1a: Dragapult|Shadow Ball|p2a: Heatran\n|-damage|p2a: Heatran|0 fnt\n|faint|p2a: Heatran\n|\n|-end|p1a: Dragapult|Magma Storm|[partiallytrapped]|[silent]\n|upkeep\n|\n|t:|1664760208\n|switch|p2a: Tangrowth|Tangrowth, M|100\/100\n|-damage|p2a: Tangrowth|88\/100|[from] Spikes\n|turn|14\n|\n|t:|1664760209\n|move|p1a: Dragapult|Shadow Ball|p2a: Tangrowth\n|-damage|p2a: Tangrowth|0 fnt\n|faint|p2a: Tangrowth\n|\n|win|Capital Cruiser\n|raw|Capital Cruiser's rating: 1583 &rarr; <strong>1606<\/strong><br \/>(+23 for winning)\n|raw|Guest 5890168's rating: 1640 &rarr; <strong>1617<\/strong><br \/>(-23 for losing)\n","uploadtime":1664760211,"views":3,"p1id":"capitalcruiser","p2id":"guest5890168","formatid":"gen8ou","rating":1606,"private":0,"password":null}