{"id":"gen8anythinggoes-1679809175","p1":"yokobaby","p2":"AGLT5TX jushu","format":"gen8anythinggoes","log":"|raw|<div class=\"broadcast-blue\"><strong>This battle is required to be public due to a player having a name starting with 'aglt5tx'.<\/div>\n|j|\u2606yokobaby\n|j|\u2606AGLT5TX jushu\n|t:|1665132504\n|gametype|singles\n|player|p1|yokobaby|cynthia-masters|1783\n|player|p2|AGLT5TX jushu|169|1690\n|teamsize|p1|6\n|teamsize|p2|6\n|gen|8\n|tier|[Gen 8] Anything Goes\n|rated|\n|rule|HP Percentage Mod: HP is shown in percentages\n|rule|Endless Battle Clause: Forcing endless battles is banned\n|clearpoke\n|poke|p1|Marshadow|\n|poke|p1|Ho-Oh|\n|poke|p1|Zacian-*|\n|poke|p1|Eternatus|\n|poke|p1|Yveltal|\n|poke|p1|Necrozma-Dusk-Mane|\n|poke|p2|Excadrill, F|\n|poke|p2|Necrozma-Dusk-Mane|\n|poke|p2|Yveltal|\n|poke|p2|Xerneas-*|\n|poke|p2|Calyrex-Shadow|\n|poke|p2|Kyogre|\n|teampreview\n|inactive|Battle timer is ON: inactive players will automatically lose when time's up. (requested by AGLT5TX jushu)\n|\n|t:|1665132525\n|start\n|switch|p1a: Marshadow|Marshadow|100\/100\n|switch|p2a: Excadrill|Excadrill, F|100\/100\n|-ability|p2a: Excadrill|Mold Breaker\n|turn|1\n|\n|t:|1665132536\n|move|p1a: Marshadow|Spectral Thief|p2a: Excadrill\n|-damage|p2a: Excadrill|2\/100\n|-damage|p1a: Marshadow|91\/100|[from] item: Life Orb\n|move|p2a: Excadrill|Stealth Rock|p1a: Marshadow\n|-sidestart|p1: yokobaby|move: Stealth Rock\n|\n|upkeep\n|turn|2\n|\n|t:|1665132538\n|move|p1a: Marshadow|Shadow Sneak|p2a: Excadrill\n|-damage|p2a: Excadrill|0 fnt\n|faint|p2a: Excadrill\n|-damage|p1a: Marshadow|81\/100|[from] item: Life Orb\n|\n|upkeep\n|\n|t:|1665132545\n|switch|p2a: Yveltal|Yveltal|100\/100\n|-ability|p2a: Yveltal|Dark Aura\n|turn|3\n|\n|t:|1665132551\n|switch|p1a: Ho-Oh|Ho-Oh|100\/100\n|switch|p2a: Calyrex|Calyrex-Shadow|100\/100\n|-ability|p2a: Calyrex|As One\n|-ability|p2a: Calyrex|Unnerve\n|\n|upkeep\n|turn|4\n|\n|t:|1665132554\n|move|p2a: Calyrex|Nasty Plot|p2a: Calyrex\n|-boost|p2a: Calyrex|spa|2\n|move|p1a: Ho-Oh|Defog|p2a: Calyrex\n|-unboost|p2a: Calyrex|evasion|1\n|-sideend|p1: yokobaby|Stealth Rock|[from] move: Defog|[of] p1a: Ho-Oh\n|\n|upkeep\n|turn|5\n|\n|t:|1665132568\n|move|p2a: Calyrex|Astral Barrage|p1a: Ho-Oh\n|-damage|p1a: Ho-Oh|40\/100\n|move|p1a: Ho-Oh|Thunder Wave|p2a: Calyrex\n|-status|p2a: Calyrex|par\n|\n|upkeep\n|turn|6\n|\n|t:|1665132577\n|switch|p1a: Yveltal|Yveltal|100\/100\n|-ability|p1a: Yveltal|Dark Aura\n|move|p2a: Calyrex|Astral Barrage|p1a: Yveltal\n|-resisted|p1a: Yveltal\n|-damage|p1a: Yveltal|33\/100\n|\n|upkeep\n|turn|7\n|\n|t:|1665132583\n|move|p1a: Yveltal|U-turn|p2a: Calyrex\n|-damage|p2a: Calyrex|56\/100 par\n|\n|t:|1665132585\n|switch|p1a: Ho-Oh|Ho-Oh|74\/100|[from]move: U-turn\n|move|p2a: Calyrex|Baton Pass|p2a: Calyrex\n|\n|t:|1665132593\n|switch|p2a: Yveltal|Yveltal|100\/100|[from]move: Baton Pass\n|-ability|p2a: Yveltal|Dark Aura\n|\n|upkeep\n|turn|8\n|\n|t:|1665132603\n|switch|p1a: Yveltal|Yveltal|33\/100\n|-ability|p1a: Yveltal|Dark Aura\n|-start|p2a: Yveltal|Dynamax|\n|-heal|p2a: Yveltal|100\/100|[silent]\n|move|p2a: Yveltal|Max Airstream|p1a: Yveltal\n|-damage|p1a: Yveltal|0 fnt\n|-boost|p2a: Yveltal|spe|1\n|faint|p1a: Yveltal\n|-damage|p2a: Yveltal|96\/100|[from] item: Life Orb\n|\n|upkeep\n|c|\u2606AGLT5TX jushu|gg\n|j| AGLT5TX poke\n|\n|t:|1665132607\n|switch|p1a: Zacian|Zacian-Crowned|100\/100\n|-ability|p1a: Zacian|Intrepid Sword|boost\n|-boost|p1a: Zacian|atk|1\n|turn|9\n|\n|t:|1665132611\n|switch|p1a: Ho-Oh|Ho-Oh|100\/100\n|move|p2a: Yveltal|Max Flare|p1a: Ho-Oh\n|-resisted|p1a: Ho-Oh\n|-damage|p1a: Ho-Oh|71\/100\n|-weather|SunnyDay\n|-damage|p2a: Yveltal|91\/100|[from] item: Life Orb\n|\n|-weather|SunnyDay|[upkeep]\n|upkeep\n|turn|10\n|\n|t:|1665132620\n|switch|p1a: Marshadow|Marshadow|81\/100\n|move|p2a: Yveltal|Max Darkness|p1a: Marshadow\n|-crit|p1a: Marshadow\n|-damage|p1a: Marshadow|0 fnt\n|faint|p1a: Marshadow\n|-damage|p2a: Yveltal|86\/100|[from] item: Life Orb\n|\n|-weather|SunnyDay|[upkeep]\n|upkeep\n|\n|t:|1665132623\n|switch|p1a: Ho-Oh|Ho-Oh|100\/100\n|-end|p2a: Yveltal|Dynamax\n|-heal|p2a: Yveltal|86\/100|[silent]\n|turn|11\n|\n|t:|1665132625\n|move|p2a: Yveltal|Dark Pulse|p1a: Ho-Oh\n|-damage|p1a: Ho-Oh|30\/100\n|-damage|p2a: Yveltal|76\/100|[from] item: Life Orb\n|cant|p1a: Ho-Oh|flinch\n|\n|-weather|SunnyDay|[upkeep]\n|upkeep\n|turn|12\n|\n|t:|1665132634\n|switch|p1a: Necrozma|Necrozma-Dusk-Mane|100\/100\n|move|p2a: Yveltal|Dark Pulse|p1a: Necrozma\n|-supereffective|p1a: Necrozma\n|-damage|p1a: Necrozma|0 fnt\n|faint|p1a: Necrozma\n|-damage|p2a: Yveltal|66\/100|[from] item: Life Orb\n|\n|-weather|SunnyDay|[upkeep]\n|upkeep\n|c|\u2606yokobaby|sb\u51e4\u738b\n|-message|yokobaby forfeited.\n|\n|win|AGLT5TX jushu\n|raw|yokobaby's rating: 1783 &rarr; <strong>1758<\/strong><br \/>(-25 for losing)\n|raw|AGLT5TX jushu's rating: 1690 &rarr; <strong>1715<\/strong><br \/>(+25 for winning)\n|l|\u2606yokobaby\n||Ladder isn't responding, score probably updated but might not have (Request timeout).\n|l| AGLT5TX poke\n","uploadtime":1665132773,"views":6,"p1id":"yokobaby","p2id":"aglt5txjushu","formatid":"gen8anythinggoes","rating":1715,"private":0,"password":null}