{"id":"gen8ou-1655738483","p1":"Ferrothornail\u8349\u94a2\u7532","p2":"f4dsf54","format":"gen8ou","log":"|j|\u2606Ferrothornail\u8349\u94a2\u7532\n|j|\u2606f4dsf54\n|t:|1662279270\n|gametype|singles\n|player|p1|Ferrothornail\u8349\u94a2\u7532|nita|1654\n|player|p2|f4dsf54|265|1641\n|teamsize|p1|6\n|teamsize|p2|6\n|gen|8\n|tier|[Gen 8] OU\n|rated|\n|rule|Sleep Clause Mod: Limit one foe put to sleep\n|rule|Species Clause: Limit one of each Pok\u00e9mon\n|rule|OHKO Clause: OHKO moves are banned\n|rule|Evasion Items Clause: Evasion items are banned\n|rule|Evasion Moves Clause: Evasion moves are banned\n|rule|Endless Battle Clause: Forcing endless battles is banned\n|rule|HP Percentage Mod: HP is shown in percentages\n|rule|Dynamax Clause: You cannot dynamax\n|clearpoke\n|poke|p1|Hatterene, F|\n|poke|p1|Porygon2|\n|poke|p1|Cresselia, F|\n|poke|p1|Marowak-Alola, F|\n|poke|p1|Crawdaunt, M|\n|poke|p1|Melmetal|\n|poke|p2|Crawdaunt, M|\n|poke|p2|Pelipper, M|\n|poke|p2|Blastoise, M|\n|poke|p2|Thundurus-Therian, M|\n|poke|p2|Barraskewda, M|\n|poke|p2|Ferrothorn, M|\n|teampreview\n|c|\u2606f4dsf54|\u4f60\u597d\n|c|\u2606f4dsf54|\u8349\u94a2\u7532\n|\n|t:|1662279291\n|start\n|switch|p1a: Hatterene|Hatterene, F|100\/100\n|switch|p2a: \u8d3e\u9a6c\u5c14\u00b7\u514b\u52b3\u798f\u5fb7|Barraskewda, M, shiny|100\/100\n|turn|1\n|c|\u2606Ferrothornail\u8349\u94a2\u7532|\u8fd9\u4e2a\u961f\u662f\u773c\u775b\u590d\u5236\u7684\u8fd8\u662f\u62ff\u7684\u7f51\u5740\n|\n|t:|1662279312\n|move|p2a: \u8d3e\u9a6c\u5c14\u00b7\u514b\u52b3\u798f\u5fb7|Flip Turn|p1a: Hatterene\n|-damage|p1a: Hatterene|47\/100\n|c|\u2606f4dsf54|\u8fd9\u662f\u539f\u961f\n|c|\u2606f4dsf54|\u6211\u662f\u539f\u4f5c\u8005\n|\n|t:|1662279323\n|switch|p2a: \u4e54\u6cbb-\u5e0c\u5c14|Pelipper, M|100\/100|[from]move: Flip Turn\n|-weather|RainDance|[from] ability: Drizzle|[of] p2a: \u4e54\u6cbb-\u5e0c\u5c14\n|move|p1a: Hatterene|Trick Room|p1a: Hatterene\n|-fieldstart|move: Trick Room|[of] p1a: Hatterene\n|\n|-weather|RainDance|[upkeep]\n|upkeep\n|turn|2\n|c|\u2606Ferrothornail\u8349\u94a2\u7532|\u5965\uff0c\u5f73\u4e8d\n|\n|t:|1662279335\n|switch|p2a: \u5362\u514b\u00b7\u7406\u67e5\u5fb7\u00b7\u5df4\u83ab\u7279|Blastoise, M|100\/100\n|move|p1a: Hatterene|Healing Wish|p1a: Hatterene\n|faint|p1a: Hatterene\n|\n|-weather|RainDance|[upkeep]\n|upkeep\n|\n|t:|1662279339\n|switch|p1a: Crawdaunt|Crawdaunt, M|100\/100\n|turn|3\n|\n|t:|1662279343\n|move|p1a: Crawdaunt|Knock Off|p2a: \u5362\u514b\u00b7\u7406\u67e5\u5fb7\u00b7\u5df4\u83ab\u7279\n|-damage|p2a: \u5362\u514b\u00b7\u7406\u67e5\u5fb7\u00b7\u5df4\u83ab\u7279|33\/100\n|-enditem|p2a: \u5362\u514b\u00b7\u7406\u67e5\u5fb7\u00b7\u5df4\u83ab\u7279|Assault Vest|[from] move: Knock Off|[of] p1a: Crawdaunt\n|-damage|p1a: Crawdaunt|90\/100|[from] item: Life Orb\n|move|p2a: \u5362\u514b\u00b7\u7406\u67e5\u5fb7\u00b7\u5df4\u83ab\u7279|Flip Turn|p1a: Crawdaunt\n|-resisted|p1a: Crawdaunt\n|-damage|p1a: Crawdaunt|76\/100\n|j| LordDarkSkin\n|\n|t:|1662279347\n|switch|p2a: \u5b89\u5fb7\u70c8\u00b7\u7f57\u4f2f\u68ee|Ferrothorn, M|100\/100|[from]move: Flip Turn\n|\n|-weather|RainDance|[upkeep]\n|upkeep\n|turn|4\n|inactive|Battle timer is ON: inactive players will automatically lose when time's up. (requested by f4dsf54)\n|\n|t:|1662279374\n|move|p2a: \u5b89\u5fb7\u70c8\u00b7\u7f57\u4f2f\u68ee|Stealth Rock|p1a: Crawdaunt\n|-sidestart|p1: Ferrothornail\u8349\u94a2\u7532|move: Stealth Rock\n|move|p1a: Crawdaunt|Knock Off|p2a: \u5b89\u5fb7\u70c8\u00b7\u7f57\u4f2f\u68ee\n|-damage|p2a: \u5b89\u5fb7\u70c8\u00b7\u7f57\u4f2f\u68ee|44\/100\n|-damage|p1a: Crawdaunt|63\/100|[from] ability: Iron Barbs|[of] p2a: \u5b89\u5fb7\u70c8\u00b7\u7f57\u4f2f\u68ee\n|-enditem|p2a: \u5b89\u5fb7\u70c8\u00b7\u7f57\u4f2f\u68ee|Chople Berry|[from] move: Knock Off|[of] p1a: Crawdaunt\n|-damage|p1a: Crawdaunt|53\/100|[from] item: Life Orb\n|\n|-weather|RainDance|[upkeep]\n|upkeep\n|turn|5\n|\n|t:|1662279381\n|switch|p1a: Marowak|Marowak-Alola, F|100\/100\n|-damage|p1a: Marowak|76\/100|[from] Stealth Rock\n|move|p2a: \u5b89\u5fb7\u70c8\u00b7\u7f57\u4f2f\u68ee|Gyro Ball|p1a: Marowak\n|-resisted|p1a: Marowak\n|-damage|p1a: Marowak|68\/100\n|\n|-weather|RainDance|[upkeep]\n|-fieldend|move: Trick Room\n|upkeep\n|turn|6\n|j| simplegent\n|\n|t:|1662279395\n|switch|p2a: \u5362\u514b\u00b7\u7406\u67e5\u5fb7\u00b7\u5df4\u83ab\u7279|Blastoise, M|33\/100\n|move|p1a: Marowak|Flare Blitz|p2a: \u5362\u514b\u00b7\u7406\u67e5\u5fb7\u00b7\u5df4\u83ab\u7279\n|-resisted|p2a: \u5362\u514b\u00b7\u7406\u67e5\u5fb7\u00b7\u5df4\u83ab\u7279\n|-damage|p2a: \u5362\u514b\u00b7\u7406\u67e5\u5fb7\u00b7\u5df4\u83ab\u7279|16\/100\n|\n|-weather|RainDance|[upkeep]\n|-heal|p2a: \u5362\u514b\u00b7\u7406\u67e5\u5fb7\u00b7\u5df4\u83ab\u7279|22\/100|[from] ability: Rain Dish\n|upkeep\n|turn|7\n|j| AnJian\n|l| LordDarkSkin\n|j| SunQdl\n|inactive|f4dsf54 has 120 seconds left.\n|\n|t:|1662279434\n|move|p2a: \u5362\u514b\u00b7\u7406\u67e5\u5fb7\u00b7\u5df4\u83ab\u7279|Flip Turn|p1a: Marowak\n|-supereffective|p1a: Marowak\n|-damage|p1a: Marowak|18\/100\n|\n|t:|1662279447\n|switch|p2a: \u5b89\u5fb7\u70c8\u00b7\u7f57\u4f2f\u68ee|Ferrothorn, M|44\/100|[from]move: Flip Turn\n|move|p1a: Marowak|Low Kick|p2a: \u5b89\u5fb7\u70c8\u00b7\u7f57\u4f2f\u68ee\n|-supereffective|p2a: \u5b89\u5fb7\u70c8\u00b7\u7f57\u4f2f\u68ee\n|-damage|p2a: \u5b89\u5fb7\u70c8\u00b7\u7f57\u4f2f\u68ee|0 fnt\n|-damage|p1a: Marowak|5\/100|[from] ability: Iron Barbs|[of] p2a: \u5b89\u5fb7\u70c8\u00b7\u7f57\u4f2f\u68ee\n|faint|p2a: \u5b89\u5fb7\u70c8\u00b7\u7f57\u4f2f\u68ee\n|\n|-weather|RainDance|[upkeep]\n|upkeep\n|\n|t:|1662279452\n|switch|p2a: J.J.\u96f7\u8fea\u514b|Crawdaunt, M, shiny|100\/100\n|turn|8\n|\n|t:|1662279456\n|move|p2a: J.J.\u96f7\u8fea\u514b|Knock Off|p1a: Marowak\n|-supereffective|p1a: Marowak\n|-damage|p1a: Marowak|0 fnt\n|-enditem|p1a: Marowak|Thick Club|[from] move: Knock Off|[of] p2a: J.J.\u96f7\u8fea\u514b\n|faint|p1a: Marowak\n|\n|-weather|none\n|upkeep\n|j| Orangesquid\n|\n|t:|1662279470\n|switch|p1a: Crawdaunt|Crawdaunt, M|53\/100\n|-heal|p1a: Crawdaunt|100\/100|[from] move: Healing Wish\n|-damage|p1a: Crawdaunt|88\/100|[from] Stealth Rock\n|turn|9\n|l| Orangesquid\n|\n|t:|1662279478\n|switch|p2a: \u5362\u514b\u00b7\u7406\u67e5\u5fb7\u00b7\u5df4\u83ab\u7279|Blastoise, M|22\/100\n|move|p1a: Crawdaunt|Knock Off|p2a: \u5362\u514b\u00b7\u7406\u67e5\u5fb7\u00b7\u5df4\u83ab\u7279\n|-damage|p2a: \u5362\u514b\u00b7\u7406\u67e5\u5fb7\u00b7\u5df4\u83ab\u7279|0 fnt\n|faint|p2a: \u5362\u514b\u00b7\u7406\u67e5\u5fb7\u00b7\u5df4\u83ab\u7279\n|-damage|p1a: Crawdaunt|78\/100|[from] item: Life Orb\n|\n|upkeep\n|\n|t:|1662279483\n|switch|p2a: \u62c9\u739b\u5c14\u00b7\u5965\u591a\u59c6|Thundurus-Therian, M|100\/100\n|turn|10\n|\n|t:|1662279488\n|switch|p1a: Porygon2|Porygon2|100\/100\n|-damage|p1a: Porygon2|88\/100|[from] Stealth Rock\n|-ability|p1a: Porygon2|Download|boost\n|-boost|p1a: Porygon2|atk|1\n|move|p2a: \u62c9\u739b\u5c14\u00b7\u5965\u591a\u59c6|Volt Switch|p1a: Porygon2\n|-damage|p1a: Porygon2|71\/100\n|\n|t:|1662279492\n|switch|p2a: J.J.\u96f7\u8fea\u514b|Crawdaunt, M, shiny|100\/100|[from]move: Volt Switch\n|\n|upkeep\n|turn|11\n|\n|t:|1662279497\n|move|p2a: J.J.\u96f7\u8fea\u514b|Knock Off|p1a: Porygon2\n|-damage|p1a: Porygon2|7\/100\n|-enditem|p1a: Porygon2|Eviolite|[from] move: Knock Off|[of] p2a: J.J.\u96f7\u8fea\u514b\n|move|p1a: Porygon2|Thunderbolt|p2a: J.J.\u96f7\u8fea\u514b\n|-supereffective|p2a: J.J.\u96f7\u8fea\u514b\n|-damage|p2a: J.J.\u96f7\u8fea\u514b|12\/100\n|\n|upkeep\n|turn|12\n|\n|t:|1662279502\n|move|p2a: J.J.\u96f7\u8fea\u514b|Knock Off|p1a: Porygon2\n|-damage|p1a: Porygon2|0 fnt\n|faint|p1a: Porygon2\n|\n|upkeep\n|\n|t:|1662279504\n|switch|p1a: Crawdaunt|Crawdaunt, M|78\/100\n|-damage|p1a: Crawdaunt|66\/100|[from] Stealth Rock\n|turn|13\n|\n|t:|1662279513\n|switch|p2a: \u4e54\u6cbb-\u5e0c\u5c14|Pelipper, M|100\/100\n|-weather|RainDance|[from] ability: Drizzle|[of] p2a: \u4e54\u6cbb-\u5e0c\u5c14\n|move|p1a: Crawdaunt|Knock Off|p2a: \u4e54\u6cbb-\u5e0c\u5c14\n|-damage|p2a: \u4e54\u6cbb-\u5e0c\u5c14|35\/100\n|-enditem|p2a: \u4e54\u6cbb-\u5e0c\u5c14|Damp Rock|[from] move: Knock Off|[of] p1a: Crawdaunt\n|-damage|p1a: Crawdaunt|56\/100|[from] item: Life Orb\n|\n|-weather|RainDance|[upkeep]\n|upkeep\n|turn|14\n|\n|t:|1662279525\n|move|p2a: \u4e54\u6cbb-\u5e0c\u5c14|U-turn|p1a: Crawdaunt\n|-supereffective|p1a: Crawdaunt\n|-damage|p1a: Crawdaunt|35\/100\n|\n|t:|1662279528\n|switch|p2a: \u62c9\u739b\u5c14\u00b7\u5965\u591a\u59c6|Thundurus-Therian, M|100\/100|[from]move: U-turn\n|move|p1a: Crawdaunt|Knock Off|p2a: \u62c9\u739b\u5c14\u00b7\u5965\u591a\u59c6\n|-damage|p2a: \u62c9\u739b\u5c14\u00b7\u5965\u591a\u59c6|0 fnt\n|-enditem|p2a: \u62c9\u739b\u5c14\u00b7\u5965\u591a\u59c6|Assault Vest|[from] move: Knock Off|[of] p1a: Crawdaunt\n|faint|p2a: \u62c9\u739b\u5c14\u00b7\u5965\u591a\u59c6\n|-damage|p1a: Crawdaunt|25\/100|[from] item: Life Orb\n|\n|-weather|RainDance|[upkeep]\n|upkeep\n|\n|t:|1662279531\n|switch|p2a: \u8d3e\u9a6c\u5c14\u00b7\u514b\u52b3\u798f\u5fb7|Barraskewda, M, shiny|100\/100\n|turn|15\n|\n|t:|1662279537\n|move|p1a: Crawdaunt|Aqua Jet|p2a: \u8d3e\u9a6c\u5c14\u00b7\u514b\u52b3\u798f\u5fb7\n|-resisted|p2a: \u8d3e\u9a6c\u5c14\u00b7\u514b\u52b3\u798f\u5fb7\n|-damage|p2a: \u8d3e\u9a6c\u5c14\u00b7\u514b\u52b3\u798f\u5fb7|45\/100\n|-damage|p1a: Crawdaunt|15\/100|[from] item: Life Orb\n|move|p2a: \u8d3e\u9a6c\u5c14\u00b7\u514b\u52b3\u798f\u5fb7|Flip Turn|p1a: Crawdaunt\n|-resisted|p1a: Crawdaunt\n|-damage|p1a: Crawdaunt|0 fnt\n|faint|p1a: Crawdaunt\n|\n|t:|1662279540\n|switch|p2a: J.J.\u96f7\u8fea\u514b|Crawdaunt, M, shiny|12\/100|[from]move: Flip Turn\n|\n|-weather|RainDance|[upkeep]\n|upkeep\n|\n|t:|1662279551\n|switch|p1a: Melmetal|Melmetal|100\/100\n|-damage|p1a: Melmetal|94\/100|[from] Stealth Rock\n|turn|16\n|\n|t:|1662279557\n|switch|p2a: \u4e54\u6cbb-\u5e0c\u5c14|Pelipper, M|35\/100\n|move|p1a: Melmetal|Thunder Punch|p2a: \u4e54\u6cbb-\u5e0c\u5c14\n|-supereffective|p2a: \u4e54\u6cbb-\u5e0c\u5c14\n|-damage|p2a: \u4e54\u6cbb-\u5e0c\u5c14|0 fnt\n|faint|p2a: \u4e54\u6cbb-\u5e0c\u5c14\n|\n|-weather|RainDance|[upkeep]\n|upkeep\n|\n|t:|1662279559\n|switch|p2a: \u8d3e\u9a6c\u5c14\u00b7\u514b\u52b3\u798f\u5fb7|Barraskewda, M, shiny|45\/100\n|turn|17\n|\n|t:|1662279563\n|switch|p1a: Cresselia|Cresselia, F|100\/100\n|-damage|p1a: Cresselia|88\/100|[from] Stealth Rock\n|move|p2a: \u8d3e\u9a6c\u5c14\u00b7\u514b\u52b3\u798f\u5fb7|Liquidation|p1a: Cresselia\n|-damage|p1a: Cresselia|38\/100\n|-unboost|p1a: Cresselia|def|1\n|\n|-weather|RainDance|[upkeep]\n|upkeep\n|turn|18\n|\n|t:|1662279567\n|move|p2a: \u8d3e\u9a6c\u5c14\u00b7\u514b\u52b3\u798f\u5fb7|Liquidation|p1a: Cresselia\n|-damage|p1a: Cresselia|0 fnt\n|faint|p1a: Cresselia\n|\n|-weather|RainDance|[upkeep]\n|upkeep\n|\n|t:|1662279570\n|switch|p1a: Melmetal|Melmetal|94\/100\n|-damage|p1a: Melmetal|88\/100|[from] Stealth Rock\n|turn|19\n|\n|t:|1662279572\n|move|p2a: \u8d3e\u9a6c\u5c14\u00b7\u514b\u52b3\u798f\u5fb7|Liquidation|p1a: Melmetal\n|-damage|p1a: Melmetal|32\/100\n|move|p1a: Melmetal|Thunder Punch|p2a: \u8d3e\u9a6c\u5c14\u00b7\u514b\u52b3\u798f\u5fb7\n|-supereffective|p2a: \u8d3e\u9a6c\u5c14\u00b7\u514b\u52b3\u798f\u5fb7\n|-damage|p2a: \u8d3e\u9a6c\u5c14\u00b7\u514b\u52b3\u798f\u5fb7|0 fnt\n|faint|p2a: \u8d3e\u9a6c\u5c14\u00b7\u514b\u52b3\u798f\u5fb7\n|\n|-weather|RainDance|[upkeep]\n|upkeep\n|\n|t:|1662279575\n|switch|p2a: J.J.\u96f7\u8fea\u514b|Crawdaunt, M, shiny|12\/100\n|turn|20\n|-message|Ferrothornail\u8349\u94a2\u7532 forfeited.\n|\n|win|f4dsf54\n|raw|Ferrothornail\u8349\u94a2\u7532's rating: 1654 &rarr; <strong>1633<\/strong><br \/>(-21 for losing)\n|raw|f4dsf54's rating: 1641 &rarr; <strong>1662<\/strong><br \/>(+21 for winning)\n|l|\u2606Ferrothornail\u8349\u94a2\u7532\n|l| simplegent\n","uploadtime":1662279585,"views":37,"p1id":"ferrothornail","p2id":"f4dsf54","formatid":"gen8ou","rating":1633,"private":0,"password":null}