{"id":"gen8randombattle-1620509403","p1":"cr0nch","p2":"playeraccount","format":"gen8randombattle","log":"|j|\u2606cr0nch\n|j|\u2606playeraccount\n|t:|1658223990\n|gametype|singles\n|player|p1|cr0nch|burgh|1221\n|player|p2|playeraccount|102|1250\n|teamsize|p1|6\n|teamsize|p2|6\n|gen|8\n|tier|[Gen 8] Random Battle\n|rated|\n|rule|Species Clause: Limit one of each Pok\u00e9mon\n|rule|HP Percentage Mod: HP is shown in percentages\n|rule|Sleep Clause Mod: Limit one foe put to sleep\n|\n|t:|1658223990\n|start\n|switch|p1a: Mimikyu|Mimikyu, L76, M|209\/209\n|switch|p2a: Toxapex|Toxapex, L82, M|216\/216\n|turn|1\n|\n|t:|1658224006\n|switch|p1a: Meowstic|Meowstic-F, L86, F|268\/268\n|move|p2a: Toxapex|Toxic|p1a: Meowstic\n|-status|p1a: Meowstic|tox\n|\n|-damage|p1a: Meowstic|252\/268 tox|[from] psn\n|upkeep\n|turn|2\n|inactive|Battle timer is ON: inactive players will automatically lose when time's up. (requested by playeraccount)\n|\n|t:|1658224022\n|switch|p2a: Rhyperior|Rhyperior, L82, F|323\/323\n|move|p1a: Meowstic|Nasty Plot|p1a: Meowstic\n|-boost|p1a: Meowstic|spa|2\n|\n|-damage|p1a: Meowstic|220\/268 tox|[from] psn\n|upkeep\n|turn|3\n|\n|t:|1658224034\n|move|p1a: Meowstic|Psychic|p2a: Rhyperior\n|-damage|p2a: Rhyperior|10\/323\n|-damage|p1a: Meowstic|194\/268 tox|[from] item: Life Orb\n|move|p2a: Rhyperior|Megahorn|p1a: Meowstic\n|-supereffective|p1a: Meowstic\n|-damage|p1a: Meowstic|0 fnt\n|faint|p1a: Meowstic\n|\n|upkeep\n|\n|t:|1658224048\n|switch|p1a: Mimikyu|Mimikyu, L76, M|209\/209\n|turn|4\n|\n|t:|1658224054\n|move|p1a: Mimikyu|Shadow Sneak|p2a: Rhyperior\n|-damage|p2a: Rhyperior|0 fnt\n|faint|p2a: Rhyperior\n|-damage|p1a: Mimikyu|189\/209|[from] item: Life Orb\n|\n|upkeep\n|\n|t:|1658224061\n|switch|p2a: Porygon-Z|Porygon-Z, L80|267\/267\n|-ability|p2a: Porygon-Z|Download|boost\n|-boost|p2a: Porygon-Z|atk|1\n|turn|5\n|\n|t:|1658224077\n|move|p2a: Porygon-Z|Nasty Plot|p2a: Porygon-Z\n|-boost|p2a: Porygon-Z|spa|2\n|move|p1a: Mimikyu|Swords Dance|p1a: Mimikyu\n|-boost|p1a: Mimikyu|atk|2\n|\n|upkeep\n|turn|6\n|\n|t:|1658224086\n|move|p1a: Mimikyu|Play Rough|p2a: Porygon-Z\n|-damage|p2a: Porygon-Z|8\/267\n|-damage|p1a: Mimikyu|169\/209|[from] item: Life Orb\n|move|p2a: Porygon-Z|Dark Pulse|p1a: Mimikyu\n|-activate|p1a: Mimikyu|ability: Disguise\n|-damage|p1a: Mimikyu|169\/209\n|detailschange|p1a: Mimikyu|Mimikyu-Busted, L76, M\n|-damage|p1a: Mimikyu|143\/209|[from] pokemon: Mimikyu-Busted\n|-damage|p2a: Porygon-Z|0 fnt|[from] item: Life Orb\n|faint|p2a: Porygon-Z\n|\n|upkeep\n|\n|t:|1658224101\n|switch|p2a: Mewtwo|Mewtwo, L72|272\/272\n|-ability|p2a: Mewtwo|Unnerve\n|turn|7\n|\n|t:|1658224118\n|move|p1a: Mimikyu|Shadow Sneak|p2a: Mewtwo\n|-supereffective|p2a: Mewtwo\n|-damage|p2a: Mewtwo|93\/272\n|-damage|p1a: Mimikyu|123\/209|[from] item: Life Orb\n|move|p2a: Mewtwo|Shadow Ball|p1a: Mimikyu\n|-supereffective|p1a: Mimikyu\n|-damage|p1a: Mimikyu|0 fnt\n|faint|p1a: Mimikyu\n|-damage|p2a: Mewtwo|66\/272|[from] item: Life Orb\n|\n|upkeep\n|\n|t:|1658224131\n|switch|p1a: Giratina|Giratina-Origin, L74|344\/344\n|turn|8\n|\n|t:|1658224145\n|-start|p2a: Mewtwo|Dynamax|\n|-heal|p2a: Mewtwo|132\/544|[silent]\n|move|p2a: Mewtwo|Max Phantasm|p1a: Giratina\n|-supereffective|p1a: Giratina\n|-crit|p1a: Giratina\n|-damage|p1a: Giratina|0 fnt\n|faint|p1a: Giratina\n|-damage|p2a: Mewtwo|105\/544|[from] item: Life Orb\n|\n|upkeep\n|\n|t:|1658224158\n|switch|p1a: Pangoro|Pangoro, L84, F|297\/297\n|turn|9\n|\n|t:|1658224166\n|move|p2a: Mewtwo|Max Guard|p2a: Mewtwo\n|-singleturn|p2a: Mewtwo|Max Guard\n|move|p1a: Pangoro|Knock Off|p2a: Mewtwo\n|-activate|p2a: Mewtwo|move: Max Guard\n|\n|upkeep\n|turn|10\n|\n|t:|1658224184\n|-end|p2a: Mewtwo|Dynamax\n|-heal|p2a: Mewtwo|53\/272|[silent]\n|switch|p2a: Corsola|Corsola, L93, M|272\/272\n|move|p1a: Pangoro|Knock Off|p2a: Corsola\n|-damage|p2a: Corsola|125\/272\n|-damage|p1a: Pangoro|248\/297|[from] item: Rocky Helmet|[of] p2a: Corsola\n|-enditem|p2a: Corsola|Rocky Helmet|[from] move: Knock Off|[of] p1a: Pangoro\n|\n|upkeep\n|turn|11\n|\n|t:|1658224201\n|switch|p1a: Corviknight|Corviknight, L78, F|281\/281\n|move|p2a: Corsola|Toxic|p1a: Corviknight\n|-immune|p1a: Corviknight\n|\n|upkeep\n|turn|12\n|\n|t:|1658224210\n|move|p1a: Corviknight|Bulk Up|p1a: Corviknight\n|-boost|p1a: Corviknight|atk|1\n|-boost|p1a: Corviknight|def|1\n|move|p2a: Corsola|Stealth Rock|p1a: Corviknight\n|-sidestart|p1: cr0nch|move: Stealth Rock\n|\n|upkeep\n|turn|13\n|\n|t:|1658224220\n|move|p1a: Corviknight|Bulk Up|p1a: Corviknight\n|-boost|p1a: Corviknight|atk|1\n|-boost|p1a: Corviknight|def|1\n|move|p2a: Corsola|Recover|p2a: Corsola\n|-heal|p2a: Corsola|261\/272\n|\n|upkeep\n|turn|14\n|\n|t:|1658224226\n|move|p1a: Corviknight|Bulk Up|p1a: Corviknight\n|-boost|p1a: Corviknight|atk|1\n|-boost|p1a: Corviknight|def|1\n|move|p2a: Corsola|Scald|p1a: Corviknight\n|-damage|p1a: Corviknight|191\/281\n|\n|-heal|p1a: Corviknight|208\/281|[from] item: Leftovers\n|upkeep\n|turn|15\n|\n|t:|1658224242\n|move|p1a: Corviknight|Body Press|p2a: Corsola\n|-supereffective|p2a: Corsola\n|-damage|p2a: Corsola|45\/272\n|move|p2a: Corsola|Scald|p1a: Corviknight\n|-damage|p1a: Corviknight|121\/281\n|-status|p1a: Corviknight|brn\n|\n|-heal|p1a: Corviknight|138\/281 brn|[from] item: Leftovers\n|-damage|p1a: Corviknight|121\/281 brn|[from] brn\n|upkeep\n|turn|16\n|\n|t:|1658224253\n|move|p1a: Corviknight|Body Press|p2a: Corsola\n|-supereffective|p2a: Corsola\n|-damage|p2a: Corsola|0 fnt\n|faint|p2a: Corsola\n|\n|-heal|p1a: Corviknight|138\/281 brn|[from] item: Leftovers\n|-damage|p1a: Corviknight|121\/281 brn|[from] brn\n|upkeep\n|\n|t:|1658224260\n|switch|p2a: Mewtwo|Mewtwo, L72|53\/272\n|-ability|p2a: Mewtwo|Unnerve\n|turn|17\n|\n|t:|1658224264\n|move|p2a: Mewtwo|Fire Blast|p1a: Corviknight\n|-supereffective|p1a: Corviknight\n|-damage|p1a: Corviknight|0 fnt\n|faint|p1a: Corviknight\n|-damage|p2a: Mewtwo|26\/272|[from] item: Life Orb\n|\n|upkeep\n|\n|t:|1658224268\n|switch|p1a: Pangoro|Pangoro, L84, F|248\/297\n|-damage|p1a: Pangoro|230\/297|[from] Stealth Rock\n|turn|18\n|\n|t:|1658224289\n|-start|p1a: Pangoro|Dynamax|\n|-heal|p1a: Pangoro|460\/594|[silent]\n|move|p2a: Mewtwo|Fire Blast|p1a: Pangoro\n|-damage|p1a: Pangoro|327\/594\n|-damage|p2a: Mewtwo|0 fnt|[from] item: Life Orb\n|faint|p2a: Mewtwo\n|move|p1a: Pangoro|Max Knuckle|p2: Mewtwo|[notarget]\n|-fail|p1a: Pangoro\n|\n|upkeep\n|\n|t:|1658224299\n|switch|p2a: Dragalge|Dragalge, L86, M|252\/252\n|turn|19\n|\n|t:|1658224305\n|move|p1a: Pangoro|Max Hailstorm|p2a: Dragalge\n|-supereffective|p2a: Dragalge\n|-damage|p2a: Dragalge|34\/252\n|-weather|Hail\n|move|p2a: Dragalge|Focus Blast|p1a: Pangoro\n|-supereffective|p1a: Pangoro\n|-damage|p1a: Pangoro|105\/594\n|\n|-weather|Hail|[upkeep]\n|-damage|p1a: Pangoro|87\/594|[from] Hail\n|-damage|p2a: Dragalge|19\/252|[from] Hail\n|-heal|p2a: Dragalge|34\/252|[from] item: Black Sludge\n|upkeep\n|turn|20\n|\n|t:|1658224316\n|move|p1a: Pangoro|Max Knuckle|p2a: Dragalge\n|-resisted|p2a: Dragalge\n|-damage|p2a: Dragalge|0 fnt\n|-boost|p1a: Pangoro|atk|1\n|faint|p2a: Dragalge\n|\n|-weather|Hail|[upkeep]\n|-damage|p1a: Pangoro|69\/594|[from] Hail\n|upkeep\n|\n|t:|1658224341\n|switch|p2a: Toxapex|Toxapex, L82, M|216\/216\n|-end|p1a: Pangoro|Dynamax\n|-heal|p1a: Pangoro|35\/297|[silent]\n|turn|21\n|\n|t:|1658224349\n|move|p1a: Pangoro|Knock Off|p2a: Toxapex\n|-damage|p2a: Toxapex|35\/216\n|-enditem|p2a: Toxapex|Black Sludge|[from] move: Knock Off|[of] p1a: Pangoro\n|move|p2a: Toxapex|Scald|p1a: Pangoro\n|-damage|p1a: Pangoro|0 fnt\n|faint|p1a: Pangoro\n|\n|-weather|Hail|[upkeep]\n|-damage|p2a: Toxapex|22\/216|[from] Hail\n|upkeep\n|\n|t:|1658224353\n|switch|p1a: Moltres|Moltres, L80|275\/275\n|-ability|p1a: Moltres|Pressure\n|turn|22\n|\n|t:|1658224363\n|move|p2a: Toxapex|Baneful Bunker|p2a: Toxapex\n|-singleturn|p2a: Toxapex|move: Protect\n|move|p1a: Moltres|Air Slash|p2a: Toxapex\n|-activate|p2a: Toxapex|move: Protect\n|\n|-weather|Hail|[upkeep]\n|-damage|p1a: Moltres|258\/275|[from] Hail\n|-damage|p2a: Toxapex|9\/216|[from] Hail\n|upkeep\n|turn|23\n|\n|t:|1658224375\n|move|p1a: Moltres|Air Slash|p2a: Toxapex\n|-damage|p2a: Toxapex|0 fnt\n|faint|p2a: Toxapex\n|\n|win|cr0nch\n|raw|cr0nch's rating: 1221 &rarr; <strong>1248<\/strong><br \/>(+27 for winning)\n|raw|playeraccount's rating: 1250 &rarr; <strong>1223<\/strong><br \/>(-27 for losing)\n|l|\u2606playeraccount\n","inputlog":">version 33a722e82dfdefe5f98cdcaab412ac0b95804dea\n>start {\"formatid\":\"gen8randombattle\",\"seed\":[48445,52555,27857,35078],\"rated\":\"Rated battle\"}\n>player p1 {\"name\":\"cr0nch\",\"avatar\":\"burgh\",\"rating\":1221,\"seed\":[40510,48165,29813,3768]}\n>player p2 {\"name\":\"playeraccount\",\"avatar\":\"102\",\"rating\":1250,\"seed\":[62887,24767,18559,48956]}\n>p1 switch 4\n>p2 move toxic\n>p1 move nastyplot\n>p2 switch 4\n>p1 move psychic\n>p2 move megahorn\n>p1 switch 4\n>p1 move shadowsneak\n>p2 move earthquake\n>p2 switch 3\n>p1 move swordsdance\n>p2 move nastyplot\n>p1 move playrough\n>p2 move darkpulse\n>p2 switch 6\n>p1 move shadowsneak\n>p2 move shadowball\n>p1 switch 2\n>p1 move poltergeist\n>p2 move shadowball dynamax\n>p1 switch 5\n>p1 move knockoff\n>p2 move recover dynamax\n>p1 move knockoff\n>p2 switch 2\n>p1 switch 6\n>p2 move toxic\n>p1 move bulkup\n>p2 move stealthrock\n>p1 move bulkup\n>p2 move recover\n>p1 move bulkup\n>p2 move scald\n>p1 move bodypress\n>p2 move scald\n>p1 move bodypress\n>p2 move recover\n>p2 switch 2\n>p1 move bravebird\n>p2 move fireblast\n>p1 switch 6\n>p1 move closecombat dynamax\n>p2 move fireblast\n>p2 switch 5\n>p1 move icepunch dynamax\n>p2 move focusblast\n>p1 move closecombat dynamax\n>p2 move focusblast\n>p2 switch 4\n>p1 move knockoff\n>p2 move scald\n>p1 switch 3\n>p1 move airslash\n>p2 move banefulbunker\n>p1 move airslash\n>p2 move recover","uploadtime":1658224382,"views":10,"p1id":"cr0nch","p2id":"playeraccount","formatid":"gen8randombattle","rating":1223,"private":0,"password":null}