{"id":"gen8ou-1037832603","p1":"Linken-Skywalker","p2":"Burnt Bright","format":"gen8ou","log":"|j|\u2606Linken-Skywalker\n|j|\u2606Burnt Bright\n|player|p1|Linken-Skywalker|52|1346\n|player|p2|Burnt Bright|226|1386\n|teamsize|p1|6\n|teamsize|p2|6\n|gametype|singles\n|gen|8\n|tier|[Gen 8] OU\n|rated|\n|rule|Sleep Clause Mod: Limit one foe put to sleep\n|rule|Species Clause: Limit one of each Pok\u00e9mon\n|rule|OHKO Clause: OHKO moves are banned\n|rule|Evasion Moves Clause: Evasion moves are banned\n|rule|Endless Battle Clause: Forcing endless battles is banned\n|rule|HP Percentage Mod: HP is shown in percentages\n|clearpoke\n|poke|p1|Durant, F|\n|poke|p1|Dugtrio, M|\n|poke|p1|Excadrill, F|\n|poke|p1|Tyranitar, M|\n|poke|p1|Rotom-Wash|\n|poke|p1|Dragapult, F|\n|poke|p2|Toxtricity, M|\n|poke|p2|Cinderace, M|\n|poke|p2|Seismitoad, F|\n|poke|p2|Hydreigon, M|\n|poke|p2|Rotom-Heat|\n|poke|p2|Heliolisk, F|\n|rule|Dynamax Clause: You cannot dynamax\n|teampreview\n|\n|start\n|switch|p1a: Durant|Durant, F|100\/100\n|switch|p2a: Seismitoad|Seismitoad, F|100\/100\n|turn|1\n|\n|move|p2a: Seismitoad|Protect|p2a: Seismitoad\n|-singleturn|p2a: Seismitoad|Protect\n|move|p1a: Durant|Entrainment|p2a: Seismitoad\n|-activate|p2a: Seismitoad|move: Protect\n|\n|upkeep\n|turn|2\n|\n|switch|p1a: Rotom|Rotom-Wash|100\/100\n|switch|p2a: Cinderace|Cinderace, M|100\/100\n|\n|upkeep\n|turn|3\n|\n|switch|p2a: Hydreigon|Hydreigon, M|100\/100\n|move|p1a: Rotom|Volt Switch|p2a: Hydreigon\n|-resisted|p2a: Hydreigon\n|-damage|p2a: Hydreigon|86\/100\n|\n|switch|p1a: Durant|Durant, F|100\/100|[from]move: Volt Switch\n|\n|-heal|p2a: Hydreigon|92\/100|[from] item: Leftovers\n|upkeep\n|turn|4\n|\n|switch|p2a: Cinderace|Cinderace, M|100\/100\n|move|p1a: Durant|Entrainment|p2a: Cinderace\n|-endability|p2a: Cinderace|Blaze|[from] move: Entrainment\n|-ability|p2a: Cinderace|Truant|[from] move: Entrainment\n|\n|upkeep\n|turn|5\n|\n|move|p2a: Cinderace|High Jump Kick|p1a: Durant\n|-damage|p1a: Durant|57\/100\n|-enditem|p1a: Durant|Eject Button\n|\n|switch|p1a: Dugtrio|Dugtrio, M|100\/100\n|\n|upkeep\n|turn|6\n|\n|cant|p2a: Cinderace|ability: Truant\n|move|p1a: Dugtrio|Hone Claws|p1a: Dugtrio\n|-boost|p1a: Dugtrio|atk|1\n|-boost|p1a: Dugtrio|accuracy|1\n|\n|upkeep\n|turn|7\n|\n|move|p1a: Dugtrio|Protect|p1a: Dugtrio\n|-singleturn|p1a: Dugtrio|Protect\n|move|p2a: Cinderace|Sucker Punch||[still]\n|-fail|p2a: Cinderace\n|\n|upkeep\n|turn|8\n|\n|cant|p2a: Cinderace|ability: Truant\n|move|p1a: Dugtrio|Hone Claws|p1a: Dugtrio\n|-boost|p1a: Dugtrio|atk|1\n|-boost|p1a: Dugtrio|accuracy|1\n|\n|upkeep\n|turn|9\n|\n|move|p1a: Dugtrio|Protect|p1a: Dugtrio\n|-singleturn|p1a: Dugtrio|Protect\n|move|p2a: Cinderace|High Jump Kick|p1a: Dugtrio\n|-activate|p1a: Dugtrio|move: Protect\n|-damage|p2a: Cinderace|51\/100|[from] highjumpkick\n|\n|upkeep\n|turn|10\n|\n|move|p1a: Dugtrio|Hone Claws|p1a: Dugtrio\n|-boost|p1a: Dugtrio|atk|1\n|-boost|p1a: Dugtrio|accuracy|1\n|cant|p2a: Cinderace|ability: Truant\n|\n|upkeep\n|turn|11\n|\n|move|p1a: Dugtrio|Protect|p1a: Dugtrio\n|-singleturn|p1a: Dugtrio|Protect\n|move|p2a: Cinderace|High Jump Kick|p1a: Dugtrio\n|-activate|p1a: Dugtrio|move: Protect\n|-damage|p2a: Cinderace|1\/100|[from] highjumpkick\n|\n|upkeep\n|turn|12\n|\n|move|p1a: Dugtrio|Hone Claws|p1a: Dugtrio\n|-boost|p1a: Dugtrio|atk|1\n|-boost|p1a: Dugtrio|accuracy|1\n|cant|p2a: Cinderace|ability: Truant\n|\n|upkeep\n|turn|13\n|\n|move|p1a: Dugtrio|Protect|p1a: Dugtrio\n|-singleturn|p1a: Dugtrio|Protect\n|move|p2a: Cinderace|High Jump Kick|p1a: Dugtrio\n|-activate|p1a: Dugtrio|move: Protect\n|-damage|p2a: Cinderace|0 fnt|[from] highjumpkick\n|faint|p2a: Cinderace\n|\n|upkeep\n|\n|switch|p2a: Rotom|Rotom-Heat|100\/100\n|turn|14\n|\n|move|p1a: Dugtrio|Stone Edge|p2a: Rotom\n|-supereffective|p2a: Rotom\n|-damage|p2a: Rotom|0 fnt\n|faint|p2a: Rotom\n|\n|upkeep\n|-message|Burnt Bright forfeited.\n|\n|win|Linken-Skywalker\n|l|\u2606Burnt Bright\n|raw|Linken-Skywalker's rating: 1346 &rarr; <strong>1369<\/strong><br \/>(+23 for winning)\n|raw|Burnt Bright's rating: 1387 &rarr; <strong>1364<\/strong><br \/>(-23 for losing)\n","uploadtime":1577667217,"views":15,"p1id":"linkenskywalker","p2id":"burntbright","formatid":"gen8ou","rating":1364,"private":0,"password":null}