{"id":"gen8ubers-1489424439","p1":"Gnarlyguitar","p2":"Ivyon","format":"gen8ubers","log":"|j|\u2606Gnarlyguitar\n|j|\u2606Ivyon\n|t:|1641908292\n|gametype|singles\n|player|p1|Gnarlyguitar|guitarist|1108\n|player|p2|Ivyon|blue|1320\n|teamsize|p1|6\n|teamsize|p2|6\n|gen|8\n|tier|[Gen 8] Ubers\n|rated|\n|rule|Sleep Clause Mod: Limit one foe put to sleep\n|rule|Species Clause: Limit one of each Pok\u00e9mon\n|rule|OHKO Clause: OHKO moves are banned\n|rule|Evasion Moves Clause: Evasion moves are banned\n|rule|Endless Battle Clause: Forcing endless battles is banned\n|rule|HP Percentage Mod: HP is shown in percentages\n|rule|Dynamax Clause: You cannot dynamax\n|clearpoke\n|poke|p1|Yveltal|\n|poke|p1|Xerneas-*|\n|poke|p1|Calyrex-Ice|\n|poke|p1|Dialga|\n|poke|p1|Pheromosa|\n|poke|p1|Shedinja|\n|poke|p2|Shedinja|\n|poke|p2|Shuckle, M|\n|poke|p2|Cloyster, F|\n|poke|p2|Espeon, M|\n|poke|p2|Regieleki|\n|poke|p2|Sharpedo, M|\n|teampreview\n|c|\u2606Gnarlyguitar|Well well looks like we have a shedinja battle\n|c|\u2606Ivyon|yep\n|\n|t:|1641908317\n|start\n|switch|p1a: Shedinja|Shedinja|100\/100\n|switch|p2a: Sharpedo|Sharpedo, M|100\/100\n|turn|1\n|\n|t:|1641908335\n|switch|p1a: Xerneas|Xerneas|100\/100\n|-ability|p1a: Xerneas|Fairy Aura\n|move|p2a: Sharpedo|Roar|p1a: Xerneas\n|drag|p1a: Pheromosa|Pheromosa|100\/100\n|\n|-ability|p2a: Sharpedo|Speed Boost|boost\n|-boost|p2a: Sharpedo|spe|1\n|upkeep\n|turn|2\n|\n|t:|1641908350\n|move|p1a: Pheromosa|Close Combat|p2a: Sharpedo\n|-supereffective|p2a: Sharpedo\n|-enditem|p2a: Sharpedo|Focus Sash\n|-damage|p2a: Sharpedo|1\/100\n|-unboost|p1a: Pheromosa|def|1\n|-unboost|p1a: Pheromosa|spd|1\n|-damage|p1a: Pheromosa|91\/100|[from] item: Life Orb\n|move|p2a: Sharpedo|Roar|p1a: Pheromosa\n|drag|p1a: Xerneas|Xerneas|100\/100\n|-ability|p1a: Xerneas|Fairy Aura\n|\n|-ability|p2a: Sharpedo|Speed Boost|boost\n|-boost|p2a: Sharpedo|spe|1\n|upkeep\n|turn|3\n|\n|t:|1641908364\n|move|p2a: Sharpedo|Destiny Bond|p2a: Sharpedo\n|-singlemove|p2a: Sharpedo|Destiny Bond\n|move|p1a: Xerneas|Grass Knot|p2a: Sharpedo\n|-supereffective|p2a: Sharpedo\n|-damage|p2a: Sharpedo|0 fnt\n|faint|p2a: Sharpedo\n|-activate|p2a: Sharpedo|move: Destiny Bond\n|faint|p1a: Xerneas\n|\n|upkeep\n|\n|t:|1641908381\n|switch|p2a: Shuckle|Shuckle, M, shiny|100\/100\n|switch|p1a: Shedinja|Shedinja|100\/100\n|turn|4\n|\n|t:|1641908390\n|switch|p1a: Calyrex|Calyrex-Ice|100\/100\n|-ability|p1a: Calyrex|As One\n|-ability|p1a: Calyrex|Unnerve\n|move|p2a: Shuckle|Encore||[still]\n|-fail|p2a: Shuckle\n|\n|upkeep\n|turn|5\n|\n|t:|1641908399\n|move|p1a: Calyrex|Glacial Lance|p2a: Shuckle\n|-damage|p2a: Shuckle|56\/100\n|move|p2a: Shuckle|Stealth Rock|p1a: Calyrex\n|-sidestart|p1: Gnarlyguitar|move: Stealth Rock\n|\n|upkeep\n|turn|6\n|\n|t:|1641908407\n|move|p1a: Calyrex|High Horsepower|p2a: Shuckle\n|-damage|p2a: Shuckle|32\/100\n|-damage|p1a: Calyrex|84\/100|[from] item: Rocky Helmet|[of] p2a: Shuckle\n|move|p2a: Shuckle|Sticky Web|p1a: Calyrex\n|-sidestart|p1: Gnarlyguitar|move: Sticky Web\n|\n|upkeep\n|turn|7\n|\n|t:|1641908414\n|move|p1a: Calyrex|Glacial Lance|p2a: Shuckle\n|-damage|p2a: Shuckle|0 fnt\n|faint|p2a: Shuckle\n|-ability|p1a: Calyrex|Chilling Neigh|boost\n|-boost|p1a: Calyrex|atk|1\n|\n|upkeep\n|\n|t:|1641908420\n|switch|p2a: Cloyster|Cloyster, F|100\/100\n|turn|8\n|\n|t:|1641908431\n|move|p2a: Cloyster|Spikes|p1a: Calyrex\n|-sidestart|p1: Gnarlyguitar|Spikes\n|move|p1a: Calyrex|Body Press|p2a: Cloyster\n|-supereffective|p2a: Cloyster\n|-damage|p2a: Cloyster|60\/100\n|\n|upkeep\n|turn|9\n|\n|t:|1641908445\n|move|p2a: Cloyster|Toxic Spikes|p1a: Calyrex\n|-sidestart|p1: Gnarlyguitar|move: Toxic Spikes\n|move|p1a: Calyrex|Body Press|p2a: Cloyster\n|-supereffective|p2a: Cloyster\n|-damage|p2a: Cloyster|23\/100\n|\n|upkeep\n|turn|10\n|\n|t:|1641908454\n|switch|p1a: Yveltal|Yveltal|100\/100\n|-damage|p1a: Yveltal|76\/100|[from] Stealth Rock\n|-ability|p1a: Yveltal|Dark Aura\n|move|p2a: Cloyster|Spikes|p1a: Yveltal\n|-sidestart|p1: Gnarlyguitar|Spikes\n|\n|upkeep\n|turn|11\n|\n|t:|1641908464\n|move|p2a: Cloyster|Icy Wind|p1a: Yveltal\n|-supereffective|p1a: Yveltal\n|-damage|p1a: Yveltal|60\/100\n|-unboost|p1a: Yveltal|spe|1\n|move|p1a: Yveltal|Hurricane|p2a: Cloyster\n|-damage|p2a: Cloyster|0 fnt\n|faint|p2a: Cloyster\n|\n|upkeep\n|\n|t:|1641908472\n|switch|p2a: Regieleki|Regieleki|100\/100\n|turn|12\n|\n|t:|1641908495\n|switch|p1a: Dialga|Dialga|100\/100\n|-damage|p1a: Dialga|84\/100|[from] Spikes\n|-activate|p1a: Dialga|move: Sticky Web\n|-unboost|p1a: Dialga|spe|1\n|-damage|p1a: Dialga|78\/100|[from] Stealth Rock\n|-ability|p1a: Dialga|Pressure\n|move|p2a: Regieleki|Explosion|p1a: Dialga\n|-resisted|p1a: Dialga\n|-damage|p1a: Dialga|47\/100\n|faint|p2a: Regieleki\n|\n|upkeep\n|\n|t:|1641908506\n|switch|p2a: Espeon|Espeon, M|100\/100\n|turn|13\n|\n|t:|1641908511\n|move|p2a: Espeon|Yawn|p1a: Dialga\n|-start|p1a: Dialga|move: Yawn|[of] p2a: Espeon\n|move|p1a: Dialga|Flash Cannon|p2a: Espeon\n|-damage|p2a: Espeon|32\/100\n|\n|upkeep\n|turn|14\n|\n|t:|1641908522\n|move|p2a: Espeon|Yawn||[still]\n|-fail|p2a: Espeon\n|move|p1a: Dialga|Flash Cannon|p2a: Espeon\n|-damage|p2a: Espeon|0 fnt\n|faint|p2a: Espeon\n|\n|-end|p1a: Dialga|move: Yawn|[silent]\n|-status|p1a: Dialga|slp\n|upkeep\n|\n|t:|1641908529\n|switch|p2a: Shedinja|Shedinja|100\/100\n|turn|15\n|\n|t:|1641908533\n|cant|p1a: Dialga|slp\n|move|p2a: Shedinja|Swords Dance|p2a: Shedinja\n|-boost|p2a: Shedinja|atk|2\n|\n|upkeep\n|turn|16\n|\n|t:|1641908539\n|cant|p1a: Dialga|slp\n|move|p2a: Shedinja|Swords Dance|p2a: Shedinja\n|-boost|p2a: Shedinja|atk|2\n|\n|upkeep\n|turn|17\n|\n|t:|1641908564\n|move|p2a: Shedinja|Sucker Punch|p1a: Dialga\n|-damage|p1a: Dialga|0 fnt\n|faint|p1a: Dialga\n|\n|upkeep\n|\n|t:|1641908569\n|switch|p1a: Yveltal|Yveltal|60\/100\n|-damage|p1a: Yveltal|35\/100|[from] Stealth Rock\n|-ability|p1a: Yveltal|Dark Aura\n|turn|18\n|c|\u2606Gnarlyguitar|Gg\n|\n|t:|1641908582\n|move|p1a: Yveltal|Dark Pulse|p2a: Shedinja\n|-supereffective|p2a: Shedinja\n|-enditem|p2a: Shedinja|Focus Sash\n|-damage|p2a: Shedinja|100\/100\n|move|p2a: Shedinja|Swords Dance|p2a: Shedinja\n|-boost|p2a: Shedinja|atk|2\n|\n|upkeep\n|turn|19\n|\n|t:|1641908589\n|switch|p1a: Pheromosa|Pheromosa|91\/100\n|-activate|p1a: Pheromosa|move: Sticky Web\n|-unboost|p1a: Pheromosa|spe|1\n|-damage|p1a: Pheromosa|78\/100|[from] Stealth Rock\n|-damage|p1a: Pheromosa|62\/100|[from] Spikes\n|-status|p1a: Pheromosa|psn\n|move|p2a: Shedinja|Sucker Punch||[still]\n|-fail|p2a: Shedinja\n|\n|-damage|p1a: Pheromosa|49\/100 psn|[from] psn\n|upkeep\n|turn|20\n|\n|t:|1641908600\n|switch|p1a: Calyrex|Calyrex-Ice|84\/100\n|-ability|p1a: Calyrex|As One\n|-ability|p1a: Calyrex|Unnerve\n|-damage|p1a: Calyrex|67\/100|[from] Spikes\n|-damage|p1a: Calyrex|42\/100|[from] Stealth Rock\n|-activate|p1a: Calyrex|move: Sticky Web\n|-unboost|p1a: Calyrex|spe|1\n|-status|p1a: Calyrex|psn\n|move|p2a: Shedinja|Sucker Punch||[still]\n|-fail|p2a: Shedinja\n|\n|-damage|p1a: Calyrex|30\/100 psn|[from] psn\n|upkeep\n|turn|21\n|\n|t:|1641908618\n|move|p2a: Shedinja|Sucker Punch|p1a: Calyrex\n|-supereffective|p1a: Calyrex\n|-damage|p1a: Calyrex|0 fnt\n|faint|p1a: Calyrex\n|\n|upkeep\n|\n|t:|1641908621\n|switch|p1a: Pheromosa|Pheromosa|49\/100 psn\n|-damage|p1a: Pheromosa|33\/100 psn|[from] Spikes\n|-activate|p1a: Pheromosa|move: Sticky Web\n|-unboost|p1a: Pheromosa|spe|1\n|-damage|p1a: Pheromosa|20\/100 psn|[from] Stealth Rock\n|turn|22\n|\n|t:|1641908631\n|move|p2a: Shedinja|Sucker Punch|p1a: Pheromosa\n|-resisted|p1a: Pheromosa\n|-damage|p1a: Pheromosa|0 fnt\n|faint|p1a: Pheromosa\n|\n|upkeep\n|\n|t:|1641908635\n|switch|p1a: Yveltal|Yveltal|35\/100\n|-damage|p1a: Yveltal|10\/100|[from] Stealth Rock\n|-ability|p1a: Yveltal|Dark Aura\n|turn|23\n|\n|t:|1641908640\n|move|p2a: Shedinja|Sucker Punch|p1a: Yveltal\n|-resisted|p1a: Yveltal\n|-damage|p1a: Yveltal|0 fnt\n|faint|p1a: Yveltal\n|\n|upkeep\n|-message|Gnarlyguitar forfeited.\n|\n|win|Ivyon\n|raw|Gnarlyguitar's rating: 1108 &rarr; <strong>1097<\/strong><br \/>(-11 for losing)\n|raw|Ivyon's rating: 1320 &rarr; <strong>1329<\/strong><br \/>(+9 for winning)\n|l|\u2606Gnarlyguitar\n|c|\u2606Ivyon|gg\n||Ladder isn't responding, score probably updated but might not have (Request timeout).\n","uploadtime":1641908649,"views":41,"p1id":"gnarlyguitar","p2id":"ivyon","formatid":"gen8ubers","rating":1097,"private":0,"password":null}