{"id":"gen8ou-1656130473","p1":"FreshLsOffThePress","p2":"jeandonis02","format":"gen8ou","log":"|j|\u2606FreshLsOffThePress\n|j|\u2606jeandonis02\n|t:|1662321950\n|gametype|singles\n|player|p1|FreshLsOffThePress|2|1624\n|player|p2|jeandonis02|lucas|1702\n|teamsize|p1|6\n|teamsize|p2|6\n|gen|8\n|tier|[Gen 8] OU\n|rated|\n|rule|Sleep Clause Mod: Limit one foe put to sleep\n|rule|Species Clause: Limit one of each Pok\u00e9mon\n|rule|OHKO Clause: OHKO moves are banned\n|rule|Evasion Items Clause: Evasion items are banned\n|rule|Evasion Moves Clause: Evasion moves are banned\n|rule|Endless Battle Clause: Forcing endless battles is banned\n|rule|HP Percentage Mod: HP is shown in percentages\n|rule|Dynamax Clause: You cannot dynamax\n|clearpoke\n|poke|p1|Landorus-Therian, M|\n|poke|p1|Melmetal|\n|poke|p1|Mew|\n|poke|p1|Ninetales-Alola, M|\n|poke|p1|Arctozolt|\n|poke|p1|Slowking, F|\n|poke|p2|Zeraora|\n|poke|p2|Toxapex, M|\n|poke|p2|Garchomp, M|\n|poke|p2|Rotom-Wash|\n|poke|p2|Ferrothorn, F|\n|poke|p2|Charizard, M|\n|teampreview\n|\n|t:|1662321968\n|start\n|switch|p1a: Ninetales|Ninetales-Alola, M|100\/100\n|switch|p2a: Ferrothorn|Ferrothorn, F|100\/100\n|-weather|Hail|[from] ability: Snow Warning|[of] p1a: Ninetales\n|turn|1\n|\n|t:|1662321981\n|move|p1a: Ninetales|Hypnosis|p2a: Ferrothorn\n|-status|p2a: Ferrothorn|slp|[from] move: Hypnosis\n|cant|p2a: Ferrothorn|slp\n|\n|-weather|Hail|[upkeep]\n|-damage|p2a: Ferrothorn|94\/100 slp|[from] Hail\n|upkeep\n|turn|2\n|\n|t:|1662321996\n|switch|p1a: Mew|Mew|100\/100\n|cant|p2a: Ferrothorn|slp\n|\n|-weather|Hail|[upkeep]\n|-damage|p1a: Mew|94\/100|[from] Hail\n|-damage|p2a: Ferrothorn|88\/100 slp|[from] Hail\n|upkeep\n|turn|3\n|\n|t:|1662322001\n|switch|p2a: Garchomp|Garchomp, M|100\/100\n|move|p1a: Mew|Flamethrower|p2a: Garchomp\n|-resisted|p2a: Garchomp\n|-damage|p2a: Garchomp|87\/100\n|\n|-weather|Hail|[upkeep]\n|-damage|p2a: Garchomp|81\/100|[from] Hail\n|-damage|p1a: Mew|88\/100|[from] Hail\n|upkeep\n|turn|4\n|\n|t:|1662322010\n|switch|p2a: Rotom|Rotom-Wash|100\/100\n|switch|p1a: Landorus|Landorus-Therian, M|100\/100\n|-ability|p1a: Landorus|Intimidate|boost\n|-unboost|p2a: Rotom|atk|1\n|\n|-weather|Hail|[upkeep]\n|-damage|p1a: Landorus|94\/100|[from] Hail\n|-damage|p2a: Rotom|94\/100|[from] Hail\n|-heal|p2a: Rotom|100\/100|[from] item: Leftovers\n|upkeep\n|turn|5\n|\n|t:|1662322022\n|move|p1a: Landorus|U-turn|p2a: Rotom\n|-damage|p2a: Rotom|82\/100\n|\n|t:|1662322038\n|switch|p1a: Slowking|Slowking, F|100\/100|[from]move: U-turn\n|move|p2a: Rotom|Hydro Pump|p1a: Slowking\n|-resisted|p1a: Slowking\n|-damage|p1a: Slowking|84\/100\n|\n|-weather|Hail|[upkeep]\n|-damage|p2a: Rotom|75\/100|[from] Hail\n|-damage|p1a: Slowking|78\/100|[from] Hail\n|-heal|p2a: Rotom|82\/100|[from] item: Leftovers\n|upkeep\n|turn|6\n|\n|t:|1662322043\n|move|p2a: Rotom|Volt Switch|p1a: Slowking\n|-supereffective|p1a: Slowking\n|-damage|p1a: Slowking|38\/100\n|\n|t:|1662322046\n|switch|p2a: Ferrothorn|Ferrothorn, F|88\/100 slp|[from]move: Volt Switch\n|move|p1a: Slowking|Teleport|p1a: Slowking\n|\n|t:|1662322050\n|switch|p1a: Mew|Mew|88\/100|[from]move: Teleport\n|\n|-weather|Hail|[upkeep]\n|-damage|p1a: Mew|82\/100|[from] Hail\n|-damage|p2a: Ferrothorn|82\/100 slp|[from] Hail\n|upkeep\n|turn|7\n|\n|t:|1662322057\n|move|p1a: Mew|Meteor Beam||[still]\n|-prepare|p1a: Mew|Meteor Beam\n|-boost|p1a: Mew|spa|1\n|-enditem|p1a: Mew|Power Herb\n|-anim|p1a: Mew|Meteor Beam|p2a: Ferrothorn\n|-resisted|p2a: Ferrothorn\n|-damage|p2a: Ferrothorn|61\/100 slp\n|cant|p2a: Ferrothorn|slp\n|\n|-weather|Hail|[upkeep]\n|-damage|p1a: Mew|76\/100|[from] Hail\n|-damage|p2a: Ferrothorn|55\/100 slp|[from] Hail\n|upkeep\n|turn|8\n|\n|t:|1662322066\n|switch|p2a: Toxapex|Toxapex, M|100\/100\n|move|p1a: Mew|Flamethrower|p2a: Toxapex\n|-resisted|p2a: Toxapex\n|-damage|p2a: Toxapex|88\/100\n|\n|-weather|none\n|-heal|p2a: Toxapex|94\/100|[from] item: Black Sludge\n|upkeep\n|turn|9\n|\n|t:|1662322071\n|move|p1a: Mew|Psyshock|p2a: Toxapex\n|-supereffective|p2a: Toxapex\n|-damage|p2a: Toxapex|15\/100\n|move|p2a: Toxapex|Haze|p2a: Toxapex\n|-clearallboost\n|\n|-heal|p2a: Toxapex|21\/100|[from] item: Black Sludge\n|upkeep\n|turn|10\n|inactive|Battle timer is ON: inactive players will automatically lose when time's up. (requested by jeandonis02)\n|\n|t:|1662322079\n|switch|p2a: Rotom|Rotom-Wash|82\/100\n|move|p1a: Mew|Psyshock|p2a: Rotom\n|-damage|p2a: Rotom|53\/100\n|\n|-heal|p2a: Rotom|59\/100|[from] item: Leftovers\n|upkeep\n|turn|11\n|\n|t:|1662322083\n|move|p1a: Mew|Meteor Beam||[still]\n|-prepare|p1a: Mew|Meteor Beam\n|-boost|p1a: Mew|spa|1\n|move|p2a: Rotom|Volt Switch|p1a: Mew\n|-damage|p1a: Mew|51\/100\n|\n|t:|1662322086\n|switch|p2a: Garchomp|Garchomp, M|81\/100|[from]move: Volt Switch\n|\n|upkeep\n|turn|12\n|\n|t:|1662322088\n|move|p2a: Garchomp|Earthquake|p1a: Mew\n|-damage|p1a: Mew|0 fnt\n|faint|p1a: Mew\n|\n|upkeep\n|\n|t:|1662322094\n|switch|p1a: Ninetales|Ninetales-Alola, M|100\/100\n|-weather|Hail|[from] ability: Snow Warning|[of] p1a: Ninetales\n|turn|13\n|\n|t:|1662322097\n|switch|p2a: Ferrothorn|Ferrothorn, F|55\/100 slp\n|move|p1a: Ninetales|Freeze-Dry|p2a: Ferrothorn\n|-damage|p2a: Ferrothorn|33\/100 slp\n|\n|-weather|Hail|[upkeep]\n|-damage|p2a: Ferrothorn|26\/100 slp|[from] Hail\n|upkeep\n|turn|14\n|\n|t:|1662322109\n|switch|p1a: Landorus|Landorus-Therian, M|94\/100\n|-ability|p1a: Landorus|Intimidate|boost\n|-unboost|p2a: Ferrothorn|atk|1\n|-curestatus|p2a: Ferrothorn|slp|[msg]\n|move|p2a: Ferrothorn|Stealth Rock|p1a: Landorus\n|-sidestart|p1: FreshLsOffThePress|move: Stealth Rock\n|\n|-weather|Hail|[upkeep]\n|-damage|p1a: Landorus|88\/100|[from] Hail\n|-damage|p2a: Ferrothorn|20\/100|[from] Hail\n|upkeep\n|turn|15\n|\n|t:|1662322125\n|switch|p2a: Rotom|Rotom-Wash|59\/100\n|move|p1a: Landorus|Knock Off|p2a: Rotom\n|-damage|p2a: Rotom|30\/100\n|-enditem|p2a: Rotom|Leftovers|[from] move: Knock Off|[of] p1a: Landorus\n|\n|-weather|Hail|[upkeep]\n|-damage|p1a: Landorus|82\/100|[from] Hail\n|-damage|p2a: Rotom|24\/100|[from] Hail\n|upkeep\n|turn|16\n|\n|t:|1662322131\n|move|p1a: Landorus|U-turn|p2a: Rotom\n|-damage|p2a: Rotom|3\/100\n|\n|t:|1662322138\n|switch|p1a: Arctozolt|Arctozolt|100\/100|[from]move: U-turn\n|move|p2a: Rotom|Hydro Pump|p1a: Arctozolt\n|-damage|p1a: Arctozolt|42\/100\n|\n|-weather|Hail|[upkeep]\n|-damage|p2a: Rotom|0 fnt|[from] Hail\n|faint|p2a: Rotom\n|upkeep\n|\n|t:|1662322146\n|switch|p2a: Zeraora|Zeraora|100\/100\n|turn|17\n|\n|t:|1662322152\n|switch|p1a: Landorus|Landorus-Therian, M|82\/100\n|-damage|p1a: Landorus|69\/100|[from] Stealth Rock\n|-ability|p1a: Landorus|Intimidate|boost\n|-unboost|p2a: Zeraora|atk|1\n|move|p2a: Zeraora|Knock Off|p1a: Landorus\n|-damage|p1a: Landorus|50\/100\n|-damage|p2a: Zeraora|84\/100|[from] item: Rocky Helmet|[of] p1a: Landorus\n|-enditem|p1a: Landorus|Rocky Helmet|[from] move: Knock Off|[of] p2a: Zeraora\n|\n|-weather|Hail|[upkeep]\n|-damage|p2a: Zeraora|78\/100|[from] Hail\n|-damage|p1a: Landorus|43\/100|[from] Hail\n|upkeep\n|turn|18\n|\n|t:|1662322159\n|switch|p2a: Charizard|Charizard, M|100\/100\n|move|p1a: Landorus|U-turn|p2a: Charizard\n|-resisted|p2a: Charizard\n|-damage|p2a: Charizard|93\/100\n|\n|t:|1662322163\n|switch|p1a: Arctozolt|Arctozolt|42\/100|[from]move: U-turn\n|\n|-weather|Hail|[upkeep]\n|-damage|p2a: Charizard|87\/100|[from] Hail\n|upkeep\n|turn|19\n|\n|t:|1662322171\n|switch|p2a: Ferrothorn|Ferrothorn, F|20\/100\n|move|p1a: Arctozolt|Bolt Beak|p2a: Ferrothorn\n|-resisted|p2a: Ferrothorn\n|-damage|p2a: Ferrothorn|0 fnt\n|-damage|p1a: Arctozolt|30\/100|[from] ability: Iron Barbs|[of] p2a: Ferrothorn\n|-damage|p1a: Arctozolt|14\/100|[from] item: Rocky Helmet|[of] p2a: Ferrothorn\n|faint|p2a: Ferrothorn\n|\n|-weather|Hail|[upkeep]\n|upkeep\n|\n|t:|1662322176\n|switch|p2a: Toxapex|Toxapex, M|54\/100\n|turn|20\n|\n|t:|1662322189\n|move|p2a: Toxapex|Baneful Bunker|p2a: Toxapex\n|-singleturn|p2a: Toxapex|move: Protect\n|move|p1a: Arctozolt|Bolt Beak|p2a: Toxapex\n|-activate|p2a: Toxapex|move: Protect\n|-status|p1a: Arctozolt|psn\n|\n|-weather|none\n|-heal|p2a: Toxapex|61\/100|[from] item: Black Sludge\n|-damage|p1a: Arctozolt|1\/100 psn|[from] psn\n|upkeep\n|turn|21\n|\n|t:|1662322198\n|switch|p1a: Landorus|Landorus-Therian, M|43\/100\n|-damage|p1a: Landorus|31\/100|[from] Stealth Rock\n|-ability|p1a: Landorus|Intimidate|boost\n|-unboost|p2a: Toxapex|atk|1\n|move|p2a: Toxapex|Baneful Bunker||[still]\n|-fail|p2a: Toxapex\n|\n|-heal|p2a: Toxapex|67\/100|[from] item: Black Sludge\n|upkeep\n|turn|22\n|\n|t:|1662322208\n|switch|p2a: Charizard|Charizard, M|87\/100\n|move|p1a: Landorus|Stealth Rock|p2a: Charizard\n|-sidestart|p2: jeandonis02|move: Stealth Rock\n|\n|upkeep\n|turn|23\n|\n|t:|1662322211\n|move|p2a: Charizard|Belly Drum|p2a: Charizard\n|-damage|p2a: Charizard|37\/100\n|-setboost|p2a: Charizard|atk|6|[from] move: Belly Drum\n|-enditem|p2a: Charizard|Sitrus Berry|[eat]\n|-heal|p2a: Charizard|62\/100|[from] item: Sitrus Berry\n|move|p1a: Landorus|Knock Off|p2a: Charizard\n|-damage|p2a: Charizard|36\/100\n|\n|upkeep\n|turn|24\n|\n|t:|1662322225\n|move|p2a: Charizard|Flame Charge|p1a: Landorus\n|-damage|p1a: Landorus|0 fnt\n|-boost|p2a: Charizard|spe|1\n|faint|p1a: Landorus\n|\n|upkeep\n|\n|t:|1662322233\n|switch|p1a: Slowking|Slowking, F|72\/100\n|turn|25\n|\n|t:|1662322235\n|switch|p1a: Ninetales|Ninetales-Alola, M|100\/100\n|-damage|p1a: Ninetales|76\/100|[from] Stealth Rock\n|-weather|Hail|[from] ability: Snow Warning|[of] p1a: Ninetales\n|move|p2a: Charizard|Acrobatics|p1a: Ninetales\n|-damage|p1a: Ninetales|0 fnt\n|faint|p1a: Ninetales\n|\n|-weather|Hail|[upkeep]\n|-damage|p2a: Charizard|30\/100|[from] Hail\n|upkeep\n|\n|t:|1662322258\n|switch|p1a: Arctozolt|Arctozolt|1\/100 psn\n|turn|26\n|\n|t:|1662322263\n|move|p2a: Charizard|Flame Charge|p1a: Arctozolt\n|-supereffective|p1a: Arctozolt\n|-damage|p1a: Arctozolt|0 fnt\n|-boost|p2a: Charizard|spe|1\n|faint|p1a: Arctozolt\n|\n|-weather|Hail|[upkeep]\n|-damage|p2a: Charizard|24\/100|[from] Hail\n|upkeep\n|\n|t:|1662322266\n|switch|p1a: Slowking|Slowking, F|100\/100\n|turn|27\n|\n|t:|1662322268\n|move|p2a: Charizard|Acrobatics|p1a: Slowking\n|-damage|p1a: Slowking|0 fnt\n|faint|p1a: Slowking\n|\n|-weather|Hail|[upkeep]\n|-damage|p2a: Charizard|17\/100|[from] Hail\n|upkeep\n|\n|t:|1662322274\n|switch|p1a: Melmetal|Melmetal|100\/100\n|-damage|p1a: Melmetal|94\/100|[from] Stealth Rock\n|turn|28\n|\n|t:|1662322276\n|move|p2a: Charizard|Flame Charge|p1a: Melmetal\n|-supereffective|p1a: Melmetal\n|-damage|p1a: Melmetal|0 fnt\n|-boost|p2a: Charizard|spe|1\n|faint|p1a: Melmetal\n|\n|win|jeandonis02\n|raw|FreshLsOffThePress's rating: 1624 &rarr; <strong>1608<\/strong><br \/>(-16 for losing)\n|raw|jeandonis02's rating: 1702 &rarr; <strong>1718<\/strong><br \/>(+16 for winning)\n|l|\u2606FreshLsOffThePress\n|j| dogvevo\n|l| dogvevo\n||Ladder isn't responding, score probably updated but might not have (Request timeout).\n","uploadtime":1662322285,"views":28,"p1id":"freshlsoffthepress","p2id":"jeandonis02","formatid":"gen8ou","rating":1608,"private":0,"password":null}