{"id":"gen8ou-1669188690","p1":"jeandonis02","p2":"Jiangche_awa","format":"gen8ou","log":"|j|\u2606jeandonis02\n|j|\u203dJiangche_awa\n|t:|1664028002\n|gametype|singles\n|player|p1|jeandonis02|lucas|1783\n|player|p2|Jiangche_awa|170|1756\n|teamsize|p1|6\n|teamsize|p2|6\n|gen|8\n|tier|[Gen 8] OU\n|rated|\n|rule|Sleep Clause Mod: Limit one foe put to sleep\n|rule|Species Clause: Limit one of each Pok\u00e9mon\n|rule|OHKO Clause: OHKO moves are banned\n|rule|Evasion Items Clause: Evasion items are banned\n|rule|Evasion Moves Clause: Evasion moves are banned\n|rule|Endless Battle Clause: Forcing endless battles is banned\n|rule|HP Percentage Mod: HP is shown in percentages\n|rule|Dynamax Clause: You cannot dynamax\n|clearpoke\n|poke|p1|Zeraora|\n|poke|p1|Toxapex, M|\n|poke|p1|Garchomp, M|\n|poke|p1|Rotom-Wash|\n|poke|p1|Ferrothorn, F|\n|poke|p1|Charizard, M|\n|poke|p2|Urshifu-*, F|\n|poke|p2|Heatran, M|\n|poke|p2|Rotom-Wash|\n|poke|p2|Landorus-Therian, M|\n|poke|p2|Tapu Lele|\n|poke|p2|Kartana|\n|teampreview\n|inactive|Battle timer is ON: inactive players will automatically lose when time's up. (requested by jeandonis02)\n|j| NDHB\n|l|\u203dJiangche_awa\n|inactive|Jiangche_awa disconnected and has a minute to reconnect!\n|player|p2|\n|j| born with smaids\n|inactive|Jiangche_awa has 30 seconds to reconnect!\n|j|\u2606Jiangche_awa\n|inactive|Jiangche_awa reconnected and has 95 seconds left.\n|player|p2|Jiangche_awa|170\n|inactive|Jiangche_awa has 90 seconds left.\n|\n|t:|1664028075\n|start\n|switch|p1a: Garchomp|Garchomp, M|100\/100\n|switch|p2a: Urshifu|Urshifu-Rapid-Strike, F|100\/100\n|turn|1\n|inactive|jeandonis02 has 120 seconds left.\n|c|\u2606Jiangche_awa|1\n|\n|t:|1664028129\n|move|p1a: Garchomp|Outrage|p2a: Urshifu\n|-damage|p2a: Urshifu|8\/100\n|move|p2a: Urshifu|U-turn|p1a: Garchomp\n|-damage|p1a: Garchomp|64\/100\n|-damage|p2a: Urshifu|0 fnt|[from] ability: Rough Skin|[of] p1a: Garchomp\n|faint|p2a: Urshifu\n|\n|upkeep\n|\n|t:|1664028137\n|switch|p2a: Tapu Lele|Tapu Lele|100\/100\n|-fieldstart|move: Psychic Terrain|[from] ability: Psychic Surge|[of] p2a: Tapu Lele\n|turn|2\n|\n|t:|1664028142\n|move|p2a: Tapu Lele|Moonblast|p1a: Garchomp\n|-supereffective|p1a: Garchomp\n|-damage|p1a: Garchomp|0 fnt\n|faint|p1a: Garchomp\n|\n|upkeep\n|\n|t:|1664028144\n|switch|p1a: Ferrothorn|Ferrothorn, F|100\/100\n|turn|3\n|\n|t:|1664028148\n|switch|p2a: Heatran|Heatran, M|100\/100\n|-item|p2a: Heatran|Air Balloon\n|move|p1a: Ferrothorn|Body Press|p2a: Heatran\n|-supereffective|p2a: Heatran\n|-crit|p2a: Heatran\n|-damage|p2a: Heatran|12\/100\n|-enditem|p2a: Heatran|Air Balloon\n|\n|upkeep\n|turn|4\n|\n|t:|1664028155\n|switch|p1a: Rotom|Rotom-Wash|100\/100\n|move|p2a: Heatran|Stealth Rock|p1a: Rotom\n|-sidestart|p1: jeandonis02|move: Stealth Rock\n|\n|upkeep\n|turn|5\n|\n|t:|1664028160\n|move|p2a: Heatran|Magma Storm|p1a: Rotom|[miss]\n|-miss|p2a: Heatran|p1a: Rotom\n|move|p1a: Rotom|Defog|p2a: Heatran\n|-unboost|p2a: Heatran|evasion|1\n|-sideend|p1: jeandonis02|Stealth Rock|[from] move: Defog|[of] p1a: Rotom\n|-fieldend|move: Psychic Terrain\n|\n|upkeep\n|turn|6\n|\n|t:|1664028172\n|move|p2a: Heatran|Stealth Rock|p1a: Rotom\n|-sidestart|p1: jeandonis02|move: Stealth Rock\n|move|p1a: Rotom|Hydro Pump|p2a: Heatran\n|-supereffective|p2a: Heatran\n|-damage|p2a: Heatran|0 fnt\n|faint|p2a: Heatran\n|\n|upkeep\n|\n|t:|1664028178\n|switch|p2a: Tapu Lele|Tapu Lele|100\/100\n|-fieldstart|move: Psychic Terrain|[from] ability: Psychic Surge|[of] p2a: Tapu Lele\n|turn|7\n|\n|t:|1664028182\n|move|p2a: Tapu Lele|Future Sight|p1a: Rotom\n|-start|p2a: Tapu Lele|move: Future Sight\n|move|p1a: Rotom|Defog|p2a: Tapu Lele\n|-unboost|p2a: Tapu Lele|evasion|1\n|-sideend|p1: jeandonis02|Stealth Rock|[from] move: Defog|[of] p1a: Rotom\n|-fieldend|move: Psychic Terrain\n|\n|upkeep\n|turn|8\n|\n|t:|1664028188\n|switch|p2a: Rotom|Rotom-Wash, shiny|100\/100\n|move|p1a: Rotom|Volt Switch|p2a: Rotom\n|-damage|p2a: Rotom|82\/100\n|\n|t:|1664028190\n|switch|p1a: Ferrothorn|Ferrothorn, F|100\/100|[from]move: Volt Switch\n|\n|-heal|p2a: Rotom|88\/100|[from] item: Leftovers\n|upkeep\n|turn|9\n|\n|t:|1664028196\n|move|p2a: Rotom|Volt Switch|p1a: Ferrothorn\n|-resisted|p1a: Ferrothorn\n|-damage|p1a: Ferrothorn|91\/100\n|\n|t:|1664028198\n|switch|p2a: Kartana|Kartana, shiny|100\/100|[from]move: Volt Switch\n|move|p1a: Ferrothorn|Stealth Rock|p2a: Kartana\n|-sidestart|p2: Jiangche_awa|move: Stealth Rock\n|\n|-end|p1a: Ferrothorn|move: Future Sight\n|-resisted|p1a: Ferrothorn\n|-damage|p1a: Ferrothorn|65\/100\n|upkeep\n|turn|10\n|\n|t:|1664028202\n|move|p2a: Kartana|Swords Dance|p2a: Kartana\n|-boost|p2a: Kartana|atk|2\n|move|p1a: Ferrothorn|Thunder Wave|p2a: Kartana\n|-status|p2a: Kartana|par\n|\n|upkeep\n|turn|11\n|\n|t:|1664028206\n|cant|p2a: Kartana|par\n|move|p1a: Ferrothorn|Body Press|p2a: Kartana\n|-supereffective|p2a: Kartana\n|-damage|p2a: Kartana|36\/100 par\n|\n|upkeep\n|turn|12\n|\n|t:|1664028209\n|move|p2a: Kartana|Sacred Sword|p1a: Ferrothorn\n|-supereffective|p1a: Ferrothorn\n|-damage|p1a: Ferrothorn|0 fnt\n|-activate|p1a: Ferrothorn|ability: Iron Barbs\n|-activate|p2a: Kartana|item: Protective Pads\n|faint|p1a: Ferrothorn\n|-ability|p2a: Kartana|Beast Boost|boost\n|-boost|p2a: Kartana|atk|1\n|\n|upkeep\n|\n|t:|1664028222\n|switch|p1a: Zeraora|Zeraora|100\/100\n|turn|13\n|\n|t:|1664028225\n|switch|p2a: Landorus|Landorus-Therian, M|100\/100\n|-damage|p2a: Landorus|88\/100|[from] Stealth Rock\n|-ability|p2a: Landorus|Intimidate|boost\n|-unboost|p1a: Zeraora|atk|1\n|move|p1a: Zeraora|Close Combat|p2a: Landorus\n|-resisted|p2a: Landorus\n|-damage|p2a: Landorus|76\/100\n|-unboost|p1a: Zeraora|def|1\n|-unboost|p1a: Zeraora|spd|1\n|\n|-heal|p2a: Landorus|82\/100|[from] item: Leftovers\n|upkeep\n|turn|14\n|\n|t:|1664028233\n|switch|p1a: Charizard|Charizard, M|100\/100\n|move|p2a: Landorus|Defog|p1a: Charizard\n|-unboost|p1a: Charizard|evasion|1\n|-sideend|p2: Jiangche_awa|Stealth Rock|[from] move: Defog|[of] p2a: Landorus\n|\n|-heal|p2a: Landorus|88\/100|[from] item: Leftovers\n|upkeep\n|turn|15\n|\n|t:|1664028241\n|switch|p2a: Rotom|Rotom-Wash, shiny|88\/100\n|move|p1a: Charizard|Flame Charge|p2a: Rotom\n|-resisted|p2a: Rotom\n|-damage|p2a: Rotom|79\/100\n|-boost|p1a: Charizard|spe|1\n|\n|-heal|p2a: Rotom|85\/100|[from] item: Leftovers\n|upkeep\n|turn|16\n|\n|t:|1664028254\n|move|p1a: Charizard|Flame Charge|p2a: Rotom\n|-resisted|p2a: Rotom\n|-damage|p2a: Rotom|76\/100\n|-boost|p1a: Charizard|spe|1\n|move|p2a: Rotom|Hydro Pump|p1a: Charizard\n|-supereffective|p1a: Charizard\n|-damage|p1a: Charizard|10\/100\n|-enditem|p1a: Charizard|Sitrus Berry|[eat]\n|-heal|p1a: Charizard|34\/100|[from] item: Sitrus Berry\n|\n|-heal|p2a: Rotom|82\/100|[from] item: Leftovers\n|upkeep\n|turn|17\n|\n|t:|1664028263\n|move|p1a: Charizard|Roost|p1a: Charizard\n|-heal|p1a: Charizard|84\/100\n|-singleturn|p1a: Charizard|move: Roost\n|move|p2a: Rotom|Volt Switch|p1a: Charizard\n|-damage|p1a: Charizard|55\/100\n|\n|t:|1664028270\n|switch|p2a: Landorus|Landorus-Therian, M|88\/100|[from]move: Volt Switch\n|-ability|p2a: Landorus|Intimidate|boost\n|-unboost|p1a: Charizard|atk|1\n|\n|-heal|p2a: Landorus|94\/100|[from] item: Leftovers\n|upkeep\n|turn|18\n|\n|t:|1664028274\n|switch|p2a: Rotom|Rotom-Wash, shiny|82\/100\n|move|p1a: Charizard|Belly Drum|p1a: Charizard\n|-damage|p1a: Charizard|5\/100\n|-setboost|p1a: Charizard|atk|6|[from] move: Belly Drum\n|\n|-heal|p2a: Rotom|88\/100|[from] item: Leftovers\n|upkeep\n|turn|19\n|\n|t:|1664028281\n|move|p1a: Charizard|Acrobatics|p2a: Rotom\n|-resisted|p2a: Rotom\n|-damage|p2a: Rotom|3\/100\n|move|p2a: Rotom|Volt Switch|p1a: Charizard\n|-supereffective|p1a: Charizard\n|-damage|p1a: Charizard|0 fnt\n|faint|p1a: Charizard\n|\n|t:|1664028296\n|switch|p2a: Tapu Lele|Tapu Lele|100\/100|[from]move: Volt Switch\n|-fieldstart|move: Psychic Terrain|[from] ability: Psychic Surge|[of] p2a: Tapu Lele\n|\n|upkeep\n|\n|t:|1664028301\n|switch|p1a: Zeraora|Zeraora|100\/100\n|turn|20\n|\n|t:|1664028305\n|move|p2a: Tapu Lele|Psyshock|p1a: Zeraora\n|-crit|p1a: Zeraora\n|-enditem|p1a: Zeraora|Focus Sash\n|-damage|p1a: Zeraora|1\/100\n|move|p1a: Zeraora|Knock Off|p2a: Tapu Lele\n|-damage|p2a: Tapu Lele|51\/100\n|-enditem|p2a: Tapu Lele|Choice Scarf|[from] move: Knock Off|[of] p1a: Zeraora\n|\n|upkeep\n|turn|21\n|\n|t:|1664028311\n|switch|p2a: Landorus|Landorus-Therian, M|94\/100\n|-ability|p2a: Landorus|Intimidate|boost\n|-unboost|p1a: Zeraora|atk|1\n|move|p1a: Zeraora|Knock Off|p2a: Landorus\n|-damage|p2a: Landorus|75\/100\n|-enditem|p2a: Landorus|Leftovers|[from] move: Knock Off|[of] p1a: Zeraora\n|\n|upkeep\n|turn|22\n|\n|t:|1664028319\n|switch|p1a: Rotom|Rotom-Wash|100\/100\n|move|p2a: Landorus|U-turn|p1a: Rotom\n|-damage|p1a: Rotom|81\/100\n|\n|t:|1664028328\n|switch|p2a: Tapu Lele|Tapu Lele|51\/100|[from]move: U-turn\n|\n|-heal|p1a: Rotom|87\/100|[from] item: Leftovers\n|upkeep\n|turn|23\n|\n|t:|1664028332\n|move|p2a: Tapu Lele|Future Sight|p1a: Rotom\n|-start|p2a: Tapu Lele|move: Future Sight\n|move|p1a: Rotom|Volt Switch|p2a: Tapu Lele\n|-damage|p2a: Tapu Lele|25\/100\n|\n|t:|1664028335\n|switch|p1a: Zeraora|Zeraora|1\/100|[from]move: Volt Switch\n|\n|-fieldend|move: Psychic Terrain\n|upkeep\n|turn|24\n|\n|t:|1664028340\n|switch|p2a: Landorus|Landorus-Therian, M|75\/100\n|-ability|p2a: Landorus|Intimidate|boost\n|-unboost|p1a: Zeraora|atk|1\n|move|p1a: Zeraora|Play Rough|p2a: Landorus\n|-damage|p2a: Landorus|58\/100\n|\n|upkeep\n|turn|25\n|\n|t:|1664028346\n|switch|p1a: Rotom|Rotom-Wash|87\/100\n|move|p2a: Landorus|U-turn|p1a: Rotom\n|-damage|p1a: Rotom|69\/100\n|\n|t:|1664028351\n|switch|p2a: Kartana|Kartana, shiny|36\/100 par|[from]move: U-turn\n|\n|-end|p1a: Rotom|move: Future Sight\n|-damage|p1a: Rotom|10\/100\n|-heal|p1a: Rotom|16\/100|[from] item: Leftovers\n|upkeep\n|turn|26\n|\n|t:|1664028356\n|move|p1a: Rotom|Hydro Pump|p2a: Kartana\n|-resisted|p2a: Kartana\n|-damage|p2a: Kartana|0 fnt\n|faint|p2a: Kartana\n|\n|-heal|p1a: Rotom|23\/100|[from] item: Leftovers\n|upkeep\n|\n|t:|1664028360\n|switch|p2a: Tapu Lele|Tapu Lele|25\/100\n|-fieldstart|move: Psychic Terrain|[from] ability: Psychic Surge|[of] p2a: Tapu Lele\n|turn|27\n|\n|t:|1664028365\n|move|p2a: Tapu Lele|Psyshock|p1a: Rotom\n|-damage|p1a: Rotom|0 fnt\n|faint|p1a: Rotom\n|\n|upkeep\n|\n|t:|1664028368\n|switch|p1a: Zeraora|Zeraora|1\/100\n|turn|28\n|\n|t:|1664028373\n|switch|p1a: Toxapex|Toxapex, M|100\/100\n|switch|p2a: Rotom|Rotom-Wash, shiny|3\/100\n|\n|-heal|p2a: Rotom|10\/100|[from] item: Leftovers\n|upkeep\n|turn|29\n|\n|t:|1664028377\n|move|p1a: Toxapex|Baneful Bunker|p1a: Toxapex\n|-singleturn|p1a: Toxapex|move: Protect\n|move|p2a: Rotom|Pain Split|p1a: Toxapex\n|-activate|p1a: Toxapex|move: Protect\n|\n|-heal|p2a: Rotom|16\/100|[from] item: Leftovers\n|upkeep\n|turn|30\n|j| NamielleR\n|\n|t:|1664028381\n|switch|p1a: Zeraora|Zeraora|1\/100\n|move|p2a: Rotom|Hydro Pump|p1a: Zeraora\n|-damage|p1a: Zeraora|0 fnt\n|faint|p1a: Zeraora\n|\n|-heal|p2a: Rotom|22\/100|[from] item: Leftovers\n|upkeep\n|-message|jeandonis02 forfeited.\n|\n|win|Jiangche_awa\n|raw|jeandonis02's rating: 1783 &rarr; <strong>1761<\/strong><br \/>(-22 for losing)\n|raw|Jiangche_awa's rating: 1756 &rarr; <strong>1778<\/strong><br \/>(+22 for winning)\n|l|\u2606jeandonis02\n|l|\u2606Jiangche_awa\n||Ladder isn't responding, score probably updated but might not have (Request timeout).\n|l| born with smaids\n|l| NamielleR\n","uploadtime":1664029465,"views":28,"p1id":"jeandonis02","p2id":"jiangcheawa","formatid":"gen8ou","rating":1761,"private":0,"password":null}