{"id":"gen8nationaldex-1703883685","p1":"caxk3","p2":"Darkman64","format":"gen8nationaldex","log":"|j|\u2606caxk3\n|j|\u2606Darkman64\n|t:|1667707295\n|gametype|singles\n|player|p1|caxk3|crasherwake|1577\n|player|p2|Darkman64|juan|1684\n|teamsize|p1|6\n|teamsize|p2|6\n|gen|8\n|tier|[Gen 8] National Dex\n|rated|\n|rule|HP Percentage Mod: HP is shown in percentages\n|rule|Endless Battle Clause: Forcing endless battles is banned\n|rule|OHKO Clause: OHKO moves are banned\n|rule|Evasion Moves Clause: Evasion moves are banned\n|rule|Species Clause: Limit one of each Pok\u00e9mon\n|rule|Dynamax Clause: You cannot dynamax\n|rule|Sleep Clause Mod: Limit one foe put to sleep\n|clearpoke\n|poke|p1|Rillaboom, F|\n|poke|p1|Blaziken, F|\n|poke|p1|Slowbro, F|\n|poke|p1|Scizor, F|\n|poke|p1|Garchomp, M|\n|poke|p1|Heatran, F|\n|poke|p2|Toxapex, M|\n|poke|p2|Mantine, F|\n|poke|p2|Greninja, M|\n|poke|p2|Venusaur, M|\n|poke|p2|Ferrothorn, M|\n|poke|p2|Serperior, F|\n|teampreview\n|inactive|Battle timer is ON: inactive players will automatically lose when time's up. (requested by caxk3)\n|inactive|caxk3 has 120 seconds left.\n|\n|t:|1667707345\n|start\n|switch|p1a: Heatran|Heatran, F|100\/100\n|switch|p2a: Toxapex|Toxapex, M|100\/100\n|-item|p1a: Heatran|Air Balloon\n|turn|1\n|\n|t:|1667707359\n|move|p1a: Heatran|Stealth Rock|p2a: Toxapex\n|-sidestart|p2: Darkman64|move: Stealth Rock\n|move|p2a: Toxapex|Scald|p1a: Heatran\n|-supereffective|p1a: Heatran\n|-damage|p1a: Heatran|80\/100\n|-enditem|p1a: Heatran|Air Balloon\n|\n|upkeep\n|turn|2\n|\n|t:|1667707364\n|switch|p1a: Garchomp|Garchomp, M|100\/100\n|move|p2a: Toxapex|Toxic Spikes|p1a: Garchomp\n|-sidestart|p1: caxk3|move: Toxic Spikes\n|\n|upkeep\n|turn|3\n|\n|t:|1667707382\n|switch|p2a: Mantine|Mantine, F|100\/100\n|move|p1a: Garchomp|Swords Dance|p1a: Garchomp\n|-boost|p1a: Garchomp|atk|2\n|\n|upkeep\n|turn|4\n|\n|t:|1667707386\n|move|p1a: Garchomp|Stone Edge|p2a: Mantine\n|-supereffective|p2a: Mantine\n|-damage|p2a: Mantine|0 fnt\n|faint|p2a: Mantine\n|\n|upkeep\n|\n|t:|1667707390\n|switch|p2a: Greninja|Greninja, M|100\/100\n|-damage|p2a: Greninja|88\/100|[from] Stealth Rock\n|turn|5\n|\n|t:|1667707398\n|switch|p1a: Heatran|Heatran, F|80\/100\n|move|p2a: Greninja|Ice Beam|p1a: Heatran\n|-resisted|p1a: Heatran\n|-damage|p1a: Heatran|73\/100\n|\n|upkeep\n|turn|6\n|\n|t:|1667707402\n|switch|p2a: Toxapex|Toxapex, M|100\/100\n|-damage|p2a: Toxapex|88\/100|[from] Stealth Rock\n|move|p1a: Heatran|Magma Storm|p2a: Toxapex\n|-resisted|p2a: Toxapex\n|-damage|p2a: Toxapex|72\/100\n|-activate|p2a: Toxapex|move: Magma Storm|[of] p1a: Heatran\n|\n|-damage|p2a: Toxapex|60\/100|[from] move: Magma Storm|[partiallytrapped]\n|upkeep\n|turn|7\n|\n|t:|1667707408\n|move|p1a: Heatran|Earth Power|p2a: Toxapex\n|-supereffective|p2a: Toxapex\n|-damage|p2a: Toxapex|19\/100\n|move|p2a: Toxapex|Recover|p2a: Toxapex\n|-heal|p2a: Toxapex|69\/100\n|\n|-damage|p2a: Toxapex|57\/100|[from] move: Magma Storm|[partiallytrapped]\n|upkeep\n|turn|8\n|\n|t:|1667707410\n|move|p1a: Heatran|Earth Power|p2a: Toxapex\n|-supereffective|p2a: Toxapex\n|-damage|p2a: Toxapex|17\/100\n|move|p2a: Toxapex|Recover|p2a: Toxapex\n|-heal|p2a: Toxapex|67\/100\n|\n|-damage|p2a: Toxapex|55\/100|[from] move: Magma Storm|[partiallytrapped]\n|upkeep\n|turn|9\n|\n|t:|1667707413\n|move|p1a: Heatran|Earth Power|p2a: Toxapex\n|-supereffective|p2a: Toxapex\n|-damage|p2a: Toxapex|14\/100\n|move|p2a: Toxapex|Recover|p2a: Toxapex\n|-heal|p2a: Toxapex|65\/100\n|\n|-damage|p2a: Toxapex|52\/100|[from] move: Magma Storm|[partiallytrapped]\n|upkeep\n|turn|10\n|\n|t:|1667707416\n|move|p1a: Heatran|Earth Power|p2a: Toxapex\n|-supereffective|p2a: Toxapex\n|-damage|p2a: Toxapex|11\/100\n|move|p2a: Toxapex|Recover|p2a: Toxapex\n|-heal|p2a: Toxapex|62\/100\n|\n|-damage|p2a: Toxapex|49\/100|[from] move: Magma Storm|[partiallytrapped]\n|upkeep\n|turn|11\n|\n|t:|1667707423\n|move|p1a: Heatran|Earth Power|p2a: Toxapex\n|-supereffective|p2a: Toxapex\n|-damage|p2a: Toxapex|12\/100\n|move|p2a: Toxapex|Recover|p2a: Toxapex\n|-heal|p2a: Toxapex|63\/100\n|\n|-end|p2a: Toxapex|Magma Storm|[partiallytrapped]\n|upkeep\n|turn|12\n|\n|t:|1667707426\n|switch|p1a: Scizor|Scizor, F|100\/100\n|switch|p2a: Venusaur|Venusaur, M|100\/100\n|-damage|p2a: Venusaur|88\/100|[from] Stealth Rock\n|\n|upkeep\n|turn|13\n|\n|t:|1667707430\n|switch|p1a: Heatran|Heatran, F|73\/100\n|detailschange|p2a: Venusaur|Venusaur-Mega, M\n|-mega|p2a: Venusaur|Venusaur|Venusaurite\n|move|p2a: Venusaur|Sleep Powder|p1a: Heatran|[miss]\n|-miss|p2a: Venusaur|p1a: Heatran\n|\n|upkeep\n|turn|14\n|\n|t:|1667707436\n|move|p1a: Heatran|Magma Storm|p2a: Venusaur|[miss]\n|-miss|p1a: Heatran|p2a: Venusaur\n|move|p2a: Venusaur|Sleep Powder|p1a: Heatran\n|-status|p1a: Heatran|slp|[from] move: Sleep Powder\n|\n|upkeep\n|turn|15\n|\n|t:|1667707440\n|switch|p2a: Greninja|Greninja, M|88\/100\n|-damage|p2a: Greninja|76\/100|[from] Stealth Rock\n|cant|p1a: Heatran|slp\n|\n|upkeep\n|turn|16\n|\n|t:|1667707454\n|switch|p1a: Slowbro|Slowbro, F|100\/100\n|-status|p1a: Slowbro|psn\n|move|p2a: Greninja|Dark Pulse|p1a: Slowbro\n|-supereffective|p1a: Slowbro\n|-damage|p1a: Slowbro|0 fnt\n|faint|p1a: Slowbro\n|-activate|p2a: Greninja|ability: Battle Bond\n|detailschange|p2a: Greninja|Greninja-Ash, M\n|\n|upkeep\n|\n|t:|1667707457\n|switch|p1a: Rillaboom|Rillaboom, F|100\/100\n|-status|p1a: Rillaboom|psn\n|-fieldstart|move: Grassy Terrain|[from] ability: Grassy Surge|[of] p1a: Rillaboom\n|turn|17\n|\n|t:|1667707471\n|switch|p2a: Ferrothorn|Ferrothorn, M|100\/100\n|-damage|p2a: Ferrothorn|94\/100|[from] Stealth Rock\n|move|p1a: Rillaboom|Grassy Glide|p2a: Ferrothorn\n|-resisted|p2a: Ferrothorn\n|-damage|p2a: Ferrothorn|87\/100\n|-damage|p1a: Rillaboom|88\/100 psn|[from] ability: Iron Barbs|[of] p2a: Ferrothorn\n|-damage|p1a: Rillaboom|71\/100 psn|[from] item: Rocky Helmet|[of] p2a: Ferrothorn\n|\n|-heal|p1a: Rillaboom|78\/100 psn|[from] Grassy Terrain\n|-heal|p1a: Rillaboom|84\/100 psn|[from] item: Leftovers\n|-heal|p2a: Ferrothorn|93\/100|[from] Grassy Terrain\n|-damage|p1a: Rillaboom|71\/100 psn|[from] psn\n|upkeep\n|turn|18\n|\n|t:|1667707476\n|switch|p1a: Scizor|Scizor, F|100\/100\n|move|p2a: Ferrothorn|Stealth Rock|p1a: Scizor\n|-sidestart|p1: caxk3|move: Stealth Rock\n|\n|-heal|p2a: Ferrothorn|99\/100|[from] Grassy Terrain\n|upkeep\n|turn|19\n|\n|t:|1667707482\n|switch|p2a: Toxapex|Toxapex, M|96\/100\n|-damage|p2a: Toxapex|84\/100|[from] Stealth Rock\n|detailschange|p1a: Scizor|Scizor-Mega, F\n|-mega|p1a: Scizor|Scizor|Scizorite\n|move|p1a: Scizor|Defog|p2a: Toxapex\n|-unboost|p2a: Toxapex|evasion|1\n|-sideend|p2: Darkman64|Stealth Rock|[from] move: Defog|[of] p1a: Scizor\n|-sideend|p1: caxk3|Toxic Spikes|[from] move: Defog|[of] p1a: Scizor\n|-sideend|p1: caxk3|Stealth Rock|[from] move: Defog|[of] p1a: Scizor\n|-fieldend|move: Grassy Terrain\n|\n|upkeep\n|turn|20\n|\n|t:|1667707488\n|move|p1a: Scizor|U-turn|p2a: Toxapex\n|-resisted|p2a: Toxapex\n|-damage|p2a: Toxapex|72\/100\n|-damage|p1a: Scizor|84\/100|[from] item: Rocky Helmet|[of] p2a: Toxapex\n|\n|t:|1667707490\n|switch|p1a: Garchomp|Garchomp, M|100\/100|[from]move: U-turn\n|move|p2a: Toxapex|Scald|p1a: Garchomp\n|-damage|p1a: Garchomp|82\/100\n|\n|upkeep\n|turn|21\n|\n|t:|1667707504\n|move|p1a: Garchomp|Earthquake|p2a: Toxapex\n|-supereffective|p2a: Toxapex\n|-damage|p2a: Toxapex|0 fnt\n|faint|p2a: Toxapex\n|\n|upkeep\n|\n|t:|1667707507\n|switch|p2a: Greninja|Greninja-Ash, M|76\/100\n|turn|22\n|\n|t:|1667707512\n|move|p2a: Greninja|Dark Pulse|p1a: Garchomp\n|-damage|p1a: Garchomp|5\/100\n|-zpower|p1a: Garchomp\n|move|p1a: Garchomp|Continental Crush|p2a: Greninja|[zeffect]\n|-damage|p2a: Greninja|0 fnt\n|faint|p2a: Greninja\n|\n|upkeep\n|\n|t:|1667707522\n|switch|p2a: Serperior|Serperior, F|100\/100\n|turn|23\n|\n|t:|1667707525\n|move|p2a: Serperior|Leaf Storm|p1a: Garchomp\n|-damage|p1a: Garchomp|0 fnt\n|-boost|p2a: Serperior|spa|2\n|faint|p1a: Garchomp\n|\n|upkeep\n|\n|t:|1667707530\n|switch|p1a: Scizor|Scizor-Mega, F|84\/100\n|turn|24\n|\n|t:|1667707533\n|move|p2a: Serperior|Glare|p1a: Scizor\n|-status|p1a: Scizor|par\n|cant|p1a: Scizor|par\n|\n|upkeep\n|turn|25\n|\n|t:|1667707536\n|switch|p2a: Ferrothorn|Ferrothorn, M|99\/100\n|move|p1a: Scizor|U-turn|p2a: Ferrothorn\n|-damage|p2a: Ferrothorn|80\/100\n|-damage|p1a: Scizor|72\/100 par|[from] ability: Iron Barbs|[of] p2a: Ferrothorn\n|-damage|p1a: Scizor|55\/100 par|[from] item: Rocky Helmet|[of] p2a: Ferrothorn\n|\n|t:|1667707540\n|switch|p1a: Blaziken|Blaziken, F|100\/100|[from]move: U-turn\n|\n|upkeep\n|turn|26\n|\n|t:|1667707552\n|move|p1a: Blaziken|Swords Dance|p1a: Blaziken\n|-boost|p1a: Blaziken|atk|2\n|move|p2a: Ferrothorn|Leech Seed|p1a: Blaziken\n|-start|p1a: Blaziken|move: Leech Seed\n|\n|-damage|p1a: Blaziken|88\/100|[from] Leech Seed|[of] p2a: Ferrothorn\n|-heal|p2a: Ferrothorn|90\/100|[silent]\n|-ability|p1a: Blaziken|Speed Boost|boost\n|-boost|p1a: Blaziken|spe|1\n|upkeep\n|turn|27\n|\n|t:|1667707556\n|move|p1a: Blaziken|Flare Blitz|p2a: Ferrothorn\n|-supereffective|p2a: Ferrothorn\n|-damage|p2a: Ferrothorn|0 fnt\n|-damage|p1a: Blaziken|76\/100|[from] ability: Iron Barbs|[of] p2a: Ferrothorn\n|-damage|p1a: Blaziken|59\/100|[from] item: Rocky Helmet|[of] p2a: Ferrothorn\n|faint|p2a: Ferrothorn\n|-damage|p1a: Blaziken|25\/100|[from] Recoil\n|\n|-heal|p1a: Blaziken|31\/100|[from] item: Leftovers\n|-ability|p1a: Blaziken|Speed Boost|boost\n|-boost|p1a: Blaziken|spe|1\n|upkeep\n|\n|t:|1667707566\n|switch|p2a: Venusaur|Venusaur-Mega, M|88\/100\n|turn|28\n|\n|t:|1667707568\n|switch|p2a: Serperior|Serperior, F|100\/100\n|move|p1a: Blaziken|Flare Blitz|p2a: Serperior\n|-supereffective|p2a: Serperior\n|-damage|p2a: Serperior|0 fnt\n|faint|p2a: Serperior\n|-damage|p1a: Blaziken|0 fnt|[from] Recoil\n|faint|p1a: Blaziken\n|\n|upkeep\n|\n|t:|1667707571\n|switch|p2a: Venusaur|Venusaur-Mega, M|88\/100\n|switch|p1a: Heatran|Heatran, F|73\/100 slp\n|turn|29\n|\n|t:|1667707580\n|-curestatus|p1a: Heatran|slp|[msg]\n|move|p1a: Heatran|Magma Storm|p2a: Venusaur\n|-supereffective|p2a: Venusaur\n|-damage|p2a: Venusaur|58\/100\n|-activate|p2a: Venusaur|move: Magma Storm|[of] p1a: Heatran\n|move|p2a: Venusaur|Giga Drain|p1a: Heatran\n|-resisted|p1a: Heatran\n|-damage|p1a: Heatran|68\/100\n|-heal|p2a: Venusaur|61\/100|[from] drain|[of] p1a: Heatran\n|\n|-damage|p2a: Venusaur|48\/100|[from] move: Magma Storm|[partiallytrapped]\n|upkeep\n|turn|30\n|c|\u2606Darkman64|gg\n|\n|t:|1667707586\n|move|p1a: Heatran|Earth Power|p2a: Venusaur\n|-damage|p2a: Venusaur|28\/100\n|move|p2a: Venusaur|Sleep Powder|p1a: Heatran\n|-status|p1a: Heatran|slp|[from] move: Sleep Powder\n|\n|-damage|p2a: Venusaur|16\/100|[from] move: Magma Storm|[partiallytrapped]\n|upkeep\n|turn|31\n|\n|t:|1667707588\n|cant|p1a: Heatran|slp\n|move|p2a: Venusaur|Giga Drain|p1a: Heatran\n|-resisted|p1a: Heatran\n|-damage|p1a: Heatran|63\/100 slp\n|-heal|p2a: Venusaur|19\/100|[from] drain|[of] p1a: Heatran\n|\n|-damage|p2a: Venusaur|6\/100|[from] move: Magma Storm|[partiallytrapped]\n|upkeep\n|turn|32\n|\n|t:|1667707589\n|-curestatus|p1a: Heatran|slp|[msg]\n|move|p1a: Heatran|Earth Power|p2a: Venusaur\n|-damage|p2a: Venusaur|0 fnt\n|faint|p2a: Venusaur\n|\n|win|caxk3\n|raw|caxk3's rating: 1577 &rarr; <strong>1604<\/strong><br \/>(+27 for winning)\n|raw|Darkman64's rating: 1698 &rarr; <strong>1671<\/strong><br \/>(-27 for losing)\n|l|\u2606Darkman64\n||Ladder isn't responding, score probably updated but might not have (Request timeout).\n","uploadtime":1667707593,"views":6,"p1id":"caxk3","p2id":"darkman64","formatid":"gen8nationaldex","rating":1604,"private":0,"password":null}