{"id":"gen8uu-1654957853","p1":"misplayin","p2":"Ketelbinkie","format":"gen8uu","log":"|j|\u2606misplayin\n|j|\u2606Ketelbinkie\n|t:|1662192747\n|gametype|singles\n|player|p1|misplayin|bugsy|1294\n|player|p2|Ketelbinkie|2|1133\n|teamsize|p1|6\n|teamsize|p2|6\n|gen|8\n|tier|[Gen 8] UU\n|rated|\n|rule|Sleep Clause Mod: Limit one foe put to sleep\n|rule|Species Clause: Limit one of each Pok\u00e9mon\n|rule|OHKO Clause: OHKO moves are banned\n|rule|Evasion Items Clause: Evasion items are banned\n|rule|Evasion Moves Clause: Evasion moves are banned\n|rule|Endless Battle Clause: Forcing endless battles is banned\n|rule|HP Percentage Mod: HP is shown in percentages\n|rule|Dynamax Clause: You cannot dynamax\n|clearpoke\n|poke|p1|Swampert, F|\n|poke|p1|Indeedee, M|\n|poke|p1|Amoonguss, M|\n|poke|p1|Mandibuzz, F|\n|poke|p1|Entei|\n|poke|p1|Primarina, F|\n|poke|p2|Nidoking, M|\n|poke|p2|Slowbro-Galar, F|\n|poke|p2|Milotic, M|\n|poke|p2|Salazzle, F|\n|poke|p2|Umbreon, F|\n|poke|p2|Espeon, F|\n|teampreview\n|inactive|Battle timer is ON: inactive players will automatically lose when time's up. (requested by misplayin)\n|\n|t:|1662192775\n|start\n|switch|p1a: Swampert|Swampert, F|100\/100\n|switch|p2a: Espeon|Espeon, F|100\/100\n|turn|1\n|\n|t:|1662192783\n|switch|p1a: Mandibuzz|Mandibuzz, F|100\/100\n|move|p2a: Espeon|Calm Mind|p2a: Espeon\n|-boost|p2a: Espeon|spa|1\n|-boost|p2a: Espeon|spd|1\n|\n|upkeep\n|turn|2\n|\n|t:|1662192790\n|move|p2a: Espeon|Dazzling Gleam|p1a: Mandibuzz\n|-supereffective|p1a: Mandibuzz\n|-damage|p1a: Mandibuzz|15\/100\n|-damage|p2a: Espeon|91\/100|[from] item: Life Orb\n|move|p1a: Mandibuzz|Foul Play|p2a: Espeon\n|-supereffective|p2a: Espeon\n|-damage|p2a: Espeon|29\/100\n|\n|upkeep\n|turn|3\n|\n|t:|1662192801\n|switch|p1a: Entei|Entei|100\/100\n|move|p2a: Espeon|Shadow Ball|p1a: Entei\n|-damage|p1a: Entei|35\/100\n|-damage|p2a: Espeon|19\/100|[from] item: Life Orb\n|\n|upkeep\n|turn|4\n|\n|t:|1662192809\n|move|p1a: Entei|Extreme Speed|p2a: Espeon\n|-damage|p2a: Espeon|0 fnt\n|faint|p2a: Espeon\n|\n|upkeep\n|\n|t:|1662192817\n|switch|p2a: Umbreon|Umbreon, F, shiny|100\/100\n|turn|5\n|\n|t:|1662192824\n|switch|p1a: Amoonguss|Amoonguss, M|100\/100\n|move|p2a: Umbreon|Toxic|p1a: Amoonguss\n|-immune|p1a: Amoonguss\n|\n|upkeep\n|turn|6\n|\n|t:|1662192833\n|switch|p2a: Slowbro|Slowbro-Galar, F|100\/100\n|move|p1a: Amoonguss|Spore|p2a: Slowbro\n|-status|p2a: Slowbro|slp|[from] move: Spore\n|\n|upkeep\n|turn|7\n|\n|t:|1662192841\n|switch|p1a: Swampert|Swampert, F|100\/100\n|cant|p2a: Slowbro|slp\n|\n|upkeep\n|turn|8\n|\n|t:|1662192849\n|switch|p2a: Milotic|Milotic, M|100\/100\n|move|p1a: Swampert|Earthquake|p2a: Milotic\n|-damage|p2a: Milotic|74\/100\n|\n|-heal|p2a: Milotic|80\/100|[from] item: Leftovers\n|upkeep\n|turn|9\n|\n|t:|1662192857\n|switch|p1a: Amoonguss|Amoonguss, M|100\/100\n|move|p2a: Milotic|Light Screen|p2a: Milotic\n|-sidestart|p2: Ketelbinkie|move: Light Screen\n|\n|-heal|p2a: Milotic|86\/100|[from] item: Leftovers\n|upkeep\n|turn|10\n|\n|t:|1662192865\n|switch|p2a: Slowbro|Slowbro-Galar, F|100\/100 slp\n|move|p1a: Amoonguss|Sludge Bomb|p2a: Slowbro\n|-resisted|p2a: Slowbro\n|-damage|p2a: Slowbro|91\/100 slp\n|\n|upkeep\n|turn|11\n|\n|t:|1662192872\n|switch|p1a: Swampert|Swampert, F|100\/100\n|cant|p2a: Slowbro|slp\n|\n|upkeep\n|turn|12\n|\n|t:|1662192879\n|move|p1a: Swampert|Stealth Rock|p2a: Slowbro\n|-sidestart|p2: Ketelbinkie|move: Stealth Rock\n|cant|p2a: Slowbro|slp\n|\n|upkeep\n|turn|13\n|\n|t:|1662192886\n|switch|p2a: Milotic|Milotic, M|86\/100\n|-damage|p2a: Milotic|73\/100|[from] Stealth Rock\n|move|p1a: Swampert|Earthquake|p2a: Milotic\n|-damage|p2a: Milotic|47\/100\n|\n|-heal|p2a: Milotic|53\/100|[from] item: Leftovers\n|-sideend|p2: Ketelbinkie|move: Light Screen\n|upkeep\n|turn|14\n|\n|t:|1662192896\n|move|p2a: Milotic|Recover|p2a: Milotic\n|-heal|p2a: Milotic|100\/100\n|move|p1a: Swampert|Toxic|p2a: Milotic|[miss]\n|-miss|p1a: Swampert|p2a: Milotic\n|\n|upkeep\n|turn|15\n|\n|t:|1662192904\n|switch|p1a: Amoonguss|Amoonguss, M|100\/100\n|move|p2a: Milotic|Scald|p1a: Amoonguss\n|-resisted|p1a: Amoonguss\n|-damage|p1a: Amoonguss|88\/100\n|\n|upkeep\n|turn|16\n|\n|t:|1662192918\n|switch|p2a: Salazzle|Salazzle, F, shiny|100\/100\n|-damage|p2a: Salazzle|76\/100|[from] Stealth Rock\n|move|p1a: Amoonguss|Giga Drain|p2a: Salazzle\n|-resisted|p2a: Salazzle\n|-damage|p2a: Salazzle|64\/100\n|-heal|p1a: Amoonguss|91\/100|[from] drain|[of] p2a: Salazzle\n|\n|-heal|p2a: Salazzle|71\/100|[from] item: Black Sludge\n|upkeep\n|turn|17\n|\n|t:|1662192929\n|switch|p1a: Swampert|Swampert, F|100\/100\n|move|p2a: Salazzle|Nasty Plot|p2a: Salazzle\n|-boost|p2a: Salazzle|spa|2\n|\n|-heal|p2a: Salazzle|77\/100|[from] item: Black Sludge\n|upkeep\n|turn|18\n|\n|t:|1662192938\n|move|p2a: Salazzle|Sludge Wave|p1a: Swampert\n|-resisted|p1a: Swampert\n|-damage|p1a: Swampert|71\/100\n|move|p1a: Swampert|Flip Turn|p2a: Salazzle\n|-supereffective|p2a: Salazzle\n|-damage|p2a: Salazzle|0 fnt\n|faint|p2a: Salazzle\n|\n|t:|1662192942\n|switch|p1a: Indeedee|Indeedee, M|100\/100|[from]move: Flip Turn\n|-fieldstart|move: Psychic Terrain|[from] ability: Psychic Surge|[of] p1a: Indeedee\n|\n|upkeep\n|\n|t:|1662192956\n|switch|p2a: Umbreon|Umbreon, F, shiny|100\/100\n|-damage|p2a: Umbreon|88\/100|[from] Stealth Rock\n|turn|19\n|\n|t:|1662192962\n|move|p1a: Indeedee|Trick|p2a: Umbreon\n|-activate|p1a: Indeedee|move: Trick|[of] p2a: Umbreon\n|-item|p2a: Umbreon|Choice Scarf|[from] move: Trick\n|-item|p1a: Indeedee|Rocky Helmet|[from] move: Trick\n|move|p2a: Umbreon|Wish|p2a: Umbreon\n|\n|upkeep\n|turn|20\n|\n|t:|1662192971\n|switch|p2a: Slowbro|Slowbro-Galar, F|91\/100 slp\n|-damage|p2a: Slowbro|79\/100 slp|[from] Stealth Rock\n|move|p1a: Indeedee|Expanding Force|p2a: Slowbro\n|-damage|p2a: Slowbro|0 fnt\n|faint|p2a: Slowbro\n|\n|upkeep\n|-message|Ketelbinkie forfeited.\n|\n|win|misplayin\n|raw|misplayin's rating: 1294 &rarr; <strong>1308<\/strong><br \/>(+14 for winning)\n|raw|Ketelbinkie's rating: 1133 &rarr; <strong>1119<\/strong><br \/>(-14 for losing)\n|l|\u2606Ketelbinkie\n","uploadtime":1662193047,"views":14,"p1id":"misplayin","p2id":"ketelbinkie","formatid":"gen8uu","rating":1119,"private":0,"password":null}