{"id":"gen8ou-1703284304","p1":"minimax_ai","p2":"endgame villain","format":"gen8ou","log":"|j|\u203dminimax_ai\n|j|\u2606endgame villain\n|t:|1667643505\n|gametype|singles\n|player|p1|minimax_ai|169|1560\n|player|p2|endgame villain|101|1681\n|teamsize|p1|6\n|teamsize|p2|6\n|gen|8\n|tier|[Gen 8] OU\n|rated|\n|rule|Sleep Clause Mod: Limit one foe put to sleep\n|rule|Species Clause: Limit one of each Pok\u00e9mon\n|rule|OHKO Clause: OHKO moves are banned\n|rule|Evasion Items Clause: Evasion items are banned\n|rule|Evasion Moves Clause: Evasion moves are banned\n|rule|Endless Battle Clause: Forcing endless battles is banned\n|rule|HP Percentage Mod: HP is shown in percentages\n|rule|Dynamax Clause: You cannot dynamax\n|clearpoke\n|poke|p1|Rotom-Wash|\n|poke|p1|Weavile, M|\n|poke|p1|Landorus-Therian, M|\n|poke|p1|Heatran, M|\n|poke|p1|Tangrowth, M|\n|poke|p1|Melmetal|\n|poke|p2|Chansey, F|\n|poke|p2|Zapdos|\n|poke|p2|Hippowdon, M|\n|poke|p2|Toxapex, M|\n|poke|p2|Clefable, F|\n|poke|p2|Tornadus-Therian, M|\n|teampreview\n|inactive|Battle timer is ON: inactive players will automatically lose when time's up. (requested by endgame villain)\n|inactive|minimax_ai also wants the timer to be on.\n|\n|t:|1667643515\n|start\n|switch|p1a: Landorus|Landorus-Therian, M|100\/100\n|switch|p2a: Tornadus|Tornadus-Therian, M, shiny|100\/100\n|-ability|p1a: Landorus|Intimidate|boost\n|-unboost|p2a: Tornadus|atk|1\n|turn|1\n|\n|t:|1667643518\n|switch|p1a: Heatran|Heatran, M|100\/100\n|-item|p1a: Heatran|Air Balloon\n|move|p2a: Tornadus|Knock Off|p1a: Heatran\n|-damage|p1a: Heatran|87\/100\n|-enditem|p1a: Heatran|Air Balloon\n|\n|upkeep\n|turn|2\n|\n|t:|1667643520\n|move|p2a: Tornadus|U-turn|p1a: Heatran\n|-resisted|p1a: Heatran\n|-damage|p1a: Heatran|85\/100\n|\n|t:|1667643521\n|switch|p2a: Toxapex|Toxapex, M|100\/100|[from]move: U-turn\n|move|p1a: Heatran|Magma Storm|p2a: Toxapex\n|-resisted|p2a: Toxapex\n|-damage|p2a: Toxapex|77\/100\n|-activate|p2a: Toxapex|move: Magma Storm|[of] p1a: Heatran\n|\n|-damage|p2a: Toxapex|65\/100|[from] move: Magma Storm|[partiallytrapped]\n|upkeep\n|turn|3\n|\n|t:|1667643523\n|switch|p2a: Hippowdon|Hippowdon, M|100\/100\n|-weather|Sandstorm|[from] ability: Sand Stream|[of] p2a: Hippowdon\n|move|p1a: Heatran|Magma Storm|p2a: Hippowdon\n|-damage|p2a: Hippowdon|62\/100\n|-activate|p2a: Hippowdon|move: Magma Storm|[of] p1a: Heatran\n|\n|-weather|Sandstorm|[upkeep]\n|-heal|p2a: Hippowdon|68\/100|[from] item: Leftovers\n|-damage|p2a: Hippowdon|56\/100|[from] move: Magma Storm|[partiallytrapped]\n|upkeep\n|turn|4\n|\n|t:|1667643525\n|switch|p1a: Rotom|Rotom-Wash|100\/100\n|move|p2a: Hippowdon|Slack Off|p2a: Hippowdon\n|-heal|p2a: Hippowdon|100\/100\n|\n|-weather|Sandstorm|[upkeep]\n|-damage|p1a: Rotom|94\/100|[from] Sandstorm\n|-heal|p1a: Rotom|100\/100|[from] item: Leftovers\n|-end|p2a: Hippowdon|Magma Storm|[partiallytrapped]|[silent]\n|upkeep\n|turn|5\n|\n|t:|1667643529\n|switch|p2a: Chansey|Chansey, F|100\/100\n|move|p1a: Rotom|Nasty Plot|p1a: Rotom\n|-boost|p1a: Rotom|spa|2\n|\n|-weather|Sandstorm|[upkeep]\n|-damage|p1a: Rotom|94\/100|[from] Sandstorm\n|-damage|p2a: Chansey|94\/100|[from] Sandstorm\n|-heal|p1a: Rotom|100\/100|[from] item: Leftovers\n|upkeep\n|turn|6\n|\n|t:|1667643530\n|move|p1a: Rotom|Pain Split|p2a: Chansey\n|-sethp|p2a: Chansey|69\/100|[from] move: Pain Split|[silent]\n|-sethp|p1a: Rotom|100\/100|[from] move: Pain Split\n|move|p2a: Chansey|Seismic Toss|p1a: Rotom\n|-damage|p1a: Rotom|68\/100\n|\n|-weather|Sandstorm|[upkeep]\n|-damage|p1a: Rotom|61\/100|[from] Sandstorm\n|-damage|p2a: Chansey|63\/100|[from] Sandstorm\n|-heal|p1a: Rotom|68\/100|[from] item: Leftovers\n|upkeep\n|turn|7\n|\n|t:|1667643534\n|switch|p2a: Zapdos|Zapdos|100\/100\n|move|p1a: Rotom|Pain Split|p2a: Zapdos\n|-sethp|p2a: Zapdos|82\/100|[from] move: Pain Split|[silent]\n|-sethp|p1a: Rotom|87\/100|[from] move: Pain Split\n|\n|-weather|none\n|-heal|p1a: Rotom|93\/100|[from] item: Leftovers\n|upkeep\n|turn|8\n|\n|t:|1667643537\n|move|p2a: Zapdos|Volt Switch|p1a: Rotom\n|-damage|p1a: Rotom|30\/100\n|\n|t:|1667643545\n|switch|p2a: Clefable|Clefable, F|100\/100|[from]move: Volt Switch\n|move|p1a: Rotom|Thunderbolt|p2a: Clefable\n|-damage|p2a: Clefable|69\/100\n|-status|p2a: Clefable|par\n|\n|-heal|p1a: Rotom|36\/100|[from] item: Leftovers\n|upkeep\n|turn|9\n|\n|t:|1667643547\n|move|p1a: Rotom|Pain Split|p2a: Clefable\n|-sethp|p2a: Clefable|48\/100 par|[from] move: Pain Split|[silent]\n|-sethp|p1a: Rotom|63\/100|[from] move: Pain Split\n|cant|p2a: Clefable|par\n|\n|-heal|p1a: Rotom|69\/100|[from] item: Leftovers\n|upkeep\n|turn|10\n|\n|t:|1667643549\n|move|p1a: Rotom|Nasty Plot|p1a: Rotom\n|-boost|p1a: Rotom|spa|2\n|move|p2a: Clefable|Soft-Boiled|p2a: Clefable\n|-heal|p2a: Clefable|98\/100 par\n|\n|-heal|p1a: Rotom|75\/100|[from] item: Leftovers\n|upkeep\n|turn|11\n|\n|t:|1667643551\n|move|p1a: Rotom|Hydro Pump|p2a: Clefable|[miss]\n|-miss|p1a: Rotom|p2a: Clefable\n|move|p2a: Clefable|Calm Mind|p2a: Clefable\n|-boost|p2a: Clefable|spa|1\n|-boost|p2a: Clefable|spd|1\n|\n|-heal|p1a: Rotom|81\/100|[from] item: Leftovers\n|upkeep\n|turn|12\n|\n|t:|1667643552\n|move|p1a: Rotom|Hydro Pump|p2a: Clefable\n|-damage|p2a: Clefable|73\/100 par\n|cant|p2a: Clefable|par\n|\n|-heal|p1a: Rotom|88\/100|[from] item: Leftovers\n|upkeep\n|turn|13\n|\n|t:|1667643555\n|move|p1a: Rotom|Hydro Pump|p2a: Clefable\n|-damage|p2a: Clefable|45\/100 par\n|cant|p2a: Clefable|par\n|\n|-heal|p1a: Rotom|94\/100|[from] item: Leftovers\n|upkeep\n|turn|14\n|\n|t:|1667643557\n|move|p1a: Rotom|Hydro Pump|p2a: Clefable\n|-crit|p2a: Clefable\n|-damage|p2a: Clefable|0 fnt\n|faint|p2a: Clefable\n|\n|-heal|p1a: Rotom|99\/100|[from] item: Leftovers\n|upkeep\n|\n|t:|1667643559\n|switch|p2a: Zapdos|Zapdos|82\/100\n|turn|15\n|\n|t:|1667643561\n|move|p2a: Zapdos|Volt Switch|p1a: Rotom\n|-damage|p1a: Rotom|41\/100\n|\n|t:|1667643567\n|switch|p2a: Hippowdon|Hippowdon, M|100\/100|[from]move: Volt Switch\n|-weather|Sandstorm|[from] ability: Sand Stream|[of] p2a: Hippowdon\n|move|p1a: Rotom|Hydro Pump|p2a: Hippowdon|[miss]\n|-miss|p1a: Rotom|p2a: Hippowdon\n|\n|-weather|Sandstorm|[upkeep]\n|-damage|p1a: Rotom|35\/100|[from] Sandstorm\n|-heal|p1a: Rotom|41\/100|[from] item: Leftovers\n|upkeep\n|turn|16\n|\n|t:|1667643572\n|switch|p2a: Toxapex|Toxapex, M|98\/100\n|move|p1a: Rotom|Hydro Pump|p2a: Toxapex\n|-resisted|p2a: Toxapex\n|-damage|p2a: Toxapex|45\/100\n|\n|-weather|Sandstorm|[upkeep]\n|-damage|p1a: Rotom|35\/100|[from] Sandstorm\n|-damage|p2a: Toxapex|39\/100|[from] Sandstorm\n|-heal|p1a: Rotom|41\/100|[from] item: Leftovers\n|upkeep\n|turn|17\n|\n|t:|1667643573\n|switch|p2a: Hippowdon|Hippowdon, M|100\/100\n|move|p1a: Rotom|Hydro Pump|p2a: Hippowdon\n|-supereffective|p2a: Hippowdon\n|-damage|p2a: Hippowdon|0 fnt\n|faint|p2a: Hippowdon\n|\n|-weather|Sandstorm|[upkeep]\n|-damage|p1a: Rotom|35\/100|[from] Sandstorm\n|-heal|p1a: Rotom|41\/100|[from] item: Leftovers\n|upkeep\n|\n|t:|1667643575\n|switch|p2a: Zapdos|Zapdos|82\/100\n|turn|18\n|\n|t:|1667643578\n|switch|p1a: Landorus|Landorus-Therian, M|100\/100\n|-ability|p1a: Landorus|Intimidate|boost\n|-unboost|p2a: Zapdos|atk|1\n|move|p2a: Zapdos|Thunderbolt|p1a: Landorus\n|-immune|p1a: Landorus\n|\n|-weather|Sandstorm|[upkeep]\n|-damage|p2a: Zapdos|76\/100|[from] Sandstorm\n|upkeep\n|turn|19\n|\n|t:|1667643580\n|switch|p2a: Tornadus|Tornadus-Therian, M, shiny|100\/100\n|move|p1a: Landorus|U-turn|p2a: Tornadus\n|-resisted|p2a: Tornadus\n|-damage|p2a: Tornadus|89\/100\n|\n|t:|1667643580\n|switch|p1a: Melmetal|Melmetal|100\/100|[from]move: U-turn\n|\n|-weather|none\n|upkeep\n|turn|20\n|\n|t:|1667643582\n|move|p2a: Tornadus|U-turn|p1a: Melmetal\n|-resisted|p1a: Melmetal\n|-damage|p1a: Melmetal|96\/100\n|\n|t:|1667643583\n|switch|p2a: Toxapex|Toxapex, M|72\/100|[from]move: U-turn\n|move|p1a: Melmetal|Thunder Punch|p2a: Toxapex\n|-supereffective|p2a: Toxapex\n|-damage|p2a: Toxapex|31\/100\n|-status|p2a: Toxapex|par\n|\n|upkeep\n|turn|21\n|\n|t:|1667643585\n|switch|p2a: Zapdos|Zapdos|76\/100\n|move|p1a: Melmetal|Thunder Punch|p2a: Zapdos\n|-damage|p2a: Zapdos|35\/100\n|-status|p1a: Melmetal|par|[from] ability: Static|[of] p2a: Zapdos\n|\n|upkeep\n|turn|22\n|\n|t:|1667643589\n|move|p2a: Zapdos|Heat Wave|p1a: Melmetal\n|-supereffective|p1a: Melmetal\n|-crit|p1a: Melmetal\n|-damage|p1a: Melmetal|7\/100 par\n|move|p1a: Melmetal|Double Iron Bash|p2a: Zapdos\n|-resisted|p2a: Zapdos\n|-damage|p2a: Zapdos|9\/100\n|-resisted|p2a: Zapdos\n|-damage|p2a: Zapdos|0 fnt\n|faint|p2a: Zapdos\n|-hitcount|p2: Zapdos|2\n|\n|upkeep\n|\n|t:|1667643592\n|switch|p2a: Tornadus|Tornadus-Therian, M, shiny|100\/100\n|turn|23\n|\n|t:|1667643593\n|switch|p1a: Rotom|Rotom-Wash|41\/100\n|move|p2a: Tornadus|Knock Off|p1a: Rotom\n|-damage|p1a: Rotom|19\/100\n|-enditem|p1a: Rotom|Leftovers|[from] move: Knock Off|[of] p2a: Tornadus\n|\n|upkeep\n|turn|24\n|\n|t:|1667643596\n|switch|p1a: Landorus|Landorus-Therian, M|100\/100\n|-ability|p1a: Landorus|Intimidate|boost\n|-unboost|p2a: Tornadus|atk|1\n|move|p2a: Tornadus|Hurricane|p1a: Landorus\n|-damage|p1a: Landorus|67\/100\n|\n|-heal|p1a: Landorus|73\/100|[from] item: Leftovers\n|upkeep\n|turn|25\n|\n|t:|1667643598\n|move|p2a: Tornadus|Knock Off|p1a: Landorus\n|-damage|p1a: Landorus|60\/100\n|-enditem|p1a: Landorus|Leftovers|[from] move: Knock Off|[of] p2a: Tornadus\n|move|p1a: Landorus|U-turn|p2a: Tornadus\n|-resisted|p2a: Tornadus\n|-damage|p2a: Tornadus|89\/100\n|\n|t:|1667643598\n|switch|p1a: Weavile|Weavile, M|100\/100|[from]move: U-turn\n|-ability|p1a: Weavile|Pressure\n|\n|upkeep\n|turn|26\n|\n|t:|1667643601\n|move|p1a: Weavile|Knock Off|p2a: Tornadus\n|-damage|p2a: Tornadus|17\/100\n|-enditem|p2a: Tornadus|Heavy-Duty Boots|[from] move: Knock Off|[of] p1a: Weavile\n|move|p2a: Tornadus|U-turn|p1a: Weavile\n|-supereffective|p1a: Weavile\n|-damage|p1a: Weavile|64\/100\n|\n|t:|1667643603\n|switch|p2a: Toxapex|Toxapex, M|65\/100 par|[from]move: U-turn\n|\n|upkeep\n|turn|27\n|\n|t:|1667643604\n|move|p1a: Weavile|Knock Off|p2a: Toxapex\n|-damage|p2a: Toxapex|18\/100 par\n|-enditem|p2a: Toxapex|Shed Shell|[from] move: Knock Off|[of] p1a: Weavile\n|move|p2a: Toxapex|Recover|p2a: Toxapex\n|-heal|p2a: Toxapex|68\/100 par\n|\n|upkeep\n|turn|28\n|\n|t:|1667643607\n|move|p1a: Weavile|Knock Off|p2a: Toxapex\n|-damage|p2a: Toxapex|37\/100 par\n|move|p2a: Toxapex|Recover|p2a: Toxapex\n|-heal|p2a: Toxapex|87\/100 par\n|\n|upkeep\n|turn|29\n|\n|t:|1667643610\n|move|p1a: Weavile|Knock Off|p2a: Toxapex\n|-damage|p2a: Toxapex|60\/100 par\n|move|p2a: Toxapex|Toxic|p1a: Weavile\n|-status|p1a: Weavile|tox\n|\n|-damage|p1a: Weavile|58\/100 tox|[from] psn\n|upkeep\n|turn|30\n|\n|t:|1667643612\n|move|p1a: Weavile|Knock Off|p2a: Toxapex\n|-damage|p2a: Toxapex|31\/100 par\n|move|p2a: Toxapex|Recover|p2a: Toxapex\n|-heal|p2a: Toxapex|81\/100 par\n|\n|-damage|p1a: Weavile|46\/100 tox|[from] psn\n|upkeep\n|turn|31\n|\n|t:|1667643613\n|move|p1a: Weavile|Knock Off|p2a: Toxapex\n|-damage|p2a: Toxapex|50\/100 par\n|cant|p2a: Toxapex|par\n|\n|-damage|p1a: Weavile|28\/100 tox|[from] psn\n|upkeep\n|turn|32\n|\n|t:|1667643615\n|switch|p1a: Landorus|Landorus-Therian, M|60\/100\n|-ability|p1a: Landorus|Intimidate|boost\n|-unboost|p2a: Toxapex|atk|1\n|move|p2a: Toxapex|Recover|p2a: Toxapex\n|-heal|p2a: Toxapex|100\/100 par\n|\n|upkeep\n|turn|33\n|\n|t:|1667643616\n|switch|p2a: Tornadus|Tornadus-Therian, M, shiny|50\/100\n|move|p1a: Landorus|Toxic|p2a: Tornadus\n|-status|p2a: Tornadus|tox\n|\n|-damage|p2a: Tornadus|44\/100 tox|[from] psn\n|upkeep\n|turn|34\n|\n|t:|1667643618\n|move|p2a: Tornadus|Hurricane|p1a: Landorus|[miss]\n|-miss|p2a: Tornadus|p1a: Landorus\n|move|p1a: Landorus|Earthquake|p2a: Tornadus\n|-immune|p2a: Tornadus\n|\n|-damage|p2a: Tornadus|32\/100 tox|[from] psn\n|upkeep\n|turn|35\n|\n|t:|1667643620\n|move|p2a: Tornadus|U-turn|p1a: Landorus\n|-resisted|p1a: Landorus\n|-damage|p1a: Landorus|53\/100\n|\n|t:|1667643622\n|switch|p2a: Toxapex|Toxapex, M|100\/100 par|[from]move: U-turn\n|move|p1a: Landorus|Earthquake|p2a: Toxapex\n|-supereffective|p2a: Toxapex\n|-damage|p2a: Toxapex|42\/100 par\n|\n|upkeep\n|turn|36\n|\n|t:|1667643623\n|switch|p2a: Tornadus|Tornadus-Therian, M, shiny|65\/100 tox\n|move|p1a: Landorus|Earthquake|p2a: Tornadus\n|-immune|p2a: Tornadus\n|\n|-damage|p2a: Tornadus|59\/100 tox|[from] psn\n|upkeep\n|turn|37\n|\n|t:|1667643625\n|move|p2a: Tornadus|Hurricane|p1a: Landorus\n|-damage|p1a: Landorus|23\/100\n|-start|p1a: Landorus|confusion\n|-activate|p1a: Landorus|confusion\n|-damage|p1a: Landorus|9\/100|[from] confusion\n|\n|-damage|p2a: Tornadus|47\/100 tox|[from] psn\n|upkeep\n|turn|38\n|\n|t:|1667643626\n|switch|p1a: Rotom|Rotom-Wash|19\/100\n|move|p2a: Tornadus|U-turn|p1a: Rotom\n|-damage|p1a: Rotom|3\/100\n|\n|t:|1667643629\n|switch|p2a: Toxapex|Toxapex, M|76\/100 par|[from]move: U-turn\n|\n|upkeep\n|turn|39\n|\n|t:|1667643630\n|switch|p2a: Tornadus|Tornadus-Therian, M, shiny|80\/100 tox\n|move|p1a: Rotom|Thunderbolt|p2a: Tornadus\n|-supereffective|p2a: Tornadus\n|-damage|p2a: Tornadus|11\/100 tox\n|\n|-damage|p2a: Tornadus|5\/100 tox|[from] psn\n|upkeep\n|turn|40\n|\n|t:|1667643632\n|switch|p1a: Landorus|Landorus-Therian, M|9\/100\n|-ability|p1a: Landorus|Intimidate|boost\n|-unboost|p2a: Tornadus|atk|1\n|move|p2a: Tornadus|U-turn|p1a: Landorus\n|-resisted|p1a: Landorus\n|-damage|p1a: Landorus|4\/100\n|\n|t:|1667643637\n|switch|p2a: Toxapex|Toxapex, M|100\/100 par|[from]move: U-turn\n|\n|upkeep\n|turn|41\n|\n|t:|1667643638\n|switch|p2a: Tornadus|Tornadus-Therian, M, shiny|38\/100 tox\n|move|p1a: Landorus|Earthquake|p2a: Tornadus\n|-immune|p2a: Tornadus\n|\n|-damage|p2a: Tornadus|32\/100 tox|[from] psn\n|upkeep\n|turn|42\n|\n|t:|1667643640\n|switch|p1a: Heatran|Heatran, M|85\/100\n|move|p2a: Tornadus|U-turn|p1a: Heatran\n|-resisted|p1a: Heatran\n|-crit|p1a: Heatran\n|-damage|p1a: Heatran|80\/100\n|\n|t:|1667643644\n|switch|p2a: Chansey|Chansey, F|63\/100|[from]move: U-turn\n|\n|upkeep\n|turn|43\n|\n|t:|1667643645\n|move|p1a: Heatran|Magma Storm|p2a: Chansey\n|-damage|p2a: Chansey|47\/100\n|-activate|p2a: Chansey|move: Magma Storm|[of] p1a: Heatran\n|move|p2a: Chansey|Thunder Wave|p1a: Heatran\n|-status|p1a: Heatran|par\n|\n|-damage|p2a: Chansey|35\/100|[from] move: Magma Storm|[partiallytrapped]\n|upkeep\n|turn|44\n|\n|t:|1667643646\n|switch|p1a: Landorus|Landorus-Therian, M|4\/100\n|-ability|p1a: Landorus|Intimidate|boost\n|-unboost|p2a: Chansey|atk|1\n|move|p2a: Chansey|Soft-Boiled|p2a: Chansey\n|-heal|p2a: Chansey|85\/100\n|\n|-end|p2a: Chansey|Magma Storm|[partiallytrapped]|[silent]\n|upkeep\n|turn|45\n|\n|t:|1667643649\n|move|p1a: Landorus|Earthquake|p2a: Chansey\n|-damage|p2a: Chansey|54\/100\n|move|p2a: Chansey|Seismic Toss|p1a: Landorus\n|-damage|p1a: Landorus|0 fnt\n|faint|p1a: Landorus\n|\n|upkeep\n|\n|t:|1667643649\n|switch|p1a: Rotom|Rotom-Wash|3\/100\n|turn|46\n|\n|t:|1667643652\n|move|p1a: Rotom|Pain Split|p2a: Chansey\n|-sethp|p2a: Chansey|28\/100|[from] move: Pain Split|[silent]\n|-sethp|p1a: Rotom|63\/100|[from] move: Pain Split\n|move|p2a: Chansey|Soft-Boiled|p2a: Chansey\n|-heal|p2a: Chansey|78\/100\n|\n|upkeep\n|turn|47\n|\n|t:|1667643657\n|move|p1a: Rotom|Nasty Plot|p1a: Rotom\n|-boost|p1a: Rotom|spa|2\n|move|p2a: Chansey|Seismic Toss|p1a: Rotom\n|-damage|p1a: Rotom|30\/100\n|\n|upkeep\n|turn|48\n|\n|t:|1667643658\n|move|p1a: Rotom|Pain Split|p2a: Chansey\n|-sethp|p2a: Chansey|46\/100|[from] move: Pain Split|[silent]\n|-sethp|p1a: Rotom|100\/100|[from] move: Pain Split\n|move|p2a: Chansey|Seismic Toss|p1a: Rotom\n|-damage|p1a: Rotom|68\/100\n|\n|upkeep\n|turn|49\n|\n|t:|1667643660\n|move|p1a: Rotom|Nasty Plot|p1a: Rotom\n|-boost|p1a: Rotom|spa|2\n|move|p2a: Chansey|Soft-Boiled|p2a: Chansey\n|-heal|p2a: Chansey|96\/100\n|\n|upkeep\n|turn|50\n|\n|t:|1667643661\n|move|p1a: Rotom|Thunderbolt|p2a: Chansey\n|-damage|p2a: Chansey|60\/100\n|move|p2a: Chansey|Seismic Toss|p1a: Rotom\n|-damage|p1a: Rotom|35\/100\n|\n|upkeep\n|turn|51\n|\n|t:|1667643662\n|move|p1a: Rotom|Thunderbolt|p2a: Chansey\n|-damage|p2a: Chansey|25\/100\n|-status|p2a: Chansey|par\n|cant|p2a: Chansey|par\n|\n|upkeep\n|turn|52\n|\n|t:|1667643665\n|move|p1a: Rotom|Thunderbolt|p2a: Chansey\n|-damage|p2a: Chansey|0 fnt\n|faint|p2a: Chansey\n|\n|upkeep\n|\n|t:|1667643666\n|switch|p2a: Tornadus|Tornadus-Therian, M, shiny|65\/100 tox\n|turn|53\n|\n|t:|1667643667\n|move|p2a: Tornadus|U-turn|p1a: Rotom\n|-damage|p1a: Rotom|18\/100\n|\n|t:|1667643668\n|switch|p2a: Toxapex|Toxapex, M|100\/100 par|[from]move: U-turn\n|move|p1a: Rotom|Thunderbolt|p2a: Toxapex\n|-supereffective|p2a: Toxapex\n|-damage|p2a: Toxapex|0 fnt\n|faint|p2a: Toxapex\n|\n|upkeep\n|\n|t:|1667643669\n|switch|p2a: Tornadus|Tornadus-Therian, M, shiny|99\/100 tox\n|turn|54\n|\n|t:|1667643674\n|switch|p1a: Heatran|Heatran, M|80\/100 par\n|move|p2a: Tornadus|U-turn|p1a: Heatran\n|-resisted|p1a: Heatran\n|-damage|p1a: Heatran|76\/100 par\n|\n|-damage|p2a: Tornadus|92\/100 tox|[from] psn\n|upkeep\n|turn|55\n|\n|t:|1667643675\n|move|p2a: Tornadus|Hurricane|p1a: Heatran|[miss]\n|-miss|p2a: Tornadus|p1a: Heatran\n|move|p1a: Heatran|Magma Storm|p2a: Tornadus\n|-crit|p2a: Tornadus\n|-damage|p2a: Tornadus|13\/100 tox\n|-activate|p2a: Tornadus|move: Magma Storm|[of] p1a: Heatran\n|\n|-damage|p2a: Tornadus|0 fnt|[from] psn\n|faint|p2a: Tornadus\n|\n|win|minimax_ai\n|upkeep\n|raw|minimax_ai's rating: 1560 &rarr; <strong>1587<\/strong><br \/>(+27 for winning)\n|raw|endgame villain's rating: 1681 &rarr; <strong>1654<\/strong><br \/>(-27 for losing)\n","uploadtime":1667643677,"views":7,"p1id":"minimaxai","p2id":"endgamevillain","formatid":"gen8ou","rating":1587,"private":0,"password":null}