{"id":"gen8zu-1669096820","p1":"Serving Suggestion","p2":"ayevon","format":"gen8zu","log":"|j|\u2606Serving Suggestion\n|j|\u2606ayevon\n|t:|1663696526\n|gametype|singles\n|player|p1|Serving Suggestion|2|\n|player|p2|ayevon|265|\n|teamsize|p1|6\n|teamsize|p2|6\n|gen|8\n|tier|[Gen 8] ZU\n|rated|Tournament battle\n|rule|Sleep Clause Mod: Limit one foe put to sleep\n|rule|Species Clause: Limit one of each Pok\u00e9mon\n|rule|OHKO Clause: OHKO moves are banned\n|rule|Evasion Items Clause: Evasion items are banned\n|rule|Evasion Moves Clause: Evasion moves are banned\n|rule|Endless Battle Clause: Forcing endless battles is banned\n|rule|HP Percentage Mod: HP is shown in percentages\n|rule|Dynamax Clause: You cannot dynamax\n|clearpoke\n|poke|p1|Kangaskhan, F|\n|poke|p1|Froslass, F|\n|poke|p1|Kabutops, M|\n|poke|p1|Wigglytuff, F|\n|poke|p1|Silvally-*|\n|poke|p1|Lurantis, F|\n|poke|p2|Morpeko, F|\n|poke|p2|Jynx, F|\n|poke|p2|Altaria, M|\n|poke|p2|Stunfisk-Galar, F|\n|poke|p2|Miltank, F|\n|poke|p2|Gourgeist-*, F|\n|teampreview\n|inactive|Battle timer is ON: inactive players will automatically lose when time's up. (requested by ayevon)\n|j|+BeatsBlack\n|j| drey77\n|\n|t:|1663696550\n|start\n|switch|p1a: Froslass|Froslass, F|100\/100\n|switch|p2a: Gourgeist|Gourgeist-Small, F|100\/100\n|-item|p1a: Froslass|Focus Sash|[from] ability: Frisk|[of] p2a: Gourgeist|[identify]\n|turn|1\n|c| drey77|gl to both\n|\n|t:|1663696565\n|move|p2a: Gourgeist|Poltergeist|p1a: Froslass\n|-activate|p1a: Froslass|move: Poltergeist|Focus Sash\n|-supereffective|p1a: Froslass\n|-enditem|p1a: Froslass|Focus Sash\n|-damage|p1a: Froslass|1\/100\n|move|p1a: Froslass|Spikes|p2a: Gourgeist\n|-sidestart|p2: ayevon|Spikes\n|\n|upkeep\n|turn|2\n|\n|t:|1663696574\n|switch|p2a: Stunfisk|Stunfisk-Galar, F|100\/100\n|-damage|p2a: Stunfisk|88\/100|[from] Spikes\n|switch|p1a: Wigglytuff|Wigglytuff, F|100\/100\n|\n|-heal|p2a: Stunfisk|94\/100|[from] item: Leftovers\n|upkeep\n|turn|3\n|\n|t:|1663696592\n|switch|p1a: Lurantis|Lurantis, F|100\/100\n|move|p2a: Stunfisk|Stealth Rock|p1a: Lurantis\n|-sidestart|p1: Serving Suggestion|move: Stealth Rock\n|\n|-heal|p2a: Stunfisk|100\/100|[from] item: Leftovers\n|upkeep\n|turn|4\n|\n|t:|1663696606\n|switch|p1a: Kabutops|Kabutops, M|100\/100\n|switch|p2a: Altaria|Altaria, M|100\/100\n|\n|upkeep\n|turn|5\n|\n|t:|1663696613\n|switch|p2a: Stunfisk|Stunfisk-Galar, F|100\/100\n|-damage|p2a: Stunfisk|88\/100|[from] Spikes\n|move|p1a: Kabutops|Knock Off|p2a: Stunfisk\n|-damage|p2a: Stunfisk|60\/100\n|-enditem|p2a: Stunfisk|Leftovers|[from] move: Knock Off|[of] p1a: Kabutops\n|\n|upkeep\n|turn|6\n|\n|t:|1663696620\n|switch|p2a: Altaria|Altaria, M|100\/100\n|move|p1a: Kabutops|Flip Turn|p2a: Altaria\n|-resisted|p2a: Altaria\n|-damage|p2a: Altaria|88\/100\n|\n|t:|1663696631\n|switch|p1a: Wigglytuff|Wigglytuff, F|100\/100|[from]move: Flip Turn\n|-damage|p1a: Wigglytuff|88\/100|[from] Stealth Rock\n|\n|-heal|p1a: Wigglytuff|94\/100|[from] item: Leftovers\n|upkeep\n|turn|7\n|\n|t:|1663696642\n|move|p2a: Altaria|Toxic|p1a: Wigglytuff\n|-status|p1a: Wigglytuff|tox\n|move|p1a: Wigglytuff|Dazzling Gleam|p2a: Altaria\n|-supereffective|p2a: Altaria\n|-damage|p2a: Altaria|30\/100\n|\n|-heal|p1a: Wigglytuff|100\/100 tox|[from] item: Leftovers\n|-damage|p1a: Wigglytuff|94\/100 tox|[from] psn\n|upkeep\n|turn|8\n|\n|t:|1663696651\n|switch|p1a: Kabutops|Kabutops, M|100\/100\n|move|p2a: Altaria|Roost|p2a: Altaria\n|-heal|p2a: Altaria|80\/100\n|-singleturn|p2a: Altaria|move: Roost\n|\n|upkeep\n|turn|9\n|\n|t:|1663696658\n|switch|p2a: Miltank|Miltank, F|100\/100\n|-damage|p2a: Miltank|88\/100|[from] Spikes\n|move|p1a: Kabutops|Rapid Spin|p2a: Miltank\n|-damage|p2a: Miltank|75\/100\n|-boost|p1a: Kabutops|spe|1\n|-damage|p1a: Kabutops|84\/100|[from] item: Rocky Helmet|[of] p2a: Miltank\n|-sideend|p1: Serving Suggestion|Stealth Rock|[from] move: Rapid Spin|[of] p1a: Kabutops\n|\n|upkeep\n|turn|10\n|\n|t:|1663696665\n|move|p1a: Kabutops|Knock Off|p2a: Miltank\n|-damage|p2a: Miltank|47\/100\n|-damage|p1a: Kabutops|67\/100|[from] item: Rocky Helmet|[of] p2a: Miltank\n|-enditem|p2a: Miltank|Rocky Helmet|[from] move: Knock Off|[of] p1a: Kabutops\n|move|p2a: Miltank|Milk Drink|p2a: Miltank\n|-heal|p2a: Miltank|97\/100\n|\n|upkeep\n|turn|11\n|\n|t:|1663696671\n|move|p1a: Kabutops|Stone Edge|p2a: Miltank\n|-damage|p2a: Miltank|57\/100\n|move|p2a: Miltank|Seismic Toss|p1a: Kabutops\n|-damage|p1a: Kabutops|30\/100\n|-ability|p1a: Kabutops|Weak Armor|boost\n|-unboost|p1a: Kabutops|def|1\n|-boost|p1a: Kabutops|spe|2\n|\n|upkeep\n|turn|12\n|\n|t:|1663696676\n|move|p1a: Kabutops|Flip Turn|p2a: Miltank\n|-damage|p2a: Miltank|29\/100\n|\n|t:|1663696679\n|switch|p1a: Froslass|Froslass, F|1\/100|[from]move: Flip Turn\n|move|p2a: Miltank|Milk Drink|p2a: Miltank\n|-heal|p2a: Miltank|79\/100\n|\n|upkeep\n|turn|13\n|\n|t:|1663696683\n|move|p1a: Froslass|Taunt|p2a: Miltank\n|-start|p2a: Miltank|move: Taunt\n|cant|p2a: Miltank|move: Taunt|Toxic\n|\n|upkeep\n|turn|14\n|\n|t:|1663696688\n|switch|p2a: Gourgeist|Gourgeist-Small, F|100\/100\n|-damage|p2a: Gourgeist|88\/100|[from] Spikes\n|move|p1a: Froslass|Spikes|p2a: Gourgeist\n|-sidestart|p2: ayevon|Spikes\n|\n|upkeep\n|turn|15\n|\n|t:|1663696696\n|switch|p1a: Lurantis|Lurantis, F|100\/100\n|move|p2a: Gourgeist|Power Whip|p1a: Lurantis\n|-resisted|p1a: Lurantis\n|-damage|p1a: Lurantis|83\/100\n|\n|-heal|p1a: Lurantis|89\/100|[from] item: Leftovers\n|upkeep\n|turn|16\n|\n|t:|1663696708\n|switch|p1a: Froslass|Froslass, F|1\/100\n|move|p2a: Gourgeist|Power Whip|p1a: Froslass\n|-damage|p1a: Froslass|0 fnt\n|-start|p2a: Gourgeist|Disable|Power Whip|[from] ability: Cursed Body|[of] p1a: Froslass\n|faint|p1a: Froslass\n|\n|upkeep\n|\n|t:|1663696717\n|switch|p1a: Silvally|Silvally-Flying|100\/100\n|turn|17\n|\n|t:|1663696724\n|switch|p2a: Stunfisk|Stunfisk-Galar, F|60\/100\n|-damage|p2a: Stunfisk|43\/100|[from] Spikes\n|move|p1a: Silvally|Flame Charge|p2a: Stunfisk\n|-supereffective|p2a: Stunfisk\n|-damage|p2a: Stunfisk|20\/100\n|-boost|p1a: Silvally|spe|1\n|\n|upkeep\n|turn|18\n|\n|t:|1663696737\n|move|p1a: Silvally|Flame Charge|p2a: Stunfisk\n|-supereffective|p2a: Stunfisk\n|-damage|p2a: Stunfisk|0 fnt\n|-boost|p1a: Silvally|spe|1\n|faint|p2a: Stunfisk\n|\n|upkeep\n|\n|t:|1663696739\n|switch|p2a: Altaria|Altaria, M|80\/100\n|turn|19\n|\n|t:|1663696743\n|move|p1a: Silvally|Swords Dance|p1a: Silvally\n|-boost|p1a: Silvally|atk|2\n|move|p2a: Altaria|Toxic|p1a: Silvally\n|-status|p1a: Silvally|tox\n|\n|-damage|p1a: Silvally|94\/100 tox|[from] psn\n|upkeep\n|turn|20\n|\n|t:|1663696748\n|move|p1a: Silvally|Multi-Attack|p2a: Altaria\n|-damage|p2a: Altaria|0 fnt\n|faint|p2a: Altaria\n|\n|-damage|p1a: Silvally|82\/100 tox|[from] psn\n|upkeep\n|j| Timburr2\n|\n|t:|1663696754\n|switch|p2a: Morpeko|Morpeko, F|100\/100\n|turn|21\n|\n|t:|1663696758\n|move|p2a: Morpeko|Protect|p2a: Morpeko\n|-singleturn|p2a: Morpeko|Protect\n|move|p1a: Silvally|U-turn|p2a: Morpeko\n|-activate|p2a: Morpeko|move: Protect\n|\n|-damage|p1a: Silvally|64\/100 tox|[from] psn\n|-formechange|p2a: Morpeko|Morpeko-Hangry||[from] ability: Hunger Switch\n|upkeep\n|turn|22\n|l| Timburr2\n|\n|t:|1663696792\n|switch|p2a: Gourgeist|Gourgeist-Small, F|88\/100\n|-damage|p2a: Gourgeist|72\/100|[from] Spikes\n|-item|p1a: Silvally|Flying Memory|[from] ability: Frisk|[of] p2a: Gourgeist|[identify]\n|move|p1a: Silvally|Multi-Attack|p2a: Gourgeist\n|-supereffective|p2a: Gourgeist\n|-damage|p2a: Gourgeist|0 fnt\n|faint|p2a: Gourgeist\n|\n|-damage|p1a: Silvally|40\/100 tox|[from] psn\n|upkeep\n|\n|t:|1663696796\n|switch|p2a: Morpeko|Morpeko, F|100\/100\n|turn|23\n|\n|t:|1663696801\n|move|p2a: Morpeko|Protect|p2a: Morpeko\n|-singleturn|p2a: Morpeko|Protect\n|move|p1a: Silvally|Multi-Attack|p2a: Morpeko\n|-activate|p2a: Morpeko|move: Protect\n|\n|-damage|p1a: Silvally|10\/100 tox|[from] psn\n|-formechange|p2a: Morpeko|Morpeko-Hangry||[from] ability: Hunger Switch\n|upkeep\n|turn|24\n|inactive|ayevon has 120 seconds left.\n|\n|t:|1663696847\n|move|p1a: Silvally|Multi-Attack|p2a: Morpeko\n|-resisted|p2a: Morpeko\n|-damage|p2a: Morpeko|0 fnt\n|faint|p2a: Morpeko\n|\n|-damage|p1a: Silvally|0 fnt|[from] psn\n|faint|p1a: Silvally\n|upkeep\n|\n|t:|1663696862\n|switch|p2a: Jynx|Jynx, F|100\/100\n|switch|p1a: Kangaskhan|Kangaskhan, F|100\/100\n|-damage|p2a: Jynx|84\/100|[from] Spikes\n|turn|25\n|\n|t:|1663696866\n|move|p1a: Kangaskhan|Fake Out|p2a: Jynx\n|-damage|p2a: Jynx|23\/100\n|cant|p2a: Jynx|flinch\n|\n|upkeep\n|turn|26\n|inactive|ayevon has 120 seconds left.\n|\n|t:|1663696872\n|switch|p1a: Kabutops|Kabutops, M|30\/100\n|move|p2a: Jynx|Focus Blast|p1a: Kabutops\n|-supereffective|p1a: Kabutops\n|-crit|p1a: Kabutops\n|-damage|p1a: Kabutops|0 fnt\n|faint|p1a: Kabutops\n|\n|upkeep\n|\n|t:|1663696876\n|switch|p1a: Kangaskhan|Kangaskhan, F|100\/100\n|turn|27\n|\n|t:|1663696879\n|switch|p2a: Miltank|Miltank, F|79\/100\n|-damage|p2a: Miltank|63\/100|[from] Spikes\n|move|p1a: Kangaskhan|Fake Out|p2a: Miltank\n|-damage|p2a: Miltank|45\/100\n|\n|upkeep\n|turn|28\n|\n|t:|1663696883\n|switch|p1a: Lurantis|Lurantis, F|89\/100\n|move|p2a: Miltank|Milk Drink|p2a: Miltank\n|-heal|p2a: Miltank|95\/100\n|\n|-heal|p1a: Lurantis|95\/100|[from] item: Leftovers\n|upkeep\n|turn|29\n|\n|t:|1663696888\n|move|p2a: Miltank|Toxic|p1a: Lurantis\n|-status|p1a: Lurantis|tox\n|move|p1a: Lurantis|Superpower|p2a: Miltank\n|-supereffective|p2a: Miltank\n|-damage|p2a: Miltank|52\/100\n|-boost|p1a: Lurantis|atk|1\n|-boost|p1a: Lurantis|def|1\n|\n|-heal|p1a: Lurantis|100\/100 tox|[from] item: Leftovers\n|-damage|p1a: Lurantis|94\/100 tox|[from] psn\n|upkeep\n|turn|30\n|\n|t:|1663696894\n|move|p2a: Miltank|Milk Drink|p2a: Miltank\n|-heal|p2a: Miltank|100\/100\n|move|p1a: Lurantis|Superpower|p2a: Miltank\n|-supereffective|p2a: Miltank\n|-damage|p2a: Miltank|35\/100\n|-boost|p1a: Lurantis|atk|1\n|-boost|p1a: Lurantis|def|1\n|\n|-heal|p1a: Lurantis|100\/100 tox|[from] item: Leftovers\n|-damage|p1a: Lurantis|88\/100 tox|[from] psn\n|upkeep\n|turn|31\n|\n|t:|1663696897\n|move|p2a: Miltank|Milk Drink|p2a: Miltank\n|-heal|p2a: Miltank|85\/100\n|move|p1a: Lurantis|Aromatherapy|p1a: Lurantis\n|-activate|p1a: Lurantis|move: Aromatherapy\n|-curestatus|p1a: Lurantis|tox|[msg]\n|-curestatus|p1: Wigglytuff|tox|[msg]\n|\n|-heal|p1a: Lurantis|94\/100|[from] item: Leftovers\n|upkeep\n|turn|32\n|-message|ayevon forfeited.\n|\n|win|Serving Suggestion\n|n|\u2606Serving Suggestion|servingsuggestion\n|n|\u2606ayevon|ayevon\n|n| BeatsBlack|beatsblack\n|n| drey77|drey77\n","uploadtime":1663696904,"views":6,"p1id":"servingsuggestion","p2id":"ayevon","formatid":"gen8zu","rating":0,"private":0,"password":null}