{"id":"gen8nationaldex-1564236503","p1":"Sensui","p2":"cump3","format":"gen8nationaldex","log":"|j|\u2606Sensui\n|j|\u2606cump3\n|t:|1651263554\n|gametype|singles\n|player|p1|Sensui|swimmerf-gen4|1627\n|player|p2|cump3|102|1567\n|teamsize|p1|6\n|teamsize|p2|6\n|gen|8\n|tier|[Gen 8] National Dex\n|rated|\n|rule|HP Percentage Mod: HP is shown in percentages\n|rule|Endless Battle Clause: Forcing endless battles is banned\n|rule|OHKO Clause: OHKO moves are banned\n|rule|Evasion Moves Clause: Evasion moves are banned\n|rule|Species Clause: Limit one of each Pok\u00e9mon\n|rule|Dynamax Clause: You cannot dynamax\n|rule|Sleep Clause Mod: Limit one foe put to sleep\n|clearpoke\n|poke|p1|Espeon, M|\n|poke|p1|Zeraora|\n|poke|p1|Aegislash, M|\n|poke|p1|Gliscor, F|\n|poke|p1|Volcarona, M|\n|poke|p1|Dragonite, F|\n|poke|p2|Sableye, M|\n|poke|p2|Chansey, F|\n|poke|p2|Toxapex, M|\n|poke|p2|Gastrodon-East, M|\n|poke|p2|Corviknight, F|\n|poke|p2|Clefable, F|\n|teampreview\n|\n|t:|1651263563\n|start\n|switch|p1a: Volcarona|Volcarona, M, shiny|100\/100\n|switch|p2a: Sableye|Sableye, M|100\/100\n|turn|1\n|inactive|Battle timer is ON: inactive players will automatically lose when time's up. (requested by Sensui)\n|\n|t:|1651263569\n|detailschange|p2a: Sableye|Sableye-Mega, M\n|-mega|p2a: Sableye|Sableye|Sablenite\n|move|p1a: Volcarona|Fiery Dance|p2a: Sableye\n|-damage|p2a: Sableye|63\/100\n|-boost|p1a: Volcarona|spa|1\n|move|p2a: Sableye|Knock Off|p1a: Volcarona\n|-damage|p1a: Volcarona|56\/100\n|-enditem|p1a: Volcarona|Assault Vest|[from] move: Knock Off|[of] p2a: Sableye\n|\n|upkeep\n|turn|2\n|\n|t:|1651263580\n|switch|p2a: Chansey|Chansey, F|100\/100\n|move|p1a: Volcarona|Fiery Dance|p2a: Chansey\n|-damage|p2a: Chansey|78\/100\n|\n|upkeep\n|turn|3\n|\n|t:|1651263586\n|switch|p1a: Gliscor|Gliscor, F, shiny|100\/100\n|move|p2a: Chansey|Stealth Rock|p1a: Gliscor\n|-sidestart|p1: Sensui|move: Stealth Rock\n|\n|-status|p1a: Gliscor|tox|[from] item: Toxic Orb\n|upkeep\n|turn|4\n|\n|t:|1651263595\n|switch|p2a: Corviknight|Corviknight, F, shiny|100\/100\n|-ability|p2a: Corviknight|Pressure\n|move|p1a: Gliscor|Knock Off|p2a: Corviknight\n|-damage|p2a: Corviknight|84\/100\n|-enditem|p2a: Corviknight|Shed Shell|[from] move: Knock Off|[of] p1a: Gliscor\n|\n|upkeep\n|turn|5\n|\n|t:|1651263603\n|move|p1a: Gliscor|Defog|p2a: Corviknight\n|-unboost|p2a: Corviknight|evasion|1\n|-sideend|p1: Sensui|Stealth Rock|[from] move: Defog|[of] p1a: Gliscor\n|move|p2a: Corviknight|U-turn|p1a: Gliscor\n|-resisted|p1a: Gliscor\n|-damage|p1a: Gliscor|94\/100 tox\n|\n|t:|1651263606\n|switch|p2a: Sableye|Sableye-Mega, M|63\/100|[from]move: U-turn\n|\n|-heal|p1a: Gliscor|100\/100 tox|[from] ability: Poison Heal\n|upkeep\n|turn|6\n|\n|t:|1651263614\n|move|p1a: Gliscor|Swords Dance|p1a: Gliscor\n|-boost|p1a: Gliscor|atk|2\n|move|p2a: Sableye|Recover|p2a: Sableye\n|-heal|p2a: Sableye|100\/100\n|\n|upkeep\n|turn|7\n|\n|t:|1651263621\n|switch|p2a: Clefable|Clefable, F|100\/100\n|move|p1a: Gliscor|Knock Off|p2a: Clefable\n|-resisted|p2a: Clefable\n|-damage|p2a: Clefable|91\/100\n|-enditem|p2a: Clefable|Leftovers|[from] move: Knock Off|[of] p1a: Gliscor\n|\n|upkeep\n|turn|8\n|\n|t:|1651263629\n|switch|p1a: Aegislash|Aegislash, M, shiny|100\/100\n|move|p2a: Clefable|Moonblast|p1a: Aegislash\n|-resisted|p1a: Aegislash\n|-damage|p1a: Aegislash|86\/100\n|-unboost|p1a: Aegislash|spa|1\n|\n|-heal|p1a: Aegislash|92\/100|[from] item: Leftovers\n|upkeep\n|turn|9\n|\n|t:|1651263644\n|switch|p2a: Sableye|Sableye-Mega, M|100\/100\n|switch|p1a: Volcarona|Volcarona, M, shiny|56\/100\n|\n|upkeep\n|turn|10\n|\n|t:|1651263651\n|move|p1a: Volcarona|Fiery Dance|p2a: Sableye\n|-damage|p2a: Sableye|63\/100\n|move|p2a: Sableye|Knock Off|p1a: Volcarona\n|-damage|p1a: Volcarona|24\/100\n|\n|upkeep\n|turn|11\n|\n|t:|1651263659\n|switch|p1a: Aegislash|Aegislash, M, shiny|92\/100\n|move|p2a: Sableye|Recover|p2a: Sableye\n|-heal|p2a: Sableye|100\/100\n|\n|-heal|p1a: Aegislash|99\/100|[from] item: Leftovers\n|upkeep\n|turn|12\n|\n|t:|1651263669\n|switch|p1a: Gliscor|Gliscor, F, shiny|100\/100 tox\n|move|p2a: Sableye|Knock Off|p1a: Gliscor\n|-damage|p1a: Gliscor|74\/100 tox\n|-enditem|p1a: Gliscor|Toxic Orb|[from] move: Knock Off|[of] p2a: Sableye\n|\n|-heal|p1a: Gliscor|86\/100 tox|[from] ability: Poison Heal\n|upkeep\n|turn|13\n|\n|t:|1651263678\n|switch|p1a: Volcarona|Volcarona, M, shiny|24\/100\n|switch|p2a: Clefable|Clefable, F|91\/100\n|\n|upkeep\n|turn|14\n|\n|t:|1651263684\n|move|p1a: Volcarona|Fiery Dance|p2a: Clefable\n|-damage|p2a: Clefable|48\/100\n|-boost|p1a: Volcarona|spa|1\n|move|p2a: Clefable|Calm Mind|p2a: Clefable\n|-boost|p2a: Clefable|spa|1\n|-boost|p2a: Clefable|spd|1\n|\n|upkeep\n|turn|15\n|\n|t:|1651263692\n|move|p1a: Volcarona|Fiery Dance|p2a: Clefable\n|-damage|p2a: Clefable|19\/100\n|-boost|p1a: Volcarona|spa|1\n|move|p2a: Clefable|Soft-Boiled|p2a: Clefable\n|-heal|p2a: Clefable|69\/100\n|\n|upkeep\n|turn|16\n|\n|t:|1651263702\n|move|p1a: Volcarona|Giga Drain|p2a: Clefable\n|-damage|p2a: Clefable|53\/100\n|-heal|p1a: Volcarona|34\/100|[from] drain|[of] p2a: Clefable\n|move|p2a: Clefable|Soft-Boiled|p2a: Clefable\n|-heal|p2a: Clefable|100\/100\n|\n|upkeep\n|turn|17\n|\n|t:|1651263709\n|switch|p1a: Aegislash|Aegislash, M, shiny|99\/100\n|move|p2a: Clefable|Moonblast|p1a: Aegislash\n|-resisted|p1a: Aegislash\n|-damage|p1a: Aegislash|75\/100\n|\n|-heal|p1a: Aegislash|81\/100|[from] item: Leftovers\n|upkeep\n|turn|18\n|\n|t:|1651263721\n|switch|p2a: Sableye|Sableye-Mega, M|100\/100\n|-formechange|p1a: Aegislash|Aegislash-Blade||[from] ability: Stance Change\n|move|p1a: Aegislash|Iron Head|p2a: Sableye\n|-damage|p2a: Sableye|57\/100\n|\n|-heal|p1a: Aegislash|87\/100|[from] item: Leftovers\n|upkeep\n|turn|19\n|\n|t:|1651263730\n|move|p1a: Aegislash|Iron Head|p2a: Sableye\n|-damage|p2a: Sableye|13\/100\n|move|p2a: Sableye|Recover|p2a: Sableye\n|-heal|p2a: Sableye|63\/100\n|\n|-heal|p1a: Aegislash|93\/100|[from] item: Leftovers\n|upkeep\n|turn|20\n|\n|t:|1651263739\n|switch|p1a: Gliscor|Gliscor, F, shiny|86\/100 tox\n|move|p2a: Sableye|Knock Off|p1a: Gliscor\n|-damage|p1a: Gliscor|68\/100 tox\n|\n|-heal|p1a: Gliscor|80\/100 tox|[from] ability: Poison Heal\n|upkeep\n|turn|21\n|\n|t:|1651263747\n|move|p1a: Gliscor|Ice Fang|p2a: Sableye\n|-damage|p2a: Sableye|48\/100\n|move|p2a: Sableye|Recover|p2a: Sableye\n|-heal|p2a: Sableye|99\/100\n|\n|-heal|p1a: Gliscor|92\/100 tox|[from] ability: Poison Heal\n|upkeep\n|turn|22\n|\n|t:|1651263756\n|switch|p2a: Gastrodon|Gastrodon-East, M|100\/100\n|move|p1a: Gliscor|Swords Dance|p1a: Gliscor\n|-boost|p1a: Gliscor|atk|2\n|\n|-heal|p1a: Gliscor|100\/100 tox|[from] ability: Poison Heal\n|upkeep\n|turn|23\n|\n|t:|1651263764\n|switch|p2a: Clefable|Clefable, F|100\/100\n|move|p1a: Gliscor|Knock Off|p2a: Clefable\n|-resisted|p2a: Clefable\n|-damage|p2a: Clefable|95\/100\n|\n|upkeep\n|turn|24\n|\n|t:|1651263774\n|switch|p1a: Aegislash|Aegislash, M, shiny|93\/100\n|move|p2a: Clefable|Moonblast|p1a: Aegislash\n|-resisted|p1a: Aegislash\n|-damage|p1a: Aegislash|78\/100\n|-unboost|p1a: Aegislash|spa|1\n|\n|-heal|p1a: Aegislash|84\/100|[from] item: Leftovers\n|upkeep\n|turn|25\n|\n|t:|1651263784\n|switch|p2a: Toxapex|Toxapex, M, shiny|100\/100\n|-formechange|p1a: Aegislash|Aegislash-Blade||[from] ability: Stance Change\n|move|p1a: Aegislash|Iron Head|p2a: Toxapex\n|-resisted|p2a: Toxapex\n|-damage|p2a: Toxapex|86\/100\n|-damage|p1a: Aegislash|68\/100|[from] item: Rocky Helmet|[of] p2a: Toxapex\n|\n|-heal|p1a: Aegislash|74\/100|[from] item: Leftovers\n|upkeep\n|turn|26\n|\n|t:|1651263796\n|switch|p1a: Gliscor|Gliscor, F, shiny|100\/100 tox\n|move|p2a: Toxapex|Scald|p1a: Gliscor\n|-supereffective|p1a: Gliscor\n|-damage|p1a: Gliscor|50\/100 tox\n|\n|-heal|p1a: Gliscor|63\/100 tox|[from] ability: Poison Heal\n|upkeep\n|turn|27\n|\n|t:|1651263805\n|move|p1a: Gliscor|Knock Off|p2a: Toxapex\n|-damage|p2a: Toxapex|72\/100\n|-damage|p1a: Gliscor|46\/100 tox|[from] item: Rocky Helmet|[of] p2a: Toxapex\n|-enditem|p2a: Toxapex|Rocky Helmet|[from] move: Knock Off|[of] p1a: Gliscor\n|move|p2a: Toxapex|Toxic Spikes|p1a: Gliscor\n|-sidestart|p1: Sensui|move: Toxic Spikes\n|\n|-heal|p1a: Gliscor|59\/100 tox|[from] ability: Poison Heal\n|upkeep\n|turn|28\n|\n|t:|1651263814\n|move|p1a: Gliscor|Defog|p2a: Toxapex\n|-unboost|p2a: Toxapex|evasion|1\n|-sideend|p1: Sensui|Toxic Spikes|[from] move: Defog|[of] p1a: Gliscor\n|move|p2a: Toxapex|Scald|p1a: Gliscor\n|-supereffective|p1a: Gliscor\n|-damage|p1a: Gliscor|11\/100 tox\n|\n|-heal|p1a: Gliscor|24\/100 tox|[from] ability: Poison Heal\n|upkeep\n|turn|29\n|\n|t:|1651263825\n|switch|p1a: Espeon|Espeon, M|100\/100\n|move|p2a: Toxapex|Toxic Spikes|p1a: Espeon\n|move|p1a: Espeon|Toxic Spikes|p2a: Toxapex|[from]ability: Magic Bounce\n|-sidestart|p2: cump3|move: Toxic Spikes\n|\n|upkeep\n|turn|30\n|\n|t:|1651263832\n|switch|p2a: Corviknight|Corviknight, F, shiny|84\/100\n|-ability|p2a: Corviknight|Pressure\n|move|p1a: Espeon|Calm Mind|p1a: Espeon\n|-boost|p1a: Espeon|spa|1\n|-boost|p1a: Espeon|spd|1\n|\n|upkeep\n|turn|31\n|\n|t:|1651263840\n|move|p1a: Espeon|Hidden Power|p2a: Corviknight\n|-supereffective|p2a: Corviknight\n|-crit|p2a: Corviknight\n|-damage|p2a: Corviknight|0 fnt\n|faint|p2a: Corviknight\n|\n|upkeep\n|\n|t:|1651263843\n|switch|p2a: Toxapex|Toxapex, M, shiny|100\/100\n|-sideend|p2: cump3|move: Toxic Spikes|[of] p2a: Toxapex\n|turn|32\n|\n|t:|1651263848\n|switch|p2a: Clefable|Clefable, F|95\/100\n|move|p1a: Espeon|Psyshock|p2a: Clefable\n|-damage|p2a: Clefable|60\/100\n|\n|upkeep\n|turn|33\n|\n|t:|1651263855\n|-zpower|p1a: Espeon\n|move|p1a: Espeon|Shattered Psyche|p2a: Clefable|[zeffect]\n|-damage|p2a: Clefable|0 fnt\n|faint|p2a: Clefable\n|\n|upkeep\n|\n|t:|1651263862\n|switch|p2a: Sableye|Sableye-Mega, M|99\/100\n|turn|34\n|\n|t:|1651263866\n|move|p1a: Espeon|Dazzling Gleam|p2a: Sableye\n|-supereffective|p2a: Sableye\n|-damage|p2a: Sableye|27\/100\n|move|p2a: Sableye|Knock Off|p1a: Espeon\n|-supereffective|p1a: Espeon\n|-damage|p1a: Espeon|31\/100\n|\n|upkeep\n|turn|35\n|\n|t:|1651263874\n|switch|p2a: Chansey|Chansey, F|78\/100\n|move|p1a: Espeon|Psyshock|p2a: Chansey\n|-damage|p2a: Chansey|41\/100\n|\n|upkeep\n|turn|36\n|\n|t:|1651263891\n|move|p1a: Espeon|Calm Mind|p1a: Espeon\n|-boost|p1a: Espeon|spa|1\n|-boost|p1a: Espeon|spd|1\n|move|p2a: Chansey|Seismic Toss|p1a: Espeon\n|-damage|p1a: Espeon|0 fnt\n|faint|p1a: Espeon\n|\n|upkeep\n|j| ElevatedGodlyness\n|\n|t:|1651263903\n|switch|p1a: Gliscor|Gliscor, F, shiny|24\/100 tox\n|turn|37\n|\n|t:|1651263909\n|switch|p2a: Toxapex|Toxapex, M, shiny|100\/100\n|move|p1a: Gliscor|Knock Off|p2a: Toxapex\n|-damage|p2a: Toxapex|90\/100\n|\n|-heal|p1a: Gliscor|36\/100 tox|[from] ability: Poison Heal\n|upkeep\n|turn|38\n|\n|t:|1651263919\n|switch|p1a: Zeraora|Zeraora|100\/100\n|move|p2a: Toxapex|Scald|p1a: Zeraora\n|-damage|p1a: Zeraora|77\/100\n|\n|upkeep\n|turn|39\n|\n|t:|1651263929\n|switch|p2a: Gastrodon|Gastrodon-East, M|100\/100\n|move|p1a: Zeraora|Discharge|p2a: Gastrodon\n|-immune|p2a: Gastrodon\n|\n|upkeep\n|turn|40\n|\n|t:|1651263936\n|move|p1a: Zeraora|Grass Knot|p2a: Gastrodon\n|-supereffective|p2a: Gastrodon\n|-damage|p2a: Gastrodon|0 fnt\n|faint|p2a: Gastrodon\n|-damage|p1a: Zeraora|67\/100|[from] item: Life Orb\n|\n|upkeep\n|\n|t:|1651263942\n|switch|p2a: Chansey|Chansey, F|41\/100\n|turn|41\n|\n|t:|1651263950\n|switch|p1a: Gliscor|Gliscor, F, shiny|36\/100 tox\n|move|p2a: Chansey|Soft-Boiled|p2a: Chansey\n|-heal|p2a: Chansey|91\/100\n|\n|-heal|p1a: Gliscor|48\/100 tox|[from] ability: Poison Heal\n|upkeep\n|turn|42\n|\n|t:|1651263962\n|switch|p1a: Dragonite|Dragonite, F|100\/100\n|switch|p2a: Toxapex|Toxapex, M, shiny|100\/100\n|\n|upkeep\n|turn|43\n|\n|t:|1651263969\n|move|p1a: Dragonite|Earthquake|p2a: Toxapex\n|-supereffective|p2a: Toxapex\n|-damage|p2a: Toxapex|49\/100\n|move|p2a: Toxapex|Scald|p1a: Dragonite\n|-resisted|p1a: Dragonite\n|-damage|p1a: Dragonite|97\/100\n|\n|upkeep\n|turn|44\n|\n|t:|1651263976\n|switch|p2a: Chansey|Chansey, F|91\/100\n|move|p1a: Dragonite|Earthquake|p2a: Chansey\n|-damage|p2a: Chansey|67\/100\n|\n|upkeep\n|turn|45\n|\n|t:|1651263982\n|move|p1a: Dragonite|Power-Up Punch|p2a: Chansey\n|-supereffective|p2a: Chansey\n|-damage|p2a: Chansey|48\/100\n|-boost|p1a: Dragonite|atk|1\n|move|p2a: Chansey|Toxic|p1a: Dragonite|[miss]\n|-miss|p2a: Chansey|p1a: Dragonite\n|\n|upkeep\n|turn|46\n|\n|t:|1651263990\n|move|p1a: Dragonite|Earthquake|p2a: Chansey\n|-damage|p2a: Chansey|13\/100\n|move|p2a: Chansey|Toxic|p1a: Dragonite\n|-status|p1a: Dragonite|tox\n|\n|-damage|p1a: Dragonite|90\/100 tox|[from] psn\n|upkeep\n|turn|47\n|\n|t:|1651263998\n|move|p1a: Dragonite|Earthquake|p2a: Chansey\n|-damage|p2a: Chansey|0 fnt\n|faint|p2a: Chansey\n|\n|-damage|p1a: Dragonite|78\/100 tox|[from] psn\n|upkeep\n|\n|t:|1651264000\n|switch|p2a: Sableye|Sableye-Mega, M|27\/100\n|turn|48\n|c|\u2606cump3|gg\n|\n|t:|1651264006\n|move|p1a: Dragonite|Earthquake|p2a: Sableye\n|-damage|p2a: Sableye|0 fnt\n|faint|p2a: Sableye\n|\n|-damage|p1a: Dragonite|59\/100 tox|[from] psn\n|upkeep\n|\n|t:|1651264008\n|switch|p2a: Toxapex|Toxapex, M, shiny|82\/100\n|turn|49\n|\n|t:|1651264015\n|move|p1a: Dragonite|Earthquake|p2a: Toxapex\n|-supereffective|p2a: Toxapex\n|-damage|p2a: Toxapex|18\/100\n|move|p2a: Toxapex|Haze|p2a: Toxapex\n|-clearallboost\n|\n|-damage|p1a: Dragonite|35\/100 tox|[from] psn\n|upkeep\n|turn|50\n|\n|t:|1651264024\n|move|p1a: Dragonite|Earthquake|p2a: Toxapex\n|-supereffective|p2a: Toxapex\n|-damage|p2a: Toxapex|0 fnt\n|faint|p2a: Toxapex\n|\n|win|Sensui\n|raw|Sensui's rating: 1627 &rarr; <strong>1644<\/strong><br \/>(+17 for winning)\n|raw|cump3's rating: 1567 &rarr; <strong>1550<\/strong><br \/>(-17 for losing)\n|l|\u2606cump3\n","uploadtime":1651264032,"views":16,"p1id":"sensui","p2id":"cump3","formatid":"gen8nationaldex","rating":1550,"private":0,"password":null}