{"id":"gen8nationaldexag-1558316563","p1":"NightFighter03","p2":"Rediyu","format":"gen8nationaldexag","log":"|j|\u2606NightFighter03\n|j|\u2606Rediyu\n|t:|1650558119\n|gametype|singles\n|player|p1|NightFighter03|dancer|\n|player|p2|Rediyu|guitarist|\n|teamsize|p1|6\n|teamsize|p2|6\n|gen|8\n|tier|[Gen 8] National Dex AG\n|rule|HP Percentage Mod: HP is shown in percentages\n|rule|Endless Battle Clause: Forcing endless battles is banned\n|clearpoke\n|poke|p1|Sylveon, F|\n|poke|p1|Milotic, F|\n|poke|p1|Crawdaunt, M|\n|poke|p1|Tsareena, F|\n|poke|p1|Miltank, F|\n|poke|p1|Swoobat, F|\n|poke|p2|Poliwrath, M|\n|poke|p2|Latias, F|\n|poke|p2|Rotom-Heat|\n|poke|p2|Weavile, F|\n|poke|p2|Swampert, M|\n|poke|p2|Crobat, M|\n|teampreview\n|c|\u2606Rediyu|gl hf\n|j| Machtkhan\n|c|\u2606NightFighter03|hf\n|\n|t:|1650558223\n|start\n|switch|p1a: Meeres-Merle|Milotic, F, shiny|100\/100\n|switch|p2a: Hellebore|Crobat, M|100\/100\n|turn|1\n|\n|t:|1650558294\n|switch|p2a: Substitoad|Poliwrath, M|100\/100\n|switch|p1a: Kranke Milka-Kuh|Miltank, F, shiny|100\/100\n|\n|upkeep\n|turn|2\n|\n|t:|1650558447\n|switch|p1a: Schleifen-Sascha|Sylveon, F, shiny|100\/100\n|move|p2a: Substitoad|Toxic|p1a: Schleifen-Sascha|[miss]\n|-miss|p2a: Substitoad|p1a: Schleifen-Sascha\n|\n|upkeep\n|turn|3\n|\n|t:|1650558528\n|switch|p2a: Hellebore|Crobat, M|100\/100\n|move|p1a: Schleifen-Sascha|Baton Pass|p1a: Schleifen-Sascha\n|\n|t:|1650558554\n|switch|p1a: Kranke Milka-Kuh|Miltank, F, shiny|100\/100|[from]move: Baton Pass\n|\n|upkeep\n|turn|4\n|\n|t:|1650558561\n|move|p2a: Hellebore|Taunt|p1a: Kranke Milka-Kuh\n|-start|p1a: Kranke Milka-Kuh|move: Taunt\n|cant|p1a: Kranke Milka-Kuh|move: Taunt|Stealth Rock\n|\n|upkeep\n|turn|5\n|\n|t:|1650558573\n|switch|p2a: Substitoad|Poliwrath, M|100\/100\n|move|p1a: Kranke Milka-Kuh|Facade|p2a: Substitoad\n|-damage|p2a: Substitoad|88\/100\n|-damage|p1a: Kranke Milka-Kuh|84\/100|[from] item: Rocky Helmet|[of] p2a: Substitoad\n|\n|-heal|p1a: Kranke Milka-Kuh|90\/100|[from] item: Leftovers\n|upkeep\n|turn|6\n|\n|t:|1650558651\n|switch|p1a: Emo-Elsa|Tsareena, F, shiny|100\/100\n|move|p2a: Substitoad|Toxic|p1a: Emo-Elsa\n|-status|p1a: Emo-Elsa|tox\n|\n|-damage|p1a: Emo-Elsa|94\/100 tox|[from] psn\n|upkeep\n|turn|7\n|\n|t:|1650558677\n|switch|p2a: Fire Blossom|Rotom-Heat|100\/100\n|move|p1a: Emo-Elsa|Knock Off|p2a: Fire Blossom\n|-damage|p2a: Fire Blossom|61\/100\n|-enditem|p2a: Fire Blossom|Passho Berry|[from] move: Knock Off|[of] p1a: Emo-Elsa\n|\n|-damage|p1a: Emo-Elsa|82\/100 tox|[from] psn\n|upkeep\n|turn|8\n|\n|t:|1650558737\n|switch|p1a: Kranke Milka-Kuh|Miltank, F, shiny|90\/100\n|move|p2a: Fire Blossom|Pain Split|p1a: Kranke Milka-Kuh\n|-sethp|p1a: Kranke Milka-Kuh|66\/100|[from] move: Pain Split|[silent]\n|-sethp|p2a: Fire Blossom|96\/100|[from] move: Pain Split\n|\n|-heal|p1a: Kranke Milka-Kuh|72\/100|[from] item: Leftovers\n|upkeep\n|turn|9\n|\n|t:|1650558757\n|move|p2a: Fire Blossom|Volt Switch|p1a: Kranke Milka-Kuh\n|-damage|p1a: Kranke Milka-Kuh|47\/100\n|\n|t:|1650558759\n|switch|p2a: Hellebore|Crobat, M|100\/100|[from]move: Volt Switch\n|move|p1a: Kranke Milka-Kuh|Stealth Rock|p2a: Hellebore\n|-sidestart|p2: Rediyu|move: Stealth Rock\n|\n|-heal|p1a: Kranke Milka-Kuh|53\/100|[from] item: Leftovers\n|upkeep\n|turn|10\n|\n|t:|1650558792\n|move|p2a: Hellebore|Defog|p1a: Kranke Milka-Kuh\n|-unboost|p1a: Kranke Milka-Kuh|evasion|1\n|-sideend|p2: Rediyu|Stealth Rock|[from] move: Defog|[of] p2a: Hellebore\n|move|p1a: Kranke Milka-Kuh|Milk Drink|p1a: Kranke Milka-Kuh\n|-heal|p1a: Kranke Milka-Kuh|100\/100\n|\n|upkeep\n|turn|11\n|\n|t:|1650558819\n|move|p2a: Hellebore|Taunt|p1a: Kranke Milka-Kuh\n|-start|p1a: Kranke Milka-Kuh|move: Taunt\n|move|p1a: Kranke Milka-Kuh|Facade|p2a: Hellebore\n|-damage|p2a: Hellebore|79\/100\n|\n|upkeep\n|turn|12\n|\n|t:|1650558856\n|switch|p2a: Substitoad|Poliwrath, M|88\/100\n|switch|p1a: Emo-Elsa|Tsareena, F, shiny|82\/100 tox\n|\n|-damage|p1a: Emo-Elsa|76\/100 tox|[from] psn\n|upkeep\n|turn|13\n|\n|t:|1650558902\n|switch|p2a: Fire Blossom|Rotom-Heat|96\/100\n|move|p1a: Emo-Elsa|U-turn|p2a: Fire Blossom\n|-resisted|p2a: Fire Blossom\n|-damage|p2a: Fire Blossom|80\/100\n|\n|t:|1650558953\n|switch|p1a: 5Siedler|Crawdaunt, M, shiny|100\/100|[from]move: U-turn\n|\n|upkeep\n|turn|14\n|\n|t:|1650559038\n|switch|p2a: Substitoad|Poliwrath, M|88\/100\n|move|p1a: 5Siedler|Aqua Jet|p2a: Substitoad\n|-heal|p2a: Substitoad|100\/100|[from] ability: Water Absorb|[of] p1a: 5Siedler\n|\n|upkeep\n|turn|15\n|\n|t:|1650559093\n|switch|p1a: Emo-Elsa|Tsareena, F, shiny|76\/100 tox\n|move|p2a: Substitoad|Circle Throw|p1a: Emo-Elsa\n|-damage|p1a: Emo-Elsa|57\/100 tox\n|drag|p1a: 5Siedler|Crawdaunt, M, shiny|100\/100\n|\n|upkeep\n|turn|16\n|\n|t:|1650559117\n|switch|p1a: Emo-Elsa|Tsareena, F, shiny|57\/100 tox\n|move|p2a: Substitoad|Toxic|p1a: Emo-Elsa\n|-fail|p1a: Emo-Elsa|tox\n|\n|-damage|p1a: Emo-Elsa|50\/100 tox|[from] psn\n|upkeep\n|turn|17\n|\n|t:|1650559131\n|switch|p2a: Fire Blossom|Rotom-Heat|80\/100\n|move|p1a: Emo-Elsa|Knock Off|p2a: Fire Blossom\n|-damage|p2a: Fire Blossom|54\/100\n|\n|-damage|p1a: Emo-Elsa|38\/100 tox|[from] psn\n|upkeep\n|turn|18\n|\n|t:|1650559165\n|move|p2a: Fire Blossom|Volt Switch|p1a: Emo-Elsa\n|-resisted|p1a: Emo-Elsa\n|-damage|p1a: Emo-Elsa|27\/100 tox\n|\n|t:|1650559190\n|switch|p2a: Substitoad|Poliwrath, M|100\/100|[from]move: Volt Switch\n|move|p1a: Emo-Elsa|U-turn|p2a: Substitoad\n|-resisted|p2a: Substitoad\n|-damage|p2a: Substitoad|92\/100\n|-damage|p1a: Emo-Elsa|10\/100 tox|[from] item: Rocky Helmet|[of] p2a: Substitoad\n|\n|t:|1650559223\n|switch|p1a: Schleifen-Sascha|Sylveon, F, shiny|100\/100|[from]move: U-turn\n|\n|upkeep\n|turn|19\n|\n|t:|1650559272\n|switch|p2a: Fire Blossom|Rotom-Heat|54\/100\n|move|p1a: Schleifen-Sascha|Hyper Voice|p2a: Fire Blossom\n|-resisted|p2a: Fire Blossom\n|-damage|p2a: Fire Blossom|3\/100\n|\n|upkeep\n|turn|20\n|\n|t:|1650559294\n|switch|p1a: Emo-Elsa|Tsareena, F, shiny|10\/100 tox\n|move|p2a: Fire Blossom|Pain Split|p1a: Emo-Elsa\n|-sethp|p1a: Emo-Elsa|6\/100 tox|[from] move: Pain Split|[silent]\n|-sethp|p2a: Fire Blossom|8\/100|[from] move: Pain Split\n|\n|-damage|p1a: Emo-Elsa|0 fnt|[from] psn\n|faint|p1a: Emo-Elsa\n|upkeep\n|\n|t:|1650559307\n|switch|p1a: Flapp-Flapp|Swoobat, F|100\/100\n|turn|21\n|\n|t:|1650559323\n|switch|p2a: Cydamen|Latias, F|100\/100\n|move|p1a: Flapp-Flapp|Heat Wave|p2a: Cydamen\n|-resisted|p2a: Cydamen\n|-damage|p2a: Cydamen|89\/100\n|-status|p2a: Cydamen|brn\n|\n|-damage|p2a: Cydamen|83\/100 brn|[from] brn\n|upkeep\n|turn|22\n|\n|t:|1650559333\n|detailschange|p2a: Cydamen|Latias-Mega, F\n|-mega|p2a: Cydamen|Latias|Latiasite\n|move|p2a: Cydamen|Toxic|p1a: Flapp-Flapp\n|-status|p1a: Flapp-Flapp|tox\n|move|p1a: Flapp-Flapp|Tailwind|p1a: Flapp-Flapp\n|-sidestart|p1: NightFighter03|move: Tailwind\n|\n|-damage|p1a: Flapp-Flapp|94\/100 tox|[from] psn\n|-damage|p2a: Cydamen|77\/100 brn|[from] brn\n|upkeep\n|turn|23\n|\n|t:|1650559528\n|move|p1a: Flapp-Flapp|U-turn|p2a: Cydamen\n|-supereffective|p2a: Cydamen\n|-damage|p2a: Cydamen|56\/100 brn\n|\n|t:|1650559560\n|switch|p1a: Schleifen-Sascha|Sylveon, F, shiny|100\/100|[from]move: U-turn\n|move|p2a: Cydamen|Toxic|p1a: Schleifen-Sascha\n|-status|p1a: Schleifen-Sascha|tox\n|\n|-damage|p1a: Schleifen-Sascha|94\/100 tox|[from] psn\n|-damage|p2a: Cydamen|50\/100 brn|[from] brn\n|upkeep\n|turn|24\n|\n|t:|1650559596\n|switch|p2a: Fire Blossom|Rotom-Heat|8\/100\n|move|p1a: Schleifen-Sascha|Hyper Voice|p2a: Fire Blossom\n|-resisted|p2a: Fire Blossom\n|-damage|p2a: Fire Blossom|0 fnt\n|faint|p2a: Fire Blossom\n|\n|-damage|p1a: Schleifen-Sascha|82\/100 tox|[from] psn\n|upkeep\n|\n|t:|1650559601\n|switch|p2a: Hellebore|Crobat, M|79\/100\n|turn|25\n|\n|t:|1650559674\n|switch|p1a: Meeres-Merle|Milotic, F, shiny|100\/100\n|move|p2a: Hellebore|Roost|p2a: Hellebore\n|-heal|p2a: Hellebore|100\/100\n|-singleturn|p2a: Hellebore|move: Roost\n|\n|-sideend|p1: NightFighter03|move: Tailwind\n|upkeep\n|turn|26\n|\n|t:|1650559715\n|switch|p1a: Flapp-Flapp|Swoobat, F|94\/100 tox\n|move|p2a: Hellebore|Cross Poison|p1a: Flapp-Flapp\n|-damage|p1a: Flapp-Flapp|33\/100 tox\n|\n|-damage|p1a: Flapp-Flapp|27\/100 tox|[from] psn\n|upkeep\n|turn|27\n|\n|t:|1650559734\n|move|p2a: Hellebore|Cross Poison|p1a: Flapp-Flapp\n|-damage|p1a: Flapp-Flapp|0 fnt\n|faint|p1a: Flapp-Flapp\n|\n|upkeep\n|\n|t:|1650559828\n|switch|p1a: 5Siedler|Crawdaunt, M, shiny|100\/100\n|turn|28\n|\n|t:|1650559841\n|switch|p2a: Substitoad|Poliwrath, M|92\/100\n|move|p1a: 5Siedler|Knock Off|p2a: Substitoad\n|-resisted|p2a: Substitoad\n|-damage|p2a: Substitoad|66\/100\n|-damage|p1a: 5Siedler|84\/100|[from] item: Rocky Helmet|[of] p2a: Substitoad\n|-enditem|p2a: Substitoad|Rocky Helmet|[from] move: Knock Off|[of] p1a: 5Siedler\n|-damage|p1a: 5Siedler|74\/100|[from] item: Life Orb\n|\n|upkeep\n|turn|29\n|\n|t:|1650559884\n|switch|p1a: Meeres-Merle|Milotic, F, shiny|100\/100\n|move|p2a: Substitoad|Toxic|p1a: Meeres-Merle\n|-status|p1a: Meeres-Merle|tox\n|\n|-damage|p1a: Meeres-Merle|94\/100 tox|[from] psn\n|upkeep\n|turn|30\n|\n|t:|1650560077\n|move|p1a: Meeres-Merle|Ice Beam|p2a: Substitoad\n|-resisted|p2a: Substitoad\n|-crit|p2a: Substitoad\n|-damage|p2a: Substitoad|52\/100\n|move|p2a: Substitoad|Circle Throw|p1a: Meeres-Merle\n|-damage|p1a: Meeres-Merle|80\/100 tox\n|drag|p1a: Kranke Milka-Kuh|Miltank, F, shiny|100\/100\n|\n|upkeep\n|turn|31\n|\n|t:|1650560145\n|move|p1a: Kranke Milka-Kuh|Facade|p2a: Substitoad\n|-damage|p2a: Substitoad|39\/100\n|move|p2a: Substitoad|Toxic|p1a: Kranke Milka-Kuh\n|-status|p1a: Kranke Milka-Kuh|tox\n|\n|-damage|p1a: Kranke Milka-Kuh|94\/100 tox|[from] psn\n|upkeep\n|turn|32\n|\n|t:|1650560153\n|move|p1a: Kranke Milka-Kuh|Facade|p2a: Substitoad\n|-damage|p2a: Substitoad|10\/100\n|move|p2a: Substitoad|Rest|p2a: Substitoad\n|-status|p2a: Substitoad|slp|[from] move: Rest\n|-heal|p2a: Substitoad|100\/100 slp|[silent]\n|\n|-heal|p1a: Kranke Milka-Kuh|100\/100 tox|[from] item: Leftovers\n|-damage|p1a: Kranke Milka-Kuh|88\/100 tox|[from] psn\n|upkeep\n|turn|33\n|\n|t:|1650560168\n|move|p1a: Kranke Milka-Kuh|Stealth Rock|p2a: Substitoad\n|-sidestart|p2: Rediyu|move: Stealth Rock\n|cant|p2a: Substitoad|slp\n|move|p2a: Substitoad|Sleep Talk|p2a: Substitoad\n|move|p2a: Substitoad|Toxic|p1a: Kranke Milka-Kuh|[from]move: Sleep Talk\n|-fail|p1a: Kranke Milka-Kuh|tox\n|\n|-heal|p1a: Kranke Milka-Kuh|94\/100 tox|[from] item: Leftovers\n|-damage|p1a: Kranke Milka-Kuh|76\/100 tox|[from] psn\n|upkeep\n|turn|34\n|\n|t:|1650560200\n|switch|p1a: Schleifen-Sascha|Sylveon, F, shiny|82\/100 tox\n|cant|p2a: Substitoad|slp\n|move|p2a: Substitoad|Sleep Talk|p2a: Substitoad\n|move|p2a: Substitoad|Toxic|p1a: Schleifen-Sascha|[from]move: Sleep Talk\n|-fail|p1a: Schleifen-Sascha|tox\n|\n|-damage|p1a: Schleifen-Sascha|76\/100 tox|[from] psn\n|upkeep\n|turn|35\n|\n|t:|1650560247\n|switch|p2a: Hellebore|Crobat, M|100\/100\n|move|p1a: Schleifen-Sascha|Hyper Voice|p2a: Hellebore\n|-resisted|p2a: Hellebore\n|-damage|p2a: Hellebore|59\/100\n|\n|-damage|p1a: Schleifen-Sascha|64\/100 tox|[from] psn\n|upkeep\n|turn|36\n|\n|t:|1650560295\n|switch|p1a: 5Siedler|Crawdaunt, M, shiny|74\/100\n|move|p2a: Hellebore|Roost|p2a: Hellebore\n|-heal|p2a: Hellebore|100\/100\n|-singleturn|p2a: Hellebore|move: Roost\n|\n|upkeep\n|turn|37\n|\n|t:|1650560347\n|switch|p2a: Substitoad|Poliwrath, M|100\/100 slp\n|-damage|p2a: Substitoad|94\/100 slp|[from] Stealth Rock\n|switch|p1a: Schleifen-Sascha|Sylveon, F, shiny|64\/100 tox\n|\n|-damage|p1a: Schleifen-Sascha|57\/100 tox|[from] psn\n|upkeep\n|turn|38\n|\n|t:|1650560444\n|switch|p2a: Cydamen|Latias-Mega, F|50\/100 brn\n|-damage|p2a: Cydamen|37\/100 brn|[from] Stealth Rock\n|move|p1a: Schleifen-Sascha|Hyper Voice|p2a: Cydamen\n|-supereffective|p2a: Cydamen\n|-damage|p2a: Cydamen|0 fnt\n|faint|p2a: Cydamen\n|\n|-damage|p1a: Schleifen-Sascha|45\/100 tox|[from] psn\n|upkeep\n|\n|t:|1650560471\n|switch|p2a: Hellebore|Crobat, M|100\/100\n|turn|39\n|\n|t:|1650560489\n|switch|p1a: Kranke Milka-Kuh|Miltank, F, shiny|76\/100 tox\n|move|p2a: Hellebore|Cross Poison|p1a: Kranke Milka-Kuh\n|-damage|p1a: Kranke Milka-Kuh|53\/100 tox\n|\n|-heal|p1a: Kranke Milka-Kuh|59\/100 tox|[from] item: Leftovers\n|-damage|p1a: Kranke Milka-Kuh|53\/100 tox|[from] psn\n|upkeep\n|turn|40\n|\n|t:|1650560529\n|move|p2a: Hellebore|Taunt|p1a: Kranke Milka-Kuh\n|-start|p1a: Kranke Milka-Kuh|move: Taunt\n|move|p1a: Kranke Milka-Kuh|Facade|p2a: Hellebore\n|-damage|p2a: Hellebore|59\/100\n|\n|-heal|p1a: Kranke Milka-Kuh|59\/100 tox|[from] item: Leftovers\n|-damage|p1a: Kranke Milka-Kuh|47\/100 tox|[from] psn\n|upkeep\n|turn|41\n|\n|t:|1650560547\n|switch|p1a: Meeres-Merle|Milotic, F, shiny|80\/100 tox\n|move|p2a: Hellebore|Roost|p2a: Hellebore\n|-heal|p2a: Hellebore|100\/100\n|-singleturn|p2a: Hellebore|move: Roost\n|\n|-heal|p1a: Meeres-Merle|87\/100 tox|[from] item: Leftovers\n|-damage|p1a: Meeres-Merle|80\/100 tox|[from] psn\n|upkeep\n|turn|42\n|\n|t:|1650560628\n|switch|p2a: Mudan|Swampert, M|100\/100\n|-damage|p2a: Mudan|94\/100|[from] Stealth Rock\n|move|p1a: Meeres-Merle|Ice Beam|p2a: Mudan\n|-damage|p2a: Mudan|76\/100\n|\n|-heal|p1a: Meeres-Merle|87\/100 tox|[from] item: Leftovers\n|-heal|p2a: Mudan|83\/100|[from] item: Leftovers\n|-damage|p1a: Meeres-Merle|74\/100 tox|[from] psn\n|upkeep\n|turn|43\n|\n|t:|1650560655\n|move|p1a: Meeres-Merle|Flip Turn|p2a: Mudan\n|-crit|p2a: Mudan\n|-damage|p2a: Mudan|69\/100\n|\n|t:|1650560661\n|switch|p1a: Kranke Milka-Kuh|Miltank, F, shiny|47\/100 tox|[from]move: Flip Turn\n|move|p2a: Mudan|Stealth Rock|p1a: Kranke Milka-Kuh\n|-sidestart|p1: NightFighter03|move: Stealth Rock\n|\n|-heal|p1a: Kranke Milka-Kuh|53\/100 tox|[from] item: Leftovers\n|-heal|p2a: Mudan|75\/100|[from] item: Leftovers\n|-damage|p1a: Kranke Milka-Kuh|47\/100 tox|[from] psn\n|upkeep\n|turn|44\n|\n|t:|1650560682\n|move|p1a: Kranke Milka-Kuh|Milk Drink|p1a: Kranke Milka-Kuh\n|-heal|p1a: Kranke Milka-Kuh|97\/100 tox\n|move|p2a: Mudan|Earth Power|p1a: Kranke Milka-Kuh\n|-damage|p1a: Kranke Milka-Kuh|76\/100 tox\n|\n|-heal|p1a: Kranke Milka-Kuh|82\/100 tox|[from] item: Leftovers\n|-heal|p2a: Mudan|82\/100|[from] item: Leftovers\n|-damage|p1a: Kranke Milka-Kuh|69\/100 tox|[from] psn\n|upkeep\n|turn|45\n|\n|t:|1650560721\n|move|p1a: Kranke Milka-Kuh|Facade|p2a: Mudan\n|-damage|p2a: Mudan|53\/100\n|move|p2a: Mudan|Earth Power|p1a: Kranke Milka-Kuh\n|-damage|p1a: Kranke Milka-Kuh|47\/100 tox\n|\n|-heal|p1a: Kranke Milka-Kuh|53\/100 tox|[from] item: Leftovers\n|-heal|p2a: Mudan|59\/100|[from] item: Leftovers\n|-damage|p1a: Kranke Milka-Kuh|35\/100 tox|[from] psn\n|upkeep\n|turn|46\n|\n|t:|1650560763\n|switch|p1a: Meeres-Merle|Milotic, F, shiny|74\/100 tox\n|-damage|p1a: Meeres-Merle|62\/100 tox|[from] Stealth Rock\n|move|p2a: Mudan|Flip Turn|p1a: Meeres-Merle\n|-resisted|p1a: Meeres-Merle\n|-damage|p1a: Meeres-Merle|55\/100 tox\n|\n|t:|1650560787\n|switch|p2a: Snowdrop|Weavile, F|100\/100|[from]move: Flip Turn\n|-damage|p2a: Snowdrop|76\/100|[from] Stealth Rock\n|-ability|p2a: Snowdrop|Pressure\n|\n|-heal|p1a: Meeres-Merle|62\/100 tox|[from] item: Leftovers\n|-damage|p1a: Meeres-Merle|55\/100 tox|[from] psn\n|upkeep\n|turn|47\n|\n|t:|1650560824\n|move|p2a: Snowdrop|Knock Off|p1a: Meeres-Merle\n|-damage|p1a: Meeres-Merle|0 fnt\n|-enditem|p1a: Meeres-Merle|Leftovers|[from] move: Knock Off|[of] p2a: Snowdrop\n|faint|p1a: Meeres-Merle\n|\n|upkeep\n|\n|t:|1650560880\n|switch|p1a: 5Siedler|Crawdaunt, M, shiny|74\/100\n|-damage|p1a: 5Siedler|62\/100|[from] Stealth Rock\n|turn|48\n|\n|t:|1650560963\n|switch|p2a: Substitoad|Poliwrath, M|94\/100 slp\n|-damage|p2a: Substitoad|88\/100 slp|[from] Stealth Rock\n|move|p1a: 5Siedler|Knock Off|p2a: Substitoad\n|-resisted|p2a: Substitoad\n|-crit|p2a: Substitoad\n|-damage|p2a: Substitoad|61\/100 slp\n|-damage|p1a: 5Siedler|52\/100|[from] item: Life Orb\n|\n|upkeep\n|turn|49\n|\n|t:|1650561054\n|switch|p1a: Kranke Milka-Kuh|Miltank, F, shiny|35\/100 tox\n|-damage|p1a: Kranke Milka-Kuh|22\/100 tox|[from] Stealth Rock\n|-curestatus|p2a: Substitoad|slp|[msg]\n|move|p2a: Substitoad|Circle Throw|p1a: Kranke Milka-Kuh\n|-supereffective|p1a: Kranke Milka-Kuh\n|-crit|p1a: Kranke Milka-Kuh\n|-damage|p1a: Kranke Milka-Kuh|0 fnt\n|faint|p1a: Kranke Milka-Kuh\n|\n|upkeep\n|\n|t:|1650561058\n|switch|p1a: Schleifen-Sascha|Sylveon, F, shiny|45\/100 tox\n|-damage|p1a: Schleifen-Sascha|33\/100 tox|[from] Stealth Rock\n|turn|50\n|\n|t:|1650561077\n|switch|p2a: Hellebore|Crobat, M|100\/100\n|move|p1a: Schleifen-Sascha|Hyper Beam|p2a: Hellebore\n|-resisted|p2a: Hellebore\n|-damage|p2a: Hellebore|24\/100\n|-mustrecharge|p1a: Schleifen-Sascha\n|\n|-damage|p1a: Schleifen-Sascha|27\/100 tox|[from] psn\n|upkeep\n|turn|51\n|\n|t:|1650561085\n|move|p2a: Hellebore|Roost|p2a: Hellebore\n|-heal|p2a: Hellebore|74\/100\n|-singleturn|p2a: Hellebore|move: Roost\n|cant|p1a: Schleifen-Sascha|recharge\n|\n|-damage|p1a: Schleifen-Sascha|14\/100 tox|[from] psn\n|upkeep\n|turn|52\n|\n|t:|1650561095\n|move|p2a: Hellebore|Cross Poison|p1a: Schleifen-Sascha\n|-supereffective|p1a: Schleifen-Sascha\n|-damage|p1a: Schleifen-Sascha|0 fnt\n|faint|p1a: Schleifen-Sascha\n|\n|upkeep\n|\n|t:|1650561098\n|switch|p1a: 5Siedler|Crawdaunt, M, shiny|52\/100\n|-damage|p1a: 5Siedler|39\/100|[from] Stealth Rock\n|turn|53\n|\n|t:|1650561142\n|move|p2a: Hellebore|Cross Poison|p1a: 5Siedler\n|-damage|p1a: 5Siedler|0 fnt\n|faint|p1a: 5Siedler\n|\n|win|Rediyu\n|c|\u2606Rediyu|gg\n|c| Machtkhan|gg\n|c|\u2606NightFighter03|gg\n","uploadtime":1650561164,"views":40,"p1id":"nightfighter03","p2id":"rediyu","formatid":"gen8nationaldexag","rating":0,"private":0,"password":null}