{"id":"gen8ou-1693968436","p1":"i0sis","p2":"bramitoboy","format":"gen8ou","log":"|html|<div class=\"broadcast-blue\"><strong>[Gen 8] OU is currently suspecting Melmetal! For information on how to participate check out the <a href=\"https:\/\/www.smogon.com\/forums\/threads\/np-ss-ou-suspect-process-round-12-monster-mash.3709234\/\">suspect thread<\/a>.<\/strong><\/div>\n|j|\u2606i0sis\n|j|\u2606bramitoboy\n|t:|1666650352\n|gametype|singles\n|player|p1|i0sis|schoolkid-gen4|1801\n|player|p2|bramitoboy|102|1778\n|teamsize|p1|6\n|teamsize|p2|6\n|gen|8\n|tier|[Gen 8] OU\n|rated|\n|rule|Sleep Clause Mod: Limit one foe put to sleep\n|rule|Species Clause: Limit one of each Pok\u00e9mon\n|rule|OHKO Clause: OHKO moves are banned\n|rule|Evasion Items Clause: Evasion items are banned\n|rule|Evasion Moves Clause: Evasion moves are banned\n|rule|Endless Battle Clause: Forcing endless battles is banned\n|rule|HP Percentage Mod: HP is shown in percentages\n|rule|Dynamax Clause: You cannot dynamax\n|clearpoke\n|poke|p1|Swampert, M|\n|poke|p1|Mandibuzz, F|\n|poke|p1|Rillaboom, M|\n|poke|p1|Magnezone|\n|poke|p1|Tapu Lele|\n|poke|p1|Dragapult, F|\n|poke|p2|Zarude-Dada|\n|poke|p2|Keldeo-Resolute|\n|poke|p2|Tapu Lele|\n|poke|p2|Tapu Koko|\n|poke|p2|Heatran, M|\n|poke|p2|Landorus-Therian, M|\n|teampreview\n|c|\u2606i0sis|hf\n|c|\u2606bramitoboy|u2\n|\n|t:|1666650369\n|start\n|switch|p1a: Swampert|Swampert, M|100\/100\n|switch|p2a: Tapu Koko|Tapu Koko|100\/100\n|-fieldstart|move: Electric Terrain|[from] ability: Electric Surge|[of] p2a: Tapu Koko\n|turn|1\n|j| wh1msie\n|\n|t:|1666650374\n|switch|p2a: Zarude|Zarude-Dada|100\/100\n|switch|p1a: Mandibuzz|Mandibuzz, F|100\/100\n|\n|upkeep\n|turn|2\n|\n|t:|1666650383\n|switch|p2a: Landorus|Landorus-Therian, M|100\/100\n|-ability|p2a: Landorus|Intimidate|boost\n|-unboost|p1a: Mandibuzz|atk|1\n|move|p1a: Mandibuzz|U-turn|p2a: Landorus\n|-resisted|p2a: Landorus\n|-damage|p2a: Landorus|98\/100\n|-damage|p1a: Mandibuzz|84\/100|[from] item: Rocky Helmet|[of] p2a: Landorus\n|\n|t:|1666650386\n|switch|p1a: Tapu Lele|Tapu Lele, shiny|100\/100|[from]move: U-turn\n|-fieldstart|move: Psychic Terrain|[from] ability: Psychic Surge|[of] p1a: Tapu Lele\n|\n|upkeep\n|turn|3\n|\n|t:|1666650390\n|switch|p2a: Tapu Lele|Tapu Lele|100\/100\n|move|p1a: Tapu Lele|Focus Blast|p2a: Tapu Lele\n|-resisted|p2a: Tapu Lele\n|-damage|p2a: Tapu Lele|89\/100\n|\n|upkeep\n|turn|4\n|c|\u2606i0sis|chad play\n|c|\u2606bramitoboy|thanks\n|\n|t:|1666650405\n|switch|p1a: Swampert|Swampert, M|100\/100\n|move|p2a: Tapu Lele|Focus Blast|p1a: Swampert\n|-damage|p1a: Swampert|68\/100\n|\n|-heal|p1a: Swampert|74\/100|[from] item: Leftovers\n|upkeep\n|turn|5\n|\n|t:|1666650411\n|move|p2a: Tapu Lele|Psyshock|p1a: Swampert\n|-damage|p1a: Swampert|23\/100\n|move|p1a: Swampert|Stealth Rock|p2a: Tapu Lele\n|-sidestart|p2: bramitoboy|move: Stealth Rock\n|\n|-heal|p1a: Swampert|29\/100|[from] item: Leftovers\n|upkeep\n|turn|6\n|j| darkcloud1986\n|l| wh1msie\n|\n|t:|1666650423\n|switch|p1a: Mandibuzz|Mandibuzz, F|84\/100\n|move|p2a: Tapu Lele|Moonblast|p1a: Mandibuzz\n|-supereffective|p1a: Mandibuzz\n|-damage|p1a: Mandibuzz|0 fnt\n|faint|p1a: Mandibuzz\n|\n|-fieldend|move: Psychic Terrain\n|upkeep\n|inactive|Battle timer is ON: inactive players will automatically lose when time's up. (requested by bramitoboy)\n|\n|t:|1666650428\n|switch|p1a: Dragapult|Dragapult, F, shiny|100\/100\n|turn|7\n|\n|t:|1666650430\n|move|p1a: Dragapult|U-turn|p2a: Tapu Lele\n|-damage|p2a: Tapu Lele|27\/100\n|\n|t:|1666650434\n|switch|p1a: Rillaboom|Rillaboom, M|100\/100|[from]move: U-turn\n|-fieldstart|move: Grassy Terrain|[from] ability: Grassy Surge|[of] p1a: Rillaboom\n|move|p2a: Tapu Lele|Moonblast|p1a: Rillaboom\n|-damage|p1a: Rillaboom|22\/100\n|\n|-heal|p2a: Tapu Lele|33\/100|[from] Grassy Terrain\n|-heal|p1a: Rillaboom|28\/100|[from] Grassy Terrain\n|upkeep\n|turn|8\n|\n|t:|1666650438\n|switch|p2a: Landorus|Landorus-Therian, M|98\/100\n|-damage|p2a: Landorus|85\/100|[from] Stealth Rock\n|-ability|p2a: Landorus|Intimidate|boost\n|-unboost|p1a: Rillaboom|atk|1\n|move|p1a: Rillaboom|Superpower|p2a: Landorus\n|-resisted|p2a: Landorus\n|-damage|p2a: Landorus|68\/100\n|-unboost|p1a: Rillaboom|atk|1\n|-unboost|p1a: Rillaboom|def|1\n|-damage|p1a: Rillaboom|12\/100|[from] item: Rocky Helmet|[of] p2a: Landorus\n|\n|-heal|p1a: Rillaboom|18\/100|[from] Grassy Terrain\n|upkeep\n|turn|9\n|\n|t:|1666650443\n|switch|p1a: Magnezone|Magnezone, shiny|100\/100\n|move|p2a: Landorus|Defog|p1a: Magnezone\n|-unboost|p1a: Magnezone|evasion|1\n|-sideend|p2: bramitoboy|Stealth Rock|[from] move: Defog|[of] p2a: Landorus\n|-fieldend|move: Grassy Terrain\n|\n|upkeep\n|turn|10\n|\n|t:|1666650450\n|switch|p1a: Rillaboom|Rillaboom, M|18\/100\n|-fieldstart|move: Grassy Terrain|[from] ability: Grassy Surge|[of] p1a: Rillaboom\n|move|p2a: Landorus|Earthquake|p1a: Rillaboom\n|-resisted|p1a: Rillaboom\n|-damage|p1a: Rillaboom|4\/100\n|\n|-heal|p1a: Rillaboom|10\/100|[from] Grassy Terrain\n|upkeep\n|turn|11\n|\n|t:|1666650456\n|switch|p1a: Swampert|Swampert, M|29\/100\n|switch|p2a: Zarude|Zarude-Dada|100\/100\n|\n|-heal|p1a: Swampert|35\/100|[from] Grassy Terrain\n|-heal|p1a: Swampert|41\/100|[from] item: Leftovers\n|upkeep\n|turn|12\n|\n|t:|1666650461\n|switch|p1a: Magnezone|Magnezone, shiny|100\/100\n|move|p2a: Zarude|Power Whip|p1a: Magnezone\n|-resisted|p1a: Magnezone\n|-damage|p1a: Magnezone|67\/100\n|-damage|p2a: Zarude|84\/100|[from] item: Rocky Helmet|[of] p1a: Magnezone\n|-damage|p2a: Zarude|74\/100|[from] item: Life Orb\n|\n|-heal|p2a: Zarude|80\/100|[from] Grassy Terrain\n|-heal|p1a: Magnezone|73\/100|[from] Grassy Terrain\n|upkeep\n|turn|13\n|\n|t:|1666650468\n|switch|p1a: Dragapult|Dragapult, F, shiny|100\/100\n|move|p2a: Zarude|Bulk Up|p2a: Zarude\n|-boost|p2a: Zarude|atk|1\n|-boost|p2a: Zarude|def|1\n|\n|-heal|p2a: Zarude|87\/100|[from] Grassy Terrain\n|upkeep\n|turn|14\n|\n|t:|1666650471\n|switch|p2a: Tapu Koko|Tapu Koko|100\/100\n|-fieldstart|move: Electric Terrain|[from] ability: Electric Surge|[of] p2a: Tapu Koko\n|move|p1a: Dragapult|U-turn|p2a: Tapu Koko\n|-resisted|p2a: Tapu Koko\n|-damage|p2a: Tapu Koko|74\/100\n|\n|t:|1666650474\n|switch|p1a: Rillaboom|Rillaboom, M|10\/100|[from]move: U-turn\n|-fieldstart|move: Grassy Terrain|[from] ability: Grassy Surge|[of] p1a: Rillaboom\n|\n|-heal|p2a: Tapu Koko|80\/100|[from] Grassy Terrain\n|-heal|p1a: Rillaboom|16\/100|[from] Grassy Terrain\n|upkeep\n|turn|15\n|\n|t:|1666650478\n|switch|p2a: Landorus|Landorus-Therian, M|68\/100\n|-ability|p2a: Landorus|Intimidate|boost\n|-unboost|p1a: Rillaboom|atk|1\n|switch|p1a: Swampert|Swampert, M|41\/100\n|\n|-heal|p1a: Swampert|47\/100|[from] Grassy Terrain\n|-heal|p1a: Swampert|53\/100|[from] item: Leftovers\n|upkeep\n|turn|16\n|\n|t:|1666650482\n|switch|p1a: Magnezone|Magnezone, shiny|73\/100\n|move|p2a: Landorus|Knock Off|p1a: Magnezone\n|-damage|p1a: Magnezone|51\/100\n|-damage|p2a: Landorus|52\/100|[from] item: Rocky Helmet|[of] p1a: Magnezone\n|-enditem|p1a: Magnezone|Rocky Helmet|[from] move: Knock Off|[of] p2a: Landorus\n|\n|-heal|p1a: Magnezone|57\/100|[from] Grassy Terrain\n|upkeep\n|turn|17\n|\n|t:|1666650488\n|switch|p1a: Swampert|Swampert, M|53\/100\n|move|p2a: Landorus|Earthquake|p1a: Swampert\n|-damage|p1a: Swampert|32\/100\n|\n|-heal|p1a: Swampert|38\/100|[from] Grassy Terrain\n|-heal|p1a: Swampert|44\/100|[from] item: Leftovers\n|upkeep\n|turn|18\n|j| Commando 55\n|\n|t:|1666650492\n|move|p2a: Landorus|Knock Off|p1a: Swampert\n|-damage|p1a: Swampert|16\/100\n|-enditem|p1a: Swampert|Leftovers|[from] move: Knock Off|[of] p2a: Landorus\n|move|p1a: Swampert|Flip Turn|p2a: Landorus\n|-supereffective|p2a: Landorus\n|-damage|p2a: Landorus|15\/100\n|-damage|p1a: Swampert|0 fnt|[from] item: Rocky Helmet|[of] p2a: Landorus\n|faint|p1a: Swampert\n|\n|-fieldend|move: Grassy Terrain\n|upkeep\n|\n|t:|1666650496\n|switch|p1a: Tapu Lele|Tapu Lele, shiny|100\/100\n|-fieldstart|move: Psychic Terrain|[from] ability: Psychic Surge|[of] p1a: Tapu Lele\n|turn|19\n|\n|t:|1666650501\n|switch|p2a: Heatran|Heatran, M|100\/100\n|-item|p2a: Heatran|Air Balloon\n|move|p1a: Tapu Lele|Psyshock|p2a: Heatran\n|-resisted|p2a: Heatran\n|-damage|p2a: Heatran|60\/100\n|-enditem|p2a: Heatran|Air Balloon\n|\n|upkeep\n|turn|20\n|\n|t:|1666650510\n|switch|p1a: Dragapult|Dragapult, F, shiny|100\/100\n|move|p2a: Heatran|Stealth Rock|p1a: Dragapult\n|-sidestart|p1: i0sis|move: Stealth Rock\n|\n|upkeep\n|turn|21\n|\n|t:|1666650517\n|switch|p2a: Tapu Lele|Tapu Lele|33\/100\n|move|p1a: Dragapult|Dragon Darts|p2a: Tapu Lele\n|-immune|p2a: Tapu Lele\n|\n|upkeep\n|turn|22\n|\n|t:|1666650524\n|switch|p1a: Magnezone|Magnezone, shiny|57\/100\n|-damage|p1a: Magnezone|51\/100|[from] Stealth Rock\n|move|p2a: Tapu Lele|Moonblast|p1a: Magnezone\n|-resisted|p1a: Magnezone\n|-damage|p1a: Magnezone|17\/100\n|\n|upkeep\n|turn|23\n|c|\u2606i0sis|gg\n|c|\u2606bramitoboy|gg\n|-message|i0sis forfeited.\n|\n|win|bramitoboy\n|raw|i0sis's rating: 1801 &rarr; <strong>1780<\/strong><br \/>(-21 for losing)\n|raw|bramitoboy's rating: 1778 &rarr; <strong>1799<\/strong><br \/>(+21 for winning)\n|l|\u2606i0sis\n","uploadtime":1666650551,"views":34,"p1id":"i0sis","p2id":"bramitoboy","formatid":"gen8ou","rating":1780,"private":0,"password":null}