{"id":"gen8randombattle-1572068675","p1":"ShadowQ8","p2":"xSkelly34","format":"gen8randombattle","log":"|j|\u2606ShadowQ8\n|j|\u2606xSkelly34\n|t:|1652222790\n|gametype|singles\n|player|p1|ShadowQ8|emmet|1972\n|player|p2|xSkelly34|bugsy|2045\n|teamsize|p1|6\n|teamsize|p2|6\n|gen|8\n|tier|[Gen 8] Random Battle\n|rated|\n|rule|Species Clause: Limit one of each Pok\u00e9mon\n|rule|HP Percentage Mod: HP is shown in percentages\n|rule|Sleep Clause Mod: Limit one foe put to sleep\n|\n|t:|1652222790\n|start\n|switch|p1a: Dusknoir|Dusknoir, L86, M|218\/218\n|switch|p2a: Dugtrio|Dugtrio, L82, M|192\/192\n|-ability|p1a: Dusknoir|Pressure\n|turn|1\n|inactive|Battle timer is ON: inactive players will automatically lose when time's up. (requested by ShadowQ8)\n|j| Mike bruv\n|l| Mike bruv\n|\n|t:|1652222819\n|switch|p2a: Clawitzer|Clawitzer, L84, F|256\/256\n|move|p1a: Dusknoir|Poltergeist|p2a: Clawitzer\n|-activate|p2a: Clawitzer|move: Poltergeist|Choice Specs\n|-damage|p2a: Clawitzer|133\/256\n|\n|upkeep\n|turn|2\n|\n|t:|1652222825\n|switch|p1a: Wailord|Wailord, L90, F|452\/452\n|move|p2a: Clawitzer|Dark Pulse|p1a: Wailord\n|-damage|p1a: Wailord|239\/452\n|\n|upkeep\n|turn|3\n|\n|t:|1652222834\n|move|p1a: Wailord|Hyper Voice|p2a: Clawitzer\n|-damage|p2a: Clawitzer|29\/256\n|move|p2a: Clawitzer|Dark Pulse|p1a: Wailord\n|-damage|p1a: Wailord|21\/452\n|\n|upkeep\n|turn|4\n|\n|t:|1652222843\n|switch|p2a: Tauros|Tauros, L82, M|257\/257\n|move|p1a: Wailord|Hyper Voice|p2a: Tauros\n|-damage|p2a: Tauros|128\/257\n|\n|upkeep\n|turn|5\n|\n|t:|1652222848\n|move|p2a: Tauros|Body Slam|p1a: Wailord\n|-damage|p1a: Wailord|0 fnt\n|faint|p1a: Wailord\n|\n|upkeep\n|\n|t:|1652222850\n|switch|p1a: Dusknoir|Dusknoir, L86, M|218\/218\n|-ability|p1a: Dusknoir|Pressure\n|turn|6\n|\n|t:|1652222855\n|switch|p2a: Clawitzer|Clawitzer, L84, F|29\/256\n|move|p1a: Dusknoir|Earthquake|p2a: Clawitzer\n|-damage|p2a: Clawitzer|0 fnt\n|faint|p2a: Clawitzer\n|\n|upkeep\n|\n|t:|1652222859\n|switch|p2a: Sharpedo|Sharpedo, L82, F|249\/249\n|turn|7\n|\n|t:|1652222862\n|move|p2a: Sharpedo|Crunch|p1a: Dusknoir\n|-supereffective|p1a: Dusknoir\n|-damage|p1a: Dusknoir|44\/218\n|-damage|p2a: Sharpedo|225\/249|[from] item: Life Orb\n|move|p1a: Dusknoir|Will-O-Wisp|p2a: Sharpedo\n|-status|p2a: Sharpedo|brn\n|\n|-heal|p1a: Dusknoir|57\/218|[from] item: Leftovers\n|-damage|p2a: Sharpedo|210\/249 brn|[from] brn\n|-ability|p2a: Sharpedo|Speed Boost|boost\n|-boost|p2a: Sharpedo|spe|1\n|upkeep\n|turn|8\n|\n|t:|1652222867\n|move|p2a: Sharpedo|Crunch|p1a: Dusknoir\n|-supereffective|p1a: Dusknoir\n|-damage|p1a: Dusknoir|0 fnt\n|faint|p1a: Dusknoir\n|-damage|p2a: Sharpedo|186\/249 brn|[from] item: Life Orb\n|\n|-damage|p2a: Sharpedo|171\/249 brn|[from] brn\n|-ability|p2a: Sharpedo|Speed Boost|boost\n|-boost|p2a: Sharpedo|spe|1\n|upkeep\n|\n|t:|1652222875\n|switch|p1a: Ninjask|Ninjask, L86, F|245\/245\n|turn|9\n|\n|t:|1652222877\n|move|p2a: Sharpedo|Hydro Pump|p1a: Ninjask|[miss]\n|-miss|p2a: Sharpedo|p1a: Ninjask\n|move|p1a: Ninjask|Leech Life|p2a: Sharpedo\n|-supereffective|p2a: Sharpedo\n|-damage|p2a: Sharpedo|0 fnt\n|faint|p2a: Sharpedo\n|\n|-ability|p1a: Ninjask|Speed Boost|boost\n|-boost|p1a: Ninjask|spe|1\n|upkeep\n|\n|t:|1652222881\n|switch|p2a: Slowbro|Slowbro-Galar, L86, F|304\/304\n|turn|10\n|\n|t:|1652222884\n|move|p1a: Ninjask|Acrobatics|p2a: Slowbro\n|-damage|p2a: Slowbro|202\/304\n|move|p2a: Slowbro|Trick Room|p2a: Slowbro\n|-fieldstart|move: Trick Room|[of] p2a: Slowbro\n|\n|-ability|p1a: Ninjask|Speed Boost|boost\n|-boost|p1a: Ninjask|spe|1\n|upkeep\n|turn|11\n|\n|t:|1652222894\n|switch|p1a: Latios|Latios, L78, M|253\/253\n|move|p2a: Slowbro|Flamethrower|p1a: Latios\n|-resisted|p1a: Latios\n|-damage|p1a: Latios|211\/253\n|-damage|p2a: Slowbro|172\/304|[from] item: Life Orb\n|\n|upkeep\n|turn|12\n|\n|t:|1652222908\n|switch|p2a: Heatran|Heatran, L78, F|270\/270\n|-item|p2a: Heatran|Air Balloon\n|move|p1a: Latios|Psyshock|p2a: Heatran\n|-resisted|p2a: Heatran\n|-damage|p2a: Heatran|219\/270\n|-enditem|p2a: Heatran|Air Balloon\n|\n|upkeep\n|turn|13\n|\n|t:|1652222916\n|move|p2a: Heatran|Toxic|p1a: Latios\n|-status|p1a: Latios|tox\n|move|p1a: Latios|Psyshock|p2a: Heatran\n|-resisted|p2a: Heatran\n|-damage|p2a: Heatran|166\/270\n|\n|-damage|p1a: Latios|196\/253 tox|[from] psn\n|upkeep\n|turn|14\n|\n|t:|1652222919\n|switch|p1a: Nidoqueen|Nidoqueen, L84, F|288\/288\n|move|p2a: Heatran|Flash Cannon|p1a: Nidoqueen\n|-damage|p1a: Nidoqueen|189\/288\n|\n|-fieldend|move: Trick Room\n|upkeep\n|turn|15\n|\n|t:|1652222927\n|switch|p2a: Dugtrio|Dugtrio, L82, M|192\/192\n|move|p1a: Nidoqueen|Earth Power|p2a: Dugtrio\n|-damage|p2a: Dugtrio|44\/192\n|\n|upkeep\n|turn|16\n|\n|t:|1652222932\n|move|p2a: Dugtrio|Earthquake|p1a: Nidoqueen\n|-supereffective|p1a: Nidoqueen\n|-damage|p1a: Nidoqueen|0 fnt\n|faint|p1a: Nidoqueen\n|\n|upkeep\n|\n|t:|1652222934\n|switch|p1a: Ninjask|Ninjask, L86, F|245\/245\n|turn|17\n|\n|t:|1652222939\n|switch|p2a: Heatran|Heatran, L78, F|166\/270\n|move|p1a: Ninjask|Swords Dance|p1a: Ninjask\n|-boost|p1a: Ninjask|atk|2\n|\n|-ability|p1a: Ninjask|Speed Boost|boost\n|-boost|p1a: Ninjask|spe|1\n|upkeep\n|turn|18\n|\n|t:|1652222945\n|move|p1a: Ninjask|U-turn|p2a: Heatran\n|-resisted|p2a: Heatran\n|-damage|p2a: Heatran|132\/270\n|\n|t:|1652222947\n|switch|p1a: Latios|Latios, L78, M|196\/253 tox\n|move|p2a: Heatran|Lava Plume|p1a: Latios\n|-resisted|p1a: Latios\n|-damage|p1a: Latios|152\/253 tox\n|\n|-damage|p1a: Latios|137\/253 tox|[from] psn\n|upkeep\n|turn|19\n|\n|t:|1652222952\n|move|p1a: Latios|Psyshock|p2a: Heatran\n|-resisted|p2a: Heatran\n|-damage|p2a: Heatran|75\/270\n|move|p2a: Heatran|Flash Cannon|p1a: Latios\n|-damage|p1a: Latios|55\/253 tox\n|\n|-damage|p1a: Latios|25\/253 tox|[from] psn\n|upkeep\n|turn|20\n|\n|t:|1652222955\n|move|p1a: Latios|Psyshock|p2a: Heatran\n|-resisted|p2a: Heatran\n|-damage|p2a: Heatran|25\/270\n|move|p2a: Heatran|Flash Cannon|p1a: Latios\n|-damage|p1a: Latios|0 fnt\n|faint|p1a: Latios\n|\n|upkeep\n|\n|t:|1652222960\n|switch|p1a: Ninjask|Ninjask, L86, F|245\/245\n|turn|21\n|\n|t:|1652222962\n|move|p1a: Ninjask|Acrobatics|p2a: Heatran\n|-resisted|p2a: Heatran\n|-damage|p2a: Heatran|0 fnt\n|faint|p2a: Heatran\n|\n|-ability|p1a: Ninjask|Speed Boost|boost\n|-boost|p1a: Ninjask|spe|1\n|upkeep\n|\n|t:|1652222965\n|switch|p2a: Slowbro|Slowbro-Galar, L86, F|273\/304\n|turn|22\n|\n|t:|1652222970\n|move|p1a: Ninjask|U-turn|p2a: Slowbro\n|-damage|p2a: Slowbro|209\/304\n|\n|t:|1652222972\n|switch|p1a: Indeedee|Indeedee, L83, M|235\/235\n|-fieldstart|move: Psychic Terrain|[from] ability: Psychic Surge|[of] p1a: Indeedee\n|move|p2a: Slowbro|Flamethrower|p1a: Indeedee\n|-damage|p1a: Indeedee|153\/235\n|-damage|p2a: Slowbro|179\/304|[from] item: Life Orb\n|\n|upkeep\n|turn|23\n|\n|t:|1652222985\n|switch|p2a: Tauros|Tauros, L82, M|128\/257\n|move|p1a: Indeedee|Expanding Force|p2a: Tauros\n|-damage|p2a: Tauros|0 fnt\n|faint|p2a: Tauros\n|-damage|p1a: Indeedee|130\/235|[from] item: Life Orb\n|\n|upkeep\n|\n|t:|1652222986\n|switch|p2a: Dugtrio|Dugtrio, L82, M|44\/192\n|turn|24\n|\n|t:|1652222999\n|move|p2a: Dugtrio|Stone Edge|p1a: Indeedee\n|-damage|p1a: Indeedee|0 fnt\n|faint|p1a: Indeedee\n|\n|upkeep\n|\n|t:|1652223001\n|switch|p1a: Ninjask|Ninjask, L86, F|245\/245\n|turn|25\n|\n|t:|1652223006\n|move|p1a: Ninjask|Swords Dance|p1a: Ninjask\n|-boost|p1a: Ninjask|atk|2\n|move|p2a: Dugtrio|Stone Edge|p1a: Ninjask|[miss]\n|-miss|p2a: Dugtrio|p1a: Ninjask\n|\n|-ability|p1a: Ninjask|Speed Boost|boost\n|-boost|p1a: Ninjask|spe|1\n|upkeep\n|turn|26\n|\n|t:|1652223014\n|move|p1a: Ninjask|Acrobatics|p2a: Dugtrio\n|-damage|p2a: Dugtrio|0 fnt\n|faint|p2a: Dugtrio\n|\n|-fieldend|move: Psychic Terrain\n|-ability|p1a: Ninjask|Speed Boost|boost\n|-boost|p1a: Ninjask|spe|1\n|upkeep\n|\n|t:|1652223015\n|switch|p2a: Slowbro|Slowbro-Galar, L86, F|280\/304\n|turn|27\n|\n|t:|1652223021\n|-start|p1a: Ninjask|Dynamax|\n|-heal|p1a: Ninjask|490\/490|[silent]\n|-start|p2a: Slowbro|Dynamax|\n|-heal|p2a: Slowbro|560\/608|[silent]\n|move|p1a: Ninjask|Max Flutterby|p2a: Slowbro\n|-damage|p2a: Slowbro|311\/608\n|-unboost|p2a: Slowbro|spa|1\n|move|p2a: Slowbro|Max Flare|p1a: Ninjask\n|-supereffective|p1a: Ninjask\n|-damage|p1a: Ninjask|246\/490\n|-weather|SunnyDay\n|-damage|p2a: Slowbro|281\/608|[from] item: Life Orb\n|\n|-weather|SunnyDay|[upkeep]\n|-ability|p1a: Ninjask|Speed Boost|boost\n|-boost|p1a: Ninjask|spe|1\n|upkeep\n|turn|28\n|\n|t:|1652223031\n|move|p1a: Ninjask|Max Guard|p1a: Ninjask\n|-singleturn|p1a: Ninjask|Max Guard\n|move|p2a: Slowbro|Max Flare|p1a: Ninjask\n|-activate|p1a: Ninjask|move: Max Guard\n|\n|-weather|SunnyDay|[upkeep]\n|-ability|p1a: Ninjask|Speed Boost|boost\n|-boost|p1a: Ninjask|spe|1\n|upkeep\n|turn|29\n|\n|t:|1652223044\n|move|p1a: Ninjask|Max Guard|p1a: Ninjask\n|-singleturn|p1a: Ninjask|Max Guard\n|move|p2a: Slowbro|Max Guard||[still]\n|-fail|p2a: Slowbro\n|\n|-weather|SunnyDay|[upkeep]\n|-ability|p1a: Ninjask|Speed Boost|boost\n|-boost|p1a: Ninjask|spe|1\n|upkeep\n|-end|p1a: Ninjask|Dynamax\n|-heal|p1a: Ninjask|123\/245|[silent]\n|-end|p2a: Slowbro|Dynamax\n|-heal|p2a: Slowbro|141\/304|[silent]\n|turn|30\n|c|\u2606ShadowQ8|gg\n|\n|t:|1652223050\n|move|p1a: Ninjask|Acrobatics|p2a: Slowbro\n|-damage|p2a: Slowbro|0 fnt\n|faint|p2a: Slowbro\n|\n|win|ShadowQ8\n|raw|ShadowQ8's rating: 1972 &rarr; <strong>1996<\/strong><br \/>(+24 for winning)\n|raw|xSkelly34's rating: 2045 &rarr; <strong>2021<\/strong><br \/>(-24 for losing)\n|l|\u2606xSkelly34\n","inputlog":">version 3115cfa9da4584a6803ed46aa555a31ae64bc6d8\n>start {\"formatid\":\"gen8randombattle\",\"seed\":[60359,49219,17048,55850],\"rated\":\"Rated battle\"}\n>player p1 {\"name\":\"ShadowQ8\",\"avatar\":\"emmet\",\"rating\":1972,\"seed\":[20817,64200,59485,52456]}\n>player p2 {\"name\":\"xSkelly34\",\"avatar\":\"bugsy\",\"rating\":2045,\"seed\":[4227,42042,4258,48587]}\n>p1 move poltergeist\n>p2 switch 4\n>p1 switch 3\n>p2 move darkpulse\n>p1 move hypervoice\n>p2 move darkpulse\n>p1 move hypervoice\n>p2 switch 3\n>p1 move hypervoice\n>p2 move bodyslam\n>p1 switch 3\n>p1 move earthquake\n>p2 switch 3\n>p2 switch 2\n>p1 move willowisp\n>p2 move crunch\n>p1 move painsplit\n>p2 move crunch\n>p1 switch 5\n>p1 move leechlife\n>p2 move hydropump\n>p2 switch 6\n>p1 move acrobatics\n>p2 move trickroom\n>p1 switch 4\n>p2 move flamethrower\n>p1 move psyshock\n>p2 switch 5\n>p1 move psyshock\n>p2 move toxic\n>p1 switch 6\n>p2 move flashcannon\n>p1 move earthpower\n>p2 switch 4\n>p1 move earthpower\n>p2 move earthquake\n>p1 switch 4\n>p1 move swordsdance\n>p2 switch 4\n>p1 move uturn\n>p2 move lavaplume\n>p1 switch 6\n>p1 move psyshock\n>p2 move flashcannon\n>p1 move psyshock\n>p2 move flashcannon\n>p1 switch 6\n>p1 move acrobatics\n>p2 move lavaplume\n>p2 switch 5\n>p1 move uturn\n>p2 move flamethrower\n>p1 switch 2\n>p1 move expandingforce\n>p2 switch 3\n>p2 switch 4\n>p1 move expandingforce\n>p2 move stoneedge\n>p1 switch 2\n>p1 move swordsdance\n>p2 move stoneedge\n>p1 move acrobatics\n>p2 move stoneedge\n>p2 switch 3\n>p1 move leechlife dynamax\n>p2 move flamethrower dynamax\n>p1 move swordsdance dynamax\n>p2 move flamethrower dynamax\n>p1 move swordsdance dynamax\n>p2 move trickroom dynamax\n>chat \u2606ShadowQ8|gg\n>p1 move acrobatics\n>p2 move flamethrower","uploadtime":1652223058,"views":9,"p1id":"shadowq8","p2id":"xskelly34","formatid":"gen8randombattle","rating":1996,"private":0,"password":null}