{"id":"gen8ou-1659844518","p1":"reionatro","p2":"quixana","format":"gen8ou","log":"|j|\u2606reionatro\n|j|\u2606quixana\n|t:|1662713498\n|gametype|singles\n|player|p1|reionatro|169|1896\n|player|p2|quixana|ethan-pokeathlon|1782\n|teamsize|p1|6\n|teamsize|p2|6\n|gen|8\n|tier|[Gen 8] OU\n|rated|\n|rule|Sleep Clause Mod: Limit one foe put to sleep\n|rule|Species Clause: Limit one of each Pok\u00e9mon\n|rule|OHKO Clause: OHKO moves are banned\n|rule|Evasion Items Clause: Evasion items are banned\n|rule|Evasion Moves Clause: Evasion moves are banned\n|rule|Endless Battle Clause: Forcing endless battles is banned\n|rule|HP Percentage Mod: HP is shown in percentages\n|rule|Dynamax Clause: You cannot dynamax\n|clearpoke\n|poke|p1|Landorus-Therian, M|\n|poke|p1|Melmetal|\n|poke|p1|Rillaboom, M|\n|poke|p1|Tapu Koko|\n|poke|p1|Urshifu-*, F|\n|poke|p1|Zapdos|\n|poke|p2|Zeraora|\n|poke|p2|Zapdos|\n|poke|p2|Rillaboom, M|\n|poke|p2|Kartana|\n|poke|p2|Landorus-Therian, M|\n|poke|p2|Heatran, F|\n|teampreview\n|c|\u2606reionatro|hf\n|c|\u2606quixana|u2\\\n|\n|t:|1662713540\n|start\n|switch|p1a: Landorus|Landorus-Therian, M|100\/100\n|switch|p2a: Rillaboom|Rillaboom, M|100\/100\n|-fieldstart|move: Grassy Terrain|[from] ability: Grassy Surge|[of] p2a: Rillaboom\n|-ability|p1a: Landorus|Intimidate|boost\n|-unboost|p2a: Rillaboom|atk|1\n|turn|1\n|c|\u2606reionatro|test\n|\n|t:|1662713587\n|switch|p1a: Zapdos|Zapdos, shiny|100\/100\n|move|p2a: Rillaboom|Wood Hammer|p1a: Zapdos\n|-resisted|p1a: Zapdos\n|-damage|p1a: Zapdos|72\/100\n|-damage|p2a: Rillaboom|90\/100|[from] Recoil\n|-damage|p2a: Rillaboom|80\/100|[from] item: Life Orb\n|\n|-heal|p2a: Rillaboom|86\/100|[from] Grassy Terrain\n|upkeep\n|turn|2\n|\n|t:|1662713596\n|switch|p2a: Landorus|Landorus-Therian, M|100\/100\n|-ability|p2a: Landorus|Intimidate|boost\n|-unboost|p1a: Zapdos|atk|1\n|move|p1a: Zapdos|Roost|p1a: Zapdos\n|-heal|p1a: Zapdos|100\/100\n|-singleturn|p1a: Zapdos|move: Roost\n|\n|upkeep\n|turn|3\n|j| darms324\n|\n|t:|1662713606\n|switch|p1a: Landorus|Landorus-Therian, M|100\/100\n|-ability|p1a: Landorus|Intimidate|boost\n|-unboost|p2a: Landorus|atk|1\n|move|p2a: Landorus|Stealth Rock|p1a: Landorus\n|-sidestart|p1: reionatro|move: Stealth Rock\n|\n|upkeep\n|turn|4\n|\n|t:|1662713612\n|move|p1a: Landorus|Stealth Rock|p2a: Landorus\n|-sidestart|p2: quixana|move: Stealth Rock\n|move|p2a: Landorus|Toxic|p1a: Landorus\n|-status|p1a: Landorus|tox\n|\n|-damage|p1a: Landorus|94\/100 tox|[from] psn\n|upkeep\n|turn|5\n|\n|t:|1662713616\n|move|p1a: Landorus|Knock Off|p2a: Landorus\n|-damage|p2a: Landorus|72\/100\n|-enditem|p2a: Landorus|Leftovers|[from] move: Knock Off|[of] p1a: Landorus\n|move|p2a: Landorus|U-turn|p1a: Landorus\n|-resisted|p1a: Landorus\n|-damage|p1a: Landorus|87\/100 tox\n|j| pikachu.2233\n|\n|t:|1662713642\n|switch|p2a: Rillaboom|Rillaboom, M|86\/100|[from]move: U-turn\n|-damage|p2a: Rillaboom|74\/100|[from] Stealth Rock\n|\n|-heal|p2a: Rillaboom|80\/100|[from] Grassy Terrain\n|-heal|p1a: Landorus|93\/100 tox|[from] item: Leftovers\n|-damage|p1a: Landorus|81\/100 tox|[from] psn\n|-fieldend|move: Grassy Terrain\n|upkeep\n|turn|6\n|j| rthtfhngy\n|\n|t:|1662713672\n|switch|p1a: Zapdos|Zapdos, shiny|100\/100\n|move|p2a: Rillaboom|Wood Hammer|p1a: Zapdos\n|-resisted|p1a: Zapdos\n|-damage|p1a: Zapdos|68\/100\n|-damage|p2a: Rillaboom|68\/100|[from] Recoil\n|-damage|p2a: Rillaboom|58\/100|[from] item: Life Orb\n|\n|upkeep\n|turn|7\n|\n|t:|1662713687\n|switch|p2a: Zeraora|Zeraora|100\/100\n|move|p1a: Zapdos|Roost|p1a: Zapdos\n|-heal|p1a: Zapdos|100\/100\n|-singleturn|p1a: Zapdos|move: Roost\n|\n|upkeep\n|turn|8\n|\n|t:|1662713692\n|switch|p1a: Landorus|Landorus-Therian, M|81\/100 tox\n|-damage|p1a: Landorus|69\/100 tox|[from] Stealth Rock\n|-ability|p1a: Landorus|Intimidate|boost\n|-unboost|p2a: Zeraora|atk|1\n|move|p2a: Zeraora|Knock Off|p1a: Landorus\n|-damage|p1a: Landorus|49\/100 tox\n|-enditem|p1a: Landorus|Leftovers|[from] move: Knock Off|[of] p2a: Zeraora\n|\n|-damage|p1a: Landorus|42\/100 tox|[from] psn\n|upkeep\n|turn|9\n|\n|t:|1662713702\n|switch|p2a: Landorus|Landorus-Therian, M|72\/100\n|-damage|p2a: Landorus|60\/100|[from] Stealth Rock\n|-ability|p2a: Landorus|Intimidate|boost\n|-unboost|p1a: Landorus|atk|1\n|move|p1a: Landorus|Knock Off|p2a: Landorus\n|-crit|p2a: Landorus\n|-damage|p2a: Landorus|30\/100\n|\n|-damage|p1a: Landorus|30\/100 tox|[from] psn\n|upkeep\n|turn|10\n|\n|t:|1662713716\n|move|p1a: Landorus|Knock Off|p2a: Landorus\n|-damage|p2a: Landorus|17\/100\n|move|p2a: Landorus|U-turn|p1a: Landorus\n|-resisted|p1a: Landorus\n|-damage|p1a: Landorus|19\/100 tox\n|j| tyrantkingdad\n|\n|t:|1662713732\n|switch|p2a: Zeraora|Zeraora|100\/100|[from]move: U-turn\n|\n|-damage|p1a: Landorus|1\/100 tox|[from] psn\n|upkeep\n|turn|11\n|\n|t:|1662713744\n|move|p2a: Zeraora|Knock Off|p1a: Landorus\n|-damage|p1a: Landorus|0 fnt\n|faint|p1a: Landorus\n|\n|upkeep\n|j| The Hail Incident\n|j| blinkgosu\n|\n|t:|1662713779\n|switch|p1a: Rillaboom|Rillaboom, M|100\/100\n|-damage|p1a: Rillaboom|88\/100|[from] Stealth Rock\n|-fieldstart|move: Grassy Terrain|[from] ability: Grassy Surge|[of] p1a: Rillaboom\n|turn|12\n|\n|t:|1662713790\n|switch|p2a: Zapdos|Zapdos|100\/100\n|move|p1a: Rillaboom|Knock Off|p2a: Zapdos\n|-damage|p2a: Zapdos|74\/100\n|-enditem|p2a: Zapdos|Heavy-Duty Boots|[from] move: Knock Off|[of] p1a: Rillaboom\n|\n|-heal|p1a: Rillaboom|94\/100|[from] Grassy Terrain\n|-heal|p1a: Rillaboom|100\/100|[from] item: Leftovers\n|upkeep\n|turn|13\n|\n|t:|1662713801\n|switch|p1a: Melmetal|Melmetal, shiny|100\/100\n|-damage|p1a: Melmetal|94\/100|[from] Stealth Rock\n|move|p2a: Zapdos|Defog|p1a: Melmetal\n|-unboost|p1a: Melmetal|evasion|1\n|-sideend|p1: reionatro|Stealth Rock|[from] move: Defog|[of] p2a: Zapdos\n|-sideend|p2: quixana|Stealth Rock|[from] move: Defog|[of] p2a: Zapdos\n|-fieldend|move: Grassy Terrain\n|\n|-heal|p1a: Melmetal|100\/100|[from] item: Leftovers\n|upkeep\n|turn|14\n|\n|t:|1662713821\n|move|p2a: Zapdos|Volt Switch|p1a: Melmetal\n|-damage|p1a: Melmetal|74\/100\n|\n|t:|1662713824\n|switch|p2a: Heatran|Heatran, F|100\/100|[from]move: Volt Switch\n|move|p1a: Melmetal|Double Iron Bash|p2a: Heatran\n|-resisted|p2a: Heatran\n|-damage|p2a: Heatran|94\/100\n|-status|p1a: Melmetal|brn|[from] ability: Flame Body|[of] p2a: Heatran\n|-resisted|p2a: Heatran\n|-damage|p2a: Heatran|90\/100\n|-hitcount|p2a: Heatran|2\n|\n|-heal|p2a: Heatran|96\/100|[from] item: Leftovers\n|-heal|p1a: Melmetal|80\/100 brn|[from] item: Leftovers\n|-damage|p1a: Melmetal|74\/100 brn|[from] brn\n|upkeep\n|turn|15\n|\n|t:|1662713854\n|switch|p2a: Zapdos|Zapdos|74\/100\n|move|p1a: Melmetal|Earthquake|p2a: Zapdos\n|-immune|p2a: Zapdos\n|\n|-heal|p1a: Melmetal|80\/100 brn|[from] item: Leftovers\n|-damage|p1a: Melmetal|74\/100 brn|[from] brn\n|upkeep\n|turn|16\n|j| usserrnnamme\n|\n|t:|1662713872\n|switch|p1a: Tapu Koko|Tapu Koko|100\/100\n|-fieldstart|move: Electric Terrain|[from] ability: Electric Surge|[of] p1a: Tapu Koko\n|move|p2a: Zapdos|Roost|p2a: Zapdos\n|-heal|p2a: Zapdos|100\/100\n|-singleturn|p2a: Zapdos|move: Roost\n|\n|upkeep\n|turn|17\n|\n|t:|1662713889\n|switch|p2a: Heatran|Heatran, F|96\/100\n|move|p1a: Tapu Koko|Thunderbolt|p2a: Heatran\n|-damage|p2a: Heatran|33\/100\n|\n|-heal|p2a: Heatran|40\/100|[from] item: Leftovers\n|upkeep\n|turn|18\n|\n|t:|1662713909\n|switch|p2a: Zeraora|Zeraora|100\/100\n|move|p1a: Tapu Koko|Thunderbolt|p2a: Zeraora\n|-immune|p2a: Zeraora|[from] ability: Volt Absorb\n|\n|upkeep\n|turn|19\n|\n|t:|1662713927\n|switch|p1a: Melmetal|Melmetal, shiny|74\/100 brn\n|move|p2a: Zeraora|Knock Off|p1a: Melmetal\n|-damage|p1a: Melmetal|55\/100 brn\n|-enditem|p1a: Melmetal|Leftovers|[from] move: Knock Off|[of] p2a: Zeraora\n|\n|-damage|p1a: Melmetal|49\/100 brn|[from] brn\n|upkeep\n|turn|20\n|\n|t:|1662713943\n|switch|p2a: Zapdos|Zapdos|100\/100\n|move|p1a: Melmetal|Earthquake|p2a: Zapdos\n|-immune|p2a: Zapdos\n|\n|-damage|p1a: Melmetal|43\/100 brn|[from] brn\n|-fieldend|move: Electric Terrain\n|upkeep\n|turn|21\n|\n|t:|1662713951\n|switch|p1a: Tapu Koko|Tapu Koko|100\/100\n|-fieldstart|move: Electric Terrain|[from] ability: Electric Surge|[of] p1a: Tapu Koko\n|move|p2a: Zapdos|Volt Switch|p1a: Tapu Koko\n|-resisted|p1a: Tapu Koko\n|-damage|p1a: Tapu Koko|75\/100\n|\n|t:|1662713964\n|switch|p2a: Rillaboom|Rillaboom, M|58\/100|[from]move: Volt Switch\n|-fieldstart|move: Grassy Terrain|[from] ability: Grassy Surge|[of] p2a: Rillaboom\n|\n|-heal|p1a: Tapu Koko|81\/100|[from] Grassy Terrain\n|-heal|p2a: Rillaboom|64\/100|[from] Grassy Terrain\n|upkeep\n|turn|22\n|\n|t:|1662713978\n|switch|p1a: Zapdos|Zapdos, shiny|100\/100\n|move|p2a: Rillaboom|Grassy Glide|p1a: Zapdos\n|-resisted|p1a: Zapdos\n|-damage|p1a: Zapdos|74\/100\n|-damage|p2a: Rillaboom|54\/100|[from] item: Life Orb\n|\n|-heal|p2a: Rillaboom|60\/100|[from] Grassy Terrain\n|upkeep\n|turn|23\n|\n|t:|1662713987\n|switch|p2a: Zeraora|Zeraora|100\/100\n|move|p1a: Zapdos|Roost|p1a: Zapdos\n|-heal|p1a: Zapdos|100\/100\n|-singleturn|p1a: Zapdos|move: Roost\n|\n|upkeep\n|turn|24\n|\n|t:|1662713999\n|switch|p1a: Melmetal|Melmetal, shiny|43\/100 brn\n|move|p2a: Zeraora|Bulk Up|p2a: Zeraora\n|-boost|p2a: Zeraora|atk|1\n|-boost|p2a: Zeraora|def|1\n|\n|-heal|p1a: Melmetal|49\/100 brn|[from] Grassy Terrain\n|-damage|p1a: Melmetal|43\/100 brn|[from] brn\n|upkeep\n|turn|25\n|\n|t:|1662714028\n|switch|p2a: Landorus|Landorus-Therian, M|17\/100\n|-ability|p2a: Landorus|Intimidate|boost\n|-unboost|p1a: Melmetal|atk|1\n|switch|p1a: Rillaboom|Rillaboom, M|100\/100\n|\n|-fieldend|move: Grassy Terrain\n|upkeep\n|turn|26\n|\n|t:|1662714057\n|switch|p2a: Zapdos|Zapdos|100\/100\n|move|p1a: Rillaboom|Knock Off|p2a: Zapdos\n|-damage|p2a: Zapdos|81\/100\n|\n|upkeep\n|turn|27\n|\n|t:|1662714066\n|switch|p1a: Tapu Koko|Tapu Koko|81\/100\n|-fieldstart|move: Electric Terrain|[from] ability: Electric Surge|[of] p1a: Tapu Koko\n|move|p2a: Zapdos|Volt Switch|p1a: Tapu Koko\n|-resisted|p1a: Tapu Koko\n|-damage|p1a: Tapu Koko|56\/100\n|\n|t:|1662714074\n|switch|p2a: Rillaboom|Rillaboom, M|60\/100|[from]move: Volt Switch\n|-fieldstart|move: Grassy Terrain|[from] ability: Grassy Surge|[of] p2a: Rillaboom\n|\n|-heal|p1a: Tapu Koko|62\/100|[from] Grassy Terrain\n|-heal|p2a: Rillaboom|66\/100|[from] Grassy Terrain\n|upkeep\n|turn|28\n|\n|t:|1662714096\n|switch|p1a: Zapdos|Zapdos, shiny|100\/100\n|move|p2a: Rillaboom|Grassy Glide|p1a: Zapdos\n|-resisted|p1a: Zapdos\n|-damage|p1a: Zapdos|73\/100\n|-damage|p2a: Rillaboom|57\/100|[from] item: Life Orb\n|\n|-heal|p2a: Rillaboom|63\/100|[from] Grassy Terrain\n|upkeep\n|turn|29\n|l| blinkgosu\n|l| tyrantkingdad\n|\n|t:|1662714113\n|switch|p2a: Zeraora|Zeraora|100\/100\n|move|p1a: Zapdos|Roost|p1a: Zapdos\n|-heal|p1a: Zapdos|100\/100\n|-singleturn|p1a: Zapdos|move: Roost\n|\n|upkeep\n|turn|30\n|j| docked\n|l| pikachu.2233\n|\n|t:|1662714125\n|move|p2a: Zeraora|Bulk Up|p2a: Zeraora\n|-boost|p2a: Zeraora|atk|1\n|-boost|p2a: Zeraora|def|1\n|move|p1a: Zapdos|Hurricane|p2a: Zeraora|[miss]\n|-miss|p1a: Zapdos|p2a: Zeraora\n|\n|upkeep\n|turn|31\n|\n|t:|1662714135\n|switch|p1a: Rillaboom|Rillaboom, M|100\/100\n|move|p2a: Zeraora|Plasma Fists|p1a: Rillaboom\n|-resisted|p1a: Rillaboom\n|-damage|p1a: Rillaboom|66\/100\n|-fieldactivate|move: Ion Deluge\n|-hint|Normal-type moves become Electric-type after using Plasma Fists.\n|\n|-heal|p1a: Rillaboom|72\/100|[from] Grassy Terrain\n|-heal|p1a: Rillaboom|78\/100|[from] item: Leftovers\n|-fieldend|move: Grassy Terrain\n|upkeep\n|turn|32\n|\n|t:|1662714144\n|move|p2a: Zeraora|Knock Off|p1a: Rillaboom\n|-damage|p1a: Rillaboom|35\/100\n|-enditem|p1a: Rillaboom|Leftovers|[from] move: Knock Off|[of] p2a: Zeraora\n|move|p1a: Rillaboom|Swords Dance|p1a: Rillaboom\n|-boost|p1a: Rillaboom|atk|2\n|\n|upkeep\n|turn|33\n|\n|t:|1662714149\n|move|p2a: Zeraora|Close Combat|p1a: Rillaboom\n|-damage|p1a: Rillaboom|0 fnt\n|-unboost|p2a: Zeraora|def|1\n|-unboost|p2a: Zeraora|spd|1\n|faint|p1a: Rillaboom\n|\n|upkeep\n|\n|t:|1662714156\n|switch|p1a: Zapdos|Zapdos, shiny|100\/100\n|turn|34\n|\n|t:|1662714179\n|switch|p2a: Heatran|Heatran, F|40\/100\n|move|p1a: Zapdos|Hurricane|p2a: Heatran\n|-resisted|p2a: Heatran\n|-damage|p2a: Heatran|19\/100\n|-start|p2a: Heatran|confusion\n|\n|-heal|p2a: Heatran|25\/100|[from] item: Leftovers\n|upkeep\n|turn|35\n|\n|t:|1662714198\n|-activate|p2a: Heatran|confusion\n|move|p2a: Heatran|Protect|p2a: Heatran\n|-singleturn|p2a: Heatran|Protect\n|move|p1a: Zapdos|Volt Switch|p2a: Heatran\n|-activate|p2a: Heatran|move: Protect\n|\n|-heal|p2a: Heatran|31\/100|[from] item: Leftovers\n|upkeep\n|turn|36\n|\n|t:|1662714211\n|switch|p2a: Landorus|Landorus-Therian, M|17\/100\n|-ability|p2a: Landorus|Intimidate|boost\n|-unboost|p1a: Zapdos|atk|1\n|move|p1a: Zapdos|Volt Switch|p2a: Landorus\n|-immune|p2a: Landorus\n|\n|upkeep\n|turn|37\n|\n|t:|1662714220\n|move|p1a: Zapdos|Hurricane|p2a: Landorus|[miss]\n|-miss|p1a: Zapdos|p2a: Landorus\n|move|p2a: Landorus|Stealth Rock|p1a: Zapdos\n|-sidestart|p1: reionatro|move: Stealth Rock\n|\n|upkeep\n|turn|38\n|\n|t:|1662714226\n|move|p1a: Zapdos|Defog|p2a: Landorus\n|-unboost|p2a: Landorus|evasion|1\n|-sideend|p1: reionatro|Stealth Rock|[from] move: Defog|[of] p1a: Zapdos\n|move|p2a: Landorus|Toxic|p1a: Zapdos\n|-status|p1a: Zapdos|tox\n|\n|-damage|p1a: Zapdos|94\/100 tox|[from] psn\n|upkeep\n|turn|39\n|\n|t:|1662714237\n|switch|p2a: Heatran|Heatran, F|31\/100\n|move|p1a: Zapdos|Hurricane|p2a: Heatran\n|-resisted|p2a: Heatran\n|-damage|p2a: Heatran|12\/100\n|\n|-heal|p2a: Heatran|18\/100|[from] item: Leftovers\n|-damage|p1a: Zapdos|82\/100 tox|[from] psn\n|upkeep\n|turn|40\n|\n|t:|1662714242\n|switch|p1a: Urshifu|Urshifu-Rapid-Strike, F|100\/100\n|move|p2a: Heatran|Protect||[still]\n|-fail|p2a: Heatran\n|\n|-heal|p2a: Heatran|25\/100|[from] item: Leftovers\n|upkeep\n|turn|41\n|\n|t:|1662714268\n|move|p1a: Urshifu|Close Combat|p2a: Heatran\n|-supereffective|p2a: Heatran\n|-damage|p2a: Heatran|0 fnt\n|-unboost|p1a: Urshifu|def|1\n|-unboost|p1a: Urshifu|spd|1\n|faint|p2a: Heatran\n|\n|upkeep\n|\n|t:|1662714275\n|switch|p2a: Zeraora|Zeraora|100\/100\n|turn|42\n|\n|t:|1662714282\n|switch|p1a: Tapu Koko|Tapu Koko|62\/100\n|-fieldstart|move: Electric Terrain|[from] ability: Electric Surge|[of] p1a: Tapu Koko\n|move|p2a: Zeraora|Plasma Fists|p1a: Tapu Koko\n|-resisted|p1a: Tapu Koko\n|-damage|p1a: Tapu Koko|22\/100\n|-fieldactivate|move: Ion Deluge\n|-hint|Normal-type moves become Electric-type after using Plasma Fists.\n|\n|upkeep\n|turn|43\n|\n|t:|1662714293\n|move|p2a: Zeraora|Plasma Fists|p1a: Tapu Koko\n|-resisted|p1a: Tapu Koko\n|-damage|p1a: Tapu Koko|0 fnt\n|-fieldactivate|move: Ion Deluge\n|-hint|Normal-type moves become Electric-type after using Plasma Fists.\n|faint|p1a: Tapu Koko\n|\n|upkeep\n|\n|t:|1662714301\n|switch|p1a: Zapdos|Zapdos, shiny|82\/100 tox\n|turn|44\n|\n|t:|1662714305\n|move|p2a: Zeraora|Plasma Fists|p1a: Zapdos\n|-damage|p1a: Zapdos|31\/100 tox\n|-fieldactivate|move: Ion Deluge\n|-hint|Normal-type moves become Electric-type after using Plasma Fists.\n|move|p1a: Zapdos|Hurricane|p2a: Zeraora|[miss]\n|-miss|p1a: Zapdos|p2a: Zeraora\n|\n|-damage|p1a: Zapdos|25\/100 tox|[from] psn\n|upkeep\n|turn|45\n|\n|t:|1662714309\n|move|p2a: Zeraora|Plasma Fists|p1a: Zapdos\n|-damage|p1a: Zapdos|0 fnt\n|-fieldactivate|move: Ion Deluge\n|-hint|Normal-type moves become Electric-type after using Plasma Fists.\n|faint|p1a: Zapdos\n|\n|upkeep\n|c|\u2606reionatro|gg\n|-message|reionatro forfeited.\n|\n|win|quixana\n|raw|reionatro's rating: 1896 &rarr; <strong>1868<\/strong><br \/>(-28 for losing)\n|raw|quixana's rating: 1759 &rarr; <strong>1787<\/strong><br \/>(+28 for winning)\n|c|\u2606quixana|gg\n|l| darms324\n|l| usserrnnamme\n|l| docked\n||Ladder isn't responding, score probably updated but might not have (Request timeout).\n","uploadtime":1662714322,"views":43,"p1id":"reionatro","p2id":"quixana","formatid":"gen8ou","rating":1787,"private":0,"password":null}