{"id":"gen8nationaldexag-1076191287","p1":"herpderpyerp","p2":"yhdrslb","format":"gen8nationaldexag","log":"|j|\u2606herpderpyerp\n|j|\u2606yhdrslb\n|player|p1|herpderpyerp|steven|1451\n|player|p2|yhdrslb|30|1479\n|teamsize|p1|6\n|teamsize|p2|6\n|gametype|singles\n|gen|8\n|tier|[Gen 8] National Dex AG\n|rated|\n|clearpoke\n|poke|p1|Yveltal|\n|poke|p1|Kyogre|\n|poke|p1|Arceus-*|\n|poke|p1|Groudon|\n|poke|p1|Rayquaza|\n|poke|p1|Zacian-Crowned|\n|poke|p2|Espeon, F|\n|poke|p2|Whimsicott, F|\n|poke|p2|Lugia|\n|poke|p2|Smeargle, F|\n|poke|p2|Rayquaza|\n|poke|p2|Giratina|\n|rule|HP Percentage Mod: HP is shown in percentages\n|rule|Endless Battle Clause: Forcing endless battles is banned\n|teampreview\n|\n|start\n|switch|p1a: Mochimon|Kyogre|100\/100\n|switch|p2a: Smeargle|Smeargle, F|100\/100\n|detailschange|p1a: Mochimon|Kyogre-Primal\n|-primal|p1a: Mochimon\n|-weather|PrimordialSea|[from] ability: Primordial Sea|[of] p1a: Mochimon\n|turn|1\n|j| Gogethan\n|\n|switch|p2a: Lugia|Lugia|100\/100\n|move|p1a: Mochimon|Origin Pulse|p2a: Lugia|[miss]\n|-miss|p1a: Mochimon|p2a: Lugia\n|\n|-weather|PrimordialSea|[upkeep]\n|upkeep\n|turn|2\n|\n|move|p2a: Lugia|Toxic|p1a: Mochimon\n|-status|p1a: Mochimon|tox\n|move|p1a: Mochimon|Toxic|p2a: Lugia\n|-status|p2a: Lugia|tox\n|\n|-weather|PrimordialSea|[upkeep]\n|-damage|p2a: Lugia|94\/100 tox|[from] psn\n|-damage|p1a: Mochimon|94\/100 tox|[from] psn\n|upkeep\n|turn|3\n|\n|switch|p2a: Giratina|Giratina|100\/100\n|-ability|p2a: Giratina|Pressure\n|-weather|none\n|switch|p1a: Pickle|Yveltal, shiny|100\/100\n|-ability|p1a: Pickle|Dark Aura\n|\n|upkeep\n|turn|4\n|\n|-start|p2a: Giratina|Dynamax\n|-heal|p2a: Giratina|100\/100|[silent]\n|move|p1a: Pickle|Dark Pulse|p2a: Giratina\n|-supereffective|p2a: Giratina\n|-damage|p2a: Giratina|70\/100\n|move|p2a: Giratina|Max Wyrmwind|p1a: Pickle\n|-damage|p1a: Pickle|65\/100\n|-unboost|p1a: Pickle|atk|1\n|\n|-heal|p2a: Giratina|73\/100|[from] item: Leftovers\n|upkeep\n|turn|5\n|\n|switch|p1a: Dogo 1|Zacian-Crowned|100\/100\n|-ability|p1a: Dogo 1|Intrepid Sword|boost\n|-boost|p1a: Dogo 1|atk|1\n|move|p2a: Giratina|Max Wyrmwind|p1a: Dogo 1\n|-immune|p1a: Dogo 1\n|\n|-heal|p2a: Giratina|76\/100|[from] item: Leftovers\n|upkeep\n|turn|6\n|\n|move|p2a: Giratina|Max Guard|p2a: Giratina\n|-singleturn|p2a: Giratina|Max Guard\n|move|p1a: Dogo 1|Play Rough|p2a: Giratina\n|-activate|p2a: Giratina|move: Max Guard\n|\n|-heal|p2a: Giratina|79\/100|[from] item: Leftovers\n|-end|p2a: Giratina|Dynamax\n|-heal|p2a: Giratina|79\/100|[silent]\n|upkeep\n|turn|7\n|\n|move|p1a: Dogo 1|Play Rough|p2a: Giratina\n|-supereffective|p2a: Giratina\n|-damage|p2a: Giratina|1\/100\n|move|p2a: Giratina|Will-O-Wisp|p1a: Dogo 1|[miss]\n|-miss|p2a: Giratina|p1a: Dogo 1\n|\n|-heal|p2a: Giratina|7\/100|[from] item: Leftovers\n|upkeep\n|turn|8\n|c|\u2606herpderpyerp|o my goodness\n|\n|move|p1a: Dogo 1|Crunch|p2a: Giratina\n|-supereffective|p2a: Giratina\n|-damage|p2a: Giratina|0 fnt\n|faint|p2a: Giratina\n|\n|upkeep\n|\n|switch|p2a: Smeargle|Smeargle, F|100\/100\n|turn|9\n|\n|move|p1a: Dogo 1|Behemoth Blade|p2a: Smeargle\n|-enditem|p2a: Smeargle|Focus Sash\n|-damage|p2a: Smeargle|1\/100\n|move|p2a: Smeargle|Nuzzle|p1a: Dogo 1\n|-crit|p1a: Dogo 1\n|-damage|p1a: Dogo 1|98\/100\n|-status|p1a: Dogo 1|par\n|\n|-ability|p2a: Smeargle|Moody|boost\n|-boost|p2a: Smeargle|spe|2\n|-unboost|p2a: Smeargle|atk|1\n|upkeep\n|turn|10\n|\n|move|p2a: Smeargle|Stealth Rock|p1a: Dogo 1\n|-sidestart|p1: herpderpyerp|move: Stealth Rock\n|move|p1a: Dogo 1|Behemoth Blade|p2a: Smeargle\n|-crit|p2a: Smeargle\n|-damage|p2a: Smeargle|0 fnt\n|faint|p2a: Smeargle\n|\n|upkeep\n|\n|switch|p2a: Rayquaza|Rayquaza|100\/100\n|-ability|p2a: Rayquaza|Air Lock\n|turn|11\n|\n|detailschange|p2a: Rayquaza|Rayquaza-Mega\n|-mega|p2a: Rayquaza|Rayquaza|\n|-weather|DeltaStream|[from] ability: Delta Stream|[of] p2a: Rayquaza\n|move|p2a: Rayquaza|Earthquake|p1a: Dogo 1\n|-supereffective|p1a: Dogo 1\n|-damage|p1a: Dogo 1|0 fnt\n|-damage|p2a: Rayquaza|91\/100|[from] item: Life Orb\n|faint|p1a: Dogo 1\n|\n|-weather|DeltaStream|[upkeep]\n|upkeep\n|\n|switch|p1a: CollinaWar|Rayquaza, shiny|100\/100\n|-damage|p1a: CollinaWar|75\/100|[from] Stealth Rock\n|-ability|p1a: CollinaWar|Air Lock\n|turn|12\n|\n|-weather|none\n|switch|p2a: Lugia|Lugia|94\/100 tox\n|detailschange|p1a: CollinaWar|Rayquaza-Mega, shiny\n|-mega|p1a: CollinaWar|Rayquaza|\n|-weather|DeltaStream|[from] ability: Delta Stream|[of] p1a: CollinaWar\n|move|p1a: CollinaWar|Dragon Claw|p2a: Lugia\n|-damage|p2a: Lugia|60\/100 tox\n|\n|-weather|DeltaStream|[upkeep]\n|-heal|p2a: Lugia|66\/100 tox|[from] item: Leftovers\n|-damage|p2a: Lugia|60\/100 tox|[from] psn\n|upkeep\n|turn|13\n|\n|move|p1a: CollinaWar|Extreme Speed|p2a: Lugia\n|-damage|p2a: Lugia|42\/100 tox\n|move|p2a: Lugia|Toxic|p1a: CollinaWar\n|-status|p1a: CollinaWar|tox\n|\n|-weather|DeltaStream|[upkeep]\n|-heal|p2a: Lugia|48\/100 tox|[from] item: Leftovers\n|-damage|p1a: CollinaWar|69\/100 tox|[from] psn\n|-damage|p2a: Lugia|36\/100 tox|[from] psn\n|upkeep\n|turn|14\n|\n|-weather|none\n|switch|p1a: McNugget|Groudon|100\/100\n|-damage|p1a: McNugget|94\/100|[from] Stealth Rock\n|detailschange|p1a: McNugget|Groudon-Primal\n|-primal|p1a: McNugget\n|-weather|DesolateLand|[from] ability: Desolate Land|[of] p1a: McNugget\n|switch|p2a: Espeon|Espeon, F|100\/100\n|\n|-weather|DesolateLand|[upkeep]\n|upkeep\n|turn|15\n|\n|move|p2a: Espeon|Heal Bell|p2a: Espeon\n|-activate|p2a: Espeon|move: Heal Bell\n|-curestatus|p2: Lugia|tox|[msg]\n|move|p1a: McNugget|Precipice Blades|p2a: Espeon\n|-damage|p2a: Espeon|0 fnt\n|faint|p2a: Espeon\n|\n|-weather|DesolateLand|[upkeep]\n|upkeep\n|\n|switch|p2a: Lugia|Lugia|36\/100\n|turn|16\n|\n|move|p2a: Lugia|Roost|p2a: Lugia\n|-heal|p2a: Lugia|86\/100\n|-singleturn|p2a: Lugia|move: Roost\n|move|p1a: McNugget|Stone Edge|p2a: Lugia\n|-damage|p2a: Lugia|62\/100\n|\n|-weather|DesolateLand|[upkeep]\n|-heal|p2a: Lugia|68\/100|[from] item: Leftovers\n|upkeep\n|turn|17\n|\n|move|p2a: Lugia|Roost|p2a: Lugia\n|-heal|p2a: Lugia|100\/100\n|-singleturn|p2a: Lugia|move: Roost\n|move|p1a: McNugget|Stone Edge|p2a: Lugia\n|-crit|p2a: Lugia\n|-damage|p2a: Lugia|82\/100\n|\n|-weather|DesolateLand|[upkeep]\n|-heal|p2a: Lugia|88\/100|[from] item: Leftovers\n|upkeep\n|turn|18\n|\n|-weather|none\n|switch|p1a: Mochimon|Kyogre-Primal|94\/100 tox\n|-damage|p1a: Mochimon|82\/100 tox|[from] Stealth Rock\n|-weather|PrimordialSea|[from] ability: Primordial Sea|[of] p1a: Mochimon\n|move|p2a: Lugia|Toxic|p1a: Mochimon\n|-fail|p1a: Mochimon|tox\n|\n|-weather|PrimordialSea|[upkeep]\n|-heal|p2a: Lugia|94\/100|[from] item: Leftovers\n|-damage|p1a: Mochimon|76\/100 tox|[from] psn\n|upkeep\n|turn|19\n|\n|move|p2a: Lugia|Substitute|p2a: Lugia\n|-start|p2a: Lugia|Substitute\n|-damage|p2a: Lugia|69\/100\n|move|p1a: Mochimon|Toxic||[still]\n|-fail|p1a: Mochimon\n|\n|-weather|PrimordialSea|[upkeep]\n|-heal|p2a: Lugia|75\/100|[from] item: Leftovers\n|-damage|p1a: Mochimon|63\/100 tox|[from] psn\n|upkeep\n|turn|20\n|\n|move|p2a: Lugia|Roost|p2a: Lugia\n|-heal|p2a: Lugia|100\/100\n|-singleturn|p2a: Lugia|move: Roost\n|move|p1a: Mochimon|Thunder|p2a: Lugia\n|-activate|p2a: Lugia|move: Substitute|[damage]\n|\n|-weather|PrimordialSea|[upkeep]\n|-damage|p1a: Mochimon|45\/100 tox|[from] psn\n|upkeep\n|turn|21\n|\n|move|p2a: Lugia|Toxic|p1a: Mochimon\n|-fail|p1a: Mochimon|tox\n|move|p1a: Mochimon|Thunder|p2a: Lugia\n|-supereffective|p2a: Lugia\n|-end|p2a: Lugia|Substitute\n|\n|-weather|PrimordialSea|[upkeep]\n|-damage|p1a: Mochimon|20\/100 tox|[from] psn\n|upkeep\n|turn|22\n|\n|move|p2a: Lugia|Substitute|p2a: Lugia\n|-start|p2a: Lugia|Substitute\n|-damage|p2a: Lugia|76\/100\n|move|p1a: Mochimon|Thunder|p2a: Lugia\n|-supereffective|p2a: Lugia\n|-end|p2a: Lugia|Substitute\n|\n|-weather|PrimordialSea|[upkeep]\n|-heal|p2a: Lugia|82\/100|[from] item: Leftovers\n|-damage|p1a: Mochimon|0 fnt|[from] psn\n|faint|p1a: Mochimon\n|-weather|none\n|upkeep\n|\n|switch|p1a: Fluffy|Arceus|100\/100\n|-damage|p1a: Fluffy|88\/100|[from] Stealth Rock\n|turn|23\n|\n|move|p1a: Fluffy|Extreme Speed|p2a: Lugia\n|-damage|p2a: Lugia|64\/100\n|move|p2a: Lugia|Toxic|p1a: Fluffy\n|-status|p1a: Fluffy|tox\n|\n|-heal|p1a: Fluffy|94\/100 tox|[from] item: Leftovers\n|-heal|p2a: Lugia|70\/100|[from] item: Leftovers\n|-damage|p1a: Fluffy|88\/100 tox|[from] psn\n|upkeep\n|turn|24\n|\n|move|p1a: Fluffy|Toxic|p2a: Lugia\n|-status|p2a: Lugia|tox\n|move|p2a: Lugia|Roost|p2a: Lugia\n|-heal|p2a: Lugia|100\/100 tox\n|-singleturn|p2a: Lugia|move: Roost\n|\n|-heal|p1a: Fluffy|94\/100 tox|[from] item: Leftovers\n|-damage|p1a: Fluffy|82\/100 tox|[from] psn\n|-damage|p2a: Lugia|94\/100 tox|[from] psn\n|upkeep\n|turn|25\n|\n|switch|p1a: McNugget|Groudon-Primal|94\/100\n|-damage|p1a: McNugget|82\/100|[from] Stealth Rock\n|-weather|DesolateLand|[from] ability: Desolate Land|[of] p1a: McNugget\n|move|p2a: Lugia|Substitute|p2a: Lugia\n|-start|p2a: Lugia|Substitute\n|-damage|p2a: Lugia|70\/100 tox\n|\n|-weather|DesolateLand|[upkeep]\n|-heal|p2a: Lugia|76\/100 tox|[from] item: Leftovers\n|-damage|p2a: Lugia|64\/100 tox|[from] psn\n|upkeep\n|turn|26\n|\n|move|p2a: Lugia|Toxic|p1a: McNugget\n|-status|p1a: McNugget|tox\n|move|p1a: McNugget|Fire Punch|p2a: Lugia\n|-end|p2a: Lugia|Substitute\n|\n|-weather|DesolateLand|[upkeep]\n|-heal|p2a: Lugia|70\/100 tox|[from] item: Leftovers\n|-damage|p2a: Lugia|51\/100 tox|[from] psn\n|-damage|p1a: McNugget|76\/100 tox|[from] psn\n|upkeep\n|turn|27\n|\n|switch|p2a: Rayquaza|Rayquaza-Mega|91\/100\n|-weather|DeltaStream|[from] ability: Delta Stream|[of] p2a: Rayquaza\n|move|p1a: McNugget|Precipice Blades|p2a: Rayquaza\n|-immune|p2a: Rayquaza\n|\n|-weather|DeltaStream|[upkeep]\n|-damage|p1a: McNugget|64\/100 tox|[from] psn\n|upkeep\n|turn|28\n|\n|move|p2a: Rayquaza|Dragon Dance|p2a: Rayquaza\n|-boost|p2a: Rayquaza|atk|1\n|-boost|p2a: Rayquaza|spe|1\n|move|p1a: McNugget|Dragon Claw|p2a: Rayquaza\n|-supereffective|p2a: Rayquaza\n|-damage|p2a: Rayquaza|20\/100\n|\n|-weather|DeltaStream|[upkeep]\n|-damage|p1a: McNugget|45\/100 tox|[from] psn\n|upkeep\n|turn|29\n|\n|move|p2a: Rayquaza|Earthquake|p1a: McNugget\n|-supereffective|p1a: McNugget\n|-damage|p1a: McNugget|0 fnt\n|-damage|p2a: Rayquaza|10\/100|[from] item: Life Orb\n|faint|p1a: McNugget\n|\n|-weather|DeltaStream|[upkeep]\n|upkeep\n|\n|switch|p1a: CollinaWar|Rayquaza-Mega, shiny|69\/100 tox\n|-damage|p1a: CollinaWar|44\/100 tox|[from] Stealth Rock\n|turn|30\n|-message|yhdrslb forfeited.\n|\n|win|herpderpyerp\n|l|\u2606yhdrslb\n||Ladder (probably) updated, but score could not be retrieved (Response not received).\n","uploadtime":1583777121,"views":4,"p1id":"herpderpyerp","p2id":"yhdrslb","formatid":"gen8nationaldexag","rating":0,"private":0,"password":null}