{"id":"gen8vgc2021-1291064181","p1":"Hanasenju15","p2":"bhkg","format":"gen8vgc2021","log":"|j|\u2606Hanasenju15\n|j|\u2606bhkg\n|t:|1614454646\n|player|p1|Hanasenju15|dawn|\n|player|p2|bhkg|cynthia-gen4|\n|teamsize|p1|6\n|teamsize|p2|6\n|gametype|doubles\n|gen|8\n|tier|[Gen 8] VGC 2021\n|rule|Species Clause: Limit one of each Pok\u00e9mon\n|rule|Item Clause: Limit one of each item\n|clearpoke\n|poke|p1|Squirtle, L50, M|\n|poke|p1|Fletchling, L50, M|\n|poke|p1|Pichu, L50, F|\n|poke|p1|Growlithe, L50, F|\n|poke|p1|Pawniard, L50, M|\n|poke|p1|Grookey, L50, F|\n|poke|p2|Budew, L50, M|\n|poke|p2|Feebas, L50, M|\n|poke|p2|Togepi, L50, M|\n|poke|p2|Gible, L50, F|\n|poke|p2|Riolu, L50, M|\n|poke|p2|Rufflet, L50, M|\n|teampreview|4\n|c|\u2606Hanasenju15|Glhf!\n|c|\u2606bhkg|Glhf\n|\n|t:|1614454678\n|start\n|switch|p1a: Squirtle|Squirtle, L50, M|100\/100\n|switch|p1b: Fletchling|Fletchling, L50, M|100\/100\n|switch|p2a: Rufflet|Rufflet, L50, M, shiny|100\/100\n|switch|p2b: Feebas|Feebas, L50, M|100\/100\n|turn|1\n|\n|t:|1614454709\n|-start|p2a: Rufflet|Dynamax\n|-heal|p2a: Rufflet|100\/100|[silent]\n|move|p1b: Fletchling|Tailwind|p1b: Fletchling\n|-sidestart|p1: Hanasenju15|move: Tailwind\n|move|p1a: Squirtle|Water Spout|p2a: Rufflet|[spread] p2a,p2b\n|-resisted|p2b: Feebas\n|-damage|p2a: Rufflet|58\/100\n|-damage|p2b: Feebas|56\/100\n|move|p2b: Feebas|Icy Wind|p1a: Squirtle|[spread] p1a,p1b\n|-resisted|p1a: Squirtle\n|-supereffective|p1b: Fletchling\n|-damage|p1a: Squirtle|98\/100\n|-damage|p1b: Fletchling|86\/100\n|-unboost|p1a: Squirtle|spe|1\n|-unboost|p1b: Fletchling|spe|1\n|move|p2a: Rufflet|Max Airstream|p1a: Squirtle\n|-damage|p1a: Squirtle|0 fnt\n|-boost|p2a: Rufflet|spe|1\n|-boost|p2b: Feebas|spe|1\n|-damage|p2a: Rufflet|53\/100|[from] item: Life Orb\n|faint|p1a: Squirtle\n|\n|upkeep\n|\n|t:|1614454745\n|switch|p1a: Growlithe|Growlithe, L50, F|100\/100\n|turn|2\n|\n|t:|1614454757\n|-start|p1a: Growlithe|Dynamax\n|-heal|p1a: Growlithe|100\/100|[silent]\n|move|p1b: Fletchling|Protect|p1b: Fletchling\n|-singleturn|p1b: Fletchling|Protect\n|move|p1a: Growlithe|Max Lightning|p2a: Rufflet\n|-supereffective|p2a: Rufflet\n|-damage|p2a: Rufflet|0 fnt\n|-fieldstart|move: Electric Terrain\n|faint|p2a: Rufflet\n|move|p2b: Feebas|Light Screen|p2b: Feebas\n|-sidestart|p2: bhkg|move: Light Screen\n|\n|upkeep\n|\n|t:|1614454767\n|switch|p2a: Gible|Gible, L50, F|100\/100\n|turn|3\n|\n|t:|1614454781\n|move|p2a: Gible|Protect|p2a: Gible\n|-singleturn|p2a: Gible|Protect\n|move|p1a: Growlithe|Max Lightning|p2b: Feebas\n|-supereffective|p2b: Feebas\n|-damage|p2b: Feebas|0 fnt\n|faint|p2b: Feebas\n|move|p1b: Fletchling|Will-O-Wisp|p2a: Gible\n|-activate|p2a: Gible|move: Protect\n|\n|upkeep\n|\n|t:|1614454785\n|switch|p2b: Budew|Budew, L50, M, shiny|100\/100\n|turn|4\n|\n|t:|1614454796\n|move|p1a: Growlithe|Max Flare|p2b: Budew\n|-supereffective|p2b: Budew\n|-damage|p2b: Budew|0 fnt\n|-weather|SunnyDay\n|faint|p2b: Budew\n|move|p1b: Fletchling|Will-O-Wisp|p2a: Gible\n|-status|p2a: Gible|brn\n|move|p2a: Gible|Earthquake|p1b: Fletchling|[spread] p1a\n|-immune|p1b: Fletchling\n|-supereffective|p1a: Growlithe\n|-damage|p1a: Growlithe|74\/100\n|\n|-weather|SunnyDay|[upkeep]\n|-damage|p2a: Gible|94\/100 brn|[from] brn\n|-sideend|p1: Hanasenju15|move: Tailwind\n|-end|p1a: Growlithe|Dynamax\n|-heal|p1a: Growlithe|74\/100|[silent]\n|upkeep\n|turn|5\n|\n|t:|1614454816\n|move|p1a: Growlithe|Flare Blitz|p2a: Gible\n|-resisted|p2a: Gible\n|-damage|p2a: Gible|26\/100 brn\n|-damage|p1a: Growlithe|62\/100|[from] ability: Rough Skin|[of] p2a: Gible\n|-damage|p1a: Growlithe|33\/100|[from] Recoil\n|move|p1b: Fletchling|Dual Wingbeat|p2a: Gible\n|-damage|p2a: Gible|2\/100 brn\n|-damage|p1b: Fletchling|73\/100|[from] ability: Rough Skin|[of] p2a: Gible\n|-damage|p2a: Gible|0 fnt\n|-damage|p1b: Fletchling|61\/100|[from] ability: Rough Skin|[of] p2a: Gible\n|-hitcount|p2a: Gible|2\n|faint|p2a: Gible\n|\n|win|Hanasenju15\n|c|\u2606bhkg|gg up to do another do a bo3\n|c|\u2606Hanasenju15|gg! And yup\n|c|\u2606Hanasenju15|I\u2019ll just post replay quicky\n|c|\u2606Hanasenju15|quickly*\n","uploadtime":1614454842,"views":10,"p1id":"hanasenju15","p2id":"bhkg","formatid":"gen8vgc2021","rating":0,"private":0,"password":null}