{"id":"gen8ou-1139971547","p1":"OldBoyASM","p2":"choco lozano","format":"gen8ou","log":"|j|\u2606OldBoyASM\n|j|\u2606choco lozano\n|player|p1|OldBoyASM|235|1136\n|player|p2|choco lozano|lucas|1093\n|teamsize|p1|6\n|teamsize|p2|6\n|gametype|singles\n|gen|8\n|tier|[Gen 8] OU\n|rated|\n|clearpoke\n|poke|p1|Alakazam, F|\n|poke|p1|Indeedee, M|\n|poke|p1|Chansey, F|\n|poke|p1|Scizor, F|\n|poke|p1|Clefable, F|\n|poke|p1|Kommo-o, F|\n|poke|p2|Shiftry, F|\n|poke|p2|Clawitzer, F|\n|poke|p2|Indeedee, M|\n|poke|p2|Lickilicky, M|\n|poke|p2|Mandibuzz, F|\n|poke|p2|Tangrowth, F|\n|rule|Sleep Clause Mod: Limit one foe put to sleep\n|rule|Species Clause: Limit one of each Pok\u00e9mon\n|rule|OHKO Clause: OHKO moves are banned\n|rule|Evasion Moves Clause: Evasion moves are banned\n|rule|Endless Battle Clause: Forcing endless battles is banned\n|rule|HP Percentage Mod: HP is shown in percentages\n|rule|Dynamax Clause: You cannot dynamax\n|teampreview\n|inactive|Battle timer is ON: inactive players will automatically lose when time's up. (requested by choco lozano)\n|\n|start\n|switch|p1a: Clefable|Clefable, F|100\/100\n|switch|p2a: Indeedee|Indeedee, M|100\/100\n|-fieldstart|move: Psychic Terrain|[from] ability: Psychic Surge|[of] p2a: Indeedee\n|turn|1\n|\n|switch|p2a: Lickilicky|Lickilicky, M|100\/100\n|move|p1a: Clefable|Stealth Rock|p2a: Lickilicky\n|-sidestart|p2: choco lozano|move: Stealth Rock\n|\n|upkeep\n|turn|2\n|\n|move|p2a: Lickilicky|Steel Roller|p1a: Clefable\n|-supereffective|p1a: Clefable\n|-damage|p1a: Clefable|14\/100\n|-fieldend|move: Psychic Terrain\n|move|p1a: Clefable|Thunder Wave|p2a: Lickilicky\n|-status|p2a: Lickilicky|par\n|\n|-heal|p1a: Clefable|20\/100|[from] item: Leftovers\n|upkeep\n|turn|3\n|\n|switch|p2a: Clawitzer|Clawitzer, F|100\/100\n|-damage|p2a: Clawitzer|88\/100|[from] Stealth Rock\n|move|p1a: Clefable|Thunder Wave|p2a: Clawitzer\n|-status|p2a: Clawitzer|par\n|\n|-heal|p1a: Clefable|26\/100|[from] item: Leftovers\n|upkeep\n|turn|4\n|\n|move|p1a: Clefable|Soft-Boiled|p1a: Clefable\n|-heal|p1a: Clefable|76\/100\n|move|p2a: Clawitzer|Water Pulse|p1a: Clefable\n|-damage|p1a: Clefable|12\/100\n|\n|-heal|p1a: Clefable|18\/100|[from] item: Leftovers\n|upkeep\n|turn|5\n|\n|switch|p1a: Chansey|Chansey, F|100\/100\n|switch|p2a: Lickilicky|Lickilicky, M|100\/100 par\n|-damage|p2a: Lickilicky|88\/100 par|[from] Stealth Rock\n|\n|upkeep\n|turn|6\n|\n|switch|p2a: Tangrowth|Tangrowth, F|100\/100\n|-damage|p2a: Tangrowth|88\/100|[from] Stealth Rock\n|move|p1a: Chansey|Wish|p1a: Chansey\n|\n|upkeep\n|turn|7\n|\n|move|p2a: Tangrowth|Earthquake|p1a: Chansey\n|-damage|p1a: Chansey|87\/100\n|move|p1a: Chansey|Toxic|p2a: Tangrowth\n|-status|p2a: Tangrowth|tox\n|\n|-heal|p1a: Chansey|100\/100|[from] move: Wish|[wisher] Chansey\n|-damage|p2a: Tangrowth|82\/100 tox|[from] psn\n|upkeep\n|turn|8\n|\n|move|p2a: Tangrowth|Knock Off|p1a: Chansey\n|-damage|p1a: Chansey|87\/100\n|-enditem|p1a: Chansey|Eviolite|[from] move: Knock Off|[of] p2a: Tangrowth\n|move|p1a: Chansey|Wish|p1a: Chansey\n|\n|-damage|p2a: Tangrowth|70\/100 tox|[from] psn\n|upkeep\n|turn|9\n|\n|switch|p1a: Clefable|Clefable, F|18\/100\n|move|p2a: Tangrowth|Giga Drain|p1a: Clefable\n|-damage|p1a: Clefable|0 fnt\n|-heal|p2a: Tangrowth|79\/100 tox|[from] drain|[of] p1a: Clefable\n|faint|p1a: Clefable\n|\n|-damage|p2a: Tangrowth|61\/100 tox|[from] psn\n|upkeep\n|\n|switch|p1a: Indeedee|Indeedee, M|100\/100\n|-fieldstart|move: Psychic Terrain|[from] ability: Psychic Surge|[of] p1a: Indeedee\n|turn|10\n|\n|switch|p2a: Mandibuzz|Mandibuzz, F|100\/100\n|move|p1a: Indeedee|Hyper Voice|p2a: Mandibuzz\n|-damage|p2a: Mandibuzz|76\/100\n|\n|upkeep\n|turn|11\n|\n|switch|p1a: Chansey|Chansey, F|87\/100\n|move|p2a: Mandibuzz|Defog|p1a: Chansey\n|-unboost|p1a: Chansey|evasion|1\n|-sideend|p2: choco lozano|Stealth Rock|[from] move: Defog|[of] p2a: Mandibuzz\n|-fieldend|move: Psychic Terrain\n|\n|upkeep\n|turn|12\n|\n|switch|p2a: Lickilicky|Lickilicky, M|88\/100 par\n|move|p1a: Chansey|Toxic||[still]\n|-fail|p1a: Chansey\n|\n|upkeep\n|turn|13\n|\n|move|p1a: Chansey|Wish|p1a: Chansey\n|move|p2a: Lickilicky|Explosion|p1a: Chansey\n|-crit|p1a: Chansey\n|-damage|p1a: Chansey|0 fnt\n|faint|p2a: Lickilicky\n|faint|p1a: Chansey\n|\n|upkeep\n|\n|switch|p2a: Indeedee|Indeedee, M|100\/100\n|switch|p1a: Kommo-o|Kommo-o, F|100\/100\n|-fieldstart|move: Psychic Terrain|[from] ability: Psychic Surge|[of] p2a: Indeedee\n|turn|14\n|\n|switch|p1a: Scizor|Scizor, F|100\/100\n|move|p2a: Indeedee|Dazzling Gleam|p1a: Scizor\n|-resisted|p1a: Scizor\n|-crit|p1a: Scizor\n|-damage|p1a: Scizor|80\/100\n|\n|-heal|p1a: Scizor|100\/100|[from] move: Wish|[wisher] Chansey\n|upkeep\n|turn|15\n|\n|switch|p2a: Tangrowth|Tangrowth, F|94\/100 tox\n|move|p1a: Scizor|U-turn|p2a: Tangrowth\n|-supereffective|p2a: Tangrowth\n|-damage|p2a: Tangrowth|59\/100 tox\n|-damage|p1a: Scizor|84\/100|[from] item: Rocky Helmet|[of] p2a: Tangrowth\n|\n|switch|p1a: Indeedee|Indeedee, M|100\/100|[from]move: U-turn\n|\n|-damage|p2a: Tangrowth|53\/100 tox|[from] psn\n|upkeep\n|turn|16\n|\n|switch|p1a: Kommo-o|Kommo-o, F|100\/100\n|switch|p2a: Mandibuzz|Mandibuzz, F|76\/100\n|\n|upkeep\n|turn|17\n|\n|move|p1a: Kommo-o|Dragon Dance|p1a: Kommo-o\n|-boost|p1a: Kommo-o|atk|1\n|-boost|p1a: Kommo-o|spe|1\n|move|p2a: Mandibuzz|Toxic|p1a: Kommo-o\n|-status|p1a: Kommo-o|tox\n|\n|-damage|p1a: Kommo-o|94\/100 tox|[from] psn\n|upkeep\n|turn|18\n|\n|switch|p2a: Tangrowth|Tangrowth, F|87\/100 tox\n|move|p1a: Kommo-o|Dragon Dance|p1a: Kommo-o\n|-boost|p1a: Kommo-o|atk|1\n|-boost|p1a: Kommo-o|spe|1\n|\n|-damage|p1a: Kommo-o|82\/100 tox|[from] psn\n|-damage|p2a: Tangrowth|81\/100 tox|[from] psn\n|-fieldend|move: Psychic Terrain\n|upkeep\n|turn|19\n|\n|move|p1a: Kommo-o|Close Combat|p2a: Tangrowth\n|-damage|p2a: Tangrowth|8\/100 tox\n|-unboost|p1a: Kommo-o|def|1\n|-unboost|p1a: Kommo-o|spd|1\n|-damage|p1a: Kommo-o|65\/100 tox|[from] item: Rocky Helmet|[of] p2a: Tangrowth\n|-damage|p1a: Kommo-o|55\/100 tox|[from] item: Life Orb\n|move|p2a: Tangrowth|Earthquake|p1a: Kommo-o\n|-damage|p1a: Kommo-o|27\/100 tox\n|\n|-damage|p1a: Kommo-o|8\/100 tox|[from] psn\n|-damage|p2a: Tangrowth|0 fnt|[from] psn\n|faint|p2a: Tangrowth\n|upkeep\n|\n|switch|p2a: Shiftry|Shiftry, F|100\/100\n|turn|20\n|\n|switch|p1a: Indeedee|Indeedee, M|100\/100\n|-fieldstart|move: Psychic Terrain|[from] ability: Psychic Surge|[of] p1a: Indeedee\n|move|p2a: Shiftry|Sucker Punch||[still]\n|-fail|p2a: Shiftry\n|\n|upkeep\n|turn|21\n|\n|move|p1a: Indeedee|Aromatherapy|p1a: Indeedee\n|-activate|p1a: Indeedee|move: Aromatherapy\n|-curestatus|p1: Kommo-o|tox|[msg]\n|move|p2a: Shiftry|Solar Blade||[still]\n|-prepare|p2a: Shiftry|Solar Blade|p1a: Indeedee\n|-enditem|p2a: Shiftry|Power Herb\n|-anim|p2a: Shiftry|Solar Blade|p1a: Indeedee\n|-damage|p1a: Indeedee|0 fnt\n|faint|p1a: Indeedee\n|\n|upkeep\n|\n|switch|p1a: Alakazam|Alakazam, F|100\/100\n|turn|22\n|\n|switch|p2a: Mandibuzz|Mandibuzz, F|76\/100\n|move|p1a: Alakazam|Focus Blast|p2a: Mandibuzz\n|-crit|p2a: Mandibuzz\n|-damage|p2a: Mandibuzz|35\/100\n|\n|upkeep\n|turn|23\n|\n|move|p1a: Alakazam|Nasty Plot|p1a: Alakazam\n|-boost|p1a: Alakazam|spa|2\n|move|p2a: Mandibuzz|Roost|p2a: Mandibuzz\n|-heal|p2a: Mandibuzz|85\/100\n|-singleturn|p2a: Mandibuzz|move: Roost\n|\n|upkeep\n|turn|24\n|\n|move|p1a: Alakazam|Focus Blast|p2a: Mandibuzz\n|-damage|p2a: Mandibuzz|36\/100\n|move|p2a: Mandibuzz|Brave Bird|p1a: Alakazam\n|-damage|p1a: Alakazam|20\/100\n|-damage|p2a: Mandibuzz|20\/100|[from] Recoil\n|\n|upkeep\n|turn|25\n|\n|move|p1a: Alakazam|Focus Blast|p2a: Mandibuzz|[miss]\n|-miss|p1a: Alakazam|p2a: Mandibuzz\n|move|p2a: Mandibuzz|Brave Bird|p1a: Alakazam\n|-damage|p1a: Alakazam|0 fnt\n|-damage|p2a: Mandibuzz|16\/100|[from] Recoil\n|faint|p1a: Alakazam\n|\n|upkeep\n|\n|switch|p1a: Kommo-o|Kommo-o, F|8\/100\n|turn|26\n|\n|move|p1a: Kommo-o|Close Combat|p2a: Mandibuzz\n|-damage|p2a: Mandibuzz|0 fnt\n|-unboost|p1a: Kommo-o|def|1\n|-unboost|p1a: Kommo-o|spd|1\n|-damage|p1a: Kommo-o|0 fnt|[from] item: Life Orb\n|faint|p2a: Mandibuzz\n|faint|p1a: Kommo-o\n|\n|upkeep\n|\n|switch|p1a: Scizor|Scizor, F|84\/100\n|switch|p2a: Indeedee|Indeedee, M|100\/100\n|turn|27\n|\n|move|p2a: Indeedee|Mystical Fire|p1a: Scizor\n|-supereffective|p1a: Scizor\n|-damage|p1a: Scizor|0 fnt\n|faint|p1a: Scizor\n|\n|win|choco lozano\n|raw|OldBoyASM's rating: 1136 &rarr; <strong>1108<\/strong><br \/>(-28 for losing)\n|raw|choco lozano's rating: 1093 &rarr; <strong>1122<\/strong><br \/>(+29 for winning)\n|l|\u2606OldBoyASM\n","uploadtime":1593163359,"views":7,"p1id":"oldboyasm","p2id":"chocolozano","formatid":"gen8ou","rating":1108,"private":0,"password":null}