{"id":"gen8ou-1686833892","p1":"Pinkacross","p2":"Dr. Elite","format":"gen8ou","log":"|j|\u2606Pinkacross\n|j|\u2606Dr. Elite\n|inactive|Battle timer is ON: inactive players will automatically lose when time's up.\n|t:|1665887520\n|gametype|singles\n|player|p1|Pinkacross|266|\n|player|p2|Dr. Elite|#drelite|\n|teamsize|p1|6\n|teamsize|p2|6\n|gen|8\n|tier|[Gen 8] OU\n|rated|Tournament battle\n|rule|Sleep Clause Mod: Limit one foe put to sleep\n|rule|Species Clause: Limit one of each Pok\u00e9mon\n|rule|OHKO Clause: OHKO moves are banned\n|rule|Evasion Items Clause: Evasion items are banned\n|rule|Evasion Moves Clause: Evasion moves are banned\n|rule|Endless Battle Clause: Forcing endless battles is banned\n|rule|HP Percentage Mod: HP is shown in percentages\n|rule|Dynamax Clause: You cannot dynamax\n|clearpoke\n|poke|p1|Regieleki|\n|poke|p1|Magnezone|\n|poke|p1|Tapu Koko|\n|poke|p1|Lanturn, F|\n|poke|p1|Diglett-Alola, M|\n|poke|p1|Hatterene, F|\n|poke|p2|Primarina, F|\n|poke|p2|Comfey, F|\n|poke|p2|Togekiss, M|\n|poke|p2|Hatterene, F|\n|poke|p2|Klefki, F|\n|poke|p2|Gardevoir, F|\n|teampreview\n|j| eXgirlXjeze\n|j| shxwk\n|l| eXgirlXjeze\n|c|\u2606Pinkacross|hf\n|c|\u2606Dr. Elite|Thank you\n|j| HYper\n|\n|t:|1665887541\n|start\n|switch|p1a: Tapu Koko|Tapu Koko|100\/100\n|switch|p2a: Goodness|Gardevoir, F|100\/100\n|-ability|p2a: Goodness|Electric Surge|[from] ability: Trace|[of] p1a: Tapu Koko\n|-fieldstart|move: Electric Terrain|[from] ability: Electric Surge|[of] p2a: Goodness\n|turn|1\n|j|%htcl\n|j| eXgirlXjeze\n|\n|t:|1665887559\n|move|p2a: Goodness|Moonblast|p1a: Tapu Koko\n|-damage|p1a: Tapu Koko|30\/100\n|move|p1a: Tapu Koko|Taunt|p2a: Goodness\n|-start|p2a: Goodness|move: Taunt\n|\n|upkeep\n|turn|2\n|\n|t:|1665887564\n|switch|p2a: Peace|Togekiss, M|100\/100\n|switch|p1a: Lanturn|Lanturn, F|100\/100\n|\n|upkeep\n|turn|3\n|j| d18l\n|\n|t:|1665887575\n|switch|p2a: Goodness|Gardevoir, F|100\/100\n|-ability|p2a: Goodness|Water Absorb|[from] ability: Trace|[of] p1a: Lanturn\n|move|p1a: Lanturn|Volt Switch|p2a: Goodness\n|-damage|p2a: Goodness|62\/100\n|\n|t:|1665887577\n|switch|p1a: Regieleki|Regieleki|100\/100|[from]move: Volt Switch\n|\n|upkeep\n|turn|4\n|\n|t:|1665887581\n|switch|p2a: Kindness|Klefki, F|100\/100\n|move|p1a: Regieleki|Rising Voltage|p2a: Kindness\n|-hint|Rising Voltage's BP doubled on grounded target.\n|-crit|p2a: Kindness\n|-damage|p2a: Kindness|0 fnt\n|faint|p2a: Kindness\n|\n|upkeep\n|c|\u2606Dr. Elite|Oh.\n|c|\u2606Dr. Elite|I guess I get a taste.\n|\n|t:|1665887606\n|switch|p2a: Love|Primarina, F|100\/100\n|turn|5\n|\n|t:|1665887608\n|move|p1a: Regieleki|Rising Voltage|p2a: Love\n|-hint|Rising Voltage's BP doubled on grounded target.\n|-supereffective|p2a: Love\n|-damage|p2a: Love|0 fnt\n|faint|p2a: Love\n|\n|-fieldend|move: Electric Terrain\n|upkeep\n|\n|t:|1665887613\n|switch|p2a: Patience|Hatterene, F|100\/100\n|turn|6\n|\n|t:|1665887615\n|switch|p1a: Magnezone|Magnezone|100\/100\n|move|p2a: Patience|Trick Room|p2a: Patience\n|-fieldstart|move: Trick Room|[of] p2a: Patience\n|\n|upkeep\n|turn|7\n|j| Nebula27\n|j| ywa1n\n|\n|t:|1665887631\n|move|p2a: Patience|Calm Mind|p2a: Patience\n|-boost|p2a: Patience|spa|1\n|-boost|p2a: Patience|spd|1\n|move|p1a: Magnezone|Flash Cannon|p2a: Patience\n|-supereffective|p2a: Patience\n|-damage|p2a: Patience|50\/100\n|\n|upkeep\n|turn|8\n|\n|t:|1665887646\n|move|p2a: Patience|Draining Kiss|p1a: Magnezone\n|-resisted|p1a: Magnezone\n|-damage|p1a: Magnezone|79\/100\n|-heal|p2a: Patience|64\/100|[from] drain|[of] p1a: Magnezone\n|move|p1a: Magnezone|Flash Cannon|p2a: Patience\n|-supereffective|p2a: Patience\n|-damage|p2a: Patience|18\/100\n|-enditem|p2a: Patience|Wiki Berry|[eat]\n|-heal|p2a: Patience|51\/100|[from] item: Wiki Berry\n|\n|upkeep\n|turn|9\n|\n|t:|1665887654\n|move|p2a: Patience|Calm Mind|p2a: Patience\n|-boost|p2a: Patience|spa|1\n|-boost|p2a: Patience|spd|1\n|move|p1a: Magnezone|Flash Cannon|p2a: Patience\n|-supereffective|p2a: Patience\n|-damage|p2a: Patience|11\/100\n|\n|upkeep\n|turn|10\n|\n|t:|1665887658\n|move|p2a: Patience|Stored Power|p1a: Magnezone\n|-resisted|p1a: Magnezone\n|-crit|p1a: Magnezone\n|-damage|p1a: Magnezone|0 fnt\n|faint|p1a: Magnezone\n|\n|-fieldend|move: Trick Room\n|upkeep\n|j| super dangerous\n|\n|t:|1665887677\n|switch|p1a: Tapu Koko|Tapu Koko|30\/100\n|-fieldstart|move: Electric Terrain|[from] ability: Electric Surge|[of] p1a: Tapu Koko\n|turn|11\n|\n|t:|1665887680\n|move|p1a: Tapu Koko|U-turn|p2a: Patience\n|-damage|p2a: Patience|0 fnt\n|faint|p2a: Patience\n|\n|t:|1665887682\n|switch|p1a: Regieleki|Regieleki|100\/100|[from]move: U-turn\n|\n|upkeep\n|l| ywa1n\n|\n|t:|1665887696\n|switch|p2a: Goodness|Gardevoir, F|62\/100\n|-ability|p2a: Goodness|Transistor|[from] ability: Trace|[of] p1a: Regieleki\n|turn|12\n|\n|t:|1665887701\n|move|p1a: Regieleki|Rising Voltage|p2a: Goodness\n|-hint|Rising Voltage's BP doubled on grounded target.\n|-damage|p2a: Goodness|0 fnt\n|faint|p2a: Goodness\n|\n|upkeep\n|c|\u2606Pinkacross|I think this is gg\n|c|\u2606Dr. Elite|I think so.\n|\n|t:|1665887718\n|switch|p2a: Peace|Togekiss, M|100\/100\n|turn|13\n|l| super dangerous\n|j| NeonJolteonWasUsed\n|\n|t:|1665887735\n|move|p1a: Regieleki|Rising Voltage|p2a: Peace\n|-supereffective|p2a: Peace\n|-damage|p2a: Peace|0 fnt\n|faint|p2a: Peace\n|\n|upkeep\n|\n|t:|1665887739\n|switch|p2a: Joy|Comfey, F, shiny|100\/100\n|turn|14\n|c|\u2606Pinkacross|gg\n|\n|t:|1665887741\n|move|p1a: Regieleki|Rising Voltage|p2a: Joy\n|-hint|Rising Voltage's BP doubled on grounded target.\n|-damage|p2a: Joy|0 fnt\n|faint|p2a: Joy\n|\n|win|Pinkacross\n|n|\u2606Pinkacross|pinkacross\n|n|\u2606Dr. Elite|drelite\n|n| shxwk|shxwk\n|n| HYper|hyper\n|n| htcl|htcl\n|n| eXgirlXjeze|exgirlxjeze\n|n| d18l|d18l\n|n| Nebula27|nebula27\n|n| NeonJolteonWasUsed|neonjolteonwasused\n","uploadtime":1665887747,"views":64,"p1id":"pinkacross","p2id":"drelite","formatid":"gen8ou","rating":0,"private":0,"password":null}