{"id":"gen8uu-1044933781","p1":"TryHonesty","p2":"Leo564c","format":"gen8uu","log":"|j|\u2606TryHonesty\n|j|\u2606Leo564c\n|player|p1|TryHonesty|266|1053\n|player|p2|Leo564c|hugh|1114\n|teamsize|p1|6\n|teamsize|p2|6\n|gametype|singles\n|gen|8\n|tier|[Gen 8] UU\n|rated|\n|clearpoke\n|poke|p1|Xatu, M|\n|poke|p1|Shedinja|\n|poke|p1|Type: Null|\n|poke|p1|Weavile, M|\n|poke|p1|Crawdaunt, F|\n|poke|p1|Lucario, M|\n|poke|p2|Gengar, M|\n|poke|p2|Eldegoss, F|\n|poke|p2|Perrserker, M|\n|poke|p2|Obstagoon, M|\n|poke|p2|Jellicent, M|\n|poke|p2|Espeon, M|\n|rule|Sleep Clause Mod: Limit one foe put to sleep\n|rule|Species Clause: Limit one of each Pok\u00e9mon\n|rule|OHKO Clause: OHKO moves are banned\n|rule|Evasion Moves Clause: Evasion moves are banned\n|rule|Endless Battle Clause: Forcing endless battles is banned\n|rule|HP Percentage Mod: HP is shown in percentages\n|rule|Dynamax Clause: You cannot dynamax\n|teampreview\n|inactive|Battle timer is ON: inactive players will automatically lose when time's up. (requested by TryHonesty)\n|\n|start\n|switch|p1a: Weavile|Weavile, M|100\/100\n|switch|p2a: Perrserker|Perrserker, M|100\/100\n|turn|1\n|\n|switch|p1a: Shedinja|Shedinja|100\/100\n|move|p2a: Perrserker|Fake Out|p1a: Shedinja\n|-immune|p1a: Shedinja|[from] ability: Wonder Guard\n|\n|upkeep\n|turn|2\n|\n|switch|p1a: Lucario|Lucario, M|100\/100\n|switch|p2a: Eldegoss|Eldegoss, F|100\/100\n|\n|upkeep\n|turn|3\n|\n|move|p1a: Lucario|Nasty Plot|p1a: Lucario\n|-boost|p1a: Lucario|spa|2\n|move|p2a: Eldegoss|Leech Seed|p1a: Lucario\n|-start|p1a: Lucario|move: Leech Seed\n|\n|-damage|p1a: Lucario|88\/100|[from] Leech Seed|[of] p2a: Eldegoss\n|upkeep\n|turn|4\n|\n|switch|p1a: Weavile|Weavile, M|100\/100\n|move|p2a: Eldegoss|Stun Spore|p1a: Weavile\n|-status|p1a: Weavile|par\n|\n|upkeep\n|turn|5\n|\n|switch|p2a: Perrserker|Perrserker, M|100\/100\n|move|p1a: Weavile|Ice Punch|p2a: Perrserker\n|-resisted|p2a: Perrserker\n|-damage|p2a: Perrserker|77\/100\n|-damage|p1a: Weavile|91\/100 par|[from] item: Life Orb\n|\n|upkeep\n|turn|6\n|\n|switch|p1a: Shedinja|Shedinja|100\/100\n|move|p2a: Perrserker|U-turn|p1a: Shedinja\n|-immune|p1a: Shedinja|[from] ability: Wonder Guard\n|\n|upkeep\n|turn|7\n|\n|switch|p2a: Obstagoon|Obstagoon, M|100\/100\n|move|p1a: Shedinja|Leech Life|p2a: Obstagoon\n|-supereffective|p2a: Obstagoon\n|-damage|p2a: Obstagoon|12\/100\n|\n|-status|p2a: Obstagoon|brn|[from] item: Flame Orb\n|upkeep\n|turn|8\n|\n|switch|p1a: Weavile|Weavile, M|91\/100 par\n|move|p2a: Obstagoon|Knock Off|p1a: Weavile\n|-resisted|p1a: Weavile\n|-damage|p1a: Weavile|35\/100 par\n|-enditem|p1a: Weavile|Life Orb|[from] move: Knock Off|[of] p2a: Obstagoon\n|-enditem|p2a: Obstagoon|Flame Orb|[silent]|[from] ability: Pickpocket|[of] p2a: Obstagoon\n|-item|p1a: Weavile|Flame Orb|[from] ability: Pickpocket|[of] p2a: Obstagoon\n|\n|-damage|p2a: Obstagoon|6\/100 brn|[from] brn\n|upkeep\n|turn|9\n|\n|move|p2a: Obstagoon|Fire Punch|p1a: Weavile\n|-supereffective|p1a: Weavile\n|-damage|p1a: Weavile|0 fnt\n|faint|p1a: Weavile\n|\n|-damage|p2a: Obstagoon|0 fnt|[from] brn\n|faint|p2a: Obstagoon\n|upkeep\n|\n|switch|p1a: Crawdaunt|Crawdaunt, F|100\/100\n|switch|p2a: Eldegoss|Eldegoss, F|100\/100\n|turn|10\n|\n|switch|p1a: Shedinja|Shedinja|100\/100\n|move|p2a: Eldegoss|Leech Seed|p1a: Shedinja\n|-start|p1a: Shedinja|move: Leech Seed\n|\n|-damage|p1a: Shedinja|0 fnt|[from] Leech Seed|[of] p2a: Eldegoss\n|faint|p1a: Shedinja\n|upkeep\n|\n|switch|p1a: Crawdaunt|Crawdaunt, F|100\/100\n|turn|11\n|\n|move|p1a: Crawdaunt|Dragon Dance|p1a: Crawdaunt\n|-boost|p1a: Crawdaunt|atk|1\n|-boost|p1a: Crawdaunt|spe|1\n|move|p2a: Eldegoss|Stun Spore|p1a: Crawdaunt\n|-status|p1a: Crawdaunt|par\n|\n|upkeep\n|turn|12\n|\n|move|p2a: Eldegoss|Leech Seed|p1a: Crawdaunt\n|-start|p1a: Crawdaunt|move: Leech Seed\n|move|p1a: Crawdaunt|Knock Off|p2a: Eldegoss\n|-damage|p2a: Eldegoss|0 fnt\n|-ability|p2a: Eldegoss|Cotton Down\n|-unboost|p1a: Crawdaunt|spe|1\n|-enditem|p2a: Eldegoss|Leftovers|[from] move: Knock Off|[of] p1a: Crawdaunt\n|-damage|p1a: Crawdaunt|91\/100 par|[from] item: Life Orb\n|faint|p2a: Eldegoss\n|\n|upkeep\n|\n|switch|p2a: Perrserker|Perrserker, M|77\/100\n|turn|13\n|\n|switch|p1a: Xatu|Xatu, M|100\/100\n|move|p2a: Perrserker|Fake Out|p1a: Xatu\n|-damage|p1a: Xatu|76\/100\n|\n|upkeep\n|turn|14\n|\n|move|p1a: Xatu|Psychic|p2a: Perrserker\n|-resisted|p2a: Perrserker\n|-damage|p2a: Perrserker|55\/100\n|-damage|p1a: Xatu|66\/100|[from] item: Life Orb\n|move|p2a: Perrserker|Iron Head|p1a: Xatu\n|-damage|p1a: Xatu|0 fnt\n|faint|p1a: Xatu\n|\n|upkeep\n|\n|switch|p1a: Lucario|Lucario, M|88\/100\n|turn|15\n|\n|switch|p2a: Jellicent|Jellicent, M|100\/100\n|move|p1a: Lucario|Nasty Plot|p1a: Lucario\n|-boost|p1a: Lucario|spa|2\n|\n|upkeep\n|turn|16\n|\n|move|p1a: Lucario|Nasty Plot|p1a: Lucario\n|-boost|p1a: Lucario|spa|2\n|move|p2a: Jellicent|Will-O-Wisp|p1a: Lucario\n|-status|p1a: Lucario|brn\n|\n|-damage|p1a: Lucario|82\/100 brn|[from] brn\n|upkeep\n|turn|17\n|\n|move|p1a: Lucario|Nasty Plot|p1a: Lucario\n|-boost|p1a: Lucario|spa|2\n|move|p2a: Jellicent|Hex|p1a: Lucario\n|-damage|p1a: Lucario|22\/100 brn\n|\n|-damage|p1a: Lucario|16\/100 brn|[from] brn\n|upkeep\n|turn|18\n|\n|move|p1a: Lucario|Flash Cannon|p2a: Jellicent\n|-resisted|p2a: Jellicent\n|-damage|p2a: Jellicent|45\/100\n|-damage|p1a: Lucario|6\/100 brn|[from] item: Life Orb\n|move|p2a: Jellicent|Strength Sap|p1a: Lucario\n|-unboost|p1a: Lucario|atk|1\n|-heal|p2a: Jellicent|95\/100\n|\n|-heal|p2a: Jellicent|100\/100|[from] item: Leftovers\n|-damage|p1a: Lucario|0 fnt|[from] brn\n|faint|p1a: Lucario\n|upkeep\n|\n|switch|p1a: Crawdaunt|Crawdaunt, F|91\/100 par\n|turn|19\n|\n|switch|p2a: Espeon|Espeon, M|100\/100\n|move|p1a: Crawdaunt|Knock Off|p2a: Espeon\n|-supereffective|p2a: Espeon\n|-damage|p2a: Espeon|0 fnt\n|-enditem|p2a: Espeon|Leftovers|[from] move: Knock Off|[of] p1a: Crawdaunt\n|-damage|p1a: Crawdaunt|81\/100 par|[from] item: Life Orb\n|faint|p2a: Espeon\n|\n|upkeep\n|\n|switch|p2a: Perrserker|Perrserker, M|55\/100\n|turn|20\n|\n|switch|p1a: Type: Null|Type: Null|100\/100\n|move|p2a: Perrserker|Fake Out|p1a: Type: Null\n|-damage|p1a: Type: Null|90\/100\n|\n|upkeep\n|turn|21\n|\n|switch|p2a: Jellicent|Jellicent, M|100\/100\n|move|p1a: Type: Null|Swords Dance|p1a: Type: Null\n|-boost|p1a: Type: Null|atk|2\n|\n|upkeep\n|turn|22\n|\n|switch|p1a: Crawdaunt|Crawdaunt, F|81\/100 par\n|move|p2a: Jellicent|Will-O-Wisp||[still]\n|-fail|p2a: Jellicent\n|\n|upkeep\n|turn|23\n|\n|move|p2a: Jellicent|Strength Sap|p1a: Crawdaunt\n|-unboost|p1a: Crawdaunt|atk|1\n|move|p1a: Crawdaunt|Knock Off|p2a: Jellicent\n|-supereffective|p2a: Jellicent\n|-damage|p2a: Jellicent|0 fnt\n|-enditem|p2a: Jellicent|Leftovers|[from] move: Knock Off|[of] p1a: Crawdaunt\n|-damage|p1a: Crawdaunt|71\/100 par|[from] item: Life Orb\n|faint|p2a: Jellicent\n|\n|upkeep\n|\n|switch|p2a: Gengar|Gengar, M|100\/100\n|turn|24\n|\n|switch|p1a: Type: Null|Type: Null|90\/100\n|move|p2a: Gengar|Thunderbolt|p1a: Type: Null\n|-damage|p1a: Type: Null|69\/100\n|\n|upkeep\n|turn|25\n|\n|move|p2a: Gengar|Sludge Wave|p1a: Type: Null\n|-damage|p1a: Type: Null|36\/100\n|move|p1a: Type: Null|Swords Dance|p1a: Type: Null\n|-boost|p1a: Type: Null|atk|2\n|\n|upkeep\n|turn|26\n|\n|move|p2a: Gengar|Sludge Wave|p1a: Type: Null\n|-damage|p1a: Type: Null|6\/100\n|move|p1a: Type: Null|Rest|p1a: Type: Null\n|-status|p1a: Type: Null|slp|[from] move: Rest\n|-heal|p1a: Type: Null|100\/100 slp|[silent]\n|\n|upkeep\n|turn|27\n|\n|move|p2a: Gengar|Sludge Wave|p1a: Type: Null\n|-damage|p1a: Type: Null|71\/100 slp\n|cant|p1a: Type: Null|slp\n|move|p1a: Type: Null|Sleep Talk|p1a: Type: Null\n|move|p1a: Type: Null|Swords Dance|p1a: Type: Null|[from]Sleep Talk\n|-boost|p1a: Type: Null|atk|2\n|\n|upkeep\n|turn|28\n|\n|move|p2a: Gengar|Sludge Wave|p1a: Type: Null\n|-damage|p1a: Type: Null|40\/100 slp\n|cant|p1a: Type: Null|slp\n|move|p1a: Type: Null|Sleep Talk|p1a: Type: Null\n|move|p1a: Type: Null|Crush Claw|p2a: Gengar|[from]Sleep Talk\n|-immune|p2a: Gengar\n|\n|upkeep\n|turn|29\n|\n|move|p2a: Gengar|Sludge Wave|p1a: Type: Null\n|-damage|p1a: Type: Null|9\/100 slp\n|-curestatus|p1a: Type: Null|slp|[msg]\n|move|p1a: Type: Null|Crush Claw|p2a: Gengar\n|-immune|p2a: Gengar\n|\n|upkeep\n|turn|30\n|\n|move|p2a: Gengar|Sludge Wave|p1a: Type: Null\n|-damage|p1a: Type: Null|0 fnt\n|faint|p1a: Type: Null\n|\n|upkeep\n|\n|switch|p1a: Crawdaunt|Crawdaunt, F|71\/100 par\n|turn|31\n|c|\u2606Leo564c|gg\n|\n|move|p1a: Crawdaunt|Aqua Jet|p2a: Gengar\n|-damage|p2a: Gengar|25\/100\n|-damage|p1a: Crawdaunt|62\/100 par|[from] item: Life Orb\n|move|p2a: Gengar|Thunderbolt|p1a: Crawdaunt\n|-supereffective|p1a: Crawdaunt\n|-damage|p1a: Crawdaunt|0 fnt\n|faint|p1a: Crawdaunt\n|\n|win|Leo564c\n","uploadtime":1578814282,"views":6,"p1id":"tryhonesty","p2id":"leo564c","formatid":"gen8uu","rating":0,"private":0,"password":null}