{"id":"gen8ou-1092383496","p1":"ZapsTest","p2":"mongwong","format":"gen8ou","log":"|j|\u2606ZapsTest\n|j|\u2606mongwong\n|player|p1|ZapsTest|rocketgruntf|1402\n|player|p2|mongwong|169|1410\n|teamsize|p1|6\n|teamsize|p2|6\n|gametype|singles\n|gen|8\n|tier|[Gen 8] OU\n|rated|\n|html|<div class=\"broadcast-red\"><strong>OU is currently suspecting Melmetal! For information on how to participate check out the <a href=\"https:\/\/www.smogon.com\/forums\/threads\/3662190\/\">suspect thread<\/a>.<\/strong><\/div>\n|clearpoke\n|poke|p1|Jirachi|\n|poke|p1|Tyranitar, M|\n|poke|p1|Excadrill, F|\n|poke|p1|Seismitoad, F|\n|poke|p1|Clefable, M|\n|poke|p1|Mew|\n|poke|p2|Hippowdon, M|\n|poke|p2|Darmanitan, F|\n|poke|p2|Clefable, F|\n|poke|p2|Gastrodon, M|\n|poke|p2|Kyurem|\n|poke|p2|Melmetal|\n|rule|Sleep Clause Mod: Limit one foe put to sleep\n|rule|Species Clause: Limit one of each Pok\u00e9mon\n|rule|OHKO Clause: OHKO moves are banned\n|rule|Evasion Moves Clause: Evasion moves are banned\n|rule|Endless Battle Clause: Forcing endless battles is banned\n|rule|HP Percentage Mod: HP is shown in percentages\n|rule|Dynamax Clause: You cannot dynamax\n|teampreview\n|\n|start\n|switch|p1a: Seismitoad|Seismitoad, F|100\/100\n|switch|p2a: Melmetal|Melmetal|100\/100\n|turn|1\n|\n|move|p1a: Seismitoad|Scald|p2a: Melmetal\n|-damage|p2a: Melmetal|78\/100\n|move|p2a: Melmetal|Double Iron Bash|p1a: Seismitoad\n|-resisted|p1a: Seismitoad\n|-damage|p1a: Seismitoad|77\/100\n|-resisted|p1a: Seismitoad\n|-damage|p1a: Seismitoad|54\/100\n|-hitcount|p1a: Seismitoad|2\n|\n|-heal|p1a: Seismitoad|60\/100|[from] item: Leftovers\n|upkeep\n|turn|2\n|\n|switch|p2a: Kyurem|Kyurem|100\/100\n|-ability|p2a: Kyurem|Pressure\n|move|p1a: Seismitoad|Scald|p2a: Kyurem\n|-resisted|p2a: Kyurem\n|-damage|p2a: Kyurem|88\/100\n|\n|-heal|p1a: Seismitoad|66\/100|[from] item: Leftovers\n|upkeep\n|turn|3\n|\n|switch|p1a: T-Tar|Tyranitar, M|100\/100\n|-weather|Sandstorm|[from] ability: Sand Stream|[of] p1a: T-Tar\n|move|p2a: Kyurem|Earth Power|p1a: T-Tar\n|-supereffective|p1a: T-Tar\n|-damage|p1a: T-Tar|60\/100\n|\n|-weather|Sandstorm|[upkeep]\n|-damage|p2a: Kyurem|82\/100|[from] Sandstorm\n|upkeep\n|turn|4\n|\n|move|p2a: Kyurem|Earth Power|p1a: T-Tar\n|-supereffective|p1a: T-Tar\n|-damage|p1a: T-Tar|23\/100\n|move|p1a: T-Tar|Heavy Slam|p2a: Kyurem\n|-supereffective|p2a: Kyurem\n|-damage|p2a: Kyurem|54\/100\n|\n|-weather|Sandstorm|[upkeep]\n|-damage|p2a: Kyurem|48\/100|[from] Sandstorm\n|upkeep\n|turn|5\n|\n|move|p2a: Kyurem|Earth Power|p1a: T-Tar\n|-supereffective|p1a: T-Tar\n|-damage|p1a: T-Tar|0 fnt\n|faint|p1a: T-Tar\n|\n|-weather|Sandstorm|[upkeep]\n|-damage|p2a: Kyurem|41\/100|[from] Sandstorm\n|upkeep\n|\n|switch|p1a: Excadrill|Excadrill, F|100\/100\n|turn|6\n|\n|switch|p2a: Hippowdon|Hippowdon, M|100\/100\n|move|p1a: Excadrill|Swords Dance|p1a: Excadrill\n|-boost|p1a: Excadrill|atk|2\n|\n|-weather|Sandstorm|[upkeep]\n|upkeep\n|turn|7\n|\n|move|p1a: Excadrill|Earthquake|p2a: Hippowdon\n|-damage|p2a: Hippowdon|39\/100\n|move|p2a: Hippowdon|Earthquake|p1a: Excadrill\n|-supereffective|p1a: Excadrill\n|-damage|p1a: Excadrill|0 fnt\n|faint|p1a: Excadrill\n|\n|-weather|none\n|-heal|p2a: Hippowdon|45\/100|[from] item: Leftovers\n|upkeep\n|\n|switch|p1a: Seismitoad|Seismitoad, F|66\/100\n|turn|8\n|inactive|Battle timer is ON: inactive players will automatically lose when time's up. (requested by ZapsTest)\n|\n|switch|p2a: Gastrodon|Gastrodon, M|100\/100\n|move|p1a: Seismitoad|Toxic|p2a: Gastrodon\n|-status|p2a: Gastrodon|tox\n|\n|-heal|p1a: Seismitoad|72\/100|[from] item: Leftovers\n|-damage|p2a: Gastrodon|94\/100 tox|[from] psn\n|upkeep\n|turn|9\n|\n|switch|p1a: Clefable|Clefable, M|100\/100\n|switch|p2a: Clefable|Clefable, F|100\/100\n|\n|upkeep\n|turn|10\n|\n|move|p1a: Clefable|Moonblast|p2a: Clefable\n|-damage|p2a: Clefable|63\/100\n|-unboost|p2a: Clefable|spa|1\n|move|p2a: Clefable|Wish|p2a: Clefable\n|\n|-heal|p2a: Clefable|69\/100|[from] item: Leftovers\n|upkeep\n|turn|11\n|\n|move|p1a: Clefable|Moonblast|p2a: Clefable\n|-damage|p2a: Clefable|29\/100\n|-unboost|p2a: Clefable|spa|1\n|move|p2a: Clefable|Teleport|p2a: Clefable\n|\n|switch|p2a: Kyurem|Kyurem|41\/100|[from]move: Teleport\n|-ability|p2a: Kyurem|Pressure\n|\n|-heal|p2a: Kyurem|92\/100|[from] move: Wish|[wisher] Clefable\n|upkeep\n|turn|12\n|\n|switch|p2a: Melmetal|Melmetal|78\/100\n|switch|p1a: Seismitoad|Seismitoad, F|72\/100\n|\n|-heal|p1a: Seismitoad|78\/100|[from] item: Leftovers\n|upkeep\n|turn|13\n|\n|switch|p2a: Clefable|Clefable, F|29\/100\n|move|p1a: Seismitoad|Scald|p2a: Clefable\n|-damage|p2a: Clefable|11\/100\n|-status|p2a: Clefable|brn\n|\n|-heal|p1a: Seismitoad|84\/100|[from] item: Leftovers\n|-heal|p2a: Clefable|18\/100 brn|[from] item: Leftovers\n|upkeep\n|turn|14\n|\n|move|p1a: Seismitoad|Earth Power|p2a: Clefable\n|-damage|p2a: Clefable|0 fnt\n|faint|p2a: Clefable\n|\n|-heal|p1a: Seismitoad|90\/100|[from] item: Leftovers\n|upkeep\n|\n|switch|p2a: Kyurem|Kyurem|92\/100\n|-ability|p2a: Kyurem|Pressure\n|turn|15\n|\n|switch|p1a: Rachi|Jirachi|100\/100\n|move|p2a: Kyurem|Freeze-Dry|p1a: Rachi\n|-resisted|p1a: Rachi\n|-damage|p1a: Rachi|71\/100\n|\n|upkeep\n|turn|16\n|\n|switch|p2a: Hippowdon|Hippowdon, M|45\/100\n|-weather|Sandstorm|[from] ability: Sand Stream|[of] p2a: Hippowdon\n|move|p1a: Rachi|U-turn|p2a: Hippowdon\n|-damage|p2a: Hippowdon|32\/100\n|\n|switch|p1a: Seismitoad|Seismitoad, F|90\/100|[from]move: U-turn\n|\n|-weather|Sandstorm|[upkeep]\n|-heal|p1a: Seismitoad|96\/100|[from] item: Leftovers\n|-heal|p2a: Hippowdon|38\/100|[from] item: Leftovers\n|upkeep\n|turn|17\n|\n|switch|p2a: Gastrodon|Gastrodon, M|94\/100 tox\n|move|p1a: Seismitoad|Toxic|p2a: Gastrodon\n|-fail|p2a: Gastrodon|tox\n|\n|-weather|Sandstorm|[upkeep]\n|-heal|p1a: Seismitoad|100\/100|[from] item: Leftovers\n|-heal|p2a: Gastrodon|100\/100 tox|[from] item: Leftovers\n|-damage|p2a: Gastrodon|94\/100 tox|[from] psn\n|upkeep\n|turn|18\n|\n|switch|p1a: Clefable|Clefable, M|100\/100\n|move|p2a: Gastrodon|Toxic|p1a: Clefable\n|-status|p1a: Clefable|tox\n|\n|-weather|Sandstorm|[upkeep]\n|-heal|p2a: Gastrodon|100\/100 tox|[from] item: Leftovers\n|-damage|p2a: Gastrodon|88\/100 tox|[from] psn\n|upkeep\n|turn|19\n|\n|switch|p2a: Melmetal|Melmetal|78\/100\n|move|p1a: Clefable|Moonblast|p2a: Melmetal\n|-resisted|p2a: Melmetal\n|-damage|p2a: Melmetal|49\/100\n|-unboost|p2a: Melmetal|spa|1\n|\n|-weather|Sandstorm|[upkeep]\n|upkeep\n|turn|20\n|\n|move|p1a: Clefable|Flamethrower|p2a: Melmetal\n|-supereffective|p2a: Melmetal\n|-damage|p2a: Melmetal|0 fnt\n|faint|p2a: Melmetal\n|\n|-weather|none\n|upkeep\n|\n|switch|p2a: Darmanitan|Darmanitan, F|100\/100\n|turn|21\n|\n|switch|p1a: Seismitoad|Seismitoad, F|100\/100\n|move|p2a: Darmanitan|Flare Blitz|p1a: Seismitoad\n|-resisted|p1a: Seismitoad\n|-damage|p1a: Seismitoad|71\/100\n|-damage|p2a: Darmanitan|89\/100|[from] Recoil\n|\n|-heal|p1a: Seismitoad|77\/100|[from] item: Leftovers\n|upkeep\n|turn|22\n|\n|switch|p2a: Kyurem|Kyurem|92\/100\n|-ability|p2a: Kyurem|Pressure\n|move|p1a: Seismitoad|Stealth Rock|p2a: Kyurem\n|-sidestart|p2: mongwong|move: Stealth Rock\n|\n|-heal|p1a: Seismitoad|83\/100|[from] item: Leftovers\n|upkeep\n|turn|23\n|\n|move|p2a: Kyurem|Earth Power|p1a: Seismitoad\n|-damage|p1a: Seismitoad|26\/100\n|move|p1a: Seismitoad|Toxic|p2a: Kyurem|[miss]\n|-miss|p1a: Seismitoad|p2a: Kyurem\n|\n|-heal|p1a: Seismitoad|32\/100|[from] item: Leftovers\n|upkeep\n|turn|24\n|\n|switch|p1a: Mew|Mew|100\/100\n|move|p2a: Kyurem|Earth Power|p1a: Mew\n|-damage|p1a: Mew|51\/100\n|-unboost|p1a: Mew|spd|1\n|\n|-heal|p1a: Mew|57\/100|[from] item: Leftovers\n|upkeep\n|turn|25\n|c|\u2606mongwong|:0\n|c|\u2606ZapsTest|rip\n|\n|move|p1a: Mew|Spikes|p2a: Kyurem\n|-sidestart|p2: mongwong|Spikes\n|move|p2a: Kyurem|Earth Power|p1a: Mew\n|-damage|p1a: Mew|0 fnt\n|faint|p1a: Mew\n|\n|upkeep\n|\n|switch|p1a: Rachi|Jirachi|71\/100\n|turn|26\n|\n|switch|p2a: Gastrodon|Gastrodon, M|88\/100 tox\n|-damage|p2a: Gastrodon|76\/100 tox|[from] Spikes\n|-damage|p2a: Gastrodon|70\/100 tox|[from] Stealth Rock\n|move|p1a: Rachi|Iron Head|p2a: Gastrodon\n|-resisted|p2a: Gastrodon\n|-damage|p2a: Gastrodon|48\/100 tox\n|\n|-heal|p2a: Gastrodon|54\/100 tox|[from] item: Leftovers\n|-damage|p2a: Gastrodon|48\/100 tox|[from] psn\n|upkeep\n|turn|27\n|\n|move|p1a: Rachi|Iron Head|p2a: Gastrodon\n|-resisted|p2a: Gastrodon\n|-damage|p2a: Gastrodon|29\/100 tox\n|move|p2a: Gastrodon|Earth Power|p1a: Rachi\n|-supereffective|p1a: Rachi\n|-damage|p1a: Rachi|10\/100\n|\n|-heal|p2a: Gastrodon|35\/100 tox|[from] item: Leftovers\n|-damage|p2a: Gastrodon|23\/100 tox|[from] psn\n|upkeep\n|turn|28\n|\n|move|p1a: Rachi|Iron Head|p2a: Gastrodon\n|-resisted|p2a: Gastrodon\n|-damage|p2a: Gastrodon|0 fnt\n|faint|p2a: Gastrodon\n|\n|upkeep\n|\n|switch|p2a: Darmanitan|Darmanitan, F|89\/100\n|-damage|p2a: Darmanitan|77\/100|[from] Spikes\n|-damage|p2a: Darmanitan|52\/100|[from] Stealth Rock\n|turn|29\n|\n|switch|p1a: Seismitoad|Seismitoad, F|32\/100\n|move|p2a: Darmanitan|U-turn|p1a: Seismitoad\n|-damage|p1a: Seismitoad|14\/100\n|\n|switch|p2a: Kyurem|Kyurem|92\/100|[from]move: U-turn\n|-damage|p2a: Kyurem|80\/100|[from] Spikes\n|-damage|p2a: Kyurem|55\/100|[from] Stealth Rock\n|-ability|p2a: Kyurem|Pressure\n|\n|-heal|p1a: Seismitoad|20\/100|[from] item: Leftovers\n|upkeep\n|turn|30\n|\n|move|p2a: Kyurem|Earth Power|p1a: Seismitoad\n|-damage|p1a: Seismitoad|0 fnt\n|faint|p1a: Seismitoad\n|\n|upkeep\n|\n|switch|p1a: Clefable|Clefable, M|100\/100 tox\n|turn|31\n|\n|switch|p2a: Hippowdon|Hippowdon, M|38\/100\n|-damage|p2a: Hippowdon|26\/100|[from] Spikes\n|-damage|p2a: Hippowdon|20\/100|[from] Stealth Rock\n|-weather|Sandstorm|[from] ability: Sand Stream|[of] p2a: Hippowdon\n|move|p1a: Clefable|Moonblast|p2a: Hippowdon\n|-damage|p2a: Hippowdon|0 fnt\n|faint|p2a: Hippowdon\n|\n|-weather|Sandstorm|[upkeep]\n|upkeep\n|\n|switch|p2a: Kyurem|Kyurem|55\/100\n|-damage|p2a: Kyurem|30\/100|[from] Stealth Rock\n|-damage|p2a: Kyurem|18\/100|[from] Spikes\n|-ability|p2a: Kyurem|Pressure\n|turn|32\n|\n|move|p2a: Kyurem|Ice Beam|p1a: Clefable\n|-damage|p1a: Clefable|24\/100 tox\n|move|p1a: Clefable|Moonblast|p2a: Kyurem\n|-supereffective|p2a: Kyurem\n|-damage|p2a: Kyurem|0 fnt\n|faint|p2a: Kyurem\n|\n|-weather|Sandstorm|[upkeep]\n|upkeep\n|\n|switch|p2a: Darmanitan|Darmanitan, F|52\/100\n|-damage|p2a: Darmanitan|27\/100|[from] Stealth Rock\n|-damage|p2a: Darmanitan|15\/100|[from] Spikes\n|turn|33\n|\n|move|p2a: Darmanitan|Flare Blitz|p1a: Clefable\n|-damage|p1a: Clefable|0 fnt\n|-damage|p2a: Darmanitan|6\/100|[from] Recoil\n|faint|p1a: Clefable\n|\n|-weather|Sandstorm|[upkeep]\n|-damage|p2a: Darmanitan|0 fnt|[from] Sandstorm\n|faint|p2a: Darmanitan\n|\n|win|ZapsTest\n|upkeep\n|c|\u2606ZapsTest|gg\n|raw|ZapsTest's rating: 1402 &rarr; <strong>1423<\/strong><br \/>(+21 for winning)\n|raw|mongwong's rating: 1410 &rarr; <strong>1390<\/strong><br \/>(-20 for losing)\n|c|\u2606mongwong|gg\n|l|\u2606mongwong\n","uploadtime":1586238840,"views":12,"p1id":"zapstest","p2id":"mongwong","formatid":"gen8ou","rating":1390,"private":0,"password":null}