{"id":"gen8ou-1677809085","p1":"minimax_ai","p2":"Scoots Mgee","format":"gen8ou","log":"|j|\u2606minimax_ai\n|j|\u2606Scoots Mgee\n|t:|1664926828\n|gametype|singles\n|player|p1|minimax_ai|lusamine-nihilego|1527\n|player|p2|Scoots Mgee|acetrainerf|1489\n|teamsize|p1|6\n|teamsize|p2|6\n|gen|8\n|tier|[Gen 8] OU\n|rated|\n|rule|Sleep Clause Mod: Limit one foe put to sleep\n|rule|Species Clause: Limit one of each Pok\u00e9mon\n|rule|OHKO Clause: OHKO moves are banned\n|rule|Evasion Items Clause: Evasion items are banned\n|rule|Evasion Moves Clause: Evasion moves are banned\n|rule|Endless Battle Clause: Forcing endless battles is banned\n|rule|HP Percentage Mod: HP is shown in percentages\n|rule|Dynamax Clause: You cannot dynamax\n|clearpoke\n|poke|p1|Rotom-Wash|\n|poke|p1|Weavile, M|\n|poke|p1|Landorus-Therian, M|\n|poke|p1|Heatran, M|\n|poke|p1|Tangrowth, M|\n|poke|p1|Melmetal|\n|poke|p2|Garchomp, M|\n|poke|p2|Rillaboom, F|\n|poke|p2|Corviknight, M|\n|poke|p2|Blissey, F|\n|poke|p2|Tapu Lele|\n|poke|p2|Zapdos|\n|teampreview\n|inactive|Battle timer is ON: inactive players will automatically lose when time's up. (requested by Scoots Mgee)\n|j| seedonpokemon\n|c|\u2606minimax_ai|hf\n|inactive|minimax_ai also wants the timer to be on.\n|l| seedonpokemon\n|\n|t:|1664926832\n|start\n|switch|p1a: Melmetal|Melmetal|100\/100\n|switch|p2a: Rillaboom|Rillaboom, F|100\/100\n|-fieldstart|move: Grassy Terrain|[from] ability: Grassy Surge|[of] p2a: Rillaboom\n|turn|1\n|\n|t:|1664926836\n|move|p2a: Rillaboom|U-turn|p1a: Melmetal\n|-resisted|p1a: Melmetal\n|-damage|p1a: Melmetal|91\/100\n|\n|t:|1664926839\n|switch|p2a: Corviknight|Corviknight, M|100\/100|[from]move: U-turn\n|-ability|p2a: Corviknight|Pressure\n|move|p1a: Melmetal|Ice Punch|p2a: Corviknight\n|-damage|p2a: Corviknight|79\/100\n|-damage|p1a: Melmetal|74\/100|[from] item: Rocky Helmet|[of] p2a: Corviknight\n|\n|-heal|p1a: Melmetal|80\/100|[from] Grassy Terrain\n|upkeep\n|turn|2\n|\n|t:|1664926847\n|switch|p2a: Garchomp|Garchomp, M|100\/100\n|move|p1a: Melmetal|Thunder Punch|p2a: Garchomp\n|-immune|p2a: Garchomp\n|\n|-heal|p1a: Melmetal|86\/100|[from] Grassy Terrain\n|upkeep\n|turn|3\n|\n|t:|1664926855\n|switch|p2a: Corviknight|Corviknight, M|79\/100\n|-ability|p2a: Corviknight|Pressure\n|move|p1a: Melmetal|Ice Punch|p2a: Corviknight\n|-crit|p2a: Corviknight\n|-damage|p2a: Corviknight|48\/100\n|-damage|p1a: Melmetal|70\/100|[from] item: Rocky Helmet|[of] p2a: Corviknight\n|\n|-heal|p1a: Melmetal|76\/100|[from] Grassy Terrain\n|upkeep\n|turn|4\n|\n|t:|1664926857\n|move|p2a: Corviknight|Roost|p2a: Corviknight\n|-heal|p2a: Corviknight|98\/100\n|-singleturn|p2a: Corviknight|move: Roost\n|move|p1a: Melmetal|Thunder Punch|p2a: Corviknight\n|-damage|p2a: Corviknight|76\/100\n|-damage|p1a: Melmetal|59\/100|[from] item: Rocky Helmet|[of] p2a: Corviknight\n|\n|-heal|p2a: Corviknight|82\/100|[from] Grassy Terrain\n|-heal|p1a: Melmetal|66\/100|[from] Grassy Terrain\n|upkeep\n|turn|5\n|\n|t:|1664926859\n|move|p2a: Corviknight|Body Press|p1a: Melmetal\n|-supereffective|p1a: Melmetal\n|-damage|p1a: Melmetal|34\/100\n|move|p1a: Melmetal|Thunder Punch|p2a: Corviknight\n|-supereffective|p2a: Corviknight\n|-damage|p2a: Corviknight|42\/100\n|-damage|p1a: Melmetal|17\/100|[from] item: Rocky Helmet|[of] p2a: Corviknight\n|\n|-heal|p1a: Melmetal|23\/100|[from] Grassy Terrain\n|-fieldend|move: Grassy Terrain\n|upkeep\n|turn|6\n|\n|t:|1664926866\n|switch|p1a: Heatran|Heatran, M|100\/100\n|-item|p1a: Heatran|Air Balloon\n|move|p2a: Corviknight|Body Press|p1a: Heatran\n|-supereffective|p1a: Heatran\n|-damage|p1a: Heatran|51\/100\n|-enditem|p1a: Heatran|Air Balloon\n|\n|upkeep\n|turn|7\n|\n|t:|1664926870\n|switch|p2a: Blissey|Blissey, F|100\/100\n|move|p1a: Heatran|Stealth Rock|p2a: Blissey\n|-sidestart|p2: Scoots Mgee|move: Stealth Rock\n|\n|upkeep\n|turn|8\n|\n|t:|1664926874\n|switch|p1a: Weavile|Weavile, M|100\/100\n|-ability|p1a: Weavile|Pressure\n|move|p2a: Blissey|Wish|p2a: Blissey\n|\n|upkeep\n|turn|9\n|\n|t:|1664926877\n|switch|p2a: Corviknight|Corviknight, M|42\/100\n|-damage|p2a: Corviknight|29\/100|[from] Stealth Rock\n|-ability|p2a: Corviknight|Pressure\n|move|p1a: Weavile|Triple Axel|p2a: Corviknight\n|-damage|p2a: Corviknight|21\/100\n|-damage|p1a: Weavile|84\/100|[from] item: Rocky Helmet|[of] p2a: Corviknight\n|-damage|p2a: Corviknight|4\/100\n|-damage|p1a: Weavile|68\/100|[from] item: Rocky Helmet|[of] p2a: Corviknight\n|-damage|p2a: Corviknight|0 fnt\n|-damage|p1a: Weavile|51\/100|[from] item: Rocky Helmet|[of] p2a: Corviknight\n|faint|p2a: Corviknight\n|-hitcount|p2: Corviknight|3\n|\n|upkeep\n|\n|t:|1664926880\n|switch|p2a: Tapu Lele|Tapu Lele|100\/100\n|-damage|p2a: Tapu Lele|88\/100|[from] Stealth Rock\n|-fieldstart|move: Psychic Terrain|[from] ability: Psychic Surge|[of] p2a: Tapu Lele\n|turn|10\n|\n|t:|1664926885\n|switch|p1a: landorustherian|Landorus-Therian, M|100\/100\n|-ability|p1a: landorustherian|Intimidate|boost\n|-unboost|p2a: Tapu Lele|atk|1\n|move|p2a: Tapu Lele|Focus Blast|p1a: landorustherian\n|-resisted|p1a: landorustherian\n|-crit|p1a: landorustherian\n|-damage|p1a: landorustherian|79\/100\n|\n|-heal|p1a: landorustherian|85\/100|[from] item: Leftovers\n|upkeep\n|turn|11\n|\n|t:|1664926889\n|switch|p2a: Zapdos|Zapdos|100\/100\n|-damage|p2a: Zapdos|76\/100|[from] Stealth Rock\n|move|p1a: landorustherian|Toxic|p2a: Zapdos\n|-status|p2a: Zapdos|tox\n|\n|-heal|p1a: landorustherian|91\/100|[from] item: Leftovers\n|-damage|p2a: Zapdos|69\/100 tox|[from] psn\n|upkeep\n|turn|12\n|\n|t:|1664926890\n|move|p2a: Zapdos|Hurricane|p1a: landorustherian|[miss]\n|-miss|p2a: Zapdos|p1a: landorustherian\n|move|p1a: landorustherian|U-turn|p2a: Zapdos\n|-resisted|p2a: Zapdos\n|-damage|p2a: Zapdos|56\/100 tox\n|\n|t:|1664926890\n|switch|p1a: Weavile|Weavile, M|51\/100|[from]move: U-turn\n|-ability|p1a: Weavile|Pressure\n|\n|-damage|p2a: Zapdos|43\/100 tox|[from] psn\n|upkeep\n|turn|13\n|\n|t:|1664926893\n|move|p1a: Weavile|Triple Axel|p2a: Zapdos\n|-supereffective|p2a: Zapdos\n|-damage|p2a: Zapdos|10\/100 tox\n|-supereffective|p2a: Zapdos\n|-damage|p2a: Zapdos|0 fnt\n|faint|p2a: Zapdos\n|-hitcount|p2: Zapdos|2\n|\n|upkeep\n|-message|Scoots Mgee forfeited.\n|\n|win|minimax_ai\n|raw|minimax_ai's rating: 1527 &rarr; <strong>1545<\/strong><br \/>(+18 for winning)\n|raw|Scoots Mgee's rating: 1489 &rarr; <strong>1471<\/strong><br \/>(-18 for losing)\n|c|\u2606minimax_ai|gg\n|l|\u2606Scoots Mgee\n","uploadtime":1664926898,"views":2,"p1id":"minimaxai","p2id":"scootsmgee","formatid":"gen8ou","rating":1471,"private":0,"password":null}