{"id":"gen8ou-1175162353","p1":"glaed13","p2":"Serenias","format":"gen8ou","log":"|j|\u2606glaed13\n|j|\u2606Serenias\n|t:|1598372545\n|player|p1|glaed13|volkner|1218\n|player|p2|Serenias|cynthia-gen4|1177\n|teamsize|p1|6\n|teamsize|p2|6\n|gametype|singles\n|gen|8\n|tier|[Gen 8] OU\n|rated|\n|clearpoke\n|poke|p1|Umbreon, F|\n|poke|p1|Skarmory, M|\n|poke|p1|Haxorus, F|\n|poke|p1|Vileplume, F|\n|poke|p1|Chansey, F|\n|poke|p1|Talonflame, M|\n|poke|p2|Blissey, F|\n|poke|p2|Weezing-Galar, M|\n|poke|p2|Urshifu-*, M|\n|poke|p2|Zeraora|\n|poke|p2|Ferrothorn, F|\n|poke|p2|Mew|\n|rule|Sleep Clause Mod: Limit one foe put to sleep\n|rule|Species Clause: Limit one of each Pok\u00e9mon\n|rule|OHKO Clause: OHKO moves are banned\n|rule|Evasion Moves Clause: Evasion moves are banned\n|rule|Endless Battle Clause: Forcing endless battles is banned\n|rule|HP Percentage Mod: HP is shown in percentages\n|rule|Dynamax Clause: You cannot dynamax\n|teampreview\n|inactive|Battle timer is ON: inactive players will automatically lose when time's up. (requested by glaed13)\n|\n|t:|1598372562\n|start\n|switch|p1a: Talonflame|Talonflame, M|100\/100\n|switch|p2a: Ferrothorn|Ferrothorn, F|100\/100\n|turn|1\n|\n|t:|1598372570\n|move|p2a: Ferrothorn|Protect|p2a: Ferrothorn\n|-singleturn|p2a: Ferrothorn|Protect\n|move|p1a: Talonflame|Flare Blitz|p2a: Ferrothorn\n|-activate|p2a: Ferrothorn|move: Protect\n|\n|upkeep\n|turn|2\n|\n|t:|1598372590\n|switch|p2a: WeeG|Weezing-Galar, M|100\/100\n|move|p1a: Talonflame|Swords Dance|p1a: Talonflame\n|-boost|p1a: Talonflame|atk|2\n|\n|upkeep\n|turn|3\n|\n|t:|1598372599\n|move|p1a: Talonflame|Acrobatics|p2a: WeeG\n|-damage|p2a: WeeG|44\/100\n|move|p2a: WeeG|Clear Smog|p1a: Talonflame\n|-damage|p1a: Talonflame|76\/100\n|-clearboost|p1a: Talonflame\n|\n|-heal|p2a: WeeG|50\/100|[from] item: Black Sludge\n|upkeep\n|turn|4\n|\n|t:|1598372610\n|move|p1a: Talonflame|Flare Blitz|p2a: WeeG\n|-damage|p2a: WeeG|22\/100\n|-damage|p1a: Talonflame|66\/100|[from] Recoil\n|move|p2a: WeeG|Clear Smog|p1a: Talonflame\n|-damage|p1a: Talonflame|43\/100\n|-clearboost|p1a: Talonflame\n|\n|-heal|p2a: WeeG|28\/100|[from] item: Black Sludge\n|upkeep\n|turn|5\n|\n|t:|1598372622\n|switch|p2a: Mew|Mew|100\/100\n|move|p1a: Talonflame|U-turn|p2a: Mew\n|-supereffective|p2a: Mew\n|-damage|p2a: Mew|77\/100\n|-damage|p1a: Talonflame|27\/100|[from] item: Rocky Helmet|[of] p2a: Mew\n|\n|t:|1598372631\n|switch|p1a: Vileplume|Vileplume, F|100\/100|[from]move: U-turn\n|\n|upkeep\n|turn|6\n|\n|t:|1598372638\n|move|p2a: Mew|Cosmic Power|p2a: Mew\n|-boost|p2a: Mew|def|1\n|-boost|p2a: Mew|spd|1\n|move|p1a: Vileplume|Leech Seed|p2a: Mew\n|-start|p2a: Mew|move: Leech Seed\n|\n|-damage|p2a: Mew|64\/100|[from] Leech Seed|[of] p1a: Vileplume\n|upkeep\n|turn|7\n|\n|t:|1598372648\n|switch|p1a: Chansey|Chansey, F|100\/100\n|move|p2a: Mew|Cosmic Power|p2a: Mew\n|-boost|p2a: Mew|def|1\n|-boost|p2a: Mew|spd|1\n|\n|-damage|p2a: Mew|52\/100|[from] Leech Seed|[of] p1a: Chansey\n|upkeep\n|turn|8\n|\n|t:|1598372658\n|move|p2a: Mew|Body Press|p1a: Chansey\n|-supereffective|p1a: Chansey\n|-damage|p1a: Chansey|0 fnt\n|faint|p1a: Chansey\n|\n|upkeep\n|\n|t:|1598372666\n|switch|p1a: Haxorus|Haxorus, F|100\/100\n|-ability|p1a: Haxorus|Mold Breaker\n|turn|9\n|\n|t:|1598372677\n|switch|p1a: Umbreon|Umbreon, F|100\/100\n|move|p2a: Mew|Soft-Boiled|p2a: Mew\n|-heal|p2a: Mew|100\/100\n|\n|-damage|p2a: Mew|88\/100|[from] Leech Seed|[of] p1a: Umbreon\n|upkeep\n|turn|10\n|\n|t:|1598372685\n|move|p2a: Mew|Cosmic Power|p2a: Mew\n|-boost|p2a: Mew|def|1\n|-boost|p2a: Mew|spd|1\n|move|p1a: Umbreon|Foul Play|p2a: Mew\n|-supereffective|p2a: Mew\n|-damage|p2a: Mew|76\/100\n|-damage|p1a: Umbreon|84\/100|[from] item: Rocky Helmet|[of] p2a: Mew\n|\n|-heal|p1a: Umbreon|90\/100|[from] item: Leftovers\n|-damage|p2a: Mew|63\/100|[from] Leech Seed|[of] p1a: Umbreon\n|-heal|p1a: Umbreon|100\/100|[silent]\n|upkeep\n|turn|11\n|\n|t:|1598372701\n|switch|p1a: Skarmory|Skarmory, M|100\/100\n|move|p2a: Mew|Body Press|p1a: Skarmory\n|-damage|p1a: Skarmory|66\/100\n|-damage|p2a: Mew|47\/100|[from] item: Rocky Helmet|[of] p1a: Skarmory\n|\n|-damage|p2a: Mew|34\/100|[from] Leech Seed|[of] p1a: Skarmory\n|-heal|p1a: Skarmory|81\/100|[silent]\n|upkeep\n|turn|12\n|\n|t:|1598372712\n|switch|p1a: Talonflame|Talonflame, M|27\/100\n|move|p2a: Mew|Soft-Boiled|p2a: Mew\n|-heal|p2a: Mew|84\/100\n|\n|-damage|p2a: Mew|72\/100|[from] Leech Seed|[of] p1a: Talonflame\n|-heal|p1a: Talonflame|44\/100|[silent]\n|upkeep\n|turn|13\n|\n|t:|1598372725\n|move|p1a: Talonflame|Flare Blitz|p2a: Mew\n|-damage|p2a: Mew|62\/100\n|-damage|p1a: Talonflame|27\/100|[from] item: Rocky Helmet|[of] p2a: Mew\n|-damage|p1a: Talonflame|23\/100|[from] Recoil\n|move|p2a: Mew|Stored Power|p1a: Talonflame\n|-damage|p1a: Talonflame|0 fnt\n|faint|p1a: Talonflame\n|\n|upkeep\n|-message|glaed13 forfeited.\n|\n|win|Serenias\n|l|\u2606glaed13\n||Ladder (probably) updated, but score could not be retrieved (Request timeout).\n","uploadtime":1598372747,"views":12,"p1id":"glaed13","p2id":"serenias","formatid":"gen8ou","rating":0,"private":0,"password":null}