{"id":"gen8bdspou-1669386562","p1":"TrickRoom93","p2":"FENDINI","format":"gen8bdspou","log":"|j|\u2606TrickRoom93\n|j|\u2606FENDINI\n|t:|1663722243\n|gametype|singles\n|player|p1|TrickRoom93|unknown|1265\n|player|p2|FENDINI|ethan-masters|1196\n|teamsize|p1|6\n|teamsize|p2|6\n|gen|8\n|tier|[Gen 8 BDSP] OU\n|rated|\n|rule|Sleep Clause Mod: Limit one foe put to sleep\n|rule|Species Clause: Limit one of each Pok\u00e9mon\n|rule|OHKO Clause: OHKO moves are banned\n|rule|Evasion Items Clause: Evasion items are banned\n|rule|Evasion Moves Clause: Evasion moves are banned\n|rule|Endless Battle Clause: Forcing endless battles is banned\n|rule|HP Percentage Mod: HP is shown in percentages\n|clearpoke\n|poke|p1|Bronzong|\n|poke|p1|Machamp, F|\n|poke|p1|Crawdaunt, M|\n|poke|p1|Nidoking, M|\n|poke|p1|Azumarill, F|\n|poke|p1|Dusknoir, M|\n|poke|p2|Slowking, F|\n|poke|p2|Heatran, F|\n|poke|p2|Gliscor, M|\n|poke|p2|Weavile, F|\n|poke|p2|Rotom-Mow|\n|poke|p2|Infernape, M|\n|teampreview\n|c|\u2606TrickRoom93|Glhf\n|inactive|Battle timer is ON: inactive players will automatically lose when time's up. (requested by FENDINI)\n|inactive|TrickRoom93 has 120 seconds left.\n|\n|t:|1663722291\n|start\n|switch|p1a: Bronzong|Bronzong|100\/100\n|switch|p2a: Weavile|Weavile, F|100\/100\n|-ability|p2a: Weavile|Pressure\n|turn|1\n|\n|t:|1663722307\n|move|p2a: Weavile|Throat Chop|p1a: Bronzong\n|-supereffective|p1a: Bronzong\n|-enditem|p1a: Bronzong|Colbur Berry|[eat]\n|-enditem|p1a: Bronzong|Colbur Berry|[weaken]\n|-damage|p1a: Bronzong|46\/100\n|-start|p1a: Bronzong|Throat Chop|[silent]\n|move|p1a: Bronzong|Gyro Ball|p2a: Weavile\n|-supereffective|p2a: Weavile\n|-damage|p2a: Weavile|0 fnt\n|faint|p2a: Weavile\n|\n|upkeep\n|\n|t:|1663722310\n|switch|p2a: Heatran|Heatran, F|100\/100\n|turn|2\n|\n|t:|1663722315\n|switch|p1a: Azumarill|Azumarill, F|100\/100\n|move|p2a: Heatran|Lava Plume|p1a: Azumarill\n|-resisted|p1a: Azumarill\n|-damage|p1a: Azumarill|84\/100\n|\n|upkeep\n|turn|3\n|\n|t:|1663722323\n|switch|p2a: Rotom|Rotom-Mow|100\/100\n|move|p1a: Azumarill|Play Rough|p2a: Rotom\n|-crit|p2a: Rotom\n|-damage|p2a: Rotom|0 fnt\n|faint|p2a: Rotom\n|\n|upkeep\n|\n|t:|1663722327\n|switch|p2a: Heatran|Heatran, F|100\/100\n|turn|4\n|\n|t:|1663722332\n|switch|p1a: Bronzong|Bronzong|46\/100\n|move|p2a: Heatran|Stealth Rock|p1a: Bronzong\n|-sidestart|p1: TrickRoom93|move: Stealth Rock\n|\n|upkeep\n|turn|5\n|\n|t:|1663722344\n|move|p2a: Heatran|Lava Plume|p1a: Bronzong\n|-supereffective|p1a: Bronzong\n|-damage|p1a: Bronzong|0 fnt\n|faint|p1a: Bronzong\n|\n|upkeep\n|\n|t:|1663722356\n|switch|p1a: Dusknoir|Dusknoir, M|100\/100\n|-damage|p1a: Dusknoir|88\/100|[from] Stealth Rock\n|-item|p2a: Heatran|Leftovers|[from] ability: Frisk|[of] p1a: Dusknoir|[identify]\n|turn|6\n|\n|t:|1663722365\n|move|p2a: Heatran|Lava Plume|p1a: Dusknoir\n|-damage|p1a: Dusknoir|56\/100\n|-status|p1a: Dusknoir|brn\n|move|p1a: Dusknoir|Trick Room|p1a: Dusknoir\n|-fieldstart|move: Trick Room|[of] p1a: Dusknoir\n|\n|-damage|p1a: Dusknoir|49\/100 brn|[from] brn\n|upkeep\n|turn|7\n|\n|t:|1663722381\n|move|p1a: Dusknoir|Brick Break|p2a: Heatran\n|-supereffective|p2a: Heatran\n|-damage|p2a: Heatran|81\/100\n|-damage|p1a: Dusknoir|40\/100 brn|[from] item: Life Orb\n|move|p2a: Heatran|Payback|p1a: Dusknoir\n|-supereffective|p1a: Dusknoir\n|-damage|p1a: Dusknoir|8\/100 brn\n|\n|-heal|p2a: Heatran|87\/100|[from] item: Leftovers\n|-damage|p1a: Dusknoir|2\/100 brn|[from] brn\n|upkeep\n|turn|8\n|\n|t:|1663722390\n|move|p2a: Heatran|Protect|p2a: Heatran\n|-singleturn|p2a: Heatran|Protect\n|move|p1a: Dusknoir|Brick Break|p2a: Heatran\n|-activate|p2a: Heatran|move: Protect\n|\n|-heal|p2a: Heatran|94\/100|[from] item: Leftovers\n|-damage|p1a: Dusknoir|0 fnt|[from] brn\n|faint|p1a: Dusknoir\n|upkeep\n|\n|t:|1663722402\n|switch|p1a: Crawdaunt|Crawdaunt, M|100\/100\n|-damage|p1a: Crawdaunt|88\/100|[from] Stealth Rock\n|turn|9\n|\n|t:|1663722416\n|move|p1a: Crawdaunt|Knock Off|p2a: Heatran\n|-damage|p2a: Heatran|34\/100\n|-enditem|p2a: Heatran|Leftovers|[from] move: Knock Off|[of] p1a: Crawdaunt\n|-damage|p1a: Crawdaunt|78\/100|[from] item: Life Orb\n|move|p2a: Heatran|Lava Plume|p1a: Crawdaunt\n|-resisted|p1a: Crawdaunt\n|-damage|p1a: Crawdaunt|48\/100\n|\n|upkeep\n|turn|10\n|\n|t:|1663722423\n|move|p1a: Crawdaunt|Crabhammer|p2a: Heatran\n|-supereffective|p2a: Heatran\n|-damage|p2a: Heatran|0 fnt\n|faint|p2a: Heatran\n|-damage|p1a: Crawdaunt|38\/100|[from] item: Life Orb\n|\n|-fieldend|move: Trick Room\n|upkeep\n|\n|t:|1663722427\n|switch|p2a: Gliscor|Gliscor, M|100\/100\n|turn|11\n|\n|t:|1663722432\n|move|p2a: Gliscor|U-turn|p1a: Crawdaunt\n|-supereffective|p1a: Crawdaunt\n|-damage|p1a: Crawdaunt|0 fnt\n|faint|p1a: Crawdaunt\n|\n|t:|1663722440\n|switch|p2a: Infernape|Infernape, M|100\/100|[from]move: U-turn\n|\n|upkeep\n|\n|t:|1663722458\n|switch|p1a: Azumarill|Azumarill, F|84\/100\n|-damage|p1a: Azumarill|72\/100|[from] Stealth Rock\n|turn|12\n|\n|t:|1663722467\n|switch|p2a: Slowking|Slowking, F|100\/100\n|move|p1a: Azumarill|Play Rough|p2a: Slowking|[miss]\n|-miss|p1a: Azumarill|p2a: Slowking\n|\n|upkeep\n|turn|13\n|\n|t:|1663722481\n|move|p2a: Slowking|Scald|p1a: Azumarill\n|-resisted|p1a: Azumarill\n|-damage|p1a: Azumarill|59\/100\n|move|p1a: Azumarill|Play Rough|p2a: Slowking\n|-damage|p2a: Slowking|45\/100\n|\n|upkeep\n|turn|14\n|\n|t:|1663722490\n|move|p2a: Slowking|Slack Off|p2a: Slowking\n|-heal|p2a: Slowking|95\/100\n|move|p1a: Azumarill|Play Rough|p2a: Slowking\n|-damage|p2a: Slowking|38\/100\n|\n|upkeep\n|turn|15\n|\n|t:|1663722497\n|switch|p2a: Gliscor|Gliscor, M|100\/100\n|move|p1a: Azumarill|Play Rough|p2a: Gliscor\n|-damage|p2a: Gliscor|58\/100\n|-unboost|p2a: Gliscor|atk|1\n|\n|-status|p2a: Gliscor|tox|[from] item: Toxic Orb\n|upkeep\n|turn|16\n|\n|t:|1663722510\n|move|p2a: Gliscor|Earthquake|p1a: Azumarill\n|-damage|p1a: Azumarill|36\/100\n|move|p1a: Azumarill|Waterfall|p2a: Gliscor\n|-supereffective|p2a: Gliscor\n|-damage|p2a: Gliscor|0 fnt\n|faint|p2a: Gliscor\n|\n|upkeep\n|\n|t:|1663722519\n|switch|p2a: Slowking|Slowking, F|72\/100\n|turn|17\n|\n|t:|1663722521\n|move|p2a: Slowking|Scald|p1a: Azumarill\n|-resisted|p1a: Azumarill\n|-damage|p1a: Azumarill|22\/100\n|move|p1a: Azumarill|Play Rough|p2a: Slowking\n|-damage|p2a: Slowking|11\/100\n|\n|upkeep\n|turn|18\n|\n|t:|1663722525\n|move|p1a: Azumarill|Aqua Jet|p2a: Slowking\n|-resisted|p2a: Slowking\n|-damage|p2a: Slowking|0 fnt\n|faint|p2a: Slowking\n|\n|upkeep\n|\n|t:|1663722526\n|switch|p2a: Infernape|Infernape, M|100\/100\n|turn|19\n|\n|t:|1663722528\n|move|p1a: Azumarill|Aqua Jet|p2a: Infernape\n|-supereffective|p2a: Infernape\n|-damage|p2a: Infernape|0 fnt\n|faint|p2a: Infernape\n|\n|win|TrickRoom93\n|raw|TrickRoom93's rating: 1265 &rarr; <strong>1285<\/strong><br \/>(+20 for winning)\n|raw|FENDINI's rating: 1196 &rarr; <strong>1176<\/strong><br \/>(-20 for losing)\n|c|\u2606TrickRoom93|Gg\n|l|\u2606FENDINI\n","uploadtime":1663722536,"views":9,"p1id":"trickroom93","p2id":"fendini","formatid":"gen8bdspou","rating":1176,"private":0,"password":null}