{"id":"gen8ou-1701766032","p1":"VirginJimmy99","p2":"Omari P","format":"gen8ou","log":"|j|\u2606VirginJimmy99\n|j|\u203dOmari P\n|t:|1667485901\n|gametype|singles\n|player|p1|VirginJimmy99|lucas|1818\n|player|p2|Omari P|pokemonrangerf|1810\n|teamsize|p1|6\n|teamsize|p2|6\n|gen|8\n|tier|[Gen 8] OU\n|rated|\n|rule|Sleep Clause Mod: Limit one foe put to sleep\n|rule|Species Clause: Limit one of each Pok\u00e9mon\n|rule|OHKO Clause: OHKO moves are banned\n|rule|Evasion Items Clause: Evasion items are banned\n|rule|Evasion Moves Clause: Evasion moves are banned\n|rule|Endless Battle Clause: Forcing endless battles is banned\n|rule|HP Percentage Mod: HP is shown in percentages\n|rule|Dynamax Clause: You cannot dynamax\n|clearpoke\n|poke|p1|Morpeko, M|\n|poke|p1|Rillaboom, F|\n|poke|p1|Mew|\n|poke|p1|Bisharp, F|\n|poke|p1|Nidoking, M|\n|poke|p1|Keldeo-Resolute|\n|poke|p2|Victini|\n|poke|p2|Mandibuzz, F|\n|poke|p2|Terrakion|\n|poke|p2|Nidoking, M|\n|poke|p2|Dragapult, M|\n|poke|p2|Cobalion|\n|teampreview\n|\n|t:|1667485915\n|start\n|switch|p1a: Mew|Mew|100\/100\n|switch|p2a: Nidoking|Nidoking, M|100\/100\n|turn|1\n|\n|t:|1667485919\n|move|p1a: Mew|Taunt|p2a: Nidoking\n|-start|p2a: Nidoking|move: Taunt\n|move|p2a: Nidoking|Sludge Wave|p1a: Mew\n|-damage|p1a: Mew|57\/100\n|\n|upkeep\n|turn|2\n|\n|t:|1667485922\n|move|p1a: Mew|Spikes|p2a: Nidoking\n|-sidestart|p2: Omari P|Spikes\n|move|p2a: Nidoking|Sludge Wave|p1a: Mew\n|-damage|p1a: Mew|14\/100\n|\n|upkeep\n|turn|3\n|\n|t:|1667485926\n|move|p1a: Mew|Stealth Rock|p2a: Nidoking\n|-sidestart|p2: Omari P|move: Stealth Rock\n|move|p2a: Nidoking|Sludge Wave|p1a: Mew\n|-crit|p1a: Mew\n|-damage|p1a: Mew|0 fnt\n|faint|p1a: Mew\n|\n|-end|p2a: Nidoking|move: Taunt\n|upkeep\n|\n|t:|1667485930\n|switch|p1a: Keldeo|Keldeo-Resolute|100\/100\n|turn|4\n|\n|t:|1667485936\n|move|p1a: Keldeo|Icy Wind|p2a: Nidoking\n|-supereffective|p2a: Nidoking\n|-damage|p2a: Nidoking|17\/100\n|-unboost|p2a: Nidoking|spe|1\n|move|p2a: Nidoking|Sludge Wave|p1a: Keldeo\n|-damage|p1a: Keldeo|40\/100\n|\n|upkeep\n|turn|5\n|\n|t:|1667485940\n|move|p1a: Keldeo|Icy Wind|p2a: Nidoking\n|-supereffective|p2a: Nidoking\n|-damage|p2a: Nidoking|0 fnt\n|faint|p2a: Nidoking\n|\n|upkeep\n|\n|t:|1667485943\n|switch|p2a: Mandibuzz|Mandibuzz, F, shiny|100\/100\n|-damage|p2a: Mandibuzz|76\/100|[from] Stealth Rock\n|turn|6\n|\n|t:|1667485946\n|move|p1a: Keldeo|Icy Wind|p2a: Mandibuzz\n|-supereffective|p2a: Mandibuzz\n|-damage|p2a: Mandibuzz|28\/100\n|-unboost|p2a: Mandibuzz|spe|1\n|move|p2a: Mandibuzz|Defog|p1a: Keldeo\n|-unboost|p1a: Keldeo|evasion|1\n|-sideend|p2: Omari P|Spikes|[from] move: Defog|[of] p2a: Mandibuzz\n|-sideend|p2: Omari P|Stealth Rock|[from] move: Defog|[of] p2a: Mandibuzz\n|\n|upkeep\n|turn|7\n|\n|t:|1667485951\n|switch|p2a: Victini|Victini|100\/100\n|move|p1a: Keldeo|Icy Wind|p2a: Victini\n|-resisted|p2a: Victini\n|-damage|p2a: Victini|90\/100\n|-unboost|p2a: Victini|spe|1\n|\n|upkeep\n|turn|8\n|\n|t:|1667485954\n|switch|p1a: Nidoking|Nidoking, M|100\/100\n|move|p2a: Victini|V-create|p1a: Nidoking\n|-damage|p1a: Nidoking|0 fnt\n|-unboost|p2a: Victini|spe|1\n|-unboost|p2a: Victini|def|1\n|-unboost|p2a: Victini|spd|1\n|faint|p1a: Nidoking\n|\n|upkeep\n|\n|t:|1667485960\n|switch|p1a: Morpeko|Morpeko, M|100\/100\n|turn|9\n|\n|t:|1667485971\n|switch|p2a: Mandibuzz|Mandibuzz, F, shiny|28\/100\n|move|p1a: Morpeko|Aura Wheel|p2a: Mandibuzz\n|-supereffective|p2a: Mandibuzz\n|-damage|p2a: Mandibuzz|0 fnt\n|-boost|p1a: Morpeko|spe|1\n|faint|p2a: Mandibuzz\n|-damage|p1a: Morpeko|91\/100|[from] item: Life Orb\n|\n|-formechange|p1a: Morpeko|Morpeko-Hangry||[from] ability: Hunger Switch\n|upkeep\n|\n|t:|1667485977\n|switch|p2a: Cobalion|Cobalion|100\/100\n|turn|10\n|\n|t:|1667485984\n|switch|p1a: Keldeo|Keldeo-Resolute|40\/100\n|move|p2a: Cobalion|Sacred Sword|p1a: Keldeo\n|-damage|p1a: Keldeo|0 fnt\n|faint|p1a: Keldeo\n|\n|upkeep\n|\n|t:|1667485986\n|switch|p1a: Rillaboom|Rillaboom, F|100\/100\n|-fieldstart|move: Grassy Terrain|[from] ability: Grassy Surge|[of] p1a: Rillaboom\n|turn|11\n|\n|t:|1667485989\n|move|p1a: Rillaboom|Swords Dance|p1a: Rillaboom\n|-boost|p1a: Rillaboom|atk|2\n|move|p2a: Cobalion|Sacred Sword|p1a: Rillaboom\n|-crit|p1a: Rillaboom\n|-damage|p1a: Rillaboom|49\/100\n|\n|-heal|p1a: Rillaboom|55\/100|[from] Grassy Terrain\n|upkeep\n|turn|12\n|\n|t:|1667485994\n|move|p1a: Rillaboom|Acrobatics|p2a: Cobalion\n|-damage|p2a: Cobalion|54\/100\n|-damage|p1a: Rillaboom|39\/100|[from] item: Rocky Helmet|[of] p2a: Cobalion\n|move|p2a: Cobalion|Sacred Sword|p1a: Rillaboom\n|-damage|p1a: Rillaboom|4\/100\n|\n|-heal|p1a: Rillaboom|10\/100|[from] Grassy Terrain\n|-heal|p2a: Cobalion|60\/100|[from] Grassy Terrain\n|upkeep\n|turn|13\n|\n|t:|1667486004\n|move|p1a: Rillaboom|Acrobatics|p2a: Cobalion\n|-damage|p2a: Cobalion|10\/100\n|-damage|p1a: Rillaboom|0 fnt|[from] item: Rocky Helmet|[of] p2a: Cobalion\n|faint|p1a: Rillaboom\n|move|p2a: Cobalion|Swords Dance|p2a: Cobalion\n|-boost|p2a: Cobalion|atk|2\n|\n|-heal|p2a: Cobalion|16\/100|[from] Grassy Terrain\n|upkeep\n|\n|t:|1667486006\n|switch|p1a: Morpeko|Morpeko, M|91\/100\n|turn|14\n|\n|t:|1667486008\n|move|p1a: Morpeko|Aura Wheel|p2a: Cobalion\n|-damage|p2a: Cobalion|0 fnt\n|-boost|p1a: Morpeko|spe|1\n|faint|p2a: Cobalion\n|-damage|p1a: Morpeko|81\/100|[from] item: Life Orb\n|\n|-heal|p1a: Morpeko|87\/100|[from] Grassy Terrain\n|-formechange|p1a: Morpeko|Morpeko-Hangry||[from] ability: Hunger Switch\n|upkeep\n|\n|t:|1667486013\n|switch|p2a: Terrakion|Terrakion|100\/100\n|turn|15\n|\n|t:|1667486014\n|move|p1a: Morpeko|Substitute|p1a: Morpeko\n|-start|p1a: Morpeko|Substitute\n|-damage|p1a: Morpeko|62\/100\n|move|p2a: Terrakion|Close Combat|p1a: Morpeko\n|-supereffective|p1a: Morpeko\n|-end|p1a: Morpeko|Substitute\n|-unboost|p2a: Terrakion|def|1\n|-unboost|p2a: Terrakion|spd|1\n|-damage|p2a: Terrakion|91\/100|[from] item: Life Orb\n|\n|-heal|p1a: Morpeko|69\/100|[from] Grassy Terrain\n|-heal|p2a: Terrakion|97\/100|[from] Grassy Terrain\n|-fieldend|move: Grassy Terrain\n|-formechange|p1a: Morpeko|Morpeko||[from] ability: Hunger Switch\n|upkeep\n|turn|16\n|\n|t:|1667486019\n|switch|p2a: Victini|Victini|90\/100\n|move|p1a: Morpeko|Aura Wheel|p2a: Victini\n|-damage|p2a: Victini|10\/100\n|-boost|p1a: Morpeko|spe|1\n|-damage|p1a: Morpeko|59\/100|[from] item: Life Orb\n|\n|-formechange|p1a: Morpeko|Morpeko-Hangry||[from] ability: Hunger Switch\n|upkeep\n|turn|17\n|\n|t:|1667486021\n|move|p1a: Morpeko|Aura Wheel|p2a: Victini\n|-supereffective|p2a: Victini\n|-damage|p2a: Victini|0 fnt\n|-boost|p1a: Morpeko|spe|1\n|faint|p2a: Victini\n|-damage|p1a: Morpeko|49\/100|[from] item: Life Orb\n|\n|-formechange|p1a: Morpeko|Morpeko||[from] ability: Hunger Switch\n|upkeep\n|\n|t:|1667486023\n|switch|p2a: Terrakion|Terrakion|97\/100\n|turn|18\n|\n|t:|1667486031\n|move|p1a: Morpeko|Substitute|p1a: Morpeko\n|-start|p1a: Morpeko|Substitute\n|-damage|p1a: Morpeko|24\/100\n|move|p2a: Terrakion|Stone Edge|p1a: Morpeko\n|-end|p1a: Morpeko|Substitute\n|-damage|p2a: Terrakion|87\/100|[from] item: Life Orb\n|\n|-formechange|p1a: Morpeko|Morpeko-Hangry||[from] ability: Hunger Switch\n|upkeep\n|turn|19\n|\n|t:|1667486039\n|move|p1a: Morpeko|Protect|p1a: Morpeko\n|-singleturn|p1a: Morpeko|Protect\n|move|p2a: Terrakion|Close Combat|p1a: Morpeko\n|-activate|p1a: Morpeko|move: Protect\n|\n|-formechange|p1a: Morpeko|Morpeko||[from] ability: Hunger Switch\n|upkeep\n|turn|20\n|\n|t:|1667486041\n|move|p1a: Morpeko|Aura Wheel|p2a: Terrakion\n|-damage|p2a: Terrakion|12\/100\n|-boost|p1a: Morpeko|spe|1\n|-damage|p1a: Morpeko|15\/100|[from] item: Life Orb\n|move|p2a: Terrakion|Stone Edge|p1a: Morpeko|[miss]\n|-miss|p2a: Terrakion|p1a: Morpeko\n|\n|-formechange|p1a: Morpeko|Morpeko-Hangry||[from] ability: Hunger Switch\n|upkeep\n|turn|21\n|-message|Omari P forfeited.\n|\n|win|VirginJimmy99\n|raw|VirginJimmy99's rating: 1818 &rarr; <strong>1838<\/strong><br \/>(+20 for winning)\n|raw|Omari P's rating: 1810 &rarr; <strong>1790<\/strong><br \/>(-20 for losing)\n|l|\u203dOmari P\n||Ladder isn't responding, score probably updated but might not have (Request timeout).\n","uploadtime":1667486060,"views":14,"p1id":"virginjimmy99","p2id":"omarip","formatid":"gen8ou","rating":1790,"private":0,"password":null}