{"id":"gen8nationaldexag-1700363765","p1":"bindeingott","p2":"Rediyu","format":"gen8nationaldexag","log":"|j|\u2606bindeingott\n|j|\u2606Rediyu\n|t:|1667333531\n|gametype|singles\n|player|p1|bindeingott|preschooler|\n|player|p2|Rediyu|guitarist|\n|teamsize|p1|6\n|teamsize|p2|6\n|gen|8\n|tier|[Gen 8] National Dex AG\n|rule|HP Percentage Mod: HP is shown in percentages\n|rule|Endless Battle Clause: Forcing endless battles is banned\n|clearpoke\n|poke|p1|Blissey, F|\n|poke|p1|Slowbro, M|\n|poke|p1|Corviknight, M|\n|poke|p1|Kyurem|\n|poke|p1|Zeraora|\n|poke|p1|Lycanroc-Dusk, F|\n|poke|p2|Blaziken, F|\n|poke|p2|Hydreigon, M|\n|poke|p2|Ferrothorn, F|\n|poke|p2|Deoxys-Defense|\n|poke|p2|Swampert, M|\n|poke|p2|Tornadus-Therian, M|\n|teampreview\n|c|\u2606Rediyu|glhf\n|c|\u2606bindeingott|dir auch\n|c|\u2606bindeingott|Timer?\n|c|\u2606Rediyu|mir egal, wenn ihr magt gerne\n|inactive|Battle timer is ON: inactive players will automatically lose when time's up. (requested by bindeingott)\n|c|\u2606bindeingott|SPiel allein leider ;)\n|\n|t:|1667333601\n|start\n|switch|p1a: Ke!n Michi|Corviknight, M|100\/100\n|switch|p2a: Ferrothorn|Ferrothorn, F|100\/100\n|-ability|p1a: Ke!n Michi|Pressure\n|turn|1\n|\n|t:|1667333612\n|move|p1a: Ke!n Michi|Brave Bird|p2a: Ferrothorn\n|-damage|p2a: Ferrothorn|71\/100\n|-damage|p1a: Ke!n Michi|88\/100|[from] ability: Iron Barbs|[of] p2a: Ferrothorn\n|-damage|p1a: Ke!n Michi|79\/100|[from] Recoil\n|move|p2a: Ferrothorn|Leech Seed|p1a: Ke!n Michi\n|-start|p1a: Ke!n Michi|move: Leech Seed\n|\n|-heal|p2a: Ferrothorn|77\/100|[from] item: Leftovers\n|-damage|p1a: Ke!n Michi|67\/100|[from] Leech Seed|[of] p2a: Ferrothorn\n|-heal|p2a: Ferrothorn|91\/100|[silent]\n|upkeep\n|turn|2\n|c|\u2606Rediyu|F\n|\n|t:|1667333622\n|move|p1a: Ke!n Michi|Roost|p1a: Ke!n Michi\n|-heal|p1a: Ke!n Michi|100\/100\n|-singleturn|p1a: Ke!n Michi|move: Roost\n|move|p2a: Ferrothorn|Leech Seed||[still]\n|-fail|p2a: Ferrothorn\n|\n|-heal|p2a: Ferrothorn|97\/100|[from] item: Leftovers\n|-damage|p1a: Ke!n Michi|88\/100|[from] Leech Seed|[of] p2a: Ferrothorn\n|-heal|p2a: Ferrothorn|100\/100|[silent]\n|upkeep\n|turn|3\n|\n|t:|1667333636\n|switch|p1a: Kein Mich1|Slowbro, M|100\/100\n|move|p2a: Ferrothorn|Iron Defense|p2a: Ferrothorn\n|-boost|p2a: Ferrothorn|def|2\n|\n|upkeep\n|turn|4\n|\n|t:|1667333647\n|switch|p2a: Hydreigon|Hydreigon, M|100\/100\n|detailschange|p1a: Kein Mich1|Slowbro-Mega, M\n|-mega|p1a: Kein Mich1|Slowbro|Slowbronite\n|move|p1a: Kein Mich1|Flamethrower|p2a: Hydreigon\n|-resisted|p2a: Hydreigon\n|-damage|p2a: Hydreigon|82\/100\n|\n|upkeep\n|turn|5\n|\n|t:|1667333652\n|switch|p1a: Blissey|Blissey, F|100\/100\n|move|p2a: Hydreigon|Work Up|p2a: Hydreigon\n|-boost|p2a: Hydreigon|atk|1\n|-boost|p2a: Hydreigon|spa|1\n|\n|upkeep\n|turn|6\n|inactive|Rediyu has 270 seconds left.\n|\n|t:|1667333686\n|move|p2a: Hydreigon|Dark Pulse|p1a: Blissey\n|-crit|p1a: Blissey\n|-damage|p1a: Blissey|64\/100\n|move|p1a: Blissey|Stealth Rock|p2a: Hydreigon\n|-sidestart|p2: Rediyu|move: Stealth Rock\n|\n|upkeep\n|turn|7\n|\n|t:|1667333705\n|move|p2a: Hydreigon|Superpower|p1a: Blissey\n|-supereffective|p1a: Blissey\n|-damage|p1a: Blissey|0 fnt\n|-unboost|p2a: Hydreigon|atk|1\n|-unboost|p2a: Hydreigon|def|1\n|faint|p1a: Blissey\n|\n|upkeep\n|inactive|bindeingott has 270 seconds left.\n|\n|t:|1667333726\n|switch|p1a: Ke!n Mich1|Lycanroc-Dusk, F|100\/100\n|turn|8\n|\n|t:|1667333736\n|switch|p2a: Swampert|Swampert, M|100\/100\n|-damage|p2a: Swampert|94\/100|[from] Stealth Rock\n|move|p1a: Ke!n Mich1|Close Combat|p2a: Swampert\n|-damage|p2a: Swampert|48\/100\n|-unboost|p1a: Ke!n Mich1|def|1\n|-unboost|p1a: Ke!n Mich1|spd|1\n|-damage|p1a: Ke!n Mich1|91\/100|[from] item: Life Orb\n|\n|upkeep\n|turn|9\n|\n|t:|1667333745\n|move|p1a: Ke!n Mich1|Crunch|p2a: Swampert\n|-damage|p2a: Swampert|15\/100\n|-damage|p1a: Ke!n Mich1|81\/100|[from] item: Life Orb\n|move|p2a: Swampert|Flip Turn|p1a: Ke!n Mich1\n|-supereffective|p1a: Ke!n Mich1\n|-damage|p1a: Ke!n Mich1|0 fnt\n|faint|p1a: Ke!n Mich1\n|\n|t:|1667333762\n|switch|p2a: Hydreigon|Hydreigon, M|82\/100|[from]move: Flip Turn\n|-damage|p2a: Hydreigon|70\/100|[from] Stealth Rock\n|\n|upkeep\n|\n|t:|1667333767\n|switch|p1a: Ke!n Mich!|Zeraora|100\/100\n|turn|10\n|\n|t:|1667333771\n|move|p1a: Ke!n Mich!|Play Rough|p2a: Hydreigon\n|-supereffective|p2a: Hydreigon\n|-damage|p2a: Hydreigon|0 fnt\n|faint|p2a: Hydreigon\n|\n|upkeep\n|\n|t:|1667333781\n|switch|p2a: Deoxys|Deoxys-Defense|100\/100\n|-damage|p2a: Deoxys|88\/100|[from] Stealth Rock\n|-ability|p2a: Deoxys|Pressure\n|turn|11\n|\n|t:|1667333787\n|move|p1a: Ke!n Mich!|Knock Off|p2a: Deoxys\n|-supereffective|p2a: Deoxys\n|-damage|p2a: Deoxys|40\/100\n|-enditem|p2a: Deoxys|Leftovers|[from] move: Knock Off|[of] p1a: Ke!n Mich!\n|move|p2a: Deoxys|Recover|p2a: Deoxys\n|-heal|p2a: Deoxys|90\/100\n|\n|upkeep\n|turn|12\n|\n|t:|1667333798\n|move|p1a: Ke!n Mich!|Plasma Fists|p2a: Deoxys\n|-damage|p2a: Deoxys|53\/100\n|-fieldactivate|move: Ion Deluge\n|-hint|Normal-type moves become Electric-type after using Plasma Fists.\n|move|p2a: Deoxys|Seismic Toss|p1a: Ke!n Mich!\n|-damage|p1a: Ke!n Mich!|72\/100\n|\n|upkeep\n|turn|13\n|\n|t:|1667333816\n|switch|p1a: Kein M!chi|Kyurem|100\/100\n|-ability|p1a: Kein M!chi|Pressure\n|move|p2a: Deoxys|Recover|p2a: Deoxys\n|-heal|p2a: Deoxys|100\/100\n|\n|upkeep\n|turn|14\n|\n|t:|1667333823\n|move|p1a: Kein M!chi|Substitute|p1a: Kein M!chi\n|-start|p1a: Kein M!chi|Substitute\n|-damage|p1a: Kein M!chi|76\/100\n|move|p2a: Deoxys|Taunt|p1a: Kein M!chi\n|-start|p1a: Kein M!chi|move: Taunt\n|\n|-heal|p1a: Kein M!chi|82\/100|[from] item: Leftovers\n|upkeep\n|turn|15\n|\n|t:|1667333828\n|move|p1a: Kein M!chi|Icicle Spear|p2a: Deoxys\n|-damage|p2a: Deoxys|93\/100\n|-damage|p2a: Deoxys|85\/100\n|-hitcount|p2a: Deoxys|2\n|move|p2a: Deoxys|Seismic Toss|p1a: Kein M!chi\n|-activate|p1a: Kein M!chi|move: Substitute|[damage]\n|\n|-heal|p1a: Kein M!chi|88\/100|[from] item: Leftovers\n|upkeep\n|turn|16\n|\n|t:|1667333834\n|move|p1a: Kein M!chi|Icicle Spear|p2a: Deoxys\n|-damage|p2a: Deoxys|76\/100\n|-damage|p2a: Deoxys|67\/100\n|-damage|p2a: Deoxys|59\/100\n|-hitcount|p2a: Deoxys|3\n|move|p2a: Deoxys|Seismic Toss|p1a: Kein M!chi\n|-end|p1a: Kein M!chi|Substitute\n|\n|-heal|p1a: Kein M!chi|94\/100|[from] item: Leftovers\n|upkeep\n|turn|17\n|\n|t:|1667333841\n|switch|p1a: Ke!n Michi|Corviknight, M|88\/100\n|-ability|p1a: Ke!n Michi|Pressure\n|move|p2a: Deoxys|Recover|p2a: Deoxys\n|-heal|p2a: Deoxys|100\/100\n|\n|upkeep\n|turn|18\n|\n|t:|1667333851\n|move|p2a: Deoxys|Spikes|p1a: Ke!n Michi\n|-sidestart|p1: bindeingott|Spikes\n|move|p1a: Ke!n Michi|U-turn|p2a: Deoxys\n|-supereffective|p2a: Deoxys\n|-damage|p2a: Deoxys|81\/100\n|\n|t:|1667333853\n|switch|p1a: Kein M!chi|Kyurem|94\/100|[from]move: U-turn\n|-damage|p1a: Kein M!chi|82\/100|[from] Spikes\n|-ability|p1a: Kein M!chi|Pressure\n|\n|-heal|p1a: Kein M!chi|88\/100|[from] item: Leftovers\n|upkeep\n|turn|19\n|\n|t:|1667333856\n|move|p1a: Kein M!chi|Substitute|p1a: Kein M!chi\n|-start|p1a: Kein M!chi|Substitute\n|-damage|p1a: Kein M!chi|63\/100\n|move|p2a: Deoxys|Taunt|p1a: Kein M!chi\n|-start|p1a: Kein M!chi|move: Taunt\n|\n|-heal|p1a: Kein M!chi|69\/100|[from] item: Leftovers\n|upkeep\n|turn|20\n|\n|t:|1667333864\n|switch|p2a: Ferrothorn|Ferrothorn, F|100\/100\n|-damage|p2a: Ferrothorn|94\/100|[from] Stealth Rock\n|move|p1a: Kein M!chi|Icicle Spear|p2a: Ferrothorn\n|-damage|p2a: Ferrothorn|85\/100\n|-damage|p2a: Ferrothorn|77\/100\n|-hitcount|p2a: Ferrothorn|2\n|\n|-heal|p1a: Kein M!chi|75\/100|[from] item: Leftovers\n|-heal|p2a: Ferrothorn|83\/100|[from] item: Leftovers\n|upkeep\n|turn|21\n|\n|t:|1667333870\n|move|p1a: Kein M!chi|Icicle Spear|p2a: Ferrothorn\n|-damage|p2a: Ferrothorn|74\/100\n|-damage|p2a: Ferrothorn|66\/100\n|-hitcount|p2a: Ferrothorn|2\n|move|p2a: Ferrothorn|Body Press|p1a: Kein M!chi\n|-supereffective|p1a: Kein M!chi\n|-end|p1a: Kein M!chi|Substitute\n|\n|-heal|p1a: Kein M!chi|81\/100|[from] item: Leftovers\n|-heal|p2a: Ferrothorn|72\/100|[from] item: Leftovers\n|upkeep\n|turn|22\n|\n|t:|1667333884\n|switch|p1a: Ke!n Michi|Corviknight, M|88\/100\n|-ability|p1a: Ke!n Michi|Pressure\n|move|p2a: Ferrothorn|Leech Seed|p1a: Ke!n Michi\n|-start|p1a: Ke!n Michi|move: Leech Seed\n|\n|-heal|p2a: Ferrothorn|78\/100|[from] item: Leftovers\n|-damage|p1a: Ke!n Michi|76\/100|[from] Leech Seed|[of] p2a: Ferrothorn\n|-heal|p2a: Ferrothorn|92\/100|[silent]\n|upkeep\n|turn|23\n|\n|t:|1667333899\n|move|p1a: Ke!n Michi|Defog|p2a: Ferrothorn\n|-unboost|p2a: Ferrothorn|evasion|1\n|-sideend|p2: Rediyu|Stealth Rock|[from] move: Defog|[of] p1a: Ke!n Michi\n|-sideend|p1: bindeingott|Spikes|[from] move: Defog|[of] p1a: Ke!n Michi\n|move|p2a: Ferrothorn|Iron Defense|p2a: Ferrothorn\n|-boost|p2a: Ferrothorn|def|2\n|\n|-heal|p2a: Ferrothorn|99\/100|[from] item: Leftovers\n|-damage|p1a: Ke!n Michi|64\/100|[from] Leech Seed|[of] p2a: Ferrothorn\n|-heal|p2a: Ferrothorn|100\/100|[silent]\n|upkeep\n|turn|24\n|\n|t:|1667333906\n|move|p1a: Ke!n Michi|Roost|p1a: Ke!n Michi\n|-heal|p1a: Ke!n Michi|100\/100\n|-singleturn|p1a: Ke!n Michi|move: Roost\n|move|p2a: Ferrothorn|Leech Seed||[still]\n|-fail|p2a: Ferrothorn\n|\n|-damage|p1a: Ke!n Michi|88\/100|[from] Leech Seed|[of] p2a: Ferrothorn\n|upkeep\n|turn|25\n|\n|t:|1667333911\n|switch|p1a: Kein Mich1|Slowbro-Mega, M|100\/100\n|move|p2a: Ferrothorn|Leech Seed|p1a: Kein Mich1\n|-start|p1a: Kein Mich1|move: Leech Seed\n|\n|-damage|p1a: Kein Mich1|88\/100|[from] Leech Seed|[of] p2a: Ferrothorn\n|upkeep\n|turn|26\n|\n|t:|1667333919\n|switch|p2a: Deoxys|Deoxys-Defense|81\/100\n|-ability|p2a: Deoxys|Pressure\n|move|p1a: Kein Mich1|Flamethrower|p2a: Deoxys\n|-damage|p2a: Deoxys|61\/100\n|\n|-damage|p1a: Kein Mich1|76\/100|[from] Leech Seed|[of] p2a: Deoxys\n|-heal|p2a: Deoxys|75\/100|[silent]\n|upkeep\n|turn|27\n|\n|t:|1667333925\n|switch|p1a: Ke!n Michi|Corviknight, M|88\/100\n|-ability|p1a: Ke!n Michi|Pressure\n|move|p2a: Deoxys|Spikes|p1a: Ke!n Michi\n|-sidestart|p1: bindeingott|Spikes\n|\n|upkeep\n|turn|28\n|\n|t:|1667333936\n|move|p2a: Deoxys|Taunt|p1a: Ke!n Michi\n|-start|p1a: Ke!n Michi|move: Taunt\n|cant|p1a: Ke!n Michi|move: Taunt|Defog\n|\n|upkeep\n|turn|29\n|\n|t:|1667333939\n|move|p2a: Deoxys|Spikes|p1a: Ke!n Michi\n|-sidestart|p1: bindeingott|Spikes\n|move|p1a: Ke!n Michi|U-turn|p2a: Deoxys\n|-supereffective|p2a: Deoxys\n|-damage|p2a: Deoxys|54\/100\n|\n|t:|1667333942\n|switch|p1a: Kein M!chi|Kyurem|81\/100|[from]move: U-turn\n|-damage|p1a: Kein M!chi|65\/100|[from] Spikes\n|-ability|p1a: Kein M!chi|Pressure\n|\n|-heal|p1a: Kein M!chi|71\/100|[from] item: Leftovers\n|upkeep\n|turn|30\n|\n|t:|1667333949\n|switch|p2a: Ferrothorn|Ferrothorn, F|100\/100\n|move|p1a: Kein M!chi|Dragon Dance|p1a: Kein M!chi\n|-boost|p1a: Kein M!chi|atk|1\n|-boost|p1a: Kein M!chi|spe|1\n|\n|-heal|p1a: Kein M!chi|77\/100|[from] item: Leftovers\n|upkeep\n|turn|31\n|\n|t:|1667333955\n|move|p1a: Kein M!chi|Substitute|p1a: Kein M!chi\n|-start|p1a: Kein M!chi|Substitute\n|-damage|p1a: Kein M!chi|52\/100\n|move|p2a: Ferrothorn|Body Press|p1a: Kein M!chi\n|-supereffective|p1a: Kein M!chi\n|-end|p1a: Kein M!chi|Substitute\n|\n|-heal|p1a: Kein M!chi|59\/100|[from] item: Leftovers\n|upkeep\n|turn|32\n|inactive|bindeingott has 270 seconds left.\n|\n|t:|1667333996\n|move|p1a: Kein M!chi|Substitute|p1a: Kein M!chi\n|-start|p1a: Kein M!chi|Substitute\n|-damage|p1a: Kein M!chi|34\/100\n|move|p2a: Ferrothorn|Gyro Ball|p1a: Kein M!chi\n|-supereffective|p1a: Kein M!chi\n|-end|p1a: Kein M!chi|Substitute\n|\n|-heal|p1a: Kein M!chi|40\/100|[from] item: Leftovers\n|upkeep\n|turn|33\n|\n|t:|1667334009\n|move|p1a: Kein M!chi|Roost|p1a: Kein M!chi\n|-heal|p1a: Kein M!chi|90\/100\n|-singleturn|p1a: Kein M!chi|move: Roost\n|move|p2a: Ferrothorn|Iron Defense|p2a: Ferrothorn\n|-boost|p2a: Ferrothorn|def|2\n|\n|-heal|p1a: Kein M!chi|96\/100|[from] item: Leftovers\n|upkeep\n|turn|34\n|\n|t:|1667334017\n|move|p1a: Kein M!chi|Substitute|p1a: Kein M!chi\n|-start|p1a: Kein M!chi|Substitute\n|-damage|p1a: Kein M!chi|71\/100\n|move|p2a: Ferrothorn|Gyro Ball|p1a: Kein M!chi\n|-supereffective|p1a: Kein M!chi\n|-crit|p1a: Kein M!chi\n|-end|p1a: Kein M!chi|Substitute\n|\n|-heal|p1a: Kein M!chi|77\/100|[from] item: Leftovers\n|upkeep\n|turn|35\n|inactive|bindeingott has 270 seconds left.\n|\n|t:|1667334023\n|switch|p1a: Ke!n Michi|Corviknight, M|88\/100\n|-ability|p1a: Ke!n Michi|Pressure\n|move|p2a: Ferrothorn|Body Press|p1a: Ke!n Michi\n|-damage|p1a: Ke!n Michi|57\/100\n|-damage|p2a: Ferrothorn|84\/100|[from] item: Rocky Helmet|[of] p1a: Ke!n Michi\n|\n|-heal|p2a: Ferrothorn|90\/100|[from] item: Leftovers\n|upkeep\n|turn|36\n|\n|t:|1667334030\n|move|p1a: Ke!n Michi|Defog|p2a: Ferrothorn\n|-unboost|p2a: Ferrothorn|evasion|1\n|-sideend|p1: bindeingott|Spikes|[from] move: Defog|[of] p1a: Ke!n Michi\n|move|p2a: Ferrothorn|Body Press|p1a: Ke!n Michi\n|-damage|p1a: Ke!n Michi|21\/100\n|-damage|p2a: Ferrothorn|74\/100|[from] item: Rocky Helmet|[of] p1a: Ke!n Michi\n|\n|-heal|p2a: Ferrothorn|80\/100|[from] item: Leftovers\n|upkeep\n|turn|37\n|\n|t:|1667334037\n|move|p1a: Ke!n Michi|Roost|p1a: Ke!n Michi\n|-heal|p1a: Ke!n Michi|71\/100\n|-singleturn|p1a: Ke!n Michi|move: Roost\n|move|p2a: Ferrothorn|Body Press|p1a: Ke!n Michi\n|-supereffective|p1a: Ke!n Michi\n|-damage|p1a: Ke!n Michi|3\/100\n|-damage|p2a: Ferrothorn|64\/100|[from] item: Rocky Helmet|[of] p1a: Ke!n Michi\n|\n|-heal|p2a: Ferrothorn|70\/100|[from] item: Leftovers\n|upkeep\n|turn|38\n|inactive|bindeingott has 270 seconds left.\n|\n|t:|1667334059\n|switch|p1a: Kein Mich1|Slowbro-Mega, M|76\/100\n|move|p2a: Ferrothorn|Body Press|p1a: Kein Mich1\n|-resisted|p1a: Kein Mich1\n|-damage|p1a: Kein Mich1|64\/100\n|\n|-heal|p2a: Ferrothorn|76\/100|[from] item: Leftovers\n|upkeep\n|turn|39\n|\n|t:|1667334063\n|switch|p2a: Deoxys|Deoxys-Defense|54\/100\n|-ability|p2a: Deoxys|Pressure\n|move|p1a: Kein Mich1|Flamethrower|p2a: Deoxys\n|-damage|p2a: Deoxys|35\/100\n|\n|upkeep\n|turn|40\n|inactive|bindeingott has 270 seconds left.\n|\n|t:|1667334086\n|move|p2a: Deoxys|Recover|p2a: Deoxys\n|-heal|p2a: Deoxys|85\/100\n|move|p1a: Kein Mich1|Flamethrower|p2a: Deoxys\n|-damage|p2a: Deoxys|67\/100\n|\n|upkeep\n|turn|41\n|\n|t:|1667334091\n|move|p2a: Deoxys|Spikes|p1a: Kein Mich1\n|-sidestart|p1: bindeingott|Spikes\n|move|p1a: Kein Mich1|Flamethrower|p2a: Deoxys\n|-damage|p2a: Deoxys|48\/100\n|-status|p2a: Deoxys|brn\n|\n|-damage|p2a: Deoxys|42\/100 brn|[from] brn\n|upkeep\n|turn|42\n|\n|t:|1667334096\n|switch|p1a: Ke!n Mich!|Zeraora|72\/100\n|move|p2a: Deoxys|Recover|p2a: Deoxys\n|-heal|p2a: Deoxys|92\/100 brn\n|\n|-damage|p2a: Deoxys|86\/100 brn|[from] brn\n|upkeep\n|turn|43\n|\n|t:|1667334102\n|move|p1a: Ke!n Mich!|Plasma Fists|p2a: Deoxys\n|-damage|p2a: Deoxys|48\/100 brn\n|-fieldactivate|move: Ion Deluge\n|-hint|Normal-type moves become Electric-type after using Plasma Fists.\n|move|p2a: Deoxys|Recover|p2a: Deoxys\n|-heal|p2a: Deoxys|99\/100 brn\n|\n|-damage|p2a: Deoxys|93\/100 brn|[from] brn\n|upkeep\n|turn|44\n|\n|t:|1667334108\n|move|p1a: Ke!n Mich!|Plasma Fists|p2a: Deoxys\n|-damage|p2a: Deoxys|61\/100 brn\n|-fieldactivate|move: Ion Deluge\n|-hint|Normal-type moves become Electric-type after using Plasma Fists.\n|move|p2a: Deoxys|Seismic Toss|p1a: Ke!n Mich!\n|-damage|p1a: Ke!n Mich!|43\/100\n|\n|-damage|p2a: Deoxys|55\/100 brn|[from] brn\n|upkeep\n|turn|45\n|\n|t:|1667334115\n|move|p1a: Ke!n Mich!|Plasma Fists|p2a: Deoxys\n|-damage|p2a: Deoxys|22\/100 brn\n|-fieldactivate|move: Ion Deluge\n|-hint|Normal-type moves become Electric-type after using Plasma Fists.\n|move|p2a: Deoxys|Recover|p2a: Deoxys\n|-heal|p2a: Deoxys|72\/100 brn\n|\n|-damage|p2a: Deoxys|66\/100 brn|[from] brn\n|upkeep\n|turn|46\n|\n|t:|1667334118\n|move|p1a: Ke!n Mich!|Plasma Fists|p2a: Deoxys\n|-damage|p2a: Deoxys|29\/100 brn\n|-fieldactivate|move: Ion Deluge\n|-hint|Normal-type moves become Electric-type after using Plasma Fists.\n|move|p2a: Deoxys|Recover|p2a: Deoxys\n|-heal|p2a: Deoxys|79\/100 brn\n|\n|-damage|p2a: Deoxys|73\/100 brn|[from] brn\n|upkeep\n|turn|47\n|\n|t:|1667334129\n|move|p1a: Ke!n Mich!|Plasma Fists|p2a: Deoxys\n|-damage|p2a: Deoxys|41\/100 brn\n|-fieldactivate|move: Ion Deluge\n|-hint|Normal-type moves become Electric-type after using Plasma Fists.\n|move|p2a: Deoxys|Recover|p2a: Deoxys\n|-heal|p2a: Deoxys|92\/100 brn\n|\n|-damage|p2a: Deoxys|86\/100 brn|[from] brn\n|upkeep\n|turn|48\n|\n|t:|1667334132\n|move|p1a: Ke!n Mich!|Plasma Fists|p2a: Deoxys\n|-damage|p2a: Deoxys|50\/100 brn\n|-fieldactivate|move: Ion Deluge\n|-hint|Normal-type moves become Electric-type after using Plasma Fists.\n|move|p2a: Deoxys|Recover|p2a: Deoxys\n|-heal|p2a: Deoxys|99\/100 brn\n|\n|-damage|p2a: Deoxys|94\/100 brn|[from] brn\n|upkeep\n|turn|49\n|\n|t:|1667334138\n|move|p1a: Ke!n Mich!|Knock Off|p2a: Deoxys\n|-supereffective|p2a: Deoxys\n|-damage|p2a: Deoxys|63\/100 brn\n|move|p2a: Deoxys|Seismic Toss|p1a: Ke!n Mich!\n|-damage|p1a: Ke!n Mich!|15\/100\n|\n|-damage|p2a: Deoxys|57\/100 brn|[from] brn\n|upkeep\n|turn|50\n|\n|t:|1667334142\n|move|p1a: Ke!n Mich!|Plasma Fists|p2a: Deoxys\n|-damage|p2a: Deoxys|20\/100 brn\n|-fieldactivate|move: Ion Deluge\n|-hint|Normal-type moves become Electric-type after using Plasma Fists.\n|move|p2a: Deoxys|Recover|p2a: Deoxys\n|-heal|p2a: Deoxys|70\/100 brn\n|\n|-damage|p2a: Deoxys|65\/100 brn|[from] brn\n|upkeep\n|turn|51\n|\n|t:|1667334147\n|move|p1a: Ke!n Mich!|Plasma Fists|p2a: Deoxys\n|-crit|p2a: Deoxys\n|-damage|p2a: Deoxys|11\/100 brn\n|-fieldactivate|move: Ion Deluge\n|-hint|Normal-type moves become Electric-type after using Plasma Fists.\n|move|p2a: Deoxys|Recover|p2a: Deoxys\n|-heal|p2a: Deoxys|61\/100 brn\n|\n|-damage|p2a: Deoxys|55\/100 brn|[from] brn\n|upkeep\n|turn|52\n|\n|t:|1667334150\n|move|p1a: Ke!n Mich!|Plasma Fists|p2a: Deoxys\n|-damage|p2a: Deoxys|22\/100 brn\n|-fieldactivate|move: Ion Deluge\n|-hint|Normal-type moves become Electric-type after using Plasma Fists.\n|move|p2a: Deoxys|Recover|p2a: Deoxys\n|-heal|p2a: Deoxys|72\/100 brn\n|\n|-damage|p2a: Deoxys|67\/100 brn|[from] brn\n|upkeep\n|turn|53\n|\n|t:|1667334153\n|move|p1a: Ke!n Mich!|Plasma Fists|p2a: Deoxys\n|-damage|p2a: Deoxys|34\/100 brn\n|-fieldactivate|move: Ion Deluge\n|-hint|Normal-type moves become Electric-type after using Plasma Fists.\n|move|p2a: Deoxys|Recover|p2a: Deoxys\n|-heal|p2a: Deoxys|84\/100 brn\n|\n|-damage|p2a: Deoxys|78\/100 brn|[from] brn\n|upkeep\n|turn|54\n|\n|t:|1667334161\n|move|p1a: Ke!n Mich!|Knock Off|p2a: Deoxys\n|-supereffective|p2a: Deoxys\n|-damage|p2a: Deoxys|47\/100 brn\n|move|p2a: Deoxys|Recover|p2a: Deoxys\n|-heal|p2a: Deoxys|98\/100 brn\n|\n|-damage|p2a: Deoxys|92\/100 brn|[from] brn\n|upkeep\n|turn|55\n|\n|t:|1667334163\n|move|p1a: Ke!n Mich!|Plasma Fists|p2a: Deoxys\n|-crit|p2a: Deoxys\n|-damage|p2a: Deoxys|35\/100 brn\n|-fieldactivate|move: Ion Deluge\n|-hint|Normal-type moves become Electric-type after using Plasma Fists.\n|move|p2a: Deoxys|Seismic Toss|p1a: Ke!n Mich!\n|-damage|p1a: Ke!n Mich!|0 fnt\n|faint|p1a: Ke!n Mich!\n|\n|-damage|p2a: Deoxys|29\/100 brn|[from] brn\n|upkeep\n|\n|t:|1667334168\n|switch|p1a: Kein M!chi|Kyurem|77\/100\n|-damage|p1a: Kein M!chi|65\/100|[from] Spikes\n|-ability|p1a: Kein M!chi|Pressure\n|turn|56\n|\n|t:|1667334175\n|switch|p2a: Ferrothorn|Ferrothorn, F|76\/100\n|move|p1a: Kein M!chi|Icicle Spear|p2a: Ferrothorn\n|-damage|p2a: Ferrothorn|67\/100\n|-damage|p2a: Ferrothorn|59\/100\n|-hitcount|p2a: Ferrothorn|2\n|\n|-heal|p1a: Kein M!chi|71\/100|[from] item: Leftovers\n|-heal|p2a: Ferrothorn|66\/100|[from] item: Leftovers\n|upkeep\n|turn|57\n|\n|t:|1667334201\n|move|p1a: Kein M!chi|Icicle Spear|p2a: Ferrothorn\n|-damage|p2a: Ferrothorn|57\/100\n|-damage|p2a: Ferrothorn|48\/100\n|-hitcount|p2a: Ferrothorn|2\n|move|p2a: Ferrothorn|Gyro Ball|p1a: Kein M!chi\n|-supereffective|p1a: Kein M!chi\n|-damage|p1a: Kein M!chi|0 fnt\n|faint|p1a: Kein M!chi\n|\n|-heal|p2a: Ferrothorn|54\/100|[from] item: Leftovers\n|upkeep\n|\n|t:|1667334204\n|switch|p1a: Ke!n Michi|Corviknight, M|3\/100\n|-ability|p1a: Ke!n Michi|Pressure\n|turn|58\n|\n|t:|1667334216\n|switch|p2a: Tornadus|Tornadus-Therian, M|100\/100\n|move|p1a: Ke!n Michi|Roost|p1a: Ke!n Michi\n|-heal|p1a: Ke!n Michi|53\/100\n|-singleturn|p1a: Ke!n Michi|move: Roost\n|\n|upkeep\n|turn|59\n|\n|t:|1667334220\n|move|p2a: Tornadus|Nasty Plot|p2a: Tornadus\n|-boost|p2a: Tornadus|spa|2\n|move|p1a: Ke!n Michi|Roost|p1a: Ke!n Michi\n|-heal|p1a: Ke!n Michi|100\/100\n|-singleturn|p1a: Ke!n Michi|move: Roost\n|\n|upkeep\n|turn|60\n|\n|t:|1667334223\n|move|p2a: Tornadus|Nasty Plot|p2a: Tornadus\n|-boost|p2a: Tornadus|spa|2\n|move|p1a: Ke!n Michi|Brave Bird|p2a: Tornadus\n|-damage|p2a: Tornadus|55\/100\n|-damage|p1a: Ke!n Michi|88\/100|[from] Recoil\n|\n|upkeep\n|turn|61\n|\n|t:|1667334225\n|move|p2a: Tornadus|Heat Wave|p1a: Ke!n Michi|[miss]\n|-miss|p2a: Tornadus|p1a: Ke!n Michi\n|move|p1a: Ke!n Michi|Brave Bird|p2a: Tornadus\n|-damage|p2a: Tornadus|8\/100\n|-damage|p1a: Ke!n Michi|76\/100|[from] Recoil\n|\n|upkeep\n|turn|62\n|\n|t:|1667334229\n|move|p2a: Tornadus|Heat Wave|p1a: Ke!n Michi\n|-supereffective|p1a: Ke!n Michi\n|-damage|p1a: Ke!n Michi|0 fnt\n|faint|p1a: Ke!n Michi\n|\n|upkeep\n|\n|t:|1667334231\n|switch|p1a: Kein Mich1|Slowbro-Mega, M|64\/100\n|-damage|p1a: Kein Mich1|52\/100|[from] Spikes\n|turn|63\n|\n|t:|1667334236\n|move|p2a: Tornadus|Air Slash|p1a: Kein Mich1\n|-damage|p1a: Kein Mich1|0 fnt\n|faint|p1a: Kein Mich1\n|\n|win|Rediyu\n|c|\u2606Rediyu|gg\n","uploadtime":1667334241,"views":20,"p1id":"bindeingott","p2id":"rediyu","formatid":"gen8nationaldexag","rating":0,"private":0,"password":null}