{"id":"gen8anythinggoes-1671113528","p1":"p0lt","p2":"MurderousMantyke","format":"gen8anythinggoes","log":"|j|\u2606p0lt\n|j|\u2606MurderousMantyke\n|t:|1664229866\n|gametype|singles\n|player|p1|p0lt|#agplivlionsden|1765\n|player|p2|MurderousMantyke|#helpstaffxmas|1880\n|teamsize|p1|6\n|teamsize|p2|6\n|gen|8\n|tier|[Gen 8] Anything Goes\n|rated|\n|rule|HP Percentage Mod: HP is shown in percentages\n|rule|Endless Battle Clause: Forcing endless battles is banned\n|clearpoke\n|poke|p1|Kyogre|\n|poke|p1|Tyranitar, M|\n|poke|p1|Eternatus|\n|poke|p1|Necrozma-Dusk-Mane|\n|poke|p1|Ferrothorn, F|\n|poke|p1|Quagsire, M|\n|poke|p2|Yveltal|\n|poke|p2|Necrozma-Dusk-Mane|\n|poke|p2|Eternatus|\n|poke|p2|Xerneas-*|\n|poke|p2|Calyrex-Shadow|\n|poke|p2|Groudon|\n|teampreview\n|inactive|Battle timer is ON: inactive players will automatically lose when time's up. (requested by p0lt)\n|inactive|MurderousMantyke also wants the timer to be on.\n|j| JGMNBR\n|c|\u2606p0lt|hf\n|c|\u2606MurderousMantyke|hf\n|\n|t:|1664229878\n|start\n|switch|p1a: Kyogre|Kyogre|100\/100\n|switch|p2a: Eternatus|Eternatus|100\/100\n|-ability|p2a: Eternatus|Pressure\n|-weather|RainDance|[from] ability: Drizzle|[of] p1a: Kyogre\n|turn|1\n|\n|t:|1664229881\n|switch|p1a: Tyranitar|Tyranitar, M|100\/100\n|-weather|Sandstorm|[from] ability: Sand Stream|[of] p1a: Tyranitar\n|move|p2a: Eternatus|Sludge Bomb|p1a: Tyranitar\n|-resisted|p1a: Tyranitar\n|-damage|p1a: Tyranitar|90\/100\n|\n|-weather|Sandstorm|[upkeep]\n|-damage|p2a: Eternatus|94\/100|[from] Sandstorm\n|-heal|p1a: Tyranitar|96\/100|[from] item: Leftovers\n|upkeep\n|turn|2\n|\n|t:|1664229883\n|move|p2a: Eternatus|Sludge Bomb|p1a: Tyranitar\n|-resisted|p1a: Tyranitar\n|-crit|p1a: Tyranitar\n|-damage|p1a: Tyranitar|81\/100\n|move|p1a: Tyranitar|Stealth Rock|p2a: Eternatus\n|-sidestart|p2: MurderousMantyke|move: Stealth Rock\n|\n|-weather|Sandstorm|[upkeep]\n|-damage|p2a: Eternatus|88\/100|[from] Sandstorm\n|-heal|p1a: Tyranitar|87\/100|[from] item: Leftovers\n|upkeep\n|turn|3\n|\n|t:|1664229886\n|move|p2a: Eternatus|Sludge Bomb|p1a: Tyranitar\n|-resisted|p1a: Tyranitar\n|-damage|p1a: Tyranitar|75\/100\n|-status|p1a: Tyranitar|psn\n|move|p1a: Tyranitar|Rock Blast|p2a: Eternatus\n|-damage|p2a: Eternatus|80\/100\n|-damage|p2a: Eternatus|71\/100\n|-hitcount|p2a: Eternatus|2\n|\n|-weather|Sandstorm|[upkeep]\n|-damage|p2a: Eternatus|65\/100|[from] Sandstorm\n|-heal|p1a: Tyranitar|81\/100 psn|[from] item: Leftovers\n|-damage|p1a: Tyranitar|69\/100 psn|[from] psn\n|upkeep\n|turn|4\n|\n|t:|1664229891\n|move|p2a: Eternatus|Flamethrower|p1a: Tyranitar\n|-resisted|p1a: Tyranitar\n|-damage|p1a: Tyranitar|62\/100 psn\n|move|p1a: Tyranitar|Foul Play|p2a: Eternatus\n|-damage|p2a: Eternatus|47\/100\n|\n|-weather|Sandstorm|[upkeep]\n|-damage|p2a: Eternatus|41\/100|[from] Sandstorm\n|-heal|p1a: Tyranitar|68\/100 psn|[from] item: Leftovers\n|-damage|p1a: Tyranitar|55\/100 psn|[from] psn\n|upkeep\n|turn|5\n|\n|t:|1664229895\n|move|p2a: Eternatus|Recover|p2a: Eternatus\n|-heal|p2a: Eternatus|91\/100\n|move|p1a: Tyranitar|Rest|p1a: Tyranitar\n|-status|p1a: Tyranitar|slp|[from] move: Rest\n|-heal|p1a: Tyranitar|100\/100 slp|[silent]\n|\n|-weather|none\n|upkeep\n|turn|6\n|\n|t:|1664229899\n|switch|p2a: Yveltal|Yveltal|100\/100\n|-ability|p2a: Yveltal|Dark Aura\n|switch|p1a: Kyogre|Kyogre|100\/100\n|-weather|RainDance|[from] ability: Drizzle|[of] p1a: Kyogre\n|\n|-weather|RainDance|[upkeep]\n|upkeep\n|turn|7\n|\n|t:|1664229901\n|move|p2a: Yveltal|Knock Off|p1a: Kyogre\n|-damage|p1a: Kyogre|45\/100\n|-enditem|p1a: Kyogre|Choice Specs|[from] move: Knock Off|[of] p2a: Yveltal\n|move|p1a: Kyogre|Water Spout|p2a: Yveltal\n|-damage|p2a: Yveltal|56\/100\n|\n|-weather|RainDance|[upkeep]\n|upkeep\n|turn|8\n|\n|t:|1664229915\n|-start|p1a: Kyogre|Dynamax|\n|-heal|p1a: Kyogre|45\/100|[silent]\n|move|p2a: Yveltal|Defog|p1a: Kyogre\n|-unboost|p1a: Kyogre|evasion|1\n|-sideend|p2: MurderousMantyke|Stealth Rock|[from] move: Defog|[of] p2a: Yveltal\n|move|p1a: Kyogre|Max Geyser|p2a: Yveltal\n|-crit|p2a: Yveltal\n|-damage|p2a: Yveltal|0 fnt\n|faint|p2a: Yveltal\n|\n|-weather|RainDance|[upkeep]\n|upkeep\n|\n|t:|1664229928\n|switch|p2a: Eternatus|Eternatus|91\/100\n|-ability|p2a: Eternatus|Pressure\n|turn|9\n|\n|t:|1664229930\n|move|p2a: Eternatus|Sludge Bomb|p1a: Kyogre\n|-damage|p1a: Kyogre|26\/100\n|-status|p1a: Kyogre|psn\n|move|p1a: Kyogre|Max Hailstorm|p2a: Eternatus\n|-supereffective|p2a: Eternatus\n|-damage|p2a: Eternatus|19\/100\n|-weather|Hail\n|\n|-weather|Hail|[upkeep]\n|-damage|p2a: Eternatus|13\/100|[from] Hail\n|-damage|p1a: Kyogre|23\/100 psn|[from] Hail\n|-damage|p1a: Kyogre|17\/100 psn|[from] psn\n|upkeep\n|turn|10\n|\n|t:|1664229936\n|move|p2a: Eternatus|Sludge Bomb|p1a: Kyogre\n|-damage|p1a: Kyogre|0 fnt\n|faint|p1a: Kyogre\n|\n|-weather|Hail|[upkeep]\n|-damage|p2a: Eternatus|7\/100|[from] Hail\n|upkeep\n|\n|t:|1664229943\n|switch|p1a: Necrozma|Necrozma-Dusk-Mane, shiny|100\/100\n|turn|11\n|\n|t:|1664229951\n|switch|p2a: Necrozma|Necrozma-Dusk-Mane|100\/100\n|move|p1a: Necrozma|Dragon Dance|p1a: Necrozma\n|-boost|p1a: Necrozma|atk|1\n|-boost|p1a: Necrozma|spe|1\n|\n|-weather|Hail|[upkeep]\n|-damage|p1a: Necrozma|94\/100|[from] Hail\n|-damage|p2a: Necrozma|94\/100|[from] Hail\n|-heal|p1a: Necrozma|100\/100|[from] item: Leftovers\n|upkeep\n|turn|12\n|\n|t:|1664229974\n|switch|p1a: Ferrothorn|Ferrothorn, F|100\/100\n|switch|p2a: Groudon|Groudon|100\/100\n|-weather|SunnyDay|[from] ability: Drought|[of] p2a: Groudon\n|\n|-weather|SunnyDay|[upkeep]\n|upkeep\n|turn|13\n|\n|t:|1664230002\n|move|p2a: Groudon|Precipice Blades|p1a: Ferrothorn|[miss]\n|-miss|p2a: Groudon|p1a: Ferrothorn\n|move|p1a: Ferrothorn|Iron Defense|p1a: Ferrothorn\n|-boost|p1a: Ferrothorn|def|2\n|\n|-weather|SunnyDay|[upkeep]\n|upkeep\n|turn|14\n|\n|t:|1664230006\n|switch|p2a: Necrozma|Necrozma-Dusk-Mane|94\/100\n|move|p1a: Ferrothorn|Spikes|p2a: Necrozma\n|-sidestart|p2: MurderousMantyke|Spikes\n|\n|-weather|SunnyDay|[upkeep]\n|upkeep\n|turn|15\n|\n|t:|1664230010\n|switch|p2a: Eternatus|Eternatus|7\/100\n|-damage|p2a: Eternatus|0 fnt|[from] Spikes\n|faint|p2a: Eternatus\n|move|p1a: Ferrothorn|Iron Defense|p1a: Ferrothorn\n|-boost|p1a: Ferrothorn|def|2\n|\n|-weather|SunnyDay|[upkeep]\n|upkeep\n|\n|t:|1664230013\n|switch|p2a: Calyrex|Calyrex-Shadow|100\/100\n|-ability|p2a: Calyrex|As One\n|-ability|p2a: Calyrex|Unnerve\n|-damage|p2a: Calyrex|88\/100|[from] Spikes\n|turn|16\n|\n|t:|1664230017\n|switch|p1a: Tyranitar|Tyranitar, M|100\/100 slp\n|-weather|Sandstorm|[from] ability: Sand Stream|[of] p1a: Tyranitar\n|move|p2a: Calyrex|Astral Barrage|p1a: Tyranitar\n|-resisted|p1a: Tyranitar\n|-damage|p1a: Tyranitar|86\/100 slp\n|\n|-weather|Sandstorm|[upkeep]\n|-damage|p2a: Calyrex|82\/100|[from] Sandstorm\n|-heal|p1a: Tyranitar|92\/100 slp|[from] item: Leftovers\n|upkeep\n|turn|17\n|\n|t:|1664230023\n|switch|p2a: Groudon|Groudon|100\/100\n|-damage|p2a: Groudon|88\/100|[from] Spikes\n|-weather|SunnyDay|[from] ability: Drought|[of] p2a: Groudon\n|switch|p1a: Necrozma|Necrozma-Dusk-Mane, shiny|100\/100\n|\n|-weather|SunnyDay|[upkeep]\n|-heal|p2a: Groudon|94\/100|[from] item: Leftovers\n|upkeep\n|turn|18\n|\n|t:|1664230026\n|move|p2a: Groudon|Precipice Blades|p1a: Necrozma\n|-supereffective|p1a: Necrozma\n|-damage|p1a: Necrozma|32\/100\n|move|p1a: Necrozma|Dragon Dance|p1a: Necrozma\n|-boost|p1a: Necrozma|atk|1\n|-boost|p1a: Necrozma|spe|1\n|\n|-weather|SunnyDay|[upkeep]\n|-heal|p1a: Necrozma|38\/100|[from] item: Leftovers\n|-heal|p2a: Groudon|100\/100|[from] item: Leftovers\n|upkeep\n|turn|19\n|\n|t:|1664230029\n|move|p1a: Necrozma|Sunsteel Strike|p2a: Groudon\n|-damage|p2a: Groudon|46\/100\n|move|p2a: Groudon|Precipice Blades|p1a: Necrozma\n|-supereffective|p1a: Necrozma\n|-damage|p1a: Necrozma|0 fnt\n|faint|p1a: Necrozma\n|\n|-weather|SunnyDay|[upkeep]\n|-heal|p2a: Groudon|53\/100|[from] item: Leftovers\n|upkeep\n|\n|t:|1664230032\n|switch|p1a: Ferrothorn|Ferrothorn, F|100\/100\n|turn|20\n|\n|t:|1664230035\n|switch|p2a: Calyrex|Calyrex-Shadow|82\/100\n|-ability|p2a: Calyrex|As One\n|-ability|p2a: Calyrex|Unnerve\n|-damage|p2a: Calyrex|70\/100|[from] Spikes\n|move|p1a: Ferrothorn|Iron Defense|p1a: Ferrothorn\n|-boost|p1a: Ferrothorn|def|2\n|\n|-weather|SunnyDay|[upkeep]\n|upkeep\n|turn|21\n|\n|t:|1664230040\n|move|p2a: Calyrex|Trick|p1a: Ferrothorn\n|-activate|p2a: Calyrex|move: Trick|[of] p1a: Ferrothorn\n|-item|p1a: Ferrothorn|Choice Scarf|[from] move: Trick\n|-item|p2a: Calyrex|Leftovers|[from] move: Trick\n|move|p1a: Ferrothorn|Leech Seed|p2a: Calyrex\n|-start|p2a: Calyrex|move: Leech Seed\n|\n|-weather|none\n|-heal|p2a: Calyrex|76\/100|[from] item: Leftovers\n|-damage|p2a: Calyrex|64\/100|[from] Leech Seed|[of] p1a: Ferrothorn\n|upkeep\n|turn|22\n|\n|t:|1664230046\n|switch|p1a: Tyranitar|Tyranitar, M|92\/100 slp\n|-weather|Sandstorm|[from] ability: Sand Stream|[of] p1a: Tyranitar\n|move|p2a: Calyrex|Astral Barrage|p1a: Tyranitar\n|-resisted|p1a: Tyranitar\n|-damage|p1a: Tyranitar|75\/100 slp\n|\n|-weather|Sandstorm|[upkeep]\n|-damage|p2a: Calyrex|57\/100|[from] Sandstorm\n|-heal|p2a: Calyrex|64\/100|[from] item: Leftovers\n|-heal|p1a: Tyranitar|82\/100 slp|[from] item: Leftovers\n|-damage|p2a: Calyrex|51\/100|[from] Leech Seed|[of] p1a: Tyranitar\n|-heal|p1a: Tyranitar|92\/100 slp|[silent]\n|upkeep\n|turn|23\n|\n|t:|1664230050\n|switch|p2a: Groudon|Groudon|53\/100\n|-damage|p2a: Groudon|40\/100|[from] Spikes\n|-weather|SunnyDay|[from] ability: Drought|[of] p2a: Groudon\n|switch|p1a: Eternatus|Eternatus|100\/100\n|-ability|p1a: Eternatus|Pressure\n|\n|-weather|SunnyDay|[upkeep]\n|-heal|p2a: Groudon|46\/100|[from] item: Leftovers\n|upkeep\n|turn|24\n|\n|t:|1664230054\n|switch|p1a: Quagsire|Quagsire, M, shiny|100\/100\n|move|p2a: Groudon|Precipice Blades|p1a: Quagsire|[miss]\n|-miss|p2a: Groudon|p1a: Quagsire\n|\n|-weather|SunnyDay|[upkeep]\n|-heal|p2a: Groudon|53\/100|[from] item: Leftovers\n|upkeep\n|turn|25\n|\n|t:|1664230059\n|switch|p2a: Necrozma|Necrozma-Dusk-Mane|94\/100\n|-damage|p2a: Necrozma|82\/100|[from] Spikes\n|move|p1a: Quagsire|Toxic|p2a: Necrozma|[miss]\n|-miss|p1a: Quagsire|p2a: Necrozma\n|\n|-weather|SunnyDay|[upkeep]\n|upkeep\n|turn|26\n|j| kyyoto\n|\n|t:|1664230061\n|move|p2a: Necrozma|Toxic|p1a: Quagsire|[miss]\n|-miss|p2a: Necrozma|p1a: Quagsire\n|move|p1a: Quagsire|Scald|p2a: Necrozma\n|-damage|p2a: Necrozma|75\/100\n|\n|-weather|SunnyDay|[upkeep]\n|upkeep\n|turn|27\n|\n|t:|1664230064\n|switch|p2a: Calyrex|Calyrex-Shadow|51\/100\n|-ability|p2a: Calyrex|As One\n|-ability|p2a: Calyrex|Unnerve\n|-damage|p2a: Calyrex|39\/100|[from] Spikes\n|switch|p1a: Ferrothorn|Ferrothorn, F|100\/100\n|\n|-weather|none\n|-heal|p2a: Calyrex|45\/100|[from] item: Leftovers\n|upkeep\n|turn|28\n|\n|t:|1664230066\n|switch|p1a: Tyranitar|Tyranitar, M|92\/100 slp\n|-weather|Sandstorm|[from] ability: Sand Stream|[of] p1a: Tyranitar\n|move|p2a: Calyrex|Astral Barrage|p1a: Tyranitar\n|-resisted|p1a: Tyranitar\n|-damage|p1a: Tyranitar|77\/100 slp\n|\n|-weather|Sandstorm|[upkeep]\n|-damage|p2a: Calyrex|39\/100|[from] Sandstorm\n|-heal|p2a: Calyrex|45\/100|[from] item: Leftovers\n|-heal|p1a: Tyranitar|84\/100 slp|[from] item: Leftovers\n|upkeep\n|turn|29\n|\n|t:|1664230069\n|move|p2a: Calyrex|Astral Barrage|p1a: Tyranitar\n|-resisted|p1a: Tyranitar\n|-crit|p1a: Tyranitar\n|-damage|p1a: Tyranitar|63\/100 slp\n|cant|p1a: Tyranitar|slp\n|\n|-weather|Sandstorm|[upkeep]\n|-damage|p2a: Calyrex|39\/100|[from] Sandstorm\n|-heal|p2a: Calyrex|45\/100|[from] item: Leftovers\n|-heal|p1a: Tyranitar|69\/100 slp|[from] item: Leftovers\n|upkeep\n|turn|30\n|\n|t:|1664230074\n|switch|p2a: Groudon|Groudon|53\/100\n|-damage|p2a: Groudon|40\/100|[from] Spikes\n|-weather|SunnyDay|[from] ability: Drought|[of] p2a: Groudon\n|cant|p1a: Tyranitar|slp\n|\n|-weather|SunnyDay|[upkeep]\n|-heal|p2a: Groudon|46\/100|[from] item: Leftovers\n|-heal|p1a: Tyranitar|75\/100 slp|[from] item: Leftovers\n|upkeep\n|turn|31\n|\n|t:|1664230076\n|switch|p1a: Quagsire|Quagsire, M, shiny|100\/100\n|move|p2a: Groudon|Precipice Blades|p1a: Quagsire\n|-crit|p1a: Quagsire\n|-damage|p1a: Quagsire|20\/100\n|\n|-weather|SunnyDay|[upkeep]\n|-heal|p2a: Groudon|53\/100|[from] item: Leftovers\n|upkeep\n|turn|32\n|\n|t:|1664230079\n|move|p2a: Groudon|Precipice Blades|p1a: Quagsire|[miss]\n|-miss|p2a: Groudon|p1a: Quagsire\n|move|p1a: Quagsire|Recover|p1a: Quagsire\n|-heal|p1a: Quagsire|70\/100\n|\n|-weather|SunnyDay|[upkeep]\n|-heal|p2a: Groudon|59\/100|[from] item: Leftovers\n|upkeep\n|turn|33\n|\n|t:|1664230082\n|-start|p2a: Groudon|Dynamax|\n|-heal|p2a: Groudon|59\/100|[silent]\n|move|p2a: Groudon|Max Quake|p1a: Quagsire\n|-damage|p1a: Quagsire|10\/100\n|-boost|p2a: Groudon|spd|1\n|move|p1a: Quagsire|Recover|p1a: Quagsire\n|-heal|p1a: Quagsire|60\/100\n|\n|-weather|SunnyDay|[upkeep]\n|-heal|p2a: Groudon|62\/100|[from] item: Leftovers\n|upkeep\n|turn|34\n|\n|t:|1664230087\n|switch|p1a: Eternatus|Eternatus|100\/100\n|-ability|p1a: Eternatus|Pressure\n|move|p2a: Groudon|Max Quake|p1a: Eternatus\n|-supereffective|p1a: Eternatus\n|-damage|p1a: Eternatus|0 fnt\n|-boost|p2a: Groudon|spd|1\n|faint|p1a: Eternatus\n|\n|-weather|none\n|-heal|p2a: Groudon|65\/100|[from] item: Leftovers\n|upkeep\n|\n|t:|1664230089\n|switch|p1a: Ferrothorn|Ferrothorn, F|100\/100\n|turn|35\n|\n|t:|1664230091\n|move|p2a: Groudon|Max Quake|p1a: Ferrothorn\n|-damage|p1a: Ferrothorn|49\/100\n|-boost|p2a: Groudon|spd|1\n|move|p1a: Ferrothorn|Iron Defense|p1a: Ferrothorn\n|-boost|p1a: Ferrothorn|def|2\n|\n|-heal|p2a: Groudon|68\/100|[from] item: Leftovers\n|upkeep\n|-end|p2a: Groudon|Dynamax\n|-heal|p2a: Groudon|68\/100|[silent]\n|turn|36\n|\n|t:|1664230097\n|move|p2a: Groudon|Swords Dance|p2a: Groudon\n|-boost|p2a: Groudon|atk|2\n|move|p1a: Ferrothorn|Iron Defense|p1a: Ferrothorn\n|-boost|p1a: Ferrothorn|def|2\n|\n|-heal|p2a: Groudon|74\/100|[from] item: Leftovers\n|upkeep\n|turn|37\n|\n|t:|1664230099\n|move|p2a: Groudon|Precipice Blades|p1a: Ferrothorn\n|-damage|p1a: Ferrothorn|18\/100\n|move|p1a: Ferrothorn|Iron Defense|p1a: Ferrothorn\n|-boost|p1a: Ferrothorn|def|2\n|\n|-heal|p2a: Groudon|80\/100|[from] item: Leftovers\n|upkeep\n|turn|38\n|\n|t:|1664230101\n|move|p2a: Groudon|Precipice Blades|p1a: Ferrothorn\n|-damage|p1a: Ferrothorn|0 fnt\n|faint|p1a: Ferrothorn\n|\n|-heal|p2a: Groudon|87\/100|[from] item: Leftovers\n|upkeep\n|\n|t:|1664230103\n|switch|p1a: Quagsire|Quagsire, M, shiny|60\/100\n|turn|39\n|\n|t:|1664230105\n|move|p2a: Groudon|Precipice Blades|p1a: Quagsire\n|-damage|p1a: Quagsire|6\/100\n|move|p1a: Quagsire|Recover|p1a: Quagsire\n|-heal|p1a: Quagsire|56\/100\n|\n|-heal|p2a: Groudon|93\/100|[from] item: Leftovers\n|upkeep\n|turn|40\n|\n|t:|1664230107\n|move|p2a: Groudon|Precipice Blades|p1a: Quagsire\n|-damage|p1a: Quagsire|0 fnt\n|faint|p1a: Quagsire\n|\n|-heal|p2a: Groudon|99\/100|[from] item: Leftovers\n|upkeep\n|c|\u2606p0lt|gg\n|c|\u2606MurderousMantyke|gg\n|\n|t:|1664230111\n|switch|p1a: Tyranitar|Tyranitar, M|75\/100 slp\n|-weather|Sandstorm|[from] ability: Sand Stream|[of] p1a: Tyranitar\n|turn|41\n|\n|t:|1664230122\n|move|p2a: Groudon|Precipice Blades|p1a: Tyranitar\n|-supereffective|p1a: Tyranitar\n|-damage|p1a: Tyranitar|0 fnt\n|faint|p1a: Tyranitar\n|\n|win|MurderousMantyke\n|raw|p0lt's rating: 1765 &rarr; <strong>1751<\/strong><br \/>(-14 for losing)\n|raw|MurderousMantyke's rating: 1880 &rarr; <strong>1894<\/strong><br \/>(+14 for winning)\n|l|\u2606p0lt\n|l|\u2606MurderousMantyke\n|j|\u2606MurderousMantyke\n|player|p2|MurderousMantyke|#helpstaffxmas\n","uploadtime":1664230150,"views":12,"p1id":"p0lt","p2id":"murderousmantyke","formatid":"gen8anythinggoes","rating":1751,"private":0,"password":null}