{"id":"gen8ou-1296943395","p1":"Brifye","p2":"Gladys Knight","format":"gen8ou","log":"|j|\u2606Brifye\n|j|\u2606Gladys Knight\n|t:|1615208522\n|player|p1|Brifye|blackbelt-gen4dp|1483\n|player|p2|Gladys Knight|karen|1553\n|teamsize|p1|6\n|teamsize|p2|6\n|gametype|singles\n|gen|8\n|tier|[Gen 8] OU\n|rated|\n|clearpoke\n|poke|p1|Blaziken, F|\n|poke|p1|Tapu Koko|\n|poke|p1|Zapdos|\n|poke|p1|Landorus-Therian, M|\n|poke|p1|Slowbro, M|\n|poke|p1|Scizor, M|\n|poke|p2|Regidrago|\n|poke|p2|Ferrothorn, F|\n|poke|p2|Heatran, M|\n|poke|p2|Victini|\n|poke|p2|Zapdos|\n|poke|p2|Clefable, M|\n|rule|Sleep Clause Mod: Limit one foe put to sleep\n|rule|Species Clause: Limit one of each Pok\u00e9mon\n|rule|OHKO Clause: OHKO moves are banned\n|rule|Evasion Moves Clause: Evasion moves are banned\n|rule|Endless Battle Clause: Forcing endless battles is banned\n|rule|HP Percentage Mod: HP is shown in percentages\n|rule|Dynamax Clause: You cannot dynamax\n|teampreview\n|\n|t:|1615208531\n|start\n|switch|p1a: Tapu Koko|Tapu Koko|100\/100\n|switch|p2a: Regidrago|Regidrago|100\/100\n|-fieldstart|move: Electric Terrain|[from] ability: Electric Surge|[of] p1a: Tapu Koko\n|turn|1\n|\n|t:|1615208540\n|switch|p2a: Ferrothorn|Ferrothorn, F|100\/100\n|move|p1a: Tapu Koko|Light Screen|p1a: Tapu Koko\n|-sidestart|p1: Brifye|move: Light Screen\n|\n|upkeep\n|turn|2\n|j| HelloFellowGamers!\n|\n|t:|1615208549\n|move|p1a: Tapu Koko|Volt Switch|p2a: Ferrothorn\n|-resisted|p2a: Ferrothorn\n|-damage|p2a: Ferrothorn|87\/100\n|\n|t:|1615208553\n|switch|p1a: Blaziken|Blaziken, F|100\/100|[from]move: Volt Switch\n|move|p2a: Ferrothorn|Gyro Ball|p1a: Blaziken\n|-resisted|p1a: Blaziken\n|-damage|p1a: Blaziken|22\/100\n|\n|upkeep\n|turn|3\n|\n|t:|1615208564\n|switch|p2a: Clefable|Clefable, M|100\/100\n|move|p1a: Blaziken|Close Combat|p2a: Clefable\n|-resisted|p2a: Clefable\n|-damage|p2a: Clefable|70\/100\n|-unboost|p1a: Blaziken|def|1\n|-unboost|p1a: Blaziken|spd|1\n|-damage|p1a: Blaziken|12\/100|[from] item: Life Orb\n|\n|-heal|p2a: Clefable|76\/100|[from] item: Leftovers\n|-ability|p1a: Blaziken|Speed Boost|boost\n|-boost|p1a: Blaziken|spe|1\n|upkeep\n|turn|4\n|\n|t:|1615208581\n|switch|p2a: Ferrothorn|Ferrothorn, F|87\/100\n|move|p1a: Blaziken|Flare Blitz|p2a: Ferrothorn\n|-supereffective|p2a: Ferrothorn\n|-damage|p2a: Ferrothorn|0 fnt\n|-damage|p1a: Blaziken|0 fnt|[from] ability: Iron Barbs|[of] p2a: Ferrothorn\n|faint|p2a: Ferrothorn\n|faint|p1a: Blaziken\n|\n|upkeep\n|l| HelloFellowGamers!\n|\n|t:|1615208600\n|switch|p1a: Tapu Koko|Tapu Koko|100\/100\n|switch|p2a: Victini|Victini|100\/100\n|turn|5\n|\n|t:|1615208609\n|move|p1a: Tapu Koko|Volt Switch|p2a: Victini\n|-damage|p2a: Victini|69\/100\n|\n|t:|1615208612\n|switch|p1a: Slowbro|Slowbro, M|100\/100|[from]move: Volt Switch\n|move|p2a: Victini|Trick|p1a: Slowbro\n|-activate|p2a: Victini|move: Trick|[of] p1a: Slowbro\n|-item|p1a: Slowbro|Choice Specs|[from] move: Trick\n|-item|p2a: Victini|Rocky Helmet|[from] move: Trick\n|\n|-fieldend|move: Electric Terrain\n|upkeep\n|turn|6\n|\n|t:|1615208622\n|move|p2a: Victini|Thunder|p1a: Slowbro\n|-supereffective|p1a: Slowbro\n|-damage|p1a: Slowbro|72\/100\n|-status|p1a: Slowbro|par\n|cant|p1a: Slowbro|par\n|\n|upkeep\n|turn|7\n|\n|t:|1615208631\n|switch|p2a: Clefable|Clefable, M|76\/100\n|move|p1a: Slowbro|Future Sight|p2a: Clefable\n|-start|p1a: Slowbro|move: Future Sight\n|\n|-heal|p2a: Clefable|82\/100|[from] item: Leftovers\n|upkeep\n|turn|8\n|\n|t:|1615208640\n|switch|p2a: Heatran|Heatran, M|100\/100\n|switch|p1a: Landorus|Landorus-Therian, M|100\/100\n|-ability|p1a: Landorus|Intimidate|boost\n|-unboost|p2a: Heatran|atk|1\n|\n|-sideend|p1: Brifye|move: Light Screen\n|upkeep\n|turn|9\n|\n|t:|1615208651\n|move|p2a: Heatran|Protect|p2a: Heatran\n|-singleturn|p2a: Heatran|Protect\n|move|p1a: Landorus|Earthquake|p2a: Heatran\n|-activate|p2a: Heatran|move: Protect\n|\n|-end|p2a: Heatran|move: Future Sight\n|-resisted|p2a: Heatran\n|-damage|p2a: Heatran|88\/100\n|-heal|p2a: Heatran|94\/100|[from] item: Leftovers\n|upkeep\n|turn|10\n|\n|t:|1615208662\n|move|p1a: Landorus|Earthquake|p2a: Heatran\n|-supereffective|p2a: Heatran\n|-damage|p2a: Heatran|0 fnt\n|faint|p2a: Heatran\n|\n|upkeep\n|\n|t:|1615208671\n|switch|p2a: Victini|Victini|69\/100\n|turn|11\n|\n|t:|1615208678\n|move|p2a: Victini|Searing Shot|p1a: Landorus\n|-damage|p1a: Landorus|53\/100\n|move|p1a: Landorus|Earthquake|p2a: Victini\n|-supereffective|p2a: Victini\n|-damage|p2a: Victini|0 fnt\n|faint|p2a: Victini\n|\n|-heal|p1a: Landorus|59\/100|[from] item: Leftovers\n|upkeep\n|\n|t:|1615208686\n|switch|p2a: Clefable|Clefable, M|82\/100\n|turn|12\n|\n|t:|1615208690\n|switch|p1a: Slowbro|Slowbro, M|100\/100 par\n|move|p2a: Clefable|Calm Mind|p2a: Clefable\n|-boost|p2a: Clefable|spa|1\n|-boost|p2a: Clefable|spd|1\n|\n|-heal|p2a: Clefable|88\/100|[from] item: Leftovers\n|upkeep\n|turn|13\n|\n|t:|1615208698\n|move|p2a: Clefable|Calm Mind|p2a: Clefable\n|-boost|p2a: Clefable|spa|1\n|-boost|p2a: Clefable|spd|1\n|move|p1a: Slowbro|Teleport|p1a: Slowbro\n|\n|t:|1615208702\n|switch|p1a: Scizor|Scizor, M|100\/100|[from]move: Teleport\n|\n|-heal|p2a: Clefable|94\/100|[from] item: Leftovers\n|upkeep\n|turn|14\n|\n|t:|1615208707\n|move|p1a: Scizor|Bullet Punch|p2a: Clefable\n|-supereffective|p2a: Clefable\n|-damage|p2a: Clefable|22\/100\n|move|p2a: Clefable|Moonblast|p1a: Scizor\n|-resisted|p1a: Scizor\n|-damage|p1a: Scizor|51\/100\n|\n|-heal|p2a: Clefable|28\/100|[from] item: Leftovers\n|upkeep\n|turn|15\n|\n|t:|1615208715\n|switch|p2a: Zapdos|Zapdos|100\/100\n|move|p1a: Scizor|Bullet Punch|p2a: Zapdos\n|-resisted|p2a: Zapdos\n|-damage|p2a: Zapdos|77\/100\n|-status|p1a: Scizor|par|[from] ability: Static|[of] p2a: Zapdos\n|\n|upkeep\n|turn|16\n|\n|t:|1615208725\n|switch|p1a: Tapu Koko|Tapu Koko|100\/100\n|-fieldstart|move: Electric Terrain|[from] ability: Electric Surge|[of] p1a: Tapu Koko\n|move|p2a: Zapdos|Toxic|p1a: Tapu Koko\n|-status|p1a: Tapu Koko|tox\n|\n|-damage|p1a: Tapu Koko|95\/100 tox|[from] psn\n|upkeep\n|turn|17\n|\n|t:|1615208738\n|move|p1a: Tapu Koko|Dazzling Gleam|p2a: Zapdos\n|-damage|p2a: Zapdos|52\/100\n|move|p2a: Zapdos|Roost|p2a: Zapdos\n|-heal|p2a: Zapdos|100\/100\n|-singleturn|p2a: Zapdos|move: Roost\n|\n|-damage|p1a: Tapu Koko|83\/100 tox|[from] psn\n|upkeep\n|turn|18\n|\n|t:|1615208747\n|move|p1a: Tapu Koko|Volt Switch|p2a: Zapdos\n|-damage|p2a: Zapdos|75\/100\n|\n|t:|1615208753\n|switch|p1a: Landorus|Landorus-Therian, M|59\/100|[from]move: Volt Switch\n|-ability|p1a: Landorus|Intimidate|boost\n|-unboost|p2a: Zapdos|atk|1\n|move|p2a: Zapdos|Toxic|p1a: Landorus\n|-status|p1a: Landorus|tox\n|\n|-heal|p1a: Landorus|65\/100 tox|[from] item: Leftovers\n|-damage|p1a: Landorus|59\/100 tox|[from] psn\n|upkeep\n|turn|19\n|\n|t:|1615208768\n|switch|p2a: Regidrago|Regidrago|100\/100\n|move|p1a: Landorus|Toxic|p2a: Regidrago\n|-status|p2a: Regidrago|tox\n|\n|-heal|p1a: Landorus|65\/100 tox|[from] item: Leftovers\n|-damage|p2a: Regidrago|94\/100 tox|[from] psn\n|-damage|p1a: Landorus|53\/100 tox|[from] psn\n|upkeep\n|turn|20\n|\n|t:|1615208784\n|switch|p1a: Slowbro|Slowbro, M|100\/100 par\n|move|p2a: Regidrago|Ancient Power|p1a: Slowbro\n|-damage|p1a: Slowbro|85\/100 par\n|\n|-damage|p2a: Regidrago|82\/100 tox|[from] psn\n|-fieldend|move: Electric Terrain\n|upkeep\n|turn|21\n|\n|t:|1615208792\n|switch|p2a: Clefable|Clefable, M|28\/100\n|cant|p1a: Slowbro|par\n|\n|-heal|p2a: Clefable|34\/100|[from] item: Leftovers\n|upkeep\n|turn|22\n|\n|t:|1615208804\n|switch|p1a: Zapdos|Zapdos|100\/100\n|move|p2a: Clefable|Soft-Boiled|p2a: Clefable\n|-heal|p2a: Clefable|84\/100\n|\n|-heal|p2a: Clefable|90\/100|[from] item: Leftovers\n|upkeep\n|turn|23\n|\n|t:|1615208811\n|move|p1a: Zapdos|Hurricane|p2a: Clefable|[miss]\n|-miss|p1a: Zapdos|p2a: Clefable\n|move|p2a: Clefable|Calm Mind|p2a: Clefable\n|-boost|p2a: Clefable|spa|1\n|-boost|p2a: Clefable|spd|1\n|\n|-heal|p2a: Clefable|96\/100|[from] item: Leftovers\n|upkeep\n|turn|24\n|\n|t:|1615208819\n|move|p1a: Zapdos|Hurricane|p2a: Clefable\n|-damage|p2a: Clefable|67\/100\n|-start|p2a: Clefable|confusion\n|-activate|p2a: Clefable|confusion\n|move|p2a: Clefable|Moonblast|p1a: Zapdos\n|-crit|p1a: Zapdos\n|-damage|p1a: Zapdos|28\/100\n|-unboost|p1a: Zapdos|spa|1\n|\n|-heal|p2a: Clefable|73\/100|[from] item: Leftovers\n|upkeep\n|turn|25\n|\n|t:|1615208830\n|move|p1a: Zapdos|Volt Switch|p2a: Clefable\n|-damage|p2a: Clefable|60\/100\n|\n|t:|1615208834\n|switch|p1a: Scizor|Scizor, M|51\/100 par|[from]move: Volt Switch\n|-activate|p2a: Clefable|confusion\n|-damage|p2a: Clefable|56\/100|[from] confusion\n|\n|-heal|p2a: Clefable|62\/100|[from] item: Leftovers\n|upkeep\n|turn|26\n|\n|t:|1615208845\n|switch|p2a: Zapdos|Zapdos|75\/100\n|move|p1a: Scizor|Bullet Punch|p2a: Zapdos\n|-resisted|p2a: Zapdos\n|-damage|p2a: Zapdos|51\/100\n|\n|upkeep\n|turn|27\n|\n|t:|1615208853\n|switch|p1a: Tapu Koko|Tapu Koko|83\/100 tox\n|-fieldstart|move: Electric Terrain|[from] ability: Electric Surge|[of] p1a: Tapu Koko\n|move|p2a: Zapdos|Roost|p2a: Zapdos\n|-heal|p2a: Zapdos|100\/100\n|-singleturn|p2a: Zapdos|move: Roost\n|\n|-damage|p1a: Tapu Koko|77\/100 tox|[from] psn\n|upkeep\n|turn|28\n|\n|t:|1615208864\n|move|p1a: Tapu Koko|Light Screen|p1a: Tapu Koko\n|-sidestart|p1: Brifye|move: Light Screen\n|move|p2a: Zapdos|Discharge|p1a: Tapu Koko\n|-resisted|p1a: Tapu Koko\n|-damage|p1a: Tapu Koko|65\/100 tox\n|\n|-damage|p1a: Tapu Koko|53\/100 tox|[from] psn\n|upkeep\n|turn|29\n|\n|t:|1615208871\n|move|p1a: Tapu Koko|Volt Switch|p2a: Zapdos\n|-damage|p2a: Zapdos|75\/100\n|\n|t:|1615208875\n|switch|p1a: Zapdos|Zapdos|28\/100|[from]move: Volt Switch\n|move|p2a: Zapdos|Defog|p1a: Zapdos\n|-unboost|p1a: Zapdos|evasion|1\n|-sideend|p1: Brifye|move: Light Screen\n|-fieldend|move: Electric Terrain\n|\n|upkeep\n|turn|30\n|\n|t:|1615208884\n|move|p1a: Zapdos|Roost|p1a: Zapdos\n|-heal|p1a: Zapdos|79\/100\n|-singleturn|p1a: Zapdos|move: Roost\n|move|p2a: Zapdos|Toxic|p1a: Zapdos\n|-status|p1a: Zapdos|tox\n|\n|-damage|p1a: Zapdos|73\/100 tox|[from] psn\n|upkeep\n|turn|31\n|\n|t:|1615208898\n|move|p1a: Zapdos|Volt Switch|p2a: Zapdos\n|-damage|p2a: Zapdos|53\/100\n|\n|t:|1615208905\n|switch|p1a: Landorus|Landorus-Therian, M|53\/100 tox|[from]move: Volt Switch\n|-ability|p1a: Landorus|Intimidate|boost\n|-unboost|p2a: Zapdos|atk|1\n|move|p2a: Zapdos|Roost|p2a: Zapdos\n|-heal|p2a: Zapdos|100\/100\n|-singleturn|p2a: Zapdos|move: Roost\n|\n|-heal|p1a: Landorus|59\/100 tox|[from] item: Leftovers\n|-damage|p1a: Landorus|53\/100 tox|[from] psn\n|upkeep\n|turn|32\n|\n|t:|1615208916\n|switch|p2a: Regidrago|Regidrago|82\/100 tox\n|move|p1a: Landorus|Stone Edge|p2a: Regidrago\n|-damage|p2a: Regidrago|46\/100 tox\n|\n|-heal|p1a: Landorus|59\/100 tox|[from] item: Leftovers\n|-damage|p2a: Regidrago|40\/100 tox|[from] psn\n|-damage|p1a: Landorus|47\/100 tox|[from] psn\n|upkeep\n|turn|33\n|\n|t:|1615208927\n|switch|p1a: Slowbro|Slowbro, M|100\/100 par\n|move|p2a: Regidrago|Explosion|p1a: Slowbro\n|-damage|p1a: Slowbro|62\/100 par\n|faint|p2a: Regidrago\n|\n|upkeep\n|\n|t:|1615208936\n|switch|p2a: Clefable|Clefable, M|62\/100\n|turn|34\n|\n|t:|1615208942\n|switch|p1a: Scizor|Scizor, M|51\/100 par\n|move|p2a: Clefable|Moonblast|p1a: Scizor\n|-resisted|p1a: Scizor\n|-damage|p1a: Scizor|30\/100 par\n|-unboost|p1a: Scizor|spa|1\n|\n|-heal|p2a: Clefable|68\/100|[from] item: Leftovers\n|upkeep\n|turn|35\n|\n|t:|1615208951\n|switch|p2a: Zapdos|Zapdos|100\/100\n|move|p1a: Scizor|Knock Off|p2a: Zapdos\n|-damage|p2a: Zapdos|50\/100\n|-enditem|p2a: Zapdos|Heavy-Duty Boots|[from] move: Knock Off|[of] p1a: Scizor\n|\n|upkeep\n|turn|36\n|\n|t:|1615208961\n|switch|p1a: Zapdos|Zapdos|73\/100 tox\n|move|p2a: Zapdos|Roost|p2a: Zapdos\n|-heal|p2a: Zapdos|99\/100\n|-singleturn|p2a: Zapdos|move: Roost\n|\n|-damage|p1a: Zapdos|67\/100 tox|[from] psn\n|upkeep\n|turn|37\n|\n|t:|1615208970\n|move|p1a: Zapdos|Volt Switch|p2a: Zapdos\n|-damage|p2a: Zapdos|78\/100\n|\n|t:|1615208974\n|switch|p1a: Landorus|Landorus-Therian, M|47\/100 tox|[from]move: Volt Switch\n|-ability|p1a: Landorus|Intimidate|boost\n|-unboost|p2a: Zapdos|atk|1\n|move|p2a: Zapdos|Discharge|p1a: Landorus\n|-immune|p1a: Landorus\n|\n|-heal|p1a: Landorus|53\/100 tox|[from] item: Leftovers\n|-damage|p1a: Landorus|47\/100 tox|[from] psn\n|upkeep\n|turn|38\n|\n|t:|1615208988\n|switch|p2a: Clefable|Clefable, M|68\/100\n|move|p1a: Landorus|Stone Edge|p2a: Clefable\n|-damage|p2a: Clefable|45\/100\n|\n|-heal|p1a: Landorus|53\/100 tox|[from] item: Leftovers\n|-heal|p2a: Clefable|51\/100|[from] item: Leftovers\n|-damage|p1a: Landorus|41\/100 tox|[from] psn\n|upkeep\n|turn|39\n|\n|t:|1615208998\n|move|p1a: Landorus|Stealth Rock|p2a: Clefable\n|-sidestart|p2: Gladys Knight|move: Stealth Rock\n|move|p2a: Clefable|Soft-Boiled|p2a: Clefable\n|-heal|p2a: Clefable|100\/100\n|\n|-heal|p1a: Landorus|47\/100 tox|[from] item: Leftovers\n|-damage|p1a: Landorus|29\/100 tox|[from] psn\n|upkeep\n|turn|40\n|\n|t:|1615209006\n|move|p1a: Landorus|Earthquake|p2a: Clefable\n|-damage|p2a: Clefable|67\/100\n|move|p2a: Clefable|Moonblast|p1a: Landorus\n|-damage|p1a: Landorus|0 fnt\n|faint|p1a: Landorus\n|\n|-heal|p2a: Clefable|73\/100|[from] item: Leftovers\n|upkeep\n|\n|t:|1615209014\n|switch|p1a: Scizor|Scizor, M|30\/100 par\n|turn|41\n|\n|t:|1615209018\n|switch|p2a: Zapdos|Zapdos|78\/100\n|-damage|p2a: Zapdos|53\/100|[from] Stealth Rock\n|move|p1a: Scizor|Bullet Punch|p2a: Zapdos\n|-resisted|p2a: Zapdos\n|-damage|p2a: Zapdos|28\/100\n|\n|upkeep\n|turn|42\n|\n|t:|1615209027\n|cant|p1a: Scizor|par\n|move|p2a: Zapdos|Roost|p2a: Zapdos\n|-heal|p2a: Zapdos|79\/100\n|-singleturn|p2a: Zapdos|move: Roost\n|\n|upkeep\n|turn|43\n|\n|t:|1615209039\n|switch|p1a: Tapu Koko|Tapu Koko|53\/100 tox\n|-fieldstart|move: Electric Terrain|[from] ability: Electric Surge|[of] p1a: Tapu Koko\n|move|p2a: Zapdos|Discharge|p1a: Tapu Koko\n|-resisted|p1a: Tapu Koko\n|-damage|p1a: Tapu Koko|29\/100 tox\n|\n|-damage|p1a: Tapu Koko|23\/100 tox|[from] psn\n|upkeep\n|turn|44\n|\n|t:|1615209048\n|move|p1a: Tapu Koko|Light Screen|p1a: Tapu Koko\n|-sidestart|p1: Brifye|move: Light Screen\n|move|p2a: Zapdos|Discharge|p1a: Tapu Koko\n|-resisted|p1a: Tapu Koko\n|-damage|p1a: Tapu Koko|12\/100 tox\n|\n|-damage|p1a: Tapu Koko|0 fnt|[from] psn\n|faint|p1a: Tapu Koko\n|upkeep\n|\n|t:|1615209057\n|switch|p1a: Zapdos|Zapdos|67\/100 tox\n|turn|45\n|\n|t:|1615209064\n|move|p1a: Zapdos|Volt Switch|p2a: Zapdos\n|-damage|p2a: Zapdos|57\/100\n|\n|t:|1615209069\n|switch|p1a: Scizor|Scizor, M|30\/100 par|[from]move: Volt Switch\n|move|p2a: Zapdos|Roost|p2a: Zapdos\n|-heal|p2a: Zapdos|100\/100\n|-singleturn|p2a: Zapdos|move: Roost\n|\n|upkeep\n|turn|46\n|inactive|Battle timer is ON: inactive players will automatically lose when time's up. (requested by Gladys Knight)\n|\n|t:|1615209098\n|move|p2a: Zapdos|Discharge|p1a: Scizor\n|-damage|p1a: Scizor|7\/100 par\n|cant|p1a: Scizor|par\n|\n|upkeep\n|turn|47\n|\n|t:|1615209107\n|switch|p1a: Slowbro|Slowbro, M|95\/100 par\n|move|p2a: Zapdos|Discharge|p1a: Slowbro\n|-supereffective|p1a: Slowbro\n|-damage|p1a: Slowbro|65\/100 par\n|\n|-fieldend|move: Electric Terrain\n|upkeep\n|turn|48\n|\n|t:|1615209117\n|move|p2a: Zapdos|Discharge|p1a: Slowbro\n|-supereffective|p1a: Slowbro\n|-damage|p1a: Slowbro|37\/100 par\n|cant|p1a: Slowbro|par\n|\n|upkeep\n|turn|49\n|\n|t:|1615209122\n|move|p2a: Zapdos|Discharge|p1a: Slowbro\n|-supereffective|p1a: Slowbro\n|-damage|p1a: Slowbro|4\/100 par\n|move|p1a: Slowbro|Future Sight|p2a: Zapdos\n|-start|p1a: Slowbro|move: Future Sight\n|\n|upkeep\n|turn|50\n|\n|t:|1615209128\n|move|p2a: Zapdos|Discharge|p1a: Slowbro\n|-supereffective|p1a: Slowbro\n|-damage|p1a: Slowbro|0 fnt\n|faint|p1a: Slowbro\n|\n|upkeep\n|\n|t:|1615209132\n|switch|p1a: Zapdos|Zapdos|67\/100 tox\n|turn|51\n|\n|t:|1615209136\n|move|p1a: Zapdos|Hurricane|p2a: Zapdos\n|-resisted|p2a: Zapdos\n|-damage|p2a: Zapdos|82\/100\n|move|p2a: Zapdos|Roost|p2a: Zapdos\n|-heal|p2a: Zapdos|100\/100\n|-singleturn|p2a: Zapdos|move: Roost\n|\n|-end|p2a: Zapdos|move: Future Sight\n|-damage|p2a: Zapdos|67\/100\n|-damage|p1a: Zapdos|61\/100 tox|[from] psn\n|-sideend|p1: Brifye|move: Light Screen\n|upkeep\n|turn|52\n|\n|t:|1615209147\n|move|p1a: Zapdos|Volt Switch|p2a: Zapdos\n|-damage|p2a: Zapdos|44\/100\n|\n|t:|1615209150\n|switch|p1a: Scizor|Scizor, M|7\/100 par|[from]move: Volt Switch\n|move|p2a: Zapdos|Roost|p2a: Zapdos\n|-heal|p2a: Zapdos|94\/100\n|-singleturn|p2a: Zapdos|move: Roost\n|\n|upkeep\n|turn|53\n|\n|t:|1615209158\n|move|p2a: Zapdos|Discharge|p1a: Scizor\n|-damage|p1a: Scizor|0 fnt\n|faint|p1a: Scizor\n|\n|upkeep\n|-message|Brifye forfeited.\n|\n|win|Gladys Knight\n|l|\u2606Brifye\n|raw|Brifye's rating: 1483 &rarr; <strong>1467<\/strong><br \/>(-16 for losing)\n|raw|Gladys Knight's rating: 1554 &rarr; <strong>1570<\/strong><br \/>(+16 for winning)\n","uploadtime":1615209253,"views":13,"p1id":"brifye","p2id":"gladysknight","formatid":"gen8ou","rating":1467,"private":0,"password":null}