{"id":"gen8stabmons-1691719223","p1":"Unviabriel","p2":"MagikarpIsAG","format":"gen8stabmons","log":"|j|\u2606Unviabriel\n|j|\u2606MagikarpIsAG\n|t:|1666399468\n|gametype|singles\n|player|p1|Unviabriel|shauntal|\n|player|p2|MagikarpIsAG|emma|\n|teamsize|p1|6\n|teamsize|p2|6\n|gen|8\n|tier|[Gen 8] STABmons\n|rule|Species Clause: Limit one of each Pok\u00e9mon\n|rule|OHKO Clause: OHKO moves are banned\n|rule|Evasion Moves Clause: Evasion moves are banned\n|rule|Endless Battle Clause: Forcing endless battles is banned\n|rule|Dynamax Clause: You cannot dynamax\n|rule|HP Percentage Mod: HP is shown in percentages\n|rule|Sleep Clause: Sleep-inducing moves are banned\n|clearpoke\n|poke|p1|Terrakion|\n|poke|p1|Mudsdale, F|\n|poke|p1|Toxapex, M|\n|poke|p1|Corviknight, M|\n|poke|p1|Weavile, M|\n|poke|p1|Rotom-Heat|\n|poke|p2|Sylveon, M|\n|poke|p2|Seismitoad, M|\n|poke|p2|Tyranitar, M|\n|poke|p2|Toxapex, M|\n|poke|p2|Cinderace, M|\n|poke|p2|Ferrothorn, F|\n|teampreview\n|inactive|Battle timer is ON: inactive players will automatically lose when time's up. (requested by MagikarpIsAG)\n|c|\u2606Unviabriel|glhf\n|j| mnm so duck\n|c|\u2606MagikarpIsAG|u2\n|j| zioziotrip\n|j| I like forum posts\n|inactive|Unviabriel has 270 seconds left.\n|inactive|MagikarpIsAG has 270 seconds left.\n|inactive|MagikarpIsAG has 240 seconds left.\n|inactive|MagikarpIsAG has 210 seconds left.\n|j| Ren\n|\n|t:|1666399580\n|start\n|switch|p1a: Rotom|Rotom-Heat|100\/100\n|switch|p2a: Cinderace|Cinderace, M|100\/100\n|turn|1\n|l| I like forum posts\n|j| I like forum posts\n|\n|t:|1666399608\n|move|p2a: Cinderace|U-turn|p1a: Rotom\n|-start|p2a: Cinderace|typechange|Bug|[from] ability: Libero\n|-resisted|p1a: Rotom\n|-damage|p1a: Rotom|82\/100\n|inactive|MagikarpIsAG has 240 seconds left.\n|\n|t:|1666399643\n|switch|p2a: Toxapex|Toxapex, M|100\/100|[from]move: U-turn\n|move|p1a: Rotom|Thunder Cage|p2a: Toxapex\n|-supereffective|p2a: Toxapex\n|-damage|p2a: Toxapex|45\/100\n|-activate|p2a: Toxapex|move: Thunder Cage|[of] p1a: Rotom\n|\n|-damage|p2a: Toxapex|32\/100|[from] move: Thunder Cage|[partiallytrapped]\n|upkeep\n|turn|2\n|\n|t:|1666399653\n|move|p1a: Rotom|Thunder Cage|p2a: Toxapex\n|-supereffective|p2a: Toxapex\n|-damage|p2a: Toxapex|0 fnt\n|faint|p2a: Toxapex\n|\n|upkeep\n|\n|t:|1666399672\n|switch|p2a: Tyranitar|Tyranitar, M|100\/100\n|-weather|Sandstorm|[from] ability: Sand Stream|[of] p2a: Tyranitar\n|turn|3\n|\n|t:|1666399688\n|switch|p1a: Mudsdale|Mudsdale, F|100\/100\n|move|p2a: Tyranitar|Knock Off|p1a: Mudsdale\n|-damage|p1a: Mudsdale|59\/100\n|-damage|p2a: Tyranitar|84\/100|[from] item: Rocky Helmet|[of] p1a: Mudsdale\n|-ability|p1a: Mudsdale|Stamina|boost\n|-boost|p1a: Mudsdale|def|1\n|-enditem|p1a: Mudsdale|Rocky Helmet|[from] move: Knock Off|[of] p2a: Tyranitar\n|-damage|p2a: Tyranitar|74\/100|[from] item: Life Orb\n|\n|-weather|Sandstorm|[upkeep]\n|upkeep\n|turn|4\n|inactive|MagikarpIsAG has 240 seconds left.\n|l| I like forum posts\n|j| rarre\n|j| I like forum posts\n|\n|t:|1666399723\n|switch|p2a: Seismitoad|Seismitoad, M|100\/100\n|move|p1a: Mudsdale|Shore Up|p1a: Mudsdale\n|-heal|p1a: Mudsdale|100\/100\n|\n|-weather|Sandstorm|[upkeep]\n|upkeep\n|turn|5\n|l| rarre\n|inactive|Unviabriel has 270 seconds left.\n|\n|t:|1666399757\n|switch|p1a: Corviknight|Corviknight, M|100\/100\n|-ability|p1a: Corviknight|Pressure\n|move|p2a: Seismitoad|Spikes|p1a: Corviknight\n|-sidestart|p1: Unviabriel|Spikes\n|\n|-weather|Sandstorm|[upkeep]\n|upkeep\n|turn|6\n|inactive|Unviabriel has 270 seconds left.\n|\n|t:|1666399782\n|move|p1a: Corviknight|Defog|p2a: Seismitoad\n|-unboost|p2a: Seismitoad|evasion|1\n|-sideend|p1: Unviabriel|Spikes|[from] move: Defog|[of] p1a: Corviknight\n|move|p2a: Seismitoad|Flip Turn|p1a: Corviknight\n|-damage|p1a: Corviknight|87\/100\n|inactive|MagikarpIsAG has 210 seconds left.\n|\n|t:|1666399799\n|switch|p2a: Cinderace|Cinderace, M|100\/100|[from]move: Flip Turn\n|\n|-weather|Sandstorm|[upkeep]\n|-damage|p2a: Cinderace|95\/100|[from] Sandstorm\n|-heal|p1a: Corviknight|93\/100|[from] item: Leftovers\n|upkeep\n|turn|7\n|inactive|Unviabriel has 270 seconds left.\n|inactive|MagikarpIsAG has 210 seconds left.\n|\n|t:|1666399820\n|move|p2a: Cinderace|U-turn|p1a: Corviknight\n|-start|p2a: Cinderace|typechange|Bug|[from] ability: Libero\n|-resisted|p1a: Corviknight\n|-damage|p1a: Corviknight|87\/100\n|\n|t:|1666399824\n|switch|p2a: Ferrothorn|Ferrothorn, F|100\/100|[from]move: U-turn\n|move|p1a: Corviknight|U-turn|p2a: Ferrothorn\n|-damage|p2a: Ferrothorn|92\/100\n|-damage|p1a: Corviknight|75\/100|[from] ability: Iron Barbs|[of] p2a: Ferrothorn\n|c|\u2606MagikarpIsAG|alr time to forfeit\n|\n|t:|1666399846\n|switch|p1a: Rotom|Rotom-Heat|82\/100|[from]move: U-turn\n|\n|-weather|none\n|-heal|p2a: Ferrothorn|99\/100|[from] item: Leftovers\n|upkeep\n|turn|8\n|\n|t:|1666399853\n|switch|p2a: Seismitoad|Seismitoad, M|100\/100\n|move|p1a: Rotom|Blue Flare|p2a: Seismitoad\n|-resisted|p2a: Seismitoad\n|-damage|p2a: Seismitoad|71\/100\n|\n|-heal|p2a: Seismitoad|77\/100|[from] item: Leftovers\n|upkeep\n|turn|9\n|l| I like forum posts\n|\n|t:|1666399861\n|switch|p2a: Cinderace|Cinderace, M|95\/100\n|move|p1a: Rotom|Apple Acid|p2a: Cinderace\n|-resisted|p2a: Cinderace\n|-damage|p2a: Cinderace|78\/100\n|-unboost|p2a: Cinderace|spd|1\n|\n|upkeep\n|turn|10\n|j| ddddddabai\n|\n|t:|1666399878\n|move|p2a: Cinderace|High Jump Kick|p1a: Rotom\n|-start|p2a: Cinderace|typechange|Fighting|[from] ability: Libero\n|-damage|p1a: Rotom|14\/100\n|move|p1a: Rotom|Thunder Cage|p2a: Cinderace\n|-damage|p2a: Cinderace|0 fnt\n|faint|p2a: Cinderace\n|\n|upkeep\n|\n|t:|1666399892\n|switch|p2a: Tyranitar|Tyranitar, M|74\/100\n|-weather|Sandstorm|[from] ability: Sand Stream|[of] p2a: Tyranitar\n|turn|11\n|\n|t:|1666399902\n|switch|p1a: Mudsdale|Mudsdale, F|100\/100\n|move|p2a: Tyranitar|Accelerock|p1a: Mudsdale\n|-resisted|p1a: Mudsdale\n|-damage|p1a: Mudsdale|91\/100\n|-ability|p1a: Mudsdale|Stamina|boost\n|-boost|p1a: Mudsdale|def|1\n|-damage|p2a: Tyranitar|64\/100|[from] item: Life Orb\n|\n|-weather|Sandstorm|[upkeep]\n|upkeep\n|turn|12\n|inactive|MagikarpIsAG has 240 seconds left.\n|\n|t:|1666399910\n|switch|p2a: Sylveon|Sylveon, M|100\/100\n|move|p1a: Mudsdale|Toxic|p2a: Sylveon\n|-status|p2a: Sylveon|tox\n|\n|-weather|Sandstorm|[upkeep]\n|-damage|p2a: Sylveon|94\/100 tox|[from] Sandstorm\n|-heal|p2a: Sylveon|100\/100 tox|[from] item: Leftovers\n|-damage|p2a: Sylveon|94\/100 tox|[from] psn\n|upkeep\n|turn|13\n|inactive|Unviabriel has 270 seconds left.\n|j| I like forum posts\n|inactive|MagikarpIsAG has 240 seconds left.\n|l| I like forum posts\n|\n|t:|1666399931\n|switch|p1a: Toxapex|Toxapex, M|100\/100\n|move|p2a: Sylveon|Boomburst|p1a: Toxapex\n|-resisted|p1a: Toxapex\n|-damage|p1a: Toxapex|78\/100\n|\n|-weather|Sandstorm|[upkeep]\n|-damage|p2a: Sylveon|88\/100 tox|[from] Sandstorm\n|-damage|p1a: Toxapex|72\/100|[from] Sandstorm\n|-heal|p2a: Sylveon|94\/100 tox|[from] item: Leftovers\n|-damage|p2a: Sylveon|82\/100 tox|[from] psn\n|upkeep\n|turn|14\n|inactive|Unviabriel has 270 seconds left.\n|\n|t:|1666399954\n|switch|p2a: Seismitoad|Seismitoad, M|77\/100\n|move|p1a: Toxapex|Knock Off|p2a: Seismitoad\n|-damage|p2a: Seismitoad|59\/100\n|-enditem|p2a: Seismitoad|Leftovers|[from] move: Knock Off|[of] p1a: Toxapex\n|\n|-weather|Sandstorm|[upkeep]\n|-damage|p1a: Toxapex|66\/100|[from] Sandstorm\n|upkeep\n|turn|15\n|j| Shandeur\n|inactive|MagikarpIsAG has 240 seconds left.\n|j| anique\n|inactive|Unviabriel has 240 seconds left.\n|\n|t:|1666399980\n|switch|p1a: Mudsdale|Mudsdale, F|91\/100\n|move|p2a: Seismitoad|Flip Turn|p1a: Mudsdale\n|-supereffective|p1a: Mudsdale\n|-damage|p1a: Mudsdale|67\/100\n|-ability|p1a: Mudsdale|Stamina|boost\n|-boost|p1a: Mudsdale|def|1\n|\n|t:|1666399983\n|switch|p2a: Sylveon|Sylveon, M|82\/100 tox|[from]move: Flip Turn\n|\n|-weather|none\n|-heal|p2a: Sylveon|88\/100 tox|[from] item: Leftovers\n|-damage|p2a: Sylveon|82\/100 tox|[from] psn\n|upkeep\n|turn|16\n|c| Shandeur|erm.\n|c| Shandeur|what the scallop?\n|j| I like forum posts\n|inactive|Unviabriel has 240 seconds left.\n|\n|t:|1666400021\n|switch|p1a: Corviknight|Corviknight, M|75\/100\n|-ability|p1a: Corviknight|Pressure\n|move|p2a: Sylveon|Psyshock|p1a: Corviknight\n|-resisted|p1a: Corviknight\n|-damage|p1a: Corviknight|66\/100\n|\n|-heal|p2a: Sylveon|88\/100 tox|[from] item: Leftovers\n|-heal|p1a: Corviknight|72\/100|[from] item: Leftovers\n|-damage|p2a: Sylveon|76\/100 tox|[from] psn\n|upkeep\n|turn|17\n|j| cityscapes\n|l| I like forum posts\n|l| ddddddabai\n|\n|t:|1666400041\n|switch|p2a: Tyranitar|Tyranitar, M|64\/100\n|-weather|Sandstorm|[from] ability: Sand Stream|[of] p2a: Tyranitar\n|move|p1a: Corviknight|U-turn|p2a: Tyranitar\n|-supereffective|p2a: Tyranitar\n|-damage|p2a: Tyranitar|39\/100\n|\n|t:|1666400053\n|switch|p1a: Terrakion|Terrakion|100\/100|[from]move: U-turn\n|\n|-weather|Sandstorm|[upkeep]\n|upkeep\n|turn|18\n|l| anique\n|-message|MagikarpIsAG forfeited.\n|\n|win|Unviabriel\n|c|\u2606Unviabriel|gg\n|c|\u2606MagikarpIsAG|gg\n|c| cityscapes|failure\n","uploadtime":1666400067,"views":28,"p1id":"unviabriel","p2id":"magikarpisag","formatid":"gen8stabmons","rating":0,"private":0,"password":null}