{"id":"gen8nationaldexag-1068445376","p1":"SteamboatGeyser","p2":"yhdrslb","format":"gen8nationaldexag","log":"|j|\u2606SteamboatGeyser\n|j|\u2606yhdrslb\n|player|p1|SteamboatGeyser|lusamine-nihilego|1627\n|player|p2|yhdrslb|30|1404\n|teamsize|p1|6\n|teamsize|p2|6\n|gametype|singles\n|gen|8\n|tier|[Gen 8] National Dex AG\n|rated|\n|clearpoke\n|poke|p1|Stakataka|\n|poke|p1|Magearna|\n|poke|p1|Necrozma-Dusk-Mane|\n|poke|p1|Stakataka|\n|poke|p1|Rayquaza|\n|poke|p1|Palkia|\n|poke|p2|Espeon, F|\n|poke|p2|Whimsicott, F|\n|poke|p2|Lugia|\n|poke|p2|Smeargle, M|\n|poke|p2|Rayquaza|\n|poke|p2|Giratina|\n|rule|HP Percentage Mod: HP is shown in percentages\n|rule|Endless Battle Clause: Forcing endless battles is banned\n|teampreview\n|\n|start\n|switch|p1a: Staka 2|Stakataka|100\/100\n|switch|p2a: Giratina|Giratina|100\/100\n|-ability|p2a: Giratina|Pressure\n|-item|p1a: Staka 2|Air Balloon\n|turn|1\n|\n|switch|p1a: Palkia|Palkia|100\/100\n|-ability|p1a: Palkia|Pressure\n|move|p2a: Giratina|Will-O-Wisp|p1a: Palkia\n|-status|p1a: Palkia|brn\n|\n|-damage|p1a: Palkia|94\/100 brn|[from] brn\n|upkeep\n|turn|2\n|\n|switch|p2a: Whimsicott|Whimsicott, F|100\/100\n|move|p1a: Palkia|Spacial Rend|p2a: Whimsicott\n|-immune|p2a: Whimsicott\n|\n|-damage|p1a: Palkia|88\/100 brn|[from] brn\n|upkeep\n|turn|3\n|\n|switch|p1a: Staka 2|Stakataka|100\/100\n|-item|p1a: Staka 2|Air Balloon\n|move|p2a: Whimsicott|Leech Seed|p1a: Staka 2\n|-start|p1a: Staka 2|move: Leech Seed\n|\n|-damage|p1a: Staka 2|88\/100|[from] Leech Seed|[of] p2a: Whimsicott\n|upkeep\n|turn|4\n|\n|move|p2a: Whimsicott|Substitute|p2a: Whimsicott\n|-start|p2a: Whimsicott|Substitute\n|-damage|p2a: Whimsicott|76\/100\n|move|p1a: Staka 2|Trick Room|p1a: Staka 2\n|-fieldstart|move: Trick Room|[of] p1a: Staka 2\n|\n|-damage|p1a: Staka 2|76\/100|[from] Leech Seed|[of] p2a: Whimsicott\n|-heal|p2a: Whimsicott|88\/100|[silent]\n|upkeep\n|turn|5\n|\n|move|p2a: Whimsicott|Defog|p1a: Staka 2\n|-unboost|p1a: Staka 2|evasion|1\n|move|p1a: Staka 2|Rock Blast|p2a: Whimsicott\n|-activate|p2a: Whimsicott|move: Substitute|[damage]\n|-end|p2a: Whimsicott|Substitute\n|-damage|p2a: Whimsicott|77\/100\n|-damage|p2a: Whimsicott|64\/100\n|-hitcount|p2a: Whimsicott|4\n|\n|-damage|p1a: Staka 2|64\/100|[from] Leech Seed|[of] p2a: Whimsicott\n|-heal|p2a: Whimsicott|77\/100|[silent]\n|upkeep\n|turn|6\n|\n|move|p2a: Whimsicott|Substitute|p2a: Whimsicott\n|-start|p2a: Whimsicott|Substitute\n|-damage|p2a: Whimsicott|52\/100\n|move|p1a: Staka 2|Rock Blast|p2a: Whimsicott\n|-activate|p2a: Whimsicott|move: Substitute|[damage]\n|-end|p2a: Whimsicott|Substitute\n|-damage|p2a: Whimsicott|39\/100\n|-hitcount|p2a: Whimsicott|3\n|\n|-damage|p1a: Staka 2|51\/100|[from] Leech Seed|[of] p2a: Whimsicott\n|-heal|p2a: Whimsicott|51\/100|[silent]\n|upkeep\n|turn|7\n|\n|switch|p2a: Giratina|Giratina|100\/100\n|-ability|p2a: Giratina|Pressure\n|move|p1a: Staka 2|Gyro Ball|p2a: Giratina\n|-damage|p2a: Giratina|54\/100\n|\n|-heal|p2a: Giratina|61\/100|[from] item: Leftovers\n|-damage|p1a: Staka 2|39\/100|[from] Leech Seed|[of] p2a: Giratina\n|-heal|p2a: Giratina|69\/100|[silent]\n|upkeep\n|turn|8\n|l|\u2606SteamboatGeyser\n|player|p1|\n|j|\u2606SteamboatGeyser\n|player|p1|SteamboatGeyser|lusamine-nihilego\n|\n|switch|p1a: Palkia|Palkia|88\/100 brn\n|-ability|p1a: Palkia|Pressure\n|move|p2a: Giratina|Will-O-Wisp|p1a: Palkia\n|-fail|p1a: Palkia|brn\n|\n|-heal|p2a: Giratina|75\/100|[from] item: Leftovers\n|-damage|p1a: Palkia|82\/100 brn|[from] brn\n|-fieldend|move: Trick Room\n|upkeep\n|turn|9\n|\n|switch|p2a: Lugia|Lugia|100\/100\n|move|p1a: Palkia|Trick Room|p1a: Palkia\n|-fieldstart|move: Trick Room|[of] p1a: Palkia\n|\n|-damage|p1a: Palkia|76\/100 brn|[from] brn\n|upkeep\n|turn|10\n|\n|move|p1a: Palkia|Hydro Pump|p2a: Lugia\n|-damage|p2a: Lugia|77\/100\n|-damage|p1a: Palkia|67\/100 brn|[from] item: Life Orb\n|move|p2a: Lugia|Substitute|p2a: Lugia\n|-start|p2a: Lugia|Substitute\n|-damage|p2a: Lugia|52\/100\n|\n|-heal|p2a: Lugia|58\/100|[from] item: Leftovers\n|-damage|p1a: Palkia|61\/100 brn|[from] brn\n|upkeep\n|turn|11\n|\n|move|p1a: Palkia|Spacial Rend|p2a: Lugia\n|-end|p2a: Lugia|Substitute\n|-damage|p1a: Palkia|51\/100 brn|[from] item: Life Orb\n|move|p2a: Lugia|Roost|p2a: Lugia\n|-heal|p2a: Lugia|100\/100\n|-singleturn|p2a: Lugia|move: Roost\n|\n|-damage|p1a: Palkia|45\/100 brn|[from] brn\n|upkeep\n|turn|12\n|\n|move|p1a: Palkia|Hydro Pump|p2a: Lugia\n|-damage|p2a: Lugia|74\/100\n|-damage|p1a: Palkia|35\/100 brn|[from] item: Life Orb\n|move|p2a: Lugia|Substitute|p2a: Lugia\n|-start|p2a: Lugia|Substitute\n|-damage|p2a: Lugia|49\/100\n|\n|-heal|p2a: Lugia|55\/100|[from] item: Leftovers\n|-damage|p1a: Palkia|29\/100 brn|[from] brn\n|upkeep\n|turn|13\n|inactive|Battle timer is ON: inactive players will automatically lose when time's up. (requested by yhdrslb)\n|\n|switch|p1a: Staka 2|Stakataka|39\/100\n|-item|p1a: Staka 2|Air Balloon\n|move|p2a: Lugia|Roost|p2a: Lugia\n|-heal|p2a: Lugia|100\/100\n|-singleturn|p2a: Lugia|move: Roost\n|\n|-fieldend|move: Trick Room\n|upkeep\n|turn|14\n|\n|move|p2a: Lugia|Whirlwind|p1a: Staka 2\n|drag|p1a: Ray|Rayquaza|100\/100\n|-ability|p1a: Ray|Air Lock\n|\n|upkeep\n|turn|15\n|\n|switch|p1a: Palkia|Palkia|29\/100 brn\n|-ability|p1a: Palkia|Pressure\n|move|p2a: Lugia|Toxic||[still]\n|-fail|p2a: Lugia\n|\n|-damage|p1a: Palkia|23\/100 brn|[from] brn\n|upkeep\n|turn|16\n|\n|switch|p1a: Staka 2|Stakataka|39\/100\n|-item|p1a: Staka 2|Air Balloon\n|move|p2a: Lugia|Whirlwind|p1a: Staka 2\n|drag|p1a: Mag (which one?)|Magearna|100\/100\n|\n|upkeep\n|turn|17\n|\n|switch|p2a: Espeon|Espeon, F|100\/100\n|move|p1a: Mag (which one?)|Volt Switch|p2a: Espeon\n|-damage|p2a: Espeon|71\/100\n|\n|switch|p1a: Ndm|Necrozma-Dusk-Mane|100\/100|[from]move: Volt Switch\n|\n|upkeep\n|turn|18\n|\n|move|p2a: Espeon|Reflect|p2a: Espeon\n|-sidestart|p2: yhdrslb|Reflect\n|move|p1a: Ndm|Trick Room|p1a: Ndm\n|-fieldstart|move: Trick Room|[of] p1a: Ndm\n|\n|upkeep\n|turn|19\n|\n|switch|p2a: Giratina|Giratina|75\/100\n|-ability|p2a: Giratina|Pressure\n|move|p1a: Ndm|Sunsteel Strike|p2a: Giratina\n|-damage|p2a: Giratina|57\/100\n|\n|-heal|p2a: Giratina|63\/100|[from] item: Leftovers\n|upkeep\n|turn|20\n|\n|switch|p1a: Palkia|Palkia|23\/100 brn\n|-ability|p1a: Palkia|Pressure\n|move|p2a: Giratina|Dragon Tail|p1a: Palkia\n|-supereffective|p1a: Palkia\n|-damage|p1a: Palkia|0 fnt\n|faint|p1a: Palkia\n|\n|-heal|p2a: Giratina|70\/100|[from] item: Leftovers\n|upkeep\n|\n|switch|p1a: Mag (which one?)|Magearna|100\/100\n|turn|21\n|\n|switch|p2a: Lugia|Lugia|100\/100\n|move|p1a: Mag (which one?)|Fleur Cannon|p2a: Lugia\n|-damage|p2a: Lugia|80\/100\n|-unboost|p1a: Mag (which one?)|spa|2\n|\n|-heal|p2a: Lugia|86\/100|[from] item: Leftovers\n|upkeep\n|turn|22\n|\n|move|p1a: Mag (which one?)|Volt Switch|p2a: Lugia\n|-supereffective|p2a: Lugia\n|-damage|p2a: Lugia|72\/100\n|\n|switch|p1a: Staka 1|Stakataka|100\/100|[from]move: Volt Switch\n|move|p2a: Lugia|Whirlwind|p1a: Staka 1\n|drag|p1a: Staka 2|Stakataka|39\/100\n|-item|p1a: Staka 2|Air Balloon\n|\n|-heal|p2a: Lugia|78\/100|[from] item: Leftovers\n|-sideend|p2: yhdrslb|Reflect\n|-fieldend|move: Trick Room\n|upkeep\n|turn|23\n|\n|switch|p2a: Smeargle|Smeargle, M|100\/100\n|move|p1a: Staka 2|Gyro Ball|p2a: Smeargle\n|-crit|p2a: Smeargle\n|-enditem|p2a: Smeargle|Focus Sash\n|-damage|p2a: Smeargle|1\/100\n|\n|-ability|p2a: Smeargle|Moody|boost\n|-boost|p2a: Smeargle|atk|2\n|-unboost|p2a: Smeargle|spa|1\n|upkeep\n|turn|24\n|\n|move|p2a: Smeargle|Stealth Rock|p1a: Staka 2\n|-sidestart|p1: SteamboatGeyser|move: Stealth Rock\n|move|p1a: Staka 2|Trick Room|p1a: Staka 2\n|-fieldstart|move: Trick Room|[of] p1a: Staka 2\n|\n|-ability|p2a: Smeargle|Moody|boost\n|-boost|p2a: Smeargle|spa|2\n|-unboost|p2a: Smeargle|def|1\n|upkeep\n|turn|25\n|\n|switch|p2a: Lugia|Lugia|78\/100\n|move|p1a: Staka 2|Gyro Ball|p2a: Lugia\n|-damage|p2a: Lugia|30\/100\n|\n|-heal|p2a: Lugia|36\/100|[from] item: Leftovers\n|upkeep\n|turn|26\n|\n|switch|p2a: Smeargle|Smeargle, M|1\/100\n|move|p1a: Staka 2|Gyro Ball|p2a: Smeargle\n|-damage|p2a: Smeargle|0 fnt\n|faint|p2a: Smeargle\n|-ability|p1a: Staka 2|Beast Boost|boost\n|-boost|p1a: Staka 2|atk|1\n|\n|upkeep\n|\n|switch|p2a: Whimsicott|Whimsicott, F|51\/100\n|turn|27\n|\n|move|p2a: Whimsicott|Substitute|p2a: Whimsicott\n|-start|p2a: Whimsicott|Substitute\n|-damage|p2a: Whimsicott|26\/100\n|move|p1a: Staka 2|Rock Blast|p2a: Whimsicott\n|-activate|p2a: Whimsicott|move: Substitute|[damage]\n|-end|p2a: Whimsicott|Substitute\n|-hitcount|p2a: Whimsicott|2\n|\n|upkeep\n|turn|28\n|\n|move|p2a: Whimsicott|Switcheroo|p1a: Staka 2\n|-activate|p2a: Whimsicott|move: Trick|[of] p1a: Staka 2\n|-item|p1a: Staka 2|Lagging Tail|[from] move: Switcheroo\n|-item|p2a: Whimsicott|Air Balloon\n|-item|p2a: Whimsicott|Air Balloon|[from] move: Switcheroo\n|move|p1a: Staka 2|Trick Room|p1a: Staka 2\n|-fieldend|move: Trick Room\n|\n|upkeep\n|turn|29\n|c|\u2606SteamboatGeyser|ffs\n|\n|move|p2a: Whimsicott|Leech Seed|p1a: Staka 2\n|-start|p1a: Staka 2|move: Leech Seed\n|move|p1a: Staka 2|Trick Room|p1a: Staka 2\n|-fieldstart|move: Trick Room|[of] p1a: Staka 2\n|\n|-damage|p1a: Staka 2|27\/100|[from] Leech Seed|[of] p2a: Whimsicott\n|-heal|p2a: Whimsicott|39\/100|[silent]\n|upkeep\n|turn|30\n|\n|move|p2a: Whimsicott|Substitute|p2a: Whimsicott\n|-start|p2a: Whimsicott|Substitute\n|-damage|p2a: Whimsicott|14\/100\n|move|p1a: Staka 2|Rock Blast|p2a: Whimsicott\n|-activate|p2a: Whimsicott|move: Substitute|[damage]\n|-enditem|p2a: Whimsicott|Air Balloon\n|-end|p2a: Whimsicott|Substitute\n|-hitcount|p2a: Whimsicott|2\n|\n|-damage|p1a: Staka 2|15\/100|[from] Leech Seed|[of] p2a: Whimsicott\n|-heal|p2a: Whimsicott|26\/100|[silent]\n|upkeep\n|turn|31\n|\n|move|p2a: Whimsicott|Substitute|p2a: Whimsicott\n|-start|p2a: Whimsicott|Substitute\n|-damage|p2a: Whimsicott|1\/100\n|move|p1a: Staka 2|Rock Blast|p2a: Whimsicott\n|-activate|p2a: Whimsicott|move: Substitute|[damage]\n|-end|p2a: Whimsicott|Substitute\n|-hitcount|p2a: Whimsicott|2\n|\n|-damage|p1a: Staka 2|2\/100|[from] Leech Seed|[of] p2a: Whimsicott\n|-heal|p2a: Whimsicott|14\/100|[silent]\n|upkeep\n|turn|32\n|\n|move|p2a: Whimsicott|Switcheroo|p1a: Staka 2\n|-activate|p2a: Whimsicott|move: Trick|[of] p1a: Staka 2\n|-enditem|p1a: Staka 2|Lagging Tail|[silent]|[from] move: Switcheroo\n|-item|p2a: Whimsicott|Lagging Tail|[from] move: Switcheroo\n|move|p1a: Staka 2|Rock Blast|p2a: Whimsicott\n|-damage|p2a: Whimsicott|0 fnt\n|-hitcount|p2a: Whimsicott|1\n|faint|p2a: Whimsicott\n|-ability|p1a: Staka 2|Beast Boost|boost\n|-boost|p1a: Staka 2|atk|1\n|\n|upkeep\n|c|\u2606SteamboatGeyser|omfg\n|\n|switch|p2a: Rayquaza|Rayquaza|100\/100\n|-ability|p2a: Rayquaza|Air Lock\n|turn|33\n|\n|detailschange|p2a: Rayquaza|Rayquaza-Mega\n|-mega|p2a: Rayquaza|Rayquaza|\n|-weather|DeltaStream|[from] ability: Delta Stream|[of] p2a: Rayquaza\n|move|p2a: Rayquaza|Extreme Speed|p1a: Staka 2\n|-resisted|p1a: Staka 2\n|-damage|p1a: Staka 2|0 fnt\n|-damage|p2a: Rayquaza|91\/100|[from] item: Life Orb\n|faint|p1a: Staka 2\n|\n|-weather|DeltaStream|[upkeep]\n|-fieldend|move: Trick Room\n|upkeep\n|\n|switch|p1a: Ndm|Necrozma-Dusk-Mane|100\/100\n|-damage|p1a: Ndm|94\/100|[from] Stealth Rock\n|turn|34\n|\n|-weather|none\n|switch|p2a: Espeon|Espeon, F|71\/100\n|move|p1a: Ndm|Trick Room|p1a: Ndm\n|-fieldstart|move: Trick Room|[of] p1a: Ndm\n|\n|upkeep\n|turn|35\n|\n|switch|p2a: Giratina|Giratina|70\/100\n|-ability|p2a: Giratina|Pressure\n|-start|p1a: Ndm|Dynamax\n|-heal|p1a: Ndm|94\/100|[silent]\n|move|p1a: Ndm|Max Steelspike|p2a: Giratina\n|-damage|p2a: Giratina|25\/100\n|-boost|p1a: Ndm|def|1\n|\n|-heal|p2a: Giratina|31\/100|[from] item: Leftovers\n|upkeep\n|turn|36\n|\n|-start|p2a: Giratina|Dynamax\n|-heal|p2a: Giratina|31\/100|[silent]\n|move|p2a: Giratina|Max Guard|p2a: Giratina\n|-singleturn|p2a: Giratina|Max Guard\n|move|p1a: Ndm|Max Steelspike|p2a: Giratina\n|-activate|p2a: Giratina|move: Max Guard\n|\n|-heal|p2a: Giratina|34\/100|[from] item: Leftovers\n|upkeep\n|turn|37\n|\n|move|p1a: Ndm|Max Steelspike|p2a: Giratina\n|-damage|p2a: Giratina|12\/100\n|-boost|p1a: Ndm|def|1\n|move|p2a: Giratina|Max Wyrmwind|p1a: Ndm\n|-resisted|p1a: Ndm\n|-damage|p1a: Ndm|91\/100\n|-unboost|p1a: Ndm|atk|1\n|\n|-heal|p2a: Giratina|15\/100|[from] item: Leftovers\n|-end|p1a: Ndm|Dynamax\n|-heal|p1a: Ndm|91\/100|[silent]\n|upkeep\n|turn|38\n|\n|move|p2a: Giratina|Max Guard|p2a: Giratina\n|-singleturn|p2a: Giratina|Max Guard\n|move|p1a: Ndm|Sunsteel Strike|p2a: Giratina\n|-activate|p2a: Giratina|move: Max Guard\n|\n|-heal|p2a: Giratina|18\/100|[from] item: Leftovers\n|-fieldend|move: Trick Room\n|-end|p2a: Giratina|Dynamax\n|-heal|p2a: Giratina|18\/100|[silent]\n|upkeep\n|turn|39\n|\n|move|p2a: Giratina|Rest|p2a: Giratina\n|-status|p2a: Giratina|slp|[from] move: Rest\n|-heal|p2a: Giratina|100\/100 slp|[silent]\n|move|p1a: Ndm|Trick Room|p1a: Ndm\n|-fieldstart|move: Trick Room|[of] p1a: Ndm\n|\n|upkeep\n|turn|40\n|\n|switch|p1a: Mag (which one?)|Magearna|100\/100\n|-damage|p1a: Mag (which one?)|94\/100|[from] Stealth Rock\n|cant|p2a: Giratina|slp\n|move|p2a: Giratina|Sleep Talk|p2a: Giratina\n|move|p2a: Giratina|Dragon Tail|p1a: Mag (which one?)|[from]Sleep Talk\n|-immune|p1a: Mag (which one?)\n|\n|-heal|p1a: Mag (which one?)|100\/100|[from] item: Leftovers\n|upkeep\n|turn|41\n|\n|switch|p2a: Espeon|Espeon, F|71\/100\n|move|p1a: Mag (which one?)|Volt Switch|p2a: Espeon\n|-damage|p2a: Espeon|40\/100\n|\n|switch|p1a: Staka 1|Stakataka|100\/100|[from]move: Volt Switch\n|-damage|p1a: Staka 1|94\/100|[from] Stealth Rock\n|\n|upkeep\n|turn|42\n|\n|switch|p2a: Giratina|Giratina|100\/100 slp\n|-ability|p2a: Giratina|Pressure\n|move|p1a: Staka 1|Gyro Ball|p2a: Giratina\n|-damage|p2a: Giratina|45\/100 slp\n|-damage|p1a: Staka 1|85\/100|[from] item: Life Orb\n|\n|-heal|p2a: Giratina|51\/100 slp|[from] item: Leftovers\n|upkeep\n|turn|43\n|\n|move|p1a: Staka 1|Gyro Ball|p2a: Giratina\n|-damage|p2a: Giratina|0 fnt\n|-damage|p1a: Staka 1|75\/100|[from] item: Life Orb\n|faint|p2a: Giratina\n|-ability|p1a: Staka 1|Beast Boost|boost\n|-boost|p1a: Staka 1|atk|1\n|\n|-fieldend|move: Trick Room\n|upkeep\n|\n|switch|p2a: Rayquaza|Rayquaza-Mega|91\/100\n|-weather|DeltaStream|[from] ability: Delta Stream|[of] p2a: Rayquaza\n|turn|44\n|\n|switch|p1a: Ndm|Necrozma-Dusk-Mane|91\/100\n|-damage|p1a: Ndm|85\/100|[from] Stealth Rock\n|move|p2a: Rayquaza|Dragon Dance|p2a: Rayquaza\n|-boost|p2a: Rayquaza|atk|1\n|-boost|p2a: Rayquaza|spe|1\n|\n|-weather|DeltaStream|[upkeep]\n|upkeep\n|turn|45\n|\n|move|p2a: Rayquaza|Earthquake|p1a: Ndm\n|-supereffective|p1a: Ndm\n|-damage|p1a: Ndm|0 fnt\n|-damage|p2a: Rayquaza|81\/100|[from] item: Life Orb\n|faint|p1a: Ndm\n|\n|-weather|DeltaStream|[upkeep]\n|upkeep\n|\n|switch|p1a: Ray|Rayquaza|100\/100\n|-damage|p1a: Ray|76\/100|[from] Stealth Rock\n|-ability|p1a: Ray|Air Lock\n|turn|46\n|\n|detailschange|p1a: Ray|Rayquaza-Mega\n|-mega|p1a: Ray|Rayquaza|\n|move|p1a: Ray|Dragon Ascent|p2a: Rayquaza\n|-damage|p2a: Rayquaza|3\/100\n|-unboost|p1a: Ray|def|1\n|-unboost|p1a: Ray|spd|1\n|move|p2a: Rayquaza|Dragon Ascent|p1a: Ray\n|-damage|p1a: Ray|0 fnt\n|-unboost|p2a: Rayquaza|def|1\n|-unboost|p2a: Rayquaza|spd|1\n|-damage|p2a: Rayquaza|0 fnt|[from] item: Life Orb\n|faint|p1a: Ray\n|faint|p2a: Rayquaza\n|-weather|none\n|\n|upkeep\n|\n|switch|p1a: Staka 1|Stakataka|75\/100\n|switch|p2a: Espeon|Espeon, F|40\/100\n|-damage|p1a: Staka 1|69\/100|[from] Stealth Rock\n|turn|47\n|\n|move|p2a: Espeon|Trick|p1a: Staka 1\n|-activate|p2a: Espeon|move: Trick|[of] p1a: Staka 1\n|-item|p1a: Staka 1|Choice Scarf|[from] move: Trick\n|-item|p2a: Espeon|Life Orb|[from] move: Trick\n|move|p1a: Staka 1|Trick Room|p1a: Staka 1\n|-fieldstart|move: Trick Room|[of] p1a: Staka 1\n|\n|upkeep\n|turn|48\n|\n|switch|p1a: Mag (which one?)|Magearna|100\/100\n|-damage|p1a: Mag (which one?)|94\/100|[from] Stealth Rock\n|switch|p2a: Lugia|Lugia|36\/100\n|\n|-heal|p1a: Mag (which one?)|100\/100|[from] item: Leftovers\n|-heal|p2a: Lugia|42\/100|[from] item: Leftovers\n|upkeep\n|turn|49\n|\n|switch|p2a: Espeon|Espeon, F|40\/100\n|move|p1a: Mag (which one?)|Volt Switch|p2a: Espeon\n|-damage|p2a: Espeon|13\/100\n|\n|switch|p1a: Staka 1|Stakataka|69\/100|[from]move: Volt Switch\n|-damage|p1a: Staka 1|62\/100|[from] Stealth Rock\n|\n|upkeep\n|turn|50\n|\n|move|p1a: Staka 1|Gyro Ball|p2a: Espeon\n|-damage|p2a: Espeon|0 fnt\n|faint|p2a: Espeon\n|-ability|p1a: Staka 1|Beast Boost|boost\n|-boost|p1a: Staka 1|atk|1\n|\n|upkeep\n|\n|switch|p2a: Lugia|Lugia|42\/100\n|turn|51\n|-message|yhdrslb forfeited.\n|\n|win|SteamboatGeyser\n|l|\u2606yhdrslb\n|c|\u2606SteamboatGeyser|Gg\n|l|\u2606SteamboatGeyser\n|raw|SteamboatGeyser's rating: 1627 &rarr; <strong>1635<\/strong><br \/>(+8 for winning)\n|raw|yhdrslb's rating: 1385 &rarr; <strong>1377<\/strong><br \/>(-8 for losing)\n","uploadtime":1582556991,"views":9,"p1id":"steamboatgeyser","p2id":"yhdrslb","formatid":"gen8nationaldexag","rating":1377,"private":0,"password":null}