{"id":"gen8ou-1141849230","p1":"Escavalier","p2":"user1_ou","format":"gen8ou","log":"|j|\u2606Escavalier\n|j|\u2606user1_ou\n|player|p1|Escavalier|#wcop2020oceania|1903\n|player|p2|user1_ou|eusine|1742\n|teamsize|p1|6\n|teamsize|p2|6\n|gametype|singles\n|gen|8\n|tier|[Gen 8] OU\n|rated|\n|clearpoke\n|poke|p1|Magearna|\n|poke|p1|Mandibuzz, F|\n|poke|p1|Hippowdon, F|\n|poke|p1|Toxapex, M|\n|poke|p1|Rotom-Heat|\n|poke|p1|Alakazam, F|\n|poke|p2|Slowbro, M|\n|poke|p2|Marowak-Alola, M|\n|poke|p2|Mandibuzz, F|\n|poke|p2|Amoonguss, M|\n|poke|p2|Magearna|\n|poke|p2|Zeraora|\n|rule|Sleep Clause Mod: Limit one foe put to sleep\n|rule|Species Clause: Limit one of each Pok\u00e9mon\n|rule|OHKO Clause: OHKO moves are banned\n|rule|Evasion Moves Clause: Evasion moves are banned\n|rule|Endless Battle Clause: Forcing endless battles is banned\n|rule|HP Percentage Mod: HP is shown in percentages\n|rule|Dynamax Clause: You cannot dynamax\n|teampreview\n|\n|start\n|switch|p1a: Toxapex|Toxapex, M|100\/100\n|switch|p2a: Amoonguss|Amoonguss, M|100\/100\n|turn|1\n|j| N4v\n|\n|switch|p1a: Mandibuzz|Mandibuzz, F|100\/100\n|move|p2a: Amoonguss|Spore|p1a: Mandibuzz\n|-immune|p1a: Mandibuzz|[from] ability: Overcoat\n|\n|upkeep\n|turn|2\n|\n|move|p1a: Mandibuzz|U-turn|p2a: Amoonguss\n|-damage|p2a: Amoonguss|93\/100\n|\n|switch|p1a: Alakazam|Alakazam, F|100\/100|[from]move: U-turn\n|move|p2a: Amoonguss|Toxic|p1a: Alakazam\n|-status|p1a: Alakazam|tox\n|\n|-heal|p2a: Amoonguss|99\/100|[from] item: Black Sludge\n|upkeep\n|turn|3\n|\n|switch|p2a: Mandibuzz|Mandibuzz, F|100\/100\n|move|p1a: Alakazam|Psychic|p2a: Mandibuzz\n|-immune|p2a: Mandibuzz\n|\n|upkeep\n|turn|4\n|\n|switch|p1a: Toxapex|Toxapex, M|100\/100\n|move|p2a: Mandibuzz|Knock Off|p1a: Toxapex\n|-damage|p1a: Toxapex|83\/100\n|-enditem|p1a: Toxapex|Black Sludge|[from] move: Knock Off|[of] p2a: Mandibuzz\n|\n|upkeep\n|turn|5\n|\n|switch|p2a: Amoonguss|Amoonguss, M|100\/100\n|move|p1a: Toxapex|Knock Off|p2a: Amoonguss\n|-damage|p2a: Amoonguss|90\/100\n|-enditem|p2a: Amoonguss|Black Sludge|[from] move: Knock Off|[of] p1a: Toxapex\n|\n|upkeep\n|turn|6\n|\n|switch|p1a: Alakazam|Alakazam, F|100\/100 tox\n|move|p2a: Amoonguss|Foul Play|p1a: Alakazam\n|-supereffective|p1a: Alakazam\n|-damage|p1a: Alakazam|60\/100 tox\n|\n|upkeep\n|turn|7\n|\n|switch|p2a: Mandibuzz|Mandibuzz, F|100\/100\n|move|p1a: Alakazam|Recover|p1a: Alakazam\n|-heal|p1a: Alakazam|100\/100 tox\n|\n|upkeep\n|turn|8\n|\n|switch|p1a: Toxapex|Toxapex, M|100\/100\n|move|p2a: Mandibuzz|Knock Off|p1a: Toxapex\n|-damage|p1a: Toxapex|88\/100\n|\n|upkeep\n|turn|9\n|\n|switch|p2a: Amoonguss|Amoonguss, M|100\/100\n|move|p1a: Toxapex|Scald|p2a: Amoonguss\n|-resisted|p2a: Amoonguss\n|-damage|p2a: Amoonguss|92\/100\n|-status|p2a: Amoonguss|brn\n|\n|-damage|p2a: Amoonguss|86\/100 brn|[from] brn\n|upkeep\n|turn|10\n|\n|switch|p1a: Alakazam|Alakazam, F|100\/100 tox\n|switch|p2a: Magearna|Magearna|100\/100\n|\n|upkeep\n|turn|11\n|\n|switch|p1a: Toxapex|Toxapex, M|100\/100\n|move|p2a: Magearna|Calm Mind|p2a: Magearna\n|-boost|p2a: Magearna|spa|1\n|-boost|p2a: Magearna|spd|1\n|\n|upkeep\n|turn|12\n|\n|move|p2a: Magearna|Thunderbolt|p1a: Toxapex\n|-supereffective|p1a: Toxapex\n|-damage|p1a: Toxapex|33\/100\n|move|p1a: Toxapex|Haze|p1a: Toxapex\n|-clearallboost\n|\n|upkeep\n|turn|13\n|j| brick girl\n|\n|switch|p1a: Rotom|Rotom-Heat|100\/100\n|move|p2a: Magearna|Calm Mind|p2a: Magearna\n|-boost|p2a: Magearna|spa|1\n|-boost|p2a: Magearna|spd|1\n|\n|upkeep\n|turn|14\n|j| EpicWon\n|\n|switch|p2a: Marowak|Marowak-Alola, M|100\/100\n|move|p1a: Rotom|Nasty Plot|p1a: Rotom\n|-boost|p1a: Rotom|spa|2\n|\n|upkeep\n|turn|15\n|\n|switch|p1a: Mandibuzz|Mandibuzz, F|100\/100\n|move|p2a: Marowak|Shadow Bone|p1a: Mandibuzz\n|-resisted|p1a: Mandibuzz\n|-damage|p1a: Mandibuzz|81\/100\n|\n|upkeep\n|turn|16\n|\n|switch|p2a: Magearna|Magearna|100\/100\n|move|p1a: Mandibuzz|U-turn|p2a: Magearna\n|-resisted|p2a: Magearna\n|-damage|p2a: Magearna|98\/100\n|\n|switch|p1a: Rotom|Rotom-Heat|100\/100|[from]move: U-turn\n|\n|-heal|p2a: Magearna|100\/100|[from] item: Leftovers\n|upkeep\n|turn|17\n|\n|switch|p1a: Hippowdon|Hippowdon, F|100\/100\n|-weather|Sandstorm|[from] ability: Sand Stream|[of] p1a: Hippowdon\n|switch|p2a: Slowbro|Slowbro, M|100\/100\n|\n|-weather|Sandstorm|[upkeep]\n|-damage|p2a: Slowbro|94\/100|[from] Sandstorm\n|upkeep\n|turn|18\n|\n|switch|p1a: Toxapex|Toxapex, M|67\/100\n|move|p2a: Slowbro|Scald|p1a: Toxapex\n|-resisted|p1a: Toxapex\n|-damage|p1a: Toxapex|57\/100\n|\n|-weather|Sandstorm|[upkeep]\n|-damage|p1a: Toxapex|51\/100|[from] Sandstorm\n|-damage|p2a: Slowbro|88\/100|[from] Sandstorm\n|upkeep\n|turn|19\n|\n|switch|p1a: Magearna|Magearna|100\/100\n|move|p2a: Slowbro|Scald|p1a: Magearna\n|-damage|p1a: Magearna|73\/100\n|-status|p1a: Magearna|brn\n|\n|-weather|Sandstorm|[upkeep]\n|-damage|p2a: Slowbro|82\/100|[from] Sandstorm\n|-damage|p1a: Magearna|67\/100 brn|[from] brn\n|upkeep\n|turn|20\n|\n|switch|p2a: Marowak|Marowak-Alola, M|100\/100\n|move|p1a: Magearna|Fleur Cannon|p2a: Marowak\n|-resisted|p2a: Marowak\n|-damage|p2a: Marowak|25\/100\n|-unboost|p1a: Magearna|spa|2\n|\n|-weather|Sandstorm|[upkeep]\n|-damage|p2a: Marowak|19\/100|[from] Sandstorm\n|-damage|p1a: Magearna|61\/100 brn|[from] brn\n|upkeep\n|turn|21\n|\n|switch|p1a: Hippowdon|Hippowdon, F|100\/100\n|switch|p2a: Magearna|Magearna|100\/100\n|\n|-weather|none\n|upkeep\n|turn|22\n|j| Plasmeek\n|\n|switch|p2a: Amoonguss|Amoonguss, M|100\/100 brn\n|switch|p1a: Rotom|Rotom-Heat|100\/100\n|\n|-damage|p2a: Amoonguss|94\/100 brn|[from] brn\n|upkeep\n|turn|23\n|\n|switch|p1a: Mandibuzz|Mandibuzz, F|81\/100\n|switch|p2a: Mandibuzz|Mandibuzz, F|100\/100\n|\n|upkeep\n|turn|24\n|\n|switch|p1a: Toxapex|Toxapex, M|84\/100\n|move|p2a: Mandibuzz|Knock Off|p1a: Toxapex\n|-damage|p1a: Toxapex|73\/100\n|\n|upkeep\n|turn|25\n|\n|switch|p2a: Magearna|Magearna|100\/100\n|move|p1a: Toxapex|Knock Off|p2a: Magearna\n|-resisted|p2a: Magearna\n|-damage|p2a: Magearna|95\/100\n|-enditem|p2a: Magearna|Leftovers|[from] move: Knock Off|[of] p1a: Toxapex\n|\n|upkeep\n|turn|26\n|\n|switch|p1a: Rotom|Rotom-Heat|100\/100\n|move|p2a: Magearna|Fleur Cannon|p1a: Rotom\n|-resisted|p1a: Rotom\n|-damage|p1a: Rotom|63\/100\n|-unboost|p2a: Magearna|spa|2\n|\n|upkeep\n|turn|27\n|\n|switch|p2a: Slowbro|Slowbro, M|100\/100\n|move|p1a: Rotom|Overheat|p2a: Slowbro\n|-resisted|p2a: Slowbro\n|-damage|p2a: Slowbro|75\/100\n|-unboost|p1a: Rotom|spa|2\n|\n|upkeep\n|turn|28\n|\n|switch|p1a: Alakazam|Alakazam, F|100\/100 tox\n|move|p2a: Slowbro|Scald|p1a: Alakazam\n|-damage|p1a: Alakazam|59\/100 tox\n|\n|upkeep\n|turn|29\n|\n|move|p1a: Alakazam|Recover|p1a: Alakazam\n|-heal|p1a: Alakazam|100\/100 tox\n|move|p2a: Slowbro|Teleport|p2a: Slowbro\n|j| lol nice dc pc\n|l| N4v\n|\n|switch|p2a: Zeraora|Zeraora|100\/100|[from]move: Teleport\n|\n|upkeep\n|turn|30\n|\n|switch|p1a: Hippowdon|Hippowdon, F|100\/100\n|-weather|Sandstorm|[from] ability: Sand Stream|[of] p1a: Hippowdon\n|move|p2a: Zeraora|Knock Off|p1a: Hippowdon\n|-damage|p1a: Hippowdon|84\/100\n|-damage|p2a: Zeraora|84\/100|[from] item: Rocky Helmet|[of] p1a: Hippowdon\n|-enditem|p1a: Hippowdon|Rocky Helmet|[from] move: Knock Off|[of] p2a: Zeraora\n|\n|-weather|Sandstorm|[upkeep]\n|-damage|p2a: Zeraora|78\/100|[from] Sandstorm\n|-heal|p2a: Zeraora|84\/100|[from] item: Leftovers\n|upkeep\n|turn|31\n|\n|switch|p2a: Amoonguss|Amoonguss, M|100\/100 brn\n|move|p1a: Hippowdon|Earthquake|p2a: Amoonguss\n|-damage|p2a: Amoonguss|71\/100 brn\n|\n|-weather|Sandstorm|[upkeep]\n|-damage|p2a: Amoonguss|65\/100 brn|[from] Sandstorm\n|-damage|p2a: Amoonguss|59\/100 brn|[from] brn\n|upkeep\n|turn|32\n|\n|switch|p1a: Mandibuzz|Mandibuzz, F|81\/100\n|move|p2a: Amoonguss|Toxic|p1a: Mandibuzz\n|-status|p1a: Mandibuzz|tox\n|\n|-weather|Sandstorm|[upkeep]\n|-damage|p2a: Amoonguss|53\/100 brn|[from] Sandstorm\n|-damage|p1a: Mandibuzz|74\/100 tox|[from] psn\n|-damage|p2a: Amoonguss|47\/100 brn|[from] brn\n|upkeep\n|turn|33\n|\n|switch|p2a: Mandibuzz|Mandibuzz, F|100\/100\n|move|p1a: Mandibuzz|U-turn|p2a: Mandibuzz\n|-damage|p2a: Mandibuzz|92\/100\n|\n|switch|p1a: Magearna|Magearna|61\/100 brn|[from]move: U-turn\n|\n|-weather|Sandstorm|[upkeep]\n|-damage|p1a: Magearna|55\/100 brn|[from] brn\n|upkeep\n|turn|34\n|j| REDEYESplayer\n|\n|switch|p2a: Amoonguss|Amoonguss, M|80\/100 brn\n|move|p1a: Magearna|Fleur Cannon|p2a: Amoonguss\n|-resisted|p2a: Amoonguss\n|-damage|p2a: Amoonguss|29\/100 brn\n|-unboost|p1a: Magearna|spa|2\n|\n|-weather|none\n|-damage|p1a: Magearna|49\/100 brn|[from] brn\n|-damage|p2a: Amoonguss|23\/100 brn|[from] brn\n|upkeep\n|turn|35\n|\n|switch|p2a: Magearna|Magearna|95\/100\n|move|p1a: Magearna|Fleur Cannon|p2a: Magearna\n|-resisted|p2a: Magearna\n|-damage|p2a: Magearna|70\/100\n|-unboost|p1a: Magearna|spa|2\n|\n|-damage|p1a: Magearna|43\/100 brn|[from] brn\n|upkeep\n|turn|36\n|\n|switch|p1a: Rotom|Rotom-Heat|63\/100\n|move|p2a: Magearna|Calm Mind|p2a: Magearna\n|-boost|p2a: Magearna|spa|1\n|-boost|p2a: Magearna|spd|1\n|\n|upkeep\n|turn|37\n|\n|move|p1a: Rotom|Nasty Plot|p1a: Rotom\n|-boost|p1a: Rotom|spa|2\n|move|p2a: Magearna|Fleur Cannon|p1a: Rotom\n|-resisted|p1a: Rotom\n|-damage|p1a: Rotom|11\/100\n|-unboost|p2a: Magearna|spa|2\n|\n|upkeep\n|turn|38\n|\n|switch|p2a: Marowak|Marowak-Alola, M|19\/100\n|move|p1a: Rotom|Pain Split|p2a: Marowak\n|-sethp|p2a: Marowak|14\/100|[from] move: Pain Split|[silent]\n|-sethp|p1a: Rotom|15\/100|[from] move: Pain Split\n|\n|upkeep\n|turn|39\n|l| EpicWon\n|\n|move|p1a: Rotom|Overheat|p2a: Marowak\n|-resisted|p2a: Marowak\n|-damage|p2a: Marowak|0 fnt\n|-unboost|p1a: Rotom|spa|2\n|faint|p2a: Marowak\n|\n|upkeep\n|\n|switch|p2a: Zeraora|Zeraora|84\/100\n|turn|40\n|\n|switch|p2a: Slowbro|Slowbro, M|100\/100\n|switch|p1a: Hippowdon|Hippowdon, F|84\/100\n|-weather|Sandstorm|[from] ability: Sand Stream|[of] p1a: Hippowdon\n|\n|-weather|Sandstorm|[upkeep]\n|-damage|p2a: Slowbro|94\/100|[from] Sandstorm\n|upkeep\n|turn|41\n|j|\u203dGalar Athens 420\n|\n|switch|p1a: Toxapex|Toxapex, M|100\/100\n|move|p2a: Slowbro|Scald|p1a: Toxapex\n|-resisted|p1a: Toxapex\n|-damage|p1a: Toxapex|91\/100\n|\n|-weather|Sandstorm|[upkeep]\n|-damage|p1a: Toxapex|85\/100|[from] Sandstorm\n|-damage|p2a: Slowbro|88\/100|[from] Sandstorm\n|upkeep\n|turn|42\n|\n|move|p1a: Toxapex|Scald|p2a: Slowbro\n|-resisted|p2a: Slowbro\n|-damage|p2a: Slowbro|80\/100\n|-status|p2a: Slowbro|brn\n|move|p2a: Slowbro|Scald|p1a: Toxapex\n|-resisted|p1a: Toxapex\n|-damage|p1a: Toxapex|75\/100\n|\n|-weather|Sandstorm|[upkeep]\n|-damage|p1a: Toxapex|69\/100|[from] Sandstorm\n|-damage|p2a: Slowbro|74\/100 brn|[from] Sandstorm\n|-damage|p2a: Slowbro|68\/100 brn|[from] brn\n|upkeep\n|turn|43\n|\n|switch|p1a: Alakazam|Alakazam, F|100\/100 tox\n|move|p2a: Slowbro|Teleport|p2a: Slowbro\n|\n|switch|p2a: Mandibuzz|Mandibuzz, F|92\/100|[from]move: Teleport\n|\n|-weather|Sandstorm|[upkeep]\n|upkeep\n|turn|44\n|\n|switch|p1a: Hippowdon|Hippowdon, F|84\/100\n|move|p2a: Mandibuzz|Knock Off|p1a: Hippowdon\n|-damage|p1a: Hippowdon|76\/100\n|\n|-weather|none\n|upkeep\n|turn|45\n|\n|switch|p2a: Slowbro|Slowbro, M|100\/100 brn\n|move|p1a: Hippowdon|Stealth Rock|p2a: Slowbro\n|-sidestart|p2: user1_ou|move: Stealth Rock\n|\n|-damage|p2a: Slowbro|94\/100 brn|[from] brn\n|upkeep\n|turn|46\n|\n|switch|p1a: Alakazam|Alakazam, F|100\/100 tox\n|move|p2a: Slowbro|Scald|p1a: Alakazam\n|-damage|p1a: Alakazam|62\/100 tox\n|\n|-damage|p2a: Slowbro|88\/100 brn|[from] brn\n|upkeep\n|turn|47\n|\n|move|p1a: Alakazam|Nasty Plot|p1a: Alakazam\n|-boost|p1a: Alakazam|spa|2\n|move|p2a: Slowbro|Teleport|p2a: Slowbro\n|\n|switch|p2a: Zeraora|Zeraora|84\/100|[from]move: Teleport\n|-damage|p2a: Zeraora|72\/100|[from] Stealth Rock\n|\n|-heal|p2a: Zeraora|78\/100|[from] item: Leftovers\n|upkeep\n|turn|48\n|j| tapetko\n|\n|switch|p1a: Hippowdon|Hippowdon, F|76\/100\n|-weather|Sandstorm|[from] ability: Sand Stream|[of] p1a: Hippowdon\n|move|p2a: Zeraora|Knock Off|p1a: Hippowdon\n|-damage|p1a: Hippowdon|65\/100\n|\n|-weather|Sandstorm|[upkeep]\n|-damage|p2a: Zeraora|72\/100|[from] Sandstorm\n|-heal|p2a: Zeraora|78\/100|[from] item: Leftovers\n|upkeep\n|turn|49\n|\n|switch|p2a: Slowbro|Slowbro, M|100\/100 brn\n|-damage|p2a: Slowbro|88\/100 brn|[from] Stealth Rock\n|move|p1a: Hippowdon|Slack Off|p1a: Hippowdon\n|-heal|p1a: Hippowdon|100\/100\n|\n|-weather|Sandstorm|[upkeep]\n|-damage|p2a: Slowbro|82\/100 brn|[from] Sandstorm\n|-damage|p2a: Slowbro|76\/100 brn|[from] brn\n|upkeep\n|turn|50\n|\n|switch|p1a: Alakazam|Alakazam, F|62\/100 tox\n|move|p2a: Slowbro|Teleport|p2a: Slowbro\n|\n|switch|p2a: Magearna|Magearna|70\/100|[from]move: Teleport\n|-damage|p2a: Magearna|64\/100|[from] Stealth Rock\n|\n|-weather|Sandstorm|[upkeep]\n|upkeep\n|turn|51\n|\n|switch|p1a: Toxapex|Toxapex, M|100\/100\n|move|p2a: Magearna|Fleur Cannon|p1a: Toxapex\n|-resisted|p1a: Toxapex\n|-damage|p1a: Toxapex|77\/100\n|-unboost|p2a: Magearna|spa|2\n|\n|-weather|Sandstorm|[upkeep]\n|-damage|p1a: Toxapex|71\/100|[from] Sandstorm\n|upkeep\n|turn|52\n|\n|switch|p1a: Rotom|Rotom-Heat|15\/100\n|move|p2a: Magearna|Calm Mind|p2a: Magearna\n|-boost|p2a: Magearna|spa|1\n|-boost|p2a: Magearna|spd|1\n|\n|-weather|none\n|upkeep\n|turn|53\n|\n|move|p1a: Rotom|Pain Split|p2a: Magearna\n|-sethp|p2a: Magearna|39\/100|[from] move: Pain Split|[silent]\n|-sethp|p1a: Rotom|46\/100|[from] move: Pain Split\n|move|p2a: Magearna|Calm Mind|p2a: Magearna\n|-boost|p2a: Magearna|spa|1\n|-boost|p2a: Magearna|spd|1\n|\n|upkeep\n|turn|54\n|\n|move|p1a: Rotom|Nasty Plot|p1a: Rotom\n|-boost|p1a: Rotom|spa|2\n|move|p2a: Magearna|Calm Mind|p2a: Magearna\n|-boost|p2a: Magearna|spa|1\n|-boost|p2a: Magearna|spd|1\n|\n|upkeep\n|turn|55\n|\n|move|p1a: Rotom|Overheat|p2a: Magearna|[miss]\n|-miss|p1a: Rotom|p2a: Magearna\n|move|p2a: Magearna|Fleur Cannon|p1a: Rotom\n|-resisted|p1a: Rotom\n|-damage|p1a: Rotom|0 fnt\n|-unboost|p2a: Magearna|spa|2\n|faint|p1a: Rotom\n|-ability|p2a: Magearna|Soul-Heart|boost\n|-boost|p2a: Magearna|spa|1\n|\n|upkeep\n|c|\u2606Escavalier|lol\n|\n|switch|p1a: Magearna|Magearna|43\/100 brn\n|turn|56\n|c|\u2606user1_ou|sorry mate\n|\n|switch|p2a: Amoonguss|Amoonguss, M|56\/100 brn\n|-damage|p2a: Amoonguss|44\/100 brn|[from] Stealth Rock\n|move|p1a: Magearna|Trick|p2a: Amoonguss\n|-activate|p1a: Magearna|move: Trick|[of] p2a: Amoonguss\n|-item|p2a: Amoonguss|Choice Specs|[from] move: Trick\n|-enditem|p1a: Magearna|Choice Specs|[silent]|[from] move: Trick\n|\n|-damage|p1a: Magearna|37\/100 brn|[from] brn\n|-damage|p2a: Amoonguss|38\/100 brn|[from] brn\n|upkeep\n|turn|57\n|\n|move|p1a: Magearna|Volt Switch|p2a: Amoonguss\n|-resisted|p2a: Amoonguss\n|-damage|p2a: Amoonguss|26\/100 brn\n|\n|switch|p1a: Toxapex|Toxapex, M|100\/100|[from]move: Volt Switch\n|move|p2a: Amoonguss|Foul Play|p1a: Toxapex\n|-damage|p1a: Toxapex|96\/100\n|\n|-damage|p2a: Amoonguss|20\/100 brn|[from] brn\n|upkeep\n|turn|58\n|\n|switch|p2a: Slowbro|Slowbro, M|100\/100 brn\n|-damage|p2a: Slowbro|88\/100 brn|[from] Stealth Rock\n|move|p1a: Toxapex|Knock Off|p2a: Slowbro\n|-supereffective|p2a: Slowbro\n|-damage|p2a: Slowbro|73\/100 brn\n|-damage|p1a: Toxapex|79\/100|[from] item: Rocky Helmet|[of] p2a: Slowbro\n|-enditem|p2a: Slowbro|Rocky Helmet|[from] move: Knock Off|[of] p1a: Toxapex\n|\n|-damage|p2a: Slowbro|67\/100 brn|[from] brn\n|upkeep\n|turn|59\n|\n|switch|p1a: Alakazam|Alakazam, F|62\/100 tox\n|move|p2a: Slowbro|Scald|p1a: Alakazam\n|-damage|p1a: Alakazam|25\/100 tox\n|\n|-damage|p2a: Slowbro|61\/100 brn|[from] brn\n|upkeep\n|turn|60\n|\n|move|p1a: Alakazam|Recover|p1a: Alakazam\n|-heal|p1a: Alakazam|75\/100 tox\n|move|p2a: Slowbro|Teleport|p2a: Slowbro\n|\n|switch|p2a: Mandibuzz|Mandibuzz, F|92\/100|[from]move: Teleport\n|\n|upkeep\n|turn|61\n|\n|switch|p1a: Hippowdon|Hippowdon, F|100\/100\n|-weather|Sandstorm|[from] ability: Sand Stream|[of] p1a: Hippowdon\n|move|p2a: Mandibuzz|Defog|p1a: Hippowdon\n|-unboost|p1a: Hippowdon|evasion|1\n|-sideend|p2: user1_ou|Stealth Rock|[from] move: Defog|[of] p2a: Mandibuzz\n|\n|-weather|Sandstorm|[upkeep]\n|upkeep\n|turn|62\n|\n|switch|p2a: Slowbro|Slowbro, M|94\/100 brn\n|move|p1a: Hippowdon|Stealth Rock|p2a: Slowbro\n|-sidestart|p2: user1_ou|move: Stealth Rock\n|\n|-weather|Sandstorm|[upkeep]\n|-damage|p2a: Slowbro|88\/100 brn|[from] Sandstorm\n|-damage|p2a: Slowbro|82\/100 brn|[from] brn\n|upkeep\n|turn|63\n|\n|switch|p1a: Alakazam|Alakazam, F|75\/100 tox\n|move|p2a: Slowbro|Scald|p1a: Alakazam\n|-damage|p1a: Alakazam|37\/100 tox\n|\n|-weather|Sandstorm|[upkeep]\n|-damage|p2a: Slowbro|76\/100 brn|[from] Sandstorm\n|-damage|p2a: Slowbro|70\/100 brn|[from] brn\n|upkeep\n|turn|64\n|\n|move|p1a: Alakazam|Recover|p1a: Alakazam\n|-heal|p1a: Alakazam|87\/100 tox\n|move|p2a: Slowbro|Scald|p1a: Alakazam\n|-damage|p1a: Alakazam|51\/100 tox\n|\n|-weather|Sandstorm|[upkeep]\n|-damage|p2a: Slowbro|63\/100 brn|[from] Sandstorm\n|-damage|p2a: Slowbro|57\/100 brn|[from] brn\n|upkeep\n|turn|65\n|\n|move|p1a: Alakazam|Psychic|p2a: Slowbro\n|-resisted|p2a: Slowbro\n|-damage|p2a: Slowbro|25\/100 brn\n|-unboost|p2a: Slowbro|spd|1\n|move|p2a: Slowbro|Teleport|p2a: Slowbro\n|l| brick girl\n|\n|switch|p2a: Mandibuzz|Mandibuzz, F|92\/100|[from]move: Teleport\n|\n|-weather|none\n|upkeep\n|turn|66\n|\n|switch|p1a: Hippowdon|Hippowdon, F|100\/100\n|-weather|Sandstorm|[from] ability: Sand Stream|[of] p1a: Hippowdon\n|move|p2a: Mandibuzz|Defog|p1a: Hippowdon\n|-unboost|p1a: Hippowdon|evasion|1\n|-sideend|p2: user1_ou|Stealth Rock|[from] move: Defog|[of] p2a: Mandibuzz\n|\n|-weather|Sandstorm|[upkeep]\n|upkeep\n|turn|67\n|\n|switch|p2a: Slowbro|Slowbro, M|59\/100 brn\n|move|p1a: Hippowdon|Stealth Rock|p2a: Slowbro\n|-sidestart|p2: user1_ou|move: Stealth Rock\n|\n|-weather|Sandstorm|[upkeep]\n|-damage|p2a: Slowbro|53\/100 brn|[from] Sandstorm\n|-damage|p2a: Slowbro|46\/100 brn|[from] brn\n|upkeep\n|turn|68\n|\n|switch|p1a: Alakazam|Alakazam, F|51\/100 tox\n|move|p2a: Slowbro|Slack Off|p2a: Slowbro\n|-heal|p2a: Slowbro|96\/100 brn\n|\n|-weather|Sandstorm|[upkeep]\n|-damage|p2a: Slowbro|90\/100 brn|[from] Sandstorm\n|-damage|p2a: Slowbro|84\/100 brn|[from] brn\n|upkeep\n|turn|69\n|\n|move|p1a: Alakazam|Recover|p1a: Alakazam\n|-heal|p1a: Alakazam|100\/100 tox\n|move|p2a: Slowbro|Teleport|p2a: Slowbro\n|\n|switch|p2a: Mandibuzz|Mandibuzz, F|92\/100|[from]move: Teleport\n|\n|-weather|Sandstorm|[upkeep]\n|upkeep\n|turn|70\n|\n|switch|p1a: Hippowdon|Hippowdon, F|100\/100\n|move|p2a: Mandibuzz|Whirlwind|p1a: Hippowdon\n|drag|p1a: Mandibuzz|Mandibuzz, F|74\/100 tox\n|\n|-weather|none\n|-damage|p1a: Mandibuzz|68\/100 tox|[from] psn\n|upkeep\n|turn|71\n|\n|switch|p1a: Hippowdon|Hippowdon, F|100\/100\n|-weather|Sandstorm|[from] ability: Sand Stream|[of] p1a: Hippowdon\n|move|p2a: Mandibuzz|Knock Off|p1a: Hippowdon\n|-damage|p1a: Hippowdon|93\/100\n|\n|-weather|Sandstorm|[upkeep]\n|upkeep\n|turn|72\n|\n|move|p2a: Mandibuzz|Defog|p1a: Hippowdon\n|-unboost|p1a: Hippowdon|evasion|1\n|-sideend|p2: user1_ou|Stealth Rock|[from] move: Defog|[of] p2a: Mandibuzz\n|move|p1a: Hippowdon|Whirlwind|p2a: Mandibuzz\n|drag|p2a: Amoonguss|Amoonguss, M|53\/100 brn\n|\n|-weather|Sandstorm|[upkeep]\n|-damage|p2a: Amoonguss|47\/100 brn|[from] Sandstorm\n|-damage|p2a: Amoonguss|41\/100 brn|[from] brn\n|upkeep\n|turn|73\n|\n|switch|p1a: Alakazam|Alakazam, F|100\/100 tox\n|move|p2a: Amoonguss|Toxic|p1a: Alakazam\n|-fail|p1a: Alakazam|tox\n|\n|-weather|Sandstorm|[upkeep]\n|-damage|p2a: Amoonguss|35\/100 brn|[from] Sandstorm\n|-damage|p2a: Amoonguss|29\/100 brn|[from] brn\n|upkeep\n|turn|74\n|c| lol nice dc pc|esca's team is so good\n|\n|switch|p1a: Hippowdon|Hippowdon, F|93\/100\n|switch|p2a: Mandibuzz|Mandibuzz, F|92\/100\n|\n|-weather|Sandstorm|[upkeep]\n|upkeep\n|turn|75\n|\n|move|p1a: Hippowdon|Stealth Rock|p2a: Mandibuzz\n|-sidestart|p2: user1_ou|move: Stealth Rock\n|move|p2a: Mandibuzz|Whirlwind|p1a: Hippowdon\n|drag|p1a: Magearna|Magearna|37\/100 brn\n|\n|-weather|none\n|-damage|p1a: Magearna|31\/100 brn|[from] brn\n|upkeep\n|turn|76\n|\n|move|p1a: Magearna|Fleur Cannon|p2a: Mandibuzz\n|-supereffective|p2a: Mandibuzz\n|-damage|p2a: Mandibuzz|0 fnt\n|-unboost|p1a: Magearna|spa|2\n|faint|p2a: Mandibuzz\n|-ability|p1a: Magearna|Soul-Heart|boost\n|-boost|p1a: Magearna|spa|1\n|\n|-damage|p1a: Magearna|25\/100 brn|[from] brn\n|upkeep\n|\n|switch|p2a: Magearna|Magearna|39\/100\n|-damage|p2a: Magearna|32\/100|[from] Stealth Rock\n|turn|77\n|\n|move|p1a: Magearna|Volt Switch|p2a: Magearna\n|-damage|p2a: Magearna|17\/100\n|\n|switch|p1a: Toxapex|Toxapex, M|100\/100|[from]move: Volt Switch\n|move|p2a: Magearna|Calm Mind|p2a: Magearna\n|-boost|p2a: Magearna|spa|1\n|-boost|p2a: Magearna|spd|1\n|\n|upkeep\n|turn|78\n|\n|move|p2a: Magearna|Pain Split|p1a: Toxapex\n|-sethp|p1a: Toxapex|60\/100|[from] move: Pain Split|[silent]\n|-sethp|p2a: Magearna|51\/100|[from] move: Pain Split\n|move|p1a: Toxapex|Haze|p1a: Toxapex\n|-clearallboost\n|\n|upkeep\n|turn|79\n|c|\u2606Escavalier|lol\n|c|\u2606Escavalier|this should be dead as fuck\n|c| lol nice dc pc|ah the classic stallbreak mag set\n|\n|move|p2a: Magearna|Calm Mind|p2a: Magearna\n|-boost|p2a: Magearna|spa|1\n|-boost|p2a: Magearna|spd|1\n|move|p1a: Toxapex|Scald|p2a: Magearna\n|-damage|p2a: Magearna|41\/100\n|\n|upkeep\n|turn|80\n|\n|switch|p1a: Hippowdon|Hippowdon, F|93\/100\n|-weather|Sandstorm|[from] ability: Sand Stream|[of] p1a: Hippowdon\n|move|p2a: Magearna|Thunderbolt|p1a: Hippowdon\n|-immune|p1a: Hippowdon\n|\n|-weather|Sandstorm|[upkeep]\n|upkeep\n|turn|81\n|\n|switch|p2a: Slowbro|Slowbro, M|100\/100 brn\n|-damage|p2a: Slowbro|88\/100 brn|[from] Stealth Rock\n|switch|p1a: Toxapex|Toxapex, M|94\/100\n|\n|-weather|Sandstorm|[upkeep]\n|-damage|p1a: Toxapex|87\/100|[from] Sandstorm\n|-damage|p2a: Slowbro|82\/100 brn|[from] Sandstorm\n|-damage|p2a: Slowbro|76\/100 brn|[from] brn\n|upkeep\n|turn|82\n|\n|switch|p1a: Alakazam|Alakazam, F|100\/100 tox\n|move|p2a: Slowbro|Scald|p1a: Alakazam\n|-damage|p1a: Alakazam|59\/100 tox\n|\n|-weather|Sandstorm|[upkeep]\n|-damage|p2a: Slowbro|70\/100 brn|[from] Sandstorm\n|-damage|p2a: Slowbro|64\/100 brn|[from] brn\n|upkeep\n|turn|83\n|\n|move|p1a: Alakazam|Psychic|p2a: Slowbro\n|-resisted|p2a: Slowbro\n|-damage|p2a: Slowbro|31\/100 brn\n|move|p2a: Slowbro|Teleport|p2a: Slowbro\n|\n|switch|p2a: Zeraora|Zeraora|78\/100|[from]move: Teleport\n|-damage|p2a: Zeraora|65\/100|[from] Stealth Rock\n|\n|-weather|Sandstorm|[upkeep]\n|-damage|p2a: Zeraora|59\/100|[from] Sandstorm\n|-heal|p2a: Zeraora|65\/100|[from] item: Leftovers\n|upkeep\n|turn|84\n|\n|switch|p1a: Hippowdon|Hippowdon, F|93\/100\n|move|p2a: Zeraora|Drain Punch|p1a: Hippowdon\n|-damage|p1a: Hippowdon|80\/100\n|-heal|p2a: Zeraora|74\/100|[from] drain|[of] p1a: Hippowdon\n|\n|-weather|none\n|-heal|p2a: Zeraora|80\/100|[from] item: Leftovers\n|upkeep\n|turn|85\n|\n|switch|p2a: Slowbro|Slowbro, M|64\/100 brn\n|-damage|p2a: Slowbro|52\/100 brn|[from] Stealth Rock\n|move|p1a: Hippowdon|Earthquake|p2a: Slowbro\n|-damage|p2a: Slowbro|30\/100 brn\n|\n|-damage|p2a: Slowbro|24\/100 brn|[from] brn\n|upkeep\n|turn|86\n|\n|move|p1a: Hippowdon|Earthquake|p2a: Slowbro\n|-damage|p2a: Slowbro|2\/100 brn\n|move|p2a: Slowbro|Slack Off|p2a: Slowbro\n|-heal|p2a: Slowbro|52\/100 brn\n|\n|-damage|p2a: Slowbro|46\/100 brn|[from] brn\n|upkeep\n|turn|87\n|\n|switch|p1a: Alakazam|Alakazam, F|59\/100 tox\n|move|p2a: Slowbro|Slack Off|p2a: Slowbro\n|-heal|p2a: Slowbro|96\/100 brn\n|\n|-damage|p2a: Slowbro|90\/100 brn|[from] brn\n|upkeep\n|turn|88\n|\n|move|p1a: Alakazam|Recover|p1a: Alakazam\n|-heal|p1a: Alakazam|100\/100 tox\n|move|p2a: Slowbro|Teleport|p2a: Slowbro\n|\n|switch|p2a: Zeraora|Zeraora|80\/100|[from]move: Teleport\n|-damage|p2a: Zeraora|68\/100|[from] Stealth Rock\n|\n|-heal|p2a: Zeraora|74\/100|[from] item: Leftovers\n|upkeep\n|turn|89\n|\n|switch|p1a: Hippowdon|Hippowdon, F|80\/100\n|-weather|Sandstorm|[from] ability: Sand Stream|[of] p1a: Hippowdon\n|move|p2a: Zeraora|Drain Punch|p1a: Hippowdon\n|-damage|p1a: Hippowdon|67\/100\n|-heal|p2a: Zeraora|82\/100|[from] drain|[of] p1a: Hippowdon\n|\n|-weather|Sandstorm|[upkeep]\n|-damage|p2a: Zeraora|76\/100|[from] Sandstorm\n|-heal|p2a: Zeraora|82\/100|[from] item: Leftovers\n|upkeep\n|turn|90\n|\n|switch|p2a: Slowbro|Slowbro, M|100\/100 brn\n|-damage|p2a: Slowbro|88\/100 brn|[from] Stealth Rock\n|move|p1a: Hippowdon|Earthquake|p2a: Slowbro\n|-damage|p2a: Slowbro|66\/100 brn\n|\n|-weather|Sandstorm|[upkeep]\n|-damage|p2a: Slowbro|60\/100 brn|[from] Sandstorm\n|-damage|p2a: Slowbro|54\/100 brn|[from] brn\n|upkeep\n|turn|91\n|\n|switch|p1a: Alakazam|Alakazam, F|100\/100 tox\n|move|p2a: Slowbro|Teleport|p2a: Slowbro\n|\n|switch|p2a: Zeraora|Zeraora|82\/100|[from]move: Teleport\n|-damage|p2a: Zeraora|70\/100|[from] Stealth Rock\n|\n|-weather|Sandstorm|[upkeep]\n|-damage|p2a: Zeraora|64\/100|[from] Sandstorm\n|-heal|p2a: Zeraora|70\/100|[from] item: Leftovers\n|upkeep\n|turn|92\n|\n|switch|p1a: Hippowdon|Hippowdon, F|67\/100\n|move|p2a: Zeraora|Drain Punch|p1a: Hippowdon\n|-damage|p1a: Hippowdon|54\/100\n|-heal|p2a: Zeraora|79\/100|[from] drain|[of] p1a: Hippowdon\n|\n|-weather|Sandstorm|[upkeep]\n|-damage|p2a: Zeraora|73\/100|[from] Sandstorm\n|-heal|p2a: Zeraora|79\/100|[from] item: Leftovers\n|upkeep\n|turn|93\n|\n|switch|p2a: Slowbro|Slowbro, M|87\/100 brn\n|-damage|p2a: Slowbro|75\/100 brn|[from] Stealth Rock\n|move|p1a: Hippowdon|Slack Off|p1a: Hippowdon\n|-heal|p1a: Hippowdon|100\/100\n|\n|-weather|none\n|-damage|p2a: Slowbro|69\/100 brn|[from] brn\n|upkeep\n|turn|94\n|\n|switch|p1a: Alakazam|Alakazam, F|100\/100 tox\n|move|p2a: Slowbro|Scald|p1a: Alakazam\n|-crit|p1a: Alakazam\n|-damage|p1a: Alakazam|40\/100 tox\n|\n|-damage|p2a: Slowbro|62\/100 brn|[from] brn\n|upkeep\n|turn|95\n|\n|move|p1a: Alakazam|Recover|p1a: Alakazam\n|-heal|p1a: Alakazam|90\/100 tox\n|move|p2a: Slowbro|Teleport|p2a: Slowbro\n|\n|switch|p2a: Zeraora|Zeraora|79\/100|[from]move: Teleport\n|-damage|p2a: Zeraora|66\/100|[from] Stealth Rock\n|\n|-heal|p2a: Zeraora|72\/100|[from] item: Leftovers\n|upkeep\n|turn|96\n|\n|switch|p1a: Hippowdon|Hippowdon, F|100\/100\n|-weather|Sandstorm|[from] ability: Sand Stream|[of] p1a: Hippowdon\n|move|p2a: Zeraora|Knock Off|p1a: Hippowdon\n|-damage|p1a: Hippowdon|89\/100\n|\n|-weather|Sandstorm|[upkeep]\n|-damage|p2a: Zeraora|66\/100|[from] Sandstorm\n|-heal|p2a: Zeraora|72\/100|[from] item: Leftovers\n|upkeep\n|turn|97\n|\n|move|p2a: Zeraora|Knock Off|p1a: Hippowdon\n|-damage|p1a: Hippowdon|79\/100\n|move|p1a: Hippowdon|Earthquake|p2a: Zeraora\n|-supereffective|p2a: Zeraora\n|-damage|p2a: Zeraora|0 fnt\n|faint|p2a: Zeraora\n|\n|-weather|Sandstorm|[upkeep]\n|upkeep\n|\n|switch|p2a: Slowbro|Slowbro, M|96\/100 brn\n|-damage|p2a: Slowbro|83\/100 brn|[from] Stealth Rock\n|turn|98\n|\n|switch|p1a: Alakazam|Alakazam, F|90\/100 tox\n|move|p2a: Slowbro|Scald|p1a: Alakazam\n|-damage|p1a: Alakazam|51\/100 tox\n|\n|-weather|Sandstorm|[upkeep]\n|-damage|p2a: Slowbro|77\/100 brn|[from] Sandstorm\n|-damage|p2a: Slowbro|71\/100 brn|[from] brn\n|upkeep\n|turn|99\n|\n|move|p1a: Alakazam|Nasty Plot|p1a: Alakazam\n|-boost|p1a: Alakazam|spa|2\n|move|p2a: Slowbro|Teleport|p2a: Slowbro\n|\n|switch|p2a: Magearna|Magearna|41\/100|[from]move: Teleport\n|-damage|p2a: Magearna|35\/100|[from] Stealth Rock\n|\n|-weather|Sandstorm|[upkeep]\n|upkeep\n|turn|100\n|\n|move|p1a: Alakazam|Psychic|p2a: Magearna\n|-resisted|p2a: Magearna\n|-damage|p2a: Magearna|0 fnt\n|faint|p2a: Magearna\n|\n|-weather|none\n|upkeep\n|c|\u2606user1_ou|gg\n|-message|user1_ou forfeited.\n|\n|win|Escavalier\n|c|\u2606Escavalier|gg\n|l|\u2606user1_ou\n|raw|Escavalier's rating: 1903 &rarr; <strong>1915<\/strong><br \/>(+12 for winning)\n|raw|user1_ou's rating: 1742 &rarr; <strong>1731<\/strong><br \/>(-11 for losing)\n|l|\u2606Escavalier\n|l| tapetko\n|l| Plasmeek\n","uploadtime":1593429394,"views":64,"p1id":"escavalier","p2id":"user1ou","formatid":"gen8ou","rating":1731,"private":0,"password":null}