{"id":"gen8ou-1706959099","p1":"Springtron","p2":"Jeremyhmla167","format":"gen8ou","log":"|j|\u2606Springtron\n|j|\u2606Jeremyhmla167\n|t:|1668036413\n|gametype|singles\n|player|p1|Springtron|mom-johto|1371\n|player|p2|Jeremyhmla167|rocketgrunt|1306\n|teamsize|p1|6\n|teamsize|p2|6\n|gen|8\n|tier|[Gen 8] OU\n|rated|\n|rule|Sleep Clause Mod: Limit one foe put to sleep\n|rule|Species Clause: Limit one of each Pok\u00e9mon\n|rule|OHKO Clause: OHKO moves are banned\n|rule|Evasion Items Clause: Evasion items are banned\n|rule|Evasion Moves Clause: Evasion moves are banned\n|rule|Endless Battle Clause: Forcing endless battles is banned\n|rule|HP Percentage Mod: HP is shown in percentages\n|rule|Dynamax Clause: You cannot dynamax\n|clearpoke\n|poke|p1|Lycanroc-Dusk, F|\n|poke|p1|Terrakion|\n|poke|p1|Nihilego|\n|poke|p1|Aerodactyl, M|\n|poke|p1|Rhyperior, F|\n|poke|p1|Stonjourner, F|\n|poke|p2|Marowak-Alola, M|\n|poke|p2|Cresselia, F|\n|poke|p2|Cursola, F|\n|poke|p2|Excadrill, M|\n|poke|p2|Urshifu-*, M|\n|poke|p2|Audino, F|\n|teampreview\n|inactive|Battle timer is ON: inactive players will automatically lose when time's up. (requested by Jeremyhmla167)\n|\n|t:|1668036428\n|start\n|switch|p1a: Lycanroc|Lycanroc-Dusk, F|100\/100\n|switch|p2a: Bear hands|Urshifu-Rapid-Strike, M|100\/100\n|turn|1\n|\n|t:|1668036439\n|move|p1a: Lycanroc|Stealth Rock|p2a: Bear hands\n|-sidestart|p2: Jeremyhmla167|move: Stealth Rock\n|move|p2a: Bear hands|Surging Strikes|p1a: Lycanroc\n|-supereffective|p1a: Lycanroc\n|-crit|p1a: Lycanroc\n|-damage|p1a: Lycanroc|15\/100\n|-supereffective|p1a: Lycanroc\n|-crit|p1a: Lycanroc\n|-damage|p1a: Lycanroc|0 fnt\n|faint|p1a: Lycanroc\n|-hitcount|p1: Lycanroc|2\n|\n|upkeep\n|\n|t:|1668036444\n|switch|p1a: Aerodactyl|Aerodactyl, M, shiny|100\/100\n|-ability|p1a: Aerodactyl|Unnerve\n|turn|2\n|\n|t:|1668036453\n|switch|p2a: enchinda|Excadrill, M|100\/100\n|-damage|p2a: enchinda|97\/100|[from] Stealth Rock\n|-ability|p2a: enchinda|Mold Breaker\n|move|p1a: Aerodactyl|Dual Wingbeat|p2a: enchinda\n|-resisted|p2a: enchinda\n|-damage|p2a: enchinda|83\/100\n|-resisted|p2a: enchinda\n|-damage|p2a: enchinda|67\/100\n|-hitcount|p2a: enchinda|2\n|-damage|p1a: Aerodactyl|91\/100|[from] item: Life Orb\n|\n|upkeep\n|turn|3\n|\n|t:|1668036466\n|switch|p2a: moon maam|Cresselia, F|100\/100\n|-damage|p2a: moon maam|88\/100|[from] Stealth Rock\n|move|p1a: Aerodactyl|Earthquake|p2a: moon maam\n|-immune|p2a: moon maam|[from] ability: Levitate\n|\n|upkeep\n|turn|4\n|\n|t:|1668036482\n|switch|p1a: Stonjourner|Stonjourner, F, shiny|100\/100\n|move|p2a: moon maam|Toxic|p1a: Stonjourner\n|-status|p1a: Stonjourner|tox\n|\n|-damage|p1a: Stonjourner|94\/100 tox|[from] psn\n|upkeep\n|turn|5\n|\n|t:|1668036492\n|switch|p2a: enchinda|Excadrill, M|67\/100\n|-damage|p2a: enchinda|64\/100|[from] Stealth Rock\n|-ability|p2a: enchinda|Mold Breaker\n|move|p1a: Stonjourner|Stone Edge|p2a: enchinda\n|-resisted|p2a: enchinda\n|-damage|p2a: enchinda|48\/100\n|\n|-damage|p1a: Stonjourner|82\/100 tox|[from] psn\n|upkeep\n|turn|6\n|\n|t:|1668036508\n|move|p1a: Stonjourner|Earthquake|p2a: enchinda\n|-supereffective|p2a: enchinda\n|-damage|p2a: enchinda|0 fnt\n|faint|p2a: enchinda\n|\n|-damage|p1a: Stonjourner|64\/100 tox|[from] psn\n|upkeep\n|\n|t:|1668036517\n|switch|p2a: Bear hands|Urshifu-Rapid-Strike, M|100\/100\n|-damage|p2a: Bear hands|94\/100|[from] Stealth Rock\n|turn|7\n|\n|t:|1668036523\n|move|p2a: Bear hands|Surging Strikes|p1a: Stonjourner\n|-supereffective|p1a: Stonjourner\n|-crit|p1a: Stonjourner\n|-damage|p1a: Stonjourner|28\/100 tox\n|-supereffective|p1a: Stonjourner\n|-crit|p1a: Stonjourner\n|-damage|p1a: Stonjourner|0 fnt\n|faint|p1a: Stonjourner\n|-hitcount|p1: Stonjourner|2\n|\n|upkeep\n|\n|t:|1668036526\n|switch|p1a: Aerodactyl|Aerodactyl, M, shiny|91\/100\n|-ability|p1a: Aerodactyl|Unnerve\n|turn|8\n|\n|t:|1668036535\n|switch|p2a: moon maam|Cresselia, F|88\/100\n|-damage|p2a: moon maam|76\/100|[from] Stealth Rock\n|move|p1a: Aerodactyl|Dual Wingbeat|p2a: moon maam\n|-damage|p2a: moon maam|64\/100\n|-damage|p1a: Aerodactyl|74\/100|[from] item: Rocky Helmet|[of] p2a: moon maam\n|-damage|p2a: moon maam|50\/100\n|-damage|p1a: Aerodactyl|57\/100|[from] item: Rocky Helmet|[of] p2a: moon maam\n|-hitcount|p2a: moon maam|2\n|-damage|p1a: Aerodactyl|47\/100|[from] item: Life Orb\n|\n|upkeep\n|turn|9\n|\n|t:|1668036549\n|switch|p1a: Nihilego|Nihilego, shiny|100\/100\n|move|p2a: moon maam|Trick Room|p2a: moon maam\n|-fieldstart|move: Trick Room|[of] p2a: moon maam\n|\n|upkeep\n|turn|10\n|\n|t:|1668036557\n|move|p2a: moon maam|Lunar Dance|p2a: moon maam\n|faint|p2a: moon maam\n|move|p1a: Nihilego|Sludge Wave|p2: moon maam|[notarget]\n|-fail|p1a: Nihilego\n|\n|upkeep\n|\n|t:|1668036565\n|switch|p2a: Bear hands|Urshifu-Rapid-Strike, M|94\/100\n|-heal|p2a: Bear hands|100\/100|[from] move: Lunar Dance\n|-damage|p2a: Bear hands|94\/100|[from] Stealth Rock\n|turn|11\n|\n|t:|1668036590\n|switch|p1a: Aerodactyl|Aerodactyl, M, shiny|47\/100\n|-ability|p1a: Aerodactyl|Unnerve\n|move|p2a: Bear hands|Surging Strikes|p1a: Aerodactyl\n|-supereffective|p1a: Aerodactyl\n|-crit|p1a: Aerodactyl\n|-damage|p1a: Aerodactyl|0 fnt\n|faint|p1a: Aerodactyl\n|-hitcount|p1: Aerodactyl|1\n|\n|upkeep\n|\n|t:|1668036591\n|switch|p1a: Rhyperior|Rhyperior, F|100\/100\n|-item|p1a: Rhyperior|Air Balloon\n|turn|12\n|\n|t:|1668036609\n|switch|p2a: corali|Cursola, F|100\/100\n|-damage|p2a: corali|88\/100|[from] Stealth Rock\n|move|p1a: Rhyperior|High Horsepower|p2a: corali\n|-damage|p2a: corali|0 fnt\n|-ability|p2a: corali|Perish Body\n|faint|p2a: corali\n|\n|-start|p1a: Rhyperior|perish3\n|upkeep\n|\n|t:|1668036623\n|switch|p2a: sloth|Audino, F|100\/100\n|-damage|p2a: sloth|88\/100|[from] Stealth Rock\n|turn|13\n|\n|t:|1668036633\n|move|p2a: sloth|Knock Off|p1a: Rhyperior\n|-damage|p1a: Rhyperior|91\/100\n|-enditem|p1a: Rhyperior|Air Balloon\n|move|p1a: Rhyperior|Stone Edge|p2a: sloth\n|-crit|p2a: sloth\n|-damage|p2a: sloth|4\/100\n|\n|-heal|p2a: sloth|10\/100|[from] item: Leftovers\n|-start|p1a: Rhyperior|perish2\n|-fieldend|move: Trick Room\n|upkeep\n|turn|14\n|\n|t:|1668036646\n|move|p1a: Rhyperior|High Horsepower|p2a: sloth\n|-damage|p2a: sloth|0 fnt\n|faint|p2a: sloth\n|\n|-start|p1a: Rhyperior|perish1\n|upkeep\n|\n|t:|1668036654\n|switch|p2a: Bear hands|Urshifu-Rapid-Strike, M|94\/100\n|-damage|p2a: Bear hands|88\/100|[from] Stealth Rock\n|turn|15\n|\n|t:|1668036659\n|move|p2a: Bear hands|Surging Strikes|p1a: Rhyperior\n|-supereffective|p1a: Rhyperior\n|-crit|p1a: Rhyperior\n|-damage|p1a: Rhyperior|47\/100\n|-supereffective|p1a: Rhyperior\n|-crit|p1a: Rhyperior\n|-damage|p1a: Rhyperior|1\/100\n|-supereffective|p1a: Rhyperior\n|-crit|p1a: Rhyperior\n|-damage|p1a: Rhyperior|0 fnt\n|faint|p1a: Rhyperior\n|-hitcount|p1: Rhyperior|3\n|\n|upkeep\n|\n|t:|1668036666\n|switch|p1a: Terrakion|Terrakion, shiny|100\/100\n|turn|16\n|\n|t:|1668036671\n|switch|p2a: 3spooky5me|Marowak-Alola, M|100\/100\n|-damage|p2a: 3spooky5me|75\/100|[from] Stealth Rock\n|move|p1a: Terrakion|Earthquake|p2a: 3spooky5me\n|-supereffective|p2a: 3spooky5me\n|-damage|p2a: 3spooky5me|9\/100\n|\n|upkeep\n|turn|17\n|\n|t:|1668036680\n|move|p1a: Terrakion|Earthquake|p2a: 3spooky5me\n|-supereffective|p2a: 3spooky5me\n|-damage|p2a: 3spooky5me|0 fnt\n|faint|p2a: 3spooky5me\n|\n|upkeep\n|\n|t:|1668036686\n|switch|p2a: Bear hands|Urshifu-Rapid-Strike, M|88\/100\n|-damage|p2a: Bear hands|82\/100|[from] Stealth Rock\n|turn|18\n|\n|t:|1668036691\n|move|p1a: Terrakion|Earthquake|p2a: Bear hands\n|-damage|p2a: Bear hands|48\/100\n|move|p2a: Bear hands|Surging Strikes|p1a: Terrakion\n|-supereffective|p1a: Terrakion\n|-crit|p1a: Terrakion\n|-damage|p1a: Terrakion|53\/100\n|-supereffective|p1a: Terrakion\n|-crit|p1a: Terrakion\n|-damage|p1a: Terrakion|5\/100\n|-supereffective|p1a: Terrakion\n|-crit|p1a: Terrakion\n|-damage|p1a: Terrakion|0 fnt\n|faint|p1a: Terrakion\n|-hitcount|p1: Terrakion|3\n|\n|upkeep\n|\n|t:|1668036693\n|switch|p1a: Nihilego|Nihilego, shiny|100\/100\n|turn|19\n|\n|t:|1668036706\n|move|p1a: Nihilego|Dazzling Gleam|p2a: Bear hands\n|-supereffective|p2a: Bear hands\n|-damage|p2a: Bear hands|0 fnt\n|faint|p2a: Bear hands\n|\n|win|Springtron\n|raw|Springtron's rating: 1371 &rarr; <strong>1387<\/strong><br \/>(+16 for winning)\n|raw|Jeremyhmla167's rating: 1306 &rarr; <strong>1290<\/strong><br \/>(-16 for losing)\n|l|\u2606Jeremyhmla167\n||Ladder isn't responding, score probably updated but might not have (Request timeout).\n","uploadtime":1668036712,"views":4,"p1id":"springtron","p2id":"jeremyhmla167","formatid":"gen8ou","rating":1290,"private":0,"password":null}