{"id":"gen8ou-1549122799","p1":"Foolish Shogun","p2":"Google_AI_Test","format":"gen8ou","log":"|j|\u2606Foolish Shogun\n|j|\u203dGoogle_AI_Test\n|t:|1649445986\n|gametype|singles\n|player|p1|Foolish Shogun|ghetsis-gen5bw|1625\n|player|p2|Google_AI_Test|supernerd|1678\n|teamsize|p1|6\n|teamsize|p2|6\n|gen|8\n|tier|[Gen 8] OU\n|rated|\n|rule|Sleep Clause Mod: Limit one foe put to sleep\n|rule|Species Clause: Limit one of each Pok\u00e9mon\n|rule|OHKO Clause: OHKO moves are banned\n|rule|Evasion Moves Clause: Evasion moves are banned\n|rule|Endless Battle Clause: Forcing endless battles is banned\n|rule|HP Percentage Mod: HP is shown in percentages\n|rule|Dynamax Clause: You cannot dynamax\n|clearpoke\n|poke|p1|Urshifu-*, M|\n|poke|p1|Grimmsnarl, M|\n|poke|p1|Heatran, M|\n|poke|p1|Zapdos|\n|poke|p1|Nidoking, M|\n|poke|p1|Volcanion|\n|poke|p2|Toxtricity, M|\n|poke|p2|Tornadus-Therian, M|\n|poke|p2|Volcanion|\n|poke|p2|Tapu Lele|\n|poke|p2|Landorus-Therian, M|\n|poke|p2|Tyranitar, F|\n|teampreview\n|inactive|Battle timer is ON: inactive players will automatically lose when time's up. (requested by Google_AI_Test)\n|\n|t:|1649446013\n|start\n|switch|p1a: Grimmsnarl|Grimmsnarl, M, shiny|100\/100\n|switch|p2a: Toxtricity|Toxtricity, M, shiny|100\/100\n|turn|1\n|\n|t:|1649446021\n|switch|p1a: Heatran|Heatran, M|100\/100\n|move|p2a: Toxtricity|Boomburst|p1a: Heatran\n|-resisted|p1a: Heatran\n|-damage|p1a: Heatran|70\/100\n|\n|-heal|p1a: Heatran|76\/100|[from] item: Leftovers\n|upkeep\n|turn|2\n|\n|t:|1649446029\n|switch|p2a: Landorus|Landorus-Therian, M|100\/100\n|-ability|p2a: Landorus|Intimidate|boost\n|-unboost|p1a: Heatran|atk|1\n|move|p1a: Heatran|Magma Storm|p2a: Landorus\n|-damage|p2a: Landorus|57\/100\n|-activate|p2a: Landorus|move: Magma Storm|[of] p1a: Heatran\n|\n|-heal|p2a: Landorus|63\/100|[from] item: Leftovers\n|-heal|p1a: Heatran|82\/100|[from] item: Leftovers\n|-damage|p2a: Landorus|51\/100|[from] move: Magma Storm|[partiallytrapped]\n|upkeep\n|turn|3\n|\n|t:|1649446037\n|switch|p1a: Zapdos|Zapdos, shiny|100\/100\n|move|p2a: Landorus|Knock Off|p1a: Zapdos\n|-damage|p1a: Zapdos|76\/100\n|-enditem|p1a: Zapdos|Heavy-Duty Boots|[from] move: Knock Off|[of] p2a: Landorus\n|\n|-heal|p2a: Landorus|57\/100|[from] item: Leftovers\n|-end|p2a: Landorus|Magma Storm|[partiallytrapped]|[silent]\n|upkeep\n|turn|4\n|\n|t:|1649446042\n|switch|p2a: Tyranitar|Tyranitar, F|100\/100\n|-weather|Sandstorm|[from] ability: Sand Stream|[of] p2a: Tyranitar\n|move|p1a: Zapdos|U-turn|p2a: Tyranitar\n|-supereffective|p2a: Tyranitar\n|-damage|p2a: Tyranitar|77\/100\n|\n|t:|1649446045\n|switch|p1a: Urshifu|Urshifu-Rapid-Strike, M|100\/100|[from]move: U-turn\n|\n|-weather|Sandstorm|[upkeep]\n|-damage|p1a: Urshifu|94\/100|[from] Sandstorm\n|-heal|p2a: Tyranitar|83\/100|[from] item: Leftovers\n|upkeep\n|turn|5\n|\n|t:|1649446051\n|switch|p2a: Tornadus|Tornadus-Therian, M, shiny|100\/100\n|move|p1a: Urshifu|Close Combat|p2a: Tornadus\n|-resisted|p2a: Tornadus\n|-damage|p2a: Tornadus|46\/100\n|-unboost|p1a: Urshifu|def|1\n|-unboost|p1a: Urshifu|spd|1\n|\n|-weather|Sandstorm|[upkeep]\n|-damage|p2a: Tornadus|40\/100|[from] Sandstorm\n|-damage|p1a: Urshifu|88\/100|[from] Sandstorm\n|upkeep\n|turn|6\n|\n|t:|1649446058\n|switch|p1a: Heatran|Heatran, M|82\/100\n|move|p2a: Tornadus|U-turn|p1a: Heatran\n|-resisted|p1a: Heatran\n|-damage|p1a: Heatran|78\/100\n|\n|t:|1649446083\n|switch|p2a: Tyranitar|Tyranitar, F|83\/100|[from]move: U-turn\n|\n|-weather|Sandstorm|[upkeep]\n|-heal|p2a: Tyranitar|89\/100|[from] item: Leftovers\n|-heal|p1a: Heatran|85\/100|[from] item: Leftovers\n|upkeep\n|turn|7\n|\n|t:|1649446098\n|switch|p1a: Nidoking|Nidoking, M, shiny|100\/100\n|move|p2a: Tyranitar|Dragon Dance|p2a: Tyranitar\n|-boost|p2a: Tyranitar|atk|1\n|-boost|p2a: Tyranitar|spe|1\n|\n|-weather|Sandstorm|[upkeep]\n|-heal|p2a: Tyranitar|96\/100|[from] item: Leftovers\n|upkeep\n|turn|8\n|\n|t:|1649446105\n|-singleturn|p1a: Nidoking|move: Focus Punch\n|move|p2a: Tyranitar|Ice Punch|p1a: Nidoking\n|-supereffective|p1a: Nidoking\n|-damage|p1a: Nidoking|0 fnt\n|faint|p1a: Nidoking\n|\n|-weather|none\n|-heal|p2a: Tyranitar|100\/100|[from] item: Leftovers\n|upkeep\n|\n|t:|1649446108\n|switch|p1a: Urshifu|Urshifu-Rapid-Strike, M|88\/100\n|turn|9\n|\n|t:|1649446117\n|switch|p2a: Tornadus|Tornadus-Therian, M, shiny|73\/100\n|move|p1a: Urshifu|Surging Strikes|p2a: Tornadus\n|-crit|p2a: Tornadus\n|-damage|p2a: Tornadus|38\/100\n|-crit|p2a: Tornadus\n|-damage|p2a: Tornadus|2\/100\n|-crit|p2a: Tornadus\n|-damage|p2a: Tornadus|0 fnt\n|faint|p2a: Tornadus\n|-hitcount|p2: Tornadus|3\n|\n|upkeep\n|\n|t:|1649446122\n|switch|p2a: Volcanion|Volcanion|100\/100\n|turn|10\n|j| Nesnot\n|\n|t:|1649446126\n|switch|p1a: Volcanion|Volcanion|100\/100\n|move|p2a: Volcanion|Earth Power|p1a: Volcanion\n|-supereffective|p1a: Volcanion\n|-damage|p1a: Volcanion|0 fnt\n|faint|p1a: Volcanion\n|\n|upkeep\n|\n|t:|1649446129\n|switch|p1a: Zapdos|Zapdos, shiny|76\/100\n|turn|11\n|\n|t:|1649446134\n|switch|p2a: Landorus|Landorus-Therian, M|57\/100\n|-ability|p2a: Landorus|Intimidate|boost\n|-unboost|p1a: Zapdos|atk|1\n|move|p1a: Zapdos|U-turn|p2a: Landorus\n|-resisted|p2a: Landorus\n|-damage|p2a: Landorus|54\/100\n|\n|t:|1649446138\n|switch|p1a: Urshifu|Urshifu-Rapid-Strike, M|88\/100|[from]move: U-turn\n|\n|-heal|p2a: Landorus|60\/100|[from] item: Leftovers\n|upkeep\n|turn|12\n|\n|t:|1649446143\n|switch|p2a: Volcanion|Volcanion|100\/100\n|move|p1a: Urshifu|Close Combat|p2a: Volcanion\n|-damage|p2a: Volcanion|13\/100\n|-unboost|p1a: Urshifu|def|1\n|-unboost|p1a: Urshifu|spd|1\n|\n|upkeep\n|turn|13\n|\n|t:|1649446150\n|switch|p2a: Tapu Lele|Tapu Lele|100\/100\n|-fieldstart|move: Psychic Terrain|[from] ability: Psychic Surge|[of] p2a: Tapu Lele\n|move|p1a: Urshifu|Close Combat|p2a: Tapu Lele\n|-resisted|p2a: Tapu Lele\n|-damage|p2a: Tapu Lele|65\/100\n|-unboost|p1a: Urshifu|def|1\n|-unboost|p1a: Urshifu|spd|1\n|\n|upkeep\n|turn|14\n|l| Nesnot\n|\n|t:|1649446163\n|switch|p2a: Volcanion|Volcanion|13\/100\n|switch|p1a: Heatran|Heatran, M|85\/100\n|\n|-heal|p1a: Heatran|91\/100|[from] item: Leftovers\n|upkeep\n|turn|15\n|\n|t:|1649446174\n|switch|p1a: Urshifu|Urshifu-Rapid-Strike, M|88\/100\n|move|p2a: Volcanion|Steam Eruption|p1a: Urshifu\n|-resisted|p1a: Urshifu\n|-damage|p1a: Urshifu|18\/100\n|\n|upkeep\n|turn|16\n|\n|t:|1649446190\n|switch|p2a: Landorus|Landorus-Therian, M|60\/100\n|-ability|p2a: Landorus|Intimidate|boost\n|-unboost|p1a: Urshifu|atk|1\n|move|p1a: Urshifu|U-turn|p2a: Landorus\n|-resisted|p2a: Landorus\n|-damage|p2a: Landorus|52\/100\n|\n|t:|1649446202\n|switch|p1a: Grimmsnarl|Grimmsnarl, M, shiny|100\/100|[from]move: U-turn\n|\n|-heal|p2a: Landorus|58\/100|[from] item: Leftovers\n|upkeep\n|turn|17\n|\n|t:|1649446207\n|move|p2a: Landorus|Knock Off|p1a: Grimmsnarl\n|-resisted|p1a: Grimmsnarl\n|-damage|p1a: Grimmsnarl|90\/100\n|-enditem|p1a: Grimmsnarl|Choice Band|[from] move: Knock Off|[of] p2a: Landorus\n|move|p1a: Grimmsnarl|Darkest Lariat|p2a: Landorus\n|-damage|p2a: Landorus|25\/100\n|\n|-heal|p2a: Landorus|31\/100|[from] item: Leftovers\n|-fieldend|move: Psychic Terrain\n|upkeep\n|turn|18\n|\n|t:|1649446214\n|move|p1a: Grimmsnarl|Trick|p2a: Landorus\n|-activate|p1a: Grimmsnarl|move: Trick|[of] p2a: Landorus\n|-enditem|p2a: Landorus|Leftovers|[silent]|[from] move: Trick\n|-item|p1a: Grimmsnarl|Leftovers|[from] move: Trick\n|move|p2a: Landorus|U-turn|p1a: Grimmsnarl\n|-damage|p1a: Grimmsnarl|62\/100\n|\n|t:|1649446227\n|switch|p2a: Toxtricity|Toxtricity, M, shiny|100\/100|[from]move: U-turn\n|\n|-heal|p1a: Grimmsnarl|68\/100|[from] item: Leftovers\n|upkeep\n|turn|19\n|\n|t:|1649446232\n|move|p1a: Grimmsnarl|Trick|p2a: Toxtricity\n|-activate|p1a: Grimmsnarl|move: Trick|[of] p2a: Toxtricity\n|-item|p2a: Toxtricity|Leftovers|[from] move: Trick\n|-item|p1a: Grimmsnarl|Choice Specs|[from] move: Trick\n|move|p2a: Toxtricity|Boomburst|p1a: Grimmsnarl\n|-damage|p1a: Grimmsnarl|0 fnt\n|faint|p1a: Grimmsnarl\n|\n|upkeep\n|\n|t:|1649446236\n|switch|p1a: Heatran|Heatran, M|91\/100\n|turn|20\n|\n|t:|1649446245\n|switch|p2a: Tyranitar|Tyranitar, F|100\/100\n|-weather|Sandstorm|[from] ability: Sand Stream|[of] p2a: Tyranitar\n|move|p1a: Heatran|Magma Storm|p2a: Tyranitar|[miss]\n|-miss|p1a: Heatran|p2a: Tyranitar\n|\n|-weather|Sandstorm|[upkeep]\n|-heal|p1a: Heatran|97\/100|[from] item: Leftovers\n|upkeep\n|turn|21\n|\n|t:|1649446251\n|switch|p1a: Urshifu|Urshifu-Rapid-Strike, M|18\/100\n|move|p2a: Tyranitar|Dragon Dance|p2a: Tyranitar\n|-boost|p2a: Tyranitar|atk|1\n|-boost|p2a: Tyranitar|spe|1\n|\n|-weather|Sandstorm|[upkeep]\n|-damage|p1a: Urshifu|12\/100|[from] Sandstorm\n|upkeep\n|turn|22\n|\n|t:|1649446254\n|move|p1a: Urshifu|Aqua Jet|p2a: Tyranitar\n|-supereffective|p2a: Tyranitar\n|-damage|p2a: Tyranitar|43\/100\n|move|p2a: Tyranitar|Crunch|p1a: Urshifu\n|-resisted|p1a: Urshifu\n|-damage|p1a: Urshifu|0 fnt\n|faint|p1a: Urshifu\n|\n|-weather|Sandstorm|[upkeep]\n|-heal|p2a: Tyranitar|49\/100|[from] item: Leftovers\n|upkeep\n|-message|Foolish Shogun forfeited.\n|\n|win|Google_AI_Test\n|raw|Foolish Shogun's rating: 1625 &rarr; <strong>1608<\/strong><br \/>(-17 for losing)\n|raw|Google_AI_Test's rating: 1678 &rarr; <strong>1695<\/strong><br \/>(+17 for winning)\n|l|\u2606Foolish Shogun\n|l|\u203dGoogle_AI_Test\n||Ladder isn't responding, score probably updated but might not have (Request timeout).\n","uploadtime":1649446593,"views":15,"p1id":"foolishshogun","p2id":"googleaitest","formatid":"gen8ou","rating":1608,"private":0,"password":null}