{"id":"gen8nu-1147987979","p1":"EV Sceptile","p2":"OGamer289","format":"gen8nu","log":"|j|\u2606EV Sceptile\n|j|\u2606OGamer289\n|player|p1|EV Sceptile|101|1226\n|player|p2|OGamer289|153|1177\n|teamsize|p1|6\n|teamsize|p2|6\n|gametype|singles\n|gen|8\n|tier|[Gen 8] NU\n|rated|\n|clearpoke\n|poke|p1|Thwackey, M|\n|poke|p1|Rapidash, F|\n|poke|p1|Stunfisk-Galar, M|\n|poke|p1|Alcremie, F|\n|poke|p1|Lanturn, F|\n|poke|p1|Weezing, M|\n|poke|p2|Flapple, M|\n|poke|p2|Abomasnow, F|\n|poke|p2|Stunfisk-Galar, F|\n|poke|p2|Clefairy, M|\n|poke|p2|Ninjask, M|\n|poke|p2|Rotom|\n|rule|Sleep Clause Mod: Limit one foe put to sleep\n|rule|Species Clause: Limit one of each Pok\u00e9mon\n|rule|OHKO Clause: OHKO moves are banned\n|rule|Evasion Moves Clause: Evasion moves are banned\n|rule|Endless Battle Clause: Forcing endless battles is banned\n|rule|HP Percentage Mod: HP is shown in percentages\n|rule|Dynamax Clause: You cannot dynamax\n|teampreview\n|inactive|Battle timer is ON: inactive players will automatically lose when time's up. (requested by OGamer289)\n|\n|start\n|switch|p1a: Thwackey|Thwackey, M|100\/100\n|switch|p2a: Stunfisk|Stunfisk-Galar, F|100\/100\n|-fieldstart|move: Grassy Terrain|[from] ability: Grassy Surge|[of] p1a: Thwackey\n|-start|p2a: Stunfisk|typechange|Grass|[from] ability: Mimicry\n|turn|1\n|inactive|OGamer289 has 120 seconds left.\n|\n|switch|p2a: Rotom|Rotom|100\/100\n|move|p1a: Thwackey|Taunt|p2a: Rotom\n|-start|p2a: Rotom|move: Taunt\n|\n|upkeep\n|turn|2\n|inactive|EV Sceptile has 120 seconds left.\n|\n|switch|p2a: Stunfisk|Stunfisk-Galar, F|100\/100\n|-start|p2a: Stunfisk|typechange|Grass|[from] ability: Mimicry\n|move|p1a: Thwackey|Knock Off|p2a: Stunfisk\n|-damage|p2a: Stunfisk|83\/100\n|-enditem|p2a: Stunfisk|Leftovers|[from] move: Knock Off|[of] p1a: Thwackey\n|\n|-heal|p2a: Stunfisk|90\/100|[from] Grassy Terrain\n|upkeep\n|turn|3\n|\n|move|p1a: Thwackey|Taunt|p2a: Stunfisk\n|-start|p2a: Stunfisk|move: Taunt\n|move|p2a: Stunfisk|Stone Edge|p1a: Thwackey\n|-damage|p1a: Thwackey|85\/100\n|\n|-heal|p1a: Thwackey|91\/100|[from] Grassy Terrain\n|-heal|p2a: Stunfisk|96\/100|[from] Grassy Terrain\n|upkeep\n|turn|4\n|\n|switch|p2a: Rotom|Rotom|100\/100\n|move|p1a: Thwackey|U-turn|p2a: Rotom\n|-resisted|p2a: Rotom\n|-damage|p2a: Rotom|86\/100\n|\n|switch|p1a: Rapidash|Rapidash, F, shiny|100\/100|[from]move: U-turn\n|\n|-heal|p2a: Rotom|92\/100|[from] item: Leftovers\n|upkeep\n|turn|5\n|inactive|OGamer289 has 90 seconds left.\n|\n|move|p1a: Rapidash|Flare Blitz|p2a: Rotom\n|-damage|p2a: Rotom|21\/100\n|-damage|p1a: Rapidash|74\/100|[from] Recoil\n|move|p2a: Rotom|Thunderbolt|p1a: Rapidash\n|-damage|p1a: Rapidash|30\/100\n|\n|-heal|p1a: Rapidash|36\/100|[from] Grassy Terrain\n|-heal|p2a: Rotom|27\/100|[from] item: Leftovers\n|-fieldend|move: Grassy Terrain\n|upkeep\n|turn|6\n|\n|move|p1a: Rapidash|Flare Blitz|p2a: Rotom\n|-damage|p2a: Rotom|0 fnt\n|-damage|p1a: Rapidash|26\/100|[from] Recoil\n|faint|p2a: Rotom\n|\n|upkeep\n|\n|switch|p2a: Ninjask|Ninjask, M|100\/100\n|turn|7\n|\n|switch|p1a: Weezing|Weezing, M, shiny|100\/100\n|move|p2a: Ninjask|Swords Dance|p2a: Ninjask\n|-boost|p2a: Ninjask|atk|2\n|\n|-ability|p2a: Ninjask|Speed Boost|boost\n|-boost|p2a: Ninjask|spe|1\n|upkeep\n|turn|8\n|\n|move|p2a: Ninjask|Swords Dance|p2a: Ninjask\n|-boost|p2a: Ninjask|atk|2\n|move|p1a: Weezing|Clear Smog|p2a: Ninjask\n|-damage|p2a: Ninjask|72\/100\n|-clearboost|p2a: Ninjask\n|\n|-ability|p2a: Ninjask|Speed Boost|boost\n|-boost|p2a: Ninjask|spe|1\n|upkeep\n|turn|9\n|\n|move|p2a: Ninjask|U-turn|p1a: Weezing\n|-resisted|p1a: Weezing\n|-damage|p1a: Weezing|86\/100\n|\n|switch|p2a: Stunfisk|Stunfisk-Galar, F|96\/100|[from]move: U-turn\n|move|p1a: Weezing|Flamethrower|p2a: Stunfisk\n|-supereffective|p2a: Stunfisk\n|-damage|p2a: Stunfisk|67\/100\n|\n|-heal|p1a: Weezing|92\/100|[from] item: Black Sludge\n|upkeep\n|turn|10\n|\n|move|p1a: Weezing|Will-O-Wisp|p2a: Stunfisk|[miss]\n|-miss|p1a: Weezing|p2a: Stunfisk\n|move|p2a: Stunfisk|Stealth Rock|p1a: Weezing\n|-sidestart|p1: EV Sceptile|move: Stealth Rock\n|\n|-heal|p1a: Weezing|98\/100|[from] item: Black Sludge\n|upkeep\n|turn|11\n|\n|move|p1a: Weezing|Will-O-Wisp|p2a: Stunfisk\n|-status|p2a: Stunfisk|brn\n|move|p2a: Stunfisk|Thunder Wave|p1a: Weezing\n|-status|p1a: Weezing|par\n|\n|-heal|p1a: Weezing|100\/100 par|[from] item: Black Sludge\n|-damage|p2a: Stunfisk|61\/100 brn|[from] brn\n|upkeep\n|turn|12\n|\n|switch|p2a: Abomasnow|Abomasnow, F|100\/100\n|-weather|Hail|[from] ability: Snow Warning|[of] p2a: Abomasnow\n|move|p1a: Weezing|Flamethrower|p2a: Abomasnow\n|-supereffective|p2a: Abomasnow\n|-damage|p2a: Abomasnow|14\/100\n|\n|-weather|Hail|[upkeep]\n|-damage|p1a: Weezing|95\/100 par|[from] Hail\n|-heal|p1a: Weezing|100\/100 par|[from] item: Black Sludge\n|upkeep\n|turn|13\n|\n|switch|p1a: Lanturn|Lanturn, F|100\/100\n|-damage|p1a: Lanturn|88\/100|[from] Stealth Rock\n|move|p2a: Abomasnow|Blizzard|p1a: Lanturn\n|-resisted|p1a: Lanturn\n|-damage|p1a: Lanturn|73\/100\n|\n|-weather|Hail|[upkeep]\n|-damage|p1a: Lanturn|67\/100|[from] Hail\n|upkeep\n|turn|14\n|inactive|OGamer289 has 120 seconds left.\n|\n|switch|p2a: Stunfisk|Stunfisk-Galar, F|61\/100 brn\n|move|p1a: Lanturn|Ice Beam|p2a: Stunfisk\n|-damage|p2a: Stunfisk|41\/100 brn\n|\n|-weather|Hail|[upkeep]\n|-damage|p1a: Lanturn|61\/100|[from] Hail\n|-damage|p2a: Stunfisk|35\/100 brn|[from] Hail\n|-damage|p2a: Stunfisk|29\/100 brn|[from] brn\n|upkeep\n|turn|15\n|\n|move|p1a: Lanturn|Scald|p2a: Stunfisk\n|-supereffective|p2a: Stunfisk\n|-damage|p2a: Stunfisk|0 fnt\n|faint|p2a: Stunfisk\n|\n|-weather|Hail|[upkeep]\n|-damage|p1a: Lanturn|55\/100|[from] Hail\n|upkeep\n|\n|switch|p2a: Flapple|Flapple, M|100\/100\n|turn|16\n|\n|move|p2a: Flapple|Grav Apple|p1a: Lanturn\n|-supereffective|p1a: Lanturn\n|-damage|p1a: Lanturn|0 fnt\n|faint|p1a: Lanturn\n|\n|-weather|none\n|upkeep\n|\n|switch|p1a: Thwackey|Thwackey, M|91\/100\n|-damage|p1a: Thwackey|79\/100|[from] Stealth Rock\n|-fieldstart|move: Grassy Terrain|[from] ability: Grassy Surge|[of] p1a: Thwackey\n|turn|17\n|\n|switch|p2a: Clefairy|Clefairy, M|100\/100\n|move|p1a: Thwackey|U-turn|p2a: Clefairy\n|-resisted|p2a: Clefairy\n|-damage|p2a: Clefairy|88\/100\n|\n|switch|p1a: Alcremie|Alcremie, F|100\/100|[from]move: U-turn\n|-damage|p1a: Alcremie|88\/100|[from] Stealth Rock\n|\n|-heal|p1a: Alcremie|94\/100|[from] item: Leftovers\n|-heal|p1a: Alcremie|99\/100|[from] Grassy Terrain\n|-heal|p2a: Clefairy|94\/100|[from] Grassy Terrain\n|upkeep\n|turn|18\n|\n|move|p1a: Alcremie|Calm Mind|p1a: Alcremie\n|-boost|p1a: Alcremie|spa|1\n|-boost|p1a: Alcremie|spd|1\n|move|p2a: Clefairy|Toxic|p1a: Alcremie\n|-status|p1a: Alcremie|tox\n|\n|-heal|p1a: Alcremie|100\/100 tox|[from] item: Leftovers\n|-heal|p2a: Clefairy|99\/100|[from] Grassy Terrain\n|-damage|p1a: Alcremie|95\/100 tox|[from] psn\n|upkeep\n|turn|19\n|\n|move|p1a: Alcremie|Calm Mind|p1a: Alcremie\n|-boost|p1a: Alcremie|spa|1\n|-boost|p1a: Alcremie|spd|1\n|move|p2a: Clefairy|Moonblast|p1a: Alcremie\n|-damage|p1a: Alcremie|86\/100 tox\n|\n|-heal|p1a: Alcremie|92\/100 tox|[from] item: Leftovers\n|-heal|p1a: Alcremie|98\/100 tox|[from] Grassy Terrain\n|-heal|p2a: Clefairy|100\/100|[from] Grassy Terrain\n|-damage|p1a: Alcremie|86\/100 tox|[from] psn\n|upkeep\n|turn|20\n|\n|move|p1a: Alcremie|Draining Kiss|p2a: Clefairy\n|-damage|p2a: Clefairy|78\/100\n|-heal|p1a: Alcremie|100\/100 tox|[from] drain|[of] p2a: Clefairy\n|move|p2a: Clefairy|Moonblast|p1a: Alcremie\n|-damage|p1a: Alcremie|91\/100 tox\n|\n|-heal|p1a: Alcremie|97\/100 tox|[from] item: Leftovers\n|-heal|p1a: Alcremie|100\/100 tox|[from] Grassy Terrain\n|-heal|p2a: Clefairy|85\/100|[from] Grassy Terrain\n|-damage|p1a: Alcremie|83\/100 tox|[from] psn\n|upkeep\n|turn|21\n|\n|switch|p1a: Rapidash|Rapidash, F, shiny|26\/100\n|move|p2a: Clefairy|Moonblast|p1a: Rapidash\n|-resisted|p1a: Rapidash\n|-damage|p1a: Rapidash|9\/100\n|\n|-heal|p1a: Rapidash|15\/100|[from] Grassy Terrain\n|-heal|p2a: Clefairy|91\/100|[from] Grassy Terrain\n|-fieldend|move: Grassy Terrain\n|upkeep\n|turn|22\n|\n|move|p1a: Rapidash|Flare Blitz|p2a: Clefairy\n|-damage|p2a: Clefairy|26\/100\n|-damage|p1a: Rapidash|0 fnt|[from] Recoil\n|faint|p1a: Rapidash\n|move|p2a: Clefairy|Moonlight|p2a: Clefairy\n|-heal|p2a: Clefairy|76\/100\n|\n|upkeep\n|\n|switch|p1a: Stunfisk|Stunfisk-Galar, M|100\/100\n|-damage|p1a: Stunfisk|97\/100|[from] Stealth Rock\n|turn|23\n|\n|switch|p2a: Abomasnow|Abomasnow, F|14\/100\n|-weather|Hail|[from] ability: Snow Warning|[of] p2a: Abomasnow\n|move|p1a: Stunfisk|Snap Trap|p2a: Abomasnow\n|-resisted|p2a: Abomasnow\n|-damage|p2a: Abomasnow|9\/100\n|-activate|p2a: Abomasnow|move: Snap Trap|[of] p1a: Stunfisk\n|\n|-weather|Hail|[upkeep]\n|-damage|p1a: Stunfisk|91\/100|[from] Hail\n|-heal|p1a: Stunfisk|97\/100|[from] item: Leftovers\n|-damage|p2a: Abomasnow|0 fnt|[from] move: Snap Trap|[partiallytrapped]\n|faint|p2a: Abomasnow\n|upkeep\n|\n|switch|p2a: Flapple|Flapple, M|100\/100\n|turn|24\n|\n|switch|p1a: Alcremie|Alcremie, F|83\/100 tox\n|-damage|p1a: Alcremie|70\/100 tox|[from] Stealth Rock\n|move|p2a: Flapple|Grav Apple|p1a: Alcremie\n|-damage|p1a: Alcremie|24\/100 tox\n|-unboost|p1a: Alcremie|def|1\n|\n|-weather|Hail|[upkeep]\n|-damage|p2a: Flapple|94\/100|[from] Hail\n|-damage|p1a: Alcremie|18\/100 tox|[from] Hail\n|-heal|p1a: Alcremie|24\/100 tox|[from] item: Leftovers\n|-damage|p1a: Alcremie|18\/100 tox|[from] psn\n|upkeep\n|turn|25\n|\n|move|p2a: Flapple|U-turn|p1a: Alcremie\n|-resisted|p1a: Alcremie\n|-damage|p1a: Alcremie|0 fnt\n|faint|p1a: Alcremie\n|\n|switch|p2a: Ninjask|Ninjask, M|72\/100|[from]move: U-turn\n|\n|-weather|Hail|[upkeep]\n|-damage|p2a: Ninjask|65\/100|[from] Hail\n|upkeep\n|\n|switch|p1a: Weezing|Weezing, M, shiny|100\/100 par\n|-damage|p1a: Weezing|88\/100 par|[from] Stealth Rock\n|turn|26\n|\n|switch|p2a: Clefairy|Clefairy, M|76\/100\n|move|p1a: Weezing|Sludge Bomb|p2a: Clefairy\n|-supereffective|p2a: Clefairy\n|-damage|p2a: Clefairy|43\/100\n|-status|p2a: Clefairy|psn\n|\n|-weather|Hail|[upkeep]\n|-damage|p1a: Weezing|82\/100 par|[from] Hail\n|-heal|p1a: Weezing|88\/100 par|[from] item: Black Sludge\n|upkeep\n|turn|27\n|\n|move|p2a: Clefairy|Moonlight|p2a: Clefairy\n|-heal|p2a: Clefairy|68\/100 psn\n|move|p1a: Weezing|Sludge Bomb|p2a: Clefairy\n|-supereffective|p2a: Clefairy\n|-damage|p2a: Clefairy|31\/100 psn\n|\n|-weather|none\n|-heal|p1a: Weezing|94\/100 par|[from] item: Black Sludge\n|upkeep\n|turn|28\n|\n|move|p2a: Clefairy|Moonlight|p2a: Clefairy\n|-heal|p2a: Clefairy|81\/100 psn\n|move|p1a: Weezing|Sludge Bomb|p2a: Clefairy\n|-supereffective|p2a: Clefairy\n|-damage|p2a: Clefairy|44\/100 psn\n|\n|-heal|p1a: Weezing|99\/100 par|[from] item: Black Sludge\n|upkeep\n|turn|29\n|\n|move|p2a: Clefairy|Moonblast|p1a: Weezing\n|-resisted|p1a: Weezing\n|-damage|p1a: Weezing|90\/100 par\n|cant|p1a: Weezing|par\n|\n|-heal|p1a: Weezing|96\/100 par|[from] item: Black Sludge\n|upkeep\n|turn|30\n|\n|move|p2a: Clefairy|Moonblast|p1a: Weezing\n|-resisted|p1a: Weezing\n|-damage|p1a: Weezing|86\/100 par\n|cant|p1a: Weezing|par\n|\n|-heal|p1a: Weezing|92\/100 par|[from] item: Black Sludge\n|upkeep\n|turn|31\n|\n|move|p2a: Clefairy|Moonblast|p1a: Weezing\n|-resisted|p1a: Weezing\n|-damage|p1a: Weezing|82\/100 par\n|move|p1a: Weezing|Sludge Bomb|p2a: Clefairy\n|-supereffective|p2a: Clefairy\n|-damage|p2a: Clefairy|12\/100 psn\n|\n|-heal|p1a: Weezing|88\/100 par|[from] item: Black Sludge\n|upkeep\n|turn|32\n|\n|move|p2a: Clefairy|Moonblast|p1a: Weezing\n|-resisted|p1a: Weezing\n|-damage|p1a: Weezing|78\/100 par\n|cant|p1a: Weezing|par\n|\n|-heal|p1a: Weezing|84\/100 par|[from] item: Black Sludge\n|upkeep\n|turn|33\n|\n|move|p2a: Clefairy|Moonblast|p1a: Weezing\n|-resisted|p1a: Weezing\n|-damage|p1a: Weezing|75\/100 par\n|move|p1a: Weezing|Sludge Bomb|p2a: Clefairy\n|-supereffective|p2a: Clefairy\n|-damage|p2a: Clefairy|0 fnt\n|faint|p2a: Clefairy\n|\n|-heal|p1a: Weezing|81\/100 par|[from] item: Black Sludge\n|upkeep\n|\n|switch|p2a: Flapple|Flapple, M|94\/100\n|turn|34\n|\n|move|p2a: Flapple|Outrage|p1a: Weezing\n|-damage|p1a: Weezing|8\/100 par\n|move|p1a: Weezing|Sludge Bomb|p2a: Flapple\n|-supereffective|p2a: Flapple\n|-damage|p2a: Flapple|0 fnt\n|faint|p2a: Flapple\n|\n|-heal|p1a: Weezing|14\/100 par|[from] item: Black Sludge\n|upkeep\n|\n|switch|p2a: Ninjask|Ninjask, M|65\/100\n|turn|35\n|\n|move|p2a: Ninjask|Swords Dance|p2a: Ninjask\n|-boost|p2a: Ninjask|atk|2\n|move|p1a: Weezing|Flamethrower|p2a: Ninjask\n|-supereffective|p2a: Ninjask\n|-damage|p2a: Ninjask|4\/100\n|\n|-heal|p1a: Weezing|20\/100 par|[from] item: Black Sludge\n|-ability|p2a: Ninjask|Speed Boost|boost\n|-boost|p2a: Ninjask|spe|1\n|upkeep\n|turn|36\n|\n|move|p2a: Ninjask|Leech Life|p1a: Weezing\n|-resisted|p1a: Weezing\n|-damage|p1a: Weezing|0 fnt\n|-heal|p2a: Ninjask|14\/100|[from] drain|[of] p1a: Weezing\n|faint|p1a: Weezing\n|\n|-ability|p2a: Ninjask|Speed Boost|boost\n|-boost|p2a: Ninjask|spe|1\n|upkeep\n|\n|switch|p1a: Thwackey|Thwackey, M|79\/100\n|-damage|p1a: Thwackey|66\/100|[from] Stealth Rock\n|-fieldstart|move: Grassy Terrain|[from] ability: Grassy Surge|[of] p1a: Thwackey\n|turn|37\n|\n|move|p1a: Thwackey|Grassy Glide|p2a: Ninjask\n|-resisted|p2a: Ninjask\n|-damage|p2a: Ninjask|0 fnt\n|faint|p2a: Ninjask\n|\n|win|EV Sceptile\n|l|\u2606OGamer289\n|c|\u2606EV Sceptile|Gg\n|raw|EV Sceptile's rating: 1226 &rarr; <strong>1248<\/strong><br \/>(+22 for winning)\n|raw|OGamer289's rating: 1178 &rarr; <strong>1156<\/strong><br \/>(-22 for losing)\n","uploadtime":1594299481,"views":5,"p1id":"evsceptile","p2id":"ogamer289","formatid":"gen8nu","rating":1156,"private":0,"password":null}