{"id":"gen8ou-1225360180","p1":"glaed13","p2":"rockumm","format":"gen8ou","log":"|j|\u2606glaed13\n|j|\u2606rockumm\n|t:|1605597690\n|player|p1|glaed13|cheren-gen5bw2|1097\n|player|p2|rockumm|265|1034\n|teamsize|p1|6\n|teamsize|p2|6\n|gametype|singles\n|gen|8\n|tier|[Gen 8] OU\n|rated|\n|clearpoke\n|poke|p1|Ninetales, F|\n|poke|p1|Comfey, F|\n|poke|p1|Flygon, F|\n|poke|p1|Marowak-Alola, F|\n|poke|p1|Torkoal, M|\n|poke|p1|Shiftry, M|\n|poke|p2|Slowbro, F|\n|poke|p2|Blissey, F|\n|poke|p2|Cinderace, F|\n|poke|p2|Urshifu-*, F|\n|poke|p2|Magearna|\n|poke|p2|Dragapult, M|\n|rule|Sleep Clause Mod: Limit one foe put to sleep\n|rule|Species Clause: Limit one of each Pok\u00e9mon\n|rule|OHKO Clause: OHKO moves are banned\n|rule|Evasion Moves Clause: Evasion moves are banned\n|rule|Endless Battle Clause: Forcing endless battles is banned\n|rule|HP Percentage Mod: HP is shown in percentages\n|rule|Dynamax Clause: You cannot dynamax\n|teampreview\n|inactive|Battle timer is ON: inactive players will automatically lose when time's up. (requested by glaed13)\n|\n|t:|1605597701\n|start\n|switch|p1a: Torkoal|Torkoal, M|100\/100\n|switch|p2a: Dragapult|Dragapult, M|100\/100\n|-weather|SunnyDay|[from] ability: Drought|[of] p1a: Torkoal\n|turn|1\n|\n|t:|1605597704\n|move|p2a: Dragapult|Draco Meteor|p1a: Torkoal\n|-damage|p1a: Torkoal|4\/100\n|-unboost|p2a: Dragapult|spa|2\n|move|p1a: Torkoal|Stealth Rock|p2a: Dragapult\n|-sidestart|p2: rockumm|move: Stealth Rock\n|\n|-weather|SunnyDay|[upkeep]\n|upkeep\n|turn|2\n|\n|t:|1605597717\n|move|p2a: Dragapult|Thunder Wave|p1a: Torkoal\n|-status|p1a: Torkoal|par\n|move|p1a: Torkoal|Yawn|p2a: Dragapult\n|-start|p2a: Dragapult|move: Yawn|[of] p1a: Torkoal\n|\n|-weather|SunnyDay|[upkeep]\n|upkeep\n|turn|3\n|\n|t:|1605597731\n|switch|p2a: Blissey|Blissey, F|100\/100\n|move|p1a: Torkoal|Yawn|p2a: Blissey\n|-start|p2a: Blissey|move: Yawn|[of] p1a: Torkoal\n|\n|-weather|SunnyDay|[upkeep]\n|upkeep\n|turn|4\n|\n|t:|1605597735\n|move|p2a: Blissey|Stealth Rock|p1a: Torkoal\n|-sidestart|p1: glaed13|move: Stealth Rock\n|cant|p1a: Torkoal|par\n|\n|-weather|SunnyDay|[upkeep]\n|-end|p2a: Blissey|move: Yawn|[silent]\n|-status|p2a: Blissey|slp\n|upkeep\n|turn|5\n|\n|t:|1605597744\n|switch|p2a: Dragapult|Dragapult, M|100\/100\n|move|p1a: Torkoal|Yawn|p2a: Dragapult\n|-start|p2a: Dragapult|move: Yawn|[of] p1a: Torkoal\n|\n|-weather|SunnyDay|[upkeep]\n|upkeep\n|turn|6\n|\n|t:|1605597753\n|switch|p2a: Blissey|Blissey, F|100\/100\n|move|p1a: Torkoal|Rapid Spin|p2a: Blissey\n|-damage|p2a: Blissey|84\/100\n|-boost|p1a: Torkoal|spe|1\n|-sideend|p1: glaed13|Stealth Rock|[from] move: Rapid Spin|[of] p1a: Torkoal\n|\n|-weather|SunnyDay|[upkeep]\n|upkeep\n|turn|7\n|\n|t:|1605597771\n|switch|p1a: Marowak|Marowak-Alola, F|100\/100\n|move|p2a: Blissey|Stealth Rock|p1a: Marowak\n|-sidestart|p1: glaed13|move: Stealth Rock\n|\n|-weather|SunnyDay|[upkeep]\n|upkeep\n|turn|8\n|\n|t:|1605597782\n|switch|p2a: Slowbro|Slowbro, F|100\/100\n|move|p1a: Marowak|Flame Charge|p2a: Slowbro\n|-resisted|p2a: Slowbro\n|-damage|p2a: Slowbro|81\/100\n|-boost|p1a: Marowak|spe|1\n|\n|-weather|none\n|upkeep\n|turn|9\n|\n|t:|1605597792\n|move|p1a: Marowak|Poltergeist|p2a: Slowbro\n|-activate|p2a: Slowbro|move: Poltergeist|Heavy-Duty Boots\n|-supereffective|p2a: Slowbro\n|-damage|p2a: Slowbro|0 fnt\n|faint|p2a: Slowbro\n|\n|upkeep\n|\n|t:|1605597795\n|switch|p2a: Dragapult|Dragapult, M|100\/100\n|turn|10\n|\n|t:|1605597802\n|switch|p1a: Torkoal|Torkoal, M|4\/100 par\n|-damage|p1a: Torkoal|0 fnt|[from] Stealth Rock\n|faint|p1a: Torkoal\n|move|p2a: Dragapult|Hex|p1: Torkoal|[notarget]\n|-fail|p2a: Dragapult\n|\n|upkeep\n|\n|t:|1605597814\n|switch|p1a: Ninetales|Ninetales, F|100\/100\n|-damage|p1a: Ninetales|75\/100|[from] Stealth Rock\n|-weather|SunnyDay|[from] ability: Drought|[of] p1a: Ninetales\n|turn|11\n|\n|t:|1605597825\n|move|p2a: Dragapult|Thunder Wave|p1a: Ninetales\n|-status|p1a: Ninetales|par\n|move|p1a: Ninetales|Memento|p2a: Dragapult\n|-unboost|p2a: Dragapult|atk|2\n|-unboost|p2a: Dragapult|spa|2\n|faint|p1a: Ninetales\n|\n|-weather|SunnyDay|[upkeep]\n|upkeep\n|\n|t:|1605597850\n|switch|p1a: Flygon|Flygon, F|100\/100\n|-damage|p1a: Flygon|95\/100|[from] Stealth Rock\n|turn|12\n|\n|t:|1605597857\n|move|p2a: Dragapult|Draco Meteor|p1a: Flygon\n|-supereffective|p1a: Flygon\n|-damage|p1a: Flygon|22\/100\n|-unboost|p2a: Dragapult|spa|2\n|move|p1a: Flygon|Dragon Dance|p1a: Flygon\n|-boost|p1a: Flygon|atk|1\n|-boost|p1a: Flygon|spe|1\n|\n|-weather|SunnyDay|[upkeep]\n|upkeep\n|turn|13\n|\n|t:|1605597869\n|switch|p2a: Blissey|Blissey, F|84\/100\n|move|p1a: Flygon|Dragon Claw|p2a: Blissey\n|-damage|p2a: Blissey|21\/100\n|\n|-weather|SunnyDay|[upkeep]\n|upkeep\n|turn|14\n|\n|t:|1605597874\n|move|p1a: Flygon|Dragon Claw|p2a: Blissey\n|-crit|p2a: Blissey\n|-damage|p2a: Blissey|0 fnt\n|faint|p2a: Blissey\n|\n|-weather|SunnyDay|[upkeep]\n|upkeep\n|\n|t:|1605597880\n|switch|p2a: Urshifu|Urshifu, F|100\/100\n|-damage|p2a: Urshifu|94\/100|[from] Stealth Rock\n|turn|15\n|\n|t:|1605597892\n|move|p1a: Flygon|Dragon Claw|p2a: Urshifu\n|-damage|p2a: Urshifu|39\/100\n|move|p2a: Urshifu|Wicked Blow|p1a: Flygon\n|-crit|p1a: Flygon\n|-damage|p1a: Flygon|0 fnt\n|faint|p1a: Flygon\n|\n|-weather|none\n|upkeep\n|\n|t:|1605597909\n|switch|p1a: Shiftry|Shiftry, M|100\/100\n|-damage|p1a: Shiftry|88\/100|[from] Stealth Rock\n|turn|16\n|\n|t:|1605597917\n|switch|p2a: Cinderace|Cinderace, F|100\/100\n|move|p1a: Shiftry|Brick Break|p2a: Cinderace\n|-damage|p2a: Cinderace|67\/100\n|\n|upkeep\n|turn|17\n|\n|t:|1605597941\n|move|p2a: Cinderace|U-turn|p1a: Shiftry\n|-start|p2a: Cinderace|typechange|Bug|[from] ability: Libero\n|-supereffective|p1a: Shiftry\n|-crit|p1a: Shiftry\n|-damage|p1a: Shiftry|0 fnt\n|faint|p1a: Shiftry\n|-message|glaed13 forfeited.\n|\n|win|rockumm\n|l|\u2606glaed13\n|raw|glaed13's rating: 1097 &rarr; <strong>1068<\/strong><br \/>(-29 for losing)\n|raw|rockumm's rating: 1034 &rarr; <strong>1075<\/strong><br \/>(+41 for winning)\n","uploadtime":1605597951,"views":14,"p1id":"glaed13","p2id":"rockumm","formatid":"gen8ou","rating":1068,"private":0,"password":null}