{"id":"gen8nationaldex-1425567442","p1":"RTSG tests","p2":"salem boof","format":"gen8nationaldex","log":"|j|\u2606RTSG tests\n|j|\u2606salem boof\n|inactive|Battle timer is ON: inactive players will automatically lose when time's up.\n|t:|1632853599\n|gametype|singles\n|player|p1|RTSG tests|hilbert|\n|player|p2|salem boof|boarder-gen2|\n|teamsize|p1|6\n|teamsize|p2|6\n|gen|8\n|tier|[Gen 8] National Dex\n|rated|Tournament battle\n|rule|HP Percentage Mod: HP is shown in percentages\n|rule|Endless Battle Clause: Forcing endless battles is banned\n|rule|OHKO Clause: OHKO moves are banned\n|rule|Evasion Moves Clause: Evasion moves are banned\n|rule|Species Clause: Limit one of each Pok\u00e9mon\n|rule|Dynamax Clause: You cannot dynamax\n|rule|Sleep Clause Mod: Limit one foe put to sleep\n|clearpoke\n|poke|p1|Hippowdon, M|\n|poke|p1|Excadrill, F|\n|poke|p1|Clefable, F|\n|poke|p1|Sceptile, F|\n|poke|p1|Rotom-Wash|\n|poke|p1|Celesteela|\n|poke|p2|Latias, F|\n|poke|p2|Clefable, M|\n|poke|p2|Gliscor, F|\n|poke|p2|Toxapex, M|\n|poke|p2|Skarmory, F|\n|poke|p2|Greninja, M|\n|teampreview\n|j| Nathan (Melons)\n|j| TrainManAnime\n|l| Nathan (Melons)\n|j| kunchi\n|j| TheRainQueen\n|inactive|salem boof has 120 seconds left.\n|\n|t:|1632853636\n|start\n|switch|p1a: Clefable|Clefable, F|100\/100\n|switch|p2a: JAIL|Clefable, M|100\/100\n|turn|1\n|\n|t:|1632853641\n|move|p1a: Clefable|Moonblast|p2a: JAIL\n|-damage|p2a: JAIL|51\/100\n|move|p2a: JAIL|Stealth Rock|p1a: Clefable\n|-sidestart|p1: RTSG tests|move: Stealth Rock\n|\n|-heal|p2a: JAIL|57\/100|[from] item: Leftovers\n|upkeep\n|turn|2\n|j| swordsubtryouts\n|\n|t:|1632853650\n|switch|p2a: MOON|Toxapex, M|100\/100\n|move|p1a: Clefable|Gravity|p1a: Clefable\n|-fieldstart|move: Gravity\n|\n|upkeep\n|turn|3\n|c| kunchi|ayo\n|c| TrainManAnime|What\n|\n|t:|1632853660\n|move|p1a: Clefable|Thunder|p2a: MOON\n|-supereffective|p2a: MOON\n|-damage|p2a: MOON|44\/100\n|move|p2a: MOON|Toxic Spikes|p1a: Clefable\n|-sidestart|p1: RTSG tests|move: Toxic Spikes\n|\n|-heal|p2a: MOON|50\/100|[from] item: Black Sludge\n|upkeep\n|turn|4\n|l| TheRainQueen\n|\n|t:|1632853668\n|switch|p2a: JONAH|Gliscor, F|100\/100\n|move|p1a: Clefable|Moonblast|p2a: JONAH\n|-crit|p2a: JONAH\n|-damage|p2a: JONAH|13\/100\n|\n|-status|p2a: JONAH|tox|[from] item: Toxic Orb\n|upkeep\n|turn|5\n|c| kunchi|why this win on lead\n|\n|t:|1632853672\n|switch|p2a: MOON|Toxapex, M|83\/100\n|move|p1a: Clefable|Moonblast|p2a: MOON\n|-resisted|p2a: MOON\n|-damage|p2a: MOON|64\/100\n|-unboost|p2a: MOON|spa|1\n|\n|-heal|p2a: MOON|71\/100|[from] item: Black Sludge\n|upkeep\n|turn|6\n|c|\u2606salem boof|idk\n|c|\u2606salem boof|this thing is a threat\n|c| kunchi|yea cuz u lose\n|\n|t:|1632853696\n|switch|p2a: JONAH|Gliscor, F|13\/100 tox\n|move|p1a: Clefable|Thunder|p2a: JONAH\n|-immune|p2a: JONAH\n|\n|-heal|p2a: JONAH|25\/100 tox|[from] ability: Poison Heal\n|-fieldend|move: Gravity\n|upkeep\n|turn|7\n|\n|t:|1632853703\n|move|p2a: JONAH|Earthquake|p1a: Clefable\n|-damage|p1a: Clefable|64\/100\n|move|p1a: Clefable|Moonblast|p2a: JONAH\n|-damage|p2a: JONAH|0 fnt\n|faint|p2a: JONAH\n|\n|upkeep\n|\n|t:|1632853705\n|switch|p2a: HURRICANE|Latias, F|100\/100\n|turn|8\n|\n|t:|1632853708\n|detailschange|p2a: HURRICANE|Latias-Mega, F\n|-mega|p2a: HURRICANE|Latias|Latiasite\n|move|p2a: HURRICANE|Calm Mind|p2a: HURRICANE\n|-boost|p2a: HURRICANE|spa|1\n|-boost|p2a: HURRICANE|spd|1\n|move|p1a: Clefable|Moonblast|p2a: HURRICANE\n|-supereffective|p2a: HURRICANE\n|-damage|p2a: HURRICANE|46\/100\n|-unboost|p2a: HURRICANE|spa|1\n|\n|upkeep\n|turn|9\n|j| AromaVerity\n|c| TrainManAnime|Jesus\n|c| kunchi|lil spatk drop\n|\n|t:|1632853721\n|switch|p1a: Celesteela|Celesteela|100\/100\n|-damage|p1a: Celesteela|88\/100|[from] Stealth Rock\n|move|p2a: HURRICANE|Psyshock|p1a: Celesteela\n|-resisted|p1a: Celesteela\n|-damage|p1a: Celesteela|72\/100\n|\n|upkeep\n|turn|10\n|\n|t:|1632853725\n|move|p2a: HURRICANE|Roost|p2a: HURRICANE\n|-heal|p2a: HURRICANE|96\/100\n|-singleturn|p2a: HURRICANE|move: Roost\n|move|p1a: Celesteela|Leech Seed|p2a: HURRICANE\n|-start|p2a: HURRICANE|move: Leech Seed\n|\n|-damage|p2a: HURRICANE|84\/100|[from] Leech Seed|[of] p1a: Celesteela\n|-heal|p1a: Celesteela|84\/100|[silent]\n|upkeep\n|turn|11\n|\n|t:|1632853730\n|switch|p2a: MOON|Toxapex, M|100\/100\n|move|p1a: Celesteela|Heavy Slam|p2a: MOON\n|-resisted|p2a: MOON\n|-damage|p2a: MOON|80\/100\n|\n|-heal|p2a: MOON|86\/100|[from] item: Black Sludge\n|upkeep\n|turn|12\n|j| kllkj089h\n|\n|t:|1632853737\n|move|p1a: Celesteela|Earthquake|p2a: MOON\n|-supereffective|p2a: MOON\n|-damage|p2a: MOON|38\/100\n|move|p2a: MOON|Scald|p1a: Celesteela\n|-damage|p1a: Celesteela|68\/100\n|\n|-heal|p2a: MOON|45\/100|[from] item: Black Sludge\n|upkeep\n|turn|13\n|\n|t:|1632853743\n|switch|p2a: HURRICANE|Latias-Mega, F|84\/100\n|move|p1a: Celesteela|Gravity|p1a: Celesteela\n|-fieldstart|move: Gravity\n|\n|upkeep\n|turn|14\n|c| kllkj089h|huh, neat set\n|j| Jeremy Bender\n|\n|t:|1632853767\n|move|p2a: HURRICANE|Aura Sphere|p1a: Celesteela\n|-damage|p1a: Celesteela|45\/100\n|move|p1a: Celesteela|Leech Seed|p2a: HURRICANE\n|-start|p2a: HURRICANE|move: Leech Seed\n|\n|-damage|p2a: HURRICANE|71\/100|[from] Leech Seed|[of] p1a: Celesteela\n|-heal|p1a: Celesteela|57\/100|[silent]\n|upkeep\n|turn|15\n|j| Stepbrowhatyoudoin\n|\n|t:|1632853776\n|switch|p2a: PRAISE GOD|Skarmory, F|100\/100\n|move|p1a: Celesteela|Heavy Slam|p2a: PRAISE GOD\n|-resisted|p2a: PRAISE GOD\n|-damage|p2a: PRAISE GOD|83\/100\n|-damage|p1a: Celesteela|40\/100|[from] item: Rocky Helmet|[of] p2a: PRAISE GOD\n|\n|upkeep\n|turn|16\n|\n|t:|1632853784\n|switch|p2a: HURRICANE|Latias-Mega, F|71\/100\n|move|p1a: Celesteela|Leech Seed|p2a: HURRICANE\n|-start|p2a: HURRICANE|move: Leech Seed\n|\n|-damage|p2a: HURRICANE|59\/100|[from] Leech Seed|[of] p1a: Celesteela\n|-heal|p1a: Celesteela|52\/100|[silent]\n|upkeep\n|turn|17\n|\n|t:|1632853790\n|move|p2a: HURRICANE|Roost|p2a: HURRICANE\n|-heal|p2a: HURRICANE|100\/100\n|-singleturn|p2a: HURRICANE|move: Roost\n|move|p1a: Celesteela|Earthquake|p2a: HURRICANE\n|-damage|p2a: HURRICANE|76\/100\n|\n|-damage|p2a: HURRICANE|63\/100|[from] Leech Seed|[of] p1a: Celesteela\n|-heal|p1a: Celesteela|63\/100|[silent]\n|-fieldend|move: Gravity\n|upkeep\n|turn|18\n|\n|t:|1632853796\n|switch|p2a: OK OK PT 2|Greninja, M|100\/100\n|move|p1a: Celesteela|Leech Seed|p2a: OK OK PT 2\n|-start|p2a: OK OK PT 2|move: Leech Seed\n|\n|-damage|p2a: OK OK PT 2|88\/100|[from] Leech Seed|[of] p1a: Celesteela\n|-heal|p1a: Celesteela|72\/100|[silent]\n|upkeep\n|turn|19\n|\n|t:|1632853803\n|move|p2a: OK OK PT 2|U-turn|p1a: Celesteela\n|-resisted|p1a: Celesteela\n|-damage|p1a: Celesteela|69\/100\n|-damage|p2a: OK OK PT 2|72\/100|[from] item: Rocky Helmet|[of] p1a: Celesteela\n|\n|t:|1632853806\n|switch|p2a: HURRICANE|Latias-Mega, F|63\/100|[from]move: U-turn\n|move|p1a: Celesteela|Earthquake|p2a: HURRICANE\n|-immune|p2a: HURRICANE|[from] ability: Levitate\n|\n|upkeep\n|turn|20\n|c| TrainManAnime|This is so sad\n|\n|t:|1632853810\n|move|p2a: HURRICANE|Calm Mind|p2a: HURRICANE\n|-boost|p2a: HURRICANE|spa|1\n|-boost|p2a: HURRICANE|spd|1\n|move|p1a: Celesteela|Leech Seed|p2a: HURRICANE\n|-start|p2a: HURRICANE|move: Leech Seed\n|\n|-damage|p2a: HURRICANE|51\/100|[from] Leech Seed|[of] p1a: Celesteela\n|-heal|p1a: Celesteela|81\/100|[silent]\n|upkeep\n|turn|21\n|\n|t:|1632853818\n|move|p2a: HURRICANE|Aura Sphere|p1a: Celesteela\n|-damage|p1a: Celesteela|47\/100\n|move|p1a: Celesteela|Gravity|p1a: Celesteela\n|-fieldstart|move: Gravity\n|\n|-damage|p2a: HURRICANE|39\/100|[from] Leech Seed|[of] p1a: Celesteela\n|-heal|p1a: Celesteela|59\/100|[silent]\n|upkeep\n|turn|22\n|\n|t:|1632853825\n|move|p2a: HURRICANE|Aura Sphere|p1a: Celesteela\n|-damage|p1a: Celesteela|27\/100\n|move|p1a: Celesteela|Heavy Slam|p2a: HURRICANE\n|-crit|p2a: HURRICANE\n|-damage|p2a: HURRICANE|0 fnt\n|faint|p2a: HURRICANE\n|-ability|p1a: Celesteela|Beast Boost|boost\n|-boost|p1a: Celesteela|atk|1\n|\n|upkeep\n|\n|t:|1632853828\n|switch|p2a: OK OK PT 2|Greninja, M|72\/100\n|turn|23\n|j| XStayout!X\n|j| Mikirae\n|\n|t:|1632853841\n|move|p2a: OK OK PT 2|Dark Pulse|p1a: Celesteela\n|-damage|p1a: Celesteela|0 fnt\n|faint|p1a: Celesteela\n|-activate|p2a: OK OK PT 2|ability: Battle Bond\n|detailschange|p2a: OK OK PT 2|Greninja-Ash, M\n|\n|upkeep\n|\n|t:|1632853844\n|switch|p1a: Clefable|Clefable, F|64\/100\n|-status|p1a: Clefable|psn\n|turn|24\n|j| arhamaaa\n|\n|t:|1632853852\n|switch|p2a: JAIL|Clefable, M|57\/100\n|move|p1a: Clefable|Thunder|p2a: JAIL\n|-damage|p2a: JAIL|17\/100\n|-status|p2a: JAIL|par\n|\n|-heal|p2a: JAIL|23\/100 par|[from] item: Leftovers\n|upkeep\n|turn|25\n|\n|t:|1632853858\n|move|p1a: Clefable|Moonblast|p2a: JAIL\n|-damage|p2a: JAIL|0 fnt\n|faint|p2a: JAIL\n|\n|-fieldend|move: Gravity\n|upkeep\n|\n|t:|1632853860\n|switch|p2a: OK OK PT 2|Greninja-Ash, M|72\/100\n|turn|26\n|\n|t:|1632853862\n|switch|p1a: Rotom|Rotom-Wash|100\/100\n|-damage|p1a: Rotom|88\/100|[from] Stealth Rock\n|move|p2a: OK OK PT 2|Hydro Pump|p1a: Rotom|[miss]\n|-miss|p2a: OK OK PT 2|p1a: Rotom\n|\n|-heal|p1a: Rotom|94\/100|[from] item: Leftovers\n|upkeep\n|turn|27\n|\n|t:|1632853868\n|switch|p2a: MOON|Toxapex, M|78\/100\n|move|p1a: Rotom|Defog|p2a: MOON\n|-unboost|p2a: MOON|evasion|1\n|-sideend|p1: RTSG tests|Toxic Spikes|[from] move: Defog|[of] p1a: Rotom\n|-sideend|p1: RTSG tests|Stealth Rock|[from] move: Defog|[of] p1a: Rotom\n|\n|-heal|p1a: Rotom|100\/100|[from] item: Leftovers\n|-heal|p2a: MOON|84\/100|[from] item: Black Sludge\n|upkeep\n|turn|28\n|c| arhamaaa|Respect for using Gravity\n|c|\u2606salem boof|gg\n|-message|salem boof forfeited.\n|\n|win|RTSG tests\n|n|\u2606RTSG tests|rtsgtests\n|n|\u2606salem boof|salemboof\n|n| TrainManAnime|trainmananime\n|n| kunchi|kunchi\n|n| swordsubtryouts|swordsubtryouts\n|n| AromaVerity|aromaverity\n|n| kllkj089h|kllkj089h\n|n| Jeremy Bender|jeremybender\n|n| Stepbrowhatyoudoin|stepbrowhatyoudoin\n|n| XStayout!X|xstayoutx\n|n| Mikirae|mikirae\n|n| arhamaaa|arhamaaa\n","uploadtime":1632853877,"views":55,"p1id":"rtsgtests","p2id":"salemboof","formatid":"gen8nationaldex","rating":0,"private":0,"password":null}