{"id":"gen8ou-1498810311","p1":"Igotthegat","p2":"Ls2904","format":"gen8ou","log":"|j|\u2606Igotthegat\n|j|\u2606Ls2904\n|t:|1643207923\n|gametype|singles\n|player|p1|Igotthegat|hilda|1290\n|player|p2|Ls2904|cyrus|1242\n|teamsize|p1|6\n|teamsize|p2|6\n|gen|8\n|tier|[Gen 8] OU\n|rated|\n|rule|Sleep Clause Mod: Limit one foe put to sleep\n|rule|Species Clause: Limit one of each Pok\u00e9mon\n|rule|OHKO Clause: OHKO moves are banned\n|rule|Evasion Moves Clause: Evasion moves are banned\n|rule|Endless Battle Clause: Forcing endless battles is banned\n|rule|HP Percentage Mod: HP is shown in percentages\n|rule|Dynamax Clause: You cannot dynamax\n|clearpoke\n|poke|p1|Landorus-Therian, M|\n|poke|p1|Slowbro, F|\n|poke|p1|Volcarona, M|\n|poke|p1|Bisharp, M|\n|poke|p1|Kartana|\n|poke|p1|Rotom-Wash|\n|poke|p2|Regieleki|\n|poke|p2|Bisharp, F|\n|poke|p2|Clefable, M|\n|poke|p2|Ferrothorn, M|\n|poke|p2|Urshifu-*, M|\n|poke|p2|Landorus-Therian, M|\n|teampreview\n|inactive|Battle timer is ON: inactive players will automatically lose when time's up. (requested by Igotthegat)\n|\n|t:|1643207929\n|start\n|switch|p1a: Rotom|Rotom-Wash|100\/100\n|switch|p2a: Bisharp|Bisharp, F, shiny|100\/100\n|turn|1\n|\n|t:|1643207941\n|move|p1a: Rotom|Volt Switch|p2a: Bisharp\n|-damage|p2a: Bisharp|65\/100\n|\n|t:|1643207944\n|switch|p1a: Landorus|Landorus-Therian, M|100\/100|[from]move: Volt Switch\n|-ability|p1a: Landorus|Intimidate|boost\n|-unboost|p2a: Bisharp|atk|1\n|-ability|p2a: Bisharp|Defiant\n|-boost|p2a: Bisharp|atk|2\n|move|p2a: Bisharp|Knock Off|p1a: Landorus\n|-damage|p1a: Landorus|38\/100\n|-enditem|p1a: Landorus|Leftovers|[from] move: Knock Off|[of] p2a: Bisharp\n|\n|upkeep\n|turn|2\n|\n|t:|1643207956\n|move|p2a: Bisharp|Sucker Punch||[still]\n|-fail|p2a: Bisharp\n|move|p1a: Landorus|Stealth Rock|p2a: Bisharp\n|-sidestart|p2: Ls2904|move: Stealth Rock\n|\n|upkeep\n|turn|3\n|\n|t:|1643207961\n|move|p2a: Bisharp|Sucker Punch|p1a: Landorus\n|-damage|p1a: Landorus|0 fnt\n|faint|p1a: Landorus\n|\n|upkeep\n|\n|t:|1643207971\n|switch|p1a: Kartana|Kartana|100\/100\n|turn|4\n|\n|t:|1643207975\n|move|p2a: Bisharp|Sucker Punch|p1a: Kartana\n|-damage|p1a: Kartana|37\/100\n|move|p1a: Kartana|Sacred Sword|p2a: Bisharp\n|-supereffective|p2a: Bisharp\n|-damage|p2a: Bisharp|0 fnt\n|faint|p2a: Bisharp\n|-ability|p1a: Kartana|Beast Boost|boost\n|-boost|p1a: Kartana|atk|1\n|\n|upkeep\n|\n|t:|1643207987\n|switch|p2a: Regieleki|Regieleki, shiny|100\/100\n|-damage|p2a: Regieleki|88\/100|[from] Stealth Rock\n|turn|5\n|\n|t:|1643207993\n|switch|p1a: Rotom|Rotom-Wash|100\/100\n|move|p2a: Regieleki|Volt Switch|p1a: Rotom\n|-damage|p1a: Rotom|29\/100\n|\n|t:|1643207998\n|switch|p2a: Clefable|Clefable, M, shiny|100\/100|[from]move: Volt Switch\n|\n|upkeep\n|turn|6\n|\n|t:|1643208003\n|move|p1a: Rotom|Trick|p2a: Clefable\n|-activate|p1a: Rotom|move: Trick|[of] p2a: Clefable\n|-item|p2a: Clefable|Choice Scarf|[from] move: Trick\n|-item|p1a: Rotom|Leftovers|[from] move: Trick\n|move|p2a: Clefable|Calm Mind|p2a: Clefable\n|-boost|p2a: Clefable|spa|1\n|-boost|p2a: Clefable|spd|1\n|\n|-heal|p1a: Rotom|36\/100|[from] item: Leftovers\n|upkeep\n|turn|7\n|\n|t:|1643208013\n|move|p1a: Rotom|Volt Switch|p2a: Clefable\n|-crit|p2a: Clefable\n|-damage|p2a: Clefable|76\/100\n|\n|t:|1643208016\n|switch|p1a: Bisharp|Bisharp, M|100\/100|[from]move: Volt Switch\n|move|p2a: Clefable|Calm Mind|p2a: Clefable\n|-boost|p2a: Clefable|spa|1\n|-boost|p2a: Clefable|spd|1\n|\n|upkeep\n|turn|8\n|\n|t:|1643208024\n|switch|p2a: Ferrothorn|Ferrothorn, M, shiny|100\/100\n|-damage|p2a: Ferrothorn|94\/100|[from] Stealth Rock\n|move|p1a: Bisharp|Swords Dance|p1a: Bisharp\n|-boost|p1a: Bisharp|atk|2\n|\n|-heal|p2a: Ferrothorn|100\/100|[from] item: Leftovers\n|upkeep\n|turn|9\n|\n|t:|1643208034\n|move|p1a: Bisharp|Knock Off|p2a: Ferrothorn\n|-damage|p2a: Ferrothorn|36\/100\n|-damage|p1a: Bisharp|88\/100|[from] ability: Iron Barbs|[of] p2a: Ferrothorn\n|-enditem|p2a: Ferrothorn|Leftovers|[from] move: Knock Off|[of] p1a: Bisharp\n|move|p2a: Ferrothorn|Thunder Wave|p1a: Bisharp\n|-status|p1a: Bisharp|par\n|\n|upkeep\n|turn|10\n|\n|t:|1643208043\n|cant|p1a: Bisharp|par\n|move|p2a: Ferrothorn|Stealth Rock|p1a: Bisharp\n|-sidestart|p1: Igotthegat|move: Stealth Rock\n|\n|upkeep\n|turn|11\n|\n|t:|1643208048\n|cant|p1a: Bisharp|par\n|move|p2a: Ferrothorn|Leech Seed|p1a: Bisharp\n|-start|p1a: Bisharp|move: Leech Seed\n|\n|-damage|p1a: Bisharp|76\/100 par|[from] Leech Seed|[of] p2a: Ferrothorn\n|-heal|p2a: Ferrothorn|47\/100|[silent]\n|upkeep\n|turn|12\n|\n|t:|1643208055\n|move|p1a: Bisharp|Knock Off|p2a: Ferrothorn\n|-damage|p2a: Ferrothorn|8\/100\n|-damage|p1a: Bisharp|64\/100 par|[from] ability: Iron Barbs|[of] p2a: Ferrothorn\n|move|p2a: Ferrothorn|Knock Off|p1a: Bisharp\n|-resisted|p1a: Bisharp\n|-damage|p1a: Bisharp|52\/100 par\n|-enditem|p1a: Bisharp|Focus Sash|[from] move: Knock Off|[of] p2a: Ferrothorn\n|\n|-damage|p1a: Bisharp|40\/100 par|[from] Leech Seed|[of] p2a: Ferrothorn\n|-heal|p2a: Ferrothorn|19\/100|[silent]\n|upkeep\n|turn|13\n|\n|t:|1643208067\n|cant|p1a: Bisharp|par\n|move|p2a: Ferrothorn|Knock Off|p1a: Bisharp\n|-resisted|p1a: Bisharp\n|-damage|p1a: Bisharp|32\/100 par\n|\n|-damage|p1a: Bisharp|20\/100 par|[from] Leech Seed|[of] p2a: Ferrothorn\n|-heal|p2a: Ferrothorn|30\/100|[silent]\n|upkeep\n|turn|14\n|\n|t:|1643208081\n|move|p1a: Bisharp|Sucker Punch||[still]\n|-fail|p1a: Bisharp\n|move|p2a: Ferrothorn|Thunder Wave|p1a: Bisharp\n|-fail|p1a: Bisharp|par\n|\n|-damage|p1a: Bisharp|8\/100 par|[from] Leech Seed|[of] p2a: Ferrothorn\n|-heal|p2a: Ferrothorn|41\/100|[silent]\n|upkeep\n|turn|15\n|\n|t:|1643208090\n|cant|p1a: Bisharp|par\n|move|p2a: Ferrothorn|Leech Seed||[still]\n|-fail|p2a: Ferrothorn\n|\n|-damage|p1a: Bisharp|0 fnt|[from] Leech Seed|[of] p2a: Ferrothorn\n|-heal|p2a: Ferrothorn|47\/100|[silent]\n|faint|p1a: Bisharp\n|upkeep\n|\n|t:|1643208099\n|switch|p1a: Volcarona|Volcarona, M|100\/100\n|turn|16\n|\n|t:|1643208109\n|switch|p2a: Urshifu|Urshifu-Rapid-Strike, M|100\/100\n|-damage|p2a: Urshifu|94\/100|[from] Stealth Rock\n|move|p1a: Volcarona|Quiver Dance|p1a: Volcarona\n|-boost|p1a: Volcarona|spa|1\n|-boost|p1a: Volcarona|spd|1\n|-boost|p1a: Volcarona|spe|1\n|\n|upkeep\n|turn|17\n|\n|t:|1643208121\n|move|p1a: Volcarona|Psychic|p2a: Urshifu\n|-supereffective|p2a: Urshifu\n|-damage|p2a: Urshifu|0 fnt\n|faint|p2a: Urshifu\n|\n|upkeep\n|\n|t:|1643208129\n|switch|p2a: Regieleki|Regieleki, shiny|88\/100\n|-damage|p2a: Regieleki|76\/100|[from] Stealth Rock\n|turn|18\n|\n|t:|1643208133\n|move|p2a: Regieleki|Thunderbolt|p1a: Volcarona\n|-damage|p1a: Volcarona|40\/100\n|move|p1a: Volcarona|Fiery Dance|p2a: Regieleki\n|-damage|p2a: Regieleki|0 fnt\n|-boost|p1a: Volcarona|spa|1\n|faint|p2a: Regieleki\n|\n|upkeep\n|\n|t:|1643208141\n|switch|p2a: Landorus|Landorus-Therian, M, shiny|100\/100\n|-damage|p2a: Landorus|88\/100|[from] Stealth Rock\n|-ability|p2a: Landorus|Intimidate|boost\n|-unboost|p1a: Volcarona|atk|1\n|turn|19\n|\n|t:|1643208148\n|move|p1a: Volcarona|Fiery Dance|p2a: Landorus\n|-damage|p2a: Landorus|0 fnt\n|-boost|p1a: Volcarona|spa|1\n|faint|p2a: Landorus\n|\n|upkeep\n|\n|t:|1643208154\n|switch|p2a: Clefable|Clefable, M, shiny|76\/100\n|turn|20\n|\n|t:|1643208157\n|move|p1a: Volcarona|Fiery Dance|p2a: Clefable\n|-damage|p2a: Clefable|2\/100\n|-boost|p1a: Volcarona|spa|1\n|move|p2a: Clefable|Calm Mind|p2a: Clefable\n|-boost|p2a: Clefable|spa|1\n|-boost|p2a: Clefable|spd|1\n|\n|upkeep\n|turn|21\n|-message|Ls2904 forfeited.\n|\n|win|Igotthegat\n|raw|Igotthegat's rating: 1290 &rarr; <strong>1312<\/strong><br \/>(+22 for winning)\n|raw|Ls2904's rating: 1242 &rarr; <strong>1220<\/strong><br \/>(-22 for losing)\n|l|\u2606Ls2904\n","uploadtime":1643208175,"views":17,"p1id":"igotthegat","p2id":"ls2904","formatid":"gen8ou","rating":1220,"private":0,"password":null}