{"id":"gen8ou-1702401965","p1":"machugen","p2":"bsp1","format":"gen8ou","log":"|j|\u2606machugen\n|j|\u2606bsp1\n|t:|1667548118\n|gametype|singles\n|player|p1|machugen|brock-gen1rb|1740\n|player|p2|bsp1|265|1696\n|teamsize|p1|6\n|teamsize|p2|6\n|gen|8\n|tier|[Gen 8] OU\n|rated|\n|rule|Sleep Clause Mod: Limit one foe put to sleep\n|rule|Species Clause: Limit one of each Pok\u00e9mon\n|rule|OHKO Clause: OHKO moves are banned\n|rule|Evasion Items Clause: Evasion items are banned\n|rule|Evasion Moves Clause: Evasion moves are banned\n|rule|Endless Battle Clause: Forcing endless battles is banned\n|rule|HP Percentage Mod: HP is shown in percentages\n|rule|Dynamax Clause: You cannot dynamax\n|clearpoke\n|poke|p1|Weavile, M|\n|poke|p1|Dragapult, M|\n|poke|p1|Kartana|\n|poke|p1|Melmetal|\n|poke|p1|Rotom-Wash|\n|poke|p1|Landorus-Therian, M|\n|poke|p2|Nihilego|\n|poke|p2|Tapu Lele|\n|poke|p2|Magnezone|\n|poke|p2|Weavile, M|\n|poke|p2|Slowbro, M|\n|poke|p2|Landorus-Therian, M|\n|teampreview\n|\n|t:|1667548129\n|start\n|switch|p1a: Rotom|Rotom-Wash|100\/100\n|switch|p2a: Landorus|Landorus-Therian, M|100\/100\n|-ability|p2a: Landorus|Intimidate|boost\n|-unboost|p1a: Rotom|atk|1\n|turn|1\n|\n|t:|1667548134\n|move|p2a: Landorus|U-turn|p1a: Rotom\n|-damage|p1a: Rotom|83\/100\n|\n|t:|1667548143\n|switch|p2a: Slowbro|Slowbro, M|100\/100|[from]move: U-turn\n|move|p1a: Rotom|Will-O-Wisp|p2a: Slowbro\n|-status|p2a: Slowbro|brn\n|\n|-heal|p1a: Rotom|89\/100|[from] item: Leftovers\n|-damage|p2a: Slowbro|94\/100 brn|[from] brn\n|upkeep\n|turn|2\n|\n|t:|1667548148\n|move|p1a: Rotom|Volt Switch|p2a: Slowbro\n|-supereffective|p2a: Slowbro\n|-damage|p2a: Slowbro|57\/100 brn\n|\n|t:|1667548150\n|switch|p1a: Weavile|Weavile, M|100\/100|[from]move: Volt Switch\n|-ability|p1a: Weavile|Pressure\n|move|p2a: Slowbro|Teleport|p2a: Slowbro\n|\n|t:|1667548161\n|switch|p2a: Tapu Lele|Tapu Lele|100\/100|[from]move: Teleport\n|-fieldstart|move: Psychic Terrain|[from] ability: Psychic Surge|[of] p2a: Tapu Lele\n|\n|upkeep\n|turn|3\n|\n|t:|1667548169\n|switch|p1a: Melmetal|Melmetal|100\/100\n|move|p2a: Tapu Lele|Moonblast|p1a: Melmetal\n|-resisted|p1a: Melmetal\n|-damage|p1a: Melmetal|77\/100\n|\n|-heal|p1a: Melmetal|83\/100|[from] item: Leftovers\n|upkeep\n|turn|4\n|\n|t:|1667548176\n|switch|p2a: Magnezone|Magnezone|100\/100\n|switch|p1a: Landorus|Landorus-Therian, M|100\/100\n|-ability|p1a: Landorus|Intimidate|boost\n|-unboost|p2a: Magnezone|atk|1\n|\n|upkeep\n|turn|5\n|\n|t:|1667548180\n|switch|p2a: Landorus|Landorus-Therian, M|100\/100\n|-ability|p2a: Landorus|Intimidate|boost\n|-unboost|p1a: Landorus|atk|1\n|move|p1a: Landorus|Stealth Rock|p2a: Landorus\n|-sidestart|p2: bsp1|move: Stealth Rock\n|\n|upkeep\n|turn|6\n|\n|t:|1667548183\n|switch|p1a: Weavile|Weavile, M|100\/100\n|-ability|p1a: Weavile|Pressure\n|move|p2a: Landorus|Defog|p1a: Weavile\n|-unboost|p1a: Weavile|evasion|1\n|-sideend|p2: bsp1|Stealth Rock|[from] move: Defog|[of] p2a: Landorus\n|-fieldend|move: Psychic Terrain\n|\n|upkeep\n|turn|7\n|\n|t:|1667548195\n|move|p1a: Weavile|Beat Up|p2a: Landorus\n|-damage|p2a: Landorus|89\/100\n|-damage|p2a: Landorus|77\/100\n|-damage|p2a: Landorus|60\/100\n|-damage|p2a: Landorus|45\/100\n|-damage|p2a: Landorus|38\/100\n|-damage|p2a: Landorus|25\/100\n|-hitcount|p2a: Landorus|6\n|move|p2a: Landorus|U-turn|p1a: Weavile\n|-supereffective|p1a: Weavile\n|-crit|p1a: Weavile\n|-damage|p1a: Weavile|0 fnt\n|faint|p1a: Weavile\n|\n|t:|1667548210\n|switch|p2a: Weavile|Weavile, M|100\/100|[from]move: U-turn\n|\n|upkeep\n|\n|t:|1667548216\n|switch|p1a: Melmetal|Melmetal|83\/100\n|turn|8\n|\n|t:|1667548223\n|switch|p2a: Magnezone|Magnezone|100\/100\n|switch|p1a: Dragapult|Dragapult, M|100\/100\n|\n|upkeep\n|turn|9\n|\n|t:|1667548232\n|switch|p2a: Weavile|Weavile, M|100\/100\n|move|p1a: Dragapult|U-turn|p2a: Weavile\n|-supereffective|p2a: Weavile\n|-damage|p2a: Weavile|40\/100\n|\n|t:|1667548243\n|switch|p1a: Kartana|Kartana, shiny|100\/100|[from]move: U-turn\n|\n|upkeep\n|turn|10\n|\n|t:|1667548249\n|switch|p2a: Magnezone|Magnezone|100\/100\n|move|p1a: Kartana|Sacred Sword|p2a: Magnezone\n|-supereffective|p2a: Magnezone\n|-damage|p2a: Magnezone|34\/100\n|-damage|p1a: Kartana|84\/100|[from] item: Rocky Helmet|[of] p2a: Magnezone\n|\n|upkeep\n|turn|11\n|\n|t:|1667548253\n|switch|p2a: Tapu Lele|Tapu Lele|100\/100\n|-fieldstart|move: Psychic Terrain|[from] ability: Psychic Surge|[of] p2a: Tapu Lele\n|move|p1a: Kartana|Sacred Sword|p2a: Tapu Lele\n|-resisted|p2a: Tapu Lele\n|-damage|p2a: Tapu Lele|85\/100\n|\n|upkeep\n|turn|12\n|\n|t:|1667548260\n|switch|p1a: Landorus|Landorus-Therian, M|100\/100\n|-ability|p1a: Landorus|Intimidate|boost\n|-unboost|p2a: Tapu Lele|atk|1\n|move|p2a: Tapu Lele|Future Sight|p1a: Landorus\n|-start|p2a: Tapu Lele|move: Future Sight\n|\n|upkeep\n|turn|13\n|\n|t:|1667548264\n|switch|p2a: Landorus|Landorus-Therian, M|25\/100\n|-ability|p2a: Landorus|Intimidate|boost\n|-unboost|p1a: Landorus|atk|1\n|move|p1a: Landorus|U-turn|p2a: Landorus\n|-resisted|p2a: Landorus\n|-damage|p2a: Landorus|18\/100\n|\n|t:|1667548268\n|switch|p1a: Melmetal|Melmetal|83\/100|[from]move: U-turn\n|\n|-heal|p2a: Landorus|24\/100|[from] item: Leftovers\n|-heal|p1a: Melmetal|90\/100|[from] item: Leftovers\n|upkeep\n|turn|14\n|\n|t:|1667548285\n|move|p1a: Melmetal|Protect|p1a: Melmetal\n|-singleturn|p1a: Melmetal|Protect\n|move|p2a: Landorus|Stealth Rock|p1a: Melmetal\n|-sidestart|p1: machugen|move: Stealth Rock\n|\n|-end|p1a: Melmetal|move: Future Sight\n|-resisted|p1a: Melmetal\n|-damage|p1a: Melmetal|46\/100\n|-heal|p2a: Landorus|30\/100|[from] item: Leftovers\n|-heal|p1a: Melmetal|52\/100|[from] item: Leftovers\n|upkeep\n|turn|15\n|\n|t:|1667548293\n|switch|p1a: Rotom|Rotom-Wash|89\/100\n|-damage|p1a: Rotom|77\/100|[from] Stealth Rock\n|move|p2a: Landorus|U-turn|p1a: Rotom\n|-damage|p1a: Rotom|59\/100\n|\n|t:|1667548299\n|switch|p2a: Nihilego|Nihilego|100\/100|[from]move: U-turn\n|\n|-heal|p1a: Rotom|65\/100|[from] item: Leftovers\n|-fieldend|move: Psychic Terrain\n|upkeep\n|turn|16\n|\n|t:|1667548304\n|switch|p1a: Melmetal|Melmetal|52\/100\n|-damage|p1a: Melmetal|46\/100|[from] Stealth Rock\n|move|p2a: Nihilego|Knock Off|p1a: Melmetal\n|-damage|p1a: Melmetal|38\/100\n|-enditem|p1a: Melmetal|Leftovers|[from] move: Knock Off|[of] p2a: Nihilego\n|\n|upkeep\n|turn|17\n|\n|t:|1667548314\n|switch|p2a: Landorus|Landorus-Therian, M|30\/100\n|-ability|p2a: Landorus|Intimidate|boost\n|-unboost|p1a: Melmetal|atk|1\n|move|p1a: Melmetal|Earthquake|p2a: Landorus\n|-immune|p2a: Landorus\n|\n|-heal|p2a: Landorus|36\/100|[from] item: Leftovers\n|upkeep\n|turn|18\n|\n|t:|1667548318\n|switch|p1a: Landorus|Landorus-Therian, M|100\/100\n|-damage|p1a: Landorus|88\/100|[from] Stealth Rock\n|-ability|p1a: Landorus|Intimidate|boost\n|-unboost|p2a: Landorus|atk|1\n|move|p2a: Landorus|U-turn|p1a: Landorus\n|-resisted|p1a: Landorus\n|-damage|p1a: Landorus|81\/100\n|\n|t:|1667548328\n|switch|p2a: Weavile|Weavile, M|40\/100|[from]move: U-turn\n|\n|-heal|p1a: Landorus|87\/100|[from] item: Leftovers\n|upkeep\n|turn|19\n|\n|t:|1667548337\n|switch|p1a: Rotom|Rotom-Wash|65\/100\n|-damage|p1a: Rotom|53\/100|[from] Stealth Rock\n|move|p2a: Weavile|Knock Off|p1a: Rotom\n|-damage|p1a: Rotom|14\/100\n|-enditem|p1a: Rotom|Leftovers|[from] move: Knock Off|[of] p2a: Weavile\n|\n|upkeep\n|turn|20\n|\n|t:|1667548340\n|move|p2a: Weavile|Knock Off|p1a: Rotom\n|-damage|p1a: Rotom|0 fnt\n|faint|p1a: Rotom\n|\n|upkeep\n|\n|t:|1667548342\n|switch|p1a: Kartana|Kartana, shiny|84\/100\n|-damage|p1a: Kartana|78\/100|[from] Stealth Rock\n|turn|21\n|\n|t:|1667548354\n|switch|p2a: Slowbro|Slowbro, M|91\/100 brn\n|move|p1a: Kartana|Knock Off|p2a: Slowbro\n|-supereffective|p2a: Slowbro\n|-damage|p2a: Slowbro|17\/100 brn\n|-enditem|p2a: Slowbro|Heavy-Duty Boots|[from] move: Knock Off|[of] p1a: Kartana\n|\n|-damage|p2a: Slowbro|11\/100 brn|[from] brn\n|upkeep\n|turn|22\n|\n|t:|1667548369\n|move|p1a: Kartana|Knock Off|p2a: Slowbro\n|-supereffective|p2a: Slowbro\n|-damage|p2a: Slowbro|0 fnt\n|faint|p2a: Slowbro\n|-ability|p1a: Kartana|Beast Boost|boost\n|-boost|p1a: Kartana|atk|1\n|\n|upkeep\n|\n|t:|1667548373\n|switch|p2a: Tapu Lele|Tapu Lele|85\/100\n|-fieldstart|move: Psychic Terrain|[from] ability: Psychic Surge|[of] p2a: Tapu Lele\n|turn|23\n|\n|t:|1667548378\n|move|p1a: Kartana|Knock Off|p2a: Tapu Lele\n|-damage|p2a: Tapu Lele|0 fnt\n|-enditem|p2a: Tapu Lele|Choice Scarf|[from] move: Knock Off|[of] p1a: Kartana\n|faint|p2a: Tapu Lele\n|-ability|p1a: Kartana|Beast Boost|boost\n|-boost|p1a: Kartana|atk|1\n|\n|upkeep\n|-message|bsp1 forfeited.\n|\n|win|machugen\n|raw|machugen's rating: 1740 &rarr; <strong>1757<\/strong><br \/>(+17 for winning)\n|raw|bsp1's rating: 1696 &rarr; <strong>1679<\/strong><br \/>(-17 for losing)\n|l|\u2606bsp1\n","uploadtime":1667548387,"views":11,"p1id":"machugen","p2id":"bsp1","formatid":"gen8ou","rating":1679,"private":0,"password":null}