{"id":"gen8ru-1040842405","p1":"pyrromanis","p2":"Walletinspector62","format":"gen8ru","log":"|j|\u2606pyrromanis\n|j|\u2606Walletinspector62\n|player|p1|pyrromanis|125|1101\n|player|p2|Walletinspector62|102|1114\n|teamsize|p1|6\n|teamsize|p2|6\n|gametype|singles\n|gen|8\n|tier|[Gen 8] RU\n|rated|\n|rule|Sleep Clause Mod: Limit one foe put to sleep\n|rule|Species Clause: Limit one of each Pok\u00e9mon\n|rule|OHKO Clause: OHKO moves are banned\n|rule|Evasion Moves Clause: Evasion moves are banned\n|rule|Endless Battle Clause: Forcing endless battles is banned\n|rule|HP Percentage Mod: HP is shown in percentages\n|clearpoke\n|poke|p1|Jolteon, M|\n|poke|p1|Torkoal, M|\n|poke|p1|Shiftry, F|\n|poke|p1|Jellicent, F|\n|poke|p1|Silvally-*|\n|poke|p1|Rotom-Frost|\n|poke|p2|Passimian, M|\n|poke|p2|Mudsdale, M|\n|poke|p2|Snorlax, M|\n|poke|p2|Silvally-*|\n|poke|p2|Roserade, M|\n|poke|p2|Sigilyph, M|\n|rule|Dynamax Clause: You cannot dynamax\n|teampreview\n|\n|start\n|switch|p1a: Silvally|Silvally-Fairy|100\/100\n|switch|p2a: Mudsdale|Mudsdale, M, shiny|100\/100\n|turn|1\n|inactive|Battle timer is ON: inactive players will automatically lose when time's up. (requested by pyrromanis)\n|\n|switch|p1a: Rotom|Rotom-Frost|100\/100\n|move|p2a: Mudsdale|Stealth Rock|p1a: Rotom\n|-sidestart|p1: pyrromanis|move: Stealth Rock\n|\n|upkeep\n|turn|2\n|\n|move|p2a: Mudsdale|Protect|p2a: Mudsdale\n|-singleturn|p2a: Mudsdale|Protect\n|move|p1a: Rotom|Blizzard|p2a: Mudsdale\n|-activate|p2a: Mudsdale|move: Protect\n|\n|upkeep\n|turn|3\n|\n|switch|p2a: Snorlax|Snorlax, M, shiny|100\/100\n|move|p1a: Rotom|Blizzard|p2a: Snorlax|[miss]\n|-miss|p1a: Rotom|p2a: Snorlax\n|\n|upkeep\n|turn|4\n|\n|switch|p1a: Torkoal|Torkoal, M|100\/100\n|-damage|p1a: Torkoal|76\/100|[from] Stealth Rock\n|-weather|SunnyDay|[from] ability: Drought|[of] p1a: Torkoal\n|move|p2a: Snorlax|Body Slam|p1a: Torkoal\n|-damage|p1a: Torkoal|50\/100\n|-status|p1a: Torkoal|par\n|\n|-weather|SunnyDay|[upkeep]\n|upkeep\n|turn|5\n|\n|move|p2a: Snorlax|Earthquake|p1a: Torkoal\n|-supereffective|p1a: Torkoal\n|-damage|p1a: Torkoal|12\/100 par\n|move|p1a: Torkoal|Rapid Spin|p2a: Snorlax\n|-damage|p2a: Snorlax|94\/100\n|-sideend|p1: pyrromanis|Stealth Rock|[from] move: Rapid Spin|[of] p1a: Torkoal\n|-boost|p1a: Torkoal|spe|1\n|\n|-weather|SunnyDay|[upkeep]\n|-heal|p2a: Snorlax|99\/100|[from] item: Leftovers\n|upkeep\n|turn|6\n|\n|move|p2a: Snorlax|Earthquake|p1a: Torkoal\n|-supereffective|p1a: Torkoal\n|-damage|p1a: Torkoal|0 fnt\n|faint|p1a: Torkoal\n|\n|-weather|SunnyDay|[upkeep]\n|-heal|p2a: Snorlax|100\/100|[from] item: Leftovers\n|upkeep\n|\n|switch|p1a: Shiftry|Shiftry, F|100\/100\n|turn|7\n|\n|move|p1a: Shiftry|Growth|p1a: Shiftry\n|-boost|p1a: Shiftry|atk|2\n|-boost|p1a: Shiftry|spa|2\n|move|p2a: Snorlax|Body Press|p1a: Shiftry\n|-supereffective|p1a: Shiftry\n|-damage|p1a: Shiftry|53\/100\n|\n|-weather|SunnyDay|[upkeep]\n|upkeep\n|turn|8\n|\n|switch|p2a: Roserade|Roserade, M|100\/100\n|move|p1a: Shiftry|Leaf Blade|p2a: Roserade\n|-resisted|p2a: Roserade\n|-damage|p2a: Roserade|51\/100\n|-damage|p1a: Shiftry|43\/100|[from] item: Life Orb\n|\n|-weather|SunnyDay|[upkeep]\n|-heal|p2a: Roserade|57\/100|[from] item: Leftovers\n|upkeep\n|turn|9\n|\n|move|p1a: Shiftry|Heat Wave|p2a: Roserade\n|-supereffective|p2a: Roserade\n|-damage|p2a: Roserade|0 fnt\n|-damage|p1a: Shiftry|33\/100|[from] item: Life Orb\n|faint|p2a: Roserade\n|\n|-weather|SunnyDay|[upkeep]\n|upkeep\n|\n|switch|p2a: Mudsdale|Mudsdale, M, shiny|100\/100\n|turn|10\n|\n|move|p2a: Mudsdale|Protect|p2a: Mudsdale\n|-singleturn|p2a: Mudsdale|Protect\n|move|p1a: Shiftry|Leaf Blade|p2a: Mudsdale\n|-activate|p2a: Mudsdale|move: Protect\n|\n|-weather|SunnyDay|[upkeep]\n|upkeep\n|turn|11\n|\n|move|p1a: Shiftry|Leaf Blade|p2a: Mudsdale\n|-supereffective|p2a: Mudsdale\n|-damage|p2a: Mudsdale|0 fnt\n|-damage|p1a: Shiftry|23\/100|[from] item: Life Orb\n|faint|p2a: Mudsdale\n|\n|-weather|none\n|upkeep\n|\n|switch|p2a: Passimian|Passimian, M, shiny|100\/100\n|turn|12\n|\n|switch|p1a: Jellicent|Jellicent, F|100\/100\n|move|p2a: Passimian|U-turn|p1a: Jellicent\n|-resisted|p1a: Jellicent\n|-damage|p1a: Jellicent|91\/100\n|\n|switch|p2a: Silvally|Silvally-Ghost|100\/100|[from]move: U-turn\n|\n|-heal|p1a: Jellicent|97\/100|[from] item: Leftovers\n|upkeep\n|turn|13\n|\n|switch|p1a: Rotom|Rotom-Frost|100\/100\n|move|p2a: Silvally|Multi-Attack|p1a: Rotom\n|-damage|p1a: Rotom|31\/100\n|\n|upkeep\n|turn|14\n|\n|switch|p2a: Snorlax|Snorlax, M, shiny|100\/100\n|move|p1a: Rotom|Volt Switch|p2a: Snorlax\n|-damage|p2a: Snorlax|82\/100\n|\n|switch|p1a: Silvally|Silvally-Fairy|100\/100|[from]move: Volt Switch\n|\n|-heal|p2a: Snorlax|88\/100|[from] item: Leftovers\n|upkeep\n|turn|15\n|inactive|Walletinspector62 has 120 seconds left.\n|\n|move|p1a: Silvally|Swords Dance|p1a: Silvally\n|-boost|p1a: Silvally|atk|2\n|move|p2a: Snorlax|Body Slam|p1a: Silvally\n|-damage|p1a: Silvally|55\/100\n|\n|-heal|p2a: Snorlax|94\/100|[from] item: Leftovers\n|upkeep\n|turn|16\n|\n|move|p1a: Silvally|Multi-Attack|p2a: Snorlax\n|-damage|p2a: Snorlax|0 fnt\n|faint|p2a: Snorlax\n|\n|upkeep\n|\n|switch|p2a: Sigilyph|Sigilyph, M, shiny|100\/100\n|turn|17\n|\n|move|p2a: Sigilyph|Psychic|p1a: Silvally\n|-damage|p1a: Silvally|0 fnt\n|faint|p1a: Silvally\n|\n|upkeep\n|\n|switch|p1a: Jolteon|Jolteon, M|100\/100\n|turn|18\n|\n|switch|p2a: Silvally|Silvally-Ghost|100\/100\n|move|p1a: Jolteon|Thunderbolt|p2a: Silvally\n|-damage|p2a: Silvally|35\/100\n|-status|p2a: Silvally|par\n|\n|upkeep\n|turn|19\n|\n|move|p1a: Jolteon|Thunderbolt|p2a: Silvally\n|-damage|p2a: Silvally|0 fnt\n|faint|p2a: Silvally\n|\n|upkeep\n|\n|switch|p2a: Passimian|Passimian, M, shiny|100\/100\n|turn|20\n|\n|switch|p1a: Shiftry|Shiftry, F|23\/100\n|move|p2a: Passimian|U-turn|p1a: Shiftry\n|-supereffective|p1a: Shiftry\n|-damage|p1a: Shiftry|0 fnt\n|faint|p1a: Shiftry\n|\n|switch|p2a: Sigilyph|Sigilyph, M, shiny|100\/100|[from]move: U-turn\n|\n|upkeep\n|\n|switch|p1a: Jolteon|Jolteon, M|100\/100\n|turn|21\n|\n|move|p1a: Jolteon|Thunderbolt|p2a: Sigilyph\n|-supereffective|p2a: Sigilyph\n|-damage|p2a: Sigilyph|0 fnt\n|faint|p2a: Sigilyph\n|\n|upkeep\n|\n|switch|p2a: Passimian|Passimian, M, shiny|100\/100\n|turn|22\n|\n|move|p2a: Passimian|Earthquake|p1a: Jolteon\n|-supereffective|p1a: Jolteon\n|-damage|p1a: Jolteon|0 fnt\n|faint|p1a: Jolteon\n|\n|upkeep\n|\n|switch|p1a: Jellicent|Jellicent, F|97\/100\n|turn|23\n|inactive|Walletinspector62 has 120 seconds left.\n|\n|move|p2a: Passimian|Earthquake|p1a: Jellicent\n|-damage|p1a: Jellicent|72\/100\n|move|p1a: Jellicent|Will-O-Wisp|p2a: Passimian\n|-status|p2a: Passimian|brn\n|\n|-heal|p1a: Jellicent|78\/100|[from] item: Leftovers\n|-damage|p2a: Passimian|94\/100 brn|[from] brn\n|upkeep\n|turn|24\n|\n|move|p2a: Passimian|Earthquake|p1a: Jellicent\n|-damage|p1a: Jellicent|66\/100\n|move|p1a: Jellicent|Hex|p2a: Passimian\n|-damage|p2a: Passimian|33\/100 brn\n|\n|-heal|p1a: Jellicent|72\/100|[from] item: Leftovers\n|-damage|p2a: Passimian|27\/100 brn|[from] brn\n|upkeep\n|turn|25\n|-message|Walletinspector62 forfeited.\n|\n|win|pyrromanis\n|l|\u2606Walletinspector62\n","uploadtime":1578157238,"views":1,"p1id":"pyrromanis","p2id":"walletinspector62","formatid":"gen8ru","rating":0,"private":0,"password":null}