{"id":"gen8ou-1660620205","p1":"Not Sarcasm","p2":"jajajj","format":"gen8ou","log":"|j|\u2606Not Sarcasm\n|j|\u2606jajajj\n|t:|1662789924\n|gametype|singles\n|player|p1|Not Sarcasm|169|1670\n|player|p2|jajajj|169|1820\n|teamsize|p1|6\n|teamsize|p2|6\n|gen|8\n|tier|[Gen 8] OU\n|rated|\n|rule|Sleep Clause Mod: Limit one foe put to sleep\n|rule|Species Clause: Limit one of each Pok\u00e9mon\n|rule|OHKO Clause: OHKO moves are banned\n|rule|Evasion Items Clause: Evasion items are banned\n|rule|Evasion Moves Clause: Evasion moves are banned\n|rule|Endless Battle Clause: Forcing endless battles is banned\n|rule|HP Percentage Mod: HP is shown in percentages\n|rule|Dynamax Clause: You cannot dynamax\n|clearpoke\n|poke|p1|Pelipper, M|\n|poke|p1|Seismitoad, M|\n|poke|p1|Zapdos|\n|poke|p1|Ferrothorn, M|\n|poke|p1|Barraskewda, F|\n|poke|p1|Crawdaunt, F|\n|poke|p2|Zapdos|\n|poke|p2|Weavile, F|\n|poke|p2|Kartana|\n|poke|p2|Landorus-Therian, M|\n|poke|p2|Volcanion|\n|poke|p2|Melmetal|\n|teampreview\n|inactive|Battle timer is ON: inactive players will automatically lose when time's up. (requested by Not Sarcasm)\n|\n|t:|1662789950\n|start\n|switch|p1a: Let's in the rain|Pelipper, M|100\/100\n|switch|p2a: Volcanion|Volcanion|100\/100\n|-weather|RainDance|[from] ability: Drizzle|[of] p1a: Let's in the rain\n|turn|1\n|\n|t:|1662789956\n|move|p2a: Volcanion|Steam Eruption|p1a: Let's in the rain\n|-resisted|p1a: Let's in the rain\n|-damage|p1a: Let's in the rain|37\/100\n|move|p1a: Let's in the rain|U-turn|p2a: Volcanion\n|-resisted|p2a: Volcanion\n|-damage|p2a: Volcanion|96\/100\n|j| wuminKenken\n|\n|t:|1662789963\n|switch|p1a: Zapdos|Zapdos|100\/100|[from]move: U-turn\n|\n|-weather|RainDance|[upkeep]\n|upkeep\n|turn|2\n|\n|t:|1662789969\n|switch|p2a: Landorus|Landorus-Therian, M|100\/100\n|-ability|p2a: Landorus|Intimidate|boost\n|-unboost|p1a: Zapdos|atk|1\n|move|p1a: Zapdos|Thunder|p2a: Landorus\n|-immune|p2a: Landorus\n|\n|-weather|RainDance|[upkeep]\n|upkeep\n|turn|3\n|\n|t:|1662789977\n|move|p1a: Zapdos|Weather Ball|p2a: Landorus\n|-supereffective|p2a: Landorus\n|-damage|p2a: Landorus|24\/100\n|move|p2a: Landorus|Stealth Rock|p1a: Zapdos\n|-sidestart|p1: Not Sarcasm|move: Stealth Rock\n|\n|-weather|RainDance|[upkeep]\n|-heal|p2a: Landorus|30\/100|[from] item: Leftovers\n|upkeep\n|turn|4\n|\n|t:|1662789988\n|move|p1a: Zapdos|Hurricane|p2a: Landorus\n|-damage|p2a: Landorus|0 fnt\n|faint|p2a: Landorus\n|\n|-weather|RainDance|[upkeep]\n|upkeep\n|\n|t:|1662789991\n|switch|p2a: Weavile|Weavile, F|100\/100\n|-ability|p2a: Weavile|Pressure\n|turn|5\n|\n|t:|1662789998\n|switch|p1a: Ferrothorn|Ferrothorn, M|100\/100\n|-damage|p1a: Ferrothorn|95\/100|[from] Stealth Rock\n|move|p2a: Weavile|Triple Axel|p1a: Ferrothorn\n|-damage|p1a: Ferrothorn|85\/100\n|-damage|p2a: Weavile|88\/100|[from] ability: Iron Barbs|[of] p1a: Ferrothorn\n|-hitcount|p1a: Ferrothorn|1\n|\n|-weather|RainDance|[upkeep]\n|-heal|p1a: Ferrothorn|91\/100|[from] item: Leftovers\n|upkeep\n|turn|6\n|j| Bad Players\n|\n|t:|1662790009\n|switch|p2a: Melmetal|Melmetal|100\/100\n|move|p1a: Ferrothorn|Stealth Rock|p2a: Melmetal\n|-sidestart|p2: jajajj|move: Stealth Rock\n|\n|-weather|RainDance|[upkeep]\n|-heal|p1a: Ferrothorn|97\/100|[from] item: Leftovers\n|upkeep\n|turn|7\n|\n|t:|1662790015\n|move|p2a: Melmetal|Double Iron Bash|p1a: Ferrothorn\n|-resisted|p1a: Ferrothorn\n|-damage|p1a: Ferrothorn|77\/100\n|-damage|p2a: Melmetal|88\/100|[from] ability: Iron Barbs|[of] p1a: Ferrothorn\n|-resisted|p1a: Ferrothorn\n|-damage|p1a: Ferrothorn|57\/100\n|-damage|p2a: Melmetal|76\/100|[from] ability: Iron Barbs|[of] p1a: Ferrothorn\n|-hitcount|p1a: Ferrothorn|2\n|move|p1a: Ferrothorn|Leech Seed|p2a: Melmetal\n|-start|p2a: Melmetal|move: Leech Seed\n|\n|-weather|RainDance|[upkeep]\n|-heal|p1a: Ferrothorn|63\/100|[from] item: Leftovers\n|-damage|p2a: Melmetal|63\/100|[from] Leech Seed|[of] p1a: Ferrothorn\n|-heal|p1a: Ferrothorn|78\/100|[silent]\n|upkeep\n|turn|8\n|\n|t:|1662790026\n|switch|p2a: Zapdos|Zapdos|100\/100\n|move|p1a: Ferrothorn|Leech Seed|p2a: Zapdos\n|-start|p2a: Zapdos|move: Leech Seed\n|\n|-weather|none\n|-heal|p1a: Ferrothorn|84\/100|[from] item: Leftovers\n|-damage|p2a: Zapdos|88\/100|[from] Leech Seed|[of] p1a: Ferrothorn\n|-heal|p1a: Ferrothorn|96\/100|[silent]\n|upkeep\n|turn|9\n|\n|t:|1662790035\n|switch|p1a: Seismitoad|Seismitoad, M|100\/100\n|-damage|p1a: Seismitoad|95\/100|[from] Stealth Rock\n|move|p2a: Zapdos|Hurricane|p1a: Seismitoad\n|-damage|p1a: Seismitoad|19\/100\n|\n|-damage|p2a: Zapdos|76\/100|[from] Leech Seed|[of] p1a: Seismitoad\n|-heal|p1a: Seismitoad|30\/100|[silent]\n|upkeep\n|turn|10\n|\n|t:|1662790044\n|move|p2a: Zapdos|Hurricane|p1a: Seismitoad\n|-damage|p1a: Seismitoad|0 fnt\n|faint|p1a: Seismitoad\n|\n|upkeep\n|\n|t:|1662790048\n|switch|p1a: Barraskewda|Barraskewda, F|100\/100\n|-damage|p1a: Barraskewda|88\/100|[from] Stealth Rock\n|turn|11\n|\n|t:|1662790052\n|switch|p2a: Volcanion|Volcanion|96\/100\n|-damage|p2a: Volcanion|71\/100|[from] Stealth Rock\n|move|p1a: Barraskewda|Liquidation|p2a: Volcanion\n|-heal|p2a: Volcanion|96\/100|[from] ability: Water Absorb|[of] p1a: Barraskewda\n|\n|upkeep\n|turn|12\n|\n|t:|1662790061\n|switch|p1a: Ferrothorn|Ferrothorn, M|96\/100\n|-damage|p1a: Ferrothorn|90\/100|[from] Stealth Rock\n|move|p2a: Volcanion|Steam Eruption|p1a: Ferrothorn\n|-resisted|p1a: Ferrothorn\n|-damage|p1a: Ferrothorn|54\/100\n|\n|-heal|p1a: Ferrothorn|60\/100|[from] item: Leftovers\n|upkeep\n|turn|13\n|\n|t:|1662790069\n|switch|p2a: Zapdos|Zapdos|76\/100\n|switch|p1a: Let's in the rain|Pelipper, M|37\/100\n|-damage|p1a: Let's in the rain|12\/100|[from] Stealth Rock\n|-weather|RainDance|[from] ability: Drizzle|[of] p1a: Let's in the rain\n|\n|-weather|RainDance|[upkeep]\n|upkeep\n|turn|14\n|l| Bad Players\n|\n|t:|1662790077\n|move|p2a: Zapdos|Hurricane|p1a: Let's in the rain\n|-damage|p1a: Let's in the rain|0 fnt\n|faint|p1a: Let's in the rain\n|\n|-weather|RainDance|[upkeep]\n|upkeep\n|\n|t:|1662790083\n|switch|p1a: Zapdos|Zapdos|100\/100\n|turn|15\n|\n|t:|1662790087\n|move|p1a: Zapdos|Thunder|p2a: Zapdos\n|-damage|p2a: Zapdos|9\/100\n|move|p2a: Zapdos|Volt Switch|p1a: Zapdos\n|-damage|p1a: Zapdos|58\/100\n|\n|t:|1662790091\n|switch|p2a: Weavile|Weavile, F|88\/100|[from]move: Volt Switch\n|-damage|p2a: Weavile|63\/100|[from] Stealth Rock\n|-ability|p2a: Weavile|Pressure\n|\n|-weather|RainDance|[upkeep]\n|upkeep\n|turn|16\n|\n|t:|1662790098\n|move|p2a: Weavile|Knock Off|p1a: Zapdos\n|-damage|p1a: Zapdos|0 fnt\n|-enditem|p1a: Zapdos|Heavy-Duty Boots|[from] move: Knock Off|[of] p2a: Weavile\n|faint|p1a: Zapdos\n|\n|-weather|RainDance|[upkeep]\n|upkeep\n|\n|t:|1662790106\n|switch|p1a: Barraskewda|Barraskewda, F|88\/100\n|-damage|p1a: Barraskewda|76\/100|[from] Stealth Rock\n|turn|17\n|\n|t:|1662790110\n|move|p1a: Barraskewda|Close Combat|p2a: Weavile\n|-supereffective|p2a: Weavile\n|-crit|p2a: Weavile\n|-damage|p2a: Weavile|0 fnt\n|-unboost|p1a: Barraskewda|def|1\n|-unboost|p1a: Barraskewda|spd|1\n|faint|p2a: Weavile\n|\n|-weather|RainDance|[upkeep]\n|upkeep\n|\n|t:|1662790115\n|switch|p2a: Volcanion|Volcanion|96\/100\n|-damage|p2a: Volcanion|71\/100|[from] Stealth Rock\n|turn|18\n|\n|t:|1662790122\n|move|p1a: Barraskewda|Close Combat|p2a: Volcanion\n|-damage|p2a: Volcanion|6\/100\n|-unboost|p1a: Barraskewda|def|1\n|-unboost|p1a: Barraskewda|spd|1\n|move|p2a: Volcanion|Steam Eruption|p1a: Barraskewda\n|-resisted|p1a: Barraskewda\n|-damage|p1a: Barraskewda|0 fnt\n|faint|p1a: Barraskewda\n|\n|-weather|RainDance|[upkeep]\n|upkeep\n|-message|Not Sarcasm forfeited.\n|\n|win|jajajj\n|raw|Not Sarcasm's rating: 1670 &rarr; <strong>1658<\/strong><br \/>(-12 for losing)\n|raw|jajajj's rating: 1820 &rarr; <strong>1832<\/strong><br \/>(+12 for winning)\n|l|\u2606Not Sarcasm\n|l|\u2606jajajj\n","uploadtime":1662790141,"views":61,"p1id":"notsarcasm","p2id":"jajajj","formatid":"gen8ou","rating":1658,"private":0,"password":null}