{"id":"gen8nu-1566945616","p1":"Blitzburgh","p2":"xskelly34","format":"gen8nu","log":"|html|<div class=\"broadcast-blue\"><strong>[Gen 8] NU is currently suspecting Silvally-Ground! For information on how to participate check out the <a href=\"https:\/\/www.smogon.com\/forums\/threads\/np-nu-stage-12-higher-ground.3700874\/\">suspect thread<\/a>.<\/strong><\/div>\n|j|\u2606Blitzburgh\n|j|\u2606xskelly34\n|inactive|Battle timer is ON: inactive players will automatically lose when time's up.\n|t:|1651604680\n|gametype|singles\n|player|p1|Blitzburgh|ghetsis|\n|player|p2|xskelly34|bugsy|\n|teamsize|p1|6\n|teamsize|p2|6\n|gen|8\n|tier|[Gen 8] NU\n|rated|Tournament battle\n|rule|Sleep Clause Mod: Limit one foe put to sleep\n|rule|Species Clause: Limit one of each Pok\u00e9mon\n|rule|OHKO Clause: OHKO moves are banned\n|rule|Evasion Moves Clause: Evasion moves are banned\n|rule|Endless Battle Clause: Forcing endless battles is banned\n|rule|HP Percentage Mod: HP is shown in percentages\n|rule|Dynamax Clause: You cannot dynamax\n|clearpoke\n|poke|p1|Vaporeon, M|\n|poke|p1|Braviary, M|\n|poke|p1|Escavalier, M|\n|poke|p1|Mudsdale, M|\n|poke|p1|Weezing, M|\n|poke|p1|Sableye, M|\n|poke|p2|Diancie|\n|poke|p2|Araquanid, F|\n|poke|p2|Dragalge, F|\n|poke|p2|Zoroark, M|\n|poke|p2|Dhelmise|\n|poke|p2|Sneasel, F|\n|teampreview\n|j|*Lady Monita \u273f\n|j| BB-8-NU\n|j| atharvplayspokemon\n|j| TakingNotesKinda\n|j| fearlessgod\n|j| PokeArt2004\u2764\n|j| Btucks6203\n|l| Btucks6203\n|inactive|Blitzburgh has 120 seconds left.\n|inactive|xskelly34 has 120 seconds left.\n|j| No dyna club\n|j| M9s\n|j| pudim31\n|\n|t:|1651604727\n|start\n|switch|p1a: Weezing|Weezing, M|100\/100\n|switch|p2a: Sneasel|Sneasel, F|100\/100\n|-ability|p1a: Weezing|Neutralizing Gas\n|turn|1\n|inactive|xskelly34 has 120 seconds left.\n|\n|t:|1651604759\n|move|p2a: Sneasel|Knock Off|p1a: Weezing\n|-damage|p1a: Weezing|64\/100\n|-damage|p2a: Sneasel|84\/100|[from] item: Rocky Helmet|[of] p1a: Weezing\n|-enditem|p1a: Weezing|Rocky Helmet|[from] move: Knock Off|[of] p2a: Sneasel\n|move|p1a: Weezing|Will-O-Wisp|p2a: Sneasel\n|-status|p2a: Sneasel|brn\n|\n|-damage|p2a: Sneasel|78\/100 brn|[from] brn\n|upkeep\n|turn|2\n|j| McFanOfFun1\n|\n|t:|1651604768\n|switch|p2a: Diancie|Diancie|100\/100\n|move|p1a: Weezing|Toxic Spikes|p2a: Diancie\n|-sidestart|p2: xskelly34|move: Toxic Spikes\n|\n|upkeep\n|turn|3\n|l| pudim31\n|\n|t:|1651604775\n|-end|p1a: Weezing|ability: Neutralizing Gas\n|switch|p1a: Mudsdale|Mudsdale, M|100\/100\n|move|p2a: Diancie|Diamond Storm|p1a: Mudsdale\n|-resisted|p1a: Mudsdale\n|-damage|p1a: Mudsdale|77\/100\n|-ability|p1a: Mudsdale|Stamina|boost\n|-boost|p1a: Mudsdale|def|1\n|\n|-heal|p1a: Mudsdale|84\/100|[from] item: Leftovers\n|upkeep\n|turn|4\n|inactive|xskelly34 has 120 seconds left.\n|\n|t:|1651604801\n|switch|p2a: Dhelmise|Dhelmise|100\/100\n|-status|p2a: Dhelmise|psn\n|move|p1a: Mudsdale|Earthquake|p2a: Dhelmise\n|-resisted|p2a: Dhelmise\n|-damage|p2a: Dhelmise|78\/100 psn\n|\n|-heal|p1a: Mudsdale|90\/100|[from] item: Leftovers\n|-damage|p2a: Dhelmise|66\/100 psn|[from] psn\n|upkeep\n|turn|5\n|inactive|xskelly34 has 120 seconds left.\n|l| McFanOfFun1\n|j| Apprenti Buck\n|\n|t:|1651604830\n|move|p1a: Mudsdale|Protect|p1a: Mudsdale\n|-singleturn|p1a: Mudsdale|Protect\n|move|p2a: Dhelmise|Power Whip|p1a: Mudsdale\n|-activate|p1a: Mudsdale|move: Protect\n|\n|-heal|p1a: Mudsdale|96\/100|[from] item: Leftovers\n|-damage|p2a: Dhelmise|54\/100 psn|[from] psn\n|upkeep\n|turn|6\n|\n|t:|1651604838\n|switch|p2a: Dragalge|Dragalge, F|100\/100\n|-sideend|p2: xskelly34|move: Toxic Spikes|[of] p2a: Dragalge\n|switch|p1a: Weezing|Weezing, M|64\/100\n|-ability|p1a: Weezing|Neutralizing Gas\n|\n|upkeep\n|turn|7\n|inactive|xskelly34 has 120 seconds left.\n|\n|t:|1651604854\n|-end|p1a: Weezing|ability: Neutralizing Gas\n|switch|p1a: Vaporeon|Vaporeon, M|100\/100\n|move|p2a: Dragalge|Toxic Spikes|p1a: Vaporeon\n|-sidestart|p1: Blitzburgh|move: Toxic Spikes\n|\n|upkeep\n|turn|8\n|inactive|xskelly34 has 120 seconds left.\n|inactive|Blitzburgh has 120 seconds left.\n|\n|t:|1651604888\n|switch|p2a: Dhelmise|Dhelmise|54\/100 psn\n|move|p1a: Vaporeon|Wish|p1a: Vaporeon\n|\n|-damage|p2a: Dhelmise|41\/100 psn|[from] psn\n|upkeep\n|turn|9\n|inactive|xskelly34 has 120 seconds left.\n|\n|t:|1651604898\n|switch|p1a: Weezing|Weezing, M|64\/100\n|-ability|p1a: Weezing|Neutralizing Gas\n|-sideend|p1: Blitzburgh|move: Toxic Spikes|[of] p1a: Weezing\n|switch|p2a: Dragalge|Dragalge, F|100\/100\n|\n|-heal|p1a: Weezing|100\/100|[from] move: Wish|[wisher] Vaporeon\n|upkeep\n|turn|10\n|inactive|Blitzburgh has 120 seconds left.\n|\n|t:|1651604920\n|move|p2a: Dragalge|Gunk Shot|p1a: Weezing\n|-resisted|p1a: Weezing\n|-damage|p1a: Weezing|76\/100\n|move|p1a: Weezing|Will-O-Wisp|p2a: Dragalge\n|-status|p2a: Dragalge|brn\n|\n|-damage|p2a: Dragalge|95\/100 brn|[from] brn\n|upkeep\n|turn|11\n|c|\u2606xskelly34|this is tragic\n|c|\u2606xskelly34|brought the one mon\n|inactive|xskelly34 has 120 seconds left.\n|\n|t:|1651604941\n|switch|p2a: Diancie|Diancie|100\/100\n|-end|p1a: Weezing|ability: Neutralizing Gas\n|switch|p1a: Escavalier|Escavalier, M|100\/100\n|\n|upkeep\n|turn|12\n|c|\u2606Blitzburgh|waiting for u to say that then draco\n|inactive|xskelly34 has 120 seconds left.\n|\n|t:|1651604959\n|switch|p2a: Araquanid|Araquanid, F|100\/100\n|move|p1a: Escavalier|Iron Head|p2a: Araquanid\n|-resisted|p2a: Araquanid\n|-crit|p2a: Araquanid\n|-damage|p2a: Araquanid|64\/100\n|\n|upkeep\n|turn|13\n|inactive|xskelly34 has 120 seconds left.\n|l| M9s\n|\n|t:|1651604971\n|move|p2a: Araquanid|Sticky Web|p1a: Escavalier\n|-sidestart|p1: Blitzburgh|move: Sticky Web\n|move|p1a: Escavalier|Knock Off|p2a: Araquanid\n|-damage|p2a: Araquanid|30\/100\n|-enditem|p2a: Araquanid|Choice Band|[from] move: Knock Off|[of] p1a: Escavalier\n|\n|upkeep\n|turn|14\n|\n|t:|1651604977\n|move|p2a: Araquanid|Liquidation|p1a: Escavalier\n|-damage|p1a: Escavalier|36\/100\n|move|p1a: Escavalier|Megahorn|p2a: Araquanid\n|-damage|p2a: Araquanid|0 fnt\n|faint|p2a: Araquanid\n|\n|-heal|p1a: Escavalier|42\/100|[from] item: Leftovers\n|upkeep\n|\n|t:|1651604983\n|switch|p2a: Diancie|Diancie|100\/100\n|turn|15\n|\n|t:|1651604987\n|move|p2a: Diancie|Diamond Storm|p1a: Escavalier\n|-damage|p1a: Escavalier|0 fnt\n|-boost|p2a: Diancie|def|2\n|faint|p1a: Escavalier\n|\n|upkeep\n|\n|t:|1651604992\n|switch|p1a: Weezing|Weezing, M|76\/100\n|-ability|p1a: Weezing|Neutralizing Gas\n|-activate|p1a: Weezing|move: Sticky Web\n|-unboost|p1a: Weezing|spe|1\n|turn|16\n|\n|t:|1651604999\n|-end|p1a: Weezing|ability: Neutralizing Gas\n|switch|p1a: Vaporeon|Vaporeon, M|100\/100\n|-activate|p1a: Vaporeon|move: Sticky Web\n|-unboost|p1a: Vaporeon|spe|1\n|move|p2a: Diancie|Diamond Storm|p1a: Vaporeon\n|-damage|p1a: Vaporeon|38\/100\n|-boost|p2a: Diancie|def|2\n|\n|-heal|p1a: Vaporeon|45\/100|[from] item: Leftovers\n|upkeep\n|turn|17\n|\n|t:|1651605013\n|switch|p2a: Sneasel|Sneasel, F|78\/100 brn\n|move|p1a: Vaporeon|Protect||[still]\n|-fail|p1a: Vaporeon\n|\n|-heal|p1a: Vaporeon|51\/100|[from] item: Leftovers\n|-damage|p2a: Sneasel|72\/100 brn|[from] brn\n|upkeep\n|turn|18\n|\n|t:|1651605018\n|move|p2a: Sneasel|Knock Off|p1a: Vaporeon\n|-damage|p1a: Vaporeon|22\/100\n|-enditem|p1a: Vaporeon|Leftovers|[from] move: Knock Off|[of] p2a: Sneasel\n|move|p1a: Vaporeon|Wish|p1a: Vaporeon\n|\n|-damage|p2a: Sneasel|66\/100 brn|[from] brn\n|upkeep\n|turn|19\n|\n|t:|1651605022\n|switch|p2a: Dhelmise|Dhelmise|41\/100 psn\n|move|p1a: Vaporeon|Scald|p2a: Dhelmise\n|-resisted|p2a: Dhelmise\n|-damage|p2a: Dhelmise|24\/100 psn\n|\n|-heal|p1a: Vaporeon|72\/100|[from] move: Wish|[wisher] Vaporeon\n|-damage|p2a: Dhelmise|12\/100 psn|[from] psn\n|upkeep\n|turn|20\n|\n|t:|1651605030\n|switch|p1a: Weezing|Weezing, M|76\/100\n|-ability|p1a: Weezing|Neutralizing Gas\n|-activate|p1a: Weezing|move: Sticky Web\n|-unboost|p1a: Weezing|spe|1\n|move|p2a: Dhelmise|Power Whip|p1a: Weezing\n|-resisted|p1a: Weezing\n|-damage|p1a: Weezing|43\/100\n|\n|-damage|p2a: Dhelmise|0 fnt|[from] psn\n|faint|p2a: Dhelmise\n|upkeep\n|\n|t:|1651605040\n|switch|p2a: Zoroark|Zoroark, M|100\/100\n|turn|21\n|c|\u2606xskelly34|oh right\n|\n|t:|1651605066\n|-end|p1a: Weezing|ability: Neutralizing Gas\n|switch|p1a: Vaporeon|Vaporeon, M|72\/100\n|-activate|p1a: Vaporeon|move: Sticky Web\n|-unboost|p1a: Vaporeon|spe|1\n|move|p2a: Zoroark|Knock Off|p1a: Vaporeon\n|-damage|p1a: Vaporeon|32\/100\n|\n|upkeep\n|turn|22\n|\n|t:|1651605084\n|move|p2a: Zoroark|Knock Off|p1a: Vaporeon\n|-damage|p1a: Vaporeon|0 fnt\n|faint|p1a: Vaporeon\n|\n|upkeep\n|\n|t:|1651605086\n|switch|p1a: Mudsdale|Mudsdale, M|96\/100\n|-activate|p1a: Mudsdale|move: Sticky Web\n|-unboost|p1a: Mudsdale|spe|1\n|turn|23\n|\n|t:|1651605110\n|switch|p2a: Dragalge|Dragalge, F|95\/100 brn\n|move|p1a: Mudsdale|Earthquake|p2a: Dragalge\n|-supereffective|p2a: Dragalge\n|-damage|p2a: Dragalge|0 fnt\n|faint|p2a: Dragalge\n|\n|-heal|p1a: Mudsdale|100\/100|[from] item: Leftovers\n|upkeep\n|\n|t:|1651605115\n|switch|p2a: Sneasel|Sneasel, F|66\/100 brn\n|turn|24\n|\n|t:|1651605130\n|switch|p1a: Weezing|Weezing, M|43\/100\n|-ability|p1a: Weezing|Neutralizing Gas\n|-activate|p1a: Weezing|move: Sticky Web\n|-unboost|p1a: Weezing|spe|1\n|move|p2a: Sneasel|Triple Axel|p1a: Weezing\n|-damage|p1a: Weezing|39\/100\n|-damage|p1a: Weezing|31\/100\n|-damage|p1a: Weezing|20\/100\n|-hitcount|p1a: Weezing|3\n|\n|-damage|p2a: Sneasel|60\/100 brn|[from] brn\n|upkeep\n|turn|25\n|\n|t:|1651605133\n|move|p2a: Sneasel|Triple Axel|p1a: Weezing\n|-damage|p1a: Weezing|15\/100\n|-damage|p1a: Weezing|7\/100\n|-damage|p1a: Weezing|0 fnt\n|faint|p1a: Weezing\n|-end|p1a: Weezing|ability: Neutralizing Gas\n|-hitcount|p1: Weezing|3\n|\n|-damage|p2a: Sneasel|54\/100 brn|[from] brn\n|upkeep\n|\n|t:|1651605141\n|switch|p1a: Sableye|Sableye, M|100\/100\n|turn|26\n|\n|t:|1651605144\n|switch|p2a: Diancie|Diancie|100\/100\n|move|p1a: Sableye|Foul Play|p2a: Diancie\n|-resisted|p2a: Diancie\n|-damage|p2a: Diancie|60\/100\n|replace|p2a: Zoroark|Zoroark, M\n|-end|p2a: Zoroark|Illusion\n|\n|upkeep\n|turn|27\n|\n|t:|1651605151\n|move|p2a: Zoroark|Knock Off|p1a: Sableye\n|-damage|p1a: Sableye|33\/100\n|-enditem|p1a: Sableye|Heavy-Duty Boots|[from] move: Knock Off|[of] p2a: Zoroark\n|move|p1a: Sableye|Foul Play|p2a: Zoroark\n|-resisted|p2a: Zoroark\n|-damage|p2a: Zoroark|17\/100\n|\n|upkeep\n|turn|28\n|j| Alita Kazami\n|\n|t:|1651605157\n|switch|p2a: Diancie|Diancie|100\/100\n|move|p1a: Sableye|Recover|p1a: Sableye\n|-heal|p1a: Sableye|83\/100\n|\n|upkeep\n|turn|29\n|l| Alita Kazami\n|\n|t:|1651605160\n|move|p1a: Sableye|Will-O-Wisp|p2a: Diancie\n|-status|p2a: Diancie|brn\n|move|p2a: Diancie|Play Rough|p1a: Sableye\n|-supereffective|p1a: Sableye\n|-damage|p1a: Sableye|15\/100\n|\n|-damage|p2a: Diancie|95\/100 brn|[from] brn\n|upkeep\n|turn|30\n|j| envi kevin\n|\n|t:|1651605170\n|switch|p2a: Sneasel|Sneasel, F|54\/100 brn\n|move|p1a: Sableye|Foul Play|p2a: Sneasel\n|-resisted|p2a: Sneasel\n|-damage|p2a: Sneasel|11\/100 brn\n|\n|-damage|p2a: Sneasel|5\/100 brn|[from] brn\n|upkeep\n|turn|31\n|\n|t:|1651605176\n|move|p2a: Sneasel|Ice Shard|p1a: Sableye\n|-damage|p1a: Sableye|3\/100\n|move|p1a: Sableye|Recover|p1a: Sableye\n|-heal|p1a: Sableye|53\/100\n|\n|-damage|p2a: Sneasel|0 fnt|[from] brn\n|faint|p2a: Sneasel\n|upkeep\n|\n|t:|1651605182\n|switch|p2a: Diancie|Diancie|17\/100\n|turn|32\n|\n|t:|1651605186\n|move|p2a: Diancie|Knock Off|p1a: Sableye\n|-damage|p1a: Sableye|14\/100\n|move|p1a: Sableye|Foul Play|p2a: Diancie\n|-resisted|p2a: Diancie\n|-damage|p2a: Diancie|0 fnt\n|replace|p2a: Zoroark|Zoroark, M\n|-end|p2a: Zoroark|Illusion\n|faint|p2a: Zoroark\n|\n|upkeep\n|\n|t:|1651605188\n|switch|p2a: Diancie|Diancie|95\/100 brn\n|turn|33\n|c|\u2606Blitzburgh|gg\n|\n|t:|1651605192\n|move|p2a: Diancie|Explosion|p1a: Sableye\n|-immune|p1a: Sableye\n|faint|p2a: Diancie\n|\n|win|Blitzburgh\n|n|\u2606Blitzburgh|blitzburgh\n|n|\u2606xskelly34|xskelly34\n|n|*Lady Monita \u273f|ladymonita\n|n| BB-8-NU|bb8nu\n|n| atharvplayspokemon|atharvplayspokemon\n|n| TakingNotesKinda|takingnoteskinda\n|n| fearlessgod|fearlessgod\n|n| PokeArt2004\u2764|pokeart2004\n|n| No dyna club|nodynaclub\n|n| Apprenti Buck|apprentibuck\n|n| envi kevin|envikevin\n","uploadtime":1651605194,"views":6,"p1id":"blitzburgh","p2id":"xskelly34","formatid":"gen8nu","rating":0,"private":0,"password":null}