{"id":"gen8ou-1621615780","p1":"dracaufeu shiny","p2":"MagicMushroomish","format":"gen8ou","log":"|j|\u2606dracaufeu shiny\n|j|\u2606MagicMushroomish\n|t:|1658349708\n|gametype|singles\n|player|p1|dracaufeu shiny|red|1452\n|player|p2|MagicMushroomish|red|1440\n|teamsize|p1|6\n|teamsize|p2|6\n|gen|8\n|tier|[Gen 8] OU\n|rated|\n|rule|Sleep Clause Mod: Limit one foe put to sleep\n|rule|Species Clause: Limit one of each Pok\u00e9mon\n|rule|OHKO Clause: OHKO moves are banned\n|rule|Evasion Moves Clause: Evasion moves are banned\n|rule|Endless Battle Clause: Forcing endless battles is banned\n|rule|HP Percentage Mod: HP is shown in percentages\n|rule|Dynamax Clause: You cannot dynamax\n|clearpoke\n|poke|p1|Mandibuzz, F|\n|poke|p1|Toxapex, F|\n|poke|p1|Landorus-Therian, M|\n|poke|p1|Melmetal|\n|poke|p1|Zapdos-Galar|\n|poke|p1|Regieleki|\n|poke|p2|Charizard, F|\n|poke|p2|Blastoise, F|\n|poke|p2|Venusaur, F|\n|poke|p2|Ninetales, F|\n|poke|p2|Espeon, F|\n|poke|p2|Pikachu, F|\n|teampreview\n|inactive|Battle timer is ON: inactive players will automatically lose when time's up. (requested by MagicMushroomish)\n|\n|t:|1658349721\n|start\n|switch|p1a: Regieleki|Regieleki|100\/100\n|switch|p2a: Espeon|Espeon, F|100\/100\n|turn|1\n|\n|t:|1658349748\n|switch|p2a: Pikachu|Pikachu, F|100\/100\n|move|p1a: Regieleki|Thunder Cage|p2a: Pikachu\n|-ability|p2a: Pikachu|Lightning Rod|boost\n|-boost|p2a: Pikachu|spa|1\n|\n|upkeep\n|turn|2\n|\n|t:|1658349770\n|switch|p1a: Landorus|Landorus-Therian, M|100\/100\n|-ability|p1a: Landorus|Intimidate|boost\n|-unboost|p2a: Pikachu|atk|1\n|move|p2a: Pikachu|Extreme Speed|p1a: Landorus\n|-damage|p1a: Landorus|78\/100\n|\n|-heal|p1a: Landorus|84\/100|[from] item: Leftovers\n|upkeep\n|turn|3\n|\n|t:|1658349774\n|switch|p2a: Espeon|Espeon, F|100\/100\n|move|p1a: Landorus|Stealth Rock|p2a: Espeon\n|move|p2a: Espeon|Stealth Rock|p1a: Landorus|[from]ability: Magic Bounce\n|-sidestart|p1: dracaufeu shiny|move: Stealth Rock\n|\n|-heal|p1a: Landorus|90\/100|[from] item: Leftovers\n|upkeep\n|turn|4\n|\n|t:|1658349779\n|move|p2a: Espeon|Dazzling Gleam|p1a: Landorus\n|-damage|p1a: Landorus|60\/100\n|move|p1a: Landorus|U-turn|p2a: Espeon\n|-supereffective|p2a: Espeon\n|-damage|p2a: Espeon|19\/100\n|\n|t:|1658349785\n|switch|p1a: Melmetal|Melmetal|100\/100|[from]move: U-turn\n|-damage|p1a: Melmetal|94\/100|[from] Stealth Rock\n|\n|upkeep\n|turn|5\n|\n|t:|1658349789\n|switch|p2a: Ninetales|Ninetales, F|100\/100\n|-weather|SunnyDay|[from] ability: Drought|[of] p2a: Ninetales\n|move|p1a: Melmetal|Double Iron Bash|p2a: Ninetales\n|-resisted|p2a: Ninetales\n|-damage|p2a: Ninetales|68\/100\n|-resisted|p2a: Ninetales\n|-damage|p2a: Ninetales|37\/100\n|-hitcount|p2a: Ninetales|2\n|\n|-weather|SunnyDay|[upkeep]\n|upkeep\n|turn|6\n|\n|t:|1658349794\n|switch|p2a: Pikachu|Pikachu, F|100\/100\n|switch|p1a: Toxapex|Toxapex, F|100\/100\n|-damage|p1a: Toxapex|88\/100|[from] Stealth Rock\n|\n|-weather|SunnyDay|[upkeep]\n|-heal|p1a: Toxapex|94\/100|[from] item: Black Sludge\n|upkeep\n|turn|7\n|\n|t:|1658349805\n|switch|p2a: Charizard|Charizard, F|100\/100\n|move|p1a: Toxapex|Knock Off|p2a: Charizard\n|-damage|p2a: Charizard|79\/100\n|-enditem|p2a: Charizard|Choice Scarf|[from] move: Knock Off|[of] p1a: Toxapex\n|\n|-weather|SunnyDay|[upkeep]\n|-damage|p2a: Charizard|67\/100|[from] ability: Solar Power|[of] p2a: Charizard\n|-heal|p1a: Toxapex|100\/100|[from] item: Black Sludge\n|upkeep\n|turn|8\n|inactive|MagicMushroomish has 120 seconds left.\n|\n|t:|1658349847\n|move|p2a: Charizard|Fire Blast|p1a: Toxapex\n|-resisted|p1a: Toxapex\n|-damage|p1a: Toxapex|57\/100\n|move|p1a: Toxapex|Recover|p1a: Toxapex\n|-heal|p1a: Toxapex|100\/100\n|\n|-weather|SunnyDay|[upkeep]\n|-damage|p2a: Charizard|54\/100|[from] ability: Solar Power|[of] p2a: Charizard\n|upkeep\n|turn|9\n|\n|t:|1658349853\n|switch|p2a: Pikachu|Pikachu, F|100\/100\n|move|p1a: Toxapex|Knock Off|p2a: Pikachu\n|-damage|p2a: Pikachu|53\/100\n|-enditem|p2a: Pikachu|Light Ball|[from] move: Knock Off|[of] p1a: Toxapex\n|\n|-weather|SunnyDay|[upkeep]\n|upkeep\n|turn|10\n|\n|t:|1658349859\n|switch|p1a: Landorus|Landorus-Therian, M|60\/100\n|-damage|p1a: Landorus|48\/100|[from] Stealth Rock\n|-ability|p1a: Landorus|Intimidate|boost\n|-unboost|p2a: Pikachu|atk|1\n|move|p2a: Pikachu|Volt Tackle|p1a: Landorus\n|-immune|p1a: Landorus\n|\n|-weather|SunnyDay|[upkeep]\n|-heal|p1a: Landorus|54\/100|[from] item: Leftovers\n|upkeep\n|turn|11\n|\n|t:|1658349863\n|move|p2a: Pikachu|Fake Out||[still]\n|-hint|Fake Out only works on your first turn out.\n|-fail|p2a: Pikachu\n|move|p1a: Landorus|U-turn|p2a: Pikachu\n|-damage|p2a: Pikachu|0 fnt\n|faint|p2a: Pikachu\n|\n|t:|1658349870\n|switch|p1a: Mandibuzz|Mandibuzz, F|100\/100|[from]move: U-turn\n|\n|-weather|SunnyDay|[upkeep]\n|upkeep\n|\n|t:|1658349889\n|switch|p2a: Blastoise|Blastoise, F|100\/100\n|turn|12\n|\n|t:|1658349894\n|switch|p2a: Espeon|Espeon, F|19\/100\n|move|p1a: Mandibuzz|Foul Play|p2a: Espeon\n|-supereffective|p2a: Espeon\n|-damage|p2a: Espeon|0 fnt\n|faint|p2a: Espeon\n|\n|-weather|none\n|upkeep\n|\n|t:|1658349898\n|switch|p2a: Ninetales|Ninetales, F|37\/100\n|-weather|SunnyDay|[from] ability: Drought|[of] p2a: Ninetales\n|turn|13\n|\n|t:|1658349901\n|move|p2a: Ninetales|Flamethrower|p1a: Mandibuzz\n|-damage|p1a: Mandibuzz|65\/100\n|move|p1a: Mandibuzz|Defog|p2a: Ninetales\n|-unboost|p2a: Ninetales|evasion|1\n|-sideend|p1: dracaufeu shiny|Stealth Rock|[from] move: Defog|[of] p1a: Mandibuzz\n|\n|-weather|SunnyDay|[upkeep]\n|upkeep\n|turn|14\n|\n|t:|1658349906\n|move|p2a: Ninetales|Nasty Plot|p2a: Ninetales\n|-boost|p2a: Ninetales|spa|2\n|move|p1a: Mandibuzz|U-turn|p2a: Ninetales\n|-resisted|p2a: Ninetales\n|-damage|p2a: Ninetales|28\/100\n|\n|t:|1658349910\n|switch|p1a: Regieleki|Regieleki|100\/100|[from]move: U-turn\n|\n|-weather|SunnyDay|[upkeep]\n|upkeep\n|turn|15\n|\n|t:|1658349914\n|move|p1a: Regieleki|Volt Switch|p2a: Ninetales\n|-damage|p2a: Ninetales|0 fnt\n|faint|p2a: Ninetales\n|\n|t:|1658349918\n|switch|p1a: Toxapex|Toxapex, F|100\/100|[from]move: Volt Switch\n|\n|-weather|SunnyDay|[upkeep]\n|upkeep\n|\n|t:|1658349922\n|switch|p2a: Venusaur|Venusaur, F|100\/100\n|turn|16\n|\n|t:|1658349931\n|move|p2a: Venusaur|Growth|p2a: Venusaur\n|-boost|p2a: Venusaur|atk|2\n|-boost|p2a: Venusaur|spa|2\n|move|p1a: Toxapex|Haze|p1a: Toxapex\n|-clearallboost\n|\n|-weather|SunnyDay|[upkeep]\n|upkeep\n|turn|17\n|\n|t:|1658349935\n|switch|p1a: Mandibuzz|Mandibuzz, F|65\/100\n|move|p2a: Venusaur|Earth Power|p1a: Mandibuzz\n|-immune|p1a: Mandibuzz\n|\n|-weather|SunnyDay|[upkeep]\n|upkeep\n|turn|18\n|\n|t:|1658349938\n|move|p2a: Venusaur|Growth|p2a: Venusaur\n|-boost|p2a: Venusaur|atk|2\n|-boost|p2a: Venusaur|spa|2\n|move|p1a: Mandibuzz|Roost|p1a: Mandibuzz\n|-heal|p1a: Mandibuzz|100\/100\n|-singleturn|p1a: Mandibuzz|move: Roost\n|\n|-weather|SunnyDay|[upkeep]\n|upkeep\n|turn|19\n|\n|t:|1658349941\n|move|p2a: Venusaur|Weather Ball|p1a: Mandibuzz\n|-damage|p1a: Mandibuzz|8\/100\n|-damage|p2a: Venusaur|91\/100|[from] item: Life Orb\n|move|p1a: Mandibuzz|Foul Play|p2a: Venusaur\n|-damage|p2a: Venusaur|32\/100\n|\n|-weather|SunnyDay|[upkeep]\n|upkeep\n|turn|20\n|\n|t:|1658349945\n|move|p2a: Venusaur|Giga Drain|p1a: Mandibuzz\n|-resisted|p1a: Mandibuzz\n|-damage|p1a: Mandibuzz|0 fnt\n|-heal|p2a: Venusaur|37\/100|[from] drain|[of] p1a: Mandibuzz\n|faint|p1a: Mandibuzz\n|-damage|p2a: Venusaur|27\/100|[from] item: Life Orb\n|\n|-weather|none\n|upkeep\n|\n|t:|1658349952\n|switch|p1a: Regieleki|Regieleki|100\/100\n|turn|21\n|\n|t:|1658349956\n|move|p1a: Regieleki|Thunderbolt|p2a: Venusaur\n|-resisted|p2a: Venusaur\n|-damage|p2a: Venusaur|0 fnt\n|faint|p2a: Venusaur\n|\n|upkeep\n|\n|t:|1658349959\n|switch|p2a: Blastoise|Blastoise, F|100\/100\n|turn|22\n|\n|t:|1658349968\n|move|p1a: Regieleki|Thunderbolt|p2a: Blastoise\n|-supereffective|p2a: Blastoise\n|-enditem|p2a: Blastoise|Focus Sash\n|-damage|p2a: Blastoise|1\/100\n|move|p2a: Blastoise|Shell Smash|p2a: Blastoise\n|-unboost|p2a: Blastoise|def|1\n|-unboost|p2a: Blastoise|spd|1\n|-boost|p2a: Blastoise|atk|2\n|-boost|p2a: Blastoise|spa|2\n|-boost|p2a: Blastoise|spe|2\n|\n|upkeep\n|turn|23\n|\n|t:|1658349972\n|switch|p1a: Toxapex|Toxapex, F|100\/100\n|move|p2a: Blastoise|Surf|p1a: Toxapex\n|-resisted|p1a: Toxapex\n|-damage|p1a: Toxapex|56\/100\n|\n|-heal|p1a: Toxapex|63\/100|[from] item: Black Sludge\n|upkeep\n|turn|24\n|\n|t:|1658349975\n|move|p2a: Blastoise|Dark Pulse|p1a: Toxapex\n|-damage|p1a: Toxapex|30\/100\n|cant|p1a: Toxapex|flinch\n|\n|-heal|p1a: Toxapex|37\/100|[from] item: Black Sludge\n|upkeep\n|turn|25\n|\n|t:|1658349979\n|switch|p1a: Landorus|Landorus-Therian, M|54\/100\n|-ability|p1a: Landorus|Intimidate|boost\n|-unboost|p2a: Blastoise|atk|1\n|move|p2a: Blastoise|Surf|p1a: Landorus\n|-supereffective|p1a: Landorus\n|-damage|p1a: Landorus|0 fnt\n|faint|p1a: Landorus\n|\n|upkeep\n|\n|t:|1658349981\n|switch|p1a: Toxapex|Toxapex, F|70\/100\n|turn|26\n|\n|t:|1658349984\n|move|p2a: Blastoise|Dark Pulse|p1a: Toxapex\n|-damage|p1a: Toxapex|36\/100\n|cant|p1a: Toxapex|flinch\n|\n|-heal|p1a: Toxapex|42\/100|[from] item: Black Sludge\n|upkeep\n|turn|27\n|\n|t:|1658349993\n|move|p2a: Blastoise|Surf|p1a: Toxapex\n|-resisted|p1a: Toxapex\n|-damage|p1a: Toxapex|0 fnt\n|faint|p1a: Toxapex\n|\n|upkeep\n|\n|t:|1658349997\n|switch|p1a: Melmetal|Melmetal|94\/100\n|turn|28\n|\n|t:|1658350000\n|move|p2a: Blastoise|Surf|p1a: Melmetal\n|-damage|p1a: Melmetal|0 fnt\n|faint|p1a: Melmetal\n|\n|upkeep\n|\n|t:|1658350004\n|switch|p1a: Regieleki|Regieleki|100\/100\n|turn|29\n|\n|t:|1658350007\n|move|p2a: Blastoise|Surf|p1a: Regieleki\n|-damage|p1a: Regieleki|0 fnt\n|faint|p1a: Regieleki\n|\n|upkeep\n|\n|t:|1658350009\n|switch|p1a: Zapdos|Zapdos-Galar|100\/100\n|turn|30\n|\n|t:|1658350012\n|move|p2a: Blastoise|Surf|p1a: Zapdos\n|-damage|p1a: Zapdos|0 fnt\n|faint|p1a: Zapdos\n|\n|win|MagicMushroomish\n|raw|dracaufeu shiny's rating: 1452 &rarr; <strong>1431<\/strong><br \/>(-21 for losing)\n|raw|MagicMushroomish's rating: 1440 &rarr; <strong>1461<\/strong><br \/>(+21 for winning)\n|c|\u2606MagicMushroomish|gg..\n|l|\u2606dracaufeu shiny\n","uploadtime":1658350026,"views":9,"p1id":"dracaufeushiny","p2id":"magicmushroomish","formatid":"gen8ou","rating":1431,"private":0,"password":null}