{"id":"gen8balancedhackmons-1648132576","p1":"ahmber \u2764","p2":"Redflix","format":"gen8balancedhackmons","log":"|j|\u203dahmber \u2764\n|j|\u2606Redflix\n|t:|1661453416\n|gametype|singles\n|player|p1|ahmber \u2764|parasollady-gen6|1536\n|player|p2|Redflix|erika|1745\n|teamsize|p1|6\n|teamsize|p2|6\n|gen|8\n|tier|[Gen 8] Balanced Hackmons\n|rated|\n|rule|OHKO Clause: OHKO moves are banned\n|rule|Evasion Moves Clause: Evasion moves are banned\n|rule|Forme Clause: Limit one of each forme of a Pok\u00e9mon\n|rule|HP Percentage Mod: HP is shown in percentages\n|rule|Dynamax Clause: You cannot dynamax\n|rule|Sleep Clause: Sleep-inducing moves are banned\n|rule|Endless Battle Clause: Forcing endless battles is banned\n|clearpoke\n|poke|p1|Kyogre|\n|poke|p1|Dialga|\n|poke|p1|Xerneas-*|\n|poke|p1|Palkia|\n|poke|p1|Eternatus|\n|poke|p1|Chansey, F|\n|poke|p2|Chansey, F|\n|poke|p2|Kyogre|\n|poke|p2|Xerneas-*|\n|poke|p2|Zamazenta-Crowned|\n|poke|p2|Snorlax, F|\n|poke|p2|Eternatus|\n|teampreview\n|inactive|Battle timer is ON: inactive players will automatically lose when time's up. (requested by ahmber \u2764)\n|j| a loser testing\n|c|\u2606Redflix|why are u locked\n|c|\u2606Redflix|?_?\n|c| a loser testing|got banned\n|c|\u2606Redflix|ahhh\n|inactive|ahmber \u2764 has 120 seconds left.\n|inactive|Redflix has 120 seconds left.\n|\n|t:|1661453452\n|start\n|switch|p1a: Palkia|Palkia|100\/100\n|switch|p2a: Snorlax|Snorlax, F|100\/100\n|turn|1\n|\n|t:|1661453455\n|move|p2a: Snorlax|King's Shield|p2a: Snorlax\n|-singleturn|p2a: Snorlax|Protect\n|move|p1a: Palkia|Nuzzle|p2a: Snorlax\n|-activate|p2a: Snorlax|move: Protect\n|-unboost|p1a: Palkia|atk|1\n|\n|-status|p1a: Palkia|tox|[from] item: Toxic Orb\n|-status|p2a: Snorlax|tox|[from] item: Toxic Orb\n|upkeep\n|turn|2\n|j| Tea Guzzler\n|\n|t:|1661453463\n|switch|p1a: Dialga|Dialga|100\/100\n|move|p2a: Snorlax|Knock Off|p1a: Dialga\n|-damage|p1a: Dialga|91\/100\n|-enditem|p1a: Dialga|Leftovers|[from] move: Knock Off|[of] p2a: Snorlax\n|\n|upkeep\n|turn|3\n|j| turtleisfluffy3\n|\n|t:|1661453478\n|switch|p2a: Kyogre|Kyogre|100\/100\n|move|p1a: Dialga|Anchor Shot|p2a: Kyogre\n|-resisted|p2a: Kyogre\n|-damage|p2a: Kyogre|86\/100\n|-activate|p2a: Kyogre|trapped\n|\n|-heal|p2a: Kyogre|93\/100|[from] item: Leftovers\n|upkeep\n|turn|4\n|\n|t:|1661453487\n|move|p1a: Dialga|Core Enforcer|p2a: Kyogre\n|-damage|p2a: Kyogre|79\/100\n|move|p2a: Kyogre|Nuzzle|p1a: Dialga\n|-resisted|p1a: Dialga\n|-damage|p1a: Dialga|90\/100\n|-status|p1a: Dialga|par\n|\n|-heal|p2a: Kyogre|85\/100|[from] item: Leftovers\n|upkeep\n|turn|5\n|\n|t:|1661453492\n|move|p2a: Kyogre|Flip Turn|p1a: Dialga\n|-resisted|p1a: Dialga\n|-damage|p1a: Dialga|86\/100 par\n|\n|t:|1661453495\n|switch|p2a: Snorlax|Snorlax, F|100\/100 tox|[from]move: Flip Turn\n|move|p1a: Dialga|Core Enforcer|p2a: Snorlax\n|-damage|p2a: Snorlax|74\/100 tox\n|\n|-heal|p2a: Snorlax|86\/100 tox|[from] ability: Poison Heal\n|upkeep\n|turn|6\n|\n|t:|1661453504\n|move|p2a: Snorlax|Bulk Up|p2a: Snorlax\n|-boost|p2a: Snorlax|atk|1\n|-boost|p2a: Snorlax|def|1\n|move|p1a: Dialga|Core Enforcer|p2a: Snorlax\n|-damage|p2a: Snorlax|58\/100 tox\n|-endability|p2a: Snorlax\n|\n|-damage|p2a: Snorlax|46\/100 tox|[from] psn\n|upkeep\n|turn|7\n|\n|t:|1661453516\n|switch|p2a: Kyogre|Kyogre|85\/100\n|move|p1a: Dialga|Anchor Shot|p2a: Kyogre\n|-resisted|p2a: Kyogre\n|-damage|p2a: Kyogre|70\/100\n|-activate|p2a: Kyogre|trapped\n|\n|-heal|p2a: Kyogre|76\/100|[from] item: Leftovers\n|upkeep\n|turn|8\n|j| Pokemh\n|\n|t:|1661453523\n|switch|p1a: Palkia|Palkia|100\/100 tox\n|move|p2a: Kyogre|Flip Turn|p1a: Palkia\n|-resisted|p1a: Palkia\n|-damage|p1a: Palkia|96\/100 tox\n|\n|t:|1661453530\n|switch|p2a: Xerneas|Xerneas|100\/100|[from]move: Flip Turn\n|\n|-heal|p1a: Palkia|100\/100 tox|[from] ability: Poison Heal\n|upkeep\n|turn|9\n|\n|t:|1661453534\n|switch|p1a: Kyogre|Kyogre|100\/100\n|move|p2a: Xerneas|Boomburst|p1a: Kyogre\n|-damage|p1a: Kyogre|62\/100\n|\n|upkeep\n|turn|10\n|\n|t:|1661453539\n|move|p2a: Xerneas|Volt Switch|p1a: Kyogre\n|-supereffective|p1a: Kyogre\n|-damage|p1a: Kyogre|41\/100\n|\n|t:|1661453541\n|switch|p2a: Snorlax|Snorlax, F|46\/100 tox|[from]move: Volt Switch\n|move|p1a: Kyogre|U-turn|p2a: Snorlax\n|-damage|p2a: Snorlax|32\/100 tox\n|\n|t:|1661453545\n|switch|p1a: Palkia|Palkia|100\/100 tox|[from]move: U-turn\n|\n|-heal|p2a: Snorlax|44\/100 tox|[from] ability: Poison Heal\n|upkeep\n|turn|11\n|\n|t:|1661453548\n|move|p2a: Snorlax|King's Shield|p2a: Snorlax\n|-singleturn|p2a: Snorlax|Protect\n|move|p1a: Palkia|Swords Dance|p1a: Palkia\n|-boost|p1a: Palkia|atk|2\n|\n|-heal|p2a: Snorlax|57\/100 tox|[from] ability: Poison Heal\n|upkeep\n|turn|12\n|\n|t:|1661453569\n|switch|p2a: Zamazenta|Zamazenta-Crowned|100\/100\n|move|p1a: Palkia|Fishious Rend|p2a: Zamazenta\n|-damage|p2a: Zamazenta|58\/100\n|-damage|p1a: Palkia|84\/100 tox|[from] item: Rocky Helmet|[of] p2a: Zamazenta\n|\n|-heal|p1a: Palkia|96\/100 tox|[from] ability: Poison Heal\n|upkeep\n|turn|13\n|\n|t:|1661453574\n|move|p2a: Zamazenta|Low Kick|p1a: Palkia\n|-damage|p1a: Palkia|50\/100 tox\n|move|p1a: Palkia|Nuzzle|p2a: Zamazenta\n|-damage|p2a: Zamazenta|55\/100\n|-status|p2a: Zamazenta|par\n|-damage|p1a: Palkia|34\/100 tox|[from] item: Rocky Helmet|[of] p2a: Zamazenta\n|\n|-heal|p1a: Palkia|46\/100 tox|[from] ability: Poison Heal\n|upkeep\n|turn|14\n|\n|t:|1661453580\n|move|p1a: Palkia|Fishious Rend|p2a: Zamazenta\n|-damage|p2a: Zamazenta|15\/100 par\n|-damage|p1a: Palkia|29\/100 tox|[from] item: Rocky Helmet|[of] p2a: Zamazenta\n|move|p2a: Zamazenta|Low Kick|p1a: Palkia\n|-damage|p1a: Palkia|0 fnt\n|faint|p1a: Palkia\n|\n|upkeep\n|\n|t:|1661453582\n|switch|p1a: Xerneas|Xerneas|100\/100\n|turn|15\n|\n|t:|1661453585\n|switch|p2a: Kyogre|Kyogre|76\/100\n|move|p1a: Xerneas|Volt Switch|p2a: Kyogre\n|-supereffective|p2a: Kyogre\n|-damage|p2a: Kyogre|64\/100\n|\n|t:|1661453590\n|switch|p1a: Eternatus|Eternatus|100\/100|[from]move: Volt Switch\n|\n|-heal|p2a: Kyogre|70\/100|[from] item: Leftovers\n|upkeep\n|turn|16\n|\n|t:|1661453593\n|move|p1a: Eternatus|Nasty Plot|p1a: Eternatus\n|-boost|p1a: Eternatus|spa|4\n|move|p2a: Kyogre|Nuzzle|p1a: Eternatus\n|-resisted|p1a: Eternatus\n|-damage|p1a: Eternatus|99\/100\n|-status|p1a: Eternatus|par\n|-enditem|p1a: Eternatus|Lum Berry|[eat]\n|-curestatus|p1a: Eternatus|par|[msg]\n|\n|-heal|p2a: Kyogre|76\/100|[from] item: Leftovers\n|upkeep\n|turn|17\n|\n|t:|1661453596\n|move|p1a: Eternatus|Core Enforcer|p2a: Kyogre\n|-damage|p2a: Kyogre|39\/100\n|move|p2a: Kyogre|Nuzzle|p1a: Eternatus\n|-resisted|p1a: Eternatus\n|-crit|p1a: Eternatus\n|-damage|p1a: Eternatus|96\/100\n|-status|p1a: Eternatus|par\n|\n|-heal|p2a: Kyogre|45\/100|[from] item: Leftovers\n|upkeep\n|turn|18\n|\n|t:|1661453599\n|move|p1a: Eternatus|Core Enforcer|p2a: Kyogre\n|-damage|p2a: Kyogre|3\/100\n|move|p2a: Kyogre|Shore Up|p2a: Kyogre\n|-heal|p2a: Kyogre|53\/100\n|\n|-heal|p2a: Kyogre|59\/100|[from] item: Leftovers\n|upkeep\n|turn|19\n|\n|t:|1661453604\n|move|p1a: Eternatus|Nasty Plot|p1a: Eternatus\n|-boost|p1a: Eternatus|spa|2\n|move|p2a: Kyogre|Shore Up|p2a: Kyogre\n|-heal|p2a: Kyogre|100\/100\n|\n|upkeep\n|turn|20\n|\n|t:|1661453608\n|move|p1a: Eternatus|Core Enforcer|p2a: Kyogre\n|-damage|p2a: Kyogre|46\/100\n|move|p2a: Kyogre|Flip Turn|p1a: Eternatus\n|-resisted|p1a: Eternatus\n|-damage|p1a: Eternatus|89\/100 par\n|\n|t:|1661453610\n|switch|p2a: Chansey|Chansey, F|100\/100|[from]move: Flip Turn\n|-transform|p2a: Chansey|p1a: Eternatus|[from] ability: Imposter\n|\n|upkeep\n|turn|21\n|\n|t:|1661453615\n|switch|p1a: Xerneas|Xerneas|100\/100\n|move|p2a: Chansey|Core Enforcer|p1a: Xerneas\n|-immune|p1a: Xerneas\n|\n|upkeep\n|turn|22\n|\n|t:|1661453618\n|switch|p1a: Kyogre|Kyogre|75\/100\n|move|p2a: Chansey|Blue Flare|p1a: Kyogre\n|-resisted|p1a: Kyogre\n|-damage|p1a: Kyogre|41\/100\n|\n|upkeep\n|turn|23\n|\n|t:|1661453621\n|switch|p1a: Xerneas|Xerneas|100\/100\n|move|p2a: Chansey|Core Enforcer|p1a: Xerneas\n|-immune|p1a: Xerneas\n|\n|upkeep\n|turn|24\n|\n|t:|1661453625\n|move|p2a: Chansey|Blue Flare|p1a: Xerneas\n|-damage|p1a: Xerneas|0 fnt\n|faint|p1a: Xerneas\n|\n|upkeep\n|\n|t:|1661453627\n|switch|p1a: Chansey|Chansey, F|100\/100\n|turn|25\n|\n|t:|1661453630\n|switch|p2a: Zamazenta|Zamazenta-Crowned|15\/100 par\n|move|p1a: Chansey|Topsy-Turvy||[still]\n|-fail|p1a: Chansey\n|\n|upkeep\n|turn|26\n|\n|t:|1661453633\n|switch|p1a: Kyogre|Kyogre|74\/100\n|move|p2a: Zamazenta|Slack Off|p2a: Zamazenta\n|-heal|p2a: Zamazenta|65\/100 par\n|\n|upkeep\n|turn|27\n|\n|t:|1661453636\n|move|p2a: Zamazenta|Spikes|p1a: Kyogre\n|-sidestart|p1: ahmber \u2764|Spikes\n|move|p1a: Kyogre|Origin Pulse|p2a: Zamazenta|[miss]\n|-miss|p1a: Kyogre|p2a: Zamazenta\n|\n|upkeep\n|turn|28\n|-message|ahmber \u2764 forfeited.\n|\n|win|Redflix\n|raw|ahmber \u2764's rating: 1536 &rarr; <strong>1527<\/strong><br \/>(-9 for losing)\n|raw|Redflix's rating: 1745 &rarr; <strong>1754<\/strong><br \/>(+9 for winning)\n|l|\u2606Redflix\n","uploadtime":1661453648,"views":40,"p1id":"ahmber","p2id":"redflix","formatid":"gen8balancedhackmons","rating":1527,"private":0,"password":null}