{"id":"gen8nationaldex-1604321067","p1":"fishy8995","p2":"alb199","format":"gen8nationaldex","log":"|j|\u2606fishy8995\n|j|\u2606alb199\n|t:|1656210976\n|gametype|singles\n|player|p1|fishy8995|101|1656\n|player|p2|alb199|veteran|1721\n|teamsize|p1|6\n|teamsize|p2|6\n|gen|8\n|tier|[Gen 8] National Dex\n|rated|\n|rule|HP Percentage Mod: HP is shown in percentages\n|rule|Endless Battle Clause: Forcing endless battles is banned\n|rule|OHKO Clause: OHKO moves are banned\n|rule|Evasion Moves Clause: Evasion moves are banned\n|rule|Species Clause: Limit one of each Pok\u00e9mon\n|rule|Dynamax Clause: You cannot dynamax\n|rule|Sleep Clause Mod: Limit one foe put to sleep\n|clearpoke\n|poke|p1|Hippowdon, F|\n|poke|p1|Tyranitar, M|\n|poke|p1|Excadrill, M|\n|poke|p1|Yanmega, M|\n|poke|p1|Toxapex, F|\n|poke|p1|Dracozolt|\n|poke|p2|Lopunny, M|\n|poke|p2|Ferrothorn, M|\n|poke|p2|Zapdos|\n|poke|p2|Tapu Fini|\n|poke|p2|Heatran, M|\n|poke|p2|Mamoswine, F|\n|teampreview\n|\n|t:|1656210981\n|start\n|switch|p1a: Tyranitar|Tyranitar, M|100\/100\n|switch|p2a: Mamoswine|Mamoswine, F|100\/100\n|-weather|Sandstorm|[from] ability: Sand Stream|[of] p1a: Tyranitar\n|turn|1\n|j| MiThree\n|inactive|Battle timer is ON: inactive players will automatically lose when time's up. (requested by alb199)\n|\n|t:|1656211072\n|detailschange|p1a: Tyranitar|Tyranitar-Mega, M\n|-mega|p1a: Tyranitar|Tyranitar|Tyranitarite\n|move|p2a: Mamoswine|Earthquake|p1a: Tyranitar\n|-supereffective|p1a: Tyranitar\n|-damage|p1a: Tyranitar|0 fnt\n|faint|p1a: Tyranitar\n|\n|-weather|Sandstorm|[upkeep]\n|upkeep\n|\n|t:|1656211077\n|switch|p1a: Yanmega|Yanmega, M|100\/100\n|turn|2\n|\n|t:|1656211080\n|switch|p1a: Excadrill|Excadrill, M|100\/100\n|switch|p2a: Zapdos|Zapdos|100\/100\n|\n|-weather|Sandstorm|[upkeep]\n|-damage|p2a: Zapdos|94\/100|[from] Sandstorm\n|upkeep\n|turn|3\n|\n|t:|1656211083\n|move|p1a: Excadrill|Swords Dance|p1a: Excadrill\n|-boost|p1a: Excadrill|atk|2\n|move|p2a: Zapdos|Heat Wave|p1a: Excadrill\n|-supereffective|p1a: Excadrill\n|-damage|p1a: Excadrill|25\/100\n|\n|-weather|Sandstorm|[upkeep]\n|-damage|p2a: Zapdos|88\/100|[from] Sandstorm\n|upkeep\n|turn|4\n|\n|t:|1656211087\n|move|p1a: Excadrill|Rock Slide|p2a: Zapdos|[miss]\n|-miss|p1a: Excadrill|p2a: Zapdos\n|move|p2a: Zapdos|Heat Wave|p1a: Excadrill\n|-supereffective|p1a: Excadrill\n|-damage|p1a: Excadrill|0 fnt\n|faint|p1a: Excadrill\n|\n|-weather|Sandstorm|[upkeep]\n|-damage|p2a: Zapdos|82\/100|[from] Sandstorm\n|upkeep\n|\n|t:|1656211089\n|switch|p1a: Dracozolt|Dracozolt|100\/100\n|turn|5\n|\n|t:|1656211094\n|switch|p2a: Ferrothorn|Ferrothorn, M|100\/100\n|move|p1a: Dracozolt|Flamethrower|p2a: Ferrothorn\n|-supereffective|p2a: Ferrothorn\n|-damage|p2a: Ferrothorn|47\/100\n|-damage|p1a: Dracozolt|91\/100|[from] item: Life Orb\n|\n|-weather|none\n|-heal|p2a: Ferrothorn|54\/100|[from] item: Leftovers\n|upkeep\n|turn|6\n|\n|t:|1656211099\n|move|p1a: Dracozolt|Flamethrower|p2a: Ferrothorn\n|-supereffective|p2a: Ferrothorn\n|-damage|p2a: Ferrothorn|0 fnt\n|faint|p2a: Ferrothorn\n|-damage|p1a: Dracozolt|81\/100|[from] item: Life Orb\n|\n|upkeep\n|j| Publix Lemonade\n|\n|t:|1656211105\n|switch|p2a: Mamoswine|Mamoswine, F|100\/100\n|turn|7\n|\n|t:|1656211107\n|switch|p1a: Hippowdon|Hippowdon, F|100\/100\n|-weather|Sandstorm|[from] ability: Sand Stream|[of] p1a: Hippowdon\n|move|p2a: Mamoswine|Icicle Crash|p1a: Hippowdon\n|-supereffective|p1a: Hippowdon\n|-damage|p1a: Hippowdon|33\/100\n|\n|-weather|Sandstorm|[upkeep]\n|upkeep\n|turn|8\n|\n|t:|1656211112\n|switch|p1a: Toxapex|Toxapex, F|100\/100\n|move|p2a: Mamoswine|Icicle Crash|p1a: Toxapex\n|-resisted|p1a: Toxapex\n|-damage|p1a: Toxapex|75\/100\n|\n|-weather|Sandstorm|[upkeep]\n|-damage|p1a: Toxapex|69\/100|[from] Sandstorm\n|-heal|p1a: Toxapex|75\/100|[from] item: Black Sludge\n|upkeep\n|turn|9\n|\n|t:|1656211115\n|switch|p2a: Heatran|Heatran, M|100\/100\n|move|p1a: Toxapex|Stockpile|p1a: Toxapex\n|-start|p1a: Toxapex|stockpile1\n|-boost|p1a: Toxapex|def|1\n|-boost|p1a: Toxapex|spd|1\n|\n|-weather|Sandstorm|[upkeep]\n|-damage|p1a: Toxapex|69\/100|[from] Sandstorm\n|-heal|p1a: Toxapex|75\/100|[from] item: Black Sludge\n|upkeep\n|turn|10\n|\n|t:|1656211120\n|move|p2a: Heatran|Earth Power|p1a: Toxapex\n|-supereffective|p1a: Toxapex\n|-damage|p1a: Toxapex|34\/100\n|move|p1a: Toxapex|Scald|p2a: Heatran\n|-supereffective|p2a: Heatran\n|-damage|p2a: Heatran|67\/100\n|\n|-weather|Sandstorm|[upkeep]\n|-damage|p1a: Toxapex|28\/100|[from] Sandstorm\n|-heal|p1a: Toxapex|34\/100|[from] item: Black Sludge\n|upkeep\n|turn|11\n|\n|t:|1656211126\n|switch|p1a: Yanmega|Yanmega, M|100\/100\n|move|p2a: Heatran|Magma Storm|p1a: Yanmega\n|-supereffective|p1a: Yanmega\n|-crit|p1a: Yanmega\n|-damage|p1a: Yanmega|0 fnt\n|faint|p1a: Yanmega\n|\n|-weather|Sandstorm|[upkeep]\n|upkeep\n|\n|t:|1656211129\n|switch|p1a: Dracozolt|Dracozolt|81\/100\n|turn|12\n|\n|t:|1656211141\n|switch|p2a: Mamoswine|Mamoswine, F|100\/100\n|move|p1a: Dracozolt|Earthquake|p2a: Mamoswine\n|-damage|p2a: Mamoswine|52\/100\n|-damage|p1a: Dracozolt|71\/100|[from] item: Life Orb\n|\n|-weather|Sandstorm|[upkeep]\n|upkeep\n|turn|13\n|\n|t:|1656211146\n|move|p2a: Mamoswine|Ice Shard|p1a: Dracozolt\n|-supereffective|p1a: Dracozolt\n|-damage|p1a: Dracozolt|0 fnt\n|faint|p1a: Dracozolt\n|\n|-weather|Sandstorm|[upkeep]\n|upkeep\n|\n|t:|1656211148\n|switch|p1a: Toxapex|Toxapex, F|67\/100\n|turn|14\n|\n|t:|1656211152\n|switch|p2a: Tapu Fini|Tapu Fini|100\/100\n|-fieldstart|move: Misty Terrain|[from] ability: Misty Surge|[of] p2a: Tapu Fini\n|move|p1a: Toxapex|Stockpile|p1a: Toxapex\n|-start|p1a: Toxapex|stockpile1\n|-boost|p1a: Toxapex|def|1\n|-boost|p1a: Toxapex|spd|1\n|\n|-weather|none\n|-heal|p1a: Toxapex|74\/100|[from] item: Black Sludge\n|upkeep\n|turn|15\n|\n|t:|1656211154\n|switch|p1a: Hippowdon|Hippowdon, F|33\/100\n|-weather|Sandstorm|[from] ability: Sand Stream|[of] p1a: Hippowdon\n|move|p2a: Tapu Fini|Taunt|p1a: Hippowdon\n|-start|p1a: Hippowdon|move: Taunt\n|\n|-weather|Sandstorm|[upkeep]\n|-damage|p2a: Tapu Fini|94\/100|[from] Sandstorm\n|-heal|p2a: Tapu Fini|100\/100|[from] item: Leftovers\n|upkeep\n|turn|16\n|\n|t:|1656211157\n|switch|p1a: Toxapex|Toxapex, F|100\/100\n|move|p2a: Tapu Fini|Moonblast|p1a: Toxapex\n|-resisted|p1a: Toxapex\n|-damage|p1a: Toxapex|89\/100\n|\n|-weather|Sandstorm|[upkeep]\n|-damage|p2a: Tapu Fini|94\/100|[from] Sandstorm\n|-damage|p1a: Toxapex|82\/100|[from] Sandstorm\n|-heal|p2a: Tapu Fini|100\/100|[from] item: Leftovers\n|-heal|p1a: Toxapex|89\/100|[from] item: Black Sludge\n|upkeep\n|turn|17\n|\n|t:|1656211161\n|switch|p1a: Hippowdon|Hippowdon, F|33\/100\n|move|p2a: Tapu Fini|Taunt|p1a: Hippowdon\n|-start|p1a: Hippowdon|move: Taunt\n|\n|-weather|Sandstorm|[upkeep]\n|-damage|p2a: Tapu Fini|94\/100|[from] Sandstorm\n|-heal|p2a: Tapu Fini|100\/100|[from] item: Leftovers\n|upkeep\n|turn|18\n|\n|t:|1656211163\n|switch|p1a: Toxapex|Toxapex, F|100\/100\n|move|p2a: Tapu Fini|Moonblast|p1a: Toxapex\n|-resisted|p1a: Toxapex\n|-damage|p1a: Toxapex|89\/100\n|\n|-weather|Sandstorm|[upkeep]\n|-damage|p2a: Tapu Fini|94\/100|[from] Sandstorm\n|-damage|p1a: Toxapex|82\/100|[from] Sandstorm\n|-heal|p2a: Tapu Fini|100\/100|[from] item: Leftovers\n|-heal|p1a: Toxapex|89\/100|[from] item: Black Sludge\n|-fieldend|Misty Terrain\n|upkeep\n|turn|19\n|\n|t:|1656211165\n|switch|p1a: Hippowdon|Hippowdon, F|33\/100\n|move|p2a: Tapu Fini|Taunt|p1a: Hippowdon\n|-start|p1a: Hippowdon|move: Taunt\n|\n|-weather|Sandstorm|[upkeep]\n|-damage|p2a: Tapu Fini|94\/100|[from] Sandstorm\n|-heal|p2a: Tapu Fini|100\/100|[from] item: Leftovers\n|upkeep\n|turn|20\n|\n|t:|1656211166\n|switch|p1a: Toxapex|Toxapex, F|100\/100\n|move|p2a: Tapu Fini|Moonblast|p1a: Toxapex\n|-resisted|p1a: Toxapex\n|-damage|p1a: Toxapex|89\/100\n|\n|-weather|Sandstorm|[upkeep]\n|-damage|p2a: Tapu Fini|94\/100|[from] Sandstorm\n|-damage|p1a: Toxapex|82\/100|[from] Sandstorm\n|-heal|p2a: Tapu Fini|100\/100|[from] item: Leftovers\n|-heal|p1a: Toxapex|89\/100|[from] item: Black Sludge\n|upkeep\n|turn|21\n|\n|t:|1656211168\n|move|p2a: Tapu Fini|Nature's Madness|p1a: Toxapex\n|-damage|p1a: Toxapex|45\/100\n|move|p1a: Toxapex|Scald|p2a: Tapu Fini\n|-resisted|p2a: Tapu Fini\n|-damage|p2a: Tapu Fini|94\/100\n|\n|-weather|Sandstorm|[upkeep]\n|-damage|p2a: Tapu Fini|88\/100|[from] Sandstorm\n|-damage|p1a: Toxapex|39\/100|[from] Sandstorm\n|-heal|p2a: Tapu Fini|94\/100|[from] item: Leftovers\n|-heal|p1a: Toxapex|45\/100|[from] item: Black Sludge\n|upkeep\n|turn|22\n|\n|t:|1656211170\n|move|p2a: Tapu Fini|Taunt|p1a: Toxapex\n|-start|p1a: Toxapex|move: Taunt\n|move|p1a: Toxapex|Scald|p2a: Tapu Fini\n|-resisted|p2a: Tapu Fini\n|-damage|p2a: Tapu Fini|88\/100\n|-status|p2a: Tapu Fini|brn\n|\n|-weather|none\n|-heal|p2a: Tapu Fini|94\/100 brn|[from] item: Leftovers\n|-heal|p1a: Toxapex|51\/100|[from] item: Black Sludge\n|-damage|p2a: Tapu Fini|88\/100 brn|[from] brn\n|upkeep\n|turn|23\n|\n|t:|1656211172\n|switch|p1a: Hippowdon|Hippowdon, F|33\/100\n|-weather|Sandstorm|[from] ability: Sand Stream|[of] p1a: Hippowdon\n|move|p2a: Tapu Fini|Nature's Madness|p1a: Hippowdon\n|-damage|p1a: Hippowdon|17\/100\n|\n|-weather|Sandstorm|[upkeep]\n|-damage|p2a: Tapu Fini|82\/100 brn|[from] Sandstorm\n|-heal|p2a: Tapu Fini|88\/100 brn|[from] item: Leftovers\n|-damage|p2a: Tapu Fini|82\/100 brn|[from] brn\n|upkeep\n|turn|24\n|\n|t:|1656211174\n|switch|p1a: Toxapex|Toxapex, F|84\/100\n|move|p2a: Tapu Fini|Moonblast|p1a: Toxapex\n|-resisted|p1a: Toxapex\n|-damage|p1a: Toxapex|72\/100\n|-unboost|p1a: Toxapex|spa|1\n|\n|-weather|Sandstorm|[upkeep]\n|-damage|p2a: Tapu Fini|76\/100 brn|[from] Sandstorm\n|-damage|p1a: Toxapex|66\/100|[from] Sandstorm\n|-heal|p2a: Tapu Fini|82\/100 brn|[from] item: Leftovers\n|-heal|p1a: Toxapex|72\/100|[from] item: Black Sludge\n|-damage|p2a: Tapu Fini|76\/100 brn|[from] brn\n|upkeep\n|turn|25\n|\n|t:|1656211177\n|move|p2a: Tapu Fini|Nature's Madness|p1a: Toxapex\n|-damage|p1a: Toxapex|36\/100\n|move|p1a: Toxapex|Recover|p1a: Toxapex\n|-heal|p1a: Toxapex|86\/100\n|\n|-weather|Sandstorm|[upkeep]\n|-damage|p2a: Tapu Fini|70\/100 brn|[from] Sandstorm\n|-damage|p1a: Toxapex|80\/100|[from] Sandstorm\n|-heal|p2a: Tapu Fini|76\/100 brn|[from] item: Leftovers\n|-heal|p1a: Toxapex|86\/100|[from] item: Black Sludge\n|-damage|p2a: Tapu Fini|70\/100 brn|[from] brn\n|upkeep\n|turn|26\n|\n|t:|1656211180\n|switch|p1a: Hippowdon|Hippowdon, F|17\/100\n|move|p2a: Tapu Fini|Taunt|p1a: Hippowdon\n|-start|p1a: Hippowdon|move: Taunt\n|\n|-weather|Sandstorm|[upkeep]\n|-damage|p2a: Tapu Fini|64\/100 brn|[from] Sandstorm\n|-heal|p2a: Tapu Fini|70\/100 brn|[from] item: Leftovers\n|-damage|p2a: Tapu Fini|64\/100 brn|[from] brn\n|upkeep\n|turn|27\n|\n|t:|1656211182\n|switch|p1a: Toxapex|Toxapex, F|100\/100\n|move|p2a: Tapu Fini|Moonblast|p1a: Toxapex\n|-resisted|p1a: Toxapex\n|-damage|p1a: Toxapex|88\/100\n|-unboost|p1a: Toxapex|spa|1\n|\n|-weather|Sandstorm|[upkeep]\n|-damage|p2a: Tapu Fini|58\/100 brn|[from] Sandstorm\n|-damage|p1a: Toxapex|82\/100|[from] Sandstorm\n|-heal|p2a: Tapu Fini|64\/100 brn|[from] item: Leftovers\n|-heal|p1a: Toxapex|88\/100|[from] item: Black Sludge\n|-damage|p2a: Tapu Fini|58\/100 brn|[from] brn\n|upkeep\n|turn|28\n|\n|t:|1656211185\n|move|p2a: Tapu Fini|Nature's Madness|p1a: Toxapex\n|-damage|p1a: Toxapex|44\/100\n|move|p1a: Toxapex|Recover|p1a: Toxapex\n|-heal|p1a: Toxapex|94\/100\n|\n|-weather|Sandstorm|[upkeep]\n|-damage|p2a: Tapu Fini|52\/100 brn|[from] Sandstorm\n|-damage|p1a: Toxapex|88\/100|[from] Sandstorm\n|-heal|p2a: Tapu Fini|58\/100 brn|[from] item: Leftovers\n|-heal|p1a: Toxapex|94\/100|[from] item: Black Sludge\n|-damage|p2a: Tapu Fini|52\/100 brn|[from] brn\n|upkeep\n|turn|29\n|\n|t:|1656211187\n|switch|p2a: Heatran|Heatran, M|67\/100\n|move|p1a: Toxapex|Scald|p2a: Heatran\n|-supereffective|p2a: Heatran\n|-damage|p2a: Heatran|44\/100\n|\n|-weather|Sandstorm|[upkeep]\n|-damage|p1a: Toxapex|88\/100|[from] Sandstorm\n|-heal|p1a: Toxapex|94\/100|[from] item: Black Sludge\n|upkeep\n|turn|30\n|\n|t:|1656211190\n|move|p2a: Heatran|Stealth Rock|p1a: Toxapex\n|-sidestart|p1: fishy8995|move: Stealth Rock\n|move|p1a: Toxapex|Recover|p1a: Toxapex\n|-heal|p1a: Toxapex|100\/100\n|\n|-weather|none\n|upkeep\n|turn|31\n|\n|t:|1656211192\n|move|p2a: Heatran|Earth Power|p1a: Toxapex\n|-supereffective|p1a: Toxapex\n|-damage|p1a: Toxapex|50\/100\n|move|p1a: Toxapex|Recover|p1a: Toxapex\n|-heal|p1a: Toxapex|99\/100\n|\n|-heal|p1a: Toxapex|100\/100|[from] item: Black Sludge\n|upkeep\n|turn|32\n|\n|t:|1656211195\n|move|p2a: Heatran|Earth Power|p1a: Toxapex\n|-supereffective|p1a: Toxapex\n|-crit|p1a: Toxapex\n|-damage|p1a: Toxapex|18\/100\n|move|p1a: Toxapex|Stockpile|p1a: Toxapex\n|-start|p1a: Toxapex|stockpile1\n|-boost|p1a: Toxapex|def|1\n|-boost|p1a: Toxapex|spd|1\n|\n|-heal|p1a: Toxapex|24\/100|[from] item: Black Sludge\n|upkeep\n|turn|33\n|\n|t:|1656211198\n|switch|p1a: Hippowdon|Hippowdon, F|17\/100\n|-damage|p1a: Hippowdon|11\/100|[from] Stealth Rock\n|-weather|Sandstorm|[from] ability: Sand Stream|[of] p1a: Hippowdon\n|move|p2a: Heatran|Earth Power|p1a: Hippowdon\n|-damage|p1a: Hippowdon|0 fnt\n|faint|p1a: Hippowdon\n|\n|-weather|Sandstorm|[upkeep]\n|upkeep\n|\n|t:|1656211199\n|switch|p1a: Toxapex|Toxapex, F|57\/100\n|-damage|p1a: Toxapex|45\/100|[from] Stealth Rock\n|turn|34\n|c|\u2606alb199|gg\n|\n|t:|1656211202\n|move|p2a: Heatran|Earth Power|p1a: Toxapex\n|-supereffective|p1a: Toxapex\n|-damage|p1a: Toxapex|0 fnt\n|faint|p1a: Toxapex\n|\n|win|alb199\n|raw|fishy8995's rating: 1632 &rarr; <strong>1617<\/strong><br \/>(-15 for losing)\n|raw|alb199's rating: 1721 &rarr; <strong>1736<\/strong><br \/>(+15 for winning)\n|l|\u2606fishy8995\n||Ladder isn't responding, score probably updated but might not have (Request timeout).\n","uploadtime":1656211208,"views":4,"p1id":"fishy8995","p2id":"alb199","formatid":"gen8nationaldex","rating":1617,"private":0,"password":null}