{"id":"gen8ou-1692212693","p1":"bramitoboy","p2":"HQSNonsense","format":"gen8ou","log":"|html|<div class=\"broadcast-blue\"><strong>[Gen 8] OU is currently suspecting Melmetal! For information on how to participate check out the <a href=\"https:\/\/www.smogon.com\/forums\/threads\/np-ss-ou-suspect-process-round-12-monster-mash.3709234\/\">suspect thread<\/a>.<\/strong><\/div>\n|j|\u2606bramitoboy\n|j|\u2606HQSNonsense\n|t:|1666462464\n|gametype|singles\n|player|p1|bramitoboy|265|1805\n|player|p2|HQSNonsense|veteranf|1705\n|teamsize|p1|6\n|teamsize|p2|6\n|gen|8\n|tier|[Gen 8] OU\n|rated|\n|rule|Sleep Clause Mod: Limit one foe put to sleep\n|rule|Species Clause: Limit one of each Pok\u00e9mon\n|rule|OHKO Clause: OHKO moves are banned\n|rule|Evasion Items Clause: Evasion items are banned\n|rule|Evasion Moves Clause: Evasion moves are banned\n|rule|Endless Battle Clause: Forcing endless battles is banned\n|rule|HP Percentage Mod: HP is shown in percentages\n|rule|Dynamax Clause: You cannot dynamax\n|clearpoke\n|poke|p1|Zarude-Dada|\n|poke|p1|Keldeo-Resolute|\n|poke|p1|Tapu Lele|\n|poke|p1|Tapu Koko|\n|poke|p1|Heatran, M|\n|poke|p1|Landorus-Therian, M|\n|poke|p2|Dragapult, F|\n|poke|p2|Weavile, F|\n|poke|p2|Rillaboom, M|\n|poke|p2|Nihilego|\n|poke|p2|Garchomp, M|\n|poke|p2|Celesteela|\n|teampreview\n|inactive|Battle timer is ON: inactive players will automatically lose when time's up. (requested by HQSNonsense)\n|j| SigmaMW\n|j| JoeDirtt\n|\n|t:|1666462496\n|start\n|switch|p1a: Tapu Lele|Tapu Lele|100\/100\n|switch|p2a: Garchomp|Garchomp, M|100\/100\n|-fieldstart|move: Psychic Terrain|[from] ability: Psychic Surge|[of] p1a: Tapu Lele\n|turn|1\n|\n|t:|1666462502\n|move|p2a: Garchomp|Stealth Rock|p1a: Tapu Lele\n|-sidestart|p1: bramitoboy|move: Stealth Rock\n|move|p1a: Tapu Lele|Thunderbolt|p2a: Garchomp\n|-immune|p2a: Garchomp\n|\n|upkeep\n|turn|2\n|\n|t:|1666462507\n|move|p2a: Garchomp|Earthquake|p1a: Tapu Lele\n|-damage|p1a: Tapu Lele|24\/100\n|move|p1a: Tapu Lele|Moonblast|p2a: Garchomp\n|-supereffective|p2a: Garchomp\n|-damage|p2a: Garchomp|0 fnt\n|faint|p2a: Garchomp\n|\n|upkeep\n|\n|t:|1666462520\n|switch|p2a: Weavile|Weavile, F|100\/100\n|-ability|p2a: Weavile|Pressure\n|turn|3\n|\n|t:|1666462525\n|switch|p1a: Keldeo|Keldeo-Resolute|100\/100\n|-damage|p1a: Keldeo|94\/100|[from] Stealth Rock\n|move|p2a: Weavile|Knock Off|p1a: Keldeo\n|-resisted|p1a: Keldeo\n|-damage|p1a: Keldeo|57\/100\n|-ability|p1a: Keldeo|Justified|boost\n|-boost|p1a: Keldeo|atk|1\n|-enditem|p1a: Keldeo|Leftovers|[from] move: Knock Off|[of] p2a: Weavile\n|-damage|p2a: Weavile|91\/100|[from] item: Life Orb\n|\n|upkeep\n|turn|4\n|j| BabyPigsAreLaughin\n|\n|t:|1666462539\n|switch|p2a: Dragapult|Dragapult, F|100\/100\n|switch|p1a: Tapu Koko|Tapu Koko|100\/100\n|-damage|p1a: Tapu Koko|88\/100|[from] Stealth Rock\n|-fieldstart|move: Electric Terrain|[from] ability: Electric Surge|[of] p1a: Tapu Koko\n|\n|upkeep\n|turn|5\n|\n|t:|1666462545\n|switch|p2a: Nihilego|Nihilego|100\/100\n|move|p1a: Tapu Koko|Dazzling Gleam|p2a: Nihilego\n|-resisted|p2a: Nihilego\n|-damage|p2a: Nihilego|86\/100\n|\n|upkeep\n|turn|6\n|\n|t:|1666462550\n|switch|p1a: Tapu Lele|Tapu Lele|24\/100\n|-damage|p1a: Tapu Lele|11\/100|[from] Stealth Rock\n|-fieldstart|move: Psychic Terrain|[from] ability: Psychic Surge|[of] p1a: Tapu Lele\n|move|p2a: Nihilego|Meteor Beam||[still]\n|-prepare|p2a: Nihilego|Meteor Beam\n|-boost|p2a: Nihilego|spa|1\n|-enditem|p2a: Nihilego|Power Herb\n|-anim|p2a: Nihilego|Meteor Beam|p1a: Tapu Lele\n|-damage|p1a: Tapu Lele|0 fnt\n|faint|p1a: Tapu Lele\n|-ability|p2a: Nihilego|Beast Boost|boost\n|-boost|p2a: Nihilego|spe|1\n|\n|upkeep\n|\n|t:|1666462553\n|switch|p1a: Heatran|Heatran, M|100\/100\n|-damage|p1a: Heatran|88\/100|[from] Stealth Rock\n|-item|p1a: Heatran|Air Balloon\n|turn|7\n|\n|t:|1666462560\n|move|p2a: Nihilego|Power Gem|p1a: Heatran\n|-damage|p1a: Heatran|39\/100\n|-enditem|p1a: Heatran|Air Balloon\n|move|p1a: Heatran|Earth Power|p2a: Nihilego\n|-supereffective|p2a: Nihilego\n|-damage|p2a: Nihilego|0 fnt\n|faint|p2a: Nihilego\n|\n|upkeep\n|j| gen8agtrol1\n|\n|t:|1666462576\n|switch|p2a: Weavile|Weavile, F|91\/100\n|-ability|p2a: Weavile|Pressure\n|turn|8\n|l| SigmaMW\n|\n|t:|1666462583\n|switch|p1a: Landorus|Landorus-Therian, M|100\/100\n|-damage|p1a: Landorus|88\/100|[from] Stealth Rock\n|-ability|p1a: Landorus|Intimidate|boost\n|-unboost|p2a: Weavile|atk|1\n|move|p2a: Weavile|Low Kick|p1a: Landorus\n|-resisted|p1a: Landorus\n|-damage|p1a: Landorus|78\/100\n|-damage|p2a: Weavile|74\/100|[from] item: Rocky Helmet|[of] p1a: Landorus\n|-damage|p2a: Weavile|64\/100|[from] item: Life Orb\n|\n|upkeep\n|turn|9\n|\n|t:|1666462588\n|switch|p1a: Keldeo|Keldeo-Resolute|57\/100\n|-damage|p1a: Keldeo|51\/100|[from] Stealth Rock\n|move|p2a: Weavile|Ice Shard|p1a: Keldeo\n|-activate|p1a: Keldeo|move: Psychic Terrain\n|\n|upkeep\n|turn|10\n|\n|t:|1666462595\n|switch|p2a: Dragapult|Dragapult, F|100\/100\n|switch|p1a: Tapu Koko|Tapu Koko|88\/100\n|-damage|p1a: Tapu Koko|76\/100|[from] Stealth Rock\n|-fieldstart|move: Electric Terrain|[from] ability: Electric Surge|[of] p1a: Tapu Koko\n|\n|upkeep\n|turn|11\n|j| alpha10soccer\n|\n|t:|1666462600\n|move|p1a: Tapu Koko|Volt Switch|p2a: Dragapult\n|-resisted|p2a: Dragapult\n|-damage|p2a: Dragapult|74\/100\n|\n|t:|1666462604\n|switch|p1a: Zarude|Zarude-Dada|100\/100|[from]move: Volt Switch\n|-damage|p1a: Zarude|88\/100|[from] Stealth Rock\n|move|p2a: Dragapult|Dragon Dance|p2a: Dragapult\n|-boost|p2a: Dragapult|atk|1\n|-boost|p2a: Dragapult|spe|1\n|\n|-heal|p2a: Dragapult|81\/100|[from] item: Leftovers\n|upkeep\n|turn|12\n|\n|t:|1666462614\n|switch|p1a: Tapu Koko|Tapu Koko|76\/100\n|-damage|p1a: Tapu Koko|63\/100|[from] Stealth Rock\n|move|p2a: Dragapult|Dragon Darts|p1a: Tapu Koko\n|-immune|p1a: Tapu Koko\n|\n|-heal|p2a: Dragapult|87\/100|[from] item: Leftovers\n|upkeep\n|turn|13\n|\n|t:|1666462624\n|move|p1a: Tapu Koko|Dazzling Gleam|p2a: Dragapult\n|-supereffective|p2a: Dragapult\n|-damage|p2a: Dragapult|0 fnt\n|faint|p2a: Dragapult\n|\n|upkeep\n|\n|t:|1666462632\n|switch|p2a: Rillaboom|Rillaboom, M|100\/100\n|-fieldstart|move: Grassy Terrain|[from] ability: Grassy Surge|[of] p2a: Rillaboom\n|turn|14\n|\n|t:|1666462639\n|switch|p1a: Landorus|Landorus-Therian, M|78\/100\n|-damage|p1a: Landorus|66\/100|[from] Stealth Rock\n|-ability|p1a: Landorus|Intimidate|boost\n|-unboost|p2a: Rillaboom|atk|1\n|move|p2a: Rillaboom|Swords Dance|p2a: Rillaboom\n|-boost|p2a: Rillaboom|atk|2\n|\n|upkeep\n|turn|15\n|\n|t:|1666462645\n|move|p2a: Rillaboom|Grassy Glide|p1a: Landorus\n|-damage|p1a: Landorus|0 fnt\n|-damage|p2a: Rillaboom|84\/100|[from] item: Rocky Helmet|[of] p1a: Landorus\n|faint|p1a: Landorus\n|-damage|p2a: Rillaboom|74\/100|[from] item: Life Orb\n|\n|-heal|p2a: Rillaboom|80\/100|[from] Grassy Terrain\n|upkeep\n|\n|t:|1666462652\n|switch|p1a: Zarude|Zarude-Dada|88\/100\n|-damage|p1a: Zarude|75\/100|[from] Stealth Rock\n|turn|16\n|\n|t:|1666462655\n|move|p1a: Zarude|Darkest Lariat|p2a: Rillaboom\n|-damage|p2a: Rillaboom|18\/100\n|-damage|p1a: Zarude|66\/100|[from] item: Life Orb\n|move|p2a: Rillaboom|Drain Punch|p1a: Zarude\n|-supereffective|p1a: Zarude\n|-damage|p1a: Zarude|0 fnt\n|-heal|p2a: Rillaboom|52\/100|[from] drain|[of] p1a: Zarude\n|faint|p1a: Zarude\n|-damage|p2a: Rillaboom|42\/100|[from] item: Life Orb\n|\n|-heal|p2a: Rillaboom|48\/100|[from] Grassy Terrain\n|upkeep\n|j| glutexos\n|\n|t:|1666462659\n|switch|p1a: Tapu Koko|Tapu Koko|63\/100\n|-damage|p1a: Tapu Koko|51\/100|[from] Stealth Rock\n|-fieldstart|move: Electric Terrain|[from] ability: Electric Surge|[of] p1a: Tapu Koko\n|turn|17\n|\n|t:|1666462664\n|switch|p2a: Weavile|Weavile, F|64\/100\n|-ability|p2a: Weavile|Pressure\n|move|p1a: Tapu Koko|Volt Switch|p2a: Weavile\n|-damage|p2a: Weavile|2\/100\n|\n|t:|1666462668\n|switch|p1a: Keldeo|Keldeo-Resolute|51\/100|[from]move: Volt Switch\n|-damage|p1a: Keldeo|45\/100|[from] Stealth Rock\n|\n|upkeep\n|turn|18\n|\n|t:|1666462671\n|switch|p1a: Heatran|Heatran, M|39\/100\n|-damage|p1a: Heatran|26\/100|[from] Stealth Rock\n|move|p2a: Weavile|Low Kick|p1a: Heatran\n|-supereffective|p1a: Heatran\n|-damage|p1a: Heatran|0 fnt\n|faint|p1a: Heatran\n|-damage|p2a: Weavile|0 fnt|[from] item: Life Orb\n|faint|p2a: Weavile\n|\n|upkeep\n|\n|t:|1666462681\n|switch|p2a: Rillaboom|Rillaboom, M|48\/100\n|switch|p1a: Tapu Koko|Tapu Koko|51\/100\n|-damage|p1a: Tapu Koko|38\/100|[from] Stealth Rock\n|-fieldstart|move: Grassy Terrain|[from] ability: Grassy Surge|[of] p2a: Rillaboom\n|turn|19\n|\n|t:|1666462688\n|switch|p1a: Keldeo|Keldeo-Resolute|45\/100\n|-damage|p1a: Keldeo|38\/100|[from] Stealth Rock\n|move|p2a: Rillaboom|Grassy Glide|p1a: Keldeo\n|-supereffective|p1a: Keldeo\n|-crit|p1a: Keldeo\n|-damage|p1a: Keldeo|0 fnt\n|faint|p1a: Keldeo\n|-damage|p2a: Rillaboom|38\/100|[from] item: Life Orb\n|\n|-heal|p2a: Rillaboom|44\/100|[from] Grassy Terrain\n|upkeep\n|-message|bramitoboy forfeited.\n|\n|win|HQSNonsense\n|raw|bramitoboy's rating: 1805 &rarr; <strong>1779<\/strong><br \/>(-26 for losing)\n|raw|HQSNonsense's rating: 1705 &rarr; <strong>1731<\/strong><br \/>(+26 for winning)\n|l|\u2606bramitoboy\n|l| gen8agtrol1\n|l| BabyPigsAreLaughin\n||Ladder isn't responding, score probably updated but might not have (Request timeout).\n","uploadtime":1666462695,"views":15,"p1id":"bramitoboy","p2id":"hqsnonsense","formatid":"gen8ou","rating":1731,"private":0,"password":null}