{"id":"gen8ou-1055458014","p1":"Burnt Bright","p2":"YT=The Zard Hunter","format":"gen8ou","log":"|j|\u2606Burnt Bright\n|j|\u2606YT=The Zard Hunter\n|player|p1|Burnt Bright|226|1599\n|player|p2|YT=The Zard Hunter|266|1653\n|teamsize|p1|6\n|teamsize|p2|6\n|gametype|singles\n|gen|8\n|tier|[Gen 8] OU\n|rated|\n|clearpoke\n|poke|p1|Morpeko, F|\n|poke|p1|Corviknight, F|\n|poke|p1|Gengar, F|\n|poke|p1|Ditto|\n|poke|p1|Grimmsnarl, M|\n|poke|p1|Froslass, F|\n|poke|p2|Diggersby, M|\n|poke|p2|Conkeldurr, M|\n|poke|p2|Aegislash, M|\n|poke|p2|Seismitoad, M|\n|poke|p2|Dragapult, M|\n|poke|p2|Corviknight, F|\n|rule|Sleep Clause Mod: Limit one foe put to sleep\n|rule|Species Clause: Limit one of each Pok\u00e9mon\n|rule|OHKO Clause: OHKO moves are banned\n|rule|Evasion Moves Clause: Evasion moves are banned\n|rule|Endless Battle Clause: Forcing endless battles is banned\n|rule|HP Percentage Mod: HP is shown in percentages\n|rule|Dynamax Clause: You cannot dynamax\n|teampreview\n|inactive|Battle timer is ON: inactive players will automatically lose when time's up. (requested by YT=The Zard Hunter)\n|\n|start\n|switch|p1a: Froslass|Froslass, F|100\/100\n|switch|p2a: Dragapult|Dragapult, M|100\/100\n|turn|1\n|\n|move|p2a: Dragapult|U-turn|p1a: Froslass\n|-resisted|p1a: Froslass\n|-damage|p1a: Froslass|86\/100\n|\n|switch|p2a: Conkeldurr|Conkeldurr, M|100\/100|[from]move: U-turn\n|move|p1a: Froslass|Spikes|p2a: Conkeldurr\n|-sidestart|p2: YT=The Zard Hunter|Spikes\n|\n|-status|p2a: Conkeldurr|brn|[from] item: Flame Orb\n|upkeep\n|turn|2\n|\n|move|p1a: Froslass|Spikes|p2a: Conkeldurr\n|-sidestart|p2: YT=The Zard Hunter|Spikes\n|move|p2a: Conkeldurr|Earthquake|p1a: Froslass\n|-damage|p1a: Froslass|0 fnt\n|faint|p1a: Froslass\n|\n|-damage|p2a: Conkeldurr|95\/100 brn|[from] brn\n|upkeep\n|inactive|Burnt Bright has 120 seconds left.\n|j| gen8isHOTgarbage\n|inactive|Burnt Bright has 90 seconds left.\n|\n|switch|p1a: Grimmsnarl|Grimmsnarl, M|100\/100\n|turn|3\n|inactive|Burnt Bright has 90 seconds left.\n|\n|switch|p2a: Corviknight|Corviknight, F|100\/100\n|-ability|p2a: Corviknight|Pressure\n|move|p1a: Grimmsnarl|Bulk Up|p1a: Grimmsnarl\n|-boost|p1a: Grimmsnarl|atk|1\n|-boost|p1a: Grimmsnarl|def|1\n|\n|upkeep\n|turn|4\n|\n|move|p1a: Grimmsnarl|Bulk Up|p1a: Grimmsnarl\n|-boost|p1a: Grimmsnarl|atk|1\n|-boost|p1a: Grimmsnarl|def|1\n|move|p2a: Corviknight|Defog|p1a: Grimmsnarl\n|-unboost|p1a: Grimmsnarl|evasion|1\n|-sideend|p2: YT=The Zard Hunter|Spikes|[from] move: Defog|[of] p2a: Corviknight\n|\n|upkeep\n|turn|5\n|inactive|Burnt Bright has 90 seconds left.\n|\n|move|p1a: Grimmsnarl|Bulk Up|p1a: Grimmsnarl\n|-boost|p1a: Grimmsnarl|atk|1\n|-boost|p1a: Grimmsnarl|def|1\n|move|p2a: Corviknight|U-turn|p1a: Grimmsnarl\n|-damage|p1a: Grimmsnarl|93\/100\n|\n|switch|p2a: Aegislash|Aegislash, M|100\/100|[from]move: U-turn\n|\n|upkeep\n|turn|6\n|\n|move|p1a: Grimmsnarl|Sucker Punch|p2a: Aegislash\n|-supereffective|p2a: Aegislash\n|-damage|p2a: Aegislash|0 fnt\n|faint|p2a: Aegislash\n|\n|upkeep\n|\n|switch|p2a: Seismitoad|Seismitoad, M|100\/100\n|turn|7\n|\n|move|p1a: Grimmsnarl|Darkest Lariat|p2a: Seismitoad\n|-damage|p2a: Seismitoad|12\/100\n|move|p2a: Seismitoad|Toxic|p1a: Grimmsnarl\n|-status|p1a: Grimmsnarl|tox\n|-enditem|p1a: Grimmsnarl|Lum Berry|[eat]\n|-curestatus|p1a: Grimmsnarl|tox|[msg]\n|\n|-heal|p2a: Seismitoad|18\/100|[from] item: Leftovers\n|upkeep\n|turn|8\n|\n|move|p1a: Grimmsnarl|Spirit Break|p2a: Seismitoad\n|-damage|p2a: Seismitoad|0 fnt\n|faint|p2a: Seismitoad\n|\n|upkeep\n|\n|switch|p2a: Diggersby|Diggersby, M|100\/100\n|turn|9\n|\n|move|p2a: Diggersby|Quick Attack|p1a: Grimmsnarl\n|-damage|p1a: Grimmsnarl|71\/100\n|move|p1a: Grimmsnarl|Sucker Punch||[still]\n|-fail|p1a: Grimmsnarl\n|\n|upkeep\n|turn|10\n|-message|YT=The Zard Hunter forfeited.\n|\n|win|Burnt Bright\n|l|\u2606YT=The Zard Hunter\n|raw|Burnt Bright's rating: 1594 &rarr; <strong>1618<\/strong><br \/>(+24 for winning)\n|raw|YT=The Zard Hunter's rating: 1654 &rarr; <strong>1631<\/strong><br \/>(-23 for losing)\n|l| gen8isHOTgarbage\n","uploadtime":1580434721,"views":11,"p1id":"burntbright","p2id":"ytthezardhunter","formatid":"gen8ou","rating":1618,"private":0,"password":null}