{"id":"gen8nationaldex-1123269322","p1":"minemedown","p2":"cold.exe","format":"gen8nationaldex","log":"|j|\u2606minemedown\n|j|\u2606cold.exe\n|player|p1|minemedown|brock|1252\n|player|p2|cold.exe|whitney|1240\n|teamsize|p1|6\n|teamsize|p2|6\n|gametype|singles\n|gen|8\n|tier|[Gen 8] National Dex\n|rated|\n|clearpoke\n|poke|p1|Decidueye, M|\n|poke|p1|Magnezone|\n|poke|p1|Muk-Alola, M|\n|poke|p1|Cloyster, M|\n|poke|p1|Mimikyu, M|\n|poke|p1|Kommo-o, M|\n|poke|p2|Diggersby, M|\n|poke|p2|Dragonite, M|\n|poke|p2|Bisharp, F|\n|poke|p2|Rotom-Heat|\n|poke|p2|Gyarados, M|\n|poke|p2|Latios, M|\n|rule|HP Percentage Mod: HP is shown in percentages\n|rule|Endless Battle Clause: Forcing endless battles is banned\n|rule|OHKO Clause: OHKO moves are banned\n|rule|Evasion Moves Clause: Evasion moves are banned\n|rule|Species Clause: Limit one of each Pok\u00e9mon\n|rule|Dynamax Clause: You cannot dynamax\n|rule|Sleep Clause Mod: Limit one foe put to sleep\n|teampreview\n|\n|start\n|switch|p1a: Cloyster|Cloyster, M|100\/100\n|switch|p2a: Latios|Latios, M|100\/100\n|turn|1\n|\n|move|p2a: Latios|Thunderbolt|p1a: Cloyster\n|-supereffective|p1a: Cloyster\n|-damage|p1a: Cloyster|0 fnt\n|faint|p1a: Cloyster\n|\n|upkeep\n|\n|switch|p1a: Muk|Muk-Alola, M|100\/100\n|turn|2\n|inactive|Battle timer is ON: inactive players will automatically lose when time's up. (requested by cold.exe)\n|\n|switch|p2a: Rotom|Rotom-Heat|100\/100\n|move|p1a: Muk|Knock Off|p2a: Rotom\n|-damage|p2a: Rotom|33\/100\n|-enditem|p2a: Rotom|Heavy-Duty Boots|[from] move: Knock Off|[of] p1a: Muk\n|\n|upkeep\n|turn|3\n|\n|move|p2a: Rotom|Overheat|p1a: Muk\n|-damage|p1a: Muk|72\/100\n|-unboost|p2a: Rotom|spa|2\n|move|p1a: Muk|Poison Jab|p2a: Rotom\n|-damage|p2a: Rotom|0 fnt\n|faint|p2a: Rotom\n|\n|upkeep\n|\n|switch|p2a: Diggersby|Diggersby, M|100\/100\n|turn|4\n|\n|switch|p1a: Decidueye|Decidueye, M|100\/100\n|move|p2a: Diggersby|Earthquake|p1a: Decidueye\n|-resisted|p1a: Decidueye\n|-damage|p1a: Decidueye|22\/100\n|\n|upkeep\n|turn|5\n|inactive|cold.exe has 120 seconds left.\n|\n|switch|p2a: Latios|Latios, M|100\/100\n|move|p1a: Decidueye|U-turn|p2a: Latios\n|-supereffective|p2a: Latios\n|-damage|p2a: Latios|55\/100\n|\n|switch|p1a: Mimikyu|Mimikyu, M|100\/100|[from]move: U-turn\n|\n|upkeep\n|turn|6\n|\n|move|p2a: Latios|Thunderbolt|p1a: Mimikyu\n|-activate|p1a: Mimikyu|ability: Disguise\n|-damage|p1a: Mimikyu|100\/100\n|detailschange|p1a: Mimikyu|Mimikyu-Busted, M\n|-damage|p1a: Mimikyu|88\/100|[from] pokemon: Mimikyu-Busted\n|move|p1a: Mimikyu|Swords Dance|p1a: Mimikyu\n|-boost|p1a: Mimikyu|atk|2\n|\n|upkeep\n|turn|7\n|\n|move|p1a: Mimikyu|Shadow Sneak|p2a: Latios\n|-supereffective|p2a: Latios\n|-damage|p2a: Latios|0 fnt\n|-damage|p1a: Mimikyu|78\/100|[from] item: Life Orb\n|faint|p2a: Latios\n|\n|upkeep\n|inactive|cold.exe has 120 seconds left.\n|\n|switch|p2a: Bisharp|Bisharp, F|100\/100\n|turn|8\n|\n|move|p2a: Bisharp|Sucker Punch||[still]\n|-fail|p2a: Bisharp\n|move|p1a: Mimikyu|Swords Dance|p1a: Mimikyu\n|-boost|p1a: Mimikyu|atk|2\n|\n|upkeep\n|turn|9\n|\n|move|p2a: Bisharp|Sucker Punch|p1a: Mimikyu\n|-damage|p1a: Mimikyu|0 fnt\n|-damage|p2a: Bisharp|91\/100|[from] item: Life Orb\n|faint|p1a: Mimikyu\n|\n|upkeep\n|\n|switch|p1a: Kommo-o|Kommo-o, M|100\/100\n|turn|10\n|\n|-zpower|p1a: Kommo-o\n|move|p1a: Kommo-o|Clangorous Soulblaze|p2a: Bisharp|[zeffect]\n|-resisted|p2a: Bisharp\n|-damage|p2a: Bisharp|40\/100\n|-boost|p1a: Kommo-o|atk|1\n|-boost|p1a: Kommo-o|def|1\n|-boost|p1a: Kommo-o|spa|1\n|-boost|p1a: Kommo-o|spd|1\n|-boost|p1a: Kommo-o|spe|1\n|move|p2a: Bisharp|Iron Head|p1a: Kommo-o\n|-damage|p1a: Kommo-o|65\/100\n|-damage|p2a: Bisharp|30\/100|[from] item: Life Orb\n|\n|upkeep\n|turn|11\n|\n|move|p1a: Kommo-o|Close Combat|p2a: Bisharp\n|-supereffective|p2a: Bisharp\n|-damage|p2a: Bisharp|0 fnt\n|-unboost|p1a: Kommo-o|def|1\n|-unboost|p1a: Kommo-o|spd|1\n|faint|p2a: Bisharp\n|\n|upkeep\n|\n|switch|p2a: Dragonite|Dragonite, M|100\/100\n|turn|12\n|\n|move|p1a: Kommo-o|Outrage|p2a: Dragonite\n|-supereffective|p2a: Dragonite\n|-damage|p2a: Dragonite|2\/100\n|move|p2a: Dragonite|Dragon Dance|p2a: Dragonite\n|-boost|p2a: Dragonite|atk|1\n|-boost|p2a: Dragonite|spe|1\n|\n|upkeep\n|turn|13\n|\n|move|p2a: Dragonite|Extreme Speed|p1a: Kommo-o\n|-damage|p1a: Kommo-o|9\/100\n|move|p1a: Kommo-o|Outrage|p2a: Dragonite|[from]lockedmove\n|-supereffective|p2a: Dragonite\n|-damage|p2a: Dragonite|0 fnt\n|-start|p1a: Kommo-o|confusion|[fatigue]\n|faint|p2a: Dragonite\n|\n|upkeep\n|\n|switch|p2a: Gyarados|Gyarados, M, shiny|100\/100\n|-ability|p2a: Gyarados|Intimidate|boost\n|-unboost|p1a: Kommo-o|atk|1\n|turn|14\n|\n|-activate|p1a: Kommo-o|confusion\n|move|p1a: Kommo-o|Clanging Scales|p2a: Gyarados\n|-damage|p2a: Gyarados|39\/100\n|-unboost|p1a: Kommo-o|def|1\n|move|p2a: Gyarados|Dragon Dance|p2a: Gyarados\n|-boost|p2a: Gyarados|atk|1\n|-boost|p2a: Gyarados|spe|1\n|\n|upkeep\n|turn|15\n|\n|detailschange|p2a: Gyarados|Gyarados-Mega, M, shiny\n|-mega|p2a: Gyarados|Gyarados|Gyaradosite\n|-ability|p2a: Gyarados|Mold Breaker\n|-activate|p1a: Kommo-o|confusion\n|move|p1a: Kommo-o|Clanging Scales|p2a: Gyarados\n|-damage|p2a: Gyarados|0 fnt\n|-unboost|p1a: Kommo-o|def|1\n|faint|p2a: Gyarados\n|\n|upkeep\n|\n|switch|p2a: Diggersby|Diggersby, M|100\/100\n|turn|16\n|\n|-end|p1a: Kommo-o|confusion\n|move|p1a: Kommo-o|Close Combat|p2a: Diggersby\n|-supereffective|p2a: Diggersby\n|-damage|p2a: Diggersby|0 fnt\n|-unboost|p1a: Kommo-o|def|1\n|-unboost|p1a: Kommo-o|spd|1\n|faint|p2a: Diggersby\n|\n|win|minemedown\n|l|\u2606cold.exe\n|c|\u2606minemedown|gg\n","uploadtime":1590762241,"views":2,"p1id":"minemedown","p2id":"coldexe","formatid":"gen8nationaldex","rating":0,"private":0,"password":null}