{"id":"gen8ou-1607619684","p1":"SDK04","p2":"dracaufeu shiny","format":"gen8ou","log":"|j|\u2606SDK04\n|j|\u2606dracaufeu shiny\n|t:|1656618003\n|gametype|singles\n|player|p1|SDK04|nate|1422\n|player|p2|dracaufeu shiny|red|1401\n|teamsize|p1|6\n|teamsize|p2|6\n|gen|8\n|tier|[Gen 8] OU\n|rated|\n|rule|Sleep Clause Mod: Limit one foe put to sleep\n|rule|Species Clause: Limit one of each Pok\u00e9mon\n|rule|OHKO Clause: OHKO moves are banned\n|rule|Evasion Moves Clause: Evasion moves are banned\n|rule|Endless Battle Clause: Forcing endless battles is banned\n|rule|HP Percentage Mod: HP is shown in percentages\n|rule|Dynamax Clause: You cannot dynamax\n|clearpoke\n|poke|p1|Blacephalon|\n|poke|p1|Dragapult, M|\n|poke|p1|Weavile, M|\n|poke|p1|Ferrothorn, F|\n|poke|p1|Landorus-Therian, M|\n|poke|p1|Rotom-Wash|\n|poke|p2|Zapdos|\n|poke|p2|Blastoise, F|\n|poke|p2|Pelipper, F|\n|poke|p2|Seismitoad, F|\n|poke|p2|Ferrothorn, M|\n|poke|p2|Barraskewda, M|\n|teampreview\n|inactive|Battle timer is ON: inactive players will automatically lose when time's up. (requested by SDK04)\n|\n|t:|1656618018\n|start\n|switch|p1a: Dragapult|Dragapult, M|100\/100\n|switch|p2a: Pelipper|Pelipper, F|100\/100\n|-weather|RainDance|[from] ability: Drizzle|[of] p2a: Pelipper\n|turn|1\n|\n|t:|1656618031\n|switch|p2a: Ferrothorn|Ferrothorn, M|100\/100\n|move|p1a: Dragapult|U-turn|p2a: Ferrothorn\n|-damage|p2a: Ferrothorn|73\/100\n|-damage|p1a: Dragapult|88\/100|[from] ability: Iron Barbs|[of] p2a: Ferrothorn\n|\n|t:|1656618036\n|switch|p1a: Blacephalon|Blacephalon, shiny|100\/100|[from]move: U-turn\n|\n|-weather|RainDance|[upkeep]\n|-heal|p2a: Ferrothorn|79\/100|[from] item: Leftovers\n|upkeep\n|turn|2\n|\n|t:|1656618044\n|switch|p2a: Seismitoad|Seismitoad, F|100\/100\n|move|p1a: Blacephalon|Shadow Ball|p2a: Seismitoad\n|-damage|p2a: Seismitoad|12\/100\n|-unboost|p2a: Seismitoad|spd|1\n|\n|-weather|RainDance|[upkeep]\n|upkeep\n|turn|3\n|\n|t:|1656618054\n|switch|p1a: Rotom|Rotom-Wash, shiny|100\/100\n|move|p2a: Seismitoad|Stealth Rock|p1a: Rotom\n|-sidestart|p1: SDK04|move: Stealth Rock\n|\n|-weather|RainDance|[upkeep]\n|upkeep\n|turn|4\n|\n|t:|1656618062\n|move|p2a: Seismitoad|Weather Ball|p1a: Rotom\n|-resisted|p1a: Rotom\n|-damage|p1a: Rotom|64\/100\n|-damage|p2a: Seismitoad|2\/100|[from] item: Life Orb\n|move|p1a: Rotom|Hydro Pump|p2a: Seismitoad\n|-damage|p2a: Seismitoad|0 fnt\n|faint|p2a: Seismitoad\n|\n|-weather|RainDance|[upkeep]\n|-heal|p1a: Rotom|70\/100|[from] item: Leftovers\n|upkeep\n|\n|t:|1656618092\n|switch|p2a: Zapdos|Zapdos|100\/100\n|turn|5\n|\n|t:|1656618097\n|move|p2a: Zapdos|Thunder|p1a: Rotom\n|-damage|p1a: Rotom|28\/100\n|move|p1a: Rotom|Pain Split|p2a: Zapdos\n|-sethp|p2a: Zapdos|63\/100|[from] move: Pain Split|[silent]\n|-sethp|p1a: Rotom|67\/100|[from] move: Pain Split\n|\n|-weather|RainDance|[upkeep]\n|-heal|p1a: Rotom|73\/100|[from] item: Leftovers\n|upkeep\n|turn|6\n|\n|t:|1656618109\n|move|p2a: Zapdos|Weather Ball|p1a: Rotom\n|-resisted|p1a: Rotom\n|-damage|p1a: Rotom|54\/100\n|move|p1a: Rotom|Hydro Pump|p2a: Zapdos\n|-damage|p2a: Zapdos|0 fnt\n|faint|p2a: Zapdos\n|\n|-weather|RainDance|[upkeep]\n|-heal|p1a: Rotom|60\/100|[from] item: Leftovers\n|upkeep\n|\n|t:|1656618120\n|switch|p2a: Barraskewda|Barraskewda, M|100\/100\n|turn|7\n|inactive|SDK04 has 120 seconds left.\n|\n|t:|1656618151\n|move|p2a: Barraskewda|Close Combat|p1a: Rotom\n|-damage|p1a: Rotom|0 fnt\n|-unboost|p2a: Barraskewda|def|1\n|-unboost|p2a: Barraskewda|spd|1\n|faint|p1a: Rotom\n|\n|-weather|RainDance|[upkeep]\n|upkeep\n|\n|t:|1656618155\n|switch|p1a: Dragapult|Dragapult, M|88\/100\n|-damage|p1a: Dragapult|76\/100|[from] Stealth Rock\n|turn|8\n|\n|t:|1656618163\n|switch|p2a: Ferrothorn|Ferrothorn, M|79\/100\n|move|p1a: Dragapult|U-turn|p2a: Ferrothorn\n|-damage|p2a: Ferrothorn|54\/100\n|-damage|p1a: Dragapult|64\/100|[from] ability: Iron Barbs|[of] p2a: Ferrothorn\n|inactive|SDK04 has 120 seconds left.\n|\n|t:|1656618189\n|switch|p1a: Blacephalon|Blacephalon, shiny|100\/100|[from]move: U-turn\n|-damage|p1a: Blacephalon|76\/100|[from] Stealth Rock\n|\n|-weather|none\n|-heal|p2a: Ferrothorn|60\/100|[from] item: Leftovers\n|upkeep\n|turn|9\n|l|\u2606dracaufeu shiny\n|inactive|dracaufeu shiny disconnected and has a minute to reconnect!\n|player|p2|\n|j|\u2606dracaufeu shiny\n|inactive|dracaufeu shiny reconnected and has 145 seconds left.\n|player|p2|dracaufeu shiny|red\n|\n|t:|1656618200\n|switch|p2a: Pelipper|Pelipper, F|100\/100\n|-weather|RainDance|[from] ability: Drizzle|[of] p2a: Pelipper\n|move|p1a: Blacephalon|Shadow Ball|p2a: Pelipper\n|-damage|p2a: Pelipper|5\/100\n|\n|-weather|RainDance|[upkeep]\n|upkeep\n|turn|10\n|\n|t:|1656618215\n|switch|p2a: Ferrothorn|Ferrothorn, M|60\/100\n|move|p1a: Blacephalon|Shadow Ball|p2a: Ferrothorn\n|-damage|p2a: Ferrothorn|14\/100\n|\n|-weather|RainDance|[upkeep]\n|-heal|p2a: Ferrothorn|21\/100|[from] item: Leftovers\n|upkeep\n|turn|11\n|\n|t:|1656618224\n|move|p1a: Blacephalon|Shadow Ball|p2a: Ferrothorn\n|-damage|p2a: Ferrothorn|0 fnt\n|faint|p2a: Ferrothorn\n|-ability|p1a: Blacephalon|Beast Boost|boost\n|-boost|p1a: Blacephalon|spa|1\n|\n|-weather|RainDance|[upkeep]\n|upkeep\n|\n|t:|1656618235\n|switch|p2a: Barraskewda|Barraskewda, M|100\/100\n|turn|12\n|\n|t:|1656618239\n|switch|p1a: Ferrothorn|Ferrothorn, F|100\/100\n|-damage|p1a: Ferrothorn|95\/100|[from] Stealth Rock\n|move|p2a: Barraskewda|Flip Turn|p1a: Ferrothorn\n|-resisted|p1a: Ferrothorn\n|-damage|p1a: Ferrothorn|71\/100\n|-damage|p2a: Barraskewda|88\/100|[from] ability: Iron Barbs|[of] p1a: Ferrothorn\n|-damage|p2a: Barraskewda|72\/100|[from] item: Rocky Helmet|[of] p1a: Ferrothorn\n|\n|t:|1656618249\n|switch|p2a: Blastoise|Blastoise, F|100\/100|[from]move: Flip Turn\n|\n|-weather|RainDance|[upkeep]\n|upkeep\n|turn|13\n|\n|t:|1656618261\n|move|p2a: Blastoise|Shell Smash|p2a: Blastoise\n|-unboost|p2a: Blastoise|def|1\n|-unboost|p2a: Blastoise|spd|1\n|-boost|p2a: Blastoise|atk|2\n|-boost|p2a: Blastoise|spa|2\n|-boost|p2a: Blastoise|spe|2\n|move|p1a: Ferrothorn|Power Whip|p2a: Blastoise\n|-supereffective|p2a: Blastoise\n|-damage|p2a: Blastoise|0 fnt\n|faint|p2a: Blastoise\n|\n|-weather|RainDance|[upkeep]\n|upkeep\n|-message|dracaufeu shiny forfeited.\n|\n|win|SDK04\n|raw|SDK04's rating: 1422 &rarr; <strong>1441<\/strong><br \/>(+19 for winning)\n|raw|dracaufeu shiny's rating: 1401 &rarr; <strong>1382<\/strong><br \/>(-19 for losing)\n|l|\u2606dracaufeu shiny\n||Ladder isn't responding, score probably updated but might not have (Request timeout).\n","uploadtime":1656618271,"views":7,"p1id":"sdk04","p2id":"dracaufeushiny","formatid":"gen8ou","rating":1382,"private":0,"password":null}