{"id":"gen8ou-1612233474","p1":"ramixi0596","p2":"SKIP THE DRIP","format":"gen8ou","log":"|j|\u2606ramixi0596\n|j|\u2606SKIP THE DRIP\n|t:|1657201471\n|gametype|singles\n|player|p1|ramixi0596|candice|1677\n|player|p2|SKIP THE DRIP|policeman-gen4|1755\n|teamsize|p1|6\n|teamsize|p2|6\n|gen|8\n|tier|[Gen 8] OU\n|rated|\n|rule|Sleep Clause Mod: Limit one foe put to sleep\n|rule|Species Clause: Limit one of each Pok\u00e9mon\n|rule|OHKO Clause: OHKO moves are banned\n|rule|Evasion Moves Clause: Evasion moves are banned\n|rule|Endless Battle Clause: Forcing endless battles is banned\n|rule|HP Percentage Mod: HP is shown in percentages\n|rule|Dynamax Clause: You cannot dynamax\n|clearpoke\n|poke|p1|Weavile, M|\n|poke|p1|Urshifu-*, F|\n|poke|p1|Slowking-Galar, F|\n|poke|p1|Corviknight, F|\n|poke|p1|Gastrodon, F|\n|poke|p1|Clefable, M|\n|poke|p2|Melmetal|\n|poke|p2|Hatterene, F|\n|poke|p2|Kartana|\n|poke|p2|Mew|\n|poke|p2|Landorus-Therian, M|\n|poke|p2|Weavile, M|\n|teampreview\n|inactive|Battle timer is ON: inactive players will automatically lose when time's up. (requested by ramixi0596)\n|j| TOJK\n|j| IstanGen4\n|inactive|ramixi0596 has 120 seconds left.\n|\n|t:|1657201503\n|start\n|switch|p1a: Clefable|Clefable, M|100\/100\n|switch|p2a: NO BENJAMINS!|Landorus-Therian, M|100\/100\n|-ability|p2a: NO BENJAMINS!|Intimidate|boost\n|-unboost|p1a: Clefable|atk|1\n|turn|1\n|\n|t:|1657201517\n|switch|p2a: WHOLE LOTTA TONKAS|Hatterene, F|100\/100\n|move|p1a: Clefable|Stealth Rock|p2a: WHOLE LOTTA TONKAS\n|move|p2a: WHOLE LOTTA TONKAS|Stealth Rock|p1a: Clefable|[from]ability: Magic Bounce\n|-sidestart|p1: ramixi0596|move: Stealth Rock\n|\n|upkeep\n|turn|2\n|\n|t:|1657201545\n|move|p1a: Clefable|Moonblast|p2a: WHOLE LOTTA TONKAS\n|-damage|p2a: WHOLE LOTTA TONKAS|66\/100\n|move|p2a: WHOLE LOTTA TONKAS|Trick Room|p2a: WHOLE LOTTA TONKAS\n|-fieldstart|move: Trick Room|[of] p2a: WHOLE LOTTA TONKAS\n|\n|upkeep\n|turn|3\n|\n|t:|1657201556\n|switch|p2a: KING TONKA|Melmetal|100\/100\n|move|p1a: Clefable|Soft-Boiled||[still]\n|-fail|p1a: Clefable|heal\n|\n|upkeep\n|turn|4\n|\n|t:|1657201569\n|switch|p1a: Gastrodon|Gastrodon, F|100\/100\n|-damage|p1a: Gastrodon|94\/100|[from] Stealth Rock\n|move|p2a: KING TONKA|Double Iron Bash|p1a: Gastrodon\n|-resisted|p1a: Gastrodon\n|-damage|p1a: Gastrodon|64\/100\n|-resisted|p1a: Gastrodon\n|-damage|p1a: Gastrodon|30\/100\n|-hitcount|p1a: Gastrodon|2\n|-damage|p2a: KING TONKA|91\/100|[from] item: Life Orb\n|\n|-heal|p1a: Gastrodon|36\/100|[from] item: Leftovers\n|upkeep\n|turn|5\n|\n|t:|1657201579\n|switch|p1a: Corviknight|Corviknight, F|100\/100\n|-damage|p1a: Corviknight|88\/100|[from] Stealth Rock\n|-ability|p1a: Corviknight|Pressure\n|move|p2a: KING TONKA|Double Iron Bash|p1a: Corviknight\n|-resisted|p1a: Corviknight\n|-damage|p1a: Corviknight|70\/100\n|-resisted|p1a: Corviknight\n|-damage|p1a: Corviknight|51\/100\n|-hitcount|p1a: Corviknight|2\n|-damage|p2a: KING TONKA|81\/100|[from] item: Life Orb\n|\n|-heal|p1a: Corviknight|57\/100|[from] item: Leftovers\n|upkeep\n|turn|6\n|\n|t:|1657201588\n|switch|p1a: Gastrodon|Gastrodon, F|36\/100\n|-damage|p1a: Gastrodon|30\/100|[from] Stealth Rock\n|move|p2a: KING TONKA|Thunder Punch|p1a: Gastrodon\n|-immune|p1a: Gastrodon\n|\n|-heal|p1a: Gastrodon|36\/100|[from] item: Leftovers\n|-fieldend|move: Trick Room\n|upkeep\n|turn|7\n|\n|t:|1657201593\n|switch|p2a: PULL UP IN BENZ|Mew, shiny|100\/100\n|move|p1a: Gastrodon|Recover|p1a: Gastrodon\n|-heal|p1a: Gastrodon|86\/100\n|\n|-heal|p1a: Gastrodon|92\/100|[from] item: Leftovers\n|upkeep\n|turn|8\n|\n|t:|1657201609\n|move|p2a: PULL UP IN BENZ|Spikes|p1a: Gastrodon\n|-sidestart|p1: ramixi0596|Spikes\n|move|p1a: Gastrodon|Toxic|p2a: PULL UP IN BENZ\n|-status|p2a: PULL UP IN BENZ|tox\n|-activate|p2a: PULL UP IN BENZ|ability: Synchronize\n|-status|p1a: Gastrodon|tox\n|\n|-heal|p1a: Gastrodon|98\/100 tox|[from] item: Leftovers\n|-damage|p2a: PULL UP IN BENZ|94\/100 tox|[from] psn\n|-damage|p1a: Gastrodon|92\/100 tox|[from] psn\n|upkeep\n|turn|9\n|\n|t:|1657201614\n|switch|p1a: Clefable|Clefable, M|100\/100\n|move|p2a: PULL UP IN BENZ|Spikes|p1a: Clefable\n|-sidestart|p1: ramixi0596|Spikes\n|\n|-damage|p2a: PULL UP IN BENZ|82\/100 tox|[from] psn\n|upkeep\n|turn|10\n|\n|t:|1657201617\n|move|p2a: PULL UP IN BENZ|Taunt|p1a: Clefable\n|-start|p1a: Clefable|move: Taunt\n|cant|p1a: Clefable|move: Taunt|Aromatherapy\n|\n|-damage|p2a: PULL UP IN BENZ|63\/100 tox|[from] psn\n|upkeep\n|turn|11\n|\n|t:|1657201621\n|move|p2a: PULL UP IN BENZ|Thunder Wave|p1a: Clefable\n|-status|p1a: Clefable|par\n|move|p1a: Clefable|Moonblast|p2a: PULL UP IN BENZ\n|-damage|p2a: PULL UP IN BENZ|38\/100 tox\n|-enditem|p2a: PULL UP IN BENZ|Red Card|[of] p1a: Clefable\n|drag|p1a: Corviknight|Corviknight, F|57\/100\n|-damage|p1a: Corviknight|45\/100|[from] Stealth Rock\n|-ability|p1a: Corviknight|Pressure\n|\n|-heal|p1a: Corviknight|51\/100|[from] item: Leftovers\n|-damage|p2a: PULL UP IN BENZ|13\/100 tox|[from] psn\n|upkeep\n|turn|12\n|\n|t:|1657201631\n|move|p2a: PULL UP IN BENZ|Taunt|p1a: Corviknight\n|-start|p1a: Corviknight|move: Taunt\n|cant|p1a: Corviknight|move: Taunt|Defog\n|\n|-heal|p1a: Corviknight|57\/100|[from] item: Leftovers\n|-damage|p2a: PULL UP IN BENZ|0 fnt|[from] psn\n|faint|p2a: PULL UP IN BENZ\n|upkeep\n|\n|t:|1657201634\n|switch|p2a: KING TONKA|Melmetal|81\/100\n|turn|13\n|\n|t:|1657201640\n|move|p1a: Corviknight|U-turn|p2a: KING TONKA\n|-resisted|p2a: KING TONKA\n|-damage|p2a: KING TONKA|77\/100\n|\n|t:|1657201645\n|switch|p1a: Gastrodon|Gastrodon, F|92\/100 tox|[from]move: U-turn\n|-damage|p1a: Gastrodon|86\/100 tox|[from] Stealth Rock\n|-damage|p1a: Gastrodon|70\/100 tox|[from] Spikes\n|move|p2a: KING TONKA|Double Iron Bash|p1a: Gastrodon\n|-resisted|p1a: Gastrodon\n|-damage|p1a: Gastrodon|36\/100 tox\n|-resisted|p1a: Gastrodon\n|-damage|p1a: Gastrodon|3\/100 tox\n|-hitcount|p1a: Gastrodon|2\n|-damage|p2a: KING TONKA|67\/100|[from] item: Life Orb\n|\n|-heal|p1a: Gastrodon|9\/100 tox|[from] item: Leftovers\n|-damage|p1a: Gastrodon|3\/100 tox|[from] psn\n|upkeep\n|turn|14\n|\n|t:|1657201651\n|switch|p2a: NO BENJAMINS!|Landorus-Therian, M|100\/100\n|-ability|p2a: NO BENJAMINS!|Intimidate|boost\n|-unboost|p1a: Gastrodon|atk|1\n|move|p1a: Gastrodon|Scald|p2a: NO BENJAMINS!\n|-supereffective|p2a: NO BENJAMINS!\n|-damage|p2a: NO BENJAMINS!|40\/100\n|\n|-heal|p1a: Gastrodon|9\/100 tox|[from] item: Leftovers\n|-damage|p1a: Gastrodon|0 fnt|[from] psn\n|faint|p1a: Gastrodon\n|upkeep\n|\n|t:|1657201661\n|switch|p1a: Corviknight|Corviknight, F|57\/100\n|-damage|p1a: Corviknight|45\/100|[from] Stealth Rock\n|-ability|p1a: Corviknight|Pressure\n|turn|15\n|\n|t:|1657201664\n|move|p2a: NO BENJAMINS!|Explosion|p1a: Corviknight\n|-resisted|p1a: Corviknight\n|-damage|p1a: Corviknight|14\/100\n|faint|p2a: NO BENJAMINS!\n|move|p1a: Corviknight|Roost|p1a: Corviknight\n|-heal|p1a: Corviknight|64\/100\n|-singleturn|p1a: Corviknight|move: Roost\n|\n|-heal|p1a: Corviknight|70\/100|[from] item: Leftovers\n|upkeep\n|\n|t:|1657201672\n|switch|p2a: ALL BLACK COUPE|Weavile, M|100\/100\n|-ability|p2a: ALL BLACK COUPE|Pressure\n|turn|16\n|\n|t:|1657201675\n|move|p2a: ALL BLACK COUPE|Swords Dance|p2a: ALL BLACK COUPE\n|-boost|p2a: ALL BLACK COUPE|atk|2\n|move|p1a: Corviknight|Defog|p2a: ALL BLACK COUPE\n|-unboost|p2a: ALL BLACK COUPE|evasion|1\n|-sideend|p1: ramixi0596|Spikes|[from] move: Defog|[of] p1a: Corviknight\n|-sideend|p1: ramixi0596|Stealth Rock|[from] move: Defog|[of] p1a: Corviknight\n|\n|-heal|p1a: Corviknight|76\/100|[from] item: Leftovers\n|upkeep\n|turn|17\n|j| ayayaplop\n|\n|t:|1657201682\n|move|p2a: ALL BLACK COUPE|Icicle Crash|p1a: Corviknight|[miss]\n|-miss|p2a: ALL BLACK COUPE|p1a: Corviknight\n|move|p1a: Corviknight|Body Press|p2a: ALL BLACK COUPE\n|-supereffective|p2a: ALL BLACK COUPE\n|-enditem|p2a: ALL BLACK COUPE|Focus Sash\n|-damage|p2a: ALL BLACK COUPE|1\/100\n|\n|-heal|p1a: Corviknight|82\/100|[from] item: Leftovers\n|upkeep\n|turn|18\n|\n|t:|1657201695\n|switch|p1a: Urshifu|Urshifu-Rapid-Strike, F|100\/100\n|move|p2a: ALL BLACK COUPE|Icicle Crash|p1a: Urshifu\n|-resisted|p1a: Urshifu\n|-crit|p1a: Urshifu\n|-damage|p1a: Urshifu|35\/100\n|\n|upkeep\n|turn|19\n|\n|t:|1657201703\n|move|p1a: Urshifu|Aqua Jet|p2a: ALL BLACK COUPE\n|-damage|p2a: ALL BLACK COUPE|0 fnt\n|faint|p2a: ALL BLACK COUPE\n|\n|upkeep\n|\n|t:|1657201705\n|switch|p2a: TONKA GOIN CRAZY|Kartana|100\/100\n|turn|20\n|\n|t:|1657201724\n|switch|p1a: Slowking|Slowking-Galar, F|100\/100\n|move|p2a: TONKA GOIN CRAZY|Swords Dance|p2a: TONKA GOIN CRAZY\n|-boost|p2a: TONKA GOIN CRAZY|atk|2\n|\n|upkeep\n|turn|21\n|inactive|ramixi0596 has 120 seconds left.\n|inactive|ramixi0596 has 90 seconds left.\n|\n|t:|1657201788\n|move|p2a: TONKA GOIN CRAZY|Knock Off|p1a: Slowking\n|-supereffective|p1a: Slowking\n|-damage|p1a: Slowking|0 fnt\n|-enditem|p1a: Slowking|Assault Vest|[from] move: Knock Off|[of] p2a: TONKA GOIN CRAZY\n|faint|p1a: Slowking\n|-ability|p2a: TONKA GOIN CRAZY|Beast Boost|boost\n|-boost|p2a: TONKA GOIN CRAZY|atk|1\n|\n|upkeep\n|\n|t:|1657201791\n|switch|p1a: Clefable|Clefable, M|100\/100 par\n|turn|22\n|\n|t:|1657201792\n|move|p2a: TONKA GOIN CRAZY|Leaf Blade|p1a: Clefable\n|-damage|p1a: Clefable|57\/100 par\n|move|p1a: Clefable|Aromatherapy|p1a: Clefable\n|-activate|p1a: Clefable|move: Aromatherapy\n|-curestatus|p1a: Clefable|par|[msg]\n|\n|upkeep\n|turn|23\n|\n|t:|1657201797\n|move|p2a: TONKA GOIN CRAZY|Leaf Blade|p1a: Clefable\n|-damage|p1a: Clefable|8\/100\n|move|p1a: Clefable|Soft-Boiled|p1a: Clefable\n|-heal|p1a: Clefable|58\/100\n|\n|upkeep\n|turn|24\n|\n|t:|1657201800\n|move|p2a: TONKA GOIN CRAZY|Leaf Blade|p1a: Clefable\n|-damage|p1a: Clefable|9\/100\n|move|p1a: Clefable|Soft-Boiled|p1a: Clefable\n|-heal|p1a: Clefable|59\/100\n|\n|upkeep\n|turn|25\n|\n|t:|1657201803\n|move|p2a: TONKA GOIN CRAZY|Leaf Blade|p1a: Clefable\n|-damage|p1a: Clefable|16\/100\n|move|p1a: Clefable|Soft-Boiled|p1a: Clefable\n|-heal|p1a: Clefable|66\/100\n|\n|upkeep\n|turn|26\n|\n|t:|1657201809\n|move|p2a: TONKA GOIN CRAZY|Leaf Blade|p1a: Clefable\n|-damage|p1a: Clefable|17\/100\n|move|p1a: Clefable|Soft-Boiled|p1a: Clefable\n|-heal|p1a: Clefable|67\/100\n|\n|upkeep\n|turn|27\n|\n|t:|1657201813\n|move|p2a: TONKA GOIN CRAZY|Leaf Blade|p1a: Clefable\n|-damage|p1a: Clefable|19\/100\n|move|p1a: Clefable|Soft-Boiled|p1a: Clefable\n|-heal|p1a: Clefable|69\/100\n|\n|upkeep\n|turn|28\n|\n|t:|1657201816\n|move|p2a: TONKA GOIN CRAZY|Leaf Blade|p1a: Clefable\n|-damage|p1a: Clefable|19\/100\n|move|p1a: Clefable|Moonblast|p2a: TONKA GOIN CRAZY\n|-resisted|p2a: TONKA GOIN CRAZY\n|-damage|p2a: TONKA GOIN CRAZY|53\/100\n|\n|upkeep\n|turn|29\n|\n|t:|1657201822\n|move|p2a: TONKA GOIN CRAZY|Leaf Blade|p1a: Clefable\n|-damage|p1a: Clefable|0 fnt\n|faint|p1a: Clefable\n|-ability|p2a: TONKA GOIN CRAZY|Beast Boost|boost\n|-boost|p2a: TONKA GOIN CRAZY|atk|1\n|\n|upkeep\n|\n|t:|1657201823\n|switch|p1a: Corviknight|Corviknight, F|82\/100\n|-ability|p1a: Corviknight|Pressure\n|turn|30\n|\n|t:|1657201825\n|move|p2a: TONKA GOIN CRAZY|Knock Off|p1a: Corviknight\n|-damage|p1a: Corviknight|0 fnt\n|-enditem|p1a: Corviknight|Leftovers|[from] move: Knock Off|[of] p2a: TONKA GOIN CRAZY\n|faint|p1a: Corviknight\n|-ability|p2a: TONKA GOIN CRAZY|Beast Boost|boost\n|-boost|p2a: TONKA GOIN CRAZY|atk|1\n|\n|upkeep\n|\n|t:|1657201827\n|switch|p1a: Urshifu|Urshifu-Rapid-Strike, F|35\/100\n|turn|31\n|\n|t:|1657201829\n|move|p1a: Urshifu|Aqua Jet|p2a: TONKA GOIN CRAZY\n|-resisted|p2a: TONKA GOIN CRAZY\n|-damage|p2a: TONKA GOIN CRAZY|37\/100\n|move|p2a: TONKA GOIN CRAZY|Leaf Blade|p1a: Urshifu\n|-supereffective|p1a: Urshifu\n|-damage|p1a: Urshifu|0 fnt\n|faint|p1a: Urshifu\n|-ability|p2a: TONKA GOIN CRAZY|Beast Boost|boost\n|-boost|p2a: TONKA GOIN CRAZY|atk|1\n|\n|upkeep\n|\n|t:|1657201835\n|switch|p1a: Weavile|Weavile, M|100\/100\n|-ability|p1a: Weavile|Pressure\n|turn|32\n|\n|t:|1657201841\n|move|p1a: Weavile|Knock Off|p2a: TONKA GOIN CRAZY\n|-damage|p2a: TONKA GOIN CRAZY|0 fnt\n|-enditem|p2a: TONKA GOIN CRAZY|Focus Sash|[from] move: Knock Off|[of] p1a: Weavile\n|faint|p2a: TONKA GOIN CRAZY\n|\n|upkeep\n|\n|t:|1657201843\n|switch|p2a: KING TONKA|Melmetal|67\/100\n|turn|33\n|\n|t:|1657201846\n|move|p1a: Weavile|Knock Off|p2a: KING TONKA\n|-damage|p2a: KING TONKA|42\/100\n|-enditem|p2a: KING TONKA|Life Orb|[from] move: Knock Off|[of] p1a: Weavile\n|move|p2a: KING TONKA|Double Iron Bash|p1a: Weavile\n|-supereffective|p1a: Weavile\n|-damage|p1a: Weavile|0 fnt\n|faint|p1a: Weavile\n|-hitcount|p1: Weavile|1\n|\n|win|SKIP THE DRIP\n|raw|ramixi0596's rating: 1677 &rarr; <strong>1661<\/strong><br \/>(-16 for losing)\n|raw|SKIP THE DRIP's rating: 1755 &rarr; <strong>1771<\/strong><br \/>(+16 for winning)\n|l|\u2606SKIP THE DRIP\n","uploadtime":1657201851,"views":15,"p1id":"ramixi0596","p2id":"skipthedrip","formatid":"gen8ou","rating":1661,"private":0,"password":null}