{"id":"gen8vgc2020-1147323873","p1":"Borinor","p2":"Trogba Trogba","format":"gen8vgc2020","log":"|j|\u2606Borinor\n|j|\u2606Trogba Trogba\n|player|p1|Borinor|101|\n|player|p2|Trogba Trogba|lance|\n|teamsize|p1|6\n|teamsize|p2|6\n|gametype|doubles\n|gen|8\n|tier|[Gen 8] VGC 2020\n|rated|Tournament battle\n|clearpoke\n|poke|p1|Tyranitar, L50, F|\n|poke|p1|Incineroar, L50, M|\n|poke|p1|Excadrill, L50, F|\n|poke|p1|Togekiss, L50, M|\n|poke|p1|Conkeldurr, L50, M|\n|poke|p1|Jellicent, L50, M|\n|poke|p2|Politoed, L50, F|\n|poke|p2|Kingdra, L50, M|\n|poke|p2|Togekiss, L50, M|\n|poke|p2|Duraludon, L50, F|\n|poke|p2|Rillaboom, L50, F|\n|poke|p2|Whimsicott, L50, M|\n|rule|Species Clause: Limit one of each Pok\u00e9mon\n|rule|Item Clause: Limit one of each item\n|teampreview|4\n|j|*Lady Monita\n|j| Kilu190\n|j| 1v1ers\n|j| swagsire 87\n|j| Alex Blader\n|l| Alex Blader\n|inactive|Battle timer is ON: inactive players will automatically lose when time's up. (requested by Borinor)\n|\n|start\n|switch|p1a: Incineroar|Incineroar, L50, M|48\/48\n|switch|p1b: Tyranitar|Tyranitar, L50, F|48\/48\n|switch|p2a: Rillaboom|Rillaboom, L50, F|48\/48\n|switch|p2b: Politoed|Politoed, L50, F|48\/48\n|-fieldstart|move: Grassy Terrain|[from] ability: Grassy Surge|[of] p2a: Rillaboom\n|-weather|RainDance|[from] ability: Drizzle|[of] p2b: Politoed\n|-ability|p1a: Incineroar|Intimidate|boost\n|-unboost|p2a: Rillaboom|atk|1\n|-unboost|p2b: Politoed|atk|1\n|-weather|Sandstorm|[from] ability: Sand Stream|[of] p1b: Tyranitar\n|turn|1\n|inactive|Borinor has 30 seconds left.\n|inactive|Trogba Trogba has 30 seconds left.\n|j| Goosius\n|inactive|Borinor has 20 seconds left.\n|\n|switch|p2b: Togekiss|Togekiss, L50, M|48\/48\n|-start|p1b: Tyranitar|Dynamax\n|-heal|p1b: Tyranitar|48\/48|[silent]\n|move|p1a: Incineroar|Fake Out|p2b: Togekiss\n|-damage|p2b: Togekiss|42\/48\n|move|p2a: Rillaboom|Grassy Glide|p1b: Tyranitar\n|-supereffective|p1b: Tyranitar\n|-damage|p1b: Tyranitar|34\/48\n|-enditem|p1b: Tyranitar|Weakness Policy\n|-boost|p1b: Tyranitar|atk|2|[from] item: Weakness Policy\n|-boost|p1b: Tyranitar|spa|2|[from] item: Weakness Policy\n|move|p1b: Tyranitar|Max Knuckle|p2a: Rillaboom\n|-damage|p2a: Rillaboom|12\/48\n|-boost|p1a: Incineroar|atk|1\n|-boost|p1b: Tyranitar|atk|1\n|\n|-weather|Sandstorm|[upkeep]\n|-damage|p2a: Rillaboom|9\/48y|[from] Sandstorm\n|-damage|p2b: Togekiss|39\/48|[from] Sandstorm\n|-damage|p1a: Incineroar|45\/48|[from] Sandstorm\n|-heal|p2a: Rillaboom|12\/48|[from] Grassy Terrain\n|-heal|p1a: Incineroar|48\/48|[from] Grassy Terrain\n|-heal|p1b: Tyranitar|35\/48|[from] Grassy Terrain\n|upkeep\n|turn|2\n|inactive|Borinor has 30 seconds left.\n|j|%saba1+1-1=1\n|inactive|Trogba Trogba has 30 seconds left.\n|inactive|Trogba Trogba has 20 seconds left.\n|inactive|Trogba Trogba has 15 seconds left.\n|\n|switch|p2a: Politoed|Politoed, L50, F|48\/48\n|-weather|RainDance|[from] ability: Drizzle|[of] p2a: Politoed\n|move|p2b: Togekiss|Yawn|p1b: Tyranitar\n|-start|p1b: Tyranitar|move: Yawn|[of] p2b: Togekiss\n|move|p1a: Incineroar|U-turn|p2a: Politoed\n|-damage|p2a: Politoed|34\/48\n|\n|switch|p1a: Conkeldurr|Conkeldurr, L50, M|48\/48|[from]move: U-turn\n|move|p1b: Tyranitar|Max Rockfall|p2b: Togekiss\n|-supereffective|p2b: Togekiss\n|-damage|p2b: Togekiss|0 fnt\n|-weather|Sandstorm\n|faint|p2b: Togekiss\n|\n|-weather|Sandstorm|[upkeep]\n|-damage|p2a: Politoed|31\/48|[from] Sandstorm\n|-damage|p1a: Conkeldurr|45\/48|[from] Sandstorm\n|-heal|p2a: Politoed|34\/48|[from] Grassy Terrain\n|-heal|p1b: Tyranitar|37\/48|[from] Grassy Terrain\n|-heal|p1a: Conkeldurr|48\/48|[from] Grassy Terrain\n|upkeep\n|\n|switch|p2b: Rillaboom|Rillaboom, L50, F|12\/48\n|turn|3\n|inactive|Borinor has 30 seconds left.\n|\n|-start|p2b: Rillaboom|Dynamax\n|-formechange|p2b: Rillaboom|Rillaboom-Gmax\n|-heal|p2b: Rillaboom|12\/48|[silent]\n|move|p2a: Politoed|Helping Hand|p2b: Rillaboom\n|-singleturn|p2b: Rillaboom|Helping Hand|[of] p2a: Politoed\n|move|p2b: Rillaboom|Max Knuckle|p1b: Tyranitar\n|-supereffective|p1b: Tyranitar\n|-damage|p1b: Tyranitar|0 fnt\n|-boost|p2a: Politoed|atk|1\n|-boost|p2b: Rillaboom|atk|1\n|faint|p1b: Tyranitar\n|move|p1a: Conkeldurr|Close Combat|p2a: Politoed\n|-damage|p2a: Politoed|1\/48\n|-unboost|p1a: Conkeldurr|def|1\n|-unboost|p1a: Conkeldurr|spd|1\n|-enditem|p2a: Politoed|Sitrus Berry|[eat]\n|-heal|p2a: Politoed|12\/48|[from] item: Sitrus Berry\n|\n|-weather|Sandstorm|[upkeep]\n|-damage|p2b: Rillaboom|11\/48|[from] Sandstorm\n|-damage|p2a: Politoed|9\/48|[from] Sandstorm\n|-damage|p1a: Conkeldurr|45\/48|[from] Sandstorm\n|-heal|p2b: Rillaboom|12\/48|[from] Grassy Terrain\n|-heal|p2a: Politoed|12\/48|[from] Grassy Terrain\n|-heal|p1a: Conkeldurr|48\/48|[from] Grassy Terrain\n|upkeep\n|l|%saba1+1-1=1\n|\n|switch|p1b: Incineroar|Incineroar, L50, M|48\/48\n|-ability|p1b: Incineroar|Intimidate|boost\n|-unboost|p2a: Politoed|atk|1\n|-unboost|p2b: Rillaboom|atk|1\n|turn|4\n|inactive|Borinor has 30 seconds left.\n|\n|switch|p1b: Togekiss|Togekiss, L50, M|48\/48\n|move|p2b: Rillaboom|G-Max Drum Solo|p1a: Conkeldurr\n|-damage|p1a: Conkeldurr|0 fnt\n|faint|p1a: Conkeldurr\n|move|p2a: Politoed|Perish Song|p2a: Politoed\n|-start|p1b: Togekiss|perish3|[silent]\n|-start|p2a: Politoed|perish3|[silent]\n|-start|p2b: Rillaboom|perish3|[silent]\n|-fieldactivate|move: Perish Song\n|\n|-weather|Sandstorm|[upkeep]\n|-damage|p2b: Rillaboom|11\/48|[from] Sandstorm\n|-damage|p1b: Togekiss|45\/48|[from] Sandstorm\n|-damage|p2a: Politoed|9\/48|[from] Sandstorm\n|-heal|p2b: Rillaboom|12\/48|[from] Grassy Terrain\n|-heal|p2a: Politoed|12\/48|[from] Grassy Terrain\n|-start|p2b: Rillaboom|perish3\n|-start|p1b: Togekiss|perish3\n|-start|p2a: Politoed|perish3\n|upkeep\n|\n|switch|p1a: Incineroar|Incineroar, L50, M|48\/48\n|-ability|p1a: Incineroar|Intimidate|boost\n|-unboost|p2a: Politoed|atk|1\n|-unboost|p2b: Rillaboom|atk|1\n|turn|5\n|\n|move|p2a: Politoed|Protect|p2a: Politoed\n|-singleturn|p2a: Politoed|Protect\n|move|p1b: Togekiss|Follow Me|p1b: Togekiss\n|-singleturn|p1b: Togekiss|move: Follow Me\n|move|p2b: Rillaboom|Max Knuckle|p1b: Togekiss\n|-resisted|p1b: Togekiss\n|-damage|p1b: Togekiss|42\/48\n|-boost|p2a: Politoed|atk|1\n|-boost|p2b: Rillaboom|atk|1\n|move|p1a: Incineroar|Flare Blitz|p2b: Rillaboom\n|-supereffective|p2b: Rillaboom\n|-damage|p2b: Rillaboom|0 fnt\n|-damage|p1a: Incineroar|40\/48|[from] Recoil\n|faint|p2b: Rillaboom\n|\n|-weather|Sandstorm|[upkeep]\n|-damage|p1b: Togekiss|39\/48|[from] Sandstorm\n|-damage|p2a: Politoed|9\/48|[from] Sandstorm\n|-damage|p1a: Incineroar|38\/48|[from] Sandstorm\n|-heal|p2a: Politoed|12\/48|[from] Grassy Terrain\n|-heal|p1a: Incineroar|40\/48|[from] Grassy Terrain\n|-fieldend|move: Grassy Terrain\n|-start|p1b: Togekiss|perish2\n|-start|p2a: Politoed|perish2\n|upkeep\n|j| ih\u2665yp hydrating\n|\n|switch|p2b: Kingdra|Kingdra, L50, M|48\/48\n|turn|6\n|inactive|Borinor has 30 seconds left.\n|\n|move|p2a: Politoed|Helping Hand|p2b: Kingdra\n|-singleturn|p2b: Kingdra|Helping Hand|[of] p2a: Politoed\n|move|p1b: Togekiss|Dazzling Gleam|p2a: Politoed|[spread] p2a,p2b\n|-crit|p2a: Politoed\n|-supereffective|p2b: Kingdra\n|-damage|p2a: Politoed|0 fnt\n|-damage|p2b: Kingdra|12\/48\n|faint|p2a: Politoed\n|move|p2b: Kingdra|Muddy Water|p1a: Incineroar|[spread] p1a,p1b\n|-supereffective|p1a: Incineroar\n|-damage|p1a: Incineroar|0 fnt\n|-damage|p1b: Togekiss|15\/48\n|-damage|p2b: Kingdra|7\/48|[from] item: Life Orb\n|faint|p1a: Incineroar\n|\n|-weather|none\n|-start|p1b: Togekiss|perish1\n|upkeep\n|turn|7\n|c|\u2606Trogba Trogba|gg\n|\n|move|p2b: Kingdra|Protect|p2b: Kingdra\n|-singleturn|p2b: Kingdra|Protect\n|move|p1b: Togekiss|Dazzling Gleam|p2b: Kingdra\n|-activate|p2b: Kingdra|move: Protect\n|\n|-start|p1b: Togekiss|perish0\n|faint|p1b: Togekiss\n|\n|win|Trogba Trogba\n|upkeep\n","uploadtime":1594206423,"views":8,"p1id":"borinor","p2id":"trogbatrogba","formatid":"gen8vgc2020","rating":0,"private":0,"password":null}