{"id":"gen8ou-1482811179","p1":"Foolish Shogun","p2":"justatest123","format":"gen8ou","log":"|j|\u2606Foolish Shogun\n|j|\u2606justatest123\n|t:|1640930296\n|gametype|singles\n|player|p1|Foolish Shogun|ghetsis-gen5bw|1528\n|player|p2|justatest123|backpacker|1715\n|teamsize|p1|6\n|teamsize|p2|6\n|gen|8\n|tier|[Gen 8] OU\n|rated|\n|rule|Sleep Clause Mod: Limit one foe put to sleep\n|rule|Species Clause: Limit one of each Pok\u00e9mon\n|rule|OHKO Clause: OHKO moves are banned\n|rule|Evasion Moves Clause: Evasion moves are banned\n|rule|Endless Battle Clause: Forcing endless battles is banned\n|rule|HP Percentage Mod: HP is shown in percentages\n|rule|Dynamax Clause: You cannot dynamax\n|clearpoke\n|poke|p1|Araquanid, F|\n|poke|p1|Nidoking, M|\n|poke|p1|Urshifu-*, M|\n|poke|p1|Zapdos-Galar|\n|poke|p1|Heatran, M|\n|poke|p1|Dragapult, F|\n|poke|p2|Weavile, M|\n|poke|p2|Tapu Lele|\n|poke|p2|Heatran, M|\n|poke|p2|Landorus-Therian, M|\n|poke|p2|Ferrothorn, M|\n|poke|p2|Zapdos|\n|teampreview\n|inactive|Battle timer is ON: inactive players will automatically lose when time's up. (requested by Foolish Shogun)\n|\n|t:|1640930358\n|start\n|switch|p1a: Dragapult|Dragapult, F|100\/100\n|switch|p2a: Tapu Lele|Tapu Lele|100\/100\n|-fieldstart|move: Psychic Terrain|[from] ability: Psychic Surge|[of] p2a: Tapu Lele\n|turn|1\n|\n|t:|1640930364\n|switch|p1a: Heatran|Heatran, M|100\/100\n|move|p2a: Tapu Lele|Moonblast|p1a: Heatran\n|-resisted|p1a: Heatran\n|-damage|p1a: Heatran|93\/100\n|\n|-heal|p1a: Heatran|99\/100|[from] item: Leftovers\n|upkeep\n|turn|2\n|\n|t:|1640930372\n|switch|p2a: Landorus|Landorus-Therian, M|100\/100\n|-ability|p2a: Landorus|Intimidate|boost\n|-unboost|p1a: Heatran|atk|1\n|switch|p1a: Araquanid|Araquanid, F|100\/100\n|\n|upkeep\n|turn|3\n|\n|t:|1640930379\n|move|p2a: Landorus|Stealth Rock|p1a: Araquanid\n|-sidestart|p1: Foolish Shogun|move: Stealth Rock\n|move|p1a: Araquanid|Liquidation|p2a: Landorus\n|-supereffective|p2a: Landorus\n|-damage|p2a: Landorus|0 fnt\n|faint|p2a: Landorus\n|\n|upkeep\n|\n|t:|1640930387\n|switch|p2a: Zapdos|Zapdos|100\/100\n|turn|4\n|\n|t:|1640930391\n|move|p2a: Zapdos|Hurricane|p1a: Araquanid\n|-supereffective|p1a: Araquanid\n|-damage|p1a: Araquanid|29\/100\n|move|p1a: Araquanid|Liquidation|p2a: Zapdos\n|-damage|p2a: Zapdos|32\/100\n|\n|upkeep\n|turn|5\n|\n|t:|1640930396\n|move|p2a: Zapdos|Volt Switch|p1a: Araquanid\n|-supereffective|p1a: Araquanid\n|-damage|p1a: Araquanid|0 fnt\n|faint|p1a: Araquanid\n|\n|t:|1640930405\n|switch|p2a: Weavile|Weavile, M|100\/100|[from]move: Volt Switch\n|-ability|p2a: Weavile|Pressure\n|\n|-fieldend|move: Psychic Terrain\n|upkeep\n|\n|t:|1640930408\n|switch|p1a: Urshifu|Urshifu-Rapid-Strike, M|100\/100\n|-damage|p1a: Urshifu|94\/100|[from] Stealth Rock\n|turn|6\n|\n|t:|1640930411\n|switch|p2a: Zapdos|Zapdos|32\/100\n|move|p1a: Urshifu|U-turn|p2a: Zapdos\n|-resisted|p2a: Zapdos\n|-damage|p2a: Zapdos|19\/100\n|\n|t:|1640930414\n|switch|p1a: Dragapult|Dragapult, F|100\/100|[from]move: U-turn\n|-damage|p1a: Dragapult|88\/100|[from] Stealth Rock\n|\n|upkeep\n|turn|7\n|\n|t:|1640930420\n|switch|p2a: Heatran|Heatran, M|100\/100\n|move|p1a: Dragapult|Shadow Ball|p2a: Heatran\n|-damage|p2a: Heatran|64\/100\n|\n|-heal|p2a: Heatran|70\/100|[from] item: Leftovers\n|upkeep\n|turn|8\n|\n|t:|1640930432\n|switch|p1a: Nidoking|Nidoking, M|100\/100\n|-damage|p1a: Nidoking|95\/100|[from] Stealth Rock\n|move|p2a: Heatran|Earth Power|p1a: Nidoking\n|-supereffective|p1a: Nidoking\n|-damage|p1a: Nidoking|17\/100\n|-unboost|p1a: Nidoking|spd|1\n|\n|-heal|p2a: Heatran|76\/100|[from] item: Leftovers\n|upkeep\n|turn|9\n|\n|t:|1640930448\n|switch|p2a: Zapdos|Zapdos|19\/100\n|move|p1a: Nidoking|Sludge Wave|p2a: Zapdos\n|-damage|p2a: Zapdos|0 fnt\n|faint|p2a: Zapdos\n|\n|upkeep\n|\n|t:|1640930454\n|switch|p2a: Weavile|Weavile, M|100\/100\n|-ability|p2a: Weavile|Pressure\n|turn|10\n|\n|t:|1640930458\n|move|p2a: Weavile|Knock Off|p1a: Nidoking\n|-damage|p1a: Nidoking|0 fnt\n|-enditem|p1a: Nidoking|Life Orb|[from] move: Knock Off|[of] p2a: Weavile\n|faint|p1a: Nidoking\n|\n|upkeep\n|\n|t:|1640930464\n|switch|p1a: Zapdos|Zapdos-Galar|100\/100\n|-damage|p1a: Zapdos|88\/100|[from] Stealth Rock\n|turn|11\n|\n|t:|1640930468\n|switch|p2a: Ferrothorn|Ferrothorn, M|100\/100\n|move|p1a: Zapdos|Close Combat|p2a: Ferrothorn\n|-supereffective|p2a: Ferrothorn\n|-damage|p2a: Ferrothorn|29\/100\n|-unboost|p1a: Zapdos|def|1\n|-unboost|p1a: Zapdos|spd|1\n|-damage|p1a: Zapdos|76\/100|[from] ability: Iron Barbs|[of] p2a: Ferrothorn\n|\n|-heal|p2a: Ferrothorn|35\/100|[from] item: Leftovers\n|upkeep\n|turn|12\n|\n|t:|1640930475\n|switch|p2a: Tapu Lele|Tapu Lele|100\/100\n|-fieldstart|move: Psychic Terrain|[from] ability: Psychic Surge|[of] p2a: Tapu Lele\n|move|p1a: Zapdos|Close Combat|p2a: Tapu Lele\n|-resisted|p2a: Tapu Lele\n|-damage|p2a: Tapu Lele|76\/100\n|-unboost|p1a: Zapdos|def|1\n|-unboost|p1a: Zapdos|spd|1\n|\n|upkeep\n|turn|13\n|\n|t:|1640930482\n|switch|p1a: Heatran|Heatran, M|99\/100\n|-damage|p1a: Heatran|87\/100|[from] Stealth Rock\n|move|p2a: Tapu Lele|Psyshock|p1a: Heatran\n|-resisted|p1a: Heatran\n|-damage|p1a: Heatran|63\/100\n|\n|-heal|p1a: Heatran|69\/100|[from] item: Leftovers\n|upkeep\n|turn|14\n|\n|t:|1640930495\n|switch|p2a: Heatran|Heatran, M|76\/100\n|move|p1a: Heatran|Earth Power|p2a: Heatran\n|-supereffective|p2a: Heatran\n|-damage|p2a: Heatran|7\/100\n|\n|-heal|p1a: Heatran|76\/100|[from] item: Leftovers\n|-heal|p2a: Heatran|13\/100|[from] item: Leftovers\n|upkeep\n|turn|15\n|\n|t:|1640930498\n|switch|p1a: Zapdos|Zapdos-Galar|76\/100\n|-damage|p1a: Zapdos|63\/100|[from] Stealth Rock\n|move|p2a: Heatran|Earth Power|p1a: Zapdos\n|-immune|p1a: Zapdos\n|\n|-heal|p2a: Heatran|19\/100|[from] item: Leftovers\n|upkeep\n|turn|16\n|\n|t:|1640930502\n|move|p1a: Zapdos|Close Combat|p2a: Heatran\n|-supereffective|p2a: Heatran\n|-damage|p2a: Heatran|0 fnt\n|-unboost|p1a: Zapdos|def|1\n|-unboost|p1a: Zapdos|spd|1\n|faint|p2a: Heatran\n|\n|-fieldend|move: Psychic Terrain\n|upkeep\n|\n|t:|1640930505\n|switch|p2a: Tapu Lele|Tapu Lele|76\/100\n|-fieldstart|move: Psychic Terrain|[from] ability: Psychic Surge|[of] p2a: Tapu Lele\n|turn|17\n|\n|t:|1640930512\n|switch|p1a: Dragapult|Dragapult, F|88\/100\n|-damage|p1a: Dragapult|76\/100|[from] Stealth Rock\n|move|p2a: Tapu Lele|Psyshock|p1a: Dragapult\n|-damage|p1a: Dragapult|0 fnt\n|faint|p1a: Dragapult\n|\n|upkeep\n|\n|t:|1640930515\n|switch|p1a: Heatran|Heatran, M|76\/100\n|-damage|p1a: Heatran|63\/100|[from] Stealth Rock\n|turn|18\n|\n|t:|1640930523\n|switch|p2a: Ferrothorn|Ferrothorn, M|35\/100\n|move|p1a: Heatran|Magma Storm|p2a: Ferrothorn|[miss]\n|-miss|p1a: Heatran|p2a: Ferrothorn\n|\n|-heal|p1a: Heatran|69\/100|[from] item: Leftovers\n|-heal|p2a: Ferrothorn|41\/100|[from] item: Leftovers\n|upkeep\n|turn|19\n|\n|t:|1640930527\n|move|p1a: Heatran|Magma Storm|p2a: Ferrothorn\n|-supereffective|p2a: Ferrothorn\n|-damage|p2a: Ferrothorn|0 fnt\n|faint|p2a: Ferrothorn\n|\n|-heal|p1a: Heatran|76\/100|[from] item: Leftovers\n|upkeep\n|\n|t:|1640930529\n|switch|p2a: Weavile|Weavile, M|100\/100\n|-ability|p2a: Weavile|Pressure\n|turn|20\n|\n|t:|1640930541\n|switch|p1a: Urshifu|Urshifu-Rapid-Strike, M|94\/100\n|-damage|p1a: Urshifu|88\/100|[from] Stealth Rock\n|move|p2a: Weavile|Knock Off|p1a: Urshifu\n|-resisted|p1a: Urshifu\n|-damage|p1a: Urshifu|56\/100\n|-enditem|p1a: Urshifu|Choice Band|[from] move: Knock Off|[of] p2a: Weavile\n|\n|upkeep\n|turn|21\n|\n|t:|1640930549\n|move|p2a: Weavile|Knock Off|p1a: Urshifu\n|-resisted|p1a: Urshifu\n|-damage|p1a: Urshifu|33\/100\n|move|p1a: Urshifu|Surging Strikes|p2a: Weavile\n|-crit|p2a: Weavile\n|-damage|p2a: Weavile|63\/100\n|-crit|p2a: Weavile\n|-damage|p2a: Weavile|29\/100\n|-crit|p2a: Weavile\n|-damage|p2a: Weavile|0 fnt\n|faint|p2a: Weavile\n|-hitcount|p2: Weavile|3\n|\n|-fieldend|move: Psychic Terrain\n|upkeep\n|\n|t:|1640930551\n|switch|p2a: Tapu Lele|Tapu Lele|76\/100\n|-fieldstart|move: Psychic Terrain|[from] ability: Psychic Surge|[of] p2a: Tapu Lele\n|turn|22\n|\n|t:|1640930558\n|move|p2a: Tapu Lele|Psyshock|p1a: Urshifu\n|-supereffective|p1a: Urshifu\n|-damage|p1a: Urshifu|0 fnt\n|faint|p1a: Urshifu\n|\n|upkeep\n|\n|t:|1640930560\n|switch|p1a: Zapdos|Zapdos-Galar|63\/100\n|-damage|p1a: Zapdos|51\/100|[from] Stealth Rock\n|turn|23\n|\n|t:|1640930570\n|move|p1a: Zapdos|Brave Bird|p2a: Tapu Lele\n|-damage|p2a: Tapu Lele|0 fnt\n|faint|p2a: Tapu Lele\n|-damage|p1a: Zapdos|29\/100|[from] Recoil\n|\n|win|Foolish Shogun\n|raw|Foolish Shogun's rating: 1528 &rarr; <strong>1558<\/strong><br \/>(+30 for winning)\n|raw|justatest123's rating: 1715 &rarr; <strong>1685<\/strong><br \/>(-30 for losing)\n|l|\u2606Foolish Shogun\n","uploadtime":1640930579,"views":29,"p1id":"foolishshogun","p2id":"justatest123","formatid":"gen8ou","rating":1558,"private":0,"password":null}