{"id":"gen8doublesou-1698285509","p1":"Blacksponge","p2":"big poky man","format":"gen8doublesou","log":"|j|\u2606Blacksponge\n|j|\u2606big poky man\n|t:|1667096491\n|gametype|doubles\n|player|p1|Blacksponge|lucas|1111\n|player|p2|big poky man|1|1000\n|teamsize|p1|6\n|teamsize|p2|6\n|gen|8\n|tier|[Gen 8] Doubles OU\n|rated|\n|rule|Species Clause: Limit one of each Pok\u00e9mon\n|rule|OHKO Clause: OHKO moves are banned\n|rule|Evasion Moves Clause: Evasion moves are banned\n|rule|Gravity Sleep Clause: The combination of sleep-inducing moves with imperfect accuracy and Gravity or Gigantamax Orbeetle are banned\n|rule|Endless Battle Clause: Forcing endless battles is banned\n|rule|HP Percentage Mod: HP is shown in percentages\n|rule|Dynamax Clause: You cannot dynamax\n|rule|Swagger Clause: Swagger is banned\n|clearpoke\n|poke|p1|Victini|\n|poke|p1|Malamar, M|\n|poke|p1|Blastoise, M|\n|poke|p1|Whimsicott, F|\n|poke|p1|Kyurem-Black|\n|poke|p1|Mew|\n|poke|p2|Hatterene, F|\n|poke|p2|Indeedee-F, F|\n|poke|p2|Landorus, M|\n|poke|p2|Dragapult, M|\n|poke|p2|Heatran, M|\n|poke|p2|Torkoal, M|\n|teampreview\n|\n|t:|1667096533\n|start\n|switch|p1a: Mew|Mew|100\/100\n|switch|p1b: Malamar|Malamar, M|100\/100\n|switch|p2a: Hatterene|Hatterene, F, shiny|100\/100\n|switch|p2b: Dragapult|Dragapult, M, shiny|100\/100\n|turn|1\n|\n|t:|1667096557\n|switch|p1a: Whimsicott|Whimsicott, F|100\/100\n|switch|p2a: Indeedee|Indeedee-F, F, shiny|100\/100\n|move|p2b: Dragapult|Thunder Wave|p1b: Malamar\n|-status|p1b: Malamar|par\n|cant|p1b: Malamar|par\n|\n|upkeep\n|turn|2\n|\n|t:|1667096584\n|move|p1a: Whimsicott|Protect|p1a: Whimsicott\n|-singleturn|p1a: Whimsicott|Protect\n|move|p2b: Dragapult|Ally Switch|p2b: Dragapult\n|swap|p2b: Dragapult|0|[from] move: Ally Switch\n|move|p2b: Indeedee|Psych Up|null|[notarget]\n|-fail|p2b: Indeedee\n|move|p1b: Malamar|Hypnosis|p2b: Indeedee|[miss]\n|-miss|p1b: Malamar|p2b: Indeedee\n|\n|upkeep\n|turn|3\n|\n|t:|1667096606\n|switch|p1a: Blastoise|Blastoise, M|100\/100\n|move|p2a: Dragapult|Thunder Wave|p1a: Blastoise\n|-status|p1a: Blastoise|par\n|move|p2b: Indeedee|Future Sight|p1a: Blastoise\n|-start|p2b: Indeedee|move: Future Sight\n|move|p1b: Malamar|Hypnosis|p2a: Dragapult|[miss]\n|-miss|p1b: Malamar|p2a: Dragapult\n|\n|upkeep\n|turn|4\n|\n|t:|1667096629\n|move|p2a: Dragapult|Ally Switch|p2a: Dragapult\n|swap|p2a: Dragapult|1|[from] move: Ally Switch\n|move|p1b: Malamar|Ally Switch|p1b: Malamar\n|swap|p1b: Malamar|0|[from] move: Ally Switch\n|move|p2a: Indeedee|Future Sight|p1b: Blastoise\n|-start|p2a: Indeedee|move: Future Sight\n|move|p1b: Blastoise|Toxic||[still]\n|-status|p2a: Indeedee|tox\n|-activate|p2a: Indeedee|ability: Synchronize\n|-fail|p2a: Indeedee\n|\n|-damage|p2a: Indeedee|94\/100 tox|[from] psn\n|upkeep\n|turn|5\n|\n|t:|1667096649\n|move|p2a: Indeedee|Helping Hand|p2b: Dragapult\n|-singleturn|p2b: Dragapult|Helping Hand|[of] p2a: Indeedee\n|cant|p1a: Malamar|par\n|move|p2b: Dragapult|Phantom Force||[still]\n|-prepare|p2b: Dragapult|Phantom Force\n|move|p1b: Blastoise|Toxic|p2b: Dragapult|[miss]\n|-miss|p1b: Blastoise|p2b: Dragapult\n|\n|-end|p1a: Malamar|move: Future Sight\n|-immune|p1a: Malamar\n|-damage|p2a: Indeedee|82\/100 tox|[from] psn\n|upkeep\n|turn|6\n|\n|t:|1667096671\n|move|p1a: Malamar|Ally Switch|p1a: Malamar\n|swap|p1a: Malamar|1|[from] move: Ally Switch\n|move|p2b: Dragapult|Phantom Force|p1b: Malamar|[from]lockedmove\n|-damage|p1b: Malamar|67\/100 par\n|move|p2a: Indeedee|Energy Ball|p1b: Malamar\n|-damage|p1b: Malamar|41\/100 par\n|-enditem|p1b: Malamar|Sitrus Berry|[eat]\n|-heal|p1b: Malamar|66\/100 par|[from] item: Sitrus Berry\n|move|p1a: Blastoise|Toxic|p2a: Indeedee\n|-fail|p2a: Indeedee|tox\n|\n|-end|p1b: Malamar|move: Future Sight\n|-immune|p1b: Malamar\n|-damage|p2a: Indeedee|64\/100 tox|[from] psn\n|upkeep\n|turn|7\n|\n|t:|1667096697\n|move|p1b: Malamar|Ally Switch|p1b: Malamar\n|swap|p1b: Malamar|0|[from] move: Ally Switch\n|move|p2b: Dragapult|Dragon Darts|p1b: Blastoise\n|-damage|p1b: Blastoise|81\/100 par\n|-anim|p2b: Dragapult|Dragon Darts|p1a: Malamar\n|-damage|p1a: Malamar|49\/100 par\n|move|p2a: Indeedee|Future Sight|p1b: Blastoise\n|-start|p2a: Indeedee|move: Future Sight\n|move|p1b: Blastoise|Toxic|p2b: Dragapult\n|-status|p2b: Dragapult|tox\n|\n|-damage|p2b: Dragapult|95\/100 tox|[from] psn\n|-damage|p2a: Indeedee|40\/100 tox|[from] psn\n|upkeep\n|turn|8\n|\n|t:|1667096724\n|switch|p1a: Whimsicott|Whimsicott, F|100\/100\n|move|p2b: Dragapult|Dragon Darts|p1b: Blastoise\n|-damage|p1b: Blastoise|62\/100 par\n|-anim|p2b: Dragapult|Dragon Darts|p1b: Blastoise\n|-damage|p1b: Blastoise|42\/100 par\n|-enditem|p1b: Blastoise|Sitrus Berry|[eat]\n|-heal|p1b: Blastoise|67\/100 par|[from] item: Sitrus Berry\n|move|p2a: Indeedee|Future Sight||[still]\n|-fail|p2a: Indeedee\n|move|p1b: Blastoise|Flip Turn|p2a: Indeedee\n|-damage|p2a: Indeedee|8\/100 tox\n|\n|t:|1667096740\n|switch|p1b: Mew|Mew|100\/100|[from]move: Flip Turn\n|\n|-damage|p2b: Dragapult|83\/100 tox|[from] psn\n|-damage|p2a: Indeedee|0 fnt|[from] psn\n|faint|p2a: Indeedee\n|upkeep\n|\n|t:|1667096750\n|switch|p2a: Torkoal|Torkoal, M, shiny|100\/100\n|turn|9\n|\n|t:|1667096764\n|move|p1a: Whimsicott|Protect|p1a: Whimsicott\n|-singleturn|p1a: Whimsicott|Protect\n|move|p2b: Dragapult|Phantom Force||[still]\n|-prepare|p2b: Dragapult|Phantom Force\n|move|p1b: Mew|Earthquake|p2b: Dragapult|[spread] p2a\n|-miss|p1b: Mew|p2b: Dragapult\n|-activate|p1a: Whimsicott|move: Protect\n|-supereffective|p2a: Torkoal\n|-damage|p2a: Torkoal|55\/100\n|move|p2a: Torkoal|Shell Smash|p2a: Torkoal\n|-unboost|p2a: Torkoal|def|1\n|-unboost|p2a: Torkoal|spd|1\n|-boost|p2a: Torkoal|atk|2\n|-boost|p2a: Torkoal|spa|2\n|-boost|p2a: Torkoal|spe|2\n|\n|-end|p1b: Mew|move: Future Sight\n|-resisted|p1b: Mew\n|-damage|p1b: Mew|76\/100\n|-damage|p2b: Dragapult|65\/100 tox|[from] psn\n|upkeep\n|turn|10\n|\n|t:|1667096799\n|switch|p1b: Malamar|Malamar, M|49\/100 par\n|move|p1a: Whimsicott|Tailwind|p1a: Whimsicott\n|-sidestart|p1: Blacksponge|move: Tailwind\n|move|p2b: Dragapult|Phantom Force|p1b: Malamar|[from]lockedmove\n|-damage|p1b: Malamar|20\/100 par\n|move|p2a: Torkoal|Eruption|p1a: Whimsicott|[spread] p1a,p1b\n|-supereffective|p1a: Whimsicott\n|-enditem|p1a: Whimsicott|Focus Sash\n|-damage|p1a: Whimsicott|1\/100\n|-damage|p1b: Malamar|0 fnt\n|faint|p1b: Malamar\n|\n|-damage|p2b: Dragapult|41\/100 tox|[from] psn\n|upkeep\n|\n|t:|1667096811\n|switch|p1b: Mew|Mew|76\/100\n|turn|11\n|\n|t:|1667096826\n|move|p1a: Whimsicott|Helping Hand|p1b: Mew\n|-singleturn|p1b: Mew|Helping Hand|[of] p1a: Whimsicott\n|move|p1b: Mew|Earthquake|p2b: Dragapult|[spread] p1a,p2a,p2b\n|-resisted|p1a: Whimsicott\n|-supereffective|p2a: Torkoal\n|-damage|p1a: Whimsicott|0 fnt\n|-damage|p2a: Torkoal|0 fnt\n|-damage|p2b: Dragapult|0 fnt\n|faint|p1a: Whimsicott\n|faint|p2a: Torkoal\n|faint|p2b: Dragapult\n|\n|upkeep\n|\n|t:|1667096844\n|switch|p2b: Landorus|Landorus, M, shiny|100\/100\n|switch|p1a: Blastoise|Blastoise, M|67\/100 par\n|switch|p2a: Heatran|Heatran, M, shiny|100\/100\n|turn|12\n|\n|t:|1667096861\n|move|p1b: Mew|Earthquake|p2b: Landorus|[spread] p1a,p2a\n|-immune|p2b: Landorus\n|-supereffective|p2a: Heatran\n|-damage|p1a: Blastoise|50\/100 par\n|-damage|p2a: Heatran|19\/100\n|move|p2b: Landorus|Earthquake|p1a: Blastoise|[spread] p2a,p1a,p1b\n|-supereffective|p2a: Heatran\n|-damage|p2a: Heatran|0 fnt\n|-damage|p1a: Blastoise|14\/100 par\n|-damage|p1b: Mew|23\/100\n|faint|p2a: Heatran\n|-damage|p2b: Landorus|91\/100|[from] item: Life Orb\n|move|p1a: Blastoise|Flip Turn|p2b: Landorus\n|-supereffective|p2b: Landorus\n|-damage|p2b: Landorus|29\/100\n|\n|t:|1667096874\n|switch|p1a: Kyurem|Kyurem-Black|100\/100|[from]move: Flip Turn\n|-ability|p1a: Kyurem|Teravolt\n|\n|upkeep\n|\n|t:|1667096880\n|switch|p2a: Hatterene|Hatterene, F, shiny|100\/100\n|turn|13\n|\n|t:|1667096899\n|move|p1b: Mew|Explosion|p2b: Landorus|[spread] p1a,p2a,p2b\n|-enditem|p1b: Mew|Normal Gem|[from] gem\n|-damage|p1a: Kyurem|41\/100\n|-damage|p2a: Hatterene|20\/100\n|-damage|p2b: Landorus|0 fnt\n|faint|p1b: Mew\n|faint|p2b: Landorus\n|move|p1a: Kyurem|Fusion Bolt|p2a: Hatterene\n|-damage|p2a: Hatterene|0 fnt\n|faint|p2a: Hatterene\n|\n|win|Blacksponge\n|raw|Blacksponge's rating: 1111 &rarr; <strong>1128<\/strong><br \/>(+17 for winning)\n|raw|big poky man's rating: 1000 &rarr; <strong>1000<\/strong><br \/>(+0 for losing)\n|c|\u2606Blacksponge|gg\n","uploadtime":1667096909,"views":7,"p1id":"blacksponge","p2id":"bigpokyman","formatid":"gen8doublesou","rating":1000,"private":0,"password":null}