{"id":"gen8ou-1579777010","p1":"tanishq1","p2":"PurebredCorgi","format":"gen8ou","log":"|j|\u2606tanishq1\n|j|\u2606PurebredCorgi\n|t:|1653150344\n|gametype|singles\n|player|p1|tanishq1|1|1602\n|player|p2|PurebredCorgi|bugcatcher-gen4dp|1604\n|teamsize|p1|6\n|teamsize|p2|6\n|gen|8\n|tier|[Gen 8] OU\n|rated|\n|rule|Sleep Clause Mod: Limit one foe put to sleep\n|rule|Species Clause: Limit one of each Pok\u00e9mon\n|rule|OHKO Clause: OHKO moves are banned\n|rule|Evasion Moves Clause: Evasion moves are banned\n|rule|Endless Battle Clause: Forcing endless battles is banned\n|rule|HP Percentage Mod: HP is shown in percentages\n|rule|Dynamax Clause: You cannot dynamax\n|clearpoke\n|poke|p1|Clefable, F|\n|poke|p1|Ferrothorn, F|\n|poke|p1|Dragonite, F|\n|poke|p1|Landorus-Therian, M|\n|poke|p1|Volcarona, F|\n|poke|p1|Tapu Koko|\n|poke|p2|Crawdaunt, M|\n|poke|p2|Espeon, M|\n|poke|p2|Whimsicott, M|\n|poke|p2|Suicune|\n|poke|p2|Volcarona, M|\n|poke|p2|Dragonite, M|\n|teampreview\n|inactive|Battle timer is ON: inactive players will automatically lose when time's up. (requested by PurebredCorgi)\n|\n|t:|1653150351\n|start\n|switch|p1a: I Hate Monday...|Landorus-Therian, M|100\/100\n|switch|p2a: Espeon|Espeon, M|100\/100\n|-ability|p1a: I Hate Monday...|Intimidate|boost\n|-unboost|p2a: Espeon|atk|1\n|turn|1\n|\n|t:|1653150360\n|move|p2a: Espeon|Reflect|p2a: Espeon\n|-sidestart|p2: PurebredCorgi|Reflect\n|move|p1a: I Hate Monday...|U-turn|p2a: Espeon\n|-supereffective|p2a: Espeon\n|-damage|p2a: Espeon|62\/100\n|\n|t:|1653150364\n|switch|p1a: Mind Goblin|Tapu Koko|100\/100|[from]move: U-turn\n|-fieldstart|move: Electric Terrain|[from] ability: Electric Surge|[of] p1a: Mind Goblin\n|\n|upkeep\n|turn|2\n|\n|t:|1653150370\n|move|p1a: Mind Goblin|Calm Mind|p1a: Mind Goblin\n|-boost|p1a: Mind Goblin|spa|1\n|-boost|p1a: Mind Goblin|spd|1\n|move|p2a: Espeon|Light Screen|p2a: Espeon\n|-sidestart|p2: PurebredCorgi|move: Light Screen\n|\n|upkeep\n|turn|3\n|\n|t:|1653150383\n|switch|p2a: Dragonite|Dragonite, M, shiny|100\/100\n|move|p1a: Mind Goblin|Thunderbolt|p2a: Dragonite\n|-damage|p2a: Dragonite|80\/100\n|\n|upkeep\n|turn|4\n|\n|t:|1653150389\n|switch|p1a: Peter Griffin|Ferrothorn, F|100\/100\n|move|p2a: Dragonite|Dragon Dance|p2a: Dragonite\n|-boost|p2a: Dragonite|atk|1\n|-boost|p2a: Dragonite|spe|1\n|\n|upkeep\n|turn|5\n|\n|t:|1653150398\n|move|p2a: Dragonite|Dragon Dance|p2a: Dragonite\n|-boost|p2a: Dragonite|atk|1\n|-boost|p2a: Dragonite|spe|1\n|move|p1a: Peter Griffin|Leech Seed|p2a: Dragonite\n|-start|p2a: Dragonite|move: Leech Seed\n|\n|-damage|p2a: Dragonite|67\/100|[from] Leech Seed|[of] p1a: Peter Griffin\n|-fieldend|move: Electric Terrain\n|upkeep\n|turn|6\n|\n|t:|1653150405\n|move|p2a: Dragonite|Ice Punch|p1a: Peter Griffin\n|-damage|p1a: Peter Griffin|70\/100\n|-damage|p2a: Dragonite|55\/100|[from] ability: Iron Barbs|[of] p1a: Peter Griffin\n|move|p1a: Peter Griffin|Gyro Ball|p2a: Dragonite\n|-damage|p2a: Dragonite|30\/100\n|\n|-heal|p1a: Peter Griffin|76\/100|[from] item: Leftovers\n|-damage|p2a: Dragonite|17\/100|[from] Leech Seed|[of] p1a: Peter Griffin\n|-heal|p1a: Peter Griffin|87\/100|[silent]\n|upkeep\n|turn|7\n|\n|t:|1653150414\n|switch|p2a: Espeon|Espeon, M|62\/100\n|move|p1a: Peter Griffin|Spikes|p2a: Espeon\n|move|p2a: Espeon|Spikes|p1a: Peter Griffin|[from]ability: Magic Bounce\n|-sidestart|p1: tanishq1|Spikes\n|\n|-heal|p1a: Peter Griffin|93\/100|[from] item: Leftovers\n|upkeep\n|turn|8\n|\n|t:|1653150422\n|move|p2a: Espeon|Yawn|p1a: Peter Griffin\n|-start|p1a: Peter Griffin|move: Yawn|[of] p2a: Espeon\n|move|p1a: Peter Griffin|Gyro Ball|p2a: Espeon\n|-crit|p2a: Espeon\n|-damage|p2a: Espeon|0 fnt\n|faint|p2a: Espeon\n|\n|-heal|p1a: Peter Griffin|99\/100|[from] item: Leftovers\n|-sideend|p2: PurebredCorgi|Reflect\n|upkeep\n|\n|t:|1653150446\n|switch|p2a: Suicune|Suicune, shiny|100\/100\n|-ability|p2a: Suicune|Pressure\n|turn|9\n|\n|t:|1653150455\n|switch|p1a: Mind Goblin|Tapu Koko|100\/100\n|-fieldstart|move: Electric Terrain|[from] ability: Electric Surge|[of] p1a: Mind Goblin\n|move|p2a: Suicune|Calm Mind|p2a: Suicune\n|-boost|p2a: Suicune|spa|1\n|-boost|p2a: Suicune|spd|1\n|\n|-sideend|p2: PurebredCorgi|move: Light Screen\n|upkeep\n|turn|10\n|\n|t:|1653150465\n|move|p1a: Mind Goblin|Calm Mind|p1a: Mind Goblin\n|-boost|p1a: Mind Goblin|spa|1\n|-boost|p1a: Mind Goblin|spd|1\n|move|p2a: Suicune|Scald|p1a: Mind Goblin\n|-damage|p1a: Mind Goblin|63\/100\n|-status|p1a: Mind Goblin|brn\n|\n|-damage|p1a: Mind Goblin|57\/100 brn|[from] brn\n|upkeep\n|turn|11\n|\n|t:|1653150482\n|switch|p2a: Whimsicott|Whimsicott, M, shiny|100\/100\n|move|p1a: Mind Goblin|Roost|p1a: Mind Goblin\n|-heal|p1a: Mind Goblin|100\/100 brn\n|-singleturn|p1a: Mind Goblin|move: Roost\n|\n|-damage|p1a: Mind Goblin|94\/100 brn|[from] brn\n|upkeep\n|turn|12\n|\n|t:|1653150490\n|switch|p1a: Nightcore Drake|Clefable, F, shiny|100\/100\n|move|p2a: Whimsicott|Moonblast|p1a: Nightcore Drake\n|-damage|p1a: Nightcore Drake|79\/100\n|-unboost|p1a: Nightcore Drake|spa|1\n|\n|upkeep\n|turn|13\n|\n|t:|1653150497\n|move|p2a: Whimsicott|Stun Spore|p1a: Nightcore Drake\n|-status|p1a: Nightcore Drake|par\n|move|p1a: Nightcore Drake|Thunder Wave|p2a: Whimsicott\n|-status|p2a: Whimsicott|par\n|\n|-fieldend|move: Electric Terrain\n|upkeep\n|turn|14\n|\n|t:|1653150511\n|switch|p2a: Dragonite|Dragonite, M, shiny|17\/100\n|cant|p1a: Nightcore Drake|par\n|\n|upkeep\n|turn|15\n|\n|t:|1653150516\n|move|p2a: Dragonite|Earthquake|p1a: Nightcore Drake\n|-damage|p1a: Nightcore Drake|42\/100 par\n|move|p1a: Nightcore Drake|Moonblast|p2a: Dragonite\n|-supereffective|p2a: Dragonite\n|-damage|p2a: Dragonite|0 fnt\n|faint|p2a: Dragonite\n|\n|upkeep\n|\n|t:|1653150534\n|switch|p2a: Crawdaunt|Crawdaunt, M|100\/100\n|turn|16\n|\n|t:|1653150537\n|move|p2a: Crawdaunt|Crabhammer|p1a: Nightcore Drake\n|-damage|p1a: Nightcore Drake|0 fnt\n|faint|p1a: Nightcore Drake\n|-damage|p2a: Crawdaunt|91\/100|[from] item: Life Orb\n|\n|upkeep\n|\n|t:|1653150541\n|switch|p1a: I Hate Monday...|Landorus-Therian, M|100\/100\n|-ability|p1a: I Hate Monday...|Intimidate|boost\n|-unboost|p2a: Crawdaunt|atk|1\n|turn|17\n|\n|t:|1653150545\n|move|p1a: I Hate Monday...|Earthquake|p2a: Crawdaunt\n|-damage|p2a: Crawdaunt|0 fnt\n|faint|p2a: Crawdaunt\n|\n|upkeep\n|\n|t:|1653150553\n|switch|p2a: Whimsicott|Whimsicott, M, shiny|100\/100 par\n|turn|18\n|\n|t:|1653150555\n|move|p2a: Whimsicott|Stun Spore|p1a: I Hate Monday...\n|-status|p1a: I Hate Monday...|par\n|move|p1a: I Hate Monday...|Stealth Rock|p2a: Whimsicott\n|-sidestart|p2: PurebredCorgi|move: Stealth Rock\n|\n|upkeep\n|turn|19\n|\n|t:|1653150560\n|move|p2a: Whimsicott|Defog|p1a: I Hate Monday...\n|-unboost|p1a: I Hate Monday...|evasion|1\n|-sideend|p1: tanishq1|Spikes|[from] move: Defog|[of] p2a: Whimsicott\n|-sideend|p2: PurebredCorgi|Stealth Rock|[from] move: Defog|[of] p2a: Whimsicott\n|move|p1a: I Hate Monday...|U-turn|p2a: Whimsicott\n|-damage|p2a: Whimsicott|62\/100 par\n|\n|t:|1653150565\n|switch|p1a: Peter Griffin|Ferrothorn, F|99\/100|[from]move: U-turn\n|\n|-heal|p1a: Peter Griffin|100\/100|[from] item: Leftovers\n|upkeep\n|turn|20\n|\n|t:|1653150572\n|switch|p2a: Volcarona|Volcarona, M, shiny|100\/100\n|move|p1a: Peter Griffin|Knock Off|p2a: Volcarona\n|-damage|p2a: Volcarona|78\/100\n|-status|p1a: Peter Griffin|brn|[from] ability: Flame Body|[of] p2a: Volcarona\n|-enditem|p2a: Volcarona|Sitrus Berry|[from] move: Knock Off|[of] p1a: Peter Griffin\n|\n|-damage|p1a: Peter Griffin|95\/100 brn|[from] brn\n|upkeep\n|turn|21\n|\n|t:|1653150584\n|switch|p1a: I Hate Monday...|Landorus-Therian, M|100\/100 par\n|-ability|p1a: I Hate Monday...|Intimidate|boost\n|-unboost|p2a: Volcarona|atk|1\n|move|p2a: Volcarona|Fiery Dance|p1a: I Hate Monday...\n|-damage|p1a: I Hate Monday...|57\/100 par\n|-boost|p2a: Volcarona|spa|1\n|\n|upkeep\n|turn|22\n|\n|t:|1653150593\n|move|p2a: Volcarona|Fiery Dance|p1a: I Hate Monday...\n|-damage|p1a: I Hate Monday...|0 fnt\n|faint|p1a: I Hate Monday...\n|\n|upkeep\n|\n|t:|1653150596\n|switch|p1a: GE\u00cbK PACK|Dragonite, F|100\/100\n|turn|23\n|\n|t:|1653150611\n|switch|p2a: Whimsicott|Whimsicott, M, shiny|62\/100 par\n|move|p1a: GE\u00cbK PACK|Earthquake|p2a: Whimsicott\n|-resisted|p2a: Whimsicott\n|-damage|p2a: Whimsicott|38\/100 par\n|\n|upkeep\n|turn|24\n|\n|t:|1653150617\n|switch|p1a: Peter Griffin|Ferrothorn, F|95\/100 brn\n|move|p2a: Whimsicott|Stun Spore|p1a: Peter Griffin\n|-immune|p1a: Peter Griffin\n|\n|-heal|p1a: Peter Griffin|100\/100 brn|[from] item: Leftovers\n|-damage|p1a: Peter Griffin|95\/100 brn|[from] brn\n|upkeep\n|turn|25\n|\n|t:|1653150625\n|switch|p2a: Volcarona|Volcarona, M, shiny|78\/100\n|move|p1a: Peter Griffin|Spikes|p2a: Volcarona\n|-sidestart|p2: PurebredCorgi|Spikes\n|\n|-heal|p1a: Peter Griffin|100\/100 brn|[from] item: Leftovers\n|-damage|p1a: Peter Griffin|95\/100 brn|[from] brn\n|upkeep\n|turn|26\n|\n|t:|1653150632\n|switch|p1a: GE\u00cbK PACK|Dragonite, F|100\/100\n|move|p2a: Volcarona|Quiver Dance|p2a: Volcarona\n|-boost|p2a: Volcarona|spa|1\n|-boost|p2a: Volcarona|spd|1\n|-boost|p2a: Volcarona|spe|1\n|\n|upkeep\n|turn|27\n|\n|t:|1653150637\n|move|p2a: Volcarona|Fiery Dance|p1a: GE\u00cbK PACK\n|-resisted|p1a: GE\u00cbK PACK\n|-damage|p1a: GE\u00cbK PACK|90\/100\n|move|p1a: GE\u00cbK PACK|Dragon Dance|p1a: GE\u00cbK PACK\n|-boost|p1a: GE\u00cbK PACK|atk|1\n|-boost|p1a: GE\u00cbK PACK|spe|1\n|\n|upkeep\n|turn|28\n|\n|t:|1653150647\n|move|p2a: Volcarona|Quiver Dance|p2a: Volcarona\n|-boost|p2a: Volcarona|spa|1\n|-boost|p2a: Volcarona|spd|1\n|-boost|p2a: Volcarona|spe|1\n|move|p1a: GE\u00cbK PACK|Roost|p1a: GE\u00cbK PACK\n|-heal|p1a: GE\u00cbK PACK|100\/100\n|-singleturn|p1a: GE\u00cbK PACK|move: Roost\n|\n|upkeep\n|turn|29\n|\n|t:|1653150653\n|move|p2a: Volcarona|Fiery Dance|p1a: GE\u00cbK PACK\n|-resisted|p1a: GE\u00cbK PACK\n|-damage|p1a: GE\u00cbK PACK|85\/100\n|-boost|p2a: Volcarona|spa|1\n|move|p1a: GE\u00cbK PACK|Earthquake|p2a: Volcarona\n|-damage|p2a: Volcarona|21\/100\n|\n|upkeep\n|turn|30\n|\n|t:|1653150672\n|move|p2a: Volcarona|Psychic|p1a: GE\u00cbK PACK\n|-damage|p1a: GE\u00cbK PACK|26\/100\n|move|p1a: GE\u00cbK PACK|Earthquake|p2a: Volcarona\n|-damage|p2a: Volcarona|0 fnt\n|faint|p2a: Volcarona\n|\n|upkeep\n|\n|t:|1653150681\n|switch|p2a: Whimsicott|Whimsicott, M, shiny|38\/100 par\n|-damage|p2a: Whimsicott|26\/100 par|[from] Spikes\n|turn|31\n|inactive|PurebredCorgi has 120 seconds left.\n|\n|t:|1653150707\n|move|p2a: Whimsicott|Stun Spore|p1a: GE\u00cbK PACK\n|-status|p1a: GE\u00cbK PACK|par\n|move|p1a: GE\u00cbK PACK|Ice Punch|p2a: Whimsicott\n|-supereffective|p2a: Whimsicott\n|-damage|p2a: Whimsicott|0 fnt\n|faint|p2a: Whimsicott\n|\n|upkeep\n|inactive|PurebredCorgi has 120 seconds left.\n|\n|t:|1653150713\n|switch|p2a: Suicune|Suicune, shiny|100\/100\n|-damage|p2a: Suicune|88\/100|[from] Spikes\n|-ability|p2a: Suicune|Pressure\n|turn|32\n|\n|t:|1653150721\n|switch|p1a: Mind Goblin|Tapu Koko|94\/100 brn\n|-fieldstart|move: Electric Terrain|[from] ability: Electric Surge|[of] p1a: Mind Goblin\n|move|p2a: Suicune|Calm Mind|p2a: Suicune\n|-boost|p2a: Suicune|spa|1\n|-boost|p2a: Suicune|spd|1\n|\n|-heal|p2a: Suicune|94\/100|[from] item: Leftovers\n|-damage|p1a: Mind Goblin|88\/100 brn|[from] brn\n|upkeep\n|turn|33\n|\n|t:|1653150730\n|move|p1a: Mind Goblin|Calm Mind|p1a: Mind Goblin\n|-boost|p1a: Mind Goblin|spa|1\n|-boost|p1a: Mind Goblin|spd|1\n|move|p2a: Suicune|Calm Mind|p2a: Suicune\n|-boost|p2a: Suicune|spa|1\n|-boost|p2a: Suicune|spd|1\n|\n|-heal|p2a: Suicune|100\/100|[from] item: Leftovers\n|-damage|p1a: Mind Goblin|82\/100 brn|[from] brn\n|upkeep\n|turn|34\n|\n|t:|1653150738\n|move|p1a: Mind Goblin|Thunderbolt|p2a: Suicune\n|-supereffective|p2a: Suicune\n|-damage|p2a: Suicune|47\/100\n|move|p2a: Suicune|Calm Mind|p2a: Suicune\n|-boost|p2a: Suicune|spa|1\n|-boost|p2a: Suicune|spd|1\n|\n|-heal|p2a: Suicune|53\/100|[from] item: Leftovers\n|-damage|p1a: Mind Goblin|76\/100 brn|[from] brn\n|upkeep\n|turn|35\n|\n|t:|1653150746\n|move|p1a: Mind Goblin|Thunderbolt|p2a: Suicune\n|-supereffective|p2a: Suicune\n|-damage|p2a: Suicune|10\/100\n|move|p2a: Suicune|Scald|p1a: Mind Goblin\n|-damage|p1a: Mind Goblin|12\/100 brn\n|\n|-heal|p2a: Suicune|16\/100|[from] item: Leftovers\n|-damage|p1a: Mind Goblin|6\/100 brn|[from] brn\n|upkeep\n|turn|36\n|\n|t:|1653150754\n|move|p2a: Suicune|Protect|p2a: Suicune\n|-singleturn|p2a: Suicune|Protect\n|move|p1a: Mind Goblin|Thunderbolt|p2a: Suicune\n|-activate|p2a: Suicune|move: Protect\n|\n|-heal|p2a: Suicune|22\/100|[from] item: Leftovers\n|-damage|p1a: Mind Goblin|0 fnt|[from] brn\n|faint|p1a: Mind Goblin\n|-fieldend|move: Electric Terrain\n|upkeep\n|\n|t:|1653150756\n|switch|p1a: Sick Ass Cat|Volcarona, F|100\/100\n|turn|37\n|\n|t:|1653150766\n|move|p2a: Suicune|Scald|p1a: Sick Ass Cat\n|-supereffective|p1a: Sick Ass Cat\n|-damage|p1a: Sick Ass Cat|0 fnt\n|faint|p1a: Sick Ass Cat\n|\n|-heal|p2a: Suicune|28\/100|[from] item: Leftovers\n|upkeep\n|\n|t:|1653150769\n|switch|p1a: GE\u00cbK PACK|Dragonite, F|26\/100 par\n|turn|38\n|\n|t:|1653150783\n|move|p2a: Suicune|Scald|p1a: GE\u00cbK PACK\n|-resisted|p1a: GE\u00cbK PACK\n|-damage|p1a: GE\u00cbK PACK|2\/100 par\n|cant|p1a: GE\u00cbK PACK|par\n|\n|-heal|p2a: Suicune|34\/100|[from] item: Leftovers\n|upkeep\n|turn|39\n|\n|t:|1653150789\n|move|p2a: Suicune|Scald|p1a: GE\u00cbK PACK\n|-resisted|p1a: GE\u00cbK PACK\n|-damage|p1a: GE\u00cbK PACK|0 fnt\n|faint|p1a: GE\u00cbK PACK\n|\n|-heal|p2a: Suicune|41\/100|[from] item: Leftovers\n|upkeep\n|\n|t:|1653150794\n|switch|p1a: Peter Griffin|Ferrothorn, F|95\/100 brn\n|turn|40\n|\n|t:|1653150799\n|move|p2a: Suicune|Protect|p2a: Suicune\n|-singleturn|p2a: Suicune|Protect\n|move|p1a: Peter Griffin|Knock Off|p2a: Suicune\n|-activate|p2a: Suicune|move: Protect\n|\n|-heal|p2a: Suicune|47\/100|[from] item: Leftovers\n|-heal|p1a: Peter Griffin|100\/100 brn|[from] item: Leftovers\n|-damage|p1a: Peter Griffin|95\/100 brn|[from] brn\n|upkeep\n|turn|41\n|\n|t:|1653150807\n|move|p2a: Suicune|Substitute|p2a: Suicune\n|-start|p2a: Suicune|Substitute\n|-damage|p2a: Suicune|22\/100\n|move|p1a: Peter Griffin|Leech Seed||[still]\n|-fail|p1a: Peter Griffin\n|\n|-heal|p2a: Suicune|28\/100|[from] item: Leftovers\n|-heal|p1a: Peter Griffin|100\/100 brn|[from] item: Leftovers\n|-damage|p1a: Peter Griffin|95\/100 brn|[from] brn\n|upkeep\n|turn|42\n|-message|tanishq1 forfeited.\n|\n|win|PurebredCorgi\n|raw|tanishq1's rating: 1602 &rarr; <strong>1582<\/strong><br \/>(-20 for losing)\n|raw|PurebredCorgi's rating: 1604 &rarr; <strong>1624<\/strong><br \/>(+20 for winning)\n","uploadtime":1653150823,"views":72,"p1id":"tanishq1","p2id":"purebredcorgi","formatid":"gen8ou","rating":1582,"private":0,"password":null}