{"id":"gen8ou-1692648063","p1":"OUTD Wraks2","p2":"khatru my goat","format":"gen8ou","log":"|html|<div class=\"broadcast-blue\"><strong>[Gen 8] OU is currently suspecting Melmetal! For information on how to participate check out the <a href=\"https:\/\/www.smogon.com\/forums\/threads\/np-ss-ou-suspect-process-round-12-monster-mash.3709234\/\">suspect thread<\/a>.<\/strong><\/div>\n|j|\u2606OUTD Wraks2\n|j|\u2606khatru my goat\n|t:|1666514304\n|gametype|singles\n|player|p1|OUTD Wraks2|266|1657\n|player|p2|khatru my goat|teamrocket|1681\n|teamsize|p1|6\n|teamsize|p2|6\n|gen|8\n|tier|[Gen 8] OU\n|rated|\n|rule|Sleep Clause Mod: Limit one foe put to sleep\n|rule|Species Clause: Limit one of each Pok\u00e9mon\n|rule|OHKO Clause: OHKO moves are banned\n|rule|Evasion Items Clause: Evasion items are banned\n|rule|Evasion Moves Clause: Evasion moves are banned\n|rule|Endless Battle Clause: Forcing endless battles is banned\n|rule|HP Percentage Mod: HP is shown in percentages\n|rule|Dynamax Clause: You cannot dynamax\n|clearpoke\n|poke|p1|Pelipper, F|\n|poke|p1|Slowbro, M|\n|poke|p1|Tornadus-Therian, M|\n|poke|p1|Thundurus-Therian, M|\n|poke|p1|Blissey, F|\n|poke|p1|Urshifu-*, M|\n|poke|p2|Corviknight, M|\n|poke|p2|Tyranitar, F|\n|poke|p2|Excadrill, F|\n|poke|p2|Mew|\n|poke|p2|Dracozolt|\n|poke|p2|Hydreigon, M|\n|teampreview\n|inactive|Battle timer is ON: inactive players will automatically lose when time's up. (requested by OUTD Wraks2)\n|\n|t:|1666514318\n|start\n|switch|p1a: Pelipper|Pelipper, F|100\/100\n|switch|p2a: Mew|Mew|100\/100\n|-weather|RainDance|[from] ability: Drizzle|[of] p1a: Pelipper\n|turn|1\n|j| zhuzi\n|\n|t:|1666514327\n|move|p2a: Mew|Spikes|p1a: Pelipper\n|-sidestart|p1: OUTD Wraks2|Spikes\n|move|p1a: Pelipper|U-turn|p2a: Mew\n|-supereffective|p2a: Mew\n|-damage|p2a: Mew|85\/100\n|\n|t:|1666514332\n|switch|p1a: Thundurus|Thundurus-Therian, M|100\/100|[from]move: U-turn\n|\n|-weather|RainDance|[upkeep]\n|upkeep\n|turn|2\n|\n|t:|1666514343\n|switch|p2a: Tyranitar|Tyranitar, F|100\/100\n|-weather|Sandstorm|[from] ability: Sand Stream|[of] p2a: Tyranitar\n|move|p1a: Thundurus|Thunder|p2a: Tyranitar\n|-crit|p2a: Tyranitar\n|-damage|p2a: Tyranitar|48\/100\n|\n|-weather|Sandstorm|[upkeep]\n|-damage|p1a: Thundurus|94\/100|[from] Sandstorm\n|upkeep\n|turn|3\n|\n|t:|1666514367\n|switch|p1a: Urshifu|Urshifu-Rapid-Strike, M|100\/100\n|-damage|p1a: Urshifu|88\/100|[from] Spikes\n|switch|p2a: Mew|Mew|85\/100\n|\n|-weather|Sandstorm|[upkeep]\n|-damage|p1a: Urshifu|82\/100|[from] Sandstorm\n|-damage|p2a: Mew|79\/100|[from] Sandstorm\n|upkeep\n|turn|4\n|\n|t:|1666514375\n|move|p1a: Urshifu|U-turn|p2a: Mew\n|-supereffective|p2a: Mew\n|-damage|p2a: Mew|35\/100\n|\n|t:|1666514377\n|switch|p1a: Pelipper|Pelipper, F|100\/100|[from]move: U-turn\n|-weather|RainDance|[from] ability: Drizzle|[of] p1a: Pelipper\n|move|p2a: Mew|Knock Off|p1a: Pelipper\n|-damage|p1a: Pelipper|77\/100\n|-enditem|p1a: Pelipper|Damp Rock|[from] move: Knock Off|[of] p2a: Mew\n|\n|-weather|RainDance|[upkeep]\n|upkeep\n|turn|5\n|\n|t:|1666514382\n|move|p2a: Mew|Knock Off|p1a: Pelipper\n|-damage|p1a: Pelipper|61\/100\n|move|p1a: Pelipper|U-turn|p2a: Mew\n|-supereffective|p2a: Mew\n|-damage|p2a: Mew|18\/100\n|\n|t:|1666514391\n|switch|p1a: Tornadus|Tornadus-Therian, M|100\/100|[from]move: U-turn\n|\n|-weather|RainDance|[upkeep]\n|upkeep\n|turn|6\n|\n|t:|1666514397\n|switch|p2a: Tyranitar|Tyranitar, F|48\/100\n|-weather|Sandstorm|[from] ability: Sand Stream|[of] p2a: Tyranitar\n|move|p1a: Tornadus|U-turn|p2a: Tyranitar\n|-supereffective|p2a: Tyranitar\n|-damage|p2a: Tyranitar|26\/100\n|\n|t:|1666514400\n|switch|p1a: Pelipper|Pelipper, F|61\/100|[from]move: U-turn\n|-weather|RainDance|[from] ability: Drizzle|[of] p1a: Pelipper\n|\n|-weather|RainDance|[upkeep]\n|upkeep\n|turn|7\n|\n|t:|1666514406\n|switch|p1a: Slowbro|Slowbro, M|100\/100\n|-damage|p1a: Slowbro|88\/100|[from] Spikes\n|switch|p2a: Mew|Mew|18\/100\n|\n|-weather|RainDance|[upkeep]\n|upkeep\n|turn|8\n|\n|t:|1666514428\n|switch|p2a: Dracozolt|Dracozolt|100\/100\n|move|p1a: Slowbro|Teleport|p1a: Slowbro\n|\n|t:|1666514437\n|switch|p1a: Thundurus|Thundurus-Therian, M|94\/100|[from]move: Teleport\n|\n|-weather|RainDance|[upkeep]\n|upkeep\n|turn|9\n|\n|t:|1666514443\n|move|p1a: Thundurus|Weather Ball|p2a: Dracozolt\n|-resisted|p2a: Dracozolt\n|-damage|p2a: Dracozolt|59\/100\n|move|p2a: Dracozolt|Draco Meteor|p1a: Thundurus\n|-damage|p1a: Thundurus|15\/100\n|-unboost|p2a: Dracozolt|spa|2\n|-damage|p2a: Dracozolt|49\/100|[from] item: Life Orb\n|\n|-weather|RainDance|[upkeep]\n|upkeep\n|turn|10\n|\n|t:|1666514458\n|switch|p2a: Hydreigon|Hydreigon, M|100\/100\n|move|p1a: Thundurus|Weather Ball|p2a: Hydreigon\n|-resisted|p2a: Hydreigon\n|-damage|p2a: Hydreigon|69\/100\n|\n|-weather|none\n|-heal|p2a: Hydreigon|75\/100|[from] item: Leftovers\n|upkeep\n|turn|11\n|\n|t:|1666514467\n|switch|p1a: Blissey|Blissey, F|100\/100\n|switch|p2a: Tyranitar|Tyranitar, F|26\/100\n|-weather|Sandstorm|[from] ability: Sand Stream|[of] p2a: Tyranitar\n|\n|-weather|Sandstorm|[upkeep]\n|-damage|p1a: Blissey|94\/100|[from] Sandstorm\n|upkeep\n|turn|12\n|\n|t:|1666514478\n|move|p2a: Tyranitar|Stealth Rock|p1a: Blissey\n|-sidestart|p1: OUTD Wraks2|move: Stealth Rock\n|move|p1a: Blissey|Teleport|p1a: Blissey\n|\n|t:|1666514486\n|switch|p1a: Urshifu|Urshifu-Rapid-Strike, M|82\/100|[from]move: Teleport\n|-damage|p1a: Urshifu|70\/100|[from] Spikes\n|-damage|p1a: Urshifu|64\/100|[from] Stealth Rock\n|\n|-weather|Sandstorm|[upkeep]\n|-damage|p1a: Urshifu|57\/100|[from] Sandstorm\n|upkeep\n|turn|13\n|\n|t:|1666514491\n|switch|p2a: Mew|Mew|18\/100\n|move|p1a: Urshifu|U-turn|p2a: Mew\n|-supereffective|p2a: Mew\n|-damage|p2a: Mew|0 fnt\n|faint|p2a: Mew\n|\n|t:|1666514498\n|switch|p1a: Pelipper|Pelipper, F|61\/100|[from]move: U-turn\n|-damage|p1a: Pelipper|36\/100|[from] Stealth Rock\n|-weather|RainDance|[from] ability: Drizzle|[of] p1a: Pelipper\n|\n|-weather|RainDance|[upkeep]\n|upkeep\n|\n|t:|1666514502\n|switch|p2a: Dracozolt|Dracozolt|49\/100\n|turn|14\n|\n|t:|1666514508\n|switch|p1a: Slowbro|Slowbro, M|100\/100\n|-damage|p1a: Slowbro|88\/100|[from] Spikes\n|-damage|p1a: Slowbro|76\/100|[from] Stealth Rock\n|move|p2a: Dracozolt|Bolt Beak|p1a: Slowbro\n|-supereffective|p1a: Slowbro\n|-damage|p1a: Slowbro|0 fnt\n|faint|p1a: Slowbro\n|-damage|p2a: Dracozolt|39\/100|[from] item: Life Orb\n|\n|-weather|RainDance|[upkeep]\n|upkeep\n|\n|t:|1666514513\n|switch|p1a: Tornadus|Tornadus-Therian, M|100\/100\n|turn|15\n|\n|t:|1666514519\n|switch|p2a: Corviknight|Corviknight, M|100\/100\n|-ability|p2a: Corviknight|Pressure\n|move|p1a: Tornadus|Nasty Plot|p1a: Tornadus\n|-boost|p1a: Tornadus|spa|2\n|\n|-weather|RainDance|[upkeep]\n|upkeep\n|turn|16\n|\n|t:|1666514524\n|move|p1a: Tornadus|Weather Ball|p2a: Corviknight\n|-damage|p2a: Corviknight|22\/100\n|move|p2a: Corviknight|U-turn|p1a: Tornadus\n|-resisted|p1a: Tornadus\n|-damage|p1a: Tornadus|90\/100\n|\n|t:|1666514526\n|switch|p2a: Tyranitar|Tyranitar, F|26\/100|[from]move: U-turn\n|-weather|Sandstorm|[from] ability: Sand Stream|[of] p2a: Tyranitar\n|\n|-weather|Sandstorm|[upkeep]\n|-damage|p1a: Tornadus|84\/100|[from] Sandstorm\n|upkeep\n|turn|17\n|\n|t:|1666514532\n|switch|p2a: Corviknight|Corviknight, M|22\/100\n|-ability|p2a: Corviknight|Pressure\n|move|p1a: Tornadus|Weather Ball|p2a: Corviknight\n|-damage|p2a: Corviknight|0 fnt\n|faint|p2a: Corviknight\n|\n|-weather|Sandstorm|[upkeep]\n|-damage|p1a: Tornadus|78\/100|[from] Sandstorm\n|upkeep\n|\n|t:|1666514536\n|switch|p2a: Dracozolt|Dracozolt|39\/100\n|turn|18\n|inactive|OUTD Wraks2 has 120 seconds left.\n|\n|t:|1666514567\n|switch|p1a: Blissey|Blissey, F|94\/100\n|move|p2a: Dracozolt|Bolt Beak|p1a: Blissey\n|-damage|p1a: Blissey|9\/100\n|-damage|p2a: Dracozolt|29\/100|[from] item: Life Orb\n|\n|-weather|Sandstorm|[upkeep]\n|-damage|p1a: Blissey|3\/100|[from] Sandstorm\n|upkeep\n|turn|19\n|\n|t:|1666514573\n|move|p2a: Dracozolt|Bolt Beak|p1a: Blissey\n|-damage|p1a: Blissey|0 fnt\n|faint|p1a: Blissey\n|-damage|p2a: Dracozolt|19\/100|[from] item: Life Orb\n|\n|-weather|Sandstorm|[upkeep]\n|upkeep\n|inactive|OUTD Wraks2 has 120 seconds left.\n|\n|t:|1666514583\n|switch|p1a: Urshifu|Urshifu-Rapid-Strike, M|57\/100\n|-damage|p1a: Urshifu|45\/100|[from] Spikes\n|-damage|p1a: Urshifu|39\/100|[from] Stealth Rock\n|turn|20\n|inactive|OUTD Wraks2 has 120 seconds left.\n|\n|t:|1666514597\n|switch|p2a: Hydreigon|Hydreigon, M|75\/100\n|move|p1a: Urshifu|U-turn|p2a: Hydreigon\n|-supereffective|p2a: Hydreigon\n|-damage|p2a: Hydreigon|14\/100\n|inactive|OUTD Wraks2 has 120 seconds left.\n|\n|t:|1666514603\n|switch|p1a: Tornadus|Tornadus-Therian, M|100\/100|[from]move: U-turn\n|\n|-weather|Sandstorm|[upkeep]\n|-damage|p1a: Tornadus|94\/100|[from] Sandstorm\n|-damage|p2a: Hydreigon|8\/100|[from] Sandstorm\n|-heal|p2a: Hydreigon|14\/100|[from] item: Leftovers\n|upkeep\n|turn|21\n|j| nightsuwu\n|inactive|OUTD Wraks2 has 120 seconds left.\n|\n|t:|1666514618\n|move|p1a: Tornadus|U-turn|p2a: Hydreigon\n|-supereffective|p2a: Hydreigon\n|-damage|p2a: Hydreigon|0 fnt\n|faint|p2a: Hydreigon\n|l| nightsuwu\n|inactive|OUTD Wraks2 has 120 seconds left.\n|\n|t:|1666514624\n|switch|p1a: Thundurus|Thundurus-Therian, M|15\/100|[from]move: U-turn\n|\n|-weather|Sandstorm|[upkeep]\n|-damage|p1a: Thundurus|9\/100|[from] Sandstorm\n|upkeep\n|\n|t:|1666514640\n|switch|p2a: Excadrill|Excadrill, F|100\/100\n|turn|22\n|\n|t:|1666514653\n|switch|p1a: Urshifu|Urshifu-Rapid-Strike, M|39\/100\n|-damage|p1a: Urshifu|27\/100|[from] Spikes\n|-damage|p1a: Urshifu|20\/100|[from] Stealth Rock\n|move|p2a: Excadrill|Rapid Spin|p1a: Urshifu\n|-damage|p1a: Urshifu|2\/100\n|-boost|p2a: Excadrill|spe|1\n|\n|-weather|Sandstorm|[upkeep]\n|-damage|p1a: Urshifu|0 fnt|[from] Sandstorm\n|faint|p1a: Urshifu\n|upkeep\n|\n|t:|1666514657\n|switch|p1a: Tornadus|Tornadus-Therian, M|100\/100\n|turn|23\n|\n|t:|1666514671\n|move|p2a: Excadrill|Iron Head|p1a: Tornadus\n|-damage|p1a: Tornadus|42\/100\n|move|p1a: Tornadus|Weather Ball|p2a: Excadrill\n|-resisted|p2a: Excadrill\n|-damage|p2a: Excadrill|90\/100\n|\n|-weather|none\n|-heal|p2a: Excadrill|96\/100|[from] item: Leftovers\n|upkeep\n|turn|24\n|-message|OUTD Wraks2 forfeited.\n|\n|win|khatru my goat\n|raw|OUTD Wraks2's rating: 1657 &rarr; <strong>1638<\/strong><br \/>(-19 for losing)\n|raw|khatru my goat's rating: 1681 &rarr; <strong>1700<\/strong><br \/>(+19 for winning)\n|l|\u2606OUTD Wraks2\n|l|\u2606khatru my goat\n","uploadtime":1666516917,"views":13,"p1id":"outdwraks2","p2id":"khatrumygoat","formatid":"gen8ou","rating":1638,"private":0,"password":null}