{"id":"gen8alphabetcup-1246851552","p1":"legitteambuilder","p2":"Lewi11","format":"gen8alphabetcup","log":"|j|\u2606legitteambuilder\n|j|\u2606Lewi11\n|t:|1608416091\n|player|p1|legitteambuilder|lance|1176\n|player|p2|Lewi11|wallace|1237\n|teamsize|p1|6\n|teamsize|p2|6\n|gametype|singles\n|gen|8\n|tier|[Gen 8] Alphabet Cup\n|rated|\n|clearpoke\n|poke|p1|Dragonite, F|\n|poke|p1|Sableye, M|\n|poke|p1|Dracozolt|\n|poke|p1|Bisharp, F|\n|poke|p1|Sylveon, F|\n|poke|p1|Inteleon, F|\n|poke|p2|Tyranitar, F|\n|poke|p2|Omastar, M|\n|poke|p2|Blastoise, M|\n|poke|p2|Cresselia, F|\n|poke|p2|Excadrill, M|\n|poke|p2|Cradily, M|\n|rule|Sleep Clause Mod: Limit one foe put to sleep\n|rule|Species Clause: Limit one of each Pok\u00e9mon\n|rule|OHKO Clause: OHKO moves are banned\n|rule|Evasion Moves Clause: Evasion moves are banned\n|rule|Endless Battle Clause: Forcing endless battles is banned\n|rule|HP Percentage Mod: HP is shown in percentages\n|rule|Dynamax Clause: You cannot dynamax\n|teampreview\n|\n|t:|1608416101\n|start\n|switch|p1a: Sableye|Sableye, M|100\/100\n|switch|p2a: Tyranitar|Tyranitar, F|100\/100\n|-weather|Sandstorm|[from] ability: Sand Stream|[of] p2a: Tyranitar\n|turn|1\n|\n|t:|1608416109\n|move|p1a: Sableye|Sticky Web|p2a: Tyranitar\n|-sidestart|p2: Lewi11|move: Sticky Web\n|move|p2a: Tyranitar|Rock Polish|p2a: Tyranitar\n|-boost|p2a: Tyranitar|spe|2\n|\n|-weather|Sandstorm|[upkeep]\n|-damage|p1a: Sableye|95\/100|[from] Sandstorm\n|upkeep\n|turn|2\n|\n|t:|1608416112\n|move|p1a: Sableye|Taunt|p2a: Tyranitar\n|-hint|Since gen 7, Dark is immune to Prankster moves.\n|-immune|p2a: Tyranitar\n|move|p2a: Tyranitar|Leaf Blade|p1a: Sableye\n|-damage|p1a: Sableye|51\/100\n|\n|-weather|Sandstorm|[upkeep]\n|-damage|p1a: Sableye|45\/100|[from] Sandstorm\n|upkeep\n|turn|3\n|\n|t:|1608416121\n|move|p1a: Sableye|Stun Spore|p2a: Tyranitar\n|-hint|Since gen 7, Dark is immune to Prankster moves.\n|-immune|p2a: Tyranitar\n|move|p2a: Tyranitar|Leaf Blade|p1a: Sableye\n|-damage|p1a: Sableye|4\/100\n|\n|-weather|Sandstorm|[upkeep]\n|-damage|p1a: Sableye|0 fnt|[from] Sandstorm\n|faint|p1a: Sableye\n|upkeep\n|\n|t:|1608416131\n|switch|p1a: Sylveon|Sylveon, F|100\/100\n|turn|4\n|\n|t:|1608416142\n|move|p1a: Sylveon|Extreme Speed|p2a: Tyranitar\n|-supereffective|p2a: Tyranitar\n|-damage|p2a: Tyranitar|30\/100\n|-enditem|p2a: Tyranitar|Weakness Policy\n|-boost|p2a: Tyranitar|atk|2|[from] item: Weakness Policy\n|-boost|p2a: Tyranitar|spa|2|[from] item: Weakness Policy\n|-damage|p1a: Sylveon|91\/100|[from] item: Life Orb\n|move|p2a: Tyranitar|Leaf Blade|p1a: Sylveon\n|-damage|p1a: Sylveon|23\/100\n|\n|-weather|Sandstorm|[upkeep]\n|-damage|p1a: Sylveon|17\/100|[from] Sandstorm\n|upkeep\n|turn|5\n|\n|t:|1608416159\n|move|p1a: Sylveon|Extreme Speed|p2a: Tyranitar\n|-supereffective|p2a: Tyranitar\n|-damage|p2a: Tyranitar|0 fnt\n|-damage|p1a: Sylveon|7\/100|[from] item: Life Orb\n|faint|p2a: Tyranitar\n|\n|-weather|none\n|upkeep\n|\n|t:|1608416161\n|switch|p2a: Cradily|Cradily, M|100\/100\n|-activate|p2a: Cradily|move: Sticky Web\n|-unboost|p2a: Cradily|spe|1\n|turn|6\n|\n|t:|1608416170\n|move|p1a: Sylveon|Sacred Fire|p2a: Cradily\n|-damage|p2a: Cradily|72\/100\n|-status|p2a: Cradily|brn\n|-damage|p1a: Sylveon|0 fnt|[from] item: Life Orb\n|faint|p1a: Sylveon\n|move|p2a: Cradily|Court Change|p2a: Cradily\n|-sideend|p2: Lewi11|Sticky Web|[silent]\n|-sidestart|p1: legitteambuilder|Sticky Web|[silent]\n|-activate|p2a: Cradily|move: Court Change\n|\n|-heal|p2a: Cradily|79\/100 brn|[from] item: Leftovers\n|-damage|p2a: Cradily|72\/100 brn|[from] brn\n|upkeep\n|\n|t:|1608416180\n|switch|p1a: Bisharp|Bisharp, F|100\/100\n|-activate|p1a: Bisharp|move: Sticky Web\n|-unboost|p1a: Bisharp|spe|1\n|turn|7\n|\n|t:|1608416183\n|move|p1a: Bisharp|Swords Dance|p1a: Bisharp\n|-boost|p1a: Bisharp|atk|2\n|move|p2a: Cradily|Lava Plume|p1a: Bisharp\n|-supereffective|p1a: Bisharp\n|-damage|p1a: Bisharp|47\/100\n|-status|p1a: Bisharp|brn\n|\n|-heal|p2a: Cradily|79\/100 brn|[from] item: Leftovers\n|-damage|p1a: Bisharp|41\/100 brn|[from] brn\n|-damage|p2a: Cradily|72\/100 brn|[from] brn\n|upkeep\n|turn|8\n|c|\u2606legitteambuilder|why did i not get dafiant boost\n|c|\u2606Lewi11|idk\n|c|\u2606Lewi11|you are defiant right?\n|c|\u2606legitteambuilder|yes\n|c|\u2606Lewi11|how weird\n|c|\u2606legitteambuilder|court change maybe?\n|c|\u2606Lewi11|maybe court change had something to do with it?\n|c|\u2606Lewi11|glitch\n|c|\u2606legitteambuilder|ye\n|c|\u2606Lewi11|me no sure\n|\n|t:|1608416252\n|move|p1a: Bisharp|Power Trip|p2a: Cradily\n|-damage|p2a: Cradily|36\/100 brn\n|move|p2a: Cradily|Lava Plume|p1a: Bisharp\n|-supereffective|p1a: Bisharp\n|-damage|p1a: Bisharp|0 fnt\n|faint|p1a: Bisharp\n|\n|-heal|p2a: Cradily|43\/100 brn|[from] item: Leftovers\n|-damage|p2a: Cradily|36\/100 brn|[from] brn\n|upkeep\n|\n|t:|1608416265\n|switch|p1a: Inteleon|Inteleon, F|100\/100\n|-activate|p1a: Inteleon|move: Sticky Web\n|-unboost|p1a: Inteleon|spe|1\n|turn|9\n|\n|t:|1608416272\n|move|p1a: Inteleon|Spacial Rend|p2a: Cradily\n|-crit|p2a: Cradily\n|-damage|p2a: Cradily|0 fnt\n|faint|p2a: Cradily\n|\n|upkeep\n|c|\u2606Lewi11|love sniper\n|c|\u2606legitteambuilder|i used kingdra before this but that thing is trash\n|c|\u2606legitteambuilder|as a sniper\n|c|\u2606Lewi11|haha yeah facts\n|\n|t:|1608416331\n|switch|p2a: Blastoise|Blastoise, M|100\/100\n|turn|10\n|\n|t:|1608416341\n|move|p2a: Blastoise|Shell Smash|p2a: Blastoise\n|-unboost|p2a: Blastoise|def|1\n|-unboost|p2a: Blastoise|spd|1\n|-boost|p2a: Blastoise|atk|2\n|-boost|p2a: Blastoise|spa|2\n|-boost|p2a: Blastoise|spe|2\n|-enditem|p2a: Blastoise|White Herb\n|-clearnegativeboost|p2a: Blastoise|[silent]\n|move|p1a: Inteleon|Spacial Rend|p2a: Blastoise\n|-crit|p2a: Blastoise\n|-damage|p2a: Blastoise|13\/100\n|\n|upkeep\n|turn|11\n|\n|t:|1608416350\n|move|p2a: Blastoise|Stored Power|p1a: Inteleon\n|-damage|p1a: Inteleon|0 fnt\n|faint|p1a: Inteleon\n|\n|upkeep\n|\n|t:|1608416353\n|switch|p1a: Dragonite|Dragonite, F|100\/100\n|turn|12\n|c|\u2606legitteambuilder|ur not ice beam\n|c|\u2606Lewi11|who knows\n|c|\u2606legitteambuilder|hell nah\n|c|\u2606legitteambuilder|stored power\n|c|\u2606Lewi11|nah im not xD\n|c|\u2606legitteambuilder|steeam attack and searing shot\n|c|\u2606legitteambuilder|im callin git\n|\n|t:|1608416429\n|move|p2a: Blastoise|Stored Power|p1a: Dragonite\n|-damage|p1a: Dragonite|61\/100\n|move|p1a: Dragonite|Dragon Dance|p1a: Dragonite\n|-boost|p1a: Dragonite|atk|1\n|-boost|p1a: Dragonite|spe|1\n|\n|upkeep\n|turn|13\n|\n|t:|1608416434\n|move|p1a: Dragonite|Extreme Speed|p2a: Blastoise\n|-damage|p2a: Blastoise|0 fnt\n|faint|p2a: Blastoise\n|\n|upkeep\n|\n|t:|1608416448\n|switch|p2a: Excadrill|Excadrill, M|100\/100\n|turn|14\n|\n|t:|1608416459\n|move|p1a: Dragonite|Dragon Darts|p2a: Excadrill\n|-resisted|p2a: Excadrill\n|-damage|p2a: Excadrill|67\/100\n|-anim|p1a: Dragonite|Dragon Darts|p2a: Excadrill\n|-resisted|p2a: Excadrill\n|-damage|p2a: Excadrill|34\/100\n|move|p2a: Excadrill|Diamond Storm|p1a: Dragonite\n|-supereffective|p1a: Dragonite\n|-damage|p1a: Dragonite|0 fnt\n|-boost|p2a: Excadrill|def|2\n|faint|p1a: Dragonite\n|\n|-heal|p2a: Excadrill|40\/100|[from] item: Leftovers\n|upkeep\n|\n|t:|1608416466\n|switch|p1a: Dracozolt|Dracozolt|100\/100\n|-activate|p1a: Dracozolt|move: Sticky Web\n|-unboost|p1a: Dracozolt|spe|1\n|turn|15\n|c|\u2606legitteambuilder|gg\n|\n|t:|1608416476\n|move|p2a: Excadrill|Extreme Speed|p1a: Dracozolt\n|-damage|p1a: Dracozolt|68\/100\n|move|p1a: Dracozolt|Dragon Dance|p1a: Dracozolt\n|-boost|p1a: Dracozolt|atk|1\n|-boost|p1a: Dracozolt|spe|1\n|\n|-heal|p2a: Excadrill|46\/100|[from] item: Leftovers\n|upkeep\n|turn|16\n|\n|t:|1608416488\n|move|p2a: Excadrill|Diamond Storm|p1a: Dracozolt\n|-damage|p1a: Dracozolt|28\/100\n|move|p1a: Dracozolt|Dragon Darts|p2a: Excadrill\n|-resisted|p2a: Excadrill\n|-damage|p2a: Excadrill|30\/100\n|-anim|p1a: Dracozolt|Dragon Darts|p2a: Excadrill\n|-resisted|p2a: Excadrill\n|-damage|p2a: Excadrill|12\/100\n|-damage|p1a: Dracozolt|18\/100|[from] item: Life Orb\n|\n|-heal|p2a: Excadrill|19\/100|[from] item: Leftovers\n|upkeep\n|turn|17\n|\n|t:|1608416495\n|move|p2a: Excadrill|Extreme Speed|p1a: Dracozolt\n|-damage|p1a: Dracozolt|0 fnt\n|faint|p1a: Dracozolt\n|\n|win|Lewi11\n|c|\u2606Lewi11|gg\n|l|\u2606legitteambuilder\n|raw|legitteambuilder's rating: 1176 &rarr; <strong>1155<\/strong><br \/>(-21 for losing)\n|raw|Lewi11's rating: 1237 &rarr; <strong>1258<\/strong><br \/>(+21 for winning)\n","uploadtime":1608416510,"views":3,"p1id":"legitteambuilder","p2id":"lewi11","formatid":"gen8alphabetcup","rating":1155,"private":0,"password":null}