{"id":"gen8nationaldexag-1082400236","p1":"aglt vrs staxoat","p2":"Blue chen","format":"gen8nationaldexag","log":"|j|\u2606aglt vrs staxoat\n|j|\u2606Blue chen\n|player|p1|aglt vrs staxoat|#teamhoopa|1701\n|player|p2|Blue chen|clair|1733\n|teamsize|p1|6\n|teamsize|p2|6\n|gametype|singles\n|gen|8\n|tier|[Gen 8] National Dex AG\n|rated|\n|clearpoke\n|poke|p1|Smeargle, F|\n|poke|p1|Yveltal|\n|poke|p1|Rayquaza|\n|poke|p1|Ditto|\n|poke|p1|Xerneas|\n|poke|p1|Necrozma-Dusk-Mane|\n|poke|p2|Zygarde|\n|poke|p2|Zygarde|\n|poke|p2|Rayquaza|\n|poke|p2|Necrozma-Dusk-Mane|\n|poke|p2|Yveltal|\n|poke|p2|Lugia|\n|rule|HP Percentage Mod: HP is shown in percentages\n|rule|Endless Battle Clause: Forcing endless battles is banned\n|teampreview\n|\n|start\n|switch|p1a: Smeargle|Smeargle, F|100\/100\n|switch|p2a: Yveltal|Yveltal|100\/100\n|-ability|p2a: Yveltal|Dark Aura\n|turn|1\n|j| Treccy\n|\n|switch|p1a: Xerneas|Xerneas|100\/100\n|-ability|p1a: Xerneas|Fairy Aura\n|move|p2a: Yveltal|Dark Pulse|p1a: Xerneas\n|-resisted|p1a: Xerneas\n|-damage|p1a: Xerneas|66\/100\n|-damage|p2a: Yveltal|91\/100|[from] item: Life Orb\n|\n|upkeep\n|turn|2\n|\n|-start|p2a: Yveltal|Dynamax\n|-heal|p2a: Yveltal|91\/100|[silent]\n|move|p2a: Yveltal|Max Airstream|p1a: Xerneas\n|-damage|p1a: Xerneas|0 fnt\n|-boost|p2a: Yveltal|spe|1\n|-damage|p2a: Yveltal|86\/100|[from] item: Life Orb\n|faint|p1a: Xerneas\n|\n|upkeep\n|\n|switch|p1a: Ditto|Ditto|100\/100\n|-transform|p1a: Ditto|p2a: Yveltal|[from] ability: Imposter\n|-ability|p1a: Ditto|Dark Aura\n|turn|3\n|j| azurazoma\n|\n|move|p1a: Ditto|Oblivion Wing|p2a: Yveltal\n|-damage|p2a: Yveltal|65\/100\n|move|p2a: Yveltal|Max Airstream|p1a: Ditto\n|-damage|p1a: Ditto|0 fnt\n|-boost|p2a: Yveltal|spe|1\n|-damage|p2a: Yveltal|60\/100|[from] item: Life Orb\n|faint|p1a: Ditto\n|\n|upkeep\n|j| Game of clone\n|\n|switch|p1a: Yveltal|Yveltal|100\/100\n|-ability|p1a: Yveltal|Dark Aura\n|turn|4\n|\n|-start|p1a: Yveltal|Dynamax\n|-heal|p1a: Yveltal|100\/100|[silent]\n|move|p2a: Yveltal|Max Darkness|p1a: Yveltal\n|-resisted|p1a: Yveltal\n|-damage|p1a: Yveltal|73\/100\n|-unboost|p1a: Yveltal|spd|1\n|-damage|p2a: Yveltal|55\/100|[from] item: Life Orb\n|move|p1a: Yveltal|Max Airstream|p2a: Yveltal\n|-damage|p2a: Yveltal|10\/100\n|-boost|p1a: Yveltal|spe|1\n|-damage|p1a: Yveltal|68\/100|[from] item: Life Orb\n|\n|-end|p2a: Yveltal|Dynamax\n|-heal|p2a: Yveltal|10\/100|[silent]\n|upkeep\n|turn|5\n|n| Critfc|gameofclone\n|\n|move|p2a: Yveltal|Oblivion Wing|p1a: Yveltal\n|-damage|p1a: Yveltal|29\/100\n|-heal|p2a: Yveltal|69\/100|[from] drain|[of] p1a: Yveltal\n|-damage|p2a: Yveltal|59\/100|[from] item: Life Orb\n|move|p1a: Yveltal|Max Airstream|p2a: Yveltal\n|-damage|p2a: Yveltal|0 fnt\n|-boost|p1a: Yveltal|spe|1\n|-damage|p1a: Yveltal|24\/100|[from] item: Life Orb\n|faint|p2a: Yveltal\n|\n|upkeep\n|\n|switch|p2a: Lugia|Lugia|100\/100\n|turn|6\n|\n|move|p1a: Yveltal|Max Darkness|p2a: Lugia\n|-supereffective|p2a: Lugia\n|-damage|p2a: Lugia|24\/100\n|-unboost|p2a: Lugia|spd|1\n|-damage|p1a: Yveltal|19\/100|[from] item: Life Orb\n|move|p2a: Lugia|Thunder Wave|p1a: Yveltal\n|-status|p1a: Yveltal|par\n|\n|-end|p1a: Yveltal|Dynamax\n|-heal|p1a: Yveltal|19\/100 par|[silent]\n|upkeep\n|turn|7\n|\n|switch|p1a: Smeargle|Smeargle, F|100\/100\n|move|p2a: Lugia|Whirlwind|p1a: Smeargle\n|drag|p1a: Rayquaza|Rayquaza|100\/100\n|-ability|p1a: Rayquaza|Air Lock\n|\n|upkeep\n|turn|8\n|\n|switch|p1a: Yveltal|Yveltal|19\/100 par\n|-ability|p1a: Yveltal|Dark Aura\n|move|p2a: Lugia|Thunder Wave|p1a: Yveltal\n|-fail|p1a: Yveltal|par\n|\n|upkeep\n|turn|9\n|\n|move|p2a: Lugia|Roost|p2a: Lugia\n|-heal|p2a: Lugia|74\/100\n|-singleturn|p2a: Lugia|move: Roost\n|move|p1a: Yveltal|Taunt|p2a: Lugia\n|-start|p2a: Lugia|move: Taunt\n|\n|upkeep\n|turn|10\n|j| ViperVenus\n|\n|-activate|p2a: Lugia|move: Struggle\n|move|p2a: Lugia|Struggle|p1a: Yveltal\n|-damage|p1a: Yveltal|11\/100 par\n|-damage|p2a: Lugia|49\/100|[from] recoil\n|cant|p1a: Yveltal|par\n|\n|upkeep\n|turn|11\n|\n|switch|p1a: Smeargle|Smeargle, F|100\/100\n|-activate|p2a: Lugia|move: Struggle\n|move|p2a: Lugia|Struggle|p1a: Smeargle\n|-damage|p1a: Smeargle|82\/100\n|-damage|p2a: Lugia|24\/100|[from] recoil\n|\n|-ability|p1a: Smeargle|Moody|boost\n|-boost|p1a: Smeargle|spe|2\n|-unboost|p1a: Smeargle|def|1\n|upkeep\n|turn|12\n|\n|move|p1a: Smeargle|No Retreat|p1a: Smeargle\n|-boost|p1a: Smeargle|atk|1\n|-boost|p1a: Smeargle|def|1\n|-boost|p1a: Smeargle|spa|1\n|-boost|p1a: Smeargle|spd|1\n|-boost|p1a: Smeargle|spe|1\n|-start|p1a: Smeargle|move: No Retreat\n|-activate|p2a: Lugia|move: Struggle\n|move|p2a: Lugia|Struggle|p1a: Smeargle\n|-damage|p1a: Smeargle|62\/100\n|-damage|p2a: Lugia|0 fnt|[from] recoil\n|faint|p2a: Lugia\n|\n|-ability|p1a: Smeargle|Moody|boost\n|-boost|p1a: Smeargle|def|2\n|-unboost|p1a: Smeargle|spd|1\n|upkeep\n|c| Critfc|Chaud mgl\n|\n|switch|p2a: Zygarde|Zygarde|100\/100\n|turn|13\n|\n|move|p1a: Smeargle|Spore|p2a: Zygarde\n|-status|p2a: Zygarde|slp|[from] move: Spore\n|cant|p2a: Zygarde|slp\n|\n|-ability|p1a: Smeargle|Moody|boost\n|-boost|p1a: Smeargle|atk|2\n|-unboost|p1a: Smeargle|def|1\n|upkeep\n|turn|14\n|\n|move|p1a: Smeargle|Taunt|p2a: Zygarde\n|-start|p2a: Zygarde|move: Taunt\n|-curestatus|p2a: Zygarde|slp|[msg]\n|cant|p2a: Zygarde|move: Taunt|Haze\n|\n|-ability|p1a: Smeargle|Moody|boost\n|-boost|p1a: Smeargle|spa|2\n|-unboost|p1a: Smeargle|atk|1\n|upkeep\n|turn|15\n|\n|move|p1a: Smeargle|Spore|p2a: Zygarde\n|-status|p2a: Zygarde|slp|[from] move: Spore\n|cant|p2a: Zygarde|slp\n|\n|-ability|p1a: Smeargle|Moody|boost\n|-boost|p1a: Smeargle|spe|2\n|-unboost|p1a: Smeargle|def|1\n|upkeep\n|turn|16\n|\n|move|p1a: Smeargle|Baton Pass|p1a: Smeargle\n|\n|switch|p1a: Rayquaza|Rayquaza|100\/100|[from]move: Baton Pass\n|-ability|p1a: Rayquaza|Air Lock\n|-curestatus|p2a: Zygarde|slp|[msg]\n|move|p2a: Zygarde|Thousand Arrows|p1a: Rayquaza\n|-damage|p1a: Rayquaza|65\/100\n|-start|p1a: Rayquaza|Smack Down\n|\n|-end|p2a: Zygarde|move: Taunt\n|upkeep\n|turn|17\n|\n|detailschange|p1a: Rayquaza|Rayquaza-Mega\n|-mega|p1a: Rayquaza|Rayquaza|\n|-weather|DeltaStream|[from] ability: Delta Stream|[of] p1a: Rayquaza\n|move|p1a: Rayquaza|Dragon Ascent|p2a: Zygarde\n|-damage|p2a: Zygarde|0 fnt\n|-unboost|p1a: Rayquaza|def|1\n|-unboost|p1a: Rayquaza|spd|1\n|-damage|p1a: Rayquaza|55\/100|[from] item: Life Orb\n|faint|p2a: Zygarde\n|\n|-weather|DeltaStream|[upkeep]\n|upkeep\n|\n|switch|p2a: Necrozma|Necrozma-Dusk-Mane|100\/100\n|turn|18\n|j| AgressivEbolAidCOV\n|\n|move|p1a: Rayquaza|Earthquake|p2a: Necrozma\n|-supereffective|p2a: Necrozma\n|-damage|p2a: Necrozma|0 fnt\n|-damage|p1a: Rayquaza|46\/100|[from] item: Life Orb\n|faint|p2a: Necrozma\n|\n|-weather|DeltaStream|[upkeep]\n|upkeep\n|c| AgressivEbolAidCOV|nice avatar\n|c|\u2606aglt vrs staxoat|ty\n|\n|switch|p2a: Rayquaza|Rayquaza|100\/100\n|-ability|p2a: Rayquaza|Air Lock\n|turn|19\n|\n|detailschange|p2a: Rayquaza|Rayquaza-Mega\n|-mega|p2a: Rayquaza|Rayquaza|\n|move|p1a: Rayquaza|Extreme Speed|p2a: Rayquaza\n|-damage|p2a: Rayquaza|9\/100\n|-damage|p1a: Rayquaza|36\/100|[from] item: Life Orb\n|move|p2a: Rayquaza|Dragon Claw|p1a: Rayquaza\n|-supereffective|p1a: Rayquaza\n|-damage|p1a: Rayquaza|0 fnt\n|faint|p1a: Rayquaza\n|\n|-weather|DeltaStream|[upkeep]\n|upkeep\n|\n|switch|p1a: Necrozma|Necrozma-Dusk-Mane|100\/100\n|turn|20\n|\n|move|p2a: Rayquaza|Dragon Dance|p2a: Rayquaza\n|-boost|p2a: Rayquaza|atk|1\n|-boost|p2a: Rayquaza|spe|1\n|move|p1a: Necrozma|Dragon Dance|p1a: Necrozma\n|-boost|p1a: Necrozma|atk|1\n|-boost|p1a: Necrozma|spe|1\n|\n|-weather|DeltaStream|[upkeep]\n|upkeep\n|turn|21\n|\n|move|p2a: Rayquaza|Dragon Dance|p2a: Rayquaza\n|-boost|p2a: Rayquaza|atk|1\n|-boost|p2a: Rayquaza|spe|1\n|move|p1a: Necrozma|Sunsteel Strike|p2a: Rayquaza\n|-damage|p2a: Rayquaza|0 fnt\n|faint|p2a: Rayquaza\n|-weather|none\n|\n|upkeep\n|\n|switch|p2a: Zygarde|Zygarde|100\/100\n|turn|22\n|\n|move|p1a: Necrozma|Sunsteel Strike|p2a: Zygarde\n|-damage|p2a: Zygarde|17\/100\n|move|p2a: Zygarde|Dragon Tail|p1a: Necrozma\n|-resisted|p1a: Necrozma\n|-damage|p1a: Necrozma|90\/100\n|drag|p1a: Smeargle|Smeargle, F|62\/100\n|\n|-heal|p2a: Zygarde|23\/100|[from] item: Leftovers\n|-ability|p1a: Smeargle|Moody|boost\n|-boost|p1a: Smeargle|spd|2\n|-unboost|p1a: Smeargle|spe|1\n|-activate|p2a: Zygarde|ability: Power Construct\n|detailschange|p2a: Zygarde|Zygarde-Complete\n|-heal|p2a: Zygarde|53\/100|[silent]\n|upkeep\n|turn|23\n|\n|move|p2a: Zygarde|Substitute|p2a: Zygarde\n|-start|p2a: Zygarde|Substitute\n|-damage|p2a: Zygarde|28\/100\n|move|p1a: Smeargle|Taunt|p2a: Zygarde\n|-start|p2a: Zygarde|move: Taunt\n|\n|-heal|p2a: Zygarde|34\/100|[from] item: Leftovers\n|-ability|p1a: Smeargle|Moody|boost\n|-boost|p1a: Smeargle|atk|2\n|-unboost|p1a: Smeargle|spd|1\n|upkeep\n|turn|24\n|\n|move|p2a: Zygarde|Thousand Arrows|p1a: Smeargle\n|-damage|p1a: Smeargle|0 fnt\n|faint|p1a: Smeargle\n|\n|-heal|p2a: Zygarde|40\/100|[from] item: Leftovers\n|upkeep\n|\n|switch|p1a: Necrozma|Necrozma-Dusk-Mane|90\/100\n|turn|25\n|\n|move|p1a: Necrozma|Sunsteel Strike|p2a: Zygarde\n|-end|p2a: Zygarde|Substitute\n|move|p2a: Zygarde|Dragon Tail|p1a: Necrozma\n|-resisted|p1a: Necrozma\n|-damage|p1a: Necrozma|79\/100\n|drag|p1a: Yveltal|Yveltal|11\/100 par\n|-ability|p1a: Yveltal|Dark Aura\n|\n|-heal|p2a: Zygarde|46\/100|[from] item: Leftovers\n|upkeep\n|turn|26\n|\n|move|p2a: Zygarde|Thousand Arrows|p1a: Yveltal\n|-damage|p1a: Yveltal|0 fnt\n|faint|p1a: Yveltal\n|\n|-heal|p2a: Zygarde|52\/100|[from] item: Leftovers\n|-end|p2a: Zygarde|move: Taunt\n|upkeep\n|\n|switch|p1a: Necrozma|Necrozma-Dusk-Mane|79\/100\n|turn|27\n|\n|move|p2a: Zygarde|Dragon Dance|p2a: Zygarde\n|-boost|p2a: Zygarde|atk|1\n|-boost|p2a: Zygarde|spe|1\n|move|p1a: Necrozma|Dragon Dance|p1a: Necrozma\n|-boost|p1a: Necrozma|atk|1\n|-boost|p1a: Necrozma|spe|1\n|\n|-heal|p2a: Zygarde|58\/100|[from] item: Leftovers\n|upkeep\n|turn|28\n|\n|move|p2a: Zygarde|Dragon Dance|p2a: Zygarde\n|-boost|p2a: Zygarde|atk|1\n|-boost|p2a: Zygarde|spe|1\n|move|p1a: Necrozma|Sunsteel Strike|p2a: Zygarde\n|-damage|p2a: Zygarde|11\/100\n|\n|-heal|p2a: Zygarde|17\/100|[from] item: Leftovers\n|upkeep\n|turn|29\n|\n|move|p2a: Zygarde|Thousand Arrows|p1a: Necrozma\n|-supereffective|p1a: Necrozma\n|-damage|p1a: Necrozma|0 fnt\n|faint|p1a: Necrozma\n|\n|win|Blue chen\n|l|\u2606aglt vrs staxoat\n|c|\u2606Blue chen|c bien\n|l|\u2606Blue chen\n","uploadtime":1584725787,"views":9,"p1id":"agltvrsstaxoat","p2id":"bluechen","formatid":"gen8nationaldexag","rating":0,"private":0,"password":null}