{"id":"gen8ou-1694152875","p1":"minimax_ai","p2":"Kwaga","format":"gen8ou","log":"|html|<div class=\"broadcast-blue\"><strong>[Gen 8] OU is currently suspecting Melmetal! For information on how to participate check out the <a href=\"https:\/\/www.smogon.com\/forums\/threads\/np-ss-ou-suspect-process-round-12-monster-mash.3709234\/\">suspect thread<\/a>.<\/strong><\/div>\n|j|\u2606minimax_ai\n|j|\u2606Kwaga\n|t:|1666669358\n|gametype|singles\n|player|p1|minimax_ai|lusamine-nihilego|1649\n|player|p2|Kwaga|brock-gen1rb|1652\n|teamsize|p1|6\n|teamsize|p2|6\n|gen|8\n|tier|[Gen 8] OU\n|rated|\n|rule|Sleep Clause Mod: Limit one foe put to sleep\n|rule|Species Clause: Limit one of each Pok\u00e9mon\n|rule|OHKO Clause: OHKO moves are banned\n|rule|Evasion Items Clause: Evasion items are banned\n|rule|Evasion Moves Clause: Evasion moves are banned\n|rule|Endless Battle Clause: Forcing endless battles is banned\n|rule|HP Percentage Mod: HP is shown in percentages\n|rule|Dynamax Clause: You cannot dynamax\n|clearpoke\n|poke|p1|Rotom-Wash|\n|poke|p1|Weavile, F|\n|poke|p1|Landorus-Therian, M|\n|poke|p1|Heatran, M|\n|poke|p1|Tangrowth, M|\n|poke|p1|Melmetal|\n|poke|p2|Weavile, M|\n|poke|p2|Buzzwole|\n|poke|p2|Tapu Koko|\n|poke|p2|Slowking, M|\n|poke|p2|Ferrothorn, M|\n|poke|p2|Landorus-Therian, M|\n|teampreview\n|c|\u2606minimax_ai|hf\n|inactive|Battle timer is ON: inactive players will automatically lose when time's up. (requested by minimax_ai)\n|\n|t:|1666669366\n|start\n|switch|p1a: Tangrowth|Tangrowth, M|100\/100\n|switch|p2a: Tapu Koko|Tapu Koko, shiny|100\/100\n|-fieldstart|move: Electric Terrain|[from] ability: Electric Surge|[of] p2a: Tapu Koko\n|turn|1\n|\n|t:|1666669369\n|move|p2a: Tapu Koko|U-turn|p1a: Tangrowth\n|-supereffective|p1a: Tangrowth\n|-damage|p1a: Tangrowth|83\/100\n|-damage|p2a: Tapu Koko|84\/100|[from] item: Rocky Helmet|[of] p1a: Tangrowth\n|\n|t:|1666669372\n|switch|p2a: Slowking|Slowking, M|100\/100|[from]move: U-turn\n|move|p1a: Tangrowth|Focus Blast|p2a: Slowking\n|-resisted|p2a: Slowking\n|-damage|p2a: Slowking|91\/100\n|-enditem|p2a: Slowking|Eject Button\n|\n|t:|1666669376\n|switch|p2a: Weavile|Weavile, M|100\/100\n|-ability|p2a: Weavile|Pressure\n|\n|upkeep\n|turn|2\n|\n|t:|1666669377\n|move|p2a: Weavile|Beat Up|p1a: Tangrowth\n|-damage|p1a: Tangrowth|76\/100\n|-damage|p1a: Tangrowth|69\/100\n|-damage|p1a: Tangrowth|63\/100\n|-damage|p1a: Tangrowth|56\/100\n|-damage|p1a: Tangrowth|49\/100\n|-damage|p1a: Tangrowth|40\/100\n|-hitcount|p1a: Tangrowth|6\n|move|p1a: Tangrowth|Focus Blast|p2a: Weavile\n|-supereffective|p2a: Weavile\n|-damage|p2a: Weavile|0 fnt\n|faint|p2a: Weavile\n|\n|upkeep\n|\n|t:|1666669385\n|switch|p2a: Buzzwole|Buzzwole|100\/100\n|turn|3\n|\n|t:|1666669386\n|switch|p1a: rotomwash|Rotom-Wash|100\/100\n|move|p2a: Buzzwole|Ice Punch|p1a: rotomwash\n|-resisted|p1a: rotomwash\n|-damage|p1a: rotomwash|86\/100\n|\n|-heal|p1a: rotomwash|93\/100|[from] item: Leftovers\n|upkeep\n|turn|4\n|\n|t:|1666669390\n|switch|p2a: Ferrothorn|Ferrothorn, M|100\/100\n|move|p1a: rotomwash|Nasty Plot|p1a: rotomwash\n|-boost|p1a: rotomwash|spa|2\n|\n|-heal|p1a: rotomwash|99\/100|[from] item: Leftovers\n|upkeep\n|turn|5\n|\n|t:|1666669392\n|switch|p1a: landorustherian|Landorus-Therian, M|100\/100\n|-ability|p1a: landorustherian|Intimidate|boost\n|-unboost|p2a: Ferrothorn|atk|1\n|move|p2a: Ferrothorn|Leech Seed|p1a: landorustherian\n|-start|p1a: landorustherian|move: Leech Seed\n|\n|-damage|p1a: landorustherian|88\/100|[from] Leech Seed|[of] p2a: Ferrothorn\n|-fieldend|move: Electric Terrain\n|upkeep\n|turn|6\n|\n|t:|1666669395\n|move|p1a: landorustherian|U-turn|p2a: Ferrothorn\n|-crit|p2a: Ferrothorn\n|-damage|p2a: Ferrothorn|79\/100\n|-damage|p1a: landorustherian|76\/100|[from] ability: Iron Barbs|[of] p2a: Ferrothorn\n|\n|t:|1666669396\n|switch|p1a: Tangrowth|Tangrowth, M|73\/100|[from]move: U-turn\n|move|p2a: Ferrothorn|Stealth Rock|p1a: Tangrowth\n|-sidestart|p1: minimax_ai|move: Stealth Rock\n|\n|-heal|p2a: Ferrothorn|85\/100|[from] item: Leftovers\n|upkeep\n|turn|7\n|\n|t:|1666669402\n|switch|p2a: Slowking|Slowking, M|100\/100\n|move|p1a: Tangrowth|Giga Drain|p2a: Slowking\n|-supereffective|p2a: Slowking\n|-damage|p2a: Slowking|65\/100\n|-heal|p1a: Tangrowth|91\/100|[from] drain|[of] p2a: Slowking\n|\n|upkeep\n|turn|8\n|\n|t:|1666669405\n|move|p1a: Tangrowth|Giga Drain|p2a: Slowking\n|-supereffective|p2a: Slowking\n|-damage|p2a: Slowking|34\/100\n|-heal|p1a: Tangrowth|100\/100|[from] drain|[of] p2a: Slowking\n|move|p2a: Slowking|Slack Off|p2a: Slowking\n|-heal|p2a: Slowking|84\/100\n|\n|upkeep\n|turn|9\n|\n|t:|1666669407\n|move|p1a: Tangrowth|Sleep Powder|p2a: Slowking|[miss]\n|-miss|p1a: Tangrowth|p2a: Slowking\n|move|p2a: Slowking|Future Sight|p1a: Tangrowth\n|-start|p2a: Slowking|move: Future Sight\n|\n|upkeep\n|turn|10\n|\n|t:|1666669413\n|switch|p2a: Ferrothorn|Ferrothorn, M|85\/100\n|move|p1a: Tangrowth|Sleep Powder|p2a: Ferrothorn\n|-immune|p2a: Ferrothorn\n|\n|-heal|p2a: Ferrothorn|91\/100|[from] item: Leftovers\n|upkeep\n|turn|11\n|\n|t:|1666669415\n|switch|p2a: Slowking|Slowking, M|100\/100\n|move|p1a: Tangrowth|Giga Drain|p2a: Slowking\n|-supereffective|p2a: Slowking\n|-damage|p2a: Slowking|66\/100\n|\n|-end|p1a: Tangrowth|move: Future Sight\n|-damage|p1a: Tangrowth|40\/100\n|upkeep\n|turn|12\n|\n|t:|1666669419\n|move|p1a: Tangrowth|Giga Drain|p2a: Slowking\n|-supereffective|p2a: Slowking\n|-damage|p2a: Slowking|36\/100\n|-heal|p1a: Tangrowth|54\/100|[from] drain|[of] p2a: Slowking\n|move|p2a: Slowking|Slack Off|p2a: Slowking\n|-heal|p2a: Slowking|86\/100\n|\n|upkeep\n|turn|13\n|\n|t:|1666669424\n|move|p1a: Tangrowth|Giga Drain|p2a: Slowking\n|-supereffective|p2a: Slowking\n|-damage|p2a: Slowking|54\/100\n|-heal|p1a: Tangrowth|70\/100|[from] drain|[of] p2a: Slowking\n|move|p2a: Slowking|Future Sight|p1a: Tangrowth\n|-start|p2a: Slowking|move: Future Sight\n|\n|upkeep\n|turn|14\n|\n|t:|1666669428\n|switch|p1a: Melmetal|Melmetal|100\/100\n|-damage|p1a: Melmetal|94\/100|[from] Stealth Rock\n|switch|p2a: Ferrothorn|Ferrothorn, M|91\/100\n|\n|-heal|p2a: Ferrothorn|97\/100|[from] item: Leftovers\n|upkeep\n|turn|15\n|\n|t:|1666669432\n|move|p1a: Melmetal|Ice Punch|p2a: Ferrothorn\n|-damage|p2a: Ferrothorn|76\/100\n|-damage|p1a: Melmetal|82\/100|[from] ability: Iron Barbs|[of] p2a: Ferrothorn\n|move|p2a: Ferrothorn|Body Press|p1a: Melmetal\n|-supereffective|p1a: Melmetal\n|-damage|p1a: Melmetal|46\/100\n|\n|-end|p1a: Melmetal|move: Future Sight\n|-resisted|p1a: Melmetal\n|-damage|p1a: Melmetal|35\/100\n|-heal|p2a: Ferrothorn|82\/100|[from] item: Leftovers\n|upkeep\n|turn|16\n|\n|t:|1666669440\n|switch|p1a: Tangrowth|Tangrowth, M|100\/100\n|-damage|p1a: Tangrowth|88\/100|[from] Stealth Rock\n|move|p2a: Ferrothorn|Body Press|p1a: Tangrowth\n|-damage|p1a: Tangrowth|71\/100\n|-damage|p2a: Ferrothorn|65\/100|[from] item: Rocky Helmet|[of] p1a: Tangrowth\n|\n|-heal|p2a: Ferrothorn|71\/100|[from] item: Leftovers\n|upkeep\n|turn|17\n|\n|t:|1666669444\n|switch|p2a: Slowking|Slowking, M|87\/100\n|move|p1a: Tangrowth|Giga Drain|p2a: Slowking\n|-supereffective|p2a: Slowking\n|-damage|p2a: Slowking|55\/100\n|-heal|p1a: Tangrowth|87\/100|[from] drain|[of] p2a: Slowking\n|\n|upkeep\n|turn|18\n|\n|t:|1666669446\n|move|p1a: Tangrowth|Giga Drain|p2a: Slowking\n|-supereffective|p2a: Slowking\n|-damage|p2a: Slowking|20\/100\n|-heal|p1a: Tangrowth|100\/100|[from] drain|[of] p2a: Slowking\n|move|p2a: Slowking|Slack Off|p2a: Slowking\n|-heal|p2a: Slowking|70\/100\n|\n|upkeep\n|turn|19\n|\n|t:|1666669448\n|move|p1a: Tangrowth|Giga Drain|p2a: Slowking\n|-supereffective|p2a: Slowking\n|-damage|p2a: Slowking|37\/100\n|move|p2a: Slowking|Slack Off|p2a: Slowking\n|-heal|p2a: Slowking|87\/100\n|\n|upkeep\n|turn|20\n|\n|t:|1666669451\n|move|p1a: Tangrowth|Sleep Powder|p2a: Slowking\n|-status|p2a: Slowking|slp|[from] move: Sleep Powder\n|cant|p2a: Slowking|slp\n|\n|upkeep\n|turn|21\n|\n|t:|1666669453\n|switch|p2a: Ferrothorn|Ferrothorn, M|71\/100\n|move|p1a: Tangrowth|Giga Drain|p2a: Ferrothorn\n|-resisted|p2a: Ferrothorn\n|-damage|p2a: Ferrothorn|65\/100\n|\n|-heal|p2a: Ferrothorn|71\/100|[from] item: Leftovers\n|upkeep\n|turn|22\n|\n|t:|1666669457\n|switch|p2a: Slowking|Slowking, M|100\/100 slp\n|move|p1a: Tangrowth|Giga Drain|p2a: Slowking\n|-supereffective|p2a: Slowking\n|-damage|p2a: Slowking|69\/100 slp\n|\n|upkeep\n|turn|23\n|\n|t:|1666669459\n|switch|p2a: Ferrothorn|Ferrothorn, M|71\/100\n|move|p1a: Tangrowth|Giga Drain|p2a: Ferrothorn\n|-resisted|p2a: Ferrothorn\n|-damage|p2a: Ferrothorn|65\/100\n|\n|-heal|p2a: Ferrothorn|71\/100|[from] item: Leftovers\n|upkeep\n|turn|24\n|\n|t:|1666669463\n|switch|p2a: Slowking|Slowking, M|100\/100 slp\n|move|p1a: Tangrowth|Giga Drain|p2a: Slowking\n|-supereffective|p2a: Slowking\n|-damage|p2a: Slowking|65\/100 slp\n|\n|upkeep\n|turn|25\n|\n|t:|1666669465\n|move|p1a: Tangrowth|Giga Drain|p2a: Slowking\n|-supereffective|p2a: Slowking\n|-damage|p2a: Slowking|33\/100 slp\n|cant|p2a: Slowking|slp\n|\n|upkeep\n|turn|26\n|j| BabyPigsAreLaughin\n|\n|t:|1666669467\n|switch|p2a: Ferrothorn|Ferrothorn, M|71\/100\n|move|p1a: Tangrowth|Giga Drain|p2a: Ferrothorn\n|-resisted|p2a: Ferrothorn\n|-damage|p2a: Ferrothorn|64\/100\n|\n|-heal|p2a: Ferrothorn|70\/100|[from] item: Leftovers\n|upkeep\n|turn|27\n|\n|t:|1666669470\n|switch|p2a: Slowking|Slowking, M|66\/100 slp\n|move|p1a: Tangrowth|Giga Drain|p2a: Slowking\n|-supereffective|p2a: Slowking\n|-damage|p2a: Slowking|33\/100 slp\n|\n|upkeep\n|turn|28\n|\n|t:|1666669476\n|switch|p2a: Ferrothorn|Ferrothorn, M|70\/100\n|move|p1a: Tangrowth|Giga Drain|p2a: Ferrothorn\n|-resisted|p2a: Ferrothorn\n|-damage|p2a: Ferrothorn|64\/100\n|\n|-heal|p2a: Ferrothorn|70\/100|[from] item: Leftovers\n|upkeep\n|turn|29\n|\n|t:|1666669478\n|switch|p2a: Slowking|Slowking, M|66\/100 slp\n|move|p1a: Tangrowth|Focus Blast|p2a: Slowking|[miss]\n|-miss|p1a: Tangrowth|p2a: Slowking\n|\n|upkeep\n|turn|30\n|\n|t:|1666669480\n|move|p1a: Tangrowth|Focus Blast|p2a: Slowking\n|-resisted|p2a: Slowking\n|-damage|p2a: Slowking|57\/100 slp\n|-curestatus|p2a: Slowking|slp|[msg]\n|move|p2a: Slowking|Slack Off|p2a: Slowking\n|-heal|p2a: Slowking|100\/100\n|\n|upkeep\n|turn|31\n|\n|t:|1666669482\n|move|p1a: Tangrowth|Focus Blast|p2a: Slowking\n|-resisted|p2a: Slowking\n|-damage|p2a: Slowking|92\/100\n|move|p2a: Slowking|Future Sight|p1a: Tangrowth\n|-start|p2a: Slowking|move: Future Sight\n|\n|upkeep\n|turn|32\n|\n|t:|1666669484\n|move|p1a: Tangrowth|Sleep Powder|p2a: Slowking\n|-status|p2a: Slowking|slp|[from] move: Sleep Powder\n|cant|p2a: Slowking|slp\n|\n|upkeep\n|turn|33\n|\n|t:|1666669486\n|switch|p1a: Heatran|Heatran, M|100\/100\n|-damage|p1a: Heatran|88\/100|[from] Stealth Rock\n|-item|p1a: Heatran|Air Balloon\n|cant|p2a: Slowking|slp\n|\n|-end|p1a: Heatran|move: Future Sight\n|-resisted|p1a: Heatran\n|-damage|p1a: Heatran|68\/100\n|-enditem|p1a: Heatran|Air Balloon\n|upkeep\n|turn|34\n|\n|t:|1666669488\n|move|p1a: Heatran|Stealth Rock|p2a: Slowking\n|-sidestart|p2: Kwaga|move: Stealth Rock\n|cant|p2a: Slowking|slp\n|\n|upkeep\n|turn|35\n|\n|t:|1666669490\n|move|p1a: Heatran|Magma Storm|p2a: Slowking|[miss]\n|-miss|p1a: Heatran|p2a: Slowking\n|-curestatus|p2a: Slowking|slp|[msg]\n|move|p2a: Slowking|Scald|p1a: Heatran\n|-supereffective|p1a: Heatran\n|-damage|p1a: Heatran|16\/100\n|\n|upkeep\n|turn|36\n|\n|t:|1666669492\n|switch|p1a: rotomwash|Rotom-Wash|99\/100\n|-damage|p1a: rotomwash|86\/100|[from] Stealth Rock\n|move|p2a: Slowking|Scald|p1a: rotomwash\n|-resisted|p1a: rotomwash\n|-damage|p1a: rotomwash|73\/100\n|-status|p1a: rotomwash|brn\n|\n|-heal|p1a: rotomwash|79\/100 brn|[from] item: Leftovers\n|-damage|p1a: rotomwash|73\/100 brn|[from] brn\n|upkeep\n|turn|37\n|\n|t:|1666669494\n|move|p1a: rotomwash|Pain Split|p2a: Slowking\n|-sethp|p2a: Slowking|74\/100|[from] move: Pain Split|[silent]\n|-sethp|p1a: rotomwash|96\/100 brn|[from] move: Pain Split\n|move|p2a: Slowking|Teleport|p2a: Slowking\n|\n|t:|1666669497\n|switch|p2a: Ferrothorn|Ferrothorn, M|70\/100|[from]move: Teleport\n|-damage|p2a: Ferrothorn|64\/100|[from] Stealth Rock\n|\n|-heal|p1a: rotomwash|100\/100 brn|[from] item: Leftovers\n|-heal|p2a: Ferrothorn|70\/100|[from] item: Leftovers\n|-damage|p1a: rotomwash|94\/100 brn|[from] brn\n|upkeep\n|turn|38\n|\n|t:|1666669499\n|switch|p1a: Tangrowth|Tangrowth, M|100\/100\n|-damage|p1a: Tangrowth|88\/100|[from] Stealth Rock\n|move|p2a: Ferrothorn|Knock Off|p1a: Tangrowth\n|-damage|p1a: Tangrowth|76\/100\n|-damage|p2a: Ferrothorn|53\/100|[from] item: Rocky Helmet|[of] p1a: Tangrowth\n|-enditem|p1a: Tangrowth|Rocky Helmet|[from] move: Knock Off|[of] p2a: Ferrothorn\n|\n|-heal|p2a: Ferrothorn|59\/100|[from] item: Leftovers\n|upkeep\n|turn|39\n|\n|t:|1666669502\n|switch|p2a: Slowking|Slowking, M|100\/100\n|-damage|p2a: Slowking|88\/100|[from] Stealth Rock\n|move|p1a: Tangrowth|Focus Blast|p2a: Slowking|[miss]\n|-miss|p1a: Tangrowth|p2a: Slowking\n|\n|upkeep\n|turn|40\n|\n|t:|1666669504\n|move|p1a: Tangrowth|Sleep Powder|p2a: Slowking\n|-status|p2a: Slowking|slp|[from] move: Sleep Powder\n|cant|p2a: Slowking|slp\n|\n|upkeep\n|turn|41\n|\n|t:|1666669506\n|move|p1a: Tangrowth|Focus Blast|p2a: Slowking\n|-resisted|p2a: Slowking\n|-damage|p2a: Slowking|79\/100 slp\n|-unboost|p2a: Slowking|spd|1\n|-curestatus|p2a: Slowking|slp|[msg]\n|move|p2a: Slowking|Scald|p1a: Tangrowth\n|-resisted|p1a: Tangrowth\n|-damage|p1a: Tangrowth|58\/100\n|\n|upkeep\n|turn|42\n|\n|t:|1666669509\n|move|p1a: Tangrowth|Sleep Powder|p2a: Slowking\n|-status|p2a: Slowking|slp|[from] move: Sleep Powder\n|cant|p2a: Slowking|slp\n|\n|upkeep\n|turn|43\n|\n|t:|1666669511\n|switch|p1a: Heatran|Heatran, M|16\/100\n|-damage|p1a: Heatran|4\/100|[from] Stealth Rock\n|-curestatus|p2a: Slowking|slp|[msg]\n|move|p2a: Slowking|Slack Off|p2a: Slowking\n|-heal|p2a: Slowking|100\/100\n|\n|upkeep\n|turn|44\n|\n|t:|1666669513\n|move|p1a: Heatran|Earth Power|p2a: Slowking\n|-damage|p2a: Slowking|74\/100\n|move|p2a: Slowking|Scald|p1a: Heatran\n|-supereffective|p1a: Heatran\n|-damage|p1a: Heatran|0 fnt\n|faint|p1a: Heatran\n|\n|upkeep\n|\n|t:|1666669513\n|switch|p1a: Melmetal|Melmetal|35\/100\n|-damage|p1a: Melmetal|29\/100|[from] Stealth Rock\n|turn|45\n|\n|t:|1666669516\n|switch|p1a: Tangrowth|Tangrowth, M|91\/100\n|-damage|p1a: Tangrowth|79\/100|[from] Stealth Rock\n|switch|p2a: Ferrothorn|Ferrothorn, M|59\/100\n|-damage|p2a: Ferrothorn|53\/100|[from] Stealth Rock\n|\n|-heal|p2a: Ferrothorn|59\/100|[from] item: Leftovers\n|upkeep\n|turn|46\n|\n|t:|1666669518\n|switch|p2a: Slowking|Slowking, M|100\/100\n|-damage|p2a: Slowking|88\/100|[from] Stealth Rock\n|move|p1a: Tangrowth|Knock Off|p2a: Slowking\n|-supereffective|p2a: Slowking\n|-damage|p2a: Slowking|55\/100\n|\n|upkeep\n|turn|47\n|\n|t:|1666669520\n|move|p1a: Tangrowth|Sleep Powder|p2a: Slowking|[miss]\n|-miss|p1a: Tangrowth|p2a: Slowking\n|move|p2a: Slowking|Slack Off|p2a: Slowking\n|-heal|p2a: Slowking|100\/100\n|\n|upkeep\n|turn|48\n|\n|t:|1666669522\n|move|p1a: Tangrowth|Sleep Powder|p2a: Slowking\n|-status|p2a: Slowking|slp|[from] move: Sleep Powder\n|cant|p2a: Slowking|slp\n|\n|upkeep\n|turn|49\n|\n|t:|1666669524\n|move|p1a: Tangrowth|Knock Off|p2a: Slowking\n|-supereffective|p2a: Slowking\n|-damage|p2a: Slowking|70\/100 slp\n|cant|p2a: Slowking|slp\n|\n|upkeep\n|turn|50\n|\n|t:|1666669526\n|move|p1a: Tangrowth|Knock Off|p2a: Slowking\n|-supereffective|p2a: Slowking\n|-damage|p2a: Slowking|36\/100 slp\n|cant|p2a: Slowking|slp\n|\n|upkeep\n|turn|51\n|\n|t:|1666669528\n|switch|p2a: Ferrothorn|Ferrothorn, M|59\/100\n|-damage|p2a: Ferrothorn|53\/100|[from] Stealth Rock\n|move|p1a: Tangrowth|Knock Off|p2a: Ferrothorn\n|-damage|p2a: Ferrothorn|40\/100\n|-damage|p1a: Tangrowth|66\/100|[from] ability: Iron Barbs|[of] p2a: Ferrothorn\n|-enditem|p2a: Ferrothorn|Leftovers|[from] move: Knock Off|[of] p1a: Tangrowth\n|\n|upkeep\n|turn|52\n|\n|t:|1666669534\n|switch|p1a: landorustherian|Landorus-Therian, M|76\/100\n|-damage|p1a: landorustherian|63\/100|[from] Stealth Rock\n|-ability|p1a: landorustherian|Intimidate|boost\n|-unboost|p2a: Ferrothorn|atk|1\n|switch|p2a: Slowking|Slowking, M|69\/100 slp\n|-damage|p2a: Slowking|57\/100 slp|[from] Stealth Rock\n|\n|-heal|p1a: landorustherian|70\/100|[from] item: Leftovers\n|upkeep\n|turn|53\n|j| Drasuk\n|\n|t:|1666669537\n|switch|p1a: Tangrowth|Tangrowth, M|99\/100\n|-damage|p1a: Tangrowth|87\/100|[from] Stealth Rock\n|switch|p2a: Landorus|Landorus-Therian, M|100\/100\n|-damage|p2a: Landorus|88\/100|[from] Stealth Rock\n|-ability|p2a: Landorus|Intimidate|boost\n|-unboost|p1a: Tangrowth|atk|1\n|\n|-heal|p2a: Landorus|94\/100|[from] item: Leftovers\n|upkeep\n|turn|54\n|\n|t:|1666669539\n|move|p2a: Landorus|Toxic|p1a: Tangrowth\n|-status|p1a: Tangrowth|tox\n|move|p1a: Tangrowth|Sleep Powder|p2a: Landorus|[miss]\n|-miss|p1a: Tangrowth|p2a: Landorus\n|\n|-heal|p2a: Landorus|99\/100|[from] item: Leftovers\n|-damage|p1a: Tangrowth|81\/100 tox|[from] psn\n|upkeep\n|turn|55\n|l| Drasuk\n|\n|t:|1666669543\n|switch|p1a: landorustherian|Landorus-Therian, M|70\/100\n|-damage|p1a: landorustherian|57\/100|[from] Stealth Rock\n|-ability|p1a: landorustherian|Intimidate|boost\n|-unboost|p2a: Landorus|atk|1\n|move|p2a: Landorus|Earthquake|p1a: landorustherian\n|-immune|p1a: landorustherian\n|\n|-heal|p1a: landorustherian|63\/100|[from] item: Leftovers\n|-heal|p2a: Landorus|100\/100|[from] item: Leftovers\n|upkeep\n|turn|56\n|\n|t:|1666669545\n|move|p1a: landorustherian|Toxic|p2a: Landorus\n|-status|p2a: Landorus|tox\n|move|p2a: Landorus|Toxic|p1a: landorustherian\n|-status|p1a: landorustherian|tox\n|\n|-heal|p1a: landorustherian|69\/100 tox|[from] item: Leftovers\n|-damage|p1a: landorustherian|63\/100 tox|[from] psn\n|-damage|p2a: Landorus|94\/100 tox|[from] psn\n|upkeep\n|turn|57\n|\n|t:|1666669547\n|switch|p1a: Tangrowth|Tangrowth, M|100\/100 tox\n|-damage|p1a: Tangrowth|88\/100 tox|[from] Stealth Rock\n|move|p2a: Landorus|U-turn|p1a: Tangrowth\n|-supereffective|p1a: Tangrowth\n|-damage|p1a: Tangrowth|71\/100 tox\n|\n|t:|1666669549\n|switch|p2a: Slowking|Slowking, M|90\/100 slp|[from]move: U-turn\n|-damage|p2a: Slowking|78\/100 slp|[from] Stealth Rock\n|\n|-damage|p1a: Tangrowth|65\/100 tox|[from] psn\n|upkeep\n|turn|58\n|\n|t:|1666669551\n|switch|p1a: rotomwash|Rotom-Wash|94\/100 brn\n|-damage|p1a: rotomwash|82\/100 brn|[from] Stealth Rock\n|-curestatus|p2a: Slowking|slp|[msg]\n|move|p2a: Slowking|Slack Off|p2a: Slowking\n|-heal|p2a: Slowking|100\/100\n|\n|-heal|p1a: rotomwash|88\/100 brn|[from] item: Leftovers\n|-damage|p1a: rotomwash|82\/100 brn|[from] brn\n|upkeep\n|turn|59\n|\n|t:|1666669553\n|switch|p2a: Ferrothorn|Ferrothorn, M|40\/100\n|-damage|p2a: Ferrothorn|34\/100|[from] Stealth Rock\n|move|p1a: rotomwash|Nasty Plot|p1a: rotomwash\n|-boost|p1a: rotomwash|spa|2\n|\n|-heal|p1a: rotomwash|88\/100 brn|[from] item: Leftovers\n|-damage|p1a: rotomwash|82\/100 brn|[from] brn\n|upkeep\n|turn|60\n|\n|t:|1666669556\n|move|p1a: rotomwash|Hydro Pump|p2a: Ferrothorn\n|-resisted|p2a: Ferrothorn\n|-damage|p2a: Ferrothorn|0 fnt\n|faint|p2a: Ferrothorn\n|\n|-heal|p1a: rotomwash|88\/100 brn|[from] item: Leftovers\n|-damage|p1a: rotomwash|82\/100 brn|[from] brn\n|upkeep\n|\n|t:|1666669559\n|switch|p2a: Tapu Koko|Tapu Koko, shiny|84\/100\n|-fieldstart|move: Electric Terrain|[from] ability: Electric Surge|[of] p2a: Tapu Koko\n|turn|61\n|\n|t:|1666669561\n|move|p2a: Tapu Koko|Thunderbolt|p1a: rotomwash\n|-damage|p1a: rotomwash|31\/100 brn\n|move|p1a: rotomwash|Pain Split|p2a: Tapu Koko\n|-sethp|p2a: Tapu Koko|59\/100|[from] move: Pain Split|[silent]\n|-sethp|p1a: rotomwash|54\/100 brn|[from] move: Pain Split\n|\n|-heal|p1a: rotomwash|61\/100 brn|[from] item: Leftovers\n|-damage|p1a: rotomwash|54\/100 brn|[from] brn\n|upkeep\n|turn|62\n|\n|t:|1666669564\n|move|p2a: Tapu Koko|Thunderbolt|p1a: rotomwash\n|-damage|p1a: rotomwash|1\/100 brn\n|move|p1a: rotomwash|Hydro Pump|p2a: Tapu Koko\n|-damage|p2a: Tapu Koko|0 fnt\n|faint|p2a: Tapu Koko\n|\n|-heal|p1a: rotomwash|7\/100 brn|[from] item: Leftovers\n|-damage|p1a: rotomwash|1\/100 brn|[from] brn\n|upkeep\n|\n|t:|1666669569\n|switch|p2a: Slowking|Slowking, M|100\/100\n|-damage|p2a: Slowking|88\/100|[from] Stealth Rock\n|turn|63\n|\n|t:|1666669572\n|move|p1a: rotomwash|Pain Split|p2a: Slowking\n|-sethp|p2a: Slowking|44\/100|[from] move: Pain Split|[silent]\n|-sethp|p1a: rotomwash|57\/100 brn|[from] move: Pain Split\n|move|p2a: Slowking|Scald|p1a: rotomwash\n|-resisted|p1a: rotomwash\n|-damage|p1a: rotomwash|44\/100 brn\n|\n|-heal|p1a: rotomwash|50\/100 brn|[from] item: Leftovers\n|-damage|p1a: rotomwash|44\/100 brn|[from] brn\n|upkeep\n|turn|64\n|\n|t:|1666669574\n|move|p1a: rotomwash|Nasty Plot|p1a: rotomwash\n|-boost|p1a: rotomwash|spa|2\n|move|p2a: Slowking|Teleport|p2a: Slowking\n|j| Drasuk\n|\n|t:|1666669576\n|switch|p2a: Buzzwole|Buzzwole|100\/100|[from]move: Teleport\n|\n|-heal|p1a: rotomwash|50\/100 brn|[from] item: Leftovers\n|-damage|p1a: rotomwash|44\/100 brn|[from] brn\n|upkeep\n|turn|65\n|l| Drasuk\n|\n|t:|1666669579\n|switch|p2a: Landorus|Landorus-Therian, M|94\/100 tox\n|-damage|p2a: Landorus|82\/100 tox|[from] Stealth Rock\n|-ability|p2a: Landorus|Intimidate|boost\n|-unboost|p1a: rotomwash|atk|1\n|move|p1a: rotomwash|Hydro Pump|p2a: Landorus\n|-supereffective|p2a: Landorus\n|-damage|p2a: Landorus|0 fnt\n|faint|p2a: Landorus\n|\n|-heal|p1a: rotomwash|50\/100 brn|[from] item: Leftovers\n|-damage|p1a: rotomwash|44\/100 brn|[from] brn\n|-fieldend|move: Electric Terrain\n|upkeep\n|\n|t:|1666669581\n|switch|p2a: Slowking|Slowking, M|78\/100\n|-damage|p2a: Slowking|65\/100|[from] Stealth Rock\n|turn|66\n|j| Roy543\n|\n|t:|1666669583\n|move|p1a: rotomwash|Pain Split|p2a: Slowking\n|-sethp|p2a: Slowking|49\/100|[from] move: Pain Split|[silent]\n|-sethp|p1a: rotomwash|64\/100 brn|[from] move: Pain Split\n|move|p2a: Slowking|Future Sight|p1a: rotomwash\n|-start|p2a: Slowking|move: Future Sight\n|\n|-heal|p1a: rotomwash|70\/100 brn|[from] item: Leftovers\n|-damage|p1a: rotomwash|64\/100 brn|[from] brn\n|upkeep\n|turn|67\n|\n|t:|1666669585\n|move|p1a: rotomwash|Thunderbolt|p2a: Slowking\n|-supereffective|p2a: Slowking\n|-damage|p2a: Slowking|0 fnt\n|faint|p2a: Slowking\n|\n|-heal|p1a: rotomwash|70\/100 brn|[from] item: Leftovers\n|-damage|p1a: rotomwash|64\/100 brn|[from] brn\n|upkeep\n|-message|Kwaga forfeited.\n|\n|win|minimax_ai\n|raw|minimax_ai's rating: 1649 &rarr; <strong>1669<\/strong><br \/>(+20 for winning)\n|raw|Kwaga's rating: 1652 &rarr; <strong>1632<\/strong><br \/>(-20 for losing)\n|c|\u2606minimax_ai|gg\n|l|\u2606Kwaga\n","uploadtime":1666669589,"views":8,"p1id":"minimaxai","p2id":"kwaga","formatid":"gen8ou","rating":1632,"private":0,"password":null}