{"id":"gen8ubers-1288688960","p1":"DreamPrince","p2":"therockcena","format":"gen8ubers","log":"|j|\u2606DreamPrince\n|j|\u2606therockcena\n|t:|1614150236\n|player|p1|DreamPrince|acetrainersnow|1430\n|player|p2|therockcena|265|1306\n|teamsize|p1|6\n|teamsize|p2|6\n|gametype|singles\n|gen|8\n|tier|[Gen 8] Ubers\n|rated|\n|clearpoke\n|poke|p1|Dialga|\n|poke|p1|Necrozma-Dusk-Mane|\n|poke|p1|Calyrex-Ice|\n|poke|p1|Dracovish|\n|poke|p1|Porygon2|\n|poke|p1|Kyogre|\n|poke|p2|Yveltal|\n|poke|p2|Zacian|\n|poke|p2|Calyrex-Shadow|\n|poke|p2|Lugia|\n|poke|p2|Ho-Oh|\n|poke|p2|Eternatus|\n|rule|Sleep Clause Mod: Limit one foe put to sleep\n|rule|Species Clause: Limit one of each Pok\u00e9mon\n|rule|OHKO Clause: OHKO moves are banned\n|rule|Evasion Moves Clause: Evasion moves are banned\n|rule|Endless Battle Clause: Forcing endless battles is banned\n|rule|HP Percentage Mod: HP is shown in percentages\n|rule|Dynamax Clause: You cannot dynamax\n|teampreview\n|\n|t:|1614150245\n|start\n|switch|p1a: Dialga|Dialga|100\/100\n|switch|p2a: Yveltal|Yveltal|100\/100\n|-ability|p2a: Yveltal|Dark Aura\n|-ability|p1a: Dialga|Pressure\n|turn|1\n|inactive|Battle timer is ON: inactive players will automatically lose when time's up. (requested by therockcena)\n|\n|t:|1614150252\n|move|p2a: Yveltal|U-turn|p1a: Dialga\n|-resisted|p1a: Dialga\n|-damage|p1a: Dialga|94\/100\n|\n|t:|1614150271\n|switch|p2a: Calyrex|Calyrex-Shadow|100\/100|[from]move: U-turn\n|-ability|p2a: Calyrex|As One\n|-ability|p2a: Calyrex|Unnerve|p1: DreamPrince\n|move|p1a: Dialga|Trick Room|p1a: Dialga\n|-fieldstart|move: Trick Room|[of] p1a: Dialga\n|\n|upkeep\n|turn|2\n|\n|t:|1614150281\n|move|p1a: Dialga|Stealth Rock|p2a: Calyrex\n|-sidestart|p2: therockcena|move: Stealth Rock\n|move|p2a: Calyrex|Astral Barrage|p1a: Dialga\n|-damage|p1a: Dialga|19\/100\n|\n|upkeep\n|turn|3\n|\n|t:|1614150288\n|switch|p2a: Lugia|Lugia|100\/100\n|-damage|p2a: Lugia|75\/100|[from] Stealth Rock\n|move|p1a: Dialga|Steel Beam|p2a: Lugia\n|-damage|p2a: Lugia|30\/100\n|-damage|p1a: Dialga|0 fnt|[from] mindblown\n|faint|p1a: Dialga\n|\n|-heal|p2a: Lugia|36\/100|[from] item: Leftovers\n|upkeep\n|\n|t:|1614150296\n|switch|p1a: Calyrex|Calyrex-Ice|100\/100\n|-ability|p1a: Calyrex|As One\n|-ability|p1a: Calyrex|Unnerve|p2: therockcena\n|turn|4\n|\n|t:|1614150302\n|move|p1a: Calyrex|Glacial Lance|p2a: Lugia\n|-supereffective|p2a: Lugia\n|-damage|p2a: Lugia|0 fnt\n|faint|p2a: Lugia\n|-ability|p1a: Calyrex|Chilling Neigh|boost\n|-boost|p1a: Calyrex|atk|1\n|\n|upkeep\n|\n|t:|1614150317\n|switch|p2a: Eternatus|Eternatus|100\/100\n|-damage|p2a: Eternatus|88\/100|[from] Stealth Rock\n|-ability|p2a: Eternatus|Pressure\n|turn|5\n|\n|t:|1614150323\n|move|p1a: Calyrex|Glacial Lance|p2a: Eternatus\n|-supereffective|p2a: Eternatus\n|-damage|p2a: Eternatus|0 fnt\n|faint|p2a: Eternatus\n|-ability|p1a: Calyrex|Chilling Neigh|boost\n|-boost|p1a: Calyrex|atk|1\n|\n|-fieldend|move: Trick Room\n|upkeep\n|\n|t:|1614150328\n|switch|p2a: Zacian|Zacian|100\/100\n|-damage|p2a: Zacian|88\/100|[from] Stealth Rock\n|-ability|p2a: Zacian|Intrepid Sword|boost\n|-boost|p2a: Zacian|atk|1\n|turn|6\n|\n|t:|1614150332\n|move|p2a: Zacian|Play Rough|p1a: Calyrex\n|-damage|p1a: Calyrex|50\/100\n|-damage|p2a: Zacian|78\/100|[from] item: Life Orb\n|move|p1a: Calyrex|Trick Room|p1a: Calyrex\n|-fieldstart|move: Trick Room|[of] p1a: Calyrex\n|\n|upkeep\n|turn|7\n|\n|t:|1614150338\n|move|p1a: Calyrex|Glacial Lance|p2a: Zacian\n|-damage|p2a: Zacian|0 fnt\n|faint|p2a: Zacian\n|-ability|p1a: Calyrex|Chilling Neigh|boost\n|-boost|p1a: Calyrex|atk|1\n|\n|upkeep\n|-message|therockcena forfeited.\n|\n|win|DreamPrince\n|l|\u2606therockcena\n|raw|DreamPrince's rating: 1430 &rarr; <strong>1443<\/strong><br \/>(+13 for winning)\n|raw|therockcena's rating: 1306 &rarr; <strong>1293<\/strong><br \/>(-13 for losing)\n","uploadtime":1614150350,"views":5,"p1id":"dreamprince","p2id":"therockcena","formatid":"gen8ubers","rating":1293,"private":0,"password":null}