{"id":"gen8vgc2021-1213407465","p1":"MeditateMate","p2":"glaed13","format":"gen8vgc2021","log":"|j|\u2606MeditateMate\n|j|\u2606glaed13\n|t:|1604114413\n|player|p1|MeditateMate|sage|1363\n|player|p2|glaed13|cheren-gen5bw2|1321\n|teamsize|p1|6\n|teamsize|p2|6\n|gametype|doubles\n|gen|8\n|tier|[Gen 8] VGC 2021\n|rated|\n|clearpoke\n|poke|p1|Tapu Bulu, L50|\n|poke|p1|Cresselia, L50, F|\n|poke|p1|Rotom-Heat, L50|\n|poke|p1|Duraludon, L50, M|\n|poke|p1|Araquanid, L50, M|\n|poke|p1|Urshifu-*, L50, M|\n|poke|p2|Pheromosa, L50|\n|poke|p2|Glastrier, L50|\n|poke|p2|Cinderace, L50, M|\n|poke|p2|Primarina, L50, F|\n|poke|p2|Zapdos, L50|\n|poke|p2|Articuno-Galar, L50|\n|rule|Species Clause: Limit one of each Pok\u00e9mon\n|rule|Item Clause: Limit one of each item\n|teampreview|4\n|inactive|Battle timer is ON: inactive players will automatically lose when time's up. (requested by glaed13)\n|inactive|MeditateMate has 60 seconds left.\n|\n|t:|1604114454\n|start\n|switch|p1a: Cresselia|Cresselia, L50, F, shiny|48\/48\n|switch|p1b: Rotom|Rotom-Heat, L50|48\/48\n|switch|p2a: Pheromosa|Pheromosa, L50|48\/48\n|switch|p2b: Glastrier|Glastrier, L50|48\/48\n|turn|1\n|inactive|glaed13 has 30 seconds left.\n|\n|t:|1604114481\n|move|p2a: Pheromosa|Lunge|p1a: Cresselia\n|-supereffective|p1a: Cresselia\n|-damage|p1a: Cresselia|22\/48\n|-unboost|p1a: Cresselia|atk|1\n|move|p1b: Rotom|Will-O-Wisp|p2b: Glastrier\n|-status|p2b: Glastrier|brn\n|move|p2b: Glastrier|Icicle Crash|p1a: Cresselia\n|-damage|p1a: Cresselia|14\/48\n|move|p1a: Cresselia|Trick Room|p1a: Cresselia\n|-fieldstart|move: Trick Room|[of] p1a: Cresselia\n|\n|-damage|p2b: Glastrier|45\/48 brn|[from] brn\n|upkeep\n|turn|2\n|inactive|glaed13 has 30 seconds left.\n|\n|t:|1604114511\n|move|p2b: Glastrier|Close Combat|p1b: Rotom\n|-damage|p1b: Rotom|35\/48\n|-unboost|p2b: Glastrier|def|1\n|-unboost|p2b: Glastrier|spd|1\n|move|p1b: Rotom|Thunderbolt|p2a: Pheromosa\n|-enditem|p2a: Pheromosa|Focus Sash\n|-damage|p2a: Pheromosa|1\/48\n|move|p1a: Cresselia|Psychic|p2a: Pheromosa\n|-supereffective|p2a: Pheromosa\n|-damage|p2a: Pheromosa|0 fnt\n|faint|p2a: Pheromosa\n|\n|-damage|p2b: Glastrier|42\/48 brn|[from] brn\n|upkeep\n|inactive|glaed13 has 30 seconds left.\n|\n|t:|1604114539\n|switch|p2a: Zapdos|Zapdos, L50|48\/48\n|turn|3\n|\n|t:|1604114555\n|-start|p1b: Rotom|Dynamax\n|-heal|p1b: Rotom|35\/48|[silent]\n|move|p2a: Zapdos|Protect|p2a: Zapdos\n|-singleturn|p2a: Zapdos|Protect\n|move|p2b: Glastrier|Heavy Slam|p1a: Cresselia\n|-damage|p1a: Cresselia|7\/48\n|move|p1b: Rotom|Max Flare|p2a: Zapdos\n|-zbroken|p2a: Zapdos\n|-damage|p2a: Zapdos|39\/48\n|-weather|SunnyDay\n|move|p1a: Cresselia|Calm Mind|p1a: Cresselia\n|-boost|p1a: Cresselia|spa|1\n|-boost|p1a: Cresselia|spd|1\n|\n|-weather|SunnyDay|[upkeep]\n|-damage|p2b: Glastrier|39\/48 brn|[from] brn\n|upkeep\n|turn|4\n|inactive|glaed13 has 30 seconds left.\n|\n|t:|1604114586\n|move|p2b: Glastrier|Icicle Crash|p1a: Cresselia\n|-crit|p1a: Cresselia\n|-damage|p1a: Cresselia|0 fnt\n|faint|p1a: Cresselia\n|-ability|p2b: Glastrier|Chilling Neigh|boost\n|-boost|p2b: Glastrier|atk|1\n|move|p1b: Rotom|Max Flare|p2a: Zapdos\n|-damage|p2a: Zapdos|0 fnt\n|faint|p2a: Zapdos\n|\n|-weather|SunnyDay|[upkeep]\n|-damage|p2b: Glastrier|37\/48 brn|[from] brn\n|upkeep\n|\n|t:|1604114602\n|switch|p1a: Urshifu|Urshifu, L50, M|48\/48\n|switch|p2a: Cinderace|Cinderace, L50, M|48\/48\n|turn|5\n|inactive|glaed13 has 30 seconds left.\n|\n|t:|1604114634\n|-start|p2a: Cinderace|Dynamax\n|-formechange|p2a: Cinderace|Cinderace-Gmax\n|-heal|p2a: Cinderace|48\/48|[silent]\n|move|p2b: Glastrier|Close Combat|p1a: Urshifu\n|-supereffective|p1a: Urshifu\n|-damage|p1a: Urshifu|14\/48\n|-unboost|p2b: Glastrier|def|1\n|-unboost|p2b: Glastrier|spd|1\n|move|p1b: Rotom|Max Lightning|p2a: Cinderace\n|-crit|p2a: Cinderace\n|-damage|p2a: Cinderace|15\/48\n|-fieldstart|move: Electric Terrain\n|move|p1a: Urshifu|Wicked Blow|p2a: Cinderace\n|-crit|p2a: Cinderace\n|-damage|p2a: Cinderace|0 fnt\n|faint|p2a: Cinderace\n|\n|-weather|SunnyDay|[upkeep]\n|-damage|p2b: Glastrier|34\/48 brn|[from] brn\n|-fieldend|move: Trick Room\n|-end|p1b: Rotom|Dynamax\n|-heal|p1b: Rotom|35\/48|[silent]\n|upkeep\n|turn|6\n|inactive|glaed13 has 30 seconds left.\n|\n|t:|1604114659\n|move|p1a: Urshifu|Close Combat|p2b: Glastrier\n|-supereffective|p2b: Glastrier\n|-damage|p2b: Glastrier|0 fnt\n|-unboost|p1a: Urshifu|def|1\n|-unboost|p1a: Urshifu|spd|1\n|faint|p2b: Glastrier\n|\n|win|MeditateMate\n","uploadtime":1604114664,"views":11,"p1id":"meditatemate","p2id":"glaed13","formatid":"gen8vgc2021","rating":0,"private":0,"password":null}