{"id":"gen8ou-1671693695","p1":"mgudelo","p2":"machugen","format":"gen8ou","log":"|j|\u2606mgudelo\n|j|\u2606machugen\n|t:|1664293806\n|gametype|singles\n|player|p1|mgudelo|red-gen1|1700\n|player|p2|machugen|byron|1749\n|teamsize|p1|6\n|teamsize|p2|6\n|gen|8\n|tier|[Gen 8] OU\n|rated|\n|rule|Sleep Clause Mod: Limit one foe put to sleep\n|rule|Species Clause: Limit one of each Pok\u00e9mon\n|rule|OHKO Clause: OHKO moves are banned\n|rule|Evasion Items Clause: Evasion items are banned\n|rule|Evasion Moves Clause: Evasion moves are banned\n|rule|Endless Battle Clause: Forcing endless battles is banned\n|rule|HP Percentage Mod: HP is shown in percentages\n|rule|Dynamax Clause: You cannot dynamax\n|clearpoke\n|poke|p1|Azumarill, M|\n|poke|p1|Hawlucha, F|\n|poke|p1|Blacephalon|\n|poke|p1|Dragapult, M|\n|poke|p1|Landorus-Therian, M|\n|poke|p1|Tapu Koko|\n|poke|p2|Nihilego|\n|poke|p2|Garchomp, F|\n|poke|p2|Weavile, F|\n|poke|p2|Kartana|\n|poke|p2|Tornadus-Therian, M|\n|poke|p2|Corviknight, M|\n|teampreview\n|inactive|Battle timer is ON: inactive players will automatically lose when time's up. (requested by mgudelo)\n|inactive|mgudelo has 120 seconds left.\n|\n|t:|1664293848\n|start\n|switch|p1a: Azumarill|Azumarill, M, shiny|100\/100\n|switch|p2a: Weavile|Weavile, F|100\/100\n|-ability|p2a: Weavile|Pressure\n|turn|1\n|\n|t:|1664293859\n|switch|p2a: Corviknight|Corviknight, M|100\/100\n|-ability|p2a: Corviknight|Pressure\n|move|p1a: Azumarill|Knock Off|p2a: Corviknight\n|-damage|p2a: Corviknight|73\/100\n|-enditem|p2a: Corviknight|Leftovers|[from] move: Knock Off|[of] p1a: Azumarill\n|\n|upkeep\n|turn|2\n|\n|t:|1664293867\n|move|p1a: Azumarill|Belly Drum|p1a: Azumarill\n|-damage|p1a: Azumarill|50\/100\n|-setboost|p1a: Azumarill|atk|6|[from] move: Belly Drum\n|-enditem|p1a: Azumarill|Sitrus Berry|[eat]\n|-heal|p1a: Azumarill|75\/100|[from] item: Sitrus Berry\n|move|p2a: Corviknight|U-turn|p1a: Azumarill\n|-resisted|p1a: Azumarill\n|-damage|p1a: Azumarill|67\/100\n|\n|t:|1664293870\n|switch|p2a: Kartana|Kartana|100\/100|[from]move: U-turn\n|\n|upkeep\n|turn|3\n|\n|t:|1664293878\n|move|p1a: Azumarill|Aqua Jet|p2a: Kartana\n|-resisted|p2a: Kartana\n|-damage|p2a: Kartana|52\/100\n|move|p2a: Kartana|Leaf Blade|p1a: Azumarill\n|-supereffective|p1a: Azumarill\n|-damage|p1a: Azumarill|0 fnt\n|faint|p1a: Azumarill\n|-ability|p2a: Kartana|Beast Boost|boost\n|-boost|p2a: Kartana|atk|1\n|\n|upkeep\n|\n|t:|1664293895\n|switch|p1a: Blacephalon|Blacephalon|100\/100\n|turn|4\n|\n|t:|1664293899\n|move|p2a: Kartana|Leaf Blade|p1a: Blacephalon\n|-resisted|p1a: Blacephalon\n|-damage|p1a: Blacephalon|10\/100\n|move|p1a: Blacephalon|Substitute|p1a: Blacephalon\n|-fail|p1a: Blacephalon|move: Substitute|[weak]\n|\n|upkeep\n|turn|5\n|\n|t:|1664293916\n|move|p2a: Kartana|Leaf Blade|p1a: Blacephalon\n|-resisted|p1a: Blacephalon\n|-damage|p1a: Blacephalon|0 fnt\n|faint|p1a: Blacephalon\n|-ability|p2a: Kartana|Beast Boost|boost\n|-boost|p2a: Kartana|atk|1\n|\n|upkeep\n|\n|t:|1664293918\n|switch|p1a: Dragapult|Dragapult, M|100\/100\n|turn|6\n|\n|t:|1664293938\n|switch|p2a: Tornadus|Tornadus-Therian, M|100\/100\n|move|p1a: Dragapult|Phantom Force||[still]\n|-prepare|p1a: Dragapult|Phantom Force\n|\n|upkeep\n|turn|7\n|\n|t:|1664293944\n|move|p1a: Dragapult|Phantom Force|p2a: Tornadus|[from]lockedmove\n|-damage|p2a: Tornadus|40\/100\n|move|p2a: Tornadus|U-turn|p1a: Dragapult\n|-resisted|p1a: Dragapult\n|-damage|p1a: Dragapult|89\/100\n|\n|t:|1664293947\n|switch|p2a: Weavile|Weavile, F|100\/100|[from]move: U-turn\n|-ability|p2a: Weavile|Pressure\n|\n|upkeep\n|turn|8\n|\n|t:|1664293955\n|move|p2a: Weavile|Ice Shard|p1a: Dragapult\n|-supereffective|p1a: Dragapult\n|-crit|p1a: Dragapult\n|-damage|p1a: Dragapult|0 fnt\n|faint|p1a: Dragapult\n|\n|upkeep\n|\n|t:|1664293957\n|switch|p1a: Tapu Koko|Tapu Koko|100\/100\n|-fieldstart|move: Electric Terrain|[from] ability: Electric Surge|[of] p1a: Tapu Koko\n|turn|9\n|\n|t:|1664293967\n|switch|p2a: Tornadus|Tornadus-Therian, M|74\/100\n|move|p1a: Tapu Koko|Reflect|p1a: Tapu Koko\n|-sidestart|p1: mgudelo|Reflect\n|\n|upkeep\n|turn|10\n|\n|t:|1664293971\n|move|p1a: Tapu Koko|Taunt|p2a: Tornadus\n|-start|p2a: Tornadus|move: Taunt\n|move|p2a: Tornadus|Knock Off|p1a: Tapu Koko\n|-resisted|p1a: Tapu Koko\n|-damage|p1a: Tapu Koko|94\/100\n|-enditem|p1a: Tapu Koko|Light Clay|[from] move: Knock Off|[of] p2a: Tornadus\n|\n|upkeep\n|turn|11\n|\n|t:|1664293977\n|move|p1a: Tapu Koko|Light Screen|p1a: Tapu Koko\n|-sidestart|p1: mgudelo|move: Light Screen\n|move|p2a: Tornadus|U-turn|p1a: Tapu Koko\n|-resisted|p1a: Tapu Koko\n|-damage|p1a: Tapu Koko|90\/100\n|\n|t:|1664293981\n|switch|p2a: Garchomp|Garchomp, F|100\/100|[from]move: U-turn\n|\n|upkeep\n|turn|12\n|\n|t:|1664293986\n|move|p1a: Tapu Koko|Taunt|p2a: Garchomp\n|-start|p2a: Garchomp|move: Taunt\n|cant|p2a: Garchomp|move: Taunt|Swords Dance\n|\n|upkeep\n|turn|13\n|\n|t:|1664293993\n|switch|p2a: Tornadus|Tornadus-Therian, M|100\/100\n|move|p1a: Tapu Koko|U-turn|p2a: Tornadus\n|-resisted|p2a: Tornadus\n|-damage|p2a: Tornadus|91\/100\n|\n|t:|1664293998\n|switch|p1a: Landorus|Landorus-Therian, M|100\/100|[from]move: U-turn\n|-ability|p1a: Landorus|Intimidate|boost\n|-unboost|p2a: Tornadus|atk|1\n|\n|-fieldend|move: Electric Terrain\n|upkeep\n|turn|14\n|\n|t:|1664294006\n|move|p2a: Tornadus|U-turn|p1a: Landorus\n|-resisted|p1a: Landorus\n|-damage|p1a: Landorus|97\/100\n|\n|t:|1664294008\n|switch|p2a: Corviknight|Corviknight, M|73\/100|[from]move: U-turn\n|-ability|p2a: Corviknight|Pressure\n|move|p1a: Landorus|Explosion|p2a: Corviknight\n|-resisted|p2a: Corviknight\n|-damage|p2a: Corviknight|42\/100\n|faint|p1a: Landorus\n|\n|upkeep\n|j| Kapu sleepy\n|inactive|mgudelo has 120 seconds left.\n|inactive|mgudelo has 90 seconds left.\n|j| user1_ou\n|\n|t:|1664294077\n|switch|p1a: Tapu Koko|Tapu Koko|90\/100\n|-fieldstart|move: Electric Terrain|[from] ability: Electric Surge|[of] p1a: Tapu Koko\n|turn|15\n|inactive|mgudelo has 90 seconds left.\n|\n|t:|1664294084\n|move|p1a: Tapu Koko|Taunt|p2a: Corviknight\n|-start|p2a: Corviknight|move: Taunt\n|move|p2a: Corviknight|U-turn|p1a: Tapu Koko\n|-resisted|p1a: Tapu Koko\n|-damage|p1a: Tapu Koko|86\/100\n|\n|t:|1664294097\n|switch|p2a: Tornadus|Tornadus-Therian, M|100\/100|[from]move: U-turn\n|\n|-sideend|p1: mgudelo|move: Light Screen\n|upkeep\n|turn|16\n|\n|t:|1664294100\n|move|p1a: Tapu Koko|Taunt|p2a: Tornadus\n|-start|p2a: Tornadus|move: Taunt\n|move|p2a: Tornadus|U-turn|p1a: Tapu Koko\n|-resisted|p1a: Tapu Koko\n|-damage|p1a: Tapu Koko|82\/100\n|\n|t:|1664294103\n|switch|p2a: Kartana|Kartana|52\/100|[from]move: U-turn\n|\n|-sideend|p1: mgudelo|Reflect\n|upkeep\n|turn|17\n|\n|t:|1664294108\n|move|p2a: Kartana|Smart Strike|p1a: Tapu Koko\n|-damage|p1a: Tapu Koko|28\/100\n|move|p1a: Tapu Koko|Taunt|p2a: Kartana\n|-start|p2a: Kartana|move: Taunt\n|\n|upkeep\n|turn|18\n|\n|t:|1664294117\n|move|p2a: Kartana|Smart Strike|p1a: Tapu Koko\n|-damage|p1a: Tapu Koko|0 fnt\n|faint|p1a: Tapu Koko\n|-ability|p2a: Kartana|Beast Boost|boost\n|-boost|p2a: Kartana|atk|1\n|\n|upkeep\n|\n|t:|1664294119\n|switch|p1a: Hawlucha|Hawlucha, F, shiny|100\/100\n|-enditem|p1a: Hawlucha|Electric Seed\n|-boost|p1a: Hawlucha|def|1|[from] item: Electric Seed\n|turn|19\n|\n|t:|1664294121\n|move|p1a: Hawlucha|Swords Dance|p1a: Hawlucha\n|-boost|p1a: Hawlucha|atk|2\n|move|p2a: Kartana|Smart Strike|p1a: Hawlucha\n|-damage|p1a: Hawlucha|26\/100\n|\n|-fieldend|move: Electric Terrain\n|upkeep\n|turn|20\n|\n|t:|1664294125\n|move|p1a: Hawlucha|Acrobatics|p2a: Kartana\n|-damage|p2a: Kartana|0 fnt\n|faint|p2a: Kartana\n|\n|upkeep\n|\n|t:|1664294128\n|switch|p2a: Weavile|Weavile, F|100\/100\n|-ability|p2a: Weavile|Pressure\n|turn|21\n|\n|t:|1664294131\n|move|p2a: Weavile|Ice Shard|p1a: Hawlucha\n|-supereffective|p1a: Hawlucha\n|-damage|p1a: Hawlucha|0 fnt\n|faint|p1a: Hawlucha\n|\n|win|machugen\n|raw|mgudelo's rating: 1700 &rarr; <strong>1683<\/strong><br \/>(-17 for losing)\n|raw|machugen's rating: 1749 &rarr; <strong>1766<\/strong><br \/>(+17 for winning)\n","uploadtime":1664294133,"views":23,"p1id":"mgudelo","p2id":"machugen","formatid":"gen8ou","rating":1683,"private":0,"password":null}