{"id":"gen8nationaldexag-1594175178","p1":"Rediyu","p2":"SpexMiniPex","format":"gen8nationaldexag","log":"|j|\u2606Rediyu\n|j|\u2606SpexMiniPex\n|t:|1654971300\n|gametype|singles\n|player|p1|Rediyu|guitarist|\n|player|p2|SpexMiniPex|1|\n|teamsize|p1|6\n|teamsize|p2|6\n|gen|8\n|tier|[Gen 8] National Dex AG\n|rule|HP Percentage Mod: HP is shown in percentages\n|rule|Endless Battle Clause: Forcing endless battles is banned\n|clearpoke\n|poke|p1|Chinchou, L5, F|\n|poke|p1|Corphish, L5, M|\n|poke|p1|Sandshrew-Alola, L5, F|\n|poke|p1|Koffing, L5, F|\n|poke|p1|Sandile, L5, F|\n|poke|p1|Drifloon, L5, F|\n|poke|p2|Zigzagoon, L5, M|\n|poke|p2|Mareanie, L5, F|\n|poke|p2|Pumpkaboo-*, L5, F|\n|poke|p2|Vullaby, L5, F|\n|poke|p2|Riolu, L5, M|\n|poke|p2|Pineco, L5, F|\n|teampreview\n|c|\u2606Rediyu|gl hf dir\n|c|\u2606SpexMiniPex|hf\n|\n|t:|1654971343\n|start\n|switch|p1a: Creepypasta#2|Drifloon, L5, F|100\/100\n|switch|p2a: BinImLaden|Pineco, L5, F|100\/100\n|turn|1\n|\n|t:|1654971358\n|move|p1a: Creepypasta#2|Substitute|p1a: Creepypasta#2\n|-start|p1a: Creepypasta#2|Substitute\n|-damage|p1a: Creepypasta#2|76\/100\n|move|p2a: BinImLaden|Toxic Spikes|p1a: Creepypasta#2\n|-sidestart|p1: Rediyu|move: Toxic Spikes\n|\n|-status|p1a: Creepypasta#2|brn|[from] item: Flame Orb\n|upkeep\n|turn|2\n|\n|t:|1654971365\n|move|p1a: Creepypasta#2|Shadow Ball|p2a: BinImLaden\n|-damage|p2a: BinImLaden|19\/100\n|-enditem|p2a: BinImLaden|Berry Juice\n|-heal|p2a: BinImLaden|100\/100|[from] item: Berry Juice\n|move|p2a: BinImLaden|Explosion|p1a: Creepypasta#2\n|-immune|p1a: Creepypasta#2\n|faint|p2a: BinImLaden\n|\n|-damage|p1a: Creepypasta#2|72\/100 brn|[from] brn\n|upkeep\n|\n|t:|1654971381\n|switch|p2a: Gott|Mareanie, L5, F|100\/100\n|turn|3\n|\n|t:|1654971384\n|move|p1a: Creepypasta#2|Thunderbolt|p2a: Gott\n|-supereffective|p2a: Gott\n|-damage|p2a: Gott|0 fnt\n|faint|p2a: Gott\n|\n|-damage|p1a: Creepypasta#2|68\/100 brn|[from] brn\n|upkeep\n|\n|t:|1654971394\n|switch|p2a: Hallo-Wien|Pumpkaboo-Super, L5, F|100\/100\n|-item|p1a: Creepypasta#2|Flame Orb|[from] ability: Frisk|[of] p2a: Hallo-Wien|[identify]\n|turn|4\n|\n|t:|1654971398\n|move|p1a: Creepypasta#2|Shadow Ball|p2a: Hallo-Wien\n|-supereffective|p2a: Hallo-Wien\n|-damage|p2a: Hallo-Wien|4\/100\n|move|p2a: Hallo-Wien|Trick Room|p2a: Hallo-Wien\n|-fieldstart|move: Trick Room|[of] p2a: Hallo-Wien\n|\n|-damage|p1a: Creepypasta#2|64\/100 brn|[from] brn\n|upkeep\n|turn|5\n|\n|t:|1654971408\n|move|p2a: Hallo-Wien|Shadow Sneak|p1a: Creepypasta#2\n|-supereffective|p1a: Creepypasta#2\n|-end|p1a: Creepypasta#2|Substitute\n|move|p1a: Creepypasta#2|Substitute|p1a: Creepypasta#2\n|-start|p1a: Creepypasta#2|Substitute\n|-damage|p1a: Creepypasta#2|40\/100 brn\n|\n|-damage|p1a: Creepypasta#2|36\/100 brn|[from] brn\n|upkeep\n|turn|6\n|\n|t:|1654971423\n|move|p2a: Hallo-Wien|Shadow Sneak|p1a: Creepypasta#2\n|-supereffective|p1a: Creepypasta#2\n|-end|p1a: Creepypasta#2|Substitute\n|move|p1a: Creepypasta#2|Substitute|p1a: Creepypasta#2\n|-start|p1a: Creepypasta#2|Substitute\n|-damage|p1a: Creepypasta#2|12\/100 brn\n|\n|-damage|p1a: Creepypasta#2|8\/100 brn|[from] brn\n|upkeep\n|turn|7\n|\n|t:|1654971429\n|move|p2a: Hallo-Wien|Shadow Sneak|p1a: Creepypasta#2\n|-supereffective|p1a: Creepypasta#2\n|-end|p1a: Creepypasta#2|Substitute\n|move|p1a: Creepypasta#2|Shadow Ball|p2a: Hallo-Wien\n|-supereffective|p2a: Hallo-Wien\n|-damage|p2a: Hallo-Wien|0 fnt\n|faint|p2a: Hallo-Wien\n|\n|-damage|p1a: Creepypasta#2|4\/100 brn|[from] brn\n|upkeep\n|\n|t:|1654971457\n|switch|p2a: MVPokemon|Zigzagoon, L5, M|100\/100\n|turn|8\n|\n|t:|1654971459\n|move|p2a: MVPokemon|Belly Drum|p2a: MVPokemon\n|-damage|p2a: MVPokemon|50\/100\n|-setboost|p2a: MVPokemon|atk|6|[from] move: Belly Drum\n|-enditem|p2a: MVPokemon|Berry Juice\n|-heal|p2a: MVPokemon|100\/100|[from] item: Berry Juice\n|move|p1a: Creepypasta#2|Thunderbolt|p2a: MVPokemon\n|-damage|p2a: MVPokemon|32\/100\n|\n|-damage|p1a: Creepypasta#2|0 fnt|[from] brn\n|faint|p1a: Creepypasta#2\n|-fieldend|move: Trick Room\n|upkeep\n|\n|t:|1654971485\n|switch|p1a: Smogon|Koffing, L5, F|100\/100\n|turn|9\n|\n|t:|1654971507\n|move|p2a: MVPokemon|Thief|p1a: Smogon\n|-damage|p1a: Smogon|56\/100\n|-enditem|p1a: Smogon|Eviolite|[silent]|[from] move: Thief|[of] p2a: MVPokemon\n|-item|p2a: MVPokemon|Eviolite|[from] move: Thief|[of] p1a: Smogon\n|move|p1a: Smogon|Sludge Bomb|p2a: MVPokemon\n|-damage|p2a: MVPokemon|0 fnt\n|faint|p2a: MVPokemon\n|\n|upkeep\n|\n|t:|1654971517\n|switch|p2a: Ostern|Vullaby, L5, F|100\/100\n|turn|10\n|\n|t:|1654971524\n|move|p2a: Ostern|Air Slash|p1a: Smogon\n|-crit|p1a: Smogon\n|-damage|p1a: Smogon|0 fnt\n|faint|p1a: Smogon\n|\n|upkeep\n|\n|t:|1654971529\n|switch|p1a: Creepypasta#1|Chinchou, L5, F|100\/100\n|-status|p1a: Creepypasta#1|psn\n|turn|11\n|\n|t:|1654971543\n|move|p1a: Creepypasta#1|Thunderbolt|p2a: Ostern\n|-supereffective|p2a: Ostern\n|-damage|p2a: Ostern|31\/100\n|move|p2a: Ostern|Air Slash|p1a: Creepypasta#1\n|-resisted|p1a: Creepypasta#1\n|-damage|p1a: Creepypasta#1|88\/100 psn\n|\n|-damage|p1a: Creepypasta#1|75\/100 psn|[from] psn\n|upkeep\n|turn|12\n|\n|t:|1654971547\n|move|p1a: Creepypasta#1|Volt Switch|p2a: Ostern\n|-supereffective|p2a: Ostern\n|-damage|p2a: Ostern|0 fnt\n|faint|p2a: Ostern\n|\n|t:|1654971552\n|switch|p1a: Geld! Geld!|Corphish, L5, M|100\/100|[from]move: Volt Switch\n|-status|p1a: Geld! Geld!|psn\n|\n|-damage|p1a: Geld! Geld!|90\/100 psn|[from] psn\n|upkeep\n|\n|t:|1654971556\n|switch|p2a: Thoams|Riolu, L5, M|100\/100\n|turn|13\n|\n|t:|1654971563\n|move|p1a: Geld! Geld!|Waterfall|p2a: Thoams\n|-damage|p2a: Thoams|31\/100\n|-damage|p1a: Geld! Geld!|80\/100 psn|[from] item: Life Orb\n|move|p2a: Thoams|Drain Punch|p1a: Geld! Geld!\n|-damage|p1a: Geld! Geld!|20\/100 psn\n|-heal|p2a: Thoams|57\/100|[from] drain|[of] p1a: Geld! Geld!\n|\n|-damage|p1a: Geld! Geld!|10\/100 psn|[from] psn\n|upkeep\n|turn|14\n|\n|t:|1654971571\n|move|p1a: Geld! Geld!|Aqua Jet|p2a: Thoams\n|-damage|p2a: Thoams|14\/100\n|-damage|p1a: Geld! Geld!|0 fnt|[from] item: Life Orb\n|faint|p1a: Geld! Geld!\n|move|p2a: Thoams|Copycat|p2a: Thoams\n|move|p2a: Thoams|Aqua Jet|p1: Geld! Geld!|[from]move: Copycat|[notarget]\n|-fail|p2a: Thoams\n|\n|upkeep\n|\n|t:|1654971579\n|switch|p1a: Creepypasta#1|Chinchou, L5, F|75\/100 psn\n|turn|15\n|c|\u2606Rediyu|gg\n|c|\u2606SpexMiniPex|gg\n|\n|t:|1654971587\n|move|p1a: Creepypasta#1|Thunderbolt|p2a: Thoams\n|-damage|p2a: Thoams|0 fnt\n|faint|p2a: Thoams\n|\n|win|Rediyu\n|l|\u2606SpexMiniPex\n","uploadtime":1654971591,"views":16,"p1id":"rediyu","p2id":"spexminipex","formatid":"gen8nationaldexag","rating":0,"private":0,"password":null}