{"id":"gen8ou-1230209206","p1":"Varhii","p2":"hauntersnightmare","format":"gen8ou","log":"|j|\u2606Varhii\n|j|\u2606hauntersnightmare\n|t:|1606193336\n|player|p1|Varhii|dahlia|1670\n|player|p2|hauntersnightmare|265|1681\n|teamsize|p1|6\n|teamsize|p2|6\n|gametype|singles\n|gen|8\n|tier|[Gen 8] OU\n|rated|\n|clearpoke\n|poke|p1|Araquanid, F|\n|poke|p1|Kartana|\n|poke|p1|Zapdos-Galar|\n|poke|p1|Nidoking, M|\n|poke|p1|Spectrier|\n|poke|p1|Rillaboom, M|\n|poke|p2|Ribombee, F|\n|poke|p2|Urshifu-*, M|\n|poke|p2|Landorus-Therian, M|\n|poke|p2|Nidoking, M|\n|poke|p2|Cinderace, M|\n|poke|p2|Grimmsnarl, M|\n|rule|Sleep Clause Mod: Limit one foe put to sleep\n|rule|Species Clause: Limit one of each Pok\u00e9mon\n|rule|OHKO Clause: OHKO moves are banned\n|rule|Evasion Moves Clause: Evasion moves are banned\n|rule|Endless Battle Clause: Forcing endless battles is banned\n|rule|HP Percentage Mod: HP is shown in percentages\n|rule|Dynamax Clause: You cannot dynamax\n|teampreview\n|inactive|Battle timer is ON: inactive players will automatically lose when time's up. (requested by hauntersnightmare)\n|\n|t:|1606193345\n|start\n|switch|p1a: The Leader|Araquanid, F|100\/100\n|switch|p2a: Grimmsnarl|Grimmsnarl, M|100\/100\n|turn|1\n|\n|t:|1606193350\n|move|p1a: The Leader|Magic Coat|p1a: The Leader\n|-singleturn|p1a: The Leader|move: Magic Coat\n|move|p2a: Grimmsnarl|Taunt|p1a: The Leader\n|move|p1a: The Leader|Taunt|p2a: Grimmsnarl|[from]Magic Coat\n|-start|p2a: Grimmsnarl|move: Taunt\n|\n|upkeep\n|turn|2\n|\n|t:|1606193361\n|switch|p2a: Ribombee|Ribombee, F|100\/100\n|move|p1a: The Leader|Liquidation|p2a: Ribombee\n|-enditem|p2a: Ribombee|Focus Sash\n|-damage|p2a: Ribombee|1\/100\n|\n|upkeep\n|turn|3\n|\n|t:|1606193365\n|move|p1a: The Leader|Magic Coat|p1a: The Leader\n|-singleturn|p1a: The Leader|move: Magic Coat\n|move|p2a: Ribombee|Moonblast|p1a: The Leader\n|-damage|p1a: The Leader|68\/100\n|-unboost|p1a: The Leader|spa|1\n|\n|upkeep\n|turn|4\n|\n|t:|1606193370\n|move|p1a: The Leader|Magic Coat|p1a: The Leader\n|-singleturn|p1a: The Leader|move: Magic Coat\n|move|p2a: Ribombee|Sticky Web|p1a: The Leader\n|move|p1a: The Leader|Sticky Web|p2a: Ribombee|[from]Magic Coat\n|-sidestart|p2: hauntersnightmare|move: Sticky Web\n|\n|upkeep\n|turn|5\n|\n|t:|1606193371\n|move|p2a: Ribombee|Sticky Web|p1a: The Leader\n|-sidestart|p1: Varhii|move: Sticky Web\n|move|p1a: The Leader|Liquidation|p2a: Ribombee\n|-damage|p2a: Ribombee|0 fnt\n|faint|p2a: Ribombee\n|\n|upkeep\n|\n|t:|1606193376\n|switch|p2a: Grimmsnarl|Grimmsnarl, M|100\/100\n|-activate|p2a: Grimmsnarl|move: Sticky Web\n|-unboost|p2a: Grimmsnarl|spe|1\n|turn|6\n|\n|t:|1606193378\n|move|p1a: The Leader|Magic Coat|p1a: The Leader\n|-singleturn|p1a: The Leader|move: Magic Coat\n|move|p2a: Grimmsnarl|Reflect|p2a: Grimmsnarl\n|-sidestart|p2: hauntersnightmare|Reflect\n|\n|upkeep\n|turn|7\n|\n|t:|1606193383\n|move|p1a: The Leader|Toxic|p2a: Grimmsnarl\n|-status|p2a: Grimmsnarl|tox\n|move|p2a: Grimmsnarl|Spirit Break|p1a: The Leader\n|-damage|p1a: The Leader|36\/100\n|-unboost|p1a: The Leader|spa|1\n|\n|-damage|p2a: Grimmsnarl|94\/100 tox|[from] psn\n|upkeep\n|turn|8\n|\n|t:|1606193385\n|move|p1a: The Leader|Liquidation|p2a: Grimmsnarl\n|-damage|p2a: Grimmsnarl|55\/100 tox\n|move|p2a: Grimmsnarl|Spirit Break|p1a: The Leader\n|-damage|p1a: The Leader|5\/100\n|-unboost|p1a: The Leader|spa|1\n|\n|-damage|p2a: Grimmsnarl|43\/100 tox|[from] psn\n|upkeep\n|turn|9\n|\n|t:|1606193390\n|switch|p1a: Attitude|Zapdos-Galar|100\/100\n|move|p2a: Grimmsnarl|Light Screen|p2a: Grimmsnarl\n|-sidestart|p2: hauntersnightmare|move: Light Screen\n|\n|-damage|p2a: Grimmsnarl|25\/100 tox|[from] psn\n|upkeep\n|turn|10\n|\n|t:|1606193396\n|move|p1a: Attitude|Bulk Up|p1a: Attitude\n|-boost|p1a: Attitude|atk|1\n|-boost|p1a: Attitude|def|1\n|move|p2a: Grimmsnarl|Spirit Break|p1a: Attitude\n|-supereffective|p1a: Attitude\n|-damage|p1a: Attitude|54\/100\n|-unboost|p1a: Attitude|spa|1\n|-ability|p1a: Attitude|Defiant\n|-boost|p1a: Attitude|atk|2\n|\n|-heal|p1a: Attitude|60\/100|[from] item: Leftovers\n|-damage|p2a: Grimmsnarl|0 fnt|[from] psn\n|faint|p2a: Grimmsnarl\n|upkeep\n|\n|t:|1606193409\n|switch|p2a: Landorus|Landorus-Therian, M|100\/100\n|-ability|p2a: Landorus|Intimidate|boost\n|-unboost|p1a: Attitude|atk|1\n|-ability|p1a: Attitude|Defiant\n|-boost|p1a: Attitude|atk|2\n|turn|11\n|\n|t:|1606193415\n|move|p1a: Attitude|Bulk Up|p1a: Attitude\n|-boost|p1a: Attitude|atk|1\n|-boost|p1a: Attitude|def|1\n|move|p2a: Landorus|Stone Edge|p1a: Attitude\n|-damage|p1a: Attitude|40\/100\n|\n|-heal|p1a: Attitude|46\/100|[from] item: Leftovers\n|upkeep\n|turn|12\n|\n|t:|1606193417\n|move|p1a: Attitude|Substitute|p1a: Attitude\n|-start|p1a: Attitude|Substitute\n|-damage|p1a: Attitude|21\/100\n|move|p2a: Landorus|Stone Edge|p1a: Attitude\n|-activate|p1a: Attitude|move: Substitute|[damage]\n|\n|-heal|p1a: Attitude|28\/100|[from] item: Leftovers\n|upkeep\n|turn|13\n|\n|t:|1606193420\n|move|p1a: Attitude|Bulk Up|p1a: Attitude\n|-boost|p1a: Attitude|atk|1\n|-boost|p1a: Attitude|def|1\n|move|p2a: Landorus|Stone Edge|p1a: Attitude\n|-end|p1a: Attitude|Substitute\n|\n|-heal|p1a: Attitude|34\/100|[from] item: Leftovers\n|-sideend|p2: hauntersnightmare|Reflect\n|upkeep\n|turn|14\n|-message|hauntersnightmare forfeited.\n|\n|win|Varhii\n|l|\u2606hauntersnightmare\n|raw|Varhii's rating: 1670 &rarr; <strong>1691<\/strong><br \/>(+21 for winning)\n|raw|hauntersnightmare's rating: 1610 &rarr; <strong>1593<\/strong><br \/>(-17 for losing)\n","uploadtime":1606193471,"views":13,"p1id":"varhii","p2id":"hauntersnightmare","formatid":"gen8ou","rating":1593,"private":0,"password":null}