{"id":"gen8ou-1289909454","p1":"friedfreak","p2":"Zerotti","format":"gen8ou","log":"|j|\u2606friedfreak\n|j|\u2606Zerotti\n|t:|1614296124\n|player|p1|friedfreak|1|1682\n|player|p2|Zerotti|274|1592\n|teamsize|p1|6\n|teamsize|p2|6\n|gametype|singles\n|gen|8\n|tier|[Gen 8] OU\n|rated|\n|clearpoke\n|poke|p1|Magnezone|\n|poke|p1|Kartana|\n|poke|p1|Landorus-Therian, M|\n|poke|p1|Corviknight, F|\n|poke|p1|Tapu Fini|\n|poke|p1|Heatran, M|\n|poke|p2|Mew|\n|poke|p2|Victini|\n|poke|p2|Tapu Koko|\n|poke|p2|Accelgor, F|\n|poke|p2|Clefable, F|\n|poke|p2|Hawlucha, M|\n|rule|Sleep Clause Mod: Limit one foe put to sleep\n|rule|Species Clause: Limit one of each Pok\u00e9mon\n|rule|OHKO Clause: OHKO moves are banned\n|rule|Evasion Moves Clause: Evasion moves are banned\n|rule|Endless Battle Clause: Forcing endless battles is banned\n|rule|HP Percentage Mod: HP is shown in percentages\n|rule|Dynamax Clause: You cannot dynamax\n|teampreview\n|\n|t:|1614296145\n|start\n|switch|p1a: Kartana|Kartana|100\/100\n|switch|p2a: Accelgor|Accelgor, F|100\/100\n|turn|1\n|\n|t:|1614296179\n|switch|p1a: Heatran|Heatran, M|100\/100\n|move|p2a: Accelgor|Final Gambit|p1a: Heatran\n|-damage|p1a: Heatran|6\/100\n|faint|p2a: Accelgor\n|\n|-heal|p1a: Heatran|12\/100|[from] item: Leftovers\n|upkeep\n|\n|t:|1614296199\n|switch|p2a: Victini|Victini|100\/100\n|turn|2\n|\n|t:|1614296203\n|move|p1a: Heatran|Protect|p1a: Heatran\n|-singleturn|p1a: Heatran|Protect\n|move|p2a: Victini|Zen Headbutt|p1a: Heatran\n|-activate|p1a: Heatran|move: Protect\n|\n|-heal|p1a: Heatran|19\/100|[from] item: Leftovers\n|upkeep\n|turn|3\n|j| wintermatch\n|\n|t:|1614296215\n|switch|p2a: Tapu Koko|Tapu Koko|100\/100\n|-fieldstart|move: Electric Terrain|[from] ability: Electric Surge|[of] p2a: Tapu Koko\n|switch|p1a: Corviknight|Corviknight, F|100\/100\n|-ability|p1a: Corviknight|Pressure\n|\n|upkeep\n|turn|4\n|j| glava222\n|j| MatisXYZ\n|j| Xephix\n|\n|t:|1614296229\n|switch|p1a: Heatran|Heatran, M|19\/100\n|move|p2a: Tapu Koko|Reflect|p2a: Tapu Koko\n|-sidestart|p2: Zerotti|Reflect\n|\n|-heal|p1a: Heatran|25\/100|[from] item: Leftovers\n|upkeep\n|turn|5\n|\n|t:|1614296236\n|move|p2a: Tapu Koko|Taunt|p1a: Heatran\n|-start|p1a: Heatran|move: Taunt\n|cant|p1a: Heatran|move: Taunt|Stealth Rock\n|\n|-heal|p1a: Heatran|31\/100|[from] item: Leftovers\n|upkeep\n|turn|6\n|\n|t:|1614296241\n|move|p2a: Tapu Koko|Light Screen|p2a: Tapu Koko\n|-sidestart|p2: Zerotti|move: Light Screen\n|move|p1a: Heatran|Magma Storm|p2a: Tapu Koko\n|-damage|p2a: Tapu Koko|72\/100\n|-activate|p2a: Tapu Koko|move: Magma Storm|[of] p1a: Heatran\n|\n|-heal|p1a: Heatran|37\/100|[from] item: Leftovers\n|-damage|p2a: Tapu Koko|60\/100|[from] move: Magma Storm|[partiallytrapped]\n|upkeep\n|turn|7\n|\n|t:|1614296252\n|move|p2a: Tapu Koko|U-turn|p1a: Heatran\n|-resisted|p1a: Heatran\n|-damage|p1a: Heatran|33\/100\n|\n|t:|1614296256\n|switch|p2a: Victini|Victini|100\/100|[from]move: U-turn\n|move|p1a: Heatran|Magma Storm|p2a: Victini\n|-resisted|p2a: Victini\n|-damage|p2a: Victini|92\/100\n|-activate|p2a: Victini|move: Magma Storm|[of] p1a: Heatran\n|\n|-heal|p1a: Heatran|40\/100|[from] item: Leftovers\n|-damage|p2a: Victini|79\/100|[from] move: Magma Storm|[partiallytrapped]\n|-end|p1a: Heatran|move: Taunt\n|-fieldend|move: Electric Terrain\n|upkeep\n|turn|8\n|\n|t:|1614296268\n|move|p1a: Heatran|Protect|p1a: Heatran\n|-singleturn|p1a: Heatran|Protect\n|move|p2a: Victini|Final Gambit|p1a: Heatran\n|-activate|p1a: Heatran|move: Protect\n|\n|-heal|p1a: Heatran|46\/100|[from] item: Leftovers\n|-damage|p2a: Victini|67\/100|[from] move: Magma Storm|[partiallytrapped]\n|upkeep\n|turn|9\n|\n|t:|1614296299\n|move|p1a: Heatran|Protect|p1a: Heatran\n|-singleturn|p1a: Heatran|Protect\n|move|p2a: Victini|Final Gambit|p1a: Heatran\n|-activate|p1a: Heatran|move: Protect\n|\n|-heal|p1a: Heatran|52\/100|[from] item: Leftovers\n|-damage|p2a: Victini|54\/100|[from] move: Magma Storm|[partiallytrapped]\n|upkeep\n|turn|10\n|\n|t:|1614296314\n|move|p2a: Victini|Final Gambit|p1a: Heatran\n|-damage|p1a: Heatran|0 fnt\n|faint|p2a: Victini\n|faint|p1a: Heatran\n|\n|upkeep\n|inactive|Battle timer is ON: inactive players will automatically lose when time's up. (requested by friedfreak)\n|\n|t:|1614296344\n|switch|p2a: Tapu Koko|Tapu Koko|60\/100\n|switch|p1a: Tapu Fini|Tapu Fini|100\/100\n|-fieldstart|move: Electric Terrain|[from] ability: Electric Surge|[of] p2a: Tapu Koko\n|-fieldstart|move: Misty Terrain|[from] ability: Misty Surge|[of] p1a: Tapu Fini\n|turn|11\n|j| Herpguy\n|\n|t:|1614296366\n|switch|p1a: Landorus|Landorus-Therian, M|100\/100\n|-ability|p1a: Landorus|Intimidate|boost\n|-unboost|p2a: Tapu Koko|atk|1\n|move|p2a: Tapu Koko|Taunt|p1a: Landorus\n|-start|p1a: Landorus|move: Taunt\n|\n|-sideend|p2: Zerotti|Reflect\n|upkeep\n|turn|12\n|\n|t:|1614296372\n|move|p1a: Landorus|Earthquake|p2a: Tapu Koko\n|-supereffective|p2a: Tapu Koko\n|-damage|p2a: Tapu Koko|0 fnt\n|faint|p2a: Tapu Koko\n|\n|upkeep\n|\n|t:|1614296382\n|switch|p2a: Hawlucha|Hawlucha, M|100\/100\n|turn|13\n|\n|t:|1614296388\n|switch|p1a: Corviknight|Corviknight, F|100\/100\n|-ability|p1a: Corviknight|Pressure\n|switch|p2a: Clefable|Clefable, F|100\/100\n|\n|-sideend|p2: Zerotti|move: Light Screen\n|upkeep\n|turn|14\n|\n|t:|1614296408\n|move|p1a: Corviknight|U-turn|p2a: Clefable\n|-resisted|p2a: Clefable\n|-damage|p2a: Clefable|95\/100\n|inactive|friedfreak has 120 seconds left.\n|\n|t:|1614296425\n|switch|p1a: Kartana|Kartana|100\/100|[from]move: U-turn\n|move|p2a: Clefable|Cosmic Power|p2a: Clefable\n|-boost|p2a: Clefable|def|1\n|-boost|p2a: Clefable|spd|1\n|\n|upkeep\n|turn|15\n|\n|t:|1614296434\n|move|p1a: Kartana|Smart Strike|p2a: Clefable\n|-supereffective|p2a: Clefable\n|-damage|p2a: Clefable|22\/100\n|move|p2a: Clefable|Cosmic Power|p2a: Clefable\n|-boost|p2a: Clefable|def|1\n|-boost|p2a: Clefable|spd|1\n|\n|-fieldend|Misty Terrain\n|upkeep\n|turn|16\n|\n|t:|1614296439\n|move|p1a: Kartana|Smart Strike|p2a: Clefable\n|-supereffective|p2a: Clefable\n|-damage|p2a: Clefable|0 fnt\n|faint|p2a: Clefable\n|-ability|p1a: Kartana|Beast Boost|boost\n|-boost|p1a: Kartana|atk|1\n|\n|upkeep\n|\n|t:|1614296441\n|switch|p2a: Hawlucha|Hawlucha, M|100\/100\n|turn|17\n|\n|t:|1614296445\n|move|p1a: Kartana|Smart Strike|p2a: Hawlucha\n|-damage|p2a: Hawlucha|0 fnt\n|faint|p2a: Hawlucha\n|-ability|p1a: Kartana|Beast Boost|boost\n|-boost|p1a: Kartana|atk|1\n|\n|upkeep\n|\n|t:|1614296448\n|switch|p2a: Mew|Mew|100\/100\n|turn|18\n|\n|t:|1614296450\n|move|p1a: Kartana|Smart Strike|p2a: Mew\n|-damage|p2a: Mew|0 fnt\n|faint|p2a: Mew\n|\n|win|friedfreak\n|l|\u2606Zerotti\n|l| glava222\n|l| Xephix\n","uploadtime":1614296469,"views":44,"p1id":"friedfreak","p2id":"zerotti","formatid":"gen8ou","rating":0,"private":0,"password":null}