{"id":"gen8ou-1656985483","p1":"Anjii.V.","p2":"himynametay","format":"gen8ou","log":"|j|\u2606Anjii.V.\n|j|\u203dhimynametay\n|t:|1662412276\n|gametype|singles\n|player|p1|Anjii.V.|veteran-gen4|1482\n|player|p2|himynametay|elesa-masters|1512\n|teamsize|p1|6\n|teamsize|p2|6\n|gen|8\n|tier|[Gen 8] OU\n|rated|\n|rule|Sleep Clause Mod: Limit one foe put to sleep\n|rule|Species Clause: Limit one of each Pok\u00e9mon\n|rule|OHKO Clause: OHKO moves are banned\n|rule|Evasion Items Clause: Evasion items are banned\n|rule|Evasion Moves Clause: Evasion moves are banned\n|rule|Endless Battle Clause: Forcing endless battles is banned\n|rule|HP Percentage Mod: HP is shown in percentages\n|rule|Dynamax Clause: You cannot dynamax\n|clearpoke\n|poke|p1|Corviknight, F|\n|poke|p1|Dragapult, M|\n|poke|p1|Kommo-o, M|\n|poke|p1|Nidoking, M|\n|poke|p1|Tapu Lele|\n|poke|p1|Zeraora|\n|poke|p2|Slowking-Galar, M|\n|poke|p2|Urshifu-*, F|\n|poke|p2|Garchomp, F|\n|poke|p2|Weavile, F|\n|poke|p2|Corviknight, M|\n|poke|p2|Rillaboom, F|\n|teampreview\n|\n|t:|1662412293\n|start\n|switch|p1a: Zeraora|Zeraora|100\/100\n|switch|p2a: Weavile|Weavile, F|100\/100\n|-ability|p2a: Weavile|Pressure\n|turn|1\n|\n|t:|1662412300\n|switch|p2a: Garchomp|Garchomp, F|100\/100\n|move|p1a: Zeraora|Close Combat|p2a: Garchomp\n|-damage|p2a: Garchomp|68\/100\n|-unboost|p1a: Zeraora|def|1\n|-unboost|p1a: Zeraora|spd|1\n|-damage|p1a: Zeraora|88\/100|[from] ability: Rough Skin|[of] p2a: Garchomp\n|\n|-heal|p2a: Garchomp|74\/100|[from] item: Leftovers\n|upkeep\n|turn|2\n|\n|t:|1662412324\n|switch|p1a: Corviknight|Corviknight, F|100\/100\n|-ability|p1a: Corviknight|Pressure\n|switch|p2a: Slowking|Slowking-Galar, M|100\/100\n|\n|upkeep\n|turn|3\n|\n|t:|1662412330\n|move|p1a: Corviknight|U-turn|p2a: Slowking\n|-damage|p2a: Slowking|85\/100\n|\n|t:|1662412332\n|switch|p1a: Tapu Lele|Tapu Lele|100\/100|[from]move: U-turn\n|-fieldstart|move: Psychic Terrain|[from] ability: Psychic Surge|[of] p1a: Tapu Lele\n|move|p2a: Slowking|Future Sight|p1a: Tapu Lele\n|-start|p2a: Slowking|move: Future Sight\n|\n|upkeep\n|turn|4\n|\n|t:|1662412341\n|move|p1a: Tapu Lele|Psyshock|p2a: Slowking\n|-damage|p2a: Slowking|16\/100\n|move|p2a: Slowking|Sludge Bomb|p1a: Tapu Lele\n|-supereffective|p1a: Tapu Lele\n|-damage|p1a: Tapu Lele|28\/100\n|\n|upkeep\n|turn|5\n|\n|t:|1662412352\n|switch|p2a: Weavile|Weavile, F|100\/100\n|-ability|p2a: Weavile|Pressure\n|move|p1a: Tapu Lele|Moonblast|p2a: Weavile\n|-supereffective|p2a: Weavile\n|-damage|p2a: Weavile|0 fnt\n|faint|p2a: Weavile\n|\n|-end|p1a: Tapu Lele|move: Future Sight\n|-resisted|p1a: Tapu Lele\n|-crit|p1a: Tapu Lele\n|-damage|p1a: Tapu Lele|0 fnt\n|faint|p1a: Tapu Lele\n|upkeep\n|inactive|Battle timer is ON: inactive players will automatically lose when time's up. (requested by Anjii.V.)\n|\n|t:|1662412369\n|switch|p2a: Slowking|Slowking-Galar, M|50\/100\n|switch|p1a: Dragapult|Dragapult, M|100\/100\n|turn|6\n|\n|t:|1662412383\n|move|p1a: Dragapult|U-turn|p2a: Slowking\n|-damage|p2a: Slowking|22\/100\n|\n|t:|1662412385\n|switch|p1a: Zeraora|Zeraora|88\/100|[from]move: U-turn\n|move|p2a: Slowking|Future Sight|p1a: Zeraora\n|-start|p2a: Slowking|move: Future Sight\n|\n|upkeep\n|turn|7\n|\n|t:|1662412391\n|switch|p2a: Garchomp|Garchomp, F|74\/100\n|move|p1a: Zeraora|Knock Off|p2a: Garchomp\n|-damage|p2a: Garchomp|48\/100\n|-damage|p1a: Zeraora|76\/100|[from] ability: Rough Skin|[of] p2a: Garchomp\n|-enditem|p2a: Garchomp|Leftovers|[from] move: Knock Off|[of] p1a: Zeraora\n|\n|-fieldend|move: Psychic Terrain\n|upkeep\n|turn|8\n|\n|t:|1662412401\n|switch|p1a: Corviknight|Corviknight, F|100\/100\n|-ability|p1a: Corviknight|Pressure\n|move|p2a: Garchomp|Stealth Rock|p1a: Corviknight\n|-sidestart|p1: Anjii.V.|move: Stealth Rock\n|\n|-end|p1a: Corviknight|move: Future Sight\n|-resisted|p1a: Corviknight\n|-damage|p1a: Corviknight|79\/100\n|upkeep\n|turn|9\n|\n|t:|1662412410\n|switch|p2a: Urshifu|Urshifu-Rapid-Strike, F|100\/100\n|move|p1a: Corviknight|U-turn|p2a: Urshifu\n|-resisted|p2a: Urshifu\n|-damage|p2a: Urshifu|94\/100\n|\n|t:|1662412415\n|switch|p1a: Zeraora|Zeraora|76\/100|[from]move: U-turn\n|\n|upkeep\n|turn|10\n|\n|t:|1662412424\n|switch|p2a: Garchomp|Garchomp, F|48\/100\n|move|p1a: Zeraora|Volt Switch|p2a: Garchomp\n|-immune|p2a: Garchomp\n|\n|upkeep\n|turn|11\n|\n|t:|1662412433\n|switch|p2a: Urshifu|Urshifu-Rapid-Strike, F|94\/100\n|move|p1a: Zeraora|Close Combat|p2a: Urshifu\n|-damage|p2a: Urshifu|57\/100\n|-unboost|p1a: Zeraora|def|1\n|-unboost|p1a: Zeraora|spd|1\n|\n|upkeep\n|turn|12\n|\n|t:|1662412440\n|switch|p2a: Garchomp|Garchomp, F|48\/100\n|move|p1a: Zeraora|Volt Switch|p2a: Garchomp\n|-immune|p2a: Garchomp\n|\n|upkeep\n|turn|13\n|\n|t:|1662412445\n|switch|p2a: Urshifu|Urshifu-Rapid-Strike, F|57\/100\n|move|p1a: Zeraora|Close Combat|p2a: Urshifu\n|-damage|p2a: Urshifu|22\/100\n|-unboost|p1a: Zeraora|def|1\n|-unboost|p1a: Zeraora|spd|1\n|\n|upkeep\n|turn|14\n|\n|t:|1662412453\n|switch|p1a: Corviknight|Corviknight, F|79\/100\n|-damage|p1a: Corviknight|67\/100|[from] Stealth Rock\n|-ability|p1a: Corviknight|Pressure\n|move|p2a: Urshifu|Aqua Jet|p1a: Corviknight\n|-damage|p1a: Corviknight|46\/100\n|-damage|p2a: Urshifu|5\/100|[from] item: Rocky Helmet|[of] p1a: Corviknight\n|\n|upkeep\n|turn|15\n|\n|t:|1662412469\n|switch|p2a: Slowking|Slowking-Galar, M|55\/100\n|move|p1a: Corviknight|Roost|p1a: Corviknight\n|-heal|p1a: Corviknight|96\/100\n|-singleturn|p1a: Corviknight|move: Roost\n|\n|upkeep\n|turn|16\n|\n|t:|1662412475\n|move|p1a: Corviknight|Defog|p2a: Slowking\n|-unboost|p2a: Slowking|evasion|1\n|-sideend|p1: Anjii.V.|Stealth Rock|[from] move: Defog|[of] p1a: Corviknight\n|move|p2a: Slowking|Flamethrower|p1a: Corviknight\n|-supereffective|p1a: Corviknight\n|-damage|p1a: Corviknight|53\/100\n|\n|upkeep\n|turn|17\n|\n|t:|1662412487\n|move|p1a: Corviknight|Roost|p1a: Corviknight\n|-heal|p1a: Corviknight|100\/100\n|-singleturn|p1a: Corviknight|move: Roost\n|move|p2a: Slowking|Future Sight|p1a: Corviknight\n|-start|p2a: Slowking|move: Future Sight\n|\n|upkeep\n|turn|18\n|\n|t:|1662412495\n|move|p1a: Corviknight|U-turn|p2a: Slowking\n|-damage|p2a: Slowking|41\/100\n|\n|t:|1662412504\n|switch|p1a: Dragapult|Dragapult, M|100\/100|[from]move: U-turn\n|move|p2a: Slowking|Flamethrower|p1a: Dragapult\n|-resisted|p1a: Dragapult\n|-damage|p1a: Dragapult|83\/100\n|\n|upkeep\n|turn|19\n|inactive|himynametay has 120 seconds left.\n|inactive|himynametay has 90 seconds left.\n|\n|t:|1662412566\n|switch|p2a: Corviknight|Corviknight, M|100\/100\n|-ability|p2a: Corviknight|Pressure\n|move|p1a: Dragapult|U-turn|p2a: Corviknight\n|-resisted|p2a: Corviknight\n|-damage|p2a: Corviknight|97\/100\n|-damage|p1a: Dragapult|67\/100|[from] item: Rocky Helmet|[of] p2a: Corviknight\n|\n|t:|1662412575\n|switch|p1a: Corviknight|Corviknight, F|100\/100|[from]move: U-turn\n|-ability|p1a: Corviknight|Pressure\n|\n|-end|p1a: Corviknight|move: Future Sight\n|-resisted|p1a: Corviknight\n|-damage|p1a: Corviknight|79\/100\n|upkeep\n|turn|20\n|inactive|himynametay has 90 seconds left.\n|\n|t:|1662412595\n|move|p1a: Corviknight|Roost|p1a: Corviknight\n|-heal|p1a: Corviknight|100\/100\n|-singleturn|p1a: Corviknight|move: Roost\n|move|p2a: Corviknight|U-turn|p1a: Corviknight\n|-resisted|p1a: Corviknight\n|-damage|p1a: Corviknight|96\/100\n|-damage|p2a: Corviknight|80\/100|[from] item: Rocky Helmet|[of] p1a: Corviknight\n|\n|t:|1662412598\n|switch|p2a: Garchomp|Garchomp, F|48\/100|[from]move: U-turn\n|\n|upkeep\n|turn|21\n|\n|t:|1662412606\n|move|p2a: Garchomp|Stealth Rock|p1a: Corviknight\n|-sidestart|p1: Anjii.V.|move: Stealth Rock\n|move|p1a: Corviknight|Body Press|p2a: Garchomp\n|-damage|p2a: Garchomp|27\/100\n|-damage|p1a: Corviknight|84\/100|[from] ability: Rough Skin|[of] p2a: Garchomp\n|\n|upkeep\n|turn|22\n|\n|t:|1662412612\n|switch|p2a: Slowking|Slowking-Galar, M|75\/100\n|move|p1a: Corviknight|Defog|p2a: Slowking\n|-unboost|p2a: Slowking|evasion|1\n|-sideend|p1: Anjii.V.|Stealth Rock|[from] move: Defog|[of] p1a: Corviknight\n|\n|upkeep\n|turn|23\n|\n|t:|1662412618\n|move|p1a: Corviknight|Roost|p1a: Corviknight\n|-heal|p1a: Corviknight|100\/100\n|-singleturn|p1a: Corviknight|move: Roost\n|move|p2a: Slowking|Future Sight|p1a: Corviknight\n|-start|p2a: Slowking|move: Future Sight\n|\n|upkeep\n|turn|24\n|\n|t:|1662412623\n|move|p1a: Corviknight|U-turn|p2a: Slowking\n|-damage|p2a: Slowking|58\/100\n|\n|t:|1662412626\n|switch|p1a: Dragapult|Dragapult, M|67\/100|[from]move: U-turn\n|move|p2a: Slowking|Flamethrower|p1a: Dragapult\n|-resisted|p1a: Dragapult\n|-damage|p1a: Dragapult|51\/100\n|\n|upkeep\n|turn|25\n|\n|t:|1662412632\n|move|p1a: Dragapult|U-turn|p2a: Slowking\n|-damage|p2a: Slowking|33\/100\n|\n|t:|1662412634\n|switch|p1a: Corviknight|Corviknight, F|100\/100|[from]move: U-turn\n|-ability|p1a: Corviknight|Pressure\n|move|p2a: Slowking|Flamethrower|p1a: Corviknight\n|-supereffective|p1a: Corviknight\n|-damage|p1a: Corviknight|61\/100\n|\n|-end|p1a: Corviknight|move: Future Sight\n|-resisted|p1a: Corviknight\n|-damage|p1a: Corviknight|38\/100\n|upkeep\n|turn|26\n|\n|t:|1662412644\n|move|p1a: Corviknight|Roost|p1a: Corviknight\n|-heal|p1a: Corviknight|88\/100\n|-singleturn|p1a: Corviknight|move: Roost\n|move|p2a: Slowking|Future Sight|p1a: Corviknight\n|-start|p2a: Slowking|move: Future Sight\n|\n|upkeep\n|turn|27\n|\n|t:|1662412651\n|move|p1a: Corviknight|U-turn|p2a: Slowking\n|-damage|p2a: Slowking|19\/100\n|\n|t:|1662412656\n|switch|p1a: Nidoking|Nidoking, M|100\/100|[from]move: U-turn\n|move|p2a: Slowking|Flamethrower|p1a: Nidoking\n|-damage|p1a: Nidoking|64\/100\n|\n|upkeep\n|turn|28\n|\n|t:|1662412661\n|switch|p1a: Corviknight|Corviknight, F|88\/100\n|-ability|p1a: Corviknight|Pressure\n|switch|p2a: Corviknight|Corviknight, M|80\/100\n|-ability|p2a: Corviknight|Pressure\n|\n|-end|p1a: Corviknight|move: Future Sight\n|-resisted|p1a: Corviknight\n|-damage|p1a: Corviknight|65\/100\n|upkeep\n|turn|29\n|\n|t:|1662412671\n|move|p1a: Corviknight|Roost|p1a: Corviknight\n|-heal|p1a: Corviknight|100\/100\n|-singleturn|p1a: Corviknight|move: Roost\n|move|p2a: Corviknight|U-turn|p1a: Corviknight\n|-resisted|p1a: Corviknight\n|-damage|p1a: Corviknight|95\/100\n|-damage|p2a: Corviknight|64\/100|[from] item: Rocky Helmet|[of] p1a: Corviknight\n|\n|t:|1662412676\n|switch|p2a: Slowking|Slowking-Galar, M|52\/100|[from]move: U-turn\n|\n|upkeep\n|turn|30\n|\n|t:|1662412681\n|move|p1a: Corviknight|U-turn|p2a: Slowking\n|-damage|p2a: Slowking|37\/100\n|\n|t:|1662412684\n|switch|p1a: Zeraora|Zeraora|76\/100|[from]move: U-turn\n|move|p2a: Slowking|Future Sight|p1a: Zeraora\n|-start|p2a: Slowking|move: Future Sight\n|\n|upkeep\n|turn|31\n|\n|t:|1662412689\n|switch|p2a: Garchomp|Garchomp, F|27\/100\n|move|p1a: Zeraora|Knock Off|p2a: Garchomp\n|-damage|p2a: Garchomp|9\/100\n|-damage|p1a: Zeraora|64\/100|[from] ability: Rough Skin|[of] p2a: Garchomp\n|\n|upkeep\n|turn|32\n|\n|t:|1662412696\n|switch|p1a: Corviknight|Corviknight, F|95\/100\n|-ability|p1a: Corviknight|Pressure\n|move|p2a: Garchomp|Stealth Rock|p1a: Corviknight\n|-sidestart|p1: Anjii.V.|move: Stealth Rock\n|\n|-end|p1a: Corviknight|move: Future Sight\n|-resisted|p1a: Corviknight\n|-damage|p1a: Corviknight|73\/100\n|upkeep\n|turn|33\n|\n|t:|1662412706\n|switch|p2a: Rillaboom|Rillaboom, F|100\/100\n|-fieldstart|move: Grassy Terrain|[from] ability: Grassy Surge|[of] p2a: Rillaboom\n|move|p1a: Corviknight|U-turn|p2a: Rillaboom\n|-supereffective|p2a: Rillaboom\n|-crit|p2a: Rillaboom\n|-damage|p2a: Rillaboom|62\/100\n|\n|t:|1662412713\n|switch|p1a: Kommo-o|Kommo-o, M|100\/100|[from]move: U-turn\n|-damage|p1a: Kommo-o|94\/100|[from] Stealth Rock\n|\n|-heal|p1a: Kommo-o|100\/100|[from] Grassy Terrain\n|-heal|p2a: Rillaboom|68\/100|[from] Grassy Terrain\n|-heal|p2a: Rillaboom|74\/100|[from] item: Leftovers\n|upkeep\n|turn|34\n|\n|t:|1662412721\n|switch|p2a: Corviknight|Corviknight, M|64\/100\n|-ability|p2a: Corviknight|Pressure\n|move|p1a: Kommo-o|Body Press|p2a: Corviknight\n|-damage|p2a: Corviknight|39\/100\n|-damage|p1a: Kommo-o|84\/100|[from] item: Rocky Helmet|[of] p2a: Corviknight\n|\n|-heal|p1a: Kommo-o|90\/100|[from] Grassy Terrain\n|-heal|p1a: Kommo-o|96\/100|[from] item: Leftovers\n|upkeep\n|turn|35\n|\n|t:|1662412731\n|move|p1a: Kommo-o|Body Press|p2a: Corviknight\n|-damage|p2a: Corviknight|13\/100\n|-damage|p1a: Kommo-o|80\/100|[from] item: Rocky Helmet|[of] p2a: Corviknight\n|move|p2a: Corviknight|Roost|p2a: Corviknight\n|-heal|p2a: Corviknight|63\/100\n|-singleturn|p2a: Corviknight|move: Roost\n|\n|-heal|p1a: Kommo-o|86\/100|[from] Grassy Terrain\n|-heal|p1a: Kommo-o|92\/100|[from] item: Leftovers\n|-heal|p2a: Corviknight|69\/100|[from] Grassy Terrain\n|upkeep\n|turn|36\n|\n|t:|1662412742\n|move|p1a: Kommo-o|Protect|p1a: Kommo-o\n|-singleturn|p1a: Kommo-o|Protect\n|move|p2a: Corviknight|Roost|p2a: Corviknight\n|-heal|p2a: Corviknight|100\/100\n|-singleturn|p2a: Corviknight|move: Roost\n|\n|-heal|p1a: Kommo-o|98\/100|[from] Grassy Terrain\n|-heal|p1a: Kommo-o|100\/100|[from] item: Leftovers\n|upkeep\n|turn|37\n|\n|t:|1662412752\n|switch|p1a: Corviknight|Corviknight, F|73\/100\n|-damage|p1a: Corviknight|61\/100|[from] Stealth Rock\n|-ability|p1a: Corviknight|Pressure\n|move|p2a: Corviknight|U-turn|p1a: Corviknight\n|-resisted|p1a: Corviknight\n|-damage|p1a: Corviknight|58\/100\n|-damage|p2a: Corviknight|84\/100|[from] item: Rocky Helmet|[of] p1a: Corviknight\n|\n|t:|1662412761\n|switch|p2a: Rillaboom|Rillaboom, F|74\/100|[from]move: U-turn\n|\n|-heal|p2a: Rillaboom|80\/100|[from] Grassy Terrain\n|-heal|p2a: Rillaboom|86\/100|[from] item: Leftovers\n|-fieldend|move: Grassy Terrain\n|upkeep\n|turn|38\n|\n|t:|1662412769\n|move|p2a: Rillaboom|Knock Off|p1a: Corviknight\n|-damage|p1a: Corviknight|35\/100\n|-damage|p2a: Rillaboom|70\/100|[from] item: Rocky Helmet|[of] p1a: Corviknight\n|-enditem|p1a: Corviknight|Rocky Helmet|[from] move: Knock Off|[of] p2a: Rillaboom\n|move|p1a: Corviknight|Roost|p1a: Corviknight\n|-heal|p1a: Corviknight|85\/100\n|-singleturn|p1a: Corviknight|move: Roost\n|\n|-heal|p2a: Rillaboom|76\/100|[from] item: Leftovers\n|upkeep\n|turn|39\n|\n|t:|1662412779\n|switch|p2a: Slowking|Slowking-Galar, M|71\/100\n|move|p1a: Corviknight|Defog|p2a: Slowking\n|-unboost|p2a: Slowking|evasion|1\n|-sideend|p1: Anjii.V.|Stealth Rock|[from] move: Defog|[of] p1a: Corviknight\n|\n|upkeep\n|turn|40\n|\n|t:|1662412786\n|move|p1a: Corviknight|U-turn|p2a: Slowking\n|-damage|p2a: Slowking|55\/100\n|\n|t:|1662412791\n|switch|p1a: Zeraora|Zeraora|64\/100|[from]move: U-turn\n|move|p2a: Slowking|Future Sight|p1a: Zeraora\n|-start|p2a: Slowking|move: Future Sight\n|\n|upkeep\n|turn|41\n|\n|t:|1662412800\n|switch|p2a: Garchomp|Garchomp, F|9\/100\n|move|p1a: Zeraora|Knock Off|p2a: Garchomp\n|-crit|p2a: Garchomp\n|-damage|p2a: Garchomp|0 fnt\n|-damage|p1a: Zeraora|51\/100|[from] ability: Rough Skin|[of] p2a: Garchomp\n|faint|p2a: Garchomp\n|\n|upkeep\n|c|\u2606Anjii.V.|ggwp leave ty\n|\n|t:|1662412803\n|switch|p2a: Rillaboom|Rillaboom, F|76\/100\n|-fieldstart|move: Grassy Terrain|[from] ability: Grassy Surge|[of] p2a: Rillaboom\n|turn|42\n|\n|t:|1662412813\n|switch|p1a: Corviknight|Corviknight, F|85\/100\n|-ability|p1a: Corviknight|Pressure\n|move|p2a: Rillaboom|Swords Dance|p2a: Rillaboom\n|-boost|p2a: Rillaboom|atk|2\n|\n|-end|p1a: Corviknight|move: Future Sight\n|-resisted|p1a: Corviknight\n|-damage|p1a: Corviknight|64\/100\n|-heal|p2a: Rillaboom|82\/100|[from] Grassy Terrain\n|-heal|p2a: Rillaboom|88\/100|[from] item: Leftovers\n|upkeep\n|turn|43\n|\n|t:|1662412825\n|move|p2a: Rillaboom|Drain Punch|p1a: Corviknight\n|-damage|p1a: Corviknight|26\/100\n|-heal|p2a: Rillaboom|100\/100|[from] drain|[of] p1a: Corviknight\n|move|p1a: Corviknight|Body Press|p2a: Rillaboom\n|-damage|p2a: Rillaboom|79\/100\n|\n|-heal|p2a: Rillaboom|85\/100|[from] Grassy Terrain\n|-heal|p2a: Rillaboom|91\/100|[from] item: Leftovers\n|upkeep\n|turn|44\n|\n|t:|1662412835\n|move|p2a: Rillaboom|Drain Punch|p1a: Corviknight\n|-crit|p1a: Corviknight\n|-damage|p1a: Corviknight|0 fnt\n|-heal|p2a: Rillaboom|100\/100|[from] drain|[of] p1a: Corviknight\n|faint|p1a: Corviknight\n|\n|upkeep\n|\n|t:|1662412843\n|switch|p1a: Kommo-o|Kommo-o, M|100\/100\n|turn|45\n|\n|t:|1662412848\n|move|p1a: Kommo-o|Toxic|p2a: Rillaboom\n|-status|p2a: Rillaboom|tox\n|move|p2a: Rillaboom|Drain Punch|p1a: Kommo-o\n|-damage|p1a: Kommo-o|66\/100\n|\n|-heal|p1a: Kommo-o|73\/100|[from] Grassy Terrain\n|-heal|p1a: Kommo-o|79\/100|[from] item: Leftovers\n|-damage|p2a: Rillaboom|94\/100 tox|[from] psn\n|upkeep\n|turn|46\n|\n|t:|1662412858\n|switch|p2a: Slowking|Slowking-Galar, M|89\/100\n|move|p1a: Kommo-o|Body Press|p2a: Slowking\n|-resisted|p2a: Slowking\n|-damage|p2a: Slowking|78\/100\n|\n|-heal|p1a: Kommo-o|85\/100|[from] Grassy Terrain\n|-heal|p1a: Kommo-o|91\/100|[from] item: Leftovers\n|-heal|p2a: Slowking|84\/100|[from] Grassy Terrain\n|-fieldend|move: Grassy Terrain\n|upkeep\n|turn|47\n|\n|t:|1662412870\n|switch|p1a: Nidoking|Nidoking, M|64\/100\n|move|p2a: Slowking|Future Sight|p1a: Nidoking\n|-start|p2a: Slowking|move: Future Sight\n|\n|upkeep\n|turn|48\n|\n|t:|1662412875\n|switch|p2a: Corviknight|Corviknight, M|84\/100\n|-ability|p2a: Corviknight|Pressure\n|move|p1a: Nidoking|Earth Power|p2a: Corviknight\n|-immune|p2a: Corviknight\n|\n|upkeep\n|turn|49\n|\n|t:|1662412882\n|switch|p2a: Slowking|Slowking-Galar, M|100\/100\n|move|p1a: Nidoking|Flamethrower|p2a: Slowking\n|-damage|p2a: Slowking|84\/100\n|\n|-end|p1a: Nidoking|move: Future Sight\n|-supereffective|p1a: Nidoking\n|-damage|p1a: Nidoking|0 fnt\n|faint|p1a: Nidoking\n|upkeep\n|\n|t:|1662412891\n|switch|p1a: Zeraora|Zeraora|51\/100\n|turn|50\n|\n|t:|1662412900\n|move|p1a: Zeraora|Knock Off|p2a: Slowking\n|-supereffective|p2a: Slowking\n|-damage|p2a: Slowking|22\/100\n|-enditem|p2a: Slowking|Assault Vest|[from] move: Knock Off|[of] p1a: Zeraora\n|move|p2a: Slowking|Sludge Bomb|p1a: Zeraora\n|-crit|p1a: Zeraora\n|-damage|p1a: Zeraora|0 fnt\n|faint|p1a: Zeraora\n|\n|upkeep\n|c|\u2606Anjii.V.|FU\n|c|\u2606Anjii.V.|:(\n|\n|t:|1662412914\n|switch|p1a: Dragapult|Dragapult, M|51\/100\n|turn|51\n|-message|Anjii.V. forfeited.\n|\n|win|himynametay\n|raw|Anjii.V.'s rating: 1482 &rarr; <strong>1465<\/strong><br \/>(-17 for losing)\n|raw|himynametay's rating: 1532 &rarr; <strong>1549<\/strong><br \/>(+17 for winning)\n|l|\u2606Anjii.V.\n||Ladder isn't responding, score probably updated but might not have (Request timeout).\n","uploadtime":1662412923,"views":11,"p1id":"anjiiv","p2id":"himynametay","formatid":"gen8ou","rating":1465,"private":0,"password":null}