{"id":"gen8ou-1706381109","p1":"Trois_ailes","p2":"quixana","format":"gen8ou","log":"|j|\u2606Trois_ailes\n|j|\u2606quixana\n|t:|1667982622\n|gametype|singles\n|player|p1|Trois_ailes|crasherwake|1740\n|player|p2|quixana|1|1805\n|teamsize|p1|6\n|teamsize|p2|6\n|gen|8\n|tier|[Gen 8] OU\n|rated|\n|rule|Sleep Clause Mod: Limit one foe put to sleep\n|rule|Species Clause: Limit one of each Pok\u00e9mon\n|rule|OHKO Clause: OHKO moves are banned\n|rule|Evasion Items Clause: Evasion items are banned\n|rule|Evasion Moves Clause: Evasion moves are banned\n|rule|Endless Battle Clause: Forcing endless battles is banned\n|rule|HP Percentage Mod: HP is shown in percentages\n|rule|Dynamax Clause: You cannot dynamax\n|clearpoke\n|poke|p1|Bisharp, F|\n|poke|p1|Mew|\n|poke|p1|Dragapult, M|\n|poke|p1|Garchomp, F|\n|poke|p1|Rillaboom, M|\n|poke|p1|Zapdos-Galar|\n|poke|p2|Buzzwole|\n|poke|p2|Landorus-Therian, M|\n|poke|p2|Magnezone|\n|poke|p2|Tyranitar, M|\n|poke|p2|Tapu Lele|\n|poke|p2|Toxapex, F|\n|teampreview\n|inactive|Battle timer is ON: inactive players will automatically lose when time's up. (requested by Trois_ailes)\n|j| sammag\n|\n|t:|1667982648\n|start\n|switch|p1a: Mew|Mew|100\/100\n|switch|p2a: Tyranitar|Tyranitar, M|100\/100\n|-weather|Sandstorm|[from] ability: Sand Stream|[of] p2a: Tyranitar\n|turn|1\n|j| tSpooky\n|inactive|quixana has 120 seconds left.\n|\n|t:|1667982678\n|switch|p2a: Buzzwole|Buzzwole|100\/100\n|move|p1a: Mew|Stealth Rock|p2a: Buzzwole\n|-sidestart|p2: quixana|move: Stealth Rock\n|\n|-weather|Sandstorm|[upkeep]\n|-damage|p2a: Buzzwole|94\/100|[from] Sandstorm\n|-damage|p1a: Mew|94\/100|[from] Sandstorm\n|upkeep\n|turn|2\n|\n|t:|1667982684\n|move|p2a: Buzzwole|Leech Life|p1a: Mew\n|-supereffective|p1a: Mew\n|-damage|p1a: Mew|2\/100\n|-heal|p2a: Buzzwole|100\/100|[from] drain|[of] p1a: Mew\n|move|p1a: Mew|Thunder Wave|p2a: Buzzwole|[miss]\n|-miss|p1a: Mew|p2a: Buzzwole\n|\n|-weather|Sandstorm|[upkeep]\n|-damage|p2a: Buzzwole|94\/100|[from] Sandstorm\n|-damage|p1a: Mew|0 fnt|[from] Sandstorm\n|faint|p1a: Mew\n|upkeep\n|\n|t:|1667982689\n|switch|p1a: Zapdos|Zapdos-Galar|100\/100\n|turn|3\n|\n|t:|1667982696\n|switch|p2a: Toxapex|Toxapex, F|100\/100\n|-damage|p2a: Toxapex|88\/100|[from] Stealth Rock\n|move|p1a: Zapdos|U-turn|p2a: Toxapex\n|-resisted|p2a: Toxapex\n|-damage|p2a: Toxapex|81\/100\n|-damage|p1a: Zapdos|84\/100|[from] item: Rocky Helmet|[of] p2a: Toxapex\n|\n|t:|1667982698\n|switch|p1a: Garchomp|Garchomp, F|100\/100|[from]move: U-turn\n|\n|-weather|Sandstorm|[upkeep]\n|-damage|p2a: Toxapex|75\/100|[from] Sandstorm\n|upkeep\n|turn|4\n|l| tSpooky\n|\n|t:|1667982709\n|switch|p2a: Buzzwole|Buzzwole|94\/100\n|-damage|p2a: Buzzwole|82\/100|[from] Stealth Rock\n|move|p1a: Garchomp|Swords Dance|p1a: Garchomp\n|-boost|p1a: Garchomp|atk|2\n|\n|-weather|Sandstorm|[upkeep]\n|-damage|p2a: Buzzwole|76\/100|[from] Sandstorm\n|upkeep\n|turn|5\n|\n|t:|1667982714\n|switch|p1a: Bisharp|Bisharp, F|100\/100\n|move|p2a: Buzzwole|Ice Punch|p1a: Bisharp\n|-resisted|p1a: Bisharp\n|-damage|p1a: Bisharp|83\/100\n|\n|-weather|none\n|upkeep\n|turn|6\n|\n|t:|1667982724\n|switch|p2a: Magnezone|Magnezone|100\/100\n|-damage|p2a: Magnezone|94\/100|[from] Stealth Rock\n|switch|p1a: Garchomp|Garchomp, F|100\/100\n|\n|-heal|p2a: Magnezone|100\/100|[from] item: Leftovers\n|upkeep\n|turn|7\n|\n|t:|1667982736\n|move|p1a: Garchomp|Swords Dance|p1a: Garchomp\n|-boost|p1a: Garchomp|atk|2\n|move|p2a: Magnezone|Magnet Rise|p2a: Magnezone\n|-start|p2a: Magnezone|Magnet Rise\n|\n|upkeep\n|turn|8\n|\n|t:|1667982741\n|move|p1a: Garchomp|Aqua Tail|p2a: Magnezone\n|-damage|p2a: Magnezone|54\/100\n|move|p2a: Magnezone|Iron Defense|p2a: Magnezone\n|-boost|p2a: Magnezone|def|2\n|\n|-heal|p2a: Magnezone|60\/100|[from] item: Leftovers\n|upkeep\n|turn|9\n|\n|t:|1667982748\n|move|p1a: Garchomp|Swords Dance|p1a: Garchomp\n|-boost|p1a: Garchomp|atk|2\n|move|p2a: Magnezone|Body Press|p1a: Garchomp\n|-damage|p1a: Garchomp|48\/100\n|-damage|p2a: Magnezone|48\/100|[from] ability: Rough Skin|[of] p1a: Garchomp\n|\n|-heal|p1a: Garchomp|54\/100|[from] item: Leftovers\n|-heal|p2a: Magnezone|54\/100|[from] item: Leftovers\n|upkeep\n|turn|10\n|\n|t:|1667982754\n|move|p1a: Garchomp|Aqua Tail|p2a: Magnezone\n|-damage|p2a: Magnezone|20\/100\n|move|p2a: Magnezone|Body Press|p1a: Garchomp\n|-damage|p1a: Garchomp|0 fnt\n|-damage|p2a: Magnezone|7\/100|[from] ability: Rough Skin|[of] p1a: Garchomp\n|faint|p1a: Garchomp\n|\n|-heal|p2a: Magnezone|14\/100|[from] item: Leftovers\n|upkeep\n|\n|t:|1667982761\n|switch|p1a: Dragapult|Dragapult, M|100\/100\n|turn|11\n|\n|t:|1667982769\n|switch|p2a: Tyranitar|Tyranitar, M|100\/100\n|-damage|p2a: Tyranitar|88\/100|[from] Stealth Rock\n|-weather|Sandstorm|[from] ability: Sand Stream|[of] p2a: Tyranitar\n|move|p1a: Dragapult|Fire Blast|p2a: Tyranitar\n|-resisted|p2a: Tyranitar\n|-damage|p2a: Tyranitar|82\/100\n|-damage|p1a: Dragapult|91\/100|[from] item: Life Orb\n|\n|-weather|Sandstorm|[upkeep]\n|-damage|p1a: Dragapult|85\/100|[from] Sandstorm\n|-heal|p2a: Tyranitar|88\/100|[from] item: Leftovers\n|upkeep\n|turn|12\n|j| Ran Kob\n|\n|t:|1667982775\n|switch|p1a: Bisharp|Bisharp, F|83\/100\n|move|p2a: Tyranitar|Thunder Wave|p1a: Bisharp\n|-status|p1a: Bisharp|par\n|\n|-weather|Sandstorm|[upkeep]\n|-heal|p2a: Tyranitar|94\/100|[from] item: Leftovers\n|upkeep\n|turn|13\n|\n|t:|1667982796\n|switch|p2a: Magnezone|Magnezone|14\/100\n|-damage|p2a: Magnezone|7\/100|[from] Stealth Rock\n|move|p1a: Bisharp|Knock Off|p2a: Magnezone\n|-damage|p2a: Magnezone|0 fnt\n|-enditem|p2a: Magnezone|Leftovers|[from] move: Knock Off|[of] p1a: Bisharp\n|faint|p2a: Magnezone\n|\n|-weather|Sandstorm|[upkeep]\n|upkeep\n|\n|t:|1667982806\n|switch|p2a: Tapu Lele|Tapu Lele, shiny|100\/100\n|-damage|p2a: Tapu Lele|88\/100|[from] Stealth Rock\n|-fieldstart|move: Psychic Terrain|[from] ability: Psychic Surge|[of] p2a: Tapu Lele\n|turn|14\n|\n|t:|1667982812\n|move|p2a: Tapu Lele|Moonblast|p1a: Bisharp\n|-crit|p1a: Bisharp\n|-damage|p1a: Bisharp|0 fnt\n|faint|p1a: Bisharp\n|\n|-weather|Sandstorm|[upkeep]\n|-damage|p2a: Tapu Lele|82\/100|[from] Sandstorm\n|upkeep\n|\n|t:|1667982819\n|switch|p1a: Rillaboom|Rillaboom, M|100\/100\n|-fieldstart|move: Grassy Terrain|[from] ability: Grassy Surge|[of] p1a: Rillaboom\n|turn|15\n|j| broked on bricks\n|\n|t:|1667982836\n|switch|p2a: Landorus|Landorus-Therian, M|100\/100\n|-damage|p2a: Landorus|88\/100|[from] Stealth Rock\n|-ability|p2a: Landorus|Intimidate|boost\n|-unboost|p1a: Rillaboom|atk|1\n|move|p1a: Rillaboom|Acrobatics|p2a: Landorus\n|-damage|p2a: Landorus|70\/100\n|-damage|p1a: Rillaboom|91\/100|[from] item: Life Orb\n|\n|-weather|none\n|-heal|p1a: Rillaboom|97\/100|[from] Grassy Terrain\n|-heal|p2a: Landorus|76\/100|[from] item: Leftovers\n|upkeep\n|turn|16\n|\n|t:|1667982841\n|switch|p1a: Zapdos|Zapdos-Galar|84\/100\n|move|p2a: Landorus|U-turn|p1a: Zapdos\n|-resisted|p1a: Zapdos\n|-damage|p1a: Zapdos|78\/100\n|\n|t:|1667982848\n|switch|p2a: Toxapex|Toxapex, F|100\/100|[from]move: U-turn\n|-damage|p2a: Toxapex|88\/100|[from] Stealth Rock\n|\n|-heal|p2a: Toxapex|94\/100|[from] Grassy Terrain\n|upkeep\n|turn|17\n|\n|t:|1667982854\n|switch|p1a: Rillaboom|Rillaboom, M|97\/100\n|move|p2a: Toxapex|Toxic|p1a: Rillaboom\n|-status|p1a: Rillaboom|tox\n|\n|-heal|p1a: Rillaboom|100\/100 tox|[from] Grassy Terrain\n|-heal|p2a: Toxapex|100\/100|[from] Grassy Terrain\n|-damage|p1a: Rillaboom|94\/100 tox|[from] psn\n|upkeep\n|turn|18\n|\n|t:|1667982864\n|switch|p2a: Landorus|Landorus-Therian, M|76\/100\n|-damage|p2a: Landorus|64\/100|[from] Stealth Rock\n|-ability|p2a: Landorus|Intimidate|boost\n|-unboost|p1a: Rillaboom|atk|1\n|move|p1a: Rillaboom|Swords Dance|p1a: Rillaboom\n|-boost|p1a: Rillaboom|atk|2\n|\n|-heal|p1a: Rillaboom|100\/100 tox|[from] Grassy Terrain\n|-heal|p2a: Landorus|70\/100|[from] item: Leftovers\n|-damage|p1a: Rillaboom|88\/100 tox|[from] psn\n|upkeep\n|turn|19\n|\n|t:|1667982869\n|move|p1a: Rillaboom|Grassy Glide|p2a: Landorus\n|-damage|p2a: Landorus|0 fnt\n|faint|p2a: Landorus\n|-damage|p1a: Rillaboom|78\/100 tox|[from] item: Life Orb\n|\n|-heal|p1a: Rillaboom|84\/100 tox|[from] Grassy Terrain\n|-damage|p1a: Rillaboom|66\/100 tox|[from] psn\n|-fieldend|move: Grassy Terrain\n|upkeep\n|\n|t:|1667982880\n|switch|p2a: Tapu Lele|Tapu Lele, shiny|82\/100\n|-damage|p2a: Tapu Lele|70\/100|[from] Stealth Rock\n|-fieldstart|move: Psychic Terrain|[from] ability: Psychic Surge|[of] p2a: Tapu Lele\n|turn|20\n|\n|t:|1667982883\n|switch|p1a: Dragapult|Dragapult, M|85\/100\n|move|p2a: Tapu Lele|Moonblast|p1a: Dragapult\n|-supereffective|p1a: Dragapult\n|-damage|p1a: Dragapult|0 fnt\n|faint|p1a: Dragapult\n|\n|upkeep\n|\n|t:|1667982885\n|switch|p1a: Zapdos|Zapdos-Galar|78\/100\n|turn|21\n|\n|t:|1667982889\n|switch|p2a: Toxapex|Toxapex, F|100\/100\n|-damage|p2a: Toxapex|88\/100|[from] Stealth Rock\n|move|p1a: Zapdos|U-turn|p2a: Toxapex\n|-resisted|p2a: Toxapex\n|-damage|p2a: Toxapex|80\/100\n|-damage|p1a: Zapdos|62\/100|[from] item: Rocky Helmet|[of] p2a: Toxapex\n|\n|t:|1667982891\n|switch|p1a: Rillaboom|Rillaboom, M|66\/100 tox|[from]move: U-turn\n|-fieldstart|move: Grassy Terrain|[from] ability: Grassy Surge|[of] p1a: Rillaboom\n|\n|-heal|p1a: Rillaboom|72\/100 tox|[from] Grassy Terrain\n|-heal|p2a: Toxapex|87\/100|[from] Grassy Terrain\n|-damage|p1a: Rillaboom|66\/100 tox|[from] psn\n|upkeep\n|turn|22\n|\n|t:|1667982897\n|switch|p2a: Tyranitar|Tyranitar, M|94\/100\n|-damage|p2a: Tyranitar|82\/100|[from] Stealth Rock\n|-weather|Sandstorm|[from] ability: Sand Stream|[of] p2a: Tyranitar\n|move|p1a: Rillaboom|Grassy Glide|p2a: Tyranitar\n|-supereffective|p2a: Tyranitar\n|-damage|p2a: Tyranitar|0 fnt\n|faint|p2a: Tyranitar\n|-damage|p1a: Rillaboom|56\/100 tox|[from] item: Life Orb\n|\n|-weather|Sandstorm|[upkeep]\n|-damage|p1a: Rillaboom|50\/100 tox|[from] Sandstorm\n|-heal|p1a: Rillaboom|56\/100 tox|[from] Grassy Terrain\n|-damage|p1a: Rillaboom|44\/100 tox|[from] psn\n|upkeep\n|\n|t:|1667982901\n|switch|p2a: Tapu Lele|Tapu Lele, shiny|70\/100\n|-damage|p2a: Tapu Lele|57\/100|[from] Stealth Rock\n|-fieldstart|move: Psychic Terrain|[from] ability: Psychic Surge|[of] p2a: Tapu Lele\n|turn|23\n|\n|t:|1667982903\n|move|p2a: Tapu Lele|Moonblast|p1a: Rillaboom\n|-damage|p1a: Rillaboom|0 fnt\n|faint|p1a: Rillaboom\n|\n|-weather|Sandstorm|[upkeep]\n|-damage|p2a: Tapu Lele|51\/100|[from] Sandstorm\n|upkeep\n|\n|t:|1667982905\n|switch|p1a: Zapdos|Zapdos-Galar|62\/100\n|turn|24\n|\n|t:|1667982908\n|move|p1a: Zapdos|Brave Bird|p2a: Tapu Lele\n|-damage|p2a: Tapu Lele|0 fnt\n|faint|p2a: Tapu Lele\n|-damage|p1a: Zapdos|47\/100|[from] Recoil\n|\n|-weather|Sandstorm|[upkeep]\n|-damage|p1a: Zapdos|41\/100|[from] Sandstorm\n|upkeep\n|\n|t:|1667982911\n|switch|p2a: Buzzwole|Buzzwole|76\/100\n|-damage|p2a: Buzzwole|63\/100|[from] Stealth Rock\n|turn|25\n|\n|t:|1667982913\n|move|p1a: Zapdos|Brave Bird|p2a: Buzzwole\n|-supereffective|p2a: Buzzwole\n|-damage|p2a: Buzzwole|0 fnt\n|faint|p2a: Buzzwole\n|-damage|p1a: Zapdos|18\/100|[from] Recoil\n|\n|-weather|Sandstorm|[upkeep]\n|-damage|p1a: Zapdos|11\/100|[from] Sandstorm\n|upkeep\n|\n|t:|1667982915\n|switch|p2a: Toxapex|Toxapex, F|100\/100\n|-damage|p2a: Toxapex|88\/100|[from] Stealth Rock\n|turn|26\n|\n|t:|1667982917\n|move|p1a: Zapdos|Brave Bird|p2a: Toxapex\n|-damage|p2a: Toxapex|53\/100\n|-damage|p1a: Zapdos|0 fnt|[from] item: Rocky Helmet|[of] p2a: Toxapex\n|faint|p1a: Zapdos\n|\n|win|quixana\n|raw|Trois_ailes's rating: 1740 &rarr; <strong>1724<\/strong><br \/>(-16 for losing)\n|raw|quixana's rating: 1805 &rarr; <strong>1821<\/strong><br \/>(+16 for winning)\n|l|\u2606Trois_ailes\n","uploadtime":1667982927,"views":4,"p1id":"troisailes","p2id":"quixana","formatid":"gen8ou","rating":1724,"private":0,"password":null}