{"id":"gen8ou-1693464804","p1":"alvar03","p2":"minimax_ai","format":"gen8ou","log":"|html|<div class=\"broadcast-blue\"><strong>[Gen 8] OU is currently suspecting Melmetal! For information on how to participate check out the <a href=\"https:\/\/www.smogon.com\/forums\/threads\/np-ss-ou-suspect-process-round-12-monster-mash.3709234\/\">suspect thread<\/a>.<\/strong><\/div>\n|j|\u2606alvar03\n|j|\u2606minimax_ai\n|t:|1666610279\n|gametype|singles\n|player|p1|alvar03|alder|1652\n|player|p2|minimax_ai|lusamine-nihilego|1623\n|teamsize|p1|6\n|teamsize|p2|6\n|gen|8\n|tier|[Gen 8] OU\n|rated|\n|rule|Sleep Clause Mod: Limit one foe put to sleep\n|rule|Species Clause: Limit one of each Pok\u00e9mon\n|rule|OHKO Clause: OHKO moves are banned\n|rule|Evasion Items Clause: Evasion items are banned\n|rule|Evasion Moves Clause: Evasion moves are banned\n|rule|Endless Battle Clause: Forcing endless battles is banned\n|rule|HP Percentage Mod: HP is shown in percentages\n|rule|Dynamax Clause: You cannot dynamax\n|clearpoke\n|poke|p1|Melmetal|\n|poke|p1|Tapu Koko|\n|poke|p1|Weavile, F|\n|poke|p1|Slowking-Galar, M|\n|poke|p1|Volcanion|\n|poke|p1|Landorus-Therian, M|\n|poke|p2|Rotom-Wash|\n|poke|p2|Weavile, M|\n|poke|p2|Landorus-Therian, M|\n|poke|p2|Heatran, M|\n|poke|p2|Tangrowth, F|\n|poke|p2|Melmetal|\n|teampreview\n|c|\u2606minimax_ai|hf\n|inactive|Battle timer is ON: inactive players will automatically lose when time's up. (requested by minimax_ai)\n|c|\u2606alvar03|hf\n|\n|t:|1666610292\n|start\n|switch|p1a: Slowking|Slowking-Galar, M|100\/100\n|switch|p2a: rotomwash|Rotom-Wash|100\/100\n|turn|1\n|\n|t:|1666610297\n|move|p2a: rotomwash|Nasty Plot|p2a: rotomwash\n|-boost|p2a: rotomwash|spa|2\n|move|p1a: Slowking|Sludge Bomb|p2a: rotomwash\n|-damage|p2a: rotomwash|59\/100\n|\n|-heal|p2a: rotomwash|65\/100|[from] item: Leftovers\n|upkeep\n|turn|2\n|j| skeleyguy\n|\n|t:|1666610301\n|move|p2a: rotomwash|Nasty Plot|p2a: rotomwash\n|-boost|p2a: rotomwash|spa|2\n|move|p1a: Slowking|Sludge Bomb|p2a: rotomwash\n|-damage|p2a: rotomwash|25\/100\n|\n|-heal|p2a: rotomwash|32\/100|[from] item: Leftovers\n|upkeep\n|turn|3\n|\n|t:|1666610304\n|move|p2a: rotomwash|Pain Split|p1a: Slowking\n|-sethp|p1a: Slowking|62\/100|[from] move: Pain Split|[silent]\n|-sethp|p2a: rotomwash|81\/100|[from] move: Pain Split\n|move|p1a: Slowking|Sludge Bomb|p2a: rotomwash\n|-damage|p2a: rotomwash|44\/100\n|\n|-heal|p2a: rotomwash|50\/100|[from] item: Leftovers\n|upkeep\n|turn|4\n|\n|t:|1666610307\n|move|p2a: rotomwash|Nasty Plot|p2a: rotomwash\n|-boost|p2a: rotomwash|spa|2\n|move|p1a: Slowking|Sludge Bomb|p2a: rotomwash\n|-crit|p2a: rotomwash\n|-damage|p2a: rotomwash|0 fnt\n|faint|p2a: rotomwash\n|\n|upkeep\n|\n|t:|1666610307\n|switch|p2a: Heatran|Heatran, M|100\/100\n|-item|p2a: Heatran|Air Balloon\n|turn|5\n|\n|t:|1666610313\n|switch|p1a: Volcanion|Volcanion|100\/100\n|move|p2a: Heatran|Magma Storm|p1a: Volcanion|[miss]\n|-miss|p2a: Heatran|p1a: Volcanion\n|\n|upkeep\n|turn|6\n|\n|t:|1666610319\n|move|p2a: Heatran|Stealth Rock|p1a: Volcanion\n|-sidestart|p1: alvar03|move: Stealth Rock\n|move|p1a: Volcanion|Substitute|p1a: Volcanion\n|-start|p1a: Volcanion|Substitute\n|-damage|p1a: Volcanion|76\/100\n|\n|-heal|p1a: Volcanion|82\/100|[from] item: Leftovers\n|upkeep\n|turn|7\n|\n|t:|1666610322\n|move|p2a: Heatran|Earth Power|p1a: Volcanion\n|-supereffective|p1a: Volcanion\n|-end|p1a: Volcanion|Substitute\n|move|p1a: Volcanion|Steam Eruption|p2a: Heatran|[miss]\n|-miss|p1a: Volcanion|p2a: Heatran\n|\n|-heal|p1a: Volcanion|88\/100|[from] item: Leftovers\n|upkeep\n|turn|8\n|\n|t:|1666610324\n|move|p2a: Heatran|Earth Power|p1a: Volcanion\n|-supereffective|p1a: Volcanion\n|-crit|p1a: Volcanion\n|-damage|p1a: Volcanion|0 fnt\n|faint|p1a: Volcanion\n|\n|upkeep\n|c|\u2606alvar03|lol\n|\n|t:|1666610348\n|switch|p1a: Tapu Koko|Tapu Koko|100\/100\n|-fieldstart|move: Electric Terrain|[from] ability: Electric Surge|[of] p1a: Tapu Koko\n|turn|9\n|\n|t:|1666610349\n|move|p1a: Tapu Koko|U-turn|p2a: Heatran\n|-resisted|p2a: Heatran\n|-damage|p2a: Heatran|97\/100\n|-enditem|p2a: Heatran|Air Balloon\n|\n|t:|1666610352\n|switch|p1a: Landorus|Landorus-Therian, M|100\/100|[from]move: U-turn\n|-damage|p1a: Landorus|88\/100|[from] Stealth Rock\n|-ability|p1a: Landorus|Intimidate|boost\n|-unboost|p2a: Heatran|atk|1\n|move|p2a: Heatran|Magma Storm|p1a: Landorus\n|-damage|p1a: Landorus|27\/100\n|-activate|p1a: Landorus|move: Magma Storm|[of] p2a: Heatran\n|\n|-heal|p1a: Landorus|33\/100|[from] item: Leftovers\n|-damage|p1a: Landorus|21\/100|[from] move: Magma Storm|[partiallytrapped]\n|upkeep\n|turn|10\n|\n|t:|1666610354\n|switch|p2a: landorustherian|Landorus-Therian, M|100\/100\n|-ability|p2a: landorustherian|Intimidate|boost\n|-unboost|p1a: Landorus|atk|1\n|move|p1a: Landorus|Earthquake|p2a: landorustherian\n|-immune|p2a: landorustherian\n|\n|-heal|p1a: Landorus|27\/100|[from] item: Leftovers\n|-end|p1a: Landorus|Magma Storm|[partiallytrapped]|[silent]\n|upkeep\n|turn|11\n|\n|t:|1666610357\n|move|p1a: Landorus|Defog|p2a: landorustherian\n|-unboost|p2a: landorustherian|evasion|1\n|-sideend|p1: alvar03|Stealth Rock|[from] move: Defog|[of] p1a: Landorus\n|-fieldend|move: Electric Terrain\n|move|p2a: landorustherian|Toxic|p1a: Landorus\n|-status|p1a: Landorus|tox\n|\n|-heal|p1a: Landorus|33\/100 tox|[from] item: Leftovers\n|-damage|p1a: Landorus|27\/100 tox|[from] psn\n|upkeep\n|turn|12\n|\n|t:|1666610361\n|move|p1a: Landorus|Stealth Rock|p2a: landorustherian\n|-sidestart|p2: minimax_ai|move: Stealth Rock\n|move|p2a: landorustherian|Earthquake|p1a: Landorus\n|-immune|p1a: Landorus\n|\n|-heal|p1a: Landorus|33\/100 tox|[from] item: Leftovers\n|-damage|p1a: Landorus|21\/100 tox|[from] psn\n|upkeep\n|turn|13\n|\n|t:|1666610365\n|move|p1a: Landorus|U-turn|p2a: landorustherian\n|-resisted|p2a: landorustherian\n|-damage|p2a: landorustherian|93\/100\n|\n|t:|1666610369\n|switch|p1a: Melmetal|Melmetal|100\/100|[from]move: U-turn\n|move|p2a: landorustherian|Earthquake|p1a: Melmetal\n|-supereffective|p1a: Melmetal\n|-damage|p1a: Melmetal|46\/100\n|\n|-heal|p2a: landorustherian|99\/100|[from] item: Leftovers\n|upkeep\n|turn|14\n|\n|t:|1666610372\n|switch|p1a: Landorus|Landorus-Therian, M|21\/100 tox\n|-ability|p1a: Landorus|Intimidate|boost\n|-unboost|p2a: landorustherian|atk|1\n|move|p2a: landorustherian|Earthquake|p1a: Landorus\n|-immune|p1a: Landorus\n|\n|-heal|p1a: Landorus|27\/100 tox|[from] item: Leftovers\n|-heal|p2a: landorustherian|100\/100|[from] item: Leftovers\n|-damage|p1a: Landorus|21\/100 tox|[from] psn\n|upkeep\n|turn|15\n|\n|t:|1666610377\n|move|p1a: Landorus|Earthquake|p2a: landorustherian\n|-immune|p2a: landorustherian\n|move|p2a: landorustherian|Earthquake|p1a: Landorus\n|-immune|p1a: Landorus\n|\n|-heal|p1a: Landorus|27\/100 tox|[from] item: Leftovers\n|-damage|p1a: Landorus|15\/100 tox|[from] psn\n|upkeep\n|turn|16\n|\n|t:|1666610378\n|move|p1a: Landorus|Earthquake|p2a: landorustherian\n|-immune|p2a: landorustherian\n|move|p2a: landorustherian|Earthquake|p1a: Landorus\n|-immune|p1a: Landorus\n|\n|-heal|p1a: Landorus|21\/100 tox|[from] item: Leftovers\n|-damage|p1a: Landorus|3\/100 tox|[from] psn\n|upkeep\n|turn|17\n|\n|t:|1666610381\n|move|p1a: Landorus|Earthquake|p2a: landorustherian\n|-immune|p2a: landorustherian\n|move|p2a: landorustherian|Earthquake|p1a: Landorus\n|-immune|p1a: Landorus\n|\n|-heal|p1a: Landorus|9\/100 tox|[from] item: Leftovers\n|-damage|p1a: Landorus|0 fnt|[from] psn\n|faint|p1a: Landorus\n|upkeep\n|\n|t:|1666610384\n|switch|p1a: Weavile|Weavile, F|100\/100\n|-ability|p1a: Weavile|Pressure\n|turn|18\n|\n|t:|1666610388\n|move|p1a: Weavile|Swords Dance|p1a: Weavile\n|-boost|p1a: Weavile|atk|2\n|move|p2a: landorustherian|Defog|p1a: Weavile\n|-unboost|p1a: Weavile|evasion|1\n|-sideend|p2: minimax_ai|Stealth Rock|[from] move: Defog|[of] p2a: landorustherian\n|\n|upkeep\n|turn|19\n|\n|t:|1666610393\n|switch|p2a: Melmetal|Melmetal|100\/100\n|move|p1a: Weavile|Ice Shard|p2a: Melmetal\n|-resisted|p2a: Melmetal\n|-damage|p2a: Melmetal|89\/100\n|\n|upkeep\n|turn|20\n|\n|t:|1666610399\n|switch|p1a: Melmetal|Melmetal|46\/100\n|move|p2a: Melmetal|Double Iron Bash|p1a: Melmetal\n|-resisted|p1a: Melmetal\n|-damage|p1a: Melmetal|33\/100\n|-resisted|p1a: Melmetal\n|-damage|p1a: Melmetal|22\/100\n|-hitcount|p1a: Melmetal|2\n|\n|upkeep\n|turn|21\n|\n|t:|1666610403\n|move|p1a: Melmetal|Double Iron Bash|p2a: Melmetal\n|-resisted|p2a: Melmetal\n|-damage|p2a: Melmetal|71\/100\n|-resisted|p2a: Melmetal\n|-damage|p2a: Melmetal|53\/100\n|-hitcount|p2a: Melmetal|2\n|move|p2a: Melmetal|Earthquake|p1a: Melmetal\n|-supereffective|p1a: Melmetal\n|-damage|p1a: Melmetal|0 fnt\n|faint|p1a: Melmetal\n|\n|upkeep\n|j| lil globglabgla\n|\n|t:|1666610410\n|switch|p1a: Tapu Koko|Tapu Koko|100\/100\n|-fieldstart|move: Electric Terrain|[from] ability: Electric Surge|[of] p1a: Tapu Koko\n|turn|22\n|\n|t:|1666610411\n|move|p1a: Tapu Koko|Thunderbolt|p2a: Melmetal\n|-damage|p2a: Melmetal|27\/100\n|move|p2a: Melmetal|Double Iron Bash|p1a: Tapu Koko\n|-damage|p1a: Tapu Koko|45\/100\n|-damage|p1a: Tapu Koko|0 fnt\n|faint|p1a: Tapu Koko\n|-hitcount|p1: Tapu Koko|2\n|\n|upkeep\n|\n|t:|1666610414\n|switch|p1a: Weavile|Weavile, F|100\/100\n|-ability|p1a: Weavile|Pressure\n|turn|23\n|\n|t:|1666610415\n|switch|p2a: Heatran|Heatran, M|97\/100\n|move|p1a: Weavile|Knock Off|p2a: Heatran\n|-damage|p2a: Heatran|65\/100\n|\n|upkeep\n|turn|24\n|\n|t:|1666610419\n|move|p1a: Weavile|Swords Dance|p1a: Weavile\n|-boost|p1a: Weavile|atk|2\n|move|p2a: Heatran|Magma Storm|p1a: Weavile\n|-supereffective|p1a: Weavile\n|-damage|p1a: Weavile|0 fnt\n|faint|p1a: Weavile\n|\n|upkeep\n|c|\u2606alvar03|bah\n|c|\u2606alvar03|stupid game\n|-message|alvar03 forfeited.\n|\n|win|minimax_ai\n|raw|alvar03's rating: 1652 &rarr; <strong>1630<\/strong><br \/>(-22 for losing)\n|raw|minimax_ai's rating: 1623 &rarr; <strong>1645<\/strong><br \/>(+22 for winning)\n|c|\u2606minimax_ai|gg\n|l|\u2606alvar03\n","uploadtime":1666610428,"views":12,"p1id":"alvar03","p2id":"minimaxai","formatid":"gen8ou","rating":1630,"private":0,"password":null}