{"id":"gen8ou-1693095224","p1":"ultimategoogolplex","p2":"Mutako Z","format":"gen8ou","log":"|html|<div class=\"broadcast-blue\"><strong>[Gen 8] OU is currently suspecting Melmetal! For information on how to participate check out the <a href=\"https:\/\/www.smogon.com\/forums\/threads\/np-ss-ou-suspect-process-round-12-monster-mash.3709234\/\">suspect thread<\/a>.<\/strong><\/div>\n|j|\u2606ultimategoogolplex\n|j|\u2606Mutako Z\n|t:|1666562855\n|gametype|singles\n|player|p1|ultimategoogolplex|101|1693\n|player|p2|Mutako Z|unknown|1612\n|teamsize|p1|6\n|teamsize|p2|6\n|gen|8\n|tier|[Gen 8] OU\n|rated|\n|rule|Sleep Clause Mod: Limit one foe put to sleep\n|rule|Species Clause: Limit one of each Pok\u00e9mon\n|rule|OHKO Clause: OHKO moves are banned\n|rule|Evasion Items Clause: Evasion items are banned\n|rule|Evasion Moves Clause: Evasion moves are banned\n|rule|Endless Battle Clause: Forcing endless battles is banned\n|rule|HP Percentage Mod: HP is shown in percentages\n|rule|Dynamax Clause: You cannot dynamax\n|clearpoke\n|poke|p1|Weavile, M|\n|poke|p1|Volcanion|\n|poke|p1|Zapdos|\n|poke|p1|Landorus-Therian, M|\n|poke|p1|Kartana|\n|poke|p1|Melmetal|\n|poke|p2|Tapu Fini|\n|poke|p2|Tyranitar, F|\n|poke|p2|Excadrill, M|\n|poke|p2|Dracozolt|\n|poke|p2|Zapdos|\n|poke|p2|Slowbro, F|\n|teampreview\n|inactive|Battle timer is ON: inactive players will automatically lose when time's up. (requested by ultimategoogolplex)\n|\n|t:|1666562877\n|start\n|switch|p1a: Volcanion|Volcanion|100\/100\n|switch|p2a: Tapu Fini|Tapu Fini|100\/100\n|-fieldstart|move: Misty Terrain|[from] ability: Misty Surge|[of] p2a: Tapu Fini\n|turn|1\n|\n|t:|1666562887\n|move|p2a: Tapu Fini|Trick|p1a: Volcanion\n|-activate|p2a: Tapu Fini|move: Trick|[of] p1a: Volcanion\n|-item|p1a: Volcanion|Choice Scarf|[from] move: Trick\n|-item|p2a: Tapu Fini|Choice Specs|[from] move: Trick\n|move|p1a: Volcanion|Sludge Wave|p2a: Tapu Fini\n|-supereffective|p2a: Tapu Fini\n|-damage|p2a: Tapu Fini|49\/100\n|\n|upkeep\n|turn|2\n|\n|t:|1666562902\n|switch|p1a: Landorus|Landorus-Therian, M|100\/100\n|-ability|p1a: Landorus|Intimidate|boost\n|-unboost|p2a: Tapu Fini|atk|1\n|switch|p2a: Mao|Tyranitar, F|100\/100\n|-weather|Sandstorm|[from] ability: Sand Stream|[of] p2a: Mao\n|\n|-weather|Sandstorm|[upkeep]\n|upkeep\n|turn|3\n|\n|t:|1666562914\n|switch|p1a: Melmetal|Melmetal|100\/100\n|move|p2a: Mao|Ice Punch|p1a: Melmetal\n|-resisted|p1a: Melmetal\n|-damage|p1a: Melmetal|94\/100\n|\n|-weather|Sandstorm|[upkeep]\n|upkeep\n|turn|4\n|\n|t:|1666562924\n|switch|p2a: Foncecar|Slowbro, F|100\/100\n|switch|p1a: Kartana|Kartana|100\/100\n|\n|-weather|Sandstorm|[upkeep]\n|-damage|p2a: Foncecar|94\/100|[from] Sandstorm\n|upkeep\n|turn|5\n|\n|t:|1666562932\n|switch|p2a: Achilles|Zapdos|100\/100\n|move|p1a: Kartana|Knock Off|p2a: Achilles\n|-damage|p2a: Achilles|68\/100\n|-enditem|p2a: Achilles|Heavy-Duty Boots|[from] move: Knock Off|[of] p1a: Kartana\n|\n|-weather|Sandstorm|[upkeep]\n|-damage|p2a: Achilles|61\/100|[from] Sandstorm\n|-fieldend|Misty Terrain\n|upkeep\n|turn|6\n|\n|t:|1666562941\n|switch|p1a: Zapdos|Zapdos|100\/100\n|move|p2a: Achilles|Hurricane|p1a: Zapdos|[miss]\n|-miss|p2a: Achilles|p1a: Zapdos\n|\n|-weather|Sandstorm|[upkeep]\n|-damage|p1a: Zapdos|94\/100|[from] Sandstorm\n|-damage|p2a: Achilles|55\/100|[from] Sandstorm\n|upkeep\n|turn|7\n|\n|t:|1666562949\n|move|p1a: Zapdos|Volt Switch|p2a: Achilles\n|-damage|p2a: Achilles|29\/100\n|\n|t:|1666562953\n|switch|p1a: Landorus|Landorus-Therian, M|100\/100|[from]move: Volt Switch\n|-ability|p1a: Landorus|Intimidate|boost\n|-unboost|p2a: Achilles|atk|1\n|move|p2a: Achilles|Roost|p2a: Achilles\n|-heal|p2a: Achilles|79\/100\n|-singleturn|p2a: Achilles|move: Roost\n|\n|-weather|Sandstorm|[upkeep]\n|-damage|p2a: Achilles|73\/100|[from] Sandstorm\n|upkeep\n|turn|8\n|\n|t:|1666562962\n|move|p1a: Landorus|Toxic|p2a: Achilles\n|-status|p2a: Achilles|tox\n|move|p2a: Achilles|Hurricane|p1a: Landorus\n|-damage|p1a: Landorus|50\/100\n|\n|-weather|Sandstorm|[upkeep]\n|-damage|p2a: Achilles|67\/100 tox|[from] Sandstorm\n|-heal|p1a: Landorus|56\/100|[from] item: Leftovers\n|-damage|p2a: Achilles|60\/100 tox|[from] psn\n|upkeep\n|turn|9\n|\n|t:|1666562973\n|switch|p1a: Zapdos|Zapdos|94\/100\n|switch|p2a: Foncecar|Slowbro, F|100\/100\n|\n|-weather|none\n|upkeep\n|turn|10\n|\n|t:|1666562980\n|switch|p2a: Mao|Tyranitar, F|100\/100\n|-weather|Sandstorm|[from] ability: Sand Stream|[of] p2a: Mao\n|move|p1a: Zapdos|Volt Switch|p2a: Mao\n|-damage|p2a: Mao|82\/100\n|\n|t:|1666562986\n|switch|p1a: Kartana|Kartana|100\/100|[from]move: Volt Switch\n|\n|-weather|Sandstorm|[upkeep]\n|upkeep\n|turn|11\n|\n|t:|1666562995\n|switch|p2a: Achilles|Zapdos|60\/100 tox\n|move|p1a: Kartana|Leaf Blade|p2a: Achilles\n|-resisted|p2a: Achilles\n|-damage|p2a: Achilles|37\/100 tox\n|\n|-weather|Sandstorm|[upkeep]\n|-damage|p2a: Achilles|31\/100 tox|[from] Sandstorm\n|-damage|p2a: Achilles|24\/100 tox|[from] psn\n|upkeep\n|turn|12\n|\n|t:|1666563017\n|switch|p1a: Weavile|Weavile, M|100\/100\n|-ability|p1a: Weavile|Pressure\n|move|p2a: Achilles|Roost|p2a: Achilles\n|-heal|p2a: Achilles|74\/100 tox\n|-singleturn|p2a: Achilles|move: Roost\n|\n|-weather|Sandstorm|[upkeep]\n|-damage|p1a: Weavile|94\/100|[from] Sandstorm\n|-damage|p2a: Achilles|68\/100 tox|[from] Sandstorm\n|-damage|p2a: Achilles|56\/100 tox|[from] psn\n|upkeep\n|turn|13\n|\n|t:|1666563029\n|switch|p2a: Mao|Tyranitar, F|82\/100\n|move|p1a: Weavile|Beat Up|p2a: Mao\n|-resisted|p2a: Mao\n|-damage|p2a: Mao|79\/100\n|-resisted|p2a: Mao\n|-damage|p2a: Mao|74\/100\n|-resisted|p2a: Mao\n|-damage|p2a: Mao|70\/100\n|-resisted|p2a: Mao\n|-damage|p2a: Mao|66\/100\n|-resisted|p2a: Mao\n|-damage|p2a: Mao|62\/100\n|-resisted|p2a: Mao\n|-damage|p2a: Mao|57\/100\n|-hitcount|p2a: Mao|6\n|\n|-weather|Sandstorm|[upkeep]\n|-damage|p1a: Weavile|88\/100|[from] Sandstorm\n|upkeep\n|turn|14\n|\n|t:|1666563044\n|switch|p1a: Melmetal|Melmetal|94\/100\n|move|p2a: Mao|Stealth Rock|p1a: Melmetal\n|-sidestart|p1: ultimategoogolplex|move: Stealth Rock\n|\n|-weather|Sandstorm|[upkeep]\n|upkeep\n|turn|15\n|\n|t:|1666563053\n|switch|p2a: Foncecar|Slowbro, F|100\/100\n|move|p1a: Melmetal|Earthquake|p2a: Foncecar\n|-crit|p2a: Foncecar\n|-damage|p2a: Foncecar|63\/100\n|\n|-weather|Sandstorm|[upkeep]\n|-damage|p2a: Foncecar|57\/100|[from] Sandstorm\n|upkeep\n|turn|16\n|\n|t:|1666563066\n|switch|p1a: Zapdos|Zapdos|94\/100\n|move|p2a: Foncecar|Scald|p1a: Zapdos\n|-damage|p1a: Zapdos|64\/100\n|-status|p1a: Zapdos|brn\n|\n|-weather|Sandstorm|[upkeep]\n|-damage|p1a: Zapdos|58\/100 brn|[from] Sandstorm\n|-damage|p2a: Foncecar|50\/100|[from] Sandstorm\n|-damage|p1a: Zapdos|52\/100 brn|[from] brn\n|upkeep\n|turn|17\n|\n|t:|1666563076\n|switch|p2a: drill|Excadrill, M|100\/100\n|move|p1a: Zapdos|Defog|p2a: drill\n|-unboost|p2a: drill|evasion|1\n|-sideend|p1: ultimategoogolplex|Stealth Rock|[from] move: Defog|[of] p1a: Zapdos\n|\n|-weather|none\n|-damage|p1a: Zapdos|46\/100 brn|[from] brn\n|upkeep\n|turn|18\n|\n|t:|1666563089\n|switch|p1a: Landorus|Landorus-Therian, M|56\/100\n|-ability|p1a: Landorus|Intimidate|boost\n|-unboost|p2a: drill|atk|1\n|move|p2a: drill|Rock Slide|p1a: Landorus\n|-damage|p1a: Landorus|39\/100\n|-damage|p2a: drill|91\/100|[from] item: Life Orb\n|\n|-heal|p1a: Landorus|45\/100|[from] item: Leftovers\n|upkeep\n|turn|19\n|\n|t:|1666563102\n|switch|p2a: Tapu Fini|Tapu Fini|49\/100\n|-fieldstart|move: Misty Terrain|[from] ability: Misty Surge|[of] p2a: Tapu Fini\n|move|p1a: Landorus|U-turn|p2a: Tapu Fini\n|-resisted|p2a: Tapu Fini\n|-damage|p2a: Tapu Fini|39\/100\n|\n|t:|1666563109\n|switch|p1a: Kartana|Kartana|100\/100|[from]move: U-turn\n|\n|upkeep\n|turn|20\n|j| Inv solak plz\n|\n|t:|1666563119\n|switch|p2a: Achilles|Zapdos|56\/100 tox\n|move|p1a: Kartana|Leaf Blade|p2a: Achilles\n|-resisted|p2a: Achilles\n|-damage|p2a: Achilles|35\/100 tox\n|\n|-damage|p2a: Achilles|29\/100 tox|[from] psn\n|upkeep\n|turn|21\n|j| BabyPigsAreLaughin\n|\n|t:|1666563130\n|switch|p1a: Zapdos|Zapdos|46\/100 brn\n|move|p2a: Achilles|Roost|p2a: Achilles\n|-heal|p2a: Achilles|79\/100 tox\n|-singleturn|p2a: Achilles|move: Roost\n|\n|-damage|p2a: Achilles|66\/100 tox|[from] psn\n|-damage|p1a: Zapdos|40\/100 brn|[from] brn\n|upkeep\n|turn|22\n|j| Ctannn\n|j| JackTen\n|\n|t:|1666563139\n|move|p1a: Zapdos|Roost|p1a: Zapdos\n|-heal|p1a: Zapdos|91\/100 brn\n|-singleturn|p1a: Zapdos|move: Roost\n|move|p2a: Achilles|Volt Switch|p1a: Zapdos\n|-resisted|p1a: Zapdos\n|-damage|p1a: Zapdos|76\/100 brn\n|l| JackTen\n|\n|t:|1666563145\n|switch|p2a: Mao|Tyranitar, F|57\/100|[from]move: Volt Switch\n|-weather|Sandstorm|[from] ability: Sand Stream|[of] p2a: Mao\n|\n|-weather|Sandstorm|[upkeep]\n|-damage|p1a: Zapdos|70\/100 brn|[from] Sandstorm\n|-damage|p1a: Zapdos|64\/100 brn|[from] brn\n|upkeep\n|turn|23\n|\n|t:|1666563153\n|move|p1a: Zapdos|Volt Switch|p2a: Mao\n|-damage|p2a: Mao|42\/100\n|\n|t:|1666563157\n|switch|p1a: Melmetal|Melmetal|94\/100|[from]move: Volt Switch\n|move|p2a: Mao|Stealth Rock|p1a: Melmetal\n|-sidestart|p1: ultimategoogolplex|move: Stealth Rock\n|\n|-weather|Sandstorm|[upkeep]\n|-fieldend|Misty Terrain\n|upkeep\n|turn|24\n|\n|t:|1666563166\n|switch|p2a: Foncecar|Slowbro, F|84\/100\n|move|p1a: Melmetal|Earthquake|p2a: Foncecar\n|-damage|p2a: Foncecar|59\/100\n|\n|-weather|Sandstorm|[upkeep]\n|-damage|p2a: Foncecar|53\/100|[from] Sandstorm\n|upkeep\n|turn|25\n|\n|t:|1666563177\n|move|p1a: Melmetal|Thunder Punch|p2a: Foncecar\n|-supereffective|p2a: Foncecar\n|-damage|p2a: Foncecar|11\/100\n|-damage|p1a: Melmetal|77\/100|[from] item: Rocky Helmet|[of] p2a: Foncecar\n|move|p2a: Foncecar|Future Sight|p1a: Melmetal\n|-start|p2a: Foncecar|move: Future Sight\n|\n|-weather|Sandstorm|[upkeep]\n|-damage|p2a: Foncecar|5\/100|[from] Sandstorm\n|upkeep\n|turn|26\n|\n|t:|1666563189\n|switch|p2a: Achilles|Zapdos|66\/100 tox\n|move|p1a: Melmetal|Earthquake|p2a: Achilles\n|-immune|p2a: Achilles\n|\n|-weather|Sandstorm|[upkeep]\n|-damage|p2a: Achilles|60\/100 tox|[from] Sandstorm\n|-damage|p2a: Achilles|54\/100 tox|[from] psn\n|upkeep\n|turn|27\n|\n|t:|1666563200\n|move|p2a: Achilles|Volt Switch|p1a: Melmetal\n|-damage|p1a: Melmetal|62\/100\n|\n|t:|1666563203\n|switch|p2a: Foncecar|Slowbro, F|38\/100|[from]move: Volt Switch\n|move|p1a: Melmetal|Earthquake|p2a: Foncecar\n|-damage|p2a: Foncecar|14\/100\n|\n|-weather|Sandstorm|[upkeep]\n|-damage|p2a: Foncecar|8\/100|[from] Sandstorm\n|-end|p1a: Melmetal|move: Future Sight\n|-resisted|p1a: Melmetal\n|-damage|p1a: Melmetal|49\/100\n|upkeep\n|turn|28\n|\n|t:|1666563213\n|switch|p2a: Achilles|Zapdos|54\/100 tox\n|move|p1a: Melmetal|Ice Punch|p2a: Achilles\n|-supereffective|p2a: Achilles\n|-damage|p2a: Achilles|9\/100 tox\n|-status|p1a: Melmetal|par|[from] ability: Static|[of] p2a: Achilles\n|\n|-weather|Sandstorm|[upkeep]\n|-damage|p2a: Achilles|3\/100 tox|[from] Sandstorm\n|-damage|p2a: Achilles|0 fnt|[from] psn\n|faint|p2a: Achilles\n|upkeep\n|\n|t:|1666563227\n|switch|p2a: Swagzaer|Dracozolt|100\/100\n|turn|29\n|\n|t:|1666563232\n|move|p2a: Swagzaer|Fire Blast|p1a: Melmetal\n|-supereffective|p1a: Melmetal\n|-damage|p1a: Melmetal|8\/100 par\n|-damage|p2a: Swagzaer|91\/100|[from] item: Life Orb\n|cant|p1a: Melmetal|par\n|\n|-weather|none\n|upkeep\n|turn|30\n|\n|t:|1666563240\n|move|p2a: Swagzaer|Bolt Beak|p1a: Melmetal\n|-damage|p1a: Melmetal|0 fnt\n|faint|p1a: Melmetal\n|-damage|p2a: Swagzaer|81\/100|[from] item: Life Orb\n|\n|upkeep\n|\n|t:|1666563244\n|switch|p1a: Landorus|Landorus-Therian, M|45\/100\n|-damage|p1a: Landorus|33\/100|[from] Stealth Rock\n|-ability|p1a: Landorus|Intimidate|boost\n|-unboost|p2a: Swagzaer|atk|1\n|turn|31\n|j| Shotintheheart\n|\n|t:|1666563260\n|switch|p2a: Tapu Fini|Tapu Fini|39\/100\n|-fieldstart|move: Misty Terrain|[from] ability: Misty Surge|[of] p2a: Tapu Fini\n|switch|p1a: Kartana|Kartana|100\/100\n|-damage|p1a: Kartana|94\/100|[from] Stealth Rock\n|\n|upkeep\n|turn|32\n|\n|t:|1666563277\n|move|p1a: Kartana|Smart Strike|p2a: Tapu Fini\n|-damage|p2a: Tapu Fini|0 fnt\n|faint|p2a: Tapu Fini\n|-ability|p1a: Kartana|Beast Boost|boost\n|-boost|p1a: Kartana|atk|1\n|\n|upkeep\n|\n|t:|1666563288\n|switch|p2a: Mao|Tyranitar, F|42\/100\n|-weather|Sandstorm|[from] ability: Sand Stream|[of] p2a: Mao\n|turn|33\n|inactive|Mutako Z has 120 seconds left.\n|inactive|ultimategoogolplex has 120 seconds left.\n|\n|t:|1666563331\n|switch|p2a: Foncecar|Slowbro, F|41\/100\n|move|p1a: Kartana|Smart Strike|p2a: Foncecar\n|-resisted|p2a: Foncecar\n|-damage|p2a: Foncecar|17\/100\n|-damage|p1a: Kartana|78\/100|[from] item: Rocky Helmet|[of] p2a: Foncecar\n|\n|-weather|Sandstorm|[upkeep]\n|-damage|p2a: Foncecar|11\/100|[from] Sandstorm\n|upkeep\n|turn|34\n|\n|t:|1666563341\n|move|p1a: Kartana|Smart Strike|p2a: Foncecar\n|-resisted|p2a: Foncecar\n|-damage|p2a: Foncecar|0 fnt\n|-damage|p1a: Kartana|61\/100|[from] item: Rocky Helmet|[of] p2a: Foncecar\n|faint|p2a: Foncecar\n|-ability|p1a: Kartana|Beast Boost|boost\n|-boost|p1a: Kartana|atk|1\n|\n|-weather|Sandstorm|[upkeep]\n|upkeep\n|\n|t:|1666563353\n|switch|p2a: Swagzaer|Dracozolt|81\/100\n|turn|35\n|inactive|ultimategoogolplex has 120 seconds left.\n|\n|t:|1666563380\n|move|p2a: Swagzaer|Fire Blast|p1a: Kartana\n|-supereffective|p1a: Kartana\n|-damage|p1a: Kartana|0 fnt\n|faint|p1a: Kartana\n|-damage|p2a: Swagzaer|71\/100|[from] item: Life Orb\n|\n|-weather|Sandstorm|[upkeep]\n|-fieldend|Misty Terrain\n|upkeep\n|\n|t:|1666563392\n|switch|p1a: Weavile|Weavile, M|88\/100\n|-damage|p1a: Weavile|63\/100|[from] Stealth Rock\n|-ability|p1a: Weavile|Pressure\n|turn|36\n|\n|t:|1666563401\n|move|p1a: Weavile|Ice Shard|p2a: Swagzaer\n|-supereffective|p2a: Swagzaer\n|-damage|p2a: Swagzaer|0 fnt\n|faint|p2a: Swagzaer\n|\n|-weather|Sandstorm|[upkeep]\n|-damage|p1a: Weavile|57\/100|[from] Sandstorm\n|upkeep\n|\n|t:|1666563406\n|switch|p2a: drill|Excadrill, M|91\/100\n|turn|37\n|inactive|ultimategoogolplex has 120 seconds left.\n|\n|t:|1666563419\n|move|p1a: Weavile|Ice Shard|p2a: drill\n|-damage|p2a: drill|42\/100\n|move|p2a: drill|Rock Slide|p1a: Weavile\n|-supereffective|p1a: Weavile\n|-damage|p1a: Weavile|0 fnt\n|faint|p1a: Weavile\n|-damage|p2a: drill|32\/100|[from] item: Life Orb\n|\n|-weather|Sandstorm|[upkeep]\n|upkeep\n|inactive|ultimategoogolplex has 120 seconds left.\n|\n|t:|1666563444\n|switch|p1a: Landorus|Landorus-Therian, M|33\/100\n|-damage|p1a: Landorus|20\/100|[from] Stealth Rock\n|-ability|p1a: Landorus|Intimidate|boost\n|-unboost|p2a: drill|atk|1\n|turn|38\n|\n|t:|1666563450\n|move|p2a: drill|Rock Slide|p1a: Landorus\n|-damage|p1a: Landorus|3\/100\n|-damage|p2a: drill|22\/100|[from] item: Life Orb\n|move|p1a: Landorus|Earthquake|p2a: drill\n|-supereffective|p2a: drill\n|-damage|p2a: drill|0 fnt\n|faint|p2a: drill\n|\n|-weather|Sandstorm|[upkeep]\n|-heal|p1a: Landorus|9\/100|[from] item: Leftovers\n|upkeep\n|\n|t:|1666563459\n|switch|p2a: Mao|Tyranitar, F|42\/100\n|turn|39\n|\n|t:|1666563462\n|move|p1a: Landorus|Earthquake|p2a: Mao\n|-supereffective|p2a: Mao\n|-damage|p2a: Mao|0 fnt\n|faint|p2a: Mao\n|\n|win|ultimategoogolplex\n|raw|ultimategoogolplex's rating: 1693 &rarr; <strong>1708<\/strong><br \/>(+15 for winning)\n|raw|Mutako Z's rating: 1612 &rarr; <strong>1597<\/strong><br \/>(-15 for losing)\n|c|\u2606ultimategoogolplex|gg\n","uploadtime":1666563468,"views":7,"p1id":"ultimategoogolplex","p2id":"mutakoz","formatid":"gen8ou","rating":1597,"private":0,"password":null}