{"id":"gen8ubers-1113182362","p1":"willcoxw","p2":"NagariNewMeta","format":"gen8ubers","log":"|j|\u2606willcoxw\n|j|\u2606NagariNewMeta\n|player|p1|willcoxw|karen|1703\n|player|p2|NagariNewMeta|102|1431\n|teamsize|p1|6\n|teamsize|p2|6\n|gametype|singles\n|gen|8\n|tier|[Gen 8] Ubers\n|rated|\n|clearpoke\n|poke|p1|Toxapex, M|\n|poke|p1|Eternatus|\n|poke|p1|Dracovish|\n|poke|p1|Ferrothorn, M|\n|poke|p1|Zacian-Crowned|\n|poke|p1|Necrozma-Dusk-Mane|\n|poke|p2|Zacian-Crowned|\n|poke|p2|Marshadow|\n|poke|p2|Melmetal|\n|poke|p2|Lunala|\n|poke|p2|Reshiram|\n|poke|p2|Rotom-Mow|\n|rule|Sleep Clause Mod: Limit one foe put to sleep\n|rule|Species Clause: Limit one of each Pok\u00e9mon\n|rule|OHKO Clause: OHKO moves are banned\n|rule|Evasion Moves Clause: Evasion moves are banned\n|rule|Endless Battle Clause: Forcing endless battles is banned\n|rule|HP Percentage Mod: HP is shown in percentages\n|html|Ubers Dynamax Clause: Pok\u00e9mon on the <a href=\"https:\/\/www.smogon.com\/dex\/ss\/formats\/uber\/\">Ubers Dynamax Banlist<\/a> cannot Dynamax.\n|teampreview\n|\n|start\n|switch|p1a: Eternatus|Eternatus|100\/100\n|switch|p2a: Lunala|Lunala|100\/100\n|-ability|p1a: Eternatus|Pressure\n|turn|1\n|\n|move|p1a: Eternatus|Substitute|p1a: Eternatus\n|-start|p1a: Eternatus|Substitute\n|-damage|p1a: Eternatus|76\/100\n|move|p2a: Lunala|Psychic|p1a: Eternatus\n|-supereffective|p1a: Eternatus\n|-end|p1a: Eternatus|Substitute\n|\n|-heal|p1a: Eternatus|82\/100|[from] item: Black Sludge\n|upkeep\n|turn|2\n|\n|switch|p1a: Ferrothorn|Ferrothorn, M|100\/100\n|move|p2a: Lunala|Psychic|p1a: Ferrothorn\n|-resisted|p1a: Ferrothorn\n|-damage|p1a: Ferrothorn|79\/100\n|\n|-heal|p1a: Ferrothorn|85\/100|[from] item: Leftovers\n|upkeep\n|turn|3\n|\n|move|p2a: Lunala|Focus Blast|p1a: Ferrothorn\n|-supereffective|p1a: Ferrothorn\n|-damage|p1a: Ferrothorn|10\/100\n|move|p1a: Ferrothorn|Spikes|p2a: Lunala\n|-sidestart|p2: NagariNewMeta|Spikes\n|\n|-heal|p1a: Ferrothorn|16\/100|[from] item: Leftovers\n|upkeep\n|turn|4\n|\n|switch|p1a: Zacian|Zacian-Crowned|100\/100\n|-ability|p1a: Zacian|Intrepid Sword|boost\n|-boost|p1a: Zacian|atk|1\n|move|p2a: Lunala|Moongeist Beam|p1a: Zacian\n|-damage|p1a: Zacian|43\/100\n|\n|upkeep\n|turn|5\n|\n|switch|p2a: Melmetal|Melmetal|100\/100\n|-damage|p2a: Melmetal|88\/100|[from] Spikes\n|move|p1a: Zacian|Behemoth Blade|p2a: Melmetal\n|-resisted|p2a: Melmetal\n|-damage|p2a: Melmetal|62\/100\n|\n|upkeep\n|turn|6\n|\n|switch|p1a: Toxapex|Toxapex, M|100\/100\n|-start|p2a: Melmetal|Dynamax\n|-heal|p2a: Melmetal|62\/100|[silent]\n|move|p2a: Melmetal|Max Quake|p1a: Toxapex\n|-supereffective|p1a: Toxapex\n|-damage|p1a: Toxapex|38\/100\n|-boost|p2a: Melmetal|spd|1\n|\n|-heal|p1a: Toxapex|44\/100|[from] item: Black Sludge\n|upkeep\n|turn|7\n|\n|switch|p1a: Ferrothorn|Ferrothorn, M|16\/100\n|move|p2a: Melmetal|Max Quake|p1a: Ferrothorn\n|-damage|p1a: Ferrothorn|0 fnt\n|-boost|p2a: Melmetal|spd|1\n|faint|p1a: Ferrothorn\n|\n|upkeep\n|\n|switch|p1a: Dracovish|Dracovish|100\/100\n|turn|8\n|\n|-start|p1a: Dracovish|Dynamax\n|-heal|p1a: Dracovish|100\/100|[silent]\n|move|p1a: Dracovish|Max Geyser|p2a: Melmetal\n|-crit|p2a: Melmetal\n|-damage|p2a: Melmetal|34\/100\n|-weather|RainDance\n|-damage|p1a: Dracovish|96\/100|[from] item: Life Orb\n|move|p2a: Melmetal|Max Quake|p1a: Dracovish\n|-damage|p1a: Dracovish|69\/100\n|-boost|p2a: Melmetal|spd|1\n|\n|-weather|RainDance|[upkeep]\n|-end|p2a: Melmetal|Dynamax\n|-heal|p2a: Melmetal|34\/100|[silent]\n|upkeep\n|turn|9\n|\n|move|p1a: Dracovish|Max Geyser|p2a: Melmetal\n|-damage|p2a: Melmetal|0 fnt\n|-damage|p1a: Dracovish|64\/100|[from] item: Life Orb\n|faint|p2a: Melmetal\n|\n|-weather|RainDance|[upkeep]\n|upkeep\n|\n|switch|p2a: Reshiram|Reshiram|100\/100\n|-damage|p2a: Reshiram|88\/100|[from] Spikes\n|-ability|p2a: Reshiram|Turboblaze\n|turn|10\n|\n|move|p1a: Dracovish|Max Guard|p1a: Dracovish\n|-singleturn|p1a: Dracovish|Max Guard\n|move|p2a: Reshiram|Draco Meteor|p1a: Dracovish\n|-activate|p1a: Dracovish|move: Max Guard\n|\n|-weather|RainDance|[upkeep]\n|-end|p1a: Dracovish|Dynamax\n|-heal|p1a: Dracovish|64\/100|[silent]\n|upkeep\n|turn|11\n|\n|switch|p1a: Zacian|Zacian-Crowned|43\/100\n|-ability|p1a: Zacian|Intrepid Sword|boost\n|-boost|p1a: Zacian|atk|1\n|move|p2a: Reshiram|Draco Meteor|p1a: Zacian\n|-immune|p1a: Zacian\n|\n|-weather|RainDance|[upkeep]\n|upkeep\n|turn|12\n|\n|switch|p2a: Rotom|Rotom-Mow|100\/100\n|move|p1a: Zacian|Substitute|p1a: Zacian\n|-start|p1a: Zacian|Substitute\n|-damage|p1a: Zacian|18\/100\n|\n|-weather|none\n|upkeep\n|turn|13\n|\n|move|p1a: Zacian|Sacred Sword|p2a: Rotom\n|-damage|p2a: Rotom|38\/100\n|move|p2a: Rotom|Volt Switch|p1a: Zacian\n|-end|p1a: Zacian|Substitute\n|\n|switch|p2a: Marshadow|Marshadow|100\/100|[from]move: Volt Switch\n|-damage|p2a: Marshadow|88\/100|[from] Spikes\n|\n|upkeep\n|turn|14\n|\n|switch|p1a: Toxapex|Toxapex, M|77\/100\n|move|p2a: Marshadow|Shadow Sneak|p1a: Toxapex\n|-damage|p1a: Toxapex|53\/100\n|-damage|p2a: Marshadow|78\/100|[from] item: Life Orb\n|\n|-heal|p1a: Toxapex|59\/100|[from] item: Black Sludge\n|upkeep\n|turn|15\n|\n|switch|p2a: Lunala|Lunala|100\/100\n|move|p1a: Toxapex|Toxic Spikes|p2a: Lunala\n|-sidestart|p2: NagariNewMeta|move: Toxic Spikes\n|\n|-heal|p1a: Toxapex|65\/100|[from] item: Black Sludge\n|upkeep\n|turn|16\n|\n|switch|p1a: Dracovish|Dracovish|64\/100\n|move|p2a: Lunala|Moongeist Beam|p1a: Dracovish\n|-damage|p1a: Dracovish|0 fnt\n|faint|p1a: Dracovish\n|\n|upkeep\n|\n|switch|p1a: Zacian|Zacian-Crowned|18\/100\n|-ability|p1a: Zacian|Intrepid Sword|boost\n|-boost|p1a: Zacian|atk|1\n|turn|17\n|\n|move|p1a: Zacian|Behemoth Blade|p2a: Lunala\n|-damage|p2a: Lunala|60\/100\n|move|p2a: Lunala|Psychic|p1a: Zacian\n|-resisted|p1a: Zacian\n|-damage|p1a: Zacian|0 fnt\n|faint|p1a: Zacian\n|\n|upkeep\n|\n|switch|p1a: Eternatus|Eternatus|82\/100\n|-ability|p1a: Eternatus|Pressure\n|turn|18\n|\n|move|p1a: Eternatus|Shadow Ball|p2a: Lunala\n|-supereffective|p2a: Lunala\n|-damage|p2a: Lunala|0 fnt\n|faint|p2a: Lunala\n|\n|-heal|p1a: Eternatus|88\/100|[from] item: Black Sludge\n|upkeep\n|\n|switch|p2a: Zacian|Zacian-Crowned|100\/100\n|-damage|p2a: Zacian|88\/100|[from] Spikes\n|-ability|p2a: Zacian|Intrepid Sword|boost\n|-boost|p2a: Zacian|atk|1\n|turn|19\n|\n|switch|p1a: Toxapex|Toxapex, M|99\/100\n|move|p2a: Zacian|Swords Dance|p2a: Zacian\n|-boost|p2a: Zacian|atk|2\n|\n|-heal|p1a: Toxapex|100\/100|[from] item: Black Sludge\n|upkeep\n|turn|20\n|\n|move|p2a: Zacian|Psychic Fangs|p1a: Toxapex\n|-supereffective|p1a: Toxapex\n|-damage|p1a: Toxapex|0 fnt\n|faint|p1a: Toxapex\n|\n|upkeep\n|\n|switch|p1a: Necrozma|Necrozma-Dusk-Mane|100\/100\n|turn|21\n|\n|move|p2a: Zacian|Close Combat|p1a: Necrozma\n|-damage|p1a: Necrozma|34\/100\n|-unboost|p2a: Zacian|def|1\n|-unboost|p2a: Zacian|spd|1\n|move|p1a: Necrozma|Trick Room|p1a: Necrozma\n|-fieldstart|move: Trick Room|[of] p1a: Necrozma\n|\n|-heal|p1a: Necrozma|40\/100|[from] item: Leftovers\n|upkeep\n|turn|22\n|\n|switch|p2a: Rotom|Rotom-Mow|38\/100\n|move|p1a: Necrozma|Earthquake|p2a: Rotom\n|-immune|p2a: Rotom|[from] ability: Levitate\n|\n|-heal|p1a: Necrozma|47\/100|[from] item: Leftovers\n|-heal|p2a: Rotom|45\/100|[from] item: Leftovers\n|upkeep\n|turn|23\n|\n|move|p1a: Necrozma|Photon Geyser|p2a: Rotom\n|-damage|p2a: Rotom|0 fnt\n|faint|p2a: Rotom\n|\n|-heal|p1a: Necrozma|53\/100|[from] item: Leftovers\n|upkeep\n|\n|switch|p2a: Marshadow|Marshadow|78\/100\n|-damage|p2a: Marshadow|66\/100|[from] Spikes\n|-status|p2a: Marshadow|psn\n|turn|24\n|\n|move|p2a: Marshadow|Shadow Sneak|p1a: Necrozma\n|-supereffective|p1a: Necrozma\n|-damage|p1a: Necrozma|23\/100\n|-damage|p2a: Marshadow|56\/100 psn|[from] item: Life Orb\n|move|p1a: Necrozma|Photon Geyser|p2a: Marshadow\n|-supereffective|p2a: Marshadow\n|-damage|p2a: Marshadow|0 fnt\n|faint|p2a: Marshadow\n|\n|-heal|p1a: Necrozma|29\/100|[from] item: Leftovers\n|upkeep\n|\n|switch|p2a: Reshiram|Reshiram|88\/100\n|-damage|p2a: Reshiram|76\/100|[from] Spikes\n|-status|p2a: Reshiram|psn\n|-ability|p2a: Reshiram|Turboblaze\n|turn|25\n|\n|move|p1a: Necrozma|Earthquake|p2a: Reshiram\n|-supereffective|p2a: Reshiram\n|-damage|p2a: Reshiram|6\/100 psn\n|move|p2a: Reshiram|Blue Flare|p1a: Necrozma\n|-supereffective|p1a: Necrozma\n|-damage|p1a: Necrozma|0 fnt\n|faint|p1a: Necrozma\n|\n|-damage|p2a: Reshiram|0 fnt|[from] psn\n|faint|p2a: Reshiram\n|-fieldend|move: Trick Room\n|upkeep\n|\n|switch|p2a: Zacian|Zacian-Crowned|88\/100\n|switch|p1a: Eternatus|Eternatus|88\/100\n|-damage|p2a: Zacian|76\/100|[from] Spikes\n|-ability|p2a: Zacian|Intrepid Sword|boost\n|-boost|p2a: Zacian|atk|1\n|-ability|p1a: Eternatus|Pressure\n|turn|26\n|\n|move|p2a: Zacian|Psychic Fangs|p1a: Eternatus\n|-supereffective|p1a: Eternatus\n|-damage|p1a: Eternatus|0 fnt\n|faint|p1a: Eternatus\n|\n|win|NagariNewMeta\n|l|\u2606willcoxw\n|raw|willcoxw's rating: 1703 &rarr; <strong>1670<\/strong><br \/>(-33 for losing)\n|raw|NagariNewMeta's rating: 1446 &rarr; <strong>1479<\/strong><br \/>(+33 for winning)\n|c|\u2606NagariNewMeta|gg\n","uploadtime":1589271190,"views":18,"p1id":"willcoxw","p2id":"nagarinewmeta","formatid":"gen8ubers","rating":1479,"private":0,"password":null}