{"id":"gen8ou-1697701268","p1":"MrDrProfTest","p2":"Shinjou Akane","format":"gen8ou","log":"|j|\u2606MrDrProfTest\n|j|\u2606Shinjou Akane\n|t:|1667028328\n|gametype|singles\n|player|p1|MrDrProfTest|102|1486\n|player|p2|Shinjou Akane|nurse|1533\n|teamsize|p1|6\n|teamsize|p2|6\n|gen|8\n|tier|[Gen 8] OU\n|rated|\n|rule|Sleep Clause Mod: Limit one foe put to sleep\n|rule|Species Clause: Limit one of each Pok\u00e9mon\n|rule|OHKO Clause: OHKO moves are banned\n|rule|Evasion Items Clause: Evasion items are banned\n|rule|Evasion Moves Clause: Evasion moves are banned\n|rule|Endless Battle Clause: Forcing endless battles is banned\n|rule|HP Percentage Mod: HP is shown in percentages\n|rule|Dynamax Clause: You cannot dynamax\n|clearpoke\n|poke|p1|Arctozolt|\n|poke|p1|Victini|\n|poke|p1|Slowbro, F|\n|poke|p1|Porygon2|\n|poke|p1|Buzzwole|\n|poke|p1|Swampert, M|\n|poke|p2|Nihilego|\n|poke|p2|Melmetal|\n|poke|p2|Dragapult, F|\n|poke|p2|Mew|\n|poke|p2|Celesteela|\n|poke|p2|Garchomp, M|\n|teampreview\n|\n|t:|1667028337\n|start\n|switch|p1a: Slowbro|Slowbro, F|100\/100\n|switch|p2a: Mew|Mew|100\/100\n|turn|1\n|\n|t:|1667028350\n|move|p2a: Mew|Stealth Rock|p1a: Slowbro\n|-sidestart|p1: MrDrProfTest|move: Stealth Rock\n|move|p1a: Slowbro|Trick Room|p1a: Slowbro\n|-fieldstart|move: Trick Room|[of] p1a: Slowbro\n|\n|upkeep\n|turn|2\n|\n|t:|1667028358\n|move|p2a: Mew|Encore|p1a: Slowbro\n|-start|p1a: Slowbro|Encore\n|move|p1a: Slowbro|Trick Room|p1a: Slowbro\n|-fieldend|move: Trick Room\n|\n|upkeep\n|turn|3\n|\n|t:|1667028363\n|move|p2a: Mew|Spikes|p1a: Slowbro\n|-sidestart|p1: MrDrProfTest|Spikes\n|move|p1a: Slowbro|Trick Room|p1a: Slowbro\n|-fieldstart|move: Trick Room|[of] p1a: Slowbro\n|\n|upkeep\n|turn|4\n|\n|t:|1667028367\n|switch|p1a: Buzzwole|Buzzwole|100\/100\n|-damage|p1a: Buzzwole|88\/100|[from] Stealth Rock\n|-damage|p1a: Buzzwole|76\/100|[from] Spikes\n|move|p2a: Mew|Spikes|p1a: Buzzwole\n|-sidestart|p1: MrDrProfTest|Spikes\n|\n|-heal|p1a: Buzzwole|82\/100|[from] item: Leftovers\n|upkeep\n|turn|5\n|\n|t:|1667028378\n|move|p1a: Buzzwole|Close Combat|p2a: Mew\n|-resisted|p2a: Mew\n|-damage|p2a: Mew|69\/100\n|-unboost|p1a: Buzzwole|def|1\n|-unboost|p1a: Buzzwole|spd|1\n|move|p2a: Mew|Will-O-Wisp|p1a: Buzzwole\n|-status|p1a: Buzzwole|brn\n|\n|-heal|p1a: Buzzwole|88\/100 brn|[from] item: Leftovers\n|-damage|p1a: Buzzwole|82\/100 brn|[from] brn\n|upkeep\n|turn|6\n|\n|t:|1667028384\n|move|p1a: Buzzwole|Leech Life|p2a: Mew\n|-supereffective|p2a: Mew\n|-damage|p2a: Mew|27\/100\n|-heal|p1a: Buzzwole|100\/100 brn|[from] drain|[of] p2a: Mew\n|move|p2a: Mew|Spikes|p1a: Buzzwole\n|-sidestart|p1: MrDrProfTest|Spikes\n|\n|-damage|p1a: Buzzwole|94\/100 brn|[from] brn\n|upkeep\n|turn|7\n|\n|t:|1667028391\n|move|p1a: Buzzwole|Leech Life|p2a: Mew\n|-supereffective|p2a: Mew\n|-damage|p2a: Mew|0 fnt\n|-heal|p1a: Buzzwole|100\/100 brn|[from] drain|[of] p2a: Mew\n|faint|p2a: Mew\n|-ability|p1a: Buzzwole|Beast Boost|boost\n|-boost|p1a: Buzzwole|atk|1\n|\n|-damage|p1a: Buzzwole|94\/100 brn|[from] brn\n|-fieldend|move: Trick Room\n|upkeep\n|\n|t:|1667028394\n|switch|p2a: Celesteela|Celesteela|100\/100\n|turn|8\n|\n|t:|1667028406\n|move|p2a: Celesteela|Autotomize|p2a: Celesteela\n|-boost|p2a: Celesteela|spe|2\n|-start|p2a: Celesteela|Autotomize\n|move|p1a: Buzzwole|Close Combat|p2a: Celesteela\n|-damage|p2a: Celesteela|46\/100\n|-unboost|p1a: Buzzwole|def|1\n|-unboost|p1a: Buzzwole|spd|1\n|\n|-heal|p1a: Buzzwole|100\/100 brn|[from] item: Leftovers\n|-damage|p1a: Buzzwole|94\/100 brn|[from] brn\n|upkeep\n|turn|9\n|\n|t:|1667028413\n|move|p2a: Celesteela|Air Slash|p1a: Buzzwole\n|-supereffective|p1a: Buzzwole\n|-damage|p1a: Buzzwole|0 fnt\n|faint|p1a: Buzzwole\n|-ability|p2a: Celesteela|Beast Boost|boost\n|-boost|p2a: Celesteela|spa|1\n|\n|upkeep\n|\n|t:|1667028420\n|switch|p1a: Porygon2|Porygon2|100\/100\n|-damage|p1a: Porygon2|88\/100|[from] Stealth Rock\n|-damage|p1a: Porygon2|63\/100|[from] Spikes\n|-ability|p1a: Porygon2|Beast Boost|[from] ability: Trace|[of] p2a: Celesteela\n|turn|10\n|\n|t:|1667028424\n|move|p2a: Celesteela|Meteor Beam||[still]\n|-prepare|p2a: Celesteela|Meteor Beam\n|-boost|p2a: Celesteela|spa|1\n|-enditem|p2a: Celesteela|Power Herb\n|-anim|p2a: Celesteela|Meteor Beam|p1a: Porygon2\n|-damage|p1a: Porygon2|27\/100\n|move|p1a: Porygon2|Trick Room|p1a: Porygon2\n|-fieldstart|move: Trick Room|[of] p1a: Porygon2\n|\n|upkeep\n|turn|11\n|\n|t:|1667028433\n|move|p1a: Porygon2|Recover|p1a: Porygon2\n|-heal|p1a: Porygon2|77\/100\n|move|p2a: Celesteela|Air Slash|p1a: Porygon2\n|-damage|p1a: Porygon2|45\/100\n|\n|upkeep\n|turn|12\n|\n|t:|1667028441\n|switch|p1a: Arctozolt|Arctozolt|100\/100\n|move|p2a: Celesteela|Air Slash|p1a: Arctozolt\n|-resisted|p1a: Arctozolt\n|-damage|p1a: Arctozolt|51\/100\n|\n|upkeep\n|turn|13\n|\n|t:|1667028454\n|switch|p2a: Garchomp|Garchomp, M|100\/100\n|move|p1a: Arctozolt|Bolt Beak|p2a: Garchomp\n|-immune|p2a: Garchomp\n|\n|upkeep\n|turn|14\n|\n|t:|1667028459\n|switch|p2a: Melmetal|Melmetal|100\/100\n|move|p1a: Arctozolt|Ice Beam|p2a: Melmetal\n|-resisted|p2a: Melmetal\n|-damage|p2a: Melmetal|92\/100\n|\n|-fieldend|move: Trick Room\n|upkeep\n|turn|15\n|\n|t:|1667028473\n|switch|p2a: Nihilego|Nihilego, shiny|100\/100\n|switch|p1a: Slowbro|Slowbro, F|100\/100\n|\n|upkeep\n|turn|16\n|\n|t:|1667028485\n|move|p2a: Nihilego|Meteor Beam||[still]\n|-prepare|p2a: Nihilego|Meteor Beam\n|-boost|p2a: Nihilego|spa|1\n|-enditem|p2a: Nihilego|Power Herb\n|-anim|p2a: Nihilego|Meteor Beam|p1a: Slowbro\n|-damage|p1a: Slowbro|11\/100\n|move|p1a: Slowbro|Trick Room|p1a: Slowbro\n|-fieldstart|move: Trick Room|[of] p1a: Slowbro\n|\n|upkeep\n|turn|17\n|\n|t:|1667028492\n|switch|p1a: Swampert|Swampert, M|100\/100\n|-damage|p1a: Swampert|94\/100|[from] Stealth Rock\n|-damage|p1a: Swampert|69\/100|[from] Spikes\n|move|p2a: Nihilego|Power Gem|p1a: Swampert\n|-resisted|p1a: Swampert\n|-damage|p1a: Swampert|43\/100\n|\n|upkeep\n|turn|18\n|\n|t:|1667028502\n|switch|p2a: Celesteela|Celesteela|46\/100\n|move|p1a: Swampert|Flip Turn|p2a: Celesteela\n|-damage|p2a: Celesteela|3\/100\n|\n|t:|1667028533\n|switch|p1a: Porygon2|Porygon2|45\/100|[from]move: Flip Turn\n|-damage|p1a: Porygon2|33\/100|[from] Stealth Rock\n|-damage|p1a: Porygon2|8\/100|[from] Spikes\n|-ability|p1a: Porygon2|Beast Boost|[from] ability: Trace|[of] p2a: Celesteela\n|\n|upkeep\n|turn|19\n|\n|t:|1667028550\n|move|p1a: Porygon2|Recover|p1a: Porygon2\n|-heal|p1a: Porygon2|58\/100\n|move|p2a: Celesteela|Air Slash|p1a: Porygon2\n|-damage|p1a: Porygon2|41\/100\n|\n|upkeep\n|turn|20\n|\n|t:|1667028558\n|move|p1a: Porygon2|Recover|p1a: Porygon2\n|-heal|p1a: Porygon2|91\/100\n|move|p2a: Celesteela|Air Slash|p1a: Porygon2\n|-damage|p1a: Porygon2|75\/100\n|\n|-fieldend|move: Trick Room\n|upkeep\n|turn|21\n|\n|t:|1667028566\n|move|p2a: Celesteela|Air Slash|p1a: Porygon2\n|-damage|p1a: Porygon2|56\/100\n|move|p1a: Porygon2|Trick Room|p1a: Porygon2\n|-fieldstart|move: Trick Room|[of] p1a: Porygon2\n|\n|upkeep\n|turn|22\n|\n|t:|1667028571\n|move|p1a: Porygon2|Recover|p1a: Porygon2\n|-heal|p1a: Porygon2|100\/100\n|move|p2a: Celesteela|Air Slash|p1a: Porygon2\n|-damage|p1a: Porygon2|84\/100\n|\n|upkeep\n|turn|23\n|\n|t:|1667028574\n|move|p1a: Porygon2|Foul Play|p2a: Celesteela\n|-damage|p2a: Celesteela|0 fnt\n|faint|p2a: Celesteela\n|-ability|p1a: Porygon2|Beast Boost|boost\n|-boost|p1a: Porygon2|spd|1\n|\n|upkeep\n|\n|t:|1667028578\n|switch|p2a: Nihilego|Nihilego, shiny|100\/100\n|turn|24\n|\n|t:|1667028583\n|move|p2a: Nihilego|Meteor Beam||[still]\n|-prepare|p2a: Nihilego|Meteor Beam\n|-boost|p2a: Nihilego|spa|1\n|move|p1a: Porygon2|Teleport|p1a: Porygon2\n|\n|t:|1667028596\n|switch|p1a: Swampert|Swampert, M|43\/100|[from]move: Teleport\n|-damage|p1a: Swampert|36\/100|[from] Stealth Rock\n|-damage|p1a: Swampert|11\/100|[from] Spikes\n|\n|upkeep\n|turn|25\n|\n|t:|1667028605\n|move|p1a: Swampert|Earthquake|p2a: Nihilego\n|-supereffective|p2a: Nihilego\n|-damage|p2a: Nihilego|0 fnt\n|faint|p2a: Nihilego\n|\n|-fieldend|move: Trick Room\n|upkeep\n|\n|t:|1667028611\n|switch|p2a: Dragapult|Dragapult, F|100\/100\n|turn|26\n|\n|t:|1667028619\n|move|p2a: Dragapult|Draco Meteor|p1a: Swampert\n|-damage|p1a: Swampert|0 fnt\n|-unboost|p2a: Dragapult|spa|2\n|faint|p1a: Swampert\n|\n|upkeep\n|\n|t:|1667028622\n|switch|p1a: Porygon2|Porygon2|84\/100\n|-damage|p1a: Porygon2|72\/100|[from] Stealth Rock\n|-damage|p1a: Porygon2|47\/100|[from] Spikes\n|-ability|p1a: Porygon2|Infiltrator|[from] ability: Trace|[of] p2a: Dragapult\n|turn|27\n|\n|t:|1667028626\n|switch|p2a: Melmetal|Melmetal|92\/100\n|move|p1a: Porygon2|Trick Room|p1a: Porygon2\n|-fieldstart|move: Trick Room|[of] p1a: Porygon2\n|\n|upkeep\n|turn|28\n|\n|t:|1667028690\n|move|p2a: Melmetal|Double Iron Bash|p1a: Porygon2\n|-damage|p1a: Porygon2|23\/100\n|-damage|p1a: Porygon2|0 fnt\n|faint|p1a: Porygon2\n|-hitcount|p1: Porygon2|2\n|\n|upkeep\n|\n|t:|1667028699\n|switch|p1a: Victini|Victini|100\/100\n|turn|29\n|\n|t:|1667028706\n|move|p2a: Melmetal|Earthquake|p1a: Victini\n|-supereffective|p1a: Victini\n|-damage|p1a: Victini|43\/100\n|move|p1a: Victini|V-create|p2a: Melmetal\n|-supereffective|p2a: Melmetal\n|-damage|p2a: Melmetal|1\/100\n|-unboost|p1a: Victini|spe|1\n|-unboost|p1a: Victini|def|1\n|-unboost|p1a: Victini|spd|1\n|\n|upkeep\n|turn|30\n|\n|t:|1667028717\n|move|p2a: Melmetal|Earthquake|p1a: Victini\n|-supereffective|p1a: Victini\n|-damage|p1a: Victini|0 fnt\n|faint|p1a: Victini\n|\n|upkeep\n|\n|t:|1667028720\n|switch|p1a: Slowbro|Slowbro, F|44\/100\n|turn|31\n|\n|t:|1667028731\n|switch|p2a: Dragapult|Dragapult, F|100\/100\n|move|p1a: Slowbro|Scald|p2a: Dragapult\n|-resisted|p2a: Dragapult\n|-damage|p2a: Dragapult|81\/100\n|\n|-fieldend|move: Trick Room\n|upkeep\n|turn|32\n|\n|t:|1667028737\n|move|p2a: Dragapult|Shadow Ball|p1a: Slowbro\n|-supereffective|p1a: Slowbro\n|-damage|p1a: Slowbro|0 fnt\n|faint|p1a: Slowbro\n|\n|upkeep\n|-message|MrDrProfTest forfeited.\n|\n|win|Shinjou Akane\n|raw|MrDrProfTest's rating: 1486 &rarr; <strong>1469<\/strong><br \/>(-17 for losing)\n|raw|Shinjou Akane's rating: 1533 &rarr; <strong>1550<\/strong><br \/>(+17 for winning)\n","uploadtime":1667028745,"views":8,"p1id":"mrdrproftest","p2id":"shinjouakane","formatid":"gen8ou","rating":1469,"private":0,"password":null}