{"id":"gen8nationaldex-1706958686","p1":"Eggshmimpt219","p2":"Kyasarinnnn","format":"gen8nationaldex","log":"|j|\u2606Eggshmimpt219\n|j|\u2606Kyasarinnnn\n|t:|1668036371\n|gametype|singles\n|player|p1|Eggshmimpt219|will|\n|player|p2|Kyasarinnnn|furisodegirl-pink|\n|teamsize|p1|6\n|teamsize|p2|6\n|gen|8\n|tier|[Gen 8] National Dex\n|rule|HP Percentage Mod: HP is shown in percentages\n|rule|Endless Battle Clause: Forcing endless battles is banned\n|rule|OHKO Clause: OHKO moves are banned\n|rule|Evasion Moves Clause: Evasion moves are banned\n|rule|Species Clause: Limit one of each Pok\u00e9mon\n|rule|Dynamax Clause: You cannot dynamax\n|rule|Sleep Clause Mod: Limit one foe put to sleep\n|clearpoke\n|poke|p1|Dragonite, F|\n|poke|p1|Nidoking, M|\n|poke|p1|Mienshao, M|\n|poke|p1|Greninja, M|\n|poke|p1|Scizor, F|\n|poke|p1|Whimsicott, F|\n|poke|p2|Kyurem|\n|poke|p2|Lopunny, F|\n|poke|p2|Togetic, F|\n|poke|p2|Thundurus, M|\n|poke|p2|Mew|\n|poke|p2|Blastoise, F|\n|teampreview\n|c|\u2606Kyasarinnnn|Gl\n|c|\u2606Eggshmimpt219|had a feeling 'that' would come\n|c|\u2606Kyasarinnnn|What would come\n|\n|t:|1668036388\n|start\n|switch|p1a: Winry|Whimsicott, F|100\/100\n|switch|p2a: Lopunny|Lopunny, F, shiny|100\/100\n|turn|1\n|c|\u2606Kyasarinnnn|Togetic?\n|\n|t:|1668036400\n|detailschange|p2a: Lopunny|Lopunny-Mega, F, shiny\n|-mega|p2a: Lopunny|Lopunny|Lopunnite\n|move|p2a: Lopunny|Fake Out|p1a: Winry\n|-damage|p1a: Winry|76\/100\n|cant|p1a: Winry|flinch\n|\n|-heal|p1a: Winry|83\/100|[from] item: Leftovers\n|upkeep\n|turn|2\n|\n|t:|1668036414\n|switch|p2a: Thundurus|Thundurus, M, shiny|100\/100\n|move|p1a: Winry|Substitute|p1a: Winry\n|-start|p1a: Winry|Substitute\n|-damage|p1a: Winry|58\/100\n|\n|-heal|p1a: Winry|64\/100|[from] item: Leftovers\n|upkeep\n|turn|3\n|\n|t:|1668036428\n|move|p1a: Winry|Leech Seed|p2a: Thundurus\n|-start|p2a: Thundurus|move: Leech Seed\n|move|p2a: Thundurus|Psychic|p1a: Winry\n|-end|p1a: Winry|Substitute\n|\n|-heal|p1a: Winry|70\/100|[from] item: Leftovers\n|-damage|p2a: Thundurus|88\/100|[from] Leech Seed|[of] p1a: Winry\n|-heal|p1a: Winry|82\/100|[silent]\n|upkeep\n|turn|4\n|\n|t:|1668036441\n|switch|p1a: Adamantium|Scizor, F|100\/100\n|move|p2a: Thundurus|Volt Switch|p1a: Adamantium\n|-damage|p1a: Adamantium|57\/100\n|\n|t:|1668036447\n|switch|p2a: Lopunny|Lopunny-Mega, F, shiny|100\/100|[from]move: Volt Switch\n|\n|upkeep\n|turn|5\n|\n|t:|1668036467\n|switch|p1a: Mienshao|Mienshao, M|100\/100\n|move|p2a: Lopunny|Fire Punch|p1a: Mienshao\n|-damage|p1a: Mienshao|54\/100\n|\n|upkeep\n|turn|6\n|\n|t:|1668036478\n|switch|p2a: Blastoise|Blastoise, F, shiny|100\/100\n|move|p1a: Mienshao|U-turn|p2a: Blastoise\n|-damage|p2a: Blastoise|84\/100\n|\n|t:|1668036496\n|switch|p1a: Adamantium|Scizor, F|57\/100|[from]move: U-turn\n|\n|upkeep\n|turn|7\n|\n|t:|1668036504\n|detailschange|p1a: Adamantium|Scizor-Mega, F\n|-mega|p1a: Adamantium|Scizor|Scizorite\n|move|p1a: Adamantium|U-turn|p2a: Blastoise\n|-damage|p2a: Blastoise|60\/100\n|\n|t:|1668036512\n|switch|p1a: Winry|Whimsicott, F|82\/100|[from]move: U-turn\n|move|p2a: Blastoise|Flip Turn|p1a: Winry\n|-resisted|p1a: Winry\n|-damage|p1a: Winry|72\/100\n|\n|t:|1668036524\n|switch|p2a: Togetic|Togetic, F, shiny|100\/100|[from]move: Flip Turn\n|\n|-heal|p1a: Winry|79\/100|[from] item: Leftovers\n|upkeep\n|turn|8\n|\n|t:|1668036537\n|move|p1a: Winry|Taunt|p2a: Togetic\n|-start|p2a: Togetic|move: Taunt\n|move|p2a: Togetic|Flamethrower|p1a: Winry\n|-supereffective|p1a: Winry\n|-damage|p1a: Winry|35\/100\n|\n|-heal|p1a: Winry|41\/100|[from] item: Leftovers\n|upkeep\n|turn|9\n|\n|t:|1668036551\n|switch|p1a: Aaron Donald|Nidoking, M|100\/100\n|move|p2a: Togetic|Psychic|p1a: Aaron Donald\n|-supereffective|p1a: Aaron Donald\n|-damage|p1a: Aaron Donald|52\/100\n|-unboost|p1a: Aaron Donald|spd|1\n|\n|upkeep\n|turn|10\n|\n|t:|1668036560\n|switch|p2a: Mew|Mew, shiny|100\/100\n|move|p1a: Aaron Donald|Sludge Wave|p2a: Mew\n|-damage|p2a: Mew|53\/100\n|\n|upkeep\n|turn|11\n|\n|t:|1668036569\n|switch|p1a: Winry|Whimsicott, F|41\/100\n|move|p2a: Mew|Roost|p2a: Mew\n|-heal|p2a: Mew|100\/100\n|-singleturn|p2a: Mew|move: Roost\n|\n|-heal|p1a: Winry|47\/100|[from] item: Leftovers\n|upkeep\n|turn|12\n|\n|t:|1668036577\n|move|p1a: Winry|Substitute|p1a: Winry\n|-start|p1a: Winry|Substitute\n|-damage|p1a: Winry|22\/100\n|move|p2a: Mew|Volt Switch|p1a: Winry\n|-resisted|p1a: Winry\n|-activate|p1a: Winry|move: Substitute|[damage]\n|\n|t:|1668036581\n|switch|p2a: Togetic|Togetic, F, shiny|100\/100|[from]move: Volt Switch\n|\n|-heal|p1a: Winry|28\/100|[from] item: Leftovers\n|upkeep\n|turn|13\n|\n|t:|1668036588\n|move|p1a: Winry|Leech Seed|p2a: Togetic\n|-start|p2a: Togetic|move: Leech Seed\n|move|p2a: Togetic|Psychic|p1a: Winry\n|-end|p1a: Winry|Substitute\n|\n|-heal|p1a: Winry|34\/100|[from] item: Leftovers\n|-damage|p2a: Togetic|88\/100|[from] Leech Seed|[of] p1a: Winry\n|-heal|p1a: Winry|46\/100|[silent]\n|upkeep\n|turn|14\n|\n|t:|1668036598\n|move|p1a: Winry|Moonblast|p2a: Togetic\n|-damage|p2a: Togetic|73\/100\n|move|p2a: Togetic|Flamethrower|p1a: Winry\n|-supereffective|p1a: Winry\n|-damage|p1a: Winry|0 fnt\n|faint|p1a: Winry\n|\n|upkeep\n|\n|t:|1668036605\n|switch|p1a: Adamantium|Scizor-Mega, F|57\/100\n|turn|15\n|\n|t:|1668036615\n|move|p1a: Adamantium|Bullet Punch|p2a: Togetic\n|-supereffective|p2a: Togetic\n|-damage|p2a: Togetic|19\/100\n|move|p2a: Togetic|Flamethrower|p1a: Adamantium\n|-supereffective|p1a: Adamantium\n|-damage|p1a: Adamantium|0 fnt\n|faint|p1a: Adamantium\n|\n|upkeep\n|\n|t:|1668036623\n|switch|p1a: Tyreek Hill|Greninja, M|100\/100\n|turn|16\n|\n|t:|1668036629\n|switch|p2a: Kyurem|Kyurem, shiny|100\/100\n|-ability|p2a: Kyurem|Pressure\n|move|p1a: Tyreek Hill|Hydro Pump|p2a: Kyurem\n|-resisted|p2a: Kyurem\n|-damage|p2a: Kyurem|64\/100\n|\n|-heal|p2a: Kyurem|71\/100|[from] item: Leftovers\n|upkeep\n|turn|17\n|\n|t:|1668036645\n|switch|p1a: Aaron Donald|Nidoking, M|52\/100\n|move|p2a: Kyurem|Freeze-Dry|p1a: Aaron Donald\n|-supereffective|p1a: Aaron Donald\n|-damage|p1a: Aaron Donald|0 fnt\n|faint|p1a: Aaron Donald\n|\n|-heal|p2a: Kyurem|77\/100|[from] item: Leftovers\n|upkeep\n|\n|t:|1668036656\n|switch|p1a: Mienshao|Mienshao, M|54\/100\n|turn|18\n|\n|t:|1668036662\n|switch|p2a: Togetic|Togetic, F, shiny|19\/100\n|move|p1a: Mienshao|High Jump Kick|p2a: Togetic\n|-resisted|p2a: Togetic\n|-damage|p2a: Togetic|3\/100\n|\n|upkeep\n|turn|19\n|\n|t:|1668036670\n|move|p1a: Mienshao|High Jump Kick|p2a: Togetic\n|-resisted|p2a: Togetic\n|-damage|p2a: Togetic|0 fnt\n|faint|p2a: Togetic\n|\n|upkeep\n|\n|t:|1668036672\n|switch|p2a: Mew|Mew, shiny|100\/100\n|turn|20\n|\n|t:|1668036690\n|move|p1a: Mienshao|High Jump Kick|p2a: Mew\n|-resisted|p2a: Mew\n|-damage|p2a: Mew|72\/100\n|move|p2a: Mew|Volt Switch|p1a: Mienshao\n|-damage|p1a: Mienshao|25\/100\n|\n|t:|1668036692\n|switch|p2a: Lopunny|Lopunny-Mega, F, shiny|100\/100|[from]move: Volt Switch\n|\n|upkeep\n|turn|21\n|\n|t:|1668036704\n|move|p2a: Lopunny|Fake Out|p1a: Mienshao\n|-damage|p1a: Mienshao|0 fnt\n|faint|p1a: Mienshao\n|\n|upkeep\n|\n|t:|1668036708\n|switch|p1a: Dynamite|Dragonite, F|100\/100\n|turn|22\n|\n|t:|1668036716\n|move|p2a: Lopunny|U-turn|p1a: Dynamite\n|-resisted|p1a: Dynamite\n|-damage|p1a: Dynamite|94\/100\n|\n|t:|1668036718\n|switch|p2a: Blastoise|Blastoise, F, shiny|60\/100|[from]move: U-turn\n|move|p1a: Dynamite|Dragon Dance|p1a: Dynamite\n|-boost|p1a: Dynamite|atk|1\n|-boost|p1a: Dynamite|spe|1\n|\n|upkeep\n|turn|23\n|\n|t:|1668036732\n|move|p1a: Dynamite|Outrage|p2a: Blastoise\n|-damage|p2a: Blastoise|0 fnt\n|faint|p2a: Blastoise\n|\n|upkeep\n|\n|t:|1668036736\n|switch|p2a: Lopunny|Lopunny-Mega, F, shiny|100\/100\n|turn|24\n|\n|t:|1668036740\n|move|p2a: Lopunny|Fake Out|p1a: Dynamite\n|-damage|p1a: Dynamite|70\/100\n|cant|p1a: Dynamite|flinch\n|\n|upkeep\n|turn|25\n|\n|t:|1668036802\n|switch|p2a: Thundurus|Thundurus, M, shiny|88\/100\n|move|p1a: Dynamite|Roost|p1a: Dynamite\n|-heal|p1a: Dynamite|100\/100\n|-singleturn|p1a: Dynamite|move: Roost\n|\n|-heal|p2a: Thundurus|94\/100|[from] item: Leftovers\n|upkeep\n|turn|26\n|c|\u2606Kyasarinnnn|Oh so that's how that works\n|\n|t:|1668036813\n|move|p1a: Dynamite|Outrage|p2a: Thundurus\n|-damage|p2a: Thundurus|0 fnt\n|faint|p2a: Thundurus\n|\n|upkeep\n|\n|t:|1668036818\n|switch|p2a: Mew|Mew, shiny|72\/100\n|turn|27\n|\n|t:|1668036825\n|move|p1a: Dynamite|Outrage|p2a: Mew|[from]lockedmove\n|-damage|p2a: Mew|7\/100\n|move|p2a: Mew|Roost|p2a: Mew\n|-heal|p2a: Mew|57\/100\n|-singleturn|p2a: Mew|move: Roost\n|\n|upkeep\n|turn|28\n|\n|t:|1668036831\n|move|p1a: Dynamite|Outrage|p2a: Mew|[from]lockedmove\n|-damage|p2a: Mew|0 fnt\n|faint|p2a: Mew\n|-start|p1a: Dynamite|confusion|[fatigue]\n|-enditem|p1a: Dynamite|Lum Berry|[eat]\n|-end|p1a: Dynamite|confusion\n|\n|upkeep\n|\n|t:|1668036833\n|switch|p2a: Lopunny|Lopunny-Mega, F, shiny|100\/100\n|turn|29\n|\n|t:|1668036841\n|move|p2a: Lopunny|Fake Out|p1a: Dynamite\n|-damage|p1a: Dynamite|89\/100\n|cant|p1a: Dynamite|flinch\n|\n|upkeep\n|turn|30\n|\n|t:|1668036846\n|move|p1a: Dynamite|Outrage|p2a: Lopunny\n|-damage|p2a: Lopunny|0 fnt\n|faint|p2a: Lopunny\n|\n|upkeep\n|\n|t:|1668036848\n|switch|p2a: Kyurem|Kyurem, shiny|77\/100\n|-ability|p2a: Kyurem|Pressure\n|turn|31\n|c|\u2606Kyasarinnnn|gg\n|c|\u2606Eggshmimpt219|gg\n|\n|t:|1668036853\n|move|p1a: Dynamite|Outrage|p2a: Kyurem|[from]lockedmove\n|-supereffective|p2a: Kyurem\n|-damage|p2a: Kyurem|0 fnt\n|faint|p2a: Kyurem\n|-start|p1a: Dynamite|confusion|[fatigue]\n|\n|win|Eggshmimpt219\n|l|\u2606Kyasarinnnn\n","uploadtime":1668036864,"views":5,"p1id":"eggshmimpt219","p2id":"kyasarinnnn","formatid":"gen8nationaldex","rating":0,"private":0,"password":null}