{"id":"gen8nationaldex-1616853356","p1":"nephsensei","p2":"FleetFoxxx","format":"gen8nationaldex","log":"|j|\u2606nephsensei\n|j|\u2606FleetFoxxx\n|t:|1657766521\n|gametype|singles\n|player|p1|nephsensei|169|\n|player|p2|FleetFoxxx|flannery|\n|teamsize|p1|6\n|teamsize|p2|6\n|gen|8\n|tier|[Gen 8] National Dex\n|rule|HP Percentage Mod: HP is shown in percentages\n|rule|Endless Battle Clause: Forcing endless battles is banned\n|rule|OHKO Clause: OHKO moves are banned\n|rule|Evasion Moves Clause: Evasion moves are banned\n|rule|Species Clause: Limit one of each Pok\u00e9mon\n|rule|Dynamax Clause: You cannot dynamax\n|rule|Sleep Clause Mod: Limit one foe put to sleep\n|clearpoke\n|poke|p1|Gourgeist-*, M|\n|poke|p1|Honchkrow, F|\n|poke|p1|Entei|\n|poke|p1|Wooper, F|\n|poke|p1|Jolteon, F|\n|poke|p1|Steelix, M|\n|poke|p2|Galvantula, F|\n|poke|p2|Banette, F|\n|poke|p2|Bisharp, F|\n|poke|p2|Runerigus, M|\n|poke|p2|Whimsicott, F|\n|poke|p2|Coalossal, F|\n|teampreview\n|c|\u2606nephsensei|im not the same man i was 30 seconds ago\n|\n|t:|1657766556\n|start\n|switch|p1a: Jolteon|Jolteon, F|100\/100\n|switch|p2a: Runerigus|Runerigus, M|100\/100\n|turn|1\n|j| yes munchlax\n|j|+andrew\n|j|+111ace111\n|c|\u2606nephsensei|this time it will be different\n|j| johngalt149\n|c|\u2606nephsensei|you must understand, i have been forged in the fires of tragedy\n|c|\u2606nephsensei|after losing my best friend and pokemon partner wooper\n|c| yes munchlax|hes just like mustard\n|c|\u2606nephsensei|i dedicated myself to honing the craft to battle\n|c|\u2606nephsensei|ya call me mustard cuz jolteon about to paint this battlefield yellow\n|c|\u2606nephsensei|#JolteonSweep\n|\n|t:|1657766661\n|switch|p1a: Honchkrow|Honchkrow, F|100\/100\n|move|p2a: Runerigus|Earthquake|p1a: Honchkrow\n|-immune|p1a: Honchkrow\n|\n|upkeep\n|turn|2\n|c|\u2606nephsensei|read like a book\n|\n|t:|1657766674\n|switch|p2a: Coalossal|Coalossal, F|100\/100\n|-zpower|p1a: Honchkrow\n|move|p1a: Honchkrow|Black Hole Eclipse|p2a: Coalossal|[zeffect]\n|-damage|p2a: Coalossal|50\/100\n|\n|upkeep\n|turn|3\n|\n|t:|1657766698\n|move|p1a: Honchkrow|Taunt|p2a: Coalossal\n|-start|p2a: Coalossal|move: Taunt\n|cant|p2a: Coalossal|move: Taunt|Spikes\n|\n|upkeep\n|turn|4\n|c|\u2606nephsensei|heh....\n|j| Frosti Plays\n|\n|t:|1657766760\n|switch|p1a: Jolteon|Jolteon, F|100\/100\n|move|p2a: Coalossal|Earth Power|p1a: Jolteon\n|-supereffective|p1a: Jolteon\n|-damage|p1a: Jolteon|33\/100\n|\n|upkeep\n|turn|5\n|\n|t:|1657766779\n|switch|p2a: Whimsicott|Whimsicott, F|100\/100\n|move|p1a: Jolteon|Hidden Power|p2a: Whimsicott\n|-resisted|p2a: Whimsicott\n|-damage|p2a: Whimsicott|89\/100\n|-damage|p1a: Jolteon|23\/100|[from] item: Life Orb\n|\n|-heal|p2a: Whimsicott|96\/100|[from] item: Leftovers\n|upkeep\n|turn|6\n|\n|t:|1657766846\n|move|p2a: Whimsicott|Substitute|p2a: Whimsicott\n|-start|p2a: Whimsicott|Substitute\n|-damage|p2a: Whimsicott|71\/100\n|move|p1a: Jolteon|Volt Switch|p2a: Whimsicott\n|-resisted|p2a: Whimsicott\n|-activate|p2a: Whimsicott|move: Substitute|[damage]\n|-damage|p1a: Jolteon|13\/100|[from] item: Life Orb\n|c|\u2606nephsensei|oh no\n|\n|t:|1657766872\n|switch|p1a: Gourgeist|Gourgeist-Large, M|100\/100|[from]move: Volt Switch\n|-item|p2a: Whimsicott|Leftovers|[from] ability: Frisk|[of] p1a: Gourgeist|[identify]\n|\n|-heal|p2a: Whimsicott|77\/100|[from] item: Leftovers\n|upkeep\n|turn|7\n|\n|t:|1657766884\n|move|p2a: Whimsicott|Moonblast|p1a: Gourgeist\n|-damage|p1a: Gourgeist|77\/100\n|move|p1a: Gourgeist|Power Whip|p2a: Whimsicott\n|-resisted|p2a: Whimsicott\n|-end|p2a: Whimsicott|Substitute\n|\n|-heal|p2a: Whimsicott|83\/100|[from] item: Leftovers\n|-heal|p1a: Gourgeist|84\/100|[from] item: Leftovers\n|upkeep\n|turn|8\n|\n|t:|1657766930\n|switch|p2a: Bisharp|Bisharp, F|100\/100\n|move|p1a: Gourgeist|Poltergeist|p2a: Bisharp\n|-activate|p2a: Bisharp|move: Poltergeist|Life Orb\n|-resisted|p2a: Bisharp\n|-damage|p2a: Bisharp|78\/100\n|\n|-heal|p1a: Gourgeist|90\/100|[from] item: Leftovers\n|upkeep\n|turn|9\n|\n|t:|1657766945\n|move|p2a: Bisharp|Knock Off|p1a: Gourgeist\n|-supereffective|p1a: Gourgeist\n|-damage|p1a: Gourgeist|0 fnt\n|-enditem|p1a: Gourgeist|Leftovers|[from] move: Knock Off|[of] p2a: Bisharp\n|faint|p1a: Gourgeist\n|-damage|p2a: Bisharp|68\/100|[from] item: Life Orb\n|\n|upkeep\n|\n|t:|1657766956\n|switch|p1a: Entei|Entei|100\/100\n|-ability|p1a: Entei|Pressure\n|turn|10\n|\n|t:|1657767017\n|move|p2a: Bisharp|Sucker Punch|p1a: Entei\n|-damage|p1a: Entei|57\/100\n|-damage|p2a: Bisharp|58\/100|[from] item: Life Orb\n|move|p1a: Entei|Stomping Tantrum|p2a: Bisharp\n|-supereffective|p2a: Bisharp\n|-damage|p2a: Bisharp|0 fnt\n|faint|p2a: Bisharp\n|\n|upkeep\n|\n|t:|1657767029\n|switch|p2a: Runerigus|Runerigus, M|100\/100\n|turn|11\n|\n|t:|1657767035\n|switch|p1a: Wooper|Wooper, F|100\/100\n|move|p2a: Runerigus|Stealth Rock|p1a: Wooper\n|-sidestart|p1: nephsensei|move: Stealth Rock\n|\n|upkeep\n|turn|12\n|c|\u2606nephsensei|its wooping time\n|c|\u2606nephsensei|ill see you in hell\n|\n|t:|1657767065\n|switch|p2a: Banette|Banette, F|100\/100\n|-item|p1a: Wooper|Eviolite|[from] ability: Frisk|[of] p2a: Banette|[identify]\n|move|p1a: Wooper|Toxic|p2a: Banette\n|-status|p2a: Banette|tox\n|\n|-damage|p2a: Banette|94\/100 tox|[from] psn\n|upkeep\n|turn|13\n|\n|t:|1657767073\n|detailschange|p2a: Banette|Banette-Mega, F\n|-mega|p2a: Banette|Banette|Banettite\n|move|p2a: Banette|Knock Off|p1a: Wooper\n|-damage|p1a: Wooper|71\/100\n|-enditem|p1a: Wooper|Eviolite|[from] move: Knock Off|[of] p2a: Banette\n|move|p1a: Wooper|Encore|p2a: Banette\n|-start|p2a: Banette|Encore\n|\n|-damage|p2a: Banette|82\/100 tox|[from] psn\n|upkeep\n|turn|14\n|c| yes munchlax|so bulky\n|c|\u2606nephsensei|this aint ur average wooper\n|c|\u2606nephsensei|kid\n|\n|t:|1657767110\n|move|p2a: Banette|Knock Off|p1a: Wooper\n|-damage|p1a: Wooper|40\/100\n|move|p1a: Wooper|Toxic|p2a: Banette\n|-fail|p2a: Banette|tox\n|\n|-damage|p2a: Banette|64\/100 tox|[from] psn\n|upkeep\n|turn|15\n|\n|t:|1657767119\n|move|p2a: Banette|Knock Off|p1a: Wooper\n|-damage|p1a: Wooper|9\/100\n|move|p1a: Wooper|Toxic|p2a: Banette\n|-fail|p2a: Banette|tox\n|\n|-damage|p2a: Banette|40\/100 tox|[from] psn\n|upkeep\n|turn|16\n|\n|t:|1657767125\n|move|p1a: Wooper|Protect|p1a: Wooper\n|-singleturn|p1a: Wooper|Protect\n|move|p2a: Banette|Knock Off|p1a: Wooper\n|-activate|p1a: Wooper|move: Protect\n|\n|-damage|p2a: Banette|10\/100 tox|[from] psn\n|-end|p2a: Banette|Encore\n|upkeep\n|turn|17\n|\n|t:|1657767130\n|move|p1a: Wooper|Protect||[still]\n|-fail|p1a: Wooper\n|move|p2a: Banette|Knock Off|p1a: Wooper\n|-damage|p1a: Wooper|0 fnt\n|faint|p1a: Wooper\n|\n|-damage|p2a: Banette|0 fnt|[from] psn\n|faint|p2a: Banette\n|upkeep\n|c|\u2606nephsensei|u did it wooper\n|c|\u2606nephsensei|u beat the mega pokemon\n|c|\u2606nephsensei|u did well....\n|c|\u2606nephsensei|u can rest now...\n|c| Frosti Plays|:'(\n|\n|t:|1657767171\n|switch|p2a: Whimsicott|Whimsicott, F|83\/100\n|switch|p1a: Honchkrow|Honchkrow, F|100\/100\n|-damage|p1a: Honchkrow|76\/100|[from] Stealth Rock\n|turn|18\n|\n|t:|1657767183\n|switch|p1a: Steelix|Steelix, M|100\/100\n|-damage|p1a: Steelix|97\/100|[from] Stealth Rock\n|move|p2a: Whimsicott|Substitute|p2a: Whimsicott\n|-start|p2a: Whimsicott|Substitute\n|-damage|p2a: Whimsicott|58\/100\n|\n|-heal|p2a: Whimsicott|65\/100|[from] item: Leftovers\n|upkeep\n|turn|19\n|l|+andrew\n|\n|t:|1657767194\n|detailschange|p1a: Steelix|Steelix-Mega, M\n|-mega|p1a: Steelix|Steelix|Steelixite\n|move|p2a: Whimsicott|Leech Seed|p1a: Steelix\n|-start|p1a: Steelix|move: Leech Seed\n|move|p1a: Steelix|Gyro Ball|p2a: Whimsicott\n|-supereffective|p2a: Whimsicott\n|-end|p2a: Whimsicott|Substitute\n|\n|-heal|p2a: Whimsicott|71\/100|[from] item: Leftovers\n|-damage|p1a: Steelix|85\/100|[from] Leech Seed|[of] p2a: Whimsicott\n|-heal|p2a: Whimsicott|84\/100|[silent]\n|upkeep\n|turn|20\n|\n|t:|1657767206\n|move|p2a: Whimsicott|Substitute|p2a: Whimsicott\n|-start|p2a: Whimsicott|Substitute\n|-damage|p2a: Whimsicott|60\/100\n|move|p1a: Steelix|Gyro Ball|p2a: Whimsicott\n|-supereffective|p2a: Whimsicott\n|-end|p2a: Whimsicott|Substitute\n|\n|-heal|p2a: Whimsicott|66\/100|[from] item: Leftovers\n|-damage|p1a: Steelix|73\/100|[from] Leech Seed|[of] p2a: Whimsicott\n|-heal|p2a: Whimsicott|79\/100|[silent]\n|upkeep\n|turn|21\n|\n|t:|1657767218\n|move|p2a: Whimsicott|Substitute|p2a: Whimsicott\n|-start|p2a: Whimsicott|Substitute\n|-damage|p2a: Whimsicott|55\/100\n|move|p1a: Steelix|Gyro Ball|p2a: Whimsicott\n|-supereffective|p2a: Whimsicott\n|-end|p2a: Whimsicott|Substitute\n|\n|-heal|p2a: Whimsicott|61\/100|[from] item: Leftovers\n|-damage|p1a: Steelix|60\/100|[from] Leech Seed|[of] p2a: Whimsicott\n|-heal|p2a: Whimsicott|74\/100|[silent]\n|upkeep\n|turn|22\n|\n|t:|1657767241\n|switch|p1a: Entei|Entei|57\/100\n|-damage|p1a: Entei|32\/100|[from] Stealth Rock\n|-ability|p1a: Entei|Pressure\n|move|p2a: Whimsicott|Substitute|p2a: Whimsicott\n|-start|p2a: Whimsicott|Substitute\n|-damage|p2a: Whimsicott|50\/100\n|\n|-heal|p2a: Whimsicott|56\/100|[from] item: Leftovers\n|upkeep\n|turn|23\n|\n|t:|1657767254\n|move|p1a: Entei|Extreme Speed|p2a: Whimsicott\n|-end|p2a: Whimsicott|Substitute\n|move|p2a: Whimsicott|Leech Seed|p1a: Entei\n|-start|p1a: Entei|move: Leech Seed\n|\n|-heal|p2a: Whimsicott|62\/100|[from] item: Leftovers\n|-damage|p1a: Entei|20\/100|[from] Leech Seed|[of] p2a: Whimsicott\n|-heal|p2a: Whimsicott|79\/100|[silent]\n|upkeep\n|turn|24\n|\n|t:|1657767273\n|move|p1a: Entei|Extreme Speed|p2a: Whimsicott\n|-damage|p2a: Whimsicott|26\/100\n|move|p2a: Whimsicott|Substitute|p2a: Whimsicott\n|-start|p2a: Whimsicott|Substitute\n|-damage|p2a: Whimsicott|1\/100\n|\n|-heal|p2a: Whimsicott|8\/100|[from] item: Leftovers\n|-damage|p1a: Entei|7\/100|[from] Leech Seed|[of] p2a: Whimsicott\n|-heal|p2a: Whimsicott|24\/100|[silent]\n|upkeep\n|turn|25\n|\n|t:|1657767297\n|switch|p2a: Runerigus|Runerigus, M|100\/100\n|move|p1a: Entei|Extreme Speed|p2a: Runerigus\n|-immune|p2a: Runerigus\n|\n|-damage|p1a: Entei|0 fnt|[from] Leech Seed|[of] p2a: Runerigus\n|faint|p1a: Entei\n|upkeep\n|\n|t:|1657767307\n|switch|p1a: Honchkrow|Honchkrow, F|76\/100\n|-damage|p1a: Honchkrow|51\/100|[from] Stealth Rock\n|turn|26\n|\n|t:|1657767354\n|move|p1a: Honchkrow|Defog|p2a: Runerigus\n|-unboost|p2a: Runerigus|evasion|1\n|-sideend|p1: nephsensei|Stealth Rock|[from] move: Defog|[of] p1a: Honchkrow\n|move|p2a: Runerigus|Rock Slide|p1a: Honchkrow\n|-supereffective|p1a: Honchkrow\n|-damage|p1a: Honchkrow|0 fnt\n|faint|p1a: Honchkrow\n|\n|upkeep\n|\n|t:|1657767366\n|switch|p1a: Jolteon|Jolteon, F|13\/100\n|turn|27\n|\n|t:|1657767376\n|move|p1a: Jolteon|Shadow Ball|p2a: Runerigus\n|-supereffective|p2a: Runerigus\n|-damage|p2a: Runerigus|35\/100\n|-unboost|p2a: Runerigus|spd|1\n|-damage|p1a: Jolteon|3\/100|[from] item: Life Orb\n|move|p2a: Runerigus|Earthquake|p1a: Jolteon\n|-supereffective|p1a: Jolteon\n|-damage|p1a: Jolteon|0 fnt\n|faint|p1a: Jolteon\n|\n|upkeep\n|\n|t:|1657767379\n|switch|p1a: Steelix|Steelix-Mega, M|60\/100\n|turn|28\n|\n|t:|1657767390\n|move|p2a: Runerigus|Earthquake|p1a: Steelix\n|-supereffective|p1a: Steelix\n|-damage|p1a: Steelix|26\/100\n|move|p1a: Steelix|Earthquake|p2a: Runerigus\n|-damage|p2a: Runerigus|3\/100\n|\n|upkeep\n|turn|29\n|\n|t:|1657767402\n|move|p2a: Runerigus|Rock Slide|p1a: Steelix\n|-resisted|p1a: Steelix\n|-damage|p1a: Steelix|24\/100\n|move|p1a: Steelix|Earthquake|p2a: Runerigus\n|-damage|p2a: Runerigus|0 fnt\n|faint|p2a: Runerigus\n|\n|upkeep\n|c|\u2606nephsensei|gg\n|c|\u2606nephsensei|wtf\n|\n|t:|1657767409\n|switch|p2a: Coalossal|Coalossal, F|50\/100\n|turn|30\n|\n|t:|1657767414\n|-zpower|p2a: Coalossal\n|move|p2a: Coalossal|Inferno Overdrive|p1a: Steelix|[zeffect]\n|-supereffective|p1a: Steelix\n|-damage|p1a: Steelix|0 fnt\n|faint|p1a: Steelix\n|\n|win|FleetFoxxx\n|c|\u2606nephsensei|gg\n|c|\u2606nephsensei|wp fleet\n|c|\u2606FleetFoxxx|gg\n|l| Frosti Plays\n|c|\u2606FleetFoxxx|wp my friend\n|l|\u2606nephsensei\n|l|\u2606FleetFoxxx\n|l| johngalt149\n","uploadtime":1657767694,"views":25,"p1id":"nephsensei","p2id":"fleetfoxxx","formatid":"gen8nationaldex","rating":0,"private":0,"password":null}