{"id":"gen8ou-1520103738","p1":"A3720","p2":"Down$hift","format":"gen8ou","log":"|j|\u2606A3720\n|j|\u2606Down$hift\n|t:|1646005187\n|gametype|singles\n|player|p1|A3720|265|1686\n|player|p2|Down$hift|teamrocket|1644\n|teamsize|p1|6\n|teamsize|p2|6\n|gen|8\n|tier|[Gen 8] OU\n|rated|\n|rule|Sleep Clause Mod: Limit one foe put to sleep\n|rule|Species Clause: Limit one of each Pok\u00e9mon\n|rule|OHKO Clause: OHKO moves are banned\n|rule|Evasion Moves Clause: Evasion moves are banned\n|rule|Endless Battle Clause: Forcing endless battles is banned\n|rule|HP Percentage Mod: HP is shown in percentages\n|rule|Dynamax Clause: You cannot dynamax\n|clearpoke\n|poke|p1|Wigglytuff, F|\n|poke|p1|Aegislash, F|\n|poke|p1|Dragapult, F|\n|poke|p1|Zapdos|\n|poke|p1|Ferrothorn, M|\n|poke|p1|Garchomp, F|\n|poke|p2|Politoed, M|\n|poke|p2|Barraskewda, M|\n|poke|p2|Zapdos|\n|poke|p2|Slowbro, F|\n|poke|p2|Landorus-Therian, M|\n|poke|p2|Corviknight, M|\n|teampreview\n|c|\u2606Down$hift|Hf\n|c|\u2606Down$hift|Gotta love wigglytuff\n|c|\u2606A3720|ty\n|\n|t:|1646005215\n|start\n|switch|p1a: Zapdos|Zapdos|100\/100\n|switch|p2a: Phroge|Politoed, M|100\/100\n|-weather|RainDance|[from] ability: Drizzle|[of] p2a: Phroge\n|turn|1\n|\n|t:|1646005225\n|move|p1a: Zapdos|Hurricane|p2a: Phroge\n|-damage|p2a: Phroge|62\/100\n|move|p2a: Phroge|Toxic|p1a: Zapdos\n|-status|p1a: Zapdos|tox\n|\n|-weather|RainDance|[upkeep]\n|-damage|p1a: Zapdos|94\/100 tox|[from] psn\n|upkeep\n|turn|2\n|\n|t:|1646005230\n|switch|p2a: 8GensAndCounting|Zapdos|100\/100\n|move|p1a: Zapdos|Volt Switch|p2a: 8GensAndCounting\n|-damage|p2a: 8GensAndCounting|63\/100\n|\n|t:|1646005274\n|switch|p1a: Dragapult|Dragapult, F|100\/100|[from]move: Volt Switch\n|\n|-weather|RainDance|[upkeep]\n|upkeep\n|turn|3\n|\n|t:|1646005280\n|switch|p2a: Excalibird|Corviknight, M|100\/100\n|-ability|p2a: Excalibird|Pressure\n|move|p1a: Dragapult|Draco Meteor|p2a: Excalibird\n|-resisted|p2a: Excalibird\n|-crit|p2a: Excalibird\n|-damage|p2a: Excalibird|49\/100\n|-unboost|p1a: Dragapult|spa|2\n|\n|-weather|RainDance|[upkeep]\n|-heal|p2a: Excalibird|56\/100|[from] item: Leftovers\n|upkeep\n|turn|4\n|\n|t:|1646005295\n|switch|p1a: Wigglytuff|Wigglytuff, F|100\/100\n|move|p2a: Excalibird|Roost|p2a: Excalibird\n|-heal|p2a: Excalibird|100\/100\n|-singleturn|p2a: Excalibird|move: Roost\n|\n|-weather|RainDance|[upkeep]\n|upkeep\n|turn|5\n|\n|t:|1646005304\n|switch|p2a: LandOUrus-T|Landorus-Therian, M|100\/100\n|-ability|p2a: LandOUrus-T|Intimidate|boost\n|-unboost|p1a: Wigglytuff|atk|1\n|-ability|p1a: Wigglytuff|Competitive\n|-boost|p1a: Wigglytuff|spa|2\n|move|p1a: Wigglytuff|Stealth Rock|p2a: LandOUrus-T\n|-sidestart|p2: Down$hift|move: Stealth Rock\n|\n|-weather|RainDance|[upkeep]\n|upkeep\n|turn|6\n|\n|t:|1646005308\n|move|p2a: LandOUrus-T|Earthquake|p1a: Wigglytuff\n|-damage|p1a: Wigglytuff|46\/100\n|move|p1a: Wigglytuff|Ice Beam|p2a: LandOUrus-T\n|-supereffective|p2a: LandOUrus-T\n|-damage|p2a: LandOUrus-T|0 fnt\n|faint|p2a: LandOUrus-T\n|\n|-weather|RainDance|[upkeep]\n|upkeep\n|\n|t:|1646005319\n|switch|p2a: Au revoir|Barraskewda, M|100\/100\n|-damage|p2a: Au revoir|88\/100|[from] Stealth Rock\n|turn|7\n|\n|t:|1646005331\n|move|p2a: Au revoir|Flip Turn|p1a: Wigglytuff\n|-damage|p1a: Wigglytuff|0 fnt\n|-damage|p2a: Au revoir|72\/100|[from] item: Rocky Helmet|[of] p1a: Wigglytuff\n|faint|p1a: Wigglytuff\n|c|\u2606Down$hift|I think i just lose\n|\n|t:|1646005337\n|switch|p2a: Excalibird|Corviknight, M|100\/100|[from]move: Flip Turn\n|-damage|p2a: Excalibird|88\/100|[from] Stealth Rock\n|-ability|p2a: Excalibird|Pressure\n|\n|-weather|RainDance|[upkeep]\n|-heal|p2a: Excalibird|94\/100|[from] item: Leftovers\n|upkeep\n|\n|t:|1646005351\n|switch|p1a: Zapdos|Zapdos|94\/100 tox\n|turn|8\n|-message|Down$hift forfeited.\n|\n|win|A3720\n|raw|A3720's rating: 1686 &rarr; <strong>1704<\/strong><br \/>(+18 for winning)\n|raw|Down$hift's rating: 1644 &rarr; <strong>1626<\/strong><br \/>(-18 for losing)\n|l|\u2606Down$hift\n","uploadtime":1646005365,"views":153,"p1id":"a3720","p2id":"downhift","formatid":"gen8ou","rating":1626,"private":0,"password":null}