{"id":"gen8doubleslc-1639525241","p1":"Redemption","p2":"Grimji","format":"gen8doubleslc","log":"|j|\u2606Redemption\n|j|\u2606Grimji\n|inactive|Battle timer is ON: inactive players will automatically lose when time's up.\n|t:|1660490015\n|gametype|doubles\n|player|p1|Redemption|#redemption|\n|player|p2|Grimji|sidney|\n|teamsize|p1|6\n|teamsize|p2|6\n|gen|8\n|tier|[Gen 8] Doubles LC\n|rated|Tournament battle\n|rule|Species Clause: Limit one of each Pok\u00e9mon\n|rule|OHKO Clause: OHKO moves are banned\n|rule|Evasion Moves Clause: Evasion moves are banned\n|rule|Gravity Sleep Clause: The combination of sleep-inducing moves with imperfect accuracy and Gravity or Gigantamax Orbeetle are banned\n|rule|Endless Battle Clause: Forcing endless battles is banned\n|rule|HP Percentage Mod: HP is shown in percentages\n|rule|Dynamax Clause: You cannot dynamax\n|rule|Swagger Clause: Swagger is banned\n|rule|Sleep Clause Mod: Limit one foe put to sleep\n|clearpoke\n|poke|p1|Ponyta-Galar, L5, M|\n|poke|p1|Koffing, L5, F|\n|poke|p1|Archen, L5, F|\n|poke|p1|Meowth, L5, M|\n|poke|p1|Squirtle, L5, F|\n|poke|p1|Mienfoo, L5, M|\n|poke|p2|Mienfoo, L5, F|\n|poke|p2|Frillish, L5, M|\n|poke|p2|Abra, L5, M|\n|poke|p2|Snover, L5, F|\n|poke|p2|Vullaby, L5, F|\n|poke|p2|Sandshrew-Alola, L5, M|\n|teampreview\n|c|\u2606Grimji|hf\n|inactive|Grimji has 120 seconds left.\n|\n|t:|1660490048\n|start\n|switch|p1a: Ponyta|Ponyta-Galar, L5, M|100\/100\n|switch|p1b: Meowth|Meowth, L5, M|100\/100\n|switch|p2a: Mienfoo|Mienfoo, L5, F|100\/100\n|switch|p2b: Vullaby|Vullaby, L5, F|100\/100\n|turn|1\n|\n|t:|1660490066\n|move|p1b: Meowth|Fake Out|p2a: Mienfoo\n|-damage|p2a: Mienfoo|60\/100\n|-damage|p1b: Meowth|90\/100|[from] item: Life Orb\n|move|p2a: Mienfoo|Fake Out|p1a: Ponyta\n|-damage|p1a: Ponyta|86\/100\n|cant|p1a: Ponyta|flinch\n|move|p2b: Vullaby|Knock Off|p1a: Ponyta\n|-supereffective|p1a: Ponyta\n|-damage|p1a: Ponyta|0 fnt\n|-enditem|p1a: Ponyta|Eviolite|[from] move: Knock Off|[of] p2b: Vullaby\n|faint|p1a: Ponyta\n|\n|upkeep\n|\n|t:|1660490087\n|switch|p1a: Archen|Archen, L5, F|100\/100\n|turn|2\n|\n|t:|1660490100\n|move|p1b: Meowth|Feint|p2a: Mienfoo\n|-damage|p2a: Mienfoo|23\/100\n|-damage|p1b: Meowth|80\/100|[from] item: Life Orb\n|move|p2a: Mienfoo|Close Combat|p1b: Meowth\n|-supereffective|p1b: Meowth\n|-damage|p1b: Meowth|0 fnt\n|-unboost|p2a: Mienfoo|def|1\n|-unboost|p2a: Mienfoo|spd|1\n|faint|p1b: Meowth\n|move|p1a: Archen|Rock Slide|p2b: Vullaby|[spread] p2a,p2b\n|-resisted|p2a: Mienfoo\n|-supereffective|p2b: Vullaby\n|-damage|p2a: Mienfoo|0 fnt\n|-damage|p2b: Vullaby|50\/100\n|faint|p2a: Mienfoo\n|cant|p2b: Vullaby|flinch\n|\n|upkeep\n|j| Be Like Bisharp\n|\n|t:|1660490120\n|switch|p1b: Mienfoo|Mienfoo, L5, M|100\/100\n|switch|p2a: Frillish|Frillish, L5, M|100\/100\n|turn|3\n|\n|t:|1660490149\n|move|p2a: Frillish|Water Spout|p1b: Mienfoo|[spread] p1a,p1b\n|-supereffective|p1a: Archen\n|-damage|p1a: Archen|0 fnt\n|-damage|p1b: Mienfoo|43\/100\n|faint|p1a: Archen\n|move|p1b: Mienfoo|Knock Off|p2a: Frillish\n|-supereffective|p2a: Frillish\n|-damage|p2a: Frillish|0 fnt\n|-enditem|p2a: Frillish|Choice Scarf|[from] move: Knock Off|[of] p1b: Mienfoo\n|faint|p2a: Frillish\n|move|p2b: Vullaby|Brave Bird|p1b: Mienfoo\n|-supereffective|p1b: Mienfoo\n|-damage|p1b: Mienfoo|0 fnt\n|faint|p1b: Mienfoo\n|-damage|p2b: Vullaby|38\/100|[from] Recoil\n|\n|upkeep\n|\n|t:|1660490164\n|switch|p1a: Koffing|Koffing, L5, F|100\/100\n|switch|p1b: Squirtle|Squirtle, L5, F|100\/100\n|switch|p2a: Abra|Abra, L5, M|100\/100\n|-ability|p1a: Koffing|Neutralizing Gas\n|turn|4\n|\n|t:|1660490184\n|move|p1b: Squirtle|Fake Out|p2a: Abra\n|-damage|p2a: Abra|74\/100\n|cant|p2a: Abra|flinch\n|move|p2b: Vullaby|Tailwind|p2b: Vullaby\n|-sidestart|p2: Grimji|move: Tailwind\n|move|p1a: Koffing|Sludge Bomb|p2b: Vullaby\n|-damage|p2b: Vullaby|9\/100\n|\n|upkeep\n|turn|5\n|\n|t:|1660490198\n|move|p1a: Koffing|Protect|p1a: Koffing\n|-singleturn|p1a: Koffing|Protect\n|move|p2a: Abra|Psychic|p1a: Koffing\n|-activate|p1a: Koffing|move: Protect\n|move|p2b: Vullaby|Knock Off|p1b: Squirtle\n|-damage|p1b: Squirtle|70\/100\n|-enditem|p1b: Squirtle|Eviolite|[from] move: Knock Off|[of] p2b: Vullaby\n|move|p1b: Squirtle|Flip Turn|p2a: Abra\n|-damage|p2a: Abra|22\/100\n|\n|upkeep\n|turn|6\n|\n|t:|1660490213\n|move|p1a: Koffing|Protect||[still]\n|-fail|p1a: Koffing\n|move|p2a: Abra|Psychic|p1a: Koffing\n|-supereffective|p1a: Koffing\n|-damage|p1a: Koffing|0 fnt\n|faint|p1a: Koffing\n|-end|p1a: Koffing|ability: Neutralizing Gas\n|move|p2b: Vullaby|Brave Bird|p1b: Squirtle\n|-damage|p1b: Squirtle|14\/100\n|-damage|p2b: Vullaby|0 fnt|[from] Recoil\n|faint|p2b: Vullaby\n|move|p1b: Squirtle|Flip Turn|p2a: Abra\n|-damage|p2a: Abra|0 fnt\n|faint|p2a: Abra\n|\n|upkeep\n|\n|t:|1660490222\n|switch|p2a: Snover|Snover, L5, F|100\/100\n|switch|p2b: Sandshrew|Sandshrew-Alola, L5, M|100\/100\n|-weather|Hail|[from] ability: Snow Warning|[of] p2a: Snover\n|turn|7\n|-message|Redemption forfeited.\n|\n|win|Grimji\n|n|\u2606Redemption|redemption\n|n|\u2606Grimji|grimji\n|n| Be Like Bisharp|belikebisharp\n|c|\u2606Grimji|gg\n|l|\u2606Redemption\n|l|\u2606Grimji\n|l| Be Like Bisharp\n|j|\u2606Grimji\n|player|p2|Grimji|sidney\n","uploadtime":1660490263,"views":9,"p1id":"redemption","p2id":"grimji","formatid":"gen8doubleslc","rating":0,"private":0,"password":null}