{"id":"gen8ou-1565773441","p1":"return nirvana","p2":"INNohV8","format":"gen8ou","log":"|j|\u2606return nirvana\n|j|\u2606INNohV8\n|inactive|Battle timer is ON: inactive players will automatically lose when time's up.\n|t:|1651469846\n|gametype|singles\n|player|p1|return nirvana|veteran|\n|player|p2|INNohV8|proton|\n|teamsize|p1|6\n|teamsize|p2|6\n|gen|8\n|tier|[Gen 8] OU\n|rated|Tournament battle\n|rule|Sleep Clause Mod: Limit one foe put to sleep\n|rule|Species Clause: Limit one of each Pok\u00e9mon\n|rule|OHKO Clause: OHKO moves are banned\n|rule|Evasion Moves Clause: Evasion moves are banned\n|rule|Endless Battle Clause: Forcing endless battles is banned\n|rule|HP Percentage Mod: HP is shown in percentages\n|rule|Dynamax Clause: You cannot dynamax\n|clearpoke\n|poke|p1|Pyukumuku, L95, F|\n|poke|p1|Clefable, M|\n|poke|p1|Blissey, F|\n|poke|p1|Skarmory, M|\n|poke|p1|Zeraora|\n|poke|p1|Garchomp, M|\n|poke|p2|Pelipper, F|\n|poke|p2|Barraskewda, M|\n|poke|p2|Omastar, F|\n|poke|p2|Ferrothorn, F|\n|poke|p2|Tornadus-Therian, M|\n|poke|p2|Tapu Koko|\n|teampreview\n|inactive|return nirvana has 120 seconds left.\n|\n|t:|1651469902\n|start\n|switch|p1a: Zeraora|Zeraora, shiny|100\/100\n|switch|p2a: Pelipper|Pelipper, F|100\/100\n|-weather|RainDance|[from] ability: Drizzle|[of] p2a: Pelipper\n|turn|1\n|inactive|INNohV8 has 120 seconds left.\n|\n|t:|1651469938\n|switch|p2a: Ferrothorn|Ferrothorn, F|100\/100\n|move|p1a: Zeraora|Volt Switch|p2a: Ferrothorn\n|-resisted|p2a: Ferrothorn\n|-damage|p2a: Ferrothorn|91\/100\n|\n|t:|1651469945\n|switch|p1a: Skarmory|Skarmory, M, shiny|100\/100|[from]move: Volt Switch\n|\n|-weather|RainDance|[upkeep]\n|-heal|p2a: Ferrothorn|97\/100|[from] item: Leftovers\n|upkeep\n|turn|2\n|\n|t:|1651469951\n|move|p1a: Skarmory|Spikes|p2a: Ferrothorn\n|-sidestart|p2: INNohV8|Spikes\n|move|p2a: Ferrothorn|Leech Seed|p1a: Skarmory|[miss]\n|-miss|p2a: Ferrothorn|p1a: Skarmory\n|\n|-weather|RainDance|[upkeep]\n|-heal|p2a: Ferrothorn|100\/100|[from] item: Leftovers\n|upkeep\n|turn|3\n|\n|t:|1651469954\n|switch|p1a: Clefable|Clefable, M, shiny|100\/100\n|move|p2a: Ferrothorn|Stealth Rock|p1a: Clefable\n|-sidestart|p1: return nirvana|move: Stealth Rock\n|\n|-weather|RainDance|[upkeep]\n|upkeep\n|turn|4\n|\n|t:|1651469958\n|move|p1a: Clefable|Knock Off|p2a: Ferrothorn\n|-damage|p2a: Ferrothorn|91\/100\n|-activate|p2a: Ferrothorn|ability: Iron Barbs\n|-enditem|p2a: Ferrothorn|Leftovers|[from] move: Knock Off|[of] p1a: Clefable\n|move|p2a: Ferrothorn|Gyro Ball|p1a: Clefable\n|-supereffective|p1a: Clefable\n|-damage|p1a: Clefable|50\/100\n|\n|-weather|RainDance|[upkeep]\n|-damage|p2a: Ferrothorn|79\/100|[from] item: Sticky Barb\n|upkeep\n|turn|5\n|\n|t:|1651469980\n|move|p1a: Clefable|Soft-Boiled|p1a: Clefable\n|-heal|p1a: Clefable|99\/100\n|move|p2a: Ferrothorn|Gyro Ball|p1a: Clefable\n|-supereffective|p1a: Clefable\n|-damage|p1a: Clefable|48\/100\n|\n|-weather|RainDance|[upkeep]\n|-damage|p2a: Ferrothorn|66\/100|[from] item: Sticky Barb\n|upkeep\n|turn|6\n|\n|t:|1651469987\n|move|p1a: Clefable|Soft-Boiled|p1a: Clefable\n|-heal|p1a: Clefable|98\/100\n|move|p2a: Ferrothorn|Knock Off|p1a: Clefable\n|-resisted|p1a: Clefable\n|-damage|p1a: Clefable|93\/100\n|\n|-weather|RainDance|[upkeep]\n|-damage|p2a: Ferrothorn|54\/100|[from] item: Sticky Barb\n|upkeep\n|turn|7\n|\n|t:|1651469990\n|move|p1a: Clefable|Moonblast|p2a: Ferrothorn\n|-resisted|p2a: Ferrothorn\n|-damage|p2a: Ferrothorn|40\/100\n|move|p2a: Ferrothorn|Gyro Ball|p1a: Clefable\n|-supereffective|p1a: Clefable\n|-damage|p1a: Clefable|43\/100\n|\n|-weather|RainDance|[upkeep]\n|-damage|p2a: Ferrothorn|27\/100|[from] item: Sticky Barb\n|upkeep\n|turn|8\n|\n|t:|1651470004\n|move|p1a: Clefable|Soft-Boiled|p1a: Clefable\n|-heal|p1a: Clefable|93\/100\n|move|p2a: Ferrothorn|Gyro Ball|p1a: Clefable\n|-supereffective|p1a: Clefable\n|-damage|p1a: Clefable|43\/100\n|\n|-weather|none\n|-damage|p2a: Ferrothorn|15\/100|[from] item: Sticky Barb\n|upkeep\n|turn|9\n|\n|t:|1651470008\n|switch|p2a: Pelipper|Pelipper, F|100\/100\n|-weather|RainDance|[from] ability: Drizzle|[of] p2a: Pelipper\n|move|p1a: Clefable|Soft-Boiled|p1a: Clefable\n|-heal|p1a: Clefable|93\/100\n|\n|-weather|RainDance|[upkeep]\n|upkeep\n|turn|10\n|\n|t:|1651470016\n|move|p1a: Clefable|Moonblast|p2a: Pelipper\n|-damage|p2a: Pelipper|57\/100\n|move|p2a: Pelipper|U-turn|p1a: Clefable\n|-resisted|p1a: Clefable\n|-crit|p1a: Clefable\n|-damage|p1a: Clefable|87\/100\n|\n|t:|1651470022\n|switch|p2a: Barraskewda|Barraskewda, M|100\/100|[from]move: U-turn\n|-damage|p2a: Barraskewda|88\/100|[from] Spikes\n|\n|-weather|RainDance|[upkeep]\n|upkeep\n|turn|11\n|\n|t:|1651470027\n|move|p2a: Barraskewda|Flip Turn|p1a: Clefable\n|-damage|p1a: Clefable|27\/100\n|\n|t:|1651470033\n|switch|p2a: Tapu Koko|Tapu Koko|100\/100|[from]move: Flip Turn\n|-damage|p2a: Tapu Koko|88\/100|[from] Spikes\n|-fieldstart|move: Electric Terrain|[from] ability: Electric Surge|[of] p2a: Tapu Koko\n|move|p1a: Clefable|Moonblast|p2a: Tapu Koko\n|-damage|p2a: Tapu Koko|42\/100\n|\n|-weather|RainDance|[upkeep]\n|upkeep\n|turn|12\n|\n|t:|1651470041\n|switch|p1a: Zeraora|Zeraora, shiny|100\/100\n|move|p2a: Tapu Koko|Thunder|p1a: Zeraora\n|-immune|p1a: Zeraora|[from] ability: Volt Absorb\n|\n|-weather|RainDance|[upkeep]\n|upkeep\n|turn|13\n|\n|t:|1651470046\n|move|p1a: Zeraora|Plasma Fists|p2a: Tapu Koko\n|-resisted|p2a: Tapu Koko\n|-damage|p2a: Tapu Koko|2\/100\n|-fieldactivate|move: Ion Deluge\n|-hint|Normal-type moves become Electric-type after using Plasma Fists.\n|move|p2a: Tapu Koko|Thunder|p1a: Zeraora\n|-immune|p1a: Zeraora|[from] ability: Volt Absorb\n|\n|-weather|RainDance|[upkeep]\n|upkeep\n|turn|14\n|\n|t:|1651470050\n|move|p1a: Zeraora|Volt Switch|p2a: Tapu Koko\n|-resisted|p2a: Tapu Koko\n|-damage|p2a: Tapu Koko|0 fnt\n|faint|p2a: Tapu Koko\n|\n|t:|1651470052\n|switch|p1a: Pyukumuku|Pyukumuku, L95, F, shiny|100\/100|[from]move: Volt Switch\n|\n|-weather|RainDance|[upkeep]\n|upkeep\n|\n|t:|1651470061\n|switch|p2a: Tornadus|Tornadus-Therian, M|100\/100\n|turn|15\n|\n|t:|1651470063\n|switch|p1a: Zeraora|Zeraora, shiny|100\/100\n|move|p2a: Tornadus|Hurricane|p1a: Zeraora\n|-resisted|p1a: Zeraora\n|-damage|p1a: Zeraora|55\/100\n|-damage|p2a: Tornadus|91\/100|[from] item: Life Orb\n|\n|-weather|RainDance|[upkeep]\n|-fieldend|move: Electric Terrain\n|upkeep\n|turn|16\n|\n|t:|1651470071\n|move|p1a: Zeraora|Plasma Fists|p2a: Tornadus\n|-supereffective|p2a: Tornadus\n|-damage|p2a: Tornadus|0 fnt\n|-fieldactivate|move: Ion Deluge\n|-hint|Normal-type moves become Electric-type after using Plasma Fists.\n|faint|p2a: Tornadus\n|\n|-weather|none\n|upkeep\n|-message|INNohV8 forfeited.\n|\n|win|return nirvana\n|n|\u2606return nirvana|returnnirvana\n|n|\u2606INNohV8|innohv8\n|l|\u2606INNohV8\n","uploadtime":1651470080,"views":327,"p1id":"returnnirvana","p2id":"innohv8","formatid":"gen8ou","rating":0,"private":0,"password":null}