{"id":"gen8bdspubers-1502675401","p1":"jayroorOU","p2":"Anibunnysomoney","format":"gen8bdspubers","log":"|j|\u2606jayroorOU\n|j|\u2606Anibunnysomoney\n|t:|1643757583\n|gametype|singles\n|player|p1|jayroorOU|sailor|\n|player|p2|Anibunnysomoney|bugcatcher-gen4dp|\n|teamsize|p1|6\n|teamsize|p2|6\n|gen|8\n|tier|[Gen 8 BDSP] Ubers\n|rule|Sleep Clause Mod: Limit one foe put to sleep\n|rule|Species Clause: Limit one of each Pok\u00e9mon\n|rule|OHKO Clause: OHKO moves are banned\n|rule|Evasion Moves Clause: Evasion moves are banned\n|rule|Endless Battle Clause: Forcing endless battles is banned\n|rule|HP Percentage Mod: HP is shown in percentages\n|clearpoke\n|poke|p1|Aerodactyl, F|\n|poke|p1|Magmortar, M|\n|poke|p1|Mismagius, F|\n|poke|p1|Granbull, M|\n|poke|p1|Uxie|\n|poke|p1|Manaphy|\n|poke|p2|Gallade, M|\n|poke|p2|Azumarill, M|\n|poke|p2|Venusaur, M|\n|poke|p2|Flygon, M|\n|poke|p2|Magnezone|\n|poke|p2|Entei|\n|teampreview\n|\n|t:|1643757608\n|start\n|switch|p1a: Pegasus|Aerodactyl, F, shiny|100\/100\n|switch|p2a: Azumarill|Azumarill, M|100\/100\n|-ability|p1a: Pegasus|Pressure\n|turn|1\n|\n|t:|1643757618\n|move|p2a: Azumarill|Aqua Jet|p1a: Pegasus\n|-supereffective|p1a: Pegasus\n|-enditem|p1a: Pegasus|Focus Sash\n|-damage|p1a: Pegasus|1\/100\n|move|p1a: Pegasus|Stealth Rock|p2a: Azumarill\n|-sidestart|p2: Anibunnysomoney|move: Stealth Rock\n|\n|upkeep\n|turn|2\n|\n|t:|1643757646\n|switch|p1a: LBJ|Manaphy|100\/100\n|move|p2a: Azumarill|Aqua Jet|p1a: LBJ\n|-resisted|p1a: LBJ\n|-damage|p1a: LBJ|86\/100\n|\n|upkeep\n|turn|3\n|\n|t:|1643757678\n|switch|p2a: Flygon|Flygon, M|100\/100\n|-damage|p2a: Flygon|94\/100|[from] Stealth Rock\n|move|p1a: LBJ|Surf|p2a: Flygon\n|-damage|p2a: Flygon|60\/100\n|\n|upkeep\n|turn|4\n|\n|t:|1643757686\n|move|p1a: LBJ|Ice Beam|p2a: Flygon\n|-supereffective|p2a: Flygon\n|-enditem|p2a: Flygon|Yache Berry|[eat]\n|-enditem|p2a: Flygon|Yache Berry|[weaken]\n|-damage|p2a: Flygon|19\/100\n|move|p2a: Flygon|Sunny Day|p2a: Flygon\n|-weather|SunnyDay\n|\n|-weather|SunnyDay|[upkeep]\n|upkeep\n|turn|5\n|c|\u2606jayroorOU|o fuck no\n|\n|t:|1643757702\n|move|p1a: LBJ|Ice Beam|p2a: Flygon\n|-supereffective|p2a: Flygon\n|-damage|p2a: Flygon|0 fnt\n|faint|p2a: Flygon\n|\n|-weather|SunnyDay|[upkeep]\n|upkeep\n|\n|t:|1643757709\n|switch|p2a: Venusaur|Venusaur, M|100\/100\n|-damage|p2a: Venusaur|88\/100|[from] Stealth Rock\n|turn|6\n|\n|t:|1643757729\n|switch|p1a: Nunnally|Uxie|100\/100\n|move|p2a: Venusaur|Sleep Powder|p1a: Nunnally|[miss]\n|-miss|p2a: Venusaur|p1a: Nunnally\n|\n|-weather|SunnyDay|[upkeep]\n|upkeep\n|turn|7\n|c|\u2606jayroorOU|SHEESH\n|\n|t:|1643757745\n|move|p1a: Nunnally|Thunder Wave|p2a: Venusaur\n|-status|p2a: Venusaur|par\n|move|p2a: Venusaur|Sleep Powder|p1a: Nunnally|[miss]\n|-miss|p2a: Venusaur|p1a: Nunnally\n|\n|-weather|SunnyDay|[upkeep]\n|upkeep\n|turn|8\n|c|\u2606jayroorOU|wait wtf\n|c|\u2606jayroorOU|ur not chlorophyll ?\n|\n|t:|1643757789\n|move|p1a: Nunnally|Psychic|p2a: Venusaur\n|-supereffective|p2a: Venusaur\n|-damage|p2a: Venusaur|42\/100 par\n|move|p2a: Venusaur|Sludge Bomb|p1a: Nunnally\n|-damage|p1a: Nunnally|56\/100\n|-damage|p2a: Venusaur|32\/100 par|[from] item: Life Orb\n|\n|-weather|none\n|upkeep\n|turn|9\n|c|\u2606Anibunnysomoney|Lol gg already\n|c|\u2606jayroorOU|nah not even close\n|c|\u2606jayroorOU|did u misclick ability ?\n|c|\u2606Anibunnysomoney|Yep\n|c|\u2606Anibunnysomoney|Gg l\n|\n|t:|1643757858\n|move|p1a: Nunnally|Psychic|p2a: Venusaur\n|-supereffective|p2a: Venusaur\n|-damage|p2a: Venusaur|0 fnt\n|faint|p2a: Venusaur\n|\n|upkeep\n|\n|t:|1643757879\n|switch|p2a: Magnezone|Magnezone|100\/100\n|-damage|p2a: Magnezone|94\/100|[from] Stealth Rock\n|turn|10\n|\n|t:|1643757889\n|move|p2a: Magnezone|Thunderbolt|p1a: Nunnally\n|-damage|p1a: Nunnally|15\/100\n|-enditem|p1a: Nunnally|Sitrus Berry|[eat]\n|-heal|p1a: Nunnally|40\/100|[from] item: Sitrus Berry\n|move|p1a: Nunnally|Psychic|p2a: Magnezone\n|-resisted|p2a: Magnezone\n|-damage|p2a: Magnezone|82\/100\n|\n|upkeep\n|turn|11\n|\n|t:|1643757899\n|move|p2a: Magnezone|Thunderbolt|p1a: Nunnally\n|-damage|p1a: Nunnally|0 fnt\n|faint|p1a: Nunnally\n|\n|upkeep\n|\n|t:|1643757926\n|switch|p1a: Courage|Granbull, M|100\/100\n|-ability|p1a: Courage|Intimidate|boost\n|-unboost|p2a: Magnezone|atk|1\n|turn|12\n|c|\u2606Anibunnysomoney|Can\u2019t believe I put overgrow lmao I double checked\n|\n|t:|1643757947\n|switch|p2a: Azumarill|Azumarill, M|100\/100\n|-damage|p2a: Azumarill|88\/100|[from] Stealth Rock\n|move|p1a: Courage|Earthquake|p2a: Azumarill\n|-damage|p2a: Azumarill|46\/100\n|\n|upkeep\n|turn|13\n|\n|t:|1643757973\n|switch|p1a: Pegasus|Aerodactyl, F, shiny|1\/100\n|-ability|p1a: Pegasus|Pressure\n|move|p2a: Azumarill|Waterfall|p1a: Pegasus\n|-supereffective|p1a: Pegasus\n|-damage|p1a: Pegasus|0 fnt\n|faint|p1a: Pegasus\n|\n|upkeep\n|\n|t:|1643758017\n|switch|p1a: Casper|Mismagius, F|100\/100\n|turn|14\n|\n|t:|1643758051\n|switch|p2a: Entei|Entei|100\/100\n|-damage|p2a: Entei|76\/100|[from] Stealth Rock\n|move|p1a: Casper|Thunderbolt|p2a: Entei\n|-damage|p2a: Entei|36\/100\n|-damage|p1a: Casper|91\/100|[from] item: Life Orb\n|\n|upkeep\n|turn|15\n|\n|t:|1643758067\n|move|p2a: Entei|Sacred Fire|p1a: Casper\n|-damage|p1a: Casper|14\/100\n|move|p1a: Casper|Power Gem|p2a: Entei\n|-supereffective|p2a: Entei\n|-damage|p2a: Entei|0 fnt\n|faint|p2a: Entei\n|-damage|p1a: Casper|4\/100|[from] item: Life Orb\n|\n|upkeep\n|\n|t:|1643758095\n|switch|p2a: Gallade|Gallade, M|100\/100\n|-damage|p2a: Gallade|94\/100|[from] Stealth Rock\n|turn|16\n|\n|t:|1643758103\n|move|p2a: Gallade|Shadow Sneak|p1a: Casper\n|-supereffective|p1a: Casper\n|-damage|p1a: Casper|0 fnt\n|faint|p1a: Casper\n|\n|upkeep\n|\n|t:|1643758111\n|switch|p1a: Courage|Granbull, M|100\/100\n|-ability|p1a: Courage|Intimidate|boost\n|-unboost|p2a: Gallade|atk|1\n|turn|17\n|\n|t:|1643758145\n|switch|p1a: Proto Man|Magmortar, M|100\/100\n|move|p2a: Gallade|Protect||[still]\n|-fail|p2a: Gallade\n|\n|upkeep\n|turn|18\n|\n|t:|1643758157\n|move|p1a: Proto Man|Overheat|p2a: Gallade\n|-damage|p2a: Gallade|26\/100\n|-unboost|p1a: Proto Man|spa|2\n|move|p2a: Gallade|Knock Off|p1a: Proto Man\n|-damage|p1a: Proto Man|67\/100\n|-status|p2a: Gallade|brn|[from] ability: Flame Body|[of] p1a: Proto Man\n|-enditem|p1a: Proto Man|Choice Specs|[from] move: Knock Off|[of] p2a: Gallade\n|\n|-damage|p2a: Gallade|20\/100 brn|[from] brn\n|upkeep\n|turn|19\n|\n|t:|1643758187\n|move|p2a: Gallade|Shadow Sneak|p1a: Proto Man\n|-damage|p1a: Proto Man|61\/100\n|move|p1a: Proto Man|Thunderbolt|p2a: Gallade\n|-damage|p2a: Gallade|8\/100 brn\n|\n|-damage|p2a: Gallade|2\/100 brn|[from] brn\n|upkeep\n|turn|20\n|\n|t:|1643758197\n|move|p2a: Gallade|Shadow Sneak|p1a: Proto Man\n|-damage|p1a: Proto Man|54\/100\n|move|p1a: Proto Man|Psychic|p2a: Gallade\n|-damage|p2a: Gallade|0 fnt\n|faint|p2a: Gallade\n|\n|upkeep\n|\n|t:|1643758309\n|switch|p2a: Magnezone|Magnezone|82\/100\n|-damage|p2a: Magnezone|75\/100|[from] Stealth Rock\n|turn|21\n|\n|t:|1643758354\n|move|p1a: Proto Man|Overheat|p2a: Magnezone\n|-supereffective|p2a: Magnezone\n|-damage|p2a: Magnezone|9\/100\n|-unboost|p1a: Proto Man|spa|2\n|move|p2a: Magnezone|Thunderbolt|p1a: Proto Man\n|-damage|p1a: Proto Man|0 fnt\n|faint|p1a: Proto Man\n|\n|upkeep\n|\n|t:|1643758364\n|switch|p1a: Courage|Granbull, M|100\/100\n|-ability|p1a: Courage|Intimidate|boost\n|-unboost|p2a: Magnezone|atk|1\n|turn|22\n|c|\u2606jayroorOU|damn thought that would kill\n|c|\u2606Anibunnysomoney|Lol don\u2019t matter it\u2019s gg\n|c|\u2606jayroorOU|i think this is gg unless i'm ed\n|c|\u2606jayroorOU|i just click EQ and i win pretty sure\n|c|\u2606Anibunnysomoney|Messed up my magnezone too, forgot to put speed investment with scarf\n|\n|t:|1643758467\n|switch|p2a: Azumarill|Azumarill, M|46\/100\n|-damage|p2a: Azumarill|34\/100|[from] Stealth Rock\n|move|p1a: Courage|Earthquake|p2a: Azumarill\n|-damage|p2a: Azumarill|0 fnt\n|faint|p2a: Azumarill\n|\n|upkeep\n|c|\u2606jayroorOU|lmao i built manaphy for magne if it got real bad\n|\n|t:|1643758475\n|switch|p2a: Magnezone|Magnezone|9\/100\n|-damage|p2a: Magnezone|3\/100|[from] Stealth Rock\n|turn|23\n|c|\u2606jayroorOU|it has a wacan berry\n|\n|t:|1643758480\n|move|p1a: Courage|Earthquake|p2a: Magnezone\n|-supereffective|p2a: Magnezone\n|-damage|p2a: Magnezone|0 fnt\n|faint|p2a: Magnezone\n|\n|win|jayroorOU\n|c|\u2606jayroorOU|GG\n|c|\u2606Anibunnysomoney|Gg\n","uploadtime":1643758491,"views":126,"p1id":"jayroorou","p2id":"anibunnysomoney","formatid":"gen8bdspubers","rating":0,"private":0,"password":null}