{"id":"gen8bdspou-1535723551","p1":"smoovBert","p2":"Anibunnysomoney","format":"gen8bdspou","log":"|j|\u2606smoovBert\n|j|\u2606Anibunnysomoney\n|t:|1647900743\n|gametype|singles\n|player|p1|smoovBert|waiter|1436\n|player|p2|Anibunnysomoney|1|1383\n|teamsize|p1|6\n|teamsize|p2|6\n|gen|8\n|tier|[Gen 8 BDSP] OU\n|rated|\n|rule|Sleep Clause Mod: Limit one foe put to sleep\n|rule|Species Clause: Limit one of each Pok\u00e9mon\n|rule|OHKO Clause: OHKO moves are banned\n|rule|Evasion Moves Clause: Evasion moves are banned\n|rule|Endless Battle Clause: Forcing endless battles is banned\n|rule|HP Percentage Mod: HP is shown in percentages\n|clearpoke\n|poke|p1|Hippowdon, M|\n|poke|p1|Clefable, M|\n|poke|p1|Skarmory, F|\n|poke|p1|Gastrodon, F|\n|poke|p1|Tangrowth, F|\n|poke|p1|Rotom-Wash|\n|poke|p2|Blissey, F|\n|poke|p2|Tangrowth, M|\n|poke|p2|Azumarill, M|\n|poke|p2|Heatran, F|\n|poke|p2|Gliscor, M|\n|poke|p2|Clefable, F|\n|teampreview\n|inactive|Battle timer is ON: inactive players will automatically lose when time's up. (requested by smoovBert)\n|\n|t:|1647900758\n|start\n|switch|p1a: Rotom|Rotom-Wash|100\/100\n|switch|p2a: Azumarill|Azumarill, M|100\/100\n|turn|1\n|\n|t:|1647900767\n|switch|p2a: Blissey|Blissey, F|100\/100\n|move|p1a: Rotom|Volt Switch|p2a: Blissey\n|-damage|p2a: Blissey|92\/100\n|\n|t:|1647900775\n|switch|p1a: Tangrowth|Tangrowth, F|100\/100|[from]move: Volt Switch\n|\n|-heal|p2a: Blissey|98\/100|[from] item: Leftovers\n|upkeep\n|turn|2\n|\n|t:|1647900781\n|move|p2a: Blissey|Thunder Wave|p1a: Tangrowth\n|-status|p1a: Tangrowth|par\n|move|p1a: Tangrowth|Knock Off|p2a: Blissey\n|-damage|p2a: Blissey|78\/100\n|-enditem|p2a: Blissey|Leftovers|[from] move: Knock Off|[of] p1a: Tangrowth\n|\n|upkeep\n|turn|3\n|\n|t:|1647900791\n|move|p2a: Blissey|Stealth Rock|p1a: Tangrowth\n|-sidestart|p1: smoovBert|move: Stealth Rock\n|move|p1a: Tangrowth|Sludge Bomb|p2a: Blissey\n|-damage|p2a: Blissey|71\/100\n|\n|upkeep\n|turn|4\n|\n|t:|1647900802\n|move|p2a: Blissey|Seismic Toss|p1a: Tangrowth\n|-damage|p1a: Tangrowth|76\/100 par\n|move|p1a: Tangrowth|Earthquake|p2a: Blissey\n|-damage|p2a: Blissey|48\/100\n|\n|-heal|p1a: Tangrowth|82\/100 par|[from] item: Leftovers\n|upkeep\n|turn|5\n|\n|t:|1647900819\n|switch|p1a: Hippowdon|Hippowdon, M|100\/100\n|-damage|p1a: Hippowdon|94\/100|[from] Stealth Rock\n|-weather|Sandstorm|[from] ability: Sand Stream|[of] p1a: Hippowdon\n|move|p2a: Blissey|Soft-Boiled|p2a: Blissey\n|-heal|p2a: Blissey|98\/100\n|\n|-weather|Sandstorm|[upkeep]\n|-damage|p2a: Blissey|91\/100|[from] Sandstorm\n|-heal|p1a: Hippowdon|100\/100|[from] item: Leftovers\n|upkeep\n|turn|6\n|\n|t:|1647900838\n|switch|p2a: Tangrowth|Tangrowth, M|100\/100\n|move|p1a: Hippowdon|Earthquake|p2a: Tangrowth\n|-resisted|p2a: Tangrowth\n|-damage|p2a: Tangrowth|90\/100\n|\n|-weather|Sandstorm|[upkeep]\n|-damage|p2a: Tangrowth|84\/100|[from] Sandstorm\n|upkeep\n|turn|7\n|\n|t:|1647900846\n|switch|p1a: Skarmory|Skarmory, F|100\/100\n|-damage|p1a: Skarmory|88\/100|[from] Stealth Rock\n|move|p2a: Tangrowth|Knock Off|p1a: Skarmory\n|-damage|p1a: Skarmory|75\/100\n|-enditem|p1a: Skarmory|Shed Shell|[from] move: Knock Off|[of] p2a: Tangrowth\n|\n|-weather|Sandstorm|[upkeep]\n|-damage|p2a: Tangrowth|78\/100|[from] Sandstorm\n|upkeep\n|turn|8\n|\n|t:|1647900855\n|move|p1a: Skarmory|Defog|p2a: Tangrowth\n|-unboost|p2a: Tangrowth|evasion|1\n|-sideend|p1: smoovBert|Stealth Rock|[from] move: Defog|[of] p1a: Skarmory\n|move|p2a: Tangrowth|Sleep Powder|p1a: Skarmory\n|-status|p1a: Skarmory|slp|[from] move: Sleep Powder\n|\n|-weather|Sandstorm|[upkeep]\n|-damage|p2a: Tangrowth|72\/100|[from] Sandstorm\n|upkeep\n|turn|9\n|\n|t:|1647900870\n|switch|p1a: Clefable|Clefable, M|100\/100\n|switch|p2a: Heatran|Heatran, F|100\/100\n|\n|-weather|none\n|upkeep\n|turn|10\n|\n|t:|1647900877\n|switch|p1a: Gastrodon|Gastrodon, F|100\/100\n|move|p2a: Heatran|Flash Cannon|p1a: Gastrodon\n|-resisted|p1a: Gastrodon\n|-damage|p1a: Gastrodon|85\/100\n|\n|-heal|p1a: Gastrodon|91\/100|[from] item: Leftovers\n|upkeep\n|turn|11\n|\n|t:|1647900884\n|move|p2a: Heatran|Solar Beam||[still]\n|-prepare|p2a: Heatran|Solar Beam\n|-enditem|p2a: Heatran|Power Herb\n|-anim|p2a: Heatran|Solar Beam|p1a: Gastrodon\n|-supereffective|p1a: Gastrodon\n|-damage|p1a: Gastrodon|0 fnt\n|faint|p1a: Gastrodon\n|\n|upkeep\n|-message|smoovBert forfeited.\n|\n|win|Anibunnysomoney\n|raw|smoovBert's rating: 1436 &rarr; <strong>1413<\/strong><br \/>(-23 for losing)\n|raw|Anibunnysomoney's rating: 1383 &rarr; <strong>1406<\/strong><br \/>(+23 for winning)\n|l|\u2606smoovBert\n","uploadtime":1647900908,"views":5,"p1id":"smoovbert","p2id":"anibunnysomoney","formatid":"gen8bdspou","rating":1406,"private":0,"password":null}