{"id":"gen8mixandmega-1654016472","p1":"Unviabriel","p2":"Andyboy","format":"gen8mixandmega","log":"|j|\u2606Unviabriel\n|j|\u2606Andyboy\n|t:|1662084226\n|gametype|singles\n|player|p1|Unviabriel|shauntal|\n|player|p2|Andyboy|lillie-masters2|\n|teamsize|p1|6\n|teamsize|p2|6\n|gen|8\n|tier|[Gen 8] Mix and Mega\n|rule|Species Clause: Limit one of each Pok\u00e9mon\n|rule|OHKO Clause: OHKO moves are banned\n|rule|Evasion Moves Clause: Evasion moves are banned\n|rule|Endless Battle Clause: Forcing endless battles is banned\n|rule|Dynamax Clause: You cannot dynamax\n|rule|HP Percentage Mod: HP is shown in percentages\n|rule|Sleep Clause Mod: Limit one foe put to sleep\n|clearpoke\n|poke|p1|Barraskewda, M|\n|poke|p1|Landorus-Therian, M|\n|poke|p1|Regieleki|\n|poke|p1|Ho-Oh|\n|poke|p1|Solgaleo|\n|poke|p1|Milotic, M|\n|poke|p2|Tapu Koko|\n|poke|p2|Barraskewda, F|\n|poke|p2|Skarmory, M|\n|poke|p2|Mew|\n|poke|p2|Blissey, F|\n|poke|p2|Regieleki|\n|teampreview\n|j| clefable886 \u273f\n|c|\u2606Unviabriel|glhf\n|j| career ended\n|j| pannuracotta\n|c| clefable886 \u273f|gandyboy\n|j| quojova\n|j|@Isaiah\n|c|\u2606Andyboy|u2\n|j| Talonflame\n|j| Beka \u2764\n|j| Potatochan789\n|\n|t:|1662084297\n|start\n|switch|p1a: Barraskewda|Barraskewda, M|100\/100\n|switch|p2a: Skarmory|Skarmory, M|100\/100\n|turn|1\n|j| Desi Ladaka\n|\n|t:|1662084350\n|detailschange|p1a: Barraskewda|Barraskewda, M\n|-mega|p1a: Barraskewda|Barraskewda|Lopunnite\n|-start|p1a: Barraskewda|Lopunnite|[silent]\n|-start|p1a: Barraskewda|typechange|Water\/Fighting|[silent]\n|move|p1a: Barraskewda|Flip Turn|p2a: Skarmory\n|-damage|p2a: Skarmory|71\/100\n|j| lt91bb bj\n|\n|t:|1662084376\n|-end|p1a: Barraskewda|Lopunnite|[silent]\n|switch|p1a: Regieleki|Regieleki|100\/100|[from]move: Flip Turn\n|move|p2a: Skarmory|Spikes|p1a: Regieleki\n|-sidestart|p1: Unviabriel|Spikes\n|\n|upkeep\n|turn|2\n|c| clefable886 \u273f|Up\n|l| lt91bb bj\n|j| lt91bb bj\n|\n|t:|1662084417\n|detailschange|p1a: Regieleki|Regieleki\n|-mega|p1a: Regieleki|Regieleki|Altarianite\n|-start|p1a: Regieleki|Altarianite|[silent]\n|-start|p1a: Regieleki|typechange|Electric\/Fairy|[silent]\n|detailschange|p2a: Skarmory|Skarmory, M\n|-mega|p2a: Skarmory|Skarmory|Ampharosite\n|-ability|p2a: Skarmory|Mold Breaker\n|-start|p2a: Skarmory|Ampharosite|[silent]\n|-start|p2a: Skarmory|typechange|Steel\/Dragon|[silent]\n|move|p1a: Regieleki|Rapid Spin|p2a: Skarmory\n|-damage|p2a: Skarmory|51\/100\n|-boost|p1a: Regieleki|spe|1\n|-sideend|p1: Unviabriel|Spikes|[from] move: Rapid Spin|[of] p1a: Regieleki\n|move|p2a: Skarmory|Roost|p2a: Skarmory\n|-heal|p2a: Skarmory|100\/100\n|-singleturn|p2a: Skarmory|move: Roost\n|\n|upkeep\n|turn|3\n|l| Beka \u2764\n|\n|t:|1662084460\n|move|p1a: Regieleki|Volt Switch|p2a: Skarmory\n|-resisted|p2a: Skarmory\n|-damage|p2a: Skarmory|85\/100\n|\n|t:|1662084479\n|-end|p1a: Regieleki|Altarianite|[silent]\n|switch|p1a: Landorus|Landorus-Therian, M|100\/100|[from]move: Volt Switch\n|-ability|p1a: Landorus|Intimidate|boost\n|-unboost|p2a: Skarmory|atk|1\n|move|p2a: Skarmory|Spikes|p1a: Landorus\n|-sidestart|p1: Unviabriel|Spikes\n|\n|upkeep\n|turn|4\n|\n|t:|1662084526\n|-end|p2a: Skarmory|Ampharosite|[silent]\n|switch|p2a: Mew|Mew|100\/100\n|detailschange|p1a: Landorus|Landorus-Therian, M\n|-mega|p1a: Landorus|Landorus|Salamencite\n|-start|p1a: Landorus|Salamencite|[silent]\n|move|p1a: Landorus|Earthquake|p2a: Mew\n|-damage|p2a: Mew|70\/100\n|\n|upkeep\n|turn|5\n|\n|t:|1662084564\n|-end|p1a: Landorus|Salamencite|[silent]\n|switch|p1a: Solgaleo|Solgaleo|100\/100\n|-damage|p1a: Solgaleo|88\/100|[from] Spikes\n|detailschange|p2a: Mew|Mew\n|-mega|p2a: Mew|Mew|Manectite\n|-ability|p2a: Mew|Intimidate|boost\n|-fail|p1a: Solgaleo|unboost|[from] ability: Full Metal Body|[of] p1a: Solgaleo\n|-start|p2a: Mew|Manectite|[silent]\n|move|p2a: Mew|Volt Switch|p1a: Solgaleo\n|-damage|p1a: Solgaleo|70\/100\n|\n|t:|1662084588\n|-end|p2a: Mew|Manectite|[silent]\n|switch|p2a: Blissey|Blissey, F|100\/100|[from]move: Volt Switch\n|\n|upkeep\n|turn|6\n|l|\u2606Unviabriel\n|player|p1|\n|l| lt91bb bj\n|c| Potatochan789|dead server\n|j| lt91bb bj\n|j|\u2606Unviabriel\n|player|p1|Unviabriel|shauntal\n|\n|t:|1662084783\n|detailschange|p2a: Blissey|Blissey, F\n|-mega|p2a: Blissey|Blissey|Sablenite\n|-start|p2a: Blissey|Sablenite|[silent]\n|move|p1a: Solgaleo|Morning Sun|p1a: Solgaleo\n|-heal|p1a: Solgaleo|100\/100\n|move|p2a: Blissey|Teleport|p2a: Blissey\n|\n|t:|1662084793\n|-end|p2a: Blissey|Sablenite|[silent]\n|switch|p2a: Barraskewda|Barraskewda, F|100\/100|[from]move: Teleport\n|\n|upkeep\n|turn|7\n|j| XxSevagxX\n|\n|t:|1662084817\n|detailschange|p2a: Barraskewda|Barraskewda, F\n|-mega|p2a: Barraskewda|Barraskewda|Lopunnite\n|-start|p2a: Barraskewda|Lopunnite|[silent]\n|-start|p2a: Barraskewda|typechange|Water\/Fighting|[silent]\n|detailschange|p1a: Solgaleo|Solgaleo\n|-mega|p1a: Solgaleo|Solgaleo|Cameruptite\n|-start|p1a: Solgaleo|Cameruptite|[silent]\n|move|p2a: Barraskewda|Flip Turn|p1a: Solgaleo\n|-damage|p1a: Solgaleo|77\/100\n|\n|t:|1662084848\n|-end|p2a: Barraskewda|Lopunnite|[silent]\n|switch|p2a: Blissey|Blissey, F|100\/100|[from]move: Flip Turn\n|-start|p2a: Blissey|Sablenite|[silent]\n|move|p1a: Solgaleo|Thunderbolt|p2a: Blissey\n|-damage|p2a: Blissey|86\/100\n|\n|upkeep\n|turn|8\n|c| Desi Ladaka|rebirthed server\n|\n|t:|1662084888\n|move|p1a: Solgaleo|Calm Mind|p1a: Solgaleo\n|-boost|p1a: Solgaleo|spa|1\n|-boost|p1a: Solgaleo|spd|1\n|move|p2a: Blissey|Teleport|p2a: Blissey\n|\n|t:|1662084908\n|-end|p2a: Blissey|Sablenite|[silent]\n|switch|p2a: Mew|Mew|70\/100|[from]move: Teleport\n|-start|p2a: Mew|Manectite|[silent]\n|-ability|p2a: Mew|Intimidate|boost\n|-unboost|p1a: Solgaleo|atk|1\n|\n|upkeep\n|turn|9\n|j| SpikeyRifk\n|l| lt91bb bj\n|\n|t:|1662084928\n|move|p2a: Mew|Encore|p1a: Solgaleo\n|-start|p1a: Solgaleo|Encore\n|move|p1a: Solgaleo|Calm Mind|p1a: Solgaleo\n|-boost|p1a: Solgaleo|spa|1\n|-boost|p1a: Solgaleo|spd|1\n|\n|upkeep\n|turn|10\n|\n|t:|1662084949\n|move|p2a: Mew|Volt Switch|p1a: Solgaleo\n|-damage|p1a: Solgaleo|70\/100\n|\n|t:|1662084955\n|-end|p2a: Mew|Manectite|[silent]\n|switch|p2a: Barraskewda|Barraskewda, F|100\/100|[from]move: Volt Switch\n|-start|p2a: Barraskewda|Lopunnite|[silent]\n|-start|p2a: Barraskewda|typechange|Water\/Fighting|[silent]\n|move|p1a: Solgaleo|Calm Mind|p1a: Solgaleo\n|-boost|p1a: Solgaleo|spa|1\n|-boost|p1a: Solgaleo|spd|1\n|\n|upkeep\n|turn|11\n|\n|t:|1662084992\n|-end|p1a: Solgaleo|Cameruptite|[silent]\n|switch|p1a: Ho-Oh|Ho-Oh|100\/100\n|move|p2a: Barraskewda|Close Combat|p1a: Ho-Oh\n|-resisted|p1a: Ho-Oh\n|-damage|p1a: Ho-Oh|72\/100\n|-unboost|p2a: Barraskewda|def|1\n|-unboost|p2a: Barraskewda|spd|1\n|\n|upkeep\n|turn|12\n|\n|t:|1662085020\n|switch|p1a: Milotic|Milotic, M|100\/100\n|-damage|p1a: Milotic|88\/100|[from] Spikes\n|move|p2a: Barraskewda|Liquidation|p1a: Milotic\n|-resisted|p1a: Milotic\n|-damage|p1a: Milotic|65\/100\n|\n|upkeep\n|turn|13\n|\n|t:|1662085033\n|detailschange|p1a: Milotic|Milotic, M\n|-mega|p1a: Milotic|Milotic|Sablenite\n|-start|p1a: Milotic|Sablenite|[silent]\n|move|p2a: Barraskewda|Flip Turn|p1a: Milotic\n|-resisted|p1a: Milotic\n|-damage|p1a: Milotic|55\/100\n|\n|t:|1662085038\n|-end|p2a: Barraskewda|Lopunnite|[silent]\n|switch|p2a: Tapu Koko|Tapu Koko|100\/100|[from]move: Flip Turn\n|-fieldstart|move: Electric Terrain|[from] ability: Electric Surge|[of] p2a: Tapu Koko\n|move|p1a: Milotic|Recover|p1a: Milotic\n|-heal|p1a: Milotic|100\/100\n|\n|upkeep\n|turn|14\n|l| clefable886 \u273f\n|j|@in the hills\n|\n|t:|1662085116\n|-end|p1a: Milotic|Sablenite|[silent]\n|switch|p1a: Landorus|Landorus-Therian, M|100\/100\n|-start|p1a: Landorus|Salamencite|[silent]\n|detailschange|p2a: Tapu Koko|Tapu Koko\n|-mega|p2a: Tapu Koko|Tapu Koko|Lucarionite\n|-start|p2a: Tapu Koko|Lucarionite|[silent]\n|move|p2a: Tapu Koko|Dazzling Gleam|p1a: Landorus\n|-damage|p1a: Landorus|53\/100\n|\n|upkeep\n|turn|15\n|j| mudkipbowl\n|j| Tanny89k\n|\n|t:|1662085176\n|-end|p2a: Tapu Koko|Lucarionite|[silent]\n|switch|p2a: Blissey|Blissey, F|86\/100\n|-start|p2a: Blissey|Sablenite|[silent]\n|move|p1a: Landorus|Earthquake|p2a: Blissey\n|-damage|p2a: Blissey|62\/100\n|\n|upkeep\n|turn|16\n|\n|t:|1662085201\n|move|p1a: Landorus|U-turn|p2a: Blissey\n|-damage|p2a: Blissey|51\/100\n|\n|t:|1662085209\n|-end|p1a: Landorus|Salamencite|[silent]\n|switch|p1a: Regieleki|Regieleki|100\/100|[from]move: U-turn\n|-start|p1a: Regieleki|Altarianite|[silent]\n|-start|p1a: Regieleki|typechange|Electric\/Fairy|[silent]\n|-damage|p1a: Regieleki|88\/100|[from] Spikes\n|move|p2a: Blissey|Teleport|p2a: Blissey\n|\n|t:|1662085222\n|-end|p2a: Blissey|Sablenite|[silent]\n|switch|p2a: Tapu Koko|Tapu Koko|100\/100|[from]move: Teleport\n|-start|p2a: Tapu Koko|Lucarionite|[silent]\n|\n|upkeep\n|turn|17\n|j| lt91bb bj\n|l| Talonflame\n|l| lt91bb bj\n|\n|t:|1662085269\n|move|p1a: Regieleki|Volt Switch|p2a: Tapu Koko\n|-resisted|p2a: Tapu Koko\n|-damage|p2a: Tapu Koko|68\/100\n|\n|t:|1662085284\n|-end|p1a: Regieleki|Altarianite|[silent]\n|switch|p1a: Ho-Oh|Ho-Oh|100\/100|[from]move: Volt Switch\n|move|p2a: Tapu Koko|Dazzling Gleam|p1a: Ho-Oh\n|-resisted|p1a: Ho-Oh\n|-damage|p1a: Ho-Oh|87\/100\n|\n|-fieldend|move: Electric Terrain\n|upkeep\n|turn|18\n|j| Talonflame\n|l| SpikeyRifk\n|\n|t:|1662085300\n|move|p2a: Tapu Koko|Volt Switch|p1a: Ho-Oh\n|-supereffective|p1a: Ho-Oh\n|-damage|p1a: Ho-Oh|40\/100\n|\n|t:|1662085305\n|-end|p2a: Tapu Koko|Lucarionite|[silent]\n|switch|p2a: Skarmory|Skarmory, M|85\/100|[from]move: Volt Switch\n|-start|p2a: Skarmory|Ampharosite|[silent]\n|-start|p2a: Skarmory|typechange|Steel\/Dragon|[silent]\n|-ability|p2a: Skarmory|Mold Breaker\n|move|p1a: Ho-Oh|Sacred Fire|p2a: Skarmory\n|-damage|p2a: Skarmory|59\/100\n|\n|upkeep\n|turn|19\n|\n|t:|1662085320\n|move|p1a: Ho-Oh|Sacred Fire|p2a: Skarmory\n|-damage|p2a: Skarmory|33\/100\n|-status|p2a: Skarmory|brn\n|move|p2a: Skarmory|Roost|p2a: Skarmory\n|-heal|p2a: Skarmory|83\/100 brn\n|-singleturn|p2a: Skarmory|move: Roost\n|\n|-damage|p2a: Skarmory|77\/100 brn|[from] brn\n|upkeep\n|turn|20\n|j| lt91bb bj\n|l| Talonflame\n|\n|t:|1662085360\n|switch|p1a: Barraskewda|Barraskewda, M|100\/100\n|-start|p1a: Barraskewda|Lopunnite|[silent]\n|-start|p1a: Barraskewda|typechange|Water\/Fighting|[silent]\n|-damage|p1a: Barraskewda|88\/100|[from] Spikes\n|move|p2a: Skarmory|Toxic|p1a: Barraskewda\n|-status|p1a: Barraskewda|tox\n|\n|-damage|p1a: Barraskewda|82\/100 tox|[from] psn\n|-damage|p2a: Skarmory|71\/100 brn|[from] brn\n|upkeep\n|turn|21\n|j| Talonflame\n|l| Talonflame\n|j| Fennel Simp\n|c|\u2606Unviabriel|test\n|\n|t:|1662085468\n|-end|p2a: Skarmory|Ampharosite|[silent]\n|switch|p2a: Mew|Mew|70\/100\n|-start|p2a: Mew|Manectite|[silent]\n|-ability|p2a: Mew|Intimidate|boost\n|-fail|p1a: Barraskewda|unboost|Attack|[from] ability: Scrappy|[of] p1a: Barraskewda\n|move|p1a: Barraskewda|Flip Turn|p2a: Mew\n|-damage|p2a: Mew|48\/100\n|l| lt91bb bj\n|j| lt91bb bj\n|l| lt91bb bj\n|\n|t:|1662085502\n|-end|p1a: Barraskewda|Lopunnite|[silent]\n|switch|p1a: Solgaleo|Solgaleo|70\/100|[from]move: Flip Turn\n|-start|p1a: Solgaleo|Cameruptite|[silent]\n|-damage|p1a: Solgaleo|58\/100|[from] Spikes\n|\n|upkeep\n|turn|22\n|j| lt91bb bj\n|j| Ren\n|j| Talonflame\n|\n|t:|1662085533\n|move|p2a: Mew|Roost|p2a: Mew\n|-heal|p2a: Mew|98\/100\n|-singleturn|p2a: Mew|move: Roost\n|move|p1a: Solgaleo|Flash Cannon|p2a: Mew\n|-damage|p2a: Mew|53\/100\n|\n|upkeep\n|turn|23\n|l| Tanny89k\n|\n|t:|1662085567\n|move|p2a: Mew|Volt Switch|p1a: Solgaleo\n|-damage|p1a: Solgaleo|44\/100\n|l| lt91bb bj\n|j| lt91bb bj\n|\n|t:|1662085628\n|-end|p2a: Mew|Manectite|[silent]\n|switch|p2a: Blissey|Blissey, F|51\/100|[from]move: Volt Switch\n|-start|p2a: Blissey|Sablenite|[silent]\n|move|p1a: Solgaleo|Flash Cannon|p2a: Blissey\n|-damage|p2a: Blissey|31\/100\n|\n|upkeep\n|turn|24\n|\n|t:|1662085636\n|move|p1a: Solgaleo|Morning Sun|p1a: Solgaleo\n|-heal|p1a: Solgaleo|94\/100\n|move|p2a: Blissey|Soft-Boiled|p2a: Blissey\n|-heal|p2a: Blissey|81\/100\n|\n|upkeep\n|turn|25\n|\n|t:|1662085647\n|move|p1a: Solgaleo|Flash Cannon|p2a: Blissey\n|-damage|p2a: Blissey|62\/100\n|move|p2a: Blissey|Teleport|p2a: Blissey\n|\n|t:|1662085676\n|-end|p2a: Blissey|Sablenite|[silent]\n|switch|p2a: Barraskewda|Barraskewda, F|100\/100|[from]move: Teleport\n|-start|p2a: Barraskewda|Lopunnite|[silent]\n|-start|p2a: Barraskewda|typechange|Water\/Fighting|[silent]\n|\n|upkeep\n|turn|26\n|l| Potatochan789\n|\n|t:|1662085715\n|move|p2a: Barraskewda|Flip Turn|p1a: Solgaleo\n|-damage|p1a: Solgaleo|70\/100\n|\n|t:|1662085719\n|-end|p2a: Barraskewda|Lopunnite|[silent]\n|switch|p2a: Blissey|Blissey, F|62\/100|[from]move: Flip Turn\n|-start|p2a: Blissey|Sablenite|[silent]\n|move|p1a: Solgaleo|Calm Mind|p1a: Solgaleo\n|-boost|p1a: Solgaleo|spa|1\n|-boost|p1a: Solgaleo|spd|1\n|\n|upkeep\n|turn|27\n|j| ZapdosMasterE\n|\n|t:|1662085773\n|move|p1a: Solgaleo|Calm Mind|p1a: Solgaleo\n|-boost|p1a: Solgaleo|spa|1\n|-boost|p1a: Solgaleo|spd|1\n|move|p2a: Blissey|Soft-Boiled|p2a: Blissey\n|-heal|p2a: Blissey|100\/100\n|\n|upkeep\n|turn|28\n|\n|t:|1662085781\n|move|p1a: Solgaleo|Flash Cannon|p2a: Blissey\n|-damage|p2a: Blissey|64\/100\n|move|p2a: Blissey|Flamethrower|p1a: Solgaleo\n|-supereffective|p1a: Solgaleo\n|-damage|p1a: Solgaleo|56\/100\n|\n|upkeep\n|turn|29\n|n| Desi Ladaka|desiladaka\n|\n|t:|1662085793\n|move|p1a: Solgaleo|Morning Sun|p1a: Solgaleo\n|-heal|p1a: Solgaleo|100\/100\n|move|p2a: Blissey|Soft-Boiled|p2a: Blissey\n|-heal|p2a: Blissey|100\/100\n|\n|upkeep\n|turn|30\n|\n|t:|1662085803\n|move|p1a: Solgaleo|Flash Cannon|p2a: Blissey\n|-damage|p2a: Blissey|66\/100\n|move|p2a: Blissey|Flamethrower|p1a: Solgaleo\n|-supereffective|p1a: Solgaleo\n|-damage|p1a: Solgaleo|86\/100\n|\n|upkeep\n|turn|31\n|j| Potatochan789\n|\n|t:|1662085812\n|move|p1a: Solgaleo|Calm Mind|p1a: Solgaleo\n|-boost|p1a: Solgaleo|spa|1\n|-boost|p1a: Solgaleo|spd|1\n|move|p2a: Blissey|Teleport|p2a: Blissey\n|\n|t:|1662085814\n|-end|p2a: Blissey|Sablenite|[silent]\n|switch|p2a: Mew|Mew|53\/100|[from]move: Teleport\n|-start|p2a: Mew|Manectite|[silent]\n|-ability|p2a: Mew|Intimidate|boost\n|-unboost|p1a: Solgaleo|atk|1\n|\n|upkeep\n|turn|32\n|\n|t:|1662085828\n|-end|p1a: Solgaleo|Cameruptite|[silent]\n|switch|p1a: Ho-Oh|Ho-Oh|73\/100\n|move|p2a: Mew|Encore||[still]\n|-fail|p2a: Mew\n|\n|upkeep\n|turn|33\n|j| armin@!\n|\n|t:|1662085833\n|move|p2a: Mew|Volt Switch|p1a: Ho-Oh\n|-supereffective|p1a: Ho-Oh\n|-damage|p1a: Ho-Oh|53\/100\n|l| ZapdosMasterE\n|\n|t:|1662085888\n|-end|p2a: Mew|Manectite|[silent]\n|switch|p2a: Tapu Koko|Tapu Koko|68\/100|[from]move: Volt Switch\n|-start|p2a: Tapu Koko|Lucarionite|[silent]\n|move|p1a: Ho-Oh|Sacred Fire|p2a: Tapu Koko\n|-damage|p2a: Tapu Koko|20\/100\n|\n|upkeep\n|turn|34\n|\n|t:|1662085928\n|switch|p1a: Solgaleo|Solgaleo|86\/100\n|-start|p1a: Solgaleo|Cameruptite|[silent]\n|-damage|p1a: Solgaleo|74\/100|[from] Spikes\n|move|p2a: Tapu Koko|Roost|p2a: Tapu Koko\n|-heal|p2a: Tapu Koko|71\/100\n|-singleturn|p2a: Tapu Koko|move: Roost\n|\n|upkeep\n|turn|35\n|\n|t:|1662085938\n|move|p2a: Tapu Koko|Volt Switch|p1a: Solgaleo\n|-damage|p1a: Solgaleo|45\/100\n|\n|t:|1662085976\n|-end|p2a: Tapu Koko|Lucarionite|[silent]\n|switch|p2a: Mew|Mew|53\/100|[from]move: Volt Switch\n|-start|p2a: Mew|Manectite|[silent]\n|-ability|p2a: Mew|Intimidate|boost\n|-unboost|p1a: Solgaleo|atk|1\n|move|p1a: Solgaleo|Flash Cannon|p2a: Mew\n|-damage|p2a: Mew|7\/100\n|\n|upkeep\n|turn|36\n|\n|t:|1662085991\n|move|p2a: Mew|Roost|p2a: Mew\n|-heal|p2a: Mew|58\/100\n|-singleturn|p2a: Mew|move: Roost\n|move|p1a: Solgaleo|Flash Cannon|p2a: Mew\n|-damage|p2a: Mew|12\/100\n|\n|upkeep\n|turn|37\n|\n|t:|1662086006\n|-end|p1a: Solgaleo|Cameruptite|[silent]\n|switch|p1a: Ho-Oh|Ho-Oh|86\/100\n|move|p2a: Mew|Roost|p2a: Mew\n|-heal|p2a: Mew|62\/100\n|-singleturn|p2a: Mew|move: Roost\n|\n|upkeep\n|turn|38\n|\n|t:|1662086010\n|move|p2a: Mew|Volt Switch|p1a: Ho-Oh\n|-supereffective|p1a: Ho-Oh\n|-damage|p1a: Ho-Oh|66\/100\n|l| lt91bb bj\n|\n|t:|1662086019\n|-end|p2a: Mew|Manectite|[silent]\n|switch|p2a: Skarmory|Skarmory, M|71\/100 brn|[from]move: Volt Switch\n|-start|p2a: Skarmory|Ampharosite|[silent]\n|-start|p2a: Skarmory|typechange|Steel\/Dragon|[silent]\n|-ability|p2a: Skarmory|Mold Breaker\n|move|p1a: Ho-Oh|Sacred Fire|p2a: Skarmory\n|-damage|p2a: Skarmory|45\/100 brn\n|\n|-damage|p2a: Skarmory|39\/100 brn|[from] brn\n|upkeep\n|turn|39\n|\n|t:|1662086045\n|switch|p1a: Regieleki|Regieleki|88\/100\n|-start|p1a: Regieleki|Altarianite|[silent]\n|-start|p1a: Regieleki|typechange|Electric\/Fairy|[silent]\n|-damage|p1a: Regieleki|76\/100|[from] Spikes\n|move|p2a: Skarmory|Roost|p2a: Skarmory\n|-heal|p2a: Skarmory|89\/100 brn\n|-singleturn|p2a: Skarmory|move: Roost\n|\n|-damage|p2a: Skarmory|83\/100 brn|[from] brn\n|upkeep\n|turn|40\n|j| IceBreaker11\n|\n|t:|1662086059\n|move|p1a: Regieleki|Rapid Spin|p2a: Skarmory\n|-damage|p2a: Skarmory|63\/100 brn\n|-boost|p1a: Regieleki|spe|1\n|-sideend|p1: Unviabriel|Spikes|[from] move: Rapid Spin|[of] p1a: Regieleki\n|move|p2a: Skarmory|Toxic|p1a: Regieleki\n|-status|p1a: Regieleki|tox\n|\n|-damage|p1a: Regieleki|70\/100 tox|[from] psn\n|-damage|p2a: Skarmory|57\/100 brn|[from] brn\n|upkeep\n|turn|41\n|l| IceBreaker11\n|\n|t:|1662086116\n|move|p1a: Regieleki|Volt Switch|p2a: Skarmory\n|-resisted|p2a: Skarmory\n|-damage|p2a: Skarmory|42\/100 brn\n|\n|t:|1662086122\n|-end|p1a: Regieleki|Altarianite|[silent]\n|switch|p1a: Barraskewda|Barraskewda, M|82\/100 tox|[from]move: Volt Switch\n|-start|p1a: Barraskewda|Lopunnite|[silent]\n|-start|p1a: Barraskewda|typechange|Water\/Fighting|[silent]\n|move|p2a: Skarmory|Roost|p2a: Skarmory\n|-heal|p2a: Skarmory|92\/100 brn\n|-singleturn|p2a: Skarmory|move: Roost\n|\n|-damage|p1a: Barraskewda|76\/100 tox|[from] psn\n|-damage|p2a: Skarmory|86\/100 brn|[from] brn\n|upkeep\n|turn|42\n|\n|t:|1662086161\n|move|p1a: Barraskewda|Close Combat|p2a: Skarmory\n|-supereffective|p2a: Skarmory\n|-damage|p2a: Skarmory|0 fnt\n|-unboost|p1a: Barraskewda|def|1\n|-unboost|p1a: Barraskewda|spd|1\n|faint|p2a: Skarmory\n|\n|-damage|p1a: Barraskewda|64\/100 tox|[from] psn\n|upkeep\n|\n|t:|1662086206\n|switch|p2a: Regieleki|Regieleki|100\/100\n|turn|43\n|\n|t:|1662086227\n|-end|p1a: Barraskewda|Lopunnite|[silent]\n|switch|p1a: Ho-Oh|Ho-Oh|99\/100\n|move|p2a: Regieleki|Volt Switch|p1a: Ho-Oh\n|-supereffective|p1a: Ho-Oh\n|-damage|p1a: Ho-Oh|53\/100\n|\n|t:|1662086233\n|switch|p2a: Barraskewda|Barraskewda, F|100\/100|[from]move: Volt Switch\n|-start|p2a: Barraskewda|Lopunnite|[silent]\n|-start|p2a: Barraskewda|typechange|Water\/Fighting|[silent]\n|\n|upkeep\n|turn|44\n|\n|t:|1662086259\n|switch|p1a: Milotic|Milotic, M|100\/100\n|-start|p1a: Milotic|Sablenite|[silent]\n|move|p2a: Barraskewda|Flip Turn|p1a: Milotic\n|-resisted|p1a: Milotic\n|-crit|p1a: Milotic\n|-damage|p1a: Milotic|82\/100\n|\n|t:|1662086267\n|-end|p2a: Barraskewda|Lopunnite|[silent]\n|switch|p2a: Tapu Koko|Tapu Koko|71\/100|[from]move: Flip Turn\n|-start|p2a: Tapu Koko|Lucarionite|[silent]\n|\n|upkeep\n|turn|45\n|c| armin|*meows like a kitten*\n|\n|t:|1662086312\n|-end|p1a: Milotic|Sablenite|[silent]\n|switch|p1a: Landorus|Landorus-Therian, M|53\/100\n|-start|p1a: Landorus|Salamencite|[silent]\n|move|p2a: Tapu Koko|Calm Mind|p2a: Tapu Koko\n|-boost|p2a: Tapu Koko|spa|1\n|-boost|p2a: Tapu Koko|spd|1\n|\n|upkeep\n|turn|46\n|j| rcs1 nick\n|\n|t:|1662086368\n|move|p2a: Tapu Koko|Dazzling Gleam|p1a: Landorus\n|-damage|p1a: Landorus|0 fnt\n|faint|p1a: Landorus\n|\n|upkeep\n|l| rcs1 nick\n|\n|t:|1662086487\n|switch|p1a: Barraskewda|Barraskewda, M|64\/100 tox\n|-start|p1a: Barraskewda|Lopunnite|[silent]\n|-start|p1a: Barraskewda|typechange|Water\/Fighting|[silent]\n|turn|47\n|\n|t:|1662086514\n|move|p1a: Barraskewda|Flip Turn|p2a: Tapu Koko\n|-damage|p2a: Tapu Koko|26\/100\n|\n|t:|1662086526\n|-end|p1a: Barraskewda|Lopunnite|[silent]\n|switch|p1a: Ho-Oh|Ho-Oh|86\/100|[from]move: Flip Turn\n|move|p2a: Tapu Koko|Volt Switch|p1a: Ho-Oh\n|-supereffective|p1a: Ho-Oh\n|-damage|p1a: Ho-Oh|9\/100\n|\n|t:|1662086541\n|-end|p2a: Tapu Koko|Lucarionite|[silent]\n|switch|p2a: Barraskewda|Barraskewda, F|100\/100|[from]move: Volt Switch\n|-start|p2a: Barraskewda|Lopunnite|[silent]\n|-start|p2a: Barraskewda|typechange|Water\/Fighting|[silent]\n|\n|upkeep\n|turn|48\n|j| SpikeyRifk\n|l| SpikeyRifk\n|\n|t:|1662086594\n|move|p2a: Barraskewda|Close Combat|p1a: Ho-Oh\n|-resisted|p1a: Ho-Oh\n|-damage|p1a: Ho-Oh|0 fnt\n|-unboost|p2a: Barraskewda|def|1\n|-unboost|p2a: Barraskewda|spd|1\n|faint|p1a: Ho-Oh\n|\n|upkeep\n|\n|t:|1662086613\n|switch|p1a: Regieleki|Regieleki|70\/100 tox\n|-start|p1a: Regieleki|Altarianite|[silent]\n|-start|p1a: Regieleki|typechange|Electric\/Fairy|[silent]\n|turn|49\n|l| Talonflame\n|j| Talonflame\n|\n|t:|1662086638\n|-end|p2a: Barraskewda|Lopunnite|[silent]\n|switch|p2a: Blissey|Blissey, F|66\/100\n|-start|p2a: Blissey|Sablenite|[silent]\n|move|p1a: Regieleki|Volt Switch|p2a: Blissey\n|-damage|p2a: Blissey|57\/100\n|c| Desi Ladaka|how is this game still going on\n|j| cityscapes\n|\n|t:|1662086651\n|-end|p1a: Regieleki|Altarianite|[silent]\n|switch|p1a: Barraskewda|Barraskewda, M|64\/100 tox|[from]move: Volt Switch\n|-start|p1a: Barraskewda|Lopunnite|[silent]\n|-start|p1a: Barraskewda|typechange|Water\/Fighting|[silent]\n|\n|-damage|p1a: Barraskewda|58\/100 tox|[from] psn\n|upkeep\n|turn|50\n|\n|t:|1662086682\n|-end|p2a: Blissey|Sablenite|[silent]\n|switch|p2a: Tapu Koko|Tapu Koko|26\/100\n|-start|p2a: Tapu Koko|Lucarionite|[silent]\n|move|p1a: Barraskewda|Close Combat|p2a: Tapu Koko\n|-resisted|p2a: Tapu Koko\n|-damage|p2a: Tapu Koko|0 fnt\n|-unboost|p1a: Barraskewda|def|1\n|-unboost|p1a: Barraskewda|spd|1\n|faint|p2a: Tapu Koko\n|\n|-damage|p1a: Barraskewda|46\/100 tox|[from] psn\n|upkeep\n|\n|t:|1662086687\n|switch|p2a: Regieleki|Regieleki|100\/100\n|turn|51\n|\n|t:|1662086719\n|-end|p1a: Barraskewda|Lopunnite|[silent]\n|switch|p1a: Milotic|Milotic, M|82\/100\n|-start|p1a: Milotic|Sablenite|[silent]\n|detailschange|p2a: Regieleki|Regieleki\n|-mega|p2a: Regieleki|Regieleki|Altarianite\n|-start|p2a: Regieleki|Altarianite|[silent]\n|-start|p2a: Regieleki|typechange|Electric\/Fairy|[silent]\n|move|p2a: Regieleki|Volt Switch|p1a: Milotic\n|-supereffective|p1a: Milotic\n|-damage|p1a: Milotic|48\/100\n|\n|t:|1662086730\n|-end|p2a: Regieleki|Altarianite|[silent]\n|switch|p2a: Barraskewda|Barraskewda, F|100\/100|[from]move: Volt Switch\n|-start|p2a: Barraskewda|Lopunnite|[silent]\n|-start|p2a: Barraskewda|typechange|Water\/Fighting|[silent]\n|\n|upkeep\n|turn|52\n|\n|t:|1662086754\n|move|p2a: Barraskewda|Flip Turn|p1a: Milotic\n|-resisted|p1a: Milotic\n|-damage|p1a: Milotic|38\/100\n|\n|t:|1662086776\n|-end|p2a: Barraskewda|Lopunnite|[silent]\n|switch|p2a: Regieleki|Regieleki|100\/100|[from]move: Flip Turn\n|-start|p2a: Regieleki|Altarianite|[silent]\n|-start|p2a: Regieleki|typechange|Electric\/Fairy|[silent]\n|move|p1a: Milotic|Recover|p1a: Milotic\n|-heal|p1a: Milotic|88\/100\n|\n|upkeep\n|turn|53\n|j| elizi\n|l| elizi\n|\n|t:|1662086813\n|move|p2a: Regieleki|Volt Switch|p1a: Milotic\n|-supereffective|p1a: Milotic\n|-damage|p1a: Milotic|50\/100\n|\n|t:|1662086830\n|-end|p2a: Regieleki|Altarianite|[silent]\n|switch|p2a: Blissey|Blissey, F|57\/100|[from]move: Volt Switch\n|-start|p2a: Blissey|Sablenite|[silent]\n|move|p1a: Milotic|Recover|p1a: Milotic\n|-heal|p1a: Milotic|100\/100\n|\n|upkeep\n|turn|54\n|l|@Isaiah\n|j|@Isaiah\n|j| PlayRisky4NoReason\n|\n|t:|1662086850\n|move|p1a: Milotic|Scald|p2a: Blissey\n|-crit|p2a: Blissey\n|-damage|p2a: Blissey|44\/100\n|-status|p2a: Blissey|brn\n|move|p2a: Blissey|Soft-Boiled|p2a: Blissey\n|-heal|p2a: Blissey|94\/100 brn\n|\n|-damage|p2a: Blissey|88\/100 brn|[from] brn\n|upkeep\n|turn|55\n|\n|t:|1662086859\n|move|p1a: Milotic|Scald|p2a: Blissey\n|-damage|p2a: Blissey|79\/100 brn\n|move|p2a: Blissey|Teleport|p2a: Blissey\n|\n|t:|1662086862\n|-end|p2a: Blissey|Sablenite|[silent]\n|switch|p2a: Regieleki|Regieleki|100\/100|[from]move: Teleport\n|-start|p2a: Regieleki|Altarianite|[silent]\n|-start|p2a: Regieleki|typechange|Electric\/Fairy|[silent]\n|\n|upkeep\n|turn|56\n|l| Ren\n|\n|t:|1662086875\n|move|p2a: Regieleki|Volt Switch|p1a: Milotic\n|-supereffective|p1a: Milotic\n|-damage|p1a: Milotic|65\/100\n|\n|t:|1662086881\n|-end|p2a: Regieleki|Altarianite|[silent]\n|switch|p2a: Blissey|Blissey, F|79\/100 brn|[from]move: Volt Switch\n|-start|p2a: Blissey|Sablenite|[silent]\n|move|p1a: Milotic|Flip Turn|p2a: Blissey\n|-damage|p2a: Blissey|73\/100 brn\n|\n|t:|1662086905\n|-end|p1a: Milotic|Sablenite|[silent]\n|switch|p1a: Solgaleo|Solgaleo|45\/100|[from]move: Flip Turn\n|-start|p1a: Solgaleo|Cameruptite|[silent]\n|\n|-damage|p2a: Blissey|66\/100 brn|[from] brn\n|upkeep\n|turn|57\n|\n|t:|1662086913\n|move|p1a: Solgaleo|Morning Sun|p1a: Solgaleo\n|-heal|p1a: Solgaleo|95\/100\n|move|p2a: Blissey|Teleport|p2a: Blissey\n|\n|t:|1662086915\n|-end|p2a: Blissey|Sablenite|[silent]\n|switch|p2a: Mew|Mew|62\/100|[from]move: Teleport\n|-start|p2a: Mew|Manectite|[silent]\n|-ability|p2a: Mew|Intimidate|boost\n|-unboost|p1a: Solgaleo|atk|1\n|\n|upkeep\n|turn|58\n|n|@Isaiah@!|isaiah\n|\n|t:|1662086979\n|-end|p1a: Solgaleo|Cameruptite|[silent]\n|switch|p1a: Regieleki|Regieleki|70\/100 tox\n|-start|p1a: Regieleki|Altarianite|[silent]\n|-start|p1a: Regieleki|typechange|Electric\/Fairy|[silent]\n|move|p2a: Mew|Volt Switch|p1a: Regieleki\n|-resisted|p1a: Regieleki\n|-damage|p1a: Regieleki|50\/100 tox\n|\n|t:|1662086983\n|-end|p2a: Mew|Manectite|[silent]\n|switch|p2a: Regieleki|Regieleki|100\/100|[from]move: Volt Switch\n|-start|p2a: Regieleki|Altarianite|[silent]\n|-start|p2a: Regieleki|typechange|Electric\/Fairy|[silent]\n|\n|-damage|p1a: Regieleki|44\/100 tox|[from] psn\n|upkeep\n|turn|59\n|j| phonoi\n|\n|t:|1662087029\n|-end|p1a: Regieleki|Altarianite|[silent]\n|switch|p1a: Solgaleo|Solgaleo|95\/100\n|-start|p1a: Solgaleo|Cameruptite|[silent]\n|move|p2a: Regieleki|Extreme Speed|p1a: Solgaleo\n|-resisted|p1a: Solgaleo\n|-damage|p1a: Solgaleo|78\/100\n|\n|upkeep\n|turn|60\n|\n|t:|1662087067\n|move|p2a: Regieleki|Volt Switch|p1a: Solgaleo\n|-damage|p1a: Solgaleo|53\/100\n|\n|t:|1662087070\n|-end|p2a: Regieleki|Altarianite|[silent]\n|switch|p2a: Mew|Mew|62\/100|[from]move: Volt Switch\n|-start|p2a: Mew|Manectite|[silent]\n|-ability|p2a: Mew|Intimidate|boost\n|-unboost|p1a: Solgaleo|atk|1\n|move|p1a: Solgaleo|Calm Mind|p1a: Solgaleo\n|-boost|p1a: Solgaleo|spa|1\n|-boost|p1a: Solgaleo|spd|1\n|\n|upkeep\n|turn|61\n|\n|t:|1662087106\n|-end|p1a: Solgaleo|Cameruptite|[silent]\n|switch|p1a: Milotic|Milotic, M|65\/100\n|-start|p1a: Milotic|Sablenite|[silent]\n|move|p2a: Mew|Encore|p1a: Milotic\n|move|p1a: Milotic|Encore||[from]ability: Magic Bounce|[still]\n|-fail|p1a: Milotic\n|\n|upkeep\n|turn|62\n|l| PlayRisky4NoReason\n|j| Pokemh\n|l| Talonflame\n|j| Talonflame\n|\n|t:|1662087166\n|move|p2a: Mew|Roost|p2a: Mew\n|-heal|p2a: Mew|100\/100\n|-singleturn|p2a: Mew|move: Roost\n|move|p1a: Milotic|Scald|p2a: Mew\n|-damage|p2a: Mew|78\/100\n|\n|upkeep\n|turn|63\n|\n|t:|1662087171\n|move|p2a: Mew|Volt Switch|p1a: Milotic\n|-supereffective|p1a: Milotic\n|-damage|p1a: Milotic|43\/100\n|\n|t:|1662087176\n|-end|p2a: Mew|Manectite|[silent]\n|switch|p2a: Blissey|Blissey, F|66\/100 brn|[from]move: Volt Switch\n|-start|p2a: Blissey|Sablenite|[silent]\n|move|p1a: Milotic|Recover|p1a: Milotic\n|-heal|p1a: Milotic|93\/100\n|\n|-damage|p2a: Blissey|60\/100 brn|[from] brn\n|upkeep\n|turn|64\n|\n|t:|1662087209\n|move|p1a: Milotic|Scald|p2a: Blissey\n|-damage|p2a: Blissey|52\/100 brn\n|move|p2a: Blissey|Teleport|p2a: Blissey\n|\n|t:|1662087214\n|-end|p2a: Blissey|Sablenite|[silent]\n|switch|p2a: Regieleki|Regieleki|100\/100|[from]move: Teleport\n|-start|p2a: Regieleki|Altarianite|[silent]\n|-start|p2a: Regieleki|typechange|Electric\/Fairy|[silent]\n|\n|upkeep\n|turn|65\n|\n|t:|1662087226\n|move|p2a: Regieleki|Volt Switch|p1a: Milotic\n|-supereffective|p1a: Milotic\n|-damage|p1a: Milotic|53\/100\n|\n|t:|1662087229\n|-end|p2a: Regieleki|Altarianite|[silent]\n|switch|p2a: Blissey|Blissey, F|52\/100 brn|[from]move: Volt Switch\n|-start|p2a: Blissey|Sablenite|[silent]\n|move|p1a: Milotic|Flip Turn|p2a: Blissey\n|-damage|p2a: Blissey|45\/100 brn\n|\n|t:|1662087253\n|-end|p1a: Milotic|Sablenite|[silent]\n|switch|p1a: Barraskewda|Barraskewda, M|46\/100 tox|[from]move: Flip Turn\n|-start|p1a: Barraskewda|Lopunnite|[silent]\n|-start|p1a: Barraskewda|typechange|Water\/Fighting|[silent]\n|\n|-damage|p1a: Barraskewda|40\/100 tox|[from] psn\n|-damage|p2a: Blissey|39\/100 brn|[from] brn\n|upkeep\n|turn|66\n|\n|t:|1662087260\n|-end|p2a: Blissey|Sablenite|[silent]\n|switch|p2a: Mew|Mew|78\/100\n|-start|p2a: Mew|Manectite|[silent]\n|-ability|p2a: Mew|Intimidate|boost\n|-fail|p1a: Barraskewda|unboost|Attack|[from] ability: Scrappy|[of] p1a: Barraskewda\n|move|p1a: Barraskewda|Flip Turn|p2a: Mew\n|-damage|p2a: Mew|56\/100\n|\n|t:|1662087276\n|-end|p1a: Barraskewda|Lopunnite|[silent]\n|switch|p1a: Milotic|Milotic, M|53\/100|[from]move: Flip Turn\n|-start|p1a: Milotic|Sablenite|[silent]\n|\n|upkeep\n|turn|67\n|j| clefable886 \u273f\n|\n|t:|1662087283\n|move|p2a: Mew|Volt Switch|p1a: Milotic\n|-supereffective|p1a: Milotic\n|-damage|p1a: Milotic|31\/100\n|\n|t:|1662087286\n|-end|p2a: Mew|Manectite|[silent]\n|switch|p2a: Regieleki|Regieleki|100\/100|[from]move: Volt Switch\n|-start|p2a: Regieleki|Altarianite|[silent]\n|-start|p2a: Regieleki|typechange|Electric\/Fairy|[silent]\n|move|p1a: Milotic|Recover|p1a: Milotic\n|-heal|p1a: Milotic|81\/100\n|\n|upkeep\n|turn|68\n|c| clefable886 \u273f|this shit is still going on?\n|\n|t:|1662087294\n|move|p2a: Regieleki|Volt Switch|p1a: Milotic\n|-supereffective|p1a: Milotic\n|-damage|p1a: Milotic|46\/100\n|c| clefable886 \u273f|gone\n|c| Desi Ladaka|exactly thats what im sayin\n|\n|t:|1662087320\n|-end|p2a: Regieleki|Altarianite|[silent]\n|switch|p2a: Blissey|Blissey, F|39\/100 brn|[from]move: Volt Switch\n|-start|p2a: Blissey|Sablenite|[silent]\n|move|p1a: Milotic|Recover|p1a: Milotic\n|-heal|p1a: Milotic|96\/100\n|\n|-damage|p2a: Blissey|33\/100 brn|[from] brn\n|upkeep\n|turn|69\n|\n|t:|1662087339\n|move|p1a: Milotic|Flip Turn|p2a: Blissey\n|-damage|p2a: Blissey|26\/100 brn\n|\n|t:|1662087347\n|-end|p1a: Milotic|Sablenite|[silent]\n|switch|p1a: Barraskewda|Barraskewda, M|40\/100 tox|[from]move: Flip Turn\n|-start|p1a: Barraskewda|Lopunnite|[silent]\n|-start|p1a: Barraskewda|typechange|Water\/Fighting|[silent]\n|move|p2a: Blissey|Teleport|p2a: Blissey\n|\n|t:|1662087358\n|-end|p2a: Blissey|Sablenite|[silent]\n|switch|p2a: Regieleki|Regieleki|100\/100|[from]move: Teleport\n|-start|p2a: Regieleki|Altarianite|[silent]\n|-start|p2a: Regieleki|typechange|Electric\/Fairy|[silent]\n|\n|-damage|p1a: Barraskewda|34\/100 tox|[from] psn\n|upkeep\n|turn|70\n|\n|t:|1662087371\n|-end|p1a: Barraskewda|Lopunnite|[silent]\n|switch|p1a: Milotic|Milotic, M|96\/100\n|-start|p1a: Milotic|Sablenite|[silent]\n|move|p2a: Regieleki|Volt Switch|p1a: Milotic\n|-supereffective|p1a: Milotic\n|-damage|p1a: Milotic|59\/100\n|\n|t:|1662087404\n|-end|p2a: Regieleki|Altarianite|[silent]\n|switch|p2a: Blissey|Blissey, F|26\/100 brn|[from]move: Volt Switch\n|-start|p2a: Blissey|Sablenite|[silent]\n|\n|-damage|p2a: Blissey|20\/100 brn|[from] brn\n|upkeep\n|turn|71\n|\n|t:|1662087426\n|move|p1a: Milotic|Flip Turn|p2a: Blissey\n|-damage|p2a: Blissey|13\/100 brn\n|\n|t:|1662087437\n|-end|p1a: Milotic|Sablenite|[silent]\n|switch|p1a: Barraskewda|Barraskewda, M|34\/100 tox|[from]move: Flip Turn\n|-start|p1a: Barraskewda|Lopunnite|[silent]\n|-start|p1a: Barraskewda|typechange|Water\/Fighting|[silent]\n|move|p2a: Blissey|Soft-Boiled|p2a: Blissey\n|-heal|p2a: Blissey|63\/100 brn\n|\n|-damage|p1a: Barraskewda|27\/100 tox|[from] psn\n|-damage|p2a: Blissey|57\/100 brn|[from] brn\n|upkeep\n|turn|72\n|\n|t:|1662087451\n|-end|p2a: Blissey|Sablenite|[silent]\n|switch|p2a: Regieleki|Regieleki|100\/100\n|-start|p2a: Regieleki|Altarianite|[silent]\n|-start|p2a: Regieleki|typechange|Electric\/Fairy|[silent]\n|move|p1a: Barraskewda|Flip Turn|p2a: Regieleki\n|-damage|p2a: Regieleki|41\/100\n|j| leluwuch\n|j| 213or1imwe\n|\n|t:|1662087557\n|-end|p1a: Barraskewda|Lopunnite|[silent]\n|switch|p1a: Regieleki|Regieleki|44\/100 tox|[from]move: Flip Turn\n|-start|p1a: Regieleki|Altarianite|[silent]\n|-start|p1a: Regieleki|typechange|Electric\/Fairy|[silent]\n|\n|-damage|p1a: Regieleki|38\/100 tox|[from] psn\n|upkeep\n|turn|73\n|c| phonoi|Poggers\n|c| cityscapes|lfg\n|c|\u2606Unviabriel|this is what ppl like about mnm right?\n|l|\u2606Unviabriel\n|player|p1|\n|l| 213or1imwe\n|j|\u2606Unviabriel\n|player|p1|Unviabriel|shauntal\n|\n|t:|1662087704\n|move|p1a: Regieleki|Extreme Speed|p2a: Regieleki\n|-damage|p2a: Regieleki|0 fnt\n|faint|p2a: Regieleki\n|\n|-damage|p1a: Regieleki|26\/100 tox|[from] psn\n|upkeep\n|l| Pokemh\n|\n|t:|1662087712\n|switch|p2a: Blissey|Blissey, F|57\/100 brn\n|-start|p2a: Blissey|Sablenite|[silent]\n|turn|74\n|\n|t:|1662087735\n|move|p1a: Regieleki|Volt Switch|p2a: Blissey\n|-damage|p2a: Blissey|47\/100 brn\n|\n|t:|1662087751\n|-end|p1a: Regieleki|Altarianite|[silent]\n|switch|p1a: Milotic|Milotic, M|59\/100|[from]move: Volt Switch\n|-start|p1a: Milotic|Sablenite|[silent]\n|move|p2a: Blissey|Soft-Boiled|p2a: Blissey\n|-heal|p2a: Blissey|97\/100 brn\n|\n|-damage|p2a: Blissey|91\/100 brn|[from] brn\n|upkeep\n|turn|75\n|\n|t:|1662087762\n|move|p1a: Milotic|Recover|p1a: Milotic\n|-heal|p1a: Milotic|100\/100\n|move|p2a: Blissey|Flamethrower|p1a: Milotic\n|-resisted|p1a: Milotic\n|-damage|p1a: Milotic|95\/100\n|\n|-damage|p2a: Blissey|85\/100 brn|[from] brn\n|upkeep\n|turn|76\n|\n|t:|1662087767\n|move|p1a: Milotic|Scald|p2a: Blissey\n|-damage|p2a: Blissey|76\/100 brn\n|move|p2a: Blissey|Teleport|p2a: Blissey\n|\n|t:|1662087772\n|-end|p2a: Blissey|Sablenite|[silent]\n|switch|p2a: Barraskewda|Barraskewda, F|100\/100|[from]move: Teleport\n|-start|p2a: Barraskewda|Lopunnite|[silent]\n|-start|p2a: Barraskewda|typechange|Water\/Fighting|[silent]\n|\n|upkeep\n|turn|77\n|\n|t:|1662087781\n|move|p2a: Barraskewda|Flip Turn|p1a: Milotic\n|-resisted|p1a: Milotic\n|-damage|p1a: Milotic|83\/100\n|\n|t:|1662087784\n|-end|p2a: Barraskewda|Lopunnite|[silent]\n|switch|p2a: Blissey|Blissey, F|76\/100 brn|[from]move: Flip Turn\n|-start|p2a: Blissey|Sablenite|[silent]\n|move|p1a: Milotic|Flip Turn|p2a: Blissey\n|-damage|p2a: Blissey|69\/100 brn\n|\n|t:|1662087832\n|-end|p1a: Milotic|Sablenite|[silent]\n|switch|p1a: Barraskewda|Barraskewda, M|27\/100 tox|[from]move: Flip Turn\n|-start|p1a: Barraskewda|Lopunnite|[silent]\n|-start|p1a: Barraskewda|typechange|Water\/Fighting|[silent]\n|\n|-damage|p1a: Barraskewda|21\/100 tox|[from] psn\n|-damage|p2a: Blissey|63\/100 brn|[from] brn\n|upkeep\n|turn|78\n|l|desiladaka\n|\n|t:|1662087845\n|-end|p2a: Blissey|Sablenite|[silent]\n|switch|p2a: Mew|Mew|56\/100\n|-start|p2a: Mew|Manectite|[silent]\n|-ability|p2a: Mew|Intimidate|boost\n|-fail|p1a: Barraskewda|unboost|Attack|[from] ability: Scrappy|[of] p1a: Barraskewda\n|move|p1a: Barraskewda|Close Combat|p2a: Mew\n|-resisted|p2a: Mew\n|-damage|p2a: Mew|35\/100\n|-unboost|p1a: Barraskewda|def|1\n|-unboost|p1a: Barraskewda|spd|1\n|\n|-damage|p1a: Barraskewda|9\/100 tox|[from] psn\n|upkeep\n|turn|79\n|\n|t:|1662087909\n|-end|p2a: Mew|Manectite|[silent]\n|switch|p2a: Blissey|Blissey, F|63\/100 brn\n|-start|p2a: Blissey|Sablenite|[silent]\n|move|p1a: Barraskewda|Flip Turn|p2a: Blissey\n|-damage|p2a: Blissey|43\/100 brn\n|l| XxSevagxX\n|j| XxSevagxX\n|\n|t:|1662087962\n|-end|p1a: Barraskewda|Lopunnite|[silent]\n|switch|p1a: Regieleki|Regieleki|26\/100 tox|[from]move: Flip Turn\n|-start|p1a: Regieleki|Altarianite|[silent]\n|-start|p1a: Regieleki|typechange|Electric\/Fairy|[silent]\n|\n|-damage|p1a: Regieleki|20\/100 tox|[from] psn\n|-damage|p2a: Blissey|37\/100 brn|[from] brn\n|upkeep\n|turn|80\n|\n|t:|1662087981\n|move|p1a: Regieleki|Explosion|p2a: Blissey\n|-damage|p2a: Blissey|0 fnt\n|faint|p1a: Regieleki\n|faint|p2a: Blissey\n|\n|upkeep\n|\n|t:|1662087994\n|switch|p1a: Milotic|Milotic, M|83\/100\n|switch|p2a: Barraskewda|Barraskewda, F|100\/100\n|-start|p2a: Barraskewda|Lopunnite|[silent]\n|-start|p2a: Barraskewda|typechange|Water\/Fighting|[silent]\n|-start|p1a: Milotic|Sablenite|[silent]\n|turn|81\n|\n|t:|1662087999\n|move|p2a: Barraskewda|Close Combat|p1a: Milotic\n|-damage|p1a: Milotic|37\/100\n|-unboost|p2a: Barraskewda|def|1\n|-unboost|p2a: Barraskewda|spd|1\n|move|p1a: Milotic|Recover|p1a: Milotic\n|-heal|p1a: Milotic|87\/100\n|\n|upkeep\n|turn|82\n|\n|t:|1662088007\n|move|p2a: Barraskewda|Close Combat|p1a: Milotic\n|-damage|p1a: Milotic|43\/100\n|-unboost|p2a: Barraskewda|def|1\n|-unboost|p2a: Barraskewda|spd|1\n|move|p1a: Milotic|Recover|p1a: Milotic\n|-heal|p1a: Milotic|93\/100\n|\n|upkeep\n|turn|83\n|\n|t:|1662088023\n|move|p2a: Barraskewda|Close Combat|p1a: Milotic\n|-damage|p1a: Milotic|47\/100\n|-unboost|p2a: Barraskewda|def|1\n|-unboost|p2a: Barraskewda|spd|1\n|move|p1a: Milotic|Scald|p2a: Barraskewda\n|-resisted|p2a: Barraskewda\n|-damage|p2a: Barraskewda|13\/100\n|\n|upkeep\n|turn|84\n|\n|t:|1662088074\n|move|p2a: Barraskewda|Close Combat|p1a: Milotic\n|-damage|p1a: Milotic|6\/100\n|-unboost|p2a: Barraskewda|def|1\n|-unboost|p2a: Barraskewda|spd|1\n|move|p1a: Milotic|Scald|p2a: Barraskewda\n|-resisted|p2a: Barraskewda\n|-damage|p2a: Barraskewda|0 fnt\n|faint|p2a: Barraskewda\n|\n|upkeep\n|l| Talonflame\n|\n|t:|1662088080\n|switch|p2a: Mew|Mew|35\/100\n|-start|p2a: Mew|Manectite|[silent]\n|-ability|p2a: Mew|Intimidate|boost\n|-unboost|p1a: Milotic|atk|1\n|turn|85\n|l| leluwuch\n|\n|t:|1662088089\n|move|p2a: Mew|Volt Switch|p1a: Milotic\n|-supereffective|p1a: Milotic\n|-damage|p1a: Milotic|0 fnt\n|faint|p1a: Milotic\n|\n|upkeep\n|\n|t:|1662088093\n|switch|p1a: Barraskewda|Barraskewda, M|9\/100 tox\n|-start|p1a: Barraskewda|Lopunnite|[silent]\n|-start|p1a: Barraskewda|typechange|Water\/Fighting|[silent]\n|turn|86\n|\n|t:|1662088096\n|move|p1a: Barraskewda|Crunch|p2a: Mew\n|-supereffective|p2a: Mew\n|-damage|p2a: Mew|0 fnt\n|faint|p2a: Mew\n|\n|win|Unviabriel\n|c|\u2606Andyboy|gg\n|c|\u2606Unviabriel|ggs\n|l|\u2606Andyboy\n|c|\u2606Unviabriel|i'm sorry about the ass connection i know that was annoying\n","uploadtime":1662088116,"views":142,"p1id":"unviabriel","p2id":"andyboy","formatid":"gen8mixandmega","rating":0,"private":0,"password":null}