{"id":"gen8ou-1571382953","p1":"Scoots Mgee","p2":"ChakaKhan62","format":"gen8ou","log":"|j|\u2606Scoots Mgee\n|j|\u2606ChakaKhan62\n|t:|1652144217\n|gametype|singles\n|player|p1|Scoots Mgee|acetrainerf|1335\n|player|p2|ChakaKhan62|266|1334\n|teamsize|p1|6\n|teamsize|p2|6\n|gen|8\n|tier|[Gen 8] OU\n|rated|\n|rule|Sleep Clause Mod: Limit one foe put to sleep\n|rule|Species Clause: Limit one of each Pok\u00e9mon\n|rule|OHKO Clause: OHKO moves are banned\n|rule|Evasion Moves Clause: Evasion moves are banned\n|rule|Endless Battle Clause: Forcing endless battles is banned\n|rule|HP Percentage Mod: HP is shown in percentages\n|rule|Dynamax Clause: You cannot dynamax\n|clearpoke\n|poke|p1|Heatran, F|\n|poke|p1|Swampert, M|\n|poke|p1|Dragapult, F|\n|poke|p1|Klefki, M|\n|poke|p1|Melmetal|\n|poke|p1|Zapdos|\n|poke|p2|Ferrothorn, M|\n|poke|p2|Volcarona, F|\n|poke|p2|Tapu Fini|\n|poke|p2|Landorus-Therian, M|\n|poke|p2|Dragonite, M|\n|poke|p2|Tapu Lele|\n|teampreview\n|inactive|Battle timer is ON: inactive players will automatically lose when time's up. (requested by ChakaKhan62)\n|\n|t:|1652144234\n|start\n|switch|p1a: Swampert|Swampert, M|100\/100\n|switch|p2a: Shakira|Tapu Fini|100\/100\n|-fieldstart|move: Misty Terrain|[from] ability: Misty Surge|[of] p2a: Shakira\n|turn|1\n|\n|t:|1652144245\n|move|p2a: Shakira|Taunt|p1a: Swampert\n|-start|p1a: Swampert|move: Taunt\n|cant|p1a: Swampert|move: Taunt|Stealth Rock\n|\n|upkeep\n|turn|2\n|\n|t:|1652144253\n|switch|p2a: Barb Marley|Ferrothorn, M|100\/100\n|move|p1a: Swampert|Flip Turn|p2a: Barb Marley\n|-resisted|p2a: Barb Marley\n|-damage|p2a: Barb Marley|95\/100\n|-damage|p1a: Swampert|88\/100|[from] ability: Iron Barbs|[of] p2a: Barb Marley\n|\n|t:|1652144255\n|switch|p1a: Heatran|Heatran, F|100\/100|[from]move: Flip Turn\n|-item|p1a: Heatran|Air Balloon\n|\n|-heal|p2a: Barb Marley|100\/100|[from] item: Leftovers\n|upkeep\n|turn|3\n|\n|t:|1652144268\n|switch|p2a: Shakira|Tapu Fini|100\/100\n|move|p1a: Heatran|Taunt|p2a: Shakira\n|-start|p2a: Shakira|move: Taunt\n|\n|upkeep\n|turn|4\n|\n|t:|1652144279\n|switch|p1a: Zapdos|Zapdos|100\/100\n|move|p2a: Shakira|Whirlpool|p1a: Zapdos\n|-damage|p1a: Zapdos|86\/100\n|-activate|p1a: Zapdos|move: Whirlpool|[of] p2a: Shakira\n|\n|-damage|p1a: Zapdos|74\/100|[from] move: Whirlpool|[partiallytrapped]\n|upkeep\n|turn|5\n|\n|t:|1652144286\n|move|p2a: Shakira|Whirlpool|p1a: Zapdos\n|-damage|p1a: Zapdos|58\/100\n|move|p1a: Zapdos|U-turn|p2a: Shakira\n|-resisted|p2a: Shakira\n|-damage|p2a: Shakira|93\/100\n|\n|t:|1652144289\n|switch|p1a: Klefki|Klefki, M|100\/100|[from]move: U-turn\n|\n|-end|p2a: Shakira|move: Taunt\n|-fieldend|Misty Terrain\n|upkeep\n|turn|6\n|\n|t:|1652144301\n|switch|p2a: Dusty Hill|Landorus-Therian, M|100\/100\n|-ability|p2a: Dusty Hill|Intimidate|boost\n|-unboost|p1a: Klefki|atk|1\n|move|p1a: Klefki|Toxic|p2a: Dusty Hill\n|-status|p2a: Dusty Hill|tox\n|\n|-damage|p2a: Dusty Hill|94\/100 tox|[from] psn\n|upkeep\n|turn|7\n|\n|t:|1652144311\n|switch|p1a: Zapdos|Zapdos|58\/100\n|move|p2a: Dusty Hill|Knock Off|p1a: Zapdos\n|-damage|p1a: Zapdos|33\/100\n|-enditem|p1a: Zapdos|Heavy-Duty Boots|[from] move: Knock Off|[of] p2a: Dusty Hill\n|\n|-heal|p2a: Dusty Hill|100\/100 tox|[from] item: Leftovers\n|-damage|p2a: Dusty Hill|88\/100 tox|[from] psn\n|upkeep\n|turn|8\n|\n|t:|1652144325\n|move|p1a: Zapdos|Roost|p1a: Zapdos\n|-heal|p1a: Zapdos|84\/100\n|-singleturn|p1a: Zapdos|move: Roost\n|move|p2a: Dusty Hill|U-turn|p1a: Zapdos\n|-damage|p1a: Zapdos|66\/100\n|\n|t:|1652144336\n|switch|p2a: Shakira|Tapu Fini|93\/100|[from]move: U-turn\n|-fieldstart|move: Misty Terrain|[from] ability: Misty Surge|[of] p2a: Shakira\n|\n|upkeep\n|turn|9\n|\n|t:|1652144344\n|move|p2a: Shakira|Moonblast|p1a: Zapdos\n|-damage|p1a: Zapdos|28\/100\n|move|p1a: Zapdos|Discharge|p2a: Shakira\n|-supereffective|p2a: Shakira\n|-damage|p2a: Shakira|34\/100\n|\n|upkeep\n|turn|10\n|\n|t:|1652144355\n|switch|p1a: Melmetal|Melmetal|100\/100\n|move|p2a: Shakira|Moonblast|p1a: Melmetal\n|-resisted|p1a: Melmetal\n|-damage|p1a: Melmetal|87\/100\n|-unboost|p1a: Melmetal|spa|1\n|\n|upkeep\n|turn|11\n|\n|t:|1652144362\n|switch|p2a: Dusty Hill|Landorus-Therian, M|88\/100 tox\n|-ability|p2a: Dusty Hill|Intimidate|boost\n|-unboost|p1a: Melmetal|atk|1\n|move|p1a: Melmetal|Ice Punch|p2a: Dusty Hill\n|-supereffective|p2a: Dusty Hill\n|-damage|p2a: Dusty Hill|12\/100 tox\n|\n|-heal|p2a: Dusty Hill|18\/100 tox|[from] item: Leftovers\n|-damage|p2a: Dusty Hill|12\/100 tox|[from] psn\n|upkeep\n|turn|12\n|\n|t:|1652144373\n|switch|p1a: Zapdos|Zapdos|28\/100\n|move|p2a: Dusty Hill|Knock Off|p1a: Zapdos\n|-damage|p1a: Zapdos|10\/100\n|\n|-heal|p2a: Dusty Hill|18\/100 tox|[from] item: Leftovers\n|-damage|p2a: Dusty Hill|6\/100 tox|[from] psn\n|-fieldend|Misty Terrain\n|upkeep\n|turn|13\n|\n|t:|1652144389\n|move|p1a: Zapdos|Roost|p1a: Zapdos\n|-heal|p1a: Zapdos|60\/100\n|-singleturn|p1a: Zapdos|move: Roost\n|move|p2a: Dusty Hill|U-turn|p1a: Zapdos\n|-damage|p1a: Zapdos|43\/100\n|\n|t:|1652144402\n|switch|p2a: Celia Cruz|Volcarona, F|100\/100|[from]move: U-turn\n|\n|upkeep\n|turn|14\n|inactive|ChakaKhan62 has 120 seconds left.\n|\n|t:|1652144427\n|switch|p2a: Killer Mike|Dragonite, M|100\/100\n|switch|p1a: Klefki|Klefki, M|100\/100\n|\n|upkeep\n|turn|15\n|inactive|ChakaKhan62 has 120 seconds left.\n|\n|t:|1652144434\n|move|p1a: Klefki|Switcheroo|p2a: Killer Mike\n|-activate|p1a: Klefki|move: Trick|[of] p2a: Killer Mike\n|-item|p2a: Killer Mike|Lagging Tail|[from] move: Switcheroo\n|-item|p1a: Klefki|Heavy-Duty Boots|[from] move: Switcheroo\n|move|p2a: Killer Mike|Dragon Dance|p2a: Killer Mike\n|-boost|p2a: Killer Mike|atk|1\n|-boost|p2a: Killer Mike|spe|1\n|\n|upkeep\n|turn|16\n|\n|t:|1652144442\n|move|p1a: Klefki|Toxic|p2a: Killer Mike\n|-status|p2a: Killer Mike|tox\n|move|p2a: Killer Mike|Dragon Dance|p2a: Killer Mike\n|-boost|p2a: Killer Mike|atk|1\n|-boost|p2a: Killer Mike|spe|1\n|\n|-damage|p2a: Killer Mike|94\/100 tox|[from] psn\n|upkeep\n|turn|17\n|\n|t:|1652144452\n|move|p1a: Klefki|Foul Play|p2a: Killer Mike\n|-damage|p2a: Killer Mike|18\/100 tox\n|move|p2a: Killer Mike|Earthquake|p1a: Klefki\n|-supereffective|p1a: Klefki\n|-damage|p1a: Klefki|0 fnt\n|faint|p1a: Klefki\n|\n|-damage|p2a: Killer Mike|5\/100 tox|[from] psn\n|upkeep\n|\n|t:|1652144465\n|switch|p1a: Swampert|Swampert, M|88\/100\n|turn|18\n|\n|t:|1652144471\n|move|p1a: Swampert|Flip Turn|p2a: Killer Mike\n|-resisted|p2a: Killer Mike\n|-damage|p2a: Killer Mike|0 fnt\n|faint|p2a: Killer Mike\n|\n|t:|1652144473\n|switch|p1a: Dragapult|Dragapult, F|100\/100|[from]move: Flip Turn\n|\n|upkeep\n|\n|t:|1652144479\n|switch|p2a: Shakira|Tapu Fini|34\/100\n|-fieldstart|move: Misty Terrain|[from] ability: Misty Surge|[of] p2a: Shakira\n|turn|19\n|\n|t:|1652144489\n|move|p2a: Shakira|Whirlpool|p1a: Dragapult\n|-resisted|p1a: Dragapult\n|-damage|p1a: Dragapult|90\/100\n|-activate|p1a: Dragapult|move: Whirlpool|[of] p2a: Shakira\n|move|p1a: Dragapult|Hex|p2a: Shakira\n|-damage|p2a: Shakira|0 fnt\n|faint|p2a: Shakira\n|\n|-end|p1a: Dragapult|Whirlpool|[partiallytrapped]|[silent]\n|upkeep\n|\n|t:|1652144496\n|switch|p2a: Barb Marley|Ferrothorn, M|100\/100\n|turn|20\n|\n|t:|1652144504\n|switch|p1a: Swampert|Swampert, M|88\/100\n|move|p2a: Barb Marley|Knock Off|p1a: Swampert\n|-damage|p1a: Swampert|68\/100\n|-enditem|p1a: Swampert|Leftovers|[from] move: Knock Off|[of] p2a: Barb Marley\n|\n|upkeep\n|turn|21\n|\n|t:|1652144516\n|move|p1a: Swampert|Stealth Rock|p2a: Barb Marley\n|-sidestart|p2: ChakaKhan62|move: Stealth Rock\n|move|p2a: Barb Marley|Leech Seed|p1a: Swampert\n|-start|p1a: Swampert|move: Leech Seed\n|\n|-damage|p1a: Swampert|56\/100|[from] Leech Seed|[of] p2a: Barb Marley\n|upkeep\n|turn|22\n|\n|t:|1652144524\n|move|p1a: Swampert|Earthquake|p2a: Barb Marley\n|-damage|p2a: Barb Marley|80\/100\n|move|p2a: Barb Marley|Body Press|p1a: Swampert\n|-damage|p1a: Swampert|27\/100\n|\n|-heal|p2a: Barb Marley|86\/100|[from] item: Leftovers\n|-damage|p1a: Swampert|15\/100|[from] Leech Seed|[of] p2a: Barb Marley\n|-heal|p2a: Barb Marley|99\/100|[silent]\n|upkeep\n|turn|23\n|\n|t:|1652144535\n|move|p1a: Swampert|Earthquake|p2a: Barb Marley\n|-damage|p2a: Barb Marley|80\/100\n|move|p2a: Barb Marley|Stealth Rock|p1a: Swampert\n|-sidestart|p1: Scoots Mgee|move: Stealth Rock\n|\n|-heal|p2a: Barb Marley|86\/100|[from] item: Leftovers\n|-damage|p1a: Swampert|2\/100|[from] Leech Seed|[of] p2a: Barb Marley\n|-heal|p2a: Barb Marley|99\/100|[silent]\n|-fieldend|Misty Terrain\n|upkeep\n|turn|24\n|\n|t:|1652144546\n|move|p1a: Swampert|Earthquake|p2a: Barb Marley\n|-damage|p2a: Barb Marley|77\/100\n|move|p2a: Barb Marley|Knock Off|p1a: Swampert\n|-damage|p1a: Swampert|0 fnt\n|faint|p1a: Swampert\n|\n|-heal|p2a: Barb Marley|83\/100|[from] item: Leftovers\n|upkeep\n|\n|t:|1652144549\n|switch|p1a: Heatran|Heatran, F|100\/100\n|-damage|p1a: Heatran|88\/100|[from] Stealth Rock\n|-item|p1a: Heatran|Air Balloon\n|turn|25\n|\n|t:|1652144563\n|switch|p2a: Lady Gaga|Tapu Lele|100\/100\n|-damage|p2a: Lady Gaga|88\/100|[from] Stealth Rock\n|-fieldstart|move: Psychic Terrain|[from] ability: Psychic Surge|[of] p2a: Lady Gaga\n|move|p1a: Heatran|Magma Storm|p2a: Lady Gaga\n|-damage|p2a: Lady Gaga|45\/100\n|-activate|p2a: Lady Gaga|move: Magma Storm|[of] p1a: Heatran\n|\n|-damage|p2a: Lady Gaga|33\/100|[from] move: Magma Storm|[partiallytrapped]\n|upkeep\n|turn|26\n|\n|t:|1652144580\n|switch|p1a: Dragapult|Dragapult, F|90\/100\n|-damage|p1a: Dragapult|78\/100|[from] Stealth Rock\n|move|p2a: Lady Gaga|Thunderbolt|p1a: Dragapult\n|-resisted|p1a: Dragapult\n|-crit|p1a: Dragapult\n|-damage|p1a: Dragapult|24\/100\n|\n|-end|p2a: Lady Gaga|Magma Storm|[partiallytrapped]|[silent]\n|upkeep\n|turn|27\n|\n|t:|1652144593\n|move|p1a: Dragapult|Hex|p2a: Lady Gaga\n|-supereffective|p2a: Lady Gaga\n|-damage|p2a: Lady Gaga|0 fnt\n|faint|p2a: Lady Gaga\n|\n|upkeep\n|\n|t:|1652144603\n|switch|p2a: Barb Marley|Ferrothorn, M|83\/100\n|-damage|p2a: Barb Marley|77\/100|[from] Stealth Rock\n|turn|28\n|\n|t:|1652144612\n|switch|p1a: Zapdos|Zapdos|43\/100\n|-damage|p1a: Zapdos|18\/100|[from] Stealth Rock\n|move|p2a: Barb Marley|Knock Off|p1a: Zapdos\n|-damage|p1a: Zapdos|5\/100\n|-status|p2a: Barb Marley|par|[from] ability: Static|[of] p1a: Zapdos\n|\n|-heal|p2a: Barb Marley|83\/100 par|[from] item: Leftovers\n|upkeep\n|turn|29\n|\n|t:|1652144621\n|move|p1a: Zapdos|Discharge|p2a: Barb Marley\n|-resisted|p2a: Barb Marley\n|-damage|p2a: Barb Marley|70\/100 par\n|move|p2a: Barb Marley|Leech Seed|p1a: Zapdos\n|-start|p1a: Zapdos|move: Leech Seed\n|\n|-heal|p2a: Barb Marley|76\/100 par|[from] item: Leftovers\n|-damage|p1a: Zapdos|0 fnt|[from] Leech Seed|[of] p2a: Barb Marley\n|-heal|p2a: Barb Marley|81\/100 par|[silent]\n|faint|p1a: Zapdos\n|-fieldend|move: Psychic Terrain\n|upkeep\n|\n|t:|1652144627\n|switch|p1a: Melmetal|Melmetal|87\/100\n|-damage|p1a: Melmetal|81\/100|[from] Stealth Rock\n|turn|30\n|\n|t:|1652144636\n|move|p1a: Melmetal|Earthquake|p2a: Barb Marley\n|-crit|p2a: Barb Marley\n|-damage|p2a: Barb Marley|51\/100 par\n|cant|p2a: Barb Marley|par\n|\n|-heal|p2a: Barb Marley|58\/100 par|[from] item: Leftovers\n|upkeep\n|turn|31\n|\n|t:|1652144643\n|move|p1a: Melmetal|Earthquake|p2a: Barb Marley\n|-damage|p2a: Barb Marley|37\/100 par\n|move|p2a: Barb Marley|Leech Seed|p1a: Melmetal\n|-start|p1a: Melmetal|move: Leech Seed\n|\n|-heal|p2a: Barb Marley|43\/100 par|[from] item: Leftovers\n|-damage|p1a: Melmetal|68\/100|[from] Leech Seed|[of] p2a: Barb Marley\n|-heal|p2a: Barb Marley|59\/100 par|[silent]\n|upkeep\n|turn|32\n|\n|t:|1652144651\n|switch|p1a: Heatran|Heatran, F|88\/100\n|-damage|p1a: Heatran|76\/100|[from] Stealth Rock\n|-item|p1a: Heatran|Air Balloon\n|move|p2a: Barb Marley|Body Press|p1a: Heatran\n|-supereffective|p1a: Heatran\n|-damage|p1a: Heatran|21\/100\n|-enditem|p1a: Heatran|Air Balloon\n|\n|-heal|p2a: Barb Marley|65\/100 par|[from] item: Leftovers\n|upkeep\n|turn|33\n|\n|t:|1652144662\n|move|p1a: Heatran|Magma Storm|p2a: Barb Marley\n|-supereffective|p2a: Barb Marley\n|-damage|p2a: Barb Marley|0 fnt\n|faint|p2a: Barb Marley\n|\n|upkeep\n|\n|t:|1652144665\n|switch|p2a: Dusty Hill|Landorus-Therian, M|6\/100 tox\n|-damage|p2a: Dusty Hill|0 fnt|[from] Stealth Rock\n|faint|p2a: Dusty Hill\n|\n|t:|1652144667\n|switch|p2a: Celia Cruz|Volcarona, F|100\/100\n|turn|34\n|\n|t:|1652144678\n|move|p2a: Celia Cruz|Quiver Dance|p2a: Celia Cruz\n|-boost|p2a: Celia Cruz|spa|1\n|-boost|p2a: Celia Cruz|spd|1\n|-boost|p2a: Celia Cruz|spe|1\n|move|p1a: Heatran|Taunt|p2a: Celia Cruz\n|-start|p2a: Celia Cruz|move: Taunt\n|\n|upkeep\n|turn|35\n|\n|t:|1652144689\n|move|p2a: Celia Cruz|Psychic|p1a: Heatran\n|-resisted|p1a: Heatran\n|-damage|p1a: Heatran|5\/100\n|move|p1a: Heatran|Magma Storm|p2a: Celia Cruz|[miss]\n|-miss|p1a: Heatran|p2a: Celia Cruz\n|\n|upkeep\n|turn|36\n|\n|t:|1652144695\n|move|p2a: Celia Cruz|Psychic|p1a: Heatran\n|-resisted|p1a: Heatran\n|-damage|p1a: Heatran|0 fnt\n|faint|p1a: Heatran\n|\n|upkeep\n|\n|t:|1652144698\n|switch|p1a: Melmetal|Melmetal|68\/100\n|-damage|p1a: Melmetal|62\/100|[from] Stealth Rock\n|turn|37\n|\n|t:|1652144702\n|move|p2a: Celia Cruz|Flamethrower|p1a: Melmetal\n|-supereffective|p1a: Melmetal\n|-damage|p1a: Melmetal|0 fnt\n|faint|p1a: Melmetal\n|\n|-end|p2a: Celia Cruz|move: Taunt\n|upkeep\n|-message|Scoots Mgee forfeited.\n|\n|win|ChakaKhan62\n|raw|Scoots Mgee's rating: 1335 &rarr; <strong>1315<\/strong><br \/>(-20 for losing)\n|raw|ChakaKhan62's rating: 1334 &rarr; <strong>1354<\/strong><br \/>(+20 for winning)\n|l|\u2606Scoots Mgee\n|c|\u2606ChakaKhan62|gg\n","uploadtime":1652144719,"views":10,"p1id":"scootsmgee","p2id":"chakakhan62","formatid":"gen8ou","rating":1315,"private":0,"password":null}