{"id":"gen8ou-1626618892","p1":"ggundy","p2":"jeandonis02","format":"gen8ou","log":"|j|\u2606ggundy\n|j|\u2606jeandonis02\n|t:|1658955824\n|gametype|singles\n|player|p1|ggundy|1|1626\n|player|p2|jeandonis02|lucas|1692\n|teamsize|p1|6\n|teamsize|p2|6\n|gen|8\n|tier|[Gen 8] OU\n|rated|\n|rule|Sleep Clause Mod: Limit one foe put to sleep\n|rule|Species Clause: Limit one of each Pok\u00e9mon\n|rule|OHKO Clause: OHKO moves are banned\n|rule|Evasion Moves Clause: Evasion moves are banned\n|rule|Endless Battle Clause: Forcing endless battles is banned\n|rule|HP Percentage Mod: HP is shown in percentages\n|rule|Dynamax Clause: You cannot dynamax\n|clearpoke\n|poke|p1|Victini|\n|poke|p1|Tornadus-Therian, M|\n|poke|p1|Ferrothorn, F|\n|poke|p1|Clefable, M|\n|poke|p1|Garchomp, M|\n|poke|p1|Weavile, M|\n|poke|p2|Zeraora|\n|poke|p2|Toxapex, M|\n|poke|p2|Garchomp, M|\n|poke|p2|Rotom-Wash|\n|poke|p2|Ferrothorn, F|\n|poke|p2|Charizard, M|\n|teampreview\n|inactive|Battle timer is ON: inactive players will automatically lose when time's up. (requested by jeandonis02)\n|\n|t:|1658955834\n|start\n|switch|p1a: Clefable|Clefable, M|100\/100\n|switch|p2a: Garchomp|Garchomp, M|100\/100\n|turn|1\n|\n|t:|1658955840\n|move|p2a: Garchomp|Iron Head|p1a: Clefable\n|-supereffective|p1a: Clefable\n|-damage|p1a: Clefable|30\/100\n|-damage|p2a: Garchomp|84\/100|[from] item: Rocky Helmet|[of] p1a: Clefable\n|move|p1a: Clefable|Knock Off|p2a: Garchomp\n|-damage|p2a: Garchomp|70\/100\n|-activate|p2a: Garchomp|ability: Rough Skin\n|-enditem|p2a: Garchomp|Choice Band|[from] move: Knock Off|[of] p1a: Clefable\n|\n|upkeep\n|turn|2\n|\n|t:|1658955865\n|switch|p1a: Tornadus|Tornadus-Therian, M|100\/100\n|move|p2a: Garchomp|Earthquake|p1a: Tornadus\n|-immune|p1a: Tornadus\n|\n|upkeep\n|turn|3\n|\n|t:|1658955870\n|switch|p2a: Rotom|Rotom-Wash|100\/100\n|move|p1a: Tornadus|Hurricane|p2a: Rotom\n|-resisted|p2a: Rotom\n|-damage|p2a: Rotom|82\/100\n|\n|-heal|p2a: Rotom|88\/100|[from] item: Leftovers\n|upkeep\n|turn|4\n|\n|t:|1658955873\n|move|p1a: Tornadus|U-turn|p2a: Rotom\n|-damage|p2a: Rotom|75\/100\n|\n|t:|1658955875\n|switch|p1a: Clefable|Clefable, M|30\/100|[from]move: U-turn\n|move|p2a: Rotom|Volt Switch|p1a: Clefable\n|-damage|p1a: Clefable|7\/100\n|\n|t:|1658955880\n|switch|p2a: Garchomp|Garchomp, M|70\/100|[from]move: Volt Switch\n|\n|upkeep\n|turn|5\n|\n|t:|1658955884\n|switch|p1a: Ferrothorn|Ferrothorn, F|100\/100\n|move|p2a: Garchomp|Iron Head|p1a: Ferrothorn\n|-resisted|p1a: Ferrothorn\n|-damage|p1a: Ferrothorn|91\/100\n|-damage|p2a: Garchomp|58\/100|[from] ability: Iron Barbs|[of] p1a: Ferrothorn\n|\n|-heal|p1a: Ferrothorn|97\/100|[from] item: Leftovers\n|upkeep\n|turn|6\n|\n|t:|1658955892\n|switch|p1a: Tornadus|Tornadus-Therian, M|100\/100\n|move|p2a: Garchomp|Fire Fang|p1a: Tornadus\n|-damage|p1a: Tornadus|77\/100\n|\n|upkeep\n|turn|7\n|\n|t:|1658955896\n|move|p1a: Tornadus|Hurricane|p2a: Garchomp\n|-crit|p2a: Garchomp\n|-damage|p2a: Garchomp|0 fnt\n|faint|p2a: Garchomp\n|\n|upkeep\n|\n|t:|1658955899\n|switch|p2a: Zeraora|Zeraora|100\/100\n|turn|8\n|\n|t:|1658955911\n|switch|p1a: Garchomp|Garchomp, M|100\/100\n|move|p2a: Zeraora|Knock Off|p1a: Garchomp\n|-damage|p1a: Garchomp|75\/100\n|-damage|p2a: Zeraora|88\/100|[from] ability: Rough Skin|[of] p1a: Garchomp\n|-enditem|p1a: Garchomp|Leftovers|[from] move: Knock Off|[of] p2a: Zeraora\n|\n|upkeep\n|turn|9\n|\n|t:|1658955916\n|move|p2a: Zeraora|Play Rough|p1a: Garchomp\n|-supereffective|p1a: Garchomp\n|-damage|p1a: Garchomp|27\/100\n|-damage|p2a: Zeraora|76\/100|[from] ability: Rough Skin|[of] p1a: Garchomp\n|move|p1a: Garchomp|Stealth Rock|p2a: Zeraora\n|-sidestart|p2: jeandonis02|move: Stealth Rock\n|\n|upkeep\n|turn|10\n|\n|t:|1658955920\n|move|p1a: Garchomp|Protect|p1a: Garchomp\n|-singleturn|p1a: Garchomp|Protect\n|move|p2a: Zeraora|Play Rough|p1a: Garchomp\n|-activate|p1a: Garchomp|move: Protect\n|\n|upkeep\n|turn|11\n|\n|t:|1658955925\n|move|p2a: Zeraora|Close Combat|p1a: Garchomp\n|-damage|p1a: Garchomp|0 fnt\n|-unboost|p2a: Zeraora|def|1\n|-unboost|p2a: Zeraora|spd|1\n|-damage|p2a: Zeraora|64\/100|[from] ability: Rough Skin|[of] p1a: Garchomp\n|faint|p1a: Garchomp\n|\n|upkeep\n|inactive|ggundy has 120 seconds left.\n|\n|t:|1658955957\n|switch|p1a: Victini|Victini|100\/100\n|turn|12\n|\n|t:|1658955959\n|switch|p2a: Toxapex|Toxapex, M|100\/100\n|-damage|p2a: Toxapex|88\/100|[from] Stealth Rock\n|switch|p1a: Ferrothorn|Ferrothorn, F|97\/100\n|\n|-heal|p2a: Toxapex|94\/100|[from] item: Black Sludge\n|-heal|p1a: Ferrothorn|100\/100|[from] item: Leftovers\n|upkeep\n|turn|13\n|\n|t:|1658955964\n|switch|p2a: Rotom|Rotom-Wash|75\/100\n|-damage|p2a: Rotom|62\/100|[from] Stealth Rock\n|move|p1a: Ferrothorn|Leech Seed|p2a: Rotom\n|-start|p2a: Rotom|move: Leech Seed\n|\n|-heal|p2a: Rotom|68\/100|[from] item: Leftovers\n|-damage|p2a: Rotom|56\/100|[from] Leech Seed|[of] p1a: Ferrothorn\n|upkeep\n|turn|14\n|\n|t:|1658955969\n|move|p2a: Rotom|Defog|p1a: Ferrothorn\n|-unboost|p1a: Ferrothorn|evasion|1\n|-sideend|p2: jeandonis02|Stealth Rock|[from] move: Defog|[of] p2a: Rotom\n|move|p1a: Ferrothorn|Spikes|p2a: Rotom\n|-sidestart|p2: jeandonis02|Spikes\n|\n|-heal|p2a: Rotom|62\/100|[from] item: Leftovers\n|-damage|p2a: Rotom|50\/100|[from] Leech Seed|[of] p1a: Ferrothorn\n|upkeep\n|turn|15\n|\n|t:|1658955975\n|move|p2a: Rotom|Volt Switch|p1a: Ferrothorn\n|-resisted|p1a: Ferrothorn\n|-damage|p1a: Ferrothorn|92\/100\n|\n|t:|1658955977\n|switch|p2a: Charizard|Charizard, M|100\/100|[from]move: Volt Switch\n|move|p1a: Ferrothorn|Leech Seed|p2a: Charizard\n|-start|p2a: Charizard|move: Leech Seed\n|\n|-heal|p1a: Ferrothorn|98\/100|[from] item: Leftovers\n|-damage|p2a: Charizard|88\/100|[from] Leech Seed|[of] p1a: Ferrothorn\n|-heal|p1a: Ferrothorn|100\/100|[silent]\n|upkeep\n|turn|16\n|\n|t:|1658955981\n|switch|p2a: Rotom|Rotom-Wash|50\/100\n|switch|p1a: Victini|Victini|100\/100\n|\n|-heal|p2a: Rotom|56\/100|[from] item: Leftovers\n|upkeep\n|turn|17\n|\n|t:|1658955985\n|switch|p2a: Toxapex|Toxapex, M|100\/100\n|-damage|p2a: Toxapex|88\/100|[from] Spikes\n|move|p1a: Victini|U-turn|p2a: Toxapex\n|-resisted|p2a: Toxapex\n|-damage|p2a: Toxapex|80\/100\n|\n|t:|1658955987\n|switch|p1a: Clefable|Clefable, M|7\/100|[from]move: U-turn\n|\n|-heal|p2a: Toxapex|86\/100|[from] item: Black Sludge\n|upkeep\n|turn|18\n|j| Rubiaa\n|\n|t:|1658955992\n|move|p1a: Clefable|Soft-Boiled|p1a: Clefable\n|-heal|p1a: Clefable|57\/100\n|move|p2a: Toxapex|Scald|p1a: Clefable\n|-damage|p1a: Clefable|43\/100\n|\n|-heal|p2a: Toxapex|92\/100|[from] item: Black Sludge\n|upkeep\n|turn|19\n|\n|t:|1658956000\n|move|p1a: Clefable|Soft-Boiled|p1a: Clefable\n|-heal|p1a: Clefable|93\/100\n|move|p2a: Toxapex|Toxic|p1a: Clefable\n|-status|p1a: Clefable|tox\n|\n|-heal|p2a: Toxapex|99\/100|[from] item: Black Sludge\n|upkeep\n|turn|20\n|\n|t:|1658956006\n|move|p1a: Clefable|Knock Off|p2a: Toxapex\n|-damage|p2a: Toxapex|86\/100\n|-enditem|p2a: Toxapex|Black Sludge|[from] move: Knock Off|[of] p1a: Clefable\n|move|p2a: Toxapex|Scald|p1a: Clefable\n|-damage|p1a: Clefable|79\/100 tox\n|\n|upkeep\n|turn|21\n|\n|t:|1658956013\n|move|p1a: Clefable|Soft-Boiled|p1a: Clefable\n|-heal|p1a: Clefable|100\/100 tox\n|move|p2a: Toxapex|Scald|p1a: Clefable\n|-damage|p1a: Clefable|84\/100 tox\n|\n|upkeep\n|turn|22\n|\n|t:|1658956015\n|move|p1a: Clefable|Thunder Wave|p2a: Toxapex\n|-status|p2a: Toxapex|par\n|move|p2a: Toxapex|Scald|p1a: Clefable\n|-damage|p1a: Clefable|69\/100 tox\n|\n|upkeep\n|turn|23\n|\n|t:|1658956021\n|switch|p2a: Ferrothorn|Ferrothorn, F|100\/100\n|-damage|p2a: Ferrothorn|88\/100|[from] Spikes\n|move|p1a: Clefable|Soft-Boiled|p1a: Clefable\n|-heal|p1a: Clefable|100\/100 tox\n|\n|upkeep\n|turn|24\n|\n|t:|1658956027\n|switch|p1a: Victini|Victini|100\/100\n|move|p2a: Ferrothorn|Thunder Wave|p1a: Victini|[miss]\n|-miss|p2a: Ferrothorn|p1a: Victini\n|\n|upkeep\n|turn|25\n|\n|t:|1658956036\n|move|p1a: Victini|Bolt Strike|p2a: Ferrothorn\n|-resisted|p2a: Ferrothorn\n|-damage|p2a: Ferrothorn|77\/100\n|-damage|p1a: Victini|88\/100|[from] ability: Iron Barbs|[of] p2a: Ferrothorn\n|-damage|p1a: Victini|72\/100|[from] item: Rocky Helmet|[of] p2a: Ferrothorn\n|move|p2a: Ferrothorn|Thunder Wave|p1a: Victini\n|-status|p1a: Victini|par\n|\n|upkeep\n|turn|26\n|\n|t:|1658956041\n|switch|p2a: Toxapex|Toxapex, M|100\/100 par\n|-damage|p2a: Toxapex|88\/100 par|[from] Spikes\n|move|p1a: Victini|V-create|p2a: Toxapex\n|-resisted|p2a: Toxapex\n|-damage|p2a: Toxapex|60\/100 par\n|-unboost|p1a: Victini|spe|1\n|-unboost|p1a: Victini|def|1\n|-unboost|p1a: Victini|spd|1\n|\n|upkeep\n|turn|27\n|\n|t:|1658956047\n|switch|p1a: Clefable|Clefable, M|100\/100 tox\n|switch|p2a: Zeraora|Zeraora|64\/100\n|-damage|p2a: Zeraora|51\/100|[from] Spikes\n|\n|upkeep\n|turn|28\n|\n|t:|1658956065\n|move|p2a: Zeraora|Knock Off|p1a: Clefable\n|-resisted|p1a: Clefable\n|-damage|p1a: Clefable|87\/100 tox\n|-damage|p2a: Zeraora|35\/100|[from] item: Rocky Helmet|[of] p1a: Clefable\n|-enditem|p1a: Clefable|Rocky Helmet|[from] move: Knock Off|[of] p2a: Zeraora\n|move|p1a: Clefable|Moonblast|p2a: Zeraora\n|-damage|p2a: Zeraora|0 fnt\n|faint|p2a: Zeraora\n|\n|upkeep\n|\n|t:|1658956068\n|switch|p2a: Rotom|Rotom-Wash|56\/100\n|turn|29\n|\n|t:|1658956072\n|move|p2a: Rotom|Defog|p1a: Clefable\n|-unboost|p1a: Clefable|evasion|1\n|-sideend|p2: jeandonis02|Spikes|[from] move: Defog|[of] p2a: Rotom\n|move|p1a: Clefable|Knock Off|p2a: Rotom\n|-damage|p2a: Rotom|44\/100\n|-enditem|p2a: Rotom|Leftovers|[from] move: Knock Off|[of] p1a: Clefable\n|\n|upkeep\n|turn|30\n|\n|t:|1658956092\n|move|p2a: Rotom|Hydro Pump|p1a: Clefable\n|-damage|p1a: Clefable|50\/100 tox\n|move|p1a: Clefable|Thunder Wave|p2a: Rotom\n|-immune|p2a: Rotom\n|\n|upkeep\n|turn|31\n|\n|t:|1658956095\n|move|p2a: Rotom|Hydro Pump|p1a: Clefable\n|-damage|p1a: Clefable|12\/100 tox\n|move|p1a: Clefable|Soft-Boiled|p1a: Clefable\n|-heal|p1a: Clefable|62\/100 tox\n|\n|upkeep\n|turn|32\n|\n|t:|1658956098\n|move|p2a: Rotom|Volt Switch|p1a: Clefable\n|-damage|p1a: Clefable|39\/100 tox\n|\n|t:|1658956101\n|switch|p2a: Ferrothorn|Ferrothorn, F|77\/100|[from]move: Volt Switch\n|move|p1a: Clefable|Soft-Boiled|p1a: Clefable\n|-heal|p1a: Clefable|89\/100 tox\n|\n|upkeep\n|turn|33\n|\n|t:|1658956106\n|switch|p1a: Victini|Victini|72\/100 par\n|move|p2a: Ferrothorn|Stealth Rock|p1a: Victini\n|-sidestart|p1: ggundy|move: Stealth Rock\n|\n|upkeep\n|turn|34\n|\n|t:|1658956118\n|switch|p2a: Toxapex|Toxapex, M|93\/100 par\n|move|p1a: Victini|Taunt|p2a: Toxapex\n|-start|p2a: Toxapex|move: Taunt\n|\n|upkeep\n|turn|35\n|\n|t:|1658956127\n|move|p1a: Victini|Bolt Strike|p2a: Toxapex\n|-supereffective|p2a: Toxapex\n|-damage|p2a: Toxapex|39\/100 par\n|move|p2a: Toxapex|Scald|p1a: Victini\n|-supereffective|p1a: Victini\n|-damage|p1a: Victini|35\/100 par\n|\n|upkeep\n|turn|36\n|\n|t:|1658956140\n|move|p1a: Victini|V-create|p2a: Toxapex\n|-resisted|p2a: Toxapex\n|-damage|p2a: Toxapex|9\/100 par\n|-unboost|p1a: Victini|spe|1\n|-unboost|p1a: Victini|def|1\n|-unboost|p1a: Victini|spd|1\n|cant|p2a: Toxapex|par\n|\n|-end|p2a: Toxapex|move: Taunt\n|upkeep\n|turn|37\n|\n|t:|1658956148\n|move|p2a: Toxapex|Baneful Bunker|p2a: Toxapex\n|-singleturn|p2a: Toxapex|move: Protect\n|cant|p1a: Victini|par\n|\n|upkeep\n|turn|38\n|\n|t:|1658956154\n|move|p1a: Victini|V-create|p2a: Toxapex\n|-resisted|p2a: Toxapex\n|-damage|p2a: Toxapex|0 fnt\n|-unboost|p1a: Victini|spe|1\n|-unboost|p1a: Victini|def|1\n|-unboost|p1a: Victini|spd|1\n|faint|p2a: Toxapex\n|\n|upkeep\n|\n|t:|1658956158\n|switch|p2a: Rotom|Rotom-Wash|44\/100\n|turn|39\n|\n|t:|1658956163\n|switch|p1a: Clefable|Clefable, M|89\/100 tox\n|move|p2a: Rotom|Volt Switch|p1a: Clefable\n|-damage|p1a: Clefable|67\/100 tox\n|\n|t:|1658956171\n|switch|p2a: Ferrothorn|Ferrothorn, F|77\/100|[from]move: Volt Switch\n|\n|upkeep\n|turn|40\n|\n|t:|1658956176\n|move|p1a: Clefable|Soft-Boiled|p1a: Clefable\n|-heal|p1a: Clefable|100\/100 tox\n|move|p2a: Ferrothorn|Gyro Ball|p1a: Clefable\n|-supereffective|p1a: Clefable\n|-damage|p1a: Clefable|48\/100 tox\n|\n|upkeep\n|turn|41\n|\n|t:|1658956193\n|move|p1a: Clefable|Soft-Boiled|p1a: Clefable\n|-heal|p1a: Clefable|98\/100 tox\n|move|p2a: Ferrothorn|Gyro Ball|p1a: Clefable\n|-supereffective|p1a: Clefable\n|-damage|p1a: Clefable|44\/100 tox\n|\n|upkeep\n|turn|42\n|\n|t:|1658956205\n|switch|p1a: Ferrothorn|Ferrothorn, F|100\/100\n|-damage|p1a: Ferrothorn|94\/100|[from] Stealth Rock\n|move|p2a: Ferrothorn|Gyro Ball|p1a: Ferrothorn\n|-resisted|p1a: Ferrothorn\n|-damage|p1a: Ferrothorn|88\/100\n|-damage|p2a: Ferrothorn|65\/100|[from] ability: Iron Barbs|[of] p1a: Ferrothorn\n|\n|-heal|p1a: Ferrothorn|95\/100|[from] item: Leftovers\n|upkeep\n|turn|43\n|\n|t:|1658956220\n|switch|p2a: Charizard|Charizard, M|88\/100\n|move|p1a: Ferrothorn|Body Press|p2a: Charizard\n|-resisted|p2a: Charizard\n|-damage|p2a: Charizard|74\/100\n|\n|-heal|p1a: Ferrothorn|100\/100|[from] item: Leftovers\n|upkeep\n|turn|44\n|\n|t:|1658956227\n|switch|p1a: Tornadus|Tornadus-Therian, M|100\/100\n|move|p2a: Charizard|Belly Drum|p2a: Charizard\n|-damage|p2a: Charizard|24\/100\n|-setboost|p2a: Charizard|atk|6|[from] move: Belly Drum\n|-enditem|p2a: Charizard|Sitrus Berry|[eat]\n|-heal|p2a: Charizard|49\/100|[from] item: Sitrus Berry\n|\n|upkeep\n|turn|45\n|\n|t:|1658956233\n|move|p1a: Tornadus|Taunt|p2a: Charizard\n|-start|p2a: Charizard|move: Taunt\n|cant|p2a: Charizard|move: Taunt|Roost\n|\n|upkeep\n|turn|46\n|\n|t:|1658956239\n|move|p1a: Tornadus|Hurricane|p2a: Charizard|[miss]\n|-miss|p1a: Tornadus|p2a: Charizard\n|move|p2a: Charizard|Flame Charge|p1a: Tornadus\n|-damage|p1a: Tornadus|25\/100\n|-boost|p2a: Charizard|spe|1\n|\n|upkeep\n|turn|47\n|inactive|ggundy has 120 seconds left.\n|\n|t:|1658956270\n|switch|p1a: Ferrothorn|Ferrothorn, F|100\/100\n|-damage|p1a: Ferrothorn|94\/100|[from] Stealth Rock\n|move|p2a: Charizard|Flame Charge|p1a: Ferrothorn\n|-supereffective|p1a: Ferrothorn\n|-damage|p1a: Ferrothorn|0 fnt\n|-boost|p2a: Charizard|spe|1\n|-damage|p2a: Charizard|36\/100|[from] ability: Iron Barbs|[of] p1a: Ferrothorn\n|faint|p1a: Ferrothorn\n|\n|-end|p2a: Charizard|move: Taunt\n|upkeep\n|inactive|ggundy has 120 seconds left.\n|inactive|ggundy has 90 seconds left.\n|j| TheQzertz\n|inactive|ggundy has 60 seconds left.\n|l| TheQzertz\n|\n|t:|1658956345\n|switch|p1a: Clefable|Clefable, M|44\/100 tox\n|turn|48\n|\n|t:|1658956358\n|move|p2a: Charizard|Acrobatics|p1a: Clefable\n|-damage|p1a: Clefable|0 fnt\n|faint|p1a: Clefable\n|\n|upkeep\n|\n|t:|1658956373\n|switch|p1a: Weavile|Weavile, M|100\/100\n|-ability|p1a: Weavile|Pressure\n|turn|49\n|\n|t:|1658956376\n|move|p1a: Weavile|Ice Shard|p2a: Charizard\n|-damage|p2a: Charizard|12\/100\n|move|p2a: Charizard|Flame Charge|p1a: Weavile\n|-supereffective|p1a: Weavile\n|-damage|p1a: Weavile|0 fnt\n|-boost|p2a: Charizard|spe|1\n|faint|p1a: Weavile\n|\n|upkeep\n|\n|t:|1658956383\n|switch|p1a: Tornadus|Tornadus-Therian, M|58\/100\n|turn|50\n|inactive|ggundy has 60 seconds left.\n|-message|ggundy forfeited.\n|\n|win|jeandonis02\n|raw|ggundy's rating: 1626 &rarr; <strong>1610<\/strong><br \/>(-16 for losing)\n|raw|jeandonis02's rating: 1692 &rarr; <strong>1708<\/strong><br \/>(+16 for winning)\n|l|\u2606ggundy\n||Ladder isn't responding, score probably updated but might not have (Request timeout).\n","uploadtime":1658956392,"views":33,"p1id":"ggundy","p2id":"jeandonis02","formatid":"gen8ou","rating":1610,"private":0,"password":null}