{"id":"gen8ou-1655426922","p1":"himynametay","p2":"Rimbax","format":"gen8ou","log":"|j|\u203dhimynametay\n|j|\u2606Rimbax\n|t:|1662242354\n|gametype|singles\n|player|p1|himynametay|elesa-masters|1570\n|player|p2|Rimbax|acetrainer-gen4|1494\n|teamsize|p1|6\n|teamsize|p2|6\n|gen|8\n|tier|[Gen 8] OU\n|rated|\n|rule|Sleep Clause Mod: Limit one foe put to sleep\n|rule|Species Clause: Limit one of each Pok\u00e9mon\n|rule|OHKO Clause: OHKO moves are banned\n|rule|Evasion Items Clause: Evasion items are banned\n|rule|Evasion Moves Clause: Evasion moves are banned\n|rule|Endless Battle Clause: Forcing endless battles is banned\n|rule|HP Percentage Mod: HP is shown in percentages\n|rule|Dynamax Clause: You cannot dynamax\n|clearpoke\n|poke|p1|Landorus-Therian, M|\n|poke|p1|Ferrothorn, F|\n|poke|p1|Urshifu-*, M|\n|poke|p1|Tornadus-Therian, M|\n|poke|p1|Dragapult, M|\n|poke|p1|Tapu Lele|\n|poke|p2|Heatran, M|\n|poke|p2|Dragonite, M|\n|poke|p2|Tapu Fini|\n|poke|p2|Melmetal|\n|poke|p2|Landorus-Therian, M|\n|poke|p2|Urshifu-*, F|\n|teampreview\n|\n|t:|1662242452\n|start\n|switch|p1a: Urshifu|Urshifu-Rapid-Strike, M|100\/100\n|switch|p2a: Heatran|Heatran, M|100\/100\n|turn|1\n|\n|t:|1662242458\n|switch|p2a: Tapu Fini|Tapu Fini|100\/100\n|-fieldstart|move: Misty Terrain|[from] ability: Misty Surge|[of] p2a: Tapu Fini\n|move|p1a: Urshifu|Surging Strikes|p2a: Tapu Fini\n|-resisted|p2a: Tapu Fini\n|-crit|p2a: Tapu Fini\n|-damage|p2a: Tapu Fini|92\/100\n|-resisted|p2a: Tapu Fini\n|-crit|p2a: Tapu Fini\n|-damage|p2a: Tapu Fini|82\/100\n|-resisted|p2a: Tapu Fini\n|-crit|p2a: Tapu Fini\n|-damage|p2a: Tapu Fini|72\/100\n|-hitcount|p2a: Tapu Fini|3\n|\n|upkeep\n|turn|2\n|inactive|Battle timer is ON: inactive players will automatically lose when time's up. (requested by himynametay)\n|\n|t:|1662242469\n|switch|p1a: Ferrothorn|Ferrothorn, F|100\/100\n|move|p2a: Tapu Fini|Trick|p1a: Ferrothorn\n|-activate|p2a: Tapu Fini|move: Trick|[of] p1a: Ferrothorn\n|-item|p1a: Ferrothorn|Choice Scarf|[from] move: Trick\n|-item|p2a: Tapu Fini|Rocky Helmet|[from] move: Trick\n|\n|upkeep\n|turn|3\n|\n|t:|1662242476\n|switch|p2a: Heatran|Heatran, M|100\/100\n|move|p1a: Ferrothorn|Stealth Rock|p2a: Heatran\n|-sidestart|p2: Rimbax|move: Stealth Rock\n|\n|upkeep\n|turn|4\n|\n|t:|1662242505\n|switch|p1a: Urshifu|Urshifu-Rapid-Strike, M|100\/100\n|move|p2a: Heatran|Stealth Rock|p1a: Urshifu\n|-sidestart|p1: himynametay|move: Stealth Rock\n|\n|upkeep\n|turn|5\n|inactive|Rimbax has 120 seconds left.\n|inactive|Rimbax has 90 seconds left.\n|\n|t:|1662242566\n|switch|p2a: Tapu Fini|Tapu Fini|72\/100\n|-damage|p2a: Tapu Fini|60\/100|[from] Stealth Rock\n|move|p1a: Urshifu|Surging Strikes|p2a: Tapu Fini\n|-resisted|p2a: Tapu Fini\n|-crit|p2a: Tapu Fini\n|-damage|p2a: Tapu Fini|50\/100\n|-resisted|p2a: Tapu Fini\n|-crit|p2a: Tapu Fini\n|-damage|p2a: Tapu Fini|40\/100\n|-resisted|p2a: Tapu Fini\n|-crit|p2a: Tapu Fini\n|-damage|p2a: Tapu Fini|31\/100\n|-hitcount|p2a: Tapu Fini|3\n|\n|-fieldend|Misty Terrain\n|upkeep\n|turn|6\n|inactive|Rimbax has 90 seconds left.\n|\n|t:|1662242583\n|move|p2a: Tapu Fini|Draining Kiss|p1a: Urshifu\n|-supereffective|p1a: Urshifu\n|-damage|p1a: Urshifu|52\/100\n|-heal|p2a: Tapu Fini|71\/100|[from] drain|[of] p1a: Urshifu\n|move|p1a: Urshifu|U-turn|p2a: Tapu Fini\n|-resisted|p2a: Tapu Fini\n|-damage|p2a: Tapu Fini|58\/100\n|\n|t:|1662242588\n|switch|p1a: Ferrothorn|Ferrothorn, F|100\/100|[from]move: U-turn\n|-damage|p1a: Ferrothorn|94\/100|[from] Stealth Rock\n|\n|upkeep\n|turn|7\n|inactive|Rimbax has 90 seconds left.\n|\n|t:|1662242604\n|move|p2a: Tapu Fini|Scald|p1a: Ferrothorn\n|-resisted|p1a: Ferrothorn\n|-crit|p1a: Ferrothorn\n|-damage|p1a: Ferrothorn|77\/100\n|move|p1a: Ferrothorn|Knock Off|p2a: Tapu Fini\n|-resisted|p2a: Tapu Fini\n|-damage|p2a: Tapu Fini|49\/100\n|-damage|p1a: Ferrothorn|60\/100|[from] item: Rocky Helmet|[of] p2a: Tapu Fini\n|-enditem|p2a: Tapu Fini|Rocky Helmet|[from] move: Knock Off|[of] p1a: Ferrothorn\n|\n|upkeep\n|turn|8\n|\n|t:|1662242613\n|switch|p1a: Tornadus|Tornadus-Therian, M|100\/100\n|-damage|p1a: Tornadus|75\/100|[from] Stealth Rock\n|move|p2a: Tapu Fini|Calm Mind|p2a: Tapu Fini\n|-boost|p2a: Tapu Fini|spa|1\n|-boost|p2a: Tapu Fini|spd|1\n|\n|upkeep\n|turn|9\n|\n|t:|1662242620\n|move|p1a: Tornadus|U-turn|p2a: Tapu Fini\n|-resisted|p2a: Tapu Fini\n|-damage|p2a: Tapu Fini|42\/100\n|\n|t:|1662242621\n|switch|p1a: Tapu Lele|Tapu Lele|100\/100|[from]move: U-turn\n|-damage|p1a: Tapu Lele|88\/100|[from] Stealth Rock\n|-fieldstart|move: Psychic Terrain|[from] ability: Psychic Surge|[of] p1a: Tapu Lele\n|move|p2a: Tapu Fini|Draining Kiss|p1a: Tapu Lele\n|-damage|p1a: Tapu Lele|59\/100\n|-heal|p2a: Tapu Fini|63\/100|[from] drain|[of] p1a: Tapu Lele\n|\n|upkeep\n|turn|10\n|\n|t:|1662242635\n|switch|p2a: Heatran|Heatran, M|100\/100\n|-damage|p2a: Heatran|88\/100|[from] Stealth Rock\n|move|p1a: Tapu Lele|Psyshock|p2a: Heatran\n|-resisted|p2a: Heatran\n|-damage|p2a: Heatran|64\/100\n|\n|-heal|p2a: Heatran|70\/100|[from] item: Leftovers\n|upkeep\n|turn|11\n|\n|t:|1662242644\n|switch|p1a: Urshifu|Urshifu-Rapid-Strike, M|52\/100\n|-damage|p1a: Urshifu|46\/100|[from] Stealth Rock\n|move|p2a: Heatran|Lava Plume|p1a: Urshifu\n|-resisted|p1a: Urshifu\n|-damage|p1a: Urshifu|19\/100\n|\n|-heal|p2a: Heatran|76\/100|[from] item: Leftovers\n|upkeep\n|turn|12\n|\n|t:|1662242659\n|switch|p2a: Tapu Fini|Tapu Fini|63\/100\n|-damage|p2a: Tapu Fini|50\/100|[from] Stealth Rock\n|-fieldstart|move: Misty Terrain|[from] ability: Misty Surge|[of] p2a: Tapu Fini\n|move|p1a: Urshifu|Surging Strikes|p2a: Tapu Fini\n|-resisted|p2a: Tapu Fini\n|-crit|p2a: Tapu Fini\n|-damage|p2a: Tapu Fini|41\/100\n|-resisted|p2a: Tapu Fini\n|-crit|p2a: Tapu Fini\n|-damage|p2a: Tapu Fini|32\/100\n|-resisted|p2a: Tapu Fini\n|-crit|p2a: Tapu Fini\n|-damage|p2a: Tapu Fini|22\/100\n|-hitcount|p2a: Tapu Fini|3\n|\n|upkeep\n|turn|13\n|\n|t:|1662242671\n|switch|p1a: Ferrothorn|Ferrothorn, F|60\/100\n|-damage|p1a: Ferrothorn|54\/100|[from] Stealth Rock\n|move|p2a: Tapu Fini|Draining Kiss|p1a: Ferrothorn\n|-resisted|p1a: Ferrothorn\n|-damage|p1a: Ferrothorn|47\/100\n|-heal|p2a: Tapu Fini|29\/100|[from] drain|[of] p1a: Ferrothorn\n|-damage|p2a: Tapu Fini|16\/100|[from] ability: Iron Barbs|[of] p1a: Ferrothorn\n|\n|upkeep\n|turn|14\n|\n|t:|1662242680\n|move|p2a: Tapu Fini|Calm Mind|p2a: Tapu Fini\n|-boost|p2a: Tapu Fini|spa|1\n|-boost|p2a: Tapu Fini|spd|1\n|move|p1a: Ferrothorn|Leech Seed|p2a: Tapu Fini\n|-start|p2a: Tapu Fini|move: Leech Seed\n|\n|-damage|p2a: Tapu Fini|4\/100|[from] Leech Seed|[of] p1a: Ferrothorn\n|-heal|p1a: Ferrothorn|58\/100|[silent]\n|upkeep\n|turn|15\n|\n|t:|1662242693\n|move|p2a: Tapu Fini|Scald|p1a: Ferrothorn\n|-resisted|p1a: Ferrothorn\n|-damage|p1a: Ferrothorn|41\/100\n|move|p1a: Ferrothorn|Leech Seed||[still]\n|-fail|p1a: Ferrothorn\n|\n|-damage|p2a: Tapu Fini|0 fnt|[from] Leech Seed|[of] p1a: Ferrothorn\n|-heal|p1a: Ferrothorn|44\/100|[silent]\n|faint|p2a: Tapu Fini\n|upkeep\n|\n|t:|1662242707\n|switch|p2a: Heatran|Heatran, M|76\/100\n|-damage|p2a: Heatran|64\/100|[from] Stealth Rock\n|turn|16\n|\n|t:|1662242727\n|switch|p1a: Landorus|Landorus-Therian, M|100\/100\n|-damage|p1a: Landorus|88\/100|[from] Stealth Rock\n|-ability|p1a: Landorus|Intimidate|boost\n|-unboost|p2a: Heatran|atk|1\n|move|p2a: Heatran|Lava Plume|p1a: Landorus\n|-damage|p1a: Landorus|63\/100\n|\n|-heal|p1a: Landorus|69\/100|[from] item: Leftovers\n|-heal|p2a: Heatran|70\/100|[from] item: Leftovers\n|-fieldend|Misty Terrain\n|upkeep\n|turn|17\n|inactive|Rimbax has 120 seconds left.\n|\n|t:|1662242739\n|switch|p2a: Dragonite|Dragonite, M|100\/100\n|move|p1a: Landorus|Defog|p2a: Dragonite\n|-unboost|p2a: Dragonite|evasion|1\n|-sideend|p2: Rimbax|Stealth Rock|[from] move: Defog|[of] p1a: Landorus\n|-sideend|p1: himynametay|Stealth Rock|[from] move: Defog|[of] p1a: Landorus\n|\n|-heal|p1a: Landorus|75\/100|[from] item: Leftovers\n|upkeep\n|turn|18\n|\n|t:|1662242757\n|move|p1a: Landorus|U-turn|p2a: Dragonite\n|-resisted|p2a: Dragonite\n|-damage|p2a: Dragonite|97\/100\n|\n|t:|1662242759\n|switch|p1a: Tapu Lele|Tapu Lele|59\/100|[from]move: U-turn\n|-fieldstart|move: Psychic Terrain|[from] ability: Psychic Surge|[of] p1a: Tapu Lele\n|move|p2a: Dragonite|Ice Beam|p1a: Tapu Lele\n|-damage|p1a: Tapu Lele|35\/100\n|\n|upkeep\n|turn|19\n|\n|t:|1662242766\n|switch|p2a: Melmetal|Melmetal|100\/100\n|move|p1a: Tapu Lele|Moonblast|p2a: Melmetal\n|-resisted|p2a: Melmetal\n|-damage|p2a: Melmetal|87\/100\n|\n|upkeep\n|turn|20\n|\n|t:|1662242774\n|switch|p1a: Ferrothorn|Ferrothorn, F|44\/100\n|move|p2a: Melmetal|Ice Punch|p1a: Ferrothorn\n|-damage|p1a: Ferrothorn|24\/100\n|-damage|p2a: Melmetal|75\/100|[from] ability: Iron Barbs|[of] p1a: Ferrothorn\n|\n|upkeep\n|turn|21\n|\n|t:|1662242782\n|move|p2a: Melmetal|Earthquake|p1a: Ferrothorn\n|-damage|p1a: Ferrothorn|2\/100\n|move|p1a: Ferrothorn|Stealth Rock|p2a: Melmetal\n|-sidestart|p2: Rimbax|move: Stealth Rock\n|\n|upkeep\n|turn|22\n|\n|t:|1662242789\n|move|p2a: Melmetal|Ice Punch|p1a: Ferrothorn\n|-damage|p1a: Ferrothorn|0 fnt\n|-damage|p2a: Melmetal|63\/100|[from] ability: Iron Barbs|[of] p1a: Ferrothorn\n|faint|p1a: Ferrothorn\n|\n|-fieldend|move: Psychic Terrain\n|upkeep\n|\n|t:|1662242806\n|switch|p1a: Urshifu|Urshifu-Rapid-Strike, M|19\/100\n|turn|23\n|\n|t:|1662242810\n|switch|p2a: Dragonite|Dragonite, M|97\/100\n|move|p1a: Urshifu|Close Combat|p2a: Dragonite\n|-resisted|p2a: Dragonite\n|-damage|p2a: Dragonite|74\/100\n|-unboost|p1a: Urshifu|def|1\n|-unboost|p1a: Urshifu|spd|1\n|\n|upkeep\n|turn|24\n|\n|t:|1662242818\n|move|p1a: Urshifu|U-turn|p2a: Dragonite\n|-resisted|p2a: Dragonite\n|-damage|p2a: Dragonite|64\/100\n|inactive|himynametay has 120 seconds left.\n|\n|t:|1662242853\n|switch|p1a: Tornadus|Tornadus-Therian, M|100\/100|[from]move: U-turn\n|move|p2a: Dragonite|Roost|p2a: Dragonite\n|-heal|p2a: Dragonite|100\/100\n|-singleturn|p2a: Dragonite|move: Roost\n|\n|upkeep\n|turn|25\n|\n|t:|1662242860\n|move|p1a: Tornadus|Knock Off|p2a: Dragonite\n|-damage|p2a: Dragonite|95\/100\n|-enditem|p2a: Dragonite|Heavy-Duty Boots|[from] move: Knock Off|[of] p1a: Tornadus\n|move|p2a: Dragonite|Thunder Wave|p1a: Tornadus\n|-status|p1a: Tornadus|par\n|\n|upkeep\n|turn|26\n|\n|t:|1662242867\n|move|p1a: Tornadus|U-turn|p2a: Dragonite\n|-resisted|p2a: Dragonite\n|-damage|p2a: Dragonite|90\/100\n|\n|t:|1662242872\n|switch|p1a: Tapu Lele|Tapu Lele|35\/100|[from]move: U-turn\n|-fieldstart|move: Psychic Terrain|[from] ability: Psychic Surge|[of] p1a: Tapu Lele\n|move|p2a: Dragonite|Roost|p2a: Dragonite\n|-heal|p2a: Dragonite|100\/100\n|-singleturn|p2a: Dragonite|move: Roost\n|\n|upkeep\n|turn|27\n|\n|t:|1662242881\n|switch|p1a: Tornadus|Tornadus-Therian, M|100\/100 par\n|move|p2a: Dragonite|Earthquake|p1a: Tornadus\n|-immune|p1a: Tornadus\n|\n|upkeep\n|turn|28\n|\n|t:|1662242894\n|move|p2a: Dragonite|Thunder Wave|p1a: Tornadus\n|-fail|p1a: Tornadus|par\n|cant|p1a: Tornadus|par\n|\n|upkeep\n|turn|29\n|\n|t:|1662242903\n|switch|p2a: Landorus|Landorus-Therian, M|100\/100\n|-damage|p2a: Landorus|88\/100|[from] Stealth Rock\n|-ability|p2a: Landorus|Intimidate|boost\n|-unboost|p1a: Tornadus|atk|1\n|move|p1a: Tornadus|Hurricane|p2a: Landorus\n|-damage|p2a: Landorus|46\/100\n|\n|-heal|p2a: Landorus|52\/100|[from] item: Leftovers\n|upkeep\n|turn|30\n|\n|t:|1662242914\n|move|p2a: Landorus|Defog|p1a: Tornadus\n|-unboost|p1a: Tornadus|evasion|1\n|-sideend|p2: Rimbax|Stealth Rock|[from] move: Defog|[of] p2a: Landorus\n|-fieldend|move: Psychic Terrain\n|move|p1a: Tornadus|Icy Wind|p2a: Landorus\n|-supereffective|p2a: Landorus\n|-damage|p2a: Landorus|0 fnt\n|faint|p2a: Landorus\n|\n|upkeep\n|\n|t:|1662242922\n|switch|p2a: Urshifu|Urshifu-Rapid-Strike, F|100\/100\n|turn|31\n|\n|t:|1662242926\n|move|p2a: Urshifu|Surging Strikes|p1a: Tornadus\n|-crit|p1a: Tornadus\n|-damage|p1a: Tornadus|70\/100 par\n|-crit|p1a: Tornadus\n|-damage|p1a: Tornadus|38\/100 par\n|-crit|p1a: Tornadus\n|-damage|p1a: Tornadus|6\/100 par\n|-hitcount|p1a: Tornadus|3\n|move|p1a: Tornadus|Hurricane|p2a: Urshifu\n|-supereffective|p2a: Urshifu\n|-crit|p2a: Urshifu\n|-damage|p2a: Urshifu|0 fnt\n|faint|p2a: Urshifu\n|\n|upkeep\n|\n|t:|1662242938\n|switch|p2a: Melmetal|Melmetal|63\/100\n|turn|32\n|\n|t:|1662242944\n|switch|p1a: Landorus|Landorus-Therian, M|75\/100\n|-ability|p1a: Landorus|Intimidate|boost\n|-unboost|p2a: Melmetal|atk|1\n|move|p2a: Melmetal|Double Iron Bash|p1a: Landorus\n|-damage|p1a: Landorus|51\/100\n|-damage|p1a: Landorus|28\/100\n|-hitcount|p1a: Landorus|2\n|\n|-heal|p1a: Landorus|34\/100|[from] item: Leftovers\n|upkeep\n|turn|33\n|\n|t:|1662242954\n|move|p1a: Landorus|Earthquake|p2a: Melmetal\n|-supereffective|p2a: Melmetal\n|-damage|p2a: Melmetal|6\/100\n|move|p2a: Melmetal|Double Iron Bash|p1a: Landorus\n|-damage|p1a: Landorus|9\/100\n|-damage|p1a: Landorus|0 fnt\n|faint|p1a: Landorus\n|-hitcount|p1: Landorus|2\n|\n|upkeep\n|\n|t:|1662242958\n|switch|p1a: Dragapult|Dragapult, M|100\/100\n|turn|34\n|\n|t:|1662242963\n|move|p1a: Dragapult|Shadow Ball|p2a: Melmetal\n|-damage|p2a: Melmetal|0 fnt\n|faint|p2a: Melmetal\n|\n|upkeep\n|\n|t:|1662242970\n|switch|p2a: Dragonite|Dragonite, M|100\/100\n|turn|35\n|\n|t:|1662242973\n|switch|p1a: Tornadus|Tornadus-Therian, M|39\/100 par\n|move|p2a: Dragonite|Thunder Wave|p1a: Tornadus\n|-fail|p1a: Tornadus|par\n|\n|upkeep\n|turn|36\n|\n|t:|1662242978\n|move|p1a: Tornadus|U-turn|p2a: Dragonite\n|-resisted|p2a: Dragonite\n|-damage|p2a: Dragonite|98\/100\n|\n|t:|1662242983\n|switch|p1a: Tapu Lele|Tapu Lele|35\/100|[from]move: U-turn\n|-fieldstart|move: Psychic Terrain|[from] ability: Psychic Surge|[of] p1a: Tapu Lele\n|move|p2a: Dragonite|Ice Beam|p1a: Tapu Lele\n|-damage|p1a: Tapu Lele|11\/100\n|\n|upkeep\n|turn|37\n|\n|t:|1662242990\n|move|p1a: Tapu Lele|Moonblast|p2a: Dragonite\n|-supereffective|p2a: Dragonite\n|-damage|p2a: Dragonite|0 fnt\n|faint|p2a: Dragonite\n|\n|upkeep\n|\n|t:|1662242994\n|switch|p2a: Heatran|Heatran, M|70\/100\n|turn|38\n|\n|t:|1662242997\n|move|p1a: Tapu Lele|Moonblast|p2a: Heatran\n|-resisted|p2a: Heatran\n|-crit|p2a: Heatran\n|-damage|p2a: Heatran|58\/100\n|move|p2a: Heatran|Lava Plume|p1a: Tapu Lele\n|-damage|p1a: Tapu Lele|0 fnt\n|faint|p1a: Tapu Lele\n|\n|-heal|p2a: Heatran|64\/100|[from] item: Leftovers\n|upkeep\n|\n|t:|1662242999\n|switch|p1a: Urshifu|Urshifu-Rapid-Strike, M|19\/100\n|turn|39\n|\n|t:|1662243022\n|move|p1a: Urshifu|Surging Strikes|p2a: Heatran\n|-supereffective|p2a: Heatran\n|-crit|p2a: Heatran\n|-damage|p2a: Heatran|28\/100\n|-supereffective|p2a: Heatran\n|-crit|p2a: Heatran\n|-damage|p2a: Heatran|0 fnt\n|faint|p2a: Heatran\n|-hitcount|p2: Heatran|2\n|\n|win|himynametay\n|raw|himynametay's rating: 1568 &rarr; <strong>1584<\/strong><br \/>(+16 for winning)\n|raw|Rimbax's rating: 1494 &rarr; <strong>1478<\/strong><br \/>(-16 for losing)\n|l|\u2606Rimbax\n||Ladder isn't responding, score probably updated but might not have (Request timeout).\n","uploadtime":1662243025,"views":8,"p1id":"himynametay","p2id":"rimbax","formatid":"gen8ou","rating":1478,"private":0,"password":null}