{"id":"gen8nationaldex-1596528916","p1":"FleetFoxxx","p2":"bugsileus","format":"gen8nationaldex","log":"|j|\u2606FleetFoxxx\n|j|\u2606bugsileus\n|t:|1655256036\n|gametype|singles\n|player|p1|FleetFoxxx|flannery|\n|player|p2|bugsileus|roxanne|\n|teamsize|p1|6\n|teamsize|p2|6\n|gen|8\n|tier|[Gen 8] National Dex\n|rule|HP Percentage Mod: HP is shown in percentages\n|rule|Endless Battle Clause: Forcing endless battles is banned\n|rule|OHKO Clause: OHKO moves are banned\n|rule|Evasion Moves Clause: Evasion moves are banned\n|rule|Species Clause: Limit one of each Pok\u00e9mon\n|rule|Dynamax Clause: You cannot dynamax\n|rule|Sleep Clause Mod: Limit one foe put to sleep\n|clearpoke\n|poke|p1|Runerigus, F|\n|poke|p1|Bisharp, F|\n|poke|p1|Whimsicott, F|\n|poke|p1|Coalossal, F|\n|poke|p1|Galvantula, M|\n|poke|p1|Banette, M|\n|poke|p2|Crustle, F|\n|poke|p2|Carracosta, M|\n|poke|p2|Gigalith, M|\n|poke|p2|Kabutops, M|\n|poke|p2|Cradily, M|\n|poke|p2|Diancie|\n|teampreview\n|j| DerpyDots\n|j| sicksickboy\n|j| LoneWolf32100\n|j| VeVii\n|l| VeVii\n|\n|t:|1655256108\n|start\n|switch|p1a: Coalossal|Coalossal, F|100\/100\n|switch|p2a: Wink Chain Sword|Crustle, F|100\/100\n|turn|1\n|\n|t:|1655256129\n|move|p2a: Wink Chain Sword|Shell Smash|p2a: Wink Chain Sword\n|-unboost|p2a: Wink Chain Sword|def|1\n|-unboost|p2a: Wink Chain Sword|spd|1\n|-boost|p2a: Wink Chain Sword|atk|2\n|-boost|p2a: Wink Chain Sword|spa|2\n|-boost|p2a: Wink Chain Sword|spe|2\n|-enditem|p2a: Wink Chain Sword|White Herb\n|-clearnegativeboost|p2a: Wink Chain Sword|[silent]\n|move|p1a: Coalossal|Stealth Rock|p2a: Wink Chain Sword\n|-sidestart|p2: bugsileus|move: Stealth Rock\n|\n|upkeep\n|turn|2\n|\n|t:|1655256141\n|move|p2a: Wink Chain Sword|Earthquake|p1a: Coalossal\n|-supereffective|p1a: Coalossal\n|-damage|p1a: Coalossal|0 fnt\n|faint|p1a: Coalossal\n|\n|upkeep\n|\n|t:|1655256169\n|switch|p1a: Runerigus|Runerigus, F|100\/100\n|turn|3\n|j| VeVii\n|\n|t:|1655256172\n|move|p2a: Wink Chain Sword|Knock Off|p1a: Runerigus\n|-supereffective|p1a: Runerigus\n|-damage|p1a: Runerigus|4\/100\n|-activate|p1a: Runerigus|ability: Wandering Spirit|Sturdy|Wandering Spirit|[of] p2a: Wink Chain Sword\n|-enditem|p1a: Runerigus|Leftovers|[from] move: Knock Off|[of] p2a: Wink Chain Sword\n|move|p1a: Runerigus|Iron Defense|p1a: Runerigus\n|-boost|p1a: Runerigus|def|2\n|\n|upkeep\n|turn|4\n|\n|t:|1655256183\n|move|p2a: Wink Chain Sword|Knock Off|p1a: Runerigus\n|-supereffective|p1a: Runerigus\n|-damage|p1a: Runerigus|0 fnt\n|faint|p1a: Runerigus\n|\n|upkeep\n|\n|t:|1655256184\n|switch|p1a: Banette|Banette, M|100\/100\n|turn|5\n|\n|t:|1655256196\n|detailschange|p1a: Banette|Banette-Mega, M\n|-mega|p1a: Banette|Banette|Banettite\n|move|p1a: Banette|Destiny Bond|p1a: Banette\n|-singlemove|p1a: Banette|Destiny Bond\n|move|p2a: Wink Chain Sword|Knock Off|p1a: Banette\n|-supereffective|p1a: Banette\n|-damage|p1a: Banette|0 fnt\n|faint|p1a: Banette\n|-activate|p1a: Banette|move: Destiny Bond\n|faint|p2a: Wink Chain Sword\n|\n|upkeep\n|j| Matieu\n|\n|t:|1655256217\n|switch|p1a: Galvantula|Galvantula, M|100\/100\n|switch|p2a: Dead Scream|Kabutops, M|100\/100\n|-damage|p2a: Dead Scream|88\/100|[from] Stealth Rock\n|turn|6\n|\n|t:|1655256227\n|move|p1a: Galvantula|Thunder|p2a: Dead Scream\n|-supereffective|p2a: Dead Scream\n|-damage|p2a: Dead Scream|0 fnt\n|faint|p2a: Dead Scream\n|\n|upkeep\n|\n|t:|1655256240\n|switch|p2a: Tiara Stardust|Diancie|100\/100\n|-damage|p2a: Tiara Stardust|88\/100|[from] Stealth Rock\n|turn|7\n|j| Hror\n|l| VeVii\n|j| evilhanaklaus\n|j| johngalt149\n|l| evilhanaklaus\n|\n|t:|1655256278\n|move|p1a: Galvantula|Energy Ball|p2a: Tiara Stardust\n|-supereffective|p2a: Tiara Stardust\n|-damage|p2a: Tiara Stardust|38\/100\n|-enditem|p2a: Tiara Stardust|Weakness Policy\n|-boost|p2a: Tiara Stardust|atk|2|[from] item: Weakness Policy\n|-boost|p2a: Tiara Stardust|spa|2|[from] item: Weakness Policy\n|move|p2a: Tiara Stardust|Rock Polish|p2a: Tiara Stardust\n|-boost|p2a: Tiara Stardust|spe|2\n|\n|upkeep\n|turn|8\n|\n|t:|1655256290\n|move|p2a: Tiara Stardust|Moonblast|p1a: Galvantula\n|-damage|p1a: Galvantula|0 fnt\n|faint|p1a: Galvantula\n|\n|upkeep\n|\n|t:|1655256297\n|switch|p1a: Whimsicott|Whimsicott, F|100\/100\n|turn|9\n|j|+111ace111\n|\n|t:|1655256302\n|move|p1a: Whimsicott|Energy Ball|p2a: Tiara Stardust\n|-supereffective|p2a: Tiara Stardust\n|-damage|p2a: Tiara Stardust|0 fnt\n|faint|p2a: Tiara Stardust\n|\n|upkeep\n|j| VeVii\n|\n|t:|1655256317\n|switch|p2a: World Shaking|Gigalith, M|100\/100\n|-damage|p2a: World Shaking|88\/100|[from] Stealth Rock\n|-weather|Sandstorm|[from] ability: Sand Stream|[of] p2a: World Shaking\n|turn|10\n|\n|t:|1655256361\n|switch|p1a: Bisharp|Bisharp, F|100\/100\n|move|p2a: World Shaking|Stone Edge|p1a: Bisharp\n|-resisted|p1a: Bisharp\n|-crit|p1a: Bisharp\n|-damage|p1a: Bisharp|63\/100\n|\n|-weather|Sandstorm|[upkeep]\n|upkeep\n|turn|11\n|\n|t:|1655256391\n|-zpower|p1a: Bisharp\n|move|p1a: Bisharp|Corkscrew Crash|p2a: World Shaking|[zeffect]\n|-supereffective|p2a: World Shaking\n|-damage|p2a: World Shaking|0 fnt\n|faint|p2a: World Shaking\n|\n|-weather|Sandstorm|[upkeep]\n|upkeep\n|\n|t:|1655256403\n|switch|p2a: Aqua Rhapsody|Carracosta, M|100\/100\n|turn|12\n|\n|t:|1655256416\n|switch|p1a: Whimsicott|Whimsicott, F|100\/100\n|move|p2a: Aqua Rhapsody|Hydro Pump|p1a: Whimsicott\n|-resisted|p1a: Whimsicott\n|-damage|p1a: Whimsicott|64\/100\n|\n|-weather|Sandstorm|[upkeep]\n|-damage|p1a: Whimsicott|58\/100|[from] Sandstorm\n|upkeep\n|turn|13\n|\n|t:|1655256425\n|switch|p2a: Supreme Thunder|Cradily, M|100\/100\n|-damage|p2a: Supreme Thunder|88\/100|[from] Stealth Rock\n|move|p1a: Whimsicott|Switcheroo|p2a: Supreme Thunder\n|-activate|p1a: Whimsicott|move: Trick|[of] p2a: Supreme Thunder\n|-item|p2a: Supreme Thunder|Choice Scarf|[from] move: Switcheroo\n|-item|p1a: Whimsicott|Leftovers|[from] move: Switcheroo\n|\n|-weather|Sandstorm|[upkeep]\n|-damage|p1a: Whimsicott|52\/100|[from] Sandstorm\n|-heal|p1a: Whimsicott|58\/100|[from] item: Leftovers\n|upkeep\n|turn|14\n|\n|t:|1655256441\n|switch|p1a: Bisharp|Bisharp, F|63\/100\n|move|p2a: Supreme Thunder|Sludge Bomb|p1a: Bisharp\n|-immune|p1a: Bisharp\n|\n|-weather|none\n|upkeep\n|turn|15\n|\n|t:|1655256453\n|move|p1a: Bisharp|Swords Dance|p1a: Bisharp\n|-boost|p1a: Bisharp|atk|2\n|move|p2a: Supreme Thunder|Sludge Bomb|p1a: Bisharp\n|-immune|p1a: Bisharp\n|\n|upkeep\n|turn|16\n|j| Charkhil\n|\n|t:|1655256461\n|switch|p2a: Aqua Rhapsody|Carracosta, M|100\/100\n|move|p1a: Bisharp|Swords Dance|p1a: Bisharp\n|-boost|p1a: Bisharp|atk|2\n|\n|upkeep\n|turn|17\n|\n|t:|1655256501\n|switch|p1a: Whimsicott|Whimsicott, F|58\/100\n|move|p2a: Aqua Rhapsody|Hydro Pump|p1a: Whimsicott\n|-resisted|p1a: Whimsicott\n|-damage|p1a: Whimsicott|22\/100\n|\n|-heal|p1a: Whimsicott|28\/100|[from] item: Leftovers\n|upkeep\n|turn|18\n|\n|t:|1655256509\n|switch|p2a: Supreme Thunder|Cradily, M|88\/100\n|-damage|p2a: Supreme Thunder|75\/100|[from] Stealth Rock\n|move|p1a: Whimsicott|Energy Ball|p2a: Supreme Thunder\n|-damage|p2a: Supreme Thunder|49\/100\n|\n|-heal|p1a: Whimsicott|34\/100|[from] item: Leftovers\n|upkeep\n|turn|19\n|j| Deathbypudding\n|l| VeVii\n|\n|t:|1655256525\n|move|p1a: Whimsicott|Moonblast|p2a: Supreme Thunder\n|-damage|p2a: Supreme Thunder|20\/100\n|move|p2a: Supreme Thunder|Earth Power|p1a: Whimsicott\n|-resisted|p1a: Whimsicott\n|-damage|p1a: Whimsicott|14\/100\n|\n|-heal|p1a: Whimsicott|20\/100|[from] item: Leftovers\n|upkeep\n|turn|20\n|j| VeVii\n|\n|t:|1655256533\n|move|p1a: Whimsicott|Moonblast|p2a: Supreme Thunder\n|-damage|p2a: Supreme Thunder|0 fnt\n|faint|p2a: Supreme Thunder\n|\n|-heal|p1a: Whimsicott|27\/100|[from] item: Leftovers\n|upkeep\n|l| Deathbypudding\n|\n|t:|1655256547\n|switch|p2a: Aqua Rhapsody|Carracosta, M|100\/100\n|turn|21\n|l| VeVii\n|j| Deathbypudding\n|\n|t:|1655256562\n|move|p1a: Whimsicott|Energy Ball|p2a: Aqua Rhapsody\n|-supereffective|p2a: Aqua Rhapsody\n|-ability|p2a: Aqua Rhapsody|Sturdy\n|-damage|p2a: Aqua Rhapsody|1\/100\n|move|p2a: Aqua Rhapsody|Shell Smash|p2a: Aqua Rhapsody\n|-unboost|p2a: Aqua Rhapsody|def|1\n|-unboost|p2a: Aqua Rhapsody|spd|1\n|-boost|p2a: Aqua Rhapsody|atk|2\n|-boost|p2a: Aqua Rhapsody|spa|2\n|-boost|p2a: Aqua Rhapsody|spe|2\n|\n|-heal|p1a: Whimsicott|33\/100|[from] item: Leftovers\n|upkeep\n|turn|22\n|\n|t:|1655256583\n|move|p2a: Aqua Rhapsody|Aqua Jet|p1a: Whimsicott\n|-resisted|p1a: Whimsicott\n|-damage|p1a: Whimsicott|12\/100\n|move|p1a: Whimsicott|Energy Ball|p2a: Aqua Rhapsody\n|-supereffective|p2a: Aqua Rhapsody\n|-damage|p2a: Aqua Rhapsody|0 fnt\n|faint|p2a: Aqua Rhapsody\n|\n|win|FleetFoxxx\n|c|\u2606bugsileus|gg!\n|c|\u2606FleetFoxxx|gg!\n|j| VeVii\n","uploadtime":1655256591,"views":25,"p1id":"fleetfoxxx","p2id":"bugsileus","formatid":"gen8nationaldex","rating":0,"private":0,"password":null}