{"id":"gen8sharedpower-1663444209","p1":"Pok et glace","p2":"ClubsofBray","format":"gen8sharedpower","log":"|j|\u2606Pok et glace\n|j|\u2606ClubsofBray\n|inactive|Battle timer is ON: inactive players will automatically lose when time's up.\n|t:|1663094158\n|gametype|singles\n|player|p1|Pok et glace|cynthia-masters|\n|player|p2|ClubsofBray|hilbert|\n|teamsize|p1|5\n|teamsize|p2|5\n|gen|8\n|tier|[Gen 8] Shared Power\n|rated|Tournament battle\n|rule|Species Clause: Limit one of each Pok\u00e9mon\n|rule|OHKO Clause: OHKO moves are banned\n|rule|Evasion Moves Clause: Evasion moves are banned\n|rule|Endless Battle Clause: Forcing endless battles is banned\n|rule|Dynamax Clause: You cannot dynamax\n|rule|HP Percentage Mod: HP is shown in percentages\n|rule|Sleep Clause Mod: Limit one foe put to sleep\n|clearpoke\n|poke|p1|Marowak-Alola, M|\n|poke|p1|Corsola-Galar, M|\n|poke|p1|Salamence, M|\n|poke|p1|Excadrill, M|\n|poke|p1|Blissey, F|\n|poke|p2|Decidueye, M|\n|poke|p2|Darmanitan, M|\n|poke|p2|Rhydon, M|\n|poke|p2|Nidoking, M|\n|poke|p2|Quagsire, F|\n|teampreview\n|j|*Lady Monita\n|j| Memelover69420\n|c|\u2606Pok et glace|hf\n|l| Memelover69420\n|c|\u2606ClubsofBray|u2\n|\n|t:|1663094178\n|start\n|switch|p1a: Blissey|Blissey, F|100\/100\n|switch|p2a: Dat Boi|Rhydon, M|100\/100\n|turn|1\n|\n|t:|1663094183\n|move|p1a: Blissey|Toxic|p2a: Dat Boi\n|-status|p2a: Dat Boi|tox\n|move|p2a: Dat Boi|Stealth Rock|p1a: Blissey\n|-sidestart|p1: Pok et glace|move: Stealth Rock\n|\n|-damage|p2a: Dat Boi|94\/100 tox|[from] psn\n|upkeep\n|turn|2\n|\n|t:|1663094189\n|move|p1a: Blissey|Seismic Toss|p2a: Dat Boi\n|-damage|p2a: Dat Boi|70\/100 tox\n|move|p2a: Dat Boi|Stone Edge|p1a: Blissey\n|-damage|p1a: Blissey|63\/100\n|\n|-heal|p1a: Blissey|69\/100|[from] item: Leftovers\n|-damage|p2a: Dat Boi|58\/100 tox|[from] psn\n|upkeep\n|turn|3\n|\n|t:|1663094197\n|switch|p2a: King|Nidoking, M|100\/100\n|move|p1a: Blissey|Soft-Boiled|p1a: Blissey\n|-heal|p1a: Blissey|100\/100\n|\n|upkeep\n|turn|4\n|\n|t:|1663094208\n|move|p2a: King|Ice Beam|p1a: Blissey\n|-damage|p1a: Blissey|87\/100\n|move|p1a: Blissey|Seismic Toss|p2a: King\n|-damage|p2a: King|67\/100\n|\n|-heal|p1a: Blissey|93\/100|[from] item: Leftovers\n|upkeep\n|turn|5\n|\n|t:|1663094217\n|switch|p2a: Birb|Decidueye, M|100\/100\n|move|p1a: Blissey|Teleport|p1a: Blissey\n|\n|t:|1663094223\n|switch|p1a: Salamence|Salamence, M|100\/100|[from]move: Teleport\n|-damage|p1a: Salamence|76\/100|[from] Stealth Rock\n|-ability|p1a: Salamence|Intimidate|boost\n|-unboost|p2a: Birb|atk|1\n|\n|-heal|p1a: Salamence|82\/100|[from] item: Leftovers\n|upkeep\n|turn|6\n|\n|t:|1663094227\n|move|p2a: Birb|U-turn|p1a: Salamence\n|-resisted|p1a: Salamence\n|-damage|p1a: Salamence|74\/100\n|\n|t:|1663094231\n|switch|p2a: Dat Boi|Rhydon, M|58\/100 tox|[from]move: U-turn\n|move|p1a: Salamence|Dual Wingbeat|p2a: Dat Boi\n|-resisted|p2a: Dat Boi\n|-damage|p2a: Dat Boi|54\/100 tox\n|-resisted|p2a: Dat Boi\n|-damage|p2a: Dat Boi|50\/100 tox\n|-hitcount|p2a: Dat Boi|2\n|\n|-heal|p1a: Salamence|80\/100|[from] item: Leftovers\n|-damage|p2a: Dat Boi|44\/100 tox|[from] psn\n|upkeep\n|turn|7\n|j| Arcanine1929\n|\n|t:|1663094244\n|switch|p1a: Blissey|Blissey, F|93\/100\n|-ability|p1a: Blissey|Intimidate|boost\n|-unboost|p2a: Dat Boi|atk|1\n|-damage|p1a: Blissey|81\/100|[from] Stealth Rock\n|move|p2a: Dat Boi|Stone Edge|p1a: Blissey\n|-damage|p1a: Blissey|55\/100\n|\n|-heal|p1a: Blissey|62\/100|[from] item: Leftovers\n|-damage|p2a: Dat Boi|32\/100 tox|[from] psn\n|upkeep\n|turn|8\n|\n|t:|1663094254\n|move|p1a: Blissey|Soft-Boiled|p1a: Blissey\n|-heal|p1a: Blissey|100\/100\n|move|p2a: Dat Boi|Toxic|p1a: Blissey\n|-status|p1a: Blissey|tox\n|\n|-damage|p1a: Blissey|94\/100 tox|[from] psn\n|-damage|p2a: Dat Boi|14\/100 tox|[from] psn\n|upkeep\n|turn|9\n|\n|t:|1663094261\n|move|p2a: Dat Boi|Earthquake|p1a: Blissey\n|-damage|p1a: Blissey|69\/100 tox\n|move|p1a: Blissey|Teleport|p1a: Blissey\n|\n|t:|1663094266\n|-curestatus|p1a: Blissey|tox|[from] ability: Natural Cure\n|switch|p1a: Corsola|Corsola-Galar, M|100\/100|[from]move: Teleport\n|-ability|p1a: Corsola|Intimidate|boost\n|-unboost|p2a: Dat Boi|atk|1\n|-damage|p1a: Corsola|88\/100|[from] Stealth Rock\n|\n|-damage|p2a: Dat Boi|0 fnt|[from] psn\n|faint|p2a: Dat Boi\n|upkeep\n|\n|t:|1663094271\n|switch|p2a: Birb|Decidueye, M|100\/100\n|turn|10\n|\n|t:|1663094275\n|move|p2a: Birb|Knock Off|p1a: Corsola\n|-supereffective|p1a: Corsola\n|-damage|p1a: Corsola|58\/100\n|-enditem|p1a: Corsola|Eviolite|[from] move: Knock Off|[of] p2a: Birb\n|move|p1a: Corsola|Strength Sap|p2a: Birb\n|-unboost|p2a: Birb|atk|1\n|-heal|p1a: Corsola|100\/100\n|\n|upkeep\n|turn|11\n|\n|t:|1663094283\n|switch|p2a: King|Nidoking, M|67\/100\n|move|p1a: Corsola|Will-O-Wisp|p2a: King\n|-status|p2a: King|brn\n|\n|-damage|p2a: King|62\/100 brn|[from] brn\n|upkeep\n|turn|12\n|\n|t:|1663094291\n|switch|p1a: Blissey|Blissey, F|69\/100\n|-ability|p1a: Blissey|Intimidate|boost\n|-unboost|p2a: King|atk|1\n|-damage|p1a: Blissey|57\/100|[from] Stealth Rock\n|move|p2a: King|Ice Beam|p1a: Blissey\n|-damage|p1a: Blissey|41\/100\n|\n|-heal|p1a: Blissey|47\/100|[from] item: Leftovers\n|-damage|p2a: King|56\/100 brn|[from] brn\n|upkeep\n|turn|13\n|\n|t:|1663094303\n|switch|p2a: Birb|Decidueye, M|100\/100\n|move|p1a: Blissey|Soft-Boiled|p1a: Blissey\n|-heal|p1a: Blissey|97\/100\n|\n|-heal|p1a: Blissey|100\/100|[from] item: Leftovers\n|upkeep\n|turn|14\n|\n|t:|1663094308\n|move|p2a: Birb|Knock Off|p1a: Blissey\n|-damage|p1a: Blissey|75\/100\n|-start|p2a: Birb|Disable|Knock Off|[from] ability: Cursed Body|[of] p1a: Blissey\n|-enditem|p1a: Blissey|Leftovers|[from] move: Knock Off|[of] p2a: Birb\n|move|p1a: Blissey|Toxic|p2a: Birb\n|-status|p2a: Birb|tox\n|\n|-damage|p2a: Birb|94\/100 tox|[from] psn\n|upkeep\n|turn|15\n|j| Towd47\n|\n|t:|1663094319\n|switch|p2a: Darmanitan|Darmanitan, M|100\/100\n|move|p1a: Blissey|Teleport|p1a: Blissey\n|j| ieatanigav\n|\n|t:|1663094324\n|switch|p1a: Corsola|Corsola-Galar, M|100\/100|[from]move: Teleport\n|-ability|p1a: Corsola|Intimidate|boost\n|-unboost|p2a: Darmanitan|atk|1\n|-damage|p1a: Corsola|88\/100|[from] Stealth Rock\n|\n|upkeep\n|turn|16\n|\n|t:|1663094339\n|move|p2a: Darmanitan|U-turn|p1a: Corsola\n|-resisted|p1a: Corsola\n|-damage|p1a: Corsola|79\/100\n|-damage|p2a: Darmanitan|91\/100|[from] item: Life Orb\n|\n|t:|1663094344\n|switch|p2a: Birb|Decidueye, M|94\/100 tox|[from]move: U-turn\n|move|p1a: Corsola|Night Shade|p2a: Birb\n|-damage|p2a: Birb|62\/100 tox\n|\n|-damage|p2a: Birb|56\/100 tox|[from] psn\n|upkeep\n|turn|17\n|c| ieatanigav|he got super lucky witht that corsola\n|c|\u2606Pok et glace|how?\n|\n|t:|1663094372\n|switch|p1a: Blissey|Blissey, F|75\/100\n|-ability|p1a: Blissey|Intimidate|boost\n|-unboost|p2a: Birb|atk|1\n|-damage|p1a: Blissey|62\/100|[from] Stealth Rock\n|move|p2a: Birb|Knock Off|p1a: Blissey\n|-damage|p1a: Blissey|51\/100\n|\n|-damage|p2a: Birb|44\/100 tox|[from] psn\n|upkeep\n|turn|18\n|\n|t:|1663094386\n|switch|p2a: Woop Woop|Quagsire, F, shiny|100\/100\n|move|p1a: Blissey|Soft-Boiled|p1a: Blissey\n|-heal|p1a: Blissey|100\/100\n|\n|upkeep\n|turn|19\n|\n|t:|1663094394\n|move|p1a: Blissey|Toxic|p2a: Woop Woop\n|-status|p2a: Woop Woop|tox\n|move|p2a: Woop Woop|Waterfall|p1a: Blissey\n|-damage|p1a: Blissey|75\/100\n|\n|-damage|p2a: Woop Woop|94\/100 tox|[from] psn\n|upkeep\n|turn|20\n|c| ieatanigav|physical killer\n|c| ieatanigav|especially with evolite\n|\n|t:|1663094417\n|switch|p1a: Corsola|Corsola-Galar, M|79\/100\n|-ability|p1a: Corsola|Intimidate|boost\n|-unboost|p2a: Woop Woop|atk|1\n|-damage|p1a: Corsola|67\/100|[from] Stealth Rock\n|switch|p2a: King|Nidoking, M|56\/100 brn\n|\n|-damage|p2a: King|50\/100 brn|[from] brn\n|upkeep\n|turn|21\n|c|\u2606Pok et glace|that's the principle of eviolite\n|j| iloveyou12347\n|\n|t:|1663094428\n|switch|p1a: Blissey|Blissey, F|75\/100\n|-ability|p1a: Blissey|Intimidate|boost\n|-unboost|p2a: King|atk|1\n|-damage|p1a: Blissey|63\/100|[from] Stealth Rock\n|move|p2a: King|Earth Power|p1a: Blissey\n|-damage|p1a: Blissey|42\/100\n|-start|p2a: King|Disable|Earth Power|[from] ability: Cursed Body|[of] p1a: Blissey\n|\n|-damage|p2a: King|44\/100 brn|[from] brn\n|upkeep\n|turn|22\n|l| ieatanigav\n|\n|t:|1663094436\n|move|p2a: King|Sludge Wave|p1a: Blissey\n|-damage|p1a: Blissey|19\/100\n|move|p1a: Blissey|Soft-Boiled|p1a: Blissey\n|-heal|p1a: Blissey|69\/100\n|\n|-damage|p2a: King|38\/100 brn|[from] brn\n|upkeep\n|turn|23\n|l| iloveyou12347\n|\n|t:|1663094442\n|move|p2a: King|Sludge Wave|p1a: Blissey\n|-damage|p1a: Blissey|46\/100\n|move|p1a: Blissey|Soft-Boiled|p1a: Blissey\n|-heal|p1a: Blissey|96\/100\n|\n|-damage|p2a: King|32\/100 brn|[from] brn\n|upkeep\n|turn|24\n|\n|t:|1663094448\n|move|p2a: King|Sludge Wave|p1a: Blissey\n|-damage|p1a: Blissey|74\/100\n|move|p1a: Blissey|Teleport|p1a: Blissey\n|\n|t:|1663094452\n|switch|p1a: Excadrill|Excadrill, M|100\/100|[from]move: Teleport\n|-ability|p1a: Excadrill|Intimidate|boost\n|-unboost|p2a: King|atk|1\n|-damage|p1a: Excadrill|97\/100|[from] Stealth Rock\n|\n|-heal|p1a: Excadrill|100\/100|[from] item: Leftovers\n|-damage|p2a: King|26\/100 brn|[from] brn\n|-end|p2a: King|Disable\n|upkeep\n|turn|25\n|\n|t:|1663094459\n|move|p1a: Excadrill|Earthquake|p2a: King\n|-supereffective|p2a: King\n|-damage|p2a: King|0 fnt\n|faint|p2a: King\n|\n|upkeep\n|\n|t:|1663094462\n|switch|p2a: Birb|Decidueye, M|44\/100 tox\n|turn|26\n|\n|t:|1663094466\n|move|p2a: Birb|Knock Off|p1a: Excadrill\n|-damage|p1a: Excadrill|61\/100\n|-start|p2a: Birb|Disable|Knock Off|[from] ability: Cursed Body|[of] p1a: Excadrill\n|-enditem|p1a: Excadrill|Leftovers|[from] move: Knock Off|[of] p2a: Birb\n|move|p1a: Excadrill|Iron Head|p2a: Birb\n|-damage|p2a: Birb|0 fnt\n|faint|p2a: Birb\n|\n|upkeep\n|\n|t:|1663094473\n|switch|p2a: Woop Woop|Quagsire, F, shiny|94\/100 tox\n|turn|27\n|\n|t:|1663094478\n|move|p1a: Excadrill|Rapid Spin|p2a: Woop Woop\n|-damage|p2a: Woop Woop|78\/100 tox\n|-boost|p1a: Excadrill|spe|1\n|-sideend|p1: Pok et glace|Stealth Rock|[from] move: Rapid Spin|[of] p1a: Excadrill\n|move|p2a: Woop Woop|Earthquake|p1a: Excadrill\n|-supereffective|p1a: Excadrill\n|-damage|p1a: Excadrill|0 fnt\n|faint|p1a: Excadrill\n|\n|-heal|p2a: Woop Woop|84\/100 tox|[from] item: Leftovers\n|-damage|p2a: Woop Woop|78\/100 tox|[from] psn\n|upkeep\n|\n|t:|1663094486\n|switch|p1a: Marowak|Marowak-Alola, M|100\/100\n|-ability|p1a: Marowak|Intimidate|boost\n|-unboost|p2a: Woop Woop|atk|1\n|turn|28\n|\n|t:|1663094491\n|move|p1a: Marowak|Stealth Rock|p2a: Woop Woop\n|-sidestart|p2: ClubsofBray|move: Stealth Rock\n|move|p2a: Woop Woop|Earthquake|p1a: Marowak\n|-supereffective|p1a: Marowak\n|-damage|p1a: Marowak|55\/100\n|\n|-heal|p2a: Woop Woop|84\/100 tox|[from] item: Leftovers\n|-damage|p2a: Woop Woop|72\/100 tox|[from] psn\n|upkeep\n|turn|29\n|\n|t:|1663094496\n|move|p1a: Marowak|Poltergeist|p2a: Woop Woop\n|-activate|p2a: Woop Woop|move: Poltergeist|Leftovers\n|-damage|p2a: Woop Woop|0 fnt\n|faint|p2a: Woop Woop\n|\n|upkeep\n|\n|t:|1663094499\n|switch|p2a: Darmanitan|Darmanitan, M|91\/100\n|-damage|p2a: Darmanitan|66\/100|[from] Stealth Rock\n|turn|30\n|c|\u2606ClubsofBray|gg\n|\n|t:|1663094505\n|switch|p1a: Blissey|Blissey, F|74\/100\n|-ability|p1a: Blissey|Intimidate|boost\n|-unboost|p2a: Darmanitan|atk|1\n|move|p2a: Darmanitan|Stone Edge|p1a: Blissey\n|-crit|p1a: Blissey\n|-damage|p1a: Blissey|12\/100\n|-damage|p2a: Darmanitan|56\/100|[from] item: Life Orb\n|\n|upkeep\n|turn|31\n|c|\u2606Pok et glace|gg\n|\n|t:|1663094512\n|switch|p1a: Corsola|Corsola-Galar, M|67\/100\n|-ability|p1a: Corsola|Intimidate|boost\n|-unboost|p2a: Darmanitan|atk|1\n|move|p2a: Darmanitan|Body Slam|p1a: Corsola\n|-immune|p1a: Corsola\n|\n|upkeep\n|turn|32\n|\n|t:|1663094518\n|switch|p1a: Blissey|Blissey, F|12\/100\n|-ability|p1a: Blissey|Intimidate|boost\n|-unboost|p2a: Darmanitan|atk|1\n|move|p2a: Darmanitan|Stone Edge|p1a: Blissey\n|-damage|p1a: Blissey|0 fnt\n|faint|p1a: Blissey\n|-damage|p2a: Darmanitan|46\/100|[from] item: Life Orb\n|\n|upkeep\n|c|\u2606ClubsofBray|at least i took\n|\n|t:|1663094528\n|switch|p1a: Salamence|Salamence, M|80\/100\n|-ability|p1a: Salamence|Intimidate|boost\n|-unboost|p2a: Darmanitan|atk|1\n|turn|33\n|c|\u2606ClubsofBray|out that blissey\n|\n|t:|1663094534\n|move|p2a: Darmanitan|Stone Edge|p1a: Salamence\n|-supereffective|p1a: Salamence\n|-crit|p1a: Salamence\n|-damage|p1a: Salamence|0 fnt\n|-start|p2a: Darmanitan|Disable|Stone Edge|[from] ability: Cursed Body|[of] p1a: Salamence\n|faint|p1a: Salamence\n|-damage|p2a: Darmanitan|36\/100|[from] item: Life Orb\n|\n|upkeep\n|\n|t:|1663094539\n|switch|p1a: Corsola|Corsola-Galar, M|67\/100\n|-ability|p1a: Corsola|Intimidate|boost\n|-unboost|p2a: Darmanitan|atk|1\n|turn|34\n|\n|t:|1663094546\n|move|p2a: Darmanitan|Flare Blitz|p1a: Corsola\n|-damage|p1a: Corsola|42\/100\n|move|p1a: Corsola|Night Shade|p2a: Darmanitan\n|-damage|p2a: Darmanitan|7\/100\n|\n|upkeep\n|turn|35\n|\n|t:|1663094555\n|move|p2a: Darmanitan|Flare Blitz|p1a: Corsola\n|-damage|p1a: Corsola|18\/100\n|move|p1a: Corsola|Night Shade|p2a: Darmanitan\n|-damage|p2a: Darmanitan|0 fnt\n|faint|p2a: Darmanitan\n|\n|win|Pok et glace\n|n|\u2606Pok et glace|poketglace\n|n|\u2606ClubsofBray|clubsofbray\n|n|*Lady Monita|ladymonita\n|n| Arcanine1929|arcanine1929\n|n| Towd47|towd47\n|l|*Lady Monita\n|c|\u2606Pok et glace|more than that\n|c|\u2606Pok et glace|gg\n|c|\u2606ClubsofBray|gg\n|l|\u2606ClubsofBray\n|l|\u2606Pok et glace\n|j|\u2606Pok et glace\n|player|p1|Pok et glace|cynthia-masters\n|l|\u2606Pok et glace\n|player|p1|\n|l| Arcanine1929\n|j|\u2606ClubsofBray\n|player|p2|ClubsofBray|hilbert\n","uploadtime":1663094556,"views":6,"p1id":"poketglace","p2id":"clubsofbray","formatid":"gen8sharedpower","rating":0,"private":0,"password":null}