{"id":"gen8ou-1237118573","p1":"glaed13","p2":"OUTB Zen","format":"gen8ou","log":"|j|\u2606glaed13\n|j|\u203dOUTB Zen\n|t:|1607102550\n|player|p1|glaed13|cheren-gen5bw2|1455\n|player|p2|OUTB Zen|169|1401\n|teamsize|p1|6\n|teamsize|p2|6\n|gametype|singles\n|gen|8\n|tier|[Gen 8] OU\n|rated|\n|clearpoke\n|poke|p1|Espeon, F|\n|poke|p1|Latios, M|\n|poke|p1|Blastoise, M|\n|poke|p1|Volcarona, F|\n|poke|p1|Absol, F|\n|poke|p1|Klefki, F|\n|poke|p2|Dragapult, M|\n|poke|p2|Heatran, M|\n|poke|p2|Reuniclus, F|\n|poke|p2|Toxapex, M|\n|poke|p2|Tapu Bulu|\n|poke|p2|Landorus-Therian, M|\n|rule|Sleep Clause Mod: Limit one foe put to sleep\n|rule|Species Clause: Limit one of each Pok\u00e9mon\n|rule|OHKO Clause: OHKO moves are banned\n|rule|Evasion Moves Clause: Evasion moves are banned\n|rule|Endless Battle Clause: Forcing endless battles is banned\n|rule|HP Percentage Mod: HP is shown in percentages\n|rule|Dynamax Clause: You cannot dynamax\n|teampreview\n|inactive|Battle timer is ON: inactive players will automatically lose when time's up. (requested by glaed13)\n|inactive|glaed13 has 120 seconds left.\n|\n|t:|1607102585\n|start\n|switch|p1a: Latios|Latios, M|100\/100\n|switch|p2a: Landorus|Landorus-Therian, M|100\/100\n|-ability|p2a: Landorus|Intimidate|boost\n|-unboost|p1a: Latios|atk|1\n|turn|1\n|\n|t:|1607102595\n|move|p1a: Latios|Agility|p1a: Latios\n|-boost|p1a: Latios|spe|2\n|move|p2a: Landorus|Toxic|p1a: Latios\n|-status|p1a: Latios|tox\n|\n|-damage|p1a: Latios|94\/100 tox|[from] psn\n|upkeep\n|turn|2\n|\n|t:|1607102604\n|switch|p2a: Reuniclus|Reuniclus, F|100\/100\n|move|p1a: Latios|Psychic|p2a: Reuniclus\n|-resisted|p2a: Reuniclus\n|-damage|p2a: Reuniclus|86\/100\n|\n|-damage|p1a: Latios|82\/100 tox|[from] psn\n|upkeep\n|turn|3\n|\n|t:|1607102606\n|move|p1a: Latios|Dragon Pulse|p2a: Reuniclus\n|-damage|p2a: Reuniclus|58\/100\n|move|p2a: Reuniclus|Knock Off|p1a: Latios\n|-supereffective|p1a: Latios\n|-damage|p1a: Latios|51\/100 tox\n|-enditem|p1a: Latios|Soul Dew|[from] move: Knock Off|[of] p2a: Reuniclus\n|\n|-damage|p1a: Latios|33\/100 tox|[from] psn\n|upkeep\n|turn|4\n|\n|t:|1607102614\n|switch|p1a: Blastoise|Blastoise, M|100\/100\n|switch|p2a: Heatran|Heatran, M|100\/100\n|\n|upkeep\n|turn|5\n|\n|t:|1607102624\n|switch|p2a: Tapu Bulu|Tapu Bulu|100\/100\n|-fieldstart|move: Grassy Terrain|[from] ability: Grassy Surge|[of] p2a: Tapu Bulu\n|move|p1a: Blastoise|Whirlpool|p2a: Tapu Bulu\n|-resisted|p2a: Tapu Bulu\n|-damage|p2a: Tapu Bulu|96\/100\n|-activate|p2a: Tapu Bulu|move: Whirlpool|[of] p1a: Blastoise\n|\n|-heal|p2a: Tapu Bulu|100\/100|[from] item: Leftovers\n|-damage|p2a: Tapu Bulu|88\/100|[from] move: Whirlpool|[partiallytrapped]\n|upkeep\n|turn|6\n|\n|t:|1607102634\n|move|p2a: Tapu Bulu|Toxic|p1a: Blastoise\n|-status|p1a: Blastoise|tox\n|move|p1a: Blastoise|Yawn|p2a: Tapu Bulu\n|-start|p2a: Tapu Bulu|move: Yawn|[of] p1a: Blastoise\n|\n|-heal|p2a: Tapu Bulu|94\/100|[from] item: Leftovers\n|-heal|p2a: Tapu Bulu|100\/100|[from] Grassy Terrain\n|-damage|p1a: Blastoise|94\/100 tox|[from] psn\n|-damage|p2a: Tapu Bulu|88\/100|[from] move: Whirlpool|[partiallytrapped]\n|upkeep\n|turn|7\n|\n|t:|1607102642\n|move|p2a: Tapu Bulu|Toxic|p1a: Blastoise\n|-fail|p1a: Blastoise|tox\n|move|p1a: Blastoise|Shell Smash|p1a: Blastoise\n|-unboost|p1a: Blastoise|def|1\n|-unboost|p1a: Blastoise|spd|1\n|-boost|p1a: Blastoise|atk|2\n|-boost|p1a: Blastoise|spa|2\n|-boost|p1a: Blastoise|spe|2\n|-enditem|p1a: Blastoise|Eject Pack\n|\n|t:|1607102651\n|switch|p1a: Espeon|Espeon, F|100\/100\n|\n|-heal|p2a: Tapu Bulu|94\/100|[from] item: Leftovers\n|-heal|p2a: Tapu Bulu|100\/100|[from] Grassy Terrain\n|-end|p2a: Tapu Bulu|Whirlpool|[partiallytrapped]|[silent]\n|-end|p2a: Tapu Bulu|move: Yawn|[silent]\n|-status|p2a: Tapu Bulu|slp\n|upkeep\n|turn|8\n|\n|t:|1607102665\n|switch|p2a: Reuniclus|Reuniclus, F|91\/100\n|move|p1a: Espeon|Copycat|p1a: Espeon\n|move|p1a: Espeon|Shell Smash|p1a: Espeon|[from]move: Copycat\n|-unboost|p1a: Espeon|def|1\n|-unboost|p1a: Espeon|spd|1\n|-boost|p1a: Espeon|atk|2\n|-boost|p1a: Espeon|spa|2\n|-boost|p1a: Espeon|spe|2\n|\n|-heal|p2a: Reuniclus|97\/100|[from] Grassy Terrain\n|upkeep\n|turn|9\n|\n|t:|1607102683\n|move|p1a: Espeon|Shadow Ball|p2a: Reuniclus\n|-supereffective|p2a: Reuniclus\n|-damage|p2a: Reuniclus|49\/100\n|move|p2a: Reuniclus|Knock Off|p1a: Espeon\n|-supereffective|p1a: Espeon\n|-damage|p1a: Espeon|23\/100\n|-enditem|p1a: Espeon|Focus Sash|[from] move: Knock Off|[of] p2a: Reuniclus\n|\n|-heal|p1a: Espeon|29\/100|[from] Grassy Terrain\n|-heal|p2a: Reuniclus|55\/100|[from] Grassy Terrain\n|-fieldend|move: Grassy Terrain\n|upkeep\n|turn|10\n|\n|t:|1607102696\n|move|p1a: Espeon|Shadow Ball|p2a: Reuniclus\n|-supereffective|p2a: Reuniclus\n|-damage|p2a: Reuniclus|2\/100\n|-unboost|p2a: Reuniclus|spd|1\n|move|p2a: Reuniclus|Knock Off|p1a: Espeon\n|-supereffective|p1a: Espeon\n|-damage|p1a: Espeon|0 fnt\n|faint|p1a: Espeon\n|\n|upkeep\n|\n|t:|1607102709\n|switch|p1a: Volcarona|Volcarona, F|100\/100\n|turn|11\n|\n|t:|1607102725\n|switch|p2a: Heatran|Heatran, M|100\/100\n|move|p1a: Volcarona|Quiver Dance|p1a: Volcarona\n|-boost|p1a: Volcarona|spa|1\n|-boost|p1a: Volcarona|spd|1\n|-boost|p1a: Volcarona|spe|1\n|\n|upkeep\n|turn|12\n|\n|t:|1607102735\n|switch|p1a: Klefki|Klefki, F, shiny|100\/100\n|move|p2a: Heatran|Magma Storm|p1a: Klefki\n|-supereffective|p1a: Klefki\n|-damage|p1a: Klefki|4\/100\n|-activate|p1a: Klefki|move: Magma Storm|[of] p2a: Heatran\n|\n|-damage|p1a: Klefki|0 fnt|[from] move: Magma Storm|[partiallytrapped]\n|faint|p1a: Klefki\n|upkeep\n|\n|t:|1607102739\n|switch|p1a: Absol|Absol, F|100\/100\n|turn|13\n|\n|t:|1607102747\n|switch|p2a: Landorus|Landorus-Therian, M|100\/100\n|-ability|p2a: Landorus|Intimidate|boost\n|-unboost|p1a: Absol|atk|1\n|move|p1a: Absol|Swords Dance|p1a: Absol\n|-boost|p1a: Absol|atk|2\n|\n|upkeep\n|turn|14\n|\n|t:|1607102753\n|move|p1a: Absol|Sucker Punch||[still]\n|-fail|p1a: Absol\n|move|p2a: Landorus|Toxic|p1a: Absol\n|-status|p1a: Absol|tox\n|\n|-damage|p1a: Absol|94\/100 tox|[from] psn\n|upkeep\n|turn|15\n|\n|t:|1607102759\n|switch|p2a: Toxapex|Toxapex, M|100\/100\n|move|p1a: Absol|Sucker Punch||[still]\n|-fail|p1a: Absol\n|\n|-damage|p1a: Absol|82\/100 tox|[from] psn\n|upkeep\n|turn|16\n|\n|t:|1607102766\n|move|p1a: Absol|Sucker Punch||[still]\n|-fail|p1a: Absol\n|move|p2a: Toxapex|Haze|p2a: Toxapex\n|-clearallboost\n|\n|-damage|p1a: Absol|63\/100 tox|[from] psn\n|upkeep\n|turn|17\n|\n|t:|1607102771\n|switch|p2a: Landorus|Landorus-Therian, M|100\/100\n|-ability|p2a: Landorus|Intimidate|boost\n|-unboost|p1a: Absol|atk|1\n|move|p1a: Absol|Sucker Punch||[still]\n|-fail|p1a: Absol\n|\n|-damage|p1a: Absol|38\/100 tox|[from] psn\n|upkeep\n|turn|18\n|\n|t:|1607102780\n|move|p1a: Absol|Play Rough|p2a: Landorus\n|-crit|p2a: Landorus\n|-damage|p2a: Landorus|65\/100\n|move|p2a: Landorus|U-turn|p1a: Absol\n|-supereffective|p1a: Absol\n|-damage|p1a: Absol|0 fnt\n|faint|p1a: Absol\n|\n|t:|1607102787\n|switch|p2a: Reuniclus|Reuniclus, F|35\/100|[from]move: U-turn\n|\n|upkeep\n|\n|t:|1607102799\n|switch|p1a: Blastoise|Blastoise, M|94\/100 tox\n|turn|19\n|\n|t:|1607102809\n|switch|p2a: Tapu Bulu|Tapu Bulu|100\/100 slp\n|-fieldstart|move: Grassy Terrain|[from] ability: Grassy Surge|[of] p2a: Tapu Bulu\n|move|p1a: Blastoise|Shell Smash|p1a: Blastoise\n|-unboost|p1a: Blastoise|def|1\n|-unboost|p1a: Blastoise|spd|1\n|-boost|p1a: Blastoise|atk|2\n|-boost|p1a: Blastoise|spa|2\n|-boost|p1a: Blastoise|spe|2\n|\n|-heal|p1a: Blastoise|100\/100 tox|[from] Grassy Terrain\n|-damage|p1a: Blastoise|94\/100 tox|[from] psn\n|upkeep\n|turn|20\n|-message|glaed13 forfeited.\n|\n|win|OUTB Zen\n|l|\u2606glaed13\n||Ladder (probably) updated, but score could not be retrieved (Request timeout).\n","uploadtime":1607102818,"views":13,"p1id":"glaed13","p2id":"outbzen","formatid":"gen8ou","rating":0,"private":0,"password":null}