{"id":"gen8ou-1676763156","p1":"Guest 5890168","p2":"bizarman","format":"gen8ou","log":"|j|\u203dGuest 5890168\n|j|\u2606bizarman\n|t:|1664822324\n|gametype|singles\n|player|p1|Guest 5890168|170|1557\n|player|p2|bizarman|scientist-gen4|1650\n|teamsize|p1|6\n|teamsize|p2|6\n|gen|8\n|tier|[Gen 8] OU\n|rated|\n|rule|Sleep Clause Mod: Limit one foe put to sleep\n|rule|Species Clause: Limit one of each Pok\u00e9mon\n|rule|OHKO Clause: OHKO moves are banned\n|rule|Evasion Items Clause: Evasion items are banned\n|rule|Evasion Moves Clause: Evasion moves are banned\n|rule|Endless Battle Clause: Forcing endless battles is banned\n|rule|HP Percentage Mod: HP is shown in percentages\n|rule|Dynamax Clause: You cannot dynamax\n|clearpoke\n|poke|p1|Rotom-Wash|\n|poke|p1|Weavile, F|\n|poke|p1|Landorus-Therian, M|\n|poke|p1|Heatran, M|\n|poke|p1|Tangrowth, M|\n|poke|p1|Melmetal|\n|poke|p2|Tornadus-Therian, M|\n|poke|p2|Garchomp, F|\n|poke|p2|Ferrothorn, M|\n|poke|p2|Buzzwole|\n|poke|p2|Tyranitar, M|\n|poke|p2|Excadrill, F|\n|teampreview\n|inactive|Battle timer is ON: inactive players will automatically lose when time's up. (requested by Guest 5890168)\n|\n|t:|1664822336\n|start\n|switch|p1a: Tangrowth|Tangrowth, M|100\/100\n|switch|p2a: Garchomp|Garchomp, F|100\/100\n|turn|1\n|\n|t:|1664822341\n|move|p2a: Garchomp|Fire Blast|p1a: Tangrowth\n|-supereffective|p1a: Tangrowth\n|-damage|p1a: Tangrowth|5\/100\n|-damage|p2a: Garchomp|91\/100|[from] item: Life Orb\n|move|p1a: Tangrowth|Sleep Powder|p2a: Garchomp\n|-status|p2a: Garchomp|slp|[from] move: Sleep Powder\n|\n|upkeep\n|turn|2\n|\n|t:|1664822350\n|switch|p1a: Landorus|Landorus-Therian, M|100\/100\n|-ability|p1a: Landorus|Intimidate|boost\n|-unboost|p2a: Garchomp|atk|1\n|cant|p2a: Garchomp|slp\n|\n|upkeep\n|turn|3\n|\n|t:|1664822360\n|switch|p2a: Ferrothorn|Ferrothorn, M|100\/100\n|switch|p1a: Tangrowth|Tangrowth, M|38\/100\n|\n|upkeep\n|turn|4\n|\n|t:|1664822366\n|switch|p1a: Heatran|Heatran, M|100\/100\n|-item|p1a: Heatran|Air Balloon\n|move|p2a: Ferrothorn|Knock Off|p1a: Heatran\n|-damage|p1a: Heatran|78\/100\n|-enditem|p1a: Heatran|Air Balloon\n|\n|upkeep\n|turn|5\n|\n|t:|1664822373\n|switch|p2a: Garchomp|Garchomp, F|91\/100 slp\n|move|p1a: Heatran|Stealth Rock|p2a: Garchomp\n|-sidestart|p2: bizarman|move: Stealth Rock\n|\n|upkeep\n|turn|6\n|\n|t:|1664822378\n|switch|p1a: Rotom|Rotom-Wash|100\/100\n|cant|p2a: Garchomp|slp\n|\n|upkeep\n|turn|7\n|\n|t:|1664822384\n|cant|p2a: Garchomp|slp\n|move|p1a: Rotom|Thunderbolt|p2a: Garchomp\n|-immune|p2a: Garchomp\n|\n|upkeep\n|turn|8\n|\n|t:|1664822389\n|-curestatus|p2a: Garchomp|slp|[msg]\n|move|p2a: Garchomp|Stealth Rock|p1a: Rotom\n|-sidestart|p1: Guest 5890168|move: Stealth Rock\n|move|p1a: Rotom|Thunderbolt|p2a: Garchomp\n|-immune|p2a: Garchomp\n|\n|upkeep\n|turn|9\n|\n|t:|1664822396\n|move|p2a: Garchomp|Draco Meteor|p1a: Rotom\n|-damage|p1a: Rotom|31\/100\n|-unboost|p2a: Garchomp|spa|2\n|-damage|p2a: Garchomp|81\/100|[from] item: Life Orb\n|move|p1a: Rotom|Nasty Plot|p1a: Rotom\n|-boost|p1a: Rotom|spa|2\n|\n|-heal|p1a: Rotom|37\/100|[from] item: Leftovers\n|upkeep\n|turn|10\n|\n|t:|1664822412\n|switch|p2a: Ferrothorn|Ferrothorn, M|100\/100\n|-damage|p2a: Ferrothorn|94\/100|[from] Stealth Rock\n|move|p1a: Rotom|Pain Split|p2a: Ferrothorn\n|-sethp|p2a: Ferrothorn|63\/100|[from] move: Pain Split|[silent]\n|-sethp|p1a: Rotom|73\/100|[from] move: Pain Split\n|\n|-heal|p1a: Rotom|79\/100|[from] item: Leftovers\n|-heal|p2a: Ferrothorn|69\/100|[from] item: Leftovers\n|upkeep\n|turn|11\n|\n|t:|1664822422\n|switch|p1a: Landorus|Landorus-Therian, M|100\/100\n|-damage|p1a: Landorus|88\/100|[from] Stealth Rock\n|-ability|p1a: Landorus|Intimidate|boost\n|-unboost|p2a: Ferrothorn|atk|1\n|move|p2a: Ferrothorn|Knock Off|p1a: Landorus\n|-damage|p1a: Landorus|74\/100\n|-enditem|p1a: Landorus|Leftovers|[from] move: Knock Off|[of] p2a: Ferrothorn\n|\n|-heal|p2a: Ferrothorn|75\/100|[from] item: Leftovers\n|upkeep\n|turn|12\n|\n|t:|1664822440\n|move|p1a: Landorus|Earthquake|p2a: Ferrothorn\n|-damage|p2a: Ferrothorn|44\/100\n|move|p2a: Ferrothorn|Spikes|p1a: Landorus\n|-sidestart|p1: Guest 5890168|Spikes\n|\n|-heal|p2a: Ferrothorn|50\/100|[from] item: Leftovers\n|upkeep\n|turn|13\n|\n|t:|1664822447\n|switch|p2a: Buzzwole|Buzzwole|100\/100\n|-damage|p2a: Buzzwole|88\/100|[from] Stealth Rock\n|move|p1a: Landorus|Defog|p2a: Buzzwole\n|-unboost|p2a: Buzzwole|evasion|1\n|-sideend|p2: bizarman|Stealth Rock|[from] move: Defog|[of] p1a: Landorus\n|-sideend|p1: Guest 5890168|Spikes|[from] move: Defog|[of] p1a: Landorus\n|-sideend|p1: Guest 5890168|Stealth Rock|[from] move: Defog|[of] p1a: Landorus\n|\n|upkeep\n|turn|14\n|\n|t:|1664822459\n|switch|p1a: Rotom|Rotom-Wash|79\/100\n|move|p2a: Buzzwole|Ice Punch|p1a: Rotom\n|-resisted|p1a: Rotom\n|-damage|p1a: Rotom|65\/100\n|\n|-heal|p1a: Rotom|72\/100|[from] item: Leftovers\n|upkeep\n|turn|15\n|\n|t:|1664822467\n|switch|p1a: Tangrowth|Tangrowth, M|71\/100\n|switch|p2a: Ferrothorn|Ferrothorn, M|50\/100\n|\n|-heal|p2a: Ferrothorn|56\/100|[from] item: Leftovers\n|upkeep\n|turn|16\n|\n|t:|1664822476\n|move|p1a: Tangrowth|Focus Blast|p2a: Ferrothorn|[miss]\n|-miss|p1a: Tangrowth|p2a: Ferrothorn\n|move|p2a: Ferrothorn|Spikes|p1a: Tangrowth\n|-sidestart|p1: Guest 5890168|Spikes\n|\n|-heal|p2a: Ferrothorn|62\/100|[from] item: Leftovers\n|upkeep\n|turn|17\n|\n|t:|1664822483\n|switch|p2a: Tornadus|Tornadus-Therian, M|100\/100\n|move|p1a: Tangrowth|Focus Blast|p2a: Tornadus|[miss]\n|-miss|p1a: Tangrowth|p2a: Tornadus\n|\n|upkeep\n|turn|18\n|\n|t:|1664822489\n|switch|p1a: Landorus|Landorus-Therian, M|74\/100\n|-ability|p1a: Landorus|Intimidate|boost\n|-unboost|p2a: Tornadus|atk|1\n|move|p2a: Tornadus|Hurricane|p1a: Landorus\n|-damage|p1a: Landorus|45\/100\n|\n|upkeep\n|turn|19\n|\n|t:|1664822500\n|move|p2a: Tornadus|U-turn|p1a: Landorus\n|-resisted|p1a: Landorus\n|-damage|p1a: Landorus|40\/100\n|\n|t:|1664822505\n|switch|p2a: Garchomp|Garchomp, F|81\/100|[from]move: U-turn\n|move|p1a: Landorus|Defog|p2a: Garchomp\n|-unboost|p2a: Garchomp|evasion|1\n|-sideend|p1: Guest 5890168|Spikes|[from] move: Defog|[of] p1a: Landorus\n|\n|upkeep\n|turn|20\n|\n|t:|1664822511\n|move|p2a: Garchomp|Draco Meteor|p1a: Landorus\n|-damage|p1a: Landorus|0 fnt\n|-unboost|p2a: Garchomp|spa|2\n|faint|p1a: Landorus\n|-damage|p2a: Garchomp|71\/100|[from] item: Life Orb\n|\n|upkeep\n|\n|t:|1664822511\n|switch|p1a: Weavile|Weavile, F|100\/100\n|-ability|p1a: Weavile|Pressure\n|turn|21\n|\n|t:|1664822521\n|switch|p2a: Buzzwole|Buzzwole|88\/100\n|move|p1a: Weavile|Triple Axel|p2a: Buzzwole\n|-damage|p2a: Buzzwole|77\/100\n|-damage|p1a: Weavile|84\/100|[from] item: Rocky Helmet|[of] p2a: Buzzwole\n|-damage|p2a: Buzzwole|60\/100\n|-damage|p1a: Weavile|68\/100|[from] item: Rocky Helmet|[of] p2a: Buzzwole\n|-damage|p2a: Buzzwole|30\/100\n|-damage|p1a: Weavile|51\/100|[from] item: Rocky Helmet|[of] p2a: Buzzwole\n|-hitcount|p2a: Buzzwole|3\n|\n|upkeep\n|turn|22\n|\n|t:|1664822534\n|move|p1a: Weavile|Triple Axel|p2a: Buzzwole\n|-damage|p2a: Buzzwole|20\/100\n|-damage|p1a: Weavile|35\/100|[from] item: Rocky Helmet|[of] p2a: Buzzwole\n|-damage|p2a: Buzzwole|1\/100\n|-damage|p1a: Weavile|19\/100|[from] item: Rocky Helmet|[of] p2a: Buzzwole\n|-damage|p2a: Buzzwole|0 fnt\n|-damage|p1a: Weavile|2\/100|[from] item: Rocky Helmet|[of] p2a: Buzzwole\n|faint|p2a: Buzzwole\n|-hitcount|p2: Buzzwole|3\n|\n|upkeep\n|\n|t:|1664822544\n|switch|p2a: Ferrothorn|Ferrothorn, M|62\/100\n|turn|23\n|\n|t:|1664822548\n|switch|p1a: Tangrowth|Tangrowth, M|100\/100\n|move|p2a: Ferrothorn|Spikes|p1a: Tangrowth\n|-sidestart|p1: Guest 5890168|Spikes\n|\n|-heal|p2a: Ferrothorn|69\/100|[from] item: Leftovers\n|upkeep\n|turn|24\n|\n|t:|1664822556\n|switch|p2a: Tornadus|Tornadus-Therian, M|100\/100\n|move|p1a: Tangrowth|Focus Blast|p2a: Tornadus|[miss]\n|-miss|p1a: Tangrowth|p2a: Tornadus\n|\n|upkeep\n|turn|25\n|\n|t:|1664822562\n|switch|p1a: Melmetal|Melmetal|100\/100\n|-damage|p1a: Melmetal|88\/100|[from] Spikes\n|move|p2a: Tornadus|Knock Off|p1a: Melmetal\n|-damage|p1a: Melmetal|75\/100\n|-enditem|p1a: Melmetal|Assault Vest|[from] move: Knock Off|[of] p2a: Tornadus\n|\n|upkeep\n|turn|26\n|\n|t:|1664822570\n|move|p2a: Tornadus|U-turn|p1a: Melmetal\n|-resisted|p1a: Melmetal\n|-damage|p1a: Melmetal|70\/100\n|\n|t:|1664822573\n|switch|p2a: Ferrothorn|Ferrothorn, M|69\/100|[from]move: U-turn\n|move|p1a: Melmetal|Ice Punch|p2a: Ferrothorn\n|-damage|p2a: Ferrothorn|47\/100\n|-damage|p1a: Melmetal|57\/100|[from] ability: Iron Barbs|[of] p2a: Ferrothorn\n|\n|-heal|p2a: Ferrothorn|53\/100|[from] item: Leftovers\n|upkeep\n|turn|27\n|\n|t:|1664822581\n|move|p1a: Melmetal|Ice Punch|p2a: Ferrothorn\n|-damage|p2a: Ferrothorn|32\/100\n|-damage|p1a: Melmetal|45\/100|[from] ability: Iron Barbs|[of] p2a: Ferrothorn\n|move|p2a: Ferrothorn|Leech Seed|p1a: Melmetal\n|-start|p1a: Melmetal|move: Leech Seed\n|\n|-heal|p2a: Ferrothorn|38\/100|[from] item: Leftovers\n|-damage|p1a: Melmetal|32\/100|[from] Leech Seed|[of] p2a: Ferrothorn\n|-heal|p2a: Ferrothorn|54\/100|[silent]\n|upkeep\n|turn|28\n|\n|t:|1664822592\n|switch|p1a: Tangrowth|Tangrowth, M|100\/100\n|-damage|p1a: Tangrowth|88\/100|[from] Spikes\n|switch|p2a: Tornadus|Tornadus-Therian, M|100\/100\n|\n|upkeep\n|turn|29\n|\n|t:|1664822599\n|switch|p1a: Weavile|Weavile, F|2\/100\n|-damage|p1a: Weavile|0 fnt|[from] Spikes\n|faint|p1a: Weavile\n|move|p2a: Tornadus|Hurricane|p1: Weavile|[notarget]\n|-fail|p2a: Tornadus\n|\n|upkeep\n|\n|t:|1664822599\n|switch|p1a: Heatran|Heatran, M|78\/100\n|-damage|p1a: Heatran|66\/100|[from] Spikes\n|turn|30\n|\n|t:|1664822609\n|move|p2a: Tornadus|U-turn|p1a: Heatran\n|-resisted|p1a: Heatran\n|-damage|p1a: Heatran|62\/100\n|\n|t:|1664822612\n|switch|p2a: Garchomp|Garchomp, F|71\/100|[from]move: U-turn\n|move|p1a: Heatran|Earth Power|p2a: Garchomp\n|-damage|p2a: Garchomp|35\/100\n|\n|upkeep\n|turn|31\n|\n|t:|1664822619\n|switch|p1a: Rotom|Rotom-Wash|72\/100\n|move|p2a: Garchomp|Earthquake|p1a: Rotom\n|-immune|p1a: Rotom|[from] ability: Levitate\n|\n|-heal|p1a: Rotom|78\/100|[from] item: Leftovers\n|upkeep\n|turn|32\n|\n|t:|1664822627\n|move|p2a: Garchomp|Draco Meteor|p1a: Rotom\n|-damage|p1a: Rotom|10\/100\n|-unboost|p2a: Garchomp|spa|2\n|-damage|p2a: Garchomp|25\/100|[from] item: Life Orb\n|move|p1a: Rotom|Hydro Pump|p2a: Garchomp\n|-damage|p2a: Garchomp|0 fnt\n|faint|p2a: Garchomp\n|\n|-heal|p1a: Rotom|16\/100|[from] item: Leftovers\n|upkeep\n|\n|t:|1664822637\n|switch|p2a: Tornadus|Tornadus-Therian, M|100\/100\n|turn|33\n|\n|t:|1664822640\n|switch|p1a: Heatran|Heatran, M|62\/100\n|-damage|p1a: Heatran|50\/100|[from] Spikes\n|move|p2a: Tornadus|Knock Off|p1a: Heatran\n|-damage|p1a: Heatran|34\/100\n|\n|upkeep\n|turn|34\n|\n|t:|1664822646\n|switch|p2a: Tyranitar|Tyranitar, M|100\/100\n|-weather|Sandstorm|[from] ability: Sand Stream|[of] p2a: Tyranitar\n|move|p1a: Heatran|Earth Power|p2a: Tyranitar\n|-supereffective|p2a: Tyranitar\n|-damage|p2a: Tyranitar|62\/100\n|\n|-weather|Sandstorm|[upkeep]\n|upkeep\n|turn|35\n|\n|t:|1664822655\n|move|p1a: Heatran|Stealth Rock|p2a: Tyranitar\n|-sidestart|p2: bizarman|move: Stealth Rock\n|move|p2a: Tyranitar|Crunch|p1a: Heatran\n|-damage|p1a: Heatran|0 fnt\n|faint|p1a: Heatran\n|\n|-weather|Sandstorm|[upkeep]\n|upkeep\n|\n|t:|1664822655\n|switch|p1a: Tangrowth|Tangrowth, M|100\/100\n|-damage|p1a: Tangrowth|88\/100|[from] Spikes\n|turn|36\n|\n|t:|1664822665\n|switch|p2a: Ferrothorn|Ferrothorn, M|54\/100\n|-damage|p2a: Ferrothorn|47\/100|[from] Stealth Rock\n|move|p1a: Tangrowth|Sleep Powder|p2a: Ferrothorn\n|-immune|p2a: Ferrothorn\n|\n|-weather|Sandstorm|[upkeep]\n|-damage|p1a: Tangrowth|82\/100|[from] Sandstorm\n|-heal|p2a: Ferrothorn|54\/100|[from] item: Leftovers\n|upkeep\n|turn|37\n|\n|t:|1664822675\n|switch|p2a: Tornadus|Tornadus-Therian, M|100\/100\n|-damage|p2a: Tornadus|76\/100|[from] Stealth Rock\n|move|p1a: Tangrowth|Focus Blast|p2a: Tornadus|[miss]\n|-miss|p1a: Tangrowth|p2a: Tornadus\n|\n|-weather|Sandstorm|[upkeep]\n|-damage|p2a: Tornadus|70\/100|[from] Sandstorm\n|-damage|p1a: Tangrowth|76\/100|[from] Sandstorm\n|upkeep\n|turn|38\n|\n|t:|1664822683\n|switch|p1a: Melmetal|Melmetal|32\/100\n|-damage|p1a: Melmetal|20\/100|[from] Spikes\n|move|p2a: Tornadus|Hurricane|p1a: Melmetal\n|-resisted|p1a: Melmetal\n|-damage|p1a: Melmetal|3\/100\n|\n|-weather|none\n|upkeep\n|turn|39\n|\n|t:|1664822691\n|move|p2a: Tornadus|Knock Off|p1a: Melmetal\n|-damage|p1a: Melmetal|0 fnt\n|faint|p1a: Melmetal\n|\n|upkeep\n|\n|t:|1664822691\n|switch|p1a: Rotom|Rotom-Wash|16\/100\n|turn|40\n|\n|t:|1664822697\n|move|p2a: Tornadus|Knock Off|p1a: Rotom\n|-damage|p1a: Rotom|0 fnt\n|-enditem|p1a: Rotom|Leftovers|[from] move: Knock Off|[of] p2a: Tornadus\n|faint|p1a: Rotom\n|\n|upkeep\n|\n|t:|1664822697\n|switch|p1a: Tangrowth|Tangrowth, M|100\/100\n|-damage|p1a: Tangrowth|88\/100|[from] Spikes\n|turn|41\n|\n|t:|1664822706\n|move|p2a: Tornadus|Hurricane|p1a: Tangrowth\n|-supereffective|p1a: Tangrowth\n|-damage|p1a: Tangrowth|0 fnt\n|faint|p1a: Tangrowth\n|\n|win|bizarman\n|raw|Guest 5890168's rating: 1557 &rarr; <strong>1542<\/strong><br \/>(-15 for losing)\n|raw|bizarman's rating: 1650 &rarr; <strong>1665<\/strong><br \/>(+15 for winning)\n","uploadtime":1664822707,"views":16,"p1id":"guest5890168","p2id":"bizarman","formatid":"gen8ou","rating":1542,"private":0,"password":null}