{"id":"gen8randombattle-1547261566","p1":"DjezzeMwoan","p2":"miggyo0o","format":"gen8randombattle","log":"|j|\u2606DjezzeMwoan\n|j|\u2606miggyo0o\n|t:|1649247726\n|gametype|singles\n|player|p1|DjezzeMwoan|265|1879\n|player|p2|miggyo0o|266|1850\n|teamsize|p1|6\n|teamsize|p2|6\n|gen|8\n|tier|[Gen 8] Random Battle\n|rated|\n|rule|Species Clause: Limit one of each Pok\u00e9mon\n|rule|HP Percentage Mod: HP is shown in percentages\n|rule|Sleep Clause Mod: Limit one foe put to sleep\n|\n|t:|1649247726\n|start\n|switch|p1a: Linoone|Linoone, L84, M|268\/268\n|switch|p2a: Lopunny|Lopunny, L90, F|263\/263\n|turn|1\n|inactive|Battle timer is ON: inactive players will automatically lose when time's up. (requested by miggyo0o)\n|\n|t:|1649247745\n|switch|p1a: Jellicent|Jellicent, L84, M|305\/305\n|move|p2a: Lopunny|Switcheroo|p1a: Jellicent\n|-activate|p2a: Lopunny|move: Trick|[of] p1a: Jellicent\n|-item|p1a: Jellicent|Toxic Orb|[from] move: Switcheroo\n|-item|p2a: Lopunny|Leftovers|[from] move: Switcheroo\n|\n|-status|p1a: Jellicent|tox|[from] item: Toxic Orb\n|upkeep\n|turn|2\n|\n|t:|1649247757\n|switch|p2a: Sceptile|Sceptile, L86, M|261\/261\n|move|p1a: Jellicent|Toxic|p2a: Sceptile\n|-status|p2a: Sceptile|tox\n|\n|-damage|p2a: Sceptile|245\/261 tox|[from] psn\n|-damage|p1a: Jellicent|286\/305 tox|[from] psn\n|upkeep\n|turn|3\n|\n|t:|1649247764\n|switch|p1a: Giratina|Giratina, L74|344\/344\n|-ability|p1a: Giratina|Pressure\n|move|p2a: Sceptile|Substitute|p2a: Sceptile\n|-start|p2a: Sceptile|Substitute\n|-damage|p2a: Sceptile|180\/261 tox\n|\n|-heal|p2a: Sceptile|196\/261 tox|[from] item: Leftovers\n|-damage|p2a: Sceptile|164\/261 tox|[from] psn\n|upkeep\n|turn|4\n|\n|t:|1649247770\n|move|p2a: Sceptile|Rock Slide|p1a: Giratina\n|-damage|p1a: Giratina|301\/344\n|move|p1a: Giratina|Hex|p2a: Sceptile\n|-end|p2a: Sceptile|Substitute\n|\n|-heal|p2a: Sceptile|180\/261 tox|[from] item: Leftovers\n|-damage|p2a: Sceptile|132\/261 tox|[from] psn\n|upkeep\n|turn|5\n|\n|t:|1649247775\n|switch|p2a: Cresselia|Cresselia, L80, F|323\/323\n|move|p1a: Giratina|Toxic|p2a: Cresselia|[miss]\n|-miss|p1a: Giratina|p2a: Cresselia\n|\n|upkeep\n|turn|6\n|\n|t:|1649247786\n|switch|p2a: Sceptile|Sceptile, L86, M|132\/261 tox\n|move|p1a: Giratina|Toxic|p2a: Sceptile\n|-fail|p2a: Sceptile|tox\n|\n|-heal|p2a: Sceptile|148\/261 tox|[from] item: Leftovers\n|-damage|p2a: Sceptile|132\/261 tox|[from] psn\n|upkeep\n|turn|7\n|\n|t:|1649247793\n|switch|p2a: Cresselia|Cresselia, L80, F|323\/323\n|move|p1a: Giratina|Hex|p2a: Cresselia\n|-supereffective|p2a: Cresselia\n|-damage|p2a: Cresselia|239\/323\n|\n|-heal|p2a: Cresselia|259\/323|[from] item: Leftovers\n|upkeep\n|turn|8\n|\n|t:|1649247795\n|move|p2a: Cresselia|Toxic|p1a: Giratina\n|-status|p1a: Giratina|tox\n|move|p1a: Giratina|Toxic|p2a: Cresselia\n|-status|p2a: Cresselia|tox\n|\n|-heal|p2a: Cresselia|279\/323 tox|[from] item: Leftovers\n|-damage|p2a: Cresselia|259\/323 tox|[from] psn\n|-damage|p1a: Giratina|280\/344 tox|[from] psn\n|upkeep\n|turn|9\n|\n|t:|1649247800\n|move|p2a: Cresselia|Moonblast|p1a: Giratina\n|-supereffective|p1a: Giratina\n|-damage|p1a: Giratina|184\/344 tox\n|move|p1a: Giratina|Hex|p2a: Cresselia\n|-supereffective|p2a: Cresselia\n|-damage|p2a: Cresselia|79\/323 tox\n|\n|-heal|p2a: Cresselia|99\/323 tox|[from] item: Leftovers\n|-damage|p2a: Cresselia|59\/323 tox|[from] psn\n|-damage|p1a: Giratina|142\/344 tox|[from] psn\n|upkeep\n|turn|10\n|\n|t:|1649247805\n|move|p2a: Cresselia|Moonlight|p2a: Cresselia\n|-heal|p2a: Cresselia|220\/323 tox\n|move|p1a: Giratina|Rest|p1a: Giratina\n|-status|p1a: Giratina|slp|[from] move: Rest\n|-heal|p1a: Giratina|344\/344 slp|[silent]\n|-enditem|p1a: Giratina|Chesto Berry|[eat]\n|-curestatus|p1a: Giratina|slp|[msg]\n|\n|-heal|p2a: Cresselia|240\/323 tox|[from] item: Leftovers\n|-damage|p2a: Cresselia|180\/323 tox|[from] psn\n|upkeep\n|turn|11\n|\n|t:|1649247809\n|switch|p1a: Jellicent|Jellicent, L84, M|286\/305 tox\n|move|p2a: Cresselia|Toxic|p1a: Jellicent|[miss]\n|-miss|p2a: Cresselia|p1a: Jellicent\n|\n|-heal|p2a: Cresselia|200\/323 tox|[from] item: Leftovers\n|-damage|p2a: Cresselia|120\/323 tox|[from] psn\n|-damage|p1a: Jellicent|267\/305 tox|[from] psn\n|upkeep\n|turn|12\n|\n|t:|1649247812\n|switch|p2a: Sceptile|Sceptile, L86, M|132\/261 tox\n|move|p1a: Jellicent|Shadow Ball|p2a: Sceptile\n|-damage|p2a: Sceptile|53\/261 tox\n|\n|-heal|p2a: Sceptile|69\/261 tox|[from] item: Leftovers\n|-damage|p2a: Sceptile|53\/261 tox|[from] psn\n|-damage|p1a: Jellicent|229\/305 tox|[from] psn\n|upkeep\n|turn|13\n|\n|t:|1649247818\n|switch|p1a: Giratina|Giratina, L74|344\/344\n|-ability|p1a: Giratina|Pressure\n|move|p2a: Sceptile|Giga Drain|p1a: Giratina\n|-resisted|p1a: Giratina\n|-damage|p1a: Giratina|287\/344\n|-heal|p2a: Sceptile|82\/261 tox|[from] drain|[of] p1a: Giratina\n|\n|-heal|p2a: Sceptile|98\/261 tox|[from] item: Leftovers\n|-damage|p2a: Sceptile|66\/261 tox|[from] psn\n|upkeep\n|turn|14\n|\n|t:|1649247822\n|move|p2a: Sceptile|Giga Drain|p1a: Giratina\n|-resisted|p1a: Giratina\n|-damage|p1a: Giratina|229\/344\n|-heal|p2a: Sceptile|95\/261 tox|[from] drain|[of] p1a: Giratina\n|move|p1a: Giratina|Hex|p2a: Sceptile\n|-damage|p2a: Sceptile|0 fnt\n|faint|p2a: Sceptile\n|\n|upkeep\n|\n|t:|1649247830\n|switch|p2a: Celesteela|Celesteela, L77|276\/276\n|turn|15\n|\n|t:|1649247835\n|move|p1a: Giratina|Will-O-Wisp|p2a: Celesteela|[miss]\n|-miss|p1a: Giratina|p2a: Celesteela\n|move|p2a: Celesteela|Leech Seed|p1a: Giratina\n|-start|p1a: Giratina|move: Leech Seed\n|\n|-damage|p1a: Giratina|186\/344|[from] Leech Seed|[of] p2a: Celesteela\n|upkeep\n|turn|16\n|\n|t:|1649247840\n|switch|p1a: Clawitzer|Clawitzer, L84, M|256\/256\n|switch|p2a: Cresselia|Cresselia, L80, F|120\/323 tox\n|\n|-heal|p2a: Cresselia|140\/323 tox|[from] item: Leftovers\n|-damage|p2a: Cresselia|120\/323 tox|[from] psn\n|upkeep\n|turn|17\n|c|\u2606DjezzeMwoan|yo\n|c|\u2606DjezzeMwoan|can i hit my status moves\n|c|\u2606DjezzeMwoan|like wtf\n|\n|t:|1649247852\n|switch|p1a: Jellicent|Jellicent, L84, M|229\/305 tox\n|move|p2a: Cresselia|Toxic|p1a: Jellicent\n|-fail|p1a: Jellicent|tox\n|\n|-heal|p2a: Cresselia|140\/323 tox|[from] item: Leftovers\n|-damage|p2a: Cresselia|100\/323 tox|[from] psn\n|-damage|p1a: Jellicent|210\/305 tox|[from] psn\n|upkeep\n|turn|18\n|\n|t:|1649247857\n|move|p2a: Cresselia|Moonlight|p2a: Cresselia\n|-heal|p2a: Cresselia|261\/323 tox\n|move|p1a: Jellicent|Scald|p2a: Cresselia\n|-damage|p2a: Cresselia|204\/323 tox\n|\n|-heal|p2a: Cresselia|224\/323 tox|[from] item: Leftovers\n|-damage|p2a: Cresselia|164\/323 tox|[from] psn\n|-damage|p1a: Jellicent|172\/305 tox|[from] psn\n|upkeep\n|turn|19\n|\n|t:|1649247859\n|move|p2a: Cresselia|Moonlight|p2a: Cresselia\n|-heal|p2a: Cresselia|323\/323 tox\n|move|p1a: Jellicent|Recover|p1a: Jellicent\n|-heal|p1a: Jellicent|305\/305 tox\n|\n|-damage|p2a: Cresselia|243\/323 tox|[from] psn\n|-damage|p1a: Jellicent|248\/305 tox|[from] psn\n|upkeep\n|turn|20\n|\n|t:|1649247862\n|move|p2a: Cresselia|Psyshock|p1a: Jellicent\n|-crit|p1a: Jellicent\n|-damage|p1a: Jellicent|137\/305 tox\n|move|p1a: Jellicent|Scald|p2a: Cresselia\n|-damage|p2a: Cresselia|180\/323 tox\n|\n|-heal|p2a: Cresselia|200\/323 tox|[from] item: Leftovers\n|-damage|p2a: Cresselia|100\/323 tox|[from] psn\n|-damage|p1a: Jellicent|61\/305 tox|[from] psn\n|upkeep\n|turn|21\n|\n|t:|1649247866\n|move|p2a: Cresselia|Psyshock|p1a: Jellicent\n|-damage|p1a: Jellicent|0 fnt\n|faint|p1a: Jellicent\n|\n|-heal|p2a: Cresselia|120\/323 tox|[from] item: Leftovers\n|-damage|p2a: Cresselia|0 fnt|[from] psn\n|faint|p2a: Cresselia\n|upkeep\n|\n|t:|1649247871\n|switch|p2a: Seismitoad|Seismitoad, L84, M|314\/314\n|switch|p1a: Clawitzer|Clawitzer, L84, M|256\/256\n|turn|22\n|\n|t:|1649247876\n|move|p2a: Seismitoad|Earthquake|p1a: Clawitzer\n|-damage|p1a: Clawitzer|118\/256\n|-damage|p2a: Seismitoad|283\/314|[from] item: Life Orb\n|move|p1a: Clawitzer|U-turn|p2a: Seismitoad\n|-damage|p2a: Seismitoad|236\/314\n|\n|t:|1649247882\n|switch|p1a: Scrafty|Scrafty, L82, F|241\/241\n|\n|upkeep\n|turn|23\n|\n|t:|1649247892\n|move|p2a: Seismitoad|Rain Dance|p2a: Seismitoad\n|-weather|RainDance\n|move|p1a: Scrafty|Dragon Dance|p1a: Scrafty\n|-boost|p1a: Scrafty|atk|1\n|-boost|p1a: Scrafty|spe|1\n|\n|-weather|RainDance|[upkeep]\n|upkeep\n|turn|24\n|\n|t:|1649247902\n|-start|p2a: Seismitoad|Dynamax|\n|-heal|p2a: Seismitoad|472\/628|[silent]\n|-start|p1a: Scrafty|Dynamax|\n|-heal|p1a: Scrafty|482\/482|[silent]\n|move|p2a: Seismitoad|Max Geyser|p1a: Scrafty\n|-damage|p1a: Scrafty|243\/482\n|-damage|p2a: Seismitoad|441\/628|[from] item: Life Orb\n|move|p1a: Scrafty|Max Darkness|p2a: Seismitoad\n|-damage|p2a: Seismitoad|245\/628\n|-unboost|p2a: Seismitoad|spd|1\n|\n|-weather|RainDance|[upkeep]\n|upkeep\n|turn|25\n|\n|t:|1649247914\n|move|p1a: Scrafty|Max Guard|p1a: Scrafty\n|-singleturn|p1a: Scrafty|Max Guard\n|move|p2a: Seismitoad|Max Geyser|p1a: Scrafty\n|-activate|p1a: Scrafty|move: Max Guard\n|\n|-weather|RainDance|[upkeep]\n|upkeep\n|turn|26\n|\n|t:|1649247924\n|move|p2a: Seismitoad|Max Guard|p2a: Seismitoad\n|-singleturn|p2a: Seismitoad|Max Guard\n|move|p1a: Scrafty|Max Darkness|p2a: Seismitoad\n|-activate|p2a: Seismitoad|move: Max Guard\n|\n|-weather|RainDance|[upkeep]\n|-end|p2a: Seismitoad|Dynamax\n|-heal|p2a: Seismitoad|123\/314|[silent]\n|-end|p1a: Scrafty|Dynamax\n|-heal|p1a: Scrafty|122\/241|[silent]\n|upkeep\n|turn|27\n|\n|t:|1649247930\n|move|p2a: Seismitoad|Liquidation|p1a: Scrafty\n|-damage|p1a: Scrafty|0 fnt\n|faint|p1a: Scrafty\n|-damage|p2a: Seismitoad|92\/314|[from] item: Life Orb\n|\n|-weather|none\n|upkeep\n|\n|t:|1649247932\n|switch|p1a: Linoone|Linoone, L84, M|268\/268\n|turn|28\n|\n|t:|1649247939\n|move|p1a: Linoone|Belly Drum|p1a: Linoone\n|-damage|p1a: Linoone|134\/268\n|-setboost|p1a: Linoone|atk|6|[from] move: Belly Drum\n|-enditem|p1a: Linoone|Figy Berry|[eat]\n|-heal|p1a: Linoone|222\/268|[from] item: Figy Berry\n|move|p2a: Seismitoad|Earthquake|p1a: Linoone\n|-damage|p1a: Linoone|50\/268\n|-damage|p2a: Seismitoad|61\/314|[from] item: Life Orb\n|\n|upkeep\n|turn|29\n|\n|t:|1649247947\n|move|p1a: Linoone|Extreme Speed|p2a: Seismitoad\n|-damage|p2a: Seismitoad|0 fnt\n|faint|p2a: Seismitoad\n|\n|upkeep\n|\n|t:|1649247949\n|switch|p2a: Stakataka|Stakataka, L80|229\/229\n|-item|p2a: Stakataka|Air Balloon\n|turn|30\n|\n|t:|1649247954\n|move|p1a: Linoone|Throat Chop|p2a: Stakataka\n|-damage|p2a: Stakataka|136\/229\n|-start|p2a: Stakataka|Throat Chop|[silent]\n|-enditem|p2a: Stakataka|Air Balloon\n|move|p2a: Stakataka|Gyro Ball|p1a: Linoone\n|-damage|p1a: Linoone|0 fnt\n|faint|p1a: Linoone\n|-ability|p2a: Stakataka|Beast Boost|boost\n|-boost|p2a: Stakataka|def|1\n|\n|upkeep\n|\n|t:|1649247958\n|switch|p1a: Clawitzer|Clawitzer, L84, M|118\/256\n|turn|31\n|\n|t:|1649247966\n|move|p1a: Clawitzer|Water Pulse|p2a: Stakataka\n|-supereffective|p2a: Stakataka\n|-damage|p2a: Stakataka|0 fnt\n|faint|p2a: Stakataka\n|\n|upkeep\n|\n|t:|1649247971\n|switch|p2a: Lopunny|Lopunny, L90, F|263\/263\n|turn|32\n|\n|t:|1649247977\n|switch|p1a: Giratina|Giratina, L74|186\/344\n|-ability|p1a: Giratina|Pressure\n|move|p2a: Lopunny|Facade|p1a: Giratina\n|-immune|p1a: Giratina\n|\n|upkeep\n|turn|33\n|\n|t:|1649247980\n|switch|p2a: Celesteela|Celesteela, L77|276\/276\n|move|p1a: Giratina|Will-O-Wisp|p2a: Celesteela\n|-status|p2a: Celesteela|brn\n|\n|-damage|p2a: Celesteela|259\/276 brn|[from] brn\n|upkeep\n|turn|34\n|\n|t:|1649247983\n|move|p1a: Giratina|Hex|p2a: Celesteela\n|-damage|p2a: Celesteela|151\/276 brn\n|move|p2a: Celesteela|Leech Seed|p1a: Giratina\n|-start|p1a: Giratina|move: Leech Seed\n|\n|-heal|p2a: Celesteela|168\/276 brn|[from] item: Leftovers\n|-damage|p1a: Giratina|143\/344|[from] Leech Seed|[of] p2a: Celesteela\n|-heal|p2a: Celesteela|211\/276 brn|[silent]\n|-damage|p2a: Celesteela|194\/276 brn|[from] brn\n|upkeep\n|turn|35\n|\n|t:|1649247993\n|switch|p1a: Clawitzer|Clawitzer, L84, M|118\/256\n|move|p2a: Celesteela|Air Slash|p1a: Clawitzer\n|-crit|p1a: Clawitzer\n|-damage|p1a: Clawitzer|19\/256\n|\n|-heal|p2a: Celesteela|211\/276 brn|[from] item: Leftovers\n|-damage|p2a: Celesteela|194\/276 brn|[from] brn\n|upkeep\n|turn|36\n|\n|t:|1649248006\n|move|p1a: Clawitzer|Water Pulse|p2a: Celesteela\n|-damage|p2a: Celesteela|40\/276 brn\n|move|p2a: Celesteela|Flash Cannon|p1a: Clawitzer\n|-resisted|p1a: Clawitzer\n|-damage|p1a: Clawitzer|0 fnt\n|faint|p1a: Clawitzer\n|-ability|p2a: Celesteela|Beast Boost|boost\n|-boost|p2a: Celesteela|spa|1\n|\n|-heal|p2a: Celesteela|57\/276 brn|[from] item: Leftovers\n|-damage|p2a: Celesteela|40\/276 brn|[from] brn\n|upkeep\n|\n|t:|1649248010\n|switch|p1a: Giratina|Giratina, L74|143\/344\n|-ability|p1a: Giratina|Pressure\n|turn|37\n|\n|t:|1649248015\n|switch|p2a: Lopunny|Lopunny, L90, F|263\/263\n|move|p1a: Giratina|Hex|p2a: Lopunny\n|-immune|p2a: Lopunny\n|\n|upkeep\n|turn|38\n|\n|t:|1649248041\n|switch|p1a: Crustle|Crustle, L82, M|249\/249\n|move|p2a: Lopunny|Healing Wish|p2a: Lopunny\n|faint|p2a: Lopunny\n|\n|upkeep\n|\n|t:|1649248044\n|switch|p2a: Celesteela|Celesteela, L77|40\/276 brn\n|-heal|p2a: Celesteela|276\/276|[from] move: Healing Wish\n|turn|39\n|\n|t:|1649248048\n|move|p2a: Celesteela|Flash Cannon|p1a: Crustle\n|-supereffective|p1a: Crustle\n|-damage|p1a: Crustle|73\/249\n|move|p1a: Crustle|Shell Smash|p1a: Crustle\n|-unboost|p1a: Crustle|def|1\n|-unboost|p1a: Crustle|spd|1\n|-boost|p1a: Crustle|atk|2\n|-boost|p1a: Crustle|spa|2\n|-boost|p1a: Crustle|spe|2\n|\n|upkeep\n|turn|40\n|\n|t:|1649248055\n|move|p1a: Crustle|Stone Edge|p2a: Celesteela\n|-damage|p2a: Celesteela|72\/276\n|move|p2a: Celesteela|Flash Cannon|p1a: Crustle\n|-supereffective|p1a: Crustle\n|-damage|p1a: Crustle|0 fnt\n|faint|p1a: Crustle\n|-ability|p2a: Celesteela|Beast Boost|boost\n|-boost|p2a: Celesteela|spa|1\n|\n|-heal|p2a: Celesteela|89\/276|[from] item: Leftovers\n|upkeep\n|\n|t:|1649248058\n|switch|p1a: Giratina|Giratina, L74|143\/344\n|-ability|p1a: Giratina|Pressure\n|turn|41\n|\n|t:|1649248066\n|move|p1a: Giratina|Will-O-Wisp|p2a: Celesteela\n|-status|p2a: Celesteela|brn\n|move|p2a: Celesteela|Flash Cannon|p1a: Giratina\n|-crit|p1a: Giratina\n|-damage|p1a: Giratina|0 fnt\n|faint|p1a: Giratina\n|\n|win|miggyo0o\n|raw|DjezzeMwoan's rating: 1879 &rarr; <strong>1857<\/strong><br \/>(-22 for losing)\n|raw|miggyo0o's rating: 1850 &rarr; <strong>1872<\/strong><br \/>(+22 for winning)\n|l|\u2606DjezzeMwoan\n||Ladder isn't responding, score probably updated but might not have (Request timeout).\n","inputlog":">version 0162639e2be10fee1f1935f037788d778e37d0f7\n>start {\"formatid\":\"gen8randombattle\",\"seed\":[62012,28194,58195,93],\"rated\":\"Rated battle\"}\n>player p1 {\"name\":\"DjezzeMwoan\",\"avatar\":\"265\",\"rating\":1879,\"seed\":[26700,33501,20949,29769]}\n>player p2 {\"name\":\"miggyo0o\",\"avatar\":\"266\",\"rating\":1850,\"seed\":[46329,19789,55407,32586]}\n>p1 switch 2\n>p2 move switcheroo\n>p1 move toxic\n>p2 switch 3\n>p1 switch 6\n>p2 move substitute\n>p1 move hex\n>p2 move rockslide\n>p1 move toxic\n>p2 switch 6\n>p1 move toxic\n>p2 switch 6\n>p1 move hex\n>p2 switch 6\n>p1 move toxic\n>p2 move toxic\n>p1 move hex\n>p2 move moonblast\n>p1 move rest\n>p2 move moonlight\n>p1 switch 6\n>p2 move toxic\n>p1 move shadowball\n>p2 switch 6\n>p1 switch 6\n>p2 move gigadrain\n>p1 move hex\n>p2 move gigadrain\n>p2 switch 4\n>p1 move willowisp\n>p2 move leechseed\n>p1 switch 5\n>p2 switch 6\n>chat \u2606DjezzeMwoan|yo\n>chat \u2606DjezzeMwoan|can i hit my status moves\n>chat \u2606DjezzeMwoan|like wtf\n>p1 switch 6\n>p2 move toxic\n>p1 move scald\n>p2 move moonlight\n>p1 move recover\n>p2 move moonlight\n>p1 move scald\n>p2 move psyshock\n>p1 move recover\n>p2 move psyshock\n>p1 switch 6\n>p2 switch 5\n>p1 move uturn\n>p2 move earthquake\n>p1 switch 4\n>p1 move dragondance\n>p2 move raindance\n>p1 move knockoff dynamax\n>p2 move liquidation dynamax\n>p1 move dragondance dynamax\n>p2 move liquidation dynamax\n>p1 move knockoff dynamax\n>p2 move raindance dynamax\n>p1 move knockoff\n>p2 move liquidation\n>p1 switch 2\n>p1 move bellydrum\n>p2 move earthquake\n>p1 move extremespeed\n>p2 move earthquake\n>p2 switch 2\n>p1 move throatchop\n>p2 move gyroball\n>p1 switch 4\n>p1 move waterpulse\n>p2 move stealthrock\n>p2 switch 3\n>p1 switch 5\n>p2 move facade\n>p1 move willowisp\n>p2 switch 6\n>p1 move hex\n>p2 move leechseed\n>p1 switch 5\n>p2 move airslash\n>p1 move waterpulse\n>p2 move flashcannon\n>p1 switch 5\n>p1 move hex\n>p2 switch 6\n>p1 switch 3\n>p2 move healingwish\n>p2 switch 6\n>p1 move shellsmash\n>p2 move flashcannon\n>p1 move stoneedge\n>p2 move flashcannon\n>p1 switch 3\n>p1 move willowisp\n>p2 move flashcannon","uploadtime":1649248073,"views":6,"p1id":"djezzemwoan","p2id":"miggyo0o","formatid":"gen8randombattle","rating":1857,"private":0,"password":null}