{"id":"gen8ou-1071883456","p1":"CarlyBae","p2":"Kimono Gigolo","format":"gen8ou","log":"|raw|<div class=\"broadcast-red\"><strong>This battle is invite-only!<\/strong><br \/>Users must be invited with <code>\/invite<\/code> (or be staff) to join<\/div>\n|j|\u2606CarlyBae\n|j|\u2606Kimono Gigolo\n|player|p1|CarlyBae|dawn-gen4pt|1474\n|player|p2|Kimono Gigolo|candice|1429\n|teamsize|p1|6\n|teamsize|p2|6\n|gametype|singles\n|gen|8\n|tier|[Gen 8] OU\n|rated|\n|clearpoke\n|poke|p1|Torkoal, M|\n|poke|p1|Cinderace, M|\n|poke|p1|Venusaur, F|\n|poke|p1|Darmanitan, F|\n|poke|p1|Mandibuzz, F|\n|poke|p1|Dugtrio, M|\n|poke|p2|Torkoal, M|\n|poke|p2|Cinderace, F|\n|poke|p2|Venusaur, M|\n|poke|p2|Darmanitan, F|\n|poke|p2|Mandibuzz, F|\n|poke|p2|Dugtrio, M|\n|rule|Sleep Clause Mod: Limit one foe put to sleep\n|rule|Species Clause: Limit one of each Pok\u00e9mon\n|rule|OHKO Clause: OHKO moves are banned\n|rule|Evasion Moves Clause: Evasion moves are banned\n|rule|Endless Battle Clause: Forcing endless battles is banned\n|rule|HP Percentage Mod: HP is shown in percentages\n|rule|Dynamax Clause: You cannot dynamax\n|teampreview\n|\n|start\n|switch|p1a: Dugtrio|Dugtrio, M|100\/100\n|switch|p2a: Dugtrio|Dugtrio, M|100\/100\n|turn|1\n|\n|move|p2a: Dugtrio|Earthquake|p1a: Dugtrio\n|-enditem|p1a: Dugtrio|Focus Sash\n|-damage|p1a: Dugtrio|1\/100\n|move|p1a: Dugtrio|Earthquake|p2a: Dugtrio\n|-crit|p2a: Dugtrio\n|-enditem|p2a: Dugtrio|Focus Sash\n|-damage|p2a: Dugtrio|1\/100\n|\n|upkeep\n|turn|2\n|\n|move|p2a: Dugtrio|Sucker Punch|p1a: Dugtrio\n|-damage|p1a: Dugtrio|0 fnt\n|faint|p1a: Dugtrio\n|\n|upkeep\n|inactive|Battle timer is ON: inactive players will automatically lose when time's up. (requested by Kimono Gigolo)\n|\n|switch|p1a: Mandibuzz|Mandibuzz, F|100\/100\n|turn|3\n|\n|switch|p2a: Mandibuzz|Mandibuzz, F|100\/100\n|move|p1a: Mandibuzz|U-turn|p2a: Mandibuzz\n|-damage|p2a: Mandibuzz|93\/100\n|\n|switch|p1a: Darmanitan|Darmanitan, F|100\/100|[from]move: U-turn\n|\n|upkeep\n|turn|4\n|\n|move|p1a: Darmanitan|Flare Blitz|p2a: Mandibuzz\n|-damage|p2a: Mandibuzz|0 fnt\n|-damage|p1a: Darmanitan|64\/100|[from] Recoil\n|faint|p2a: Mandibuzz\n|\n|upkeep\n|\n|switch|p2a: Dugtrio|Dugtrio, M|1\/100\n|turn|5\n|\n|move|p2a: Dugtrio|Earthquake|p1a: Darmanitan\n|-supereffective|p1a: Darmanitan\n|-damage|p1a: Darmanitan|0 fnt\n|faint|p1a: Darmanitan\n|\n|upkeep\n|\n|switch|p1a: Mandibuzz|Mandibuzz, F|100\/100\n|turn|6\n|\n|switch|p2a: Torkoal|Torkoal, M|100\/100\n|-weather|SunnyDay|[from] ability: Drought|[of] p2a: Torkoal\n|move|p1a: Mandibuzz|U-turn|p2a: Torkoal\n|-resisted|p2a: Torkoal\n|-damage|p2a: Torkoal|97\/100\n|\n|switch|p1a: Torkoal|Torkoal, M|100\/100|[from]move: U-turn\n|\n|-weather|SunnyDay|[upkeep]\n|upkeep\n|turn|7\n|\n|move|p2a: Torkoal|Earth Power|p1a: Torkoal\n|-supereffective|p1a: Torkoal\n|-damage|p1a: Torkoal|28\/100\n|move|p1a: Torkoal|Earth Power|p2a: Torkoal\n|-supereffective|p2a: Torkoal\n|-damage|p2a: Torkoal|28\/100\n|\n|-weather|SunnyDay|[upkeep]\n|upkeep\n|turn|8\n|\n|move|p1a: Torkoal|Earth Power|p2a: Torkoal\n|-supereffective|p2a: Torkoal\n|-damage|p2a: Torkoal|0 fnt\n|faint|p2a: Torkoal\n|\n|-weather|SunnyDay|[upkeep]\n|upkeep\n|\n|switch|p2a: Dugtrio|Dugtrio, M|1\/100\n|turn|9\n|\n|move|p2a: Dugtrio|Earthquake|p1a: Torkoal\n|-supereffective|p1a: Torkoal\n|-damage|p1a: Torkoal|0 fnt\n|faint|p1a: Torkoal\n|\n|-weather|SunnyDay|[upkeep]\n|upkeep\n|\n|switch|p1a: Venusaur|Venusaur, F|100\/100\n|turn|10\n|\n|move|p2a: Dugtrio|Sucker Punch||[still]\n|-fail|p2a: Dugtrio\n|move|p1a: Venusaur|Growth|p1a: Venusaur\n|-boost|p1a: Venusaur|atk|2\n|-boost|p1a: Venusaur|spa|2\n|\n|-weather|SunnyDay|[upkeep]\n|upkeep\n|turn|11\n|\n|move|p2a: Dugtrio|Sucker Punch|p1a: Venusaur\n|-damage|p1a: Venusaur|75\/100\n|move|p1a: Venusaur|Sludge Bomb|p2a: Dugtrio\n|-resisted|p2a: Dugtrio\n|-damage|p2a: Dugtrio|0 fnt\n|-damage|p1a: Venusaur|65\/100|[from] item: Life Orb\n|faint|p2a: Dugtrio\n|\n|-weather|SunnyDay|[upkeep]\n|upkeep\n|\n|switch|p2a: Venusaur|Venusaur, M|100\/100\n|turn|12\n|\n|move|p2a: Venusaur|Weather Ball|p1a: Venusaur\n|-supereffective|p1a: Venusaur\n|-damage|p1a: Venusaur|0 fnt\n|-damage|p2a: Venusaur|91\/100|[from] item: Life Orb\n|faint|p1a: Venusaur\n|\n|-weather|SunnyDay|[upkeep]\n|upkeep\n|\n|switch|p1a: Mandibuzz|Mandibuzz, F|100\/100\n|turn|13\n|\n|move|p2a: Venusaur|Growth|p2a: Venusaur\n|-boost|p2a: Venusaur|atk|2\n|-boost|p2a: Venusaur|spa|2\n|move|p1a: Mandibuzz|U-turn|p2a: Venusaur\n|-damage|p2a: Venusaur|78\/100\n|\n|switch|p1a: Cinderace|Cinderace, M|100\/100|[from]move: U-turn\n|\n|-weather|none\n|upkeep\n|turn|14\n|\n|move|p1a: Cinderace|Pyro Ball|p2a: Venusaur\n|-supereffective|p2a: Venusaur\n|-damage|p2a: Venusaur|0 fnt\n|faint|p2a: Venusaur\n|\n|upkeep\n|\n|switch|p2a: Darmanitan|Darmanitan, F|100\/100\n|turn|15\n|\n|move|p1a: Cinderace|U-turn|p2a: Darmanitan\n|-resisted|p2a: Darmanitan\n|-crit|p2a: Darmanitan\n|-damage|p2a: Darmanitan|75\/100\n|\n|switch|p1a: Mandibuzz|Mandibuzz, F|100\/100|[from]move: U-turn\n|move|p2a: Darmanitan|Rock Slide|p1a: Mandibuzz\n|-supereffective|p1a: Mandibuzz\n|-damage|p1a: Mandibuzz|21\/100\n|\n|upkeep\n|turn|16\n|\n|move|p2a: Darmanitan|Rock Slide|p1a: Mandibuzz\n|-supereffective|p1a: Mandibuzz\n|-damage|p1a: Mandibuzz|0 fnt\n|faint|p1a: Mandibuzz\n|\n|upkeep\n|\n|switch|p1a: Cinderace|Cinderace, M|100\/100\n|turn|17\n|\n|move|p1a: Cinderace|Pyro Ball|p2a: Darmanitan\n|-resisted|p2a: Darmanitan\n|-damage|p2a: Darmanitan|33\/100\n|move|p2a: Darmanitan|Rock Slide|p1a: Cinderace|[miss]\n|-miss|p2a: Darmanitan|p1a: Cinderace\n|\n|upkeep\n|turn|18\n|\n|move|p1a: Cinderace|Pyro Ball|p2a: Darmanitan\n|-resisted|p2a: Darmanitan\n|-damage|p2a: Darmanitan|0 fnt\n|faint|p2a: Darmanitan\n|\n|upkeep\n|\n|switch|p2a: Cinderace|Cinderace, F|100\/100\n|turn|19\n|\n|move|p2a: Cinderace|Pyro Ball|p1a: Cinderace\n|-resisted|p1a: Cinderace\n|-damage|p1a: Cinderace|59\/100\n|move|p1a: Cinderace|Pyro Ball|p2a: Cinderace\n|-resisted|p2a: Cinderace\n|-damage|p2a: Cinderace|62\/100\n|\n|upkeep\n|turn|20\n|\n|move|p2a: Cinderace|Pyro Ball|p1a: Cinderace\n|-resisted|p1a: Cinderace\n|-damage|p1a: Cinderace|17\/100\n|move|p1a: Cinderace|Pyro Ball|p2a: Cinderace\n|-resisted|p2a: Cinderace\n|-damage|p2a: Cinderace|0 fnt\n|faint|p2a: Cinderace\n|\n|win|CarlyBae\n|l|\u2606Kimono Gigolo\n|c|\u2606CarlyBae|\/log CarlyBae made this room public.\n|raw|CarlyBae's rating: 1454 &rarr; <strong>1473<\/strong><br \/>(+19 for winning)\n|raw|Kimono Gigolo's rating: 1430 &rarr; <strong>1411<\/strong><br \/>(-19 for losing)\n","uploadtime":1583097630,"views":4,"p1id":"carlybae","p2id":"kimonogigolo","formatid":"gen8ou","rating":1411,"private":0,"password":null}