{"id":"gen8uu-1495608349","p1":"dogmeatbottle","p2":"Ivyon","format":"gen8uu","log":"|html|<div class=\"broadcast-blue\"><strong>[Gen 8] UU is currently suspecting Thundurus-T! For information on how to participate check out the <a href=\"https:\/\/www.smogon.com\/forums\/threads\/np-ss-uu-stage-11-boom-clap.3696000\/\">suspect thread<\/a>.<\/strong><\/div>\n|j|\u2606dogmeatbottle\n|j|\u2606Ivyon\n|t:|1642762034\n|gametype|singles\n|player|p1|dogmeatbottle|102|1341\n|player|p2|Ivyon|blue|1432\n|teamsize|p1|6\n|teamsize|p2|6\n|gen|8\n|tier|[Gen 8] UU\n|rated|\n|rule|Sleep Clause Mod: Limit one foe put to sleep\n|rule|Species Clause: Limit one of each Pok\u00e9mon\n|rule|OHKO Clause: OHKO moves are banned\n|rule|Evasion Moves Clause: Evasion moves are banned\n|rule|Endless Battle Clause: Forcing endless battles is banned\n|rule|HP Percentage Mod: HP is shown in percentages\n|rule|Dynamax Clause: You cannot dynamax\n|clearpoke\n|poke|p1|Torkoal, F|\n|poke|p1|Venusaur, M|\n|poke|p1|Darmanitan, M|\n|poke|p1|Seismitoad, M|\n|poke|p1|Mamoswine, F|\n|poke|p1|Thundurus-Therian, M|\n|poke|p2|Cloyster, M|\n|poke|p2|Zygarde-10%|\n|poke|p2|Amoonguss, M|\n|poke|p2|Thundurus-Therian, M|\n|poke|p2|Conkeldurr, F|\n|poke|p2|Scolipede, M|\n|teampreview\n|\n|t:|1642762044\n|start\n|switch|p1a: Seismitoad|Seismitoad, M|100\/100\n|switch|p2a: Scolipede|Scolipede, M|100\/100\n|turn|1\n|\n|t:|1642762054\n|move|p2a: Scolipede|Swords Dance|p2a: Scolipede\n|-boost|p2a: Scolipede|atk|2\n|move|p1a: Seismitoad|Stealth Rock|p2a: Scolipede\n|-sidestart|p2: Ivyon|move: Stealth Rock\n|\n|-ability|p2a: Scolipede|Speed Boost|boost\n|-boost|p2a: Scolipede|spe|1\n|upkeep\n|turn|2\n|\n|t:|1642762061\n|move|p2a: Scolipede|Megahorn|p1a: Seismitoad\n|-damage|p1a: Seismitoad|21\/100\n|move|p1a: Seismitoad|Earth Power|p2a: Scolipede\n|-damage|p2a: Scolipede|52\/100\n|\n|-heal|p1a: Seismitoad|27\/100|[from] item: Leftovers\n|-ability|p2a: Scolipede|Speed Boost|boost\n|-boost|p2a: Scolipede|spe|1\n|upkeep\n|turn|3\n|\n|t:|1642762078\n|move|p2a: Scolipede|Earthquake|p1a: Seismitoad\n|-damage|p1a: Seismitoad|0 fnt\n|faint|p1a: Seismitoad\n|\n|-ability|p2a: Scolipede|Speed Boost|boost\n|-boost|p2a: Scolipede|spe|1\n|upkeep\n|\n|t:|1642762083\n|switch|p1a: Mamoswine|Mamoswine, F|100\/100\n|turn|4\n|\n|t:|1642762087\n|move|p1a: Mamoswine|Ice Shard|p2a: Scolipede\n|-damage|p2a: Scolipede|7\/100\n|-damage|p1a: Mamoswine|91\/100|[from] item: Life Orb\n|move|p2a: Scolipede|Megahorn|p1a: Mamoswine\n|-damage|p1a: Mamoswine|0 fnt\n|faint|p1a: Mamoswine\n|\n|-ability|p2a: Scolipede|Speed Boost|boost\n|-boost|p2a: Scolipede|spe|1\n|upkeep\n|\n|t:|1642762096\n|switch|p1a: Torkoal|Torkoal, F|100\/100\n|-weather|SunnyDay|[from] ability: Drought|[of] p1a: Torkoal\n|turn|5\n|\n|t:|1642762102\n|move|p2a: Scolipede|Earthquake|p1a: Torkoal\n|-supereffective|p1a: Torkoal\n|-damage|p1a: Torkoal|0 fnt\n|faint|p1a: Torkoal\n|\n|-weather|SunnyDay|[upkeep]\n|-ability|p2a: Scolipede|Speed Boost|boost\n|-boost|p2a: Scolipede|spe|1\n|upkeep\n|\n|t:|1642762108\n|switch|p1a: Venusaur|Venusaur, M, shiny|100\/100\n|turn|6\n|\n|t:|1642762112\n|move|p2a: Scolipede|Megahorn|p1a: Venusaur\n|-damage|p1a: Venusaur|0 fnt\n|faint|p1a: Venusaur\n|\n|-weather|SunnyDay|[upkeep]\n|-ability|p2a: Scolipede|Speed Boost|boost\n|-boost|p2a: Scolipede|spe|1\n|upkeep\n|-message|dogmeatbottle forfeited.\n|\n|win|Ivyon\n|raw|dogmeatbottle's rating: 1341 &rarr; <strong>1326<\/strong><br \/>(-15 for losing)\n|raw|Ivyon's rating: 1432 &rarr; <strong>1447<\/strong><br \/>(+15 for winning)\n|l|\u2606dogmeatbottle\n","uploadtime":1642762123,"views":22,"p1id":"dogmeatbottle","p2id":"ivyon","formatid":"gen8uu","rating":1326,"private":0,"password":null}