{"id":"gen8ou-1668075717","p1":"broked on bricks","p2":"NA Weezing","format":"gen8ou","log":"|j|\u2606broked on bricks\n|j|\u2606NA Weezing\n|t:|1663596211\n|gametype|singles\n|player|p1|broked on bricks|lance-masters|1755\n|player|p2|NA Weezing|170|1799\n|teamsize|p1|6\n|teamsize|p2|6\n|gen|8\n|tier|[Gen 8] OU\n|rated|\n|rule|Sleep Clause Mod: Limit one foe put to sleep\n|rule|Species Clause: Limit one of each Pok\u00e9mon\n|rule|OHKO Clause: OHKO moves are banned\n|rule|Evasion Items Clause: Evasion items are banned\n|rule|Evasion Moves Clause: Evasion moves are banned\n|rule|Endless Battle Clause: Forcing endless battles is banned\n|rule|HP Percentage Mod: HP is shown in percentages\n|rule|Dynamax Clause: You cannot dynamax\n|clearpoke\n|poke|p1|Pelipper, F|\n|poke|p1|Keldeo-Resolute|\n|poke|p1|Dragapult, F|\n|poke|p1|Tapu Lele|\n|poke|p1|Melmetal|\n|poke|p1|Landorus-Therian, M|\n|poke|p2|Pelipper, M|\n|poke|p2|Ferrothorn, F|\n|poke|p2|Zapdos|\n|poke|p2|Barraskewda, F|\n|poke|p2|Crawdaunt, M|\n|poke|p2|Seismitoad, F|\n|teampreview\n|j| Alnico\n|c|\u2606broked on bricks|glhf\n|\n|t:|1663596228\n|start\n|switch|p1a: OC Horse|Keldeo-Resolute|100\/100\n|switch|p2a: Barraskewda|Barraskewda, F|100\/100\n|turn|1\n|c| Alnico|glhf comrade\n|\n|t:|1663596234\n|switch|p1a: PENTADACTYL LIMB|Pelipper, F|100\/100\n|-weather|RainDance|[from] ability: Drizzle|[of] p1a: PENTADACTYL LIMB\n|move|p2a: Barraskewda|Flip Turn|p1a: PENTADACTYL LIMB\n|-resisted|p1a: PENTADACTYL LIMB\n|-damage|p1a: PENTADACTYL LIMB|52\/100\n|c| Alnico|Ok straight up going for the flip turn barra not a good play\n|c|\u2606broked on bricks|what\n|c|\u2606broked on bricks|ye it is\n|c|\u2606broked on bricks|keld is slower and he gets chip for free vs it\n|c| Alnico|Idk but I dont think so\n|c|\u2606broked on bricks|he can also react to me staying in cos that gives him info about what I'm likely to do\n|j| 654654m\n|\n|t:|1663596308\n|switch|p2a: Seismitoad|Seismitoad, F|100\/100|[from]move: Flip Turn\n|\n|-weather|RainDance|[upkeep]\n|upkeep\n|turn|2\n|c|\u2606broked on bricks|so it's a lot better than hard switching\n|c| Alnico|Um ok ig\n|c| Alnico|continue\n|\n|t:|1663596328\n|switch|p1a: Dragopult|Dragapult, F|100\/100\n|move|p2a: Seismitoad|Weather Ball|p1a: Dragopult\n|-resisted|p1a: Dragopult\n|-damage|p1a: Dragopult|46\/100\n|-damage|p2a: Seismitoad|91\/100|[from] item: Life Orb\n|\n|-weather|RainDance|[upkeep]\n|upkeep\n|turn|3\n|\n|t:|1663596335\n|switch|p1a: PENTADACTYL LIMB|Pelipper, F|52\/100\n|move|p2a: Seismitoad|Weather Ball|p1a: PENTADACTYL LIMB\n|-resisted|p1a: PENTADACTYL LIMB\n|-damage|p1a: PENTADACTYL LIMB|0 fnt\n|faint|p1a: PENTADACTYL LIMB\n|-damage|p2a: Seismitoad|81\/100|[from] item: Life Orb\n|\n|-weather|RainDance|[upkeep]\n|upkeep\n|\n|t:|1663596345\n|switch|p1a: OC Horse|Keldeo-Resolute|100\/100\n|turn|4\n|c| Alnico|Broked I meant going for barraskewda from the start\n|c| Alnico|I didnt mean to say flip turn is bad\n|c|\u2606broked on bricks|nah that's a standard play\n|c|\u2606broked on bricks|esp vs other weather teams\n|c|\u2606broked on bricks|trust\n|c| Alnico|Im basically saying\n|j| Ragnnis\n|c| Alnico|Going for barraskewda on the first run is bd\n|c|\u2606broked on bricks|bro talk to me about this on priv msg\n|c| Alnico|Ohk sry\n|\n|t:|1663596413\n|move|p2a: Seismitoad|Power Whip|p1a: OC Horse\n|-supereffective|p1a: OC Horse\n|-crit|p1a: OC Horse\n|-damage|p1a: OC Horse|0 fnt\n|faint|p1a: OC Horse\n|-damage|p2a: Seismitoad|71\/100|[from] item: Life Orb\n|\n|-weather|RainDance|[upkeep]\n|upkeep\n|c|\u2606broked on bricks|psycho set wtaf\n|c|\u2606broked on bricks|lol\n|\n|t:|1663596425\n|switch|p1a: These Bolts|Melmetal|100\/100\n|turn|5\n|c|\u2606broked on bricks|mixed toad for what like\n|c|\u2606broked on bricks|gastrodon?\n|c|\u2606NA Weezing|yh\n|c|\u2606broked on bricks|true mfs run it on everything nowadays I respect it\n|c|\u2606NA Weezing|rotom wash also\n|c|\u2606broked on bricks|welp I def needed keld\n|\n|t:|1663596490\n|switch|p2a: Ferrothorn|Ferrothorn, F|100\/100\n|move|p1a: These Bolts|Protect||[still]\n|-fail|p1a: These Bolts\n|\n|-weather|none\n|upkeep\n|turn|6\n|\n|t:|1663596503\n|move|p1a: These Bolts|Earthquake|p2a: Ferrothorn\n|-damage|p2a: Ferrothorn|78\/100\n|move|p2a: Ferrothorn|Stealth Rock|p1a: These Bolts\n|-sidestart|p1: broked on bricks|move: Stealth Rock\n|\n|upkeep\n|turn|7\n|\n|t:|1663596510\n|switch|p1a: SWAG LIKE OHIO|Landorus-Therian, M|100\/100\n|-damage|p1a: SWAG LIKE OHIO|88\/100|[from] Stealth Rock\n|-ability|p1a: SWAG LIKE OHIO|Intimidate|boost\n|-unboost|p2a: Ferrothorn|atk|1\n|move|p2a: Ferrothorn|Leech Seed|p1a: SWAG LIKE OHIO\n|-start|p1a: SWAG LIKE OHIO|move: Leech Seed\n|\n|-damage|p1a: SWAG LIKE OHIO|76\/100|[from] Leech Seed|[of] p2a: Ferrothorn\n|-heal|p2a: Ferrothorn|91\/100|[silent]\n|upkeep\n|turn|8\n|\n|t:|1663596514\n|switch|p2a: Pelipper|Pelipper, M|100\/100\n|-weather|RainDance|[from] ability: Drizzle|[of] p2a: Pelipper\n|move|p1a: SWAG LIKE OHIO|Defog|p2a: Pelipper\n|-unboost|p2a: Pelipper|evasion|1\n|-sideend|p1: broked on bricks|Stealth Rock|[from] move: Defog|[of] p1a: SWAG LIKE OHIO\n|\n|-weather|RainDance|[upkeep]\n|-damage|p1a: SWAG LIKE OHIO|64\/100|[from] Leech Seed|[of] p2a: Pelipper\n|upkeep\n|turn|9\n|\n|t:|1663596519\n|move|p1a: SWAG LIKE OHIO|Knock Off|p2a: Pelipper\n|-damage|p2a: Pelipper|65\/100\n|-enditem|p2a: Pelipper|Damp Rock|[from] move: Knock Off|[of] p1a: SWAG LIKE OHIO\n|move|p2a: Pelipper|U-turn|p1a: SWAG LIKE OHIO\n|-resisted|p1a: SWAG LIKE OHIO\n|-damage|p1a: SWAG LIKE OHIO|59\/100\n|-enditem|p1a: SWAG LIKE OHIO|Eject Button\n|\n|t:|1663596523\n|switch|p1a: Dragopult|Dragapult, F|46\/100\n|\n|-weather|RainDance|[upkeep]\n|upkeep\n|turn|10\n|\n|t:|1663596534\n|switch|p2a: Crawdaunt|Crawdaunt, M|100\/100\n|move|p1a: Dragopult|Thunder|p2a: Crawdaunt\n|-supereffective|p2a: Crawdaunt\n|-damage|p2a: Crawdaunt|0 fnt\n|faint|p2a: Crawdaunt\n|\n|-weather|RainDance|[upkeep]\n|upkeep\n|\n|t:|1663596535\n|switch|p2a: Barraskewda|Barraskewda, F|100\/100\n|turn|11\n|j| AirOneee\n|\n|t:|1663596559\n|switch|p1a: These Bolts|Melmetal|100\/100\n|move|p2a: Barraskewda|Flip Turn|p1a: These Bolts\n|-damage|p1a: These Bolts|56\/100\n|\n|t:|1663596564\n|switch|p2a: Seismitoad|Seismitoad, F|71\/100|[from]move: Flip Turn\n|\n|-weather|RainDance|[upkeep]\n|-heal|p1a: These Bolts|63\/100|[from] item: Leftovers\n|upkeep\n|turn|12\n|\n|t:|1663596573\n|move|p1a: These Bolts|Protect|p1a: These Bolts\n|-singleturn|p1a: These Bolts|Protect\n|move|p2a: Seismitoad|Weather Ball|p1a: These Bolts\n|-activate|p1a: These Bolts|move: Protect\n|\n|-weather|RainDance|[upkeep]\n|-heal|p1a: These Bolts|69\/100|[from] item: Leftovers\n|upkeep\n|turn|13\n|\n|t:|1663596578\n|switch|p1a: SWAG LIKE OHIO|Landorus-Therian, M|59\/100\n|-ability|p1a: SWAG LIKE OHIO|Intimidate|boost\n|-unboost|p2a: Seismitoad|atk|1\n|move|p2a: Seismitoad|Earth Power|p1a: SWAG LIKE OHIO\n|-immune|p1a: SWAG LIKE OHIO\n|\n|-weather|RainDance|[upkeep]\n|upkeep\n|turn|14\n|\n|t:|1663596587\n|move|p2a: Seismitoad|Weather Ball|p1a: SWAG LIKE OHIO\n|-supereffective|p1a: SWAG LIKE OHIO\n|-damage|p1a: SWAG LIKE OHIO|0 fnt\n|faint|p1a: SWAG LIKE OHIO\n|-damage|p2a: Seismitoad|61\/100|[from] item: Life Orb\n|\n|-weather|RainDance|[upkeep]\n|upkeep\n|\n|t:|1663596591\n|switch|p1a: These Bolts|Melmetal|69\/100\n|turn|15\n|\n|t:|1663596595\n|move|p1a: These Bolts|Protect|p1a: These Bolts\n|-singleturn|p1a: These Bolts|Protect\n|move|p2a: Seismitoad|Earth Power|p1a: These Bolts\n|-activate|p1a: These Bolts|move: Protect\n|\n|-weather|none\n|-heal|p1a: These Bolts|75\/100|[from] item: Leftovers\n|upkeep\n|turn|16\n|l| Alnico\n|\n|t:|1663596600\n|move|p2a: Seismitoad|Earth Power|p1a: These Bolts\n|-supereffective|p1a: These Bolts\n|-damage|p1a: These Bolts|0 fnt\n|faint|p1a: These Bolts\n|-damage|p2a: Seismitoad|51\/100|[from] item: Life Orb\n|\n|upkeep\n|\n|t:|1663596603\n|switch|p1a: Lele Wulong|Tapu Lele|100\/100\n|-fieldstart|move: Psychic Terrain|[from] ability: Psychic Surge|[of] p1a: Lele Wulong\n|turn|17\n|\n|t:|1663596609\n|switch|p2a: Pelipper|Pelipper, M|65\/100\n|-weather|RainDance|[from] ability: Drizzle|[of] p2a: Pelipper\n|move|p1a: Lele Wulong|Psychic|p2a: Pelipper\n|-damage|p2a: Pelipper|3\/100\n|\n|-weather|RainDance|[upkeep]\n|upkeep\n|turn|18\n|\n|t:|1663596615\n|move|p1a: Lele Wulong|Psychic|p2a: Pelipper\n|-damage|p2a: Pelipper|0 fnt\n|faint|p2a: Pelipper\n|\n|-weather|RainDance|[upkeep]\n|upkeep\n|\n|t:|1663596617\n|switch|p2a: Barraskewda|Barraskewda, F|100\/100\n|turn|19\n|\n|t:|1663596619\n|move|p2a: Barraskewda|Liquidation|p1a: Lele Wulong\n|-damage|p1a: Lele Wulong|0 fnt\n|faint|p1a: Lele Wulong\n|\n|-weather|RainDance|[upkeep]\n|upkeep\n|\n|t:|1663596621\n|switch|p1a: Dragopult|Dragapult, F|46\/100\n|turn|20\n|c|\u2606broked on bricks|ggs\n|c|\u2606NA Weezing|gg\n|c|\u2606broked on bricks|this is a wash without keld\n|j| cscvg\n|\n|t:|1663596630\n|move|p2a: Barraskewda|Liquidation|p1a: Dragopult\n|-resisted|p1a: Dragopult\n|-damage|p1a: Dragopult|0 fnt\n|faint|p1a: Dragopult\n|\n|win|NA Weezing\n|raw|broked on bricks's rating: 1755 &rarr; <strong>1738<\/strong><br \/>(-17 for losing)\n|raw|NA Weezing's rating: 1799 &rarr; <strong>1816<\/strong><br \/>(+17 for winning)\n|l|\u2606broked on bricks\n","uploadtime":1663596639,"views":20,"p1id":"brokedonbricks","p2id":"naweezing","formatid":"gen8ou","rating":1738,"private":0,"password":null}