{"id":"gen8ou-1061172714","p1":"Igotthegat","p2":"kanai19","format":"gen8ou","log":"|j|\u2606Igotthegat\n|j|\u2606kanai19\n|player|p1|Igotthegat|102|1415\n|player|p2|kanai19|101|1390\n|teamsize|p1|6\n|teamsize|p2|6\n|gametype|singles\n|gen|8\n|tier|[Gen 8] OU\n|rated|\n|clearpoke\n|poke|p1|Corviknight, F|\n|poke|p1|Xatu, F|\n|poke|p1|Dugtrio, M|\n|poke|p1|Chandelure, F|\n|poke|p1|Clefable, F|\n|poke|p1|Seismitoad, M|\n|poke|p2|Gengar, F|\n|poke|p2|Bisharp, F|\n|poke|p2|Rotom-Wash|\n|poke|p2|Clefable, M|\n|poke|p2|Mew|\n|poke|p2|Dugtrio, M|\n|rule|Sleep Clause Mod: Limit one foe put to sleep\n|rule|Species Clause: Limit one of each Pok\u00e9mon\n|rule|OHKO Clause: OHKO moves are banned\n|rule|Evasion Moves Clause: Evasion moves are banned\n|rule|Endless Battle Clause: Forcing endless battles is banned\n|rule|HP Percentage Mod: HP is shown in percentages\n|rule|Dynamax Clause: You cannot dynamax\n|teampreview\n|inactive|Battle timer is ON: inactive players will automatically lose when time's up. (requested by kanai19)\n|\n|start\n|switch|p1a: Xatu|Xatu, F|100\/100\n|switch|p2a: Gengar|Gengar, F|100\/100\n|turn|1\n|\n|move|p2a: Gengar|Shadow Ball|p1a: Xatu\n|-supereffective|p1a: Xatu\n|-damage|p1a: Xatu|0 fnt\n|faint|p1a: Xatu\n|\n|upkeep\n|\n|switch|p1a: Seismitoad|Seismitoad, M|100\/100\n|turn|2\n|\n|switch|p2a: Mew|Mew|100\/100\n|move|p1a: Seismitoad|Toxic|p2a: Mew\n|-status|p2a: Mew|tox\n|-activate|p2a: Mew|ability: Synchronize\n|-status|p1a: Seismitoad|tox\n|\n|-damage|p2a: Mew|94\/100 tox|[from] psn\n|-damage|p1a: Seismitoad|94\/100 tox|[from] psn\n|upkeep\n|turn|3\n|\n|switch|p1a: Clefable|Clefable, F|100\/100\n|move|p2a: Mew|U-turn|p1a: Clefable\n|-resisted|p1a: Clefable\n|-damage|p1a: Clefable|91\/100\n|\n|switch|p2a: Bisharp|Bisharp, F|100\/100|[from]move: U-turn\n|\n|upkeep\n|turn|4\n|\n|switch|p1a: Seismitoad|Seismitoad, M|94\/100 tox\n|move|p2a: Bisharp|Stealth Rock|p1a: Seismitoad\n|-sidestart|p1: Igotthegat|move: Stealth Rock\n|\n|-heal|p1a: Seismitoad|100\/100 tox|[from] item: Leftovers\n|-damage|p1a: Seismitoad|94\/100 tox|[from] psn\n|upkeep\n|turn|5\n|\n|switch|p2a: Mew|Mew|94\/100 tox\n|move|p1a: Seismitoad|Earthquake|p2a: Mew\n|-damage|p2a: Mew|73\/100 tox\n|\n|-heal|p1a: Seismitoad|100\/100 tox|[from] item: Leftovers\n|-damage|p2a: Mew|67\/100 tox|[from] psn\n|-damage|p1a: Seismitoad|88\/100 tox|[from] psn\n|upkeep\n|turn|6\n|\n|switch|p1a: Corviknight|Corviknight, F|100\/100\n|-damage|p1a: Corviknight|88\/100|[from] Stealth Rock\n|-ability|p1a: Corviknight|Pressure\n|move|p2a: Mew|Psychic Fangs|p1a: Corviknight\n|-resisted|p1a: Corviknight\n|-damage|p1a: Corviknight|78\/100\n|\n|-heal|p1a: Corviknight|84\/100|[from] item: Leftovers\n|-damage|p2a: Mew|54\/100 tox|[from] psn\n|upkeep\n|turn|7\n|\n|move|p2a: Mew|U-turn|p1a: Corviknight\n|-resisted|p1a: Corviknight\n|-damage|p1a: Corviknight|82\/100\n|\n|switch|p2a: Rotom|Rotom-Wash|100\/100|[from]move: U-turn\n|move|p1a: Corviknight|Defog|p2a: Rotom\n|-unboost|p2a: Rotom|evasion|1\n|-sideend|p1: Igotthegat|Stealth Rock|[from] move: Defog|[of] p1a: Corviknight\n|\n|-heal|p1a: Corviknight|88\/100|[from] item: Leftovers\n|upkeep\n|turn|8\n|\n|switch|p2a: Dugtrio|Dugtrio, M|100\/100\n|switch|p1a: Seismitoad|Seismitoad, M|88\/100 tox\n|\n|-heal|p1a: Seismitoad|94\/100 tox|[from] item: Leftovers\n|-damage|p1a: Seismitoad|88\/100 tox|[from] psn\n|upkeep\n|turn|9\n|\n|move|p2a: Dugtrio|Earthquake|p1a: Seismitoad\n|-damage|p1a: Seismitoad|43\/100 tox\n|move|p1a: Seismitoad|Scald|p2a: Dugtrio\n|-supereffective|p2a: Dugtrio\n|-crit|p2a: Dugtrio\n|-damage|p2a: Dugtrio|0 fnt\n|faint|p2a: Dugtrio\n|\n|-heal|p1a: Seismitoad|49\/100 tox|[from] item: Leftovers\n|-damage|p1a: Seismitoad|37\/100 tox|[from] psn\n|upkeep\n|\n|switch|p2a: Gengar|Gengar, F|100\/100\n|turn|10\n|\n|switch|p1a: Corviknight|Corviknight, F|88\/100\n|-ability|p1a: Corviknight|Pressure\n|move|p2a: Gengar|Shadow Ball|p1a: Corviknight\n|-damage|p1a: Corviknight|56\/100\n|\n|-heal|p1a: Corviknight|62\/100|[from] item: Leftovers\n|upkeep\n|turn|11\n|\n|switch|p2a: Rotom|Rotom-Wash|100\/100\n|move|p1a: Corviknight|U-turn|p2a: Rotom\n|-damage|p2a: Rotom|86\/100\n|\n|switch|p1a: Seismitoad|Seismitoad, M|37\/100 tox|[from]move: U-turn\n|\n|-heal|p2a: Rotom|93\/100|[from] item: Leftovers\n|-heal|p1a: Seismitoad|43\/100 tox|[from] item: Leftovers\n|-damage|p1a: Seismitoad|37\/100 tox|[from] psn\n|upkeep\n|turn|12\n|\n|switch|p2a: Mew|Mew|54\/100 tox\n|switch|p1a: Clefable|Clefable, F|91\/100\n|\n|-damage|p2a: Mew|48\/100 tox|[from] psn\n|upkeep\n|turn|13\n|\n|move|p2a: Mew|U-turn|p1a: Clefable\n|-resisted|p1a: Clefable\n|-damage|p1a: Clefable|82\/100\n|\n|switch|p2a: Bisharp|Bisharp, F|100\/100|[from]move: U-turn\n|move|p1a: Clefable|Moonblast|p2a: Bisharp\n|-enditem|p2a: Bisharp|Focus Sash\n|-damage|p2a: Bisharp|1\/100\n|\n|upkeep\n|turn|14\n|\n|move|p2a: Bisharp|Swords Dance|p2a: Bisharp\n|-boost|p2a: Bisharp|atk|2\n|move|p1a: Clefable|Moonblast|p2a: Bisharp\n|-damage|p2a: Bisharp|0 fnt\n|faint|p2a: Bisharp\n|\n|upkeep\n|\n|switch|p2a: Gengar|Gengar, F|100\/100\n|turn|15\n|\n|move|p2a: Gengar|Shadow Ball|p1a: Clefable\n|-damage|p1a: Clefable|39\/100\n|move|p1a: Clefable|Moonblast|p2a: Gengar\n|-resisted|p2a: Gengar\n|-damage|p2a: Gengar|57\/100\n|\n|upkeep\n|turn|16\n|\n|move|p2a: Gengar|Shadow Ball|p1a: Clefable\n|-damage|p1a: Clefable|0 fnt\n|faint|p1a: Clefable\n|\n|upkeep\n|\n|switch|p1a: Dugtrio|Dugtrio, M|100\/100\n|turn|17\n|\n|switch|p2a: Rotom|Rotom-Wash|93\/100\n|move|p1a: Dugtrio|Earthquake|p2a: Rotom\n|-immune|p2a: Rotom|[from] ability: Levitate\n|\n|-heal|p2a: Rotom|99\/100|[from] item: Leftovers\n|upkeep\n|turn|18\n|\n|switch|p1a: Seismitoad|Seismitoad, M|37\/100 tox\n|switch|p2a: Gengar|Gengar, F|57\/100\n|\n|-heal|p1a: Seismitoad|43\/100 tox|[from] item: Leftovers\n|-damage|p1a: Seismitoad|37\/100 tox|[from] psn\n|upkeep\n|turn|19\n|\n|move|p2a: Gengar|Shadow Ball|p1a: Seismitoad\n|-damage|p1a: Seismitoad|0 fnt\n|faint|p1a: Seismitoad\n|\n|upkeep\n|\n|switch|p1a: Corviknight|Corviknight, F|62\/100\n|-ability|p1a: Corviknight|Pressure\n|turn|20\n|\n|switch|p2a: Mew|Mew|48\/100 tox\n|move|p1a: Corviknight|U-turn|p2a: Mew\n|-supereffective|p2a: Mew\n|-damage|p2a: Mew|29\/100 tox\n|-damage|p1a: Corviknight|45\/100|[from] item: Rocky Helmet|[of] p2a: Mew\n|\n|switch|p1a: Dugtrio|Dugtrio, M|100\/100|[from]move: U-turn\n|\n|-damage|p2a: Mew|23\/100 tox|[from] psn\n|upkeep\n|turn|21\n|\n|switch|p1a: Corviknight|Corviknight, F|45\/100\n|-ability|p1a: Corviknight|Pressure\n|move|p2a: Mew|U-turn|p1a: Corviknight\n|-resisted|p1a: Corviknight\n|-damage|p1a: Corviknight|43\/100\n|\n|switch|p2a: Rotom|Rotom-Wash|99\/100|[from]move: U-turn\n|\n|-heal|p2a: Rotom|100\/100|[from] item: Leftovers\n|-heal|p1a: Corviknight|49\/100|[from] item: Leftovers\n|upkeep\n|turn|22\n|\n|switch|p1a: Dugtrio|Dugtrio, M|100\/100\n|move|p2a: Rotom|Hydro Pump|p1a: Dugtrio\n|-supereffective|p1a: Dugtrio\n|-enditem|p1a: Dugtrio|Focus Sash\n|-damage|p1a: Dugtrio|1\/100\n|\n|upkeep\n|turn|23\n|\n|move|p1a: Dugtrio|Reversal|p2a: Rotom\n|-damage|p2a: Rotom|43\/100\n|move|p2a: Rotom|Hydro Pump|p1a: Dugtrio\n|-supereffective|p1a: Dugtrio\n|-crit|p1a: Dugtrio\n|-damage|p1a: Dugtrio|0 fnt\n|faint|p1a: Dugtrio\n|\n|-heal|p2a: Rotom|49\/100|[from] item: Leftovers\n|upkeep\n|\n|switch|p1a: Chandelure|Chandelure, F|100\/100\n|turn|24\n|\n|switch|p2a: Mew|Mew|23\/100 tox\n|move|p1a: Chandelure|Shadow Ball|p2a: Mew\n|-supereffective|p2a: Mew\n|-damage|p2a: Mew|0 fnt\n|faint|p2a: Mew\n|\n|upkeep\n|\n|switch|p2a: Gengar|Gengar, F|57\/100\n|turn|25\n|\n|move|p2a: Gengar|Shadow Ball|p1a: Chandelure\n|-supereffective|p1a: Chandelure\n|-damage|p1a: Chandelure|0 fnt\n|faint|p1a: Chandelure\n|\n|upkeep\n|-message|Igotthegat forfeited.\n|\n|win|kanai19\n|l|\u2606Igotthegat\n|raw|Igotthegat's rating: 1416 &rarr; <strong>1394<\/strong><br \/>(-22 for losing)\n|raw|kanai19's rating: 1390 &rarr; <strong>1412<\/strong><br \/>(+22 for winning)\n","uploadtime":1581375142,"views":6,"p1id":"igotthegat","p2id":"kanai19","formatid":"gen8ou","rating":1394,"private":0,"password":null}