{"id":"gen8ou-1423559598","p1":"BRIFYE","p2":"Chonk Tom","format":"gen8ou","log":"|j|\u2606BRIFYE\n|j|\u2606Chonk Tom\n|t:|1632562340\n|gametype|singles\n|player|p1|BRIFYE|266|1570\n|player|p2|Chonk Tom|lucas|1682\n|teamsize|p1|6\n|teamsize|p2|6\n|gen|8\n|tier|[Gen 8] OU\n|rated|\n|rule|Sleep Clause Mod: Limit one foe put to sleep\n|rule|Species Clause: Limit one of each Pok\u00e9mon\n|rule|OHKO Clause: OHKO moves are banned\n|rule|Evasion Moves Clause: Evasion moves are banned\n|rule|Endless Battle Clause: Forcing endless battles is banned\n|rule|HP Percentage Mod: HP is shown in percentages\n|rule|Dynamax Clause: You cannot dynamax\n|clearpoke\n|poke|p1|Torkoal, M|\n|poke|p1|Blaziken, F|\n|poke|p1|Heatran, M|\n|poke|p1|Dragapult, M|\n|poke|p1|Venusaur, M|\n|poke|p1|Weavile, F|\n|poke|p2|Heatran, M|\n|poke|p2|Tapu Lele|\n|poke|p2|Corviknight, M|\n|poke|p2|Garchomp, F|\n|poke|p2|Tapu Fini|\n|poke|p2|Dragapult, F|\n|teampreview\n|inactive|Battle timer is ON: inactive players will automatically lose when time's up. (requested by BRIFYE)\n|\n|t:|1632562362\n|start\n|switch|p1a: Dragapult|Dragapult, M|100\/100\n|switch|p2a: Dragapult|Dragapult, F|100\/100\n|turn|1\n|\n|t:|1632562368\n|move|p1a: Dragapult|Shadow Ball|p2a: Dragapult\n|-supereffective|p2a: Dragapult\n|-damage|p2a: Dragapult|0 fnt\n|faint|p2a: Dragapult\n|\n|upkeep\n|\n|t:|1632562376\n|switch|p2a: TPPomp|Garchomp, F|100\/100\n|turn|2\n|\n|t:|1632562386\n|move|p1a: Dragapult|Shadow Ball|p2a: TPPomp\n|-damage|p2a: TPPomp|47\/100\n|move|p2a: TPPomp|Scale Shot|p1a: Dragapult\n|-supereffective|p1a: Dragapult\n|-damage|p1a: Dragapult|64\/100\n|-supereffective|p1a: Dragapult\n|-damage|p1a: Dragapult|28\/100\n|-supereffective|p1a: Dragapult\n|-crit|p1a: Dragapult\n|-damage|p1a: Dragapult|0 fnt\n|faint|p1a: Dragapult\n|-hitcount|p1: Dragapult|3\n|-unboost|p2a: TPPomp|def|1\n|-boost|p2a: TPPomp|spe|1\n|\n|-heal|p2a: TPPomp|53\/100|[from] item: Leftovers\n|upkeep\n|\n|t:|1632562400\n|switch|p1a: Weavile|Weavile, F|100\/100\n|-ability|p1a: Weavile|Pressure\n|turn|3\n|\n|t:|1632562407\n|switch|p2a: Tapu Lele|Tapu Lele|100\/100\n|-fieldstart|move: Psychic Terrain|[from] ability: Psychic Surge|[of] p2a: Tapu Lele\n|move|p1a: Weavile|Ice Shard|p2a: Tapu Lele\n|-activate|p2a: Tapu Lele|move: Psychic Terrain\n|\n|upkeep\n|turn|4\n|\n|t:|1632562420\n|switch|p1a: Torkoal|Torkoal, M|100\/100\n|-weather|SunnyDay|[from] ability: Drought|[of] p1a: Torkoal\n|move|p2a: Tapu Lele|Moonblast|p1a: Torkoal\n|-resisted|p1a: Torkoal\n|-damage|p1a: Torkoal|51\/100\n|\n|-weather|SunnyDay|[upkeep]\n|upkeep\n|turn|5\n|\n|t:|1632562430\n|move|p2a: Tapu Lele|Moonblast|p1a: Torkoal\n|-resisted|p1a: Torkoal\n|-damage|p1a: Torkoal|1\/100\n|-unboost|p1a: Torkoal|spa|1\n|move|p1a: Torkoal|Stealth Rock|p2a: Tapu Lele\n|-sidestart|p2: Chonk Tom|move: Stealth Rock\n|\n|-weather|SunnyDay|[upkeep]\n|upkeep\n|turn|6\n|\n|t:|1632562446\n|switch|p1a: Venusaur|Venusaur, M|100\/100\n|move|p2a: Tapu Lele|Moonblast|p1a: Venusaur\n|-resisted|p1a: Venusaur\n|-damage|p1a: Venusaur|56\/100\n|\n|-weather|SunnyDay|[upkeep]\n|upkeep\n|turn|7\n|\n|t:|1632562454\n|move|p1a: Venusaur|Growth|p1a: Venusaur\n|-boost|p1a: Venusaur|atk|2\n|-boost|p1a: Venusaur|spa|2\n|move|p2a: Tapu Lele|Moonblast|p1a: Venusaur\n|-resisted|p1a: Venusaur\n|-crit|p1a: Venusaur\n|-damage|p1a: Venusaur|0 fnt\n|faint|p1a: Venusaur\n|\n|-weather|SunnyDay|[upkeep]\n|-fieldend|move: Psychic Terrain\n|upkeep\n|c|\u2606BRIFYE|...\n|\n|t:|1632562465\n|switch|p1a: Heatran|Heatran, M|100\/100\n|-item|p1a: Heatran|Air Balloon\n|turn|8\n|\n|t:|1632562475\n|move|p2a: Tapu Lele|Moonblast|p1a: Heatran\n|-resisted|p1a: Heatran\n|-damage|p1a: Heatran|87\/100\n|-enditem|p1a: Heatran|Air Balloon\n|move|p1a: Heatran|Earth Power|p2a: Tapu Lele\n|-damage|p2a: Tapu Lele|72\/100\n|\n|-weather|SunnyDay|[upkeep]\n|upkeep\n|turn|9\n|\n|t:|1632562483\n|switch|p2a: Heatran|Heatran, M|100\/100\n|-damage|p2a: Heatran|88\/100|[from] Stealth Rock\n|move|p1a: Heatran|Earth Power|p2a: Heatran\n|-supereffective|p2a: Heatran\n|-damage|p2a: Heatran|22\/100\n|\n|-weather|SunnyDay|[upkeep]\n|-heal|p2a: Heatran|28\/100|[from] item: Leftovers\n|upkeep\n|turn|10\n|\n|t:|1632562499\n|switch|p2a: Tapu Fini|Tapu Fini|100\/100\n|-damage|p2a: Tapu Fini|88\/100|[from] Stealth Rock\n|-fieldstart|move: Misty Terrain|[from] ability: Misty Surge|[of] p2a: Tapu Fini\n|move|p1a: Heatran|Earth Power|p2a: Tapu Fini\n|-damage|p2a: Tapu Fini|69\/100\n|\n|-weather|SunnyDay|[upkeep]\n|-heal|p2a: Tapu Fini|75\/100|[from] item: Leftovers\n|upkeep\n|turn|11\n|\n|t:|1632562509\n|move|p2a: Tapu Fini|Nature's Madness|p1a: Heatran\n|-damage|p1a: Heatran|44\/100\n|move|p1a: Heatran|Magma Storm|p2a: Tapu Fini\n|-resisted|p2a: Tapu Fini\n|-damage|p2a: Tapu Fini|51\/100\n|-activate|p2a: Tapu Fini|move: Magma Storm|[of] p1a: Heatran\n|\n|-weather|none\n|-heal|p2a: Tapu Fini|57\/100|[from] item: Leftovers\n|-damage|p2a: Tapu Fini|45\/100|[from] move: Magma Storm|[partiallytrapped]\n|upkeep\n|turn|12\n|\n|t:|1632562521\n|move|p2a: Tapu Fini|Taunt|p1a: Heatran\n|-start|p1a: Heatran|move: Taunt\n|cant|p1a: Heatran|move: Taunt|Taunt\n|\n|-heal|p2a: Tapu Fini|51\/100|[from] item: Leftovers\n|-damage|p2a: Tapu Fini|38\/100|[from] move: Magma Storm|[partiallytrapped]\n|upkeep\n|turn|13\n|\n|t:|1632562527\n|move|p2a: Tapu Fini|Nature's Madness|p1a: Heatran\n|-damage|p1a: Heatran|22\/100\n|move|p1a: Heatran|Earth Power|p2a: Tapu Fini\n|-damage|p2a: Tapu Fini|19\/100\n|\n|-heal|p2a: Tapu Fini|25\/100|[from] item: Leftovers\n|-damage|p2a: Tapu Fini|12\/100|[from] move: Magma Storm|[partiallytrapped]\n|upkeep\n|turn|14\n|\n|t:|1632562536\n|move|p2a: Tapu Fini|Nature's Madness|p1a: Heatran\n|-damage|p1a: Heatran|11\/100\n|move|p1a: Heatran|Earth Power|p2a: Tapu Fini\n|-damage|p2a: Tapu Fini|0 fnt\n|faint|p2a: Tapu Fini\n|\n|-end|p1a: Heatran|move: Taunt\n|-fieldend|Misty Terrain\n|upkeep\n|\n|t:|1632562561\n|switch|p2a: TPPomp|Garchomp, F|53\/100\n|-damage|p2a: TPPomp|47\/100|[from] Stealth Rock\n|turn|15\n|\n|t:|1632562568\n|move|p2a: TPPomp|Scale Shot|p1a: Heatran\n|-resisted|p1a: Heatran\n|-damage|p1a: Heatran|6\/100\n|-resisted|p1a: Heatran\n|-damage|p1a: Heatran|1\/100\n|-resisted|p1a: Heatran\n|-damage|p1a: Heatran|0 fnt\n|faint|p1a: Heatran\n|-hitcount|p1: Heatran|3\n|-unboost|p2a: TPPomp|def|1\n|-boost|p2a: TPPomp|spe|1\n|\n|-heal|p2a: TPPomp|53\/100|[from] item: Leftovers\n|upkeep\n|\n|t:|1632562580\n|switch|p1a: Weavile|Weavile, F|100\/100\n|-ability|p1a: Weavile|Pressure\n|turn|16\n|\n|t:|1632562586\n|switch|p2a: Heatran|Heatran, M|28\/100\n|-damage|p2a: Heatran|16\/100|[from] Stealth Rock\n|move|p1a: Weavile|Swords Dance|p1a: Weavile\n|-boost|p1a: Weavile|atk|2\n|\n|-heal|p2a: Heatran|22\/100|[from] item: Leftovers\n|upkeep\n|turn|17\n|\n|t:|1632562594\n|move|p1a: Weavile|Knock Off|p2a: Heatran\n|-damage|p2a: Heatran|0 fnt\n|-enditem|p2a: Heatran|Leftovers|[from] move: Knock Off|[of] p1a: Weavile\n|faint|p2a: Heatran\n|\n|upkeep\n|\n|t:|1632562598\n|switch|p2a: Corviknight|Corviknight, M|100\/100\n|-damage|p2a: Corviknight|88\/100|[from] Stealth Rock\n|-ability|p2a: Corviknight|Pressure\n|turn|18\n|\n|t:|1632562603\n|move|p1a: Weavile|Knock Off|p2a: Corviknight\n|-damage|p2a: Corviknight|23\/100\n|-enditem|p2a: Corviknight|Leftovers|[from] move: Knock Off|[of] p1a: Weavile\n|move|p2a: Corviknight|Defog|p1a: Weavile\n|-unboost|p1a: Weavile|evasion|1\n|-sideend|p2: Chonk Tom|Stealth Rock|[from] move: Defog|[of] p2a: Corviknight\n|\n|upkeep\n|turn|19\n|\n|t:|1632562611\n|move|p1a: Weavile|Knock Off|p2a: Corviknight\n|-damage|p2a: Corviknight|0 fnt\n|faint|p2a: Corviknight\n|\n|upkeep\n|\n|t:|1632562614\n|switch|p2a: Tapu Lele|Tapu Lele|72\/100\n|-fieldstart|move: Psychic Terrain|[from] ability: Psychic Surge|[of] p2a: Tapu Lele\n|turn|20\n|\n|t:|1632562618\n|move|p1a: Weavile|Knock Off|p2a: Tapu Lele\n|-damage|p2a: Tapu Lele|0 fnt\n|-enditem|p2a: Tapu Lele|Choice Specs|[from] move: Knock Off|[of] p1a: Weavile\n|faint|p2a: Tapu Lele\n|\n|upkeep\n|\n|t:|1632562620\n|switch|p2a: TPPomp|Garchomp, F|53\/100\n|turn|21\n|\n|t:|1632562626\n|move|p1a: Weavile|Knock Off|p2a: TPPomp\n|-damage|p2a: TPPomp|0 fnt\n|-damage|p1a: Weavile|88\/100|[from] ability: Rough Skin|[of] p2a: TPPomp\n|-enditem|p2a: TPPomp|Leftovers|[from] move: Knock Off|[of] p1a: Weavile\n|faint|p2a: TPPomp\n|\n|win|BRIFYE\n|raw|BRIFYE's rating: 1570 &rarr; <strong>1596<\/strong><br \/>(+26 for winning)\n|raw|Chonk Tom's rating: 1682 &rarr; <strong>1656<\/strong><br \/>(-26 for losing)\n","uploadtime":1632562630,"views":32,"p1id":"brifye","p2id":"chonktom","formatid":"gen8ou","rating":1596,"private":0,"password":null}