{"id":"gen8nationaldexuu-1387738868","p1":"LT84JM Elfuseon","p2":"BaddyGames","format":"gen8nationaldexuu","log":"|raw|<div class=\"broadcast-blue\"><strong>This battle is required to be public due to a player having a name starting with 'lt84jm'.<\/div>\n|j|\u2606LT84JM Elfuseon\n|j|\u2606BaddyGames\n|t:|1627766441\n|gametype|singles\n|player|p1|LT84JM Elfuseon|cyclist|\n|player|p2|BaddyGames|275|\n|teamsize|p1|6\n|teamsize|p2|6\n|gen|8\n|tier|[Gen 8] National Dex UU\n|rule|HP Percentage Mod: HP is shown in percentages\n|rule|Endless Battle Clause: Forcing endless battles is banned\n|rule|OHKO Clause: OHKO moves are banned\n|rule|Evasion Moves Clause: Evasion moves are banned\n|rule|Species Clause: Limit one of each Pok\u00e9mon\n|rule|Dynamax Clause: You cannot dynamax\n|rule|Sleep Clause Mod: Limit one foe put to sleep\n|clearpoke\n|poke|p1|Ninetales-Alola, F|\n|poke|p1|Necrozma|\n|poke|p1|Polteageist|\n|poke|p1|Nihilego|\n|poke|p1|Krookodile, F|\n|poke|p1|Pidgeot, M|\n|poke|p2|Skarmory, F|\n|poke|p2|Tangrowth, M|\n|poke|p2|Slowking-Galar, M|\n|poke|p2|Manectric, M|\n|poke|p2|Melmetal|\n|poke|p2|Urshifu-*, M|\n|teampreview\n|c|\u2606BaddyGames|hf\n|c|\u2606LT84JM Elfuseon|Hf\n|\n|t:|1627766471\n|start\n|switch|p1a: Krookodile|Krookodile, F|100\/100\n|switch|p2a: Urshifu|Urshifu-Rapid-Strike, M|100\/100\n|-ability|p1a: Krookodile|Intimidate|boost\n|-unboost|p2a: Urshifu|atk|1\n|turn|1\n|inactive|Battle timer is ON: inactive players will automatically lose when time's up. (requested by BaddyGames)\n|\n|t:|1627766481\n|move|p2a: Urshifu|Surging Strikes|p1a: Krookodile\n|-supereffective|p1a: Krookodile\n|-crit|p1a: Krookodile\n|-damage|p1a: Krookodile|32\/100\n|-supereffective|p1a: Krookodile\n|-crit|p1a: Krookodile\n|-damage|p1a: Krookodile|0 fnt\n|faint|p1a: Krookodile\n|-hitcount|p1: Krookodile|2\n|\n|upkeep\n|\n|t:|1627766486\n|switch|p1a: Ninetales|Ninetales-Alola, F|100\/100\n|-weather|Hail|[from] ability: Snow Warning|[of] p1a: Ninetales\n|turn|2\n|\n|t:|1627766490\n|switch|p2a: Melmetal|Melmetal|100\/100\n|move|p1a: Ninetales|Aurora Veil|p1a: Ninetales\n|-sidestart|p1: LT84JM Elfuseon|move: Aurora Veil\n|\n|-weather|Hail|[upkeep]\n|-damage|p2a: Melmetal|94\/100|[from] Hail\n|upkeep\n|turn|3\n|\n|t:|1627766496\n|move|p1a: Ninetales|Hypnosis|p2a: Melmetal|[miss]\n|-miss|p1a: Ninetales|p2a: Melmetal\n|move|p2a: Melmetal|Double Iron Bash|p1a: Ninetales\n|-supereffective|p1a: Ninetales\n|-crit|p1a: Ninetales\n|-damage|p1a: Ninetales|0 fnt\n|faint|p1a: Ninetales\n|-hitcount|p1: Ninetales|1\n|\n|-weather|Hail|[upkeep]\n|-damage|p2a: Melmetal|88\/100|[from] Hail\n|upkeep\n|\n|t:|1627766524\n|switch|p1a: Polteageist|Polteageist|100\/100\n|turn|4\n|\n|t:|1627766529\n|move|p1a: Polteageist|Shell Smash|p1a: Polteageist\n|-unboost|p1a: Polteageist|def|1\n|-unboost|p1a: Polteageist|spd|1\n|-boost|p1a: Polteageist|atk|2\n|-boost|p1a: Polteageist|spa|2\n|-boost|p1a: Polteageist|spe|2\n|-enditem|p1a: Polteageist|White Herb\n|-clearnegativeboost|p1a: Polteageist|[silent]\n|move|p2a: Melmetal|Double Iron Bash|p1a: Polteageist\n|-damage|p1a: Polteageist|63\/100\n|-damage|p1a: Polteageist|27\/100\n|-hitcount|p1a: Polteageist|2\n|\n|-weather|Hail|[upkeep]\n|-damage|p1a: Polteageist|21\/100|[from] Hail\n|-damage|p2a: Melmetal|82\/100|[from] Hail\n|upkeep\n|turn|5\n|\n|t:|1627766541\n|switch|p2a: Skarmory|Skarmory, F|100\/100\n|move|p1a: Polteageist|Strength Sap|p2a: Skarmory\n|-unboost|p2a: Skarmory|atk|1\n|-heal|p1a: Polteageist|78\/100\n|\n|-weather|Hail|[upkeep]\n|-damage|p1a: Polteageist|72\/100|[from] Hail\n|-damage|p2a: Skarmory|95\/100|[from] Hail\n|upkeep\n|turn|6\n|\n|t:|1627766548\n|move|p1a: Polteageist|Shadow Ball|p2a: Skarmory\n|-damage|p2a: Skarmory|0 fnt\n|faint|p2a: Skarmory\n|\n|-weather|none\n|upkeep\n|\n|t:|1627766559\n|switch|p2a: Melmetal|Melmetal|82\/100\n|turn|7\n|inactive|LT84JM Elfuseon has 270 seconds left.\n|\n|t:|1627766610\n|move|p1a: Polteageist|Strength Sap|p2a: Melmetal\n|-unboost|p2a: Melmetal|atk|1\n|-heal|p1a: Polteageist|100\/100\n|move|p2a: Melmetal|Thunder Wave|p1a: Polteageist\n|-status|p1a: Polteageist|par\n|\n|upkeep\n|turn|8\n|\n|t:|1627766625\n|switch|p2a: Slowking|Slowking-Galar, M|100\/100\n|move|p1a: Polteageist|Shell Smash|p1a: Polteageist\n|-unboost|p1a: Polteageist|def|1\n|-unboost|p1a: Polteageist|spd|1\n|-boost|p1a: Polteageist|atk|2\n|-boost|p1a: Polteageist|spa|2\n|-boost|p1a: Polteageist|spe|2\n|\n|upkeep\n|turn|9\n|\n|t:|1627766639\n|move|p1a: Polteageist|Shadow Ball|p2a: Slowking\n|-supereffective|p2a: Slowking\n|-damage|p2a: Slowking|0 fnt\n|faint|p2a: Slowking\n|\n|-sideend|p1: LT84JM Elfuseon|move: Aurora Veil\n|upkeep\n|\n|t:|1627766641\n|switch|p2a: Melmetal|Melmetal|82\/100\n|turn|10\n|\n|t:|1627766646\n|cant|p1a: Polteageist|par\n|move|p2a: Melmetal|Double Iron Bash|p1a: Polteageist\n|-damage|p1a: Polteageist|0 fnt\n|-start|p2a: Melmetal|Disable|Double Iron Bash|[from] ability: Cursed Body|[of] p1a: Polteageist\n|faint|p1a: Polteageist\n|-hitcount|p1: Polteageist|1\n|\n|upkeep\n|inactive|LT84JM Elfuseon has 240 seconds left.\n|\n|t:|1627766699\n|switch|p1a: Necrozma|Necrozma|100\/100\n|turn|11\n|\n|t:|1627766705\n|move|p1a: Necrozma|Dragon Dance|p1a: Necrozma\n|-boost|p1a: Necrozma|atk|1\n|-boost|p1a: Necrozma|spe|1\n|move|p2a: Melmetal|Thunder Wave|p1a: Necrozma\n|-status|p1a: Necrozma|par\n|-enditem|p1a: Necrozma|Lum Berry|[eat]\n|-curestatus|p1a: Necrozma|par|[msg]\n|\n|upkeep\n|turn|12\n|inactive|LT84JM Elfuseon has 210 seconds left.\n|\n|t:|1627766736\n|move|p1a: Necrozma|Earthquake|p2a: Melmetal\n|-supereffective|p2a: Melmetal\n|-damage|p2a: Melmetal|22\/100\n|move|p2a: Melmetal|Thunder Wave|p1a: Necrozma\n|-status|p1a: Necrozma|par\n|\n|upkeep\n|turn|13\n|inactive|LT84JM Elfuseon has 210 seconds left.\n|\n|t:|1627766752\n|move|p1a: Necrozma|Photon Geyser|p2a: Melmetal\n|-resisted|p2a: Melmetal\n|-damage|p2a: Melmetal|0 fnt\n|faint|p2a: Melmetal\n|\n|upkeep\n|inactive|BaddyGames has 270 seconds left.\n|\n|t:|1627766788\n|switch|p2a: Urshifu|Urshifu-Rapid-Strike, M|100\/100\n|turn|14\n|inactive|LT84JM Elfuseon has 210 seconds left.\n|\n|t:|1627766811\n|move|p2a: Urshifu|U-turn|p1a: Necrozma\n|-supereffective|p1a: Necrozma\n|-damage|p1a: Necrozma|49\/100 par\n|\n|t:|1627766826\n|switch|p2a: Tangrowth|Tangrowth, M|100\/100|[from]move: U-turn\n|cant|p1a: Necrozma|par\n|\n|upkeep\n|turn|15\n|inactive|LT84JM Elfuseon has 210 seconds left.\n|\n|t:|1627766835\n|move|p1a: Necrozma|Photon Geyser|p2a: Tangrowth\n|-damage|p2a: Tangrowth|51\/100\n|move|p2a: Tangrowth|Giga Drain|p1a: Necrozma\n|-crit|p1a: Necrozma\n|-damage|p1a: Necrozma|6\/100 par\n|-heal|p2a: Tangrowth|69\/100|[from] drain|[of] p1a: Necrozma\n|\n|upkeep\n|turn|16\n|\n|t:|1627766844\n|move|p1a: Necrozma|X-Scissor|p2a: Tangrowth\n|-supereffective|p2a: Tangrowth\n|-damage|p2a: Tangrowth|17\/100\n|move|p2a: Tangrowth|Giga Drain|p1a: Necrozma\n|-damage|p1a: Necrozma|0 fnt\n|-heal|p2a: Tangrowth|20\/100|[from] drain|[of] p1a: Necrozma\n|faint|p1a: Necrozma\n|\n|upkeep\n|\n|t:|1627766849\n|switch|p1a: Nihilego|Nihilego|100\/100\n|turn|17\n|\n|t:|1627766857\n|switch|p2a: Manectric|Manectric, M|100\/100\n|move|p1a: Nihilego|Meteor Beam||[still]\n|-prepare|p1a: Nihilego|Meteor Beam\n|-boost|p1a: Nihilego|spa|1\n|-enditem|p1a: Nihilego|Power Herb\n|-anim|p1a: Nihilego|Meteor Beam|p2a: Manectric\n|-damage|p2a: Manectric|0 fnt\n|faint|p2a: Manectric\n|-ability|p1a: Nihilego|Beast Boost|boost\n|-boost|p1a: Nihilego|spe|1\n|\n|upkeep\n|\n|t:|1627766867\n|switch|p2a: Urshifu|Urshifu-Rapid-Strike, M|100\/100\n|turn|18\n|\n|t:|1627766871\n|move|p2a: Urshifu|Aqua Jet|p1a: Nihilego\n|-supereffective|p1a: Nihilego\n|-damage|p1a: Nihilego|5\/100\n|move|p1a: Nihilego|Thunderbolt|p2a: Urshifu\n|-supereffective|p2a: Urshifu\n|-damage|p2a: Urshifu|0 fnt\n|faint|p2a: Urshifu\n|-ability|p1a: Nihilego|Beast Boost|boost\n|-boost|p1a: Nihilego|spe|1\n|\n|upkeep\n|\n|t:|1627766875\n|switch|p2a: Tangrowth|Tangrowth, M|53\/100\n|turn|19\n|\n|t:|1627766877\n|move|p1a: Nihilego|Sludge Wave|p2a: Tangrowth\n|-supereffective|p2a: Tangrowth\n|-damage|p2a: Tangrowth|0 fnt\n|faint|p2a: Tangrowth\n|\n|win|LT84JM Elfuseon\n|c|\u2606BaddyGames|gg\n|c|\u2606LT84JM Elfuseon|Gg\n","uploadtime":1627766883,"views":15,"p1id":"lt84jmelfuseon","p2id":"baddygames","formatid":"gen8nationaldexuu","rating":0,"private":0,"password":null}