{"id":"gen8balancedhackmons-1082611393","p1":"ferromolybdenum","p2":"KoolGuy47","format":"gen8balancedhackmons","log":"|j|\u2606ferromolybdenum\n|j|\u2606KoolGuy47\n|player|p1|ferromolybdenum|lucas|1475\n|player|p2|KoolGuy47|colress-gen7|1361\n|teamsize|p1|6\n|teamsize|p2|6\n|gametype|singles\n|gen|8\n|tier|[Gen 8] Balanced Hackmons\n|rated|\n|html|<div class=\"broadcast-red\"><strong>Balanced Hackmons is currently suspecting Dynamax! For information on how to participate check out the <a href=\"https:\/\/www.smogon.com\/forums\/threads\/3661121\/\">suspect thread<\/a>.<\/strong><\/div>\n|rule|OHKO Clause: OHKO moves are banned\n|rule|Evasion Moves Clause: Evasion moves are banned\n|rule|Forme Clause: Limit one of each forme of a Pok\u00e9mon\n|clearpoke\n|poke|p1|Kyurem-Black|\n|poke|p1|Zeraora|\n|poke|p1|Melmetal|\n|poke|p1|Sylveon, F|\n|poke|p1|Reshiram|\n|poke|p1|Seismitoad, F|\n|poke|p2|Darmanitan-Galar-Zen, F|\n|poke|p2|Darmanitan-Zen, F|\n|poke|p2|Wishiwashi-School, M|\n|poke|p2|Dragapult, M|\n|poke|p2|Zeraora|\n|poke|p2|Zamazenta-Crowned|\n|rule|HP Percentage Mod: HP is shown in percentages\n|rule|Sleep Clause Mod: Limit one foe put to sleep\n|rule|Endless Battle Clause: Forcing endless battles is banned\n|teampreview\n|\n|start\n|switch|p1a: Zeraora|Zeraora|100\/100\n|switch|p2a: Darmanitan-Galar-Z|Darmanitan-Galar-Zen, F|100\/100\n|-ability|p1a: Zeraora|Intrepid Sword|boost\n|-boost|p1a: Zeraora|atk|1\n|turn|1\n|\n|move|p2a: Darmanitan-Galar-Z|Ice Shard|p1a: Zeraora\n|-damage|p1a: Zeraora|56\/100\n|move|p1a: Zeraora|Bolt Beak|p2a: Darmanitan-Galar-Z\n|-damage|p2a: Darmanitan-Galar-Z|20\/100\n|\n|upkeep\n|turn|2\n|\n|switch|p1a: Seismitoad|Seismitoad, F|100\/100\n|move|p2a: Darmanitan-Galar-Z|Ice Shard|p1a: Seismitoad\n|-damage|p1a: Seismitoad|82\/100\n|\n|-heal|p1a: Seismitoad|88\/100|[from] item: Leftovers\n|upkeep\n|turn|3\n|\n|switch|p2a: Dragapult|Dragapult, M|100\/100\n|move|p1a: Seismitoad|Earth Power|p2a: Dragapult\n|-damage|p2a: Dragapult|70\/100\n|-unboost|p2a: Dragapult|spd|1\n|\n|-heal|p1a: Seismitoad|94\/100|[from] item: Leftovers\n|upkeep\n|turn|4\n|\n|move|p2a: Dragapult|Dragon Darts|p1a: Seismitoad\n|-damage|p1a: Seismitoad|78\/100\n|-anim|p2a: Dragapult|Dragon Darts|p1a: Seismitoad\n|-damage|p1a: Seismitoad|62\/100\n|-damage|p2a: Dragapult|60\/100|[from] item: Life Orb\n|move|p1a: Seismitoad|Teleport|p1a: Seismitoad\n|\n|switch|p1a: Kyurem|Kyurem-Black|100\/100|[from]move: Teleport\n|\n|upkeep\n|turn|5\n|\n|move|p1a: Kyurem|Extreme Speed|p2a: Dragapult\n|-supereffective|p2a: Dragapult\n|-damage|p2a: Dragapult|0 fnt\n|-damage|p1a: Kyurem|91\/100|[from] item: Life Orb\n|faint|p2a: Dragapult\n|\n|upkeep\n|\n|switch|p2a: Zamazenta|Zamazenta-Crowned|100\/100\n|turn|6\n|\n|switch|p1a: Reshiram|Reshiram|100\/100\n|move|p2a: Zamazenta|Cotton Guard|p2a: Zamazenta\n|-boost|p2a: Zamazenta|def|3\n|\n|upkeep\n|turn|7\n|\n|move|p2a: Zamazenta|Behemoth Bash|p1a: Reshiram\n|-resisted|p1a: Reshiram\n|-damage|p1a: Reshiram|80\/100\n|move|p1a: Reshiram|Blue Flare|p2a: Zamazenta\n|-supereffective|p2a: Zamazenta\n|-damage|p2a: Zamazenta|34\/100\n|-status|p2a: Zamazenta|brn\n|\n|-heal|p2a: Zamazenta|40\/100 brn|[from] item: Leftovers\n|-damage|p2a: Zamazenta|34\/100 brn|[from] brn\n|upkeep\n|turn|8\n|\n|move|p2a: Zamazenta|High Jump Kick|p1a: Reshiram\n|-damage|p1a: Reshiram|55\/100\n|move|p1a: Reshiram|Blue Flare|p2a: Zamazenta\n|-supereffective|p2a: Zamazenta\n|-damage|p2a: Zamazenta|0 fnt\n|faint|p2a: Zamazenta\n|\n|upkeep\n|\n|switch|p2a: Darmanitan|Darmanitan-Zen, F|100\/100\n|turn|9\n|\n|switch|p1a: Sylveon|Sylveon, F|100\/100\n|move|p2a: Darmanitan|Photon Geyser|p1a: Sylveon\n|-damage|p1a: Sylveon|70\/100\n|\n|-heal|p1a: Sylveon|76\/100|[from] item: Leftovers\n|-status|p2a: Darmanitan|tox|[from] item: Toxic Orb\n|upkeep\n|turn|10\n|\n|move|p1a: Sylveon|Moonblast|p2a: Darmanitan\n|-resisted|p2a: Darmanitan\n|-damage|p2a: Darmanitan|86\/100 tox\n|-unboost|p2a: Darmanitan|spa|1\n|move|p2a: Darmanitan|Blue Flare|p1a: Sylveon\n|-damage|p1a: Sylveon|63\/100\n|\n|-heal|p1a: Sylveon|69\/100|[from] item: Leftovers\n|-heal|p2a: Darmanitan|98\/100 tox|[from] ability: Poison Heal\n|upkeep\n|turn|11\n|\n|switch|p2a: Darmanitan-Galar-Z|Darmanitan-Galar-Zen, F|20\/100\n|move|p1a: Sylveon|Recover|p1a: Sylveon\n|-heal|p1a: Sylveon|100\/100\n|\n|upkeep\n|turn|12\n|\n|switch|p1a: Seismitoad|Seismitoad, F|62\/100\n|move|p2a: Darmanitan-Galar-Z|Pyro Ball|p1a: Seismitoad\n|-resisted|p1a: Seismitoad\n|-damage|p1a: Seismitoad|37\/100\n|\n|-heal|p1a: Seismitoad|43\/100|[from] item: Leftovers\n|upkeep\n|turn|13\n|\n|move|p2a: Darmanitan-Galar-Z|Pyro Ball|p1a: Seismitoad\n|-resisted|p1a: Seismitoad\n|-damage|p1a: Seismitoad|16\/100\n|move|p1a: Seismitoad|Recover|p1a: Seismitoad\n|-heal|p1a: Seismitoad|66\/100\n|\n|-heal|p1a: Seismitoad|72\/100|[from] item: Leftovers\n|upkeep\n|turn|14\n|\n|switch|p2a: Wishiwashi|Wishiwashi-School, M|100\/100\n|move|p1a: Seismitoad|Earth Power|p2a: Wishiwashi\n|-damage|p2a: Wishiwashi|85\/100\n|\n|-heal|p1a: Seismitoad|79\/100|[from] item: Leftovers\n|upkeep\n|turn|15\n|\n|switch|p1a: Sylveon|Sylveon, F|100\/100\n|move|p2a: Wishiwashi|Hydro Pump|p1a: Sylveon\n|-damage|p1a: Sylveon|86\/100\n|\n|-heal|p1a: Sylveon|92\/100|[from] item: Leftovers\n|upkeep\n|turn|16\n|\n|move|p1a: Sylveon|Moonblast|p2a: Wishiwashi\n|-damage|p2a: Wishiwashi|64\/100\n|move|p2a: Wishiwashi|Hydro Pump|p1a: Sylveon|[miss]\n|-miss|p2a: Wishiwashi|p1a: Sylveon\n|\n|-heal|p1a: Sylveon|98\/100|[from] item: Leftovers\n|upkeep\n|turn|17\n|\n|move|p2a: Wishiwashi|Hydro Pump|p1a: Sylveon\n|-damage|p1a: Sylveon|83\/100\n|move|p1a: Sylveon|Teleport|p1a: Sylveon\n|\n|switch|p1a: Zeraora|Zeraora|56\/100|[from]move: Teleport\n|-ability|p1a: Zeraora|Intrepid Sword|boost\n|-boost|p1a: Zeraora|atk|1\n|\n|upkeep\n|turn|18\n|\n|move|p1a: Zeraora|Bolt Beak|p2a: Wishiwashi\n|-supereffective|p2a: Wishiwashi\n|-damage|p2a: Wishiwashi|0 fnt\n|faint|p2a: Wishiwashi\n|\n|upkeep\n|\n|switch|p2a: Darmanitan-Galar-Z|Darmanitan-Galar-Zen, F|20\/100\n|turn|19\n|\n|switch|p1a: Seismitoad|Seismitoad, F|79\/100\n|move|p2a: Darmanitan-Galar-Z|Ice Shard|p1a: Seismitoad\n|-damage|p1a: Seismitoad|61\/100\n|\n|-heal|p1a: Seismitoad|67\/100|[from] item: Leftovers\n|upkeep\n|turn|20\n|\n|-start|p2a: Darmanitan-Galar-Z|Dynamax\n|-heal|p2a: Darmanitan-Galar-Z|20\/100|[silent]\n|move|p2a: Darmanitan-Galar-Z|Max Hailstorm|p1a: Seismitoad\n|-damage|p1a: Seismitoad|26\/100\n|-weather|Hail\n|move|p1a: Seismitoad|Earth Power|p2a: Darmanitan-Galar-Z\n|-supereffective|p2a: Darmanitan-Galar-Z\n|-damage|p2a: Darmanitan-Galar-Z|0 fnt\n|faint|p2a: Darmanitan-Galar-Z\n|\n|-weather|Hail|[upkeep]\n|-damage|p1a: Seismitoad|20\/100|[from] Hail\n|-heal|p1a: Seismitoad|26\/100|[from] item: Leftovers\n|upkeep\n|-message|KoolGuy47 forfeited.\n|\n|win|ferromolybdenum\n|j| Wiso\n|l|\u2606KoolGuy47\n","uploadtime":1584750796,"views":4,"p1id":"ferromolybdenum","p2id":"koolguy47","formatid":"gen8balancedhackmons","rating":0,"private":0,"password":null}