{"id":"gen8ubers-1141999732","p1":"firemaster535","p2":"Jakkkkkka","format":"gen8ubers","log":"|j|\u2606firemaster535\n|j|\u2606Jakkkkkka\n|player|p1|firemaster535|n|1370\n|player|p2|Jakkkkkka|norman|1532\n|teamsize|p1|6\n|teamsize|p2|6\n|gametype|singles\n|gen|8\n|tier|[Gen 8] Ubers\n|rated|\n|clearpoke\n|poke|p1|Torkoal, M|\n|poke|p1|Gourgeist-*, F|\n|poke|p1|Incineroar, M|\n|poke|p1|Cinderace, M|\n|poke|p1|Necrozma-Dusk-Mane|\n|poke|p1|Kyurem-White|\n|poke|p2|Darmanitan-Galar, M|\n|poke|p2|Lunala|\n|poke|p2|Necrozma-Dusk-Mane|\n|poke|p2|Eternatus|\n|poke|p2|Mandibuzz, F|\n|poke|p2|Marshadow|\n|rule|Sleep Clause Mod: Limit one foe put to sleep\n|rule|Species Clause: Limit one of each Pok\u00e9mon\n|rule|OHKO Clause: OHKO moves are banned\n|rule|Evasion Moves Clause: Evasion moves are banned\n|rule|Endless Battle Clause: Forcing endless battles is banned\n|rule|HP Percentage Mod: HP is shown in percentages\n|html|Ubers Dynamax Clause: Pok\u00e9mon on the <a href=\"https:\/\/www.smogon.com\/dex\/ss\/formats\/uber\/\">Ubers Dynamax Banlist<\/a> cannot Dynamax.\n|teampreview\n|inactive|Battle timer is ON: inactive players will automatically lose when time's up. (requested by firemaster535)\n|c|\u2606firemaster535|Uber and legy noob\n|inactive|Jakkkkkka has 120 seconds left.\n|c|\u2606Jakkkkkka|You or me ?\n|c|\u2606firemaster535|you\n|c|\u2606Jakkkkkka|Why ?\n|inactive|Jakkkkkka has 90 seconds left.\n|\n|start\n|switch|p1a: Michelangelo|Torkoal, M|100\/100\n|switch|p2a: Lunala|Lunala|100\/100\n|-weather|SunnyDay|[from] ability: Drought|[of] p1a: Michelangelo\n|turn|1\n|c|\u2606firemaster535|you have 5 ubers and 4 legys\n|inactive|Jakkkkkka has 120 seconds left.\n|inactive|Jakkkkkka has 90 seconds left.\n|c|\u2606Jakkkkkka|Are you serious ? When you play in ubers, this is the objectif to have the choice the play legy\n|\n|switch|p1a: Darth Maul|Incineroar, M|100\/100\n|-ability|p1a: Darth Maul|Intimidate|boost\n|-unboost|p2a: Lunala|atk|1\n|move|p2a: Lunala|Trick|p1a: Darth Maul\n|-activate|p2a: Lunala|move: Trick|[of] p1a: Darth Maul\n|-item|p1a: Darth Maul|Choice Scarf|[from] move: Trick\n|-item|p2a: Lunala|Assault Vest|[from] move: Trick\n|\n|-weather|SunnyDay|[upkeep]\n|upkeep\n|turn|2\n|\n|switch|p2a: Eternatus|Eternatus|100\/100\n|-ability|p2a: Eternatus|Pressure\n|move|p1a: Darth Maul|Knock Off|p2a: Eternatus\n|-damage|p2a: Eternatus|61\/100\n|-enditem|p2a: Eternatus|Black Sludge|[from] move: Knock Off|[of] p1a: Darth Maul\n|\n|-weather|SunnyDay|[upkeep]\n|upkeep\n|turn|3\n|\n|switch|p1a: Michelangelo|Torkoal, M|100\/100\n|move|p2a: Eternatus|Toxic Spikes|p1a: Michelangelo\n|-sidestart|p1: firemaster535|move: Toxic Spikes\n|\n|-weather|SunnyDay|[upkeep]\n|upkeep\n|turn|4\n|\n|move|p2a: Eternatus|Dynamax Cannon|p1a: Michelangelo\n|-damage|p1a: Michelangelo|61\/100\n|move|p1a: Michelangelo|Stealth Rock|p2a: Eternatus\n|-sidestart|p2: Jakkkkkka|move: Stealth Rock\n|\n|-weather|SunnyDay|[upkeep]\n|upkeep\n|turn|5\n|inactive|Jakkkkkka has 90 seconds left.\n|\n|move|p2a: Eternatus|Dynamax Cannon|p1a: Michelangelo\n|-damage|p1a: Michelangelo|19\/100\n|move|p1a: Michelangelo|Rapid Spin|p2a: Eternatus\n|-damage|p2a: Eternatus|55\/100\n|-boost|p1a: Michelangelo|spe|1\n|-sideend|p1: firemaster535|Toxic Spikes|[from] move: Rapid Spin|[of] p1a: Michelangelo\n|\n|-weather|SunnyDay|[upkeep]\n|upkeep\n|turn|6\n|\n|move|p2a: Eternatus|Recover|p2a: Eternatus\n|-heal|p2a: Eternatus|100\/100\n|move|p1a: Michelangelo|Rapid Spin|p2a: Eternatus\n|-damage|p2a: Eternatus|95\/100\n|-boost|p1a: Michelangelo|spe|1\n|\n|-weather|SunnyDay|[upkeep]\n|upkeep\n|turn|7\n|\n|move|p2a: Eternatus|Toxic Spikes|p1a: Michelangelo\n|-sidestart|p1: firemaster535|move: Toxic Spikes\n|move|p1a: Michelangelo|Rapid Spin|p2a: Eternatus\n|-damage|p2a: Eternatus|89\/100\n|-boost|p1a: Michelangelo|spe|1\n|-sideend|p1: firemaster535|Toxic Spikes|[from] move: Rapid Spin|[of] p1a: Michelangelo\n|\n|-weather|SunnyDay|[upkeep]\n|upkeep\n|turn|8\n|\n|move|p2a: Eternatus|Recover|p2a: Eternatus\n|-heal|p2a: Eternatus|100\/100\n|move|p1a: Michelangelo|Rapid Spin|p2a: Eternatus\n|-damage|p2a: Eternatus|95\/100\n|-boost|p1a: Michelangelo|spe|1\n|\n|-weather|none\n|upkeep\n|turn|9\n|\n|move|p2a: Eternatus|Dynamax Cannon|p1a: Michelangelo\n|-damage|p1a: Michelangelo|0 fnt\n|faint|p1a: Michelangelo\n|\n|upkeep\n|inactive|firemaster535 has 120 seconds left.\n|\n|switch|p1a: Fang Leone|Necrozma-Dusk-Mane|100\/100\n|turn|10\n|inactive|Jakkkkkka has 120 seconds left.\n|\n|move|p2a: Eternatus|Toxic Spikes|p1a: Fang Leone\n|-sidestart|p1: firemaster535|move: Toxic Spikes\n|move|p1a: Fang Leone|Dragon Dance|p1a: Fang Leone\n|-boost|p1a: Fang Leone|atk|1\n|-boost|p1a: Fang Leone|spe|1\n|\n|upkeep\n|turn|11\n|inactive|Jakkkkkka has 120 seconds left.\n|inactive|firemaster535 has 120 seconds left.\n|\n|switch|p2a: Mandibuzz|Mandibuzz, F|100\/100\n|move|p1a: Fang Leone|Dragon Dance|p1a: Fang Leone\n|-boost|p1a: Fang Leone|atk|1\n|-boost|p1a: Fang Leone|spe|1\n|\n|upkeep\n|turn|12\n|inactive|firemaster535 has 120 seconds left.\n|c|\u2606firemaster535|bad item on this mon\n|c|\u2606firemaster535|foul play\n|\n|move|p1a: Fang Leone|Sunsteel Strike|p2a: Mandibuzz\n|-crit|p2a: Mandibuzz\n|-damage|p2a: Mandibuzz|0 fnt\n|-damage|p1a: Fang Leone|91\/100|[from] item: Life Orb\n|faint|p2a: Mandibuzz\n|\n|upkeep\n|c|\u2606firemaster535|haha\n|inactive|Jakkkkkka has 120 seconds left.\n|c|\u2606Jakkkkkka|lucky man\n|c|\u2606Jakkkkkka|amazing\n|c|\u2606Jakkkkkka|gg\n|-message|Jakkkkkka forfeited.\n|\n|win|firemaster535\n|l|\u2606Jakkkkkka\n|c|\u2606firemaster535|Lucky Luke\n|c|\u2606firemaster535|noob\n|c|\u2606firemaster535|looser\n||Ladder (probably) updated, but score could not be retrieved (Request timeout).\n","uploadtime":1593448816,"views":9,"p1id":"firemaster535","p2id":"jakkkkkka","formatid":"gen8ubers","rating":0,"private":0,"password":null}