{"id":"gen8ou-1603992992","p1":"andrewm0n","p2":"Hariaki","format":"gen8ou","log":"|j|\u2606andrewm0n\n|j|\u2606Hariaki\n|t:|1656172606\n|gametype|singles\n|player|p1|andrewm0n|swimmerf|1798\n|player|p2|Hariaki|265|1748\n|teamsize|p1|6\n|teamsize|p2|6\n|gen|8\n|tier|[Gen 8] OU\n|rated|\n|rule|Sleep Clause Mod: Limit one foe put to sleep\n|rule|Species Clause: Limit one of each Pok\u00e9mon\n|rule|OHKO Clause: OHKO moves are banned\n|rule|Evasion Moves Clause: Evasion moves are banned\n|rule|Endless Battle Clause: Forcing endless battles is banned\n|rule|HP Percentage Mod: HP is shown in percentages\n|rule|Dynamax Clause: You cannot dynamax\n|clearpoke\n|poke|p1|Blaziken, M|\n|poke|p1|Clefable, F|\n|poke|p1|Slowbro-Galar, M|\n|poke|p1|Corviknight, M|\n|poke|p1|Seismitoad, M|\n|poke|p1|Malamar, M|\n|poke|p2|Corviknight, F|\n|poke|p2|Polteageist-Antique|\n|poke|p2|Nidoking, M|\n|poke|p2|Blissey, F|\n|poke|p2|Urshifu-*, M|\n|poke|p2|Dragonite, F|\n|teampreview\n|inactive|Battle timer is ON: inactive players will automatically lose when time's up. (requested by Hariaki)\n|\n|t:|1656172616\n|start\n|switch|p1a: Malamar|Malamar, M|100\/100\n|switch|p2a: Urshifu|Urshifu-Rapid-Strike, M|100\/100\n|turn|1\n|j| ncowemkvmwe\n|\n|t:|1656172621\n|switch|p1a: Slowbro|Slowbro-Galar, M|100\/100\n|move|p2a: Urshifu|U-turn|p1a: Slowbro\n|-damage|p1a: Slowbro|80\/100\n|\n|t:|1656172624\n|switch|p2a: Polteageist|Polteageist-Antique|100\/100|[from]move: U-turn\n|\n|upkeep\n|turn|2\n|inactive|andrewm0n has 120 seconds left.\n|j| ayayaplop\n|j| vepp\n|inactive|andrewm0n has 90 seconds left.\n|j| clflucker\n|\n|t:|1656172692\n|move|p2a: Polteageist|Shell Smash|p2a: Polteageist\n|-unboost|p2a: Polteageist|def|1\n|-unboost|p2a: Polteageist|spd|1\n|-boost|p2a: Polteageist|atk|2\n|-boost|p2a: Polteageist|spa|2\n|-boost|p2a: Polteageist|spe|2\n|move|p1a: Slowbro|Earthquake|p2a: Polteageist\n|-damage|p2a: Polteageist|22\/100\n|-ability|p2a: Polteageist|Weak Armor|boost\n|-unboost|p2a: Polteageist|def|1\n|-boost|p2a: Polteageist|spe|2\n|\n|upkeep\n|turn|3\n|inactive|andrewm0n has 90 seconds left.\n|\n|t:|1656172699\n|move|p2a: Polteageist|Shadow Ball|p1a: Slowbro\n|-supereffective|p1a: Slowbro\n|-damage|p1a: Slowbro|0 fnt\n|faint|p1a: Slowbro\n|\n|upkeep\n|inactive|andrewm0n has 90 seconds left.\n|\n|t:|1656172704\n|switch|p1a: Corviknight|Corviknight, M|100\/100\n|turn|4\n|\n|t:|1656172707\n|move|p2a: Polteageist|Shadow Ball|p1a: Corviknight\n|-damage|p1a: Corviknight|29\/100\n|move|p1a: Corviknight|Brave Bird|p2a: Polteageist\n|-damage|p2a: Polteageist|0 fnt\n|faint|p2a: Polteageist\n|-damage|p1a: Corviknight|24\/100|[from] Recoil\n|\n|upkeep\n|\n|t:|1656172712\n|switch|p2a: Nidoking|Nidoking, M|100\/100\n|turn|5\n|j| d007\n|l| vepp\n|\n|t:|1656172718\n|switch|p1a: Malamar|Malamar, M|100\/100\n|move|p2a: Nidoking|Ice Beam|p1a: Malamar\n|-damage|p1a: Malamar|39\/100\n|\n|upkeep\n|turn|6\n|\n|t:|1656172724\n|move|p1a: Malamar|Knock Off|p2a: Nidoking\n|-damage|p2a: Nidoking|46\/100\n|-enditem|p2a: Nidoking|Life Orb|[from] move: Knock Off|[of] p1a: Malamar\n|move|p2a: Nidoking|Ice Beam|p1a: Malamar\n|-damage|p1a: Malamar|0 fnt\n|faint|p1a: Malamar\n|\n|upkeep\n|inactive|andrewm0n has 120 seconds left.\n|\n|t:|1656172735\n|switch|p1a: Seismitoad|Seismitoad, M|100\/100\n|turn|7\n|\n|t:|1656172740\n|move|p2a: Nidoking|Earth Power|p1a: Seismitoad\n|-damage|p1a: Seismitoad|54\/100\n|move|p1a: Seismitoad|Earth Power|p2a: Nidoking\n|-supereffective|p2a: Nidoking\n|-damage|p2a: Nidoking|0 fnt\n|faint|p2a: Nidoking\n|\n|-heal|p1a: Seismitoad|60\/100|[from] item: Leftovers\n|upkeep\n|\n|t:|1656172745\n|switch|p2a: Urshifu|Urshifu-Rapid-Strike, M|100\/100\n|turn|8\n|\n|t:|1656172750\n|switch|p1a: Clefable|Clefable, F|100\/100\n|move|p2a: Urshifu|Close Combat|p1a: Clefable\n|-resisted|p1a: Clefable\n|-damage|p1a: Clefable|73\/100\n|-unboost|p2a: Urshifu|def|1\n|-unboost|p2a: Urshifu|spd|1\n|\n|-heal|p1a: Clefable|79\/100|[from] item: Leftovers\n|upkeep\n|turn|9\n|\n|t:|1656172754\n|switch|p2a: Dragonite|Dragonite, F|100\/100\n|move|p1a: Clefable|Wish|p1a: Clefable\n|\n|-heal|p1a: Clefable|85\/100|[from] item: Leftovers\n|upkeep\n|turn|10\n|\n|t:|1656172757\n|switch|p1a: Corviknight|Corviknight, M|24\/100\n|move|p2a: Dragonite|Dragon Dance|p2a: Dragonite\n|-boost|p2a: Dragonite|atk|1\n|-boost|p2a: Dragonite|spe|1\n|\n|-heal|p1a: Corviknight|73\/100|[from] move: Wish|[wisher] Clefable\n|upkeep\n|turn|11\n|\n|t:|1656172759\n|move|p2a: Dragonite|Dragon Dance|p2a: Dragonite\n|-boost|p2a: Dragonite|atk|1\n|-boost|p2a: Dragonite|spe|1\n|move|p1a: Corviknight|U-turn|p2a: Dragonite\n|-resisted|p2a: Dragonite\n|-damage|p2a: Dragonite|97\/100\n|\n|t:|1656172761\n|switch|p1a: Clefable|Clefable, F|85\/100|[from]move: U-turn\n|\n|-heal|p2a: Dragonite|100\/100|[from] item: Leftovers\n|-heal|p1a: Clefable|91\/100|[from] item: Leftovers\n|upkeep\n|turn|12\n|\n|t:|1656172764\n|move|p2a: Dragonite|Earthquake|p1a: Clefable\n|-damage|p1a: Clefable|66\/100\n|move|p1a: Clefable|Moonblast|p2a: Dragonite\n|-supereffective|p2a: Dragonite\n|-damage|p2a: Dragonite|72\/100\n|-unboost|p2a: Dragonite|spa|1\n|\n|-heal|p2a: Dragonite|78\/100|[from] item: Leftovers\n|-heal|p1a: Clefable|72\/100|[from] item: Leftovers\n|upkeep\n|turn|13\n|\n|t:|1656172770\n|switch|p2a: Urshifu|Urshifu-Rapid-Strike, M|100\/100\n|move|p1a: Clefable|Wish|p1a: Clefable\n|\n|-heal|p1a: Clefable|78\/100|[from] item: Leftovers\n|upkeep\n|turn|14\n|\n|t:|1656172776\n|move|p2a: Urshifu|U-turn|p1a: Clefable\n|-resisted|p1a: Clefable\n|-damage|p1a: Clefable|68\/100\n|\n|t:|1656172777\n|switch|p2a: Corviknight|Corviknight, F|100\/100|[from]move: U-turn\n|move|p1a: Clefable|Moonblast|p2a: Corviknight\n|-resisted|p2a: Corviknight\n|-damage|p2a: Corviknight|84\/100\n|-ability|p2a: Corviknight|Mirror Armor\n|-unboost|p1a: Clefable|spa|1\n|\n|-heal|p1a: Clefable|100\/100|[from] move: Wish|[wisher] Clefable\n|upkeep\n|turn|15\n|\n|t:|1656172782\n|switch|p2a: Dragonite|Dragonite, F|78\/100\n|move|p1a: Clefable|Wish|p1a: Clefable\n|\n|-heal|p2a: Dragonite|84\/100|[from] item: Leftovers\n|upkeep\n|turn|16\n|\n|t:|1656172785\n|switch|p1a: Seismitoad|Seismitoad, M|60\/100\n|move|p2a: Dragonite|Ice Punch|p1a: Seismitoad\n|-damage|p1a: Seismitoad|38\/100\n|\n|-heal|p1a: Seismitoad|86\/100|[from] move: Wish|[wisher] Clefable\n|-heal|p2a: Dragonite|90\/100|[from] item: Leftovers\n|-heal|p1a: Seismitoad|92\/100|[from] item: Leftovers\n|upkeep\n|turn|17\n|\n|t:|1656172788\n|move|p2a: Dragonite|Ice Punch|p1a: Seismitoad\n|-damage|p1a: Seismitoad|72\/100\n|-status|p1a: Seismitoad|frz\n|cant|p1a: Seismitoad|frz\n|\n|-heal|p2a: Dragonite|97\/100|[from] item: Leftovers\n|-heal|p1a: Seismitoad|79\/100 frz|[from] item: Leftovers\n|upkeep\n|turn|18\n|\n|t:|1656172794\n|move|p2a: Dragonite|Dragon Dance|p2a: Dragonite\n|-boost|p2a: Dragonite|atk|1\n|-boost|p2a: Dragonite|spe|1\n|cant|p1a: Seismitoad|frz\n|\n|-heal|p2a: Dragonite|100\/100|[from] item: Leftovers\n|-heal|p1a: Seismitoad|85\/100 frz|[from] item: Leftovers\n|upkeep\n|turn|19\n|\n|t:|1656172796\n|switch|p1a: Clefable|Clefable, F|100\/100\n|move|p2a: Dragonite|Dragon Dance|p2a: Dragonite\n|-boost|p2a: Dragonite|atk|1\n|-boost|p2a: Dragonite|spe|1\n|\n|upkeep\n|turn|20\n|\n|t:|1656172798\n|move|p2a: Dragonite|Ice Punch|p1a: Clefable\n|-damage|p1a: Clefable|82\/100\n|move|p1a: Clefable|Heal Bell|p1a: Clefable\n|-activate|p1a: Clefable|move: Heal Bell\n|-curestatus|p1: Seismitoad|frz|[msg]\n|\n|-heal|p1a: Clefable|88\/100|[from] item: Leftovers\n|upkeep\n|turn|21\n|\n|t:|1656172800\n|move|p2a: Dragonite|Ice Punch|p1a: Clefable\n|-damage|p1a: Clefable|70\/100\n|move|p1a: Clefable|Wish|p1a: Clefable\n|\n|-heal|p1a: Clefable|76\/100|[from] item: Leftovers\n|upkeep\n|turn|22\n|\n|t:|1656172804\n|switch|p1a: Seismitoad|Seismitoad, M|85\/100\n|move|p2a: Dragonite|Ice Punch|p1a: Seismitoad\n|-damage|p1a: Seismitoad|44\/100\n|\n|-heal|p1a: Seismitoad|92\/100|[from] move: Wish|[wisher] Clefable\n|-heal|p1a: Seismitoad|98\/100|[from] item: Leftovers\n|upkeep\n|turn|23\n|\n|t:|1656172807\n|move|p2a: Dragonite|Earthquake|p1a: Seismitoad\n|-damage|p1a: Seismitoad|45\/100\n|move|p1a: Seismitoad|Toxic|p2a: Dragonite\n|-status|p2a: Dragonite|tox\n|\n|-heal|p1a: Seismitoad|51\/100|[from] item: Leftovers\n|-damage|p2a: Dragonite|94\/100 tox|[from] psn\n|upkeep\n|turn|24\n|\n|t:|1656172811\n|switch|p1a: Clefable|Clefable, F|76\/100\n|move|p2a: Dragonite|Ice Punch|p1a: Clefable\n|-damage|p1a: Clefable|58\/100\n|\n|-heal|p2a: Dragonite|100\/100 tox|[from] item: Leftovers\n|-heal|p1a: Clefable|64\/100|[from] item: Leftovers\n|-damage|p2a: Dragonite|88\/100 tox|[from] psn\n|upkeep\n|turn|25\n|\n|t:|1656172813\n|switch|p2a: Urshifu|Urshifu-Rapid-Strike, M|100\/100\n|move|p1a: Clefable|Wish|p1a: Clefable\n|\n|-heal|p1a: Clefable|70\/100|[from] item: Leftovers\n|upkeep\n|turn|26\n|\n|t:|1656172822\n|switch|p1a: Corviknight|Corviknight, M|73\/100\n|move|p2a: Urshifu|Surging Strikes|p1a: Corviknight\n|-crit|p1a: Corviknight\n|-damage|p1a: Corviknight|56\/100\n|-damage|p2a: Urshifu|84\/100|[from] item: Rocky Helmet|[of] p1a: Corviknight\n|-crit|p1a: Corviknight\n|-damage|p1a: Corviknight|39\/100\n|-damage|p2a: Urshifu|68\/100|[from] item: Rocky Helmet|[of] p1a: Corviknight\n|-crit|p1a: Corviknight\n|-damage|p1a: Corviknight|24\/100\n|-damage|p2a: Urshifu|51\/100|[from] item: Rocky Helmet|[of] p1a: Corviknight\n|-hitcount|p1a: Corviknight|3\n|\n|-heal|p1a: Corviknight|73\/100|[from] move: Wish|[wisher] Clefable\n|upkeep\n|turn|27\n|\n|t:|1656172826\n|switch|p2a: Blissey|Blissey, F|100\/100\n|switch|p1a: Seismitoad|Seismitoad, M|51\/100\n|\n|-heal|p1a: Seismitoad|58\/100|[from] item: Leftovers\n|upkeep\n|turn|28\n|\n|t:|1656172829\n|move|p1a: Seismitoad|Stealth Rock|p2a: Blissey\n|-sidestart|p2: Hariaki|move: Stealth Rock\n|move|p2a: Blissey|Seismic Toss|p1a: Seismitoad\n|-damage|p1a: Seismitoad|33\/100\n|\n|-heal|p1a: Seismitoad|39\/100|[from] item: Leftovers\n|upkeep\n|turn|29\n|\n|t:|1656172831\n|move|p1a: Seismitoad|Knock Off|p2a: Blissey\n|-damage|p2a: Blissey|82\/100\n|-enditem|p2a: Blissey|Leftovers|[from] move: Knock Off|[of] p1a: Seismitoad\n|move|p2a: Blissey|Teleport|p2a: Blissey\n|\n|t:|1656172833\n|switch|p2a: Corviknight|Corviknight, F|84\/100|[from]move: Teleport\n|-damage|p2a: Corviknight|72\/100|[from] Stealth Rock\n|\n|-heal|p1a: Seismitoad|45\/100|[from] item: Leftovers\n|upkeep\n|turn|30\n|\n|t:|1656172836\n|move|p2a: Corviknight|Defog|p1a: Seismitoad\n|-unboost|p1a: Seismitoad|evasion|1\n|-sideend|p2: Hariaki|Stealth Rock|[from] move: Defog|[of] p2a: Corviknight\n|move|p1a: Seismitoad|Knock Off|p2a: Corviknight\n|-damage|p2a: Corviknight|60\/100\n|-damage|p1a: Seismitoad|29\/100|[from] item: Rocky Helmet|[of] p2a: Corviknight\n|-enditem|p2a: Corviknight|Rocky Helmet|[from] move: Knock Off|[of] p1a: Seismitoad\n|\n|-heal|p1a: Seismitoad|35\/100|[from] item: Leftovers\n|upkeep\n|turn|31\n|l| d007\n|\n|t:|1656172842\n|switch|p1a: Corviknight|Corviknight, M|73\/100\n|move|p2a: Corviknight|Brave Bird|p1a: Corviknight\n|-resisted|p1a: Corviknight\n|-damage|p1a: Corviknight|60\/100\n|-damage|p2a: Corviknight|43\/100|[from] item: Rocky Helmet|[of] p1a: Corviknight\n|-damage|p2a: Corviknight|39\/100|[from] Recoil\n|\n|upkeep\n|turn|32\n|\n|t:|1656172844\n|move|p2a: Corviknight|Roost|p2a: Corviknight\n|-heal|p2a: Corviknight|89\/100\n|-singleturn|p2a: Corviknight|move: Roost\n|move|p1a: Corviknight|U-turn|p2a: Corviknight\n|-resisted|p2a: Corviknight\n|-damage|p2a: Corviknight|85\/100\n|\n|t:|1656172848\n|switch|p1a: Seismitoad|Seismitoad, M|35\/100|[from]move: U-turn\n|\n|-heal|p1a: Seismitoad|41\/100|[from] item: Leftovers\n|upkeep\n|turn|33\n|\n|t:|1656172851\n|switch|p1a: Corviknight|Corviknight, M|60\/100\n|move|p2a: Corviknight|Brave Bird|p1a: Corviknight\n|-resisted|p1a: Corviknight\n|-damage|p1a: Corviknight|47\/100\n|-damage|p2a: Corviknight|68\/100|[from] item: Rocky Helmet|[of] p1a: Corviknight\n|-damage|p2a: Corviknight|64\/100|[from] Recoil\n|\n|upkeep\n|turn|34\n|\n|t:|1656172854\n|move|p2a: Corviknight|Roost|p2a: Corviknight\n|-heal|p2a: Corviknight|100\/100\n|-singleturn|p2a: Corviknight|move: Roost\n|move|p1a: Corviknight|Roost|p1a: Corviknight\n|-heal|p1a: Corviknight|97\/100\n|-singleturn|p1a: Corviknight|move: Roost\n|\n|upkeep\n|turn|35\n|\n|t:|1656172859\n|move|p2a: Corviknight|Body Press|p1a: Corviknight\n|-damage|p1a: Corviknight|78\/100\n|-damage|p2a: Corviknight|84\/100|[from] item: Rocky Helmet|[of] p1a: Corviknight\n|move|p1a: Corviknight|U-turn|p2a: Corviknight\n|-resisted|p2a: Corviknight\n|-damage|p2a: Corviknight|82\/100\n|\n|t:|1656172862\n|switch|p1a: Seismitoad|Seismitoad, M|41\/100|[from]move: U-turn\n|\n|-heal|p1a: Seismitoad|47\/100|[from] item: Leftovers\n|upkeep\n|turn|36\n|\n|t:|1656172870\n|switch|p1a: Corviknight|Corviknight, M|78\/100\n|move|p2a: Corviknight|Body Press|p1a: Corviknight\n|-damage|p1a: Corviknight|58\/100\n|-damage|p2a: Corviknight|65\/100|[from] item: Rocky Helmet|[of] p1a: Corviknight\n|\n|upkeep\n|turn|37\n|\n|t:|1656172874\n|move|p2a: Corviknight|Body Press|p1a: Corviknight\n|-damage|p1a: Corviknight|39\/100\n|-damage|p2a: Corviknight|49\/100|[from] item: Rocky Helmet|[of] p1a: Corviknight\n|move|p1a: Corviknight|Roost|p1a: Corviknight\n|-heal|p1a: Corviknight|89\/100\n|-singleturn|p1a: Corviknight|move: Roost\n|\n|upkeep\n|turn|38\n|\n|t:|1656172877\n|move|p2a: Corviknight|Roost|p2a: Corviknight\n|-heal|p2a: Corviknight|99\/100\n|-singleturn|p2a: Corviknight|move: Roost\n|move|p1a: Corviknight|U-turn|p2a: Corviknight\n|-resisted|p2a: Corviknight\n|-damage|p2a: Corviknight|94\/100\n|l| ayayaplop\n|\n|t:|1656172884\n|switch|p1a: Clefable|Clefable, F|70\/100|[from]move: U-turn\n|\n|-heal|p1a: Clefable|76\/100|[from] item: Leftovers\n|upkeep\n|turn|39\n|\n|t:|1656172889\n|move|p2a: Corviknight|Brave Bird|p1a: Clefable\n|-damage|p1a: Clefable|49\/100\n|-damage|p2a: Corviknight|85\/100|[from] Recoil\n|move|p1a: Clefable|Wish|p1a: Clefable\n|\n|-heal|p1a: Clefable|55\/100|[from] item: Leftovers\n|upkeep\n|turn|40\n|\n|t:|1656172895\n|move|p2a: Corviknight|Brave Bird|p1a: Clefable\n|-damage|p1a: Clefable|29\/100\n|-damage|p2a: Corviknight|77\/100|[from] Recoil\n|move|p1a: Clefable|Moonblast|p2a: Corviknight\n|-resisted|p2a: Corviknight\n|-damage|p2a: Corviknight|61\/100\n|-ability|p2a: Corviknight|Mirror Armor\n|-unboost|p1a: Clefable|spa|1\n|\n|-heal|p1a: Clefable|79\/100|[from] move: Wish|[wisher] Clefable\n|-heal|p1a: Clefable|85\/100|[from] item: Leftovers\n|upkeep\n|turn|41\n|\n|t:|1656172901\n|move|p2a: Corviknight|Brave Bird|p1a: Clefable\n|-damage|p1a: Clefable|58\/100\n|-damage|p2a: Corviknight|52\/100|[from] Recoil\n|move|p1a: Clefable|Wish|p1a: Clefable\n|\n|-heal|p1a: Clefable|64\/100|[from] item: Leftovers\n|upkeep\n|turn|42\n|\n|t:|1656172905\n|move|p2a: Corviknight|Roost|p2a: Corviknight\n|-heal|p2a: Corviknight|100\/100\n|-singleturn|p2a: Corviknight|move: Roost\n|move|p1a: Clefable|Moonblast|p2a: Corviknight\n|-resisted|p2a: Corviknight\n|-damage|p2a: Corviknight|91\/100\n|-ability|p2a: Corviknight|Mirror Armor\n|-unboost|p1a: Clefable|spa|1\n|\n|-heal|p1a: Clefable|100\/100|[from] move: Wish|[wisher] Clefable\n|upkeep\n|turn|43\n|\n|t:|1656172907\n|switch|p2a: Blissey|Blissey, F|82\/100\n|move|p1a: Clefable|Wish|p1a: Clefable\n|\n|upkeep\n|turn|44\n|\n|t:|1656172914\n|switch|p1a: Blaziken|Blaziken, M|100\/100\n|move|p2a: Blissey|Seismic Toss|p1a: Blaziken\n|-damage|p1a: Blaziken|67\/100\n|\n|-heal|p1a: Blaziken|100\/100|[from] move: Wish|[wisher] Clefable\n|upkeep\n|turn|45\n|\n|t:|1656172920\n|switch|p2a: Dragonite|Dragonite, F|88\/100 tox\n|move|p1a: Blaziken|Swords Dance|p1a: Blaziken\n|-boost|p1a: Blaziken|atk|2\n|\n|-heal|p2a: Dragonite|94\/100 tox|[from] item: Leftovers\n|-damage|p2a: Dragonite|88\/100 tox|[from] psn\n|-ability|p1a: Blaziken|Speed Boost|boost\n|-boost|p1a: Blaziken|spe|1\n|upkeep\n|turn|46\n|\n|t:|1656172922\n|move|p1a: Blaziken|Protect|p1a: Blaziken\n|-singleturn|p1a: Blaziken|Protect\n|move|p2a: Dragonite|Earthquake|p1a: Blaziken\n|-activate|p1a: Blaziken|move: Protect\n|\n|-heal|p2a: Dragonite|94\/100 tox|[from] item: Leftovers\n|-damage|p2a: Dragonite|82\/100 tox|[from] psn\n|-ability|p1a: Blaziken|Speed Boost|boost\n|-boost|p1a: Blaziken|spe|1\n|upkeep\n|turn|47\n|\n|t:|1656172929\n|switch|p1a: Corviknight|Corviknight, M|89\/100\n|move|p2a: Dragonite|Earthquake|p1a: Corviknight\n|-immune|p1a: Corviknight\n|\n|-heal|p2a: Dragonite|88\/100 tox|[from] item: Leftovers\n|-damage|p2a: Dragonite|69\/100 tox|[from] psn\n|upkeep\n|turn|48\n|\n|t:|1656172934\n|switch|p2a: Corviknight|Corviknight, F|91\/100\n|move|p1a: Corviknight|U-turn|p2a: Corviknight\n|-resisted|p2a: Corviknight\n|-damage|p2a: Corviknight|89\/100\n|\n|t:|1656172946\n|switch|p1a: Blaziken|Blaziken, M|100\/100|[from]move: U-turn\n|\n|upkeep\n|turn|49\n|\n|t:|1656172950\n|move|p1a: Blaziken|Protect|p1a: Blaziken\n|-singleturn|p1a: Blaziken|Protect\n|move|p2a: Corviknight|Brave Bird|p1a: Blaziken\n|-activate|p1a: Blaziken|move: Protect\n|\n|-ability|p1a: Blaziken|Speed Boost|boost\n|-boost|p1a: Blaziken|spe|1\n|upkeep\n|turn|50\n|\n|t:|1656172952\n|switch|p1a: Corviknight|Corviknight, M|89\/100\n|move|p2a: Corviknight|Brave Bird|p1a: Corviknight\n|-resisted|p1a: Corviknight\n|-crit|p1a: Corviknight\n|-damage|p1a: Corviknight|67\/100\n|-damage|p2a: Corviknight|72\/100|[from] item: Rocky Helmet|[of] p1a: Corviknight\n|-damage|p2a: Corviknight|65\/100|[from] Recoil\n|\n|upkeep\n|turn|51\n|\n|t:|1656172954\n|move|p2a: Corviknight|Roost|p2a: Corviknight\n|-heal|p2a: Corviknight|100\/100\n|-singleturn|p2a: Corviknight|move: Roost\n|move|p1a: Corviknight|U-turn|p2a: Corviknight\n|-resisted|p2a: Corviknight\n|-damage|p2a: Corviknight|96\/100\n|\n|t:|1656172957\n|switch|p1a: Seismitoad|Seismitoad, M|47\/100|[from]move: U-turn\n|\n|-heal|p1a: Seismitoad|53\/100|[from] item: Leftovers\n|upkeep\n|turn|52\n|\n|t:|1656172959\n|switch|p2a: Blissey|Blissey, F|82\/100\n|switch|p1a: Corviknight|Corviknight, M|67\/100\n|\n|upkeep\n|turn|53\n|\n|t:|1656172961\n|move|p2a: Blissey|Seismic Toss|p1a: Corviknight\n|-damage|p1a: Corviknight|42\/100\n|-damage|p2a: Blissey|65\/100|[from] item: Rocky Helmet|[of] p1a: Corviknight\n|move|p1a: Corviknight|Roost|p1a: Corviknight\n|-heal|p1a: Corviknight|92\/100\n|-singleturn|p1a: Corviknight|move: Roost\n|\n|upkeep\n|turn|54\n|\n|t:|1656172964\n|move|p1a: Corviknight|Roost|p1a: Corviknight\n|-heal|p1a: Corviknight|100\/100\n|-singleturn|p1a: Corviknight|move: Roost\n|move|p2a: Blissey|Teleport|p2a: Blissey\n|\n|t:|1656172972\n|switch|p2a: Corviknight|Corviknight, F|96\/100|[from]move: Teleport\n|\n|upkeep\n|turn|55\n|\n|t:|1656172975\n|move|p2a: Corviknight|Body Press|p1a: Corviknight\n|-damage|p1a: Corviknight|80\/100\n|-damage|p2a: Corviknight|80\/100|[from] item: Rocky Helmet|[of] p1a: Corviknight\n|move|p1a: Corviknight|U-turn|p2a: Corviknight\n|-resisted|p2a: Corviknight\n|-damage|p2a: Corviknight|78\/100\n|\n|t:|1656172977\n|switch|p1a: Blaziken|Blaziken, M|100\/100|[from]move: U-turn\n|\n|upkeep\n|turn|56\n|\n|t:|1656172981\n|switch|p2a: Dragonite|Dragonite, F|69\/100 tox\n|move|p1a: Blaziken|Flare Blitz|p2a: Dragonite\n|-resisted|p2a: Dragonite\n|-damage|p2a: Dragonite|38\/100 tox\n|-damage|p1a: Blaziken|87\/100|[from] Recoil\n|\n|-heal|p1a: Blaziken|93\/100|[from] item: Leftovers\n|-heal|p2a: Dragonite|45\/100 tox|[from] item: Leftovers\n|-damage|p2a: Dragonite|38\/100 tox|[from] psn\n|-ability|p1a: Blaziken|Speed Boost|boost\n|-boost|p1a: Blaziken|spe|1\n|upkeep\n|turn|57\n|\n|t:|1656172986\n|switch|p1a: Corviknight|Corviknight, M|80\/100\n|move|p2a: Dragonite|Roost|p2a: Dragonite\n|-heal|p2a: Dragonite|88\/100 tox\n|-singleturn|p2a: Dragonite|move: Roost\n|\n|-heal|p2a: Dragonite|95\/100 tox|[from] item: Leftovers\n|-damage|p2a: Dragonite|82\/100 tox|[from] psn\n|upkeep\n|turn|58\n|\n|t:|1656172993\n|move|p2a: Dragonite|Ice Punch|p1a: Corviknight\n|-damage|p1a: Corviknight|61\/100\n|-damage|p2a: Dragonite|66\/100 tox|[from] item: Rocky Helmet|[of] p1a: Corviknight\n|move|p1a: Corviknight|U-turn|p2a: Dragonite\n|-resisted|p2a: Dragonite\n|-damage|p2a: Dragonite|59\/100 tox\n|\n|t:|1656172998\n|switch|p1a: Seismitoad|Seismitoad, M|53\/100|[from]move: U-turn\n|\n|-heal|p2a: Dragonite|66\/100 tox|[from] item: Leftovers\n|-heal|p1a: Seismitoad|59\/100|[from] item: Leftovers\n|-damage|p2a: Dragonite|47\/100 tox|[from] psn\n|upkeep\n|turn|59\n|\n|t:|1656173011\n|switch|p2a: Blissey|Blissey, F|65\/100\n|move|p1a: Seismitoad|Stealth Rock|p2a: Blissey\n|-sidestart|p2: Hariaki|move: Stealth Rock\n|\n|-heal|p1a: Seismitoad|65\/100|[from] item: Leftovers\n|upkeep\n|turn|60\n|\n|t:|1656173015\n|switch|p1a: Blaziken|Blaziken, M|93\/100\n|move|p2a: Blissey|Seismic Toss|p1a: Blaziken\n|-damage|p1a: Blaziken|60\/100\n|\n|-heal|p1a: Blaziken|66\/100|[from] item: Leftovers\n|upkeep\n|turn|61\n|\n|t:|1656173021\n|switch|p2a: Urshifu|Urshifu-Rapid-Strike, M|51\/100\n|-damage|p2a: Urshifu|45\/100|[from] Stealth Rock\n|move|p1a: Blaziken|Swords Dance|p1a: Blaziken\n|-boost|p1a: Blaziken|atk|2\n|\n|-heal|p1a: Blaziken|72\/100|[from] item: Leftovers\n|-ability|p1a: Blaziken|Speed Boost|boost\n|-boost|p1a: Blaziken|spe|1\n|upkeep\n|turn|62\n|\n|t:|1656173027\n|switch|p1a: Seismitoad|Seismitoad, M|65\/100\n|move|p2a: Urshifu|Close Combat|p1a: Seismitoad\n|-crit|p1a: Seismitoad\n|-damage|p1a: Seismitoad|0 fnt\n|-unboost|p2a: Urshifu|def|1\n|-unboost|p2a: Urshifu|spd|1\n|faint|p1a: Seismitoad\n|\n|upkeep\n|\n|t:|1656173029\n|switch|p1a: Clefable|Clefable, F|100\/100\n|turn|63\n|\n|t:|1656173032\n|switch|p2a: Corviknight|Corviknight, F|78\/100\n|-damage|p2a: Corviknight|65\/100|[from] Stealth Rock\n|move|p1a: Clefable|Moonblast|p2a: Corviknight\n|-resisted|p2a: Corviknight\n|-damage|p2a: Corviknight|50\/100\n|\n|upkeep\n|turn|64\n|\n|t:|1656173035\n|switch|p1a: Corviknight|Corviknight, M|61\/100\n|move|p2a: Corviknight|Roost|p2a: Corviknight\n|-heal|p2a: Corviknight|100\/100\n|-singleturn|p2a: Corviknight|move: Roost\n|\n|upkeep\n|turn|65\n|\n|t:|1656173037\n|move|p2a: Corviknight|Defog|p1a: Corviknight\n|-ability|p1a: Corviknight|Mirror Armor\n|-unboost|p2a: Corviknight|evasion|1\n|-sideend|p2: Hariaki|Stealth Rock|[from] move: Defog|[of] p2a: Corviknight\n|move|p1a: Corviknight|U-turn|p2a: Corviknight\n|-resisted|p2a: Corviknight\n|-damage|p2a: Corviknight|98\/100\n|\n|t:|1656173040\n|switch|p1a: Blaziken|Blaziken, M|72\/100|[from]move: U-turn\n|\n|-heal|p1a: Blaziken|78\/100|[from] item: Leftovers\n|upkeep\n|turn|66\n|\n|t:|1656173043\n|move|p1a: Blaziken|Protect|p1a: Blaziken\n|-singleturn|p1a: Blaziken|Protect\n|move|p2a: Corviknight|Brave Bird|p1a: Blaziken\n|-activate|p1a: Blaziken|move: Protect\n|\n|-heal|p1a: Blaziken|84\/100|[from] item: Leftovers\n|-ability|p1a: Blaziken|Speed Boost|boost\n|-boost|p1a: Blaziken|spe|1\n|upkeep\n|turn|67\n|\n|t:|1656173044\n|switch|p1a: Corviknight|Corviknight, M|61\/100\n|move|p2a: Corviknight|Brave Bird|p1a: Corviknight\n|-resisted|p1a: Corviknight\n|-damage|p1a: Corviknight|46\/100\n|-damage|p2a: Corviknight|82\/100|[from] item: Rocky Helmet|[of] p1a: Corviknight\n|-damage|p2a: Corviknight|77\/100|[from] Recoil\n|\n|upkeep\n|turn|68\n|\n|t:|1656173046\n|move|p2a: Corviknight|Roost|p2a: Corviknight\n|-heal|p2a: Corviknight|100\/100\n|-singleturn|p2a: Corviknight|move: Roost\n|move|p1a: Corviknight|U-turn|p2a: Corviknight\n|-resisted|p2a: Corviknight\n|-damage|p2a: Corviknight|96\/100\n|\n|t:|1656173048\n|switch|p1a: Blaziken|Blaziken, M|84\/100|[from]move: U-turn\n|\n|-heal|p1a: Blaziken|90\/100|[from] item: Leftovers\n|upkeep\n|turn|69\n|\n|t:|1656173051\n|move|p1a: Blaziken|Protect|p1a: Blaziken\n|-singleturn|p1a: Blaziken|Protect\n|move|p2a: Corviknight|Brave Bird|p1a: Blaziken\n|-activate|p1a: Blaziken|move: Protect\n|\n|-heal|p1a: Blaziken|96\/100|[from] item: Leftovers\n|-ability|p1a: Blaziken|Speed Boost|boost\n|-boost|p1a: Blaziken|spe|1\n|upkeep\n|turn|70\n|\n|t:|1656173057\n|switch|p1a: Corviknight|Corviknight, M|46\/100\n|move|p2a: Corviknight|Brave Bird|p1a: Corviknight\n|-resisted|p1a: Corviknight\n|-damage|p1a: Corviknight|34\/100\n|-damage|p2a: Corviknight|80\/100|[from] item: Rocky Helmet|[of] p1a: Corviknight\n|-damage|p2a: Corviknight|76\/100|[from] Recoil\n|\n|upkeep\n|turn|71\n|\n|t:|1656173061\n|move|p2a: Corviknight|Body Press|p1a: Corviknight\n|-crit|p1a: Corviknight\n|-damage|p1a: Corviknight|3\/100\n|-damage|p2a: Corviknight|59\/100|[from] item: Rocky Helmet|[of] p1a: Corviknight\n|move|p1a: Corviknight|Roost|p1a: Corviknight\n|-heal|p1a: Corviknight|53\/100\n|-singleturn|p1a: Corviknight|move: Roost\n|\n|upkeep\n|turn|72\n|\n|t:|1656173064\n|move|p2a: Corviknight|Roost|p2a: Corviknight\n|-heal|p2a: Corviknight|100\/100\n|-singleturn|p2a: Corviknight|move: Roost\n|move|p1a: Corviknight|Roost|p1a: Corviknight\n|-heal|p1a: Corviknight|100\/100\n|-singleturn|p1a: Corviknight|move: Roost\n|\n|upkeep\n|turn|73\n|\n|t:|1656173082\n|move|p2a: Corviknight|Body Press|p1a: Corviknight\n|-crit|p1a: Corviknight\n|-damage|p1a: Corviknight|69\/100\n|-damage|p2a: Corviknight|84\/100|[from] item: Rocky Helmet|[of] p1a: Corviknight\n|move|p1a: Corviknight|U-turn|p2a: Corviknight\n|-resisted|p2a: Corviknight\n|-damage|p2a: Corviknight|82\/100\n|\n|t:|1656173085\n|switch|p1a: Blaziken|Blaziken, M|96\/100|[from]move: U-turn\n|\n|-heal|p1a: Blaziken|100\/100|[from] item: Leftovers\n|upkeep\n|turn|74\n|\n|t:|1656173089\n|switch|p2a: Urshifu|Urshifu-Rapid-Strike, M|45\/100\n|move|p1a: Blaziken|Flare Blitz|p2a: Urshifu\n|-resisted|p2a: Urshifu\n|-damage|p2a: Urshifu|13\/100\n|-damage|p1a: Blaziken|89\/100|[from] Recoil\n|\n|-heal|p1a: Blaziken|95\/100|[from] item: Leftovers\n|-ability|p1a: Blaziken|Speed Boost|boost\n|-boost|p1a: Blaziken|spe|1\n|upkeep\n|turn|75\n|\n|t:|1656173099\n|switch|p2a: Corviknight|Corviknight, F|82\/100\n|switch|p1a: Corviknight|Corviknight, M|69\/100\n|\n|upkeep\n|turn|76\n|\n|t:|1656173101\n|move|p2a: Corviknight|Roost|p2a: Corviknight\n|-heal|p2a: Corviknight|100\/100\n|-singleturn|p2a: Corviknight|move: Roost\n|move|p1a: Corviknight|Roost|p1a: Corviknight\n|-heal|p1a: Corviknight|100\/100\n|-singleturn|p1a: Corviknight|move: Roost\n|\n|upkeep\n|turn|77\n|\n|t:|1656173104\n|move|p2a: Corviknight|Body Press|p1a: Corviknight\n|-damage|p1a: Corviknight|81\/100\n|-damage|p2a: Corviknight|84\/100|[from] item: Rocky Helmet|[of] p1a: Corviknight\n|move|p1a: Corviknight|U-turn|p2a: Corviknight\n|-resisted|p2a: Corviknight\n|-damage|p2a: Corviknight|82\/100\n|\n|t:|1656173106\n|switch|p1a: Blaziken|Blaziken, M|95\/100|[from]move: U-turn\n|\n|-heal|p1a: Blaziken|100\/100|[from] item: Leftovers\n|upkeep\n|turn|78\n|\n|t:|1656173109\n|move|p1a: Blaziken|Flare Blitz|p2a: Corviknight\n|-supereffective|p2a: Corviknight\n|-damage|p2a: Corviknight|9\/100\n|-damage|p1a: Blaziken|69\/100|[from] Recoil\n|move|p2a: Corviknight|Brave Bird|p1a: Blaziken\n|-supereffective|p1a: Blaziken\n|-damage|p1a: Blaziken|0 fnt\n|faint|p1a: Blaziken\n|-damage|p2a: Corviknight|0 fnt|[from] Recoil\n|faint|p2a: Corviknight\n|\n|upkeep\n|\n|t:|1656173116\n|switch|p1a: Corviknight|Corviknight, M|81\/100\n|switch|p2a: Blissey|Blissey, F|65\/100\n|turn|79\n|\n|t:|1656173118\n|move|p2a: Blissey|Soft-Boiled|p2a: Blissey\n|-heal|p2a: Blissey|100\/100\n|move|p1a: Corviknight|Brave Bird|p2a: Blissey\n|-damage|p2a: Blissey|67\/100\n|-damage|p1a: Corviknight|61\/100|[from] Recoil\n|\n|upkeep\n|turn|80\n|\n|t:|1656173122\n|move|p2a: Blissey|Soft-Boiled|p2a: Blissey\n|-heal|p2a: Blissey|100\/100\n|move|p1a: Corviknight|Roost|p1a: Corviknight\n|-heal|p1a: Corviknight|100\/100\n|-singleturn|p1a: Corviknight|move: Roost\n|\n|upkeep\n|turn|81\n|\n|t:|1656173124\n|move|p2a: Blissey|Seismic Toss|p1a: Corviknight\n|-damage|p1a: Corviknight|75\/100\n|-damage|p2a: Blissey|84\/100|[from] item: Rocky Helmet|[of] p1a: Corviknight\n|move|p1a: Corviknight|U-turn|p2a: Blissey\n|-crit|p2a: Blissey\n|-damage|p2a: Blissey|66\/100\n|-message|andrewm0n forfeited.\n|\n|win|Hariaki\n|raw|andrewm0n's rating: 1798 &rarr; <strong>1775<\/strong><br \/>(-23 for losing)\n|raw|Hariaki's rating: 1748 &rarr; <strong>1771<\/strong><br \/>(+23 for winning)\n|l|\u2606andrewm0n\n|c|\u2606Hariaki|Close one\n","uploadtime":1656173141,"views":60,"p1id":"andrewm0n","p2id":"hariaki","formatid":"gen8ou","rating":1771,"private":0,"password":null}