{"id":"gen8doublesou-1680991313","p1":"big pichu","p2":"EVERYOPPSHOT","format":"gen8doublesou","log":"|html|<div class=\"broadcast-blue\"><strong>[Gen 8] Doubles OU is currently suspecting Ally Switch! For information on how to participate check out the <a href=\"https:\/\/www.smogon.com\/forums\/threads\/np-ss-dou-stage-10-running-up-that-hill-ally-switch-suspect.3708539\/\">suspect thread<\/a>.<\/strong><\/div>\n|j|\u2606big pichu\n|j|\u2606EVERYOPPSHOT\n|t:|1665259027\n|gametype|doubles\n|player|p1|big pichu|serena-masters2|\n|player|p2|EVERYOPPSHOT|2|\n|teamsize|p1|6\n|teamsize|p2|6\n|gen|8\n|tier|[Gen 8] Doubles OU\n|rule|Species Clause: Limit one of each Pok\u00e9mon\n|rule|OHKO Clause: OHKO moves are banned\n|rule|Evasion Moves Clause: Evasion moves are banned\n|rule|Gravity Sleep Clause: The combination of sleep-inducing moves with imperfect accuracy and Gravity or Gigantamax Orbeetle are banned\n|rule|Endless Battle Clause: Forcing endless battles is banned\n|rule|HP Percentage Mod: HP is shown in percentages\n|rule|Dynamax Clause: You cannot dynamax\n|rule|Swagger Clause: Swagger is banned\n|clearpoke\n|poke|p1|Mew|\n|poke|p1|Rillaboom, M|\n|poke|p1|Zeraora|\n|poke|p1|Landorus, M|\n|poke|p1|Volcarona, M|\n|poke|p1|Tapu Fini|\n|poke|p2|Mew|\n|poke|p2|Ferrothorn, F|\n|poke|p2|Naganadel|\n|poke|p2|Incineroar, M|\n|poke|p2|Diancie|\n|poke|p2|Tapu Fini|\n|teampreview\n|c|\u2606big pichu|gl hf\n|\n|t:|1665259047\n|start\n|switch|p1a: Rillaboom|Rillaboom, M|100\/100\n|switch|p1b: Zeraora|Zeraora|100\/100\n|switch|p2a: \u03b7\u03c4\u03c4\u03b7\u03bc\u03ad\u03bd\u03bf\u03c2|Incineroar, M|100\/100\n|switch|p2b: VERLIERER|Tapu Fini|100\/100\n|-fieldstart|move: Misty Terrain|[from] ability: Misty Surge|[of] p2b: VERLIERER\n|-fieldstart|move: Grassy Terrain|[from] ability: Grassy Surge|[of] p1a: Rillaboom\n|-ability|p2a: \u03b7\u03c4\u03c4\u03b7\u03bc\u03ad\u03bd\u03bf\u03c2|Intimidate|boost\n|-unboost|p1a: Rillaboom|atk|1\n|-unboost|p1b: Zeraora|atk|1\n|turn|1\n|\n|t:|1665259083\n|switch|p2b: PZEGRANY|Ferrothorn, F|100\/100\n|move|p1b: Zeraora|Fake Out|p2a: \u03b7\u03c4\u03c4\u03b7\u03bc\u03ad\u03bd\u03bf\u03c2\n|-damage|p2a: \u03b7\u03c4\u03c4\u03b7\u03bc\u03ad\u03bd\u03bf\u03c2|93\/100\n|move|p1a: Rillaboom|U-turn|p2b: PZEGRANY\n|-damage|p2b: PZEGRANY|89\/100\n|-damage|p1a: Rillaboom|88\/100|[from] ability: Iron Barbs|[of] p2b: PZEGRANY\n|\n|t:|1665259121\n|switch|p1a: Landorus|Landorus, M|100\/100|[from]move: U-turn\n|cant|p2a: \u03b7\u03c4\u03c4\u03b7\u03bc\u03ad\u03bd\u03bf\u03c2|flinch\n|\n|-heal|p2a: \u03b7\u03c4\u03c4\u03b7\u03bc\u03ad\u03bd\u03bf\u03c2|99\/100|[from] Grassy Terrain\n|-heal|p2b: PZEGRANY|95\/100|[from] Grassy Terrain\n|-heal|p2b: PZEGRANY|100\/100|[from] item: Leftovers\n|upkeep\n|turn|2\n|\n|t:|1665259142\n|switch|p2a: FRACASSADO|Mew|100\/100\n|move|p1b: Zeraora|Taunt|p2b: PZEGRANY\n|-start|p2b: PZEGRANY|move: Taunt\n|move|p1a: Landorus|Earth Power|p2a: FRACASSADO\n|-damage|p2a: FRACASSADO|30\/100\n|cant|p2b: PZEGRANY|move: Taunt|Leech Seed\n|\n|-heal|p2a: FRACASSADO|36\/100|[from] Grassy Terrain\n|upkeep\n|turn|3\n|\n|t:|1665259162\n|switch|p2b: PERDEDOR|Naganadel|100\/100\n|move|p2a: FRACASSADO|Ice Beam|p1a: Landorus\n|-supereffective|p1a: Landorus\n|-damage|p1a: Landorus|0 fnt\n|faint|p1a: Landorus\n|move|p1b: Zeraora|Taunt|p2a: FRACASSADO\n|-start|p2a: FRACASSADO|move: Taunt\n|\n|-heal|p2a: FRACASSADO|42\/100|[from] Grassy Terrain\n|upkeep\n|\n|t:|1665259174\n|switch|p1a: Rillaboom|Rillaboom, M|88\/100\n|turn|4\n|\n|t:|1665259191\n|switch|p2a: PZEGRANY|Ferrothorn, F|100\/100\n|switch|p1b: Mew|Mew|100\/100\n|move|p2b: PERDEDOR|Protect|p2b: PERDEDOR\n|-singleturn|p2b: PERDEDOR|Protect\n|move|p1a: Rillaboom|Fake Out|p2b: PERDEDOR\n|-activate|p2b: PERDEDOR|move: Protect\n|\n|-heal|p1a: Rillaboom|94\/100|[from] Grassy Terrain\n|upkeep\n|turn|5\n|\n|t:|1665259212\n|switch|p2b: \u03b7\u03c4\u03c4\u03b7\u03bc\u03ad\u03bd\u03bf\u03c2|Incineroar, M|99\/100\n|-ability|p2b: \u03b7\u03c4\u03c4\u03b7\u03bc\u03ad\u03bd\u03bf\u03c2|Intimidate|boost\n|-unboost|p1a: Rillaboom|atk|1\n|-unboost|p1b: Mew|atk|1\n|move|p1b: Mew|Fake Out|p2b: \u03b7\u03c4\u03c4\u03b7\u03bc\u03ad\u03bd\u03bf\u03c2\n|-damage|p2b: \u03b7\u03c4\u03c4\u03b7\u03bc\u03ad\u03bd\u03bf\u03c2|94\/100\n|move|p1a: Rillaboom|High Horsepower|p2b: \u03b7\u03c4\u03c4\u03b7\u03bc\u03ad\u03bd\u03bf\u03c2\n|-supereffective|p2b: \u03b7\u03c4\u03c4\u03b7\u03bc\u03ad\u03bd\u03bf\u03c2\n|-damage|p2b: \u03b7\u03c4\u03c4\u03b7\u03bc\u03ad\u03bd\u03bf\u03c2|56\/100\n|move|p2a: PZEGRANY|Iron Defense|p2a: PZEGRANY\n|-boost|p2a: PZEGRANY|def|2\n|\n|-heal|p1a: Rillaboom|100\/100|[from] Grassy Terrain\n|-heal|p2b: \u03b7\u03c4\u03c4\u03b7\u03bc\u03ad\u03bd\u03bf\u03c2|63\/100|[from] Grassy Terrain\n|-fieldend|move: Grassy Terrain\n|upkeep\n|turn|6\n|\n|t:|1665259230\n|move|p1b: Mew|Ally Switch|p1b: Mew\n|swap|p1b: Mew|0|[from] move: Ally Switch\n|move|p1b: Rillaboom|U-turn|p2b: \u03b7\u03c4\u03c4\u03b7\u03bc\u03ad\u03bd\u03bf\u03c2\n|-damage|p2b: \u03b7\u03c4\u03c4\u03b7\u03bc\u03ad\u03bd\u03bf\u03c2|49\/100\n|\n|t:|1665259237\n|switch|p1b: Tapu Fini|Tapu Fini|100\/100|[from]move: U-turn\n|-fieldstart|move: Misty Terrain|[from] ability: Misty Surge|[of] p1b: Tapu Fini\n|move|p2b: \u03b7\u03c4\u03c4\u03b7\u03bc\u03ad\u03bd\u03bf\u03c2|Parting Shot|p1a: Mew\n|-unboost|p1a: Mew|atk|1\n|-unboost|p1a: Mew|spa|1\n|\n|t:|1665259245\n|switch|p2b: PERDEDOR|Naganadel|100\/100|[from]move: Parting Shot\n|move|p2a: PZEGRANY|Leech Seed|p1b: Tapu Fini\n|-start|p1b: Tapu Fini|move: Leech Seed\n|\n|-damage|p1b: Tapu Fini|88\/100|[from] Leech Seed|[of] p2a: PZEGRANY\n|upkeep\n|turn|7\n|\n|t:|1665259264\n|move|p1b: Tapu Fini|Protect|p1b: Tapu Fini\n|-singleturn|p1b: Tapu Fini|Protect\n|move|p2b: PERDEDOR|Sludge Bomb|p1b: Tapu Fini\n|-activate|p1b: Tapu Fini|move: Protect\n|move|p1a: Mew|Snarl|p2a: PZEGRANY|[spread] p2a,p2b\n|-damage|p2a: PZEGRANY|96\/100\n|-damage|p2b: PERDEDOR|91\/100\n|-unboost|p2a: PZEGRANY|spa|1\n|-unboost|p2b: PERDEDOR|spa|1\n|move|p2a: PZEGRANY|Iron Defense|p2a: PZEGRANY\n|-boost|p2a: PZEGRANY|def|2\n|\n|-heal|p1b: Tapu Fini|94\/100|[from] item: Leftovers\n|-heal|p2a: PZEGRANY|100\/100|[from] item: Leftovers\n|-damage|p1b: Tapu Fini|82\/100|[from] Leech Seed|[of] p2a: PZEGRANY\n|upkeep\n|turn|8\n|\n|t:|1665259292\n|move|p2b: PERDEDOR|Sludge Bomb|p1b: Tapu Fini\n|-supereffective|p1b: Tapu Fini\n|-damage|p1b: Tapu Fini|13\/100\n|-damage|p2b: PERDEDOR|81\/100|[from] item: Life Orb\n|move|p1a: Mew|Snarl|p2a: PZEGRANY|[spread] p2a,p2b\n|-damage|p2a: PZEGRANY|96\/100\n|-damage|p2b: PERDEDOR|72\/100\n|-unboost|p2a: PZEGRANY|spa|1\n|-unboost|p2b: PERDEDOR|spa|1\n|move|p1b: Tapu Fini|Moonblast|p2b: PERDEDOR\n|-damage|p2b: PERDEDOR|18\/100\n|move|p2a: PZEGRANY|Leech Seed|p1a: Mew\n|-start|p1a: Mew|move: Leech Seed\n|\n|-heal|p1b: Tapu Fini|19\/100|[from] item: Leftovers\n|-heal|p2a: PZEGRANY|100\/100|[from] item: Leftovers\n|-damage|p1a: Mew|88\/100|[from] Leech Seed|[of] p2a: PZEGRANY\n|-damage|p1b: Tapu Fini|6\/100|[from] Leech Seed|[of] p2a: PZEGRANY\n|upkeep\n|turn|9\n|\n|t:|1665259312\n|switch|p2b: \u8ca0\u3051\u72ac|Diancie|100\/100\n|switch|p1b: Zeraora|Zeraora|100\/100\n|move|p1a: Mew|Ally Switch|p1a: Mew\n|swap|p1a: Mew|1|[from] move: Ally Switch\n|move|p2a: PZEGRANY|Iron Defense|p2a: PZEGRANY\n|-boost|p2a: PZEGRANY|def|2\n|\n|-damage|p1b: Mew|76\/100|[from] Leech Seed|[of] p2a: PZEGRANY\n|upkeep\n|turn|10\n|\n|t:|1665259343\n|move|p1a: Zeraora|Close Combat|p2a: PZEGRANY\n|-supereffective|p2a: PZEGRANY\n|-crit|p2a: PZEGRANY\n|-damage|p2a: PZEGRANY|31\/100\n|-unboost|p1a: Zeraora|def|1\n|-unboost|p1a: Zeraora|spd|1\n|-damage|p1a: Zeraora|88\/100|[from] ability: Iron Barbs|[of] p2a: PZEGRANY\n|move|p1b: Mew|Snarl|p2b: \u8ca0\u3051\u72ac|[spread] p2a,p2b\n|-resisted|p2b: \u8ca0\u3051\u72ac\n|-damage|p2a: PZEGRANY|26\/100\n|-damage|p2b: \u8ca0\u3051\u72ac|98\/100\n|-unboost|p2a: PZEGRANY|spa|1\n|move|p2a: PZEGRANY|Body Press|p1a: Zeraora\n|-damage|p1a: Zeraora|0 fnt\n|faint|p1a: Zeraora\n|move|p2b: \u8ca0\u3051\u72ac|Trick Room|p2b: \u8ca0\u3051\u72ac\n|-fieldstart|move: Trick Room|[of] p2b: \u8ca0\u3051\u72ac\n|\n|-heal|p2a: PZEGRANY|32\/100|[from] item: Leftovers\n|-damage|p1b: Mew|63\/100|[from] Leech Seed|[of] p2a: PZEGRANY\n|-heal|p2a: PZEGRANY|47\/100|[silent]\n|-fieldend|Misty Terrain\n|upkeep\n|\n|t:|1665259347\n|switch|p1a: Rillaboom|Rillaboom, M|100\/100\n|-fieldstart|move: Grassy Terrain|[from] ability: Grassy Surge|[of] p1a: Rillaboom\n|turn|11\n|\n|t:|1665259367\n|switch|p2b: \u03b7\u03c4\u03c4\u03b7\u03bc\u03ad\u03bd\u03bf\u03c2|Incineroar, M|49\/100\n|-ability|p2b: \u03b7\u03c4\u03c4\u03b7\u03bc\u03ad\u03bd\u03bf\u03c2|Intimidate|boost\n|-unboost|p1a: Rillaboom|atk|1\n|-unboost|p1b: Mew|atk|1\n|switch|p1b: Tapu Fini|Tapu Fini|6\/100\n|-fieldstart|move: Misty Terrain|[from] ability: Misty Surge|[of] p1b: Tapu Fini\n|move|p2a: PZEGRANY|Protect|p2a: PZEGRANY\n|-singleturn|p2a: PZEGRANY|Protect\n|move|p1a: Rillaboom|Fake Out|p2b: \u03b7\u03c4\u03c4\u03b7\u03bc\u03ad\u03bd\u03bf\u03c2\n|-crit|p2b: \u03b7\u03c4\u03c4\u03b7\u03bc\u03ad\u03bd\u03bf\u03c2\n|-damage|p2b: \u03b7\u03c4\u03c4\u03b7\u03bc\u03ad\u03bd\u03bf\u03c2|29\/100\n|\n|-heal|p2a: PZEGRANY|53\/100|[from] item: Leftovers\n|-heal|p1b: Tapu Fini|12\/100|[from] item: Leftovers\n|upkeep\n|turn|12\n|\n|t:|1665259382\n|move|p1b: Tapu Fini|Protect|p1b: Tapu Fini\n|-singleturn|p1b: Tapu Fini|Protect\n|move|p2b: \u03b7\u03c4\u03c4\u03b7\u03bc\u03ad\u03bd\u03bf\u03c2|Fake Out|p1b: Tapu Fini\n|-activate|p1b: Tapu Fini|move: Protect\n|move|p2a: PZEGRANY|Body Press|p1a: Rillaboom\n|-damage|p1a: Rillaboom|16\/100\n|move|p1a: Rillaboom|High Horsepower|p2b: \u03b7\u03c4\u03c4\u03b7\u03bc\u03ad\u03bd\u03bf\u03c2\n|-supereffective|p2b: \u03b7\u03c4\u03c4\u03b7\u03bc\u03ad\u03bd\u03bf\u03c2\n|-damage|p2b: \u03b7\u03c4\u03c4\u03b7\u03bc\u03ad\u03bd\u03bf\u03c2|0 fnt\n|faint|p2b: \u03b7\u03c4\u03c4\u03b7\u03bc\u03ad\u03bd\u03bf\u03c2\n|\n|-heal|p2a: PZEGRANY|59\/100|[from] item: Leftovers\n|-heal|p1b: Tapu Fini|19\/100|[from] item: Leftovers\n|upkeep\n|\n|t:|1665259390\n|switch|p2b: \u8ca0\u3051\u72ac|Diancie|98\/100\n|turn|13\n|\n|t:|1665259400\n|move|p2a: PZEGRANY|Body Press|p1a: Rillaboom\n|-damage|p1a: Rillaboom|0 fnt\n|faint|p1a: Rillaboom\n|move|p2b: \u8ca0\u3051\u72ac|Diamond Storm|p1b: Tapu Fini\n|-damage|p1b: Tapu Fini|0 fnt\n|faint|p1b: Tapu Fini\n|\n|-heal|p2a: PZEGRANY|65\/100|[from] item: Leftovers\n|upkeep\n|\n|t:|1665259407\n|switch|p1b: Volcarona|Volcarona, M|100\/100\n|switch|p1a: Mew|Mew|63\/100\n|turn|14\n|\n|t:|1665259421\n|move|p1a: Mew|Fake Out|p2b: \u8ca0\u3051\u72ac\n|-resisted|p2b: \u8ca0\u3051\u72ac\n|-damage|p2b: \u8ca0\u3051\u72ac|95\/100\n|move|p2a: PZEGRANY|Body Press|p1a: Mew\n|-resisted|p1a: Mew\n|-damage|p1a: Mew|21\/100\n|cant|p2b: \u8ca0\u3051\u72ac|flinch\n|move|p1b: Volcarona|Heat Wave|p2a: PZEGRANY|[spread] p2a,p2b\n|-supereffective|p2a: PZEGRANY\n|-resisted|p2b: \u8ca0\u3051\u72ac\n|-damage|p2a: PZEGRANY|0 fnt\n|-damage|p2b: \u8ca0\u3051\u72ac|80\/100\n|faint|p2a: PZEGRANY\n|\n|-fieldend|move: Trick Room\n|upkeep\n|\n|t:|1665259427\n|switch|p2a: PERDEDOR|Naganadel|18\/100\n|turn|15\n|\n|t:|1665259448\n|move|p2a: PERDEDOR|Sludge Bomb|p1a: Mew\n|-damage|p1a: Mew|0 fnt\n|faint|p1a: Mew\n|-ability|p2a: PERDEDOR|Beast Boost|boost\n|-boost|p2a: PERDEDOR|spa|1\n|-damage|p2a: PERDEDOR|8\/100|[from] item: Life Orb\n|move|p1b: Volcarona|Heat Wave|p2a: PERDEDOR|[spread] p2a,p2b\n|-resisted|p2a: PERDEDOR\n|-resisted|p2b: \u8ca0\u3051\u72ac\n|-crit|p2b: \u8ca0\u3051\u72ac\n|-damage|p2a: PERDEDOR|0 fnt\n|-damage|p2b: \u8ca0\u3051\u72ac|59\/100\n|faint|p2a: PERDEDOR\n|move|p2b: \u8ca0\u3051\u72ac|Diamond Storm|p1b: Volcarona\n|-supereffective|p1b: Volcarona\n|-damage|p1b: Volcarona|0 fnt\n|-boost|p2b: \u8ca0\u3051\u72ac|def|2\n|faint|p1b: Volcarona\n|\n|win|EVERYOPPSHOT\n|c|\u2606big pichu|gg\n","uploadtime":1665259456,"views":23,"p1id":"bigpichu","p2id":"everyoppshot","formatid":"gen8doublesou","rating":0,"private":0,"password":null}