{"id":"gen8ou-1437863637","p1":"doggyboi123","p2":"badalakazam","format":"gen8ou","log":"|j|\u2606doggyboi123\n|j|\u2606badalakazam\n|inactive|Battle timer is ON: inactive players will automatically lose when time's up.\n|t:|1634590335\n|gametype|singles\n|player|p1|doggyboi123|170|\n|player|p2|badalakazam|artist|\n|teamsize|p1|6\n|teamsize|p2|6\n|gen|8\n|tier|[Gen 8] OU\n|rated|Tournament battle\n|rule|Sleep Clause Mod: Limit one foe put to sleep\n|rule|Species Clause: Limit one of each Pok\u00e9mon\n|rule|OHKO Clause: OHKO moves are banned\n|rule|Evasion Moves Clause: Evasion moves are banned\n|rule|Endless Battle Clause: Forcing endless battles is banned\n|rule|HP Percentage Mod: HP is shown in percentages\n|rule|Dynamax Clause: You cannot dynamax\n|clearpoke\n|poke|p1|Kyurem|\n|poke|p1|Blissey, F|\n|poke|p1|Corviknight, F|\n|poke|p1|Rillaboom, M|\n|poke|p1|Heatran, F|\n|poke|p1|Keldeo-Resolute|\n|poke|p2|Magnezone|\n|poke|p2|Mew|\n|poke|p2|Klefki, M|\n|poke|p2|Toxapex, F|\n|poke|p2|Ninetales-Alola, F|\n|poke|p2|Tapu Lele|\n|teampreview\n|c|\u2606doggyboi123|finals? or\n|\n|t:|1634590360\n|start\n|switch|p1a: Heatran|Heatran, F|100\/100\n|switch|p2a: Magnezone|Magnezone|100\/100\n|turn|1\n|\n|t:|1634590362\n|move|p1a: Heatran|Earth Power|p2a: Magnezone\n|-supereffective|p2a: Magnezone\n|-damage|p2a: Magnezone|21\/100\n|move|p2a: Magnezone|Mirror Coat|p1a: Heatran\n|-damage|p1a: Heatran|0 fnt\n|faint|p1a: Heatran\n|\n|upkeep\n|c|\u2606doggyboi123|WHAT\n|\n|t:|1634590378\n|switch|p1a: Keldeo|Keldeo-Resolute|100\/100\n|turn|2\n|\n|t:|1634590387\n|switch|p2a: Ninetales|Ninetales-Alola, F|100\/100\n|-weather|Hail|[from] ability: Snow Warning|[of] p2a: Ninetales\n|move|p1a: Keldeo|Surf|p2a: Ninetales\n|-damage|p2a: Ninetales|32\/100\n|\n|-weather|Hail|[upkeep]\n|-damage|p1a: Keldeo|94\/100|[from] Hail\n|upkeep\n|turn|3\n|\n|t:|1634590411\n|move|p2a: Ninetales|Aurora Veil|p2a: Ninetales\n|-sidestart|p2: badalakazam|move: Aurora Veil\n|move|p1a: Keldeo|Surf|p2a: Ninetales\n|-damage|p2a: Ninetales|0 fnt\n|faint|p2a: Ninetales\n|\n|-weather|Hail|[upkeep]\n|-damage|p1a: Keldeo|88\/100|[from] Hail\n|upkeep\n|\n|t:|1634590422\n|switch|p2a: Klefki|Klefki, M|100\/100\n|turn|4\n|\n|t:|1634590429\n|switch|p1a: Blissey|Blissey, F|100\/100\n|move|p2a: Klefki|Calm Mind|p2a: Klefki\n|-boost|p2a: Klefki|spa|1\n|-boost|p2a: Klefki|spd|1\n|\n|-weather|Hail|[upkeep]\n|-damage|p2a: Klefki|95\/100|[from] Hail\n|-damage|p1a: Blissey|94\/100|[from] Hail\n|-heal|p2a: Klefki|100\/100|[from] item: Leftovers\n|upkeep\n|turn|5\n|\n|t:|1634590433\n|move|p2a: Klefki|Calm Mind|p2a: Klefki\n|-boost|p2a: Klefki|spa|1\n|-boost|p2a: Klefki|spd|1\n|move|p1a: Blissey|Seismic Toss|p2a: Klefki\n|-damage|p2a: Klefki|69\/100\n|\n|-weather|Hail|[upkeep]\n|-damage|p2a: Klefki|63\/100|[from] Hail\n|-damage|p1a: Blissey|88\/100|[from] Hail\n|-heal|p2a: Klefki|69\/100|[from] item: Leftovers\n|upkeep\n|turn|6\n|\n|t:|1634590438\n|move|p2a: Klefki|Calm Mind|p2a: Klefki\n|-boost|p2a: Klefki|spa|1\n|-boost|p2a: Klefki|spd|1\n|move|p1a: Blissey|Seismic Toss|p2a: Klefki\n|-damage|p2a: Klefki|38\/100\n|\n|-weather|none\n|-heal|p2a: Klefki|44\/100|[from] item: Leftovers\n|upkeep\n|turn|7\n|\n|t:|1634590444\n|move|p2a: Klefki|Draining Kiss|p1a: Blissey\n|-damage|p1a: Blissey|71\/100\n|-heal|p2a: Klefki|72\/100|[from] drain|[of] p1a: Blissey\n|move|p1a: Blissey|Seismic Toss|p2a: Klefki\n|-damage|p2a: Klefki|41\/100\n|\n|-heal|p2a: Klefki|47\/100|[from] item: Leftovers\n|upkeep\n|turn|8\n|\n|t:|1634590447\n|move|p2a: Klefki|Draining Kiss|p1a: Blissey\n|-damage|p1a: Blissey|56\/100\n|-heal|p2a: Klefki|72\/100|[from] drain|[of] p1a: Blissey\n|move|p1a: Blissey|Seismic Toss|p2a: Klefki\n|-damage|p2a: Klefki|41\/100\n|\n|-heal|p2a: Klefki|47\/100|[from] item: Leftovers\n|upkeep\n|turn|9\n|\n|t:|1634590450\n|move|p2a: Klefki|Calm Mind|p2a: Klefki\n|-boost|p2a: Klefki|spa|1\n|-boost|p2a: Klefki|spd|1\n|move|p1a: Blissey|Seismic Toss|p2a: Klefki\n|-damage|p2a: Klefki|15\/100\n|\n|-heal|p2a: Klefki|21\/100|[from] item: Leftovers\n|upkeep\n|turn|10\n|\n|t:|1634590454\n|move|p2a: Klefki|Draining Kiss|p1a: Blissey\n|-damage|p1a: Blissey|35\/100\n|-heal|p2a: Klefki|56\/100|[from] drain|[of] p1a: Blissey\n|move|p1a: Blissey|Seismic Toss|p2a: Klefki\n|-damage|p2a: Klefki|25\/100\n|\n|-heal|p2a: Klefki|31\/100|[from] item: Leftovers\n|-sideend|p2: badalakazam|move: Aurora Veil\n|upkeep\n|turn|11\n|\n|t:|1634590457\n|move|p2a: Klefki|Draining Kiss|p1a: Blissey\n|-damage|p1a: Blissey|16\/100\n|-heal|p2a: Klefki|63\/100|[from] drain|[of] p1a: Blissey\n|move|p1a: Blissey|Seismic Toss|p2a: Klefki\n|-damage|p2a: Klefki|31\/100\n|\n|-heal|p2a: Klefki|37\/100|[from] item: Leftovers\n|upkeep\n|turn|12\n|\n|t:|1634590461\n|move|p2a: Klefki|Draining Kiss|p1a: Blissey\n|-damage|p1a: Blissey|0 fnt\n|-heal|p2a: Klefki|64\/100|[from] drain|[of] p1a: Blissey\n|faint|p1a: Blissey\n|\n|-heal|p2a: Klefki|70\/100|[from] item: Leftovers\n|upkeep\n|\n|t:|1634590463\n|switch|p1a: Keldeo|Keldeo-Resolute|88\/100\n|turn|13\n|j|@georgiethefirst\n|c|\u2606doggyboi123|thats cool\n|c|\u2606badalakazam|252 SpA Choice Specs Keldeo Secret Sword vs. 252 HP \/ 72+ Def Klefki: 189-223 (59.4 - 70.1%) -- guaranteed 2HKO after Leftovers recovery\n|l|@georgiethefirst\n|\n|t:|1634590485\n|move|p1a: Keldeo|Secret Sword|p2a: Klefki\n|-damage|p2a: Klefki|11\/100\n|move|p2a: Klefki|Draining Kiss|p1a: Keldeo\n|-supereffective|p1a: Keldeo\n|-damage|p1a: Keldeo|0 fnt\n|-heal|p2a: Klefki|77\/100|[from] drain|[of] p1a: Keldeo\n|faint|p1a: Keldeo\n|\n|-heal|p2a: Klefki|83\/100|[from] item: Leftovers\n|upkeep\n|c|\u2606doggyboi123|wat\n|\n|t:|1634590501\n|switch|p1a: Rillaboom|Rillaboom, M|100\/100\n|-fieldstart|move: Grassy Terrain|[from] ability: Grassy Surge|[of] p1a: Rillaboom\n|turn|14\n|\n|t:|1634590507\n|move|p2a: Klefki|Iron Defense|p2a: Klefki\n|-boost|p2a: Klefki|def|2\n|move|p1a: Rillaboom|U-turn|p2a: Klefki\n|-resisted|p2a: Klefki\n|-damage|p2a: Klefki|78\/100\n|\n|t:|1634590511\n|switch|p1a: Corviknight|Corviknight, F|100\/100|[from]move: U-turn\n|-ability|p1a: Corviknight|Pressure\n|\n|-heal|p2a: Klefki|84\/100|[from] Grassy Terrain\n|-heal|p2a: Klefki|90\/100|[from] item: Leftovers\n|upkeep\n|turn|15\n|\n|t:|1634590514\n|move|p2a: Klefki|Calm Mind|p2a: Klefki\n|-boost|p2a: Klefki|spa|1\n|-boost|p2a: Klefki|spd|1\n|move|p1a: Corviknight|Roost||[still]\n|-fail|p1a: Corviknight|heal\n|\n|-heal|p2a: Klefki|96\/100|[from] Grassy Terrain\n|-heal|p2a: Klefki|100\/100|[from] item: Leftovers\n|upkeep\n|turn|16\n|\n|t:|1634590517\n|move|p2a: Klefki|Calm Mind|p2a: Klefki\n|-boost|p2a: Klefki|spa|1\n|-boost|p2a: Klefki|spd|1\n|move|p1a: Corviknight|Body Press|p2a: Klefki\n|-damage|p2a: Klefki|89\/100\n|\n|-heal|p2a: Klefki|95\/100|[from] Grassy Terrain\n|-heal|p2a: Klefki|100\/100|[from] item: Leftovers\n|upkeep\n|turn|17\n|\n|t:|1634590520\n|move|p2a: Klefki|Iron Defense|p2a: Klefki\n|-boost|p2a: Klefki|def|2\n|move|p1a: Corviknight|Roost||[still]\n|-fail|p1a: Corviknight|heal\n|\n|upkeep\n|turn|18\n|\n|t:|1634590522\n|move|p2a: Klefki|Iron Defense|p2a: Klefki\n|-boost|p2a: Klefki|def|2\n|move|p1a: Corviknight|Body Press|p2a: Klefki\n|-damage|p2a: Klefki|94\/100\n|\n|-heal|p2a: Klefki|99\/100|[from] Grassy Terrain\n|-heal|p2a: Klefki|100\/100|[from] item: Leftovers\n|-fieldend|move: Grassy Terrain\n|upkeep\n|turn|19\n|\n|t:|1634590527\n|move|p2a: Klefki|Stored Power|p1a: Corviknight\n|-resisted|p1a: Corviknight\n|-damage|p1a: Corviknight|0 fnt\n|faint|p1a: Corviknight\n|\n|upkeep\n|-message|doggyboi123 forfeited.\n|\n|win|badalakazam\n|n|\u2606doggyboi123|doggyboi123\n|n|\u2606badalakazam|badalakazam\n","uploadtime":1634590534,"views":11,"p1id":"doggyboi123","p2id":"badalakazam","formatid":"gen8ou","rating":0,"private":0,"password":null}