{"id":"gen8nationaldex-1582036809","p1":"jusemato","p2":"Fastpitchkiller","format":"gen8nationaldex","log":"|j|\u2606jusemato\n|j|\u2606Fastpitchkiller\n|t:|1653427668\n|gametype|singles\n|player|p1|jusemato|bugcatcher-gen4dp|\n|player|p2|Fastpitchkiller|101|\n|teamsize|p1|6\n|teamsize|p2|6\n|gen|8\n|tier|[Gen 8] National Dex\n|rule|HP Percentage Mod: HP is shown in percentages\n|rule|Endless Battle Clause: Forcing endless battles is banned\n|rule|OHKO Clause: OHKO moves are banned\n|rule|Evasion Moves Clause: Evasion moves are banned\n|rule|Species Clause: Limit one of each Pok\u00e9mon\n|rule|Dynamax Clause: You cannot dynamax\n|rule|Sleep Clause Mod: Limit one foe put to sleep\n|clearpoke\n|poke|p1|Manaphy|\n|poke|p1|Pelipper, M|\n|poke|p1|Weavile, M|\n|poke|p1|Ferrothorn, M|\n|poke|p1|Swampert, M|\n|poke|p1|Zapdos|\n|poke|p2|Greninja, M|\n|poke|p2|Zapdos|\n|poke|p2|Melmetal|\n|poke|p2|Slowbro, F|\n|poke|p2|Tyranitar, M|\n|poke|p2|Kommo-o, F|\n|teampreview\n|c|\u2606jusemato|Mucha suerte!!\n|\n|t:|1653427685\n|start\n|switch|p1a: Weavile|Weavile, M|100\/100\n|switch|p2a: Slowgatell|Slowbro, F|100\/100\n|-ability|p1a: Weavile|Pressure\n|turn|1\n|\n|t:|1653427701\n|move|p1a: Weavile|Knock Off|p2a: Slowgatell\n|-supereffective|p2a: Slowgatell\n|-damage|p2a: Slowgatell|18\/100\n|-damage|p1a: Weavile|84\/100|[from] item: Rocky Helmet|[of] p2a: Slowgatell\n|-enditem|p2a: Slowgatell|Rocky Helmet|[from] move: Knock Off|[of] p1a: Weavile\n|move|p2a: Slowgatell|Scald|p1a: Weavile\n|-damage|p1a: Weavile|47\/100\n|\n|upkeep\n|turn|2\n|\n|t:|1653427713\n|switch|p1a: Pelipper|Pelipper, M|100\/100\n|-weather|RainDance|[from] ability: Drizzle|[of] p1a: Pelipper\n|switch|p2a: Kommo-o|Kommo-o, F|100\/100\n|\n|-weather|RainDance|[upkeep]\n|upkeep\n|turn|3\n|\n|t:|1653427724\n|switch|p2a: Zapdos|Zapdos|100\/100\n|move|p1a: Pelipper|U-turn|p2a: Zapdos\n|-resisted|p2a: Zapdos\n|-damage|p2a: Zapdos|97\/100\n|\n|t:|1653427738\n|switch|p1a: Swampert|Swampert, M|100\/100|[from]move: U-turn\n|\n|-weather|RainDance|[upkeep]\n|upkeep\n|turn|4\n|\n|t:|1653427744\n|switch|p2a: Slowgatell|Slowbro, F|52\/100\n|detailschange|p1a: Swampert|Swampert-Mega, M\n|-mega|p1a: Swampert|Swampert|Swampertite\n|move|p1a: Swampert|Flip Turn|p2a: Slowgatell\n|-resisted|p2a: Slowgatell\n|-damage|p2a: Slowgatell|36\/100\n|\n|t:|1653427752\n|switch|p1a: Manaphy|Manaphy|100\/100|[from]move: Flip Turn\n|\n|-weather|RainDance|[upkeep]\n|upkeep\n|turn|5\n|\n|t:|1653427759\n|move|p1a: Manaphy|Tail Glow|p1a: Manaphy\n|-boost|p1a: Manaphy|spa|3\n|move|p2a: Slowgatell|Toxic|p1a: Manaphy\n|-status|p1a: Manaphy|tox\n|\n|-weather|RainDance|[upkeep]\n|-activate|p1a: Manaphy|ability: Hydration\n|-curestatus|p1a: Manaphy|tox|[msg]\n|upkeep\n|turn|6\n|\n|t:|1653427769\n|switch|p2a: Zapdos|Zapdos|97\/100\n|move|p1a: Manaphy|Energy Ball|p2a: Zapdos\n|-resisted|p2a: Zapdos\n|-damage|p2a: Zapdos|66\/100\n|\n|-weather|RainDance|[upkeep]\n|upkeep\n|turn|7\n|\n|t:|1653427778\n|switch|p2a: Slowgatell|Slowbro, F|69\/100\n|move|p1a: Manaphy|Surf|p2a: Slowgatell\n|-resisted|p2a: Slowgatell\n|-damage|p2a: Slowgatell|0 fnt\n|faint|p2a: Slowgatell\n|\n|-weather|RainDance|[upkeep]\n|upkeep\n|\n|t:|1653427787\n|switch|p2a: Greninja|Greninja, M|100\/100\n|turn|8\n|\n|t:|1653427790\n|move|p2a: Greninja|Dark Pulse|p1a: Manaphy\n|-damage|p1a: Manaphy|50\/100\n|move|p1a: Manaphy|Energy Ball|p2a: Greninja\n|-supereffective|p2a: Greninja\n|-damage|p2a: Greninja|0 fnt\n|faint|p2a: Greninja\n|\n|-weather|RainDance|[upkeep]\n|upkeep\n|\n|t:|1653427800\n|switch|p2a: Tyranitar|Tyranitar, M|100\/100\n|-weather|Sandstorm|[from] ability: Sand Stream|[of] p2a: Tyranitar\n|turn|9\n|\n|t:|1653427814\n|move|p1a: Manaphy|Surf|p2a: Tyranitar\n|-supereffective|p2a: Tyranitar\n|-crit|p2a: Tyranitar\n|-damage|p2a: Tyranitar|0 fnt\n|faint|p2a: Tyranitar\n|\n|-weather|Sandstorm|[upkeep]\n|-damage|p1a: Manaphy|44\/100|[from] Sandstorm\n|upkeep\n|\n|t:|1653427822\n|switch|p2a: Kommo-o|Kommo-o, F|100\/100\n|turn|10\n|\n|t:|1653427826\n|-zpower|p1a: Manaphy\n|move|p1a: Manaphy|Hydro Vortex|p2a: Kommo-o|[zeffect]\n|-resisted|p2a: Kommo-o\n|-damage|p2a: Kommo-o|0 fnt\n|faint|p2a: Kommo-o\n|\n|-weather|Sandstorm|[upkeep]\n|-damage|p1a: Manaphy|38\/100|[from] Sandstorm\n|upkeep\n|-message|Fastpitchkiller forfeited.\n|\n|win|jusemato\n|l|\u2606Fastpitchkiller\n","uploadtime":1653427841,"views":25,"p1id":"jusemato","p2id":"fastpitchkiller","formatid":"gen8nationaldex","rating":0,"private":0,"password":null}