{"id":"gen8ou-1163143209","p1":"GaijinEagle","p2":"Draques","format":"gen8ou","log":"|j|\u2606GaijinEagle\n|j|\u2606Draques\n|t:|1596554409\n|player|p1|GaijinEagle|102|1231\n|player|p2|Draques|2|1197\n|teamsize|p1|6\n|teamsize|p2|6\n|gametype|singles\n|gen|8\n|tier|[Gen 8] OU\n|rated|\n|html|<div class=\"broadcast-blue\"><strong>OU is currently suspecting Magearna! For information on how to participate check out the <a href=\"https:\/\/www.smogon.com\/forums\/threads\/3667669\/\">suspect thread<\/a>.<\/strong><\/div>\n|clearpoke\n|poke|p1|Shuckle, M|\n|poke|p1|Urshifu-*, M|\n|poke|p1|Lycanroc-Dusk, M|\n|poke|p1|Alakazam, F|\n|poke|p1|Cinderace, F|\n|poke|p1|Dragapult, M|\n|poke|p2|Lycanroc-Dusk, M|\n|poke|p2|Urshifu-*, F|\n|poke|p2|Rotom-Heat|\n|poke|p2|Tangrowth, M|\n|poke|p2|Magearna|\n|poke|p2|Dragapult, F|\n|rule|Sleep Clause Mod: Limit one foe put to sleep\n|rule|Species Clause: Limit one of each Pok\u00e9mon\n|rule|OHKO Clause: OHKO moves are banned\n|rule|Evasion Moves Clause: Evasion moves are banned\n|rule|Endless Battle Clause: Forcing endless battles is banned\n|rule|HP Percentage Mod: HP is shown in percentages\n|rule|Dynamax Clause: You cannot dynamax\n|teampreview\n|inactive|Battle timer is ON: inactive players will automatically lose when time's up. (requested by GaijinEagle)\n|inactive|GaijinEagle has 120 seconds left.\n|inactive|Draques has 120 seconds left.\n|inactive|GaijinEagle has 90 seconds left.\n|inactive|GaijinEagle has 60 seconds left.\n|inactive|GaijinEagle has 30 seconds left.\n|inactive|GaijinEagle has 20 seconds left.\n|inactive|GaijinEagle has 15 seconds left.\n|inactiveoff|Battle timer is now OFF.\n|\n|t:|1596554551\n|start\n|switch|p1a: Shuckle|Shuckle, M|100\/100\n|switch|p2a: Urshifu|Urshifu-Rapid-Strike, F|100\/100\n|turn|1\n|inactive|Battle timer is ON: inactive players will automatically lose when time's up. (requested by Draques)\n|\n|t:|1596554575\n|move|p2a: Urshifu|Surging Strikes|p1a: Shuckle\n|-supereffective|p1a: Shuckle\n|-crit|p1a: Shuckle\n|-damage|p1a: Shuckle|73\/100\n|-supereffective|p1a: Shuckle\n|-crit|p1a: Shuckle\n|-damage|p1a: Shuckle|44\/100\n|-supereffective|p1a: Shuckle\n|-crit|p1a: Shuckle\n|-damage|p1a: Shuckle|16\/100\n|-hitcount|p1a: Shuckle|3\n|move|p1a: Shuckle|Sticky Web|p2a: Urshifu\n|-sidestart|p2: Draques|move: Sticky Web\n|\n|upkeep\n|turn|2\n|\n|t:|1596554584\n|move|p2a: Urshifu|Surging Strikes|p1a: Shuckle\n|-supereffective|p1a: Shuckle\n|-crit|p1a: Shuckle\n|-damage|p1a: Shuckle|0 fnt\n|-hitcount|p1a: Shuckle|1\n|faint|p1a: Shuckle\n|\n|upkeep\n|inactive|GaijinEagle has 60 seconds left.\n|\n|t:|1596554631\n|switch|p1a: Dragapult|Dragapult, M|100\/100\n|turn|3\n|\n|t:|1596554640\n|switch|p2a: Rotom|Rotom-Heat|100\/100\n|move|p1a: Dragapult|Dragon Darts|p2a: Rotom\n|-damage|p2a: Rotom|62\/100\n|-anim|p1a: Dragapult|Dragon Darts|p2a: Rotom\n|-damage|p2a: Rotom|26\/100\n|-damage|p1a: Dragapult|91\/100|[from] item: Life Orb\n|\n|upkeep\n|turn|4\n|inactive|GaijinEagle has 60 seconds left.\n|\n|t:|1596554663\n|switch|p2a: Magearna|Magearna|100\/100\n|-activate|p2a: Magearna|move: Sticky Web\n|-unboost|p2a: Magearna|spe|1\n|move|p1a: Dragapult|Phantom Force||[still]\n|-prepare|p1a: Dragapult|Phantom Force\n|\n|upkeep\n|turn|5\n|\n|t:|1596554673\n|move|p1a: Dragapult|Phantom Force|p2a: Magearna|[from]lockedmove\n|-damage|p2a: Magearna|43\/100\n|-damage|p1a: Dragapult|81\/100|[from] item: Life Orb\n|move|p2a: Magearna|Draining Kiss|p1a: Dragapult\n|-supereffective|p1a: Dragapult\n|-damage|p1a: Dragapult|24\/100\n|-heal|p2a: Magearna|80\/100|[from] drain|[of] p1a: Dragapult\n|\n|upkeep\n|turn|6\n|inactive|GaijinEagle has 60 seconds left.\n|inactive|GaijinEagle has 30 seconds left.\n|inactive|GaijinEagle has 20 seconds left.\n|\n|t:|1596554719\n|move|p1a: Dragapult|Phantom Force||[still]\n|-prepare|p1a: Dragapult|Phantom Force\n|move|p2a: Magearna|Volt Switch|p1a: Dragapult|[miss]\n|-miss|p2a: Magearna|p1a: Dragapult\n|\n|upkeep\n|turn|7\n|inactive|GaijinEagle has 30 seconds left this turn.\n|\n|t:|1596554729\n|move|p1a: Dragapult|Phantom Force|p2a: Magearna|[from]lockedmove\n|-damage|p2a: Magearna|31\/100\n|-damage|p1a: Dragapult|14\/100|[from] item: Life Orb\n|move|p2a: Magearna|Draining Kiss|p1a: Dragapult\n|-supereffective|p1a: Dragapult\n|-damage|p1a: Dragapult|0 fnt\n|-heal|p2a: Magearna|40\/100|[from] drain|[of] p1a: Dragapult\n|faint|p1a: Dragapult\n|-ability|p2a: Magearna|Soul-Heart|boost\n|-boost|p2a: Magearna|spa|1\n|\n|upkeep\n|inactive|GaijinEagle has 30 seconds left.\n|\n|t:|1596554743\n|switch|p1a: Cinderace|Cinderace, F|100\/100\n|turn|8\n|inactive|GaijinEagle has 30 seconds left.\n|\n|t:|1596554749\n|switch|p2a: Rotom|Rotom-Heat|26\/100\n|move|p1a: Cinderace|Pyro Ball|p2a: Rotom|[miss]\n|-miss|p1a: Cinderace|p2a: Rotom\n|\n|upkeep\n|turn|9\n|inactive|GaijinEagle has 30 seconds left.\n|\n|t:|1596554762\n|move|p1a: Cinderace|Sucker Punch||[still]\n|-fail|p1a: Cinderace\n|move|p2a: Rotom|Pain Split|p1a: Cinderace\n|-sethp|p1a: Cinderace|63\/100|[from] move: Pain Split|[silent]\n|-sethp|p2a: Rotom|63\/100|[from] move: Pain Split\n|\n|upkeep\n|turn|10\n|\n|t:|1596554768\n|move|p1a: Cinderace|Zen Headbutt|p2a: Rotom\n|-start|p1a: Cinderace|typechange|Psychic|[from] ability: Libero\n|-damage|p2a: Rotom|18\/100\n|move|p2a: Rotom|Defog|p1a: Cinderace\n|-unboost|p1a: Cinderace|evasion|1\n|-sideend|p2: Draques|Sticky Web|[from] move: Defog|[of] p2a: Rotom\n|\n|upkeep\n|turn|11\n|\n|t:|1596554777\n|move|p1a: Cinderace|Zen Headbutt|p2a: Rotom\n|-damage|p2a: Rotom|0 fnt\n|faint|p2a: Rotom\n|\n|upkeep\n|\n|t:|1596554786\n|switch|p2a: Urshifu|Urshifu-Rapid-Strike, F|100\/100\n|turn|12\n|inactive|GaijinEagle has 60 seconds left.\n|\n|t:|1596554806\n|move|p2a: Urshifu|U-turn|p1a: Cinderace\n|-supereffective|p1a: Cinderace\n|-damage|p1a: Cinderace|0 fnt\n|faint|p1a: Cinderace\n|\n|t:|1596554828\n|switch|p2a: Tangrowth|Tangrowth, M|100\/100|[from]move: U-turn\n|\n|upkeep\n|inactive|GaijinEagle has 30 seconds left.\n|\n|t:|1596554855\n|switch|p1a: Urshifu|Urshifu, M|100\/100\n|turn|13\n|\n|t:|1596554863\n|move|p1a: Urshifu|Close Combat|p2a: Tangrowth\n|-damage|p2a: Tangrowth|58\/100\n|-unboost|p1a: Urshifu|def|1\n|-unboost|p1a: Urshifu|spd|1\n|-damage|p1a: Urshifu|84\/100|[from] item: Rocky Helmet|[of] p2a: Tangrowth\n|-damage|p1a: Urshifu|74\/100|[from] item: Life Orb\n|move|p2a: Tangrowth|Sleep Powder|p1a: Urshifu\n|-status|p1a: Urshifu|slp|[from] move: Sleep Powder\n|\n|upkeep\n|turn|14\n|\n|t:|1596554874\n|cant|p1a: Urshifu|slp\n|move|p2a: Tangrowth|Giga Drain|p1a: Urshifu\n|-damage|p1a: Urshifu|7\/100 slp\n|-heal|p2a: Tangrowth|86\/100|[from] drain|[of] p1a: Urshifu\n|\n|upkeep\n|turn|15\n|\n|t:|1596554881\n|cant|p1a: Urshifu|slp\n|move|p2a: Tangrowth|Giga Drain|p1a: Urshifu\n|-damage|p1a: Urshifu|0 fnt\n|-heal|p2a: Tangrowth|89\/100|[from] drain|[of] p1a: Urshifu\n|faint|p1a: Urshifu\n|\n|upkeep\n|\n|t:|1596554885\n|switch|p1a: Lycanroc|Lycanroc-Dusk, M|100\/100\n|turn|16\n|\n|t:|1596554902\n|move|p1a: Lycanroc|Close Combat|p2a: Tangrowth\n|-damage|p2a: Tangrowth|56\/100\n|-unboost|p1a: Lycanroc|def|1\n|-unboost|p1a: Lycanroc|spd|1\n|-damage|p1a: Lycanroc|84\/100|[from] item: Rocky Helmet|[of] p2a: Tangrowth\n|-damage|p1a: Lycanroc|74\/100|[from] item: Life Orb\n|move|p2a: Tangrowth|Giga Drain|p1a: Lycanroc\n|-supereffective|p1a: Lycanroc\n|-damage|p1a: Lycanroc|0 fnt\n|-heal|p2a: Tangrowth|83\/100|[from] drain|[of] p1a: Lycanroc\n|faint|p1a: Lycanroc\n|\n|upkeep\n|\n|t:|1596554905\n|switch|p1a: Alakazam|Alakazam, F|100\/100\n|turn|17\n|c|\u2606Draques|gg\n|\n|t:|1596554916\n|move|p1a: Alakazam|Nasty Plot|p1a: Alakazam\n|-boost|p1a: Alakazam|spa|2\n|move|p2a: Tangrowth|Knock Off|p1a: Alakazam\n|-supereffective|p1a: Alakazam\n|-enditem|p1a: Alakazam|Focus Sash\n|-damage|p1a: Alakazam|1\/100\n|\n|upkeep\n|turn|18\n|inactive|GaijinEagle has 60 seconds left.\n|\n|t:|1596554933\n|move|p1a: Alakazam|Psychic|p2a: Tangrowth\n|-damage|p2a: Tangrowth|0 fnt\n|faint|p2a: Tangrowth\n|\n|upkeep\n|\n|t:|1596554939\n|switch|p2a: Lycanroc|Lycanroc-Dusk, M|100\/100\n|turn|19\n|inactive|GaijinEagle has 60 seconds left.\n|\n|t:|1596554947\n|move|p2a: Lycanroc|Accelerock|p1a: Alakazam\n|-damage|p1a: Alakazam|0 fnt\n|faint|p1a: Alakazam\n|\n|win|Draques\n|c|\u2606GaijinEagle|gg\n","uploadtime":1596554953,"views":17,"p1id":"gaijineagle","p2id":"draques","formatid":"gen8ou","rating":0,"private":0,"password":null}