{"id":"gen8ou-1686757855","p1":"ChandosH","p2":"AraAraCatastrophe","format":"gen8ou","log":"|html|<div class=\"broadcast-blue\"><strong>[Gen 8] OU is currently suspecting Melmetal! For information on how to participate check out the <a href=\"https:\/\/www.smogon.com\/forums\/threads\/np-ss-ou-suspect-process-round-12-monster-mash.3709234\/\">suspect thread<\/a>.<\/strong><\/div>\n|j|\u2606ChandosH\n|j|\u2606AraAraCatastrophe\n|t:|1665879149\n|gametype|singles\n|player|p1|ChandosH|n-masters|1432\n|player|p2|AraAraCatastrophe|unknown|1409\n|teamsize|p1|6\n|teamsize|p2|6\n|gen|8\n|tier|[Gen 8] OU\n|rated|\n|rule|Sleep Clause Mod: Limit one foe put to sleep\n|rule|Species Clause: Limit one of each Pok\u00e9mon\n|rule|OHKO Clause: OHKO moves are banned\n|rule|Evasion Items Clause: Evasion items are banned\n|rule|Evasion Moves Clause: Evasion moves are banned\n|rule|Endless Battle Clause: Forcing endless battles is banned\n|rule|HP Percentage Mod: HP is shown in percentages\n|rule|Dynamax Clause: You cannot dynamax\n|clearpoke\n|poke|p1|Marowak-Alola, M|\n|poke|p1|Corviknight, F|\n|poke|p1|Toxapex, F|\n|poke|p1|Hatterene, F|\n|poke|p1|Blissey, F|\n|poke|p1|Rotom-Wash|\n|poke|p2|Dragapult, F|\n|poke|p2|Melmetal|\n|poke|p2|Tapu Fini|\n|poke|p2|Heatran, F|\n|poke|p2|Buzzwole|\n|poke|p2|Gastrodon, F|\n|teampreview\n|inactive|Battle timer is ON: inactive players will automatically lose when time's up. (requested by AraAraCatastrophe)\n|\n|t:|1665879171\n|start\n|switch|p1a: Rotom|Rotom-Wash|100\/100\n|switch|p2a: Dragapult|Dragapult, F|100\/100\n|turn|1\n|\n|t:|1665879179\n|move|p2a: Dragapult|Shadow Ball|p1a: Rotom\n|-damage|p1a: Rotom|58\/100\n|-unboost|p1a: Rotom|spd|1\n|move|p1a: Rotom|Thunder Wave|p2a: Dragapult\n|-status|p2a: Dragapult|par\n|\n|-heal|p1a: Rotom|64\/100|[from] item: Leftovers\n|upkeep\n|turn|2\n|\n|t:|1665879184\n|switch|p1a: Blissey|Blissey, F|100\/100\n|cant|p2a: Dragapult|par\n|\n|upkeep\n|turn|3\n|\n|t:|1665879190\n|switch|p2a: Tapu Fini|Tapu Fini|100\/100\n|-fieldstart|move: Misty Terrain|[from] ability: Misty Surge|[of] p2a: Tapu Fini\n|move|p1a: Blissey|Teleport|p1a: Blissey\n|\n|t:|1665879195\n|switch|p1a: Rotom|Rotom-Wash|64\/100|[from]move: Teleport\n|\n|-heal|p1a: Rotom|70\/100|[from] item: Leftovers\n|upkeep\n|turn|4\n|\n|t:|1665879202\n|switch|p2a: Gastrodon|Gastrodon, F|100\/100\n|switch|p1a: Toxapex|Toxapex, F|100\/100\n|\n|upkeep\n|turn|5\n|\n|t:|1665879209\n|move|p1a: Toxapex|Toxic|p2a: Gastrodon\n|-activate|p2a: Gastrodon|move: Misty Terrain\n|move|p2a: Gastrodon|Earthquake|p1a: Toxapex\n|-supereffective|p1a: Toxapex\n|-damage|p1a: Toxapex|63\/100\n|-enditem|p1a: Toxapex|Eject Button\n|c|\u2606ChandosH|o wait im stupid lmao\n|inactive|ChandosH has 120 seconds left.\n|\n|t:|1665879252\n|switch|p1a: Marowak|Marowak-Alola, M|100\/100\n|\n|upkeep\n|turn|6\n|\n|t:|1665879260\n|move|p1a: Marowak|Poltergeist|p2a: Gastrodon\n|-activate|p2a: Gastrodon|move: Poltergeist|Leftovers\n|-damage|p2a: Gastrodon|0 fnt\n|faint|p2a: Gastrodon\n|\n|upkeep\n|\n|t:|1665879270\n|switch|p2a: Heatran|Heatran, F|100\/100\n|turn|7\n|c|\u2606ChandosH|sorry\n|c|\u2606ChandosH|that was a roll\n|\n|t:|1665879283\n|switch|p1a: Rotom|Rotom-Wash|70\/100\n|move|p2a: Heatran|Earth Power|p1a: Rotom\n|-immune|p1a: Rotom|[from] ability: Levitate\n|\n|-heal|p1a: Rotom|76\/100|[from] item: Leftovers\n|-fieldend|Misty Terrain\n|upkeep\n|turn|8\n|\n|t:|1665879292\n|move|p2a: Heatran|Magma Storm|p1a: Rotom|[miss]\n|-miss|p2a: Heatran|p1a: Rotom\n|move|p1a: Rotom|Thunder Wave|p2a: Heatran\n|-status|p2a: Heatran|par\n|\n|-heal|p1a: Rotom|83\/100|[from] item: Leftovers\n|upkeep\n|turn|9\n|\n|t:|1665879295\n|move|p1a: Rotom|Hydro Pump|p2a: Heatran\n|-supereffective|p2a: Heatran\n|-damage|p2a: Heatran|44\/100 par\n|move|p2a: Heatran|Magma Storm|p1a: Rotom\n|-resisted|p1a: Rotom\n|-damage|p1a: Rotom|66\/100\n|-activate|p1a: Rotom|move: Magma Storm|[of] p2a: Heatran\n|\n|-heal|p1a: Rotom|72\/100|[from] item: Leftovers\n|-damage|p1a: Rotom|60\/100|[from] move: Magma Storm|[partiallytrapped]\n|upkeep\n|turn|10\n|\n|t:|1665879301\n|move|p1a: Rotom|Hydro Pump|p2a: Heatran\n|-supereffective|p2a: Heatran\n|-damage|p2a: Heatran|0 fnt\n|faint|p2a: Heatran\n|\n|-heal|p1a: Rotom|66\/100|[from] item: Leftovers\n|-end|p1a: Rotom|Magma Storm|[partiallytrapped]|[silent]\n|upkeep\n|-message|AraAraCatastrophe forfeited.\n|\n|win|ChandosH\n|raw|ChandosH's rating: 1432 &rarr; <strong>1451<\/strong><br \/>(+19 for winning)\n|raw|AraAraCatastrophe's rating: 1409 &rarr; <strong>1390<\/strong><br \/>(-19 for losing)\n|l|\u2606AraAraCatastrophe\n","uploadtime":1665879313,"views":14,"p1id":"chandosh","p2id":"araaracatastrophe","formatid":"gen8ou","rating":1390,"private":0,"password":null}