{"id":"gen8nationaldex-1594168144","p1":"Neil278","p2":"SirFresh","format":"gen8nationaldex","log":"|j|\u2606Neil278\n|j|\u2606SirFresh\n|t:|1654970553\n|gametype|singles\n|player|p1|Neil278|266|\n|player|p2|SirFresh|palmer|\n|teamsize|p1|6\n|teamsize|p2|6\n|gen|8\n|tier|[Gen 8] National Dex\n|rule|HP Percentage Mod: HP is shown in percentages\n|rule|Endless Battle Clause: Forcing endless battles is banned\n|rule|OHKO Clause: OHKO moves are banned\n|rule|Evasion Moves Clause: Evasion moves are banned\n|rule|Species Clause: Limit one of each Pok\u00e9mon\n|rule|Dynamax Clause: You cannot dynamax\n|rule|Sleep Clause Mod: Limit one foe put to sleep\n|clearpoke\n|poke|p1|Rotom-Wash|\n|poke|p1|Lopunny, F|\n|poke|p1|Gliscor, M|\n|poke|p1|Weavile, F|\n|poke|p1|Garchomp, F|\n|poke|p1|Staraptor, F|\n|poke|p2|Infernape, M|\n|poke|p2|Staraptor, M|\n|poke|p2|Gliscor, M|\n|poke|p2|Bronzong|\n|poke|p2|Manaphy|\n|poke|p2|Gallade, M|\n|teampreview\n|c|\u2606Neil278|GLHF!\n|\n|t:|1654970668\n|start\n|switch|p1a: Rotom|Rotom-Wash|100\/100\n|switch|p2a: Bronzong|Bronzong|100\/100\n|turn|1\n|\n|t:|1654970674\n|move|p1a: Rotom|Volt Switch|p2a: Bronzong\n|-damage|p2a: Bronzong|85\/100\n|\n|t:|1654970684\n|switch|p1a: Weavile|Weavile, F|100\/100|[from]move: Volt Switch\n|-ability|p1a: Weavile|Pressure\n|move|p2a: Bronzong|Stealth Rock|p1a: Weavile\n|-sidestart|p1: Neil278|move: Stealth Rock\n|\n|upkeep\n|turn|2\n|\n|t:|1654970704\n|switch|p2a: Infernape|Infernape, M|100\/100\n|move|p1a: Weavile|Knock Off|p2a: Infernape\n|-resisted|p2a: Infernape\n|-damage|p2a: Infernape|57\/100\n|-enditem|p2a: Infernape|Choice Band|[from] move: Knock Off|[of] p1a: Weavile\n|\n|upkeep\n|turn|3\n|\n|t:|1654970717\n|move|p1a: Weavile|Brick Break|p2a: Infernape\n|-damage|p2a: Infernape|13\/100\n|move|p2a: Infernape|U-turn|p1a: Weavile\n|-supereffective|p1a: Weavile\n|-damage|p1a: Weavile|26\/100\n|\n|t:|1654970739\n|switch|p2a: Gallade|Gallade, M|100\/100|[from]move: U-turn\n|\n|upkeep\n|turn|4\n|\n|t:|1654970746\n|detailschange|p2a: Gallade|Gallade-Mega, M\n|-mega|p2a: Gallade|Gallade|Galladite\n|move|p2a: Gallade|Drain Punch|p1a: Weavile\n|-supereffective|p1a: Weavile\n|-damage|p1a: Weavile|0 fnt\n|faint|p1a: Weavile\n|\n|upkeep\n|\n|t:|1654970758\n|switch|p1a: Rotom|Rotom-Wash|100\/100\n|-damage|p1a: Rotom|88\/100|[from] Stealth Rock\n|turn|5\n|\n|t:|1654970769\n|switch|p2a: Gliscor|Gliscor, M|100\/100\n|move|p1a: Rotom|Will-O-Wisp|p2a: Gliscor\n|-status|p2a: Gliscor|brn\n|\n|-heal|p1a: Rotom|94\/100|[from] item: Leftovers\n|-damage|p2a: Gliscor|94\/100 brn|[from] brn\n|upkeep\n|turn|6\n|\n|t:|1654970778\n|move|p2a: Gliscor|Knock Off|p1a: Rotom\n|-damage|p1a: Rotom|85\/100\n|-enditem|p1a: Rotom|Leftovers|[from] move: Knock Off|[of] p2a: Gliscor\n|move|p1a: Rotom|Hydro Pump|p2a: Gliscor|[miss]\n|-miss|p1a: Rotom|p2a: Gliscor\n|\n|-damage|p2a: Gliscor|88\/100 brn|[from] brn\n|upkeep\n|turn|7\n|\n|t:|1654970787\n|move|p2a: Gliscor|Toxic|p1a: Rotom\n|-status|p1a: Rotom|tox\n|move|p1a: Rotom|Hydro Pump|p2a: Gliscor\n|-supereffective|p2a: Gliscor\n|-damage|p2a: Gliscor|0 fnt\n|faint|p2a: Gliscor\n|\n|-damage|p1a: Rotom|79\/100 tox|[from] psn\n|upkeep\n|\n|t:|1654970796\n|switch|p2a: Bronzong|Bronzong|85\/100\n|turn|8\n|\n|t:|1654970802\n|move|p1a: Rotom|Hydro Pump|p2a: Bronzong\n|-damage|p2a: Bronzong|59\/100\n|move|p2a: Bronzong|Reflect|p2a: Bronzong\n|-sidestart|p2: SirFresh|Reflect\n|\n|-damage|p1a: Rotom|66\/100 tox|[from] psn\n|upkeep\n|turn|9\n|\n|t:|1654970827\n|switch|p2a: Infernape|Infernape, M|13\/100\n|move|p1a: Rotom|Volt Switch|p2a: Infernape\n|-damage|p2a: Infernape|0 fnt\n|faint|p2a: Infernape\n|\n|t:|1654970896\n|switch|p1a: Garchomp|Garchomp, F|100\/100|[from]move: Volt Switch\n|-damage|p1a: Garchomp|94\/100|[from] Stealth Rock\n|\n|upkeep\n|\n|t:|1654970903\n|switch|p2a: Gallade|Gallade-Mega, M|100\/100\n|turn|10\n|\n|t:|1654970908\n|move|p1a: Garchomp|Earthquake|p2a: Gallade\n|-damage|p2a: Gallade|68\/100\n|move|p2a: Gallade|Ice Punch|p1a: Garchomp\n|-supereffective|p1a: Garchomp\n|-damage|p1a: Garchomp|0 fnt\n|-damage|p2a: Gallade|56\/100|[from] ability: Rough Skin|[of] p1a: Garchomp\n|faint|p1a: Garchomp\n|\n|upkeep\n|\n|t:|1654970920\n|switch|p1a: Staraptor|Staraptor, F|100\/100\n|-damage|p1a: Staraptor|75\/100|[from] Stealth Rock\n|turn|11\n|\n|t:|1654970925\n|switch|p2a: Bronzong|Bronzong|59\/100\n|move|p1a: Staraptor|Brave Bird|p2a: Bronzong\n|-resisted|p2a: Bronzong\n|-damage|p2a: Bronzong|42\/100\n|-damage|p1a: Staraptor|69\/100|[from] Recoil\n|\n|upkeep\n|turn|12\n|\n|t:|1654970942\n|switch|p1a: Gliscor|Gliscor, M|100\/100\n|-damage|p1a: Gliscor|88\/100|[from] Stealth Rock\n|move|p2a: Bronzong|Rain Dance|p2a: Bronzong\n|-weather|RainDance\n|\n|-weather|RainDance|[upkeep]\n|-status|p1a: Gliscor|tox|[from] item: Toxic Orb\n|upkeep\n|turn|13\n|\n|t:|1654970950\n|switch|p2a: Manaphy|Manaphy|100\/100\n|move|p1a: Gliscor|Stealth Rock|p2a: Manaphy\n|-sidestart|p2: SirFresh|move: Stealth Rock\n|\n|-weather|RainDance|[upkeep]\n|-heal|p1a: Gliscor|100\/100 tox|[from] ability: Poison Heal\n|upkeep\n|turn|14\n|\n|t:|1654970961\n|switch|p1a: Rotom|Rotom-Wash|66\/100 tox\n|-damage|p1a: Rotom|54\/100 tox|[from] Stealth Rock\n|move|p2a: Manaphy|Tail Glow|p2a: Manaphy\n|-boost|p2a: Manaphy|spa|3\n|\n|-weather|RainDance|[upkeep]\n|-damage|p1a: Rotom|48\/100 tox|[from] psn\n|upkeep\n|turn|15\n|\n|t:|1654970969\n|move|p2a: Manaphy|Energy Ball|p1a: Rotom\n|-supereffective|p1a: Rotom\n|-damage|p1a: Rotom|0 fnt\n|faint|p1a: Rotom\n|\n|-weather|RainDance|[upkeep]\n|-sideend|p2: SirFresh|Reflect\n|upkeep\n|\n|t:|1654970977\n|switch|p1a: Lopunny|Lopunny, F|100\/100\n|-damage|p1a: Lopunny|88\/100|[from] Stealth Rock\n|turn|16\n|\n|t:|1654970982\n|detailschange|p1a: Lopunny|Lopunny-Mega, F\n|-mega|p1a: Lopunny|Lopunny|Lopunnite\n|move|p1a: Lopunny|Fake Out|p2a: Manaphy\n|-damage|p2a: Manaphy|81\/100\n|cant|p2a: Manaphy|flinch\n|\n|-weather|none\n|upkeep\n|turn|17\n|\n|t:|1654970990\n|move|p1a: Lopunny|Close Combat|p2a: Manaphy\n|-damage|p2a: Manaphy|27\/100\n|-unboost|p1a: Lopunny|def|1\n|-unboost|p1a: Lopunny|spd|1\n|move|p2a: Manaphy|Surf|p1a: Lopunny\n|-damage|p1a: Lopunny|0 fnt\n|faint|p1a: Lopunny\n|\n|upkeep\n|\n|t:|1654970998\n|switch|p1a: Staraptor|Staraptor, F|69\/100\n|-damage|p1a: Staraptor|44\/100|[from] Stealth Rock\n|turn|18\n|\n|t:|1654971017\n|move|p1a: Staraptor|Brave Bird|p2a: Manaphy\n|-damage|p2a: Manaphy|0 fnt\n|faint|p2a: Manaphy\n|-damage|p1a: Staraptor|33\/100|[from] Recoil\n|\n|upkeep\n|\n|t:|1654971033\n|switch|p2a: Staraptor|Staraptor, M|100\/100\n|-damage|p2a: Staraptor|76\/100|[from] Stealth Rock\n|turn|19\n|\n|t:|1654971038\n|move|p2a: Staraptor|Double-Edge|p1a: Staraptor\n|-damage|p1a: Staraptor|0 fnt\n|faint|p1a: Staraptor\n|-damage|p2a: Staraptor|65\/100|[from] Recoil\n|\n|upkeep\n|c|\u2606Neil278|oof, speed tie\n|c|\u2606Neil278|GG\n|\n|t:|1654971044\n|switch|p1a: Gliscor|Gliscor, M|100\/100 tox\n|-damage|p1a: Gliscor|88\/100 tox|[from] Stealth Rock\n|turn|20\n|\n|t:|1654971049\n|move|p2a: Staraptor|Double-Edge|p1a: Gliscor\n|-damage|p1a: Gliscor|38\/100 tox\n|-damage|p2a: Staraptor|46\/100|[from] Recoil\n|move|p1a: Gliscor|Facade|p2a: Staraptor\n|-damage|p2a: Staraptor|0 fnt\n|faint|p2a: Staraptor\n|\n|-heal|p1a: Gliscor|50\/100 tox|[from] ability: Poison Heal\n|upkeep\n|\n|t:|1654971052\n|switch|p2a: Gallade|Gallade-Mega, M|56\/100\n|-damage|p2a: Gallade|50\/100|[from] Stealth Rock\n|turn|21\n|\n|t:|1654971086\n|move|p2a: Gallade|Ice Punch|p1a: Gliscor\n|-supereffective|p1a: Gliscor\n|-damage|p1a: Gliscor|0 fnt\n|faint|p1a: Gliscor\n|\n|win|SirFresh\n","uploadtime":1654971093,"views":6,"p1id":"neil278","p2id":"sirfresh","formatid":"gen8nationaldex","rating":0,"private":0,"password":null}