{"id":"gen8ou-1629140250","p1":"RTSG tests","p2":"LT91BB nolonolo","format":"gen8ou","log":"|raw|<div class=\"broadcast-blue\"><strong>This battle is required to be public due to a player having a name starting with 'lt91bb'.<\/div>\n|j|\u2606RTSG tests\n|j|\u2606LT91BB nolonolo\n|t:|1659268903\n|gametype|singles\n|player|p1|RTSG tests|birdkeeper|1639\n|player|p2|LT91BB nolonolo|gambler|1597\n|teamsize|p1|6\n|teamsize|p2|6\n|gen|8\n|tier|[Gen 8] OU\n|rated|\n|rule|Sleep Clause Mod: Limit one foe put to sleep\n|rule|Species Clause: Limit one of each Pok\u00e9mon\n|rule|OHKO Clause: OHKO moves are banned\n|rule|Evasion Moves Clause: Evasion moves are banned\n|rule|Endless Battle Clause: Forcing endless battles is banned\n|rule|HP Percentage Mod: HP is shown in percentages\n|rule|Dynamax Clause: You cannot dynamax\n|clearpoke\n|poke|p1|Sceptile, M|\n|poke|p1|Salamence, M|\n|poke|p1|Excadrill, F|\n|poke|p1|Tapu Koko|\n|poke|p1|Magnezone|\n|poke|p1|Weavile, M|\n|poke|p2|Dragonite, F|\n|poke|p2|Magnezone|\n|poke|p2|Weavile, M|\n|poke|p2|Tapu Fini|\n|poke|p2|Landorus-Therian, M|\n|poke|p2|Blaziken, F|\n|teampreview\n|\n|t:|1659268911\n|start\n|switch|p1a: Excadrill|Excadrill, F|100\/100\n|switch|p2a: Landorus|Landorus-Therian, M|100\/100\n|-ability|p1a: Excadrill|Mold Breaker\n|-ability|p2a: Landorus|Intimidate|boost\n|-unboost|p1a: Excadrill|atk|1\n|turn|1\n|\n|t:|1659268915\n|move|p1a: Excadrill|Toxic|p2a: Landorus\n|-status|p2a: Landorus|tox\n|move|p2a: Landorus|Stealth Rock|p1a: Excadrill\n|-sidestart|p1: RTSG tests|move: Stealth Rock\n|\n|-damage|p2a: Landorus|95\/100 tox|[from] psn\n|upkeep\n|turn|2\n|\n|t:|1659268918\n|move|p1a: Excadrill|Rapid Spin|p2a: Landorus\n|-damage|p2a: Landorus|81\/100 tox\n|-boost|p1a: Excadrill|spe|1\n|-sideend|p1: RTSG tests|Stealth Rock|[from] move: Rapid Spin|[of] p1a: Excadrill\n|move|p2a: Landorus|Earthquake|p1a: Excadrill\n|-supereffective|p1a: Excadrill\n|-enditem|p1a: Excadrill|Focus Sash\n|-damage|p1a: Excadrill|1\/100\n|\n|-damage|p2a: Landorus|69\/100 tox|[from] psn\n|upkeep\n|turn|3\n|\n|t:|1659268924\n|move|p1a: Excadrill|Stealth Rock|p2a: Landorus\n|-sidestart|p2: LT91BB nolonolo|move: Stealth Rock\n|move|p2a: Landorus|Stealth Rock|p1a: Excadrill\n|-sidestart|p1: RTSG tests|move: Stealth Rock\n|\n|-damage|p2a: Landorus|51\/100 tox|[from] psn\n|upkeep\n|turn|4\n|\n|t:|1659268952\n|move|p1a: Excadrill|Rapid Spin|p2a: Landorus\n|-damage|p2a: Landorus|38\/100 tox\n|-boost|p1a: Excadrill|spe|1\n|-sideend|p1: RTSG tests|Stealth Rock|[from] move: Rapid Spin|[of] p1a: Excadrill\n|move|p2a: Landorus|Stealth Rock|p1a: Excadrill\n|-sidestart|p1: RTSG tests|move: Stealth Rock\n|\n|-damage|p2a: Landorus|14\/100 tox|[from] psn\n|upkeep\n|turn|5\n|\n|t:|1659268958\n|move|p1a: Excadrill|Rapid Spin|p2a: Landorus\n|-damage|p2a: Landorus|0 fnt\n|-boost|p1a: Excadrill|spe|1\n|-sideend|p1: RTSG tests|Stealth Rock|[from] move: Rapid Spin|[of] p1a: Excadrill\n|faint|p2a: Landorus\n|\n|upkeep\n|\n|t:|1659268963\n|switch|p2a: Weavile|Weavile, M|100\/100\n|-ability|p2a: Weavile|Pressure\n|turn|6\n|\n|t:|1659268967\n|move|p2a: Weavile|Ice Shard|p1a: Excadrill\n|-damage|p1a: Excadrill|0 fnt\n|faint|p1a: Excadrill\n|\n|upkeep\n|\n|t:|1659268969\n|switch|p1a: Magnezone|Magnezone|100\/100\n|turn|7\n|\n|t:|1659268981\n|switch|p2a: Dragonite|Dragonite, F|100\/100\n|move|p1a: Magnezone|Volt Switch|p2a: Dragonite\n|-damage|p2a: Dragonite|68\/100\n|\n|t:|1659268987\n|switch|p1a: Weavile|Weavile, M|100\/100|[from]move: Volt Switch\n|-ability|p1a: Weavile|Pressure\n|\n|upkeep\n|turn|8\n|\n|t:|1659268991\n|switch|p2a: Magnezone|Magnezone|100\/100\n|-damage|p2a: Magnezone|94\/100|[from] Stealth Rock\n|move|p1a: Weavile|Knock Off|p2a: Magnezone\n|-damage|p2a: Magnezone|43\/100\n|-damage|p1a: Weavile|84\/100|[from] item: Rocky Helmet|[of] p2a: Magnezone\n|-enditem|p2a: Magnezone|Rocky Helmet|[from] move: Knock Off|[of] p1a: Weavile\n|-damage|p1a: Weavile|74\/100|[from] item: Life Orb\n|\n|upkeep\n|turn|9\n|\n|t:|1659269000\n|switch|p1a: Tapu Koko|Tapu Koko|100\/100\n|-fieldstart|move: Electric Terrain|[from] ability: Electric Surge|[of] p1a: Tapu Koko\n|move|p2a: Magnezone|Body Press|p1a: Tapu Koko\n|-resisted|p1a: Tapu Koko\n|-damage|p1a: Tapu Koko|84\/100\n|\n|upkeep\n|turn|10\n|\n|t:|1659269008\n|move|p1a: Tapu Koko|Reflect|p1a: Tapu Koko\n|-sidestart|p1: RTSG tests|Reflect\n|move|p2a: Magnezone|Thunderbolt|p1a: Tapu Koko\n|-resisted|p1a: Tapu Koko\n|-damage|p1a: Tapu Koko|51\/100\n|\n|upkeep\n|turn|11\n|\n|t:|1659269016\n|switch|p2a: Dragonite|Dragonite, F|68\/100\n|move|p1a: Tapu Koko|Volt Switch|p2a: Dragonite\n|-damage|p2a: Dragonite|35\/100\n|\n|t:|1659269038\n|switch|p1a: Salamence|Salamence, M|100\/100|[from]move: Volt Switch\n|\n|upkeep\n|turn|12\n|\n|t:|1659269045\n|move|p1a: Salamence|Dual Wingbeat|p2a: Dragonite\n|-damage|p2a: Dragonite|10\/100\n|-damage|p2a: Dragonite|0 fnt\n|faint|p2a: Dragonite\n|-ability|p1a: Salamence|Moxie|boost\n|-boost|p1a: Salamence|atk|1\n|-hitcount|p2: Dragonite|2\n|\n|upkeep\n|\n|t:|1659269047\n|switch|p2a: Tapu Fini|Tapu Fini|100\/100\n|-damage|p2a: Tapu Fini|88\/100|[from] Stealth Rock\n|-fieldstart|move: Misty Terrain|[from] ability: Misty Surge|[of] p2a: Tapu Fini\n|turn|13\n|\n|t:|1659269052\n|switch|p1a: Magnezone|Magnezone|100\/100\n|move|p2a: Tapu Fini|Moonblast|p1a: Magnezone\n|-resisted|p1a: Magnezone\n|-damage|p1a: Magnezone|74\/100\n|\n|upkeep\n|turn|14\n|\n|t:|1659269057\n|switch|p2a: Magnezone|Magnezone|43\/100\n|-damage|p2a: Magnezone|37\/100|[from] Stealth Rock\n|move|p1a: Magnezone|Volt Switch|p2a: Magnezone\n|-resisted|p2a: Magnezone\n|-damage|p2a: Magnezone|1\/100\n|\n|t:|1659269060\n|switch|p1a: Tapu Koko|Tapu Koko|51\/100|[from]move: Volt Switch\n|-fieldstart|move: Electric Terrain|[from] ability: Electric Surge|[of] p1a: Tapu Koko\n|\n|upkeep\n|turn|15\n|\n|t:|1659269062\n|move|p1a: Tapu Koko|Volt Switch|p2a: Magnezone\n|-resisted|p2a: Magnezone\n|-damage|p2a: Magnezone|0 fnt\n|faint|p2a: Magnezone\n|\n|t:|1659269067\n|switch|p1a: Salamence|Salamence, M|100\/100|[from]move: Volt Switch\n|\n|upkeep\n|\n|t:|1659269076\n|switch|p2a: Tapu Fini|Tapu Fini|88\/100\n|-damage|p2a: Tapu Fini|76\/100|[from] Stealth Rock\n|-fieldstart|move: Misty Terrain|[from] ability: Misty Surge|[of] p2a: Tapu Fini\n|turn|16\n|\n|t:|1659269080\n|switch|p1a: Tapu Koko|Tapu Koko|51\/100\n|-fieldstart|move: Electric Terrain|[from] ability: Electric Surge|[of] p1a: Tapu Koko\n|move|p2a: Tapu Fini|Surf|p1a: Tapu Koko\n|-damage|p1a: Tapu Koko|3\/100\n|\n|upkeep\n|turn|17\n|\n|t:|1659269084\n|switch|p1a: Magnezone|Magnezone|74\/100\n|move|p2a: Tapu Fini|Surf|p1a: Magnezone\n|-damage|p1a: Magnezone|23\/100\n|\n|-sideend|p1: RTSG tests|Reflect\n|upkeep\n|turn|18\n|\n|t:|1659269094\n|move|p2a: Tapu Fini|Surf|p1a: Magnezone\n|-crit|p1a: Magnezone\n|-damage|p1a: Magnezone|0 fnt\n|faint|p1a: Magnezone\n|\n|upkeep\n|\n|t:|1659269097\n|switch|p1a: Tapu Koko|Tapu Koko|3\/100\n|turn|19\n|\n|t:|1659269101\n|move|p2a: Tapu Fini|Surf|p1a: Tapu Koko\n|-damage|p1a: Tapu Koko|0 fnt\n|faint|p1a: Tapu Koko\n|\n|upkeep\n|\n|t:|1659269103\n|switch|p1a: Sceptile|Sceptile, M|100\/100\n|-enditem|p1a: Sceptile|Electric Seed\n|-boost|p1a: Sceptile|def|1|[from] item: Electric Seed\n|turn|20\n|\n|t:|1659269113\n|switch|p2a: Weavile|Weavile, M|100\/100\n|-ability|p2a: Weavile|Pressure\n|move|p1a: Sceptile|Swords Dance|p1a: Sceptile\n|-boost|p1a: Sceptile|atk|2\n|\n|-fieldend|move: Electric Terrain\n|upkeep\n|turn|21\n|\n|t:|1659269122\n|move|p2a: Weavile|Ice Shard|p1a: Sceptile\n|-supereffective|p1a: Sceptile\n|-damage|p1a: Sceptile|53\/100\n|move|p1a: Sceptile|Leaf Blade|p2a: Weavile\n|-damage|p2a: Weavile|0 fnt\n|faint|p2a: Weavile\n|\n|upkeep\n|\n|t:|1659269126\n|switch|p2a: Blaziken|Blaziken, F|100\/100\n|-damage|p2a: Blaziken|88\/100|[from] Stealth Rock\n|turn|22\n|\n|t:|1659269130\n|move|p1a: Sceptile|Acrobatics|p2a: Blaziken\n|-supereffective|p2a: Blaziken\n|-damage|p2a: Blaziken|0 fnt\n|faint|p2a: Blaziken\n|\n|upkeep\n|\n|t:|1659269133\n|switch|p2a: Tapu Fini|Tapu Fini|76\/100\n|-damage|p2a: Tapu Fini|63\/100|[from] Stealth Rock\n|-fieldstart|move: Misty Terrain|[from] ability: Misty Surge|[of] p2a: Tapu Fini\n|turn|23\n|\n|t:|1659269136\n|move|p1a: Sceptile|Leaf Blade|p2a: Tapu Fini\n|-supereffective|p2a: Tapu Fini\n|-damage|p2a: Tapu Fini|0 fnt\n|faint|p2a: Tapu Fini\n|\n|win|RTSG tests\n|raw|RTSG tests's rating: 1639 &rarr; <strong>1657<\/strong><br \/>(+18 for winning)\n|raw|LT91BB nolonolo's rating: 1597 &rarr; <strong>1579<\/strong><br \/>(-18 for losing)\n|l|\u2606LT91BB nolonolo\n","uploadtime":1659269140,"views":10,"p1id":"rtsgtests","p2id":"lt91bbnolonolo","formatid":"gen8ou","rating":1579,"private":0,"password":null}