{"id":"gen8ru-1547069335","p1":"RoyalReloaded","p2":"Bannedbyweek2","format":"gen8ru","log":"|j|\u2606RoyalReloaded\n|j|\u2606Bannedbyweek2\n|inactive|Battle timer is ON: inactive players will automatically lose when time's up.\n|t:|1649218059\n|gametype|singles\n|player|p1|RoyalReloaded|tucker-gen3|\n|player|p2|Bannedbyweek2|unknown|\n|teamsize|p1|6\n|teamsize|p2|6\n|gen|8\n|tier|[Gen 8] RU\n|rated|Tournament battle\n|rule|Sleep Clause Mod: Limit one foe put to sleep\n|rule|Species Clause: Limit one of each Pok\u00e9mon\n|rule|OHKO Clause: OHKO moves are banned\n|rule|Evasion Moves Clause: Evasion moves are banned\n|rule|Endless Battle Clause: Forcing endless battles is banned\n|rule|HP Percentage Mod: HP is shown in percentages\n|rule|Dynamax Clause: You cannot dynamax\n|clearpoke\n|poke|p1|Suicune|\n|poke|p1|Weezing-Galar, F|\n|poke|p1|Umbreon, F|\n|poke|p1|Dhelmise|\n|poke|p1|Entei|\n|poke|p1|Rhyperior, M|\n|poke|p2|Weezing-Galar, M|\n|poke|p2|Quagsire, M|\n|poke|p2|Mimikyu, M|\n|poke|p2|Tsareena, F|\n|poke|p2|Registeel|\n|poke|p2|Reuniclus, F|\n|teampreview\n|j|*Lady Monita \u273f\n|c|\u2606RoyalReloaded|hf\n|j| joey milktank\n|l| joey milktank\n|\n|t:|1649218087\n|start\n|switch|p1a: Entei|Entei|100\/100\n|switch|p2a: Weezing|Weezing-Galar, M|100\/100\n|-ability|p2a: Weezing|Neutralizing Gas\n|turn|1\n|\n|t:|1649218102\n|move|p1a: Entei|Sacred Fire|p2a: Weezing\n|-damage|p2a: Weezing|69\/100\n|-status|p2a: Weezing|brn\n|move|p2a: Weezing|Toxic Spikes|p1a: Entei\n|-sidestart|p1: RoyalReloaded|move: Toxic Spikes\n|\n|-heal|p2a: Weezing|75\/100 brn|[from] item: Black Sludge\n|-damage|p2a: Weezing|69\/100 brn|[from] brn\n|upkeep\n|turn|2\n|\n|t:|1649218109\n|move|p1a: Entei|Sacred Fire|p2a: Weezing\n|-crit|p2a: Weezing\n|-damage|p2a: Weezing|21\/100 brn\n|move|p2a: Weezing|Pain Split|p1a: Entei\n|-sethp|p1a: Entei|60\/100|[from] move: Pain Split|[silent]\n|-sethp|p2a: Weezing|66\/100 brn|[from] move: Pain Split\n|\n|-heal|p2a: Weezing|72\/100 brn|[from] item: Black Sludge\n|-damage|p2a: Weezing|66\/100 brn|[from] brn\n|upkeep\n|turn|3\n|\n|t:|1649218117\n|-end|p2a: Weezing|ability: Neutralizing Gas\n|switch|p2a: Quagsire|Quagsire, M|100\/100\n|move|p1a: Entei|Sacred Fire|p2a: Quagsire\n|-resisted|p2a: Quagsire\n|-damage|p2a: Quagsire|83\/100\n|-status|p2a: Quagsire|brn\n|\n|-heal|p2a: Quagsire|89\/100 brn|[from] item: Leftovers\n|-damage|p2a: Quagsire|83\/100 brn|[from] brn\n|upkeep\n|turn|4\n|\n|t:|1649218123\n|switch|p1a: Dhelmise|Dhelmise|100\/100\n|move|p2a: Quagsire|Scald|p1a: Dhelmise\n|-resisted|p1a: Dhelmise\n|-damage|p1a: Dhelmise|89\/100\n|-status|p1a: Dhelmise|brn\n|\n|-heal|p2a: Quagsire|89\/100 brn|[from] item: Leftovers\n|-damage|p1a: Dhelmise|83\/100 brn|[from] brn\n|-damage|p2a: Quagsire|83\/100 brn|[from] brn\n|upkeep\n|turn|5\n|\n|t:|1649218139\n|switch|p2a: Mimikyu|Mimikyu, M|100\/100\n|move|p1a: Dhelmise|Rapid Spin|p2a: Mimikyu\n|-immune|p2a: Mimikyu\n|\n|-damage|p1a: Dhelmise|77\/100 brn|[from] brn\n|upkeep\n|turn|6\n|\n|t:|1649218145\n|switch|p1a: Weezing|Weezing-Galar, F|100\/100\n|-ability|p1a: Weezing|Neutralizing Gas\n|-sideend|p1: RoyalReloaded|move: Toxic Spikes|[of] p1a: Weezing\n|move|p2a: Mimikyu|Shadow Claw|p1a: Weezing\n|-damage|p1a: Weezing|77\/100\n|-damage|p2a: Mimikyu|84\/100|[from] item: Rocky Helmet|[of] p1a: Weezing\n|-damage|p2a: Mimikyu|74\/100|[from] item: Life Orb\n|\n|upkeep\n|turn|7\n|\n|t:|1649218154\n|switch|p2a: Reuniclus|Reuniclus, F|100\/100\n|move|p1a: Weezing|Corrosive Gas|p2a: Reuniclus\n|-enditem|p2a: Reuniclus|Assault Vest|[from] move: Corrosive Gas|[of] p1a: Weezing\n|\n|upkeep\n|turn|8\n|\n|t:|1649218163\n|-end|p1a: Weezing|ability: Neutralizing Gas\n|switch|p1a: Umbreon|Umbreon, F|100\/100\n|move|p2a: Reuniclus|Future Sight|p1a: Umbreon\n|-start|p2a: Reuniclus|move: Future Sight\n|\n|upkeep\n|turn|9\n|\n|t:|1649218170\n|switch|p2a: Registeel|Registeel|100\/100\n|move|p1a: Umbreon|Heal Bell|p1a: Umbreon\n|-activate|p1a: Umbreon|move: Heal Bell\n|-curestatus|p1: Dhelmise|brn|[msg]\n|\n|upkeep\n|turn|10\n|\n|t:|1649218177\n|move|p1a: Umbreon|Protect|p1a: Umbreon\n|-singleturn|p1a: Umbreon|Protect\n|move|p2a: Registeel|Stealth Rock|p1a: Umbreon\n|-sidestart|p1: RoyalReloaded|move: Stealth Rock\n|\n|-end|p1a: Umbreon|move: Future Sight\n|-immune|p1a: Umbreon\n|upkeep\n|turn|11\n|\n|t:|1649218184\n|switch|p1a: Entei|Entei|60\/100\n|move|p2a: Registeel|Toxic|p1a: Entei\n|-status|p1a: Entei|tox\n|\n|-damage|p1a: Entei|53\/100 tox|[from] psn\n|upkeep\n|turn|12\n|\n|t:|1649218191\n|move|p2a: Registeel|Protect|p2a: Registeel\n|-singleturn|p2a: Registeel|Protect\n|move|p1a: Entei|Sacred Fire|p2a: Registeel\n|-activate|p2a: Registeel|move: Protect\n|\n|-damage|p1a: Entei|41\/100 tox|[from] psn\n|upkeep\n|turn|13\n|\n|t:|1649218195\n|switch|p1a: Dhelmise|Dhelmise|77\/100\n|switch|p2a: Quagsire|Quagsire, M|83\/100 brn\n|\n|-heal|p2a: Quagsire|89\/100 brn|[from] item: Leftovers\n|-damage|p2a: Quagsire|83\/100 brn|[from] brn\n|upkeep\n|turn|14\n|\n|t:|1649218203\n|switch|p2a: Mimikyu|Mimikyu, M|74\/100\n|move|p1a: Dhelmise|Poltergeist|p2a: Mimikyu\n|-activate|p2a: Mimikyu|move: Poltergeist|Life Orb\n|-activate|p2a: Mimikyu|ability: Disguise\n|-damage|p2a: Mimikyu|74\/100\n|detailschange|p2a: Mimikyu|Mimikyu-Busted, M\n|-damage|p2a: Mimikyu|62\/100|[from] pokemon: Mimikyu-Busted\n|\n|upkeep\n|turn|15\n|\n|t:|1649218209\n|move|p2a: Mimikyu|Swords Dance|p2a: Mimikyu\n|-boost|p2a: Mimikyu|atk|2\n|move|p1a: Dhelmise|Poltergeist|p2a: Mimikyu\n|-activate|p2a: Mimikyu|move: Poltergeist|Life Orb\n|-supereffective|p2a: Mimikyu\n|-damage|p2a: Mimikyu|0 fnt\n|faint|p2a: Mimikyu\n|\n|upkeep\n|\n|t:|1649218212\n|switch|p2a: Tsareena|Tsareena, F, shiny|100\/100\n|turn|16\n|\n|t:|1649218215\n|move|p2a: Tsareena|Knock Off|p1a: Dhelmise\n|-supereffective|p1a: Dhelmise\n|-damage|p1a: Dhelmise|5\/100\n|-enditem|p1a: Dhelmise|Heavy-Duty Boots|[from] move: Knock Off|[of] p2a: Tsareena\n|move|p1a: Dhelmise|Rapid Spin|p2a: Tsareena\n|-damage|p2a: Tsareena|78\/100\n|-boost|p1a: Dhelmise|spe|1\n|-sideend|p1: RoyalReloaded|Stealth Rock|[from] move: Rapid Spin|[of] p1a: Dhelmise\n|\n|upkeep\n|turn|17\n|\n|t:|1649218221\n|move|p2a: Tsareena|Knock Off|p1a: Dhelmise\n|-supereffective|p1a: Dhelmise\n|-damage|p1a: Dhelmise|0 fnt\n|faint|p1a: Dhelmise\n|\n|upkeep\n|\n|t:|1649218234\n|switch|p1a: Umbreon|Umbreon, F|100\/100\n|turn|18\n|\n|t:|1649218238\n|switch|p2a: Registeel|Registeel|100\/100\n|move|p1a: Umbreon|Heal Bell|p1a: Umbreon\n|-activate|p1a: Umbreon|move: Heal Bell\n|-curestatus|p1: Entei|tox|[msg]\n|\n|upkeep\n|turn|19\n|\n|t:|1649218241\n|move|p1a: Umbreon|Wish|p1a: Umbreon\n|move|p2a: Registeel|Stealth Rock|p1a: Umbreon\n|-sidestart|p1: RoyalReloaded|move: Stealth Rock\n|\n|upkeep\n|turn|20\n|\n|t:|1649218246\n|switch|p1a: Entei|Entei|41\/100\n|move|p2a: Registeel|Toxic|p1a: Entei\n|-status|p1a: Entei|tox\n|\n|-heal|p1a: Entei|94\/100 tox|[from] move: Wish|[wisher] Umbreon\n|-damage|p1a: Entei|88\/100 tox|[from] psn\n|upkeep\n|turn|21\n|\n|t:|1649218257\n|switch|p1a: Weezing|Weezing-Galar, F|77\/100\n|-ability|p1a: Weezing|Neutralizing Gas\n|-damage|p1a: Weezing|65\/100|[from] Stealth Rock\n|switch|p2a: Quagsire|Quagsire, M|83\/100 brn\n|\n|-heal|p2a: Quagsire|89\/100 brn|[from] item: Leftovers\n|-damage|p2a: Quagsire|83\/100 brn|[from] brn\n|upkeep\n|turn|22\n|\n|t:|1649218262\n|switch|p2a: Reuniclus|Reuniclus, F|100\/100\n|move|p1a: Weezing|Corrosive Gas|p2a: Reuniclus\n|-fail|p2a: Reuniclus|move: Corrosive Gas\n|\n|upkeep\n|turn|23\n|\n|t:|1649218264\n|-end|p1a: Weezing|ability: Neutralizing Gas\n|switch|p1a: Umbreon|Umbreon, F|100\/100\n|-damage|p1a: Umbreon|88\/100|[from] Stealth Rock\n|move|p2a: Reuniclus|Focus Blast|p1a: Umbreon\n|-supereffective|p1a: Umbreon\n|-damage|p1a: Umbreon|52\/100\n|\n|-heal|p1a: Umbreon|58\/100|[from] item: Leftovers\n|upkeep\n|turn|24\n|\n|t:|1649218271\n|switch|p2a: Weezing|Weezing-Galar, M|66\/100 brn\n|-ability|p2a: Weezing|Neutralizing Gas\n|move|p1a: Umbreon|Wish|p1a: Umbreon\n|\n|-heal|p1a: Umbreon|64\/100|[from] item: Leftovers\n|-heal|p2a: Weezing|72\/100 brn|[from] item: Black Sludge\n|-damage|p2a: Weezing|66\/100 brn|[from] brn\n|upkeep\n|turn|25\n|\n|t:|1649218276\n|switch|p1a: Suicune|Suicune|100\/100\n|-damage|p1a: Suicune|88\/100|[from] Stealth Rock\n|move|p2a: Weezing|Sludge Bomb|p1a: Suicune\n|-damage|p1a: Suicune|67\/100\n|\n|-heal|p1a: Suicune|100\/100|[from] move: Wish|[wisher] Umbreon\n|-heal|p2a: Weezing|72\/100 brn|[from] item: Black Sludge\n|-damage|p2a: Weezing|66\/100 brn|[from] brn\n|upkeep\n|turn|26\n|\n|t:|1649218283\n|-end|p2a: Weezing|ability: Neutralizing Gas\n|-ability|p1a: Suicune|Pressure\n|switch|p2a: Tsareena|Tsareena, F, shiny|78\/100\n|move|p1a: Suicune|Substitute|p1a: Suicune\n|-start|p1a: Suicune|Substitute\n|-damage|p1a: Suicune|75\/100\n|\n|-heal|p1a: Suicune|82\/100|[from] item: Leftovers\n|upkeep\n|turn|27\n|\n|t:|1649218288\n|move|p1a: Suicune|Protect|p1a: Suicune\n|-singleturn|p1a: Suicune|Protect\n|move|p2a: Tsareena|Power Whip|p1a: Suicune\n|-activate|p1a: Suicune|move: Protect\n|\n|-heal|p1a: Suicune|88\/100|[from] item: Leftovers\n|upkeep\n|turn|28\n|\n|t:|1649218291\n|move|p1a: Suicune|Scald|p2a: Tsareena\n|-resisted|p2a: Tsareena\n|-damage|p2a: Tsareena|61\/100\n|move|p2a: Tsareena|Power Whip|p1a: Suicune\n|-supereffective|p1a: Suicune\n|-end|p1a: Suicune|Substitute\n|\n|-heal|p1a: Suicune|94\/100|[from] item: Leftovers\n|upkeep\n|turn|29\n|\n|t:|1649218300\n|move|p1a: Suicune|Protect|p1a: Suicune\n|-singleturn|p1a: Suicune|Protect\n|move|p2a: Tsareena|Synthesis|p2a: Tsareena\n|-heal|p2a: Tsareena|100\/100\n|\n|-heal|p1a: Suicune|99\/100|[from] item: Leftovers\n|upkeep\n|turn|30\n|\n|t:|1649218305\n|switch|p1a: Weezing|Weezing-Galar, F|65\/100\n|-ability|p1a: Weezing|Neutralizing Gas\n|-damage|p1a: Weezing|53\/100|[from] Stealth Rock\n|move|p2a: Tsareena|Power Whip|p1a: Weezing\n|-resisted|p1a: Weezing\n|-crit|p1a: Weezing\n|-damage|p1a: Weezing|20\/100\n|-damage|p2a: Tsareena|84\/100|[from] item: Rocky Helmet|[of] p1a: Weezing\n|\n|upkeep\n|turn|31\n|\n|t:|1649218315\n|switch|p2a: Weezing|Weezing-Galar, M|66\/100 brn\n|-ability|p2a: Weezing|Neutralizing Gas\n|move|p1a: Weezing|Pain Split|p2a: Weezing\n|-sethp|p2a: Weezing|43\/100 brn|[from] move: Pain Split|[silent]\n|-sethp|p1a: Weezing|43\/100|[from] move: Pain Split\n|\n|-heal|p2a: Weezing|49\/100 brn|[from] item: Black Sludge\n|-damage|p2a: Weezing|43\/100 brn|[from] brn\n|upkeep\n|turn|32\n|\n|t:|1649218321\n|move|p1a: Weezing|Toxic Spikes|p2a: Weezing\n|-sidestart|p2: Bannedbyweek2|move: Toxic Spikes\n|move|p2a: Weezing|Toxic Spikes|p1a: Weezing\n|-sidestart|p1: RoyalReloaded|move: Toxic Spikes\n|\n|-heal|p2a: Weezing|49\/100 brn|[from] item: Black Sludge\n|-damage|p2a: Weezing|43\/100 brn|[from] brn\n|upkeep\n|turn|33\n|\n|t:|1649218328\n|move|p2a: Weezing|Sludge Bomb|p1a: Weezing\n|-damage|p1a: Weezing|9\/100\n|move|p1a: Weezing|Toxic Spikes|p2a: Weezing\n|-sidestart|p2: Bannedbyweek2|move: Toxic Spikes\n|\n|-heal|p2a: Weezing|49\/100 brn|[from] item: Black Sludge\n|-damage|p2a: Weezing|43\/100 brn|[from] brn\n|upkeep\n|turn|34\n|\n|t:|1649218336\n|move|p2a: Weezing|Sludge Bomb|p1a: Weezing\n|-damage|p1a: Weezing|0 fnt\n|faint|p1a: Weezing\n|\n|-heal|p2a: Weezing|49\/100 brn|[from] item: Black Sludge\n|-damage|p2a: Weezing|43\/100 brn|[from] brn\n|upkeep\n|\n|t:|1649218341\n|switch|p1a: Suicune|Suicune|99\/100\n|-status|p1a: Suicune|psn\n|-damage|p1a: Suicune|88\/100 psn|[from] Stealth Rock\n|turn|35\n|\n|t:|1649218347\n|-end|p2a: Weezing|ability: Neutralizing Gas\n|-ability|p1a: Suicune|Pressure\n|switch|p2a: Tsareena|Tsareena, F, shiny|84\/100\n|move|p1a: Suicune|Scald|p2a: Tsareena\n|-resisted|p2a: Tsareena\n|-damage|p2a: Tsareena|70\/100\n|\n|-heal|p1a: Suicune|94\/100 psn|[from] item: Leftovers\n|-damage|p1a: Suicune|82\/100 psn|[from] psn\n|upkeep\n|turn|36\n|\n|t:|1649218356\n|switch|p1a: Entei|Entei|88\/100 tox\n|move|p2a: Tsareena|Rapid Spin|p1a: Entei\n|-damage|p1a: Entei|67\/100 tox\n|-boost|p2a: Tsareena|spe|1\n|-sideend|p2: Bannedbyweek2|Toxic Spikes|[from] move: Rapid Spin|[of] p2a: Tsareena\n|\n|-damage|p1a: Entei|61\/100 tox|[from] psn\n|upkeep\n|turn|37\n|\n|t:|1649218385\n|switch|p2a: Quagsire|Quagsire, M|83\/100 brn\n|switch|p1a: Umbreon|Umbreon, F|64\/100\n|-damage|p1a: Umbreon|51\/100|[from] Stealth Rock\n|-status|p1a: Umbreon|psn\n|\n|-heal|p1a: Umbreon|57\/100 psn|[from] item: Leftovers\n|-heal|p2a: Quagsire|89\/100 brn|[from] item: Leftovers\n|-damage|p1a: Umbreon|45\/100 psn|[from] psn\n|-damage|p2a: Quagsire|83\/100 brn|[from] brn\n|upkeep\n|turn|38\n|\n|t:|1649218391\n|switch|p2a: Weezing|Weezing-Galar, M|43\/100 brn\n|-ability|p2a: Weezing|Neutralizing Gas\n|move|p1a: Umbreon|Wish|p1a: Umbreon\n|\n|-heal|p1a: Umbreon|51\/100 psn|[from] item: Leftovers\n|-heal|p2a: Weezing|49\/100 brn|[from] item: Black Sludge\n|-damage|p1a: Umbreon|39\/100 psn|[from] psn\n|-damage|p2a: Weezing|43\/100 brn|[from] brn\n|upkeep\n|turn|39\n|\n|t:|1649218394\n|move|p1a: Umbreon|Protect|p1a: Umbreon\n|-singleturn|p1a: Umbreon|Protect\n|move|p2a: Weezing|Toxic Spikes|p1a: Umbreon\n|-sidestart|p1: RoyalReloaded|move: Toxic Spikes\n|\n|-heal|p1a: Umbreon|89\/100 psn|[from] move: Wish|[wisher] Umbreon\n|-heal|p1a: Umbreon|95\/100 psn|[from] item: Leftovers\n|-heal|p2a: Weezing|49\/100 brn|[from] item: Black Sludge\n|-damage|p1a: Umbreon|82\/100 psn|[from] psn\n|-damage|p2a: Weezing|43\/100 brn|[from] brn\n|upkeep\n|turn|40\n|\n|t:|1649218397\n|move|p1a: Umbreon|Heal Bell|p1a: Umbreon\n|-activate|p1a: Umbreon|move: Heal Bell\n|-curestatus|p1a: Umbreon|psn|[msg]\n|-curestatus|p1: Suicune|psn|[msg]\n|-curestatus|p1: Entei|tox|[msg]\n|move|p2a: Weezing|Pain Split|p1a: Umbreon\n|-sethp|p1a: Umbreon|59\/100|[from] move: Pain Split|[silent]\n|-sethp|p2a: Weezing|70\/100 brn|[from] move: Pain Split\n|\n|-heal|p1a: Umbreon|65\/100|[from] item: Leftovers\n|-heal|p2a: Weezing|76\/100 brn|[from] item: Black Sludge\n|-damage|p2a: Weezing|70\/100 brn|[from] brn\n|upkeep\n|turn|41\n|\n|t:|1649218403\n|-end|p2a: Weezing|ability: Neutralizing Gas\n|switch|p2a: Reuniclus|Reuniclus, F|100\/100\n|move|p1a: Umbreon|Wish|p1a: Umbreon\n|\n|-heal|p1a: Umbreon|72\/100|[from] item: Leftovers\n|upkeep\n|turn|42\n|\n|t:|1649218411\n|switch|p1a: Entei|Entei|61\/100\n|move|p2a: Reuniclus|Future Sight|p1a: Entei\n|-start|p2a: Reuniclus|move: Future Sight\n|\n|-heal|p1a: Entei|100\/100|[from] move: Wish|[wisher] Umbreon\n|upkeep\n|turn|43\n|\n|t:|1649218419\n|move|p1a: Entei|Extreme Speed|p2a: Reuniclus\n|-damage|p2a: Reuniclus|76\/100\n|move|p2a: Reuniclus|Psyshock|p1a: Entei\n|-damage|p1a: Entei|63\/100\n|\n|upkeep\n|turn|44\n|\n|t:|1649218424\n|switch|p1a: Umbreon|Umbreon, F|72\/100\n|-status|p1a: Umbreon|tox\n|-damage|p1a: Umbreon|59\/100 tox|[from] Stealth Rock\n|move|p2a: Reuniclus|Focus Blast|p1a: Umbreon\n|-supereffective|p1a: Umbreon\n|-damage|p1a: Umbreon|18\/100 tox\n|\n|-end|p1a: Umbreon|move: Future Sight\n|-immune|p1a: Umbreon\n|-heal|p1a: Umbreon|24\/100 tox|[from] item: Leftovers\n|-damage|p1a: Umbreon|18\/100 tox|[from] psn\n|upkeep\n|turn|45\n|\n|t:|1649218432\n|move|p1a: Umbreon|Foul Play|p2a: Reuniclus\n|-supereffective|p2a: Reuniclus\n|-damage|p2a: Reuniclus|41\/100\n|move|p2a: Reuniclus|Focus Blast|p1a: Umbreon\n|-supereffective|p1a: Umbreon\n|-damage|p1a: Umbreon|0 fnt\n|faint|p1a: Umbreon\n|\n|upkeep\n|\n|t:|1649218440\n|switch|p1a: Suicune|Suicune|82\/100\n|-damage|p1a: Suicune|69\/100|[from] Stealth Rock\n|-status|p1a: Suicune|tox\n|-ability|p1a: Suicune|Pressure\n|turn|46\n|c|\u2606RoyalReloaded|gg\n|\n|t:|1649218442\n|move|p1a: Suicune|Scald|p2a: Reuniclus\n|-damage|p2a: Reuniclus|23\/100\n|move|p2a: Reuniclus|Future Sight|p1a: Suicune\n|-start|p2a: Reuniclus|move: Future Sight\n|\n|-heal|p1a: Suicune|75\/100 tox|[from] item: Leftovers\n|-damage|p1a: Suicune|69\/100 tox|[from] psn\n|upkeep\n|turn|47\n|-message|RoyalReloaded forfeited.\n|\n|win|Bannedbyweek2\n|n|\u2606RoyalReloaded|royalreloaded\n|n|\u2606Bannedbyweek2|bannedbyweek2\n|n|*Lady Monita \u273f|ladymonita\n|l|*Lady Monita \u273f\n|l|\u2606RoyalReloaded\n|l|\u2606Bannedbyweek2\n","uploadtime":1649219698,"views":44,"p1id":"royalreloaded","p2id":"bannedbyweek2","formatid":"gen8ru","rating":0,"private":0,"password":null}