{"id":"gen8nationaldex-1680583949","p1":"Inamoku","p2":"brettfavreinnocent","format":"gen8nationaldex","log":"|j|\u2606Inamoku\n|j|\u2606brettfavreinnocent\n|t:|1665209468\n|gametype|singles\n|player|p1|Inamoku|schoolkidf|1253\n|player|p2|brettfavreinnocent|pokemaniac|1291\n|teamsize|p1|6\n|teamsize|p2|6\n|gen|8\n|tier|[Gen 8] National Dex\n|rated|\n|rule|HP Percentage Mod: HP is shown in percentages\n|rule|Endless Battle Clause: Forcing endless battles is banned\n|rule|OHKO Clause: OHKO moves are banned\n|rule|Evasion Moves Clause: Evasion moves are banned\n|rule|Species Clause: Limit one of each Pok\u00e9mon\n|rule|Dynamax Clause: You cannot dynamax\n|rule|Sleep Clause Mod: Limit one foe put to sleep\n|clearpoke\n|poke|p1|Chansey, F|\n|poke|p1|Gliscor, M|\n|poke|p1|Skarmory, F|\n|poke|p1|Toxapex, F|\n|poke|p1|Clefable, M|\n|poke|p1|Sableye, M|\n|poke|p2|Manaphy|\n|poke|p2|Kyurem|\n|poke|p2|Mawile, F|\n|poke|p2|Tapu Lele|\n|poke|p2|Volcarona, F|\n|poke|p2|Gliscor, M|\n|teampreview\n|inactive|Battle timer is ON: inactive players will automatically lose when time's up. (requested by brettfavreinnocent)\n|\n|t:|1665209493\n|start\n|switch|p1a: Chansey|Chansey, F|100\/100\n|switch|p2a: Mawile|Mawile, F|100\/100\n|turn|1\n|\n|t:|1665209501\n|detailschange|p2a: Mawile|Mawile-Mega, F\n|-mega|p2a: Mawile|Mawile|Mawilite\n|move|p2a: Mawile|Play Rough|p1a: Chansey\n|-damage|p1a: Chansey|52\/100\n|move|p1a: Chansey|Stealth Rock|p2a: Mawile\n|-sidestart|p2: brettfavreinnocent|move: Stealth Rock\n|\n|upkeep\n|turn|2\n|\n|t:|1665209512\n|move|p2a: Mawile|Play Rough|p1a: Chansey\n|-damage|p1a: Chansey|1\/100\n|move|p1a: Chansey|Soft-Boiled|p1a: Chansey\n|-heal|p1a: Chansey|51\/100\n|\n|upkeep\n|turn|3\n|\n|t:|1665209520\n|switch|p1a: Toxapex|Toxapex, F|100\/100\n|move|p2a: Mawile|Thunder Punch|p1a: Toxapex\n|-supereffective|p1a: Toxapex\n|-damage|p1a: Toxapex|39\/100\n|\n|-heal|p1a: Toxapex|46\/100|[from] item: Black Sludge\n|upkeep\n|turn|4\n|\n|t:|1665209531\n|switch|p1a: Gliscor|Gliscor, M|100\/100\n|move|p2a: Mawile|Play Rough|p1a: Gliscor\n|-damage|p1a: Gliscor|36\/100\n|\n|-status|p1a: Gliscor|tox|[from] item: Toxic Orb\n|upkeep\n|turn|5\n|\n|t:|1665209536\n|move|p1a: Gliscor|Roost|p1a: Gliscor\n|-heal|p1a: Gliscor|86\/100 tox\n|-singleturn|p1a: Gliscor|move: Roost\n|move|p2a: Mawile|Play Rough|p1a: Gliscor\n|-damage|p1a: Gliscor|28\/100 tox\n|\n|-heal|p1a: Gliscor|41\/100 tox|[from] ability: Poison Heal\n|upkeep\n|turn|6\n|\n|t:|1665209542\n|switch|p2a: Gliscor|Gliscor, M|100\/100\n|-damage|p2a: Gliscor|88\/100|[from] Stealth Rock\n|move|p1a: Gliscor|Earthquake|p2a: Gliscor\n|-immune|p2a: Gliscor\n|\n|-heal|p1a: Gliscor|53\/100 tox|[from] ability: Poison Heal\n|-status|p2a: Gliscor|tox|[from] item: Toxic Orb\n|upkeep\n|turn|7\n|\n|t:|1665209551\n|switch|p1a: Chansey|Chansey, F|51\/100\n|move|p2a: Gliscor|Stealth Rock|p1a: Chansey\n|-sidestart|p1: Inamoku|move: Stealth Rock\n|\n|-heal|p2a: Gliscor|100\/100 tox|[from] ability: Poison Heal\n|upkeep\n|turn|8\n|\n|t:|1665209557\n|move|p2a: Gliscor|U-turn|p1a: Chansey\n|-damage|p1a: Chansey|42\/100\n|\n|t:|1665209559\n|switch|p2a: Mawile|Mawile-Mega, F|100\/100|[from]move: U-turn\n|-damage|p2a: Mawile|94\/100|[from] Stealth Rock\n|move|p1a: Chansey|Soft-Boiled|p1a: Chansey\n|-heal|p1a: Chansey|92\/100\n|\n|upkeep\n|turn|9\n|\n|t:|1665209571\n|switch|p1a: Toxapex|Toxapex, F|79\/100\n|-damage|p1a: Toxapex|66\/100|[from] Stealth Rock\n|move|p2a: Mawile|Play Rough|p1a: Toxapex\n|-resisted|p1a: Toxapex\n|-damage|p1a: Toxapex|35\/100\n|\n|-heal|p1a: Toxapex|41\/100|[from] item: Black Sludge\n|upkeep\n|turn|10\n|\n|t:|1665209579\n|switch|p1a: Gliscor|Gliscor, M|53\/100 tox\n|-damage|p1a: Gliscor|41\/100 tox|[from] Stealth Rock\n|move|p2a: Mawile|Play Rough|p1a: Gliscor\n|-crit|p1a: Gliscor\n|-damage|p1a: Gliscor|0 fnt\n|faint|p1a: Gliscor\n|\n|upkeep\n|\n|t:|1665209581\n|switch|p1a: Sableye|Sableye, M|100\/100\n|-damage|p1a: Sableye|88\/100|[from] Stealth Rock\n|turn|11\n|\n|t:|1665209591\n|switch|p2a: Tapu Lele|Tapu Lele|100\/100\n|-damage|p2a: Tapu Lele|88\/100|[from] Stealth Rock\n|-fieldstart|move: Psychic Terrain|[from] ability: Psychic Surge|[of] p2a: Tapu Lele\n|move|p1a: Sableye|Will-O-Wisp|p2a: Tapu Lele\n|-activate|p2a: Tapu Lele|move: Psychic Terrain\n|\n|upkeep\n|turn|12\n|\n|t:|1665209600\n|move|p1a: Sableye|Protect|p1a: Sableye\n|-singleturn|p1a: Sableye|Protect\n|move|p2a: Tapu Lele|Psyshock|p1a: Sableye\n|-activate|p1a: Sableye|move: Protect\n|\n|upkeep\n|turn|13\n|\n|t:|1665209606\n|switch|p2a: Mawile|Mawile-Mega, F|94\/100\n|-damage|p2a: Mawile|88\/100|[from] Stealth Rock\n|switch|p1a: Skarmory|Skarmory, F|100\/100\n|-damage|p1a: Skarmory|88\/100|[from] Stealth Rock\n|\n|upkeep\n|turn|14\n|\n|t:|1665209616\n|move|p1a: Skarmory|Iron Defense|p1a: Skarmory\n|-boost|p1a: Skarmory|def|2\n|move|p2a: Mawile|Thunder Punch|p1a: Skarmory\n|-supereffective|p1a: Skarmory\n|-damage|p1a: Skarmory|61\/100\n|-damage|p2a: Mawile|72\/100|[from] item: Rocky Helmet|[of] p1a: Skarmory\n|\n|upkeep\n|turn|15\n|\n|t:|1665209623\n|switch|p2a: Volcarona|Volcarona, F|100\/100\n|move|p1a: Skarmory|Roost|p1a: Skarmory\n|-heal|p1a: Skarmory|100\/100\n|-singleturn|p1a: Skarmory|move: Roost\n|\n|-fieldend|move: Psychic Terrain\n|upkeep\n|turn|16\n|\n|t:|1665209632\n|switch|p1a: Chansey|Chansey, F|92\/100\n|-damage|p1a: Chansey|79\/100|[from] Stealth Rock\n|move|p2a: Volcarona|Flamethrower|p1a: Chansey\n|-crit|p1a: Chansey\n|-damage|p1a: Chansey|54\/100\n|\n|upkeep\n|turn|17\n|\n|t:|1665209646\n|switch|p2a: Mawile|Mawile-Mega, F|72\/100\n|-damage|p2a: Mawile|65\/100|[from] Stealth Rock\n|switch|p1a: Toxapex|Toxapex, F|75\/100\n|-damage|p1a: Toxapex|62\/100|[from] Stealth Rock\n|\n|-heal|p1a: Toxapex|68\/100|[from] item: Black Sludge\n|upkeep\n|turn|18\n|\n|t:|1665209652\n|move|p2a: Mawile|Thunder Punch|p1a: Toxapex\n|-supereffective|p1a: Toxapex\n|-damage|p1a: Toxapex|8\/100\n|move|p1a: Toxapex|Scald|p2a: Mawile\n|-damage|p2a: Mawile|40\/100\n|\n|-heal|p1a: Toxapex|14\/100|[from] item: Black Sludge\n|upkeep\n|turn|19\n|\n|t:|1665209668\n|switch|p1a: Sableye|Sableye, M|88\/100\n|-damage|p1a: Sableye|76\/100|[from] Stealth Rock\n|move|p2a: Mawile|Play Rough|p1a: Sableye\n|-supereffective|p1a: Sableye\n|-damage|p1a: Sableye|0 fnt\n|faint|p1a: Sableye\n|\n|upkeep\n|\n|t:|1665209673\n|switch|p1a: Skarmory|Skarmory, F|100\/100\n|-damage|p1a: Skarmory|88\/100|[from] Stealth Rock\n|turn|20\n|\n|t:|1665209678\n|switch|p2a: Volcarona|Volcarona, F|100\/100\n|move|p1a: Skarmory|Spikes|p2a: Volcarona\n|-sidestart|p2: brettfavreinnocent|Spikes\n|\n|upkeep\n|turn|21\n|\n|t:|1665209684\n|switch|p2a: Mawile|Mawile-Mega, F|40\/100\n|-damage|p2a: Mawile|34\/100|[from] Stealth Rock\n|-damage|p2a: Mawile|22\/100|[from] Spikes\n|switch|p1a: Chansey|Chansey, F|54\/100\n|-damage|p1a: Chansey|42\/100|[from] Stealth Rock\n|\n|upkeep\n|turn|22\n|\n|t:|1665209694\n|move|p2a: Mawile|Play Rough|p1a: Chansey\n|-damage|p1a: Chansey|0 fnt\n|faint|p1a: Chansey\n|\n|upkeep\n|\n|t:|1665209701\n|switch|p1a: Skarmory|Skarmory, F|88\/100\n|-damage|p1a: Skarmory|76\/100|[from] Stealth Rock\n|turn|23\n|\n|t:|1665209706\n|switch|p1a: Clefable|Clefable, M|100\/100\n|-damage|p1a: Clefable|88\/100|[from] Stealth Rock\n|switch|p2a: Volcarona|Volcarona, F|100\/100\n|\n|-heal|p1a: Clefable|94\/100|[from] item: Leftovers\n|upkeep\n|turn|24\n|\n|t:|1665209712\n|switch|p2a: Mawile|Mawile-Mega, F|22\/100\n|-damage|p2a: Mawile|15\/100|[from] Stealth Rock\n|-damage|p2a: Mawile|3\/100|[from] Spikes\n|move|p1a: Clefable|Calm Mind|p1a: Clefable\n|-boost|p1a: Clefable|spa|1\n|-boost|p1a: Clefable|spd|1\n|\n|-heal|p1a: Clefable|99\/100|[from] item: Leftovers\n|upkeep\n|turn|25\n|\n|t:|1665209721\n|switch|p1a: Skarmory|Skarmory, F|76\/100\n|-damage|p1a: Skarmory|64\/100|[from] Stealth Rock\n|move|p2a: Mawile|Play Rough|p1a: Skarmory\n|-resisted|p1a: Skarmory\n|-damage|p1a: Skarmory|39\/100\n|-damage|p2a: Mawile|0 fnt|[from] item: Rocky Helmet|[of] p1a: Skarmory\n|faint|p2a: Mawile\n|\n|upkeep\n|\n|t:|1665209731\n|switch|p2a: Kyurem|Kyurem|100\/100\n|-damage|p2a: Kyurem|75\/100|[from] Stealth Rock\n|-damage|p2a: Kyurem|63\/100|[from] Spikes\n|-ability|p2a: Kyurem|Pressure\n|turn|26\n|\n|t:|1665209735\n|move|p2a: Kyurem|Ice Beam|p1a: Skarmory\n|-damage|p1a: Skarmory|0 fnt\n|faint|p1a: Skarmory\n|\n|upkeep\n|\n|t:|1665209741\n|switch|p1a: Clefable|Clefable, M|99\/100\n|-damage|p1a: Clefable|88\/100|[from] Stealth Rock\n|turn|27\n|\n|t:|1665209743\n|move|p2a: Kyurem|Ice Beam|p1a: Clefable\n|-crit|p1a: Clefable\n|-damage|p1a: Clefable|0 fnt\n|faint|p1a: Clefable\n|\n|upkeep\n|-message|Inamoku forfeited.\n|\n|win|brettfavreinnocent\n|raw|Inamoku's rating: 1253 &rarr; <strong>1231<\/strong><br \/>(-22 for losing)\n|raw|brettfavreinnocent's rating: 1291 &rarr; <strong>1313<\/strong><br \/>(+22 for winning)\n|l|\u2606Inamoku\n","uploadtime":1665209756,"views":5,"p1id":"inamoku","p2id":"brettfavreinnocent","formatid":"gen8nationaldex","rating":1231,"private":0,"password":null}