{"id":"gen8nationaldex-1669555475","p1":"skibsthekid","p2":"misplayin","format":"gen8nationaldex","log":"|j|\u2606skibsthekid\n|j|\u2606misplayin\n|t:|1664062724\n|gametype|singles\n|player|p1|skibsthekid|lady-gen4|\n|player|p2|misplayin|bugsy|\n|teamsize|p1|6\n|teamsize|p2|6\n|gen|8\n|tier|[Gen 8] National Dex\n|rule|HP Percentage Mod: HP is shown in percentages\n|rule|Endless Battle Clause: Forcing endless battles is banned\n|rule|OHKO Clause: OHKO moves are banned\n|rule|Evasion Moves Clause: Evasion moves are banned\n|rule|Species Clause: Limit one of each Pok\u00e9mon\n|rule|Dynamax Clause: You cannot dynamax\n|rule|Sleep Clause Mod: Limit one foe put to sleep\n|clearpoke\n|poke|p1|Aegislash, M|\n|poke|p1|Heatran, F|\n|poke|p1|Garchomp, M|\n|poke|p1|Gyarados, M|\n|poke|p1|Hydreigon, F|\n|poke|p1|Tapu Koko|\n|poke|p2|Scizor, M|\n|poke|p2|Weavile, M|\n|poke|p2|Tapu Fini|\n|poke|p2|Landorus-Therian, M|\n|poke|p2|Zapdos|\n|poke|p2|Heatran, M|\n|teampreview\n|inactive|Battle timer is ON: inactive players will automatically lose when time's up. (requested by skibsthekid)\n|inactive|misplayin also wants the timer to be on.\n|inactive|misplayin has 270 seconds left.\n|j| Rubiaa\n|j| laidbackk\n|c| Rubiaa|cmon techno!\n|j| UnstoppableUg\n|inactive|misplayin has 240 seconds left.\n|c| laidbackk|streaming the fight btw\n|c|\u2606skibsthekid|lmao thanks rubi\n|\n|t:|1664062801\n|start\n|switch|p1a: Qianlong|Gyarados, M, shiny|100\/100\n|switch|p2a: Landorus|Landorus-Therian, M|100\/100\n|-ability|p1a: Qianlong|Intimidate|boost\n|-unboost|p2a: Landorus|atk|1\n|-ability|p2a: Landorus|Intimidate|boost\n|-unboost|p1a: Qianlong|atk|1\n|turn|1\n|c|\u2606skibsthekid|gimme 70% of the earnings or im sueing you @laid\n|\n|t:|1664062818\n|switch|p2a: Tapu Fini|Tapu Fini|100\/100\n|-fieldstart|move: Misty Terrain|[from] ability: Misty Surge|[of] p2a: Tapu Fini\n|move|p1a: Qianlong|Substitute|p1a: Qianlong\n|-start|p1a: Qianlong|Substitute\n|-damage|p1a: Qianlong|76\/100\n|\n|upkeep\n|turn|2\n|c| laidbackk|we shall see\n|c|\u2606misplayin|I'll take a modest 15%\n|\n|t:|1664062832\n|switch|p1a: Eideann|Heatran, F|100\/100\n|move|p2a: Tapu Fini|Moonblast|p1a: Eideann\n|-resisted|p1a: Eideann\n|-damage|p1a: Eideann|95\/100\n|-unboost|p1a: Eideann|spa|1\n|\n|-heal|p1a: Eideann|100\/100|[from] item: Leftovers\n|upkeep\n|turn|3\n|c| UnstoppableUg|Suein is crazy \ud83e\udd23\ud83e\udd23\n|c| Rubiaa|suein\n|\n|t:|1664062843\n|switch|p2a: Landorus|Landorus-Therian, M|100\/100\n|-ability|p2a: Landorus|Intimidate|boost\n|-unboost|p1a: Eideann|atk|1\n|move|p1a: Eideann|Heavy Slam|p2a: Landorus\n|-damage|p2a: Landorus|81\/100\n|-damage|p1a: Eideann|84\/100|[from] item: Rocky Helmet|[of] p2a: Landorus\n|\n|-heal|p1a: Eideann|90\/100|[from] item: Leftovers\n|upkeep\n|turn|4\n|c|\u2606skibsthekid|oops\n|c|\u2606skibsthekid|english major btw\n|c| Rubiaa|LOL\n|c| UnstoppableUg|Is that not how u spell it?\n|c| UnstoppableUg|That's tuff\n|c| UnstoppableUg|Lmao\n|inactive|skibsthekid has 270 seconds left.\n|c| UnstoppableUg|Is it suin?\n|c| UnstoppableUg|That literally\n|c| UnstoppableUg|Looks wrong AF\n|c| laidbackk|suicune imo\n|c| UnstoppableUg|Ngl\n|inactive|skibsthekid has 240 seconds left.\n|\n|t:|1664062905\n|switch|p1a: Qianlong|Gyarados, M, shiny|76\/100\n|-ability|p1a: Qianlong|Intimidate|boost\n|-unboost|p2a: Landorus|atk|1\n|move|p2a: Landorus|U-turn|p1a: Qianlong\n|-resisted|p1a: Qianlong\n|-damage|p1a: Qianlong|67\/100\n|\n|t:|1664062921\n|switch|p2a: Zapdos|Zapdos|100\/100|[from]move: U-turn\n|\n|upkeep\n|turn|5\n|c| UnstoppableUg|G3 BABY, WILL JAY TAKE IT 3-0????\n|\n|t:|1664062927\n|switch|p1a: Eideann|Heatran, F|90\/100\n|move|p2a: Zapdos|Volt Switch|p1a: Eideann\n|-damage|p1a: Eideann|66\/100\n|c| UnstoppableUg|FIND OUT\n|c|\u2606misplayin|Next time\n|\n|t:|1664062945\n|switch|p2a: Landorus|Landorus-Therian, M|81\/100|[from]move: Volt Switch\n|-ability|p2a: Landorus|Intimidate|boost\n|-unboost|p1a: Eideann|atk|1\n|\n|-heal|p1a: Eideann|72\/100|[from] item: Leftovers\n|-fieldend|Misty Terrain\n|upkeep\n|turn|6\n|c| laidbackk|MLM (Major League Mons)\n|\n|t:|1664062950\n|switch|p1a: Ayyash|Garchomp, M, shiny|100\/100\n|move|p2a: Landorus|Earthquake|p1a: Ayyash\n|-damage|p1a: Ayyash|74\/100\n|\n|upkeep\n|turn|7\n|inactive|skibsthekid has 270 seconds left.\n|\n|t:|1664062957\n|move|p1a: Ayyash|Toxic|p2a: Landorus|[miss]\n|-miss|p1a: Ayyash|p2a: Landorus\n|move|p2a: Landorus|Hidden Power|p1a: Ayyash\n|-supereffective|p1a: Ayyash\n|-damage|p1a: Ayyash|26\/100\n|\n|upkeep\n|turn|8\n|c|\u2606misplayin|sorry :(\n|\n|t:|1664062968\n|move|p1a: Ayyash|Rest|p1a: Ayyash\n|-status|p1a: Ayyash|slp|[from] move: Rest\n|-heal|p1a: Ayyash|100\/100 slp|[silent]\n|move|p2a: Landorus|Hidden Power|p1a: Ayyash\n|-supereffective|p1a: Ayyash\n|-damage|p1a: Ayyash|52\/100 slp\n|\n|upkeep\n|turn|9\n|c|\u2606skibsthekid|its calm dw\n|\n|t:|1664062977\n|switch|p1a: Qianlong|Gyarados, M, shiny|67\/100\n|-ability|p1a: Qianlong|Intimidate|boost\n|-unboost|p2a: Landorus|atk|1\n|move|p2a: Landorus|Hidden Power|p1a: Qianlong\n|-damage|p1a: Qianlong|54\/100\n|\n|upkeep\n|turn|10\n|c| UnstoppableUg|Not that calm lmao\n|\n|t:|1664062980\n|switch|p1a: Ayyash|Garchomp, M, shiny|52\/100 slp\n|switch|p2a: Tapu Fini|Tapu Fini|100\/100\n|-fieldstart|move: Misty Terrain|[from] ability: Misty Surge|[of] p2a: Tapu Fini\n|\n|upkeep\n|turn|11\n|c|\u2606skibsthekid|ok well im calm\n|\n|t:|1664063002\n|switch|p1a: Charis|Hydreigon, F|100\/100\n|move|p2a: Tapu Fini|Moonblast|p1a: Charis\n|-supereffective|p1a: Charis\n|-damage|p1a: Charis|0 fnt\n|faint|p1a: Charis\n|\n|upkeep\n|\n|t:|1664063006\n|switch|p1a: Aurelius|Aegislash, M, shiny|100\/100\n|turn|12\n|\n|t:|1664063013\n|switch|p2a: Landorus|Landorus-Therian, M|81\/100\n|-ability|p2a: Landorus|Intimidate|boost\n|-unboost|p1a: Aurelius|atk|1\n|move|p1a: Aurelius|Swords Dance|p1a: Aurelius\n|-boost|p1a: Aurelius|atk|2\n|\n|upkeep\n|turn|13\n|c| UnstoppableUg|Well how bout now? U still calm in the mind Techno?\n|c| UnstoppableUg|Lmao\n|\n|t:|1664063024\n|move|p2a: Landorus|Earthquake|p1a: Aurelius\n|-supereffective|p1a: Aurelius\n|-crit|p1a: Aurelius\n|-damage|p1a: Aurelius|0 fnt\n|faint|p1a: Aurelius\n|\n|upkeep\n|c| UnstoppableUg|Nah I'm playin lol\n|c|\u2606misplayin|oh my\n|c| UnstoppableUg|Ok welp\n|\n|t:|1664063036\n|switch|p1a: Qianlong|Gyarados, M, shiny|54\/100\n|-ability|p1a: Qianlong|Intimidate|boost\n|-unboost|p2a: Landorus|atk|1\n|turn|14\n|c| UnstoppableUg|idk if that mattered tho\n|c|\u2606misplayin|100% did\n|c| UnstoppableUg|Aegi has bulk\n|\n|t:|1664063050\n|switch|p1a: Kauri|Tapu Koko, shiny|100\/100\n|-fieldstart|move: Electric Terrain|[from] ability: Electric Surge|[of] p1a: Kauri\n|switch|p2a: Tapu Fini|Tapu Fini|100\/100\n|-fieldstart|move: Misty Terrain|[from] ability: Misty Surge|[of] p2a: Tapu Fini\n|\n|upkeep\n|turn|15\n|c|\u2606skibsthekid|i should live one but I played this game pretty ass anyways\n|c| UnstoppableUg|I think it kills no?\n|c|\u2606misplayin|i'll calc after\n|\n|t:|1664063076\n|switch|p2a: Heatran|Heatran, M|100\/100\n|move|p1a: Kauri|Nature's Madness|p2a: Heatran\n|-damage|p2a: Heatran|51\/100\n|\n|-heal|p2a: Heatran|57\/100|[from] item: Leftovers\n|upkeep\n|turn|16\n|\n|t:|1664063086\n|switch|p1a: Ayyash|Garchomp, M, shiny|52\/100 slp\n|move|p2a: Heatran|Earth Power|p1a: Ayyash\n|-damage|p1a: Ayyash|30\/100 slp\n|\n|-heal|p2a: Heatran|63\/100|[from] item: Leftovers\n|upkeep\n|turn|17\n|\n|t:|1664063102\n|switch|p2a: Scizor|Scizor, M|100\/100\n|switch|p1a: Qianlong|Gyarados, M, shiny|54\/100\n|-ability|p1a: Qianlong|Intimidate|boost\n|-unboost|p2a: Scizor|atk|1\n|\n|upkeep\n|turn|18\n|\n|t:|1664063108\n|switch|p2a: Tapu Fini|Tapu Fini|100\/100\n|move|p1a: Qianlong|Waterfall|p2a: Tapu Fini\n|-resisted|p2a: Tapu Fini\n|-damage|p2a: Tapu Fini|82\/100\n|\n|-heal|p2a: Tapu Fini|89\/100|[from] item: Leftovers\n|-fieldend|Misty Terrain\n|upkeep\n|turn|19\n|\n|t:|1664063112\n|switch|p1a: Eideann|Heatran, F|72\/100\n|move|p2a: Tapu Fini|Moonblast|p1a: Eideann\n|-resisted|p1a: Eideann\n|-damage|p1a: Eideann|67\/100\n|\n|-heal|p2a: Tapu Fini|95\/100|[from] item: Leftovers\n|-heal|p1a: Eideann|74\/100|[from] item: Leftovers\n|upkeep\n|turn|20\n|\n|t:|1664063118\n|switch|p2a: Landorus|Landorus-Therian, M|81\/100\n|-ability|p2a: Landorus|Intimidate|boost\n|-unboost|p1a: Eideann|atk|1\n|move|p1a: Eideann|Magma Storm|p2a: Landorus|[miss]\n|-miss|p1a: Eideann|p2a: Landorus\n|\n|-heal|p1a: Eideann|80\/100|[from] item: Leftovers\n|upkeep\n|turn|21\n|c| UnstoppableUg|0 Atk Landorus-Therian Earthquake vs. 0 HP \/ 4 Def Aegislash-Shield: 222-264 (85 - 101.1%) -- 6.3% chance to OHKO\n|c| UnstoppableUg|If no bulk on aegi\n|c|\u2606skibsthekid|!showset 1\n|c| skibsthekid|\/raw <div class=\"infobox\">Aurelius (Aegislash) (M) @ Scope Lens  <br \/>Ability: Stance Change  <br \/>Shiny: Yes  <br \/>EVs: 112 HP &#x2f; 252 Atk &#x2f; 4 Def &#x2f; 140 Spe  <br \/>Adamant Nature  <br \/>- Shadow Sneak  <br \/>- Shadow Claw  <br \/>- Close Combat  <br \/>- Swords Dance  <br \/><br \/><\/div>\n|c| Rubiaa|LOL\n|\n|t:|1664063135\n|move|p2a: Landorus|U-turn|p1a: Eideann\n|-resisted|p1a: Eideann\n|-damage|p1a: Eideann|76\/100\n|c| UnstoppableUg|Ok ye he lived guaranteed lmao\n|\n|t:|1664063139\n|switch|p2a: Heatran|Heatran, M|63\/100|[from]move: U-turn\n|move|p1a: Eideann|Magma Storm|p2a: Heatran\n|-start|p2a: Heatran|ability: Flash Fire\n|\n|-heal|p2a: Heatran|69\/100|[from] item: Leftovers\n|-heal|p1a: Eideann|82\/100|[from] item: Leftovers\n|upkeep\n|turn|22\n|c| UnstoppableUg|Wait\n|c| UnstoppableUg|Scope lens is crazy \ud83d\ude2d\ud83d\ude2d\n|c| Rubiaa|IKR\n|c|\u2606misplayin|very crazy lmaoooo\n|\n|t:|1664063165\n|switch|p1a: Qianlong|Gyarados, M, shiny|54\/100\n|-ability|p1a: Qianlong|Intimidate|boost\n|-unboost|p2a: Heatran|atk|1\n|move|p2a: Heatran|Earth Power|p1a: Qianlong\n|-immune|p1a: Qianlong\n|\n|-heal|p2a: Heatran|76\/100|[from] item: Leftovers\n|upkeep\n|turn|23\n|\n|t:|1664063172\n|-end|p2a: Heatran|ability: Flash Fire|[silent]\n|switch|p2a: Tapu Fini|Tapu Fini|95\/100\n|-fieldstart|move: Misty Terrain|[from] ability: Misty Surge|[of] p2a: Tapu Fini\n|move|p1a: Qianlong|Waterfall|p2a: Tapu Fini\n|-resisted|p2a: Tapu Fini\n|-damage|p2a: Tapu Fini|74\/100\n|\n|-heal|p2a: Tapu Fini|80\/100|[from] item: Leftovers\n|upkeep\n|turn|24\n|\n|t:|1664063179\n|switch|p1a: Eideann|Heatran, F|82\/100\n|move|p2a: Tapu Fini|Moonblast|p1a: Eideann\n|-resisted|p1a: Eideann\n|-damage|p1a: Eideann|77\/100\n|-unboost|p1a: Eideann|spa|1\n|\n|-heal|p2a: Tapu Fini|87\/100|[from] item: Leftovers\n|-heal|p1a: Eideann|83\/100|[from] item: Leftovers\n|upkeep\n|turn|25\n|\n|t:|1664063186\n|switch|p2a: Landorus|Landorus-Therian, M|81\/100\n|-ability|p2a: Landorus|Intimidate|boost\n|-unboost|p1a: Eideann|atk|1\n|move|p1a: Eideann|Magma Storm|p2a: Landorus|[miss]\n|-miss|p1a: Eideann|p2a: Landorus\n|\n|-heal|p1a: Eideann|89\/100|[from] item: Leftovers\n|upkeep\n|turn|26\n|\n|t:|1664063193\n|switch|p1a: Qianlong|Gyarados, M, shiny|54\/100\n|-ability|p1a: Qianlong|Intimidate|boost\n|-unboost|p2a: Landorus|atk|1\n|move|p2a: Landorus|U-turn|p1a: Qianlong\n|-resisted|p1a: Qianlong\n|-damage|p1a: Qianlong|45\/100\n|\n|t:|1664063197\n|switch|p2a: Weavile|Weavile, M|100\/100|[from]move: U-turn\n|-ability|p2a: Weavile|Pressure\n|\n|upkeep\n|turn|27\n|\n|t:|1664063210\n|switch|p1a: Ayyash|Garchomp, M, shiny|30\/100 slp\n|move|p2a: Weavile|Triple Axel|p1a: Ayyash\n|-supereffective|p1a: Ayyash\n|-damage|p1a: Ayyash|0 fnt\n|-damage|p2a: Weavile|88\/100|[from] ability: Rough Skin|[of] p1a: Ayyash\n|-damage|p2a: Weavile|72\/100|[from] item: Rocky Helmet|[of] p1a: Ayyash\n|faint|p1a: Ayyash\n|-hitcount|p1: Ayyash|1\n|\n|-fieldend|Misty Terrain\n|upkeep\n|\n|t:|1664063213\n|switch|p1a: Kauri|Tapu Koko, shiny|100\/100\n|-fieldstart|move: Electric Terrain|[from] ability: Electric Surge|[of] p1a: Kauri\n|turn|28\n|c| Rubiaa|skibsthekid did u have rocks on tran?\n|c|\u2606skibsthekid|its on chomp\n|c| Rubiaa|oh\n|\n|t:|1664063226\n|switch|p2a: Landorus|Landorus-Therian, M|81\/100\n|-ability|p2a: Landorus|Intimidate|boost\n|-unboost|p1a: Kauri|atk|1\n|move|p1a: Kauri|U-turn|p2a: Landorus\n|-resisted|p2a: Landorus\n|-damage|p2a: Landorus|76\/100\n|-damage|p1a: Kauri|84\/100|[from] item: Rocky Helmet|[of] p2a: Landorus\n|\n|t:|1664063229\n|switch|p1a: Qianlong|Gyarados, M, shiny|45\/100|[from]move: U-turn\n|-ability|p1a: Qianlong|Intimidate|boost\n|-unboost|p2a: Landorus|atk|1\n|\n|upkeep\n|turn|29\n|\n|t:|1664063234\n|switch|p1a: Kauri|Tapu Koko, shiny|84\/100\n|switch|p2a: Tapu Fini|Tapu Fini|87\/100\n|-fieldstart|move: Misty Terrain|[from] ability: Misty Surge|[of] p2a: Tapu Fini\n|\n|-heal|p2a: Tapu Fini|93\/100|[from] item: Leftovers\n|upkeep\n|turn|30\n|c| Rubiaa|yea, imo u had to get rocks up somehow\n|\n|t:|1664063236\n|switch|p2a: Landorus|Landorus-Therian, M|76\/100\n|-ability|p2a: Landorus|Intimidate|boost\n|-unboost|p1a: Kauri|atk|1\n|move|p1a: Kauri|Wild Charge|p2a: Landorus\n|-immune|p2a: Landorus\n|\n|upkeep\n|turn|31\n|\n|t:|1664063240\n|switch|p1a: Qianlong|Gyarados, M, shiny|45\/100\n|-ability|p1a: Qianlong|Intimidate|boost\n|-unboost|p2a: Landorus|atk|1\n|move|p2a: Landorus|U-turn|p1a: Qianlong\n|-resisted|p1a: Qianlong\n|-damage|p1a: Qianlong|35\/100\n|\n|t:|1664063242\n|switch|p2a: Weavile|Weavile, M|72\/100|[from]move: U-turn\n|-ability|p2a: Weavile|Pressure\n|\n|upkeep\n|turn|32\n|\n|t:|1664063245\n|detailschange|p1a: Qianlong|Gyarados-Mega, M, shiny\n|-mega|p1a: Qianlong|Gyarados|Gyaradosite\n|-ability|p1a: Qianlong|Mold Breaker\n|move|p2a: Weavile|Pursuit|p1a: Qianlong\n|-resisted|p1a: Qianlong\n|-damage|p1a: Qianlong|20\/100\n|move|p1a: Qianlong|Waterfall|p2a: Weavile\n|-damage|p2a: Weavile|0 fnt\n|faint|p2a: Weavile\n|\n|upkeep\n|\n|t:|1664063253\n|switch|p2a: Zapdos|Zapdos|100\/100\n|turn|33\n|c| UnstoppableUg|Should've brought rain with bulky manaphy\n|\n|t:|1664063258\n|switch|p1a: Eideann|Heatran, F|89\/100\n|move|p2a: Zapdos|Thunderbolt|p1a: Eideann\n|-crit|p1a: Eideann\n|-damage|p1a: Eideann|42\/100\n|\n|-heal|p1a: Eideann|49\/100|[from] item: Leftovers\n|-fieldend|Misty Terrain\n|upkeep\n|turn|34\n|c| Rubiaa|wrd\n|c| UnstoppableUg|Would've 6-0d lol\n|\n|t:|1664063268\n|move|p2a: Zapdos|Volt Switch|p1a: Eideann\n|-damage|p1a: Eideann|27\/100\n|\n|t:|1664063272\n|switch|p2a: Landorus|Landorus-Therian, M|76\/100|[from]move: Volt Switch\n|-ability|p2a: Landorus|Intimidate|boost\n|-unboost|p1a: Eideann|atk|1\n|move|p1a: Eideann|Earth Power|p2a: Landorus\n|-immune|p2a: Landorus\n|\n|-heal|p1a: Eideann|34\/100|[from] item: Leftovers\n|upkeep\n|turn|35\n|c|\u2606skibsthekid|yeah I like that team but I wanted to switch it up\n|c| UnstoppableUg|Bulky Z rain dance Mono Surf?\n|c| UnstoppableUg|Would've went stupido\n|c| Rubiaa|shouldnt have switched it up techno\n|c| Rubiaa|LOL\n|\n|t:|1664063293\n|move|p2a: Landorus|Earthquake|p1a: Eideann\n|-supereffective|p1a: Eideann\n|-damage|p1a: Eideann|0 fnt\n|faint|p1a: Eideann\n|\n|upkeep\n|\n|t:|1664063295\n|switch|p1a: Qianlong|Gyarados-Mega, M, shiny|20\/100\n|-ability|p1a: Qianlong|Mold Breaker\n|turn|36\n|c| Rubiaa|thats the whole game\n|c|\u2606skibsthekid|nah this matchup is actually good for me but I playd really bad\n|c|\u2606skibsthekid|hydreigon 6-0s\n|c|\u2606skibsthekid|!showset 5\n|c| skibsthekid|\/raw <div class=\"infobox\">Charis (Hydreigon) (F) @ Poisonium Z  <br \/>Ability: Levitate  <br \/>EVs: 252 SpA &#x2f; 4 SpD &#x2f; 252 Spe  <br \/>Timid Nature  <br \/>IVs: 0 Atk  <br \/>- Nasty Plot  <br \/>- Dark Pulse  <br \/>- Earth Power  <br \/>- Belch  <br \/><br \/><\/div>\n|c| Rubiaa|i wouldnt say its good\n|c|\u2606misplayin|i got hella lucky\n|c| Rubiaa|fini's right there-\n|c|\u2606skibsthekid|i choked on balls this game\n|inactive|skibsthekid has 270 seconds left.\n|c|\u2606skibsthekid|so i dont mind the misses\n|c|\u2606skibsthekid|its karmic justice\n|\n|t:|1664063328\n|switch|p2a: Tapu Fini|Tapu Fini|93\/100\n|-fieldstart|move: Misty Terrain|[from] ability: Misty Surge|[of] p2a: Tapu Fini\n|move|p1a: Qianlong|Waterfall|p2a: Tapu Fini\n|-resisted|p2a: Tapu Fini\n|-damage|p2a: Tapu Fini|69\/100\n|\n|-heal|p2a: Tapu Fini|75\/100|[from] item: Leftovers\n|upkeep\n|turn|37\n|inactive|skibsthekid has 270 seconds left.\n|c|\u2606skibsthekid|fini gets z belchd\n|\n|t:|1664063337\n|move|p1a: Qianlong|Waterfall|p2a: Tapu Fini\n|-resisted|p2a: Tapu Fini\n|-damage|p2a: Tapu Fini|52\/100\n|move|p2a: Tapu Fini|Moonblast|p1a: Qianlong\n|-supereffective|p1a: Qianlong\n|-damage|p1a: Qianlong|0 fnt\n|faint|p1a: Qianlong\n|\n|-heal|p2a: Tapu Fini|59\/100|[from] item: Leftovers\n|upkeep\n|\n|t:|1664063339\n|switch|p1a: Kauri|Tapu Koko, shiny|84\/100\n|-fieldstart|move: Electric Terrain|[from] ability: Electric Surge|[of] p1a: Kauri\n|turn|38\n|\n|t:|1664063342\n|move|p1a: Kauri|Brave Bird|p2a: Tapu Fini\n|-damage|p2a: Tapu Fini|25\/100\n|-damage|p1a: Kauri|71\/100|[from] Recoil\n|move|p2a: Tapu Fini|Moonblast|p1a: Kauri\n|-damage|p1a: Kauri|20\/100\n|\n|-heal|p2a: Tapu Fini|31\/100|[from] item: Leftovers\n|upkeep\n|turn|39\n|\n|t:|1664063348\n|move|p1a: Kauri|Brave Bird|p2a: Tapu Fini\n|-damage|p2a: Tapu Fini|0 fnt\n|faint|p2a: Tapu Fini\n|-damage|p1a: Kauri|8\/100|[from] Recoil\n|\n|upkeep\n|\n|t:|1664063350\n|switch|p2a: Scizor|Scizor, M|100\/100\n|turn|40\n|\n|t:|1664063352\n|detailschange|p2a: Scizor|Scizor-Mega, M\n|-mega|p2a: Scizor|Scizor|Scizorite\n|move|p2a: Scizor|Bullet Punch|p1a: Kauri\n|-damage|p1a: Kauri|0 fnt\n|faint|p1a: Kauri\n|\n|win|misplayin\n|c|\u2606skibsthekid|gg\n|c|\u2606misplayin|gg\n|c| Rubiaa|yea bro\n|c| UnstoppableUg|Ggs great set yall\n|c| Rubiaa|i think u really needed to get your rocks up\n|c| UnstoppableUg|Run to watch\n|c| Rubiaa|rocks was your win con imo\n|c| UnstoppableUg|Fun*\n|c| Rubiaa|yea, great set\n|c|\u2606skibsthekid|nah the main problem was not using hydreigon\n|c|\u2606misplayin|fun to play\n|c|\u2606skibsthekid|and then throwing it away\n|c| Rubiaa|LOL\n|c|\u2606skibsthekid|very bad decisions on my part\n|c|\u2606skibsthekid|fr tho\n|c|\u2606skibsthekid|i used chomp and hydreigon very badly this game\n|c|\u2606skibsthekid|g2 was actualloy kinda close tho\n|c|\u2606misplayin|Still good set\n|c|\u2606misplayin|yh\n|c|\u2606skibsthekid|if i won speed time\n|c|\u2606misplayin|G2\n|c|\u2606skibsthekid|chance to win\n|c|\u2606misplayin|was crazyyy\n|c|\u2606skibsthekid|yeah fr hahahha\n|c| UnstoppableUg|https:\/\/pokepast.es\/084944ee71750d85 should've brought this\n|c|\u2606skibsthekid|i knew you wouldnt expect diggersby to live\n|c| UnstoppableUg|;P\n|c| UnstoppableUg|Lmao\n|c|\u2606misplayin|yhhhh\n|c|\u2606skibsthekid|alright i gotta get back to studying\n|c|\u2606misplayin|well ima sleep\n|c|\u2606misplayin|yhh\n|c|\u2606skibsthekid|ggs\n|c|\u2606skibsthekid|see yall around\n|l|\u2606skibsthekid\n|c|\u2606misplayin|till we play again\n|c|\u2606misplayin|ggs\n|l|\u2606misplayin\n|j|\u2606misplayin\n|player|p2|misplayin|bugsy\n","uploadtime":1664063420,"views":22,"p1id":"skibsthekid","p2id":"misplayin","formatid":"gen8nationaldex","rating":0,"private":0,"password":null}