{"id":"gen8ou-1691869424","p1":"anguang","p2":"A3720","format":"gen8ou","log":"|html|<div class=\"broadcast-blue\"><strong>[Gen 8] OU is currently suspecting Melmetal! For information on how to participate check out the <a href=\"https:\/\/www.smogon.com\/forums\/threads\/np-ss-ou-suspect-process-round-12-monster-mash.3709234\/\">suspect thread<\/a>.<\/strong><\/div>\n|j|\u2606anguang\n|j|\u2606A3720\n|t:|1666419066\n|gametype|singles\n|player|p1|anguang|102|1405\n|player|p2|A3720|102|1473\n|teamsize|p1|6\n|teamsize|p2|6\n|gen|8\n|tier|[Gen 8] OU\n|rated|\n|rule|Sleep Clause Mod: Limit one foe put to sleep\n|rule|Species Clause: Limit one of each Pok\u00e9mon\n|rule|OHKO Clause: OHKO moves are banned\n|rule|Evasion Items Clause: Evasion items are banned\n|rule|Evasion Moves Clause: Evasion moves are banned\n|rule|Endless Battle Clause: Forcing endless battles is banned\n|rule|HP Percentage Mod: HP is shown in percentages\n|rule|Dynamax Clause: You cannot dynamax\n|clearpoke\n|poke|p1|Hatterene, F|\n|poke|p1|Marowak-Alola, F|\n|poke|p1|Melmetal|\n|poke|p1|Crawdaunt, F|\n|poke|p1|Porygon2|\n|poke|p1|Cresselia, F|\n|poke|p2|Slurpuff, F|\n|poke|p2|Cloyster, F|\n|poke|p2|Sharpedo, F|\n|poke|p2|Blaziken, F|\n|poke|p2|Tapu Lele|\n|poke|p2|Landorus-Therian, M|\n|teampreview\n|inactive|Battle timer is ON: inactive players will automatically lose when time's up. (requested by anguang)\n|\n|t:|1666419104\n|start\n|switch|p1a: Hatterene|Hatterene, F|100\/100\n|switch|p2a: Cloyster|Cloyster, F|100\/100\n|turn|1\n|\n|t:|1666419126\n|move|p2a: Cloyster|Shell Smash|p2a: Cloyster\n|-unboost|p2a: Cloyster|def|1\n|-unboost|p2a: Cloyster|spd|1\n|-boost|p2a: Cloyster|atk|2\n|-boost|p2a: Cloyster|spa|2\n|-boost|p2a: Cloyster|spe|2\n|move|p1a: Hatterene|Trick Room|p1a: Hatterene\n|-fieldstart|move: Trick Room|[of] p1a: Hatterene\n|\n|upkeep\n|turn|2\n|\n|t:|1666419144\n|move|p1a: Hatterene|Psychic|p2a: Cloyster\n|-enditem|p2a: Cloyster|Focus Sash\n|-damage|p2a: Cloyster|1\/100\n|move|p2a: Cloyster|Icicle Spear|p1a: Hatterene\n|-damage|p1a: Hatterene|80\/100\n|-damage|p1a: Hatterene|57\/100\n|-damage|p1a: Hatterene|36\/100\n|-damage|p1a: Hatterene|13\/100\n|-damage|p1a: Hatterene|0 fnt\n|faint|p1a: Hatterene\n|-hitcount|p1: Hatterene|5\n|\n|upkeep\n|inactive|anguang has 120 seconds left.\n|\n|t:|1666419161\n|switch|p1a: Crawdaunt|Crawdaunt, F|100\/100\n|turn|3\n|\n|t:|1666419169\n|switch|p2a: Tapu Lele|Tapu Lele|100\/100\n|-fieldstart|move: Psychic Terrain|[from] ability: Psychic Surge|[of] p2a: Tapu Lele\n|move|p1a: Crawdaunt|Crabhammer|p2a: Tapu Lele\n|-damage|p2a: Tapu Lele|0 fnt\n|faint|p2a: Tapu Lele\n|-damage|p1a: Crawdaunt|90\/100|[from] item: Life Orb\n|\n|upkeep\n|inactive|A3720 has 120 seconds left.\n|\n|t:|1666419219\n|switch|p2a: Landorus|Landorus-Therian, M|100\/100\n|-ability|p2a: Landorus|Intimidate|boost\n|-unboost|p1a: Crawdaunt|atk|1\n|turn|4\n|\n|t:|1666419225\n|move|p1a: Crawdaunt|Crabhammer|p2a: Landorus\n|-supereffective|p2a: Landorus\n|-enditem|p2a: Landorus|Focus Sash\n|-damage|p2a: Landorus|1\/100\n|-damage|p1a: Crawdaunt|80\/100|[from] item: Life Orb\n|move|p2a: Landorus|Earthquake|p1a: Crawdaunt\n|-damage|p1a: Crawdaunt|12\/100\n|\n|upkeep\n|turn|5\n|inactive|A3720 has 120 seconds left.\n|\n|t:|1666419236\n|switch|p2a: Cloyster|Cloyster, F|1\/100\n|move|p1a: Crawdaunt|Aqua Jet|p2a: Cloyster\n|-activate|p2a: Cloyster|move: Psychic Terrain\n|\n|-fieldend|move: Trick Room\n|upkeep\n|turn|6\n|inactive|A3720 has 120 seconds left.\n|inactive|anguang has 120 seconds left.\n|\n|t:|1666419270\n|move|p2a: Cloyster|Spikes|p1a: Crawdaunt\n|-sidestart|p1: anguang|Spikes\n|move|p1a: Crawdaunt|Crabhammer|p2a: Cloyster\n|-resisted|p2a: Cloyster\n|-damage|p2a: Cloyster|0 fnt\n|faint|p2a: Cloyster\n|-damage|p1a: Crawdaunt|2\/100|[from] item: Life Orb\n|\n|upkeep\n|inactive|A3720 has 90 seconds left.\n|\n|t:|1666419309\n|switch|p2a: Sharpedo|Sharpedo, F|100\/100\n|turn|7\n|\n|t:|1666419314\n|move|p2a: Sharpedo|Dark Pulse|p1a: Crawdaunt\n|-resisted|p1a: Crawdaunt\n|-damage|p1a: Crawdaunt|0 fnt\n|faint|p1a: Crawdaunt\n|-damage|p2a: Sharpedo|91\/100|[from] item: Life Orb\n|\n|-ability|p2a: Sharpedo|Speed Boost|boost\n|-boost|p2a: Sharpedo|spe|1\n|upkeep\n|\n|t:|1666419320\n|switch|p1a: Porygon2|Porygon2|100\/100\n|-damage|p1a: Porygon2|88\/100|[from] Spikes\n|-ability|p1a: Porygon2|Download|boost\n|-boost|p1a: Porygon2|atk|1\n|turn|8\n|\n|t:|1666419331\n|move|p2a: Sharpedo|Dark Pulse|p1a: Porygon2\n|-damage|p1a: Porygon2|68\/100\n|-damage|p2a: Sharpedo|81\/100|[from] item: Life Orb\n|move|p1a: Porygon2|Trick Room|p1a: Porygon2\n|-fieldstart|move: Trick Room|[of] p1a: Porygon2\n|\n|-ability|p2a: Sharpedo|Speed Boost|boost\n|-boost|p2a: Sharpedo|spe|1\n|upkeep\n|turn|9\n|\n|t:|1666419342\n|move|p2a: Sharpedo|Destiny Bond|p2a: Sharpedo\n|-singlemove|p2a: Sharpedo|Destiny Bond\n|move|p1a: Porygon2|Teleport|p1a: Porygon2\n|inactive|anguang has 120 seconds left.\n|\n|t:|1666419372\n|switch|p1a: Cresselia|Cresselia, F|100\/100|[from]move: Teleport\n|\n|-ability|p2a: Sharpedo|Speed Boost|boost\n|-boost|p2a: Sharpedo|spe|1\n|upkeep\n|turn|10\n|inactive|anguang has 120 seconds left.\n|inactive|A3720 has 120 seconds left.\n|\n|t:|1666419378\n|switch|p1a: Melmetal|Melmetal|100\/100\n|-damage|p1a: Melmetal|88\/100|[from] Spikes\n|move|p2a: Sharpedo|Dark Pulse|p1a: Melmetal\n|-damage|p1a: Melmetal|40\/100\n|-damage|p2a: Sharpedo|71\/100|[from] item: Life Orb\n|\n|-fieldend|move: Psychic Terrain\n|-ability|p2a: Sharpedo|Speed Boost|boost\n|-boost|p2a: Sharpedo|spe|1\n|upkeep\n|turn|11\n|inactive|anguang has 120 seconds left.\n|inactive|A3720 has 120 seconds left.\n|\n|t:|1666419402\n|move|p2a: Sharpedo|Protect|p2a: Sharpedo\n|-singleturn|p2a: Sharpedo|Protect\n|move|p1a: Melmetal|Superpower|p2a: Sharpedo\n|-activate|p2a: Sharpedo|move: Protect\n|\n|-ability|p2a: Sharpedo|Speed Boost|boost\n|-boost|p2a: Sharpedo|spe|1\n|upkeep\n|turn|12\n|inactive|anguang has 120 seconds left.\n|inactive|A3720 has 120 seconds left.\n|\n|t:|1666419433\n|switch|p2a: Landorus|Landorus-Therian, M|1\/100\n|-ability|p2a: Landorus|Intimidate|boost\n|-unboost|p1a: Melmetal|atk|1\n|move|p1a: Melmetal|Superpower|p2a: Landorus\n|-resisted|p2a: Landorus\n|-damage|p2a: Landorus|0 fnt\n|-unboost|p1a: Melmetal|atk|1\n|-unboost|p1a: Melmetal|def|1\n|faint|p2a: Landorus\n|\n|-fieldend|move: Trick Room\n|upkeep\n|inactive|A3720 has 90 seconds left.\n|inactive|A3720 has 60 seconds left.\n|\n|t:|1666419501\n|switch|p2a: Sharpedo|Sharpedo, F|71\/100\n|turn|13\n|\n|t:|1666419512\n|switch|p1a: Porygon2|Porygon2|68\/100\n|-damage|p1a: Porygon2|56\/100|[from] Spikes\n|-ability|p1a: Porygon2|Download|boost\n|-boost|p1a: Porygon2|atk|1\n|move|p2a: Sharpedo|Hydro Pump|p1a: Porygon2\n|-damage|p1a: Porygon2|23\/100\n|-damage|p2a: Sharpedo|61\/100|[from] item: Life Orb\n|\n|-ability|p2a: Sharpedo|Speed Boost|boost\n|-boost|p2a: Sharpedo|spe|1\n|upkeep\n|turn|14\n|inactive|anguang has 120 seconds left.\n|\n|t:|1666419528\n|move|p2a: Sharpedo|Hydro Pump|p1a: Porygon2\n|-damage|p1a: Porygon2|0 fnt\n|faint|p1a: Porygon2\n|-damage|p2a: Sharpedo|51\/100|[from] item: Life Orb\n|\n|-ability|p2a: Sharpedo|Speed Boost|boost\n|-boost|p2a: Sharpedo|spe|1\n|upkeep\n|inactive|anguang has 120 seconds left.\n|\n|t:|1666419547\n|switch|p1a: Cresselia|Cresselia, F|100\/100\n|turn|15\n|\n|t:|1666419551\n|move|p2a: Sharpedo|Dark Pulse|p1a: Cresselia\n|-supereffective|p1a: Cresselia\n|-crit|p1a: Cresselia\n|-damage|p1a: Cresselia|15\/100\n|-damage|p2a: Sharpedo|41\/100|[from] item: Life Orb\n|move|p1a: Cresselia|Trick Room|p1a: Cresselia\n|-fieldstart|move: Trick Room|[of] p1a: Cresselia\n|\n|-ability|p2a: Sharpedo|Speed Boost|boost\n|-boost|p2a: Sharpedo|spe|1\n|upkeep\n|turn|16\n|inactive|A3720 has 60 seconds left.\n|inactive|anguang has 120 seconds left.\n|\n|t:|1666419567\n|move|p1a: Cresselia|Lunar Dance|p1a: Cresselia\n|faint|p1a: Cresselia\n|move|p2a: Sharpedo|Destiny Bond|p2a: Sharpedo\n|-singlemove|p2a: Sharpedo|Destiny Bond\n|\n|-ability|p2a: Sharpedo|Speed Boost|boost\n|-boost|p2a: Sharpedo|spe|1\n|upkeep\n|\n|t:|1666419573\n|switch|p1a: Melmetal|Melmetal|40\/100\n|-heal|p1a: Melmetal|100\/100|[from] move: Lunar Dance\n|-damage|p1a: Melmetal|88\/100|[from] Spikes\n|turn|17\n|inactive|anguang has 120 seconds left.\n|\n|t:|1666419580\n|move|p1a: Melmetal|Superpower|p2a: Sharpedo\n|-supereffective|p2a: Sharpedo\n|-damage|p2a: Sharpedo|0 fnt\n|-unboost|p1a: Melmetal|atk|1\n|-unboost|p1a: Melmetal|def|1\n|faint|p2a: Sharpedo\n|-activate|p2a: Sharpedo|move: Destiny Bond\n|faint|p1a: Melmetal\n|\n|upkeep\n|inactive|A3720 has 60 seconds left.\n|\n|t:|1666419603\n|switch|p1a: Marowak|Marowak-Alola, F|100\/100\n|switch|p2a: Blaziken|Blaziken, F|100\/100\n|-damage|p1a: Marowak|88\/100|[from] Spikes\n|turn|18\n|\n|t:|1666419611\n|move|p2a: Blaziken|Protect|p2a: Blaziken\n|-singleturn|p2a: Blaziken|Protect\n|move|p1a: Marowak|Swords Dance|p1a: Marowak\n|-boost|p1a: Marowak|atk|2\n|\n|-ability|p2a: Blaziken|Speed Boost|boost\n|-boost|p2a: Blaziken|spe|1\n|upkeep\n|turn|19\n|\n|t:|1666419625\n|switch|p2a: Slurpuff|Slurpuff, F|100\/100\n|move|p1a: Marowak|Bonemerang|p2a: Slurpuff\n|-damage|p2a: Slurpuff|36\/100\n|-enditem|p2a: Slurpuff|Sitrus Berry|[eat]\n|-heal|p2a: Slurpuff|61\/100|[from] item: Sitrus Berry\n|-damage|p2a: Slurpuff|0 fnt\n|faint|p2a: Slurpuff\n|-hitcount|p2: Slurpuff|2\n|\n|-fieldend|move: Trick Room\n|upkeep\n|\n|t:|1666419630\n|switch|p2a: Blaziken|Blaziken, F|100\/100\n|turn|20\n|\n|t:|1666419638\n|move|p2a: Blaziken|Flare Blitz|p1a: Marowak\n|-resisted|p1a: Marowak\n|-damage|p1a: Marowak|55\/100\n|-damage|p2a: Blaziken|89\/100|[from] Recoil\n|move|p1a: Marowak|Bonemerang|p2a: Blaziken\n|-supereffective|p2a: Blaziken\n|-damage|p2a: Blaziken|0 fnt\n|faint|p2a: Blaziken\n|-hitcount|p2: Blaziken|1\n|\n|win|anguang\n|raw|anguang's rating: 1405 &rarr; <strong>1429<\/strong><br \/>(+24 for winning)\n|raw|A3720's rating: 1473 &rarr; <strong>1449<\/strong><br \/>(-24 for losing)\n","uploadtime":1666419662,"views":3,"p1id":"anguang","p2id":"a3720","formatid":"gen8ou","rating":1429,"private":0,"password":null}