{"id":"gen8ubers-1130955396","p1":"IMPAQT","p2":"willcoxw","format":"gen8ubers","log":"|j|\u2606IMPAQT\n|j|\u2606willcoxw\n|player|p1|IMPAQT|iris-gen5bw2|1529\n|player|p2|willcoxw|karen|1719\n|teamsize|p1|6\n|teamsize|p2|6\n|gametype|singles\n|gen|8\n|tier|[Gen 8] Ubers\n|rated|\n|clearpoke\n|poke|p1|Rillaboom, M|\n|poke|p1|Reshiram|\n|poke|p1|Quagsire, F|\n|poke|p1|Zacian-Crowned|\n|poke|p1|Clefable, M|\n|poke|p1|Mandibuzz, F|\n|poke|p2|Pelipper, M|\n|poke|p2|Eternatus|\n|poke|p2|Drednaw, M|\n|poke|p2|Hydreigon, M|\n|poke|p2|Necrozma-Dusk-Mane|\n|poke|p2|Zacian-Crowned|\n|rule|Sleep Clause Mod: Limit one foe put to sleep\n|rule|Species Clause: Limit one of each Pok\u00e9mon\n|rule|OHKO Clause: OHKO moves are banned\n|rule|Evasion Moves Clause: Evasion moves are banned\n|rule|Endless Battle Clause: Forcing endless battles is banned\n|rule|HP Percentage Mod: HP is shown in percentages\n|html|Ubers Dynamax Clause: Pok\u00e9mon on the <a href=\"https:\/\/www.smogon.com\/dex\/ss\/formats\/uber\/\">Ubers Dynamax Banlist<\/a> cannot Dynamax.\n|teampreview\n|\n|start\n|switch|p1a: Zacian|Zacian-Crowned|100\/100\n|switch|p2a: Pelipper|Pelipper, M|100\/100\n|-ability|p1a: Zacian|Intrepid Sword|boost\n|-boost|p1a: Zacian|atk|1\n|-weather|RainDance|[from] ability: Drizzle|[of] p2a: Pelipper\n|turn|1\n|\n|move|p1a: Zacian|Wild Charge|p2a: Pelipper\n|-supereffective|p2a: Pelipper\n|-damage|p2a: Pelipper|0 fnt\n|-damage|p1a: Zacian|76\/100|[from] Recoil\n|faint|p2a: Pelipper\n|\n|-weather|RainDance|[upkeep]\n|upkeep\n|\n|switch|p2a: Drednaw|Drednaw, M|100\/100\n|turn|2\n|\n|switch|p1a: Rillaboom|Rillaboom, M|100\/100\n|-fieldstart|move: Grassy Terrain|[from] ability: Grassy Surge|[of] p1a: Rillaboom\n|-start|p2a: Drednaw|Dynamax\n|-formechange|p2a: Drednaw|Drednaw-Gmax\n|-heal|p2a: Drednaw|100\/100|[silent]\n|move|p2a: Drednaw|G-Max Stonesurge|p1a: Rillaboom\n|-resisted|p1a: Rillaboom\n|-damage|p1a: Rillaboom|64\/100\n|-sidestart|p1: IMPAQT|move: Stealth Rock\n|-damage|p2a: Drednaw|96\/100|[from] item: Life Orb\n|\n|-weather|RainDance|[upkeep]\n|-heal|p2a: Drednaw|99\/100|[from] Grassy Terrain\n|-heal|p1a: Rillaboom|70\/100|[from] item: Leftovers\n|-heal|p1a: Rillaboom|76\/100|[from] Grassy Terrain\n|upkeep\n|turn|3\n|\n|-end|p2a: Drednaw|Dynamax\n|-formechange|p2a: Drednaw|Drednaw\n|-heal|p2a: Drednaw|99\/100|[silent]\n|switch|p2a: Eternatus|Eternatus|100\/100\n|-ability|p2a: Eternatus|Pressure\n|move|p1a: Rillaboom|Wood Hammer|p2a: Eternatus\n|-resisted|p2a: Eternatus\n|-damage|p2a: Eternatus|87\/100\n|-damage|p1a: Rillaboom|72\/100|[from] Recoil\n|\n|-weather|RainDance|[upkeep]\n|-heal|p2a: Eternatus|93\/100|[from] item: Black Sludge\n|-heal|p2a: Eternatus|99\/100|[from] Grassy Terrain\n|-heal|p1a: Rillaboom|78\/100|[from] item: Leftovers\n|-heal|p1a: Rillaboom|84\/100|[from] Grassy Terrain\n|upkeep\n|turn|4\n|\n|switch|p1a: Clefable|Clefable, M|100\/100\n|move|p2a: Eternatus|Toxic Spikes|p1a: Clefable\n|-sidestart|p1: IMPAQT|move: Toxic Spikes\n|\n|-weather|RainDance|[upkeep]\n|-heal|p2a: Eternatus|100\/100|[from] item: Black Sludge\n|upkeep\n|turn|5\n|\n|switch|p2a: Drednaw|Drednaw, M|99\/100\n|move|p1a: Clefable|Thunder Wave|p2a: Drednaw\n|-status|p2a: Drednaw|par\n|\n|-weather|RainDance|[upkeep]\n|-heal|p2a: Drednaw|100\/100 par|[from] Grassy Terrain\n|upkeep\n|turn|6\n|\n|switch|p1a: Rillaboom|Rillaboom, M|84\/100\n|-status|p1a: Rillaboom|psn\n|-damage|p1a: Rillaboom|72\/100 psn|[from] Stealth Rock\n|cant|p2a: Drednaw|par\n|\n|-weather|RainDance|[upkeep]\n|-heal|p1a: Rillaboom|78\/100 psn|[from] item: Leftovers\n|-heal|p1a: Rillaboom|84\/100 psn|[from] Grassy Terrain\n|-fieldend|move: Grassy Terrain\n|-damage|p1a: Rillaboom|72\/100 psn|[from] psn\n|upkeep\n|turn|7\n|\n|cant|p2a: Drednaw|par\n|move|p1a: Rillaboom|Leech Seed|p2a: Drednaw\n|-start|p2a: Drednaw|move: Leech Seed\n|\n|-weather|RainDance|[upkeep]\n|-heal|p1a: Rillaboom|78\/100 psn|[from] item: Leftovers\n|-damage|p2a: Drednaw|88\/100 par|[from] Leech Seed|[of] p1a: Rillaboom\n|-heal|p1a: Rillaboom|88\/100 psn|[silent]\n|-damage|p1a: Rillaboom|75\/100 psn|[from] psn\n|upkeep\n|turn|8\n|\n|switch|p2a: Eternatus|Eternatus|100\/100\n|-ability|p2a: Eternatus|Pressure\n|move|p1a: Rillaboom|Leech Seed|p2a: Eternatus\n|-start|p2a: Eternatus|move: Leech Seed\n|\n|-weather|none\n|-heal|p1a: Rillaboom|82\/100 psn|[from] item: Leftovers\n|-damage|p2a: Eternatus|88\/100|[from] Leech Seed|[of] p1a: Rillaboom\n|-heal|p1a: Rillaboom|95\/100 psn|[silent]\n|-damage|p1a: Rillaboom|82\/100 psn|[from] psn\n|upkeep\n|turn|9\n|\n|switch|p2a: Drednaw|Drednaw, M|88\/100 par\n|switch|p1a: Clefable|Clefable, M|100\/100\n|-status|p1a: Clefable|psn\n|\n|upkeep\n|turn|10\n|\n|switch|p1a: Mandibuzz|Mandibuzz, F|100\/100\n|move|p2a: Drednaw|Liquidation|p1a: Mandibuzz\n|-damage|p1a: Mandibuzz|61\/100\n|-damage|p2a: Drednaw|78\/100 par|[from] item: Life Orb\n|\n|upkeep\n|turn|11\n|\n|move|p1a: Mandibuzz|Defog|p2a: Drednaw\n|-unboost|p2a: Drednaw|evasion|1\n|-sideend|p1: IMPAQT|Toxic Spikes|[from] move: Defog|[of] p1a: Mandibuzz\n|-sideend|p1: IMPAQT|Stealth Rock|[from] move: Defog|[of] p1a: Mandibuzz\n|move|p2a: Drednaw|Liquidation|p1a: Mandibuzz\n|-damage|p1a: Mandibuzz|21\/100\n|-damage|p2a: Drednaw|68\/100 par|[from] item: Life Orb\n|\n|upkeep\n|turn|12\n|\n|move|p1a: Mandibuzz|Roost|p1a: Mandibuzz\n|-heal|p1a: Mandibuzz|71\/100\n|-singleturn|p1a: Mandibuzz|move: Roost\n|move|p2a: Drednaw|Liquidation|p1a: Mandibuzz\n|-damage|p1a: Mandibuzz|26\/100\n|-damage|p2a: Drednaw|58\/100 par|[from] item: Life Orb\n|\n|upkeep\n|turn|13\n|\n|move|p1a: Mandibuzz|Roost|p1a: Mandibuzz\n|-heal|p1a: Mandibuzz|76\/100\n|-singleturn|p1a: Mandibuzz|move: Roost\n|cant|p2a: Drednaw|par\n|\n|upkeep\n|turn|14\n|\n|move|p1a: Mandibuzz|Foul Play|p2a: Drednaw\n|-damage|p2a: Drednaw|1\/100 par\n|move|p2a: Drednaw|Liquidation|p1a: Mandibuzz\n|-damage|p1a: Mandibuzz|33\/100\n|-damage|p2a: Drednaw|0 fnt|[from] item: Life Orb\n|faint|p2a: Drednaw\n|\n|upkeep\n|\n|switch|p2a: Zacian|Zacian-Crowned|100\/100\n|-ability|p2a: Zacian|Intrepid Sword|boost\n|-boost|p2a: Zacian|atk|1\n|turn|15\n|\n|switch|p1a: Quagsire|Quagsire, F|100\/100\n|move|p2a: Zacian|Play Rough|p1a: Quagsire\n|-damage|p1a: Quagsire|62\/100\n|\n|-heal|p1a: Quagsire|68\/100|[from] item: Leftovers\n|upkeep\n|turn|16\n|\n|switch|p2a: Hydreigon|Hydreigon, M|100\/100\n|move|p1a: Quagsire|Recover|p1a: Quagsire\n|-heal|p1a: Quagsire|100\/100\n|\n|upkeep\n|turn|17\n|\n|switch|p1a: Clefable|Clefable, M|100\/100 psn\n|move|p2a: Hydreigon|Nasty Plot|p2a: Hydreigon\n|-boost|p2a: Hydreigon|spa|2\n|\n|upkeep\n|turn|18\n|\n|move|p2a: Hydreigon|Earth Power|p1a: Clefable\n|-damage|p1a: Clefable|46\/100 psn\n|move|p1a: Clefable|Moonblast|p2a: Hydreigon\n|-supereffective|p2a: Hydreigon\n|-damage|p2a: Hydreigon|0 fnt\n|faint|p2a: Hydreigon\n|\n|upkeep\n|\n|switch|p2a: Zacian|Zacian-Crowned|100\/100\n|-ability|p2a: Zacian|Intrepid Sword|boost\n|-boost|p2a: Zacian|atk|1\n|turn|19\n|\n|switch|p2a: Eternatus|Eternatus|88\/100\n|-ability|p2a: Eternatus|Pressure\n|switch|p1a: Quagsire|Quagsire, F|100\/100\n|\n|-heal|p2a: Eternatus|94\/100|[from] item: Black Sludge\n|upkeep\n|turn|20\n|\n|switch|p1a: Mandibuzz|Mandibuzz, F|33\/100\n|move|p2a: Eternatus|Flamethrower|p1a: Mandibuzz\n|-damage|p1a: Mandibuzz|12\/100\n|\n|-heal|p2a: Eternatus|100\/100|[from] item: Black Sludge\n|upkeep\n|turn|21\n|\n|move|p2a: Eternatus|Substitute|p2a: Eternatus\n|-start|p2a: Eternatus|Substitute\n|-damage|p2a: Eternatus|76\/100\n|move|p1a: Mandibuzz|Roost|p1a: Mandibuzz\n|-heal|p1a: Mandibuzz|62\/100\n|-singleturn|p1a: Mandibuzz|move: Roost\n|\n|-heal|p2a: Eternatus|82\/100|[from] item: Black Sludge\n|upkeep\n|turn|22\n|\n|move|p2a: Eternatus|Dynamax Cannon|p1a: Mandibuzz\n|-damage|p1a: Mandibuzz|26\/100\n|move|p1a: Mandibuzz|Roost|p1a: Mandibuzz\n|-heal|p1a: Mandibuzz|76\/100\n|-singleturn|p1a: Mandibuzz|move: Roost\n|\n|-heal|p2a: Eternatus|88\/100|[from] item: Black Sludge\n|upkeep\n|turn|23\n|\n|move|p2a: Eternatus|Flamethrower|p1a: Mandibuzz\n|-damage|p1a: Mandibuzz|54\/100\n|-status|p1a: Mandibuzz|brn\n|move|p1a: Mandibuzz|Roost|p1a: Mandibuzz\n|-heal|p1a: Mandibuzz|100\/100 brn\n|-singleturn|p1a: Mandibuzz|move: Roost\n|\n|-heal|p2a: Eternatus|94\/100|[from] item: Black Sludge\n|-damage|p1a: Mandibuzz|94\/100 brn|[from] brn\n|upkeep\n|turn|24\n|\n|move|p2a: Eternatus|Toxic Spikes|p1a: Mandibuzz\n|-sidestart|p1: IMPAQT|move: Toxic Spikes\n|move|p1a: Mandibuzz|U-turn|p2a: Eternatus\n|-resisted|p2a: Eternatus\n|-activate|p2a: Eternatus|move: Substitute|[damage]\n|\n|switch|p1a: Clefable|Clefable, M|46\/100 psn|[from]move: U-turn\n|\n|-heal|p2a: Eternatus|99\/100|[from] item: Black Sludge\n|upkeep\n|turn|25\n|\n|move|p2a: Eternatus|Flamethrower|p1a: Clefable\n|-damage|p1a: Clefable|13\/100 psn\n|move|p1a: Clefable|Soft-Boiled|p1a: Clefable\n|-heal|p1a: Clefable|63\/100 psn\n|\n|-heal|p2a: Eternatus|100\/100|[from] item: Black Sludge\n|upkeep\n|turn|26\n|\n|move|p2a: Eternatus|Flamethrower|p1a: Clefable\n|-damage|p1a: Clefable|32\/100 psn\n|move|p1a: Clefable|Soft-Boiled|p1a: Clefable\n|-heal|p1a: Clefable|82\/100 psn\n|\n|upkeep\n|turn|27\n|\n|switch|p2a: Necrozma|Necrozma-Dusk-Mane|100\/100\n|move|p1a: Clefable|Soft-Boiled|p1a: Clefable\n|-heal|p1a: Clefable|100\/100 psn\n|\n|upkeep\n|turn|28\n|\n|switch|p1a: Mandibuzz|Mandibuzz, F|94\/100 brn\n|move|p2a: Necrozma|Iron Head|p1a: Mandibuzz\n|-damage|p1a: Mandibuzz|62\/100 brn\n|\n|-damage|p1a: Mandibuzz|55\/100 brn|[from] brn\n|upkeep\n|turn|29\n|\n|move|p1a: Mandibuzz|Roost|p1a: Mandibuzz\n|-heal|p1a: Mandibuzz|100\/100 brn\n|-singleturn|p1a: Mandibuzz|move: Roost\n|move|p2a: Necrozma|Iron Head|p1a: Mandibuzz\n|-damage|p1a: Mandibuzz|70\/100 brn\n|\n|-damage|p1a: Mandibuzz|64\/100 brn|[from] brn\n|upkeep\n|turn|30\n|\n|move|p1a: Mandibuzz|Defog|p2a: Necrozma\n|-unboost|p2a: Necrozma|evasion|1\n|-sideend|p1: IMPAQT|Toxic Spikes|[from] move: Defog|[of] p1a: Mandibuzz\n|move|p2a: Necrozma|Knock Off|p1a: Mandibuzz\n|-resisted|p1a: Mandibuzz\n|-damage|p1a: Mandibuzz|51\/100 brn\n|-enditem|p1a: Mandibuzz|Heavy-Duty Boots|[from] move: Knock Off|[of] p2a: Necrozma\n|\n|-damage|p1a: Mandibuzz|45\/100 brn|[from] brn\n|upkeep\n|turn|31\n|\n|switch|p2a: Eternatus|Eternatus|100\/100\n|-ability|p2a: Eternatus|Pressure\n|move|p1a: Mandibuzz|U-turn|p2a: Eternatus\n|-resisted|p2a: Eternatus\n|-damage|p2a: Eternatus|98\/100\n|\n|switch|p1a: Reshiram|Reshiram|100\/100|[from]move: U-turn\n|-ability|p1a: Reshiram|Turboblaze\n|\n|-heal|p2a: Eternatus|100\/100|[from] item: Black Sludge\n|upkeep\n|turn|32\n|\n|move|p2a: Eternatus|Substitute|p2a: Eternatus\n|-start|p2a: Eternatus|Substitute\n|-damage|p2a: Eternatus|76\/100\n|move|p1a: Reshiram|Draco Meteor|p2a: Eternatus\n|-supereffective|p2a: Eternatus\n|-end|p2a: Eternatus|Substitute\n|-unboost|p1a: Reshiram|spa|2\n|\n|-heal|p2a: Eternatus|82\/100|[from] item: Black Sludge\n|upkeep\n|turn|33\n|\n|switch|p1a: Clefable|Clefable, M|100\/100 psn\n|move|p2a: Eternatus|Toxic Spikes|p1a: Clefable\n|-sidestart|p1: IMPAQT|move: Toxic Spikes\n|\n|-heal|p2a: Eternatus|88\/100|[from] item: Black Sludge\n|upkeep\n|turn|34\n|\n|move|p2a: Eternatus|Substitute|p2a: Eternatus\n|-start|p2a: Eternatus|Substitute\n|-damage|p2a: Eternatus|63\/100\n|move|p1a: Clefable|Moonblast|p2a: Eternatus\n|-end|p2a: Eternatus|Substitute\n|\n|-heal|p2a: Eternatus|69\/100|[from] item: Black Sludge\n|upkeep\n|turn|35\n|\n|switch|p2a: Zacian|Zacian-Crowned|100\/100\n|-ability|p2a: Zacian|Intrepid Sword|boost\n|-boost|p2a: Zacian|atk|1\n|move|p1a: Clefable|Thunder Wave|p2a: Zacian\n|-status|p2a: Zacian|par\n|\n|upkeep\n|turn|36\n|\n|switch|p1a: Reshiram|Reshiram|100\/100\n|-ability|p1a: Reshiram|Turboblaze\n|move|p2a: Zacian|Play Rough|p1a: Reshiram|[miss]\n|-miss|p2a: Zacian|p1a: Reshiram\n|\n|upkeep\n|turn|37\n|\n|move|p1a: Reshiram|Earth Power|p2a: Zacian\n|-supereffective|p2a: Zacian\n|-damage|p2a: Zacian|27\/100 par\n|move|p2a: Zacian|Play Rough|p1a: Reshiram\n|-damage|p1a: Reshiram|10\/100\n|\n|upkeep\n|turn|38\n|\n|move|p1a: Reshiram|Earth Power|p2a: Zacian\n|-supereffective|p2a: Zacian\n|-damage|p2a: Zacian|0 fnt\n|faint|p2a: Zacian\n|\n|upkeep\n|\n|switch|p2a: Eternatus|Eternatus|69\/100\n|-ability|p2a: Eternatus|Pressure\n|turn|39\n|\n|switch|p1a: Clefable|Clefable, M|100\/100 psn\n|move|p2a: Eternatus|Substitute|p2a: Eternatus\n|-start|p2a: Eternatus|Substitute\n|-damage|p2a: Eternatus|44\/100\n|\n|-heal|p2a: Eternatus|50\/100|[from] item: Black Sludge\n|upkeep\n|turn|40\n|\n|switch|p2a: Necrozma|Necrozma-Dusk-Mane|100\/100\n|move|p1a: Clefable|Moonblast|p2a: Necrozma\n|-resisted|p2a: Necrozma\n|-damage|p2a: Necrozma|78\/100\n|-unboost|p2a: Necrozma|spa|1\n|\n|-heal|p2a: Necrozma|84\/100|[from] item: Leftovers\n|upkeep\n|turn|41\n|\n|switch|p1a: Mandibuzz|Mandibuzz, F|45\/100 brn\n|move|p2a: Necrozma|Knock Off|p1a: Mandibuzz\n|-resisted|p1a: Mandibuzz\n|-damage|p1a: Mandibuzz|36\/100 brn\n|\n|-heal|p2a: Necrozma|90\/100|[from] item: Leftovers\n|-damage|p1a: Mandibuzz|30\/100 brn|[from] brn\n|upkeep\n|turn|42\n|c|\u2606IMPAQT|WILLO COCKS\n|\n|switch|p2a: Eternatus|Eternatus|50\/100\n|-ability|p2a: Eternatus|Pressure\n|move|p1a: Mandibuzz|Defog|p2a: Eternatus\n|-unboost|p2a: Eternatus|evasion|1\n|-sideend|p1: IMPAQT|Toxic Spikes|[from] move: Defog|[of] p1a: Mandibuzz\n|\n|-heal|p2a: Eternatus|57\/100|[from] item: Black Sludge\n|-damage|p1a: Mandibuzz|24\/100 brn|[from] brn\n|upkeep\n|turn|43\n|\n|switch|p1a: Clefable|Clefable, M|100\/100 psn\n|move|p2a: Eternatus|Dynamax Cannon|p1a: Clefable\n|-immune|p1a: Clefable\n|\n|-heal|p2a: Eternatus|63\/100|[from] item: Black Sludge\n|upkeep\n|turn|44\n|\n|switch|p2a: Necrozma|Necrozma-Dusk-Mane|90\/100\n|move|p1a: Clefable|Moonblast|p2a: Necrozma\n|-resisted|p2a: Necrozma\n|-damage|p2a: Necrozma|67\/100\n|\n|-heal|p2a: Necrozma|73\/100|[from] item: Leftovers\n|upkeep\n|turn|45\n|\n|switch|p1a: Rillaboom|Rillaboom, M|82\/100 psn\n|-fieldstart|move: Grassy Terrain|[from] ability: Grassy Surge|[of] p1a: Rillaboom\n|move|p2a: Necrozma|Knock Off|p1a: Rillaboom\n|-damage|p1a: Rillaboom|61\/100 psn\n|-enditem|p1a: Rillaboom|Leftovers|[from] move: Knock Off|[of] p2a: Necrozma\n|\n|-heal|p1a: Rillaboom|67\/100 psn|[from] Grassy Terrain\n|-heal|p2a: Necrozma|79\/100|[from] item: Leftovers\n|-heal|p2a: Necrozma|85\/100|[from] Grassy Terrain\n|-damage|p1a: Rillaboom|54\/100 psn|[from] psn\n|upkeep\n|turn|46\n|\n|switch|p2a: Eternatus|Eternatus|63\/100\n|-ability|p2a: Eternatus|Pressure\n|move|p1a: Rillaboom|Leech Seed|p2a: Eternatus\n|-start|p2a: Eternatus|move: Leech Seed\n|\n|-heal|p2a: Eternatus|69\/100|[from] item: Black Sludge\n|-heal|p2a: Eternatus|75\/100|[from] Grassy Terrain\n|-heal|p1a: Rillaboom|61\/100 psn|[from] Grassy Terrain\n|-damage|p2a: Eternatus|63\/100|[from] Leech Seed|[of] p1a: Rillaboom\n|-heal|p1a: Rillaboom|74\/100 psn|[silent]\n|-damage|p1a: Rillaboom|61\/100 psn|[from] psn\n|upkeep\n|turn|47\n|inactive|Battle timer is ON: inactive players will automatically lose when time's up. (requested by IMPAQT)\n|\n|switch|p1a: Clefable|Clefable, M|100\/100 psn\n|move|p2a: Eternatus|Toxic Spikes|p1a: Clefable\n|-sidestart|p1: IMPAQT|move: Toxic Spikes\n|\n|-heal|p2a: Eternatus|69\/100|[from] item: Black Sludge\n|-heal|p2a: Eternatus|75\/100|[from] Grassy Terrain\n|-damage|p2a: Eternatus|63\/100|[from] Leech Seed|[of] p1a: Clefable\n|upkeep\n|turn|48\n|\n|switch|p2a: Necrozma|Necrozma-Dusk-Mane|85\/100\n|move|p1a: Clefable|Thunder Wave|p2a: Necrozma\n|-status|p2a: Necrozma|par\n|\n|-heal|p2a: Necrozma|91\/100 par|[from] item: Leftovers\n|-heal|p2a: Necrozma|97\/100 par|[from] Grassy Terrain\n|upkeep\n|turn|49\n|\n|-start|p1a: Clefable|Dynamax\n|-heal|p1a: Clefable|100\/100 psn|[silent]\n|move|p1a: Clefable|Max Starfall|p2a: Necrozma\n|-resisted|p2a: Necrozma\n|-damage|p2a: Necrozma|68\/100 par\n|-fieldstart|move: Misty Terrain\n|move|p2a: Necrozma|Iron Head|p1a: Clefable\n|-supereffective|p1a: Clefable\n|-damage|p1a: Clefable|53\/100 psn\n|\n|-heal|p2a: Necrozma|74\/100 par|[from] item: Leftovers\n|upkeep\n|turn|50\n|\n|move|p1a: Clefable|Max Flare|p2a: Necrozma\n|-supereffective|p2a: Necrozma\n|-damage|p2a: Necrozma|12\/100 par\n|-weather|SunnyDay\n|move|p2a: Necrozma|Knock Off|p1a: Clefable\n|-resisted|p1a: Clefable\n|-damage|p1a: Clefable|44\/100 psn\n|-enditem|p1a: Clefable|Life Orb|[from] move: Knock Off|[of] p2a: Necrozma\n|\n|-weather|SunnyDay|[upkeep]\n|-heal|p2a: Necrozma|18\/100 par|[from] item: Leftovers\n|upkeep\n|turn|51\n|\n|switch|p2a: Eternatus|Eternatus|63\/100\n|-ability|p2a: Eternatus|Pressure\n|move|p1a: Clefable|Max Flare|p2a: Eternatus\n|-resisted|p2a: Eternatus\n|-damage|p2a: Eternatus|35\/100\n|\n|-weather|SunnyDay|[upkeep]\n|-heal|p2a: Eternatus|41\/100|[from] item: Black Sludge\n|-end|p1a: Clefable|Dynamax\n|-heal|p1a: Clefable|44\/100 psn|[silent]\n|upkeep\n|turn|52\n|\n|move|p2a: Eternatus|Flamethrower|p1a: Clefable\n|-damage|p1a: Clefable|0 fnt\n|faint|p1a: Clefable\n|\n|-weather|SunnyDay|[upkeep]\n|-heal|p2a: Eternatus|47\/100|[from] item: Black Sludge\n|upkeep\n|\n|switch|p1a: Zacian|Zacian-Crowned|76\/100\n|-ability|p1a: Zacian|Intrepid Sword|boost\n|-boost|p1a: Zacian|atk|1\n|turn|53\n|\n|move|p1a: Zacian|Behemoth Blade|p2a: Eternatus\n|-damage|p2a: Eternatus|0 fnt\n|faint|p2a: Eternatus\n|\n|-weather|SunnyDay|[upkeep]\n|-fieldend|Misty Terrain\n|upkeep\n|-message|willcoxw forfeited.\n|\n|win|IMPAQT\n|l|\u2606willcoxw\n||Ladder (probably) updated, but score could not be retrieved (Request timeout).\n|player|p1|IMPAQT|iris-gen5bw2\n","uploadtime":1591901188,"views":34,"p1id":"impaqt","p2id":"willcoxw","formatid":"gen8ubers","rating":0,"private":0,"password":null}