{"id":"gen8nationaldex-1501739938","p1":"275p","p2":"Alu9204","format":"gen8nationaldex","log":"|html|<div class=\"broadcast-blue\"><strong>[Gen 8] National Dex is currently suspecting Tornadus-Therian! For information on how to participate check out the <a href=\"https:\/\/www.smogon.com\/forums\/threads\/national-dex-suspect-test-13-airplanes.3696877\/\">suspect thread<\/a>.<\/strong><\/div>\n|j|\u2606275p\n|j|\u2606Alu9204\n|t:|1643634212\n|gametype|singles\n|player|p1|275p|alder|1532\n|player|p2|Alu9204|burglar|1542\n|teamsize|p1|6\n|teamsize|p2|6\n|gen|8\n|tier|[Gen 8] National Dex\n|rated|\n|rule|HP Percentage Mod: HP is shown in percentages\n|rule|Endless Battle Clause: Forcing endless battles is banned\n|rule|OHKO Clause: OHKO moves are banned\n|rule|Evasion Moves Clause: Evasion moves are banned\n|rule|Species Clause: Limit one of each Pok\u00e9mon\n|rule|Dynamax Clause: You cannot dynamax\n|rule|Sleep Clause Mod: Limit one foe put to sleep\n|clearpoke\n|poke|p1|Azelf|\n|poke|p1|Greninja, F|\n|poke|p1|Swellow, M|\n|poke|p1|Magnezone|\n|poke|p1|Tapu Lele|\n|poke|p1|Scizor, M|\n|poke|p2|Breloom, F|\n|poke|p2|Landorus-Therian, M|\n|poke|p2|Weavile, F|\n|poke|p2|Corviknight, M|\n|poke|p2|Zapdos-Galar|\n|poke|p2|Latios, M|\n|teampreview\n|c|\u2606275p|gl\n|\n|t:|1643634218\n|start\n|switch|p1a: Azelf|Azelf|100\/100\n|switch|p2a: Breloom|Breloom, F|100\/100\n|turn|1\n|\n|t:|1643634225\n|move|p1a: Azelf|Taunt|p2a: Breloom\n|-start|p2a: Breloom|move: Taunt\n|move|p2a: Breloom|Bullet Seed|p1a: Azelf\n|-damage|p1a: Azelf|69\/100\n|-damage|p1a: Azelf|40\/100\n|-damage|p1a: Azelf|6\/100\n|-hitcount|p1a: Azelf|3\n|\n|upkeep\n|turn|2\n|\n|t:|1643634234\n|move|p2a: Breloom|Mach Punch|p1a: Azelf\n|-resisted|p1a: Azelf\n|-damage|p1a: Azelf|0 fnt\n|faint|p1a: Azelf\n|\n|upkeep\n|\n|t:|1643634237\n|switch|p1a: Swellow|Swellow, M|100\/100\n|turn|3\n|\n|t:|1643634253\n|move|p1a: Swellow|Boomburst|p2a: Breloom\n|-enditem|p2a: Breloom|Focus Sash\n|-damage|p2a: Breloom|1\/100\n|move|p2a: Breloom|Rock Tomb|p1a: Swellow\n|-supereffective|p1a: Swellow\n|-damage|p1a: Swellow|0 fnt\n|faint|p1a: Swellow\n|\n|-end|p2a: Breloom|move: Taunt\n|upkeep\n|\n|t:|1643634263\n|switch|p1a: Tapu Lele|Tapu Lele|100\/100\n|-fieldstart|move: Psychic Terrain|[from] ability: Psychic Surge|[of] p1a: Tapu Lele\n|turn|4\n|\n|t:|1643634268\n|switch|p2a: Corviknight|Corviknight, M|100\/100\n|-ability|p2a: Corviknight|Pressure\n|move|p1a: Tapu Lele|Psyshock|p2a: Corviknight\n|-resisted|p2a: Corviknight\n|-damage|p2a: Corviknight|78\/100\n|\n|upkeep\n|turn|5\n|\n|t:|1643634278\n|switch|p1a: Magnezone|Magnezone|100\/100\n|move|p2a: Corviknight|U-turn|p1a: Magnezone\n|-resisted|p1a: Magnezone\n|-damage|p1a: Magnezone|92\/100\n|\n|t:|1643634285\n|switch|p2a: Landorus|Landorus-Therian, M|100\/100|[from]move: U-turn\n|-ability|p2a: Landorus|Intimidate|boost\n|-unboost|p1a: Magnezone|atk|1\n|\n|upkeep\n|turn|6\n|\n|t:|1643634294\n|switch|p1a: Scizor|Scizor, M|100\/100\n|move|p2a: Landorus|Earthquake|p1a: Scizor\n|-damage|p1a: Scizor|47\/100\n|\n|upkeep\n|turn|7\n|\n|t:|1643634306\n|detailschange|p1a: Scizor|Scizor-Mega, M\n|-mega|p1a: Scizor|Scizor|Scizorite\n|move|p2a: Landorus|Earthquake|p1a: Scizor\n|-damage|p1a: Scizor|8\/100\n|move|p1a: Scizor|Roost|p1a: Scizor\n|-heal|p1a: Scizor|58\/100\n|-singleturn|p1a: Scizor|move: Roost\n|\n|upkeep\n|turn|8\n|\n|t:|1643634316\n|move|p2a: Landorus|U-turn|p1a: Scizor\n|-resisted|p1a: Scizor\n|-crit|p1a: Scizor\n|-damage|p1a: Scizor|43\/100\n|\n|t:|1643634326\n|switch|p2a: Zapdos|Zapdos-Galar|100\/100|[from]move: U-turn\n|move|p1a: Scizor|Roost|p1a: Scizor\n|-heal|p1a: Scizor|94\/100\n|-singleturn|p1a: Scizor|move: Roost\n|\n|-fieldend|move: Psychic Terrain\n|upkeep\n|turn|9\n|\n|t:|1643634332\n|move|p2a: Zapdos|Blaze Kick|p1a: Scizor|[miss]\n|-miss|p2a: Zapdos|p1a: Scizor\n|move|p1a: Scizor|Swords Dance|p1a: Scizor\n|-boost|p1a: Scizor|atk|2\n|\n|upkeep\n|turn|10\n|\n|t:|1643634336\n|move|p1a: Scizor|Bullet Punch|p2a: Zapdos\n|-damage|p2a: Zapdos|11\/100\n|move|p2a: Zapdos|Blaze Kick|p1a: Scizor\n|-supereffective|p1a: Scizor\n|-damage|p1a: Scizor|0 fnt\n|faint|p1a: Scizor\n|\n|upkeep\n|\n|t:|1643634345\n|switch|p1a: Tapu Lele|Tapu Lele|100\/100\n|-fieldstart|move: Psychic Terrain|[from] ability: Psychic Surge|[of] p1a: Tapu Lele\n|turn|11\n|\n|t:|1643634354\n|switch|p1a: Magnezone|Magnezone|92\/100\n|move|p2a: Zapdos|Blaze Kick|p1a: Magnezone\n|-supereffective|p1a: Magnezone\n|-damage|p1a: Magnezone|0 fnt\n|faint|p1a: Magnezone\n|\n|upkeep\n|\n|t:|1643634359\n|switch|p1a: Greninja|Greninja, F|100\/100\n|turn|12\n|\n|t:|1643634365\n|switch|p2a: Corviknight|Corviknight, M|78\/100\n|-ability|p2a: Corviknight|Pressure\n|move|p1a: Greninja|Ice Beam|p2a: Corviknight\n|-start|p1a: Greninja|typechange|Ice|[from] ability: Protean\n|-damage|p2a: Corviknight|53\/100\n|\n|upkeep\n|turn|13\n|\n|t:|1643634378\n|switch|p1a: Tapu Lele|Tapu Lele|100\/100\n|move|p2a: Corviknight|Roost|p2a: Corviknight\n|-heal|p2a: Corviknight|100\/100\n|-singleturn|p2a: Corviknight|move: Roost\n|\n|upkeep\n|turn|14\n|\n|t:|1643634391\n|move|p1a: Tapu Lele|Calm Mind|p1a: Tapu Lele\n|-boost|p1a: Tapu Lele|spa|1\n|-boost|p1a: Tapu Lele|spd|1\n|move|p2a: Corviknight|U-turn|p1a: Tapu Lele\n|-damage|p1a: Tapu Lele|78\/100\n|\n|t:|1643634401\n|switch|p2a: Zapdos|Zapdos-Galar|11\/100|[from]move: U-turn\n|\n|upkeep\n|turn|15\n|\n|t:|1643634406\n|move|p2a: Zapdos|Brave Bird|p1a: Tapu Lele\n|-damage|p1a: Tapu Lele|0 fnt\n|faint|p1a: Tapu Lele\n|-damage|p2a: Zapdos|0 fnt|[from] Recoil\n|faint|p2a: Zapdos\n|\n|-fieldend|move: Psychic Terrain\n|upkeep\n|\n|t:|1643634417\n|switch|p2a: Breloom|Breloom, F|1\/100\n|switch|p1a: Greninja|Greninja, F|100\/100\n|turn|16\n|\n|t:|1643634422\n|move|p2a: Breloom|Mach Punch|p1a: Greninja\n|-supereffective|p1a: Greninja\n|-damage|p1a: Greninja|0 fnt\n|faint|p1a: Greninja\n|\n|win|Alu9204\n|raw|275p's rating: 1532 &rarr; <strong>1513<\/strong><br \/>(-19 for losing)\n|raw|Alu9204's rating: 1542 &rarr; <strong>1561<\/strong><br \/>(+19 for winning)\n|c|\u2606275p|gg\n|l|\u2606275p\n","uploadtime":1643634427,"views":14,"p1id":"275p","p2id":"alu9204","formatid":"gen8nationaldex","rating":1513,"private":0,"password":null}