{"id":"gen8ou-1543462920","p1":"all in check","p2":"Infernoss","format":"gen8ou","log":"|j|\u2606all in check\n|j|\u2606Infernoss\n|t:|1648790501\n|gametype|singles\n|player|p1|all in check|2|1812\n|player|p2|Infernoss|blue|1812\n|teamsize|p1|6\n|teamsize|p2|6\n|gen|8\n|tier|[Gen 8] OU\n|rated|\n|rule|Sleep Clause Mod: Limit one foe put to sleep\n|rule|Species Clause: Limit one of each Pok\u00e9mon\n|rule|OHKO Clause: OHKO moves are banned\n|rule|Evasion Moves Clause: Evasion moves are banned\n|rule|Endless Battle Clause: Forcing endless battles is banned\n|rule|HP Percentage Mod: HP is shown in percentages\n|rule|Dynamax Clause: You cannot dynamax\n|clearpoke\n|poke|p1|Ninetales-Alola, F|\n|poke|p1|Heatran, M|\n|poke|p1|Garchomp, F|\n|poke|p1|Cloyster, M|\n|poke|p1|Scizor, M|\n|poke|p1|Dragapult, M|\n|poke|p2|Marowak-Alola, M|\n|poke|p2|Slowbro, M|\n|poke|p2|Hatterene, F|\n|poke|p2|Garchomp, M|\n|poke|p2|Ferrothorn, M|\n|poke|p2|Drampa, M|\n|teampreview\n|inactive|Battle timer is ON: inactive players will automatically lose when time's up. (requested by Infernoss)\n|\n|t:|1648790533\n|start\n|switch|p1a: Ninetales|Ninetales-Alola, F|100\/100\n|switch|p2a: Thorns|Ferrothorn, M|100\/100\n|-weather|Hail|[from] ability: Snow Warning|[of] p1a: Ninetales\n|turn|1\n|\n|t:|1648790542\n|move|p1a: Ninetales|Aurora Veil|p1a: Ninetales\n|-sidestart|p1: all in check|move: Aurora Veil\n|move|p2a: Thorns|Gyro Ball|p1a: Ninetales\n|-supereffective|p1a: Ninetales\n|-damage|p1a: Ninetales|0 fnt\n|faint|p1a: Ninetales\n|\n|-weather|Hail|[upkeep]\n|-damage|p2a: Thorns|94\/100|[from] Hail\n|upkeep\n|\n|t:|1648790554\n|switch|p1a: Dragapult|Dragapult, M|100\/100\n|turn|2\n|\n|t:|1648790568\n|switch|p2a: Falkor|Drampa, M|100\/100\n|move|p1a: Dragapult|Dragon Dance|p1a: Dragapult\n|-boost|p1a: Dragapult|atk|1\n|-boost|p1a: Dragapult|spe|1\n|\n|-weather|Hail|[upkeep]\n|-damage|p1a: Dragapult|95\/100|[from] Hail\n|-damage|p2a: Falkor|94\/100|[from] Hail\n|upkeep\n|turn|3\n|\n|t:|1648790580\n|switch|p2a: Thorns|Ferrothorn, M|94\/100\n|move|p1a: Dragapult|Dragon Darts|p2a: Thorns\n|-resisted|p2a: Thorns\n|-damage|p2a: Thorns|78\/100\n|-anim|p1a: Dragapult|Dragon Darts|p2a: Thorns\n|-resisted|p2a: Thorns\n|-damage|p2a: Thorns|62\/100\n|\n|-weather|Hail|[upkeep]\n|-damage|p1a: Dragapult|89\/100|[from] Hail\n|-damage|p2a: Thorns|55\/100|[from] Hail\n|upkeep\n|turn|4\n|\n|t:|1648790592\n|switch|p2a: Sonso|Slowbro, M|100\/100\n|move|p1a: Dragapult|Flamethrower|p2a: Sonso\n|-resisted|p2a: Sonso\n|-damage|p2a: Sonso|91\/100\n|\n|-weather|Hail|[upkeep]\n|-damage|p1a: Dragapult|83\/100|[from] Hail\n|-damage|p2a: Sonso|85\/100|[from] Hail\n|upkeep\n|turn|5\n|\n|t:|1648790600\n|move|p1a: Dragapult|Dragon Darts|p2a: Sonso\n|-crit|p2a: Sonso\n|-damage|p2a: Sonso|49\/100\n|-anim|p1a: Dragapult|Dragon Darts|p2a: Sonso\n|-damage|p2a: Sonso|27\/100\n|move|p2a: Sonso|Trick Room|p2a: Sonso\n|-fieldstart|move: Trick Room|[of] p2a: Sonso\n|\n|-weather|none\n|upkeep\n|turn|6\n|\n|t:|1648790607\n|move|p2a: Sonso|Slack Off|p2a: Sonso\n|-heal|p2a: Sonso|77\/100\n|move|p1a: Dragapult|Phantom Force||[still]\n|-prepare|p1a: Dragapult|Phantom Force\n|\n|upkeep\n|turn|7\n|\n|t:|1648790612\n|switch|p2a: Falkor|Drampa, M|94\/100\n|move|p1a: Dragapult|Phantom Force|p2a: Falkor|[from]lockedmove\n|-immune|p2a: Falkor\n|\n|upkeep\n|turn|8\n|\n|t:|1648790618\n|move|p2a: Falkor|Ice Beam|p1a: Dragapult\n|-supereffective|p1a: Dragapult\n|-damage|p1a: Dragapult|22\/100\n|-enditem|p1a: Dragapult|Weakness Policy\n|-boost|p1a: Dragapult|atk|2|[from] item: Weakness Policy\n|-boost|p1a: Dragapult|spa|2|[from] item: Weakness Policy\n|move|p1a: Dragapult|Dragon Darts|p2a: Falkor\n|-supereffective|p2a: Falkor\n|-damage|p2a: Falkor|0 fnt\n|faint|p2a: Falkor\n|\n|-sideend|p1: all in check|move: Aurora Veil\n|upkeep\n|\n|t:|1648790647\n|switch|p2a: Sharko|Garchomp, M|100\/100\n|turn|9\n|\n|t:|1648790654\n|move|p2a: Sharko|Earthquake|p1a: Dragapult\n|-damage|p1a: Dragapult|0 fnt\n|faint|p1a: Dragapult\n|\n|-fieldend|move: Trick Room\n|upkeep\n|j| yyy222\n|\n|t:|1648790672\n|switch|p1a: Garchomp|Garchomp, F|100\/100\n|turn|10\n|\n|t:|1648790675\n|move|p2a: Sharko|Earthquake|p1a: Garchomp\n|-damage|p1a: Garchomp|46\/100\n|move|p1a: Garchomp|Scale Shot|p2a: Sharko\n|-supereffective|p2a: Sharko\n|-damage|p2a: Sharko|76\/100\n|-supereffective|p2a: Sharko\n|-damage|p2a: Sharko|52\/100\n|-hitcount|p2a: Sharko|2\n|-unboost|p1a: Garchomp|def|1\n|-boost|p1a: Garchomp|spe|1\n|\n|-heal|p1a: Garchomp|53\/100|[from] item: Leftovers\n|-heal|p2a: Sharko|58\/100|[from] item: Leftovers\n|upkeep\n|turn|11\n|\n|t:|1648790687\n|switch|p2a: Sonso|Slowbro, M|100\/100\n|move|p1a: Garchomp|Scale Shot|p2a: Sonso|[miss]\n|-miss|p1a: Garchomp|p2a: Sonso\n|\n|-heal|p1a: Garchomp|59\/100|[from] item: Leftovers\n|upkeep\n|turn|12\n|\n|t:|1648790694\n|move|p1a: Garchomp|Earthquake|p2a: Sonso\n|-damage|p2a: Sonso|72\/100\n|move|p2a: Sonso|Scald|p1a: Garchomp\n|-damage|p1a: Garchomp|30\/100\n|\n|-heal|p1a: Garchomp|36\/100|[from] item: Leftovers\n|upkeep\n|turn|13\n|j| Large_Rodent\n|inactive|all in check has 120 seconds left.\n|\n|t:|1648790732\n|move|p1a: Garchomp|Earthquake|p2a: Sonso\n|-damage|p2a: Sonso|41\/100\n|move|p2a: Sonso|Trick Room|p2a: Sonso\n|-fieldstart|move: Trick Room|[of] p2a: Sonso\n|\n|-heal|p1a: Garchomp|43\/100|[from] item: Leftovers\n|upkeep\n|turn|14\n|\n|t:|1648790740\n|move|p2a: Sonso|Scald|p1a: Garchomp\n|-damage|p1a: Garchomp|10\/100\n|move|p1a: Garchomp|Earthquake|p2a: Sonso\n|-damage|p2a: Sonso|10\/100\n|\n|-heal|p1a: Garchomp|16\/100|[from] item: Leftovers\n|upkeep\n|turn|15\n|\n|t:|1648790754\n|move|p2a: Sonso|Scald|p1a: Garchomp\n|-damage|p1a: Garchomp|0 fnt\n|faint|p1a: Garchomp\n|\n|upkeep\n|inactive|all in check has 120 seconds left.\n|\n|t:|1648790769\n|switch|p1a: Scizor|Scizor, M|100\/100\n|turn|16\n|\n|t:|1648790782\n|switch|p2a: Sharko|Garchomp, M|58\/100\n|move|p1a: Scizor|Knock Off|p2a: Sharko\n|-damage|p2a: Sharko|24\/100\n|-damage|p1a: Scizor|88\/100|[from] ability: Rough Skin|[of] p2a: Sharko\n|-enditem|p2a: Sharko|Leftovers|[from] move: Knock Off|[of] p1a: Scizor\n|\n|-heal|p1a: Scizor|94\/100|[from] item: Leftovers\n|upkeep\n|turn|17\n|\n|t:|1648790793\n|move|p1a: Scizor|Swords Dance|p1a: Scizor\n|-boost|p1a: Scizor|atk|2\n|move|p2a: Sharko|Earthquake|p1a: Scizor\n|-damage|p1a: Scizor|29\/100\n|\n|-heal|p1a: Scizor|35\/100|[from] item: Leftovers\n|-fieldend|move: Trick Room\n|upkeep\n|turn|18\n|\n|t:|1648790804\n|switch|p2a: Sonso|Slowbro, M|44\/100\n|move|p1a: Scizor|Knock Off|p2a: Sonso\n|-supereffective|p2a: Sonso\n|-enditem|p2a: Sonso|Colbur Berry|[eat]\n|-enditem|p2a: Sonso|Colbur Berry|[weaken]\n|-damage|p2a: Sonso|0 fnt\n|faint|p2a: Sonso\n|\n|-heal|p1a: Scizor|41\/100|[from] item: Leftovers\n|upkeep\n|\n|t:|1648790816\n|switch|p2a: Thorns|Ferrothorn, M|55\/100\n|turn|19\n|j| weiqingsuokun\n|\n|t:|1648790841\n|move|p1a: Scizor|Knock Off|p2a: Thorns\n|-damage|p2a: Thorns|3\/100\n|-damage|p1a: Scizor|29\/100|[from] ability: Iron Barbs|[of] p2a: Thorns\n|-enditem|p2a: Thorns|Shed Shell|[from] move: Knock Off|[of] p1a: Scizor\n|move|p2a: Thorns|Leech Seed|p1a: Scizor\n|-start|p1a: Scizor|move: Leech Seed\n|\n|-heal|p1a: Scizor|35\/100|[from] item: Leftovers\n|-damage|p1a: Scizor|22\/100|[from] Leech Seed|[of] p2a: Thorns\n|-heal|p2a: Thorns|13\/100|[silent]\n|upkeep\n|turn|20\n|j| yoose VII\n|inactive|all in check has 120 seconds left.\n|j| Ctannn\n|inactive|all in check has 90 seconds left.\n|\n|t:|1648790899\n|switch|p2a: Sharko|Garchomp, M|24\/100\n|move|p1a: Scizor|Knock Off|p2a: Sharko\n|-damage|p2a: Sharko|0 fnt\n|-damage|p1a: Scizor|10\/100|[from] ability: Rough Skin|[of] p2a: Sharko\n|faint|p2a: Sharko\n|\n|-heal|p1a: Scizor|16\/100|[from] item: Leftovers\n|upkeep\n|\n|t:|1648790908\n|switch|p2a: Gorra|Hatterene, F, shiny|100\/100\n|turn|21\n|\n|t:|1648790912\n|switch|p2a: Billy B.|Marowak-Alola, M, shiny|100\/100\n|move|p1a: Scizor|Bullet Punch|p2a: Billy B.\n|-resisted|p2a: Billy B.\n|-damage|p2a: Billy B.|68\/100\n|\n|-heal|p1a: Scizor|22\/100|[from] item: Leftovers\n|-damage|p1a: Scizor|9\/100|[from] Leech Seed|[of] p2a: Billy B.\n|-heal|p2a: Billy B.|79\/100|[silent]\n|upkeep\n|turn|22\n|\n|t:|1648790921\n|switch|p2a: Thorns|Ferrothorn, M|13\/100\n|move|p1a: Scizor|Knock Off|p2a: Thorns\n|-damage|p2a: Thorns|0 fnt\n|-damage|p1a: Scizor|0 fnt|[from] ability: Iron Barbs|[of] p2a: Thorns\n|faint|p2a: Thorns\n|faint|p1a: Scizor\n|\n|upkeep\n|\n|t:|1648790928\n|switch|p1a: Heatran|Heatran, M|100\/100\n|switch|p2a: Gorra|Hatterene, F, shiny|100\/100\n|-item|p1a: Heatran|Air Balloon\n|turn|23\n|\n|t:|1648790934\n|move|p1a: Heatran|Eruption|p2a: Gorra\n|-damage|p2a: Gorra|38\/100\n|move|p2a: Gorra|Trick Room|p2a: Gorra\n|-fieldstart|move: Trick Room|[of] p2a: Gorra\n|\n|upkeep\n|turn|24\n|\n|t:|1648790941\n|move|p2a: Gorra|Healing Wish|p2a: Gorra\n|faint|p2a: Gorra\n|move|p1a: Heatran|Eruption|p2: Gorra|[notarget]\n|-fail|p1a: Heatran\n|\n|upkeep\n|\n|t:|1648790945\n|switch|p2a: Billy B.|Marowak-Alola, M, shiny|79\/100\n|-heal|p2a: Billy B.|100\/100|[from] move: Healing Wish\n|turn|25\n|\n|t:|1648790950\n|move|p2a: Billy B.|Swords Dance|p2a: Billy B.\n|-boost|p2a: Billy B.|atk|2\n|move|p1a: Heatran|Earth Power|p2a: Billy B.\n|-supereffective|p2a: Billy B.\n|-damage|p2a: Billy B.|20\/100\n|\n|upkeep\n|turn|26\n|\n|t:|1648790960\n|move|p2a: Billy B.|Poltergeist|p1a: Heatran\n|-activate|p1a: Heatran|move: Poltergeist|Air Balloon\n|-damage|p1a: Heatran|0 fnt\n|-enditem|p1a: Heatran|Air Balloon\n|faint|p1a: Heatran\n|\n|upkeep\n|\n|t:|1648790962\n|switch|p1a: Cloyster|Cloyster, M|100\/100\n|turn|27\n|\n|t:|1648790968\n|move|p1a: Cloyster|Ice Shard|p2a: Billy B.\n|-resisted|p2a: Billy B.\n|-damage|p2a: Billy B.|12\/100\n|move|p2a: Billy B.|Flare Blitz|p1a: Cloyster\n|-damage|p1a: Cloyster|0 fnt\n|faint|p1a: Cloyster\n|\n|win|Infernoss\n|raw|all in check's rating: 1812 &rarr; <strong>1792<\/strong><br \/>(-20 for losing)\n|raw|Infernoss's rating: 1812 &rarr; <strong>1832<\/strong><br \/>(+20 for winning)\n|l|\u2606all in check\n|l| yoose VII\n","uploadtime":1648790977,"views":91,"p1id":"allincheck","p2id":"infernoss","formatid":"gen8ou","rating":1792,"private":0,"password":null}