{"id":"gen8ou-1585702148","p1":"ripreckful","p2":"dmt dreams","format":"gen8ou","log":"|j|\u2606ripreckful\n|j|\u2606dmt dreams\n|inactive|Battle timer is ON: inactive players will automatically lose when time's up.\n|t:|1653885372\n|gametype|singles\n|player|p1|ripreckful|#wcop2022oceania|\n|player|p2|dmt dreams|cynthia|\n|teamsize|p1|6\n|teamsize|p2|6\n|gen|8\n|tier|[Gen 8] OU\n|rated|Tournament battle\n|rule|Sleep Clause Mod: Limit one foe put to sleep\n|rule|Species Clause: Limit one of each Pok\u00e9mon\n|rule|OHKO Clause: OHKO moves are banned\n|rule|Evasion Moves Clause: Evasion moves are banned\n|rule|Endless Battle Clause: Forcing endless battles is banned\n|rule|HP Percentage Mod: HP is shown in percentages\n|rule|Dynamax Clause: You cannot dynamax\n|clearpoke\n|poke|p1|Dragapult, M|\n|poke|p1|Marowak-Alola, F|\n|poke|p1|Hydreigon, M|\n|poke|p1|Landorus-Therian, M|\n|poke|p1|Weavile, F|\n|poke|p1|Ferrothorn, M|\n|poke|p2|Blacephalon|\n|poke|p2|Torkoal, M|\n|poke|p2|Xatu, M|\n|poke|p2|Venusaur, M|\n|poke|p2|Blaziken, M|\n|poke|p2|Polteageist|\n|teampreview\n|inactive|ripreckful also wants the timer to be on.\n|j|%Sww-Suwa\n|c|\u2606ripreckful|hf\n|c|\u2606dmt dreams|hf\n|j| HOF69\n|j| pikablu007\n|inactive|ripreckful has 120 seconds left.\n|j| Rajkumar P Johny\n|j|%Mimikyu Stardust\n|\n|t:|1653885426\n|start\n|switch|p1a: Tay-K|Marowak-Alola, F|100\/100\n|switch|p2a: Torkoal|Torkoal, M, shiny|100\/100\n|-weather|SunnyDay|[from] ability: Drought|[of] p2a: Torkoal\n|turn|1\n|j| TenkoTheMothra\n|\n|t:|1653885442\n|move|p1a: Tay-K|Poltergeist|p2a: Torkoal\n|-activate|p2a: Torkoal|move: Poltergeist|Heat Rock\n|-crit|p2a: Torkoal\n|-damage|p2a: Torkoal|27\/100\n|move|p2a: Torkoal|Stealth Rock|p1a: Tay-K\n|-sidestart|p1: ripreckful|move: Stealth Rock\n|\n|-weather|SunnyDay|[upkeep]\n|upkeep\n|turn|2\n|j| SmackPackt\n|c|\u2606ripreckful|mb\n|\n|t:|1653885453\n|switch|p2a: Xatu|Xatu, M, shiny|100\/100\n|move|p1a: Tay-K|Poltergeist|p2a: Xatu\n|-activate|p2a: Xatu|move: Poltergeist|Eject Button\n|-supereffective|p2a: Xatu\n|-damage|p2a: Xatu|0 fnt\n|faint|p2a: Xatu\n|\n|-weather|SunnyDay|[upkeep]\n|upkeep\n|c| pikablu007|aloan marowak on non tr? that's new\n|\n|t:|1653885462\n|switch|p2a: Blacephalon|Blacephalon, shiny|100\/100\n|turn|3\n|c| SmackPackt|bro is unironically running alowak\n|c|\u2606dmt dreams|idt that crit will come into play but ya sucks i guess\n|j| RaynningOutside\n|c|\u2606ripreckful|alowak is fun\n|inactive|ripreckful has 120 seconds left.\n|\n|t:|1653885519\n|switch|p1a: Weavile|Weavile, F|100\/100\n|-ability|p1a: Weavile|Pressure\n|move|p2a: Blacephalon|Shadow Ball|p1a: Weavile\n|-resisted|p1a: Weavile\n|-damage|p1a: Weavile|68\/100\n|-unboost|p1a: Weavile|spd|1\n|\n|-weather|SunnyDay|[upkeep]\n|upkeep\n|turn|4\n|\n|t:|1653885529\n|move|p1a: Weavile|Knock Off|p2a: Blacephalon\n|-supereffective|p2a: Blacephalon\n|-enditem|p2a: Blacephalon|Focus Sash\n|-damage|p2a: Blacephalon|1\/100\n|move|p2a: Blacephalon|Flame Charge|p1a: Weavile\n|-supereffective|p1a: Weavile\n|-damage|p1a: Weavile|0 fnt\n|-boost|p2a: Blacephalon|spe|1\n|faint|p1a: Weavile\n|-ability|p2a: Blacephalon|Beast Boost|boost\n|-boost|p2a: Blacephalon|spa|1\n|\n|-weather|SunnyDay|[upkeep]\n|upkeep\n|l| RaynningOutside\n|inactive|ripreckful has 90 seconds left.\n|j| Ayante\n|c| Rajkumar P Johny|this team is sick\n|\n|t:|1653885562\n|switch|p1a: Hydreigon|Hydreigon, M|100\/100\n|-damage|p1a: Hydreigon|88\/100|[from] Stealth Rock\n|turn|5\n|\n|t:|1653885579\n|move|p2a: Blacephalon|Fire Blast|p1a: Hydreigon\n|-resisted|p1a: Hydreigon\n|-damage|p1a: Hydreigon|10\/100\n|move|p1a: Hydreigon|Dark Pulse|p2a: Blacephalon\n|-supereffective|p2a: Blacephalon\n|-crit|p2a: Blacephalon\n|-damage|p2a: Blacephalon|0 fnt\n|faint|p2a: Blacephalon\n|\n|-weather|SunnyDay|[upkeep]\n|upkeep\n|c| pikablu007|pointless crit\n|\n|t:|1653885590\n|switch|p2a: Blaziken|Blaziken, M, shiny|100\/100\n|turn|6\n|inactive|ripreckful has 60 seconds left.\n|\n|t:|1653885642\n|switch|p1a: Landorus|Landorus-Therian, M|100\/100\n|-damage|p1a: Landorus|88\/100|[from] Stealth Rock\n|-ability|p1a: Landorus|Intimidate|boost\n|-unboost|p2a: Blaziken|atk|1\n|move|p2a: Blaziken|Swords Dance|p2a: Blaziken\n|-boost|p2a: Blaziken|atk|2\n|\n|-weather|SunnyDay|[upkeep]\n|-heal|p1a: Landorus|94\/100|[from] item: Leftovers\n|-ability|p2a: Blaziken|Speed Boost|boost\n|-boost|p2a: Blaziken|spe|1\n|upkeep\n|turn|7\n|\n|t:|1653885654\n|switch|p1a: Tay-K|Marowak-Alola, F|100\/100\n|-damage|p1a: Tay-K|75\/100|[from] Stealth Rock\n|move|p2a: Blaziken|Flare Blitz|p1a: Tay-K\n|-resisted|p1a: Tay-K\n|-damage|p1a: Tay-K|0 fnt\n|faint|p1a: Tay-K\n|-damage|p2a: Blaziken|77\/100|[from] Recoil\n|\n|-weather|SunnyDay|[upkeep]\n|-ability|p2a: Blaziken|Speed Boost|boost\n|-boost|p2a: Blaziken|spe|1\n|upkeep\n|\n|t:|1653885657\n|switch|p1a: Landorus|Landorus-Therian, M|94\/100\n|-damage|p1a: Landorus|82\/100|[from] Stealth Rock\n|-ability|p1a: Landorus|Intimidate|boost\n|-unboost|p2a: Blaziken|atk|1\n|turn|8\n|\n|t:|1653885660\n|move|p2a: Blaziken|Flare Blitz|p1a: Landorus\n|-damage|p1a: Landorus|0 fnt\n|faint|p1a: Landorus\n|-damage|p2a: Blaziken|42\/100|[from] Recoil\n|\n|-weather|none\n|-ability|p2a: Blaziken|Speed Boost|boost\n|-boost|p2a: Blaziken|spe|1\n|upkeep\n|c|\u2606ripreckful|:O\n|\n|t:|1653885671\n|switch|p1a: Dragapult|Dragapult, M|100\/100\n|-damage|p1a: Dragapult|88\/100|[from] Stealth Rock\n|turn|9\n|j| RaynningOutside\n|\n|t:|1653885683\n|move|p2a: Blaziken|Flare Blitz|p1a: Dragapult\n|-resisted|p1a: Dragapult\n|-damage|p1a: Dragapult|33\/100\n|-damage|p2a: Blaziken|23\/100|[from] Recoil\n|move|p1a: Dragapult|Shadow Ball|p2a: Blaziken\n|-damage|p2a: Blaziken|0 fnt\n|faint|p2a: Blaziken\n|\n|upkeep\n|\n|t:|1653885688\n|switch|p2a: Torkoal|Torkoal, M, shiny|27\/100\n|-weather|SunnyDay|[from] ability: Drought|[of] p2a: Torkoal\n|turn|10\n|c|\u2606ripreckful|gg\n|\n|t:|1653885692\n|move|p1a: Dragapult|Shadow Ball|p2a: Torkoal\n|-crit|p2a: Torkoal\n|-damage|p2a: Torkoal|0 fnt\n|faint|p2a: Torkoal\n|\n|-weather|SunnyDay|[upkeep]\n|upkeep\n|c|\u2606dmt dreams|gg\n|\n|t:|1653885697\n|switch|p2a: Venusaur|Venusaur, M, shiny|100\/100\n|turn|11\n|\n|t:|1653885701\n|move|p2a: Venusaur|Solar Beam||[still]\n|-prepare|p2a: Venusaur|Solar Beam\n|-anim|p2a: Venusaur|Solar Beam|p1a: Dragapult\n|-resisted|p1a: Dragapult\n|-damage|p1a: Dragapult|0 fnt\n|faint|p1a: Dragapult\n|-damage|p2a: Venusaur|91\/100|[from] item: Life Orb\n|\n|-weather|SunnyDay|[upkeep]\n|upkeep\n|\n|t:|1653885706\n|switch|p1a: Ferrothorn|Ferrothorn, M|100\/100\n|-damage|p1a: Ferrothorn|95\/100|[from] Stealth Rock\n|turn|12\n|l| RaynningOutside\n|\n|t:|1653885708\n|move|p2a: Venusaur|Weather Ball|p1a: Ferrothorn\n|-supereffective|p1a: Ferrothorn\n|-damage|p1a: Ferrothorn|0 fnt\n|faint|p1a: Ferrothorn\n|-damage|p2a: Venusaur|81\/100|[from] item: Life Orb\n|\n|-weather|SunnyDay|[upkeep]\n|upkeep\n|\n|t:|1653885710\n|switch|p1a: Hydreigon|Hydreigon, M|10\/100\n|-damage|p1a: Hydreigon|0 fnt|[from] Stealth Rock\n|faint|p1a: Hydreigon\n|\n|win|dmt dreams\n|n|\u2606ripreckful|ripreckful\n|n|\u2606dmt dreams|dmtdreams\n|n| Sww-Suwa|swwsuwa\n|n| HOF69|hof69\n|n| pikablu007|pikablu007\n|n| Rajkumar P Johny|rajkumarpjohny\n|n| Mimikyu Stardust|mimikyustardust\n|n| TenkoTheMothra|tenkothemothra\n|n| SmackPackt|smackpackt\n|n| Ayante|ayante\n|l| SmackPackt\n|l|\u2606dmt dreams\n|l|\u2606ripreckful\n","uploadtime":1653885718,"views":247,"p1id":"ripreckful","p2id":"dmtdreams","formatid":"gen8ou","rating":0,"private":0,"password":null}