{"id":"gen8nationaldexag-1680233127","p1":"Meracx","p2":"Martin DL","format":"gen8nationaldexag","log":"|j|\u2606Meracx\n|j|\u2606Martin DL\n|t:|1665171048\n|gametype|singles\n|player|p1|Meracx|thorton|\n|player|p2|Martin DL|brendan-contest|\n|teamsize|p1|6\n|teamsize|p2|6\n|gen|8\n|tier|[Gen 8] National Dex AG\n|rule|HP Percentage Mod: HP is shown in percentages\n|rule|Endless Battle Clause: Forcing endless battles is banned\n|clearpoke\n|poke|p1|Drapion, M|\n|poke|p1|Virizion|\n|poke|p1|Tapu Koko|\n|poke|p1|Volcanion|\n|poke|p1|Genesect-Douse|\n|poke|p1|Duraludon, M|\n|poke|p2|Heatran, M|\n|poke|p2|Thundurus-Therian, M|\n|poke|p2|Slurpuff, M|\n|poke|p2|Decidueye, F|\n|poke|p2|Swampert, F|\n|poke|p2|Dunsparce, F|\n|teampreview\n|c|\u2606Meracx|hf\n|c|\u2606Martin DL|glhf\n|j| AioLyx\n|j| Soso19\n|\n|t:|1665171122\n|start\n|switch|p1a: Sogeking|Tapu Koko|100\/100\n|switch|p2a: Slurpuff|Slurpuff, M|100\/100\n|-fieldstart|move: Electric Terrain|[from] ability: Electric Surge|[of] p1a: Sogeking\n|turn|1\n|\n|t:|1665171130\n|move|p2a: Slurpuff|Protect|p2a: Slurpuff\n|-singleturn|p2a: Slurpuff|Protect\n|move|p1a: Sogeking|Taunt|p2a: Slurpuff\n|-activate|p2a: Slurpuff|move: Protect\n|\n|upkeep\n|turn|2\n|\n|t:|1665171138\n|switch|p2a: Thundurus|Thundurus-Therian, M|100\/100\n|move|p1a: Sogeking|Reflect|p1a: Sogeking\n|-sidestart|p1: Meracx|Reflect\n|\n|upkeep\n|turn|3\n|\n|t:|1665171153\n|move|p1a: Sogeking|Taunt|p2a: Thundurus\n|-start|p2a: Thundurus|move: Taunt\n|move|p2a: Thundurus|Sludge Wave|p1a: Sogeking\n|-supereffective|p1a: Sogeking\n|-damage|p1a: Sogeking|10\/100\n|\n|upkeep\n|turn|4\n|\n|t:|1665171161\n|move|p1a: Sogeking|Light Screen|p1a: Sogeking\n|-sidestart|p1: Meracx|move: Light Screen\n|move|p2a: Thundurus|U-turn|p1a: Sogeking\n|-resisted|p1a: Sogeking\n|-damage|p1a: Sogeking|5\/100\n|\n|t:|1665171185\n|switch|p2a: Swampert|Swampert, F|100\/100|[from]move: U-turn\n|\n|upkeep\n|turn|5\n|\n|t:|1665171188\n|move|p1a: Sogeking|Grass Knot|p2a: Swampert\n|-supereffective|p2a: Swampert\n|-damage|p2a: Swampert|48\/100\n|move|p2a: Swampert|Flip Turn|p1a: Sogeking\n|-damage|p1a: Sogeking|0 fnt\n|faint|p1a: Sogeking\n|\n|t:|1665171193\n|switch|p2a: Slurpuff|Slurpuff, M|100\/100|[from]move: Flip Turn\n|\n|-fieldend|move: Electric Terrain\n|upkeep\n|\n|t:|1665171201\n|switch|p1a: Guillaume Tell|Volcanion|100\/100\n|turn|6\n|\n|t:|1665171204\n|move|p2a: Slurpuff|Protect|p2a: Slurpuff\n|-singleturn|p2a: Slurpuff|Protect\n|move|p1a: Guillaume Tell|Flame Charge|p2a: Slurpuff\n|-activate|p2a: Slurpuff|move: Protect\n|\n|upkeep\n|turn|7\n|\n|t:|1665171219\n|switch|p2a: Swampert|Swampert, F|48\/100\n|move|p1a: Guillaume Tell|Flame Charge|p2a: Swampert\n|-resisted|p2a: Swampert\n|-damage|p2a: Swampert|41\/100\n|-boost|p1a: Guillaume Tell|spe|1\n|\n|upkeep\n|turn|8\n|\n|t:|1665171226\n|move|p1a: Guillaume Tell|Steam Eruption|p2a: Swampert\n|-damage|p2a: Swampert|4\/100\n|-status|p2a: Swampert|brn\n|move|p2a: Swampert|Earth Power|p1a: Guillaume Tell\n|-supereffective|p1a: Guillaume Tell\n|-damage|p1a: Guillaume Tell|58\/100\n|-enditem|p1a: Guillaume Tell|Weakness Policy\n|-boost|p1a: Guillaume Tell|atk|2|[from] item: Weakness Policy\n|-boost|p1a: Guillaume Tell|spa|2|[from] item: Weakness Policy\n|\n|-damage|p2a: Swampert|0 fnt|[from] brn\n|faint|p2a: Swampert\n|upkeep\n|\n|t:|1665171244\n|switch|p2a: Slurpuff|Slurpuff, M|100\/100\n|turn|9\n|\n|t:|1665171248\n|move|p2a: Slurpuff|Protect|p2a: Slurpuff\n|-singleturn|p2a: Slurpuff|Protect\n|move|p1a: Guillaume Tell|Steam Eruption|p2a: Slurpuff\n|-activate|p2a: Slurpuff|move: Protect\n|\n|-sideend|p1: Meracx|Reflect\n|upkeep\n|turn|10\n|\n|t:|1665171265\n|move|p1a: Guillaume Tell|Flame Charge|p2a: Slurpuff\n|-damage|p2a: Slurpuff|58\/100\n|-boost|p1a: Guillaume Tell|spe|1\n|move|p2a: Slurpuff|Sticky Web|p1a: Guillaume Tell\n|-sidestart|p1: Meracx|move: Sticky Web\n|\n|upkeep\n|turn|11\n|\n|t:|1665171273\n|move|p2a: Slurpuff|Protect|p2a: Slurpuff\n|-singleturn|p2a: Slurpuff|Protect\n|move|p1a: Guillaume Tell|Steam Eruption|p2a: Slurpuff\n|-activate|p2a: Slurpuff|move: Protect\n|\n|-sideend|p1: Meracx|move: Light Screen\n|upkeep\n|turn|12\n|\n|t:|1665171277\n|move|p1a: Guillaume Tell|Defog|p2a: Slurpuff\n|-unboost|p2a: Slurpuff|evasion|1\n|-sideend|p1: Meracx|Sticky Web|[from] move: Defog|[of] p1a: Guillaume Tell\n|move|p2a: Slurpuff|Thunderbolt|p1a: Guillaume Tell\n|-supereffective|p1a: Guillaume Tell\n|-damage|p1a: Guillaume Tell|0 fnt\n|faint|p1a: Guillaume Tell\n|\n|upkeep\n|\n|t:|1665171287\n|switch|p1a: The End|Drapion, M|100\/100\n|turn|13\n|\n|t:|1665171292\n|switch|p2a: Dunsparce|Dunsparce, F|100\/100\n|move|p1a: The End|Substitute|p1a: The End\n|-start|p1a: The End|Substitute\n|-damage|p1a: The End|75\/100\n|\n|upkeep\n|turn|14\n|\n|t:|1665171300\n|move|p1a: The End|Swords Dance|p1a: The End\n|-boost|p1a: The End|atk|2\n|move|p2a: Dunsparce|Flamethrower|p1a: The End\n|-activate|p1a: The End|move: Substitute|[damage]\n|\n|upkeep\n|turn|15\n|j| Voltali2B\n|\n|t:|1665171306\n|move|p1a: The End|Agility|p1a: The End\n|-boost|p1a: The End|spe|2\n|move|p2a: Dunsparce|Flamethrower|p1a: The End\n|-end|p1a: The End|Substitute\n|\n|upkeep\n|turn|16\n|\n|t:|1665171326\n|move|p1a: The End|Substitute|p1a: The End\n|-start|p1a: The End|Substitute\n|-damage|p1a: The End|50\/100\n|move|p2a: Dunsparce|Flamethrower|p1a: The End\n|-activate|p1a: The End|move: Substitute|[damage]\n|\n|upkeep\n|turn|17\n|\n|t:|1665171341\n|move|p1a: The End|Swords Dance|p1a: The End\n|-boost|p1a: The End|atk|2\n|move|p2a: Dunsparce|Flamethrower|p1a: The End\n|-end|p1a: The End|Substitute\n|\n|upkeep\n|turn|18\n|\n|t:|1665171346\n|move|p1a: The End|Substitute|p1a: The End\n|-start|p1a: The End|Substitute\n|-damage|p1a: The End|25\/100\n|-enditem|p1a: The End|Lansat Berry|[eat]\n|-start|p1a: The End|move: Focus Energy\n|move|p2a: Dunsparce|Glare||[still]\n|-fail|p2a: Dunsparce\n|\n|upkeep\n|turn|19\n|\n|t:|1665171353\n|move|p1a: The End|Night Slash|p2a: Dunsparce\n|-crit|p2a: Dunsparce\n|-damage|p2a: Dunsparce|0 fnt\n|faint|p2a: Dunsparce\n|\n|upkeep\n|\n|t:|1665171356\n|switch|p2a: Slurpuff|Slurpuff, M|58\/100\n|turn|20\n|\n|t:|1665171364\n|move|p1a: The End|Night Slash|p2a: Slurpuff\n|-resisted|p2a: Slurpuff\n|-crit|p2a: Slurpuff\n|-damage|p2a: Slurpuff|0 fnt\n|faint|p2a: Slurpuff\n|\n|upkeep\n|\n|t:|1665171369\n|switch|p2a: Heatran|Heatran, M|100\/100\n|turn|21\n|\n|t:|1665171372\n|move|p1a: The End|Night Slash|p2a: Heatran\n|-crit|p2a: Heatran\n|-damage|p2a: Heatran|0 fnt\n|faint|p2a: Heatran\n|\n|upkeep\n|\n|t:|1665171373\n|switch|p2a: Thundurus|Thundurus-Therian, M|100\/100\n|turn|22\n|\n|t:|1665171378\n|move|p1a: The End|Night Slash|p2a: Thundurus\n|-crit|p2a: Thundurus\n|-damage|p2a: Thundurus|0 fnt\n|faint|p2a: Thundurus\n|\n|upkeep\n|c|\u2606Martin DL|ggwp\n|\n|t:|1665171381\n|switch|p2a: Decidueye|Decidueye, F|100\/100\n|turn|23\n|c|\u2606Meracx|gg\n|\n|t:|1665171384\n|move|p1a: The End|Night Slash|p2a: Decidueye\n|-supereffective|p2a: Decidueye\n|-crit|p2a: Decidueye\n|-damage|p2a: Decidueye|0 fnt\n|faint|p2a: Decidueye\n|\n|win|Meracx\n|c|\u2606Martin DL|il porte bien son nom ton pok\u00e9\n|l| AioLyx\n|c|\u2606Meracx|Oui je l'ai pr\u00e9par\u00e9 pour \u00e7a\n|l| Voltali2B\n|l| Soso19\n|l|\u2606Martin DL\n|j| Soso19\n","uploadtime":1665171490,"views":22,"p1id":"meracx","p2id":"martindl","formatid":"gen8nationaldexag","rating":0,"private":0,"password":null}