{"id":"gen8ou-1294967880","p1":"Brifye","p2":"hOmer iS dEad '_>'","format":"gen8ou","log":"|j|\u2606Brifye\n|j|\u203dhOmer iS dEad '_>'\n|t:|1614940143\n|player|p1|Brifye|blackbelt-gen4dp|1656\n|player|p2|hOmer iS dEad '_>'|burglar-gen1|1667\n|teamsize|p1|6\n|teamsize|p2|6\n|gametype|singles\n|gen|8\n|tier|[Gen 8] OU\n|rated|\n|clearpoke\n|poke|p1|Blaziken, M|\n|poke|p1|Latios, M|\n|poke|p1|Clefable, F|\n|poke|p1|Landorus-Therian, M|\n|poke|p1|Melmetal|\n|poke|p1|Mandibuzz, F|\n|poke|p2|Dragapult, M|\n|poke|p2|Slowking, F|\n|poke|p2|Rillaboom, F|\n|poke|p2|Landorus-Therian, M|\n|poke|p2|Ferrothorn, F|\n|poke|p2|Regieleki|\n|rule|Sleep Clause Mod: Limit one foe put to sleep\n|rule|Species Clause: Limit one of each Pok\u00e9mon\n|rule|OHKO Clause: OHKO moves are banned\n|rule|Evasion Moves Clause: Evasion moves are banned\n|rule|Endless Battle Clause: Forcing endless battles is banned\n|rule|HP Percentage Mod: HP is shown in percentages\n|rule|Dynamax Clause: You cannot dynamax\n|teampreview\n|inactive|Battle timer is ON: inactive players will automatically lose when time's up. (requested by hOmer iS dEad '_>')\n|\n|t:|1614940151\n|start\n|switch|p1a: Landorus|Landorus-Therian, M|100\/100\n|switch|p2a: Landorus|Landorus-Therian, M|100\/100\n|-ability|p1a: Landorus|Intimidate|boost\n|-unboost|p2a: Landorus|atk|1\n|-ability|p2a: Landorus|Intimidate|boost\n|-unboost|p1a: Landorus|atk|1\n|turn|1\n|\n|t:|1614940163\n|switch|p2a: Ferrothorn|Ferrothorn, F|100\/100\n|move|p1a: Landorus|Explosion|p2a: Ferrothorn\n|-resisted|p2a: Ferrothorn\n|-damage|p2a: Ferrothorn|79\/100\n|faint|p1a: Landorus\n|\n|-heal|p2a: Ferrothorn|85\/100|[from] item: Leftovers\n|upkeep\n|\n|t:|1614940172\n|switch|p1a: Blaziken|Blaziken, M|100\/100\n|turn|2\n|\n|t:|1614940175\n|switch|p2a: Landorus|Landorus-Therian, M|100\/100\n|-ability|p2a: Landorus|Intimidate|boost\n|-unboost|p1a: Blaziken|atk|1\n|move|p1a: Blaziken|Flare Blitz|p2a: Landorus\n|-damage|p2a: Landorus|62\/100\n|-status|p2a: Landorus|brn\n|-damage|p1a: Blaziken|84\/100|[from] Recoil\n|-damage|p1a: Blaziken|74\/100|[from] item: Life Orb\n|\n|-heal|p2a: Landorus|68\/100 brn|[from] item: Leftovers\n|-damage|p2a: Landorus|62\/100 brn|[from] brn\n|-ability|p1a: Blaziken|Speed Boost|boost\n|-boost|p1a: Blaziken|spe|1\n|upkeep\n|turn|3\n|j| Ejrudb dhwa\n|\n|t:|1614940190\n|switch|p1a: Mandibuzz|Mandibuzz, F|100\/100\n|move|p2a: Landorus|Stealth Rock|p1a: Mandibuzz\n|-sidestart|p1: Brifye|move: Stealth Rock\n|\n|-heal|p2a: Landorus|68\/100 brn|[from] item: Leftovers\n|-damage|p2a: Landorus|62\/100 brn|[from] brn\n|upkeep\n|turn|4\n|\n|t:|1614940199\n|switch|p2a: Regieleki|Regieleki|100\/100\n|move|p1a: Mandibuzz|Defog|p2a: Regieleki\n|-unboost|p2a: Regieleki|evasion|1\n|-sideend|p1: Brifye|Stealth Rock|[from] move: Defog|[of] p1a: Mandibuzz\n|\n|upkeep\n|turn|5\n|\n|t:|1614940205\n|switch|p1a: Melmetal|Melmetal|100\/100\n|move|p2a: Regieleki|Volt Switch|p1a: Melmetal\n|-damage|p1a: Melmetal|77\/100\n|\n|t:|1614940210\n|switch|p2a: Ferrothorn|Ferrothorn, F|85\/100|[from]move: Volt Switch\n|\n|-heal|p2a: Ferrothorn|91\/100|[from] item: Leftovers\n|upkeep\n|turn|6\n|\n|t:|1614940218\n|move|p1a: Melmetal|Ice Punch|p2a: Ferrothorn\n|-damage|p2a: Ferrothorn|71\/100\n|-damage|p1a: Melmetal|65\/100|[from] ability: Iron Barbs|[of] p2a: Ferrothorn\n|move|p2a: Ferrothorn|Knock Off|p1a: Melmetal\n|-damage|p1a: Melmetal|53\/100\n|-enditem|p1a: Melmetal|Assault Vest|[from] move: Knock Off|[of] p2a: Ferrothorn\n|\n|-heal|p2a: Ferrothorn|77\/100|[from] item: Leftovers\n|upkeep\n|turn|7\n|\n|t:|1614940234\n|switch|p1a: Blaziken|Blaziken, M|74\/100\n|switch|p2a: Landorus|Landorus-Therian, M|62\/100 brn\n|-ability|p2a: Landorus|Intimidate|boost\n|-unboost|p1a: Blaziken|atk|1\n|\n|-heal|p2a: Landorus|68\/100 brn|[from] item: Leftovers\n|-damage|p2a: Landorus|62\/100 brn|[from] brn\n|upkeep\n|turn|8\n|\n|t:|1614940246\n|move|p1a: Blaziken|Protect|p1a: Blaziken\n|-singleturn|p1a: Blaziken|Protect\n|move|p2a: Landorus|U-turn|p1a: Blaziken\n|-activate|p1a: Blaziken|move: Protect\n|\n|-heal|p2a: Landorus|68\/100 brn|[from] item: Leftovers\n|-damage|p2a: Landorus|62\/100 brn|[from] brn\n|-ability|p1a: Blaziken|Speed Boost|boost\n|-boost|p1a: Blaziken|spe|1\n|upkeep\n|turn|9\n|\n|t:|1614940258\n|move|p1a: Blaziken|Flare Blitz|p2a: Landorus\n|-damage|p2a: Landorus|19\/100 brn\n|-damage|p1a: Blaziken|57\/100|[from] Recoil\n|-damage|p1a: Blaziken|47\/100|[from] item: Life Orb\n|move|p2a: Landorus|Earthquake|p1a: Blaziken\n|-supereffective|p1a: Blaziken\n|-damage|p1a: Blaziken|0 fnt\n|faint|p1a: Blaziken\n|\n|-heal|p2a: Landorus|25\/100 brn|[from] item: Leftovers\n|-damage|p2a: Landorus|19\/100 brn|[from] brn\n|upkeep\n|\n|t:|1614940278\n|switch|p1a: Latios|Latios, M|100\/100\n|turn|10\n|\n|t:|1614940285\n|switch|p2a: Slowking|Slowking, F|100\/100\n|move|p1a: Latios|Draco Meteor|p2a: Slowking\n|-damage|p2a: Slowking|57\/100\n|-unboost|p1a: Latios|spa|2\n|\n|upkeep\n|turn|11\n|\n|t:|1614940297\n|switch|p1a: Clefable|Clefable, F|100\/100\n|move|p2a: Slowking|Teleport|p2a: Slowking\n|\n|t:|1614940302\n|switch|p2a: Landorus|Landorus-Therian, M|19\/100 brn|[from]move: Teleport\n|-ability|p2a: Landorus|Intimidate|boost\n|-unboost|p1a: Clefable|atk|1\n|\n|-heal|p2a: Landorus|25\/100 brn|[from] item: Leftovers\n|-damage|p2a: Landorus|19\/100 brn|[from] brn\n|upkeep\n|turn|12\n|\n|t:|1614940317\n|move|p2a: Landorus|Knock Off|p1a: Clefable\n|-resisted|p1a: Clefable\n|-damage|p1a: Clefable|95\/100\n|-enditem|p1a: Clefable|Leftovers|[from] move: Knock Off|[of] p2a: Landorus\n|move|p1a: Clefable|Calm Mind|p1a: Clefable\n|-boost|p1a: Clefable|spa|1\n|-boost|p1a: Clefable|spd|1\n|\n|-heal|p2a: Landorus|25\/100 brn|[from] item: Leftovers\n|-damage|p2a: Landorus|19\/100 brn|[from] brn\n|upkeep\n|turn|13\n|\n|t:|1614940327\n|move|p2a: Landorus|Stealth Rock|p1a: Clefable\n|-sidestart|p1: Brifye|move: Stealth Rock\n|move|p1a: Clefable|Calm Mind|p1a: Clefable\n|-boost|p1a: Clefable|spa|1\n|-boost|p1a: Clefable|spd|1\n|\n|-heal|p2a: Landorus|25\/100 brn|[from] item: Leftovers\n|-damage|p2a: Landorus|19\/100 brn|[from] brn\n|upkeep\n|turn|14\n|\n|t:|1614940339\n|move|p2a: Landorus|U-turn|p1a: Clefable\n|-resisted|p1a: Clefable\n|-damage|p1a: Clefable|91\/100\n|\n|t:|1614940341\n|switch|p2a: Slowking|Slowking, F|90\/100|[from]move: U-turn\n|move|p1a: Clefable|Calm Mind|p1a: Clefable\n|-boost|p1a: Clefable|spa|1\n|-boost|p1a: Clefable|spd|1\n|\n|upkeep\n|turn|15\n|\n|t:|1614940348\n|move|p1a: Clefable|Moonblast|p2a: Slowking\n|-damage|p2a: Slowking|46\/100\n|-unboost|p2a: Slowking|spa|1\n|move|p2a: Slowking|Future Sight|p1a: Clefable\n|-start|p2a: Slowking|move: Future Sight\n|\n|upkeep\n|turn|16\n|\n|t:|1614940356\n|switch|p2a: Landorus|Landorus-Therian, M|19\/100 brn\n|-ability|p2a: Landorus|Intimidate|boost\n|-unboost|p1a: Clefable|atk|1\n|move|p1a: Clefable|Moonblast|p2a: Landorus\n|-damage|p2a: Landorus|0 fnt\n|faint|p2a: Landorus\n|\n|upkeep\n|\n|t:|1614940358\n|switch|p2a: Rillaboom|Rillaboom, F|100\/100\n|-fieldstart|move: Grassy Terrain|[from] ability: Grassy Surge|[of] p2a: Rillaboom\n|turn|17\n|\n|t:|1614940366\n|move|p2a: Rillaboom|Wood Hammer|p1a: Clefable\n|-damage|p1a: Clefable|0 fnt\n|-damage|p2a: Rillaboom|66\/100|[from] Recoil\n|faint|p1a: Clefable\n|\n|-hint|Future Sight did not hit because the target is fainted.\n|-heal|p2a: Rillaboom|72\/100|[from] Grassy Terrain\n|upkeep\n|\n|t:|1614940378\n|switch|p1a: Mandibuzz|Mandibuzz, F|100\/100\n|turn|18\n|\n|t:|1614940382\n|switch|p2a: Ferrothorn|Ferrothorn, F|77\/100\n|move|p1a: Mandibuzz|Foul Play|p2a: Ferrothorn\n|-damage|p2a: Ferrothorn|54\/100\n|-damage|p1a: Mandibuzz|88\/100|[from] ability: Iron Barbs|[of] p2a: Ferrothorn\n|\n|-heal|p2a: Ferrothorn|60\/100|[from] Grassy Terrain\n|-heal|p2a: Ferrothorn|66\/100|[from] item: Leftovers\n|upkeep\n|turn|19\n|\n|t:|1614940392\n|move|p1a: Mandibuzz|Defog|p2a: Ferrothorn\n|-unboost|p2a: Ferrothorn|evasion|1\n|-sideend|p1: Brifye|Stealth Rock|[from] move: Defog|[of] p1a: Mandibuzz\n|-fieldend|move: Grassy Terrain\n|move|p2a: Ferrothorn|Leech Seed|p1a: Mandibuzz\n|-start|p1a: Mandibuzz|move: Leech Seed\n|\n|-heal|p2a: Ferrothorn|72\/100|[from] item: Leftovers\n|-damage|p1a: Mandibuzz|76\/100|[from] Leech Seed|[of] p2a: Ferrothorn\n|-heal|p2a: Ferrothorn|87\/100|[silent]\n|upkeep\n|turn|20\n|\n|t:|1614940400\n|move|p1a: Mandibuzz|U-turn|p2a: Ferrothorn\n|-damage|p2a: Ferrothorn|80\/100\n|-damage|p1a: Mandibuzz|64\/100|[from] ability: Iron Barbs|[of] p2a: Ferrothorn\n|\n|t:|1614940408\n|switch|p1a: Latios|Latios, M|100\/100|[from]move: U-turn\n|move|p2a: Ferrothorn|Gyro Ball|p1a: Latios\n|-damage|p1a: Latios|29\/100\n|\n|-heal|p2a: Ferrothorn|86\/100|[from] item: Leftovers\n|upkeep\n|turn|21\n|\n|t:|1614940415\n|switch|p2a: Slowking|Slowking, F|79\/100\n|move|p1a: Latios|Trick|p2a: Slowking\n|-activate|p1a: Latios|move: Trick|[of] p2a: Slowking\n|-item|p2a: Slowking|Choice Scarf|[from] move: Trick\n|-item|p1a: Latios|Heavy-Duty Boots|[from] move: Trick\n|\n|upkeep\n|turn|22\n|\n|t:|1614940427\n|move|p1a: Latios|Ice Beam|p2a: Slowking\n|-resisted|p2a: Slowking\n|-damage|p2a: Slowking|68\/100\n|move|p2a: Slowking|Teleport|p2a: Slowking\n|\n|t:|1614940438\n|switch|p2a: Regieleki|Regieleki|100\/100|[from]move: Teleport\n|\n|upkeep\n|turn|23\n|\n|t:|1614940446\n|move|p2a: Regieleki|Volt Switch|p1a: Latios\n|-resisted|p1a: Latios\n|-damage|p1a: Latios|3\/100\n|\n|t:|1614940450\n|switch|p2a: Slowking|Slowking, F|100\/100|[from]move: Volt Switch\n|move|p1a: Latios|Ice Beam|p2a: Slowking\n|-resisted|p2a: Slowking\n|-damage|p2a: Slowking|89\/100\n|\n|upkeep\n|turn|24\n|-message|Brifye forfeited.\n|\n|win|hOmer iS dEad '_>'\n|l|\u2606Brifye\n|raw|Brifye's rating: 1656 &rarr; <strong>1636<\/strong><br \/>(-20 for losing)\n|raw|hOmer iS dEad &apos;_&gt;&apos;'s rating: 1667 &rarr; <strong>1686<\/strong><br \/>(+19 for winning)\n","uploadtime":1614940459,"views":16,"p1id":"brifye","p2id":"homerisdead","formatid":"gen8ou","rating":1636,"private":0,"password":null}