{"id":"gen8ou-1661623190","p1":"Qishan","p2":"Daevank5","format":"gen8ou","log":"|j|\u2606Qishan\n|j|\u2606Daevank5\n|t:|1662907817\n|gametype|singles\n|player|p1|Qishan|bruno|1681\n|player|p2|Daevank5|workerice|1700\n|teamsize|p1|6\n|teamsize|p2|6\n|gen|8\n|tier|[Gen 8] OU\n|rated|\n|rule|Sleep Clause Mod: Limit one foe put to sleep\n|rule|Species Clause: Limit one of each Pok\u00e9mon\n|rule|OHKO Clause: OHKO moves are banned\n|rule|Evasion Items Clause: Evasion items are banned\n|rule|Evasion Moves Clause: Evasion moves are banned\n|rule|Endless Battle Clause: Forcing endless battles is banned\n|rule|HP Percentage Mod: HP is shown in percentages\n|rule|Dynamax Clause: You cannot dynamax\n|clearpoke\n|poke|p1|Cresselia, F|\n|poke|p1|Zapdos|\n|poke|p1|Skarmory, M|\n|poke|p1|Clefable, M|\n|poke|p1|Quagsire, M|\n|poke|p1|Toxapex, M|\n|poke|p2|Thundurus, M|\n|poke|p2|Toxapex, M|\n|poke|p2|Landorus-Therian, M|\n|poke|p2|Dragapult, M|\n|poke|p2|Heatran, M|\n|poke|p2|Mew|\n|teampreview\n|inactive|Battle timer is ON: inactive players will automatically lose when time's up. (requested by Qishan)\n|\n|t:|1662907844\n|start\n|switch|p1a: Toxapex|Toxapex, M, shiny|100\/100\n|switch|p2a: ThunderMan|Thundurus, M|100\/100\n|turn|1\n|\n|t:|1662907859\n|switch|p1a: Cresselia|Cresselia, F, shiny|100\/100\n|move|p2a: ThunderMan|Volt Switch|p1a: Cresselia\n|-damage|p1a: Cresselia|82\/100\n|\n|t:|1662907866\n|switch|p2a: Heatran|Heatran, M|100\/100|[from]move: Volt Switch\n|\n|-heal|p1a: Cresselia|88\/100|[from] item: Leftovers\n|upkeep\n|turn|2\n|\n|t:|1662907877\n|switch|p1a: Toxapex|Toxapex, M, shiny|100\/100\n|move|p2a: Heatran|Stealth Rock|p1a: Toxapex\n|-sidestart|p1: Qishan|move: Stealth Rock\n|\n|upkeep\n|turn|3\n|\n|t:|1662907884\n|switch|p2a: Toxapex|Toxapex, M|100\/100\n|move|p1a: Toxapex|Knock Off|p2a: Toxapex\n|-damage|p2a: Toxapex|92\/100\n|-enditem|p2a: Toxapex|Black Sludge|[from] move: Knock Off|[of] p1a: Toxapex\n|\n|upkeep\n|turn|4\n|\n|t:|1662907905\n|switch|p1a: Clefable|Clefable, M|100\/100\n|move|p2a: Toxapex|Toxic Spikes|p1a: Clefable\n|-sidestart|p1: Qishan|move: Toxic Spikes\n|\n|upkeep\n|turn|5\n|\n|t:|1662907927\n|switch|p2a: Landorus|Landorus-Therian, M|100\/100\n|-ability|p2a: Landorus|Intimidate|boost\n|-unboost|p1a: Clefable|atk|1\n|move|p1a: Clefable|Stealth Rock|p2a: Landorus\n|-sidestart|p2: Daevank5|move: Stealth Rock\n|\n|upkeep\n|turn|6\n|\n|t:|1662907935\n|move|p2a: Landorus|Knock Off|p1a: Clefable\n|-resisted|p1a: Clefable\n|-damage|p1a: Clefable|88\/100\n|-enditem|p1a: Clefable|Sticky Barb|[from] move: Knock Off|[of] p2a: Landorus\n|move|p1a: Clefable|Knock Off|p2a: Landorus\n|-damage|p2a: Landorus|93\/100\n|-enditem|p2a: Landorus|Leftovers|[from] move: Knock Off|[of] p1a: Clefable\n|\n|upkeep\n|turn|7\n|\n|t:|1662907957\n|move|p2a: Landorus|U-turn|p1a: Clefable\n|-resisted|p1a: Clefable\n|-crit|p1a: Clefable\n|-damage|p1a: Clefable|74\/100\n|\n|t:|1662907960\n|switch|p2a: Toxapex|Toxapex, M|100\/100|[from]move: U-turn\n|-damage|p2a: Toxapex|88\/100|[from] Stealth Rock\n|move|p1a: Clefable|Soft-Boiled|p1a: Clefable\n|-heal|p1a: Clefable|100\/100\n|\n|upkeep\n|turn|8\n|inactive|Qishan has 120 seconds left.\n|\n|t:|1662907987\n|switch|p1a: Skarmory|Skarmory, M, shiny|100\/100\n|-damage|p1a: Skarmory|88\/100|[from] Stealth Rock\n|move|p2a: Toxapex|Scald|p1a: Skarmory\n|-damage|p1a: Skarmory|66\/100\n|-status|p1a: Skarmory|brn\n|\n|-damage|p1a: Skarmory|60\/100 brn|[from] brn\n|upkeep\n|turn|9\n|inactive|Qishan has 120 seconds left.\n|\n|t:|1662908006\n|switch|p2a: Heatran|Heatran, M|100\/100\n|-damage|p2a: Heatran|88\/100|[from] Stealth Rock\n|move|p1a: Skarmory|Spikes|p2a: Heatran\n|-sidestart|p2: Daevank5|Spikes\n|\n|-heal|p2a: Heatran|94\/100|[from] item: Leftovers\n|-damage|p1a: Skarmory|54\/100 brn|[from] brn\n|upkeep\n|turn|10\n|\n|t:|1662908027\n|switch|p1a: Toxapex|Toxapex, M, shiny|100\/100\n|-damage|p1a: Toxapex|88\/100|[from] Stealth Rock\n|-sideend|p1: Qishan|move: Toxic Spikes|[of] p1a: Toxapex\n|move|p2a: Heatran|Magma Storm|p1a: Toxapex\n|-resisted|p1a: Toxapex\n|-damage|p1a: Toxapex|71\/100\n|-activate|p1a: Toxapex|move: Magma Storm|[of] p2a: Heatran\n|\n|-heal|p2a: Heatran|100\/100|[from] item: Leftovers\n|-damage|p1a: Toxapex|59\/100|[from] move: Magma Storm|[partiallytrapped]\n|upkeep\n|turn|11\n|\n|t:|1662908037\n|switch|p2a: Toxapex|Toxapex, M|100\/100\n|-damage|p2a: Toxapex|88\/100|[from] Stealth Rock\n|-damage|p2a: Toxapex|75\/100|[from] Spikes\n|move|p1a: Toxapex|Knock Off|p2a: Toxapex\n|-damage|p2a: Toxapex|70\/100\n|\n|-end|p1a: Toxapex|Magma Storm|[partiallytrapped]|[silent]\n|upkeep\n|turn|12\n|\n|t:|1662908049\n|switch|p1a: Skarmory|Skarmory, M, shiny|54\/100 brn\n|-damage|p1a: Skarmory|42\/100 brn|[from] Stealth Rock\n|move|p2a: Toxapex|Scald|p1a: Skarmory\n|-damage|p1a: Skarmory|21\/100 brn\n|\n|-damage|p1a: Skarmory|15\/100 brn|[from] brn\n|upkeep\n|turn|13\n|\n|t:|1662908059\n|switch|p2a: ThunderMan|Thundurus, M|100\/100\n|move|p1a: Skarmory|Roost|p1a: Skarmory\n|-heal|p1a: Skarmory|65\/100 brn\n|-singleturn|p1a: Skarmory|move: Roost\n|\n|-damage|p1a: Skarmory|59\/100 brn|[from] brn\n|upkeep\n|turn|14\n|j| Wattattitta\n|j| yuwenzhao\n|j| lalelosido\n|l| yuwenzhao\n|j| 0SiegeWarfare\n|\n|t:|1662908076\n|switch|p1a: Cresselia|Cresselia, F, shiny|88\/100\n|-damage|p1a: Cresselia|76\/100|[from] Stealth Rock\n|move|p2a: ThunderMan|Toxic|p1a: Cresselia\n|-status|p1a: Cresselia|tox\n|\n|-heal|p1a: Cresselia|82\/100 tox|[from] item: Leftovers\n|-damage|p1a: Cresselia|76\/100 tox|[from] psn\n|upkeep\n|turn|15\n|j| wiiimicks\n|j| ArianaBlonde\n|\n|t:|1662908091\n|switch|p1a: Toxapex|Toxapex, M, shiny|92\/100\n|-damage|p1a: Toxapex|80\/100|[from] Stealth Rock\n|move|p2a: ThunderMan|Volt Switch|p1a: Toxapex\n|-supereffective|p1a: Toxapex\n|-damage|p1a: Toxapex|25\/100\n|\n|t:|1662908116\n|switch|p2a: Mew|Mew|100\/100|[from]move: Volt Switch\n|-damage|p2a: Mew|88\/100|[from] Stealth Rock\n|-damage|p2a: Mew|76\/100|[from] Spikes\n|\n|-heal|p2a: Mew|82\/100|[from] item: Leftovers\n|upkeep\n|turn|16\n|\n|t:|1662908127\n|switch|p1a: Clefable|Clefable, M|100\/100\n|move|p2a: Mew|Earth Power|p1a: Clefable\n|-damage|p1a: Clefable|84\/100\n|\n|-heal|p2a: Mew|88\/100|[from] item: Leftovers\n|upkeep\n|turn|17\n|\n|t:|1662908137\n|switch|p1a: Toxapex|Toxapex, M, shiny|59\/100\n|-damage|p1a: Toxapex|46\/100|[from] Stealth Rock\n|move|p2a: Mew|Will-O-Wisp|p1a: Toxapex|[miss]\n|-miss|p2a: Mew|p1a: Toxapex\n|\n|-heal|p2a: Mew|94\/100|[from] item: Leftovers\n|upkeep\n|turn|18\n|\n|t:|1662908146\n|switch|p1a: Clefable|Clefable, M|84\/100\n|move|p2a: Mew|Taunt|p1a: Clefable\n|-start|p1a: Clefable|move: Taunt\n|\n|-heal|p2a: Mew|100\/100|[from] item: Leftovers\n|upkeep\n|turn|19\n|\n|t:|1662908153\n|move|p2a: Mew|Will-O-Wisp|p1a: Clefable\n|-status|p1a: Clefable|brn\n|move|p1a: Clefable|Knock Off|p2a: Mew\n|-supereffective|p2a: Mew\n|-damage|p2a: Mew|87\/100\n|-enditem|p2a: Mew|Leftovers|[from] move: Knock Off|[of] p1a: Clefable\n|\n|upkeep\n|turn|20\n|\n|t:|1662908170\n|switch|p2a: Toxapex|Toxapex, M|100\/100\n|-damage|p2a: Toxapex|88\/100|[from] Stealth Rock\n|-damage|p2a: Toxapex|75\/100|[from] Spikes\n|move|p1a: Clefable|Moonblast|p2a: Toxapex\n|-resisted|p2a: Toxapex\n|-damage|p2a: Toxapex|63\/100\n|-unboost|p2a: Toxapex|spa|1\n|\n|-end|p1a: Clefable|move: Taunt\n|upkeep\n|turn|21\n|\n|t:|1662908182\n|switch|p1a: Skarmory|Skarmory, M, shiny|59\/100 brn\n|-damage|p1a: Skarmory|47\/100 brn|[from] Stealth Rock\n|move|p2a: Toxapex|Scald|p1a: Skarmory\n|-damage|p1a: Skarmory|33\/100 brn\n|\n|-damage|p1a: Skarmory|27\/100 brn|[from] brn\n|upkeep\n|turn|22\n|inactive|Daevank5 has 120 seconds left.\n|\n|t:|1662908232\n|switch|p2a: Landorus|Landorus-Therian, M|93\/100\n|-damage|p2a: Landorus|81\/100|[from] Stealth Rock\n|-ability|p2a: Landorus|Intimidate|boost\n|-unboost|p1a: Skarmory|atk|1\n|move|p1a: Skarmory|Roost|p1a: Skarmory\n|-heal|p1a: Skarmory|77\/100 brn\n|-singleturn|p1a: Skarmory|move: Roost\n|\n|-damage|p1a: Skarmory|71\/100 brn|[from] brn\n|upkeep\n|turn|23\n|\n|t:|1662908242\n|move|p2a: Landorus|Defog|p1a: Skarmory\n|-unboost|p1a: Skarmory|evasion|1\n|-sideend|p1: Qishan|Stealth Rock|[from] move: Defog|[of] p2a: Landorus\n|-sideend|p2: Daevank5|Spikes|[from] move: Defog|[of] p2a: Landorus\n|-sideend|p2: Daevank5|Stealth Rock|[from] move: Defog|[of] p2a: Landorus\n|move|p1a: Skarmory|Toxic|p2a: Landorus\n|-status|p2a: Landorus|tox\n|\n|-damage|p2a: Landorus|75\/100 tox|[from] psn\n|-damage|p1a: Skarmory|65\/100 brn|[from] brn\n|upkeep\n|turn|24\n|\n|t:|1662908252\n|move|p2a: Landorus|U-turn|p1a: Skarmory\n|-resisted|p1a: Skarmory\n|-crit|p1a: Skarmory\n|-damage|p1a: Skarmory|60\/100 brn\n|\n|t:|1662908259\n|switch|p2a: Heatran|Heatran, M|100\/100|[from]move: U-turn\n|move|p1a: Skarmory|Spikes|p2a: Heatran\n|-sidestart|p2: Daevank5|Spikes\n|\n|-damage|p1a: Skarmory|54\/100 brn|[from] brn\n|upkeep\n|turn|25\n|\n|t:|1662908277\n|switch|p1a: Clefable|Clefable, M|84\/100 brn\n|move|p2a: Heatran|Stealth Rock|p1a: Clefable\n|-sidestart|p1: Qishan|move: Stealth Rock\n|\n|upkeep\n|turn|26\n|l| 0SiegeWarfare\n|inactive|Daevank5 has 120 seconds left.\n|inactive|Daevank5 has 90 seconds left.\n|\n|t:|1662908321\n|move|p2a: Heatran|Magma Storm|p1a: Clefable\n|-crit|p1a: Clefable\n|-damage|p1a: Clefable|29\/100 brn\n|-activate|p1a: Clefable|move: Magma Storm|[of] p2a: Heatran\n|move|p1a: Clefable|Knock Off|p2a: Heatran\n|-damage|p2a: Heatran|94\/100\n|-enditem|p2a: Heatran|Leftovers|[from] move: Knock Off|[of] p1a: Clefable\n|\n|upkeep\n|turn|27\n|inactive|Daevank5 has 90 seconds left.\n|\n|t:|1662908329\n|move|p2a: Heatran|Taunt|p1a: Clefable\n|-start|p1a: Clefable|move: Taunt\n|cant|p1a: Clefable|move: Taunt|Soft-Boiled\n|\n|upkeep\n|turn|28\n|\n|t:|1662908334\n|move|p2a: Heatran|Earth Power|p1a: Clefable\n|-damage|p1a: Clefable|8\/100 brn\n|move|p1a: Clefable|Moonblast|p2a: Heatran\n|-resisted|p2a: Heatran\n|-damage|p2a: Heatran|89\/100\n|\n|upkeep\n|turn|29\n|\n|t:|1662908343\n|move|p2a: Heatran|Earth Power|p1a: Clefable\n|-damage|p1a: Clefable|0 fnt\n|faint|p1a: Clefable\n|\n|upkeep\n|\n|t:|1662908349\n|switch|p1a: Quagsire|Quagsire, M, shiny|100\/100\n|-damage|p1a: Quagsire|94\/100|[from] Stealth Rock\n|turn|30\n|inactive|Daevank5 has 120 seconds left.\n|\n|t:|1662908357\n|switch|p2a: Toxapex|Toxapex, M|96\/100\n|-damage|p2a: Toxapex|83\/100|[from] Spikes\n|move|p1a: Quagsire|Earthquake|p2a: Toxapex\n|-supereffective|p2a: Toxapex\n|-damage|p2a: Toxapex|44\/100\n|\n|-heal|p1a: Quagsire|100\/100|[from] item: Leftovers\n|upkeep\n|turn|31\n|\n|t:|1662908368\n|move|p2a: Toxapex|Recover|p2a: Toxapex\n|-heal|p2a: Toxapex|94\/100\n|move|p1a: Quagsire|Earthquake|p2a: Toxapex\n|-supereffective|p2a: Toxapex\n|-damage|p2a: Toxapex|60\/100\n|\n|upkeep\n|turn|32\n|\n|t:|1662908379\n|switch|p1a: Skarmory|Skarmory, M, shiny|54\/100 brn\n|-damage|p1a: Skarmory|42\/100 brn|[from] Stealth Rock\n|move|p2a: Toxapex|Recover|p2a: Toxapex\n|-heal|p2a: Toxapex|100\/100\n|\n|-damage|p1a: Skarmory|36\/100 brn|[from] brn\n|upkeep\n|turn|33\n|\n|t:|1662908395\n|switch|p2a: Mew|Mew|87\/100\n|-damage|p2a: Mew|75\/100|[from] Spikes\n|move|p1a: Skarmory|Roost|p1a: Skarmory\n|-heal|p1a: Skarmory|86\/100 brn\n|-singleturn|p1a: Skarmory|move: Roost\n|\n|-damage|p1a: Skarmory|80\/100 brn|[from] brn\n|upkeep\n|turn|34\n|\n|t:|1662908405\n|switch|p1a: Zapdos|Zapdos, shiny|100\/100\n|-ability|p1a: Zapdos|Pressure\n|move|p2a: Mew|Taunt|p1a: Zapdos\n|-start|p1a: Zapdos|move: Taunt\n|\n|upkeep\n|turn|35\n|\n|t:|1662908416\n|move|p1a: Zapdos|Volt Switch|p2a: Mew\n|-damage|p2a: Mew|57\/100\n|\n|t:|1662908430\n|switch|p1a: Toxapex|Toxapex, M, shiny|80\/100|[from]move: Volt Switch\n|-damage|p1a: Toxapex|67\/100|[from] Stealth Rock\n|move|p2a: Mew|Will-O-Wisp|p1a: Toxapex\n|-status|p1a: Toxapex|brn\n|\n|-damage|p1a: Toxapex|61\/100 brn|[from] brn\n|upkeep\n|turn|36\n|\n|t:|1662908451\n|move|p2a: Mew|Taunt|p1a: Toxapex\n|-start|p1a: Toxapex|move: Taunt\n|move|p1a: Toxapex|Scald|p2a: Mew\n|-damage|p2a: Mew|47\/100\n|\n|-damage|p1a: Toxapex|55\/100 brn|[from] brn\n|upkeep\n|turn|37\n|\n|t:|1662908461\n|switch|p1a: Zapdos|Zapdos, shiny|100\/100\n|-ability|p1a: Zapdos|Pressure\n|move|p2a: Mew|Earth Power|p1a: Zapdos\n|-immune|p1a: Zapdos\n|\n|upkeep\n|turn|38\n|\n|t:|1662908469\n|move|p1a: Zapdos|Volt Switch|p2a: Mew\n|-damage|p2a: Mew|27\/100\n|\n|t:|1662908474\n|switch|p1a: Toxapex|Toxapex, M, shiny|89\/100 brn|[from]move: Volt Switch\n|-damage|p1a: Toxapex|76\/100 brn|[from] Stealth Rock\n|move|p2a: Mew|Will-O-Wisp|p1a: Toxapex\n|-fail|p1a: Toxapex|brn\n|\n|-damage|p1a: Toxapex|70\/100 brn|[from] brn\n|upkeep\n|turn|39\n|\n|t:|1662908482\n|move|p2a: Mew|Soft-Boiled|p2a: Mew\n|-heal|p2a: Mew|77\/100\n|move|p1a: Toxapex|Scald|p2a: Mew\n|-damage|p2a: Mew|66\/100\n|\n|-damage|p1a: Toxapex|64\/100 brn|[from] brn\n|upkeep\n|turn|40\n|\n|t:|1662908496\n|switch|p2a: Toxapex|Toxapex, M|100\/100\n|-damage|p2a: Toxapex|88\/100|[from] Spikes\n|switch|p1a: Zapdos|Zapdos, shiny|100\/100\n|-ability|p1a: Zapdos|Pressure\n|\n|upkeep\n|turn|41\n|\n|t:|1662908505\n|move|p1a: Zapdos|Volt Switch|p2a: Toxapex\n|-supereffective|p2a: Toxapex\n|-damage|p2a: Toxapex|38\/100\n|\n|t:|1662908513\n|switch|p1a: Skarmory|Skarmory, M, shiny|80\/100 brn|[from]move: Volt Switch\n|-damage|p1a: Skarmory|67\/100 brn|[from] Stealth Rock\n|move|p2a: Toxapex|Scald|p1a: Skarmory\n|-damage|p1a: Skarmory|45\/100 brn\n|\n|-damage|p1a: Skarmory|39\/100 brn|[from] brn\n|upkeep\n|turn|42\n|l| Wattattitta\n|\n|t:|1662908528\n|switch|p2a: ThunderMan|Thundurus, M|100\/100\n|move|p1a: Skarmory|Roost|p1a: Skarmory\n|-heal|p1a: Skarmory|89\/100 brn\n|-singleturn|p1a: Skarmory|move: Roost\n|\n|-damage|p1a: Skarmory|83\/100 brn|[from] brn\n|upkeep\n|turn|43\n|\n|t:|1662908539\n|switch|p1a: Quagsire|Quagsire, M, shiny|100\/100\n|-damage|p1a: Quagsire|94\/100|[from] Stealth Rock\n|move|p2a: ThunderMan|Taunt|p1a: Quagsire\n|-start|p1a: Quagsire|move: Taunt\n|\n|-heal|p1a: Quagsire|100\/100|[from] item: Leftovers\n|upkeep\n|turn|44\n|\n|t:|1662908561\n|switch|p1a: Zapdos|Zapdos, shiny|100\/100\n|-ability|p1a: Zapdos|Pressure\n|move|p2a: ThunderMan|Toxic|p1a: Zapdos\n|-status|p1a: Zapdos|tox\n|\n|-damage|p1a: Zapdos|94\/100 tox|[from] psn\n|upkeep\n|turn|45\n|j| IM AT MY LIMIT\n|\n|t:|1662908579\n|move|p2a: ThunderMan|Volt Switch|p1a: Zapdos\n|-damage|p1a: Zapdos|59\/100 tox\n|\n|t:|1662908582\n|switch|p2a: Landorus|Landorus-Therian, M|75\/100 tox|[from]move: Volt Switch\n|-ability|p2a: Landorus|Intimidate|boost\n|-unboost|p1a: Zapdos|atk|1\n|move|p1a: Zapdos|Toxic|p2a: Landorus\n|-fail|p2a: Landorus|tox\n|\n|-damage|p1a: Zapdos|47\/100 tox|[from] psn\n|-damage|p2a: Landorus|69\/100 tox|[from] psn\n|upkeep\n|turn|46\n|j| Melophetamine\n|\n|t:|1662908596\n|switch|p1a: Skarmory|Skarmory, M, shiny|83\/100 brn\n|-damage|p1a: Skarmory|70\/100 brn|[from] Stealth Rock\n|move|p2a: Landorus|Knock Off|p1a: Skarmory\n|-damage|p1a: Skarmory|52\/100 brn\n|-enditem|p1a: Skarmory|Shed Shell|[from] move: Knock Off|[of] p2a: Landorus\n|\n|-damage|p2a: Landorus|57\/100 tox|[from] psn\n|-damage|p1a: Skarmory|46\/100 brn|[from] brn\n|upkeep\n|turn|47\n|\n|t:|1662908607\n|move|p2a: Landorus|U-turn|p1a: Skarmory\n|-resisted|p1a: Skarmory\n|-damage|p1a: Skarmory|42\/100 brn\n|\n|t:|1662908610\n|switch|p2a: Heatran|Heatran, M|89\/100|[from]move: U-turn\n|-damage|p2a: Heatran|76\/100|[from] Spikes\n|move|p1a: Skarmory|Roost|p1a: Skarmory\n|-heal|p1a: Skarmory|92\/100 brn\n|-singleturn|p1a: Skarmory|move: Roost\n|\n|-damage|p1a: Skarmory|86\/100 brn|[from] brn\n|upkeep\n|turn|48\n|\n|t:|1662908626\n|switch|p1a: Quagsire|Quagsire, M, shiny|100\/100\n|-damage|p1a: Quagsire|94\/100|[from] Stealth Rock\n|move|p2a: Heatran|Magma Storm|p1a: Quagsire|[miss]\n|-miss|p2a: Heatran|p1a: Quagsire\n|\n|-heal|p1a: Quagsire|100\/100|[from] item: Leftovers\n|upkeep\n|turn|49\n|\n|t:|1662908640\n|switch|p2a: Mew|Mew|66\/100\n|-damage|p2a: Mew|53\/100|[from] Spikes\n|switch|p1a: Zapdos|Zapdos, shiny|47\/100 tox\n|-ability|p1a: Zapdos|Pressure\n|\n|-damage|p1a: Zapdos|41\/100 tox|[from] psn\n|upkeep\n|turn|50\n|\n|t:|1662908650\n|move|p1a: Zapdos|Roost|p1a: Zapdos\n|-heal|p1a: Zapdos|91\/100 tox\n|-singleturn|p1a: Zapdos|move: Roost\n|move|p2a: Mew|Earth Power|p1a: Zapdos\n|-supereffective|p1a: Zapdos\n|-damage|p1a: Zapdos|51\/100 tox\n|\n|-damage|p1a: Zapdos|39\/100 tox|[from] psn\n|upkeep\n|turn|51\n|\n|t:|1662908659\n|move|p1a: Zapdos|Volt Switch|p2a: Mew\n|-damage|p2a: Mew|33\/100\n|\n|t:|1662908671\n|switch|p1a: Cresselia|Cresselia, F, shiny|76\/100 tox|[from]move: Volt Switch\n|-damage|p1a: Cresselia|63\/100 tox|[from] Stealth Rock\n|move|p2a: Mew|Soft-Boiled|p2a: Mew\n|-heal|p2a: Mew|83\/100\n|\n|-heal|p1a: Cresselia|70\/100 tox|[from] item: Leftovers\n|-damage|p1a: Cresselia|63\/100 tox|[from] psn\n|upkeep\n|turn|52\n|\n|t:|1662908684\n|move|p2a: Mew|Taunt|p1a: Cresselia\n|-start|p1a: Cresselia|move: Taunt\n|cant|p1a: Cresselia|move: Taunt|Toxic\n|\n|-heal|p1a: Cresselia|70\/100 tox|[from] item: Leftovers\n|-damage|p1a: Cresselia|57\/100 tox|[from] psn\n|upkeep\n|turn|53\n|l| IM AT MY LIMIT\n|\n|t:|1662908695\n|switch|p1a: Zapdos|Zapdos, shiny|39\/100 tox\n|-ability|p1a: Zapdos|Pressure\n|move|p2a: Mew|Earth Power|p1a: Zapdos\n|-immune|p1a: Zapdos\n|\n|-damage|p1a: Zapdos|33\/100 tox|[from] psn\n|upkeep\n|turn|54\n|\n|t:|1662908710\n|switch|p2a: Landorus|Landorus-Therian, M|57\/100 tox\n|-ability|p2a: Landorus|Intimidate|boost\n|-unboost|p1a: Zapdos|atk|1\n|move|p1a: Zapdos|Roost|p1a: Zapdos\n|-heal|p1a: Zapdos|83\/100 tox\n|-singleturn|p1a: Zapdos|move: Roost\n|\n|-damage|p1a: Zapdos|71\/100 tox|[from] psn\n|-damage|p2a: Landorus|51\/100 tox|[from] psn\n|upkeep\n|turn|55\n|\n|t:|1662908721\n|switch|p1a: Skarmory|Skarmory, M, shiny|86\/100 brn\n|-damage|p1a: Skarmory|74\/100 brn|[from] Stealth Rock\n|move|p2a: Landorus|U-turn|p1a: Skarmory\n|-resisted|p1a: Skarmory\n|-damage|p1a: Skarmory|71\/100 brn\n|j| splashed out\n|\n|t:|1662908729\n|switch|p2a: Dragapult|Dragapult, M|100\/100|[from]move: U-turn\n|-damage|p2a: Dragapult|88\/100|[from] Spikes\n|\n|-damage|p1a: Skarmory|65\/100 brn|[from] brn\n|upkeep\n|turn|56\n|l| ArianaBlonde\n|\n|t:|1662908749\n|switch|p1a: Toxapex|Toxapex, M, shiny|98\/100 brn\n|-damage|p1a: Toxapex|85\/100 brn|[from] Stealth Rock\n|move|p2a: Dragapult|Hex|p1a: Toxapex\n|-damage|p1a: Toxapex|19\/100 brn\n|\n|-damage|p1a: Toxapex|13\/100 brn|[from] brn\n|upkeep\n|turn|57\n|-message|Qishan forfeited.\n|\n|win|Daevank5\n|raw|Qishan's rating: 1681 &rarr; <strong>1662<\/strong><br \/>(-19 for losing)\n|raw|Daevank5's rating: 1700 &rarr; <strong>1719<\/strong><br \/>(+19 for winning)\n|l|\u2606Qishan\n|l| splashed out\n||Ladder isn't responding, score probably updated but might not have (Request timeout).\n","uploadtime":1662908785,"views":26,"p1id":"qishan","p2id":"daevank5","formatid":"gen8ou","rating":1662,"private":0,"password":null}