{"id":"gen8pu-1645149584","p1":"terrible.omen","p2":"igotthegat","format":"gen8pu","log":"|j|\u2606terrible.omen\n|j|\u2606igotthegat\n|t:|1661133170\n|gametype|singles\n|player|p1|terrible.omen|acetrainer-gen4|1000\n|player|p2|igotthegat|266|1000\n|teamsize|p1|6\n|teamsize|p2|6\n|gen|8\n|tier|[Gen 8] PU\n|rated|\n|rule|Sleep Clause Mod: Limit one foe put to sleep\n|rule|Species Clause: Limit one of each Pok\u00e9mon\n|rule|OHKO Clause: OHKO moves are banned\n|rule|Evasion Items Clause: Evasion items are banned\n|rule|Evasion Moves Clause: Evasion moves are banned\n|rule|Endless Battle Clause: Forcing endless battles is banned\n|rule|HP Percentage Mod: HP is shown in percentages\n|rule|Dynamax Clause: You cannot dynamax\n|clearpoke\n|poke|p1|Claydol|\n|poke|p1|Flareon, M|\n|poke|p1|Gallade, M|\n|poke|p1|Rotom-Fan|\n|poke|p1|Scyther, F|\n|poke|p1|Scrafty, F|\n|poke|p2|Hitmonlee, M|\n|poke|p2|Galvantula, F|\n|poke|p2|Charizard, M|\n|poke|p2|Aggron, M|\n|poke|p2|Abomasnow, F|\n|poke|p2|Quagsire, F|\n|teampreview\n|inactive|Battle timer is ON: inactive players will automatically lose when time's up. (requested by terrible.omen)\n|\n|t:|1661133185\n|start\n|switch|p1a: Claydol|Claydol|100\/100\n|switch|p2a: Jo|Abomasnow, F|100\/100\n|-weather|Hail|[from] ability: Snow Warning|[of] p2a: Jo\n|turn|1\n|\n|t:|1661133192\n|move|p1a: Claydol|Toxic|p2a: Jo\n|-status|p2a: Jo|tox\n|move|p2a: Jo|Aurora Veil|p2a: Jo\n|-sidestart|p2: igotthegat|move: Aurora Veil\n|\n|-weather|Hail|[upkeep]\n|-damage|p1a: Claydol|94\/100|[from] Hail\n|-heal|p1a: Claydol|100\/100|[from] item: Leftovers\n|-damage|p2a: Jo|94\/100 tox|[from] psn\n|upkeep\n|turn|2\n|\n|t:|1661133200\n|move|p1a: Claydol|Stealth Rock|p2a: Jo\n|-sidestart|p2: igotthegat|move: Stealth Rock\n|move|p2a: Jo|Wood Hammer|p1a: Claydol\n|-supereffective|p1a: Claydol\n|-damage|p1a: Claydol|26\/100\n|-damage|p2a: Jo|74\/100 tox|[from] Recoil\n|\n|-weather|Hail|[upkeep]\n|-damage|p1a: Claydol|20\/100|[from] Hail\n|-heal|p1a: Claydol|26\/100|[from] item: Leftovers\n|-damage|p2a: Jo|62\/100 tox|[from] psn\n|upkeep\n|turn|3\n|\n|t:|1661133205\n|move|p1a: Claydol|Explosion|p2a: Jo\n|-damage|p2a: Jo|40\/100 tox\n|faint|p1a: Claydol\n|move|p2a: Jo|Wood Hammer|p1: Claydol|[notarget]\n|-fail|p2a: Jo\n|\n|-weather|Hail|[upkeep]\n|-damage|p2a: Jo|22\/100 tox|[from] psn\n|upkeep\n|\n|t:|1661133219\n|switch|p1a: Scyther|Scyther, F|100\/100\n|turn|4\n|\n|t:|1661133222\n|move|p1a: Scyther|Quick Attack|p2a: Jo\n|-damage|p2a: Jo|11\/100 tox\n|move|p2a: Jo|Wood Hammer|p1a: Scyther\n|-resisted|p1a: Scyther\n|-damage|p1a: Scyther|84\/100\n|-damage|p2a: Jo|7\/100 tox|[from] Recoil\n|\n|-weather|Hail|[upkeep]\n|-damage|p1a: Scyther|78\/100|[from] Hail\n|-damage|p2a: Jo|0 fnt|[from] psn\n|faint|p2a: Jo\n|upkeep\n|\n|t:|1661133228\n|switch|p2a: Joey|Galvantula, F|100\/100\n|-damage|p2a: Joey|76\/100|[from] Stealth Rock\n|turn|5\n|\n|t:|1661133244\n|switch|p1a: Flareon|Flareon, M|100\/100\n|move|p2a: Joey|Volt Switch|p1a: Flareon\n|-damage|p1a: Flareon|59\/100\n|\n|t:|1661133254\n|switch|p2a: Joe!!!|Quagsire, F|100\/100|[from]move: Volt Switch\n|-damage|p2a: Joe!!!|94\/100|[from] Stealth Rock\n|\n|-weather|none\n|-heal|p2a: Joe!!!|100\/100|[from] item: Leftovers\n|-sideend|p2: igotthegat|move: Aurora Veil\n|-status|p1a: Flareon|tox|[from] item: Toxic Orb\n|upkeep\n|turn|6\n|\n|t:|1661133272\n|move|p2a: Joe!!!|Power-Up Punch|p1a: Flareon\n|-damage|p1a: Flareon|42\/100 tox\n|-boost|p2a: Joe!!!|atk|1\n|move|p1a: Flareon|Roar|p2a: Joe!!!\n|drag|p2a: Joel|Charizard, M|100\/100\n|-damage|p2a: Joel|50\/100|[from] Stealth Rock\n|\n|-damage|p1a: Flareon|36\/100 tox|[from] psn\n|upkeep\n|turn|7\n|\n|t:|1661133297\n|move|p1a: Flareon|Quick Attack|p2a: Joel\n|-damage|p2a: Joel|15\/100\n|move|p2a: Joel|Scorching Sands|p1a: Flareon\n|-supereffective|p1a: Flareon\n|-damage|p1a: Flareon|0 fnt\n|faint|p1a: Flareon\n|\n|upkeep\n|\n|t:|1661133305\n|switch|p1a: Scyther|Scyther, F|78\/100\n|turn|8\n|\n|t:|1661133308\n|move|p1a: Scyther|Quick Attack|p2a: Joel\n|-damage|p2a: Joel|0 fnt\n|faint|p2a: Joel\n|\n|upkeep\n|\n|t:|1661133315\n|switch|p2a: Joey|Galvantula, F|76\/100\n|-damage|p2a: Joey|51\/100|[from] Stealth Rock\n|turn|9\n|\n|t:|1661133325\n|switch|p1a: Scrafty|Scrafty, F, shiny|100\/100\n|move|p2a: Joey|Thunder|p1a: Scrafty\n|-damage|p1a: Scrafty|19\/100\n|-enditem|p1a: Scrafty|Salac Berry|[eat]\n|-boost|p1a: Scrafty|spe|1|[from] item: Salac Berry\n|\n|upkeep\n|turn|10\n|\n|t:|1661133337\n|switch|p2a: Joe|Hitmonlee, M|100\/100\n|-damage|p2a: Joe|94\/100|[from] Stealth Rock\n|move|p1a: Scrafty|Close Combat|p2a: Joe\n|-damage|p2a: Joe|0 fnt\n|-unboost|p1a: Scrafty|def|1\n|-unboost|p1a: Scrafty|spd|1\n|faint|p2a: Joe\n|-ability|p1a: Scrafty|Moxie|boost\n|-boost|p1a: Scrafty|atk|1\n|\n|upkeep\n|\n|t:|1661133349\n|switch|p2a: Joey|Galvantula, F|51\/100\n|-damage|p2a: Joey|26\/100|[from] Stealth Rock\n|turn|11\n|\n|t:|1661133356\n|move|p2a: Joey|Volt Switch|p1a: Scrafty\n|-damage|p1a: Scrafty|0 fnt\n|faint|p1a: Scrafty\n|\n|t:|1661133371\n|switch|p2a: Joe!!!|Quagsire, F|100\/100|[from]move: Volt Switch\n|-damage|p2a: Joe!!!|94\/100|[from] Stealth Rock\n|\n|-heal|p2a: Joe!!!|100\/100|[from] item: Leftovers\n|upkeep\n|\n|t:|1661133384\n|switch|p1a: Gallade|Gallade, M|100\/100\n|turn|12\n|\n|t:|1661133388\n|move|p1a: Gallade|Swords Dance|p1a: Gallade\n|-boost|p1a: Gallade|atk|2\n|move|p2a: Joe!!!|Liquidation|p1a: Gallade\n|-damage|p1a: Gallade|39\/100\n|-unboost|p1a: Gallade|def|1\n|\n|upkeep\n|turn|13\n|c|\u2606igotthegat|Swords dancing in front of Quag is INSANE\n|\n|t:|1661133415\n|move|p1a: Gallade|Knock Off|p2a: Joe!!!\n|-damage|p2a: Joe!!!|13\/100\n|-enditem|p2a: Joe!!!|Leftovers|[from] move: Knock Off|[of] p1a: Gallade\n|-damage|p1a: Gallade|30\/100|[from] item: Life Orb\n|move|p2a: Joe!!!|Liquidation|p1a: Gallade\n|-damage|p1a: Gallade|0 fnt\n|faint|p1a: Gallade\n|\n|upkeep\n|\n|t:|1661133423\n|switch|p1a: Scyther|Scyther, F|78\/100\n|turn|14\n|\n|t:|1661133432\n|move|p1a: Scyther|Quick Attack|p2a: Joe!!!\n|-damage|p2a: Joe!!!|0 fnt\n|faint|p2a: Joe!!!\n|\n|upkeep\n|\n|t:|1661133435\n|switch|p2a: Joseph|Aggron, M|100\/100\n|-damage|p2a: Joseph|94\/100|[from] Stealth Rock\n|turn|15\n|\n|t:|1661133443\n|move|p1a: Scyther|Knock Off|p2a: Joseph\n|-damage|p2a: Joseph|75\/100\n|-enditem|p2a: Joseph|Choice Band|[from] move: Knock Off|[of] p1a: Scyther\n|move|p2a: Joseph|Head Smash|p1a: Scyther\n|-supereffective|p1a: Scyther\n|-damage|p1a: Scyther|0 fnt\n|faint|p1a: Scyther\n|\n|upkeep\n|\n|t:|1661133451\n|switch|p1a: Rotom|Rotom-Fan|100\/100\n|turn|16\n|\n|t:|1661133456\n|move|p1a: Rotom|Nasty Plot|p1a: Rotom\n|-boost|p1a: Rotom|spa|2\n|move|p2a: Joseph|Head Smash|p1a: Rotom\n|-supereffective|p1a: Rotom\n|-damage|p1a: Rotom|0 fnt\n|faint|p1a: Rotom\n|\n|win|igotthegat\n|raw|terrible.omen's rating: 1000 &rarr; <strong>1000<\/strong><br \/>(+0 for losing)\n|raw|igotthegat's rating: 1000 &rarr; <strong>1040<\/strong><br \/>(+40 for winning)\n|c|\u2606igotthegat|gg\n|l|\u2606terrible.omen\n","uploadtime":1661133467,"views":5,"p1id":"terribleomen","p2id":"igotthegat","formatid":"gen8pu","rating":1000,"private":0,"password":null}