{"id":"gen8anythinggoes-1687809476","p1":"ViBeast19","p2":"yokobaby","format":"gen8anythinggoes","log":"|j|\u2606ViBeast19\n|j|\u2606yokobaby\n|t:|1666009980\n|gametype|singles\n|player|p1|ViBeast19|n-masters2|1587\n|player|p2|yokobaby|cynthia-masters|1840\n|teamsize|p1|6\n|teamsize|p2|6\n|gen|8\n|tier|[Gen 8] Anything Goes\n|rated|\n|rule|HP Percentage Mod: HP is shown in percentages\n|rule|Endless Battle Clause: Forcing endless battles is banned\n|clearpoke\n|poke|p1|Darmanitan-Galar, M|\n|poke|p1|Ditto|\n|poke|p1|Aron, L1, M|\n|poke|p1|Giratina|\n|poke|p1|Chansey, F|\n|poke|p1|Calyrex-Shadow|\n|poke|p2|Zacian-*|\n|poke|p2|Necrozma-Dusk-Mane|\n|poke|p2|Yveltal|\n|poke|p2|Eternatus|\n|poke|p2|Kyogre|\n|poke|p2|Ditto|\n|teampreview\n|c|\u2606yokobaby|wait\n|inactive|Battle timer is ON: inactive players will automatically lose when time's up. (requested by yokobaby)\n|\n|t:|1666010090\n|start\n|switch|p1a: The Baby|Aron, L1, M|100\/100\n|switch|p2a: Necrozma|Necrozma-Dusk-Mane|100\/100\n|turn|1\n|c|\u2606ViBeast19|Hello\n|c|\u2606ViBeast19|Gl hf\n|\n|t:|1666010103\n|move|p2a: Necrozma|Sunsteel Strike|p1a: The Baby\n|-crit|p1a: The Baby\n|-damage|p1a: The Baby|0 fnt\n|faint|p1a: The Baby\n|\n|upkeep\n|c|\u2606yokobaby|hf\n|\n|t:|1666010121\n|switch|p1a: Dead Horse|Calyrex-Shadow|100\/100\n|-ability|p1a: Dead Horse|As One\n|-ability|p1a: Dead Horse|Unnerve\n|turn|2\n|\n|t:|1666010132\n|switch|p2a: Yveltal|Yveltal|100\/100\n|-ability|p2a: Yveltal|Dark Aura\n|move|p1a: Dead Horse|Leech Seed|p2a: Yveltal\n|-start|p2a: Yveltal|move: Leech Seed\n|\n|-damage|p2a: Yveltal|88\/100|[from] Leech Seed|[of] p1a: Dead Horse\n|upkeep\n|turn|3\n|\n|t:|1666010140\n|move|p1a: Dead Horse|Substitute|p1a: Dead Horse\n|-start|p1a: Dead Horse|Substitute\n|-damage|p1a: Dead Horse|75\/100\n|move|p2a: Yveltal|U-turn|p1a: Dead Horse\n|-activate|p1a: Dead Horse|move: Substitute|[damage]\n|\n|t:|1666010145\n|switch|p2a: Zacian|Zacian-Crowned|100\/100|[from]move: U-turn\n|-ability|p2a: Zacian|Intrepid Sword|boost\n|-boost|p2a: Zacian|atk|1\n|\n|-heal|p1a: Dead Horse|82\/100|[from] item: Leftovers\n|upkeep\n|turn|4\n|\n|t:|1666010150\n|move|p1a: Dead Horse|Leech Seed|p2a: Zacian\n|-start|p2a: Zacian|move: Leech Seed\n|move|p2a: Zacian|Behemoth Blade|p1a: Dead Horse\n|-end|p1a: Dead Horse|Substitute\n|\n|-heal|p1a: Dead Horse|88\/100|[from] item: Leftovers\n|-damage|p2a: Zacian|88\/100|[from] Leech Seed|[of] p1a: Dead Horse\n|-heal|p1a: Dead Horse|98\/100|[silent]\n|upkeep\n|turn|5\n|\n|t:|1666010160\n|switch|p2a: Yveltal|Yveltal|88\/100\n|-ability|p2a: Yveltal|Dark Aura\n|move|p1a: Dead Horse|Substitute|p1a: Dead Horse\n|-start|p1a: Dead Horse|Substitute\n|-damage|p1a: Dead Horse|73\/100\n|\n|-heal|p1a: Dead Horse|79\/100|[from] item: Leftovers\n|upkeep\n|turn|6\n|\n|t:|1666010165\n|move|p1a: Dead Horse|Leech Seed|p2a: Yveltal\n|-start|p2a: Yveltal|move: Leech Seed\n|move|p2a: Yveltal|Knock Off|p1a: Dead Horse\n|-supereffective|p1a: Dead Horse\n|-end|p1a: Dead Horse|Substitute\n|\n|-heal|p1a: Dead Horse|85\/100|[from] item: Leftovers\n|-damage|p2a: Yveltal|75\/100|[from] Leech Seed|[of] p1a: Dead Horse\n|-heal|p1a: Dead Horse|99\/100|[silent]\n|upkeep\n|turn|7\n|\n|t:|1666010172\n|switch|p1a: The Baby's Dad|Giratina, shiny|100\/100\n|-ability|p1a: The Baby's Dad|Pressure\n|move|p2a: Yveltal|U-turn|p1a: The Baby's Dad\n|-resisted|p1a: The Baby's Dad\n|-damage|p1a: The Baby's Dad|96\/100\n|\n|t:|1666010178\n|switch|p2a: Zacian|Zacian-Crowned|88\/100|[from]move: U-turn\n|-ability|p2a: Zacian|Intrepid Sword|boost\n|-boost|p2a: Zacian|atk|1\n|\n|-heal|p1a: The Baby's Dad|100\/100|[from] item: Leftovers\n|upkeep\n|turn|8\n|\n|t:|1666010182\n|move|p2a: Zacian|Behemoth Blade|p1a: The Baby's Dad\n|-damage|p1a: The Baby's Dad|54\/100\n|move|p1a: The Baby's Dad|Will-O-Wisp|p2a: Zacian|[miss]\n|-miss|p1a: The Baby's Dad|p2a: Zacian\n|\n|-heal|p1a: The Baby's Dad|61\/100|[from] item: Leftovers\n|upkeep\n|turn|9\n|c|\u2606ViBeast19|Uh oh\n|\n|t:|1666010193\n|move|p2a: Zacian|Behemoth Blade|p1a: The Baby's Dad\n|-crit|p1a: The Baby's Dad\n|-damage|p1a: The Baby's Dad|0 fnt\n|faint|p1a: The Baby's Dad\n|\n|upkeep\n|c|\u2606yokobaby|sry\n|c|\u2606ViBeast19|It's all good lmao\n|\n|t:|1666010207\n|switch|p1a: Harambe|Darmanitan-Galar, M|100\/100\n|turn|10\n|c|\u2606ViBeast19|I miss willow every day\n|\n|t:|1666010221\n|switch|p2a: Kyogre|Kyogre|100\/100\n|-weather|RainDance|[from] ability: Drizzle|[of] p2a: Kyogre\n|move|p1a: Harambe|Flare Blitz|p2a: Kyogre\n|-resisted|p2a: Kyogre\n|-damage|p2a: Kyogre|89\/100\n|-damage|p1a: Harambe|96\/100|[from] Recoil\n|\n|-weather|RainDance|[upkeep]\n|-heal|p2a: Kyogre|95\/100|[from] item: Leftovers\n|upkeep\n|turn|11\n|\n|t:|1666010228\n|switch|p1a: The Janitor|Ditto|100\/100\n|-transform|p1a: The Janitor|p2a: Kyogre|[from] ability: Imposter\n|switch|p2a: Zacian|Zacian-Crowned|88\/100\n|-ability|p2a: Zacian|Intrepid Sword|boost\n|-boost|p2a: Zacian|atk|1\n|\n|-weather|RainDance|[upkeep]\n|upkeep\n|turn|12\n|\n|t:|1666010240\n|move|p2a: Zacian|Close Combat|p1a: The Janitor\n|-damage|p1a: The Janitor|20\/100\n|-unboost|p2a: Zacian|def|1\n|-unboost|p2a: Zacian|spd|1\n|move|p1a: The Janitor|Scald|p2a: Zacian\n|-damage|p2a: Zacian|5\/100\n|-status|p2a: Zacian|brn\n|\n|-weather|RainDance|[upkeep]\n|-damage|p2a: Zacian|0 fnt|[from] brn\n|faint|p2a: Zacian\n|upkeep\n|\n|t:|1666010246\n|switch|p2a: Eternatus|Eternatus|100\/100\n|-ability|p2a: Eternatus|Pressure\n|turn|13\n|\n|t:|1666010256\n|switch|p1a: The Zookeeper|Chansey, F|100\/100\n|move|p2a: Eternatus|Dynamax Cannon|p1a: The Zookeeper\n|-damage|p1a: The Zookeeper|86\/100\n|\n|-weather|RainDance|[upkeep]\n|upkeep\n|turn|14\n|\n|t:|1666010261\n|move|p2a: Eternatus|Toxic|p1a: The Zookeeper\n|-status|p1a: The Zookeeper|tox\n|move|p1a: The Zookeeper|Thunder Wave|p2a: Eternatus\n|-status|p2a: Eternatus|par\n|\n|-weather|none\n|-damage|p1a: The Zookeeper|80\/100 tox|[from] psn\n|upkeep\n|turn|15\n|\n|t:|1666010275\n|-curestatus|p1a: The Zookeeper|tox|[from] ability: Natural Cure\n|switch|p1a: The Janitor|Ditto|20\/100\n|-transform|p1a: The Janitor|p2a: Eternatus|[from] ability: Imposter\n|-ability|p1a: The Janitor|Pressure\n|move|p2a: Eternatus|Toxic|p1a: The Janitor\n|-immune|p1a: The Janitor\n|\n|upkeep\n|turn|16\n|\n|t:|1666010289\n|move|p1a: The Janitor|Dynamax Cannon|p2a: Eternatus\n|-supereffective|p2a: Eternatus\n|-damage|p2a: Eternatus|43\/100 par\n|move|p2a: Eternatus|Dynamax Cannon|p1a: The Janitor\n|-supereffective|p1a: The Janitor\n|-damage|p1a: The Janitor|0 fnt\n|faint|p1a: The Janitor\n|\n|-heal|p2a: Eternatus|49\/100 par|[from] item: Black Sludge\n|upkeep\n|\n|t:|1666010302\n|switch|p1a: Harambe|Darmanitan-Galar, M|96\/100\n|turn|17\n|inactive|yokobaby has 120 seconds left.\n|inactive|yokobaby has 90 seconds left.\n|inactive|yokobaby has 60 seconds left.\n|\n|t:|1666010405\n|switch|p2a: Kyogre|Kyogre|95\/100\n|-weather|RainDance|[from] ability: Drizzle|[of] p2a: Kyogre\n|move|p1a: Harambe|U-turn|p2a: Kyogre\n|-damage|p2a: Kyogre|69\/100\n|\n|t:|1666010418\n|switch|p1a: The Zookeeper|Chansey, F|80\/100|[from]move: U-turn\n|\n|-weather|RainDance|[upkeep]\n|-heal|p2a: Kyogre|75\/100|[from] item: Leftovers\n|upkeep\n|turn|18\n|\n|t:|1666010426\n|switch|p2a: Eternatus|Eternatus|49\/100 par\n|-ability|p2a: Eternatus|Pressure\n|move|p1a: The Zookeeper|Seismic Toss|p2a: Eternatus\n|-damage|p2a: Eternatus|29\/100 par\n|\n|-weather|RainDance|[upkeep]\n|-heal|p2a: Eternatus|35\/100 par|[from] item: Black Sludge\n|upkeep\n|turn|19\n|inactive|yokobaby has 60 seconds left.\n|\n|t:|1666010442\n|cant|p2a: Eternatus|par\n|move|p1a: The Zookeeper|Seismic Toss|p2a: Eternatus\n|-damage|p2a: Eternatus|14\/100 par\n|\n|-weather|RainDance|[upkeep]\n|-heal|p2a: Eternatus|20\/100 par|[from] item: Black Sludge\n|upkeep\n|turn|20\n|\n|t:|1666010458\n|switch|p1a: Harambe|Darmanitan-Galar, M|96\/100\n|move|p2a: Eternatus|Recover|p2a: Eternatus\n|-heal|p2a: Eternatus|70\/100 par\n|\n|-weather|RainDance|[upkeep]\n|-heal|p2a: Eternatus|77\/100 par|[from] item: Black Sludge\n|upkeep\n|turn|21\n|\n|t:|1666010473\n|move|p1a: Harambe|Earthquake|p2a: Eternatus\n|-supereffective|p2a: Eternatus\n|-damage|p2a: Eternatus|4\/100 par\n|move|p2a: Eternatus|Toxic|p1a: Harambe\n|-status|p1a: Harambe|tox\n|\n|-weather|none\n|-heal|p2a: Eternatus|10\/100 par|[from] item: Black Sludge\n|-damage|p1a: Harambe|90\/100 tox|[from] psn\n|upkeep\n|turn|22\n|\n|t:|1666010502\n|switch|p1a: The Zookeeper|Chansey, F|80\/100\n|switch|p2a: Yveltal|Yveltal|75\/100\n|-ability|p2a: Yveltal|Dark Aura\n|\n|upkeep\n|turn|23\n|\n|t:|1666010512\n|move|p2a: Yveltal|Knock Off|p1a: The Zookeeper\n|-damage|p1a: The Zookeeper|42\/100\n|-enditem|p1a: The Zookeeper|Eviolite|[from] move: Knock Off|[of] p2a: Yveltal\n|move|p1a: The Zookeeper|Thunder Wave|p2a: Yveltal\n|-status|p2a: Yveltal|par\n|\n|upkeep\n|turn|24\n|\n|t:|1666010526\n|move|p1a: The Zookeeper|Soft-Boiled|p1a: The Zookeeper\n|-heal|p1a: The Zookeeper|92\/100\n|cant|p2a: Yveltal|par\n|\n|upkeep\n|turn|25\n|\n|t:|1666010531\n|move|p1a: The Zookeeper|Heal Bell|p1a: The Zookeeper\n|-activate|p1a: The Zookeeper|move: Heal Bell\n|-curestatus|p1: Harambe|tox|[msg]\n|cant|p2a: Yveltal|par\n|\n|upkeep\n|turn|26\n|\n|t:|1666010542\n|switch|p1a: Harambe|Darmanitan-Galar, M|90\/100\n|move|p2a: Yveltal|Knock Off|p1a: Harambe\n|-damage|p1a: Harambe|0 fnt\n|-enditem|p1a: Harambe|Choice Scarf|[from] move: Knock Off|[of] p2a: Yveltal\n|faint|p1a: Harambe\n|\n|upkeep\n|c|\u2606ViBeast19|Oof\n|\n|t:|1666010553\n|switch|p1a: Dead Horse|Calyrex-Shadow|99\/100\n|-ability|p1a: Dead Horse|As One\n|-ability|p1a: Dead Horse|Unnerve\n|turn|27\n|\n|t:|1666010568\n|move|p1a: Dead Horse|Substitute|p1a: Dead Horse\n|-start|p1a: Dead Horse|Substitute\n|-damage|p1a: Dead Horse|74\/100\n|cant|p2a: Yveltal|par\n|\n|-heal|p1a: Dead Horse|80\/100|[from] item: Leftovers\n|upkeep\n|turn|28\n|\n|t:|1666010578\n|move|p1a: Dead Horse|Nasty Plot|p1a: Dead Horse\n|-boost|p1a: Dead Horse|spa|2\n|move|p2a: Yveltal|Roost|p2a: Yveltal\n|-heal|p2a: Yveltal|100\/100 par\n|-singleturn|p2a: Yveltal|move: Roost\n|\n|-heal|p1a: Dead Horse|87\/100|[from] item: Leftovers\n|upkeep\n|turn|29\n|\n|t:|1666010597\n|move|p1a: Dead Horse|Leech Seed|p2a: Yveltal\n|-start|p2a: Yveltal|move: Leech Seed\n|move|p2a: Yveltal|Knock Off|p1a: Dead Horse\n|-supereffective|p1a: Dead Horse\n|-end|p1a: Dead Horse|Substitute\n|\n|-heal|p1a: Dead Horse|93\/100|[from] item: Leftovers\n|-damage|p2a: Yveltal|88\/100 par|[from] Leech Seed|[of] p1a: Dead Horse\n|-heal|p1a: Dead Horse|100\/100|[silent]\n|upkeep\n|turn|30\n|inactive|yokobaby has 90 seconds left.\n|inactive|yokobaby has 60 seconds left.\n|inactive|yokobaby has 30 seconds left.\n|inactive|yokobaby has 20 seconds left.\n|inactive|yokobaby has 15 seconds left.\n|inactive|yokobaby has 10 seconds left.\n|inactive|yokobaby has 5 seconds left.\n|\n|t:|1666010714\n|move|p1a: Dead Horse|Substitute|p1a: Dead Horse\n|-start|p1a: Dead Horse|Substitute\n|-damage|p1a: Dead Horse|75\/100\n|cant|p2a: Yveltal|par\n|\n|-heal|p1a: Dead Horse|82\/100|[from] item: Leftovers\n|-damage|p2a: Yveltal|75\/100 par|[from] Leech Seed|[of] p1a: Dead Horse\n|-heal|p1a: Dead Horse|96\/100|[silent]\n|upkeep\n|turn|31\n|inactive|yokobaby has 15 seconds left this turn.\n|inactive|yokobaby has 10 seconds left.\n|\n|t:|1666010724\n|move|p1a: Dead Horse|Nasty Plot|p1a: Dead Horse\n|-boost|p1a: Dead Horse|spa|2\n|move|p2a: Yveltal|Knock Off|p1a: Dead Horse\n|-supereffective|p1a: Dead Horse\n|-end|p1a: Dead Horse|Substitute\n|\n|-heal|p1a: Dead Horse|100\/100|[from] item: Leftovers\n|-damage|p2a: Yveltal|63\/100 par|[from] Leech Seed|[of] p1a: Dead Horse\n|upkeep\n|turn|32\n|inactive|yokobaby has 20 seconds left this turn.\n|inactive|yokobaby has 15 seconds left.\n|inactive|yokobaby has 10 seconds left.\n|inactive|yokobaby has 5 seconds left.\n|inactive|ViBeast19 has 120 seconds left.\n|\n|t:|1666010771\n|move|p1a: Dead Horse|Substitute|p1a: Dead Horse\n|-start|p1a: Dead Horse|Substitute\n|-damage|p1a: Dead Horse|75\/100\n|cant|p2a: Yveltal|par\n|\n|-heal|p1a: Dead Horse|82\/100|[from] item: Leftovers\n|-damage|p2a: Yveltal|50\/100 par|[from] Leech Seed|[of] p1a: Dead Horse\n|-heal|p1a: Dead Horse|96\/100|[silent]\n|upkeep\n|turn|33\n|inactive|yokobaby has 15 seconds left this turn.\n|inactive|yokobaby has 10 seconds left.\n|inactive|yokobaby has 5 seconds left.\n|-message|yokobaby lost due to inactivity.\n|\n|win|ViBeast19\n|raw|ViBeast19's rating: 1587 &rarr; <strong>1619<\/strong><br \/>(+32 for winning)\n|raw|yokobaby's rating: 1840 &rarr; <strong>1808<\/strong><br \/>(-32 for losing)\n|l|\u2606yokobaby\n||Ladder isn't responding, score probably updated but might not have (Request timeout).\n","uploadtime":1666010801,"views":3,"p1id":"vibeast19","p2id":"yokobaby","formatid":"gen8anythinggoes","rating":1619,"private":0,"password":null}