{"id":"gen8ou-1673129232","p1":"dreadnoughturgot","p2":"LT94JE Allistair","format":"gen8ou","log":"|j|\u2606dreadnoughturgot\n|j|\u2606LT94JE Allistair\n|t:|1664437097\n|gametype|singles\n|player|p1|dreadnoughturgot|2|1761\n|player|p2|LT94JE Allistair|2|1734\n|teamsize|p1|6\n|teamsize|p2|6\n|gen|8\n|tier|[Gen 8] OU\n|rated|\n|rule|Sleep Clause Mod: Limit one foe put to sleep\n|rule|Species Clause: Limit one of each Pok\u00e9mon\n|rule|OHKO Clause: OHKO moves are banned\n|rule|Evasion Items Clause: Evasion items are banned\n|rule|Evasion Moves Clause: Evasion moves are banned\n|rule|Endless Battle Clause: Forcing endless battles is banned\n|rule|HP Percentage Mod: HP is shown in percentages\n|rule|Dynamax Clause: You cannot dynamax\n|clearpoke\n|poke|p1|Zapdos|\n|poke|p1|Weavile, F|\n|poke|p1|Kartana|\n|poke|p1|Landorus-Therian, M|\n|poke|p1|Volcanion|\n|poke|p1|Melmetal|\n|poke|p2|Mew|\n|poke|p2|Slurpuff, M|\n|poke|p2|Jirachi|\n|poke|p2|Vanilluxe, M|\n|poke|p2|Weavile, F|\n|poke|p2|Ninetales-Alola, F|\n|teampreview\n|inactive|Battle timer is ON: inactive players will automatically lose when time's up. (requested by dreadnoughturgot)\n|\n|t:|1664437110\n|start\n|switch|p1a: Kartana|Kartana|100\/100\n|switch|p2a: Slurpuff|Slurpuff, M|100\/100\n|turn|1\n|inactive|LT94JE Allistair has 120 seconds left.\n|inactive|dreadnoughturgot has 120 seconds left.\n|\n|t:|1664437149\n|switch|p1a: Volcanion|Volcanion|100\/100\n|move|p2a: Slurpuff|Sticky Web|p1a: Volcanion\n|-sidestart|p1: dreadnoughturgot|move: Sticky Web\n|\n|upkeep\n|turn|2\n|inactive|LT94JE Allistair has 120 seconds left.\n|inactive|dreadnoughturgot has 120 seconds left.\n|\n|t:|1664437164\n|move|p2a: Slurpuff|Yawn|p1a: Volcanion\n|-start|p1a: Volcanion|move: Yawn|[of] p2a: Slurpuff\n|move|p1a: Volcanion|Steam Eruption|p2a: Slurpuff\n|-enditem|p2a: Slurpuff|Focus Sash\n|-damage|p2a: Slurpuff|1\/100\n|\n|upkeep\n|turn|3\n|inactive|LT94JE Allistair has 120 seconds left.\n|inactive|dreadnoughturgot has 120 seconds left.\n|c|\u2606dreadnoughturgot|cool team pal\n|inactive|LT94JE Allistair has 90 seconds left.\n|c|\u2606LT94JE Allistair|thanks  xD\n|j| Malanaki\n|inactive|LT94JE Allistair has 60 seconds left.\n|c|\u2606LT94JE Allistair|i think next game i have a talonflame\n|c|\u2606LT94JE Allistair|or aerodactyl xD\n|\n|t:|1664437246\n|switch|p1a: Melmetal|Melmetal|100\/100\n|-activate|p1a: Melmetal|move: Sticky Web\n|-unboost|p1a: Melmetal|spe|1\n|move|p2a: Slurpuff|Misty Explosion|p1a: Melmetal\n|-resisted|p1a: Melmetal\n|-damage|p1a: Melmetal|82\/100\n|faint|p2a: Slurpuff\n|\n|upkeep\n|\n|t:|1664437256\n|switch|p2a: Vanilluxe|Vanilluxe, M|100\/100\n|-weather|Hail|[from] ability: Snow Warning|[of] p2a: Vanilluxe\n|turn|4\n|c|\u2606dreadnoughturgot|could you plz share me this team after this game\uff1f\n|c|\u2606dreadnoughturgot|i like it very much\n|inactive|dreadnoughturgot has 120 seconds left.\n|c|\u2606LT94JE Allistair|i generlly never share my teams\n|c|\u2606dreadnoughturgot|i ll share mine too\n|c|\u2606dreadnoughturgot|wow \uff0cpity\n|c|\u2606LT94JE Allistair|but it should not be hard to rebuild it\n|\n|t:|1664437295\n|move|p2a: Vanilluxe|Aurora Veil|p2a: Vanilluxe\n|-sidestart|p2: LT94JE Allistair|move: Aurora Veil\n|move|p1a: Melmetal|Double Iron Bash|p2a: Vanilluxe\n|-supereffective|p2a: Vanilluxe\n|-damage|p2a: Vanilluxe|12\/100\n|-supereffective|p2a: Vanilluxe\n|-damage|p2a: Vanilluxe|0 fnt\n|faint|p2a: Vanilluxe\n|-hitcount|p2: Vanilluxe|2\n|\n|-weather|Hail|[upkeep]\n|-damage|p1a: Melmetal|76\/100|[from] Hail\n|upkeep\n|j| Mel0nL0rd\n|c|\u2606LT94JE Allistair|nothing personal\n|j| wdz999\n|l| wdz999\n|c|\u2606dreadnoughturgot|Mel0nL0rd \uff0c hi\n|\n|t:|1664437315\n|switch|p2a: Jirachi|Jirachi|100\/100\n|turn|5\n|c| Mel0nL0rd|Hiya\n|c|\u2606dreadnoughturgot|see you again\n|c| Mel0nL0rd|Lol\n|\n|t:|1664437327\n|switch|p1a: Volcanion|Volcanion|100\/100\n|-activate|p1a: Volcanion|move: Sticky Web\n|-unboost|p1a: Volcanion|spe|1\n|move|p2a: Jirachi|Cosmic Power|p2a: Jirachi\n|-boost|p2a: Jirachi|def|1\n|-boost|p2a: Jirachi|spd|1\n|\n|-weather|Hail|[upkeep]\n|-damage|p2a: Jirachi|94\/100|[from] Hail\n|-damage|p1a: Volcanion|95\/100|[from] Hail\n|upkeep\n|turn|6\n|\n|t:|1664437334\n|move|p2a: Jirachi|Cosmic Power|p2a: Jirachi\n|-boost|p2a: Jirachi|def|1\n|-boost|p2a: Jirachi|spd|1\n|move|p1a: Volcanion|Flamethrower|p2a: Jirachi\n|-supereffective|p2a: Jirachi\n|-damage|p2a: Jirachi|53\/100\n|-enditem|p2a: Jirachi|Weakness Policy\n|-boost|p2a: Jirachi|atk|2|[from] item: Weakness Policy\n|-boost|p2a: Jirachi|spa|2|[from] item: Weakness Policy\n|\n|-weather|Hail|[upkeep]\n|-damage|p2a: Jirachi|47\/100|[from] Hail\n|-damage|p1a: Volcanion|89\/100|[from] Hail\n|upkeep\n|turn|7\n|c|\u2606dreadnoughturgot|wow\n|inactive|dreadnoughturgot has 90 seconds left.\n|\n|t:|1664437371\n|move|p2a: Jirachi|Stored Power|p1a: Volcanion\n|-crit|p1a: Volcanion\n|-damage|p1a: Volcanion|0 fnt\n|faint|p1a: Volcanion\n|\n|-weather|Hail|[upkeep]\n|-damage|p2a: Jirachi|41\/100|[from] Hail\n|upkeep\n|\n|t:|1664437377\n|switch|p1a: Melmetal|Melmetal|76\/100\n|-activate|p1a: Melmetal|move: Sticky Web\n|-unboost|p1a: Melmetal|spe|1\n|turn|8\n|inactive|dreadnoughturgot has 90 seconds left.\n|\n|t:|1664437388\n|switch|p1a: Landorus|Landorus-Therian, M|100\/100\n|-ability|p1a: Landorus|Intimidate|boost\n|-unboost|p2a: Jirachi|atk|1\n|move|p2a: Jirachi|Aura Sphere|p1a: Landorus\n|-resisted|p1a: Landorus\n|-damage|p1a: Landorus|85\/100\n|\n|-weather|none\n|-heal|p1a: Landorus|91\/100|[from] item: Leftovers\n|upkeep\n|turn|9\n|inactive|dreadnoughturgot has 90 seconds left.\n|\n|t:|1664437400\n|move|p2a: Jirachi|Wish|p2a: Jirachi\n|move|p1a: Landorus|Defog|p2a: Jirachi\n|-unboost|p2a: Jirachi|evasion|1\n|-sideend|p2: LT94JE Allistair|move: Aurora Veil\n|-sideend|p1: dreadnoughturgot|Sticky Web|[from] move: Defog|[of] p1a: Landorus\n|\n|-heal|p1a: Landorus|97\/100|[from] item: Leftovers\n|upkeep\n|turn|10\n|\n|t:|1664437406\n|move|p2a: Jirachi|Stored Power|p1a: Landorus\n|-damage|p1a: Landorus|0 fnt\n|faint|p1a: Landorus\n|\n|-heal|p2a: Jirachi|91\/100|[from] move: Wish|[wisher] Jirachi\n|upkeep\n|\n|t:|1664437412\n|switch|p1a: Weavile|Weavile, F|100\/100\n|turn|11\n|\n|t:|1664437415\n|move|p1a: Weavile|Beat Up|p2a: Jirachi\n|-supereffective|p2a: Jirachi\n|-damage|p2a: Jirachi|79\/100\n|-supereffective|p2a: Jirachi\n|-damage|p2a: Jirachi|70\/100\n|-supereffective|p2a: Jirachi\n|-damage|p2a: Jirachi|57\/100\n|-supereffective|p2a: Jirachi\n|-damage|p2a: Jirachi|41\/100\n|-hitcount|p2a: Jirachi|4\n|move|p2a: Jirachi|Aura Sphere|p1a: Weavile\n|-supereffective|p1a: Weavile\n|-damage|p1a: Weavile|0 fnt\n|faint|p1a: Weavile\n|\n|upkeep\n|inactive|dreadnoughturgot has 90 seconds left.\n|\n|t:|1664437442\n|switch|p1a: Zapdos|Zapdos|100\/100\n|turn|12\n|\n|t:|1664437446\n|move|p2a: Jirachi|Stored Power|p1a: Zapdos\n|-damage|p1a: Zapdos|0 fnt\n|faint|p1a: Zapdos\n|\n|upkeep\n|\n|t:|1664437457\n|switch|p1a: Melmetal|Melmetal|76\/100\n|turn|13\n|\n|t:|1664437459\n|move|p2a: Jirachi|Aura Sphere|p1a: Melmetal\n|-supereffective|p1a: Melmetal\n|-damage|p1a: Melmetal|0 fnt\n|faint|p1a: Melmetal\n|\n|upkeep\n|\n|t:|1664437462\n|switch|p1a: Kartana|Kartana|100\/100\n|turn|14\n|\n|t:|1664437466\n|move|p1a: Kartana|Knock Off|p2a: Jirachi\n|-supereffective|p2a: Jirachi\n|-damage|p2a: Jirachi|14\/100\n|move|p2a: Jirachi|Stored Power|p1a: Kartana\n|-resisted|p1a: Kartana\n|-damage|p1a: Kartana|0 fnt\n|faint|p1a: Kartana\n|\n|win|LT94JE Allistair\n|raw|dreadnoughturgot's rating: 1761 &rarr; <strong>1739<\/strong><br \/>(-22 for losing)\n|raw|LT94JE Allistair's rating: 1734 &rarr; <strong>1756<\/strong><br \/>(+22 for winning)\n|c|\u2606dreadnoughturgot|gg\n|c|\u2606LT94JE Allistair|gg\n|c|\u2606dreadnoughturgot|good team pal\n|c|\u2606LT94JE Allistair|thanks xD\n","uploadtime":1664437481,"views":16,"p1id":"dreadnoughturgot","p2id":"lt94jeallistair","formatid":"gen8ou","rating":1739,"private":0,"password":null}