{"id":"gen8uu-1614850121","p1":"YellowHoodPanda","p2":"TheonReekGreyjoy","format":"gen8uu","log":"|j|\u2606YellowHoodPanda\n|j|\u2606TheonReekGreyjoy\n|t:|1657530897\n|gametype|singles\n|player|p1|YellowHoodPanda|steven|1470\n|player|p2|TheonReekGreyjoy|266|1577\n|teamsize|p1|6\n|teamsize|p2|6\n|gen|8\n|tier|[Gen 8] UU\n|rated|\n|rule|Sleep Clause Mod: Limit one foe put to sleep\n|rule|Species Clause: Limit one of each Pok\u00e9mon\n|rule|OHKO Clause: OHKO moves are banned\n|rule|Evasion Moves Clause: Evasion moves are banned\n|rule|Endless Battle Clause: Forcing endless battles is banned\n|rule|HP Percentage Mod: HP is shown in percentages\n|rule|Dynamax Clause: You cannot dynamax\n|clearpoke\n|poke|p1|Torkoal, M|\n|poke|p1|Venusaur, F|\n|poke|p1|Ninetales, F|\n|poke|p1|Thundurus-Therian, M|\n|poke|p1|Darmanitan, M|\n|poke|p1|Conkeldurr, F|\n|poke|p2|Amoonguss, M|\n|poke|p2|Politoed, M|\n|poke|p2|Kingdra, F|\n|poke|p2|Thundurus-Therian, M|\n|poke|p2|Excadrill, M|\n|poke|p2|Blastoise, F|\n|teampreview\n|c|\u2606YellowHoodPanda|Gl hf\n|\n|t:|1657530985\n|start\n|switch|p1a: Conkeldurr|Conkeldurr, F|100\/100\n|switch|p2a: Excadrill|Excadrill, M|100\/100\n|-ability|p2a: Excadrill|Mold Breaker\n|turn|1\n|inactive|Battle timer is ON: inactive players will automatically lose when time's up. (requested by TheonReekGreyjoy)\n|\n|t:|1657531027\n|switch|p2a: Amoonguss|Amoonguss, M|100\/100\n|move|p1a: Conkeldurr|Drain Punch|p2a: Amoonguss\n|-resisted|p2a: Amoonguss\n|-damage|p2a: Amoonguss|84\/100\n|-enditem|p2a: Amoonguss|Eject Button\n|\n|t:|1657531039\n|switch|p2a: Kingdra|Kingdra, F|100\/100\n|\n|-status|p1a: Conkeldurr|brn|[from] item: Flame Orb\n|upkeep\n|turn|2\n|\n|t:|1657531046\n|move|p2a: Kingdra|Flip Turn|p1a: Conkeldurr\n|-damage|p1a: Conkeldurr|84\/100 brn\n|\n|t:|1657531050\n|switch|p2a: Amoonguss|Amoonguss, M|100\/100|[from]move: Flip Turn\n|move|p1a: Conkeldurr|Drain Punch|p2a: Amoonguss\n|-resisted|p2a: Amoonguss\n|-damage|p2a: Amoonguss|77\/100\n|-heal|p1a: Conkeldurr|97\/100 brn|[from] drain|[of] p2a: Amoonguss\n|\n|-damage|p1a: Conkeldurr|91\/100 brn|[from] brn\n|upkeep\n|turn|3\n|\n|t:|1657531063\n|move|p1a: Conkeldurr|Knock Off|p2a: Amoonguss\n|-damage|p2a: Amoonguss|51\/100\n|move|p2a: Amoonguss|Sludge Bomb|p1a: Conkeldurr\n|-damage|p1a: Conkeldurr|60\/100 brn\n|\n|-damage|p1a: Conkeldurr|54\/100 brn|[from] brn\n|upkeep\n|turn|4\n|\n|t:|1657531073\n|switch|p1a: Ninetales|Ninetales, F|100\/100\n|-weather|SunnyDay|[from] ability: Drought|[of] p1a: Ninetales\n|switch|p2a: Excadrill|Excadrill, M|100\/100\n|-ability|p2a: Excadrill|Mold Breaker\n|\n|-weather|SunnyDay|[upkeep]\n|upkeep\n|turn|5\n|\n|t:|1657531085\n|switch|p2a: Politoed|Politoed, M|100\/100\n|-weather|RainDance|[from] ability: Drizzle|[of] p2a: Politoed\n|move|p1a: Ninetales|Fire Blast|p2a: Politoed\n|-resisted|p2a: Politoed\n|-damage|p2a: Politoed|84\/100\n|-status|p2a: Politoed|brn\n|\n|-weather|RainDance|[upkeep]\n|-damage|p2a: Politoed|78\/100 brn|[from] brn\n|upkeep\n|turn|6\n|\n|t:|1657531097\n|switch|p1a: Torkoal|Torkoal, M|100\/100\n|-weather|SunnyDay|[from] ability: Drought|[of] p1a: Torkoal\n|move|p2a: Politoed|Scald|p1a: Torkoal\n|-supereffective|p1a: Torkoal\n|-damage|p1a: Torkoal|53\/100\n|\n|-weather|SunnyDay|[upkeep]\n|-damage|p2a: Politoed|72\/100 brn|[from] brn\n|upkeep\n|turn|7\n|\n|t:|1657531108\n|switch|p2a: Excadrill|Excadrill, M|100\/100\n|-ability|p2a: Excadrill|Mold Breaker\n|move|p1a: Torkoal|Stealth Rock|p2a: Excadrill\n|-sidestart|p2: TheonReekGreyjoy|move: Stealth Rock\n|\n|-weather|SunnyDay|[upkeep]\n|upkeep\n|turn|8\n|\n|t:|1657531117\n|switch|p1a: Thundurus|Thundurus-Therian, M|100\/100\n|move|p2a: Excadrill|Stealth Rock|p1a: Thundurus\n|-sidestart|p1: YellowHoodPanda|move: Stealth Rock\n|\n|-weather|SunnyDay|[upkeep]\n|upkeep\n|turn|9\n|\n|t:|1657531125\n|move|p1a: Thundurus|Weather Ball|p2a: Excadrill\n|-supereffective|p2a: Excadrill\n|-damage|p2a: Excadrill|7\/100\n|move|p2a: Excadrill|Rapid Spin|p1a: Thundurus\n|-damage|p1a: Thundurus|76\/100\n|-boost|p2a: Excadrill|spe|1\n|-sideend|p2: TheonReekGreyjoy|Stealth Rock|[from] move: Rapid Spin|[of] p2a: Excadrill\n|\n|-weather|SunnyDay|[upkeep]\n|-heal|p2a: Excadrill|13\/100|[from] item: Leftovers\n|upkeep\n|turn|10\n|\n|t:|1657531140\n|move|p1a: Thundurus|Weather Ball|p2a: Excadrill\n|-supereffective|p2a: Excadrill\n|-damage|p2a: Excadrill|0 fnt\n|faint|p2a: Excadrill\n|\n|-weather|SunnyDay|[upkeep]\n|upkeep\n|j| ajisawesome222\n|\n|t:|1657531152\n|switch|p2a: Kingdra|Kingdra, F|100\/100\n|turn|11\n|inactive|YellowHoodPanda has 120 seconds left.\n|\n|t:|1657531185\n|switch|p1a: Venusaur|Venusaur, F|100\/100\n|-damage|p1a: Venusaur|88\/100|[from] Stealth Rock\n|move|p2a: Kingdra|Draco Meteor|p1a: Venusaur\n|-damage|p1a: Venusaur|0 fnt\n|-unboost|p2a: Kingdra|spa|2\n|faint|p1a: Venusaur\n|\n|-weather|SunnyDay|[upkeep]\n|upkeep\n|inactive|YellowHoodPanda has 120 seconds left.\n|\n|t:|1657531200\n|switch|p1a: Conkeldurr|Conkeldurr, F|54\/100 brn\n|-damage|p1a: Conkeldurr|48\/100 brn|[from] Stealth Rock\n|turn|12\n|inactive|YellowHoodPanda has 120 seconds left.\n|\n|t:|1657531207\n|switch|p2a: Amoonguss|Amoonguss, M|84\/100\n|move|p1a: Conkeldurr|Defog|p2a: Amoonguss\n|-unboost|p2a: Amoonguss|evasion|1\n|-sideend|p1: YellowHoodPanda|Stealth Rock|[from] move: Defog|[of] p1a: Conkeldurr\n|\n|-weather|SunnyDay|[upkeep]\n|-damage|p1a: Conkeldurr|42\/100 brn|[from] brn\n|upkeep\n|turn|13\n|inactive|YellowHoodPanda has 120 seconds left.\n|\n|t:|1657531218\n|move|p1a: Conkeldurr|Drain Punch|p2a: Amoonguss\n|-resisted|p2a: Amoonguss\n|-damage|p2a: Amoonguss|60\/100\n|-heal|p1a: Conkeldurr|55\/100 brn|[from] drain|[of] p2a: Amoonguss\n|move|p2a: Amoonguss|Sludge Bomb|p1a: Conkeldurr\n|-damage|p1a: Conkeldurr|25\/100 brn\n|\n|-weather|none\n|-damage|p1a: Conkeldurr|19\/100 brn|[from] brn\n|upkeep\n|turn|14\n|inactive|YellowHoodPanda has 120 seconds left.\n|\n|t:|1657531229\n|move|p1a: Conkeldurr|Drain Punch|p2a: Amoonguss\n|-resisted|p2a: Amoonguss\n|-damage|p2a: Amoonguss|35\/100\n|-heal|p1a: Conkeldurr|32\/100 brn|[from] drain|[of] p2a: Amoonguss\n|move|p2a: Amoonguss|Sludge Bomb|p1a: Conkeldurr\n|-damage|p1a: Conkeldurr|2\/100 brn\n|\n|-damage|p1a: Conkeldurr|0 fnt|[from] brn\n|faint|p1a: Conkeldurr\n|upkeep\n|inactive|YellowHoodPanda has 120 seconds left.\n|\n|t:|1657531246\n|switch|p1a: Thundurus|Thundurus-Therian, M|76\/100\n|turn|15\n|\n|t:|1657531258\n|move|p1a: Thundurus|Volt Switch|p2a: Amoonguss\n|-resisted|p2a: Amoonguss\n|-damage|p2a: Amoonguss|16\/100\n|\n|t:|1657531263\n|switch|p1a: Torkoal|Torkoal, M|53\/100|[from]move: Volt Switch\n|-weather|SunnyDay|[from] ability: Drought|[of] p1a: Torkoal\n|move|p2a: Amoonguss|Sludge Bomb|p1a: Torkoal\n|-damage|p1a: Torkoal|17\/100\n|\n|-weather|SunnyDay|[upkeep]\n|upkeep\n|turn|16\n|\n|t:|1657531275\n|move|p2a: Amoonguss|Spore|p1a: Torkoal\n|-status|p1a: Torkoal|slp|[from] move: Spore\n|cant|p1a: Torkoal|slp\n|\n|-weather|SunnyDay|[upkeep]\n|upkeep\n|turn|17\n|\n|t:|1657531288\n|switch|p2a: Kingdra|Kingdra, F|100\/100\n|switch|p1a: Ninetales|Ninetales, F|100\/100\n|\n|-weather|SunnyDay|[upkeep]\n|upkeep\n|turn|18\n|inactive|YellowHoodPanda has 120 seconds left.\n|\n|t:|1657531304\n|switch|p1a: Torkoal|Torkoal, M|17\/100 slp\n|move|p2a: Kingdra|Flip Turn|p1a: Torkoal\n|-supereffective|p1a: Torkoal\n|-damage|p1a: Torkoal|7\/100 slp\n|\n|t:|1657531309\n|switch|p2a: Blastoise|Blastoise, F|100\/100|[from]move: Flip Turn\n|\n|-weather|SunnyDay|[upkeep]\n|upkeep\n|turn|19\n|inactive|YellowHoodPanda has 120 seconds left.\n|\n|t:|1657531317\n|switch|p1a: Thundurus|Thundurus-Therian, M|76\/100\n|move|p2a: Blastoise|Shell Smash|p2a: Blastoise\n|-unboost|p2a: Blastoise|def|1\n|-unboost|p2a: Blastoise|spd|1\n|-boost|p2a: Blastoise|atk|2\n|-boost|p2a: Blastoise|spa|2\n|-boost|p2a: Blastoise|spe|2\n|-enditem|p2a: Blastoise|White Herb\n|-clearnegativeboost|p2a: Blastoise|[silent]\n|\n|-weather|SunnyDay|[upkeep]\n|upkeep\n|turn|20\n|inactive|YellowHoodPanda has 120 seconds left.\n|\n|t:|1657531329\n|move|p2a: Blastoise|Ice Beam|p1a: Thundurus\n|-supereffective|p1a: Thundurus\n|-damage|p1a: Thundurus|0 fnt\n|faint|p1a: Thundurus\n|\n|-weather|SunnyDay|[upkeep]\n|upkeep\n|inactive|YellowHoodPanda has 120 seconds left.\n|c|\u2606YellowHoodPanda|Gg man\n|-message|YellowHoodPanda forfeited.\n|\n|win|TheonReekGreyjoy\n|raw|YellowHoodPanda's rating: 1470 &rarr; <strong>1456<\/strong><br \/>(-14 for losing)\n|raw|TheonReekGreyjoy's rating: 1577 &rarr; <strong>1591<\/strong><br \/>(+14 for winning)\n|c|\u2606TheonReekGreyjoy|gg\n","uploadtime":1657531347,"views":17,"p1id":"yellowhoodpanda","p2id":"theonreekgreyjoy","formatid":"gen8uu","rating":1456,"private":0,"password":null}