{"id":"gen8ou-1252567686","p1":"SuperTheoryBros","p2":"StinkyAssFartsMan","format":"gen8ou","log":"|html|<div class=\"broadcast-blue\"><strong>[Gen 8] OU is currently suspecting Urshifu-S! For information on how to participate check out the <a href=\"https:\/\/www.smogon.com\/forums\/threads\/np-ss-ou-suspect-process-round-8-aint-no-rest-for-the-wicked.3675310\/\">suspect thread<\/a>.<\/strong><\/div>\n|j|\u2606SuperTheoryBros\n|j|\u2606StinkyAssFartsMan\n|t:|1609289593\n|player|p1|SuperTheoryBros|101|1706\n|player|p2|StinkyAssFartsMan|acerola|1695\n|teamsize|p1|6\n|teamsize|p2|6\n|gametype|singles\n|gen|8\n|tier|[Gen 8] OU\n|rated|\n|clearpoke\n|poke|p1|Pelipper, M|\n|poke|p1|Tornadus-Therian, M|\n|poke|p1|Seismitoad, M|\n|poke|p1|Dhelmise|\n|poke|p1|Magearna|\n|poke|p1|Blissey, F|\n|poke|p2|Xatu, F|\n|poke|p2|Heatran, M|\n|poke|p2|Torkoal, F|\n|poke|p2|Zarude|\n|poke|p2|Venusaur, F|\n|poke|p2|Darmanitan, F|\n|rule|Sleep Clause Mod: Limit one foe put to sleep\n|rule|Species Clause: Limit one of each Pok\u00e9mon\n|rule|OHKO Clause: OHKO moves are banned\n|rule|Evasion Moves Clause: Evasion moves are banned\n|rule|Endless Battle Clause: Forcing endless battles is banned\n|rule|HP Percentage Mod: HP is shown in percentages\n|rule|Dynamax Clause: You cannot dynamax\n|teampreview\n|inactive|Battle timer is ON: inactive players will automatically lose when time's up. (requested by SuperTheoryBros)\n|j| Ojcastillo29\n|l| Ojcastillo29\n|\n|t:|1609289617\n|start\n|switch|p1a: Seismitoad|Seismitoad, M|100\/100\n|switch|p2a: Darmanitan|Darmanitan, F|100\/100\n|turn|1\n|\n|t:|1609289625\n|move|p2a: Darmanitan|U-turn|p1a: Seismitoad\n|-damage|p1a: Seismitoad|69\/100\n|j| Mams.exe\n|\n|t:|1609289628\n|switch|p2a: Xatu|Xatu, F|100\/100|[from]move: U-turn\n|move|p1a: Seismitoad|Knock Off|p2a: Xatu\n|-supereffective|p2a: Xatu\n|-damage|p2a: Xatu|20\/100\n|-enditem|p2a: Xatu|Heavy-Duty Boots|[from] move: Knock Off|[of] p1a: Seismitoad\n|\n|upkeep\n|turn|2\n|\n|t:|1609289639\n|move|p1a: Seismitoad|Knock Off|p2a: Xatu\n|-supereffective|p2a: Xatu\n|-damage|p2a: Xatu|0 fnt\n|faint|p2a: Xatu\n|\n|upkeep\n|\n|t:|1609289642\n|switch|p2a: Zarude|Zarude|100\/100\n|turn|3\n|l| Mams.exe\n|\n|t:|1609289657\n|switch|p1a: Magearna|Magearna|100\/100\n|move|p2a: Zarude|Power Whip|p1a: Magearna\n|-resisted|p1a: Magearna\n|-damage|p1a: Magearna|73\/100\n|\n|upkeep\n|turn|4\n|\n|t:|1609289667\n|move|p1a: Magearna|Volt Switch|p2a: Zarude\n|-resisted|p2a: Zarude\n|-damage|p2a: Zarude|89\/100\n|\n|t:|1609289674\n|switch|p1a: Pelipper|Pelipper, M|100\/100|[from]move: Volt Switch\n|-weather|RainDance|[from] ability: Drizzle|[of] p1a: Pelipper\n|move|p2a: Zarude|U-turn|p1a: Pelipper\n|-resisted|p1a: Pelipper\n|-damage|p1a: Pelipper|92\/100\n|\n|t:|1609289677\n|switch|p2a: Torkoal|Torkoal, F|100\/100|[from]move: U-turn\n|-weather|SunnyDay|[from] ability: Drought|[of] p2a: Torkoal\n|\n|-weather|SunnyDay|[upkeep]\n|upkeep\n|turn|5\n|\n|t:|1609289690\n|switch|p1a: Blissey|Blissey, F|100\/100\n|move|p2a: Torkoal|Stealth Rock|p1a: Blissey\n|-sidestart|p1: SuperTheoryBros|move: Stealth Rock\n|\n|-weather|SunnyDay|[upkeep]\n|upkeep\n|turn|6\n|\n|t:|1609289697\n|move|p1a: Blissey|Stealth Rock|p2a: Torkoal\n|-sidestart|p2: StinkyAssFartsMan|move: Stealth Rock\n|move|p2a: Torkoal|Body Press|p1a: Blissey\n|-supereffective|p1a: Blissey\n|-damage|p1a: Blissey|37\/100\n|\n|-weather|SunnyDay|[upkeep]\n|upkeep\n|turn|7\n|\n|t:|1609289709\n|move|p1a: Blissey|Soft-Boiled|p1a: Blissey\n|-heal|p1a: Blissey|88\/100\n|move|p2a: Torkoal|Rapid Spin|p1a: Blissey\n|-damage|p1a: Blissey|81\/100\n|-boost|p2a: Torkoal|spe|1\n|-sideend|p2: StinkyAssFartsMan|Stealth Rock|[from] move: Rapid Spin|[of] p2a: Torkoal\n|\n|-weather|SunnyDay|[upkeep]\n|upkeep\n|turn|8\n|\n|t:|1609289718\n|move|p1a: Blissey|Stealth Rock|p2a: Torkoal\n|-sidestart|p2: StinkyAssFartsMan|move: Stealth Rock\n|move|p2a: Torkoal|Body Press|p1a: Blissey\n|-supereffective|p1a: Blissey\n|-damage|p1a: Blissey|15\/100\n|\n|-weather|SunnyDay|[upkeep]\n|upkeep\n|turn|9\n|\n|t:|1609289724\n|move|p1a: Blissey|Soft-Boiled|p1a: Blissey\n|-heal|p1a: Blissey|66\/100\n|move|p2a: Torkoal|Rapid Spin|p1a: Blissey\n|-damage|p1a: Blissey|58\/100\n|-boost|p2a: Torkoal|spe|1\n|-sideend|p2: StinkyAssFartsMan|Stealth Rock|[from] move: Rapid Spin|[of] p2a: Torkoal\n|\n|-weather|SunnyDay|[upkeep]\n|upkeep\n|turn|10\n|\n|t:|1609289731\n|switch|p1a: Pelipper|Pelipper, M|92\/100\n|-damage|p1a: Pelipper|68\/100|[from] Stealth Rock\n|-weather|RainDance|[from] ability: Drizzle|[of] p1a: Pelipper\n|move|p2a: Torkoal|Body Press|p1a: Pelipper\n|-resisted|p1a: Pelipper\n|-damage|p1a: Pelipper|56\/100\n|\n|-weather|RainDance|[upkeep]\n|upkeep\n|turn|11\n|\n|t:|1609289744\n|switch|p2a: Zarude|Zarude|89\/100\n|move|p1a: Pelipper|U-turn|p2a: Zarude\n|-supereffective|p2a: Zarude\n|-damage|p2a: Zarude|56\/100\n|\n|t:|1609289754\n|switch|p1a: Tornadus|Tornadus-Therian, M|100\/100|[from]move: U-turn\n|\n|-weather|RainDance|[upkeep]\n|-heal|p2a: Zarude|62\/100|[from] item: Leftovers\n|upkeep\n|turn|12\n|\n|t:|1609289774\n|switch|p2a: Torkoal|Torkoal, F|100\/100\n|-weather|SunnyDay|[from] ability: Drought|[of] p2a: Torkoal\n|move|p1a: Tornadus|Hurricane|p2a: Torkoal\n|-damage|p2a: Torkoal|34\/100\n|\n|-weather|SunnyDay|[upkeep]\n|upkeep\n|turn|13\n|\n|t:|1609289787\n|switch|p2a: Heatran|Heatran, M|100\/100\n|move|p1a: Tornadus|Focus Blast|p2a: Heatran\n|-supereffective|p2a: Heatran\n|-damage|p2a: Heatran|24\/100\n|\n|-weather|SunnyDay|[upkeep]\n|upkeep\n|turn|14\n|\n|t:|1609289798\n|switch|p1a: Blissey|Blissey, F|58\/100\n|move|p2a: Heatran|Fire Blast|p1a: Blissey|[miss]\n|-miss|p2a: Heatran|p1a: Blissey\n|\n|-weather|SunnyDay|[upkeep]\n|upkeep\n|turn|15\n|j| Vessev\n|\n|t:|1609289817\n|move|p2a: Heatran|Fire Blast|p1a: Blissey|[miss]\n|-miss|p2a: Heatran|p1a: Blissey\n|move|p1a: Blissey|Stealth Rock|p2a: Heatran\n|-sidestart|p2: StinkyAssFartsMan|move: Stealth Rock\n|\n|-weather|SunnyDay|[upkeep]\n|upkeep\n|turn|16\n|\n|t:|1609289823\n|switch|p2a: Zarude|Zarude|62\/100\n|-damage|p2a: Zarude|50\/100|[from] Stealth Rock\n|move|p1a: Blissey|Soft-Boiled|p1a: Blissey\n|-heal|p1a: Blissey|100\/100\n|\n|-weather|SunnyDay|[upkeep]\n|-heal|p2a: Zarude|56\/100|[from] item: Leftovers\n|upkeep\n|turn|17\n|\n|t:|1609289834\n|switch|p1a: Magearna|Magearna|73\/100\n|-damage|p1a: Magearna|67\/100|[from] Stealth Rock\n|move|p2a: Zarude|Power Whip|p1a: Magearna\n|-resisted|p1a: Magearna\n|-damage|p1a: Magearna|35\/100\n|\n|-weather|SunnyDay|[upkeep]\n|-heal|p2a: Zarude|62\/100|[from] item: Leftovers\n|upkeep\n|turn|18\n|\n|t:|1609289853\n|switch|p2a: Heatran|Heatran, M|24\/100\n|-damage|p2a: Heatran|12\/100|[from] Stealth Rock\n|move|p1a: Magearna|Fleur Cannon|p2a: Heatran\n|-resisted|p2a: Heatran\n|-damage|p2a: Heatran|0 fnt\n|-unboost|p1a: Magearna|spa|2\n|faint|p2a: Heatran\n|-ability|p1a: Magearna|Soul-Heart|boost\n|-boost|p1a: Magearna|spa|1\n|\n|-weather|SunnyDay|[upkeep]\n|upkeep\n|\n|t:|1609289858\n|switch|p2a: Venusaur|Venusaur, F|100\/100\n|-damage|p2a: Venusaur|88\/100|[from] Stealth Rock\n|turn|19\n|\n|t:|1609289870\n|switch|p1a: Pelipper|Pelipper, M|56\/100\n|-damage|p1a: Pelipper|31\/100|[from] Stealth Rock\n|-weather|RainDance|[from] ability: Drizzle|[of] p1a: Pelipper\n|move|p2a: Venusaur|Growth|p2a: Venusaur\n|-boost|p2a: Venusaur|atk|1\n|-boost|p2a: Venusaur|spa|1\n|\n|-weather|RainDance|[upkeep]\n|upkeep\n|turn|20\n|inactive|SuperTheoryBros has 120 seconds left.\n|\n|t:|1609289917\n|switch|p1a: Magearna|Magearna|35\/100\n|-damage|p1a: Magearna|29\/100|[from] Stealth Rock\n|move|p2a: Venusaur|Sludge Bomb|p1a: Magearna\n|-immune|p1a: Magearna\n|\n|-weather|RainDance|[upkeep]\n|upkeep\n|turn|21\n|\n|t:|1609289929\n|move|p1a: Magearna|Trick|p2a: Venusaur\n|-activate|p1a: Magearna|move: Trick|[of] p2a: Venusaur\n|-item|p2a: Venusaur|Choice Scarf|[from] move: Trick\n|-item|p1a: Magearna|Life Orb|[from] move: Trick\n|move|p2a: Venusaur|Weather Ball|p1a: Magearna\n|-damage|p1a: Magearna|0 fnt\n|faint|p1a: Magearna\n|\n|-weather|RainDance|[upkeep]\n|upkeep\n|inactive|SuperTheoryBros has 90 seconds left.\n|\n|t:|1609289948\n|switch|p1a: Blissey|Blissey, F|100\/100\n|turn|22\n|inactive|SuperTheoryBros has 90 seconds left.\n|\n|t:|1609289963\n|switch|p2a: Zarude|Zarude|62\/100\n|-damage|p2a: Zarude|50\/100|[from] Stealth Rock\n|move|p1a: Blissey|Shadow Ball|p2a: Zarude\n|-resisted|p2a: Zarude\n|-damage|p2a: Zarude|43\/100\n|\n|-weather|RainDance|[upkeep]\n|-heal|p2a: Zarude|49\/100|[from] item: Leftovers\n|upkeep\n|turn|23\n|\n|t:|1609289973\n|switch|p1a: Tornadus|Tornadus-Therian, M|100\/100\n|move|p2a: Zarude|Darkest Lariat|p1a: Tornadus\n|-damage|p1a: Tornadus|43\/100\n|\n|-weather|RainDance|[upkeep]\n|-heal|p2a: Zarude|55\/100|[from] item: Leftovers\n|upkeep\n|turn|24\n|inactive|StinkyAssFartsMan has 120 seconds left.\n|\n|t:|1609290012\n|switch|p2a: Torkoal|Torkoal, F|34\/100\n|-damage|p2a: Torkoal|9\/100|[from] Stealth Rock\n|-weather|SunnyDay|[from] ability: Drought|[of] p2a: Torkoal\n|move|p1a: Tornadus|Hurricane|p2a: Torkoal|[miss]\n|-miss|p1a: Tornadus|p2a: Torkoal\n|\n|-weather|SunnyDay|[upkeep]\n|upkeep\n|turn|25\n|inactive|StinkyAssFartsMan has 120 seconds left.\n|\n|t:|1609290026\n|switch|p2a: Darmanitan|Darmanitan, F|100\/100\n|-damage|p2a: Darmanitan|76\/100|[from] Stealth Rock\n|move|p1a: Tornadus|Weather Ball|p2a: Darmanitan\n|-resisted|p2a: Darmanitan\n|-damage|p2a: Darmanitan|37\/100\n|\n|-weather|SunnyDay|[upkeep]\n|upkeep\n|turn|26\n|\n|t:|1609290037\n|switch|p1a: Pelipper|Pelipper, M|31\/100\n|-damage|p1a: Pelipper|6\/100|[from] Stealth Rock\n|-weather|RainDance|[from] ability: Drizzle|[of] p1a: Pelipper\n|move|p2a: Darmanitan|Flare Blitz|p1a: Pelipper\n|-resisted|p1a: Pelipper\n|-damage|p1a: Pelipper|0 fnt\n|-damage|p2a: Darmanitan|36\/100|[from] Recoil\n|faint|p1a: Pelipper\n|\n|-weather|RainDance|[upkeep]\n|upkeep\n|inactive|SuperTheoryBros has 90 seconds left.\n|inactive|SuperTheoryBros has 60 seconds left.\n|\n|t:|1609290079\n|switch|p1a: Seismitoad|Seismitoad, M|69\/100\n|-damage|p1a: Seismitoad|63\/100|[from] Stealth Rock\n|turn|27\n|inactive|SuperTheoryBros has 60 seconds left.\n|\n|t:|1609290094\n|switch|p2a: Torkoal|Torkoal, F|9\/100\n|-damage|p2a: Torkoal|0 fnt|[from] Stealth Rock\n|faint|p2a: Torkoal\n|move|p1a: Seismitoad|Ice Punch|p2: Torkoal|[notarget]\n|-fail|p1a: Seismitoad\n|\n|-weather|RainDance|[upkeep]\n|upkeep\n|\n|t:|1609290110\n|switch|p2a: Darmanitan|Darmanitan, F|36\/100\n|-damage|p2a: Darmanitan|11\/100|[from] Stealth Rock\n|turn|28\n|\n|t:|1609290115\n|move|p1a: Seismitoad|Ice Punch|p2a: Darmanitan\n|-resisted|p2a: Darmanitan\n|-damage|p2a: Darmanitan|0 fnt\n|faint|p2a: Darmanitan\n|\n|-weather|RainDance|[upkeep]\n|upkeep\n|\n|t:|1609290118\n|switch|p2a: Venusaur|Venusaur, F|88\/100\n|-damage|p2a: Venusaur|76\/100|[from] Stealth Rock\n|turn|29\n|\n|t:|1609290124\n|move|p1a: Seismitoad|Ice Punch|p2a: Venusaur\n|-supereffective|p2a: Venusaur\n|-damage|p2a: Venusaur|0 fnt\n|faint|p2a: Venusaur\n|\n|-weather|RainDance|[upkeep]\n|upkeep\n|\n|t:|1609290135\n|switch|p2a: Zarude|Zarude|55\/100\n|-damage|p2a: Zarude|42\/100|[from] Stealth Rock\n|turn|30\n|inactive|SuperTheoryBros has 90 seconds left.\n|\n|t:|1609290140\n|move|p1a: Seismitoad|Ice Punch|p2a: Zarude\n|-supereffective|p2a: Zarude\n|-damage|p2a: Zarude|0 fnt\n|faint|p2a: Zarude\n|\n|win|SuperTheoryBros\n|l|\u2606StinkyAssFartsMan\n|raw|SuperTheoryBros's rating: 1686 &rarr; <strong>1706<\/strong><br \/>(+20 for winning)\n|raw|StinkyAssFartsMan's rating: 1695 &rarr; <strong>1674<\/strong><br \/>(-21 for losing)\n","uploadtime":1609290212,"views":36,"p1id":"supertheorybros","p2id":"stinkyassfartsman","formatid":"gen8ou","rating":1674,"private":0,"password":null}