{"id":"gen8ou-1682090094","p1":"minimax_ai","p2":"cows123p","format":"gen8ou","log":"|j|\u2606minimax_ai\n|j|\u2606cows123p\n|t:|1665389477\n|gametype|singles\n|player|p1|minimax_ai|lusamine-nihilego|1557\n|player|p2|cows123p|twins-gen4dp|1533\n|teamsize|p1|6\n|teamsize|p2|6\n|gen|8\n|tier|[Gen 8] OU\n|rated|\n|rule|Sleep Clause Mod: Limit one foe put to sleep\n|rule|Species Clause: Limit one of each Pok\u00e9mon\n|rule|OHKO Clause: OHKO moves are banned\n|rule|Evasion Items Clause: Evasion items are banned\n|rule|Evasion Moves Clause: Evasion moves are banned\n|rule|Endless Battle Clause: Forcing endless battles is banned\n|rule|HP Percentage Mod: HP is shown in percentages\n|rule|Dynamax Clause: You cannot dynamax\n|clearpoke\n|poke|p1|Rotom-Wash|\n|poke|p1|Weavile, F|\n|poke|p1|Landorus-Therian, M|\n|poke|p1|Heatran, M|\n|poke|p1|Tangrowth, F|\n|poke|p1|Melmetal|\n|poke|p2|Azelf|\n|poke|p2|Garchomp, F|\n|poke|p2|Tapu Lele|\n|poke|p2|Dragapult, M|\n|poke|p2|Urshifu-*, M|\n|poke|p2|Magnezone|\n|teampreview\n|c|\u2606minimax_ai|hf\n|inactive|Battle timer is ON: inactive players will automatically lose when time's up. (requested by minimax_ai)\n|inactive|cows123p has 120 seconds left.\n|inactive|cows123p has 90 seconds left.\n|inactive|cows123p has 60 seconds left.\n|inactive|cows123p has 30 seconds left.\n|\n|t:|1665389603\n|start\n|switch|p1a: landorustherian|Landorus-Therian, M|100\/100\n|switch|p2a: Azelf|Azelf|100\/100\n|-ability|p1a: landorustherian|Intimidate|boost\n|-unboost|p2a: Azelf|atk|1\n|turn|1\n|\n|t:|1665389611\n|move|p2a: Azelf|Stealth Rock|p1a: landorustherian\n|-sidestart|p1: minimax_ai|move: Stealth Rock\n|move|p1a: landorustherian|U-turn|p2a: Azelf\n|-supereffective|p2a: Azelf\n|-damage|p2a: Azelf|40\/100\n|\n|t:|1665389611\n|switch|p1a: Melmetal|Melmetal|100\/100|[from]move: U-turn\n|-damage|p1a: Melmetal|94\/100|[from] Stealth Rock\n|\n|upkeep\n|turn|2\n|\n|t:|1665389619\n|move|p2a: Azelf|Fire Blast|p1a: Melmetal|[miss]\n|-miss|p2a: Azelf|p1a: Melmetal\n|move|p1a: Melmetal|Thunder Punch|p2a: Azelf\n|-damage|p2a: Azelf|0 fnt\n|faint|p2a: Azelf\n|\n|upkeep\n|\n|t:|1665389626\n|switch|p2a: Garchomp|Garchomp, F|100\/100\n|turn|3\n|\n|t:|1665389629\n|move|p2a: Garchomp|Earthquake|p1a: Melmetal\n|-supereffective|p1a: Melmetal\n|-damage|p1a: Melmetal|18\/100\n|-damage|p2a: Garchomp|91\/100|[from] item: Life Orb\n|move|p1a: Melmetal|Ice Punch|p2a: Garchomp\n|-supereffective|p2a: Garchomp\n|-damage|p2a: Garchomp|0 fnt\n|-damage|p1a: Melmetal|5\/100|[from] ability: Rough Skin|[of] p2a: Garchomp\n|faint|p2a: Garchomp\n|\n|upkeep\n|\n|t:|1665389638\n|switch|p2a: Magnezone|Magnezone|100\/100\n|turn|4\n|\n|t:|1665389641\n|move|p2a: Magnezone|Volt Switch|p1a: Melmetal\n|-damage|p1a: Melmetal|0 fnt\n|faint|p1a: Melmetal\n|\n|t:|1665389645\n|switch|p2a: Urshifu|Urshifu-Rapid-Strike, M|100\/100|[from]move: Volt Switch\n|\n|upkeep\n|\n|t:|1665389645\n|switch|p1a: Tangrowth|Tangrowth, F|100\/100\n|-damage|p1a: Tangrowth|88\/100|[from] Stealth Rock\n|turn|5\n|\n|t:|1665389651\n|move|p2a: Urshifu|U-turn|p1a: Tangrowth\n|-supereffective|p1a: Tangrowth\n|-damage|p1a: Tangrowth|63\/100\n|-damage|p2a: Urshifu|84\/100|[from] item: Rocky Helmet|[of] p1a: Tangrowth\n|\n|t:|1665389659\n|switch|p2a: Magnezone|Magnezone|100\/100|[from]move: U-turn\n|move|p1a: Tangrowth|Sleep Powder|p2a: Magnezone|[miss]\n|-miss|p1a: Tangrowth|p2a: Magnezone\n|\n|upkeep\n|turn|6\n|\n|t:|1665389667\n|switch|p1a: landorustherian|Landorus-Therian, M|100\/100\n|-damage|p1a: landorustherian|88\/100|[from] Stealth Rock\n|-ability|p1a: landorustherian|Intimidate|boost\n|-unboost|p2a: Magnezone|atk|1\n|move|p2a: Magnezone|Volt Switch|p1a: landorustherian\n|-immune|p1a: landorustherian\n|\n|-heal|p1a: landorustherian|94\/100|[from] item: Leftovers\n|upkeep\n|turn|7\n|\n|t:|1665389679\n|switch|p2a: Urshifu|Urshifu-Rapid-Strike, M|84\/100\n|move|p1a: landorustherian|Defog|p2a: Urshifu\n|-unboost|p2a: Urshifu|evasion|1\n|-sideend|p1: minimax_ai|Stealth Rock|[from] move: Defog|[of] p1a: landorustherian\n|\n|-heal|p1a: landorustherian|99\/100|[from] item: Leftovers\n|upkeep\n|turn|8\n|\n|t:|1665389687\n|switch|p1a: Tangrowth|Tangrowth, F|97\/100\n|move|p2a: Urshifu|U-turn|p1a: Tangrowth\n|-supereffective|p1a: Tangrowth\n|-damage|p1a: Tangrowth|72\/100\n|-damage|p2a: Urshifu|68\/100|[from] item: Rocky Helmet|[of] p1a: Tangrowth\n|\n|t:|1665389693\n|switch|p2a: Tapu Lele|Tapu Lele|100\/100|[from]move: U-turn\n|-fieldstart|move: Psychic Terrain|[from] ability: Psychic Surge|[of] p2a: Tapu Lele\n|\n|upkeep\n|turn|9\n|\n|t:|1665389702\n|switch|p1a: landorustherian|Landorus-Therian, M|99\/100\n|-ability|p1a: landorustherian|Intimidate|boost\n|-unboost|p2a: Tapu Lele|atk|1\n|move|p2a: Tapu Lele|Psychic|p1a: landorustherian\n|-damage|p1a: landorustherian|26\/100\n|\n|-heal|p1a: landorustherian|32\/100|[from] item: Leftovers\n|upkeep\n|turn|10\n|\n|t:|1665389710\n|switch|p2a: Urshifu|Urshifu-Rapid-Strike, M|68\/100\n|switch|p1a: Heatran|Heatran, M|100\/100\n|-item|p1a: Heatran|Air Balloon\n|\n|upkeep\n|turn|11\n|\n|t:|1665389716\n|switch|p1a: rotomwash|Rotom-Wash|100\/100\n|move|p2a: Urshifu|U-turn|p1a: rotomwash\n|-damage|p1a: rotomwash|76\/100\n|\n|t:|1665389721\n|switch|p2a: Tapu Lele|Tapu Lele|100\/100|[from]move: U-turn\n|\n|-heal|p1a: rotomwash|83\/100|[from] item: Leftovers\n|upkeep\n|turn|12\n|\n|t:|1665389726\n|switch|p1a: landorustherian|Landorus-Therian, M|32\/100\n|-ability|p1a: landorustherian|Intimidate|boost\n|-unboost|p2a: Tapu Lele|atk|1\n|move|p2a: Tapu Lele|Psychic|p1a: landorustherian\n|-damage|p1a: landorustherian|0 fnt\n|faint|p1a: landorustherian\n|\n|-fieldend|move: Psychic Terrain\n|upkeep\n|\n|t:|1665389726\n|switch|p1a: Heatran|Heatran, M|100\/100\n|-item|p1a: Heatran|Air Balloon\n|turn|13\n|\n|t:|1665389743\n|switch|p2a: Urshifu|Urshifu-Rapid-Strike, M|68\/100\n|move|p1a: Heatran|Eruption|p2a: Urshifu\n|-resisted|p2a: Urshifu\n|-damage|p2a: Urshifu|11\/100\n|\n|upkeep\n|turn|14\n|\n|t:|1665389750\n|switch|p2a: Tapu Lele|Tapu Lele|100\/100\n|-fieldstart|move: Psychic Terrain|[from] ability: Psychic Surge|[of] p2a: Tapu Lele\n|switch|p1a: rotomwash|Rotom-Wash|83\/100\n|\n|-heal|p1a: rotomwash|89\/100|[from] item: Leftovers\n|upkeep\n|turn|15\n|\n|t:|1665389760\n|switch|p1a: Heatran|Heatran, M|100\/100\n|-item|p1a: Heatran|Air Balloon\n|move|p2a: Tapu Lele|Focus Blast|p1a: Heatran|[miss]\n|-miss|p2a: Tapu Lele|p1a: Heatran\n|\n|upkeep\n|turn|16\n|\n|t:|1665389766\n|switch|p1a: rotomwash|Rotom-Wash|89\/100\n|move|p2a: Tapu Lele|Focus Blast|p1a: rotomwash\n|-damage|p1a: rotomwash|23\/100\n|\n|-heal|p1a: rotomwash|29\/100|[from] item: Leftovers\n|upkeep\n|turn|17\n|\n|t:|1665389772\n|move|p2a: Tapu Lele|Focus Blast|p1a: rotomwash|[miss]\n|-miss|p2a: Tapu Lele|p1a: rotomwash\n|move|p1a: rotomwash|Pain Split|p2a: Tapu Lele\n|-sethp|p2a: Tapu Lele|66\/100|[from] move: Pain Split|[silent]\n|-sethp|p1a: rotomwash|61\/100|[from] move: Pain Split\n|\n|-heal|p1a: rotomwash|67\/100|[from] item: Leftovers\n|upkeep\n|turn|18\n|\n|t:|1665389781\n|switch|p2a: Magnezone|Magnezone|100\/100\n|move|p1a: rotomwash|Thunderbolt|p2a: Magnezone\n|-resisted|p2a: Magnezone\n|-damage|p2a: Magnezone|77\/100\n|\n|-heal|p1a: rotomwash|74\/100|[from] item: Leftovers\n|-fieldend|move: Psychic Terrain\n|upkeep\n|turn|19\n|\n|t:|1665389788\n|move|p2a: Magnezone|Thunderbolt|p1a: rotomwash\n|-damage|p1a: rotomwash|20\/100\n|move|p1a: rotomwash|Hydro Pump|p2a: Magnezone\n|-damage|p2a: Magnezone|17\/100\n|\n|-heal|p1a: rotomwash|26\/100|[from] item: Leftovers\n|upkeep\n|turn|20\n|\n|t:|1665389795\n|switch|p1a: Weavile|Weavile, F|100\/100\n|-ability|p1a: Weavile|Pressure\n|move|p2a: Magnezone|Thunderbolt|p1a: Weavile\n|-damage|p1a: Weavile|37\/100\n|\n|upkeep\n|turn|21\n|\n|t:|1665389802\n|move|p1a: Weavile|Triple Axel|p2a: Magnezone\n|-resisted|p2a: Magnezone\n|-damage|p2a: Magnezone|9\/100\n|-resisted|p2a: Magnezone\n|-damage|p2a: Magnezone|0 fnt\n|faint|p2a: Magnezone\n|-hitcount|p2: Magnezone|2\n|\n|upkeep\n|\n|t:|1665389808\n|switch|p2a: Urshifu|Urshifu-Rapid-Strike, M|11\/100\n|turn|22\n|\n|t:|1665389811\n|move|p2a: Urshifu|Close Combat|p1a: Weavile\n|-supereffective|p1a: Weavile\n|-damage|p1a: Weavile|0 fnt\n|-unboost|p2a: Urshifu|def|1\n|-unboost|p2a: Urshifu|spd|1\n|faint|p1a: Weavile\n|\n|upkeep\n|\n|t:|1665389811\n|switch|p1a: Tangrowth|Tangrowth, F|100\/100\n|turn|23\n|\n|t:|1665389820\n|move|p2a: Urshifu|Close Combat|p1a: Tangrowth\n|-damage|p1a: Tangrowth|66\/100\n|-unboost|p2a: Urshifu|def|1\n|-unboost|p2a: Urshifu|spd|1\n|-damage|p2a: Urshifu|0 fnt|[from] item: Rocky Helmet|[of] p1a: Tangrowth\n|faint|p2a: Urshifu\n|move|p1a: Tangrowth|Knock Off|p2: Urshifu|[notarget]\n|-fail|p1a: Tangrowth\n|\n|upkeep\n|\n|t:|1665389828\n|switch|p2a: Tapu Lele|Tapu Lele|66\/100\n|-fieldstart|move: Psychic Terrain|[from] ability: Psychic Surge|[of] p2a: Tapu Lele\n|turn|24\n|\n|t:|1665389832\n|switch|p1a: rotomwash|Rotom-Wash|26\/100\n|move|p2a: Tapu Lele|Psychic|p1a: rotomwash\n|-damage|p1a: rotomwash|0 fnt\n|faint|p1a: rotomwash\n|\n|upkeep\n|\n|t:|1665389832\n|switch|p1a: Heatran|Heatran, M|100\/100\n|-item|p1a: Heatran|Air Balloon\n|turn|25\n|\n|t:|1665389840\n|move|p2a: Tapu Lele|Psychic|p1a: Heatran\n|-resisted|p1a: Heatran\n|-damage|p1a: Heatran|53\/100\n|-enditem|p1a: Heatran|Air Balloon\n|move|p1a: Heatran|Magma Storm|p2a: Tapu Lele\n|-damage|p2a: Tapu Lele|15\/100\n|-activate|p2a: Tapu Lele|move: Magma Storm|[of] p1a: Heatran\n|\n|-damage|p2a: Tapu Lele|2\/100|[from] move: Magma Storm|[partiallytrapped]\n|upkeep\n|turn|26\n|\n|t:|1665389848\n|move|p2a: Tapu Lele|Psychic|p1a: Heatran\n|-resisted|p1a: Heatran\n|-damage|p1a: Heatran|6\/100\n|-unboost|p1a: Heatran|spd|1\n|move|p1a: Heatran|Magma Storm|p2a: Tapu Lele|[miss]\n|-miss|p1a: Heatran|p2a: Tapu Lele\n|\n|-damage|p2a: Tapu Lele|0 fnt|[from] move: Magma Storm|[partiallytrapped]\n|faint|p2a: Tapu Lele\n|upkeep\n|\n|t:|1665389857\n|switch|p2a: Dragapult|Dragapult, M|100\/100\n|turn|27\n|\n|t:|1665389862\n|move|p2a: Dragapult|Dragon Darts|p1a: Heatran\n|-resisted|p1a: Heatran\n|-damage|p1a: Heatran|0 fnt\n|faint|p1a: Heatran\n|\n|upkeep\n|\n|t:|1665389862\n|switch|p1a: Tangrowth|Tangrowth, F|99\/100\n|turn|28\n|\n|t:|1665389867\n|move|p2a: Dragapult|Dragon Dance|p2a: Dragapult\n|-boost|p2a: Dragapult|atk|1\n|-boost|p2a: Dragapult|spe|1\n|move|p1a: Tangrowth|Knock Off|p2a: Dragapult\n|-supereffective|p2a: Dragapult\n|-damage|p2a: Dragapult|41\/100\n|-enditem|p2a: Dragapult|Leftovers|[from] move: Knock Off|[of] p1a: Tangrowth\n|\n|-fieldend|move: Psychic Terrain\n|upkeep\n|turn|29\n|\n|t:|1665389876\n|move|p2a: Dragapult|Dragon Darts|p1a: Tangrowth\n|-damage|p1a: Tangrowth|81\/100\n|-anim|p2a: Dragapult|Dragon Darts|p1a: Tangrowth\n|-damage|p1a: Tangrowth|61\/100\n|move|p1a: Tangrowth|Knock Off|p2a: Dragapult\n|-supereffective|p2a: Dragapult\n|-damage|p2a: Dragapult|0 fnt\n|faint|p2a: Dragapult\n|\n|win|minimax_ai\n|raw|minimax_ai's rating: 1557 &rarr; <strong>1576<\/strong><br \/>(+19 for winning)\n|raw|cows123p's rating: 1533 &rarr; <strong>1514<\/strong><br \/>(-19 for losing)\n|c|\u2606minimax_ai|gg\n","uploadtime":1665389878,"views":8,"p1id":"minimaxai","p2id":"cows123p","formatid":"gen8ou","rating":1514,"private":0,"password":null}