{"id":"gen8ou-1115163487","p1":"LatiGOD","p2":"Jakkkkkka","format":"gen8ou","log":"|j|\u2606LatiGOD\n|j|\u2606Jakkkkkka\n|player|p1|LatiGOD|248|1444\n|player|p2|Jakkkkkka|norman|1413\n|teamsize|p1|6\n|teamsize|p2|6\n|gametype|singles\n|gen|8\n|tier|[Gen 8] OU\n|rated|\n|clearpoke\n|poke|p1|Kommo-o, F|\n|poke|p1|Zeraora|\n|poke|p1|Ferrothorn, M|\n|poke|p1|Chandelure, M|\n|poke|p1|Hydreigon, F|\n|poke|p1|Dracovish|\n|poke|p2|Torkoal, M|\n|poke|p2|Darmanitan, M|\n|poke|p2|Venusaur, M|\n|poke|p2|Kyurem|\n|poke|p2|Kommo-o, M|\n|poke|p2|Mandibuzz, F|\n|rule|Sleep Clause Mod: Limit one foe put to sleep\n|rule|Species Clause: Limit one of each Pok\u00e9mon\n|rule|OHKO Clause: OHKO moves are banned\n|rule|Evasion Moves Clause: Evasion moves are banned\n|rule|Endless Battle Clause: Forcing endless battles is banned\n|rule|HP Percentage Mod: HP is shown in percentages\n|rule|Dynamax Clause: You cannot dynamax\n|teampreview\n|inactive|Battle timer is ON: inactive players will automatically lose when time's up. (requested by LatiGOD)\n|\n|start\n|switch|p1a: Chandelure|Chandelure, M|100\/100\n|switch|p2a: Torkoal|Torkoal, M|100\/100\n|-weather|SunnyDay|[from] ability: Drought|[of] p2a: Torkoal\n|turn|1\n|\n|move|p1a: Chandelure|Overheat|p2a: Torkoal\n|-resisted|p2a: Torkoal\n|-damage|p2a: Torkoal|0 fnt\n|-unboost|p1a: Chandelure|spa|2\n|faint|p2a: Torkoal\n|\n|-weather|SunnyDay|[upkeep]\n|upkeep\n|\n|switch|p2a: Kommo-o|Kommo-o, M|100\/100\n|turn|2\n|\n|switch|p1a: Dracovish|Dracovish|100\/100\n|move|p2a: Kommo-o|Stealth Rock|p1a: Dracovish\n|-sidestart|p1: LatiGOD|move: Stealth Rock\n|\n|-weather|SunnyDay|[upkeep]\n|upkeep\n|turn|3\n|\n|move|p1a: Dracovish|Outrage|p2a: Kommo-o\n|-supereffective|p2a: Kommo-o\n|-damage|p2a: Kommo-o|6\/100\n|move|p2a: Kommo-o|Toxic|p1a: Dracovish\n|-status|p1a: Dracovish|tox\n|\n|-weather|SunnyDay|[upkeep]\n|-heal|p2a: Kommo-o|12\/100|[from] item: Leftovers\n|-damage|p1a: Dracovish|94\/100 tox|[from] psn\n|upkeep\n|turn|4\n|\n|move|p1a: Dracovish|Outrage|p2a: Kommo-o|[from]lockedmove\n|-supereffective|p2a: Kommo-o\n|-damage|p2a: Kommo-o|0 fnt\n|faint|p2a: Kommo-o\n|\n|-weather|SunnyDay|[upkeep]\n|-damage|p1a: Dracovish|82\/100 tox|[from] psn\n|upkeep\n|\n|switch|p2a: Venusaur|Venusaur, M|100\/100\n|turn|5\n|\n|move|p2a: Venusaur|Growth|p2a: Venusaur\n|-boost|p2a: Venusaur|atk|2\n|-boost|p2a: Venusaur|spa|2\n|move|p1a: Dracovish|Outrage|p2a: Venusaur|[from]lockedmove\n|-damage|p2a: Venusaur|0 fnt\n|-start|p1a: Dracovish|confusion|[fatigue]\n|faint|p2a: Venusaur\n|\n|-weather|SunnyDay|[upkeep]\n|-damage|p1a: Dracovish|63\/100 tox|[from] psn\n|upkeep\n|c|\u2606LatiGOD|lMaO\n|c|\u2606LatiGOD|imagine\n|-message|Jakkkkkka forfeited.\n|\n|win|LatiGOD\n|l|\u2606Jakkkkkka\n","uploadtime":1589557216,"views":25,"p1id":"latigod","p2id":"jakkkkkka","formatid":"gen8ou","rating":0,"private":0,"password":null}