{"id":"gen8nationaldex-1553515738","p1":"Sensui","p2":"Alu9204","format":"gen8nationaldex","log":"|j|\u2606Sensui\n|j|\u2606Alu9204\n|t:|1649967082\n|gametype|singles\n|player|p1|Sensui|swimmerf-gen4|1543\n|player|p2|Alu9204|burglar|1508\n|teamsize|p1|6\n|teamsize|p2|6\n|gen|8\n|tier|[Gen 8] National Dex\n|rated|\n|rule|HP Percentage Mod: HP is shown in percentages\n|rule|Endless Battle Clause: Forcing endless battles is banned\n|rule|OHKO Clause: OHKO moves are banned\n|rule|Evasion Moves Clause: Evasion moves are banned\n|rule|Species Clause: Limit one of each Pok\u00e9mon\n|rule|Dynamax Clause: You cannot dynamax\n|rule|Sleep Clause Mod: Limit one foe put to sleep\n|clearpoke\n|poke|p1|Espeon, M|\n|poke|p1|Zeraora|\n|poke|p1|Aegislash, M|\n|poke|p1|Gliscor, M|\n|poke|p1|Volcarona, M|\n|poke|p1|Dragonite, F|\n|poke|p2|Breloom, F|\n|poke|p2|Landorus-Therian, M|\n|poke|p2|Weavile, M|\n|poke|p2|Corviknight, F|\n|poke|p2|Zapdos-Galar|\n|poke|p2|Latios, M|\n|teampreview\n|inactive|Battle timer is ON: inactive players will automatically lose when time's up. (requested by Sensui)\n|\n|t:|1649967089\n|start\n|switch|p1a: Zeraora|Zeraora|100\/100\n|switch|p2a: Breloom|Breloom, F|100\/100\n|turn|1\n|\n|t:|1649967101\n|switch|p1a: Espeon|Espeon, M|100\/100\n|move|p2a: Breloom|Spore|p1a: Espeon\n|move|p1a: Espeon|Spore|p2a: Breloom|[from]ability: Magic Bounce\n|-immune|p2a: Breloom\n|\n|upkeep\n|turn|2\n|\n|t:|1649967109\n|move|p1a: Espeon|Dazzling Gleam|p2a: Breloom\n|-supereffective|p2a: Breloom\n|-enditem|p2a: Breloom|Focus Sash\n|-damage|p2a: Breloom|1\/100\n|move|p2a: Breloom|Bullet Seed|p1a: Espeon\n|-damage|p1a: Espeon|64\/100\n|-damage|p1a: Espeon|29\/100\n|-hitcount|p1a: Espeon|2\n|\n|upkeep\n|turn|3\n|\n|t:|1649967119\n|move|p2a: Breloom|Mach Punch|p1a: Espeon\n|-resisted|p1a: Espeon\n|-damage|p1a: Espeon|0 fnt\n|faint|p1a: Espeon\n|\n|upkeep\n|\n|t:|1649967127\n|switch|p1a: Gliscor|Gliscor, M, shiny|100\/100\n|turn|4\n|\n|t:|1649967132\n|move|p1a: Gliscor|Knock Off|p2a: Breloom\n|-resisted|p2a: Breloom\n|-damage|p2a: Breloom|0 fnt\n|faint|p2a: Breloom\n|\n|-status|p1a: Gliscor|tox|[from] item: Toxic Orb\n|upkeep\n|\n|t:|1649967138\n|switch|p2a: Latios|Latios, M|100\/100\n|turn|5\n|\n|t:|1649967142\n|switch|p1a: Aegislash|Aegislash, M, shiny|100\/100\n|detailschange|p2a: Latios|Latios-Mega, M\n|-mega|p2a: Latios|Latios|Latiosite\n|move|p2a: Latios|Ice Beam|p1a: Aegislash\n|-resisted|p1a: Aegislash\n|-damage|p1a: Aegislash|85\/100\n|\n|-heal|p1a: Aegislash|91\/100|[from] item: Leftovers\n|upkeep\n|turn|6\n|\n|t:|1649967153\n|switch|p2a: Landorus|Landorus-Therian, M|100\/100\n|-ability|p2a: Landorus|Intimidate|boost\n|-unboost|p1a: Aegislash|atk|1\n|switch|p1a: Gliscor|Gliscor, M, shiny|100\/100 tox\n|\n|upkeep\n|turn|7\n|\n|t:|1649967160\n|move|p1a: Gliscor|Knock Off|p2a: Landorus\n|-damage|p2a: Landorus|80\/100\n|-enditem|p2a: Landorus|Leftovers|[from] move: Knock Off|[of] p1a: Gliscor\n|move|p2a: Landorus|Stealth Rock|p1a: Gliscor\n|-sidestart|p1: Sensui|move: Stealth Rock\n|\n|upkeep\n|turn|8\n|\n|t:|1649967170\n|move|p1a: Gliscor|Defog|p2a: Landorus\n|-unboost|p2a: Landorus|evasion|1\n|-sideend|p1: Sensui|Stealth Rock|[from] move: Defog|[of] p1a: Gliscor\n|move|p2a: Landorus|U-turn|p1a: Gliscor\n|-resisted|p1a: Gliscor\n|-damage|p1a: Gliscor|90\/100 tox\n|\n|t:|1649967179\n|switch|p2a: Latios|Latios-Mega, M|100\/100|[from]move: U-turn\n|\n|-heal|p1a: Gliscor|100\/100 tox|[from] ability: Poison Heal\n|upkeep\n|turn|9\n|\n|t:|1649967186\n|switch|p1a: Aegislash|Aegislash, M, shiny|91\/100\n|move|p2a: Latios|Ice Beam|p1a: Aegislash\n|-resisted|p1a: Aegislash\n|-damage|p1a: Aegislash|74\/100\n|\n|-heal|p1a: Aegislash|81\/100|[from] item: Leftovers\n|upkeep\n|turn|10\n|\n|t:|1649967196\n|switch|p2a: Landorus|Landorus-Therian, M|80\/100\n|-ability|p2a: Landorus|Intimidate|boost\n|-unboost|p1a: Aegislash|atk|1\n|switch|p1a: Gliscor|Gliscor, M, shiny|100\/100 tox\n|\n|upkeep\n|turn|11\n|\n|t:|1649967205\n|move|p1a: Gliscor|Ice Fang|p2a: Landorus\n|-supereffective|p2a: Landorus\n|-damage|p2a: Landorus|30\/100\n|move|p2a: Landorus|U-turn|p1a: Gliscor\n|-resisted|p1a: Gliscor\n|-damage|p1a: Gliscor|91\/100 tox\n|\n|t:|1649967211\n|switch|p2a: Weavile|Weavile, M|100\/100|[from]move: U-turn\n|-ability|p2a: Weavile|Pressure\n|\n|-heal|p1a: Gliscor|100\/100 tox|[from] ability: Poison Heal\n|upkeep\n|turn|12\n|\n|t:|1649967220\n|move|p2a: Weavile|Swords Dance|p2a: Weavile\n|-boost|p2a: Weavile|atk|2\n|move|p1a: Gliscor|Swords Dance|p1a: Gliscor\n|-boost|p1a: Gliscor|atk|2\n|\n|upkeep\n|turn|13\n|\n|t:|1649967227\n|move|p2a: Weavile|Triple Axel|p1a: Gliscor|[miss]\n|-miss|p2a: Weavile|p1a: Gliscor\n|move|p1a: Gliscor|Knock Off|p2a: Weavile\n|-resisted|p2a: Weavile\n|-damage|p2a: Weavile|59\/100\n|-enditem|p2a: Weavile|Heavy-Duty Boots|[from] move: Knock Off|[of] p1a: Gliscor\n|\n|upkeep\n|turn|14\n|\n|t:|1649967235\n|switch|p1a: Volcarona|Volcarona, M, shiny|100\/100\n|move|p2a: Weavile|Triple Axel|p1a: Volcarona\n|-resisted|p1a: Volcarona\n|-damage|p1a: Volcarona|84\/100\n|-resisted|p1a: Volcarona\n|-damage|p1a: Volcarona|51\/100\n|-resisted|p1a: Volcarona\n|-damage|p1a: Volcarona|2\/100\n|-hitcount|p1a: Volcarona|3\n|\n|upkeep\n|turn|15\n|\n|t:|1649967244\n|move|p2a: Weavile|Ice Shard|p1a: Volcarona\n|-resisted|p1a: Volcarona\n|-damage|p1a: Volcarona|0 fnt\n|faint|p1a: Volcarona\n|\n|upkeep\n|\n|t:|1649967249\n|switch|p1a: Zeraora|Zeraora|100\/100\n|turn|16\n|\n|t:|1649967254\n|switch|p2a: Landorus|Landorus-Therian, M|30\/100\n|-ability|p2a: Landorus|Intimidate|boost\n|-unboost|p1a: Zeraora|atk|1\n|move|p1a: Zeraora|Hidden Power|p2a: Landorus\n|-supereffective|p2a: Landorus\n|-damage|p2a: Landorus|0 fnt\n|faint|p2a: Landorus\n|-damage|p1a: Zeraora|91\/100|[from] item: Life Orb\n|\n|upkeep\n|\n|t:|1649967261\n|switch|p2a: Latios|Latios-Mega, M|100\/100\n|turn|17\n|\n|t:|1649967266\n|switch|p1a: Aegislash|Aegislash, M, shiny|81\/100\n|move|p2a: Latios|Psyshock|p1a: Aegislash\n|-resisted|p1a: Aegislash\n|-damage|p1a: Aegislash|59\/100\n|\n|-heal|p1a: Aegislash|65\/100|[from] item: Leftovers\n|upkeep\n|turn|18\n|\n|t:|1649967274\n|switch|p2a: Corviknight|Corviknight, F|100\/100\n|-ability|p2a: Corviknight|Pressure\n|-formechange|p1a: Aegislash|Aegislash-Blade||[from] ability: Stance Change\n|move|p1a: Aegislash|Iron Head|p2a: Corviknight\n|-resisted|p2a: Corviknight\n|-damage|p2a: Corviknight|81\/100\n|-damage|p1a: Aegislash|49\/100|[from] item: Rocky Helmet|[of] p2a: Corviknight\n|\n|-heal|p1a: Aegislash|55\/100|[from] item: Leftovers\n|upkeep\n|turn|19\n|\n|t:|1649967288\n|move|p2a: Corviknight|U-turn|p1a: Aegislash\n|-resisted|p1a: Aegislash\n|-damage|p1a: Aegislash|49\/100\n|\n|t:|1649967299\n|switch|p2a: Zapdos|Zapdos-Galar|100\/100|[from]move: U-turn\n|move|p1a: Aegislash|Swords Dance|p1a: Aegislash\n|-boost|p1a: Aegislash|atk|2\n|\n|-heal|p1a: Aegislash|55\/100|[from] item: Leftovers\n|upkeep\n|turn|20\n|\n|t:|1649967309\n|switch|p1a: Gliscor|Gliscor, M, shiny|100\/100 tox\n|move|p2a: Zapdos|Blaze Kick|p1a: Gliscor\n|-damage|p1a: Gliscor|61\/100 tox\n|\n|-heal|p1a: Gliscor|73\/100 tox|[from] ability: Poison Heal\n|upkeep\n|turn|21\n|\n|t:|1649967325\n|switch|p2a: Weavile|Weavile, M|59\/100\n|-ability|p2a: Weavile|Pressure\n|move|p1a: Gliscor|Knock Off|p2a: Weavile\n|-resisted|p2a: Weavile\n|-damage|p2a: Weavile|46\/100\n|\n|-heal|p1a: Gliscor|85\/100 tox|[from] ability: Poison Heal\n|upkeep\n|turn|22\n|\n|t:|1649967341\n|move|p2a: Weavile|Ice Shard|p1a: Gliscor\n|-supereffective|p1a: Gliscor\n|-damage|p1a: Gliscor|15\/100 tox\n|move|p1a: Gliscor|Ice Fang|p2a: Weavile\n|-resisted|p2a: Weavile\n|-damage|p2a: Weavile|33\/100\n|\n|-heal|p1a: Gliscor|28\/100 tox|[from] ability: Poison Heal\n|upkeep\n|turn|23\n|\n|t:|1649967352\n|move|p2a: Weavile|Ice Shard|p1a: Gliscor\n|-supereffective|p1a: Gliscor\n|-damage|p1a: Gliscor|0 fnt\n|faint|p1a: Gliscor\n|\n|upkeep\n|\n|t:|1649967358\n|switch|p1a: Zeraora|Zeraora|91\/100\n|turn|24\n|\n|t:|1649967370\n|switch|p1a: Aegislash|Aegislash, M, shiny|55\/100\n|switch|p2a: Corviknight|Corviknight, F|81\/100\n|-ability|p2a: Corviknight|Pressure\n|\n|-heal|p1a: Aegislash|61\/100|[from] item: Leftovers\n|upkeep\n|turn|25\n|\n|t:|1649967386\n|move|p2a: Corviknight|Brave Bird|p1a: Aegislash\n|-resisted|p1a: Aegislash\n|-crit|p1a: Aegislash\n|-damage|p1a: Aegislash|38\/100\n|-damage|p2a: Corviknight|76\/100|[from] Recoil\n|move|p1a: Aegislash|Swords Dance|p1a: Aegislash\n|-boost|p1a: Aegislash|atk|2\n|\n|-heal|p1a: Aegislash|45\/100|[from] item: Leftovers\n|upkeep\n|turn|26\n|\n|t:|1649967396\n|move|p1a: Aegislash|King's Shield|p1a: Aegislash\n|-singleturn|p1a: Aegislash|Protect\n|move|p2a: Corviknight|Brave Bird|p1a: Aegislash\n|-activate|p1a: Aegislash|move: Protect\n|-unboost|p2a: Corviknight|atk|1\n|\n|-heal|p1a: Aegislash|51\/100|[from] item: Leftovers\n|upkeep\n|turn|27\n|\n|t:|1649967405\n|move|p2a: Corviknight|Brave Bird|p1a: Aegislash\n|-resisted|p1a: Aegislash\n|-damage|p1a: Aegislash|41\/100\n|-damage|p2a: Corviknight|74\/100|[from] Recoil\n|move|p1a: Aegislash|Swords Dance|p1a: Aegislash\n|-boost|p1a: Aegislash|atk|2\n|\n|-heal|p1a: Aegislash|47\/100|[from] item: Leftovers\n|upkeep\n|turn|28\n|\n|t:|1649967418\n|switch|p2a: Zapdos|Zapdos-Galar|100\/100\n|move|p1a: Aegislash|Swords Dance|p1a: Aegislash\n|-boost|p1a: Aegislash|atk|2\n|\n|-heal|p1a: Aegislash|53\/100|[from] item: Leftovers\n|upkeep\n|turn|29\n|\n|t:|1649967426\n|-formechange|p1a: Aegislash|Aegislash-Blade||[from] ability: Stance Change\n|move|p1a: Aegislash|Shadow Sneak|p2a: Zapdos\n|-damage|p2a: Zapdos|0 fnt\n|faint|p2a: Zapdos\n|\n|-heal|p1a: Aegislash|59\/100|[from] item: Leftovers\n|upkeep\n|\n|t:|1649967436\n|switch|p2a: Corviknight|Corviknight, F|74\/100\n|-ability|p2a: Corviknight|Pressure\n|turn|30\n|c|\u2606Sensui|gg\n|l|\u2606Sensui\n|inactive|Sensui disconnected and has a minute to reconnect!\n|player|p1|\n|j|\u2606Sensui\n|inactive|Sensui reconnected and has 145 seconds left.\n|player|p1|Sensui|swimmerf-gen4\n|\n|t:|1649967448\n|-formechange|p1a: Aegislash|Aegislash||[from] ability: Stance Change\n|move|p1a: Aegislash|King's Shield|p1a: Aegislash\n|-singleturn|p1a: Aegislash|Protect\n|move|p2a: Corviknight|Roost|p2a: Corviknight\n|-heal|p2a: Corviknight|100\/100\n|-singleturn|p2a: Corviknight|move: Roost\n|\n|-heal|p1a: Aegislash|65\/100|[from] item: Leftovers\n|upkeep\n|turn|31\n|\n|t:|1649967460\n|move|p2a: Corviknight|Brave Bird|p1a: Aegislash\n|-resisted|p1a: Aegislash\n|-damage|p1a: Aegislash|49\/100\n|-damage|p2a: Corviknight|97\/100|[from] Recoil\n|-formechange|p1a: Aegislash|Aegislash-Blade||[from] ability: Stance Change\n|move|p1a: Aegislash|Iron Head|p2a: Corviknight\n|-resisted|p2a: Corviknight\n|-damage|p2a: Corviknight|22\/100\n|-damage|p1a: Aegislash|33\/100|[from] item: Rocky Helmet|[of] p2a: Corviknight\n|\n|-heal|p1a: Aegislash|39\/100|[from] item: Leftovers\n|upkeep\n|turn|32\n|c|\u2606Sensui|lmfao\n|\n|t:|1649967476\n|move|p1a: Aegislash|Shadow Sneak|p2a: Corviknight\n|-damage|p2a: Corviknight|0 fnt\n|-damage|p1a: Aegislash|22\/100|[from] item: Rocky Helmet|[of] p2a: Corviknight\n|faint|p2a: Corviknight\n|\n|-heal|p1a: Aegislash|28\/100|[from] item: Leftovers\n|upkeep\n|\n|t:|1649967479\n|switch|p2a: Weavile|Weavile, M|33\/100\n|-ability|p2a: Weavile|Pressure\n|turn|33\n|\n|t:|1649967486\n|-formechange|p1a: Aegislash|Aegislash||[from] ability: Stance Change\n|move|p1a: Aegislash|King's Shield|p1a: Aegislash\n|-singleturn|p1a: Aegislash|Protect\n|move|p2a: Weavile|Ice Shard|p1a: Aegislash\n|-activate|p1a: Aegislash|move: Protect\n|\n|-heal|p1a: Aegislash|35\/100|[from] item: Leftovers\n|upkeep\n|turn|34\n|\n|t:|1649967497\n|-formechange|p1a: Aegislash|Aegislash-Blade||[from] ability: Stance Change\n|move|p1a: Aegislash|Shadow Sneak|p2a: Weavile\n|-resisted|p2a: Weavile\n|-damage|p2a: Weavile|0 fnt\n|faint|p2a: Weavile\n|\n|-heal|p1a: Aegislash|41\/100|[from] item: Leftovers\n|upkeep\n|\n|t:|1649967500\n|switch|p2a: Latios|Latios-Mega, M|100\/100\n|turn|35\n|\n|t:|1649967508\n|move|p1a: Aegislash|Shadow Sneak|p2a: Latios\n|-supereffective|p2a: Latios\n|-damage|p2a: Latios|0 fnt\n|faint|p2a: Latios\n|\n|win|Sensui\n|raw|Sensui's rating: 1543 &rarr; <strong>1561<\/strong><br \/>(+18 for winning)\n|raw|Alu9204's rating: 1508 &rarr; <strong>1490<\/strong><br \/>(-18 for losing)\n","uploadtime":1649967514,"views":7,"p1id":"sensui","p2id":"alu9204","formatid":"gen8nationaldex","rating":1490,"private":0,"password":null}