{"id":"gen8ou-1296903528","p1":"Brifye","p2":"Jewtoo_","format":"gen8ou","log":"|j|\u2606Brifye\n|j|\u2606Jewtoo_\n|t:|1615202748\n|player|p1|Brifye|blackbelt-gen4dp|1448\n|player|p2|Jewtoo_|169|1377\n|teamsize|p1|6\n|teamsize|p2|6\n|gametype|singles\n|gen|8\n|tier|[Gen 8] OU\n|rated|\n|clearpoke\n|poke|p1|Blaziken, M|\n|poke|p1|Tapu Koko|\n|poke|p1|Zapdos|\n|poke|p1|Landorus-Therian, M|\n|poke|p1|Slowbro, M|\n|poke|p1|Urshifu-*, M|\n|poke|p2|Zapdos|\n|poke|p2|Suicune|\n|poke|p2|Ferrothorn, M|\n|poke|p2|Incineroar, M|\n|poke|p2|Pelipper, F|\n|poke|p2|Gengar, F|\n|rule|Sleep Clause Mod: Limit one foe put to sleep\n|rule|Species Clause: Limit one of each Pok\u00e9mon\n|rule|OHKO Clause: OHKO moves are banned\n|rule|Evasion Moves Clause: Evasion moves are banned\n|rule|Endless Battle Clause: Forcing endless battles is banned\n|rule|HP Percentage Mod: HP is shown in percentages\n|rule|Dynamax Clause: You cannot dynamax\n|teampreview\n|inactive|Battle timer is ON: inactive players will automatically lose when time's up. (requested by Jewtoo_)\n|\n|t:|1615202766\n|start\n|switch|p1a: Tapu Koko|Tapu Koko|100\/100\n|switch|p2a: Ferrothorn|Ferrothorn, M|100\/100\n|-fieldstart|move: Electric Terrain|[from] ability: Electric Surge|[of] p1a: Tapu Koko\n|turn|1\n|\n|t:|1615202775\n|move|p1a: Tapu Koko|Volt Switch|p2a: Ferrothorn\n|-resisted|p2a: Ferrothorn\n|-damage|p2a: Ferrothorn|85\/100\n|\n|t:|1615202779\n|switch|p1a: Blaziken|Blaziken, M|100\/100|[from]move: Volt Switch\n|move|p2a: Ferrothorn|Gyro Ball|p1a: Blaziken\n|-resisted|p1a: Blaziken\n|-damage|p1a: Blaziken|61\/100\n|\n|-heal|p2a: Ferrothorn|92\/100|[from] item: Leftovers\n|upkeep\n|turn|2\n|\n|t:|1615202792\n|move|p1a: Blaziken|Flare Blitz|p2a: Ferrothorn\n|-supereffective|p2a: Ferrothorn\n|-damage|p2a: Ferrothorn|0 fnt\n|-damage|p1a: Blaziken|48\/100|[from] ability: Iron Barbs|[of] p2a: Ferrothorn\n|-damage|p1a: Blaziken|13\/100|[from] Recoil\n|-damage|p1a: Blaziken|3\/100|[from] item: Life Orb\n|faint|p2a: Ferrothorn\n|\n|-ability|p1a: Blaziken|Speed Boost|boost\n|-boost|p1a: Blaziken|spe|1\n|upkeep\n|\n|t:|1615202812\n|switch|p2a: Gengar|Gengar, F|100\/100\n|turn|3\n|\n|t:|1615202819\n|move|p1a: Blaziken|Flare Blitz|p2a: Gengar\n|-damage|p2a: Gengar|0 fnt\n|-damage|p1a: Blaziken|0 fnt|[from] Recoil\n|faint|p2a: Gengar\n|faint|p1a: Blaziken\n|\n|upkeep\n|\n|t:|1615202828\n|switch|p2a: Pelipper|Pelipper, F|100\/100\n|switch|p1a: Tapu Koko|Tapu Koko|100\/100\n|-weather|RainDance|[from] ability: Drizzle|[of] p2a: Pelipper\n|turn|4\n|\n|t:|1615202837\n|move|p1a: Tapu Koko|Volt Switch|p2a: Pelipper\n|-supereffective|p2a: Pelipper\n|-crit|p2a: Pelipper\n|-damage|p2a: Pelipper|0 fnt\n|faint|p2a: Pelipper\n|\n|t:|1615202848\n|switch|p1a: Zapdos|Zapdos|100\/100|[from]move: Volt Switch\n|\n|-weather|RainDance|[upkeep]\n|upkeep\n|\n|t:|1615202858\n|switch|p2a: Incineroar|Incineroar, M|100\/100\n|-ability|p2a: Incineroar|Intimidate|boost\n|-unboost|p1a: Zapdos|atk|1\n|turn|5\n|\n|t:|1615202864\n|move|p1a: Zapdos|Volt Switch|p2a: Incineroar\n|-damage|p2a: Incineroar|82\/100\n|\n|t:|1615202869\n|switch|p1a: Landorus|Landorus-Therian, M|100\/100|[from]move: Volt Switch\n|-ability|p1a: Landorus|Intimidate|boost\n|-unboost|p2a: Incineroar|atk|1\n|move|p2a: Incineroar|Parting Shot|p1a: Landorus\n|-unboost|p1a: Landorus|atk|1\n|-unboost|p1a: Landorus|spa|1\n|\n|t:|1615202877\n|switch|p2a: Suicune|Suicune|100\/100|[from]move: Parting Shot\n|-ability|p2a: Suicune|Pressure\n|\n|-weather|RainDance|[upkeep]\n|-fieldend|move: Electric Terrain\n|upkeep\n|turn|6\n|\n|t:|1615202885\n|move|p2a: Suicune|Substitute|p2a: Suicune\n|-start|p2a: Suicune|Substitute\n|-damage|p2a: Suicune|75\/100\n|move|p1a: Landorus|Toxic||[still]\n|-fail|p1a: Landorus\n|\n|-weather|RainDance|[upkeep]\n|-heal|p2a: Suicune|82\/100|[from] item: Leftovers\n|upkeep\n|turn|7\n|\n|t:|1615202905\n|switch|p1a: Urshifu|Urshifu-Rapid-Strike, M|100\/100\n|move|p2a: Suicune|Calm Mind|p2a: Suicune\n|-boost|p2a: Suicune|spa|1\n|-boost|p2a: Suicune|spd|1\n|\n|-weather|RainDance|[upkeep]\n|-heal|p2a: Suicune|88\/100|[from] item: Leftovers\n|upkeep\n|turn|8\n|\n|t:|1615202914\n|move|p1a: Urshifu|Surging Strikes|p2a: Suicune\n|-resisted|p2a: Suicune\n|-crit|p2a: Suicune\n|-activate|p2a: Suicune|move: Substitute|[damage]\n|-resisted|p2a: Suicune\n|-crit|p2a: Suicune\n|-end|p2a: Suicune|Substitute\n|-resisted|p2a: Suicune\n|-crit|p2a: Suicune\n|-damage|p2a: Suicune|71\/100\n|-hitcount|p2a: Suicune|3\n|move|p2a: Suicune|Scald|p1a: Urshifu\n|-resisted|p1a: Urshifu\n|-damage|p1a: Urshifu|55\/100\n|\n|-weather|RainDance|[upkeep]\n|-heal|p2a: Suicune|77\/100|[from] item: Leftovers\n|upkeep\n|turn|9\n|\n|t:|1615202929\n|move|p1a: Urshifu|Surging Strikes|p2a: Suicune\n|-resisted|p2a: Suicune\n|-crit|p2a: Suicune\n|-damage|p2a: Suicune|59\/100\n|-resisted|p2a: Suicune\n|-crit|p2a: Suicune\n|-damage|p2a: Suicune|43\/100\n|-resisted|p2a: Suicune\n|-crit|p2a: Suicune\n|-damage|p2a: Suicune|26\/100\n|-hitcount|p2a: Suicune|3\n|move|p2a: Suicune|Substitute|p2a: Suicune\n|-start|p2a: Suicune|Substitute\n|-damage|p2a: Suicune|1\/100\n|\n|-weather|RainDance|[upkeep]\n|-heal|p2a: Suicune|7\/100|[from] item: Leftovers\n|upkeep\n|turn|10\n|\n|t:|1615202944\n|move|p1a: Urshifu|Surging Strikes|p2a: Suicune\n|-resisted|p2a: Suicune\n|-crit|p2a: Suicune\n|-activate|p2a: Suicune|move: Substitute|[damage]\n|-resisted|p2a: Suicune\n|-crit|p2a: Suicune\n|-end|p2a: Suicune|Substitute\n|-resisted|p2a: Suicune\n|-crit|p2a: Suicune\n|-damage|p2a: Suicune|0 fnt\n|-hitcount|p2a: Suicune|3\n|faint|p2a: Suicune\n|\n|-weather|RainDance|[upkeep]\n|upkeep\n|\n|t:|1615202957\n|switch|p2a: Zapdos|Zapdos|100\/100\n|-ability|p2a: Zapdos|Pressure\n|turn|11\n|\n|t:|1615202973\n|switch|p1a: Tapu Koko|Tapu Koko|100\/100\n|-fieldstart|move: Electric Terrain|[from] ability: Electric Surge|[of] p1a: Tapu Koko\n|move|p2a: Zapdos|Substitute|p2a: Zapdos\n|-start|p2a: Zapdos|Substitute\n|-damage|p2a: Zapdos|76\/100\n|\n|-weather|none\n|-heal|p2a: Zapdos|82\/100|[from] item: Leftovers\n|upkeep\n|turn|12\n|\n|t:|1615202987\n|move|p1a: Tapu Koko|Volt Switch|p2a: Zapdos\n|-end|p2a: Zapdos|Substitute\n|\n|t:|1615202991\n|switch|p1a: Zapdos|Zapdos|100\/100|[from]move: Volt Switch\n|move|p2a: Zapdos|Hurricane|p1a: Zapdos\n|-resisted|p1a: Zapdos\n|-crit|p1a: Zapdos\n|-damage|p1a: Zapdos|58\/100\n|\n|-heal|p2a: Zapdos|88\/100|[from] item: Leftovers\n|upkeep\n|turn|13\n|\n|t:|1615203002\n|move|p2a: Zapdos|Discharge|p1a: Zapdos\n|-damage|p1a: Zapdos|18\/100\n|move|p1a: Zapdos|Volt Switch|p2a: Zapdos\n|-damage|p2a: Zapdos|53\/100\n|\n|t:|1615203008\n|switch|p1a: Tapu Koko|Tapu Koko|100\/100|[from]move: Volt Switch\n|\n|-heal|p2a: Zapdos|59\/100|[from] item: Leftovers\n|upkeep\n|turn|14\n|\n|t:|1615203018\n|move|p1a: Tapu Koko|Volt Switch|p2a: Zapdos\n|-damage|p2a: Zapdos|22\/100\n|\n|t:|1615203026\n|switch|p1a: Landorus|Landorus-Therian, M|100\/100|[from]move: Volt Switch\n|-ability|p1a: Landorus|Intimidate|boost\n|-unboost|p2a: Zapdos|atk|1\n|move|p2a: Zapdos|Roost|p2a: Zapdos\n|-heal|p2a: Zapdos|72\/100\n|-singleturn|p2a: Zapdos|move: Roost\n|\n|-heal|p2a: Zapdos|78\/100|[from] item: Leftovers\n|upkeep\n|turn|15\n|\n|t:|1615203038\n|move|p2a: Zapdos|Substitute|p2a: Zapdos\n|-start|p2a: Zapdos|Substitute\n|-damage|p2a: Zapdos|53\/100\n|move|p1a: Landorus|Stone Edge|p2a: Zapdos|[miss]\n|-miss|p1a: Landorus|p2a: Zapdos\n|\n|-heal|p2a: Zapdos|60\/100|[from] item: Leftovers\n|-fieldend|move: Electric Terrain\n|upkeep\n|turn|16\n|\n|t:|1615203047\n|move|p2a: Zapdos|Hurricane|p1a: Landorus\n|-crit|p1a: Landorus\n|-damage|p1a: Landorus|14\/100\n|move|p1a: Landorus|Stone Edge|p2a: Zapdos\n|-supereffective|p2a: Zapdos\n|-crit|p2a: Zapdos\n|-end|p2a: Zapdos|Substitute\n|\n|-heal|p2a: Zapdos|66\/100|[from] item: Leftovers\n|-heal|p1a: Landorus|20\/100|[from] item: Leftovers\n|upkeep\n|turn|17\n|\n|t:|1615203059\n|move|p2a: Zapdos|Substitute|p2a: Zapdos\n|-start|p2a: Zapdos|Substitute\n|-damage|p2a: Zapdos|41\/100\n|move|p1a: Landorus|Stone Edge|p2a: Zapdos|[miss]\n|-miss|p1a: Landorus|p2a: Zapdos\n|\n|-heal|p2a: Zapdos|47\/100|[from] item: Leftovers\n|-heal|p1a: Landorus|26\/100|[from] item: Leftovers\n|upkeep\n|turn|18\n|\n|t:|1615203069\n|move|p2a: Zapdos|Roost|p2a: Zapdos\n|-heal|p2a: Zapdos|97\/100\n|-singleturn|p2a: Zapdos|move: Roost\n|move|p1a: Landorus|Stone Edge|p2a: Zapdos\n|-end|p2a: Zapdos|Substitute\n|\n|-heal|p2a: Zapdos|100\/100|[from] item: Leftovers\n|-heal|p1a: Landorus|32\/100|[from] item: Leftovers\n|upkeep\n|turn|19\n|\n|t:|1615203088\n|switch|p1a: Zapdos|Zapdos|18\/100\n|move|p2a: Zapdos|Substitute|p2a: Zapdos\n|-start|p2a: Zapdos|Substitute\n|-damage|p2a: Zapdos|76\/100\n|\n|-heal|p2a: Zapdos|82\/100|[from] item: Leftovers\n|upkeep\n|turn|20\n|\n|t:|1615203098\n|move|p2a: Zapdos|Discharge|p1a: Zapdos\n|-damage|p1a: Zapdos|0 fnt\n|faint|p1a: Zapdos\n|\n|-heal|p2a: Zapdos|88\/100|[from] item: Leftovers\n|upkeep\n|\n|t:|1615203106\n|switch|p1a: Tapu Koko|Tapu Koko|100\/100\n|-fieldstart|move: Electric Terrain|[from] ability: Electric Surge|[of] p1a: Tapu Koko\n|turn|21\n|\n|t:|1615203116\n|move|p1a: Tapu Koko|Volt Switch|p2a: Zapdos\n|-end|p2a: Zapdos|Substitute\n|\n|t:|1615203119\n|switch|p1a: Slowbro|Slowbro, M|100\/100|[from]move: Volt Switch\n|move|p2a: Zapdos|Discharge|p1a: Slowbro\n|-supereffective|p1a: Slowbro\n|-damage|p1a: Slowbro|31\/100\n|\n|-heal|p2a: Zapdos|94\/100|[from] item: Leftovers\n|upkeep\n|turn|22\n|\n|t:|1615203129\n|move|p2a: Zapdos|Substitute|p2a: Zapdos\n|-start|p2a: Zapdos|Substitute\n|-damage|p2a: Zapdos|69\/100\n|move|p1a: Slowbro|Ice Beam|p2a: Zapdos\n|-supereffective|p2a: Zapdos\n|-end|p2a: Zapdos|Substitute\n|\n|-heal|p2a: Zapdos|76\/100|[from] item: Leftovers\n|upkeep\n|turn|23\n|\n|t:|1615203139\n|move|p2a: Zapdos|Discharge|p1a: Slowbro\n|-supereffective|p1a: Slowbro\n|-damage|p1a: Slowbro|0 fnt\n|faint|p1a: Slowbro\n|\n|-heal|p2a: Zapdos|82\/100|[from] item: Leftovers\n|upkeep\n|\n|t:|1615203147\n|switch|p1a: Urshifu|Urshifu-Rapid-Strike, M|55\/100\n|turn|24\n|\n|t:|1615203150\n|move|p2a: Zapdos|Discharge|p1a: Urshifu\n|-supereffective|p1a: Urshifu\n|-damage|p1a: Urshifu|0 fnt\n|faint|p1a: Urshifu\n|\n|-heal|p2a: Zapdos|88\/100|[from] item: Leftovers\n|upkeep\n|\n|t:|1615203157\n|switch|p1a: Tapu Koko|Tapu Koko|100\/100\n|turn|25\n|\n|t:|1615203167\n|move|p1a: Tapu Koko|Volt Switch|p2a: Zapdos\n|-damage|p2a: Zapdos|49\/100\n|\n|t:|1615203171\n|switch|p1a: Landorus|Landorus-Therian, M|32\/100|[from]move: Volt Switch\n|-ability|p1a: Landorus|Intimidate|boost\n|-unboost|p2a: Zapdos|atk|1\n|move|p2a: Zapdos|Roost|p2a: Zapdos\n|-heal|p2a: Zapdos|99\/100\n|-singleturn|p2a: Zapdos|move: Roost\n|\n|-heal|p2a: Zapdos|100\/100|[from] item: Leftovers\n|-heal|p1a: Landorus|38\/100|[from] item: Leftovers\n|-fieldend|move: Electric Terrain\n|upkeep\n|turn|26\n|c|\u2606Jewtoo_|Dam zap thats fuked up\n|\n|t:|1615203189\n|switch|p1a: Tapu Koko|Tapu Koko|100\/100\n|-fieldstart|move: Electric Terrain|[from] ability: Electric Surge|[of] p1a: Tapu Koko\n|move|p2a: Zapdos|Substitute|p2a: Zapdos\n|-start|p2a: Zapdos|Substitute\n|-damage|p2a: Zapdos|76\/100\n|\n|-heal|p2a: Zapdos|82\/100|[from] item: Leftovers\n|upkeep\n|turn|27\n|c|\u2606Brifye|It has beatten me, I was sure to win though...\n|c|\u2606Brifye|gg\n|inactive|Brifye has 120 seconds left.\n|-message|Brifye forfeited.\n|\n|win|Jewtoo_\n|l|\u2606Brifye\n|c|\u2606Jewtoo_|Gg\n|raw|Brifye's rating: 1448 &rarr; <strong>1424<\/strong><br \/>(-24 for losing)\n|raw|Jewtoo_'s rating: 1377 &rarr; <strong>1401<\/strong><br \/>(+24 for winning)\n","uploadtime":1615203240,"views":20,"p1id":"brifye","p2id":"jewtoo","formatid":"gen8ou","rating":1401,"private":0,"password":null}