{"id":"gen8ubers-1170164738","p1":"Iznamakin","p2":"Hdhshshd","format":"gen8ubers","log":"|j|\u2606Iznamakin\n|j|\u2606Hdhshshd\n|t:|1597626724\n|player|p1|Iznamakin|red|1321\n|player|p2|Hdhshshd|rosa|1370\n|teamsize|p1|6\n|teamsize|p2|6\n|gametype|singles\n|gen|8\n|tier|[Gen 8] Ubers\n|rated|\n|clearpoke\n|poke|p1|Cinderace, M|\n|poke|p1|Darmanitan-Galar, M|\n|poke|p1|Chansey, F|\n|poke|p1|Marshadow|\n|poke|p1|Ferrothorn, M|\n|poke|p1|Hydreigon, M|\n|poke|p2|Ditto|\n|poke|p2|Eternatus|\n|poke|p2|Zacian-Crowned|\n|poke|p2|Melmetal|\n|poke|p2|Mewtwo|\n|poke|p2|Reshiram|\n|rule|Sleep Clause Mod: Limit one foe put to sleep\n|rule|Species Clause: Limit one of each Pok\u00e9mon\n|rule|OHKO Clause: OHKO moves are banned\n|rule|Evasion Moves Clause: Evasion moves are banned\n|rule|Endless Battle Clause: Forcing endless battles is banned\n|rule|HP Percentage Mod: HP is shown in percentages\n|html|Ubers Dynamax Clause: Pok\u00e9mon on the <a href=\"https:\/\/www.smogon.com\/dex\/ss\/formats\/uber\/\">Ubers Dynamax Banlist<\/a> cannot Dynamax.\n|teampreview\n|inactive|Battle timer is ON: inactive players will automatically lose when time's up. (requested by Hdhshshd)\n|\n|t:|1597626732\n|start\n|switch|p1a: Darmanitan|Darmanitan-Galar, M|100\/100\n|switch|p2a: Melmetal|Melmetal, shiny|100\/100\n|turn|1\n|\n|t:|1597626738\n|move|p1a: Darmanitan|U-turn|p2a: Melmetal\n|-resisted|p2a: Melmetal\n|-damage|p2a: Melmetal|90\/100\n|\n|t:|1597626743\n|switch|p1a: Ferrothorn|Ferrothorn, M|100\/100|[from]move: U-turn\n|move|p2a: Melmetal|Double Iron Bash|p1a: Ferrothorn\n|-resisted|p1a: Ferrothorn\n|-damage|p1a: Ferrothorn|81\/100\n|-damage|p2a: Melmetal|78\/100|[from] ability: Iron Barbs|[of] p1a: Ferrothorn\n|-resisted|p1a: Ferrothorn\n|-damage|p1a: Ferrothorn|63\/100\n|-damage|p2a: Melmetal|65\/100|[from] ability: Iron Barbs|[of] p1a: Ferrothorn\n|-hitcount|p1a: Ferrothorn|2\n|\n|-heal|p1a: Ferrothorn|69\/100|[from] item: Leftovers\n|upkeep\n|turn|2\n|\n|t:|1597626762\n|switch|p2a: Eternatus|Eternatus|100\/100\n|-ability|p2a: Eternatus|Pressure\n|move|p1a: Ferrothorn|Leech Seed|p2a: Eternatus\n|-start|p2a: Eternatus|move: Leech Seed\n|\n|-heal|p1a: Ferrothorn|75\/100|[from] item: Leftovers\n|-damage|p2a: Eternatus|88\/100|[from] Leech Seed|[of] p1a: Ferrothorn\n|-heal|p1a: Ferrothorn|90\/100|[silent]\n|upkeep\n|turn|3\n|\n|t:|1597626771\n|switch|p2a: Reshiram|Reshiram|100\/100\n|-ability|p2a: Reshiram|Turboblaze\n|move|p1a: Ferrothorn|Protect||[still]\n|-fail|p1a: Ferrothorn\n|\n|-heal|p1a: Ferrothorn|96\/100|[from] item: Leftovers\n|upkeep\n|turn|4\n|\n|t:|1597626779\n|switch|p1a: Chansey|Chansey, F|100\/100\n|move|p2a: Reshiram|Blue Flare|p1a: Chansey|[miss]\n|-miss|p2a: Reshiram|p1a: Chansey\n|\n|upkeep\n|turn|5\n|\n|t:|1597626793\n|switch|p2a: Eternatus|Eternatus|88\/100\n|-ability|p2a: Eternatus|Pressure\n|move|p1a: Chansey|Toxic|p2a: Eternatus\n|-immune|p2a: Eternatus\n|\n|upkeep\n|turn|6\n|\n|t:|1597626816\n|switch|p1a: Cinderace|Cinderace, M|100\/100\n|move|p2a: Eternatus|Dynamax Cannon|p1a: Cinderace\n|-damage|p1a: Cinderace|0 fnt\n|faint|p1a: Cinderace\n|\n|upkeep\n|\n|t:|1597626822\n|switch|p1a: Darmanitan|Darmanitan-Galar, M|100\/100\n|turn|7\n|\n|t:|1597626825\n|move|p1a: Darmanitan|Icicle Crash|p2a: Eternatus\n|-supereffective|p2a: Eternatus\n|-damage|p2a: Eternatus|0 fnt\n|faint|p2a: Eternatus\n|\n|upkeep\n|\n|t:|1597626829\n|switch|p2a: Melmetal|Melmetal, shiny|65\/100\n|turn|8\n|\n|t:|1597626840\n|switch|p1a: Hydreigon|Hydreigon, M|100\/100\n|move|p2a: Melmetal|Earthquake|p1a: Hydreigon\n|-immune|p1a: Hydreigon|[from] ability: Levitate\n|\n|upkeep\n|turn|9\n|\n|t:|1597626852\n|switch|p2a: Mewtwo|Mewtwo|100\/100\n|-ability|p2a: Mewtwo|Pressure\n|move|p1a: Hydreigon|Flamethrower|p2a: Mewtwo\n|-damage|p2a: Mewtwo|54\/100\n|\n|-heal|p2a: Mewtwo|60\/100|[from] item: Leftovers\n|upkeep\n|turn|10\n|\n|t:|1597626864\n|switch|p1a: Chansey|Chansey, F|100\/100\n|move|p2a: Mewtwo|Ice Beam|p1a: Chansey\n|-damage|p1a: Chansey|90\/100\n|\n|-heal|p2a: Mewtwo|66\/100|[from] item: Leftovers\n|upkeep\n|turn|11\n|\n|t:|1597626871\n|switch|p2a: Melmetal|Melmetal, shiny|65\/100\n|move|p1a: Chansey|Toxic|p2a: Melmetal\n|-immune|p2a: Melmetal\n|\n|upkeep\n|turn|12\n|\n|t:|1597626877\n|switch|p1a: Ferrothorn|Ferrothorn, M|96\/100\n|move|p2a: Melmetal|Earthquake|p1a: Ferrothorn\n|-damage|p1a: Ferrothorn|63\/100\n|\n|-heal|p1a: Ferrothorn|69\/100|[from] item: Leftovers\n|upkeep\n|turn|13\n|\n|t:|1597626889\n|switch|p2a: Reshiram|Reshiram|100\/100\n|-ability|p2a: Reshiram|Turboblaze\n|move|p1a: Ferrothorn|Leech Seed|p2a: Reshiram\n|-start|p2a: Reshiram|move: Leech Seed\n|\n|-heal|p1a: Ferrothorn|75\/100|[from] item: Leftovers\n|-damage|p2a: Reshiram|88\/100|[from] Leech Seed|[of] p1a: Ferrothorn\n|-heal|p1a: Ferrothorn|87\/100|[silent]\n|upkeep\n|turn|14\n|\n|t:|1597626899\n|switch|p2a: Zacian|Zacian-Crowned|100\/100\n|-ability|p2a: Zacian|Intrepid Sword|boost\n|-boost|p2a: Zacian|atk|1\n|switch|p1a: Chansey|Chansey, F|90\/100\n|\n|upkeep\n|turn|15\n|\n|t:|1597626915\n|switch|p1a: Ferrothorn|Ferrothorn, M|87\/100\n|move|p2a: Zacian|Behemoth Blade|p1a: Ferrothorn\n|-resisted|p1a: Ferrothorn\n|-damage|p1a: Ferrothorn|60\/100\n|-damage|p2a: Zacian|88\/100|[from] ability: Iron Barbs|[of] p1a: Ferrothorn\n|\n|-heal|p1a: Ferrothorn|67\/100|[from] item: Leftovers\n|upkeep\n|turn|16\n|\n|t:|1597626924\n|move|p2a: Zacian|Close Combat|p1a: Ferrothorn\n|-supereffective|p1a: Ferrothorn\n|-damage|p1a: Ferrothorn|0 fnt\n|-unboost|p2a: Zacian|def|1\n|-unboost|p2a: Zacian|spd|1\n|-damage|p2a: Zacian|76\/100|[from] ability: Iron Barbs|[of] p1a: Ferrothorn\n|faint|p1a: Ferrothorn\n|\n|upkeep\n|\n|t:|1597626934\n|switch|p1a: Darmanitan|Darmanitan-Galar, M|100\/100\n|turn|17\n|\n|t:|1597626952\n|switch|p2a: Reshiram|Reshiram|88\/100\n|-ability|p2a: Reshiram|Turboblaze\n|move|p1a: Darmanitan|Earthquake|p2a: Reshiram\n|-supereffective|p2a: Reshiram\n|-damage|p2a: Reshiram|0 fnt\n|faint|p2a: Reshiram\n|\n|upkeep\n|\n|t:|1597626965\n|switch|p2a: Melmetal|Melmetal, shiny|65\/100\n|turn|18\n|\n|t:|1597626971\n|switch|p1a: Marshadow|Marshadow|100\/100\n|-start|p2a: Melmetal|Dynamax\n|-heal|p2a: Melmetal|65\/100|[silent]\n|move|p2a: Melmetal|Max Steelspike|p1a: Marshadow\n|-crit|p1a: Marshadow\n|-damage|p1a: Marshadow|0 fnt\n|-boost|p2a: Melmetal|def|1\n|faint|p1a: Marshadow\n|\n|upkeep\n|\n|t:|1597626982\n|switch|p1a: Hydreigon|Hydreigon, M|100\/100\n|turn|19\n|\n|t:|1597626992\n|move|p1a: Hydreigon|Flamethrower|p2a: Melmetal\n|-supereffective|p2a: Melmetal\n|-damage|p2a: Melmetal|15\/100\n|move|p2a: Melmetal|Max Hailstorm|p1a: Hydreigon\n|-supereffective|p1a: Hydreigon\n|-damage|p1a: Hydreigon|0 fnt\n|-weather|Hail\n|faint|p1a: Hydreigon\n|\n|-weather|Hail|[upkeep]\n|-damage|p2a: Melmetal|12\/100|[from] Hail\n|upkeep\n|\n|t:|1597627002\n|switch|p1a: Darmanitan|Darmanitan-Galar, M|100\/100\n|turn|20\n|\n|t:|1597627006\n|move|p1a: Darmanitan|Earthquake|p2a: Melmetal\n|-supereffective|p2a: Melmetal\n|-damage|p2a: Melmetal|0 fnt\n|faint|p2a: Melmetal\n|\n|-weather|Hail|[upkeep]\n|upkeep\n|\n|t:|1597627012\n|switch|p2a: Ditto|Ditto|100\/100\n|-transform|p2a: Ditto|p1a: Darmanitan|[from] ability: Imposter\n|turn|21\n|\n|t:|1597627018\n|switch|p1a: Chansey|Chansey, F|90\/100\n|move|p2a: Ditto|Flare Blitz|p1a: Chansey\n|-damage|p1a: Chansey|47\/100\n|-damage|p2a: Ditto|58\/100|[from] Recoil\n|\n|-weather|Hail|[upkeep]\n|-damage|p1a: Chansey|40\/100|[from] Hail\n|upkeep\n|turn|22\n|\n|t:|1597627027\n|move|p2a: Ditto|Flare Blitz|p1a: Chansey\n|-damage|p1a: Chansey|0 fnt\n|-damage|p2a: Ditto|19\/100|[from] Recoil\n|faint|p1a: Chansey\n|\n|-weather|Hail|[upkeep]\n|upkeep\n|\n|t:|1597627034\n|switch|p1a: Darmanitan|Darmanitan-Galar, M|100\/100\n|turn|23\n|\n|t:|1597627038\n|move|p2a: Ditto|Flare Blitz|p1a: Darmanitan\n|-supereffective|p1a: Darmanitan\n|-damage|p1a: Darmanitan|0 fnt\n|-damage|p2a: Ditto|0 fnt|[from] Recoil\n|faint|p1a: Darmanitan\n|faint|p2a: Ditto\n|\n|win|Hdhshshd\n|raw|Iznamakin's rating: 1321 &rarr; <strong>1304<\/strong><br \/>(-17 for losing)\n|raw|Hdhshshd's rating: 1371 &rarr; <strong>1388<\/strong><br \/>(+17 for winning)\n","uploadtime":1597627047,"views":3,"p1id":"iznamakin","p2id":"hdhshshd","formatid":"gen8ubers","rating":1304,"private":0,"password":null}