{"id":"gen8lc-1666767918","p1":"Pok et glace","p2":"Cigsig","format":"gen8lc","log":"|j|\u2606Pok et glace\n|j|\u2606Cigsig\n|t:|1663444134\n|gametype|singles\n|player|p1|Pok et glace|cynthia-masters|1325\n|player|p2|Cigsig|101|1436\n|teamsize|p1|6\n|teamsize|p2|6\n|gen|8\n|tier|[Gen 8] LC\n|rated|\n|rule|Sleep Clause Mod: Limit one foe put to sleep\n|rule|Species Clause: Limit one of each Pok\u00e9mon\n|rule|OHKO Clause: OHKO moves are banned\n|rule|Evasion Items Clause: Evasion items are banned\n|rule|Evasion Moves Clause: Evasion moves are banned\n|rule|Endless Battle Clause: Forcing endless battles is banned\n|rule|HP Percentage Mod: HP is shown in percentages\n|rule|Dynamax Clause: You cannot dynamax\n|clearpoke\n|poke|p1|Tyrunt, L5, M|\n|poke|p1|Grookey, L5, M|\n|poke|p1|Mienfoo, L5, M|\n|poke|p1|Koffing, L5, M|\n|poke|p1|Pawniard, L5, M|\n|poke|p1|Frillish, L5, F|\n|poke|p2|Abra, L5, M|\n|poke|p2|Torchic, L5, F|\n|poke|p2|Riolu, L5, M|\n|poke|p2|Azurill, L5, M|\n|poke|p2|Dwebble, L5, M|\n|poke|p2|Goldeen, L5, F|\n|teampreview\n|\n|t:|1663444144\n|start\n|switch|p1a: Mienfoo|Mienfoo, L5, M|100\/100\n|switch|p2a: Goldeen|Goldeen, L5, F|100\/100\n|turn|1\n|inactive|Battle timer is ON: inactive players will automatically lose when time's up. (requested by Cigsig)\n|\n|t:|1663444148\n|move|p1a: Mienfoo|Fake Out|p2a: Goldeen\n|-damage|p2a: Goldeen|77\/100\n|cant|p2a: Goldeen|flinch\n|\n|upkeep\n|turn|2\n|\n|t:|1663444152\n|move|p2a: Goldeen|Flip Turn|p1a: Mienfoo\n|-damage|p1a: Mienfoo|72\/100\n|\n|t:|1663444160\n|switch|p2a: Dwebble|Dwebble, L5, M|100\/100|[from]move: Flip Turn\n|move|p1a: Mienfoo|High Jump Kick|p2a: Dwebble\n|-crit|p2a: Dwebble\n|-damage|p2a: Dwebble|10\/100\n|-enditem|p2a: Dwebble|Berry Juice\n|-heal|p2a: Dwebble|100\/100|[from] item: Berry Juice\n|\n|upkeep\n|turn|3\n|\n|t:|1663444170\n|move|p1a: Mienfoo|U-turn|p2a: Dwebble\n|-damage|p2a: Dwebble|77\/100\n|\n|t:|1663444172\n|switch|p1a: Frillish|Frillish, L5, F|100\/100|[from]move: U-turn\n|move|p2a: Dwebble|Counter|p1a: Frillish\n|-immune|p1a: Frillish\n|\n|upkeep\n|turn|4\n|\n|t:|1663444180\n|move|p2a: Dwebble|Knock Off|p1a: Frillish\n|-supereffective|p1a: Frillish\n|-damage|p1a: Frillish|59\/100\n|-enditem|p1a: Frillish|Eviolite|[from] move: Knock Off|[of] p2a: Dwebble\n|move|p1a: Frillish|Will-O-Wisp|p2a: Dwebble|[miss]\n|-miss|p1a: Frillish|p2a: Dwebble\n|\n|upkeep\n|turn|5\n|\n|t:|1663444192\n|move|p2a: Dwebble|Stealth Rock|p1a: Frillish\n|-sidestart|p1: Pok et glace|move: Stealth Rock\n|move|p1a: Frillish|Recover|p1a: Frillish\n|-heal|p1a: Frillish|100\/100\n|\n|upkeep\n|turn|6\n|\n|t:|1663444202\n|move|p2a: Dwebble|Knock Off|p1a: Frillish\n|-supereffective|p1a: Frillish\n|-damage|p1a: Frillish|59\/100\n|move|p1a: Frillish|Will-O-Wisp|p2a: Dwebble\n|-status|p2a: Dwebble|brn\n|\n|-damage|p2a: Dwebble|72\/100 brn|[from] brn\n|upkeep\n|turn|7\n|\n|t:|1663444207\n|move|p2a: Dwebble|Spikes|p1a: Frillish\n|-sidestart|p1: Pok et glace|Spikes\n|move|p1a: Frillish|Recover|p1a: Frillish\n|-heal|p1a: Frillish|100\/100\n|\n|-damage|p2a: Dwebble|67\/100 brn|[from] brn\n|upkeep\n|turn|8\n|\n|t:|1663444213\n|move|p2a: Dwebble|Spikes|p1a: Frillish\n|-sidestart|p1: Pok et glace|Spikes\n|move|p1a: Frillish|Scald|p2a: Dwebble\n|-supereffective|p2a: Dwebble\n|-damage|p2a: Dwebble|0 fnt\n|faint|p2a: Dwebble\n|\n|upkeep\n|\n|t:|1663444241\n|switch|p2a: Abra|Abra, L5, M|100\/100\n|turn|9\n|\n|t:|1663444245\n|move|p2a: Abra|Shadow Ball|p1a: Frillish\n|-supereffective|p1a: Frillish\n|-crit|p1a: Frillish\n|-damage|p1a: Frillish|0 fnt\n|faint|p1a: Frillish\n|\n|upkeep\n|j| RedstoneX\n|inactive|Pok et glace has 120 seconds left.\n|c|\u2606Pok et glace|236 SpA Abra Shadow Ball vs. 156 HP \/ 156 SpD Frillish: 14-18 (58.3 - 75%) -- guaranteed 2HKO\n|\n|t:|1663444295\n|switch|p1a: Pawniard|Pawniard, L5, M|100\/100\n|-damage|p1a: Pawniard|96\/100|[from] Stealth Rock\n|-damage|p1a: Pawniard|81\/100|[from] Spikes\n|turn|10\n|c| RedstoneX|bruv\n|\n|t:|1663444318\n|move|p2a: Abra|Dazzling Gleam|p1a: Pawniard\n|-damage|p1a: Pawniard|39\/100\n|-enditem|p1a: Pawniard|Berry Juice\n|-heal|p1a: Pawniard|100\/100|[from] item: Berry Juice\n|move|p1a: Pawniard|Knock Off|p2a: Abra\n|-supereffective|p2a: Abra\n|-enditem|p2a: Abra|Focus Sash\n|-damage|p2a: Abra|6\/100\n|\n|upkeep\n|turn|11\n|inactive|Pok et glace has 120 seconds left.\n|\n|t:|1663444331\n|switch|p2a: Riolu|Riolu, L5, M|100\/100\n|move|p1a: Pawniard|Stealth Rock|p2a: Riolu\n|-sidestart|p2: Cigsig|move: Stealth Rock\n|\n|upkeep\n|turn|12\n|inactive|Pok et glace has 120 seconds left.\n|inactive|Cigsig has 120 seconds left.\n|c|\u2606Cigsig|lmao thx for the calc??\n|c| RedstoneX|lol\n|c|\u2606Pok et glace|just saying the crit mattered\n|\n|t:|1663444370\n|switch|p1a: Koffing|Koffing, L5, M|100\/100\n|-ability|p1a: Koffing|Neutralizing Gas\n|-damage|p1a: Koffing|90\/100|[from] Stealth Rock\n|-damage|p1a: Koffing|75\/100|[from] Spikes\n|move|p2a: Riolu|Bulk Up|p2a: Riolu\n|-boost|p2a: Riolu|atk|1\n|-boost|p2a: Riolu|def|1\n|\n|upkeep\n|turn|13\n|inactive|Pok et glace has 120 seconds left.\n|c|\u2606Cigsig|Ik\n|\n|t:|1663444383\n|move|p2a: Riolu|Zen Headbutt|p1a: Koffing\n|-supereffective|p1a: Koffing\n|-damage|p1a: Koffing|15\/100\n|move|p1a: Koffing|Sludge Bomb|p2a: Riolu\n|-damage|p2a: Riolu|56\/100\n|-status|p2a: Riolu|psn\n|\n|-damage|p2a: Riolu|45\/100 psn|[from] psn\n|upkeep\n|turn|14\n|c| RedstoneX|cool\n|\n|t:|1663444396\n|move|p1a: Koffing|Sludge Bomb|p2a: Riolu\n|-damage|p2a: Riolu|0 fnt\n|faint|p2a: Riolu\n|\n|upkeep\n|inactive|Cigsig has 90 seconds left.\n|\n|t:|1663444424\n|switch|p2a: Abra|Abra, L5, M|6\/100\n|-damage|p2a: Abra|0 fnt|[from] Stealth Rock\n|faint|p2a: Abra\n|inactive|Cigsig has 90 seconds left.\n|\n|t:|1663444438\n|switch|p2a: Torchic|Torchic, L5, F|100\/100\n|-damage|p2a: Torchic|77\/100|[from] Stealth Rock\n|turn|15\n|inactive|Cigsig has 90 seconds left.\n|\n|t:|1663444470\n|move|p2a: Torchic|Flare Blitz|p1a: Koffing\n|-damage|p1a: Koffing|0 fnt\n|faint|p1a: Koffing\n|-end|p1a: Koffing|ability: Neutralizing Gas\n|-damage|p2a: Torchic|72\/100|[from] Recoil\n|\n|-ability|p2a: Torchic|Speed Boost|boost\n|-boost|p2a: Torchic|spe|1\n|upkeep\n|\n|t:|1663444482\n|switch|p1a: Mienfoo|Mienfoo, L5, M|100\/100\n|-damage|p1a: Mienfoo|96\/100|[from] Stealth Rock\n|-damage|p1a: Mienfoo|81\/100|[from] Spikes\n|turn|16\n|\n|t:|1663444490\n|move|p2a: Torchic|Protect|p2a: Torchic\n|-singleturn|p2a: Torchic|Protect\n|move|p1a: Mienfoo|Fake Out|p2a: Torchic\n|-activate|p2a: Torchic|move: Protect\n|\n|-ability|p2a: Torchic|Speed Boost|boost\n|-boost|p2a: Torchic|spe|1\n|upkeep\n|turn|17\n|\n|t:|1663444505\n|move|p2a: Torchic|Flare Blitz|p1a: Mienfoo\n|-damage|p1a: Mienfoo|24\/100\n|-damage|p2a: Torchic|53\/100|[from] Recoil\n|move|p1a: Mienfoo|Knock Off|p2a: Torchic\n|-damage|p2a: Torchic|0 fnt\n|-enditem|p2a: Torchic|Berry Juice|[from] move: Knock Off|[of] p1a: Mienfoo\n|faint|p2a: Torchic\n|\n|upkeep\n|inactive|Cigsig has 60 seconds left.\n|inactive|Cigsig has 30 seconds left.\n|c|\u2606Pok et glace|redstone x are you cigsig's child?\n|inactive|Cigsig has 20 seconds left.\n|inactive|Cigsig has 15 seconds left.\n|inactive|Cigsig has 10 seconds left.\n|inactive|Cigsig has 5 seconds left.\n|\n|t:|1663444581\n|switch|p2a: Azurill|Azurill, L5, M|100\/100\n|-damage|p2a: Azurill|91\/100|[from] Stealth Rock\n|turn|18\n|inactive|Cigsig has 15 seconds left this turn.\n|inactive|Cigsig has 10 seconds left.\n|\n|t:|1663444588\n|move|p2a: Azurill|Aqua Jet|p1a: Mienfoo\n|-damage|p1a: Mienfoo|5\/100\n|move|p1a: Mienfoo|Knock Off|p2a: Azurill\n|-resisted|p2a: Azurill\n|-damage|p2a: Azurill|73\/100\n|-enditem|p2a: Azurill|Berry Juice|[from] move: Knock Off|[of] p1a: Mienfoo\n|\n|upkeep\n|turn|19\n|inactive|Cigsig has 20 seconds left this turn.\n|inactive|Cigsig has 15 seconds left.\n|inactive|Cigsig has 10 seconds left.\n|\n|t:|1663444599\n|move|p2a: Azurill|Aqua Jet|p1a: Mienfoo\n|-damage|p1a: Mienfoo|0 fnt\n|faint|p1a: Mienfoo\n|\n|upkeep\n|inactive|Cigsig has 15 seconds left this turn.\n|\n|t:|1663444602\n|switch|p1a: Pawniard|Pawniard, L5, M|100\/100\n|-damage|p1a: Pawniard|96\/100|[from] Stealth Rock\n|-damage|p1a: Pawniard|81\/100|[from] Spikes\n|turn|20\n|inactive|Cigsig has 25 seconds left this turn.\n|inactive|Cigsig has 20 seconds left.\n|inactive|Cigsig has 15 seconds left.\n|c|\u2606Cigsig|Didn\u2019t expect the knock off throw damn\n|inactive|Cigsig has 10 seconds left.\n|\n|t:|1663444619\n|move|p1a: Pawniard|Iron Head|p2a: Azurill\n|-supereffective|p2a: Azurill\n|-damage|p2a: Azurill|0 fnt\n|faint|p2a: Azurill\n|\n|upkeep\n|inactive|Cigsig has 15 seconds left this turn.\n|\n|t:|1663444621\n|switch|p2a: Goldeen|Goldeen, L5, F|77\/100\n|-damage|p2a: Goldeen|67\/100|[from] Stealth Rock\n|turn|21\n|inactive|Cigsig has 25 seconds left this turn.\n|c|\u2606Pok et glace|what knock off throw?\n|c|\u2606Cigsig|If you knocked n I drummed u lost\n|c|\u2606Pok et glace|i have a grookey\n|inactive|Pok et glace has 120 seconds left.\n|c|\u2606Pok et glace|what are you talking about\n|c|\u2606Cigsig|That doesn\u2019t kill\n|c|\u2606Pok et glace|well i knocked your berry juice\n|c|\u2606Pok et glace|knock + half your life + glide kills\n|\n|t:|1663444676\n|move|p1a: Pawniard|Sucker Punch|p2a: Goldeen\n|-damage|p2a: Goldeen|10\/100\n|move|p2a: Goldeen|Drill Run|p1a: Pawniard\n|-supereffective|p1a: Pawniard\n|-damage|p1a: Pawniard|5\/100\n|\n|upkeep\n|turn|22\n|inactive|Cigsig has 30 seconds left.\n|\n|t:|1663444682\n|move|p1a: Pawniard|Sucker Punch|p2a: Goldeen\n|-damage|p2a: Goldeen|0 fnt\n|faint|p2a: Goldeen\n|\n|win|Pok et glace\n|raw|Pok et glace's rating: 1325 &rarr; <strong>1351<\/strong><br \/>(+26 for winning)\n|raw|Cigsig's rating: 1436 &rarr; <strong>1410<\/strong><br \/>(-26 for losing)\n|c| RedstoneX|i dont play little cup so im just here confused\n|l|\u2606Cigsig\n|c|\u2606Pok et glace|i owned him\n|c| RedstoneX|lmao\n|c|\u2606Pok et glace|is all you need to know\n|l| RedstoneX\n","uploadtime":1663444715,"views":7,"p1id":"poketglace","p2id":"cigsig","formatid":"gen8lc","rating":1351,"private":0,"password":null}