{"id":"gen8uu-1693776516","p1":"Pok3mon Jake","p2":"Stads","format":"gen8uu","log":"|j|\u2606Pok3mon Jake\n|j|\u2606Stads\n|t:|1666635317\n|gametype|singles\n|player|p1|Pok3mon Jake|unknown|1405\n|player|p2|Stads|266|1379\n|teamsize|p1|6\n|teamsize|p2|6\n|gen|8\n|tier|[Gen 8] UU\n|rated|\n|rule|Sleep Clause Mod: Limit one foe put to sleep\n|rule|Species Clause: Limit one of each Pok\u00e9mon\n|rule|OHKO Clause: OHKO moves are banned\n|rule|Evasion Items Clause: Evasion items are banned\n|rule|Evasion Moves Clause: Evasion moves are banned\n|rule|Endless Battle Clause: Forcing endless battles is banned\n|rule|HP Percentage Mod: HP is shown in percentages\n|rule|Dynamax Clause: You cannot dynamax\n|clearpoke\n|poke|p1|Chandelure, F|\n|poke|p1|Cobalion|\n|poke|p1|Diggersby, M|\n|poke|p1|Primarina, F|\n|poke|p1|Amoonguss, M|\n|poke|p1|Lycanroc-Dusk, F|\n|poke|p2|Hippowdon, M|\n|poke|p2|Excadrill, F|\n|poke|p2|Tangrowth, M|\n|poke|p2|Rotom-Wash|\n|poke|p2|Salamence, F|\n|poke|p2|Keldeo-Resolute|\n|teampreview\n|inactive|Battle timer is ON: inactive players will automatically lose when time's up. (requested by Pok3mon Jake)\n|\n|t:|1666635335\n|start\n|switch|p1a: Amoonguss|Amoonguss, M|100\/100\n|switch|p2a: Hippowdon|Hippowdon, M|100\/100\n|-weather|Sandstorm|[from] ability: Sand Stream|[of] p2a: Hippowdon\n|turn|1\n|\n|t:|1666635343\n|move|p2a: Hippowdon|Stealth Rock|p1a: Amoonguss\n|-sidestart|p1: Pok3mon Jake|move: Stealth Rock\n|move|p1a: Amoonguss|Stun Spore|p2a: Hippowdon\n|-status|p2a: Hippowdon|par\n|\n|-weather|Sandstorm|[upkeep]\n|-damage|p1a: Amoonguss|94\/100|[from] Sandstorm\n|upkeep\n|turn|2\n|\n|t:|1666635348\n|switch|p2a: Salamence|Salamence, F|100\/100\n|-ability|p2a: Salamence|Intimidate|boost\n|-unboost|p1a: Amoonguss|atk|1\n|move|p1a: Amoonguss|Giga Drain|p2a: Salamence\n|-resisted|p2a: Salamence\n|-damage|p2a: Salamence|93\/100\n|-heal|p1a: Amoonguss|97\/100|[from] drain|[of] p2a: Salamence\n|\n|-weather|Sandstorm|[upkeep]\n|-damage|p2a: Salamence|87\/100|[from] Sandstorm\n|-damage|p1a: Amoonguss|91\/100|[from] Sandstorm\n|upkeep\n|turn|3\n|\n|t:|1666635351\n|move|p2a: Salamence|Hurricane|p1a: Amoonguss|[miss]\n|-miss|p2a: Salamence|p1a: Amoonguss\n|move|p1a: Amoonguss|Stun Spore|p2a: Salamence\n|-status|p2a: Salamence|par\n|\n|-weather|Sandstorm|[upkeep]\n|-damage|p2a: Salamence|81\/100 par|[from] Sandstorm\n|-damage|p1a: Amoonguss|85\/100|[from] Sandstorm\n|upkeep\n|turn|4\n|\n|t:|1666635358\n|switch|p1a: Primarina|Primarina, F|100\/100\n|-damage|p1a: Primarina|88\/100|[from] Stealth Rock\n|cant|p2a: Salamence|par\n|\n|-weather|Sandstorm|[upkeep]\n|-damage|p2a: Salamence|75\/100 par|[from] Sandstorm\n|-damage|p1a: Primarina|82\/100|[from] Sandstorm\n|-heal|p1a: Primarina|88\/100|[from] item: Leftovers\n|upkeep\n|turn|5\n|\n|t:|1666635363\n|switch|p2a: Tangrowth|Tangrowth, M|100\/100\n|move|p1a: Primarina|Substitute|p1a: Primarina\n|-start|p1a: Primarina|Substitute\n|-damage|p1a: Primarina|63\/100\n|\n|-weather|none\n|-heal|p1a: Primarina|69\/100|[from] item: Leftovers\n|upkeep\n|turn|6\n|\n|t:|1666635369\n|move|p1a: Primarina|Calm Mind|p1a: Primarina\n|-boost|p1a: Primarina|spa|1\n|-boost|p1a: Primarina|spd|1\n|move|p2a: Tangrowth|Sludge Bomb|p1a: Primarina\n|-supereffective|p1a: Primarina\n|-activate|p1a: Primarina|move: Substitute|[damage]\n|\n|-heal|p1a: Primarina|75\/100|[from] item: Leftovers\n|upkeep\n|turn|7\n|\n|t:|1666635372\n|move|p1a: Primarina|Draining Kiss|p2a: Tangrowth\n|-damage|p2a: Tangrowth|79\/100\n|-heal|p1a: Primarina|93\/100|[from] drain|[of] p2a: Tangrowth\n|move|p2a: Tangrowth|Sludge Bomb|p1a: Primarina\n|-supereffective|p1a: Primarina\n|-end|p1a: Primarina|Substitute\n|\n|-heal|p1a: Primarina|99\/100|[from] item: Leftovers\n|upkeep\n|turn|8\n|\n|t:|1666635375\n|move|p1a: Primarina|Substitute|p1a: Primarina\n|-start|p1a: Primarina|Substitute\n|-damage|p1a: Primarina|74\/100\n|move|p2a: Tangrowth|Power Whip|p1a: Primarina\n|-supereffective|p1a: Primarina\n|-end|p1a: Primarina|Substitute\n|\n|-heal|p1a: Primarina|80\/100|[from] item: Leftovers\n|upkeep\n|turn|9\n|\n|t:|1666635383\n|switch|p1a: Cobalion|Cobalion|100\/100\n|-damage|p1a: Cobalion|97\/100|[from] Stealth Rock\n|move|p2a: Tangrowth|Power Whip|p1a: Cobalion\n|-resisted|p1a: Cobalion\n|-damage|p1a: Cobalion|81\/100\n|-damage|p2a: Tangrowth|63\/100|[from] item: Rocky Helmet|[of] p1a: Cobalion\n|\n|upkeep\n|turn|10\n|\n|t:|1666635387\n|move|p1a: Cobalion|Stealth Rock|p2a: Tangrowth\n|-sidestart|p2: Stads|move: Stealth Rock\n|move|p2a: Tangrowth|Earthquake|p1a: Cobalion\n|-supereffective|p1a: Cobalion\n|-damage|p1a: Cobalion|42\/100\n|\n|upkeep\n|turn|11\n|\n|t:|1666635395\n|move|p1a: Cobalion|Volt Switch|p2a: Tangrowth\n|-resisted|p2a: Tangrowth\n|-damage|p2a: Tangrowth|57\/100\n|\n|t:|1666635399\n|switch|p1a: Amoonguss|Amoonguss, M|100\/100|[from]move: Volt Switch\n|-damage|p1a: Amoonguss|88\/100|[from] Stealth Rock\n|move|p2a: Tangrowth|Earthquake|p1a: Amoonguss\n|-damage|p1a: Amoonguss|70\/100\n|\n|upkeep\n|turn|12\n|\n|t:|1666635405\n|move|p2a: Tangrowth|Knock Off|p1a: Amoonguss\n|-damage|p1a: Amoonguss|55\/100\n|-damage|p2a: Tangrowth|41\/100|[from] item: Rocky Helmet|[of] p1a: Amoonguss\n|-enditem|p1a: Amoonguss|Rocky Helmet|[from] move: Knock Off|[of] p2a: Tangrowth\n|move|p1a: Amoonguss|Sludge Bomb|p2a: Tangrowth\n|-supereffective|p2a: Tangrowth\n|-damage|p2a: Tangrowth|4\/100\n|\n|upkeep\n|turn|13\n|\n|t:|1666635413\n|switch|p2a: Excadrill|Excadrill, F|100\/100\n|-damage|p2a: Excadrill|97\/100|[from] Stealth Rock\n|move|p1a: Amoonguss|Giga Drain|p2a: Excadrill\n|-damage|p2a: Excadrill|68\/100\n|-heal|p1a: Amoonguss|67\/100|[from] drain|[of] p2a: Excadrill\n|\n|-heal|p2a: Excadrill|74\/100|[from] item: Leftovers\n|upkeep\n|turn|14\n|\n|t:|1666635416\n|move|p2a: Excadrill|Rapid Spin|p1a: Amoonguss\n|-damage|p1a: Amoonguss|54\/100\n|-boost|p2a: Excadrill|spe|1\n|-sideend|p2: Stads|Stealth Rock|[from] move: Rapid Spin|[of] p2a: Excadrill\n|move|p1a: Amoonguss|Stun Spore|p2a: Excadrill\n|-status|p2a: Excadrill|par\n|\n|-heal|p2a: Excadrill|80\/100 par|[from] item: Leftovers\n|upkeep\n|turn|15\n|\n|t:|1666635427\n|move|p2a: Excadrill|Earthquake|p1a: Amoonguss\n|-damage|p1a: Amoonguss|15\/100\n|move|p1a: Amoonguss|Giga Drain|p2a: Excadrill\n|-damage|p2a: Excadrill|48\/100 par\n|-heal|p1a: Amoonguss|29\/100|[from] drain|[of] p2a: Excadrill\n|\n|-heal|p2a: Excadrill|54\/100 par|[from] item: Leftovers\n|upkeep\n|turn|16\n|\n|t:|1666635438\n|switch|p1a: Cobalion|Cobalion|42\/100\n|-damage|p1a: Cobalion|39\/100|[from] Stealth Rock\n|cant|p2a: Excadrill|par\n|\n|-heal|p2a: Excadrill|60\/100 par|[from] item: Leftovers\n|upkeep\n|turn|17\n|\n|t:|1666635444\n|switch|p2a: Keldeo|Keldeo-Resolute|100\/100\n|move|p1a: Cobalion|Close Combat|p2a: Keldeo\n|-damage|p2a: Keldeo|46\/100\n|-unboost|p1a: Cobalion|def|1\n|-unboost|p1a: Cobalion|spd|1\n|\n|upkeep\n|turn|18\n|\n|t:|1666635453\n|move|p1a: Cobalion|Close Combat|p2a: Keldeo\n|-damage|p2a: Keldeo|0 fnt\n|-unboost|p1a: Cobalion|def|1\n|-unboost|p1a: Cobalion|spd|1\n|faint|p2a: Keldeo\n|\n|upkeep\n|c|\u2606Stads|So much hax\n|c|\u2606Stads|This is hilarious\n|\n|t:|1666635469\n|switch|p2a: Rotom|Rotom-Wash|100\/100\n|turn|19\n|\n|t:|1666635473\n|move|p1a: Cobalion|Stealth Rock|p2a: Rotom\n|-sidestart|p2: Stads|move: Stealth Rock\n|move|p2a: Rotom|Hydro Pump|p1a: Cobalion\n|-damage|p1a: Cobalion|0 fnt\n|faint|p1a: Cobalion\n|\n|upkeep\n|\n|t:|1666635477\n|switch|p1a: Diggersby|Diggersby, M|100\/100\n|-damage|p1a: Diggersby|94\/100|[from] Stealth Rock\n|turn|20\n|\n|t:|1666635480\n|move|p1a: Diggersby|Knock Off|p2a: Rotom\n|-damage|p2a: Rotom|60\/100\n|-enditem|p2a: Rotom|Leftovers|[from] move: Knock Off|[of] p1a: Diggersby\n|move|p2a: Rotom|Hydro Pump|p1a: Diggersby\n|-supereffective|p1a: Diggersby\n|-damage|p1a: Diggersby|0 fnt\n|faint|p1a: Diggersby\n|\n|upkeep\n|\n|t:|1666635490\n|switch|p1a: Lycanroc|Lycanroc-Dusk, F|100\/100\n|-damage|p1a: Lycanroc|88\/100|[from] Stealth Rock\n|turn|21\n|\n|t:|1666635493\n|move|p1a: Lycanroc|Close Combat|p2a: Rotom\n|-damage|p2a: Rotom|0 fnt\n|-unboost|p1a: Lycanroc|def|1\n|-unboost|p1a: Lycanroc|spd|1\n|faint|p2a: Rotom\n|\n|upkeep\n|\n|t:|1666635496\n|switch|p2a: Salamence|Salamence, F|75\/100 par\n|-ability|p2a: Salamence|Intimidate|boost\n|-unboost|p1a: Lycanroc|atk|1\n|turn|22\n|\n|t:|1666635502\n|switch|p1a: Primarina|Primarina, F|80\/100\n|-damage|p1a: Primarina|68\/100|[from] Stealth Rock\n|move|p2a: Salamence|Hurricane|p1a: Primarina\n|-damage|p1a: Primarina|35\/100\n|-start|p1a: Primarina|confusion\n|\n|-heal|p1a: Primarina|41\/100|[from] item: Leftovers\n|upkeep\n|turn|23\n|\n|t:|1666635513\n|switch|p2a: Hippowdon|Hippowdon, M|100\/100 par\n|-damage|p2a: Hippowdon|94\/100 par|[from] Stealth Rock\n|-weather|Sandstorm|[from] ability: Sand Stream|[of] p2a: Hippowdon\n|-activate|p1a: Primarina|confusion\n|move|p1a: Primarina|Draining Kiss|p2a: Hippowdon\n|-damage|p2a: Hippowdon|79\/100 par\n|-heal|p1a: Primarina|55\/100|[from] drain|[of] p2a: Hippowdon\n|\n|-weather|Sandstorm|[upkeep]\n|-damage|p1a: Primarina|49\/100|[from] Sandstorm\n|-heal|p1a: Primarina|55\/100|[from] item: Leftovers\n|-heal|p2a: Hippowdon|85\/100 par|[from] item: Leftovers\n|upkeep\n|turn|24\n|\n|t:|1666635519\n|switch|p1a: Amoonguss|Amoonguss, M|62\/100\n|-damage|p1a: Amoonguss|49\/100|[from] Stealth Rock\n|cant|p2a: Hippowdon|par\n|\n|-weather|Sandstorm|[upkeep]\n|-damage|p1a: Amoonguss|43\/100|[from] Sandstorm\n|-heal|p2a: Hippowdon|91\/100 par|[from] item: Leftovers\n|upkeep\n|turn|25\n|\n|t:|1666635522\n|switch|p1a: Primarina|Primarina, F|55\/100\n|-damage|p1a: Primarina|42\/100|[from] Stealth Rock\n|switch|p2a: Excadrill|Excadrill, F|60\/100 par\n|-damage|p2a: Excadrill|57\/100 par|[from] Stealth Rock\n|\n|-weather|Sandstorm|[upkeep]\n|-damage|p1a: Primarina|36\/100|[from] Sandstorm\n|-heal|p2a: Excadrill|63\/100 par|[from] item: Leftovers\n|-heal|p1a: Primarina|42\/100|[from] item: Leftovers\n|upkeep\n|turn|26\n|\n|t:|1666635524\n|move|p2a: Excadrill|Rapid Spin|p1a: Primarina\n|-damage|p1a: Primarina|21\/100\n|-boost|p2a: Excadrill|spe|1\n|-sideend|p2: Stads|Stealth Rock|[from] move: Rapid Spin|[of] p2a: Excadrill\n|move|p1a: Primarina|Scald|p2a: Excadrill\n|-supereffective|p2a: Excadrill\n|-damage|p2a: Excadrill|0 fnt\n|faint|p2a: Excadrill\n|\n|-weather|Sandstorm|[upkeep]\n|-damage|p1a: Primarina|15\/100|[from] Sandstorm\n|-heal|p1a: Primarina|21\/100|[from] item: Leftovers\n|upkeep\n|\n|t:|1666635527\n|switch|p2a: Tangrowth|Tangrowth, M|38\/100\n|turn|27\n|\n|t:|1666635535\n|move|p1a: Primarina|Scald|p2a: Tangrowth\n|-resisted|p2a: Tangrowth\n|-damage|p2a: Tangrowth|20\/100\n|-status|p2a: Tangrowth|brn\n|move|p2a: Tangrowth|Sludge Bomb|p1a: Primarina\n|-supereffective|p1a: Primarina\n|-damage|p1a: Primarina|0 fnt\n|faint|p1a: Primarina\n|\n|-weather|none\n|-damage|p2a: Tangrowth|14\/100 brn|[from] brn\n|upkeep\n|\n|t:|1666635538\n|switch|p1a: Chandelure|Chandelure, F|100\/100\n|turn|28\n|\n|t:|1666635542\n|switch|p2a: Salamence|Salamence, F|75\/100 par\n|-ability|p2a: Salamence|Intimidate|boost\n|-unboost|p1a: Chandelure|atk|1\n|move|p1a: Chandelure|Hex|p2a: Salamence\n|-damage|p2a: Salamence|0 fnt\n|faint|p2a: Salamence\n|\n|upkeep\n|\n|t:|1666635544\n|switch|p2a: Hippowdon|Hippowdon, M|91\/100 par\n|-weather|Sandstorm|[from] ability: Sand Stream|[of] p2a: Hippowdon\n|turn|29\n|\n|t:|1666635554\n|switch|p1a: Amoonguss|Amoonguss, M|76\/100\n|-damage|p1a: Amoonguss|64\/100|[from] Stealth Rock\n|cant|p2a: Hippowdon|par\n|\n|-weather|Sandstorm|[upkeep]\n|-damage|p1a: Amoonguss|58\/100|[from] Sandstorm\n|-heal|p2a: Hippowdon|98\/100 par|[from] item: Leftovers\n|upkeep\n|turn|30\n|\n|t:|1666635558\n|move|p1a: Amoonguss|Giga Drain|p2a: Hippowdon\n|-supereffective|p2a: Hippowdon\n|-damage|p2a: Hippowdon|66\/100 par\n|-heal|p1a: Amoonguss|73\/100|[from] drain|[of] p2a: Hippowdon\n|move|p2a: Hippowdon|Earthquake|p1a: Amoonguss\n|-damage|p1a: Amoonguss|45\/100\n|\n|-weather|Sandstorm|[upkeep]\n|-damage|p1a: Amoonguss|39\/100|[from] Sandstorm\n|-heal|p2a: Hippowdon|72\/100 par|[from] item: Leftovers\n|upkeep\n|turn|31\n|\n|t:|1666635561\n|move|p1a: Amoonguss|Giga Drain|p2a: Hippowdon\n|-supereffective|p2a: Hippowdon\n|-damage|p2a: Hippowdon|42\/100 par\n|-heal|p1a: Amoonguss|54\/100|[from] drain|[of] p2a: Hippowdon\n|cant|p2a: Hippowdon|par\n|\n|-weather|Sandstorm|[upkeep]\n|-damage|p1a: Amoonguss|47\/100|[from] Sandstorm\n|-heal|p2a: Hippowdon|48\/100 par|[from] item: Leftovers\n|upkeep\n|turn|32\n|\n|t:|1666635563\n|switch|p2a: Tangrowth|Tangrowth, M|47\/100 brn\n|move|p1a: Amoonguss|Giga Drain|p2a: Tangrowth\n|-resisted|p2a: Tangrowth\n|-damage|p2a: Tangrowth|40\/100 brn\n|-heal|p1a: Amoonguss|51\/100|[from] drain|[of] p2a: Tangrowth\n|\n|-weather|Sandstorm|[upkeep]\n|-damage|p2a: Tangrowth|33\/100 brn|[from] Sandstorm\n|-damage|p1a: Amoonguss|44\/100|[from] Sandstorm\n|-damage|p2a: Tangrowth|27\/100 brn|[from] brn\n|upkeep\n|turn|33\n|\n|t:|1666635566\n|switch|p2a: Hippowdon|Hippowdon, M|48\/100 par\n|move|p1a: Amoonguss|Sludge Bomb|p2a: Hippowdon\n|-resisted|p2a: Hippowdon\n|-damage|p2a: Hippowdon|39\/100 par\n|\n|-weather|none\n|-heal|p2a: Hippowdon|45\/100 par|[from] item: Leftovers\n|upkeep\n|turn|34\n|\n|t:|1666635568\n|move|p1a: Amoonguss|Giga Drain|p2a: Hippowdon\n|-supereffective|p2a: Hippowdon\n|-damage|p2a: Hippowdon|11\/100 par\n|-heal|p1a: Amoonguss|61\/100|[from] drain|[of] p2a: Hippowdon\n|move|p2a: Hippowdon|Slack Off|p2a: Hippowdon\n|-heal|p2a: Hippowdon|61\/100 par\n|\n|-heal|p2a: Hippowdon|68\/100 par|[from] item: Leftovers\n|upkeep\n|turn|35\n|\n|t:|1666635570\n|move|p1a: Amoonguss|Giga Drain|p2a: Hippowdon\n|-supereffective|p2a: Hippowdon\n|-damage|p2a: Hippowdon|36\/100 par\n|-heal|p1a: Amoonguss|76\/100|[from] drain|[of] p2a: Hippowdon\n|move|p2a: Hippowdon|Slack Off|p2a: Hippowdon\n|-heal|p2a: Hippowdon|86\/100 par\n|\n|-heal|p2a: Hippowdon|92\/100 par|[from] item: Leftovers\n|upkeep\n|turn|36\n|\n|t:|1666635572\n|switch|p2a: Tangrowth|Tangrowth, M|60\/100 brn\n|move|p1a: Amoonguss|Giga Drain|p2a: Tangrowth\n|-resisted|p2a: Tangrowth\n|-damage|p2a: Tangrowth|52\/100 brn\n|-heal|p1a: Amoonguss|80\/100|[from] drain|[of] p2a: Tangrowth\n|\n|-damage|p2a: Tangrowth|46\/100 brn|[from] brn\n|upkeep\n|turn|37\n|\n|t:|1666635576\n|switch|p2a: Hippowdon|Hippowdon, M|92\/100 par\n|-weather|Sandstorm|[from] ability: Sand Stream|[of] p2a: Hippowdon\n|move|p1a: Amoonguss|Sludge Bomb|p2a: Hippowdon\n|-resisted|p2a: Hippowdon\n|-damage|p2a: Hippowdon|82\/100 par\n|\n|-weather|Sandstorm|[upkeep]\n|-damage|p1a: Amoonguss|74\/100|[from] Sandstorm\n|-heal|p2a: Hippowdon|89\/100 par|[from] item: Leftovers\n|upkeep\n|turn|38\n|\n|t:|1666635579\n|move|p1a: Amoonguss|Giga Drain|p2a: Hippowdon\n|-supereffective|p2a: Hippowdon\n|-damage|p2a: Hippowdon|56\/100 par\n|-heal|p1a: Amoonguss|90\/100|[from] drain|[of] p2a: Hippowdon\n|move|p2a: Hippowdon|Earthquake|p1a: Amoonguss\n|-damage|p1a: Amoonguss|63\/100\n|\n|-weather|Sandstorm|[upkeep]\n|-damage|p1a: Amoonguss|56\/100|[from] Sandstorm\n|-heal|p2a: Hippowdon|62\/100 par|[from] item: Leftovers\n|upkeep\n|turn|39\n|\n|t:|1666635581\n|move|p1a: Amoonguss|Giga Drain|p2a: Hippowdon\n|-supereffective|p2a: Hippowdon\n|-damage|p2a: Hippowdon|26\/100 par\n|-heal|p1a: Amoonguss|74\/100|[from] drain|[of] p2a: Hippowdon\n|move|p2a: Hippowdon|Slack Off|p2a: Hippowdon\n|-heal|p2a: Hippowdon|76\/100 par\n|\n|-weather|Sandstorm|[upkeep]\n|-damage|p1a: Amoonguss|67\/100|[from] Sandstorm\n|-heal|p2a: Hippowdon|82\/100 par|[from] item: Leftovers\n|upkeep\n|turn|40\n|\n|t:|1666635584\n|switch|p2a: Tangrowth|Tangrowth, M|79\/100 brn\n|move|p1a: Amoonguss|Giga Drain|p2a: Tangrowth\n|-resisted|p2a: Tangrowth\n|-damage|p2a: Tangrowth|71\/100 brn\n|-heal|p1a: Amoonguss|71\/100|[from] drain|[of] p2a: Tangrowth\n|\n|-weather|Sandstorm|[upkeep]\n|-damage|p2a: Tangrowth|65\/100 brn|[from] Sandstorm\n|-damage|p1a: Amoonguss|65\/100|[from] Sandstorm\n|-damage|p2a: Tangrowth|59\/100 brn|[from] brn\n|upkeep\n|turn|41\n|\n|t:|1666635586\n|switch|p2a: Hippowdon|Hippowdon, M|82\/100 par\n|switch|p1a: Lycanroc|Lycanroc-Dusk, F|88\/100\n|-damage|p1a: Lycanroc|76\/100|[from] Stealth Rock\n|\n|-weather|none\n|-heal|p2a: Hippowdon|89\/100 par|[from] item: Leftovers\n|upkeep\n|turn|42\n|\n|t:|1666635589\n|move|p1a: Lycanroc|Close Combat|p2a: Hippowdon\n|-damage|p2a: Hippowdon|40\/100 par\n|-unboost|p1a: Lycanroc|def|1\n|-unboost|p1a: Lycanroc|spd|1\n|move|p2a: Hippowdon|Earthquake|p1a: Lycanroc\n|-supereffective|p1a: Lycanroc\n|-damage|p1a: Lycanroc|0 fnt\n|faint|p1a: Lycanroc\n|\n|-heal|p2a: Hippowdon|46\/100 par|[from] item: Leftovers\n|upkeep\n|\n|t:|1666635591\n|switch|p1a: Chandelure|Chandelure, F|100\/100\n|turn|43\n|\n|t:|1666635593\n|move|p1a: Chandelure|Hex|p2a: Hippowdon\n|-damage|p2a: Hippowdon|0 fnt\n|faint|p2a: Hippowdon\n|\n|upkeep\n|\n|t:|1666635595\n|switch|p2a: Tangrowth|Tangrowth, M|92\/100 brn\n|turn|44\n|\n|t:|1666635597\n|move|p1a: Chandelure|Flamethrower|p2a: Tangrowth\n|-supereffective|p2a: Tangrowth\n|-damage|p2a: Tangrowth|17\/100 brn\n|move|p2a: Tangrowth|Earthquake|p1a: Chandelure\n|-supereffective|p1a: Chandelure\n|-damage|p1a: Chandelure|69\/100\n|\n|-damage|p2a: Tangrowth|11\/100 brn|[from] brn\n|upkeep\n|turn|45\n|-message|Stads forfeited.\n|\n|win|Pok3mon Jake\n|raw|Pok3mon Jake's rating: 1405 &rarr; <strong>1424<\/strong><br \/>(+19 for winning)\n|raw|Stads's rating: 1379 &rarr; <strong>1360<\/strong><br \/>(-19 for losing)\n|l|\u2606Stads\n","uploadtime":1666635604,"views":11,"p1id":"pok3monjake","p2id":"stads","formatid":"gen8uu","rating":1360,"private":0,"password":null}