{"id":"gen8ou-1704589663","p1":"Tsukimizaka Kiriha","p2":"minimax_ai","format":"gen8ou","log":"|j|\u2606Tsukimizaka Kiriha\n|j|\u2606minimax_ai\n|t:|1667791130\n|gametype|singles\n|player|p1|Tsukimizaka Kiriha|swimmerf-gen4dp|1625\n|player|p2|minimax_ai|169|1634\n|teamsize|p1|6\n|teamsize|p2|6\n|gen|8\n|tier|[Gen 8] OU\n|rated|\n|rule|Sleep Clause Mod: Limit one foe put to sleep\n|rule|Species Clause: Limit one of each Pok\u00e9mon\n|rule|OHKO Clause: OHKO moves are banned\n|rule|Evasion Items Clause: Evasion items are banned\n|rule|Evasion Moves Clause: Evasion moves are banned\n|rule|Endless Battle Clause: Forcing endless battles is banned\n|rule|HP Percentage Mod: HP is shown in percentages\n|rule|Dynamax Clause: You cannot dynamax\n|clearpoke\n|poke|p1|Ninetales-Alola, F|\n|poke|p1|Weavile, F|\n|poke|p1|Volcarona, M|\n|poke|p1|Mew|\n|poke|p1|Garchomp, F|\n|poke|p1|Cloyster, F|\n|poke|p2|Rotom-Wash|\n|poke|p2|Weavile, F|\n|poke|p2|Landorus-Therian, M|\n|poke|p2|Heatran, M|\n|poke|p2|Tangrowth, M|\n|poke|p2|Melmetal|\n|teampreview\n|inactive|Battle timer is ON: inactive players will automatically lose when time's up. (requested by Tsukimizaka Kiriha)\n|\n|t:|1667791133\n|start\n|switch|p1a: Mew|Mew|100\/100\n|switch|p2a: Heatran|Heatran, M|100\/100\n|-item|p2a: Heatran|Air Balloon\n|turn|1\n|c|\u2606minimax_ai|hf\n|inactive|minimax_ai also wants the timer to be on.\n|\n|t:|1667791138\n|move|p1a: Mew|Taunt|p2a: Heatran\n|-start|p2a: Heatran|move: Taunt\n|move|p2a: Heatran|Eruption|p1a: Mew\n|-damage|p1a: Mew|37\/100\n|\n|upkeep\n|turn|2\n|\n|t:|1667791140\n|move|p1a: Mew|Stealth Rock|p2a: Heatran\n|-sidestart|p2: minimax_ai|move: Stealth Rock\n|move|p2a: Heatran|Eruption|p1a: Mew\n|-damage|p1a: Mew|0 fnt\n|faint|p1a: Mew\n|\n|upkeep\n|\n|t:|1667791148\n|switch|p1a: Weavile|Weavile, F|100\/100\n|-ability|p1a: Weavile|Pressure\n|turn|3\n|\n|t:|1667791150\n|move|p1a: Weavile|Knock Off|p2a: Heatran\n|-damage|p2a: Heatran|34\/100\n|-enditem|p2a: Heatran|Air Balloon\n|-damage|p1a: Weavile|91\/100|[from] item: Life Orb\n|move|p2a: Heatran|Magma Storm|p1a: Weavile\n|-supereffective|p1a: Weavile\n|-damage|p1a: Weavile|0 fnt\n|faint|p1a: Weavile\n|\n|-end|p2a: Heatran|move: Taunt\n|upkeep\n|\n|t:|1667791154\n|switch|p1a: Garchomp|Garchomp, F|100\/100\n|turn|4\n|\n|t:|1667791158\n|switch|p2a: Tangrowth|Tangrowth, M|100\/100\n|-damage|p2a: Tangrowth|88\/100|[from] Stealth Rock\n|move|p1a: Garchomp|Swords Dance|p1a: Garchomp\n|-boost|p1a: Garchomp|atk|2\n|\n|upkeep\n|turn|5\n|\n|t:|1667791161\n|move|p1a: Garchomp|Fire Fang|p2a: Tangrowth|[miss]\n|-miss|p1a: Garchomp|p2a: Tangrowth\n|move|p2a: Tangrowth|Giga Drain|p1a: Garchomp\n|-damage|p1a: Garchomp|69\/100\n|-heal|p2a: Tangrowth|100\/100|[from] drain|[of] p1a: Garchomp\n|\n|upkeep\n|turn|6\n|\n|t:|1667791163\n|move|p1a: Garchomp|Scale Shot|p2a: Tangrowth\n|-damage|p2a: Tangrowth|84\/100\n|-damage|p2a: Tangrowth|66\/100\n|-hitcount|p2a: Tangrowth|2\n|-unboost|p1a: Garchomp|def|1\n|-boost|p1a: Garchomp|spe|1\n|-damage|p1a: Garchomp|60\/100|[from] item: Life Orb\n|move|p2a: Tangrowth|Giga Drain|p1a: Garchomp\n|-damage|p1a: Garchomp|32\/100\n|-heal|p2a: Tangrowth|79\/100|[from] drain|[of] p1a: Garchomp\n|\n|upkeep\n|turn|7\n|\n|t:|1667791166\n|move|p1a: Garchomp|Fire Fang|p2a: Tangrowth\n|-supereffective|p2a: Tangrowth\n|-damage|p2a: Tangrowth|19\/100\n|-damage|p1a: Garchomp|15\/100|[from] item: Rocky Helmet|[of] p2a: Tangrowth\n|-damage|p1a: Garchomp|5\/100|[from] item: Life Orb\n|move|p2a: Tangrowth|Knock Off|p1a: Garchomp\n|-damage|p1a: Garchomp|0 fnt\n|-damage|p2a: Tangrowth|6\/100|[from] ability: Rough Skin|[of] p1a: Garchomp\n|-enditem|p1a: Garchomp|Life Orb|[from] move: Knock Off|[of] p2a: Tangrowth\n|faint|p1a: Garchomp\n|\n|upkeep\n|\n|t:|1667791169\n|switch|p1a: Volcarona|Volcarona, M|100\/100\n|turn|8\n|\n|t:|1667791171\n|switch|p2a: landorustherian|Landorus-Therian, M|100\/100\n|-damage|p2a: landorustherian|88\/100|[from] Stealth Rock\n|-ability|p2a: landorustherian|Intimidate|boost\n|-unboost|p1a: Volcarona|atk|1\n|move|p1a: Volcarona|Substitute|p1a: Volcarona\n|-start|p1a: Volcarona|Substitute\n|-damage|p1a: Volcarona|76\/100\n|\n|-heal|p1a: Volcarona|82\/100|[from] item: Leftovers\n|-heal|p2a: landorustherian|94\/100|[from] item: Leftovers\n|upkeep\n|turn|9\n|\n|t:|1667791173\n|move|p1a: Volcarona|Quiver Dance|p1a: Volcarona\n|-boost|p1a: Volcarona|spa|1\n|-boost|p1a: Volcarona|spd|1\n|-boost|p1a: Volcarona|spe|1\n|move|p2a: landorustherian|Defog|p1a: Volcarona\n|-sideend|p2: minimax_ai|Stealth Rock|[from] move: Defog|[of] p2a: landorustherian\n|\n|-heal|p1a: Volcarona|88\/100|[from] item: Leftovers\n|-heal|p2a: landorustherian|99\/100|[from] item: Leftovers\n|upkeep\n|turn|10\n|\n|t:|1667791175\n|move|p1a: Volcarona|Quiver Dance|p1a: Volcarona\n|-boost|p1a: Volcarona|spa|1\n|-boost|p1a: Volcarona|spd|1\n|-boost|p1a: Volcarona|spe|1\n|move|p2a: landorustherian|Earthquake|p1a: Volcarona\n|-end|p1a: Volcarona|Substitute\n|\n|-heal|p1a: Volcarona|94\/100|[from] item: Leftovers\n|-heal|p2a: landorustherian|100\/100|[from] item: Leftovers\n|upkeep\n|turn|11\n|\n|t:|1667791179\n|move|p1a: Volcarona|Flamethrower|p2a: landorustherian\n|-damage|p2a: landorustherian|23\/100\n|move|p2a: landorustherian|Earthquake|p1a: Volcarona\n|-damage|p1a: Volcarona|19\/100\n|\n|-heal|p1a: Volcarona|25\/100|[from] item: Leftovers\n|-heal|p2a: landorustherian|29\/100|[from] item: Leftovers\n|upkeep\n|turn|12\n|\n|t:|1667791181\n|move|p1a: Volcarona|Flamethrower|p2a: landorustherian\n|-damage|p2a: landorustherian|0 fnt\n|faint|p2a: landorustherian\n|\n|-heal|p1a: Volcarona|31\/100|[from] item: Leftovers\n|upkeep\n|\n|t:|1667791181\n|switch|p2a: rotomwash|Rotom-Wash|100\/100\n|turn|13\n|\n|t:|1667791183\n|move|p1a: Volcarona|Bug Buzz|p2a: rotomwash\n|-damage|p2a: rotomwash|0 fnt\n|faint|p2a: rotomwash\n|\n|-heal|p1a: Volcarona|37\/100|[from] item: Leftovers\n|upkeep\n|\n|t:|1667791183\n|switch|p2a: Tangrowth|Tangrowth, M|40\/100\n|turn|14\n|\n|t:|1667791186\n|switch|p2a: Heatran|Heatran, M|34\/100\n|move|p1a: Volcarona|Bug Buzz|p2a: Heatran\n|-resisted|p2a: Heatran\n|-damage|p2a: Heatran|11\/100\n|\n|-heal|p1a: Volcarona|43\/100|[from] item: Leftovers\n|upkeep\n|turn|15\n|\n|t:|1667791188\n|move|p1a: Volcarona|Bug Buzz|p2a: Heatran\n|-resisted|p2a: Heatran\n|-damage|p2a: Heatran|0 fnt\n|faint|p2a: Heatran\n|\n|-heal|p1a: Volcarona|49\/100|[from] item: Leftovers\n|upkeep\n|\n|t:|1667791188\n|switch|p2a: Tangrowth|Tangrowth, M|73\/100\n|turn|16\n|\n|t:|1667791191\n|move|p1a: Volcarona|Flamethrower|p2a: Tangrowth\n|-supereffective|p2a: Tangrowth\n|-crit|p2a: Tangrowth\n|-damage|p2a: Tangrowth|0 fnt\n|faint|p2a: Tangrowth\n|\n|-heal|p1a: Volcarona|55\/100|[from] item: Leftovers\n|upkeep\n|\n|t:|1667791191\n|switch|p2a: Weavile|Weavile, F|100\/100\n|-ability|p2a: Weavile|Pressure\n|turn|17\n|\n|t:|1667791192\n|move|p2a: Weavile|Ice Shard|p1a: Volcarona\n|-resisted|p1a: Volcarona\n|-damage|p1a: Volcarona|34\/100\n|move|p1a: Volcarona|Flamethrower|p2a: Weavile\n|-supereffective|p2a: Weavile\n|-damage|p2a: Weavile|0 fnt\n|faint|p2a: Weavile\n|\n|-heal|p1a: Volcarona|40\/100|[from] item: Leftovers\n|upkeep\n|\n|t:|1667791192\n|switch|p2a: Melmetal|Melmetal|100\/100\n|turn|18\n|\n|t:|1667791193\n|move|p1a: Volcarona|Flamethrower|p2a: Melmetal\n|-supereffective|p2a: Melmetal\n|-damage|p2a: Melmetal|0 fnt\n|faint|p2a: Melmetal\n|\n|win|Tsukimizaka Kiriha\n|raw|Tsukimizaka Kiriha's rating: 1625 &rarr; <strong>1646<\/strong><br \/>(+21 for winning)\n|raw|minimax_ai's rating: 1634 &rarr; <strong>1613<\/strong><br \/>(-21 for losing)\n|c|\u2606minimax_ai|gg\n|l|\u2606Tsukimizaka Kiriha\n","uploadtime":1667791195,"views":6,"p1id":"tsukimizakakiriha","p2id":"minimaxai","formatid":"gen8ou","rating":1613,"private":0,"password":null}