{"id":"gen8ou-1624371377","p1":"andrewm0n","p2":"Lunar Descent","format":"gen8ou","log":"|j|\u2606andrewm0n\n|j|\u2606Lunar Descent\n|t:|1658693763\n|gametype|singles\n|player|p1|andrewm0n|101|1773\n|player|p2|Lunar Descent|bellelba|1767\n|teamsize|p1|6\n|teamsize|p2|6\n|gen|8\n|tier|[Gen 8] OU\n|rated|\n|rule|Sleep Clause Mod: Limit one foe put to sleep\n|rule|Species Clause: Limit one of each Pok\u00e9mon\n|rule|OHKO Clause: OHKO moves are banned\n|rule|Evasion Moves Clause: Evasion moves are banned\n|rule|Endless Battle Clause: Forcing endless battles is banned\n|rule|HP Percentage Mod: HP is shown in percentages\n|rule|Dynamax Clause: You cannot dynamax\n|clearpoke\n|poke|p1|Obstagoon, M|\n|poke|p1|Corviknight, M|\n|poke|p1|Seismitoad, M|\n|poke|p1|Clefable, M|\n|poke|p1|Slowbro-Galar, M|\n|poke|p1|Blaziken, M|\n|poke|p2|Landorus-Therian, M|\n|poke|p2|Weavile, F|\n|poke|p2|Heatran, F|\n|poke|p2|Zapdos|\n|poke|p2|Urshifu-*, F|\n|poke|p2|Tapu Bulu|\n|teampreview\n|\n|t:|1658693795\n|start\n|switch|p1a: Obstagoon|Obstagoon, M|100\/100\n|switch|p2a: Urshifu|Urshifu-Rapid-Strike, F|100\/100\n|turn|1\n|\n|t:|1658693812\n|switch|p1a: Corviknight|Corviknight, M|100\/100\n|move|p2a: Urshifu|U-turn|p1a: Corviknight\n|-resisted|p1a: Corviknight\n|-damage|p1a: Corviknight|96\/100\n|-damage|p2a: Urshifu|84\/100|[from] item: Rocky Helmet|[of] p1a: Corviknight\n|\n|t:|1658693816\n|switch|p2a: Zapdos|Zapdos|100\/100|[from]move: U-turn\n|\n|upkeep\n|turn|2\n|\n|t:|1658693858\n|move|p2a: Zapdos|Hurricane|p1a: Corviknight|[miss]\n|-miss|p2a: Zapdos|p1a: Corviknight\n|move|p1a: Corviknight|U-turn|p2a: Zapdos\n|-resisted|p2a: Zapdos\n|-damage|p2a: Zapdos|91\/100\n|\n|t:|1658693861\n|switch|p1a: Obstagoon|Obstagoon, M|100\/100|[from]move: U-turn\n|\n|upkeep\n|turn|3\n|\n|t:|1658693865\n|move|p1a: Obstagoon|Knock Off|p2a: Zapdos\n|-damage|p2a: Zapdos|46\/100\n|-status|p1a: Obstagoon|par|[from] ability: Static|[of] p2a: Zapdos\n|-enditem|p2a: Zapdos|Choice Specs|[from] move: Knock Off|[of] p1a: Obstagoon\n|move|p2a: Zapdos|Hurricane|p1a: Obstagoon\n|-damage|p1a: Obstagoon|33\/100 par\n|\n|upkeep\n|turn|4\n|\n|t:|1658693875\n|switch|p1a: Corviknight|Corviknight, M|96\/100\n|move|p2a: Zapdos|Thunderbolt|p1a: Corviknight\n|-supereffective|p1a: Corviknight\n|-damage|p1a: Corviknight|26\/100\n|\n|upkeep\n|turn|5\n|\n|t:|1658693879\n|move|p2a: Zapdos|Hurricane|p1a: Corviknight\n|-resisted|p1a: Corviknight\n|-damage|p1a: Corviknight|6\/100\n|move|p1a: Corviknight|U-turn|p2a: Zapdos\n|-resisted|p2a: Zapdos\n|-damage|p2a: Zapdos|38\/100\n|\n|t:|1658693890\n|switch|p1a: Blaziken|Blaziken, M|100\/100|[from]move: U-turn\n|\n|upkeep\n|turn|6\n|\n|t:|1658693893\n|move|p1a: Blaziken|Protect|p1a: Blaziken\n|-singleturn|p1a: Blaziken|Protect\n|move|p2a: Zapdos|Hurricane|p1a: Blaziken\n|-activate|p1a: Blaziken|move: Protect\n|\n|-ability|p1a: Blaziken|Speed Boost|boost\n|-boost|p1a: Blaziken|spe|1\n|upkeep\n|turn|7\n|\n|t:|1658693901\n|switch|p2a: Landorus|Landorus-Therian, M|100\/100\n|-ability|p2a: Landorus|Intimidate|boost\n|-unboost|p1a: Blaziken|atk|1\n|move|p1a: Blaziken|Flare Blitz|p2a: Landorus\n|-damage|p2a: Landorus|57\/100\n|-damage|p1a: Blaziken|83\/100|[from] Recoil\n|\n|-heal|p1a: Blaziken|89\/100|[from] item: Leftovers\n|-heal|p2a: Landorus|63\/100|[from] item: Leftovers\n|-ability|p1a: Blaziken|Speed Boost|boost\n|-boost|p1a: Blaziken|spe|1\n|upkeep\n|turn|8\n|\n|t:|1658693905\n|switch|p1a: Corviknight|Corviknight, M|6\/100\n|move|p2a: Landorus|U-turn|p1a: Corviknight\n|-resisted|p1a: Corviknight\n|-damage|p1a: Corviknight|2\/100\n|-damage|p2a: Landorus|47\/100|[from] item: Rocky Helmet|[of] p1a: Corviknight\n|\n|t:|1658693911\n|switch|p2a: Zapdos|Zapdos|38\/100|[from]move: U-turn\n|\n|upkeep\n|turn|9\n|\n|t:|1658693914\n|move|p2a: Zapdos|Thunderbolt|p1a: Corviknight\n|-supereffective|p1a: Corviknight\n|-damage|p1a: Corviknight|0 fnt\n|faint|p1a: Corviknight\n|\n|upkeep\n|\n|t:|1658693918\n|switch|p1a: Blaziken|Blaziken, M|89\/100\n|turn|10\n|\n|t:|1658693921\n|switch|p2a: Landorus|Landorus-Therian, M|47\/100\n|-ability|p2a: Landorus|Intimidate|boost\n|-unboost|p1a: Blaziken|atk|1\n|move|p1a: Blaziken|Flare Blitz|p2a: Landorus\n|-damage|p2a: Landorus|8\/100\n|-damage|p1a: Blaziken|72\/100|[from] Recoil\n|\n|-heal|p1a: Blaziken|78\/100|[from] item: Leftovers\n|-heal|p2a: Landorus|14\/100|[from] item: Leftovers\n|-ability|p1a: Blaziken|Speed Boost|boost\n|-boost|p1a: Blaziken|spe|1\n|upkeep\n|turn|11\n|\n|t:|1658693925\n|move|p1a: Blaziken|Flare Blitz|p2a: Landorus\n|-damage|p2a: Landorus|0 fnt\n|faint|p2a: Landorus\n|-damage|p1a: Blaziken|73\/100|[from] Recoil\n|\n|-heal|p1a: Blaziken|79\/100|[from] item: Leftovers\n|-ability|p1a: Blaziken|Speed Boost|boost\n|-boost|p1a: Blaziken|spe|1\n|upkeep\n|\n|t:|1658693929\n|switch|p2a: Urshifu|Urshifu-Rapid-Strike, F|84\/100\n|turn|12\n|\n|t:|1658693935\n|switch|p1a: Slowbro|Slowbro-Galar, M|100\/100\n|move|p2a: Urshifu|U-turn|p1a: Slowbro\n|-damage|p1a: Slowbro|81\/100\n|\n|t:|1658693940\n|switch|p2a: Weavile|Weavile, F|100\/100|[from]move: U-turn\n|-ability|p2a: Weavile|Pressure\n|\n|upkeep\n|turn|13\n|\n|t:|1658693948\n|switch|p1a: Obstagoon|Obstagoon, M|33\/100 par\n|move|p2a: Weavile|Triple Axel|p1a: Obstagoon|[miss]\n|-miss|p2a: Weavile|p1a: Obstagoon\n|\n|upkeep\n|turn|14\n|\n|t:|1658693950\n|move|p2a: Weavile|Triple Axel|p1a: Obstagoon\n|-damage|p1a: Obstagoon|15\/100 par\n|-damage|p1a: Obstagoon|0 fnt\n|faint|p1a: Obstagoon\n|-hitcount|p1: Obstagoon|2\n|\n|upkeep\n|\n|t:|1658693957\n|switch|p1a: Blaziken|Blaziken, M|79\/100\n|turn|15\n|\n|t:|1658693962\n|switch|p2a: Zapdos|Zapdos|38\/100\n|move|p1a: Blaziken|Close Combat|p2a: Zapdos\n|-resisted|p2a: Zapdos\n|-damage|p2a: Zapdos|1\/100\n|-unboost|p1a: Blaziken|def|1\n|-unboost|p1a: Blaziken|spd|1\n|\n|-heal|p1a: Blaziken|85\/100|[from] item: Leftovers\n|-ability|p1a: Blaziken|Speed Boost|boost\n|-boost|p1a: Blaziken|spe|1\n|upkeep\n|turn|16\n|\n|t:|1658693966\n|move|p1a: Blaziken|Close Combat|p2a: Zapdos\n|-resisted|p2a: Zapdos\n|-damage|p2a: Zapdos|0 fnt\n|-unboost|p1a: Blaziken|def|1\n|-unboost|p1a: Blaziken|spd|1\n|faint|p2a: Zapdos\n|\n|-heal|p1a: Blaziken|91\/100|[from] item: Leftovers\n|-ability|p1a: Blaziken|Speed Boost|boost\n|-boost|p1a: Blaziken|spe|1\n|upkeep\n|j| LEAD GOAT \u2605\n|\n|t:|1658693973\n|switch|p2a: Urshifu|Urshifu-Rapid-Strike, F|84\/100\n|turn|17\n|\n|t:|1658693982\n|switch|p1a: Slowbro|Slowbro-Galar, M|100\/100\n|move|p2a: Urshifu|Aqua Jet|p1a: Slowbro\n|-damage|p1a: Slowbro|83\/100\n|\n|upkeep\n|turn|18\n|\n|t:|1658693988\n|switch|p2a: Heatran|Heatran, F|100\/100\n|move|p1a: Slowbro|Earthquake|p2a: Heatran\n|-supereffective|p2a: Heatran\n|-damage|p2a: Heatran|33\/100\n|\n|-heal|p2a: Heatran|39\/100|[from] item: Leftovers\n|upkeep\n|turn|19\n|\n|t:|1658693996\n|switch|p2a: Weavile|Weavile, F|100\/100\n|-ability|p2a: Weavile|Pressure\n|move|p1a: Slowbro|Earthquake|p2a: Weavile\n|-damage|p2a: Weavile|52\/100\n|\n|upkeep\n|turn|20\n|\n|t:|1658694003\n|switch|p1a: Clefable|Clefable, M|100\/100\n|move|p2a: Weavile|Knock Off|p1a: Clefable\n|-resisted|p1a: Clefable\n|-damage|p1a: Clefable|69\/100\n|-enditem|p1a: Clefable|Leftovers|[from] move: Knock Off|[of] p2a: Weavile\n|\n|upkeep\n|turn|21\n|\n|t:|1658694007\n|switch|p2a: Heatran|Heatran, F|39\/100\n|switch|p1a: Blaziken|Blaziken, M|91\/100\n|\n|-heal|p1a: Blaziken|97\/100|[from] item: Leftovers\n|-heal|p2a: Heatran|45\/100|[from] item: Leftovers\n|upkeep\n|turn|22\n|\n|t:|1658694011\n|move|p1a: Blaziken|Close Combat|p2a: Heatran\n|-supereffective|p2a: Heatran\n|-damage|p2a: Heatran|0 fnt\n|-unboost|p1a: Blaziken|def|1\n|-unboost|p1a: Blaziken|spd|1\n|faint|p2a: Heatran\n|\n|-heal|p1a: Blaziken|100\/100|[from] item: Leftovers\n|-ability|p1a: Blaziken|Speed Boost|boost\n|-boost|p1a: Blaziken|spe|1\n|upkeep\n|\n|t:|1658694013\n|switch|p2a: Urshifu|Urshifu-Rapid-Strike, F|84\/100\n|turn|23\n|\n|t:|1658694021\n|switch|p1a: Seismitoad|Seismitoad, M|100\/100\n|move|p2a: Urshifu|Close Combat|p1a: Seismitoad\n|-damage|p1a: Seismitoad|46\/100\n|-unboost|p2a: Urshifu|def|1\n|-unboost|p2a: Urshifu|spd|1\n|\n|-heal|p1a: Seismitoad|52\/100|[from] item: Leftovers\n|upkeep\n|turn|24\n|\n|t:|1658694025\n|switch|p2a: Bulu|Tapu Bulu, shiny|100\/100\n|-fieldstart|move: Grassy Terrain|[from] ability: Grassy Surge|[of] p2a: Bulu\n|switch|p1a: Slowbro|Slowbro-Galar, M|100\/100\n|\n|upkeep\n|turn|25\n|\n|t:|1658694028\n|switch|p2a: Weavile|Weavile, F|52\/100\n|-ability|p2a: Weavile|Pressure\n|move|p1a: Slowbro|Shell Side Arm|p2a: Weavile|[anim] Shell Side Arm Physical\n|-damage|p2a: Weavile|0 fnt\n|-hint|Physical Shell Side Arm\n|faint|p2a: Weavile\n|\n|upkeep\n|-message|Lunar Descent forfeited.\n|\n|win|andrewm0n\n|raw|andrewm0n's rating: 1773 &rarr; <strong>1793<\/strong><br \/>(+20 for winning)\n|raw|Lunar Descent's rating: 1767 &rarr; <strong>1747<\/strong><br \/>(-20 for losing)\n|l|\u2606Lunar Descent\n|l|\u2606andrewm0n\n|l| LEAD GOAT \u2605\n||Ladder isn't responding, score probably updated but might not have (Request timeout).\n|j| SunTeamGod\n|j| whyad\n","uploadtime":1658694681,"views":36,"p1id":"andrewm0n","p2id":"lunardescent","formatid":"gen8ou","rating":1747,"private":0,"password":null}