{"id":"gen8vgc2022-1647447097","p1":"Pablez","p2":"Darkman64","format":"gen8vgc2022","log":"|j|\u2606Pablez\n|j|\u2606Darkman64\n|t:|1661378766\n|gametype|doubles\n|player|p1|Pablez|worker|\n|player|p2|Darkman64|juan|\n|teamsize|p1|6\n|teamsize|p2|6\n|gen|8\n|tier|[Gen 8] VGC 2022\n|rule|Species Clause: Limit one of each Pok\u00e9mon\n|rule|Item Clause: Limit one of each item\n|clearpoke\n|poke|p1|Entei, L50|\n|poke|p1|Tsareena, L50, F|\n|poke|p1|Crawdaunt, L50, F|\n|poke|p1|Dragonite, L50, M|\n|poke|p1|Togekiss, L50, F|\n|poke|p1|Stonjourner, L50, F|\n|poke|p2|Gothitelle, L50, M|\n|poke|p2|Salamence, L50, F|\n|poke|p2|Araquanid, L50, F|\n|poke|p2|Tsareena, L50, F|\n|poke|p2|Stonjourner, L50, M|\n|poke|p2|Entei, L50|\n|teampreview|4\n|\n|t:|1661378814\n|start\n|switch|p1a: Crawdaunt|Crawdaunt, L50, F|100\/100\n|switch|p1b: Dragonite|Dragonite, L50, M|100\/100\n|switch|p2a: Gothitelle|Gothitelle, L50, M|100\/100\n|switch|p2b: Stonjourner|Stonjourner, L50, M|100\/100\n|turn|1\n|\n|t:|1661378827\n|-start|p2b: Stonjourner|Dynamax|\n|-heal|p2b: Stonjourner|100\/100|[silent]\n|move|p1b: Dragonite|Breaking Swipe|p2b: Stonjourner|[spread] p2a,p2b\n|-crit|p2a: Gothitelle\n|-damage|p2a: Gothitelle|73\/100\n|-damage|p2b: Stonjourner|94\/100\n|-unboost|p2a: Gothitelle|atk|1\n|-ability|p2a: Gothitelle|Competitive\n|-boost|p2a: Gothitelle|spa|2\n|-unboost|p2b: Stonjourner|atk|1\n|move|p1a: Crawdaunt|Knock Off|p2a: Gothitelle\n|-supereffective|p2a: Gothitelle\n|-damage|p2a: Gothitelle|0 fnt\n|-enditem|p2a: Gothitelle|Focus Sash|[from] move: Knock Off|[of] p1a: Crawdaunt\n|faint|p2a: Gothitelle\n|move|p2b: Stonjourner|Max Rockfall|p1b: Dragonite\n|-supereffective|p1b: Dragonite\n|-damage|p1b: Dragonite|12\/100\n|-weather|Sandstorm\n|\n|-weather|Sandstorm|[upkeep]\n|-damage|p1b: Dragonite|6\/100|[from] Sandstorm\n|-damage|p1a: Crawdaunt|95\/100|[from] Sandstorm\n|-heal|p1b: Dragonite|12\/100|[from] item: Leftovers\n|upkeep\n|\n|t:|1661378830\n|switch|p2a: Salamence|Salamence, L50, F|100\/100\n|-ability|p2a: Salamence|Intimidate|boost\n|-unboost|p1a: Crawdaunt|atk|1\n|-fail|p1b: Dragonite|unboost|Attack|[from] ability: Inner Focus|[of] p1b: Dragonite\n|turn|2\n|\n|t:|1661378856\n|switch|p1a: Tsareena|Tsareena, L50, F|100\/100\n|move|p1b: Dragonite|Breaking Swipe|p2b: Stonjourner|[spread] p2a,p2b\n|-supereffective|p2a: Salamence\n|-damage|p2a: Salamence|64\/100\n|-damage|p2b: Stonjourner|88\/100\n|-unboost|p2a: Salamence|atk|1\n|-unboost|p2b: Stonjourner|atk|1\n|-enditem|p2a: Salamence|White Herb\n|-clearnegativeboost|p2a: Salamence|[silent]\n|move|p2a: Salamence|Draco Meteor|p1a: Tsareena\n|-damage|p1a: Tsareena|47\/100\n|-unboost|p2a: Salamence|spa|2\n|move|p2b: Stonjourner|Max Steelspike|p1b: Dragonite\n|-damage|p1b: Dragonite|0 fnt\n|-boost|p2a: Salamence|def|1\n|-boost|p2b: Stonjourner|def|1\n|faint|p1b: Dragonite\n|\n|-weather|Sandstorm|[upkeep]\n|-damage|p2a: Salamence|58\/100|[from] Sandstorm\n|-damage|p1a: Tsareena|41\/100|[from] Sandstorm\n|upkeep\n|\n|t:|1661378874\n|switch|p1b: Crawdaunt|Crawdaunt, L50, F|95\/100\n|turn|3\n|\n|t:|1661378885\n|-start|p1b: Crawdaunt|Dynamax|\n|-heal|p1b: Crawdaunt|95\/100|[silent]\n|move|p1b: Crawdaunt|Max Geyser|p2b: Stonjourner\n|-supereffective|p2b: Stonjourner\n|-damage|p2b: Stonjourner|44\/100\n|-weather|RainDance\n|move|p2a: Salamence|Draco Meteor|p1b: Crawdaunt\n|-crit|p1b: Crawdaunt\n|-damage|p1b: Crawdaunt|0 fnt\n|-unboost|p2a: Salamence|spa|2\n|faint|p1b: Crawdaunt\n|move|p1a: Tsareena|Triple Axel|p2a: Salamence\n|-supereffective|p2a: Salamence\n|-damage|p2a: Salamence|38\/100\n|-supereffective|p2a: Salamence\n|-crit|p2a: Salamence\n|-damage|p2a: Salamence|0 fnt\n|faint|p2a: Salamence\n|-hitcount|p2: Salamence|2\n|move|p2b: Stonjourner|Max Flare|p1a: Tsareena\n|-supereffective|p1a: Tsareena\n|-damage|p1a: Tsareena|17\/100\n|-weather|SunnyDay\n|\n|-weather|SunnyDay|[upkeep]\n|upkeep\n|c|\u2606Pablez|vale tio\n|\n|t:|1661378900\n|switch|p1b: Stonjourner|Stonjourner, L50, F|100\/100\n|switch|p2a: Araquanid|Araquanid, L50, F|100\/100\n|-end|p2b: Stonjourner|Dynamax\n|-heal|p2b: Stonjourner|44\/100|[silent]\n|turn|4\n|\n|t:|1661378912\n|move|p1a: Tsareena|Power Whip|p2a: Araquanid\n|-crit|p2a: Araquanid\n|-damage|p2a: Araquanid|0 fnt\n|faint|p2a: Araquanid\n|move|p1b: Stonjourner|Stone Edge|p2b: Stonjourner\n|-damage|p2b: Stonjourner|25\/100\n|move|p2b: Stonjourner|Heavy Slam|p1b: Stonjourner\n|-supereffective|p1b: Stonjourner\n|-damage|p1b: Stonjourner|89\/100\n|\n|-weather|SunnyDay|[upkeep]\n|upkeep\n|turn|5\n|c|\u2606Darkman64|sin quejarse\n|\n|t:|1661378923\n|move|p1a: Tsareena|Power Whip|p2b: Stonjourner\n|-supereffective|p2b: Stonjourner\n|-damage|p2b: Stonjourner|0 fnt\n|faint|p2b: Stonjourner\n|\n|win|Pablez\n|l|\u2606Darkman64\n|c|\u2606Pablez|era al dina\n|j|\u2606Darkman64\n|player|p2|Darkman64|juan\n|c|\u2606Pablez|influia mas xd\n","uploadtime":1661378935,"views":19,"p1id":"pablez","p2id":"darkman64","formatid":"gen8vgc2022","rating":0,"private":0,"password":null}