{"id":"gen8ou-1125302547","p1":"mongwong","p2":"jusfordlolz","format":"gen8ou","log":"|j|\u2606mongwong\n|j|\u2606jusfordlolz\n|player|p1|mongwong|silver|1356\n|player|p2|jusfordlolz|170|1350\n|teamsize|p1|6\n|teamsize|p2|6\n|gametype|singles\n|gen|8\n|tier|[Gen 8] OU\n|rated|\n|clearpoke\n|poke|p1|Haxorus, M|\n|poke|p1|Clefable, M|\n|poke|p1|Zeraora|\n|poke|p1|Ferrothorn, F|\n|poke|p1|Dragapult, M|\n|poke|p1|Goodra, F|\n|poke|p2|Terrakion|\n|poke|p2|Dracozolt|\n|poke|p2|Ferrothorn, F|\n|poke|p2|Excadrill, F|\n|poke|p2|Tyranitar, F|\n|poke|p2|Dragapult, M|\n|rule|Sleep Clause Mod: Limit one foe put to sleep\n|rule|Species Clause: Limit one of each Pok\u00e9mon\n|rule|OHKO Clause: OHKO moves are banned\n|rule|Evasion Moves Clause: Evasion moves are banned\n|rule|Endless Battle Clause: Forcing endless battles is banned\n|rule|HP Percentage Mod: HP is shown in percentages\n|rule|Dynamax Clause: You cannot dynamax\n|teampreview\n|\n|start\n|switch|p1a: Ferrothorn|Ferrothorn, F|100\/100\n|switch|p2a: Dracozolt|Dracozolt|100\/100\n|turn|1\n|inactive|Battle timer is ON: inactive players will automatically lose when time's up. (requested by jusfordlolz)\n|\n|move|p2a: Dracozolt|Fire Fang|p1a: Ferrothorn\n|-supereffective|p1a: Ferrothorn\n|-damage|p1a: Ferrothorn|32\/100\n|-damage|p2a: Dracozolt|88\/100|[from] ability: Iron Barbs|[of] p1a: Ferrothorn\n|move|p1a: Ferrothorn|Stealth Rock|p2a: Dracozolt\n|-sidestart|p2: jusfordlolz|move: Stealth Rock\n|\n|-heal|p1a: Ferrothorn|39\/100|[from] item: Leftovers\n|upkeep\n|turn|2\n|\n|move|p2a: Dracozolt|Fire Fang|p1a: Ferrothorn\n|-supereffective|p1a: Ferrothorn\n|-damage|p1a: Ferrothorn|0 fnt\n|-damage|p2a: Dracozolt|76\/100|[from] ability: Iron Barbs|[of] p1a: Ferrothorn\n|faint|p1a: Ferrothorn\n|\n|upkeep\n|\n|switch|p1a: Haxorus|Haxorus, M|100\/100\n|-ability|p1a: Haxorus|Mold Breaker\n|turn|3\n|\n|switch|p2a: Ferrothorn|Ferrothorn, F|100\/100\n|-damage|p2a: Ferrothorn|94\/100|[from] Stealth Rock\n|move|p1a: Haxorus|Earthquake|p2a: Ferrothorn\n|-damage|p2a: Ferrothorn|63\/100\n|\n|-heal|p2a: Ferrothorn|70\/100|[from] item: Leftovers\n|upkeep\n|turn|4\n|\n|switch|p1a: Dragapult|Dragapult, M|100\/100\n|move|p2a: Ferrothorn|Leech Seed|p1a: Dragapult\n|-start|p1a: Dragapult|move: Leech Seed\n|\n|-heal|p2a: Ferrothorn|76\/100|[from] item: Leftovers\n|-damage|p1a: Dragapult|88\/100|[from] Leech Seed|[of] p2a: Ferrothorn\n|-heal|p2a: Ferrothorn|87\/100|[silent]\n|upkeep\n|turn|5\n|\n|switch|p2a: Tyranitar|Tyranitar, F|100\/100\n|-damage|p2a: Tyranitar|88\/100|[from] Stealth Rock\n|-weather|Sandstorm|[from] ability: Sand Stream|[of] p2a: Tyranitar\n|move|p1a: Dragapult|Shadow Ball|p2a: Tyranitar\n|-resisted|p2a: Tyranitar\n|-damage|p2a: Tyranitar|75\/100\n|-unboost|p2a: Tyranitar|spd|1\n|\n|-weather|Sandstorm|[upkeep]\n|-damage|p1a: Dragapult|82\/100|[from] Sandstorm\n|-heal|p2a: Tyranitar|81\/100|[from] item: Leftovers\n|-damage|p1a: Dragapult|70\/100|[from] Leech Seed|[of] p2a: Tyranitar\n|-heal|p2a: Tyranitar|90\/100|[silent]\n|upkeep\n|turn|6\n|inactive|mongwong has 120 seconds left.\n|\n|switch|p1a: Clefable|Clefable, M|100\/100\n|move|p2a: Tyranitar|Stealth Rock|p1a: Clefable\n|-sidestart|p1: mongwong|move: Stealth Rock\n|\n|-weather|Sandstorm|[upkeep]\n|-heal|p2a: Tyranitar|97\/100|[from] item: Leftovers\n|upkeep\n|turn|7\n|\n|switch|p2a: Excadrill|Excadrill, F|100\/100\n|-damage|p2a: Excadrill|97\/100|[from] Stealth Rock\n|-item|p2a: Excadrill|Air Balloon\n|move|p1a: Clefable|Wish|p1a: Clefable\n|\n|-weather|Sandstorm|[upkeep]\n|upkeep\n|turn|8\n|inactive|mongwong has 120 seconds left.\n|\n|switch|p1a: Dragapult|Dragapult, M|70\/100\n|-damage|p1a: Dragapult|58\/100|[from] Stealth Rock\n|move|p2a: Excadrill|Iron Head|p1a: Dragapult\n|-damage|p1a: Dragapult|0 fnt\n|faint|p1a: Dragapult\n|\n|-weather|Sandstorm|[upkeep]\n|upkeep\n|\n|switch|p1a: Haxorus|Haxorus, M|100\/100\n|-damage|p1a: Haxorus|88\/100|[from] Stealth Rock\n|-ability|p1a: Haxorus|Mold Breaker\n|turn|9\n|\n|move|p2a: Excadrill|Earthquake|p1a: Haxorus\n|-crit|p1a: Haxorus\n|-damage|p1a: Haxorus|0 fnt\n|faint|p1a: Haxorus\n|\n|-weather|none\n|upkeep\n|inactive|mongwong has 120 seconds left.\n|-message|mongwong forfeited.\n|\n|win|jusfordlolz\n|l|\u2606mongwong\n|raw|mongwong's rating: 1356 &rarr; <strong>1336<\/strong><br \/>(-20 for losing)\n|raw|jusfordlolz's rating: 1350 &rarr; <strong>1371<\/strong><br \/>(+21 for winning)\n","uploadtime":1591087092,"views":6,"p1id":"mongwong","p2id":"jusfordlolz","formatid":"gen8ou","rating":1336,"private":0,"password":null}