{"id":"gen8uu-1120431597","p1":"UUH4 food","p2":"Walletinspector62","format":"gen8uu","log":"|j|\u2606UUH4 food\n|j|\u2606Walletinspector62\n|player|p1|UUH4 food|roxie|1160\n|player|p2|Walletinspector62|2|1282\n|teamsize|p1|6\n|teamsize|p2|6\n|gametype|singles\n|gen|8\n|tier|[Gen 8] UU\n|rated|\n|html|<div class=\"broadcast-blue\"><strong>UU is currently suspecting Haxorus! For information on how to participate check out the <a href=\"https:\/\/www.smogon.com\/forums\/threads\/3664575\/\">suspect thread<\/a>.<\/strong><\/div>\n|clearpoke\n|poke|p1|Xatu, F|\n|poke|p1|Barbaracle, F|\n|poke|p1|Necrozma|\n|poke|p1|Haxorus, F|\n|poke|p1|Sylveon, F|\n|poke|p1|Cobalion|\n|poke|p2|Haxorus, M|\n|poke|p2|Doublade, F|\n|poke|p2|Toxtricity, F|\n|poke|p2|Incineroar, M|\n|poke|p2|Rotom-Wash|\n|poke|p2|Tsareena, F|\n|rule|Sleep Clause Mod: Limit one foe put to sleep\n|rule|Species Clause: Limit one of each Pok\u00e9mon\n|rule|OHKO Clause: OHKO moves are banned\n|rule|Evasion Moves Clause: Evasion moves are banned\n|rule|Endless Battle Clause: Forcing endless battles is banned\n|rule|HP Percentage Mod: HP is shown in percentages\n|rule|Dynamax Clause: You cannot dynamax\n|teampreview\n|\n|start\n|switch|p1a: OK Boomer|Cobalion|100\/100\n|switch|p2a: Rotom|Rotom-Wash|100\/100\n|turn|1\n|j| OUZT i quit\n|\n|switch|p1a: Sylveon|Sylveon, F|100\/100\n|move|p2a: Rotom|Will-O-Wisp|p1a: Sylveon\n|-status|p1a: Sylveon|brn\n|\n|-damage|p1a: Sylveon|94\/100 brn|[from] brn\n|upkeep\n|turn|2\n|inactive|Battle timer is ON: inactive players will automatically lose when time's up. (requested by Walletinspector62)\n|\n|move|p1a: Sylveon|Substitute|p1a: Sylveon\n|-start|p1a: Sylveon|Substitute\n|-damage|p1a: Sylveon|70\/100 brn\n|move|p2a: Rotom|Volt Switch|p1a: Sylveon\n|-end|p1a: Sylveon|Substitute\n|\n|switch|p2a: Toxtricity|Toxtricity, F|100\/100|[from]move: Volt Switch\n|\n|-heal|p1a: Sylveon|76\/100 brn|[from] item: Leftovers\n|-damage|p1a: Sylveon|70\/100 brn|[from] brn\n|upkeep\n|turn|3\n|\n|switch|p1a: OK Boomer|Cobalion|100\/100\n|move|p2a: Toxtricity|Sludge Wave|p1a: OK Boomer\n|-immune|p1a: OK Boomer\n|\n|upkeep\n|turn|4\n|\n|switch|p1a: Xatu|Xatu, F|100\/100\n|switch|p2a: Doublade|Doublade, F|100\/100\n|\n|upkeep\n|turn|5\n|\n|move|p2a: Doublade|Shadow Sneak|p1a: Xatu\n|-supereffective|p1a: Xatu\n|-damage|p1a: Xatu|43\/100\n|move|p1a: Xatu|Reflect|p1a: Xatu\n|-sidestart|p1: UUH4 food|Reflect\n|\n|upkeep\n|turn|6\n|\n|move|p1a: Xatu|Light Screen|p1a: Xatu\n|-sidestart|p1: UUH4 food|move: Light Screen\n|move|p2a: Doublade|Swords Dance|p2a: Doublade\n|-boost|p2a: Doublade|atk|2\n|\n|upkeep\n|turn|7\n|\n|switch|p1a: Sylveon|Sylveon, F|70\/100 brn\n|move|p2a: Doublade|Swords Dance|p2a: Doublade\n|-boost|p2a: Doublade|atk|2\n|\n|-heal|p1a: Sylveon|76\/100 brn|[from] item: Leftovers\n|-damage|p1a: Sylveon|70\/100 brn|[from] brn\n|upkeep\n|turn|8\n|\n|move|p1a: Sylveon|Mystical Fire|p2a: Doublade\n|-supereffective|p2a: Doublade\n|-damage|p2a: Doublade|48\/100\n|-unboost|p2a: Doublade|spa|1\n|move|p2a: Doublade|Iron Head|p1a: Sylveon\n|-supereffective|p1a: Sylveon\n|-damage|p1a: Sylveon|0 fnt\n|faint|p1a: Sylveon\n|\n|upkeep\n|\n|switch|p1a: Haxorus|Haxorus, F|100\/100\n|-ability|p1a: Haxorus|Mold Breaker\n|turn|9\n|\n|move|p2a: Doublade|Shadow Sneak|p1a: Haxorus\n|-damage|p1a: Haxorus|64\/100\n|move|p1a: Haxorus|Earthquake|p2a: Doublade\n|-supereffective|p2a: Doublade\n|-damage|p2a: Doublade|0 fnt\n|-damage|p1a: Haxorus|54\/100|[from] item: Life Orb\n|faint|p2a: Doublade\n|\n|upkeep\n|\n|switch|p2a: Incineroar|Incineroar, M|100\/100\n|-ability|p2a: Incineroar|Intimidate|boost\n|-unboost|p1a: Haxorus|atk|1\n|turn|10\n|inactive|Walletinspector62 has 120 seconds left.\n|inactive|UUH4 food has 120 seconds left.\n|\n|move|p1a: Haxorus|Dragon Claw|p2a: Incineroar\n|-damage|p2a: Incineroar|62\/100\n|-damage|p1a: Haxorus|44\/100|[from] item: Life Orb\n|move|p2a: Incineroar|Knock Off|p1a: Haxorus\n|-damage|p1a: Haxorus|13\/100\n|-enditem|p1a: Haxorus|Life Orb|[from] move: Knock Off|[of] p2a: Incineroar\n|\n|upkeep\n|turn|11\n|\n|switch|p2a: Rotom|Rotom-Wash|100\/100\n|move|p1a: Haxorus|Earthquake|p2a: Rotom\n|-supereffective|p2a: Rotom\n|-crit|p2a: Rotom\n|-damage|p2a: Rotom|0 fnt\n|faint|p2a: Rotom\n|\n|upkeep\n|\n|switch|p2a: Tsareena|Tsareena, F|100\/100\n|turn|12\n|inactive|UUH4 food has 120 seconds left.\n|\n|move|p1a: Haxorus|Poison Jab|p2a: Tsareena\n|-supereffective|p2a: Tsareena\n|-damage|p2a: Tsareena|55\/100\n|move|p2a: Tsareena|Rapid Spin|p1a: Haxorus\n|-damage|p1a: Haxorus|3\/100\n|-boost|p2a: Tsareena|spe|1\n|\n|-heal|p2a: Tsareena|61\/100|[from] item: Leftovers\n|-sideend|p1: UUH4 food|Reflect\n|upkeep\n|turn|13\n|\n|move|p1a: Haxorus|Poison Jab|p2a: Tsareena\n|-supereffective|p2a: Tsareena\n|-damage|p2a: Tsareena|16\/100\n|-status|p2a: Tsareena|psn\n|move|p2a: Tsareena|Rapid Spin|p1a: Haxorus\n|-damage|p1a: Haxorus|0 fnt\n|-boost|p2a: Tsareena|spe|1\n|faint|p1a: Haxorus\n|\n|-heal|p2a: Tsareena|22\/100 psn|[from] item: Leftovers\n|-damage|p2a: Tsareena|9\/100 psn|[from] psn\n|-sideend|p1: UUH4 food|move: Light Screen\n|upkeep\n|inactive|UUH4 food has 120 seconds left.\n|\n|switch|p1a: Xatu|Xatu, F|43\/100\n|turn|14\n|\n|move|p2a: Tsareena|Knock Off|p1a: Xatu\n|-supereffective|p1a: Xatu\n|-damage|p1a: Xatu|0 fnt\n|-enditem|p1a: Xatu|Light Clay|[from] move: Knock Off|[of] p2a: Tsareena\n|faint|p1a: Xatu\n|\n|-heal|p2a: Tsareena|15\/100 psn|[from] item: Leftovers\n|-damage|p2a: Tsareena|3\/100 psn|[from] psn\n|upkeep\n|\n|switch|p1a: Necrozma|Necrozma|100\/100\n|turn|15\n|\n|move|p2a: Tsareena|Knock Off|p1a: Necrozma\n|-supereffective|p1a: Necrozma\n|-damage|p1a: Necrozma|48\/100\n|-enditem|p1a: Necrozma|Lum Berry|[from] move: Knock Off|[of] p2a: Tsareena\n|move|p1a: Necrozma|Dragon Dance|p1a: Necrozma\n|-boost|p1a: Necrozma|atk|1\n|-boost|p1a: Necrozma|spe|1\n|\n|-heal|p2a: Tsareena|9\/100 psn|[from] item: Leftovers\n|-damage|p2a: Tsareena|0 fnt|[from] psn\n|faint|p2a: Tsareena\n|upkeep\n|\n|switch|p2a: Haxorus|Haxorus, M|100\/100\n|turn|16\n|l|\u2606Walletinspector62\n|inactive|Walletinspector62 disconnected and has a minute to reconnect!\n|player|p2|\n|c| OUZT i quit|LOL\n|j|\u2606Walletinspector62\n|inactive|Walletinspector62 reconnected and has 145 seconds left.\n|player|p2|Walletinspector62|2\n|c|\u2606UUH4 food|Do i photon\n|c| OUZT i quit|lemme calc\n|inactive|UUH4 food has 120 seconds left.\n|\n|move|p2a: Haxorus|First Impression|p1a: Necrozma\n|-supereffective|p1a: Necrozma\n|-damage|p1a: Necrozma|0 fnt\n|faint|p1a: Necrozma\n|\n|upkeep\n|c| OUZT i quit|yep\n|c|\u2606UUH4 food|this ni\n|inactive|UUH4 food has 90 seconds left.\n|c| OUZT i quit|this nigga used first impression\n|c|\u2606Walletinspector62|Hey\n|inactive|UUH4 food has 60 seconds left.\n|\n|switch|p1a: Barbaracle|Barbaracle, F|100\/100\n|turn|17\n|inactive|UUH4 food has 60 seconds left.\n|\n|switch|p2a: Incineroar|Incineroar, M|62\/100\n|-ability|p2a: Incineroar|Intimidate|boost\n|-unboost|p1a: Barbaracle|atk|1\n|move|p1a: Barbaracle|Shell Smash|p1a: Barbaracle\n|-unboost|p1a: Barbaracle|def|1\n|-unboost|p1a: Barbaracle|spd|1\n|-boost|p1a: Barbaracle|atk|2\n|-boost|p1a: Barbaracle|spa|2\n|-boost|p1a: Barbaracle|spe|2\n|\n|upkeep\n|turn|18\n|inactive|UUH4 food has 60 seconds left.\n|\n|move|p1a: Barbaracle|Liquidation|p2a: Incineroar\n|-supereffective|p2a: Incineroar\n|-damage|p2a: Incineroar|0 fnt\n|faint|p2a: Incineroar\n|\n|upkeep\n|\n|switch|p2a: Haxorus|Haxorus, M|100\/100\n|turn|19\n|\n|switch|p1a: OK Boomer|Cobalion|100\/100\n|move|p2a: Haxorus|Earthquake|p1a: OK Boomer\n|-supereffective|p1a: OK Boomer\n|-damage|p1a: OK Boomer|8\/100\n|-enditem|p1a: OK Boomer|Weakness Policy\n|-boost|p1a: OK Boomer|atk|2|[from] item: Weakness Policy\n|-boost|p1a: OK Boomer|spa|2|[from] item: Weakness Policy\n|\n|upkeep\n|turn|20\n|\n|move|p1a: OK Boomer|Close Combat|p2a: Haxorus\n|-damage|p2a: Haxorus|0 fnt\n|-unboost|p1a: OK Boomer|def|1\n|-unboost|p1a: OK Boomer|spd|1\n|faint|p2a: Haxorus\n|\n|upkeep\n|\n|switch|p2a: Toxtricity|Toxtricity, F|100\/100\n|turn|21\n|\n|move|p1a: OK Boomer|Close Combat|p2a: Toxtricity\n|-resisted|p2a: Toxtricity\n|-damage|p2a: Toxtricity|24\/100\n|-unboost|p1a: OK Boomer|def|1\n|-unboost|p1a: OK Boomer|spd|1\n|move|p2a: Toxtricity|Shift Gear|p2a: Toxtricity\n|-boost|p2a: Toxtricity|spe|2\n|-boost|p2a: Toxtricity|atk|1\n|\n|upkeep\n|turn|22\n|\n|move|p2a: Toxtricity|Overdrive|p1a: OK Boomer\n|-damage|p1a: OK Boomer|0 fnt\n|-enditem|p2a: Toxtricity|Throat Spray\n|-boost|p2a: Toxtricity|spa|1|[from] item: Throat Spray\n|faint|p1a: OK Boomer\n|\n|upkeep\n|\n|switch|p1a: Barbaracle|Barbaracle, F|100\/100\n|turn|23\n|c|\u2606Walletinspector62|:)\n|c|\u2606UUH4 food|gg\n|c|\u2606UUH4 food|;-;\n|c|\u2606UUH4 food|i lost\n|\n|move|p2a: Toxtricity|Overdrive|p1a: Barbaracle\n|-supereffective|p1a: Barbaracle\n|-enditem|p1a: Barbaracle|Focus Sash\n|-damage|p1a: Barbaracle|1\/100\n|move|p1a: Barbaracle|Liquidation|p2a: Toxtricity\n|-damage|p2a: Toxtricity|0 fnt\n|faint|p2a: Toxtricity\n|\n|win|UUH4 food\n|c| OUZT i quit|LOL\n|c|\u2606UUH4 food|sike\n|raw|UUH4 food's rating: 1160 &rarr; <strong>1194<\/strong><br \/>(+34 for winning)\n|raw|Walletinspector62's rating: 1282 &rarr; <strong>1249<\/strong><br \/>(-33 for losing)\n|c| OUZT i quit|eay\n|c|\u2606UUH4 food|LMAOO\n|c| OUZT i quit|easy\n|c| OUZT i quit|lmao\n","uploadtime":1590331279,"views":6,"p1id":"uuh4food","p2id":"walletinspector62","formatid":"gen8uu","rating":1194,"private":0,"password":null}