{"id":"gen8randombattle-1505057481","p1":"Chaud74","p2":"Micael Lopes","format":"gen8randombattle","log":"|j|\u2606Chaud74\n|j|\u2606Micael Lopes\n|t:|1644091073\n|gametype|singles\n|player|p1|Chaud74|102|1886\n|player|p2|Micael Lopes|benga|1883\n|teamsize|p1|6\n|teamsize|p2|6\n|gen|8\n|tier|[Gen 8] Random Battle\n|rated|\n|rule|Species Clause: Limit one of each Pok\u00e9mon\n|rule|HP Percentage Mod: HP is shown in percentages\n|rule|Sleep Clause Mod: Limit one foe put to sleep\n|\n|t:|1644091073\n|start\n|switch|p1a: Orbeetle|Orbeetle, L86, F|243\/243\n|switch|p2a: Slowbro|Slowbro, L84, F|297\/297\n|-item|p2a: Slowbro|Leftovers|[from] ability: Frisk|[of] p1a: Orbeetle|[identify]\n|turn|1\n|inactive|Battle timer is ON: inactive players will automatically lose when time's up. (requested by Micael Lopes)\n|\n|t:|1644091086\n|move|p1a: Orbeetle|Bug Buzz|p2a: Slowbro\n|-supereffective|p2a: Slowbro\n|-damage|p2a: Slowbro|121\/297\n|move|p2a: Slowbro|Teleport|p2a: Slowbro\n|\n|t:|1644091093\n|switch|p2a: Cinccino|Cinccino, L84, M|263\/263\n|\n|upkeep\n|turn|2\n|\n|t:|1644091102\n|switch|p1a: Sandslash|Sandslash-Alola, L86, M|269\/269\n|move|p2a: Cinccino|Rock Blast|p1a: Sandslash\n|-crit|p1a: Sandslash\n|-damage|p1a: Sandslash|240\/269\n|-damage|p1a: Sandslash|221\/269\n|-damage|p1a: Sandslash|202\/269\n|-damage|p1a: Sandslash|184\/269\n|-damage|p1a: Sandslash|165\/269\n|-hitcount|p1a: Sandslash|5\n|-damage|p2a: Cinccino|237\/263|[from] item: Life Orb\n|\n|upkeep\n|turn|3\n|\n|t:|1644091118\n|move|p2a: Cinccino|Knock Off|p1a: Sandslash\n|-damage|p1a: Sandslash|95\/269\n|-enditem|p1a: Sandslash|Choice Band|[from] move: Knock Off|[of] p2a: Cinccino\n|-damage|p2a: Cinccino|211\/263|[from] item: Life Orb\n|move|p1a: Sandslash|Knock Off|p2a: Cinccino\n|-damage|p2a: Cinccino|113\/263\n|-enditem|p2a: Cinccino|Life Orb|[from] move: Knock Off|[of] p1a: Sandslash\n|\n|upkeep\n|turn|4\n|\n|t:|1644091130\n|switch|p2a: Weezing|Weezing, L86, F|252\/252\n|move|p1a: Sandslash|Iron Head|p2a: Weezing\n|-damage|p2a: Weezing|180\/252\n|\n|-heal|p2a: Weezing|195\/252|[from] item: Black Sludge\n|upkeep\n|turn|5\n|\n|t:|1644091142\n|move|p1a: Sandslash|Knock Off|p2a: Weezing\n|-damage|p2a: Weezing|135\/252\n|-enditem|p2a: Weezing|Black Sludge|[from] move: Knock Off|[of] p1a: Sandslash\n|move|p2a: Weezing|Fire Blast|p1a: Sandslash\n|-supereffective|p1a: Sandslash\n|-damage|p1a: Sandslash|0 fnt\n|faint|p1a: Sandslash\n|\n|upkeep\n|\n|t:|1644091151\n|switch|p1a: Orbeetle|Orbeetle, L86, F|243\/243\n|turn|6\n|\n|t:|1644091154\n|switch|p2a: Slowbro|Slowbro, L84, F|220\/297\n|move|p1a: Orbeetle|Psychic|p2a: Slowbro\n|-resisted|p2a: Slowbro\n|-damage|p2a: Slowbro|174\/297\n|\n|-heal|p2a: Slowbro|192\/297|[from] item: Leftovers\n|upkeep\n|turn|7\n|\n|t:|1644091171\n|switch|p2a: Zygarde|Zygarde-10%, L82|223\/223\n|-ability|p2a: Zygarde|Aura Break\n|move|p1a: Orbeetle|Bug Buzz|p2a: Zygarde\n|-damage|p2a: Zygarde|135\/223\n|\n|upkeep\n|turn|8\n|\n|t:|1644091185\n|move|p2a: Zygarde|Outrage|p1a: Orbeetle\n|-damage|p1a: Orbeetle|102\/243\n|move|p1a: Orbeetle|Psychic|p2a: Zygarde\n|-damage|p2a: Zygarde|38\/223\n|\n|upkeep\n|turn|9\n|\n|t:|1644091193\n|switch|p1a: Scizor|Scizor, L80, M|243\/243\n|move|p2a: Zygarde|Outrage|p1a: Scizor|[from]lockedmove\n|-resisted|p1a: Scizor\n|-damage|p1a: Scizor|154\/243\n|\n|upkeep\n|turn|10\n|\n|t:|1644091206\n|move|p2a: Zygarde|Outrage|p1a: Scizor|[from]lockedmove\n|-resisted|p1a: Scizor\n|-damage|p1a: Scizor|65\/243\n|-start|p2a: Zygarde|confusion|[fatigue]\n|move|p1a: Scizor|Swords Dance|p1a: Scizor\n|-boost|p1a: Scizor|atk|2\n|\n|upkeep\n|turn|11\n|\n|t:|1644091216\n|switch|p2a: Metagross|Metagross, L79|256\/256\n|move|p1a: Scizor|Bullet Punch|p2a: Metagross\n|-resisted|p2a: Metagross\n|-damage|p2a: Metagross|185\/256\n|-damage|p1a: Scizor|41\/243|[from] item: Life Orb\n|\n|-heal|p2a: Metagross|201\/256|[from] item: Leftovers\n|upkeep\n|turn|12\n|\n|t:|1644091225\n|move|p1a: Scizor|Bullet Punch|p2a: Metagross\n|-resisted|p2a: Metagross\n|-damage|p2a: Metagross|123\/256\n|-damage|p1a: Scizor|17\/243|[from] item: Life Orb\n|move|p2a: Metagross|Stealth Rock|p1a: Scizor\n|-sidestart|p1: Chaud74|move: Stealth Rock\n|\n|-heal|p2a: Metagross|139\/256|[from] item: Leftovers\n|upkeep\n|turn|13\n|\n|t:|1644091234\n|switch|p2a: Slowbro|Slowbro, L84, F|291\/297\n|move|p1a: Scizor|Bullet Punch|p2a: Slowbro\n|-resisted|p2a: Slowbro\n|-damage|p2a: Slowbro|214\/297\n|-damage|p1a: Scizor|0 fnt|[from] item: Life Orb\n|faint|p1a: Scizor\n|\n|-heal|p2a: Slowbro|232\/297|[from] item: Leftovers\n|upkeep\n|\n|t:|1644091246\n|switch|p1a: Orbeetle|Orbeetle, L86, F|102\/243\n|-item|p2a: Slowbro|Leftovers|[from] ability: Frisk|[of] p1a: Orbeetle|[identify]\n|turn|14\n|\n|t:|1644091264\n|move|p1a: Orbeetle|Recover|p1a: Orbeetle\n|-heal|p1a: Orbeetle|224\/243\n|move|p2a: Slowbro|Scald|p1a: Orbeetle\n|-damage|p1a: Orbeetle|155\/243\n|\n|-heal|p2a: Slowbro|250\/297|[from] item: Leftovers\n|upkeep\n|turn|15\n|\n|t:|1644091274\n|move|p1a: Orbeetle|Calm Mind|p1a: Orbeetle\n|-boost|p1a: Orbeetle|spa|1\n|-boost|p1a: Orbeetle|spd|1\n|move|p2a: Slowbro|Teleport|p2a: Slowbro\n|\n|t:|1644091276\n|switch|p2a: Cinccino|Cinccino, L84, M|113\/263\n|\n|upkeep\n|turn|16\n|\n|t:|1644091283\n|move|p2a: Cinccino|Rock Blast|p1a: Orbeetle\n|-supereffective|p1a: Orbeetle\n|-damage|p1a: Orbeetle|125\/243\n|-supereffective|p1a: Orbeetle\n|-damage|p1a: Orbeetle|93\/243\n|-supereffective|p1a: Orbeetle\n|-damage|p1a: Orbeetle|61\/243\n|-supereffective|p1a: Orbeetle\n|-damage|p1a: Orbeetle|29\/243\n|-supereffective|p1a: Orbeetle\n|-damage|p1a: Orbeetle|1\/243\n|-hitcount|p1a: Orbeetle|5\n|move|p1a: Orbeetle|Bug Buzz|p2a: Cinccino\n|-damage|p2a: Cinccino|0 fnt\n|faint|p2a: Cinccino\n|\n|upkeep\n|\n|t:|1644091293\n|switch|p2a: Zygarde|Zygarde-10%, L82|38\/223\n|-ability|p2a: Zygarde|Aura Break\n|turn|17\n|\n|t:|1644091300\n|move|p2a: Zygarde|Thousand Arrows|p1a: Orbeetle\n|-resisted|p1a: Orbeetle\n|-damage|p1a: Orbeetle|0 fnt\n|faint|p1a: Orbeetle\n|\n|upkeep\n|\n|t:|1644091308\n|switch|p1a: Audino|Audino, L91, F|335\/335\n|-damage|p1a: Audino|294\/335|[from] Stealth Rock\n|turn|18\n|\n|t:|1644091313\n|switch|p2a: Weezing|Weezing, L86, F|135\/252\n|move|p1a: Audino|Knock Off|p2a: Weezing\n|-damage|p2a: Weezing|105\/252\n|\n|-heal|p1a: Audino|314\/335|[from] item: Leftovers\n|upkeep\n|turn|19\n|\n|t:|1644091322\n|switch|p1a: Skuntank|Skuntank, L85, F|314\/314\n|-damage|p1a: Skuntank|275\/314|[from] Stealth Rock\n|move|p2a: Weezing|Pain Split|p1a: Skuntank\n|-sethp|p1a: Skuntank|190\/314|[from] move: Pain Split|[silent]\n|-sethp|p2a: Weezing|190\/252|[from] move: Pain Split\n|\n|upkeep\n|turn|20\n|\n|t:|1644091332\n|move|p1a: Skuntank|Defog|p2a: Weezing\n|-unboost|p2a: Weezing|evasion|1\n|-sideend|p1: Chaud74|Stealth Rock|[from] move: Defog|[of] p1a: Skuntank\n|move|p2a: Weezing|Will-O-Wisp|p1a: Skuntank\n|-status|p1a: Skuntank|brn\n|\n|-damage|p1a: Skuntank|171\/314 brn|[from] brn\n|upkeep\n|turn|21\n|\n|t:|1644091343\n|switch|p2a: Slowbro|Slowbro, L84, F|297\/297\n|move|p1a: Skuntank|Crunch|p2a: Slowbro\n|-supereffective|p2a: Slowbro\n|-damage|p2a: Slowbro|198\/297\n|-damage|p1a: Skuntank|140\/314 brn|[from] item: Life Orb\n|\n|-heal|p2a: Slowbro|216\/297|[from] item: Leftovers\n|-damage|p1a: Skuntank|121\/314 brn|[from] brn\n|upkeep\n|turn|22\n|\n|t:|1644091354\n|move|p1a: Skuntank|Crunch|p2a: Slowbro\n|-supereffective|p2a: Slowbro\n|-damage|p2a: Slowbro|129\/297\n|-unboost|p2a: Slowbro|def|1\n|-damage|p1a: Skuntank|90\/314 brn|[from] item: Life Orb\n|move|p2a: Slowbro|Scald|p1a: Skuntank\n|-damage|p1a: Skuntank|0 fnt\n|faint|p1a: Skuntank\n|\n|-heal|p2a: Slowbro|147\/297|[from] item: Leftovers\n|upkeep\n|\n|t:|1644091369\n|switch|p1a: Lapras|Lapras, L86, F|363\/363\n|turn|23\n|\n|t:|1644091375\n|switch|p2a: Rhyperior|Rhyperior, L82, F|323\/323\n|move|p1a: Lapras|Toxic|p2a: Rhyperior\n|-status|p2a: Rhyperior|tox\n|\n|-damage|p2a: Rhyperior|303\/323 tox|[from] psn\n|upkeep\n|turn|24\n|\n|t:|1644091385\n|-start|p2a: Rhyperior|Dynamax\n|-heal|p2a: Rhyperior|606\/646 tox|[silent]\n|move|p1a: Lapras|Sparkling Aria|p2a: Rhyperior\n|-supereffective|p2a: Rhyperior\n|-damage|p2a: Rhyperior|201\/646 tox\n|move|p2a: Rhyperior|Max Rockfall|p1a: Lapras\n|-supereffective|p1a: Lapras\n|-damage|p1a: Lapras|13\/363\n|-weather|Sandstorm\n|\n|-weather|Sandstorm|[upkeep]\n|-damage|p1a: Lapras|0 fnt|[from] Sandstorm\n|faint|p1a: Lapras\n|-damage|p2a: Rhyperior|161\/646 tox|[from] psn\n|upkeep\n|-message|Chaud74 forfeited.\n|\n|win|Micael Lopes\n|raw|Chaud74's rating: 1886 &rarr; <strong>1867<\/strong><br \/>(-19 for losing)\n|raw|Micael Lopes's rating: 1899 &rarr; <strong>1918<\/strong><br \/>(+19 for winning)\n|l|\u2606Chaud74\n||Ladder isn't responding, score probably updated but might not have (Request timeout).\n","inputlog":">version 640cdcab218f88e6be2ac238957f7769a15acf00\n>version-origin 66c2f4b53aa343e9958fd7cef52e4a452eee7f80\n>start {\"formatid\":\"gen8randombattle\",\"seed\":[62659,63081,41182,43370],\"rated\":\"Rated battle\"}\n>player p1 {\"name\":\"Chaud74\",\"avatar\":\"102\",\"rating\":1886,\"seed\":[47841,32658,57259,13338]}\n>player p2 {\"name\":\"Micael Lopes\",\"avatar\":\"benga\",\"rating\":1883,\"seed\":[39869,31713,23501,54858]}\n>p1 move bugbuzz\n>p2 move teleport\n>p2 switch 2\n>p1 switch 2\n>p2 move rockblast\n>p1 move knockoff\n>p2 move knockoff\n>p1 move ironhead\n>p2 switch 5\n>p1 move knockoff\n>p2 move fireblast\n>p1 switch 2\n>p1 move psychic\n>p2 switch 2\n>p1 move bugbuzz\n>p2 switch 4\n>p1 move psychic\n>p2 move outrage\n>p1 switch 4\n>p2 move outrage\n>p1 move swordsdance\n>p2 move outrage\n>p1 move bulletpunch\n>p2 switch 6\n>p1 move bulletpunch\n>p2 move stealthrock\n>p1 move bulletpunch\n>p2 switch 4\n>p1 switch 4\n>p1 move recover\n>p2 move scald\n>p1 move calmmind\n>p2 move teleport\n>p2 switch 5\n>p1 move bugbuzz\n>p2 move rockblast\n>p2 switch 6\n>p1 move bugbuzz\n>p2 move thousandarrows\n>p1 switch 5\n>p1 move knockoff\n>p2 switch 2\n>p1 switch 6\n>p2 move painsplit\n>p1 move defog\n>p2 move willowisp\n>p1 move crunch\n>p2 switch 5\n>p1 move crunch\n>p2 move scald\n>p1 switch 3\n>p1 move toxic\n>p2 switch 3\n>p1 move sparklingaria\n>p2 move stoneedge dynamax\n>forcelose p1","uploadtime":1644091594,"views":6,"p1id":"chaud74","p2id":"micaellopes","formatid":"gen8randombattle","rating":1867,"private":0,"password":null}