{"id":"gen8ou-1037683233","p1":"Del chef","p2":"DeltaRott","format":"gen8ou","log":"|j|\u2606Del chef\n|j|\u2606DeltaRott\n|player|p1|Del chef|266|1378\n|player|p2|DeltaRott|101|1383\n|teamsize|p1|6\n|teamsize|p2|6\n|gametype|singles\n|gen|8\n|tier|[Gen 8] OU\n|rated|\n|rule|Sleep Clause Mod: Limit one foe put to sleep\n|rule|Species Clause: Limit one of each Pok\u00e9mon\n|rule|OHKO Clause: OHKO moves are banned\n|rule|Evasion Moves Clause: Evasion moves are banned\n|rule|Endless Battle Clause: Forcing endless battles is banned\n|rule|HP Percentage Mod: HP is shown in percentages\n|clearpoke\n|poke|p1|Dragapult, M|\n|poke|p1|Corviknight, M|\n|poke|p1|Mimikyu, M|\n|poke|p1|Cinderace, F|\n|poke|p1|Seismitoad, F|\n|poke|p1|Aegislash, F|\n|poke|p2|Dragapult, F|\n|poke|p2|Dugtrio, F|\n|poke|p2|Sylveon, F|\n|poke|p2|Silvally-*|\n|poke|p2|Seismitoad, F|\n|poke|p2|Mandibuzz, F|\n|rule|Dynamax Clause: You cannot dynamax\n|teampreview\n|\n|start\n|switch|p1a: Cinderace|Cinderace, F|100\/100\n|switch|p2a: Dragapult|Dragapult, F|100\/100\n|turn|1\n|\n|move|p1a: Cinderace|Sucker Punch|p2a: Dragapult\n|-supereffective|p2a: Dragapult\n|-damage|p2a: Dragapult|37\/100\n|move|p2a: Dragapult|Shadow Ball|p1a: Cinderace\n|-damage|p1a: Cinderace|29\/100\n|\n|upkeep\n|turn|2\n|c|\u2606DeltaRott|w3ruithi43wgtiwr3gt\n|\n|switch|p1a: Corviknight|Corviknight, M|100\/100\n|-ability|p1a: Corviknight|Pressure\n|switch|p2a: Seismitoad|Seismitoad, F|100\/100\n|\n|upkeep\n|turn|3\n|c|\u2606DeltaRott|um\n|\n|switch|p2a: Dragapult|Dragapult, F|37\/100\n|move|p1a: Corviknight|U-turn|p2a: Dragapult\n|-resisted|p2a: Dragapult\n|-damage|p2a: Dragapult|27\/100\n|\n|switch|p1a: Mimikyu|Mimikyu, M|100\/100|[from]move: U-turn\n|\n|upkeep\n|turn|4\n|\n|move|p1a: Mimikyu|Shadow Sneak|p2a: Dragapult\n|-supereffective|p2a: Dragapult\n|-damage|p2a: Dragapult|0 fnt\n|-damage|p1a: Mimikyu|91\/100|[from] item: Life Orb\n|faint|p2a: Dragapult\n|\n|upkeep\n|\n|switch|p2a: Mandibuzz|Mandibuzz, F|100\/100\n|turn|5\n|\n|move|p1a: Mimikyu|Play Rough|p2a: Mandibuzz\n|-supereffective|p2a: Mandibuzz\n|-damage|p2a: Mandibuzz|31\/100\n|-damage|p1a: Mimikyu|81\/100|[from] item: Life Orb\n|move|p2a: Mandibuzz|Knock Off|p1a: Mimikyu\n|-activate|p1a: Mimikyu|ability: Disguise\n|-damage|p1a: Mimikyu|81\/100\n|-enditem|p1a: Mimikyu|Life Orb|[from] move: Knock Off|[of] p2a: Mandibuzz\n|detailschange|p1a: Mimikyu|Mimikyu-Busted, M\n|-damage|p1a: Mimikyu|68\/100|[from] ability: Disguise|[of] p1a: Mimikyu\n|\n|upkeep\n|turn|6\n|\n|switch|p2a: Silvally|Silvally-Steel|100\/100\n|move|p1a: Mimikyu|Play Rough|p2a: Silvally\n|-resisted|p2a: Silvally\n|-damage|p2a: Silvally|80\/100\n|\n|upkeep\n|turn|7\n|\n|switch|p1a: Cinderace|Cinderace, F|29\/100\n|move|p2a: Silvally|Parting Shot|p1a: Cinderace\n|-unboost|p1a: Cinderace|atk|1\n|-unboost|p1a: Cinderace|spa|1\n|\n|switch|p2a: Dugtrio|Dugtrio, F|100\/100|[from]move: Parting Shot\n|\n|upkeep\n|turn|8\n|\n|move|p2a: Dugtrio|Sucker Punch|p1a: Cinderace\n|-damage|p1a: Cinderace|1\/100\n|move|p1a: Cinderace|U-turn|p2a: Dugtrio\n|-damage|p2a: Dugtrio|55\/100\n|\n|switch|p1a: Corviknight|Corviknight, M|100\/100|[from]move: U-turn\n|-ability|p1a: Corviknight|Pressure\n|\n|upkeep\n|turn|9\n|\n|move|p2a: Dugtrio|Screech|p1a: Corviknight\n|-unboost|p1a: Corviknight|def|2\n|move|p1a: Corviknight|Brave Bird|p2a: Dugtrio\n|-damage|p2a: Dugtrio|0 fnt\n|-damage|p1a: Corviknight|91\/100|[from] Recoil\n|faint|p2a: Dugtrio\n|\n|-heal|p1a: Corviknight|97\/100|[from] item: Leftovers\n|upkeep\n|\n|switch|p2a: Sylveon|Sylveon, F|100\/100\n|turn|10\n|\n|move|p1a: Corviknight|U-turn|p2a: Sylveon\n|-resisted|p2a: Sylveon\n|-damage|p2a: Sylveon|95\/100\n|\n|switch|p1a: Aegislash|Aegislash, F|100\/100|[from]move: U-turn\n|move|p2a: Sylveon|Mystical Fire|p1a: Aegislash\n|-supereffective|p1a: Aegislash\n|-damage|p1a: Aegislash|73\/100\n|-unboost|p1a: Aegislash|spa|1\n|\n|-heal|p2a: Sylveon|100\/100|[from] item: Leftovers\n|upkeep\n|turn|11\n|\n|switch|p1a: Seismitoad|Seismitoad, F|100\/100\n|move|p2a: Sylveon|Wish|p2a: Sylveon\n|\n|upkeep\n|turn|12\n|\n|switch|p2a: Silvally|Silvally-Steel|80\/100\n|move|p1a: Seismitoad|Toxic|p2a: Silvally\n|-immune|p2a: Silvally\n|\n|-heal|p2a: Silvally|100\/100|[from] move: Wish|[wisher] Sylveon\n|upkeep\n|turn|13\n|\n|move|p1a: Seismitoad|Protect|p1a: Seismitoad\n|-singleturn|p1a: Seismitoad|Protect\n|move|p2a: Silvally|Thunder Wave|p1a: Seismitoad\n|-activate|p1a: Seismitoad|move: Protect\n|\n|upkeep\n|turn|14\n|\n|move|p2a: Silvally|Parting Shot|p1a: Seismitoad\n|-unboost|p1a: Seismitoad|atk|1\n|-unboost|p1a: Seismitoad|spa|1\n|\n|switch|p2a: Mandibuzz|Mandibuzz, F|31\/100|[from]move: Parting Shot\n|move|p1a: Seismitoad|Toxic|p2a: Mandibuzz\n|-status|p2a: Mandibuzz|tox\n|\n|-damage|p2a: Mandibuzz|25\/100 tox|[from] psn\n|upkeep\n|turn|15\n|\n|switch|p1a: Mimikyu|Mimikyu-Busted, M|68\/100\n|move|p2a: Mandibuzz|Roost|p2a: Mandibuzz\n|-heal|p2a: Mandibuzz|75\/100 tox\n|-singleturn|p2a: Mandibuzz|move: Roost\n|\n|-damage|p2a: Mandibuzz|62\/100 tox|[from] psn\n|upkeep\n|turn|16\n|\n|switch|p2a: Silvally|Silvally-Steel|100\/100\n|move|p1a: Mimikyu|Will-O-Wisp|p2a: Silvally\n|-status|p2a: Silvally|brn\n|\n|-damage|p2a: Silvally|94\/100 brn|[from] brn\n|upkeep\n|turn|17\n|-message|DeltaRott forfeited.\n|\n|win|Del chef\n|raw|Del chef's rating: 1379 &rarr; <strong>1399<\/strong><br \/>(+20 for winning)\n|raw|DeltaRott's rating: 1383 &rarr; <strong>1362<\/strong><br \/>(-21 for losing)\n","uploadtime":1577648349,"views":10,"p1id":"delchef","p2id":"deltarott","formatid":"gen8ou","rating":1362,"private":0,"password":null}