{"id":"gen8nationaldex-1639563756","p1":"Redemption","p2":"Volcaronium","format":"gen8nationaldex","log":"|j|\u2606Redemption\n|j|\u2606Volcaronium\n|inactive|Battle timer is ON: inactive players will automatically lose when time's up.\n|t:|1660493935\n|gametype|singles\n|player|p1|Redemption|#redemption|\n|player|p2|Volcaronium|youngcouple|\n|teamsize|p1|6\n|teamsize|p2|6\n|gen|8\n|tier|[Gen 8] National Dex\n|rated|Tournament battle\n|rule|HP Percentage Mod: HP is shown in percentages\n|rule|Endless Battle Clause: Forcing endless battles is banned\n|rule|OHKO Clause: OHKO moves are banned\n|rule|Evasion Moves Clause: Evasion moves are banned\n|rule|Species Clause: Limit one of each Pok\u00e9mon\n|rule|Dynamax Clause: You cannot dynamax\n|rule|Sleep Clause Mod: Limit one foe put to sleep\n|clearpoke\n|poke|p1|Toxapex, F|\n|poke|p1|Mismagius, F|\n|poke|p1|Blissey, F|\n|poke|p1|Barbaracle, F|\n|poke|p1|Typhlosion, F|\n|poke|p1|Krookodile, F|\n|poke|p2|Crustle, M|\n|poke|p2|Linoone, M|\n|poke|p2|Kingdra, M|\n|poke|p2|Medicham, M|\n|poke|p2|Venomoth, M|\n|poke|p2|Barraskewda, M|\n|teampreview\n|j|*Lady Monita\n|j| hidinflames\n|j| Grimji\n|j| Pinapple321\n|j| QuinglongReturn\n|j| valentinasd\n|inactive|Redemption has 120 seconds left.\n|inactive|Volcaronium has 120 seconds left.\n|j| MysticJJustin\n|l| valentinasd\n|j| DIMU179\n|j| Dragonair2fair\n|j| Keblar\n|inactive|Redemption has 90 seconds left.\n|\n|t:|1660493995\n|start\n|switch|p1a: Typhlosion|Typhlosion, F|100\/100\n|switch|p2a: Medicham|Medicham, M|100\/100\n|turn|1\n|j| TheSerotoninVibes\u2661\n|j| Lenoxum\n|\n|t:|1660494016\n|switch|p1a: Mismagius|Mismagius, F|100\/100\n|detailschange|p2a: Medicham|Medicham-Mega, M\n|-mega|p2a: Medicham|Medicham|Medichamite\n|move|p2a: Medicham|Fake Out|p1a: Mismagius\n|-immune|p1a: Mismagius\n|\n|upkeep\n|turn|2\n|j| LT92PFAlgorithmKey\n|j| erikvidas\n|\n|t:|1660494026\n|switch|p2a: Linoone|Linoone, M|100\/100\n|move|p1a: Mismagius|Shadow Ball|p2a: Linoone\n|-immune|p2a: Linoone\n|\n|upkeep\n|turn|3\n|j| IlPisano\n|inactive|Redemption has 120 seconds left.\n|\n|t:|1660494067\n|-zpower|p1a: Mismagius\n|move|p1a: Mismagius|Gigavolt Havoc|p2a: Linoone|[zeffect]\n|-damage|p2a: Linoone|24\/100\n|-enditem|p2a: Linoone|Iapapa Berry|[eat]\n|-heal|p2a: Linoone|56\/100|[from] item: Iapapa Berry\n|move|p2a: Linoone|Belly Drum|p2a: Linoone\n|-damage|p2a: Linoone|6\/100\n|-setboost|p2a: Linoone|atk|6|[from] move: Belly Drum\n|\n|upkeep\n|turn|4\n|j| ProsandRookies\n|j| Magiquaza\n|\n|t:|1660494089\n|move|p1a: Mismagius|Thunderbolt|p2a: Linoone\n|-damage|p2a: Linoone|0 fnt\n|faint|p2a: Linoone\n|\n|upkeep\n|j| Anorak0770\n|l| IlPisano\n|c| ProsandRookies|My mismagius made it to finals yaaay\n|l| Anorak0770\n|inactive|Volcaronium has 120 seconds left.\n|j| ihavebestsandteam\n|\n|t:|1660494117\n|switch|p2a: Barraskewda|Barraskewda, M|100\/100\n|turn|5\n|j| Scavet\n|\n|t:|1660494129\n|switch|p1a: Toxapex|Toxapex, F|100\/100\n|move|p2a: Barraskewda|Flip Turn|p1a: Toxapex\n|-resisted|p1a: Toxapex\n|-damage|p1a: Toxapex|82\/100\n|j| mavhoc\n|\n|t:|1660494132\n|switch|p2a: Medicham|Medicham-Mega, M|100\/100|[from]move: Flip Turn\n|\n|-heal|p1a: Toxapex|88\/100|[from] item: Black Sludge\n|upkeep\n|turn|6\n|l| Dragonair2fair\n|\n|t:|1660494139\n|switch|p1a: Krookodile|Krookodile, F|100\/100\n|move|p2a: Medicham|Zen Headbutt|p1a: Krookodile\n|-immune|p1a: Krookodile\n|\n|upkeep\n|turn|7\n|\n|t:|1660494148\n|move|p1a: Krookodile|Earthquake|p2a: Medicham\n|-damage|p2a: Medicham|21\/100\n|move|p2a: Medicham|High Jump Kick|p1a: Krookodile\n|-supereffective|p1a: Krookodile\n|-damage|p1a: Krookodile|0 fnt\n|faint|p1a: Krookodile\n|\n|upkeep\n|\n|t:|1660494164\n|switch|p1a: Mismagius|Mismagius, F|100\/100\n|turn|8\n|l| TheSerotoninVibes\u2661\n|l| mavhoc\n|j| Dragonair2fair\n|l| Pinapple321\n|j| TrapMasterSei\n|\n|t:|1660494192\n|switch|p2a: Crustle|Crustle, M|100\/100\n|move|p1a: Mismagius|Shadow Ball|p2a: Crustle\n|-damage|p2a: Crustle|48\/100\n|\n|upkeep\n|turn|9\n|j| Dudeimatroll\n|inactive|Redemption has 120 seconds left.\n|l| Dudeimatroll\n|\n|t:|1660494206\n|move|p1a: Mismagius|Shadow Ball|p2a: Crustle\n|-damage|p2a: Crustle|0 fnt\n|faint|p2a: Crustle\n|\n|upkeep\n|l| TrapMasterSei\n|j| Pinapple321\n|inactive|Volcaronium has 120 seconds left.\n|j| liasher02\n|c| ihavebestsandteam|https:\/\/www.twitch.tv\/redemption\n|inactive|Volcaronium has 90 seconds left.\n|c| ihavebestsandteam|this is being streamed wow\n|c| Scavet|L\n|\n|t:|1660494268\n|switch|p2a: Barraskewda|Barraskewda, M|100\/100\n|turn|10\n|\n|t:|1660494279\n|switch|p1a: Toxapex|Toxapex, F|100\/100\n|move|p2a: Barraskewda|Flip Turn|p1a: Toxapex\n|-resisted|p1a: Toxapex\n|-damage|p1a: Toxapex|84\/100\n|j| mavhoc\n|\n|t:|1660494282\n|switch|p2a: Medicham|Medicham-Mega, M|21\/100|[from]move: Flip Turn\n|\n|-heal|p1a: Toxapex|90\/100|[from] item: Black Sludge\n|upkeep\n|turn|11\n|j| Essayer dur poke\n|c| ProsandRookies|Im so famous\n|j| Ptita2boi\n|\n|t:|1660494303\n|switch|p1a: Typhlosion|Typhlosion, F|100\/100\n|move|p2a: Medicham|Zen Headbutt|p1a: Typhlosion\n|-damage|p1a: Typhlosion|5\/100\n|\n|upkeep\n|turn|12\n|j| ygbhnjkiu\n|c| ProsandRookies|Lol\n|\n|t:|1660494310\n|move|p2a: Medicham|Bullet Punch|p1a: Typhlosion\n|-resisted|p1a: Typhlosion\n|-damage|p1a: Typhlosion|0 fnt\n|faint|p1a: Typhlosion\n|\n|upkeep\n|j| LT93OQ Mimil\n|\n|t:|1660494319\n|switch|p1a: Mismagius|Mismagius, F|100\/100\n|turn|13\n|l| LT93OQ Mimil\n|l| Ptita2boi\n|j| CakeyBG\n|inactive|Volcaronium has 90 seconds left.\n|\n|t:|1660494344\n|switch|p2a: Kingdra|Kingdra, M|100\/100\n|move|p1a: Mismagius|Shadow Ball|p2a: Kingdra\n|-damage|p2a: Kingdra|55\/100\n|\n|upkeep\n|turn|14\n|c| CakeyBG|sad redemption didnt get any megas\n|j| arnavgupta\n|inactive|Volcaronium has 90 seconds left.\n|inactive|Redemption has 120 seconds left.\n|\n|t:|1660494377\n|move|p1a: Mismagius|Shadow Ball|p2a: Kingdra\n|-damage|p2a: Kingdra|9\/100\n|move|p2a: Kingdra|Rain Dance|p2a: Kingdra\n|-weather|RainDance\n|\n|-weather|RainDance|[upkeep]\n|upkeep\n|turn|15\n|inactive|Redemption has 120 seconds left.\n|c| ProsandRookies|Theyre very good\n|\n|t:|1660494402\n|switch|p1a: Blissey|Blissey, F|100\/100\n|move|p2a: Kingdra|Hurricane|p1a: Blissey\n|-damage|p1a: Blissey|89\/100\n|\n|-weather|RainDance|[upkeep]\n|upkeep\n|turn|16\n|l| CakeyBG\n|j| valentinasd\n|c| Dragonair2fair|lol\n|\n|t:|1660494409\n|switch|p2a: Barraskewda|Barraskewda, M|100\/100\n|move|p1a: Blissey|Stealth Rock|p2a: Barraskewda\n|-sidestart|p2: Volcaronium|move: Stealth Rock\n|\n|-weather|RainDance|[upkeep]\n|upkeep\n|turn|17\n|inactive|Volcaronium has 60 seconds left.\n|\n|t:|1660494434\n|switch|p1a: Toxapex|Toxapex, F|100\/100\n|move|p2a: Barraskewda|Flip Turn|p1a: Toxapex\n|-resisted|p1a: Toxapex\n|-damage|p1a: Toxapex|75\/100\n|j| CakeyBG\n|inactive|Volcaronium has 30 seconds left.\n|c| Dragonair2fair|L\n|l| erikvidas\n|l| Pinapple321\n|\n|t:|1660494473\n|switch|p2a: Medicham|Medicham-Mega, M|21\/100|[from]move: Flip Turn\n|-damage|p2a: Medicham|15\/100|[from] Stealth Rock\n|\n|-weather|RainDance|[upkeep]\n|-heal|p1a: Toxapex|81\/100|[from] item: Black Sludge\n|upkeep\n|turn|18\n|j| Redplayer69420\n|l| Redplayer69420\n|l| CakeyBG\n|inactive|Redemption has 90 seconds left.\n|c| Dragonair2fair|rookies aren't we all famous\n|c| Dragonair2fair|This is bloody live\n|\n|t:|1660494523\n|switch|p1a: Barbaracle|Barbaracle, F|100\/100\n|move|p2a: Medicham|Zen Headbutt|p1a: Barbaracle|[miss]\n|-miss|p2a: Medicham|p1a: Barbaracle\n|\n|-weather|RainDance|[upkeep]\n|upkeep\n|turn|19\n|c| LT92PFAlgorithmKey|w\n|inactive|Volcaronium has 30 seconds left.\n|c| ProsandRookies|That miss\n|inactive|Redemption has 60 seconds left.\n|j| Gymlead11b\n|inactive|Volcaronium has 20 seconds left.\n|c| ihavebestsandteam|Dragonair2fair this is being streamed on twitch\n|\n|t:|1660494551\n|move|p2a: Medicham|Zen Headbutt|p1a: Barbaracle\n|-damage|p1a: Barbaracle|31\/100\n|move|p1a: Barbaracle|Earthquake|p2a: Medicham\n|-damage|p2a: Medicham|0 fnt\n|faint|p2a: Medicham\n|\n|-weather|RainDance|[upkeep]\n|upkeep\n|inactive|Volcaronium has 25 seconds left this turn.\n|inactive|Volcaronium has 20 seconds left.\n|c| Dragonair2fair|I know\n|inactive|Volcaronium has 15 seconds left.\n|c| ProsandRookies|It doesnt look good for volca\n|inactive|Volcaronium has 10 seconds left.\n|j| pikafaneEX\n|\n|t:|1660494570\n|switch|p2a: Barraskewda|Barraskewda, M|100\/100\n|-damage|p2a: Barraskewda|88\/100|[from] Stealth Rock\n|turn|20\n|inactive|Volcaronium has 20 seconds left this turn.\n|inactive|Redemption has 60 seconds left.\n|\n|t:|1660494595\n|move|p2a: Barraskewda|Flip Turn|p1a: Barbaracle\n|-damage|p1a: Barbaracle|0 fnt\n|faint|p1a: Barbaracle\n|inactive|Volcaronium has 25 seconds left this turn.\n|c| ProsandRookies|I mean I played against redemption\n|inactive|Volcaronium has 20 seconds left.\n|\n|t:|1660494604\n|switch|p2a: tueur de magicarpe|Venomoth, M|100\/100|[from]move: Flip Turn\n|-damage|p2a: tueur de magicarpe|76\/100|[from] Stealth Rock\n|\n|-weather|RainDance|[upkeep]\n|upkeep\n|inactive|Volcaronium has 25 seconds left this turn.\n|c| ProsandRookies|So yeah we're all famous\n|c| ihavebestsandteam|not really tho\n|j| Be Like Bisharp\n|c| arnavgupta|...\n|inactive|Redemption has 30 seconds left.\n|c| Dragonair2fair|how\n|\n|t:|1660494637\n|switch|p1a: Mismagius|Mismagius, F|100\/100\n|turn|21\n|c| ProsandRookies|Lol I know its a joke\n|inactive|Volcaronium has 30 seconds left.\n|c| arnavgupta|that venomoth can potentially sweep\n|j| soso76\n|\n|t:|1660494649\n|switch|p2a: Kingdra|Kingdra, M|9\/100\n|-damage|p2a: Kingdra|0 fnt|[from] Stealth Rock\n|faint|p2a: Kingdra\n|move|p1a: Mismagius|Taunt|p2: Kingdra|[notarget]\n|-fail|p1a: Mismagius\n|\n|-weather|none\n|upkeep\n|inactive|Volcaronium has 30 seconds left this turn.\n|\n|t:|1660494652\n|switch|p2a: Barraskewda|Barraskewda, M|88\/100\n|-damage|p2a: Barraskewda|76\/100|[from] Stealth Rock\n|turn|22\n|c| ihavebestsandteam|stop ghosting\n|c| ProsandRookies|Yeah that venomoth\n|inactive|Volcaronium has 30 seconds left.\n|c| soso76|WHOOO\n|l| MysticJJustin\n|\n|t:|1660494671\n|switch|p1a: Toxapex|Toxapex, F|100\/100\n|move|p2a: Barraskewda|Liquidation|p1a: Toxapex\n|-resisted|p1a: Toxapex\n|-damage|p1a: Toxapex|76\/100\n|\n|-heal|p1a: Toxapex|82\/100|[from] item: Black Sludge\n|upkeep\n|turn|23\n|\n|t:|1660494678\n|move|p2a: Barraskewda|Liquidation|p1a: Toxapex\n|-resisted|p1a: Toxapex\n|-damage|p1a: Toxapex|57\/100\n|move|p1a: Toxapex|Scald|p2a: Barraskewda\n|-resisted|p2a: Barraskewda\n|-damage|p2a: Barraskewda|58\/100\n|-status|p2a: Barraskewda|brn\n|\n|-heal|p1a: Toxapex|63\/100|[from] item: Black Sludge\n|-damage|p2a: Barraskewda|52\/100 brn|[from] brn\n|upkeep\n|turn|24\n|l| Dragonair2fair\n|\n|t:|1660494686\n|move|p2a: Barraskewda|Liquidation|p1a: Toxapex\n|-resisted|p1a: Toxapex\n|-damage|p1a: Toxapex|51\/100\n|-unboost|p1a: Toxapex|def|1\n|move|p1a: Toxapex|Scald|p2a: Barraskewda\n|-resisted|p2a: Barraskewda\n|-damage|p2a: Barraskewda|35\/100 brn\n|\n|-heal|p1a: Toxapex|57\/100|[from] item: Black Sludge\n|-damage|p2a: Barraskewda|29\/100 brn|[from] brn\n|upkeep\n|turn|25\n|c| ProsandRookies|The burn\n|l| arnavgupta\n|j| Dragonair2fair\n|c| Be Like Bisharp|broken\n|inactive|Redemption has 30 seconds left.\n|j| Carmin\n|c|\u2606Volcaronium|gg t'es fort\n|\n|t:|1660494720\n|move|p2a: Barraskewda|Liquidation|p1a: Toxapex\n|-resisted|p1a: Toxapex\n|-damage|p1a: Toxapex|37\/100\n|move|p1a: Toxapex|Recover|p1a: Toxapex\n|-heal|p1a: Toxapex|87\/100\n|\n|-heal|p1a: Toxapex|94\/100|[from] item: Black Sludge\n|-damage|p2a: Barraskewda|23\/100 brn|[from] brn\n|upkeep\n|turn|26\n|l| DIMU179\n|inactive|Redemption has 30 seconds left.\n|j| Maxlice\n|\n|t:|1660494727\n|switch|p1a: Mismagius|Mismagius, F|100\/100\n|move|p2a: Barraskewda|Liquidation|p1a: Mismagius\n|-crit|p1a: Mismagius\n|-damage|p1a: Mismagius|4\/100\n|\n|-damage|p2a: Barraskewda|17\/100 brn|[from] brn\n|upkeep\n|turn|27\n|\n|t:|1660494737\n|switch|p1a: Toxapex|Toxapex, F|100\/100\n|move|p2a: Barraskewda|Liquidation|p1a: Toxapex\n|-resisted|p1a: Toxapex\n|-damage|p1a: Toxapex|87\/100\n|\n|-heal|p1a: Toxapex|93\/100|[from] item: Black Sludge\n|-damage|p2a: Barraskewda|11\/100 brn|[from] brn\n|upkeep\n|turn|28\n|\n|t:|1660494755\n|switch|p1a: Blissey|Blissey, F|89\/100\n|move|p2a: Barraskewda|Liquidation|p1a: Blissey\n|-damage|p1a: Blissey|61\/100\n|\n|-damage|p2a: Barraskewda|5\/100 brn|[from] brn\n|upkeep\n|turn|29\n|j| Artimus245\n|\n|t:|1660494771\n|move|p2a: Barraskewda|Liquidation|p1a: Blissey\n|-damage|p1a: Blissey|31\/100\n|move|p1a: Blissey|Soft-Boiled|p1a: Blissey\n|-heal|p1a: Blissey|81\/100\n|\n|-damage|p2a: Barraskewda|0 fnt|[from] brn\n|faint|p2a: Barraskewda\n|upkeep\n|\n|t:|1660494774\n|switch|p2a: tueur de magicarpe|Venomoth, M|76\/100\n|-damage|p2a: tueur de magicarpe|51\/100|[from] Stealth Rock\n|turn|30\n|l| Maxlice\n|\n|t:|1660494784\n|move|p2a: tueur de magicarpe|Quiver Dance|p2a: tueur de magicarpe\n|-boost|p2a: tueur de magicarpe|spa|1\n|-boost|p2a: tueur de magicarpe|spd|1\n|-boost|p2a: tueur de magicarpe|spe|1\n|move|p1a: Blissey|Seismic Toss|p2a: tueur de magicarpe\n|-damage|p2a: tueur de magicarpe|15\/100\n|\n|upkeep\n|turn|31\n|\n|t:|1660494787\n|move|p2a: tueur de magicarpe|Sleep Powder|p1a: Blissey|[miss]\n|-miss|p2a: tueur de magicarpe|p1a: Blissey\n|move|p1a: Blissey|Seismic Toss|p2a: tueur de magicarpe\n|-damage|p2a: tueur de magicarpe|0 fnt\n|faint|p2a: tueur de magicarpe\n|\n|win|Redemption\n|n|\u2606Redemption|redemption\n|n|\u2606Volcaronium|volcaronium\n|n|*Lady Monita|ladymonita\n|n| hidinflames|hidinflames\n|n| Grimji|grimji\n|n| QuinglongReturn|quinglongreturn\n|n| Keblar|keblar\n|n| Lenoxum|lenoxum\n|n| LT92PFAlgorithmKey|lt92pfalgorithmkey\n|n| ProsandRookies|prosandrookies\n|n| Magiquaza|magiquaza\n|n| ihavebestsandteam|ihavebestsandteam\n|n| Scavet|scavet\n|n| liasher02|liasher02\n|n| mavhoc|mavhoc\n|n| Essayer dur poke|essayerdurpoke\n|n| ygbhnjkiu|ygbhnjkiu\n|n| valentinasd|valentinasd\n|n| Gymlead11b|gymlead11b\n|n| pikafaneEX|pikafaneex\n|n| Be Like Bisharp|belikebisharp\n|n| soso76|soso76\n|n| Dragonair2fair|dragonair2fair\n|n| Carmin|carmin\n|n| Artimus245|artimus245\n|l|*Lady Monita\n|l| Dragonair2fair\n|l| Artimus245\n|c|\u2606Volcaronium|gg\n|l| ihavebestsandteam\n|l| Lenoxum\n|l| Gymlead11b\n|l| Grimji\n|l| QuinglongReturn\n|l| Carmin\n|l| liasher02\n|l| soso76\n|l| Essayer dur poke\n|l| valentinasd\n|l| mavhoc\n|l| Magiquaza\n|l| pikafaneEX\n|l|\u2606Redemption\n|j| Dragonair2fair\n|l| Dragonair2fair\n|j| One Punch Mantyke\n|l| hidinflames\n|l| LT92PFAlgorithmKey\n","uploadtime":1660494787,"views":32,"p1id":"redemption","p2id":"volcaronium","formatid":"gen8nationaldex","rating":0,"private":0,"password":null}