{"id":"gen8ou-1673932580","p1":"Not Sarcasm","p2":"chane14532","format":"gen8ou","log":"|j|\u2606Not Sarcasm\n|j|\u2606chane14532\n|t:|1664514311\n|gametype|singles\n|player|p1|Not Sarcasm|1|1709\n|player|p2|chane14532|rocketgrunt|1593\n|teamsize|p1|6\n|teamsize|p2|6\n|gen|8\n|tier|[Gen 8] OU\n|rated|\n|rule|Sleep Clause Mod: Limit one foe put to sleep\n|rule|Species Clause: Limit one of each Pok\u00e9mon\n|rule|OHKO Clause: OHKO moves are banned\n|rule|Evasion Items Clause: Evasion items are banned\n|rule|Evasion Moves Clause: Evasion moves are banned\n|rule|Endless Battle Clause: Forcing endless battles is banned\n|rule|HP Percentage Mod: HP is shown in percentages\n|rule|Dynamax Clause: You cannot dynamax\n|clearpoke\n|poke|p1|Landorus-Therian, M|\n|poke|p1|Ferrothorn, F|\n|poke|p1|Urshifu-*, M|\n|poke|p1|Tornadus-Therian, M|\n|poke|p1|Dragapult, M|\n|poke|p1|Tapu Lele|\n|poke|p2|Tapu Lele|\n|poke|p2|Victini|\n|poke|p2|Slurpuff, F|\n|poke|p2|Klefki, F|\n|poke|p2|Latias, F|\n|poke|p2|Toxapex, F|\n|teampreview\n|inactive|Battle timer is ON: inactive players will automatically lose when time's up. (requested by Not Sarcasm)\n|\n|t:|1664514353\n|start\n|switch|p1a: Landorus|Landorus-Therian, M|100\/100\n|switch|p2a: Victini|Victini|100\/100\n|-ability|p1a: Landorus|Intimidate|boost\n|-unboost|p2a: Victini|atk|1\n|turn|1\n|\n|t:|1664514359\n|move|p2a: Victini|V-create|p1a: Landorus\n|-damage|p1a: Landorus|24\/100\n|-unboost|p2a: Victini|spe|1\n|-unboost|p2a: Victini|def|1\n|-unboost|p2a: Victini|spd|1\n|move|p1a: Landorus|Earthquake|p2a: Victini\n|-supereffective|p2a: Victini\n|-crit|p2a: Victini\n|-damage|p2a: Victini|0 fnt\n|faint|p2a: Victini\n|\n|-heal|p1a: Landorus|30\/100|[from] item: Leftovers\n|upkeep\n|\n|t:|1664514374\n|switch|p2a: Latias|Latias, F|100\/100\n|turn|2\n|\n|t:|1664514378\n|switch|p1a: Tornadus|Tornadus-Therian, M|100\/100\n|move|p2a: Latias|Agility|p2a: Latias\n|-boost|p2a: Latias|spe|2\n|\n|upkeep\n|turn|3\n|\n|t:|1664514386\n|switch|p1a: Ferrothorn|Ferrothorn, F|100\/100\n|move|p2a: Latias|Calm Mind|p2a: Latias\n|-boost|p2a: Latias|spa|1\n|-boost|p2a: Latias|spd|1\n|\n|upkeep\n|turn|4\n|\n|t:|1664514392\n|move|p2a: Latias|Calm Mind|p2a: Latias\n|-boost|p2a: Latias|spa|1\n|-boost|p2a: Latias|spd|1\n|move|p1a: Ferrothorn|Leech Seed|p2a: Latias|[miss]\n|-miss|p1a: Ferrothorn|p2a: Latias\n|\n|upkeep\n|turn|5\n|\n|t:|1664514399\n|move|p2a: Latias|Aura Sphere|p1a: Ferrothorn\n|-supereffective|p1a: Ferrothorn\n|-damage|p1a: Ferrothorn|28\/100\n|move|p1a: Ferrothorn|Leech Seed|p2a: Latias\n|-start|p2a: Latias|move: Leech Seed\n|\n|-damage|p2a: Latias|88\/100|[from] Leech Seed|[of] p1a: Ferrothorn\n|-heal|p1a: Ferrothorn|41\/100|[silent]\n|upkeep\n|turn|6\n|c|\u2606Not Sarcasm|come on\n|\n|t:|1664514411\n|switch|p1a: Landorus|Landorus-Therian, M|30\/100\n|-ability|p1a: Landorus|Intimidate|boost\n|-unboost|p2a: Latias|atk|1\n|move|p2a: Latias|Calm Mind|p2a: Latias\n|-boost|p2a: Latias|spa|1\n|-boost|p2a: Latias|spd|1\n|\n|-heal|p1a: Landorus|36\/100|[from] item: Leftovers\n|-damage|p2a: Latias|76\/100|[from] Leech Seed|[of] p1a: Landorus\n|-heal|p1a: Landorus|48\/100|[silent]\n|upkeep\n|turn|7\n|\n|t:|1664514420\n|switch|p1a: Ferrothorn|Ferrothorn, F|41\/100\n|move|p2a: Latias|Stored Power|p1a: Ferrothorn\n|-resisted|p1a: Ferrothorn\n|-damage|p1a: Ferrothorn|0 fnt\n|faint|p1a: Ferrothorn\n|\n|upkeep\n|\n|t:|1664514426\n|switch|p1a: Landorus|Landorus-Therian, M|48\/100\n|-ability|p1a: Landorus|Intimidate|boost\n|-unboost|p2a: Latias|atk|1\n|turn|8\n|\n|t:|1664514431\n|switch|p1a: Tornadus|Tornadus-Therian, M|100\/100\n|move|p2a: Latias|Stored Power|p1a: Tornadus\n|-damage|p1a: Tornadus|0 fnt\n|faint|p1a: Tornadus\n|\n|upkeep\n|c|\u2606Not Sarcasm|dumb fuck\n|\n|t:|1664514441\n|switch|p1a: Tapu Lele|Tapu Lele|100\/100\n|-fieldstart|move: Psychic Terrain|[from] ability: Psychic Surge|[of] p1a: Tapu Lele\n|turn|9\n|\n|t:|1664514445\n|move|p2a: Latias|Stored Power|p1a: Tapu Lele\n|-resisted|p1a: Tapu Lele\n|-damage|p1a: Tapu Lele|10\/100\n|move|p1a: Tapu Lele|Moonblast|p2a: Latias\n|-supereffective|p2a: Latias\n|-damage|p2a: Latias|46\/100\n|-unboost|p2a: Latias|spa|1\n|-enditem|p2a: Latias|Weakness Policy\n|-boost|p2a: Latias|atk|2|[from] item: Weakness Policy\n|-boost|p2a: Latias|spa|2|[from] item: Weakness Policy\n|\n|-damage|p2a: Latias|33\/100|[from] Leech Seed|[of] p1a: Tapu Lele\n|-heal|p1a: Tapu Lele|26\/100|[silent]\n|upkeep\n|turn|10\n|\n|t:|1664514455\n|move|p2a: Latias|Stored Power|p1a: Tapu Lele\n|-resisted|p1a: Tapu Lele\n|-damage|p1a: Tapu Lele|0 fnt\n|faint|p1a: Tapu Lele\n|\n|upkeep\n|-message|Not Sarcasm forfeited.\n|\n|win|chane14532\n|raw|Not Sarcasm's rating: 1709 &rarr; <strong>1683<\/strong><br \/>(-26 for losing)\n|raw|chane14532's rating: 1593 &rarr; <strong>1619<\/strong><br \/>(+26 for winning)\n|l|\u2606Not Sarcasm\n","uploadtime":1664514441,"views":3,"p1id":"notsarcasm","p2id":"chane14532","formatid":"gen8ou","rating":1619,"private":0,"password":null}