{"id":"gen8bdspou-1506989698","p1":"galarian dragapult","p2":"Kyerndo","format":"gen8bdspou","log":"|html|<div class=\"broadcast-blue\"><strong>[Gen 8 BDSP] OU is currently suspecting Gengar! For information on how to participate check out the <a href=\"https:\/\/www.smogon.com\/forums\/threads\/np-bdsp-ou-suspect-process-round-3-ghost-town.3696830\/\">suspect thread<\/a>.<\/strong><\/div>\n|j|\u2606galarian dragapult\n|j|\u2606Kyerndo\n|t:|1644356889\n|gametype|singles\n|player|p1|galarian dragapult|265|1600\n|player|p2|Kyerndo|psychic|1560\n|teamsize|p1|6\n|teamsize|p2|6\n|gen|8\n|tier|[Gen 8 BDSP] OU\n|rated|\n|rule|Sleep Clause Mod: Limit one foe put to sleep\n|rule|Species Clause: Limit one of each Pok\u00e9mon\n|rule|OHKO Clause: OHKO moves are banned\n|rule|Evasion Moves Clause: Evasion moves are banned\n|rule|Endless Battle Clause: Forcing endless battles is banned\n|rule|HP Percentage Mod: HP is shown in percentages\n|clearpoke\n|poke|p1|Garchomp, F|\n|poke|p1|Rotom-Wash|\n|poke|p1|Scizor, M|\n|poke|p1|Togekiss, F|\n|poke|p1|Blissey, F|\n|poke|p1|Breloom, F|\n|poke|p2|Crawdaunt, F|\n|poke|p2|Ursaring, M|\n|poke|p2|Heracross, M|\n|poke|p2|Slowbro, F|\n|poke|p2|Gallade, M|\n|poke|p2|Bronzong|\n|teampreview\n|inactive|Battle timer is ON: inactive players will automatically lose when time's up. (requested by galarian dragapult)\n|\n|t:|1644356894\n|start\n|switch|p1a: Rotom|Rotom-Wash, shiny|100\/100\n|switch|p2a: Gallade|Gallade, M|100\/100\n|turn|1\n|\n|t:|1644356903\n|move|p1a: Rotom|Trick|p2a: Gallade\n|-activate|p1a: Rotom|move: Trick|[of] p2a: Gallade\n|-item|p2a: Gallade|Choice Scarf|[from] move: Trick\n|-item|p1a: Rotom|Life Orb|[from] move: Trick\n|move|p2a: Gallade|Close Combat|p1a: Rotom\n|-damage|p1a: Rotom|45\/100\n|-unboost|p2a: Gallade|def|1\n|-unboost|p2a: Gallade|spd|1\n|\n|upkeep\n|turn|2\n|\n|t:|1644356923\n|switch|p2a: Bronzong|Bronzong|100\/100\n|switch|p1a: Togekiss|Togekiss, F, shiny|100\/100\n|\n|upkeep\n|turn|3\n|\n|t:|1644356928\n|move|p1a: Togekiss|Flamethrower|p2a: Bronzong\n|-supereffective|p2a: Bronzong\n|-damage|p2a: Bronzong|58\/100\n|move|p2a: Bronzong|Trick Room|p2a: Bronzong\n|-fieldstart|move: Trick Room|[of] p2a: Bronzong\n|\n|upkeep\n|turn|4\n|\n|t:|1644356937\n|switch|p2a: Slowbro|Slowbro, F|100\/100\n|switch|p1a: Garchomp|Garchomp, F|100\/100\n|\n|upkeep\n|turn|5\n|\n|t:|1644356942\n|switch|p1a: Blissey|Blissey, F, shiny|100\/100\n|move|p2a: Slowbro|Scald|p1a: Blissey\n|-damage|p1a: Blissey|82\/100\n|-damage|p2a: Slowbro|91\/100|[from] item: Life Orb\n|\n|-heal|p1a: Blissey|88\/100|[from] item: Leftovers\n|upkeep\n|turn|6\n|\n|t:|1644356944\n|switch|p2a: Ursaring|Ursaring, M|100\/100\n|move|p1a: Blissey|Stealth Rock|p2a: Ursaring\n|-sidestart|p2: Kyerndo|move: Stealth Rock\n|\n|-heal|p1a: Blissey|94\/100|[from] item: Leftovers\n|-status|p2a: Ursaring|brn|[from] item: Flame Orb\n|upkeep\n|turn|7\n|\n|t:|1644356962\n|move|p1a: Blissey|Ice Beam|p2a: Ursaring\n|-damage|p2a: Ursaring|82\/100 brn\n|move|p2a: Ursaring|Swords Dance|p2a: Ursaring\n|-boost|p2a: Ursaring|atk|2\n|\n|-heal|p1a: Blissey|99\/100|[from] item: Leftovers\n|-damage|p2a: Ursaring|76\/100 brn|[from] brn\n|-fieldend|move: Trick Room\n|upkeep\n|turn|8\n|\n|t:|1644356968\n|move|p1a: Blissey|Ice Beam|p2a: Ursaring\n|-damage|p2a: Ursaring|57\/100 brn\n|move|p2a: Ursaring|Facade|p1a: Blissey\n|-damage|p1a: Blissey|0 fnt\n|faint|p1a: Blissey\n|\n|-damage|p2a: Ursaring|51\/100 brn|[from] brn\n|upkeep\n|\n|t:|1644356976\n|switch|p1a: Breloom|Breloom, F, shiny|100\/100\n|turn|9\n|\n|t:|1644356981\n|move|p1a: Breloom|Bullet Seed|p2a: Ursaring\n|-damage|p2a: Ursaring|16\/100 brn\n|-damage|p2a: Ursaring|0 fnt\n|faint|p2a: Ursaring\n|-hitcount|p2: Ursaring|2\n|\n|upkeep\n|\n|t:|1644356984\n|switch|p2a: Heracross|Heracross, M|100\/100\n|-damage|p2a: Heracross|88\/100|[from] Stealth Rock\n|turn|10\n|\n|t:|1644356995\n|switch|p1a: Rotom|Rotom-Wash, shiny|45\/100\n|move|p2a: Heracross|Swords Dance|p2a: Heracross\n|-boost|p2a: Heracross|atk|2\n|\n|-status|p2a: Heracross|brn|[from] item: Flame Orb\n|upkeep\n|turn|11\n|\n|t:|1644356999\n|move|p2a: Heracross|Facade|p1a: Rotom\n|-damage|p1a: Rotom|0 fnt\n|faint|p1a: Rotom\n|\n|-damage|p2a: Heracross|82\/100 brn|[from] brn\n|upkeep\n|\n|t:|1644357002\n|switch|p1a: Togekiss|Togekiss, F, shiny|100\/100\n|turn|12\n|\n|t:|1644357005\n|switch|p2a: Bronzong|Bronzong|58\/100\n|-damage|p2a: Bronzong|52\/100|[from] Stealth Rock\n|move|p1a: Togekiss|Air Slash|p2a: Bronzong\n|-resisted|p2a: Bronzong\n|-damage|p2a: Bronzong|39\/100\n|\n|upkeep\n|turn|13\n|\n|t:|1644357015\n|move|p1a: Togekiss|Flamethrower|p2a: Bronzong\n|-supereffective|p2a: Bronzong\n|-damage|p2a: Bronzong|0 fnt\n|faint|p2a: Bronzong\n|\n|upkeep\n|\n|t:|1644357020\n|switch|p2a: Gallade|Gallade, M|100\/100\n|-damage|p2a: Gallade|94\/100|[from] Stealth Rock\n|turn|14\n|\n|t:|1644357024\n|switch|p1a: Scizor|Scizor, M, shiny|100\/100\n|move|p2a: Gallade|Trick Room|p2a: Gallade\n|-fieldstart|move: Trick Room|[of] p2a: Gallade\n|\n|upkeep\n|turn|15\n|\n|t:|1644357029\n|switch|p2a: Slowbro|Slowbro, F|100\/100\n|-damage|p2a: Slowbro|88\/100|[from] Stealth Rock\n|move|p1a: Scizor|U-turn|p2a: Slowbro\n|-supereffective|p2a: Slowbro\n|-damage|p2a: Slowbro|40\/100\n|\n|t:|1644357037\n|switch|p1a: Breloom|Breloom, F, shiny|100\/100|[from]move: U-turn\n|\n|upkeep\n|turn|16\n|\n|t:|1644357039\n|move|p2a: Slowbro|Psychic|p1a: Breloom\n|-supereffective|p1a: Breloom\n|-damage|p1a: Breloom|0 fnt\n|faint|p1a: Breloom\n|-damage|p2a: Slowbro|30\/100|[from] item: Life Orb\n|\n|upkeep\n|\n|t:|1644357042\n|switch|p1a: Scizor|Scizor, M, shiny|100\/100\n|turn|17\n|\n|t:|1644357045\n|move|p2a: Slowbro|Flamethrower|p1a: Scizor\n|-supereffective|p1a: Scizor\n|-damage|p1a: Scizor|0 fnt\n|faint|p1a: Scizor\n|-damage|p2a: Slowbro|21\/100|[from] item: Life Orb\n|\n|upkeep\n|\n|t:|1644357050\n|switch|p1a: Togekiss|Togekiss, F, shiny|100\/100\n|turn|18\n|\n|t:|1644357053\n|move|p2a: Slowbro|Psychic|p1a: Togekiss\n|-damage|p1a: Togekiss|51\/100\n|-unboost|p1a: Togekiss|spd|1\n|-damage|p2a: Slowbro|11\/100|[from] item: Life Orb\n|move|p1a: Togekiss|Nasty Plot|p1a: Togekiss\n|-boost|p1a: Togekiss|spa|2\n|\n|-heal|p1a: Togekiss|57\/100|[from] item: Leftovers\n|-fieldend|move: Trick Room\n|upkeep\n|turn|19\n|\n|t:|1644357057\n|move|p1a: Togekiss|Air Slash|p2a: Slowbro\n|-damage|p2a: Slowbro|0 fnt\n|faint|p2a: Slowbro\n|\n|-heal|p1a: Togekiss|63\/100|[from] item: Leftovers\n|upkeep\n|\n|t:|1644357063\n|switch|p2a: Heracross|Heracross, M|82\/100 brn\n|-damage|p2a: Heracross|70\/100 brn|[from] Stealth Rock\n|turn|20\n|\n|t:|1644357066\n|move|p2a: Heracross|Facade|p1a: Togekiss\n|-damage|p1a: Togekiss|0 fnt\n|faint|p1a: Togekiss\n|\n|-damage|p2a: Heracross|64\/100 brn|[from] brn\n|upkeep\n|\n|t:|1644357069\n|switch|p1a: Garchomp|Garchomp, F|100\/100\n|turn|21\n|c|\u2606Kyerndo|YOU AINT SCARF\n|c|\u2606Kyerndo|I could've just killed toge\n|inactive|Kyerndo has 120 seconds left.\n|\n|t:|1644357102\n|move|p1a: Garchomp|Swords Dance|p1a: Garchomp\n|-boost|p1a: Garchomp|atk|2\n|move|p2a: Heracross|Close Combat|p1a: Garchomp\n|-damage|p1a: Garchomp|17\/100\n|-unboost|p2a: Heracross|def|1\n|-unboost|p2a: Heracross|spd|1\n|-damage|p2a: Heracross|52\/100 brn|[from] ability: Rough Skin|[of] p1a: Garchomp\n|\n|-heal|p1a: Garchomp|23\/100|[from] item: Leftovers\n|-damage|p2a: Heracross|46\/100 brn|[from] brn\n|upkeep\n|turn|22\n|inactive|Kyerndo has 120 seconds left.\n|c|\u2606Kyerndo|Well now you die to jet\n|\n|t:|1644357117\n|move|p1a: Garchomp|Iron Head|p2a: Heracross\n|-damage|p2a: Heracross|0 fnt\n|faint|p2a: Heracross\n|\n|-heal|p1a: Garchomp|29\/100|[from] item: Leftovers\n|upkeep\n|\n|t:|1644357119\n|switch|p2a: Crawdaunt|Crawdaunt, F|100\/100\n|-damage|p2a: Crawdaunt|88\/100|[from] Stealth Rock\n|turn|23\n|\n|t:|1644357121\n|move|p2a: Crawdaunt|Aqua Jet|p1a: Garchomp\n|-damage|p1a: Garchomp|0 fnt\n|-damage|p2a: Crawdaunt|76\/100|[from] ability: Rough Skin|[of] p1a: Garchomp\n|faint|p1a: Garchomp\n|-damage|p2a: Crawdaunt|66\/100|[from] item: Life Orb\n|\n|win|Kyerndo\n|raw|galarian dragapult's rating: 1600 &rarr; <strong>1578<\/strong><br \/>(-22 for losing)\n|raw|Kyerndo's rating: 1560 &rarr; <strong>1582<\/strong><br \/>(+22 for winning)\n|l|\u2606galarian dragapult\n||Ladder isn't responding, score probably updated but might not have (Request timeout).\n","uploadtime":1644357128,"views":12,"p1id":"galariandragapult","p2id":"kyerndo","formatid":"gen8bdspou","rating":1578,"private":0,"password":null}