{"id":"gen8ou-1656209358","p1":"Retro Caroline","p2":"himynametay","format":"gen8ou","log":"|j|\u2606Retro Caroline\n|j|\u203dhimynametay\n|t:|1662328852\n|gametype|singles\n|player|p1|Retro Caroline|veteranf|1495\n|player|p2|himynametay|elesa-masters|1582\n|teamsize|p1|6\n|teamsize|p2|6\n|gen|8\n|tier|[Gen 8] OU\n|rated|\n|rule|Sleep Clause Mod: Limit one foe put to sleep\n|rule|Species Clause: Limit one of each Pok\u00e9mon\n|rule|OHKO Clause: OHKO moves are banned\n|rule|Evasion Items Clause: Evasion items are banned\n|rule|Evasion Moves Clause: Evasion moves are banned\n|rule|Endless Battle Clause: Forcing endless battles is banned\n|rule|HP Percentage Mod: HP is shown in percentages\n|rule|Dynamax Clause: You cannot dynamax\n|clearpoke\n|poke|p1|Mew|\n|poke|p1|Latios, M|\n|poke|p1|Arcanine, M|\n|poke|p1|Blastoise, F|\n|poke|p1|Mamoswine, M|\n|poke|p1|Scyther, F|\n|poke|p2|Landorus-Therian, M|\n|poke|p2|Ferrothorn, M|\n|poke|p2|Urshifu-*, F|\n|poke|p2|Tornadus-Therian, M|\n|poke|p2|Dragapult, F|\n|poke|p2|Tapu Lele|\n|teampreview\n|\n|t:|1662328867\n|start\n|switch|p1a: Sphynx Cat|Mew|100\/100\n|switch|p2a: Dragapult|Dragapult, F|100\/100\n|turn|1\n|inactive|Battle timer is ON: inactive players will automatically lose when time's up. (requested by himynametay)\n|\n|t:|1662328875\n|move|p1a: Sphynx Cat|Ice Beam|p2a: Dragapult\n|-supereffective|p2a: Dragapult\n|-damage|p2a: Dragapult|26\/100\n|move|p2a: Dragapult|U-turn|p1a: Sphynx Cat\n|-supereffective|p1a: Sphynx Cat\n|-damage|p1a: Sphynx Cat|68\/100\n|\n|t:|1662328880\n|switch|p2a: Urshifu|Urshifu-Rapid-Strike, F|100\/100|[from]move: U-turn\n|\n|upkeep\n|turn|2\n|\n|t:|1662328891\n|switch|p1a: Dog Lion|Arcanine, M, shiny|100\/100\n|-ability|p1a: Dog Lion|Intimidate|boost\n|-unboost|p2a: Urshifu|atk|1\n|move|p2a: Urshifu|Surging Strikes|p1a: Dog Lion\n|-supereffective|p1a: Dog Lion\n|-crit|p1a: Dog Lion\n|-damage|p1a: Dog Lion|65\/100\n|-supereffective|p1a: Dog Lion\n|-crit|p1a: Dog Lion\n|-damage|p1a: Dog Lion|34\/100\n|-supereffective|p1a: Dog Lion\n|-crit|p1a: Dog Lion\n|-damage|p1a: Dog Lion|3\/100\n|-hitcount|p1a: Dog Lion|3\n|\n|upkeep\n|turn|3\n|\n|t:|1662328905\n|switch|p1a: Turtle|Blastoise, F, shiny|100\/100\n|move|p2a: Urshifu|Aqua Jet|p1a: Turtle\n|-resisted|p1a: Turtle\n|-damage|p1a: Turtle|93\/100\n|\n|-heal|p1a: Turtle|99\/100|[from] item: Leftovers\n|upkeep\n|turn|4\n|\n|t:|1662328912\n|move|p2a: Urshifu|U-turn|p1a: Turtle\n|-damage|p1a: Turtle|82\/100\n|\n|t:|1662328915\n|switch|p2a: Tapu Lele|Tapu Lele|100\/100|[from]move: U-turn\n|-fieldstart|move: Psychic Terrain|[from] ability: Psychic Surge|[of] p2a: Tapu Lele\n|move|p1a: Turtle|Yawn|p2a: Tapu Lele\n|-start|p2a: Tapu Lele|move: Yawn|[of] p1a: Turtle\n|\n|-heal|p1a: Turtle|88\/100|[from] item: Leftovers\n|upkeep\n|turn|5\n|\n|t:|1662328923\n|switch|p2a: Ferrothorn|Ferrothorn, M|100\/100\n|move|p1a: Turtle|Yawn|p2a: Ferrothorn\n|-start|p2a: Ferrothorn|move: Yawn|[of] p1a: Turtle\n|\n|-heal|p1a: Turtle|94\/100|[from] item: Leftovers\n|upkeep\n|turn|6\n|inactive|himynametay has 120 seconds left.\n|\n|t:|1662328961\n|switch|p1a: Praying Mantis|Scyther, F|100\/100\n|move|p2a: Ferrothorn|Stealth Rock|p1a: Praying Mantis\n|-sidestart|p1: Retro Caroline|move: Stealth Rock\n|\n|-end|p2a: Ferrothorn|move: Yawn|[silent]\n|-status|p2a: Ferrothorn|slp\n|upkeep\n|turn|7\n|inactive|himynametay has 120 seconds left.\n|\n|t:|1662328966\n|switch|p2a: Tornadus|Tornadus-Therian, M|100\/100\n|move|p1a: Praying Mantis|Swords Dance|p1a: Praying Mantis\n|-boost|p1a: Praying Mantis|atk|2\n|\n|upkeep\n|turn|8\n|\n|t:|1662328972\n|move|p2a: Tornadus|Hurricane|p1a: Praying Mantis|[miss]\n|-miss|p2a: Tornadus|p1a: Praying Mantis\n|move|p1a: Praying Mantis|Dual Wingbeat|p2a: Tornadus\n|-damage|p2a: Tornadus|39\/100\n|-damage|p2a: Tornadus|0 fnt\n|faint|p2a: Tornadus\n|-hitcount|p2: Tornadus|2\n|\n|-fieldend|move: Psychic Terrain\n|upkeep\n|\n|t:|1662328977\n|switch|p2a: Dragapult|Dragapult, F|26\/100\n|turn|9\n|\n|t:|1662328983\n|move|p2a: Dragapult|Draco Meteor|p1a: Praying Mantis\n|-damage|p1a: Praying Mantis|21\/100\n|-unboost|p2a: Dragapult|spa|2\n|move|p1a: Praying Mantis|Knock Off|p2a: Dragapult\n|-supereffective|p2a: Dragapult\n|-damage|p2a: Dragapult|0 fnt\n|-enditem|p2a: Dragapult|Choice Specs|[from] move: Knock Off|[of] p1a: Praying Mantis\n|faint|p2a: Dragapult\n|\n|upkeep\n|\n|t:|1662328986\n|switch|p2a: Tapu Lele|Tapu Lele|100\/100\n|-fieldstart|move: Psychic Terrain|[from] ability: Psychic Surge|[of] p2a: Tapu Lele\n|turn|10\n|\n|t:|1662329013\n|switch|p1a: Turtle|Blastoise, F, shiny|94\/100\n|-damage|p1a: Turtle|81\/100|[from] Stealth Rock\n|move|p2a: Tapu Lele|Moonblast|p1a: Turtle\n|-damage|p1a: Turtle|45\/100\n|\n|-heal|p1a: Turtle|51\/100|[from] item: Leftovers\n|upkeep\n|turn|11\n|\n|t:|1662329037\n|switch|p2a: Ferrothorn|Ferrothorn, M|100\/100 slp\n|move|p1a: Turtle|Protect||[still]\n|-fail|p1a: Turtle\n|\n|-heal|p1a: Turtle|57\/100|[from] item: Leftovers\n|upkeep\n|turn|12\n|\n|t:|1662329044\n|move|p1a: Turtle|Rapid Spin|p2a: Ferrothorn\n|-resisted|p2a: Ferrothorn\n|-damage|p2a: Ferrothorn|97\/100 slp\n|-boost|p1a: Turtle|spe|1\n|-damage|p1a: Turtle|44\/100|[from] ability: Iron Barbs|[of] p2a: Ferrothorn\n|-damage|p1a: Turtle|28\/100|[from] item: Rocky Helmet|[of] p2a: Ferrothorn\n|-sideend|p1: Retro Caroline|Stealth Rock|[from] move: Rapid Spin|[of] p1a: Turtle\n|cant|p2a: Ferrothorn|slp\n|\n|-heal|p1a: Turtle|34\/100|[from] item: Leftovers\n|upkeep\n|turn|13\n|\n|t:|1662329054\n|switch|p1a: Dog Lion|Arcanine, M, shiny|3\/100\n|-ability|p1a: Dog Lion|Intimidate|boost\n|-unboost|p2a: Ferrothorn|atk|1\n|-curestatus|p2a: Ferrothorn|slp|[msg]\n|move|p2a: Ferrothorn|Leech Seed|p1a: Dog Lion\n|-start|p1a: Dog Lion|move: Leech Seed\n|\n|-damage|p1a: Dog Lion|0 fnt|[from] Leech Seed|[of] p2a: Ferrothorn\n|-heal|p2a: Ferrothorn|99\/100|[silent]\n|faint|p1a: Dog Lion\n|upkeep\n|\n|t:|1662329064\n|switch|p1a: Sphynx Cat|Mew|68\/100\n|turn|14\n|\n|t:|1662329073\n|switch|p2a: Landorus|Landorus-Therian, M|100\/100\n|-ability|p2a: Landorus|Intimidate|boost\n|-unboost|p1a: Sphynx Cat|atk|1\n|move|p1a: Sphynx Cat|Taunt|p2a: Landorus\n|-start|p2a: Landorus|move: Taunt\n|\n|-fieldend|move: Psychic Terrain\n|upkeep\n|turn|15\n|\n|t:|1662329082\n|switch|p1a: Mammoth|Mamoswine, M|100\/100\n|move|p2a: Landorus|U-turn|p1a: Mammoth\n|-damage|p1a: Mammoth|73\/100\n|inactive|himynametay has 120 seconds left.\n|\n|t:|1662329115\n|switch|p2a: Urshifu|Urshifu-Rapid-Strike, F|100\/100|[from]move: U-turn\n|\n|upkeep\n|turn|16\n|\n|t:|1662329132\n|switch|p1a: F-14 Tomcat|Latios, M, shiny|100\/100\n|move|p2a: Urshifu|Surging Strikes|p1a: F-14 Tomcat\n|-resisted|p1a: F-14 Tomcat\n|-crit|p1a: F-14 Tomcat\n|-damage|p1a: F-14 Tomcat|84\/100\n|-resisted|p1a: F-14 Tomcat\n|-crit|p1a: F-14 Tomcat\n|-damage|p1a: F-14 Tomcat|68\/100\n|-resisted|p1a: F-14 Tomcat\n|-crit|p1a: F-14 Tomcat\n|-damage|p1a: F-14 Tomcat|53\/100\n|-hitcount|p1a: F-14 Tomcat|3\n|\n|upkeep\n|turn|17\n|inactive|himynametay has 120 seconds left.\n|\n|t:|1662329170\n|switch|p2a: Landorus|Landorus-Therian, M|100\/100\n|-ability|p2a: Landorus|Intimidate|boost\n|-unboost|p1a: F-14 Tomcat|atk|1\n|move|p1a: F-14 Tomcat|Aura Sphere|p2a: Landorus\n|-resisted|p2a: Landorus\n|-damage|p2a: Landorus|83\/100\n|\n|-heal|p2a: Landorus|89\/100|[from] item: Leftovers\n|upkeep\n|turn|18\n|\n|t:|1662329183\n|switch|p1a: Mammoth|Mamoswine, M|73\/100\n|switch|p2a: Tapu Lele|Tapu Lele|100\/100\n|-fieldstart|move: Psychic Terrain|[from] ability: Psychic Surge|[of] p2a: Tapu Lele\n|\n|upkeep\n|turn|19\n|\n|t:|1662329193\n|move|p2a: Tapu Lele|Focus Blast|p1a: Mammoth|[miss]\n|-miss|p2a: Tapu Lele|p1a: Mammoth\n|move|p1a: Mammoth|Rock Tomb|p2a: Tapu Lele\n|-damage|p2a: Tapu Lele|64\/100\n|-unboost|p2a: Tapu Lele|spe|1\n|\n|upkeep\n|turn|20\n|\n|t:|1662329200\n|switch|p2a: Urshifu|Urshifu-Rapid-Strike, F|100\/100\n|switch|p1a: Sphynx Cat|Mew|68\/100\n|\n|upkeep\n|turn|21\n|\n|t:|1662329205\n|switch|p2a: Ferrothorn|Ferrothorn, M|99\/100\n|move|p1a: Sphynx Cat|Volt Switch|p2a: Ferrothorn\n|-resisted|p2a: Ferrothorn\n|-damage|p2a: Ferrothorn|91\/100\n|\n|t:|1662329218\n|switch|p1a: Mammoth|Mamoswine, M|73\/100|[from]move: Volt Switch\n|\n|upkeep\n|turn|22\n|\n|t:|1662329222\n|move|p1a: Mammoth|Stealth Rock|p2a: Ferrothorn\n|-sidestart|p2: himynametay|move: Stealth Rock\n|move|p2a: Ferrothorn|Leech Seed|p1a: Mammoth|[miss]\n|-miss|p2a: Ferrothorn|p1a: Mammoth\n|\n|-fieldend|move: Psychic Terrain\n|upkeep\n|turn|23\n|\n|t:|1662329233\n|move|p1a: Mammoth|Earthquake|p2a: Ferrothorn\n|-damage|p2a: Ferrothorn|56\/100\n|move|p2a: Ferrothorn|Leech Seed|p1a: Mammoth|[miss]\n|-miss|p2a: Ferrothorn|p1a: Mammoth\n|\n|upkeep\n|turn|24\n|\n|t:|1662329238\n|move|p1a: Mammoth|Earthquake|p2a: Ferrothorn\n|-damage|p2a: Ferrothorn|22\/100\n|move|p2a: Ferrothorn|Leech Seed|p1a: Mammoth\n|-start|p1a: Mammoth|move: Leech Seed\n|\n|-damage|p1a: Mammoth|61\/100|[from] Leech Seed|[of] p2a: Ferrothorn\n|-heal|p2a: Ferrothorn|35\/100|[silent]\n|upkeep\n|turn|25\n|\n|t:|1662329245\n|move|p1a: Mammoth|Earthquake|p2a: Ferrothorn\n|-damage|p2a: Ferrothorn|2\/100\n|move|p2a: Ferrothorn|Stealth Rock|p1a: Mammoth\n|-sidestart|p1: Retro Caroline|move: Stealth Rock\n|\n|-damage|p1a: Mammoth|48\/100|[from] Leech Seed|[of] p2a: Ferrothorn\n|-heal|p2a: Ferrothorn|14\/100|[silent]\n|upkeep\n|turn|26\n|\n|t:|1662329251\n|move|p1a: Mammoth|Earthquake|p2a: Ferrothorn\n|-damage|p2a: Ferrothorn|0 fnt\n|faint|p2a: Ferrothorn\n|\n|upkeep\n|\n|t:|1662329253\n|switch|p2a: Urshifu|Urshifu-Rapid-Strike, F|100\/100\n|-damage|p2a: Urshifu|94\/100|[from] Stealth Rock\n|turn|27\n|\n|t:|1662329264\n|move|p1a: Mammoth|Ice Shard|p2a: Urshifu\n|-resisted|p2a: Urshifu\n|-damage|p2a: Urshifu|83\/100\n|move|p2a: Urshifu|Surging Strikes|p1a: Mammoth\n|-supereffective|p1a: Mammoth\n|-crit|p1a: Mammoth\n|-damage|p1a: Mammoth|0 fnt\n|faint|p1a: Mammoth\n|-hitcount|p1: Mammoth|1\n|\n|upkeep\n|\n|t:|1662329277\n|switch|p1a: F-14 Tomcat|Latios, M, shiny|53\/100\n|-damage|p1a: F-14 Tomcat|41\/100|[from] Stealth Rock\n|turn|28\n|\n|t:|1662329283\n|switch|p2a: Landorus|Landorus-Therian, M|89\/100\n|-damage|p2a: Landorus|76\/100|[from] Stealth Rock\n|-ability|p2a: Landorus|Intimidate|boost\n|-unboost|p1a: F-14 Tomcat|atk|1\n|move|p1a: F-14 Tomcat|Psyshock|p2a: Landorus\n|-damage|p2a: Landorus|13\/100\n|\n|-heal|p2a: Landorus|19\/100|[from] item: Leftovers\n|upkeep\n|turn|29\n|\n|t:|1662329292\n|move|p1a: F-14 Tomcat|Psyshock|p2a: Landorus\n|-damage|p2a: Landorus|0 fnt\n|faint|p2a: Landorus\n|\n|upkeep\n|\n|t:|1662329295\n|switch|p2a: Tapu Lele|Tapu Lele|64\/100\n|-damage|p2a: Tapu Lele|52\/100|[from] Stealth Rock\n|-fieldstart|move: Psychic Terrain|[from] ability: Psychic Surge|[of] p2a: Tapu Lele\n|turn|30\n|\n|t:|1662329312\n|switch|p1a: Praying Mantis|Scyther, F|21\/100\n|-damage|p1a: Praying Mantis|0 fnt|[from] Stealth Rock\n|faint|p1a: Praying Mantis\n|move|p2a: Tapu Lele|Moonblast|p1: Praying Mantis|[notarget]\n|-fail|p2a: Tapu Lele\n|\n|upkeep\n|\n|t:|1662329322\n|switch|p1a: Turtle|Blastoise, F, shiny|34\/100\n|-damage|p1a: Turtle|21\/100|[from] Stealth Rock\n|turn|31\n|\n|t:|1662329326\n|move|p1a: Turtle|Protect|p1a: Turtle\n|-singleturn|p1a: Turtle|Protect\n|move|p2a: Tapu Lele|Moonblast|p1a: Turtle\n|-activate|p1a: Turtle|move: Protect\n|\n|-heal|p1a: Turtle|28\/100|[from] item: Leftovers\n|upkeep\n|turn|32\n|\n|t:|1662329333\n|move|p2a: Tapu Lele|Moonblast|p1a: Turtle\n|-damage|p1a: Turtle|0 fnt\n|faint|p1a: Turtle\n|\n|upkeep\n|\n|t:|1662329338\n|switch|p1a: Sphynx Cat|Mew|68\/100\n|-damage|p1a: Sphynx Cat|56\/100|[from] Stealth Rock\n|turn|33\n|\n|t:|1662329350\n|move|p1a: Sphynx Cat|Flash Cannon|p2a: Tapu Lele\n|-supereffective|p2a: Tapu Lele\n|-damage|p2a: Tapu Lele|0 fnt\n|faint|p2a: Tapu Lele\n|\n|upkeep\n|\n|t:|1662329353\n|switch|p2a: Urshifu|Urshifu-Rapid-Strike, F|83\/100\n|-damage|p2a: Urshifu|77\/100|[from] Stealth Rock\n|turn|34\n|\n|t:|1662329357\n|switch|p1a: F-14 Tomcat|Latios, M, shiny|41\/100\n|-damage|p1a: F-14 Tomcat|29\/100|[from] Stealth Rock\n|move|p2a: Urshifu|Surging Strikes|p1a: F-14 Tomcat\n|-resisted|p1a: F-14 Tomcat\n|-crit|p1a: F-14 Tomcat\n|-damage|p1a: F-14 Tomcat|15\/100\n|-resisted|p1a: F-14 Tomcat\n|-crit|p1a: F-14 Tomcat\n|-damage|p1a: F-14 Tomcat|1\/100\n|-resisted|p1a: F-14 Tomcat\n|-crit|p1a: F-14 Tomcat\n|-damage|p1a: F-14 Tomcat|0 fnt\n|faint|p1a: F-14 Tomcat\n|-hitcount|p1: F-14 Tomcat|3\n|\n|-fieldend|move: Psychic Terrain\n|upkeep\n|\n|t:|1662329369\n|switch|p1a: Sphynx Cat|Mew|56\/100\n|-damage|p1a: Sphynx Cat|44\/100|[from] Stealth Rock\n|turn|35\n|\n|t:|1662329374\n|move|p1a: Sphynx Cat|Volt Switch|p2a: Urshifu\n|-supereffective|p2a: Urshifu\n|-damage|p2a: Urshifu|12\/100\n|move|p2a: Urshifu|Surging Strikes|p1a: Sphynx Cat\n|-crit|p1a: Sphynx Cat\n|-damage|p1a: Sphynx Cat|22\/100\n|-crit|p1a: Sphynx Cat\n|-damage|p1a: Sphynx Cat|0 fnt\n|faint|p1a: Sphynx Cat\n|-hitcount|p1: Sphynx Cat|2\n|\n|win|himynametay\n|raw|Retro Caroline's rating: 1495 &rarr; <strong>1480<\/strong><br \/>(-15 for losing)\n|raw|himynametay's rating: 1575 &rarr; <strong>1590<\/strong><br \/>(+15 for winning)\n","uploadtime":1662329382,"views":6,"p1id":"retrocaroline","p2id":"himynametay","formatid":"gen8ou","rating":1480,"private":0,"password":null}