{"id":"gen8ou-1670507169","p1":"Exxxn","p2":"machugen","format":"gen8ou","log":"|j|\u2606Exxxn\n|j|\u2606machugen\n|t:|1664170906\n|gametype|singles\n|player|p1|Exxxn|swimmerf-gen4|1612\n|player|p2|machugen|byron|1689\n|teamsize|p1|6\n|teamsize|p2|6\n|gen|8\n|tier|[Gen 8] OU\n|rated|\n|rule|Sleep Clause Mod: Limit one foe put to sleep\n|rule|Species Clause: Limit one of each Pok\u00e9mon\n|rule|OHKO Clause: OHKO moves are banned\n|rule|Evasion Items Clause: Evasion items are banned\n|rule|Evasion Moves Clause: Evasion moves are banned\n|rule|Endless Battle Clause: Forcing endless battles is banned\n|rule|HP Percentage Mod: HP is shown in percentages\n|rule|Dynamax Clause: You cannot dynamax\n|clearpoke\n|poke|p1|Landorus-Therian, M|\n|poke|p1|Ninetales-Alola, M|\n|poke|p1|Slowking-Galar, M|\n|poke|p1|Zapdos|\n|poke|p1|Volcanion|\n|poke|p1|Kartana|\n|poke|p2|Nihilego|\n|poke|p2|Kartana|\n|poke|p2|Magnezone|\n|poke|p2|Slowbro, F|\n|poke|p2|Tornadus-Therian, M|\n|poke|p2|Hippowdon, F|\n|teampreview\n|\n|t:|1664170924\n|start\n|switch|p1a: Landorus|Landorus-Therian, M|100\/100\n|switch|p2a: Tornadus|Tornadus-Therian, M|100\/100\n|-ability|p1a: Landorus|Intimidate|boost\n|-unboost|p2a: Tornadus|atk|1\n|turn|1\n|\n|t:|1664170928\n|move|p2a: Tornadus|Knock Off|p1a: Landorus\n|-damage|p1a: Landorus|84\/100\n|-enditem|p1a: Landorus|Leftovers|[from] move: Knock Off|[of] p2a: Tornadus\n|move|p1a: Landorus|Rock Polish|p1a: Landorus\n|-boost|p1a: Landorus|spe|2\n|\n|upkeep\n|turn|2\n|\n|t:|1664170931\n|move|p1a: Landorus|Swords Dance|p1a: Landorus\n|-boost|p1a: Landorus|atk|2\n|move|p2a: Tornadus|U-turn|p1a: Landorus\n|-resisted|p1a: Landorus\n|-damage|p1a: Landorus|78\/100\n|\n|t:|1664170933\n|switch|p2a: Slowbro|Slowbro, F|100\/100|[from]move: U-turn\n|\n|upkeep\n|turn|3\n|\n|t:|1664170935\n|move|p1a: Landorus|Earthquake|p2a: Slowbro\n|-damage|p2a: Slowbro|22\/100\n|move|p2a: Slowbro|Ice Beam|p1a: Landorus\n|-supereffective|p1a: Landorus\n|-damage|p1a: Landorus|0 fnt\n|faint|p1a: Landorus\n|\n|upkeep\n|\n|t:|1664170945\n|switch|p1a: Kartana|Kartana|100\/100\n|turn|4\n|\n|t:|1664170947\n|switch|p2a: Tornadus|Tornadus-Therian, M|100\/100\n|move|p1a: Kartana|Knock Off|p2a: Tornadus\n|-damage|p2a: Tornadus|45\/100\n|-enditem|p2a: Tornadus|Heavy-Duty Boots|[from] move: Knock Off|[of] p1a: Kartana\n|-damage|p1a: Kartana|91\/100|[from] item: Life Orb\n|\n|upkeep\n|turn|5\n|\n|t:|1664170952\n|switch|p2a: Hippowdon|Hippowdon, F|100\/100\n|-weather|Sandstorm|[from] ability: Sand Stream|[of] p2a: Hippowdon\n|move|p1a: Kartana|Smart Strike|p2a: Hippowdon\n|-damage|p2a: Hippowdon|57\/100\n|-damage|p1a: Kartana|81\/100|[from] item: Life Orb\n|\n|-weather|Sandstorm|[upkeep]\n|-heal|p2a: Hippowdon|63\/100|[from] item: Leftovers\n|upkeep\n|turn|6\n|\n|t:|1664170956\n|switch|p2a: Tornadus|Tornadus-Therian, M|79\/100\n|move|p1a: Kartana|Leaf Blade|p2a: Tornadus\n|-resisted|p2a: Tornadus\n|-damage|p2a: Tornadus|40\/100\n|-damage|p1a: Kartana|72\/100|[from] item: Life Orb\n|\n|-weather|Sandstorm|[upkeep]\n|-damage|p2a: Tornadus|34\/100|[from] Sandstorm\n|upkeep\n|turn|7\n|\n|t:|1664170963\n|switch|p1a: Ninetales|Ninetales-Alola, M|100\/100\n|-weather|Hail|[from] ability: Snow Warning|[of] p1a: Ninetales\n|move|p2a: Tornadus|Hurricane|p1a: Ninetales\n|-damage|p1a: Ninetales|50\/100\n|\n|-weather|Hail|[upkeep]\n|-damage|p2a: Tornadus|28\/100|[from] Hail\n|upkeep\n|turn|8\n|\n|t:|1664170965\n|move|p2a: Tornadus|U-turn|p1a: Ninetales\n|-resisted|p1a: Ninetales\n|-damage|p1a: Ninetales|39\/100\n|\n|t:|1664170967\n|switch|p2a: Hippowdon|Hippowdon, F|63\/100|[from]move: U-turn\n|-weather|Sandstorm|[from] ability: Sand Stream|[of] p2a: Hippowdon\n|move|p1a: Ninetales|Blizzard|p2a: Hippowdon\n|-supereffective|p2a: Hippowdon\n|-damage|p2a: Hippowdon|7\/100\n|\n|-weather|Sandstorm|[upkeep]\n|-damage|p1a: Ninetales|33\/100|[from] Sandstorm\n|-heal|p2a: Hippowdon|13\/100|[from] item: Leftovers\n|upkeep\n|turn|9\n|\n|t:|1664170972\n|switch|p2a: Magnezone|Magnezone|100\/100\n|-item|p2a: Magnezone|Air Balloon\n|move|p1a: Ninetales|Freeze-Dry|p2a: Magnezone\n|-resisted|p2a: Magnezone\n|-damage|p2a: Magnezone|85\/100\n|-status|p2a: Magnezone|frz\n|-enditem|p2a: Magnezone|Air Balloon\n|\n|-weather|Sandstorm|[upkeep]\n|-damage|p1a: Ninetales|27\/100|[from] Sandstorm\n|upkeep\n|turn|10\n|\n|t:|1664170980\n|switch|p1a: Slowking|Slowking-Galar, M|100\/100\n|-curestatus|p2a: Magnezone|frz|[msg]\n|move|p2a: Magnezone|Thunderbolt|p1a: Slowking\n|-damage|p1a: Slowking|72\/100\n|\n|-weather|Sandstorm|[upkeep]\n|-damage|p1a: Slowking|66\/100|[from] Sandstorm\n|-heal|p1a: Slowking|72\/100|[from] item: Leftovers\n|upkeep\n|turn|11\n|\n|t:|1664170988\n|switch|p2a: Slowbro|Slowbro, F|55\/100\n|move|p1a: Slowking|Future Sight|p2a: Slowbro\n|-start|p1a: Slowking|move: Future Sight\n|\n|-weather|Sandstorm|[upkeep]\n|-damage|p1a: Slowking|66\/100|[from] Sandstorm\n|-damage|p2a: Slowbro|49\/100|[from] Sandstorm\n|-heal|p1a: Slowking|72\/100|[from] item: Leftovers\n|upkeep\n|turn|12\n|\n|t:|1664170991\n|move|p1a: Slowking|Sludge Wave|p2a: Slowbro\n|-damage|p2a: Slowbro|0 fnt\n|faint|p2a: Slowbro\n|\n|-weather|none\n|-heal|p1a: Slowking|79\/100|[from] item: Leftovers\n|upkeep\n|\n|t:|1664170996\n|switch|p2a: Hippowdon|Hippowdon, F|13\/100\n|-weather|Sandstorm|[from] ability: Sand Stream|[of] p2a: Hippowdon\n|turn|13\n|\n|t:|1664170999\n|move|p1a: Slowking|Protect|p1a: Slowking\n|-singleturn|p1a: Slowking|Protect\n|move|p2a: Hippowdon|Slack Off|p2a: Hippowdon\n|-heal|p2a: Hippowdon|64\/100\n|\n|-weather|Sandstorm|[upkeep]\n|-damage|p1a: Slowking|72\/100|[from] Sandstorm\n|-end|p2a: Hippowdon|move: Future Sight\n|-damage|p2a: Hippowdon|22\/100\n|-heal|p2a: Hippowdon|29\/100|[from] item: Leftovers\n|-heal|p1a: Slowking|79\/100|[from] item: Leftovers\n|upkeep\n|turn|14\n|\n|t:|1664171005\n|move|p2a: Hippowdon|Slack Off|p2a: Hippowdon\n|-heal|p2a: Hippowdon|79\/100\n|move|p1a: Slowking|Sludge Wave|p2a: Hippowdon\n|-resisted|p2a: Hippowdon\n|-damage|p2a: Hippowdon|60\/100\n|\n|-weather|Sandstorm|[upkeep]\n|-damage|p1a: Slowking|72\/100|[from] Sandstorm\n|-heal|p2a: Hippowdon|67\/100|[from] item: Leftovers\n|-heal|p1a: Slowking|79\/100|[from] item: Leftovers\n|upkeep\n|turn|15\n|\n|t:|1664171009\n|switch|p1a: Zapdos|Zapdos|100\/100\n|move|p2a: Hippowdon|Stealth Rock|p1a: Zapdos\n|-sidestart|p1: Exxxn|move: Stealth Rock\n|\n|-weather|Sandstorm|[upkeep]\n|-damage|p1a: Zapdos|94\/100|[from] Sandstorm\n|-heal|p2a: Hippowdon|73\/100|[from] item: Leftovers\n|upkeep\n|turn|16\n|\n|t:|1664171010\n|move|p1a: Zapdos|Defog|p2a: Hippowdon\n|-unboost|p2a: Hippowdon|evasion|1\n|-sideend|p1: Exxxn|Stealth Rock|[from] move: Defog|[of] p1a: Zapdos\n|move|p2a: Hippowdon|Toxic|p1a: Zapdos\n|-status|p1a: Zapdos|tox\n|\n|-weather|Sandstorm|[upkeep]\n|-damage|p1a: Zapdos|88\/100 tox|[from] Sandstorm\n|-heal|p2a: Hippowdon|79\/100|[from] item: Leftovers\n|-damage|p1a: Zapdos|82\/100 tox|[from] psn\n|upkeep\n|turn|17\n|\n|t:|1664171015\n|move|p1a: Zapdos|Hurricane|p2a: Hippowdon\n|-damage|p2a: Hippowdon|36\/100\n|-start|p2a: Hippowdon|confusion\n|-activate|p2a: Hippowdon|confusion\n|-damage|p2a: Hippowdon|29\/100|[from] confusion\n|\n|-weather|none\n|-heal|p2a: Hippowdon|35\/100|[from] item: Leftovers\n|-damage|p1a: Zapdos|69\/100 tox|[from] psn\n|upkeep\n|turn|18\n|\n|t:|1664171022\n|switch|p2a: Magnezone|Magnezone|85\/100\n|move|p1a: Zapdos|Hurricane|p2a: Magnezone|[miss]\n|-miss|p1a: Zapdos|p2a: Magnezone\n|\n|-damage|p1a: Zapdos|51\/100 tox|[from] psn\n|upkeep\n|turn|19\n|\n|t:|1664171029\n|switch|p1a: Slowking|Slowking-Galar, M|100\/100\n|switch|p2a: Hippowdon|Hippowdon, F|35\/100\n|-weather|Sandstorm|[from] ability: Sand Stream|[of] p2a: Hippowdon\n|\n|-weather|Sandstorm|[upkeep]\n|-damage|p1a: Slowking|94\/100|[from] Sandstorm\n|-heal|p2a: Hippowdon|41\/100|[from] item: Leftovers\n|-heal|p1a: Slowking|100\/100|[from] item: Leftovers\n|upkeep\n|turn|20\n|\n|t:|1664171034\n|move|p2a: Hippowdon|Slack Off|p2a: Hippowdon\n|-heal|p2a: Hippowdon|91\/100\n|move|p1a: Slowking|Future Sight|p2a: Hippowdon\n|-start|p1a: Slowking|move: Future Sight\n|\n|-weather|Sandstorm|[upkeep]\n|-damage|p1a: Slowking|94\/100|[from] Sandstorm\n|-heal|p2a: Hippowdon|97\/100|[from] item: Leftovers\n|-heal|p1a: Slowking|100\/100|[from] item: Leftovers\n|upkeep\n|turn|21\n|\n|t:|1664171038\n|move|p1a: Slowking|Protect|p1a: Slowking\n|-singleturn|p1a: Slowking|Protect\n|move|p2a: Hippowdon|Stealth Rock|p1a: Slowking\n|-sidestart|p1: Exxxn|move: Stealth Rock\n|\n|-weather|Sandstorm|[upkeep]\n|-damage|p1a: Slowking|94\/100|[from] Sandstorm\n|-heal|p2a: Hippowdon|100\/100|[from] item: Leftovers\n|-heal|p1a: Slowking|100\/100|[from] item: Leftovers\n|upkeep\n|turn|22\n|\n|t:|1664171042\n|move|p2a: Hippowdon|Earthquake|p1a: Slowking\n|-supereffective|p1a: Slowking\n|-damage|p1a: Slowking|14\/100\n|move|p1a: Slowking|Sludge Wave|p2a: Hippowdon\n|-resisted|p2a: Hippowdon\n|-damage|p2a: Hippowdon|84\/100\n|\n|-weather|Sandstorm|[upkeep]\n|-damage|p1a: Slowking|7\/100|[from] Sandstorm\n|-end|p2a: Hippowdon|move: Future Sight\n|-damage|p2a: Hippowdon|43\/100\n|-heal|p2a: Hippowdon|49\/100|[from] item: Leftovers\n|-heal|p1a: Slowking|14\/100|[from] item: Leftovers\n|upkeep\n|turn|23\n|\n|t:|1664171053\n|switch|p1a: Zapdos|Zapdos|51\/100 tox\n|move|p2a: Hippowdon|Slack Off|p2a: Hippowdon\n|-heal|p2a: Hippowdon|99\/100\n|\n|-weather|none\n|-heal|p2a: Hippowdon|100\/100|[from] item: Leftovers\n|-damage|p1a: Zapdos|44\/100 tox|[from] psn\n|upkeep\n|turn|24\n|\n|t:|1664171056\n|move|p1a: Zapdos|Defog|p2a: Hippowdon\n|-unboost|p2a: Hippowdon|evasion|1\n|-sideend|p1: Exxxn|Stealth Rock|[from] move: Defog|[of] p1a: Zapdos\n|move|p2a: Hippowdon|Stealth Rock|p1a: Zapdos\n|-sidestart|p1: Exxxn|move: Stealth Rock\n|\n|-damage|p1a: Zapdos|32\/100 tox|[from] psn\n|upkeep\n|turn|25\n|\n|t:|1664171061\n|move|p1a: Zapdos|Hurricane|p2a: Hippowdon\n|-damage|p2a: Hippowdon|60\/100\n|-start|p2a: Hippowdon|confusion\n|-activate|p2a: Hippowdon|confusion\n|move|p2a: Hippowdon|Stealth Rock||[still]\n|-fail|p2a: Hippowdon\n|\n|-heal|p2a: Hippowdon|66\/100|[from] item: Leftovers\n|-damage|p1a: Zapdos|13\/100 tox|[from] psn\n|upkeep\n|turn|26\n|\n|t:|1664171065\n|move|p1a: Zapdos|Defog|p2a: Hippowdon\n|-unboost|p2a: Hippowdon|evasion|1\n|-sideend|p1: Exxxn|Stealth Rock|[from] move: Defog|[of] p1a: Zapdos\n|-activate|p2a: Hippowdon|confusion\n|-damage|p2a: Hippowdon|59\/100|[from] confusion\n|\n|-heal|p2a: Hippowdon|65\/100|[from] item: Leftovers\n|-damage|p1a: Zapdos|0 fnt|[from] psn\n|faint|p1a: Zapdos\n|upkeep\n|\n|t:|1664171074\n|switch|p1a: Ninetales|Ninetales-Alola, M|27\/100\n|-weather|Hail|[from] ability: Snow Warning|[of] p1a: Ninetales\n|turn|27\n|\n|t:|1664171078\n|switch|p2a: Magnezone|Magnezone|85\/100\n|move|p1a: Ninetales|Aurora Veil|p1a: Ninetales\n|-sidestart|p1: Exxxn|move: Aurora Veil\n|\n|-weather|Hail|[upkeep]\n|-damage|p2a: Magnezone|79\/100|[from] Hail\n|upkeep\n|turn|28\n|\n|t:|1664171084\n|move|p1a: Ninetales|Blizzard|p2a: Magnezone\n|-resisted|p2a: Magnezone\n|-damage|p2a: Magnezone|55\/100\n|move|p2a: Magnezone|Thunderbolt|p1a: Ninetales\n|-damage|p1a: Ninetales|4\/100\n|-status|p1a: Ninetales|par\n|\n|-weather|Hail|[upkeep]\n|-damage|p2a: Magnezone|49\/100|[from] Hail\n|upkeep\n|turn|29\n|\n|t:|1664171089\n|move|p2a: Magnezone|Thunderbolt|p1a: Ninetales\n|-damage|p1a: Ninetales|0 fnt\n|faint|p1a: Ninetales\n|\n|-weather|Hail|[upkeep]\n|-damage|p2a: Magnezone|43\/100|[from] Hail\n|upkeep\n|\n|t:|1664171096\n|switch|p1a: Volcanion|Volcanion|100\/100\n|turn|30\n|\n|t:|1664171099\n|move|p2a: Magnezone|Thunderbolt|p1a: Volcanion\n|-supereffective|p1a: Volcanion\n|-damage|p1a: Volcanion|75\/100\n|move|p1a: Volcanion|Flamethrower|p2a: Magnezone\n|-supereffective|p2a: Magnezone\n|-damage|p2a: Magnezone|0 fnt\n|faint|p2a: Magnezone\n|\n|-weather|Hail|[upkeep]\n|-damage|p1a: Volcanion|68\/100|[from] Hail\n|upkeep\n|\n|t:|1664171108\n|switch|p2a: Tornadus|Tornadus-Therian, M|61\/100\n|turn|31\n|\n|t:|1664171114\n|move|p2a: Tornadus|Defog|p1a: Volcanion\n|-unboost|p1a: Volcanion|evasion|1\n|-sideend|p1: Exxxn|move: Aurora Veil\n|move|p1a: Volcanion|Steam Eruption|p2a: Tornadus\n|-damage|p2a: Tornadus|4\/100\n|-status|p2a: Tornadus|brn\n|\n|-weather|none\n|-damage|p2a: Tornadus|0 fnt|[from] brn\n|faint|p2a: Tornadus\n|upkeep\n|\n|t:|1664171116\n|switch|p2a: Nihilego|Nihilego|100\/100\n|turn|32\n|\n|t:|1664171125\n|switch|p1a: Slowking|Slowking-Galar, M|47\/100\n|move|p2a: Nihilego|Meteor Beam||[still]\n|-prepare|p2a: Nihilego|Meteor Beam\n|-boost|p2a: Nihilego|spa|1\n|-enditem|p2a: Nihilego|Power Herb\n|-anim|p2a: Nihilego|Meteor Beam|p1a: Slowking\n|-damage|p1a: Slowking|0 fnt\n|faint|p1a: Slowking\n|-ability|p2a: Nihilego|Beast Boost|boost\n|-boost|p2a: Nihilego|spa|1\n|\n|upkeep\n|\n|t:|1664171130\n|switch|p1a: Kartana|Kartana|72\/100\n|turn|33\n|\n|t:|1664171133\n|switch|p2a: Hippowdon|Hippowdon, F|65\/100\n|-weather|Sandstorm|[from] ability: Sand Stream|[of] p2a: Hippowdon\n|move|p1a: Kartana|Leaf Blade|p2a: Hippowdon\n|-supereffective|p2a: Hippowdon\n|-crit|p2a: Hippowdon\n|-damage|p2a: Hippowdon|0 fnt\n|faint|p2a: Hippowdon\n|-ability|p1a: Kartana|Beast Boost|boost\n|-boost|p1a: Kartana|atk|1\n|-damage|p1a: Kartana|62\/100|[from] item: Life Orb\n|\n|-weather|Sandstorm|[upkeep]\n|upkeep\n|\n|t:|1664171135\n|switch|p2a: Kartana|Kartana|100\/100\n|turn|34\n|\n|t:|1664171137\n|move|p2a: Kartana|Sacred Sword|p1a: Kartana\n|-supereffective|p1a: Kartana\n|-damage|p1a: Kartana|0 fnt\n|faint|p1a: Kartana\n|-ability|p2a: Kartana|Beast Boost|boost\n|-boost|p2a: Kartana|atk|1\n|\n|-weather|Sandstorm|[upkeep]\n|upkeep\n|\n|t:|1664171140\n|switch|p1a: Volcanion|Volcanion|68\/100\n|turn|35\n|\n|t:|1664171142\n|move|p2a: Kartana|Sacred Sword|p1a: Volcanion\n|-damage|p1a: Volcanion|20\/100\n|move|p1a: Volcanion|Flamethrower|p2a: Kartana\n|-supereffective|p2a: Kartana\n|-damage|p2a: Kartana|0 fnt\n|faint|p2a: Kartana\n|\n|-weather|Sandstorm|[upkeep]\n|-damage|p1a: Volcanion|14\/100|[from] Sandstorm\n|upkeep\n|\n|t:|1664171144\n|switch|p2a: Nihilego|Nihilego|100\/100\n|turn|36\n|\n|t:|1664171146\n|move|p2a: Nihilego|Power Gem|p1a: Volcanion\n|-supereffective|p1a: Volcanion\n|-damage|p1a: Volcanion|0 fnt\n|faint|p1a: Volcanion\n|\n|win|machugen\n|raw|Exxxn's rating: 1612 &rarr; <strong>1596<\/strong><br \/>(-16 for losing)\n|raw|machugen's rating: 1689 &rarr; <strong>1705<\/strong><br \/>(+16 for winning)\n|l|\u2606Exxxn\n","uploadtime":1664171149,"views":19,"p1id":"exxxn","p2id":"machugen","formatid":"gen8ou","rating":1596,"private":0,"password":null}