{"id":"gen8nationaldex-1395829852","p1":"The Glimpse","p2":"Benjamin Gilbert","format":"gen8nationaldex","log":"|j|\u2606The Glimpse\n|j|\u2606Benjamin Gilbert\n|t:|1628864116\n|gametype|singles\n|player|p1|The Glimpse|1|1565\n|player|p2|Benjamin Gilbert|102|1551\n|teamsize|p1|6\n|teamsize|p2|6\n|gen|8\n|tier|[Gen 8] National Dex\n|rated|\n|rule|HP Percentage Mod: HP is shown in percentages\n|rule|Endless Battle Clause: Forcing endless battles is banned\n|rule|OHKO Clause: OHKO moves are banned\n|rule|Evasion Moves Clause: Evasion moves are banned\n|rule|Species Clause: Limit one of each Pok\u00e9mon\n|rule|Dynamax Clause: You cannot dynamax\n|rule|Sleep Clause Mod: Limit one foe put to sleep\n|clearpoke\n|poke|p1|Scizor, M|\n|poke|p1|Heatran, F|\n|poke|p1|Greninja, M|\n|poke|p1|Togekiss, M|\n|poke|p1|Garchomp, F|\n|poke|p1|Rotom-Mow|\n|poke|p2|Appletun, F|\n|poke|p2|Scizor, F|\n|poke|p2|Gliscor, F|\n|poke|p2|Deoxys-Defense|\n|poke|p2|Volcarona, M|\n|poke|p2|Weavile, F|\n|teampreview\n|inactive|Battle timer is ON: inactive players will automatically lose when time's up. (requested by The Glimpse)\n|j| MagikRoom\n|\n|t:|1628864142\n|start\n|switch|p1a: Togekiss|Togekiss, M|100\/100\n|switch|p2a: Lil Baby|Weavile, F|100\/100\n|-ability|p2a: Lil Baby|Pressure\n|turn|1\n|\n|t:|1628864157\n|switch|p2a: WALMART LANDO|Gliscor, F|100\/100\n|move|p1a: Togekiss|Air Slash|p2a: WALMART LANDO|[miss]\n|-miss|p1a: Togekiss|p2a: WALMART LANDO\n|\n|-status|p2a: WALMART LANDO|tox|[from] item: Toxic Orb\n|upkeep\n|turn|2\n|\n|t:|1628864171\n|switch|p1a: Rotom|Rotom-Mow|100\/100\n|move|p2a: WALMART LANDO|U-turn|p1a: Rotom\n|-supereffective|p1a: Rotom\n|-damage|p1a: Rotom|65\/100\n|\n|t:|1628864183\n|switch|p2a: Carti|Scizor, F|100\/100|[from]move: U-turn\n|\n|upkeep\n|turn|3\n|\n|t:|1628864186\n|detailschange|p2a: Carti|Scizor-Mega, F\n|-mega|p2a: Carti|Scizor|Scizorite\n|move|p1a: Rotom|Will-O-Wisp|p2a: Carti\n|-status|p2a: Carti|brn\n|move|p2a: Carti|U-turn|p1a: Rotom\n|-supereffective|p1a: Rotom\n|-damage|p1a: Rotom|28\/100\n|\n|t:|1628864199\n|switch|p2a: Lil Baby|Weavile, F|100\/100|[from]move: U-turn\n|-ability|p2a: Lil Baby|Pressure\n|\n|upkeep\n|turn|4\n|\n|t:|1628864205\n|switch|p1a: Heatran|Heatran, F|100\/100\n|move|p2a: Lil Baby|Knock Off|p1a: Heatran\n|-damage|p1a: Heatran|39\/100\n|-enditem|p1a: Heatran|Soft Sand|[from] move: Knock Off|[of] p2a: Lil Baby\n|\n|upkeep\n|turn|5\n|\n|t:|1628864211\n|switch|p2a: WALMART LANDO|Gliscor, F|100\/100 tox\n|move|p1a: Heatran|Magma Storm|p2a: WALMART LANDO\n|-damage|p2a: WALMART LANDO|42\/100 tox\n|-activate|p2a: WALMART LANDO|move: Magma Storm|[of] p1a: Heatran\n|\n|-heal|p2a: WALMART LANDO|54\/100 tox|[from] ability: Poison Heal\n|-damage|p2a: WALMART LANDO|42\/100 tox|[from] move: Magma Storm|[partiallytrapped]\n|upkeep\n|turn|6\n|\n|t:|1628864216\n|move|p1a: Heatran|Protect|p1a: Heatran\n|-singleturn|p1a: Heatran|Protect\n|move|p2a: WALMART LANDO|Roost|p2a: WALMART LANDO\n|-heal|p2a: WALMART LANDO|92\/100 tox\n|-singleturn|p2a: WALMART LANDO|move: Roost\n|\n|-heal|p2a: WALMART LANDO|100\/100 tox|[from] ability: Poison Heal\n|-damage|p2a: WALMART LANDO|88\/100 tox|[from] move: Magma Storm|[partiallytrapped]\n|upkeep\n|turn|7\n|\n|t:|1628864221\n|move|p2a: WALMART LANDO|Earthquake|p1a: Heatran\n|-supereffective|p1a: Heatran\n|-damage|p1a: Heatran|0 fnt\n|faint|p1a: Heatran\n|\n|-heal|p2a: WALMART LANDO|100\/100 tox|[from] ability: Poison Heal\n|-end|p2a: WALMART LANDO|Magma Storm|[partiallytrapped]|[silent]\n|upkeep\n|\n|t:|1628864226\n|switch|p1a: Greninja|Greninja, M|100\/100\n|turn|8\n|\n|t:|1628864232\n|switch|p2a: VLONE APPLE|Appletun, F|100\/100\n|move|p1a: Greninja|Surf|p2a: VLONE APPLE\n|-resisted|p2a: VLONE APPLE\n|-damage|p2a: VLONE APPLE|90\/100\n|\n|-heal|p2a: VLONE APPLE|96\/100|[from] item: Leftovers\n|upkeep\n|turn|9\n|\n|t:|1628864238\n|switch|p1a: Scizor|Scizor, M|100\/100\n|move|p2a: VLONE APPLE|Leech Seed|p1a: Scizor\n|-start|p1a: Scizor|move: Leech Seed\n|\n|-heal|p2a: VLONE APPLE|100\/100|[from] item: Leftovers\n|-damage|p1a: Scizor|88\/100|[from] Leech Seed|[of] p2a: VLONE APPLE\n|upkeep\n|turn|10\n|\n|t:|1628864245\n|switch|p2a: WALMART LANDO|Gliscor, F|100\/100 tox\n|detailschange|p1a: Scizor|Scizor-Mega, M\n|-mega|p1a: Scizor|Scizor|Scizorite\n|move|p1a: Scizor|Dual Wingbeat|p2a: WALMART LANDO\n|-damage|p2a: WALMART LANDO|79\/100 tox\n|-damage|p2a: WALMART LANDO|58\/100 tox\n|-hitcount|p2a: WALMART LANDO|2\n|\n|-damage|p1a: Scizor|76\/100|[from] Leech Seed|[of] p2a: WALMART LANDO\n|-heal|p2a: WALMART LANDO|70\/100 tox|[silent]\n|-heal|p2a: WALMART LANDO|83\/100 tox|[from] ability: Poison Heal\n|upkeep\n|turn|11\n|\n|t:|1628864251\n|move|p2a: WALMART LANDO|Earthquake|p1a: Scizor\n|-damage|p1a: Scizor|52\/100\n|move|p1a: Scizor|Swords Dance|p1a: Scizor\n|-boost|p1a: Scizor|atk|2\n|\n|-damage|p1a: Scizor|40\/100|[from] Leech Seed|[of] p2a: WALMART LANDO\n|-heal|p2a: WALMART LANDO|95\/100 tox|[silent]\n|-heal|p2a: WALMART LANDO|100\/100 tox|[from] ability: Poison Heal\n|upkeep\n|turn|12\n|\n|t:|1628864259\n|move|p2a: WALMART LANDO|U-turn|p1a: Scizor\n|-resisted|p1a: Scizor\n|-damage|p1a: Scizor|34\/100\n|\n|t:|1628864261\n|switch|p2a: Carti|Scizor-Mega, F|100\/100 brn|[from]move: U-turn\n|move|p1a: Scizor|Roost|p1a: Scizor\n|-heal|p1a: Scizor|84\/100\n|-singleturn|p1a: Scizor|move: Roost\n|\n|-damage|p1a: Scizor|72\/100|[from] Leech Seed|[of] p2a: Carti\n|-damage|p2a: Carti|94\/100 brn|[from] brn\n|upkeep\n|turn|13\n|\n|t:|1628864274\n|move|p2a: Carti|U-turn|p1a: Scizor\n|-resisted|p1a: Scizor\n|-damage|p1a: Scizor|66\/100\n|\n|t:|1628864278\n|switch|p2a: WALMART LANDO|Gliscor, F|100\/100 tox|[from]move: U-turn\n|move|p1a: Scizor|Dual Wingbeat|p2a: WALMART LANDO\n|-damage|p2a: WALMART LANDO|61\/100 tox\n|-damage|p2a: WALMART LANDO|18\/100 tox\n|-hitcount|p2a: WALMART LANDO|2\n|\n|-damage|p1a: Scizor|53\/100|[from] Leech Seed|[of] p2a: WALMART LANDO\n|-heal|p2a: WALMART LANDO|30\/100 tox|[silent]\n|-heal|p2a: WALMART LANDO|43\/100 tox|[from] ability: Poison Heal\n|upkeep\n|turn|14\n|\n|t:|1628864286\n|move|p2a: WALMART LANDO|Roost|p2a: WALMART LANDO\n|-heal|p2a: WALMART LANDO|93\/100 tox\n|-singleturn|p2a: WALMART LANDO|move: Roost\n|move|p1a: Scizor|Roost|p1a: Scizor\n|-heal|p1a: Scizor|100\/100\n|-singleturn|p1a: Scizor|move: Roost\n|\n|-damage|p1a: Scizor|88\/100|[from] Leech Seed|[of] p2a: WALMART LANDO\n|-heal|p2a: WALMART LANDO|100\/100 tox|[silent]\n|upkeep\n|turn|15\n|\n|t:|1628864290\n|move|p2a: WALMART LANDO|Earthquake|p1a: Scizor\n|-damage|p1a: Scizor|63\/100\n|move|p1a: Scizor|Swords Dance|p1a: Scizor\n|-boost|p1a: Scizor|atk|2\n|\n|-damage|p1a: Scizor|51\/100|[from] Leech Seed|[of] p2a: WALMART LANDO\n|upkeep\n|turn|16\n|\n|t:|1628864299\n|move|p2a: WALMART LANDO|U-turn|p1a: Scizor\n|-resisted|p1a: Scizor\n|-damage|p1a: Scizor|45\/100\n|\n|t:|1628864301\n|switch|p2a: Volcarona|Volcarona, M|100\/100|[from]move: U-turn\n|move|p1a: Scizor|Dual Wingbeat|p2a: Volcarona\n|-supereffective|p2a: Volcarona\n|-damage|p2a: Volcarona|0 fnt\n|-status|p1a: Scizor|brn|[from] ability: Flame Body|[of] p2a: Volcarona\n|faint|p2a: Volcarona\n|-hitcount|p2: Volcarona|1\n|\n|-damage|p1a: Scizor|39\/100 brn|[from] brn\n|upkeep\n|c|\u2606Benjamin Gilbert|shit\n|c|\u2606The Glimpse|f\n|\n|t:|1628864314\n|switch|p2a: Gunna|Deoxys-Defense|100\/100\n|-ability|p2a: Gunna|Pressure\n|turn|17\n|\n|t:|1628864317\n|move|p2a: Gunna|Stealth Rock|p1a: Scizor\n|-sidestart|p1: The Glimpse|move: Stealth Rock\n|move|p1a: Scizor|Roost|p1a: Scizor\n|-heal|p1a: Scizor|89\/100 brn\n|-singleturn|p1a: Scizor|move: Roost\n|\n|-damage|p1a: Scizor|77\/100 brn|[from] Leech Seed|[of] p2a: Gunna\n|-damage|p1a: Scizor|70\/100 brn|[from] brn\n|upkeep\n|turn|18\n|\n|t:|1628864321\n|move|p1a: Scizor|Swords Dance|p1a: Scizor\n|-boost|p1a: Scizor|atk|2\n|move|p2a: Gunna|Teleport|p2a: Gunna\n|\n|t:|1628864328\n|switch|p2a: Carti|Scizor-Mega, F|94\/100 brn|[from]move: Teleport\n|\n|-damage|p1a: Scizor|58\/100 brn|[from] Leech Seed|[of] p2a: Carti\n|-heal|p2a: Carti|100\/100 brn|[silent]\n|-damage|p2a: Carti|94\/100 brn|[from] brn\n|-damage|p1a: Scizor|52\/100 brn|[from] brn\n|upkeep\n|turn|19\n|\n|t:|1628864330\n|move|p2a: Carti|Swords Dance|p2a: Carti\n|-boost|p2a: Carti|atk|2\n|move|p1a: Scizor|Dual Wingbeat|p2a: Carti\n|-damage|p2a: Carti|62\/100 brn\n|-damage|p2a: Carti|30\/100 brn\n|-hitcount|p2a: Carti|2\n|\n|-damage|p1a: Scizor|40\/100 brn|[from] Leech Seed|[of] p2a: Carti\n|-heal|p2a: Carti|42\/100 brn|[silent]\n|-damage|p2a: Carti|36\/100 brn|[from] brn\n|-damage|p1a: Scizor|34\/100 brn|[from] brn\n|upkeep\n|turn|20\n|\n|t:|1628864334\n|move|p2a: Carti|Roost|p2a: Carti\n|-heal|p2a: Carti|86\/100 brn\n|-singleturn|p2a: Carti|move: Roost\n|move|p1a: Scizor|Roost|p1a: Scizor\n|-heal|p1a: Scizor|84\/100 brn\n|-singleturn|p1a: Scizor|move: Roost\n|\n|-damage|p1a: Scizor|72\/100 brn|[from] Leech Seed|[of] p2a: Carti\n|-heal|p2a: Carti|98\/100 brn|[silent]\n|-damage|p2a: Carti|92\/100 brn|[from] brn\n|-damage|p1a: Scizor|66\/100 brn|[from] brn\n|upkeep\n|turn|21\n|\n|t:|1628864338\n|move|p1a: Scizor|Dual Wingbeat|p2a: Carti\n|-damage|p2a: Carti|58\/100 brn\n|-damage|p2a: Carti|24\/100 brn\n|-hitcount|p2a: Carti|2\n|move|p2a: Carti|Swords Dance|p2a: Carti\n|-boost|p2a: Carti|atk|2\n|\n|-damage|p1a: Scizor|53\/100 brn|[from] Leech Seed|[of] p2a: Carti\n|-heal|p2a: Carti|36\/100 brn|[silent]\n|-damage|p2a: Carti|30\/100 brn|[from] brn\n|-damage|p1a: Scizor|47\/100 brn|[from] brn\n|upkeep\n|turn|22\n|\n|t:|1628864342\n|move|p2a: Carti|Roost|p2a: Carti\n|-heal|p2a: Carti|80\/100 brn\n|-singleturn|p2a: Carti|move: Roost\n|move|p1a: Scizor|Dual Wingbeat|p2a: Carti\n|-damage|p2a: Carti|45\/100 brn\n|-damage|p2a: Carti|11\/100 brn\n|-hitcount|p2a: Carti|2\n|\n|-damage|p1a: Scizor|35\/100 brn|[from] Leech Seed|[of] p2a: Carti\n|-heal|p2a: Carti|23\/100 brn|[silent]\n|-damage|p2a: Carti|17\/100 brn|[from] brn\n|-damage|p1a: Scizor|29\/100 brn|[from] brn\n|upkeep\n|turn|23\n|\n|t:|1628864346\n|move|p2a: Carti|Bullet Punch|p1a: Scizor\n|-resisted|p1a: Scizor\n|-damage|p1a: Scizor|12\/100 brn\n|move|p1a: Scizor|Bullet Punch|p2a: Carti\n|-resisted|p2a: Carti\n|-damage|p2a: Carti|0 fnt\n|faint|p2a: Carti\n|\n|-damage|p1a: Scizor|6\/100 brn|[from] brn\n|upkeep\n|\n|t:|1628864353\n|switch|p2a: Lil Baby|Weavile, F|100\/100\n|-ability|p2a: Lil Baby|Pressure\n|turn|24\n|\n|t:|1628864355\n|move|p2a: Lil Baby|Ice Shard|p1a: Scizor\n|-resisted|p1a: Scizor\n|-damage|p1a: Scizor|0 fnt\n|faint|p1a: Scizor\n|\n|upkeep\n|\n|t:|1628864360\n|switch|p1a: Togekiss|Togekiss, M|100\/100\n|-damage|p1a: Togekiss|76\/100|[from] Stealth Rock\n|turn|25\n|\n|t:|1628864369\n|switch|p2a: WALMART LANDO|Gliscor, F|100\/100 tox\n|move|p1a: Togekiss|Air Slash|p2a: WALMART LANDO\n|-damage|p2a: WALMART LANDO|64\/100 tox\n|\n|-heal|p2a: WALMART LANDO|77\/100 tox|[from] ability: Poison Heal\n|upkeep\n|turn|26\n|\n|t:|1628864372\n|move|p1a: Togekiss|Air Slash|p2a: WALMART LANDO\n|-damage|p2a: WALMART LANDO|41\/100 tox\n|cant|p2a: WALMART LANDO|flinch\n|\n|-heal|p2a: WALMART LANDO|54\/100 tox|[from] ability: Poison Heal\n|upkeep\n|turn|27\n|\n|t:|1628864378\n|move|p1a: Togekiss|Air Slash|p2a: WALMART LANDO\n|-crit|p2a: WALMART LANDO\n|-damage|p2a: WALMART LANDO|1\/100 tox\n|cant|p2a: WALMART LANDO|flinch\n|\n|-heal|p2a: WALMART LANDO|13\/100 tox|[from] ability: Poison Heal\n|upkeep\n|turn|28\n|\n|t:|1628864382\n|move|p1a: Togekiss|Air Slash|p2a: WALMART LANDO\n|-damage|p2a: WALMART LANDO|0 fnt\n|faint|p2a: WALMART LANDO\n|\n|upkeep\n|\n|t:|1628864386\n|switch|p2a: Lil Baby|Weavile, F|100\/100\n|-ability|p2a: Lil Baby|Pressure\n|turn|29\n|\n|t:|1628864388\n|move|p2a: Lil Baby|Ice Shard|p1a: Togekiss\n|-supereffective|p1a: Togekiss\n|-damage|p1a: Togekiss|4\/100\n|move|p1a: Togekiss|Air Slash|p2a: Lil Baby\n|-damage|p2a: Lil Baby|50\/100\n|\n|upkeep\n|turn|30\n|\n|t:|1628864392\n|switch|p1a: Greninja|Greninja, M|100\/100\n|-damage|p1a: Greninja|88\/100|[from] Stealth Rock\n|move|p2a: Lil Baby|Ice Shard|p1a: Greninja\n|-resisted|p1a: Greninja\n|-damage|p1a: Greninja|65\/100\n|\n|upkeep\n|turn|31\n|\n|t:|1628864398\n|switch|p2a: VLONE APPLE|Appletun, F|100\/100\n|move|p1a: Greninja|Ice Beam|p2a: VLONE APPLE\n|-supereffective|p2a: VLONE APPLE\n|-damage|p2a: VLONE APPLE|43\/100\n|\n|-heal|p2a: VLONE APPLE|50\/100|[from] item: Leftovers\n|upkeep\n|turn|32\n|\n|t:|1628864409\n|switch|p2a: Gunna|Deoxys-Defense|100\/100\n|-ability|p2a: Gunna|Pressure\n|move|p1a: Greninja|Ice Beam|p2a: Gunna\n|-damage|p2a: Gunna|69\/100\n|\n|upkeep\n|turn|33\n|\n|t:|1628864417\n|switch|p1a: Garchomp|Garchomp, F|100\/100\n|-damage|p1a: Garchomp|94\/100|[from] Stealth Rock\n|move|p2a: Gunna|Recover|p2a: Gunna\n|-heal|p2a: Gunna|100\/100\n|\n|upkeep\n|turn|34\n|\n|t:|1628864423\n|move|p1a: Garchomp|Swords Dance|p1a: Garchomp\n|-boost|p1a: Garchomp|atk|2\n|move|p2a: Gunna|Toxic|p1a: Garchomp\n|-status|p1a: Garchomp|tox\n|\n|-damage|p1a: Garchomp|88\/100 tox|[from] psn\n|upkeep\n|turn|35\n|\n|t:|1628864426\n|-zpower|p1a: Garchomp\n|move|p1a: Garchomp|Devastating Drake|p2a: Gunna|[zeffect]\n|-damage|p2a: Gunna|0 fnt\n|faint|p2a: Gunna\n|\n|-damage|p1a: Garchomp|76\/100 tox|[from] psn\n|upkeep\n|\n|t:|1628864434\n|switch|p2a: Lil Baby|Weavile, F|50\/100\n|-ability|p2a: Lil Baby|Pressure\n|turn|36\n|\n|t:|1628864440\n|move|p2a: Lil Baby|Ice Shard|p1a: Garchomp\n|-supereffective|p1a: Garchomp\n|-damage|p1a: Garchomp|0 fnt\n|faint|p1a: Garchomp\n|\n|upkeep\n|\n|t:|1628864447\n|switch|p1a: Greninja|Greninja, M|65\/100\n|-damage|p1a: Greninja|53\/100|[from] Stealth Rock\n|turn|37\n|inactive|Benjamin Gilbert has 120 seconds left.\n|\n|t:|1628864486\n|switch|p2a: VLONE APPLE|Appletun, F|50\/100\n|move|p1a: Greninja|Surf|p2a: VLONE APPLE\n|-resisted|p2a: VLONE APPLE\n|-damage|p2a: VLONE APPLE|39\/100\n|\n|-heal|p2a: VLONE APPLE|46\/100|[from] item: Leftovers\n|upkeep\n|turn|38\n|\n|t:|1628864490\n|switch|p1a: Rotom|Rotom-Mow|28\/100\n|-damage|p1a: Rotom|16\/100|[from] Stealth Rock\n|move|p2a: VLONE APPLE|Recover|p2a: VLONE APPLE\n|-heal|p2a: VLONE APPLE|96\/100\n|\n|-heal|p2a: VLONE APPLE|100\/100|[from] item: Leftovers\n|upkeep\n|turn|39\n|\n|t:|1628864494\n|move|p1a: Rotom|Defog|p2a: VLONE APPLE\n|-unboost|p2a: VLONE APPLE|evasion|1\n|-sideend|p1: The Glimpse|Stealth Rock|[from] move: Defog|[of] p1a: Rotom\n|move|p2a: VLONE APPLE|Dragon Pulse|p1a: Rotom\n|-damage|p1a: Rotom|0 fnt\n|faint|p1a: Rotom\n|\n|upkeep\n|\n|t:|1628864496\n|switch|p1a: Togekiss|Togekiss, M|4\/100\n|turn|40\n|\n|t:|1628864503\n|move|p1a: Togekiss|Air Slash|p2a: VLONE APPLE\n|-supereffective|p2a: VLONE APPLE\n|-damage|p2a: VLONE APPLE|49\/100\n|cant|p2a: VLONE APPLE|flinch\n|\n|-heal|p2a: VLONE APPLE|55\/100|[from] item: Leftovers\n|upkeep\n|turn|41\n|\n|t:|1628864505\n|move|p1a: Togekiss|Air Slash|p2a: VLONE APPLE\n|-supereffective|p2a: VLONE APPLE\n|-damage|p2a: VLONE APPLE|8\/100\n|cant|p2a: VLONE APPLE|flinch\n|\n|-heal|p2a: VLONE APPLE|14\/100|[from] item: Leftovers\n|upkeep\n|turn|42\n|c|\u2606Benjamin Gilbert|ffs\n|\n|t:|1628864513\n|move|p1a: Togekiss|Air Slash|p2a: VLONE APPLE\n|-supereffective|p2a: VLONE APPLE\n|-damage|p2a: VLONE APPLE|0 fnt\n|faint|p2a: VLONE APPLE\n|\n|upkeep\n|\n|t:|1628864514\n|switch|p2a: Lil Baby|Weavile, F|50\/100\n|-ability|p2a: Lil Baby|Pressure\n|turn|43\n|\n|t:|1628864516\n|move|p2a: Lil Baby|Ice Shard|p1a: Togekiss\n|-supereffective|p1a: Togekiss\n|-damage|p1a: Togekiss|0 fnt\n|faint|p1a: Togekiss\n|\n|upkeep\n|c|\u2606Benjamin Gilbert|gg\n|\n|t:|1628864518\n|switch|p1a: Greninja|Greninja, M|53\/100\n|turn|44\n|\n|t:|1628864523\n|move|p2a: Lil Baby|Ice Shard|p1a: Greninja\n|-resisted|p1a: Greninja\n|-damage|p1a: Greninja|28\/100\n|move|p1a: Greninja|Surf|p2a: Lil Baby\n|-damage|p2a: Lil Baby|0 fnt\n|faint|p2a: Lil Baby\n|\n|win|The Glimpse\n|raw|The Glimpse's rating: 1565 &rarr; <strong>1584<\/strong><br \/>(+19 for winning)\n|raw|Benjamin Gilbert's rating: 1551 &rarr; <strong>1532<\/strong><br \/>(-19 for losing)\n|c|\u2606The Glimpse|ggs\n|c|\u2606The Glimpse|sorry\n|l|\u2606Benjamin Gilbert\n","uploadtime":1628864539,"views":12,"p1id":"theglimpse","p2id":"benjamingilbert","formatid":"gen8nationaldex","rating":1532,"private":0,"password":null}