{"id":"gen8battlestadiumsingles-1077482021","p1":"munkieKONG1","p2":"PokeDa","format":"gen8battlestadiumsingles","log":"|j|\u2606munkieKONG1\n|j|\u2606PokeDa\n|player|p1|munkieKONG1|rocketgrunt|1196\n|player|p2|PokeDa|wallace|1213\n|teamsize|p1|6\n|teamsize|p2|6\n|gametype|singles\n|gen|8\n|tier|[Gen 8] Battle Stadium Singles\n|rated|\n|clearpoke\n|poke|p1|Bisharp, L50, M|\n|poke|p1|Hatterene, L50, F|\n|poke|p1|Weezing-Galar, L50, M|\n|poke|p1|Hydreigon, L50, F|\n|poke|p1|Chandelure, L50, M|\n|poke|p1|Trevenant, L50, F|\n|poke|p2|Clefable, L50, M|\n|poke|p2|Toxapex, L50, F|\n|poke|p2|Corsola-Galar, L50, F|\n|poke|p2|Corviknight, L50, M|\n|poke|p2|Hippowdon, L50, M|\n|poke|p2|Hatterene, L50, F|\n|rule|Species Clause: Limit one of each Pok\u00e9mon\n|rule|Item Clause: Limit one of each item\n|teampreview|3\n|inactive|Battle timer is ON: inactive players will automatically lose when time's up. (requested by PokeDa)\n|\n|start\n|switch|p1a: Weezing|Weezing-Galar, L50, M|48\/48\n|switch|p2a: Toxapex|Toxapex, L50, F|48\/48\n|turn|1\n|\n|move|p1a: Weezing|Taunt|p2a: Toxapex\n|-start|p2a: Toxapex|move: Taunt\n|move|p2a: Toxapex|Scald|p1a: Weezing\n|-damage|p1a: Weezing|37\/48\n|\n|-heal|p1a: Weezing|39\/48|[from] item: Black Sludge\n|upkeep\n|turn|2\n|\n|switch|p1a: Hatterene|Hatterene, L50, F|48\/48\n|move|p2a: Toxapex|Scald|p1a: Hatterene\n|-damage|p1a: Hatterene|42\/48\n|\n|upkeep\n|turn|3\n|\n|switch|p2a: Hippowdon|Hippowdon, L50, M|48\/48\n|-weather|Sandstorm|[from] ability: Sand Stream|[of] p2a: Hippowdon\n|move|p1a: Hatterene|Giga Drain|p2a: Hippowdon\n|-supereffective|p2a: Hippowdon\n|-damage|p2a: Hippowdon|17\/48\n|-heal|p1a: Hatterene|48\/48|[from] drain|[of] p2a: Hippowdon\n|-enditem|p2a: Hippowdon|Sitrus Berry|[eat]\n|-heal|p2a: Hippowdon|29\/48|[from] item: Sitrus Berry\n|\n|-weather|Sandstorm|[upkeep]\n|-damage|p1a: Hatterene|45\/48|[from] Sandstorm\n|upkeep\n|turn|4\n|\n|switch|p2a: Corviknight|Corviknight, L50, M|48\/48\n|move|p1a: Hatterene|Giga Drain|p2a: Corviknight\n|-resisted|p2a: Corviknight\n|-damage|p2a: Corviknight|44\/48\n|-heal|p1a: Hatterene|47\/48|[from] drain|[of] p2a: Corviknight\n|\n|-weather|Sandstorm|[upkeep]\n|-damage|p1a: Hatterene|44\/48|[from] Sandstorm\n|upkeep\n|turn|5\n|\n|switch|p2a: Toxapex|Toxapex, L50, F|48\/48\n|switch|p1a: Weezing|Weezing-Galar, L50, M|39\/48\n|\n|-weather|Sandstorm|[upkeep]\n|-damage|p1a: Weezing|37\/48|[from] Sandstorm\n|-damage|p2a: Toxapex|45\/48|[from] Sandstorm\n|-heal|p1a: Weezing|39\/48|[from] item: Black Sludge\n|-heal|p2a: Toxapex|48\/48|[from] item: Black Sludge\n|upkeep\n|turn|6\n|\n|move|p1a: Weezing|Taunt|p2a: Toxapex\n|-start|p2a: Toxapex|move: Taunt\n|move|p2a: Toxapex|Scald|p1a: Weezing\n|-damage|p1a: Weezing|28\/48\n|\n|-weather|Sandstorm|[upkeep]\n|-damage|p1a: Weezing|25\/48|[from] Sandstorm\n|-damage|p2a: Toxapex|45\/48|[from] Sandstorm\n|-heal|p1a: Weezing|28\/48|[from] item: Black Sludge\n|-heal|p2a: Toxapex|48\/48|[from] item: Black Sludge\n|upkeep\n|turn|7\n|\n|move|p1a: Weezing|Strange Steam|p2a: Toxapex\n|-resisted|p2a: Toxapex\n|-damage|p2a: Toxapex|42\/48\n|move|p2a: Toxapex|Scald|p1a: Weezing\n|-damage|p1a: Weezing|17\/48\n|\n|-weather|none\n|-heal|p1a: Weezing|19\/48|[from] item: Black Sludge\n|-heal|p2a: Toxapex|45\/48|[from] item: Black Sludge\n|upkeep\n|turn|8\n|\n|switch|p1a: Hatterene|Hatterene, L50, F|44\/48\n|move|p2a: Toxapex|Scald|p1a: Hatterene\n|-damage|p1a: Hatterene|38\/48\n|\n|-heal|p2a: Toxapex|48\/48|[from] item: Black Sludge\n|-end|p2a: Toxapex|move: Taunt\n|upkeep\n|turn|9\n|\n|move|p2a: Toxapex|Scald|p1a: Hatterene\n|-damage|p1a: Hatterene|32\/48\n|move|p1a: Hatterene|Giga Drain|p2a: Toxapex\n|-damage|p2a: Toxapex|36\/48\n|-heal|p1a: Hatterene|39\/48|[from] drain|[of] p2a: Toxapex\n|\n|-heal|p2a: Toxapex|39\/48|[from] item: Black Sludge\n|upkeep\n|turn|10\n|\n|move|p2a: Toxapex|Scald|p1a: Hatterene\n|-damage|p1a: Hatterene|33\/48\n|move|p1a: Hatterene|Psyshock|p2a: Toxapex\n|-supereffective|p2a: Toxapex\n|-damage|p2a: Toxapex|15\/48\n|\n|-heal|p2a: Toxapex|18\/48|[from] item: Black Sludge\n|upkeep\n|turn|11\n|\n|move|p2a: Toxapex|Scald|p1a: Hatterene\n|-damage|p1a: Hatterene|28\/48\n|move|p1a: Hatterene|Giga Drain|p2a: Toxapex\n|-damage|p2a: Toxapex|6\/48\n|-heal|p1a: Hatterene|35\/48|[from] drain|[of] p2a: Toxapex\n|\n|-heal|p2a: Toxapex|9\/48|[from] item: Black Sludge\n|upkeep\n|turn|12\n|\n|switch|p2a: Corviknight|Corviknight, L50, M|44\/48\n|move|p1a: Hatterene|Psyshock|p2a: Corviknight\n|-resisted|p2a: Corviknight\n|-damage|p2a: Corviknight|36\/48\n|\n|upkeep\n|turn|13\n|inactive|munkieKONG1 has 120 seconds left.\n|\n|switch|p1a: Bisharp|Bisharp, L50, M|48\/48\n|move|p2a: Corviknight|Bulk Up|p2a: Corviknight\n|-boost|p2a: Corviknight|atk|1\n|-boost|p2a: Corviknight|def|1\n|\n|upkeep\n|turn|14\n|inactive|munkieKONG1 has 120 seconds left.\n|\n|-start|p1a: Bisharp|Dynamax\n|-heal|p1a: Bisharp|48\/48|[silent]\n|move|p2a: Corviknight|Taunt|p1a: Bisharp\n|-start|p1a: Bisharp|move: Taunt\n|move|p1a: Bisharp|Max Darkness|p2a: Corviknight\n|-damage|p2a: Corviknight|19\/48\n|-ability|p2a: Corviknight|Mirror Armor\n|-unboost|p1a: Bisharp|spd|1\n|-ability|p1a: Bisharp|Defiant\n|-boost|p1a: Bisharp|atk|2\n|\n|upkeep\n|turn|15\n|inactive|munkieKONG1 has 120 seconds left.\n|inactive|PokeDa has 120 seconds left.\n|\n|switch|p2a: Toxapex|Toxapex, L50, F|25\/48\n|move|p1a: Bisharp|Max Darkness|p2a: Toxapex\n|-damage|p2a: Toxapex|0 fnt\n|faint|p2a: Toxapex\n|\n|upkeep\n|\n|switch|p2a: Hippowdon|Hippowdon, L50, M|29\/48\n|-weather|Sandstorm|[from] ability: Sand Stream|[of] p2a: Hippowdon\n|turn|16\n|inactive|munkieKONG1 has 120 seconds left.\n|\n|-start|p2a: Hippowdon|Dynamax\n|-heal|p2a: Hippowdon|29\/48|[silent]\n|move|p2a: Hippowdon|Max Guard|p2a: Hippowdon\n|-singleturn|p2a: Hippowdon|Max Guard\n|move|p1a: Bisharp|Max Steelspike|p2a: Hippowdon\n|-activate|p2a: Hippowdon|move: Max Guard\n|\n|-weather|Sandstorm|[upkeep]\n|-end|p1a: Bisharp|move: Taunt\n|-end|p1a: Bisharp|Dynamax\n|-heal|p1a: Bisharp|48\/48|[silent]\n|upkeep\n|turn|17\n|inactive|munkieKONG1 has 120 seconds left.\n|\n|move|p1a: Bisharp|Iron Head|p2a: Hippowdon\n|-damage|p2a: Hippowdon|17\/48\n|move|p2a: Hippowdon|Max Quake|p1a: Bisharp\n|-supereffective|p1a: Bisharp\n|-damage|p1a: Bisharp|0 fnt\n|-boost|p2a: Hippowdon|spd|1\n|faint|p1a: Bisharp\n|\n|-weather|Sandstorm|[upkeep]\n|upkeep\n|\n|switch|p1a: Weezing|Weezing-Galar, L50, M|19\/48\n|turn|18\n|\n|-end|p2a: Hippowdon|Dynamax\n|-heal|p2a: Hippowdon|17\/48|[silent]\n|switch|p2a: Corviknight|Corviknight, L50, M|19\/48\n|move|p1a: Weezing|Toxic|p2a: Corviknight\n|-immune|p2a: Corviknight\n|\n|-weather|Sandstorm|[upkeep]\n|-damage|p1a: Weezing|17\/48|[from] Sandstorm\n|-heal|p1a: Weezing|19\/48|[from] item: Black Sludge\n|upkeep\n|turn|19\n|\n|move|p2a: Corviknight|Roost|p2a: Corviknight\n|-heal|p2a: Corviknight|43\/48\n|-singleturn|p2a: Corviknight|move: Roost\n|move|p1a: Weezing|Flamethrower|p2a: Corviknight\n|-supereffective|p2a: Corviknight\n|-damage|p2a: Corviknight|26\/48\n|\n|-weather|Sandstorm|[upkeep]\n|-damage|p1a: Weezing|17\/48|[from] Sandstorm\n|-heal|p1a: Weezing|19\/48|[from] item: Black Sludge\n|upkeep\n|turn|20\n|\n|move|p2a: Corviknight|Bulk Up|p2a: Corviknight\n|-boost|p2a: Corviknight|atk|1\n|-boost|p2a: Corviknight|def|1\n|move|p1a: Weezing|Taunt|p2a: Corviknight\n|-start|p2a: Corviknight|move: Taunt\n|\n|-weather|none\n|-heal|p1a: Weezing|22\/48|[from] item: Black Sludge\n|upkeep\n|turn|21\n|\n|move|p2a: Corviknight|Drill Peck|p1a: Weezing\n|-damage|p1a: Weezing|10\/48\n|move|p1a: Weezing|Flamethrower|p2a: Corviknight\n|-supereffective|p2a: Corviknight\n|-damage|p2a: Corviknight|10\/48\n|-enditem|p2a: Corviknight|Figy Berry|[eat]\n|-heal|p2a: Corviknight|25\/48|[from] item: Figy Berry\n|\n|-heal|p1a: Weezing|12\/48|[from] item: Black Sludge\n|upkeep\n|turn|22\n|\n|move|p2a: Corviknight|Drill Peck|p1a: Weezing\n|-damage|p1a: Weezing|1\/48\n|move|p1a: Weezing|Flamethrower|p2a: Corviknight\n|-supereffective|p2a: Corviknight\n|-damage|p2a: Corviknight|10\/48\n|\n|-heal|p1a: Weezing|3\/48|[from] item: Black Sludge\n|upkeep\n|turn|23\n|\n|move|p2a: Corviknight|Drill Peck|p1a: Weezing\n|-damage|p1a: Weezing|0 fnt\n|faint|p1a: Weezing\n|\n|-end|p2a: Corviknight|move: Taunt\n|upkeep\n|\n|switch|p1a: Hatterene|Hatterene, L50, F|35\/48\n|turn|24\n|\n|move|p2a: Corviknight|Roost|p2a: Corviknight\n|-heal|p2a: Corviknight|34\/48\n|-singleturn|p2a: Corviknight|move: Roost\n|move|p1a: Hatterene|Mystical Fire|p2a: Corviknight\n|-supereffective|p2a: Corviknight\n|-damage|p2a: Corviknight|8\/48\n|-ability|p2a: Corviknight|Mirror Armor\n|-unboost|p1a: Hatterene|spa|1\n|\n|upkeep\n|turn|25\n|\n|move|p2a: Corviknight|Roost|p2a: Corviknight\n|-heal|p2a: Corviknight|33\/48\n|-singleturn|p2a: Corviknight|move: Roost\n|move|p1a: Hatterene|Mystical Fire|p2a: Corviknight\n|-supereffective|p2a: Corviknight\n|-damage|p2a: Corviknight|15\/48\n|-ability|p2a: Corviknight|Mirror Armor\n|-unboost|p1a: Hatterene|spa|1\n|\n|upkeep\n|turn|26\n|inactive|munkieKONG1 has 90 seconds left.\n|c|\u2606munkieKONG1|obnoxious team\n|c|\u2606munkieKONG1|think i'll just waste your time now\n|c|\u2606PokeDa|kk\n|inactive|munkieKONG1 has 60 seconds left.\n|inactive|munkieKONG1 has 30 seconds left.\n|inactive|munkieKONG1 has 20 seconds left.\n|inactive|munkieKONG1 has 15 seconds left.\n|inactive|munkieKONG1 has 10 seconds left.\n|inactive|munkieKONG1 has 5 seconds left.\n|\n|move|p2a: Corviknight|Roost|p2a: Corviknight\n|-heal|p2a: Corviknight|39\/48\n|-singleturn|p2a: Corviknight|move: Roost\n|move|p1a: Hatterene|Mystical Fire|p2a: Corviknight\n|-supereffective|p2a: Corviknight\n|-damage|p2a: Corviknight|26\/48\n|-ability|p2a: Corviknight|Mirror Armor\n|-unboost|p1a: Hatterene|spa|1\n|\n|upkeep\n|turn|27\n|inactive|munkieKONG1 has 15 seconds left this turn.\n|inactive|munkieKONG1 has 10 seconds left.\n|inactive|munkieKONG1 has 5 seconds left.\n|inactive|PokeDa has 120 seconds left.\n|\n|move|p2a: Corviknight|Roost|p2a: Corviknight\n|-heal|p2a: Corviknight|48\/48\n|-singleturn|p2a: Corviknight|move: Roost\n|move|p1a: Hatterene|Draining Kiss|p2a: Corviknight\n|-resisted|p2a: Corviknight\n|-damage|p2a: Corviknight|45\/48\n|-heal|p1a: Hatterene|38\/48|[from] drain|[of] p2a: Corviknight\n|\n|upkeep\n|turn|28\n|inactive|munkieKONG1 has 15 seconds left this turn.\n|inactive|munkieKONG1 has 10 seconds left.\n|inactive|munkieKONG1 has 5 seconds left.\n|\n|move|p2a: Corviknight|Bulk Up|p2a: Corviknight\n|-boost|p2a: Corviknight|atk|1\n|-boost|p2a: Corviknight|def|1\n|move|p1a: Hatterene|Mystical Fire|p2a: Corviknight\n|-supereffective|p2a: Corviknight\n|-damage|p2a: Corviknight|34\/48\n|-ability|p2a: Corviknight|Mirror Armor\n|-unboost|p1a: Hatterene|spa|1\n|\n|upkeep\n|turn|29\n|inactive|munkieKONG1 has 15 seconds left this turn.\n|inactive|munkieKONG1 has 10 seconds left.\n|inactive|munkieKONG1 has 5 seconds left.\n|\n|move|p2a: Corviknight|Bulk Up|p2a: Corviknight\n|-boost|p2a: Corviknight|atk|1\n|-boost|p2a: Corviknight|def|1\n|move|p1a: Hatterene|Mystical Fire|p2a: Corviknight\n|-supereffective|p2a: Corviknight\n|-damage|p2a: Corviknight|26\/48\n|-ability|p2a: Corviknight|Mirror Armor\n|-unboost|p1a: Hatterene|spa|1\n|\n|upkeep\n|turn|30\n|inactive|munkieKONG1 has 15 seconds left this turn.\n|inactive|munkieKONG1 has 10 seconds left.\n|inactive|munkieKONG1 has 5 seconds left.\n|\n|move|p2a: Corviknight|Roost|p2a: Corviknight\n|-heal|p2a: Corviknight|48\/48\n|-singleturn|p2a: Corviknight|move: Roost\n|move|p1a: Hatterene|Mystical Fire|p2a: Corviknight\n|-supereffective|p2a: Corviknight\n|-damage|p2a: Corviknight|40\/48\n|-ability|p2a: Corviknight|Mirror Armor\n|-unboost|p1a: Hatterene|spa|1\n|\n|upkeep\n|turn|31\n|inactive|munkieKONG1 has 15 seconds left this turn.\n|inactive|munkieKONG1 has 10 seconds left.\n|c|\u2606munkieKONG1|lol thanks for helping me waste your time\n|inactive|munkieKONG1 has 5 seconds left.\n|\n|move|p2a: Corviknight|Drill Peck|p1a: Hatterene\n|-damage|p1a: Hatterene|0 fnt\n|faint|p1a: Hatterene\n|\n|win|PokeDa\n|inactive|munkieKONG1 has 10 seconds left this turn.\n|raw|munkieKONG1's rating: 1196 &rarr; <strong>1172<\/strong><br \/>(-24 for losing)\n|raw|PokeDa's rating: 1213 &rarr; <strong>1237<\/strong><br \/>(+24 for winning)\n","uploadtime":1583971283,"views":11,"p1id":"munkiekong1","p2id":"pokeda","formatid":"gen8battlestadiumsingles","rating":1172,"private":0,"password":null}