{"id":"gen8ou-1592336383","p1":"Chokst du","p2":"Infernoss","format":"gen8ou","log":"|j|\u2606Chokst du\n|j|\u2606Infernoss\n|t:|1654745717\n|gametype|singles\n|player|p1|Chokst du|265|1673\n|player|p2|Infernoss|beauty-gen4dp|1811\n|teamsize|p1|6\n|teamsize|p2|6\n|gen|8\n|tier|[Gen 8] OU\n|rated|\n|rule|Sleep Clause Mod: Limit one foe put to sleep\n|rule|Species Clause: Limit one of each Pok\u00e9mon\n|rule|OHKO Clause: OHKO moves are banned\n|rule|Evasion Moves Clause: Evasion moves are banned\n|rule|Endless Battle Clause: Forcing endless battles is banned\n|rule|HP Percentage Mod: HP is shown in percentages\n|rule|Dynamax Clause: You cannot dynamax\n|clearpoke\n|poke|p1|Tapu Koko|\n|poke|p1|Weavile, F|\n|poke|p1|Kartana|\n|poke|p1|Hippowdon, M|\n|poke|p1|Tapu Fini|\n|poke|p1|Corviknight, M|\n|poke|p2|Slowbro, M|\n|poke|p2|Hatterene, F|\n|poke|p2|Marowak-Alola, M|\n|poke|p2|Ferrothorn, F|\n|poke|p2|Garchomp, M|\n|poke|p2|Drampa, F|\n|teampreview\n|\n|t:|1654745736\n|start\n|switch|p1a: Tapu Koko|Tapu Koko|100\/100\n|switch|p2a: Sonso|Slowbro, M|100\/100\n|-fieldstart|move: Electric Terrain|[from] ability: Electric Surge|[of] p1a: Tapu Koko\n|turn|1\n|\n|t:|1654745750\n|switch|p2a: Thorns|Ferrothorn, F|100\/100\n|move|p1a: Tapu Koko|U-turn|p2a: Thorns\n|-damage|p2a: Thorns|88\/100\n|-damage|p1a: Tapu Koko|88\/100|[from] ability: Iron Barbs|[of] p2a: Thorns\n|\n|t:|1654745756\n|switch|p1a: Kartana|Kartana|100\/100|[from]move: U-turn\n|\n|-heal|p2a: Thorns|94\/100|[from] item: Leftovers\n|upkeep\n|turn|2\n|\n|t:|1654745762\n|switch|p2a: Sonso|Slowbro, M|100\/100\n|move|p1a: Kartana|Sacred Sword|p2a: Sonso\n|-resisted|p2a: Sonso\n|-damage|p2a: Sonso|82\/100\n|\n|upkeep\n|turn|3\n|\n|t:|1654745768\n|switch|p1a: Weavile|Weavile, F|100\/100\n|-ability|p1a: Weavile|Pressure\n|move|p2a: Sonso|Trick Room|p2a: Sonso\n|-fieldstart|move: Trick Room|[of] p2a: Sonso\n|\n|upkeep\n|turn|4\n|\n|t:|1654745774\n|move|p2a: Sonso|Body Press|p1a: Weavile\n|-supereffective|p1a: Weavile\n|-damage|p1a: Weavile|0 fnt\n|faint|p1a: Weavile\n|\n|upkeep\n|\n|t:|1654745780\n|switch|p1a: Kartana|Kartana|100\/100\n|turn|5\n|\n|t:|1654745788\n|move|p2a: Sonso|Body Press|p1a: Kartana\n|-supereffective|p1a: Kartana\n|-damage|p1a: Kartana|44\/100\n|move|p1a: Kartana|Leaf Blade|p2a: Sonso\n|-supereffective|p2a: Sonso\n|-damage|p2a: Sonso|0 fnt\n|faint|p2a: Sonso\n|-ability|p1a: Kartana|Beast Boost|boost\n|-boost|p1a: Kartana|atk|1\n|\n|-fieldend|move: Electric Terrain\n|upkeep\n|\n|t:|1654745800\n|switch|p2a: Billy B.|Marowak-Alola, M|100\/100\n|turn|6\n|\n|t:|1654745804\n|switch|p1a: Tapu Fini|Tapu Fini|100\/100\n|-fieldstart|move: Misty Terrain|[from] ability: Misty Surge|[of] p1a: Tapu Fini\n|move|p2a: Billy B.|Swords Dance|p2a: Billy B.\n|-boost|p2a: Billy B.|atk|2\n|\n|upkeep\n|turn|7\n|\n|t:|1654745811\n|move|p2a: Billy B.|Poltergeist|p1a: Tapu Fini\n|-activate|p1a: Tapu Fini|move: Poltergeist|Leftovers\n|-damage|p1a: Tapu Fini|0 fnt\n|faint|p1a: Tapu Fini\n|\n|-fieldend|move: Trick Room\n|upkeep\n|\n|t:|1654745814\n|switch|p1a: Hippowdon|Hippowdon, M|100\/100\n|-weather|Sandstorm|[from] ability: Sand Stream|[of] p1a: Hippowdon\n|turn|8\n|\n|t:|1654745826\n|move|p1a: Hippowdon|Earthquake|p2a: Billy B.\n|-supereffective|p2a: Billy B.\n|-crit|p2a: Billy B.\n|-damage|p2a: Billy B.|0 fnt\n|faint|p2a: Billy B.\n|\n|-weather|Sandstorm|[upkeep]\n|upkeep\n|j| quadratix\n|c|\u2606Infernoss|COME ON!\n|\n|t:|1654745836\n|switch|p2a: Sharpo|Garchomp, M|100\/100\n|turn|9\n|\n|t:|1654745846\n|move|p2a: Sharpo|Swords Dance|p2a: Sharpo\n|-boost|p2a: Sharpo|atk|2\n|move|p1a: Hippowdon|Earthquake|p2a: Sharpo\n|-damage|p2a: Sharpo|62\/100\n|\n|-weather|Sandstorm|[upkeep]\n|-heal|p2a: Sharpo|69\/100|[from] item: Leftovers\n|upkeep\n|turn|10\n|\n|t:|1654745854\n|move|p2a: Sharpo|Earthquake|p1a: Hippowdon\n|-damage|p1a: Hippowdon|23\/100\n|move|p1a: Hippowdon|Earthquake|p2a: Sharpo\n|-damage|p2a: Sharpo|27\/100\n|\n|-weather|Sandstorm|[upkeep]\n|-heal|p2a: Sharpo|34\/100|[from] item: Leftovers\n|-heal|p1a: Hippowdon|29\/100|[from] item: Leftovers\n|-fieldend|Misty Terrain\n|upkeep\n|turn|11\n|\n|t:|1654745863\n|move|p2a: Sharpo|Scale Shot|p1a: Hippowdon\n|-crit|p1a: Hippowdon\n|-damage|p1a: Hippowdon|0 fnt\n|faint|p1a: Hippowdon\n|-hitcount|p1: Hippowdon|1\n|-unboost|p2a: Sharpo|def|1\n|-boost|p2a: Sharpo|spe|1\n|\n|-weather|Sandstorm|[upkeep]\n|-heal|p2a: Sharpo|40\/100|[from] item: Leftovers\n|upkeep\n|\n|t:|1654745868\n|switch|p1a: Corviknight|Corviknight, M|100\/100\n|-ability|p1a: Corviknight|Pressure\n|turn|12\n|\n|t:|1654745874\n|switch|p2a: Hatterene|Hatterene, F|100\/100\n|move|p1a: Corviknight|Body Press|p2a: Hatterene\n|-resisted|p2a: Hatterene\n|-damage|p2a: Hatterene|94\/100\n|\n|-weather|none\n|upkeep\n|turn|13\n|\n|t:|1654745884\n|move|p1a: Corviknight|U-turn|p2a: Hatterene\n|-damage|p2a: Hatterene|79\/100\n|\n|t:|1654745885\n|switch|p1a: Tapu Koko|Tapu Koko|88\/100|[from]move: U-turn\n|-fieldstart|move: Electric Terrain|[from] ability: Electric Surge|[of] p1a: Tapu Koko\n|move|p2a: Hatterene|Mystical Fire|p1a: Tapu Koko\n|-damage|p1a: Tapu Koko|52\/100\n|-unboost|p1a: Tapu Koko|spa|1\n|\n|upkeep\n|turn|14\n|\n|t:|1654745894\n|move|p1a: Tapu Koko|Thunderbolt|p2a: Hatterene\n|-damage|p2a: Hatterene|50\/100\n|move|p2a: Hatterene|Trick Room|p2a: Hatterene\n|-fieldstart|move: Trick Room|[of] p2a: Hatterene\n|\n|upkeep\n|turn|15\n|l|\u2606Infernoss\n|player|p2|\n|j|\u2606Infernoss\n|player|p2|Infernoss|beauty-gen4dp\n|inactive|Battle timer is ON: inactive players will automatically lose when time's up. (requested by Infernoss)\n|\n|t:|1654745956\n|move|p2a: Hatterene|Healing Wish|p2a: Hatterene\n|faint|p2a: Hatterene\n|move|p1a: Tapu Koko|Thunderbolt|p2: Hatterene|[notarget]\n|-fail|p1a: Tapu Koko\n|\n|upkeep\n|j| 50 at max\n|\n|t:|1654745965\n|switch|p2a: Falko|Drampa, F|100\/100\n|turn|16\n|\n|t:|1654745977\n|switch|p1a: Corviknight|Corviknight, M|100\/100\n|-ability|p1a: Corviknight|Pressure\n|move|p2a: Falko|Thunderbolt|p1a: Corviknight\n|-supereffective|p1a: Corviknight\n|-damage|p1a: Corviknight|0 fnt\n|faint|p1a: Corviknight\n|\n|upkeep\n|\n|t:|1654745983\n|switch|p1a: Tapu Koko|Tapu Koko|52\/100\n|turn|17\n|\n|t:|1654745992\n|move|p2a: Falko|Ice Beam|p1a: Tapu Koko\n|-damage|p1a: Tapu Koko|0 fnt\n|faint|p1a: Tapu Koko\n|\n|-fieldend|move: Electric Terrain\n|upkeep\n|-message|Chokst du forfeited.\n|\n|win|Infernoss\n|raw|Chokst du's rating: 1673 &rarr; <strong>1661<\/strong><br \/>(-12 for losing)\n|raw|Infernoss's rating: 1811 &rarr; <strong>1823<\/strong><br \/>(+12 for winning)\n|l|\u2606Chokst du\n","uploadtime":1654746002,"views":90,"p1id":"chokstdu","p2id":"infernoss","formatid":"gen8ou","rating":1661,"private":0,"password":null}