{"id":"gen8ou-1659658120","p1":"andrewm0n","p2":"Lemon Ginger","format":"gen8ou","log":"|j|\u2606andrewm0n\n|j|\u2606Lemon Ginger\n|t:|1662687686\n|gametype|singles\n|player|p1|andrewm0n|2|1748\n|player|p2|Lemon Ginger|101|1728\n|teamsize|p1|6\n|teamsize|p2|6\n|gen|8\n|tier|[Gen 8] OU\n|rated|\n|rule|Sleep Clause Mod: Limit one foe put to sleep\n|rule|Species Clause: Limit one of each Pok\u00e9mon\n|rule|OHKO Clause: OHKO moves are banned\n|rule|Evasion Items Clause: Evasion items are banned\n|rule|Evasion Moves Clause: Evasion moves are banned\n|rule|Endless Battle Clause: Forcing endless battles is banned\n|rule|HP Percentage Mod: HP is shown in percentages\n|rule|Dynamax Clause: You cannot dynamax\n|clearpoke\n|poke|p1|Slowbro-Galar, M|\n|poke|p1|Blaziken, M|\n|poke|p1|Clefable, F|\n|poke|p1|Seismitoad, M|\n|poke|p1|Corviknight, M|\n|poke|p1|Hydreigon, M|\n|poke|p2|Blacephalon|\n|poke|p2|Blissey, F|\n|poke|p2|Jirachi|\n|poke|p2|Torkoal, M|\n|poke|p2|Dragonite, F|\n|poke|p2|Tapu Bulu|\n|teampreview\n|j| Mr.Hephaestus\n|\n|t:|1662687731\n|start\n|switch|p1a: Hydreigon|Hydreigon, M|100\/100\n|switch|p2a: Moi?|Torkoal, M, shiny|100\/100\n|-weather|SunnyDay|[from] ability: Drought|[of] p2a: Moi?\n|turn|1\n|inactive|Battle timer is ON: inactive players will automatically lose when time's up. (requested by andrewm0n)\n|\n|t:|1662687736\n|switch|p2a: Tapu Bulu|Tapu Bulu|100\/100\n|-fieldstart|move: Grassy Terrain|[from] ability: Grassy Surge|[of] p2a: Tapu Bulu\n|move|p1a: Hydreigon|Dark Pulse|p2a: Tapu Bulu\n|-resisted|p2a: Tapu Bulu\n|-damage|p2a: Tapu Bulu|71\/100\n|-damage|p1a: Hydreigon|91\/100|[from] item: Life Orb\n|\n|-weather|SunnyDay|[upkeep]\n|-heal|p2a: Tapu Bulu|77\/100|[from] Grassy Terrain\n|upkeep\n|turn|2\n|\n|t:|1662687743\n|switch|p2a: EGG|Blissey, F, shiny|100\/100\n|move|p1a: Hydreigon|Flash Cannon|p2a: EGG\n|-damage|p2a: EGG|87\/100\n|-damage|p1a: Hydreigon|81\/100|[from] item: Life Orb\n|\n|-weather|SunnyDay|[upkeep]\n|-heal|p2a: EGG|93\/100|[from] Grassy Terrain\n|upkeep\n|turn|3\n|\n|t:|1662687749\n|switch|p1a: Corviknight|Corviknight, M|100\/100\n|move|p2a: EGG|Teleport|p2a: EGG\n|l| Mr.Hephaestus\n|\n|t:|1662687753\n|switch|p2a: SUNNY DAYS|Blacephalon|100\/100|[from]move: Teleport\n|\n|-weather|SunnyDay|[upkeep]\n|upkeep\n|turn|4\n|c|\u2606Lemon Ginger|POWER\n|\n|t:|1662687760\n|switch|p1a: Seismitoad|Seismitoad, M|100\/100\n|move|p2a: SUNNY DAYS|Mind Blown|p1a: Seismitoad\n|-resisted|p1a: Seismitoad\n|-damage|p1a: Seismitoad|11\/100\n|-damage|p2a: SUNNY DAYS|50\/100|[from] mindblown\n|\n|-weather|SunnyDay|[upkeep]\n|-heal|p2a: SUNNY DAYS|56\/100|[from] Grassy Terrain\n|-heal|p1a: Seismitoad|17\/100|[from] Grassy Terrain\n|-heal|p1a: Seismitoad|23\/100|[from] item: Leftovers\n|upkeep\n|turn|5\n|\n|t:|1662687764\n|move|p2a: SUNNY DAYS|Mind Blown|p1a: Seismitoad\n|-resisted|p1a: Seismitoad\n|-crit|p1a: Seismitoad\n|-damage|p1a: Seismitoad|0 fnt\n|-damage|p2a: SUNNY DAYS|6\/100|[from] mindblown\n|faint|p1a: Seismitoad\n|-ability|p2a: SUNNY DAYS|Beast Boost|boost\n|-boost|p2a: SUNNY DAYS|spa|1\n|\n|-weather|none\n|-heal|p2a: SUNNY DAYS|12\/100|[from] Grassy Terrain\n|-fieldend|move: Grassy Terrain\n|upkeep\n|c|\u2606andrewm0n|awesome tech\n|\n|t:|1662687774\n|switch|p1a: Hydreigon|Hydreigon, M|81\/100\n|turn|6\n|j| regenerates\n|\n|t:|1662687777\n|switch|p1a: Blaziken|Blaziken, M|100\/100\n|switch|p2a: EGG|Blissey, F, shiny|93\/100\n|\n|upkeep\n|turn|7\n|j| pradigami\n|\n|t:|1662687783\n|switch|p2a: Ils ont chang\u00e9|Dragonite, F, shiny|100\/100\n|move|p1a: Blaziken|Close Combat|p2a: Ils ont chang\u00e9\n|-resisted|p2a: Ils ont chang\u00e9\n|-damage|p2a: Ils ont chang\u00e9|89\/100\n|-unboost|p1a: Blaziken|def|1\n|-unboost|p1a: Blaziken|spd|1\n|\n|-ability|p1a: Blaziken|Speed Boost|boost\n|-boost|p1a: Blaziken|spe|1\n|upkeep\n|turn|8\n|\n|t:|1662687786\n|switch|p1a: Corviknight|Corviknight, M|100\/100\n|move|p2a: Ils ont chang\u00e9|Roost|p2a: Ils ont chang\u00e9\n|-heal|p2a: Ils ont chang\u00e9|100\/100\n|-singleturn|p2a: Ils ont chang\u00e9|move: Roost\n|\n|upkeep\n|turn|9\n|\n|t:|1662687791\n|switch|p2a: Sick Psychic Bro|Jirachi|100\/100\n|move|p1a: Corviknight|U-turn|p2a: Sick Psychic Bro\n|-damage|p2a: Sick Psychic Bro|86\/100\n|\n|t:|1662687794\n|switch|p1a: Blaziken|Blaziken, M|100\/100|[from]move: U-turn\n|\n|upkeep\n|turn|10\n|\n|t:|1662687797\n|switch|p2a: Ils ont chang\u00e9|Dragonite, F, shiny|100\/100\n|move|p1a: Blaziken|Close Combat|p2a: Ils ont chang\u00e9\n|-resisted|p2a: Ils ont chang\u00e9\n|-damage|p2a: Ils ont chang\u00e9|90\/100\n|-unboost|p1a: Blaziken|def|1\n|-unboost|p1a: Blaziken|spd|1\n|\n|-ability|p1a: Blaziken|Speed Boost|boost\n|-boost|p1a: Blaziken|spe|1\n|upkeep\n|turn|11\n|\n|t:|1662687801\n|move|p1a: Blaziken|Swords Dance|p1a: Blaziken\n|-boost|p1a: Blaziken|atk|2\n|move|p2a: Ils ont chang\u00e9|Earthquake|p1a: Blaziken\n|-supereffective|p1a: Blaziken\n|-damage|p1a: Blaziken|0 fnt\n|faint|p1a: Blaziken\n|\n|upkeep\n|c|\u2606andrewm0n|gg\n|-message|andrewm0n forfeited.\n|\n|win|Lemon Ginger\n|raw|andrewm0n's rating: 1748 &rarr; <strong>1727<\/strong><br \/>(-21 for losing)\n|raw|Lemon Ginger's rating: 1728 &rarr; <strong>1749<\/strong><br \/>(+21 for winning)\n|l|\u2606andrewm0n\n|c|\u2606Lemon Ginger|gg\n||Ladder isn't responding, score probably updated but might not have (Request timeout).\n","uploadtime":1662687817,"views":65,"p1id":"andrewm0n","p2id":"lemonginger","formatid":"gen8ou","rating":1727,"private":0,"password":null}