{"id":"gen8nationaldexag-1068285572","p1":"Neutralist","p2":"yhdrslb","format":"gen8nationaldexag","log":"|j|\u2606Neutralist\n|j|\u2606yhdrslb\n|player|p1|Neutralist|2|1415\n|player|p2|yhdrslb|30|1390\n|teamsize|p1|6\n|teamsize|p2|6\n|gametype|singles\n|gen|8\n|tier|[Gen 8] National Dex AG\n|rated|\n|clearpoke\n|poke|p1|Ditto|\n|poke|p1|Zacian-Crowned|\n|poke|p1|Rayquaza|\n|poke|p1|Butterfree, F|\n|poke|p1|Hatterene, F|\n|poke|p1|Kyurem-White|\n|poke|p2|Espeon, F|\n|poke|p2|Whimsicott, M|\n|poke|p2|Lugia|\n|poke|p2|Smeargle, F|\n|poke|p2|Rayquaza|\n|poke|p2|Giratina|\n|rule|HP Percentage Mod: HP is shown in percentages\n|rule|Endless Battle Clause: Forcing endless battles is banned\n|teampreview\n|c|\u2606yhdrslb|hello\n|\n|start\n|switch|p1a: Megabruh|Ditto|100\/100\n|switch|p2a: Smeargle|Smeargle, F|100\/100\n|-transform|p1a: Megabruh|p2a: Smeargle|[from] ability: Imposter\n|turn|1\n|\n|switch|p2a: Espeon|Espeon, F|100\/100\n|move|p1a: Megabruh|Nuzzle|p2a: Espeon\n|-damage|p2a: Espeon|98\/100\n|-status|p2a: Espeon|par\n|\n|-ability|p1a: Megabruh|Moody|boost\n|-boost|p1a: Megabruh|spe|2\n|-unboost|p1a: Megabruh|atk|1\n|upkeep\n|turn|2\n|c|\u2606Neutralist|aight imma head out\n|\n|switch|p1a: Butterfree|Butterfree, F|100\/100\n|move|p2a: Espeon|Reflect|p2a: Espeon\n|-sidestart|p2: yhdrslb|Reflect\n|\n|upkeep\n|turn|3\n|\n|switch|p2a: Whimsicott|Whimsicott, M|100\/100\n|move|p1a: Butterfree|Quiver Dance|p1a: Butterfree\n|-boost|p1a: Butterfree|spa|1\n|-boost|p1a: Butterfree|spd|1\n|-boost|p1a: Butterfree|spe|1\n|\n|upkeep\n|turn|4\n|\n|move|p2a: Whimsicott|Leech Seed|p1a: Butterfree|[miss]\n|-miss|p2a: Whimsicott|p1a: Butterfree\n|move|p1a: Butterfree|Quiver Dance|p1a: Butterfree\n|-boost|p1a: Butterfree|spa|1\n|-boost|p1a: Butterfree|spd|1\n|-boost|p1a: Butterfree|spe|1\n|\n|upkeep\n|turn|5\n|\n|move|p2a: Whimsicott|Leech Seed|p1a: Butterfree\n|-start|p1a: Butterfree|move: Leech Seed\n|move|p1a: Butterfree|Quiver Dance|p1a: Butterfree\n|-boost|p1a: Butterfree|spa|1\n|-boost|p1a: Butterfree|spd|1\n|-boost|p1a: Butterfree|spe|1\n|\n|-damage|p1a: Butterfree|88\/100|[from] Leech Seed|[of] p2a: Whimsicott\n|upkeep\n|turn|6\n|\n|move|p2a: Whimsicott|Substitute|p2a: Whimsicott\n|-start|p2a: Whimsicott|Substitute\n|-damage|p2a: Whimsicott|76\/100\n|move|p1a: Butterfree|Baton Pass|p1a: Butterfree\n|\n|switch|p1a: Kyurem|Kyurem-White|100\/100|[from]move: Baton Pass\n|-ability|p1a: Kyurem|Turboblaze\n|\n|-damage|p1a: Kyurem|88\/100|[from] Leech Seed|[of] p2a: Whimsicott\n|-heal|p2a: Whimsicott|91\/100|[silent]\n|-sideend|p2: yhdrslb|Reflect\n|upkeep\n|turn|7\n|c|\u2606Neutralist|oh boy\n|\n|move|p2a: Whimsicott|Defog|p1a: Kyurem\n|-unboost|p1a: Kyurem|evasion|1\n|move|p1a: Kyurem|Fusion Flare|p2a: Whimsicott\n|-supereffective|p2a: Whimsicott\n|-end|p2a: Whimsicott|Substitute\n|\n|-damage|p1a: Kyurem|75\/100|[from] Leech Seed|[of] p2a: Whimsicott\n|-heal|p2a: Whimsicott|100\/100|[silent]\n|upkeep\n|turn|8\n|\n|move|p2a: Whimsicott|Substitute|p2a: Whimsicott\n|-start|p2a: Whimsicott|Substitute\n|-damage|p2a: Whimsicott|76\/100\n|move|p1a: Kyurem|Fusion Flare|p2a: Whimsicott\n|-supereffective|p2a: Whimsicott\n|-crit|p2a: Whimsicott\n|-end|p2a: Whimsicott|Substitute\n|\n|-damage|p1a: Kyurem|63\/100|[from] Leech Seed|[of] p2a: Whimsicott\n|-heal|p2a: Whimsicott|91\/100|[silent]\n|upkeep\n|turn|9\n|\n|move|p2a: Whimsicott|Substitute|p2a: Whimsicott\n|-start|p2a: Whimsicott|Substitute\n|-damage|p2a: Whimsicott|66\/100\n|move|p1a: Kyurem|Fusion Flare|p2a: Whimsicott\n|-supereffective|p2a: Whimsicott\n|-end|p2a: Whimsicott|Substitute\n|\n|-damage|p1a: Kyurem|50\/100|[from] Leech Seed|[of] p2a: Whimsicott\n|-heal|p2a: Whimsicott|81\/100|[silent]\n|upkeep\n|turn|10\n|c|\u2606Neutralist|also bruh\n|\n|move|p2a: Whimsicott|Substitute|p2a: Whimsicott\n|-start|p2a: Whimsicott|Substitute\n|-damage|p2a: Whimsicott|56\/100\n|move|p1a: Kyurem|Ice Burn||[still]\n|-prepare|p1a: Kyurem|Ice Burn|p2a: Whimsicott\n|-enditem|p1a: Kyurem|Power Herb\n|-anim|p1a: Kyurem|Ice Burn|p2a: Whimsicott\n|-supereffective|p2a: Whimsicott\n|-end|p2a: Whimsicott|Substitute\n|\n|-damage|p1a: Kyurem|38\/100|[from] Leech Seed|[of] p2a: Whimsicott\n|-heal|p2a: Whimsicott|72\/100|[silent]\n|upkeep\n|turn|11\n|\n|move|p2a: Whimsicott|Substitute|p2a: Whimsicott\n|-start|p2a: Whimsicott|Substitute\n|-damage|p2a: Whimsicott|47\/100\n|move|p1a: Kyurem|Fusion Flare|p2a: Whimsicott\n|-supereffective|p2a: Whimsicott\n|-end|p2a: Whimsicott|Substitute\n|\n|-damage|p1a: Kyurem|25\/100|[from] Leech Seed|[of] p2a: Whimsicott\n|-heal|p2a: Whimsicott|62\/100|[silent]\n|upkeep\n|turn|12\n|c|\u2606Neutralist|can we not\n|\n|switch|p1a: Zacian|Zacian-Crowned|100\/100\n|-ability|p1a: Zacian|Intrepid Sword|boost\n|-boost|p1a: Zacian|atk|1\n|move|p2a: Whimsicott|Substitute|p2a: Whimsicott\n|-start|p2a: Whimsicott|Substitute\n|-damage|p2a: Whimsicott|37\/100\n|\n|upkeep\n|turn|13\n|\n|move|p2a: Whimsicott|Leech Seed|p1a: Zacian\n|-start|p1a: Zacian|move: Leech Seed\n|move|p1a: Zacian|Behemoth Blade|p2a: Whimsicott\n|-supereffective|p2a: Whimsicott\n|-end|p2a: Whimsicott|Substitute\n|\n|-damage|p1a: Zacian|88\/100|[from] Leech Seed|[of] p2a: Whimsicott\n|-heal|p2a: Whimsicott|49\/100|[silent]\n|upkeep\n|turn|14\n|\n|move|p2a: Whimsicott|Substitute|p2a: Whimsicott\n|-start|p2a: Whimsicott|Substitute\n|-damage|p2a: Whimsicott|24\/100\n|move|p1a: Zacian|Play Rough|p2a: Whimsicott\n|-end|p2a: Whimsicott|Substitute\n|\n|-damage|p1a: Zacian|76\/100|[from] Leech Seed|[of] p2a: Whimsicott\n|-heal|p2a: Whimsicott|37\/100|[silent]\n|upkeep\n|turn|15\n|\n|switch|p1a: SKRREEEOOONNK|Rayquaza|100\/100\n|-ability|p1a: SKRREEEOOONNK|Air Lock\n|move|p2a: Whimsicott|Substitute|p2a: Whimsicott\n|-start|p2a: Whimsicott|Substitute\n|-damage|p2a: Whimsicott|12\/100\n|\n|upkeep\n|turn|16\n|\n|move|p1a: SKRREEEOOONNK|Extreme Speed|p2a: Whimsicott\n|-activate|p2a: Whimsicott|move: Substitute|[damage]\n|move|p2a: Whimsicott|Leech Seed|p1a: SKRREEEOOONNK\n|-start|p1a: SKRREEEOOONNK|move: Leech Seed\n|\n|-damage|p1a: SKRREEEOOONNK|88\/100|[from] Leech Seed|[of] p2a: Whimsicott\n|-heal|p2a: Whimsicott|25\/100|[silent]\n|upkeep\n|turn|17\n|c|\u2606Neutralist|bruh\n|\n|switch|p2a: Giratina|Giratina|100\/100\n|-ability|p2a: Giratina|Pressure\n|move|p1a: SKRREEEOOONNK|Dragon Ascent|p2a: Giratina\n|-damage|p2a: Giratina|68\/100\n|-unboost|p1a: SKRREEEOOONNK|def|1\n|-unboost|p1a: SKRREEEOOONNK|spd|1\n|\n|-heal|p2a: Giratina|74\/100|[from] item: Leftovers\n|-damage|p1a: SKRREEEOOONNK|76\/100|[from] Leech Seed|[of] p2a: Giratina\n|-heal|p2a: Giratina|83\/100|[silent]\n|upkeep\n|turn|18\n|\n|detailschange|p1a: SKRREEEOOONNK|Rayquaza-Mega\n|-mega|p1a: SKRREEEOOONNK|Rayquaza|\n|-weather|DeltaStream|[from] ability: Delta Stream|[of] p1a: SKRREEEOOONNK\n|move|p1a: SKRREEEOOONNK|Dragon Claw|p2a: Giratina\n|-supereffective|p2a: Giratina\n|-damage|p2a: Giratina|29\/100\n|move|p2a: Giratina|Will-O-Wisp|p1a: SKRREEEOOONNK\n|-status|p1a: SKRREEEOOONNK|brn\n|\n|-weather|DeltaStream|[upkeep]\n|-heal|p2a: Giratina|35\/100|[from] item: Leftovers\n|-damage|p1a: SKRREEEOOONNK|64\/100 brn|[from] Leech Seed|[of] p2a: Giratina\n|-heal|p2a: Giratina|44\/100|[silent]\n|-damage|p1a: SKRREEEOOONNK|58\/100 brn|[from] brn\n|upkeep\n|turn|19\n|\n|switch|p2a: Whimsicott|Whimsicott, M|25\/100\n|move|p1a: SKRREEEOOONNK|Dragon Claw|p2a: Whimsicott\n|-immune|p2a: Whimsicott\n|\n|-weather|DeltaStream|[upkeep]\n|-damage|p1a: SKRREEEOOONNK|46\/100 brn|[from] Leech Seed|[of] p2a: Whimsicott\n|-heal|p2a: Whimsicott|39\/100|[silent]\n|-damage|p1a: SKRREEEOOONNK|40\/100 brn|[from] brn\n|upkeep\n|turn|20\n|\n|move|p1a: SKRREEEOOONNK|Extreme Speed|p2a: Whimsicott\n|-damage|p2a: Whimsicott|24\/100\n|move|p2a: Whimsicott|Substitute|p2a: Whimsicott\n|-fail|p2a: Whimsicott|move: Substitute|[weak]\n|\n|-weather|DeltaStream|[upkeep]\n|-damage|p1a: SKRREEEOOONNK|27\/100 brn|[from] Leech Seed|[of] p2a: Whimsicott\n|-heal|p2a: Whimsicott|38\/100|[silent]\n|-damage|p1a: SKRREEEOOONNK|21\/100 brn|[from] brn\n|upkeep\n|turn|21\n|\n|switch|p2a: Giratina|Giratina|44\/100\n|-ability|p2a: Giratina|Pressure\n|move|p1a: SKRREEEOOONNK|Dragon Ascent|p2a: Giratina\n|-damage|p2a: Giratina|23\/100\n|-unboost|p1a: SKRREEEOOONNK|def|1\n|-unboost|p1a: SKRREEEOOONNK|spd|1\n|\n|-weather|DeltaStream|[upkeep]\n|-heal|p2a: Giratina|29\/100|[from] item: Leftovers\n|-damage|p1a: SKRREEEOOONNK|9\/100 brn|[from] Leech Seed|[of] p2a: Giratina\n|-heal|p2a: Giratina|38\/100|[silent]\n|-damage|p1a: SKRREEEOOONNK|3\/100 brn|[from] brn\n|upkeep\n|turn|22\n|\n|move|p1a: SKRREEEOOONNK|Dragon Claw|p2a: Giratina\n|-supereffective|p2a: Giratina\n|-damage|p2a: Giratina|13\/100\n|move|p2a: Giratina|Rest|p2a: Giratina\n|-status|p2a: Giratina|slp|[from] move: Rest\n|-heal|p2a: Giratina|100\/100 slp|[silent]\n|\n|-weather|DeltaStream|[upkeep]\n|-damage|p1a: SKRREEEOOONNK|0 fnt|[from] Leech Seed|[of] p2a: Giratina\n|faint|p1a: SKRREEEOOONNK\n|-weather|none\n|upkeep\n|\n|switch|p1a: Kyurem|Kyurem-White|25\/100\n|-ability|p1a: Kyurem|Turboblaze\n|turn|23\n|\n|switch|p2a: Espeon|Espeon, F|98\/100 par\n|move|p1a: Kyurem|Fusion Flare|p2a: Espeon\n|-damage|p2a: Espeon|51\/100 par\n|\n|upkeep\n|turn|24\n|\n|move|p1a: Kyurem|Fusion Flare|p2a: Espeon\n|-damage|p2a: Espeon|8\/100 par\n|move|p2a: Espeon|Reflect|p2a: Espeon\n|-sidestart|p2: yhdrslb|Reflect\n|\n|upkeep\n|turn|25\n|\n|move|p1a: Kyurem|Earth Power|p2a: Espeon\n|-damage|p2a: Espeon|0 fnt\n|faint|p2a: Espeon\n|\n|upkeep\n|c|\u2606Neutralist|YES\n|\n|switch|p2a: Rayquaza|Rayquaza|100\/100\n|-ability|p2a: Rayquaza|Air Lock\n|turn|26\n|\n|detailschange|p2a: Rayquaza|Rayquaza-Mega\n|-mega|p2a: Rayquaza|Rayquaza|\n|-weather|DeltaStream|[from] ability: Delta Stream|[of] p2a: Rayquaza\n|-start|p1a: Kyurem|Dynamax\n|-heal|p1a: Kyurem|25\/100|[silent]\n|move|p2a: Rayquaza|Extreme Speed|p1a: Kyurem\n|-damage|p1a: Kyurem|0 fnt\n|-damage|p2a: Rayquaza|91\/100|[from] item: Life Orb\n|faint|p1a: Kyurem\n|\n|-weather|DeltaStream|[upkeep]\n|upkeep\n|\n|switch|p1a: Zacian|Zacian-Crowned|76\/100\n|-ability|p1a: Zacian|Intrepid Sword|boost\n|-boost|p1a: Zacian|atk|1\n|turn|27\n|c|\u2606Neutralist|frogs\n|\n|-weather|none\n|switch|p2a: Lugia|Lugia|100\/100\n|move|p1a: Zacian|Play Rough|p2a: Lugia\n|-damage|p2a: Lugia|88\/100\n|-unboost|p2a: Lugia|atk|1\n|\n|-heal|p2a: Lugia|94\/100|[from] item: Leftovers\n|upkeep\n|turn|28\n|c|\u2606Neutralist|i cant\n|\n|switch|p1a: Butterfree|Butterfree, F|88\/100\n|move|p2a: Lugia|Substitute|p2a: Lugia\n|-start|p2a: Lugia|Substitute\n|-damage|p2a: Lugia|70\/100\n|\n|-heal|p2a: Lugia|76\/100|[from] item: Leftovers\n|-sideend|p2: yhdrslb|Reflect\n|upkeep\n|turn|29\n|c|\u2606Neutralist|reee\n|\n|move|p1a: Butterfree|Quiver Dance|p1a: Butterfree\n|-boost|p1a: Butterfree|spa|1\n|-boost|p1a: Butterfree|spd|1\n|-boost|p1a: Butterfree|spe|1\n|move|p2a: Lugia|Toxic|p1a: Butterfree\n|-status|p1a: Butterfree|tox\n|\n|-heal|p2a: Lugia|82\/100|[from] item: Leftovers\n|-damage|p1a: Butterfree|82\/100 tox|[from] psn\n|upkeep\n|turn|30\n|\n|move|p1a: Butterfree|Air Slash|p2a: Lugia\n|-activate|p2a: Lugia|move: Substitute|[damage]\n|move|p2a: Lugia|Roost|p2a: Lugia\n|-heal|p2a: Lugia|100\/100\n|-singleturn|p2a: Lugia|move: Roost\n|\n|-damage|p1a: Butterfree|70\/100 tox|[from] psn\n|upkeep\n|turn|31\n|\n|move|p1a: Butterfree|Quiver Dance|p1a: Butterfree\n|-boost|p1a: Butterfree|spa|1\n|-boost|p1a: Butterfree|spd|1\n|-boost|p1a: Butterfree|spe|1\n|move|p2a: Lugia|Substitute|p2a: Lugia\n|-fail|p2a: Lugia|move: Substitute\n|\n|-damage|p1a: Butterfree|51\/100 tox|[from] psn\n|upkeep\n|turn|32\n|\n|move|p1a: Butterfree|Quiver Dance|p1a: Butterfree\n|-boost|p1a: Butterfree|spa|1\n|-boost|p1a: Butterfree|spd|1\n|-boost|p1a: Butterfree|spe|1\n|move|p2a: Lugia|Substitute|p2a: Lugia\n|-fail|p2a: Lugia|move: Substitute\n|\n|-damage|p1a: Butterfree|27\/100 tox|[from] psn\n|upkeep\n|turn|33\n|\n|move|p1a: Butterfree|Baton Pass|p1a: Butterfree\n|\n|switch|p1a: Vibe Checker|Hatterene, F|100\/100|[from]move: Baton Pass\n|move|p2a: Lugia|Whirlwind|p1a: Vibe Checker\n|move|p1a: Vibe Checker|Whirlwind|p2a: Lugia|[from]Magic Bounce\n|drag|p2a: Whimsicott|Whimsicott, M|38\/100\n|\n|upkeep\n|turn|34\n|\n|move|p2a: Whimsicott|Switcheroo|p1a: Vibe Checker\n|-activate|p2a: Whimsicott|move: Trick|[of] p1a: Vibe Checker\n|-item|p1a: Vibe Checker|Lagging Tail|[from] move: Switcheroo\n|-item|p2a: Whimsicott|Leftovers|[from] move: Switcheroo\n|move|p1a: Vibe Checker|Mystical Fire|p2a: Whimsicott\n|-supereffective|p2a: Whimsicott\n|-damage|p2a: Whimsicott|0 fnt\n|faint|p2a: Whimsicott\n|\n|upkeep\n|\n|switch|p2a: Rayquaza|Rayquaza-Mega|91\/100\n|-weather|DeltaStream|[from] ability: Delta Stream|[of] p2a: Rayquaza\n|turn|35\n|\n|move|p2a: Rayquaza|Dragon Ascent|p1a: Vibe Checker\n|-damage|p1a: Vibe Checker|0 fnt\n|-unboost|p2a: Rayquaza|def|1\n|-unboost|p2a: Rayquaza|spd|1\n|-damage|p2a: Rayquaza|81\/100|[from] item: Life Orb\n|faint|p1a: Vibe Checker\n|\n|-weather|DeltaStream|[upkeep]\n|upkeep\n|\n|switch|p1a: Zacian|Zacian-Crowned|76\/100\n|-ability|p1a: Zacian|Intrepid Sword|boost\n|-boost|p1a: Zacian|atk|1\n|turn|36\n|\n|-weather|none\n|switch|p2a: Lugia|Lugia|100\/100\n|move|p1a: Zacian|Play Rough|p2a: Lugia\n|-damage|p2a: Lugia|77\/100\n|\n|-heal|p2a: Lugia|83\/100|[from] item: Leftovers\n|upkeep\n|turn|37\n|\n|move|p1a: Zacian|Play Rough|p2a: Lugia|[miss]\n|-miss|p1a: Zacian|p2a: Lugia\n|move|p2a: Lugia|Roost|p2a: Lugia\n|-heal|p2a: Lugia|100\/100\n|-singleturn|p2a: Lugia|move: Roost\n|\n|upkeep\n|turn|38\n|\n|move|p1a: Zacian|Play Rough|p2a: Lugia\n|-crit|p2a: Lugia\n|-damage|p2a: Lugia|69\/100\n|move|p2a: Lugia|Substitute|p2a: Lugia\n|-start|p2a: Lugia|Substitute\n|-damage|p2a: Lugia|44\/100\n|\n|-heal|p2a: Lugia|50\/100|[from] item: Leftovers\n|upkeep\n|turn|39\n|c|\u2606Neutralist|bruh\n|\n|move|p1a: Zacian|Play Rough|p2a: Lugia\n|-end|p2a: Lugia|Substitute\n|move|p2a: Lugia|Roost|p2a: Lugia\n|-heal|p2a: Lugia|99\/100\n|-singleturn|p2a: Lugia|move: Roost\n|\n|-heal|p2a: Lugia|100\/100|[from] item: Leftovers\n|upkeep\n|turn|40\n|\n|move|p1a: Zacian|Play Rough|p2a: Lugia\n|-damage|p2a: Lugia|80\/100\n|move|p2a: Lugia|Substitute|p2a: Lugia\n|-start|p2a: Lugia|Substitute\n|-damage|p2a: Lugia|55\/100\n|\n|-heal|p2a: Lugia|61\/100|[from] item: Leftovers\n|upkeep\n|turn|41\n|\n|move|p1a: Zacian|Play Rough|p2a: Lugia\n|-end|p2a: Lugia|Substitute\n|move|p2a: Lugia|Roost|p2a: Lugia\n|-heal|p2a: Lugia|100\/100\n|-singleturn|p2a: Lugia|move: Roost\n|\n|upkeep\n|turn|42\n|c|\u2606Neutralist|can we not\n|\n|move|p1a: Zacian|Sacred Sword|p2a: Lugia\n|-resisted|p2a: Lugia\n|-damage|p2a: Lugia|97\/100\n|move|p2a: Lugia|Substitute|p2a: Lugia\n|-start|p2a: Lugia|Substitute\n|-damage|p2a: Lugia|72\/100\n|\n|-heal|p2a: Lugia|78\/100|[from] item: Leftovers\n|upkeep\n|turn|43\n|c|\u2606yhdrslb|we can not\n|\n|move|p1a: Zacian|Psychic Fangs|p2a: Lugia\n|-resisted|p2a: Lugia\n|-activate|p2a: Lugia|move: Substitute|[damage]\n|move|p2a: Lugia|Toxic|p1a: Zacian\n|-immune|p1a: Zacian\n|\n|-heal|p2a: Lugia|84\/100|[from] item: Leftovers\n|upkeep\n|turn|44\n|c|\u2606Neutralist|cool\n|c|\u2606Neutralist|then i'll do what i must\n|c|\u2606Neutralist|fight on\n|\n|move|p1a: Zacian|Play Rough|p2a: Lugia\n|-end|p2a: Lugia|Substitute\n|move|p2a: Lugia|Toxic|p1a: Zacian\n|-immune|p1a: Zacian\n|\n|-heal|p2a: Lugia|90\/100|[from] item: Leftovers\n|upkeep\n|turn|45\n|\n|move|p1a: Zacian|Play Rough|p2a: Lugia\n|-damage|p2a: Lugia|43\/100\n|move|p2a: Lugia|Substitute|p2a: Lugia\n|-start|p2a: Lugia|Substitute\n|-damage|p2a: Lugia|18\/100\n|\n|-heal|p2a: Lugia|24\/100|[from] item: Leftovers\n|upkeep\n|turn|46\n|\n|move|p1a: Zacian|Play Rough|p2a: Lugia\n|-end|p2a: Lugia|Substitute\n|move|p2a: Lugia|Roost|p2a: Lugia\n|-heal|p2a: Lugia|74\/100\n|-singleturn|p2a: Lugia|move: Roost\n|\n|-heal|p2a: Lugia|80\/100|[from] item: Leftovers\n|upkeep\n|turn|47\n|\n|move|p1a: Zacian|Play Rough|p2a: Lugia\n|-damage|p2a: Lugia|33\/100\n|move|p2a: Lugia|Roost|p2a: Lugia\n|-heal|p2a: Lugia|83\/100\n|-singleturn|p2a: Lugia|move: Roost\n|\n|-heal|p2a: Lugia|89\/100|[from] item: Leftovers\n|upkeep\n|turn|48\n|\n|move|p1a: Zacian|Play Rough|p2a: Lugia\n|-damage|p2a: Lugia|43\/100\n|move|p2a: Lugia|Roost|p2a: Lugia\n|-heal|p2a: Lugia|93\/100\n|-singleturn|p2a: Lugia|move: Roost\n|\n|-heal|p2a: Lugia|99\/100|[from] item: Leftovers\n|upkeep\n|turn|49\n|\n|move|p1a: Zacian|Play Rough|p2a: Lugia\n|-crit|p2a: Lugia\n|-damage|p2a: Lugia|38\/100\n|move|p2a: Lugia|Roost|p2a: Lugia\n|-heal|p2a: Lugia|88\/100\n|-singleturn|p2a: Lugia|move: Roost\n|\n|-heal|p2a: Lugia|94\/100|[from] item: Leftovers\n|upkeep\n|turn|50\n|\n|move|p1a: Zacian|Play Rough|p2a: Lugia\n|-damage|p2a: Lugia|49\/100\n|move|p2a: Lugia|Roost|p2a: Lugia\n|-heal|p2a: Lugia|99\/100\n|-singleturn|p2a: Lugia|move: Roost\n|\n|-heal|p2a: Lugia|100\/100|[from] item: Leftovers\n|upkeep\n|turn|51\n|\n|move|p1a: Zacian|Play Rough|p2a: Lugia\n|-damage|p2a: Lugia|79\/100\n|move|p2a: Lugia|Substitute|p2a: Lugia\n|-start|p2a: Lugia|Substitute\n|-damage|p2a: Lugia|54\/100\n|\n|-heal|p2a: Lugia|60\/100|[from] item: Leftovers\n|upkeep\n|turn|52\n|\n|move|p1a: Zacian|Behemoth Blade|p2a: Lugia\n|-end|p2a: Lugia|Substitute\n|move|p2a: Lugia|Roost|p2a: Lugia\n|-heal|p2a: Lugia|100\/100\n|-singleturn|p2a: Lugia|move: Roost\n|\n|upkeep\n|turn|53\n|\n|move|p1a: Zacian|Behemoth Blade|p2a: Lugia\n|-damage|p2a: Lugia|76\/100\n|move|p2a: Lugia|Substitute|p2a: Lugia\n|-start|p2a: Lugia|Substitute\n|-damage|p2a: Lugia|51\/100\n|\n|-heal|p2a: Lugia|57\/100|[from] item: Leftovers\n|upkeep\n|turn|54\n|\n|move|p1a: Zacian|Behemoth Blade|p2a: Lugia\n|-end|p2a: Lugia|Substitute\n|move|p2a: Lugia|Roost|p2a: Lugia\n|-heal|p2a: Lugia|100\/100\n|-singleturn|p2a: Lugia|move: Roost\n|\n|upkeep\n|turn|55\n|\n|move|p1a: Zacian|Behemoth Blade|p2a: Lugia\n|-damage|p2a: Lugia|76\/100\n|move|p2a: Lugia|Substitute|p2a: Lugia\n|-start|p2a: Lugia|Substitute\n|-damage|p2a: Lugia|51\/100\n|\n|-heal|p2a: Lugia|57\/100|[from] item: Leftovers\n|upkeep\n|turn|56\n|c|\u2606Neutralist|sorry for being edgy\n|\n|move|p1a: Zacian|Behemoth Blade|p2a: Lugia\n|-end|p2a: Lugia|Substitute\n|move|p2a: Lugia|Roost|p2a: Lugia\n|-heal|p2a: Lugia|100\/100\n|-singleturn|p2a: Lugia|move: Roost\n|\n|upkeep\n|turn|57\n|\n|move|p1a: Zacian|Behemoth Blade|p2a: Lugia\n|-damage|p2a: Lugia|76\/100\n|move|p2a: Lugia|Substitute|p2a: Lugia\n|-start|p2a: Lugia|Substitute\n|-damage|p2a: Lugia|51\/100\n|\n|-heal|p2a: Lugia|57\/100|[from] item: Leftovers\n|upkeep\n|turn|58\n|\n|move|p1a: Zacian|Behemoth Blade|p2a: Lugia\n|-end|p2a: Lugia|Substitute\n|move|p2a: Lugia|Roost|p2a: Lugia\n|-heal|p2a: Lugia|100\/100\n|-singleturn|p2a: Lugia|move: Roost\n|\n|upkeep\n|turn|59\n|\n|switch|p2a: Giratina|Giratina|100\/100 slp\n|-ability|p2a: Giratina|Pressure\n|move|p1a: Zacian|Sacred Sword|p2a: Giratina\n|-immune|p2a: Giratina\n|\n|upkeep\n|turn|60\n|\n|move|p1a: Zacian|Psychic Fangs|p2a: Giratina\n|-damage|p2a: Giratina|73\/100 slp\n|cant|p2a: Giratina|slp\n|move|p2a: Giratina|Sleep Talk|p2a: Giratina\n|move|p2a: Giratina|Rest|p2a: Giratina|[from]Sleep Talk\n|-fail|p2a: Giratina\n|\n|-heal|p2a: Giratina|79\/100 slp|[from] item: Leftovers\n|upkeep\n|turn|61\n|\n|move|p1a: Zacian|Psychic Fangs|p2a: Giratina\n|-damage|p2a: Giratina|51\/100 slp\n|cant|p2a: Giratina|slp\n|move|p2a: Giratina|Sleep Talk|p2a: Giratina\n|move|p2a: Giratina|Will-O-Wisp|p1a: Zacian|[from]Sleep Talk\n|-status|p1a: Zacian|brn\n|\n|-heal|p2a: Giratina|58\/100 slp|[from] item: Leftovers\n|-damage|p1a: Zacian|70\/100 brn|[from] brn\n|upkeep\n|turn|62\n|\n|move|p1a: Zacian|Psychic Fangs|p2a: Giratina\n|-damage|p2a: Giratina|45\/100 slp\n|-curestatus|p2a: Giratina|slp|[msg]\n|move|p2a: Giratina|Rest|p2a: Giratina\n|-status|p2a: Giratina|slp|[from] move: Rest\n|-heal|p2a: Giratina|100\/100 slp|[silent]\n|\n|-damage|p1a: Zacian|64\/100 brn|[from] brn\n|upkeep\n|turn|63\n|\n|move|p1a: Zacian|Psychic Fangs|p2a: Giratina\n|-damage|p2a: Giratina|87\/100 slp\n|cant|p2a: Giratina|slp\n|\n|-heal|p2a: Giratina|93\/100 slp|[from] item: Leftovers\n|-damage|p1a: Zacian|57\/100 brn|[from] brn\n|upkeep\n|turn|64\n|\n|move|p1a: Zacian|Psychic Fangs|p2a: Giratina\n|-damage|p2a: Giratina|80\/100 slp\n|cant|p2a: Giratina|slp\n|\n|-heal|p2a: Giratina|86\/100 slp|[from] item: Leftovers\n|-damage|p1a: Zacian|51\/100 brn|[from] brn\n|upkeep\n|turn|65\n|\n|move|p1a: Zacian|Psychic Fangs|p2a: Giratina\n|-damage|p2a: Giratina|73\/100 slp\n|-curestatus|p2a: Giratina|slp|[msg]\n|move|p2a: Giratina|Will-O-Wisp|p1a: Zacian\n|-fail|p1a: Zacian|brn\n|\n|-heal|p2a: Giratina|79\/100|[from] item: Leftovers\n|-damage|p1a: Zacian|45\/100 brn|[from] brn\n|upkeep\n|turn|66\n|c|\u2606Neutralist|im happy that you've ruined my day\n|c|\u2606Neutralist|you've found something to do at least\n|c|\u2606Neutralist|i have nothing\n|\n|move|p1a: Zacian|Psychic Fangs|p2a: Giratina\n|-damage|p2a: Giratina|66\/100\n|move|p2a: Giratina|Will-O-Wisp|p1a: Zacian\n|-fail|p1a: Zacian|brn\n|\n|-heal|p2a: Giratina|72\/100|[from] item: Leftovers\n|-damage|p1a: Zacian|39\/100 brn|[from] brn\n|upkeep\n|turn|67\n|\n|move|p1a: Zacian|Psychic Fangs|p2a: Giratina\n|-damage|p2a: Giratina|59\/100\n|move|p2a: Giratina|Will-O-Wisp|p1a: Zacian\n|-fail|p1a: Zacian|brn\n|\n|-heal|p2a: Giratina|65\/100|[from] item: Leftovers\n|-damage|p1a: Zacian|33\/100 brn|[from] brn\n|upkeep\n|turn|68\n|\n|switch|p1a: Butterfree|Butterfree, F|27\/100 tox\n|move|p2a: Giratina|Will-O-Wisp||[still]\n|-fail|p2a: Giratina\n|\n|-heal|p2a: Giratina|71\/100|[from] item: Leftovers\n|-damage|p1a: Butterfree|21\/100 tox|[from] psn\n|upkeep\n|turn|69\n|\n|move|p1a: Butterfree|Air Slash|p2a: Giratina\n|-damage|p2a: Giratina|56\/100\n|move|p2a: Giratina|Sleep Talk||[still]\n|-fail|p2a: Giratina\n|\n|-heal|p2a: Giratina|62\/100|[from] item: Leftovers\n|-damage|p1a: Butterfree|9\/100 tox|[from] psn\n|upkeep\n|turn|70\n|\n|move|p1a: Butterfree|Air Slash|p2a: Giratina\n|-crit|p2a: Giratina\n|-damage|p2a: Giratina|41\/100\n|cant|p2a: Giratina|flinch\n|\n|-heal|p2a: Giratina|47\/100|[from] item: Leftovers\n|-damage|p1a: Butterfree|0 fnt|[from] psn\n|faint|p1a: Butterfree\n|upkeep\n|\n|switch|p1a: Zacian|Zacian-Crowned|33\/100 brn\n|-ability|p1a: Zacian|Intrepid Sword|boost\n|-boost|p1a: Zacian|atk|1\n|turn|71\n|\n|move|p1a: Zacian|Sacred Sword|p2a: Giratina\n|-immune|p2a: Giratina\n|move|p2a: Giratina|Rest|p2a: Giratina\n|-status|p2a: Giratina|slp|[from] move: Rest\n|-heal|p2a: Giratina|100\/100 slp|[silent]\n|\n|-damage|p1a: Zacian|27\/100 brn|[from] brn\n|upkeep\n|turn|72\n|\n|switch|p2a: Lugia|Lugia|100\/100\n|move|p1a: Zacian|Sacred Sword|p2a: Lugia\n|-resisted|p2a: Lugia\n|-damage|p2a: Lugia|99\/100\n|\n|-heal|p2a: Lugia|100\/100|[from] item: Leftovers\n|-damage|p1a: Zacian|20\/100 brn|[from] brn\n|upkeep\n|turn|73\n|\n|move|p1a: Zacian|Sacred Sword|p2a: Lugia\n|-resisted|p2a: Lugia\n|-damage|p2a: Lugia|99\/100\n|move|p2a: Lugia|Substitute|p2a: Lugia\n|-start|p2a: Lugia|Substitute\n|-damage|p2a: Lugia|74\/100\n|\n|-heal|p2a: Lugia|80\/100|[from] item: Leftovers\n|-damage|p1a: Zacian|14\/100 brn|[from] brn\n|upkeep\n|turn|74\n|\n|move|p1a: Zacian|Sacred Sword|p2a: Lugia\n|-resisted|p2a: Lugia\n|-activate|p2a: Lugia|move: Substitute|[damage]\n|move|p2a: Lugia|Toxic||[still]\n|-fail|p2a: Lugia\n|\n|-heal|p2a: Lugia|86\/100|[from] item: Leftovers\n|-damage|p1a: Zacian|8\/100 brn|[from] brn\n|upkeep\n|turn|75\n|\n|move|p1a: Zacian|Sacred Sword|p2a: Lugia\n|-resisted|p2a: Lugia\n|-activate|p2a: Lugia|move: Substitute|[damage]\n|move|p2a: Lugia|Toxic||[still]\n|-fail|p2a: Lugia\n|\n|-heal|p2a: Lugia|92\/100|[from] item: Leftovers\n|-damage|p1a: Zacian|2\/100 brn|[from] brn\n|upkeep\n|turn|76\n|\n|move|p1a: Zacian|Sacred Sword|p2a: Lugia\n|-resisted|p2a: Lugia\n|-activate|p2a: Lugia|move: Substitute|[damage]\n|move|p2a: Lugia|Roost|p2a: Lugia\n|-heal|p2a: Lugia|100\/100\n|-singleturn|p2a: Lugia|move: Roost\n|\n|-damage|p1a: Zacian|0 fnt|[from] brn\n|faint|p1a: Zacian\n|upkeep\n|c|\u2606Neutralist|Y A Y\n|c|\u2606yhdrslb|gg\n|c|\u2606Neutralist|GRANT ME THE SWEET RELEASE OF DEATH\n|\n|switch|p1a: Megabruh|Ditto|100\/100\n|turn|77\n|\n|move|p1a: Megabruh|Transform||[still]\n|-fail|p1a: Megabruh\n|move|p2a: Lugia|Whirlwind||[still]\n|-fail|p2a: Lugia\n|\n|upkeep\n|turn|78\n|\n|move|p1a: Megabruh|Transform||[still]\n|-fail|p1a: Megabruh\n|move|p2a: Lugia|Whirlwind||[still]\n|-fail|p2a: Lugia\n|\n|upkeep\n|turn|79\n|\n|move|p1a: Megabruh|Transform||[still]\n|-fail|p1a: Megabruh\n|move|p2a: Lugia|Whirlwind||[still]\n|-fail|p2a: Lugia\n|\n|upkeep\n|turn|80\n|c|\u2606Neutralist|dude just switch out and let me kill myself\n|c|\u2606Neutralist|i mean the ditto\n|\n|move|p1a: Megabruh|Transform||[still]\n|-fail|p1a: Megabruh\n|move|p2a: Lugia|Whirlwind||[still]\n|-fail|p2a: Lugia\n|\n|upkeep\n|turn|81\n|\n|move|p1a: Megabruh|Transform||[still]\n|-fail|p1a: Megabruh\n|move|p2a: Lugia|Whirlwind||[still]\n|-fail|p2a: Lugia\n|\n|upkeep\n|turn|82\n|c|\u2606Neutralist|dude\n|c|\u2606Neutralist|please\n|c|\u2606Neutralist|its just 1 request\n|\n|move|p1a: Megabruh|Transform||[still]\n|-fail|p1a: Megabruh\n|move|p2a: Lugia|Whirlwind||[still]\n|-fail|p2a: Lugia\n|\n|upkeep\n|turn|83\n|c|\u2606Neutralist|fine\n|c|\u2606Neutralist|im ok\n|\n|move|p1a: Megabruh|Transform||[still]\n|-fail|p1a: Megabruh\n|move|p2a: Lugia|Whirlwind||[still]\n|-fail|p2a: Lugia\n|\n|upkeep\n|turn|84\n|c|\u2606Neutralist|*starts breaking down\n|\n|move|p1a: Megabruh|Transform||[still]\n|-fail|p1a: Megabruh\n|move|p2a: Lugia|Whirlwind||[still]\n|-fail|p2a: Lugia\n|\n|upkeep\n|turn|85\n|\n|move|p1a: Megabruh|Transform||[still]\n|-fail|p1a: Megabruh\n|move|p2a: Lugia|Whirlwind||[still]\n|-fail|p2a: Lugia\n|\n|upkeep\n|turn|86\n|\n|move|p1a: Megabruh|Transform||[still]\n|-fail|p1a: Megabruh\n|move|p2a: Lugia|Whirlwind||[still]\n|-fail|p2a: Lugia\n|\n|upkeep\n|turn|87\n|\n|move|p1a: Megabruh|Transform||[still]\n|-fail|p1a: Megabruh\n|move|p2a: Lugia|Whirlwind||[still]\n|-fail|p2a: Lugia\n|\n|upkeep\n|turn|88\n|c|\u2606Neutralist|this is so happy can we get -100 likes\n|c|\u2606Neutralist|bhfyuidwb vwdfhjqm,fgeruajkcq,mweyjhmn\n|\n|move|p1a: Megabruh|Transform||[still]\n|-fail|p1a: Megabruh\n|move|p2a: Lugia|Whirlwind||[still]\n|-fail|p2a: Lugia\n|\n|upkeep\n|turn|89\n|\n|move|p1a: Megabruh|Transform||[still]\n|-fail|p1a: Megabruh\n|move|p2a: Lugia|Whirlwind||[still]\n|-fail|p2a: Lugia\n|\n|upkeep\n|turn|90\n|c|\u2606Neutralist|please laugh at me\n|c|\u2606Neutralist|i want you to feel good\n|\n|move|p1a: Megabruh|Transform||[still]\n|-fail|p1a: Megabruh\n|move|p2a: Lugia|Whirlwind||[still]\n|-fail|p2a: Lugia\n|\n|upkeep\n|turn|91\n|c|\u2606yhdrslb|pleasure me babe\n|\n|move|p1a: Megabruh|Transform||[still]\n|-fail|p1a: Megabruh\n|move|p2a: Lugia|Whirlwind||[still]\n|-fail|p2a: Lugia\n|\n|upkeep\n|turn|92\n|c|\u2606Neutralist|i cant fam\n|\n|move|p1a: Megabruh|Transform||[still]\n|-fail|p1a: Megabruh\n|move|p2a: Lugia|Whirlwind||[still]\n|-fail|p2a: Lugia\n|\n|upkeep\n|turn|93\n|\n|switch|p2a: Smeargle|Smeargle, F|100\/100\n|-activate|p1a: Megabruh|move: Struggle\n|move|p1a: Megabruh|Struggle|p2a: Smeargle\n|-damage|p2a: Smeargle|84\/100\n|-damage|p1a: Megabruh|75\/100|[from] recoil\n|\n|-ability|p2a: Smeargle|Moody|boost\n|-boost|p2a: Smeargle|spe|2\n|-unboost|p2a: Smeargle|spa|1\n|upkeep\n|turn|94\n|\n|move|p2a: Smeargle|Stealth Rock|p1a: Megabruh\n|-sidestart|p1: Neutralist|move: Stealth Rock\n|-activate|p1a: Megabruh|move: Struggle\n|move|p1a: Megabruh|Struggle|p2a: Smeargle\n|-damage|p2a: Smeargle|68\/100\n|-damage|p1a: Megabruh|50\/100|[from] recoil\n|\n|-ability|p2a: Smeargle|Moody|boost\n|-boost|p2a: Smeargle|spa|2\n|-unboost|p2a: Smeargle|def|1\n|upkeep\n|turn|95\n|c|\u2606Neutralist|i just cant\n|c|\u2606Neutralist|have a nice day\n|c|\u2606Neutralist|this is not fine for me\n|\n|move|p2a: Smeargle|Memento|p1a: Megabruh\n|-unboost|p1a: Megabruh|atk|2\n|-unboost|p1a: Megabruh|spa|2\n|faint|p2a: Smeargle\n|-activate|p1a: Megabruh|move: Struggle\n|move|p1a: Megabruh|Struggle|p2: Smeargle|[notarget]\n|-fail|p1a: Megabruh\n|\n|upkeep\n|c|\u2606Neutralist|i legit want to stop\n|c|\u2606Neutralist|reeeeeeeeeeeeeeeeeeeeeeeeeeeeeeeeeeeeeeeeeeeeeeeeee\n|\n|switch|p2a: Rayquaza|Rayquaza-Mega|81\/100\n|-weather|DeltaStream|[from] ability: Delta Stream|[of] p2a: Rayquaza\n|turn|96\n|\n|-weather|none\n|switch|p2a: Giratina|Giratina|100\/100 slp\n|-ability|p2a: Giratina|Pressure\n|-activate|p1a: Megabruh|move: Struggle\n|move|p1a: Megabruh|Struggle|p2a: Giratina\n|-damage|p2a: Giratina|99\/100 slp\n|-damage|p1a: Megabruh|25\/100|[from] recoil\n|\n|-heal|p2a: Giratina|100\/100 slp|[from] item: Leftovers\n|upkeep\n|turn|97\n|c|\u2606Neutralist|YAY FINALLY\n|c|\u2606yhdrslb|turn 97 for mcdavid\n|c|\u2606Neutralist|YEEESSSSSSSSSSSSSSS\n|c|\u2606Neutralist|AAAAAA\n|c|\u2606Neutralist|REEEEE\n|\n|-start|p2a: Giratina|Dynamax\n|-heal|p2a: Giratina|100\/100 slp|[silent]\n|cant|p2a: Giratina|slp\n|-activate|p1a: Megabruh|move: Struggle\n|move|p1a: Megabruh|Struggle|p2a: Giratina\n|-crit|p2a: Giratina\n|-damage|p2a: Giratina|97\/100 slp\n|-damage|p1a: Megabruh|0 fnt|[from] recoil\n|faint|p1a: Megabruh\n|\n|win|yhdrslb\n|c|\u2606Neutralist|GYTUDgvaeryfjbwthvrwygjr4ew6cu7nqr412t\n|raw|Neutralist's rating: 1415 &rarr; <strong>1393<\/strong><br \/>(-22 for losing)\n|raw|yhdrslb's rating: 1390 &rarr; <strong>1411<\/strong><br \/>(+21 for winning)\n|l|\u2606Neutralist\n","uploadtime":1582522109,"views":1,"p1id":"neutralist","p2id":"yhdrslb","formatid":"gen8nationaldexag","rating":1393,"private":0,"password":null}