{"id":"gen8monotype-1706961478","p1":"Itscalledfashion","p2":"Craves for Crepes","format":"gen8monotype","log":"|j|\u2606Itscalledfashion\n|j|\u2606Craves for Crepes\n|t:|1668036645\n|gametype|singles\n|player|p1|Itscalledfashion|clerk|1441\n|player|p2|Craves for Crepes|swimmerf-gen4dp|1452\n|teamsize|p1|6\n|teamsize|p2|6\n|gen|8\n|tier|[Gen 8] Monotype\n|rated|\n|rule|Same Type Clause: Pok\u00e9mon in a team must share a type\n|rule|Sleep Clause Mod: Limit one foe put to sleep\n|rule|Species Clause: Limit one of each Pok\u00e9mon\n|rule|OHKO Clause: OHKO moves are banned\n|rule|Evasion Items Clause: Evasion items are banned\n|rule|Evasion Moves Clause: Evasion moves are banned\n|rule|Endless Battle Clause: Forcing endless battles is banned\n|rule|HP Percentage Mod: HP is shown in percentages\n|rule|Dynamax Clause: You cannot dynamax\n|clearpoke\n|poke|p1|Reuniclus, M|\n|poke|p1|Hatterene, F|\n|poke|p1|Musharna, F|\n|poke|p1|Slowbro-Galar, M|\n|poke|p1|Indeedee, M|\n|poke|p1|Malamar, M|\n|poke|p2|Jirachi|\n|poke|p2|Victini|\n|poke|p2|Indeedee, M|\n|poke|p2|Tapu Lele|\n|poke|p2|Alakazam, M|\n|poke|p2|Latios, M|\n|teampreview\n|inactive|Battle timer is ON: inactive players will automatically lose when time's up. (requested by Itscalledfashion)\n|c|\u2606Craves for Crepes|gl\n|\n|t:|1668036654\n|start\n|switch|p1a: Musharna|Musharna, F|100\/100\n|switch|p2a: Tapu Lele|Tapu Lele|100\/100\n|-fieldstart|move: Psychic Terrain|[from] ability: Psychic Surge|[of] p2a: Tapu Lele\n|-activate|p1a: Musharna|ability: Forewarn|Focus Blast|[of] p2a: Tapu Lele\n|turn|1\n|c|\u2606Craves for Crepes|!dt forewarn\n|raw|<ul class=\"utilichart\"><li class=\"result\"><span class=\"col namecol\"><a href=\"https:\/\/dex.pokemonshowdown.com\/abilities\/forewarn\">Forewarn<\/a><\/span> <span class=\"col abilitydesccol\">On switch-in, this Pokemon is alerted to the foes' move with the highest power.<\/span> <\/li><li style=\"clear:both\"><\/li><\/ul>\n|raw|<font size=\"1\"><font color=\"#686868\">Gen:<\/font> 4<\/font>\n\n|c|\u2606Craves for Crepes|oh\n|\n|t:|1668036673\n|move|p2a: Tapu Lele|Taunt|p1a: Musharna\n|-start|p1a: Musharna|move: Taunt\n|cant|p1a: Musharna|move: Taunt|Trick Room\n|\n|upkeep\n|turn|2\n|\n|t:|1668036678\n|switch|p1a: Hatterene|Hatterene, F|100\/100\n|move|p2a: Tapu Lele|Moonblast|p1a: Hatterene\n|-damage|p1a: Hatterene|47\/100\n|\n|upkeep\n|turn|3\n|\n|t:|1668036685\n|switch|p1a: Musharna|Musharna, F|100\/100\n|-activate|p1a: Musharna|ability: Forewarn|Focus Blast|[of] p2a: Tapu Lele\n|move|p2a: Tapu Lele|Moonblast|p1a: Musharna\n|-damage|p1a: Musharna|71\/100\n|\n|upkeep\n|turn|4\n|\n|t:|1668036688\n|switch|p1a: Hatterene|Hatterene, F|47\/100\n|move|p2a: Tapu Lele|Taunt|p1a: Hatterene\n|move|p1a: Hatterene|Taunt|p2a: Tapu Lele|[from]ability: Magic Bounce\n|-start|p2a: Tapu Lele|move: Taunt\n|\n|upkeep\n|turn|5\n|\n|t:|1668036690\n|switch|p1a: Musharna|Musharna, F|71\/100\n|-activate|p1a: Musharna|ability: Forewarn|Focus Blast|[of] p2a: Tapu Lele\n|move|p2a: Tapu Lele|Moonblast|p1a: Musharna\n|-damage|p1a: Musharna|42\/100\n|\n|-fieldend|move: Psychic Terrain\n|upkeep\n|turn|6\n|\n|t:|1668036698\n|move|p2a: Tapu Lele|Moonblast|p1a: Musharna\n|-damage|p1a: Musharna|12\/100\n|move|p1a: Musharna|Trick Room|p1a: Musharna\n|-fieldstart|move: Trick Room|[of] p1a: Musharna\n|\n|upkeep\n|turn|7\n|-enditem|p1a: Musharna|Custap Berry|[eat]\n|-activate|p1a: Musharna|item: Custap Berry|[consumed]\n|\n|t:|1668036703\n|move|p1a: Musharna|Yawn|p2a: Tapu Lele\n|-start|p2a: Tapu Lele|move: Yawn|[of] p1a: Musharna\n|move|p2a: Tapu Lele|Moonblast|p1a: Musharna\n|-damage|p1a: Musharna|0 fnt\n|faint|p1a: Musharna\n|\n|-end|p2a: Tapu Lele|move: Taunt\n|upkeep\n|\n|t:|1668036704\n|switch|p1a: Slowbro|Slowbro-Galar, M|100\/100\n|turn|8\n|\n|t:|1668036708\n|switch|p2a: Jirachi|Jirachi|100\/100\n|move|p1a: Slowbro|Belly Drum|p1a: Slowbro\n|-damage|p1a: Slowbro|50\/100\n|-setboost|p1a: Slowbro|atk|6|[from] move: Belly Drum\n|-enditem|p1a: Slowbro|Sitrus Berry|[eat]\n|-heal|p1a: Slowbro|75\/100|[from] item: Sitrus Berry\n|\n|upkeep\n|turn|9\n|-activate|p1a: Slowbro|ability: Quick Draw\n|\n|t:|1668036719\n|switch|p2a: Latios|Latios, M|100\/100\n|move|p1a: Slowbro|Drain Punch|p2a: Latios\n|-resisted|p2a: Latios\n|-damage|p2a: Latios|33\/100\n|-heal|p1a: Slowbro|100\/100|[from] drain|[of] p2a: Latios\n|\n|upkeep\n|turn|10\n|-activate|p1a: Slowbro|ability: Quick Draw\n|\n|t:|1668036727\n|move|p1a: Slowbro|Shell Side Arm|p2a: Latios|[anim] Shell Side Arm Physical\n|-damage|p2a: Latios|0 fnt\n|-hint|Physical Shell Side Arm\n|faint|p2a: Latios\n|\n|-fieldend|move: Trick Room\n|upkeep\n|\n|t:|1668036731\n|switch|p2a: Alakazam|Alakazam, M|100\/100\n|turn|11\n|\n|t:|1668036735\n|switch|p1a: Malamar|Malamar, M|100\/100\n|move|p2a: Alakazam|Counter||[still]\n|-fail|p2a: Alakazam\n|\n|upkeep\n|turn|12\n|\n|t:|1668036744\n|move|p2a: Alakazam|Counter||[still]\n|-fail|p2a: Alakazam\n|move|p1a: Malamar|Trick Room|p1a: Malamar\n|-fieldstart|move: Trick Room|[of] p1a: Malamar\n|\n|upkeep\n|turn|13\n|\n|t:|1668036753\n|switch|p1a: Reuniclus|Reuniclus, M|100\/100\n|move|p2a: Alakazam|Counter||[still]\n|-fail|p2a: Alakazam\n|\n|upkeep\n|turn|14\n|\n|t:|1668036759\n|switch|p2a: Victini|Victini|100\/100\n|move|p1a: Reuniclus|Psychic|p2a: Victini\n|-resisted|p2a: Victini\n|-damage|p2a: Victini|66\/100\n|-unboost|p2a: Victini|spd|1\n|\n|upkeep\n|turn|15\n|\n|t:|1668036761\n|move|p1a: Reuniclus|Psychic|p2a: Victini\n|-resisted|p2a: Victini\n|-damage|p2a: Victini|9\/100\n|move|p2a: Victini|Trick|p1a: Reuniclus\n|-activate|p2a: Victini|move: Trick|[of] p1a: Reuniclus\n|-item|p1a: Reuniclus|Choice Scarf|[from] move: Trick\n|-item|p2a: Victini|Choice Specs|[from] move: Trick\n|\n|upkeep\n|turn|16\n|\n|t:|1668036768\n|switch|p2a: Jirachi|Jirachi|100\/100\n|move|p1a: Reuniclus|Psychic|p2a: Jirachi\n|-resisted|p2a: Jirachi\n|-damage|p2a: Jirachi|89\/100\n|\n|-fieldend|move: Trick Room\n|upkeep\n|turn|17\n|\n|t:|1668036776\n|switch|p1a: Malamar|Malamar, M|100\/100\n|move|p2a: Jirachi|U-turn|p1a: Malamar\n|-supereffective|p1a: Malamar\n|-crit|p1a: Malamar\n|-enditem|p1a: Malamar|Focus Sash\n|-damage|p1a: Malamar|1\/100\n|\n|t:|1668036786\n|switch|p2a: Tapu Lele|Tapu Lele|100\/100|[from]move: U-turn\n|-fieldstart|move: Psychic Terrain|[from] ability: Psychic Surge|[of] p2a: Tapu Lele\n|\n|upkeep\n|turn|18\n|\n|t:|1668036792\n|move|p2a: Tapu Lele|Moonblast|p1a: Malamar\n|-supereffective|p1a: Malamar\n|-damage|p1a: Malamar|0 fnt\n|faint|p1a: Malamar\n|\n|upkeep\n|\n|t:|1668036797\n|switch|p1a: Reuniclus|Reuniclus, M|100\/100\n|turn|19\n|\n|t:|1668036807\n|move|p2a: Tapu Lele|Moonblast|p1a: Reuniclus\n|-damage|p1a: Reuniclus|58\/100\n|-unboost|p1a: Reuniclus|spa|1\n|move|p1a: Reuniclus|Shadow Ball|p2a: Tapu Lele\n|-supereffective|p2a: Tapu Lele\n|-enditem|p2a: Tapu Lele|Kasib Berry|[eat]\n|-enditem|p2a: Tapu Lele|Kasib Berry|[weaken]\n|-damage|p2a: Tapu Lele|78\/100\n|\n|upkeep\n|turn|20\n|\n|t:|1668036814\n|switch|p1a: Slowbro|Slowbro-Galar, M|100\/100\n|move|p2a: Tapu Lele|Moonblast|p1a: Slowbro\n|-resisted|p1a: Slowbro\n|-damage|p1a: Slowbro|72\/100\n|\n|upkeep\n|turn|21\n|\n|t:|1668036824\n|switch|p1a: Reuniclus|Reuniclus, M|92\/100\n|move|p2a: Tapu Lele|Psyshock|p1a: Reuniclus\n|-resisted|p1a: Reuniclus\n|-damage|p1a: Reuniclus|63\/100\n|\n|-fieldend|move: Psychic Terrain\n|upkeep\n|turn|22\n|\n|t:|1668036828\n|switch|p2a: Indeedee|Indeedee, M|100\/100\n|-fieldstart|move: Psychic Terrain|[from] ability: Psychic Surge|[of] p2a: Indeedee\n|move|p1a: Reuniclus|Shadow Ball|p2a: Indeedee\n|-immune|p2a: Indeedee\n|\n|upkeep\n|turn|23\n|\n|t:|1668036835\n|switch|p1a: Hatterene|Hatterene, F|47\/100\n|move|p2a: Indeedee|Expanding Force|p1a: Hatterene\n|-resisted|p1a: Hatterene\n|-damage|p1a: Hatterene|1\/100\n|-enditem|p1a: Hatterene|Aguav Berry|[eat]\n|-heal|p1a: Hatterene|34\/100|[from] item: Aguav Berry\n|-damage|p2a: Indeedee|91\/100|[from] item: Life Orb\n|\n|upkeep\n|turn|24\n|\n|t:|1668036843\n|switch|p1a: Reuniclus|Reuniclus, M|96\/100\n|move|p2a: Indeedee|Expanding Force|p1a: Reuniclus\n|-resisted|p1a: Reuniclus\n|-damage|p1a: Reuniclus|52\/100\n|-damage|p2a: Indeedee|81\/100|[from] item: Life Orb\n|\n|upkeep\n|turn|25\n|\n|t:|1668036851\n|move|p2a: Indeedee|Mystical Fire|p1a: Reuniclus\n|-damage|p1a: Reuniclus|23\/100\n|-unboost|p1a: Reuniclus|spa|1\n|-damage|p2a: Indeedee|71\/100|[from] item: Life Orb\n|move|p1a: Reuniclus|Psychic|p2a: Indeedee\n|-resisted|p2a: Indeedee\n|-damage|p2a: Indeedee|41\/100\n|\n|upkeep\n|turn|26\n|-message|Itscalledfashion forfeited.\n|\n|win|Craves for Crepes\n|raw|Itscalledfashion's rating: 1441 &rarr; <strong>1422<\/strong><br \/>(-19 for losing)\n|raw|Craves for Crepes's rating: 1452 &rarr; <strong>1471<\/strong><br \/>(+19 for winning)\n|l|\u2606Itscalledfashion\n||Ladder isn't responding, score probably updated but might not have (Request timeout).\n","uploadtime":1668036884,"views":3,"p1id":"itscalledfashion","p2id":"cravesforcrepes","formatid":"gen8monotype","rating":1422,"private":0,"password":null}