{"id":"gen8ou-1108307312","p1":"Storm Zone","p2":"N30N3","format":"gen8ou","log":"|j|\u2606Storm Zone\n|j|\u2606N30N3\n|player|p1|Storm Zone|zinnia|1768\n|player|p2|N30N3|265|1816\n|teamsize|p1|6\n|teamsize|p2|6\n|gametype|singles\n|gen|8\n|tier|[Gen 8] OU\n|rated|\n|clearpoke\n|poke|p1|Aegislash, M|\n|poke|p1|Abomasnow, M|\n|poke|p1|Kyurem|\n|poke|p1|Primarina, M|\n|poke|p1|Rhyperior, M|\n|poke|p1|Rotom-Heat|\n|poke|p2|Mimikyu, F|\n|poke|p2|Hippowdon, M|\n|poke|p2|Excadrill, M|\n|poke|p2|Tyranitar, M|\n|poke|p2|Kyurem|\n|poke|p2|Ferrothorn, F|\n|rule|Sleep Clause Mod: Limit one foe put to sleep\n|rule|Species Clause: Limit one of each Pok\u00e9mon\n|rule|OHKO Clause: OHKO moves are banned\n|rule|Evasion Moves Clause: Evasion moves are banned\n|rule|Endless Battle Clause: Forcing endless battles is banned\n|rule|HP Percentage Mod: HP is shown in percentages\n|rule|Dynamax Clause: You cannot dynamax\n|teampreview\n|inactive|Battle timer is ON: inactive players will automatically lose when time's up. (requested by N30N3)\n|\n|start\n|switch|p1a: Kyotaro|Kyurem, shiny|100\/100\n|switch|p2a: Tyranitar|Tyranitar, M|100\/100\n|-ability|p1a: Kyotaro|Pressure\n|-weather|Sandstorm|[from] ability: Sand Stream|[of] p2a: Tyranitar\n|turn|1\n|j| HeavenStar\n|\n|move|p1a: Kyotaro|Focus Blast|p2a: Tyranitar\n|-supereffective|p2a: Tyranitar\n|-damage|p2a: Tyranitar|0 fnt\n|faint|p2a: Tyranitar\n|\n|-weather|Sandstorm|[upkeep]\n|-damage|p1a: Kyotaro|94\/100|[from] Sandstorm\n|upkeep\n|\n|switch|p2a: Mimikyu|Mimikyu, F|100\/100\n|turn|2\n|j| liluzispinkytoe\n|c| HeavenStar|that's gotta hurt\n|\n|switch|p1a: Phantom|Rotom-Heat, shiny|100\/100\n|move|p2a: Mimikyu|Swords Dance|p2a: Mimikyu\n|-boost|p2a: Mimikyu|atk|2\n|\n|-weather|Sandstorm|[upkeep]\n|-damage|p2a: Mimikyu|95\/100|[from] Sandstorm\n|-damage|p1a: Phantom|94\/100|[from] Sandstorm\n|upkeep\n|turn|3\n|j| Murvins\n|\n|move|p2a: Mimikyu|Swords Dance|p2a: Mimikyu\n|-boost|p2a: Mimikyu|atk|2\n|move|p1a: Phantom|Will-O-Wisp|p2a: Mimikyu\n|-status|p2a: Mimikyu|brn\n|\n|-weather|Sandstorm|[upkeep]\n|-damage|p2a: Mimikyu|89\/100 brn|[from] Sandstorm\n|-damage|p1a: Phantom|88\/100|[from] Sandstorm\n|-damage|p2a: Mimikyu|83\/100 brn|[from] brn\n|upkeep\n|turn|4\n|\n|move|p2a: Mimikyu|Swords Dance|p2a: Mimikyu\n|-boost|p2a: Mimikyu|atk|2\n|move|p1a: Phantom|Volt Switch|p2a: Mimikyu\n|-activate|p2a: Mimikyu|ability: Disguise\n|-damage|p2a: Mimikyu|83\/100 brn\n|detailschange|p2a: Mimikyu|Mimikyu-Busted, F\n|-damage|p2a: Mimikyu|70\/100 brn|[from] pokemon: Mimikyu-Busted\n|\n|switch|p1a: Mudo|Rhyperior, M|100\/100|[from]move: Volt Switch\n|\n|-weather|Sandstorm|[upkeep]\n|-damage|p2a: Mimikyu|64\/100 brn|[from] Sandstorm\n|-damage|p2a: Mimikyu|58\/100 brn|[from] brn\n|upkeep\n|turn|5\n|\n|move|p2a: Mimikyu|Drain Punch|p1a: Mudo\n|-supereffective|p1a: Mudo\n|-damage|p1a: Mudo|61\/100\n|-heal|p2a: Mimikyu|91\/100 brn|[from] drain|[of] p1a: Mudo\n|-damage|p2a: Mimikyu|81\/100 brn|[from] item: Life Orb\n|move|p1a: Mudo|Earthquake|p2a: Mimikyu\n|-damage|p2a: Mimikyu|0 fnt\n|faint|p2a: Mimikyu\n|\n|-weather|none\n|-heal|p1a: Mudo|67\/100|[from] item: Leftovers\n|upkeep\n|\n|switch|p2a: Kyurem|Kyurem|100\/100\n|-ability|p2a: Kyurem|Pressure\n|turn|6\n|\n|switch|p1a: Alexia|Primarina, M|100\/100\n|move|p2a: Kyurem|Ice Beam|p1a: Alexia\n|-resisted|p1a: Alexia\n|-damage|p1a: Alexia|69\/100\n|-status|p1a: Alexia|frz\n|\n|-heal|p1a: Alexia|75\/100 frz|[from] item: Leftovers\n|upkeep\n|turn|7\n|\n|switch|p2a: Ferrothorn|Ferrothorn, F|100\/100\n|cant|p1a: Alexia|frz\n|\n|-heal|p1a: Alexia|81\/100 frz|[from] item: Leftovers\n|upkeep\n|turn|8\n|\n|switch|p1a: Phantom|Rotom-Heat, shiny|88\/100\n|move|p2a: Ferrothorn|Spikes|p1a: Phantom\n|-sidestart|p1: Storm Zone|Spikes\n|\n|upkeep\n|turn|9\n|\n|switch|p2a: Hippowdon|Hippowdon, M|100\/100\n|-weather|Sandstorm|[from] ability: Sand Stream|[of] p2a: Hippowdon\n|move|p1a: Phantom|Overheat|p2a: Hippowdon\n|-damage|p2a: Hippowdon|54\/100\n|-unboost|p1a: Phantom|spa|2\n|\n|-weather|Sandstorm|[upkeep]\n|-damage|p1a: Phantom|82\/100|[from] Sandstorm\n|upkeep\n|turn|10\n|\n|move|p1a: Phantom|Will-O-Wisp|p2a: Hippowdon\n|-status|p2a: Hippowdon|brn\n|move|p2a: Hippowdon|Stealth Rock|p1a: Phantom\n|-sidestart|p1: Storm Zone|move: Stealth Rock\n|\n|-weather|Sandstorm|[upkeep]\n|-damage|p1a: Phantom|76\/100|[from] Sandstorm\n|-damage|p2a: Hippowdon|48\/100 brn|[from] brn\n|upkeep\n|turn|11\n|\n|move|p1a: Phantom|Defog|p2a: Hippowdon\n|-unboost|p2a: Hippowdon|evasion|1\n|-sideend|p1: Storm Zone|Spikes|[from] move: Defog|[of] p1a: Phantom\n|-sideend|p1: Storm Zone|Stealth Rock|[from] move: Defog|[of] p1a: Phantom\n|move|p2a: Hippowdon|Slack Off|p2a: Hippowdon\n|-heal|p2a: Hippowdon|98\/100 brn\n|\n|-weather|Sandstorm|[upkeep]\n|-damage|p1a: Phantom|70\/100|[from] Sandstorm\n|-damage|p2a: Hippowdon|92\/100 brn|[from] brn\n|upkeep\n|turn|12\n|\n|switch|p1a: Kyotaro|Kyurem, shiny|94\/100\n|-ability|p1a: Kyotaro|Pressure\n|move|p2a: Hippowdon|Stealth Rock|p1a: Kyotaro\n|-sidestart|p1: Storm Zone|move: Stealth Rock\n|\n|-weather|Sandstorm|[upkeep]\n|-damage|p1a: Kyotaro|88\/100|[from] Sandstorm\n|-damage|p2a: Hippowdon|85\/100 brn|[from] brn\n|upkeep\n|turn|13\n|\n|switch|p2a: Kyurem|Kyurem|100\/100\n|-ability|p2a: Kyurem|Pressure\n|move|p1a: Kyotaro|Freeze-Dry|p2a: Kyurem\n|-damage|p2a: Kyurem|64\/100\n|\n|-weather|Sandstorm|[upkeep]\n|-damage|p1a: Kyotaro|82\/100|[from] Sandstorm\n|-damage|p2a: Kyurem|58\/100|[from] Sandstorm\n|upkeep\n|turn|14\n|\n|switch|p1a: Alexia|Primarina, M|81\/100 frz\n|-damage|p1a: Alexia|69\/100 frz|[from] Stealth Rock\n|move|p2a: Kyurem|Ice Beam|p1a: Alexia\n|-resisted|p1a: Alexia\n|-damage|p1a: Alexia|32\/100 frz\n|\n|-weather|Sandstorm|[upkeep]\n|-damage|p2a: Kyurem|51\/100|[from] Sandstorm\n|-damage|p1a: Alexia|26\/100 frz|[from] Sandstorm\n|-heal|p1a: Alexia|32\/100 frz|[from] item: Leftovers\n|upkeep\n|turn|15\n|j| general_newb\n|\n|move|p2a: Kyurem|Ice Beam|p1a: Alexia\n|-resisted|p1a: Alexia\n|-damage|p1a: Alexia|0 fnt\n|faint|p1a: Alexia\n|\n|-weather|Sandstorm|[upkeep]\n|-damage|p2a: Kyurem|45\/100|[from] Sandstorm\n|upkeep\n|\n|switch|p1a: Switchblade|Aegislash, M|100\/100\n|-damage|p1a: Switchblade|94\/100|[from] Stealth Rock\n|turn|16\n|j| 6 Casualties\n|\n|switch|p2a: Ferrothorn|Ferrothorn, F|100\/100\n|-formechange|p1a: Switchblade|Aegislash-Blade||[from] ability: Stance Change\n|move|p1a: Switchblade|Shadow Ball|p2a: Ferrothorn\n|-damage|p2a: Ferrothorn|73\/100\n|-unboost|p2a: Ferrothorn|spd|1\n|\n|-weather|none\n|-heal|p1a: Switchblade|100\/100|[from] item: Leftovers\n|-heal|p2a: Ferrothorn|79\/100|[from] item: Leftovers\n|upkeep\n|turn|17\n|\n|move|p1a: Switchblade|Substitute|p1a: Switchblade\n|-start|p1a: Switchblade|Substitute\n|-damage|p1a: Switchblade|75\/100\n|move|p2a: Ferrothorn|Knock Off|p1a: Switchblade\n|-supereffective|p1a: Switchblade\n|-end|p1a: Switchblade|Substitute\n|\n|-heal|p1a: Switchblade|82\/100|[from] item: Leftovers\n|-heal|p2a: Ferrothorn|85\/100|[from] item: Leftovers\n|upkeep\n|turn|18\n|\n|move|p1a: Switchblade|Substitute|p1a: Switchblade\n|-start|p1a: Switchblade|Substitute\n|-damage|p1a: Switchblade|57\/100\n|move|p2a: Ferrothorn|Knock Off|p1a: Switchblade\n|-supereffective|p1a: Switchblade\n|-end|p1a: Switchblade|Substitute\n|\n|-heal|p1a: Switchblade|63\/100|[from] item: Leftovers\n|-heal|p2a: Ferrothorn|92\/100|[from] item: Leftovers\n|upkeep\n|turn|19\n|\n|-formechange|p1a: Switchblade|Aegislash||[from] ability: Stance Change\n|move|p1a: Switchblade|King's Shield|p1a: Switchblade\n|-singleturn|p1a: Switchblade|Protect\n|move|p2a: Ferrothorn|Knock Off|p1a: Switchblade\n|-activate|p1a: Switchblade|move: Protect\n|-unboost|p2a: Ferrothorn|atk|1\n|\n|-heal|p1a: Switchblade|69\/100|[from] item: Leftovers\n|-heal|p2a: Ferrothorn|98\/100|[from] item: Leftovers\n|upkeep\n|turn|20\n|\n|switch|p2a: Hippowdon|Hippowdon, M|85\/100 brn\n|-weather|Sandstorm|[from] ability: Sand Stream|[of] p2a: Hippowdon\n|move|p1a: Switchblade|Substitute|p1a: Switchblade\n|-start|p1a: Switchblade|Substitute\n|-damage|p1a: Switchblade|44\/100\n|\n|-weather|Sandstorm|[upkeep]\n|-heal|p1a: Switchblade|50\/100|[from] item: Leftovers\n|-damage|p2a: Hippowdon|79\/100 brn|[from] brn\n|upkeep\n|turn|21\n|l| general_newb\n|\n|-formechange|p1a: Switchblade|Aegislash-Blade||[from] ability: Stance Change\n|move|p1a: Switchblade|Shadow Ball|p2a: Hippowdon\n|-damage|p2a: Hippowdon|46\/100 brn\n|move|p2a: Hippowdon|Whirlwind|p1a: Switchblade\n|drag|p1a: Phantom|Rotom-Heat, shiny|70\/100\n|\n|-weather|Sandstorm|[upkeep]\n|-damage|p1a: Phantom|64\/100|[from] Sandstorm\n|-damage|p2a: Hippowdon|40\/100 brn|[from] brn\n|upkeep\n|turn|22\n|\n|switch|p2a: Excadrill|Excadrill, M|100\/100\n|move|p1a: Phantom|Overheat|p2a: Excadrill|[miss]\n|-miss|p1a: Phantom|p2a: Excadrill\n|\n|-weather|Sandstorm|[upkeep]\n|-damage|p1a: Phantom|57\/100|[from] Sandstorm\n|upkeep\n|turn|23\n|inactive|Storm Zone has 120 seconds left.\n|c| 6 Casualties|Ouch\n|c| 6 Casualties|that miss stings a little\n|inactive|Storm Zone has 90 seconds left.\n|\n|move|p2a: Excadrill|Rock Slide|p1a: Phantom|[miss]\n|-miss|p2a: Excadrill|p1a: Phantom\n|move|p1a: Phantom|Overheat|p2a: Excadrill\n|-supereffective|p2a: Excadrill\n|-damage|p2a: Excadrill|0 fnt\n|-unboost|p1a: Phantom|spa|2\n|faint|p2a: Excadrill\n|\n|-weather|Sandstorm|[upkeep]\n|-damage|p1a: Phantom|51\/100|[from] Sandstorm\n|upkeep\n|c|\u2606Storm Zone|but i can dodge too\n|c|\u2606Storm Zone|not him alone\n|\n|switch|p2a: Kyurem|Kyurem|45\/100\n|-ability|p2a: Kyurem|Pressure\n|turn|24\n|c|\u2606Storm Zone|can train his pokemon\n|c| 6 Casualties|Damn\n|-message|N30N3 forfeited.\n|\n|win|Storm Zone\n|l|\u2606N30N3\n|raw|Storm Zone's rating: 1751 &rarr; <strong>1775<\/strong><br \/>(+24 for winning)\n|raw|N30N3's rating: 1817 &rarr; <strong>1793<\/strong><br \/>(-24 for losing)\n|l| Murvins\n|l|\u2606Storm Zone\n|l| 6 Casualties\n","uploadtime":1588565026,"views":253,"p1id":"stormzone","p2id":"n30n3","formatid":"gen8ou","rating":1775,"private":0,"password":null}