{"id":"gen8ou-1228087249","p1":"X-Wing Fighter","p2":"Substantial flow","format":"gen8ou","log":"|j|\u2606X-Wing Fighter\n|j|\u2606Substantial flow\n|t:|1605919237\n|player|p1|X-Wing Fighter|hilbert|\n|player|p2|Substantial flow|169|\n|teamsize|p1|6\n|teamsize|p2|6\n|gametype|singles\n|gen|8\n|tier|[Gen 8] OU\n|rated|Tournament battle\n|clearpoke\n|poke|p1|Magearna|\n|poke|p1|Slowking, M|\n|poke|p1|Urshifu-*, F|\n|poke|p1|Cinderace, F|\n|poke|p1|Garchomp, F|\n|poke|p1|Zapdos|\n|poke|p2|Cinderace, F|\n|poke|p2|Tapu Fini|\n|poke|p2|Corviknight, F|\n|poke|p2|Swampert, M|\n|poke|p2|Slowbro-Galar, F|\n|poke|p2|Weavile, F|\n|rule|Sleep Clause Mod: Limit one foe put to sleep\n|rule|Species Clause: Limit one of each Pok\u00e9mon\n|rule|OHKO Clause: OHKO moves are banned\n|rule|Evasion Moves Clause: Evasion moves are banned\n|rule|Endless Battle Clause: Forcing endless battles is banned\n|rule|HP Percentage Mod: HP is shown in percentages\n|rule|Dynamax Clause: You cannot dynamax\n|teampreview\n|j| lTrainerRedll\n|j| internetharasser\n|j| ppev\n|j| hipster garbage\n|j| jojoreference4444\n|c|\u2606X-Wing Fighter|gl hf\n|l| hipster garbage\n|j| Impotent Axel\n|c|\u2606Substantial flow|U2!\n|j| FATASS PEX\n|j| X-Art 91\n|\n|t:|1605919265\n|start\n|switch|p1a: Urshifu|Urshifu, F|100\/100\n|switch|p2a: Weavile|Weavile, F|100\/100\n|-ability|p2a: Weavile|Pressure\n|turn|1\n|l| FATASS PEX\n|\n|t:|1605919285\n|switch|p2a: Tapu Fini|Tapu Fini|100\/100\n|-fieldstart|move: Misty Terrain|[from] ability: Misty Surge|[of] p2a: Tapu Fini\n|move|p1a: Urshifu|Close Combat|p2a: Tapu Fini\n|-resisted|p2a: Tapu Fini\n|-damage|p2a: Tapu Fini|63\/100\n|-unboost|p1a: Urshifu|def|1\n|-unboost|p1a: Urshifu|spd|1\n|\n|-heal|p2a: Tapu Fini|69\/100|[from] item: Leftovers\n|upkeep\n|turn|2\n|\n|t:|1605919294\n|switch|p1a: Cinderace|Cinderace, F|100\/100\n|move|p2a: Tapu Fini|Nature's Madness|p1a: Cinderace\n|-damage|p1a: Cinderace|51\/100\n|\n|-heal|p2a: Tapu Fini|75\/100|[from] item: Leftovers\n|upkeep\n|turn|3\n|j| HeadxRattle\n|\n|t:|1605919303\n|switch|p2a: Swampert|Swampert, M|100\/100\n|move|p1a: Cinderace|Gunk Shot|p2a: Swampert\n|-start|p1a: Cinderace|typechange|Poison|[from] ability: Libero\n|-resisted|p2a: Swampert\n|-damage|p2a: Swampert|73\/100\n|\n|-heal|p2a: Swampert|79\/100|[from] item: Leftovers\n|upkeep\n|turn|4\n|\n|t:|1605919307\n|switch|p1a: Urshifu|Urshifu, F|100\/100\n|move|p2a: Swampert|Stealth Rock|p1a: Urshifu\n|-sidestart|p1: X-Wing Fighter|move: Stealth Rock\n|\n|-heal|p2a: Swampert|86\/100|[from] item: Leftovers\n|upkeep\n|turn|5\n|j| epsilon_xd\n|\n|t:|1605919321\n|switch|p2a: Tapu Fini|Tapu Fini|75\/100\n|move|p1a: Urshifu|Wicked Blow|p2a: Tapu Fini\n|-resisted|p2a: Tapu Fini\n|-crit|p2a: Tapu Fini\n|-damage|p2a: Tapu Fini|30\/100\n|\n|-heal|p2a: Tapu Fini|36\/100|[from] item: Leftovers\n|-fieldend|Misty Terrain\n|upkeep\n|turn|6\n|j| iutgh\n|j| AgAzumarill\n|l| iutgh\n|l| jojoreference4444\n|c| lTrainerRedll|If only it was scarf Fini\n|j| iutgh\n|\n|t:|1605919341\n|move|p1a: Urshifu|Wicked Blow|p2a: Tapu Fini\n|-resisted|p2a: Tapu Fini\n|-crit|p2a: Tapu Fini\n|-damage|p2a: Tapu Fini|0 fnt\n|faint|p2a: Tapu Fini\n|\n|upkeep\n|l| iutgh\n|l| X-Art 91\n|c| ppev|not even banded?\n|c| lTrainerRedll|It is\n|j| manatte\n|\n|t:|1605919372\n|switch|p2a: Cinderace|Cinderace, F|100\/100\n|turn|7\n|j|@gomikyu\n|c| lTrainerRedll|With that much damage it's banded I believe\n|j| clapfest\n|\n|t:|1605919383\n|switch|p1a: Garchomp|Garchomp, F|100\/100\n|-damage|p1a: Garchomp|94\/100|[from] Stealth Rock\n|move|p2a: Cinderace|Low Kick|p1a: Garchomp\n|-start|p2a: Cinderace|typechange|Fighting|[from] ability: Libero\n|-damage|p1a: Garchomp|67\/100\n|-damage|p2a: Cinderace|88\/100|[from] ability: Rough Skin|[of] p1a: Garchomp\n|-damage|p2a: Cinderace|72\/100|[from] item: Rocky Helmet|[of] p1a: Garchomp\n|\n|upkeep\n|turn|8\n|c| ppev|oh yeah\n|c| lTrainerRedll|Low kick\n|j| cesles\n|\n|t:|1605919400\n|switch|p2a: Corviknight|Corviknight, F|100\/100\n|-ability|p2a: Corviknight|Pressure\n|move|p1a: Garchomp|Earthquake|p2a: Corviknight\n|-immune|p2a: Corviknight\n|\n|upkeep\n|turn|9\n|c|\u2606Substantial flow|Low kick is for protect Heatran\n|c|\u2606X-Wing Fighter|oh\n|c| lTrainerRedll|Ah okay.\n|c| manatte|2020 still no dd on garchomp\n|\n|t:|1605919430\n|switch|p1a: Slowking|Slowking, M|100\/100\n|move|p2a: Corviknight|U-turn|p1a: Slowking\n|-supereffective|p1a: Slowking\n|-damage|p1a: Slowking|78\/100\n|c| lTrainerRedll|Garchomp doesn't need dd\n|\n|t:|1605919437\n|switch|p2a: Weavile|Weavile, F|100\/100|[from]move: U-turn\n|-ability|p2a: Weavile|Pressure\n|\n|upkeep\n|turn|10\n|\n|t:|1605919447\n|switch|p1a: Urshifu|Urshifu, F|100\/100\n|-damage|p1a: Urshifu|94\/100|[from] Stealth Rock\n|move|p2a: Weavile|Knock Off|p1a: Urshifu\n|-resisted|p1a: Urshifu\n|-damage|p1a: Urshifu|76\/100\n|-enditem|p1a: Urshifu|Choice Band|[from] move: Knock Off|[of] p2a: Weavile\n|\n|upkeep\n|turn|11\n|l|@gomikyu\n|c| ppev|oh yeah or else you crash\n|c| manatte|why not?\/\n|\n|t:|1605919462\n|switch|p2a: Corviknight|Corviknight, F|100\/100\n|-ability|p2a: Corviknight|Pressure\n|move|p1a: Urshifu|Close Combat|p2a: Corviknight\n|-damage|p2a: Corviknight|62\/100\n|-unboost|p1a: Urshifu|def|1\n|-unboost|p1a: Urshifu|spd|1\n|-damage|p1a: Urshifu|59\/100|[from] item: Rocky Helmet|[of] p2a: Corviknight\n|\n|upkeep\n|turn|12\n|\n|t:|1605919468\n|switch|p1a: Cinderace|Cinderace, F|51\/100\n|move|p2a: Corviknight|Roost|p2a: Corviknight\n|-heal|p2a: Corviknight|100\/100\n|-singleturn|p2a: Corviknight|move: Roost\n|\n|upkeep\n|turn|13\n|c| lTrainerRedll|But why would you do that\n|\n|t:|1605919474\n|move|p1a: Cinderace|Pyro Ball|p2a: Corviknight\n|-supereffective|p2a: Corviknight\n|-damage|p2a: Corviknight|29\/100\n|move|p2a: Corviknight|U-turn|p1a: Cinderace\n|-resisted|p1a: Cinderace\n|-damage|p1a: Cinderace|40\/100\n|c| lTrainerRedll|When you have a whole swampert to scout\n|\n|t:|1605919476\n|switch|p2a: Weavile|Weavile, F|100\/100|[from]move: U-turn\n|-ability|p2a: Weavile|Pressure\n|\n|upkeep\n|turn|14\n|c| lTrainerRedll|Personally id keep high jump since swampert can scout for protect\n|l| cesles\n|\n|t:|1605919509\n|switch|p1a: Magearna|Magearna|100\/100\n|-damage|p1a: Magearna|94\/100|[from] Stealth Rock\n|move|p2a: Weavile|Triple Axel|p1a: Magearna\n|-resisted|p1a: Magearna\n|-damage|p1a: Magearna|87\/100\n|-hitcount|p1a: Magearna|1\n|\n|upkeep\n|turn|15\n|j| test#275\n|\n|t:|1605919522\n|switch|p2a: Swampert|Swampert, M|86\/100\n|move|p1a: Magearna|Fleur Cannon|p2a: Swampert\n|-crit|p2a: Swampert\n|-damage|p2a: Swampert|8\/100\n|-unboost|p1a: Magearna|spa|2\n|\n|-heal|p2a: Swampert|14\/100|[from] item: Leftovers\n|upkeep\n|turn|16\n|\n|t:|1605919534\n|move|p1a: Magearna|Fleur Cannon|p2a: Swampert\n|-damage|p2a: Swampert|0 fnt\n|-unboost|p1a: Magearna|spa|2\n|faint|p2a: Swampert\n|-ability|p1a: Magearna|Soul-Heart|boost\n|-boost|p1a: Magearna|spa|1\n|\n|upkeep\n|\n|t:|1605919543\n|switch|p2a: Cinderace|Cinderace, F|72\/100\n|turn|17\n|\n|t:|1605919552\n|switch|p1a: Garchomp|Garchomp, F|67\/100\n|-damage|p1a: Garchomp|61\/100|[from] Stealth Rock\n|move|p2a: Cinderace|Gunk Shot|p1a: Garchomp\n|-start|p2a: Cinderace|typechange|Poison|[from] ability: Libero\n|-resisted|p1a: Garchomp\n|-damage|p1a: Garchomp|40\/100\n|\n|upkeep\n|turn|18\n|j|+NixHex\n|\n|t:|1605919577\n|switch|p2a: Corviknight|Corviknight, F|29\/100\n|-ability|p2a: Corviknight|Pressure\n|move|p1a: Garchomp|Fire Blast|p2a: Corviknight\n|-supereffective|p2a: Corviknight\n|-damage|p2a: Corviknight|0 fnt\n|faint|p2a: Corviknight\n|\n|upkeep\n|\n|t:|1605919587\n|switch|p2a: Weavile|Weavile, F|100\/100\n|-ability|p2a: Weavile|Pressure\n|turn|19\n|\n|t:|1605919595\n|switch|p1a: Urshifu|Urshifu, F|59\/100\n|-damage|p1a: Urshifu|53\/100|[from] Stealth Rock\n|move|p2a: Weavile|Knock Off|p1a: Urshifu\n|-resisted|p1a: Urshifu\n|-damage|p1a: Urshifu|41\/100\n|\n|upkeep\n|turn|20\n|c|\u2606Substantial flow|I is looking tragic lo\n|c|\u2606Substantial flow|*lol\n|c| lTrainerRedll|I'd switch in to garchomp just to flex\n|\n|t:|1605919629\n|switch|p2a: Megaman|Slowbro-Galar, F|100\/100\n|switch|p1a: Magearna|Magearna|87\/100\n|-damage|p1a: Magearna|81\/100|[from] Stealth Rock\n|\n|upkeep\n|turn|21\n|\n|t:|1605919650\n|switch|p2a: Cinderace|Cinderace, F|72\/100\n|move|p1a: Magearna|Volt Switch|p2a: Cinderace\n|-damage|p2a: Cinderace|30\/100\n|c|+NixHex|wow g-bro really is a lot like megaman, never made the connection before\n|l| manatte\n|\n|t:|1605919660\n|switch|p1a: Garchomp|Garchomp, F|40\/100|[from]move: Volt Switch\n|-damage|p1a: Garchomp|34\/100|[from] Stealth Rock\n|\n|upkeep\n|turn|22\n|l| ppev\n|c|\u2606Substantial flow|I really wish i had HBK rn\n|c|\u2606Substantial flow|HJK\n|\n|t:|1605919693\n|move|p2a: Cinderace|Low Kick|p1a: Garchomp\n|-start|p2a: Cinderace|typechange|Fighting|[from] ability: Libero\n|-damage|p1a: Garchomp|8\/100\n|-damage|p2a: Cinderace|18\/100|[from] ability: Rough Skin|[of] p1a: Garchomp\n|-damage|p2a: Cinderace|1\/100|[from] item: Rocky Helmet|[of] p1a: Garchomp\n|move|p1a: Garchomp|Earthquake|p2a: Cinderace\n|-damage|p2a: Cinderace|0 fnt\n|faint|p2a: Cinderace\n|\n|upkeep\n|c|\u2606X-Wing Fighter|feels bad\n|\n|t:|1605919702\n|switch|p2a: Weavile|Weavile, F|100\/100\n|-ability|p2a: Weavile|Pressure\n|turn|23\n|\n|t:|1605919708\n|switch|p1a: Magearna|Magearna|81\/100\n|-damage|p1a: Magearna|75\/100|[from] Stealth Rock\n|move|p2a: Weavile|Triple Axel|p1a: Magearna\n|-resisted|p1a: Magearna\n|-crit|p1a: Magearna\n|-damage|p1a: Magearna|63\/100\n|-resisted|p1a: Magearna\n|-damage|p1a: Magearna|49\/100\n|-resisted|p1a: Magearna\n|-damage|p1a: Magearna|28\/100\n|-hitcount|p1a: Magearna|3\n|\n|upkeep\n|turn|24\n|\n|t:|1605919727\n|move|p2a: Weavile|Triple Axel|p1a: Magearna\n|-resisted|p1a: Magearna\n|-damage|p1a: Magearna|22\/100\n|-resisted|p1a: Magearna\n|-damage|p1a: Magearna|8\/100\n|-resisted|p1a: Magearna\n|-damage|p1a: Magearna|0 fnt\n|-hitcount|p1a: Magearna|3\n|faint|p1a: Magearna\n|\n|upkeep\n|\n|t:|1605919741\n|switch|p1a: Slowking|Slowking, M|100\/100\n|turn|25\n|c| lTrainerRedll|Hold on...\n|\n|t:|1605919744\n|switch|p2a: Megaman|Slowbro-Galar, F|100\/100\n|switch|p1a: Garchomp|Garchomp, F|8\/100\n|-damage|p1a: Garchomp|2\/100|[from] Stealth Rock\n|\n|upkeep\n|turn|26\n|c| lTrainerRedll|Can weavile sweep\n|\n|t:|1605919752\n|move|p1a: Garchomp|Earthquake|p2a: Megaman\n|-supereffective|p2a: Megaman\n|-damage|p2a: Megaman|19\/100\n|move|p2a: Megaman|Psychic|p1a: Garchomp\n|-damage|p1a: Garchomp|0 fnt\n|faint|p1a: Garchomp\n|\n|upkeep\n|\n|t:|1605919764\n|switch|p1a: Zapdos|Zapdos|100\/100\n|turn|27\n|\n|t:|1605919767\n|move|p1a: Zapdos|Volt Switch|p2a: Megaman\n|-damage|p2a: Megaman|0 fnt\n|faint|p2a: Megaman\n|j| Delta L-Dragapult\n|\n|t:|1605919775\n|switch|p1a: Urshifu|Urshifu, F|41\/100|[from]move: Volt Switch\n|-damage|p1a: Urshifu|35\/100|[from] Stealth Rock\n|\n|upkeep\n|\n|t:|1605919780\n|switch|p2a: Weavile|Weavile, F|100\/100\n|-ability|p2a: Weavile|Pressure\n|turn|28\n|\n|t:|1605919784\n|switch|p1a: Zapdos|Zapdos|100\/100\n|move|p2a: Weavile|Triple Axel|p1a: Zapdos\n|-supereffective|p1a: Zapdos\n|-damage|p1a: Zapdos|77\/100\n|-supereffective|p1a: Zapdos\n|-damage|p1a: Zapdos|30\/100\n|-status|p2a: Weavile|par|[from] ability: Static|[of] p1a: Zapdos\n|-hitcount|p1a: Zapdos|2\n|\n|upkeep\n|turn|29\n|c|\u2606Substantial flow|That game\n|c|+NixHex|nope\n|c|\u2606X-Wing Fighter|yup\n|c| lTrainerRedll|Welp\n|j| LatiGOD\n|c|\u2606X-Wing Fighter|thats my para\n|c|\u2606Substantial flow|gg fam\n|c|\u2606X-Wing Fighter|gg bro\n|\n|t:|1605919807\n|move|p1a: Zapdos|Volt Switch|p2a: Weavile\n|-damage|p2a: Weavile|58\/100 par\n|l| Impotent Axel\n|\n|t:|1605919813\n|switch|p1a: Slowking|Slowking, M|100\/100|[from]move: Volt Switch\n|move|p2a: Weavile|Triple Axel|p1a: Slowking\n|-resisted|p1a: Slowking\n|-damage|p1a: Slowking|94\/100\n|-resisted|p1a: Slowking\n|-crit|p1a: Slowking\n|-damage|p1a: Slowking|75\/100\n|-hitcount|p1a: Slowking|2\n|\n|upkeep\n|turn|30\n|-message|Substantial flow forfeited.\n|\n|win|X-Wing Fighter\n","uploadtime":1605919818,"views":13,"p1id":"xwingfighter","p2id":"substantialflow","formatid":"gen8ou","rating":0,"private":0,"password":null}