{"id":"gen8ou-1118333187","p1":"Richshit","p2":"Burnt Bright","format":"gen8ou","log":"|j|\u2606Richshit\n|j|\u2606Burnt Bright\n|player|p1|Richshit|101|1755\n|player|p2|Burnt Bright|1|1766\n|teamsize|p1|6\n|teamsize|p2|6\n|gametype|singles\n|gen|8\n|tier|[Gen 8] OU\n|rated|\n|html|<div class=\"broadcast-blue\"><strong>OU is currently suspecting Dracovish! For information on how to participate check out the <a href=\"https:\/\/www.smogon.com\/forums\/threads\/3664521\/\">suspect thread<\/a>.<\/strong><\/div>\n|clearpoke\n|poke|p1|Rhyperior, M|\n|poke|p1|Mandibuzz, F|\n|poke|p1|Ferrothorn, M|\n|poke|p1|Zeraora|\n|poke|p1|Dragapult, M|\n|poke|p1|Gengar, M|\n|poke|p2|Zeraora|\n|poke|p2|Aegislash, M|\n|poke|p2|Seismitoad, F|\n|poke|p2|Mandibuzz, F|\n|poke|p2|Kommo-o, F|\n|poke|p2|Chandelure, M|\n|rule|Sleep Clause Mod: Limit one foe put to sleep\n|rule|Species Clause: Limit one of each Pok\u00e9mon\n|rule|OHKO Clause: OHKO moves are banned\n|rule|Evasion Moves Clause: Evasion moves are banned\n|rule|Endless Battle Clause: Forcing endless battles is banned\n|rule|HP Percentage Mod: HP is shown in percentages\n|rule|Dynamax Clause: You cannot dynamax\n|teampreview\n|\n|start\n|switch|p1a: Dragapult|Dragapult, M|100\/100\n|switch|p2a: Chandelure|Chandelure, M|100\/100\n|turn|1\n|\n|switch|p2a: Mandibuzz|Mandibuzz, F|100\/100\n|move|p1a: Dragapult|U-turn|p2a: Mandibuzz\n|-damage|p2a: Mandibuzz|88\/100\n|\n|switch|p1a: Ferrothorn|Ferrothorn, M|100\/100|[from]move: U-turn\n|\n|upkeep\n|turn|2\n|\n|switch|p2a: Chandelure|Chandelure, M|100\/100\n|move|p1a: Ferrothorn|Stealth Rock|p2a: Chandelure\n|-sidestart|p2: Burnt Bright|move: Stealth Rock\n|\n|upkeep\n|turn|3\n|\n|switch|p1a: Mandibuzz|Mandibuzz, F|100\/100\n|move|p2a: Chandelure|Flamethrower|p1a: Mandibuzz\n|-damage|p1a: Mandibuzz|53\/100\n|\n|upkeep\n|turn|4\n|\n|switch|p2a: Mandibuzz|Mandibuzz, F|88\/100\n|move|p1a: Mandibuzz|Roost|p1a: Mandibuzz\n|-heal|p1a: Mandibuzz|100\/100\n|-singleturn|p1a: Mandibuzz|move: Roost\n|\n|upkeep\n|turn|5\n|\n|move|p2a: Mandibuzz|Defog|p1a: Mandibuzz\n|-unboost|p1a: Mandibuzz|evasion|1\n|-sideend|p2: Burnt Bright|Stealth Rock|[from] move: Defog|[of] p2a: Mandibuzz\n|move|p1a: Mandibuzz|Toxic|p2a: Mandibuzz|[miss]\n|-miss|p1a: Mandibuzz|p2a: Mandibuzz\n|\n|upkeep\n|turn|6\n|\n|move|p2a: Mandibuzz|U-turn|p1a: Mandibuzz\n|-damage|p1a: Mandibuzz|92\/100\n|j| HeavenStar\n|\n|switch|p2a: Chandelure|Chandelure, M|100\/100|[from]move: U-turn\n|move|p1a: Mandibuzz|Toxic|p2a: Chandelure\n|-status|p2a: Chandelure|tox\n|\n|-damage|p2a: Chandelure|94\/100 tox|[from] psn\n|upkeep\n|turn|7\n|\n|move|p2a: Chandelure|Trick|p1a: Mandibuzz\n|-activate|p2a: Chandelure|move: Trick|[of] p1a: Mandibuzz\n|-item|p1a: Mandibuzz|Choice Specs|[from] move: Trick\n|-item|p2a: Chandelure|Heavy-Duty Boots|[from] move: Trick\n|move|p1a: Mandibuzz|Roost|p1a: Mandibuzz\n|-heal|p1a: Mandibuzz|100\/100\n|-singleturn|p1a: Mandibuzz|move: Roost\n|\n|-damage|p2a: Chandelure|82\/100 tox|[from] psn\n|upkeep\n|turn|8\n|\n|move|p2a: Chandelure|Shadow Ball|p1a: Mandibuzz\n|-resisted|p1a: Mandibuzz\n|-damage|p1a: Mandibuzz|86\/100\n|-unboost|p1a: Mandibuzz|spd|1\n|move|p1a: Mandibuzz|Roost|p1a: Mandibuzz\n|-heal|p1a: Mandibuzz|100\/100\n|-singleturn|p1a: Mandibuzz|move: Roost\n|\n|-damage|p2a: Chandelure|64\/100 tox|[from] psn\n|upkeep\n|turn|9\n|\n|move|p2a: Chandelure|Shadow Ball|p1a: Mandibuzz\n|-resisted|p1a: Mandibuzz\n|-damage|p1a: Mandibuzz|79\/100\n|move|p1a: Mandibuzz|Roost|p1a: Mandibuzz\n|-heal|p1a: Mandibuzz|100\/100\n|-singleturn|p1a: Mandibuzz|move: Roost\n|\n|-damage|p2a: Chandelure|39\/100 tox|[from] psn\n|upkeep\n|turn|10\n|\n|move|p2a: Chandelure|Flamethrower|p1a: Mandibuzz\n|-damage|p1a: Mandibuzz|51\/100\n|move|p1a: Mandibuzz|Roost|p1a: Mandibuzz\n|-heal|p1a: Mandibuzz|100\/100\n|-singleturn|p1a: Mandibuzz|move: Roost\n|\n|-damage|p2a: Chandelure|9\/100 tox|[from] psn\n|upkeep\n|turn|11\n|\n|move|p2a: Chandelure|Overheat|p1a: Mandibuzz\n|-damage|p1a: Mandibuzz|26\/100\n|-unboost|p2a: Chandelure|spa|2\n|move|p1a: Mandibuzz|Roost|p1a: Mandibuzz\n|-heal|p1a: Mandibuzz|76\/100\n|-singleturn|p1a: Mandibuzz|move: Roost\n|\n|-damage|p2a: Chandelure|0 fnt|[from] psn\n|faint|p2a: Chandelure\n|upkeep\n|\n|switch|p2a: Kommo-o|Kommo-o, F|100\/100\n|turn|12\n|\n|switch|p1a: Gengar|Gengar, M|100\/100\n|move|p2a: Kommo-o|Iron Defense|p2a: Kommo-o\n|-boost|p2a: Kommo-o|def|2\n|\n|upkeep\n|turn|13\n|\n|switch|p1a: Mandibuzz|Mandibuzz, F|76\/100\n|switch|p2a: Mandibuzz|Mandibuzz, F|88\/100\n|\n|upkeep\n|turn|14\n|\n|move|p1a: Mandibuzz|Toxic|p2a: Mandibuzz\n|-status|p2a: Mandibuzz|tox\n|move|p2a: Mandibuzz|U-turn|p1a: Mandibuzz\n|-damage|p1a: Mandibuzz|67\/100\n|\n|switch|p2a: Aegislash|Aegislash, M|100\/100|[from]move: U-turn\n|\n|upkeep\n|turn|15\n|\n|switch|p1a: Zeraora|Zeraora|100\/100\n|-formechange|p2a: Aegislash|Aegislash-Blade||[from] ability: Stance Change\n|move|p2a: Aegislash|Shadow Ball|p1a: Zeraora\n|-damage|p1a: Zeraora|22\/100\n|\n|-heal|p1a: Zeraora|28\/100|[from] item: Leftovers\n|upkeep\n|turn|16\n|\n|switch|p2a: Seismitoad|Seismitoad, F|100\/100\n|move|p1a: Zeraora|Plasma Fists|p2a: Seismitoad\n|-immune|p2a: Seismitoad\n|\n|-heal|p1a: Zeraora|34\/100|[from] item: Leftovers\n|upkeep\n|turn|17\n|\n|move|p1a: Zeraora|Grass Knot|p2a: Seismitoad\n|-supereffective|p2a: Seismitoad\n|-damage|p2a: Seismitoad|17\/100\n|move|p2a: Seismitoad|Earth Power|p1a: Zeraora\n|-supereffective|p1a: Zeraora\n|-damage|p1a: Zeraora|0 fnt\n|faint|p1a: Zeraora\n|\n|-heal|p2a: Seismitoad|23\/100|[from] item: Leftovers\n|upkeep\n|\n|switch|p1a: Gengar|Gengar, M|100\/100\n|turn|18\n|\n|switch|p2a: Mandibuzz|Mandibuzz, F|88\/100 tox\n|move|p1a: Gengar|Sludge Wave|p2a: Mandibuzz\n|-damage|p2a: Mandibuzz|54\/100 tox\n|\n|-damage|p2a: Mandibuzz|48\/100 tox|[from] psn\n|upkeep\n|turn|19\n|\n|switch|p1a: Ferrothorn|Ferrothorn, M|100\/100\n|switch|p2a: Aegislash|Aegislash, M|100\/100\n|\n|upkeep\n|turn|20\n|\n|move|p2a: Aegislash|Substitute|p2a: Aegislash\n|-start|p2a: Aegislash|Substitute\n|-damage|p2a: Aegislash|76\/100\n|move|p1a: Ferrothorn|Stealth Rock|p2a: Aegislash\n|-sidestart|p2: Burnt Bright|move: Stealth Rock\n|\n|upkeep\n|turn|21\n|\n|switch|p1a: Mandibuzz|Mandibuzz, F|67\/100\n|-formechange|p2a: Aegislash|Aegislash-Blade||[from] ability: Stance Change\n|move|p2a: Aegislash|Shadow Ball|p1a: Mandibuzz\n|-resisted|p1a: Mandibuzz\n|-damage|p1a: Mandibuzz|49\/100\n|-unboost|p1a: Mandibuzz|spd|1\n|\n|upkeep\n|turn|22\n|\n|move|p1a: Mandibuzz|Foul Play|p2a: Aegislash\n|-supereffective|p2a: Aegislash\n|-end|p2a: Aegislash|Substitute\n|move|p2a: Aegislash|Flash Cannon|p1a: Mandibuzz\n|-damage|p1a: Mandibuzz|2\/100\n|\n|upkeep\n|turn|23\n|c|\u2606Richshit|So lucky\n|\n|switch|p1a: Rhyperior|Rhyperior, M|100\/100\n|move|p2a: Aegislash|Shadow Sneak|p1a: Rhyperior\n|-crit|p1a: Rhyperior\n|-damage|p1a: Rhyperior|78\/100\n|\n|upkeep\n|turn|24\n|\n|switch|p2a: Seismitoad|Seismitoad, F|23\/100\n|-damage|p2a: Seismitoad|17\/100|[from] Stealth Rock\n|move|p1a: Rhyperior|Earthquake|p2a: Seismitoad\n|-damage|p2a: Seismitoad|0 fnt\n|faint|p2a: Seismitoad\n|\n|upkeep\n|\n|switch|p2a: Mandibuzz|Mandibuzz, F|48\/100 tox\n|turn|25\n|\n|switch|p1a: Ferrothorn|Ferrothorn, M|100\/100\n|move|p2a: Mandibuzz|Defog|p1a: Ferrothorn\n|-unboost|p1a: Ferrothorn|evasion|1\n|-sideend|p2: Burnt Bright|Stealth Rock|[from] move: Defog|[of] p2a: Mandibuzz\n|\n|-damage|p2a: Mandibuzz|42\/100 tox|[from] psn\n|upkeep\n|turn|26\n|\n|switch|p2a: Aegislash|Aegislash, M|76\/100\n|move|p1a: Ferrothorn|Leech Seed|p2a: Aegislash\n|-start|p2a: Aegislash|move: Leech Seed\n|\n|-damage|p2a: Aegislash|63\/100|[from] Leech Seed|[of] p1a: Ferrothorn\n|upkeep\n|turn|27\n|\n|switch|p2a: Mandibuzz|Mandibuzz, F|42\/100 tox\n|move|p1a: Ferrothorn|Stealth Rock|p2a: Mandibuzz\n|-sidestart|p2: Burnt Bright|move: Stealth Rock\n|\n|-damage|p2a: Mandibuzz|36\/100 tox|[from] psn\n|upkeep\n|turn|28\n|\n|move|p2a: Mandibuzz|Defog|p1a: Ferrothorn\n|-unboost|p1a: Ferrothorn|evasion|1\n|-sideend|p2: Burnt Bright|Stealth Rock|[from] move: Defog|[of] p2a: Mandibuzz\n|move|p1a: Ferrothorn|Leech Seed|p2a: Mandibuzz\n|-start|p2a: Mandibuzz|move: Leech Seed\n|\n|-damage|p2a: Mandibuzz|23\/100 tox|[from] Leech Seed|[of] p1a: Ferrothorn\n|-damage|p2a: Mandibuzz|11\/100 tox|[from] psn\n|upkeep\n|turn|29\n|\n|move|p2a: Mandibuzz|Foul Play|p1a: Ferrothorn\n|-damage|p1a: Ferrothorn|81\/100\n|-damage|p2a: Mandibuzz|0 fnt|[from] ability: Iron Barbs|[of] p1a: Ferrothorn\n|faint|p2a: Mandibuzz\n|move|p1a: Ferrothorn|Stealth Rock|p2: Mandibuzz\n|-sidestart|p2: Burnt Bright|move: Stealth Rock\n|\n|-heal|p1a: Ferrothorn|87\/100|[from] item: Leftovers\n|upkeep\n|\n|switch|p2a: Aegislash|Aegislash, M|63\/100\n|-damage|p2a: Aegislash|57\/100|[from] Stealth Rock\n|turn|30\n|\n|switch|p1a: Mandibuzz|Mandibuzz, F|2\/100\n|move|p2a: Aegislash|Substitute|p2a: Aegislash\n|-start|p2a: Aegislash|Substitute\n|-damage|p2a: Aegislash|32\/100\n|\n|upkeep\n|turn|31\n|\n|-formechange|p2a: Aegislash|Aegislash-Blade||[from] ability: Stance Change\n|move|p2a: Aegislash|Shadow Sneak|p1a: Mandibuzz\n|-resisted|p1a: Mandibuzz\n|-damage|p1a: Mandibuzz|0 fnt\n|faint|p1a: Mandibuzz\n|\n|upkeep\n|\n|switch|p1a: Dragapult|Dragapult, M|100\/100\n|turn|32\n|\n|move|p2a: Aegislash|Shadow Sneak|p1a: Dragapult\n|-supereffective|p1a: Dragapult\n|-damage|p1a: Dragapult|43\/100\n|move|p1a: Dragapult|Draco Meteor|p2a: Aegislash\n|-resisted|p2a: Aegislash\n|-damage|p2a: Aegislash|0 fnt\n|-unboost|p1a: Dragapult|spa|2\n|faint|p2a: Aegislash\n|\n|upkeep\n|\n|switch|p2a: Zeraora|Zeraora|100\/100\n|-damage|p2a: Zeraora|88\/100|[from] Stealth Rock\n|turn|33\n|\n|switch|p1a: Ferrothorn|Ferrothorn, M|87\/100\n|move|p2a: Zeraora|Bulk Up|p2a: Zeraora\n|-boost|p2a: Zeraora|atk|1\n|-boost|p2a: Zeraora|def|1\n|\n|-heal|p2a: Zeraora|94\/100|[from] item: Leftovers\n|-heal|p1a: Ferrothorn|93\/100|[from] item: Leftovers\n|upkeep\n|turn|34\n|\n|move|p2a: Zeraora|Bulk Up|p2a: Zeraora\n|-boost|p2a: Zeraora|atk|1\n|-boost|p2a: Zeraora|def|1\n|move|p1a: Ferrothorn|Leech Seed|p2a: Zeraora\n|-start|p2a: Zeraora|move: Leech Seed\n|\n|-heal|p2a: Zeraora|99\/100|[from] item: Leftovers\n|-heal|p1a: Ferrothorn|99\/100|[from] item: Leftovers\n|-damage|p2a: Zeraora|88\/100|[from] Leech Seed|[of] p1a: Ferrothorn\n|-heal|p1a: Ferrothorn|100\/100|[silent]\n|upkeep\n|turn|35\n|\n|move|p2a: Zeraora|Close Combat|p1a: Ferrothorn\n|-supereffective|p1a: Ferrothorn\n|-damage|p1a: Ferrothorn|20\/100\n|-unboost|p2a: Zeraora|def|1\n|-unboost|p2a: Zeraora|spd|1\n|-damage|p2a: Zeraora|76\/100|[from] ability: Iron Barbs|[of] p1a: Ferrothorn\n|move|p1a: Ferrothorn|Body Press|p2a: Zeraora\n|-damage|p2a: Zeraora|49\/100\n|\n|-heal|p2a: Zeraora|55\/100|[from] item: Leftovers\n|-heal|p1a: Ferrothorn|26\/100|[from] item: Leftovers\n|-damage|p2a: Zeraora|43\/100|[from] Leech Seed|[of] p1a: Ferrothorn\n|-heal|p1a: Ferrothorn|37\/100|[silent]\n|upkeep\n|turn|36\n|\n|move|p2a: Zeraora|Close Combat|p1a: Ferrothorn\n|-supereffective|p1a: Ferrothorn\n|-damage|p1a: Ferrothorn|0 fnt\n|-unboost|p2a: Zeraora|def|1\n|-unboost|p2a: Zeraora|spd|1\n|-damage|p2a: Zeraora|30\/100|[from] ability: Iron Barbs|[of] p1a: Ferrothorn\n|faint|p1a: Ferrothorn\n|\n|-heal|p2a: Zeraora|36\/100|[from] item: Leftovers\n|upkeep\n|j| VvvV1250\n|\n|switch|p1a: Gengar|Gengar, M|100\/100\n|turn|37\n|\n|move|p1a: Gengar|Sludge Wave|p2a: Zeraora\n|-damage|p2a: Zeraora|0 fnt\n|faint|p2a: Zeraora\n|\n|upkeep\n|-message|Burnt Bright forfeited.\n|\n|win|Richshit\n|l|\u2606Burnt Bright\n|l| VvvV1250\n||Ladder (probably) updated, but score could not be retrieved (Response not received).\n|l|\u2606Richshit\n","uploadtime":1590013214,"views":10,"p1id":"richshit","p2id":"burntbright","formatid":"gen8ou","rating":0,"private":0,"password":null}