{"id":"gen8bdsplc-1513257998","p1":"Ill Leave","p2":"Trainer Danie","format":"gen8bdsplc","log":"|j|\u2606Ill Leave\n|j|\u2606Trainer Danie\n|t:|1645134083\n|gametype|singles\n|player|p1|Ill Leave|janine|1050\n|player|p2|Trainer Danie|lady|1050\n|teamsize|p1|6\n|teamsize|p2|6\n|gen|8\n|tier|[Gen 8 BDSP] LC\n|rated|\n|rule|Sleep Clause Mod: Limit one foe put to sleep\n|rule|Species Clause: Limit one of each Pok\u00e9mon\n|rule|OHKO Clause: OHKO moves are banned\n|rule|Evasion Moves Clause: Evasion moves are banned\n|rule|Endless Battle Clause: Forcing endless battles is banned\n|rule|HP Percentage Mod: HP is shown in percentages\n|clearpoke\n|poke|p1|Carvanha, L5, M|\n|poke|p1|Mankey, L5, F|\n|poke|p1|Munchlax, L5, M|\n|poke|p1|Koffing, L5, F|\n|poke|p1|Drifloon, L5, M|\n|poke|p1|Onix, L5, F|\n|poke|p2|Drifloon, L5, F|\n|poke|p2|Stunky, L5, F|\n|poke|p2|Skorupi, L5, F|\n|poke|p2|Cacnea, L5, F|\n|poke|p2|Buizel, L5, M|\n|poke|p2|Buneary, L5, F|\n|teampreview\n|inactive|Battle timer is ON: inactive players will automatically lose when time's up. (requested by Trainer Danie)\n|inactive|Trainer Danie has 120 seconds left.\n|j| SighOfReprieve\n|inactive|Trainer Danie has 90 seconds left.\n|\n|t:|1645134147\n|start\n|switch|p1a: Mankey|Mankey, L5, F|100\/100\n|switch|p2a: Dawn|Buizel, L5, M|100\/100\n|turn|1\n|\n|t:|1645134159\n|switch|p2a: Nara|Drifloon, L5, F|100\/100\n|move|p1a: Mankey|U-turn|p2a: Nara\n|-resisted|p2a: Nara\n|-damage|p2a: Nara|97\/100\n|\n|t:|1645134163\n|switch|p1a: Onix|Onix, L5, F|100\/100|[from]move: U-turn\n|\n|-status|p2a: Nara|brn|[from] item: Flame Orb\n|upkeep\n|turn|2\n|\n|t:|1645134175\n|move|p1a: Onix|Rock Blast|p2a: Nara\n|-supereffective|p2a: Nara\n|-damage|p2a: Nara|66\/100 brn\n|-supereffective|p2a: Nara\n|-damage|p2a: Nara|35\/100 brn\n|-supereffective|p2a: Nara\n|-damage|p2a: Nara|4\/100 brn\n|-hitcount|p2a: Nara|3\n|move|p2a: Nara|Shadow Ball|p1a: Onix\n|-damage|p1a: Onix|20\/100\n|-enditem|p1a: Onix|Berry Juice\n|-heal|p1a: Onix|100\/100|[from] item: Berry Juice\n|\n|-damage|p2a: Nara|0 fnt|[from] brn\n|faint|p2a: Nara\n|upkeep\n|\n|t:|1645134178\n|switch|p2a: Dawn|Buizel, L5, M|100\/100\n|turn|3\n|\n|t:|1645134188\n|move|p2a: Dawn|Waterfall|p1a: Onix\n|-supereffective|p1a: Onix\n|-ability|p1a: Onix|Sturdy\n|-damage|p1a: Onix|5\/100\n|move|p1a: Onix|Stealth Rock|p2a: Dawn\n|-sidestart|p2: Trainer Danie|move: Stealth Rock\n|\n|upkeep\n|turn|4\n|\n|t:|1645134199\n|move|p2a: Dawn|Aqua Jet|p1a: Onix\n|-supereffective|p1a: Onix\n|-damage|p1a: Onix|0 fnt\n|faint|p1a: Onix\n|\n|upkeep\n|\n|t:|1645134202\n|switch|p1a: Koffing|Koffing, L5, F|100\/100\n|-ability|p1a: Koffing|Neutralizing Gas\n|turn|5\n|\n|t:|1645134207\n|move|p2a: Dawn|Dig||[still]\n|-prepare|p2a: Dawn|Dig\n|move|p1a: Koffing|Thunderbolt|p2a: Dawn|[miss]\n|-miss|p1a: Koffing|p2a: Dawn\n|\n|upkeep\n|turn|6\n|\n|t:|1645134211\n|move|p2a: Dawn|Dig|p1a: Koffing|[from]lockedmove\n|-supereffective|p1a: Koffing\n|-crit|p1a: Koffing\n|-damage|p1a: Koffing|31\/100\n|-enditem|p1a: Koffing|Berry Juice\n|-heal|p1a: Koffing|100\/100|[from] item: Berry Juice\n|move|p1a: Koffing|Thunderbolt|p2a: Dawn\n|-supereffective|p2a: Dawn\n|-damage|p2a: Dawn|0 fnt\n|faint|p2a: Dawn\n|\n|upkeep\n|\n|t:|1645134218\n|switch|p2a: Fedora|Stunky, L5, F|100\/100\n|-damage|p2a: Fedora|92\/100|[from] Stealth Rock\n|turn|7\n|\n|t:|1645134225\n|move|p2a: Fedora|Defog|p1a: Koffing\n|-unboost|p1a: Koffing|evasion|1\n|-sideend|p2: Trainer Danie|Stealth Rock|[from] move: Defog|[of] p2a: Fedora\n|move|p1a: Koffing|Thief|p2a: Fedora\n|-resisted|p2a: Fedora\n|-damage|p2a: Fedora|83\/100\n|-enditem|p2a: Fedora|Shed Shell|[silent]|[from] move: Thief|[of] p1a: Koffing\n|-item|p1a: Koffing|Shed Shell|[from] move: Thief|[of] p2a: Fedora\n|\n|upkeep\n|turn|8\n|\n|t:|1645134235\n|switch|p2a: Sniper|Skorupi, L5, F, shiny|100\/100\n|move|p1a: Koffing|Toxic Spikes|p2a: Sniper\n|-sidestart|p2: Trainer Danie|move: Toxic Spikes\n|\n|upkeep\n|turn|9\n|\n|t:|1645134246\n|-end|p1a: Koffing|ability: Neutralizing Gas\n|switch|p1a: Munchlax|Munchlax, L5, M|100\/100\n|move|p2a: Sniper|Knock Off|p1a: Munchlax\n|-damage|p1a: Munchlax|70\/100\n|-enditem|p1a: Munchlax|Berry Juice|[from] move: Knock Off|[of] p2a: Sniper\n|\n|upkeep\n|turn|10\n|\n|t:|1645134253\n|switch|p2a: Fedora|Stunky, L5, F|83\/100\n|-sideend|p2: Trainer Danie|move: Toxic Spikes|[of] p2a: Fedora\n|move|p1a: Munchlax|Double-Edge|p2a: Fedora\n|-damage|p2a: Fedora|0 fnt\n|faint|p2a: Fedora\n|-damage|p1a: Munchlax|50\/100|[from] Recoil\n|\n|upkeep\n|\n|t:|1645134259\n|switch|p2a: Candy|Buneary, L5, F, shiny|100\/100\n|turn|11\n|\n|t:|1645134263\n|switch|p1a: Koffing|Koffing, L5, F|100\/100\n|-ability|p1a: Koffing|Neutralizing Gas\n|move|p2a: Candy|Fake Out|p1a: Koffing\n|-damage|p1a: Koffing|74\/100\n|\n|upkeep\n|turn|12\n|\n|t:|1645134273\n|move|p2a: Candy|Fire Punch|p1a: Koffing\n|-damage|p1a: Koffing|48\/100\n|move|p1a: Koffing|Sludge Bomb|p2a: Candy\n|-damage|p2a: Candy|41\/100\n|-status|p2a: Candy|psn\n|\n|-damage|p2a: Candy|32\/100 psn|[from] psn\n|upkeep\n|turn|13\n|\n|t:|1645134282\n|move|p2a: Candy|Fire Punch|p1a: Koffing\n|-damage|p1a: Koffing|22\/100\n|move|p1a: Koffing|Sludge Bomb|p2a: Candy\n|-damage|p2a: Candy|0 fnt\n|faint|p2a: Candy\n|\n|upkeep\n|\n|t:|1645134289\n|switch|p2a: Sniper|Skorupi, L5, F, shiny|100\/100\n|turn|14\n|\n|t:|1645134296\n|move|p2a: Sniper|Agility|p2a: Sniper\n|-boost|p2a: Sniper|spe|2\n|move|p1a: Koffing|Toxic Spikes|p2a: Sniper\n|-sidestart|p2: Trainer Danie|move: Toxic Spikes\n|\n|upkeep\n|turn|15\n|\n|t:|1645134302\n|move|p2a: Sniper|Fell Stinger|p1a: Koffing\n|-resisted|p1a: Koffing\n|-damage|p1a: Koffing|9\/100\n|move|p1a: Koffing|Thunderbolt|p2a: Sniper\n|-damage|p2a: Sniper|58\/100\n|\n|-heal|p2a: Sniper|62\/100|[from] item: Leftovers\n|upkeep\n|turn|16\n|\n|t:|1645134310\n|-end|p1a: Koffing|ability: Neutralizing Gas\n|switch|p1a: Drifloon|Drifloon, L5, M|100\/100\n|move|p2a: Sniper|Fell Stinger|p1a: Drifloon\n|-resisted|p1a: Drifloon\n|-damage|p1a: Drifloon|97\/100\n|\n|-heal|p2a: Sniper|67\/100|[from] item: Leftovers\n|upkeep\n|turn|17\n|\n|t:|1645134315\n|move|p2a: Sniper|Knock Off|p1a: Drifloon\n|-supereffective|p1a: Drifloon\n|-damage|p1a: Drifloon|27\/100\n|-enditem|p1a: Drifloon|Berry Juice|[from] move: Knock Off|[of] p2a: Sniper\n|move|p1a: Drifloon|Will-O-Wisp|p2a: Sniper\n|-status|p2a: Sniper|brn\n|\n|-heal|p2a: Sniper|72\/100 brn|[from] item: Leftovers\n|-damage|p2a: Sniper|67\/100 brn|[from] brn\n|upkeep\n|turn|18\n|\n|t:|1645134324\n|move|p2a: Sniper|Knock Off|p1a: Drifloon\n|-supereffective|p1a: Drifloon\n|-damage|p1a: Drifloon|4\/100\n|move|p1a: Drifloon|Hex|p2a: Sniper\n|-damage|p2a: Sniper|0 fnt\n|faint|p2a: Sniper\n|\n|upkeep\n|\n|t:|1645134328\n|switch|p2a: Striker|Cacnea, L5, F|100\/100\n|-status|p2a: Striker|psn\n|turn|19\n|\n|t:|1645134332\n|move|p2a: Striker|Sucker Punch|p1a: Drifloon\n|-supereffective|p1a: Drifloon\n|-damage|p1a: Drifloon|0 fnt\n|faint|p1a: Drifloon\n|\n|-damage|p2a: Striker|92\/100 psn|[from] psn\n|upkeep\n|\n|t:|1645134336\n|switch|p1a: Mankey|Mankey, L5, F|100\/100\n|turn|20\n|\n|t:|1645134340\n|move|p1a: Mankey|U-turn|p2a: Striker\n|-supereffective|p2a: Striker\n|-damage|p2a: Striker|14\/100 psn\n|\n|t:|1645134343\n|switch|p1a: Koffing|Koffing, L5, F|9\/100|[from]move: U-turn\n|-ability|p1a: Koffing|Neutralizing Gas\n|move|p2a: Striker|Poison Jab|p1a: Koffing\n|-resisted|p1a: Koffing\n|-damage|p1a: Koffing|0 fnt\n|faint|p1a: Koffing\n|-end|p1a: Koffing|ability: Neutralizing Gas\n|\n|-heal|p2a: Striker|18\/100 psn|[from] item: Leftovers\n|-damage|p2a: Striker|9\/100 psn|[from] psn\n|upkeep\n|-message|Trainer Danie forfeited.\n|\n|win|Ill Leave\n|raw|Ill Leave's rating: 1050 &rarr; <strong>1083<\/strong><br \/>(+33 for winning)\n|raw|Trainer Danie's rating: 1050 &rarr; <strong>1033<\/strong><br \/>(-17 for losing)\n|l|\u2606Trainer Danie\n","uploadtime":1645134365,"views":176,"p1id":"illleave","p2id":"trainerdanie","formatid":"gen8bdsplc","rating":1033,"private":0,"password":null}