{"id":"gen8nationaldex-1533753736","p1":"beastyj157","p2":"Tomotortilla69","format":"gen8nationaldex","log":"|j|\u2606beastyj157\n|j|\u2606Tomotortilla69\n|t:|1647648086\n|gametype|singles\n|player|p1|beastyj157|skierf|1428\n|player|p2|Tomotortilla69|170|1338\n|teamsize|p1|6\n|teamsize|p2|6\n|gen|8\n|tier|[Gen 8] National Dex\n|rated|\n|rule|HP Percentage Mod: HP is shown in percentages\n|rule|Endless Battle Clause: Forcing endless battles is banned\n|rule|OHKO Clause: OHKO moves are banned\n|rule|Evasion Moves Clause: Evasion moves are banned\n|rule|Species Clause: Limit one of each Pok\u00e9mon\n|rule|Dynamax Clause: You cannot dynamax\n|rule|Sleep Clause Mod: Limit one foe put to sleep\n|clearpoke\n|poke|p1|Lopunny, F|\n|poke|p1|Heatran, M|\n|poke|p1|Ferrothorn, M|\n|poke|p1|Toxapex, F|\n|poke|p1|Landorus-Therian, M|\n|poke|p1|Weavile, F|\n|poke|p2|Garchomp, M|\n|poke|p2|Klefki, F|\n|poke|p2|Charizard, M|\n|poke|p2|Weavile, F|\n|poke|p2|Landorus-Therian, M|\n|poke|p2|Venusaur, M|\n|teampreview\n|inactive|Battle timer is ON: inactive players will automatically lose when time's up. (requested by beastyj157)\n|\n|t:|1647648096\n|start\n|switch|p1a: Heatran|Heatran, M|100\/100\n|switch|p2a: How am I not Uber|Landorus-Therian, M, shiny|100\/100\n|-ability|p2a: How am I not Uber|Intimidate|boost\n|-unboost|p1a: Heatran|atk|1\n|turn|1\n|c|\u2606beastyj157|how am i not uber\n|c|\u2606beastyj157|this is nat dex bud\n|\n|t:|1647648116\n|move|p2a: How am I not Uber|Earthquake|p1a: Heatran\n|-supereffective|p1a: Heatran\n|-damage|p1a: Heatran|0 fnt\n|faint|p1a: Heatran\n|\n|upkeep\n|c|\u2606Tomotortilla69|No really\n|\n|t:|1647648122\n|switch|p1a: Lopunny|Lopunny, F|100\/100\n|turn|2\n|\n|t:|1647648130\n|switch|p2a: Car Keys|Klefki, F, shiny|100\/100\n|detailschange|p1a: Lopunny|Lopunny-Mega, F\n|-mega|p1a: Lopunny|Lopunny|Lopunnite\n|move|p1a: Lopunny|Triple Axel|p2a: Car Keys\n|-resisted|p2a: Car Keys\n|-damage|p2a: Car Keys|95\/100\n|-resisted|p2a: Car Keys\n|-damage|p2a: Car Keys|84\/100\n|-resisted|p2a: Car Keys\n|-damage|p2a: Car Keys|67\/100\n|-hitcount|p2a: Car Keys|3\n|\n|upkeep\n|turn|3\n|\n|t:|1647648139\n|move|p2a: Car Keys|Thunder Wave|p1a: Lopunny\n|-status|p1a: Lopunny|par\n|move|p1a: Lopunny|Close Combat|p2a: Car Keys\n|-damage|p2a: Car Keys|0 fnt\n|-unboost|p1a: Lopunny|def|1\n|-unboost|p1a: Lopunny|spd|1\n|faint|p2a: Car Keys\n|\n|upkeep\n|\n|t:|1647648151\n|switch|p2a: 2nd fav shiny mega|Charizard, M, shiny|100\/100\n|turn|4\n|\n|t:|1647648154\n|detailschange|p2a: 2nd fav shiny mega|Charizard-Mega-Y, M, shiny\n|-mega|p2a: 2nd fav shiny mega|Charizard|Charizardite Y\n|-weather|SunnyDay|[from] ability: Drought|[of] p2a: 2nd fav shiny mega\n|move|p2a: 2nd fav shiny mega|Weather Ball|p1a: Lopunny\n|-crit|p1a: Lopunny\n|-damage|p1a: Lopunny|0 fnt\n|faint|p1a: Lopunny\n|\n|-weather|SunnyDay|[upkeep]\n|upkeep\n|\n|t:|1647648162\n|switch|p1a: Toxapex|Toxapex, F|100\/100\n|turn|5\n|\n|t:|1647648172\n|switch|p2a: Diseased Cat|Venusaur, M, shiny|100\/100\n|move|p1a: Toxapex|Scald|p2a: Diseased Cat\n|-resisted|p2a: Diseased Cat\n|-damage|p2a: Diseased Cat|96\/100\n|-status|p2a: Diseased Cat|brn\n|\n|-weather|SunnyDay|[upkeep]\n|-damage|p2a: Diseased Cat|90\/100 brn|[from] brn\n|upkeep\n|turn|6\n|\n|t:|1647648177\n|move|p2a: Diseased Cat|Earth Power|p1a: Toxapex\n|-supereffective|p1a: Toxapex\n|-crit|p1a: Toxapex\n|-damage|p1a: Toxapex|25\/100\n|-unboost|p1a: Toxapex|spd|1\n|-damage|p2a: Diseased Cat|80\/100 brn|[from] item: Life Orb\n|move|p1a: Toxapex|Haze|p1a: Toxapex\n|-clearallboost\n|\n|-weather|SunnyDay|[upkeep]\n|-damage|p2a: Diseased Cat|74\/100 brn|[from] brn\n|upkeep\n|turn|7\n|\n|t:|1647648182\n|switch|p1a: Landorus|Landorus-Therian, M|100\/100\n|-ability|p1a: Landorus|Intimidate|boost\n|-unboost|p2a: Diseased Cat|atk|1\n|move|p2a: Diseased Cat|Energy Ball|p1a: Landorus\n|-damage|p1a: Landorus|39\/100\n|-damage|p2a: Diseased Cat|64\/100 brn|[from] item: Life Orb\n|\n|-weather|SunnyDay|[upkeep]\n|-damage|p2a: Diseased Cat|58\/100 brn|[from] brn\n|upkeep\n|turn|8\n|\n|t:|1647648187\n|switch|p1a: Toxapex|Toxapex, F|58\/100\n|move|p2a: Diseased Cat|Energy Ball|p1a: Toxapex\n|-damage|p1a: Toxapex|20\/100\n|-damage|p2a: Diseased Cat|48\/100 brn|[from] item: Life Orb\n|\n|-weather|none\n|-damage|p2a: Diseased Cat|42\/100 brn|[from] brn\n|upkeep\n|turn|9\n|\n|t:|1647648198\n|switch|p1a: Landorus|Landorus-Therian, M|39\/100\n|-ability|p1a: Landorus|Intimidate|boost\n|-unboost|p2a: Diseased Cat|atk|1\n|move|p2a: Diseased Cat|Energy Ball|p1a: Landorus\n|-damage|p1a: Landorus|0 fnt\n|faint|p1a: Landorus\n|-damage|p2a: Diseased Cat|32\/100 brn|[from] item: Life Orb\n|\n|-damage|p2a: Diseased Cat|26\/100 brn|[from] brn\n|upkeep\n|\n|t:|1647648201\n|switch|p1a: Weavile|Weavile, F|100\/100\n|-ability|p1a: Weavile|Pressure\n|turn|10\n|\n|t:|1647648206\n|switch|p2a: Starburst|Weavile, F, shiny|100\/100\n|move|p1a: Weavile|Swords Dance|p1a: Weavile\n|-boost|p1a: Weavile|atk|2\n|\n|upkeep\n|turn|11\n|\n|t:|1647648209\n|move|p2a: Starburst|Fake Out|p1a: Weavile\n|-damage|p1a: Weavile|79\/100\n|cant|p1a: Weavile|flinch\n|\n|upkeep\n|turn|12\n|\n|t:|1647648214\n|move|p2a: Starburst|Knock Off|p1a: Weavile\n|-resisted|p1a: Weavile\n|-damage|p1a: Weavile|38\/100\n|-enditem|p1a: Weavile|Heavy-Duty Boots|[from] move: Knock Off|[of] p2a: Starburst\n|move|p1a: Weavile|Triple Axel|p2a: Starburst\n|-resisted|p2a: Starburst\n|-damage|p2a: Starburst|83\/100\n|-hitcount|p2a: Starburst|1\n|\n|upkeep\n|turn|13\n|\n|t:|1647648221\n|move|p2a: Starburst|Triple Axel|p1a: Weavile\n|-resisted|p1a: Weavile\n|-damage|p1a: Weavile|29\/100\n|-resisted|p1a: Weavile\n|-damage|p1a: Weavile|11\/100\n|-resisted|p1a: Weavile\n|-damage|p1a: Weavile|0 fnt\n|faint|p1a: Weavile\n|-hitcount|p1: Weavile|3\n|\n|upkeep\n|c|\u2606beastyj157|OMG\n|c|\u2606beastyj157|two drawn speed ties\n|c|\u2606beastyj157|AND ONE hit\n|\n|t:|1647648245\n|switch|p1a: Ferrothorn|Ferrothorn, M|100\/100\n|turn|14\n|-message|beastyj157 forfeited.\n|\n|win|Tomotortilla69\n|raw|beastyj157's rating: 1428 &rarr; <strong>1403<\/strong><br \/>(-25 for losing)\n|raw|Tomotortilla69's rating: 1338 &rarr; <strong>1363<\/strong><br \/>(+25 for winning)\n|l|\u2606beastyj157\n","uploadtime":1647648256,"views":6,"p1id":"beastyj157","p2id":"tomotortilla69","formatid":"gen8nationaldex","rating":1363,"private":0,"password":null}