{"id":"gen8ou-1703955854","p1":"minimax_ai","p2":"superrouchuan","format":"gen8ou","log":"|j|\u203dminimax_ai\n|j|\u2606superrouchuan\n|t:|1667718735\n|gametype|singles\n|player|p1|minimax_ai|169|1613\n|player|p2|superrouchuan|clown|1667\n|teamsize|p1|6\n|teamsize|p2|6\n|gen|8\n|tier|[Gen 8] OU\n|rated|\n|rule|Sleep Clause Mod: Limit one foe put to sleep\n|rule|Species Clause: Limit one of each Pok\u00e9mon\n|rule|OHKO Clause: OHKO moves are banned\n|rule|Evasion Items Clause: Evasion items are banned\n|rule|Evasion Moves Clause: Evasion moves are banned\n|rule|Endless Battle Clause: Forcing endless battles is banned\n|rule|HP Percentage Mod: HP is shown in percentages\n|rule|Dynamax Clause: You cannot dynamax\n|clearpoke\n|poke|p1|Rotom-Wash|\n|poke|p1|Weavile, M|\n|poke|p1|Landorus-Therian, M|\n|poke|p1|Heatran, M|\n|poke|p1|Tangrowth, F|\n|poke|p1|Melmetal|\n|poke|p2|Snorlax, M|\n|poke|p2|Tapu Lele|\n|poke|p2|Tyranitar, F|\n|poke|p2|Zapdos|\n|poke|p2|Garchomp, F|\n|poke|p2|Buzzwole|\n|teampreview\n|inactive|Battle timer is ON: inactive players will automatically lose when time's up. (requested by minimax_ai)\n|j| Kochiya Y\n|\n|t:|1667718739\n|start\n|switch|p1a: Tangrowth|Tangrowth, F|100\/100\n|switch|p2a: \u868a\u5927\u7237|Buzzwole|100\/100\n|turn|1\n|\n|t:|1667718742\n|move|p2a: \u868a\u5927\u7237|Leech Life|p1a: Tangrowth\n|-supereffective|p1a: Tangrowth\n|-damage|p1a: Tangrowth|35\/100\n|-damage|p2a: \u868a\u5927\u7237|84\/100|[from] item: Rocky Helmet|[of] p1a: Tangrowth\n|move|p1a: Tangrowth|Sleep Powder|p2a: \u868a\u5927\u7237\n|-status|p2a: \u868a\u5927\u7237|slp|[from] move: Sleep Powder\n|\n|upkeep\n|turn|2\n|\n|t:|1667718751\n|switch|p1a: Rotom|Rotom-Wash|100\/100\n|cant|p2a: \u868a\u5927\u7237|slp\n|\n|upkeep\n|turn|3\n|\n|t:|1667718755\n|switch|p2a: \u8001\u73ed|Tyranitar, F, shiny|100\/100\n|-weather|Sandstorm|[from] ability: Sand Stream|[of] p2a: \u8001\u73ed\n|move|p1a: Rotom|Nasty Plot|p1a: Rotom\n|-boost|p1a: Rotom|spa|2\n|\n|-weather|Sandstorm|[upkeep]\n|-damage|p1a: Rotom|94\/100|[from] Sandstorm\n|-heal|p1a: Rotom|100\/100|[from] item: Leftovers\n|upkeep\n|turn|4\n|\n|t:|1667718757\n|move|p1a: Rotom|Hydro Pump|p2a: \u8001\u73ed\n|-supereffective|p2a: \u8001\u73ed\n|-damage|p2a: \u8001\u73ed|15\/100\n|move|p2a: \u8001\u73ed|Stealth Rock|p1a: Rotom\n|-sidestart|p1: minimax_ai|move: Stealth Rock\n|\n|-weather|Sandstorm|[upkeep]\n|-damage|p1a: Rotom|94\/100|[from] Sandstorm\n|-heal|p1a: Rotom|100\/100|[from] item: Leftovers\n|-heal|p2a: \u8001\u73ed|21\/100|[from] item: Leftovers\n|upkeep\n|turn|5\n|\n|t:|1667718763\n|switch|p2a: \u6c38\u8fdc\u7684\u5361\u5723|Snorlax, M, shiny|100\/100\n|move|p1a: Rotom|Hydro Pump|p2a: \u6c38\u8fdc\u7684\u5361\u5723\n|-damage|p2a: \u6c38\u8fdc\u7684\u5361\u5723|48\/100\n|\n|-weather|Sandstorm|[upkeep]\n|-damage|p1a: Rotom|94\/100|[from] Sandstorm\n|-damage|p2a: \u6c38\u8fdc\u7684\u5361\u5723|42\/100|[from] Sandstorm\n|-heal|p1a: Rotom|100\/100|[from] item: Leftovers\n|upkeep\n|turn|6\n|\n|t:|1667718768\n|move|p1a: Rotom|Hydro Pump|p2a: \u6c38\u8fdc\u7684\u5361\u5723\n|-damage|p2a: \u6c38\u8fdc\u7684\u5361\u5723|0 fnt\n|faint|p2a: \u6c38\u8fdc\u7684\u5361\u5723\n|\n|-weather|Sandstorm|[upkeep]\n|-damage|p1a: Rotom|94\/100|[from] Sandstorm\n|-heal|p1a: Rotom|100\/100|[from] item: Leftovers\n|upkeep\n|j| Noob 0_o\n|\n|t:|1667718778\n|switch|p2a: \u5927\u5c06\u548b\u666e\u591a\u65af|Zapdos, shiny|100\/100\n|turn|7\n|\n|t:|1667718782\n|move|p2a: \u5927\u5c06\u548b\u666e\u591a\u65af|Thunder|p1a: Rotom\n|-damage|p1a: Rotom|1\/100\n|move|p1a: Rotom|Hydro Pump|p2a: \u5927\u5c06\u548b\u666e\u591a\u65af\n|-crit|p2a: \u5927\u5c06\u548b\u666e\u591a\u65af\n|-damage|p2a: \u5927\u5c06\u548b\u666e\u591a\u65af|0 fnt\n|faint|p2a: \u5927\u5c06\u548b\u666e\u591a\u65af\n|\n|-weather|none\n|-heal|p1a: Rotom|8\/100|[from] item: Leftovers\n|upkeep\n|c|\u2606superrouchuan|?\n|c|\u2606superrouchuan|?\n|-message|superrouchuan forfeited.\n|\n|win|minimax_ai\n|raw|minimax_ai's rating: 1613 &rarr; <strong>1636<\/strong><br \/>(+23 for winning)\n|raw|superrouchuan's rating: 1667 &rarr; <strong>1644<\/strong><br \/>(-23 for losing)\n|l|\u2606superrouchuan\n","uploadtime":1667718791,"views":7,"p1id":"minimaxai","p2id":"superrouchuan","formatid":"gen8ou","rating":1636,"private":0,"password":null}