{"id":"gen8monotyperandombattle-1692650228","p1":"leo solos","p2":"Trogba Trogba","format":"gen8monotyperandombattle","log":"|j|\u2606leo solos\n|j|\u2606Trogba Trogba\n|inactive|Battle timer is ON: inactive players will automatically lose when time's up.\n|t:|1666514706\n|gametype|singles\n|player|p1|leo solos|266|\n|player|p2|Trogba Trogba|lance|\n|teamsize|p1|6\n|teamsize|p2|6\n|gen|8\n|tier|[Gen 8] Monotype Random Battle\n|rated|Tournament battle\n|rule|Same Type Clause: Pok\u00e9mon in a team must share a type\n|rule|HP Percentage Mod: HP is shown in percentages\n|rule|Sleep Clause Mod: Limit one foe put to sleep\n|\n|t:|1666514706\n|start\n|switch|p1a: Swampert|Swampert, L80, F|291\/291\n|switch|p2a: Obstagoon|Obstagoon, L80, F|280\/280\n|turn|1\n|j| sirinterweb\n|\n|t:|1666514714\n|move|p2a: Obstagoon|Bulk Up|p2a: Obstagoon\n|-boost|p2a: Obstagoon|atk|1\n|-boost|p2a: Obstagoon|def|1\n|move|p1a: Swampert|Scald|p2a: Obstagoon\n|-damage|p2a: Obstagoon|202\/280\n|-status|p2a: Obstagoon|brn\n|\n|-damage|p2a: Obstagoon|185\/280 brn|[from] brn\n|upkeep\n|turn|2\n|\n|t:|1666514727\n|move|p1a: Swampert|Protect|p1a: Swampert\n|-singleturn|p1a: Swampert|Protect\n|move|p2a: Obstagoon|Facade|p1a: Swampert\n|-activate|p1a: Swampert|move: Protect\n|\n|-damage|p2a: Obstagoon|168\/280 brn|[from] brn\n|upkeep\n|turn|3\n|\n|t:|1666514734\n|move|p2a: Obstagoon|Facade|p1a: Swampert\n|-damage|p1a: Swampert|0 fnt\n|faint|p1a: Swampert\n|\n|-damage|p2a: Obstagoon|151\/280 brn|[from] brn\n|upkeep\n|\n|t:|1666514742\n|switch|p1a: Sharpedo|Sharpedo, L82, M|249\/249\n|turn|4\n|\n|t:|1666514755\n|switch|p2a: Persian|Persian-Alola, L82, M|241\/241\n|move|p1a: Sharpedo|Close Combat|p2a: Persian\n|-supereffective|p2a: Persian\n|-damage|p2a: Persian|77\/241\n|-unboost|p1a: Sharpedo|def|1\n|-unboost|p1a: Sharpedo|spd|1\n|-damage|p1a: Sharpedo|225\/249|[from] item: Life Orb\n|\n|-heal|p2a: Persian|92\/241|[from] item: Leftovers\n|-ability|p1a: Sharpedo|Speed Boost|boost\n|-boost|p1a: Sharpedo|spe|1\n|upkeep\n|turn|5\n|\n|t:|1666514760\n|move|p1a: Sharpedo|Protect|p1a: Sharpedo\n|-singleturn|p1a: Sharpedo|Protect\n|move|p2a: Persian|Thunderbolt|p1a: Sharpedo\n|-activate|p1a: Sharpedo|move: Protect\n|\n|-heal|p2a: Persian|107\/241|[from] item: Leftovers\n|-ability|p1a: Sharpedo|Speed Boost|boost\n|-boost|p1a: Sharpedo|spe|1\n|upkeep\n|turn|6\n|\n|t:|1666514776\n|move|p1a: Sharpedo|Close Combat|p2a: Persian\n|-supereffective|p2a: Persian\n|-damage|p2a: Persian|0 fnt\n|-unboost|p1a: Sharpedo|def|1\n|-unboost|p1a: Sharpedo|spd|1\n|faint|p2a: Persian\n|-damage|p1a: Sharpedo|201\/249|[from] item: Life Orb\n|\n|-ability|p1a: Sharpedo|Speed Boost|boost\n|-boost|p1a: Sharpedo|spe|1\n|upkeep\n|\n|t:|1666514779\n|switch|p2a: Yveltal|Yveltal, L69|288\/288\n|-ability|p2a: Yveltal|Dark Aura\n|turn|7\n|\n|t:|1666514785\n|move|p1a: Sharpedo|Hydro Pump|p2a: Yveltal\n|-damage|p2a: Yveltal|136\/288\n|-damage|p1a: Sharpedo|177\/249|[from] item: Life Orb\n|move|p2a: Yveltal|Oblivion Wing|p1a: Sharpedo\n|-damage|p1a: Sharpedo|0 fnt\n|-heal|p2a: Yveltal|269\/288|[from] drain|[of] p1a: Sharpedo\n|faint|p1a: Sharpedo\n|\n|upkeep\n|\n|t:|1666514793\n|switch|p1a: Carracosta|Carracosta, L84, M|262\/262\n|turn|8\n|\n|t:|1666514814\n|move|p2a: Yveltal|Knock Off|p1a: Carracosta\n|-damage|p1a: Carracosta|181\/262\n|-enditem|p1a: Carracosta|Weakness Policy|[from] move: Knock Off|[of] p2a: Yveltal\n|move|p1a: Carracosta|Stone Edge|p2a: Yveltal\n|-supereffective|p2a: Yveltal\n|-crit|p2a: Yveltal\n|-damage|p2a: Yveltal|0 fnt\n|faint|p2a: Yveltal\n|\n|upkeep\n|c|\u2606Trogba Trogba|that mattered\n|\n|t:|1666514822\n|switch|p2a: Shiftry|Shiftry, L86, M|295\/295\n|turn|9\n|j| babyFighter\n|\n|t:|1666514835\n|switch|p1a: Palkia|Palkia, L74|255\/255\n|-ability|p1a: Palkia|Pressure\n|move|p2a: Shiftry|Leaf Storm|p1a: Palkia\n|-damage|p1a: Palkia|98\/255\n|-unboost|p2a: Shiftry|spa|2\n|-damage|p2a: Shiftry|266\/295|[from] item: Life Orb\n|\n|upkeep\n|turn|10\n|l| babyFighter\n|\n|t:|1666514848\n|switch|p2a: Tyranitar|Tyranitar, L78, M|284\/284\n|-weather|Sandstorm|[from] ability: Sand Stream|[of] p2a: Tyranitar\n|move|p1a: Palkia|Fire Blast|p2a: Tyranitar\n|-resisted|p2a: Tyranitar\n|-damage|p2a: Tyranitar|255\/284\n|\n|-weather|Sandstorm|[upkeep]\n|-damage|p1a: Palkia|83\/255|[from] Sandstorm\n|upkeep\n|turn|11\n|\n|t:|1666514852\n|move|p1a: Palkia|Hydro Pump|p2a: Tyranitar\n|-supereffective|p2a: Tyranitar\n|-damage|p2a: Tyranitar|33\/284\n|move|p2a: Tyranitar|Dragon Dance|p2a: Tyranitar\n|-boost|p2a: Tyranitar|atk|1\n|-boost|p2a: Tyranitar|spe|1\n|\n|-weather|Sandstorm|[upkeep]\n|-damage|p1a: Palkia|68\/255|[from] Sandstorm\n|upkeep\n|turn|12\n|\n|t:|1666514862\n|switch|p1a: Corsola|Corsola, L93, F|272\/272\n|move|p2a: Tyranitar|Crunch|p1a: Corsola\n|-damage|p1a: Corsola|149\/272\n|-damage|p2a: Tyranitar|0 fnt|[from] item: Rocky Helmet|[of] p1a: Corsola\n|faint|p2a: Tyranitar\n|\n|-weather|Sandstorm|[upkeep]\n|upkeep\n|\n|t:|1666514869\n|switch|p2a: Obstagoon|Obstagoon, L80, F|151\/280 brn\n|turn|13\n|\n|t:|1666514873\n|move|p2a: Obstagoon|Close Combat|p1a: Corsola\n|-supereffective|p1a: Corsola\n|-damage|p1a: Corsola|0 fnt\n|-unboost|p2a: Obstagoon|def|1\n|-unboost|p2a: Obstagoon|spd|1\n|-damage|p2a: Obstagoon|105\/280 brn|[from] item: Rocky Helmet|[of] p1a: Corsola\n|faint|p1a: Corsola\n|\n|-weather|Sandstorm|[upkeep]\n|-damage|p2a: Obstagoon|88\/280 brn|[from] Sandstorm\n|-damage|p2a: Obstagoon|71\/280 brn|[from] brn\n|upkeep\n|\n|t:|1666514878\n|switch|p1a: Carracosta|Carracosta, L84, M|181\/262\n|turn|14\n|\n|t:|1666514880\n|move|p1a: Carracosta|Aqua Jet|p2a: Obstagoon\n|-damage|p2a: Obstagoon|4\/280 brn\n|move|p2a: Obstagoon|Close Combat|p1a: Carracosta\n|-supereffective|p1a: Carracosta\n|-damage|p1a: Carracosta|51\/262\n|-unboost|p2a: Obstagoon|def|1\n|-unboost|p2a: Obstagoon|spd|1\n|\n|-weather|none\n|-damage|p2a: Obstagoon|0 fnt|[from] brn\n|faint|p2a: Obstagoon\n|upkeep\n|\n|t:|1666514892\n|switch|p2a: Bisharp|Bisharp, L80, F|235\/235\n|turn|15\n|\n|t:|1666514896\n|move|p1a: Carracosta|Aqua Jet|p2a: Bisharp\n|-damage|p2a: Bisharp|189\/235\n|move|p2a: Bisharp|Knock Off|p1a: Carracosta\n|-damage|p1a: Carracosta|0 fnt\n|faint|p1a: Carracosta\n|-damage|p2a: Bisharp|166\/235|[from] item: Life Orb\n|\n|upkeep\n|\n|t:|1666514902\n|switch|p1a: Gyarados|Gyarados, L76, M|269\/269\n|turn|16\n|\n|t:|1666514914\n|-start|p1a: Gyarados|Dynamax|\n|-heal|p1a: Gyarados|538\/538|[silent]\n|move|p1a: Gyarados|Max Quake|p2a: Bisharp\n|-supereffective|p2a: Bisharp\n|-damage|p2a: Bisharp|0 fnt\n|-boost|p1a: Gyarados|spd|1\n|faint|p2a: Bisharp\n|-ability|p1a: Gyarados|Moxie|boost\n|-boost|p1a: Gyarados|atk|1\n|\n|upkeep\n|\n|t:|1666514919\n|switch|p2a: Shiftry|Shiftry, L86, M|266\/295\n|turn|17\n|\n|t:|1666514926\n|-start|p2a: Shiftry|Dynamax|\n|-heal|p2a: Shiftry|532\/590|[silent]\n|move|p2a: Shiftry|Max Guard|p2a: Shiftry\n|-singleturn|p2a: Shiftry|Max Guard\n|move|p1a: Gyarados|Max Airstream|p2a: Shiftry\n|-activate|p2a: Shiftry|move: Max Guard\n|\n|upkeep\n|turn|18\n|\n|t:|1666514940\n|move|p2a: Shiftry|Max Flare|p1a: Gyarados\n|-resisted|p1a: Gyarados\n|-damage|p1a: Gyarados|498\/538\n|-weather|SunnyDay\n|-damage|p2a: Shiftry|503\/590|[from] item: Life Orb\n|move|p1a: Gyarados|Max Airstream|p2a: Shiftry\n|-supereffective|p2a: Shiftry\n|-damage|p2a: Shiftry|0 fnt\n|-boost|p1a: Gyarados|spe|1\n|faint|p2a: Shiftry\n|\n|win|leo solos\n|n|\u2606leo solos|leosolos\n|n|\u2606Trogba Trogba|trogbatrogba\n|n| sirinterweb|sirinterweb\n","inputlog":">version 9c5d654b898167f5ae9ca6e9cc2965040adf185e\n>start {\"formatid\":\"gen8monotyperandombattle\",\"seed\":[789,16116,38508,27809],\"rated\":\"Tournament battle\"}\n>player p1 {\"name\":\"leo solos\",\"avatar\":\"266\",\"rating\":0,\"seed\":[15927,48338,53543,23168]}\n>player p2 {\"name\":\"Trogba Trogba\",\"avatar\":\"lance\",\"rating\":0,\"seed\":[62909,57506,46380,63975]}\n>p1 move scald\n>p2 move bulkup\n>p1 move protect\n>p2 move facade\n>p1 move scald\n>p2 move facade\n>p1 switch 6\n>p1 move closecombat\n>p2 switch 5\n>p1 move protect\n>p2 move thunderbolt\n>p1 move closecombat\n>p2 move thunderbolt\n>p2 switch 3\n>p1 move hydropump\n>p2 move oblivionwing\n>p1 switch 3\n>p1 move stoneedge\n>p2 move knockoff\n>chat \u2606Trogba Trogba|that mattered\n>p2 switch 6\n>p1 switch 5\n>p2 move leafstorm\n>p1 move fireblast\n>p2 switch 2\n>p1 move hydropump\n>p2 move dragondance\n>p1 switch 2\n>p2 move crunch\n>p2 switch 5\n>p1 move scald\n>p2 move closecombat\n>p1 switch 5\n>p1 move aquajet\n>p2 move closecombat\n>p2 switch 4\n>p1 move aquajet\n>p2 move knockoff\n>p1 switch 4\n>p1 move earthquake dynamax\n>p2 move knockoff\n>p2 switch 2\n>p1 move bounce dynamax\n>p2 move nastyplot dynamax\n>p1 move bounce dynamax\n>p2 move heatwave dynamax","uploadtime":1666514942,"views":3,"p1id":"leosolos","p2id":"trogbatrogba","formatid":"gen8monotyperandombattle","rating":0,"private":0,"password":null}