{"id":"gen8doublesou-1605872075","p1":"EggnSpam","p2":"AlphaTherai","format":"gen8doublesou","log":"|j|\u2606EggnSpam\n|j|\u2606AlphaTherai\n|t:|1656408721\n|gametype|doubles\n|player|p1|EggnSpam|169|1020\n|player|p2|AlphaTherai|265|1101\n|teamsize|p1|6\n|teamsize|p2|6\n|gen|8\n|tier|[Gen 8] Doubles OU\n|rated|\n|rule|Species Clause: Limit one of each Pok\u00e9mon\n|rule|OHKO Clause: OHKO moves are banned\n|rule|Evasion Moves Clause: Evasion moves are banned\n|rule|Gravity Sleep Clause: The combination of sleep-inducing moves with imperfect accuracy and Gravity or Gigantamax Orbeetle are banned\n|rule|Endless Battle Clause: Forcing endless battles is banned\n|rule|HP Percentage Mod: HP is shown in percentages\n|rule|Dynamax Clause: You cannot dynamax\n|rule|Swagger Clause: Swagger is banned\n|clearpoke\n|poke|p1|Hippowdon, F|\n|poke|p1|Garchomp, F|\n|poke|p1|Scizor, M|\n|poke|p1|Azumarill, F|\n|poke|p1|Kyurem-Black|\n|poke|p1|Ferrothorn, F|\n|poke|p2|Pelipper, F|\n|poke|p2|Pheromosa|\n|poke|p2|Dracovish|\n|poke|p2|Cinderace, F|\n|poke|p2|Dugtrio-Alola, F|\n|poke|p2|Pikachu, F|\n|teampreview\n|inactive|Battle timer is ON: inactive players will automatically lose when time's up. (requested by EggnSpam)\n|\n|t:|1656408753\n|start\n|switch|p1a: Hippowdon|Hippowdon, F|100\/100\n|switch|p1b: Garchomp|Garchomp, F|100\/100\n|switch|p2a: Pikachu|Pikachu, F, shiny|100\/100\n|switch|p2b: Dracovish|Dracovish, shiny|100\/100\n|-weather|Sandstorm|[from] ability: Sand Stream|[of] p1a: Hippowdon\n|turn|1\n|\n|t:|1656408767\n|move|p2a: Pikachu|Fake Out|p1b: Garchomp\n|-damage|p1b: Garchomp|89\/100\n|cant|p1b: Garchomp|flinch\n|move|p2b: Dracovish|Fishious Rend|p1a: Hippowdon\n|-supereffective|p1a: Hippowdon\n|-damage|p1a: Hippowdon|0 fnt\n|-damage|p2b: Dracovish|84\/100|[from] item: Rocky Helmet|[of] p1a: Hippowdon\n|faint|p1a: Hippowdon\n|\n|-weather|Sandstorm|[upkeep]\n|-damage|p2a: Pikachu|94\/100|[from] Sandstorm\n|-damage|p2b: Dracovish|78\/100|[from] Sandstorm\n|upkeep\n|\n|t:|1656408774\n|switch|p1a: Azumarill|Azumarill, F|100\/100\n|turn|2\n|\n|t:|1656408783\n|switch|p2b: Pelipper|Pelipper, F, shiny|100\/100\n|-weather|RainDance|[from] ability: Drizzle|[of] p2b: Pelipper\n|switch|p1a: Scizor|Scizor, M|100\/100\n|move|p1b: Garchomp|Outrage|p2b: Pelipper\n|-damage|p2b: Pelipper|30\/100\n|-enditem|p2b: Pelipper|Eject Button\n|\n|t:|1656408800\n|switch|p2b: Pheromosa|Pheromosa, shiny|100\/100\n|move|p2a: Pikachu|Thunder|p1a: Scizor\n|-damage|p1a: Scizor|46\/100\n|\n|-weather|RainDance|[upkeep]\n|upkeep\n|turn|3\n|\n|t:|1656408812\n|move|p1a: Scizor|Bullet Punch|p2a: Pikachu\n|-resisted|p2a: Pikachu\n|-damage|p2a: Pikachu|31\/100\n|move|p2b: Pheromosa|Triple Axel|p1b: Garchomp\n|-supereffective|p1b: Garchomp\n|-enditem|p1b: Garchomp|Yache Berry|[eat]\n|-enditem|p1b: Garchomp|Yache Berry|[weaken]\n|-damage|p1b: Garchomp|73\/100\n|-supereffective|p1b: Garchomp\n|-damage|p1b: Garchomp|11\/100\n|-supereffective|p1b: Garchomp\n|-damage|p1b: Garchomp|0 fnt\n|faint|p1b: Garchomp\n|-ability|p2b: Pheromosa|Beast Boost|boost\n|-boost|p2b: Pheromosa|spe|1\n|-hitcount|p1: Garchomp|3\n|move|p2a: Pikachu|Thunder|p1a: Scizor\n|-damage|p1a: Scizor|0 fnt\n|faint|p1a: Scizor\n|\n|-weather|RainDance|[upkeep]\n|upkeep\n|\n|t:|1656408823\n|switch|p1b: Kyurem|Kyurem-Black|100\/100\n|switch|p1a: Ferrothorn|Ferrothorn, F|100\/100\n|-ability|p1b: Kyurem|Teravolt\n|turn|4\n|\n|t:|1656408833\n|move|p2b: Pheromosa|U-turn|p1b: Kyurem\n|-damage|p1b: Kyurem|69\/100\n|\n|t:|1656408837\n|switch|p2b: Pelipper|Pelipper, F, shiny|30\/100|[from]move: U-turn\n|move|p2a: Pikachu|Electroweb|p1a: Ferrothorn|[spread] p1a,p1b\n|-resisted|p1a: Ferrothorn\n|-resisted|p1b: Kyurem\n|-damage|p1a: Ferrothorn|95\/100\n|-damage|p1b: Kyurem|58\/100\n|-unboost|p1a: Ferrothorn|spe|1\n|-unboost|p1b: Kyurem|spe|1\n|move|p1b: Kyurem|Fusion Bolt|p2b: Pelipper\n|-supereffective|p2b: Pelipper\n|-damage|p2b: Pelipper|0 fnt\n|faint|p2b: Pelipper\n|move|p1a: Ferrothorn|Energy Ball|p2a: Pikachu\n|-damage|p2a: Pikachu|0 fnt\n|faint|p2a: Pikachu\n|\n|-weather|RainDance|[upkeep]\n|-heal|p1b: Kyurem|64\/100|[from] item: Leftovers\n|upkeep\n|\n|t:|1656408858\n|switch|p2a: Dugtrio|Dugtrio-Alola, F|100\/100\n|switch|p2b: Dracovish|Dracovish, shiny|78\/100\n|turn|5\n|\n|t:|1656408873\n|move|p2a: Dugtrio|Iron Head|p1b: Kyurem\n|-supereffective|p1b: Kyurem\n|-damage|p1b: Kyurem|0 fnt\n|faint|p1b: Kyurem\n|-damage|p2a: Dugtrio|91\/100|[from] item: Life Orb\n|move|p2b: Dracovish|Crunch|p1a: Ferrothorn\n|-damage|p1a: Ferrothorn|57\/100\n|-damage|p2b: Dracovish|66\/100|[from] ability: Iron Barbs|[of] p1a: Ferrothorn\n|move|p1a: Ferrothorn|Energy Ball|p2a: Dugtrio\n|-damage|p2a: Dugtrio|47\/100\n|\n|-weather|RainDance|[upkeep]\n|upkeep\n|\n|t:|1656408878\n|switch|p1b: Azumarill|Azumarill, F|100\/100\n|turn|6\n|\n|t:|1656408886\n|move|p2a: Dugtrio|Sludge Wave|p1a: Ferrothorn|[spread] p2b,p1b\n|-immune|p1a: Ferrothorn\n|-supereffective|p1b: Azumarill\n|-damage|p2b: Dracovish|54\/100\n|-damage|p1b: Azumarill|77\/100\n|-damage|p2a: Dugtrio|37\/100|[from] item: Life Orb\n|move|p2b: Dracovish|Crunch|p1a: Ferrothorn\n|-damage|p1a: Ferrothorn|16\/100\n|-damage|p2b: Dracovish|42\/100|[from] ability: Iron Barbs|[of] p1a: Ferrothorn\n|move|p1b: Azumarill|Aqua Tail|p2a: Dugtrio\n|-supereffective|p2a: Dugtrio\n|-damage|p2a: Dugtrio|0 fnt\n|-ability|p2a: Dugtrio|Tangling Hair\n|-unboost|p1b: Azumarill|spe|1\n|faint|p2a: Dugtrio\n|move|p1a: Ferrothorn|Energy Ball|p2b: Dracovish\n|-damage|p2b: Dracovish|22\/100\n|\n|-weather|none\n|-status|p1b: Azumarill|brn|[from] item: Flame Orb\n|upkeep\n|\n|t:|1656408898\n|switch|p2a: Cinderace|Cinderace, F, shiny|100\/100\n|turn|7\n|\n|t:|1656408915\n|move|p2a: Cinderace|Bounce||[still]\n|-prepare|p2a: Cinderace|Bounce\n|-start|p2a: Cinderace|typechange|Flying|[from] ability: Libero\n|move|p2b: Dracovish|Crunch|p1a: Ferrothorn\n|-damage|p1a: Ferrothorn|0 fnt\n|-damage|p2b: Dracovish|10\/100|[from] ability: Iron Barbs|[of] p1a: Ferrothorn\n|faint|p1a: Ferrothorn\n|move|p1b: Azumarill|Aqua Tail|p2a: Cinderace|[miss]\n|-miss|p1b: Azumarill|p2a: Cinderace\n|\n|-damage|p1b: Azumarill|71\/100 brn|[from] brn\n|upkeep\n|turn|8\n|\n|t:|1656408926\n|move|p2a: Cinderace|Bounce|p1b: Azumarill|[from]lockedmove\n|-damage|p1b: Azumarill|16\/100 brn\n|-damage|p2a: Cinderace|91\/100|[from] item: Life Orb\n|move|p2b: Dracovish|Crunch|p1b: Azumarill\n|-resisted|p1b: Azumarill\n|-damage|p1b: Azumarill|0 fnt\n|faint|p1b: Azumarill\n|\n|win|AlphaTherai\n|raw|EggnSpam's rating: 1020 &rarr; <strong>1010<\/strong><br \/>(-10 for losing)\n|raw|AlphaTherai's rating: 1101 &rarr; <strong>1120<\/strong><br \/>(+19 for winning)\n|l|\u2606EggnSpam\n||Ladder isn't responding, score probably updated but might not have (Request timeout).\n","uploadtime":1656408975,"views":6,"p1id":"eggnspam","p2id":"alphatherai","formatid":"gen8doublesou","rating":1010,"private":0,"password":null}