{"id":"gen8bdspou-1458225753","p1":"On the Wage","p2":"Hikari-miyako","format":"gen8bdspou","log":"|j|\u2606On the Wage\n|j|\u2606Hikari-miyako\n|t:|1637491293\n|gametype|singles\n|player|p1|On the Wage|pokekid|1190\n|player|p2|Hikari-miyako|ariana|1116\n|teamsize|p1|6\n|teamsize|p2|6\n|gen|8\n|tier|[Gen 8 BDSP] OU\n|rated|\n|rule|Sleep Clause Mod: Limit one foe put to sleep\n|rule|Species Clause: Limit one of each Pok\u00e9mon\n|rule|OHKO Clause: OHKO moves are banned\n|rule|Evasion Moves Clause: Evasion moves are banned\n|rule|Endless Battle Clause: Forcing endless battles is banned\n|rule|HP Percentage Mod: HP is shown in percentages\n|clearpoke\n|poke|p1|Infernape, M|\n|poke|p1|Swampert, M|\n|poke|p1|Empoleon, M|\n|poke|p1|Blaziken, F|\n|poke|p1|Latios, M|\n|poke|p1|Latias, F|\n|poke|p2|Garchomp, F|\n|poke|p2|Tyranitar, M|\n|poke|p2|Latios, M|\n|poke|p2|Gliscor, M|\n|poke|p2|Blaziken, M|\n|poke|p2|Skarmory, F|\n|teampreview\n|inactive|Battle timer is ON: inactive players will automatically lose when time's up. (requested by On the Wage)\n|\n|t:|1637491308\n|start\n|switch|p1a: Blaziken|Blaziken, F|100\/100\n|switch|p2a: Skarmory|Skarmory, F|100\/100\n|turn|1\n|\n|t:|1637491316\n|move|p1a: Blaziken|Flare Blitz|p2a: Skarmory\n|-supereffective|p2a: Skarmory\n|-ability|p2a: Skarmory|Sturdy\n|-damage|p2a: Skarmory|1\/100\n|-damage|p1a: Blaziken|64\/100|[from] Recoil\n|move|p2a: Skarmory|Stealth Rock|p1a: Blaziken\n|-sidestart|p1: On the Wage|move: Stealth Rock\n|\n|-heal|p2a: Skarmory|7\/100|[from] item: Leftovers\n|-ability|p1a: Blaziken|Speed Boost|boost\n|-boost|p1a: Blaziken|spe|1\n|upkeep\n|turn|2\n|\n|t:|1637491319\n|move|p1a: Blaziken|Flare Blitz|p2a: Skarmory\n|-supereffective|p2a: Skarmory\n|-damage|p2a: Skarmory|0 fnt\n|faint|p2a: Skarmory\n|-damage|p1a: Blaziken|62\/100|[from] Recoil\n|\n|-ability|p1a: Blaziken|Speed Boost|boost\n|-boost|p1a: Blaziken|spe|1\n|upkeep\n|\n|t:|1637491322\n|switch|p2a: Gliscor|Gliscor, M|100\/100\n|turn|3\n|\n|t:|1637491327\n|switch|p1a: Latios|Latios, M|100\/100\n|-damage|p1a: Latios|88\/100|[from] Stealth Rock\n|move|p2a: Gliscor|Earthquake|p1a: Latios\n|-immune|p1a: Latios|[from] ability: Levitate\n|\n|-status|p2a: Gliscor|tox|[from] item: Toxic Orb\n|upkeep\n|turn|4\n|\n|t:|1637491334\n|switch|p2a: Tyranitar|Tyranitar, M|100\/100\n|-weather|Sandstorm|[from] ability: Sand Stream|[of] p2a: Tyranitar\n|move|p1a: Latios|Surf|p2a: Tyranitar\n|-supereffective|p2a: Tyranitar\n|-damage|p2a: Tyranitar|41\/100\n|\n|-weather|Sandstorm|[upkeep]\n|-damage|p1a: Latios|82\/100|[from] Sandstorm\n|upkeep\n|turn|5\n|\n|t:|1637491338\n|switch|p2a: Latios|Latios, M|100\/100\n|move|p1a: Latios|Surf|p2a: Latios\n|-resisted|p2a: Latios\n|-damage|p2a: Latios|76\/100\n|\n|-weather|Sandstorm|[upkeep]\n|-damage|p2a: Latios|70\/100|[from] Sandstorm\n|-damage|p1a: Latios|76\/100|[from] Sandstorm\n|upkeep\n|turn|6\n|\n|t:|1637491343\n|switch|p1a: Empoleon|Empoleon, M|100\/100\n|-damage|p1a: Empoleon|94\/100|[from] Stealth Rock\n|move|p2a: Latios|Draco Meteor|p1a: Empoleon\n|-resisted|p1a: Empoleon\n|-damage|p1a: Empoleon|38\/100\n|-unboost|p2a: Latios|spa|2\n|\n|-weather|Sandstorm|[upkeep]\n|-damage|p2a: Latios|64\/100|[from] Sandstorm\n|upkeep\n|turn|7\n|\n|t:|1637491350\n|switch|p2a: Gliscor|Gliscor, M|100\/100 tox\n|move|p1a: Empoleon|Agility|p1a: Empoleon\n|-boost|p1a: Empoleon|spe|2\n|\n|-weather|Sandstorm|[upkeep]\n|upkeep\n|turn|8\n|\n|t:|1637491355\n|move|p1a: Empoleon|Ice Beam|p2a: Gliscor\n|-supereffective|p2a: Gliscor\n|-damage|p2a: Gliscor|0 fnt\n|faint|p2a: Gliscor\n|\n|-weather|Sandstorm|[upkeep]\n|upkeep\n|\n|t:|1637491367\n|switch|p2a: Blaziken|Blaziken, M|100\/100\n|turn|9\n|\n|t:|1637491375\n|switch|p2a: Latios|Latios, M|64\/100\n|move|p1a: Empoleon|Hydro Pump|p2a: Latios\n|-resisted|p2a: Latios\n|-damage|p2a: Latios|33\/100\n|\n|-weather|Sandstorm|[upkeep]\n|-damage|p2a: Latios|27\/100|[from] Sandstorm\n|upkeep\n|turn|10\n|\n|t:|1637491382\n|move|p1a: Empoleon|Ice Beam|p2a: Latios\n|-supereffective|p2a: Latios\n|-damage|p2a: Latios|0 fnt\n|faint|p2a: Latios\n|\n|-weather|Sandstorm|[upkeep]\n|upkeep\n|\n|t:|1637491387\n|switch|p2a: Tyranitar|Tyranitar, M|41\/100\n|turn|11\n|\n|t:|1637491392\n|move|p1a: Empoleon|Grass Knot|p2a: Tyranitar\n|-supereffective|p2a: Tyranitar\n|-damage|p2a: Tyranitar|0 fnt\n|faint|p2a: Tyranitar\n|\n|-weather|none\n|upkeep\n|\n|t:|1637491394\n|switch|p2a: Blaziken|Blaziken, M|100\/100\n|turn|12\n|\n|t:|1637491396\n|move|p1a: Empoleon|Hydro Pump|p2a: Blaziken\n|-supereffective|p2a: Blaziken\n|-enditem|p2a: Blaziken|Focus Sash\n|-damage|p2a: Blaziken|1\/100\n|move|p2a: Blaziken|Swords Dance|p2a: Blaziken\n|-boost|p2a: Blaziken|atk|2\n|\n|-ability|p2a: Blaziken|Speed Boost|boost\n|-boost|p2a: Blaziken|spe|1\n|upkeep\n|turn|13\n|\n|t:|1637491400\n|move|p1a: Empoleon|Ice Beam|p2a: Blaziken\n|-resisted|p2a: Blaziken\n|-damage|p2a: Blaziken|0 fnt\n|faint|p2a: Blaziken\n|\n|upkeep\n|-message|Hikari-miyako forfeited.\n|\n|win|On the Wage\n|raw|On the Wage's rating: 1190 &rarr; <strong>1210<\/strong><br \/>(+20 for winning)\n|raw|Hikari-miyako's rating: 1116 &rarr; <strong>1096<\/strong><br \/>(-20 for losing)\n|l|\u2606Hikari-miyako\n","uploadtime":1637491409,"views":25,"p1id":"onthewage","p2id":"hikarimiyako","formatid":"gen8bdspou","rating":1096,"private":0,"password":null}