{"id":"gen8ou-1522855279","p1":"Infernoss","p2":"Keiran74","format":"gen8ou","log":"|j|\u2606Infernoss\n|j|\u2606Keiran74\n|t:|1646334717\n|gametype|singles\n|player|p1|Infernoss|chili|1694\n|player|p2|Keiran74|170|1709\n|teamsize|p1|6\n|teamsize|p2|6\n|gen|8\n|tier|[Gen 8] OU\n|rated|\n|rule|Sleep Clause Mod: Limit one foe put to sleep\n|rule|Species Clause: Limit one of each Pok\u00e9mon\n|rule|OHKO Clause: OHKO moves are banned\n|rule|Evasion Moves Clause: Evasion moves are banned\n|rule|Endless Battle Clause: Forcing endless battles is banned\n|rule|HP Percentage Mod: HP is shown in percentages\n|rule|Dynamax Clause: You cannot dynamax\n|clearpoke\n|poke|p1|Slowbro, F|\n|poke|p1|Hatterene, F|\n|poke|p1|Marowak-Alola, M|\n|poke|p1|Ferrothorn, F|\n|poke|p1|Garchomp, F|\n|poke|p1|Drampa, M|\n|poke|p2|Weavile, M|\n|poke|p2|Slowbro, M|\n|poke|p2|Garchomp, M|\n|poke|p2|Corviknight, M|\n|poke|p2|Gengar, F|\n|poke|p2|Urshifu-*, F|\n|teampreview\n|j| 0SiegeWarfare\n|\n|t:|1646334732\n|start\n|switch|p1a: Sharpo|Garchomp, F|100\/100\n|switch|p2a: Gengar|Gengar, F|100\/100\n|turn|1\n|\n|t:|1646334738\n|switch|p2a: Slowbro|Slowbro, M|100\/100\n|move|p1a: Sharpo|Earthquake|p2a: Slowbro\n|-damage|p2a: Slowbro|71\/100\n|\n|upkeep\n|turn|2\n|\n|t:|1646334746\n|switch|p1a: Sonso|Slowbro, F|100\/100\n|move|p2a: Slowbro|Teleport|p2a: Slowbro\n|\n|t:|1646334751\n|switch|p2a: Gengar|Gengar, F|100\/100|[from]move: Teleport\n|\n|upkeep\n|turn|3\n|\n|t:|1646334760\n|switch|p1a: Thorns|Ferrothorn, F|100\/100\n|move|p2a: Gengar|Trick|p1a: Thorns\n|-activate|p2a: Gengar|move: Trick|[of] p1a: Thorns\n|-item|p1a: Thorns|Choice Scarf|[from] move: Trick\n|-item|p2a: Gengar|Shed Shell|[from] move: Trick\n|\n|upkeep\n|turn|4\n|c| 0SiegeWarfare|wp\n|\n|t:|1646334772\n|switch|p2a: Slowbro|Slowbro, M|100\/100\n|move|p1a: Thorns|Leech Seed|p2a: Slowbro\n|-start|p2a: Slowbro|move: Leech Seed\n|\n|-damage|p2a: Slowbro|88\/100|[from] Leech Seed|[of] p1a: Thorns\n|upkeep\n|turn|5\n|\n|t:|1646334782\n|switch|p1a: Sonso|Slowbro, F|100\/100\n|move|p2a: Slowbro|Teleport|p2a: Slowbro\n|\n|t:|1646334789\n|switch|p2a: Gengar|Gengar, F|100\/100|[from]move: Teleport\n|\n|upkeep\n|turn|6\n|\n|t:|1646334794\n|switch|p1a: Thorns|Ferrothorn, F|100\/100\n|move|p2a: Gengar|Sludge Wave|p1a: Thorns\n|-immune|p1a: Thorns\n|\n|upkeep\n|turn|7\n|\n|t:|1646334801\n|switch|p2a: Slowbro|Slowbro, M|100\/100\n|move|p1a: Thorns|Stealth Rock|p2a: Slowbro\n|-sidestart|p2: Keiran74|move: Stealth Rock\n|\n|upkeep\n|turn|8\n|\n|t:|1646334807\n|switch|p1a: Sonso|Slowbro, F|100\/100\n|move|p2a: Slowbro|Teleport|p2a: Slowbro\n|\n|t:|1646334809\n|switch|p2a: Corviknight|Corviknight, M, shiny|100\/100|[from]move: Teleport\n|-damage|p2a: Corviknight|88\/100|[from] Stealth Rock\n|-ability|p2a: Corviknight|Pressure\n|\n|-heal|p2a: Corviknight|94\/100|[from] item: Leftovers\n|upkeep\n|turn|9\n|\n|t:|1646334817\n|move|p2a: Corviknight|Defog|p1a: Sonso\n|-unboost|p1a: Sonso|evasion|1\n|-sideend|p2: Keiran74|Stealth Rock|[from] move: Defog|[of] p2a: Corviknight\n|move|p1a: Sonso|Trick Room|p1a: Sonso\n|-fieldstart|move: Trick Room|[of] p1a: Sonso\n|\n|-heal|p2a: Corviknight|100\/100|[from] item: Leftovers\n|upkeep\n|turn|10\n|inactive|Battle timer is ON: inactive players will automatically lose when time's up. (requested by Keiran74)\n|\n|t:|1646334824\n|switch|p1a: Falko|Drampa, M|100\/100\n|move|p2a: Corviknight|U-turn|p1a: Falko\n|-damage|p1a: Falko|85\/100\n|\n|t:|1646334833\n|switch|p2a: Gengar|Gengar, F|100\/100|[from]move: U-turn\n|\n|upkeep\n|turn|11\n|\n|t:|1646334837\n|switch|p2a: Corviknight|Corviknight, M, shiny|100\/100\n|-ability|p2a: Corviknight|Pressure\n|move|p1a: Falko|Thunderbolt|p2a: Corviknight\n|-supereffective|p2a: Corviknight\n|-damage|p2a: Corviknight|35\/100\n|-damage|p1a: Falko|75\/100|[from] item: Life Orb\n|\n|-heal|p2a: Corviknight|41\/100|[from] item: Leftovers\n|upkeep\n|turn|12\n|\n|t:|1646334850\n|move|p1a: Falko|Focus Blast|p2a: Corviknight\n|-damage|p2a: Corviknight|0 fnt\n|faint|p2a: Corviknight\n|-damage|p1a: Falko|66\/100|[from] item: Life Orb\n|\n|upkeep\n|\n|t:|1646334860\n|switch|p2a: Garchomp|Garchomp, M|100\/100\n|turn|13\n|\n|t:|1646334862\n|move|p1a: Falko|Ice Beam|p2a: Garchomp\n|-supereffective|p2a: Garchomp\n|-damage|p2a: Garchomp|0 fnt\n|faint|p2a: Garchomp\n|-damage|p1a: Falko|56\/100|[from] item: Life Orb\n|\n|-fieldend|move: Trick Room\n|upkeep\n|\n|t:|1646334873\n|switch|p2a: Urshifu|Urshifu-Rapid-Strike, F|100\/100\n|turn|14\n|\n|t:|1646334883\n|switch|p2a: Gengar|Gengar, F|100\/100\n|switch|p1a: Thorns|Ferrothorn, F|100\/100\n|\n|upkeep\n|turn|15\n|\n|t:|1646334891\n|move|p2a: Gengar|Focus Blast|p1a: Thorns\n|-supereffective|p1a: Thorns\n|-damage|p1a: Thorns|47\/100\n|move|p1a: Thorns|Gyro Ball|p2a: Gengar\n|-damage|p2a: Gengar|14\/100\n|\n|upkeep\n|turn|16\n|\n|t:|1646334902\n|move|p2a: Gengar|Focus Blast|p1a: Thorns\n|-supereffective|p1a: Thorns\n|-damage|p1a: Thorns|0 fnt\n|faint|p1a: Thorns\n|\n|upkeep\n|\n|t:|1646334908\n|switch|p1a: Sharpo|Garchomp, F|100\/100\n|turn|17\n|\n|t:|1646334913\n|switch|p2a: Slowbro|Slowbro, M|100\/100\n|move|p1a: Sharpo|Earthquake|p2a: Slowbro\n|-damage|p2a: Slowbro|66\/100\n|\n|upkeep\n|turn|18\n|\n|t:|1646334922\n|move|p1a: Sharpo|Scale Shot|p2a: Slowbro\n|-damage|p2a: Slowbro|58\/100\n|-damage|p2a: Slowbro|49\/100\n|-damage|p2a: Slowbro|41\/100\n|-damage|p2a: Slowbro|32\/100\n|-damage|p2a: Slowbro|23\/100\n|-hitcount|p2a: Slowbro|5\n|-unboost|p1a: Sharpo|def|1\n|-boost|p1a: Sharpo|spe|1\n|move|p2a: Slowbro|Teleport|p2a: Slowbro\n|\n|t:|1646334927\n|switch|p2a: Weavile|Weavile, M|100\/100|[from]move: Teleport\n|-ability|p2a: Weavile|Pressure\n|\n|upkeep\n|turn|19\n|\n|t:|1646334937\n|switch|p1a: Sonso|Slowbro, F|100\/100\n|move|p2a: Weavile|Knock Off|p1a: Sonso\n|-supereffective|p1a: Sonso\n|-enditem|p1a: Sonso|Colbur Berry|[eat]\n|-enditem|p1a: Sonso|Colbur Berry|[weaken]\n|-damage|p1a: Sonso|56\/100\n|\n|upkeep\n|turn|20\n|\n|t:|1646334946\n|switch|p1a: Sharpo|Garchomp, F|100\/100\n|move|p2a: Weavile|Knock Off|p1a: Sharpo\n|-damage|p1a: Sharpo|32\/100\n|-damage|p2a: Weavile|88\/100|[from] ability: Rough Skin|[of] p1a: Sharpo\n|-enditem|p1a: Sharpo|Leftovers|[from] move: Knock Off|[of] p2a: Weavile\n|\n|upkeep\n|turn|21\n|\n|t:|1646334954\n|move|p2a: Weavile|Knock Off|p1a: Sharpo\n|-crit|p1a: Sharpo\n|-damage|p1a: Sharpo|0 fnt\n|-damage|p2a: Weavile|76\/100|[from] ability: Rough Skin|[of] p1a: Sharpo\n|faint|p1a: Sharpo\n|\n|upkeep\n|j| Cachou10\n|\n|t:|1646334959\n|switch|p1a: Sonso|Slowbro, F|89\/100\n|turn|22\n|\n|t:|1646334977\n|move|p2a: Weavile|Knock Off|p1a: Sonso\n|-supereffective|p1a: Sonso\n|-damage|p1a: Sonso|31\/100\n|move|p1a: Sonso|Trick Room|p1a: Sonso\n|-fieldstart|move: Trick Room|[of] p1a: Sonso\n|\n|upkeep\n|turn|23\n|\n|t:|1646334982\n|switch|p2a: Slowbro|Slowbro, M|56\/100\n|move|p1a: Sonso|Body Press|p2a: Slowbro\n|-resisted|p2a: Slowbro\n|-crit|p2a: Slowbro\n|-damage|p2a: Slowbro|44\/100\n|-damage|p1a: Sonso|15\/100|[from] item: Rocky Helmet|[of] p2a: Slowbro\n|\n|upkeep\n|turn|24\n|\n|t:|1646334995\n|switch|p1a: Falko|Drampa, M|56\/100\n|move|p2a: Slowbro|Teleport|p2a: Slowbro\n|\n|t:|1646335000\n|switch|p2a: Weavile|Weavile, M|76\/100|[from]move: Teleport\n|-ability|p2a: Weavile|Pressure\n|\n|upkeep\n|turn|25\n|\n|t:|1646335005\n|switch|p1a: Sonso|Slowbro, F|48\/100\n|move|p2a: Weavile|Ice Shard|p1a: Sonso\n|-resisted|p1a: Sonso\n|-damage|p1a: Sonso|40\/100\n|\n|upkeep\n|turn|26\n|\n|t:|1646335017\n|switch|p1a: Hatterene|Hatterene, F|100\/100\n|switch|p2a: Slowbro|Slowbro, M|77\/100\n|\n|-fieldend|move: Trick Room\n|upkeep\n|turn|27\n|\n|t:|1646335023\n|move|p2a: Slowbro|Teleport|p2a: Slowbro\n|c| 0SiegeWarfare|Infernoss\n|\n|t:|1646335034\n|switch|p2a: Weavile|Weavile, M|76\/100|[from]move: Teleport\n|-ability|p2a: Weavile|Pressure\n|move|p1a: Hatterene|Trick Room|p1a: Hatterene\n|-fieldstart|move: Trick Room|[of] p1a: Hatterene\n|\n|upkeep\n|turn|28\n|c| 0SiegeWarfare|use porygon\n|j| Jdjrnnfkkfkdknfnf\n|c|\u2606Infernoss|is very pasive\n|inactive|Infernoss has 120 seconds left.\n|\n|t:|1646335068\n|switch|p2a: Slowbro|Slowbro, M|100\/100\n|move|p1a: Hatterene|Healing Wish|p1a: Hatterene\n|faint|p1a: Hatterene\n|\n|upkeep\n|\n|t:|1646335073\n|switch|p1a: Billy B.|Marowak-Alola, M|100\/100\n|turn|29\n|\n|t:|1646335084\n|move|p2a: Slowbro|Scald|p1a: Billy B.\n|-supereffective|p1a: Billy B.\n|-damage|p1a: Billy B.|16\/100\n|move|p1a: Billy B.|Poltergeist|p2a: Slowbro\n|-activate|p2a: Slowbro|move: Poltergeist|Rocky Helmet\n|-supereffective|p2a: Slowbro\n|-damage|p2a: Slowbro|0 fnt\n|faint|p2a: Slowbro\n|\n|upkeep\n|\n|t:|1646335095\n|switch|p2a: Urshifu|Urshifu-Rapid-Strike, F|100\/100\n|turn|30\n|\n|t:|1646335112\n|move|p2a: Urshifu|Aqua Jet|p1a: Billy B.\n|-supereffective|p1a: Billy B.\n|-damage|p1a: Billy B.|0 fnt\n|faint|p1a: Billy B.\n|\n|upkeep\n|inactive|Infernoss has 120 seconds left.\n|\n|t:|1646335135\n|switch|p1a: Sonso|Slowbro, F|73\/100\n|-heal|p1a: Sonso|100\/100|[from] move: Healing Wish\n|turn|31\n|\n|t:|1646335144\n|move|p1a: Sonso|Scald|p2a: Urshifu\n|-resisted|p2a: Urshifu\n|-damage|p2a: Urshifu|80\/100\n|move|p2a: Urshifu|Thunder Punch|p1a: Sonso\n|-supereffective|p1a: Sonso\n|-damage|p1a: Sonso|69\/100\n|\n|-fieldend|move: Trick Room\n|upkeep\n|turn|32\n|\n|t:|1646335153\n|move|p2a: Urshifu|Thunder Punch|p1a: Sonso\n|-supereffective|p1a: Sonso\n|-damage|p1a: Sonso|41\/100\n|move|p1a: Sonso|Trick Room|p1a: Sonso\n|-fieldstart|move: Trick Room|[of] p1a: Sonso\n|\n|upkeep\n|turn|33\n|\n|t:|1646335172\n|move|p1a: Sonso|Scald|p2a: Urshifu\n|-resisted|p2a: Urshifu\n|-damage|p2a: Urshifu|61\/100\n|move|p2a: Urshifu|Close Combat|p1a: Sonso\n|-resisted|p1a: Sonso\n|-damage|p1a: Sonso|23\/100\n|-unboost|p2a: Urshifu|def|1\n|-unboost|p2a: Urshifu|spd|1\n|\n|upkeep\n|turn|34\n|\n|t:|1646335181\n|move|p1a: Sonso|Slack Off|p1a: Sonso\n|-heal|p1a: Sonso|73\/100\n|move|p2a: Urshifu|Close Combat|p1a: Sonso\n|-resisted|p1a: Sonso\n|-damage|p1a: Sonso|55\/100\n|-unboost|p2a: Urshifu|def|1\n|-unboost|p2a: Urshifu|spd|1\n|\n|upkeep\n|turn|35\n|\n|t:|1646335188\n|move|p1a: Sonso|Scald|p2a: Urshifu\n|-resisted|p2a: Urshifu\n|-damage|p2a: Urshifu|17\/100\n|move|p2a: Urshifu|Thunder Punch|p1a: Sonso\n|-supereffective|p1a: Sonso\n|-damage|p1a: Sonso|23\/100\n|\n|upkeep\n|turn|36\n|\n|t:|1646335199\n|switch|p2a: Gengar|Gengar, F|14\/100\n|move|p1a: Sonso|Slack Off|p1a: Sonso\n|-heal|p1a: Sonso|73\/100\n|\n|-fieldend|move: Trick Room\n|upkeep\n|turn|37\n|j| ohmahgodaplane\n|\n|t:|1646335208\n|switch|p1a: Falko|Drampa, M|56\/100\n|move|p2a: Gengar|Shadow Ball|p1a: Falko\n|-immune|p1a: Falko\n|\n|upkeep\n|turn|38\n|\n|t:|1646335215\n|move|p2a: Gengar|Sludge Wave|p1a: Falko\n|-damage|p1a: Falko|8\/100\n|-ability|p1a: Falko|Berserk|boost\n|-boost|p1a: Falko|spa|1\n|move|p1a: Falko|Thunderbolt|p2a: Gengar\n|-damage|p2a: Gengar|0 fnt\n|-start|p1a: Falko|Disable|Thunderbolt|[from] ability: Cursed Body|[of] p2a: Gengar\n|faint|p2a: Gengar\n|-damage|p1a: Falko|0 fnt|[from] item: Life Orb\n|faint|p1a: Falko\n|\n|upkeep\n|j| bear kigurumi\n|\n|t:|1646335227\n|switch|p2a: Urshifu|Urshifu-Rapid-Strike, F|17\/100\n|switch|p1a: Sonso|Slowbro, F|100\/100\n|turn|39\n|\n|t:|1646335231\n|move|p2a: Urshifu|Thunder Punch|p1a: Sonso\n|-supereffective|p1a: Sonso\n|-damage|p1a: Sonso|68\/100\n|move|p1a: Sonso|Trick Room|p1a: Sonso\n|-fieldstart|move: Trick Room|[of] p1a: Sonso\n|\n|upkeep\n|turn|40\n|\n|t:|1646335237\n|move|p1a: Sonso|Body Press|p2a: Urshifu\n|-damage|p2a: Urshifu|0 fnt\n|faint|p2a: Urshifu\n|\n|upkeep\n|\n|t:|1646335240\n|switch|p2a: Weavile|Weavile, M|76\/100\n|-ability|p2a: Weavile|Pressure\n|turn|41\n|c|\u2606Infernoss|gg\n|\n|t:|1646335244\n|move|p1a: Sonso|Body Press|p2a: Weavile\n|-supereffective|p2a: Weavile\n|-damage|p2a: Weavile|0 fnt\n|faint|p2a: Weavile\n|\n|win|Infernoss\n|raw|Infernoss's rating: 1694 &rarr; <strong>1715<\/strong><br \/>(+21 for winning)\n|raw|Keiran74's rating: 1709 &rarr; <strong>1688<\/strong><br \/>(-21 for losing)\n|l|\u2606Keiran74\n|l| Cachou10\n|c| 0SiegeWarfare|gg\n|l| 0SiegeWarfare\n||Ladder isn't responding, score probably updated but might not have (Request timeout).\n","uploadtime":1646335261,"views":117,"p1id":"infernoss","p2id":"keiran74","formatid":"gen8ou","rating":1688,"private":0,"password":null}