{"id":"gen8bdspou-1499845431","p1":"cump4","p2":"choke on chalk 19","format":"gen8bdspou","log":"|html|<div class=\"broadcast-blue\"><strong>[Gen 8 BDSP] OU is currently suspecting Gengar! For information on how to participate check out the <a href=\"https:\/\/www.smogon.com\/forums\/threads\/np-bdsp-ou-suspect-process-round-3-ghost-town.3696830\/\">suspect thread<\/a>.<\/strong><\/div>\n|j|\u2606cump4\n|j|\u2606choke on chalk 19\n|t:|1643333120\n|gametype|singles\n|player|p1|cump4|1|1481\n|player|p2|choke on chalk 19|265|1515\n|teamsize|p1|6\n|teamsize|p2|6\n|gen|8\n|tier|[Gen 8 BDSP] OU\n|rated|\n|rule|Sleep Clause Mod: Limit one foe put to sleep\n|rule|Species Clause: Limit one of each Pok\u00e9mon\n|rule|OHKO Clause: OHKO moves are banned\n|rule|Evasion Moves Clause: Evasion moves are banned\n|rule|Endless Battle Clause: Forcing endless battles is banned\n|rule|HP Percentage Mod: HP is shown in percentages\n|clearpoke\n|poke|p1|Gliscor, F|\n|poke|p1|Heatran, F|\n|poke|p1|Rotom-Wash|\n|poke|p1|Gengar, F|\n|poke|p1|Weavile, M|\n|poke|p1|Breloom, M|\n|poke|p2|Slowking, M|\n|poke|p2|Tangrowth, F|\n|poke|p2|Garchomp, M|\n|poke|p2|Empoleon, F|\n|poke|p2|Infernape, M|\n|poke|p2|Rotom-Frost|\n|teampreview\n|c|\u2606choke on chalk 19|hey cump4\n|\n|t:|1643333151\n|start\n|switch|p1a: Gengar|Gengar, F, shiny|100\/100\n|switch|p2a: Tangrowth|Tangrowth, F|100\/100\n|turn|1\n|\n|t:|1643333164\n|move|p1a: Gengar|Nasty Plot|p1a: Gengar\n|-boost|p1a: Gengar|spa|2\n|move|p2a: Tangrowth|Knock Off|p1a: Gengar\n|-supereffective|p1a: Gengar\n|-damage|p1a: Gengar|0 fnt\n|-start|p2a: Tangrowth|Disable|Knock Off|[from] ability: Cursed Body|[of] p1a: Gengar\n|-enditem|p1a: Gengar|Life Orb|[from] move: Knock Off|[of] p2a: Tangrowth\n|faint|p1a: Gengar\n|\n|upkeep\n|c|\u2606choke on chalk 19|lmao\n|\n|t:|1643333171\n|switch|p1a: Heatran|Heatran, F|100\/100\n|turn|2\n|\n|t:|1643333182\n|switch|p1a: Weavile|Weavile, M|100\/100\n|-ability|p1a: Weavile|Pressure\n|switch|p2a: Slowking|Slowking, M|100\/100\n|\n|upkeep\n|turn|3\n|\n|t:|1643333188\n|switch|p2a: Empoleon|Empoleon, F|100\/100\n|move|p1a: Weavile|Icicle Crash|p2a: Empoleon\n|-resisted|p2a: Empoleon\n|-damage|p2a: Empoleon|83\/100\n|\n|-heal|p2a: Empoleon|89\/100|[from] item: Leftovers\n|upkeep\n|turn|4\n|\n|t:|1643333192\n|switch|p1a: Rotom|Rotom-Wash|100\/100\n|move|p2a: Empoleon|Scald|p1a: Rotom\n|-resisted|p1a: Rotom\n|-damage|p1a: Rotom|79\/100\n|-status|p1a: Rotom|brn\n|\n|-heal|p2a: Empoleon|95\/100|[from] item: Leftovers\n|-damage|p1a: Rotom|73\/100 brn|[from] brn\n|upkeep\n|turn|5\n|\n|t:|1643333195\n|switch|p2a: Tangrowth|Tangrowth, F|100\/100\n|move|p1a: Rotom|Volt Switch|p2a: Tangrowth\n|-resisted|p2a: Tangrowth\n|-damage|p2a: Tangrowth|77\/100\n|\n|t:|1643333197\n|switch|p1a: Heatran|Heatran, F|100\/100|[from]move: Volt Switch\n|\n|upkeep\n|turn|6\n|\n|t:|1643333200\n|move|p1a: Heatran|Magma Storm|p2a: Tangrowth|[miss]\n|-miss|p1a: Heatran|p2a: Tangrowth\n|move|p2a: Tangrowth|Earthquake|p1a: Heatran\n|-supereffective|p1a: Heatran\n|-damage|p1a: Heatran|0 fnt\n|faint|p1a: Heatran\n|\n|upkeep\n|\n|t:|1643333201\n|switch|p1a: Weavile|Weavile, M|100\/100\n|-ability|p1a: Weavile|Pressure\n|turn|7\n|c|\u2606choke on chalk 19|god damn\n|c|\u2606choke on chalk 19|im amazing\n|\n|t:|1643333211\n|move|p1a: Weavile|Throat Chop|p2a: Tangrowth\n|-damage|p2a: Tangrowth|41\/100\n|-start|p2a: Tangrowth|Throat Chop|[silent]\n|move|p2a: Tangrowth|Earthquake|p1a: Weavile\n|-damage|p1a: Weavile|19\/100\n|\n|upkeep\n|turn|8\n|\n|t:|1643333223\n|switch|p2a: braindead imbecile|Infernape, M|100\/100\n|move|p1a: Weavile|Throat Chop|p2a: braindead imbecile\n|-resisted|p2a: braindead imbecile\n|-damage|p2a: braindead imbecile|59\/100\n|-start|p2a: braindead imbecile|Throat Chop|[silent]\n|\n|-heal|p2a: braindead imbecile|65\/100|[from] item: Leftovers\n|upkeep\n|turn|9\n|\n|t:|1643333229\n|switch|p1a: Gliscor|Gliscor, F, shiny|100\/100\n|move|p2a: braindead imbecile|Fire Punch|p1a: Gliscor\n|-damage|p1a: Gliscor|77\/100\n|\n|-heal|p2a: braindead imbecile|71\/100|[from] item: Leftovers\n|-end|p2a: braindead imbecile|Throat Chop|[silent]\n|-status|p1a: Gliscor|tox|[from] item: Toxic Orb\n|upkeep\n|turn|10\n|\n|t:|1643333235\n|move|p2a: braindead imbecile|Substitute|p2a: braindead imbecile\n|-start|p2a: braindead imbecile|Substitute\n|-damage|p2a: braindead imbecile|46\/100\n|move|p1a: Gliscor|U-turn|p2a: braindead imbecile\n|-resisted|p2a: braindead imbecile\n|-activate|p2a: braindead imbecile|move: Substitute|[damage]\n|\n|t:|1643333257\n|switch|p1a: Rotom|Rotom-Wash|73\/100 brn|[from]move: U-turn\n|\n|-heal|p2a: braindead imbecile|52\/100|[from] item: Leftovers\n|-damage|p1a: Rotom|67\/100 brn|[from] brn\n|upkeep\n|turn|11\n|\n|t:|1643333260\n|move|p1a: Rotom|Volt Switch|p2a: braindead imbecile\n|-end|p2a: braindead imbecile|Substitute\n|\n|t:|1643333263\n|switch|p1a: Gliscor|Gliscor, F, shiny|77\/100 tox|[from]move: Volt Switch\n|move|p2a: braindead imbecile|Swords Dance|p2a: braindead imbecile\n|-boost|p2a: braindead imbecile|atk|2\n|\n|-heal|p2a: braindead imbecile|59\/100|[from] item: Leftovers\n|-heal|p1a: Gliscor|89\/100 tox|[from] ability: Poison Heal\n|upkeep\n|turn|12\n|\n|t:|1643333269\n|switch|p2a: Rotom|Rotom-Frost|100\/100\n|move|p1a: Gliscor|Earthquake|p2a: Rotom\n|-immune|p2a: Rotom|[from] ability: Levitate\n|\n|-heal|p1a: Gliscor|100\/100 tox|[from] ability: Poison Heal\n|upkeep\n|turn|13\n|\n|t:|1643333276\n|switch|p1a: Breloom|Breloom, M|100\/100\n|move|p2a: Rotom|Volt Switch|p1a: Breloom\n|-resisted|p1a: Breloom\n|-damage|p1a: Breloom|73\/100\n|\n|t:|1643333283\n|switch|p2a: Tangrowth|Tangrowth, F|74\/100|[from]move: Volt Switch\n|\n|-status|p1a: Breloom|tox|[from] item: Toxic Orb\n|upkeep\n|turn|14\n|\n|t:|1643333288\n|move|p1a: Breloom|Substitute|p1a: Breloom\n|-start|p1a: Breloom|Substitute\n|-damage|p1a: Breloom|48\/100 tox\n|move|p2a: Tangrowth|Power Whip|p1a: Breloom\n|-resisted|p1a: Breloom\n|-end|p1a: Breloom|Substitute\n|\n|-heal|p1a: Breloom|60\/100 tox|[from] ability: Poison Heal\n|upkeep\n|turn|15\n|\n|t:|1643333291\n|move|p1a: Breloom|Substitute|p1a: Breloom\n|-start|p1a: Breloom|Substitute\n|-damage|p1a: Breloom|35\/100 tox\n|move|p2a: Tangrowth|Power Whip|p1a: Breloom\n|-resisted|p1a: Breloom\n|-end|p1a: Breloom|Substitute\n|\n|-heal|p1a: Breloom|48\/100 tox|[from] ability: Poison Heal\n|upkeep\n|turn|16\n|\n|t:|1643333296\n|move|p1a: Breloom|Substitute|p1a: Breloom\n|-start|p1a: Breloom|Substitute\n|-damage|p1a: Breloom|23\/100 tox\n|move|p2a: Tangrowth|Power Whip|p1a: Breloom\n|-resisted|p1a: Breloom\n|-end|p1a: Breloom|Substitute\n|\n|-heal|p1a: Breloom|35\/100 tox|[from] ability: Poison Heal\n|upkeep\n|turn|17\n|\n|t:|1643333297\n|move|p1a: Breloom|Substitute|p1a: Breloom\n|-start|p1a: Breloom|Substitute\n|-damage|p1a: Breloom|10\/100 tox\n|move|p2a: Tangrowth|Power Whip|p1a: Breloom\n|-resisted|p1a: Breloom\n|-end|p1a: Breloom|Substitute\n|\n|-heal|p1a: Breloom|23\/100 tox|[from] ability: Poison Heal\n|upkeep\n|turn|18\n|\n|t:|1643333301\n|switch|p1a: Gliscor|Gliscor, F, shiny|100\/100 tox\n|move|p2a: Tangrowth|Power Whip|p1a: Gliscor\n|-damage|p1a: Gliscor|53\/100 tox\n|\n|-heal|p1a: Gliscor|65\/100 tox|[from] ability: Poison Heal\n|upkeep\n|turn|19\n|\n|t:|1643333305\n|move|p1a: Gliscor|U-turn|p2a: Tangrowth\n|-supereffective|p2a: Tangrowth\n|-damage|p2a: Tangrowth|54\/100\n|\n|t:|1643333310\n|switch|p1a: Weavile|Weavile, M|19\/100|[from]move: U-turn\n|-ability|p1a: Weavile|Pressure\n|move|p2a: Tangrowth|Power Whip|p1a: Weavile\n|-damage|p1a: Weavile|0 fnt\n|faint|p1a: Weavile\n|\n|upkeep\n|-message|cump4 forfeited.\n|\n|win|choke on chalk 19\n|raw|cump4's rating: 1481 &rarr; <strong>1463<\/strong><br \/>(-18 for losing)\n|raw|choke on chalk 19's rating: 1515 &rarr; <strong>1533<\/strong><br \/>(+18 for winning)\n|l|\u2606cump4\n|c|\u2606choke on chalk 19|HAHAHA\n|c|\u2606choke on chalk 19|HAH\n","uploadtime":1643333327,"views":9,"p1id":"cump4","p2id":"chokeonchalk19","formatid":"gen8bdspou","rating":1463,"private":0,"password":null}