{"id":"gen8vgc2021-1243784334","p1":"hlwang","p2":"bhkg","format":"gen8vgc2021","log":"|j|\u2606hlwang\n|j|\u2606bhkg\n|t:|1607990332\n|player|p1|hlwang|hilbert-dueldisk|1679\n|player|p2|bhkg|1|1501\n|teamsize|p1|6\n|teamsize|p2|6\n|gametype|doubles\n|gen|8\n|tier|[Gen 8] VGC 2021\n|rated|\n|clearpoke\n|poke|p1|Cinderace, L50, M|\n|poke|p1|Whimsicott, L50, M|\n|poke|p1|Indeedee, L50, M|\n|poke|p1|Urshifu-*, L50, F|\n|poke|p1|Regieleki, L50|\n|poke|p1|Mamoswine, L50, M|\n|poke|p2|Dragonite, L50, F|\n|poke|p2|Coalossal, L50, F|\n|poke|p2|Urshifu-*, L50, F|\n|poke|p2|Amoonguss, L50, F|\n|poke|p2|Raikou, L50|\n|poke|p2|Metagross, L50|\n|rule|Species Clause: Limit one of each Pok\u00e9mon\n|rule|Item Clause: Limit one of each item\n|teampreview|4\n|j| saladninja\n|j| SNOOZEVGC\n|\n|t:|1607990412\n|start\n|switch|p1a: Whimsicott|Whimsicott, L50, M|48\/48\n|switch|p1b: Mamoswine|Mamoswine, L50, M|48\/48\n|switch|p2a: Dragonite|Dragonite, L50, F|48\/48\n|switch|p2b: Coalossal|Coalossal, L50, F, shiny|48\/48\n|turn|1\n|inactive|Battle timer is ON: inactive players will automatically lose when time's up. (requested by hlwang)\n|inactive|hlwang has 60 seconds left.\n|\n|t:|1607990445\n|move|p1a: Whimsicott|Tailwind|p1a: Whimsicott\n|-sidestart|p1: hlwang|move: Tailwind\n|move|p2a: Dragonite|Aqua Jet|p2b: Coalossal\n|-supereffective|p2b: Coalossal\n|-damage|p2b: Coalossal|23\/48\n|-ability|p2b: Coalossal|Steam Engine|boost\n|-boost|p2b: Coalossal|spe|6\n|-enditem|p2b: Coalossal|Weakness Policy\n|-boost|p2b: Coalossal|atk|2|[from] item: Weakness Policy\n|-boost|p2b: Coalossal|spa|2|[from] item: Weakness Policy\n|move|p2b: Coalossal|Heat Wave|p1a: Whimsicott|[spread] p1a,p1b\n|-supereffective|p1a: Whimsicott\n|-supereffective|p1b: Mamoswine\n|-damage|p1a: Whimsicott|0 fnt\n|-damage|p1b: Mamoswine|0 fnt\n|faint|p1a: Whimsicott\n|faint|p1b: Mamoswine\n|\n|upkeep\n|\n|t:|1607990465\n|switch|p1a: Cinderace|Cinderace, L50, M|48\/48\n|switch|p1b: Urshifu|Urshifu-Rapid-Strike, L50, F|48\/48\n|turn|2\n|\n|t:|1607990479\n|-start|p1a: Cinderace|Dynamax\n|-formechange|p1a: Cinderace|Cinderace-Gmax\n|-heal|p1a: Cinderace|48\/48|[silent]\n|move|p1a: Cinderace|Max Strike|p2a: Dragonite\n|-start|p1a: Cinderace|typechange|Normal|[from] ability: Libero\n|-damage|p2a: Dragonite|3\/48\n|-unboost|p2a: Dragonite|spe|1\n|-unboost|p2b: Coalossal|spe|1\n|-damage|p1a: Cinderace|45\/48|[from] item: Life Orb\n|move|p1b: Urshifu|Surging Strikes|p2b: Coalossal\n|-supereffective|p2b: Coalossal\n|-crit|p2b: Coalossal\n|-damage|p2b: Coalossal|0 fnt\n|-hitcount|p2b: Coalossal|1\n|faint|p2b: Coalossal\n|move|p2a: Dragonite|Dual Wingbeat|p1b: Urshifu\n|-supereffective|p1b: Urshifu\n|-damage|p1b: Urshifu|22\/48\n|-supereffective|p1b: Urshifu\n|-damage|p1b: Urshifu|0 fnt\n|-hitcount|p1b: Urshifu|2\n|faint|p1b: Urshifu\n|\n|upkeep\n|\n|t:|1607990486\n|switch|p2b: Raikou|Raikou, L50|48\/48\n|turn|3\n|\n|t:|1607990507\n|move|p1a: Cinderace|Max Knuckle|p2a: Dragonite\n|-start|p1a: Cinderace|typechange|Fighting|[from] ability: Libero\n|-resisted|p2a: Dragonite\n|-crit|p2a: Dragonite\n|-damage|p2a: Dragonite|0 fnt\n|-boost|p1a: Cinderace|atk|1\n|-damage|p1a: Cinderace|43\/48|[from] item: Life Orb\n|faint|p2a: Dragonite\n|move|p2b: Raikou|Reflect|p2b: Raikou\n|-sidestart|p2: bhkg|Reflect\n|\n|upkeep\n|\n|t:|1607990510\n|switch|p2a: Metagross|Metagross, L50, shiny|48\/48\n|turn|4\n|inactive|hlwang has 30 seconds left.\n|\n|t:|1607990542\n|-start|p2a: Metagross|Dynamax\n|-heal|p2a: Metagross|48\/48|[silent]\n|move|p1a: Cinderace|G-Max Fireball|p2a: Metagross\n|-start|p1a: Cinderace|typechange|Fire|[from] ability: Libero\n|-supereffective|p2a: Metagross\n|-damage|p2a: Metagross|13\/48\n|-damage|p1a: Cinderace|41\/48|[from] item: Life Orb\n|move|p2b: Raikou|Scald|p1a: Cinderace\n|-supereffective|p1a: Cinderace\n|-damage|p1a: Cinderace|22\/48\n|move|p2a: Metagross|Max Steelspike|p1a: Cinderace\n|-resisted|p1a: Cinderace\n|-damage|p1a: Cinderace|8\/48\n|-boost|p2a: Metagross|def|1\n|-boost|p2b: Raikou|def|1\n|\n|-sideend|p1: hlwang|move: Tailwind\n|-end|p1a: Cinderace|Dynamax\n|-formechange|p1a: Cinderace|Cinderace\n|-heal|p1a: Cinderace|8\/48|[silent]\n|upkeep\n|turn|5\n|j| RedCharonKnight\n|-message|hlwang forfeited.\n|\n|win|bhkg\n|l|\u2606hlwang\n|l| saladninja\n||Ladder (probably) updated, but score could not be retrieved (Request timeout).\n","uploadtime":1607990571,"views":32,"p1id":"hlwang","p2id":"bhkg","formatid":"gen8vgc2021","rating":0,"private":0,"password":null}