{"id":"gen8ou-1703330730","p1":"bizarman","p2":"misplayin","format":"gen8ou","log":"|j|\u2606bizarman\n|j|\u2606misplayin\n|t:|1667650730\n|gametype|singles\n|player|p1|bizarman|scientist-gen4|1774\n|player|p2|misplayin|bugsy|1726\n|teamsize|p1|6\n|teamsize|p2|6\n|gen|8\n|tier|[Gen 8] OU\n|rated|\n|rule|Sleep Clause Mod: Limit one foe put to sleep\n|rule|Species Clause: Limit one of each Pok\u00e9mon\n|rule|OHKO Clause: OHKO moves are banned\n|rule|Evasion Items Clause: Evasion items are banned\n|rule|Evasion Moves Clause: Evasion moves are banned\n|rule|Endless Battle Clause: Forcing endless battles is banned\n|rule|HP Percentage Mod: HP is shown in percentages\n|rule|Dynamax Clause: You cannot dynamax\n|clearpoke\n|poke|p1|Nidoking, M|\n|poke|p1|Slowbro, F|\n|poke|p1|Dragapult, M|\n|poke|p1|Heatran, M|\n|poke|p1|Buzzwole|\n|poke|p1|Landorus-Therian, M|\n|poke|p2|Tapu Koko|\n|poke|p2|Swampert, M|\n|poke|p2|Ferrothorn, M|\n|poke|p2|Corviknight, M|\n|poke|p2|Urshifu-*, F|\n|poke|p2|Nidoking, M|\n|teampreview\n|inactive|Battle timer is ON: inactive players will automatically lose when time's up. (requested by misplayin)\n|\n|t:|1667650754\n|start\n|switch|p1a: Domas|Landorus-Therian, M|100\/100\n|switch|p2a: Urshifu|Urshifu-Rapid-Strike, F|100\/100\n|-ability|p1a: Domas|Intimidate|boost\n|-unboost|p2a: Urshifu|atk|1\n|turn|1\n|\n|t:|1667650766\n|move|p2a: Urshifu|U-turn|p1a: Domas\n|-resisted|p1a: Domas\n|-crit|p1a: Domas\n|-damage|p1a: Domas|73\/100\n|\n|t:|1667650768\n|switch|p2a: Corviknight|Corviknight, M|100\/100|[from]move: U-turn\n|move|p1a: Domas|U-turn|p2a: Corviknight\n|-resisted|p2a: Corviknight\n|-damage|p2a: Corviknight|96\/100\n|\n|t:|1667650778\n|switch|p1a: Apeas|Heatran, M|100\/100|[from]move: U-turn\n|\n|-heal|p2a: Corviknight|100\/100|[from] item: Leftovers\n|upkeep\n|turn|2\n|\n|t:|1667650788\n|switch|p2a: Swampert|Swampert, M|100\/100\n|move|p1a: Apeas|Stealth Rock|p2a: Swampert\n|-sidestart|p2: misplayin|move: Stealth Rock\n|\n|upkeep\n|turn|3\n|\n|t:|1667650793\n|move|p1a: Apeas|Toxic|p2a: Swampert|[miss]\n|-miss|p1a: Apeas|p2a: Swampert\n|move|p2a: Swampert|Stealth Rock|p1a: Apeas\n|-sidestart|p1: bizarman|move: Stealth Rock\n|\n|upkeep\n|turn|4\n|j| ds des chats\n|\n|t:|1667650798\n|switch|p1a: Hiling|Slowbro, F|100\/100\n|-damage|p1a: Hiling|88\/100|[from] Stealth Rock\n|move|p2a: Swampert|Flip Turn|p1a: Hiling\n|-resisted|p1a: Hiling\n|-damage|p1a: Hiling|82\/100\n|-damage|p2a: Swampert|84\/100|[from] item: Rocky Helmet|[of] p1a: Hiling\n|\n|t:|1667650806\n|switch|p2a: Ferrothorn|Ferrothorn, M|100\/100|[from]move: Flip Turn\n|-damage|p2a: Ferrothorn|94\/100|[from] Stealth Rock\n|\n|upkeep\n|turn|5\n|\n|t:|1667650811\n|move|p2a: Ferrothorn|Spikes|p1a: Hiling\n|-sidestart|p1: bizarman|Spikes\n|move|p1a: Hiling|Teleport|p1a: Hiling\n|\n|t:|1667650814\n|switch|p1a: Apeas|Heatran, M|100\/100|[from]move: Teleport\n|-damage|p1a: Apeas|88\/100|[from] Stealth Rock\n|-damage|p1a: Apeas|76\/100|[from] Spikes\n|\n|-heal|p1a: Apeas|82\/100|[from] item: Leftovers\n|upkeep\n|turn|6\n|\n|t:|1667650822\n|switch|p2a: Swampert|Swampert, M|84\/100\n|-damage|p2a: Swampert|78\/100|[from] Stealth Rock\n|move|p1a: Apeas|Magma Storm|p2a: Swampert\n|-resisted|p2a: Swampert\n|-damage|p2a: Swampert|64\/100\n|-activate|p2a: Swampert|move: Magma Storm|[of] p1a: Apeas\n|\n|-heal|p1a: Apeas|88\/100|[from] item: Leftovers\n|-heal|p2a: Swampert|70\/100|[from] item: Leftovers\n|-damage|p2a: Swampert|58\/100|[from] move: Magma Storm|[partiallytrapped]\n|upkeep\n|turn|7\n|j| Pigglesworth\n|\n|t:|1667650832\n|switch|p1a: Hiling|Slowbro, F|100\/100\n|-damage|p1a: Hiling|88\/100|[from] Stealth Rock\n|-damage|p1a: Hiling|76\/100|[from] Spikes\n|move|p2a: Swampert|Earthquake|p1a: Hiling\n|-damage|p1a: Hiling|52\/100\n|\n|-heal|p2a: Swampert|64\/100|[from] item: Leftovers\n|-end|p2a: Swampert|Magma Storm|[partiallytrapped]|[silent]\n|upkeep\n|turn|8\n|\n|t:|1667650842\n|move|p2a: Swampert|Earthquake|p1a: Hiling\n|-damage|p1a: Hiling|29\/100\n|move|p1a: Hiling|Future Sight|p2a: Swampert\n|-start|p1a: Hiling|move: Future Sight\n|\n|-heal|p2a: Swampert|70\/100|[from] item: Leftovers\n|upkeep\n|turn|9\n|\n|t:|1667650848\n|move|p2a: Swampert|Earthquake|p1a: Hiling\n|-damage|p1a: Hiling|8\/100\n|move|p1a: Hiling|Teleport|p1a: Hiling\n|\n|t:|1667650860\n|switch|p1a: Bebin|Dragapult, M|100\/100|[from]move: Teleport\n|-damage|p1a: Bebin|88\/100|[from] Stealth Rock\n|-damage|p1a: Bebin|76\/100|[from] Spikes\n|\n|-heal|p2a: Swampert|76\/100|[from] item: Leftovers\n|upkeep\n|turn|10\n|\n|t:|1667650867\n|switch|p2a: Corviknight|Corviknight, M|100\/100\n|-damage|p2a: Corviknight|88\/100|[from] Stealth Rock\n|move|p1a: Bebin|Shadow Ball|p2a: Corviknight\n|-damage|p2a: Corviknight|48\/100\n|\n|-end|p2a: Corviknight|move: Future Sight\n|-resisted|p2a: Corviknight\n|-damage|p2a: Corviknight|32\/100\n|-heal|p2a: Corviknight|39\/100|[from] item: Leftovers\n|upkeep\n|turn|11\n|\n|t:|1667650876\n|move|p1a: Bebin|Shadow Ball|p2a: Corviknight\n|-crit|p2a: Corviknight\n|-damage|p2a: Corviknight|0 fnt\n|faint|p2a: Corviknight\n|\n|upkeep\n|\n|t:|1667650888\n|switch|p2a: Tapu Koko|Tapu Koko, shiny|100\/100\n|-damage|p2a: Tapu Koko|88\/100|[from] Stealth Rock\n|-fieldstart|move: Electric Terrain|[from] ability: Electric Surge|[of] p2a: Tapu Koko\n|turn|12\n|j| Panda1234\n|\n|t:|1667650894\n|switch|p1a: Domas|Landorus-Therian, M|73\/100\n|-damage|p1a: Domas|60\/100|[from] Stealth Rock\n|-ability|p1a: Domas|Intimidate|boost\n|-unboost|p2a: Tapu Koko|atk|1\n|move|p2a: Tapu Koko|U-turn|p1a: Domas\n|-resisted|p1a: Domas\n|-damage|p1a: Domas|55\/100\n|\n|t:|1667650899\n|switch|p2a: Urshifu|Urshifu-Rapid-Strike, F|100\/100|[from]move: U-turn\n|-damage|p2a: Urshifu|94\/100|[from] Stealth Rock\n|\n|-heal|p1a: Domas|61\/100|[from] item: Leftovers\n|upkeep\n|turn|13\n|\n|t:|1667650908\n|switch|p1a: Dorshe|Buzzwole|100\/100\n|-damage|p1a: Dorshe|88\/100|[from] Stealth Rock\n|-damage|p1a: Dorshe|76\/100|[from] Spikes\n|move|p2a: Urshifu|Surging Strikes|p1a: Dorshe\n|-crit|p1a: Dorshe\n|-damage|p1a: Dorshe|56\/100\n|-damage|p2a: Urshifu|78\/100|[from] item: Rocky Helmet|[of] p1a: Dorshe\n|-crit|p1a: Dorshe\n|-damage|p1a: Dorshe|38\/100\n|-damage|p2a: Urshifu|61\/100|[from] item: Rocky Helmet|[of] p1a: Dorshe\n|-crit|p1a: Dorshe\n|-damage|p1a: Dorshe|18\/100\n|-damage|p2a: Urshifu|45\/100|[from] item: Rocky Helmet|[of] p1a: Dorshe\n|-hitcount|p1a: Dorshe|3\n|\n|upkeep\n|turn|14\n|\n|t:|1667650924\n|move|p2a: Urshifu|Surging Strikes|p1a: Dorshe\n|-crit|p1a: Dorshe\n|-damage|p1a: Dorshe|0 fnt\n|-damage|p2a: Urshifu|29\/100|[from] item: Rocky Helmet|[of] p1a: Dorshe\n|faint|p1a: Dorshe\n|-hitcount|p1: Dorshe|1\n|\n|upkeep\n|\n|t:|1667650931\n|switch|p1a: Hiling|Slowbro, F|41\/100\n|-damage|p1a: Hiling|29\/100|[from] Stealth Rock\n|-damage|p1a: Hiling|16\/100|[from] Spikes\n|turn|15\n|\n|t:|1667650936\n|switch|p2a: Swampert|Swampert, M|76\/100\n|-damage|p2a: Swampert|70\/100|[from] Stealth Rock\n|move|p1a: Hiling|Slack Off|p1a: Hiling\n|-heal|p1a: Hiling|66\/100\n|\n|-heal|p2a: Swampert|76\/100|[from] item: Leftovers\n|upkeep\n|turn|16\n|\n|t:|1667650944\n|move|p2a: Swampert|Earthquake|p1a: Hiling\n|-damage|p1a: Hiling|44\/100\n|move|p1a: Hiling|Future Sight|p2a: Swampert\n|-start|p1a: Hiling|move: Future Sight\n|\n|-heal|p2a: Swampert|82\/100|[from] item: Leftovers\n|-fieldend|move: Electric Terrain\n|upkeep\n|turn|17\n|j| Immuno (\u00ac_\u00ac)'\n|\n|t:|1667650952\n|switch|p1a: Domas|Landorus-Therian, M|61\/100\n|-damage|p1a: Domas|49\/100|[from] Stealth Rock\n|-ability|p1a: Domas|Intimidate|boost\n|-unboost|p2a: Swampert|atk|1\n|move|p2a: Swampert|Earthquake|p1a: Domas\n|-immune|p1a: Domas\n|\n|-heal|p1a: Domas|55\/100|[from] item: Leftovers\n|-heal|p2a: Swampert|89\/100|[from] item: Leftovers\n|upkeep\n|turn|18\n|j| RazorForce21\n|\n|t:|1667650962\n|switch|p2a: Ferrothorn|Ferrothorn, M|94\/100\n|-damage|p2a: Ferrothorn|88\/100|[from] Stealth Rock\n|move|p1a: Domas|Defog|p2a: Ferrothorn\n|-unboost|p2a: Ferrothorn|evasion|1\n|-sideend|p2: misplayin|Stealth Rock|[from] move: Defog|[of] p1a: Domas\n|-sideend|p1: bizarman|Spikes|[from] move: Defog|[of] p1a: Domas\n|-sideend|p1: bizarman|Stealth Rock|[from] move: Defog|[of] p1a: Domas\n|\n|-end|p2a: Ferrothorn|move: Future Sight\n|-resisted|p2a: Ferrothorn\n|-damage|p2a: Ferrothorn|72\/100\n|-heal|p1a: Domas|61\/100|[from] item: Leftovers\n|upkeep\n|turn|19\n|\n|t:|1667650973\n|move|p1a: Domas|Knock Off|p2a: Ferrothorn\n|-damage|p2a: Ferrothorn|52\/100\n|-damage|p1a: Domas|49\/100|[from] ability: Iron Barbs|[of] p2a: Ferrothorn\n|-damage|p1a: Domas|32\/100|[from] item: Rocky Helmet|[of] p2a: Ferrothorn\n|-enditem|p2a: Ferrothorn|Rocky Helmet|[from] move: Knock Off|[of] p1a: Domas\n|move|p2a: Ferrothorn|Knock Off|p1a: Domas\n|-damage|p1a: Domas|13\/100\n|-enditem|p1a: Domas|Leftovers|[from] move: Knock Off|[of] p2a: Ferrothorn\n|\n|upkeep\n|turn|20\n|\n|t:|1667650984\n|switch|p1a: Apeas|Heatran, M|88\/100\n|move|p2a: Ferrothorn|Gyro Ball|p1a: Apeas\n|-resisted|p1a: Apeas\n|-damage|p1a: Apeas|81\/100\n|\n|-heal|p1a: Apeas|87\/100|[from] item: Leftovers\n|upkeep\n|turn|21\n|\n|t:|1667650991\n|switch|p2a: Swampert|Swampert, M|89\/100\n|move|p1a: Apeas|Stealth Rock|p2a: Swampert\n|-sidestart|p2: misplayin|move: Stealth Rock\n|\n|-heal|p1a: Apeas|93\/100|[from] item: Leftovers\n|-heal|p2a: Swampert|95\/100|[from] item: Leftovers\n|upkeep\n|turn|22\n|\n|t:|1667650998\n|move|p1a: Apeas|Toxic|p2a: Swampert\n|-status|p2a: Swampert|tox\n|move|p2a: Swampert|Stealth Rock|p1a: Apeas\n|-sidestart|p1: bizarman|move: Stealth Rock\n|\n|-heal|p1a: Apeas|99\/100|[from] item: Leftovers\n|-heal|p2a: Swampert|100\/100 tox|[from] item: Leftovers\n|-damage|p2a: Swampert|94\/100 tox|[from] psn\n|upkeep\n|turn|23\n|\n|t:|1667651009\n|switch|p1a: Hiling|Slowbro, F|77\/100\n|-damage|p1a: Hiling|65\/100|[from] Stealth Rock\n|move|p2a: Swampert|Flip Turn|p1a: Hiling\n|-resisted|p1a: Hiling\n|-damage|p1a: Hiling|59\/100\n|-damage|p2a: Swampert|78\/100 tox|[from] item: Rocky Helmet|[of] p1a: Hiling\n|\n|t:|1667651011\n|switch|p2a: Ferrothorn|Ferrothorn, M|52\/100|[from]move: Flip Turn\n|-damage|p2a: Ferrothorn|46\/100|[from] Stealth Rock\n|\n|upkeep\n|turn|24\n|\n|t:|1667651023\n|move|p1a: Hiling|Future Sight|p2a: Ferrothorn\n|-start|p1a: Hiling|move: Future Sight\n|move|p2a: Ferrothorn|Spikes|p1a: Hiling\n|-sidestart|p1: bizarman|Spikes\n|\n|upkeep\n|turn|25\n|\n|t:|1667651027\n|move|p2a: Ferrothorn|Spikes|p1a: Hiling\n|-sidestart|p1: bizarman|Spikes\n|move|p1a: Hiling|Teleport|p1a: Hiling\n|\n|t:|1667651040\n|switch|p1a: Apeas|Heatran, M|99\/100|[from]move: Teleport\n|-damage|p1a: Apeas|87\/100|[from] Stealth Rock\n|-damage|p1a: Apeas|70\/100|[from] Spikes\n|\n|-heal|p1a: Apeas|76\/100|[from] item: Leftovers\n|upkeep\n|turn|26\n|\n|t:|1667651052\n|move|p1a: Apeas|Magma Storm|p2a: Ferrothorn\n|-supereffective|p2a: Ferrothorn\n|-damage|p2a: Ferrothorn|0 fnt\n|faint|p2a: Ferrothorn\n|\n|-hint|Future Sight did not hit because the target is fainted.\n|-heal|p1a: Apeas|83\/100|[from] item: Leftovers\n|upkeep\n|\n|t:|1667651055\n|switch|p2a: Nidoking|Nidoking, M|100\/100\n|-damage|p2a: Nidoking|95\/100|[from] Stealth Rock\n|turn|27\n|j| izuminite\n|\n|t:|1667651062\n|switch|p1a: Domas|Landorus-Therian, M|13\/100\n|-damage|p1a: Domas|0 fnt|[from] Stealth Rock\n|faint|p1a: Domas\n|move|p2a: Nidoking|Earth Power|p1: Domas|[notarget]\n|-fail|p2a: Nidoking\n|\n|upkeep\n|inactive|bizarman has 120 seconds left.\n|\n|t:|1667651097\n|switch|p1a: Bebin|Dragapult, M|76\/100\n|-damage|p1a: Bebin|64\/100|[from] Stealth Rock\n|-damage|p1a: Bebin|47\/100|[from] Spikes\n|turn|28\n|\n|t:|1667651103\n|switch|p2a: Tapu Koko|Tapu Koko, shiny|88\/100\n|-damage|p2a: Tapu Koko|76\/100|[from] Stealth Rock\n|-fieldstart|move: Electric Terrain|[from] ability: Electric Surge|[of] p2a: Tapu Koko\n|move|p1a: Bebin|Draco Meteor|p2a: Tapu Koko\n|-immune|p2a: Tapu Koko\n|\n|upkeep\n|turn|29\n|j| AStupidAsian\n|\n|t:|1667651115\n|switch|p1a: Apeas|Heatran, M|83\/100\n|-damage|p1a: Apeas|70\/100|[from] Stealth Rock\n|-damage|p1a: Apeas|54\/100|[from] Spikes\n|move|p2a: Tapu Koko|U-turn|p1a: Apeas\n|-resisted|p1a: Apeas\n|-damage|p1a: Apeas|50\/100\n|\n|t:|1667651118\n|switch|p2a: Nidoking|Nidoking, M|95\/100|[from]move: U-turn\n|-damage|p2a: Nidoking|89\/100|[from] Stealth Rock\n|\n|-heal|p1a: Apeas|56\/100|[from] item: Leftovers\n|upkeep\n|turn|30\n|\n|t:|1667651127\n|move|p2a: Nidoking|Earth Power|p1a: Apeas\n|-supereffective|p1a: Apeas\n|-damage|p1a: Apeas|0 fnt\n|faint|p1a: Apeas\n|\n|upkeep\n|\n|t:|1667651136\n|switch|p1a: Boji|Nidoking, M|100\/100\n|-damage|p1a: Boji|95\/100|[from] Stealth Rock\n|-damage|p1a: Boji|78\/100|[from] Spikes\n|turn|31\n|\n|t:|1667651147\n|switch|p2a: Urshifu|Urshifu-Rapid-Strike, F|29\/100\n|-damage|p2a: Urshifu|22\/100|[from] Stealth Rock\n|move|p1a: Boji|Earth Power|p2a: Urshifu\n|-damage|p2a: Urshifu|0 fnt\n|faint|p2a: Urshifu\n|\n|upkeep\n|\n|t:|1667651149\n|switch|p2a: Swampert|Swampert, M|78\/100 tox\n|-damage|p2a: Swampert|72\/100 tox|[from] Stealth Rock\n|turn|32\n|\n|t:|1667651164\n|switch|p1a: Hiling|Slowbro, F|92\/100\n|-damage|p1a: Hiling|80\/100|[from] Stealth Rock\n|-damage|p1a: Hiling|63\/100|[from] Spikes\n|move|p2a: Swampert|Flip Turn|p1a: Hiling\n|-resisted|p1a: Hiling\n|-damage|p1a: Hiling|57\/100\n|-damage|p2a: Swampert|55\/100 tox|[from] item: Rocky Helmet|[of] p1a: Hiling\n|\n|t:|1667651167\n|switch|p2a: Nidoking|Nidoking, M|89\/100|[from]move: Flip Turn\n|-damage|p2a: Nidoking|83\/100|[from] Stealth Rock\n|\n|-fieldend|move: Electric Terrain\n|upkeep\n|turn|33\n|\n|t:|1667651176\n|move|p2a: Nidoking|Earth Power|p1a: Hiling\n|-damage|p1a: Hiling|0 fnt\n|faint|p1a: Hiling\n|\n|upkeep\n|\n|t:|1667651181\n|switch|p1a: Boji|Nidoking, M|78\/100\n|-damage|p1a: Boji|72\/100|[from] Stealth Rock\n|-damage|p1a: Boji|56\/100|[from] Spikes\n|turn|34\n|\n|t:|1667651186\n|move|p1a: Boji|Earth Power|p2a: Nidoking\n|-supereffective|p2a: Nidoking\n|-damage|p2a: Nidoking|0 fnt\n|faint|p2a: Nidoking\n|\n|upkeep\n|\n|t:|1667651188\n|switch|p2a: Swampert|Swampert, M|55\/100 tox\n|-damage|p2a: Swampert|49\/100 tox|[from] Stealth Rock\n|turn|35\n|\n|t:|1667651193\n|move|p1a: Boji|Earth Power|p2a: Swampert\n|-damage|p2a: Swampert|12\/100 tox\n|move|p2a: Swampert|Earthquake|p1a: Boji\n|-supereffective|p1a: Boji\n|-damage|p1a: Boji|0 fnt\n|faint|p1a: Boji\n|\n|-heal|p2a: Swampert|18\/100 tox|[from] item: Leftovers\n|-damage|p2a: Swampert|12\/100 tox|[from] psn\n|upkeep\n|c|\u2606misplayin|gg\n|j| Patatex\n|\n|t:|1667651202\n|switch|p1a: Bebin|Dragapult, M|47\/100\n|-damage|p1a: Bebin|35\/100|[from] Stealth Rock\n|-damage|p1a: Bebin|18\/100|[from] Spikes\n|turn|36\n|\n|t:|1667651206\n|move|p1a: Bebin|Shadow Ball|p2a: Swampert\n|-damage|p2a: Swampert|0 fnt\n|faint|p2a: Swampert\n|\n|upkeep\n|\n|t:|1667651208\n|switch|p2a: Tapu Koko|Tapu Koko, shiny|76\/100\n|-damage|p2a: Tapu Koko|63\/100|[from] Stealth Rock\n|-fieldstart|move: Electric Terrain|[from] ability: Electric Surge|[of] p2a: Tapu Koko\n|turn|37\n|\n|t:|1667651214\n|move|p2a: Tapu Koko|Dazzling Gleam|p1a: Bebin\n|-supereffective|p1a: Bebin\n|-damage|p1a: Bebin|0 fnt\n|faint|p1a: Bebin\n|\n|win|misplayin\n|raw|bizarman's rating: 1796 &rarr; <strong>1772<\/strong><br \/>(-24 for losing)\n|raw|misplayin's rating: 1726 &rarr; <strong>1750<\/strong><br \/>(+24 for winning)\n|c|\u2606bizarman|gg\n|l|\u2606bizarman\n|l| RazorForce21\n|l| Panda1234\n||Ladder isn't responding, score probably updated but might not have (Request timeout).\n","uploadtime":1667651226,"views":16,"p1id":"bizarman","p2id":"misplayin","formatid":"gen8ou","rating":1750,"private":0,"password":null}