{"id":"gen8nationaldexag-1099508761","p1":"ringlord","p2":"willcoxw","format":"gen8nationaldexag","log":"|j|\u2606ringlord\n|j|\u2606willcoxw\n|player|p1|ringlord|101|1617\n|player|p2|willcoxw|clair|1583\n|teamsize|p1|6\n|teamsize|p2|6\n|gametype|singles\n|gen|8\n|tier|[Gen 8] National Dex AG\n|rated|\n|clearpoke\n|poke|p1|Kyogre|\n|poke|p1|Groudon|\n|poke|p1|Rayquaza|\n|poke|p1|Necrozma-Dusk-Mane|\n|poke|p1|Zacian-Crowned|\n|poke|p1|Arceus-*|\n|poke|p2|Zygarde|\n|poke|p2|Zygarde|\n|poke|p2|Necrozma-Dusk-Mane|\n|poke|p2|Necrozma-Dawn-Wings|\n|poke|p2|Eternatus|\n|poke|p2|Yveltal|\n|rule|HP Percentage Mod: HP is shown in percentages\n|rule|Endless Battle Clause: Forcing endless battles is banned\n|teampreview\n|inactive|Battle timer is ON: inactive players will automatically lose when time's up. (requested by ringlord)\n|\n|start\n|switch|p1a: Help Im burning|Groudon|100\/100\n|switch|p2a: Eternatus|Eternatus|100\/100\n|-ability|p2a: Eternatus|Pressure\n|detailschange|p1a: Help Im burning|Groudon-Primal\n|-primal|p1a: Help Im burning\n|-weather|DesolateLand|[from] ability: Desolate Land|[of] p1a: Help Im burning\n|turn|1\n|\n|switch|p2a: Zygarde|Zygarde|100\/100\n|move|p1a: Help Im burning|Earthquake|p2a: Zygarde\n|-damage|p2a: Zygarde|65\/100\n|\n|-weather|DesolateLand|[upkeep]\n|-heal|p2a: Zygarde|71\/100|[from] item: Leftovers\n|upkeep\n|turn|2\n|j| fdgfdggdfdfg\n|\n|-weather|none\n|switch|p1a: I'm shocking|Arceus-Electric|100\/100\n|move|p2a: Zygarde|Glare|p1a: I'm shocking\n|-immune|p1a: I'm shocking\n|\n|-heal|p2a: Zygarde|78\/100|[from] item: Leftovers\n|upkeep\n|turn|3\n|\n|switch|p2a: Eternatus|Eternatus|100\/100\n|-ability|p2a: Eternatus|Pressure\n|move|p1a: I'm shocking|Ice Beam|p2a: Eternatus\n|-supereffective|p2a: Eternatus\n|-damage|p2a: Eternatus|59\/100\n|\n|upkeep\n|turn|4\n|\n|move|p2a: Eternatus|Toxic Spikes|p1a: I'm shocking\n|-sidestart|p1: ringlord|move: Toxic Spikes\n|move|p1a: I'm shocking|Ice Beam|p2a: Eternatus\n|-supereffective|p2a: Eternatus\n|-damage|p2a: Eternatus|17\/100\n|\n|upkeep\n|turn|5\n|\n|move|p2a: Eternatus|Dynamax Cannon|p1a: I'm shocking\n|-damage|p1a: I'm shocking|48\/100\n|-damage|p2a: Eternatus|7\/100|[from] item: Life Orb\n|move|p1a: I'm shocking|Defog|p2a: Eternatus\n|-unboost|p2a: Eternatus|evasion|1\n|-sideend|p1: ringlord|Toxic Spikes|[from] move: Defog|[of] p1a: I'm shocking\n|\n|upkeep\n|turn|6\n|\n|move|p2a: Eternatus|Toxic Spikes|p1a: I'm shocking\n|-sidestart|p1: ringlord|move: Toxic Spikes\n|move|p1a: I'm shocking|Defog|p2a: Eternatus\n|-unboost|p2a: Eternatus|evasion|1\n|-sideend|p1: ringlord|Toxic Spikes|[from] move: Defog|[of] p1a: I'm shocking\n|\n|upkeep\n|turn|7\n|\n|move|p2a: Eternatus|Toxic Spikes|p1a: I'm shocking\n|-sidestart|p1: ringlord|move: Toxic Spikes\n|move|p1a: I'm shocking|Defog|p2a: Eternatus\n|-unboost|p2a: Eternatus|evasion|1\n|-sideend|p1: ringlord|Toxic Spikes|[from] move: Defog|[of] p1a: I'm shocking\n|\n|upkeep\n|turn|8\n|\n|move|p2a: Eternatus|Toxic Spikes|p1a: I'm shocking\n|-sidestart|p1: ringlord|move: Toxic Spikes\n|move|p1a: I'm shocking|Ice Beam|p2a: Eternatus\n|-supereffective|p2a: Eternatus\n|-damage|p2a: Eternatus|0 fnt\n|faint|p2a: Eternatus\n|\n|upkeep\n|\n|switch|p2a: Necrozma-Dawn-Wing|Necrozma-Dawn-Wings|100\/100\n|turn|9\n|\n|detailschange|p2a: Necrozma-Dawn-Wing|Necrozma-Ultra\n|-burst|p2a: Necrozma-Dawn-Wing|Necrozma|Ultranecrozium Z\n|move|p2a: Necrozma-Dawn-Wing|Earthquake|p1a: I'm shocking\n|-supereffective|p1a: I'm shocking\n|-damage|p1a: I'm shocking|0 fnt\n|faint|p1a: I'm shocking\n|\n|upkeep\n|\n|switch|p1a: i wanna dyna :(|Zacian-Crowned|100\/100\n|-ability|p1a: i wanna dyna :(|Intrepid Sword|boost\n|-boost|p1a: i wanna dyna :(|atk|1\n|turn|10\n|\n|switch|p2a: Zygarde|Zygarde|78\/100\n|move|p1a: i wanna dyna :(|Crunch|p2a: Zygarde\n|-damage|p2a: Zygarde|51\/100\n|\n|-heal|p2a: Zygarde|57\/100|[from] item: Leftovers\n|upkeep\n|turn|11\n|\n|move|p1a: i wanna dyna :(|Play Rough|p2a: Zygarde\n|-supereffective|p2a: Zygarde\n|-damage|p2a: Zygarde|0 fnt\n|faint|p2a: Zygarde\n|\n|upkeep\n|\n|switch|p2a: Necrozma|Necrozma-Dusk-Mane|100\/100\n|turn|12\n|\n|move|p1a: i wanna dyna :(|Crunch|p2a: Necrozma\n|-supereffective|p2a: Necrozma\n|-damage|p2a: Necrozma|57\/100\n|move|p2a: Necrozma|Stealth Rock|p1a: i wanna dyna :(\n|-sidestart|p1: ringlord|move: Stealth Rock\n|\n|-heal|p2a: Necrozma|63\/100|[from] item: Leftovers\n|upkeep\n|turn|13\n|\n|move|p1a: i wanna dyna :(|Crunch|p2a: Necrozma\n|-supereffective|p2a: Necrozma\n|-damage|p2a: Necrozma|21\/100\n|-unboost|p2a: Necrozma|def|1\n|move|p2a: Necrozma|Moonlight|p2a: Necrozma\n|-heal|p2a: Necrozma|71\/100\n|\n|-heal|p2a: Necrozma|77\/100|[from] item: Leftovers\n|upkeep\n|turn|14\n|\n|-start|p2a: Necrozma|Dynamax\n|-heal|p2a: Necrozma|77\/100|[silent]\n|move|p1a: i wanna dyna :(|Crunch|p2a: Necrozma\n|-supereffective|p2a: Necrozma\n|-damage|p2a: Necrozma|49\/100\n|move|p2a: Necrozma|Max Steelspike|p1a: i wanna dyna :(\n|-damage|p1a: i wanna dyna :(|43\/100\n|-boost|p2a: Necrozma|def|1\n|\n|-heal|p2a: Necrozma|52\/100|[from] item: Leftovers\n|upkeep\n|turn|15\n|\n|move|p1a: i wanna dyna :(|Crunch|p2a: Necrozma\n|-supereffective|p2a: Necrozma\n|-damage|p2a: Necrozma|34\/100\n|move|p2a: Necrozma|Max Steelspike|p1a: i wanna dyna :(\n|-damage|p1a: i wanna dyna :(|0 fnt\n|-boost|p2a: Necrozma|def|1\n|faint|p1a: i wanna dyna :(\n|\n|-heal|p2a: Necrozma|37\/100|[from] item: Leftovers\n|upkeep\n|\n|switch|p1a: ultra necro thingy|Necrozma-Dusk-Mane|100\/100\n|-damage|p1a: ultra necro thingy|94\/100|[from] Stealth Rock\n|turn|16\n|\n|move|p1a: ultra necro thingy|Autotomize|p1a: ultra necro thingy\n|-boost|p1a: ultra necro thingy|spe|2\n|-start|p1a: ultra necro thingy|Autotomize\n|move|p2a: Necrozma|Max Darkness|p1a: ultra necro thingy\n|-supereffective|p1a: ultra necro thingy\n|-damage|p1a: ultra necro thingy|51\/100\n|-enditem|p1a: ultra necro thingy|Weakness Policy\n|-boost|p1a: ultra necro thingy|atk|2|[from] item: Weakness Policy\n|-boost|p1a: ultra necro thingy|spa|2|[from] item: Weakness Policy\n|-unboost|p1a: ultra necro thingy|spd|1\n|\n|-heal|p2a: Necrozma|40\/100|[from] item: Leftovers\n|-end|p2a: Necrozma|Dynamax\n|-heal|p2a: Necrozma|40\/100|[silent]\n|upkeep\n|turn|17\n|\n|-start|p1a: ultra necro thingy|Dynamax\n|-heal|p1a: ultra necro thingy|51\/100|[silent]\n|move|p1a: ultra necro thingy|Max Quake|p2a: Necrozma\n|-supereffective|p2a: Necrozma\n|-damage|p2a: Necrozma|0 fnt\n|-boost|p1a: ultra necro thingy|spd|1\n|faint|p2a: Necrozma\n|\n|upkeep\n|inactive|willcoxw has 120 seconds left.\n|\n|switch|p2a: Yveltal|Yveltal|100\/100\n|-ability|p2a: Yveltal|Dark Aura\n|turn|18\n|\n|move|p1a: ultra necro thingy|Max Steelspike|p2a: Yveltal\n|-damage|p2a: Yveltal|0 fnt\n|-boost|p1a: ultra necro thingy|def|1\n|faint|p2a: Yveltal\n|\n|upkeep\n|inactive|willcoxw has 120 seconds left.\n|-message|willcoxw forfeited.\n|\n|win|ringlord\n|l|\u2606ringlord\n|raw|ringlord's rating: 1601 &rarr; <strong>1619<\/strong><br \/>(+18 for winning)\n|raw|willcoxw's rating: 1567 &rarr; <strong>1549<\/strong><br \/>(-18 for losing)\n","uploadtime":1587312198,"views":29,"p1id":"ringlord","p2id":"willcoxw","formatid":"gen8nationaldexag","rating":1549,"private":0,"password":null}