{"id":"gen8ou-1453284327","p1":"kokoukohiro","p2":"Obsessiana","format":"gen8ou","log":"|j|\u2606kokoukohiro\n|j|\u2606Obsessiana\n|t:|1636660345\n|gametype|singles\n|player|p1|kokoukohiro|dawn|1713\n|player|p2|Obsessiana|erika-gen2|1782\n|teamsize|p1|6\n|teamsize|p2|6\n|gen|8\n|tier|[Gen 8] OU\n|rated|\n|rule|Sleep Clause Mod: Limit one foe put to sleep\n|rule|Species Clause: Limit one of each Pok\u00e9mon\n|rule|OHKO Clause: OHKO moves are banned\n|rule|Evasion Moves Clause: Evasion moves are banned\n|rule|Endless Battle Clause: Forcing endless battles is banned\n|rule|HP Percentage Mod: HP is shown in percentages\n|rule|Dynamax Clause: You cannot dynamax\n|clearpoke\n|poke|p1|Jirachi|\n|poke|p1|Quagsire, M|\n|poke|p1|Mandibuzz, F|\n|poke|p1|Clefable, M|\n|poke|p1|Toxapex, F|\n|poke|p1|Blissey, F|\n|poke|p2|Excadrill, M|\n|poke|p2|Tyranitar, M|\n|poke|p2|Rotom-Wash|\n|poke|p2|Buzzwole|\n|poke|p2|Magnezone|\n|poke|p2|Tapu Fini|\n|teampreview\n|inactive|Battle timer is ON: inactive players will automatically lose when time's up. (requested by kokoukohiro)\n|j| ShadowTwo\n|c|\u2606Obsessiana|ew\n|inactive|Obsessiana has 120 seconds left.\n|\n|t:|1636660383\n|start\n|switch|p1a: Quagsire|Quagsire, M|100\/100\n|switch|p2a: Tapu Fini|Tapu Fini|100\/100\n|-fieldstart|move: Misty Terrain|[from] ability: Misty Surge|[of] p2a: Tapu Fini\n|turn|1\n|\n|t:|1636660389\n|switch|p1a: Jirachi|Jirachi|100\/100\n|move|p2a: Tapu Fini|Taunt|p1a: Jirachi\n|-start|p1a: Jirachi|move: Taunt\n|\n|upkeep\n|turn|2\n|\n|t:|1636660403\n|move|p1a: Jirachi|Iron Head|p2a: Tapu Fini\n|-damage|p2a: Tapu Fini|75\/100\n|cant|p2a: Tapu Fini|flinch\n|\n|-heal|p2a: Tapu Fini|81\/100|[from] item: Leftovers\n|upkeep\n|turn|3\n|\n|t:|1636660410\n|switch|p1a: Quagsire|Quagsire, M|100\/100\n|switch|p2a: Buzzwole|Buzzwole|100\/100\n|\n|upkeep\n|turn|4\n|\n|t:|1636660419\n|switch|p2a: Tapu Fini|Tapu Fini|81\/100\n|switch|p1a: Toxapex|Toxapex, F|100\/100\n|\n|-heal|p2a: Tapu Fini|87\/100|[from] item: Leftovers\n|upkeep\n|turn|5\n|j| BlackBlurSpidey\n|\n|t:|1636660428\n|switch|p2a: Buzzwole|Buzzwole|100\/100\n|move|p1a: Toxapex|Knock Off|p2a: Buzzwole\n|-resisted|p2a: Buzzwole\n|-damage|p2a: Buzzwole|97\/100\n|-damage|p1a: Toxapex|84\/100|[from] item: Rocky Helmet|[of] p2a: Buzzwole\n|-enditem|p2a: Buzzwole|Rocky Helmet|[from] move: Knock Off|[of] p1a: Toxapex\n|\n|-heal|p1a: Toxapex|90\/100|[from] item: Black Sludge\n|-fieldend|Misty Terrain\n|upkeep\n|turn|6\n|\n|t:|1636660444\n|switch|p2a: Rotom|Rotom-Wash|100\/100\n|move|p1a: Toxapex|Scald|p2a: Rotom\n|-resisted|p2a: Rotom\n|-damage|p2a: Rotom|91\/100\n|\n|-heal|p1a: Toxapex|97\/100|[from] item: Black Sludge\n|upkeep\n|turn|7\n|\n|t:|1636660457\n|switch|p1a: Quagsire|Quagsire, M|100\/100\n|move|p2a: Rotom|Trick|p1a: Quagsire\n|-activate|p2a: Rotom|move: Trick|[of] p1a: Quagsire\n|-item|p1a: Quagsire|Choice Scarf|[from] move: Trick\n|-item|p2a: Rotom|Leftovers|[from] move: Trick\n|\n|-heal|p2a: Rotom|97\/100|[from] item: Leftovers\n|upkeep\n|turn|8\n|l| BlackBlurSpidey\n|\n|t:|1636660472\n|switch|p2a: Tapu Fini|Tapu Fini|87\/100\n|-fieldstart|move: Misty Terrain|[from] ability: Misty Surge|[of] p2a: Tapu Fini\n|move|p1a: Quagsire|Toxic|p2a: Tapu Fini\n|-activate|p2a: Tapu Fini|move: Misty Terrain\n|\n|-heal|p2a: Tapu Fini|94\/100|[from] item: Leftovers\n|upkeep\n|turn|9\n|j| BlackBlurSpidey\n|\n|t:|1636660483\n|switch|p1a: Jirachi|Jirachi|100\/100\n|move|p2a: Tapu Fini|Moonblast|p1a: Jirachi\n|-resisted|p1a: Jirachi\n|-damage|p1a: Jirachi|91\/100\n|\n|-heal|p1a: Jirachi|97\/100|[from] item: Leftovers\n|-heal|p2a: Tapu Fini|99\/100|[from] item: Leftovers\n|upkeep\n|turn|10\n|\n|t:|1636660494\n|switch|p2a: Buzzwole|Buzzwole|97\/100\n|move|p1a: Jirachi|Stealth Rock|p2a: Buzzwole\n|-sidestart|p2: Obsessiana|move: Stealth Rock\n|\n|-heal|p1a: Jirachi|100\/100|[from] item: Leftovers\n|upkeep\n|turn|11\n|\n|t:|1636660501\n|switch|p1a: Toxapex|Toxapex, F|100\/100\n|move|p2a: Buzzwole|Earthquake|p1a: Toxapex\n|-supereffective|p1a: Toxapex\n|-damage|p1a: Toxapex|65\/100\n|\n|-heal|p1a: Toxapex|71\/100|[from] item: Black Sludge\n|upkeep\n|turn|12\n|\n|t:|1636660514\n|switch|p2a: Tyranitar|Tyranitar, M|100\/100\n|-damage|p2a: Tyranitar|88\/100|[from] Stealth Rock\n|-weather|Sandstorm|[from] ability: Sand Stream|[of] p2a: Tyranitar\n|move|p1a: Toxapex|Scald|p2a: Tyranitar\n|-supereffective|p2a: Tyranitar\n|-damage|p2a: Tyranitar|75\/100\n|\n|-weather|Sandstorm|[upkeep]\n|-damage|p1a: Toxapex|65\/100|[from] Sandstorm\n|-heal|p1a: Toxapex|71\/100|[from] item: Black Sludge\n|-fieldend|Misty Terrain\n|upkeep\n|turn|13\n|j| tapu moxo\n|\n|t:|1636660527\n|move|p2a: Tyranitar|Stealth Rock|p1a: Toxapex\n|-sidestart|p1: kokoukohiro|move: Stealth Rock\n|move|p1a: Toxapex|Recover|p1a: Toxapex\n|-heal|p1a: Toxapex|100\/100\n|\n|-weather|Sandstorm|[upkeep]\n|-damage|p1a: Toxapex|94\/100|[from] Sandstorm\n|-heal|p1a: Toxapex|100\/100|[from] item: Black Sludge\n|upkeep\n|turn|14\n|\n|t:|1636660538\n|move|p2a: Tyranitar|Thunder Wave|p1a: Toxapex\n|-status|p1a: Toxapex|par\n|cant|p1a: Toxapex|par\n|\n|-weather|Sandstorm|[upkeep]\n|-damage|p1a: Toxapex|94\/100 par|[from] Sandstorm\n|-heal|p1a: Toxapex|100\/100 par|[from] item: Black Sludge\n|upkeep\n|turn|15\n|\n|t:|1636660546\n|switch|p2a: Rotom|Rotom-Wash|97\/100\n|-damage|p2a: Rotom|84\/100|[from] Stealth Rock\n|cant|p1a: Toxapex|par\n|\n|-weather|Sandstorm|[upkeep]\n|-damage|p2a: Rotom|78\/100|[from] Sandstorm\n|-damage|p1a: Toxapex|94\/100 par|[from] Sandstorm\n|-heal|p2a: Rotom|84\/100|[from] item: Leftovers\n|-heal|p1a: Toxapex|100\/100 par|[from] item: Black Sludge\n|upkeep\n|turn|16\n|\n|t:|1636660557\n|switch|p1a: Blissey|Blissey, F|100\/100\n|-damage|p1a: Blissey|88\/100|[from] Stealth Rock\n|move|p2a: Rotom|Volt Switch|p1a: Blissey\n|-crit|p1a: Blissey\n|-damage|p1a: Blissey|71\/100\n|\n|t:|1636660564\n|switch|p2a: Excadrill|Excadrill, M|100\/100|[from]move: Volt Switch\n|-damage|p2a: Excadrill|97\/100|[from] Stealth Rock\n|\n|-weather|Sandstorm|[upkeep]\n|-damage|p1a: Blissey|65\/100|[from] Sandstorm\n|-heal|p1a: Blissey|71\/100|[from] item: Leftovers\n|upkeep\n|turn|17\n|\n|t:|1636660578\n|switch|p1a: Quagsire|Quagsire, M|100\/100\n|-damage|p1a: Quagsire|94\/100|[from] Stealth Rock\n|move|p2a: Excadrill|Rapid Spin|p1a: Quagsire\n|-damage|p1a: Quagsire|73\/100\n|-boost|p2a: Excadrill|spe|1\n|-sideend|p2: Obsessiana|Stealth Rock|[from] move: Rapid Spin|[of] p2a: Excadrill\n|\n|-weather|Sandstorm|[upkeep]\n|upkeep\n|turn|18\n|\n|t:|1636660591\n|switch|p2a: Rotom|Rotom-Wash|84\/100\n|switch|p1a: Jirachi|Jirachi|100\/100\n|-damage|p1a: Jirachi|94\/100|[from] Stealth Rock\n|\n|-weather|Sandstorm|[upkeep]\n|-damage|p2a: Rotom|78\/100|[from] Sandstorm\n|-heal|p2a: Rotom|84\/100|[from] item: Leftovers\n|-heal|p1a: Jirachi|100\/100|[from] item: Leftovers\n|upkeep\n|turn|19\n|\n|t:|1636660602\n|move|p2a: Rotom|Volt Switch|p1a: Jirachi\n|-damage|p1a: Jirachi|80\/100\n|\n|t:|1636660605\n|switch|p2a: Magnezone|Magnezone|100\/100|[from]move: Volt Switch\n|move|p1a: Jirachi|Stealth Rock|p2a: Magnezone\n|-sidestart|p2: Obsessiana|move: Stealth Rock\n|\n|-weather|none\n|-heal|p1a: Jirachi|86\/100|[from] item: Leftovers\n|upkeep\n|turn|20\n|\n|t:|1636660612\n|move|p2a: Magnezone|Thunderbolt|p1a: Jirachi\n|-damage|p1a: Jirachi|40\/100\n|-status|p1a: Jirachi|par\n|move|p1a: Jirachi|Wish|p1a: Jirachi\n|\n|-heal|p1a: Jirachi|46\/100 par|[from] item: Leftovers\n|upkeep\n|turn|21\n|\n|t:|1636660617\n|move|p2a: Magnezone|Thunderbolt|p1a: Jirachi\n|-damage|p1a: Jirachi|0 fnt\n|faint|p1a: Jirachi\n|\n|upkeep\n|\n|t:|1636660630\n|switch|p1a: Blissey|Blissey, F|71\/100\n|-damage|p1a: Blissey|58\/100|[from] Stealth Rock\n|turn|22\n|\n|t:|1636660640\n|switch|p2a: Tapu Fini|Tapu Fini|99\/100\n|-damage|p2a: Tapu Fini|87\/100|[from] Stealth Rock\n|-fieldstart|move: Misty Terrain|[from] ability: Misty Surge|[of] p2a: Tapu Fini\n|move|p1a: Blissey|Heal Bell|p1a: Blissey\n|-activate|p1a: Blissey|move: Heal Bell\n|-curestatus|p1: Toxapex|par|[msg]\n|\n|-heal|p2a: Tapu Fini|93\/100|[from] item: Leftovers\n|-heal|p1a: Blissey|64\/100|[from] item: Leftovers\n|upkeep\n|turn|23\n|l| tapu moxo\n|\n|t:|1636660661\n|switch|p1a: Clefable|Clefable, M|100\/100\n|-damage|p1a: Clefable|88\/100|[from] Stealth Rock\n|move|p2a: Tapu Fini|Taunt|p1a: Clefable\n|-start|p1a: Clefable|move: Taunt\n|\n|-heal|p2a: Tapu Fini|99\/100|[from] item: Leftovers\n|-heal|p1a: Clefable|94\/100|[from] item: Leftovers\n|upkeep\n|turn|24\n|\n|t:|1636660674\n|move|p2a: Tapu Fini|Moonblast|p1a: Clefable\n|-damage|p1a: Clefable|72\/100\n|-unboost|p1a: Clefable|spa|1\n|move|p1a: Clefable|Moonblast|p2a: Tapu Fini\n|-damage|p2a: Tapu Fini|85\/100\n|\n|-heal|p2a: Tapu Fini|91\/100|[from] item: Leftovers\n|-heal|p1a: Clefable|78\/100|[from] item: Leftovers\n|upkeep\n|turn|25\n|\n|t:|1636660681\n|move|p2a: Tapu Fini|Moonblast|p1a: Clefable\n|-crit|p1a: Clefable\n|-damage|p1a: Clefable|46\/100\n|move|p1a: Clefable|Moonblast|p2a: Tapu Fini\n|-damage|p2a: Tapu Fini|78\/100\n|\n|-heal|p2a: Tapu Fini|84\/100|[from] item: Leftovers\n|-heal|p1a: Clefable|53\/100|[from] item: Leftovers\n|-end|p1a: Clefable|move: Taunt\n|upkeep\n|turn|26\n|\n|t:|1636660694\n|switch|p1a: Toxapex|Toxapex, F|100\/100\n|-damage|p1a: Toxapex|88\/100|[from] Stealth Rock\n|move|p2a: Tapu Fini|Taunt|p1a: Toxapex\n|-start|p1a: Toxapex|move: Taunt\n|\n|-heal|p2a: Tapu Fini|90\/100|[from] item: Leftovers\n|-heal|p1a: Toxapex|94\/100|[from] item: Black Sludge\n|-fieldend|Misty Terrain\n|upkeep\n|turn|27\n|\n|t:|1636660707\n|switch|p2a: Rotom|Rotom-Wash|84\/100\n|-damage|p2a: Rotom|72\/100|[from] Stealth Rock\n|move|p1a: Toxapex|Knock Off|p2a: Rotom\n|-damage|p2a: Rotom|51\/100\n|-enditem|p2a: Rotom|Leftovers|[from] move: Knock Off|[of] p1a: Toxapex\n|\n|-heal|p1a: Toxapex|100\/100|[from] item: Black Sludge\n|upkeep\n|turn|28\n|\n|t:|1636660717\n|move|p2a: Rotom|Pain Split|p1a: Toxapex\n|-sethp|p1a: Toxapex|71\/100|[from] move: Pain Split|[silent]\n|-sethp|p2a: Rotom|89\/100|[from] move: Pain Split\n|move|p1a: Toxapex|Scald|p2a: Rotom\n|-resisted|p2a: Rotom\n|-damage|p2a: Rotom|78\/100\n|\n|-heal|p1a: Toxapex|77\/100|[from] item: Black Sludge\n|-end|p1a: Toxapex|move: Taunt\n|upkeep\n|turn|29\n|\n|t:|1636660728\n|move|p2a: Rotom|Volt Switch|p1a: Toxapex\n|-supereffective|p1a: Toxapex\n|-damage|p1a: Toxapex|25\/100\n|\n|t:|1636660736\n|switch|p2a: Tapu Fini|Tapu Fini|90\/100|[from]move: Volt Switch\n|-damage|p2a: Tapu Fini|78\/100|[from] Stealth Rock\n|-fieldstart|move: Misty Terrain|[from] ability: Misty Surge|[of] p2a: Tapu Fini\n|move|p1a: Toxapex|Recover|p1a: Toxapex\n|-heal|p1a: Toxapex|75\/100\n|\n|-heal|p2a: Tapu Fini|84\/100|[from] item: Leftovers\n|-heal|p1a: Toxapex|81\/100|[from] item: Black Sludge\n|upkeep\n|turn|30\n|\n|t:|1636660757\n|switch|p2a: Rotom|Rotom-Wash|78\/100\n|-damage|p2a: Rotom|65\/100|[from] Stealth Rock\n|move|p1a: Toxapex|Knock Off|p2a: Rotom\n|-damage|p2a: Rotom|50\/100\n|\n|-heal|p1a: Toxapex|87\/100|[from] item: Black Sludge\n|upkeep\n|turn|31\n|\n|t:|1636660780\n|move|p2a: Rotom|Pain Split|p1a: Toxapex\n|-sethp|p1a: Toxapex|63\/100|[from] move: Pain Split|[silent]\n|-sethp|p2a: Rotom|80\/100|[from] move: Pain Split\n|move|p1a: Toxapex|Recover|p1a: Toxapex\n|-heal|p1a: Toxapex|100\/100\n|\n|upkeep\n|turn|32\n|\n|t:|1636660796\n|switch|p1a: Clefable|Clefable, M|53\/100\n|-damage|p1a: Clefable|40\/100|[from] Stealth Rock\n|move|p2a: Rotom|Pain Split|p1a: Clefable\n|-sethp|p1a: Clefable|44\/100|[from] move: Pain Split|[silent]\n|-sethp|p2a: Rotom|72\/100|[from] move: Pain Split\n|\n|-heal|p1a: Clefable|50\/100|[from] item: Leftovers\n|upkeep\n|turn|33\n|\n|t:|1636660807\n|move|p2a: Rotom|Trick|p1a: Clefable\n|-activate|p2a: Rotom|move: Trick|[of] p1a: Clefable\n|-enditem|p1a: Clefable|Leftovers|[silent]|[from] move: Trick\n|-item|p2a: Rotom|Leftovers|[from] move: Trick\n|move|p1a: Clefable|Soft-Boiled|p1a: Clefable\n|-heal|p1a: Clefable|100\/100\n|\n|-heal|p2a: Rotom|79\/100|[from] item: Leftovers\n|-fieldend|Misty Terrain\n|upkeep\n|turn|34\n|\n|t:|1636660818\n|move|p2a: Rotom|Volt Switch|p1a: Clefable\n|-damage|p1a: Clefable|77\/100\n|\n|t:|1636660828\n|switch|p2a: Excadrill|Excadrill, M|97\/100|[from]move: Volt Switch\n|-damage|p2a: Excadrill|94\/100|[from] Stealth Rock\n|move|p1a: Clefable|Calm Mind|p1a: Clefable\n|-boost|p1a: Clefable|spa|1\n|-boost|p1a: Clefable|spd|1\n|\n|upkeep\n|turn|35\n|\n|t:|1636660835\n|switch|p1a: Mandibuzz|Mandibuzz, F|100\/100\n|move|p2a: Excadrill|Iron Head|p1a: Mandibuzz\n|-damage|p1a: Mandibuzz|60\/100\n|\n|upkeep\n|turn|36\n|\n|t:|1636660844\n|move|p2a: Excadrill|Iron Head|p1a: Mandibuzz\n|-damage|p1a: Mandibuzz|22\/100\n|move|p1a: Mandibuzz|Roost|p1a: Mandibuzz\n|-heal|p1a: Mandibuzz|72\/100\n|-singleturn|p1a: Mandibuzz|move: Roost\n|\n|upkeep\n|turn|37\n|\n|t:|1636660853\n|switch|p2a: Rotom|Rotom-Wash|79\/100\n|-damage|p2a: Rotom|66\/100|[from] Stealth Rock\n|move|p1a: Mandibuzz|Defog|p2a: Rotom\n|-unboost|p2a: Rotom|evasion|1\n|-sideend|p2: Obsessiana|Stealth Rock|[from] move: Defog|[of] p1a: Mandibuzz\n|-sideend|p1: kokoukohiro|Stealth Rock|[from] move: Defog|[of] p1a: Mandibuzz\n|\n|-heal|p2a: Rotom|72\/100|[from] item: Leftovers\n|upkeep\n|turn|38\n|\n|t:|1636660871\n|switch|p1a: Blissey|Blissey, F|64\/100\n|move|p2a: Rotom|Volt Switch|p1a: Blissey\n|-damage|p1a: Blissey|53\/100\n|\n|t:|1636660896\n|switch|p2a: Excadrill|Excadrill, M|94\/100|[from]move: Volt Switch\n|\n|-heal|p1a: Blissey|59\/100|[from] item: Leftovers\n|upkeep\n|turn|39\n|\n|t:|1636660905\n|switch|p1a: Quagsire|Quagsire, M|73\/100\n|move|p2a: Excadrill|Iron Head|p1a: Quagsire\n|-resisted|p1a: Quagsire\n|-damage|p1a: Quagsire|48\/100\n|\n|upkeep\n|turn|40\n|\n|t:|1636660914\n|switch|p2a: Rotom|Rotom-Wash|72\/100\n|move|p1a: Quagsire|Recover|p1a: Quagsire\n|-heal|p1a: Quagsire|98\/100\n|\n|-heal|p2a: Rotom|79\/100|[from] item: Leftovers\n|upkeep\n|turn|41\n|\n|t:|1636660920\n|switch|p1a: Blissey|Blissey, F|59\/100\n|move|p2a: Rotom|Volt Switch|p1a: Blissey\n|-damage|p1a: Blissey|47\/100\n|\n|t:|1636660936\n|switch|p2a: Tyranitar|Tyranitar, M|75\/100|[from]move: Volt Switch\n|-weather|Sandstorm|[from] ability: Sand Stream|[of] p2a: Tyranitar\n|\n|-weather|Sandstorm|[upkeep]\n|-damage|p1a: Blissey|41\/100|[from] Sandstorm\n|-heal|p1a: Blissey|47\/100|[from] item: Leftovers\n|upkeep\n|turn|42\n|\n|t:|1636660945\n|switch|p1a: Toxapex|Toxapex, F|100\/100\n|move|p2a: Tyranitar|Stealth Rock|p1a: Toxapex\n|-sidestart|p1: kokoukohiro|move: Stealth Rock\n|\n|-weather|Sandstorm|[upkeep]\n|-damage|p1a: Toxapex|94\/100|[from] Sandstorm\n|-heal|p1a: Toxapex|100\/100|[from] item: Black Sludge\n|upkeep\n|turn|43\n|\n|t:|1636660956\n|switch|p2a: Rotom|Rotom-Wash|79\/100\n|move|p1a: Toxapex|Scald|p2a: Rotom\n|-resisted|p2a: Rotom\n|-damage|p2a: Rotom|67\/100\n|-status|p2a: Rotom|brn\n|\n|-weather|Sandstorm|[upkeep]\n|-damage|p2a: Rotom|61\/100 brn|[from] Sandstorm\n|-damage|p1a: Toxapex|94\/100|[from] Sandstorm\n|-heal|p2a: Rotom|67\/100 brn|[from] item: Leftovers\n|-heal|p1a: Toxapex|100\/100|[from] item: Black Sludge\n|-damage|p2a: Rotom|61\/100 brn|[from] brn\n|upkeep\n|turn|44\n|\n|t:|1636660965\n|switch|p1a: Blissey|Blissey, F|47\/100\n|-damage|p1a: Blissey|35\/100|[from] Stealth Rock\n|move|p2a: Rotom|Pain Split|p1a: Blissey\n|-sethp|p1a: Blissey|28\/100|[from] move: Pain Split|[silent]\n|-sethp|p2a: Rotom|81\/100 brn|[from] move: Pain Split\n|\n|-weather|Sandstorm|[upkeep]\n|-damage|p2a: Rotom|75\/100 brn|[from] Sandstorm\n|-damage|p1a: Blissey|22\/100|[from] Sandstorm\n|-heal|p2a: Rotom|81\/100 brn|[from] item: Leftovers\n|-heal|p1a: Blissey|28\/100|[from] item: Leftovers\n|-damage|p2a: Rotom|75\/100 brn|[from] brn\n|upkeep\n|turn|45\n|\n|t:|1636660979\n|move|p2a: Rotom|Volt Switch|p1a: Blissey\n|-damage|p1a: Blissey|15\/100\n|\n|t:|1636660983\n|switch|p2a: Excadrill|Excadrill, M|94\/100|[from]move: Volt Switch\n|move|p1a: Blissey|Soft-Boiled|p1a: Blissey\n|-heal|p1a: Blissey|65\/100\n|\n|-weather|Sandstorm|[upkeep]\n|-damage|p1a: Blissey|59\/100|[from] Sandstorm\n|-heal|p1a: Blissey|65\/100|[from] item: Leftovers\n|upkeep\n|turn|46\n|\n|t:|1636660987\n|switch|p1a: Quagsire|Quagsire, M|98\/100\n|-damage|p1a: Quagsire|92\/100|[from] Stealth Rock\n|move|p2a: Excadrill|Earthquake|p1a: Quagsire\n|-crit|p1a: Quagsire\n|-damage|p1a: Quagsire|3\/100\n|\n|-weather|Sandstorm|[upkeep]\n|upkeep\n|turn|47\n|\n|t:|1636661005\n|switch|p1a: Mandibuzz|Mandibuzz, F|72\/100\n|move|p2a: Excadrill|Earthquake|p1a: Mandibuzz\n|-immune|p1a: Mandibuzz\n|\n|-weather|Sandstorm|[upkeep]\n|upkeep\n|turn|48\n|\n|t:|1636661010\n|switch|p2a: Tapu Fini|Tapu Fini|84\/100\n|-fieldstart|move: Misty Terrain|[from] ability: Misty Surge|[of] p2a: Tapu Fini\n|move|p1a: Mandibuzz|Defog|p2a: Tapu Fini\n|-unboost|p2a: Tapu Fini|evasion|1\n|-sideend|p1: kokoukohiro|Stealth Rock|[from] move: Defog|[of] p1a: Mandibuzz\n|-fieldend|Misty Terrain\n|\n|-weather|none\n|-heal|p2a: Tapu Fini|90\/100|[from] item: Leftovers\n|upkeep\n|turn|49\n|j| amognus\n|\n|t:|1636661026\n|switch|p1a: Toxapex|Toxapex, F|100\/100\n|move|p2a: Tapu Fini|Taunt|p1a: Toxapex\n|-start|p1a: Toxapex|move: Taunt\n|\n|-heal|p2a: Tapu Fini|96\/100|[from] item: Leftovers\n|upkeep\n|turn|50\n|\n|t:|1636661038\n|switch|p2a: Tyranitar|Tyranitar, M|75\/100\n|-weather|Sandstorm|[from] ability: Sand Stream|[of] p2a: Tyranitar\n|move|p1a: Toxapex|Knock Off|p2a: Tyranitar\n|-resisted|p2a: Tyranitar\n|-damage|p2a: Tyranitar|69\/100\n|-enditem|p2a: Tyranitar|Smooth Rock|[from] move: Knock Off|[of] p1a: Toxapex\n|\n|-weather|Sandstorm|[upkeep]\n|-damage|p1a: Toxapex|94\/100|[from] Sandstorm\n|-heal|p1a: Toxapex|100\/100|[from] item: Black Sludge\n|upkeep\n|turn|51\n|\n|t:|1636661050\n|move|p2a: Tyranitar|Stealth Rock|p1a: Toxapex\n|-sidestart|p1: kokoukohiro|move: Stealth Rock\n|move|p1a: Toxapex|Scald|p2a: Tyranitar\n|-supereffective|p2a: Tyranitar\n|-damage|p2a: Tyranitar|55\/100\n|-status|p2a: Tyranitar|brn\n|\n|-weather|Sandstorm|[upkeep]\n|-damage|p1a: Toxapex|94\/100|[from] Sandstorm\n|-heal|p1a: Toxapex|100\/100|[from] item: Black Sludge\n|-damage|p2a: Tyranitar|49\/100 brn|[from] brn\n|-end|p1a: Toxapex|move: Taunt\n|upkeep\n|turn|52\n|l| amognus\n|\n|t:|1636661063\n|switch|p1a: Mandibuzz|Mandibuzz, F|72\/100\n|move|p2a: Tyranitar|Thunder Wave|p1a: Mandibuzz\n|-status|p1a: Mandibuzz|par\n|\n|-weather|Sandstorm|[upkeep]\n|-damage|p2a: Tyranitar|43\/100 brn|[from] brn\n|upkeep\n|turn|53\n|\n|t:|1636661068\n|switch|p2a: Magnezone|Magnezone|100\/100\n|move|p1a: Mandibuzz|Defog|p2a: Magnezone\n|-unboost|p2a: Magnezone|evasion|1\n|-sideend|p1: kokoukohiro|Stealth Rock|[from] move: Defog|[of] p1a: Mandibuzz\n|\n|-weather|Sandstorm|[upkeep]\n|upkeep\n|turn|54\n|\n|t:|1636661086\n|switch|p1a: Quagsire|Quagsire, M|3\/100\n|move|p2a: Magnezone|Volt Switch|p1a: Quagsire\n|-immune|p1a: Quagsire\n|\n|-weather|Sandstorm|[upkeep]\n|upkeep\n|turn|55\n|\n|t:|1636661094\n|switch|p2a: Rotom|Rotom-Wash|75\/100 brn\n|move|p1a: Quagsire|Recover|p1a: Quagsire\n|-heal|p1a: Quagsire|53\/100\n|\n|-weather|Sandstorm|[upkeep]\n|-damage|p2a: Rotom|69\/100 brn|[from] Sandstorm\n|-heal|p2a: Rotom|75\/100 brn|[from] item: Leftovers\n|-damage|p2a: Rotom|69\/100 brn|[from] brn\n|upkeep\n|turn|56\n|\n|t:|1636661106\n|move|p2a: Rotom|Hydro Pump|p1a: Quagsire\n|-damage|p1a: Quagsire|0 fnt\n|faint|p1a: Quagsire\n|\n|-weather|Sandstorm|[upkeep]\n|-damage|p2a: Rotom|63\/100 brn|[from] Sandstorm\n|-heal|p2a: Rotom|69\/100 brn|[from] item: Leftovers\n|-damage|p2a: Rotom|63\/100 brn|[from] brn\n|upkeep\n|\n|t:|1636661110\n|switch|p1a: Blissey|Blissey, F|65\/100\n|turn|57\n|\n|t:|1636661116\n|move|p2a: Rotom|Volt Switch|p1a: Blissey\n|-damage|p1a: Blissey|52\/100\n|\n|t:|1636661122\n|switch|p2a: Buzzwole|Buzzwole|97\/100|[from]move: Volt Switch\n|move|p1a: Blissey|Heal Bell|p1a: Blissey\n|-activate|p1a: Blissey|move: Heal Bell\n|-curestatus|p1: Mandibuzz|par|[msg]\n|\n|-weather|none\n|-heal|p1a: Blissey|59\/100|[from] item: Leftovers\n|upkeep\n|turn|58\n|\n|t:|1636661131\n|switch|p2a: Magnezone|Magnezone|100\/100\n|switch|p1a: Toxapex|Toxapex, F|100\/100\n|\n|upkeep\n|turn|59\n|\n|t:|1636661143\n|switch|p1a: Blissey|Blissey, F|59\/100\n|move|p2a: Magnezone|Thunderbolt|p1a: Blissey\n|-damage|p1a: Blissey|33\/100\n|\n|-heal|p1a: Blissey|39\/100|[from] item: Leftovers\n|upkeep\n|turn|60\n|\n|t:|1636661153\n|switch|p2a: Tyranitar|Tyranitar, M|43\/100 brn\n|-weather|Sandstorm|[from] ability: Sand Stream|[of] p2a: Tyranitar\n|move|p1a: Blissey|Soft-Boiled|p1a: Blissey\n|-heal|p1a: Blissey|89\/100\n|\n|-weather|Sandstorm|[upkeep]\n|-damage|p1a: Blissey|83\/100|[from] Sandstorm\n|-heal|p1a: Blissey|89\/100|[from] item: Leftovers\n|-damage|p2a: Tyranitar|37\/100 brn|[from] brn\n|upkeep\n|turn|61\n|\n|t:|1636661158\n|move|p1a: Blissey|Seismic Toss|p2a: Tyranitar\n|-damage|p2a: Tyranitar|12\/100 brn\n|move|p2a: Tyranitar|Stealth Rock|p1a: Blissey\n|-sidestart|p1: kokoukohiro|move: Stealth Rock\n|\n|-weather|Sandstorm|[upkeep]\n|-damage|p1a: Blissey|83\/100|[from] Sandstorm\n|-heal|p1a: Blissey|89\/100|[from] item: Leftovers\n|-damage|p2a: Tyranitar|6\/100 brn|[from] brn\n|upkeep\n|turn|62\n|\n|t:|1636661168\n|switch|p2a: Excadrill|Excadrill, M|94\/100\n|move|p1a: Blissey|Seismic Toss|p2a: Excadrill\n|-damage|p2a: Excadrill|67\/100\n|\n|-weather|Sandstorm|[upkeep]\n|-damage|p1a: Blissey|83\/100|[from] Sandstorm\n|-heal|p1a: Blissey|89\/100|[from] item: Leftovers\n|upkeep\n|turn|63\n|\n|t:|1636661174\n|switch|p1a: Mandibuzz|Mandibuzz, F|72\/100\n|move|p2a: Excadrill|Iron Head|p1a: Mandibuzz\n|-damage|p1a: Mandibuzz|35\/100\n|\n|-weather|Sandstorm|[upkeep]\n|upkeep\n|turn|64\n|\n|t:|1636661181\n|switch|p2a: Rotom|Rotom-Wash|63\/100 brn\n|move|p1a: Mandibuzz|Roost|p1a: Mandibuzz\n|-heal|p1a: Mandibuzz|85\/100\n|-singleturn|p1a: Mandibuzz|move: Roost\n|\n|-weather|none\n|-heal|p2a: Rotom|69\/100 brn|[from] item: Leftovers\n|-damage|p2a: Rotom|63\/100 brn|[from] brn\n|upkeep\n|turn|65\n|j| bear kigurumi\n|\n|t:|1636661192\n|move|p2a: Rotom|Pain Split|p1a: Mandibuzz\n|-sethp|p1a: Mandibuzz|61\/100|[from] move: Pain Split|[silent]\n|-sethp|p2a: Rotom|100\/100 brn|[from] move: Pain Split\n|move|p1a: Mandibuzz|Defog|p2a: Rotom\n|-unboost|p2a: Rotom|evasion|1\n|-sideend|p1: kokoukohiro|Stealth Rock|[from] move: Defog|[of] p1a: Mandibuzz\n|\n|-damage|p2a: Rotom|94\/100 brn|[from] brn\n|upkeep\n|turn|66\n|\n|t:|1636661197\n|switch|p1a: Blissey|Blissey, F|89\/100\n|move|p2a: Rotom|Volt Switch|p1a: Blissey\n|-damage|p1a: Blissey|77\/100\n|\n|t:|1636661209\n|switch|p2a: Excadrill|Excadrill, M|67\/100|[from]move: Volt Switch\n|\n|-heal|p1a: Blissey|83\/100|[from] item: Leftovers\n|upkeep\n|turn|67\n|\n|t:|1636661219\n|switch|p1a: Toxapex|Toxapex, F|100\/100\n|move|p2a: Excadrill|Earthquake|p1a: Toxapex\n|-supereffective|p1a: Toxapex\n|-damage|p1a: Toxapex|0 fnt\n|faint|p1a: Toxapex\n|\n|upkeep\n|\n|t:|1636661225\n|switch|p1a: Mandibuzz|Mandibuzz, F|61\/100\n|turn|68\n|\n|t:|1636661230\n|switch|p2a: Rotom|Rotom-Wash|94\/100 brn\n|move|p1a: Mandibuzz|Roost|p1a: Mandibuzz\n|-heal|p1a: Mandibuzz|100\/100\n|-singleturn|p1a: Mandibuzz|move: Roost\n|\n|-heal|p2a: Rotom|100\/100 brn|[from] item: Leftovers\n|-damage|p2a: Rotom|94\/100 brn|[from] brn\n|upkeep\n|turn|69\n|\n|t:|1636661240\n|move|p2a: Rotom|Volt Switch|p1a: Mandibuzz\n|-supereffective|p1a: Mandibuzz\n|-damage|p1a: Mandibuzz|40\/100\n|\n|t:|1636661245\n|switch|p2a: Magnezone|Magnezone|100\/100|[from]move: Volt Switch\n|move|p1a: Mandibuzz|Taunt|p2a: Magnezone\n|-start|p2a: Magnezone|move: Taunt\n|\n|upkeep\n|turn|70\n|\n|t:|1636661250\n|switch|p1a: Blissey|Blissey, F|83\/100\n|move|p2a: Magnezone|Volt Switch|p1a: Blissey\n|-damage|p1a: Blissey|63\/100\n|\n|t:|1636661255\n|switch|p2a: Excadrill|Excadrill, M|67\/100|[from]move: Volt Switch\n|\n|-heal|p1a: Blissey|69\/100|[from] item: Leftovers\n|upkeep\n|turn|71\n|j| Esteh Ole\n|-message|kokoukohiro forfeited.\n|\n|win|Obsessiana\n|raw|kokoukohiro's rating: 1713 &rarr; <strong>1697<\/strong><br \/>(-16 for losing)\n|raw|Obsessiana's rating: 1782 &rarr; <strong>1798<\/strong><br \/>(+16 for winning)\n|l|\u2606kokoukohiro\n|l|\u2606Obsessiana\n||Ladder isn't responding, score probably updated but might not have (Request timeout).\n|l| Esteh Ole\n|j|\u2606Obsessiana\n|player|p2|Obsessiana|erika-gen2\n","uploadtime":1636661265,"views":19,"p1id":"kokoukohiro","p2id":"obsessiana","formatid":"gen8ou","rating":1697,"private":0,"password":null}