{"id":"gen8ou-1654302825","p1":"Lemon Ginger","p2":"kokoukohiro","format":"gen8ou","log":"|j|\u2606Lemon Ginger\n|j|\u2606kokoukohiro\n|t:|1662127990\n|gametype|singles\n|player|p1|Lemon Ginger|102|1668\n|player|p2|kokoukohiro|dawn|1672\n|teamsize|p1|6\n|teamsize|p2|6\n|gen|8\n|tier|[Gen 8] OU\n|rated|\n|rule|Sleep Clause Mod: Limit one foe put to sleep\n|rule|Species Clause: Limit one of each Pok\u00e9mon\n|rule|OHKO Clause: OHKO moves are banned\n|rule|Evasion Items Clause: Evasion items are banned\n|rule|Evasion Moves Clause: Evasion moves are banned\n|rule|Endless Battle Clause: Forcing endless battles is banned\n|rule|HP Percentage Mod: HP is shown in percentages\n|rule|Dynamax Clause: You cannot dynamax\n|clearpoke\n|poke|p1|Melmetal|\n|poke|p1|Pelipper, F|\n|poke|p1|Tapu Koko|\n|poke|p1|Barraskewda, M|\n|poke|p1|Garchomp, F|\n|poke|p1|Ferrothorn, M|\n|poke|p2|Jirachi|\n|poke|p2|Quagsire, M|\n|poke|p2|Blissey, F|\n|poke|p2|Toxapex, M|\n|poke|p2|Skarmory, F|\n|poke|p2|Tornadus-Therian, M|\n|teampreview\n|inactive|Battle timer is ON: inactive players will automatically lose when time's up. (requested by kokoukohiro)\n|\n|t:|1662128009\n|start\n|switch|p1a: Tapu Koko|Tapu Koko|100\/100\n|switch|p2a: Toxapex|Toxapex, M|100\/100\n|-fieldstart|move: Electric Terrain|[from] ability: Electric Surge|[of] p1a: Tapu Koko\n|turn|1\n|\n|t:|1662128013\n|move|p1a: Tapu Koko|U-turn|p2a: Toxapex\n|-resisted|p2a: Toxapex\n|-damage|p2a: Toxapex|96\/100\n|\n|t:|1662128016\n|switch|p1a: Ferrothorn|Ferrothorn, M|100\/100|[from]move: U-turn\n|move|p2a: Toxapex|Toxic Spikes|p1a: Ferrothorn\n|-sidestart|p1: Lemon Ginger|move: Toxic Spikes\n|\n|upkeep\n|turn|2\n|\n|t:|1662128020\n|move|p2a: Toxapex|Scald|p1a: Ferrothorn\n|-resisted|p1a: Ferrothorn\n|-damage|p1a: Ferrothorn|94\/100\n|move|p1a: Ferrothorn|Stealth Rock|p2a: Toxapex\n|-sidestart|p2: kokoukohiro|move: Stealth Rock\n|\n|-heal|p1a: Ferrothorn|99\/100|[from] item: Leftovers\n|upkeep\n|turn|3\n|\n|t:|1662128026\n|switch|p1a: Garchomp|Garchomp, F|100\/100\n|-status|p1a: Garchomp|psn\n|move|p2a: Toxapex|Scald|p1a: Garchomp\n|-damage|p1a: Garchomp|83\/100 psn\n|\n|-damage|p1a: Garchomp|71\/100 psn|[from] psn\n|upkeep\n|turn|4\n|\n|t:|1662128030\n|switch|p1a: sup buddy|Melmetal|100\/100\n|switch|p2a: Quagsire|Quagsire, M|100\/100\n|-damage|p2a: Quagsire|94\/100|[from] Stealth Rock\n|\n|-heal|p2a: Quagsire|100\/100|[from] item: Leftovers\n|upkeep\n|turn|5\n|\n|t:|1662128037\n|switch|p1a: Ferrothorn|Ferrothorn, M|99\/100\n|move|p2a: Quagsire|Scald|p1a: Ferrothorn\n|-resisted|p1a: Ferrothorn\n|-damage|p1a: Ferrothorn|91\/100\n|-status|p1a: Ferrothorn|brn\n|\n|-heal|p1a: Ferrothorn|98\/100 brn|[from] item: Leftovers\n|-damage|p1a: Ferrothorn|91\/100 brn|[from] brn\n|-fieldend|move: Electric Terrain\n|upkeep\n|turn|6\n|\n|t:|1662128043\n|switch|p2a: Tornadus|Tornadus-Therian, M|100\/100\n|switch|p1a: Tapu Koko|Tapu Koko|100\/100\n|-fieldstart|move: Electric Terrain|[from] ability: Electric Surge|[of] p1a: Tapu Koko\n|\n|upkeep\n|turn|7\n|\n|t:|1662128049\n|switch|p2a: Toxapex|Toxapex, M|100\/100\n|-damage|p2a: Toxapex|88\/100|[from] Stealth Rock\n|move|p1a: Tapu Koko|U-turn|p2a: Toxapex\n|-resisted|p2a: Toxapex\n|-damage|p2a: Toxapex|83\/100\n|\n|t:|1662128051\n|switch|p1a: sup buddy|Melmetal|100\/100|[from]move: U-turn\n|\n|upkeep\n|turn|8\n|\n|t:|1662128055\n|move|p1a: sup buddy|Thunder|p2a: Toxapex\n|-supereffective|p2a: Toxapex\n|-damage|p2a: Toxapex|0 fnt\n|faint|p2a: Toxapex\n|\n|upkeep\n|c|\u2606kokoukohiro|\u306f\uff1f\n|\n|t:|1662128077\n|switch|p2a: Quagsire|Quagsire, M|100\/100\n|-damage|p2a: Quagsire|94\/100|[from] Stealth Rock\n|turn|9\n|\n|t:|1662128084\n|switch|p1a: Ferrothorn|Ferrothorn, M|91\/100 brn\n|move|p2a: Quagsire|Scald|p1a: Ferrothorn\n|-resisted|p1a: Ferrothorn\n|-damage|p1a: Ferrothorn|82\/100 brn\n|\n|-heal|p2a: Quagsire|100\/100|[from] item: Leftovers\n|-heal|p1a: Ferrothorn|89\/100 brn|[from] item: Leftovers\n|-damage|p1a: Ferrothorn|82\/100 brn|[from] brn\n|upkeep\n|turn|10\n|\n|t:|1662128091\n|switch|p2a: Skarmory|Skarmory, F|100\/100\n|-damage|p2a: Skarmory|88\/100|[from] Stealth Rock\n|move|p1a: Ferrothorn|Leech Seed|p2a: Skarmory\n|-start|p2a: Skarmory|move: Leech Seed\n|\n|-heal|p1a: Ferrothorn|89\/100 brn|[from] item: Leftovers\n|-damage|p2a: Skarmory|76\/100|[from] Leech Seed|[of] p1a: Ferrothorn\n|-heal|p1a: Ferrothorn|99\/100 brn|[silent]\n|-damage|p1a: Ferrothorn|94\/100 brn|[from] brn\n|-fieldend|move: Electric Terrain\n|upkeep\n|turn|11\n|\n|t:|1662128097\n|switch|p1a: Pelipper|Pelipper, F|100\/100\n|-weather|RainDance|[from] ability: Drizzle|[of] p1a: Pelipper\n|move|p2a: Skarmory|Spikes|p1a: Pelipper\n|-sidestart|p1: Lemon Ginger|Spikes\n|\n|-weather|RainDance|[upkeep]\n|-damage|p2a: Skarmory|64\/100|[from] Leech Seed|[of] p1a: Pelipper\n|upkeep\n|turn|12\n|\n|t:|1662128103\n|switch|p2a: Jirachi|Jirachi|100\/100\n|-damage|p2a: Jirachi|94\/100|[from] Stealth Rock\n|move|p1a: Pelipper|U-turn|p2a: Jirachi\n|-damage|p2a: Jirachi|88\/100\n|\n|t:|1662128107\n|switch|p1a: Barraskewda|Barraskewda, M|100\/100|[from]move: U-turn\n|-status|p1a: Barraskewda|psn\n|-damage|p1a: Barraskewda|88\/100 psn|[from] Spikes\n|\n|-weather|RainDance|[upkeep]\n|-heal|p2a: Jirachi|94\/100|[from] item: Leftovers\n|-damage|p1a: Barraskewda|76\/100 psn|[from] psn\n|upkeep\n|turn|13\n|\n|t:|1662128116\n|move|p2a: Jirachi|Protect|p2a: Jirachi\n|-singleturn|p2a: Jirachi|Protect\n|move|p1a: Barraskewda|Liquidation|p2a: Jirachi\n|-activate|p2a: Jirachi|move: Protect\n|\n|-weather|RainDance|[upkeep]\n|-heal|p2a: Jirachi|99\/100|[from] item: Leftovers\n|-damage|p1a: Barraskewda|64\/100 psn|[from] psn\n|upkeep\n|turn|14\n|\n|t:|1662128128\n|move|p1a: Barraskewda|Liquidation|p2a: Jirachi\n|-damage|p2a: Jirachi|7\/100\n|-unboost|p2a: Jirachi|def|1\n|move|p2a: Jirachi|Wish|p2a: Jirachi\n|\n|-weather|RainDance|[upkeep]\n|-heal|p2a: Jirachi|13\/100|[from] item: Leftovers\n|-damage|p1a: Barraskewda|52\/100 psn|[from] psn\n|upkeep\n|turn|15\n|\n|t:|1662128131\n|move|p2a: Jirachi|Protect|p2a: Jirachi\n|-singleturn|p2a: Jirachi|Protect\n|move|p1a: Barraskewda|Liquidation|p2a: Jirachi\n|-activate|p2a: Jirachi|move: Protect\n|\n|-weather|none\n|-heal|p2a: Jirachi|63\/100|[from] move: Wish|[wisher] Jirachi\n|-heal|p2a: Jirachi|69\/100|[from] item: Leftovers\n|-damage|p1a: Barraskewda|40\/100 psn|[from] psn\n|upkeep\n|turn|16\n|\n|t:|1662128134\n|move|p2a: Jirachi|Protect||[still]\n|-fail|p2a: Jirachi\n|move|p1a: Barraskewda|Liquidation|p2a: Jirachi\n|-damage|p2a: Jirachi|0 fnt\n|faint|p2a: Jirachi\n|\n|-damage|p1a: Barraskewda|27\/100 psn|[from] psn\n|upkeep\n|\n|t:|1662128138\n|switch|p2a: Tornadus|Tornadus-Therian, M|100\/100\n|turn|17\n|\n|t:|1662128142\n|switch|p1a: Tapu Koko|Tapu Koko|100\/100\n|-fieldstart|move: Electric Terrain|[from] ability: Electric Surge|[of] p1a: Tapu Koko\n|move|p2a: Tornadus|Knock Off|p1a: Tapu Koko\n|-resisted|p1a: Tapu Koko\n|-damage|p1a: Tapu Koko|87\/100\n|-enditem|p1a: Tapu Koko|Heavy-Duty Boots|[from] move: Knock Off|[of] p2a: Tornadus\n|\n|upkeep\n|turn|18\n|\n|t:|1662128146\n|move|p1a: Tapu Koko|U-turn|p2a: Tornadus\n|-resisted|p2a: Tornadus\n|-damage|p2a: Tornadus|92\/100\n|\n|t:|1662128150\n|switch|p1a: Ferrothorn|Ferrothorn, M|94\/100 brn|[from]move: U-turn\n|-damage|p1a: Ferrothorn|81\/100 brn|[from] Spikes\n|move|p2a: Tornadus|U-turn|p1a: Ferrothorn\n|-damage|p1a: Ferrothorn|72\/100 brn\n|-damage|p2a: Tornadus|79\/100|[from] ability: Iron Barbs|[of] p1a: Ferrothorn\n|\n|t:|1662128154\n|switch|p2a: Skarmory|Skarmory, F|64\/100|[from]move: U-turn\n|-damage|p2a: Skarmory|51\/100|[from] Stealth Rock\n|\n|-heal|p1a: Ferrothorn|79\/100 brn|[from] item: Leftovers\n|-damage|p1a: Ferrothorn|72\/100 brn|[from] brn\n|upkeep\n|turn|19\n|\n|t:|1662128157\n|move|p2a: Skarmory|Roost|p2a: Skarmory\n|-heal|p2a: Skarmory|100\/100\n|-singleturn|p2a: Skarmory|move: Roost\n|move|p1a: Ferrothorn|Leech Seed|p2a: Skarmory\n|-start|p2a: Skarmory|move: Leech Seed\n|\n|-heal|p1a: Ferrothorn|79\/100 brn|[from] item: Leftovers\n|-damage|p2a: Skarmory|88\/100|[from] Leech Seed|[of] p1a: Ferrothorn\n|-heal|p1a: Ferrothorn|90\/100 brn|[silent]\n|-damage|p1a: Ferrothorn|84\/100 brn|[from] brn\n|upkeep\n|turn|20\n|\n|t:|1662128163\n|switch|p1a: sup buddy|Melmetal|100\/100\n|-damage|p1a: sup buddy|88\/100|[from] Spikes\n|move|p2a: Skarmory|Spikes|p1a: sup buddy\n|-sidestart|p1: Lemon Ginger|Spikes\n|\n|-damage|p2a: Skarmory|76\/100|[from] Leech Seed|[of] p1a: sup buddy\n|-heal|p1a: sup buddy|98\/100|[silent]\n|upkeep\n|turn|21\n|\n|t:|1662128167\n|switch|p2a: Quagsire|Quagsire, M|100\/100\n|-damage|p2a: Quagsire|94\/100|[from] Stealth Rock\n|move|p1a: sup buddy|Ice Beam|p2a: Quagsire\n|-damage|p2a: Quagsire|45\/100\n|\n|-heal|p2a: Quagsire|51\/100|[from] item: Leftovers\n|-fieldend|move: Electric Terrain\n|upkeep\n|turn|22\n|\n|t:|1662128170\n|move|p1a: sup buddy|Ice Beam|p2a: Quagsire\n|-crit|p2a: Quagsire\n|-damage|p2a: Quagsire|0 fnt\n|faint|p2a: Quagsire\n|\n|upkeep\n|\n|t:|1662128172\n|switch|p2a: Blissey|Blissey, F|100\/100\n|turn|23\n|\n|t:|1662128178\n|switch|p2a: Tornadus|Tornadus-Therian, M|100\/100\n|switch|p1a: Pelipper|Pelipper, F|100\/100\n|-weather|RainDance|[from] ability: Drizzle|[of] p1a: Pelipper\n|\n|-weather|RainDance|[upkeep]\n|upkeep\n|turn|24\n|\n|t:|1662128183\n|move|p2a: Tornadus|Knock Off|p1a: Pelipper\n|-damage|p1a: Pelipper|84\/100\n|-enditem|p1a: Pelipper|Heavy-Duty Boots|[from] move: Knock Off|[of] p2a: Tornadus\n|move|p1a: Pelipper|U-turn|p2a: Tornadus\n|-resisted|p2a: Tornadus\n|-damage|p2a: Tornadus|96\/100\n|\n|t:|1662128189\n|switch|p1a: Barraskewda|Barraskewda, M|27\/100 psn|[from]move: U-turn\n|-damage|p1a: Barraskewda|11\/100 psn|[from] Spikes\n|\n|-weather|RainDance|[upkeep]\n|-damage|p1a: Barraskewda|0 fnt|[from] psn\n|faint|p1a: Barraskewda\n|upkeep\n|\n|t:|1662128193\n|switch|p1a: Tapu Koko|Tapu Koko|87\/100\n|-status|p1a: Tapu Koko|psn\n|-damage|p1a: Tapu Koko|70\/100 psn|[from] Spikes\n|-fieldstart|move: Electric Terrain|[from] ability: Electric Surge|[of] p1a: Tapu Koko\n|turn|25\n|j| Brenik\n|\n|t:|1662128200\n|switch|p2a: Blissey|Blissey, F|100\/100\n|move|p1a: Tapu Koko|U-turn|p2a: Blissey\n|-damage|p2a: Blissey|69\/100\n|\n|t:|1662128203\n|switch|p1a: Garchomp|Garchomp, F|71\/100 psn|[from]move: U-turn\n|-damage|p1a: Garchomp|55\/100 psn|[from] Spikes\n|\n|-weather|RainDance|[upkeep]\n|-damage|p1a: Garchomp|42\/100 psn|[from] psn\n|upkeep\n|turn|26\n|\n|t:|1662128208\n|switch|p2a: Skarmory|Skarmory, F|76\/100\n|-damage|p2a: Skarmory|64\/100|[from] Stealth Rock\n|move|p1a: Garchomp|Swords Dance|p1a: Garchomp\n|-boost|p1a: Garchomp|atk|2\n|\n|-weather|RainDance|[upkeep]\n|-damage|p1a: Garchomp|30\/100 psn|[from] psn\n|upkeep\n|turn|27\n|\n|t:|1662128210\n|move|p1a: Garchomp|Aqua Tail|p2a: Skarmory\n|-damage|p2a: Skarmory|0 fnt\n|faint|p2a: Skarmory\n|-damage|p1a: Garchomp|20\/100 psn|[from] item: Life Orb\n|\n|-weather|none\n|-damage|p1a: Garchomp|8\/100 psn|[from] psn\n|upkeep\n|\n|t:|1662128214\n|switch|p2a: Tornadus|Tornadus-Therian, M|100\/100\n|turn|28\n|\n|t:|1662128218\n|move|p2a: Tornadus|Knock Off|p1a: Garchomp\n|-damage|p1a: Garchomp|0 fnt\n|-damage|p2a: Tornadus|88\/100|[from] ability: Rough Skin|[of] p1a: Garchomp\n|-enditem|p1a: Garchomp|Life Orb|[from] move: Knock Off|[of] p2a: Tornadus\n|faint|p1a: Garchomp\n|\n|upkeep\n|\n|t:|1662128221\n|switch|p1a: sup buddy|Melmetal|98\/100\n|-damage|p1a: sup buddy|82\/100|[from] Spikes\n|turn|29\n|\n|t:|1662128223\n|switch|p2a: Blissey|Blissey, F|69\/100\n|move|p1a: sup buddy|Double Iron Bash|p2a: Blissey\n|-damage|p2a: Blissey|4\/100\n|-damage|p2a: Blissey|0 fnt\n|faint|p2a: Blissey\n|-hitcount|p2: Blissey|2\n|\n|-fieldend|move: Electric Terrain\n|upkeep\n|-message|kokoukohiro forfeited.\n|\n|win|Lemon Ginger\n|raw|Lemon Ginger's rating: 1668 &rarr; <strong>1688<\/strong><br \/>(+20 for winning)\n|raw|kokoukohiro's rating: 1672 &rarr; <strong>1652<\/strong><br \/>(-20 for losing)\n|l|\u2606kokoukohiro\n||Ladder isn't responding, score probably updated but might not have (Request timeout).\n","uploadtime":1662128233,"views":177,"p1id":"lemonginger","p2id":"kokoukohiro","formatid":"gen8ou","rating":1652,"private":0,"password":null}