{"id":"gen8waterparadise-1371278432","p1":"ShadowySpectre","p2":"lebanesestinker","format":"gen8waterparadise","log":"|j|\u2606ShadowySpectre\n|j|\u2606lebanesestinker\n|t:|1625526660\n|gametype|singles\n|player|p1|ShadowySpectre|ghetsis|1166\n|player|p2|lebanesestinker|policeman|1195\n|teamsize|p1|6\n|teamsize|p2|6\n|gen|8\n|tier|[Gen 8] Water Paradise\n|rated|\n|rule|Species Clause: Limit one of each Pok\u00e9mon\n|rule|Item Clause: Limit one of each item\n|clearpoke\n|poke|p1|Crawdaunt, L50, M|\n|poke|p1|Swampert, L50, F|\n|poke|p1|Starmie, L50|\n|poke|p1|Cramorant, L50, F|\n|poke|p1|Tentacruel, L50, F|\n|poke|p1|Pelipper, L50, M|\n|poke|p2|Barbaracle, L50, M|\n|poke|p2|Ludicolo, L50, M|\n|poke|p2|Starmie, L50|\n|poke|p2|Lanturn, L50, M|\n|poke|p2|Sharpedo, L50, F|\n|poke|p2|Gyarados, L50, F|\n|teampreview|3\n|\n|t:|1625526685\n|start\n|switch|p1a: Crawdaunt|Crawdaunt, L50, M|100\/100\n|switch|p2a: Barbaracle|Barbaracle, L50, M|100\/100\n|turn|1\n|inactive|Battle timer is ON: inactive players will automatically lose when time's up. (requested by lebanesestinker)\n|\n|t:|1625526713\n|move|p2a: Barbaracle|Earthquake|p1a: Crawdaunt\n|-damage|p1a: Crawdaunt|49\/100\n|move|p1a: Crawdaunt|Knock Off|p2a: Barbaracle\n|-damage|p2a: Barbaracle|22\/100\n|-enditem|p2a: Barbaracle|Focus Sash|[from] move: Knock Off|[of] p1a: Crawdaunt\n|\n|upkeep\n|turn|2\n|\n|t:|1625526722\n|switch|p2a: Gyarados|Gyarados, L50, F|100\/100\n|move|p1a: Crawdaunt|Aqua Jet|p2a: Gyarados\n|-resisted|p2a: Gyarados\n|-damage|p2a: Gyarados|83\/100\n|\n|upkeep\n|turn|3\n|\n|t:|1625526732\n|-start|p2a: Gyarados|Dynamax\n|-heal|p2a: Gyarados|83\/100|[silent]\n|move|p1a: Crawdaunt|Aqua Jet|p2a: Gyarados\n|-resisted|p2a: Gyarados\n|-crit|p2a: Gyarados\n|-damage|p2a: Gyarados|68\/100\n|move|p2a: Gyarados|Max Airstream|p1a: Crawdaunt\n|-damage|p1a: Crawdaunt|0 fnt\n|-boost|p2a: Gyarados|spe|1\n|faint|p1a: Crawdaunt\n|-ability|p2a: Gyarados|Moxie|boost\n|-boost|p2a: Gyarados|atk|1\n|\n|upkeep\n|\n|t:|1625526741\n|switch|p1a: Starmie|Starmie, L50|100\/100\n|turn|4\n|\n|t:|1625526746\n|move|p1a: Starmie|Endure|p1a: Starmie\n|-singleturn|p1a: Starmie|move: Endure\n|move|p2a: Gyarados|Max Overgrowth|p1a: Starmie\n|-supereffective|p1a: Starmie\n|-activate|p1a: Starmie|move: Endure\n|-damage|p1a: Starmie|1\/100\n|-fieldstart|move: Grassy Terrain\n|\n|-heal|p1a: Starmie|7\/100|[from] Grassy Terrain\n|upkeep\n|turn|5\n|-enditem|p1a: Starmie|Custap Berry|[eat]\n|-activate|p1a: Starmie|item: Custap Berry|[consumed]\n|\n|t:|1625526765\n|move|p1a: Starmie|Thunderbolt|p2a: Gyarados\n|-supereffective|p2a: Gyarados\n|-damage|p2a: Gyarados|15\/100\n|move|p2a: Gyarados|Max Airstream|p1a: Starmie\n|-damage|p1a: Starmie|0 fnt\n|-boost|p2a: Gyarados|spe|1\n|faint|p1a: Starmie\n|-ability|p2a: Gyarados|Moxie|boost\n|-boost|p2a: Gyarados|atk|1\n|\n|-end|p2a: Gyarados|Dynamax\n|-heal|p2a: Gyarados|15\/100|[silent]\n|upkeep\n|\n|t:|1625526779\n|switch|p1a: Tentacruel|Tentacruel, L50, F|100\/100\n|turn|6\n|\n|t:|1625526785\n|-start|p1a: Tentacruel|Dynamax\n|-heal|p1a: Tentacruel|100\/100|[silent]\n|move|p2a: Gyarados|Bounce||[still]\n|-prepare|p2a: Gyarados|Bounce\n|move|p1a: Tentacruel|Max Ooze|p2a: Gyarados|[miss]\n|-miss|p1a: Tentacruel|p2a: Gyarados\n|\n|upkeep\n|turn|7\n|\n|t:|1625526795\n|move|p2a: Gyarados|Bounce|p1a: Tentacruel|[from]lockedmove\n|-damage|p1a: Tentacruel|21\/100\n|-status|p1a: Tentacruel|par\n|cant|p1a: Tentacruel|par\n|\n|-heal|p1a: Tentacruel|24\/100 par|[from] Grassy Terrain\n|upkeep\n|turn|8\n|\n|t:|1625526800\n|move|p2a: Gyarados|Bounce||[still]\n|-prepare|p2a: Gyarados|Bounce\n|move|p1a: Tentacruel|Max Ooze|p2a: Gyarados|[miss]\n|-miss|p1a: Tentacruel|p2a: Gyarados\n|\n|-heal|p1a: Tentacruel|27\/100 par|[from] Grassy Terrain\n|-fieldend|move: Grassy Terrain\n|-end|p1a: Tentacruel|Dynamax\n|-heal|p1a: Tentacruel|27\/100 par|[silent]\n|upkeep\n|turn|9\n|\n|t:|1625526806\n|move|p2a: Gyarados|Bounce|p1a: Tentacruel|[from]lockedmove\n|-damage|p1a: Tentacruel|0 fnt\n|faint|p1a: Tentacruel\n|\n|win|lebanesestinker\n|raw|ShadowySpectre's rating: 1166 &rarr; <strong>1143<\/strong><br \/>(-23 for losing)\n|raw|lebanesestinker's rating: 1195 &rarr; <strong>1218<\/strong><br \/>(+23 for winning)\n|l|\u2606ShadowySpectre\n|l|\u2606lebanesestinker\n||Ladder isn't responding, score probably updated but might not have (Request timeout).\n","uploadtime":1625526907,"views":1,"p1id":"shadowyspectre","p2id":"lebanesestinker","formatid":"gen8waterparadise","rating":1143,"private":0,"password":null}