{"id":"gen8nationaldexag-1074896167","p1":"Neutralist","p2":"yhdrslb","format":"gen8nationaldexag","log":"|j|\u2606Neutralist\n|j|\u2606yhdrslb\n|player|p1|Neutralist|lucas-gen4pt|1464\n|player|p2|yhdrslb|30|1442\n|teamsize|p1|6\n|teamsize|p2|6\n|gametype|singles\n|gen|8\n|tier|[Gen 8] National Dex AG\n|rated|\n|clearpoke\n|poke|p1|Groudon|\n|poke|p1|Kyogre|\n|poke|p1|Yveltal|\n|poke|p1|Necrozma-Dusk-Mane|\n|poke|p1|Kyurem-Black|\n|poke|p1|Necrozma-Dawn-Wings|\n|poke|p2|Espeon, M|\n|poke|p2|Whimsicott, F|\n|poke|p2|Lugia|\n|poke|p2|Smeargle, M|\n|poke|p2|Rayquaza|\n|poke|p2|Giratina|\n|rule|HP Percentage Mod: HP is shown in percentages\n|rule|Endless Battle Clause: Forcing endless battles is banned\n|teampreview\n|\n|start\n|switch|p1a: bird up|Yveltal|100\/100\n|switch|p2a: Smeargle|Smeargle, M|100\/100\n|-ability|p1a: bird up|Dark Aura\n|turn|1\n|c|\u2606Neutralist|help\n|\n|move|p1a: bird up|Taunt|p2a: Smeargle\n|-start|p2a: Smeargle|move: Taunt\n|cant|p2a: Smeargle|move: Taunt|Toxic Thread\n|\n|-ability|p2a: Smeargle|Moody|boost\n|-boost|p2a: Smeargle|spe|2\n|-unboost|p2a: Smeargle|spa|1\n|upkeep\n|turn|2\n|\n|move|p2a: Smeargle|Nuzzle|p1a: bird up\n|-supereffective|p1a: bird up\n|-damage|p1a: bird up|97\/100\n|-status|p1a: bird up|par\n|cant|p1a: bird up|par\n|\n|-ability|p2a: Smeargle|Moody|boost\n|-boost|p2a: Smeargle|spd|2\n|-unboost|p2a: Smeargle|atk|1\n|upkeep\n|turn|3\n|\n|move|p2a: Smeargle|Nuzzle|p1a: bird up\n|-supereffective|p1a: bird up\n|-damage|p1a: bird up|95\/100 par\n|move|p1a: bird up|Oblivion Wing|p2a: Smeargle\n|-damage|p2a: Smeargle|47\/100\n|-heal|p1a: bird up|100\/100 par|[from] drain|[of] p2a: Smeargle\n|-damage|p1a: bird up|91\/100 par|[from] item: Life Orb\n|\n|-end|p2a: Smeargle|move: Taunt\n|-ability|p2a: Smeargle|Moody|boost\n|-boost|p2a: Smeargle|spd|2\n|-unboost|p2a: Smeargle|spa|1\n|upkeep\n|turn|4\n|c|\u2606Neutralist|bruh moment\n|\n|switch|p2a: Espeon|Espeon, M|100\/100\n|move|p1a: bird up|Sucker Punch||[still]\n|-fail|p1a: bird up\n|\n|upkeep\n|turn|5\n|\n|move|p2a: Espeon|Trick|p1a: bird up\n|-activate|p2a: Espeon|move: Trick|[of] p1a: bird up\n|-item|p1a: bird up|Choice Scarf|[from] move: Trick\n|-item|p2a: Espeon|Life Orb|[from] move: Trick\n|move|p1a: bird up|Dark Pulse|p2a: Espeon\n|-supereffective|p2a: Espeon\n|-damage|p2a: Espeon|0 fnt\n|faint|p2a: Espeon\n|\n|upkeep\n|\n|switch|p2a: Rayquaza|Rayquaza|100\/100\n|-ability|p2a: Rayquaza|Air Lock\n|turn|6\n|\n|detailschange|p2a: Rayquaza|Rayquaza-Mega\n|-mega|p2a: Rayquaza|Rayquaza|\n|-weather|DeltaStream|[from] ability: Delta Stream|[of] p2a: Rayquaza\n|move|p2a: Rayquaza|Dragon Ascent|p1a: bird up\n|-crit|p1a: bird up\n|-damage|p1a: bird up|0 fnt\n|-unboost|p2a: Rayquaza|def|1\n|-unboost|p2a: Rayquaza|spd|1\n|-damage|p2a: Rayquaza|91\/100|[from] item: Life Orb\n|faint|p1a: bird up\n|\n|-weather|DeltaStream|[upkeep]\n|upkeep\n|\n|switch|p1a: \u7687\u6d77\u9be8|Kyogre, shiny|100\/100\n|detailschange|p1a: \u7687\u6d77\u9be8|Kyogre-Primal, shiny\n|-primal|p1a: \u7687\u6d77\u9be8\n|-weather|PrimordialSea|[from] ability: Primordial Sea|[of] p1a: \u7687\u6d77\u9be8\n|turn|7\n|\n|move|p2a: Rayquaza|Dragon Ascent|p1a: \u7687\u6d77\u9be8\n|-damage|p1a: \u7687\u6d77\u9be8|0 fnt\n|-unboost|p2a: Rayquaza|def|1\n|-unboost|p2a: Rayquaza|spd|1\n|-damage|p2a: Rayquaza|81\/100|[from] item: Life Orb\n|faint|p1a: \u7687\u6d77\u9be8\n|-weather|none\n|\n|upkeep\n|\n|switch|p1a: Xeno\u2019Jiiva|Necrozma-Dawn-Wings|100\/100\n|turn|8\n|\n|switch|p2a: Whimsicott|Whimsicott, F|100\/100\n|detailschange|p1a: Xeno\u2019Jiiva|Necrozma-Ultra\n|-burst|p1a: Xeno\u2019Jiiva|Necrozma|Ultranecrozium Z\n|move|p1a: Xeno\u2019Jiiva|Dragon Pulse|p2a: Whimsicott\n|-immune|p2a: Whimsicott\n|\n|upkeep\n|turn|9\n|\n|move|p2a: Whimsicott|Leech Seed|p1a: Xeno\u2019Jiiva\n|-start|p1a: Xeno\u2019Jiiva|move: Leech Seed\n|-zpower|p1a: Xeno\u2019Jiiva\n|move|p1a: Xeno\u2019Jiiva|Light That Burns the Sky|p2a: Whimsicott|[zeffect]\n|-damage|p2a: Whimsicott|0 fnt\n|faint|p2a: Whimsicott\n|\n|upkeep\n|\n|switch|p2a: Lugia|Lugia|100\/100\n|turn|10\n|c|\u2606Neutralist|SORRY\n|c|\u2606Neutralist|I HAVE WHIMSICOTT ALLERGIES\n|\n|move|p1a: Xeno\u2019Jiiva|Moongeist Beam|p2a: Lugia\n|-supereffective|p2a: Lugia\n|-damage|p2a: Lugia|45\/100\n|move|p2a: Lugia|Toxic|p1a: Xeno\u2019Jiiva|[miss]\n|-miss|p2a: Lugia|p1a: Xeno\u2019Jiiva\n|\n|-heal|p2a: Lugia|51\/100|[from] item: Leftovers\n|-damage|p1a: Xeno\u2019Jiiva|88\/100|[from] Leech Seed|[of] p2a: Lugia\n|-heal|p2a: Lugia|62\/100|[silent]\n|upkeep\n|turn|11\n|\n|move|p1a: Xeno\u2019Jiiva|Moongeist Beam|p2a: Lugia\n|-supereffective|p2a: Lugia\n|-damage|p2a: Lugia|8\/100\n|move|p2a: Lugia|Roost|p2a: Lugia\n|-heal|p2a: Lugia|58\/100\n|-singleturn|p2a: Lugia|move: Roost\n|\n|-heal|p2a: Lugia|64\/100|[from] item: Leftovers\n|-damage|p1a: Xeno\u2019Jiiva|75\/100|[from] Leech Seed|[of] p2a: Lugia\n|-heal|p2a: Lugia|74\/100|[silent]\n|upkeep\n|turn|12\n|\n|move|p1a: Xeno\u2019Jiiva|Moongeist Beam|p2a: Lugia\n|-supereffective|p2a: Lugia\n|-damage|p2a: Lugia|20\/100\n|move|p2a: Lugia|Roost|p2a: Lugia\n|-heal|p2a: Lugia|71\/100\n|-singleturn|p2a: Lugia|move: Roost\n|\n|-heal|p2a: Lugia|77\/100|[from] item: Leftovers\n|-damage|p1a: Xeno\u2019Jiiva|63\/100|[from] Leech Seed|[of] p2a: Lugia\n|-heal|p2a: Lugia|87\/100|[silent]\n|upkeep\n|turn|13\n|\n|move|p1a: Xeno\u2019Jiiva|Moongeist Beam|p2a: Lugia\n|-supereffective|p2a: Lugia\n|-damage|p2a: Lugia|33\/100\n|move|p2a: Lugia|Roost|p2a: Lugia\n|-heal|p2a: Lugia|83\/100\n|-singleturn|p2a: Lugia|move: Roost\n|\n|-heal|p2a: Lugia|89\/100|[from] item: Leftovers\n|-damage|p1a: Xeno\u2019Jiiva|50\/100|[from] Leech Seed|[of] p2a: Lugia\n|-heal|p2a: Lugia|99\/100|[silent]\n|upkeep\n|turn|14\n|\n|switch|p2a: Smeargle|Smeargle, M|47\/100\n|move|p1a: Xeno\u2019Jiiva|Calm Mind|p1a: Xeno\u2019Jiiva\n|-boost|p1a: Xeno\u2019Jiiva|spa|1\n|-boost|p1a: Xeno\u2019Jiiva|spd|1\n|\n|-damage|p1a: Xeno\u2019Jiiva|38\/100|[from] Leech Seed|[of] p2a: Smeargle\n|-heal|p2a: Smeargle|60\/100|[silent]\n|-ability|p2a: Smeargle|Moody|boost\n|-boost|p2a: Smeargle|spe|2\n|-unboost|p2a: Smeargle|atk|1\n|upkeep\n|turn|15\n|\n|move|p2a: Smeargle|Stealth Rock|p1a: Xeno\u2019Jiiva\n|-sidestart|p1: Neutralist|move: Stealth Rock\n|move|p1a: Xeno\u2019Jiiva|Dragon Pulse|p2a: Smeargle\n|-damage|p2a: Smeargle|0 fnt\n|faint|p2a: Smeargle\n|\n|upkeep\n|c|\u2606Neutralist|oh god\n|\n|switch|p2a: Rayquaza|Rayquaza-Mega|81\/100\n|-weather|DeltaStream|[from] ability: Delta Stream|[of] p2a: Rayquaza\n|turn|16\n|\n|move|p2a: Rayquaza|Extreme Speed|p1a: Xeno\u2019Jiiva\n|-damage|p1a: Xeno\u2019Jiiva|0 fnt\n|-damage|p2a: Rayquaza|71\/100|[from] item: Life Orb\n|faint|p1a: Xeno\u2019Jiiva\n|\n|-weather|DeltaStream|[upkeep]\n|upkeep\n|\n|switch|p1a: \u8001\u5c71\u9f8d|Groudon, shiny|100\/100\n|-damage|p1a: \u8001\u5c71\u9f8d|94\/100|[from] Stealth Rock\n|detailschange|p1a: \u8001\u5c71\u9f8d|Groudon-Primal, shiny\n|-primal|p1a: \u8001\u5c71\u9f8d\n|-weather|DesolateLand|[from] ability: Desolate Land|[of] p1a: \u8001\u5c71\u9f8d\n|turn|17\n|\n|switch|p2a: Lugia|Lugia|99\/100\n|move|p1a: \u8001\u5c71\u9f8d|Stone Edge|p2a: Lugia\n|-supereffective|p2a: Lugia\n|-damage|p2a: Lugia|48\/100\n|\n|-weather|DesolateLand|[upkeep]\n|-heal|p2a: Lugia|54\/100|[from] item: Leftovers\n|upkeep\n|turn|18\n|\n|move|p1a: \u8001\u5c71\u9f8d|Stone Edge|p2a: Lugia\n|-supereffective|p2a: Lugia\n|-damage|p2a: Lugia|2\/100\n|move|p2a: Lugia|Roost|p2a: Lugia\n|-heal|p2a: Lugia|52\/100\n|-singleturn|p2a: Lugia|move: Roost\n|\n|-weather|DesolateLand|[upkeep]\n|-heal|p2a: Lugia|58\/100|[from] item: Leftovers\n|upkeep\n|turn|19\n|\n|move|p1a: \u8001\u5c71\u9f8d|Stone Edge|p2a: Lugia\n|-supereffective|p2a: Lugia\n|-damage|p2a: Lugia|3\/100\n|move|p2a: Lugia|Roost|p2a: Lugia\n|-heal|p2a: Lugia|53\/100\n|-singleturn|p2a: Lugia|move: Roost\n|\n|-weather|DesolateLand|[upkeep]\n|-heal|p2a: Lugia|59\/100|[from] item: Leftovers\n|upkeep\n|turn|20\n|\n|move|p1a: \u8001\u5c71\u9f8d|Stone Edge|p2a: Lugia\n|-supereffective|p2a: Lugia\n|-damage|p2a: Lugia|4\/100\n|move|p2a: Lugia|Roost|p2a: Lugia\n|-heal|p2a: Lugia|54\/100\n|-singleturn|p2a: Lugia|move: Roost\n|\n|-weather|DesolateLand|[upkeep]\n|-heal|p2a: Lugia|60\/100|[from] item: Leftovers\n|upkeep\n|turn|21\n|\n|move|p1a: \u8001\u5c71\u9f8d|Stealth Rock|p2a: Lugia\n|-sidestart|p2: yhdrslb|move: Stealth Rock\n|move|p2a: Lugia|Roost|p2a: Lugia\n|-heal|p2a: Lugia|100\/100\n|-singleturn|p2a: Lugia|move: Roost\n|\n|-weather|DesolateLand|[upkeep]\n|upkeep\n|turn|22\n|\n|move|p1a: \u8001\u5c71\u9f8d|Fire Punch|p2a: Lugia\n|-damage|p2a: Lugia|79\/100\n|move|p2a: Lugia|Toxic|p1a: \u8001\u5c71\u9f8d\n|-status|p1a: \u8001\u5c71\u9f8d|tox\n|\n|-weather|DesolateLand|[upkeep]\n|-heal|p2a: Lugia|85\/100|[from] item: Leftovers\n|-damage|p1a: \u8001\u5c71\u9f8d|88\/100 tox|[from] psn\n|upkeep\n|turn|23\n|\n|move|p1a: \u8001\u5c71\u9f8d|Stone Edge|p2a: Lugia\n|-supereffective|p2a: Lugia\n|-damage|p2a: Lugia|37\/100\n|move|p2a: Lugia|Roost|p2a: Lugia\n|-heal|p2a: Lugia|87\/100\n|-singleturn|p2a: Lugia|move: Roost\n|\n|-weather|DesolateLand|[upkeep]\n|-heal|p2a: Lugia|93\/100|[from] item: Leftovers\n|-damage|p1a: \u8001\u5c71\u9f8d|76\/100 tox|[from] psn\n|upkeep\n|turn|24\n|\n|move|p1a: \u8001\u5c71\u9f8d|Stone Edge|p2a: Lugia\n|-supereffective|p2a: Lugia\n|-damage|p2a: Lugia|38\/100\n|move|p2a: Lugia|Roost|p2a: Lugia\n|-heal|p2a: Lugia|88\/100\n|-singleturn|p2a: Lugia|move: Roost\n|\n|-weather|DesolateLand|[upkeep]\n|-heal|p2a: Lugia|94\/100|[from] item: Leftovers\n|-damage|p1a: \u8001\u5c71\u9f8d|57\/100 tox|[from] psn\n|upkeep\n|turn|25\n|\n|move|p1a: \u8001\u5c71\u9f8d|Stone Edge|p2a: Lugia\n|-supereffective|p2a: Lugia\n|-damage|p2a: Lugia|46\/100\n|move|p2a: Lugia|Roost|p2a: Lugia\n|-heal|p2a: Lugia|96\/100\n|-singleturn|p2a: Lugia|move: Roost\n|\n|-weather|DesolateLand|[upkeep]\n|-heal|p2a: Lugia|100\/100|[from] item: Leftovers\n|-damage|p1a: \u8001\u5c71\u9f8d|33\/100 tox|[from] psn\n|upkeep\n|turn|26\n|\n|move|p1a: \u8001\u5c71\u9f8d|Fire Punch|p2a: Lugia\n|-damage|p2a: Lugia|81\/100\n|move|p2a: Lugia|Substitute|p2a: Lugia\n|-start|p2a: Lugia|Substitute\n|-damage|p2a: Lugia|56\/100\n|\n|-weather|DesolateLand|[upkeep]\n|-heal|p2a: Lugia|62\/100|[from] item: Leftovers\n|-damage|p1a: \u8001\u5c71\u9f8d|2\/100 tox|[from] psn\n|upkeep\n|turn|27\n|\n|move|p1a: \u8001\u5c71\u9f8d|Stone Edge|p2a: Lugia\n|-supereffective|p2a: Lugia\n|-end|p2a: Lugia|Substitute\n|move|p2a: Lugia|Roost|p2a: Lugia\n|-heal|p2a: Lugia|100\/100\n|-singleturn|p2a: Lugia|move: Roost\n|\n|-weather|DesolateLand|[upkeep]\n|-damage|p1a: \u8001\u5c71\u9f8d|0 fnt|[from] psn\n|faint|p1a: \u8001\u5c71\u9f8d\n|-weather|none\n|upkeep\n|\n|switch|p1a: Shattered|Kyurem-Black|100\/100\n|-damage|p1a: Shattered|76\/100|[from] Stealth Rock\n|-ability|p1a: Shattered|Teravolt\n|turn|28\n|\n|move|p1a: Shattered|Dragon Dance|p1a: Shattered\n|-boost|p1a: Shattered|atk|1\n|-boost|p1a: Shattered|spe|1\n|move|p2a: Lugia|Toxic|p1a: Shattered\n|-status|p1a: Shattered|tox\n|\n|-damage|p1a: Shattered|70\/100 tox|[from] psn\n|upkeep\n|turn|29\n|\n|move|p1a: Shattered|Freeze Shock||[still]\n|-prepare|p1a: Shattered|Freeze Shock|p2a: Lugia\n|-enditem|p1a: Shattered|Power Herb\n|-anim|p1a: Shattered|Freeze Shock|p2a: Lugia\n|-supereffective|p2a: Lugia\n|-damage|p2a: Lugia|0 fnt\n|faint|p2a: Lugia\n|\n|-damage|p1a: Shattered|57\/100 tox|[from] psn\n|upkeep\n|c|\u2606Neutralist|sorry about that\n|\n|switch|p2a: Giratina|Giratina|100\/100\n|-damage|p2a: Giratina|88\/100|[from] Stealth Rock\n|-ability|p2a: Giratina|Pressure\n|turn|30\n|\n|-start|p1a: Shattered|Dynamax\n|-heal|p1a: Shattered|57\/100 tox|[silent]\n|-start|p2a: Giratina|Dynamax\n|-heal|p2a: Giratina|88\/100|[silent]\n|move|p1a: Shattered|Max Wyrmwind|p2a: Giratina\n|-supereffective|p2a: Giratina\n|-damage|p2a: Giratina|19\/100\n|-unboost|p2a: Giratina|atk|1\n|move|p2a: Giratina|Max Wyrmwind|p1a: Shattered\n|-supereffective|p1a: Shattered\n|-damage|p1a: Shattered|38\/100 tox\n|-unboost|p1a: Shattered|atk|1\n|\n|-heal|p2a: Giratina|22\/100|[from] item: Leftovers\n|-damage|p1a: Shattered|29\/100 tox|[from] psn\n|upkeep\n|turn|31\n|\n|move|p2a: Giratina|Max Guard|p2a: Giratina\n|-singleturn|p2a: Giratina|Max Guard\n|move|p1a: Shattered|Max Wyrmwind|p2a: Giratina\n|-activate|p2a: Giratina|move: Max Guard\n|\n|-heal|p2a: Giratina|25\/100|[from] item: Leftovers\n|-damage|p1a: Shattered|16\/100 tox|[from] psn\n|upkeep\n|turn|32\n|c|\u2606Neutralist|well isnt this something\n|\n|move|p2a: Giratina|Max Guard|p2a: Giratina\n|-singleturn|p2a: Giratina|Max Guard\n|move|p1a: Shattered|Max Wyrmwind|p2a: Giratina\n|-activate|p2a: Giratina|move: Max Guard\n|\n|-heal|p2a: Giratina|28\/100|[from] item: Leftovers\n|-damage|p1a: Shattered|1\/100 tox|[from] psn\n|-end|p1a: Shattered|Dynamax\n|-heal|p1a: Shattered|1\/100 tox|[silent]\n|-end|p2a: Giratina|Dynamax\n|-heal|p2a: Giratina|28\/100|[silent]\n|upkeep\n|turn|33\n|\n|move|p1a: Shattered|Dragon Claw|p2a: Giratina\n|-supereffective|p2a: Giratina\n|-damage|p2a: Giratina|0 fnt\n|faint|p2a: Giratina\n|\n|-damage|p1a: Shattered|0 fnt|[from] psn\n|faint|p1a: Shattered\n|upkeep\n|c|\u2606Neutralist|bruh double protect\n|\n|switch|p1a: reeee|Necrozma-Dusk-Mane|100\/100\n|switch|p2a: Rayquaza|Rayquaza-Mega|71\/100\n|-damage|p2a: Rayquaza|46\/100|[from] Stealth Rock\n|-weather|DeltaStream|[from] ability: Delta Stream|[of] p2a: Rayquaza\n|-damage|p1a: reeee|94\/100|[from] Stealth Rock\n|turn|34\n|\n|move|p2a: Rayquaza|Earthquake|p1a: reeee\n|-supereffective|p1a: reeee\n|-damage|p1a: reeee|29\/100\n|-enditem|p1a: reeee|Weakness Policy\n|-boost|p1a: reeee|atk|2|[from] item: Weakness Policy\n|-boost|p1a: reeee|spa|2|[from] item: Weakness Policy\n|-damage|p2a: Rayquaza|36\/100|[from] item: Life Orb\n|move|p1a: reeee|Trick Room|p1a: reeee\n|-fieldstart|move: Trick Room|[of] p1a: reeee\n|\n|-weather|DeltaStream|[upkeep]\n|upkeep\n|turn|35\n|\n|move|p2a: Rayquaza|Extreme Speed|p1a: reeee\n|-resisted|p1a: reeee\n|-damage|p1a: reeee|13\/100\n|-damage|p2a: Rayquaza|26\/100|[from] item: Life Orb\n|move|p1a: reeee|Photon Geyser|p2a: Rayquaza\n|-damage|p2a: Rayquaza|0 fnt\n|faint|p2a: Rayquaza\n|-weather|none\n|\n|win|Neutralist\n|l|\u2606yhdrslb\n|raw|Neutralist's rating: 1464 &rarr; <strong>1483<\/strong><br \/>(+19 for winning)\n|raw|yhdrslb's rating: 1442 &rarr; <strong>1423<\/strong><br \/>(-19 for losing)\n","uploadtime":1583552042,"views":10,"p1id":"neutralist","p2id":"yhdrslb","formatid":"gen8nationaldexag","rating":1423,"private":0,"password":null}