{"id":"gen8ou-1635872128","p1":"Jongruenwald","p2":"jeandonis02","format":"gen8ou","log":"|j|\u2606Jongruenwald\n|j|\u2606jeandonis02\n|t:|1660063122\n|gametype|singles\n|player|p1|Jongruenwald|marlon|1537\n|player|p2|jeandonis02|lucas|1606\n|teamsize|p1|6\n|teamsize|p2|6\n|gen|8\n|tier|[Gen 8] OU\n|rated|\n|rule|Sleep Clause Mod: Limit one foe put to sleep\n|rule|Species Clause: Limit one of each Pok\u00e9mon\n|rule|OHKO Clause: OHKO moves are banned\n|rule|Evasion Items Clause: Evasion items are banned\n|rule|Evasion Moves Clause: Evasion moves are banned\n|rule|Endless Battle Clause: Forcing endless battles is banned\n|rule|HP Percentage Mod: HP is shown in percentages\n|rule|Dynamax Clause: You cannot dynamax\n|clearpoke\n|poke|p1|Blissey, F|\n|poke|p1|Toxapex, M|\n|poke|p1|Clefable, M|\n|poke|p1|Blaziken, M|\n|poke|p1|Tyranitar, M|\n|poke|p1|Mandibuzz, F|\n|poke|p2|Zeraora|\n|poke|p2|Toxapex, M|\n|poke|p2|Garchomp, M|\n|poke|p2|Rotom-Wash|\n|poke|p2|Ferrothorn, M|\n|poke|p2|Charizard, M|\n|teampreview\n|\n|t:|1660063137\n|start\n|switch|p1a: Clefable|Clefable, M|100\/100\n|switch|p2a: Garchomp|Garchomp, M|100\/100\n|turn|1\n|inactive|Battle timer is ON: inactive players will automatically lose when time's up. (requested by jeandonis02)\n|\n|t:|1660063146\n|move|p2a: Garchomp|Iron Head|p1a: Clefable\n|-supereffective|p1a: Clefable\n|-damage|p1a: Clefable|42\/100\n|move|p1a: Clefable|Moonblast|p2a: Garchomp\n|-supereffective|p2a: Garchomp\n|-damage|p2a: Garchomp|33\/100\n|\n|upkeep\n|turn|2\n|\n|t:|1660063153\n|switch|p2a: Zeraora|Zeraora|100\/100\n|switch|p1a: Mandibuzz|Mandibuzz, F|100\/100\n|\n|upkeep\n|turn|3\n|\n|t:|1660063155\n|move|p2a: Zeraora|Knock Off|p1a: Mandibuzz\n|-resisted|p1a: Mandibuzz\n|-damage|p1a: Mandibuzz|93\/100\n|-enditem|p1a: Mandibuzz|Heavy-Duty Boots|[from] move: Knock Off|[of] p2a: Zeraora\n|move|p1a: Mandibuzz|Toxic|p2a: Zeraora\n|-status|p2a: Zeraora|tox\n|\n|-damage|p2a: Zeraora|95\/100 tox|[from] psn\n|upkeep\n|turn|4\n|\n|t:|1660063160\n|move|p2a: Zeraora|Plasma Fists|p1a: Mandibuzz\n|-supereffective|p1a: Mandibuzz\n|-damage|p1a: Mandibuzz|35\/100\n|-fieldactivate|move: Ion Deluge\n|-hint|Normal-type moves become Electric-type after using Plasma Fists.\n|move|p1a: Mandibuzz|Roost|p1a: Mandibuzz\n|-heal|p1a: Mandibuzz|85\/100\n|-singleturn|p1a: Mandibuzz|move: Roost\n|\n|-damage|p2a: Zeraora|83\/100 tox|[from] psn\n|upkeep\n|turn|5\n|\n|t:|1660063167\n|switch|p2a: Ferrothorn|Ferrothorn, M|100\/100\n|move|p1a: Mandibuzz|Foul Play|p2a: Ferrothorn\n|-damage|p2a: Ferrothorn|83\/100\n|-damage|p1a: Mandibuzz|72\/100|[from] ability: Iron Barbs|[of] p2a: Ferrothorn\n|-damage|p1a: Mandibuzz|56\/100|[from] item: Rocky Helmet|[of] p2a: Ferrothorn\n|\n|upkeep\n|turn|6\n|\n|t:|1660063178\n|switch|p1a: Clefable|Clefable, M|42\/100\n|move|p2a: Ferrothorn|Stealth Rock|p1a: Clefable\n|-sidestart|p1: Jongruenwald|move: Stealth Rock\n|\n|upkeep\n|turn|7\n|\n|t:|1660063181\n|move|p1a: Clefable|Soft-Boiled|p1a: Clefable\n|-heal|p1a: Clefable|92\/100\n|move|p2a: Ferrothorn|Gyro Ball|p1a: Clefable\n|-supereffective|p1a: Clefable\n|-damage|p1a: Clefable|42\/100\n|\n|upkeep\n|turn|8\n|\n|t:|1660063186\n|move|p1a: Clefable|Soft-Boiled|p1a: Clefable\n|-heal|p1a: Clefable|92\/100\n|move|p2a: Ferrothorn|Thunder Wave|p1a: Clefable\n|-status|p1a: Clefable|par\n|\n|upkeep\n|turn|9\n|\n|t:|1660063201\n|switch|p2a: Garchomp|Garchomp, M|33\/100\n|move|p1a: Clefable|Aromatherapy|p1a: Clefable\n|-activate|p1a: Clefable|move: Aromatherapy\n|-curestatus|p1a: Clefable|par|[msg]\n|\n|upkeep\n|turn|10\n|\n|t:|1660063211\n|switch|p1a: Toxapex|Toxapex, M|100\/100\n|-damage|p1a: Toxapex|88\/100|[from] Stealth Rock\n|move|p2a: Garchomp|Iron Head|p1a: Toxapex\n|-resisted|p1a: Toxapex\n|-damage|p1a: Toxapex|74\/100\n|\n|upkeep\n|turn|11\n|\n|t:|1660063215\n|switch|p2a: Ferrothorn|Ferrothorn, M|83\/100\n|switch|p1a: Mandibuzz|Mandibuzz, F|56\/100\n|-damage|p1a: Mandibuzz|31\/100|[from] Stealth Rock\n|\n|upkeep\n|turn|12\n|\n|t:|1660063221\n|move|p1a: Mandibuzz|Roost|p1a: Mandibuzz\n|-heal|p1a: Mandibuzz|81\/100\n|-singleturn|p1a: Mandibuzz|move: Roost\n|move|p2a: Ferrothorn|Gyro Ball|p1a: Mandibuzz\n|-damage|p1a: Mandibuzz|56\/100\n|\n|upkeep\n|turn|13\n|\n|t:|1660063224\n|move|p1a: Mandibuzz|Roost|p1a: Mandibuzz\n|-heal|p1a: Mandibuzz|100\/100\n|-singleturn|p1a: Mandibuzz|move: Roost\n|move|p2a: Ferrothorn|Thunder Wave|p1a: Mandibuzz\n|-status|p1a: Mandibuzz|par\n|\n|upkeep\n|turn|14\n|\n|t:|1660063229\n|switch|p1a: Blissey|Blissey, F|100\/100\n|move|p2a: Ferrothorn|Leech Seed|p1a: Blissey\n|-start|p1a: Blissey|move: Leech Seed\n|\n|-damage|p1a: Blissey|88\/100|[from] Leech Seed|[of] p2a: Ferrothorn\n|-heal|p2a: Ferrothorn|100\/100|[silent]\n|upkeep\n|turn|15\n|\n|t:|1660063234\n|switch|p2a: Garchomp|Garchomp, M|33\/100\n|move|p1a: Blissey|Stealth Rock|p2a: Garchomp\n|-sidestart|p2: jeandonis02|move: Stealth Rock\n|\n|-damage|p1a: Blissey|76\/100|[from] Leech Seed|[of] p2a: Garchomp\n|-heal|p2a: Garchomp|58\/100|[silent]\n|upkeep\n|turn|16\n|\n|t:|1660063239\n|switch|p1a: Mandibuzz|Mandibuzz, F|100\/100 par\n|-damage|p1a: Mandibuzz|76\/100 par|[from] Stealth Rock\n|move|p2a: Garchomp|Outrage|p1a: Mandibuzz\n|-damage|p1a: Mandibuzz|23\/100 par\n|\n|upkeep\n|turn|17\n|\n|t:|1660063243\n|switch|p1a: Clefable|Clefable, M|92\/100\n|move|p2a: Garchomp|Outrage|p1a: Clefable|[from]lockedmove\n|-immune|p1a: Clefable\n|\n|upkeep\n|turn|18\n|\n|t:|1660063248\n|switch|p2a: Ferrothorn|Ferrothorn, M|100\/100\n|-damage|p2a: Ferrothorn|94\/100|[from] Stealth Rock\n|move|p1a: Clefable|Aromatherapy|p1a: Clefable\n|-activate|p1a: Clefable|move: Aromatherapy\n|-curestatus|p1: Mandibuzz|par|[msg]\n|\n|upkeep\n|turn|19\n|\n|t:|1660063253\n|switch|p1a: Toxapex|Toxapex, M|100\/100\n|-damage|p1a: Toxapex|88\/100|[from] Stealth Rock\n|move|p2a: Ferrothorn|Leech Seed|p1a: Toxapex\n|-start|p1a: Toxapex|move: Leech Seed\n|\n|-damage|p1a: Toxapex|76\/100|[from] Leech Seed|[of] p2a: Ferrothorn\n|-heal|p2a: Ferrothorn|100\/100|[silent]\n|upkeep\n|turn|20\n|\n|t:|1660063259\n|switch|p1a: Mandibuzz|Mandibuzz, F|23\/100\n|-damage|p1a: Mandibuzz|0 fnt|[from] Stealth Rock\n|faint|p1a: Mandibuzz\n|move|p2a: Ferrothorn|Thunder Wave|p1: Mandibuzz|[notarget]\n|-fail|p2a: Ferrothorn\n|\n|upkeep\n|\n|t:|1660063262\n|switch|p1a: Blaziken|Blaziken, M|100\/100\n|-damage|p1a: Blaziken|88\/100|[from] Stealth Rock\n|-item|p1a: Blaziken|Air Balloon\n|turn|21\n|\n|t:|1660063269\n|move|p1a: Blaziken|Flare Blitz|p2a: Ferrothorn\n|-supereffective|p2a: Ferrothorn\n|-damage|p2a: Ferrothorn|0 fnt\n|-damage|p1a: Blaziken|76\/100|[from] ability: Iron Barbs|[of] p2a: Ferrothorn\n|-damage|p1a: Blaziken|59\/100|[from] item: Rocky Helmet|[of] p2a: Ferrothorn\n|faint|p2a: Ferrothorn\n|-damage|p1a: Blaziken|21\/100|[from] Recoil\n|\n|-ability|p1a: Blaziken|Speed Boost|boost\n|-boost|p1a: Blaziken|spe|1\n|upkeep\n|\n|t:|1660063273\n|switch|p2a: Toxapex|Toxapex, M|100\/100\n|-damage|p2a: Toxapex|88\/100|[from] Stealth Rock\n|turn|22\n|\n|t:|1660063286\n|switch|p1a: Blissey|Blissey, F|76\/100\n|move|p2a: Toxapex|Scald|p1a: Blissey\n|-damage|p1a: Blissey|70\/100\n|\n|-heal|p2a: Toxapex|94\/100|[from] item: Black Sludge\n|upkeep\n|turn|23\n|\n|t:|1660063293\n|move|p2a: Toxapex|Toxic|p1a: Blissey\n|-status|p1a: Blissey|tox\n|move|p1a: Blissey|Teleport|p1a: Blissey\n|\n|t:|1660063302\n|-curestatus|p1a: Blissey|tox|[from] ability: Natural Cure\n|switch|p1a: Tyranitar|Tyranitar, M|100\/100|[from]move: Teleport\n|-damage|p1a: Tyranitar|88\/100|[from] Stealth Rock\n|-weather|Sandstorm|[from] ability: Sand Stream|[of] p1a: Tyranitar\n|\n|-weather|Sandstorm|[upkeep]\n|-damage|p2a: Toxapex|88\/100|[from] Sandstorm\n|-heal|p2a: Toxapex|94\/100|[from] item: Black Sludge\n|upkeep\n|turn|24\n|\n|t:|1660063307\n|move|p1a: Tyranitar|Stone Edge|p2a: Toxapex|[miss]\n|-miss|p1a: Tyranitar|p2a: Toxapex\n|move|p2a: Toxapex|Toxic|p1a: Tyranitar\n|-status|p1a: Tyranitar|tox\n|\n|-weather|Sandstorm|[upkeep]\n|-damage|p2a: Toxapex|88\/100|[from] Sandstorm\n|-heal|p2a: Toxapex|94\/100|[from] item: Black Sludge\n|-damage|p1a: Tyranitar|82\/100 tox|[from] psn\n|upkeep\n|turn|25\n|\n|t:|1660063313\n|switch|p1a: Toxapex|Toxapex, M|100\/100\n|-damage|p1a: Toxapex|88\/100|[from] Stealth Rock\n|move|p2a: Toxapex|Baneful Bunker||[still]\n|-fail|p2a: Toxapex\n|\n|-weather|Sandstorm|[upkeep]\n|-damage|p2a: Toxapex|88\/100|[from] Sandstorm\n|-damage|p1a: Toxapex|82\/100|[from] Sandstorm\n|-heal|p2a: Toxapex|94\/100|[from] item: Black Sludge\n|upkeep\n|turn|26\n|\n|t:|1660063321\n|switch|p2a: Rotom|Rotom-Wash|100\/100\n|-damage|p2a: Rotom|88\/100|[from] Stealth Rock\n|move|p1a: Toxapex|Knock Off|p2a: Rotom\n|-damage|p2a: Rotom|74\/100\n|-enditem|p2a: Rotom|Leftovers|[from] move: Knock Off|[of] p1a: Toxapex\n|\n|-weather|Sandstorm|[upkeep]\n|-damage|p2a: Rotom|68\/100|[from] Sandstorm\n|-damage|p1a: Toxapex|76\/100|[from] Sandstorm\n|upkeep\n|turn|27\n|\n|t:|1660063329\n|move|p2a: Rotom|Will-O-Wisp|p1a: Toxapex\n|-status|p1a: Toxapex|brn\n|move|p1a: Toxapex|Toxic Spikes|p2a: Rotom\n|-sidestart|p2: jeandonis02|move: Toxic Spikes\n|\n|-weather|none\n|-damage|p1a: Toxapex|70\/100 brn|[from] brn\n|upkeep\n|turn|28\n|\n|t:|1660063337\n|move|p2a: Rotom|Volt Switch|p1a: Toxapex\n|-supereffective|p1a: Toxapex\n|-damage|p1a: Toxapex|29\/100 brn\n|\n|t:|1660063340\n|switch|p2a: Toxapex|Toxapex, M|100\/100|[from]move: Volt Switch\n|-damage|p2a: Toxapex|88\/100|[from] Stealth Rock\n|-sideend|p2: jeandonis02|move: Toxic Spikes|[of] p2a: Toxapex\n|move|p1a: Toxapex|Recover|p1a: Toxapex\n|-heal|p1a: Toxapex|79\/100 brn\n|\n|-heal|p2a: Toxapex|94\/100|[from] item: Black Sludge\n|-damage|p1a: Toxapex|73\/100 brn|[from] brn\n|upkeep\n|turn|29\n|\n|t:|1660063349\n|switch|p2a: Rotom|Rotom-Wash|68\/100\n|-damage|p2a: Rotom|55\/100|[from] Stealth Rock\n|move|p1a: Toxapex|Toxic Spikes|p2a: Rotom\n|-sidestart|p2: jeandonis02|move: Toxic Spikes\n|\n|-damage|p1a: Toxapex|67\/100 brn|[from] brn\n|upkeep\n|turn|30\n|\n|t:|1660063354\n|move|p2a: Rotom|Volt Switch|p1a: Toxapex\n|-supereffective|p1a: Toxapex\n|-damage|p1a: Toxapex|26\/100 brn\n|\n|t:|1660063359\n|switch|p2a: Zeraora|Zeraora|83\/100 tox|[from]move: Volt Switch\n|-damage|p2a: Zeraora|70\/100 tox|[from] Stealth Rock\n|move|p1a: Toxapex|Recover|p1a: Toxapex\n|-heal|p1a: Toxapex|76\/100 brn\n|\n|-damage|p2a: Zeraora|64\/100 tox|[from] psn\n|-damage|p1a: Toxapex|70\/100 brn|[from] brn\n|upkeep\n|turn|31\n|\n|t:|1660063370\n|switch|p2a: Toxapex|Toxapex, M|100\/100\n|-damage|p2a: Toxapex|88\/100|[from] Stealth Rock\n|-sideend|p2: jeandonis02|move: Toxic Spikes|[of] p2a: Toxapex\n|switch|p1a: Clefable|Clefable, M|92\/100\n|\n|-heal|p2a: Toxapex|94\/100|[from] item: Black Sludge\n|upkeep\n|turn|32\n|\n|t:|1660063377\n|move|p1a: Clefable|Aromatherapy|p1a: Clefable\n|-activate|p1a: Clefable|move: Aromatherapy\n|-curestatus|p1: Tyranitar|tox|[msg]\n|-curestatus|p1: Toxapex|brn|[msg]\n|move|p2a: Toxapex|Toxic|p1a: Clefable\n|-status|p1a: Clefable|tox\n|\n|-heal|p2a: Toxapex|100\/100|[from] item: Black Sludge\n|-damage|p1a: Clefable|86\/100 tox|[from] psn\n|upkeep\n|turn|33\n|\n|t:|1660063381\n|move|p1a: Clefable|Aromatherapy|p1a: Clefable\n|-activate|p1a: Clefable|move: Aromatherapy\n|-curestatus|p1a: Clefable|tox|[msg]\n|move|p2a: Toxapex|Toxic|p1a: Clefable\n|-status|p1a: Clefable|tox\n|\n|-damage|p1a: Clefable|80\/100 tox|[from] psn\n|upkeep\n|turn|34\n|\n|t:|1660063386\n|move|p1a: Clefable|Aromatherapy|p1a: Clefable\n|-activate|p1a: Clefable|move: Aromatherapy\n|-curestatus|p1a: Clefable|tox|[msg]\n|move|p2a: Toxapex|Scald|p1a: Clefable\n|-damage|p1a: Clefable|65\/100\n|\n|upkeep\n|turn|35\n|\n|t:|1660063390\n|switch|p1a: Blissey|Blissey, F|70\/100\n|move|p2a: Toxapex|Toxic|p1a: Blissey\n|-status|p1a: Blissey|tox\n|\n|-damage|p1a: Blissey|64\/100 tox|[from] psn\n|upkeep\n|turn|36\n|\n|t:|1660063395\n|move|p2a: Toxapex|Scald|p1a: Blissey\n|-damage|p1a: Blissey|57\/100 tox\n|move|p1a: Blissey|Teleport|p1a: Blissey\n|\n|t:|1660063399\n|-curestatus|p1a: Blissey|tox|[from] ability: Natural Cure\n|switch|p1a: Toxapex|Toxapex, M|100\/100|[from]move: Teleport\n|-damage|p1a: Toxapex|88\/100|[from] Stealth Rock\n|\n|upkeep\n|turn|37\n|\n|t:|1660063411\n|move|p1a: Toxapex|Toxic Spikes|p2a: Toxapex\n|-sidestart|p2: jeandonis02|move: Toxic Spikes\n|move|p2a: Toxapex|Scald|p1a: Toxapex\n|-resisted|p1a: Toxapex\n|-damage|p1a: Toxapex|82\/100\n|\n|upkeep\n|turn|38\n|\n|t:|1660063423\n|switch|p2a: Rotom|Rotom-Wash|55\/100\n|-damage|p2a: Rotom|43\/100|[from] Stealth Rock\n|move|p1a: Toxapex|Scald|p2a: Rotom\n|-resisted|p2a: Rotom\n|-damage|p2a: Rotom|34\/100\n|\n|upkeep\n|turn|39\n|\n|t:|1660063433\n|move|p2a: Rotom|Will-O-Wisp|p1a: Toxapex\n|-status|p1a: Toxapex|brn\n|move|p1a: Toxapex|Scald|p2a: Rotom\n|-resisted|p2a: Rotom\n|-damage|p2a: Rotom|27\/100\n|\n|-damage|p1a: Toxapex|76\/100 brn|[from] brn\n|upkeep\n|turn|40\n|\n|t:|1660063436\n|move|p2a: Rotom|Volt Switch|p1a: Toxapex\n|-supereffective|p1a: Toxapex\n|-damage|p1a: Toxapex|36\/100 brn\n|\n|t:|1660063441\n|switch|p2a: Toxapex|Toxapex, M|100\/100|[from]move: Volt Switch\n|-damage|p2a: Toxapex|88\/100|[from] Stealth Rock\n|-sideend|p2: jeandonis02|move: Toxic Spikes|[of] p2a: Toxapex\n|move|p1a: Toxapex|Scald|p2a: Toxapex\n|-resisted|p2a: Toxapex\n|-damage|p2a: Toxapex|83\/100\n|\n|-heal|p2a: Toxapex|89\/100|[from] item: Black Sludge\n|-damage|p1a: Toxapex|30\/100 brn|[from] brn\n|upkeep\n|turn|41\n|\n|t:|1660063445\n|switch|p2a: Garchomp|Garchomp, M|58\/100\n|-damage|p2a: Garchomp|51\/100|[from] Stealth Rock\n|move|p1a: Toxapex|Recover|p1a: Toxapex\n|-heal|p1a: Toxapex|80\/100 brn\n|\n|-damage|p1a: Toxapex|74\/100 brn|[from] brn\n|upkeep\n|turn|42\n|\n|t:|1660063457\n|move|p2a: Garchomp|Earthquake|p1a: Toxapex\n|-supereffective|p1a: Toxapex\n|-damage|p1a: Toxapex|0 fnt\n|faint|p1a: Toxapex\n|\n|upkeep\n|\n|t:|1660063459\n|switch|p1a: Blissey|Blissey, F|57\/100\n|turn|43\n|\n|t:|1660063464\n|move|p2a: Garchomp|Earthquake|p1a: Blissey\n|-damage|p1a: Blissey|0 fnt\n|faint|p1a: Blissey\n|\n|upkeep\n|\n|t:|1660063467\n|switch|p1a: Blaziken|Blaziken, M|21\/100\n|-damage|p1a: Blaziken|8\/100|[from] Stealth Rock\n|-item|p1a: Blaziken|Air Balloon\n|turn|44\n|\n|t:|1660063475\n|switch|p2a: Toxapex|Toxapex, M|100\/100\n|-damage|p2a: Toxapex|88\/100|[from] Stealth Rock\n|move|p1a: Blaziken|Swords Dance|p1a: Blaziken\n|-boost|p1a: Blaziken|atk|2\n|\n|-heal|p2a: Toxapex|94\/100|[from] item: Black Sludge\n|-ability|p1a: Blaziken|Speed Boost|boost\n|-boost|p1a: Blaziken|spe|1\n|upkeep\n|turn|45\n|\n|t:|1660063479\n|move|p1a: Blaziken|Swords Dance|p1a: Blaziken\n|-boost|p1a: Blaziken|atk|2\n|move|p2a: Toxapex|Scald|p1a: Blaziken\n|-supereffective|p1a: Blaziken\n|-damage|p1a: Blaziken|0 fnt\n|-enditem|p1a: Blaziken|Air Balloon\n|faint|p1a: Blaziken\n|\n|-heal|p2a: Toxapex|100\/100|[from] item: Black Sludge\n|upkeep\n|\n|t:|1660063482\n|switch|p1a: Tyranitar|Tyranitar, M|82\/100\n|-damage|p1a: Tyranitar|70\/100|[from] Stealth Rock\n|-weather|Sandstorm|[from] ability: Sand Stream|[of] p1a: Tyranitar\n|turn|46\n|\n|t:|1660063486\n|move|p2a: Toxapex|Baneful Bunker|p2a: Toxapex\n|-singleturn|p2a: Toxapex|move: Protect\n|move|p1a: Tyranitar|Crunch|p2a: Toxapex\n|-activate|p2a: Toxapex|move: Protect\n|-status|p1a: Tyranitar|psn\n|\n|-weather|Sandstorm|[upkeep]\n|-damage|p2a: Toxapex|94\/100|[from] Sandstorm\n|-heal|p2a: Toxapex|100\/100|[from] item: Black Sludge\n|-damage|p1a: Tyranitar|57\/100 psn|[from] psn\n|upkeep\n|turn|47\n|\n|t:|1660063491\n|move|p1a: Tyranitar|Crunch|p2a: Toxapex\n|-damage|p2a: Toxapex|49\/100\n|move|p2a: Toxapex|Scald|p1a: Tyranitar\n|-supereffective|p1a: Tyranitar\n|-damage|p1a: Tyranitar|37\/100 psn\n|\n|-weather|Sandstorm|[upkeep]\n|-damage|p2a: Toxapex|43\/100|[from] Sandstorm\n|-heal|p2a: Toxapex|49\/100|[from] item: Black Sludge\n|-damage|p1a: Tyranitar|25\/100 psn|[from] psn\n|upkeep\n|turn|48\n|\n|t:|1660063494\n|move|p2a: Toxapex|Baneful Bunker|p2a: Toxapex\n|-singleturn|p2a: Toxapex|move: Protect\n|move|p1a: Tyranitar|Crunch|p2a: Toxapex\n|-activate|p2a: Toxapex|move: Protect\n|\n|-weather|Sandstorm|[upkeep]\n|-damage|p2a: Toxapex|43\/100|[from] Sandstorm\n|-heal|p2a: Toxapex|49\/100|[from] item: Black Sludge\n|-damage|p1a: Tyranitar|13\/100 psn|[from] psn\n|upkeep\n|turn|49\n|\n|t:|1660063501\n|switch|p2a: Rotom|Rotom-Wash|27\/100\n|-damage|p2a: Rotom|15\/100|[from] Stealth Rock\n|move|p1a: Tyranitar|Crunch|p2a: Rotom\n|-damage|p2a: Rotom|0 fnt\n|faint|p2a: Rotom\n|\n|-weather|Sandstorm|[upkeep]\n|-damage|p1a: Tyranitar|0 fnt|[from] psn\n|faint|p1a: Tyranitar\n|upkeep\n|\n|t:|1660063509\n|switch|p2a: Toxapex|Toxapex, M|82\/100\n|switch|p1a: Clefable|Clefable, M|65\/100\n|-damage|p2a: Toxapex|70\/100|[from] Stealth Rock\n|turn|50\n|\n|t:|1660063510\n|move|p1a: Clefable|Calm Mind|p1a: Clefable\n|-boost|p1a: Clefable|spa|1\n|-boost|p1a: Clefable|spd|1\n|move|p2a: Toxapex|Toxic|p1a: Clefable\n|-status|p1a: Clefable|tox\n|\n|-weather|none\n|-heal|p2a: Toxapex|76\/100|[from] item: Black Sludge\n|-damage|p1a: Clefable|59\/100 tox|[from] psn\n|upkeep\n|turn|51\n|\n|t:|1660063513\n|move|p1a: Clefable|Soft-Boiled|p1a: Clefable\n|-heal|p1a: Clefable|100\/100 tox\n|move|p2a: Toxapex|Haze|p2a: Toxapex\n|-clearallboost\n|\n|-heal|p2a: Toxapex|82\/100|[from] item: Black Sludge\n|-damage|p1a: Clefable|88\/100 tox|[from] psn\n|upkeep\n|turn|52\n|-message|Jongruenwald forfeited.\n|\n|win|jeandonis02\n|raw|Jongruenwald's rating: 1537 &rarr; <strong>1521<\/strong><br \/>(-16 for losing)\n|raw|jeandonis02's rating: 1606 &rarr; <strong>1622<\/strong><br \/>(+16 for winning)\n|l|\u2606Jongruenwald\n|c|\u2606jeandonis02|Gg\n||Ladder isn't responding, score probably updated but might not have (Request timeout).\n","uploadtime":1660063664,"views":33,"p1id":"jongruenwald","p2id":"jeandonis02","formatid":"gen8ou","rating":1521,"private":0,"password":null}