{"id":"gen8nationaldex-1177683154","p1":"Daunzu","p2":"World Government","format":"gen8nationaldex","log":"|j|\u2606Daunzu\n|j|\u2606World Government\n|t:|1598731723\n|player|p1|Daunzu|ingo|1501\n|player|p2|World Government|giovanni-gen1|1424\n|teamsize|p1|6\n|teamsize|p2|6\n|gametype|singles\n|gen|8\n|tier|[Gen 8] National Dex\n|rated|\n|html|<div class=\"broadcast-blue\"><strong>National Dex is currently suspecting Ash-Greninja! For information on how to participate check out the <a href=\"https:\/\/www.smogon.com\/forums\/threads\/3668917\/\">suspect thread<\/a>.<\/strong><\/div>\n|clearpoke\n|poke|p1|Gengar, M|\n|poke|p1|Landorus-Therian, M|\n|poke|p1|Conkeldurr, M|\n|poke|p1|Slowbro, F|\n|poke|p1|Tapu Fini|\n|poke|p1|Corviknight, F|\n|poke|p2|Rillaboom, F|\n|poke|p2|Corviknight, M|\n|poke|p2|Deoxys-Defense|\n|poke|p2|Manectric, M|\n|poke|p2|Staraptor, M|\n|poke|p2|Heatran, F|\n|rule|HP Percentage Mod: HP is shown in percentages\n|rule|Endless Battle Clause: Forcing endless battles is banned\n|rule|OHKO Clause: OHKO moves are banned\n|rule|Evasion Moves Clause: Evasion moves are banned\n|rule|Species Clause: Limit one of each Pok\u00e9mon\n|rule|Dynamax Clause: You cannot dynamax\n|rule|Sleep Clause Mod: Limit one foe put to sleep\n|teampreview\n|c|\u2606World Government|yo i fuck with your team\n|c|\u2606Daunzu|ty ty bro\n|\n|t:|1598731765\n|start\n|switch|p1a: Gengar|Gengar, M|100\/100\n|switch|p2a: Killua|Manectric, M|100\/100\n|turn|1\n|c|\u2606Daunzu|I just made it but i think it may have a few holes in it\n|\n|t:|1598731774\n|switch|p1a: Landorus|Landorus-Therian, M|100\/100\n|-ability|p1a: Landorus|Intimidate|boost\n|-unboost|p2a: Killua|atk|1\n|detailschange|p2a: Killua|Manectric-Mega, M\n|-mega|p2a: Killua|Manectric|Manectite\n|-ability|p2a: Killua|Intimidate|boost\n|-unboost|p1a: Landorus|atk|1\n|move|p2a: Killua|Hidden Power|p1a: Landorus\n|-supereffective|p1a: Landorus\n|-damage|p1a: Landorus|9\/100\n|\n|-heal|p1a: Landorus|15\/100|[from] item: Leftovers\n|upkeep\n|turn|2\n|\n|t:|1598731798\n|move|p2a: Killua|Hidden Power|p1a: Landorus\n|-supereffective|p1a: Landorus\n|-damage|p1a: Landorus|0 fnt\n|faint|p1a: Landorus\n|\n|upkeep\n|\n|t:|1598731804\n|switch|p1a: Conkeldurr|Conkeldurr, M|100\/100\n|turn|3\n|\n|t:|1598731826\n|move|p2a: Killua|Volt Switch|p1a: Conkeldurr\n|-damage|p1a: Conkeldurr|57\/100\n|c|\u2606Daunzu|you're a hunter x hunter fan?\n|c|\u2606World Government|yeah\n|c|\u2606Daunzu|favourite character?\n|c|\u2606World Government|hisoka\n|\n|t:|1598731879\n|switch|p2a: Tier 100|Corviknight, M, shiny|100\/100|[from]move: Volt Switch\n|-ability|p2a: Tier 100|Pressure\n|move|p1a: Conkeldurr|Knock Off|p2a: Tier 100\n|-damage|p2a: Tier 100|68\/100\n|-enditem|p2a: Tier 100|Leftovers|[from] move: Knock Off|[of] p1a: Conkeldurr\n|\n|-status|p1a: Conkeldurr|brn|[from] item: Flame Orb\n|upkeep\n|turn|4\n|c|\u2606Daunzu|yeahhhhhhh gotta love hisoka\n|c|\u2606World Government|HMMMMMMMMMMMMMMMMM GOOOOOOOONNNNN\n|\n|t:|1598731898\n|move|p2a: Tier 100|U-turn|p1a: Conkeldurr\n|-resisted|p1a: Conkeldurr\n|-damage|p1a: Conkeldurr|51\/100 brn\n|c|\u2606Daunzu|GONNNNNNNN KUNNNNNNNN\n|c|\u2606Daunzu|yeah i love hisoka, netero, feitan and Killua\n|\n|t:|1598731938\n|switch|p2a: big d energy|Deoxys-Defense|100\/100|[from]move: U-turn\n|-ability|p2a: big d energy|Pressure\n|move|p1a: Conkeldurr|Drain Punch|p2a: big d energy\n|-resisted|p2a: big d energy\n|-crit|p2a: big d energy\n|-damage|p2a: big d energy|71\/100\n|-heal|p1a: Conkeldurr|62\/100 brn|[from] drain|[of] p2a: big d energy\n|\n|-heal|p2a: big d energy|77\/100|[from] item: Leftovers\n|-damage|p1a: Conkeldurr|56\/100 brn|[from] brn\n|upkeep\n|turn|5\n|\n|t:|1598731952\n|move|p2a: big d energy|Stealth Rock|p1a: Conkeldurr\n|-sidestart|p1: Daunzu|move: Stealth Rock\n|move|p1a: Conkeldurr|Knock Off|p2a: big d energy\n|-supereffective|p2a: big d energy\n|-damage|p2a: big d energy|9\/100\n|-enditem|p2a: big d energy|Leftovers|[from] move: Knock Off|[of] p1a: Conkeldurr\n|\n|-damage|p1a: Conkeldurr|50\/100 brn|[from] brn\n|upkeep\n|turn|6\n|\n|t:|1598731960\n|move|p1a: Conkeldurr|Mach Punch|p2a: big d energy\n|-resisted|p2a: big d energy\n|-damage|p2a: big d energy|0 fnt\n|faint|p2a: big d energy\n|\n|-damage|p1a: Conkeldurr|43\/100 brn|[from] brn\n|upkeep\n|\n|t:|1598731970\n|switch|p2a: Killua|Manectric-Mega, M|100\/100\n|-ability|p2a: Killua|Intimidate|boost\n|-unboost|p1a: Conkeldurr|atk|1\n|turn|7\n|\n|t:|1598731981\n|move|p1a: Conkeldurr|Mach Punch|p2a: Killua\n|-damage|p2a: Killua|62\/100\n|move|p2a: Killua|Thunderbolt|p1a: Conkeldurr\n|-damage|p1a: Conkeldurr|0 fnt\n|faint|p1a: Conkeldurr\n|\n|upkeep\n|\n|t:|1598731989\n|switch|p1a: Gengar|Gengar, M|100\/100\n|-damage|p1a: Gengar|88\/100|[from] Stealth Rock\n|turn|8\n|\n|t:|1598732001\n|move|p2a: Killua|Volt Switch|p1a: Gengar\n|-damage|p1a: Gengar|23\/100\n|\n|t:|1598732005\n|switch|p2a: Akainu|Heatran, F|100\/100|[from]move: Volt Switch\n|move|p1a: Gengar|Sludge Wave|p2a: Akainu\n|-immune|p2a: Akainu\n|\n|upkeep\n|turn|9\n|\n|t:|1598732018\n|switch|p1a: Slowbro|Slowbro, F|100\/100\n|-damage|p1a: Slowbro|88\/100|[from] Stealth Rock\n|move|p2a: Akainu|Lava Plume|p1a: Slowbro\n|-resisted|p1a: Slowbro\n|-damage|p1a: Slowbro|69\/100\n|\n|upkeep\n|turn|10\n|\n|t:|1598732025\n|move|p2a: Akainu|Toxic|p1a: Slowbro\n|-status|p1a: Slowbro|tox\n|move|p1a: Slowbro|Thunder Wave|p2a: Akainu\n|-status|p2a: Akainu|par\n|\n|-damage|p1a: Slowbro|63\/100 tox|[from] psn\n|upkeep\n|turn|11\n|\n|t:|1598732036\n|switch|p2a: Harambe|Rillaboom, F, shiny|100\/100\n|-fieldstart|move: Grassy Terrain|[from] ability: Grassy Surge|[of] p2a: Harambe\n|move|p1a: Slowbro|Teleport|p1a: Slowbro\n|\n|t:|1598732041\n|switch|p1a: Corviknight|Corviknight, F|100\/100|[from]move: Teleport\n|-damage|p1a: Corviknight|88\/100|[from] Stealth Rock\n|\n|-heal|p1a: Corviknight|94\/100|[from] item: Leftovers\n|upkeep\n|turn|12\n|\n|t:|1598732054\n|move|p2a: Harambe|U-turn|p1a: Corviknight\n|-resisted|p1a: Corviknight\n|-damage|p1a: Corviknight|89\/100\n|\n|t:|1598732059\n|switch|p2a: Killua|Manectric-Mega, M|62\/100|[from]move: U-turn\n|-ability|p2a: Killua|Intimidate|boost\n|-ability|p1a: Corviknight|Mirror Armor\n|-unboost|p2a: Killua|atk|1\n|move|p1a: Corviknight|Defog|p2a: Killua\n|-unboost|p2a: Killua|evasion|1\n|-sideend|p1: Daunzu|Stealth Rock|[from] move: Defog|[of] p1a: Corviknight\n|-fieldend|move: Grassy Terrain\n|\n|-heal|p1a: Corviknight|95\/100|[from] item: Leftovers\n|upkeep\n|turn|13\n|\n|t:|1598732071\n|move|p2a: Killua|Thunderbolt|p1a: Corviknight\n|-supereffective|p1a: Corviknight\n|-damage|p1a: Corviknight|0 fnt\n|faint|p1a: Corviknight\n|\n|upkeep\n|c|\u2606World Government|gg\n|\n|t:|1598732079\n|switch|p1a: Tapu Fini|Tapu Fini|100\/100\n|-fieldstart|move: Misty Terrain|[from] ability: Misty Surge|[of] p1a: Tapu Fini\n|turn|14\n|c|\u2606World Government|i think\n|c|\u2606Daunzu|yeah that's why this team has holes\n|c|\u2606Daunzu|i get fisted by manectric\n|\n|t:|1598732097\n|move|p2a: Killua|Volt Switch|p1a: Tapu Fini\n|-supereffective|p1a: Tapu Fini\n|-damage|p1a: Tapu Fini|53\/100\n|c|\u2606World Government|lol\n|\n|t:|1598732102\n|switch|p2a: Harambe|Rillaboom, F, shiny|100\/100|[from]move: Volt Switch\n|-fieldstart|move: Grassy Terrain|[from] ability: Grassy Surge|[of] p2a: Harambe\n|move|p1a: Tapu Fini|Moonblast|p2a: Harambe\n|-damage|p2a: Harambe|56\/100\n|-unboost|p2a: Harambe|spa|1\n|\n|-heal|p2a: Harambe|62\/100|[from] Grassy Terrain\n|-heal|p1a: Tapu Fini|59\/100|[from] item: Leftovers\n|-heal|p1a: Tapu Fini|65\/100|[from] Grassy Terrain\n|upkeep\n|turn|15\n|\n|t:|1598732114\n|switch|p1a: Slowbro|Slowbro, F|96\/100 tox\n|move|p2a: Harambe|Wood Hammer|p1a: Slowbro\n|-supereffective|p1a: Slowbro\n|-damage|p1a: Slowbro|0 fnt\n|-damage|p2a: Harambe|45\/100|[from] item: Rocky Helmet|[of] p1a: Slowbro\n|-damage|p2a: Harambe|9\/100|[from] Recoil\n|faint|p1a: Slowbro\n|\n|-heal|p2a: Harambe|15\/100|[from] Grassy Terrain\n|upkeep\n|\n|t:|1598732125\n|switch|p1a: Gengar|Gengar, M|23\/100\n|turn|16\n|\n|t:|1598732144\n|switch|p2a: Alabasta|Staraptor, M|100\/100\n|move|p1a: Gengar|Shadow Ball|p2a: Alabasta\n|-immune|p2a: Alabasta\n|\n|-heal|p1a: Gengar|29\/100|[from] Grassy Terrain\n|upkeep\n|turn|17\n|\n|t:|1598732152\n|move|p2a: Alabasta|Brave Bird|p1a: Gengar\n|-damage|p1a: Gengar|0 fnt\n|-start|p2a: Alabasta|Disable|Brave Bird|[from] ability: Cursed Body|[of] p1a: Gengar\n|-damage|p2a: Alabasta|93\/100|[from] Recoil\n|faint|p1a: Gengar\n|\n|upkeep\n|\n|t:|1598732159\n|switch|p1a: Tapu Fini|Tapu Fini|65\/100\n|-fieldstart|move: Misty Terrain|[from] ability: Misty Surge|[of] p1a: Tapu Fini\n|turn|18\n|\n|t:|1598732163\n|switch|p2a: Killua|Manectric-Mega, M|62\/100\n|-ability|p2a: Killua|Intimidate|boost\n|-unboost|p1a: Tapu Fini|atk|1\n|move|p1a: Tapu Fini|Moonblast|p2a: Killua\n|-damage|p2a: Killua|19\/100\n|\n|-heal|p1a: Tapu Fini|71\/100|[from] item: Leftovers\n|upkeep\n|turn|19\n|c|\u2606Daunzu|gg at least i lose to a fellow weeb\n|\n|t:|1598732173\n|move|p2a: Killua|Thunderbolt|p1a: Tapu Fini\n|-supereffective|p1a: Tapu Fini\n|-damage|p1a: Tapu Fini|16\/100\n|move|p1a: Tapu Fini|Moonblast|p2a: Killua\n|-damage|p2a: Killua|0 fnt\n|faint|p2a: Killua\n|\n|-heal|p1a: Tapu Fini|23\/100|[from] item: Leftovers\n|upkeep\n|\n|t:|1598732179\n|switch|p2a: Harambe|Rillaboom, F, shiny|15\/100\n|-fieldstart|move: Grassy Terrain|[from] ability: Grassy Surge|[of] p2a: Harambe\n|turn|20\n|\n|t:|1598732184\n|move|p2a: Harambe|Grassy Glide|p1a: Tapu Fini\n|-supereffective|p1a: Tapu Fini\n|-damage|p1a: Tapu Fini|0 fnt\n|faint|p1a: Tapu Fini\n|\n|win|World Government\n|c|\u2606World Government|gg bro\n","uploadtime":1598732187,"views":6,"p1id":"daunzu","p2id":"worldgovernment","formatid":"gen8nationaldex","rating":0,"private":0,"password":null}