{"id":"gen8randombattle-1706975221","p1":"DG Zero","p2":"EgyptianSlifer21","format":"gen8randombattle","log":"|j|\u2606DG Zero\n|j|\u2606EgyptianSlifer21\n|t:|1668038011\n|gametype|singles\n|player|p1|DG Zero|veteran|1300\n|player|p2|EgyptianSlifer21|169|1300\n|teamsize|p1|6\n|teamsize|p2|6\n|gen|8\n|tier|[Gen 8] Random Battle\n|rated|\n|rule|Species Clause: Limit one of each Pok\u00e9mon\n|rule|HP Percentage Mod: HP is shown in percentages\n|rule|Sleep Clause Mod: Limit one foe put to sleep\n|\n|t:|1668038011\n|start\n|switch|p1a: Ditto|Ditto, L76|198\/198\n|switch|p2a: Ditto|Ditto, L76|198\/198\n|-transform|p1a: Ditto|p2a: Ditto|[from] ability: Imposter\n|turn|1\n|inactive|Battle timer is ON: inactive players will automatically lose when time's up. (requested by DG Zero)\n|c|\u2606DG Zero|...\n|c|\u2606DG Zero|lol\n|c|\u2606EgyptianSlifer21|loll\n|inactive|EgyptianSlifer21 has 120 seconds left.\n|\n|t:|1668038047\n|switch|p1a: Weezing|Weezing-Galar, L86, M|252\/252\n|-ability|p1a: Weezing|Neutralizing Gas\n|switch|p2a: Dracozolt|Dracozolt, L78|268\/268\n|\n|upkeep\n|turn|2\n|\n|t:|1668038065\n|switch|p2a: Diggersby|Diggersby, L80, M|267\/267\n|move|p1a: Weezing|Strange Steam|p2a: Diggersby\n|-damage|p2a: Diggersby|156\/267\n|\n|upkeep\n|turn|3\n|\n|t:|1668038085\n|-end|p1a: Weezing|ability: Neutralizing Gas\n|switch|p1a: Thundurus|Thundurus-Therian, L80, M|258\/258\n|move|p2a: Diggersby|Swords Dance|p2a: Diggersby\n|-boost|p2a: Diggersby|atk|2\n|\n|upkeep\n|turn|4\n|\n|t:|1668038108\n|move|p1a: Thundurus|Grass Knot|p2a: Diggersby\n|-supereffective|p2a: Diggersby\n|-damage|p2a: Diggersby|0 fnt\n|faint|p2a: Diggersby\n|-damage|p1a: Thundurus|233\/258|[from] item: Life Orb\n|\n|upkeep\n|inactive|EgyptianSlifer21 has 120 seconds left.\n|\n|t:|1668038122\n|switch|p2a: Ditto|Ditto, L76|198\/198\n|-transform|p2a: Ditto|p1a: Thundurus|[from] ability: Imposter\n|turn|5\n|\n|t:|1668038145\n|move|p2a: Ditto|Thunderbolt|p1a: Thundurus\n|-heal|p1a: Thundurus|258\/258|[from] ability: Volt Absorb|[of] p2a: Ditto\n|move|p1a: Thundurus|Nasty Plot|p1a: Thundurus\n|-boost|p1a: Thundurus|spa|2\n|\n|upkeep\n|turn|6\n|\n|t:|1668038152\n|switch|p2a: Dracozolt|Dracozolt, L78|268\/268\n|move|p1a: Thundurus|Psychic|p2a: Dracozolt\n|-damage|p2a: Dracozolt|0 fnt\n|faint|p2a: Dracozolt\n|-damage|p1a: Thundurus|233\/258|[from] item: Life Orb\n|\n|upkeep\n|\n|t:|1668038162\n|switch|p2a: Mawile|Mawile, L86, F|226\/226\n|-ability|p2a: Mawile|Intimidate|boost\n|-unboost|p1a: Thundurus|atk|1\n|turn|7\n|\n|t:|1668038179\n|-start|p2a: Mawile|Dynamax|\n|-heal|p2a: Mawile|452\/452|[silent]\n|move|p1a: Thundurus|Thunderbolt|p2a: Mawile\n|-damage|p2a: Mawile|41\/452\n|-damage|p1a: Thundurus|208\/258|[from] item: Life Orb\n|move|p2a: Mawile|Max Starfall|p1a: Thundurus\n|-damage|p1a: Thundurus|5\/258\n|-fieldstart|move: Misty Terrain\n|-damage|p2a: Mawile|19\/452|[from] item: Life Orb\n|\n|upkeep\n|turn|8\n|\n|t:|1668038193\n|move|p1a: Thundurus|Thunderbolt|p2a: Mawile\n|-damage|p2a: Mawile|0 fnt\n|faint|p2a: Mawile\n|-damage|p1a: Thundurus|0 fnt|[from] item: Life Orb\n|faint|p1a: Thundurus\n|\n|upkeep\n|\n|t:|1668038207\n|switch|p1a: Weezing|Weezing-Galar, L86, M|252\/252\n|switch|p2a: Sharpedo|Sharpedo, L82, F|249\/249\n|-ability|p1a: Weezing|Neutralizing Gas\n|turn|9\n|\n|t:|1668038218\n|move|p2a: Sharpedo|Protect|p2a: Sharpedo\n|-singleturn|p2a: Sharpedo|Protect\n|move|p1a: Weezing|Toxic Spikes|p2a: Sharpedo\n|-sidestart|p2: EgyptianSlifer21|move: Toxic Spikes\n|\n|upkeep\n|turn|10\n|\n|t:|1668038226\n|switch|p2a: Ditto|Ditto, L76|198\/198\n|move|p1a: Weezing|Toxic Spikes|p2a: Ditto\n|-sidestart|p2: EgyptianSlifer21|move: Toxic Spikes\n|\n|upkeep\n|turn|11\n|\n|t:|1668038234\n|move|p2a: Ditto|Transform|p1a: Weezing\n|-transform|p2a: Ditto|p1a: Weezing\n|move|p1a: Weezing|Sludge Bomb|p2a: Ditto\n|-damage|p2a: Ditto|92\/198\n|\n|-fieldend|Misty Terrain\n|upkeep\n|turn|12\n|\n|t:|1668038245\n|switch|p2a: Jellicent|Jellicent, L84, M|305\/305\n|-status|p2a: Jellicent|tox\n|move|p1a: Weezing|Sludge Bomb|p2a: Jellicent\n|-resisted|p2a: Jellicent\n|-damage|p2a: Jellicent|265\/305 tox\n|\n|-heal|p2a: Jellicent|284\/305 tox|[from] item: Leftovers\n|-damage|p2a: Jellicent|265\/305 tox|[from] psn\n|upkeep\n|turn|13\n|\n|t:|1668038264\n|switch|p2a: Ditto|Ditto, L76|92\/198\n|-status|p2a: Ditto|tox\n|move|p1a: Weezing|Strange Steam|p2a: Ditto\n|-damage|p2a: Ditto|0 fnt\n|faint|p2a: Ditto\n|\n|upkeep\n|\n|t:|1668038271\n|switch|p2a: Sharpedo|Sharpedo, L82, F|249\/249\n|-status|p2a: Sharpedo|tox\n|turn|14\n|\n|t:|1668038279\n|move|p2a: Sharpedo|Hydro Pump|p1a: Weezing\n|-damage|p1a: Weezing|99\/252\n|-damage|p2a: Sharpedo|225\/249 tox|[from] item: Life Orb\n|move|p1a: Weezing|Sludge Bomb|p2a: Sharpedo\n|-damage|p2a: Sharpedo|78\/249 tox\n|\n|-heal|p1a: Weezing|114\/252|[from] item: Black Sludge\n|-damage|p2a: Sharpedo|63\/249 tox|[from] psn\n|upkeep\n|turn|15\n|\n|t:|1668038289\n|move|p2a: Sharpedo|Hydro Pump|p1a: Weezing|[miss]\n|-miss|p2a: Sharpedo|p1a: Weezing\n|move|p1a: Weezing|Strange Steam|p2a: Sharpedo\n|-supereffective|p2a: Sharpedo\n|-damage|p2a: Sharpedo|0 fnt\n|faint|p2a: Sharpedo\n|\n|-heal|p1a: Weezing|129\/252|[from] item: Black Sludge\n|upkeep\n|\n|t:|1668038294\n|switch|p2a: Jellicent|Jellicent, L84, M|265\/305 tox\n|turn|16\n|\n|t:|1668038299\n|-end|p1a: Weezing|ability: Neutralizing Gas\n|switch|p1a: Ditto|Ditto, L76|198\/198\n|-transform|p1a: Ditto|p2a: Jellicent|[from] ability: Imposter\n|move|p2a: Jellicent|Shadow Ball|p1a: Ditto\n|-supereffective|p1a: Ditto\n|-damage|p1a: Ditto|66\/198\n|\n|-heal|p2a: Jellicent|284\/305 tox|[from] item: Leftovers\n|-damage|p2a: Jellicent|265\/305 tox|[from] psn\n|upkeep\n|turn|17\n|\n|t:|1668038313\n|move|p1a: Ditto|Shadow Ball|p2a: Jellicent\n|-supereffective|p2a: Jellicent\n|-damage|p2a: Jellicent|145\/305 tox\n|move|p2a: Jellicent|Shadow Ball|p1a: Ditto\n|-supereffective|p1a: Ditto\n|-damage|p1a: Ditto|0 fnt\n|faint|p1a: Ditto\n|\n|-heal|p2a: Jellicent|164\/305 tox|[from] item: Leftovers\n|-damage|p2a: Jellicent|126\/305 tox|[from] psn\n|upkeep\n|\n|t:|1668038328\n|switch|p1a: Melmetal|Melmetal, L74|322\/322\n|turn|18\n|\n|t:|1668038335\n|move|p2a: Jellicent|Scald|p1a: Melmetal\n|-damage|p1a: Melmetal|217\/322\n|move|p1a: Melmetal|Thunder Punch|p2a: Jellicent\n|-supereffective|p2a: Jellicent\n|-damage|p2a: Jellicent|0 fnt\n|faint|p2a: Jellicent\n|\n|win|DG Zero\n|raw|DG Zero's rating: 1300 &rarr; <strong>1325<\/strong><br \/>(+25 for winning)\n|raw|EgyptianSlifer21's rating: 1300 &rarr; <strong>1275<\/strong><br \/>(-25 for losing)\n|c|\u2606DG Zero|gg mate\n|l|\u2606EgyptianSlifer21\n||Ladder isn't responding, score probably updated but might not have (Request timeout).\n","inputlog":">version 453a3ad56483cc6a5c08448f6577d394b68621b7\n>start {\"formatid\":\"gen8randombattle\",\"seed\":[9776,14394,15579,43038],\"rated\":\"Rated battle\"}\n>player p1 {\"name\":\"DG Zero\",\"avatar\":\"veteran\",\"rating\":1300,\"seed\":[31649,5446,28761,55119]}\n>player p2 {\"name\":\"EgyptianSlifer21\",\"avatar\":\"169\",\"rating\":1300,\"seed\":[28621,22205,13456,33634]}\n>chat \u2606DG Zero|...\n>chat \u2606DG Zero|lol\n>chat \u2606EgyptianSlifer21|loll\n>p1 switch 3\n>p2 switch 6\n>p1 move strangesteam\n>p2 switch 5\n>p1 switch 4\n>p2 move swordsdance\n>p1 move grassknot\n>p2 move knockoff\n>p2 switch 6\n>p1 move nastyplot\n>p2 move thunderbolt\n>p1 move psychic\n>p2 switch 5\n>p2 switch 3\n>p1 move thunderbolt\n>p2 move playrough dynamax\n>p1 move thunderbolt\n>p2 move ironhead dynamax\n>p1 switch 4\n>p2 switch 2\n>p1 move toxicspikes\n>p2 move protect\n>p1 move toxicspikes\n>p2 switch 5\n>p1 move sludgebomb\n>p2 move transform\n>p1 move sludgebomb\n>p2 switch 4\n>p1 move strangesteam\n>p2 switch 4\n>p2 switch 5\n>p1 move sludgebomb\n>p2 move hydropump\n>p1 move strangesteam\n>p2 move hydropump\n>p2 switch 4\n>p1 switch 3\n>p2 move shadowball\n>p1 move shadowball\n>p2 move shadowball\n>p1 switch 5\n>p1 move thunderpunch\n>p2 move scald","uploadtime":1668038351,"views":2,"p1id":"dgzero","p2id":"egyptianslifer21","formatid":"gen8randombattle","rating":1275,"private":0,"password":null}