{"id":"gen8ou-1649434294","p1":"himynametay","p2":"minimax_ai","format":"gen8ou","log":"|j|\u203dhimynametay\n|j|\u2606minimax_ai\n|t:|1661597336\n|gametype|singles\n|player|p1|himynametay|elesa-masters|1538\n|player|p2|minimax_ai|lusamine-nihilego|1501\n|teamsize|p1|6\n|teamsize|p2|6\n|gen|8\n|tier|[Gen 8] OU\n|rated|\n|rule|Sleep Clause Mod: Limit one foe put to sleep\n|rule|Species Clause: Limit one of each Pok\u00e9mon\n|rule|OHKO Clause: OHKO moves are banned\n|rule|Evasion Items Clause: Evasion items are banned\n|rule|Evasion Moves Clause: Evasion moves are banned\n|rule|Endless Battle Clause: Forcing endless battles is banned\n|rule|HP Percentage Mod: HP is shown in percentages\n|rule|Dynamax Clause: You cannot dynamax\n|clearpoke\n|poke|p1|Landorus-Therian, M|\n|poke|p1|Ferrothorn, M|\n|poke|p1|Urshifu-*, M|\n|poke|p1|Tornadus-Therian, M|\n|poke|p1|Dragapult, M|\n|poke|p1|Tapu Lele|\n|poke|p2|Rotom-Wash|\n|poke|p2|Weavile, M|\n|poke|p2|Landorus-Therian, M|\n|poke|p2|Heatran, M|\n|poke|p2|Tangrowth, M|\n|poke|p2|Melmetal|\n|teampreview\n|c|\u2606minimax_ai|hf\n|inactive|Battle timer is ON: inactive players will automatically lose when time's up. (requested by minimax_ai)\n|inactive|himynametay has 120 seconds left.\n|inactive|himynametay has 90 seconds left.\n|\n|t:|1661597414\n|start\n|switch|p1a: Urshifu|Urshifu-Rapid-Strike, M|100\/100\n|switch|p2a: landorustherian|Landorus-Therian, M|100\/100\n|-ability|p2a: landorustherian|Intimidate|boost\n|-unboost|p1a: Urshifu|atk|1\n|turn|1\n|\n|t:|1661597418\n|switch|p2a: Tangrowth|Tangrowth, M|100\/100\n|move|p1a: Urshifu|U-turn|p2a: Tangrowth\n|-supereffective|p2a: Tangrowth\n|-damage|p2a: Tangrowth|83\/100\n|\n|t:|1661597420\n|switch|p1a: Tornadus|Tornadus-Therian, M|100\/100|[from]move: U-turn\n|\n|upkeep\n|turn|2\n|\n|t:|1661597425\n|switch|p2a: Heatran|Heatran, M|100\/100\n|-item|p2a: Heatran|Air Balloon\n|move|p1a: Tornadus|Knock Off|p2a: Heatran\n|-damage|p2a: Heatran|81\/100\n|-enditem|p2a: Heatran|Air Balloon\n|\n|upkeep\n|turn|3\n|inactive|himynametay has 120 seconds left.\n|\n|t:|1661597456\n|move|p1a: Tornadus|U-turn|p2a: Heatran\n|-resisted|p2a: Heatran\n|-damage|p2a: Heatran|77\/100\n|\n|t:|1661597459\n|switch|p1a: Urshifu|Urshifu-Rapid-Strike, M|100\/100|[from]move: U-turn\n|move|p2a: Heatran|Eruption|p1a: Urshifu\n|-resisted|p1a: Urshifu\n|-damage|p1a: Urshifu|58\/100\n|\n|upkeep\n|turn|4\n|\n|t:|1661597461\n|switch|p2a: Tangrowth|Tangrowth, M|100\/100\n|move|p1a: Urshifu|Close Combat|p2a: Tangrowth\n|-damage|p2a: Tangrowth|63\/100\n|-unboost|p1a: Urshifu|def|1\n|-unboost|p1a: Urshifu|spd|1\n|\n|upkeep\n|turn|5\n|\n|t:|1661597463\n|move|p1a: Urshifu|U-turn|p2a: Tangrowth\n|-supereffective|p2a: Tangrowth\n|-damage|p2a: Tangrowth|36\/100\n|\n|t:|1661597465\n|switch|p1a: Ferrothorn|Ferrothorn, M|100\/100|[from]move: U-turn\n|move|p2a: Tangrowth|Giga Drain|p1a: Ferrothorn\n|-resisted|p1a: Ferrothorn\n|-damage|p1a: Ferrothorn|95\/100\n|-heal|p2a: Tangrowth|38\/100|[from] drain|[of] p1a: Ferrothorn\n|\n|upkeep\n|turn|6\n|\n|t:|1661597468\n|switch|p2a: landorustherian|Landorus-Therian, M|100\/100\n|-ability|p2a: landorustherian|Intimidate|boost\n|-unboost|p1a: Ferrothorn|atk|1\n|switch|p1a: Dragapult|Dragapult, M|100\/100\n|\n|upkeep\n|turn|7\n|\n|t:|1661597475\n|move|p1a: Dragapult|Draco Meteor|p2a: landorustherian\n|-damage|p2a: landorustherian|33\/100\n|-unboost|p1a: Dragapult|spa|2\n|move|p2a: landorustherian|Earthquake|p1a: Dragapult\n|-damage|p1a: Dragapult|35\/100\n|\n|-heal|p2a: landorustherian|39\/100|[from] item: Leftovers\n|upkeep\n|turn|8\n|\n|t:|1661597477\n|switch|p2a: Tangrowth|Tangrowth, M|72\/100\n|move|p1a: Dragapult|Draco Meteor|p2a: Tangrowth|[miss]\n|-miss|p1a: Dragapult|p2a: Tangrowth\n|\n|upkeep\n|turn|9\n|\n|t:|1661597484\n|switch|p1a: Ferrothorn|Ferrothorn, M|95\/100\n|switch|p2a: landorustherian|Landorus-Therian, M|39\/100\n|-ability|p2a: landorustherian|Intimidate|boost\n|-unboost|p1a: Ferrothorn|atk|1\n|\n|-heal|p2a: landorustherian|45\/100|[from] item: Leftovers\n|upkeep\n|turn|10\n|\n|t:|1661597488\n|move|p2a: landorustherian|Earthquake|p1a: Ferrothorn\n|-damage|p1a: Ferrothorn|68\/100\n|move|p1a: Ferrothorn|Stealth Rock|p2a: landorustherian\n|-sidestart|p2: minimax_ai|move: Stealth Rock\n|\n|-heal|p2a: landorustherian|51\/100|[from] item: Leftovers\n|upkeep\n|turn|11\n|\n|t:|1661597492\n|switch|p1a: Tornadus|Tornadus-Therian, M|100\/100\n|move|p2a: landorustherian|Defog|p1a: Tornadus\n|-unboost|p1a: Tornadus|evasion|1\n|-sideend|p2: minimax_ai|Stealth Rock|[from] move: Defog|[of] p2a: landorustherian\n|\n|-heal|p2a: landorustherian|57\/100|[from] item: Leftovers\n|upkeep\n|turn|12\n|\n|t:|1661597494\n|move|p1a: Tornadus|Icy Wind|p2a: landorustherian\n|-supereffective|p2a: landorustherian\n|-damage|p2a: landorustherian|18\/100\n|-unboost|p2a: landorustherian|spe|1\n|move|p2a: landorustherian|U-turn|p1a: Tornadus\n|-resisted|p1a: Tornadus\n|-damage|p1a: Tornadus|89\/100\n|\n|t:|1661597494\n|switch|p2a: Weavile|Weavile, M|100\/100|[from]move: U-turn\n|-ability|p2a: Weavile|Pressure\n|\n|upkeep\n|turn|13\n|\n|t:|1661597500\n|switch|p1a: Ferrothorn|Ferrothorn, M|68\/100\n|move|p2a: Weavile|Triple Axel|p1a: Ferrothorn\n|-damage|p1a: Ferrothorn|60\/100\n|-damage|p2a: Weavile|88\/100|[from] ability: Iron Barbs|[of] p1a: Ferrothorn\n|-damage|p2a: Weavile|72\/100|[from] item: Rocky Helmet|[of] p1a: Ferrothorn\n|-damage|p1a: Ferrothorn|41\/100\n|-damage|p2a: Weavile|59\/100|[from] ability: Iron Barbs|[of] p1a: Ferrothorn\n|-damage|p2a: Weavile|43\/100|[from] item: Rocky Helmet|[of] p1a: Ferrothorn\n|-damage|p1a: Ferrothorn|17\/100\n|-damage|p2a: Weavile|30\/100|[from] ability: Iron Barbs|[of] p1a: Ferrothorn\n|-damage|p2a: Weavile|14\/100|[from] item: Rocky Helmet|[of] p1a: Ferrothorn\n|-hitcount|p1a: Ferrothorn|3\n|\n|upkeep\n|turn|14\n|\n|t:|1661597503\n|move|p2a: Weavile|Triple Axel|p1a: Ferrothorn\n|-damage|p1a: Ferrothorn|8\/100\n|-damage|p2a: Weavile|2\/100|[from] ability: Iron Barbs|[of] p1a: Ferrothorn\n|-damage|p2a: Weavile|0 fnt|[from] item: Rocky Helmet|[of] p1a: Ferrothorn\n|faint|p2a: Weavile\n|-hitcount|p1a: Ferrothorn|1\n|move|p1a: Ferrothorn|Stealth Rock|p2: Weavile\n|-sidestart|p2: minimax_ai|move: Stealth Rock\n|\n|upkeep\n|\n|t:|1661597503\n|switch|p2a: Melmetal|Melmetal|100\/100\n|-damage|p2a: Melmetal|94\/100|[from] Stealth Rock\n|turn|15\n|\n|t:|1661597506\n|move|p2a: Melmetal|Ice Punch|p1a: Ferrothorn\n|-damage|p1a: Ferrothorn|0 fnt\n|-damage|p2a: Melmetal|82\/100|[from] ability: Iron Barbs|[of] p1a: Ferrothorn\n|-damage|p2a: Melmetal|65\/100|[from] item: Rocky Helmet|[of] p1a: Ferrothorn\n|faint|p1a: Ferrothorn\n|\n|upkeep\n|\n|t:|1661597508\n|switch|p1a: Urshifu|Urshifu-Rapid-Strike, M|58\/100\n|turn|16\n|\n|t:|1661597509\n|switch|p2a: Tangrowth|Tangrowth, M|100\/100\n|-damage|p2a: Tangrowth|88\/100|[from] Stealth Rock\n|move|p1a: Urshifu|Close Combat|p2a: Tangrowth\n|-damage|p2a: Tangrowth|53\/100\n|-unboost|p1a: Urshifu|def|1\n|-unboost|p1a: Urshifu|spd|1\n|\n|upkeep\n|turn|17\n|\n|t:|1661597511\n|move|p1a: Urshifu|U-turn|p2a: Tangrowth\n|-supereffective|p2a: Tangrowth\n|-damage|p2a: Tangrowth|26\/100\n|\n|t:|1661597513\n|switch|p1a: Tornadus|Tornadus-Therian, M|100\/100|[from]move: U-turn\n|move|p2a: Tangrowth|Sleep Powder|p1a: Tornadus\n|-status|p1a: Tornadus|slp|[from] move: Sleep Powder\n|\n|upkeep\n|turn|18\n|\n|t:|1661597516\n|switch|p1a: Urshifu|Urshifu-Rapid-Strike, M|58\/100\n|switch|p2a: rotomwash|Rotom-Wash|100\/100\n|-damage|p2a: rotomwash|88\/100|[from] Stealth Rock\n|\n|-heal|p2a: rotomwash|94\/100|[from] item: Leftovers\n|upkeep\n|turn|19\n|\n|t:|1661597521\n|move|p1a: Urshifu|U-turn|p2a: rotomwash\n|-damage|p2a: rotomwash|68\/100\n|\n|t:|1661597523\n|switch|p1a: Landorus|Landorus-Therian, M|100\/100|[from]move: U-turn\n|-ability|p1a: Landorus|Intimidate|boost\n|-unboost|p2a: rotomwash|atk|1\n|move|p2a: rotomwash|Thunderbolt|p1a: Landorus\n|-immune|p1a: Landorus\n|\n|-heal|p2a: rotomwash|74\/100|[from] item: Leftovers\n|upkeep\n|turn|20\n|\n|t:|1661597526\n|move|p2a: rotomwash|Nasty Plot|p2a: rotomwash\n|-boost|p2a: rotomwash|spa|2\n|move|p1a: Landorus|Toxic|p2a: rotomwash\n|-status|p2a: rotomwash|tox\n|\n|-heal|p2a: rotomwash|80\/100 tox|[from] item: Leftovers\n|-damage|p2a: rotomwash|74\/100 tox|[from] psn\n|upkeep\n|turn|21\n|\n|t:|1661597530\n|move|p2a: rotomwash|Hydro Pump|p1a: Landorus\n|-supereffective|p1a: Landorus\n|-damage|p1a: Landorus|0 fnt\n|faint|p1a: Landorus\n|\n|-heal|p2a: rotomwash|80\/100 tox|[from] item: Leftovers\n|-damage|p2a: rotomwash|68\/100 tox|[from] psn\n|upkeep\n|\n|t:|1661597532\n|switch|p1a: Tapu Lele|Tapu Lele|100\/100\n|-fieldstart|move: Psychic Terrain|[from] ability: Psychic Surge|[of] p1a: Tapu Lele\n|turn|22\n|\n|t:|1661597533\n|switch|p2a: landorustherian|Landorus-Therian, M|18\/100\n|-damage|p2a: landorustherian|6\/100|[from] Stealth Rock\n|-ability|p2a: landorustherian|Intimidate|boost\n|-unboost|p1a: Tapu Lele|atk|1\n|move|p1a: Tapu Lele|Moonblast|p2a: landorustherian\n|-damage|p2a: landorustherian|0 fnt\n|faint|p2a: landorustherian\n|\n|upkeep\n|\n|t:|1661597533\n|switch|p2a: Melmetal|Melmetal|65\/100\n|-damage|p2a: Melmetal|59\/100|[from] Stealth Rock\n|turn|23\n|\n|t:|1661597538\n|switch|p1a: Tornadus|Tornadus-Therian, M|100\/100 slp\n|move|p2a: Melmetal|Thunder Punch|p1a: Tornadus\n|-supereffective|p1a: Tornadus\n|-damage|p1a: Tornadus|32\/100 slp\n|\n|upkeep\n|turn|24\n|\n|t:|1661597543\n|cant|p1a: Tornadus|slp\n|move|p2a: Melmetal|Double Iron Bash|p1a: Tornadus\n|-damage|p1a: Tornadus|0 fnt\n|faint|p1a: Tornadus\n|-hitcount|p1: Tornadus|1\n|\n|upkeep\n|\n|t:|1661597544\n|switch|p1a: Urshifu|Urshifu-Rapid-Strike, M|58\/100\n|turn|25\n|\n|t:|1661597546\n|switch|p2a: Tangrowth|Tangrowth, M|59\/100\n|-damage|p2a: Tangrowth|47\/100|[from] Stealth Rock\n|move|p1a: Urshifu|Close Combat|p2a: Tangrowth\n|-damage|p2a: Tangrowth|10\/100\n|-unboost|p1a: Urshifu|def|1\n|-unboost|p1a: Urshifu|spd|1\n|\n|upkeep\n|turn|26\n|\n|t:|1661597547\n|switch|p2a: Melmetal|Melmetal|59\/100\n|-damage|p2a: Melmetal|53\/100|[from] Stealth Rock\n|move|p1a: Urshifu|Close Combat|p2a: Melmetal\n|-supereffective|p2a: Melmetal\n|-damage|p2a: Melmetal|0 fnt\n|-unboost|p1a: Urshifu|def|1\n|-unboost|p1a: Urshifu|spd|1\n|faint|p2a: Melmetal\n|\n|-fieldend|move: Psychic Terrain\n|upkeep\n|\n|t:|1661597547\n|switch|p2a: Tangrowth|Tangrowth, M|43\/100\n|-damage|p2a: Tangrowth|30\/100|[from] Stealth Rock\n|turn|27\n|\n|t:|1661597549\n|move|p1a: Urshifu|Close Combat|p2a: Tangrowth\n|-damage|p2a: Tangrowth|0 fnt\n|-unboost|p1a: Urshifu|def|1\n|-unboost|p1a: Urshifu|spd|1\n|faint|p2a: Tangrowth\n|\n|upkeep\n|\n|t:|1661597549\n|switch|p2a: rotomwash|Rotom-Wash|68\/100 tox\n|-damage|p2a: rotomwash|55\/100 tox|[from] Stealth Rock\n|turn|28\n|\n|t:|1661597556\n|switch|p1a: Tapu Lele|Tapu Lele|100\/100\n|-fieldstart|move: Psychic Terrain|[from] ability: Psychic Surge|[of] p1a: Tapu Lele\n|move|p2a: rotomwash|Thunderbolt|p1a: Tapu Lele\n|-damage|p1a: Tapu Lele|59\/100\n|\n|-heal|p2a: rotomwash|61\/100 tox|[from] item: Leftovers\n|-damage|p2a: rotomwash|55\/100 tox|[from] psn\n|upkeep\n|turn|29\n|\n|t:|1661597558\n|move|p1a: Tapu Lele|Moonblast|p2a: rotomwash\n|-damage|p2a: rotomwash|0 fnt\n|faint|p2a: rotomwash\n|\n|upkeep\n|\n|t:|1661597558\n|switch|p2a: Heatran|Heatran, M|77\/100\n|-damage|p2a: Heatran|65\/100|[from] Stealth Rock\n|turn|30\n|\n|t:|1661597560\n|move|p1a: Tapu Lele|Moonblast|p2a: Heatran\n|-resisted|p2a: Heatran\n|-damage|p2a: Heatran|52\/100\n|move|p2a: Heatran|Magma Storm|p1a: Tapu Lele\n|-damage|p1a: Tapu Lele|4\/100\n|-activate|p1a: Tapu Lele|move: Magma Storm|[of] p2a: Heatran\n|\n|-damage|p1a: Tapu Lele|0 fnt|[from] move: Magma Storm|[partiallytrapped]\n|faint|p1a: Tapu Lele\n|upkeep\n|\n|t:|1661597562\n|switch|p1a: Urshifu|Urshifu-Rapid-Strike, M|58\/100\n|turn|31\n|\n|t:|1661597563\n|move|p1a: Urshifu|Close Combat|p2a: Heatran\n|-supereffective|p2a: Heatran\n|-damage|p2a: Heatran|0 fnt\n|-unboost|p1a: Urshifu|def|1\n|-unboost|p1a: Urshifu|spd|1\n|faint|p2a: Heatran\n|\n|win|himynametay\n|raw|himynametay's rating: 1538 &rarr; <strong>1556<\/strong><br \/>(+18 for winning)\n|raw|minimax_ai's rating: 1501 &rarr; <strong>1483<\/strong><br \/>(-18 for losing)\n|c|\u2606minimax_ai|gg\n","uploadtime":1661597565,"views":7,"p1id":"himynametay","p2id":"minimaxai","formatid":"gen8ou","rating":1483,"private":0,"password":null}