{"id":"gen8ou-1625581708","p1":"XY_Munian","p2":"kokoukohiro","format":"gen8ou","log":"|j|\u2606XY_Munian\n|j|\u2606kokoukohiro\n|t:|1658840555\n|gametype|singles\n|player|p1|XY_Munian|dawn|1418\n|player|p2|kokoukohiro|dawn|1451\n|teamsize|p1|6\n|teamsize|p2|6\n|gen|8\n|tier|[Gen 8] OU\n|rated|\n|rule|Sleep Clause Mod: Limit one foe put to sleep\n|rule|Species Clause: Limit one of each Pok\u00e9mon\n|rule|OHKO Clause: OHKO moves are banned\n|rule|Evasion Moves Clause: Evasion moves are banned\n|rule|Endless Battle Clause: Forcing endless battles is banned\n|rule|HP Percentage Mod: HP is shown in percentages\n|rule|Dynamax Clause: You cannot dynamax\n|clearpoke\n|poke|p1|Tyranitar, M|\n|poke|p1|Clefable, F|\n|poke|p1|Excadrill, M|\n|poke|p1|Tangrowth, F|\n|poke|p1|Slowking-Galar, M|\n|poke|p1|Rotom-Wash|\n|poke|p2|Jirachi|\n|poke|p2|Gastrodon-East, M|\n|poke|p2|Blissey, F|\n|poke|p2|Toxapex, F|\n|poke|p2|Skarmory, F|\n|poke|p2|Tornadus-Therian, M|\n|teampreview\n|inactive|Battle timer is ON: inactive players will automatically lose when time's up. (requested by kokoukohiro)\n|\n|t:|1658840566\n|start\n|switch|p1a: Tyranitar|Tyranitar, M, shiny|100\/100\n|switch|p2a: Skarmory|Skarmory, F|100\/100\n|-weather|Sandstorm|[from] ability: Sand Stream|[of] p1a: Tyranitar\n|turn|1\n|\n|t:|1658840576\n|move|p1a: Tyranitar|Stone Edge|p2a: Skarmory\n|-damage|p2a: Skarmory|54\/100\n|move|p2a: Skarmory|Body Press|p1a: Tyranitar\n|-supereffective|p1a: Tyranitar\n|-damage|p1a: Tyranitar|0 fnt\n|faint|p1a: Tyranitar\n|\n|-weather|Sandstorm|[upkeep]\n|upkeep\n|\n|t:|1658840587\n|switch|p1a: Clefable|Clefable, F, shiny|100\/100\n|turn|2\n|\n|t:|1658840593\n|switch|p2a: Blissey|Blissey, F|100\/100\n|move|p1a: Clefable|Stealth Rock|p2a: Blissey\n|-sidestart|p2: kokoukohiro|move: Stealth Rock\n|\n|-weather|Sandstorm|[upkeep]\n|-damage|p2a: Blissey|94\/100|[from] Sandstorm\n|upkeep\n|turn|3\n|\n|t:|1658840607\n|switch|p1a: Excadrill|Excadrill, M, shiny|100\/100\n|move|p2a: Blissey|Seismic Toss|p1a: Excadrill\n|-damage|p1a: Excadrill|73\/100\n|\n|-weather|Sandstorm|[upkeep]\n|-damage|p2a: Blissey|88\/100|[from] Sandstorm\n|-heal|p1a: Excadrill|79\/100|[from] item: Leftovers\n|upkeep\n|turn|4\n|\n|t:|1658840618\n|switch|p1a: Rotom|Rotom-Wash, shiny|100\/100\n|switch|p2a: Skarmory|Skarmory, F|54\/100\n|-damage|p2a: Skarmory|42\/100|[from] Stealth Rock\n|\n|-weather|Sandstorm|[upkeep]\n|-damage|p1a: Rotom|95\/100|[from] Sandstorm\n|-heal|p1a: Rotom|100\/100|[from] item: Leftovers\n|upkeep\n|turn|5\n|\n|t:|1658840623\n|switch|p2a: Gastrodon|Gastrodon-East, M|100\/100\n|-damage|p2a: Gastrodon|94\/100|[from] Stealth Rock\n|move|p1a: Rotom|Toxic|p2a: Gastrodon\n|-status|p2a: Gastrodon|tox\n|\n|-weather|none\n|-heal|p2a: Gastrodon|100\/100 tox|[from] item: Leftovers\n|-damage|p2a: Gastrodon|94\/100 tox|[from] psn\n|upkeep\n|turn|6\n|\n|t:|1658840633\n|switch|p1a: Tangrowth|Tangrowth, F, shiny|100\/100\n|switch|p2a: Blissey|Blissey, F|88\/100\n|\n|upkeep\n|turn|7\n|\n|t:|1658840648\n|switch|p2a: Tornadus|Tornadus-Therian, M|100\/100\n|switch|p1a: Slowking|Slowking-Galar, M|100\/100\n|\n|upkeep\n|turn|8\n|\n|t:|1658840658\n|move|p2a: Tornadus|Knock Off|p1a: Slowking\n|-supereffective|p1a: Slowking\n|-crit|p1a: Slowking\n|-damage|p1a: Slowking|31\/100\n|-enditem|p1a: Slowking|Black Sludge|[from] move: Knock Off|[of] p2a: Tornadus\n|move|p1a: Slowking|Trick|p2a: Tornadus\n|-activate|p1a: Slowking|move: Trick|[of] p2a: Tornadus\n|-enditem|p2a: Tornadus|Heavy-Duty Boots|[silent]|[from] move: Trick\n|-item|p1a: Slowking|Heavy-Duty Boots|[from] move: Trick\n|\n|upkeep\n|turn|9\n|\n|t:|1658840673\n|switch|p1a: Clefable|Clefable, F, shiny|100\/100\n|move|p2a: Tornadus|U-turn|p1a: Clefable\n|-resisted|p1a: Clefable\n|-damage|p1a: Clefable|95\/100\n|-damage|p2a: Tornadus|84\/100|[from] item: Rocky Helmet|[of] p1a: Clefable\n|\n|t:|1658840680\n|switch|p2a: Blissey|Blissey, F|88\/100|[from]move: U-turn\n|\n|upkeep\n|turn|10\n|\n|t:|1658840693\n|switch|p1a: Slowking|Slowking-Galar, M|64\/100\n|move|p2a: Blissey|Aromatherapy|p2a: Blissey\n|-activate|p2a: Blissey|move: Aromatherapy\n|-curestatus|p2: Gastrodon|tox|[msg]\n|\n|upkeep\n|turn|11\n|\n|t:|1658840702\n|switch|p1a: Tangrowth|Tangrowth, F, shiny|100\/100\n|move|p2a: Blissey|Seismic Toss|p1a: Tangrowth\n|-damage|p1a: Tangrowth|76\/100\n|-damage|p2a: Blissey|72\/100|[from] item: Rocky Helmet|[of] p1a: Tangrowth\n|\n|upkeep\n|turn|12\n|\n|t:|1658840708\n|switch|p2a: Tornadus|Tornadus-Therian, M|100\/100\n|-damage|p2a: Tornadus|76\/100|[from] Stealth Rock\n|move|p1a: Tangrowth|Knock Off|p2a: Tornadus\n|-damage|p2a: Tornadus|59\/100\n|\n|upkeep\n|turn|13\n|\n|t:|1658840714\n|switch|p1a: Rotom|Rotom-Wash, shiny|100\/100\n|move|p2a: Tornadus|Heat Wave|p1a: Rotom\n|-resisted|p1a: Rotom\n|-damage|p1a: Rotom|92\/100\n|\n|-heal|p1a: Rotom|98\/100|[from] item: Leftovers\n|upkeep\n|turn|14\n|\n|t:|1658840722\n|move|p2a: Tornadus|U-turn|p1a: Rotom\n|-damage|p1a: Rotom|83\/100\n|\n|t:|1658840727\n|switch|p2a: Jirachi|Jirachi|100\/100|[from]move: U-turn\n|-damage|p2a: Jirachi|94\/100|[from] Stealth Rock\n|move|p1a: Rotom|Volt Switch|p2a: Jirachi\n|-damage|p2a: Jirachi|80\/100\n|\n|t:|1658840737\n|switch|p1a: Tangrowth|Tangrowth, F, shiny|100\/100|[from]move: Volt Switch\n|\n|-heal|p2a: Jirachi|86\/100|[from] item: Leftovers\n|upkeep\n|turn|15\n|\n|t:|1658840742\n|move|p2a: Jirachi|Protect|p2a: Jirachi\n|-singleturn|p2a: Jirachi|Protect\n|move|p1a: Tangrowth|Knock Off|p2a: Jirachi\n|-activate|p2a: Jirachi|move: Protect\n|\n|-heal|p2a: Jirachi|92\/100|[from] item: Leftovers\n|upkeep\n|turn|16\n|\n|t:|1658840749\n|switch|p2a: Tornadus|Tornadus-Therian, M|92\/100\n|-damage|p2a: Tornadus|67\/100|[from] Stealth Rock\n|move|p1a: Tangrowth|Toxic|p2a: Tornadus\n|-status|p2a: Tornadus|tox\n|\n|-damage|p2a: Tornadus|61\/100 tox|[from] psn\n|upkeep\n|turn|17\n|\n|t:|1658840760\n|switch|p1a: Slowking|Slowking-Galar, M|98\/100\n|move|p2a: Tornadus|U-turn|p1a: Slowking\n|-damage|p1a: Slowking|81\/100\n|\n|t:|1658840779\n|switch|p2a: Gastrodon|Gastrodon-East, M|94\/100|[from]move: U-turn\n|-damage|p2a: Gastrodon|88\/100|[from] Stealth Rock\n|\n|-heal|p2a: Gastrodon|94\/100|[from] item: Leftovers\n|upkeep\n|turn|18\n|\n|t:|1658840787\n|switch|p1a: Tangrowth|Tangrowth, F, shiny|100\/100\n|move|p2a: Gastrodon|Earth Power|p1a: Tangrowth\n|-resisted|p1a: Tangrowth\n|-damage|p1a: Tangrowth|79\/100\n|\n|-heal|p2a: Gastrodon|100\/100|[from] item: Leftovers\n|upkeep\n|turn|19\n|\n|t:|1658840796\n|switch|p2a: Tornadus|Tornadus-Therian, M|94\/100 tox\n|-damage|p2a: Tornadus|69\/100 tox|[from] Stealth Rock\n|move|p1a: Tangrowth|Knock Off|p2a: Tornadus\n|-crit|p2a: Tornadus\n|-damage|p2a: Tornadus|43\/100 tox\n|\n|-damage|p2a: Tornadus|37\/100 tox|[from] psn\n|upkeep\n|turn|20\n|\n|t:|1658840801\n|move|p2a: Tornadus|U-turn|p1a: Tangrowth\n|-supereffective|p1a: Tangrowth\n|-damage|p1a: Tangrowth|64\/100\n|-damage|p2a: Tornadus|20\/100 tox|[from] item: Rocky Helmet|[of] p1a: Tangrowth\n|\n|t:|1658840814\n|switch|p2a: Toxapex|Toxapex, F|100\/100|[from]move: U-turn\n|-damage|p2a: Toxapex|88\/100|[from] Stealth Rock\n|move|p1a: Tangrowth|Knock Off|p2a: Toxapex\n|-damage|p2a: Toxapex|75\/100\n|-enditem|p2a: Toxapex|Black Sludge|[from] move: Knock Off|[of] p1a: Tangrowth\n|\n|upkeep\n|turn|21\n|\n|t:|1658840825\n|move|p1a: Tangrowth|Giga Drain|p2a: Toxapex\n|-damage|p2a: Toxapex|52\/100\n|-heal|p1a: Tangrowth|72\/100|[from] drain|[of] p2a: Toxapex\n|move|p2a: Toxapex|Knock Off|p1a: Tangrowth\n|-damage|p1a: Tangrowth|64\/100\n|-damage|p2a: Toxapex|35\/100|[from] item: Rocky Helmet|[of] p1a: Tangrowth\n|-enditem|p1a: Tangrowth|Rocky Helmet|[from] move: Knock Off|[of] p2a: Toxapex\n|\n|upkeep\n|turn|22\n|\n|t:|1658840828\n|move|p1a: Tangrowth|Giga Drain|p2a: Toxapex\n|-damage|p2a: Toxapex|11\/100\n|-heal|p1a: Tangrowth|73\/100|[from] drain|[of] p2a: Toxapex\n|move|p2a: Toxapex|Recover|p2a: Toxapex\n|-heal|p2a: Toxapex|61\/100\n|\n|upkeep\n|turn|23\n|\n|t:|1658840834\n|move|p1a: Tangrowth|Knock Off|p2a: Toxapex\n|-damage|p2a: Toxapex|52\/100\n|move|p2a: Toxapex|Toxic Spikes|p1a: Tangrowth\n|-sidestart|p1: XY_Munian|move: Toxic Spikes\n|\n|upkeep\n|turn|24\n|\n|t:|1658840839\n|move|p1a: Tangrowth|Giga Drain|p2a: Toxapex\n|-damage|p2a: Toxapex|28\/100\n|-heal|p1a: Tangrowth|83\/100|[from] drain|[of] p2a: Toxapex\n|move|p2a: Toxapex|Toxic Spikes|p1a: Tangrowth\n|-sidestart|p1: XY_Munian|move: Toxic Spikes\n|\n|upkeep\n|turn|25\n|\n|t:|1658840843\n|move|p1a: Tangrowth|Giga Drain|p2a: Toxapex\n|-damage|p2a: Toxapex|6\/100\n|-heal|p1a: Tangrowth|91\/100|[from] drain|[of] p2a: Toxapex\n|move|p2a: Toxapex|Recover|p2a: Toxapex\n|-heal|p2a: Toxapex|56\/100\n|\n|upkeep\n|turn|26\n|\n|t:|1658840848\n|switch|p2a: Blissey|Blissey, F|72\/100\n|move|p1a: Tangrowth|Knock Off|p2a: Blissey\n|-damage|p2a: Blissey|31\/100\n|-enditem|p2a: Blissey|Heavy-Duty Boots|[from] move: Knock Off|[of] p1a: Tangrowth\n|\n|upkeep\n|turn|27\n|\n|t:|1658840856\n|move|p2a: Blissey|Soft-Boiled|p2a: Blissey\n|-heal|p2a: Blissey|81\/100\n|move|p1a: Tangrowth|Knock Off|p2a: Blissey\n|-damage|p2a: Blissey|49\/100\n|\n|upkeep\n|turn|28\n|\n|t:|1658840860\n|move|p2a: Blissey|Aromatherapy|p2a: Blissey\n|-activate|p2a: Blissey|move: Aromatherapy\n|-curestatus|p2: Tornadus|tox|[msg]\n|move|p1a: Tangrowth|Toxic|p2a: Blissey\n|-status|p2a: Blissey|tox\n|\n|-damage|p2a: Blissey|43\/100 tox|[from] psn\n|upkeep\n|turn|29\n|\n|t:|1658840863\n|move|p2a: Blissey|Soft-Boiled|p2a: Blissey\n|-heal|p2a: Blissey|93\/100 tox\n|move|p1a: Tangrowth|Knock Off|p2a: Blissey\n|-damage|p2a: Blissey|61\/100 tox\n|\n|-damage|p2a: Blissey|48\/100 tox|[from] psn\n|upkeep\n|turn|30\n|\n|t:|1658840875\n|switch|p1a: Slowking|Slowking-Galar, M|100\/100\n|-sideend|p1: XY_Munian|move: Toxic Spikes|[of] p1a: Slowking\n|move|p2a: Blissey|Soft-Boiled|p2a: Blissey\n|-heal|p2a: Blissey|98\/100 tox\n|\n|-damage|p2a: Blissey|80\/100 tox|[from] psn\n|upkeep\n|turn|31\n|\n|t:|1658840885\n|-curestatus|p2a: Blissey|tox|[from] ability: Natural Cure\n|switch|p2a: Jirachi|Jirachi|92\/100\n|-damage|p2a: Jirachi|86\/100|[from] Stealth Rock\n|move|p1a: Slowking|Sludge Bomb|p2a: Jirachi\n|-immune|p2a: Jirachi\n|\n|-heal|p2a: Jirachi|92\/100|[from] item: Leftovers\n|upkeep\n|turn|32\n|\n|t:|1658840893\n|switch|p1a: Rotom|Rotom-Wash, shiny|83\/100\n|move|p2a: Jirachi|Wish|p2a: Jirachi\n|\n|-heal|p2a: Jirachi|99\/100|[from] item: Leftovers\n|-heal|p1a: Rotom|89\/100|[from] item: Leftovers\n|upkeep\n|turn|33\n|\n|t:|1658840905\n|move|p2a: Jirachi|U-turn|p1a: Rotom\n|-damage|p1a: Rotom|71\/100\n|\n|t:|1658840918\n|switch|p2a: Blissey|Blissey, F|80\/100|[from]move: U-turn\n|-damage|p2a: Blissey|67\/100|[from] Stealth Rock\n|move|p1a: Rotom|Hydro Pump|p2a: Blissey\n|-damage|p2a: Blissey|56\/100\n|\n|-heal|p2a: Blissey|84\/100|[from] move: Wish|[wisher] Jirachi\n|-heal|p1a: Rotom|77\/100|[from] item: Leftovers\n|upkeep\n|turn|34\n|\n|t:|1658840927\n|move|p1a: Rotom|Toxic|p2a: Blissey\n|-status|p2a: Blissey|tox\n|move|p2a: Blissey|Toxic|p1a: Rotom\n|-status|p1a: Rotom|tox\n|\n|-heal|p1a: Rotom|83\/100 tox|[from] item: Leftovers\n|-damage|p1a: Rotom|77\/100 tox|[from] psn\n|-damage|p2a: Blissey|78\/100 tox|[from] psn\n|upkeep\n|turn|35\n|\n|t:|1658840931\n|move|p1a: Rotom|Volt Switch|p2a: Blissey\n|-damage|p2a: Blissey|72\/100 tox\n|\n|t:|1658840935\n|switch|p1a: Excadrill|Excadrill, M, shiny|79\/100|[from]move: Volt Switch\n|move|p2a: Blissey|Seismic Toss|p1a: Excadrill\n|-damage|p1a: Excadrill|51\/100\n|\n|-heal|p1a: Excadrill|57\/100|[from] item: Leftovers\n|-damage|p2a: Blissey|59\/100 tox|[from] psn\n|upkeep\n|turn|36\n|\n|t:|1658840945\n|-curestatus|p2a: Blissey|tox|[from] ability: Natural Cure\n|switch|p2a: Skarmory|Skarmory, F|42\/100\n|-damage|p2a: Skarmory|29\/100|[from] Stealth Rock\n|move|p1a: Excadrill|Rapid Spin|p2a: Skarmory\n|-resisted|p2a: Skarmory\n|-damage|p2a: Skarmory|23\/100\n|-boost|p1a: Excadrill|spe|1\n|\n|-heal|p1a: Excadrill|63\/100|[from] item: Leftovers\n|upkeep\n|turn|37\n|\n|t:|1658840954\n|move|p1a: Excadrill|Iron Head|p2a: Skarmory\n|-resisted|p2a: Skarmory\n|-damage|p2a: Skarmory|9\/100\n|cant|p2a: Skarmory|flinch\n|\n|-heal|p1a: Excadrill|69\/100|[from] item: Leftovers\n|upkeep\n|turn|38\n|\n|t:|1658840961\n|move|p1a: Excadrill|Iron Head|p2a: Skarmory\n|-resisted|p2a: Skarmory\n|-damage|p2a: Skarmory|0 fnt\n|faint|p2a: Skarmory\n|\n|-heal|p1a: Excadrill|76\/100|[from] item: Leftovers\n|upkeep\n|\n|t:|1658840968\n|switch|p2a: Gastrodon|Gastrodon-East, M|100\/100\n|-damage|p2a: Gastrodon|94\/100|[from] Stealth Rock\n|turn|39\n|\n|t:|1658840975\n|switch|p1a: Tangrowth|Tangrowth, F, shiny|100\/100\n|move|p2a: Gastrodon|Scald|p1a: Tangrowth\n|-resisted|p1a: Tangrowth\n|-damage|p1a: Tangrowth|81\/100\n|\n|-heal|p2a: Gastrodon|100\/100|[from] item: Leftovers\n|upkeep\n|turn|40\n|inactive|kokoukohiro has 120 seconds left.\n|\n|t:|1658841008\n|switch|p2a: Tornadus|Tornadus-Therian, M|54\/100\n|-damage|p2a: Tornadus|29\/100|[from] Stealth Rock\n|move|p1a: Tangrowth|Giga Drain|p2a: Tornadus\n|-resisted|p2a: Tornadus\n|-damage|p2a: Tornadus|14\/100\n|-heal|p1a: Tangrowth|88\/100|[from] drain|[of] p2a: Tornadus\n|\n|upkeep\n|turn|41\n|\n|t:|1658841018\n|switch|p1a: Rotom|Rotom-Wash, shiny|77\/100 tox\n|move|p2a: Tornadus|U-turn|p1a: Rotom\n|-damage|p1a: Rotom|61\/100 tox\n|\n|t:|1658841024\n|switch|p2a: Jirachi|Jirachi|99\/100|[from]move: U-turn\n|-damage|p2a: Jirachi|92\/100|[from] Stealth Rock\n|\n|-heal|p2a: Jirachi|99\/100|[from] item: Leftovers\n|-heal|p1a: Rotom|67\/100 tox|[from] item: Leftovers\n|-damage|p1a: Rotom|61\/100 tox|[from] psn\n|upkeep\n|turn|42\n|\n|t:|1658841032\n|move|p2a: Jirachi|Wish|p2a: Jirachi\n|move|p1a: Rotom|Pain Split|p2a: Jirachi\n|-sethp|p2a: Jirachi|72\/100|[from] move: Pain Split|[silent]\n|-sethp|p1a: Rotom|96\/100 tox|[from] move: Pain Split\n|\n|-heal|p2a: Jirachi|78\/100|[from] item: Leftovers\n|-heal|p1a: Rotom|100\/100 tox|[from] item: Leftovers\n|-damage|p1a: Rotom|89\/100 tox|[from] psn\n|upkeep\n|turn|43\n|\n|t:|1658841039\n|switch|p1a: Tangrowth|Tangrowth, F, shiny|100\/100\n|move|p2a: Jirachi|U-turn|p1a: Tangrowth\n|-supereffective|p1a: Tangrowth\n|-crit|p1a: Tangrowth\n|-damage|p1a: Tangrowth|77\/100\n|\n|t:|1658841044\n|switch|p2a: Tornadus|Tornadus-Therian, M|47\/100|[from]move: U-turn\n|-damage|p2a: Tornadus|22\/100|[from] Stealth Rock\n|\n|-heal|p2a: Tornadus|78\/100|[from] move: Wish|[wisher] Jirachi\n|upkeep\n|turn|44\n|\n|t:|1658841054\n|switch|p1a: Slowking|Slowking-Galar, M|100\/100\n|move|p2a: Tornadus|Defog|p1a: Slowking\n|-unboost|p1a: Slowking|evasion|1\n|-sideend|p2: kokoukohiro|Stealth Rock|[from] move: Defog|[of] p2a: Tornadus\n|\n|upkeep\n|turn|45\n|\n|t:|1658841064\n|move|p2a: Tornadus|U-turn|p1a: Slowking\n|-damage|p1a: Slowking|83\/100\n|\n|t:|1658841071\n|switch|p2a: Jirachi|Jirachi|78\/100|[from]move: U-turn\n|move|p1a: Slowking|Psychic|p2a: Jirachi\n|-resisted|p2a: Jirachi\n|-damage|p2a: Jirachi|73\/100\n|\n|-heal|p2a: Jirachi|79\/100|[from] item: Leftovers\n|upkeep\n|turn|46\n|\n|t:|1658841080\n|move|p2a: Jirachi|Iron Head|p1a: Slowking\n|-damage|p1a: Slowking|51\/100\n|cant|p1a: Slowking|flinch\n|\n|-heal|p2a: Jirachi|85\/100|[from] item: Leftovers\n|upkeep\n|turn|47\n|\n|t:|1658841087\n|switch|p1a: Tangrowth|Tangrowth, F, shiny|100\/100\n|move|p2a: Jirachi|Iron Head|p1a: Tangrowth\n|-damage|p1a: Tangrowth|87\/100\n|\n|-heal|p2a: Jirachi|91\/100|[from] item: Leftovers\n|upkeep\n|turn|48\n|\n|t:|1658841093\n|move|p2a: Jirachi|U-turn|p1a: Tangrowth\n|-supereffective|p1a: Tangrowth\n|-damage|p1a: Tangrowth|69\/100\n|\n|t:|1658841095\n|switch|p2a: Tornadus|Tornadus-Therian, M|100\/100|[from]move: U-turn\n|move|p1a: Tangrowth|Toxic|p2a: Tornadus\n|-status|p2a: Tornadus|tox\n|\n|-damage|p2a: Tornadus|94\/100 tox|[from] psn\n|upkeep\n|turn|49\n|\n|t:|1658841102\n|move|p2a: Tornadus|Heat Wave|p1a: Tangrowth\n|-supereffective|p1a: Tangrowth\n|-damage|p1a: Tangrowth|5\/100\n|move|p1a: Tangrowth|Knock Off|p2a: Tornadus\n|-damage|p2a: Tornadus|79\/100 tox\n|\n|-damage|p2a: Tornadus|67\/100 tox|[from] psn\n|upkeep\n|turn|50\n|\n|t:|1658841107\n|switch|p1a: Slowking|Slowking-Galar, M|84\/100\n|move|p2a: Tornadus|U-turn|p1a: Slowking\n|-damage|p1a: Slowking|67\/100\n|\n|t:|1658841112\n|switch|p2a: Blissey|Blissey, F|59\/100|[from]move: U-turn\n|\n|upkeep\n|turn|51\n|\n|t:|1658841121\n|switch|p1a: Clefable|Clefable, F, shiny|95\/100\n|move|p2a: Blissey|Aromatherapy|p2a: Blissey\n|-activate|p2a: Blissey|move: Aromatherapy\n|-curestatus|p2: Tornadus|tox|[msg]\n|\n|upkeep\n|turn|52\n|\n|t:|1658841138\n|move|p1a: Clefable|Stealth Rock|p2a: Blissey\n|-sidestart|p2: kokoukohiro|move: Stealth Rock\n|move|p2a: Blissey|Seismic Toss|p1a: Clefable\n|-damage|p1a: Clefable|69\/100\n|-damage|p2a: Blissey|43\/100|[from] item: Rocky Helmet|[of] p1a: Clefable\n|\n|upkeep\n|turn|53\n|\n|t:|1658841146\n|move|p1a: Clefable|Soft-Boiled|p1a: Clefable\n|-heal|p1a: Clefable|100\/100\n|move|p2a: Blissey|Soft-Boiled|p2a: Blissey\n|-heal|p2a: Blissey|93\/100\n|\n|upkeep\n|turn|54\n|\n|t:|1658841152\n|switch|p2a: Jirachi|Jirachi|91\/100\n|-damage|p2a: Jirachi|85\/100|[from] Stealth Rock\n|move|p1a: Clefable|Moonblast|p2a: Jirachi\n|-resisted|p2a: Jirachi\n|-damage|p2a: Jirachi|75\/100\n|\n|-heal|p2a: Jirachi|82\/100|[from] item: Leftovers\n|upkeep\n|turn|55\n|\n|t:|1658841168\n|switch|p1a: Excadrill|Excadrill, M, shiny|76\/100\n|move|p2a: Jirachi|Iron Head|p1a: Excadrill\n|-resisted|p1a: Excadrill\n|-damage|p1a: Excadrill|56\/100\n|\n|-heal|p1a: Excadrill|62\/100|[from] item: Leftovers\n|-heal|p2a: Jirachi|88\/100|[from] item: Leftovers\n|upkeep\n|turn|56\n|\n|t:|1658841181\n|switch|p2a: Gastrodon|Gastrodon-East, M|100\/100\n|-damage|p2a: Gastrodon|94\/100|[from] Stealth Rock\n|move|p1a: Excadrill|Rapid Spin|p2a: Gastrodon\n|-damage|p2a: Gastrodon|74\/100\n|-boost|p1a: Excadrill|spe|1\n|\n|-heal|p1a: Excadrill|68\/100|[from] item: Leftovers\n|-heal|p2a: Gastrodon|80\/100|[from] item: Leftovers\n|upkeep\n|turn|57\n|\n|t:|1658841196\n|switch|p1a: Tangrowth|Tangrowth, F, shiny|38\/100\n|move|p2a: Gastrodon|Protect||[still]\n|-fail|p2a: Gastrodon\n|\n|-heal|p2a: Gastrodon|86\/100|[from] item: Leftovers\n|upkeep\n|turn|58\n|\n|t:|1658841217\n|switch|p2a: Tornadus|Tornadus-Therian, M|99\/100\n|-damage|p2a: Tornadus|75\/100|[from] Stealth Rock\n|move|p1a: Tangrowth|Toxic|p2a: Tornadus|[miss]\n|-miss|p1a: Tangrowth|p2a: Tornadus\n|\n|upkeep\n|turn|59\n|\n|t:|1658841224\n|switch|p1a: Slowking|Slowking-Galar, M|99\/100\n|move|p2a: Tornadus|Defog|p1a: Slowking\n|-unboost|p1a: Slowking|evasion|1\n|-sideend|p2: kokoukohiro|Stealth Rock|[from] move: Defog|[of] p2a: Tornadus\n|\n|upkeep\n|turn|60\n|\n|t:|1658841237\n|move|p2a: Tornadus|U-turn|p1a: Slowking\n|-damage|p1a: Slowking|84\/100\n|\n|t:|1658841243\n|switch|p2a: Jirachi|Jirachi|88\/100|[from]move: U-turn\n|move|p1a: Slowking|Psychic|p2a: Jirachi\n|-resisted|p2a: Jirachi\n|-damage|p2a: Jirachi|83\/100\n|-unboost|p2a: Jirachi|spd|1\n|\n|-heal|p2a: Jirachi|89\/100|[from] item: Leftovers\n|upkeep\n|turn|61\n|\n|t:|1658841248\n|move|p2a: Jirachi|Iron Head|p1a: Slowking\n|-damage|p1a: Slowking|55\/100\n|move|p1a: Slowking|Trick|p2a: Jirachi\n|-activate|p1a: Slowking|move: Trick|[of] p2a: Jirachi\n|-item|p2a: Jirachi|Heavy-Duty Boots|[from] move: Trick\n|-item|p1a: Slowking|Leftovers|[from] move: Trick\n|\n|-heal|p1a: Slowking|62\/100|[from] item: Leftovers\n|upkeep\n|turn|62\n|\n|t:|1658841258\n|move|p2a: Jirachi|Iron Head|p1a: Slowking\n|-damage|p1a: Slowking|30\/100\n|cant|p1a: Slowking|flinch\n|\n|-heal|p1a: Slowking|36\/100|[from] item: Leftovers\n|upkeep\n|turn|63\n|\n|t:|1658841263\n|switch|p1a: Tangrowth|Tangrowth, F, shiny|72\/100\n|move|p2a: Jirachi|Iron Head|p1a: Tangrowth\n|-damage|p1a: Tangrowth|57\/100\n|\n|upkeep\n|turn|64\n|\n|t:|1658841269\n|switch|p1a: Slowking|Slowking-Galar, M|70\/100\n|move|p2a: Jirachi|U-turn|p1a: Slowking\n|-damage|p1a: Slowking|52\/100\n|\n|t:|1658841280\n|switch|p2a: Toxapex|Toxapex, F|89\/100|[from]move: U-turn\n|\n|-heal|p1a: Slowking|58\/100|[from] item: Leftovers\n|upkeep\n|turn|65\n|\n|t:|1658841285\n|switch|p2a: Jirachi|Jirachi|89\/100\n|move|p1a: Slowking|Nasty Plot|p1a: Slowking\n|-boost|p1a: Slowking|spa|2\n|\n|-heal|p1a: Slowking|64\/100|[from] item: Leftovers\n|upkeep\n|turn|66\n|\n|t:|1658841290\n|move|p2a: Jirachi|Iron Head|p1a: Slowking\n|-damage|p1a: Slowking|34\/100\n|cant|p1a: Slowking|flinch\n|\n|-heal|p1a: Slowking|40\/100|[from] item: Leftovers\n|upkeep\n|turn|67\n|\n|t:|1658841295\n|switch|p1a: Tangrowth|Tangrowth, F, shiny|91\/100\n|move|p2a: Jirachi|Iron Head|p1a: Tangrowth\n|-damage|p1a: Tangrowth|76\/100\n|\n|upkeep\n|turn|68\n|\n|t:|1658841298\n|switch|p1a: Slowking|Slowking-Galar, M|73\/100\n|move|p2a: Jirachi|Iron Head|p1a: Slowking\n|-damage|p1a: Slowking|44\/100\n|\n|-heal|p1a: Slowking|51\/100|[from] item: Leftovers\n|upkeep\n|turn|69\n|\n|t:|1658841300\n|switch|p1a: Tangrowth|Tangrowth, F, shiny|100\/100\n|move|p2a: Jirachi|Iron Head|p1a: Tangrowth\n|-damage|p1a: Tangrowth|87\/100\n|\n|upkeep\n|turn|70\n|\n|t:|1658841303\n|switch|p1a: Slowking|Slowking-Galar, M|84\/100\n|move|p2a: Jirachi|U-turn|p1a: Slowking\n|-damage|p1a: Slowking|66\/100\n|\n|t:|1658841307\n|switch|p2a: Gastrodon|Gastrodon-East, M|86\/100|[from]move: U-turn\n|\n|-heal|p1a: Slowking|72\/100|[from] item: Leftovers\n|-heal|p2a: Gastrodon|92\/100|[from] item: Leftovers\n|upkeep\n|turn|71\n|\n|t:|1658841317\n|switch|p1a: Tangrowth|Tangrowth, F, shiny|100\/100\n|move|p2a: Gastrodon|Earth Power|p1a: Tangrowth\n|-resisted|p1a: Tangrowth\n|-damage|p1a: Tangrowth|79\/100\n|\n|-heal|p2a: Gastrodon|98\/100|[from] item: Leftovers\n|upkeep\n|turn|72\n|\n|t:|1658841326\n|switch|p2a: Toxapex|Toxapex, F|100\/100\n|move|p1a: Tangrowth|Toxic|p2a: Toxapex\n|-immune|p2a: Toxapex\n|\n|upkeep\n|turn|73\n|\n|t:|1658841338\n|move|p1a: Tangrowth|Giga Drain|p2a: Toxapex\n|-damage|p2a: Toxapex|78\/100\n|-heal|p1a: Tangrowth|88\/100|[from] drain|[of] p2a: Toxapex\n|move|p2a: Toxapex|Toxic Spikes|p1a: Tangrowth\n|-sidestart|p1: XY_Munian|move: Toxic Spikes\n|\n|upkeep\n|turn|74\n|\n|t:|1658841344\n|move|p1a: Tangrowth|Giga Drain|p2a: Toxapex\n|-damage|p2a: Toxapex|56\/100\n|-heal|p1a: Tangrowth|96\/100|[from] drain|[of] p2a: Toxapex\n|move|p2a: Toxapex|Toxic Spikes|p1a: Tangrowth\n|-sidestart|p1: XY_Munian|move: Toxic Spikes\n|\n|upkeep\n|turn|75\n|\n|t:|1658841349\n|switch|p1a: Slowking|Slowking-Galar, M|100\/100\n|-sideend|p1: XY_Munian|move: Toxic Spikes|[of] p1a: Slowking\n|switch|p2a: Jirachi|Jirachi|89\/100\n|\n|upkeep\n|turn|76\n|\n|t:|1658841354\n|switch|p1a: Tangrowth|Tangrowth, F, shiny|100\/100\n|move|p2a: Jirachi|U-turn|p1a: Tangrowth\n|-supereffective|p1a: Tangrowth\n|-damage|p1a: Tangrowth|83\/100\n|\n|t:|1658841359\n|switch|p2a: Toxapex|Toxapex, F|89\/100|[from]move: U-turn\n|\n|upkeep\n|turn|77\n|\n|t:|1658841367\n|switch|p1a: Rotom|Rotom-Wash, shiny|89\/100 tox\n|move|p2a: Toxapex|Toxic Spikes|p1a: Rotom\n|-sidestart|p1: XY_Munian|move: Toxic Spikes\n|\n|-heal|p1a: Rotom|95\/100 tox|[from] item: Leftovers\n|-damage|p1a: Rotom|89\/100 tox|[from] psn\n|upkeep\n|turn|78\n|\n|t:|1658841371\n|switch|p2a: Gastrodon|Gastrodon-East, M|98\/100\n|move|p1a: Rotom|Volt Switch|p2a: Gastrodon\n|-immune|p2a: Gastrodon\n|\n|-heal|p1a: Rotom|95\/100 tox|[from] item: Leftovers\n|-heal|p2a: Gastrodon|100\/100|[from] item: Leftovers\n|-damage|p1a: Rotom|83\/100 tox|[from] psn\n|upkeep\n|turn|79\n|\n|t:|1658841376\n|switch|p1a: Slowking|Slowking-Galar, M|100\/100\n|-sideend|p1: XY_Munian|move: Toxic Spikes|[of] p1a: Slowking\n|move|p2a: Gastrodon|Scald|p1a: Slowking\n|-damage|p1a: Slowking|83\/100\n|-status|p1a: Slowking|brn\n|\n|-heal|p1a: Slowking|89\/100 brn|[from] item: Leftovers\n|-damage|p1a: Slowking|83\/100 brn|[from] brn\n|upkeep\n|turn|80\n|\n|t:|1658841383\n|switch|p1a: Tangrowth|Tangrowth, F, shiny|100\/100\n|switch|p2a: Jirachi|Jirachi|89\/100\n|\n|upkeep\n|turn|81\n|\n|t:|1658841389\n|move|p2a: Jirachi|U-turn|p1a: Tangrowth\n|-supereffective|p1a: Tangrowth\n|-crit|p1a: Tangrowth\n|-damage|p1a: Tangrowth|74\/100\n|\n|t:|1658841393\n|switch|p2a: Toxapex|Toxapex, F|100\/100|[from]move: U-turn\n|move|p1a: Tangrowth|Knock Off|p2a: Toxapex\n|-damage|p2a: Toxapex|92\/100\n|\n|upkeep\n|turn|82\n|\n|t:|1658841399\n|switch|p1a: Slowking|Slowking-Galar, M|100\/100 brn\n|move|p2a: Toxapex|Toxic Spikes|p1a: Slowking\n|-sidestart|p1: XY_Munian|move: Toxic Spikes\n|\n|-damage|p1a: Slowking|94\/100 brn|[from] brn\n|upkeep\n|turn|83\n|\n|t:|1658841404\n|switch|p1a: Clefable|Clefable, F, shiny|100\/100\n|-status|p1a: Clefable|psn\n|switch|p2a: Jirachi|Jirachi|89\/100\n|\n|upkeep\n|turn|84\n|\n|t:|1658841409\n|switch|p1a: Slowking|Slowking-Galar, M|100\/100 brn\n|-sideend|p1: XY_Munian|move: Toxic Spikes|[of] p1a: Slowking\n|move|p2a: Jirachi|Iron Head|p1a: Slowking\n|-damage|p1a: Slowking|68\/100 brn\n|\n|-heal|p1a: Slowking|74\/100 brn|[from] item: Leftovers\n|-damage|p1a: Slowking|68\/100 brn|[from] brn\n|upkeep\n|turn|85\n|\n|t:|1658841413\n|switch|p1a: Tangrowth|Tangrowth, F, shiny|100\/100\n|move|p2a: Jirachi|U-turn|p1a: Tangrowth\n|-supereffective|p1a: Tangrowth\n|-damage|p1a: Tangrowth|84\/100\n|\n|t:|1658841417\n|switch|p2a: Toxapex|Toxapex, F|100\/100|[from]move: U-turn\n|\n|upkeep\n|turn|86\n|\n|t:|1658841427\n|switch|p1a: Clefable|Clefable, F, shiny|100\/100 psn\n|move|p2a: Toxapex|Toxic Spikes|p1a: Clefable\n|-sidestart|p1: XY_Munian|move: Toxic Spikes\n|\n|upkeep\n|turn|87\n|\n|t:|1658841432\n|switch|p2a: Tornadus|Tornadus-Therian, M|100\/100\n|move|p1a: Clefable|Stealth Rock|p2a: Tornadus\n|-sidestart|p2: kokoukohiro|move: Stealth Rock\n|\n|upkeep\n|turn|88\n|\n|t:|1658841440\n|move|p2a: Tornadus|Defog|p1a: Clefable\n|-unboost|p1a: Clefable|evasion|1\n|-sideend|p1: XY_Munian|Toxic Spikes|[from] move: Defog|[of] p2a: Tornadus\n|-sideend|p2: kokoukohiro|Stealth Rock|[from] move: Defog|[of] p2a: Tornadus\n|move|p1a: Clefable|Moonblast|p2a: Tornadus\n|-damage|p2a: Tornadus|68\/100\n|-unboost|p2a: Tornadus|spa|1\n|\n|upkeep\n|turn|89\n|\n|t:|1658841443\n|move|p2a: Tornadus|U-turn|p1a: Clefable\n|-resisted|p1a: Clefable\n|-damage|p1a: Clefable|95\/100 psn\n|-damage|p2a: Tornadus|51\/100|[from] item: Rocky Helmet|[of] p1a: Clefable\n|\n|t:|1658841448\n|switch|p2a: Jirachi|Jirachi|89\/100|[from]move: U-turn\n|move|p1a: Clefable|Stealth Rock|p2a: Jirachi\n|-sidestart|p2: kokoukohiro|move: Stealth Rock\n|\n|upkeep\n|turn|90\n|\n|t:|1658841452\n|switch|p1a: Tangrowth|Tangrowth, F, shiny|100\/100\n|move|p2a: Jirachi|U-turn|p1a: Tangrowth\n|-supereffective|p1a: Tangrowth\n|-damage|p1a: Tangrowth|83\/100\n|\n|t:|1658841455\n|switch|p2a: Toxapex|Toxapex, F|100\/100|[from]move: U-turn\n|-damage|p2a: Toxapex|88\/100|[from] Stealth Rock\n|\n|upkeep\n|turn|91\n|\n|t:|1658841459\n|switch|p1a: Slowking|Slowking-Galar, M|100\/100 brn\n|move|p2a: Toxapex|Toxic Spikes|p1a: Slowking\n|-sidestart|p1: XY_Munian|move: Toxic Spikes\n|\n|-damage|p1a: Slowking|94\/100 brn|[from] brn\n|upkeep\n|turn|92\n|\n|t:|1658841463\n|move|p1a: Slowking|Psychic|p2a: Toxapex\n|-supereffective|p2a: Toxapex\n|-damage|p2a: Toxapex|36\/100\n|move|p2a: Toxapex|Knock Off|p1a: Slowking\n|-supereffective|p1a: Slowking\n|-damage|p1a: Slowking|60\/100 brn\n|-enditem|p1a: Slowking|Leftovers|[from] move: Knock Off|[of] p2a: Toxapex\n|\n|-damage|p1a: Slowking|54\/100 brn|[from] brn\n|upkeep\n|turn|93\n|\n|t:|1658841471\n|switch|p2a: Jirachi|Jirachi|89\/100\n|move|p1a: Slowking|Psychic|p2a: Jirachi\n|-resisted|p2a: Jirachi\n|-damage|p2a: Jirachi|83\/100\n|\n|-damage|p1a: Slowking|48\/100 brn|[from] brn\n|upkeep\n|turn|94\n|\n|t:|1658841479\n|switch|p1a: Rotom|Rotom-Wash, shiny|83\/100 tox\n|move|p2a: Jirachi|U-turn|p1a: Rotom\n|-damage|p1a: Rotom|66\/100 tox\n|\n|t:|1658841482\n|switch|p2a: Gastrodon|Gastrodon-East, M|100\/100|[from]move: U-turn\n|-damage|p2a: Gastrodon|94\/100|[from] Stealth Rock\n|\n|-heal|p1a: Rotom|71\/100 tox|[from] item: Leftovers\n|-heal|p2a: Gastrodon|100\/100|[from] item: Leftovers\n|-damage|p1a: Rotom|66\/100 tox|[from] psn\n|upkeep\n|turn|95\n|\n|t:|1658841488\n|move|p1a: Rotom|Toxic|p2a: Gastrodon|[miss]\n|-miss|p1a: Rotom|p2a: Gastrodon\n|move|p2a: Gastrodon|Scald|p1a: Rotom\n|-resisted|p1a: Rotom\n|-damage|p1a: Rotom|55\/100 tox\n|\n|-heal|p1a: Rotom|61\/100 tox|[from] item: Leftovers\n|-damage|p1a: Rotom|49\/100 tox|[from] psn\n|upkeep\n|turn|96\n|\n|t:|1658841494\n|switch|p2a: Toxapex|Toxapex, F|69\/100\n|-damage|p2a: Toxapex|57\/100|[from] Stealth Rock\n|move|p1a: Rotom|Pain Split|p2a: Toxapex\n|-sethp|p2a: Toxapex|53\/100|[from] move: Pain Split|[silent]\n|-sethp|p1a: Rotom|53\/100 tox|[from] move: Pain Split\n|\n|-heal|p1a: Rotom|59\/100 tox|[from] item: Leftovers\n|-damage|p1a: Rotom|41\/100 tox|[from] psn\n|upkeep\n|turn|97\n|\n|t:|1658841499\n|switch|p1a: Slowking|Slowking-Galar, M|81\/100 brn\n|-sideend|p1: XY_Munian|move: Toxic Spikes|[of] p1a: Slowking\n|switch|p2a: Gastrodon|Gastrodon-East, M|100\/100\n|-damage|p2a: Gastrodon|94\/100|[from] Stealth Rock\n|\n|-heal|p2a: Gastrodon|100\/100|[from] item: Leftovers\n|-damage|p1a: Slowking|75\/100 brn|[from] brn\n|upkeep\n|turn|98\n|\n|t:|1658841502\n|switch|p1a: Tangrowth|Tangrowth, F, shiny|100\/100\n|move|p2a: Gastrodon|Earth Power|p1a: Tangrowth\n|-resisted|p1a: Tangrowth\n|-damage|p1a: Tangrowth|81\/100\n|\n|upkeep\n|turn|99\n|\n|t:|1658841509\n|switch|p2a: Toxapex|Toxapex, F|86\/100\n|-damage|p2a: Toxapex|74\/100|[from] Stealth Rock\n|move|p1a: Tangrowth|Knock Off|p2a: Toxapex\n|-crit|p2a: Toxapex\n|-damage|p2a: Toxapex|59\/100\n|\n|upkeep\n|turn|100\n|\n|t:|1658841515\n|switch|p1a: Slowking|Slowking-Galar, M|100\/100 brn\n|move|p2a: Toxapex|Toxic Spikes|p1a: Slowking\n|-sidestart|p1: XY_Munian|move: Toxic Spikes\n|\n|-damage|p1a: Slowking|94\/100 brn|[from] brn\n|upkeep\n|turn|101\n|\n|t:|1658841522\n|switch|p2a: Jirachi|Jirachi|83\/100\n|move|p1a: Slowking|Trick|p2a: Jirachi\n|-activate|p1a: Slowking|move: Trick|[of] p2a: Jirachi\n|-enditem|p2a: Jirachi|Heavy-Duty Boots|[silent]|[from] move: Trick\n|-item|p1a: Slowking|Heavy-Duty Boots|[from] move: Trick\n|\n|-damage|p1a: Slowking|88\/100 brn|[from] brn\n|upkeep\n|turn|102\n|\n|t:|1658841534\n|move|p2a: Jirachi|U-turn|p1a: Slowking\n|-damage|p1a: Slowking|70\/100 brn\n|\n|t:|1658841537\n|switch|p2a: Toxapex|Toxapex, F|92\/100|[from]move: U-turn\n|-damage|p2a: Toxapex|80\/100|[from] Stealth Rock\n|move|p1a: Slowking|Sludge Bomb|p2a: Toxapex\n|-resisted|p2a: Toxapex\n|-crit|p2a: Toxapex\n|-damage|p2a: Toxapex|59\/100\n|\n|-damage|p1a: Slowking|63\/100 brn|[from] brn\n|upkeep\n|turn|103\n|\n|t:|1658841541\n|switch|p2a: Jirachi|Jirachi|83\/100\n|-damage|p2a: Jirachi|77\/100|[from] Stealth Rock\n|move|p1a: Slowking|Psychic|p2a: Jirachi\n|-resisted|p2a: Jirachi\n|-damage|p2a: Jirachi|72\/100\n|\n|-damage|p1a: Slowking|57\/100 brn|[from] brn\n|upkeep\n|turn|104\n|\n|t:|1658841549\n|switch|p1a: Tangrowth|Tangrowth, F, shiny|100\/100\n|-status|p1a: Tangrowth|psn\n|move|p2a: Jirachi|U-turn|p1a: Tangrowth\n|-supereffective|p1a: Tangrowth\n|-damage|p1a: Tangrowth|84\/100 psn\n|\n|t:|1658841552\n|switch|p2a: Tornadus|Tornadus-Therian, M|84\/100|[from]move: U-turn\n|-damage|p2a: Tornadus|60\/100|[from] Stealth Rock\n|\n|-damage|p1a: Tangrowth|72\/100 psn|[from] psn\n|upkeep\n|turn|105\n|\n|t:|1658841559\n|switch|p1a: Slowking|Slowking-Galar, M|91\/100 brn\n|-sideend|p1: XY_Munian|move: Toxic Spikes|[of] p1a: Slowking\n|move|p2a: Tornadus|Defog|p1a: Slowking\n|-unboost|p1a: Slowking|evasion|1\n|-sideend|p2: kokoukohiro|Stealth Rock|[from] move: Defog|[of] p2a: Tornadus\n|\n|-damage|p1a: Slowking|84\/100 brn|[from] brn\n|upkeep\n|turn|106\n|\n|t:|1658841571\n|move|p2a: Tornadus|U-turn|p1a: Slowking\n|-damage|p1a: Slowking|69\/100 brn\n|\n|t:|1658841576\n|switch|p2a: Jirachi|Jirachi|72\/100|[from]move: U-turn\n|move|p1a: Slowking|Psychic|p2a: Jirachi\n|-resisted|p2a: Jirachi\n|-damage|p2a: Jirachi|67\/100\n|\n|-damage|p1a: Slowking|63\/100 brn|[from] brn\n|upkeep\n|turn|107\n|\n|t:|1658841587\n|switch|p1a: Tangrowth|Tangrowth, F, shiny|100\/100 psn\n|move|p2a: Jirachi|U-turn|p1a: Tangrowth\n|-supereffective|p1a: Tangrowth\n|-damage|p1a: Tangrowth|83\/100 psn\n|\n|t:|1658841590\n|switch|p2a: Tornadus|Tornadus-Therian, M|93\/100|[from]move: U-turn\n|\n|-damage|p1a: Tangrowth|71\/100 psn|[from] psn\n|upkeep\n|turn|108\n|\n|t:|1658841599\n|switch|p1a: Clefable|Clefable, F, shiny|95\/100 psn\n|move|p2a: Tornadus|Heat Wave|p1a: Clefable|[miss]\n|-miss|p2a: Tornadus|p1a: Clefable\n|\n|upkeep\n|turn|109\n|\n|t:|1658841607\n|move|p2a: Tornadus|Knock Off|p1a: Clefable\n|-resisted|p1a: Clefable\n|-damage|p1a: Clefable|87\/100 psn\n|-damage|p2a: Tornadus|76\/100|[from] item: Rocky Helmet|[of] p1a: Clefable\n|-enditem|p1a: Clefable|Rocky Helmet|[from] move: Knock Off|[of] p2a: Tornadus\n|move|p1a: Clefable|Stealth Rock|p2a: Tornadus\n|-sidestart|p2: kokoukohiro|move: Stealth Rock\n|\n|upkeep\n|turn|110\n|\n|t:|1658841613\n|move|p2a: Tornadus|Defog|p1a: Clefable\n|-unboost|p1a: Clefable|evasion|1\n|-sideend|p2: kokoukohiro|Stealth Rock|[from] move: Defog|[of] p2a: Tornadus\n|move|p1a: Clefable|Moonblast|p2a: Tornadus\n|-damage|p2a: Tornadus|44\/100\n|\n|upkeep\n|turn|111\n|\n|t:|1658841618\n|move|p2a: Tornadus|U-turn|p1a: Clefable\n|-resisted|p1a: Clefable\n|-damage|p1a: Clefable|81\/100 psn\n|\n|t:|1658841623\n|switch|p2a: Jirachi|Jirachi|67\/100|[from]move: U-turn\n|move|p1a: Clefable|Stealth Rock|p2a: Jirachi\n|-sidestart|p2: kokoukohiro|move: Stealth Rock\n|\n|upkeep\n|turn|112\n|\n|t:|1658841635\n|switch|p1a: Tangrowth|Tangrowth, F, shiny|100\/100 psn\n|move|p2a: Jirachi|Iron Head|p1a: Tangrowth\n|-damage|p1a: Tangrowth|85\/100 psn\n|\n|-damage|p1a: Tangrowth|72\/100 psn|[from] psn\n|upkeep\n|turn|113\n|\n|t:|1658841639\n|move|p2a: Jirachi|U-turn|p1a: Tangrowth\n|-supereffective|p1a: Tangrowth\n|-damage|p1a: Tangrowth|56\/100 psn\n|\n|t:|1658841645\n|switch|p2a: Toxapex|Toxapex, F|92\/100|[from]move: U-turn\n|-damage|p2a: Toxapex|80\/100|[from] Stealth Rock\n|move|p1a: Tangrowth|Knock Off|p2a: Toxapex\n|-damage|p2a: Toxapex|70\/100\n|\n|-damage|p1a: Tangrowth|44\/100 psn|[from] psn\n|upkeep\n|turn|114\n|\n|t:|1658841655\n|switch|p1a: Slowking|Slowking-Galar, M|96\/100 brn\n|move|p2a: Toxapex|Knock Off|p1a: Slowking\n|-supereffective|p1a: Slowking\n|-damage|p1a: Slowking|60\/100 brn\n|-enditem|p1a: Slowking|Heavy-Duty Boots|[from] move: Knock Off|[of] p2a: Toxapex\n|\n|-damage|p1a: Slowking|54\/100 brn|[from] brn\n|upkeep\n|turn|115\n|\n|t:|1658841662\n|switch|p1a: Tangrowth|Tangrowth, F, shiny|77\/100 psn\n|move|p2a: Toxapex|Knock Off|p1a: Tangrowth\n|-damage|p1a: Tangrowth|71\/100 psn\n|\n|-damage|p1a: Tangrowth|59\/100 psn|[from] psn\n|upkeep\n|turn|116\n|\n|t:|1658841667\n|switch|p1a: Slowking|Slowking-Galar, M|87\/100 brn\n|move|p2a: Toxapex|Knock Off|p1a: Slowking\n|-supereffective|p1a: Slowking\n|-damage|p1a: Slowking|63\/100 brn\n|\n|-damage|p1a: Slowking|57\/100 brn|[from] brn\n|upkeep\n|turn|117\n|\n|t:|1658841672\n|switch|p1a: Tangrowth|Tangrowth, F, shiny|92\/100 psn\n|switch|p2a: Tornadus|Tornadus-Therian, M|77\/100\n|-damage|p2a: Tornadus|52\/100|[from] Stealth Rock\n|\n|-damage|p1a: Tangrowth|80\/100 psn|[from] psn\n|upkeep\n|turn|118\n|\n|t:|1658841676\n|switch|p1a: Clefable|Clefable, F, shiny|81\/100 psn\n|move|p2a: Tornadus|Defog|p1a: Clefable\n|-unboost|p1a: Clefable|evasion|1\n|-sideend|p2: kokoukohiro|Stealth Rock|[from] move: Defog|[of] p2a: Tornadus\n|\n|upkeep\n|turn|119\n|\n|t:|1658841679\n|move|p2a: Tornadus|U-turn|p1a: Clefable\n|-resisted|p1a: Clefable\n|-crit|p1a: Clefable\n|-damage|p1a: Clefable|73\/100 psn\n|\n|t:|1658841684\n|switch|p2a: Jirachi|Jirachi|67\/100|[from]move: U-turn\n|move|p1a: Clefable|Stealth Rock|p2a: Jirachi\n|-sidestart|p2: kokoukohiro|move: Stealth Rock\n|\n|upkeep\n|turn|120\n|\n|t:|1658841689\n|switch|p1a: Slowking|Slowking-Galar, M|91\/100 brn\n|move|p2a: Jirachi|Iron Head|p1a: Slowking\n|-damage|p1a: Slowking|59\/100 brn\n|\n|-damage|p1a: Slowking|53\/100 brn|[from] brn\n|upkeep\n|turn|121\n|\n|t:|1658841696\n|switch|p1a: Tangrowth|Tangrowth, F, shiny|100\/100 psn\n|move|p2a: Jirachi|U-turn|p1a: Tangrowth\n|-supereffective|p1a: Tangrowth\n|-damage|p1a: Tangrowth|83\/100 psn\n|\n|t:|1658841711\n|switch|p2a: Tornadus|Tornadus-Therian, M|85\/100|[from]move: U-turn\n|-damage|p2a: Tornadus|60\/100|[from] Stealth Rock\n|\n|-damage|p1a: Tangrowth|71\/100 psn|[from] psn\n|upkeep\n|turn|122\n|\n|t:|1658841715\n|switch|p1a: Slowking|Slowking-Galar, M|87\/100 brn\n|move|p2a: Tornadus|Heat Wave|p1a: Slowking\n|-damage|p1a: Slowking|71\/100 brn\n|\n|-damage|p1a: Slowking|65\/100 brn|[from] brn\n|upkeep\n|turn|123\n|\n|t:|1658841725\n|move|p2a: Tornadus|U-turn|p1a: Slowking\n|-crit|p1a: Slowking\n|-damage|p1a: Slowking|42\/100 brn\n|\n|t:|1658841733\n|switch|p2a: Toxapex|Toxapex, F|100\/100|[from]move: U-turn\n|-damage|p2a: Toxapex|88\/100|[from] Stealth Rock\n|move|p1a: Slowking|Psychic|p2a: Toxapex\n|-supereffective|p2a: Toxapex\n|-damage|p2a: Toxapex|35\/100\n|\n|-damage|p1a: Slowking|36\/100 brn|[from] brn\n|upkeep\n|turn|124\n|\n|t:|1658841737\n|switch|p2a: Jirachi|Jirachi|67\/100\n|-damage|p2a: Jirachi|61\/100|[from] Stealth Rock\n|move|p1a: Slowking|Psychic|p2a: Jirachi\n|-resisted|p2a: Jirachi\n|-damage|p2a: Jirachi|56\/100\n|\n|-damage|p1a: Slowking|30\/100 brn|[from] brn\n|upkeep\n|turn|125\n|\n|t:|1658841740\n|switch|p1a: Tangrowth|Tangrowth, F, shiny|100\/100 psn\n|move|p2a: Jirachi|Wish|p2a: Jirachi\n|\n|-damage|p1a: Tangrowth|88\/100 psn|[from] psn\n|upkeep\n|turn|126\n|\n|t:|1658841747\n|move|p2a: Jirachi|Iron Head|p1a: Tangrowth\n|-damage|p1a: Tangrowth|75\/100 psn\n|cant|p1a: Tangrowth|flinch\n|\n|-heal|p2a: Jirachi|100\/100|[from] move: Wish|[wisher] Jirachi\n|-damage|p1a: Tangrowth|62\/100 psn|[from] psn\n|upkeep\n|turn|127\n|\n|t:|1658841751\n|move|p2a: Jirachi|U-turn|p1a: Tangrowth\n|-supereffective|p1a: Tangrowth\n|-damage|p1a: Tangrowth|44\/100 psn\n|\n|t:|1658841756\n|switch|p2a: Toxapex|Toxapex, F|68\/100|[from]move: U-turn\n|-damage|p2a: Toxapex|55\/100|[from] Stealth Rock\n|move|p1a: Tangrowth|Knock Off|p2a: Toxapex\n|-damage|p2a: Toxapex|46\/100\n|\n|-damage|p1a: Tangrowth|32\/100 psn|[from] psn\n|upkeep\n|turn|128\n|\n|t:|1658841764\n|switch|p1a: Slowking|Slowking-Galar, M|63\/100 brn\n|move|p2a: Toxapex|Knock Off|p1a: Slowking\n|-supereffective|p1a: Slowking\n|-damage|p1a: Slowking|40\/100 brn\n|\n|-damage|p1a: Slowking|34\/100 brn|[from] brn\n|upkeep\n|turn|129\n|\n|t:|1658841768\n|switch|p1a: Tangrowth|Tangrowth, F, shiny|65\/100 psn\n|move|p2a: Toxapex|Knock Off|p1a: Tangrowth\n|-damage|p1a: Tangrowth|59\/100 psn\n|\n|-damage|p1a: Tangrowth|47\/100 psn|[from] psn\n|upkeep\n|turn|130\n|\n|t:|1658841777\n|switch|p1a: Slowking|Slowking-Galar, M|67\/100 brn\n|switch|p2a: Tornadus|Tornadus-Therian, M|93\/100\n|-damage|p2a: Tornadus|68\/100|[from] Stealth Rock\n|\n|-damage|p1a: Slowking|61\/100 brn|[from] brn\n|upkeep\n|turn|131\n|\n|t:|1658841784\n|move|p2a: Tornadus|U-turn|p1a: Slowking\n|-damage|p1a: Slowking|47\/100 brn\n|\n|t:|1658841788\n|switch|p2a: Jirachi|Jirachi|100\/100|[from]move: U-turn\n|-damage|p2a: Jirachi|94\/100|[from] Stealth Rock\n|move|p1a: Slowking|Sludge Bomb|p2a: Jirachi\n|-immune|p2a: Jirachi\n|\n|-damage|p1a: Slowking|40\/100 brn|[from] brn\n|upkeep\n|turn|132\n|\n|t:|1658841796\n|switch|p1a: Excadrill|Excadrill, M, shiny|68\/100\n|move|p2a: Jirachi|Iron Head|p1a: Excadrill\n|-resisted|p1a: Excadrill\n|-damage|p1a: Excadrill|49\/100\n|\n|-heal|p1a: Excadrill|55\/100|[from] item: Leftovers\n|upkeep\n|turn|133\n|\n|t:|1658841802\n|switch|p2a: Gastrodon|Gastrodon-East, M|100\/100\n|-damage|p2a: Gastrodon|94\/100|[from] Stealth Rock\n|move|p1a: Excadrill|Earthquake|p2a: Gastrodon\n|-damage|p2a: Gastrodon|26\/100\n|\n|-heal|p1a: Excadrill|61\/100|[from] item: Leftovers\n|-heal|p2a: Gastrodon|32\/100|[from] item: Leftovers\n|upkeep\n|turn|134\n|\n|t:|1658841808\n|move|p1a: Excadrill|Earthquake|p2a: Gastrodon\n|-damage|p2a: Gastrodon|0 fnt\n|faint|p2a: Gastrodon\n|\n|-heal|p1a: Excadrill|67\/100|[from] item: Leftovers\n|upkeep\n|\n|t:|1658841811\n|switch|p2a: Tornadus|Tornadus-Therian, M|100\/100\n|-damage|p2a: Tornadus|76\/100|[from] Stealth Rock\n|turn|135\n|\n|t:|1658841821\n|switch|p1a: Clefable|Clefable, F, shiny|73\/100 psn\n|move|p2a: Tornadus|Heat Wave|p1a: Clefable\n|-damage|p1a: Clefable|53\/100 psn\n|\n|upkeep\n|turn|136\n|\n|t:|1658841827\n|move|p2a: Tornadus|Heat Wave|p1a: Clefable\n|-damage|p1a: Clefable|28\/100 psn\n|move|p1a: Clefable|Soft-Boiled|p1a: Clefable\n|-heal|p1a: Clefable|78\/100 psn\n|\n|upkeep\n|turn|137\n|\n|t:|1658841831\n|move|p2a: Tornadus|Defog|p1a: Clefable\n|-unboost|p1a: Clefable|evasion|1\n|-sideend|p2: kokoukohiro|Stealth Rock|[from] move: Defog|[of] p2a: Tornadus\n|move|p1a: Clefable|Moonblast|p2a: Tornadus\n|-damage|p2a: Tornadus|43\/100\n|\n|upkeep\n|turn|138\n|-message|kokoukohiro forfeited.\n|\n|win|XY_Munian\n|raw|XY_Munian's rating: 1418 &rarr; <strong>1440<\/strong><br \/>(+22 for winning)\n|raw|kokoukohiro's rating: 1451 &rarr; <strong>1429<\/strong><br \/>(-22 for losing)\n|l|\u2606kokoukohiro\n","uploadtime":1658841843,"views":7,"p1id":"xymunian","p2id":"kokoukohiro","formatid":"gen8ou","rating":1429,"private":0,"password":null}