{"id":"gen8battlestadiumsingles-1566376036","p1":"SeenThroughCracks","p2":"xskelly34","format":"gen8battlestadiumsingles","log":"|j|\u2606SeenThroughCracks\n|j|\u2606xskelly34\n|inactive|Battle timer is ON: inactive players will automatically lose when time's up.\n|t:|1651537680\n|gametype|singles\n|player|p1|SeenThroughCracks|lucas-gen4pt|\n|player|p2|xskelly34|bugsy|\n|teamsize|p1|6\n|teamsize|p2|6\n|gen|8\n|tier|[Gen 8] Battle Stadium Singles\n|rated|Tournament battle\n|rule|Species Clause: Limit one of each Pok\u00e9mon\n|rule|Item Clause: Limit one of each item\n|clearpoke\n|poke|p1|Calyrex-Shadow, L50|\n|poke|p1|Tapu Fini, L50|\n|poke|p1|Rillaboom, L50, F|\n|poke|p1|Zacian-*, L50|\n|poke|p1|Ditto, L50|\n|poke|p1|Mamoswine, L50, M|\n|poke|p2|Necrozma-Dusk-Mane, L50|\n|poke|p2|Yveltal, L50|\n|poke|p2|Tapu Fini, L50|\n|poke|p2|Umbreon, L50, F|\n|poke|p2|Pheromosa, L50|\n|poke|p2|Chansey, L50, F|\n|teampreview|3\n|j|*Lady Monita \u273f\n|j| Big Sean\n|j| ayawkhowl\n|j| nate5010\n|j|+lucas2543\n|inactive|SeenThroughCracks has 120 seconds left.\n|\n|t:|1651537711\n|start\n|switch|p1a: Mamoswine|Mamoswine, L50, M|100\/100\n|switch|p2a: KILLER QUEEN|Pheromosa, L50|100\/100\n|turn|1\n|inactive|xskelly34 has 120 seconds left.\n|\n|t:|1651537741\n|move|p1a: Mamoswine|Ice Shard|p2a: KILLER QUEEN\n|-damage|p2a: KILLER QUEEN|47\/100\n|move|p2a: KILLER QUEEN|Close Combat|p1a: Mamoswine\n|-supereffective|p1a: Mamoswine\n|-damage|p1a: Mamoswine|0 fnt\n|-unboost|p2a: KILLER QUEEN|def|1\n|-unboost|p2a: KILLER QUEEN|spd|1\n|-damage|p2a: KILLER QUEEN|30\/100|[from] item: Rocky Helmet|[of] p1a: Mamoswine\n|faint|p1a: Mamoswine\n|-ability|p2a: KILLER QUEEN|Beast Boost|boost\n|-boost|p2a: KILLER QUEEN|atk|1\n|\n|upkeep\n|\n|t:|1651537748\n|switch|p1a: Calyrex|Calyrex-Shadow, L50|100\/100\n|-ability|p1a: Calyrex|As One\n|-ability|p1a: Calyrex|Unnerve\n|turn|2\n|j| Blitzburgh\n|inactive|xskelly34 has 120 seconds left.\n|\n|t:|1651537784\n|switch|p1a: Zacian|Zacian-Crowned, L50|100\/100\n|-ability|p1a: Zacian|Intrepid Sword|boost\n|-boost|p1a: Zacian|atk|1\n|switch|p2a: L O D|Yveltal, L50|100\/100\n|-ability|p2a: L O D|Dark Aura\n|\n|upkeep\n|turn|3\n|j| ArmaAdam\n|\n|t:|1651537801\n|-start|p2a: L O D|Dynamax|\n|-heal|p2a: L O D|100\/100|[silent]\n|move|p1a: Zacian|Behemoth Blade|p2a: L O D\n|-damage|p2a: L O D|14\/100\n|move|p2a: L O D|Max Flare|p1a: Zacian\n|-supereffective|p1a: Zacian\n|-damage|p1a: Zacian|0 fnt\n|-weather|SunnyDay\n|faint|p1a: Zacian\n|-damage|p2a: L O D|9\/100|[from] item: Life Orb\n|\n|-weather|SunnyDay|[upkeep]\n|upkeep\n|\n|t:|1651537804\n|switch|p1a: Calyrex|Calyrex-Shadow, L50|100\/100\n|-ability|p1a: Calyrex|As One\n|-ability|p1a: Calyrex|Unnerve\n|turn|4\n|\n|t:|1651537811\n|move|p1a: Calyrex|Draining Kiss|p2a: L O D\n|-supereffective|p2a: L O D\n|-damage|p2a: L O D|0 fnt\n|faint|p2a: L O D\n|-ability|p1a: Calyrex|Grim Neigh|boost\n|-boost|p1a: Calyrex|spa|1\n|\n|-weather|SunnyDay|[upkeep]\n|upkeep\n|\n|t:|1651537818\n|switch|p2a: PIXIE DUST|Tapu Fini, L50|100\/100\n|-fieldstart|move: Misty Terrain|[from] ability: Misty Surge|[of] p2a: PIXIE DUST\n|turn|5\n|c| ArmaAdam|kissed\n|\n|t:|1651537823\n|-start|p1a: Calyrex|Dynamax|\n|-heal|p1a: Calyrex|100\/100|[silent]\n|move|p2a: PIXIE DUST|Moonblast|p1a: Calyrex\n|-crit|p1a: Calyrex\n|-damage|p1a: Calyrex|72\/100\n|move|p1a: Calyrex|Max Mindstorm|p2a: PIXIE DUST\n|-damage|p2a: PIXIE DUST|0 fnt\n|-fieldstart|move: Psychic Terrain\n|faint|p2a: PIXIE DUST\n|-ability|p1a: Calyrex|Grim Neigh|boost\n|-boost|p1a: Calyrex|spa|1\n|\n|-weather|SunnyDay|[upkeep]\n|upkeep\n|\n|t:|1651537825\n|switch|p2a: KILLER QUEEN|Pheromosa, L50|30\/100\n|turn|6\n|\n|t:|1651537834\n|move|p1a: Calyrex|Max Mindstorm|p2a: KILLER QUEEN\n|-supereffective|p2a: KILLER QUEEN\n|-damage|p2a: KILLER QUEEN|0 fnt\n|faint|p2a: KILLER QUEEN\n|\n|win|SeenThroughCracks\n|n|\u2606SeenThroughCracks|seenthroughcracks\n|n|\u2606xskelly34|xskelly34\n|n|*Lady Monita \u273f|ladymonita\n|n| Big Sean|bigsean\n|n| ayawkhowl|ayawkhowl\n|n| nate5010|nate5010\n|n|+lucas2543|lucas2543\n|n| Blitzburgh|blitzburgh\n|n| ArmaAdam|armaadam\n","uploadtime":1651537835,"views":16,"p1id":"seenthroughcracks","p2id":"xskelly34","formatid":"gen8battlestadiumsingles","rating":0,"private":0,"password":null}