{"id":"gen8ou-1697709167","p1":"Shinjou Akane","p2":"Chiwis Del Norte","format":"gen8ou","log":"|j|\u2606Shinjou Akane\n|j|\u2606Chiwis Del Norte\n|t:|1667029945\n|gametype|singles\n|player|p1|Shinjou Akane|nurse|1411\n|player|p2|Chiwis Del Norte|102|1485\n|teamsize|p1|6\n|teamsize|p2|6\n|gen|8\n|tier|[Gen 8] OU\n|rated|\n|rule|Sleep Clause Mod: Limit one foe put to sleep\n|rule|Species Clause: Limit one of each Pok\u00e9mon\n|rule|OHKO Clause: OHKO moves are banned\n|rule|Evasion Items Clause: Evasion items are banned\n|rule|Evasion Moves Clause: Evasion moves are banned\n|rule|Endless Battle Clause: Forcing endless battles is banned\n|rule|HP Percentage Mod: HP is shown in percentages\n|rule|Dynamax Clause: You cannot dynamax\n|clearpoke\n|poke|p1|Klefki, F|\n|poke|p1|Nidoking, M|\n|poke|p1|Urshifu-*, M|\n|poke|p1|Kartana|\n|poke|p1|Tapu Fini|\n|poke|p1|Landorus-Therian, M|\n|poke|p2|Clefable, M|\n|poke|p2|Rotom-Wash|\n|poke|p2|Landorus-Therian, M|\n|poke|p2|Slowbro, F|\n|poke|p2|Corviknight, F|\n|poke|p2|Dragonite, F|\n|teampreview\n|inactive|Battle timer is ON: inactive players will automatically lose when time's up. (requested by Chiwis Del Norte)\n|\n|t:|1667029952\n|start\n|switch|p1a: Klefki|Klefki, F|100\/100\n|switch|p2a: Rotom|Rotom-Wash|100\/100\n|turn|1\n|\n|t:|1667029960\n|move|p1a: Klefki|Spikes|p2a: Rotom\n|-sidestart|p2: Chiwis Del Norte|Spikes\n|move|p2a: Rotom|Trick|p1a: Klefki\n|-activate|p2a: Rotom|move: Trick|[of] p1a: Klefki\n|-item|p1a: Klefki|Choice Scarf|[from] move: Trick\n|-item|p2a: Rotom|Eject Button|[from] move: Trick\n|\n|upkeep\n|turn|2\n|\n|t:|1667029967\n|move|p1a: Klefki|Spikes|p2a: Rotom\n|-sidestart|p2: Chiwis Del Norte|Spikes\n|move|p2a: Rotom|Thunder Wave|p1a: Klefki\n|-status|p1a: Klefki|par\n|\n|upkeep\n|turn|3\n|\n|t:|1667029970\n|switch|p2a: Corviknight|Corviknight, F|100\/100\n|-ability|p2a: Corviknight|Pressure\n|move|p1a: Klefki|Spikes|p2a: Corviknight\n|-sidestart|p2: Chiwis Del Norte|Spikes\n|\n|upkeep\n|turn|4\n|\n|t:|1667029977\n|switch|p1a: Nidoking|Nidoking, M|100\/100\n|move|p2a: Corviknight|Defog|p1a: Nidoking\n|-unboost|p1a: Nidoking|evasion|1\n|-sideend|p2: Chiwis Del Norte|Spikes|[from] move: Defog|[of] p2a: Corviknight\n|\n|upkeep\n|turn|5\n|\n|t:|1667029988\n|switch|p2a: Slowbro|Slowbro, F|100\/100\n|move|p1a: Nidoking|Sludge Wave|p2a: Slowbro\n|-damage|p2a: Slowbro|25\/100\n|\n|upkeep\n|turn|6\n|\n|t:|1667029995\n|switch|p2a: Rotom|Rotom-Wash|100\/100\n|move|p1a: Nidoking|Earth Power|p2a: Rotom\n|-immune|p2a: Rotom|[from] ability: Levitate\n|\n|upkeep\n|turn|7\n|\n|t:|1667030011\n|move|p2a: Rotom|Trick|p1a: Nidoking\n|-activate|p2a: Rotom|move: Trick|[of] p1a: Nidoking\n|-item|p1a: Nidoking|Eject Button|[from] move: Trick\n|-item|p2a: Rotom|Life Orb|[from] move: Trick\n|move|p1a: Nidoking|Sludge Wave|p2a: Rotom\n|-damage|p2a: Rotom|48\/100\n|\n|upkeep\n|turn|8\n|\n|t:|1667030025\n|switch|p2a: Dragonite|Dragonite, F|100\/100\n|move|p1a: Nidoking|Sludge Wave|p2a: Dragonite\n|-damage|p2a: Dragonite|85\/100\n|\n|upkeep\n|turn|9\n|\n|t:|1667030031\n|move|p1a: Nidoking|Ice Beam|p2a: Dragonite\n|-supereffective|p2a: Dragonite\n|-damage|p2a: Dragonite|6\/100\n|move|p2a: Dragonite|Ice Beam|p1a: Nidoking\n|-supereffective|p1a: Nidoking\n|-damage|p1a: Nidoking|42\/100\n|-enditem|p1a: Nidoking|Eject Button\n|\n|t:|1667030041\n|switch|p1a: Kartana|Kartana|100\/100\n|\n|upkeep\n|turn|10\n|\n|t:|1667030053\n|switch|p2a: Corviknight|Corviknight, F|100\/100\n|-ability|p2a: Corviknight|Pressure\n|move|p1a: Kartana|Knock Off|p2a: Corviknight\n|-damage|p2a: Corviknight|74\/100\n|-enditem|p2a: Corviknight|Shed Shell|[from] move: Knock Off|[of] p1a: Kartana\n|\n|upkeep\n|turn|11\n|\n|t:|1667030068\n|switch|p1a: Klefki|Klefki, F|100\/100 par\n|switch|p2a: Slowbro|Slowbro, F|58\/100\n|\n|upkeep\n|turn|12\n|\n|t:|1667030071\n|switch|p2a: Corviknight|Corviknight, F|74\/100\n|-ability|p2a: Corviknight|Pressure\n|cant|p1a: Klefki|par\n|\n|upkeep\n|turn|13\n|\n|t:|1667030076\n|move|p1a: Klefki|Thunder Wave|p2a: Corviknight\n|-status|p2a: Corviknight|par\n|cant|p2a: Corviknight|par\n|\n|upkeep\n|turn|14\n|\n|t:|1667030082\n|switch|p1a: Kartana|Kartana|100\/100\n|switch|p2a: Landorus|Landorus-Therian, M|100\/100\n|-ability|p2a: Landorus|Intimidate|boost\n|-unboost|p1a: Kartana|atk|1\n|\n|upkeep\n|turn|15\n|\n|t:|1667030093\n|switch|p1a: Nidoking|Nidoking, M|42\/100\n|switch|p2a: Corviknight|Corviknight, F|74\/100 par\n|-ability|p2a: Corviknight|Pressure\n|\n|upkeep\n|turn|16\n|\n|t:|1667030097\n|switch|p2a: Slowbro|Slowbro, F|91\/100\n|move|p1a: Nidoking|Flamethrower|p2a: Slowbro\n|-resisted|p2a: Slowbro\n|-damage|p2a: Slowbro|75\/100\n|\n|upkeep\n|turn|17\n|\n|t:|1667030112\n|move|p1a: Nidoking|Sludge Wave|p2a: Slowbro\n|-damage|p2a: Slowbro|16\/100\n|move|p2a: Slowbro|Scald|p1a: Nidoking\n|-supereffective|p1a: Nidoking\n|-damage|p1a: Nidoking|0 fnt\n|faint|p1a: Nidoking\n|\n|upkeep\n|\n|t:|1667030119\n|switch|p1a: Urshifu|Urshifu-Rapid-Strike, M|100\/100\n|turn|18\n|\n|t:|1667030135\n|switch|p2a: Dragonite|Dragonite, F|6\/100\n|move|p1a: Urshifu|U-turn|p2a: Dragonite\n|-resisted|p2a: Dragonite\n|-damage|p2a: Dragonite|0 fnt\n|faint|p2a: Dragonite\n|\n|t:|1667030144\n|switch|p1a: Klefki|Klefki, F|100\/100 par|[from]move: U-turn\n|\n|upkeep\n|\n|t:|1667030151\n|switch|p2a: Landorus|Landorus-Therian, M|100\/100\n|-ability|p2a: Landorus|Intimidate|boost\n|-unboost|p1a: Klefki|atk|1\n|turn|19\n|\n|t:|1667030158\n|move|p2a: Landorus|Swords Dance|p2a: Landorus\n|-boost|p2a: Landorus|atk|2\n|move|p1a: Klefki|Foul Play|p2a: Landorus\n|-damage|p2a: Landorus|26\/100\n|\n|upkeep\n|turn|20\n|\n|t:|1667030163\n|move|p2a: Landorus|Knock Off|p1a: Klefki\n|-resisted|p1a: Klefki\n|-damage|p1a: Klefki|58\/100 par\n|-enditem|p1a: Klefki|Choice Scarf|[from] move: Knock Off|[of] p2a: Landorus\n|-damage|p2a: Landorus|16\/100|[from] item: Life Orb\n|cant|p1a: Klefki|par\n|\n|upkeep\n|turn|21\n|\n|t:|1667030173\n|move|p1a: Klefki|Spikes|p2a: Landorus\n|-sidestart|p2: Chiwis Del Norte|Spikes\n|move|p2a: Landorus|Earthquake|p1a: Klefki\n|-supereffective|p1a: Klefki\n|-damage|p1a: Klefki|0 fnt\n|faint|p1a: Klefki\n|-damage|p2a: Landorus|6\/100|[from] item: Life Orb\n|\n|upkeep\n|\n|t:|1667030180\n|switch|p1a: Urshifu|Urshifu-Rapid-Strike, M|100\/100\n|turn|22\n|\n|t:|1667030185\n|move|p1a: Urshifu|U-turn|p2a: Landorus\n|-resisted|p2a: Landorus\n|-damage|p2a: Landorus|0 fnt\n|faint|p2a: Landorus\n|\n|t:|1667030191\n|switch|p1a: Landorus|Landorus-Therian, M|100\/100|[from]move: U-turn\n|\n|upkeep\n|\n|t:|1667030197\n|switch|p2a: Corviknight|Corviknight, F|74\/100 par\n|-ability|p2a: Corviknight|Pressure\n|turn|23\n|\n|t:|1667030202\n|move|p1a: Landorus|Smack Down|p2a: Corviknight\n|-damage|p2a: Corviknight|65\/100 par\n|-start|p2a: Corviknight|Smack Down\n|move|p2a: Corviknight|Defog|p1a: Landorus\n|-unboost|p1a: Landorus|evasion|1\n|-sideend|p2: Chiwis Del Norte|Spikes|[from] move: Defog|[of] p2a: Corviknight\n|\n|upkeep\n|turn|24\n|\n|t:|1667030219\n|switch|p2a: Slowbro|Slowbro, F|49\/100\n|move|p1a: Landorus|Stealth Rock|p2a: Slowbro\n|-sidestart|p2: Chiwis Del Norte|move: Stealth Rock\n|\n|upkeep\n|turn|25\n|\n|t:|1667030223\n|move|p1a: Landorus|Earthquake|p2a: Slowbro\n|-damage|p2a: Slowbro|20\/100\n|move|p2a: Slowbro|Scald|p1a: Landorus\n|-supereffective|p1a: Landorus\n|-damage|p1a: Landorus|62\/100\n|\n|upkeep\n|turn|26\n|\n|t:|1667030228\n|move|p1a: Landorus|U-turn|p2a: Slowbro\n|-supereffective|p2a: Slowbro\n|-damage|p2a: Slowbro|0 fnt\n|-damage|p1a: Landorus|46\/100|[from] item: Rocky Helmet|[of] p2a: Slowbro\n|faint|p2a: Slowbro\n|-message|Chiwis Del Norte forfeited.\n|\n|win|Shinjou Akane\n|raw|Shinjou Akane's rating: 1411 &rarr; <strong>1435<\/strong><br \/>(+24 for winning)\n|raw|Chiwis Del Norte's rating: 1485 &rarr; <strong>1461<\/strong><br \/>(-24 for losing)\n|l|\u2606Chiwis Del Norte\n","uploadtime":1667030237,"views":11,"p1id":"shinjouakane","p2id":"chiwisdelnorte","formatid":"gen8ou","rating":1435,"private":0,"password":null}