{"id":"gen8nationaldex-1569467976","p1":"Lowtierwarrior420","p2":"Blacksponge","format":"gen8nationaldex","log":"|j|\u2606Lowtierwarrior420\n|j|\u2606Blacksponge\n|t:|1651896956\n|gametype|singles\n|player|p1|Lowtierwarrior420|169|1556\n|player|p2|Blacksponge|lucas|1660\n|teamsize|p1|6\n|teamsize|p2|6\n|gen|8\n|tier|[Gen 8] National Dex\n|rated|\n|rule|HP Percentage Mod: HP is shown in percentages\n|rule|Endless Battle Clause: Forcing endless battles is banned\n|rule|OHKO Clause: OHKO moves are banned\n|rule|Evasion Moves Clause: Evasion moves are banned\n|rule|Species Clause: Limit one of each Pok\u00e9mon\n|rule|Dynamax Clause: You cannot dynamax\n|rule|Sleep Clause Mod: Limit one foe put to sleep\n|clearpoke\n|poke|p1|Heatran, F|\n|poke|p1|Pangoro, F|\n|poke|p1|Landorus-Therian, M|\n|poke|p1|Slowbro, M|\n|poke|p1|Tapu Fini|\n|poke|p1|Kartana|\n|poke|p2|Garchomp, M|\n|poke|p2|Deoxys-Defense|\n|poke|p2|Victini|\n|poke|p2|Kyurem|\n|poke|p2|Corviknight, M|\n|poke|p2|Smeargle, M|\n|teampreview\n|inactive|Battle timer is ON: inactive players will automatically lose when time's up. (requested by Lowtierwarrior420)\n|\n|t:|1651896995\n|start\n|switch|p1a: Pangoro|Pangoro, F|100\/100\n|switch|p2a: Deoxys|Deoxys-Defense|100\/100\n|-ability|p2a: Deoxys|Pressure\n|turn|1\n|\n|t:|1651897000\n|switch|p2a: Corviknight|Corviknight, M|100\/100\n|-ability|p2a: Corviknight|Pressure\n|move|p1a: Pangoro|Knock Off|p2a: Corviknight\n|-damage|p2a: Corviknight|37\/100\n|-enditem|p2a: Corviknight|Leftovers|[from] move: Knock Off|[of] p1a: Pangoro\n|\n|upkeep\n|turn|2\n|\n|t:|1651897013\n|switch|p2a: Smeargle|Smeargle, M|100\/100\n|move|p1a: Pangoro|Knock Off|p2a: Smeargle\n|-damage|p2a: Smeargle|0 fnt\n|-enditem|p2a: Smeargle|Choice Scarf|[from] move: Knock Off|[of] p1a: Pangoro\n|faint|p2a: Smeargle\n|\n|upkeep\n|\n|t:|1651897015\n|switch|p2a: Garchomp|Garchomp, M|100\/100\n|turn|3\n|\n|t:|1651897025\n|switch|p1a: Slowbro|Slowbro, M|100\/100\n|detailschange|p2a: Garchomp|Garchomp-Mega, M\n|-mega|p2a: Garchomp|Garchomp|Garchompite\n|move|p2a: Garchomp|Swords Dance|p2a: Garchomp\n|-boost|p2a: Garchomp|atk|2\n|\n|upkeep\n|turn|4\n|\n|t:|1651897031\n|move|p2a: Garchomp|Swords Dance|p2a: Garchomp\n|-boost|p2a: Garchomp|atk|2\n|move|p1a: Slowbro|Scald|p2a: Garchomp\n|-damage|p2a: Garchomp|75\/100\n|\n|upkeep\n|turn|5\n|\n|t:|1651897035\n|move|p2a: Garchomp|Scale Shot|p1a: Slowbro\n|-damage|p1a: Slowbro|72\/100\n|-damage|p1a: Slowbro|44\/100\n|-damage|p1a: Slowbro|14\/100\n|-hitcount|p1a: Slowbro|3\n|-unboost|p2a: Garchomp|def|1\n|-boost|p2a: Garchomp|spe|1\n|move|p1a: Slowbro|Scald|p2a: Garchomp\n|-damage|p2a: Garchomp|47\/100\n|\n|upkeep\n|turn|6\n|\n|t:|1651897043\n|switch|p1a: Landorus|Landorus-Therian, M|100\/100\n|-ability|p1a: Landorus|Intimidate|boost\n|-unboost|p2a: Garchomp|atk|1\n|move|p2a: Garchomp|Scale Shot|p1a: Landorus\n|-damage|p1a: Landorus|56\/100\n|-damage|p1a: Landorus|14\/100\n|-hitcount|p1a: Landorus|2\n|-unboost|p2a: Garchomp|def|1\n|-boost|p2a: Garchomp|spe|1\n|\n|upkeep\n|turn|7\n|\n|t:|1651897047\n|move|p2a: Garchomp|Scale Shot|p1a: Landorus\n|-damage|p1a: Landorus|0 fnt\n|faint|p1a: Landorus\n|-hitcount|p1: Landorus|1\n|-unboost|p2a: Garchomp|def|1\n|-boost|p2a: Garchomp|spe|1\n|\n|upkeep\n|\n|t:|1651897059\n|switch|p1a: Kartana|Kartana|100\/100\n|turn|8\n|\n|t:|1651897063\n|move|p2a: Garchomp|Earthquake|p1a: Kartana\n|-damage|p1a: Kartana|0 fnt\n|faint|p1a: Kartana\n|\n|upkeep\n|\n|t:|1651897065\n|switch|p1a: Slowbro|Slowbro, M|47\/100\n|turn|9\n|\n|t:|1651897079\n|move|p2a: Garchomp|Earthquake|p1a: Slowbro\n|-damage|p1a: Slowbro|0 fnt\n|faint|p1a: Slowbro\n|\n|upkeep\n|\n|t:|1651897081\n|switch|p1a: Pangoro|Pangoro, F|100\/100\n|turn|10\n|\n|t:|1651897084\n|move|p2a: Garchomp|Earthquake|p1a: Pangoro\n|-damage|p1a: Pangoro|0 fnt\n|faint|p1a: Pangoro\n|\n|upkeep\n|-message|Lowtierwarrior420 forfeited.\n|\n|win|Blacksponge\n|raw|Lowtierwarrior420's rating: 1556 &rarr; <strong>1542<\/strong><br \/>(-14 for losing)\n|raw|Blacksponge's rating: 1660 &rarr; <strong>1674<\/strong><br \/>(+14 for winning)\n|l|\u2606Lowtierwarrior420\n","uploadtime":1651897105,"views":7,"p1id":"lowtierwarrior420","p2id":"blacksponge","formatid":"gen8nationaldex","rating":1542,"private":0,"password":null}