{"id":"gen8nationaldexag-1070693659","p1":"yhdrslb","p2":"fabwooloous","format":"gen8nationaldexag","log":"|j|\u2606yhdrslb\n|j|\u2606fabwooloous\n|player|p1|yhdrslb|30|1460\n|player|p2|fabwooloous|unknown|1497\n|teamsize|p1|6\n|teamsize|p2|6\n|gametype|singles\n|gen|8\n|tier|[Gen 8] National Dex AG\n|rated|\n|clearpoke\n|poke|p1|Espeon, F|\n|poke|p1|Whimsicott, M|\n|poke|p1|Lugia|\n|poke|p1|Smeargle, M|\n|poke|p1|Rayquaza|\n|poke|p1|Giratina|\n|poke|p2|Ho-Oh|\n|poke|p2|Yveltal|\n|poke|p2|Zacian-Crowned|\n|poke|p2|Necrozma-Dusk-Mane|\n|poke|p2|Arceus-*|\n|poke|p2|Hitmonlee, M|\n|rule|HP Percentage Mod: HP is shown in percentages\n|rule|Endless Battle Clause: Forcing endless battles is banned\n|teampreview\n|c|\u2606fabwooloous|glhf\n|j| Bald Turkey\n|c|\u2606yhdrslb|u2\n|\n|start\n|switch|p1a: Smeargle|Smeargle, M|100\/100\n|switch|p2a: Arceus|Arceus|100\/100\n|turn|1\n|\n|switch|p1a: Giratina|Giratina|100\/100\n|-ability|p1a: Giratina|Pressure\n|move|p2a: Arceus|Stealth Rock|p1a: Giratina\n|-sidestart|p1: yhdrslb|move: Stealth Rock\n|\n|upkeep\n|turn|2\n|\n|move|p2a: Arceus|Swords Dance|p2a: Arceus\n|-boost|p2a: Arceus|atk|2\n|move|p1a: Giratina|Will-O-Wisp|p2a: Arceus|[miss]\n|-miss|p1a: Giratina|p2a: Arceus\n|\n|upkeep\n|turn|3\n|\n|move|p2a: Arceus|Swords Dance|p2a: Arceus\n|-boost|p2a: Arceus|atk|2\n|move|p1a: Giratina|Will-O-Wisp|p2a: Arceus\n|-status|p2a: Arceus|brn\n|\n|-damage|p2a: Arceus|94\/100 brn|[from] brn\n|upkeep\n|turn|4\n|\n|move|p2a: Arceus|Swords Dance|p2a: Arceus\n|-boost|p2a: Arceus|atk|2\n|move|p1a: Giratina|Dragon Tail|p2a: Arceus\n|-damage|p2a: Arceus|82\/100 brn\n|drag|p2a: Yveltal|Yveltal, shiny|100\/100\n|-ability|p2a: Yveltal|Dark Aura\n|\n|upkeep\n|turn|5\n|\n|-start|p1a: Giratina|Dynamax\n|-heal|p1a: Giratina|100\/100|[silent]\n|move|p2a: Yveltal|Dark Pulse|p1a: Giratina\n|-supereffective|p1a: Giratina\n|-damage|p1a: Giratina|60\/100\n|-damage|p2a: Yveltal|91\/100|[from] item: Life Orb\n|move|p1a: Giratina|Max Wyrmwind|p2a: Yveltal\n|-damage|p2a: Yveltal|60\/100\n|-unboost|p2a: Yveltal|atk|1\n|\n|-heal|p1a: Giratina|63\/100|[from] item: Leftovers\n|upkeep\n|turn|6\n|\n|-start|p2a: Yveltal|Dynamax\n|-heal|p2a: Yveltal|60\/100|[silent]\n|move|p2a: Yveltal|Max Airstream|p1a: Giratina\n|-damage|p1a: Giratina|39\/100\n|-boost|p2a: Yveltal|spe|1\n|-damage|p2a: Yveltal|55\/100|[from] item: Life Orb\n|move|p1a: Giratina|Max Wyrmwind|p2a: Yveltal\n|-damage|p2a: Yveltal|40\/100\n|-unboost|p2a: Yveltal|atk|1\n|\n|-heal|p1a: Giratina|42\/100|[from] item: Leftovers\n|upkeep\n|turn|7\n|\n|move|p2a: Yveltal|Max Darkness|p1a: Giratina\n|-supereffective|p1a: Giratina\n|-damage|p1a: Giratina|0 fnt\n|-damage|p2a: Yveltal|35\/100|[from] item: Life Orb\n|faint|p1a: Giratina\n|\n|upkeep\n|\n|switch|p1a: Whimsicott|Whimsicott, M|100\/100\n|-damage|p1a: Whimsicott|88\/100|[from] Stealth Rock\n|turn|8\n|\n|move|p1a: Whimsicott|Substitute|p1a: Whimsicott\n|-start|p1a: Whimsicott|Substitute\n|-damage|p1a: Whimsicott|63\/100\n|move|p2a: Yveltal|Max Airstream|p1a: Whimsicott\n|-supereffective|p1a: Whimsicott\n|-end|p1a: Whimsicott|Substitute\n|-boost|p2a: Yveltal|spe|1\n|-damage|p2a: Yveltal|30\/100|[from] item: Life Orb\n|\n|-end|p2a: Yveltal|Dynamax\n|-heal|p2a: Yveltal|30\/100|[silent]\n|upkeep\n|turn|9\n|\n|move|p1a: Whimsicott|Substitute|p1a: Whimsicott\n|-start|p1a: Whimsicott|Substitute\n|-damage|p1a: Whimsicott|38\/100\n|move|p2a: Yveltal|Oblivion Wing|p1a: Whimsicott\n|-supereffective|p1a: Whimsicott\n|-end|p1a: Whimsicott|Substitute\n|-heal|p2a: Yveltal|45\/100|[from] drain|[of] p1a: Whimsicott\n|-damage|p2a: Yveltal|35\/100|[from] item: Life Orb\n|\n|upkeep\n|turn|10\n|\n|switch|p1a: Espeon|Espeon, F|100\/100\n|-damage|p1a: Espeon|88\/100|[from] Stealth Rock\n|move|p2a: Yveltal|Oblivion Wing|p1a: Espeon\n|-damage|p1a: Espeon|19\/100\n|-heal|p2a: Yveltal|79\/100|[from] drain|[of] p1a: Espeon\n|-damage|p2a: Yveltal|69\/100|[from] item: Life Orb\n|\n|upkeep\n|turn|11\n|\n|move|p2a: Yveltal|Dark Pulse|p1a: Espeon\n|-supereffective|p1a: Espeon\n|-damage|p1a: Espeon|0 fnt\n|-damage|p2a: Yveltal|59\/100|[from] item: Life Orb\n|faint|p1a: Espeon\n|\n|upkeep\n|\n|switch|p1a: Rayquaza|Rayquaza|100\/100\n|-damage|p1a: Rayquaza|76\/100|[from] Stealth Rock\n|-ability|p1a: Rayquaza|Air Lock\n|turn|12\n|\n|detailschange|p1a: Rayquaza|Rayquaza-Mega\n|-mega|p1a: Rayquaza|Rayquaza|\n|-weather|DeltaStream|[from] ability: Delta Stream|[of] p1a: Rayquaza\n|move|p1a: Rayquaza|Extreme Speed|p2a: Yveltal\n|-damage|p2a: Yveltal|15\/100\n|-damage|p1a: Rayquaza|66\/100|[from] item: Life Orb\n|move|p2a: Yveltal|Dark Pulse|p1a: Rayquaza\n|-damage|p1a: Rayquaza|0 fnt\n|-damage|p2a: Yveltal|5\/100|[from] item: Life Orb\n|faint|p1a: Rayquaza\n|-weather|none\n|\n|upkeep\n|-message|yhdrslb forfeited.\n|\n|win|fabwooloous\n|l|\u2606yhdrslb\n|l|\u2606fabwooloous\n|raw|yhdrslb's rating: 1461 &rarr; <strong>1443<\/strong><br \/>(-18 for losing)\n|raw|fabwooloous's rating: 1497 &rarr; <strong>1515<\/strong><br \/>(+18 for winning)\n","uploadtime":1582901483,"views":3,"p1id":"yhdrslb","p2id":"fabwooloous","formatid":"gen8nationaldexag","rating":1443,"private":0,"password":null}