{"id":"gen8monotyperandombattle-1654637204","p1":"hyperium1233","p2":"H4WT \u2605","format":"gen8monotyperandombattle","log":"|j|\u2606hyperium1233\n|j|\u2606H4WT \u2605\n|inactive|Battle timer is ON: inactive players will automatically lose when time's up.\n|t:|1662155093\n|gametype|singles\n|player|p1|hyperium1233|#ptpl3medicham|\n|player|p2|H4WT \u2605|nate|\n|teamsize|p1|6\n|teamsize|p2|6\n|gen|8\n|tier|[Gen 8] Monotype Random Battle\n|rated|Tournament battle\n|rule|Same Type Clause: Pok\u00e9mon in a team must share a type\n|rule|HP Percentage Mod: HP is shown in percentages\n|rule|Sleep Clause Mod: Limit one foe put to sleep\n|\n|t:|1662155093\n|start\n|switch|p1a: Stunfisk|Stunfisk, L84, F|320\/320\n|switch|p2a: Trevenant|Trevenant, L86, F|286\/286\n|turn|1\n|j| pokedexjunior\n|\n|t:|1662155113\n|move|p2a: Trevenant|Wood Hammer|p1a: Stunfisk\n|-supereffective|p1a: Stunfisk\n|-damage|p1a: Stunfisk|0 fnt\n|faint|p1a: Stunfisk\n|-damage|p2a: Trevenant|180\/286|[from] Recoil\n|\n|upkeep\n|l| pokedexjunior\n|\n|t:|1662155129\n|switch|p1a: Landorus|Landorus-Therian, L72, M|247\/247\n|-ability|p1a: Landorus|Intimidate|boost\n|-unboost|p2a: Trevenant|atk|1\n|turn|2\n|\n|t:|1662155135\n|move|p1a: Landorus|Fly||[still]\n|-prepare|p1a: Landorus|Fly\n|move|p2a: Trevenant|Wood Hammer|p1a: Landorus|[miss]\n|-miss|p2a: Trevenant|p1a: Landorus\n|\n|upkeep\n|turn|3\n|\n|t:|1662155138\n|switch|p2a: Aegislash|Aegislash, L80, F|227\/227\n|move|p1a: Landorus|Fly|p2a: Aegislash|[from]lockedmove\n|-resisted|p2a: Aegislash\n|-damage|p2a: Aegislash|176\/227\n|-damage|p1a: Landorus|223\/247|[from] item: Life Orb\n|\n|-heal|p2a: Aegislash|190\/227|[from] item: Leftovers\n|upkeep\n|turn|4\n|\n|t:|1662155158\n|switch|p1a: Silvally|Silvally-Ground, L84|297\/297\n|switch|p2a: Gourgeist|Gourgeist-Super, L84, M|280\/280\n|-item|p1a: Silvally|Ground Memory|[from] ability: Frisk|[of] p2a: Gourgeist|[identify]\n|\n|upkeep\n|turn|5\n|\n|t:|1662155166\n|move|p1a: Silvally|Parting Shot|p2a: Gourgeist\n|-unboost|p2a: Gourgeist|atk|1\n|-unboost|p2a: Gourgeist|spa|1\n|\n|t:|1662155170\n|switch|p1a: Landorus|Landorus-Therian, L72, M|223\/247\n|-ability|p1a: Landorus|Intimidate|boost\n|-unboost|p2a: Gourgeist|atk|1\n|move|p2a: Gourgeist|Power Whip|p1a: Landorus\n|-damage|p1a: Landorus|133\/247\n|-damage|p2a: Gourgeist|252\/280|[from] item: Life Orb\n|\n|upkeep\n|turn|6\n|\n|t:|1662155184\n|move|p1a: Landorus|Swords Dance|p1a: Landorus\n|-boost|p1a: Landorus|atk|2\n|move|p2a: Gourgeist|Trick Room|p2a: Gourgeist\n|-fieldstart|move: Trick Room|[of] p2a: Gourgeist\n|\n|upkeep\n|turn|7\n|j| Plobems\n|\n|t:|1662155201\n|switch|p1a: Rhyperior|Rhyperior, L82, F|323\/323\n|move|p2a: Gourgeist|Power Whip|p1a: Rhyperior\n|-supereffective|p1a: Rhyperior\n|-damage|p1a: Rhyperior|136\/323\n|-enditem|p1a: Rhyperior|Weakness Policy\n|-boost|p1a: Rhyperior|atk|2|[from] item: Weakness Policy\n|-boost|p1a: Rhyperior|spa|2|[from] item: Weakness Policy\n|-damage|p2a: Gourgeist|224\/280|[from] item: Life Orb\n|\n|upkeep\n|turn|8\n|\n|t:|1662155210\n|move|p2a: Gourgeist|Power Whip|p1a: Rhyperior\n|-supereffective|p1a: Rhyperior\n|-damage|p1a: Rhyperior|0 fnt\n|faint|p1a: Rhyperior\n|-damage|p2a: Gourgeist|196\/280|[from] item: Life Orb\n|\n|upkeep\n|\n|t:|1662155218\n|switch|p1a: Landorus|Landorus-Therian, L72, M|133\/247\n|-ability|p1a: Landorus|Intimidate|boost\n|-unboost|p2a: Gourgeist|atk|1\n|turn|9\n|\n|t:|1662155224\n|switch|p1a: Silvally|Silvally-Ground, L84|297\/297\n|move|p2a: Gourgeist|Power Whip|p1a: Silvally\n|-supereffective|p1a: Silvally\n|-damage|p1a: Silvally|164\/297\n|-damage|p2a: Gourgeist|168\/280|[from] item: Life Orb\n|\n|upkeep\n|turn|10\n|\n|t:|1662155230\n|move|p2a: Gourgeist|Power Whip|p1a: Silvally\n|-supereffective|p1a: Silvally\n|-damage|p1a: Silvally|47\/297\n|-damage|p2a: Gourgeist|140\/280|[from] item: Life Orb\n|move|p1a: Silvally|Parting Shot|p2a: Gourgeist\n|-unboost|p2a: Gourgeist|atk|1\n|-unboost|p2a: Gourgeist|spa|1\n|\n|t:|1662155234\n|switch|p1a: Marowak|Marowak, L86, F|243\/243\n|\n|-fieldend|move: Trick Room\n|upkeep\n|turn|11\n|\n|t:|1662155242\n|move|p1a: Marowak|Stone Edge|p2a: Gourgeist\n|-damage|p2a: Gourgeist|43\/280\n|move|p2a: Gourgeist|Power Whip|p1a: Marowak\n|-supereffective|p1a: Marowak\n|-crit|p1a: Marowak\n|-damage|p1a: Marowak|0 fnt\n|faint|p1a: Marowak\n|-damage|p2a: Gourgeist|15\/280|[from] item: Life Orb\n|\n|upkeep\n|l| Plobems\n|\n|t:|1662155252\n|switch|p1a: Silvally|Silvally-Ground, L84|47\/297\n|turn|12\n|\n|t:|1662155256\n|move|p1a: Silvally|Multi-Attack|p2a: Gourgeist\n|-resisted|p2a: Gourgeist\n|-damage|p2a: Gourgeist|0 fnt\n|faint|p2a: Gourgeist\n|\n|upkeep\n|\n|t:|1662155262\n|switch|p2a: Gengar|Gengar, L80, M|227\/227\n|turn|13\n|\n|t:|1662155265\n|move|p2a: Gengar|Shadow Ball|p1a: Silvally\n|-damage|p1a: Silvally|0 fnt\n|faint|p1a: Silvally\n|\n|upkeep\n|\n|t:|1662155267\n|switch|p1a: Seismitoad|Seismitoad, L84, F|314\/314\n|turn|14\n|\n|t:|1662155272\n|move|p2a: Gengar|Shadow Ball|p1a: Seismitoad\n|-damage|p1a: Seismitoad|157\/314\n|move|p1a: Seismitoad|Rain Dance|p1a: Seismitoad\n|-weather|RainDance\n|\n|-weather|RainDance|[upkeep]\n|upkeep\n|turn|15\n|\n|t:|1662155278\n|move|p1a: Seismitoad|Earthquake|p2a: Gengar\n|-supereffective|p2a: Gengar\n|-damage|p2a: Gengar|0 fnt\n|faint|p2a: Gengar\n|-damage|p1a: Seismitoad|126\/314|[from] item: Life Orb\n|\n|-weather|RainDance|[upkeep]\n|upkeep\n|\n|t:|1662155281\n|switch|p2a: Mimikyu|Mimikyu, L76, M|209\/209\n|turn|16\n|\n|t:|1662155286\n|move|p1a: Seismitoad|Sludge Bomb|p2a: Mimikyu\n|-activate|p2a: Mimikyu|ability: Disguise\n|-damage|p2a: Mimikyu|209\/209\n|-status|p2a: Mimikyu|psn\n|detailschange|p2a: Mimikyu|Mimikyu-Busted, L76, M\n|-damage|p2a: Mimikyu|183\/209 psn|[from] pokemon: Mimikyu-Busted\n|-damage|p1a: Seismitoad|95\/314|[from] item: Life Orb\n|move|p2a: Mimikyu|Shadow Claw|p1a: Seismitoad\n|-crit|p1a: Seismitoad\n|-damage|p1a: Seismitoad|0 fnt\n|faint|p1a: Seismitoad\n|-damage|p2a: Mimikyu|163\/209 psn|[from] item: Life Orb\n|\n|-weather|RainDance|[upkeep]\n|-damage|p2a: Mimikyu|137\/209 psn|[from] psn\n|upkeep\n|\n|t:|1662155290\n|switch|p1a: Landorus|Landorus-Therian, L72, M|133\/247\n|-ability|p1a: Landorus|Intimidate|boost\n|-unboost|p2a: Mimikyu|atk|1\n|turn|17\n|\n|t:|1662155292\n|-start|p2a: Mimikyu|Dynamax|\n|-heal|p2a: Mimikyu|274\/418 psn|[silent]\n|move|p2a: Mimikyu|Max Starfall|p1a: Landorus\n|-damage|p1a: Landorus|24\/247\n|-fieldstart|move: Misty Terrain\n|-damage|p2a: Mimikyu|254\/418 psn|[from] item: Life Orb\n|move|p1a: Landorus|Swords Dance|p1a: Landorus\n|-boost|p1a: Landorus|atk|2\n|\n|-weather|RainDance|[upkeep]\n|-damage|p2a: Mimikyu|228\/418 psn|[from] psn\n|upkeep\n|turn|18\n|\n|t:|1662155298\n|-start|p1a: Landorus|Dynamax|\n|-heal|p1a: Landorus|48\/494|[silent]\n|move|p2a: Mimikyu|Max Phantasm|p1a: Landorus\n|-damage|p1a: Landorus|0 fnt\n|faint|p1a: Landorus\n|-damage|p2a: Mimikyu|208\/418 psn|[from] item: Life Orb\n|\n|win|H4WT \u2605\n|n|\u2606hyperium1233|hyperium1233\n|n|\u2606H4WT \u2605|h4wt\n","inputlog":">version 8cf3438afc5b4a013c2b2d0b6cd5b917bdfe9b81\n>start {\"formatid\":\"gen8monotyperandombattle\",\"seed\":[43358,20000,17462,11262],\"rated\":\"Tournament battle\"}\n>player p1 {\"name\":\"hyperium1233\",\"avatar\":\"#ptpl3medicham\",\"rating\":0,\"seed\":[16851,57923,21479,41612]}\n>player p2 {\"name\":\"H4WT \u2605\",\"avatar\":\"nate\",\"rating\":0,\"seed\":[41385,58174,33017,57897]}\n>p1 move stealthrock\n>p2 move woodhammer\n>p1 switch 4\n>p1 move fly\n>p2 move woodhammer\n>p1 move fly\n>p2 switch 2\n>p1 switch 3\n>p2 switch 3\n>p1 move partingshot\n>p2 move powerwhip\n>p1 switch 3\n>p1 move swordsdance\n>p2 move trickroom\n>p1 switch 5\n>p2 move powerwhip\n>p1 move stoneedge\n>p2 move powerwhip\n>p1 switch 5\n>p1 switch 3\n>p2 move powerwhip\n>p1 move partingshot\n>p2 move powerwhip\n>p1 switch 2\n>p1 move stoneedge\n>p2 move powerwhip\n>p1 switch 2\n>p1 move multiattack\n>p2 move powerwhip\n>p2 switch 6\n>p1 move multiattack\n>p2 move shadowball\n>p1 switch 6\n>p1 move raindance\n>p2 move shadowball\n>p1 move earthquake\n>p2 move shadowball\n>p2 switch 5\n>p1 move sludgebomb\n>p2 move shadowclaw\n>p1 switch 3\n>p1 move swordsdance\n>p2 move playrough dynamax\n>p1 move fly dynamax\n>p2 move shadowsneak dynamax","uploadtime":1662155299,"views":5,"p1id":"hyperium1233","p2id":"h4wt","formatid":"gen8monotyperandombattle","rating":0,"private":0,"password":null}