{"id":"gen8ou-1578761577","p1":"fishy8995","p2":"Kwaga","format":"gen8ou","log":"|j|\u2606fishy8995\n|j|\u2606Kwaga\n|t:|1653018523\n|gametype|singles\n|player|p1|fishy8995|1|1750\n|player|p2|Kwaga|palmer|1723\n|teamsize|p1|6\n|teamsize|p2|6\n|gen|8\n|tier|[Gen 8] OU\n|rated|\n|rule|Sleep Clause Mod: Limit one foe put to sleep\n|rule|Species Clause: Limit one of each Pok\u00e9mon\n|rule|OHKO Clause: OHKO moves are banned\n|rule|Evasion Moves Clause: Evasion moves are banned\n|rule|Endless Battle Clause: Forcing endless battles is banned\n|rule|HP Percentage Mod: HP is shown in percentages\n|rule|Dynamax Clause: You cannot dynamax\n|clearpoke\n|poke|p1|Hippowdon, M|\n|poke|p1|Tyranitar, M|\n|poke|p1|Excadrill, F|\n|poke|p1|Dragonite, F|\n|poke|p1|Toxapex, F|\n|poke|p1|Dracozolt|\n|poke|p2|Zapdos|\n|poke|p2|Urshifu-*, M|\n|poke|p2|Kartana|\n|poke|p2|Mew|\n|poke|p2|Corviknight, M|\n|poke|p2|Swampert, F|\n|teampreview\n|\n|t:|1653018545\n|start\n|switch|p1a: Toxapex|Toxapex, F|100\/100\n|switch|p2a: Mew|Mew|100\/100\n|turn|1\n|\n|t:|1653018548\n|move|p2a: Mew|Taunt|p1a: Toxapex\n|-start|p1a: Toxapex|move: Taunt\n|cant|p1a: Toxapex|move: Taunt|Stockpile\n|\n|upkeep\n|turn|2\n|\n|t:|1653018552\n|switch|p1a: Dragonite|Dragonite, F|100\/100\n|move|p2a: Mew|Knock Off|p1a: Dragonite\n|-damage|p1a: Dragonite|90\/100\n|-enditem|p1a: Dragonite|Leftovers|[from] move: Knock Off|[of] p2a: Mew\n|\n|upkeep\n|turn|3\n|\n|t:|1653018555\n|switch|p1a: Hippowdon|Hippowdon, M|100\/100\n|-weather|Sandstorm|[from] ability: Sand Stream|[of] p1a: Hippowdon\n|move|p2a: Mew|Taunt|p1a: Hippowdon\n|-start|p1a: Hippowdon|move: Taunt\n|\n|-weather|Sandstorm|[upkeep]\n|-damage|p2a: Mew|94\/100|[from] Sandstorm\n|-heal|p2a: Mew|100\/100|[from] item: Leftovers\n|upkeep\n|turn|4\n|\n|t:|1653018557\n|switch|p1a: Excadrill|Excadrill, F|100\/100\n|move|p2a: Mew|Knock Off|p1a: Excadrill\n|-damage|p1a: Excadrill|69\/100\n|-enditem|p1a: Excadrill|Focus Sash|[from] move: Knock Off|[of] p2a: Mew\n|\n|-weather|Sandstorm|[upkeep]\n|-damage|p2a: Mew|94\/100|[from] Sandstorm\n|-heal|p2a: Mew|100\/100|[from] item: Leftovers\n|upkeep\n|turn|5\n|\n|t:|1653018562\n|switch|p2a: Corviknight|Corviknight, M|100\/100\n|-ability|p2a: Corviknight|Pressure\n|move|p1a: Excadrill|Swords Dance|p1a: Excadrill\n|-boost|p1a: Excadrill|atk|2\n|\n|-weather|Sandstorm|[upkeep]\n|upkeep\n|turn|6\n|\n|t:|1653018564\n|move|p1a: Excadrill|Rock Slide|p2a: Corviknight\n|-crit|p2a: Corviknight\n|-damage|p2a: Corviknight|45\/100\n|move|p2a: Corviknight|Body Press|p1a: Excadrill\n|-supereffective|p1a: Excadrill\n|-damage|p1a: Excadrill|0 fnt\n|faint|p1a: Excadrill\n|\n|-weather|Sandstorm|[upkeep]\n|-heal|p2a: Corviknight|51\/100|[from] item: Leftovers\n|upkeep\n|\n|t:|1653018567\n|switch|p1a: Dracozolt|Dracozolt|100\/100\n|turn|7\n|\n|t:|1653018573\n|switch|p2a: Swampert|Swampert, F|100\/100\n|move|p1a: Dracozolt|Draco Meteor|p2a: Swampert\n|-damage|p2a: Swampert|71\/100\n|-unboost|p1a: Dracozolt|spa|2\n|-damage|p1a: Dracozolt|91\/100|[from] item: Life Orb\n|\n|-weather|Sandstorm|[upkeep]\n|-heal|p2a: Swampert|77\/100|[from] item: Leftovers\n|upkeep\n|turn|8\n|\n|t:|1653018578\n|switch|p1a: Hippowdon|Hippowdon, M|100\/100\n|move|p2a: Swampert|Yawn|p1a: Hippowdon\n|-start|p1a: Hippowdon|move: Yawn|[of] p2a: Swampert\n|\n|-weather|Sandstorm|[upkeep]\n|-heal|p2a: Swampert|84\/100|[from] item: Leftovers\n|upkeep\n|turn|9\n|\n|t:|1653018588\n|switch|p1a: Dragonite|Dragonite, F|90\/100\n|move|p2a: Swampert|Flip Turn|p1a: Dragonite\n|-resisted|p1a: Dragonite\n|-damage|p1a: Dragonite|79\/100\n|\n|t:|1653018592\n|switch|p2a: Mew|Mew|100\/100|[from]move: Flip Turn\n|\n|-weather|Sandstorm|[upkeep]\n|-damage|p2a: Mew|94\/100|[from] Sandstorm\n|-damage|p1a: Dragonite|73\/100|[from] Sandstorm\n|-heal|p2a: Mew|100\/100|[from] item: Leftovers\n|upkeep\n|turn|10\n|\n|t:|1653018597\n|move|p2a: Mew|Night Shade|p1a: Dragonite\n|-damage|p1a: Dragonite|47\/100\n|move|p1a: Dragonite|Iron Head|p2a: Mew\n|-damage|p2a: Mew|73\/100\n|\n|-weather|none\n|-heal|p2a: Mew|79\/100|[from] item: Leftovers\n|upkeep\n|turn|11\n|\n|t:|1653018601\n|switch|p1a: Hippowdon|Hippowdon, M|100\/100\n|-weather|Sandstorm|[from] ability: Sand Stream|[of] p1a: Hippowdon\n|move|p2a: Mew|Taunt|p1a: Hippowdon\n|-start|p1a: Hippowdon|move: Taunt\n|\n|-weather|Sandstorm|[upkeep]\n|-damage|p2a: Mew|73\/100|[from] Sandstorm\n|-heal|p2a: Mew|79\/100|[from] item: Leftovers\n|upkeep\n|turn|12\n|\n|t:|1653018606\n|switch|p1a: Dracozolt|Dracozolt|91\/100\n|move|p2a: Mew|Knock Off|p1a: Dracozolt\n|-damage|p1a: Dracozolt|65\/100\n|-enditem|p1a: Dracozolt|Life Orb|[from] move: Knock Off|[of] p2a: Mew\n|\n|-weather|Sandstorm|[upkeep]\n|-damage|p2a: Mew|73\/100|[from] Sandstorm\n|-heal|p2a: Mew|79\/100|[from] item: Leftovers\n|upkeep\n|turn|13\n|\n|t:|1653018616\n|switch|p2a: Swampert|Swampert, F|84\/100\n|move|p1a: Dracozolt|Bolt Beak|p2a: Swampert\n|-immune|p2a: Swampert\n|\n|-weather|Sandstorm|[upkeep]\n|-heal|p2a: Swampert|90\/100|[from] item: Leftovers\n|upkeep\n|turn|14\n|\n|t:|1653018624\n|switch|p1a: Toxapex|Toxapex, F|100\/100\n|move|p2a: Swampert|Yawn|p1a: Toxapex\n|-start|p1a: Toxapex|move: Yawn|[of] p2a: Swampert\n|\n|-weather|Sandstorm|[upkeep]\n|-damage|p1a: Toxapex|94\/100|[from] Sandstorm\n|-heal|p2a: Swampert|96\/100|[from] item: Leftovers\n|-heal|p1a: Toxapex|100\/100|[from] item: Black Sludge\n|upkeep\n|turn|15\n|\n|t:|1653018627\n|switch|p1a: Dragonite|Dragonite, F|47\/100\n|move|p2a: Swampert|Flip Turn|p1a: Dragonite\n|-resisted|p1a: Dragonite\n|-crit|p1a: Dragonite\n|-damage|p1a: Dragonite|32\/100\n|\n|t:|1653018639\n|switch|p2a: Zapdos|Zapdos|100\/100|[from]move: Flip Turn\n|\n|-weather|Sandstorm|[upkeep]\n|-damage|p2a: Zapdos|94\/100|[from] Sandstorm\n|-damage|p1a: Dragonite|26\/100|[from] Sandstorm\n|upkeep\n|turn|16\n|\n|t:|1653018647\n|move|p2a: Zapdos|Hurricane|p1a: Dragonite\n|-damage|p1a: Dragonite|0 fnt\n|faint|p1a: Dragonite\n|\n|-weather|Sandstorm|[upkeep]\n|-damage|p2a: Zapdos|88\/100|[from] Sandstorm\n|upkeep\n|\n|t:|1653018649\n|switch|p1a: Toxapex|Toxapex, F|100\/100\n|turn|17\n|\n|t:|1653018656\n|switch|p2a: Corviknight|Corviknight, M|51\/100\n|-ability|p2a: Corviknight|Pressure\n|move|p1a: Toxapex|Stockpile|p1a: Toxapex\n|-start|p1a: Toxapex|stockpile1\n|-boost|p1a: Toxapex|def|1\n|-boost|p1a: Toxapex|spd|1\n|\n|-weather|Sandstorm|[upkeep]\n|-damage|p1a: Toxapex|94\/100|[from] Sandstorm\n|-heal|p2a: Corviknight|58\/100|[from] item: Leftovers\n|-heal|p1a: Toxapex|100\/100|[from] item: Black Sludge\n|upkeep\n|turn|18\n|\n|t:|1653018661\n|move|p2a: Corviknight|U-turn|p1a: Toxapex\n|-resisted|p1a: Toxapex\n|-damage|p1a: Toxapex|97\/100\n|\n|t:|1653018662\n|switch|p2a: Zapdos|Zapdos|88\/100|[from]move: U-turn\n|move|p1a: Toxapex|Scald|p2a: Zapdos\n|-damage|p2a: Zapdos|69\/100\n|\n|-weather|none\n|-heal|p1a: Toxapex|100\/100|[from] item: Black Sludge\n|upkeep\n|turn|19\n|\n|t:|1653018665\n|move|p2a: Zapdos|Thunderbolt|p1a: Toxapex\n|-supereffective|p1a: Toxapex\n|-crit|p1a: Toxapex\n|-damage|p1a: Toxapex|0 fnt\n|faint|p1a: Toxapex\n|\n|upkeep\n|\n|t:|1653018668\n|switch|p1a: Hippowdon|Hippowdon, M|100\/100\n|-weather|Sandstorm|[from] ability: Sand Stream|[of] p1a: Hippowdon\n|turn|20\n|-message|fishy8995 forfeited.\n|\n|win|Kwaga\n|raw|fishy8995's rating: 1750 &rarr; <strong>1727<\/strong><br \/>(-23 for losing)\n|raw|Kwaga's rating: 1703 &rarr; <strong>1726<\/strong><br \/>(+23 for winning)\n|l|\u2606fishy8995\n","uploadtime":1653018675,"views":30,"p1id":"fishy8995","p2id":"kwaga","formatid":"gen8ou","rating":1726,"private":0,"password":null}