{"id":"gen8randombattle-1337069084","p1":"SKRIEGZREX","p2":"Free Wifi Hotspot","format":"gen8randombattle","log":"|j|\u2606SKRIEGZREX\n|j|\u2606Free Wifi Hotspot\n|t:|1620523963\n|gametype|singles\n|player|p1|SKRIEGZREX|palmer|1444\n|player|p2|Free Wifi Hotspot|emmet|1399\n|teamsize|p1|6\n|teamsize|p2|6\n|gen|8\n|tier|[Gen 8] Random Battle\n|rated|\n|rule|Species Clause: Limit one of each Pok\u00e9mon\n|rule|HP Percentage Mod: HP is shown in percentages\n|rule|Sleep Clause Mod: Limit one foe put to sleep\n|\n|t:|1620523963\n|start\n|switch|p1a: Jellicent|Jellicent, L84, M|305\/305\n|switch|p2a: Silvally|Silvally-Dragon, L84|297\/297\n|turn|1\n|inactive|Battle timer is ON: inactive players will automatically lose when time's up. (requested by Free Wifi Hotspot)\n|c|\u2606SKRIEGZREX|Glhf\n|\n|t:|1620523987\n|move|p2a: Silvally|Swords Dance|p2a: Silvally\n|-boost|p2a: Silvally|atk|2\n|move|p1a: Jellicent|Scald|p2a: Silvally\n|-resisted|p2a: Silvally\n|-damage|p2a: Silvally|260\/297\n|-status|p2a: Silvally|brn\n|\n|-damage|p2a: Silvally|242\/297 brn|[from] brn\n|upkeep\n|turn|2\n|inactive|SKRIEGZREX has 120 seconds left.\n|\n|t:|1620524027\n|switch|p1a: Slurpuff|Slurpuff, L80, F|262\/262\n|move|p2a: Silvally|Multi-Attack|p1a: Slurpuff\n|-immune|p1a: Slurpuff\n|\n|-damage|p2a: Silvally|224\/297 brn|[from] brn\n|upkeep\n|turn|3\n|\n|t:|1620524050\n|switch|p1a: Jellicent|Jellicent, L84, M|305\/305\n|move|p2a: Silvally|Iron Head|p1a: Jellicent\n|-resisted|p1a: Jellicent\n|-damage|p1a: Jellicent|274\/305\n|\n|-heal|p1a: Jellicent|293\/305|[from] item: Leftovers\n|-damage|p2a: Silvally|206\/297 brn|[from] brn\n|upkeep\n|turn|4\n|\n|t:|1620524062\n|move|p2a: Silvally|Multi-Attack|p1a: Jellicent\n|-damage|p1a: Jellicent|152\/305\n|move|p1a: Jellicent|Shadow Ball|p2a: Silvally\n|-damage|p2a: Silvally|131\/297 brn\n|\n|-heal|p1a: Jellicent|171\/305|[from] item: Leftovers\n|-damage|p2a: Silvally|113\/297 brn|[from] brn\n|upkeep\n|turn|5\n|\n|t:|1620524070\n|move|p2a: Silvally|Multi-Attack|p1a: Jellicent\n|-damage|p1a: Jellicent|36\/305\n|move|p1a: Jellicent|Recover|p1a: Jellicent\n|-heal|p1a: Jellicent|189\/305\n|\n|-heal|p1a: Jellicent|208\/305|[from] item: Leftovers\n|-damage|p2a: Silvally|95\/297 brn|[from] brn\n|upkeep\n|turn|6\n|\n|t:|1620524075\n|move|p2a: Silvally|Swords Dance|p2a: Silvally\n|-boost|p2a: Silvally|atk|2\n|move|p1a: Jellicent|Recover|p1a: Jellicent\n|-heal|p1a: Jellicent|305\/305\n|\n|-damage|p2a: Silvally|77\/297 brn|[from] brn\n|upkeep\n|turn|7\n|inactive|SKRIEGZREX has 120 seconds left.\n|\n|t:|1620524097\n|move|p2a: Silvally|Multi-Attack|p1a: Jellicent\n|-damage|p1a: Jellicent|85\/305\n|move|p1a: Jellicent|Recover|p1a: Jellicent\n|-heal|p1a: Jellicent|238\/305\n|\n|-heal|p1a: Jellicent|257\/305|[from] item: Leftovers\n|-damage|p2a: Silvally|59\/297 brn|[from] brn\n|upkeep\n|turn|8\n|\n|t:|1620524104\n|switch|p1a: Slurpuff|Slurpuff, L80, F|262\/262\n|move|p2a: Silvally|Multi-Attack|p1a: Slurpuff\n|-immune|p1a: Slurpuff\n|\n|-damage|p2a: Silvally|41\/297 brn|[from] brn\n|upkeep\n|turn|9\n|inactive|SKRIEGZREX has 120 seconds left.\n|\n|t:|1620524115\n|switch|p1a: Palossand|Palossand, L86, F|286\/286\n|move|p2a: Silvally|Iron Head|p1a: Palossand\n|-damage|p1a: Palossand|222\/286\n|\n|-heal|p1a: Palossand|239\/286|[from] item: Leftovers\n|-damage|p2a: Silvally|23\/297 brn|[from] brn\n|upkeep\n|turn|10\n|inactive|SKRIEGZREX has 120 seconds left.\n|\n|t:|1620524122\n|switch|p1a: Slurpuff|Slurpuff, L80, F|262\/262\n|move|p2a: Silvally|Iron Head|p1a: Slurpuff\n|-supereffective|p1a: Slurpuff\n|-damage|p1a: Slurpuff|98\/262\n|-enditem|p1a: Slurpuff|Sitrus Berry|[eat]\n|-heal|p1a: Slurpuff|163\/262|[from] item: Sitrus Berry\n|\n|-damage|p2a: Silvally|5\/297 brn|[from] brn\n|upkeep\n|turn|11\n|inactive|SKRIEGZREX has 120 seconds left.\n|\n|t:|1620524134\n|move|p1a: Slurpuff|Drain Punch|p2a: Silvally\n|-damage|p2a: Silvally|0 fnt\n|-heal|p1a: Slurpuff|166\/262|[from] drain|[of] p2a: Silvally\n|faint|p2a: Silvally\n|\n|upkeep\n|\n|t:|1620524151\n|switch|p2a: Raichu|Raichu-Alola, L84, M|238\/238\n|turn|12\n|\n|t:|1620524164\n|move|p1a: Slurpuff|Play Rough|p2a: Raichu\n|-damage|p2a: Raichu|123\/238\n|-unboost|p2a: Raichu|atk|1\n|move|p2a: Raichu|Psyshock|p1a: Slurpuff\n|-damage|p1a: Slurpuff|28\/262\n|\n|upkeep\n|turn|13\n|\n|t:|1620524175\n|move|p1a: Slurpuff|Facade|p2a: Raichu\n|-damage|p2a: Raichu|61\/238\n|move|p2a: Raichu|Psyshock|p1a: Slurpuff\n|-damage|p1a: Slurpuff|0 fnt\n|faint|p1a: Slurpuff\n|\n|upkeep\n|inactive|SKRIEGZREX has 120 seconds left.\n|\n|t:|1620524197\n|switch|p1a: Rotom|Rotom-Wash, L82|216\/216\n|turn|14\n|inactive|SKRIEGZREX has 120 seconds left.\n|\n|t:|1620524204\n|move|p1a: Rotom|Hydro Pump|p2a: Raichu\n|-damage|p2a: Raichu|0 fnt\n|faint|p2a: Raichu\n|\n|upkeep\n|\n|t:|1620524214\n|switch|p2a: Naganadel|Naganadel, L74|230\/230\n|turn|15\n|\n|t:|1620524228\n|switch|p1a: Palossand|Palossand, L86, F|239\/286\n|move|p2a: Naganadel|Nasty Plot|p2a: Naganadel\n|-boost|p2a: Naganadel|spa|2\n|\n|-heal|p1a: Palossand|256\/286|[from] item: Leftovers\n|upkeep\n|turn|16\n|\n|t:|1620524238\n|move|p2a: Naganadel|Draco Meteor|p1a: Palossand\n|-damage|p1a: Palossand|0 fnt\n|-unboost|p2a: Naganadel|spa|2\n|faint|p1a: Palossand\n|-ability|p2a: Naganadel|Beast Boost|boost\n|-boost|p2a: Naganadel|spa|1\n|-damage|p2a: Naganadel|207\/230|[from] item: Life Orb\n|\n|upkeep\n|inactive|SKRIEGZREX has 120 seconds left.\n|\n|t:|1620524258\n|switch|p1a: Tapu Koko|Tapu Koko, L78|237\/237\n|-fieldstart|move: Electric Terrain|[from] ability: Electric Surge|[of] p1a: Tapu Koko\n|turn|17\n|inactive|SKRIEGZREX has 120 seconds left.\n|\n|t:|1620524269\n|move|p1a: Tapu Koko|Volt Switch|p2a: Naganadel\n|-resisted|p2a: Naganadel\n|-damage|p2a: Naganadel|133\/230\n|\n|t:|1620524273\n|switch|p1a: Jellicent|Jellicent, L84, M|257\/305\n|move|p2a: Naganadel|Sludge Wave|p1a: Jellicent\n|-resisted|p1a: Jellicent\n|-damage|p1a: Jellicent|174\/305\n|-damage|p2a: Naganadel|110\/230|[from] item: Life Orb\n|\n|-heal|p1a: Jellicent|193\/305|[from] item: Leftovers\n|upkeep\n|turn|18\n|\n|t:|1620524282\n|move|p2a: Naganadel|Draco Meteor|p1a: Jellicent\n|-damage|p1a: Jellicent|0 fnt\n|-unboost|p2a: Naganadel|spa|2\n|faint|p1a: Jellicent\n|-ability|p2a: Naganadel|Beast Boost|boost\n|-boost|p2a: Naganadel|spa|1\n|-damage|p2a: Naganadel|87\/230|[from] item: Life Orb\n|\n|upkeep\n|inactive|SKRIEGZREX has 120 seconds left.\n|\n|t:|1620524303\n|switch|p1a: Tapu Koko|Tapu Koko, L78|237\/237\n|turn|19\n|\n|t:|1620524308\n|move|p1a: Tapu Koko|Dazzling Gleam|p2a: Naganadel\n|-damage|p2a: Naganadel|0 fnt\n|faint|p2a: Naganadel\n|\n|upkeep\n|\n|t:|1620524315\n|switch|p2a: Blissey|Blissey, L83, F|559\/559\n|turn|20\n|\n|t:|1620524320\n|switch|p1a: Rotom|Rotom-Wash, L82|216\/216\n|move|p2a: Blissey|Toxic|p1a: Rotom\n|-status|p1a: Rotom|tox\n|\n|-damage|p1a: Rotom|203\/216 tox|[from] psn\n|upkeep\n|turn|21\n|\n|t:|1620524327\n|move|p1a: Rotom|Trick|p2a: Blissey\n|-activate|p1a: Rotom|move: Trick|[of] p2a: Blissey\n|-item|p2a: Blissey|Choice Scarf|[from] move: Trick\n|-item|p1a: Rotom|Leftovers|[from] move: Trick\n|move|p2a: Blissey|Seismic Toss|p1a: Rotom\n|-damage|p1a: Rotom|120\/216 tox\n|\n|-heal|p1a: Rotom|133\/216 tox|[from] item: Leftovers\n|-damage|p1a: Rotom|107\/216 tox|[from] psn\n|-fieldend|move: Electric Terrain\n|upkeep\n|turn|22\n|\n|t:|1620524343\n|switch|p1a: Latios|Latios, L78, M|253\/253\n|move|p2a: Blissey|Seismic Toss|p1a: Latios\n|-damage|p1a: Latios|170\/253\n|\n|upkeep\n|turn|23\n|\n|t:|1620524350\n|switch|p2a: Mamoswine|Mamoswine, L80, M|307\/307\n|move|p1a: Latios|Calm Mind|p1a: Latios\n|-boost|p1a: Latios|spa|1\n|-boost|p1a: Latios|spd|1\n|\n|upkeep\n|turn|24\n|\n|t:|1620524379\n|switch|p1a: Rotom|Rotom-Wash, L82|107\/216 tox\n|-start|p2a: Mamoswine|Dynamax\n|-heal|p2a: Mamoswine|614\/614|[silent]\n|move|p2a: Mamoswine|Max Hailstorm|p1a: Rotom\n|-resisted|p1a: Rotom\n|-damage|p1a: Rotom|38\/216 tox\n|-weather|Hail\n|\n|-weather|Hail|[upkeep]\n|-damage|p1a: Rotom|25\/216 tox|[from] Hail\n|-heal|p1a: Rotom|38\/216 tox|[from] item: Leftovers\n|-damage|p1a: Rotom|25\/216 tox|[from] psn\n|upkeep\n|turn|25\n|\n|t:|1620524393\n|move|p1a: Rotom|Hydro Pump|p2a: Mamoswine\n|-supereffective|p2a: Mamoswine\n|-damage|p2a: Mamoswine|276\/614\n|move|p2a: Mamoswine|Max Knuckle|p1a: Rotom\n|-damage|p1a: Rotom|0 fnt\n|-boost|p2a: Mamoswine|atk|1\n|faint|p1a: Rotom\n|\n|-weather|Hail|[upkeep]\n|upkeep\n|inactive|SKRIEGZREX has 120 seconds left.\n|\n|t:|1620524408\n|switch|p1a: Tapu Koko|Tapu Koko, L78|237\/237\n|-fieldstart|move: Electric Terrain|[from] ability: Electric Surge|[of] p1a: Tapu Koko\n|turn|26\n|inactive|SKRIEGZREX has 120 seconds left.\n|\n|t:|1620524417\n|-start|p1a: Tapu Koko|Dynamax\n|-heal|p1a: Tapu Koko|474\/474|[silent]\n|move|p1a: Tapu Koko|Max Overgrowth|p2a: Mamoswine\n|-supereffective|p2a: Mamoswine\n|-damage|p2a: Mamoswine|40\/614\n|-fieldstart|move: Grassy Terrain\n|move|p2a: Mamoswine|Max Hailstorm|p1a: Tapu Koko\n|-damage|p1a: Tapu Koko|191\/474\n|\n|-weather|Hail|[upkeep]\n|-damage|p1a: Tapu Koko|177\/474|[from] Hail\n|-heal|p1a: Tapu Koko|191\/474|[from] Grassy Terrain\n|-heal|p2a: Mamoswine|59\/614|[from] Grassy Terrain\n|-end|p2a: Mamoswine|Dynamax\n|-heal|p2a: Mamoswine|30\/307|[silent]\n|upkeep\n|turn|27\n|inactive|SKRIEGZREX has 120 seconds left.\n|\n|t:|1620524449\n|move|p1a: Tapu Koko|Max Starfall|p2a: Mamoswine\n|-damage|p2a: Mamoswine|0 fnt\n|-fieldstart|move: Misty Terrain\n|faint|p2a: Mamoswine\n|\n|-weather|Hail|[upkeep]\n|-damage|p1a: Tapu Koko|177\/474|[from] Hail\n|upkeep\n|\n|t:|1620524453\n|switch|p2a: Blaziken|Blaziken, L76, M|247\/247\n|turn|28\n|\n|t:|1620524462\n|move|p1a: Tapu Koko|Max Starfall|p2a: Blaziken\n|-damage|p2a: Blaziken|88\/247\n|move|p2a: Blaziken|Swords Dance|p2a: Blaziken\n|-boost|p2a: Blaziken|atk|2\n|\n|-weather|none\n|-ability|p2a: Blaziken|Speed Boost|boost\n|-boost|p2a: Blaziken|spe|1\n|-end|p1a: Tapu Koko|Dynamax\n|-heal|p1a: Tapu Koko|89\/237|[silent]\n|upkeep\n|turn|29\n|\n|t:|1620524470\n|move|p2a: Blaziken|Flare Blitz|p1a: Tapu Koko\n|-damage|p1a: Tapu Koko|0 fnt\n|faint|p1a: Tapu Koko\n|-damage|p2a: Blaziken|59\/247|[from] Recoil\n|-damage|p2a: Blaziken|35\/247|[from] item: Life Orb\n|\n|-ability|p2a: Blaziken|Speed Boost|boost\n|-boost|p2a: Blaziken|spe|1\n|upkeep\n|\n|t:|1620524472\n|switch|p1a: Latios|Latios, L78, M|170\/253\n|turn|30\n|\n|t:|1620524478\n|move|p2a: Blaziken|Knock Off|p1a: Latios\n|-supereffective|p1a: Latios\n|-damage|p1a: Latios|0 fnt\n|-enditem|p1a: Latios|Soul Dew|[from] move: Knock Off|[of] p2a: Blaziken\n|faint|p1a: Latios\n|\n|win|Free Wifi Hotspot\n|-damage|p2a: Blaziken|11\/247|[from] item: Life Orb\n|raw|SKRIEGZREX's rating: 1444 &rarr; <strong>1421<\/strong><br \/>(-23 for losing)\n|raw|Free Wifi Hotspot's rating: 1399 &rarr; <strong>1422<\/strong><br \/>(+23 for winning)\n|l|\u2606SKRIEGZREX\n","inputlog":">version 30c461bfdce0f92e8ea495b7691a794ace91d26d\n>start {\"formatid\":\"gen8randombattle\",\"seed\":[32658,54397,27733,47181],\"rated\":\"Rated battle\"}\n>player p1 {\"name\":\"SKRIEGZREX\",\"avatar\":\"palmer\",\"rating\":1444,\"seed\":[16543,9903,32775,49003]}\n>player p2 {\"name\":\"Free Wifi Hotspot\",\"avatar\":\"emmet\",\"rating\":1399,\"seed\":[3013,29641,51650,44391]}\n>chat \u2606SKRIEGZREX|Glhf\n>p1 move scald\n>p2 move swordsdance\n>p1 switch 2\n>p2 move multiattack\n>p1 switch 2\n>p2 move ironhead\n>p1 move shadowball\n>p2 move multiattack\n>p1 move recover\n>p2 move multiattack\n>p1 move recover\n>p2 move swordsdance\n>p1 move recover\n>p2 move multiattack\n>p1 switch 2\n>p2 move multiattack\n>p1 switch 5\n>p2 move ironhead\n>p1 switch 5\n>p2 move ironhead\n>p1 move drainpunch\n>p2 move ironhead\n>p2 switch 6\n>p1 move playrough\n>p2 move psyshock\n>p1 move facade\n>p2 move psyshock\n>p1 switch 4\n>p1 move hydropump\n>p2 move psyshock\n>p2 switch 4\n>p1 switch 5\n>p2 move nastyplot\n>p1 move earthpower\n>p2 move dracometeor\n>p1 switch 6\n>p1 move voltswitch\n>p2 move sludgewave\n>p1 switch 2\n>p1 move recover\n>p2 move dracometeor\n>p1 switch 2\n>p1 move dazzlinggleam\n>p2 move sludgewave\n>p2 switch 5\n>p1 switch 5\n>p2 move toxic\n>p1 move trick\n>p2 move seismictoss\n>p1 switch 3\n>p2 move seismictoss\n>p1 move calmmind\n>p2 switch 3\n>p1 switch 3\n>p2 move iciclecrash dynamax\n>p1 move hydropump\n>p2 move superpower dynamax\n>p1 switch 5\n>p1 move grassknot dynamax\n>p2 move iciclecrash dynamax\n>p1 move dazzlinggleam dynamax\n>p2 move earthquake\n>p2 switch 2\n>p1 move dazzlinggleam dynamax\n>p2 move swordsdance\n>p1 move dazzlinggleam\n>p2 move flareblitz\n>p1 switch 3\n>p1 move roost\n>p2 move knockoff","uploadtime":1620524481,"views":6,"p1id":"skriegzrex","p2id":"freewifihotspot","formatid":"gen8randombattle","rating":1421,"private":0,"password":null}