{"id":"gen8ou-1443597526","p1":"Mataubio","p2":"Infernoss","format":"gen8ou","log":"|j|\u2606Mataubio\n|j|\u2606Infernoss\n|t:|1635365456\n|gametype|singles\n|player|p1|Mataubio|170|1624\n|player|p2|Infernoss|chili|1644\n|teamsize|p1|6\n|teamsize|p2|6\n|gen|8\n|tier|[Gen 8] OU\n|rated|\n|rule|Sleep Clause Mod: Limit one foe put to sleep\n|rule|Species Clause: Limit one of each Pok\u00e9mon\n|rule|OHKO Clause: OHKO moves are banned\n|rule|Evasion Moves Clause: Evasion moves are banned\n|rule|Endless Battle Clause: Forcing endless battles is banned\n|rule|HP Percentage Mod: HP is shown in percentages\n|rule|Dynamax Clause: You cannot dynamax\n|clearpoke\n|poke|p1|Zapdos-Galar|\n|poke|p1|Slowking, M|\n|poke|p1|Ferrothorn, F|\n|poke|p1|Weavile, M|\n|poke|p1|Landorus-Therian, M|\n|poke|p1|Regieleki|\n|poke|p2|Slowbro, F|\n|poke|p2|Hatterene, F|\n|poke|p2|Marowak-Alola, M|\n|poke|p2|Ferrothorn, F|\n|poke|p2|Garchomp, M|\n|poke|p2|Drampa, F|\n|teampreview\n|j| DA COME UP\n|\n|t:|1635365486\n|start\n|switch|p1a: Landorus|Landorus-Therian, M|100\/100\n|switch|p2a: Sonso|Slowbro, F|100\/100\n|-ability|p1a: Landorus|Intimidate|boost\n|-unboost|p2a: Sonso|atk|1\n|turn|1\n|\n|t:|1635365491\n|move|p1a: Landorus|Stealth Rock|p2a: Sonso\n|-sidestart|p2: Infernoss|move: Stealth Rock\n|move|p2a: Sonso|Scald|p1a: Landorus\n|-supereffective|p1a: Landorus\n|-damage|p1a: Landorus|56\/100\n|\n|-heal|p1a: Landorus|62\/100|[from] item: Leftovers\n|upkeep\n|turn|2\n|\n|t:|1635365498\n|move|p1a: Landorus|U-turn|p2a: Sonso\n|-supereffective|p2a: Sonso\n|-damage|p2a: Sonso|74\/100\n|\n|t:|1635365502\n|switch|p1a: Ferrothorn|Ferrothorn, F|100\/100|[from]move: U-turn\n|move|p2a: Sonso|Scald|p1a: Ferrothorn\n|-resisted|p1a: Ferrothorn\n|-damage|p1a: Ferrothorn|89\/100\n|\n|-heal|p1a: Ferrothorn|95\/100|[from] item: Leftovers\n|upkeep\n|turn|3\n|\n|t:|1635365510\n|switch|p2a: Hatterene|Hatterene, F|100\/100\n|-damage|p2a: Hatterene|88\/100|[from] Stealth Rock\n|move|p1a: Ferrothorn|Knock Off|p2a: Hatterene\n|-damage|p2a: Hatterene|62\/100\n|-enditem|p2a: Hatterene|Kasib Berry|[from] move: Knock Off|[of] p1a: Ferrothorn\n|\n|-heal|p1a: Ferrothorn|100\/100|[from] item: Leftovers\n|upkeep\n|turn|4\n|\n|t:|1635365519\n|move|p1a: Ferrothorn|Power Whip|p2a: Hatterene\n|-damage|p2a: Hatterene|15\/100\n|move|p2a: Hatterene|Mystical Fire|p1a: Ferrothorn\n|-supereffective|p1a: Ferrothorn\n|-damage|p1a: Ferrothorn|20\/100\n|-unboost|p1a: Ferrothorn|spa|1\n|\n|-heal|p1a: Ferrothorn|26\/100|[from] item: Leftovers\n|upkeep\n|turn|5\n|\n|t:|1635365528\n|switch|p2a: Thorns|Ferrothorn, F|100\/100\n|-damage|p2a: Thorns|94\/100|[from] Stealth Rock\n|switch|p1a: Slowking|Slowking, M|100\/100\n|\n|-heal|p2a: Thorns|100\/100|[from] item: Leftovers\n|upkeep\n|turn|6\n|\n|t:|1635365539\n|switch|p1a: Zapdos|Zapdos-Galar|100\/100\n|move|p2a: Thorns|Stealth Rock|p1a: Zapdos\n|-sidestart|p1: Mataubio|move: Stealth Rock\n|\n|upkeep\n|turn|7\n|\n|t:|1635365550\n|move|p1a: Zapdos|U-turn|p2a: Thorns\n|-damage|p2a: Thorns|74\/100\n|-damage|p1a: Zapdos|88\/100|[from] ability: Iron Barbs|[of] p2a: Thorns\n|\n|t:|1635365559\n|switch|p1a: Ferrothorn|Ferrothorn, F|26\/100|[from]move: U-turn\n|-damage|p1a: Ferrothorn|20\/100|[from] Stealth Rock\n|move|p2a: Thorns|Gyro Ball|p1a: Ferrothorn\n|-resisted|p1a: Ferrothorn\n|-damage|p1a: Ferrothorn|15\/100\n|-damage|p2a: Thorns|61\/100|[from] ability: Iron Barbs|[of] p1a: Ferrothorn\n|\n|-heal|p1a: Ferrothorn|21\/100|[from] item: Leftovers\n|-heal|p2a: Thorns|67\/100|[from] item: Leftovers\n|upkeep\n|turn|8\n|\n|t:|1635365570\n|switch|p2a: Sonso|Slowbro, F|100\/100\n|-damage|p2a: Sonso|88\/100|[from] Stealth Rock\n|move|p1a: Ferrothorn|Knock Off|p2a: Sonso\n|-supereffective|p2a: Sonso\n|-enditem|p2a: Sonso|Colbur Berry|[eat]\n|-enditem|p2a: Sonso|Colbur Berry|[weaken]\n|-damage|p2a: Sonso|75\/100\n|\n|-heal|p1a: Ferrothorn|27\/100|[from] item: Leftovers\n|upkeep\n|turn|9\n|\n|t:|1635365581\n|switch|p2a: Hatterene|Hatterene, F|15\/100\n|-damage|p2a: Hatterene|3\/100|[from] Stealth Rock\n|move|p1a: Ferrothorn|Spikes|p2a: Hatterene\n|move|p2a: Hatterene|Spikes|p1a: Ferrothorn|[from]ability: Magic Bounce\n|-sidestart|p1: Mataubio|Spikes\n|\n|-heal|p1a: Ferrothorn|33\/100|[from] item: Leftovers\n|upkeep\n|turn|10\n|\n|t:|1635365592\n|switch|p1a: Slowking|Slowking, M|100\/100\n|switch|p2a: Sonso|Slowbro, F|100\/100\n|-damage|p2a: Sonso|88\/100|[from] Stealth Rock\n|\n|upkeep\n|turn|11\n|\n|t:|1635365600\n|move|p1a: Slowking|Future Sight|p2a: Sonso\n|-start|p1a: Slowking|move: Future Sight\n|move|p2a: Sonso|Trick Room|p2a: Sonso\n|-fieldstart|move: Trick Room|[of] p2a: Sonso\n|\n|upkeep\n|turn|12\n|\n|t:|1635365607\n|switch|p2a: Falko|Drampa, F|100\/100\n|-damage|p2a: Falko|88\/100|[from] Stealth Rock\n|move|p1a: Slowking|Teleport|p1a: Slowking\n|\n|t:|1635365631\n|switch|p1a: Weavile|Weavile, M|100\/100|[from]move: Teleport\n|-ability|p1a: Weavile|Pressure\n|\n|upkeep\n|turn|13\n|\n|t:|1635365638\n|move|p1a: Weavile|Ice Shard|p2a: Falko\n|-supereffective|p2a: Falko\n|-damage|p2a: Falko|48\/100\n|-ability|p2a: Falko|Berserk|boost\n|-boost|p2a: Falko|spa|1\n|move|p2a: Falko|Focus Blast|p1a: Weavile|[miss]\n|-miss|p2a: Falko|p1a: Weavile\n|\n|-end|p2a: Falko|move: Future Sight\n|-damage|p2a: Falko|3\/100\n|upkeep\n|turn|14\n|c|\u2606Infernoss|......\n|\n|t:|1635365658\n|switch|p2a: Sonso|Slowbro, F|100\/100\n|-damage|p2a: Sonso|88\/100|[from] Stealth Rock\n|move|p1a: Weavile|Ice Shard|p2a: Sonso\n|-resisted|p2a: Sonso\n|-damage|p2a: Sonso|82\/100\n|\n|upkeep\n|turn|15\n|\n|t:|1635365667\n|switch|p1a: Slowking|Slowking, M|100\/100\n|move|p2a: Sonso|Body Press|p1a: Slowking\n|-resisted|p1a: Slowking\n|-damage|p1a: Slowking|87\/100\n|\n|-fieldend|move: Trick Room\n|upkeep\n|turn|16\n|\n|t:|1635365674\n|move|p2a: Sonso|Scald|p1a: Slowking\n|-resisted|p1a: Slowking\n|-damage|p1a: Slowking|78\/100\n|move|p1a: Slowking|Future Sight|p2a: Sonso\n|-start|p1a: Slowking|move: Future Sight\n|\n|upkeep\n|turn|17\n|\n|t:|1635365680\n|move|p2a: Sonso|Scald|p1a: Slowking\n|-resisted|p1a: Slowking\n|-damage|p1a: Slowking|70\/100\n|move|p1a: Slowking|Teleport|p1a: Slowking\n|inactive|Battle timer is ON: inactive players will automatically lose when time's up. (requested by Infernoss)\n|\n|t:|1635365700\n|switch|p1a: Ferrothorn|Ferrothorn, F|33\/100|[from]move: Teleport\n|-damage|p1a: Ferrothorn|27\/100|[from] Stealth Rock\n|-damage|p1a: Ferrothorn|15\/100|[from] Spikes\n|\n|-heal|p1a: Ferrothorn|21\/100|[from] item: Leftovers\n|upkeep\n|turn|18\n|\n|t:|1635365707\n|move|p1a: Ferrothorn|Spikes|p2a: Sonso\n|-sidestart|p2: Infernoss|Spikes\n|move|p2a: Sonso|Body Press|p1a: Ferrothorn\n|-supereffective|p1a: Ferrothorn\n|-damage|p1a: Ferrothorn|0 fnt\n|-damage|p2a: Sonso|70\/100|[from] ability: Iron Barbs|[of] p1a: Ferrothorn\n|faint|p1a: Ferrothorn\n|\n|-end|p2a: Sonso|move: Future Sight\n|-resisted|p2a: Sonso\n|-damage|p2a: Sonso|47\/100\n|upkeep\n|\n|t:|1635365728\n|switch|p1a: Regieleki|Regieleki|100\/100\n|turn|19\n|\n|t:|1635365733\n|switch|p2a: Falko|Drampa, F|3\/100\n|-damage|p2a: Falko|0 fnt|[from] Stealth Rock\n|faint|p2a: Falko\n|move|p1a: Regieleki|Ancient Power|p2: Falko|[notarget]\n|-fail|p1a: Regieleki\n|\n|upkeep\n|\n|t:|1635365740\n|switch|p2a: Sharpo|Garchomp, M|100\/100\n|-damage|p2a: Sharpo|88\/100|[from] Spikes\n|-damage|p2a: Sharpo|82\/100|[from] Stealth Rock\n|turn|20\n|\n|t:|1635365747\n|switch|p1a: Slowking|Slowking, M|100\/100\n|move|p2a: Sharpo|Swords Dance|p2a: Sharpo\n|-boost|p2a: Sharpo|atk|2\n|\n|-heal|p2a: Sharpo|88\/100|[from] item: Leftovers\n|upkeep\n|turn|21\n|\n|t:|1635365754\n|move|p2a: Sharpo|Scale Shot|p1a: Slowking\n|-damage|p1a: Slowking|74\/100\n|-damage|p1a: Slowking|47\/100\n|-damage|p1a: Slowking|22\/100\n|-damage|p1a: Slowking|0 fnt\n|faint|p1a: Slowking\n|-hitcount|p1: Slowking|4\n|-unboost|p2a: Sharpo|def|1\n|-boost|p2a: Sharpo|spe|1\n|\n|-heal|p2a: Sharpo|94\/100|[from] item: Leftovers\n|upkeep\n|\n|t:|1635365761\n|switch|p1a: Weavile|Weavile, M|100\/100\n|-ability|p1a: Weavile|Pressure\n|turn|22\n|\n|t:|1635365768\n|switch|p2a: Sonso|Slowbro, F|80\/100\n|-damage|p2a: Sonso|68\/100|[from] Spikes\n|-damage|p2a: Sonso|56\/100|[from] Stealth Rock\n|move|p1a: Weavile|Ice Shard|p2a: Sonso\n|-resisted|p2a: Sonso\n|-damage|p2a: Sonso|50\/100\n|\n|upkeep\n|turn|23\n|\n|t:|1635365790\n|switch|p1a: Zapdos|Zapdos-Galar|88\/100\n|-damage|p1a: Zapdos|76\/100|[from] Stealth Rock\n|move|p2a: Sonso|Body Press|p1a: Zapdos\n|-resisted|p1a: Zapdos\n|-damage|p1a: Zapdos|60\/100\n|\n|upkeep\n|turn|24\n|\n|t:|1635365800\n|move|p1a: Zapdos|U-turn|p2a: Sonso\n|-supereffective|p2a: Sonso\n|-damage|p2a: Sonso|7\/100\n|\n|t:|1635365809\n|switch|p1a: Regieleki|Regieleki|100\/100|[from]move: U-turn\n|move|p2a: Sonso|Trick Room|p2a: Sonso\n|-fieldstart|move: Trick Room|[of] p2a: Sonso\n|\n|upkeep\n|turn|25\n|\n|t:|1635365823\n|switch|p2a: Hatterene|Hatterene, F|3\/100\n|-damage|p2a: Hatterene|0 fnt|[from] Spikes\n|faint|p2a: Hatterene\n|move|p1a: Regieleki|Rapid Spin|p2: Hatterene|[notarget]\n|-fail|p1a: Regieleki\n|\n|upkeep\n|\n|t:|1635365831\n|switch|p2a: Billy B.|Marowak-Alola, M|100\/100\n|-damage|p2a: Billy B.|88\/100|[from] Spikes\n|-damage|p2a: Billy B.|63\/100|[from] Stealth Rock\n|turn|26\n|j| wooloomax\n|\n|t:|1635365852\n|switch|p1a: Landorus|Landorus-Therian, M|62\/100\n|-damage|p1a: Landorus|50\/100|[from] Stealth Rock\n|-ability|p1a: Landorus|Intimidate|boost\n|-unboost|p2a: Billy B.|atk|1\n|move|p2a: Billy B.|Flare Blitz|p1a: Landorus\n|-damage|p1a: Landorus|0 fnt\n|faint|p1a: Landorus\n|\n|upkeep\n|\n|t:|1635365866\n|switch|p1a: Zapdos|Zapdos-Galar|60\/100\n|-damage|p1a: Zapdos|48\/100|[from] Stealth Rock\n|turn|27\n|\n|t:|1635365874\n|move|p2a: Billy B.|Flare Blitz|p1a: Zapdos\n|-damage|p1a: Zapdos|0 fnt\n|faint|p1a: Zapdos\n|\n|upkeep\n|\n|t:|1635365877\n|switch|p1a: Regieleki|Regieleki|100\/100\n|turn|28\n|\n|t:|1635365881\n|move|p2a: Billy B.|Flare Blitz|p1a: Regieleki\n|-damage|p1a: Regieleki|0 fnt\n|faint|p1a: Regieleki\n|\n|-fieldend|move: Trick Room\n|upkeep\n|\n|t:|1635365884\n|switch|p1a: Weavile|Weavile, M|100\/100\n|-ability|p1a: Weavile|Pressure\n|turn|29\n|\n|t:|1635365889\n|move|p1a: Weavile|Knock Off|p2a: Billy B.\n|-supereffective|p2a: Billy B.\n|-damage|p2a: Billy B.|0 fnt\n|-enditem|p2a: Billy B.|Thick Club|[from] move: Knock Off|[of] p1a: Weavile\n|faint|p2a: Billy B.\n|\n|upkeep\n|\n|t:|1635365897\n|switch|p2a: Thorns|Ferrothorn, F|67\/100\n|-damage|p2a: Thorns|61\/100|[from] Stealth Rock\n|-damage|p2a: Thorns|49\/100|[from] Spikes\n|turn|30\n|\n|t:|1635365908\n|move|p1a: Weavile|Triple Axel|p2a: Thorns\n|-damage|p2a: Thorns|41\/100\n|-damage|p1a: Weavile|88\/100|[from] ability: Iron Barbs|[of] p2a: Thorns\n|-damage|p2a: Thorns|26\/100\n|-damage|p1a: Weavile|76\/100|[from] ability: Iron Barbs|[of] p2a: Thorns\n|-damage|p2a: Thorns|4\/100\n|-damage|p1a: Weavile|63\/100|[from] ability: Iron Barbs|[of] p2a: Thorns\n|-hitcount|p2a: Thorns|3\n|move|p2a: Thorns|Gyro Ball|p1a: Weavile\n|-supereffective|p1a: Weavile\n|-damage|p1a: Weavile|0 fnt\n|faint|p1a: Weavile\n|\n|win|Infernoss\n|raw|Mataubio's rating: 1624 &rarr; <strong>1605<\/strong><br \/>(-19 for losing)\n|raw|Infernoss's rating: 1644 &rarr; <strong>1663<\/strong><br \/>(+19 for winning)\n|l|\u2606Mataubio\n|l| wooloomax\n||Ladder isn't responding, score probably updated but might not have (Request timeout).\n","uploadtime":1635365928,"views":29,"p1id":"mataubio","p2id":"infernoss","formatid":"gen8ou","rating":1605,"private":0,"password":null}