{"id":"gen8ou-1287852037","p1":"Kazt_5","p2":"WhalesAreAwesome!","format":"gen8ou","log":"|j|\u2606Kazt_5\n|j|\u2606WhalesAreAwesome!\n|inactive|Battle timer is ON: inactive players will automatically lose when time's up.\n|t:|1614043172\n|player|p1|Kazt_5|dawn|\n|player|p2|WhalesAreAwesome!|hiker|\n|teamsize|p1|6\n|teamsize|p2|6\n|gametype|singles\n|gen|8\n|tier|[Gen 8] OU\n|rated|Tournament battle\n|clearpoke\n|poke|p1|Dragapult, F|\n|poke|p1|Clefable, M|\n|poke|p1|Moltres-Galar|\n|poke|p1|Heatran, F|\n|poke|p1|Landorus-Therian, M|\n|poke|p1|Rillaboom, M|\n|poke|p2|Excadrill, F|\n|poke|p2|Tyranitar, F|\n|poke|p2|Zapdos-Galar|\n|poke|p2|Aegislash, F|\n|poke|p2|Latios, M|\n|poke|p2|Blissey, F|\n|rule|Sleep Clause Mod: Limit one foe put to sleep\n|rule|Species Clause: Limit one of each Pok\u00e9mon\n|rule|OHKO Clause: OHKO moves are banned\n|rule|Evasion Moves Clause: Evasion moves are banned\n|rule|Endless Battle Clause: Forcing endless battles is banned\n|rule|HP Percentage Mod: HP is shown in percentages\n|rule|Dynamax Clause: You cannot dynamax\n|teampreview\n|j| redblueplays\n|j| Sopmod II\n|j| LoveStallLiveLife\n|c| redblueplays|indeed\n|j| BikeWeekForever\n|c| redblueplays|whalesareawesome\n|j| Nesnot\n|inactive|Kazt_5 has 120 seconds left.\n|j| Kounamii\n|c|\u2606WhalesAreAwesome!|gl\n|\n|t:|1614043213\n|start\n|switch|p1a: Dragapult|Dragapult, F|100\/100\n|switch|p2a: Tyranitar|Tyranitar, F|100\/100\n|-weather|Sandstorm|[from] ability: Sand Stream|[of] p2a: Tyranitar\n|turn|1\n|c|\u2606Kazt_5|Hf\n|\n|t:|1614043221\n|move|p1a: Dragapult|U-turn|p2a: Tyranitar\n|-supereffective|p2a: Tyranitar\n|-damage|p2a: Tyranitar|63\/100\n|\n|t:|1614043225\n|switch|p1a: Landorus|Landorus-Therian, M|100\/100|[from]move: U-turn\n|-ability|p1a: Landorus|Intimidate|boost\n|-unboost|p2a: Tyranitar|atk|1\n|move|p2a: Tyranitar|Crunch|p1a: Landorus\n|-damage|p1a: Landorus|83\/100\n|-unboost|p1a: Landorus|def|1\n|\n|-weather|Sandstorm|[upkeep]\n|-heal|p1a: Landorus|89\/100|[from] item: Leftovers\n|-heal|p2a: Tyranitar|69\/100|[from] item: Leftovers\n|upkeep\n|turn|2\n|\n|t:|1614043230\n|switch|p2a: Zapdos|Zapdos-Galar|100\/100\n|move|p1a: Landorus|Earthquake|p2a: Zapdos\n|-immune|p2a: Zapdos\n|\n|-weather|Sandstorm|[upkeep]\n|-damage|p2a: Zapdos|94\/100|[from] Sandstorm\n|-heal|p1a: Landorus|95\/100|[from] item: Leftovers\n|upkeep\n|turn|3\n|\n|t:|1614043235\n|move|p2a: Zapdos|U-turn|p1a: Landorus\n|-resisted|p1a: Landorus\n|-damage|p1a: Landorus|81\/100\n|\n|t:|1614043239\n|switch|p2a: Aegislash|Aegislash, F|100\/100|[from]move: U-turn\n|move|p1a: Landorus|Knock Off|p2a: Aegislash\n|-supereffective|p2a: Aegislash\n|-damage|p2a: Aegislash|66\/100\n|-enditem|p2a: Aegislash|Leftovers|[from] move: Knock Off|[of] p1a: Landorus\n|\n|-weather|Sandstorm|[upkeep]\n|-heal|p1a: Landorus|87\/100|[from] item: Leftovers\n|upkeep\n|turn|4\n|j| redeba\n|\n|t:|1614043249\n|move|p2a: Aegislash|King's Shield|p2a: Aegislash\n|-singleturn|p2a: Aegislash|Protect\n|move|p1a: Landorus|Earthquake|p2a: Aegislash\n|-activate|p2a: Aegislash|move: Protect\n|\n|-weather|Sandstorm|[upkeep]\n|-heal|p1a: Landorus|93\/100|[from] item: Leftovers\n|upkeep\n|turn|5\n|\n|t:|1614043253\n|switch|p2a: Zapdos|Zapdos-Galar|94\/100\n|move|p1a: Landorus|Earthquake|p2a: Zapdos\n|-immune|p2a: Zapdos\n|\n|-weather|none\n|-heal|p1a: Landorus|99\/100|[from] item: Leftovers\n|upkeep\n|turn|6\n|\n|t:|1614043259\n|switch|p1a: Heatran|Heatran, F|100\/100\n|move|p2a: Zapdos|Brave Bird|p1a: Heatran\n|-resisted|p1a: Heatran\n|-damage|p1a: Heatran|72\/100\n|-damage|p2a: Zapdos|83\/100|[from] Recoil\n|\n|-heal|p1a: Heatran|78\/100|[from] item: Leftovers\n|upkeep\n|turn|7\n|j| AverageJoe326\n|\n|t:|1614043268\n|switch|p2a: Tyranitar|Tyranitar, F|69\/100\n|-weather|Sandstorm|[from] ability: Sand Stream|[of] p2a: Tyranitar\n|move|p1a: Heatran|Stealth Rock|p2a: Tyranitar\n|-sidestart|p2: WhalesAreAwesome!|move: Stealth Rock\n|\n|-weather|Sandstorm|[upkeep]\n|-heal|p1a: Heatran|84\/100|[from] item: Leftovers\n|-heal|p2a: Tyranitar|76\/100|[from] item: Leftovers\n|upkeep\n|turn|8\n|j| ahrmagedon\n|\n|t:|1614043282\n|switch|p1a: Landorus|Landorus-Therian, M|99\/100\n|-ability|p1a: Landorus|Intimidate|boost\n|-unboost|p2a: Tyranitar|atk|1\n|move|p2a: Tyranitar|Stealth Rock|p1a: Landorus\n|-sidestart|p1: Kazt_5|move: Stealth Rock\n|\n|-weather|Sandstorm|[upkeep]\n|-heal|p1a: Landorus|100\/100|[from] item: Leftovers\n|-heal|p2a: Tyranitar|82\/100|[from] item: Leftovers\n|upkeep\n|turn|9\n|\n|t:|1614043291\n|move|p1a: Landorus|U-turn|p2a: Tyranitar\n|-supereffective|p2a: Tyranitar\n|-damage|p2a: Tyranitar|44\/100\n|\n|t:|1614043295\n|switch|p1a: Heatran|Heatran, F|84\/100|[from]move: U-turn\n|-damage|p1a: Heatran|72\/100|[from] Stealth Rock\n|move|p2a: Tyranitar|Crunch|p1a: Heatran\n|-damage|p1a: Heatran|50\/100\n|\n|-weather|Sandstorm|[upkeep]\n|-heal|p1a: Heatran|57\/100|[from] item: Leftovers\n|-heal|p2a: Tyranitar|51\/100|[from] item: Leftovers\n|upkeep\n|turn|10\n|j| kordor\n|\n|t:|1614043306\n|switch|p1a: Clefable|Clefable, M|100\/100\n|switch|p2a: Latios|Latios, M|100\/100\n|-damage|p2a: Latios|88\/100|[from] Stealth Rock\n|\n|-weather|Sandstorm|[upkeep]\n|-damage|p2a: Latios|82\/100|[from] Sandstorm\n|-damage|p1a: Clefable|94\/100|[from] Sandstorm\n|upkeep\n|turn|11\n|l| kordor\n|j| casual trick room\n|\n|t:|1614043315\n|switch|p2a: Excadrill|Excadrill, F|100\/100\n|-damage|p2a: Excadrill|97\/100|[from] Stealth Rock\n|move|p1a: Clefable|Moonblast|p2a: Excadrill\n|-resisted|p2a: Excadrill\n|-damage|p2a: Excadrill|78\/100\n|-unboost|p2a: Excadrill|spa|1\n|\n|-weather|none\n|upkeep\n|turn|12\n|\n|t:|1614043319\n|switch|p1a: Landorus|Landorus-Therian, M|100\/100\n|-damage|p1a: Landorus|88\/100|[from] Stealth Rock\n|-ability|p1a: Landorus|Intimidate|boost\n|-unboost|p2a: Excadrill|atk|1\n|move|p2a: Excadrill|Rapid Spin|p1a: Landorus\n|-damage|p1a: Landorus|76\/100\n|-boost|p2a: Excadrill|spe|1\n|-sideend|p2: WhalesAreAwesome!|Stealth Rock|[from] move: Rapid Spin|[of] p2a: Excadrill\n|-damage|p2a: Excadrill|68\/100|[from] item: Life Orb\n|\n|-heal|p1a: Landorus|82\/100|[from] item: Leftovers\n|upkeep\n|turn|13\n|\n|t:|1614043328\n|switch|p2a: Zapdos|Zapdos-Galar|83\/100\n|move|p1a: Landorus|Defog|p2a: Zapdos\n|-unboost|p2a: Zapdos|evasion|1\n|-ability|p2a: Zapdos|Defiant\n|-boost|p2a: Zapdos|atk|2\n|-sideend|p1: Kazt_5|Stealth Rock|[from] move: Defog|[of] p1a: Landorus\n|\n|-heal|p1a: Landorus|88\/100|[from] item: Leftovers\n|upkeep\n|turn|14\n|j| Da Crew C Pkmn18\n|\n|t:|1614043339\n|move|p2a: Zapdos|Close Combat|p1a: Landorus\n|-resisted|p1a: Landorus\n|-damage|p1a: Landorus|37\/100\n|-unboost|p2a: Zapdos|def|1\n|-unboost|p2a: Zapdos|spd|1\n|move|p1a: Landorus|Knock Off|p2a: Zapdos\n|-resisted|p2a: Zapdos\n|-damage|p2a: Zapdos|58\/100\n|-enditem|p2a: Zapdos|Choice Scarf|[from] move: Knock Off|[of] p1a: Landorus\n|\n|-heal|p1a: Landorus|43\/100|[from] item: Leftovers\n|upkeep\n|turn|15\n|\n|t:|1614043349\n|move|p2a: Zapdos|Close Combat|p1a: Landorus\n|-resisted|p1a: Landorus\n|-damage|p1a: Landorus|0 fnt\n|-unboost|p2a: Zapdos|def|1\n|-unboost|p2a: Zapdos|spd|1\n|faint|p1a: Landorus\n|\n|upkeep\n|\n|t:|1614043357\n|switch|p1a: Dragapult|Dragapult, F|100\/100\n|turn|16\n|j| billy cabrera\n|\n|t:|1614043362\n|move|p1a: Dragapult|Dragon Darts|p2a: Zapdos\n|-damage|p2a: Zapdos|1\/100\n|-anim|p1a: Dragapult|Dragon Darts|p2a: Zapdos\n|-damage|p2a: Zapdos|0 fnt\n|faint|p2a: Zapdos\n|\n|upkeep\n|\n|t:|1614043366\n|switch|p2a: Tyranitar|Tyranitar, F|51\/100\n|-weather|Sandstorm|[from] ability: Sand Stream|[of] p2a: Tyranitar\n|turn|17\n|l| Kounamii\n|\n|t:|1614043373\n|move|p1a: Dragapult|U-turn|p2a: Tyranitar\n|-supereffective|p2a: Tyranitar\n|-damage|p2a: Tyranitar|15\/100\n|\n|t:|1614043378\n|switch|p1a: Heatran|Heatran, F|57\/100|[from]move: U-turn\n|move|p2a: Tyranitar|Stealth Rock|p1a: Heatran\n|-sidestart|p1: Kazt_5|move: Stealth Rock\n|\n|-weather|Sandstorm|[upkeep]\n|-heal|p1a: Heatran|63\/100|[from] item: Leftovers\n|-heal|p2a: Tyranitar|21\/100|[from] item: Leftovers\n|upkeep\n|turn|18\n|\n|t:|1614043382\n|switch|p2a: Blissey|Blissey, F|100\/100\n|move|p1a: Heatran|Earth Power|p2a: Blissey\n|-damage|p2a: Blissey|91\/100\n|\n|-weather|Sandstorm|[upkeep]\n|-damage|p2a: Blissey|85\/100|[from] Sandstorm\n|-heal|p1a: Heatran|69\/100|[from] item: Leftovers\n|upkeep\n|turn|19\n|\n|t:|1614043386\n|move|p1a: Heatran|Stealth Rock|p2a: Blissey\n|-sidestart|p2: WhalesAreAwesome!|move: Stealth Rock\n|move|p2a: Blissey|Wish|p2a: Blissey\n|\n|-weather|Sandstorm|[upkeep]\n|-damage|p2a: Blissey|79\/100|[from] Sandstorm\n|-heal|p1a: Heatran|75\/100|[from] item: Leftovers\n|upkeep\n|turn|20\n|c| redblueplays|spider thing vs. egg\n|\n|t:|1614043395\n|switch|p1a: Rillaboom|Rillaboom, M|100\/100\n|-damage|p1a: Rillaboom|88\/100|[from] Stealth Rock\n|-fieldstart|move: Grassy Terrain|[from] ability: Grassy Surge|[of] p1a: Rillaboom\n|move|p2a: Blissey|Seismic Toss|p1a: Rillaboom\n|-damage|p1a: Rillaboom|60\/100\n|\n|-weather|Sandstorm|[upkeep]\n|-damage|p1a: Rillaboom|54\/100|[from] Sandstorm\n|-damage|p2a: Blissey|73\/100|[from] Sandstorm\n|-heal|p2a: Blissey|100\/100|[from] move: Wish|[wisher] Blissey\n|-heal|p1a: Rillaboom|60\/100|[from] Grassy Terrain\n|upkeep\n|turn|21\n|c| redblueplays|who will win\n|c| redblueplays|monke vs egg\n|\n|t:|1614043405\n|switch|p2a: Latios|Latios, M|82\/100\n|-damage|p2a: Latios|70\/100|[from] Stealth Rock\n|move|p1a: Rillaboom|Drain Punch|p2a: Latios\n|-resisted|p2a: Latios\n|-damage|p2a: Latios|47\/100\n|-heal|p1a: Rillaboom|70\/100|[from] drain|[of] p2a: Latios\n|-damage|p1a: Rillaboom|60\/100|[from] item: Life Orb\n|\n|-weather|none\n|-heal|p1a: Rillaboom|66\/100|[from] Grassy Terrain\n|upkeep\n|turn|22\n|\n|t:|1614043415\n|switch|p1a: Moltres|Moltres-Galar|100\/100\n|-damage|p1a: Moltres|76\/100|[from] Stealth Rock\n|move|p2a: Latios|Recover|p2a: Latios\n|-heal|p2a: Latios|97\/100\n|\n|-heal|p1a: Moltres|82\/100|[from] item: Leftovers\n|upkeep\n|turn|23\n|\n|t:|1614043425\n|switch|p2a: Blissey|Blissey, F|100\/100\n|switch|p1a: Rillaboom|Rillaboom, M|66\/100\n|-damage|p1a: Rillaboom|54\/100|[from] Stealth Rock\n|\n|-heal|p1a: Rillaboom|60\/100|[from] Grassy Terrain\n|upkeep\n|turn|24\n|l| LoveStallLiveLife\n|\n|t:|1614043430\n|move|p1a: Rillaboom|Grassy Glide|p2a: Blissey\n|-damage|p2a: Blissey|39\/100\n|-damage|p1a: Rillaboom|50\/100|[from] item: Life Orb\n|move|p2a: Blissey|Seismic Toss|p1a: Rillaboom\n|-damage|p1a: Rillaboom|22\/100\n|\n|-heal|p1a: Rillaboom|29\/100|[from] Grassy Terrain\n|-heal|p2a: Blissey|45\/100|[from] Grassy Terrain\n|-fieldend|move: Grassy Terrain\n|upkeep\n|turn|25\n|\n|t:|1614043442\n|switch|p2a: Aegislash|Aegislash, F|66\/100\n|-damage|p2a: Aegislash|60\/100|[from] Stealth Rock\n|move|p1a: Rillaboom|Drain Punch|p2a: Aegislash\n|-immune|p2a: Aegislash\n|\n|upkeep\n|turn|26\n|\n|t:|1614043450\n|switch|p1a: Moltres|Moltres-Galar|82\/100\n|-damage|p1a: Moltres|57\/100|[from] Stealth Rock\n|-formechange|p2a: Aegislash|Aegislash-Blade||[from] ability: Stance Change\n|move|p2a: Aegislash|Shadow Ball|p1a: Moltres\n|-resisted|p1a: Moltres\n|-damage|p1a: Moltres|44\/100\n|-ability|p1a: Moltres|Berserk|boost\n|-boost|p1a: Moltres|spa|1\n|\n|-heal|p1a: Moltres|50\/100|[from] item: Leftovers\n|upkeep\n|turn|27\n|\n|t:|1614043469\n|switch|p2a: Tyranitar|Tyranitar, F|21\/100\n|-damage|p2a: Tyranitar|9\/100|[from] Stealth Rock\n|-weather|Sandstorm|[from] ability: Sand Stream|[of] p2a: Tyranitar\n|move|p1a: Moltres|Nasty Plot|p1a: Moltres\n|-boost|p1a: Moltres|spa|2\n|\n|-weather|Sandstorm|[upkeep]\n|-damage|p1a: Moltres|44\/100|[from] Sandstorm\n|-heal|p1a: Moltres|50\/100|[from] item: Leftovers\n|-heal|p2a: Tyranitar|15\/100|[from] item: Leftovers\n|upkeep\n|turn|28\n|\n|t:|1614043473\n|move|p1a: Moltres|Fiery Wrath|p2a: Tyranitar\n|-resisted|p2a: Tyranitar\n|-damage|p2a: Tyranitar|0 fnt\n|faint|p2a: Tyranitar\n|\n|-weather|Sandstorm|[upkeep]\n|-damage|p1a: Moltres|44\/100|[from] Sandstorm\n|-heal|p1a: Moltres|50\/100|[from] item: Leftovers\n|upkeep\n|j| iifreshy\n|\n|t:|1614043480\n|switch|p2a: Excadrill|Excadrill, F|68\/100\n|-damage|p2a: Excadrill|65\/100|[from] Stealth Rock\n|turn|29\n|j| Froozh\n|c|\u2606WhalesAreAwesome!|not looking too good\n|c|\u2606WhalesAreAwesome!|think i screwed up ._.\n|\n|t:|1614043501\n|move|p2a: Excadrill|Iron Head|p1a: Moltres\n|-damage|p1a: Moltres|0 fnt\n|-damage|p2a: Excadrill|55\/100|[from] item: Life Orb\n|faint|p1a: Moltres\n|\n|-weather|Sandstorm|[upkeep]\n|upkeep\n|\n|t:|1614043505\n|switch|p1a: Rillaboom|Rillaboom, M|29\/100\n|-damage|p1a: Rillaboom|16\/100|[from] Stealth Rock\n|-fieldstart|move: Grassy Terrain|[from] ability: Grassy Surge|[of] p1a: Rillaboom\n|turn|30\n|c| Nesnot|I think it;'s hard to say till the end\n|c| redblueplays|bazzerk moltres dies\n|\n|t:|1614043517\n|move|p1a: Rillaboom|Grassy Glide|p2a: Excadrill\n|-crit|p2a: Excadrill\n|-damage|p2a: Excadrill|0 fnt\n|-damage|p1a: Rillaboom|6\/100|[from] item: Life Orb\n|faint|p2a: Excadrill\n|\n|-weather|Sandstorm|[upkeep]\n|-damage|p1a: Rillaboom|0 fnt|[from] Sandstorm\n|faint|p1a: Rillaboom\n|upkeep\n|c| redblueplays|monke back in front\n|c| redblueplays|krits\n|\n|t:|1614043530\n|switch|p2a: Blissey|Blissey, F|45\/100\n|switch|p1a: Heatran|Heatran, F|75\/100\n|-damage|p1a: Heatran|63\/100|[from] Stealth Rock\n|turn|31\n|c| redblueplays|and both go down!]\n|\n|t:|1614043538\n|move|p1a: Heatran|Magma Storm|p2a: Blissey|[miss]\n|-miss|p1a: Heatran|p2a: Blissey\n|move|p2a: Blissey|Wish|p2a: Blissey\n|\n|-weather|none\n|-heal|p1a: Heatran|69\/100|[from] Grassy Terrain\n|-heal|p1a: Heatran|75\/100|[from] item: Leftovers\n|-heal|p2a: Blissey|51\/100|[from] Grassy Terrain\n|upkeep\n|turn|32\n|\n|t:|1614043542\n|move|p2a: Blissey|Protect|p2a: Blissey\n|-singleturn|p2a: Blissey|Protect\n|move|p1a: Heatran|Toxic|p2a: Blissey\n|-activate|p2a: Blissey|move: Protect\n|\n|-heal|p2a: Blissey|100\/100|[from] move: Wish|[wisher] Blissey\n|-heal|p1a: Heatran|82\/100|[from] Grassy Terrain\n|-heal|p1a: Heatran|88\/100|[from] item: Leftovers\n|upkeep\n|turn|33\n|\n|t:|1614043550\n|move|p1a: Heatran|Magma Storm|p2a: Blissey\n|-damage|p2a: Blissey|84\/100\n|-activate|p2a: Blissey|move: Magma Storm|[of] p1a: Heatran\n|move|p2a: Blissey|Wish|p2a: Blissey\n|\n|-heal|p1a: Heatran|94\/100|[from] Grassy Terrain\n|-heal|p1a: Heatran|99\/100|[from] item: Leftovers\n|-heal|p2a: Blissey|90\/100|[from] Grassy Terrain\n|-damage|p2a: Blissey|78\/100|[from] move: Magma Storm|[partiallytrapped]\n|upkeep\n|turn|34\n|c| redblueplays|egg prays to arceus\n|\n|t:|1614043557\n|move|p1a: Heatran|Toxic|p2a: Blissey\n|-status|p2a: Blissey|tox\n|move|p2a: Blissey|Seismic Toss|p1a: Heatran\n|-damage|p1a: Heatran|74\/100\n|\n|-heal|p2a: Blissey|100\/100 tox|[from] move: Wish|[wisher] Blissey\n|-heal|p1a: Heatran|81\/100|[from] Grassy Terrain\n|-heal|p1a: Heatran|87\/100|[from] item: Leftovers\n|-fieldend|move: Grassy Terrain\n|-damage|p2a: Blissey|94\/100 tox|[from] psn\n|-damage|p2a: Blissey|82\/100 tox|[from] move: Magma Storm|[partiallytrapped]\n|upkeep\n|turn|35\n|c| redblueplays|gets magma stormd\n|\n|t:|1614043564\n|move|p1a: Heatran|Earth Power|p2a: Blissey\n|-damage|p2a: Blissey|73\/100 tox\n|move|p2a: Blissey|Heal Bell|p2a: Blissey\n|-activate|p2a: Blissey|move: Heal Bell\n|-curestatus|p2a: Blissey|tox|[msg]\n|\n|-heal|p1a: Heatran|93\/100|[from] item: Leftovers\n|-damage|p2a: Blissey|61\/100|[from] move: Magma Storm|[partiallytrapped]\n|upkeep\n|turn|36\n|c| redblueplays|spider gets yeeted\n|c|\u2606WhalesAreAwesome!|frog\n|c| redblueplays|i call heatran spider\n|\n|t:|1614043588\n|move|p1a: Heatran|Toxic|p2a: Blissey\n|-status|p2a: Blissey|tox\n|move|p2a: Blissey|Wish|p2a: Blissey\n|\n|-heal|p1a: Heatran|99\/100|[from] item: Leftovers\n|-damage|p2a: Blissey|55\/100 tox|[from] psn\n|-damage|p2a: Blissey|42\/100 tox|[from] move: Magma Storm|[partiallytrapped]\n|upkeep\n|turn|37\n|\n|t:|1614043596\n|move|p1a: Heatran|Earth Power|p2a: Blissey\n|-damage|p2a: Blissey|33\/100 tox\n|move|p2a: Blissey|Heal Bell|p2a: Blissey\n|-activate|p2a: Blissey|move: Heal Bell\n|-curestatus|p2a: Blissey|tox|[msg]\n|\n|-heal|p2a: Blissey|83\/100|[from] move: Wish|[wisher] Blissey\n|-heal|p1a: Heatran|100\/100|[from] item: Leftovers\n|-damage|p2a: Blissey|71\/100|[from] move: Magma Storm|[partiallytrapped]\n|upkeep\n|turn|38\n|c| redblueplays|or disabled spider it has 4 legs\n|\n|t:|1614043604\n|move|p1a: Heatran|Toxic|p2a: Blissey\n|-status|p2a: Blissey|tox\n|move|p2a: Blissey|Wish|p2a: Blissey\n|\n|-damage|p2a: Blissey|65\/100 tox|[from] psn\n|-end|p2a: Blissey|Magma Storm|[partiallytrapped]\n|upkeep\n|turn|39\n|\n|t:|1614043615\n|switch|p1a: Dragapult|Dragapult, F|100\/100\n|-damage|p1a: Dragapult|88\/100|[from] Stealth Rock\n|move|p2a: Blissey|Heal Bell|p2a: Blissey\n|-activate|p2a: Blissey|move: Heal Bell\n|-curestatus|p2a: Blissey|tox|[msg]\n|\n|-heal|p2a: Blissey|100\/100|[from] move: Wish|[wisher] Blissey\n|-heal|p1a: Dragapult|94\/100|[from] item: Leftovers\n|upkeep\n|turn|40\n|\n|t:|1614043621\n|switch|p2a: Aegislash|Aegislash, F|60\/100\n|-damage|p2a: Aegislash|54\/100|[from] Stealth Rock\n|move|p1a: Dragapult|Dragon Darts|p2a: Aegislash\n|-resisted|p2a: Aegislash\n|-damage|p2a: Aegislash|46\/100\n|-anim|p1a: Dragapult|Dragon Darts|p2a: Aegislash\n|-resisted|p2a: Aegislash\n|-damage|p2a: Aegislash|38\/100\n|\n|-heal|p1a: Dragapult|99\/100|[from] item: Leftovers\n|upkeep\n|turn|41\n|j| Sonic112233\n|c|\u2606WhalesAreAwesome!|yeah i lose to dragapult probably\n|\n|t:|1614043639\n|switch|p1a: Heatran|Heatran, F|100\/100\n|-damage|p1a: Heatran|88\/100|[from] Stealth Rock\n|-formechange|p2a: Aegislash|Aegislash-Blade||[from] ability: Stance Change\n|move|p2a: Aegislash|Shadow Ball|p1a: Heatran\n|-damage|p1a: Heatran|66\/100\n|\n|-heal|p1a: Heatran|72\/100|[from] item: Leftovers\n|upkeep\n|turn|42\n|\n|t:|1614043643\n|-formechange|p2a: Aegislash|Aegislash||[from] ability: Stance Change\n|move|p2a: Aegislash|King's Shield|p2a: Aegislash\n|-singleturn|p2a: Aegislash|Protect\n|move|p1a: Heatran|Magma Storm|p2a: Aegislash\n|-activate|p2a: Aegislash|move: Protect\n|\n|-heal|p1a: Heatran|78\/100|[from] item: Leftovers\n|upkeep\n|turn|43\n|\n|t:|1614043649\n|switch|p2a: Blissey|Blissey, F|100\/100\n|move|p1a: Heatran|Earth Power|p2a: Blissey\n|-damage|p2a: Blissey|91\/100\n|\n|-heal|p1a: Heatran|85\/100|[from] item: Leftovers\n|upkeep\n|turn|44\n|\n|t:|1614043659\n|move|p1a: Heatran|Magma Storm|p2a: Blissey\n|-damage|p2a: Blissey|75\/100\n|-activate|p2a: Blissey|move: Magma Storm|[of] p1a: Heatran\n|move|p2a: Blissey|Wish|p2a: Blissey\n|\n|-heal|p1a: Heatran|91\/100|[from] item: Leftovers\n|-damage|p2a: Blissey|63\/100|[from] move: Magma Storm|[partiallytrapped]\n|upkeep\n|turn|45\n|\n|t:|1614043664\n|switch|p1a: Clefable|Clefable, M|94\/100\n|move|p2a: Blissey|Protect||[still]\n|-fail|p2a: Blissey\n|\n|-heal|p2a: Blissey|100\/100|[from] move: Wish|[wisher] Blissey\n|-end|p2a: Blissey|Magma Storm|[partiallytrapped]|[silent]\n|upkeep\n|turn|46\n|c| redblueplays|spider vs egg part 33333\n|\n|t:|1614043668\n|move|p1a: Clefable|Calm Mind|p1a: Clefable\n|-boost|p1a: Clefable|spa|1\n|-boost|p1a: Clefable|spd|1\n|move|p2a: Blissey|Seismic Toss|p1a: Clefable\n|-damage|p1a: Clefable|69\/100\n|\n|upkeep\n|turn|47\n|l| billy cabrera\n|\n|t:|1614043672\n|switch|p2a: Latios|Latios, M|97\/100\n|-damage|p2a: Latios|85\/100|[from] Stealth Rock\n|move|p1a: Clefable|Calm Mind|p1a: Clefable\n|-boost|p1a: Clefable|spa|1\n|-boost|p1a: Clefable|spd|1\n|\n|upkeep\n|turn|48\n|l| ahrmagedon\n|c|\u2606WhalesAreAwesome!|also lose to clef\n|\n|t:|1614043691\n|move|p2a: Latios|Trick|p1a: Clefable\n|-activate|p2a: Latios|move: Trick|[of] p1a: Clefable\n|-item|p1a: Clefable|Choice Scarf|[from] move: Trick\n|-item|p2a: Latios|Heavy-Duty Boots|[from] move: Trick\n|move|p1a: Clefable|Soft-Boiled|p1a: Clefable\n|-heal|p1a: Clefable|100\/100\n|\n|upkeep\n|turn|49\n|c| redblueplays|pinkpikachu vsmind drago\n|c| AverageJoe326|ayyy\n|c| AverageJoe326|da trick\n|\n|t:|1614043705\n|switch|p1a: Heatran|Heatran, F|91\/100\n|-damage|p1a: Heatran|78\/100|[from] Stealth Rock\n|move|p2a: Latios|Draco Meteor|p1a: Heatran\n|-resisted|p1a: Heatran\n|-damage|p1a: Heatran|58\/100\n|-unboost|p2a: Latios|spa|2\n|\n|-heal|p1a: Heatran|64\/100|[from] item: Leftovers\n|upkeep\n|turn|50\n|l| iifreshy\n|\n|t:|1614043713\n|switch|p2a: Blissey|Blissey, F|100\/100\n|move|p1a: Heatran|Magma Storm|p2a: Blissey\n|-crit|p2a: Blissey\n|-damage|p2a: Blissey|75\/100\n|-activate|p2a: Blissey|move: Magma Storm|[of] p1a: Heatran\n|\n|-heal|p1a: Heatran|71\/100|[from] item: Leftovers\n|-damage|p2a: Blissey|62\/100|[from] move: Magma Storm|[partiallytrapped]\n|upkeep\n|turn|51\n|c| redblueplays|draco bomb\n|\n|t:|1614043718\n|move|p1a: Heatran|Toxic|p2a: Blissey\n|-status|p2a: Blissey|tox\n|move|p2a: Blissey|Wish|p2a: Blissey\n|\n|-heal|p1a: Heatran|77\/100|[from] item: Leftovers\n|-damage|p2a: Blissey|56\/100 tox|[from] psn\n|-damage|p2a: Blissey|44\/100 tox|[from] move: Magma Storm|[partiallytrapped]\n|upkeep\n|turn|52\n|c| redblueplays|why is this just spider vs egg\n|\n|t:|1614043726\n|move|p1a: Heatran|Earth Power|p2a: Blissey\n|-damage|p2a: Blissey|34\/100 tox\n|move|p2a: Blissey|Heal Bell|p2a: Blissey\n|-activate|p2a: Blissey|move: Heal Bell\n|-curestatus|p2a: Blissey|tox|[msg]\n|\n|-heal|p2a: Blissey|84\/100|[from] move: Wish|[wisher] Blissey\n|-heal|p1a: Heatran|83\/100|[from] item: Leftovers\n|-damage|p2a: Blissey|71\/100|[from] move: Magma Storm|[partiallytrapped]\n|upkeep\n|turn|53\n|\n|t:|1614043731\n|move|p1a: Heatran|Toxic|p2a: Blissey\n|-status|p2a: Blissey|tox\n|move|p2a: Blissey|Wish|p2a: Blissey\n|\n|-heal|p1a: Heatran|89\/100|[from] item: Leftovers\n|-damage|p2a: Blissey|65\/100 tox|[from] psn\n|-damage|p2a: Blissey|52\/100 tox|[from] move: Magma Storm|[partiallytrapped]\n|upkeep\n|turn|54\n|\n|t:|1614043735\n|move|p1a: Heatran|Earth Power|p2a: Blissey\n|-damage|p2a: Blissey|43\/100 tox\n|-unboost|p2a: Blissey|spd|1\n|move|p2a: Blissey|Heal Bell|p2a: Blissey\n|-activate|p2a: Blissey|move: Heal Bell\n|-curestatus|p2a: Blissey|tox|[msg]\n|\n|-heal|p2a: Blissey|93\/100|[from] move: Wish|[wisher] Blissey\n|-heal|p1a: Heatran|96\/100|[from] item: Leftovers\n|-end|p2a: Blissey|Magma Storm|[partiallytrapped]\n|upkeep\n|turn|55\n|\n|t:|1614043744\n|move|p1a: Heatran|Toxic|p2a: Blissey\n|-status|p2a: Blissey|tox\n|move|p2a: Blissey|Wish|p2a: Blissey\n|\n|-heal|p1a: Heatran|100\/100|[from] item: Leftovers\n|-damage|p2a: Blissey|87\/100 tox|[from] psn\n|upkeep\n|turn|56\n|\n|t:|1614043756\n|move|p2a: Blissey|Protect|p2a: Blissey\n|-singleturn|p2a: Blissey|Protect\n|move|p1a: Heatran|Magma Storm|p2a: Blissey\n|-activate|p2a: Blissey|move: Protect\n|\n|-heal|p2a: Blissey|100\/100 tox|[from] move: Wish|[wisher] Blissey\n|-damage|p2a: Blissey|88\/100 tox|[from] psn\n|upkeep\n|turn|57\n|\n|t:|1614043762\n|move|p1a: Heatran|Earth Power|p2a: Blissey\n|-damage|p2a: Blissey|74\/100 tox\n|move|p2a: Blissey|Seismic Toss|p1a: Heatran\n|-damage|p1a: Heatran|75\/100\n|\n|-heal|p1a: Heatran|81\/100|[from] item: Leftovers\n|-damage|p2a: Blissey|55\/100 tox|[from] psn\n|upkeep\n|turn|58\n|\n|t:|1614043768\n|move|p1a: Heatran|Magma Storm|p2a: Blissey\n|-damage|p2a: Blissey|31\/100 tox\n|-activate|p2a: Blissey|move: Magma Storm|[of] p1a: Heatran\n|move|p2a: Blissey|Heal Bell|p2a: Blissey\n|-activate|p2a: Blissey|move: Heal Bell\n|-curestatus|p2a: Blissey|tox|[msg]\n|\n|-heal|p1a: Heatran|87\/100|[from] item: Leftovers\n|-damage|p2a: Blissey|19\/100|[from] move: Magma Storm|[partiallytrapped]\n|upkeep\n|turn|59\n|c| redblueplays|bliss angering the spider here\n|c|\u2606WhalesAreAwesome!|i did not count correctly\n|\n|t:|1614043780\n|move|p1a: Heatran|Earth Power|p2a: Blissey\n|-damage|p2a: Blissey|5\/100\n|move|p2a: Blissey|Wish|p2a: Blissey\n|\n|-heal|p1a: Heatran|93\/100|[from] item: Leftovers\n|-damage|p2a: Blissey|0 fnt|[from] move: Magma Storm|[partiallytrapped]\n|faint|p2a: Blissey\n|upkeep\n|\n|t:|1614043791\n|switch|p2a: Aegislash|Aegislash, F|38\/100\n|-damage|p2a: Aegislash|32\/100|[from] Stealth Rock\n|turn|60\n|\n|t:|1614043793\n|move|p2a: Aegislash|King's Shield|p2a: Aegislash\n|-singleturn|p2a: Aegislash|Protect\n|move|p1a: Heatran|Earth Power|p2a: Aegislash\n|-activate|p2a: Aegislash|move: Protect\n|\n|-heal|p2a: Aegislash|100\/100|[from] move: Wish|[wisher] Blissey\n|-heal|p1a: Heatran|99\/100|[from] item: Leftovers\n|upkeep\n|turn|61\n|c| redblueplays|and egg dies!!\n|\n|t:|1614043800\n|switch|p2a: Latios|Latios, M|85\/100\n|move|p1a: Heatran|Magma Storm|p2a: Latios|[miss]\n|-miss|p1a: Heatran|p2a: Latios\n|\n|-heal|p1a: Heatran|100\/100|[from] item: Leftovers\n|upkeep\n|turn|62\n|\n|t:|1614043812\n|switch|p2a: Aegislash|Aegislash, F|100\/100\n|-damage|p2a: Aegislash|94\/100|[from] Stealth Rock\n|move|p1a: Heatran|Toxic|p2a: Aegislash\n|-immune|p2a: Aegislash\n|\n|upkeep\n|turn|63\n|c| redblueplays|nice switch\n|\n|t:|1614043823\n|switch|p1a: Clefable|Clefable, M|100\/100\n|-damage|p1a: Clefable|88\/100|[from] Stealth Rock\n|move|p2a: Aegislash|King's Shield||[still]\n|-fail|p2a: Aegislash\n|\n|upkeep\n|turn|64\n|\n|t:|1614043829\n|move|p1a: Clefable|Thunderbolt|p2a: Aegislash\n|-damage|p2a: Aegislash|78\/100\n|-status|p2a: Aegislash|par\n|-formechange|p2a: Aegislash|Aegislash-Blade||[from] ability: Stance Change\n|move|p2a: Aegislash|Flash Cannon|p1a: Clefable\n|-supereffective|p1a: Clefable\n|-damage|p1a: Clefable|22\/100\n|\n|upkeep\n|turn|65\n|j| Separation\n|\n|t:|1614043841\n|-formechange|p2a: Aegislash|Aegislash||[from] ability: Stance Change\n|move|p2a: Aegislash|King's Shield|p2a: Aegislash\n|-singleturn|p2a: Aegislash|Protect\n|move|p1a: Clefable|Thunderbolt|p2a: Aegislash\n|-activate|p2a: Aegislash|move: Protect\n|\n|upkeep\n|turn|66\n|\n|t:|1614043844\n|move|p1a: Clefable|Thunderbolt|p2a: Aegislash\n|-damage|p2a: Aegislash|61\/100 par\n|-formechange|p2a: Aegislash|Aegislash-Blade||[from] ability: Stance Change\n|move|p2a: Aegislash|Flash Cannon|p1a: Clefable\n|-supereffective|p1a: Clefable\n|-damage|p1a: Clefable|0 fnt\n|faint|p1a: Clefable\n|\n|upkeep\n|\n|t:|1614043850\n|switch|p1a: Heatran|Heatran, F|100\/100\n|-damage|p1a: Heatran|88\/100|[from] Stealth Rock\n|turn|67\n|\n|t:|1614043855\n|switch|p2a: Latios|Latios, M|85\/100\n|move|p1a: Heatran|Toxic|p2a: Latios\n|-status|p2a: Latios|tox\n|\n|-heal|p1a: Heatran|94\/100|[from] item: Leftovers\n|-damage|p2a: Latios|79\/100 tox|[from] psn\n|upkeep\n|turn|68\n|c| redeba|fewer pokemons battle are more interesting to watch, there is no u-turn spam nor stealth rocks everywhere\n|\n|t:|1614043862\n|move|p2a: Latios|Trick|p1a: Heatran\n|-activate|p2a: Latios|move: Trick|[of] p1a: Heatran\n|-item|p1a: Heatran|Heavy-Duty Boots|[from] move: Trick\n|-item|p2a: Latios|Leftovers|[from] move: Trick\n|move|p1a: Heatran|Earth Power|p2a: Latios\n|-immune|p2a: Latios|[from] ability: Levitate\n|\n|-heal|p2a: Latios|85\/100 tox|[from] item: Leftovers\n|-damage|p2a: Latios|73\/100 tox|[from] psn\n|upkeep\n|turn|69\n|c| redeba|i wonder if that wuold be a preferable gamemode\n|c| redblueplays|both men down to their 2 lat pokemon!!\n|\n|t:|1614043871\n|move|p2a: Latios|Psychic|p1a: Heatran\n|-resisted|p1a: Heatran\n|-damage|p1a: Heatran|79\/100\n|move|p1a: Heatran|Earth Power|p2a: Latios\n|-immune|p2a: Latios|[from] ability: Levitate\n|\n|-heal|p2a: Latios|79\/100 tox|[from] item: Leftovers\n|-damage|p2a: Latios|61\/100 tox|[from] psn\n|upkeep\n|turn|70\n|\n|t:|1614043878\n|move|p2a: Latios|Psychic|p1a: Heatran\n|-resisted|p1a: Heatran\n|-damage|p1a: Heatran|65\/100\n|move|p1a: Heatran|Stealth Rock||[still]\n|-fail|p1a: Heatran\n|\n|-heal|p2a: Latios|67\/100 tox|[from] item: Leftovers\n|-damage|p2a: Latios|43\/100 tox|[from] psn\n|upkeep\n|turn|71\n|\n|t:|1614043883\n|move|p2a: Latios|Recover|p2a: Latios\n|-heal|p2a: Latios|93\/100 tox\n|move|p1a: Heatran|Earth Power|p2a: Latios\n|-immune|p2a: Latios|[from] ability: Levitate\n|\n|-heal|p2a: Latios|99\/100 tox|[from] item: Leftovers\n|-damage|p2a: Latios|69\/100 tox|[from] psn\n|upkeep\n|turn|72\n|l| Nesnot\n|c| redblueplays|ooh turn 69 just passed\n|c|\u2606WhalesAreAwesome!|yeah this is gg\n|\n|t:|1614043892\n|switch|p2a: Aegislash|Aegislash, F|61\/100 par\n|-damage|p2a: Aegislash|55\/100 par|[from] Stealth Rock\n|move|p1a: Heatran|Earth Power|p2a: Aegislash\n|-supereffective|p2a: Aegislash\n|-damage|p2a: Aegislash|16\/100 par\n|\n|upkeep\n|turn|73\n|c|\u2606WhalesAreAwesome!|ggwp\n|\n|t:|1614043897\n|move|p1a: Heatran|Earth Power|p2a: Aegislash\n|-supereffective|p2a: Aegislash\n|-damage|p2a: Aegislash|0 fnt\n|faint|p2a: Aegislash\n|\n|upkeep\n|\n|t:|1614043899\n|switch|p2a: Latios|Latios, M|69\/100 tox\n|-damage|p2a: Latios|57\/100 tox|[from] Stealth Rock\n|turn|74\n|c| redblueplays|gg?\n|\n|t:|1614043911\n|move|p2a: Latios|Draco Meteor|p1a: Heatran\n|-resisted|p1a: Heatran\n|-damage|p1a: Heatran|43\/100\n|-unboost|p2a: Latios|spa|2\n|move|p1a: Heatran|Toxic|p2a: Latios|[miss]\n|-miss|p1a: Heatran|p2a: Latios\n|\n|-heal|p2a: Latios|63\/100 tox|[from] item: Leftovers\n|-damage|p2a: Latios|57\/100 tox|[from] psn\n|upkeep\n|turn|75\n|l| Sonic112233\n|\n|t:|1614043923\n|move|p2a: Latios|Draco Meteor|p1a: Heatran\n|-resisted|p1a: Heatran\n|-damage|p1a: Heatran|32\/100\n|-unboost|p2a: Latios|spa|2\n|move|p1a: Heatran|Earth Power|p2a: Latios\n|-immune|p2a: Latios|[from] ability: Levitate\n|\n|-heal|p2a: Latios|63\/100 tox|[from] item: Leftovers\n|-damage|p2a: Latios|51\/100 tox|[from] psn\n|upkeep\n|turn|76\n|-message|WhalesAreAwesome! forfeited.\n|\n|win|Kazt_5\n|n|\u2606Kazt_5|kazt5\n|n|\u2606WhalesAreAwesome!|whalesareawesome\n|n| redblueplays|redblueplays\n|n| Sopmod II|sopmodii\n|n| BikeWeekForever|bikeweekforever\n|n| redeba|redeba\n|n| AverageJoe326|averagejoe326\n|n| casual trick room|casualtrickroom\n|n| Da Crew C Pkmn18|dacrewcpkmn18\n|n| Froozh|froozh\n|n| Separation|separation\n|l| redblueplays\n|l| AverageJoe326\n|l| casual trick room\n|l| BikeWeekForever\n","uploadtime":1614043931,"views":27,"p1id":"kazt5","p2id":"whalesareawesome","formatid":"gen8ou","rating":0,"private":0,"password":null}