{"id":"gen8ou-1654500168","p1":"MR. MEZA","p2":"BlueCacturne","format":"gen8ou","log":"|j|\u2606MR. MEZA\n|j|\u2606BlueCacturne\n|t:|1662143256\n|gametype|singles\n|player|p1|MR. MEZA|ethan-masters|1590\n|player|p2|BlueCacturne|burglar|1634\n|teamsize|p1|6\n|teamsize|p2|6\n|gen|8\n|tier|[Gen 8] OU\n|rated|\n|rule|Sleep Clause Mod: Limit one foe put to sleep\n|rule|Species Clause: Limit one of each Pok\u00e9mon\n|rule|OHKO Clause: OHKO moves are banned\n|rule|Evasion Items Clause: Evasion items are banned\n|rule|Evasion Moves Clause: Evasion moves are banned\n|rule|Endless Battle Clause: Forcing endless battles is banned\n|rule|HP Percentage Mod: HP is shown in percentages\n|rule|Dynamax Clause: You cannot dynamax\n|clearpoke\n|poke|p1|Rillaboom, F|\n|poke|p1|Tornadus-Therian, M|\n|poke|p1|Blaziken, M|\n|poke|p1|Melmetal|\n|poke|p1|Garchomp, F|\n|poke|p1|Slowbro, M|\n|poke|p2|Victini|\n|poke|p2|Tapu Koko|\n|poke|p2|Hawlucha, M|\n|poke|p2|Kabutops, M|\n|poke|p2|Dragapult, M|\n|poke|p2|Bisharp, F|\n|teampreview\n|inactive|Battle timer is ON: inactive players will automatically lose when time's up. (requested by MR. MEZA)\n|inactive|BlueCacturne has 120 seconds left.\n|\n|t:|1662143291\n|start\n|switch|p1a: Garchomp|Garchomp, F|100\/100\n|switch|p2a: Kabutops|Kabutops, M, shiny|100\/100\n|turn|1\n|\n|t:|1662143300\n|move|p2a: Kabutops|Stealth Rock|p1a: Garchomp\n|-sidestart|p1: MR. MEZA|move: Stealth Rock\n|move|p1a: Garchomp|Earthquake|p2a: Kabutops\n|-supereffective|p2a: Kabutops\n|-enditem|p2a: Kabutops|Focus Sash\n|-damage|p2a: Kabutops|1\/100\n|-ability|p2a: Kabutops|Weak Armor|boost\n|-unboost|p2a: Kabutops|def|1\n|-boost|p2a: Kabutops|spe|2\n|\n|upkeep\n|turn|2\n|\n|t:|1662143308\n|move|p2a: Kabutops|Liquidation|p1a: Garchomp\n|-damage|p1a: Garchomp|66\/100\n|-damage|p2a: Kabutops|0 fnt|[from] ability: Rough Skin|[of] p1a: Garchomp\n|faint|p2a: Kabutops\n|move|p1a: Garchomp|Stealth Rock|p2: Kabutops\n|-sidestart|p2: BlueCacturne|move: Stealth Rock\n|\n|-heal|p1a: Garchomp|73\/100|[from] item: Leftovers\n|upkeep\n|\n|t:|1662143319\n|switch|p2a: Dragapult|Dragapult, M, shiny|100\/100\n|-damage|p2a: Dragapult|88\/100|[from] Stealth Rock\n|turn|3\n|\n|t:|1662143330\n|switch|p2a: Tapu Koko|Tapu Koko, shiny|100\/100\n|-damage|p2a: Tapu Koko|88\/100|[from] Stealth Rock\n|-fieldstart|move: Electric Terrain|[from] ability: Electric Surge|[of] p2a: Tapu Koko\n|switch|p1a: Melmetal|Melmetal|100\/100\n|-damage|p1a: Melmetal|94\/100|[from] Stealth Rock\n|\n|-heal|p1a: Melmetal|100\/100|[from] item: Leftovers\n|upkeep\n|turn|4\n|\n|t:|1662143334\n|move|p2a: Tapu Koko|Reflect|p2a: Tapu Koko\n|-sidestart|p2: BlueCacturne|Reflect\n|move|p1a: Melmetal|Double Iron Bash|p2a: Tapu Koko\n|-damage|p2a: Tapu Koko|63\/100\n|-damage|p2a: Tapu Koko|40\/100\n|-hitcount|p2a: Tapu Koko|2\n|\n|upkeep\n|turn|5\n|\n|t:|1662143342\n|move|p2a: Tapu Koko|Light Screen|p2a: Tapu Koko\n|-sidestart|p2: BlueCacturne|move: Light Screen\n|move|p1a: Melmetal|Double Iron Bash|p2a: Tapu Koko\n|-damage|p2a: Tapu Koko|15\/100\n|-damage|p2a: Tapu Koko|0 fnt\n|faint|p2a: Tapu Koko\n|-hitcount|p2: Tapu Koko|2\n|\n|upkeep\n|\n|t:|1662143345\n|switch|p2a: Hawlucha|Hawlucha, M, shiny|100\/100\n|-damage|p2a: Hawlucha|88\/100|[from] Stealth Rock\n|-enditem|p2a: Hawlucha|Electric Seed\n|-boost|p2a: Hawlucha|def|1|[from] item: Electric Seed\n|turn|6\n|\n|t:|1662143349\n|switch|p1a: Slowbro|Slowbro, M|100\/100\n|-damage|p1a: Slowbro|88\/100|[from] Stealth Rock\n|move|p2a: Hawlucha|Swords Dance|p2a: Hawlucha\n|-boost|p2a: Hawlucha|atk|2\n|\n|upkeep\n|turn|7\n|\n|t:|1662143352\n|move|p2a: Hawlucha|Acrobatics|p1a: Slowbro\n|-damage|p1a: Slowbro|33\/100\n|-damage|p2a: Hawlucha|72\/100|[from] item: Rocky Helmet|[of] p1a: Slowbro\n|move|p1a: Slowbro|Future Sight|p2a: Hawlucha\n|-start|p1a: Slowbro|move: Future Sight\n|\n|-fieldend|move: Electric Terrain\n|upkeep\n|turn|8\n|\n|t:|1662143373\n|switch|p1a: Melmetal|Melmetal|100\/100\n|-damage|p1a: Melmetal|94\/100|[from] Stealth Rock\n|move|p2a: Hawlucha|Acrobatics|p1a: Melmetal\n|-resisted|p1a: Melmetal\n|-damage|p1a: Melmetal|65\/100\n|\n|-heal|p1a: Melmetal|71\/100|[from] item: Leftovers\n|upkeep\n|turn|9\n|\n|t:|1662143377\n|move|p1a: Melmetal|Protect|p1a: Melmetal\n|-singleturn|p1a: Melmetal|Protect\n|move|p2a: Hawlucha|Close Combat|p1a: Melmetal\n|-activate|p1a: Melmetal|move: Protect\n|\n|-end|p2a: Hawlucha|move: Future Sight\n|-supereffective|p2a: Hawlucha\n|-damage|p2a: Hawlucha|12\/100\n|-heal|p1a: Melmetal|78\/100|[from] item: Leftovers\n|upkeep\n|turn|10\n|\n|t:|1662143403\n|switch|p1a: Garchomp|Garchomp, F|73\/100\n|-damage|p1a: Garchomp|66\/100|[from] Stealth Rock\n|move|p2a: Hawlucha|Acrobatics|p1a: Garchomp\n|-damage|p1a: Garchomp|0 fnt\n|-damage|p2a: Hawlucha|0 fnt|[from] ability: Rough Skin|[of] p1a: Garchomp\n|faint|p1a: Garchomp\n|faint|p2a: Hawlucha\n|\n|upkeep\n|\n|t:|1662143421\n|switch|p2a: Victini|Victini|100\/100\n|switch|p1a: Melmetal|Melmetal|78\/100\n|-damage|p2a: Victini|76\/100|[from] Stealth Rock\n|-damage|p1a: Melmetal|71\/100|[from] Stealth Rock\n|turn|11\n|\n|t:|1662143433\n|switch|p1a: Slowbro|Slowbro, M|66\/100\n|-damage|p1a: Slowbro|54\/100|[from] Stealth Rock\n|move|p2a: Victini|Trick Room|p2a: Victini\n|-fieldstart|move: Trick Room|[of] p2a: Victini\n|\n|-sideend|p2: BlueCacturne|Reflect\n|upkeep\n|turn|12\n|\n|t:|1662143440\n|switch|p1a: Tornadus|Tornadus-Therian, M|100\/100\n|move|p2a: Victini|Bolt Strike|p1a: Tornadus\n|-supereffective|p1a: Tornadus\n|-damage|p1a: Tornadus|13\/100\n|-status|p1a: Tornadus|par\n|\n|-sideend|p2: BlueCacturne|move: Light Screen\n|upkeep\n|turn|13\n|\n|t:|1662143446\n|move|p1a: Tornadus|U-turn|p2a: Victini\n|-damage|p2a: Victini|62\/100\n|\n|t:|1662143449\n|switch|p1a: Slowbro|Slowbro, M|87\/100|[from]move: U-turn\n|-damage|p1a: Slowbro|75\/100|[from] Stealth Rock\n|move|p2a: Victini|V-create|p1a: Slowbro\n|-resisted|p1a: Slowbro\n|-damage|p1a: Slowbro|50\/100\n|-unboost|p2a: Victini|spe|1\n|-unboost|p2a: Victini|def|1\n|-unboost|p2a: Victini|spd|1\n|-damage|p2a: Victini|46\/100|[from] item: Rocky Helmet|[of] p1a: Slowbro\n|\n|upkeep\n|turn|14\n|\n|t:|1662143457\n|switch|p1a: Tornadus|Tornadus-Therian, M|46\/100 par\n|move|p2a: Victini|Bolt Strike|p1a: Tornadus\n|-supereffective|p1a: Tornadus\n|-damage|p1a: Tornadus|0 fnt\n|faint|p1a: Tornadus\n|\n|upkeep\n|\n|t:|1662143459\n|switch|p1a: Slowbro|Slowbro, M|83\/100\n|-damage|p1a: Slowbro|71\/100|[from] Stealth Rock\n|turn|15\n|\n|t:|1662143466\n|move|p2a: Victini|Bolt Strike|p1a: Slowbro\n|-supereffective|p1a: Slowbro\n|-damage|p1a: Slowbro|20\/100\n|-damage|p2a: Victini|29\/100|[from] item: Rocky Helmet|[of] p1a: Slowbro\n|move|p1a: Slowbro|Teleport|p1a: Slowbro\n|\n|t:|1662143469\n|switch|p1a: Rillaboom|Rillaboom, F|100\/100|[from]move: Teleport\n|-damage|p1a: Rillaboom|88\/100|[from] Stealth Rock\n|-fieldstart|move: Grassy Terrain|[from] ability: Grassy Surge|[of] p1a: Rillaboom\n|\n|-heal|p2a: Victini|35\/100|[from] Grassy Terrain\n|-heal|p1a: Rillaboom|94\/100|[from] Grassy Terrain\n|-heal|p1a: Rillaboom|100\/100|[from] item: Leftovers\n|-fieldend|move: Trick Room\n|upkeep\n|turn|16\n|\n|t:|1662143477\n|move|p1a: Rillaboom|Knock Off|p2a: Victini\n|-supereffective|p2a: Victini\n|-damage|p2a: Victini|0 fnt\n|-enditem|p2a: Victini|Weakness Policy|[from] move: Knock Off|[of] p1a: Rillaboom\n|faint|p2a: Victini\n|\n|upkeep\n|\n|t:|1662143480\n|switch|p2a: Bisharp|Bisharp, F, shiny|100\/100\n|-damage|p2a: Bisharp|94\/100|[from] Stealth Rock\n|turn|17\n|\n|t:|1662143482\n|move|p2a: Bisharp|Swords Dance|p2a: Bisharp\n|-boost|p2a: Bisharp|atk|2\n|move|p1a: Rillaboom|Drain Punch|p2a: Bisharp\n|-supereffective|p2a: Bisharp\n|-damage|p2a: Bisharp|0 fnt\n|faint|p2a: Bisharp\n|\n|upkeep\n|-message|BlueCacturne forfeited.\n|\n|win|MR. MEZA\n|raw|MR. MEZA's rating: 1590 &rarr; <strong>1613<\/strong><br \/>(+23 for winning)\n|raw|BlueCacturne's rating: 1634 &rarr; <strong>1611<\/strong><br \/>(-23 for losing)\n|l|\u2606BlueCacturne\n","uploadtime":1662143495,"views":9,"p1id":"mrmeza","p2id":"bluecacturne","formatid":"gen8ou","rating":1611,"private":0,"password":null}