{"id":"gen8nationaldexag-1546593147","p1":"Cpt Impact","p2":"Rediyu","format":"gen8nationaldexag","log":"|j|\u2606Cpt Impact\n|j|\u2606Rediyu\n|t:|1649171373\n|gametype|singles\n|player|p1|Cpt Impact|riley|\n|player|p2|Rediyu|guitarist|\n|teamsize|p1|6\n|teamsize|p2|6\n|gen|8\n|tier|[Gen 8] National Dex AG\n|rule|HP Percentage Mod: HP is shown in percentages\n|rule|Endless Battle Clause: Forcing endless battles is banned\n|clearpoke\n|poke|p1|Swampert, M|\n|poke|p1|Magneton|\n|poke|p1|Magmortar, F|\n|poke|p1|Rampardos, M|\n|poke|p1|Mienshao, F|\n|poke|p1|Hoopa-Unbound|\n|poke|p2|Persian-Alola, M|\n|poke|p2|Frosmoth, F|\n|poke|p2|Roserade, M|\n|poke|p2|Azumarill, M|\n|poke|p2|Kangaskhan, F|\n|poke|p2|Swoobat, F|\n|teampreview\n|\n|t:|1649171398\n|start\n|switch|p1a: ImmaFirin'MahLazer|Magneton|100\/100\n|switch|p2a: Grass Waifu|Roserade, M|100\/100\n|turn|1\n|\n|t:|1649171404\n|move|p1a: ImmaFirin'MahLazer|Steel Beam|p2a: Grass Waifu\n|-damage|p2a: Grass Waifu|20\/100\n|-damage|p1a: ImmaFirin'MahLazer|50\/100|[from] mindblown\n|move|p2a: Grass Waifu|Toxic Spikes|p1a: ImmaFirin'MahLazer\n|-sidestart|p1: Cpt Impact|move: Toxic Spikes\n|\n|upkeep\n|turn|2\n|\n|t:|1649171453\n|switch|p2a: Schmutz|Frosmoth, F|100\/100\n|move|p1a: ImmaFirin'MahLazer|Steel Beam|p2a: Schmutz\n|-supereffective|p2a: Schmutz\n|-damage|p2a: Schmutz|10\/100\n|-damage|p1a: ImmaFirin'MahLazer|0 fnt|[from] mindblown\n|faint|p1a: ImmaFirin'MahLazer\n|\n|upkeep\n|\n|t:|1649171471\n|switch|p1a: Jungle Drums|Magmortar, F|100\/100\n|-status|p1a: Jungle Drums|psn\n|turn|3\n|\n|t:|1649171478\n|move|p1a: Jungle Drums|Fire Punch|p2a: Schmutz\n|-supereffective|p2a: Schmutz\n|-damage|p2a: Schmutz|0 fnt\n|faint|p2a: Schmutz\n|\n|-damage|p1a: Jungle Drums|88\/100 psn|[from] psn\n|upkeep\n|\n|t:|1649171490\n|switch|p2a: Grass Waifu|Roserade, M|20\/100\n|turn|4\n|\n|t:|1649171497\n|move|p2a: Grass Waifu|Grassy Terrain|p2a: Grass Waifu\n|-fieldstart|move: Grassy Terrain\n|move|p1a: Jungle Drums|Belly Drum|p1a: Jungle Drums\n|-damage|p1a: Jungle Drums|38\/100 psn\n|-setboost|p1a: Jungle Drums|atk|6|[from] move: Belly Drum\n|\n|-heal|p2a: Grass Waifu|27\/100|[from] Grassy Terrain\n|-heal|p1a: Jungle Drums|44\/100 psn|[from] Grassy Terrain\n|-damage|p1a: Jungle Drums|32\/100 psn|[from] psn\n|upkeep\n|turn|5\n|\n|t:|1649171516\n|move|p2a: Grass Waifu|Sludge Bomb|p1a: Jungle Drums\n|-damage|p1a: Jungle Drums|0 fnt\n|faint|p1a: Jungle Drums\n|\n|-heal|p2a: Grass Waifu|33\/100|[from] Grassy Terrain\n|upkeep\n|\n|t:|1649171524\n|switch|p1a: Noodles|Mienshao, F|100\/100\n|-status|p1a: Noodles|psn\n|turn|6\n|\n|t:|1649171531\n|move|p1a: Noodles|Mega Kick|p2a: Grass Waifu|[miss]\n|-miss|p1a: Noodles|p2a: Grass Waifu\n|-enditem|p1a: Noodles|Blunder Policy\n|-boost|p1a: Noodles|spe|2\n|move|p2a: Grass Waifu|Spikes|p1a: Noodles\n|-sidestart|p1: Cpt Impact|Spikes\n|\n|-heal|p2a: Grass Waifu|39\/100|[from] Grassy Terrain\n|-damage|p1a: Noodles|88\/100 psn|[from] psn\n|upkeep\n|turn|7\n|\n|t:|1649171543\n|move|p1a: Noodles|High Jump Kick|p2a: Grass Waifu\n|-resisted|p2a: Grass Waifu\n|-damage|p2a: Grass Waifu|0 fnt\n|faint|p2a: Grass Waifu\n|\n|-heal|p1a: Noodles|94\/100 psn|[from] Grassy Terrain\n|-damage|p1a: Noodles|82\/100 psn|[from] psn\n|upkeep\n|\n|t:|1649171556\n|switch|p2a: weniger Schmutz|Swoobat, F|100\/100\n|-enditem|p2a: weniger Schmutz|Grassy Seed\n|-boost|p2a: weniger Schmutz|def|2|[from] item: Grassy Seed\n|turn|8\n|\n|t:|1649171561\n|move|p1a: Noodles|Stone Edge|p2a: weniger Schmutz\n|-supereffective|p2a: weniger Schmutz\n|-damage|p2a: weniger Schmutz|46\/100\n|move|p2a: weniger Schmutz|Air Slash|p1a: Noodles\n|-supereffective|p1a: Noodles\n|-damage|p1a: Noodles|0 fnt\n|faint|p1a: Noodles\n|\n|upkeep\n|\n|t:|1649171569\n|switch|p1a: GLaDOS|Hoopa-Unbound|100\/100\n|-damage|p1a: GLaDOS|88\/100|[from] Spikes\n|-status|p1a: GLaDOS|psn\n|turn|9\n|\n|t:|1649171574\n|move|p2a: weniger Schmutz|Air Slash|p1a: GLaDOS\n|-damage|p1a: GLaDOS|72\/100 psn\n|cant|p1a: GLaDOS|flinch\n|\n|-heal|p1a: GLaDOS|78\/100 psn|[from] Grassy Terrain\n|-damage|p1a: GLaDOS|65\/100 psn|[from] psn\n|upkeep\n|turn|10\n|\n|t:|1649171579\n|move|p2a: weniger Schmutz|Air Slash|p1a: GLaDOS\n|-damage|p1a: GLaDOS|49\/100 psn\n|move|p1a: GLaDOS|Trick Room|p1a: GLaDOS\n|-fieldstart|move: Trick Room|[of] p1a: GLaDOS\n|\n|-heal|p1a: GLaDOS|55\/100 psn|[from] Grassy Terrain\n|-damage|p1a: GLaDOS|43\/100 psn|[from] psn\n|upkeep\n|turn|11\n|\n|t:|1649171586\n|move|p1a: GLaDOS|Fling|p2a: weniger Schmutz\n|-supereffective|p2a: weniger Schmutz\n|-damage|p2a: weniger Schmutz|0 fnt\n|-enditem|p1a: GLaDOS|Iron Ball|[from] move: Fling\n|faint|p2a: weniger Schmutz\n|\n|-heal|p1a: GLaDOS|49\/100 psn|[from] Grassy Terrain\n|-damage|p1a: GLaDOS|37\/100 psn|[from] psn\n|-fieldend|move: Grassy Terrain\n|upkeep\n|\n|t:|1649171597\n|switch|p2a: best Bunny|Azumarill, M|100\/100\n|turn|12\n|\n|t:|1649171599\n|move|p2a: best Bunny|Curse|p2a: best Bunny\n|-unboost|p2a: best Bunny|spe|1\n|-boost|p2a: best Bunny|atk|1\n|-boost|p2a: best Bunny|def|1\n|move|p1a: GLaDOS|Gunk Shot|p2a: best Bunny\n|-supereffective|p2a: best Bunny\n|-damage|p2a: best Bunny|18\/100\n|-item|p1a: GLaDOS|Chesto Berry|[from] ability: Magician|[of] p2a: best Bunny\n|\n|-damage|p1a: GLaDOS|24\/100 psn|[from] psn\n|upkeep\n|turn|13\n|\n|t:|1649171614\n|move|p2a: best Bunny|Aqua Jet|p1a: GLaDOS\n|-damage|p1a: GLaDOS|0 fnt\n|faint|p1a: GLaDOS\n|\n|upkeep\n|\n|t:|1649171618\n|switch|p1a: EsCa(SO4)2 Cosplay|Swampert, M|100\/100\n|-damage|p1a: EsCa(SO4)2 Cosplay|88\/100|[from] Spikes\n|-status|p1a: EsCa(SO4)2 Cosplay|psn\n|turn|14\n|\n|t:|1649171622\n|move|p2a: best Bunny|Rest|p2a: best Bunny\n|-status|p2a: best Bunny|slp|[from] move: Rest\n|-heal|p2a: best Bunny|100\/100 slp|[silent]\n|move|p1a: EsCa(SO4)2 Cosplay|Curse|p1a: EsCa(SO4)2 Cosplay\n|-unboost|p1a: EsCa(SO4)2 Cosplay|spe|1\n|-boost|p1a: EsCa(SO4)2 Cosplay|atk|1\n|-boost|p1a: EsCa(SO4)2 Cosplay|def|1\n|\n|-heal|p1a: EsCa(SO4)2 Cosplay|94\/100 psn|[from] item: Leftovers\n|-damage|p1a: EsCa(SO4)2 Cosplay|82\/100 psn|[from] psn\n|-fieldend|move: Trick Room\n|upkeep\n|turn|15\n|\n|t:|1649171633\n|switch|p2a: Persian > Incin|Persian-Alola, M|100\/100\n|move|p1a: EsCa(SO4)2 Cosplay|Curse|p1a: EsCa(SO4)2 Cosplay\n|-unboost|p1a: EsCa(SO4)2 Cosplay|spe|1\n|-boost|p1a: EsCa(SO4)2 Cosplay|atk|1\n|-boost|p1a: EsCa(SO4)2 Cosplay|def|1\n|\n|-heal|p1a: EsCa(SO4)2 Cosplay|88\/100 psn|[from] item: Leftovers\n|-damage|p1a: EsCa(SO4)2 Cosplay|76\/100 psn|[from] psn\n|upkeep\n|turn|16\n|\n|t:|1649171636\n|move|p2a: Persian > Incin|Nasty Plot|p2a: Persian > Incin\n|-boost|p2a: Persian > Incin|spa|2\n|move|p1a: EsCa(SO4)2 Cosplay|Rest|p1a: EsCa(SO4)2 Cosplay\n|-status|p1a: EsCa(SO4)2 Cosplay|slp|[from] move: Rest\n|-heal|p1a: EsCa(SO4)2 Cosplay|100\/100 slp|[silent]\n|\n|upkeep\n|turn|17\n|\n|t:|1649171639\n|move|p2a: Persian > Incin|Dark Pulse|p1a: EsCa(SO4)2 Cosplay\n|-damage|p1a: EsCa(SO4)2 Cosplay|51\/100 slp\n|cant|p1a: EsCa(SO4)2 Cosplay|slp\n|move|p1a: EsCa(SO4)2 Cosplay|Sleep Talk|p1a: EsCa(SO4)2 Cosplay\n|move|p1a: EsCa(SO4)2 Cosplay|Curse|p1a: EsCa(SO4)2 Cosplay|[from]move: Sleep Talk\n|-unboost|p1a: EsCa(SO4)2 Cosplay|spe|1\n|-boost|p1a: EsCa(SO4)2 Cosplay|atk|1\n|-boost|p1a: EsCa(SO4)2 Cosplay|def|1\n|\n|-heal|p1a: EsCa(SO4)2 Cosplay|58\/100 slp|[from] item: Leftovers\n|upkeep\n|turn|18\n|\n|t:|1649171645\n|move|p2a: Persian > Incin|Dark Pulse|p1a: EsCa(SO4)2 Cosplay\n|-damage|p1a: EsCa(SO4)2 Cosplay|7\/100 slp\n|cant|p1a: EsCa(SO4)2 Cosplay|slp\n|move|p1a: EsCa(SO4)2 Cosplay|Sleep Talk|p1a: EsCa(SO4)2 Cosplay\n|move|p1a: EsCa(SO4)2 Cosplay|Curse|p1a: EsCa(SO4)2 Cosplay|[from]move: Sleep Talk\n|-unboost|p1a: EsCa(SO4)2 Cosplay|spe|1\n|-boost|p1a: EsCa(SO4)2 Cosplay|atk|1\n|-boost|p1a: EsCa(SO4)2 Cosplay|def|1\n|\n|-heal|p1a: EsCa(SO4)2 Cosplay|13\/100 slp|[from] item: Leftovers\n|upkeep\n|turn|19\n|\n|t:|1649171654\n|move|p2a: Persian > Incin|Hypnosis|p1a: EsCa(SO4)2 Cosplay|[miss]\n|-miss|p2a: Persian > Incin|p1a: EsCa(SO4)2 Cosplay\n|-enditem|p2a: Persian > Incin|Blunder Policy\n|-boost|p2a: Persian > Incin|spe|2\n|-curestatus|p1a: EsCa(SO4)2 Cosplay|slp|[msg]\n|move|p1a: EsCa(SO4)2 Cosplay|Liquidation|p2a: Persian > Incin\n|-damage|p2a: Persian > Incin|0 fnt\n|faint|p2a: Persian > Incin\n|\n|-heal|p1a: EsCa(SO4)2 Cosplay|19\/100|[from] item: Leftovers\n|upkeep\n|\n|t:|1649171663\n|switch|p2a: Overrated|Kangaskhan, F|100\/100\n|turn|20\n|\n|t:|1649171667\n|move|p2a: Overrated|Secret Power|p1a: EsCa(SO4)2 Cosplay\n|-damage|p1a: EsCa(SO4)2 Cosplay|12\/100\n|move|p1a: EsCa(SO4)2 Cosplay|Rest|p1a: EsCa(SO4)2 Cosplay\n|-status|p1a: EsCa(SO4)2 Cosplay|slp|[from] move: Rest\n|-heal|p1a: EsCa(SO4)2 Cosplay|100\/100 slp|[silent]\n|\n|upkeep\n|turn|21\n|\n|t:|1649171675\n|detailschange|p2a: Overrated|Kangaskhan-Mega, F\n|-mega|p2a: Overrated|Kangaskhan|Kangaskhanite\n|move|p2a: Overrated|Power-Up Punch|p1a: EsCa(SO4)2 Cosplay\n|-crit|p1a: EsCa(SO4)2 Cosplay\n|-damage|p1a: EsCa(SO4)2 Cosplay|87\/100 slp\n|-boost|p2a: Overrated|atk|1\n|-damage|p1a: EsCa(SO4)2 Cosplay|85\/100 slp\n|-boost|p2a: Overrated|atk|1\n|-hitcount|p1a: EsCa(SO4)2 Cosplay|2\n|cant|p1a: EsCa(SO4)2 Cosplay|slp\n|\n|-heal|p1a: EsCa(SO4)2 Cosplay|92\/100 slp|[from] item: Leftovers\n|upkeep\n|turn|22\n|\n|t:|1649171678\n|move|p2a: Overrated|Power-Up Punch|p1a: EsCa(SO4)2 Cosplay\n|-damage|p1a: EsCa(SO4)2 Cosplay|85\/100 slp\n|-boost|p2a: Overrated|atk|1\n|-damage|p1a: EsCa(SO4)2 Cosplay|83\/100 slp\n|-boost|p2a: Overrated|atk|1\n|-hitcount|p1a: EsCa(SO4)2 Cosplay|2\n|cant|p1a: EsCa(SO4)2 Cosplay|slp\n|move|p1a: EsCa(SO4)2 Cosplay|Sleep Talk|p1a: EsCa(SO4)2 Cosplay\n|move|p1a: EsCa(SO4)2 Cosplay|Liquidation|p2a: Overrated|[from]move: Sleep Talk\n|-damage|p2a: Overrated|5\/100\n|\n|-heal|p1a: EsCa(SO4)2 Cosplay|90\/100 slp|[from] item: Leftovers\n|upkeep\n|turn|23\n|\n|t:|1649171696\n|move|p2a: Overrated|Secret Power|p1a: EsCa(SO4)2 Cosplay\n|-damage|p1a: EsCa(SO4)2 Cosplay|63\/100 slp\n|-damage|p1a: EsCa(SO4)2 Cosplay|57\/100 slp\n|-hitcount|p1a: EsCa(SO4)2 Cosplay|2\n|-curestatus|p1a: EsCa(SO4)2 Cosplay|slp|[msg]\n|move|p1a: EsCa(SO4)2 Cosplay|Liquidation|p2a: Overrated\n|-crit|p2a: Overrated\n|-damage|p2a: Overrated|0 fnt\n|faint|p2a: Overrated\n|\n|-heal|p1a: EsCa(SO4)2 Cosplay|63\/100|[from] item: Leftovers\n|upkeep\n|\n|t:|1649171699\n|switch|p2a: best Bunny|Azumarill, M|100\/100 slp\n|turn|24\n|\n|t:|1649171702\n|cant|p2a: best Bunny|slp\n|move|p1a: EsCa(SO4)2 Cosplay|Liquidation|p2a: best Bunny\n|-resisted|p2a: best Bunny\n|-damage|p2a: best Bunny|48\/100 slp\n|\n|-heal|p1a: EsCa(SO4)2 Cosplay|69\/100|[from] item: Leftovers\n|upkeep\n|turn|25\n|\n|t:|1649171705\n|cant|p2a: best Bunny|slp\n|move|p1a: EsCa(SO4)2 Cosplay|Liquidation|p2a: best Bunny\n|-resisted|p2a: best Bunny\n|-damage|p2a: best Bunny|0 fnt\n|faint|p2a: best Bunny\n|\n|win|Cpt Impact\n|c|\u2606Rediyu|gg\n","uploadtime":1649171713,"views":9,"p1id":"cptimpact","p2id":"rediyu","formatid":"gen8nationaldexag","rating":0,"private":0,"password":null}