{"id":"gen8unratedrandombattle-1703728117","p1":"A3720","p2":"tragicher0","format":"gen8unratedrandombattle","log":"|j|\u2606A3720\n|j|\u2606tragicher0\n|t:|1667690345\n|gametype|singles\n|player|p1|A3720|101|\n|player|p2|tragicher0|ninjaboy|\n|teamsize|p1|6\n|teamsize|p2|6\n|gen|8\n|tier|[Gen 8] Unrated Random Battle\n|rule|Species Clause: Limit one of each Pok\u00e9mon\n|rule|HP Percentage Mod: HP is shown in percentages\n|rule|Sleep Clause Mod: Limit one foe put to sleep\n|\n|t:|1667690345\n|start\n|switch|p1a: Shedinja|Shedinja, L88|1\/1\n|switch|p2a: Cherrim|Cherrim, L93, M|281\/281\n|turn|1\n|inactive|Battle timer is ON: inactive players will automatically lose when time's up. (requested by A3720)\n|inactive|tragicher0 has 120 seconds left.\n|inactive|tragicher0 has 90 seconds left.\n|inactive|tragicher0 has 60 seconds left.\n|inactive|tragicher0 has 30 seconds left.\n|inactive|tragicher0 has 20 seconds left.\n|inactive|tragicher0 has 15 seconds left.\n|\n|t:|1667690584\n|switch|p2a: Reshiram|Reshiram, L74|270\/270\n|-ability|p2a: Reshiram|Turboblaze\n|move|p1a: Shedinja|Poltergeist|p2a: Reshiram\n|-activate|p2a: Reshiram|move: Poltergeist|Heavy-Duty Boots\n|-damage|p2a: Reshiram|138\/270\n|\n|upkeep\n|turn|2\n|\n|t:|1667690601\n|switch|p1a: Urshifu|Urshifu-Rapid-Strike, L78, F|284\/284\n|move|p2a: Reshiram|Toxic|p1a: Urshifu\n|-status|p1a: Urshifu|tox\n|\n|-damage|p1a: Urshifu|267\/284 tox|[from] psn\n|upkeep\n|turn|3\n|\n|t:|1667690612\n|switch|p2a: Cherrim|Cherrim, L93, M|281\/281\n|move|p1a: Urshifu|Surging Strikes|p2a: Cherrim\n|-resisted|p2a: Cherrim\n|-crit|p2a: Cherrim\n|-damage|p2a: Cherrim|258\/281\n|-resisted|p2a: Cherrim\n|-crit|p2a: Cherrim\n|-damage|p2a: Cherrim|234\/281\n|-resisted|p2a: Cherrim\n|-crit|p2a: Cherrim\n|-damage|p2a: Cherrim|211\/281\n|-hitcount|p2a: Cherrim|3\n|\n|-heal|p1a: Urshifu|284\/284 tox|[from] item: Leftovers\n|-damage|p1a: Urshifu|250\/284 tox|[from] psn\n|upkeep\n|turn|4\n|inactive|A3720 has 120 seconds left.\n|\n|t:|1667690645\n|switch|p1a: Shedinja|Shedinja, L88|1\/1\n|move|p2a: Cherrim|Energy Ball|p1a: Shedinja\n|-immune|p1a: Shedinja|[from] ability: Wonder Guard\n|\n|upkeep\n|turn|5\n|\n|t:|1667690660\n|switch|p2a: Grimmsnarl|Grimmsnarl, L82, M|290\/290\n|move|p1a: Shedinja|Poltergeist|p2a: Grimmsnarl\n|-activate|p2a: Grimmsnarl|move: Poltergeist|Light Clay\n|-resisted|p2a: Grimmsnarl\n|-damage|p2a: Grimmsnarl|219\/290\n|\n|upkeep\n|turn|6\n|inactive|A3720 has 120 seconds left.\n|\n|t:|1667690684\n|switch|p1a: Registeel|Registeel, L83|268\/268\n|move|p2a: Grimmsnarl|Reflect|p2a: Grimmsnarl\n|-sidestart|p2: tragicher0|Reflect\n|\n|upkeep\n|turn|7\n|\n|t:|1667690696\n|move|p2a: Grimmsnarl|Light Screen|p2a: Grimmsnarl\n|-sidestart|p2: tragicher0|move: Light Screen\n|move|p1a: Registeel|Toxic|p2a: Grimmsnarl\n|-status|p2a: Grimmsnarl|tox\n|\n|-damage|p2a: Grimmsnarl|201\/290 tox|[from] psn\n|upkeep\n|turn|8\n|inactive|A3720 has 120 seconds left.\n|\n|t:|1667690724\n|switch|p2a: Machamp|Machamp, L82, M|282\/282\n|switch|p1a: Abomasnow|Abomasnow, L82, F|282\/282\n|-weather|Hail|[from] ability: Snow Warning|[of] p1a: Abomasnow\n|\n|-weather|Hail|[upkeep]\n|-damage|p2a: Machamp|265\/282|[from] Hail\n|upkeep\n|turn|9\n|inactive|A3720 has 120 seconds left.\n|\n|t:|1667690753\n|move|p1a: Abomasnow|Aurora Veil|p1a: Abomasnow\n|-sidestart|p1: A3720|move: Aurora Veil\n|move|p2a: Machamp|Dynamic Punch|p1a: Abomasnow\n|-supereffective|p1a: Abomasnow\n|-damage|p1a: Abomasnow|69\/282\n|-start|p1a: Abomasnow|confusion\n|\n|-weather|Hail|[upkeep]\n|-damage|p2a: Machamp|248\/282|[from] Hail\n|upkeep\n|turn|10\n|\n|t:|1667690764\n|-activate|p1a: Abomasnow|confusion\n|move|p1a: Abomasnow|Ice Shard|p2a: Machamp\n|-damage|p2a: Machamp|224\/282\n|move|p2a: Machamp|Dynamic Punch|p1a: Abomasnow\n|-supereffective|p1a: Abomasnow\n|-damage|p1a: Abomasnow|0 fnt\n|faint|p1a: Abomasnow\n|\n|-weather|Hail|[upkeep]\n|-damage|p2a: Machamp|207\/282|[from] Hail\n|upkeep\n|inactive|A3720 has 90 seconds left.\n|\n|t:|1667690806\n|switch|p1a: Articuno|Articuno-Galar, L80|275\/275\n|turn|11\n|inactive|tragicher0 has 90 seconds left.\n|\n|t:|1667690812\n|switch|p2a: Grimmsnarl|Grimmsnarl, L82, M|201\/290 tox\n|move|p1a: Articuno|Calm Mind|p1a: Articuno\n|-boost|p1a: Articuno|spa|1\n|-boost|p1a: Articuno|spd|1\n|\n|-weather|Hail|[upkeep]\n|-damage|p1a: Articuno|258\/275|[from] Hail\n|-damage|p2a: Grimmsnarl|183\/290 tox|[from] Hail\n|-damage|p2a: Grimmsnarl|165\/290 tox|[from] psn\n|upkeep\n|turn|12\n|inactive|tragicher0 has 90 seconds left.\n|inactive|A3720 has 60 seconds left.\n|\n|t:|1667690856\n|switch|p1a: Registeel|Registeel, L83|268\/268\n|move|p2a: Grimmsnarl|Thunder Wave|p1a: Registeel|[miss]\n|-miss|p2a: Grimmsnarl|p1a: Registeel\n|\n|-weather|none\n|-damage|p2a: Grimmsnarl|129\/290 tox|[from] psn\n|upkeep\n|turn|13\n|\n|t:|1667690865\n|switch|p2a: Reshiram|Reshiram, L74|138\/270\n|-ability|p2a: Reshiram|Turboblaze\n|move|p1a: Registeel|Iron Head|p2a: Reshiram\n|-resisted|p2a: Reshiram\n|-damage|p2a: Reshiram|121\/270\n|\n|-sideend|p2: tragicher0|Reflect\n|upkeep\n|turn|14\n|inactive|A3720 has 60 seconds left.\n|\n|t:|1667690886\n|move|p2a: Reshiram|Roost|p2a: Reshiram\n|-heal|p2a: Reshiram|256\/270\n|-singleturn|p2a: Reshiram|move: Roost\n|move|p1a: Registeel|Toxic|p2a: Reshiram|[miss]\n|-miss|p1a: Registeel|p2a: Reshiram\n|\n|-sideend|p2: tragicher0|move: Light Screen\n|upkeep\n|turn|15\n|\n|t:|1667690900\n|move|p2a: Reshiram|Blue Flare|p1a: Registeel\n|-supereffective|p1a: Registeel\n|-damage|p1a: Registeel|160\/268\n|-status|p1a: Registeel|brn\n|move|p1a: Registeel|Toxic|p2a: Reshiram\n|-status|p2a: Reshiram|tox\n|\n|-damage|p2a: Reshiram|240\/270 tox|[from] psn\n|-damage|p1a: Registeel|144\/268 brn|[from] brn\n|upkeep\n|turn|16\n|inactive|A3720 has 60 seconds left.\n|inactive|tragicher0 has 90 seconds left.\n|\n|t:|1667690928\n|move|p2a: Reshiram|Blue Flare|p1a: Registeel\n|-supereffective|p1a: Registeel\n|-damage|p1a: Registeel|45\/268 brn\n|move|p1a: Registeel|Rest|p1a: Registeel\n|-status|p1a: Registeel|slp|[from] move: Rest\n|-heal|p1a: Registeel|268\/268 slp|[silent]\n|-enditem|p1a: Registeel|Chesto Berry|[eat]\n|-curestatus|p1a: Registeel|slp|[msg]\n|\n|-damage|p2a: Reshiram|208\/270 tox|[from] psn\n|-sideend|p1: A3720|move: Aurora Veil\n|upkeep\n|turn|17\n|inactive|tragicher0 has 90 seconds left.\n|\n|t:|1667690941\n|switch|p1a: Urshifu|Urshifu-Rapid-Strike, L78, F|250\/284 tox\n|move|p2a: Reshiram|Blue Flare|p1a: Urshifu\n|-resisted|p1a: Urshifu\n|-damage|p1a: Urshifu|150\/284 tox\n|\n|-heal|p1a: Urshifu|167\/284 tox|[from] item: Leftovers\n|-damage|p1a: Urshifu|150\/284 tox|[from] psn\n|-damage|p2a: Reshiram|160\/270 tox|[from] psn\n|upkeep\n|turn|18\n|inactive|tragicher0 has 90 seconds left.\n|\n|t:|1667690966\n|switch|p2a: Cherrim|Cherrim, L93, M|211\/281\n|move|p1a: Urshifu|Drain Punch|p2a: Cherrim\n|-damage|p2a: Cherrim|123\/281\n|-heal|p1a: Urshifu|194\/284 tox|[from] drain|[of] p2a: Cherrim\n|\n|-heal|p1a: Urshifu|211\/284 tox|[from] item: Leftovers\n|-damage|p1a: Urshifu|177\/284 tox|[from] psn\n|upkeep\n|turn|19\n|inactive|tragicher0 has 90 seconds left.\n|\n|t:|1667690997\n|switch|p1a: Shedinja|Shedinja, L88|1\/1\n|move|p2a: Cherrim|Healing Wish|p2a: Cherrim\n|faint|p2a: Cherrim\n|\n|upkeep\n|\n|t:|1667691006\n|switch|p2a: Reshiram|Reshiram, L74|160\/270 tox\n|-heal|p2a: Reshiram|270\/270|[from] move: Healing Wish\n|-ability|p2a: Reshiram|Turboblaze\n|turn|20\n|inactive|A3720 has 60 seconds left.\n|inactive|A3720 has 30 seconds left.\n|inactive|A3720 has 20 seconds left.\n|inactive|A3720 has 15 seconds left.\n|inactive|A3720 has 10 seconds left.\n|\n|t:|1667691065\n|switch|p1a: Urshifu|Urshifu-Rapid-Strike, L78, F|177\/284 tox\n|move|p2a: Reshiram|Draco Meteor|p1a: Urshifu\n|-damage|p1a: Urshifu|0 fnt\n|-unboost|p2a: Reshiram|spa|2\n|faint|p1a: Urshifu\n|\n|upkeep\n|inactive|A3720 has 15 seconds left this turn.\n|inactive|A3720 has 10 seconds left.\n|\n|t:|1667691073\n|switch|p1a: Articuno|Articuno-Galar, L80|258\/275\n|turn|21\n|inactive|A3720 has 20 seconds left this turn.\n|\n|t:|1667691080\n|move|p1a: Articuno|Calm Mind|p1a: Articuno\n|-boost|p1a: Articuno|spa|1\n|-boost|p1a: Articuno|spd|1\n|move|p2a: Reshiram|Toxic|p1a: Articuno\n|-status|p1a: Articuno|tox\n|\n|-damage|p1a: Articuno|241\/275 tox|[from] psn\n|upkeep\n|turn|22\n|inactive|A3720 has 30 seconds left this turn.\n|\n|t:|1667691103\n|switch|p2a: Grimmsnarl|Grimmsnarl, L82, M|129\/290 tox\n|-start|p1a: Articuno|Dynamax|\n|-heal|p1a: Articuno|482\/550 tox|[silent]\n|move|p1a: Articuno|Max Airstream|p2a: Grimmsnarl\n|-damage|p2a: Grimmsnarl|0 fnt\n|-boost|p1a: Articuno|spe|1\n|faint|p2a: Grimmsnarl\n|\n|-damage|p1a: Articuno|448\/550 tox|[from] psn\n|upkeep\n|inactive|A3720 has 30 seconds left this turn.\n|inactive|tragicher0 has 60 seconds left.\n|\n|t:|1667691131\n|switch|p2a: Drampa|Drampa, L86, F|274\/274\n|turn|23\n|\n|t:|1667691139\n|move|p1a: Articuno|Max Mindstorm|p2a: Drampa\n|-damage|p2a: Drampa|58\/274\n|-fieldstart|move: Psychic Terrain\n|move|p2a: Drampa|Thunderbolt|p1a: Articuno\n|-supereffective|p1a: Articuno\n|-damage|p1a: Articuno|292\/550 tox\n|\n|-damage|p1a: Articuno|241\/550 tox|[from] psn\n|upkeep\n|turn|24\n|\n|t:|1667691149\n|move|p1a: Articuno|Max Airstream|p2a: Drampa\n|-damage|p2a: Drampa|0 fnt\n|-boost|p1a: Articuno|spe|1\n|faint|p2a: Drampa\n|\n|-damage|p1a: Articuno|173\/550 tox|[from] psn\n|upkeep\n|\n|t:|1667691157\n|switch|p2a: Reshiram|Reshiram, L74|270\/270\n|-ability|p2a: Reshiram|Turboblaze\n|-end|p1a: Articuno|Dynamax\n|-heal|p1a: Articuno|87\/275 tox|[silent]\n|turn|25\n|inactive|tragicher0 has 60 seconds left.\n|\n|t:|1667691179\n|switch|p2a: Machamp|Machamp, L82, M|207\/282\n|move|p1a: Articuno|Recover|p1a: Articuno\n|-heal|p1a: Articuno|225\/275 tox\n|\n|-damage|p1a: Articuno|140\/275 tox|[from] psn\n|upkeep\n|turn|26\n|\n|t:|1667691195\n|move|p2a: Machamp|Bullet Punch|p1a: Articuno\n|-hint|Psychic Terrain doesn't affect Pok\u00e9mon immune to Ground.\n|-damage|p1a: Articuno|88\/275 tox\n|move|p1a: Articuno|Freezing Glare|p2a: Machamp\n|-supereffective|p2a: Machamp\n|-damage|p2a: Machamp|0 fnt\n|faint|p2a: Machamp\n|\n|-damage|p1a: Articuno|0 fnt|[from] psn\n|faint|p1a: Articuno\n|upkeep\n|\n|t:|1667691211\n|switch|p1a: Registeel|Registeel, L83|268\/268\n|switch|p2a: Reshiram|Reshiram, L74|270\/270\n|-ability|p2a: Reshiram|Turboblaze\n|turn|27\n|\n|t:|1667691222\n|-start|p2a: Reshiram|Dynamax|\n|-heal|p2a: Reshiram|540\/540|[silent]\n|move|p2a: Reshiram|Max Flare|p1a: Registeel\n|-supereffective|p1a: Registeel\n|-damage|p1a: Registeel|46\/268\n|-weather|SunnyDay\n|move|p1a: Registeel|Toxic|p2a: Reshiram\n|-status|p2a: Reshiram|tox\n|\n|-weather|SunnyDay|[upkeep]\n|-damage|p2a: Reshiram|524\/540 tox|[from] psn\n|-fieldend|move: Psychic Terrain\n|upkeep\n|turn|28\n|\n|t:|1667691245\n|switch|p1a: Shedinja|Shedinja, L88|1\/1\n|move|p2a: Reshiram|Max Flare|p1a: Shedinja\n|-supereffective|p1a: Shedinja\n|-damage|p1a: Shedinja|0 fnt\n|faint|p1a: Shedinja\n|\n|-weather|SunnyDay|[upkeep]\n|-damage|p2a: Reshiram|492\/540 tox|[from] psn\n|upkeep\n|\n|t:|1667691253\n|switch|p1a: Registeel|Registeel, L83|46\/268\n|turn|29\n|\n|t:|1667691258\n|move|p2a: Reshiram|Max Flare|p1a: Registeel\n|-supereffective|p1a: Registeel\n|-damage|p1a: Registeel|0 fnt\n|faint|p1a: Registeel\n|\n|-weather|SunnyDay|[upkeep]\n|-damage|p2a: Reshiram|444\/540 tox|[from] psn\n|upkeep\n|\n|t:|1667691262\n|switch|p1a: Frosmoth|Frosmoth, L82, M|249\/249\n|-end|p2a: Reshiram|Dynamax\n|-heal|p2a: Reshiram|222\/270 tox|[silent]\n|turn|30\n|\n|t:|1667691270\n|move|p2a: Reshiram|Blue Flare|p1a: Frosmoth\n|-supereffective|p1a: Frosmoth\n|-damage|p1a: Frosmoth|0 fnt\n|faint|p1a: Frosmoth\n|\n|win|tragicher0\n|l|\u2606A3720\n|c|\u2606tragicher0|get gged\n","inputlog":">version 64bd7780963bb8912946b73c4d69c4a2054e31b7\n>start {\"formatid\":\"gen8unratedrandombattle\",\"seed\":[19061,59778,43425,2926]}\n>player p1 {\"name\":\"A3720\",\"avatar\":\"101\",\"rating\":0,\"seed\":[42109,19811,9770,52624]}\n>player p2 {\"name\":\"tragicher0\",\"avatar\":\"ninjaboy\",\"rating\":0,\"seed\":[33072,28666,23399,47959]}\n>p1 move poltergeist\n>p2 switch 3\n>p1 switch 3\n>p2 move toxic\n>p1 move surgingstrikes\n>p2 switch 3\n>p1 switch 3\n>p2 move energyball\n>p1 move poltergeist\n>p2 switch 4\n>p1 switch 5\n>p2 move reflect\n>p1 move toxic\n>p2 move lightscreen\n>p1 switch 4\n>p2 switch 6\n>p1 move auroraveil\n>p2 move dynamicpunch\n>p1 move iceshard\n>p2 move dynamicpunch\n>p1 switch 6\n>p1 move calmmind\n>p2 switch 6\n>p1 switch 4\n>p2 move thunderwave\n>p1 move ironhead\n>p2 switch 3\n>p1 move toxic\n>p2 move roost\n>p1 move toxic\n>p2 move blueflare\n>p1 move rest\n>p2 move blueflare\n>p1 switch 3\n>p2 move blueflare\n>p1 move drainpunch\n>p2 switch 4\n>p1 switch 5\n>p2 move healingwish\n>p2 switch 4\n>p1 switch 5\n>p2 move dracometeor\n>p1 switch 4\n>p1 move calmmind\n>p2 move toxic\n>p1 move airslash dynamax\n>p2 switch 3\n>p2 switch 2\n>p1 move freezingglare dynamax\n>p2 move thunderbolt\n>p1 move airslash dynamax\n>p2 move thunderbolt\n>p2 switch 3\n>p1 move recover\n>p2 switch 6\n>p1 move freezingglare\n>p2 move bulletpunch\n>p1 switch 3\n>p2 switch 6\n>p1 move toxic\n>p2 move blueflare dynamax\n>p1 switch 5\n>p2 move blueflare dynamax\n>p1 switch 5\n>p1 move rest\n>p2 move blueflare dynamax\n>p1 switch 2\n>p1 move quiverdance\n>p2 move blueflare","uploadtime":1667691279,"views":2,"p1id":"a3720","p2id":"tragicher0","formatid":"gen8unratedrandombattle","rating":0,"private":0,"password":null}