{"id":"gen8ubers-1112044835","p1":"Blue chen","p2":"passanger51632","format":"gen8ubers","log":"|j|\u2606Blue chen\n|j|\u2606passanger51632\n|player|p1|Blue chen|karen|1725\n|player|p2|passanger51632|169|1592\n|teamsize|p1|6\n|teamsize|p2|6\n|gametype|singles\n|gen|8\n|tier|[Gen 8] Ubers\n|rated|\n|clearpoke\n|poke|p1|Pelipper, M|\n|poke|p1|Drednaw, M|\n|poke|p1|Runerigus, M|\n|poke|p1|Eternatus|\n|poke|p1|Necrozma-Dusk-Mane|\n|poke|p1|Zacian-Crowned|\n|poke|p2|Lunala|\n|poke|p2|Clefable, F|\n|poke|p2|Toxapex, M|\n|poke|p2|Umbreon, M|\n|poke|p2|Quagsire, F|\n|poke|p2|Reshiram|\n|rule|Sleep Clause Mod: Limit one foe put to sleep\n|rule|Species Clause: Limit one of each Pok\u00e9mon\n|rule|OHKO Clause: OHKO moves are banned\n|rule|Evasion Moves Clause: Evasion moves are banned\n|rule|Endless Battle Clause: Forcing endless battles is banned\n|rule|HP Percentage Mod: HP is shown in percentages\n|html|Ubers Dynamax Clause: Pok\u00e9mon on the <a href=\"https:\/\/www.smogon.com\/dex\/ss\/formats\/uber\/\">Ubers Dynamax Banlist<\/a> cannot Dynamax.\n|teampreview\n|\n|start\n|switch|p1a: Eternatus|Eternatus|100\/100\n|switch|p2a: Clefable|Clefable, F|100\/100\n|-ability|p1a: Eternatus|Pressure\n|turn|1\n|\n|move|p1a: Eternatus|Substitute|p1a: Eternatus\n|-start|p1a: Eternatus|Substitute\n|-damage|p1a: Eternatus|76\/100\n|move|p2a: Clefable|Stealth Rock|p1a: Eternatus\n|-sidestart|p1: Blue chen|move: Stealth Rock\n|\n|-heal|p1a: Eternatus|82\/100|[from] item: Black Sludge\n|upkeep\n|turn|2\n|\n|move|p1a: Eternatus|Toxic Spikes|p2a: Clefable\n|-sidestart|p2: passanger51632|move: Toxic Spikes\n|move|p2a: Clefable|Calm Mind|p2a: Clefable\n|-boost|p2a: Clefable|spa|1\n|-boost|p2a: Clefable|spd|1\n|\n|-heal|p1a: Eternatus|88\/100|[from] item: Black Sludge\n|upkeep\n|turn|3\n|\n|switch|p1a: Necrozma|Necrozma-Dusk-Mane|100\/100\n|-damage|p1a: Necrozma|94\/100|[from] Stealth Rock\n|move|p2a: Clefable|Calm Mind|p2a: Clefable\n|-boost|p2a: Clefable|spa|1\n|-boost|p2a: Clefable|spd|1\n|\n|-heal|p1a: Necrozma|100\/100|[from] item: Leftovers\n|upkeep\n|turn|4\n|j| u1s1aaaa\n|\n|switch|p2a: Toxapex|Toxapex, M|100\/100\n|-sideend|p2: passanger51632|move: Toxic Spikes|[of] p2a: Toxapex\n|move|p1a: Necrozma|Swords Dance|p1a: Necrozma\n|-boost|p1a: Necrozma|atk|2\n|\n|upkeep\n|turn|5\n|\n|switch|p2a: Lunala|Lunala|100\/100\n|move|p1a: Necrozma|Photon Geyser|p2a: Lunala\n|-resisted|p2a: Lunala\n|-damage|p2a: Lunala|79\/100\n|\n|upkeep\n|turn|6\n|\n|switch|p1a: Pelipper|Pelipper, M|100\/100\n|-damage|p1a: Pelipper|75\/100|[from] Stealth Rock\n|-weather|RainDance|[from] ability: Drizzle|[of] p1a: Pelipper\n|move|p2a: Lunala|Will-O-Wisp|p1a: Pelipper\n|-status|p1a: Pelipper|brn\n|\n|-weather|RainDance|[upkeep]\n|-damage|p1a: Pelipper|69\/100 brn|[from] brn\n|upkeep\n|turn|7\n|\n|move|p2a: Lunala|Hex|p1a: Pelipper\n|-damage|p1a: Pelipper|0 fnt\n|faint|p1a: Pelipper\n|\n|-weather|RainDance|[upkeep]\n|upkeep\n|\n|switch|p1a: Drednaw|Drednaw, M|100\/100\n|-damage|p1a: Drednaw|88\/100|[from] Stealth Rock\n|turn|8\n|\n|switch|p2a: Toxapex|Toxapex, M|100\/100\n|move|p1a: Drednaw|Jaw Lock|p2a: Toxapex\n|-damage|p2a: Toxapex|81\/100\n|-activate|p1a: Drednaw|trapped\n|-activate|p2a: Toxapex|trapped\n|-damage|p1a: Drednaw|78\/100|[from] item: Life Orb\n|\n|-weather|RainDance|[upkeep]\n|-heal|p2a: Toxapex|87\/100|[from] item: Black Sludge\n|upkeep\n|turn|9\n|\n|-start|p1a: Drednaw|Dynamax\n|-formechange|p1a: Drednaw|Drednaw-Gmax\n|-heal|p1a: Drednaw|78\/100|[silent]\n|move|p1a: Drednaw|Max Quake|p2a: Toxapex\n|-supereffective|p2a: Toxapex\n|-damage|p2a: Toxapex|20\/100\n|-boost|p1a: Drednaw|spd|1\n|-damage|p1a: Drednaw|73\/100|[from] item: Life Orb\n|move|p2a: Toxapex|Scald|p1a: Drednaw\n|-damage|p1a: Drednaw|61\/100\n|\n|-weather|RainDance|[upkeep]\n|-heal|p2a: Toxapex|26\/100|[from] item: Black Sludge\n|upkeep\n|turn|10\n|\n|move|p2a: Toxapex|Baneful Bunker|p2a: Toxapex\n|-singleturn|p2a: Toxapex|move: Protect\n|move|p1a: Drednaw|G-Max Stonesurge|p2a: Toxapex\n|-resisted|p2a: Toxapex\n|-zbroken|p2a: Toxapex\n|-damage|p2a: Toxapex|17\/100\n|-sidestart|p2: passanger51632|move: Stealth Rock\n|-damage|p1a: Drednaw|56\/100|[from] item: Life Orb\n|\n|-weather|RainDance|[upkeep]\n|-heal|p2a: Toxapex|24\/100|[from] item: Black Sludge\n|upkeep\n|turn|11\n|\n|move|p1a: Drednaw|Max Quake|p2a: Toxapex\n|-supereffective|p2a: Toxapex\n|-damage|p2a: Toxapex|0 fnt\n|-boost|p1a: Drednaw|spd|1\n|-damage|p1a: Drednaw|51\/100|[from] item: Life Orb\n|faint|p2a: Toxapex\n|\n|-weather|RainDance|[upkeep]\n|-end|p1a: Drednaw|Dynamax\n|-formechange|p1a: Drednaw|Drednaw\n|-heal|p1a: Drednaw|52\/100|[silent]\n|upkeep\n|\n|switch|p2a: Quagsire|Quagsire, F|100\/100\n|-damage|p2a: Quagsire|94\/100|[from] Stealth Rock\n|turn|12\n|\n|move|p1a: Drednaw|Liquidation|p2a: Quagsire\n|-crit|p2a: Quagsire\n|-damage|p2a: Quagsire|12\/100\n|-damage|p1a: Drednaw|42\/100|[from] item: Life Orb\n|move|p2a: Quagsire|Recover|p2a: Quagsire\n|-heal|p2a: Quagsire|62\/100\n|\n|-weather|RainDance|[upkeep]\n|-heal|p2a: Quagsire|68\/100|[from] item: Leftovers\n|upkeep\n|turn|13\n|\n|move|p1a: Drednaw|Liquidation|p2a: Quagsire\n|-damage|p2a: Quagsire|13\/100\n|-damage|p1a: Drednaw|32\/100|[from] item: Life Orb\n|move|p2a: Quagsire|Recover|p2a: Quagsire\n|-heal|p2a: Quagsire|63\/100\n|\n|-weather|none\n|-heal|p2a: Quagsire|70\/100|[from] item: Leftovers\n|upkeep\n|turn|14\n|\n|move|p1a: Drednaw|Liquidation|p2a: Quagsire\n|-damage|p2a: Quagsire|31\/100\n|-damage|p1a: Drednaw|22\/100|[from] item: Life Orb\n|move|p2a: Quagsire|Recover|p2a: Quagsire\n|-heal|p2a: Quagsire|81\/100\n|\n|-heal|p2a: Quagsire|87\/100|[from] item: Leftovers\n|upkeep\n|turn|15\n|\n|move|p1a: Drednaw|Liquidation|p2a: Quagsire\n|-damage|p2a: Quagsire|48\/100\n|-damage|p1a: Drednaw|12\/100|[from] item: Life Orb\n|move|p2a: Quagsire|Recover|p2a: Quagsire\n|-heal|p2a: Quagsire|98\/100\n|\n|-heal|p2a: Quagsire|100\/100|[from] item: Leftovers\n|upkeep\n|turn|16\n|\n|move|p1a: Drednaw|Liquidation|p2a: Quagsire\n|-damage|p2a: Quagsire|62\/100\n|-damage|p1a: Drednaw|2\/100|[from] item: Life Orb\n|move|p2a: Quagsire|Recover|p2a: Quagsire\n|-heal|p2a: Quagsire|100\/100\n|\n|upkeep\n|turn|17\n|\n|move|p1a: Drednaw|Liquidation|p2a: Quagsire\n|-damage|p2a: Quagsire|63\/100\n|-unboost|p2a: Quagsire|def|1\n|-damage|p1a: Drednaw|0 fnt|[from] item: Life Orb\n|faint|p1a: Drednaw\n|move|p2a: Quagsire|Recover|p2a: Quagsire\n|-heal|p2a: Quagsire|100\/100\n|\n|upkeep\n|\n|switch|p1a: Runerigus|Runerigus, M|100\/100\n|-damage|p1a: Runerigus|95\/100|[from] Stealth Rock\n|turn|18\n|\n|switch|p2a: Umbreon|Umbreon, M|100\/100\n|-damage|p2a: Umbreon|88\/100|[from] Stealth Rock\n|move|p1a: Runerigus|Substitute|p1a: Runerigus\n|-start|p1a: Runerigus|Substitute\n|-damage|p1a: Runerigus|70\/100\n|\n|-heal|p2a: Umbreon|94\/100|[from] item: Leftovers\n|-heal|p1a: Runerigus|76\/100|[from] item: Leftovers\n|upkeep\n|turn|19\n|\n|switch|p1a: Eternatus|Eternatus|88\/100\n|-damage|p1a: Eternatus|76\/100|[from] Stealth Rock\n|-ability|p1a: Eternatus|Pressure\n|move|p2a: Umbreon|Foul Play|p1a: Eternatus\n|-damage|p1a: Eternatus|58\/100\n|\n|-heal|p1a: Eternatus|64\/100|[from] item: Black Sludge\n|-heal|p2a: Umbreon|99\/100|[from] item: Leftovers\n|upkeep\n|turn|20\n|\n|move|p1a: Eternatus|Substitute|p1a: Eternatus\n|-start|p1a: Eternatus|Substitute\n|-damage|p1a: Eternatus|40\/100\n|move|p2a: Umbreon|Wish|p2a: Umbreon\n|\n|-heal|p1a: Eternatus|46\/100|[from] item: Black Sludge\n|-heal|p2a: Umbreon|100\/100|[from] item: Leftovers\n|upkeep\n|turn|21\n|\n|switch|p2a: Lunala|Lunala|79\/100\n|move|p1a: Eternatus|Toxic Spikes|p2a: Lunala\n|-sidestart|p2: passanger51632|move: Toxic Spikes\n|\n|-heal|p2a: Lunala|100\/100|[from] move: Wish|[wisher] Umbreon\n|-heal|p1a: Eternatus|52\/100|[from] item: Black Sludge\n|upkeep\n|turn|22\n|j| doomcent\n|\n|switch|p2a: Clefable|Clefable, F|100\/100\n|-status|p2a: Clefable|psn\n|move|p1a: Eternatus|Toxic Spikes|p2a: Clefable\n|-sidestart|p2: passanger51632|move: Toxic Spikes\n|\n|-heal|p1a: Eternatus|58\/100|[from] item: Black Sludge\n|upkeep\n|turn|23\n|\n|switch|p1a: Runerigus|Runerigus, M|76\/100\n|-damage|p1a: Runerigus|70\/100|[from] Stealth Rock\n|move|p2a: Clefable|Moonblast|p1a: Runerigus\n|-damage|p1a: Runerigus|47\/100\n|\n|-heal|p1a: Runerigus|53\/100|[from] item: Leftovers\n|upkeep\n|turn|24\n|\n|switch|p2a: Reshiram|Reshiram|100\/100\n|-ability|p2a: Reshiram|Turboblaze\n|move|p1a: Runerigus|Substitute|p1a: Runerigus\n|-start|p1a: Runerigus|Substitute\n|-damage|p1a: Runerigus|28\/100\n|\n|-heal|p1a: Runerigus|34\/100|[from] item: Leftovers\n|upkeep\n|turn|25\n|\n|move|p2a: Reshiram|Dragon Pulse|p1a: Runerigus\n|-end|p1a: Runerigus|Substitute\n|move|p1a: Runerigus|Earthquake|p2a: Reshiram\n|-supereffective|p2a: Reshiram\n|-damage|p2a: Reshiram|35\/100\n|\n|-heal|p1a: Runerigus|40\/100|[from] item: Leftovers\n|upkeep\n|turn|26\n|\n|switch|p1a: Zacian|Zacian-Crowned|100\/100\n|-damage|p1a: Zacian|94\/100|[from] Stealth Rock\n|-ability|p1a: Zacian|Intrepid Sword|boost\n|-boost|p1a: Zacian|atk|1\n|move|p2a: Reshiram|Defog|p1a: Zacian\n|-unboost|p1a: Zacian|evasion|1\n|-sideend|p1: Blue chen|Stealth Rock|[from] move: Defog|[of] p2a: Reshiram\n|-sideend|p2: passanger51632|Toxic Spikes|[from] move: Defog|[of] p2a: Reshiram\n|-sideend|p2: passanger51632|Stealth Rock|[from] move: Defog|[of] p2a: Reshiram\n|\n|upkeep\n|turn|27\n|\n|switch|p1a: Eternatus|Eternatus|58\/100\n|-ability|p1a: Eternatus|Pressure\n|switch|p2a: Quagsire|Quagsire, F|100\/100\n|\n|-heal|p1a: Eternatus|64\/100|[from] item: Black Sludge\n|upkeep\n|turn|28\n|\n|move|p1a: Eternatus|Toxic Spikes|p2a: Quagsire\n|-sidestart|p2: passanger51632|move: Toxic Spikes\n|move|p2a: Quagsire|Earthquake|p1a: Eternatus\n|-supereffective|p1a: Eternatus\n|-damage|p1a: Eternatus|9\/100\n|\n|-heal|p1a: Eternatus|15\/100|[from] item: Black Sludge\n|upkeep\n|turn|29\n|\n|switch|p1a: Runerigus|Runerigus, M|40\/100\n|move|p2a: Quagsire|Earthquake|p1a: Runerigus\n|-damage|p1a: Runerigus|17\/100\n|\n|-heal|p1a: Runerigus|23\/100|[from] item: Leftovers\n|upkeep\n|turn|30\n|\n|move|p2a: Quagsire|Scald|p1a: Runerigus\n|-supereffective|p1a: Runerigus\n|-damage|p1a: Runerigus|0 fnt\n|faint|p1a: Runerigus\n|\n|upkeep\n|\n|switch|p1a: Eternatus|Eternatus|15\/100\n|-ability|p1a: Eternatus|Pressure\n|turn|31\n|\n|move|p1a: Eternatus|Dynamax Cannon|p2a: Quagsire\n|-damage|p2a: Quagsire|33\/100\n|move|p2a: Quagsire|Earthquake|p1a: Eternatus\n|-supereffective|p1a: Eternatus\n|-damage|p1a: Eternatus|0 fnt\n|faint|p1a: Eternatus\n|\n|-heal|p2a: Quagsire|40\/100|[from] item: Leftovers\n|upkeep\n|\n|switch|p1a: Necrozma|Necrozma-Dusk-Mane|100\/100\n|turn|32\n|\n|move|p1a: Necrozma|Photon Geyser|p2a: Quagsire\n|-damage|p2a: Quagsire|2\/100\n|move|p2a: Quagsire|Recover|p2a: Quagsire\n|-heal|p2a: Quagsire|52\/100\n|\n|-heal|p2a: Quagsire|58\/100|[from] item: Leftovers\n|upkeep\n|turn|33\n|\n|move|p2a: Quagsire|Recover|p2a: Quagsire\n|-heal|p2a: Quagsire|100\/100\n|move|p1a: Necrozma|Trick Room|p1a: Necrozma\n|-fieldstart|move: Trick Room|[of] p1a: Necrozma\n|\n|upkeep\n|turn|34\n|\n|move|p2a: Quagsire|Scald|p1a: Necrozma\n|-damage|p1a: Necrozma|86\/100\n|move|p1a: Necrozma|Swords Dance|p1a: Necrozma\n|-boost|p1a: Necrozma|atk|2\n|\n|-heal|p1a: Necrozma|92\/100|[from] item: Leftovers\n|upkeep\n|turn|35\n|\n|move|p2a: Quagsire|Scald|p1a: Necrozma\n|-damage|p1a: Necrozma|79\/100\n|move|p1a: Necrozma|Photon Geyser|p2a: Quagsire\n|-damage|p2a: Quagsire|33\/100\n|\n|-heal|p2a: Quagsire|40\/100|[from] item: Leftovers\n|-heal|p1a: Necrozma|85\/100|[from] item: Leftovers\n|upkeep\n|turn|36\n|\n|move|p2a: Quagsire|Recover|p2a: Quagsire\n|-heal|p2a: Quagsire|90\/100\n|move|p1a: Necrozma|Sunsteel Strike|p2a: Quagsire\n|-resisted|p2a: Quagsire\n|-damage|p2a: Quagsire|52\/100\n|\n|-heal|p2a: Quagsire|58\/100|[from] item: Leftovers\n|-heal|p1a: Necrozma|91\/100|[from] item: Leftovers\n|upkeep\n|turn|37\n|\n|switch|p2a: Lunala|Lunala|100\/100\n|move|p1a: Necrozma|Photon Geyser|p2a: Lunala\n|-resisted|p2a: Lunala\n|-damage|p2a: Lunala|79\/100\n|\n|-heal|p1a: Necrozma|97\/100|[from] item: Leftovers\n|-fieldend|move: Trick Room\n|upkeep\n|turn|38\n|\n|move|p2a: Lunala|Will-O-Wisp|p1a: Necrozma\n|-status|p1a: Necrozma|brn\n|move|p1a: Necrozma|Sunsteel Strike|p2a: Lunala\n|-damage|p2a: Lunala|37\/100\n|\n|-heal|p1a: Necrozma|100\/100 brn|[from] item: Leftovers\n|-damage|p1a: Necrozma|94\/100 brn|[from] brn\n|upkeep\n|turn|39\n|\n|move|p2a: Lunala|Roost|p2a: Lunala\n|-heal|p2a: Lunala|87\/100\n|-singleturn|p2a: Lunala|move: Roost\n|move|p1a: Necrozma|Sunsteel Strike|p2a: Lunala\n|-damage|p2a: Lunala|49\/100\n|\n|-heal|p1a: Necrozma|100\/100 brn|[from] item: Leftovers\n|-damage|p1a: Necrozma|94\/100 brn|[from] brn\n|upkeep\n|turn|40\n|\n|switch|p1a: Zacian|Zacian-Crowned|94\/100\n|-ability|p1a: Zacian|Intrepid Sword|boost\n|-boost|p1a: Zacian|atk|1\n|move|p2a: Lunala|Roost|p2a: Lunala\n|-heal|p2a: Lunala|99\/100\n|-singleturn|p2a: Lunala|move: Roost\n|\n|upkeep\n|turn|41\n|\n|move|p1a: Zacian|Substitute|p1a: Zacian\n|-start|p1a: Zacian|Substitute\n|-damage|p1a: Zacian|69\/100\n|move|p2a: Lunala|Will-O-Wisp||[still]\n|-fail|p2a: Lunala\n|\n|upkeep\n|turn|42\n|\n|move|p1a: Zacian|Swords Dance|p1a: Zacian\n|-boost|p1a: Zacian|atk|2\n|move|p2a: Lunala|Hex|p1a: Zacian\n|-end|p1a: Zacian|Substitute\n|\n|upkeep\n|turn|43\n|\n|move|p1a: Zacian|Behemoth Blade|p2a: Lunala\n|-damage|p2a: Lunala|0 fnt\n|faint|p2a: Lunala\n|\n|upkeep\n|\n|switch|p2a: Quagsire|Quagsire, F|58\/100\n|-status|p2a: Quagsire|psn\n|turn|44\n|\n|move|p1a: Zacian|Sacred Sword|p2a: Quagsire\n|-damage|p2a: Quagsire|30\/100 psn\n|move|p2a: Quagsire|Recover|p2a: Quagsire\n|-heal|p2a: Quagsire|80\/100 psn\n|\n|-heal|p2a: Quagsire|86\/100 psn|[from] item: Leftovers\n|-damage|p2a: Quagsire|74\/100 psn|[from] psn\n|upkeep\n|turn|45\n|\n|move|p1a: Zacian|Substitute|p1a: Zacian\n|-start|p1a: Zacian|Substitute\n|-damage|p1a: Zacian|44\/100\n|move|p2a: Quagsire|Recover|p2a: Quagsire\n|-heal|p2a: Quagsire|100\/100 psn\n|\n|-damage|p2a: Quagsire|88\/100 psn|[from] psn\n|upkeep\n|turn|46\n|\n|move|p1a: Zacian|Sacred Sword|p2a: Quagsire\n|-damage|p2a: Quagsire|62\/100 psn\n|move|p2a: Quagsire|Earthquake|p1a: Zacian\n|-supereffective|p1a: Zacian\n|-end|p1a: Zacian|Substitute\n|\n|-heal|p2a: Quagsire|68\/100 psn|[from] item: Leftovers\n|-damage|p2a: Quagsire|56\/100 psn|[from] psn\n|upkeep\n|turn|47\n|\n|move|p1a: Zacian|Sacred Sword|p2a: Quagsire\n|-damage|p2a: Quagsire|28\/100 psn\n|move|p2a: Quagsire|Earthquake|p1a: Zacian\n|-supereffective|p1a: Zacian\n|-damage|p1a: Zacian|0 fnt\n|faint|p1a: Zacian\n|\n|-heal|p2a: Quagsire|34\/100 psn|[from] item: Leftovers\n|-damage|p2a: Quagsire|22\/100 psn|[from] psn\n|upkeep\n|\n|switch|p1a: Necrozma|Necrozma-Dusk-Mane|94\/100 brn\n|turn|48\n|\n|move|p1a: Necrozma|Swords Dance|p1a: Necrozma\n|-boost|p1a: Necrozma|atk|2\n|move|p2a: Quagsire|Haze|p2a: Quagsire\n|-clearallboost\n|\n|-heal|p1a: Necrozma|100\/100 brn|[from] item: Leftovers\n|-heal|p2a: Quagsire|28\/100 psn|[from] item: Leftovers\n|-damage|p1a: Necrozma|94\/100 brn|[from] brn\n|-damage|p2a: Quagsire|15\/100 psn|[from] psn\n|upkeep\n|turn|49\n|\n|move|p1a: Necrozma|Swords Dance|p1a: Necrozma\n|-boost|p1a: Necrozma|atk|2\n|move|p2a: Quagsire|Recover|p2a: Quagsire\n|-heal|p2a: Quagsire|65\/100 psn\n|\n|-heal|p1a: Necrozma|100\/100 brn|[from] item: Leftovers\n|-heal|p2a: Quagsire|72\/100 psn|[from] item: Leftovers\n|-damage|p1a: Necrozma|94\/100 brn|[from] brn\n|-damage|p2a: Quagsire|59\/100 psn|[from] psn\n|upkeep\n|turn|50\n|\n|move|p1a: Necrozma|Photon Geyser|p2a: Quagsire\n|-crit|p2a: Quagsire\n|-damage|p2a: Quagsire|8\/100 psn\n|move|p2a: Quagsire|Haze|p2a: Quagsire\n|-clearallboost\n|\n|-heal|p1a: Necrozma|100\/100 brn|[from] item: Leftovers\n|-heal|p2a: Quagsire|14\/100 psn|[from] item: Leftovers\n|-damage|p1a: Necrozma|94\/100 brn|[from] brn\n|-damage|p2a: Quagsire|2\/100 psn|[from] psn\n|upkeep\n|turn|51\n|\n|move|p1a: Necrozma|Sunsteel Strike|p2a: Quagsire\n|-resisted|p2a: Quagsire\n|-damage|p2a: Quagsire|0 fnt\n|faint|p2a: Quagsire\n|\n|-heal|p1a: Necrozma|100\/100 brn|[from] item: Leftovers\n|-damage|p1a: Necrozma|94\/100 brn|[from] brn\n|upkeep\n|\n|switch|p2a: Reshiram|Reshiram|35\/100\n|-ability|p2a: Reshiram|Turboblaze\n|turn|52\n|\n|move|p2a: Reshiram|Blue Flare|p1a: Necrozma\n|-supereffective|p1a: Necrozma\n|-crit|p1a: Necrozma\n|-damage|p1a: Necrozma|0 fnt\n|faint|p1a: Necrozma\n|\n|win|passanger51632\n|l|\u2606Blue chen\n|raw|Blue chen's rating: 1696 &rarr; <strong>1670<\/strong><br \/>(-26 for losing)\n|raw|passanger51632's rating: 1593 &rarr; <strong>1618<\/strong><br \/>(+25 for winning)\n","uploadtime":1589103364,"views":15,"p1id":"bluechen","p2id":"passanger51632","formatid":"gen8ubers","rating":1618,"private":0,"password":null}