{"id":"gen8ou-1636169532","p1":"LT92PF fardin","p2":"kinetic chain","format":"gen8ou","log":"|raw|<div class=\"broadcast-blue\"><strong>This battle is required to be public due to a player having a name starting with 'lt92pf'.<\/div>\n|j|\u2606LT92PF fardin\n|j|\u203dkinetic chain\n|t:|1660090921\n|gametype|singles\n|player|p1|LT92PF fardin|265|1846\n|player|p2|kinetic chain|giovanni-gen1|1872\n|teamsize|p1|6\n|teamsize|p2|6\n|gen|8\n|tier|[Gen 8] OU\n|rated|\n|rule|Sleep Clause Mod: Limit one foe put to sleep\n|rule|Species Clause: Limit one of each Pok\u00e9mon\n|rule|OHKO Clause: OHKO moves are banned\n|rule|Evasion Items Clause: Evasion items are banned\n|rule|Evasion Moves Clause: Evasion moves are banned\n|rule|Endless Battle Clause: Forcing endless battles is banned\n|rule|HP Percentage Mod: HP is shown in percentages\n|rule|Dynamax Clause: You cannot dynamax\n|clearpoke\n|poke|p1|Gastrodon, F|\n|poke|p1|Buzzwole|\n|poke|p1|Clefable, F|\n|poke|p1|Zapdos|\n|poke|p1|Slowking, F|\n|poke|p1|Toxapex, F|\n|poke|p2|Dragapult, F|\n|poke|p2|Clefable, M|\n|poke|p2|Heatran, F|\n|poke|p2|Landorus-Therian, M|\n|poke|p2|Rotom-Wash|\n|poke|p2|Kartana|\n|teampreview\n|inactive|Battle timer is ON: inactive players will automatically lose when time's up. (requested by LT92PF fardin)\n|j| TOJK\n|j| Pigglesworth\n|c|\u2606LT92PF fardin|perfect test\n|j| Boulicrok\n|j| ProXXDev\n|j| leona misa\n|j| Twenty Congress\n|c|\u2606LT92PF fardin|for this stall\n|inactive|LT92PF fardin has 120 seconds left.\n|inactive|kinetic chain has 120 seconds left.\n|j| LT92PF Ayk\n|inactive|kinetic chain has 90 seconds left.\n|\n|t:|1660090986\n|start\n|switch|p1a: Slowking|Slowking, F|100\/100\n|switch|p2a: Landorus|Landorus-Therian, M|100\/100\n|-ability|p2a: Landorus|Intimidate|boost\n|-unboost|p1a: Slowking|atk|1\n|turn|1\n|\n|t:|1660090989\n|move|p2a: Landorus|Toxic|p1a: Slowking\n|-status|p1a: Slowking|tox\n|move|p1a: Slowking|Toxic|p2a: Landorus\n|-status|p2a: Landorus|tox\n|\n|-damage|p2a: Landorus|94\/100 tox|[from] psn\n|-damage|p1a: Slowking|94\/100 tox|[from] psn\n|upkeep\n|turn|2\n|j| lt92PF stock972\n|\n|t:|1660090999\n|switch|p1a: Zapdos|Zapdos|100\/100\n|move|p2a: Landorus|Stealth Rock|p1a: Zapdos\n|-sidestart|p1: LT92PF fardin|move: Stealth Rock\n|\n|-heal|p2a: Landorus|100\/100 tox|[from] item: Leftovers\n|-damage|p2a: Landorus|88\/100 tox|[from] psn\n|upkeep\n|turn|3\n|\n|t:|1660091002\n|move|p1a: Zapdos|Hurricane|p2a: Landorus|[miss]\n|-miss|p1a: Zapdos|p2a: Landorus\n|move|p2a: Landorus|Toxic|p1a: Zapdos\n|-status|p1a: Zapdos|tox\n|\n|-heal|p2a: Landorus|94\/100 tox|[from] item: Leftovers\n|-damage|p1a: Zapdos|94\/100 tox|[from] psn\n|-damage|p2a: Landorus|76\/100 tox|[from] psn\n|upkeep\n|turn|4\n|j| LT92PF rej\n|\n|t:|1660091006\n|move|p1a: Zapdos|Defog|p2a: Landorus\n|-unboost|p2a: Landorus|evasion|1\n|-sideend|p1: LT92PF fardin|Stealth Rock|[from] move: Defog|[of] p1a: Zapdos\n|move|p2a: Landorus|U-turn|p1a: Zapdos\n|-resisted|p1a: Zapdos\n|-damage|p1a: Zapdos|85\/100 tox\n|\n|t:|1660091022\n|switch|p2a: Heatran|Heatran, F|100\/100|[from]move: U-turn\n|\n|-damage|p1a: Zapdos|73\/100 tox|[from] psn\n|upkeep\n|turn|5\n|\n|t:|1660091028\n|switch|p1a: Toxapex|Toxapex, F|100\/100\n|switch|p2a: Landorus|Landorus-Therian, M|76\/100 tox\n|-ability|p2a: Landorus|Intimidate|boost\n|-unboost|p1a: Toxapex|atk|1\n|\n|-heal|p2a: Landorus|82\/100 tox|[from] item: Leftovers\n|-damage|p2a: Landorus|76\/100 tox|[from] psn\n|upkeep\n|turn|6\n|j| keilan2007\n|\n|t:|1660091032\n|switch|p1a: Clefable|Clefable, F|100\/100\n|move|p2a: Landorus|Stealth Rock|p1a: Clefable\n|-sidestart|p1: LT92PF fardin|move: Stealth Rock\n|\n|-heal|p2a: Landorus|82\/100 tox|[from] item: Leftovers\n|-damage|p2a: Landorus|70\/100 tox|[from] psn\n|upkeep\n|turn|7\n|l| keilan2007\n|\n|t:|1660091038\n|move|p2a: Landorus|U-turn|p1a: Clefable\n|-resisted|p1a: Clefable\n|-damage|p1a: Clefable|92\/100\n|\n|t:|1660091039\n|switch|p2a: Heatran|Heatran, F|100\/100|[from]move: U-turn\n|move|p1a: Clefable|Aromatherapy|p1a: Clefable\n|-activate|p1a: Clefable|move: Aromatherapy\n|-curestatus|p1: Slowking|tox|[msg]\n|-curestatus|p1: Zapdos|tox|[msg]\n|\n|upkeep\n|turn|8\n|\n|t:|1660091046\n|switch|p1a: Toxapex|Toxapex, F|100\/100\n|-damage|p1a: Toxapex|88\/100|[from] Stealth Rock\n|move|p2a: Heatran|Magma Storm|p1a: Toxapex\n|-resisted|p1a: Toxapex\n|-damage|p1a: Toxapex|74\/100\n|-activate|p1a: Toxapex|move: Magma Storm|[of] p2a: Heatran\n|\n|-damage|p1a: Toxapex|62\/100|[from] move: Magma Storm|[partiallytrapped]\n|upkeep\n|turn|9\n|\n|t:|1660091053\n|move|p2a: Heatran|Earth Power|p1a: Toxapex\n|-supereffective|p1a: Toxapex\n|-damage|p1a: Toxapex|27\/100\n|move|p1a: Toxapex|Recover|p1a: Toxapex\n|-heal|p1a: Toxapex|77\/100\n|\n|-damage|p1a: Toxapex|65\/100|[from] move: Magma Storm|[partiallytrapped]\n|upkeep\n|turn|10\n|\n|t:|1660091058\n|move|p2a: Heatran|Earth Power|p1a: Toxapex\n|-supereffective|p1a: Toxapex\n|-damage|p1a: Toxapex|32\/100\n|move|p1a: Toxapex|Knock Off|p2a: Heatran\n|-damage|p2a: Heatran|88\/100\n|-enditem|p2a: Heatran|Leftovers|[from] move: Knock Off|[of] p1a: Toxapex\n|\n|-damage|p1a: Toxapex|20\/100|[from] move: Magma Storm|[partiallytrapped]\n|upkeep\n|turn|11\n|\n|t:|1660091066\n|switch|p1a: Gastrodon|Gastrodon, F|100\/100\n|move|p2a: Heatran|Magma Storm|p1a: Gastrodon\n|-resisted|p1a: Gastrodon\n|-damage|p1a: Gastrodon|82\/100\n|-activate|p1a: Gastrodon|move: Magma Storm|[of] p2a: Heatran\n|\n|-damage|p1a: Gastrodon|70\/100|[from] move: Magma Storm|[partiallytrapped]\n|upkeep\n|turn|12\n|\n|t:|1660091072\n|switch|p2a: Landorus|Landorus-Therian, M|70\/100 tox\n|-ability|p2a: Landorus|Intimidate|boost\n|-unboost|p1a: Gastrodon|atk|1\n|move|p1a: Gastrodon|Earth Power|p2a: Landorus\n|-immune|p2a: Landorus\n|\n|-heal|p2a: Landorus|76\/100 tox|[from] item: Leftovers\n|-damage|p2a: Landorus|70\/100 tox|[from] psn\n|-end|p1a: Gastrodon|Magma Storm|[partiallytrapped]|[silent]\n|upkeep\n|turn|13\n|\n|t:|1660091079\n|switch|p1a: Slowking|Slowking, F|100\/100\n|move|p2a: Landorus|Toxic|p1a: Slowking\n|-status|p1a: Slowking|tox\n|\n|-heal|p2a: Landorus|76\/100 tox|[from] item: Leftovers\n|-damage|p2a: Landorus|64\/100 tox|[from] psn\n|-damage|p1a: Slowking|94\/100 tox|[from] psn\n|upkeep\n|turn|14\n|\n|t:|1660091084\n|move|p2a: Landorus|U-turn|p1a: Slowking\n|-supereffective|p1a: Slowking\n|-damage|p1a: Slowking|49\/100 tox\n|j| storm zone\n|\n|t:|1660091088\n|switch|p2a: Rotom|Rotom-Wash|100\/100|[from]move: U-turn\n|move|p1a: Slowking|Toxic|p2a: Rotom\n|-status|p2a: Rotom|tox\n|\n|-damage|p2a: Rotom|95\/100 tox|[from] psn\n|-damage|p1a: Slowking|37\/100 tox|[from] psn\n|upkeep\n|turn|15\n|\n|t:|1660091092\n|switch|p2a: Kartana|Kartana|100\/100\n|switch|p1a: Gastrodon|Gastrodon, F|70\/100\n|\n|upkeep\n|turn|16\n|\n|t:|1660091100\n|switch|p2a: Dragapult|Dragapult, F|100\/100\n|switch|p1a: Buzzwole|Buzzwole|100\/100\n|\n|upkeep\n|turn|17\n|\n|t:|1660091123\n|move|p2a: Dragapult|Will-O-Wisp|p1a: Buzzwole\n|-status|p1a: Buzzwole|brn\n|move|p1a: Buzzwole|Toxic|p2a: Dragapult\n|-status|p2a: Dragapult|tox\n|\n|-damage|p2a: Dragapult|95\/100 tox|[from] psn\n|-damage|p1a: Buzzwole|94\/100 brn|[from] brn\n|upkeep\n|turn|18\n|\n|t:|1660091134\n|switch|p1a: Gastrodon|Gastrodon, F|70\/100\n|move|p2a: Dragapult|Will-O-Wisp|p1a: Gastrodon\n|-status|p1a: Gastrodon|brn\n|\n|-damage|p2a: Dragapult|83\/100 tox|[from] psn\n|-damage|p1a: Gastrodon|64\/100 brn|[from] brn\n|upkeep\n|turn|19\n|\n|t:|1660091139\n|switch|p1a: Clefable|Clefable, F|92\/100\n|move|p2a: Dragapult|Hex|p1a: Clefable\n|-damage|p1a: Clefable|66\/100\n|\n|-damage|p2a: Dragapult|65\/100 tox|[from] psn\n|upkeep\n|turn|20\n|\n|t:|1660091145\n|move|p2a: Dragapult|Thunder Wave|p1a: Clefable|[miss]\n|-miss|p2a: Dragapult|p1a: Clefable\n|move|p1a: Clefable|Aromatherapy|p1a: Clefable\n|-activate|p1a: Clefable|move: Aromatherapy\n|-curestatus|p1: Buzzwole|brn|[msg]\n|-curestatus|p1: Gastrodon|brn|[msg]\n|-curestatus|p1: Slowking|tox|[msg]\n|\n|-damage|p2a: Dragapult|41\/100 tox|[from] psn\n|upkeep\n|turn|21\n|l| Pigglesworth\n|\n|t:|1660091154\n|switch|p2a: Heatran|Heatran, F|88\/100\n|move|p1a: Clefable|Soft-Boiled|p1a: Clefable\n|-heal|p1a: Clefable|100\/100\n|\n|upkeep\n|turn|22\n|\n|t:|1660091159\n|switch|p1a: Gastrodon|Gastrodon, F|64\/100\n|move|p2a: Heatran|Magma Storm|p1a: Gastrodon\n|-resisted|p1a: Gastrodon\n|-crit|p1a: Gastrodon\n|-damage|p1a: Gastrodon|35\/100\n|-activate|p1a: Gastrodon|move: Magma Storm|[of] p2a: Heatran\n|\n|-damage|p1a: Gastrodon|23\/100|[from] move: Magma Storm|[partiallytrapped]\n|upkeep\n|turn|23\n|\n|t:|1660091164\n|move|p2a: Heatran|Taunt|p1a: Gastrodon\n|-start|p1a: Gastrodon|move: Taunt\n|move|p1a: Gastrodon|Earth Power|p2a: Heatran\n|-supereffective|p2a: Heatran\n|-crit|p2a: Heatran\n|-damage|p2a: Heatran|0 fnt\n|faint|p2a: Heatran\n|\n|-end|p1a: Gastrodon|Magma Storm|[partiallytrapped]|[silent]\n|upkeep\n|\n|t:|1660091173\n|switch|p2a: Kartana|Kartana|100\/100\n|turn|24\n|\n|t:|1660091180\n|switch|p2a: Clefable|Clefable, M|100\/100\n|switch|p1a: Buzzwole|Buzzwole|94\/100\n|\n|upkeep\n|turn|25\n|j| LT92PF Raizen\n|\n|t:|1660091187\n|switch|p1a: Zapdos|Zapdos|73\/100\n|move|p2a: Clefable|Calm Mind|p2a: Clefable\n|-boost|p2a: Clefable|spa|1\n|-boost|p2a: Clefable|spd|1\n|\n|upkeep\n|turn|26\n|\n|t:|1660091190\n|move|p1a: Zapdos|Defog|p2a: Clefable\n|-unboost|p2a: Clefable|evasion|1\n|-sideend|p1: LT92PF fardin|Stealth Rock|[from] move: Defog|[of] p1a: Zapdos\n|move|p2a: Clefable|Moonblast|p1a: Zapdos\n|-damage|p1a: Zapdos|25\/100\n|\n|upkeep\n|turn|27\n|\n|t:|1660091197\n|move|p1a: Zapdos|Roost|p1a: Zapdos\n|-heal|p1a: Zapdos|75\/100\n|-singleturn|p1a: Zapdos|move: Roost\n|move|p2a: Clefable|Calm Mind|p2a: Clefable\n|-boost|p2a: Clefable|spa|1\n|-boost|p2a: Clefable|spd|1\n|\n|upkeep\n|turn|28\n|\n|t:|1660091201\n|switch|p1a: Toxapex|Toxapex, F|53\/100\n|move|p2a: Clefable|Moonblast|p1a: Toxapex\n|-resisted|p1a: Toxapex\n|-damage|p1a: Toxapex|34\/100\n|\n|upkeep\n|turn|29\n|\n|t:|1660091204\n|switch|p1a: Clefable|Clefable, F|100\/100\n|move|p2a: Clefable|Moonblast|p1a: Clefable\n|-damage|p1a: Clefable|73\/100\n|-unboost|p1a: Clefable|spa|1\n|\n|upkeep\n|turn|30\n|\n|t:|1660091208\n|switch|p2a: Kartana|Kartana|100\/100\n|move|p1a: Clefable|Soft-Boiled|p1a: Clefable\n|-heal|p1a: Clefable|100\/100\n|\n|upkeep\n|turn|31\n|\n|t:|1660091214\n|switch|p1a: Buzzwole|Buzzwole|94\/100\n|move|p2a: Kartana|Smart Strike|p1a: Buzzwole\n|-damage|p1a: Buzzwole|59\/100\n|\n|upkeep\n|turn|32\n|\n|t:|1660091217\n|move|p2a: Kartana|Smart Strike|p1a: Buzzwole\n|-damage|p1a: Buzzwole|27\/100\n|move|p1a: Buzzwole|Roost|p1a: Buzzwole\n|-heal|p1a: Buzzwole|77\/100\n|-singleturn|p1a: Buzzwole|move: Roost\n|\n|upkeep\n|turn|33\n|\n|t:|1660091221\n|switch|p2a: Clefable|Clefable, M|100\/100\n|move|p1a: Buzzwole|Ice Punch|p2a: Clefable\n|-damage|p2a: Clefable|83\/100\n|\n|-heal|p2a: Clefable|89\/100|[from] item: Leftovers\n|upkeep\n|turn|34\n|\n|t:|1660091225\n|switch|p1a: Toxapex|Toxapex, F|68\/100\n|switch|p2a: Kartana|Kartana|100\/100\n|\n|upkeep\n|turn|35\n|\n|t:|1660091231\n|switch|p1a: Buzzwole|Buzzwole|77\/100\n|move|p2a: Kartana|Leaf Blade|p1a: Buzzwole\n|-resisted|p1a: Buzzwole\n|-damage|p1a: Buzzwole|54\/100\n|\n|upkeep\n|turn|36\n|\n|t:|1660091235\n|switch|p1a: Gastrodon|Gastrodon, F|23\/100\n|move|p2a: Kartana|Leaf Blade|p1a: Gastrodon\n|-supereffective|p1a: Gastrodon\n|-damage|p1a: Gastrodon|0 fnt\n|faint|p1a: Gastrodon\n|-ability|p2a: Kartana|Beast Boost|boost\n|-boost|p2a: Kartana|atk|1\n|\n|upkeep\n|\n|t:|1660091236\n|switch|p1a: Buzzwole|Buzzwole|54\/100\n|turn|37\n|\n|t:|1660091238\n|move|p2a: Kartana|Leaf Blade|p1a: Buzzwole\n|-resisted|p1a: Buzzwole\n|-damage|p1a: Buzzwole|21\/100\n|move|p1a: Buzzwole|Roost|p1a: Buzzwole\n|-heal|p1a: Buzzwole|71\/100\n|-singleturn|p1a: Buzzwole|move: Roost\n|\n|upkeep\n|turn|38\n|\n|t:|1660091241\n|move|p2a: Kartana|Leaf Blade|p1a: Buzzwole\n|-resisted|p1a: Buzzwole\n|-damage|p1a: Buzzwole|39\/100\n|move|p1a: Buzzwole|Roost|p1a: Buzzwole\n|-heal|p1a: Buzzwole|89\/100\n|-singleturn|p1a: Buzzwole|move: Roost\n|\n|upkeep\n|turn|39\n|\n|t:|1660091245\n|switch|p2a: Clefable|Clefable, M|89\/100\n|move|p1a: Buzzwole|Ice Punch|p2a: Clefable\n|-damage|p2a: Clefable|70\/100\n|\n|-heal|p2a: Clefable|76\/100|[from] item: Leftovers\n|upkeep\n|turn|40\n|j| Pokemh\n|\n|t:|1660091249\n|switch|p1a: Slowking|Slowking, F|70\/100\n|switch|p2a: Kartana|Kartana|100\/100\n|\n|upkeep\n|turn|41\n|\n|t:|1660091253\n|move|p1a: Slowking|Protect|p1a: Slowking\n|-singleturn|p1a: Slowking|Protect\n|move|p2a: Kartana|Smart Strike|p1a: Slowking\n|-activate|p1a: Slowking|move: Protect\n|\n|upkeep\n|turn|42\n|\n|t:|1660091255\n|switch|p2a: Clefable|Clefable, M|76\/100\n|move|p1a: Slowking|Scald|p2a: Clefable\n|-damage|p2a: Clefable|49\/100\n|\n|-heal|p2a: Clefable|55\/100|[from] item: Leftovers\n|upkeep\n|turn|43\n|\n|t:|1660091259\n|switch|p1a: Clefable|Clefable, F|100\/100\n|move|p2a: Clefable|Soft-Boiled|p2a: Clefable\n|-heal|p2a: Clefable|100\/100\n|\n|upkeep\n|turn|44\n|\n|t:|1660091266\n|switch|p2a: Kartana|Kartana|100\/100\n|move|p1a: Clefable|Stealth Rock|p2a: Kartana\n|-sidestart|p2: kinetic chain|move: Stealth Rock\n|\n|upkeep\n|turn|45\n|\n|t:|1660091271\n|switch|p1a: Toxapex|Toxapex, F|100\/100\n|move|p2a: Kartana|Smart Strike|p1a: Toxapex\n|-resisted|p1a: Toxapex\n|-damage|p1a: Toxapex|71\/100\n|\n|upkeep\n|turn|46\n|\n|t:|1660091277\n|switch|p2a: Rotom|Rotom-Wash|95\/100 tox\n|-damage|p2a: Rotom|82\/100 tox|[from] Stealth Rock\n|move|p1a: Toxapex|Knock Off|p2a: Rotom\n|-damage|p2a: Rotom|70\/100 tox\n|-enditem|p2a: Rotom|Leftovers|[from] move: Knock Off|[of] p1a: Toxapex\n|\n|-damage|p2a: Rotom|65\/100 tox|[from] psn\n|upkeep\n|turn|47\n|\n|t:|1660091281\n|move|p2a: Rotom|Defog|p1a: Toxapex\n|-unboost|p1a: Toxapex|evasion|1\n|-sideend|p2: kinetic chain|Stealth Rock|[from] move: Defog|[of] p2a: Rotom\n|move|p1a: Toxapex|Knock Off|p2a: Rotom\n|-damage|p2a: Rotom|57\/100 tox\n|\n|-damage|p2a: Rotom|45\/100 tox|[from] psn\n|upkeep\n|turn|48\n|\n|t:|1660091286\n|move|p2a: Rotom|Volt Switch|p1a: Toxapex\n|-supereffective|p1a: Toxapex\n|-damage|p1a: Toxapex|38\/100\n|\n|t:|1660091289\n|switch|p2a: Landorus|Landorus-Therian, M|64\/100 tox|[from]move: Volt Switch\n|-ability|p2a: Landorus|Intimidate|boost\n|-unboost|p1a: Toxapex|atk|1\n|move|p1a: Toxapex|Knock Off|p2a: Landorus\n|-damage|p2a: Landorus|55\/100 tox\n|-enditem|p2a: Landorus|Leftovers|[from] move: Knock Off|[of] p1a: Toxapex\n|\n|-damage|p2a: Landorus|49\/100 tox|[from] psn\n|upkeep\n|turn|49\n|\n|t:|1660091293\n|switch|p1a: Zapdos|Zapdos|75\/100\n|move|p2a: Landorus|U-turn|p1a: Zapdos\n|-resisted|p1a: Zapdos\n|-damage|p1a: Zapdos|66\/100\n|\n|t:|1660091300\n|switch|p2a: Clefable|Clefable, M|100\/100|[from]move: U-turn\n|\n|upkeep\n|turn|50\n|\n|t:|1660091312\n|move|p1a: Zapdos|Discharge|p2a: Clefable\n|-damage|p2a: Clefable|69\/100\n|move|p2a: Clefable|Calm Mind|p2a: Clefable\n|-boost|p2a: Clefable|spa|1\n|-boost|p2a: Clefable|spd|1\n|\n|-heal|p2a: Clefable|75\/100|[from] item: Leftovers\n|upkeep\n|turn|51\n|\n|t:|1660091317\n|move|p1a: Zapdos|Discharge|p2a: Clefable\n|-damage|p2a: Clefable|55\/100\n|move|p2a: Clefable|Moonblast|p1a: Zapdos\n|-crit|p1a: Zapdos\n|-damage|p1a: Zapdos|0 fnt\n|faint|p1a: Zapdos\n|\n|-heal|p2a: Clefable|62\/100|[from] item: Leftovers\n|upkeep\n|\n|t:|1660091323\n|switch|p1a: Toxapex|Toxapex, F|71\/100\n|turn|52\n|\n|t:|1660091326\n|move|p2a: Clefable|Soft-Boiled|p2a: Clefable\n|-heal|p2a: Clefable|100\/100\n|move|p1a: Toxapex|Knock Off|p2a: Clefable\n|-resisted|p2a: Clefable\n|-damage|p2a: Clefable|94\/100\n|-enditem|p2a: Clefable|Leftovers|[from] move: Knock Off|[of] p1a: Toxapex\n|\n|upkeep\n|turn|53\n|\n|t:|1660091334\n|switch|p2a: Rotom|Rotom-Wash|45\/100 tox\n|switch|p1a: Slowking|Slowking, F|100\/100\n|\n|-damage|p2a: Rotom|39\/100 tox|[from] psn\n|upkeep\n|turn|54\n|l| ProXXDev\n|\n|t:|1660091338\n|move|p1a: Slowking|Protect|p1a: Slowking\n|-singleturn|p1a: Slowking|Protect\n|move|p2a: Rotom|Pain Split|p1a: Slowking\n|-activate|p1a: Slowking|move: Protect\n|\n|-damage|p2a: Rotom|27\/100 tox|[from] psn\n|upkeep\n|turn|55\n|\n|t:|1660091342\n|move|p2a: Rotom|Pain Split|p1a: Slowking\n|-sethp|p1a: Slowking|61\/100|[from] move: Pain Split|[silent]\n|-sethp|p2a: Rotom|79\/100 tox|[from] move: Pain Split\n|move|p1a: Slowking|Scald|p2a: Rotom\n|-resisted|p2a: Rotom\n|-damage|p2a: Rotom|65\/100 tox\n|\n|-damage|p2a: Rotom|47\/100 tox|[from] psn\n|upkeep\n|turn|56\n|\n|t:|1660091345\n|switch|p2a: Clefable|Clefable, M|94\/100\n|move|p1a: Slowking|Protect||[still]\n|-fail|p1a: Slowking\n|\n|upkeep\n|turn|57\n|\n|t:|1660091348\n|move|p2a: Clefable|Calm Mind|p2a: Clefable\n|-boost|p2a: Clefable|spa|1\n|-boost|p2a: Clefable|spd|1\n|move|p1a: Slowking|Scald|p2a: Clefable\n|-damage|p2a: Clefable|77\/100\n|\n|upkeep\n|turn|58\n|l| lt92PF stock972\n|\n|t:|1660091351\n|switch|p1a: Toxapex|Toxapex, F|100\/100\n|move|p2a: Clefable|Moonblast|p1a: Toxapex\n|-resisted|p1a: Toxapex\n|-damage|p1a: Toxapex|86\/100\n|\n|upkeep\n|turn|59\n|\n|t:|1660091355\n|switch|p1a: Slowking|Slowking, F|94\/100\n|move|p2a: Clefable|Calm Mind|p2a: Clefable\n|-boost|p2a: Clefable|spa|1\n|-boost|p2a: Clefable|spd|1\n|\n|upkeep\n|turn|60\n|\n|t:|1660091357\n|move|p2a: Clefable|Calm Mind|p2a: Clefable\n|-boost|p2a: Clefable|spa|1\n|-boost|p2a: Clefable|spd|1\n|move|p1a: Slowking|Scald|p2a: Clefable\n|-damage|p2a: Clefable|66\/100\n|\n|upkeep\n|turn|61\n|\n|t:|1660091360\n|move|p2a: Clefable|Moonblast|p1a: Slowking\n|-damage|p1a: Slowking|45\/100\n|-unboost|p1a: Slowking|spa|1\n|move|p1a: Slowking|Scald|p2a: Clefable\n|-damage|p2a: Clefable|58\/100\n|\n|upkeep\n|turn|62\n|\n|t:|1660091367\n|switch|p2a: Landorus|Landorus-Therian, M|49\/100 tox\n|-ability|p2a: Landorus|Intimidate|boost\n|-unboost|p1a: Slowking|atk|1\n|switch|p1a: Toxapex|Toxapex, F|100\/100\n|\n|-damage|p2a: Landorus|43\/100 tox|[from] psn\n|upkeep\n|turn|63\n|\n|t:|1660091373\n|move|p2a: Landorus|Stealth Rock|p1a: Toxapex\n|-sidestart|p1: LT92PF fardin|move: Stealth Rock\n|move|p1a: Toxapex|Knock Off|p2a: Landorus\n|-damage|p2a: Landorus|33\/100 tox\n|\n|-damage|p2a: Landorus|20\/100 tox|[from] psn\n|upkeep\n|turn|64\n|\n|t:|1660091376\n|move|p2a: Landorus|U-turn|p1a: Toxapex\n|-resisted|p1a: Toxapex\n|-damage|p1a: Toxapex|92\/100\n|\n|t:|1660091379\n|switch|p2a: Rotom|Rotom-Wash|47\/100 tox|[from]move: U-turn\n|move|p1a: Toxapex|Recover|p1a: Toxapex\n|-heal|p1a: Toxapex|100\/100\n|\n|-damage|p2a: Rotom|41\/100 tox|[from] psn\n|upkeep\n|turn|65\n|\n|t:|1660091383\n|move|p2a: Rotom|Volt Switch|p1a: Toxapex\n|-supereffective|p1a: Toxapex\n|-damage|p1a: Toxapex|66\/100\n|\n|t:|1660091385\n|switch|p2a: Clefable|Clefable, M|58\/100|[from]move: Volt Switch\n|move|p1a: Toxapex|Knock Off|p2a: Clefable\n|-resisted|p2a: Clefable\n|-damage|p2a: Clefable|54\/100\n|\n|upkeep\n|turn|66\n|\n|t:|1660091388\n|switch|p1a: Clefable|Clefable, F|100\/100\n|move|p2a: Clefable|Soft-Boiled|p2a: Clefable\n|-heal|p2a: Clefable|100\/100\n|\n|upkeep\n|turn|67\n|\n|t:|1660091393\n|switch|p2a: Rotom|Rotom-Wash|41\/100 tox\n|move|p1a: Clefable|Stealth Rock|p2a: Rotom\n|-sidestart|p2: kinetic chain|move: Stealth Rock\n|\n|-damage|p2a: Rotom|35\/100 tox|[from] psn\n|upkeep\n|turn|68\n|\n|t:|1660091397\n|switch|p1a: Slowking|Slowking, F|78\/100\n|move|p2a: Rotom|Pain Split|p1a: Slowking\n|-sethp|p1a: Slowking|53\/100|[from] move: Pain Split|[silent]\n|-sethp|p2a: Rotom|68\/100 tox|[from] move: Pain Split\n|\n|-damage|p2a: Rotom|57\/100 tox|[from] psn\n|upkeep\n|turn|69\n|\n|t:|1660091400\n|switch|p1a: Toxapex|Toxapex, F|99\/100\n|-damage|p1a: Toxapex|87\/100|[from] Stealth Rock\n|move|p2a: Rotom|Volt Switch|p1a: Toxapex\n|-supereffective|p1a: Toxapex\n|-damage|p1a: Toxapex|57\/100\n|\n|t:|1660091403\n|switch|p2a: Kartana|Kartana|100\/100|[from]move: Volt Switch\n|-damage|p2a: Kartana|94\/100|[from] Stealth Rock\n|\n|upkeep\n|turn|70\n|\n|t:|1660091406\n|switch|p1a: Buzzwole|Buzzwole|89\/100\n|move|p2a: Kartana|Smart Strike|p1a: Buzzwole\n|-damage|p1a: Buzzwole|56\/100\n|\n|upkeep\n|turn|71\n|\n|t:|1660091409\n|move|p2a: Kartana|Smart Strike|p1a: Buzzwole\n|-damage|p1a: Buzzwole|19\/100\n|move|p1a: Buzzwole|Roost|p1a: Buzzwole\n|-heal|p1a: Buzzwole|69\/100\n|-singleturn|p1a: Buzzwole|move: Roost\n|\n|upkeep\n|turn|72\n|\n|t:|1660091412\n|move|p2a: Kartana|Smart Strike|p1a: Buzzwole\n|-damage|p1a: Buzzwole|35\/100\n|move|p1a: Buzzwole|Roost|p1a: Buzzwole\n|-heal|p1a: Buzzwole|85\/100\n|-singleturn|p1a: Buzzwole|move: Roost\n|\n|upkeep\n|turn|73\n|\n|t:|1660091415\n|switch|p2a: Clefable|Clefable, M|100\/100\n|move|p1a: Buzzwole|Ice Punch|p2a: Clefable\n|-damage|p2a: Clefable|82\/100\n|\n|upkeep\n|turn|74\n|\n|t:|1660091423\n|switch|p1a: Slowking|Slowking, F|86\/100\n|switch|p2a: Kartana|Kartana|94\/100\n|-damage|p2a: Kartana|88\/100|[from] Stealth Rock\n|\n|upkeep\n|turn|75\n|\n|t:|1660091425\n|move|p1a: Slowking|Protect|p1a: Slowking\n|-singleturn|p1a: Slowking|Protect\n|move|p2a: Kartana|Leaf Blade|p1a: Slowking\n|-activate|p1a: Slowking|move: Protect\n|\n|upkeep\n|turn|76\n|\n|t:|1660091427\n|switch|p1a: Buzzwole|Buzzwole|85\/100\n|move|p2a: Kartana|Leaf Blade|p1a: Buzzwole\n|-resisted|p1a: Buzzwole\n|-damage|p1a: Buzzwole|65\/100\n|\n|upkeep\n|turn|77\n|l| leona misa\n|\n|t:|1660091430\n|switch|p2a: Clefable|Clefable, M|82\/100\n|move|p1a: Buzzwole|Roost|p1a: Buzzwole\n|-heal|p1a: Buzzwole|100\/100\n|-singleturn|p1a: Buzzwole|move: Roost\n|\n|upkeep\n|turn|78\n|\n|t:|1660091434\n|switch|p1a: Slowking|Slowking, F|100\/100\n|move|p2a: Clefable|Calm Mind|p2a: Clefable\n|-boost|p2a: Clefable|spa|1\n|-boost|p2a: Clefable|spd|1\n|\n|upkeep\n|turn|79\n|\n|t:|1660091438\n|move|p2a: Clefable|Calm Mind|p2a: Clefable\n|-boost|p2a: Clefable|spa|1\n|-boost|p2a: Clefable|spd|1\n|move|p1a: Slowking|Scald|p2a: Clefable\n|-damage|p2a: Clefable|69\/100\n|-status|p2a: Clefable|brn\n|\n|upkeep\n|turn|80\n|\n|t:|1660091440\n|move|p2a: Clefable|Moonblast|p1a: Slowking\n|-damage|p1a: Slowking|60\/100\n|-unboost|p1a: Slowking|spa|1\n|move|p1a: Slowking|Scald|p2a: Clefable\n|-damage|p2a: Clefable|61\/100 brn\n|\n|upkeep\n|turn|81\n|\n|t:|1660091444\n|switch|p1a: Toxapex|Toxapex, F|91\/100\n|-damage|p1a: Toxapex|78\/100|[from] Stealth Rock\n|move|p2a: Clefable|Soft-Boiled|p2a: Clefable\n|-heal|p2a: Clefable|100\/100 brn\n|\n|upkeep\n|turn|82\n|\n|t:|1660091448\n|switch|p1a: Slowking|Slowking, F|93\/100\n|move|p2a: Clefable|Calm Mind|p2a: Clefable\n|-boost|p2a: Clefable|spa|1\n|-boost|p2a: Clefable|spd|1\n|\n|upkeep\n|turn|83\n|\n|t:|1660091452\n|move|p2a: Clefable|Calm Mind|p2a: Clefable\n|-boost|p2a: Clefable|spa|1\n|-boost|p2a: Clefable|spd|1\n|move|p1a: Slowking|Slack Off|p1a: Slowking\n|-heal|p1a: Slowking|100\/100\n|\n|upkeep\n|turn|84\n|\n|t:|1660091458\n|switch|p1a: Toxapex|Toxapex, F|100\/100\n|-damage|p1a: Toxapex|88\/100|[from] Stealth Rock\n|move|p2a: Clefable|Moonblast|p1a: Toxapex\n|-resisted|p1a: Toxapex\n|-damage|p1a: Toxapex|60\/100\n|\n|upkeep\n|turn|85\n|\n|t:|1660091463\n|move|p2a: Clefable|Moonblast|p1a: Toxapex\n|-resisted|p1a: Toxapex\n|-damage|p1a: Toxapex|32\/100\n|move|p1a: Toxapex|Recover|p1a: Toxapex\n|-heal|p1a: Toxapex|82\/100\n|\n|upkeep\n|turn|86\n|\n|t:|1660091466\n|switch|p1a: Slowking|Slowking, F|100\/100\n|move|p2a: Clefable|Calm Mind|p2a: Clefable\n|-boost|p2a: Clefable|spa|1\n|-boost|p2a: Clefable|spd|1\n|\n|upkeep\n|turn|87\n|\n|t:|1660091470\n|move|p2a: Clefable|Moonblast|p1a: Slowking\n|-crit|p1a: Slowking\n|-damage|p1a: Slowking|8\/100\n|move|p1a: Slowking|Slack Off|p1a: Slowking\n|-heal|p1a: Slowking|58\/100\n|\n|upkeep\n|turn|88\n|\n|t:|1660091473\n|switch|p1a: Toxapex|Toxapex, F|100\/100\n|-damage|p1a: Toxapex|88\/100|[from] Stealth Rock\n|move|p2a: Clefable|Moonblast|p1a: Toxapex\n|-resisted|p1a: Toxapex\n|-damage|p1a: Toxapex|51\/100\n|\n|upkeep\n|turn|89\n|l| Pokemh\n|l| LT92PF Ayk\n|\n|t:|1660091478\n|move|p2a: Clefable|Moonblast|p1a: Toxapex\n|-resisted|p1a: Toxapex\n|-damage|p1a: Toxapex|14\/100\n|move|p1a: Toxapex|Recover|p1a: Toxapex\n|-heal|p1a: Toxapex|64\/100\n|\n|upkeep\n|turn|90\n|\n|t:|1660091480\n|move|p2a: Clefable|Calm Mind|p2a: Clefable\n|-boost|p2a: Clefable|spa|1\n|-boost|p2a: Clefable|spd|1\n|move|p1a: Toxapex|Recover|p1a: Toxapex\n|-heal|p1a: Toxapex|100\/100\n|\n|upkeep\n|turn|91\n|\n|t:|1660091484\n|move|p2a: Clefable|Moonblast|p1a: Toxapex\n|-resisted|p1a: Toxapex\n|-damage|p1a: Toxapex|57\/100\n|move|p1a: Toxapex|Toxic Spikes|p2a: Clefable\n|-sidestart|p2: kinetic chain|move: Toxic Spikes\n|\n|upkeep\n|turn|92\n|\n|t:|1660091488\n|move|p2a: Clefable|Moonblast|p1a: Toxapex\n|-resisted|p1a: Toxapex\n|-damage|p1a: Toxapex|17\/100\n|-unboost|p1a: Toxapex|spa|1\n|move|p1a: Toxapex|Recover|p1a: Toxapex\n|-heal|p1a: Toxapex|67\/100\n|\n|upkeep\n|turn|93\n|\n|t:|1660091490\n|move|p2a: Clefable|Moonblast|p1a: Toxapex\n|-resisted|p1a: Toxapex\n|-damage|p1a: Toxapex|25\/100\n|move|p1a: Toxapex|Recover|p1a: Toxapex\n|-heal|p1a: Toxapex|75\/100\n|\n|upkeep\n|turn|94\n|j| LT91BB Livio\n|\n|t:|1660091505\n|move|p2a: Clefable|Calm Mind|p2a: Clefable\n|-boost|p2a: Clefable|spa|0\n|-boost|p2a: Clefable|spd|0\n|move|p1a: Toxapex|Recover|p1a: Toxapex\n|-heal|p1a: Toxapex|100\/100\n|\n|upkeep\n|turn|95\n|\n|t:|1660091509\n|move|p2a: Clefable|Moonblast|p1a: Toxapex\n|-resisted|p1a: Toxapex\n|-damage|p1a: Toxapex|61\/100\n|-unboost|p1a: Toxapex|spa|1\n|move|p1a: Toxapex|Toxic Spikes|p2a: Clefable\n|-sidestart|p2: kinetic chain|move: Toxic Spikes\n|\n|upkeep\n|turn|96\n|\n|t:|1660091512\n|switch|p1a: Clefable|Clefable, F|100\/100\n|move|p2a: Clefable|Moonblast|p1a: Clefable\n|-damage|p1a: Clefable|72\/100\n|\n|upkeep\n|turn|97\n|l| storm zone\n|\n|t:|1660091516\n|switch|p2a: Kartana|Kartana|88\/100\n|-damage|p2a: Kartana|82\/100|[from] Stealth Rock\n|move|p1a: Clefable|Moonblast|p2a: Kartana\n|-resisted|p2a: Kartana\n|-damage|p2a: Kartana|33\/100\n|\n|upkeep\n|turn|98\n|\n|t:|1660091521\n|switch|p1a: Toxapex|Toxapex, F|95\/100\n|-damage|p1a: Toxapex|82\/100|[from] Stealth Rock\n|move|p2a: Kartana|Smart Strike|p1a: Toxapex\n|-resisted|p1a: Toxapex\n|-damage|p1a: Toxapex|52\/100\n|\n|upkeep\n|turn|99\n|\n|t:|1660091526\n|switch|p2a: Rotom|Rotom-Wash|57\/100 tox\n|-damage|p2a: Rotom|44\/100 tox|[from] Stealth Rock\n|switch|p1a: Slowking|Slowking, F|91\/100\n|\n|-damage|p2a: Rotom|38\/100 tox|[from] psn\n|upkeep\n|turn|100\n|\n|t:|1660091529\n|switch|p1a: Toxapex|Toxapex, F|86\/100\n|-damage|p1a: Toxapex|73\/100|[from] Stealth Rock\n|move|p2a: Rotom|Pain Split|p1a: Toxapex\n|-sethp|p1a: Toxapex|56\/100|[from] move: Pain Split|[silent]\n|-sethp|p2a: Rotom|56\/100 tox|[from] move: Pain Split\n|\n|-damage|p2a: Rotom|44\/100 tox|[from] psn\n|upkeep\n|turn|101\n|\n|t:|1660091531\n|switch|p1a: Slowking|Slowking, F|100\/100\n|move|p2a: Rotom|Volt Switch|p1a: Slowking\n|-supereffective|p1a: Slowking\n|-damage|p1a: Slowking|69\/100\n|\n|t:|1660091534\n|switch|p2a: Kartana|Kartana|33\/100|[from]move: Volt Switch\n|-damage|p2a: Kartana|27\/100|[from] Stealth Rock\n|\n|upkeep\n|turn|102\n|\n|t:|1660091536\n|move|p1a: Slowking|Protect|p1a: Slowking\n|-singleturn|p1a: Slowking|Protect\n|move|p2a: Kartana|Leaf Blade|p1a: Slowking\n|-activate|p1a: Slowking|move: Protect\n|\n|upkeep\n|turn|103\n|\n|t:|1660091538\n|switch|p1a: Buzzwole|Buzzwole|100\/100\n|move|p2a: Kartana|Leaf Blade|p1a: Buzzwole\n|-resisted|p1a: Buzzwole\n|-damage|p1a: Buzzwole|80\/100\n|\n|upkeep\n|turn|104\n|\n|t:|1660091542\n|switch|p2a: Clefable|Clefable, M|100\/100 brn\n|move|p1a: Buzzwole|Ice Punch|p2a: Clefable\n|-damage|p2a: Clefable|83\/100 brn\n|\n|upkeep\n|turn|105\n|\n|t:|1660091543\n|switch|p1a: Slowking|Slowking, F|100\/100\n|switch|p2a: Kartana|Kartana|27\/100\n|-damage|p2a: Kartana|21\/100|[from] Stealth Rock\n|\n|upkeep\n|turn|106\n|\n|t:|1660091546\n|move|p1a: Slowking|Protect|p1a: Slowking\n|-singleturn|p1a: Slowking|Protect\n|move|p2a: Kartana|Leaf Blade|p1a: Slowking\n|-activate|p1a: Slowking|move: Protect\n|\n|upkeep\n|turn|107\n|\n|t:|1660091547\n|switch|p1a: Buzzwole|Buzzwole|80\/100\n|move|p2a: Kartana|Leaf Blade|p1a: Buzzwole\n|-resisted|p1a: Buzzwole\n|-damage|p1a: Buzzwole|59\/100\n|\n|upkeep\n|turn|108\n|\n|t:|1660091552\n|switch|p2a: Rotom|Rotom-Wash|44\/100 tox\n|-damage|p2a: Rotom|32\/100 tox|[from] Stealth Rock\n|move|p1a: Buzzwole|Roost|p1a: Buzzwole\n|-heal|p1a: Buzzwole|100\/100\n|-singleturn|p1a: Buzzwole|move: Roost\n|\n|-damage|p2a: Rotom|26\/100 tox|[from] psn\n|upkeep\n|turn|109\n|\n|t:|1660091556\n|switch|p1a: Slowking|Slowking, F|100\/100\n|move|p2a: Rotom|Pain Split|p1a: Slowking\n|-sethp|p1a: Slowking|60\/100|[from] move: Pain Split|[silent]\n|-sethp|p2a: Rotom|78\/100 tox|[from] move: Pain Split\n|\n|-damage|p2a: Rotom|66\/100 tox|[from] psn\n|upkeep\n|turn|110\n|\n|t:|1660091559\n|move|p2a: Rotom|Volt Switch|p1a: Slowking\n|-supereffective|p1a: Slowking\n|-damage|p1a: Slowking|31\/100\n|\n|t:|1660091562\n|switch|p2a: Clefable|Clefable, M|83\/100 brn|[from]move: Volt Switch\n|move|p1a: Slowking|Slack Off|p1a: Slowking\n|-heal|p1a: Slowking|81\/100\n|\n|upkeep\n|turn|111\n|\n|t:|1660091564\n|switch|p2a: Rotom|Rotom-Wash|66\/100 tox\n|-damage|p2a: Rotom|54\/100 tox|[from] Stealth Rock\n|move|p1a: Slowking|Scald|p2a: Rotom\n|-resisted|p2a: Rotom\n|-damage|p2a: Rotom|39\/100 tox\n|\n|-damage|p2a: Rotom|33\/100 tox|[from] psn\n|upkeep\n|turn|112\n|\n|t:|1660091567\n|move|p2a: Rotom|Pain Split|p1a: Slowking\n|-sethp|p1a: Slowking|53\/100|[from] move: Pain Split|[silent]\n|-sethp|p2a: Rotom|69\/100 tox|[from] move: Pain Split\n|move|p1a: Slowking|Scald|p2a: Rotom\n|-resisted|p2a: Rotom\n|-damage|p2a: Rotom|54\/100 tox\n|\n|-damage|p2a: Rotom|42\/100 tox|[from] psn\n|upkeep\n|turn|113\n|\n|t:|1660091574\n|move|p1a: Slowking|Protect|p1a: Slowking\n|-singleturn|p1a: Slowking|Protect\n|move|p2a: Rotom|Volt Switch|p1a: Slowking\n|-activate|p1a: Slowking|move: Protect\n|\n|-damage|p2a: Rotom|24\/100 tox|[from] psn\n|upkeep\n|turn|114\n|\n|t:|1660091577\n|move|p1a: Slowking|Protect||[still]\n|-fail|p1a: Slowking\n|move|p2a: Rotom|Volt Switch|p1a: Slowking\n|-supereffective|p1a: Slowking\n|-damage|p1a: Slowking|21\/100\n|\n|t:|1660091584\n|switch|p2a: Landorus|Landorus-Therian, M|20\/100 tox|[from]move: Volt Switch\n|-damage|p2a: Landorus|8\/100 tox|[from] Stealth Rock\n|-ability|p2a: Landorus|Intimidate|boost\n|-unboost|p1a: Slowking|atk|1\n|\n|-damage|p2a: Landorus|2\/100 tox|[from] psn\n|upkeep\n|turn|115\n|\n|t:|1660091588\n|switch|p2a: Clefable|Clefable, M|83\/100 brn\n|switch|p1a: Buzzwole|Buzzwole|100\/100\n|\n|upkeep\n|turn|116\n|\n|t:|1660091596\n|switch|p1a: Slowking|Slowking, F|55\/100\n|switch|p2a: Rotom|Rotom-Wash|24\/100 tox\n|-damage|p2a: Rotom|12\/100 tox|[from] Stealth Rock\n|\n|-damage|p2a: Rotom|6\/100 tox|[from] psn\n|upkeep\n|turn|117\n|-message|kinetic chain forfeited.\n|\n|win|LT92PF fardin\n|raw|LT92PF fardin's rating: 1846 &rarr; <strong>1867<\/strong><br \/>(+21 for winning)\n|raw|kinetic chain's rating: 1872 &rarr; <strong>1851<\/strong><br \/>(-21 for losing)\n|l|\u203dkinetic chain\n|j| PandaDoux\n|j|\u203dkinetic chain\n|player|p2|kinetic chain|giovanni-gen1\n|l|\u203dkinetic chain\n|player|p2|\n|l| PandaDoux\n|l| Boulicrok\n||Ladder isn't responding, score probably updated but might not have (Request timeout).\n","uploadtime":1660091652,"views":92,"p1id":"lt92pffardin","p2id":"kineticchain","formatid":"gen8ou","rating":1851,"private":0,"password":null}