{"id":"gen8ou-1235422807","p1":"70to90gxe","p2":"ThedebatableReaper","format":"gen8ou","log":"|j|\u260670to90gxe\n|j|\u2606ThedebatableReaper\n|t:|1606882128\n|player|p1|70to90gxe|102|2116\n|player|p2|ThedebatableReaper|169|1842\n|teamsize|p1|6\n|teamsize|p2|6\n|gametype|singles\n|gen|8\n|tier|[Gen 8] OU\n|rated|\n|clearpoke\n|poke|p1|Pheromosa|\n|poke|p1|Slowking-Galar, M|\n|poke|p1|Hippowdon, F|\n|poke|p1|Corviknight, M|\n|poke|p1|Clefable, M|\n|poke|p1|Snorlax, F|\n|poke|p2|Spectrier|\n|poke|p2|Rillaboom, M|\n|poke|p2|Heatran, F|\n|poke|p2|Tapu Fini|\n|poke|p2|Zapdos-Galar|\n|poke|p2|Nidoking, M|\n|rule|Sleep Clause Mod: Limit one foe put to sleep\n|rule|Species Clause: Limit one of each Pok\u00e9mon\n|rule|OHKO Clause: OHKO moves are banned\n|rule|Evasion Moves Clause: Evasion moves are banned\n|rule|Endless Battle Clause: Forcing endless battles is banned\n|rule|HP Percentage Mod: HP is shown in percentages\n|rule|Dynamax Clause: You cannot dynamax\n|teampreview\n|j| ttjhjbknkml\n|\n|t:|1606882142\n|start\n|switch|p1a: Slowking|Slowking-Galar, M|100\/100\n|switch|p2a: Rillaboom|Rillaboom, M|100\/100\n|-fieldstart|move: Grassy Terrain|[from] ability: Grassy Surge|[of] p2a: Rillaboom\n|turn|1\n|j| SenatoroTogekiss\n|c| SenatoroTogekiss|oh\n|c| SenatoroTogekiss|he actually got a battle\n|c| SenatoroTogekiss|with a snorlax?\n|j| Vessev\n|\n|t:|1606882164\n|switch|p1a: Corviknight|Corviknight, M|100\/100\n|-ability|p1a: Corviknight|Pressure\n|move|p2a: Rillaboom|Knock Off|p1a: Corviknight\n|-damage|p1a: Corviknight|67\/100\n|-enditem|p1a: Corviknight|Leftovers|[from] move: Knock Off|[of] p2a: Rillaboom\n|\n|upkeep\n|turn|2\n|\n|t:|1606882175\n|switch|p2a: Spectrier|Spectrier|100\/100\n|move|p1a: Corviknight|Roost|p1a: Corviknight\n|-heal|p1a: Corviknight|100\/100\n|-singleturn|p1a: Corviknight|move: Roost\n|\n|upkeep\n|turn|3\n|\n|t:|1606882186\n|switch|p1a: Slowking|Slowking-Galar, M|100\/100\n|move|p2a: Spectrier|Will-O-Wisp|p1a: Slowking\n|-status|p1a: Slowking|brn\n|\n|-damage|p1a: Slowking|94\/100 brn|[from] brn\n|upkeep\n|turn|4\n|\n|t:|1606882198\n|switch|p2a: Heatran|Heatran, F|100\/100\n|switch|p1a: Snorlax|Snorlax, F|100\/100\n|\n|upkeep\n|turn|5\n|\n|t:|1606882207\n|switch|p2a: Zapdos|Zapdos-Galar|100\/100\n|move|p1a: Snorlax|Earthquake|p2a: Zapdos\n|-immune|p2a: Zapdos\n|\n|-fieldend|move: Grassy Terrain\n|upkeep\n|turn|6\n|j| Cannibal8070\n|\n|t:|1606882214\n|switch|p1a: Hippowdon|Hippowdon, F|100\/100\n|move|p2a: Zapdos|U-turn|p1a: Hippowdon\n|-damage|p1a: Hippowdon|89\/100\n|-damage|p2a: Zapdos|84\/100|[from] item: Rocky Helmet|[of] p1a: Hippowdon\n|\n|t:|1606882224\n|switch|p2a: Spectrier|Spectrier|100\/100|[from]move: U-turn\n|\n|upkeep\n|turn|7\n|\n|t:|1606882229\n|switch|p1a: Snorlax|Snorlax, F|100\/100\n|move|p2a: Spectrier|Will-O-Wisp|p1a: Snorlax\n|-status|p1a: Snorlax|brn\n|\n|-damage|p1a: Snorlax|94\/100 brn|[from] brn\n|upkeep\n|turn|8\n|\n|t:|1606882239\n|switch|p2a: Rillaboom|Rillaboom, M|100\/100\n|-fieldstart|move: Grassy Terrain|[from] ability: Grassy Surge|[of] p2a: Rillaboom\n|switch|p1a: Hippowdon|Hippowdon, F|89\/100\n|\n|-heal|p1a: Hippowdon|95\/100|[from] Grassy Terrain\n|upkeep\n|turn|9\n|\n|t:|1606882247\n|switch|p1a: Corviknight|Corviknight, M|100\/100\n|-ability|p1a: Corviknight|Pressure\n|move|p2a: Rillaboom|U-turn|p1a: Corviknight\n|-resisted|p1a: Corviknight\n|-damage|p1a: Corviknight|95\/100\n|\n|t:|1606882256\n|switch|p2a: Heatran|Heatran, F|100\/100|[from]move: U-turn\n|\n|upkeep\n|turn|10\n|\n|t:|1606882261\n|switch|p1a: Snorlax|Snorlax, F|94\/100 brn\n|move|p2a: Heatran|Magma Storm|p1a: Snorlax|[miss]\n|-miss|p2a: Heatran|p1a: Snorlax\n|\n|-heal|p1a: Snorlax|100\/100 brn|[from] item: Leftovers\n|-damage|p1a: Snorlax|94\/100 brn|[from] brn\n|upkeep\n|turn|11\n|\n|t:|1606882270\n|move|p2a: Heatran|Magma Storm|p1a: Snorlax\n|-damage|p1a: Snorlax|84\/100 brn\n|-activate|p1a: Snorlax|move: Magma Storm|[of] p2a: Heatran\n|move|p1a: Snorlax|Earthquake|p2a: Heatran\n|-supereffective|p2a: Heatran\n|-damage|p2a: Heatran|77\/100\n|\n|-heal|p2a: Heatran|83\/100|[from] item: Leftovers\n|-heal|p2a: Heatran|90\/100|[from] Grassy Terrain\n|-heal|p1a: Snorlax|90\/100 brn|[from] item: Leftovers\n|-heal|p1a: Snorlax|96\/100 brn|[from] Grassy Terrain\n|-damage|p1a: Snorlax|90\/100 brn|[from] brn\n|-damage|p1a: Snorlax|78\/100 brn|[from] move: Magma Storm|[partiallytrapped]\n|upkeep\n|turn|12\n|\n|t:|1606882289\n|switch|p2a: Zapdos|Zapdos-Galar|84\/100\n|move|p1a: Snorlax|Earthquake|p2a: Zapdos\n|-immune|p2a: Zapdos\n|\n|-heal|p1a: Snorlax|84\/100 brn|[from] item: Leftovers\n|-heal|p1a: Snorlax|90\/100 brn|[from] Grassy Terrain\n|-fieldend|move: Grassy Terrain\n|-damage|p1a: Snorlax|84\/100 brn|[from] brn\n|-end|p1a: Snorlax|Magma Storm|[partiallytrapped]|[silent]\n|upkeep\n|turn|13\n|\n|t:|1606882301\n|switch|p1a: Clefable|Clefable, M|100\/100\n|move|p2a: Zapdos|U-turn|p1a: Clefable\n|-resisted|p1a: Clefable\n|-damage|p1a: Clefable|91\/100\n|\n|t:|1606882306\n|switch|p2a: Nidoking|Nidoking, M|100\/100|[from]move: U-turn\n|\n|-heal|p1a: Clefable|97\/100|[from] item: Leftovers\n|upkeep\n|turn|14\n|\n|t:|1606882313\n|switch|p1a: Snorlax|Snorlax, F|84\/100 brn\n|move|p2a: Nidoking|Earth Power|p1a: Snorlax\n|-damage|p1a: Snorlax|53\/100 brn\n|\n|-heal|p1a: Snorlax|59\/100 brn|[from] item: Leftovers\n|-damage|p1a: Snorlax|53\/100 brn|[from] brn\n|upkeep\n|turn|15\n|\n|t:|1606882321\n|switch|p1a: Slowking|Slowking-Galar, M|100\/100 brn\n|move|p2a: Nidoking|Superpower|p1a: Slowking\n|-resisted|p1a: Slowking\n|-damage|p1a: Slowking|90\/100 brn\n|-unboost|p2a: Nidoking|atk|1\n|-unboost|p2a: Nidoking|def|1\n|-damage|p2a: Nidoking|91\/100|[from] item: Life Orb\n|\n|-damage|p1a: Slowking|83\/100 brn|[from] brn\n|upkeep\n|turn|16\n|\n|t:|1606882332\n|switch|p2a: Heatran|Heatran, F|90\/100\n|move|p1a: Slowking|Hydro Pump|p2a: Heatran\n|-supereffective|p2a: Heatran\n|-damage|p2a: Heatran|43\/100\n|\n|-heal|p2a: Heatran|50\/100|[from] item: Leftovers\n|-damage|p1a: Slowking|77\/100 brn|[from] brn\n|upkeep\n|turn|17\n|\n|t:|1606882341\n|move|p2a: Heatran|Stealth Rock|p1a: Slowking\n|-sidestart|p1: 70to90gxe|move: Stealth Rock\n|move|p1a: Slowking|Hydro Pump|p2a: Heatran\n|-supereffective|p2a: Heatran\n|-damage|p2a: Heatran|0 fnt\n|faint|p2a: Heatran\n|\n|-damage|p1a: Slowking|71\/100 brn|[from] brn\n|upkeep\n|\n|t:|1606882356\n|switch|p2a: Spectrier|Spectrier|100\/100\n|turn|18\n|j| darenyaodai\n|\n|t:|1606882374\n|move|p2a: Spectrier|Shadow Ball|p1a: Slowking\n|-supereffective|p1a: Slowking\n|-damage|p1a: Slowking|3\/100 brn\n|move|p1a: Slowking|Sludge Bomb|p2a: Spectrier\n|-resisted|p2a: Spectrier\n|-damage|p2a: Spectrier|74\/100\n|-status|p2a: Spectrier|psn\n|\n|-damage|p2a: Spectrier|62\/100 psn|[from] psn\n|-damage|p1a: Slowking|0 fnt|[from] brn\n|faint|p1a: Slowking\n|upkeep\n|j| SpacejunkTroy\n|\n|t:|1606882387\n|switch|p1a: Pheromosa|Pheromosa|100\/100\n|turn|19\n|\n|t:|1606882391\n|move|p1a: Pheromosa|U-turn|p2a: Spectrier\n|-resisted|p2a: Spectrier\n|-damage|p2a: Spectrier|32\/100 psn\n|\n|t:|1606882394\n|switch|p1a: Snorlax|Snorlax, F|53\/100 brn|[from]move: U-turn\n|-damage|p1a: Snorlax|41\/100 brn|[from] Stealth Rock\n|move|p2a: Spectrier|Shadow Ball|p1a: Snorlax\n|-immune|p1a: Snorlax\n|\n|-heal|p1a: Snorlax|47\/100 brn|[from] item: Leftovers\n|-damage|p2a: Spectrier|19\/100 psn|[from] psn\n|-damage|p1a: Snorlax|41\/100 brn|[from] brn\n|upkeep\n|turn|20\n|j| Trailblazer324\n|\n|t:|1606882406\n|switch|p2a: Tapu Fini|Tapu Fini|100\/100\n|-fieldstart|move: Misty Terrain|[from] ability: Misty Surge|[of] p2a: Tapu Fini\n|move|p1a: Snorlax|Rest||[still]\n|-fail|p1a: Snorlax\n|\n|-heal|p1a: Snorlax|47\/100 brn|[from] item: Leftovers\n|-damage|p1a: Snorlax|41\/100 brn|[from] brn\n|upkeep\n|turn|21\n|\n|t:|1606882415\n|switch|p1a: Clefable|Clefable, M|97\/100\n|-damage|p1a: Clefable|85\/100|[from] Stealth Rock\n|move|p2a: Tapu Fini|Scald|p1a: Clefable\n|-damage|p1a: Clefable|60\/100\n|\n|-heal|p1a: Clefable|66\/100|[from] item: Leftovers\n|upkeep\n|turn|22\n|\n|t:|1606882423\n|move|p2a: Tapu Fini|Taunt|p1a: Clefable\n|-start|p1a: Clefable|move: Taunt\n|move|p1a: Clefable|Moonblast|p2a: Tapu Fini\n|-damage|p2a: Tapu Fini|77\/100\n|-unboost|p2a: Tapu Fini|spa|1\n|\n|-heal|p2a: Tapu Fini|83\/100|[from] item: Leftovers\n|-heal|p1a: Clefable|72\/100|[from] item: Leftovers\n|upkeep\n|turn|23\n|\n|t:|1606882433\n|switch|p2a: Nidoking|Nidoking, M|91\/100\n|move|p1a: Clefable|Moonblast|p2a: Nidoking\n|-resisted|p2a: Nidoking\n|-damage|p2a: Nidoking|67\/100\n|-unboost|p2a: Nidoking|spa|1\n|\n|-heal|p1a: Clefable|78\/100|[from] item: Leftovers\n|upkeep\n|turn|24\n|\n|t:|1606882441\n|switch|p1a: Corviknight|Corviknight, M|95\/100\n|-damage|p1a: Corviknight|82\/100|[from] Stealth Rock\n|-ability|p1a: Corviknight|Pressure\n|move|p2a: Nidoking|Ice Beam|p1a: Corviknight\n|-damage|p1a: Corviknight|55\/100\n|\n|-fieldend|Misty Terrain\n|upkeep\n|turn|25\n|\n|t:|1606882452\n|switch|p2a: Tapu Fini|Tapu Fini|83\/100\n|-fieldstart|move: Misty Terrain|[from] ability: Misty Surge|[of] p2a: Tapu Fini\n|move|p1a: Corviknight|Roost|p1a: Corviknight\n|-heal|p1a: Corviknight|100\/100\n|-singleturn|p1a: Corviknight|move: Roost\n|\n|-heal|p2a: Tapu Fini|89\/100|[from] item: Leftovers\n|upkeep\n|turn|26\n|\n|t:|1606882461\n|move|p2a: Tapu Fini|Scald|p1a: Corviknight\n|-damage|p1a: Corviknight|76\/100\n|move|p1a: Corviknight|Defog|p2a: Tapu Fini\n|-unboost|p2a: Tapu Fini|evasion|1\n|-sideend|p1: 70to90gxe|Stealth Rock|[from] move: Defog|[of] p1a: Corviknight\n|-fieldend|Misty Terrain\n|\n|-heal|p2a: Tapu Fini|95\/100|[from] item: Leftovers\n|upkeep\n|turn|27\n|l| Trailblazer324\n|\n|t:|1606882469\n|switch|p1a: Snorlax|Snorlax, F|41\/100 brn\n|move|p2a: Tapu Fini|Scald|p1a: Snorlax\n|-damage|p1a: Snorlax|30\/100 brn\n|\n|-heal|p2a: Tapu Fini|100\/100|[from] item: Leftovers\n|-heal|p1a: Snorlax|36\/100 brn|[from] item: Leftovers\n|-damage|p1a: Snorlax|30\/100 brn|[from] brn\n|upkeep\n|turn|28\n|\n|t:|1606882478\n|move|p2a: Tapu Fini|Taunt|p1a: Snorlax\n|-start|p1a: Snorlax|move: Taunt\n|move|p1a: Snorlax|Body Slam|p2a: Tapu Fini\n|-damage|p2a: Tapu Fini|90\/100\n|-status|p2a: Tapu Fini|par\n|\n|-heal|p2a: Tapu Fini|96\/100 par|[from] item: Leftovers\n|-heal|p1a: Snorlax|36\/100 brn|[from] item: Leftovers\n|-damage|p1a: Snorlax|30\/100 brn|[from] brn\n|upkeep\n|turn|29\n|\n|t:|1606882488\n|cant|p2a: Tapu Fini|par\n|move|p1a: Snorlax|Body Slam|p2a: Tapu Fini\n|-damage|p2a: Tapu Fini|85\/100 par\n|\n|-heal|p2a: Tapu Fini|91\/100 par|[from] item: Leftovers\n|-heal|p1a: Snorlax|36\/100 brn|[from] item: Leftovers\n|-damage|p1a: Snorlax|30\/100 brn|[from] brn\n|upkeep\n|turn|30\n|\n|t:|1606882504\n|switch|p2a: Rillaboom|Rillaboom, M|100\/100\n|-fieldstart|move: Grassy Terrain|[from] ability: Grassy Surge|[of] p2a: Rillaboom\n|move|p1a: Snorlax|Body Slam|p2a: Rillaboom\n|-damage|p2a: Rillaboom|84\/100\n|\n|-heal|p2a: Rillaboom|90\/100|[from] Grassy Terrain\n|-heal|p1a: Snorlax|36\/100 brn|[from] item: Leftovers\n|-heal|p1a: Snorlax|42\/100 brn|[from] Grassy Terrain\n|-damage|p1a: Snorlax|36\/100 brn|[from] brn\n|-end|p1a: Snorlax|move: Taunt\n|upkeep\n|turn|31\n|\n|t:|1606882516\n|switch|p1a: Corviknight|Corviknight, M|76\/100\n|-ability|p1a: Corviknight|Pressure\n|move|p2a: Rillaboom|Knock Off|p1a: Corviknight\n|-damage|p1a: Corviknight|52\/100\n|\n|-heal|p2a: Rillaboom|96\/100|[from] Grassy Terrain\n|upkeep\n|turn|32\n|\n|t:|1606882529\n|switch|p2a: Spectrier|Spectrier|19\/100 psn\n|move|p1a: Corviknight|Roost|p1a: Corviknight\n|-heal|p1a: Corviknight|100\/100\n|-singleturn|p1a: Corviknight|move: Roost\n|\n|-heal|p2a: Spectrier|25\/100 psn|[from] Grassy Terrain\n|-damage|p2a: Spectrier|13\/100 psn|[from] psn\n|upkeep\n|turn|33\n|\n|t:|1606882538\n|switch|p1a: Snorlax|Snorlax, F|36\/100 brn\n|move|p2a: Spectrier|Shadow Ball|p1a: Snorlax\n|-immune|p1a: Snorlax\n|\n|-heal|p2a: Spectrier|19\/100 psn|[from] Grassy Terrain\n|-heal|p1a: Snorlax|42\/100 brn|[from] item: Leftovers\n|-heal|p1a: Snorlax|48\/100 brn|[from] Grassy Terrain\n|-damage|p2a: Spectrier|7\/100 psn|[from] psn\n|-damage|p1a: Snorlax|42\/100 brn|[from] brn\n|upkeep\n|turn|34\n|\n|t:|1606882551\n|switch|p2a: Tapu Fini|Tapu Fini|91\/100 par\n|-fieldstart|move: Misty Terrain|[from] ability: Misty Surge|[of] p2a: Tapu Fini\n|move|p1a: Snorlax|Rest||[still]\n|-fail|p1a: Snorlax\n|\n|-heal|p2a: Tapu Fini|98\/100 par|[from] item: Leftovers\n|-heal|p1a: Snorlax|48\/100 brn|[from] item: Leftovers\n|-damage|p1a: Snorlax|42\/100 brn|[from] brn\n|upkeep\n|turn|35\n|\n|t:|1606882561\n|switch|p1a: Clefable|Clefable, M|78\/100\n|cant|p2a: Tapu Fini|par\n|\n|-heal|p1a: Clefable|85\/100|[from] item: Leftovers\n|-heal|p2a: Tapu Fini|100\/100 par|[from] item: Leftovers\n|upkeep\n|turn|36\n|\n|t:|1606882569\n|switch|p2a: Nidoking|Nidoking, M|67\/100\n|move|p1a: Clefable|Moonblast|p2a: Nidoking\n|-resisted|p2a: Nidoking\n|-damage|p2a: Nidoking|45\/100\n|\n|-heal|p1a: Clefable|91\/100|[from] item: Leftovers\n|upkeep\n|turn|37\n|\n|t:|1606882577\n|switch|p1a: Corviknight|Corviknight, M|100\/100\n|-ability|p1a: Corviknight|Pressure\n|move|p2a: Nidoking|Ice Beam|p1a: Corviknight\n|-damage|p1a: Corviknight|56\/100\n|\n|upkeep\n|turn|38\n|\n|t:|1606882584\n|move|p2a: Nidoking|Ice Beam|p1a: Corviknight\n|-damage|p1a: Corviknight|12\/100\n|move|p1a: Corviknight|Roost|p1a: Corviknight\n|-heal|p1a: Corviknight|62\/100\n|-singleturn|p1a: Corviknight|move: Roost\n|\n|-fieldend|Misty Terrain\n|upkeep\n|turn|39\n|\n|t:|1606882595\n|move|p2a: Nidoking|Ice Beam|p1a: Corviknight\n|-crit|p1a: Corviknight\n|-damage|p1a: Corviknight|0 fnt\n|faint|p1a: Corviknight\n|\n|upkeep\n|\n|t:|1606882599\n|switch|p1a: Pheromosa|Pheromosa|100\/100\n|turn|40\n|\n|t:|1606882603\n|switch|p2a: Tapu Fini|Tapu Fini|100\/100 par\n|-fieldstart|move: Misty Terrain|[from] ability: Misty Surge|[of] p2a: Tapu Fini\n|move|p1a: Pheromosa|Drill Run|p2a: Tapu Fini\n|-damage|p2a: Tapu Fini|78\/100 par\n|\n|-heal|p2a: Tapu Fini|84\/100 par|[from] item: Leftovers\n|upkeep\n|turn|41\n|\n|t:|1606882613\n|move|p1a: Pheromosa|U-turn|p2a: Tapu Fini\n|-resisted|p2a: Tapu Fini\n|-damage|p2a: Tapu Fini|70\/100 par\n|\n|t:|1606882616\n|switch|p1a: Clefable|Clefable, M|91\/100|[from]move: U-turn\n|move|p2a: Tapu Fini|Scald|p1a: Clefable\n|-damage|p1a: Clefable|67\/100\n|\n|-heal|p1a: Clefable|73\/100|[from] item: Leftovers\n|-heal|p2a: Tapu Fini|76\/100 par|[from] item: Leftovers\n|upkeep\n|turn|42\n|l| Cannibal8070\n|\n|t:|1606882625\n|switch|p2a: Rillaboom|Rillaboom, M|96\/100\n|-fieldstart|move: Grassy Terrain|[from] ability: Grassy Surge|[of] p2a: Rillaboom\n|move|p1a: Clefable|Moonblast|p2a: Rillaboom\n|-damage|p2a: Rillaboom|57\/100\n|\n|-heal|p2a: Rillaboom|63\/100|[from] Grassy Terrain\n|-heal|p1a: Clefable|79\/100|[from] item: Leftovers\n|-heal|p1a: Clefable|85\/100|[from] Grassy Terrain\n|upkeep\n|turn|43\n|j| stewpeed\n|\n|t:|1606882637\n|switch|p1a: Snorlax|Snorlax, F|42\/100 brn\n|move|p2a: Rillaboom|Wood Hammer|p1a: Snorlax\n|-damage|p1a: Snorlax|0 fnt\n|-damage|p2a: Rillaboom|42\/100|[from] Recoil\n|faint|p1a: Snorlax\n|\n|-heal|p2a: Rillaboom|48\/100|[from] Grassy Terrain\n|upkeep\n|\n|t:|1606882639\n|switch|p1a: Pheromosa|Pheromosa|100\/100\n|turn|44\n|j| jewtoo_\n|\n|t:|1606882647\n|switch|p2a: Tapu Fini|Tapu Fini|76\/100 par\n|-fieldstart|move: Misty Terrain|[from] ability: Misty Surge|[of] p2a: Tapu Fini\n|move|p1a: Pheromosa|U-turn|p2a: Tapu Fini\n|-resisted|p2a: Tapu Fini\n|-damage|p2a: Tapu Fini|62\/100 par\n|\n|t:|1606882649\n|switch|p1a: Clefable|Clefable, M|85\/100|[from]move: U-turn\n|\n|-heal|p1a: Clefable|91\/100|[from] item: Leftovers\n|-heal|p2a: Tapu Fini|68\/100 par|[from] item: Leftovers\n|upkeep\n|turn|45\n|j| MgcCpu\n|\n|t:|1606882673\n|switch|p2a: Nidoking|Nidoking, M|45\/100\n|move|p1a: Clefable|Calm Mind|p1a: Clefable\n|-boost|p1a: Clefable|spa|1\n|-boost|p1a: Clefable|spd|1\n|\n|-heal|p1a: Clefable|97\/100|[from] item: Leftovers\n|upkeep\n|turn|46\n|\n|t:|1606882682\n|switch|p1a: Hippowdon|Hippowdon, F|95\/100\n|move|p2a: Nidoking|Sludge Wave|p1a: Hippowdon\n|-resisted|p1a: Hippowdon\n|-damage|p1a: Hippowdon|61\/100\n|\n|upkeep\n|turn|47\n|\n|t:|1606882687\n|switch|p1a: Pheromosa|Pheromosa|100\/100\n|move|p2a: Nidoking|Ice Beam|p1a: Pheromosa\n|-damage|p1a: Pheromosa|0 fnt\n|faint|p1a: Pheromosa\n|\n|upkeep\n|-message|70to90gxe forfeited.\n|\n|win|ThedebatableReaper\n|l|\u260670to90gxe\n|raw|70to90gxe's rating: 2116 &rarr; <strong>2083<\/strong><br \/>(-33 for losing)\n|raw|ThedebatableReaper's rating: 1860 &rarr; <strong>1893<\/strong><br \/>(+33 for winning)\n|l| SpacejunkTroy\n|l|\u2606ThedebatableReaper\n|l| stewpeed\n","uploadtime":1606882759,"views":431,"p1id":"70to90gxe","p2id":"thedebatablereaper","formatid":"gen8ou","rating":1893,"private":0,"password":null}