{"id":"gen8bdspou-1515729929","p1":"VirginJimmy99","p2":"zroman","format":"gen8bdspou","log":"|j|\u2606VirginJimmy99\n|j|\u2606zroman\n|t:|1645456805\n|gametype|singles\n|player|p1|VirginJimmy99|170|1465\n|player|p2|zroman|boarder|1407\n|teamsize|p1|6\n|teamsize|p2|6\n|gen|8\n|tier|[Gen 8 BDSP] OU\n|rated|\n|rule|Sleep Clause Mod: Limit one foe put to sleep\n|rule|Species Clause: Limit one of each Pok\u00e9mon\n|rule|OHKO Clause: OHKO moves are banned\n|rule|Evasion Moves Clause: Evasion moves are banned\n|rule|Endless Battle Clause: Forcing endless battles is banned\n|rule|HP Percentage Mod: HP is shown in percentages\n|clearpoke\n|poke|p1|Bastiodon, F|\n|poke|p1|Roserade, M|\n|poke|p1|Starmie|\n|poke|p1|Scizor, F|\n|poke|p1|Mismagius, M|\n|poke|p1|Garchomp, M|\n|poke|p2|Omastar, F|\n|poke|p2|Mamoswine, F|\n|poke|p2|Vileplume, M|\n|poke|p2|Ambipom, M|\n|poke|p2|Magnezone|\n|poke|p2|Mantine, M|\n|teampreview\n|\n|t:|1645456839\n|start\n|switch|p1a: Big Nut|Bastiodon, F|100\/100\n|switch|p2a: Magnezone|Magnezone, shiny|100\/100\n|turn|1\n|\n|t:|1645456870\n|move|p1a: Big Nut|Protect|p1a: Big Nut\n|-singleturn|p1a: Big Nut|Protect\n|move|p2a: Magnezone|Volt Switch|p1a: Big Nut\n|-activate|p1a: Big Nut|move: Protect\n|\n|upkeep\n|turn|2\n|\n|t:|1645456874\n|move|p2a: Magnezone|Volt Switch|p1a: Big Nut\n|-damage|p1a: Big Nut|56\/100\n|\n|t:|1645456894\n|switch|p2a: Mamoswine|Mamoswine, F, shiny|100\/100|[from]move: Volt Switch\n|move|p1a: Big Nut|Metal Burst|p2a: Mamoswine\n|-damage|p2a: Mamoswine|40\/100\n|\n|-heal|p1a: Big Nut|62\/100|[from] item: Leftovers\n|upkeep\n|turn|3\n|\n|t:|1645456908\n|switch|p1a: Starmie|Starmie|100\/100\n|move|p2a: Mamoswine|Substitute|p2a: Mamoswine\n|-start|p2a: Mamoswine|Substitute\n|-damage|p2a: Mamoswine|15\/100\n|\n|upkeep\n|turn|4\n|\n|t:|1645456911\n|move|p1a: Starmie|Scald|p2a: Mamoswine\n|-supereffective|p2a: Mamoswine\n|-crit|p2a: Mamoswine\n|-end|p2a: Mamoswine|Substitute\n|move|p2a: Mamoswine|Earthquake|p1a: Starmie\n|-damage|p1a: Starmie|34\/100\n|\n|-heal|p1a: Starmie|40\/100|[from] item: Leftovers\n|upkeep\n|turn|5\n|\n|t:|1645456920\n|switch|p2a: Mantine|Mantine, M|100\/100\n|move|p1a: Starmie|Ice Beam|p2a: Mantine\n|-damage|p2a: Mantine|90\/100\n|\n|-heal|p1a: Starmie|46\/100|[from] item: Leftovers\n|-heal|p2a: Mantine|96\/100|[from] item: Leftovers\n|upkeep\n|turn|6\n|\n|t:|1645456931\n|move|p1a: Starmie|Thunderbolt|p2a: Mantine\n|-supereffective|p2a: Mantine\n|-damage|p2a: Mantine|55\/100\n|-status|p2a: Mantine|par\n|cant|p2a: Mantine|par\n|\n|-heal|p1a: Starmie|52\/100|[from] item: Leftovers\n|-heal|p2a: Mantine|61\/100 par|[from] item: Leftovers\n|upkeep\n|turn|7\n|\n|t:|1645456942\n|move|p1a: Starmie|Thunderbolt|p2a: Mantine\n|-supereffective|p2a: Mantine\n|-damage|p2a: Mantine|20\/100 par\n|move|p2a: Mantine|Roost|p2a: Mantine\n|-heal|p2a: Mantine|70\/100 par\n|-singleturn|p2a: Mantine|move: Roost\n|\n|-heal|p1a: Starmie|58\/100|[from] item: Leftovers\n|-heal|p2a: Mantine|76\/100 par|[from] item: Leftovers\n|upkeep\n|turn|8\n|\n|t:|1645456947\n|move|p1a: Starmie|Thunderbolt|p2a: Mantine\n|-supereffective|p2a: Mantine\n|-damage|p2a: Mantine|32\/100 par\n|move|p2a: Mantine|Tailwind|p2a: Mantine\n|-sidestart|p2: zroman|move: Tailwind\n|\n|-heal|p1a: Starmie|64\/100|[from] item: Leftovers\n|-heal|p2a: Mantine|38\/100 par|[from] item: Leftovers\n|upkeep\n|turn|9\n|\n|t:|1645456951\n|switch|p2a: Magnezone|Magnezone, shiny|100\/100\n|move|p1a: Starmie|Thunderbolt|p2a: Magnezone\n|-resisted|p2a: Magnezone\n|-damage|p2a: Magnezone|87\/100\n|\n|-heal|p1a: Starmie|71\/100|[from] item: Leftovers\n|upkeep\n|turn|10\n|\n|t:|1645456957\n|switch|p1a: Roserade|Roserade, M|100\/100\n|move|p2a: Magnezone|Flash Cannon|p1a: Roserade\n|-damage|p1a: Roserade|22\/100\n|\n|-heal|p1a: Roserade|28\/100|[from] item: Black Sludge\n|upkeep\n|turn|11\n|\n|t:|1645456964\n|switch|p1a: Scizor|Scizor, F|100\/100\n|move|p2a: Magnezone|Flash Cannon|p1a: Scizor\n|-resisted|p1a: Scizor\n|-damage|p1a: Scizor|68\/100\n|-unboost|p1a: Scizor|spd|1\n|\n|-heal|p1a: Scizor|74\/100|[from] item: Leftovers\n|-sideend|p2: zroman|move: Tailwind\n|upkeep\n|turn|12\n|\n|t:|1645456967\n|move|p2a: Magnezone|Flash Cannon|p1a: Scizor\n|-resisted|p1a: Scizor\n|-damage|p1a: Scizor|25\/100\n|move|p1a: Scizor|U-turn|p2a: Magnezone\n|-resisted|p2a: Magnezone\n|-damage|p2a: Magnezone|72\/100\n|\n|t:|1645456971\n|switch|p1a: Garchomp|Garchomp, M|100\/100|[from]move: U-turn\n|\n|upkeep\n|turn|13\n|\n|t:|1645456976\n|switch|p2a: Vileplume|Vileplume, M|100\/100\n|move|p1a: Garchomp|Earthquake|p2a: Vileplume\n|-damage|p2a: Vileplume|62\/100\n|\n|-heal|p2a: Vileplume|69\/100|[from] item: Black Sludge\n|upkeep\n|turn|14\n|\n|t:|1645456982\n|switch|p1a: Roserade|Roserade, M|28\/100\n|move|p2a: Vileplume|Strength Sap|p1a: Roserade\n|-unboost|p1a: Roserade|atk|1\n|-heal|p2a: Vileplume|100\/100\n|\n|-heal|p1a: Roserade|34\/100|[from] item: Black Sludge\n|upkeep\n|turn|15\n|\n|t:|1645456986\n|move|p1a: Roserade|Spikes|p2a: Vileplume\n|-sidestart|p2: zroman|Spikes\n|move|p2a: Vileplume|Sludge Bomb|p1a: Roserade\n|-damage|p1a: Roserade|0 fnt\n|faint|p1a: Roserade\n|\n|upkeep\n|\n|t:|1645456993\n|switch|p1a: Big Nut|Bastiodon, F|62\/100\n|turn|16\n|\n|t:|1645456998\n|switch|p2a: Mantine|Mantine, M|38\/100 par\n|move|p1a: Big Nut|Stealth Rock|p2a: Mantine\n|-sidestart|p2: zroman|move: Stealth Rock\n|\n|-heal|p1a: Big Nut|68\/100|[from] item: Leftovers\n|-heal|p2a: Mantine|44\/100 par|[from] item: Leftovers\n|upkeep\n|turn|17\n|\n|t:|1645457002\n|switch|p1a: Garchomp|Garchomp, M|100\/100\n|move|p2a: Mantine|Defog|p1a: Garchomp\n|-unboost|p1a: Garchomp|evasion|1\n|-sideend|p2: zroman|Spikes|[from] move: Defog|[of] p2a: Mantine\n|-sideend|p2: zroman|Stealth Rock|[from] move: Defog|[of] p2a: Mantine\n|\n|-heal|p2a: Mantine|50\/100 par|[from] item: Leftovers\n|upkeep\n|turn|18\n|\n|t:|1645457017\n|switch|p2a: Vileplume|Vileplume, M|100\/100\n|move|p1a: Garchomp|Swords Dance|p1a: Garchomp\n|-boost|p1a: Garchomp|atk|2\n|\n|upkeep\n|turn|19\n|\n|t:|1645457023\n|move|p1a: Garchomp|Swords Dance|p1a: Garchomp\n|-boost|p1a: Garchomp|atk|2\n|move|p2a: Vileplume|Moonblast|p1a: Garchomp\n|-supereffective|p1a: Garchomp\n|-damage|p1a: Garchomp|44\/100\n|\n|upkeep\n|turn|20\n|\n|t:|1645457054\n|switch|p2a: Ambipom|Ambipom, M, shiny|100\/100\n|move|p1a: Garchomp|Earthquake|p2a: Ambipom\n|-damage|p2a: Ambipom|0 fnt\n|faint|p2a: Ambipom\n|\n|upkeep\n|\n|t:|1645457057\n|switch|p2a: Mamoswine|Mamoswine, F, shiny|15\/100\n|turn|21\n|\n|t:|1645457060\n|switch|p1a: Starmie|Starmie|71\/100\n|move|p2a: Mamoswine|Ice Shard|p1a: Starmie\n|-resisted|p1a: Starmie\n|-damage|p1a: Starmie|55\/100\n|\n|-heal|p1a: Starmie|62\/100|[from] item: Leftovers\n|upkeep\n|turn|22\n|\n|t:|1645457086\n|move|p1a: Starmie|Ice Beam|p2a: Mamoswine\n|-damage|p2a: Mamoswine|0 fnt\n|faint|p2a: Mamoswine\n|\n|-heal|p1a: Starmie|68\/100|[from] item: Leftovers\n|upkeep\n|\n|t:|1645457096\n|switch|p2a: Magnezone|Magnezone, shiny|72\/100\n|turn|23\n|\n|t:|1645457105\n|switch|p1a: Scizor|Scizor, F|25\/100\n|move|p2a: Magnezone|Flash Cannon|p1a: Scizor\n|-resisted|p1a: Scizor\n|-damage|p1a: Scizor|0 fnt\n|faint|p1a: Scizor\n|\n|upkeep\n|\n|t:|1645457113\n|switch|p1a: Starmie|Starmie|68\/100\n|turn|24\n|\n|t:|1645457116\n|move|p1a: Starmie|Scald|p2a: Magnezone\n|-damage|p2a: Magnezone|32\/100\n|-status|p2a: Magnezone|brn\n|move|p2a: Magnezone|Flash Cannon|p1a: Starmie\n|-resisted|p1a: Starmie\n|-crit|p1a: Starmie\n|-damage|p1a: Starmie|2\/100\n|\n|-heal|p1a: Starmie|8\/100|[from] item: Leftovers\n|-damage|p2a: Magnezone|26\/100 brn|[from] brn\n|upkeep\n|turn|25\n|\n|t:|1645457135\n|move|p1a: Starmie|Scald|p2a: Magnezone\n|-damage|p2a: Magnezone|0 fnt\n|faint|p2a: Magnezone\n|\n|-heal|p1a: Starmie|14\/100|[from] item: Leftovers\n|upkeep\n|\n|t:|1645457137\n|switch|p2a: Mantine|Mantine, M|50\/100 par\n|turn|26\n|\n|t:|1645457146\n|move|p1a: Starmie|Thunderbolt|p2a: Mantine\n|-supereffective|p2a: Mantine\n|-damage|p2a: Mantine|8\/100 par\n|move|p2a: Mantine|Roost|p2a: Mantine\n|-heal|p2a: Mantine|58\/100 par\n|-singleturn|p2a: Mantine|move: Roost\n|\n|-heal|p1a: Starmie|20\/100|[from] item: Leftovers\n|-heal|p2a: Mantine|64\/100 par|[from] item: Leftovers\n|upkeep\n|turn|27\n|\n|t:|1645457152\n|move|p1a: Starmie|Thunderbolt|p2a: Mantine\n|-supereffective|p2a: Mantine\n|-damage|p2a: Mantine|20\/100 par\n|move|p2a: Mantine|Tailwind|p2a: Mantine\n|-sidestart|p2: zroman|move: Tailwind\n|\n|-heal|p1a: Starmie|26\/100|[from] item: Leftovers\n|-heal|p2a: Mantine|26\/100 par|[from] item: Leftovers\n|upkeep\n|turn|28\n|\n|t:|1645457159\n|move|p1a: Starmie|Rapid Spin|p2a: Mantine\n|-damage|p2a: Mantine|15\/100 par\n|-boost|p1a: Starmie|spe|1\n|move|p2a: Mantine|Scald|p1a: Starmie\n|-resisted|p1a: Starmie\n|-damage|p1a: Starmie|13\/100\n|-status|p1a: Starmie|brn\n|\n|-heal|p1a: Starmie|19\/100 brn|[from] item: Leftovers\n|-heal|p2a: Mantine|21\/100 par|[from] item: Leftovers\n|-damage|p1a: Starmie|13\/100 brn|[from] brn\n|upkeep\n|turn|29\n|\n|t:|1645457164\n|move|p1a: Starmie|Thunderbolt|p2a: Mantine\n|-supereffective|p2a: Mantine\n|-damage|p2a: Mantine|0 fnt\n|faint|p2a: Mantine\n|\n|-heal|p1a: Starmie|19\/100 brn|[from] item: Leftovers\n|-damage|p1a: Starmie|13\/100 brn|[from] brn\n|upkeep\n|\n|t:|1645457169\n|switch|p2a: Omastar|Omastar, F, shiny|100\/100\n|turn|30\n|\n|t:|1645457176\n|move|p1a: Starmie|Thunderbolt|p2a: Omastar\n|-supereffective|p2a: Omastar\n|-damage|p2a: Omastar|30\/100\n|-status|p2a: Omastar|par\n|move|p2a: Omastar|Surf|p1a: Starmie\n|-resisted|p1a: Starmie\n|-damage|p1a: Starmie|0 fnt\n|faint|p1a: Starmie\n|\n|-sideend|p2: zroman|move: Tailwind\n|upkeep\n|\n|t:|1645457186\n|switch|p1a: Mismagius|Mismagius, M|100\/100\n|turn|31\n|\n|t:|1645457193\n|move|p1a: Mismagius|Shadow Ball|p2a: Omastar\n|-damage|p2a: Omastar|0 fnt\n|faint|p2a: Omastar\n|\n|upkeep\n|\n|t:|1645457195\n|switch|p2a: Vileplume|Vileplume, M|100\/100\n|turn|32\n|\n|t:|1645457201\n|switch|p1a: Big Nut|Bastiodon, F|68\/100\n|move|p2a: Vileplume|Giga Drain|p1a: Big Nut\n|-damage|p1a: Big Nut|44\/100\n|\n|-heal|p1a: Big Nut|50\/100|[from] item: Leftovers\n|upkeep\n|turn|33\n|\n|t:|1645457208\n|move|p2a: Vileplume|Giga Drain|p1a: Big Nut\n|-damage|p1a: Big Nut|26\/100\n|move|p1a: Big Nut|Metal Burst|p2a: Vileplume\n|-damage|p2a: Vileplume|67\/100\n|\n|-heal|p2a: Vileplume|74\/100|[from] item: Black Sludge\n|-heal|p1a: Big Nut|32\/100|[from] item: Leftovers\n|upkeep\n|turn|34\n|\n|t:|1645457213\n|move|p2a: Vileplume|Giga Drain|p1a: Big Nut\n|-damage|p1a: Big Nut|8\/100\n|-heal|p2a: Vileplume|85\/100|[from] drain|[of] p1a: Big Nut\n|move|p1a: Big Nut|Metal Burst|p2a: Vileplume\n|-damage|p2a: Vileplume|52\/100\n|\n|-heal|p2a: Vileplume|58\/100|[from] item: Black Sludge\n|-heal|p1a: Big Nut|14\/100|[from] item: Leftovers\n|upkeep\n|turn|35\n|\n|t:|1645457217\n|move|p2a: Vileplume|Strength Sap|p1a: Big Nut\n|-unboost|p1a: Big Nut|atk|1\n|-heal|p2a: Vileplume|86\/100\n|move|p1a: Big Nut|Metal Burst||[still]\n|-fail|p1a: Big Nut\n|\n|-heal|p2a: Vileplume|92\/100|[from] item: Black Sludge\n|-heal|p1a: Big Nut|20\/100|[from] item: Leftovers\n|upkeep\n|turn|36\n|\n|t:|1645457220\n|move|p2a: Vileplume|Giga Drain|p1a: Big Nut\n|-damage|p1a: Big Nut|0 fnt\n|-heal|p2a: Vileplume|100\/100|[from] drain|[of] p1a: Big Nut\n|faint|p1a: Big Nut\n|\n|upkeep\n|\n|t:|1645457223\n|switch|p1a: Mismagius|Mismagius, M|100\/100\n|turn|37\n|\n|t:|1645457232\n|move|p1a: Mismagius|Mystical Fire|p2a: Vileplume\n|-supereffective|p2a: Vileplume\n|-damage|p2a: Vileplume|54\/100\n|-unboost|p2a: Vileplume|spa|1\n|move|p2a: Vileplume|Giga Drain|p1a: Mismagius\n|-damage|p1a: Mismagius|76\/100\n|-heal|p2a: Vileplume|63\/100|[from] drain|[of] p1a: Mismagius\n|\n|-heal|p2a: Vileplume|69\/100|[from] item: Black Sludge\n|upkeep\n|turn|38\n|\n|t:|1645457239\n|move|p1a: Mismagius|Mystical Fire|p2a: Vileplume\n|-supereffective|p2a: Vileplume\n|-damage|p2a: Vileplume|22\/100\n|-unboost|p2a: Vileplume|spa|1\n|move|p2a: Vileplume|Giga Drain|p1a: Mismagius\n|-damage|p1a: Mismagius|60\/100\n|-heal|p2a: Vileplume|28\/100|[from] drain|[of] p1a: Mismagius\n|\n|-heal|p2a: Vileplume|34\/100|[from] item: Black Sludge\n|upkeep\n|turn|39\n|-message|zroman forfeited.\n|\n|win|VirginJimmy99\n|raw|VirginJimmy99's rating: 1465 &rarr; <strong>1482<\/strong><br \/>(+17 for winning)\n|raw|zroman's rating: 1407 &rarr; <strong>1390<\/strong><br \/>(-17 for losing)\n|l|\u2606zroman\n","uploadtime":1645457249,"views":9,"p1id":"virginjimmy99","p2id":"zroman","formatid":"gen8bdspou","rating":1390,"private":0,"password":null}