{"id":"gen8bdspru-1508857193","p1":"Ill Leave","p2":"skeetbomb","format":"gen8bdspru","log":"|j|\u2606Ill Leave\n|j|\u2606skeetbomb\n|t:|1644594441\n|gametype|singles\n|player|p1|Ill Leave|janine|1351\n|player|p2|skeetbomb|parasollady|1179\n|teamsize|p1|6\n|teamsize|p2|6\n|gen|8\n|tier|[Gen 8 BDSP] RU\n|rated|\n|rule|Sleep Clause Mod: Limit one foe put to sleep\n|rule|Species Clause: Limit one of each Pok\u00e9mon\n|rule|OHKO Clause: OHKO moves are banned\n|rule|Evasion Moves Clause: Evasion moves are banned\n|rule|Endless Battle Clause: Forcing endless battles is banned\n|rule|HP Percentage Mod: HP is shown in percentages\n|clearpoke\n|poke|p1|Aerodactyl, F|\n|poke|p1|Nidoqueen, F|\n|poke|p1|Hariyama, M|\n|poke|p1|Mawile, F|\n|poke|p1|Rotom|\n|poke|p1|Mesprit|\n|poke|p2|Linoone, M|\n|poke|p2|Bibarel, F|\n|poke|p2|Uxie|\n|poke|p2|Gastrodon, M|\n|poke|p2|Torkoal, M|\n|poke|p2|Pinsir, M|\n|teampreview\n|\n|t:|1644594464\n|start\n|switch|p1a: Nidoqueen|Nidoqueen, F|100\/100\n|switch|p2a: Gastrodon|Gastrodon, M|100\/100\n|turn|1\n|j| hipsterpotas\n|\n|t:|1644594485\n|move|p1a: Nidoqueen|Toxic Spikes|p2a: Gastrodon\n|-sidestart|p2: skeetbomb|move: Toxic Spikes\n|move|p2a: Gastrodon|Scald|p1a: Nidoqueen\n|-supereffective|p1a: Nidoqueen\n|-damage|p1a: Nidoqueen|48\/100\n|\n|-heal|p1a: Nidoqueen|54\/100|[from] item: Black Sludge\n|upkeep\n|turn|2\n|\n|t:|1644594495\n|switch|p1a: Hariyama|Hariyama, M|100\/100\n|move|p2a: Gastrodon|Scald|p1a: Hariyama\n|-damage|p1a: Hariyama|79\/100\n|-status|p1a: Hariyama|brn\n|\n|-heal|p1a: Hariyama|85\/100 brn|[from] item: Leftovers\n|-damage|p1a: Hariyama|79\/100 brn|[from] brn\n|upkeep\n|turn|3\n|\n|t:|1644594505\n|switch|p2a: Torkoal|Torkoal, M|100\/100\n|-status|p2a: Torkoal|psn\n|move|p1a: Hariyama|Whirlwind|p2a: Torkoal\n|drag|p2a: Uxie|Uxie|100\/100\n|\n|-heal|p1a: Hariyama|85\/100 brn|[from] item: Leftovers\n|-damage|p1a: Hariyama|79\/100 brn|[from] brn\n|upkeep\n|turn|4\n|\n|t:|1644594540\n|move|p2a: Uxie|Reflect|p2a: Uxie\n|-sidestart|p2: skeetbomb|Reflect\n|move|p1a: Hariyama|Knock Off|p2a: Uxie\n|-supereffective|p2a: Uxie\n|-damage|p2a: Uxie|89\/100\n|-enditem|p2a: Uxie|Light Clay|[from] move: Knock Off|[of] p1a: Hariyama\n|\n|-heal|p1a: Hariyama|85\/100 brn|[from] item: Leftovers\n|-damage|p1a: Hariyama|79\/100 brn|[from] brn\n|upkeep\n|turn|5\n|\n|t:|1644594546\n|switch|p1a: Nidoqueen|Nidoqueen, F|54\/100\n|move|p2a: Uxie|Light Screen|p2a: Uxie\n|-sidestart|p2: skeetbomb|move: Light Screen\n|\n|-heal|p1a: Nidoqueen|60\/100|[from] item: Black Sludge\n|upkeep\n|turn|6\n|\n|t:|1644594555\n|switch|p2a: Torkoal|Torkoal, M|100\/100 psn\n|move|p1a: Nidoqueen|Toxic Spikes|p2a: Torkoal\n|-sidestart|p2: skeetbomb|move: Toxic Spikes\n|\n|-heal|p1a: Nidoqueen|66\/100|[from] item: Black Sludge\n|-damage|p2a: Torkoal|88\/100 psn|[from] psn\n|upkeep\n|turn|7\n|\n|t:|1644594560\n|move|p1a: Nidoqueen|Protect|p1a: Nidoqueen\n|-singleturn|p1a: Nidoqueen|Protect\n|move|p2a: Torkoal|Yawn|p1a: Nidoqueen\n|-activate|p1a: Nidoqueen|move: Protect\n|\n|-heal|p1a: Nidoqueen|72\/100|[from] item: Black Sludge\n|-heal|p2a: Torkoal|94\/100 psn|[from] item: Leftovers\n|-damage|p2a: Torkoal|82\/100 psn|[from] psn\n|upkeep\n|turn|8\n|inactive|Battle timer is ON: inactive players will automatically lose when time's up. (requested by skeetbomb)\n|\n|t:|1644594614\n|move|p1a: Nidoqueen|Earth Power|p2a: Torkoal\n|-supereffective|p2a: Torkoal\n|-damage|p2a: Torkoal|27\/100 psn\n|move|p2a: Torkoal|Rapid Spin|p1a: Nidoqueen\n|-damage|p1a: Nidoqueen|64\/100\n|-boost|p2a: Torkoal|spe|1\n|-sideend|p2: skeetbomb|Toxic Spikes|[from] move: Rapid Spin|[of] p2a: Torkoal\n|\n|-heal|p1a: Nidoqueen|70\/100|[from] item: Black Sludge\n|-heal|p2a: Torkoal|33\/100 psn|[from] item: Leftovers\n|-damage|p2a: Torkoal|20\/100 psn|[from] psn\n|upkeep\n|turn|9\n|\n|t:|1644594627\n|move|p1a: Nidoqueen|Toxic Spikes|p2a: Torkoal\n|-sidestart|p2: skeetbomb|move: Toxic Spikes\n|move|p2a: Torkoal|Yawn|p1a: Nidoqueen\n|-start|p1a: Nidoqueen|move: Yawn|[of] p2a: Torkoal\n|\n|-heal|p1a: Nidoqueen|76\/100|[from] item: Black Sludge\n|-heal|p2a: Torkoal|26\/100 psn|[from] item: Leftovers\n|-damage|p2a: Torkoal|14\/100 psn|[from] psn\n|-sideend|p2: skeetbomb|move: Light Screen\n|upkeep\n|turn|10\n|\n|t:|1644594657\n|switch|p1a: Rotom|Rotom|100\/100\n|move|p2a: Torkoal|Rapid Spin|p1a: Rotom\n|-immune|p1a: Rotom\n|\n|-heal|p2a: Torkoal|20\/100 psn|[from] item: Leftovers\n|-damage|p2a: Torkoal|7\/100 psn|[from] psn\n|upkeep\n|turn|11\n|\n|t:|1644594664\n|move|p1a: Rotom|Volt Switch|p2a: Torkoal\n|-damage|p2a: Torkoal|0 fnt\n|faint|p2a: Torkoal\n|\n|t:|1644594669\n|switch|p1a: Nidoqueen|Nidoqueen, F|76\/100|[from]move: Volt Switch\n|\n|-heal|p1a: Nidoqueen|82\/100|[from] item: Black Sludge\n|-sideend|p2: skeetbomb|Reflect\n|upkeep\n|\n|t:|1644594687\n|switch|p2a: Gastrodon|Gastrodon, M|100\/100\n|-status|p2a: Gastrodon|psn\n|turn|12\n|\n|t:|1644594706\n|move|p1a: Nidoqueen|Protect|p1a: Nidoqueen\n|-singleturn|p1a: Nidoqueen|Protect\n|move|p2a: Gastrodon|Scald|p1a: Nidoqueen\n|-activate|p1a: Nidoqueen|move: Protect\n|\n|-heal|p1a: Nidoqueen|88\/100|[from] item: Black Sludge\n|-damage|p2a: Gastrodon|88\/100 psn|[from] psn\n|upkeep\n|turn|13\n|\n|t:|1644594726\n|switch|p1a: Mesprit|Mesprit|100\/100\n|move|p2a: Gastrodon|Scald|p1a: Mesprit\n|-damage|p1a: Mesprit|71\/100\n|\n|-heal|p2a: Gastrodon|94\/100 psn|[from] item: Leftovers\n|-damage|p2a: Gastrodon|82\/100 psn|[from] psn\n|upkeep\n|turn|14\n|\n|t:|1644594742\n|switch|p2a: Pinsir|Pinsir, M|100\/100\n|-status|p2a: Pinsir|psn\n|-ability|p2a: Pinsir|Mold Breaker\n|move|p1a: Mesprit|Calm Mind|p1a: Mesprit\n|-boost|p1a: Mesprit|spa|1\n|-boost|p1a: Mesprit|spd|1\n|\n|-damage|p2a: Pinsir|88\/100 psn|[from] psn\n|upkeep\n|turn|15\n|\n|t:|1644594750\n|switch|p1a: Mawile|Mawile, F|100\/100\n|-ability|p1a: Mawile|Intimidate|boost\n|-unboost|p2a: Pinsir|atk|1\n|move|p2a: Pinsir|X-Scissor|p1a: Mawile\n|-resisted|p1a: Mawile\n|-damage|p1a: Mawile|92\/100\n|-damage|p2a: Pinsir|78\/100 psn|[from] item: Life Orb\n|\n|-heal|p1a: Mawile|98\/100|[from] item: Leftovers\n|-damage|p2a: Pinsir|66\/100 psn|[from] psn\n|upkeep\n|turn|16\n|\n|t:|1644594768\n|switch|p2a: Uxie|Uxie|89\/100\n|move|p1a: Mawile|Stealth Rock|p2a: Uxie\n|-sidestart|p2: skeetbomb|move: Stealth Rock\n|\n|-heal|p1a: Mawile|100\/100|[from] item: Leftovers\n|upkeep\n|turn|17\n|\n|t:|1644594778\n|switch|p1a: Aerodactyl|Aerodactyl, F|100\/100\n|-ability|p1a: Aerodactyl|Pressure\n|move|p2a: Uxie|Reflect|p2a: Uxie\n|-sidestart|p2: skeetbomb|Reflect\n|\n|upkeep\n|turn|18\n|\n|t:|1644594783\n|move|p1a: Aerodactyl|Substitute|p1a: Aerodactyl\n|-start|p1a: Aerodactyl|Substitute\n|-damage|p1a: Aerodactyl|76\/100\n|move|p2a: Uxie|Light Screen|p2a: Uxie\n|-sidestart|p2: skeetbomb|move: Light Screen\n|\n|upkeep\n|turn|19\n|\n|t:|1644594790\n|switch|p2a: Bibarel|Bibarel, F|100\/100\n|-damage|p2a: Bibarel|88\/100|[from] Stealth Rock\n|-status|p2a: Bibarel|psn\n|move|p1a: Aerodactyl|Earthquake|p2a: Bibarel\n|-damage|p2a: Bibarel|61\/100 psn\n|\n|-damage|p2a: Bibarel|48\/100 psn|[from] psn\n|upkeep\n|turn|20\n|inactive|Ill Leave has 120 seconds left.\n|\n|t:|1644594830\n|move|p2a: Bibarel|Aqua Jet|p1a: Aerodactyl\n|-supereffective|p1a: Aerodactyl\n|-end|p1a: Aerodactyl|Substitute\n|-damage|p2a: Bibarel|39\/100 psn|[from] item: Life Orb\n|move|p1a: Aerodactyl|Stone Edge|p2a: Bibarel\n|-damage|p2a: Bibarel|0 fnt\n|faint|p2a: Bibarel\n|\n|upkeep\n|\n|t:|1644594846\n|switch|p2a: Gastrodon|Gastrodon, M|82\/100 psn\n|-damage|p2a: Gastrodon|76\/100 psn|[from] Stealth Rock\n|turn|21\n|inactive|Ill Leave has 120 seconds left.\n|\n|t:|1644594859\n|move|p1a: Aerodactyl|Substitute|p1a: Aerodactyl\n|-start|p1a: Aerodactyl|Substitute\n|-damage|p1a: Aerodactyl|51\/100\n|move|p2a: Gastrodon|Scald|p1a: Aerodactyl\n|-supereffective|p1a: Aerodactyl\n|-end|p1a: Aerodactyl|Substitute\n|\n|-heal|p2a: Gastrodon|82\/100 psn|[from] item: Leftovers\n|-damage|p2a: Gastrodon|69\/100 psn|[from] psn\n|-sideend|p2: skeetbomb|Reflect\n|upkeep\n|turn|22\n|\n|t:|1644594862\n|move|p1a: Aerodactyl|Substitute|p1a: Aerodactyl\n|-start|p1a: Aerodactyl|Substitute\n|-damage|p1a: Aerodactyl|26\/100\n|move|p2a: Gastrodon|Scald|p1a: Aerodactyl\n|-supereffective|p1a: Aerodactyl\n|-end|p1a: Aerodactyl|Substitute\n|\n|-heal|p2a: Gastrodon|75\/100 psn|[from] item: Leftovers\n|-damage|p2a: Gastrodon|63\/100 psn|[from] psn\n|-sideend|p2: skeetbomb|move: Light Screen\n|upkeep\n|turn|23\n|\n|t:|1644594865\n|move|p1a: Aerodactyl|Substitute|p1a: Aerodactyl\n|-start|p1a: Aerodactyl|Substitute\n|-damage|p1a: Aerodactyl|1\/100\n|move|p2a: Gastrodon|Scald|p1a: Aerodactyl\n|-supereffective|p1a: Aerodactyl\n|-end|p1a: Aerodactyl|Substitute\n|\n|-heal|p2a: Gastrodon|69\/100 psn|[from] item: Leftovers\n|-damage|p2a: Gastrodon|57\/100 psn|[from] psn\n|upkeep\n|turn|24\n|\n|t:|1644594870\n|move|p1a: Aerodactyl|Roost|p1a: Aerodactyl\n|-heal|p1a: Aerodactyl|51\/100\n|-singleturn|p1a: Aerodactyl|move: Roost\n|move|p2a: Gastrodon|Scald|p1a: Aerodactyl\n|-supereffective|p1a: Aerodactyl\n|-damage|p1a: Aerodactyl|0 fnt\n|faint|p1a: Aerodactyl\n|\n|-heal|p2a: Gastrodon|63\/100 psn|[from] item: Leftovers\n|-damage|p2a: Gastrodon|50\/100 psn|[from] psn\n|upkeep\n|\n|t:|1644594879\n|switch|p1a: Mesprit|Mesprit|71\/100\n|turn|25\n|\n|t:|1644594885\n|switch|p2a: Pinsir|Pinsir, M|66\/100 psn\n|-damage|p2a: Pinsir|41\/100 psn|[from] Stealth Rock\n|-ability|p2a: Pinsir|Mold Breaker\n|move|p1a: Mesprit|Calm Mind|p1a: Mesprit\n|-boost|p1a: Mesprit|spa|1\n|-boost|p1a: Mesprit|spd|1\n|\n|-damage|p2a: Pinsir|29\/100 psn|[from] psn\n|upkeep\n|turn|26\n|inactive|Ill Leave has 120 seconds left.\n|\n|t:|1644594932\n|switch|p1a: Mawile|Mawile, F|100\/100\n|-ability|p1a: Mawile|Intimidate|boost\n|-unboost|p2a: Pinsir|atk|1\n|move|p2a: Pinsir|Swords Dance|p2a: Pinsir\n|-boost|p2a: Pinsir|atk|2\n|\n|-damage|p2a: Pinsir|17\/100 psn|[from] psn\n|upkeep\n|turn|27\n|\n|t:|1644594939\n|move|p1a: Mawile|Sucker Punch|p2a: Pinsir\n|-damage|p2a: Pinsir|0 fnt\n|faint|p2a: Pinsir\n|\n|upkeep\n|\n|t:|1644594944\n|switch|p2a: Uxie|Uxie|89\/100\n|-damage|p2a: Uxie|76\/100|[from] Stealth Rock\n|turn|28\n|inactive|Ill Leave has 120 seconds left.\n|\n|t:|1644594962\n|move|p2a: Uxie|Reflect|p2a: Uxie\n|-sidestart|p2: skeetbomb|Reflect\n|move|p1a: Mawile|Iron Head|p2a: Uxie\n|-damage|p2a: Uxie|66\/100\n|\n|upkeep\n|turn|29\n|inactive|Ill Leave has 120 seconds left.\n|\n|t:|1644594988\n|switch|p1a: Nidoqueen|Nidoqueen, F|88\/100\n|move|p2a: Uxie|Light Screen|p2a: Uxie\n|-sidestart|p2: skeetbomb|move: Light Screen\n|\n|-heal|p1a: Nidoqueen|94\/100|[from] item: Black Sludge\n|upkeep\n|turn|30\n|\n|t:|1644594998\n|move|p2a: Uxie|Memento|p1a: Nidoqueen\n|-unboost|p1a: Nidoqueen|atk|2\n|-unboost|p1a: Nidoqueen|spa|2\n|faint|p2a: Uxie\n|move|p1a: Nidoqueen|Toxic Spikes|p2: Uxie\n|-sidestart|p2: skeetbomb|move: Toxic Spikes\n|\n|-heal|p1a: Nidoqueen|99\/100|[from] item: Black Sludge\n|upkeep\n|\n|t:|1644595001\n|switch|p2a: Linoone|Linoone, M, shiny|100\/100\n|-damage|p2a: Linoone|88\/100|[from] Stealth Rock\n|-status|p2a: Linoone|tox\n|turn|31\n|inactive|Ill Leave has 120 seconds left.\n|\n|t:|1644595010\n|move|p2a: Linoone|Extreme Speed|p1a: Nidoqueen\n|-damage|p1a: Nidoqueen|68\/100\n|move|p1a: Nidoqueen|Sludge Wave|p2a: Linoone\n|-damage|p2a: Linoone|71\/100 tox\n|\n|-heal|p1a: Nidoqueen|74\/100|[from] item: Black Sludge\n|-damage|p2a: Linoone|65\/100 tox|[from] psn\n|upkeep\n|turn|32\n|c|\u2606skeetbomb|f misclick\n|-message|skeetbomb forfeited.\n|\n|win|Ill Leave\n|raw|Ill Leave's rating: 1350 &rarr; <strong>1361<\/strong><br \/>(+11 for winning)\n|raw|skeetbomb's rating: 1179 &rarr; <strong>1165<\/strong><br \/>(-14 for losing)\n|l|\u2606skeetbomb\n","uploadtime":1644595024,"views":125,"p1id":"illleave","p2id":"skeetbomb","formatid":"gen8bdspru","rating":1165,"private":0,"password":null}