{"id":"gen8vgc2022-1706970253","p1":"zefiro9999","p2":"RagnarockVGC","format":"gen8vgc2022","log":"|j|\u2606zefiro9999\n|j|\u2606RagnarockVGC\n|t:|1668037518\n|gametype|doubles\n|player|p1|zefiro9999|n|1403\n|player|p2|RagnarockVGC|n|1304\n|teamsize|p1|6\n|teamsize|p2|6\n|gen|8\n|tier|[Gen 8] VGC 2022\n|rated|\n|rule|Species Clause: Limit one of each Pok\u00e9mon\n|rule|Item Clause: Limit one of each item\n|clearpoke\n|poke|p1|Calyrex-Shadow, L50|\n|poke|p1|Indeedee-F, L50, F|\n|poke|p1|Porygon2, L50|\n|poke|p1|Palkia, L50|\n|poke|p1|Incineroar, L50, M|\n|poke|p1|Metagross, L50|\n|poke|p2|Zamazenta-*, L50|\n|poke|p2|Zygarde, L50|\n|poke|p2|Thundurus, L50, M|\n|poke|p2|Tapu Fini, L50|\n|poke|p2|Venusaur, L50, M|\n|poke|p2|Torkoal, L50, F|\n|teampreview|4\n|inactive|Battle timer is ON: inactive players will automatically lose when time's up. (requested by zefiro9999)\n|inactive|RagnarockVGC has 60 seconds left.\n|\n|t:|1668037572\n|start\n|switch|p1a: Indeedee|Indeedee-F, L50, F|100\/100\n|switch|p1b: Calyrex|Calyrex-Shadow, L50|100\/100\n|switch|p2a: Gurren|Zygarde, L50, shiny|100\/100\n|switch|p2b: Zamazenta|Zamazenta-Crowned, L50, shiny|100\/100\n|-ability|p1b: Calyrex|As One\n|-ability|p1b: Calyrex|Unnerve\n|-ability|p2b: Zamazenta|Dauntless Shield|boost\n|-boost|p2b: Zamazenta|def|1\n|-fieldstart|move: Psychic Terrain|[from] ability: Psychic Surge|[of] p1a: Indeedee\n|turn|1\n|inactive|RagnarockVGC has 30 seconds left.\n|inactive|RagnarockVGC has 20 seconds left.\n|\n|t:|1668037611\n|switch|p2a: Tapu Fini|Tapu Fini, L50|100\/100\n|-fieldstart|move: Misty Terrain|[from] ability: Misty Surge|[of] p2a: Tapu Fini\n|move|p2b: Zamazenta|Snarl|p1b: Calyrex|[spread] p1a,p1b\n|-supereffective|p1a: Indeedee\n|-supereffective|p1b: Calyrex\n|-damage|p1a: Indeedee|87\/100\n|-damage|p1b: Calyrex|75\/100\n|-unboost|p1a: Indeedee|spa|1\n|-unboost|p1b: Calyrex|spa|1\n|move|p1a: Indeedee|Expanding Force|p2a: Tapu Fini\n|-damage|p2a: Tapu Fini|88\/100\n|move|p1b: Calyrex|Trick Room|p1b: Calyrex\n|-fieldstart|move: Trick Room|[of] p1b: Calyrex\n|\n|upkeep\n|turn|2\n|inactive|RagnarockVGC has 30 seconds left.\n|\n|t:|1668037643\n|switch|p1b: Incineroar|Incineroar, L50, M|100\/100\n|-ability|p1b: Incineroar|Intimidate|boost\n|-unboost|p2a: Tapu Fini|atk|1\n|-unboost|p2b: Zamazenta|atk|1\n|move|p1a: Indeedee|Mystical Fire|p2a: Tapu Fini\n|-resisted|p2a: Tapu Fini\n|-damage|p2a: Tapu Fini|85\/100\n|-unboost|p2a: Tapu Fini|spa|1\n|move|p2a: Tapu Fini|Soak|p1b: Incineroar\n|-start|p1b: Incineroar|typechange|Water\n|move|p2b: Zamazenta|Snarl|p1b: Incineroar|[spread] p1a,p1b\n|-supereffective|p1a: Indeedee\n|-damage|p1a: Indeedee|76\/100\n|-damage|p1b: Incineroar|93\/100\n|-unboost|p1a: Indeedee|spa|1\n|-unboost|p1b: Incineroar|spa|1\n|\n|upkeep\n|turn|3\n|inactive|zefiro9999 has 30 seconds left.\n|inactive|RagnarockVGC has 30 seconds left.\n|\n|t:|1668037673\n|switch|p2a: Gurren|Zygarde, L50, shiny|100\/100\n|-start|p1b: Incineroar|Dynamax|\n|-heal|p1b: Incineroar|93\/100|[silent]\n|move|p1a: Indeedee|Helping Hand|p1b: Incineroar\n|-singleturn|p1b: Incineroar|Helping Hand|[of] p1a: Indeedee\n|move|p1b: Incineroar|Max Flare|p2b: Zamazenta\n|-supereffective|p2b: Zamazenta\n|-damage|p2b: Zamazenta|40\/100\n|-weather|SunnyDay\n|move|p2b: Zamazenta|Coaching|p2a: Gurren\n|-boost|p2a: Gurren|atk|1\n|-boost|p2a: Gurren|def|1\n|\n|-weather|SunnyDay|[upkeep]\n|upkeep\n|turn|4\n|inactive|RagnarockVGC has 30 seconds left.\n|inactive|zefiro9999 has 30 seconds left.\n|\n|t:|1668037709\n|switch|p2b: Tapu Fini|Tapu Fini, L50|85\/100\n|-start|p2a: Gurren|Dynamax|\n|-heal|p2a: Gurren|100\/100|[silent]\n|move|p1a: Indeedee|Follow Me|p1a: Indeedee\n|-singleturn|p1a: Indeedee|move: Follow Me\n|move|p1b: Incineroar|Max Flare|p2b: Tapu Fini\n|-resisted|p2b: Tapu Fini\n|-damage|p2b: Tapu Fini|55\/100\n|move|p2a: Gurren|Max Quake|p1a: Indeedee\n|-damage|p1a: Indeedee|0 fnt\n|-boost|p2a: Gurren|spd|1\n|-boost|p2b: Tapu Fini|spd|1\n|faint|p1a: Indeedee\n|\n|-weather|SunnyDay|[upkeep]\n|upkeep\n|\n|t:|1668037725\n|switch|p1a: Palkia|Palkia, L50|100\/100\n|turn|5\n|\n|t:|1668037743\n|move|p1b: Incineroar|Max Darkness|p2a: Gurren\n|-crit|p2a: Gurren\n|-damage|p2a: Gurren|77\/100\n|-unboost|p2a: Gurren|spd|1\n|-unboost|p2b: Tapu Fini|spd|1\n|move|p1a: Palkia|Spacial Rend|p2a: Gurren|[miss]\n|-miss|p1a: Palkia|p2a: Gurren\n|move|p2b: Tapu Fini|Nature's Madness|p1b: Incineroar\n|-damage|p1b: Incineroar|70\/100\n|move|p2a: Gurren|Max Wyrmwind|p1a: Palkia\n|-supereffective|p1a: Palkia\n|-damage|p1a: Palkia|26\/100\n|-unboost|p1a: Palkia|atk|1\n|-unboost|p1b: Incineroar|atk|1\n|\n|-weather|SunnyDay|[upkeep]\n|-heal|p2a: Gurren|80\/100|[from] item: Leftovers\n|-fieldend|move: Trick Room\n|-fieldend|Misty Terrain\n|upkeep\n|-end|p1b: Incineroar|Dynamax\n|-heal|p1b: Incineroar|70\/100|[silent]\n|turn|6\n|inactive|RagnarockVGC has 30 seconds left.\n|inactive|RagnarockVGC has 20 seconds left.\n|\n|t:|1668037779\n|move|p2a: Gurren|Max Quake|p1b: Incineroar\n|-damage|p1b: Incineroar|0 fnt\n|-boost|p2a: Gurren|spd|1\n|-boost|p2b: Tapu Fini|spd|1\n|faint|p1b: Incineroar\n|move|p2b: Tapu Fini|Heal Pulse|p2a: Gurren\n|-heal|p2a: Gurren|100\/100\n|move|p1a: Palkia|Spacial Rend|p2a: Gurren\n|-supereffective|p2a: Gurren\n|-damage|p2a: Gurren|53\/100\n|-damage|p1a: Palkia|17\/100|[from] item: Life Orb\n|\n|-weather|SunnyDay|[upkeep]\n|-heal|p2a: Gurren|56\/100|[from] item: Leftovers\n|upkeep\n|-message|zefiro9999 forfeited.\n|\n|win|RagnarockVGC\n|raw|zefiro9999's rating: 1403 &rarr; <strong>1377<\/strong><br \/>(-26 for losing)\n|raw|RagnarockVGC's rating: 1304 &rarr; <strong>1330<\/strong><br \/>(+26 for winning)\n|l|\u2606zefiro9999\n||Ladder isn't responding, score probably updated but might not have (Request timeout).\n","uploadtime":1668037811,"views":7,"p1id":"zefiro9999","p2id":"ragnarockvgc","formatid":"gen8vgc2022","rating":1330,"private":0,"password":null}