{"id":"gen8ou-1687740824","p1":"Klaus33","p2":"superrouchuan","format":"gen8ou","log":"|html|<div class=\"broadcast-blue\"><strong>[Gen 8] OU is currently suspecting Melmetal! For information on how to participate check out the <a href=\"https:\/\/www.smogon.com\/forums\/threads\/np-ss-ou-suspect-process-round-12-monster-mash.3709234\/\">suspect thread<\/a>.<\/strong><\/div>\n|j|\u2606Klaus33\n|j|\u2606superrouchuan\n|t:|1666001558\n|gametype|singles\n|player|p1|Klaus33|madame-gen4dp|1493\n|player|p2|superrouchuan|clown|1546\n|teamsize|p1|6\n|teamsize|p2|6\n|gen|8\n|tier|[Gen 8] OU\n|rated|\n|rule|Sleep Clause Mod: Limit one foe put to sleep\n|rule|Species Clause: Limit one of each Pok\u00e9mon\n|rule|OHKO Clause: OHKO moves are banned\n|rule|Evasion Items Clause: Evasion items are banned\n|rule|Evasion Moves Clause: Evasion moves are banned\n|rule|Endless Battle Clause: Forcing endless battles is banned\n|rule|HP Percentage Mod: HP is shown in percentages\n|rule|Dynamax Clause: You cannot dynamax\n|clearpoke\n|poke|p1|Clefable, M|\n|poke|p1|Nidoking, M|\n|poke|p1|Urshifu-*, F|\n|poke|p1|Tornadus-Therian, M|\n|poke|p1|Ferrothorn, F|\n|poke|p1|Slowking, M|\n|poke|p2|Snorlax, M|\n|poke|p2|Tapu Lele|\n|poke|p2|Tyranitar, F|\n|poke|p2|Zapdos|\n|poke|p2|Garchomp, M|\n|poke|p2|Buzzwole|\n|teampreview\n|\n|t:|1666001577\n|start\n|switch|p1a: Tornadus|Tornadus-Therian, M|100\/100\n|switch|p2a: \u9f99\u7237\uff08\u867d\u7136\u8fd8\u662f\u4e0d\u4f1a\u9f99\u821e\uff09|Garchomp, M|100\/100\n|turn|1\n|\n|t:|1666001585\n|switch|p2a: \u8001\u73ed|Tyranitar, F, shiny|100\/100\n|-weather|Sandstorm|[from] ability: Sand Stream|[of] p2a: \u8001\u73ed\n|move|p1a: Tornadus|Knock Off|p2a: \u8001\u73ed\n|-resisted|p2a: \u8001\u73ed\n|-damage|p2a: \u8001\u73ed|93\/100\n|-enditem|p2a: \u8001\u73ed|Leftovers|[from] move: Knock Off|[of] p1a: Tornadus\n|\n|-weather|Sandstorm|[upkeep]\n|-damage|p1a: Tornadus|94\/100|[from] Sandstorm\n|upkeep\n|turn|2\n|\n|t:|1666001596\n|move|p1a: Tornadus|U-turn|p2a: \u8001\u73ed\n|-supereffective|p2a: \u8001\u73ed\n|-damage|p2a: \u8001\u73ed|70\/100\n|\n|t:|1666001602\n|switch|p1a: Clefable|Clefable, M|100\/100|[from]move: U-turn\n|move|p2a: \u8001\u73ed|Stealth Rock|p1a: Clefable\n|-sidestart|p1: Klaus33|move: Stealth Rock\n|\n|-weather|Sandstorm|[upkeep]\n|upkeep\n|turn|3\n|\n|t:|1666001608\n|switch|p2a: \u5361\u5723\u522b\u6f14\u6211|Snorlax, M, shiny|100\/100\n|move|p1a: Clefable|Stealth Rock|p2a: \u5361\u5723\u522b\u6f14\u6211\n|-sidestart|p2: superrouchuan|move: Stealth Rock\n|\n|-weather|Sandstorm|[upkeep]\n|-damage|p2a: \u5361\u5723\u522b\u6f14\u6211|94\/100|[from] Sandstorm\n|upkeep\n|turn|4\n|\n|t:|1666001615\n|move|p1a: Clefable|Thunder Wave|p2a: \u5361\u5723\u522b\u6f14\u6211\n|-status|p2a: \u5361\u5723\u522b\u6f14\u6211|par\n|move|p2a: \u5361\u5723\u522b\u6f14\u6211|Heavy Slam|p1a: Clefable\n|-supereffective|p1a: Clefable\n|-damage|p1a: Clefable|33\/100\n|\n|-weather|Sandstorm|[upkeep]\n|-damage|p2a: \u5361\u5723\u522b\u6f14\u6211|88\/100 par|[from] Sandstorm\n|-heal|p1a: Clefable|39\/100|[from] item: Leftovers\n|upkeep\n|turn|5\n|\n|t:|1666001625\n|move|p1a: Clefable|Soft-Boiled|p1a: Clefable\n|-heal|p1a: Clefable|89\/100\n|move|p2a: \u5361\u5723\u522b\u6f14\u6211|Heavy Slam|p1a: Clefable\n|-supereffective|p1a: Clefable\n|-damage|p1a: Clefable|21\/100\n|\n|-weather|none\n|-heal|p1a: Clefable|27\/100|[from] item: Leftovers\n|upkeep\n|turn|6\n|\n|t:|1666001632\n|move|p1a: Clefable|Soft-Boiled|p1a: Clefable\n|-heal|p1a: Clefable|78\/100\n|move|p2a: \u5361\u5723\u522b\u6f14\u6211|Self-Destruct|p1a: Clefable\n|-enditem|p2a: \u5361\u5723\u522b\u6f14\u6211|Normal Gem|[from] gem\n|-damage|p1a: Clefable|0 fnt\n|faint|p2a: \u5361\u5723\u522b\u6f14\u6211\n|faint|p1a: Clefable\n|\n|upkeep\n|\n|t:|1666001650\n|switch|p1a: Ferrothorn|Ferrothorn, F|100\/100\n|switch|p2a: \u8776\u795e|Tapu Lele|100\/100\n|-damage|p2a: \u8776\u795e|88\/100|[from] Stealth Rock\n|-fieldstart|move: Psychic Terrain|[from] ability: Psychic Surge|[of] p2a: \u8776\u795e\n|-damage|p1a: Ferrothorn|94\/100|[from] Stealth Rock\n|turn|7\n|\n|t:|1666001660\n|switch|p2a: \u9e1f\u54e5|Zapdos, shiny|100\/100\n|-damage|p2a: \u9e1f\u54e5|75\/100|[from] Stealth Rock\n|move|p1a: Ferrothorn|Gyro Ball|p2a: \u9e1f\u54e5\n|-resisted|p2a: \u9e1f\u54e5\n|-damage|p2a: \u9e1f\u54e5|58\/100\n|-damage|p1a: Ferrothorn|78\/100|[from] item: Rocky Helmet|[of] p2a: \u9e1f\u54e5\n|\n|upkeep\n|turn|8\n|\n|t:|1666001673\n|switch|p1a: Slowking|Slowking, M|100\/100\n|move|p2a: \u9e1f\u54e5|Defog|p1a: Slowking\n|-unboost|p1a: Slowking|evasion|1\n|-sideend|p1: Klaus33|Stealth Rock|[from] move: Defog|[of] p2a: \u9e1f\u54e5\n|-sideend|p2: superrouchuan|Stealth Rock|[from] move: Defog|[of] p2a: \u9e1f\u54e5\n|-fieldend|move: Psychic Terrain\n|\n|upkeep\n|turn|9\n|\n|t:|1666001680\n|move|p2a: \u9e1f\u54e5|Discharge|p1a: Slowking\n|-supereffective|p1a: Slowking\n|-damage|p1a: Slowking|59\/100\n|move|p1a: Slowking|Teleport|p1a: Slowking\n|\n|t:|1666001685\n|switch|p1a: Nidoking|Nidoking, M|100\/100|[from]move: Teleport\n|\n|upkeep\n|turn|10\n|\n|t:|1666001690\n|switch|p2a: \u8001\u73ed|Tyranitar, F, shiny|70\/100\n|-weather|Sandstorm|[from] ability: Sand Stream|[of] p2a: \u8001\u73ed\n|move|p1a: Nidoking|Substitute|p1a: Nidoking\n|-start|p1a: Nidoking|Substitute\n|-damage|p1a: Nidoking|76\/100\n|\n|-weather|Sandstorm|[upkeep]\n|upkeep\n|turn|11\n|\n|t:|1666001697\n|move|p1a: Nidoking|Earth Power|p2a: \u8001\u73ed\n|-supereffective|p2a: \u8001\u73ed\n|-damage|p2a: \u8001\u73ed|3\/100\n|move|p2a: \u8001\u73ed|Earthquake|p1a: Nidoking\n|-supereffective|p1a: Nidoking\n|-end|p1a: Nidoking|Substitute\n|\n|-weather|Sandstorm|[upkeep]\n|upkeep\n|turn|12\n|\n|t:|1666001706\n|move|p1a: Nidoking|Ice Beam|p2a: \u8001\u73ed\n|-damage|p2a: \u8001\u73ed|0 fnt\n|faint|p2a: \u8001\u73ed\n|\n|-weather|Sandstorm|[upkeep]\n|upkeep\n|\n|t:|1666001708\n|switch|p2a: \u9f99\u7237\uff08\u867d\u7136\u8fd8\u662f\u4e0d\u4f1a\u9f99\u821e\uff09|Garchomp, M|100\/100\n|turn|13\n|\n|t:|1666001730\n|switch|p1a: Ferrothorn|Ferrothorn, F|78\/100\n|move|p2a: \u9f99\u7237\uff08\u867d\u7136\u8fd8\u662f\u4e0d\u4f1a\u9f99\u821e\uff09|Earthquake|p1a: Ferrothorn\n|-damage|p1a: Ferrothorn|29\/100\n|\n|-weather|Sandstorm|[upkeep]\n|upkeep\n|turn|14\n|\n|t:|1666001740\n|switch|p2a: \u8776\u795e|Tapu Lele|88\/100\n|-fieldstart|move: Psychic Terrain|[from] ability: Psychic Surge|[of] p2a: \u8776\u795e\n|move|p1a: Ferrothorn|Leech Seed|p2a: \u8776\u795e\n|-start|p2a: \u8776\u795e|move: Leech Seed\n|\n|-weather|none\n|-damage|p2a: \u8776\u795e|76\/100|[from] Leech Seed|[of] p1a: Ferrothorn\n|-heal|p1a: Ferrothorn|39\/100|[silent]\n|upkeep\n|turn|15\n|\n|t:|1666001753\n|move|p2a: \u8776\u795e|Focus Blast|p1a: Ferrothorn|[miss]\n|-miss|p2a: \u8776\u795e|p1a: Ferrothorn\n|move|p1a: Ferrothorn|Gyro Ball|p2a: \u8776\u795e\n|-supereffective|p2a: \u8776\u795e\n|-damage|p2a: \u8776\u795e|0 fnt\n|faint|p2a: \u8776\u795e\n|\n|upkeep\n|-message|superrouchuan forfeited.\n|\n|win|Klaus33\n|raw|Klaus33's rating: 1493 &rarr; <strong>1516<\/strong><br \/>(+23 for winning)\n|raw|superrouchuan's rating: 1546 &rarr; <strong>1523<\/strong><br \/>(-23 for losing)\n|l|\u2606superrouchuan\n|j|\u2606superrouchuan\n|player|p2|superrouchuan|clown\n|l|\u2606superrouchuan\n|player|p2|\n","uploadtime":1666001806,"views":17,"p1id":"klaus33","p2id":"superrouchuan","formatid":"gen8ou","rating":1516,"private":0,"password":null}