{"id":"gen8ru-1508737501","p1":"Albabimam04","p2":"Ivyon","format":"gen8ru","log":"|j|\u2606Albabimam04\n|j|\u2606Ivyon\n|t:|1644581236\n|gametype|singles\n|player|p1|Albabimam04|dawn|1341\n|player|p2|Ivyon|blue|1409\n|teamsize|p1|6\n|teamsize|p2|6\n|gen|8\n|tier|[Gen 8] RU\n|rated|\n|rule|Sleep Clause Mod: Limit one foe put to sleep\n|rule|Species Clause: Limit one of each Pok\u00e9mon\n|rule|OHKO Clause: OHKO moves are banned\n|rule|Evasion Moves Clause: Evasion moves are banned\n|rule|Endless Battle Clause: Forcing endless battles is banned\n|rule|HP Percentage Mod: HP is shown in percentages\n|rule|Dynamax Clause: You cannot dynamax\n|clearpoke\n|poke|p1|Togekiss, F|\n|poke|p1|Roserade, M|\n|poke|p1|Gardevoir, F|\n|poke|p1|Milotic, M|\n|poke|p1|Flygon, M|\n|poke|p1|Cobalion|\n|poke|p2|Cloyster, M|\n|poke|p2|Darmanitan, M|\n|poke|p2|Xurkitree|\n|poke|p2|Registeel|\n|poke|p2|Weezing-Galar, M|\n|poke|p2|Tyrantrum, F|\n|teampreview\n|\n|t:|1644581255\n|start\n|switch|p1a: Flygon|Flygon, M|100\/100\n|switch|p2a: Darmanitan|Darmanitan, M, shiny|100\/100\n|turn|1\n|\n|t:|1644581260\n|move|p2a: Darmanitan|U-turn|p1a: Flygon\n|-damage|p1a: Flygon|63\/100\n|\n|t:|1644581263\n|switch|p2a: Weezing|Weezing-Galar, M|100\/100|[from]move: U-turn\n|move|p1a: Flygon|Earthquake|p2a: Weezing\n|-immune|p2a: Weezing|[from] ability: Levitate\n|\n|-heal|p1a: Flygon|69\/100|[from] item: Leftovers\n|upkeep\n|turn|2\n|\n|t:|1644581272\n|move|p1a: Flygon|U-turn|p2a: Weezing\n|-resisted|p2a: Weezing\n|-damage|p2a: Weezing|98\/100\n|\n|t:|1644581281\n|switch|p1a: Milotic|Milotic, M|100\/100|[from]move: U-turn\n|move|p2a: Weezing|Strange Steam|p1a: Milotic\n|-damage|p1a: Milotic|80\/100\n|\n|-heal|p1a: Milotic|87\/100|[from] item: Leftovers\n|-heal|p2a: Weezing|100\/100|[from] item: Black Sludge\n|upkeep\n|turn|3\n|\n|t:|1644581292\n|switch|p2a: Registeel|Registeel|100\/100\n|move|p1a: Milotic|Scald|p2a: Registeel\n|-damage|p2a: Registeel|87\/100\n|\n|-heal|p1a: Milotic|93\/100|[from] item: Leftovers\n|-heal|p2a: Registeel|93\/100|[from] item: Leftovers\n|upkeep\n|turn|4\n|\n|t:|1644581307\n|move|p1a: Milotic|Scald|p2a: Registeel\n|-damage|p2a: Registeel|79\/100\n|move|p2a: Registeel|Iron Defense|p2a: Registeel\n|-boost|p2a: Registeel|def|2\n|\n|-heal|p1a: Milotic|99\/100|[from] item: Leftovers\n|-heal|p2a: Registeel|85\/100|[from] item: Leftovers\n|upkeep\n|turn|5\n|\n|t:|1644581311\n|move|p1a: Milotic|Scald|p2a: Registeel\n|-damage|p2a: Registeel|71\/100\n|-status|p2a: Registeel|brn\n|move|p2a: Registeel|Toxic|p1a: Milotic\n|-status|p1a: Milotic|tox\n|\n|-heal|p1a: Milotic|100\/100 tox|[from] item: Leftovers\n|-heal|p2a: Registeel|77\/100 brn|[from] item: Leftovers\n|-damage|p1a: Milotic|94\/100 tox|[from] psn\n|-damage|p2a: Registeel|71\/100 brn|[from] brn\n|upkeep\n|turn|6\n|\n|t:|1644581315\n|move|p1a: Milotic|Flip Turn|p2a: Registeel\n|-damage|p2a: Registeel|66\/100 brn\n|\n|t:|1644581318\n|switch|p1a: Togekiss|Togekiss, F|100\/100|[from]move: Flip Turn\n|move|p2a: Registeel|Iron Defense|p2a: Registeel\n|-boost|p2a: Registeel|def|2\n|\n|-heal|p2a: Registeel|72\/100 brn|[from] item: Leftovers\n|-damage|p2a: Registeel|66\/100 brn|[from] brn\n|upkeep\n|turn|7\n|\n|t:|1644581321\n|move|p1a: Togekiss|Nasty Plot|p1a: Togekiss\n|-boost|p1a: Togekiss|spa|2\n|move|p2a: Registeel|Toxic|p1a: Togekiss|[miss]\n|-miss|p2a: Registeel|p1a: Togekiss\n|\n|-heal|p2a: Registeel|72\/100 brn|[from] item: Leftovers\n|-damage|p2a: Registeel|66\/100 brn|[from] brn\n|upkeep\n|turn|8\n|\n|t:|1644581324\n|move|p1a: Togekiss|Flamethrower|p2a: Registeel\n|-supereffective|p2a: Registeel\n|-damage|p2a: Registeel|21\/100 brn\n|move|p2a: Registeel|Toxic|p1a: Togekiss\n|-status|p1a: Togekiss|tox\n|\n|-heal|p2a: Registeel|27\/100 brn|[from] item: Leftovers\n|-damage|p1a: Togekiss|94\/100 tox|[from] psn\n|-damage|p2a: Registeel|21\/100 brn|[from] brn\n|upkeep\n|turn|9\n|\n|t:|1644581327\n|move|p1a: Togekiss|Flamethrower|p2a: Registeel\n|-supereffective|p2a: Registeel\n|-damage|p2a: Registeel|0 fnt\n|faint|p2a: Registeel\n|\n|-damage|p1a: Togekiss|82\/100 tox|[from] psn\n|upkeep\n|\n|t:|1644581331\n|switch|p2a: Xurkitree|Xurkitree, shiny|100\/100\n|turn|10\n|\n|t:|1644581339\n|switch|p1a: Roserade|Roserade, M|100\/100\n|move|p2a: Xurkitree|Volt Switch|p1a: Roserade\n|-resisted|p1a: Roserade\n|-damage|p1a: Roserade|71\/100\n|\n|t:|1644581342\n|switch|p2a: Darmanitan|Darmanitan, M, shiny|100\/100|[from]move: Volt Switch\n|\n|-heal|p1a: Roserade|77\/100|[from] item: Black Sludge\n|upkeep\n|turn|11\n|\n|t:|1644581356\n|switch|p1a: Milotic|Milotic, M|94\/100 tox\n|move|p2a: Darmanitan|U-turn|p1a: Milotic\n|-crit|p1a: Milotic\n|-damage|p1a: Milotic|74\/100 tox\n|\n|t:|1644581359\n|switch|p2a: Xurkitree|Xurkitree, shiny|100\/100|[from]move: U-turn\n|\n|-heal|p1a: Milotic|80\/100 tox|[from] item: Leftovers\n|-damage|p1a: Milotic|74\/100 tox|[from] psn\n|upkeep\n|turn|12\n|\n|t:|1644581370\n|move|p2a: Xurkitree|Dazzling Gleam|p1a: Milotic\n|-damage|p1a: Milotic|48\/100 tox\n|move|p1a: Milotic|Scald|p2a: Xurkitree\n|-damage|p2a: Xurkitree|63\/100\n|-status|p2a: Xurkitree|brn\n|\n|-heal|p1a: Milotic|54\/100 tox|[from] item: Leftovers\n|-damage|p1a: Milotic|42\/100 tox|[from] psn\n|-damage|p2a: Xurkitree|56\/100 brn|[from] brn\n|upkeep\n|turn|13\n|\n|t:|1644581377\n|switch|p2a: Weezing|Weezing-Galar, M|100\/100\n|switch|p1a: Roserade|Roserade, M|77\/100\n|\n|-heal|p1a: Roserade|83\/100|[from] item: Black Sludge\n|upkeep\n|turn|14\n|\n|t:|1644581381\n|move|p1a: Roserade|Spikes|p2a: Weezing\n|-sidestart|p2: Ivyon|Spikes\n|move|p2a: Weezing|Fire Blast|p1a: Roserade\n|-supereffective|p1a: Roserade\n|-damage|p1a: Roserade|22\/100\n|\n|-heal|p1a: Roserade|28\/100|[from] item: Black Sludge\n|upkeep\n|turn|15\n|\n|t:|1644581387\n|move|p1a: Roserade|Aromatherapy|p1a: Roserade\n|-activate|p1a: Roserade|move: Aromatherapy\n|-curestatus|p1: Togekiss|tox|[msg]\n|-curestatus|p1: Milotic|tox|[msg]\n|move|p2a: Weezing|Defog|p1a: Roserade\n|-unboost|p1a: Roserade|evasion|1\n|-sideend|p2: Ivyon|Spikes|[from] move: Defog|[of] p2a: Weezing\n|\n|-heal|p1a: Roserade|35\/100|[from] item: Black Sludge\n|upkeep\n|turn|16\n|\n|t:|1644581392\n|switch|p1a: Gardevoir|Gardevoir, F|100\/100\n|-ability|p1a: Gardevoir|Levitate|[from] ability: Trace|[of] p2a: Weezing\n|move|p2a: Weezing|Fire Blast|p1a: Gardevoir\n|-damage|p1a: Gardevoir|75\/100\n|\n|upkeep\n|turn|17\n|\n|t:|1644581413\n|switch|p2a: Cloyster|Cloyster, M|100\/100\n|move|p1a: Gardevoir|Psychic|p2a: Cloyster\n|-enditem|p2a: Cloyster|Focus Sash\n|-damage|p2a: Cloyster|1\/100\n|\n|upkeep\n|turn|18\n|\n|t:|1644581417\n|move|p1a: Gardevoir|Psychic|p2a: Cloyster\n|-damage|p2a: Cloyster|0 fnt\n|faint|p2a: Cloyster\n|\n|upkeep\n|\n|t:|1644581420\n|switch|p2a: Darmanitan|Darmanitan, M, shiny|100\/100\n|turn|19\n|\n|t:|1644581429\n|switch|p1a: Roserade|Roserade, M|35\/100\n|move|p2a: Darmanitan|Flare Blitz|p1a: Roserade\n|-supereffective|p1a: Roserade\n|-damage|p1a: Roserade|0 fnt\n|faint|p1a: Roserade\n|-damage|p2a: Darmanitan|92\/100|[from] Recoil\n|\n|upkeep\n|\n|t:|1644581433\n|switch|p1a: Milotic|Milotic, M|42\/100\n|turn|20\n|\n|t:|1644581436\n|move|p2a: Darmanitan|Flare Blitz|p1a: Milotic\n|-resisted|p1a: Milotic\n|-damage|p1a: Milotic|9\/100\n|-damage|p2a: Darmanitan|80\/100|[from] Recoil\n|move|p1a: Milotic|Recover|p1a: Milotic\n|-heal|p1a: Milotic|59\/100\n|\n|-heal|p1a: Milotic|65\/100|[from] item: Leftovers\n|upkeep\n|turn|21\n|\n|t:|1644581444\n|switch|p2a: Weezing|Weezing-Galar, M|100\/100\n|move|p1a: Milotic|Recover|p1a: Milotic\n|-heal|p1a: Milotic|100\/100\n|\n|upkeep\n|turn|22\n|\n|t:|1644581451\n|move|p1a: Milotic|Flip Turn|p2a: Weezing\n|-damage|p2a: Weezing|93\/100\n|\n|t:|1644581454\n|switch|p1a: Cobalion|Cobalion|100\/100|[from]move: Flip Turn\n|move|p2a: Weezing|Strange Steam|p1a: Cobalion\n|-damage|p1a: Cobalion|64\/100\n|\n|-heal|p2a: Weezing|99\/100|[from] item: Black Sludge\n|upkeep\n|turn|23\n|\n|t:|1644581458\n|move|p1a: Cobalion|Volt Switch|p2a: Weezing\n|-damage|p2a: Weezing|82\/100\n|\n|t:|1644581461\n|switch|p1a: Gardevoir|Gardevoir, F|75\/100|[from]move: Volt Switch\n|-ability|p1a: Gardevoir|Levitate|[from] ability: Trace|[of] p2a: Weezing\n|move|p2a: Weezing|Fire Blast|p1a: Gardevoir|[miss]\n|-miss|p2a: Weezing|p1a: Gardevoir\n|\n|-heal|p2a: Weezing|88\/100|[from] item: Black Sludge\n|upkeep\n|turn|24\n|\n|t:|1644581468\n|move|p1a: Gardevoir|Psychic|p2a: Weezing\n|-supereffective|p2a: Weezing\n|-damage|p2a: Weezing|0 fnt\n|faint|p2a: Weezing\n|\n|upkeep\n|\n|t:|1644581474\n|switch|p2a: Xurkitree|Xurkitree, shiny|56\/100 brn\n|turn|25\n|\n|t:|1644581484\n|move|p2a: Xurkitree|Dazzling Gleam|p1a: Gardevoir\n|-damage|p1a: Gardevoir|37\/100\n|move|p1a: Gardevoir|Psychic|p2a: Xurkitree\n|-damage|p2a: Xurkitree|0 fnt\n|faint|p2a: Xurkitree\n|\n|upkeep\n|\n|t:|1644581487\n|switch|p2a: Tyrantrum|Tyrantrum, F, shiny|100\/100\n|turn|26\n|\n|t:|1644581490\n|move|p1a: Gardevoir|Psychic|p2a: Tyrantrum\n|-damage|p2a: Tyrantrum|20\/100\n|move|p2a: Tyrantrum|Dragon Dance|p2a: Tyrantrum\n|-boost|p2a: Tyrantrum|atk|1\n|-boost|p2a: Tyrantrum|spe|1\n|\n|upkeep\n|turn|27\n|\n|t:|1644581496\n|move|p1a: Gardevoir|Psychic|p2a: Tyrantrum\n|-damage|p2a: Tyrantrum|0 fnt\n|faint|p2a: Tyrantrum\n|\n|upkeep\n|\n|t:|1644581498\n|switch|p2a: Darmanitan|Darmanitan, M, shiny|80\/100\n|turn|28\n|\n|t:|1644581499\n|move|p2a: Darmanitan|Flare Blitz|p1a: Gardevoir\n|-damage|p1a: Gardevoir|0 fnt\n|faint|p1a: Gardevoir\n|-damage|p2a: Darmanitan|71\/100|[from] Recoil\n|\n|upkeep\n|-message|Ivyon forfeited.\n|\n|win|Albabimam04\n|raw|Albabimam04's rating: 1341 &rarr; <strong>1365<\/strong><br \/>(+24 for winning)\n|raw|Ivyon's rating: 1409 &rarr; <strong>1385<\/strong><br \/>(-24 for losing)\n|l|\u2606Ivyon\n","uploadtime":1644581504,"views":32,"p1id":"albabimam04","p2id":"ivyon","formatid":"gen8ru","rating":1365,"private":0,"password":null}