{"id":"gen8ou-1380956151","p1":"LT83AQ Michy","p2":"not mb","format":"gen8ou","log":"|raw|<div class=\"broadcast-blue\"><strong>This battle is required to be public due to a player having a name starting with 'lt83aq'.<\/div>\n|j|\u2606LT83AQ Michy\n|j|\u2606not mb\n|t:|1626818399\n|gametype|singles\n|player|p1|LT83AQ Michy|101|1738\n|player|p2|not mb|101|1869\n|teamsize|p1|6\n|teamsize|p2|6\n|gen|8\n|tier|[Gen 8] OU\n|rated|\n|rule|Sleep Clause Mod: Limit one foe put to sleep\n|rule|Species Clause: Limit one of each Pok\u00e9mon\n|rule|OHKO Clause: OHKO moves are banned\n|rule|Evasion Moves Clause: Evasion moves are banned\n|rule|Endless Battle Clause: Forcing endless battles is banned\n|rule|HP Percentage Mod: HP is shown in percentages\n|rule|Dynamax Clause: You cannot dynamax\n|clearpoke\n|poke|p1|Toxapex, M|\n|poke|p1|Quagsire, M|\n|poke|p1|Corviknight, M|\n|poke|p1|Blissey, F|\n|poke|p1|Clefable, M|\n|poke|p1|Zapdos|\n|poke|p2|Landorus-Therian, M|\n|poke|p2|Ferrothorn, M|\n|poke|p2|Clefable, M|\n|poke|p2|Tornadus-Therian, M|\n|poke|p2|Slowbro, F|\n|poke|p2|Heatran, F|\n|teampreview\n|inactive|Battle timer is ON: inactive players will automatically lose when time's up. (requested by LT83AQ Michy)\n|j| pH Ryan\n|inactive|not mb has 120 seconds left.\n|\n|t:|1626818459\n|start\n|switch|p1a: Quagsire|Quagsire, M|100\/100\n|switch|p2a: Slowbro|Slowbro, F|100\/100\n|turn|1\n|\n|t:|1626818465\n|switch|p2a: Clefable|Clefable, M|100\/100\n|move|p1a: Quagsire|Toxic|p2a: Clefable\n|-status|p2a: Clefable|tox\n|\n|upkeep\n|turn|2\n|\n|t:|1626818474\n|switch|p1a: Corviknight|Corviknight, M|100\/100\n|-ability|p1a: Corviknight|Pressure\n|move|p2a: Clefable|Calm Mind|p2a: Clefable\n|-boost|p2a: Clefable|spa|1\n|-boost|p2a: Clefable|spd|1\n|\n|upkeep\n|turn|3\n|\n|t:|1626818487\n|switch|p1a: Clefable|Clefable, M|100\/100\n|move|p2a: Clefable|Calm Mind|p2a: Clefable\n|-boost|p2a: Clefable|spa|1\n|-boost|p2a: Clefable|spd|1\n|\n|upkeep\n|turn|4\n|\n|t:|1626818500\n|switch|p2a: Slowbro|Slowbro, F|100\/100\n|move|p1a: Clefable|Calm Mind|p1a: Clefable\n|-boost|p1a: Clefable|spa|1\n|-boost|p1a: Clefable|spd|1\n|\n|upkeep\n|turn|5\n|\n|t:|1626818506\n|move|p1a: Clefable|Calm Mind|p1a: Clefable\n|-boost|p1a: Clefable|spa|1\n|-boost|p1a: Clefable|spd|1\n|move|p2a: Slowbro|Teleport|p2a: Slowbro\n|\n|t:|1626818509\n|switch|p2a: Heatran|Heatran, F|100\/100|[from]move: Teleport\n|\n|upkeep\n|turn|6\n|\n|t:|1626818518\n|switch|p1a: Toxapex|Toxapex, M|100\/100\n|move|p2a: Heatran|Magma Storm|p1a: Toxapex\n|-resisted|p1a: Toxapex\n|-damage|p1a: Toxapex|83\/100\n|-activate|p1a: Toxapex|move: Magma Storm|[of] p2a: Heatran\n|\n|-damage|p1a: Toxapex|70\/100|[from] move: Magma Storm|[partiallytrapped]\n|upkeep\n|turn|7\n|\n|t:|1626818528\n|switch|p2a: Slowbro|Slowbro, F|100\/100\n|move|p1a: Toxapex|Knock Off|p2a: Slowbro\n|-supereffective|p2a: Slowbro\n|-damage|p2a: Slowbro|82\/100\n|-damage|p1a: Toxapex|54\/100|[from] item: Rocky Helmet|[of] p2a: Slowbro\n|-enditem|p2a: Slowbro|Rocky Helmet|[from] move: Knock Off|[of] p1a: Toxapex\n|\n|-end|p1a: Toxapex|Magma Storm|[partiallytrapped]|[silent]\n|upkeep\n|turn|8\n|\n|t:|1626818533\n|move|p1a: Toxapex|Toxic Spikes|p2a: Slowbro\n|-sidestart|p2: not mb|move: Toxic Spikes\n|move|p2a: Slowbro|Future Sight|p1a: Toxapex\n|-start|p2a: Slowbro|move: Future Sight\n|\n|upkeep\n|turn|9\n|\n|t:|1626818540\n|switch|p1a: Quagsire|Quagsire, M|100\/100\n|move|p2a: Slowbro|Scald|p1a: Quagsire\n|-damage|p1a: Quagsire|64\/100\n|-status|p1a: Quagsire|brn\n|\n|-heal|p1a: Quagsire|71\/100 brn|[from] item: Leftovers\n|-damage|p1a: Quagsire|64\/100 brn|[from] brn\n|upkeep\n|turn|10\n|\n|t:|1626818551\n|switch|p2a: Clefable|Clefable, M|100\/100 tox\n|move|p1a: Quagsire|Recover|p1a: Quagsire\n|-heal|p1a: Quagsire|100\/100 brn\n|\n|-end|p1a: Quagsire|move: Future Sight\n|-damage|p1a: Quagsire|48\/100 brn\n|-heal|p1a: Quagsire|55\/100 brn|[from] item: Leftovers\n|-damage|p1a: Quagsire|48\/100 brn|[from] brn\n|upkeep\n|turn|11\n|\n|t:|1626818565\n|move|p2a: Clefable|Moonblast|p1a: Quagsire\n|-damage|p1a: Quagsire|0 fnt\n|faint|p1a: Quagsire\n|\n|upkeep\n|\n|t:|1626818569\n|switch|p1a: Toxapex|Toxapex, M|87\/100\n|turn|12\n|\n|t:|1626818578\n|switch|p2a: Tornadus|Tornadus-Therian, M|100\/100\n|move|p1a: Toxapex|Knock Off|p2a: Tornadus\n|-damage|p2a: Tornadus|85\/100\n|-enditem|p2a: Tornadus|Heavy-Duty Boots|[from] move: Knock Off|[of] p1a: Toxapex\n|\n|upkeep\n|turn|13\n|\n|t:|1626818583\n|switch|p1a: Blissey|Blissey, F|100\/100\n|move|p2a: Tornadus|Knock Off|p1a: Blissey\n|-damage|p1a: Blissey|83\/100\n|-enditem|p1a: Blissey|Heavy-Duty Boots|[from] move: Knock Off|[of] p2a: Tornadus\n|\n|upkeep\n|turn|14\n|\n|t:|1626818587\n|move|p2a: Tornadus|U-turn|p1a: Blissey\n|-damage|p1a: Blissey|70\/100\n|\n|t:|1626818588\n|switch|p2a: Ferrothorn|Ferrothorn, M|100\/100|[from]move: U-turn\n|move|p1a: Blissey|Toxic|p2a: Ferrothorn\n|-immune|p2a: Ferrothorn\n|\n|upkeep\n|turn|15\n|\n|t:|1626818592\n|switch|p1a: Zapdos|Zapdos|100\/100\n|-ability|p1a: Zapdos|Pressure\n|move|p2a: Ferrothorn|Spikes|p1a: Zapdos\n|-sidestart|p1: LT83AQ Michy|Spikes\n|\n|upkeep\n|turn|16\n|\n|t:|1626818604\n|switch|p2a: Heatran|Heatran, F|100\/100\n|move|p1a: Zapdos|Heat Wave|p2a: Heatran\n|-start|p2a: Heatran|ability: Flash Fire\n|\n|upkeep\n|turn|17\n|\n|t:|1626818608\n|switch|p1a: Toxapex|Toxapex, M|100\/100\n|-damage|p1a: Toxapex|88\/100|[from] Spikes\n|move|p2a: Heatran|Magma Storm|p1a: Toxapex\n|-resisted|p1a: Toxapex\n|-crit|p1a: Toxapex\n|-damage|p1a: Toxapex|51\/100\n|-activate|p1a: Toxapex|move: Magma Storm|[of] p2a: Heatran\n|\n|-damage|p1a: Toxapex|38\/100|[from] move: Magma Storm|[partiallytrapped]\n|upkeep\n|turn|18\n|\n|t:|1626818615\n|switch|p1a: Blissey|Blissey, F|70\/100\n|-damage|p1a: Blissey|58\/100|[from] Spikes\n|move|p2a: Heatran|Earth Power|p1a: Blissey\n|-damage|p1a: Blissey|47\/100\n|\n|upkeep\n|turn|19\n|\n|t:|1626818619\n|switch|p1a: Toxapex|Toxapex, M|72\/100\n|-damage|p1a: Toxapex|60\/100|[from] Spikes\n|move|p2a: Heatran|Taunt|p1a: Toxapex\n|-start|p1a: Toxapex|move: Taunt\n|\n|upkeep\n|turn|20\n|\n|t:|1626818624\n|-end|p2a: Heatran|ability: Flash Fire|[silent]\n|switch|p2a: Tornadus|Tornadus-Therian, M|100\/100\n|move|p1a: Toxapex|Knock Off|p2a: Tornadus\n|-damage|p2a: Tornadus|90\/100\n|\n|upkeep\n|turn|21\n|\n|t:|1626818630\n|switch|p1a: Zapdos|Zapdos|100\/100\n|-ability|p1a: Zapdos|Pressure\n|move|p2a: Tornadus|Knock Off|p1a: Zapdos\n|-damage|p1a: Zapdos|82\/100\n|-enditem|p1a: Zapdos|Heavy-Duty Boots|[from] move: Knock Off|[of] p2a: Tornadus\n|\n|upkeep\n|turn|22\n|\n|t:|1626818641\n|switch|p2a: Landorus|Landorus-Therian, M|100\/100\n|-ability|p2a: Landorus|Intimidate|boost\n|-unboost|p1a: Zapdos|atk|1\n|move|p1a: Zapdos|Hurricane|p2a: Landorus\n|-damage|p2a: Landorus|58\/100\n|\n|-heal|p2a: Landorus|64\/100|[from] item: Leftovers\n|upkeep\n|turn|23\n|\n|t:|1626818644\n|switch|p2a: Heatran|Heatran, F|100\/100\n|move|p1a: Zapdos|Hurricane|p2a: Heatran|[miss]\n|-miss|p1a: Zapdos|p2a: Heatran\n|\n|upkeep\n|turn|24\n|\n|t:|1626818648\n|switch|p1a: Toxapex|Toxapex, M|93\/100\n|-damage|p1a: Toxapex|81\/100|[from] Spikes\n|move|p2a: Heatran|Earth Power|p1a: Toxapex\n|-supereffective|p1a: Toxapex\n|-damage|p1a: Toxapex|38\/100\n|\n|upkeep\n|turn|25\n|\n|t:|1626818651\n|move|p2a: Heatran|Earth Power|p1a: Toxapex\n|-supereffective|p1a: Toxapex\n|-damage|p1a: Toxapex|0 fnt\n|faint|p1a: Toxapex\n|\n|upkeep\n|-message|LT83AQ Michy forfeited.\n|\n|win|not mb\n|l|\u2606LT83AQ Michy\n|raw|LT83AQ Michy's rating: 1739 &rarr; <strong>1726<\/strong><br \/>(-13 for losing)\n|raw|not mb's rating: 1869 &rarr; <strong>1882<\/strong><br \/>(+13 for winning)\n|j|\u2606LT83AQ Michy\n|player|p1|LT83AQ Michy|101\n|l|\u2606LT83AQ Michy\n|player|p1|\n||Ladder isn't responding, score probably updated but might not have (Request timeout).\n","uploadtime":1626818660,"views":34,"p1id":"lt83aqmichy","p2id":"notmb","formatid":"gen8ou","rating":1726,"private":0,"password":null}