{"id":"gen8ou-1359995694","p1":"trustme i'm ok","p2":"Infernoss","format":"gen8ou","log":"|j|\u2606trustme i'm ok\n|j|\u2606Infernoss\n|t:|1623877583\n|gametype|singles\n|player|p1|trustme i'm ok|giovanni-gen3|1768\n|player|p2|Infernoss|blue|1773\n|teamsize|p1|6\n|teamsize|p2|6\n|gen|8\n|tier|[Gen 8] OU\n|rated|\n|rule|Sleep Clause Mod: Limit one foe put to sleep\n|rule|Species Clause: Limit one of each Pok\u00e9mon\n|rule|OHKO Clause: OHKO moves are banned\n|rule|Evasion Moves Clause: Evasion moves are banned\n|rule|Endless Battle Clause: Forcing endless battles is banned\n|rule|HP Percentage Mod: HP is shown in percentages\n|rule|Dynamax Clause: You cannot dynamax\n|clearpoke\n|poke|p1|Volcanion|\n|poke|p1|Rillaboom, M|\n|poke|p1|Clefable, F|\n|poke|p1|Skarmory, M|\n|poke|p1|Tyranitar, M|\n|poke|p1|Excadrill, M|\n|poke|p2|Slowbro, M|\n|poke|p2|Hatterene, F|\n|poke|p2|Marowak-Alola, M|\n|poke|p2|Ferrothorn, F|\n|poke|p2|Garchomp, M|\n|poke|p2|Drampa, M|\n|teampreview\n|j| forestcave\n|\n|t:|1623877605\n|start\n|switch|p1a: BOWNGIORNO|Tyranitar, M|100\/100\n|switch|p2a: Falko|Drampa, M|100\/100\n|-weather|Sandstorm|[from] ability: Sand Stream|[of] p1a: BOWNGIORNO\n|turn|1\n|inactive|Battle timer is ON: inactive players will automatically lose when time's up. (requested by trustme i'm ok)\n|\n|t:|1623877615\n|move|p1a: BOWNGIORNO|Stone Edge|p2a: Falko\n|-damage|p2a: Falko|7\/100\n|-ability|p2a: Falko|Berserk|boost\n|-boost|p2a: Falko|spa|1\n|move|p2a: Falko|Focus Blast|p1a: BOWNGIORNO|[miss]\n|-miss|p2a: Falko|p1a: BOWNGIORNO\n|\n|-weather|Sandstorm|[upkeep]\n|-damage|p2a: Falko|1\/100|[from] Sandstorm\n|upkeep\n|turn|2\n|\n|t:|1623877639\n|switch|p1a: ASTRAZENECA|Clefable, F|100\/100\n|switch|p2a: Thorns|Ferrothorn, F|100\/100\n|\n|-weather|Sandstorm|[upkeep]\n|upkeep\n|turn|3\n|\n|t:|1623877647\n|move|p2a: Thorns|Stealth Rock|p1a: ASTRAZENECA\n|-sidestart|p1: trustme i'm ok|move: Stealth Rock\n|move|p1a: ASTRAZENECA|Teleport|p1a: ASTRAZENECA\n|\n|t:|1623877652\n|switch|p1a: KING CRIMSON|Volcanion|100\/100|[from]move: Teleport\n|\n|-weather|Sandstorm|[upkeep]\n|-damage|p1a: KING CRIMSON|94\/100|[from] Sandstorm\n|upkeep\n|turn|4\n|\n|t:|1623877660\n|switch|p2a: Sonso|Slowbro, M|100\/100\n|move|p1a: KING CRIMSON|Substitute|p1a: KING CRIMSON\n|-start|p1a: KING CRIMSON|Substitute\n|-damage|p1a: KING CRIMSON|70\/100\n|\n|-weather|Sandstorm|[upkeep]\n|-damage|p1a: KING CRIMSON|64\/100|[from] Sandstorm\n|-damage|p2a: Sonso|94\/100|[from] Sandstorm\n|upkeep\n|turn|5\n|\n|t:|1623877670\n|move|p1a: KING CRIMSON|Steam Eruption|p2a: Sonso\n|-resisted|p2a: Sonso\n|-damage|p2a: Sonso|60\/100\n|move|p2a: Sonso|Body Press|p1a: KING CRIMSON\n|-activate|p1a: KING CRIMSON|move: Substitute|[damage]\n|\n|-weather|none\n|upkeep\n|turn|6\n|\n|t:|1623877684\n|move|p1a: KING CRIMSON|Earth Power|p2a: Sonso\n|-damage|p2a: Sonso|23\/100\n|move|p2a: Sonso|Trick Room|p2a: Sonso\n|-fieldstart|move: Trick Room|[of] p2a: Sonso\n|\n|upkeep\n|turn|7\n|l| forestcave\n|\n|t:|1623877697\n|move|p2a: Sonso|Slack Off|p2a: Sonso\n|-heal|p2a: Sonso|73\/100\n|move|p1a: KING CRIMSON|Earth Power|p2a: Sonso\n|-damage|p2a: Sonso|35\/100\n|\n|upkeep\n|turn|8\n|\n|t:|1623877704\n|move|p2a: Sonso|Slack Off|p2a: Sonso\n|-heal|p2a: Sonso|85\/100\n|move|p1a: KING CRIMSON|Earth Power|p2a: Sonso\n|-damage|p2a: Sonso|47\/100\n|\n|upkeep\n|turn|9\n|j| ya homeground\n|\n|t:|1623877711\n|move|p2a: Sonso|Body Press|p1a: KING CRIMSON\n|-end|p1a: KING CRIMSON|Substitute\n|move|p1a: KING CRIMSON|Earth Power|p2a: Sonso\n|-damage|p2a: Sonso|11\/100\n|-unboost|p2a: Sonso|spd|1\n|\n|upkeep\n|turn|10\n|\n|t:|1623877719\n|switch|p2a: Sharpo|Garchomp, M|100\/100\n|move|p1a: KING CRIMSON|Earth Power|p2a: Sharpo\n|-damage|p2a: Sharpo|61\/100\n|\n|-heal|p2a: Sharpo|67\/100|[from] item: Leftovers\n|-fieldend|move: Trick Room\n|upkeep\n|turn|11\n|\n|t:|1623877730\n|switch|p1a: ASTRAZENECA|Clefable, F|100\/100\n|move|p2a: Sharpo|Stone Edge|p1a: ASTRAZENECA\n|-damage|p1a: ASTRAZENECA|71\/100\n|\n|-heal|p2a: Sharpo|73\/100|[from] item: Leftovers\n|-heal|p1a: ASTRAZENECA|77\/100|[from] item: Leftovers\n|upkeep\n|turn|12\n|\n|t:|1623877740\n|switch|p2a: Hatterene|Hatterene, F|100\/100\n|move|p1a: ASTRAZENECA|Teleport|p1a: ASTRAZENECA\n|\n|t:|1623877750\n|switch|p1a: BOWNGIORNO|Tyranitar, M|100\/100|[from]move: Teleport\n|-damage|p1a: BOWNGIORNO|88\/100|[from] Stealth Rock\n|-weather|Sandstorm|[from] ability: Sand Stream|[of] p1a: BOWNGIORNO\n|\n|-weather|Sandstorm|[upkeep]\n|-damage|p2a: Hatterene|95\/100|[from] Sandstorm\n|upkeep\n|turn|13\n|\n|t:|1623877758\n|switch|p2a: Thorns|Ferrothorn, F|100\/100\n|move|p1a: BOWNGIORNO|Fire Punch|p2a: Thorns\n|-supereffective|p2a: Thorns\n|-damage|p2a: Thorns|0 fnt\n|-damage|p1a: BOWNGIORNO|76\/100|[from] ability: Iron Barbs|[of] p2a: Thorns\n|faint|p2a: Thorns\n|\n|-weather|Sandstorm|[upkeep]\n|upkeep\n|\n|t:|1623877768\n|switch|p2a: Sharpo|Garchomp, M|73\/100\n|turn|14\n|\n|t:|1623877772\n|switch|p1a: PETER|Skarmory, M|100\/100\n|-damage|p1a: PETER|88\/100|[from] Stealth Rock\n|move|p2a: Sharpo|Swords Dance|p2a: Sharpo\n|-boost|p2a: Sharpo|atk|2\n|\n|-weather|Sandstorm|[upkeep]\n|-heal|p2a: Sharpo|79\/100|[from] item: Leftovers\n|upkeep\n|turn|15\n|\n|t:|1623877782\n|move|p2a: Sharpo|Stone Edge|p1a: PETER\n|-damage|p1a: PETER|48\/100\n|move|p1a: PETER|Whirlwind|p2a: Sharpo\n|drag|p2a: Billy B.|Marowak-Alola, M|100\/100\n|\n|-weather|Sandstorm|[upkeep]\n|-damage|p2a: Billy B.|94\/100|[from] Sandstorm\n|upkeep\n|turn|16\n|\n|t:|1623877792\n|move|p1a: PETER|Stealth Rock|p2a: Billy B.\n|-sidestart|p2: Infernoss|move: Stealth Rock\n|move|p2a: Billy B.|Flare Blitz|p1a: PETER\n|-supereffective|p1a: PETER\n|-damage|p1a: PETER|0 fnt\n|-damage|p2a: Billy B.|78\/100|[from] item: Rocky Helmet|[of] p1a: PETER\n|faint|p1a: PETER\n|\n|-weather|none\n|upkeep\n|j| DragonHunter994\n|\n|t:|1623877802\n|switch|p1a: KING CRIMSON|Volcanion|64\/100\n|turn|17\n|\n|t:|1623877809\n|switch|p2a: Falko|Drampa, M|1\/100\n|-damage|p2a: Falko|0 fnt|[from] Stealth Rock\n|faint|p2a: Falko\n|move|p1a: KING CRIMSON|Steam Eruption|p2: Falko|[notarget]\n|-fail|p1a: KING CRIMSON\n|\n|upkeep\n|\n|t:|1623877816\n|switch|p2a: Sharpo|Garchomp, M|79\/100\n|-damage|p2a: Sharpo|73\/100|[from] Stealth Rock\n|turn|18\n|\n|t:|1623877830\n|move|p2a: Sharpo|Earthquake|p1a: KING CRIMSON\n|-supereffective|p1a: KING CRIMSON\n|-crit|p1a: KING CRIMSON\n|-damage|p1a: KING CRIMSON|0 fnt\n|faint|p1a: KING CRIMSON\n|\n|-heal|p2a: Sharpo|79\/100|[from] item: Leftovers\n|upkeep\n|\n|t:|1623877837\n|switch|p1a: ASTRAZENECA|Clefable, F|77\/100\n|turn|19\n|\n|t:|1623877842\n|switch|p2a: Hatterene|Hatterene, F|95\/100\n|-damage|p2a: Hatterene|82\/100|[from] Stealth Rock\n|move|p1a: ASTRAZENECA|Moonblast|p2a: Hatterene\n|-damage|p2a: Hatterene|59\/100\n|-unboost|p2a: Hatterene|spa|1\n|\n|-heal|p1a: ASTRAZENECA|83\/100|[from] item: Leftovers\n|upkeep\n|turn|20\n|\n|t:|1623877853\n|move|p1a: ASTRAZENECA|Wish|p1a: ASTRAZENECA\n|move|p2a: Hatterene|Trick Room|p2a: Hatterene\n|-fieldstart|move: Trick Room|[of] p2a: Hatterene\n|\n|-heal|p1a: ASTRAZENECA|89\/100|[from] item: Leftovers\n|upkeep\n|turn|21\n|\n|t:|1623877860\n|switch|p2a: Billy B.|Marowak-Alola, M|78\/100\n|-damage|p2a: Billy B.|53\/100|[from] Stealth Rock\n|move|p1a: ASTRAZENECA|Teleport|p1a: ASTRAZENECA\n|j| Zwyzum Zoe\n|\n|t:|1623877865\n|switch|p1a: BOWNGIORNO|Tyranitar, M|76\/100|[from]move: Teleport\n|-damage|p1a: BOWNGIORNO|63\/100|[from] Stealth Rock\n|-weather|Sandstorm|[from] ability: Sand Stream|[of] p1a: BOWNGIORNO\n|\n|-weather|Sandstorm|[upkeep]\n|-damage|p2a: Billy B.|47\/100|[from] Sandstorm\n|-heal|p1a: BOWNGIORNO|100\/100|[from] move: Wish|[wisher] ASTRAZENECA\n|upkeep\n|turn|22\n|j| shreds of life\n|j| Whirl Window\n|inactive|trustme i'm ok has 120 seconds left.\n|\n|t:|1623877899\n|switch|p1a: HARDCORE|Excadrill, M|100\/100\n|-damage|p1a: HARDCORE|97\/100|[from] Stealth Rock\n|move|p2a: Billy B.|Substitute|p2a: Billy B.\n|-start|p2a: Billy B.|Substitute\n|-damage|p2a: Billy B.|22\/100\n|\n|-weather|Sandstorm|[upkeep]\n|-damage|p2a: Billy B.|16\/100|[from] Sandstorm\n|-heal|p1a: HARDCORE|100\/100|[from] item: Leftovers\n|upkeep\n|turn|23\n|inactive|trustme i'm ok has 120 seconds left.\n|\n|t:|1623877913\n|move|p2a: Billy B.|Flare Blitz|p1a: HARDCORE\n|-supereffective|p1a: HARDCORE\n|-damage|p1a: HARDCORE|0 fnt\n|faint|p1a: HARDCORE\n|\n|-weather|Sandstorm|[upkeep]\n|-damage|p2a: Billy B.|10\/100|[from] Sandstorm\n|upkeep\n|inactive|trustme i'm ok has 120 seconds left.\n|l| Whirl Window\n|\n|t:|1623877923\n|switch|p1a: BOWNGIORNO|Tyranitar, M|100\/100\n|-damage|p1a: BOWNGIORNO|88\/100|[from] Stealth Rock\n|turn|24\n|\n|t:|1623877930\n|switch|p1a: ASTRAZENECA|Clefable, F|89\/100\n|move|p2a: Billy B.|Flare Blitz|p1a: ASTRAZENECA\n|-damage|p1a: ASTRAZENECA|7\/100\n|\n|-weather|Sandstorm|[upkeep]\n|-damage|p2a: Billy B.|4\/100|[from] Sandstorm\n|-heal|p1a: ASTRAZENECA|13\/100|[from] item: Leftovers\n|-fieldend|move: Trick Room\n|upkeep\n|turn|25\n|inactive|trustme i'm ok has 120 seconds left.\n|\n|t:|1623877959\n|move|p1a: ASTRAZENECA|Protect|p1a: ASTRAZENECA\n|-singleturn|p1a: ASTRAZENECA|Protect\n|move|p2a: Billy B.|Flare Blitz|p1a: ASTRAZENECA\n|-activate|p1a: ASTRAZENECA|move: Protect\n|\n|-weather|none\n|-heal|p1a: ASTRAZENECA|19\/100|[from] item: Leftovers\n|upkeep\n|turn|26\n|\n|t:|1623877968\n|move|p1a: ASTRAZENECA|Wish|p1a: ASTRAZENECA\n|move|p2a: Billy B.|Flare Blitz|p1a: ASTRAZENECA\n|-damage|p1a: ASTRAZENECA|0 fnt\n|faint|p1a: ASTRAZENECA\n|\n|upkeep\n|\n|t:|1623877974\n|switch|p1a: BOWNGIORNO|Tyranitar, M|88\/100\n|-damage|p1a: BOWNGIORNO|76\/100|[from] Stealth Rock\n|-weather|Sandstorm|[from] ability: Sand Stream|[of] p1a: BOWNGIORNO\n|turn|27\n|inactive|trustme i'm ok has 120 seconds left.\n|j| Maclura\n|\n|t:|1623877993\n|move|p1a: BOWNGIORNO|Crunch|p2a: Billy B.\n|-supereffective|p2a: Billy B.\n|-end|p2a: Billy B.|Substitute\n|move|p2a: Billy B.|Flare Blitz|p1a: BOWNGIORNO\n|-resisted|p1a: BOWNGIORNO\n|-damage|p1a: BOWNGIORNO|35\/100\n|\n|-weather|Sandstorm|[upkeep]\n|-damage|p2a: Billy B.|0 fnt|[from] Sandstorm\n|faint|p2a: Billy B.\n|-heal|p1a: BOWNGIORNO|87\/100|[from] move: Wish|[wisher] ASTRAZENECA\n|upkeep\n|\n|t:|1623878011\n|switch|p2a: Sharpo|Garchomp, M|79\/100\n|-damage|p2a: Sharpo|73\/100|[from] Stealth Rock\n|turn|28\n|\n|t:|1623878015\n|move|p2a: Sharpo|Earthquake|p1a: BOWNGIORNO\n|-supereffective|p1a: BOWNGIORNO\n|-crit|p1a: BOWNGIORNO\n|-damage|p1a: BOWNGIORNO|0 fnt\n|faint|p1a: BOWNGIORNO\n|\n|-weather|Sandstorm|[upkeep]\n|-heal|p2a: Sharpo|79\/100|[from] item: Leftovers\n|upkeep\n|inactive|trustme i'm ok has 120 seconds left.\n|j| Drago9\n|inactive|trustme i'm ok has 90 seconds left.\n|c|\u2606trustme i'm ok|btw that crit matter\n|\n|t:|1623878061\n|switch|p1a: LOOKATTHISMONKE|Rillaboom, M|100\/100\n|-damage|p1a: LOOKATTHISMONKE|88\/100|[from] Stealth Rock\n|-fieldstart|move: Grassy Terrain|[from] ability: Grassy Surge|[of] p1a: LOOKATTHISMONKE\n|turn|29\n|inactive|trustme i'm ok has 90 seconds left.\n|\n|t:|1623878069\n|move|p2a: Sharpo|Swords Dance|p2a: Sharpo\n|-boost|p2a: Sharpo|atk|2\n|move|p1a: LOOKATTHISMONKE|Swords Dance|p1a: LOOKATTHISMONKE\n|-boost|p1a: LOOKATTHISMONKE|atk|2\n|\n|-weather|Sandstorm|[upkeep]\n|-damage|p1a: LOOKATTHISMONKE|82\/100|[from] Sandstorm\n|-heal|p2a: Sharpo|86\/100|[from] Grassy Terrain\n|-heal|p2a: Sharpo|92\/100|[from] item: Leftovers\n|-heal|p1a: LOOKATTHISMONKE|88\/100|[from] Grassy Terrain\n|upkeep\n|turn|30\n|inactive|trustme i'm ok has 90 seconds left.\n|c|\u2606Infernoss|i fucking miss the first turn\n|inactive|Infernoss has 120 seconds left.\n|\n|t:|1623878100\n|move|p1a: LOOKATTHISMONKE|Grassy Glide|p2a: Sharpo\n|-damage|p2a: Sharpo|0 fnt\n|-damage|p1a: LOOKATTHISMONKE|76\/100|[from] ability: Rough Skin|[of] p2a: Sharpo\n|faint|p2a: Sharpo\n|-damage|p1a: LOOKATTHISMONKE|66\/100|[from] item: Life Orb\n|\n|-weather|Sandstorm|[upkeep]\n|-damage|p1a: LOOKATTHISMONKE|60\/100|[from] Sandstorm\n|-heal|p1a: LOOKATTHISMONKE|66\/100|[from] Grassy Terrain\n|upkeep\n|inactive|Infernoss has 120 seconds left.\n|-message|Infernoss forfeited.\n|\n|win|trustme i'm ok\n|raw|trustme i&apos;m ok's rating: 1768 &rarr; <strong>1788<\/strong><br \/>(+20 for winning)\n|raw|Infernoss's rating: 1773 &rarr; <strong>1753<\/strong><br \/>(-20 for losing)\n|l|\u2606Infernoss\n|l| Maclura\n|l| ya homeground\n|l| Zwyzum Zoe\n||Ladder isn't responding, score probably updated but might not have (Request timeout).\n","uploadtime":1623878116,"views":23,"p1id":"trustmeimok","p2id":"infernoss","formatid":"gen8ou","rating":1753,"private":0,"password":null}