{"id":"gen8ou-1612229951","p1":"phyviocow","p2":"SKIP THE DRIP","format":"gen8ou","log":"|j|\u2606phyviocow\n|j|\u2606SKIP THE DRIP\n|t:|1657201077\n|gametype|singles\n|player|p1|phyviocow|unknown|1690\n|player|p2|SKIP THE DRIP|policeman-gen4|1780\n|teamsize|p1|6\n|teamsize|p2|6\n|gen|8\n|tier|[Gen 8] OU\n|rated|\n|rule|Sleep Clause Mod: Limit one foe put to sleep\n|rule|Species Clause: Limit one of each Pok\u00e9mon\n|rule|OHKO Clause: OHKO moves are banned\n|rule|Evasion Moves Clause: Evasion moves are banned\n|rule|Endless Battle Clause: Forcing endless battles is banned\n|rule|HP Percentage Mod: HP is shown in percentages\n|rule|Dynamax Clause: You cannot dynamax\n|clearpoke\n|poke|p1|Eldegoss, F|\n|poke|p1|Corsola, M|\n|poke|p1|Ditto|\n|poke|p1|Audino, M|\n|poke|p1|Tangrowth, F|\n|poke|p1|Shedinja|\n|poke|p2|Melmetal|\n|poke|p2|Hatterene, F|\n|poke|p2|Kartana|\n|poke|p2|Mew|\n|poke|p2|Landorus-Therian, M|\n|poke|p2|Weavile, F|\n|teampreview\n|inactive|Battle timer is ON: inactive players will automatically lose when time's up. (requested by phyviocow)\n|\n|t:|1657201089\n|start\n|switch|p1a: Audino|Audino, M|100\/100\n|switch|p2a: PULL UP IN BENZ|Mew, shiny|100\/100\n|turn|1\n|\n|t:|1657201104\n|switch|p2a: TONKA GOIN CRAZY|Kartana|100\/100\n|move|p1a: Audino|Magic Coat|p1a: Audino\n|-singleturn|p1a: Audino|move: Magic Coat\n|\n|upkeep\n|turn|2\n|\n|t:|1657201107\n|move|p2a: TONKA GOIN CRAZY|Swords Dance|p2a: TONKA GOIN CRAZY\n|-boost|p2a: TONKA GOIN CRAZY|atk|2\n|move|p1a: Audino|Flamethrower|p2a: TONKA GOIN CRAZY\n|-supereffective|p2a: TONKA GOIN CRAZY\n|-enditem|p2a: TONKA GOIN CRAZY|Focus Sash\n|-damage|p2a: TONKA GOIN CRAZY|1\/100\n|\n|upkeep\n|turn|3\n|\n|t:|1657201113\n|switch|p2a: PULL UP IN BENZ|Mew, shiny|100\/100\n|switch|p1a: Tangrowth|Tangrowth, F|100\/100\n|\n|upkeep\n|turn|4\n|\n|t:|1657201120\n|switch|p1a: Eldegoss|Eldegoss, F|100\/100\n|move|p2a: PULL UP IN BENZ|Stealth Rock|p1a: Eldegoss\n|-sidestart|p1: phyviocow|move: Stealth Rock\n|\n|upkeep\n|turn|5\n|\n|t:|1657201126\n|move|p2a: PULL UP IN BENZ|Thunder Wave|p1a: Eldegoss\n|-status|p1a: Eldegoss|par\n|move|p1a: Eldegoss|Rapid Spin|p2a: PULL UP IN BENZ\n|-damage|p2a: PULL UP IN BENZ|95\/100\n|-boost|p1a: Eldegoss|spe|1\n|-sideend|p1: phyviocow|Stealth Rock|[from] move: Rapid Spin|[of] p1a: Eldegoss\n|-enditem|p2a: PULL UP IN BENZ|Red Card|[of] p1a: Eldegoss\n|drag|p1a: Audino|Audino, M|100\/100\n|\n|upkeep\n|turn|6\n|\n|t:|1657201140\n|switch|p2a: NO BENJAMINS!|Landorus-Therian, M|100\/100\n|-ability|p2a: NO BENJAMINS!|Intimidate|boost\n|-unboost|p1a: Audino|atk|1\n|move|p1a: Audino|Magic Coat|p1a: Audino\n|-singleturn|p1a: Audino|move: Magic Coat\n|\n|upkeep\n|turn|7\n|\n|t:|1657201143\n|move|p2a: NO BENJAMINS!|Swords Dance|p2a: NO BENJAMINS!\n|-boost|p2a: NO BENJAMINS!|atk|2\n|move|p1a: Audino|Knock Off|p2a: NO BENJAMINS!\n|-damage|p2a: NO BENJAMINS!|89\/100\n|-enditem|p2a: NO BENJAMINS!|Focus Sash|[from] move: Knock Off|[of] p1a: Audino\n|\n|upkeep\n|turn|8\n|\n|t:|1657201150\n|switch|p1a: Ditto|Ditto|100\/100\n|-transform|p1a: Ditto|p2a: NO BENJAMINS!|[from] ability: Imposter\n|-ability|p1a: Ditto|Intimidate|boost\n|-unboost|p2a: NO BENJAMINS!|atk|1\n|move|p2a: NO BENJAMINS!|Stone Edge|p1a: Ditto\n|-damage|p1a: Ditto|31\/100\n|\n|upkeep\n|turn|9\n|\n|t:|1657201157\n|switch|p2a: KING TONKA|Melmetal|100\/100\n|move|p1a: Ditto|Stone Edge|p2a: KING TONKA|[miss]\n|-miss|p1a: Ditto|p2a: KING TONKA\n|\n|upkeep\n|turn|10\n|\n|t:|1657201162\n|switch|p1a: Tangrowth|Tangrowth, F|100\/100\n|switch|p2a: PULL UP IN BENZ|Mew, shiny|95\/100\n|\n|upkeep\n|turn|11\n|\n|t:|1657201177\n|switch|p1a: Eldegoss|Eldegoss, F|100\/100 par\n|move|p2a: PULL UP IN BENZ|Stealth Rock|p1a: Eldegoss\n|-sidestart|p1: phyviocow|move: Stealth Rock\n|\n|upkeep\n|turn|12\n|\n|t:|1657201181\n|switch|p2a: NO BENJAMINS!|Landorus-Therian, M|89\/100\n|-ability|p2a: NO BENJAMINS!|Intimidate|boost\n|-unboost|p1a: Eldegoss|atk|1\n|move|p1a: Eldegoss|Rapid Spin|p2a: NO BENJAMINS!\n|-damage|p2a: NO BENJAMINS!|83\/100\n|-boost|p1a: Eldegoss|spe|1\n|-sideend|p1: phyviocow|Stealth Rock|[from] move: Rapid Spin|[of] p1a: Eldegoss\n|\n|upkeep\n|turn|13\n|\n|t:|1657201185\n|move|p2a: NO BENJAMINS!|Swords Dance|p2a: NO BENJAMINS!\n|-boost|p2a: NO BENJAMINS!|atk|2\n|move|p1a: Eldegoss|Leech Seed|p2a: NO BENJAMINS!\n|-start|p2a: NO BENJAMINS!|move: Leech Seed\n|\n|-damage|p2a: NO BENJAMINS!|71\/100|[from] Leech Seed|[of] p1a: Eldegoss\n|upkeep\n|turn|14\n|\n|t:|1657201197\n|switch|p2a: PULL UP IN BENZ|Mew, shiny|95\/100\n|switch|p1a: Audino|Audino, M|100\/100\n|\n|upkeep\n|turn|15\n|\n|t:|1657201205\n|switch|p2a: WHOLE LOTTA TONKAS|Hatterene, F|100\/100\n|move|p1a: Audino|Flamethrower|p2a: WHOLE LOTTA TONKAS\n|-damage|p2a: WHOLE LOTTA TONKAS|86\/100\n|\n|upkeep\n|turn|16\n|\n|t:|1657201210\n|move|p1a: Audino|Knock Off|p2a: WHOLE LOTTA TONKAS\n|-damage|p2a: WHOLE LOTTA TONKAS|68\/100\n|-enditem|p2a: WHOLE LOTTA TONKAS|Focus Sash|[from] move: Knock Off|[of] p1a: Audino\n|move|p2a: WHOLE LOTTA TONKAS|Mystical Fire|p1a: Audino\n|-damage|p1a: Audino|72\/100\n|-unboost|p1a: Audino|spa|1\n|\n|upkeep\n|turn|17\n|\n|t:|1657201216\n|switch|p1a: Corsola|Corsola, M|100\/100\n|move|p2a: WHOLE LOTTA TONKAS|Psychic|p1a: Corsola\n|-damage|p1a: Corsola|75\/100\n|\n|upkeep\n|turn|18\n|\n|t:|1657201227\n|switch|p1a: Eldegoss|Eldegoss, F|100\/100 par\n|switch|p2a: PULL UP IN BENZ|Mew, shiny|95\/100\n|\n|upkeep\n|turn|19\n|\n|t:|1657201232\n|move|p2a: PULL UP IN BENZ|Stealth Rock|p1a: Eldegoss\n|-sidestart|p1: phyviocow|move: Stealth Rock\n|move|p1a: Eldegoss|Leech Seed|p2a: PULL UP IN BENZ\n|-start|p2a: PULL UP IN BENZ|move: Leech Seed\n|\n|-damage|p2a: PULL UP IN BENZ|83\/100|[from] Leech Seed|[of] p1a: Eldegoss\n|upkeep\n|turn|20\n|\n|t:|1657201235\n|switch|p2a: WHOLE LOTTA TONKAS|Hatterene, F|68\/100\n|move|p1a: Eldegoss|Rapid Spin|p2a: WHOLE LOTTA TONKAS\n|-damage|p2a: WHOLE LOTTA TONKAS|60\/100\n|-boost|p1a: Eldegoss|spe|1\n|-sideend|p1: phyviocow|Stealth Rock|[from] move: Rapid Spin|[of] p1a: Eldegoss\n|\n|upkeep\n|turn|21\n|\n|t:|1657201240\n|switch|p1a: Corsola|Corsola, M|100\/100\n|switch|p2a: PULL UP IN BENZ|Mew, shiny|83\/100\n|\n|upkeep\n|turn|22\n|\n|t:|1657201248\n|move|p2a: PULL UP IN BENZ|Taunt|p1a: Corsola\n|-start|p1a: Corsola|move: Taunt\n|move|p1a: Corsola|Scald|p2a: PULL UP IN BENZ\n|-damage|p2a: PULL UP IN BENZ|68\/100\n|-status|p2a: PULL UP IN BENZ|brn\n|-activate|p2a: PULL UP IN BENZ|ability: Synchronize\n|-status|p1a: Corsola|brn\n|\n|-damage|p2a: PULL UP IN BENZ|62\/100 brn|[from] brn\n|-damage|p1a: Corsola|95\/100 brn|[from] brn\n|upkeep\n|turn|23\n|\n|t:|1657201251\n|switch|p1a: Eldegoss|Eldegoss, F|100\/100 par\n|move|p2a: PULL UP IN BENZ|Stealth Rock|p1a: Eldegoss\n|-sidestart|p1: phyviocow|move: Stealth Rock\n|\n|-damage|p2a: PULL UP IN BENZ|55\/100 brn|[from] brn\n|upkeep\n|turn|24\n|\n|t:|1657201256\n|switch|p2a: WHOLE LOTTA TONKAS|Hatterene, F|60\/100\n|cant|p1a: Eldegoss|par\n|\n|upkeep\n|turn|25\n|\n|t:|1657201259\n|move|p1a: Eldegoss|Rapid Spin|p2a: WHOLE LOTTA TONKAS\n|-damage|p2a: WHOLE LOTTA TONKAS|53\/100\n|-boost|p1a: Eldegoss|spe|1\n|-sideend|p1: phyviocow|Stealth Rock|[from] move: Rapid Spin|[of] p1a: Eldegoss\n|move|p2a: WHOLE LOTTA TONKAS|Mystical Fire|p1a: Eldegoss\n|-supereffective|p1a: Eldegoss\n|-damage|p1a: Eldegoss|59\/100 par\n|-unboost|p1a: Eldegoss|spa|1\n|\n|upkeep\n|turn|26\n|\n|t:|1657201266\n|switch|p1a: Corsola|Corsola, M|100\/100 brn\n|switch|p2a: PULL UP IN BENZ|Mew, shiny|55\/100 brn\n|\n|-damage|p2a: PULL UP IN BENZ|49\/100 brn|[from] brn\n|-damage|p1a: Corsola|95\/100 brn|[from] brn\n|upkeep\n|turn|27\n|\n|t:|1657201270\n|switch|p1a: Eldegoss|Eldegoss, F|92\/100 par\n|move|p2a: PULL UP IN BENZ|Stealth Rock|p1a: Eldegoss\n|-sidestart|p1: phyviocow|move: Stealth Rock\n|\n|-damage|p2a: PULL UP IN BENZ|43\/100 brn|[from] brn\n|upkeep\n|turn|28\n|\n|t:|1657201273\n|switch|p2a: NO BENJAMINS!|Landorus-Therian, M|71\/100\n|-ability|p2a: NO BENJAMINS!|Intimidate|boost\n|-unboost|p1a: Eldegoss|atk|1\n|move|p1a: Eldegoss|Aromatherapy|p1a: Eldegoss\n|-activate|p1a: Eldegoss|move: Aromatherapy\n|-curestatus|p1a: Eldegoss|par|[msg]\n|-curestatus|p1: Corsola|brn|[msg]\n|\n|upkeep\n|turn|29\n|\n|t:|1657201282\n|move|p2a: NO BENJAMINS!|Explosion|p1a: Eldegoss\n|-damage|p1a: Eldegoss|0 fnt\n|faint|p2a: NO BENJAMINS!\n|faint|p1a: Eldegoss\n|\n|upkeep\n|\n|t:|1657201293\n|switch|p2a: ALL BLACK COUPE|Weavile, F|100\/100\n|switch|p1a: Audino|Audino, M|100\/100\n|-ability|p2a: ALL BLACK COUPE|Pressure\n|-damage|p1a: Audino|88\/100|[from] Stealth Rock\n|turn|30\n|\n|t:|1657201303\n|switch|p2a: PULL UP IN BENZ|Mew, shiny|43\/100 brn\n|move|p1a: Audino|Low Kick|p2a: PULL UP IN BENZ\n|-resisted|p2a: PULL UP IN BENZ\n|-damage|p2a: PULL UP IN BENZ|42\/100 brn\n|\n|-damage|p2a: PULL UP IN BENZ|36\/100 brn|[from] brn\n|upkeep\n|turn|31\n|\n|t:|1657201310\n|switch|p2a: KING TONKA|Melmetal|100\/100\n|move|p1a: Audino|Knock Off|p2a: KING TONKA\n|-crit|p2a: KING TONKA\n|-damage|p2a: KING TONKA|88\/100\n|-enditem|p2a: KING TONKA|Life Orb|[from] move: Knock Off|[of] p1a: Audino\n|\n|upkeep\n|turn|32\n|\n|t:|1657201316\n|switch|p1a: Tangrowth|Tangrowth, F|100\/100\n|-damage|p1a: Tangrowth|88\/100|[from] Stealth Rock\n|move|p2a: KING TONKA|Double Iron Bash|p1a: Tangrowth\n|-damage|p1a: Tangrowth|67\/100\n|-damage|p2a: KING TONKA|72\/100|[from] item: Rocky Helmet|[of] p1a: Tangrowth\n|-crit|p1a: Tangrowth\n|-damage|p1a: Tangrowth|30\/100\n|-damage|p2a: KING TONKA|55\/100|[from] item: Rocky Helmet|[of] p1a: Tangrowth\n|-hitcount|p1a: Tangrowth|2\n|\n|upkeep\n|turn|33\n|\n|t:|1657201323\n|switch|p1a: Shedinja|Shedinja|100\/100\n|switch|p2a: PULL UP IN BENZ|Mew, shiny|36\/100 brn\n|\n|-damage|p2a: PULL UP IN BENZ|29\/100 brn|[from] brn\n|upkeep\n|turn|34\n|\n|t:|1657201330\n|move|p1a: Shedinja|Shadow Sneak|p2a: PULL UP IN BENZ\n|-supereffective|p2a: PULL UP IN BENZ\n|-damage|p2a: PULL UP IN BENZ|0 fnt\n|faint|p2a: PULL UP IN BENZ\n|\n|upkeep\n|\n|t:|1657201333\n|switch|p2a: ALL BLACK COUPE|Weavile, F|100\/100\n|-ability|p2a: ALL BLACK COUPE|Pressure\n|turn|35\n|\n|t:|1657201337\n|switch|p1a: Audino|Audino, M|100\/100\n|-damage|p1a: Audino|88\/100|[from] Stealth Rock\n|move|p2a: ALL BLACK COUPE|Swords Dance|p2a: ALL BLACK COUPE\n|-boost|p2a: ALL BLACK COUPE|atk|2\n|\n|upkeep\n|turn|36\n|inactive|SKIP THE DRIP has 120 seconds left.\n|\n|t:|1657201388\n|move|p2a: ALL BLACK COUPE|Icicle Crash|p1a: Audino\n|-damage|p1a: Audino|32\/100\n|move|p1a: Audino|Low Kick|p2a: ALL BLACK COUPE\n|-supereffective|p2a: ALL BLACK COUPE\n|-damage|p2a: ALL BLACK COUPE|17\/100\n|\n|upkeep\n|turn|37\n|\n|t:|1657201402\n|move|p2a: ALL BLACK COUPE|Knock Off|p1a: Audino\n|-damage|p1a: Audino|0 fnt\n|-enditem|p1a: Audino|Expert Belt|[from] move: Knock Off|[of] p2a: ALL BLACK COUPE\n|faint|p1a: Audino\n|\n|upkeep\n|\n|t:|1657201405\n|switch|p1a: Ditto|Ditto|31\/100\n|-damage|p1a: Ditto|18\/100|[from] Stealth Rock\n|-transform|p1a: Ditto|p2a: ALL BLACK COUPE|[from] ability: Imposter\n|-ability|p1a: Ditto|Pressure\n|turn|38\n|inactive|SKIP THE DRIP has 120 seconds left.\n|\n|t:|1657201413\n|move|p1a: Ditto|Knock Off|p2a: ALL BLACK COUPE\n|-resisted|p2a: ALL BLACK COUPE\n|-damage|p2a: ALL BLACK COUPE|0 fnt\n|-enditem|p2a: ALL BLACK COUPE|Focus Sash|[from] move: Knock Off|[of] p1a: Ditto\n|faint|p2a: ALL BLACK COUPE\n|\n|upkeep\n|\n|t:|1657201416\n|switch|p2a: KING TONKA|Melmetal|55\/100\n|turn|39\n|\n|t:|1657201422\n|switch|p1a: Shedinja|Shedinja|100\/100\n|switch|p2a: WHOLE LOTTA TONKAS|Hatterene, F|53\/100\n|\n|upkeep\n|turn|40\n|\n|t:|1657201431\n|switch|p1a: Corsola|Corsola, M|100\/100\n|-damage|p1a: Corsola|88\/100|[from] Stealth Rock\n|move|p2a: WHOLE LOTTA TONKAS|Healing Wish|p2a: WHOLE LOTTA TONKAS\n|faint|p2a: WHOLE LOTTA TONKAS\n|\n|upkeep\n|\n|t:|1657201433\n|switch|p2a: TONKA GOIN CRAZY|Kartana|1\/100\n|-heal|p2a: TONKA GOIN CRAZY|100\/100|[from] move: Healing Wish\n|turn|41\n|\n|t:|1657201443\n|switch|p1a: Tangrowth|Tangrowth, F|63\/100\n|-damage|p1a: Tangrowth|51\/100|[from] Stealth Rock\n|move|p2a: TONKA GOIN CRAZY|Swords Dance|p2a: TONKA GOIN CRAZY\n|-boost|p2a: TONKA GOIN CRAZY|atk|2\n|\n|upkeep\n|turn|42\n|\n|t:|1657201447\n|move|p2a: TONKA GOIN CRAZY|Knock Off|p1a: Tangrowth\n|-damage|p1a: Tangrowth|5\/100\n|-damage|p2a: TONKA GOIN CRAZY|84\/100|[from] item: Rocky Helmet|[of] p1a: Tangrowth\n|-enditem|p1a: Tangrowth|Rocky Helmet|[from] move: Knock Off|[of] p2a: TONKA GOIN CRAZY\n|move|p1a: Tangrowth|Infestation|p2a: TONKA GOIN CRAZY\n|-damage|p2a: TONKA GOIN CRAZY|68\/100\n|-activate|p2a: TONKA GOIN CRAZY|move: Infestation|[of] p1a: Tangrowth\n|\n|-damage|p2a: TONKA GOIN CRAZY|56\/100|[from] move: Infestation|[partiallytrapped]\n|upkeep\n|turn|43\n|-message|SKIP THE DRIP forfeited.\n|\n|win|phyviocow\n|raw|phyviocow's rating: 1690 &rarr; <strong>1715<\/strong><br \/>(+25 for winning)\n|raw|SKIP THE DRIP's rating: 1780 &rarr; <strong>1755<\/strong><br \/>(-25 for losing)\n|l|\u2606SKIP THE DRIP\n||Ladder isn't responding, score probably updated but might not have (Request timeout).\n","uploadtime":1657201457,"views":23,"p1id":"phyviocow","p2id":"skipthedrip","formatid":"gen8ou","rating":1715,"private":0,"password":null}