{"id":"gen8bdspou-1467935711","p1":"bubblemeister","p2":"Foolish Players","format":"gen8bdspou","log":"|html|<div class=\"broadcast-blue\"><strong>[Gen 8 BDSP] OU is currently suspecting Latios! For information on how to participate check out the <a href=\"https:\/\/www.smogon.com\/forums\/threads\/np-bdsp-ou-suspect-process-round-1-mr-blue-sky.3694109\/\">suspect thread<\/a>.<\/strong><\/div>\n|j|\u2606bubblemeister\n|j|\u2606Foolish Players\n|t:|1638823888\n|gametype|singles\n|player|p1|bubblemeister|roughneck-gen4|1064\n|player|p2|Foolish Players|swimmer-gen1rb|1028\n|teamsize|p1|6\n|teamsize|p2|6\n|gen|8\n|tier|[Gen 8 BDSP] OU\n|rated|\n|rule|Sleep Clause Mod: Limit one foe put to sleep\n|rule|Species Clause: Limit one of each Pok\u00e9mon\n|rule|OHKO Clause: OHKO moves are banned\n|rule|Evasion Moves Clause: Evasion moves are banned\n|rule|Endless Battle Clause: Forcing endless battles is banned\n|rule|HP Percentage Mod: HP is shown in percentages\n|clearpoke\n|poke|p1|Ambipom, M|\n|poke|p1|Lucario, F|\n|poke|p1|Yanmega, M|\n|poke|p1|Mantine, F|\n|poke|p1|Dragonite, F|\n|poke|p1|Bronzong|\n|poke|p2|Mantine, F|\n|poke|p2|Tyranitar, F|\n|poke|p2|Hippowdon, M|\n|poke|p2|Latios, M|\n|poke|p2|Heatran, F|\n|poke|p2|Garchomp, F|\n|teampreview\n|inactive|Battle timer is ON: inactive players will automatically lose when time's up. (requested by Foolish Players)\n|inactive|bubblemeister also wants the timer to be on.\n|\n|t:|1638823901\n|start\n|switch|p1a: Ambipom|Ambipom, M|100\/100\n|switch|p2a: Mantine|Mantine, F|100\/100\n|turn|1\n|\n|t:|1638823923\n|switch|p2a: Hippowdon|Hippowdon, M|100\/100\n|-weather|Sandstorm|[from] ability: Sand Stream|[of] p2a: Hippowdon\n|move|p1a: Ambipom|Fake Out|p2a: Hippowdon\n|-damage|p2a: Hippowdon|82\/100\n|\n|-weather|Sandstorm|[upkeep]\n|-damage|p1a: Ambipom|94\/100|[from] Sandstorm\n|-heal|p2a: Hippowdon|89\/100|[from] item: Leftovers\n|upkeep\n|turn|2\n|\n|t:|1638823931\n|move|p1a: Ambipom|Last Resort|p2a: Hippowdon\n|-damage|p2a: Hippowdon|46\/100\n|move|p2a: Hippowdon|Stealth Rock|p1a: Ambipom\n|-sidestart|p1: bubblemeister|move: Stealth Rock\n|\n|-weather|Sandstorm|[upkeep]\n|-damage|p1a: Ambipom|88\/100|[from] Sandstorm\n|-heal|p2a: Hippowdon|52\/100|[from] item: Leftovers\n|upkeep\n|turn|3\n|\n|t:|1638823938\n|switch|p1a: Yanmega|Yanmega, M|100\/100\n|-damage|p1a: Yanmega|51\/100|[from] Stealth Rock\n|move|p2a: Hippowdon|Slack Off|p2a: Hippowdon\n|-heal|p2a: Hippowdon|100\/100\n|\n|-weather|Sandstorm|[upkeep]\n|-damage|p1a: Yanmega|45\/100|[from] Sandstorm\n|upkeep\n|turn|4\n|\n|t:|1638823960\n|switch|p2a: Mantine|Mantine, F|100\/100\n|move|p1a: Yanmega|Giga Drain|p2a: Mantine\n|-damage|p2a: Mantine|76\/100\n|-heal|p1a: Yanmega|59\/100|[from] drain|[of] p2a: Mantine\n|\n|-weather|Sandstorm|[upkeep]\n|-damage|p1a: Yanmega|53\/100|[from] Sandstorm\n|-damage|p2a: Mantine|70\/100|[from] Sandstorm\n|-heal|p2a: Mantine|76\/100|[from] item: Leftovers\n|upkeep\n|turn|5\n|\n|t:|1638823966\n|move|p1a: Yanmega|Giga Drain|p2a: Mantine\n|-damage|p2a: Mantine|52\/100\n|-heal|p1a: Yanmega|68\/100|[from] drain|[of] p2a: Mantine\n|move|p2a: Mantine|Scald|p1a: Yanmega\n|-damage|p1a: Yanmega|30\/100\n|\n|-weather|none\n|-heal|p2a: Mantine|58\/100|[from] item: Leftovers\n|upkeep\n|turn|6\n|\n|t:|1638823969\n|move|p1a: Yanmega|Giga Drain|p2a: Mantine\n|-damage|p2a: Mantine|33\/100\n|-heal|p1a: Yanmega|45\/100|[from] drain|[of] p2a: Mantine\n|move|p2a: Mantine|Roost|p2a: Mantine\n|-heal|p2a: Mantine|83\/100\n|-singleturn|p2a: Mantine|move: Roost\n|\n|-heal|p2a: Mantine|90\/100|[from] item: Leftovers\n|upkeep\n|turn|7\n|\n|t:|1638823973\n|move|p1a: Yanmega|Giga Drain|p2a: Mantine\n|-damage|p2a: Mantine|65\/100\n|-heal|p1a: Yanmega|59\/100|[from] drain|[of] p2a: Mantine\n|move|p2a: Mantine|Ice Beam|p1a: Yanmega\n|-supereffective|p1a: Yanmega\n|-damage|p1a: Yanmega|0 fnt\n|faint|p1a: Yanmega\n|\n|-heal|p2a: Mantine|72\/100|[from] item: Leftovers\n|upkeep\n|\n|t:|1638823976\n|switch|p1a: Ambipom|Ambipom, M|88\/100\n|-damage|p1a: Ambipom|76\/100|[from] Stealth Rock\n|turn|8\n|\n|t:|1638823979\n|switch|p2a: Hippowdon|Hippowdon, M|100\/100\n|-weather|Sandstorm|[from] ability: Sand Stream|[of] p2a: Hippowdon\n|move|p1a: Ambipom|Fake Out|p2a: Hippowdon\n|-damage|p2a: Hippowdon|84\/100\n|\n|-weather|Sandstorm|[upkeep]\n|-damage|p1a: Ambipom|70\/100|[from] Sandstorm\n|-heal|p2a: Hippowdon|90\/100|[from] item: Leftovers\n|upkeep\n|turn|9\n|\n|t:|1638823984\n|switch|p1a: Lucario|Lucario, F|100\/100\n|-damage|p1a: Lucario|98\/100|[from] Stealth Rock\n|move|p2a: Hippowdon|Slack Off|p2a: Hippowdon\n|-heal|p2a: Hippowdon|100\/100\n|\n|-weather|Sandstorm|[upkeep]\n|upkeep\n|turn|10\n|\n|t:|1638823987\n|move|p1a: Lucario|Nasty Plot|p1a: Lucario\n|-boost|p1a: Lucario|spa|2\n|move|p2a: Hippowdon|Earthquake|p1a: Lucario\n|-supereffective|p1a: Lucario\n|-damage|p1a: Lucario|0 fnt\n|faint|p1a: Lucario\n|\n|-weather|Sandstorm|[upkeep]\n|upkeep\n|l|\u2606bubblemeister\n|inactive|bubblemeister disconnected and has a minute to reconnect!\n|player|p1|\n|inactive|bubblemeister has 30 seconds to reconnect!\n|inactive|bubblemeister has 20 seconds to reconnect!\n|inactive|bubblemeister has 15 seconds to reconnect!\n|inactive|bubblemeister has 10 seconds to reconnect!\n|inactive|bubblemeister has 5 seconds to reconnect!\n|-message|bubblemeister lost due to inactivity.\n|\n|win|Foolish Players\n|raw|bubblemeister's rating: 1064 &rarr; <strong>1042<\/strong><br \/>(-22 for losing)\n|raw|Foolish Players's rating: 1028 &rarr; <strong>1067<\/strong><br \/>(+39 for winning)\n||Ladder isn't responding, score probably updated but might not have (Request timeout).\n","uploadtime":1638824085,"views":20,"p1id":"bubblemeister","p2id":"foolishplayers","formatid":"gen8bdspou","rating":1042,"private":0,"password":null}