{"id":"gen8ou-1650160329","p1":"minimax_ai","p2":"RggV_YT","format":"gen8ou","log":"|j|\u2606minimax_ai\n|j|\u2606RggV_YT\n|t:|1661682193\n|gametype|singles\n|player|p1|minimax_ai|lusamine-nihilego|1622\n|player|p2|RggV_YT|scientist-gen4|1553\n|teamsize|p1|6\n|teamsize|p2|6\n|gen|8\n|tier|[Gen 8] OU\n|rated|\n|rule|Sleep Clause Mod: Limit one foe put to sleep\n|rule|Species Clause: Limit one of each Pok\u00e9mon\n|rule|OHKO Clause: OHKO moves are banned\n|rule|Evasion Items Clause: Evasion items are banned\n|rule|Evasion Moves Clause: Evasion moves are banned\n|rule|Endless Battle Clause: Forcing endless battles is banned\n|rule|HP Percentage Mod: HP is shown in percentages\n|rule|Dynamax Clause: You cannot dynamax\n|clearpoke\n|poke|p1|Rotom-Wash|\n|poke|p1|Weavile, F|\n|poke|p1|Landorus-Therian, M|\n|poke|p1|Heatran, M|\n|poke|p1|Tangrowth, M|\n|poke|p1|Melmetal|\n|poke|p2|Hitmonlee, M|\n|poke|p2|Zapdos|\n|poke|p2|Seismitoad, M|\n|poke|p2|Slowking-Galar, M|\n|poke|p2|Weavile, M|\n|poke|p2|Blacephalon|\n|teampreview\n|inactive|Battle timer is ON: inactive players will automatically lose when time's up. (requested by RggV_YT)\n|c|\u2606minimax_ai|hf\n|inactive|minimax_ai also wants the timer to be on.\n|\n|t:|1661682201\n|start\n|switch|p1a: Melmetal|Melmetal|100\/100\n|switch|p2a: Seismitoad|Seismitoad, M, shiny|100\/100\n|turn|1\n|\n|t:|1661682204\n|switch|p2a: Zapdos|Zapdos|100\/100\n|switch|p1a: rotomwash|Rotom-Wash|100\/100\n|\n|upkeep\n|turn|2\n|\n|t:|1661682206\n|switch|p1a: landorustherian|Landorus-Therian, M|100\/100\n|-ability|p1a: landorustherian|Intimidate|boost\n|-unboost|p2a: Zapdos|atk|1\n|move|p2a: Zapdos|Volt Switch|p1a: landorustherian\n|-immune|p1a: landorustherian\n|\n|upkeep\n|turn|3\n|\n|t:|1661682209\n|move|p2a: Zapdos|Hurricane|p1a: landorustherian\n|-damage|p1a: landorustherian|65\/100\n|move|p1a: landorustherian|Toxic|p2a: Zapdos\n|-status|p2a: Zapdos|tox\n|\n|-heal|p1a: landorustherian|71\/100|[from] item: Leftovers\n|-damage|p2a: Zapdos|94\/100 tox|[from] psn\n|upkeep\n|turn|4\n|\n|t:|1661682212\n|move|p2a: Zapdos|Hurricane|p1a: landorustherian\n|-damage|p1a: landorustherian|34\/100\n|move|p1a: landorustherian|Earthquake|p2a: Zapdos\n|-immune|p2a: Zapdos\n|\n|-heal|p1a: landorustherian|40\/100|[from] item: Leftovers\n|-damage|p2a: Zapdos|82\/100 tox|[from] psn\n|upkeep\n|turn|5\n|\n|t:|1661682224\n|switch|p2a: Seismitoad|Seismitoad, M, shiny|100\/100\n|move|p1a: landorustherian|Earthquake|p2a: Seismitoad\n|-damage|p2a: Seismitoad|50\/100\n|\n|-heal|p1a: landorustherian|46\/100|[from] item: Leftovers\n|-heal|p2a: Seismitoad|56\/100|[from] item: Leftovers\n|upkeep\n|turn|6\n|\n|t:|1661682226\n|switch|p1a: rotomwash|Rotom-Wash|100\/100\n|move|p2a: Seismitoad|Scald|p1a: rotomwash\n|-resisted|p1a: rotomwash\n|-damage|p1a: rotomwash|89\/100\n|\n|-heal|p1a: rotomwash|95\/100|[from] item: Leftovers\n|-heal|p2a: Seismitoad|62\/100|[from] item: Leftovers\n|upkeep\n|turn|7\n|\n|t:|1661682229\n|move|p1a: rotomwash|Nasty Plot|p1a: rotomwash\n|-boost|p1a: rotomwash|spa|2\n|move|p2a: Seismitoad|Stealth Rock|p1a: rotomwash\n|-sidestart|p1: minimax_ai|move: Stealth Rock\n|\n|-heal|p1a: rotomwash|100\/100|[from] item: Leftovers\n|-heal|p2a: Seismitoad|68\/100|[from] item: Leftovers\n|upkeep\n|turn|8\n|\n|t:|1661682230\n|move|p1a: rotomwash|Nasty Plot|p1a: rotomwash\n|-boost|p1a: rotomwash|spa|2\n|move|p2a: Seismitoad|Toxic|p1a: rotomwash\n|-status|p1a: rotomwash|tox\n|\n|-heal|p2a: Seismitoad|74\/100|[from] item: Leftovers\n|-damage|p1a: rotomwash|94\/100 tox|[from] psn\n|upkeep\n|turn|9\n|\n|t:|1661682233\n|move|p1a: rotomwash|Nasty Plot|p1a: rotomwash\n|-boost|p1a: rotomwash|spa|2\n|move|p2a: Seismitoad|Scald|p1a: rotomwash\n|-resisted|p1a: rotomwash\n|-damage|p1a: rotomwash|82\/100 tox\n|\n|-heal|p1a: rotomwash|89\/100 tox|[from] item: Leftovers\n|-heal|p2a: Seismitoad|80\/100|[from] item: Leftovers\n|-damage|p1a: rotomwash|76\/100 tox|[from] psn\n|upkeep\n|turn|10\n|\n|t:|1661682235\n|move|p1a: rotomwash|Hydro Pump|p2a: Seismitoad\n|-heal|p2a: Seismitoad|100\/100|[from] ability: Water Absorb|[of] p1a: rotomwash\n|move|p2a: Seismitoad|Scald|p1a: rotomwash\n|-resisted|p1a: rotomwash\n|-damage|p1a: rotomwash|63\/100 tox\n|\n|-heal|p1a: rotomwash|70\/100 tox|[from] item: Leftovers\n|-damage|p1a: rotomwash|51\/100 tox|[from] psn\n|upkeep\n|turn|11\n|\n|t:|1661682241\n|move|p1a: rotomwash|Pain Split|p2a: Seismitoad\n|-sethp|p2a: Seismitoad|69\/100|[from] move: Pain Split|[silent]\n|-sethp|p1a: rotomwash|94\/100 tox|[from] move: Pain Split\n|move|p2a: Seismitoad|Toxic|p1a: rotomwash\n|-fail|p1a: rotomwash|tox\n|\n|-heal|p1a: rotomwash|99\/100 tox|[from] item: Leftovers\n|-heal|p2a: Seismitoad|75\/100|[from] item: Leftovers\n|-damage|p1a: rotomwash|75\/100 tox|[from] psn\n|upkeep\n|turn|12\n|\n|t:|1661682243\n|switch|p1a: Tangrowth|Tangrowth, M|100\/100\n|-damage|p1a: Tangrowth|88\/100|[from] Stealth Rock\n|move|p2a: Seismitoad|Toxic|p1a: Tangrowth\n|-status|p1a: Tangrowth|tox\n|\n|-heal|p2a: Seismitoad|81\/100|[from] item: Leftovers\n|-damage|p1a: Tangrowth|82\/100 tox|[from] psn\n|upkeep\n|turn|13\n|\n|t:|1661682247\n|switch|p2a: Zapdos|Zapdos|82\/100 tox\n|switch|p1a: rotomwash|Rotom-Wash|75\/100 tox\n|-damage|p1a: rotomwash|62\/100 tox|[from] Stealth Rock\n|\n|-heal|p1a: rotomwash|69\/100 tox|[from] item: Leftovers\n|-damage|p1a: rotomwash|62\/100 tox|[from] psn\n|-damage|p2a: Zapdos|76\/100 tox|[from] psn\n|upkeep\n|turn|14\n|\n|t:|1661682251\n|move|p1a: rotomwash|Pain Split|p2a: Zapdos\n|-sethp|p2a: Zapdos|63\/100 tox|[from] move: Pain Split|[silent]\n|-sethp|p1a: rotomwash|79\/100 tox|[from] move: Pain Split\n|move|p2a: Zapdos|Volt Switch|p1a: rotomwash\n|-damage|p1a: rotomwash|48\/100 tox\n|\n|t:|1661682257\n|switch|p2a: Blacephalon|Blacephalon|100\/100|[from]move: Volt Switch\n|\n|-heal|p1a: rotomwash|54\/100 tox|[from] item: Leftovers\n|-damage|p1a: rotomwash|41\/100 tox|[from] psn\n|upkeep\n|turn|15\n|\n|t:|1661682259\n|move|p2a: Blacephalon|Shadow Ball|p1a: rotomwash\n|-damage|p1a: rotomwash|0 fnt\n|faint|p1a: rotomwash\n|-ability|p2a: Blacephalon|Beast Boost|boost\n|-boost|p2a: Blacephalon|spa|1\n|\n|upkeep\n|\n|t:|1661682260\n|switch|p1a: Weavile|Weavile, F|100\/100\n|-damage|p1a: Weavile|76\/100|[from] Stealth Rock\n|-ability|p1a: Weavile|Pressure\n|turn|16\n|\n|t:|1661682267\n|switch|p2a: Zapdos|Zapdos|63\/100 tox\n|move|p1a: Weavile|Knock Off|p2a: Zapdos\n|-damage|p2a: Zapdos|7\/100 tox\n|-status|p1a: Weavile|par|[from] ability: Static|[of] p2a: Zapdos\n|-enditem|p2a: Zapdos|Heavy-Duty Boots|[from] move: Knock Off|[of] p1a: Weavile\n|\n|-damage|p2a: Zapdos|1\/100 tox|[from] psn\n|upkeep\n|turn|17\n|\n|t:|1661682271\n|move|p2a: Zapdos|Roost|p2a: Zapdos\n|-heal|p2a: Zapdos|51\/100 tox\n|-singleturn|p2a: Zapdos|move: Roost\n|move|p1a: Weavile|Knock Off|p2a: Zapdos\n|-damage|p2a: Zapdos|11\/100 tox\n|\n|-damage|p2a: Zapdos|0 fnt|[from] psn\n|faint|p2a: Zapdos\n|upkeep\n|\n|t:|1661682286\n|switch|p2a: Hitmonlee|Hitmonlee, M|100\/100\n|turn|18\n|\n|t:|1661682291\n|switch|p1a: landorustherian|Landorus-Therian, M|46\/100\n|-damage|p1a: landorustherian|34\/100|[from] Stealth Rock\n|-ability|p1a: landorustherian|Intimidate|boost\n|-unboost|p2a: Hitmonlee|atk|1\n|move|p2a: Hitmonlee|Bulk Up|p2a: Hitmonlee\n|-boost|p2a: Hitmonlee|atk|1\n|-boost|p2a: Hitmonlee|def|1\n|\n|-heal|p1a: landorustherian|40\/100|[from] item: Leftovers\n|upkeep\n|turn|19\n|\n|t:|1661682296\n|move|p2a: Hitmonlee|Skull Bash||[still]\n|-prepare|p2a: Hitmonlee|Skull Bash\n|-boost|p2a: Hitmonlee|def|1\n|-enditem|p2a: Hitmonlee|Power Herb\n|-anim|p2a: Hitmonlee|Skull Bash|p1a: landorustherian\n|-damage|p1a: landorustherian|0 fnt\n|faint|p1a: landorustherian\n|\n|upkeep\n|\n|t:|1661682296\n|switch|p1a: Melmetal|Melmetal|100\/100\n|-damage|p1a: Melmetal|94\/100|[from] Stealth Rock\n|turn|20\n|\n|t:|1661682300\n|move|p2a: Hitmonlee|Bulk Up|p2a: Hitmonlee\n|-boost|p2a: Hitmonlee|atk|1\n|-boost|p2a: Hitmonlee|def|1\n|move|p1a: Melmetal|Double Iron Bash|p2a: Hitmonlee\n|-crit|p2a: Hitmonlee\n|-damage|p2a: Hitmonlee|0 fnt\n|faint|p2a: Hitmonlee\n|-hitcount|p2: Hitmonlee|1\n|\n|upkeep\n|\n|t:|1661682306\n|switch|p2a: Blacephalon|Blacephalon|100\/100\n|turn|21\n|\n|t:|1661682314\n|move|p2a: Blacephalon|Shadow Ball|p1a: Melmetal\n|-damage|p1a: Melmetal|69\/100\n|move|p1a: Melmetal|Earthquake|p2a: Blacephalon\n|-supereffective|p2a: Blacephalon\n|-damage|p2a: Blacephalon|0 fnt\n|faint|p2a: Blacephalon\n|\n|upkeep\n|\n|t:|1661682318\n|switch|p2a: Slowking|Slowking-Galar, M|100\/100\n|turn|22\n|\n|t:|1661682319\n|move|p1a: Melmetal|Double Iron Bash|p2a: Slowking\n|-damage|p2a: Slowking|58\/100\n|-damage|p2a: Slowking|16\/100\n|-hitcount|p2a: Slowking|2\n|move|p2a: Slowking|Scald|p1a: Melmetal\n|-damage|p1a: Melmetal|57\/100\n|\n|upkeep\n|turn|23\n|\n|t:|1661682324\n|move|p1a: Melmetal|Double Iron Bash|p2a: Slowking\n|-damage|p2a: Slowking|0 fnt\n|faint|p2a: Slowking\n|-hitcount|p2: Slowking|1\n|\n|upkeep\n|\n|t:|1661682325\n|switch|p2a: Seismitoad|Seismitoad, M, shiny|81\/100\n|turn|24\n|\n|t:|1661682329\n|switch|p1a: Tangrowth|Tangrowth, M|100\/100 tox\n|-damage|p1a: Tangrowth|88\/100 tox|[from] Stealth Rock\n|move|p2a: Seismitoad|Scald|p1a: Tangrowth\n|-resisted|p1a: Tangrowth\n|-damage|p1a: Tangrowth|72\/100 tox\n|\n|-heal|p2a: Seismitoad|87\/100|[from] item: Leftovers\n|-damage|p1a: Tangrowth|66\/100 tox|[from] psn\n|upkeep\n|turn|25\n|\n|t:|1661682333\n|switch|p2a: Weavile|Weavile, M|100\/100\n|-ability|p2a: Weavile|Pressure\n|move|p1a: Tangrowth|Giga Drain|p2a: Weavile\n|-damage|p2a: Weavile|59\/100\n|-heal|p1a: Tangrowth|80\/100 tox|[from] drain|[of] p2a: Weavile\n|\n|-damage|p1a: Tangrowth|68\/100 tox|[from] psn\n|upkeep\n|turn|26\n|\n|t:|1661682334\n|move|p2a: Weavile|Swords Dance|p2a: Weavile\n|-boost|p2a: Weavile|atk|2\n|move|p1a: Tangrowth|Focus Blast|p2a: Weavile\n|-supereffective|p2a: Weavile\n|-damage|p2a: Weavile|0 fnt\n|faint|p2a: Weavile\n|\n|-damage|p1a: Tangrowth|49\/100 tox|[from] psn\n|upkeep\n|-message|RggV_YT forfeited.\n|\n|win|minimax_ai\n|raw|minimax_ai's rating: 1622 &rarr; <strong>1638<\/strong><br \/>(+16 for winning)\n|raw|RggV_YT's rating: 1553 &rarr; <strong>1537<\/strong><br \/>(-16 for losing)\n|c|\u2606minimax_ai|gg\n|l|\u2606RggV_YT\n","uploadtime":1661682341,"views":43,"p1id":"minimaxai","p2id":"rggvyt","formatid":"gen8ou","rating":1537,"private":0,"password":null}