{"id":"gen8randombattle-1684849168","p1":"FranziskaSkye","p2":"LoSconosciuto","format":"gen8randombattle","log":"|j|\u2606FranziskaSkye\n|j|\u2606LoSconosciuto\n|t:|1665677597\n|gametype|singles\n|player|p1|FranziskaSkye|karen|\n|player|p2|LoSconosciuto|#teamgapdos|\n|teamsize|p1|6\n|teamsize|p2|6\n|gen|8\n|tier|[Gen 8] Random Battle\n|rule|Species Clause: Limit one of each Pok\u00e9mon\n|rule|HP Percentage Mod: HP is shown in percentages\n|rule|Sleep Clause Mod: Limit one foe put to sleep\n|\n|t:|1665677597\n|start\n|switch|p1a: Clawitzer|Clawitzer, L84, M|256\/256\n|switch|p2a: Aurorus|Aurorus, L84, M|344\/344\n|-weather|Hail|[from] ability: Snow Warning|[of] p2a: Aurorus\n|turn|1\n|inactive|Battle timer is ON: inactive players will automatically lose when time's up. (requested by LoSconosciuto)\n|c|\u2606FranziskaSkye|glhf\n|c|\u2606LoSconosciuto|hf\n|inactive|LoSconosciuto has 270 seconds left.\n|inactive|FranziskaSkye has 270 seconds left.\n|\n|t:|1665677656\n|switch|p2a: Dragalge|Dragalge, L86, M|252\/252\n|move|p1a: Clawitzer|Water Pulse|p2a: Dragalge\n|-resisted|p2a: Dragalge\n|-damage|p2a: Dragalge|191\/252\n|\n|-weather|Hail|[upkeep]\n|-damage|p1a: Clawitzer|240\/256|[from] Hail\n|-damage|p2a: Dragalge|176\/252|[from] Hail\n|upkeep\n|turn|2\n|\n|t:|1665677673\n|switch|p1a: Hitmontop|Hitmontop, L85, M|224\/224\n|move|p2a: Dragalge|Flip Turn|p1a: Hitmontop\n|-damage|p1a: Hitmontop|186\/224\n|\n|t:|1665677681\n|switch|p2a: Tapu Lele|Tapu Lele, L79|240\/240\n|-fieldstart|move: Psychic Terrain|[from] ability: Psychic Surge|[of] p2a: Tapu Lele\n|\n|-weather|Hail|[upkeep]\n|-damage|p2a: Tapu Lele|225\/240|[from] Hail\n|-damage|p1a: Hitmontop|172\/224|[from] Hail\n|upkeep\n|turn|3\n|\n|t:|1665677706\n|switch|p1a: Calyrex|Calyrex-Shadow, L65|238\/238\n|-ability|p1a: Calyrex|As One\n|-ability|p1a: Calyrex|Unnerve\n|move|p2a: Tapu Lele|Psychic|p1a: Calyrex\n|-resisted|p1a: Calyrex\n|-damage|p1a: Calyrex|157\/238\n|\n|-weather|Hail|[upkeep]\n|-damage|p2a: Tapu Lele|210\/240|[from] Hail\n|-damage|p1a: Calyrex|143\/238|[from] Hail\n|upkeep\n|turn|4\n|\n|t:|1665677717\n|switch|p2a: Grimmsnarl|Grimmsnarl, L82, M|290\/290\n|move|p1a: Calyrex|Psyshock|p2a: Grimmsnarl\n|-immune|p2a: Grimmsnarl\n|\n|-weather|Hail|[upkeep]\n|-damage|p1a: Calyrex|129\/238|[from] Hail\n|-damage|p2a: Grimmsnarl|272\/290|[from] Hail\n|upkeep\n|turn|5\n|\n|t:|1665677730\n|switch|p1a: Hitmontop|Hitmontop, L85, M|172\/224\n|move|p2a: Grimmsnarl|Bulk Up|p2a: Grimmsnarl\n|-boost|p2a: Grimmsnarl|atk|1\n|-boost|p2a: Grimmsnarl|def|1\n|\n|-weather|none\n|upkeep\n|turn|6\n|\n|t:|1665677736\n|move|p2a: Grimmsnarl|Bulk Up|p2a: Grimmsnarl\n|-boost|p2a: Grimmsnarl|atk|1\n|-boost|p2a: Grimmsnarl|def|1\n|move|p1a: Hitmontop|Triple Axel|p2a: Grimmsnarl\n|-damage|p2a: Grimmsnarl|253\/290\n|-damage|p2a: Grimmsnarl|214\/290\n|-damage|p2a: Grimmsnarl|161\/290\n|-hitcount|p2a: Grimmsnarl|3\n|-damage|p1a: Hitmontop|150\/224|[from] item: Life Orb\n|\n|-fieldend|move: Psychic Terrain\n|upkeep\n|turn|7\n|\n|t:|1665677743\n|move|p2a: Grimmsnarl|Bulk Up|p2a: Grimmsnarl\n|-boost|p2a: Grimmsnarl|atk|1\n|-boost|p2a: Grimmsnarl|def|1\n|move|p1a: Hitmontop|Triple Axel|p2a: Grimmsnarl\n|-damage|p2a: Grimmsnarl|145\/290\n|-damage|p2a: Grimmsnarl|115\/290\n|-damage|p2a: Grimmsnarl|70\/290\n|-hitcount|p2a: Grimmsnarl|3\n|-damage|p1a: Hitmontop|128\/224|[from] item: Life Orb\n|\n|upkeep\n|turn|8\n|\n|t:|1665677746\n|move|p2a: Grimmsnarl|Rest|p2a: Grimmsnarl\n|-status|p2a: Grimmsnarl|slp|[from] move: Rest\n|-heal|p2a: Grimmsnarl|290\/290 slp|[silent]\n|-enditem|p2a: Grimmsnarl|Chesto Berry|[eat]\n|-curestatus|p2a: Grimmsnarl|slp|[msg]\n|move|p1a: Hitmontop|Triple Axel|p2a: Grimmsnarl\n|-damage|p2a: Grimmsnarl|274\/290\n|-damage|p2a: Grimmsnarl|243\/290\n|-damage|p2a: Grimmsnarl|200\/290\n|-hitcount|p2a: Grimmsnarl|3\n|-damage|p1a: Hitmontop|106\/224|[from] item: Life Orb\n|\n|upkeep\n|turn|9\n|\n|t:|1665677770\n|move|p2a: Grimmsnarl|Bulk Up|p2a: Grimmsnarl\n|-boost|p2a: Grimmsnarl|atk|1\n|-boost|p2a: Grimmsnarl|def|1\n|move|p1a: Hitmontop|Close Combat|p2a: Grimmsnarl\n|-damage|p2a: Grimmsnarl|134\/290\n|-unboost|p1a: Hitmontop|def|1\n|-unboost|p1a: Hitmontop|spd|1\n|-damage|p1a: Hitmontop|84\/224|[from] item: Life Orb\n|\n|upkeep\n|turn|10\n|\n|t:|1665677781\n|move|p1a: Hitmontop|Toxic|p2a: Grimmsnarl\n|-status|p2a: Grimmsnarl|tox\n|move|p2a: Grimmsnarl|Darkest Lariat|p1a: Hitmontop\n|-resisted|p1a: Hitmontop\n|-damage|p1a: Hitmontop|0 fnt\n|faint|p1a: Hitmontop\n|\n|-damage|p2a: Grimmsnarl|116\/290 tox|[from] psn\n|upkeep\n|\n|t:|1665677798\n|switch|p1a: Raikou|Raikou, L80|275\/275\n|-ability|p1a: Raikou|Pressure\n|turn|11\n|l|\u2606FranziskaSkye\n|inactive|FranziskaSkye disconnected and has 300 seconds to reconnect!\n|player|p1|\n|j| outd nord\n|j|\u2606FranziskaSkye\n|inactive|FranziskaSkye reconnected and has 290 seconds left.\n|player|p1|FranziskaSkye|karen\n|inactive|LoSconosciuto has 270 seconds left.\n|\n|t:|1665677832\n|switch|p2a: Krookodile|Krookodile, L78, M|276\/276\n|move|p1a: Raikou|Thunderbolt|p2a: Krookodile\n|-immune|p2a: Krookodile\n|\n|upkeep\n|turn|12\n|c| outd nord|Che game \u00e8?\n|c|\u2606LoSconosciuto|il primo\n|\n|t:|1665677844\n|move|p2a: Krookodile|Earthquake|p1a: Raikou\n|-supereffective|p1a: Raikou\n|-damage|p1a: Raikou|35\/275\n|move|p1a: Raikou|Scald|p2a: Krookodile\n|-supereffective|p2a: Krookodile\n|-damage|p2a: Krookodile|84\/276\n|-damage|p1a: Raikou|8\/275|[from] item: Life Orb\n|\n|upkeep\n|turn|13\n|\n|t:|1665677861\n|move|p2a: Krookodile|Earthquake|p1a: Raikou\n|-supereffective|p1a: Raikou\n|-damage|p1a: Raikou|0 fnt\n|faint|p1a: Raikou\n|-ability|p2a: Krookodile|Moxie|boost\n|-boost|p2a: Krookodile|atk|1\n|\n|upkeep\n|\n|t:|1665677863\n|switch|p1a: Stoutland|Stoutland, L86, M|286\/286\n|turn|14\n|c| outd nord|Per quale tour stai giocando?\n|c|\u2606LoSconosciuto|indovina\n|\n|t:|1665677877\n|switch|p2a: Grimmsnarl|Grimmsnarl, L82, M|116\/290 tox\n|move|p1a: Stoutland|Facade|p2a: Grimmsnarl\n|-damage|p2a: Grimmsnarl|0 fnt\n|faint|p2a: Grimmsnarl\n|\n|upkeep\n|\n|t:|1665677881\n|switch|p2a: Aurorus|Aurorus, L84, M|344\/344\n|-weather|Hail|[from] ability: Snow Warning|[of] p2a: Aurorus\n|turn|15\n|c| outd nord|A bho\n|c| outd nord|Non penso il rbtt\n|inactive|FranziskaSkye has 270 seconds left.\n|\n|t:|1665677917\n|-start|p1a: Stoutland|Dynamax|\n|-heal|p1a: Stoutland|572\/572|[silent]\n|move|p1a: Stoutland|Max Knuckle|p2a: Aurorus\n|-supereffective|p2a: Aurorus\n|-damage|p2a: Aurorus|0 fnt\n|-boost|p1a: Stoutland|atk|1\n|faint|p2a: Aurorus\n|\n|-weather|Hail|[upkeep]\n|-damage|p1a: Stoutland|555\/572|[from] Hail\n|upkeep\n|c| outd nord|Serio che tour \u00e8?\n|inactive|LoSconosciuto has 270 seconds left.\n|inactive|LoSconosciuto has 240 seconds left.\n|\n|t:|1665677988\n|switch|p2a: Dragalge|Dragalge, L86, M|176\/252\n|turn|16\n|\n|t:|1665677995\n|-start|p2a: Dragalge|Dynamax|\n|-heal|p2a: Dragalge|352\/504|[silent]\n|move|p1a: Stoutland|Max Strike|p2a: Dragalge\n|-damage|p2a: Dragalge|138\/504\n|-unboost|p2a: Dragalge|spe|1\n|move|p2a: Dragalge|Max Wyrmwind|p1a: Stoutland\n|-damage|p1a: Stoutland|349\/572\n|-unboost|p1a: Stoutland|atk|1\n|\n|-weather|Hail|[upkeep]\n|-damage|p1a: Stoutland|332\/572|[from] Hail\n|-damage|p2a: Dragalge|123\/504|[from] Hail\n|upkeep\n|turn|17\n|inactive|LoSconosciuto has 240 seconds left.\n|\n|t:|1665678009\n|move|p1a: Stoutland|Max Strike|p2a: Dragalge\n|-damage|p2a: Dragalge|0 fnt\n|faint|p2a: Dragalge\n|\n|-weather|Hail|[upkeep]\n|-damage|p1a: Stoutland|315\/572|[from] Hail\n|upkeep\n|\n|t:|1665678027\n|switch|p2a: Tapu Lele|Tapu Lele, L79|210\/240\n|-fieldstart|move: Psychic Terrain|[from] ability: Psychic Surge|[of] p2a: Tapu Lele\n|-end|p1a: Stoutland|Dynamax\n|-heal|p1a: Stoutland|158\/286|[silent]\n|turn|18\n|\n|t:|1665678032\n|move|p2a: Tapu Lele|Moonblast|p1a: Stoutland\n|-damage|p1a: Stoutland|53\/286\n|move|p1a: Stoutland|Facade|p2a: Tapu Lele\n|-damage|p2a: Tapu Lele|65\/240\n|\n|-weather|Hail|[upkeep]\n|-damage|p2a: Tapu Lele|50\/240|[from] Hail\n|-damage|p1a: Stoutland|36\/286|[from] Hail\n|upkeep\n|turn|19\n|\n|t:|1665678036\n|move|p2a: Tapu Lele|Moonblast|p1a: Stoutland\n|-damage|p1a: Stoutland|0 fnt\n|faint|p1a: Stoutland\n|\n|-weather|none\n|upkeep\n|\n|t:|1665678066\n|switch|p1a: Calyrex|Calyrex-Shadow, L65|129\/238\n|-ability|p1a: Calyrex|As One\n|-ability|p1a: Calyrex|Unnerve\n|turn|20\n|inactive|LoSconosciuto has 240 seconds left.\n|\n|t:|1665678087\n|move|p2a: Tapu Lele|Moonblast|p1a: Calyrex\n|-damage|p1a: Calyrex|5\/238\n|move|p1a: Calyrex|Pollen Puff|p2a: Tapu Lele\n|-damage|p2a: Tapu Lele|0 fnt\n|faint|p2a: Tapu Lele\n|-ability|p1a: Calyrex|Grim Neigh|boost\n|-boost|p1a: Calyrex|spa|1\n|\n|upkeep\n|\n|t:|1665678092\n|switch|p2a: Frosmoth|Frosmoth, L82, F|249\/249\n|turn|21\n|\n|t:|1665678095\n|switch|p1a: Rhydon|Rhydon, L87, F|324\/324\n|move|p2a: Frosmoth|Quiver Dance|p2a: Frosmoth\n|-boost|p2a: Frosmoth|spa|1\n|-boost|p2a: Frosmoth|spd|1\n|-boost|p2a: Frosmoth|spe|1\n|\n|upkeep\n|turn|22\n|\n|t:|1665678106\n|move|p2a: Frosmoth|Giga Drain|p1a: Rhydon\n|-supereffective|p1a: Rhydon\n|-damage|p1a: Rhydon|0 fnt\n|faint|p1a: Rhydon\n|\n|-fieldend|move: Psychic Terrain\n|upkeep\n|c|\u2606FranziskaSkye|gg\n|-message|FranziskaSkye forfeited.\n|\n|win|LoSconosciuto\n|c|\u2606LoSconosciuto|gg\n|c|\u2606FranziskaSkye|double scarf\n|c|\u2606FranziskaSkye|fun stuff\n","inputlog":">version ee3903879dd92fa0a0bba6303065983b970e844a\n>start {\"formatid\":\"gen8randombattle\",\"seed\":[48604,61978,33491,2504]}\n>player p1 {\"name\":\"FranziskaSkye\",\"avatar\":\"karen\",\"rating\":0,\"seed\":[22631,60586,5834,1663]}\n>player p2 {\"name\":\"LoSconosciuto\",\"avatar\":\"#teamgapdos\",\"rating\":0,\"seed\":[52984,27172,35498,42764]}\n>chat \u2606FranziskaSkye|glhf\n>chat \u2606LoSconosciuto|hf\n>p1 move waterpulse\n>p2 switch 6\n>p1 switch 4\n>p2 move flipturn\n>p2 switch 4\n>p1 switch 3\n>p2 move psychic\n>p1 move psyshock\n>p2 switch 2\n>p1 switch 3\n>p2 move bulkup\n>p1 move tripleaxel\n>p2 move bulkup\n>p1 move tripleaxel\n>p2 move bulkup\n>p1 move tripleaxel\n>p2 move rest\n>p1 move closecombat\n>p2 move bulkup\n>p1 move toxic\n>p2 move darkestlariat\n>p1 switch 5\n>p1 move thunderbolt\n>p2 switch 5\n>chat  outd nord|Che game \u00e8?\n>chat \u2606LoSconosciuto|il primo\n>p1 move scald\n>p2 move earthquake\n>p1 move scald\n>p2 move earthquake\n>p1 switch 2\n>chat  outd nord|Per quale tour stai giocando?\n>chat \u2606LoSconosciuto|indovina\n>p1 move facade\n>p2 switch 5\n>p2 switch 6\n>chat  outd nord|A bho\n>chat  outd nord|Non penso il rbtt\n>p1 move superpower dynamax\n>p2 move stealthrock\n>chat  outd nord|Serio che tour \u00e8?\n>p2 switch 4\n>p1 move facade dynamax\n>p2 move dracometeor dynamax\n>p1 move facade dynamax\n>p2 move dracometeor dynamax\n>p2 switch 2\n>p1 move facade\n>p2 move moonblast\n>p1 move facade\n>p2 move moonblast\n>p1 switch 3\n>p1 move pollenpuff\n>p2 move moonblast\n>p2 switch 3\n>p1 switch 6\n>p2 move quiverdance\n>p1 move stoneedge\n>p2 move gigadrain\n>chat \u2606FranziskaSkye|gg\n>forcelose p1","uploadtime":1665678114,"views":130,"p1id":"franziskaskye","p2id":"losconosciuto","formatid":"gen8randombattle","rating":0,"private":0,"password":null}