{"id":"gen8ou-1688482114","p1":"Vodyne","p2":"Moisst","format":"gen8ou","log":"|html|<div class=\"broadcast-blue\"><strong>[Gen 8] OU is currently suspecting Melmetal! For information on how to participate check out the <a href=\"https:\/\/www.smogon.com\/forums\/threads\/np-ss-ou-suspect-process-round-12-monster-mash.3709234\/\">suspect thread<\/a>.<\/strong><\/div>\n|j|\u2606Vodyne\n|j|\u2606Moisst\n|t:|1666072959\n|gametype|singles\n|player|p1|Vodyne|169|1625\n|player|p2|Moisst|ryuki|1679\n|teamsize|p1|6\n|teamsize|p2|6\n|gen|8\n|tier|[Gen 8] OU\n|rated|\n|rule|Sleep Clause Mod: Limit one foe put to sleep\n|rule|Species Clause: Limit one of each Pok\u00e9mon\n|rule|OHKO Clause: OHKO moves are banned\n|rule|Evasion Items Clause: Evasion items are banned\n|rule|Evasion Moves Clause: Evasion moves are banned\n|rule|Endless Battle Clause: Forcing endless battles is banned\n|rule|HP Percentage Mod: HP is shown in percentages\n|rule|Dynamax Clause: You cannot dynamax\n|clearpoke\n|poke|p1|Snorlax, M|\n|poke|p1|Suicune|\n|poke|p1|Melmetal|\n|poke|p1|Victini|\n|poke|p1|Landorus-Therian, M|\n|poke|p1|Zapdos|\n|poke|p2|Landorus-Therian, M|\n|poke|p2|Kartana|\n|poke|p2|Corviknight, F|\n|poke|p2|Slowbro, F|\n|poke|p2|Umbreon, F|\n|poke|p2|Clefable, M|\n|teampreview\n|inactive|Battle timer is ON: inactive players will automatically lose when time's up. (requested by Moisst)\n|\n|t:|1666072981\n|start\n|switch|p1a: Suicune|Suicune|100\/100\n|switch|p2a: Kartana|Kartana|100\/100\n|-ability|p1a: Suicune|Pressure\n|turn|1\n|j| Monayii\n|\n|t:|1666072990\n|move|p2a: Kartana|Swords Dance|p2a: Kartana\n|-boost|p2a: Kartana|atk|2\n|move|p1a: Suicune|Ice Beam|p2a: Kartana\n|-damage|p2a: Kartana|37\/100\n|\n|upkeep\n|turn|2\n|\n|t:|1666073003\n|switch|p1a: Zapdos|Zapdos|100\/100\n|move|p2a: Kartana|Leaf Blade|p1a: Zapdos\n|-resisted|p1a: Zapdos\n|-damage|p1a: Zapdos|34\/100\n|-status|p2a: Kartana|par|[from] ability: Static|[of] p1a: Zapdos\n|\n|upkeep\n|turn|3\n|j| LT_Alt1\n|\n|t:|1666073011\n|switch|p2a: Landorus|Landorus-Therian, M|100\/100\n|-ability|p2a: Landorus|Intimidate|boost\n|-unboost|p1a: Zapdos|atk|1\n|move|p1a: Zapdos|Volt Switch|p2a: Landorus\n|-immune|p2a: Landorus\n|\n|upkeep\n|turn|4\n|\n|t:|1666073018\n|move|p1a: Zapdos|Hurricane|p2a: Landorus|[miss]\n|-miss|p1a: Zapdos|p2a: Landorus\n|move|p2a: Landorus|Stealth Rock|p1a: Zapdos\n|-sidestart|p1: Vodyne|move: Stealth Rock\n|\n|upkeep\n|turn|5\n|\n|t:|1666073022\n|move|p1a: Zapdos|Defog|p2a: Landorus\n|-unboost|p2a: Landorus|evasion|1\n|-sideend|p1: Vodyne|Stealth Rock|[from] move: Defog|[of] p1a: Zapdos\n|move|p2a: Landorus|Knock Off|p1a: Zapdos\n|-damage|p1a: Zapdos|0 fnt\n|-enditem|p1a: Zapdos|Heavy-Duty Boots|[from] move: Knock Off|[of] p2a: Landorus\n|faint|p1a: Zapdos\n|\n|upkeep\n|\n|t:|1666073028\n|switch|p1a: Victini|Victini|100\/100\n|turn|6\n|\n|t:|1666073033\n|switch|p2a: Umbreon|Umbreon, F|100\/100\n|move|p1a: Victini|V-create|p2a: Umbreon\n|-damage|p2a: Umbreon|36\/100\n|-unboost|p1a: Victini|spe|1\n|-unboost|p1a: Victini|def|1\n|-unboost|p1a: Victini|spd|1\n|\n|-heal|p2a: Umbreon|42\/100|[from] item: Leftovers\n|upkeep\n|turn|7\n|j| Ctannn\n|\n|t:|1666073040\n|move|p2a: Umbreon|Protect|p2a: Umbreon\n|-singleturn|p2a: Umbreon|Protect\n|move|p1a: Victini|V-create|p2a: Umbreon\n|-activate|p2a: Umbreon|move: Protect\n|\n|-heal|p2a: Umbreon|48\/100|[from] item: Leftovers\n|upkeep\n|turn|8\n|j| Inv solak plz\n|\n|t:|1666073050\n|switch|p1a: Landorus|Landorus-Therian, M|100\/100\n|-ability|p1a: Landorus|Intimidate|boost\n|-unboost|p2a: Umbreon|atk|1\n|switch|p2a: Slowbro|Slowbro, F|100\/100\n|\n|upkeep\n|turn|9\n|\n|t:|1666073056\n|move|p1a: Landorus|U-turn|p2a: Slowbro\n|-supereffective|p2a: Slowbro\n|-damage|p2a: Slowbro|66\/100\n|l| Inv solak plz\n|\n|t:|1666073063\n|switch|p1a: Melmetal|Melmetal|100\/100|[from]move: U-turn\n|move|p2a: Slowbro|Ice Beam|p1a: Melmetal\n|-resisted|p1a: Melmetal\n|-damage|p1a: Melmetal|93\/100\n|\n|upkeep\n|turn|10\n|\n|t:|1666073070\n|move|p1a: Melmetal|Double Iron Bash|p2a: Slowbro\n|-resisted|p2a: Slowbro\n|-damage|p2a: Slowbro|53\/100\n|-resisted|p2a: Slowbro\n|-damage|p2a: Slowbro|40\/100\n|-hitcount|p2a: Slowbro|2\n|cant|p2a: Slowbro|flinch\n|\n|upkeep\n|turn|11\n|\n|t:|1666073076\n|move|p1a: Melmetal|Thunder Punch|p2a: Slowbro\n|-supereffective|p2a: Slowbro\n|-damage|p2a: Slowbro|0 fnt\n|faint|p2a: Slowbro\n|\n|upkeep\n|\n|t:|1666073081\n|switch|p2a: Landorus|Landorus-Therian, M|100\/100\n|-ability|p2a: Landorus|Intimidate|boost\n|-unboost|p1a: Melmetal|atk|1\n|turn|12\n|\n|t:|1666073087\n|move|p2a: Landorus|Bulk Up|p2a: Landorus\n|-boost|p2a: Landorus|atk|1\n|-boost|p2a: Landorus|def|1\n|move|p1a: Melmetal|Ice Punch|p2a: Landorus\n|-supereffective|p2a: Landorus\n|-damage|p2a: Landorus|30\/100\n|\n|-heal|p2a: Landorus|36\/100|[from] item: Leftovers\n|upkeep\n|turn|13\n|\n|t:|1666073094\n|switch|p1a: Landorus|Landorus-Therian, M|100\/100\n|-ability|p1a: Landorus|Intimidate|boost\n|-unboost|p2a: Landorus|atk|1\n|move|p2a: Landorus|Earthquake|p1a: Landorus\n|-immune|p1a: Landorus\n|\n|-heal|p2a: Landorus|43\/100|[from] item: Leftovers\n|upkeep\n|turn|14\n|\n|t:|1666073099\n|move|p1a: Landorus|U-turn|p2a: Landorus\n|-resisted|p2a: Landorus\n|-damage|p2a: Landorus|33\/100\n|\n|t:|1666073102\n|switch|p1a: Suicune|Suicune|100\/100|[from]move: U-turn\n|-ability|p1a: Suicune|Pressure\n|move|p2a: Landorus|Bulk Up|p2a: Landorus\n|-boost|p2a: Landorus|atk|1\n|-boost|p2a: Landorus|def|1\n|\n|-heal|p2a: Landorus|39\/100|[from] item: Leftovers\n|upkeep\n|turn|15\n|\n|t:|1666073108\n|move|p2a: Landorus|Earthquake|p1a: Suicune\n|-damage|p1a: Suicune|61\/100\n|move|p1a: Suicune|Ice Beam|p2a: Landorus\n|-supereffective|p2a: Landorus\n|-damage|p2a: Landorus|0 fnt\n|faint|p2a: Landorus\n|\n|-heal|p1a: Suicune|67\/100|[from] item: Leftovers\n|upkeep\n|\n|t:|1666073113\n|switch|p2a: Umbreon|Umbreon, F|48\/100\n|turn|16\n|\n|t:|1666073129\n|move|p1a: Suicune|Calm Mind|p1a: Suicune\n|-boost|p1a: Suicune|spa|1\n|-boost|p1a: Suicune|spd|1\n|move|p2a: Umbreon|Heal Bell|p2a: Umbreon\n|-activate|p2a: Umbreon|move: Heal Bell\n|-curestatus|p2: Kartana|par|[msg]\n|\n|-heal|p1a: Suicune|73\/100|[from] item: Leftovers\n|-heal|p2a: Umbreon|54\/100|[from] item: Leftovers\n|upkeep\n|turn|17\n|\n|t:|1666073138\n|switch|p2a: Corviknight|Corviknight, F|100\/100\n|-ability|p2a: Corviknight|Pressure\n|move|p1a: Suicune|Scald|p2a: Corviknight\n|-crit|p2a: Corviknight\n|-damage|p2a: Corviknight|51\/100\n|\n|-heal|p1a: Suicune|79\/100|[from] item: Leftovers\n|-heal|p2a: Corviknight|57\/100|[from] item: Leftovers\n|upkeep\n|turn|18\n|\n|t:|1666073140\n|move|p1a: Suicune|Scald|p2a: Corviknight\n|-damage|p2a: Corviknight|27\/100\n|move|p2a: Corviknight|U-turn|p1a: Suicune\n|-damage|p1a: Suicune|72\/100\n|\n|t:|1666073143\n|switch|p2a: Kartana|Kartana|37\/100|[from]move: U-turn\n|\n|-heal|p1a: Suicune|78\/100|[from] item: Leftovers\n|upkeep\n|turn|19\n|\n|t:|1666073157\n|switch|p1a: Landorus|Landorus-Therian, M|100\/100\n|-ability|p1a: Landorus|Intimidate|boost\n|-unboost|p2a: Kartana|atk|1\n|move|p2a: Kartana|Leaf Blade|p1a: Landorus\n|-crit|p1a: Landorus\n|-damage|p1a: Landorus|0 fnt\n|faint|p1a: Landorus\n|-ability|p2a: Kartana|Beast Boost|boost\n|-boost|p2a: Kartana|atk|1\n|\n|upkeep\n|c|\u2606Vodyne|nice crit\n|\n|t:|1666073168\n|switch|p1a: Melmetal|Melmetal|93\/100\n|turn|20\n|\n|t:|1666073178\n|switch|p2a: Corviknight|Corviknight, F|27\/100\n|-ability|p2a: Corviknight|Pressure\n|move|p1a: Melmetal|Earthquake|p2a: Corviknight\n|-immune|p2a: Corviknight\n|\n|-heal|p2a: Corviknight|33\/100|[from] item: Leftovers\n|upkeep\n|turn|21\n|\n|t:|1666073183\n|switch|p1a: Victini|Victini|100\/100\n|move|p2a: Corviknight|Roost|p2a: Corviknight\n|-heal|p2a: Corviknight|83\/100\n|-singleturn|p2a: Corviknight|move: Roost\n|\n|-heal|p2a: Corviknight|90\/100|[from] item: Leftovers\n|upkeep\n|turn|22\n|\n|t:|1666073205\n|switch|p2a: Clefable|Clefable, M|100\/100\n|move|p1a: Victini|V-create|p2a: Clefable\n|-damage|p2a: Clefable|5\/100\n|-unboost|p1a: Victini|spe|1\n|-unboost|p1a: Victini|def|1\n|-unboost|p1a: Victini|spd|1\n|-damage|p1a: Victini|84\/100|[from] item: Rocky Helmet|[of] p2a: Clefable\n|\n|upkeep\n|turn|23\n|\n|t:|1666073218\n|move|p1a: Victini|V-create|p2a: Clefable\n|-damage|p2a: Clefable|0 fnt\n|-unboost|p1a: Victini|spe|1\n|-unboost|p1a: Victini|def|1\n|-unboost|p1a: Victini|spd|1\n|-damage|p1a: Victini|68\/100|[from] item: Rocky Helmet|[of] p2a: Clefable\n|faint|p2a: Clefable\n|\n|upkeep\n|\n|t:|1666073227\n|switch|p2a: Kartana|Kartana|37\/100\n|turn|24\n|\n|t:|1666073235\n|switch|p1a: Melmetal|Melmetal|93\/100\n|move|p2a: Kartana|Knock Off|p1a: Melmetal\n|-damage|p1a: Melmetal|69\/100\n|-enditem|p1a: Melmetal|Assault Vest|[from] move: Knock Off|[of] p2a: Kartana\n|\n|upkeep\n|turn|25\n|\n|t:|1666073241\n|switch|p2a: Corviknight|Corviknight, F|90\/100\n|-ability|p2a: Corviknight|Pressure\n|move|p1a: Melmetal|Ice Punch|p2a: Corviknight\n|-damage|p2a: Corviknight|64\/100\n|\n|-heal|p2a: Corviknight|71\/100|[from] item: Leftovers\n|upkeep\n|turn|26\n|\n|t:|1666073246\n|move|p2a: Corviknight|U-turn|p1a: Melmetal\n|-resisted|p1a: Melmetal\n|-damage|p1a: Melmetal|64\/100\n|\n|t:|1666073250\n|switch|p2a: Kartana|Kartana|37\/100|[from]move: U-turn\n|move|p1a: Melmetal|Thunder Punch|p2a: Kartana\n|-resisted|p2a: Kartana\n|-damage|p2a: Kartana|19\/100\n|\n|upkeep\n|turn|27\n|\n|t:|1666073255\n|move|p2a: Kartana|Sacred Sword|p1a: Melmetal\n|-supereffective|p1a: Melmetal\n|-damage|p1a: Melmetal|12\/100\n|move|p1a: Melmetal|Earthquake|p2a: Kartana\n|-damage|p2a: Kartana|0 fnt\n|faint|p2a: Kartana\n|\n|upkeep\n|\n|t:|1666073261\n|switch|p2a: Umbreon|Umbreon, F|54\/100\n|turn|28\n|\n|t:|1666073266\n|move|p2a: Umbreon|Foul Play|p1a: Melmetal\n|-damage|p1a: Melmetal|0 fnt\n|faint|p1a: Melmetal\n|\n|-heal|p2a: Umbreon|60\/100|[from] item: Leftovers\n|upkeep\n|\n|t:|1666073273\n|switch|p1a: Suicune|Suicune|78\/100\n|-ability|p1a: Suicune|Pressure\n|turn|29\n|\n|t:|1666073280\n|switch|p2a: Corviknight|Corviknight, F|71\/100\n|-ability|p2a: Corviknight|Pressure\n|move|p1a: Suicune|Calm Mind|p1a: Suicune\n|-boost|p1a: Suicune|spa|1\n|-boost|p1a: Suicune|spd|1\n|\n|-heal|p1a: Suicune|84\/100|[from] item: Leftovers\n|-heal|p2a: Corviknight|77\/100|[from] item: Leftovers\n|upkeep\n|turn|30\n|\n|t:|1666073301\n|move|p1a: Suicune|Calm Mind|p1a: Suicune\n|-boost|p1a: Suicune|spa|1\n|-boost|p1a: Suicune|spd|1\n|move|p2a: Corviknight|Brave Bird|p1a: Suicune\n|-damage|p1a: Suicune|62\/100\n|-damage|p2a: Corviknight|70\/100|[from] Recoil\n|\n|-heal|p1a: Suicune|69\/100|[from] item: Leftovers\n|-heal|p2a: Corviknight|76\/100|[from] item: Leftovers\n|upkeep\n|turn|31\n|\n|t:|1666073309\n|move|p1a: Suicune|Calm Mind|p1a: Suicune\n|-boost|p1a: Suicune|spa|1\n|-boost|p1a: Suicune|spd|1\n|move|p2a: Corviknight|Brave Bird|p1a: Suicune\n|-damage|p1a: Suicune|49\/100\n|-damage|p2a: Corviknight|69\/100|[from] Recoil\n|\n|-heal|p1a: Suicune|55\/100|[from] item: Leftovers\n|-heal|p2a: Corviknight|76\/100|[from] item: Leftovers\n|upkeep\n|turn|32\n|\n|t:|1666073316\n|move|p1a: Suicune|Calm Mind|p1a: Suicune\n|-boost|p1a: Suicune|spa|1\n|-boost|p1a: Suicune|spd|1\n|move|p2a: Corviknight|Brave Bird|p1a: Suicune\n|-damage|p1a: Suicune|36\/100\n|-damage|p2a: Corviknight|69\/100|[from] Recoil\n|\n|-heal|p1a: Suicune|42\/100|[from] item: Leftovers\n|-heal|p2a: Corviknight|75\/100|[from] item: Leftovers\n|upkeep\n|turn|33\n|\n|t:|1666073319\n|move|p1a: Suicune|Rest|p1a: Suicune\n|-status|p1a: Suicune|slp|[from] move: Rest\n|-heal|p1a: Suicune|100\/100 slp|[silent]\n|move|p2a: Corviknight|Brave Bird|p1a: Suicune\n|-damage|p1a: Suicune|82\/100 slp\n|-damage|p2a: Corviknight|69\/100|[from] Recoil\n|\n|-heal|p1a: Suicune|88\/100 slp|[from] item: Leftovers\n|-heal|p2a: Corviknight|75\/100|[from] item: Leftovers\n|upkeep\n|turn|34\n|-message|Moisst forfeited.\n|\n|win|Vodyne\n|raw|Vodyne's rating: 1625 &rarr; <strong>1648<\/strong><br \/>(+23 for winning)\n|raw|Moisst's rating: 1679 &rarr; <strong>1656<\/strong><br \/>(-23 for losing)\n|c|\u2606Vodyne|gg\n|l|\u2606Moisst\n","uploadtime":1666073328,"views":24,"p1id":"vodyne","p2id":"moisst","formatid":"gen8ou","rating":1648,"private":0,"password":null}