{"id":"gen8bssfactory-1267192531","p1":"gostop","p2":"victini sus","format":"gen8bssfactory","log":"|j|\u2606gostop\n|j|\u2606victini sus\n|t:|1611303807\n|player|p1|gostop|hugh|\n|player|p2|victini sus|cynthia|\n|teamsize|p1|6\n|teamsize|p2|6\n|gametype|singles\n|gen|8\n|tier|[Gen 8] BSS Factory\n|rated|Tournament battle\n|clearpoke\n|poke|p1|Urshifu-*, L50, M|\n|poke|p1|Haxorus, L50, M|\n|poke|p1|Glastrier, L50|\n|poke|p1|Nidoking, L50, M|\n|poke|p1|Scizor, L50, M|\n|poke|p1|Porygon-Z, L50|\n|poke|p2|Pheromosa, L50|\n|poke|p2|Milotic, L50, F|\n|poke|p2|Hydreigon, L50, M|\n|poke|p2|Rhyperior, L50, F|\n|poke|p2|Marowak-Alola, L50, M|\n|poke|p2|Glastrier, L50|\n|rule|Species Clause: Limit one of each Pok\u00e9mon\n|rule|Item Clause: Limit one of each item\n|teampreview|3\n|inactive|Battle timer is ON: inactive players will automatically lose when time's up. (requested by victini sus)\n|inactive|gostop has 120 seconds left.\n|inactive|gostop has 90 seconds left.\n|inactive|gostop has 60 seconds left.\n|\n|t:|1611303951\n|start\n|switch|p1a: Urshifu|Urshifu-Rapid-Strike, L50, M|176\/176\n|switch|p2a: Pheromosa|Pheromosa, L50|146\/146\n|turn|1\n|j|@neycwang\n|c|\u2606gostop|tt\n|inactive|gostop has 90 seconds left.\n|inactive|victini sus has 120 seconds left.\n|\n|t:|1611303987\n|-start|p2a: Pheromosa|Dynamax\n|-heal|p2a: Pheromosa|292\/292|[silent]\n|move|p1a: Urshifu|Surging Strikes|p2a: Pheromosa\n|-crit|p2a: Pheromosa\n|-damage|p2a: Pheromosa|220\/292\n|-crit|p2a: Pheromosa\n|-damage|p2a: Pheromosa|144\/292\n|-crit|p2a: Pheromosa\n|-damage|p2a: Pheromosa|69\/292\n|-hitcount|p2a: Pheromosa|3\n|move|p2a: Pheromosa|Max Knuckle|p1a: Urshifu\n|-crit|p1a: Urshifu\n|-damage|p1a: Urshifu|46\/176\n|-boost|p2a: Pheromosa|atk|1\n|\n|upkeep\n|turn|2\n|inactive|gostop has 90 seconds left.\n|inactive|victini sus has 120 seconds left.\n|\n|t:|1611304006\n|-end|p2a: Pheromosa|Dynamax\n|-heal|p2a: Pheromosa|35\/146|[silent]\n|switch|p2a: Hydreigon|Hydreigon, L50, M|167\/167\n|move|p1a: Urshifu|Surging Strikes|p2a: Hydreigon\n|-resisted|p2a: Hydreigon\n|-crit|p2a: Hydreigon\n|-damage|p2a: Hydreigon|145\/167\n|-resisted|p2a: Hydreigon\n|-crit|p2a: Hydreigon\n|-damage|p2a: Hydreigon|124\/167\n|-resisted|p2a: Hydreigon\n|-crit|p2a: Hydreigon\n|-damage|p2a: Hydreigon|106\/167\n|-hitcount|p2a: Hydreigon|3\n|\n|upkeep\n|turn|3\n|\n|t:|1611304029\n|switch|p1a: Porygon-Z|Porygon-Z, L50|160\/160\n|move|p2a: Hydreigon|Draco Meteor|p1a: Porygon-Z\n|-damage|p1a: Porygon-Z|16\/160\n|-unboost|p2a: Hydreigon|spa|2\n|\n|upkeep\n|turn|4\n|inactive|victini sus has 120 seconds left.\n|\n|t:|1611304041\n|move|p2a: Hydreigon|Draco Meteor|p1a: Porygon-Z\n|-damage|p1a: Porygon-Z|0 fnt\n|-unboost|p2a: Hydreigon|spa|2\n|faint|p1a: Porygon-Z\n|\n|upkeep\n|\n|t:|1611304047\n|switch|p1a: Urshifu|Urshifu-Rapid-Strike, L50, M|46\/176\n|turn|5\n|\n|t:|1611304056\n|switch|p2a: Rhyperior|Rhyperior, L50, F|222\/222\n|move|p1a: Urshifu|U-turn|p2a: Rhyperior\n|-damage|p2a: Rhyperior|189\/222\n|\n|t:|1611304061\n|switch|p1a: Nidoking|Nidoking, L50, M|156\/156\n|\n|upkeep\n|turn|6\n|\n|t:|1611304084\n|-start|p1a: Nidoking|Dynamax\n|-heal|p1a: Nidoking|312\/312|[silent]\n|move|p1a: Nidoking|Max Quake|p2a: Rhyperior\n|-supereffective|p2a: Rhyperior\n|-damage|p2a: Rhyperior|48\/222\n|-boost|p1a: Nidoking|spd|1\n|move|p2a: Rhyperior|Earthquake|p1a: Nidoking\n|-supereffective|p1a: Nidoking\n|-damage|p1a: Nidoking|36\/312\n|\n|upkeep\n|turn|7\n|inactive|gostop has 60 seconds left.\n|\n|t:|1611304109\n|move|p1a: Nidoking|Max Hailstorm|p2a: Rhyperior\n|-supereffective|p2a: Rhyperior\n|-damage|p2a: Rhyperior|0 fnt\n|-weather|Hail\n|faint|p2a: Rhyperior\n|\n|-weather|Hail|[upkeep]\n|-damage|p1a: Nidoking|27\/312|[from] Hail\n|upkeep\n|\n|t:|1611304118\n|switch|p2a: Pheromosa|Pheromosa, L50|35\/146\n|turn|8\n|inactive|gostop has 60 seconds left.\n|\n|t:|1611304132\n|move|p2a: Pheromosa|Close Combat|p1a: Nidoking\n|-resisted|p1a: Nidoking\n|-crit|p1a: Nidoking\n|-damage|p1a: Nidoking|0 fnt\n|-unboost|p2a: Pheromosa|def|1\n|-unboost|p2a: Pheromosa|spd|1\n|faint|p1a: Nidoking\n|-ability|p2a: Pheromosa|Beast Boost|boost\n|-boost|p2a: Pheromosa|spe|1\n|\n|-weather|Hail|[upkeep]\n|-damage|p2a: Pheromosa|26\/146|[from] Hail\n|upkeep\n|inactive|gostop has 60 seconds left.\n|\n|t:|1611304138\n|switch|p1a: Urshifu|Urshifu-Rapid-Strike, L50, M|46\/176\n|turn|9\n|-message|gostop forfeited.\n|\n|win|victini sus\n|n|\u2606gostop|gostop\n|n|\u2606victini sus|victinisus\n|n|+neycwang|neycwang\n","uploadtime":1611304144,"views":11,"p1id":"gostop","p2id":"victinisus","formatid":"gen8bssfactory","rating":0,"private":0,"password":null}