{"id":"gen8ubers-1488338479","p1":"Ivyon","p2":"cosoverde","format":"gen8ubers","log":"|j|\u2606Ivyon\n|j|\u2606cosoverde\n|t:|1641752981\n|gametype|singles\n|player|p1|Ivyon|blue|1245\n|player|p2|cosoverde|supernerd|1282\n|teamsize|p1|6\n|teamsize|p2|6\n|gen|8\n|tier|[Gen 8] Ubers\n|rated|\n|rule|Sleep Clause Mod: Limit one foe put to sleep\n|rule|Species Clause: Limit one of each Pok\u00e9mon\n|rule|OHKO Clause: OHKO moves are banned\n|rule|Evasion Moves Clause: Evasion moves are banned\n|rule|Endless Battle Clause: Forcing endless battles is banned\n|rule|HP Percentage Mod: HP is shown in percentages\n|rule|Dynamax Clause: You cannot dynamax\n|clearpoke\n|poke|p1|Sharpedo, F|\n|poke|p1|Shuckle, M|\n|poke|p1|Dragonite, M|\n|poke|p1|Blaziken, M|\n|poke|p1|Cloyster, M|\n|poke|p1|Espeon, F|\n|poke|p2|Marshadow|\n|poke|p2|Landorus-Therian, M|\n|poke|p2|Kyogre|\n|poke|p2|Necrozma-Dusk-Mane|\n|poke|p2|Eternatus|\n|poke|p2|Yveltal|\n|teampreview\n|inactive|Battle timer is ON: inactive players will automatically lose when time's up. (requested by cosoverde)\n|\n|t:|1641752988\n|start\n|switch|p1a: Sharpedo|Sharpedo, F|100\/100\n|switch|p2a: Kyogre|Kyogre|100\/100\n|-weather|RainDance|[from] ability: Drizzle|[of] p2a: Kyogre\n|turn|1\n|\n|t:|1641752999\n|move|p1a: Sharpedo|Super Fang|p2a: Kyogre\n|-damage|p2a: Kyogre|50\/100\n|move|p2a: Kyogre|Origin Pulse|p1a: Sharpedo\n|-resisted|p1a: Sharpedo\n|-enditem|p1a: Sharpedo|Focus Sash\n|-damage|p1a: Sharpedo|1\/100\n|\n|-weather|RainDance|[upkeep]\n|-ability|p1a: Sharpedo|Speed Boost|boost\n|-boost|p1a: Sharpedo|spe|1\n|upkeep\n|turn|2\n|\n|t:|1641753008\n|move|p1a: Sharpedo|Destiny Bond|p1a: Sharpedo\n|-singlemove|p1a: Sharpedo|Destiny Bond\n|move|p2a: Kyogre|Origin Pulse|p1a: Sharpedo\n|-resisted|p1a: Sharpedo\n|-damage|p1a: Sharpedo|0 fnt\n|faint|p1a: Sharpedo\n|-activate|p1a: Sharpedo|move: Destiny Bond\n|faint|p2a: Kyogre\n|\n|-weather|RainDance|[upkeep]\n|upkeep\n|\n|t:|1641753017\n|switch|p1a: Shuckle|Shuckle, M, shiny|100\/100\n|switch|p2a: Marshadow|Marshadow|100\/100\n|turn|3\n|\n|t:|1641753021\n|move|p2a: Marshadow|Spectral Thief|p1a: Shuckle\n|-damage|p1a: Shuckle|64\/100\n|-damage|p2a: Marshadow|84\/100|[from] item: Rocky Helmet|[of] p1a: Shuckle\n|-damage|p2a: Marshadow|74\/100|[from] item: Life Orb\n|move|p1a: Shuckle|Power Split|p2a: Marshadow\n|-activate|p1a: Shuckle|move: Power Split|[of] p2a: Marshadow\n|\n|-weather|RainDance|[upkeep]\n|upkeep\n|turn|4\n|\n|t:|1641753033\n|move|p2a: Marshadow|Spectral Thief|p1a: Shuckle\n|-damage|p1a: Shuckle|41\/100\n|-damage|p2a: Marshadow|58\/100|[from] item: Rocky Helmet|[of] p1a: Shuckle\n|-damage|p2a: Marshadow|48\/100|[from] item: Life Orb\n|move|p1a: Shuckle|Stealth Rock|p2a: Marshadow\n|-sidestart|p2: cosoverde|move: Stealth Rock\n|\n|-weather|RainDance|[upkeep]\n|upkeep\n|turn|5\n|\n|t:|1641753041\n|move|p2a: Marshadow|Spectral Thief|p1a: Shuckle\n|-damage|p1a: Shuckle|22\/100\n|-damage|p2a: Marshadow|31\/100|[from] item: Rocky Helmet|[of] p1a: Shuckle\n|-damage|p2a: Marshadow|21\/100|[from] item: Life Orb\n|move|p1a: Shuckle|Sticky Web|p2a: Marshadow\n|-sidestart|p2: cosoverde|move: Sticky Web\n|\n|-weather|none\n|upkeep\n|turn|6\n|\n|t:|1641753050\n|move|p2a: Marshadow|Low Kick|p1a: Shuckle\n|-damage|p1a: Shuckle|9\/100\n|-damage|p2a: Marshadow|5\/100|[from] item: Rocky Helmet|[of] p1a: Shuckle\n|-damage|p2a: Marshadow|0 fnt|[from] item: Life Orb\n|faint|p2a: Marshadow\n|move|p1a: Shuckle|Power Split|p2: Marshadow|[notarget]\n|-fail|p1a: Shuckle\n|\n|upkeep\n|\n|t:|1641753050\n|switch|p2a: Yveltal|Yveltal|100\/100\n|-ability|p2a: Yveltal|Dark Aura\n|turn|7\n|\n|t:|1641753061\n|move|p2a: Yveltal|Knock Off|p1a: Shuckle\n|-damage|p1a: Shuckle|0 fnt\n|-damage|p2a: Yveltal|84\/100|[from] item: Rocky Helmet|[of] p1a: Shuckle\n|-enditem|p1a: Shuckle|Rocky Helmet|[from] move: Knock Off|[of] p2a: Yveltal\n|faint|p1a: Shuckle\n|\n|upkeep\n|inactive|Ivyon has 120 seconds left.\n|\n|t:|1641753086\n|switch|p1a: Espeon|Espeon, F|100\/100\n|turn|8\n|\n|t:|1641753091\n|move|p1a: Espeon|Charm|p2a: Yveltal\n|-unboost|p2a: Yveltal|atk|2\n|move|p2a: Yveltal|Knock Off|p1a: Espeon\n|-supereffective|p1a: Espeon\n|-damage|p1a: Espeon|9\/100\n|-enditem|p1a: Espeon|Focus Sash|[from] move: Knock Off|[of] p2a: Yveltal\n|\n|upkeep\n|turn|9\n|\n|t:|1641753100\n|move|p1a: Espeon|Yawn|p2a: Yveltal\n|-start|p2a: Yveltal|move: Yawn|[of] p1a: Espeon\n|move|p2a: Yveltal|Defog|p1a: Espeon\n|move|p1a: Espeon|Defog|p2a: Yveltal|[from]ability: Magic Bounce\n|-unboost|p2a: Yveltal|evasion|1\n|-sideend|p2: cosoverde|Stealth Rock|[from] move: Defog|[of] p1a: Espeon\n|-sideend|p2: cosoverde|Sticky Web|[from] move: Defog|[of] p1a: Espeon\n|\n|upkeep\n|turn|10\n|\n|t:|1641753108\n|move|p1a: Espeon|Charm|p2a: Yveltal\n|-unboost|p2a: Yveltal|atk|2\n|move|p2a: Yveltal|Knock Off|p1a: Espeon\n|-supereffective|p1a: Espeon\n|-damage|p1a: Espeon|0 fnt\n|faint|p1a: Espeon\n|\n|-end|p2a: Yveltal|move: Yawn|[silent]\n|-status|p2a: Yveltal|slp\n|upkeep\n|\n|t:|1641753126\n|switch|p1a: Cloyster|Cloyster, M|100\/100\n|turn|11\n|\n|t:|1641753129\n|switch|p2a: necrozmaduskmane|Necrozma-Dusk-Mane|100\/100\n|move|p1a: Cloyster|Shell Smash|p1a: Cloyster\n|-unboost|p1a: Cloyster|def|1\n|-unboost|p1a: Cloyster|spd|1\n|-boost|p1a: Cloyster|atk|2\n|-boost|p1a: Cloyster|spa|2\n|-boost|p1a: Cloyster|spe|2\n|\n|upkeep\n|turn|12\n|\n|t:|1641753138\n|move|p1a: Cloyster|Liquidation|p2a: necrozmaduskmane\n|-damage|p2a: necrozmaduskmane|45\/100\n|move|p2a: necrozmaduskmane|Morning Sun|p2a: necrozmaduskmane\n|-heal|p2a: necrozmaduskmane|95\/100\n|\n|-heal|p2a: necrozmaduskmane|100\/100|[from] item: Leftovers\n|upkeep\n|turn|13\n|\n|t:|1641753146\n|move|p1a: Cloyster|Shell Smash|p1a: Cloyster\n|-unboost|p1a: Cloyster|def|1\n|-unboost|p1a: Cloyster|spd|1\n|-boost|p1a: Cloyster|atk|2\n|-boost|p1a: Cloyster|spa|2\n|-boost|p1a: Cloyster|spe|2\n|move|p2a: necrozmaduskmane|Morning Sun|p2a: necrozmaduskmane\n|-fail|p2a: necrozmaduskmane|heal\n|\n|upkeep\n|turn|14\n|\n|t:|1641753154\n|move|p1a: Cloyster|Liquidation|p2a: necrozmaduskmane\n|-damage|p2a: necrozmaduskmane|13\/100\n|move|p2a: necrozmaduskmane|Sunsteel Strike|p1a: Cloyster\n|-damage|p1a: Cloyster|13\/100\n|\n|-heal|p2a: necrozmaduskmane|19\/100|[from] item: Leftovers\n|upkeep\n|turn|15\n|\n|t:|1641753163\n|move|p1a: Cloyster|Liquidation|p2a: necrozmaduskmane\n|-damage|p2a: necrozmaduskmane|0 fnt\n|faint|p2a: necrozmaduskmane\n|\n|upkeep\n|\n|t:|1641753163\n|switch|p2a: landorustherian|Landorus-Therian, M|100\/100\n|-ability|p2a: landorustherian|Intimidate|boost\n|-unboost|p1a: Cloyster|atk|1\n|turn|16\n|\n|t:|1641753170\n|switch|p2a: Yveltal|Yveltal|84\/100 slp\n|-ability|p2a: Yveltal|Dark Aura\n|move|p1a: Cloyster|Icicle Spear|p2a: Yveltal\n|-supereffective|p2a: Yveltal\n|-damage|p2a: Yveltal|34\/100 slp\n|-supereffective|p2a: Yveltal\n|-crit|p2a: Yveltal\n|-damage|p2a: Yveltal|0 fnt\n|faint|p2a: Yveltal\n|-hitcount|p2: Yveltal|2\n|\n|upkeep\n|\n|t:|1641753170\n|switch|p2a: landorustherian|Landorus-Therian, M|100\/100\n|-ability|p2a: landorustherian|Intimidate|boost\n|-unboost|p1a: Cloyster|atk|1\n|turn|17\n|\n|t:|1641753182\n|move|p1a: Cloyster|Icicle Spear|p2a: landorustherian\n|-supereffective|p2a: landorustherian\n|-damage|p2a: landorustherian|41\/100\n|-supereffective|p2a: landorustherian\n|-damage|p2a: landorustherian|0 fnt\n|faint|p2a: landorustherian\n|-hitcount|p2: landorustherian|2\n|\n|upkeep\n|\n|t:|1641753182\n|switch|p2a: Eternatus|Eternatus|100\/100\n|-ability|p2a: Eternatus|Pressure\n|turn|18\n|\n|t:|1641753190\n|move|p1a: Cloyster|Icicle Spear|p2a: Eternatus\n|-supereffective|p2a: Eternatus\n|-damage|p2a: Eternatus|65\/100\n|-supereffective|p2a: Eternatus\n|-damage|p2a: Eternatus|31\/100\n|-supereffective|p2a: Eternatus\n|-damage|p2a: Eternatus|0 fnt\n|faint|p2a: Eternatus\n|-hitcount|p2: Eternatus|3\n|\n|win|Ivyon\n|raw|Ivyon's rating: 1245 &rarr; <strong>1273<\/strong><br \/>(+28 for winning)\n|raw|cosoverde's rating: 1282 &rarr; <strong>1254<\/strong><br \/>(-28 for losing)\n|c|\u2606Ivyon|gg\n","uploadtime":1641753203,"views":12,"p1id":"ivyon","p2id":"cosoverde","formatid":"gen8ubers","rating":1254,"private":0,"password":null}