{"id":"gen8oublitz-1613145352","p1":"MR. MEZA","p2":"JB87","format":"gen8oublitz","log":"|inactive|Battle timer is ON: inactive players will automatically lose when time's up.\n|j|\u2606MR. MEZA\n|j|\u2606JB87\n|t:|1657307928\n|gametype|singles\n|player|p1|MR. MEZA|n|1352\n|player|p2|JB87|hilbert|1504\n|teamsize|p1|6\n|teamsize|p2|6\n|gen|8\n|tier|[Gen 8] OU (Blitz)\n|rated|\n|rule|Sleep Clause Mod: Limit one foe put to sleep\n|rule|Species Clause: Limit one of each Pok\u00e9mon\n|rule|OHKO Clause: OHKO moves are banned\n|rule|Evasion Moves Clause: Evasion moves are banned\n|rule|Endless Battle Clause: Forcing endless battles is banned\n|rule|HP Percentage Mod: HP is shown in percentages\n|rule|Dynamax Clause: You cannot dynamax\n|rule|Blitz: Super-fast timer\n|clearpoke\n|poke|p1|Tyranitar, F|\n|poke|p1|Clefable, F|\n|poke|p1|Excadrill, M|\n|poke|p1|Tangrowth, M|\n|poke|p1|Slowking-Galar, M|\n|poke|p1|Rotom-Wash|\n|poke|p2|Blissey, F|\n|poke|p2|Corviknight, M|\n|poke|p2|Ferrothorn, M|\n|poke|p2|Suicune|\n|poke|p2|Hydreigon, F|\n|poke|p2|Hippowdon, M|\n|teampreview\n|\n|t:|1657307933\n|start\n|switch|p1a: Slowking|Slowking-Galar, M|100\/100\n|switch|p2a: Hydreigon|Hydreigon, F|100\/100\n|turn|1\n|inactive|MR. MEZA has 10 seconds left.\n|\n|t:|1657307939\n|switch|p2a: Suicune|Suicune|100\/100\n|-ability|p2a: Suicune|Pressure\n|switch|p1a: Clefable|Clefable, F|100\/100\n|\n|upkeep\n|turn|2\n|\n|t:|1657307943\n|switch|p2a: Hippowdon|Hippowdon, M|100\/100\n|-weather|Sandstorm|[from] ability: Sand Stream|[of] p2a: Hippowdon\n|move|p1a: Clefable|Stealth Rock|p2a: Hippowdon\n|-sidestart|p2: JB87|move: Stealth Rock\n|\n|-weather|Sandstorm|[upkeep]\n|upkeep\n|turn|3\n|inactive|MR. MEZA has 10 seconds left.\n|\n|t:|1657307952\n|move|p1a: Clefable|Moonblast|p2a: Hippowdon\n|-damage|p2a: Hippowdon|67\/100\n|move|p2a: Hippowdon|Stealth Rock|p1a: Clefable\n|-sidestart|p1: MR. MEZA|move: Stealth Rock\n|\n|-weather|Sandstorm|[upkeep]\n|-heal|p2a: Hippowdon|73\/100|[from] item: Leftovers\n|upkeep\n|turn|4\n|\n|t:|1657307955\n|move|p1a: Clefable|Moonblast|p2a: Hippowdon\n|-damage|p2a: Hippowdon|39\/100\n|-unboost|p2a: Hippowdon|spa|1\n|move|p2a: Hippowdon|Slack Off|p2a: Hippowdon\n|-heal|p2a: Hippowdon|89\/100\n|\n|-weather|Sandstorm|[upkeep]\n|-heal|p2a: Hippowdon|95\/100|[from] item: Leftovers\n|upkeep\n|turn|5\n|\n|t:|1657307960\n|move|p1a: Clefable|Moonblast|p2a: Hippowdon\n|-damage|p2a: Hippowdon|62\/100\n|-unboost|p2a: Hippowdon|spa|1\n|move|p2a: Hippowdon|Earthquake|p1a: Clefable\n|-damage|p1a: Clefable|72\/100\n|\n|-weather|Sandstorm|[upkeep]\n|-heal|p2a: Hippowdon|68\/100|[from] item: Leftovers\n|upkeep\n|turn|6\n|inactive|MR. MEZA has 10 seconds left.\n|\n|t:|1657307965\n|switch|p1a: Tangrowth|Tangrowth, M|100\/100\n|-damage|p1a: Tangrowth|88\/100|[from] Stealth Rock\n|move|p2a: Hippowdon|Slack Off|p2a: Hippowdon\n|-heal|p2a: Hippowdon|100\/100\n|\n|-weather|none\n|upkeep\n|turn|7\n|\n|t:|1657307969\n|switch|p2a: Blissey|Blissey, F|100\/100\n|-damage|p2a: Blissey|88\/100|[from] Stealth Rock\n|move|p1a: Tangrowth|Toxic|p2a: Blissey\n|-status|p2a: Blissey|tox\n|\n|-heal|p2a: Blissey|94\/100 tox|[from] item: Leftovers\n|-damage|p2a: Blissey|88\/100 tox|[from] psn\n|upkeep\n|turn|8\n|\n|t:|1657307972\n|move|p2a: Blissey|Toxic|p1a: Tangrowth\n|-status|p1a: Tangrowth|tox\n|move|p1a: Tangrowth|Knock Off|p2a: Blissey\n|-damage|p2a: Blissey|69\/100 tox\n|-enditem|p2a: Blissey|Leftovers|[from] move: Knock Off|[of] p1a: Tangrowth\n|\n|-damage|p2a: Blissey|56\/100 tox|[from] psn\n|-damage|p1a: Tangrowth|82\/100 tox|[from] psn\n|upkeep\n|turn|9\n|\n|t:|1657307976\n|switch|p1a: Slowking|Slowking-Galar, M|100\/100\n|-damage|p1a: Slowking|88\/100|[from] Stealth Rock\n|move|p2a: Blissey|Soft-Boiled|p2a: Blissey\n|-heal|p2a: Blissey|100\/100 tox\n|\n|-heal|p1a: Slowking|94\/100|[from] item: Black Sludge\n|-damage|p2a: Blissey|82\/100 tox|[from] psn\n|upkeep\n|turn|10\n|\n|t:|1657307978\n|-curestatus|p2a: Blissey|tox|[from] ability: Natural Cure\n|switch|p2a: Suicune|Suicune|100\/100\n|-damage|p2a: Suicune|88\/100|[from] Stealth Rock\n|-ability|p2a: Suicune|Pressure\n|move|p1a: Slowking|Trick|p2a: Suicune\n|-activate|p1a: Slowking|move: Trick|[of] p2a: Suicune\n|-item|p2a: Suicune|Black Sludge|[from] move: Trick\n|-item|p1a: Slowking|Leftovers|[from] move: Trick\n|\n|-damage|p2a: Suicune|76\/100|[from] item: Black Sludge\n|-heal|p1a: Slowking|100\/100|[from] item: Leftovers\n|upkeep\n|turn|11\n|\n|t:|1657307983\n|move|p2a: Suicune|Calm Mind|p2a: Suicune\n|-boost|p2a: Suicune|spa|1\n|-boost|p2a: Suicune|spd|1\n|move|p1a: Slowking|Sludge Bomb|p2a: Suicune\n|-damage|p2a: Suicune|58\/100\n|-status|p2a: Suicune|psn\n|\n|-damage|p2a: Suicune|46\/100 psn|[from] item: Black Sludge\n|-damage|p2a: Suicune|33\/100 psn|[from] psn\n|upkeep\n|turn|12\n|inactive|MR. MEZA has 10 seconds left.\n|\n|t:|1657307991\n|move|p2a: Suicune|Rest|p2a: Suicune\n|-status|p2a: Suicune|slp|[from] move: Rest\n|-heal|p2a: Suicune|100\/100 slp|[silent]\n|move|p1a: Slowking|Sludge Bomb|p2a: Suicune\n|-damage|p2a: Suicune|84\/100 slp\n|\n|-damage|p2a: Suicune|72\/100 slp|[from] item: Black Sludge\n|upkeep\n|turn|13\n|\n|t:|1657307995\n|cant|p2a: Suicune|slp\n|move|p2a: Suicune|Sleep Talk|p2a: Suicune\n|move|p2a: Suicune|Rest||[from]move: Sleep Talk|[still]\n|-fail|p2a: Suicune\n|move|p1a: Slowking|Nasty Plot|p1a: Slowking\n|-boost|p1a: Slowking|spa|2\n|\n|-damage|p2a: Suicune|59\/100 slp|[from] item: Black Sludge\n|upkeep\n|turn|14\n|\n|t:|1657307997\n|cant|p2a: Suicune|slp\n|move|p2a: Suicune|Sleep Talk|p2a: Suicune\n|move|p2a: Suicune|Rest||[from]move: Sleep Talk|[still]\n|-fail|p2a: Suicune\n|move|p1a: Slowking|Sludge Bomb|p2a: Suicune\n|-damage|p2a: Suicune|26\/100 slp\n|\n|-damage|p2a: Suicune|14\/100 slp|[from] item: Black Sludge\n|upkeep\n|turn|15\n|inactive|MR. MEZA has 10 seconds left.\n|\n|t:|1657308002\n|-curestatus|p2a: Suicune|slp|[msg]\n|move|p2a: Suicune|Rest|p2a: Suicune\n|-status|p2a: Suicune|slp|[from] move: Rest\n|-heal|p2a: Suicune|100\/100 slp|[silent]\n|move|p1a: Slowking|Sludge Bomb|p2a: Suicune\n|-damage|p2a: Suicune|68\/100 slp\n|\n|-damage|p2a: Suicune|56\/100 slp|[from] item: Black Sludge\n|upkeep\n|turn|16\n|\n|t:|1657308007\n|cant|p2a: Suicune|slp\n|move|p2a: Suicune|Sleep Talk|p2a: Suicune\n|move|p2a: Suicune|Calm Mind|p2a: Suicune|[from]move: Sleep Talk\n|-boost|p2a: Suicune|spa|1\n|-boost|p2a: Suicune|spd|1\n|move|p1a: Slowking|Psychic|p2a: Suicune\n|-damage|p2a: Suicune|29\/100 slp\n|\n|-damage|p2a: Suicune|17\/100 slp|[from] item: Black Sludge\n|upkeep\n|turn|17\n|\n|t:|1657308010\n|cant|p2a: Suicune|slp\n|move|p2a: Suicune|Sleep Talk|p2a: Suicune\n|move|p2a: Suicune|Rest||[from]move: Sleep Talk|[still]\n|-fail|p2a: Suicune\n|move|p1a: Slowking|Psychic|p2a: Suicune\n|-damage|p2a: Suicune|0 fnt\n|faint|p2a: Suicune\n|\n|upkeep\n|\n|t:|1657308012\n|switch|p2a: Hydreigon|Hydreigon, F|100\/100\n|-damage|p2a: Hydreigon|88\/100|[from] Stealth Rock\n|turn|18\n|\n|t:|1657308014\n|switch|p1a: Clefable|Clefable, F|72\/100\n|move|p2a: Hydreigon|Dark Pulse|p1a: Clefable\n|-resisted|p1a: Clefable\n|-damage|p1a: Clefable|53\/100\n|\n|upkeep\n|turn|19\n|\n|t:|1657308016\n|switch|p2a: Ferrothorn|Ferrothorn, M|100\/100\n|-damage|p2a: Ferrothorn|94\/100|[from] Stealth Rock\n|move|p1a: Clefable|Soft-Boiled|p1a: Clefable\n|-heal|p1a: Clefable|100\/100\n|\n|-heal|p2a: Ferrothorn|100\/100|[from] item: Leftovers\n|upkeep\n|turn|20\n|\n|t:|1657308018\n|move|p1a: Clefable|Flamethrower|p2a: Ferrothorn\n|-supereffective|p2a: Ferrothorn\n|-damage|p2a: Ferrothorn|38\/100\n|move|p2a: Ferrothorn|Spikes|p1a: Clefable\n|-sidestart|p1: MR. MEZA|Spikes\n|\n|-heal|p2a: Ferrothorn|44\/100|[from] item: Leftovers\n|upkeep\n|turn|21\n|\n|t:|1657308022\n|switch|p2a: Blissey|Blissey, F|82\/100\n|-damage|p2a: Blissey|70\/100|[from] Stealth Rock\n|move|p1a: Clefable|Flamethrower|p2a: Blissey\n|-damage|p2a: Blissey|63\/100\n|\n|upkeep\n|turn|22\n|inactive|MR. MEZA has 10 seconds left.\n|\n|t:|1657308031\n|switch|p1a: Excadrill|Excadrill, M|100\/100\n|-damage|p1a: Excadrill|97\/100|[from] Stealth Rock\n|-damage|p1a: Excadrill|85\/100|[from] Spikes\n|move|p2a: Blissey|Seismic Toss|p1a: Excadrill\n|-damage|p1a: Excadrill|57\/100\n|\n|-heal|p1a: Excadrill|63\/100|[from] item: Leftovers\n|upkeep\n|turn|23\n|\n|t:|1657308034\n|switch|p2a: Corviknight|Corviknight, M|100\/100\n|-damage|p2a: Corviknight|88\/100|[from] Stealth Rock\n|-ability|p2a: Corviknight|Pressure\n|move|p1a: Excadrill|Rapid Spin|p2a: Corviknight\n|-resisted|p2a: Corviknight\n|-damage|p2a: Corviknight|82\/100\n|-boost|p1a: Excadrill|spe|1\n|-sideend|p1: MR. MEZA|Spikes|[from] move: Rapid Spin|[of] p1a: Excadrill\n|-sideend|p1: MR. MEZA|Stealth Rock|[from] move: Rapid Spin|[of] p1a: Excadrill\n|\n|-heal|p1a: Excadrill|69\/100|[from] item: Leftovers\n|-heal|p2a: Corviknight|89\/100|[from] item: Leftovers\n|upkeep\n|turn|24\n|inactive|MR. MEZA has 10 seconds left.\n|\n|t:|1657308041\n|switch|p1a: Rotom|Rotom-Wash|100\/100\n|move|p2a: Corviknight|Defog|p1a: Rotom\n|-unboost|p1a: Rotom|evasion|1\n|-sideend|p2: JB87|Stealth Rock|[from] move: Defog|[of] p2a: Corviknight\n|\n|-heal|p2a: Corviknight|95\/100|[from] item: Leftovers\n|upkeep\n|turn|25\n|\n|t:|1657308046\n|switch|p2a: Hydreigon|Hydreigon, F|88\/100\n|move|p1a: Rotom|Volt Switch|p2a: Hydreigon\n|-resisted|p2a: Hydreigon\n|-damage|p2a: Hydreigon|74\/100\n|\n|t:|1657308048\n|switch|p1a: Clefable|Clefable, F|100\/100|[from]move: Volt Switch\n|\n|upkeep\n|turn|26\n|\n|t:|1657308050\n|switch|p2a: Corviknight|Corviknight, M|95\/100\n|-ability|p2a: Corviknight|Pressure\n|move|p1a: Clefable|Stealth Rock|p2a: Corviknight\n|-sidestart|p2: JB87|move: Stealth Rock\n|\n|-heal|p2a: Corviknight|100\/100|[from] item: Leftovers\n|upkeep\n|turn|27\n|\n|t:|1657308053\n|move|p2a: Corviknight|Defog|p1a: Clefable\n|-unboost|p1a: Clefable|evasion|1\n|-sideend|p2: JB87|Stealth Rock|[from] move: Defog|[of] p2a: Corviknight\n|move|p1a: Clefable|Flamethrower|p2a: Corviknight\n|-supereffective|p2a: Corviknight\n|-damage|p2a: Corviknight|61\/100\n|\n|-heal|p2a: Corviknight|68\/100|[from] item: Leftovers\n|upkeep\n|turn|28\n|\n|t:|1657308056\n|move|p2a: Corviknight|Body Press|p1a: Clefable\n|-resisted|p1a: Clefable\n|-crit|p1a: Clefable\n|-damage|p1a: Clefable|86\/100\n|-damage|p2a: Corviknight|51\/100|[from] item: Rocky Helmet|[of] p1a: Clefable\n|move|p1a: Clefable|Stealth Rock|p2a: Corviknight\n|-sidestart|p2: JB87|move: Stealth Rock\n|\n|-heal|p2a: Corviknight|57\/100|[from] item: Leftovers\n|upkeep\n|turn|29\n|inactive|MR. MEZA has 10 seconds left.\n|\n|t:|1657308065\n|move|p2a: Corviknight|Defog|p1a: Clefable\n|-unboost|p1a: Clefable|evasion|1\n|-sideend|p2: JB87|Stealth Rock|[from] move: Defog|[of] p2a: Corviknight\n|move|p1a: Clefable|Flamethrower|p2a: Corviknight\n|-supereffective|p2a: Corviknight\n|-damage|p2a: Corviknight|21\/100\n|\n|-heal|p2a: Corviknight|28\/100|[from] item: Leftovers\n|upkeep\n|turn|30\n|\n|t:|1657308068\n|move|p2a: Corviknight|Roost|p2a: Corviknight\n|-heal|p2a: Corviknight|78\/100\n|-singleturn|p2a: Corviknight|move: Roost\n|move|p1a: Clefable|Stealth Rock|p2a: Corviknight\n|-sidestart|p2: JB87|move: Stealth Rock\n|\n|-heal|p2a: Corviknight|84\/100|[from] item: Leftovers\n|upkeep\n|turn|31\n|inactive|MR. MEZA has 10 seconds left.\n|\n|t:|1657308073\n|switch|p1a: Tangrowth|Tangrowth, M|100\/100 tox\n|move|p2a: Corviknight|Defog|p1a: Tangrowth\n|-unboost|p1a: Tangrowth|evasion|1\n|-sideend|p2: JB87|Stealth Rock|[from] move: Defog|[of] p2a: Corviknight\n|\n|-heal|p2a: Corviknight|90\/100|[from] item: Leftovers\n|-damage|p1a: Tangrowth|94\/100 tox|[from] psn\n|upkeep\n|turn|32\n|\n|t:|1657308077\n|switch|p2a: Blissey|Blissey, F|63\/100\n|move|p1a: Tangrowth|Knock Off|p2a: Blissey\n|-damage|p2a: Blissey|50\/100\n|\n|-damage|p1a: Tangrowth|82\/100 tox|[from] psn\n|upkeep\n|turn|33\n|inactive|MR. MEZA has 10 seconds left.\n|\n|t:|1657308084\n|switch|p1a: Tyranitar|Tyranitar, F|100\/100\n|-weather|Sandstorm|[from] ability: Sand Stream|[of] p1a: Tyranitar\n|move|p2a: Blissey|Soft-Boiled|p2a: Blissey\n|-heal|p2a: Blissey|100\/100\n|\n|-weather|Sandstorm|[upkeep]\n|-damage|p2a: Blissey|94\/100|[from] Sandstorm\n|upkeep\n|turn|34\n|inactive|MR. MEZA has 10 seconds left.\n|\n|t:|1657308089\n|switch|p2a: Hippowdon|Hippowdon, M|100\/100\n|move|p1a: Tyranitar|Superpower|p2a: Hippowdon\n|-damage|p2a: Hippowdon|65\/100\n|-unboost|p1a: Tyranitar|atk|1\n|-unboost|p1a: Tyranitar|def|1\n|\n|-weather|Sandstorm|[upkeep]\n|-heal|p2a: Hippowdon|71\/100|[from] item: Leftovers\n|upkeep\n|turn|35\n|inactive|MR. MEZA has 10 seconds left.\n|\n|t:|1657308095\n|switch|p1a: Clefable|Clefable, F|86\/100\n|move|p2a: Hippowdon|Stealth Rock|p1a: Clefable\n|-sidestart|p1: MR. MEZA|move: Stealth Rock\n|\n|-weather|Sandstorm|[upkeep]\n|-heal|p2a: Hippowdon|77\/100|[from] item: Leftovers\n|upkeep\n|turn|36\n|\n|t:|1657308097\n|switch|p2a: Corviknight|Corviknight, M|90\/100\n|-ability|p2a: Corviknight|Pressure\n|move|p1a: Clefable|Stealth Rock|p2a: Corviknight\n|-sidestart|p2: JB87|move: Stealth Rock\n|\n|-weather|Sandstorm|[upkeep]\n|-heal|p2a: Corviknight|96\/100|[from] item: Leftovers\n|upkeep\n|turn|37\n|\n|t:|1657308101\n|switch|p1a: Tangrowth|Tangrowth, M|100\/100 tox\n|-damage|p1a: Tangrowth|88\/100 tox|[from] Stealth Rock\n|move|p2a: Corviknight|Defog|p1a: Tangrowth\n|-unboost|p1a: Tangrowth|evasion|1\n|-sideend|p1: MR. MEZA|Stealth Rock|[from] move: Defog|[of] p2a: Corviknight\n|-sideend|p2: JB87|Stealth Rock|[from] move: Defog|[of] p2a: Corviknight\n|\n|-weather|none\n|-heal|p2a: Corviknight|100\/100|[from] item: Leftovers\n|-damage|p1a: Tangrowth|82\/100 tox|[from] psn\n|upkeep\n|turn|38\n|\n|t:|1657308105\n|switch|p2a: Blissey|Blissey, F|94\/100\n|move|p1a: Tangrowth|Knock Off|p2a: Blissey\n|-damage|p2a: Blissey|82\/100\n|\n|-damage|p1a: Tangrowth|69\/100 tox|[from] psn\n|upkeep\n|turn|39\n|\n|t:|1657308108\n|switch|p1a: Clefable|Clefable, F|86\/100\n|move|p2a: Blissey|Toxic|p1a: Clefable\n|-status|p1a: Clefable|tox\n|\n|upkeep\n|turn|40\n|\n|t:|1657308111\n|switch|p2a: Corviknight|Corviknight, M|100\/100\n|-ability|p2a: Corviknight|Pressure\n|move|p1a: Clefable|Stealth Rock|p2a: Corviknight\n|-sidestart|p2: JB87|move: Stealth Rock\n|\n|upkeep\n|turn|41\n|\n|t:|1657308114\n|switch|p1a: Tangrowth|Tangrowth, M|100\/100 tox\n|move|p2a: Corviknight|Defog|p1a: Tangrowth\n|-unboost|p1a: Tangrowth|evasion|1\n|-sideend|p2: JB87|Stealth Rock|[from] move: Defog|[of] p2a: Corviknight\n|\n|-damage|p1a: Tangrowth|94\/100 tox|[from] psn\n|upkeep\n|turn|42\n|inactive|MR. MEZA has 10 seconds left.\n|\n|t:|1657308122\n|switch|p2a: Blissey|Blissey, F|82\/100\n|move|p1a: Tangrowth|Knock Off|p2a: Blissey\n|-damage|p2a: Blissey|69\/100\n|\n|-damage|p1a: Tangrowth|82\/100 tox|[from] psn\n|upkeep\n|turn|43\n|\n|t:|1657308125\n|switch|p1a: Clefable|Clefable, F|86\/100 tox\n|move|p2a: Blissey|Soft-Boiled|p2a: Blissey\n|-heal|p2a: Blissey|100\/100\n|\n|upkeep\n|turn|44\n|\n|t:|1657308127\n|switch|p2a: Corviknight|Corviknight, M|100\/100\n|-ability|p2a: Corviknight|Pressure\n|move|p1a: Clefable|Stealth Rock|p2a: Corviknight\n|-sidestart|p2: JB87|move: Stealth Rock\n|\n|upkeep\n|turn|45\n|\n|t:|1657308132\n|switch|p1a: Rotom|Rotom-Wash|100\/100\n|move|p2a: Corviknight|Defog|p1a: Rotom\n|-unboost|p1a: Rotom|evasion|1\n|-sideend|p2: JB87|Stealth Rock|[from] move: Defog|[of] p2a: Corviknight\n|\n|upkeep\n|turn|46\n|\n|t:|1657308134\n|switch|p2a: Hydreigon|Hydreigon, F|74\/100\n|move|p1a: Rotom|Volt Switch|p2a: Hydreigon\n|-resisted|p2a: Hydreigon\n|-damage|p2a: Hydreigon|59\/100\n|\n|t:|1657308138\n|switch|p1a: Clefable|Clefable, F|86\/100 tox|[from]move: Volt Switch\n|\n|upkeep\n|turn|47\n|\n|t:|1657308141\n|switch|p2a: Corviknight|Corviknight, M|100\/100\n|-ability|p2a: Corviknight|Pressure\n|move|p1a: Clefable|Stealth Rock|p2a: Corviknight\n|-sidestart|p2: JB87|move: Stealth Rock\n|\n|upkeep\n|turn|48\n|\n|t:|1657308143\n|switch|p1a: Rotom|Rotom-Wash|100\/100\n|move|p2a: Corviknight|Defog|p1a: Rotom\n|-unboost|p1a: Rotom|evasion|1\n|-sideend|p2: JB87|Stealth Rock|[from] move: Defog|[of] p2a: Corviknight\n|\n|upkeep\n|turn|49\n|\n|t:|1657308146\n|switch|p2a: Ferrothorn|Ferrothorn, M|44\/100\n|move|p1a: Rotom|Volt Switch|p2a: Ferrothorn\n|-resisted|p2a: Ferrothorn\n|-damage|p2a: Ferrothorn|33\/100\n|\n|t:|1657308150\n|switch|p1a: Tyranitar|Tyranitar, F|100\/100|[from]move: Volt Switch\n|-weather|Sandstorm|[from] ability: Sand Stream|[of] p1a: Tyranitar\n|\n|-weather|Sandstorm|[upkeep]\n|-heal|p2a: Ferrothorn|39\/100|[from] item: Leftovers\n|upkeep\n|turn|50\n|inactive|MR. MEZA has 10 seconds left.\n|\n|t:|1657308155\n|move|p1a: Tyranitar|Crunch|p2a: Ferrothorn\n|-crit|p2a: Ferrothorn\n|-damage|p2a: Ferrothorn|0 fnt\n|-damage|p1a: Tyranitar|88\/100|[from] ability: Iron Barbs|[of] p2a: Ferrothorn\n|faint|p2a: Ferrothorn\n|\n|-weather|Sandstorm|[upkeep]\n|upkeep\n|\n|t:|1657308157\n|switch|p2a: Hippowdon|Hippowdon, M|77\/100\n|turn|51\n|\n|t:|1657308159\n|switch|p1a: Tangrowth|Tangrowth, M|100\/100 tox\n|move|p2a: Hippowdon|Curse|p2a: Hippowdon\n|-unboost|p2a: Hippowdon|spe|1\n|-boost|p2a: Hippowdon|atk|1\n|-boost|p2a: Hippowdon|def|1\n|\n|-weather|Sandstorm|[upkeep]\n|-damage|p1a: Tangrowth|94\/100 tox|[from] Sandstorm\n|-heal|p2a: Hippowdon|83\/100|[from] item: Leftovers\n|-damage|p1a: Tangrowth|88\/100 tox|[from] psn\n|upkeep\n|turn|52\n|inactive|MR. MEZA has 10 seconds left.\n|\n|t:|1657308167\n|switch|p2a: Blissey|Blissey, F|100\/100\n|move|p1a: Tangrowth|Knock Off|p2a: Blissey\n|-damage|p2a: Blissey|86\/100\n|\n|-weather|Sandstorm|[upkeep]\n|-damage|p2a: Blissey|80\/100|[from] Sandstorm\n|-damage|p1a: Tangrowth|82\/100 tox|[from] Sandstorm\n|-damage|p1a: Tangrowth|69\/100 tox|[from] psn\n|upkeep\n|turn|53\n|\n|t:|1657308170\n|switch|p1a: Clefable|Clefable, F|86\/100 tox\n|move|p2a: Blissey|Seismic Toss|p1a: Clefable\n|-damage|p1a: Clefable|61\/100 tox\n|-damage|p2a: Blissey|64\/100|[from] item: Rocky Helmet|[of] p1a: Clefable\n|\n|-weather|none\n|upkeep\n|turn|54\n|\n|t:|1657308173\n|switch|p2a: Corviknight|Corviknight, M|100\/100\n|-ability|p2a: Corviknight|Pressure\n|move|p1a: Clefable|Stealth Rock|p2a: Corviknight\n|-sidestart|p2: JB87|move: Stealth Rock\n|\n|upkeep\n|turn|55\n|\n|t:|1657308178\n|switch|p1a: Rotom|Rotom-Wash|100\/100\n|move|p2a: Corviknight|Defog|p1a: Rotom\n|-unboost|p1a: Rotom|evasion|1\n|-sideend|p2: JB87|Stealth Rock|[from] move: Defog|[of] p2a: Corviknight\n|\n|upkeep\n|turn|56\n|\n|t:|1657308181\n|switch|p2a: Blissey|Blissey, F|64\/100\n|move|p1a: Rotom|Volt Switch|p2a: Blissey\n|-damage|p2a: Blissey|54\/100\n|\n|t:|1657308183\n|switch|p1a: Tyranitar|Tyranitar, F|88\/100|[from]move: Volt Switch\n|-weather|Sandstorm|[from] ability: Sand Stream|[of] p1a: Tyranitar\n|\n|-weather|Sandstorm|[upkeep]\n|-damage|p2a: Blissey|48\/100|[from] Sandstorm\n|upkeep\n|turn|57\n|\n|t:|1657308185\n|switch|p2a: Hippowdon|Hippowdon, M|83\/100\n|move|p1a: Tyranitar|Crunch|p2a: Hippowdon\n|-damage|p2a: Hippowdon|49\/100\n|\n|-weather|Sandstorm|[upkeep]\n|-heal|p2a: Hippowdon|55\/100|[from] item: Leftovers\n|upkeep\n|turn|58\n|inactive|MR. MEZA has 10 seconds left.\n|\n|t:|1657308190\n|switch|p1a: Rotom|Rotom-Wash|100\/100\n|move|p2a: Hippowdon|Slack Off|p2a: Hippowdon\n|-heal|p2a: Hippowdon|100\/100\n|\n|-weather|Sandstorm|[upkeep]\n|-damage|p1a: Rotom|95\/100|[from] Sandstorm\n|-heal|p1a: Rotom|100\/100|[from] item: Leftovers\n|upkeep\n|turn|59\n|\n|t:|1657308194\n|switch|p2a: Hydreigon|Hydreigon, F|59\/100\n|move|p1a: Rotom|Toxic|p2a: Hydreigon\n|-status|p2a: Hydreigon|tox\n|\n|-weather|Sandstorm|[upkeep]\n|-damage|p2a: Hydreigon|53\/100 tox|[from] Sandstorm\n|-damage|p1a: Rotom|95\/100|[from] Sandstorm\n|-heal|p1a: Rotom|100\/100|[from] item: Leftovers\n|-damage|p2a: Hydreigon|47\/100 tox|[from] psn\n|upkeep\n|turn|60\n|\n|t:|1657308198\n|switch|p1a: Clefable|Clefable, F|61\/100 tox\n|move|p2a: Hydreigon|Fire Blast|p1a: Clefable\n|-damage|p1a: Clefable|24\/100 tox\n|\n|-weather|none\n|-damage|p2a: Hydreigon|35\/100 tox|[from] psn\n|upkeep\n|turn|61\n|inactive|MR. MEZA has 10 seconds left.\n|inactive|JB87 has 10 seconds left.\n|\n|t:|1657308204\n|switch|p2a: Corviknight|Corviknight, M|100\/100\n|-ability|p2a: Corviknight|Pressure\n|switch|p1a: Slowking|Slowking-Galar, M|100\/100\n|\n|upkeep\n|turn|62\n|inactive|MR. MEZA has 10 seconds left.\n|\n|t:|1657308209\n|switch|p2a: Blissey|Blissey, F|48\/100\n|move|p1a: Slowking|Nasty Plot|p1a: Slowking\n|-boost|p1a: Slowking|spa|2\n|\n|upkeep\n|turn|63\n|inactive|MR. MEZA has 10 seconds left.\n|\n|t:|1657308215\n|switch|p1a: Clefable|Clefable, F|24\/100 tox\n|move|p2a: Blissey|Soft-Boiled|p2a: Blissey\n|-heal|p2a: Blissey|98\/100\n|\n|upkeep\n|turn|64\n|\n|t:|1657308217\n|move|p1a: Clefable|Soft-Boiled|p1a: Clefable\n|-heal|p1a: Clefable|74\/100 tox\n|move|p2a: Blissey|Seismic Toss|p1a: Clefable\n|-damage|p1a: Clefable|49\/100 tox\n|-damage|p2a: Blissey|81\/100|[from] item: Rocky Helmet|[of] p1a: Clefable\n|\n|upkeep\n|turn|65\n|\n|t:|1657308220\n|switch|p2a: Corviknight|Corviknight, M|100\/100\n|-ability|p2a: Corviknight|Pressure\n|move|p1a: Clefable|Soft-Boiled|p1a: Clefable\n|-heal|p1a: Clefable|99\/100 tox\n|\n|upkeep\n|turn|66\n|\n|t:|1657308225\n|switch|p1a: Rotom|Rotom-Wash|100\/100\n|move|p2a: Corviknight|Brave Bird|p1a: Rotom\n|-resisted|p1a: Rotom\n|-crit|p1a: Rotom\n|-damage|p1a: Rotom|69\/100\n|-damage|p2a: Corviknight|93\/100|[from] Recoil\n|\n|-heal|p1a: Rotom|75\/100|[from] item: Leftovers\n|-heal|p2a: Corviknight|99\/100|[from] item: Leftovers\n|upkeep\n|turn|67\n|\n|t:|1657308227\n|switch|p2a: Hippowdon|Hippowdon, M|100\/100\n|-weather|Sandstorm|[from] ability: Sand Stream|[of] p2a: Hippowdon\n|move|p1a: Rotom|Volt Switch|p2a: Hippowdon\n|-immune|p2a: Hippowdon\n|\n|-weather|Sandstorm|[upkeep]\n|-damage|p1a: Rotom|69\/100|[from] Sandstorm\n|-heal|p1a: Rotom|75\/100|[from] item: Leftovers\n|upkeep\n|turn|68\n|inactive|MR. MEZA has 10 seconds left.\n|\n|t:|1657308232\n|switch|p2a: Blissey|Blissey, F|81\/100\n|move|p1a: Rotom|Volt Switch|p2a: Blissey\n|-damage|p2a: Blissey|72\/100\n|\n|t:|1657308236\n|switch|p1a: Tyranitar|Tyranitar, F|88\/100|[from]move: Volt Switch\n|\n|-weather|Sandstorm|[upkeep]\n|-damage|p2a: Blissey|65\/100|[from] Sandstorm\n|upkeep\n|turn|69\n|\n|t:|1657308240\n|switch|p2a: Hippowdon|Hippowdon, M|100\/100\n|move|p1a: Tyranitar|Crunch|p2a: Hippowdon\n|-damage|p2a: Hippowdon|63\/100\n|\n|-weather|Sandstorm|[upkeep]\n|-heal|p2a: Hippowdon|70\/100|[from] item: Leftovers\n|upkeep\n|turn|70\n|\n|t:|1657308244\n|switch|p1a: Clefable|Clefable, F|99\/100 tox\n|move|p2a: Hippowdon|Stealth Rock|p1a: Clefable\n|-sidestart|p1: MR. MEZA|move: Stealth Rock\n|\n|-weather|Sandstorm|[upkeep]\n|-heal|p2a: Hippowdon|76\/100|[from] item: Leftovers\n|upkeep\n|turn|71\n|\n|t:|1657308247\n|switch|p2a: Corviknight|Corviknight, M|99\/100\n|-ability|p2a: Corviknight|Pressure\n|move|p1a: Clefable|Stealth Rock|p2a: Corviknight\n|-sidestart|p2: JB87|move: Stealth Rock\n|\n|-weather|none\n|-heal|p2a: Corviknight|100\/100|[from] item: Leftovers\n|upkeep\n|turn|72\n|\n|t:|1657308251\n|move|p2a: Corviknight|Defog|p1a: Clefable\n|-unboost|p1a: Clefable|evasion|1\n|-sideend|p1: MR. MEZA|Stealth Rock|[from] move: Defog|[of] p2a: Corviknight\n|-sideend|p2: JB87|Stealth Rock|[from] move: Defog|[of] p2a: Corviknight\n|move|p1a: Clefable|Flamethrower|p2a: Corviknight\n|-supereffective|p2a: Corviknight\n|-damage|p2a: Corviknight|59\/100\n|\n|-heal|p2a: Corviknight|65\/100|[from] item: Leftovers\n|upkeep\n|turn|73\n|\n|t:|1657308254\n|move|p2a: Corviknight|Roost|p2a: Corviknight\n|-heal|p2a: Corviknight|100\/100\n|-singleturn|p2a: Corviknight|move: Roost\n|move|p1a: Clefable|Stealth Rock|p2a: Corviknight\n|-sidestart|p2: JB87|move: Stealth Rock\n|\n|upkeep\n|turn|74\n|\n|t:|1657308256\n|switch|p1a: Rotom|Rotom-Wash|75\/100\n|move|p2a: Corviknight|Defog|p1a: Rotom\n|-unboost|p1a: Rotom|evasion|1\n|-sideend|p2: JB87|Stealth Rock|[from] move: Defog|[of] p2a: Corviknight\n|\n|-heal|p1a: Rotom|81\/100|[from] item: Leftovers\n|upkeep\n|turn|75\n|inactive|JB87 has 10 seconds left.\n|\n|t:|1657308261\n|switch|p2a: Blissey|Blissey, F|65\/100\n|move|p1a: Rotom|Volt Switch|p2a: Blissey\n|-crit|p2a: Blissey\n|-damage|p2a: Blissey|51\/100\n|\n|t:|1657308265\n|switch|p1a: Tyranitar|Tyranitar, F|88\/100|[from]move: Volt Switch\n|-weather|Sandstorm|[from] ability: Sand Stream|[of] p1a: Tyranitar\n|\n|-weather|Sandstorm|[upkeep]\n|-damage|p2a: Blissey|45\/100|[from] Sandstorm\n|upkeep\n|turn|76\n|\n|t:|1657308268\n|switch|p2a: Hippowdon|Hippowdon, M|76\/100\n|move|p1a: Tyranitar|Crunch|p2a: Hippowdon\n|-damage|p2a: Hippowdon|38\/100\n|\n|-weather|Sandstorm|[upkeep]\n|-heal|p2a: Hippowdon|45\/100|[from] item: Leftovers\n|upkeep\n|turn|77\n|inactive|MR. MEZA has 10 seconds left.\n|\n|t:|1657308277\n|switch|p1a: Rotom|Rotom-Wash|81\/100\n|move|p2a: Hippowdon|Slack Off|p2a: Hippowdon\n|-heal|p2a: Hippowdon|95\/100\n|\n|-weather|Sandstorm|[upkeep]\n|-damage|p1a: Rotom|75\/100|[from] Sandstorm\n|-heal|p1a: Rotom|81\/100|[from] item: Leftovers\n|-heal|p2a: Hippowdon|100\/100|[from] item: Leftovers\n|upkeep\n|turn|78\n|\n|t:|1657308282\n|move|p1a: Rotom|Volt Switch|p2a: Hippowdon\n|-immune|p2a: Hippowdon\n|move|p2a: Hippowdon|Stealth Rock|p1a: Rotom\n|-sidestart|p1: MR. MEZA|move: Stealth Rock\n|\n|-weather|Sandstorm|[upkeep]\n|-damage|p1a: Rotom|75\/100|[from] Sandstorm\n|-heal|p1a: Rotom|81\/100|[from] item: Leftovers\n|upkeep\n|turn|79\n|\n|t:|1657308286\n|move|p1a: Rotom|Volt Switch|p2a: Hippowdon\n|-immune|p2a: Hippowdon\n|move|p2a: Hippowdon|Earthquake|p1a: Rotom\n|-immune|p1a: Rotom|[from] ability: Levitate\n|\n|-weather|none\n|-heal|p1a: Rotom|87\/100|[from] item: Leftovers\n|upkeep\n|turn|80\n|\n|t:|1657308289\n|switch|p2a: Blissey|Blissey, F|45\/100\n|move|p1a: Rotom|Toxic|p2a: Blissey\n|-status|p2a: Blissey|tox\n|\n|-heal|p1a: Rotom|93\/100|[from] item: Leftovers\n|-damage|p2a: Blissey|39\/100 tox|[from] psn\n|upkeep\n|turn|81\n|\n|t:|1657308293\n|move|p1a: Rotom|Volt Switch|p2a: Blissey\n|-damage|p2a: Blissey|29\/100 tox\n|\n|t:|1657308296\n|switch|p1a: Excadrill|Excadrill, M|69\/100|[from]move: Volt Switch\n|-damage|p1a: Excadrill|66\/100|[from] Stealth Rock\n|move|p2a: Blissey|Soft-Boiled|p2a: Blissey\n|-heal|p2a: Blissey|79\/100 tox\n|\n|-heal|p1a: Excadrill|73\/100|[from] item: Leftovers\n|-damage|p2a: Blissey|67\/100 tox|[from] psn\n|upkeep\n|turn|82\n|\n|t:|1657308299\n|-curestatus|p2a: Blissey|tox|[from] ability: Natural Cure\n|switch|p2a: Hippowdon|Hippowdon, M|100\/100\n|-weather|Sandstorm|[from] ability: Sand Stream|[of] p2a: Hippowdon\n|move|p1a: Excadrill|Rapid Spin|p2a: Hippowdon\n|-damage|p2a: Hippowdon|90\/100\n|-boost|p1a: Excadrill|spe|1\n|-sideend|p1: MR. MEZA|Stealth Rock|[from] move: Rapid Spin|[of] p1a: Excadrill\n|\n|-weather|Sandstorm|[upkeep]\n|-heal|p1a: Excadrill|79\/100|[from] item: Leftovers\n|-heal|p2a: Hippowdon|96\/100|[from] item: Leftovers\n|upkeep\n|turn|83\n|\n|t:|1657308304\n|switch|p1a: Rotom|Rotom-Wash|93\/100\n|move|p2a: Hippowdon|Stealth Rock|p1a: Rotom\n|-sidestart|p1: MR. MEZA|move: Stealth Rock\n|\n|-weather|Sandstorm|[upkeep]\n|-damage|p1a: Rotom|87\/100|[from] Sandstorm\n|-heal|p1a: Rotom|93\/100|[from] item: Leftovers\n|-heal|p2a: Hippowdon|100\/100|[from] item: Leftovers\n|upkeep\n|turn|84\n|\n|t:|1657308308\n|switch|p2a: Blissey|Blissey, F|67\/100\n|move|p1a: Rotom|Volt Switch|p2a: Blissey\n|-damage|p2a: Blissey|58\/100\n|\n|t:|1657308312\n|switch|p1a: Excadrill|Excadrill, M|79\/100|[from]move: Volt Switch\n|-damage|p1a: Excadrill|76\/100|[from] Stealth Rock\n|\n|-weather|Sandstorm|[upkeep]\n|-damage|p2a: Blissey|52\/100|[from] Sandstorm\n|-heal|p1a: Excadrill|82\/100|[from] item: Leftovers\n|upkeep\n|turn|85\n|inactive|MR. MEZA has 10 seconds left.\n|inactive|JB87 has 10 seconds left.\n|\n|t:|1657308318\n|switch|p2a: Corviknight|Corviknight, M|100\/100\n|-ability|p2a: Corviknight|Pressure\n|move|p1a: Excadrill|Earthquake|p2a: Corviknight\n|-immune|p2a: Corviknight\n|\n|-weather|Sandstorm|[upkeep]\n|-heal|p1a: Excadrill|88\/100|[from] item: Leftovers\n|upkeep\n|turn|86\n|\n|t:|1657308323\n|switch|p1a: Clefable|Clefable, F|99\/100 tox\n|move|p2a: Corviknight|Body Press|p1a: Clefable\n|-resisted|p1a: Clefable\n|-damage|p1a: Clefable|89\/100 tox\n|-damage|p2a: Corviknight|84\/100|[from] item: Rocky Helmet|[of] p1a: Clefable\n|\n|-weather|none\n|-heal|p2a: Corviknight|90\/100|[from] item: Leftovers\n|upkeep\n|turn|87\n|\n|t:|1657308325\n|move|p2a: Corviknight|Brave Bird|p1a: Clefable\n|-damage|p1a: Clefable|61\/100 tox\n|-damage|p2a: Corviknight|74\/100|[from] item: Rocky Helmet|[of] p1a: Clefable\n|-damage|p2a: Corviknight|65\/100|[from] Recoil\n|move|p1a: Clefable|Stealth Rock|p2a: Corviknight\n|-sidestart|p2: JB87|move: Stealth Rock\n|\n|-heal|p2a: Corviknight|71\/100|[from] item: Leftovers\n|upkeep\n|turn|88\n|\n|t:|1657308329\n|move|p2a: Corviknight|Defog|p1a: Clefable\n|-unboost|p1a: Clefable|evasion|1\n|-sideend|p1: MR. MEZA|Stealth Rock|[from] move: Defog|[of] p2a: Corviknight\n|-sideend|p2: JB87|Stealth Rock|[from] move: Defog|[of] p2a: Corviknight\n|move|p1a: Clefable|Soft-Boiled|p1a: Clefable\n|-heal|p1a: Clefable|100\/100 tox\n|\n|-heal|p2a: Corviknight|77\/100|[from] item: Leftovers\n|upkeep\n|turn|89\n|inactive|MR. MEZA has 10 seconds left.\n|\n|t:|1657308337\n|switch|p1a: Rotom|Rotom-Wash|93\/100\n|move|p2a: Corviknight|Brave Bird|p1a: Rotom\n|-resisted|p1a: Rotom\n|-crit|p1a: Rotom\n|-damage|p1a: Rotom|67\/100\n|-damage|p2a: Corviknight|70\/100|[from] Recoil\n|\n|-heal|p1a: Rotom|72\/100|[from] item: Leftovers\n|-heal|p2a: Corviknight|77\/100|[from] item: Leftovers\n|upkeep\n|turn|90\n|inactive|MR. MEZA has 10 seconds left.\n|\n|t:|1657308342\n|switch|p2a: Blissey|Blissey, F|52\/100\n|move|p1a: Rotom|Volt Switch|p2a: Blissey\n|-damage|p2a: Blissey|41\/100\n|\n|t:|1657308345\n|switch|p1a: Tyranitar|Tyranitar, F|88\/100|[from]move: Volt Switch\n|-weather|Sandstorm|[from] ability: Sand Stream|[of] p1a: Tyranitar\n|\n|-weather|Sandstorm|[upkeep]\n|-damage|p2a: Blissey|35\/100|[from] Sandstorm\n|upkeep\n|turn|91\n|\n|t:|1657308347\n|switch|p2a: Hippowdon|Hippowdon, M|100\/100\n|move|p1a: Tyranitar|Crunch|p2a: Hippowdon\n|-damage|p2a: Hippowdon|65\/100\n|\n|-weather|Sandstorm|[upkeep]\n|-heal|p2a: Hippowdon|72\/100|[from] item: Leftovers\n|upkeep\n|turn|92\n|inactive|MR. MEZA has 10 seconds left.\n|\n|t:|1657308353\n|switch|p1a: Rotom|Rotom-Wash|72\/100\n|move|p2a: Hippowdon|Earthquake|p1a: Rotom\n|-immune|p1a: Rotom|[from] ability: Levitate\n|\n|-weather|Sandstorm|[upkeep]\n|-damage|p1a: Rotom|67\/100|[from] Sandstorm\n|-heal|p1a: Rotom|72\/100|[from] item: Leftovers\n|-heal|p2a: Hippowdon|78\/100|[from] item: Leftovers\n|upkeep\n|turn|93\n|inactive|MR. MEZA has 10 seconds left.\n|inactive|JB87 has 10 seconds left.\n|\n|t:|1657308361\n|move|p1a: Rotom|Toxic|p2a: Hippowdon\n|-status|p2a: Hippowdon|tox\n|move|p2a: Hippowdon|Stealth Rock|p1a: Rotom\n|-sidestart|p1: MR. MEZA|move: Stealth Rock\n|\n|-weather|Sandstorm|[upkeep]\n|-damage|p1a: Rotom|67\/100|[from] Sandstorm\n|-heal|p1a: Rotom|72\/100|[from] item: Leftovers\n|-heal|p2a: Hippowdon|84\/100 tox|[from] item: Leftovers\n|-damage|p2a: Hippowdon|78\/100 tox|[from] psn\n|upkeep\n|turn|94\n|\n|t:|1657308365\n|move|p1a: Rotom|Volt Switch|p2a: Hippowdon\n|-immune|p2a: Hippowdon\n|move|p2a: Hippowdon|Earthquake|p1a: Rotom\n|-immune|p1a: Rotom|[from] ability: Levitate\n|\n|-weather|none\n|-heal|p1a: Rotom|78\/100|[from] item: Leftovers\n|-heal|p2a: Hippowdon|84\/100 tox|[from] item: Leftovers\n|-damage|p2a: Hippowdon|72\/100 tox|[from] psn\n|upkeep\n|turn|95\n|\n|t:|1657308367\n|move|p1a: Rotom|Volt Switch|p2a: Hippowdon\n|-immune|p2a: Hippowdon\n|move|p2a: Hippowdon|Slack Off|p2a: Hippowdon\n|-heal|p2a: Hippowdon|100\/100 tox\n|\n|-heal|p1a: Rotom|84\/100|[from] item: Leftovers\n|-damage|p2a: Hippowdon|82\/100 tox|[from] psn\n|upkeep\n|turn|96\n|\n|t:|1657308370\n|move|p1a: Rotom|Volt Switch|p2a: Hippowdon\n|-immune|p2a: Hippowdon\n|move|p2a: Hippowdon|Slack Off|p2a: Hippowdon\n|-heal|p2a: Hippowdon|100\/100 tox\n|\n|-heal|p1a: Rotom|90\/100|[from] item: Leftovers\n|-damage|p2a: Hippowdon|76\/100 tox|[from] psn\n|upkeep\n|turn|97\n|\n|t:|1657308373\n|move|p1a: Rotom|Hydro Pump|p2a: Hippowdon|[miss]\n|-miss|p1a: Rotom|p2a: Hippowdon\n|move|p2a: Hippowdon|Slack Off|p2a: Hippowdon\n|-heal|p2a: Hippowdon|100\/100 tox\n|\n|-heal|p1a: Rotom|96\/100|[from] item: Leftovers\n|-damage|p2a: Hippowdon|70\/100 tox|[from] psn\n|upkeep\n|turn|98\n|\n|t:|1657308376\n|move|p1a: Rotom|Volt Switch|p2a: Hippowdon\n|-immune|p2a: Hippowdon\n|move|p2a: Hippowdon|Slack Off|p2a: Hippowdon\n|-heal|p2a: Hippowdon|100\/100 tox\n|\n|-heal|p1a: Rotom|100\/100|[from] item: Leftovers\n|-damage|p2a: Hippowdon|63\/100 tox|[from] psn\n|upkeep\n|turn|99\n|\n|t:|1657308378\n|switch|p2a: Blissey|Blissey, F|35\/100\n|move|p1a: Rotom|Volt Switch|p2a: Blissey\n|-damage|p2a: Blissey|25\/100\n|\n|t:|1657308381\n|switch|p1a: Tyranitar|Tyranitar, F|88\/100|[from]move: Volt Switch\n|-damage|p1a: Tyranitar|76\/100|[from] Stealth Rock\n|-weather|Sandstorm|[from] ability: Sand Stream|[of] p1a: Tyranitar\n|\n|-weather|Sandstorm|[upkeep]\n|-damage|p2a: Blissey|19\/100|[from] Sandstorm\n|upkeep\n|turn|100\n|\n|t:|1657308384\n|switch|p2a: Corviknight|Corviknight, M|77\/100\n|-ability|p2a: Corviknight|Pressure\n|move|p1a: Tyranitar|Crunch|p2a: Corviknight\n|-damage|p2a: Corviknight|38\/100\n|\n|-weather|Sandstorm|[upkeep]\n|-heal|p2a: Corviknight|44\/100|[from] item: Leftovers\n|upkeep\n|turn|101\n|inactive|MR. MEZA has 10 seconds left.\n|\n|t:|1657308391\n|switch|p1a: Rotom|Rotom-Wash|100\/100\n|-damage|p1a: Rotom|88\/100|[from] Stealth Rock\n|move|p2a: Corviknight|Roost|p2a: Corviknight\n|-heal|p2a: Corviknight|94\/100\n|-singleturn|p2a: Corviknight|move: Roost\n|\n|-weather|Sandstorm|[upkeep]\n|-damage|p1a: Rotom|82\/100|[from] Sandstorm\n|-heal|p1a: Rotom|88\/100|[from] item: Leftovers\n|-heal|p2a: Corviknight|99\/100|[from] item: Leftovers\n|upkeep\n|turn|102\n|\n|t:|1657308394\n|move|p1a: Rotom|Volt Switch|p2a: Corviknight\n|-supereffective|p2a: Corviknight\n|-damage|p2a: Corviknight|49\/100\n|\n|t:|1657308398\n|switch|p1a: Clefable|Clefable, F|100\/100 tox|[from]move: Volt Switch\n|move|p2a: Corviknight|Roost|p2a: Corviknight\n|-heal|p2a: Corviknight|99\/100\n|-singleturn|p2a: Corviknight|move: Roost\n|\n|-weather|Sandstorm|[upkeep]\n|-heal|p2a: Corviknight|100\/100|[from] item: Leftovers\n|upkeep\n|turn|103\n|\n|t:|1657308403\n|switch|p2a: Blissey|Blissey, F|19\/100\n|move|p1a: Clefable|Stealth Rock|p2a: Blissey\n|-sidestart|p2: JB87|move: Stealth Rock\n|\n|-weather|none\n|upkeep\n|turn|104\n|\n|t:|1657308408\n|switch|p1a: Excadrill|Excadrill, M|88\/100\n|-damage|p1a: Excadrill|85\/100|[from] Stealth Rock\n|move|p2a: Blissey|Soft-Boiled|p2a: Blissey\n|-heal|p2a: Blissey|69\/100\n|\n|-heal|p1a: Excadrill|91\/100|[from] item: Leftovers\n|upkeep\n|turn|105\n|\n|t:|1657308410\n|switch|p2a: Corviknight|Corviknight, M|100\/100\n|-damage|p2a: Corviknight|88\/100|[from] Stealth Rock\n|-ability|p2a: Corviknight|Pressure\n|move|p1a: Excadrill|Rapid Spin|p2a: Corviknight\n|-resisted|p2a: Corviknight\n|-damage|p2a: Corviknight|82\/100\n|-boost|p1a: Excadrill|spe|1\n|-sideend|p1: MR. MEZA|Stealth Rock|[from] move: Rapid Spin|[of] p1a: Excadrill\n|\n|-heal|p1a: Excadrill|97\/100|[from] item: Leftovers\n|-heal|p2a: Corviknight|88\/100|[from] item: Leftovers\n|upkeep\n|turn|106\n|inactive|MR. MEZA has 10 seconds left.\n|\n|t:|1657308416\n|switch|p1a: Rotom|Rotom-Wash|88\/100\n|move|p2a: Corviknight|Defog|p1a: Rotom\n|-unboost|p1a: Rotom|evasion|1\n|-sideend|p2: JB87|Stealth Rock|[from] move: Defog|[of] p2a: Corviknight\n|\n|-heal|p1a: Rotom|94\/100|[from] item: Leftovers\n|-heal|p2a: Corviknight|94\/100|[from] item: Leftovers\n|upkeep\n|turn|107\n|\n|t:|1657308420\n|move|p1a: Rotom|Volt Switch|p2a: Corviknight\n|-supereffective|p2a: Corviknight\n|-damage|p2a: Corviknight|46\/100\n|\n|t:|1657308424\n|switch|p1a: Tangrowth|Tangrowth, M|100\/100 tox|[from]move: Volt Switch\n|move|p2a: Corviknight|Roost|p2a: Corviknight\n|-heal|p2a: Corviknight|96\/100\n|-singleturn|p2a: Corviknight|move: Roost\n|\n|-heal|p2a: Corviknight|100\/100|[from] item: Leftovers\n|-damage|p1a: Tangrowth|94\/100 tox|[from] psn\n|upkeep\n|turn|108\n|\n|t:|1657308428\n|switch|p2a: Blissey|Blissey, F|69\/100\n|move|p1a: Tangrowth|Knock Off|p2a: Blissey\n|-damage|p2a: Blissey|56\/100\n|\n|-damage|p1a: Tangrowth|82\/100 tox|[from] psn\n|upkeep\n|turn|109\n|inactive|MR. MEZA has 10 seconds left.\n|\n|t:|1657308434\n|switch|p1a: Clefable|Clefable, F|100\/100 tox\n|move|p2a: Blissey|Soft-Boiled|p2a: Blissey\n|-heal|p2a: Blissey|100\/100\n|\n|upkeep\n|turn|110\n|\n|t:|1657308436\n|switch|p2a: Corviknight|Corviknight, M|100\/100\n|-ability|p2a: Corviknight|Pressure\n|move|p1a: Clefable|Stealth Rock|p2a: Corviknight\n|-sidestart|p2: JB87|move: Stealth Rock\n|\n|upkeep\n|turn|111\n|\n|t:|1657308439\n|switch|p1a: Rotom|Rotom-Wash|94\/100\n|move|p2a: Corviknight|Defog|p1a: Rotom\n|-unboost|p1a: Rotom|evasion|1\n|-sideend|p2: JB87|Stealth Rock|[from] move: Defog|[of] p2a: Corviknight\n|\n|-heal|p1a: Rotom|99\/100|[from] item: Leftovers\n|upkeep\n|turn|112\n|\n|t:|1657308443\n|move|p1a: Rotom|Volt Switch|p2a: Corviknight\n|-supereffective|p2a: Corviknight\n|-damage|p2a: Corviknight|49\/100\n|inactive|MR. MEZA has 10 seconds left.\n|\n|t:|1657308448\n|switch|p1a: Clefable|Clefable, F|100\/100 tox|[from]move: Volt Switch\n|move|p2a: Corviknight|Roost|p2a: Corviknight\n|-heal|p2a: Corviknight|99\/100\n|-singleturn|p2a: Corviknight|move: Roost\n|\n|-heal|p2a: Corviknight|100\/100|[from] item: Leftovers\n|upkeep\n|turn|113\n|\n|t:|1657308451\n|move|p2a: Corviknight|Body Press|p1a: Clefable\n|-resisted|p1a: Clefable\n|-damage|p1a: Clefable|91\/100 tox\n|-damage|p2a: Corviknight|84\/100|[from] item: Rocky Helmet|[of] p1a: Clefable\n|move|p1a: Clefable|Flamethrower|p2a: Corviknight\n|-supereffective|p2a: Corviknight\n|-damage|p2a: Corviknight|46\/100\n|\n|-heal|p2a: Corviknight|53\/100|[from] item: Leftovers\n|upkeep\n|turn|114\n|inactive|MR. MEZA has 10 seconds left.\n|\n|t:|1657308459\n|move|p2a: Corviknight|Roost|p2a: Corviknight\n|-heal|p2a: Corviknight|100\/100\n|-singleturn|p2a: Corviknight|move: Roost\n|move|p1a: Clefable|Flamethrower|p2a: Corviknight\n|-supereffective|p2a: Corviknight\n|-damage|p2a: Corviknight|64\/100\n|\n|-heal|p2a: Corviknight|70\/100|[from] item: Leftovers\n|upkeep\n|turn|115\n|\n|t:|1657308464\n|switch|p1a: Rotom|Rotom-Wash|99\/100\n|move|p2a: Corviknight|Body Press|p1a: Rotom\n|-damage|p1a: Rotom|74\/100\n|\n|-heal|p1a: Rotom|80\/100|[from] item: Leftovers\n|-heal|p2a: Corviknight|76\/100|[from] item: Leftovers\n|upkeep\n|turn|116\n|\n|t:|1657308468\n|switch|p2a: Blissey|Blissey, F|100\/100\n|move|p1a: Rotom|Volt Switch|p2a: Blissey\n|-damage|p2a: Blissey|91\/100\n|\n|t:|1657308471\n|switch|p1a: Tyranitar|Tyranitar, F|76\/100|[from]move: Volt Switch\n|-weather|Sandstorm|[from] ability: Sand Stream|[of] p1a: Tyranitar\n|\n|-weather|Sandstorm|[upkeep]\n|-damage|p2a: Blissey|85\/100|[from] Sandstorm\n|upkeep\n|turn|117\n|\n|t:|1657308474\n|switch|p2a: Corviknight|Corviknight, M|76\/100\n|-ability|p2a: Corviknight|Pressure\n|move|p1a: Tyranitar|Superpower|p2a: Corviknight\n|-damage|p2a: Corviknight|35\/100\n|-unboost|p1a: Tyranitar|atk|1\n|-unboost|p1a: Tyranitar|def|1\n|\n|-weather|Sandstorm|[upkeep]\n|-heal|p2a: Corviknight|42\/100|[from] item: Leftovers\n|upkeep\n|turn|118\n|inactive|MR. MEZA has 10 seconds left.\n|\n|t:|1657308480\n|switch|p1a: Rotom|Rotom-Wash|80\/100\n|move|p2a: Corviknight|Body Press|p1a: Rotom\n|-crit|p1a: Rotom\n|-damage|p1a: Rotom|37\/100\n|\n|-weather|Sandstorm|[upkeep]\n|-damage|p1a: Rotom|31\/100|[from] Sandstorm\n|-heal|p1a: Rotom|37\/100|[from] item: Leftovers\n|-heal|p2a: Corviknight|48\/100|[from] item: Leftovers\n|upkeep\n|turn|119\n|inactive|JB87 has 10 seconds left.\n|\n|t:|1657308485\n|switch|p2a: Hydreigon|Hydreigon, F|35\/100 tox\n|move|p1a: Rotom|Volt Switch|p2a: Hydreigon\n|-resisted|p2a: Hydreigon\n|-damage|p2a: Hydreigon|20\/100 tox\n|inactive|MR. MEZA has 10 seconds left.\n|inactive|MR. MEZA has 5 seconds left.\n|\n|t:|1657308496\n|switch|p1a: Excadrill|Excadrill, M|97\/100|[from]move: Volt Switch\n|\n|-weather|Sandstorm|[upkeep]\n|-damage|p2a: Hydreigon|14\/100 tox|[from] Sandstorm\n|-heal|p1a: Excadrill|100\/100|[from] item: Leftovers\n|-damage|p2a: Hydreigon|8\/100 tox|[from] psn\n|upkeep\n|turn|120\n|inactive|MR. MEZA has 10 seconds left this turn.\n|\n|t:|1657308499\n|move|p1a: Excadrill|Iron Head|p2a: Hydreigon\n|-damage|p2a: Hydreigon|0 fnt\n|faint|p2a: Hydreigon\n|\n|-weather|none\n|upkeep\n|\n|t:|1657308501\n|switch|p2a: Corviknight|Corviknight, M|48\/100\n|-ability|p2a: Corviknight|Pressure\n|turn|121\n|\n|t:|1657308506\n|switch|p1a: Rotom|Rotom-Wash|37\/100\n|move|p2a: Corviknight|Roost|p2a: Corviknight\n|-heal|p2a: Corviknight|98\/100\n|-singleturn|p2a: Corviknight|move: Roost\n|\n|-heal|p1a: Rotom|43\/100|[from] item: Leftovers\n|-heal|p2a: Corviknight|100\/100|[from] item: Leftovers\n|upkeep\n|turn|122\n|\n|t:|1657308510\n|move|p1a: Rotom|Pain Split|p2a: Corviknight\n|-sethp|p2a: Corviknight|66\/100|[from] move: Pain Split|[silent]\n|-sethp|p1a: Rotom|88\/100|[from] move: Pain Split\n|move|p2a: Corviknight|Roost|p2a: Corviknight\n|-heal|p2a: Corviknight|100\/100\n|-singleturn|p2a: Corviknight|move: Roost\n|\n|-heal|p1a: Rotom|94\/100|[from] item: Leftovers\n|upkeep\n|turn|123\n|inactive|MR. MEZA has 10 seconds left.\n|inactive|JB87 has 10 seconds left.\n|\n|t:|1657308517\n|switch|p1a: Clefable|Clefable, F|91\/100 tox\n|move|p2a: Corviknight|Roost||[still]\n|-fail|p2a: Corviknight|heal\n|\n|upkeep\n|turn|124\n|inactive|MR. MEZA has 10 seconds left.\n|\n|t:|1657308523\n|move|p2a: Corviknight|Brave Bird|p1a: Clefable\n|-damage|p1a: Clefable|62\/100 tox\n|-damage|p2a: Corviknight|84\/100|[from] item: Rocky Helmet|[of] p1a: Clefable\n|-damage|p2a: Corviknight|74\/100|[from] Recoil\n|move|p1a: Clefable|Flamethrower|p2a: Corviknight\n|-supereffective|p2a: Corviknight\n|-damage|p2a: Corviknight|35\/100\n|-status|p2a: Corviknight|brn\n|\n|-heal|p2a: Corviknight|42\/100 brn|[from] item: Leftovers\n|-damage|p2a: Corviknight|35\/100 brn|[from] brn\n|upkeep\n|turn|125\n|inactive|JB87 has 10 seconds left.\n|inactive|JB87 has 5 seconds left.\n|-message|JB87 lost due to inactivity.\n|\n|win|MR. MEZA\n|raw|MR. MEZA's rating: 1352 &rarr; <strong>1380<\/strong><br \/>(+28 for winning)\n|raw|JB87's rating: 1504 &rarr; <strong>1476<\/strong><br \/>(-28 for losing)\n","uploadtime":1657308549,"views":7,"p1id":"mrmeza","p2id":"jb87","formatid":"gen8oublitz","rating":1380,"private":0,"password":null}