{"id":"gen8ou-1662791380","p1":"Daevank5","p2":"onionlicker88","format":"gen8ou","log":"|j|\u2606Daevank5\n|j|\u2606onionlicker88\n|t:|1663024573\n|gametype|singles\n|player|p1|Daevank5|workerice|1727\n|player|p2|onionlicker88|collector|1706\n|teamsize|p1|6\n|teamsize|p2|6\n|gen|8\n|tier|[Gen 8] OU\n|rated|\n|rule|Sleep Clause Mod: Limit one foe put to sleep\n|rule|Species Clause: Limit one of each Pok\u00e9mon\n|rule|OHKO Clause: OHKO moves are banned\n|rule|Evasion Items Clause: Evasion items are banned\n|rule|Evasion Moves Clause: Evasion moves are banned\n|rule|Endless Battle Clause: Forcing endless battles is banned\n|rule|HP Percentage Mod: HP is shown in percentages\n|rule|Dynamax Clause: You cannot dynamax\n|clearpoke\n|poke|p1|Urshifu-*, F|\n|poke|p1|Mew|\n|poke|p1|Weavile, M|\n|poke|p1|Corviknight, M|\n|poke|p1|Tapu Koko|\n|poke|p1|Seismitoad, M|\n|poke|p2|Accelgor, M|\n|poke|p2|Regieleki|\n|poke|p2|Landorus-Therian, M|\n|poke|p2|Tangrowth, M|\n|poke|p2|Aegislash, M|\n|poke|p2|Azumarill, M|\n|teampreview\n|inactive|Battle timer is ON: inactive players will automatically lose when time's up. (requested by Daevank5)\n|\n|t:|1663024591\n|start\n|switch|p1a: Urshifu|Urshifu-Rapid-Strike, F|100\/100\n|switch|p2a: Onion|Accelgor, M, shiny|100\/100\n|turn|1\n|\n|t:|1663024597\n|move|p2a: Onion|Final Gambit|p1a: Urshifu\n|-damage|p1a: Urshifu|0 fnt\n|faint|p2a: Onion\n|faint|p1a: Urshifu\n|\n|upkeep\n|\n|t:|1663024610\n|switch|p2a: Squish Onion|Azumarill, M, shiny|100\/100\n|switch|p1a: Weavile|Weavile, M|100\/100\n|-ability|p1a: Weavile|Pressure\n|turn|2\n|\n|t:|1663024618\n|switch|p1a: Mew|Mew|100\/100\n|move|p2a: Squish Onion|Knock Off|p1a: Mew\n|-supereffective|p1a: Mew\n|-damage|p1a: Mew|4\/100\n|-enditem|p1a: Mew|Leftovers|[from] move: Knock Off|[of] p2a: Squish Onion\n|\n|upkeep\n|turn|3\n|\n|t:|1663024636\n|switch|p2a: Onion2|Regieleki, shiny|100\/100\n|move|p1a: Mew|Will-O-Wisp|p2a: Onion2\n|-status|p2a: Onion2|brn\n|\n|-damage|p2a: Onion2|94\/100 brn|[from] brn\n|upkeep\n|turn|4\n|\n|t:|1663024649\n|switch|p1a: Seismitoad|Seismitoad, M|100\/100\n|move|p2a: Onion2|Ancient Power|p1a: Seismitoad\n|-resisted|p1a: Seismitoad\n|-damage|p1a: Seismitoad|94\/100\n|\n|-heal|p1a: Seismitoad|99\/100|[from] item: Leftovers\n|-damage|p2a: Onion2|88\/100 brn|[from] brn\n|upkeep\n|turn|5\n|\n|t:|1663024655\n|switch|p2a: Fat Onion|Tangrowth, M, shiny|100\/100\n|move|p1a: Seismitoad|Toxic|p2a: Fat Onion\n|-status|p2a: Fat Onion|tox\n|\n|-heal|p1a: Seismitoad|100\/100|[from] item: Leftovers\n|-damage|p2a: Fat Onion|94\/100 tox|[from] psn\n|upkeep\n|turn|6\n|\n|t:|1663024659\n|move|p1a: Seismitoad|Protect|p1a: Seismitoad\n|-singleturn|p1a: Seismitoad|Protect\n|move|p2a: Fat Onion|Knock Off|p1a: Seismitoad\n|-activate|p1a: Seismitoad|move: Protect\n|\n|-damage|p2a: Fat Onion|82\/100 tox|[from] psn\n|upkeep\n|turn|7\n|\n|t:|1663024665\n|switch|p1a: Corviknight|Corviknight, M|100\/100\n|-ability|p1a: Corviknight|Pressure\n|move|p2a: Fat Onion|Knock Off|p1a: Corviknight\n|-damage|p1a: Corviknight|87\/100\n|-enditem|p1a: Corviknight|Leftovers|[from] move: Knock Off|[of] p2a: Fat Onion\n|\n|-damage|p2a: Fat Onion|63\/100 tox|[from] psn\n|upkeep\n|turn|8\n|\n|t:|1663024679\n|switch|p1a: Weavile|Weavile, M|100\/100\n|-ability|p1a: Weavile|Pressure\n|switch|p2a: Squish Onion|Azumarill, M, shiny|100\/100\n|\n|upkeep\n|turn|9\n|\n|t:|1663024690\n|switch|p1a: Corviknight|Corviknight, M|87\/100\n|-ability|p1a: Corviknight|Pressure\n|move|p2a: Squish Onion|Liquidation|p1a: Corviknight\n|-damage|p1a: Corviknight|30\/100\n|\n|upkeep\n|turn|10\n|\n|t:|1663024699\n|switch|p2a: Ugly Onion|Landorus-Therian, M, shiny|100\/100\n|-ability|p2a: Ugly Onion|Intimidate|boost\n|-unboost|p1a: Corviknight|atk|1\n|switch|p1a: Seismitoad|Seismitoad, M|100\/100\n|\n|upkeep\n|turn|11\n|\n|t:|1663024706\n|move|p2a: Ugly Onion|Toxic|p1a: Seismitoad\n|-status|p1a: Seismitoad|tox\n|move|p1a: Seismitoad|Toxic|p2a: Ugly Onion\n|-status|p2a: Ugly Onion|tox\n|\n|-damage|p2a: Ugly Onion|94\/100 tox|[from] psn\n|-damage|p1a: Seismitoad|94\/100 tox|[from] psn\n|upkeep\n|turn|12\n|\n|t:|1663024710\n|move|p2a: Ugly Onion|Stealth Rock|p1a: Seismitoad\n|-sidestart|p1: Daevank5|move: Stealth Rock\n|move|p1a: Seismitoad|Stealth Rock|p2a: Ugly Onion\n|-sidestart|p2: onionlicker88|move: Stealth Rock\n|\n|-heal|p2a: Ugly Onion|100\/100 tox|[from] item: Leftovers\n|-heal|p1a: Seismitoad|100\/100 tox|[from] item: Leftovers\n|-damage|p2a: Ugly Onion|88\/100 tox|[from] psn\n|-damage|p1a: Seismitoad|88\/100 tox|[from] psn\n|upkeep\n|turn|13\n|\n|t:|1663024716\n|move|p1a: Seismitoad|Protect|p1a: Seismitoad\n|-singleturn|p1a: Seismitoad|Protect\n|move|p2a: Ugly Onion|Knock Off|p1a: Seismitoad\n|-activate|p1a: Seismitoad|move: Protect\n|\n|-heal|p2a: Ugly Onion|94\/100 tox|[from] item: Leftovers\n|-heal|p1a: Seismitoad|94\/100 tox|[from] item: Leftovers\n|-damage|p2a: Ugly Onion|76\/100 tox|[from] psn\n|-damage|p1a: Seismitoad|76\/100 tox|[from] psn\n|upkeep\n|turn|14\n|\n|t:|1663024729\n|switch|p1a: Mew|Mew|4\/100\n|-damage|p1a: Mew|0 fnt|[from] Stealth Rock\n|faint|p1a: Mew\n|move|p2a: Ugly Onion|Knock Off|p1: Mew|[notarget]\n|-fail|p2a: Ugly Onion\n|\n|-heal|p2a: Ugly Onion|82\/100 tox|[from] item: Leftovers\n|-damage|p2a: Ugly Onion|58\/100 tox|[from] psn\n|upkeep\n|\n|t:|1663024731\n|switch|p1a: Weavile|Weavile, M|100\/100\n|-damage|p1a: Weavile|76\/100|[from] Stealth Rock\n|-ability|p1a: Weavile|Pressure\n|turn|15\n|j| UrSheerForce\n|\n|t:|1663024744\n|move|p1a: Weavile|Knock Off|p2a: Ugly Onion\n|-damage|p2a: Ugly Onion|0 fnt\n|-enditem|p2a: Ugly Onion|Leftovers|[from] move: Knock Off|[of] p1a: Weavile\n|faint|p2a: Ugly Onion\n|\n|upkeep\n|\n|t:|1663024748\n|switch|p2a: Squish Onion|Azumarill, M, shiny|100\/100\n|-damage|p2a: Squish Onion|88\/100|[from] Stealth Rock\n|turn|16\n|\n|t:|1663024768\n|switch|p1a: Corviknight|Corviknight, M|30\/100\n|-damage|p1a: Corviknight|18\/100|[from] Stealth Rock\n|-ability|p1a: Corviknight|Pressure\n|move|p2a: Squish Onion|Knock Off|p1a: Corviknight\n|-damage|p1a: Corviknight|0 fnt\n|faint|p1a: Corviknight\n|\n|upkeep\n|\n|t:|1663024769\n|switch|p1a: Tapu Koko|Tapu Koko|100\/100\n|-fieldstart|move: Electric Terrain|[from] ability: Electric Surge|[of] p1a: Tapu Koko\n|turn|17\n|\n|t:|1663024775\n|switch|p2a: Fat Onion|Tangrowth, M, shiny|97\/100 tox\n|-damage|p2a: Fat Onion|84\/100 tox|[from] Stealth Rock\n|move|p1a: Tapu Koko|Thunderbolt|p2a: Fat Onion\n|-resisted|p2a: Fat Onion\n|-damage|p2a: Fat Onion|70\/100 tox\n|\n|-damage|p2a: Fat Onion|64\/100 tox|[from] psn\n|upkeep\n|turn|18\n|\n|t:|1663024782\n|move|p1a: Tapu Koko|Taunt|p2a: Fat Onion\n|-start|p2a: Fat Onion|move: Taunt\n|move|p2a: Fat Onion|Earthquake|p1a: Tapu Koko\n|-supereffective|p1a: Tapu Koko\n|-damage|p1a: Tapu Koko|33\/100\n|\n|-damage|p2a: Fat Onion|51\/100 tox|[from] psn\n|upkeep\n|turn|19\n|\n|t:|1663024791\n|move|p1a: Tapu Koko|Dazzling Gleam|p2a: Fat Onion\n|-damage|p2a: Fat Onion|30\/100 tox\n|move|p2a: Fat Onion|Earthquake|p1a: Tapu Koko\n|-supereffective|p1a: Tapu Koko\n|-damage|p1a: Tapu Koko|0 fnt\n|faint|p1a: Tapu Koko\n|\n|-damage|p2a: Fat Onion|12\/100 tox|[from] psn\n|upkeep\n|\n|t:|1663024802\n|switch|p1a: Seismitoad|Seismitoad, M|76\/100 tox\n|-damage|p1a: Seismitoad|70\/100 tox|[from] Stealth Rock\n|turn|20\n|\n|t:|1663024810\n|move|p1a: Seismitoad|Earthquake|p2a: Fat Onion\n|-resisted|p2a: Fat Onion\n|-damage|p2a: Fat Onion|0 fnt\n|faint|p2a: Fat Onion\n|\n|-heal|p1a: Seismitoad|76\/100 tox|[from] item: Leftovers\n|-damage|p1a: Seismitoad|70\/100 tox|[from] psn\n|upkeep\n|j| whoreganic\n|-message|Daevank5 forfeited.\n|\n|win|onionlicker88\n|raw|Daevank5's rating: 1727 &rarr; <strong>1706<\/strong><br \/>(-21 for losing)\n|raw|onionlicker88's rating: 1706 &rarr; <strong>1727<\/strong><br \/>(+21 for winning)\n|l| whoreganic\n|l|\u2606Daevank5\n||Ladder isn't responding, score probably updated but might not have (Request timeout).\n","uploadtime":1663024883,"views":29,"p1id":"daevank5","p2id":"onionlicker88","formatid":"gen8ou","rating":1706,"private":0,"password":null}