{"id":"gen8ou-1124241529","p1":"A","p2":"BiEla","format":"gen8ou","log":"|j|\u2606A\n|j|\u2606BiEla\n|player|p1|A|clemont|1731\n|player|p2|BiEla|102|1574\n|teamsize|p1|6\n|teamsize|p2|6\n|gametype|singles\n|gen|8\n|tier|[Gen 8] OU\n|rated|\n|html|<div class=\"broadcast-blue\"><strong>OU is currently suspecting Dracovish! For information on how to participate check out the <a href=\"https:\/\/www.smogon.com\/forums\/threads\/3664521\/\">suspect thread<\/a>.<\/strong><\/div>\n|clearpoke\n|poke|p1|Clefable, F|\n|poke|p1|Rotom-Mow|\n|poke|p1|Kommo-o, M|\n|poke|p1|Toxapex, M|\n|poke|p1|Mandibuzz, F|\n|poke|p1|Jirachi|\n|poke|p2|Quagsire, F|\n|poke|p2|Corviknight, M|\n|poke|p2|Snorlax, M|\n|poke|p2|Sableye, F|\n|poke|p2|Mew|\n|poke|p2|Toxapex, F|\n|rule|Sleep Clause Mod: Limit one foe put to sleep\n|rule|Species Clause: Limit one of each Pok\u00e9mon\n|rule|OHKO Clause: OHKO moves are banned\n|rule|Evasion Moves Clause: Evasion moves are banned\n|rule|Endless Battle Clause: Forcing endless battles is banned\n|rule|HP Percentage Mod: HP is shown in percentages\n|rule|Dynamax Clause: You cannot dynamax\n|teampreview\n|j| TotallyNotJedster\n|\n|start\n|switch|p1a: yeah boii|Rotom-Mow, shiny|100\/100\n|switch|p2a: Snorlax|Snorlax, M|100\/100\n|turn|1\n|\n|move|p1a: yeah boii|Trick|p2a: Snorlax\n|-activate|p1a: yeah boii|move: Trick|[of] p2a: Snorlax\n|-item|p2a: Snorlax|Choice Scarf|[from] move: Trick\n|-item|p1a: yeah boii|Leftovers|[from] move: Trick\n|move|p2a: Snorlax|Curse|p2a: Snorlax\n|-unboost|p2a: Snorlax|spe|1\n|-boost|p2a: Snorlax|atk|1\n|-boost|p2a: Snorlax|def|1\n|\n|upkeep\n|turn|2\n|j| super random guy\n|\n|switch|p2a: Mew|Mew|100\/100\n|move|p1a: yeah boii|Will-O-Wisp|p2a: Mew|[miss]\n|-miss|p1a: yeah boii|p2a: Mew\n|\n|upkeep\n|turn|3\n|\n|switch|p2a: Toxapex|Toxapex, F|100\/100\n|move|p1a: yeah boii|Volt Switch|p2a: Toxapex\n|-supereffective|p2a: Toxapex\n|-damage|p2a: Toxapex|56\/100\n|\n|switch|p1a: hypocrite|Clefable, F, shiny|100\/100|[from]move: Volt Switch\n|\n|-heal|p2a: Toxapex|63\/100|[from] item: Leftovers\n|upkeep\n|turn|4\n|c| super random guy|>has 0 breakers\n|c| super random guy|>complains about stall\n|c|\u2606A|srg\n|c|\u2606A|rude\n|\n|move|p1a: hypocrite|Calm Mind|p1a: hypocrite\n|-boost|p1a: hypocrite|spa|1\n|-boost|p1a: hypocrite|spd|1\n|move|p2a: Toxapex|Toxic Spikes|p1a: hypocrite\n|-sidestart|p1: A|move: Toxic Spikes\n|\n|-heal|p2a: Toxapex|69\/100|[from] item: Leftovers\n|upkeep\n|turn|5\n|\n|move|p1a: hypocrite|Thunderbolt|p2a: Toxapex\n|-supereffective|p2a: Toxapex\n|-damage|p2a: Toxapex|14\/100\n|move|p2a: Toxapex|Haze|p2a: Toxapex\n|-clearallboost\n|\n|-heal|p2a: Toxapex|20\/100|[from] item: Leftovers\n|upkeep\n|turn|6\n|\n|switch|p2a: Mew|Mew|100\/100\n|move|p1a: hypocrite|Calm Mind|p1a: hypocrite\n|-boost|p1a: hypocrite|spa|1\n|-boost|p1a: hypocrite|spd|1\n|\n|upkeep\n|turn|7\n|\n|move|p2a: Mew|Calm Mind|p2a: Mew\n|-boost|p2a: Mew|spa|1\n|-boost|p2a: Mew|spd|1\n|move|p1a: hypocrite|Moonblast|p2a: Mew\n|-damage|p2a: Mew|72\/100\n|-unboost|p2a: Mew|spa|1\n|\n|-heal|p2a: Mew|78\/100|[from] item: Leftovers\n|upkeep\n|turn|8\n|\n|switch|p1a: cool laddy|Jirachi, shiny|100\/100\n|move|p2a: Mew|Calm Mind|p2a: Mew\n|-boost|p2a: Mew|spa|1\n|-boost|p2a: Mew|spd|1\n|\n|-heal|p2a: Mew|84\/100|[from] item: Leftovers\n|upkeep\n|turn|9\n|j| RysPicz\n|\n|switch|p2a: Toxapex|Toxapex, F|53\/100\n|move|p1a: cool laddy|Trick|p2a: Toxapex\n|-activate|p1a: cool laddy|move: Trick|[of] p2a: Toxapex\n|-item|p2a: Toxapex|Choice Scarf|[from] move: Trick\n|-item|p1a: cool laddy|Leftovers|[from] move: Trick\n|\n|upkeep\n|turn|10\n|\n|switch|p1a: hypocrite|Clefable, F, shiny|100\/100\n|-status|p1a: hypocrite|psn\n|switch|p2a: Corviknight|Corviknight, M|100\/100\n|-ability|p2a: Corviknight|Pressure\n|\n|upkeep\n|turn|11\n|\n|switch|p2a: Mew|Mew|84\/100\n|switch|p1a: the chungus|Toxapex, M, shiny|100\/100\n|-sideend|p1: A|move: Toxic Spikes|[of] p1a: the chungus\n|\n|-heal|p2a: Mew|91\/100|[from] item: Leftovers\n|upkeep\n|turn|12\n|\n|switch|p2a: Snorlax|Snorlax, M|100\/100\n|move|p1a: the chungus|Toxic|p2a: Snorlax\n|-status|p2a: Snorlax|tox\n|\n|-damage|p2a: Snorlax|94\/100 tox|[from] psn\n|upkeep\n|turn|13\n|l| TotallyNotJedster\n|\n|switch|p1a: epic games|Kommo-o, M|100\/100\n|move|p2a: Snorlax|Rest|p2a: Snorlax\n|-status|p2a: Snorlax|slp|[from] move: Rest\n|-heal|p2a: Snorlax|100\/100 slp|[silent]\n|\n|upkeep\n|turn|14\n|\n|switch|p2a: Sableye|Sableye, F|100\/100\n|move|p1a: epic games|Stealth Rock|p2a: Sableye\n|-sidestart|p2: BiEla|move: Stealth Rock\n|\n|upkeep\n|turn|15\n|\n|switch|p1a: irrationallty m8|Mandibuzz, F|100\/100\n|move|p2a: Sableye|Foul Play|p1a: irrationallty m8\n|-resisted|p1a: irrationallty m8\n|-damage|p1a: irrationallty m8|95\/100\n|\n|upkeep\n|turn|16\n|\n|switch|p2a: Corviknight|Corviknight, M|100\/100\n|-damage|p2a: Corviknight|88\/100|[from] Stealth Rock\n|-ability|p2a: Corviknight|Pressure\n|move|p1a: irrationallty m8|Toxic|p2a: Corviknight\n|-immune|p2a: Corviknight\n|\n|-heal|p2a: Corviknight|94\/100|[from] item: Leftovers\n|upkeep\n|turn|17\n|\n|switch|p1a: yeah boii|Rotom-Mow, shiny|100\/100\n|move|p2a: Corviknight|Defog|p1a: yeah boii\n|-unboost|p1a: yeah boii|evasion|1\n|-sideend|p2: BiEla|Stealth Rock|[from] move: Defog|[of] p2a: Corviknight\n|\n|-heal|p2a: Corviknight|100\/100|[from] item: Leftovers\n|upkeep\n|turn|18\n|inactive|Battle timer is ON: inactive players will automatically lose when time's up. (requested by A)\n|\n|switch|p2a: Snorlax|Snorlax, M|100\/100 slp\n|move|p1a: yeah boii|Volt Switch|p2a: Snorlax\n|-damage|p2a: Snorlax|87\/100 slp\n|\n|switch|p1a: epic games|Kommo-o, M|100\/100|[from]move: Volt Switch\n|\n|upkeep\n|turn|19\n|\n|switch|p2a: Corviknight|Corviknight, M|100\/100\n|-ability|p2a: Corviknight|Pressure\n|move|p1a: epic games|Stealth Rock|p2a: Corviknight\n|-sidestart|p2: BiEla|move: Stealth Rock\n|\n|upkeep\n|turn|20\n|\n|move|p1a: epic games|Protect|p1a: epic games\n|-singleturn|p1a: epic games|Protect\n|move|p2a: Corviknight|Defog|p1a: epic games\n|-activate|p1a: epic games|move: Protect\n|\n|upkeep\n|turn|21\n|\n|move|p1a: epic games|Flamethrower|p2a: Corviknight\n|-supereffective|p2a: Corviknight\n|-damage|p2a: Corviknight|60\/100\n|move|p2a: Corviknight|Defog|p1a: epic games\n|-unboost|p1a: epic games|evasion|1\n|-sideend|p2: BiEla|Stealth Rock|[from] move: Defog|[of] p2a: Corviknight\n|\n|-heal|p2a: Corviknight|67\/100|[from] item: Leftovers\n|upkeep\n|turn|22\n|\n|move|p1a: epic games|Flamethrower|p2a: Corviknight\n|-supereffective|p2a: Corviknight\n|-damage|p2a: Corviknight|27\/100\n|move|p2a: Corviknight|Brave Bird|p1a: epic games\n|-supereffective|p1a: epic games\n|-damage|p1a: epic games|52\/100\n|-damage|p2a: Corviknight|13\/100|[from] Recoil\n|\n|-heal|p1a: epic games|58\/100|[from] item: Leftovers\n|-heal|p2a: Corviknight|19\/100|[from] item: Leftovers\n|upkeep\n|turn|23\n|c| super random guy|haha corv go fog\n|\n|switch|p2a: Toxapex|Toxapex, F|86\/100\n|move|p1a: epic games|Body Press|p2a: Toxapex\n|-resisted|p2a: Toxapex\n|-damage|p2a: Toxapex|75\/100\n|\n|-heal|p1a: epic games|64\/100|[from] item: Leftovers\n|upkeep\n|turn|24\n|\n|move|p1a: epic games|Stealth Rock|p2a: Toxapex\n|-sidestart|p2: BiEla|move: Stealth Rock\n|move|p2a: Toxapex|Toxic Spikes|p1a: epic games\n|-sidestart|p1: A|move: Toxic Spikes\n|\n|-heal|p1a: epic games|70\/100|[from] item: Leftovers\n|upkeep\n|turn|25\n|\n|switch|p1a: yeah boii|Rotom-Mow, shiny|100\/100\n|switch|p2a: Mew|Mew|91\/100\n|-damage|p2a: Mew|78\/100|[from] Stealth Rock\n|\n|-heal|p2a: Mew|84\/100|[from] item: Leftovers\n|upkeep\n|turn|26\n|\n|move|p2a: Mew|Calm Mind|p2a: Mew\n|-boost|p2a: Mew|spa|1\n|-boost|p2a: Mew|spd|1\n|move|p1a: yeah boii|Volt Switch|p2a: Mew\n|-damage|p2a: Mew|70\/100\n|\n|switch|p1a: irrationallty m8|Mandibuzz, F|95\/100|[from]move: Volt Switch\n|\n|-heal|p2a: Mew|76\/100|[from] item: Leftovers\n|upkeep\n|turn|27\n|\n|switch|p2a: Toxapex|Toxapex, F|100\/100\n|-damage|p2a: Toxapex|88\/100|[from] Stealth Rock\n|move|p1a: irrationallty m8|Foul Play|p2a: Toxapex\n|-damage|p2a: Toxapex|78\/100\n|\n|upkeep\n|turn|28\n|\n|switch|p1a: the chungus|Toxapex, M, shiny|100\/100\n|-sideend|p1: A|move: Toxic Spikes|[of] p1a: the chungus\n|move|p2a: Toxapex|Scald|p1a: the chungus\n|-resisted|p1a: the chungus\n|-damage|p1a: the chungus|95\/100\n|\n|-heal|p1a: the chungus|100\/100|[from] item: Black Sludge\n|upkeep\n|turn|29\n|\n|switch|p1a: yeah boii|Rotom-Mow, shiny|100\/100\n|move|p2a: Toxapex|Scald|p1a: yeah boii\n|-resisted|p1a: yeah boii\n|-damage|p1a: yeah boii|92\/100\n|\n|-heal|p1a: yeah boii|98\/100|[from] item: Leftovers\n|upkeep\n|turn|30\n|\n|switch|p2a: Snorlax|Snorlax, M|87\/100 slp\n|-damage|p2a: Snorlax|75\/100 slp|[from] Stealth Rock\n|move|p1a: yeah boii|Volt Switch|p2a: Snorlax\n|-damage|p2a: Snorlax|62\/100 slp\n|\n|switch|p1a: cool laddy|Jirachi, shiny|100\/100|[from]move: Volt Switch\n|\n|upkeep\n|turn|31\n|\n|switch|p2a: Sableye|Sableye, F|100\/100\n|-damage|p2a: Sableye|88\/100|[from] Stealth Rock\n|move|p1a: cool laddy|U-turn|p2a: Sableye\n|-damage|p2a: Sableye|71\/100\n|\n|switch|p1a: irrationallty m8|Mandibuzz, F|95\/100|[from]move: U-turn\n|\n|-heal|p2a: Sableye|77\/100|[from] item: Leftovers\n|upkeep\n|turn|32\n|\n|switch|p2a: Corviknight|Corviknight, M|19\/100\n|-damage|p2a: Corviknight|7\/100|[from] Stealth Rock\n|-ability|p2a: Corviknight|Pressure\n|move|p1a: irrationallty m8|Foul Play|p2a: Corviknight\n|-damage|p2a: Corviknight|0 fnt\n|faint|p2a: Corviknight\n|\n|upkeep\n|c| super random guy|haha corv go bye bye\n|\n|switch|p2a: Snorlax|Snorlax, M|62\/100 slp\n|-damage|p2a: Snorlax|49\/100 slp|[from] Stealth Rock\n|turn|33\n|c|\u2606A|ladies and gentlemen\n|c|\u2606A|we gottem\n|\n|switch|p2a: Toxapex|Toxapex, F|100\/100\n|-damage|p2a: Toxapex|88\/100|[from] Stealth Rock\n|move|p1a: irrationallty m8|Foul Play|p2a: Toxapex\n|-damage|p2a: Toxapex|77\/100\n|\n|upkeep\n|turn|34\n|c|\u2606BiEla|gg\n|c|\u2606A|gg\n|-message|BiEla forfeited.\n|\n|win|A\n|l|\u2606BiEla\n|raw|A's rating: 1731 &rarr; <strong>1742<\/strong><br \/>(+11 for winning)\n|raw|BiEla's rating: 1574 &rarr; <strong>1563<\/strong><br \/>(-11 for losing)\n|l| RysPicz\n|l| super random guy\n|j| super random guy\n","uploadtime":1590914481,"views":26,"p1id":"a","p2id":"biela","formatid":"gen8ou","rating":1563,"private":0,"password":null}