{"id":"gen8ubers-1486038334","p1":"greninja dinja","p2":"Ivyon","format":"gen8ubers","log":"|j|\u2606greninja dinja\n|j|\u2606Ivyon\n|t:|1641418648\n|gametype|singles\n|player|p1|greninja dinja|265|1086\n|player|p2|Ivyon|blue|1245\n|teamsize|p1|6\n|teamsize|p2|6\n|gen|8\n|tier|[Gen 8] Ubers\n|rated|\n|rule|Sleep Clause Mod: Limit one foe put to sleep\n|rule|Species Clause: Limit one of each Pok\u00e9mon\n|rule|OHKO Clause: OHKO moves are banned\n|rule|Evasion Moves Clause: Evasion moves are banned\n|rule|Endless Battle Clause: Forcing endless battles is banned\n|rule|HP Percentage Mod: HP is shown in percentages\n|rule|Dynamax Clause: You cannot dynamax\n|clearpoke\n|poke|p1|Blissey, F|\n|poke|p1|Calyrex-Shadow|\n|poke|p1|Regieleki|\n|poke|p1|Zygarde|\n|poke|p1|Urshifu-*, F|\n|poke|p1|Dracovish|\n|poke|p2|Shuckle, M|\n|poke|p2|Ninjask, M|\n|poke|p2|Delibird, M|\n|poke|p2|Espeon, F|\n|poke|p2|Dragonite, F|\n|poke|p2|Blaziken, M|\n|teampreview\n|\n|t:|1641418655\n|start\n|switch|p1a: Blissey|Blissey, F, shiny|100\/100\n|switch|p2a: Shuckle|Shuckle, M, shiny|100\/100\n|turn|1\n|\n|t:|1641418662\n|move|p1a: Blissey|Stealth Rock|p2a: Shuckle\n|-sidestart|p2: Ivyon|move: Stealth Rock\n|move|p2a: Shuckle|Sticky Web|p1a: Blissey\n|-sidestart|p1: greninja dinja|move: Sticky Web\n|\n|upkeep\n|turn|2\n|\n|t:|1641418666\n|move|p1a: Blissey|Toxic|p2a: Shuckle\n|-status|p2a: Shuckle|tox\n|move|p2a: Shuckle|Stealth Rock|p1a: Blissey\n|-sidestart|p1: greninja dinja|move: Stealth Rock\n|\n|-damage|p2a: Shuckle|94\/100 tox|[from] psn\n|upkeep\n|turn|3\n|\n|t:|1641418678\n|switch|p1a: Calyrex|Calyrex-Shadow|100\/100\n|-ability|p1a: Calyrex|As One\n|-ability|p1a: Calyrex|Unnerve\n|-damage|p1a: Calyrex|88\/100|[from] Stealth Rock\n|-activate|p1a: Calyrex|move: Sticky Web\n|-unboost|p1a: Calyrex|spe|1\n|move|p2a: Shuckle|Power Split|p1a: Calyrex\n|-activate|p2a: Shuckle|move: Power Split|[of] p1a: Calyrex\n|\n|-damage|p2a: Shuckle|82\/100 tox|[from] psn\n|upkeep\n|turn|4\n|\n|t:|1641418689\n|move|p1a: Calyrex|Astral Barrage|p2a: Shuckle\n|-damage|p2a: Shuckle|55\/100 tox\n|move|p2a: Shuckle|Encore|p1a: Calyrex\n|-start|p1a: Calyrex|Encore\n|\n|-damage|p2a: Shuckle|37\/100 tox|[from] psn\n|upkeep\n|turn|5\n|\n|t:|1641418704\n|move|p1a: Calyrex|Astral Barrage|p2a: Shuckle\n|-damage|p2a: Shuckle|10\/100 tox\n|move|p2a: Shuckle|Power Split|p1a: Calyrex\n|-activate|p2a: Shuckle|move: Power Split|[of] p1a: Calyrex\n|\n|-damage|p2a: Shuckle|0 fnt|[from] psn\n|faint|p2a: Shuckle\n|upkeep\n|\n|t:|1641418715\n|switch|p2a: Delibird|Delibird, M|100\/100\n|-damage|p2a: Delibird|50\/100|[from] Stealth Rock\n|turn|6\n|\n|t:|1641418720\n|move|p1a: Calyrex|Astral Barrage|p2a: Delibird\n|-damage|p2a: Delibird|0 fnt\n|faint|p2a: Delibird\n|-ability|p1a: Calyrex|Grim Neigh|boost\n|-boost|p1a: Calyrex|spa|1\n|\n|upkeep\n|\n|t:|1641418730\n|switch|p2a: Espeon|Espeon, F|100\/100\n|-damage|p2a: Espeon|88\/100|[from] Stealth Rock\n|turn|7\n|\n|t:|1641418734\n|move|p2a: Espeon|Yawn|p1a: Calyrex\n|-start|p1a: Calyrex|move: Yawn|[of] p2a: Espeon\n|move|p1a: Calyrex|Astral Barrage|p2a: Espeon\n|-supereffective|p2a: Espeon\n|-damage|p2a: Espeon|0 fnt\n|faint|p2a: Espeon\n|-ability|p1a: Calyrex|Grim Neigh|boost\n|-boost|p1a: Calyrex|spa|1\n|\n|-end|p1a: Calyrex|Encore\n|upkeep\n|\n|t:|1641418747\n|switch|p2a: Dragonite|Dragonite, F|100\/100\n|-damage|p2a: Dragonite|75\/100|[from] Stealth Rock\n|turn|8\n|\n|t:|1641418751\n|move|p1a: Calyrex|Astral Barrage|p2a: Dragonite\n|-damage|p2a: Dragonite|0 fnt\n|faint|p2a: Dragonite\n|-ability|p1a: Calyrex|Grim Neigh|boost\n|-boost|p1a: Calyrex|spa|1\n|\n|-end|p1a: Calyrex|move: Yawn|[silent]\n|-status|p1a: Calyrex|slp\n|upkeep\n|\n|t:|1641418768\n|switch|p2a: Blaziken|Blaziken, M, shiny|100\/100\n|-damage|p2a: Blaziken|88\/100|[from] Stealth Rock\n|turn|9\n|\n|t:|1641418782\n|switch|p1a: Dracovish|Dracovish|100\/100\n|-activate|p1a: Dracovish|move: Sticky Web\n|-unboost|p1a: Dracovish|spe|1\n|-damage|p1a: Dracovish|88\/100|[from] Stealth Rock\n|move|p2a: Blaziken|Swords Dance|p2a: Blaziken\n|-boost|p2a: Blaziken|atk|2\n|\n|-ability|p2a: Blaziken|Speed Boost|boost\n|-boost|p2a: Blaziken|spe|1\n|upkeep\n|turn|10\n|\n|t:|1641418792\n|move|p2a: Blaziken|Close Combat|p1a: Dracovish\n|-damage|p1a: Dracovish|0 fnt\n|-unboost|p2a: Blaziken|def|1\n|-unboost|p2a: Blaziken|spd|1\n|faint|p1a: Dracovish\n|\n|-ability|p2a: Blaziken|Speed Boost|boost\n|-boost|p2a: Blaziken|spe|1\n|upkeep\n|\n|t:|1641418802\n|switch|p1a: Zygarde|Zygarde|100\/100\n|-activate|p1a: Zygarde|move: Sticky Web\n|-unboost|p1a: Zygarde|spe|1\n|-damage|p1a: Zygarde|94\/100|[from] Stealth Rock\n|turn|11\n|\n|t:|1641418809\n|move|p2a: Blaziken|Close Combat|p1a: Zygarde\n|-damage|p1a: Zygarde|0 fnt\n|-unboost|p2a: Blaziken|def|1\n|-unboost|p2a: Blaziken|spd|1\n|faint|p1a: Zygarde\n|\n|-ability|p2a: Blaziken|Speed Boost|boost\n|-boost|p2a: Blaziken|spe|1\n|upkeep\n|\n|t:|1641418819\n|switch|p1a: Regieleki|Regieleki|100\/100\n|-damage|p1a: Regieleki|88\/100|[from] Stealth Rock\n|-activate|p1a: Regieleki|move: Sticky Web\n|-unboost|p1a: Regieleki|spe|1\n|turn|12\n|\n|t:|1641418824\n|move|p2a: Blaziken|Close Combat|p1a: Regieleki\n|-damage|p1a: Regieleki|0 fnt\n|-unboost|p2a: Blaziken|def|1\n|-unboost|p2a: Blaziken|spd|1\n|faint|p1a: Regieleki\n|\n|-ability|p2a: Blaziken|Speed Boost|boost\n|-boost|p2a: Blaziken|spe|1\n|upkeep\n|\n|t:|1641418841\n|switch|p1a: Calyrex|Calyrex-Shadow|88\/100 slp\n|-ability|p1a: Calyrex|As One\n|-ability|p1a: Calyrex|Unnerve\n|-activate|p1a: Calyrex|move: Sticky Web\n|-unboost|p1a: Calyrex|spe|1\n|-damage|p1a: Calyrex|76\/100 slp|[from] Stealth Rock\n|turn|13\n|inactive|Battle timer is ON: inactive players will automatically lose when time's up. (requested by Ivyon)\n|\n|t:|1641418853\n|move|p2a: Blaziken|Knock Off|p1a: Calyrex\n|-supereffective|p1a: Calyrex\n|-damage|p1a: Calyrex|0 fnt\n|-enditem|p1a: Calyrex|Focus Sash|[from] move: Knock Off|[of] p2a: Blaziken\n|faint|p1a: Calyrex\n|\n|-ability|p2a: Blaziken|Speed Boost|boost\n|-boost|p2a: Blaziken|spe|1\n|upkeep\n|-message|greninja dinja forfeited.\n|\n|win|Ivyon\n|raw|greninja dinja's rating: 1086 &rarr; <strong>1073<\/strong><br \/>(-13 for losing)\n|raw|Ivyon's rating: 1245 &rarr; <strong>1259<\/strong><br \/>(+14 for winning)\n|l|\u2606greninja dinja\n||Ladder isn't responding, score probably updated but might not have (Request timeout).\n","uploadtime":1641418863,"views":11,"p1id":"greninjadinja","p2id":"ivyon","formatid":"gen8ubers","rating":1073,"private":0,"password":null}