{"id":"gen8ou-1139660102","p1":"Aprough4025!","p2":"Ban Lando t guy jk","format":"gen8ou","log":"|j|\u2606Aprough4025!\n|j|\u2606Ban Lando t guy jk\n|player|p1|Aprough4025!|170|1414\n|player|p2|Ban Lando t guy jk|164|1391\n|teamsize|p1|6\n|teamsize|p2|6\n|gametype|singles\n|gen|8\n|tier|[Gen 8] OU\n|rated|\n|clearpoke\n|poke|p1|Alakazam, F|\n|poke|p1|Indeedee, M|\n|poke|p1|Cinderace, F|\n|poke|p1|Ferrothorn, M|\n|poke|p1|Dragapult, F|\n|poke|p1|Gardevoir, F|\n|poke|p2|Cinderace, M|\n|poke|p2|Corviknight, M|\n|poke|p2|Kommo-o, M|\n|poke|p2|Hydreigon, F|\n|poke|p2|Zeraora|\n|poke|p2|Clefable, F|\n|rule|Sleep Clause Mod: Limit one foe put to sleep\n|rule|Species Clause: Limit one of each Pok\u00e9mon\n|rule|OHKO Clause: OHKO moves are banned\n|rule|Evasion Moves Clause: Evasion moves are banned\n|rule|Endless Battle Clause: Forcing endless battles is banned\n|rule|HP Percentage Mod: HP is shown in percentages\n|rule|Dynamax Clause: You cannot dynamax\n|teampreview\n|inactive|Battle timer is ON: inactive players will automatically lose when time's up. (requested by Ban Lando t guy jk)\n|\n|start\n|switch|p1a: Dragapult|Dragapult, F|100\/100\n|switch|p2a: Zeraora|Zeraora|100\/100\n|turn|1\n|l|\u2606Ban Lando t guy jk\n|inactive|Ban Lando t guy jk disconnected and has a minute to reconnect!\n|player|p2|\n|j|\u2606Ban Lando t guy jk\n|inactive|Ban Lando t guy jk reconnected and has 145 seconds left.\n|player|p2|Ban Lando t guy jk|164\n|\n|switch|p1a: Ferrothorn|Ferrothorn, M|100\/100\n|move|p2a: Zeraora|Knock Off|p1a: Ferrothorn\n|-damage|p1a: Ferrothorn|77\/100\n|-damage|p2a: Zeraora|88\/100|[from] ability: Iron Barbs|[of] p1a: Ferrothorn\n|-damage|p2a: Zeraora|72\/100|[from] item: Rocky Helmet|[of] p1a: Ferrothorn\n|-enditem|p1a: Ferrothorn|Rocky Helmet|[from] move: Knock Off|[of] p2a: Zeraora\n|\n|-heal|p2a: Zeraora|78\/100|[from] item: Leftovers\n|upkeep\n|turn|2\n|\n|switch|p2a: Kommo-o|Kommo-o, M|100\/100\n|move|p1a: Ferrothorn|Stealth Rock|p2a: Kommo-o\n|-sidestart|p2: Ban Lando t guy jk|move: Stealth Rock\n|\n|upkeep\n|turn|3\n|\n|switch|p1a: Indeedee|Indeedee, M|100\/100\n|-fieldstart|move: Psychic Terrain|[from] ability: Psychic Surge|[of] p1a: Indeedee\n|move|p2a: Kommo-o|Stealth Rock|p1a: Indeedee\n|-sidestart|p1: Aprough4025!|move: Stealth Rock\n|\n|upkeep\n|turn|4\n|\n|move|p1a: Indeedee|Hyper Voice|p2a: Kommo-o\n|-damage|p2a: Kommo-o|64\/100\n|move|p2a: Kommo-o|Toxic|p1a: Indeedee|[miss]\n|-miss|p2a: Kommo-o|p1a: Indeedee\n|\n|-heal|p2a: Kommo-o|70\/100|[from] item: Leftovers\n|upkeep\n|turn|5\n|\n|move|p1a: Indeedee|Expanding Force|p2a: Kommo-o\n|-supereffective|p2a: Kommo-o\n|-damage|p2a: Kommo-o|0 fnt\n|faint|p2a: Kommo-o\n|\n|upkeep\n|\n|switch|p2a: Corviknight|Corviknight, M|100\/100\n|-damage|p2a: Corviknight|88\/100|[from] Stealth Rock\n|-ability|p2a: Corviknight|Pressure\n|turn|6\n|\n|move|p1a: Indeedee|Mystical Fire|p2a: Corviknight\n|-supereffective|p2a: Corviknight\n|-damage|p2a: Corviknight|40\/100\n|-unboost|p2a: Corviknight|spa|1\n|move|p2a: Corviknight|U-turn|p1a: Indeedee\n|-supereffective|p1a: Indeedee\n|-damage|p1a: Indeedee|45\/100\n|\n|switch|p2a: Zeraora|Zeraora|78\/100|[from]move: U-turn\n|-damage|p2a: Zeraora|65\/100|[from] Stealth Rock\n|\n|-heal|p2a: Zeraora|71\/100|[from] item: Leftovers\n|upkeep\n|turn|7\n|\n|move|p2a: Zeraora|Bulk Up|p2a: Zeraora\n|-boost|p2a: Zeraora|atk|1\n|-boost|p2a: Zeraora|def|1\n|move|p1a: Indeedee|Expanding Force|p2a: Zeraora\n|-damage|p2a: Zeraora|0 fnt\n|faint|p2a: Zeraora\n|\n|upkeep\n|\n|switch|p2a: Clefable|Clefable, F|100\/100\n|turn|8\n|\n|move|p1a: Indeedee|Expanding Force|p2a: Clefable\n|-damage|p2a: Clefable|52\/100\n|move|p2a: Clefable|Moonblast|p1a: Indeedee\n|-damage|p1a: Indeedee|3\/100\n|-unboost|p1a: Indeedee|spa|1\n|\n|-heal|p2a: Clefable|58\/100|[from] item: Leftovers\n|upkeep\n|turn|9\n|\n|switch|p1a: Ferrothorn|Ferrothorn, M|77\/100\n|-damage|p1a: Ferrothorn|71\/100|[from] Stealth Rock\n|move|p2a: Clefable|Protect||[still]\n|-fail|p2a: Clefable\n|\n|-heal|p2a: Clefable|64\/100|[from] item: Leftovers\n|upkeep\n|turn|10\n|\n|switch|p1a: Cinderace|Cinderace, F|100\/100\n|move|p2a: Clefable|Teleport|p2a: Clefable\n|\n|switch|p2a: Hydreigon|Hydreigon, F|100\/100|[from]move: Teleport\n|-damage|p2a: Hydreigon|88\/100|[from] Stealth Rock\n|\n|-fieldend|move: Psychic Terrain\n|upkeep\n|turn|11\n|\n|switch|p1a: Ferrothorn|Ferrothorn, M|71\/100\n|-damage|p1a: Ferrothorn|65\/100|[from] Stealth Rock\n|move|p2a: Hydreigon|Draco Meteor|p1a: Ferrothorn\n|-resisted|p1a: Ferrothorn\n|-damage|p1a: Ferrothorn|28\/100\n|-unboost|p2a: Hydreigon|spa|2\n|-damage|p2a: Hydreigon|78\/100|[from] item: Life Orb\n|\n|upkeep\n|turn|12\n|\n|switch|p1a: Cinderace|Cinderace, F|100\/100\n|move|p2a: Hydreigon|Flamethrower|p1a: Cinderace\n|-resisted|p1a: Cinderace\n|-damage|p1a: Cinderace|86\/100\n|-damage|p2a: Hydreigon|68\/100|[from] item: Life Orb\n|\n|upkeep\n|turn|13\n|\n|switch|p2a: Corviknight|Corviknight, M|40\/100\n|-damage|p2a: Corviknight|27\/100|[from] Stealth Rock\n|-ability|p2a: Corviknight|Pressure\n|move|p1a: Cinderace|Pyro Ball|p2a: Corviknight\n|-supereffective|p2a: Corviknight\n|-damage|p2a: Corviknight|0 fnt\n|faint|p2a: Corviknight\n|\n|upkeep\n|\n|switch|p2a: Cinderace|Cinderace, M|100\/100\n|turn|14\n|\n|move|p2a: Cinderace|Bulk Up|p2a: Cinderace\n|-start|p2a: Cinderace|typechange|Fighting|[from] ability: Libero\n|-boost|p2a: Cinderace|atk|1\n|-boost|p2a: Cinderace|def|1\n|move|p1a: Cinderace|Zen Headbutt|p2a: Cinderace\n|-start|p1a: Cinderace|typechange|Psychic|[from] ability: Libero\n|-supereffective|p2a: Cinderace\n|-damage|p2a: Cinderace|28\/100\n|\n|upkeep\n|turn|15\n|\n|move|p2a: Cinderace|Sucker Punch|p1a: Cinderace\n|-start|p2a: Cinderace|typechange|Dark|[from] ability: Libero\n|-supereffective|p1a: Cinderace\n|-damage|p1a: Cinderace|0 fnt\n|faint|p1a: Cinderace\n|\n|upkeep\n|inactive|Aprough4025! has 120 seconds left.\n|\n|switch|p1a: Alakazam|Alakazam, F|100\/100\n|turn|16\n|inactive|Aprough4025! has 120 seconds left.\n|\n|switch|p2a: Hydreigon|Hydreigon, F|68\/100\n|-damage|p2a: Hydreigon|56\/100|[from] Stealth Rock\n|move|p1a: Alakazam|Expanding Force|p2a: Hydreigon\n|-immune|p2a: Hydreigon\n|\n|upkeep\n|turn|17\n|\n|switch|p1a: Indeedee|Indeedee, M|3\/100\n|-damage|p1a: Indeedee|0 fnt|[from] Stealth Rock\n|faint|p1a: Indeedee\n|move|p2a: Hydreigon|Flash Cannon|p1: Indeedee|[notarget]\n|-fail|p2a: Hydreigon\n|\n|upkeep\n|inactive|Aprough4025! has 120 seconds left.\n|\n|switch|p1a: Ferrothorn|Ferrothorn, M|28\/100\n|-damage|p1a: Ferrothorn|22\/100|[from] Stealth Rock\n|turn|18\n|\n|move|p2a: Hydreigon|Flamethrower|p1a: Ferrothorn\n|-supereffective|p1a: Ferrothorn\n|-damage|p1a: Ferrothorn|0 fnt\n|-damage|p2a: Hydreigon|46\/100|[from] item: Life Orb\n|faint|p1a: Ferrothorn\n|\n|upkeep\n|\n|switch|p1a: Gardevoir|Gardevoir, F|100\/100\n|-damage|p1a: Gardevoir|88\/100|[from] Stealth Rock\n|turn|19\n|\n|move|p1a: Gardevoir|Moonblast|p2a: Hydreigon\n|-supereffective|p2a: Hydreigon\n|-damage|p2a: Hydreigon|0 fnt\n|faint|p2a: Hydreigon\n|\n|upkeep\n|\n|switch|p2a: Clefable|Clefable, F|64\/100\n|turn|20\n|\n|move|p2a: Clefable|Protect|p2a: Clefable\n|-singleturn|p2a: Clefable|Protect\n|move|p1a: Gardevoir|Moonblast|p2a: Clefable\n|-activate|p2a: Clefable|move: Protect\n|\n|-heal|p2a: Clefable|70\/100|[from] item: Leftovers\n|upkeep\n|turn|21\n|\n|switch|p1a: Dragapult|Dragapult, F|100\/100\n|-damage|p1a: Dragapult|88\/100|[from] Stealth Rock\n|move|p2a: Clefable|Wish|p2a: Clefable\n|\n|-heal|p2a: Clefable|76\/100|[from] item: Leftovers\n|upkeep\n|turn|22\n|\n|move|p1a: Dragapult|Shadow Ball|p2a: Clefable\n|-damage|p2a: Clefable|41\/100\n|move|p2a: Clefable|Moonblast|p1a: Dragapult\n|-supereffective|p1a: Dragapult\n|-damage|p1a: Dragapult|4\/100\n|\n|-heal|p2a: Clefable|91\/100|[from] move: Wish|[wisher] Clefable\n|-heal|p2a: Clefable|97\/100|[from] item: Leftovers\n|upkeep\n|turn|23\n|\n|move|p1a: Dragapult|Shadow Ball|p2a: Clefable\n|-damage|p2a: Clefable|61\/100\n|move|p2a: Clefable|Wish|p2a: Clefable\n|\n|-heal|p2a: Clefable|68\/100|[from] item: Leftovers\n|upkeep\n|turn|24\n|\n|move|p1a: Dragapult|Shadow Ball|p2a: Clefable\n|-damage|p2a: Clefable|35\/100\n|move|p2a: Clefable|Moonblast|p1a: Dragapult\n|-supereffective|p1a: Dragapult\n|-damage|p1a: Dragapult|0 fnt\n|faint|p1a: Dragapult\n|\n|-heal|p2a: Clefable|85\/100|[from] move: Wish|[wisher] Clefable\n|-heal|p2a: Clefable|91\/100|[from] item: Leftovers\n|upkeep\n|\n|switch|p1a: Gardevoir|Gardevoir, F|88\/100\n|-damage|p1a: Gardevoir|76\/100|[from] Stealth Rock\n|turn|25\n|\n|move|p2a: Clefable|Protect|p2a: Clefable\n|-singleturn|p2a: Clefable|Protect\n|move|p1a: Gardevoir|Trick|p2a: Clefable\n|-activate|p2a: Clefable|move: Protect\n|\n|-heal|p2a: Clefable|97\/100|[from] item: Leftovers\n|upkeep\n|turn|26\n|\n|switch|p1a: Alakazam|Alakazam, F|100\/100\n|switch|p2a: Cinderace|Cinderace, M|28\/100\n|\n|upkeep\n|turn|27\n|\n|switch|p2a: Clefable|Clefable, F|97\/100\n|move|p1a: Alakazam|Psyshock|p2a: Clefable\n|-damage|p2a: Clefable|51\/100\n|\n|-heal|p2a: Clefable|57\/100|[from] item: Leftovers\n|upkeep\n|turn|28\n|\n|move|p1a: Alakazam|Psyshock|p2a: Clefable\n|-damage|p2a: Clefable|13\/100\n|move|p2a: Clefable|Wish|p2a: Clefable\n|\n|-heal|p2a: Clefable|19\/100|[from] item: Leftovers\n|upkeep\n|turn|29\n|\n|switch|p1a: Gardevoir|Gardevoir, F|76\/100\n|-damage|p1a: Gardevoir|64\/100|[from] Stealth Rock\n|move|p2a: Clefable|Protect||[still]\n|-fail|p2a: Clefable\n|\n|-heal|p2a: Clefable|69\/100|[from] move: Wish|[wisher] Clefable\n|-heal|p2a: Clefable|75\/100|[from] item: Leftovers\n|upkeep\n|turn|30\n|\n|move|p2a: Clefable|Protect|p2a: Clefable\n|-singleturn|p2a: Clefable|Protect\n|move|p1a: Gardevoir|Trick|p2a: Clefable\n|-activate|p2a: Clefable|move: Protect\n|\n|-heal|p2a: Clefable|81\/100|[from] item: Leftovers\n|upkeep\n|turn|31\n|\n|switch|p2a: Cinderace|Cinderace, M|28\/100\n|move|p1a: Gardevoir|Trick|p2a: Cinderace\n|-activate|p1a: Gardevoir|move: Trick|[of] p2a: Cinderace\n|-item|p2a: Cinderace|Choice Scarf|[from] move: Trick\n|-item|p1a: Gardevoir|Heavy-Duty Boots|[from] move: Trick\n|\n|upkeep\n|turn|32\n|\n|move|p2a: Cinderace|Pyro Ball|p1a: Gardevoir\n|-damage|p1a: Gardevoir|0 fnt\n|faint|p1a: Gardevoir\n|\n|upkeep\n|\n|switch|p1a: Alakazam|Alakazam, F|100\/100\n|turn|33\n|\n|switch|p2a: Clefable|Clefable, F|81\/100\n|move|p1a: Alakazam|Psyshock|p2a: Clefable\n|-damage|p2a: Clefable|33\/100\n|\n|-heal|p2a: Clefable|39\/100|[from] item: Leftovers\n|upkeep\n|turn|34\n|\n|move|p2a: Clefable|Protect|p2a: Clefable\n|-singleturn|p2a: Clefable|Protect\n|move|p1a: Alakazam|Psyshock|p2a: Clefable\n|-activate|p2a: Clefable|move: Protect\n|\n|-heal|p2a: Clefable|45\/100|[from] item: Leftovers\n|upkeep\n|turn|35\n|\n|move|p1a: Alakazam|Psyshock|p2a: Clefable\n|-damage|p2a: Clefable|1\/100\n|move|p2a: Clefable|Moonblast|p1a: Alakazam\n|-damage|p1a: Alakazam|57\/100\n|-unboost|p1a: Alakazam|spa|1\n|\n|-heal|p2a: Clefable|7\/100|[from] item: Leftovers\n|upkeep\n|turn|36\n|\n|move|p2a: Clefable|Protect|p2a: Clefable\n|-singleturn|p2a: Clefable|Protect\n|move|p1a: Alakazam|Psyshock|p2a: Clefable\n|-activate|p2a: Clefable|move: Protect\n|\n|-heal|p2a: Clefable|13\/100|[from] item: Leftovers\n|upkeep\n|turn|37\n|\n|move|p1a: Alakazam|Psyshock|p2a: Clefable\n|-damage|p2a: Clefable|0 fnt\n|faint|p2a: Clefable\n|\n|upkeep\n|\n|switch|p2a: Cinderace|Cinderace, M|28\/100\n|-damage|p2a: Cinderace|3\/100|[from] Stealth Rock\n|turn|38\n|\n|move|p2a: Cinderace|Sucker Punch|p1a: Alakazam\n|-start|p2a: Cinderace|typechange|Dark|[from] ability: Libero\n|-supereffective|p1a: Alakazam\n|-damage|p1a: Alakazam|0 fnt\n|faint|p1a: Alakazam\n|\n|win|Ban Lando t guy jk\n|c|\u2606Ban Lando t guy jk|Gg\n|c|\u2606Aprough4025!|Gg\n|l|\u2606Aprough4025!\n||Ladder (probably) updated, but score could not be retrieved (Request timeout).\n","uploadtime":1593119756,"views":13,"p1id":"aprough4025","p2id":"banlandotguyjk","formatid":"gen8ou","rating":0,"private":0,"password":null}