{"id":"gen8ou-1568991608","p1":"reionatro","p2":"10ksilvt","format":"gen8ou","log":"|j|\u2606reionatro\n|j|\u203d10ksilvt\n|t:|1651846925\n|gametype|singles\n|player|p1|reionatro|whitney|1320\n|player|p2|10ksilvt|169|1325\n|teamsize|p1|6\n|teamsize|p2|6\n|gen|8\n|tier|[Gen 8] OU\n|rated|\n|rule|Sleep Clause Mod: Limit one foe put to sleep\n|rule|Species Clause: Limit one of each Pok\u00e9mon\n|rule|OHKO Clause: OHKO moves are banned\n|rule|Evasion Moves Clause: Evasion moves are banned\n|rule|Endless Battle Clause: Forcing endless battles is banned\n|rule|HP Percentage Mod: HP is shown in percentages\n|rule|Dynamax Clause: You cannot dynamax\n|clearpoke\n|poke|p1|Tapu Koko|\n|poke|p1|Urshifu-*, M|\n|poke|p1|Slowking-Galar, M|\n|poke|p1|Corviknight, M|\n|poke|p1|Landorus-Therian, M|\n|poke|p1|Weavile, M|\n|poke|p2|Blissey, F|\n|poke|p2|Tangrowth, M|\n|poke|p2|Clefable, F|\n|poke|p2|Corviknight, M|\n|poke|p2|Quagsire, F|\n|poke|p2|Toxapex, M|\n|teampreview\n|c|\u2606reionatro|hf\n|\n|t:|1651846962\n|start\n|switch|p1a: Weavile|Weavile, M|100\/100\n|switch|p2a: Toxapex|Toxapex, M|100\/100\n|-ability|p1a: Weavile|Pressure\n|turn|1\n|\n|t:|1651846972\n|switch|p1a: Slowking|Slowking-Galar, M|100\/100\n|move|p2a: Toxapex|Scald|p1a: Slowking\n|-damage|p1a: Slowking|94\/100\n|\n|upkeep\n|turn|2\n|\n|t:|1651846980\n|move|p2a: Toxapex|Knock Off|p1a: Slowking\n|-supereffective|p1a: Slowking\n|-damage|p1a: Slowking|61\/100\n|-enditem|p1a: Slowking|Assault Vest|[from] move: Knock Off|[of] p2a: Toxapex\n|move|p1a: Slowking|Future Sight|p2a: Toxapex\n|-start|p1a: Slowking|move: Future Sight\n|\n|upkeep\n|turn|3\n|inactive|Battle timer is ON: inactive players will automatically lose when time's up. (requested by 10ksilvt)\n|\n|t:|1651846994\n|switch|p2a: Blissey|Blissey, F|100\/100\n|move|p1a: Slowking|Sludge Bomb|p2a: Blissey\n|-damage|p2a: Blissey|88\/100\n|\n|upkeep\n|turn|4\n|\n|t:|1651847003\n|switch|p1a: Landorus|Landorus-Therian, M|100\/100\n|-ability|p1a: Landorus|Intimidate|boost\n|-unboost|p2a: Blissey|atk|1\n|move|p2a: Blissey|Thunder Wave|p1a: Landorus\n|-immune|p1a: Landorus\n|\n|-end|p2a: Blissey|move: Future Sight\n|-damage|p2a: Blissey|70\/100\n|upkeep\n|turn|5\n|\n|t:|1651847007\n|switch|p2a: Corviknight|Corviknight, M|100\/100\n|-ability|p2a: Corviknight|Pressure\n|move|p1a: Landorus|Stealth Rock|p2a: Corviknight\n|-sidestart|p2: 10ksilvt|move: Stealth Rock\n|\n|upkeep\n|turn|6\n|\n|t:|1651847014\n|move|p1a: Landorus|U-turn|p2a: Corviknight\n|-resisted|p2a: Corviknight\n|-damage|p2a: Corviknight|97\/100\n|\n|t:|1651847018\n|switch|p1a: Tapu Koko|Tapu Koko|100\/100|[from]move: U-turn\n|-fieldstart|move: Electric Terrain|[from] ability: Electric Surge|[of] p1a: Tapu Koko\n|move|p2a: Corviknight|Defog|p1a: Tapu Koko\n|-unboost|p1a: Tapu Koko|evasion|1\n|-sideend|p2: 10ksilvt|Stealth Rock|[from] move: Defog|[of] p2a: Corviknight\n|-fieldend|move: Electric Terrain\n|\n|upkeep\n|turn|7\n|\n|t:|1651847032\n|switch|p1a: Weavile|Weavile, M|100\/100\n|-ability|p1a: Weavile|Pressure\n|switch|p2a: Quagsire|Quagsire, F|100\/100\n|\n|upkeep\n|turn|8\n|\n|t:|1651847044\n|move|p1a: Weavile|Knock Off|p2a: Quagsire\n|-damage|p2a: Quagsire|66\/100\n|-enditem|p2a: Quagsire|Leftovers|[from] move: Knock Off|[of] p1a: Weavile\n|move|p2a: Quagsire|Scald|p1a: Weavile\n|-damage|p1a: Weavile|75\/100\n|\n|upkeep\n|turn|9\n|\n|t:|1651847058\n|switch|p1a: Slowking|Slowking-Galar, M|94\/100\n|move|p2a: Quagsire|Recover|p2a: Quagsire\n|-heal|p2a: Quagsire|100\/100\n|\n|upkeep\n|turn|10\n|\n|t:|1651847072\n|move|p2a: Quagsire|Earthquake|p1a: Slowking\n|-supereffective|p1a: Slowking\n|-damage|p1a: Slowking|28\/100\n|move|p1a: Slowking|Future Sight|p2a: Quagsire\n|-start|p1a: Slowking|move: Future Sight\n|\n|upkeep\n|turn|11\n|\n|t:|1651847083\n|switch|p1a: Corviknight|Corviknight, M|100\/100\n|-ability|p1a: Corviknight|Pressure\n|move|p2a: Quagsire|Scald|p1a: Corviknight\n|-damage|p1a: Corviknight|82\/100\n|\n|upkeep\n|turn|12\n|\n|t:|1651847106\n|switch|p2a: Corviknight|Corviknight, M|97\/100\n|-ability|p2a: Corviknight|Pressure\n|move|p1a: Corviknight|Body Press|p2a: Corviknight\n|-damage|p2a: Corviknight|81\/100\n|\n|-end|p2a: Corviknight|move: Future Sight\n|-resisted|p2a: Corviknight\n|-damage|p2a: Corviknight|59\/100\n|upkeep\n|turn|13\n|\n|t:|1651847117\n|switch|p1a: Tapu Koko|Tapu Koko|100\/100\n|-fieldstart|move: Electric Terrain|[from] ability: Electric Surge|[of] p1a: Tapu Koko\n|move|p2a: Corviknight|Roost|p2a: Corviknight\n|-heal|p2a: Corviknight|100\/100\n|-singleturn|p2a: Corviknight|move: Roost\n|\n|upkeep\n|turn|14\n|\n|t:|1651847131\n|switch|p2a: Blissey|Blissey, F|70\/100\n|move|p1a: Tapu Koko|Thunderbolt|p2a: Blissey\n|-damage|p2a: Blissey|52\/100\n|\n|upkeep\n|turn|15\n|\n|t:|1651847137\n|move|p1a: Tapu Koko|U-turn|p2a: Blissey\n|-damage|p2a: Blissey|39\/100\n|inactive|reionatro has 120 seconds left.\n|\n|t:|1651847185\n|switch|p1a: Urshifu|Urshifu-Rapid-Strike, M|100\/100|[from]move: U-turn\n|move|p2a: Blissey|Soft-Boiled|p2a: Blissey\n|-heal|p2a: Blissey|89\/100\n|\n|upkeep\n|turn|16\n|\n|t:|1651847199\n|switch|p2a: Tangrowth|Tangrowth, M|100\/100\n|move|p1a: Urshifu|U-turn|p2a: Tangrowth\n|-supereffective|p2a: Tangrowth\n|-damage|p2a: Tangrowth|62\/100\n|-damage|p1a: Urshifu|84\/100|[from] item: Rocky Helmet|[of] p2a: Tangrowth\n|\n|t:|1651847204\n|switch|p1a: Weavile|Weavile, M|75\/100|[from]move: U-turn\n|-ability|p1a: Weavile|Pressure\n|\n|upkeep\n|turn|17\n|\n|t:|1651847218\n|switch|p2a: Toxapex|Toxapex, M|100\/100\n|move|p1a: Weavile|Triple Axel|p2a: Toxapex\n|-resisted|p2a: Toxapex\n|-damage|p2a: Toxapex|98\/100\n|-resisted|p2a: Toxapex\n|-damage|p2a: Toxapex|92\/100\n|-resisted|p2a: Toxapex\n|-damage|p2a: Toxapex|82\/100\n|-hitcount|p2a: Toxapex|3\n|\n|-fieldend|move: Electric Terrain\n|upkeep\n|turn|18\n|\n|t:|1651847229\n|switch|p1a: Slowking|Slowking-Galar, M|61\/100\n|move|p2a: Toxapex|Scald|p1a: Slowking\n|-damage|p1a: Slowking|52\/100\n|\n|upkeep\n|turn|19\n|\n|t:|1651847237\n|move|p2a: Toxapex|Knock Off|p1a: Slowking\n|-supereffective|p1a: Slowking\n|-damage|p1a: Slowking|31\/100\n|move|p1a: Slowking|Future Sight|p2a: Toxapex\n|-start|p1a: Slowking|move: Future Sight\n|\n|upkeep\n|turn|20\n|\n|t:|1651847249\n|move|p2a: Toxapex|Knock Off|p1a: Slowking\n|-supereffective|p1a: Slowking\n|-damage|p1a: Slowking|9\/100\n|move|p1a: Slowking|Earthquake|p2a: Toxapex\n|-supereffective|p2a: Toxapex\n|-damage|p2a: Toxapex|63\/100\n|\n|upkeep\n|turn|21\n|\n|t:|1651847263\n|switch|p2a: Blissey|Blissey, F|89\/100\n|move|p1a: Slowking|Earthquake|p2a: Blissey\n|-damage|p2a: Blissey|75\/100\n|\n|-end|p2a: Blissey|move: Future Sight\n|-damage|p2a: Blissey|58\/100\n|upkeep\n|turn|22\n|\n|t:|1651847272\n|switch|p1a: Landorus|Landorus-Therian, M|100\/100\n|-ability|p1a: Landorus|Intimidate|boost\n|-unboost|p2a: Blissey|atk|1\n|move|p2a: Blissey|Soft-Boiled|p2a: Blissey\n|-heal|p2a: Blissey|100\/100\n|\n|upkeep\n|turn|23\n|\n|t:|1651847277\n|switch|p2a: Corviknight|Corviknight, M|100\/100\n|-ability|p2a: Corviknight|Pressure\n|move|p1a: Landorus|Stealth Rock|p2a: Corviknight\n|-sidestart|p2: 10ksilvt|move: Stealth Rock\n|\n|upkeep\n|turn|24\n|inactive|reionatro has 120 seconds left.\n|\n|t:|1651847294\n|move|p1a: Landorus|Stealth Rock||[still]\n|-fail|p1a: Landorus\n|move|p2a: Corviknight|Defog|p1a: Landorus\n|-unboost|p1a: Landorus|evasion|1\n|-sideend|p2: 10ksilvt|Stealth Rock|[from] move: Defog|[of] p2a: Corviknight\n|\n|upkeep\n|turn|25\n|\n|t:|1651847299\n|move|p1a: Landorus|Stealth Rock|p2a: Corviknight\n|-sidestart|p2: 10ksilvt|move: Stealth Rock\n|move|p2a: Corviknight|Defog|p1a: Landorus\n|-unboost|p1a: Landorus|evasion|1\n|-sideend|p2: 10ksilvt|Stealth Rock|[from] move: Defog|[of] p2a: Corviknight\n|\n|upkeep\n|turn|26\n|\n|t:|1651847312\n|switch|p1a: Corviknight|Corviknight, M|82\/100\n|-ability|p1a: Corviknight|Pressure\n|move|p2a: Corviknight|Defog|p1a: Corviknight\n|-unboost|p1a: Corviknight|evasion|1\n|\n|upkeep\n|turn|27\n|\n|t:|1651847329\n|switch|p1a: Tapu Koko|Tapu Koko|100\/100\n|-fieldstart|move: Electric Terrain|[from] ability: Electric Surge|[of] p1a: Tapu Koko\n|move|p2a: Corviknight|U-turn|p1a: Tapu Koko\n|-resisted|p1a: Tapu Koko\n|-damage|p1a: Tapu Koko|91\/100\n|\n|t:|1651847335\n|switch|p2a: Blissey|Blissey, F|100\/100|[from]move: U-turn\n|\n|upkeep\n|turn|28\n|\n|t:|1651847341\n|move|p1a: Tapu Koko|U-turn|p2a: Blissey\n|-damage|p2a: Blissey|87\/100\n|\n|t:|1651847344\n|switch|p1a: Slowking|Slowking-Galar, M|43\/100|[from]move: U-turn\n|move|p2a: Blissey|Thunder Wave|p1a: Slowking\n|-status|p1a: Slowking|par\n|\n|upkeep\n|turn|29\n|\n|t:|1651847351\n|switch|p1a: Landorus|Landorus-Therian, M|100\/100\n|-ability|p1a: Landorus|Intimidate|boost\n|-unboost|p2a: Blissey|atk|1\n|move|p2a: Blissey|Seismic Toss|p1a: Landorus\n|-damage|p1a: Landorus|74\/100\n|\n|-heal|p1a: Landorus|80\/100|[from] item: Leftovers\n|upkeep\n|turn|30\n|\n|t:|1651847357\n|switch|p2a: Corviknight|Corviknight, M|100\/100\n|-ability|p2a: Corviknight|Pressure\n|move|p1a: Landorus|Stealth Rock|p2a: Corviknight\n|-sidestart|p2: 10ksilvt|move: Stealth Rock\n|\n|-heal|p1a: Landorus|86\/100|[from] item: Leftovers\n|upkeep\n|turn|31\n|\n|t:|1651847361\n|switch|p1a: Corviknight|Corviknight, M|82\/100\n|-ability|p1a: Corviknight|Pressure\n|move|p2a: Corviknight|Defog|p1a: Corviknight\n|-unboost|p1a: Corviknight|evasion|1\n|-sideend|p2: 10ksilvt|Stealth Rock|[from] move: Defog|[of] p2a: Corviknight\n|-fieldend|move: Electric Terrain\n|\n|upkeep\n|turn|32\n|\n|t:|1651847369\n|switch|p2a: Toxapex|Toxapex, M|96\/100\n|switch|p1a: Tapu Koko|Tapu Koko|91\/100\n|-fieldstart|move: Electric Terrain|[from] ability: Electric Surge|[of] p1a: Tapu Koko\n|\n|upkeep\n|turn|33\n|\n|t:|1651847375\n|switch|p2a: Quagsire|Quagsire, F|100\/100\n|move|p1a: Tapu Koko|U-turn|p2a: Quagsire\n|-damage|p2a: Quagsire|89\/100\n|inactive|reionatro has 120 seconds left.\n|\n|t:|1651847410\n|switch|p1a: Urshifu|Urshifu-Rapid-Strike, M|84\/100|[from]move: U-turn\n|\n|upkeep\n|turn|34\n|\n|t:|1651847414\n|switch|p2a: Tangrowth|Tangrowth, M|95\/100\n|move|p1a: Urshifu|Surging Strikes|p2a: Tangrowth\n|-resisted|p2a: Tangrowth\n|-crit|p2a: Tangrowth\n|-damage|p2a: Tangrowth|87\/100\n|-damage|p1a: Urshifu|68\/100|[from] item: Rocky Helmet|[of] p2a: Tangrowth\n|-resisted|p2a: Tangrowth\n|-crit|p2a: Tangrowth\n|-damage|p2a: Tangrowth|79\/100\n|-damage|p1a: Urshifu|51\/100|[from] item: Rocky Helmet|[of] p2a: Tangrowth\n|-resisted|p2a: Tangrowth\n|-crit|p2a: Tangrowth\n|-damage|p2a: Tangrowth|71\/100\n|-damage|p1a: Urshifu|35\/100|[from] item: Rocky Helmet|[of] p2a: Tangrowth\n|-hitcount|p2a: Tangrowth|3\n|\n|upkeep\n|turn|35\n|\n|t:|1651847433\n|switch|p1a: Slowking|Slowking-Galar, M|76\/100 par\n|move|p2a: Tangrowth|Leech Seed|p1a: Slowking\n|-start|p1a: Slowking|move: Leech Seed\n|\n|-damage|p1a: Slowking|64\/100 par|[from] Leech Seed|[of] p2a: Tangrowth\n|-heal|p2a: Tangrowth|83\/100|[silent]\n|upkeep\n|turn|36\n|\n|t:|1651847439\n|switch|p2a: Blissey|Blissey, F|87\/100\n|move|p1a: Slowking|Sludge Bomb|p2a: Blissey\n|-damage|p2a: Blissey|75\/100\n|\n|-damage|p1a: Slowking|51\/100 par|[from] Leech Seed|[of] p2a: Blissey\n|-heal|p2a: Blissey|82\/100|[silent]\n|-fieldend|move: Electric Terrain\n|upkeep\n|turn|37\n|\n|t:|1651847449\n|switch|p1a: Landorus|Landorus-Therian, M|86\/100\n|-ability|p1a: Landorus|Intimidate|boost\n|-unboost|p2a: Blissey|atk|1\n|move|p2a: Blissey|Seismic Toss|p1a: Landorus\n|-damage|p1a: Landorus|60\/100\n|\n|-heal|p1a: Landorus|66\/100|[from] item: Leftovers\n|upkeep\n|turn|38\n|\n|t:|1651847463\n|move|p1a: Landorus|Stealth Rock|p2a: Blissey\n|-sidestart|p2: 10ksilvt|move: Stealth Rock\n|move|p2a: Blissey|Seismic Toss|p1a: Landorus\n|-damage|p1a: Landorus|40\/100\n|\n|-heal|p1a: Landorus|46\/100|[from] item: Leftovers\n|upkeep\n|turn|39\n|\n|t:|1651847469\n|move|p1a: Landorus|U-turn|p2a: Blissey\n|-damage|p2a: Blissey|62\/100\n|inactive|reionatro has 120 seconds left.\n|\n|t:|1651847495\n|switch|p1a: Tapu Koko|Tapu Koko|91\/100|[from]move: U-turn\n|-fieldstart|move: Electric Terrain|[from] ability: Electric Surge|[of] p1a: Tapu Koko\n|move|p2a: Blissey|Seismic Toss|p1a: Tapu Koko\n|-damage|p1a: Tapu Koko|55\/100\n|\n|upkeep\n|turn|40\n|\n|t:|1651847505\n|move|p1a: Tapu Koko|U-turn|p2a: Blissey\n|-damage|p2a: Blissey|48\/100\n|\n|t:|1651847513\n|switch|p1a: Urshifu|Urshifu-Rapid-Strike, M|35\/100|[from]move: U-turn\n|move|p2a: Blissey|Soft-Boiled|p2a: Blissey\n|-heal|p2a: Blissey|98\/100\n|\n|upkeep\n|turn|41\n|\n|t:|1651847519\n|switch|p2a: Tangrowth|Tangrowth, M|100\/100\n|-damage|p2a: Tangrowth|88\/100|[from] Stealth Rock\n|move|p1a: Urshifu|U-turn|p2a: Tangrowth\n|-supereffective|p2a: Tangrowth\n|-damage|p2a: Tangrowth|53\/100\n|-damage|p1a: Urshifu|18\/100|[from] item: Rocky Helmet|[of] p2a: Tangrowth\n|\n|t:|1651847527\n|switch|p1a: Weavile|Weavile, M|75\/100|[from]move: U-turn\n|-ability|p1a: Weavile|Pressure\n|\n|upkeep\n|turn|42\n|\n|t:|1651847534\n|switch|p2a: Toxapex|Toxapex, M|100\/100\n|-damage|p2a: Toxapex|88\/100|[from] Stealth Rock\n|move|p1a: Weavile|Knock Off|p2a: Toxapex\n|-damage|p2a: Toxapex|61\/100\n|-enditem|p2a: Toxapex|Shed Shell|[from] move: Knock Off|[of] p1a: Weavile\n|\n|upkeep\n|turn|43\n|\n|t:|1651847545\n|switch|p1a: Slowking|Slowking-Galar, M|84\/100 par\n|move|p2a: Toxapex|Scald|p1a: Slowking\n|-damage|p1a: Slowking|75\/100 par\n|\n|-fieldend|move: Electric Terrain\n|upkeep\n|turn|44\n|\n|t:|1651847555\n|switch|p2a: Corviknight|Corviknight, M|100\/100\n|-damage|p2a: Corviknight|88\/100|[from] Stealth Rock\n|-ability|p2a: Corviknight|Pressure\n|switch|p1a: Tapu Koko|Tapu Koko|55\/100\n|-fieldstart|move: Electric Terrain|[from] ability: Electric Surge|[of] p1a: Tapu Koko\n|\n|upkeep\n|turn|45\n|\n|t:|1651847562\n|switch|p2a: Blissey|Blissey, F|98\/100\n|move|p1a: Tapu Koko|Thunderbolt|p2a: Blissey\n|-damage|p2a: Blissey|80\/100\n|\n|upkeep\n|turn|46\n|\n|t:|1651847569\n|switch|p2a: Corviknight|Corviknight, M|88\/100\n|-damage|p2a: Corviknight|75\/100|[from] Stealth Rock\n|-ability|p2a: Corviknight|Pressure\n|move|p1a: Tapu Koko|U-turn|p2a: Corviknight\n|-resisted|p2a: Corviknight\n|-damage|p2a: Corviknight|73\/100\n|\n|t:|1651847595\n|switch|p1a: Urshifu|Urshifu-Rapid-Strike, M|18\/100|[from]move: U-turn\n|\n|upkeep\n|turn|47\n|\n|t:|1651847607\n|move|p1a: Urshifu|Surging Strikes|p2a: Corviknight\n|-crit|p2a: Corviknight\n|-damage|p2a: Corviknight|55\/100\n|-crit|p2a: Corviknight\n|-damage|p2a: Corviknight|34\/100\n|-crit|p2a: Corviknight\n|-damage|p2a: Corviknight|17\/100\n|-hitcount|p2a: Corviknight|3\n|move|p2a: Corviknight|Roost|p2a: Corviknight\n|-heal|p2a: Corviknight|67\/100\n|-singleturn|p2a: Corviknight|move: Roost\n|\n|upkeep\n|turn|48\n|\n|t:|1651847619\n|move|p1a: Urshifu|Surging Strikes|p2a: Corviknight\n|-crit|p2a: Corviknight\n|-damage|p2a: Corviknight|46\/100\n|-crit|p2a: Corviknight\n|-damage|p2a: Corviknight|27\/100\n|-crit|p2a: Corviknight\n|-damage|p2a: Corviknight|7\/100\n|-hitcount|p2a: Corviknight|3\n|move|p2a: Corviknight|Defog|p1a: Urshifu\n|-unboost|p1a: Urshifu|evasion|1\n|-sideend|p2: 10ksilvt|Stealth Rock|[from] move: Defog|[of] p2a: Corviknight\n|-fieldend|move: Electric Terrain\n|\n|upkeep\n|turn|49\n|\n|t:|1651847631\n|switch|p2a: Tangrowth|Tangrowth, M|86\/100\n|move|p1a: Urshifu|Surging Strikes|p2a: Tangrowth\n|-resisted|p2a: Tangrowth\n|-crit|p2a: Tangrowth\n|-damage|p2a: Tangrowth|78\/100\n|-damage|p1a: Urshifu|2\/100|[from] item: Rocky Helmet|[of] p2a: Tangrowth\n|-resisted|p2a: Tangrowth\n|-crit|p2a: Tangrowth\n|-damage|p2a: Tangrowth|71\/100\n|-damage|p1a: Urshifu|0 fnt|[from] item: Rocky Helmet|[of] p2a: Tangrowth\n|faint|p1a: Urshifu\n|-hitcount|p2a: Tangrowth|2\n|\n|upkeep\n|inactive|reionatro has 120 seconds left.\n|inactive|reionatro has 90 seconds left.\n|\n|t:|1651847704\n|switch|p1a: Weavile|Weavile, M|75\/100\n|-ability|p1a: Weavile|Pressure\n|turn|50\n|inactive|reionatro has 60 seconds left.\n|inactive|reionatro has 30 seconds left.\n|\n|t:|1651847751\n|switch|p2a: Toxapex|Toxapex, M|95\/100\n|move|p1a: Weavile|Knock Off|p2a: Toxapex\n|-damage|p2a: Toxapex|76\/100\n|\n|upkeep\n|turn|51\n|\n|t:|1651847761\n|switch|p1a: Tapu Koko|Tapu Koko|55\/100\n|-fieldstart|move: Electric Terrain|[from] ability: Electric Surge|[of] p1a: Tapu Koko\n|move|p2a: Toxapex|Scald|p1a: Tapu Koko\n|-damage|p1a: Tapu Koko|34\/100\n|\n|upkeep\n|turn|52\n|\n|t:|1651847771\n|switch|p2a: Quagsire|Quagsire, F|89\/100\n|move|p1a: Tapu Koko|U-turn|p2a: Quagsire\n|-damage|p2a: Quagsire|77\/100\n|\n|t:|1651847780\n|switch|p1a: Landorus|Landorus-Therian, M|46\/100|[from]move: U-turn\n|-ability|p1a: Landorus|Intimidate|boost\n|-unboost|p2a: Quagsire|atk|1\n|\n|-heal|p1a: Landorus|52\/100|[from] item: Leftovers\n|upkeep\n|turn|53\n|\n|t:|1651847784\n|move|p1a: Landorus|Stealth Rock|p2a: Quagsire\n|-sidestart|p2: 10ksilvt|move: Stealth Rock\n|move|p2a: Quagsire|Scald|p1a: Landorus\n|-supereffective|p1a: Landorus\n|-damage|p1a: Landorus|25\/100\n|\n|-heal|p1a: Landorus|31\/100|[from] item: Leftovers\n|upkeep\n|turn|54\n|inactive|reionatro has 30 seconds left.\n|\n|t:|1651847810\n|move|p1a: Landorus|Toxic|p2a: Quagsire\n|-status|p2a: Quagsire|tox\n|move|p2a: Quagsire|Scald|p1a: Landorus\n|-supereffective|p1a: Landorus\n|-damage|p1a: Landorus|0 fnt\n|faint|p1a: Landorus\n|\n|-damage|p2a: Quagsire|71\/100 tox|[from] psn\n|upkeep\n|inactive|reionatro has 30 seconds left.\n|inactive|reionatro has 20 seconds left.\n|\n|t:|1651847829\n|switch|p1a: Slowking|Slowking-Galar, M|100\/100 par\n|turn|55\n|inactive|reionatro has 30 seconds left this turn.\n|inactive|reionatro has 20 seconds left.\n|inactive|reionatro has 15 seconds left.\n|\n|t:|1651847846\n|switch|p2a: Blissey|Blissey, F|80\/100\n|move|p1a: Slowking|Future Sight|p2a: Blissey\n|-start|p1a: Slowking|move: Future Sight\n|\n|-fieldend|move: Electric Terrain\n|upkeep\n|turn|56\n|inactive|reionatro has 25 seconds left this turn.\n|inactive|reionatro has 20 seconds left.\n|\n|t:|1651847853\n|move|p2a: Blissey|Aromatherapy|p2a: Blissey\n|-activate|p2a: Blissey|move: Aromatherapy\n|-curestatus|p2: Quagsire|tox|[msg]\n|move|p1a: Slowking|Sludge Bomb|p2a: Blissey\n|-damage|p2a: Blissey|67\/100\n|\n|upkeep\n|turn|57\n|inactive|reionatro has 30 seconds left this turn.\n|\n|t:|1651847861\n|move|p2a: Blissey|Thunder Wave|p1a: Slowking\n|-fail|p1a: Slowking|par\n|move|p1a: Slowking|Sludge Bomb|p2a: Blissey\n|-damage|p2a: Blissey|54\/100\n|-status|p2a: Blissey|psn\n|\n|-end|p2a: Blissey|move: Future Sight\n|-damage|p2a: Blissey|36\/100 psn\n|-damage|p2a: Blissey|23\/100 psn|[from] psn\n|upkeep\n|turn|58\n|inactive|reionatro has 30 seconds left.\n|\n|t:|1651847872\n|move|p2a: Blissey|Soft-Boiled|p2a: Blissey\n|-heal|p2a: Blissey|73\/100 psn\n|cant|p1a: Slowking|par\n|\n|-damage|p2a: Blissey|61\/100 psn|[from] psn\n|upkeep\n|turn|59\n|inactive|reionatro has 30 seconds left.\n|\n|t:|1651847879\n|move|p2a: Blissey|Soft-Boiled|p2a: Blissey\n|-heal|p2a: Blissey|100\/100 psn\n|cant|p1a: Slowking|par\n|\n|-damage|p2a: Blissey|88\/100 psn|[from] psn\n|upkeep\n|turn|60\n|\n|t:|1651847888\n|-curestatus|p2a: Blissey|psn|[from] ability: Natural Cure\n|switch|p2a: Corviknight|Corviknight, M|7\/100\n|-damage|p2a: Corviknight|0 fnt|[from] Stealth Rock\n|faint|p2a: Corviknight\n|move|p1a: Slowking|Future Sight|p2: Corviknight\n|-start|p1a: Slowking|move: Future Sight\n|\n|upkeep\n|\n|t:|1651847895\n|switch|p2a: Quagsire|Quagsire, F|71\/100\n|-damage|p2a: Quagsire|65\/100|[from] Stealth Rock\n|turn|61\n|inactive|reionatro has 30 seconds left.\n|\n|t:|1651847921\n|move|p2a: Quagsire|Earthquake|p1a: Slowking\n|-supereffective|p1a: Slowking\n|-damage|p1a: Slowking|37\/100 par\n|move|p1a: Slowking|Sludge Bomb|p2a: Quagsire\n|-resisted|p2a: Quagsire\n|-damage|p2a: Quagsire|45\/100\n|\n|upkeep\n|turn|62\n|inactive|reionatro has 30 seconds left.\n|\n|t:|1651847930\n|switch|p1a: Corviknight|Corviknight, M|82\/100\n|-ability|p1a: Corviknight|Pressure\n|move|p2a: Quagsire|Recover|p2a: Quagsire\n|-heal|p2a: Quagsire|95\/100\n|\n|-end|p2a: Quagsire|move: Future Sight\n|-damage|p2a: Quagsire|32\/100\n|upkeep\n|turn|63\n|inactive|reionatro has 30 seconds left.\n|\n|t:|1651847943\n|move|p1a: Corviknight|U-turn|p2a: Quagsire\n|-damage|p2a: Quagsire|22\/100\n|\n|t:|1651847948\n|switch|p1a: Slowking|Slowking-Galar, M|71\/100 par|[from]move: U-turn\n|move|p2a: Quagsire|Recover|p2a: Quagsire\n|-heal|p2a: Quagsire|72\/100\n|\n|upkeep\n|turn|64\n|\n|t:|1651847955\n|switch|p1a: Corviknight|Corviknight, M|82\/100\n|-ability|p1a: Corviknight|Pressure\n|move|p2a: Quagsire|Earthquake|p1a: Corviknight\n|-immune|p1a: Corviknight\n|\n|upkeep\n|turn|65\n|\n|t:|1651847965\n|move|p1a: Corviknight|U-turn|p2a: Quagsire\n|-damage|p2a: Quagsire|62\/100\n|\n|t:|1651847967\n|switch|p1a: Slowking|Slowking-Galar, M|100\/100 par|[from]move: U-turn\n|move|p2a: Quagsire|Scald|p1a: Slowking\n|-damage|p1a: Slowking|90\/100 par\n|\n|upkeep\n|turn|66\n|\n|t:|1651847973\n|move|p2a: Quagsire|Scald|p1a: Slowking\n|-damage|p1a: Slowking|79\/100 par\n|cant|p1a: Slowking|par\n|\n|upkeep\n|turn|67\n|inactive|reionatro has 60 seconds left.\n|\n|t:|1651847981\n|move|p2a: Quagsire|Scald|p1a: Slowking\n|-damage|p1a: Slowking|68\/100 par\n|cant|p1a: Slowking|par\n|\n|upkeep\n|turn|68\n|\n|t:|1651847988\n|switch|p1a: Corviknight|Corviknight, M|82\/100\n|-ability|p1a: Corviknight|Pressure\n|move|p2a: Quagsire|Recover|p2a: Quagsire\n|-heal|p2a: Quagsire|100\/100\n|\n|upkeep\n|turn|69\n|\n|t:|1651848001\n|move|p1a: Corviknight|Body Press|p2a: Quagsire\n|-crit|p2a: Quagsire\n|-damage|p2a: Quagsire|75\/100\n|move|p2a: Quagsire|Earthquake|p1a: Corviknight\n|-immune|p1a: Corviknight\n|\n|upkeep\n|turn|70\n|\n|t:|1651848009\n|move|p1a: Corviknight|Body Press|p2a: Quagsire\n|-damage|p2a: Quagsire|55\/100\n|move|p2a: Quagsire|Earthquake|p1a: Corviknight\n|-immune|p1a: Corviknight\n|\n|upkeep\n|turn|71\n|\n|t:|1651848018\n|move|p1a: Corviknight|Body Press|p2a: Quagsire\n|-damage|p2a: Quagsire|38\/100\n|move|p2a: Quagsire|Recover|p2a: Quagsire\n|-heal|p2a: Quagsire|88\/100\n|\n|upkeep\n|turn|72\n|\n|t:|1651848024\n|move|p1a: Corviknight|Body Press|p2a: Quagsire\n|-damage|p2a: Quagsire|69\/100\n|move|p2a: Quagsire|Scald|p1a: Corviknight\n|-damage|p1a: Corviknight|64\/100\n|\n|upkeep\n|turn|73\n|\n|t:|1651848029\n|move|p1a: Corviknight|U-turn|p2a: Quagsire\n|-damage|p2a: Quagsire|59\/100\n|\n|t:|1651848032\n|switch|p1a: Slowking|Slowking-Galar, M|100\/100 par|[from]move: U-turn\n|move|p2a: Quagsire|Scald|p1a: Slowking\n|-damage|p1a: Slowking|90\/100 par\n|\n|upkeep\n|turn|74\n|\n|t:|1651848039\n|switch|p2a: Blissey|Blissey, F|88\/100\n|move|p1a: Slowking|Future Sight|p2a: Blissey\n|-start|p1a: Slowking|move: Future Sight\n|\n|upkeep\n|turn|75\n|\n|t:|1651848047\n|move|p2a: Blissey|Seismic Toss|p1a: Slowking\n|-damage|p1a: Slowking|64\/100 par\n|move|p1a: Slowking|Sludge Bomb|p2a: Blissey\n|-crit|p2a: Blissey\n|-damage|p2a: Blissey|67\/100\n|-status|p2a: Blissey|psn\n|\n|-damage|p2a: Blissey|55\/100 psn|[from] psn\n|upkeep\n|turn|76\n|\n|t:|1651848056\n|move|p2a: Blissey|Soft-Boiled|p2a: Blissey\n|-heal|p2a: Blissey|100\/100 psn\n|move|p1a: Slowking|Earthquake|p2a: Blissey\n|-damage|p2a: Blissey|87\/100 psn\n|\n|-end|p2a: Blissey|move: Future Sight\n|-damage|p2a: Blissey|71\/100 psn\n|-damage|p2a: Blissey|59\/100 psn|[from] psn\n|upkeep\n|turn|77\n|\n|t:|1651848070\n|switch|p1a: Corviknight|Corviknight, M|64\/100\n|-ability|p1a: Corviknight|Pressure\n|move|p2a: Blissey|Soft-Boiled|p2a: Blissey\n|-heal|p2a: Blissey|100\/100 psn\n|\n|-damage|p2a: Blissey|88\/100 psn|[from] psn\n|upkeep\n|turn|78\n|\n|t:|1651848085\n|-curestatus|p2a: Blissey|psn|[from] ability: Natural Cure\n|switch|p2a: Toxapex|Toxapex, M|100\/100\n|-damage|p2a: Toxapex|88\/100|[from] Stealth Rock\n|move|p1a: Corviknight|Body Press|p2a: Toxapex\n|-resisted|p2a: Toxapex\n|-damage|p2a: Toxapex|80\/100\n|\n|upkeep\n|turn|79\n|\n|t:|1651848094\n|switch|p1a: Slowking|Slowking-Galar, M|97\/100 par\n|move|p2a: Toxapex|Knock Off|p1a: Slowking\n|-supereffective|p1a: Slowking\n|-damage|p1a: Slowking|75\/100 par\n|\n|upkeep\n|turn|80\n|\n|t:|1651848104\n|switch|p2a: Blissey|Blissey, F|88\/100\n|move|p1a: Slowking|Future Sight|p2a: Blissey\n|-start|p1a: Slowking|move: Future Sight\n|\n|upkeep\n|turn|81\n|\n|t:|1651848110\n|switch|p1a: Corviknight|Corviknight, M|64\/100\n|-ability|p1a: Corviknight|Pressure\n|move|p2a: Blissey|Seismic Toss|p1a: Corviknight\n|-damage|p1a: Corviknight|39\/100\n|-damage|p2a: Blissey|71\/100|[from] item: Rocky Helmet|[of] p1a: Corviknight\n|\n|upkeep\n|turn|82\n|inactive|reionatro has 120 seconds left.\n|\n|t:|1651848139\n|move|p2a: Blissey|Thunder Wave|p1a: Corviknight\n|-status|p1a: Corviknight|par\n|move|p1a: Corviknight|Body Press|p2a: Blissey\n|-supereffective|p2a: Blissey\n|-damage|p2a: Blissey|25\/100\n|\n|-end|p2a: Blissey|move: Future Sight\n|-damage|p2a: Blissey|6\/100\n|upkeep\n|turn|83\n|inactive|reionatro has 90 seconds left.\n|\n|t:|1651848156\n|move|p2a: Blissey|Soft-Boiled|p2a: Blissey\n|-heal|p2a: Blissey|56\/100\n|move|p1a: Corviknight|Roost|p1a: Corviknight\n|-heal|p1a: Corviknight|89\/100 par\n|-singleturn|p1a: Corviknight|move: Roost\n|\n|upkeep\n|turn|84\n|inactive|reionatro has 90 seconds left.\n|\n|t:|1651848180\n|move|p2a: Blissey|Soft-Boiled|p2a: Blissey\n|-heal|p2a: Blissey|100\/100\n|cant|p1a: Corviknight|par\n|\n|upkeep\n|turn|85\n|\n|t:|1651848188\n|switch|p2a: Tangrowth|Tangrowth, M|100\/100\n|-damage|p2a: Tangrowth|88\/100|[from] Stealth Rock\n|move|p1a: Corviknight|Body Press|p2a: Tangrowth\n|-damage|p2a: Tangrowth|75\/100\n|-damage|p1a: Corviknight|72\/100 par|[from] item: Rocky Helmet|[of] p2a: Tangrowth\n|\n|upkeep\n|turn|86\n|\n|t:|1651848198\n|switch|p1a: Slowking|Slowking-Galar, M|100\/100 par\n|move|p2a: Tangrowth|Leech Seed|p1a: Slowking\n|-start|p1a: Slowking|move: Leech Seed\n|\n|-damage|p1a: Slowking|88\/100 par|[from] Leech Seed|[of] p2a: Tangrowth\n|-heal|p2a: Tangrowth|88\/100|[silent]\n|upkeep\n|turn|87\n|\n|t:|1651848213\n|switch|p2a: Blissey|Blissey, F|100\/100\n|switch|p1a: Corviknight|Corviknight, M|72\/100 par\n|-ability|p1a: Corviknight|Pressure\n|\n|upkeep\n|turn|88\n|\n|t:|1651848225\n|move|p2a: Blissey|Seismic Toss|p1a: Corviknight\n|-damage|p1a: Corviknight|47\/100 par\n|-damage|p2a: Blissey|84\/100|[from] item: Rocky Helmet|[of] p1a: Corviknight\n|move|p1a: Corviknight|Roost|p1a: Corviknight\n|-heal|p1a: Corviknight|97\/100 par\n|-singleturn|p1a: Corviknight|move: Roost\n|\n|upkeep\n|turn|89\n|inactive|reionatro has 60 seconds left.\n|\n|t:|1651848244\n|switch|p2a: Tangrowth|Tangrowth, M|100\/100\n|-damage|p2a: Tangrowth|88\/100|[from] Stealth Rock\n|move|p1a: Corviknight|U-turn|p2a: Tangrowth\n|-supereffective|p2a: Tangrowth\n|-damage|p2a: Tangrowth|73\/100\n|-damage|p1a: Corviknight|81\/100 par|[from] item: Rocky Helmet|[of] p2a: Tangrowth\n|\n|t:|1651848260\n|switch|p1a: Weavile|Weavile, M|75\/100|[from]move: U-turn\n|-ability|p1a: Weavile|Pressure\n|\n|upkeep\n|turn|90\n|\n|t:|1651848266\n|switch|p1a: Tapu Koko|Tapu Koko|34\/100\n|-fieldstart|move: Electric Terrain|[from] ability: Electric Surge|[of] p1a: Tapu Koko\n|move|p2a: Tangrowth|Sludge Bomb|p1a: Tapu Koko\n|-supereffective|p1a: Tapu Koko\n|-damage|p1a: Tapu Koko|0 fnt\n|faint|p1a: Tapu Koko\n|\n|upkeep\n|\n|t:|1651848286\n|switch|p1a: Slowking|Slowking-Galar, M|100\/100 par\n|turn|91\n|\n|t:|1651848299\n|switch|p2a: Blissey|Blissey, F|84\/100\n|cant|p1a: Slowking|par\n|\n|upkeep\n|turn|92\n|\n|t:|1651848309\n|switch|p1a: Corviknight|Corviknight, M|81\/100 par\n|-ability|p1a: Corviknight|Pressure\n|move|p2a: Blissey|Seismic Toss|p1a: Corviknight\n|-damage|p1a: Corviknight|56\/100 par\n|-damage|p2a: Blissey|67\/100|[from] item: Rocky Helmet|[of] p1a: Corviknight\n|\n|upkeep\n|turn|93\n|\n|t:|1651848318\n|move|p2a: Blissey|Seismic Toss|p1a: Corviknight\n|-damage|p1a: Corviknight|31\/100 par\n|-damage|p2a: Blissey|50\/100|[from] item: Rocky Helmet|[of] p1a: Corviknight\n|move|p1a: Corviknight|Roost|p1a: Corviknight\n|-heal|p1a: Corviknight|81\/100 par\n|-singleturn|p1a: Corviknight|move: Roost\n|\n|upkeep\n|turn|94\n|\n|t:|1651848326\n|move|p2a: Blissey|Soft-Boiled|p2a: Blissey\n|-heal|p2a: Blissey|100\/100\n|move|p1a: Corviknight|Body Press|p2a: Blissey\n|-supereffective|p2a: Blissey\n|-damage|p2a: Blissey|53\/100\n|\n|-fieldend|move: Electric Terrain\n|upkeep\n|turn|95\n|inactive|reionatro has 30 seconds left.\n|\n|t:|1651848341\n|switch|p2a: Clefable|Clefable, F|100\/100\n|-damage|p2a: Clefable|88\/100|[from] Stealth Rock\n|move|p1a: Corviknight|Body Press|p2a: Clefable\n|-resisted|p2a: Clefable\n|-damage|p2a: Clefable|78\/100\n|\n|-heal|p2a: Clefable|85\/100|[from] item: Leftovers\n|upkeep\n|turn|96\n|inactive|reionatro has 30 seconds left.\n|\n|t:|1651848352\n|switch|p1a: Slowking|Slowking-Galar, M|100\/100 par\n|move|p2a: Clefable|Calm Mind|p2a: Clefable\n|-boost|p2a: Clefable|spa|1\n|-boost|p2a: Clefable|spd|1\n|\n|-heal|p2a: Clefable|91\/100|[from] item: Leftovers\n|upkeep\n|turn|97\n|inactive|reionatro has 30 seconds left this turn.\n|\n|t:|1651848362\n|move|p2a: Clefable|Wish|p2a: Clefable\n|move|p1a: Slowking|Sludge Bomb|p2a: Clefable\n|-supereffective|p2a: Clefable\n|-damage|p2a: Clefable|47\/100\n|\n|-heal|p2a: Clefable|54\/100|[from] item: Leftovers\n|upkeep\n|turn|98\n|inactive|reionatro has 30 seconds left this turn.\n|\n|t:|1651848371\n|move|p2a: Clefable|Protect|p2a: Clefable\n|-singleturn|p2a: Clefable|Protect\n|cant|p1a: Slowking|par\n|\n|-heal|p2a: Clefable|100\/100|[from] move: Wish|[wisher] Clefable\n|upkeep\n|turn|99\n|inactive|reionatro has 30 seconds left this turn.\n|inactive|reionatro has 20 seconds left.\n|\n|t:|1651848383\n|move|p2a: Clefable|Calm Mind|p2a: Clefable\n|-boost|p2a: Clefable|spa|1\n|-boost|p2a: Clefable|spd|1\n|move|p1a: Slowking|Sludge Bomb|p2a: Clefable\n|-supereffective|p2a: Clefable\n|-damage|p2a: Clefable|65\/100\n|-status|p2a: Clefable|psn\n|\n|-heal|p2a: Clefable|71\/100 psn|[from] item: Leftovers\n|-damage|p2a: Clefable|59\/100 psn|[from] psn\n|upkeep\n|turn|100\n|inactive|reionatro has 25 seconds left this turn.\n|inactive|reionatro has 20 seconds left.\n|inactive|reionatro has 15 seconds left.\n|\n|t:|1651848396\n|move|p2a: Clefable|Wish|p2a: Clefable\n|move|p1a: Slowking|Future Sight|p2a: Clefable\n|-start|p1a: Slowking|move: Future Sight\n|\n|-heal|p2a: Clefable|65\/100 psn|[from] item: Leftovers\n|-damage|p2a: Clefable|52\/100 psn|[from] psn\n|upkeep\n|turn|101\n|inactive|reionatro has 20 seconds left this turn.\n|inactive|reionatro has 15 seconds left.\n|\n|t:|1651848401\n|move|p2a: Clefable|Protect|p2a: Clefable\n|-singleturn|p2a: Clefable|Protect\n|move|p1a: Slowking|Sludge Bomb|p2a: Clefable\n|-activate|p2a: Clefable|move: Protect\n|\n|-heal|p2a: Clefable|100\/100 psn|[from] move: Wish|[wisher] Clefable\n|-damage|p2a: Clefable|88\/100 psn|[from] psn\n|upkeep\n|turn|102\n|inactive|reionatro has 20 seconds left this turn.\n|inactive|reionatro has 15 seconds left.\n|\n|t:|1651848408\n|move|p2a: Clefable|Wish|p2a: Clefable\n|move|p1a: Slowking|Sludge Bomb|p2a: Clefable\n|-supereffective|p2a: Clefable\n|-damage|p2a: Clefable|53\/100 psn\n|\n|-end|p2a: Clefable|move: Future Sight\n|-damage|p2a: Clefable|28\/100 psn\n|-heal|p2a: Clefable|35\/100 psn|[from] item: Leftovers\n|-damage|p2a: Clefable|22\/100 psn|[from] psn\n|upkeep\n|turn|103\n|inactive|reionatro has 20 seconds left this turn.\n|inactive|reionatro has 15 seconds left.\n|\n|t:|1651848418\n|move|p2a: Clefable|Protect|p2a: Clefable\n|-singleturn|p2a: Clefable|Protect\n|move|p1a: Slowking|Future Sight|p2a: Clefable\n|-start|p1a: Slowking|move: Future Sight\n|\n|-heal|p2a: Clefable|72\/100 psn|[from] move: Wish|[wisher] Clefable\n|-heal|p2a: Clefable|78\/100 psn|[from] item: Leftovers\n|-damage|p2a: Clefable|66\/100 psn|[from] psn\n|upkeep\n|turn|104\n|inactive|reionatro has 20 seconds left this turn.\n|inactive|reionatro has 15 seconds left.\n|\n|t:|1651848427\n|move|p2a: Clefable|Wish|p2a: Clefable\n|cant|p1a: Slowking|par\n|\n|-heal|p2a: Clefable|72\/100 psn|[from] item: Leftovers\n|-damage|p2a: Clefable|59\/100 psn|[from] psn\n|upkeep\n|turn|105\n|inactive|reionatro has 20 seconds left this turn.\n|inactive|reionatro has 15 seconds left.\n|inactive|reionatro has 10 seconds left.\n|\n|t:|1651848438\n|move|p2a: Clefable|Protect|p2a: Clefable\n|-singleturn|p2a: Clefable|Protect\n|move|p1a: Slowking|Future Sight||[still]\n|-fail|p1a: Slowking\n|\n|-end|p2a: Clefable|move: Future Sight\n|-damage|p2a: Clefable|39\/100 psn\n|-heal|p2a: Clefable|89\/100 psn|[from] move: Wish|[wisher] Clefable\n|-heal|p2a: Clefable|95\/100 psn|[from] item: Leftovers\n|-damage|p2a: Clefable|82\/100 psn|[from] psn\n|upkeep\n|turn|106\n|inactive|reionatro has 15 seconds left this turn.\n|inactive|reionatro has 10 seconds left.\n|\n|t:|1651848446\n|move|p2a: Clefable|Wish|p2a: Clefable\n|cant|p1a: Slowking|par\n|\n|-heal|p2a: Clefable|88\/100 psn|[from] item: Leftovers\n|-damage|p2a: Clefable|76\/100 psn|[from] psn\n|upkeep\n|turn|107\n|inactive|reionatro has 15 seconds left this turn.\n|inactive|reionatro has 10 seconds left.\n|\n|t:|1651848453\n|move|p2a: Clefable|Calm Mind|p2a: Clefable\n|-boost|p2a: Clefable|spa|1\n|-boost|p2a: Clefable|spd|1\n|move|p1a: Slowking|Sludge Bomb|p2a: Clefable\n|-supereffective|p2a: Clefable\n|-damage|p2a: Clefable|47\/100 psn\n|\n|-heal|p2a: Clefable|97\/100 psn|[from] move: Wish|[wisher] Clefable\n|-heal|p2a: Clefable|100\/100 psn|[from] item: Leftovers\n|-damage|p2a: Clefable|88\/100 psn|[from] psn\n|upkeep\n|turn|108\n|inactive|reionatro has 15 seconds left this turn.\n|inactive|reionatro has 10 seconds left.\n|\n|t:|1651848463\n|move|p2a: Clefable|Wish|p2a: Clefable\n|move|p1a: Slowking|Future Sight|p2a: Clefable\n|-start|p1a: Slowking|move: Future Sight\n|\n|-heal|p2a: Clefable|94\/100 psn|[from] item: Leftovers\n|-damage|p2a: Clefable|82\/100 psn|[from] psn\n|upkeep\n|turn|109\n|inactive|reionatro has 15 seconds left this turn.\n|inactive|reionatro has 10 seconds left.\n|\n|t:|1651848472\n|move|p2a: Clefable|Calm Mind|p2a: Clefable\n|-boost|p2a: Clefable|spa|1\n|-boost|p2a: Clefable|spd|1\n|cant|p1a: Slowking|par\n|\n|-heal|p2a: Clefable|100\/100 psn|[from] move: Wish|[wisher] Clefable\n|-damage|p2a: Clefable|88\/100 psn|[from] psn\n|upkeep\n|turn|110\n|inactive|reionatro has 15 seconds left this turn.\n|inactive|reionatro has 10 seconds left.\n|\n|t:|1651848480\n|move|p2a: Clefable|Calm Mind|p2a: Clefable\n|-boost|p2a: Clefable|spa|1\n|-boost|p2a: Clefable|spd|1\n|move|p1a: Slowking|Flamethrower|p2a: Clefable\n|-crit|p2a: Clefable\n|-damage|p2a: Clefable|56\/100 psn\n|\n|-end|p2a: Clefable|move: Future Sight\n|-damage|p2a: Clefable|43\/100 psn\n|-heal|p2a: Clefable|49\/100 psn|[from] item: Leftovers\n|-damage|p2a: Clefable|36\/100 psn|[from] psn\n|upkeep\n|turn|111\n|inactive|reionatro has 15 seconds left this turn.\n|\n|t:|1651848487\n|move|p2a: Clefable|Wish|p2a: Clefable\n|move|p1a: Slowking|Flamethrower|p2a: Clefable\n|-damage|p2a: Clefable|30\/100 psn\n|\n|-heal|p2a: Clefable|36\/100 psn|[from] item: Leftovers\n|-damage|p2a: Clefable|24\/100 psn|[from] psn\n|upkeep\n|turn|112\n|inactive|reionatro has 20 seconds left this turn.\n|\n|t:|1651848490\n|move|p2a: Clefable|Protect|p2a: Clefable\n|-singleturn|p2a: Clefable|Protect\n|move|p1a: Slowking|Flamethrower|p2a: Clefable\n|-activate|p2a: Clefable|move: Protect\n|\n|-heal|p2a: Clefable|74\/100 psn|[from] move: Wish|[wisher] Clefable\n|-heal|p2a: Clefable|80\/100 psn|[from] item: Leftovers\n|-damage|p2a: Clefable|67\/100 psn|[from] psn\n|upkeep\n|turn|113\n|inactive|reionatro has 25 seconds left this turn.\n|\n|t:|1651848494\n|move|p2a: Clefable|Wish|p2a: Clefable\n|move|p1a: Slowking|Sludge Bomb|p2a: Clefable\n|-supereffective|p2a: Clefable\n|-damage|p2a: Clefable|48\/100 psn\n|\n|-heal|p2a: Clefable|55\/100 psn|[from] item: Leftovers\n|-damage|p2a: Clefable|42\/100 psn|[from] psn\n|upkeep\n|turn|114\n|inactive|reionatro has 30 seconds left this turn.\n|\n|t:|1651848498\n|move|p2a: Clefable|Protect|p2a: Clefable\n|-singleturn|p2a: Clefable|Protect\n|move|p1a: Slowking|Flamethrower|p2a: Clefable\n|-activate|p2a: Clefable|move: Protect\n|\n|-heal|p2a: Clefable|92\/100 psn|[from] move: Wish|[wisher] Clefable\n|-heal|p2a: Clefable|98\/100 psn|[from] item: Leftovers\n|-damage|p2a: Clefable|86\/100 psn|[from] psn\n|upkeep\n|turn|115\n|\n|t:|1651848502\n|move|p2a: Clefable|Wish|p2a: Clefable\n|cant|p1a: Slowking|par\n|\n|-heal|p2a: Clefable|92\/100 psn|[from] item: Leftovers\n|-damage|p2a: Clefable|79\/100 psn|[from] psn\n|upkeep\n|turn|116\n|\n|t:|1651848505\n|move|p2a: Clefable|Calm Mind|p2a: Clefable\n|-boost|p2a: Clefable|spa|1\n|-boost|p2a: Clefable|spd|1\n|move|p1a: Slowking|Flamethrower|p2a: Clefable\n|-damage|p2a: Clefable|74\/100 psn\n|\n|-heal|p2a: Clefable|100\/100 psn|[from] move: Wish|[wisher] Clefable\n|-damage|p2a: Clefable|88\/100 psn|[from] psn\n|upkeep\n|turn|117\n|\n|t:|1651848509\n|move|p2a: Clefable|Moonblast|p1a: Slowking\n|-resisted|p1a: Slowking\n|-damage|p1a: Slowking|65\/100 par\n|move|p1a: Slowking|Flamethrower|p2a: Clefable\n|-damage|p2a: Clefable|82\/100 psn\n|\n|-heal|p2a: Clefable|88\/100 psn|[from] item: Leftovers\n|-damage|p2a: Clefable|75\/100 psn|[from] psn\n|upkeep\n|turn|118\n|\n|t:|1651848515\n|move|p2a: Clefable|Wish|p2a: Clefable\n|cant|p1a: Slowking|par\n|\n|-heal|p2a: Clefable|81\/100 psn|[from] item: Leftovers\n|-damage|p2a: Clefable|69\/100 psn|[from] psn\n|upkeep\n|turn|119\n|\n|t:|1651848518\n|move|p2a: Clefable|Moonblast|p1a: Slowking\n|-resisted|p1a: Slowking\n|-damage|p1a: Slowking|23\/100 par\n|-unboost|p1a: Slowking|spa|1\n|move|p1a: Slowking|Sludge Bomb|p2a: Clefable\n|-supereffective|p2a: Clefable\n|-damage|p2a: Clefable|52\/100 psn\n|\n|-heal|p2a: Clefable|100\/100 psn|[from] move: Wish|[wisher] Clefable\n|-damage|p2a: Clefable|88\/100 psn|[from] psn\n|upkeep\n|turn|120\n|\n|t:|1651848527\n|move|p2a: Clefable|Wish|p2a: Clefable\n|move|p1a: Slowking|Sludge Bomb|p2a: Clefable\n|-supereffective|p2a: Clefable\n|-damage|p2a: Clefable|71\/100 psn\n|\n|-heal|p2a: Clefable|77\/100 psn|[from] item: Leftovers\n|-damage|p2a: Clefable|64\/100 psn|[from] psn\n|upkeep\n|turn|121\n|\n|t:|1651848531\n|move|p2a: Clefable|Moonblast|p1a: Slowking\n|-resisted|p1a: Slowking\n|-damage|p1a: Slowking|0 fnt\n|faint|p1a: Slowking\n|\n|-heal|p2a: Clefable|100\/100 psn|[from] move: Wish|[wisher] Clefable\n|-damage|p2a: Clefable|88\/100 psn|[from] psn\n|upkeep\n|\n|t:|1651848540\n|switch|p1a: Weavile|Weavile, M|75\/100\n|-ability|p1a: Weavile|Pressure\n|turn|122\n|\n|t:|1651848546\n|move|p1a: Weavile|Triple Axel|p2a: Clefable\n|-damage|p2a: Clefable|80\/100 psn\n|-damage|p2a: Clefable|65\/100 psn\n|-damage|p2a: Clefable|42\/100 psn\n|-hitcount|p2a: Clefable|3\n|move|p2a: Clefable|Moonblast|p1a: Weavile\n|-supereffective|p1a: Weavile\n|-damage|p1a: Weavile|0 fnt\n|faint|p1a: Weavile\n|\n|-heal|p2a: Clefable|48\/100 psn|[from] item: Leftovers\n|-damage|p2a: Clefable|36\/100 psn|[from] psn\n|upkeep\n|\n|t:|1651848551\n|switch|p1a: Corviknight|Corviknight, M|81\/100 par\n|-ability|p1a: Corviknight|Pressure\n|turn|123\n|\n|t:|1651848554\n|move|p2a: Clefable|Moonblast|p1a: Corviknight\n|-resisted|p1a: Corviknight\n|-damage|p1a: Corviknight|19\/100 par\n|-unboost|p1a: Corviknight|spa|1\n|cant|p1a: Corviknight|par\n|\n|-heal|p2a: Clefable|42\/100 psn|[from] item: Leftovers\n|-damage|p2a: Clefable|30\/100 psn|[from] psn\n|upkeep\n|turn|124\n|\n|t:|1651848558\n|move|p2a: Clefable|Moonblast|p1a: Corviknight\n|-resisted|p1a: Corviknight\n|-damage|p1a: Corviknight|0 fnt\n|faint|p1a: Corviknight\n|\n|win|10ksilvt\n|raw|reionatro's rating: 1320 &rarr; <strong>1300<\/strong><br \/>(-20 for losing)\n|raw|10ksilvt's rating: 1325 &rarr; <strong>1345<\/strong><br \/>(+20 for winning)\n|l|\u2606reionatro\n||Ladder isn't responding, score probably updated but might not have (Request timeout).\n","uploadtime":1651848574,"views":52,"p1id":"reionatro","p2id":"10ksilvt","formatid":"gen8ou","rating":1300,"private":0,"password":null}