{"id":"gen8ubers-1219348213","p1":"Redemption","p2":"One Autumn Leafy","format":"gen8ubers","log":"|j|\u2606Redemption\n|j|\u2606One Autumn Leafy\n|t:|1604862541\n|player|p1|Redemption|flint|1562\n|player|p2|One Autumn Leafy|hugh|1421\n|teamsize|p1|6\n|teamsize|p2|6\n|gametype|singles\n|gen|8\n|tier|[Gen 8] Ubers\n|rated|\n|clearpoke\n|poke|p1|Mew|\n|poke|p1|Ditto|\n|poke|p1|Zacian-Crowned|\n|poke|p1|Yveltal|\n|poke|p1|Calyrex-Shadow|\n|poke|p1|Eternatus|\n|poke|p2|Zacian-Crowned|\n|poke|p2|Zygarde|\n|poke|p2|Excadrill, M|\n|poke|p2|Marshadow|\n|poke|p2|Yveltal|\n|poke|p2|Ditto|\n|rule|Sleep Clause Mod: Limit one foe put to sleep\n|rule|Species Clause: Limit one of each Pok\u00e9mon\n|rule|OHKO Clause: OHKO moves are banned\n|rule|Evasion Moves Clause: Evasion moves are banned\n|rule|Endless Battle Clause: Forcing endless battles is banned\n|rule|HP Percentage Mod: HP is shown in percentages\n|teampreview\n|inactive|Battle timer is ON: inactive players will automatically lose when time's up. (requested by One Autumn Leafy)\n|\n|t:|1604862547\n|start\n|switch|p1a: Toupitoupa|Mew, shiny|100\/100\n|switch|p2a: Excadrill|Excadrill, M|100\/100\n|-ability|p2a: Excadrill|Mold Breaker\n|turn|1\n|\n|t:|1604862556\n|move|p1a: Toupitoupa|Taunt|p2a: Excadrill\n|-start|p2a: Excadrill|move: Taunt\n|cant|p2a: Excadrill|move: Taunt|Stealth Rock\n|\n|upkeep\n|turn|2\n|inactive|Redemption has 120 seconds left.\n|\n|t:|1604862587\n|move|p1a: Toupitoupa|Knock Off|p2a: Excadrill\n|-damage|p2a: Excadrill|70\/100\n|-enditem|p2a: Excadrill|Focus Sash|[from] move: Knock Off|[of] p1a: Toupitoupa\n|move|p2a: Excadrill|Rapid Spin|p1a: Toupitoupa\n|-damage|p1a: Toupitoupa|84\/100\n|-boost|p2a: Excadrill|spe|1\n|\n|upkeep\n|turn|3\n|inactive|Redemption has 120 seconds left.\n|j| Paillasse\n|\n|t:|1604862626\n|move|p2a: Excadrill|Earthquake|p1a: Toupitoupa\n|-damage|p1a: Toupitoupa|41\/100\n|move|p1a: Toupitoupa|Stealth Rock|p2a: Excadrill\n|-sidestart|p2: One Autumn Leafy|move: Stealth Rock\n|\n|-end|p2a: Excadrill|move: Taunt\n|upkeep\n|turn|4\n|l| Paillasse\n|j| Paillasse\n|inactive|Redemption has 90 seconds left.\n|inactive|Redemption has 60 seconds left.\n|l| Paillasse\n|\n|t:|1604862679\n|switch|p1a: Titoutipa|Ditto, shiny|100\/100\n|-transform|p1a: Titoutipa|p2a: Excadrill|[from] ability: Imposter\n|-ability|p1a: Titoutipa|Mold Breaker\n|move|p2a: Excadrill|Stealth Rock|p1a: Titoutipa\n|-sidestart|p1: Redemption|move: Stealth Rock\n|\n|upkeep\n|turn|5\n|inactive|Redemption has 60 seconds left.\n|\n|t:|1604862689\n|switch|p2a: Yveltal|Yveltal|100\/100\n|-damage|p2a: Yveltal|76\/100|[from] Stealth Rock\n|-ability|p2a: Yveltal|Dark Aura\n|move|p1a: Titoutipa|Earthquake|p2a: Yveltal\n|-immune|p2a: Yveltal\n|\n|upkeep\n|turn|6\n|j| Paillasse\n|\n|t:|1604862696\n|switch|p1a: Toupitoupa|Mew, shiny|41\/100\n|-damage|p1a: Toupitoupa|28\/100|[from] Stealth Rock\n|move|p2a: Yveltal|Heat Wave|p1a: Toupitoupa\n|-damage|p1a: Toupitoupa|2\/100\n|\n|upkeep\n|turn|7\n|l| Paillasse\n|\n|t:|1604862709\n|move|p1a: Toupitoupa|Spikes|p2a: Yveltal\n|-sidestart|p2: One Autumn Leafy|Spikes\n|move|p2a: Yveltal|Heat Wave|p1a: Toupitoupa\n|-damage|p1a: Toupitoupa|0 fnt\n|faint|p1a: Toupitoupa\n|\n|upkeep\n|inactive|Redemption has 60 seconds left.\n|j| PC Feu\n|inactive|Redemption has 30 seconds left.\n|\n|t:|1604862758\n|switch|p1a: Tititoutou|Zacian-Crowned|100\/100\n|-damage|p1a: Tititoutou|94\/100|[from] Stealth Rock\n|-ability|p1a: Tititoutou|Intrepid Sword|boost\n|-boost|p1a: Tititoutou|atk|1\n|turn|8\n|inactive|Redemption has 30 seconds left.\n|inactive|Redemption has 20 seconds left.\n|inactive|One Autumn Leafy has 120 seconds left.\n|j| Royal1604\n|\n|t:|1604862796\n|switch|p1a: Toupipitou|Yveltal|100\/100\n|-damage|p1a: Toupipitou|76\/100|[from] Stealth Rock\n|-ability|p1a: Toupipitou|Dark Aura\n|move|p2a: Yveltal|Heat Wave|p1a: Toupipitou\n|-damage|p1a: Toupipitou|34\/100\n|\n|upkeep\n|turn|9\n|inactive|Redemption has 30 seconds left this turn.\n|\n|t:|1604862805\n|-start|p1a: Toupipitou|Dynamax\n|-heal|p1a: Toupipitou|34\/100|[silent]\n|move|p2a: Yveltal|Heat Wave|p1a: Toupipitou\n|-damage|p1a: Toupipitou|12\/100\n|move|p1a: Toupipitou|Max Airstream|p2a: Yveltal\n|-damage|p2a: Yveltal|0 fnt\n|-boost|p1a: Toupipitou|spe|1\n|-damage|p1a: Toupipitou|7\/100|[from] item: Life Orb\n|faint|p2a: Yveltal\n|\n|upkeep\n|inactive|Redemption has 30 seconds left this turn.\n|\n|t:|1604862812\n|switch|p2a: Ditto|Ditto|100\/100\n|-damage|p2a: Ditto|88\/100|[from] Spikes\n|-damage|p2a: Ditto|76\/100|[from] Stealth Rock\n|-transform|p2a: Ditto|p1a: Toupipitou|[from] ability: Imposter\n|-ability|p2a: Ditto|Dark Aura\n|turn|10\n|inactive|Redemption has 30 seconds left.\n|\n|t:|1604862827\n|move|p2a: Ditto|Oblivion Wing|p1a: Toupipitou\n|-damage|p1a: Toupipitou|0 fnt\n|-heal|p2a: Ditto|88\/100|[from] drain|[of] p1a: Toupipitou\n|faint|p1a: Toupipitou\n|\n|upkeep\n|inactive|Redemption has 30 seconds left this turn.\n|\n|t:|1604862831\n|switch|p1a: Toutatoupi|Eternatus|100\/100\n|-damage|p1a: Toutatoupi|88\/100|[from] Stealth Rock\n|-ability|p1a: Toutatoupi|Pressure\n|turn|11\n|inactive|Redemption has 30 seconds left.\n|inactive|One Autumn Leafy has 120 seconds left.\n|\n|t:|1604862858\n|switch|p2a: Zacian|Zacian-Crowned|100\/100\n|-damage|p2a: Zacian|94\/100|[from] Stealth Rock\n|-damage|p2a: Zacian|82\/100|[from] Spikes\n|-ability|p2a: Zacian|Intrepid Sword|boost\n|-boost|p2a: Zacian|atk|1\n|move|p1a: Toutatoupi|Recover|p1a: Toutatoupi\n|-heal|p1a: Toutatoupi|100\/100\n|\n|upkeep\n|turn|12\n|\n|t:|1604862867\n|switch|p2a: Zygarde|Zygarde|100\/100\n|-damage|p2a: Zygarde|94\/100|[from] Stealth Rock\n|-damage|p2a: Zygarde|82\/100|[from] Spikes\n|move|p1a: Toutatoupi|Flamethrower|p2a: Zygarde\n|-resisted|p2a: Zygarde\n|-damage|p2a: Zygarde|67\/100\n|-damage|p1a: Toutatoupi|91\/100|[from] item: Life Orb\n|\n|-heal|p2a: Zygarde|74\/100|[from] item: Leftovers\n|upkeep\n|turn|13\n|\n|t:|1604862873\n|move|p1a: Toutatoupi|Dynamax Cannon|p2a: Zygarde\n|-supereffective|p2a: Zygarde\n|-damage|p2a: Zygarde|0 fnt\n|-damage|p1a: Toutatoupi|81\/100|[from] item: Life Orb\n|faint|p2a: Zygarde\n|\n|upkeep\n|\n|t:|1604862880\n|switch|p2a: Ditto|Ditto|88\/100\n|-damage|p2a: Ditto|76\/100|[from] Stealth Rock\n|-damage|p2a: Ditto|64\/100|[from] Spikes\n|-transform|p2a: Ditto|p1a: Toutatoupi|[from] ability: Imposter\n|-ability|p2a: Ditto|Pressure\n|turn|14\n|\n|t:|1604862886\n|switch|p1a: Tititoutou|Zacian-Crowned|94\/100\n|-damage|p1a: Tititoutou|88\/100|[from] Stealth Rock\n|-ability|p1a: Tititoutou|Intrepid Sword|boost\n|-boost|p1a: Tititoutou|atk|1\n|move|p2a: Ditto|Dynamax Cannon|p1a: Tititoutou\n|-immune|p1a: Tititoutou\n|\n|upkeep\n|turn|15\n|inactive|Redemption has 60 seconds left.\n|\n|t:|1604862916\n|switch|p2a: Excadrill|Excadrill, M|70\/100\n|-damage|p2a: Excadrill|67\/100|[from] Stealth Rock\n|-damage|p2a: Excadrill|54\/100|[from] Spikes\n|-ability|p2a: Excadrill|Mold Breaker\n|switch|p1a: Toutatoupi|Eternatus|81\/100\n|-damage|p1a: Toutatoupi|68\/100|[from] Stealth Rock\n|-ability|p1a: Toutatoupi|Pressure\n|\n|upkeep\n|turn|16\n|\n|t:|1604862920\n|move|p1a: Toutatoupi|Flamethrower|p2a: Excadrill\n|-supereffective|p2a: Excadrill\n|-damage|p2a: Excadrill|0 fnt\n|-damage|p1a: Toutatoupi|58\/100|[from] item: Life Orb\n|faint|p2a: Excadrill\n|\n|upkeep\n|\n|t:|1604862926\n|switch|p2a: Zacian|Zacian-Crowned|82\/100\n|-damage|p2a: Zacian|76\/100|[from] Stealth Rock\n|-damage|p2a: Zacian|64\/100|[from] Spikes\n|-ability|p2a: Zacian|Intrepid Sword|boost\n|-boost|p2a: Zacian|atk|1\n|turn|17\n|inactive|Redemption has 60 seconds left.\n|\n|t:|1604862936\n|move|p2a: Zacian|Behemoth Blade|p1a: Toutatoupi\n|-damage|p1a: Toutatoupi|0 fnt\n|faint|p1a: Toutatoupi\n|\n|upkeep\n|\n|t:|1604862938\n|switch|p1a: Titoutipa|Ditto, shiny|100\/100\n|-damage|p1a: Titoutipa|88\/100|[from] Stealth Rock\n|-transform|p1a: Titoutipa|p2a: Zacian|[from] ability: Imposter\n|-ability|p1a: Titoutipa|Intrepid Sword|boost\n|-boost|p1a: Titoutipa|atk|1\n|turn|18\n|\n|t:|1604862940\n|move|p1a: Titoutipa|Behemoth Blade|p2a: Zacian\n|-damage|p2a: Zacian|0 fnt\n|faint|p2a: Zacian\n|\n|upkeep\n|\n|t:|1604862942\n|switch|p2a: Marshadow|Marshadow|100\/100\n|-damage|p2a: Marshadow|88\/100|[from] Spikes\n|-damage|p2a: Marshadow|82\/100|[from] Stealth Rock\n|turn|19\n|\n|t:|1604862950\n|-start|p2a: Marshadow|Dynamax\n|-heal|p2a: Marshadow|82\/100|[silent]\n|move|p1a: Titoutipa|Behemoth Blade|p2a: Marshadow\n|-damage|p2a: Marshadow|0 fnt\n|faint|p2a: Marshadow\n|\n|upkeep\n|-message|One Autumn Leafy forfeited.\n|\n|win|Redemption\n|l|\u2606One Autumn Leafy\n|c| PC Feu|gg\n|l|\u2606Redemption\n|l| Royal1604\n","uploadtime":1604862980,"views":258,"p1id":"redemption","p2id":"oneautumnleafy","formatid":"gen8ubers","rating":0,"private":0,"password":null}