{"id":"gen8bdspou-1483844478","p1":"Buhrito","p2":"try me fren","format":"gen8bdspou","log":"|j|\u2606Buhrito\n|j|\u2606try me fren\n|t:|1641102846\n|gametype|singles\n|player|p1|Buhrito|birdkeeper-gen3rs|1657\n|player|p2|try me fren|palmer|1523\n|teamsize|p1|6\n|teamsize|p2|6\n|gen|8\n|tier|[Gen 8 BDSP] OU\n|rated|\n|rule|Sleep Clause Mod: Limit one foe put to sleep\n|rule|Species Clause: Limit one of each Pok\u00e9mon\n|rule|OHKO Clause: OHKO moves are banned\n|rule|Evasion Moves Clause: Evasion moves are banned\n|rule|Endless Battle Clause: Forcing endless battles is banned\n|rule|HP Percentage Mod: HP is shown in percentages\n|clearpoke\n|poke|p1|Mamoswine, M|\n|poke|p1|Scizor, M|\n|poke|p1|Jirachi|\n|poke|p1|Rotom-Wash|\n|poke|p1|Tyranitar, F|\n|poke|p1|Starmie|\n|poke|p2|Shedinja|\n|poke|p2|Starmie|\n|poke|p2|Clefable, F|\n|poke|p2|Snorlax, F|\n|poke|p2|Heatran, F|\n|poke|p2|Gliscor, F|\n|teampreview\n|j| Syoun\n|inactive|Battle timer is ON: inactive players will automatically lose when time's up. (requested by try me fren)\n|\n|t:|1641102877\n|start\n|switch|p1a: Tyranitar|Tyranitar, F|100\/100\n|switch|p2a: Starmie|Starmie|100\/100\n|-weather|Sandstorm|[from] ability: Sand Stream|[of] p1a: Tyranitar\n|turn|1\n|\n|t:|1641102885\n|switch|p1a: Rotom|Rotom-Wash|100\/100\n|move|p2a: Starmie|Scald|p1a: Rotom\n|-resisted|p1a: Rotom\n|-damage|p1a: Rotom|84\/100\n|\n|-weather|Sandstorm|[upkeep]\n|-damage|p2a: Starmie|94\/100|[from] Sandstorm\n|-damage|p1a: Rotom|78\/100|[from] Sandstorm\n|-heal|p2a: Starmie|100\/100|[from] item: Leftovers\n|-heal|p1a: Rotom|84\/100|[from] item: Leftovers\n|upkeep\n|turn|2\n|\n|t:|1641102896\n|switch|p2a: Snorlax|Snorlax, F|100\/100\n|move|p1a: Rotom|Volt Switch|p2a: Snorlax\n|-damage|p2a: Snorlax|89\/100\n|\n|t:|1641102904\n|switch|p1a: Tyranitar|Tyranitar, F|100\/100|[from]move: Volt Switch\n|\n|-weather|Sandstorm|[upkeep]\n|-damage|p2a: Snorlax|83\/100|[from] Sandstorm\n|upkeep\n|turn|3\n|\n|t:|1641102909\n|switch|p2a: Gliscor|Gliscor, F|100\/100\n|move|p1a: Tyranitar|Stone Edge|p2a: Gliscor\n|-crit|p2a: Gliscor\n|-damage|p2a: Gliscor|0 fnt\n|faint|p2a: Gliscor\n|\n|-weather|Sandstorm|[upkeep]\n|upkeep\n|\n|t:|1641102921\n|switch|p2a: Clefable|Clefable, F|100\/100\n|turn|4\n|\n|t:|1641102927\n|move|p1a: Tyranitar|Stone Edge|p2a: Clefable\n|-damage|p2a: Clefable|33\/100\n|move|p2a: Clefable|Moonblast|p1a: Tyranitar\n|-supereffective|p1a: Tyranitar\n|-damage|p1a: Tyranitar|58\/100\n|-unboost|p1a: Tyranitar|spa|1\n|\n|-weather|Sandstorm|[upkeep]\n|-damage|p2a: Clefable|27\/100|[from] Sandstorm\n|-heal|p2a: Clefable|33\/100|[from] item: Leftovers\n|upkeep\n|turn|5\n|\n|t:|1641102935\n|move|p1a: Tyranitar|Stone Edge|p2a: Clefable\n|-damage|p2a: Clefable|0 fnt\n|faint|p2a: Clefable\n|\n|-weather|none\n|upkeep\n|\n|t:|1641102937\n|switch|p2a: Starmie|Starmie|100\/100\n|turn|6\n|\n|t:|1641102940\n|switch|p1a: Rotom|Rotom-Wash|84\/100\n|move|p2a: Starmie|Scald|p1a: Rotom\n|-resisted|p1a: Rotom\n|-damage|p1a: Rotom|69\/100\n|\n|-heal|p1a: Rotom|75\/100|[from] item: Leftovers\n|upkeep\n|turn|7\n|\n|t:|1641102949\n|move|p2a: Starmie|Psychic|p1a: Rotom\n|-damage|p1a: Rotom|39\/100\n|move|p1a: Rotom|Will-O-Wisp|p2a: Starmie\n|-status|p2a: Starmie|brn\n|\n|-heal|p1a: Rotom|46\/100|[from] item: Leftovers\n|-damage|p2a: Starmie|94\/100 brn|[from] brn\n|upkeep\n|turn|8\n|\n|t:|1641102955\n|move|p2a: Starmie|Scald|p1a: Rotom\n|-resisted|p1a: Rotom\n|-damage|p1a: Rotom|30\/100\n|-status|p1a: Rotom|brn\n|move|p1a: Rotom|Volt Switch|p2a: Starmie\n|-supereffective|p2a: Starmie\n|-damage|p2a: Starmie|27\/100 brn\n|\n|t:|1641102963\n|switch|p1a: Jirachi|Jirachi|100\/100|[from]move: Volt Switch\n|\n|-heal|p2a: Starmie|33\/100 brn|[from] item: Leftovers\n|-damage|p2a: Starmie|27\/100 brn|[from] brn\n|upkeep\n|turn|9\n|\n|t:|1641102968\n|move|p2a: Starmie|Recover|p2a: Starmie\n|-heal|p2a: Starmie|77\/100 brn\n|move|p1a: Jirachi|Stealth Rock|p2a: Starmie\n|-sidestart|p2: try me fren|move: Stealth Rock\n|\n|-heal|p2a: Starmie|84\/100 brn|[from] item: Leftovers\n|-damage|p2a: Starmie|77\/100 brn|[from] brn\n|upkeep\n|turn|10\n|\n|t:|1641102972\n|move|p2a: Starmie|Rapid Spin|p1a: Jirachi\n|-resisted|p1a: Jirachi\n|-damage|p1a: Jirachi|99\/100\n|-boost|p2a: Starmie|spe|1\n|-sideend|p2: try me fren|Stealth Rock|[from] move: Rapid Spin|[of] p2a: Starmie\n|move|p1a: Jirachi|Doom Desire|p2a: Starmie\n|-start|p1a: Jirachi|Doom Desire\n|\n|-heal|p2a: Starmie|84\/100 brn|[from] item: Leftovers\n|-heal|p1a: Jirachi|100\/100|[from] item: Leftovers\n|-damage|p2a: Starmie|77\/100 brn|[from] brn\n|upkeep\n|turn|11\n|\n|t:|1641102980\n|-curestatus|p2a: Starmie|brn|[from] ability: Natural Cure\n|switch|p2a: Heatran|Heatran, F|100\/100\n|move|p1a: Jirachi|Stealth Rock|p2a: Heatran\n|-sidestart|p2: try me fren|move: Stealth Rock\n|\n|upkeep\n|turn|12\n|\n|t:|1641102988\n|switch|p1a: Rotom|Rotom-Wash|30\/100 brn\n|move|p2a: Heatran|Magma Storm|p1a: Rotom\n|-resisted|p1a: Rotom\n|-damage|p1a: Rotom|7\/100 brn\n|-activate|p1a: Rotom|move: Magma Storm|[of] p2a: Heatran\n|\n|-end|p2a: Heatran|move: Doom Desire\n|-resisted|p2a: Heatran\n|-damage|p2a: Heatran|90\/100\n|-heal|p2a: Heatran|96\/100|[from] item: Leftovers\n|-heal|p1a: Rotom|13\/100 brn|[from] item: Leftovers\n|-damage|p1a: Rotom|7\/100 brn|[from] brn\n|-damage|p1a: Rotom|0 fnt|[from] move: Magma Storm|[partiallytrapped]\n|faint|p1a: Rotom\n|upkeep\n|\n|t:|1641102991\n|switch|p1a: Mamoswine|Mamoswine, M|100\/100\n|turn|13\n|\n|t:|1641103004\n|move|p2a: Heatran|Protect|p2a: Heatran\n|-singleturn|p2a: Heatran|Protect\n|move|p1a: Mamoswine|Earthquake|p2a: Heatran\n|-activate|p2a: Heatran|move: Protect\n|\n|-heal|p2a: Heatran|100\/100|[from] item: Leftovers\n|upkeep\n|turn|14\n|\n|t:|1641103021\n|move|p1a: Mamoswine|Earthquake|p2a: Heatran\n|-supereffective|p2a: Heatran\n|-damage|p2a: Heatran|0 fnt\n|faint|p2a: Heatran\n|\n|upkeep\n|\n|t:|1641103023\n|switch|p2a: Starmie|Starmie|77\/100\n|-damage|p2a: Starmie|65\/100|[from] Stealth Rock\n|turn|15\n|\n|t:|1641103027\n|switch|p1a: Jirachi|Jirachi|100\/100\n|move|p2a: Starmie|Scald|p1a: Jirachi\n|-damage|p1a: Jirachi|81\/100\n|\n|-heal|p2a: Starmie|71\/100|[from] item: Leftovers\n|-heal|p1a: Jirachi|87\/100|[from] item: Leftovers\n|upkeep\n|turn|16\n|\n|t:|1641103035\n|move|p2a: Starmie|Scald|p1a: Jirachi\n|-damage|p1a: Jirachi|68\/100\n|move|p1a: Jirachi|Doom Desire|p2a: Starmie\n|-start|p1a: Jirachi|Doom Desire\n|\n|-heal|p2a: Starmie|77\/100|[from] item: Leftovers\n|-heal|p1a: Jirachi|74\/100|[from] item: Leftovers\n|upkeep\n|turn|17\n|\n|t:|1641103042\n|move|p2a: Starmie|Rapid Spin|p1a: Jirachi\n|-resisted|p1a: Jirachi\n|-damage|p1a: Jirachi|71\/100\n|-boost|p2a: Starmie|spe|1\n|-sideend|p2: try me fren|Stealth Rock|[from] move: Rapid Spin|[of] p2a: Starmie\n|move|p1a: Jirachi|U-turn|p2a: Starmie\n|-supereffective|p2a: Starmie\n|-damage|p2a: Starmie|43\/100\n|\n|t:|1641103048\n|switch|p1a: Scizor|Scizor, M|100\/100|[from]move: U-turn\n|\n|-heal|p2a: Starmie|49\/100|[from] item: Leftovers\n|upkeep\n|turn|18\n|\n|t:|1641103053\n|switch|p2a: Shedinja|Shedinja|100\/100\n|move|p1a: Scizor|U-turn|p2a: Shedinja\n|-immune|p2a: Shedinja|[from] ability: Wonder Guard\n|\n|-end|p2a: Shedinja|move: Doom Desire\n|-immune|p2a: Shedinja|[from] ability: Wonder Guard\n|upkeep\n|turn|19\n|\n|t:|1641103063\n|switch|p1a: Tyranitar|Tyranitar, F|58\/100\n|-weather|Sandstorm|[from] ability: Sand Stream|[of] p1a: Tyranitar\n|move|p2a: Shedinja|Will-O-Wisp|p1a: Tyranitar\n|-status|p1a: Tyranitar|brn\n|\n|-weather|Sandstorm|[upkeep]\n|-damage|p2a: Shedinja|0 fnt|[from] Sandstorm\n|faint|p2a: Shedinja\n|-damage|p1a: Tyranitar|52\/100 brn|[from] brn\n|upkeep\n|\n|t:|1641103070\n|switch|p2a: Snorlax|Snorlax, F|83\/100\n|turn|20\n|\n|t:|1641103079\n|move|p1a: Tyranitar|Crunch|p2a: Snorlax\n|-damage|p2a: Snorlax|55\/100\n|move|p2a: Snorlax|Curse|p2a: Snorlax\n|-unboost|p2a: Snorlax|spe|1\n|-boost|p2a: Snorlax|atk|1\n|-boost|p2a: Snorlax|def|1\n|\n|-weather|Sandstorm|[upkeep]\n|-damage|p2a: Snorlax|48\/100|[from] Sandstorm\n|-enditem|p2a: Snorlax|Iapapa Berry|[eat]\n|-heal|p2a: Snorlax|81\/100|[from] item: Iapapa Berry\n|-damage|p1a: Tyranitar|46\/100 brn|[from] brn\n|upkeep\n|turn|21\n|\n|t:|1641103090\n|switch|p1a: Jirachi|Jirachi|71\/100\n|move|p2a: Snorlax|Curse|p2a: Snorlax\n|-unboost|p2a: Snorlax|spe|1\n|-boost|p2a: Snorlax|atk|1\n|-boost|p2a: Snorlax|def|1\n|\n|-weather|Sandstorm|[upkeep]\n|-damage|p2a: Snorlax|75\/100|[from] Sandstorm\n|-heal|p1a: Jirachi|77\/100|[from] item: Leftovers\n|upkeep\n|turn|22\n|\n|t:|1641103095\n|move|p1a: Jirachi|Doom Desire|p2a: Snorlax\n|-start|p1a: Jirachi|Doom Desire\n|move|p2a: Snorlax|Recycle|p2a: Snorlax\n|-item|p2a: Snorlax|Iapapa Berry|[from] move: Recycle\n|\n|-weather|Sandstorm|[upkeep]\n|-damage|p2a: Snorlax|69\/100|[from] Sandstorm\n|-heal|p1a: Jirachi|83\/100|[from] item: Leftovers\n|upkeep\n|turn|23\n|\n|t:|1641103098\n|move|p1a: Jirachi|U-turn|p2a: Snorlax\n|-damage|p2a: Snorlax|63\/100\n|\n|t:|1641103102\n|switch|p1a: Starmie|Starmie|100\/100|[from]move: U-turn\n|move|p2a: Snorlax|Curse|p2a: Snorlax\n|-unboost|p2a: Snorlax|spe|1\n|-boost|p2a: Snorlax|atk|1\n|-boost|p2a: Snorlax|def|1\n|\n|-weather|none\n|upkeep\n|turn|24\n|\n|t:|1641103111\n|move|p1a: Starmie|Hydro Pump|p2a: Snorlax|[miss]\n|-miss|p1a: Starmie|p2a: Snorlax\n|move|p2a: Snorlax|Recycle||[still]\n|-fail|p2a: Snorlax\n|\n|-end|p2a: Snorlax|move: Doom Desire\n|-damage|p2a: Snorlax|41\/100\n|-enditem|p2a: Snorlax|Iapapa Berry|[eat]\n|-heal|p2a: Snorlax|73\/100|[from] item: Iapapa Berry\n|upkeep\n|turn|25\n|\n|t:|1641103114\n|move|p1a: Starmie|Hydro Pump|p2a: Snorlax\n|-damage|p2a: Snorlax|42\/100\n|move|p2a: Snorlax|Recycle|p2a: Snorlax\n|-item|p2a: Snorlax|Iapapa Berry|[from] move: Recycle\n|-enditem|p2a: Snorlax|Iapapa Berry|[eat]\n|-heal|p2a: Snorlax|75\/100|[from] item: Iapapa Berry\n|\n|upkeep\n|turn|26\n|\n|t:|1641103118\n|move|p1a: Starmie|Hydro Pump|p2a: Snorlax\n|-damage|p2a: Snorlax|41\/100\n|move|p2a: Snorlax|Recycle|p2a: Snorlax\n|-item|p2a: Snorlax|Iapapa Berry|[from] move: Recycle\n|-enditem|p2a: Snorlax|Iapapa Berry|[eat]\n|-heal|p2a: Snorlax|74\/100|[from] item: Iapapa Berry\n|\n|upkeep\n|turn|27\n|\n|t:|1641103128\n|switch|p1a: Scizor|Scizor, M|100\/100\n|move|p2a: Snorlax|Recycle|p2a: Snorlax\n|-item|p2a: Snorlax|Iapapa Berry|[from] move: Recycle\n|\n|upkeep\n|turn|28\n|\n|t:|1641103131\n|move|p1a: Scizor|Swords Dance|p1a: Scizor\n|-boost|p1a: Scizor|atk|2\n|move|p2a: Snorlax|Curse|p2a: Snorlax\n|-unboost|p2a: Snorlax|spe|1\n|-boost|p2a: Snorlax|atk|1\n|-boost|p2a: Snorlax|def|1\n|\n|upkeep\n|turn|29\n|\n|t:|1641103134\n|move|p1a: Scizor|Swords Dance|p1a: Scizor\n|-boost|p1a: Scizor|atk|2\n|move|p2a: Snorlax|Crunch|p1a: Scizor\n|-damage|p1a: Scizor|53\/100\n|-unboost|p1a: Scizor|def|1\n|\n|-heal|p1a: Scizor|59\/100|[from] item: Leftovers\n|upkeep\n|turn|30\n|\n|t:|1641103141\n|move|p1a: Scizor|U-turn|p2a: Snorlax\n|-damage|p2a: Snorlax|46\/100\n|-enditem|p2a: Snorlax|Iapapa Berry|[eat]\n|-heal|p2a: Snorlax|79\/100|[from] item: Iapapa Berry\n|\n|t:|1641103151\n|switch|p1a: Jirachi|Jirachi|83\/100|[from]move: U-turn\n|move|p2a: Snorlax|Crunch|p1a: Jirachi\n|-supereffective|p1a: Jirachi\n|-damage|p1a: Jirachi|0 fnt\n|faint|p1a: Jirachi\n|\n|upkeep\n|\n|t:|1641103154\n|switch|p1a: Mamoswine|Mamoswine, M|100\/100\n|turn|31\n|\n|t:|1641103158\n|move|p1a: Mamoswine|Earthquake|p2a: Snorlax\n|-damage|p2a: Snorlax|63\/100\n|move|p2a: Snorlax|Curse|p2a: Snorlax\n|-unboost|p2a: Snorlax|spe|1\n|-boost|p2a: Snorlax|atk|1\n|-boost|p2a: Snorlax|def|1\n|\n|upkeep\n|turn|32\n|\n|t:|1641103163\n|move|p1a: Mamoswine|Earthquake|p2a: Snorlax\n|-damage|p2a: Snorlax|50\/100\n|move|p2a: Snorlax|Recycle|p2a: Snorlax\n|-item|p2a: Snorlax|Iapapa Berry|[from] move: Recycle\n|-enditem|p2a: Snorlax|Iapapa Berry|[eat]\n|-heal|p2a: Snorlax|83\/100|[from] item: Iapapa Berry\n|\n|upkeep\n|turn|33\n|\n|t:|1641103168\n|move|p1a: Mamoswine|Earthquake|p2a: Snorlax\n|-damage|p2a: Snorlax|69\/100\n|move|p2a: Snorlax|Curse|p2a: Snorlax\n|-unboost|p2a: Snorlax|spe|1\n|-boost|p2a: Snorlax|atk|1\n|-boost|p2a: Snorlax|def|1\n|\n|upkeep\n|turn|34\n|\n|t:|1641103171\n|move|p1a: Mamoswine|Earthquake|p2a: Snorlax\n|-damage|p2a: Snorlax|57\/100\n|move|p2a: Snorlax|Recycle|p2a: Snorlax\n|-item|p2a: Snorlax|Iapapa Berry|[from] move: Recycle\n|\n|upkeep\n|turn|35\n|\n|t:|1641103176\n|move|p1a: Mamoswine|Earthquake|p2a: Snorlax\n|-damage|p2a: Snorlax|46\/100\n|-enditem|p2a: Snorlax|Iapapa Berry|[eat]\n|-heal|p2a: Snorlax|79\/100|[from] item: Iapapa Berry\n|move|p2a: Snorlax|Facade|p1a: Mamoswine\n|-damage|p1a: Mamoswine|0 fnt\n|faint|p1a: Mamoswine\n|\n|upkeep\n|\n|t:|1641103185\n|switch|p1a: Tyranitar|Tyranitar, F|46\/100 brn\n|-weather|Sandstorm|[from] ability: Sand Stream|[of] p1a: Tyranitar\n|turn|36\n|\n|t:|1641103190\n|move|p1a: Tyranitar|Stone Edge|p2a: Snorlax\n|-damage|p2a: Snorlax|70\/100\n|move|p2a: Snorlax|Recycle|p2a: Snorlax\n|-item|p2a: Snorlax|Iapapa Berry|[from] move: Recycle\n|\n|-weather|Sandstorm|[upkeep]\n|-damage|p2a: Snorlax|64\/100|[from] Sandstorm\n|-damage|p1a: Tyranitar|40\/100 brn|[from] brn\n|upkeep\n|turn|37\n|\n|t:|1641103196\n|move|p1a: Tyranitar|Stone Edge|p2a: Snorlax\n|-damage|p2a: Snorlax|55\/100\n|move|p2a: Snorlax|Facade|p1a: Tyranitar\n|-resisted|p1a: Tyranitar\n|-damage|p1a: Tyranitar|0 fnt\n|faint|p1a: Tyranitar\n|\n|-weather|Sandstorm|[upkeep]\n|-damage|p2a: Snorlax|49\/100|[from] Sandstorm\n|-enditem|p2a: Snorlax|Iapapa Berry|[eat]\n|-heal|p2a: Snorlax|82\/100|[from] item: Iapapa Berry\n|upkeep\n|-message|Buhrito forfeited.\n|\n|win|try me fren\n|raw|Buhrito's rating: 1657 &rarr; <strong>1630<\/strong><br \/>(-27 for losing)\n|raw|try me fren's rating: 1523 &rarr; <strong>1550<\/strong><br \/>(+27 for winning)\n|l|\u2606Buhrito\n","uploadtime":1641103245,"views":28,"p1id":"buhrito","p2id":"trymefren","formatid":"gen8bdspou","rating":1550,"private":0,"password":null}