{"id":"gen8nationaldex-1516082015","p1":"Blacksponge","p2":"FreetheNards","format":"gen8nationaldex","log":"|html|<div class=\"broadcast-blue\"><strong>[Gen 8] National Dex is currently suspecting Dragapult! For information on how to participate check out the <a href=\"https:\/\/www.smogon.com\/forums\/threads\/national-dex-suspect-test-14-ghost-girl.3697927\/\">suspect thread<\/a>.<\/strong><\/div>\n|j|\u2606Blacksponge\n|j|\u2606FreetheNards\n|t:|1645493780\n|gametype|singles\n|player|p1|Blacksponge|265|1277\n|player|p2|FreetheNards|li|1226\n|teamsize|p1|6\n|teamsize|p2|6\n|gen|8\n|tier|[Gen 8] National Dex\n|rated|\n|rule|HP Percentage Mod: HP is shown in percentages\n|rule|Endless Battle Clause: Forcing endless battles is banned\n|rule|OHKO Clause: OHKO moves are banned\n|rule|Evasion Moves Clause: Evasion moves are banned\n|rule|Species Clause: Limit one of each Pok\u00e9mon\n|rule|Dynamax Clause: You cannot dynamax\n|rule|Sleep Clause Mod: Limit one foe put to sleep\n|clearpoke\n|poke|p1|Kyurem|\n|poke|p1|Lopunny, F|\n|poke|p1|Corviknight, F|\n|poke|p1|Blissey, F|\n|poke|p1|Serperior, M|\n|poke|p1|Victini|\n|poke|p2|Magnezone|\n|poke|p2|Sableye, F|\n|poke|p2|Rillaboom, M|\n|poke|p2|Toxapex, M|\n|poke|p2|Chansey, F|\n|poke|p2|Celesteela|\n|teampreview\n|inactive|Battle timer is ON: inactive players will automatically lose when time's up. (requested by FreetheNards)\n|\n|t:|1645493792\n|start\n|switch|p1a: Victini|Victini|100\/100\n|switch|p2a: Magnezone|Magnezone|100\/100\n|turn|1\n|\n|t:|1645493798\n|switch|p2a: Toxapex|Toxapex, M, shiny|100\/100\n|move|p1a: Victini|Trick|p2a: Toxapex\n|-activate|p1a: Victini|move: Trick|[of] p2a: Toxapex\n|-item|p2a: Toxapex|Choice Band|[from] move: Trick\n|-item|p1a: Victini|Black Sludge|[from] move: Trick\n|\n|-damage|p1a: Victini|88\/100|[from] item: Black Sludge\n|upkeep\n|turn|2\n|\n|t:|1645493808\n|switch|p1a: Blissey|Blissey, F|100\/100\n|move|p2a: Toxapex|Toxic Spikes|p1a: Blissey\n|-sidestart|p1: Blacksponge|move: Toxic Spikes\n|\n|upkeep\n|turn|3\n|\n|t:|1645493819\n|move|p1a: Blissey|Stealth Rock|p2a: Toxapex\n|-sidestart|p2: FreetheNards|move: Stealth Rock\n|move|p2a: Toxapex|Toxic Spikes|p1a: Blissey\n|-sidestart|p1: Blacksponge|move: Toxic Spikes\n|\n|upkeep\n|turn|4\n|\n|t:|1645493825\n|switch|p2a: Chansey|Chansey, F|100\/100\n|-damage|p2a: Chansey|88\/100|[from] Stealth Rock\n|move|p1a: Blissey|Teleport|p1a: Blissey\n|\n|t:|1645493830\n|switch|p1a: Corviknight|Corviknight, F|100\/100|[from]move: Teleport\n|-ability|p1a: Corviknight|Pressure\n|\n|upkeep\n|turn|5\n|\n|t:|1645493833\n|switch|p2a: Magnezone|Magnezone|100\/100\n|-damage|p2a: Magnezone|94\/100|[from] Stealth Rock\n|move|p1a: Corviknight|Defog|p2a: Magnezone\n|-unboost|p2a: Magnezone|evasion|1\n|-sideend|p2: FreetheNards|Stealth Rock|[from] move: Defog|[of] p1a: Corviknight\n|-sideend|p1: Blacksponge|Toxic Spikes|[from] move: Defog|[of] p1a: Corviknight\n|\n|upkeep\n|turn|6\n|\n|t:|1645493837\n|switch|p1a: Blissey|Blissey, F|100\/100\n|move|p2a: Magnezone|Thunderbolt|p1a: Blissey\n|-damage|p1a: Blissey|84\/100\n|\n|upkeep\n|turn|7\n|\n|t:|1645493842\n|switch|p2a: Sableye|Sableye, F, shiny|100\/100\n|move|p1a: Blissey|Teleport|p1a: Blissey\n|\n|t:|1645493849\n|switch|p1a: Serperior|Serperior, M|100\/100|[from]move: Teleport\n|\n|upkeep\n|turn|8\n|\n|t:|1645493854\n|detailschange|p2a: Sableye|Sableye-Mega, F, shiny\n|-mega|p2a: Sableye|Sableye|Sablenite\n|move|p1a: Serperior|Leaf Storm|p2a: Sableye\n|-damage|p2a: Sableye|67\/100\n|-boost|p1a: Serperior|spa|2\n|move|p2a: Sableye|Knock Off|p1a: Serperior\n|-damage|p1a: Serperior|62\/100\n|-enditem|p1a: Serperior|Choice Scarf|[from] move: Knock Off|[of] p2a: Sableye\n|\n|upkeep\n|turn|9\n|\n|t:|1645493863\n|switch|p2a: Celesteela|Celesteela, shiny|100\/100\n|move|p1a: Serperior|Leaf Storm|p2a: Celesteela\n|-resisted|p2a: Celesteela\n|-damage|p2a: Celesteela|79\/100\n|-boost|p1a: Serperior|spa|2\n|\n|upkeep\n|turn|10\n|\n|t:|1645493869\n|move|p1a: Serperior|Hidden Power|p2a: Celesteela\n|-supereffective|p2a: Celesteela\n|-damage|p2a: Celesteela|7\/100\n|move|p2a: Celesteela|Heavy Slam|p1a: Serperior\n|-damage|p1a: Serperior|0 fnt\n|faint|p1a: Serperior\n|-ability|p2a: Celesteela|Beast Boost|boost\n|-boost|p2a: Celesteela|atk|1\n|\n|upkeep\n|\n|t:|1645493876\n|switch|p1a: Lopunny|Lopunny, F|100\/100\n|turn|11\n|\n|t:|1645493878\n|detailschange|p1a: Lopunny|Lopunny-Mega, F\n|-mega|p1a: Lopunny|Lopunny|Lopunnite\n|move|p1a: Lopunny|Frustration|p2a: Celesteela\n|-resisted|p2a: Celesteela\n|-damage|p2a: Celesteela|0 fnt\n|faint|p2a: Celesteela\n|\n|upkeep\n|\n|t:|1645493890\n|switch|p2a: Toxapex|Toxapex, M, shiny|100\/100\n|turn|12\n|\n|t:|1645493896\n|move|p1a: Lopunny|U-turn|p2a: Toxapex\n|-resisted|p2a: Toxapex\n|-damage|p2a: Toxapex|94\/100\n|\n|t:|1645493899\n|switch|p1a: Corviknight|Corviknight, F|100\/100|[from]move: U-turn\n|-ability|p1a: Corviknight|Pressure\n|move|p2a: Toxapex|Toxic Spikes|p1a: Corviknight\n|-sidestart|p1: Blacksponge|move: Toxic Spikes\n|\n|upkeep\n|turn|13\n|\n|t:|1645493903\n|switch|p2a: Chansey|Chansey, F|88\/100\n|move|p1a: Corviknight|Defog|p2a: Chansey\n|-unboost|p2a: Chansey|evasion|1\n|-sideend|p1: Blacksponge|Toxic Spikes|[from] move: Defog|[of] p1a: Corviknight\n|\n|upkeep\n|turn|14\n|\n|t:|1645493908\n|move|p1a: Corviknight|U-turn|p2a: Chansey\n|-damage|p2a: Chansey|79\/100\n|\n|t:|1645493910\n|switch|p1a: Blissey|Blissey, F|84\/100|[from]move: U-turn\n|move|p2a: Chansey|Stealth Rock|p1a: Blissey\n|-sidestart|p1: Blacksponge|move: Stealth Rock\n|\n|upkeep\n|turn|15\n|\n|t:|1645493919\n|move|p2a: Chansey|Seismic Toss|p1a: Blissey\n|-damage|p1a: Blissey|70\/100\n|move|p1a: Blissey|Teleport|p1a: Blissey\n|\n|t:|1645493923\n|switch|p1a: Lopunny|Lopunny-Mega, F|100\/100|[from]move: Teleport\n|-damage|p1a: Lopunny|95\/100|[from] Stealth Rock\n|\n|upkeep\n|turn|16\n|\n|t:|1645493927\n|switch|p2a: Toxapex|Toxapex, M, shiny|100\/100\n|move|p1a: Lopunny|Frustration|p2a: Toxapex\n|-damage|p2a: Toxapex|69\/100\n|\n|upkeep\n|turn|17\n|\n|t:|1645493930\n|move|p1a: Lopunny|Frustration|p2a: Toxapex\n|-damage|p2a: Toxapex|37\/100\n|move|p2a: Toxapex|Recover|p2a: Toxapex\n|-heal|p2a: Toxapex|87\/100\n|\n|upkeep\n|turn|18\n|\n|t:|1645493938\n|move|p1a: Lopunny|Close Combat|p2a: Toxapex\n|-resisted|p2a: Toxapex\n|-damage|p2a: Toxapex|70\/100\n|-unboost|p1a: Lopunny|def|1\n|-unboost|p1a: Lopunny|spd|1\n|move|p2a: Toxapex|Recover|p2a: Toxapex\n|-heal|p2a: Toxapex|100\/100\n|\n|upkeep\n|turn|19\n|\n|t:|1645493944\n|switch|p2a: Rillaboom|Rillaboom, M|100\/100\n|-fieldstart|move: Grassy Terrain|[from] ability: Grassy Surge|[of] p2a: Rillaboom\n|move|p1a: Lopunny|Close Combat|p2a: Rillaboom\n|-damage|p2a: Rillaboom|27\/100\n|-unboost|p1a: Lopunny|def|1\n|-unboost|p1a: Lopunny|spd|1\n|\n|-heal|p1a: Lopunny|100\/100|[from] Grassy Terrain\n|-heal|p2a: Rillaboom|34\/100|[from] Grassy Terrain\n|upkeep\n|turn|20\n|\n|t:|1645493948\n|switch|p1a: Corviknight|Corviknight, F|100\/100\n|-damage|p1a: Corviknight|88\/100|[from] Stealth Rock\n|-ability|p1a: Corviknight|Pressure\n|move|p2a: Rillaboom|Drain Punch|p1a: Corviknight\n|-damage|p1a: Corviknight|74\/100\n|-heal|p2a: Rillaboom|42\/100|[from] drain|[of] p1a: Corviknight\n|\n|-heal|p2a: Rillaboom|48\/100|[from] Grassy Terrain\n|upkeep\n|turn|21\n|\n|t:|1645493957\n|switch|p2a: Magnezone|Magnezone|94\/100\n|move|p1a: Corviknight|Brave Bird|p2a: Magnezone\n|-resisted|p2a: Magnezone\n|-damage|p2a: Magnezone|85\/100\n|-damage|p1a: Corviknight|72\/100|[from] Recoil\n|\n|-heal|p2a: Magnezone|91\/100|[from] Grassy Terrain\n|upkeep\n|turn|22\n|\n|t:|1645493963\n|switch|p1a: Blissey|Blissey, F|70\/100\n|move|p2a: Magnezone|Volt Switch|p1a: Blissey\n|-damage|p1a: Blissey|56\/100\n|\n|t:|1645493968\n|switch|p2a: Rillaboom|Rillaboom, M|48\/100|[from]move: Volt Switch\n|\n|-heal|p2a: Rillaboom|54\/100|[from] Grassy Terrain\n|-heal|p1a: Blissey|62\/100|[from] Grassy Terrain\n|upkeep\n|turn|23\n|\n|t:|1645493978\n|move|p2a: Rillaboom|Swords Dance|p2a: Rillaboom\n|-boost|p2a: Rillaboom|atk|2\n|move|p1a: Blissey|Toxic|p2a: Rillaboom\n|-status|p2a: Rillaboom|tox\n|\n|-heal|p2a: Rillaboom|60\/100 tox|[from] Grassy Terrain\n|-heal|p1a: Blissey|68\/100|[from] Grassy Terrain\n|-damage|p2a: Rillaboom|54\/100 tox|[from] psn\n|upkeep\n|turn|24\n|\n|t:|1645493993\n|switch|p1a: Corviknight|Corviknight, F|72\/100\n|-damage|p1a: Corviknight|60\/100|[from] Stealth Rock\n|-ability|p1a: Corviknight|Pressure\n|move|p2a: Rillaboom|Drain Punch|p1a: Corviknight\n|-damage|p1a: Corviknight|31\/100\n|-heal|p2a: Rillaboom|71\/100 tox|[from] drain|[of] p1a: Corviknight\n|\n|-heal|p2a: Rillaboom|77\/100 tox|[from] Grassy Terrain\n|-damage|p2a: Rillaboom|65\/100 tox|[from] psn\n|upkeep\n|turn|25\n|\n|t:|1645494002\n|move|p2a: Rillaboom|Drain Punch|p1a: Corviknight\n|-damage|p1a: Corviknight|2\/100\n|-heal|p2a: Rillaboom|82\/100 tox|[from] drain|[of] p1a: Corviknight\n|move|p1a: Corviknight|Roost|p1a: Corviknight\n|-heal|p1a: Corviknight|52\/100\n|-singleturn|p1a: Corviknight|move: Roost\n|\n|-heal|p2a: Rillaboom|88\/100 tox|[from] Grassy Terrain\n|-heal|p1a: Corviknight|58\/100|[from] Grassy Terrain\n|-damage|p2a: Rillaboom|70\/100 tox|[from] psn\n|upkeep\n|turn|26\n|\n|t:|1645494007\n|move|p2a: Rillaboom|Swords Dance|p2a: Rillaboom\n|-boost|p2a: Rillaboom|atk|2\n|move|p1a: Corviknight|Roost|p1a: Corviknight\n|-heal|p1a: Corviknight|100\/100\n|-singleturn|p1a: Corviknight|move: Roost\n|\n|-heal|p2a: Rillaboom|76\/100 tox|[from] Grassy Terrain\n|-damage|p2a: Rillaboom|51\/100 tox|[from] psn\n|-fieldend|move: Grassy Terrain\n|upkeep\n|turn|27\n|\n|t:|1645494015\n|move|p2a: Rillaboom|Drain Punch|p1a: Corviknight\n|-damage|p1a: Corviknight|52\/100\n|-heal|p2a: Rillaboom|79\/100 tox|[from] drain|[of] p1a: Corviknight\n|move|p1a: Corviknight|Roost|p1a: Corviknight\n|-heal|p1a: Corviknight|100\/100\n|-singleturn|p1a: Corviknight|move: Roost\n|\n|-damage|p2a: Rillaboom|49\/100 tox|[from] psn\n|upkeep\n|turn|28\n|\n|t:|1645494022\n|move|p2a: Rillaboom|Drain Punch|p1a: Corviknight\n|-damage|p1a: Corviknight|54\/100\n|-heal|p2a: Rillaboom|76\/100 tox|[from] drain|[of] p1a: Corviknight\n|move|p1a: Corviknight|U-turn|p2a: Rillaboom\n|-supereffective|p2a: Rillaboom\n|-damage|p2a: Rillaboom|42\/100 tox\n|\n|t:|1645494025\n|switch|p1a: Lopunny|Lopunny-Mega, F|100\/100|[from]move: U-turn\n|-damage|p1a: Lopunny|95\/100|[from] Stealth Rock\n|\n|-damage|p2a: Rillaboom|5\/100 tox|[from] psn\n|upkeep\n|turn|29\n|\n|t:|1645494030\n|move|p1a: Lopunny|Fake Out|p2a: Rillaboom\n|-crit|p2a: Rillaboom\n|-damage|p2a: Rillaboom|0 fnt\n|faint|p2a: Rillaboom\n|\n|upkeep\n|\n|t:|1645494042\n|switch|p2a: Toxapex|Toxapex, M, shiny|100\/100\n|turn|30\n|\n|t:|1645494046\n|switch|p2a: Chansey|Chansey, F|79\/100\n|move|p1a: Lopunny|U-turn|p2a: Chansey\n|-damage|p2a: Chansey|64\/100\n|\n|t:|1645494050\n|switch|p1a: Corviknight|Corviknight, F|54\/100|[from]move: U-turn\n|-damage|p1a: Corviknight|42\/100|[from] Stealth Rock\n|-ability|p1a: Corviknight|Pressure\n|\n|upkeep\n|turn|31\n|\n|t:|1645494054\n|move|p1a: Corviknight|Roost|p1a: Corviknight\n|-heal|p1a: Corviknight|92\/100\n|-singleturn|p1a: Corviknight|move: Roost\n|move|p2a: Chansey|Thunder Wave|p1a: Corviknight\n|-status|p1a: Corviknight|par\n|\n|upkeep\n|turn|32\n|\n|t:|1645494058\n|move|p2a: Chansey|Soft-Boiled|p2a: Chansey\n|-heal|p2a: Chansey|100\/100\n|cant|p1a: Corviknight|par\n|\n|upkeep\n|turn|33\n|\n|t:|1645494063\n|switch|p2a: Magnezone|Magnezone|91\/100\n|move|p1a: Corviknight|Defog|p2a: Magnezone\n|-unboost|p2a: Magnezone|evasion|1\n|-sideend|p1: Blacksponge|Stealth Rock|[from] move: Defog|[of] p1a: Corviknight\n|\n|upkeep\n|turn|34\n|\n|t:|1645494067\n|switch|p1a: Blissey|Blissey, F|68\/100\n|move|p2a: Magnezone|Volt Switch|p1a: Blissey\n|-damage|p1a: Blissey|54\/100\n|\n|t:|1645494072\n|switch|p2a: Sableye|Sableye-Mega, F, shiny|67\/100|[from]move: Volt Switch\n|\n|upkeep\n|turn|35\n|\n|t:|1645494077\n|move|p1a: Blissey|Soft-Boiled|p1a: Blissey\n|-heal|p1a: Blissey|100\/100\n|move|p2a: Sableye|Knock Off|p1a: Blissey\n|-damage|p1a: Blissey|74\/100\n|-enditem|p1a: Blissey|Heavy-Duty Boots|[from] move: Knock Off|[of] p2a: Sableye\n|\n|upkeep\n|turn|36\n|\n|t:|1645494083\n|move|p2a: Sableye|Will-O-Wisp|p1a: Blissey\n|-status|p1a: Blissey|brn\n|move|p1a: Blissey|Teleport|p1a: Blissey\n|\n|t:|1645494087\n|-curestatus|p1a: Blissey|brn|[from] ability: Natural Cure\n|switch|p1a: Victini|Victini|88\/100|[from]move: Teleport\n|\n|-damage|p1a: Victini|76\/100|[from] item: Black Sludge\n|upkeep\n|turn|37\n|\n|t:|1645494091\n|move|p1a: Victini|Bolt Strike|p2a: Sableye\n|-damage|p2a: Sableye|32\/100\n|move|p2a: Sableye|Knock Off|p1a: Victini\n|-supereffective|p1a: Victini\n|-crit|p1a: Victini\n|-damage|p1a: Victini|0 fnt\n|-enditem|p1a: Victini|Black Sludge|[from] move: Knock Off|[of] p2a: Sableye\n|faint|p1a: Victini\n|\n|upkeep\n|\n|t:|1645494094\n|switch|p1a: Kyurem|Kyurem|100\/100\n|-ability|p1a: Kyurem|Pressure\n|turn|38\n|\n|t:|1645494097\n|move|p1a: Kyurem|Ice Beam|p2a: Sableye\n|-damage|p2a: Sableye|0 fnt\n|faint|p2a: Sableye\n|\n|upkeep\n|\n|t:|1645494101\n|switch|p2a: Magnezone|Magnezone|91\/100\n|turn|39\n|\n|t:|1645494103\n|switch|p1a: Blissey|Blissey, F|74\/100\n|move|p2a: Magnezone|Flash Cannon|p1a: Blissey\n|-damage|p1a: Blissey|59\/100\n|\n|upkeep\n|turn|40\n|\n|t:|1645494106\n|switch|p2a: Chansey|Chansey, F|100\/100\n|move|p1a: Blissey|Stealth Rock|p2a: Chansey\n|-sidestart|p2: FreetheNards|move: Stealth Rock\n|\n|upkeep\n|turn|41\n|\n|t:|1645494112\n|move|p1a: Blissey|Toxic|p2a: Chansey\n|-status|p2a: Chansey|tox\n|move|p2a: Chansey|Thunder Wave|p1a: Blissey\n|-status|p1a: Blissey|par\n|\n|-damage|p2a: Chansey|94\/100 tox|[from] psn\n|upkeep\n|turn|42\n|\n|t:|1645494118\n|-curestatus|p2a: Chansey|tox|[from] ability: Natural Cure\n|switch|p2a: Toxapex|Toxapex, M, shiny|100\/100\n|-damage|p2a: Toxapex|88\/100|[from] Stealth Rock\n|-curestatus|p1a: Blissey|par|[from] ability: Natural Cure\n|switch|p1a: Corviknight|Corviknight, F|92\/100 par\n|-ability|p1a: Corviknight|Pressure\n|\n|upkeep\n|turn|43\n|\n|t:|1645494124\n|switch|p1a: Kyurem|Kyurem|100\/100\n|-ability|p1a: Kyurem|Pressure\n|move|p2a: Toxapex|Toxic Spikes|p1a: Kyurem\n|-sidestart|p1: Blacksponge|move: Toxic Spikes\n|\n|upkeep\n|turn|44\n|\n|t:|1645494131\n|switch|p2a: Chansey|Chansey, F|94\/100\n|-damage|p2a: Chansey|82\/100|[from] Stealth Rock\n|move|p1a: Kyurem|Freeze-Dry|p2a: Chansey\n|-damage|p2a: Chansey|66\/100\n|\n|upkeep\n|turn|45\n|\n|t:|1645494135\n|switch|p1a: Corviknight|Corviknight, F|92\/100 par\n|-ability|p1a: Corviknight|Pressure\n|move|p2a: Chansey|Thunder Wave|p1a: Corviknight\n|-fail|p1a: Corviknight|par\n|\n|upkeep\n|turn|46\n|\n|t:|1645494140\n|move|p2a: Chansey|Soft-Boiled|p2a: Chansey\n|-heal|p2a: Chansey|100\/100\n|move|p1a: Corviknight|Defog|p2a: Chansey\n|-unboost|p2a: Chansey|evasion|1\n|-sideend|p2: FreetheNards|Stealth Rock|[from] move: Defog|[of] p1a: Corviknight\n|-sideend|p1: Blacksponge|Toxic Spikes|[from] move: Defog|[of] p1a: Corviknight\n|\n|upkeep\n|turn|47\n|\n|t:|1645494149\n|switch|p1a: Lopunny|Lopunny-Mega, F|95\/100\n|move|p2a: Chansey|Thunder Wave|p1a: Lopunny\n|-status|p1a: Lopunny|par\n|\n|upkeep\n|turn|48\n|\n|t:|1645494155\n|switch|p2a: Toxapex|Toxapex, M, shiny|100\/100\n|move|p1a: Lopunny|Frustration|p2a: Toxapex\n|-damage|p2a: Toxapex|68\/100\n|\n|upkeep\n|turn|49\n|\n|t:|1645494163\n|switch|p1a: Corviknight|Corviknight, F|92\/100 par\n|-ability|p1a: Corviknight|Pressure\n|move|p2a: Toxapex|Toxic Spikes|p1a: Corviknight\n|-sidestart|p1: Blacksponge|move: Toxic Spikes\n|\n|upkeep\n|turn|50\n|\n|t:|1645494172\n|switch|p2a: Magnezone|Magnezone|91\/100\n|move|p1a: Corviknight|Defog|p2a: Magnezone\n|-unboost|p2a: Magnezone|evasion|1\n|-sideend|p1: Blacksponge|Toxic Spikes|[from] move: Defog|[of] p1a: Corviknight\n|\n|upkeep\n|turn|51\n|\n|t:|1645494177\n|switch|p1a: Blissey|Blissey, F|59\/100\n|move|p2a: Magnezone|Volt Switch|p1a: Blissey\n|-damage|p1a: Blissey|46\/100\n|\n|t:|1645494186\n|switch|p2a: Chansey|Chansey, F|100\/100|[from]move: Volt Switch\n|\n|upkeep\n|turn|52\n|\n|t:|1645494190\n|move|p1a: Blissey|Toxic|p2a: Chansey|[miss]\n|-miss|p1a: Blissey|p2a: Chansey\n|move|p2a: Chansey|Seismic Toss|p1a: Blissey\n|-damage|p1a: Blissey|32\/100\n|\n|upkeep\n|turn|53\n|\n|t:|1645494193\n|move|p1a: Blissey|Soft-Boiled|p1a: Blissey\n|-heal|p1a: Blissey|82\/100\n|move|p2a: Chansey|Stealth Rock|p1a: Blissey\n|-sidestart|p1: Blacksponge|move: Stealth Rock\n|\n|upkeep\n|turn|54\n|\n|t:|1645494198\n|switch|p2a: Magnezone|Magnezone|91\/100\n|move|p1a: Blissey|Stealth Rock|p2a: Magnezone\n|-sidestart|p2: FreetheNards|move: Stealth Rock\n|\n|upkeep\n|turn|55\n|\n|t:|1645494202\n|move|p2a: Magnezone|Volt Switch|p1a: Blissey\n|-damage|p1a: Blissey|69\/100\n|\n|t:|1645494205\n|switch|p2a: Toxapex|Toxapex, M, shiny|100\/100|[from]move: Volt Switch\n|-damage|p2a: Toxapex|88\/100|[from] Stealth Rock\n|move|p1a: Blissey|Toxic|p2a: Toxapex\n|-immune|p2a: Toxapex\n|\n|upkeep\n|turn|56\n|\n|t:|1645494211\n|move|p2a: Toxapex|Toxic Spikes|p1a: Blissey\n|-sidestart|p1: Blacksponge|move: Toxic Spikes\n|move|p1a: Blissey|Teleport|p1a: Blissey\n|\n|t:|1645494213\n|switch|p1a: Corviknight|Corviknight, F|92\/100 par|[from]move: Teleport\n|-damage|p1a: Corviknight|80\/100 par|[from] Stealth Rock\n|-ability|p1a: Corviknight|Pressure\n|\n|upkeep\n|turn|57\n|\n|t:|1645494219\n|switch|p2a: Magnezone|Magnezone|91\/100\n|-damage|p2a: Magnezone|85\/100|[from] Stealth Rock\n|move|p1a: Corviknight|Defog|p2a: Magnezone\n|-unboost|p2a: Magnezone|evasion|1\n|-sideend|p2: FreetheNards|Stealth Rock|[from] move: Defog|[of] p1a: Corviknight\n|-sideend|p1: Blacksponge|Toxic Spikes|[from] move: Defog|[of] p1a: Corviknight\n|-sideend|p1: Blacksponge|Stealth Rock|[from] move: Defog|[of] p1a: Corviknight\n|\n|upkeep\n|turn|58\n|\n|t:|1645494225\n|switch|p1a: Blissey|Blissey, F|69\/100\n|move|p2a: Magnezone|Volt Switch|p1a: Blissey\n|-damage|p1a: Blissey|56\/100\n|\n|t:|1645494236\n|switch|p2a: Toxapex|Toxapex, M, shiny|100\/100|[from]move: Volt Switch\n|\n|upkeep\n|turn|59\n|\n|t:|1645494244\n|move|p2a: Toxapex|Toxic Spikes|p1a: Blissey\n|-sidestart|p1: Blacksponge|move: Toxic Spikes\n|move|p1a: Blissey|Teleport|p1a: Blissey\n|\n|t:|1645494246\n|switch|p1a: Lopunny|Lopunny-Mega, F|95\/100 par|[from]move: Teleport\n|\n|upkeep\n|turn|60\n|\n|t:|1645494250\n|cant|p1a: Lopunny|par\n|move|p2a: Toxapex|Toxic Spikes|p1a: Lopunny\n|-sidestart|p1: Blacksponge|move: Toxic Spikes\n|\n|upkeep\n|turn|61\n|\n|t:|1645494254\n|move|p1a: Lopunny|Frustration|p2a: Toxapex\n|-damage|p2a: Toxapex|67\/100\n|move|p2a: Toxapex|Toxic Spikes||[still]\n|-fail|p2a: Toxapex\n|\n|upkeep\n|turn|62\n|\n|t:|1645494260\n|switch|p2a: Chansey|Chansey, F|100\/100\n|move|p1a: Lopunny|Close Combat|p2a: Chansey\n|-supereffective|p2a: Chansey\n|-damage|p2a: Chansey|19\/100\n|-unboost|p1a: Lopunny|def|1\n|-unboost|p1a: Lopunny|spd|1\n|\n|upkeep\n|turn|63\n|\n|t:|1645494272\n|switch|p2a: Toxapex|Toxapex, M, shiny|99\/100\n|move|p1a: Lopunny|Frustration|p2a: Toxapex\n|-damage|p2a: Toxapex|70\/100\n|\n|upkeep\n|turn|64\n|\n|t:|1645494286\n|cant|p1a: Lopunny|par\n|move|p2a: Toxapex|Scald|p1a: Lopunny\n|-damage|p1a: Lopunny|64\/100 par\n|\n|upkeep\n|turn|65\n|\n|t:|1645494291\n|switch|p1a: Blissey|Blissey, F|56\/100\n|-status|p1a: Blissey|tox\n|move|p2a: Toxapex|Scald|p1a: Blissey\n|-damage|p1a: Blissey|50\/100 tox\n|\n|-damage|p1a: Blissey|44\/100 tox|[from] psn\n|upkeep\n|turn|66\n|\n|t:|1645494294\n|switch|p2a: Chansey|Chansey, F|19\/100\n|move|p1a: Blissey|Teleport|p1a: Blissey\n|\n|t:|1645494298\n|-curestatus|p1a: Blissey|tox|[from] ability: Natural Cure\n|switch|p1a: Lopunny|Lopunny-Mega, F|64\/100 par|[from]move: Teleport\n|\n|upkeep\n|turn|67\n|\n|t:|1645494303\n|switch|p2a: Toxapex|Toxapex, M, shiny|100\/100\n|cant|p1a: Lopunny|par\n|\n|upkeep\n|turn|68\n|\n|t:|1645494310\n|switch|p1a: Corviknight|Corviknight, F|80\/100 par\n|-ability|p1a: Corviknight|Pressure\n|move|p2a: Toxapex|Scald|p1a: Corviknight\n|-damage|p1a: Corviknight|64\/100 par\n|\n|upkeep\n|turn|69\n|\n|t:|1645494317\n|switch|p2a: Chansey|Chansey, F|19\/100\n|move|p1a: Corviknight|Defog|p2a: Chansey\n|-unboost|p2a: Chansey|evasion|1\n|-sideend|p1: Blacksponge|Toxic Spikes|[from] move: Defog|[of] p1a: Corviknight\n|\n|upkeep\n|turn|70\n|\n|t:|1645494320\n|move|p2a: Chansey|Soft-Boiled|p2a: Chansey\n|-heal|p2a: Chansey|69\/100\n|move|p1a: Corviknight|Brave Bird|p2a: Chansey\n|-damage|p2a: Chansey|46\/100\n|-damage|p1a: Corviknight|50\/100 par|[from] Recoil\n|\n|upkeep\n|turn|71\n|\n|t:|1645494323\n|move|p2a: Chansey|Soft-Boiled|p2a: Chansey\n|-heal|p2a: Chansey|96\/100\n|cant|p1a: Corviknight|par\n|\n|upkeep\n|turn|72\n|\n|t:|1645494330\n|move|p2a: Chansey|Seismic Toss|p1a: Corviknight\n|-damage|p1a: Corviknight|25\/100 par\n|move|p1a: Corviknight|Roost|p1a: Corviknight\n|-heal|p1a: Corviknight|75\/100 par\n|-singleturn|p1a: Corviknight|move: Roost\n|\n|upkeep\n|turn|73\n|\n|t:|1645494334\n|switch|p1a: Blissey|Blissey, F|44\/100\n|move|p2a: Chansey|Seismic Toss|p1a: Blissey\n|-damage|p1a: Blissey|30\/100\n|\n|upkeep\n|turn|74\n|\n|t:|1645494338\n|move|p1a: Blissey|Soft-Boiled|p1a: Blissey\n|-heal|p1a: Blissey|80\/100\n|move|p2a: Chansey|Thunder Wave|p1a: Blissey\n|-status|p1a: Blissey|par\n|\n|upkeep\n|turn|75\n|\n|t:|1645494344\n|move|p2a: Chansey|Stealth Rock|p1a: Blissey\n|-sidestart|p1: Blacksponge|move: Stealth Rock\n|cant|p1a: Blissey|par\n|\n|upkeep\n|turn|76\n|\n|t:|1645494349\n|move|p2a: Chansey|Thunder Wave|p1a: Blissey|[miss]\n|-miss|p2a: Chansey|p1a: Blissey\n|move|p1a: Blissey|Stealth Rock|p2a: Chansey\n|-sidestart|p2: FreetheNards|move: Stealth Rock\n|\n|upkeep\n|turn|77\n|\n|t:|1645494352\n|move|p2a: Chansey|Seismic Toss|p1a: Blissey\n|-damage|p1a: Blissey|66\/100 par\n|move|p1a: Blissey|Teleport|p1a: Blissey\n|\n|t:|1645494355\n|-curestatus|p1a: Blissey|par|[from] ability: Natural Cure\n|switch|p1a: Lopunny|Lopunny-Mega, F|64\/100 par|[from]move: Teleport\n|-damage|p1a: Lopunny|58\/100 par|[from] Stealth Rock\n|\n|upkeep\n|turn|78\n|\n|t:|1645494364\n|move|p1a: Lopunny|Frustration|p2a: Chansey\n|-damage|p2a: Chansey|60\/100\n|move|p2a: Chansey|Seismic Toss|p1a: Lopunny\n|-damage|p1a: Lopunny|21\/100 par\n|\n|upkeep\n|turn|79\n|\n|t:|1645494373\n|switch|p2a: Toxapex|Toxapex, M, shiny|100\/100\n|-damage|p2a: Toxapex|88\/100|[from] Stealth Rock\n|cant|p1a: Lopunny|par\n|\n|upkeep\n|turn|80\n|\n|t:|1645494379\n|switch|p1a: Kyurem|Kyurem|100\/100\n|-damage|p1a: Kyurem|76\/100|[from] Stealth Rock\n|-ability|p1a: Kyurem|Pressure\n|move|p2a: Toxapex|Scald|p1a: Kyurem\n|-resisted|p1a: Kyurem\n|-damage|p1a: Kyurem|68\/100\n|\n|upkeep\n|turn|81\n|\n|t:|1645494382\n|switch|p2a: Chansey|Chansey, F|60\/100\n|-damage|p2a: Chansey|48\/100|[from] Stealth Rock\n|move|p1a: Kyurem|Focus Blast|p2a: Chansey\n|-supereffective|p2a: Chansey\n|-damage|p2a: Chansey|10\/100\n|\n|upkeep\n|turn|82\n|\n|t:|1645494390\n|move|p1a: Kyurem|Focus Blast|p2a: Chansey\n|-supereffective|p2a: Chansey\n|-damage|p2a: Chansey|0 fnt\n|faint|p2a: Chansey\n|\n|upkeep\n|\n|t:|1645494393\n|switch|p2a: Magnezone|Magnezone|85\/100\n|-damage|p2a: Magnezone|79\/100|[from] Stealth Rock\n|turn|83\n|\n|t:|1645494398\n|switch|p1a: Lopunny|Lopunny-Mega, F|21\/100 par\n|-damage|p1a: Lopunny|15\/100 par|[from] Stealth Rock\n|move|p2a: Magnezone|Flash Cannon|p1a: Lopunny\n|-damage|p1a: Lopunny|0 fnt\n|faint|p1a: Lopunny\n|\n|upkeep\n|\n|t:|1645494400\n|switch|p1a: Blissey|Blissey, F|66\/100\n|-damage|p1a: Blissey|53\/100|[from] Stealth Rock\n|turn|84\n|\n|t:|1645494408\n|switch|p2a: Toxapex|Toxapex, M, shiny|100\/100\n|-damage|p2a: Toxapex|88\/100|[from] Stealth Rock\n|move|p1a: Blissey|Soft-Boiled|p1a: Blissey\n|-heal|p1a: Blissey|100\/100\n|\n|upkeep\n|turn|85\n|\n|t:|1645494426\n|move|p2a: Toxapex|Toxic Spikes|p1a: Blissey\n|-sidestart|p1: Blacksponge|move: Toxic Spikes\n|move|p1a: Blissey|Teleport|p1a: Blissey\n|\n|t:|1645494432\n|switch|p1a: Corviknight|Corviknight, F|75\/100 par|[from]move: Teleport\n|-damage|p1a: Corviknight|63\/100 par|[from] Stealth Rock\n|-ability|p1a: Corviknight|Pressure\n|\n|upkeep\n|turn|86\n|\n|t:|1645494436\n|switch|p2a: Magnezone|Magnezone|79\/100\n|-damage|p2a: Magnezone|73\/100|[from] Stealth Rock\n|move|p1a: Corviknight|Defog|p2a: Magnezone\n|-unboost|p2a: Magnezone|evasion|1\n|-sideend|p2: FreetheNards|Stealth Rock|[from] move: Defog|[of] p1a: Corviknight\n|-sideend|p1: Blacksponge|Toxic Spikes|[from] move: Defog|[of] p1a: Corviknight\n|-sideend|p1: Blacksponge|Stealth Rock|[from] move: Defog|[of] p1a: Corviknight\n|\n|upkeep\n|turn|87\n|\n|t:|1645494443\n|switch|p1a: Blissey|Blissey, F|100\/100\n|move|p2a: Magnezone|Volt Switch|p1a: Blissey\n|-damage|p1a: Blissey|88\/100\n|\n|t:|1645494445\n|switch|p2a: Toxapex|Toxapex, M, shiny|100\/100|[from]move: Volt Switch\n|\n|upkeep\n|turn|88\n|\n|t:|1645494450\n|switch|p1a: Kyurem|Kyurem|68\/100\n|-ability|p1a: Kyurem|Pressure\n|move|p2a: Toxapex|Toxic Spikes|p1a: Kyurem\n|-sidestart|p1: Blacksponge|move: Toxic Spikes\n|\n|upkeep\n|turn|89\n|\n|t:|1645494458\n|move|p1a: Kyurem|Earth Power|p2a: Toxapex\n|-supereffective|p2a: Toxapex\n|-damage|p2a: Toxapex|21\/100\n|move|p2a: Toxapex|Toxic Spikes|p1a: Kyurem\n|-sidestart|p1: Blacksponge|move: Toxic Spikes\n|\n|upkeep\n|turn|90\n|\n|t:|1645494465\n|move|p1a: Kyurem|Earth Power|p2a: Toxapex\n|-supereffective|p2a: Toxapex\n|-damage|p2a: Toxapex|0 fnt\n|faint|p2a: Toxapex\n|\n|upkeep\n|\n|t:|1645494467\n|switch|p2a: Magnezone|Magnezone|73\/100\n|turn|91\n|\n|t:|1645494473\n|move|p2a: Magnezone|Flash Cannon|p1a: Kyurem\n|-supereffective|p1a: Kyurem\n|-damage|p1a: Kyurem|0 fnt\n|faint|p1a: Kyurem\n|\n|upkeep\n|\n|t:|1645494501\n|switch|p1a: Blissey|Blissey, F|88\/100\n|-status|p1a: Blissey|tox\n|turn|92\n|\n|t:|1645494505\n|move|p2a: Magnezone|Flash Cannon|p1a: Blissey\n|-damage|p1a: Blissey|73\/100 tox\n|move|p1a: Blissey|Soft-Boiled|p1a: Blissey\n|-heal|p1a: Blissey|100\/100 tox\n|\n|-damage|p1a: Blissey|94\/100 tox|[from] psn\n|upkeep\n|turn|93\n|\n|t:|1645494509\n|move|p2a: Magnezone|Flash Cannon|p1a: Blissey\n|-damage|p1a: Blissey|80\/100 tox\n|move|p1a: Blissey|Soft-Boiled|p1a: Blissey\n|-heal|p1a: Blissey|100\/100 tox\n|\n|-damage|p1a: Blissey|88\/100 tox|[from] psn\n|upkeep\n|turn|94\n|\n|t:|1645494513\n|move|p2a: Magnezone|Flash Cannon|p1a: Blissey\n|-damage|p1a: Blissey|72\/100 tox\n|move|p1a: Blissey|Soft-Boiled|p1a: Blissey\n|-heal|p1a: Blissey|100\/100 tox\n|\n|-damage|p1a: Blissey|82\/100 tox|[from] psn\n|upkeep\n|turn|95\n|\n|t:|1645494520\n|move|p2a: Magnezone|Flash Cannon|p1a: Blissey\n|-damage|p1a: Blissey|66\/100 tox\n|move|p1a: Blissey|Soft-Boiled|p1a: Blissey\n|-heal|p1a: Blissey|100\/100 tox\n|\n|-damage|p1a: Blissey|76\/100 tox|[from] psn\n|upkeep\n|turn|96\n|\n|t:|1645494524\n|move|p2a: Magnezone|Flash Cannon|p1a: Blissey\n|-damage|p1a: Blissey|60\/100 tox\n|move|p1a: Blissey|Soft-Boiled|p1a: Blissey\n|-heal|p1a: Blissey|100\/100 tox\n|\n|-damage|p1a: Blissey|70\/100 tox|[from] psn\n|upkeep\n|turn|97\n|\n|t:|1645494526\n|move|p2a: Magnezone|Flash Cannon|p1a: Blissey\n|-damage|p1a: Blissey|53\/100 tox\n|move|p1a: Blissey|Soft-Boiled|p1a: Blissey\n|-heal|p1a: Blissey|100\/100 tox\n|\n|-damage|p1a: Blissey|64\/100 tox|[from] psn\n|upkeep\n|turn|98\n|\n|t:|1645494529\n|move|p2a: Magnezone|Flash Cannon|p1a: Blissey\n|-damage|p1a: Blissey|49\/100 tox\n|move|p1a: Blissey|Soft-Boiled|p1a: Blissey\n|-heal|p1a: Blissey|99\/100 tox\n|\n|-damage|p1a: Blissey|56\/100 tox|[from] psn\n|upkeep\n|turn|99\n|\n|t:|1645494532\n|move|p2a: Magnezone|Flash Cannon|p1a: Blissey\n|-damage|p1a: Blissey|40\/100 tox\n|move|p1a: Blissey|Soft-Boiled|p1a: Blissey\n|-heal|p1a: Blissey|90\/100 tox\n|\n|-damage|p1a: Blissey|40\/100 tox|[from] psn\n|upkeep\n|turn|100\n|\n|t:|1645494539\n|move|p2a: Magnezone|Flash Cannon|p1a: Blissey\n|-damage|p1a: Blissey|25\/100 tox\n|move|p1a: Blissey|Soft-Boiled|p1a: Blissey\n|-heal|p1a: Blissey|75\/100 tox\n|\n|-damage|p1a: Blissey|19\/100 tox|[from] psn\n|upkeep\n|turn|101\n|\n|t:|1645494545\n|move|p2a: Magnezone|Flash Cannon|p1a: Blissey\n|-damage|p1a: Blissey|3\/100 tox\n|move|p1a: Blissey|Soft-Boiled|p1a: Blissey\n|-heal|p1a: Blissey|53\/100 tox\n|\n|-damage|p1a: Blissey|0 fnt|[from] psn\n|faint|p1a: Blissey\n|upkeep\n|\n|t:|1645494553\n|switch|p1a: Corviknight|Corviknight, F|63\/100 par\n|-ability|p1a: Corviknight|Pressure\n|turn|102\n|\n|t:|1645494557\n|move|p2a: Magnezone|Flash Cannon|p1a: Corviknight\n|-resisted|p1a: Corviknight\n|-damage|p1a: Corviknight|42\/100 par\n|move|p1a: Corviknight|Roost|p1a: Corviknight\n|-heal|p1a: Corviknight|92\/100 par\n|-singleturn|p1a: Corviknight|move: Roost\n|\n|upkeep\n|turn|103\n|\n|t:|1645494564\n|-activate|p2a: Magnezone|move: Struggle\n|move|p2a: Magnezone|Struggle|p1a: Corviknight\n|-damage|p1a: Corviknight|88\/100 par\n|-damage|p2a: Magnezone|48\/100|[from] recoil\n|move|p1a: Corviknight|Defog|p2a: Magnezone\n|-unboost|p2a: Magnezone|evasion|1\n|-sideend|p1: Blacksponge|Toxic Spikes|[from] move: Defog|[of] p1a: Corviknight\n|\n|upkeep\n|turn|104\n|-message|FreetheNards forfeited.\n|\n|win|Blacksponge\n|raw|Blacksponge's rating: 1277 &rarr; <strong>1298<\/strong><br \/>(+21 for winning)\n|raw|FreetheNards's rating: 1226 &rarr; <strong>1205<\/strong><br \/>(-21 for losing)\n","uploadtime":1645494572,"views":14,"p1id":"blacksponge","p2id":"freethenards","formatid":"gen8nationaldex","rating":1205,"private":0,"password":null}