{"id":"gen8balancedhackmons-1102344238","p1":"Mr.KrustyKrust","p2":"BaddyGames","format":"gen8balancedhackmons","log":"|j|\u2606Mr.KrustyKrust\n|j|\u2606BaddyGames\n|player|p1|Mr.KrustyKrust|168|1329\n|player|p2|BaddyGames|275|1387\n|teamsize|p1|6\n|teamsize|p2|6\n|gametype|singles\n|gen|8\n|tier|[Gen 8] Balanced Hackmons\n|rated|\n|rule|OHKO Clause: OHKO moves are banned\n|rule|Evasion Moves Clause: Evasion moves are banned\n|rule|Forme Clause: Limit one of each forme of a Pok\u00e9mon\n|clearpoke\n|poke|p1|Zekrom|\n|poke|p1|Kyurem-White|\n|poke|p1|Eternatus|\n|poke|p1|Darmanitan-Galar-Zen, F|\n|poke|p1|Barraskewda, F|\n|poke|p1|Zamazenta-Crowned|\n|poke|p2|Kyurem-Black|\n|poke|p2|Dragapult, M|\n|poke|p2|Darmanitan-Galar-Zen, M|\n|poke|p2|Melmetal|\n|poke|p2|Munchlax, F|\n|poke|p2|Zamazenta-Crowned|\n|rule|HP Percentage Mod: HP is shown in percentages\n|rule|Sleep Clause Mod: Limit one foe put to sleep\n|rule|Endless Battle Clause: Forcing endless battles is banned\n|teampreview\n|inactive|Battle timer is ON: inactive players will automatically lose when time's up. (requested by BaddyGames)\n|\n|start\n|switch|p1a: Eternatus|Eternatus|100\/100\n|switch|p2a: Melmetal|Melmetal|100\/100\n|turn|1\n|\n|move|p2a: Melmetal|Substitute|p2a: Melmetal\n|-start|p2a: Melmetal|Substitute\n|-damage|p2a: Melmetal|76\/100\n|move|p1a: Eternatus|Jaw Lock|p2a: Melmetal\n|-activate|p2a: Melmetal|move: Substitute|[damage]\n|\n|-heal|p2a: Melmetal|82\/100|[from] item: Leftovers\n|upkeep\n|turn|2\n|\n|move|p2a: Melmetal|Swords Dance|p2a: Melmetal\n|-boost|p2a: Melmetal|atk|2\n|move|p1a: Eternatus|Jaw Lock|p2a: Melmetal\n|-activate|p2a: Melmetal|move: Substitute|[damage]\n|\n|-heal|p2a: Melmetal|88\/100|[from] item: Leftovers\n|upkeep\n|turn|3\n|\n|switch|p1a: Zamazenta|Zamazenta-Crowned|100\/100\n|move|p2a: Melmetal|Swords Dance|p2a: Melmetal\n|-boost|p2a: Melmetal|atk|2\n|\n|-heal|p2a: Melmetal|94\/100|[from] item: Leftovers\n|upkeep\n|turn|4\n|\n|move|p1a: Zamazenta|Topsy-Turvy||[still]\n|-fail|p1a: Zamazenta\n|move|p2a: Melmetal|Baton Pass|p2a: Melmetal\n|\n|switch|p2a: Dragapult|Dragapult, M|100\/100|[from]move: Baton Pass\n|\n|upkeep\n|turn|5\n|\n|switch|p1a: Eternatus|Eternatus|100\/100\n|move|p2a: Dragapult|Entrainment|p1a: Eternatus\n|-endability|p1a: Eternatus|Corrosion|[from] move: Entrainment\n|-ability|p1a: Eternatus|Normalize|[from] move: Entrainment\n|\n|upkeep\n|turn|6\n|inactive|BaddyGames has 120 seconds left.\n|\n|switch|p1a: Barraskewda|Barraskewda, F|100\/100\n|move|p2a: Dragapult|Shift Gear|p2a: Dragapult\n|-boost|p2a: Dragapult|spe|2\n|-boost|p2a: Dragapult|atk|1\n|\n|upkeep\n|turn|7\n|inactive|BaddyGames has 120 seconds left.\n|j| Andrew Linfante\n|inactive|Mr.KrustyKrust has 120 seconds left.\n|\n|-start|p1a: Barraskewda|Dynamax\n|-heal|p1a: Barraskewda|100\/100|[silent]\n|move|p2a: Dragapult|Entrainment||[still]\n|-fail|p2a: Dragapult\n|move|p1a: Barraskewda|Max Geyser|p2a: Dragapult\n|-resisted|p2a: Dragapult\n|-end|p2a: Dragapult|Substitute\n|-weather|RainDance\n|\n|-weather|RainDance|[upkeep]\n|upkeep\n|turn|8\n|inactive|BaddyGames has 120 seconds left.\n|\n|move|p2a: Dragapult|Multi-Attack|p1a: Barraskewda\n|-damage|p1a: Barraskewda|0 fnt\n|faint|p1a: Barraskewda\n|\n|-weather|RainDance|[upkeep]\n|upkeep\n|\n|switch|p1a: Zamazenta|Zamazenta-Crowned|100\/100\n|turn|9\n|\n|move|p1a: Zamazenta|Topsy-Turvy|p2a: Dragapult\n|-invertboost|p2a: Dragapult|[from] move: Topsy-Turvy\n|move|p2a: Dragapult|Entrainment|p1a: Zamazenta\n|-endability|p1a: Zamazenta|Prankster|[from] move: Entrainment\n|-ability|p1a: Zamazenta|Normalize|[from] move: Entrainment\n|\n|-weather|RainDance|[upkeep]\n|upkeep\n|turn|10\n|\n|switch|p1a: Eternatus|Eternatus|100\/100\n|switch|p2a: Melmetal|Melmetal|94\/100\n|\n|-weather|RainDance|[upkeep]\n|-heal|p2a: Melmetal|99\/100|[from] item: Leftovers\n|upkeep\n|turn|11\n|\n|switch|p1a: Darmanitan-Galar-Z|Darmanitan-Galar-Zen, F|100\/100\n|move|p2a: Melmetal|Substitute|p2a: Melmetal\n|-start|p2a: Melmetal|Substitute\n|-damage|p2a: Melmetal|75\/100\n|\n|-weather|none\n|-heal|p2a: Melmetal|81\/100|[from] item: Leftovers\n|upkeep\n|turn|12\n|\n|move|p2a: Melmetal|Baton Pass|p2a: Melmetal\n|\n|switch|p2a: Zamazenta|Zamazenta-Crowned|100\/100|[from]move: Baton Pass\n|move|p1a: Darmanitan-Galar-Z|V-create|p2a: Zamazenta\n|-supereffective|p2a: Zamazenta\n|-end|p2a: Zamazenta|Substitute\n|-unboost|p1a: Darmanitan-Galar-Z|spe|1\n|-unboost|p1a: Darmanitan-Galar-Z|def|1\n|-unboost|p1a: Darmanitan-Galar-Z|spd|1\n|\n|upkeep\n|turn|13\n|\n|switch|p1a: Zekrom|Zekrom, shiny|100\/100\n|move|p2a: Zamazenta|Drain Punch|p1a: Zekrom\n|-damage|p1a: Zekrom|70\/100\n|-damage|p2a: Zamazenta|91\/100|[from] item: Life Orb\n|\n|upkeep\n|turn|14\n|\n|switch|p2a: Melmetal|Melmetal|81\/100\n|move|p1a: Zekrom|Bolt Beak|p2a: Melmetal\n|-damage|p2a: Melmetal|9\/100\n|-damage|p1a: Zekrom|60\/100|[from] item: Life Orb\n|\n|-heal|p2a: Melmetal|15\/100|[from] item: Leftovers\n|upkeep\n|turn|15\n|\n|switch|p1a: Kyurem|Kyurem-White, shiny|100\/100\n|move|p2a: Melmetal|Swords Dance|p2a: Melmetal\n|-boost|p2a: Melmetal|atk|2\n|\n|-heal|p2a: Melmetal|22\/100|[from] item: Leftovers\n|upkeep\n|turn|16\n|\n|move|p2a: Melmetal|Baton Pass|p2a: Melmetal\n|\n|switch|p2a: Kyurem|Kyurem-Black|100\/100|[from]move: Baton Pass\n|move|p1a: Kyurem|Boomburst|p2a: Kyurem\n|-damage|p2a: Kyurem|12\/100\n|\n|upkeep\n|turn|17\n|\n|move|p2a: Kyurem|Fake Out|p1a: Kyurem\n|-damage|p1a: Kyurem|56\/100\n|cant|p1a: Kyurem|flinch\n|\n|upkeep\n|turn|18\n|\n|switch|p1a: Zamazenta|Zamazenta-Crowned|100\/100\n|move|p2a: Kyurem|Extreme Speed|p1a: Zamazenta\n|-resisted|p1a: Zamazenta\n|-damage|p1a: Zamazenta|63\/100\n|\n|-heal|p1a: Zamazenta|70\/100|[from] item: Leftovers\n|upkeep\n|turn|19\n|\n|move|p1a: Zamazenta|Topsy-Turvy|p2a: Kyurem\n|-invertboost|p2a: Kyurem|[from] move: Topsy-Turvy\n|move|p2a: Kyurem|Body Slam|p1a: Zamazenta\n|-resisted|p1a: Zamazenta\n|-damage|p1a: Zamazenta|58\/100\n|\n|-heal|p1a: Zamazenta|64\/100|[from] item: Leftovers\n|upkeep\n|turn|20\n|\n|move|p2a: Kyurem|Body Slam|p1a: Zamazenta\n|-resisted|p1a: Zamazenta\n|-damage|p1a: Zamazenta|55\/100\n|move|p1a: Zamazenta|U-turn|p2a: Kyurem\n|-damage|p2a: Kyurem|0 fnt\n|faint|p2a: Kyurem\n|\n|switch|p1a: Kyurem|Kyurem-White, shiny|56\/100|[from]move: U-turn\n|\n|upkeep\n|\n|switch|p2a: Zamazenta|Zamazenta-Crowned|91\/100\n|turn|21\n|\n|switch|p1a: Eternatus|Eternatus|100\/100\n|move|p2a: Zamazenta|Swords Dance|p2a: Zamazenta\n|-boost|p2a: Zamazenta|atk|2\n|\n|upkeep\n|turn|22\n|\n|move|p2a: Zamazenta|Drain Punch|p1a: Eternatus\n|-resisted|p1a: Eternatus\n|-damage|p1a: Eternatus|72\/100\n|-heal|p2a: Zamazenta|100\/100|[from] drain|[of] p1a: Eternatus\n|-damage|p2a: Zamazenta|91\/100|[from] item: Life Orb\n|move|p1a: Eternatus|Jaw Lock|p2a: Zamazenta\n|-resisted|p2a: Zamazenta\n|-damage|p2a: Zamazenta|86\/100\n|-activate|p1a: Eternatus|trapped\n|-activate|p2a: Zamazenta|trapped\n|\n|upkeep\n|turn|23\n|\n|move|p1a: Eternatus|Strength Sap|p2a: Zamazenta\n|-unboost|p2a: Zamazenta|atk|1\n|-heal|p1a: Eternatus|100\/100\n|move|p2a: Zamazenta|Swords Dance|p2a: Zamazenta\n|-boost|p2a: Zamazenta|atk|2\n|\n|upkeep\n|turn|24\n|\n|move|p1a: Eternatus|Toxic|p2a: Zamazenta\n|-status|p2a: Zamazenta|tox\n|move|p2a: Zamazenta|Swords Dance|p2a: Zamazenta\n|-boost|p2a: Zamazenta|atk|2\n|\n|-damage|p2a: Zamazenta|79\/100 tox|[from] psn\n|upkeep\n|turn|25\n|\n|move|p1a: Eternatus|Strength Sap|p2a: Zamazenta\n|-unboost|p2a: Zamazenta|atk|1\n|move|p2a: Zamazenta|Swords Dance|p2a: Zamazenta\n|-boost|p2a: Zamazenta|atk|2\n|\n|-damage|p2a: Zamazenta|67\/100 tox|[from] psn\n|upkeep\n|turn|26\n|\n|move|p2a: Zamazenta|Drain Punch|p1a: Eternatus\n|-resisted|p1a: Eternatus\n|-damage|p1a: Eternatus|46\/100\n|-heal|p2a: Zamazenta|100\/100 tox|[from] drain|[of] p1a: Eternatus\n|-damage|p2a: Zamazenta|91\/100 tox|[from] item: Life Orb\n|move|p1a: Eternatus|Strength Sap|p2a: Zamazenta\n|-unboost|p2a: Zamazenta|atk|1\n|-heal|p1a: Eternatus|100\/100\n|\n|-damage|p2a: Zamazenta|72\/100 tox|[from] psn\n|upkeep\n|turn|27\n|\n|move|p2a: Zamazenta|Drain Punch|p1a: Eternatus\n|-resisted|p1a: Eternatus\n|-damage|p1a: Eternatus|53\/100\n|-heal|p2a: Zamazenta|100\/100 tox|[from] drain|[of] p1a: Eternatus\n|-damage|p2a: Zamazenta|91\/100 tox|[from] item: Life Orb\n|move|p1a: Eternatus|Strength Sap|p2a: Zamazenta\n|-unboost|p2a: Zamazenta|atk|1\n|-heal|p1a: Eternatus|100\/100\n|\n|-damage|p2a: Zamazenta|66\/100 tox|[from] psn\n|upkeep\n|turn|28\n|\n|move|p2a: Zamazenta|Drain Punch|p1a: Eternatus\n|-resisted|p1a: Eternatus\n|-damage|p1a: Eternatus|56\/100\n|-heal|p2a: Zamazenta|94\/100 tox|[from] drain|[of] p1a: Eternatus\n|-damage|p2a: Zamazenta|84\/100 tox|[from] item: Life Orb\n|move|p1a: Eternatus|Strength Sap|p2a: Zamazenta\n|-unboost|p2a: Zamazenta|atk|1\n|-heal|p1a: Eternatus|100\/100\n|\n|-damage|p2a: Zamazenta|53\/100 tox|[from] psn\n|upkeep\n|turn|29\n|\n|move|p2a: Zamazenta|Drain Punch|p1a: Eternatus\n|-resisted|p1a: Eternatus\n|-damage|p1a: Eternatus|62\/100\n|-heal|p2a: Zamazenta|77\/100 tox|[from] drain|[of] p1a: Eternatus\n|-damage|p2a: Zamazenta|67\/100 tox|[from] item: Life Orb\n|move|p1a: Eternatus|Strength Sap|p2a: Zamazenta\n|-unboost|p2a: Zamazenta|atk|1\n|-heal|p1a: Eternatus|100\/100\n|\n|-damage|p2a: Zamazenta|30\/100 tox|[from] psn\n|upkeep\n|turn|30\n|\n|move|p2a: Zamazenta|Drain Punch|p1a: Eternatus\n|-resisted|p1a: Eternatus\n|-damage|p1a: Eternatus|70\/100\n|-heal|p2a: Zamazenta|49\/100 tox|[from] drain|[of] p1a: Eternatus\n|-damage|p2a: Zamazenta|39\/100 tox|[from] item: Life Orb\n|move|p1a: Eternatus|Dynamax Cannon|p2a: Zamazenta\n|-resisted|p2a: Zamazenta\n|-damage|p2a: Zamazenta|23\/100 tox\n|\n|-damage|p2a: Zamazenta|0 fnt|[from] psn\n|faint|p2a: Zamazenta\n|upkeep\n|\n|switch|p2a: Dragapult|Dragapult, M|100\/100\n|turn|31\n|\n|move|p2a: Dragapult|Entrainment|p1a: Eternatus\n|-endability|p1a: Eternatus|Corrosion|[from] move: Entrainment\n|-ability|p1a: Eternatus|Normalize|[from] move: Entrainment\n|move|p1a: Eternatus|Toxic|p2a: Dragapult\n|-status|p2a: Dragapult|tox\n|\n|-damage|p2a: Dragapult|94\/100 tox|[from] psn\n|upkeep\n|turn|32\n|\n|switch|p2a: Darmanitan-Galar-Z|Darmanitan-Galar-Zen, M|100\/100\n|move|p1a: Eternatus|Strength Sap|p2a: Darmanitan-Galar-Z\n|-unboost|p2a: Darmanitan-Galar-Z|atk|2\n|-heal|p1a: Eternatus|100\/100\n|-enditem|p2a: Darmanitan-Galar-Z|White Herb\n|-clearnegativeboost|p2a: Darmanitan-Galar-Z|[silent]\n|\n|upkeep\n|turn|33\n|\n|switch|p1a: Zamazenta|Zamazenta-Crowned|55\/100\n|move|p2a: Darmanitan-Galar-Z|Shell Smash|p2a: Darmanitan-Galar-Z\n|-unboost|p2a: Darmanitan-Galar-Z|def|2\n|-unboost|p2a: Darmanitan-Galar-Z|spd|2\n|-boost|p2a: Darmanitan-Galar-Z|atk|4\n|-boost|p2a: Darmanitan-Galar-Z|spa|4\n|-boost|p2a: Darmanitan-Galar-Z|spe|4\n|\n|-heal|p1a: Zamazenta|61\/100|[from] item: Leftovers\n|upkeep\n|turn|34\n|\n|switch|p2a: Melmetal|Melmetal|22\/100\n|move|p1a: Zamazenta|Topsy-Turvy||[still]\n|-fail|p1a: Zamazenta\n|\n|-heal|p1a: Zamazenta|67\/100|[from] item: Leftovers\n|-heal|p2a: Melmetal|28\/100|[from] item: Leftovers\n|upkeep\n|turn|35\n|\n|move|p2a: Melmetal|Substitute|p2a: Melmetal\n|-start|p2a: Melmetal|Substitute\n|-damage|p2a: Melmetal|3\/100\n|move|p1a: Zamazenta|U-turn|p2a: Melmetal\n|-resisted|p2a: Melmetal\n|-activate|p2a: Melmetal|move: Substitute|[damage]\n|\n|switch|p1a: Kyurem|Kyurem-White, shiny|56\/100|[from]move: U-turn\n|\n|-heal|p2a: Melmetal|9\/100|[from] item: Leftovers\n|upkeep\n|turn|36\n|\n|switch|p2a: Munchlax|Munchlax, F|100\/100\n|-transform|p2a: Munchlax|p1a: Kyurem|[from] ability: Imposter\n|move|p1a: Kyurem|Shell Smash|p1a: Kyurem\n|-unboost|p1a: Kyurem|def|1\n|-unboost|p1a: Kyurem|spd|1\n|-boost|p1a: Kyurem|atk|2\n|-boost|p1a: Kyurem|spa|2\n|-boost|p1a: Kyurem|spe|2\n|\n|upkeep\n|turn|37\n|\n|switch|p2a: Melmetal|Melmetal|9\/100\n|move|p1a: Kyurem|Dynamax Cannon|p2a: Melmetal\n|-resisted|p2a: Melmetal\n|-damage|p2a: Melmetal|0 fnt\n|faint|p2a: Melmetal\n|\n|upkeep\n|\n|switch|p2a: Munchlax|Munchlax, F|100\/100\n|-transform|p2a: Munchlax|p1a: Kyurem|[from] ability: Imposter\n|turn|38\n|\n|move|p1a: Kyurem|Dynamax Cannon|p2a: Munchlax\n|-supereffective|p2a: Munchlax\n|-damage|p2a: Munchlax|0 fnt\n|faint|p2a: Munchlax\n|\n|upkeep\n|\n|switch|p2a: Dragapult|Dragapult, M|94\/100 tox\n|turn|39\n|\n|move|p1a: Kyurem|Boomburst|p2a: Dragapult\n|-supereffective|p2a: Dragapult\n|-damage|p2a: Dragapult|0 fnt\n|faint|p2a: Dragapult\n|\n|upkeep\n|\n|switch|p2a: Darmanitan-Galar-Z|Darmanitan-Galar-Zen, M|100\/100\n|turn|40\n|\n|-start|p2a: Darmanitan-Galar-Z|Dynamax\n|-heal|p2a: Darmanitan-Galar-Z|100\/100|[silent]\n|move|p1a: Kyurem|Dynamax Cannon|p2a: Darmanitan-Galar-Z\n|-damage|p2a: Darmanitan-Galar-Z|0 fnt\n|faint|p2a: Darmanitan-Galar-Z\n|\n|win|Mr.KrustyKrust\n|raw|Mr.KrustyKrust's rating: 1329 &rarr; <strong>1352<\/strong><br \/>(+23 for winning)\n|raw|BaddyGames's rating: 1387 &rarr; <strong>1363<\/strong><br \/>(-24 for losing)\n|c|\u2606Mr.KrustyKrust|gg\n|l|\u2606BaddyGames\n|l|\u2606Mr.KrustyKrust\n","uploadtime":1587700090,"views":7,"p1id":"mrkrustykrust","p2id":"baddygames","formatid":"gen8balancedhackmons","rating":1352,"private":0,"password":null}