{"id":"gen8ou-1126948790","p1":"Rorschach I","p2":"deathby1000cuts","format":"gen8ou","log":"|j|\u2606Rorschach I\n|j|\u2606deathby1000cuts\n|player|p1|Rorschach I|cynthia|1737\n|player|p2|deathby1000cuts|n|1786\n|teamsize|p1|6\n|teamsize|p2|6\n|gametype|singles\n|gen|8\n|tier|[Gen 8] OU\n|rated|\n|clearpoke\n|poke|p1|Terrakion|\n|poke|p1|Aegislash, M|\n|poke|p1|Crawdaunt, F|\n|poke|p1|Zeraora|\n|poke|p1|Kyurem|\n|poke|p1|Togekiss, F|\n|poke|p2|Torkoal, M|\n|poke|p2|Rillaboom, M|\n|poke|p2|Primarina, F|\n|poke|p2|Zeraora|\n|poke|p2|Hawlucha, M|\n|poke|p2|Venusaur, M|\n|rule|Sleep Clause Mod: Limit one foe put to sleep\n|rule|Species Clause: Limit one of each Pok\u00e9mon\n|rule|OHKO Clause: OHKO moves are banned\n|rule|Evasion Moves Clause: Evasion moves are banned\n|rule|Endless Battle Clause: Forcing endless battles is banned\n|rule|HP Percentage Mod: HP is shown in percentages\n|rule|Dynamax Clause: You cannot dynamax\n|teampreview\n|\n|start\n|switch|p1a: Kyurem|Kyurem|100\/100\n|switch|p2a: Rillaboom|Rillaboom, M|100\/100\n|-ability|p1a: Kyurem|Pressure\n|-fieldstart|move: Grassy Terrain|[from] ability: Grassy Surge|[of] p2a: Rillaboom\n|turn|1\n|\n|move|p1a: Kyurem|Freeze-Dry|p2a: Rillaboom\n|-supereffective|p2a: Rillaboom\n|-damage|p2a: Rillaboom|0 fnt\n|faint|p2a: Rillaboom\n|\n|upkeep\n|j| ReqBlockerHeHe\n|\n|switch|p2a: Torkoal|Torkoal, M|100\/100\n|-weather|SunnyDay|[from] ability: Drought|[of] p2a: Torkoal\n|turn|2\n|\n|move|p1a: Kyurem|Freeze-Dry|p2a: Torkoal\n|-resisted|p2a: Torkoal\n|-damage|p2a: Torkoal|66\/100\n|move|p2a: Torkoal|Stealth Rock|p1a: Kyurem\n|-sidestart|p1: Rorschach I|move: Stealth Rock\n|\n|-weather|SunnyDay|[upkeep]\n|-heal|p2a: Torkoal|72\/100|[from] Grassy Terrain\n|upkeep\n|turn|3\n|c| ReqBlockerHeHe|is your name from a book\n|\n|move|p1a: Kyurem|Freeze-Dry|p2a: Torkoal\n|-resisted|p2a: Torkoal\n|-damage|p2a: Torkoal|37\/100\n|move|p2a: Torkoal|Yawn|p1a: Kyurem\n|-start|p1a: Kyurem|move: Yawn|[of] p2a: Torkoal\n|\n|-weather|SunnyDay|[upkeep]\n|-heal|p2a: Torkoal|43\/100|[from] Grassy Terrain\n|upkeep\n|turn|4\n|j| OilyBootySpex\n|\n|switch|p1a: Togekiss|Togekiss, F|100\/100\n|-damage|p1a: Togekiss|76\/100|[from] Stealth Rock\n|move|p2a: Torkoal|Yawn|p1a: Togekiss\n|-start|p1a: Togekiss|move: Yawn|[of] p2a: Torkoal\n|\n|-weather|SunnyDay|[upkeep]\n|-heal|p2a: Torkoal|49\/100|[from] Grassy Terrain\n|upkeep\n|turn|5\n|\n|switch|p1a: Terrakion|Terrakion|100\/100\n|-damage|p1a: Terrakion|94\/100|[from] Stealth Rock\n|switch|p2a: Hawlucha|Hawlucha, M|100\/100\n|-enditem|p2a: Hawlucha|Grassy Seed\n|-boost|p2a: Hawlucha|def|1|[from] item: Grassy Seed\n|\n|-weather|SunnyDay|[upkeep]\n|-heal|p1a: Terrakion|100\/100|[from] Grassy Terrain\n|-fieldend|move: Grassy Terrain\n|upkeep\n|turn|6\n|j| Frostigar479\n|l| Frostigar479\n|\n|move|p2a: Hawlucha|Swords Dance|p2a: Hawlucha\n|-boost|p2a: Hawlucha|atk|2\n|move|p1a: Terrakion|Rock Tomb|p2a: Hawlucha\n|-damage|p2a: Hawlucha|72\/100\n|-unboost|p2a: Hawlucha|spe|1\n|\n|-weather|none\n|upkeep\n|turn|7\n|\n|move|p2a: Hawlucha|Acrobatics|p1a: Terrakion\n|-enditem|p1a: Terrakion|Focus Sash\n|-damage|p1a: Terrakion|1\/100\n|move|p1a: Terrakion|Rock Tomb|p2a: Hawlucha\n|-damage|p2a: Hawlucha|46\/100\n|-unboost|p2a: Hawlucha|spe|1\n|\n|upkeep\n|turn|8\n|j| tapu moxo\n|\n|move|p1a: Terrakion|Stealth Rock|p2a: Hawlucha\n|-sidestart|p2: deathby1000cuts|move: Stealth Rock\n|move|p2a: Hawlucha|Acrobatics|p1a: Terrakion\n|-damage|p1a: Terrakion|0 fnt\n|faint|p1a: Terrakion\n|\n|upkeep\n|\n|switch|p1a: Togekiss|Togekiss, F|76\/100\n|-damage|p1a: Togekiss|51\/100|[from] Stealth Rock\n|turn|9\n|\n|move|p1a: Togekiss|Air Slash|p2a: Hawlucha\n|-supereffective|p2a: Hawlucha\n|-crit|p2a: Hawlucha\n|-damage|p2a: Hawlucha|0 fnt\n|faint|p2a: Hawlucha\n|\n|upkeep\n|\n|switch|p2a: Zeraora|Zeraora|100\/100\n|-damage|p2a: Zeraora|88\/100|[from] Stealth Rock\n|turn|10\n|\n|move|p1a: Togekiss|Air Slash|p2a: Zeraora\n|-resisted|p2a: Zeraora\n|-damage|p2a: Zeraora|64\/100\n|cant|p2a: Zeraora|flinch\n|\n|upkeep\n|turn|11\n|j| HeavenStar\n|\n|move|p1a: Togekiss|Air Slash|p2a: Zeraora\n|-resisted|p2a: Zeraora\n|-damage|p2a: Zeraora|36\/100\n|cant|p2a: Zeraora|flinch\n|\n|upkeep\n|turn|12\n|\n|move|p1a: Togekiss|Air Slash|p2a: Zeraora\n|-resisted|p2a: Zeraora\n|-damage|p2a: Zeraora|11\/100\n|move|p2a: Zeraora|Plasma Fists|p1a: Togekiss\n|-supereffective|p1a: Togekiss\n|-damage|p1a: Togekiss|0 fnt\n|-fieldactivate|move: Ion Deluge\n|faint|p1a: Togekiss\n|\n|upkeep\n|\n|switch|p1a: Crawdaunt|Crawdaunt, F|100\/100\n|-damage|p1a: Crawdaunt|88\/100|[from] Stealth Rock\n|turn|13\n|\n|switch|p2a: Primarina|Primarina, F|100\/100\n|-damage|p2a: Primarina|88\/100|[from] Stealth Rock\n|move|p1a: Crawdaunt|Aqua Jet|p2a: Primarina\n|-resisted|p2a: Primarina\n|-damage|p2a: Primarina|64\/100\n|-damage|p1a: Crawdaunt|78\/100|[from] item: Life Orb\n|\n|-heal|p2a: Primarina|70\/100|[from] item: Leftovers\n|upkeep\n|turn|14\n|\n|move|p1a: Crawdaunt|Knock Off|p2a: Primarina\n|-resisted|p2a: Primarina\n|-damage|p2a: Primarina|18\/100\n|-enditem|p2a: Primarina|Leftovers|[from] move: Knock Off|[of] p1a: Crawdaunt\n|-damage|p1a: Crawdaunt|69\/100|[from] item: Life Orb\n|move|p2a: Primarina|Moonblast|p1a: Crawdaunt\n|-supereffective|p1a: Crawdaunt\n|-damage|p1a: Crawdaunt|0 fnt\n|faint|p1a: Crawdaunt\n|\n|upkeep\n|\n|switch|p1a: Kyurem|Kyurem|100\/100\n|-damage|p1a: Kyurem|76\/100|[from] Stealth Rock\n|-ability|p1a: Kyurem|Pressure\n|turn|15\n|\n|move|p1a: Kyurem|Ice Beam|p2a: Primarina\n|-resisted|p2a: Primarina\n|-damage|p2a: Primarina|0 fnt\n|faint|p2a: Primarina\n|\n|upkeep\n|\n|switch|p2a: Torkoal|Torkoal, M|49\/100\n|-weather|SunnyDay|[from] ability: Drought|[of] p2a: Torkoal\n|turn|16\n|\n|move|p1a: Kyurem|Ice Beam|p2a: Torkoal\n|-resisted|p2a: Torkoal\n|-damage|p2a: Torkoal|7\/100\n|move|p2a: Torkoal|Lava Plume|p1a: Kyurem\n|-damage|p1a: Kyurem|39\/100\n|-status|p1a: Kyurem|brn\n|\n|-weather|SunnyDay|[upkeep]\n|-damage|p1a: Kyurem|33\/100 brn|[from] brn\n|upkeep\n|turn|17\n|\n|switch|p2a: Zeraora|Zeraora|11\/100\n|-damage|p2a: Zeraora|0 fnt|[from] Stealth Rock\n|faint|p2a: Zeraora\n|move|p1a: Kyurem|Ice Beam|p2: Zeraora|[notarget]\n|-fail|p1a: Kyurem\n|\n|-weather|SunnyDay|[upkeep]\n|-damage|p1a: Kyurem|27\/100 brn|[from] brn\n|upkeep\n|\n|switch|p2a: Venusaur|Venusaur, M|100\/100\n|-damage|p2a: Venusaur|88\/100|[from] Stealth Rock\n|turn|18\n|\n|move|p2a: Venusaur|Weather Ball|p1a: Kyurem\n|-damage|p1a: Kyurem|0 fnt\n|-damage|p2a: Venusaur|78\/100|[from] item: Life Orb\n|faint|p1a: Kyurem\n|\n|-weather|SunnyDay|[upkeep]\n|upkeep\n|\n|switch|p1a: Zeraora|Zeraora|100\/100\n|-damage|p1a: Zeraora|88\/100|[from] Stealth Rock\n|turn|19\n|\n|move|p2a: Venusaur|Giga Drain|p1a: Zeraora\n|-damage|p1a: Zeraora|22\/100\n|-heal|p2a: Venusaur|100\/100|[from] drain|[of] p1a: Zeraora\n|-damage|p2a: Venusaur|91\/100|[from] item: Life Orb\n|move|p1a: Zeraora|Plasma Fists|p2a: Venusaur\n|-resisted|p2a: Venusaur\n|-damage|p2a: Venusaur|52\/100\n|-fieldactivate|move: Ion Deluge\n|-damage|p1a: Zeraora|12\/100|[from] item: Life Orb\n|\n|-weather|SunnyDay|[upkeep]\n|upkeep\n|turn|20\n|\n|move|p2a: Venusaur|Giga Drain|p1a: Zeraora\n|-damage|p1a: Zeraora|0 fnt\n|-heal|p2a: Venusaur|58\/100|[from] drain|[of] p1a: Zeraora\n|-damage|p2a: Venusaur|48\/100|[from] item: Life Orb\n|faint|p1a: Zeraora\n|\n|-weather|none\n|upkeep\n|\n|switch|p1a: Aegislash|Aegislash, M|100\/100\n|-damage|p1a: Aegislash|94\/100|[from] Stealth Rock\n|-item|p1a: Aegislash|Air Balloon\n|turn|21\n|\n|switch|p2a: Torkoal|Torkoal, M|7\/100\n|-weather|SunnyDay|[from] ability: Drought|[of] p2a: Torkoal\n|move|p1a: Aegislash|Swords Dance|p1a: Aegislash\n|-boost|p1a: Aegislash|atk|2\n|\n|-weather|SunnyDay|[upkeep]\n|upkeep\n|turn|22\n|\n|-formechange|p1a: Aegislash|Aegislash-Blade||[from] ability: Stance Change\n|move|p1a: Aegislash|Iron Head|p2a: Torkoal\n|-resisted|p2a: Torkoal\n|-damage|p2a: Torkoal|0 fnt\n|faint|p2a: Torkoal\n|\n|-weather|SunnyDay|[upkeep]\n|upkeep\n|-message|deathby1000cuts forfeited.\n|\n|win|Rorschach I\n|l|\u2606deathby1000cuts\n|l|\u2606Rorschach I\n","uploadtime":1591312395,"views":155,"p1id":"rorschachi","p2id":"deathby1000cuts","formatid":"gen8ou","rating":0,"private":0,"password":null}