{"id":"gen8ou-1639508512","p1":"Newnan","p2":"Dindon Ductile","format":"gen8ou","log":"|j|\u2606Newnan\n|j|\u2606Dindon Ductile\n|t:|1660488237\n|gametype|singles\n|player|p1|Newnan|169|1550\n|player|p2|Dindon Ductile|2|1463\n|teamsize|p1|6\n|teamsize|p2|6\n|gen|8\n|tier|[Gen 8] OU\n|rated|\n|rule|Sleep Clause Mod: Limit one foe put to sleep\n|rule|Species Clause: Limit one of each Pok\u00e9mon\n|rule|OHKO Clause: OHKO moves are banned\n|rule|Evasion Items Clause: Evasion items are banned\n|rule|Evasion Moves Clause: Evasion moves are banned\n|rule|Endless Battle Clause: Forcing endless battles is banned\n|rule|HP Percentage Mod: HP is shown in percentages\n|rule|Dynamax Clause: You cannot dynamax\n|clearpoke\n|poke|p1|Heatran, M|\n|poke|p1|Hydreigon, F|\n|poke|p1|Blaziken, M|\n|poke|p1|Volcanion|\n|poke|p1|Zapdos|\n|poke|p1|Mamoswine, F|\n|poke|p2|Urshifu-*, M|\n|poke|p2|Ferrothorn, M|\n|poke|p2|Volcarona, F|\n|poke|p2|Zeraora|\n|poke|p2|Tapu Fini|\n|poke|p2|Landorus-Therian, M|\n|teampreview\n|inactive|Battle timer is ON: inactive players will automatically lose when time's up. (requested by Newnan)\n|\n|t:|1660488256\n|start\n|switch|p1a: Hydreigon|Hydreigon, F|100\/100\n|switch|p2a: Urshifu|Urshifu-Rapid-Strike, M|100\/100\n|turn|1\n|\n|t:|1660488283\n|move|p1a: Hydreigon|Draco Meteor|p2a: Urshifu\n|-damage|p2a: Urshifu|0 fnt\n|-unboost|p1a: Hydreigon|spa|2\n|faint|p2a: Urshifu\n|\n|upkeep\n|inactive|Dindon Ductile has 120 seconds left.\n|\n|t:|1660488295\n|switch|p2a: Ferrothorn|Ferrothorn, M|100\/100\n|turn|2\n|\n|t:|1660488301\n|switch|p1a: Heatran|Heatran, M|100\/100\n|switch|p2a: Zeraora|Zeraora|100\/100\n|\n|upkeep\n|turn|3\n|\n|t:|1660488308\n|move|p2a: Zeraora|Volt Switch|p1a: Heatran\n|-damage|p1a: Heatran|80\/100\n|\n|t:|1660488314\n|switch|p2a: Tapu Fini|Tapu Fini|100\/100|[from]move: Volt Switch\n|-fieldstart|move: Misty Terrain|[from] ability: Misty Surge|[of] p2a: Tapu Fini\n|move|p1a: Heatran|Earth Power|p2a: Tapu Fini\n|-damage|p2a: Tapu Fini|74\/100\n|\n|upkeep\n|turn|4\n|\n|t:|1660488328\n|switch|p2a: Zeraora|Zeraora|100\/100\n|switch|p1a: Volcanion|Volcanion|100\/100\n|\n|upkeep\n|turn|5\n|\n|t:|1660488339\n|switch|p1a: Hydreigon|Hydreigon, F|100\/100\n|move|p2a: Zeraora|Close Combat|p1a: Hydreigon\n|-supereffective|p1a: Hydreigon\n|-damage|p1a: Hydreigon|11\/100\n|-unboost|p2a: Zeraora|def|1\n|-unboost|p2a: Zeraora|spd|1\n|\n|upkeep\n|turn|6\n|\n|t:|1660488353\n|switch|p2a: Landorus|Landorus-Therian, M|100\/100\n|-ability|p2a: Landorus|Intimidate|boost\n|-unboost|p1a: Hydreigon|atk|1\n|move|p1a: Hydreigon|Earth Power|p2a: Landorus\n|-immune|p2a: Landorus\n|\n|upkeep\n|turn|7\n|\n|t:|1660488361\n|switch|p1a: Zapdos|Zapdos|100\/100\n|move|p2a: Landorus|U-turn|p1a: Zapdos\n|-resisted|p1a: Zapdos\n|-damage|p1a: Zapdos|89\/100\n|\n|t:|1660488383\n|switch|p2a: Zeraora|Zeraora|100\/100|[from]move: U-turn\n|\n|-fieldend|Misty Terrain\n|upkeep\n|turn|8\n|\n|t:|1660488392\n|move|p2a: Zeraora|Knock Off|p1a: Zapdos\n|-damage|p1a: Zapdos|58\/100\n|-enditem|p1a: Zapdos|Heavy-Duty Boots|[from] move: Knock Off|[of] p2a: Zeraora\n|move|p1a: Zapdos|Roost|p1a: Zapdos\n|-heal|p1a: Zapdos|100\/100\n|-singleturn|p1a: Zapdos|move: Roost\n|\n|upkeep\n|turn|9\n|\n|t:|1660488404\n|move|p2a: Zeraora|Plasma Fists|p1a: Zapdos\n|-damage|p1a: Zapdos|55\/100\n|-fieldactivate|move: Ion Deluge\n|-hint|Normal-type moves become Electric-type after using Plasma Fists.\n|move|p1a: Zapdos|Hurricane|p2a: Zeraora\n|-resisted|p2a: Zeraora\n|-damage|p2a: Zeraora|58\/100\n|-start|p2a: Zeraora|confusion\n|\n|upkeep\n|turn|10\n|\n|t:|1660488416\n|-activate|p2a: Zeraora|confusion\n|-damage|p2a: Zeraora|40\/100|[from] confusion\n|move|p1a: Zapdos|Roost|p1a: Zapdos\n|-heal|p1a: Zapdos|100\/100\n|-singleturn|p1a: Zapdos|move: Roost\n|\n|upkeep\n|turn|11\n|\n|t:|1660488430\n|-activate|p2a: Zeraora|confusion\n|move|p2a: Zeraora|Volt Switch|p1a: Zapdos\n|-damage|p1a: Zapdos|80\/100\n|\n|t:|1660488435\n|switch|p2a: Landorus|Landorus-Therian, M|100\/100|[from]move: Volt Switch\n|-ability|p2a: Landorus|Intimidate|boost\n|-unboost|p1a: Zapdos|atk|1\n|move|p1a: Zapdos|Hurricane|p2a: Landorus\n|-damage|p2a: Landorus|53\/100\n|-start|p2a: Landorus|confusion\n|\n|-heal|p2a: Landorus|59\/100|[from] item: Leftovers\n|upkeep\n|turn|12\n|\n|t:|1660488447\n|switch|p1a: Mamoswine|Mamoswine, F|100\/100\n|-activate|p2a: Landorus|confusion\n|-damage|p2a: Landorus|47\/100|[from] confusion\n|\n|-heal|p2a: Landorus|53\/100|[from] item: Leftovers\n|upkeep\n|turn|13\n|\n|t:|1660488455\n|switch|p2a: Ferrothorn|Ferrothorn, M|100\/100\n|move|p1a: Mamoswine|Stealth Rock|p2a: Ferrothorn\n|-sidestart|p2: Dindon Ductile|move: Stealth Rock\n|\n|upkeep\n|turn|14\n|\n|t:|1660488460\n|switch|p1a: Heatran|Heatran, M|80\/100\n|move|p2a: Ferrothorn|Stealth Rock|p1a: Heatran\n|-sidestart|p1: Newnan|move: Stealth Rock\n|\n|upkeep\n|turn|15\n|\n|t:|1660488485\n|switch|p2a: Tapu Fini|Tapu Fini|74\/100\n|-damage|p2a: Tapu Fini|62\/100|[from] Stealth Rock\n|-fieldstart|move: Misty Terrain|[from] ability: Misty Surge|[of] p2a: Tapu Fini\n|move|p1a: Heatran|Magma Storm|p2a: Tapu Fini|[miss]\n|-miss|p1a: Heatran|p2a: Tapu Fini\n|-enditem|p1a: Heatran|Blunder Policy\n|-boost|p1a: Heatran|spe|2\n|\n|upkeep\n|turn|16\n|inactive|Dindon Ductile has 120 seconds left.\n|\n|t:|1660488506\n|switch|p2a: Zeraora|Zeraora|40\/100\n|move|p1a: Heatran|Steel Beam|p2a: Zeraora\n|-resisted|p2a: Zeraora\n|-damage|p2a: Zeraora|0 fnt\n|-damage|p1a: Heatran|30\/100|[from] mindblown\n|faint|p2a: Zeraora\n|\n|upkeep\n|\n|t:|1660488521\n|switch|p2a: Volcarona|Volcarona, F|100\/100\n|turn|17\n|\n|t:|1660488524\n|move|p1a: Heatran|Magma Storm|p2a: Volcarona\n|-damage|p2a: Volcarona|51\/100\n|-activate|p2a: Volcarona|move: Magma Storm|[of] p1a: Heatran\n|move|p2a: Volcarona|Quiver Dance|p2a: Volcarona\n|-boost|p2a: Volcarona|spa|1\n|-boost|p2a: Volcarona|spd|1\n|-boost|p2a: Volcarona|spe|1\n|\n|-damage|p2a: Volcarona|39\/100|[from] move: Magma Storm|[partiallytrapped]\n|upkeep\n|turn|18\n|\n|t:|1660488533\n|move|p1a: Heatran|Magma Storm|p2a: Volcarona\n|-damage|p2a: Volcarona|7\/100\n|move|p2a: Volcarona|Quiver Dance|p2a: Volcarona\n|-boost|p2a: Volcarona|spa|1\n|-boost|p2a: Volcarona|spd|1\n|-boost|p2a: Volcarona|spe|1\n|\n|-damage|p2a: Volcarona|0 fnt|[from] move: Magma Storm|[partiallytrapped]\n|faint|p2a: Volcarona\n|upkeep\n|inactive|Dindon Ductile has 120 seconds left.\n|-message|Dindon Ductile forfeited.\n|\n|win|Newnan\n|raw|Newnan's rating: 1550 &rarr; <strong>1565<\/strong><br \/>(+15 for winning)\n|raw|Dindon Ductile's rating: 1463 &rarr; <strong>1448<\/strong><br \/>(-15 for losing)\n|l|\u2606Dindon Ductile\n","uploadtime":1660488559,"views":12,"p1id":"newnan","p2id":"dindonductile","formatid":"gen8ou","rating":1448,"private":0,"password":null}