{"id":"gen8ou-1628513679","p1":"Jakkkkkka","p2":"LT91BB Storm","format":"gen8ou","log":"|raw|<div class=\"broadcast-blue\"><strong>This battle is required to be public due to a player having a name starting with 'lt91bb'.<\/div>\n|j|\u2606Jakkkkkka\n|j|\u2606LT91BB Storm\n|t:|1659188617\n|gametype|singles\n|player|p1|Jakkkkkka|norman|1803\n|player|p2|LT91BB Storm|#wcop2021latinamerica|1816\n|teamsize|p1|6\n|teamsize|p2|6\n|gen|8\n|tier|[Gen 8] OU\n|rated|\n|rule|Sleep Clause Mod: Limit one foe put to sleep\n|rule|Species Clause: Limit one of each Pok\u00e9mon\n|rule|OHKO Clause: OHKO moves are banned\n|rule|Evasion Moves Clause: Evasion moves are banned\n|rule|Endless Battle Clause: Forcing endless battles is banned\n|rule|HP Percentage Mod: HP is shown in percentages\n|rule|Dynamax Clause: You cannot dynamax\n|clearpoke\n|poke|p1|Alakazam, F|\n|poke|p1|Zapdos-Galar|\n|poke|p1|Cobalion|\n|poke|p1|Heatran, M|\n|poke|p1|Dragapult, M|\n|poke|p1|Rillaboom, M|\n|poke|p2|Dragapult, M|\n|poke|p2|Weavile, M|\n|poke|p2|Landorus-Therian, M|\n|poke|p2|Melmetal|\n|poke|p2|Crawdaunt, M|\n|poke|p2|Kartana|\n|teampreview\n|\n|t:|1659188623\n|start\n|switch|p1a: Cobalion|Cobalion|100\/100\n|switch|p2a: Enten|Landorus-Therian, M, shiny|100\/100\n|-ability|p2a: Enten|Intimidate|boost\n|-unboost|p1a: Cobalion|atk|1\n|turn|1\n|\n|t:|1659188629\n|move|p1a: Cobalion|Taunt|p2a: Enten\n|-start|p2a: Enten|move: Taunt\n|cant|p2a: Enten|move: Taunt|Stealth Rock\n|\n|upkeep\n|turn|2\n|\n|t:|1659188633\n|move|p1a: Cobalion|Stealth Rock|p2a: Enten\n|-sidestart|p2: LT91BB Storm|move: Stealth Rock\n|move|p2a: Enten|U-turn|p1a: Cobalion\n|-resisted|p1a: Cobalion\n|-damage|p1a: Cobalion|96\/100\n|\n|t:|1659188636\n|switch|p2a: Leviathan|Dragapult, M, shiny|100\/100|[from]move: U-turn\n|-damage|p2a: Leviathan|88\/100|[from] Stealth Rock\n|\n|upkeep\n|turn|3\n|\n|t:|1659188641\n|move|p2a: Leviathan|Shadow Ball|p1a: Cobalion\n|-damage|p1a: Cobalion|13\/100\n|move|p1a: Cobalion|Thunder Wave|p2a: Leviathan\n|-status|p2a: Leviathan|par\n|\n|upkeep\n|turn|4\n|\n|t:|1659188648\n|move|p1a: Cobalion|Taunt|p2a: Leviathan\n|-start|p2a: Leviathan|move: Taunt\n|move|p2a: Leviathan|Shadow Ball|p1a: Cobalion\n|-damage|p1a: Cobalion|0 fnt\n|faint|p1a: Cobalion\n|\n|upkeep\n|\n|t:|1659188655\n|switch|p1a: Dragapult|Dragapult, M|100\/100\n|turn|5\n|\n|t:|1659188659\n|move|p1a: Dragapult|Dragon Darts|p2a: Leviathan\n|-supereffective|p2a: Leviathan\n|-damage|p2a: Leviathan|0 fnt\n|faint|p2a: Leviathan\n|-damage|p1a: Dragapult|91\/100|[from] item: Life Orb\n|\n|upkeep\n|j| goats counter\n|j| g'n'w nair\n|j| LT91BB Poeh\n|\n|t:|1659188664\n|switch|p2a: Deathstroke|Kartana, shiny|100\/100\n|-damage|p2a: Deathstroke|94\/100|[from] Stealth Rock\n|turn|6\n|j| AcrOne\n|\n|t:|1659188671\n|switch|p1a: Rillaboom|Rillaboom, M|100\/100\n|-fieldstart|move: Grassy Terrain|[from] ability: Grassy Surge|[of] p1a: Rillaboom\n|move|p2a: Deathstroke|Knock Off|p1a: Rillaboom\n|-damage|p1a: Rillaboom|53\/100\n|-enditem|p1a: Rillaboom|Life Orb|[from] move: Knock Off|[of] p2a: Deathstroke\n|\n|-heal|p2a: Deathstroke|100\/100|[from] Grassy Terrain\n|-heal|p1a: Rillaboom|59\/100|[from] Grassy Terrain\n|upkeep\n|turn|7\n|j| Ernstbusch\n|l| AcrOne\n|\n|t:|1659188681\n|switch|p2a: Enten|Landorus-Therian, M, shiny|100\/100\n|-damage|p2a: Enten|88\/100|[from] Stealth Rock\n|-ability|p2a: Enten|Intimidate|boost\n|-unboost|p1a: Rillaboom|atk|1\n|move|p1a: Rillaboom|Drain Punch|p2a: Enten\n|-resisted|p2a: Enten\n|-damage|p2a: Enten|80\/100\n|-heal|p1a: Rillaboom|64\/100|[from] drain|[of] p2a: Enten\n|\n|-heal|p1a: Rillaboom|70\/100|[from] Grassy Terrain\n|-heal|p2a: Enten|86\/100|[from] item: Leftovers\n|upkeep\n|turn|8\n|j|+starmaster\n|j| LT91BB Ash\n|\n|t:|1659188692\n|move|p1a: Rillaboom|Swords Dance|p1a: Rillaboom\n|-boost|p1a: Rillaboom|atk|2\n|move|p2a: Enten|Stealth Rock|p1a: Rillaboom\n|-sidestart|p1: Jakkkkkka|move: Stealth Rock\n|\n|-heal|p1a: Rillaboom|76\/100|[from] Grassy Terrain\n|-heal|p2a: Enten|92\/100|[from] item: Leftovers\n|upkeep\n|turn|9\n|\n|t:|1659188699\n|move|p1a: Rillaboom|Grassy Glide|p2a: Enten\n|-damage|p2a: Enten|25\/100\n|move|p2a: Enten|U-turn|p1a: Rillaboom\n|-supereffective|p1a: Rillaboom\n|-damage|p1a: Rillaboom|25\/100\n|j| blahblahblahah\n|\n|t:|1659188703\n|switch|p2a: Deathstroke|Kartana, shiny|100\/100|[from]move: U-turn\n|-damage|p2a: Deathstroke|94\/100|[from] Stealth Rock\n|\n|-heal|p2a: Deathstroke|100\/100|[from] Grassy Terrain\n|-heal|p1a: Rillaboom|32\/100|[from] Grassy Terrain\n|upkeep\n|turn|10\n|\n|t:|1659188710\n|move|p2a: Deathstroke|Sacred Sword|p1a: Rillaboom\n|-damage|p1a: Rillaboom|0 fnt\n|faint|p1a: Rillaboom\n|-ability|p2a: Deathstroke|Beast Boost|boost\n|-boost|p2a: Deathstroke|atk|1\n|\n|-fieldend|move: Grassy Terrain\n|upkeep\n|j| MPEKAS\n|\n|t:|1659188717\n|switch|p1a: Dragapult|Dragapult, M|91\/100\n|-damage|p1a: Dragapult|78\/100|[from] Stealth Rock\n|turn|11\n|j|+Amasaki \u2606\n|\n|t:|1659188724\n|switch|p2a: Enten|Landorus-Therian, M, shiny|25\/100\n|-damage|p2a: Enten|13\/100|[from] Stealth Rock\n|-ability|p2a: Enten|Intimidate|boost\n|-unboost|p1a: Dragapult|atk|1\n|move|p1a: Dragapult|Fire Blast|p2a: Enten\n|-damage|p2a: Enten|0 fnt\n|faint|p2a: Enten\n|-damage|p1a: Dragapult|69\/100|[from] item: Life Orb\n|\n|upkeep\n|j| reionatro\n|j| LT91BB Ahsan\n|j| TierAcid\n|j| Heinrich Kemmler\n|j| CallMePrimal\n|\n|t:|1659188732\n|switch|p2a: Fate|Melmetal, shiny|100\/100\n|-damage|p2a: Fate|94\/100|[from] Stealth Rock\n|turn|12\n|l| Heinrich Kemmler\n|\n|t:|1659188742\n|switch|p1a: Alakazam|Alakazam, F|100\/100\n|move|p2a: Fate|Double Iron Bash|p1a: Alakazam\n|-enditem|p1a: Alakazam|Focus Sash\n|-damage|p1a: Alakazam|1\/100\n|-damage|p1a: Alakazam|0 fnt\n|faint|p1a: Alakazam\n|-hitcount|p1: Alakazam|2\n|\n|upkeep\n|j| xray\n|\n|t:|1659188750\n|switch|p1a: Heatran|Heatran, M|100\/100\n|-damage|p1a: Heatran|88\/100|[from] Stealth Rock\n|turn|13\n|\n|t:|1659188756\n|switch|p2a: Predator|Crawdaunt, M, shiny|100\/100\n|-damage|p2a: Predator|88\/100|[from] Stealth Rock\n|move|p1a: Heatran|Flamethrower|p2a: Predator\n|-resisted|p2a: Predator\n|-damage|p2a: Predator|6\/100\n|\n|upkeep\n|turn|14\n|j| LT91BB AlI\n|j| Iamextremelyboring\n|l| LT91BB AlI\n|j| Venositile\n|\n|t:|1659188763\n|move|p2a: Predator|Aqua Jet|p1a: Heatran\n|-supereffective|p1a: Heatran\n|-damage|p1a: Heatran|9\/100\n|-damage|p2a: Predator|0 fnt|[from] item: Life Orb\n|faint|p2a: Predator\n|move|p1a: Heatran|Flamethrower|p2: Predator|[notarget]\n|-fail|p1a: Heatran\n|\n|upkeep\n|\n|t:|1659188768\n|switch|p2a: Deathstroke|Kartana, shiny|100\/100\n|-damage|p2a: Deathstroke|94\/100|[from] Stealth Rock\n|turn|15\n|\n|t:|1659188774\n|move|p2a: Deathstroke|Knock Off|p1a: Heatran\n|-damage|p1a: Heatran|0 fnt\n|-enditem|p1a: Heatran|Choice Specs|[from] move: Knock Off|[of] p2a: Deathstroke\n|faint|p1a: Heatran\n|-ability|p2a: Deathstroke|Beast Boost|boost\n|-boost|p2a: Deathstroke|atk|1\n|\n|upkeep\n|j| CrucialKoko\n|\n|t:|1659188780\n|switch|p1a: Zapdos|Zapdos-Galar|100\/100\n|-damage|p1a: Zapdos|88\/100|[from] Stealth Rock\n|turn|16\n|j| TheRealNickWainman\n|\n|t:|1659188787\n|move|p2a: Deathstroke|Knock Off|p1a: Zapdos\n|-resisted|p1a: Zapdos\n|-damage|p1a: Zapdos|47\/100\n|-enditem|p1a: Zapdos|Choice Scarf|[from] move: Knock Off|[of] p2a: Deathstroke\n|move|p1a: Zapdos|Close Combat|p2a: Deathstroke\n|-supereffective|p2a: Deathstroke\n|-damage|p2a: Deathstroke|0 fnt\n|-unboost|p1a: Zapdos|def|1\n|-unboost|p1a: Zapdos|spd|1\n|faint|p2a: Deathstroke\n|\n|upkeep\n|\n|t:|1659188790\n|switch|p2a: Bandit|Weavile, M, shiny|100\/100\n|-damage|p2a: Bandit|76\/100|[from] Stealth Rock\n|-ability|p2a: Bandit|Pressure\n|turn|17\n|l| TheRealNickWainman\n|\n|t:|1659188801\n|move|p2a: Bandit|Ice Shard|p1a: Zapdos\n|-supereffective|p1a: Zapdos\n|-damage|p1a: Zapdos|0 fnt\n|faint|p1a: Zapdos\n|\n|upkeep\n|\n|t:|1659188805\n|switch|p1a: Dragapult|Dragapult, M|69\/100\n|-damage|p1a: Dragapult|56\/100|[from] Stealth Rock\n|turn|18\n|\n|t:|1659188811\n|move|p2a: Bandit|Ice Shard|p1a: Dragapult\n|-supereffective|p1a: Dragapult\n|-damage|p1a: Dragapult|0 fnt\n|faint|p1a: Dragapult\n|\n|win|LT91BB Storm\n|raw|Jakkkkkka's rating: 1803 &rarr; <strong>1784<\/strong><br \/>(-19 for losing)\n|raw|LT91BB Storm's rating: 1816 &rarr; <strong>1835<\/strong><br \/>(+19 for winning)\n|j| AxCypher\n|l|\u2606Jakkkkkka\n|l| LT91BB Ahsan\n|l| Iamextremelyboring\n|l| AxCypher\n|l| CrucialKoko\n|l|+Amasaki \u2606\n|l|\u2606LT91BB Storm\n|l| Ernstbusch\n|l| TierAcid\n|j| AxCypher\n|l| AxCypher\n||Ladder isn't responding, score probably updated but might not have (Request timeout).\n|l| Venositile\n|l| CallMePrimal\n|l| reionatro\n|l| xray\n","uploadtime":1659188915,"views":62,"p1id":"jakkkkkka","p2id":"lt91bbstorm","formatid":"gen8ou","rating":1784,"private":0,"password":null}