{"id":"gen8ou-1675789340","p1":"Mutako Z","p2":"Guest 5890168","format":"gen8ou","log":"|j|\u2606Mutako Z\n|j|\u203dGuest 5890168\n|t:|1664724179\n|gametype|singles\n|player|p1|Mutako Z|unknown|1607\n|player|p2|Guest 5890168|170|1553\n|teamsize|p1|6\n|teamsize|p2|6\n|gen|8\n|tier|[Gen 8] OU\n|rated|\n|rule|Sleep Clause Mod: Limit one foe put to sleep\n|rule|Species Clause: Limit one of each Pok\u00e9mon\n|rule|OHKO Clause: OHKO moves are banned\n|rule|Evasion Items Clause: Evasion items are banned\n|rule|Evasion Moves Clause: Evasion moves are banned\n|rule|Endless Battle Clause: Forcing endless battles is banned\n|rule|HP Percentage Mod: HP is shown in percentages\n|rule|Dynamax Clause: You cannot dynamax\n|clearpoke\n|poke|p1|Hippowdon, F|\n|poke|p1|Tyranitar, M|\n|poke|p1|Excadrill, M|\n|poke|p1|Dracozolt|\n|poke|p1|Zapdos|\n|poke|p1|Slowbro, F|\n|poke|p2|Rotom-Wash|\n|poke|p2|Weavile, M|\n|poke|p2|Landorus-Therian, M|\n|poke|p2|Heatran, M|\n|poke|p2|Tangrowth, M|\n|poke|p2|Melmetal|\n|teampreview\n|\n|t:|1664724183\n|start\n|switch|p1a: Achilles|Zapdos|100\/100\n|switch|p2a: Weavile|Weavile, M|100\/100\n|-ability|p2a: Weavile|Pressure\n|turn|1\n|inactive|Battle timer is ON: inactive players will automatically lose when time's up. (requested by Guest 5890168)\n|\n|t:|1664724189\n|switch|p2a: Rotom|Rotom-Wash|100\/100\n|switch|p1a: Foncecar|Slowbro, F|100\/100\n|\n|upkeep\n|turn|2\n|\n|t:|1664724196\n|switch|p1a: Swagzaer|Dracozolt|100\/100\n|move|p2a: Rotom|Nasty Plot|p2a: Rotom\n|-boost|p2a: Rotom|spa|2\n|\n|upkeep\n|turn|3\n|\n|t:|1664724201\n|switch|p2a: Landorus|Landorus-Therian, M|100\/100\n|-ability|p2a: Landorus|Intimidate|boost\n|-unboost|p1a: Swagzaer|atk|1\n|move|p1a: Swagzaer|Bolt Beak|p2a: Landorus\n|-immune|p2a: Landorus\n|\n|upkeep\n|turn|4\n|\n|t:|1664724208\n|move|p1a: Swagzaer|Draco Meteor|p2a: Landorus\n|-damage|p2a: Landorus|53\/100\n|-unboost|p1a: Swagzaer|spa|2\n|-damage|p1a: Swagzaer|91\/100|[from] item: Life Orb\n|move|p2a: Landorus|U-turn|p1a: Swagzaer\n|-damage|p1a: Swagzaer|66\/100\n|\n|t:|1664724208\n|switch|p2a: Heatran|Heatran, M|100\/100|[from]move: U-turn\n|-item|p2a: Heatran|Air Balloon\n|\n|upkeep\n|turn|5\n|\n|t:|1664724219\n|switch|p1a: Achilles|Zapdos|100\/100\n|move|p2a: Heatran|Stealth Rock|p1a: Achilles\n|-sidestart|p1: Mutako Z|move: Stealth Rock\n|\n|upkeep\n|turn|6\n|\n|t:|1664724223\n|move|p2a: Heatran|Magma Storm|p1a: Achilles\n|-damage|p1a: Achilles|53\/100\n|-activate|p1a: Achilles|move: Magma Storm|[of] p2a: Heatran\n|move|p1a: Achilles|Defog|p2a: Heatran\n|-unboost|p2a: Heatran|evasion|1\n|-sideend|p1: Mutako Z|Stealth Rock|[from] move: Defog|[of] p1a: Achilles\n|\n|-damage|p1a: Achilles|40\/100|[from] move: Magma Storm|[partiallytrapped]\n|upkeep\n|turn|7\n|\n|t:|1664724231\n|move|p2a: Heatran|Stealth Rock|p1a: Achilles\n|-sidestart|p1: Mutako Z|move: Stealth Rock\n|move|p1a: Achilles|Volt Switch|p2a: Heatran\n|-damage|p2a: Heatran|69\/100\n|-enditem|p2a: Heatran|Air Balloon\n|\n|t:|1664724238\n|switch|p1a: Bernard Tapie|Hippowdon, F|100\/100|[from]move: Volt Switch\n|-damage|p1a: Bernard Tapie|94\/100|[from] Stealth Rock\n|-weather|Sandstorm|[from] ability: Sand Stream|[of] p1a: Bernard Tapie\n|\n|-weather|Sandstorm|[upkeep]\n|upkeep\n|turn|8\n|\n|t:|1664724245\n|switch|p2a: Rotom|Rotom-Wash|100\/100\n|move|p1a: Bernard Tapie|Toxic|p2a: Rotom\n|-status|p2a: Rotom|tox\n|\n|-weather|Sandstorm|[upkeep]\n|-damage|p2a: Rotom|94\/100 tox|[from] Sandstorm\n|-heal|p2a: Rotom|100\/100 tox|[from] item: Leftovers\n|-damage|p2a: Rotom|94\/100 tox|[from] psn\n|upkeep\n|turn|9\n|\n|t:|1664724253\n|move|p2a: Rotom|Nasty Plot|p2a: Rotom\n|-boost|p2a: Rotom|spa|2\n|move|p1a: Bernard Tapie|Stealth Rock|p2a: Rotom\n|-sidestart|p2: Guest 5890168|move: Stealth Rock\n|\n|-weather|Sandstorm|[upkeep]\n|-damage|p2a: Rotom|88\/100 tox|[from] Sandstorm\n|-heal|p2a: Rotom|94\/100 tox|[from] item: Leftovers\n|-damage|p2a: Rotom|82\/100 tox|[from] psn\n|upkeep\n|turn|10\n|\n|t:|1664724265\n|switch|p1a: Foncecar|Slowbro, F|100\/100\n|-damage|p1a: Foncecar|88\/100|[from] Stealth Rock\n|move|p2a: Rotom|Hydro Pump|p1a: Foncecar\n|-resisted|p1a: Foncecar\n|-damage|p1a: Foncecar|41\/100\n|\n|-weather|Sandstorm|[upkeep]\n|-damage|p2a: Rotom|75\/100 tox|[from] Sandstorm\n|-damage|p1a: Foncecar|35\/100|[from] Sandstorm\n|-heal|p2a: Rotom|82\/100 tox|[from] item: Leftovers\n|-damage|p2a: Rotom|63\/100 tox|[from] psn\n|upkeep\n|turn|11\n|\n|t:|1664724276\n|switch|p2a: Melmetal|Melmetal|100\/100\n|-damage|p2a: Melmetal|94\/100|[from] Stealth Rock\n|move|p1a: Foncecar|Future Sight|p2a: Melmetal\n|-start|p1a: Foncecar|move: Future Sight\n|\n|-weather|Sandstorm|[upkeep]\n|-damage|p1a: Foncecar|29\/100|[from] Sandstorm\n|upkeep\n|turn|12\n|\n|t:|1664724284\n|switch|p1a: Bernard Tapie|Hippowdon, F|94\/100\n|-damage|p1a: Bernard Tapie|88\/100|[from] Stealth Rock\n|move|p2a: Melmetal|Thunder Punch|p1a: Bernard Tapie\n|-immune|p1a: Bernard Tapie\n|\n|-weather|Sandstorm|[upkeep]\n|upkeep\n|turn|13\n|\n|t:|1664724295\n|move|p1a: Bernard Tapie|Earthquake|p2a: Melmetal\n|-supereffective|p2a: Melmetal\n|-damage|p2a: Melmetal|48\/100\n|move|p2a: Melmetal|Ice Punch|p1a: Bernard Tapie\n|-supereffective|p1a: Bernard Tapie\n|-damage|p1a: Bernard Tapie|54\/100\n|\n|-weather|Sandstorm|[upkeep]\n|-end|p2a: Melmetal|move: Future Sight\n|-resisted|p2a: Melmetal\n|-damage|p2a: Melmetal|35\/100\n|upkeep\n|turn|14\n|\n|t:|1664724307\n|switch|p2a: Landorus|Landorus-Therian, M|53\/100\n|-damage|p2a: Landorus|41\/100|[from] Stealth Rock\n|-ability|p2a: Landorus|Intimidate|boost\n|-unboost|p1a: Bernard Tapie|atk|1\n|move|p1a: Bernard Tapie|Earthquake|p2a: Landorus\n|-immune|p2a: Landorus\n|\n|-weather|none\n|-heal|p2a: Landorus|47\/100|[from] item: Leftovers\n|upkeep\n|turn|15\n|\n|t:|1664724317\n|switch|p2a: Weavile|Weavile, M|100\/100\n|-damage|p2a: Weavile|76\/100|[from] Stealth Rock\n|-ability|p2a: Weavile|Pressure\n|move|p1a: Bernard Tapie|Ice Fang|p2a: Weavile\n|-resisted|p2a: Weavile\n|-damage|p2a: Weavile|67\/100\n|\n|upkeep\n|turn|16\n|\n|t:|1664724327\n|switch|p1a: Mao|Tyranitar, M|100\/100\n|-damage|p1a: Mao|88\/100|[from] Stealth Rock\n|-weather|Sandstorm|[from] ability: Sand Stream|[of] p1a: Mao\n|move|p2a: Weavile|Triple Axel|p1a: Mao\n|-damage|p1a: Mao|74\/100\n|-damage|p1a: Mao|48\/100\n|-damage|p1a: Mao|8\/100\n|-hitcount|p1a: Mao|3\n|\n|-weather|Sandstorm|[upkeep]\n|-damage|p2a: Weavile|61\/100|[from] Sandstorm\n|upkeep\n|turn|17\n|\n|t:|1664724341\n|switch|p1a: Foncecar|Slowbro, F|62\/100\n|-damage|p1a: Foncecar|50\/100|[from] Stealth Rock\n|move|p2a: Weavile|Triple Axel|p1a: Foncecar\n|-resisted|p1a: Foncecar\n|-damage|p1a: Foncecar|45\/100\n|-damage|p2a: Weavile|44\/100|[from] item: Rocky Helmet|[of] p1a: Foncecar\n|-resisted|p1a: Foncecar\n|-damage|p1a: Foncecar|35\/100\n|-damage|p2a: Weavile|28\/100|[from] item: Rocky Helmet|[of] p1a: Foncecar\n|-resisted|p1a: Foncecar\n|-damage|p1a: Foncecar|19\/100\n|-damage|p2a: Weavile|12\/100|[from] item: Rocky Helmet|[of] p1a: Foncecar\n|-hitcount|p1a: Foncecar|3\n|\n|-weather|Sandstorm|[upkeep]\n|-damage|p2a: Weavile|5\/100|[from] Sandstorm\n|-damage|p1a: Foncecar|13\/100|[from] Sandstorm\n|upkeep\n|turn|18\n|\n|t:|1664724358\n|move|p2a: Weavile|Triple Axel|p1a: Foncecar\n|-resisted|p1a: Foncecar\n|-damage|p1a: Foncecar|8\/100\n|-damage|p2a: Weavile|0 fnt|[from] item: Rocky Helmet|[of] p1a: Foncecar\n|faint|p2a: Weavile\n|-hitcount|p1a: Foncecar|1\n|move|p1a: Foncecar|Future Sight|p2: Weavile\n|-start|p1a: Foncecar|move: Future Sight\n|\n|-weather|Sandstorm|[upkeep]\n|-damage|p1a: Foncecar|2\/100|[from] Sandstorm\n|upkeep\n|\n|t:|1664724358\n|switch|p2a: Melmetal|Melmetal|35\/100\n|-damage|p2a: Melmetal|29\/100|[from] Stealth Rock\n|turn|19\n|\n|t:|1664724369\n|move|p2a: Melmetal|Ice Punch|p1a: Foncecar\n|-resisted|p1a: Foncecar\n|-damage|p1a: Foncecar|0 fnt\n|-damage|p2a: Melmetal|12\/100|[from] item: Rocky Helmet|[of] p1a: Foncecar\n|faint|p1a: Foncecar\n|\n|-weather|Sandstorm|[upkeep]\n|upkeep\n|\n|t:|1664724378\n|switch|p1a: drill|Excadrill, M|100\/100\n|-damage|p1a: drill|97\/100|[from] Stealth Rock\n|turn|20\n|\n|t:|1664724382\n|move|p1a: drill|Earthquake|p2a: Melmetal\n|-supereffective|p2a: Melmetal\n|-damage|p2a: Melmetal|0 fnt\n|faint|p2a: Melmetal\n|-damage|p1a: drill|88\/100|[from] item: Life Orb\n|\n|-weather|none\n|-hint|Future Sight did not hit because the target is fainted.\n|upkeep\n|\n|t:|1664724382\n|switch|p2a: Heatran|Heatran, M|69\/100\n|-damage|p2a: Heatran|57\/100|[from] Stealth Rock\n|turn|21\n|\n|t:|1664724393\n|move|p1a: drill|Earthquake|p2a: Heatran\n|-supereffective|p2a: Heatran\n|-damage|p2a: Heatran|0 fnt\n|faint|p2a: Heatran\n|-damage|p1a: drill|78\/100|[from] item: Life Orb\n|\n|upkeep\n|\n|t:|1664724393\n|switch|p2a: Rotom|Rotom-Wash|63\/100 tox\n|-damage|p2a: Rotom|50\/100 tox|[from] Stealth Rock\n|turn|22\n|\n|t:|1664724423\n|switch|p1a: Achilles|Zapdos|40\/100\n|move|p2a: Rotom|Hydro Pump|p1a: Achilles\n|-damage|p1a: Achilles|1\/100\n|\n|-heal|p2a: Rotom|57\/100 tox|[from] item: Leftovers\n|-damage|p2a: Rotom|50\/100 tox|[from] psn\n|upkeep\n|turn|23\n|\n|t:|1664724436\n|move|p2a: Rotom|Hydro Pump|p1a: Achilles\n|-damage|p1a: Achilles|0 fnt\n|faint|p1a: Achilles\n|\n|-heal|p2a: Rotom|57\/100 tox|[from] item: Leftovers\n|-damage|p2a: Rotom|44\/100 tox|[from] psn\n|upkeep\n|\n|t:|1664724445\n|switch|p1a: Bernard Tapie|Hippowdon, F|54\/100\n|-damage|p1a: Bernard Tapie|48\/100|[from] Stealth Rock\n|-weather|Sandstorm|[from] ability: Sand Stream|[of] p1a: Bernard Tapie\n|turn|24\n|\n|t:|1664724451\n|switch|p1a: Mao|Tyranitar, M|8\/100\n|-damage|p1a: Mao|0 fnt|[from] Stealth Rock\n|faint|p1a: Mao\n|move|p2a: Rotom|Hydro Pump|p1: Mao|[notarget]\n|-fail|p2a: Rotom\n|\n|-weather|Sandstorm|[upkeep]\n|-damage|p2a: Rotom|38\/100 tox|[from] Sandstorm\n|-heal|p2a: Rotom|44\/100 tox|[from] item: Leftovers\n|-damage|p2a: Rotom|25\/100 tox|[from] psn\n|upkeep\n|\n|t:|1664724465\n|switch|p1a: drill|Excadrill, M|78\/100\n|-damage|p1a: drill|75\/100|[from] Stealth Rock\n|turn|25\n|\n|t:|1664724469\n|switch|p2a: Tangrowth|Tangrowth, M|100\/100\n|-damage|p2a: Tangrowth|88\/100|[from] Stealth Rock\n|move|p1a: drill|Rock Slide|p2a: Tangrowth\n|-damage|p2a: Tangrowth|69\/100\n|-damage|p1a: drill|65\/100|[from] item: Life Orb\n|\n|-weather|Sandstorm|[upkeep]\n|-damage|p2a: Tangrowth|63\/100|[from] Sandstorm\n|upkeep\n|turn|26\n|\n|t:|1664724485\n|move|p1a: drill|Iron Head|p2a: Tangrowth\n|-damage|p2a: Tangrowth|36\/100\n|-damage|p1a: drill|48\/100|[from] item: Rocky Helmet|[of] p2a: Tangrowth\n|-damage|p1a: drill|38\/100|[from] item: Life Orb\n|cant|p2a: Tangrowth|flinch\n|\n|-weather|Sandstorm|[upkeep]\n|-damage|p2a: Tangrowth|29\/100|[from] Sandstorm\n|upkeep\n|turn|27\n|\n|t:|1664724493\n|switch|p2a: Rotom|Rotom-Wash|25\/100 tox\n|-damage|p2a: Rotom|13\/100 tox|[from] Stealth Rock\n|move|p1a: drill|Iron Head|p2a: Rotom\n|-resisted|p2a: Rotom\n|-damage|p2a: Rotom|0 fnt\n|faint|p2a: Rotom\n|-damage|p1a: drill|28\/100|[from] item: Life Orb\n|\n|-weather|Sandstorm|[upkeep]\n|upkeep\n|\n|t:|1664724493\n|switch|p2a: Tangrowth|Tangrowth, M|63\/100\n|-damage|p2a: Tangrowth|50\/100|[from] Stealth Rock\n|turn|28\n|\n|t:|1664724511\n|move|p1a: drill|Iron Head|p2a: Tangrowth\n|-damage|p2a: Tangrowth|23\/100\n|-damage|p1a: drill|12\/100|[from] item: Rocky Helmet|[of] p2a: Tangrowth\n|-damage|p1a: drill|2\/100|[from] item: Life Orb\n|move|p2a: Tangrowth|Giga Drain|p1a: drill\n|-damage|p1a: drill|0 fnt\n|-heal|p2a: Tangrowth|24\/100|[from] drain|[of] p1a: drill\n|faint|p1a: drill\n|\n|-weather|Sandstorm|[upkeep]\n|-damage|p2a: Tangrowth|18\/100|[from] Sandstorm\n|upkeep\n|\n|t:|1664724524\n|switch|p1a: Swagzaer|Dracozolt|66\/100\n|-damage|p1a: Swagzaer|54\/100|[from] Stealth Rock\n|turn|29\n|\n|t:|1664724527\n|switch|p2a: Landorus|Landorus-Therian, M|47\/100\n|-damage|p2a: Landorus|34\/100|[from] Stealth Rock\n|-ability|p2a: Landorus|Intimidate|boost\n|-unboost|p1a: Swagzaer|atk|1\n|move|p1a: Swagzaer|Fire Blast|p2a: Landorus|[miss]\n|-miss|p1a: Swagzaer|p2a: Landorus\n|\n|-weather|Sandstorm|[upkeep]\n|-heal|p2a: Landorus|40\/100|[from] item: Leftovers\n|upkeep\n|turn|30\n|\n|t:|1664724537\n|move|p1a: Swagzaer|Draco Meteor|p2a: Landorus|[miss]\n|-miss|p1a: Swagzaer|p2a: Landorus\n|move|p2a: Landorus|Earthquake|p1a: Swagzaer\n|-supereffective|p1a: Swagzaer\n|-damage|p1a: Swagzaer|0 fnt\n|faint|p1a: Swagzaer\n|\n|-weather|Sandstorm|[upkeep]\n|-heal|p2a: Landorus|46\/100|[from] item: Leftovers\n|upkeep\n|\n|t:|1664724545\n|switch|p1a: Bernard Tapie|Hippowdon, F|48\/100\n|-damage|p1a: Bernard Tapie|41\/100|[from] Stealth Rock\n|turn|31\n|\n|t:|1664724548\n|move|p2a: Landorus|U-turn|p1a: Bernard Tapie\n|-damage|p1a: Bernard Tapie|30\/100\n|\n|t:|1664724548\n|switch|p2a: Tangrowth|Tangrowth, M|51\/100|[from]move: U-turn\n|-damage|p2a: Tangrowth|38\/100|[from] Stealth Rock\n|move|p1a: Bernard Tapie|Ice Fang|p2a: Tangrowth\n|-supereffective|p2a: Tangrowth\n|-damage|p2a: Tangrowth|20\/100\n|-damage|p1a: Bernard Tapie|13\/100|[from] item: Rocky Helmet|[of] p2a: Tangrowth\n|\n|-weather|none\n|upkeep\n|turn|32\n|\n|t:|1664724559\n|move|p1a: Bernard Tapie|Ice Fang|p2a: Tangrowth\n|-supereffective|p2a: Tangrowth\n|-damage|p2a: Tangrowth|3\/100\n|-damage|p1a: Bernard Tapie|0 fnt|[from] item: Rocky Helmet|[of] p2a: Tangrowth\n|faint|p1a: Bernard Tapie\n|\n|win|Guest 5890168\n|raw|Mutako Z's rating: 1607 &rarr; <strong>1584<\/strong><br \/>(-23 for losing)\n|raw|Guest 5890168's rating: 1553 &rarr; <strong>1576<\/strong><br \/>(+23 for winning)\n","uploadtime":1664724560,"views":8,"p1id":"mutakoz","p2id":"guest5890168","formatid":"gen8ou","rating":1576,"private":0,"password":null}