{"id":"gen8customgame-1534651604","p1":"LoloForce","p2":"ArcanineSquad","format":"gen8customgame","log":"|j|\u2606LoloForce\n|j|\u2606ArcanineSquad\n|t:|1647775802\n|gametype|singles\n|player|p1|LoloForce|clay|\n|player|p2|ArcanineSquad|hooligans|\n|teamsize|p1|6\n|teamsize|p2|6\n|gen|8\n|tier|[Gen 8] Custom Game\n|clearpoke\n|poke|p1|Obstagoon, L50, F|\n|poke|p1|Froslass, L50, F|\n|poke|p1|Blastoise, L50, F|\n|poke|p1|Nidoqueen, L50, F|\n|poke|p1|Gurdurr, L50, F|\n|poke|p1|Jirachi, L50|\n|poke|p2|Landorus-Therian, L50, M|\n|poke|p2|Slowbro, L50, F|\n|poke|p2|Zarude, L50|\n|poke|p2|Mawile, L50, M|\n|poke|p2|Blacephalon, L50|\n|poke|p2|Zeraora, L50|\n|teampreview\n|c|\u2606ArcanineSquad|Hf\n|c|\u2606LoloForce|gl hf\n|c|\u2606ArcanineSquad|Was gegen Timer?\n|c|\u2606LoloForce|Liber ohne\n|c|\u2606LoloForce|*lieber\n|c|\u2606ArcanineSquad|Na gut\n|c|\u2606ArcanineSquad|Kein Dugi h\u00e4\u00e4\u00e4\n|\n|t:|1647775921\n|start\n|switch|p1a: Shiny 2|Nidoqueen, L50, F|197\/197\n|switch|p2a: Slowbro|Slowbro, L50, F, shiny|202\/202\n|turn|1\n|\n|t:|1647775938\n|move|p1a: Shiny 2|Toxic Spikes|p2a: Slowbro\n|-sidestart|p2: ArcanineSquad|move: Toxic Spikes\n|move|p2a: Slowbro|Scald|p1a: Shiny 2\n|-supereffective|p1a: Shiny 2\n|-damage|p1a: Shiny 2|83\/197\n|\n|-heal|p1a: Shiny 2|95\/197|[from] item: Black Sludge\n|upkeep\n|turn|2\n|c|\u2606ArcanineSquad|Das battle der kreativen Nicks\n|\n|t:|1647775982\n|switch|p1a: Starlight|Jirachi, L50, shiny|207\/207\n|move|p2a: Slowbro|Scald|p1a: Starlight\n|-damage|p1a: Starlight|165\/207\n|\n|-heal|p1a: Starlight|177\/207|[from] item: Leftovers\n|upkeep\n|turn|3\n|\n|t:|1647776006\n|move|p1a: Starlight|Wish|p1a: Starlight\n|move|p2a: Slowbro|Scald|p1a: Starlight\n|-damage|p1a: Starlight|134\/207\n|-status|p1a: Starlight|brn\n|\n|-heal|p1a: Starlight|146\/207 brn|[from] item: Leftovers\n|-damage|p1a: Starlight|134\/207 brn|[from] brn\n|upkeep\n|turn|4\n|\n|t:|1647776049\n|move|p1a: Starlight|U-turn|p2a: Slowbro\n|-supereffective|p2a: Slowbro\n|-damage|p2a: Slowbro|180\/202\n|\n|t:|1647776057\n|switch|p1a: Goated|Froslass, L50, F|148\/148\n|move|p2a: Slowbro|Body Press|p1a: Goated\n|-immune|p1a: Goated\n|\n|upkeep\n|turn|5\n|\n|t:|1647776091\n|switch|p2a: Mawile|Mawile, L50, M|157\/157\n|-ability|p2a: Mawile|Intimidate|boost\n|-unboost|p1a: Goated|atk|1\n|move|p1a: Goated|Shadow Ball|p2a: Mawile\n|-damage|p2a: Mawile|70\/157\n|\n|upkeep\n|turn|6\n|\n|t:|1647776153\n|switch|p2a: Zeraora|Zeraora, L50|181\/181\n|-status|p2a: Zeraora|psn\n|move|p1a: Goated|Shadow Ball|p2a: Zeraora\n|-damage|p2a: Zeraora|135\/181 psn\n|\n|-damage|p2a: Zeraora|113\/181 psn|[from] psn\n|upkeep\n|turn|7\n|\n|t:|1647776181\n|switch|p1a: Shiny 2|Nidoqueen, L50, F|95\/197\n|move|p2a: Zeraora|Knock Off|p1a: Shiny 2\n|-damage|p1a: Shiny 2|47\/197\n|-enditem|p1a: Shiny 2|Black Sludge|[from] move: Knock Off|[of] p2a: Zeraora\n|\n|-damage|p2a: Zeraora|91\/181 psn|[from] psn\n|upkeep\n|turn|8\n|\n|t:|1647776230\n|switch|p2a: Slowbro|Slowbro, L50, F, shiny|202\/202\n|-status|p2a: Slowbro|psn\n|move|p1a: Shiny 2|Ice Beam|p2a: Slowbro\n|-resisted|p2a: Slowbro\n|-damage|p2a: Slowbro|188\/202 psn\n|\n|-damage|p2a: Slowbro|163\/202 psn|[from] psn\n|upkeep\n|turn|9\n|\n|t:|1647776312\n|switch|p1a: Starlight|Jirachi, L50, shiny|134\/207 brn\n|move|p2a: Slowbro|Scald|p1a: Starlight\n|-damage|p1a: Starlight|92\/207 brn\n|debug|move failed because it did nothing\n|\n|-heal|p1a: Starlight|104\/207 brn|[from] item: Leftovers\n|-damage|p2a: Slowbro|138\/202 psn|[from] psn\n|-damage|p1a: Starlight|92\/207 brn|[from] brn\n|upkeep\n|turn|10\n|\n|t:|1647776320\n|switch|p2a: Landorus|Landorus-Therian, L50, M|193\/193\n|-ability|p2a: Landorus|Intimidate|boost\n|-unboost|p1a: Starlight|atk|1\n|move|p1a: Starlight|Wish|p1a: Starlight\n|\n|-heal|p1a: Starlight|104\/207 brn|[from] item: Leftovers\n|-damage|p1a: Starlight|92\/207 brn|[from] brn\n|upkeep\n|turn|11\n|\n|t:|1647776339\n|move|p1a: Starlight|Protect|p1a: Starlight\n|-singleturn|p1a: Starlight|Protect\n|move|p2a: Landorus|Substitute|p2a: Landorus\n|-start|p2a: Landorus|Substitute\n|-damage|p2a: Landorus|145\/193\n|\n|-heal|p1a: Starlight|195\/207 brn|[from] move: Wish|[wisher] Starlight\n|-heal|p1a: Starlight|207\/207 brn|[from] item: Leftovers\n|-heal|p2a: Landorus|157\/193|[from] item: Leftovers\n|-damage|p1a: Starlight|195\/207 brn|[from] brn\n|upkeep\n|turn|12\n|\n|t:|1647776351\n|switch|p1a: \u00dcberstunden|Gurdurr, L50, F|191\/191\n|move|p2a: Landorus|Earthquake|p1a: \u00dcberstunden\n|-damage|p1a: \u00dcberstunden|130\/191\n|\n|-heal|p2a: Landorus|169\/193|[from] item: Leftovers\n|upkeep\n|turn|13\n|\n|t:|1647776360\n|move|p2a: Landorus|Toxic|p1a: \u00dcberstunden\n|-status|p1a: \u00dcberstunden|tox\n|move|p1a: \u00dcberstunden|Ice Punch|p2a: Landorus\n|debug|Iron Fist boost\n|-supereffective|p2a: Landorus\n|-end|p2a: Landorus|Substitute\n|\n|-heal|p2a: Landorus|181\/193|[from] item: Leftovers\n|-damage|p1a: \u00dcberstunden|119\/191 tox|[from] psn\n|upkeep\n|turn|14\n|\n|t:|1647776393\n|switch|p2a: Mawile|Mawile, L50, M|70\/157\n|-ability|p2a: Mawile|Intimidate|boost\n|-unboost|p1a: \u00dcberstunden|atk|1\n|move|p1a: \u00dcberstunden|Ice Punch|p2a: Mawile\n|debug|Iron Fist boost\n|-resisted|p2a: Mawile\n|-damage|p2a: Mawile|60\/157\n|\n|-damage|p1a: \u00dcberstunden|97\/191 tox|[from] psn\n|upkeep\n|turn|15\n|\n|t:|1647776436\n|switch|p1a: Starlight|Jirachi, L50, shiny|195\/207 brn\n|move|p2a: Mawile|Stealth Rock|p1a: Starlight\n|-sidestart|p1: LoloForce|move: Stealth Rock\n|\n|-heal|p1a: Starlight|207\/207 brn|[from] item: Leftovers\n|-damage|p1a: Starlight|195\/207 brn|[from] brn\n|upkeep\n|turn|16\n|\n|t:|1647776450\n|move|p1a: Starlight|U-turn|p2a: Mawile\n|-resisted|p2a: Mawile\n|-damage|p2a: Mawile|57\/157\n|\n|t:|1647776470\n|switch|p1a: Shiny 2|Nidoqueen, L50, F|47\/197\n|-damage|p1a: Shiny 2|35\/197|[from] Stealth Rock\n|move|p2a: Mawile|Knock Off|p1a: Shiny 2\n|-damage|p1a: Shiny 2|17\/197\n|\n|upkeep\n|turn|17\n|\n|t:|1647776490\n|switch|p2a: Slowbro|Slowbro, L50, F, shiny|202\/202 psn\n|move|p1a: Shiny 2|Stealth Rock|p2a: Slowbro\n|-sidestart|p2: ArcanineSquad|move: Stealth Rock\n|\n|-damage|p2a: Slowbro|177\/202 psn|[from] psn\n|upkeep\n|turn|18\n|\n|t:|1647776613\n|move|p1a: Shiny 2|Earth Power|p2a: Slowbro\n|-damage|p2a: Slowbro|135\/202 psn\n|move|p2a: Slowbro|Scald|p1a: Shiny 2\n|-supereffective|p1a: Shiny 2\n|-damage|p1a: Shiny 2|0 fnt\n|faint|p1a: Shiny 2\n|\n|-damage|p2a: Slowbro|110\/202 psn|[from] psn\n|upkeep\n|\n|t:|1647776635\n|switch|p1a: Panzerschrank|Blastoise, L50, F|165\/165\n|-damage|p1a: Panzerschrank|145\/165|[from] Stealth Rock\n|turn|19\n|\n|t:|1647776644\n|move|p1a: Panzerschrank|Shell Smash|p1a: Panzerschrank\n|-unboost|p1a: Panzerschrank|def|1\n|-unboost|p1a: Panzerschrank|spd|1\n|-boost|p1a: Panzerschrank|atk|2\n|-boost|p1a: Panzerschrank|spa|2\n|-boost|p1a: Panzerschrank|spe|2\n|-enditem|p1a: Panzerschrank|White Herb\n|-clearnegativeboost|p1a: Panzerschrank|[silent]\n|move|p2a: Slowbro|Zap Cannon|p1a: Panzerschrank\n|-supereffective|p1a: Panzerschrank\n|-damage|p1a: Panzerschrank|47\/165\n|-status|p1a: Panzerschrank|par\n|\n|-damage|p2a: Slowbro|85\/202 psn|[from] psn\n|upkeep\n|turn|20\n|c|\u2606ArcanineSquad|Lets go\n|\n|t:|1647776685\n|move|p1a: Panzerschrank|Dark Pulse|p2a: Slowbro\n|-supereffective|p2a: Slowbro\n|-damage|p2a: Slowbro|0 fnt\n|debug|move failed because it did nothing\n|faint|p2a: Slowbro\n|\n|upkeep\n|\n|t:|1647776697\n|switch|p2a: Blacephalon|Blacephalon, L50|129\/129\n|turn|21\n|\n|t:|1647776712\n|switch|p1a: Kiss|Obstagoon, L50, F|199\/199\n|-damage|p1a: Kiss|175\/199|[from] Stealth Rock\n|move|p2a: Blacephalon|Shadow Ball|p1a: Kiss\n|-immune|p1a: Kiss\n|\n|upkeep\n|turn|22\n|\n|t:|1647776723\n|switch|p2a: Mawile|Mawile, L50, M|57\/157\n|-damage|p2a: Mawile|48\/157|[from] Stealth Rock\n|-ability|p2a: Mawile|Intimidate|boost\n|-unboost|p1a: Kiss|atk|1\n|-ability|p1a: Kiss|Defiant\n|-boost|p1a: Kiss|atk|2\n|move|p1a: Kiss|Knock Off|p2a: Mawile\n|-resisted|p2a: Mawile\n|-damage|p2a: Mawile|13\/157\n|-enditem|p2a: Mawile|Shed Shell|[from] move: Knock Off|[of] p1a: Kiss\n|\n|upkeep\n|turn|23\n|\n|t:|1647776748\n|move|p1a: Kiss|Body Slam|p2a: Mawile\n|-resisted|p2a: Mawile\n|-damage|p2a: Mawile|0 fnt\n|faint|p2a: Mawile\n|\n|upkeep\n|\n|t:|1647776759\n|switch|p2a: Zeraora|Zeraora, L50|91\/181 psn\n|-damage|p2a: Zeraora|69\/181 psn|[from] Stealth Rock\n|turn|24\n|\n|t:|1647776766\n|switch|p1a: Panzerschrank|Blastoise, L50, F|47\/165 par\n|-damage|p1a: Panzerschrank|27\/165 par|[from] Stealth Rock\n|move|p2a: Zeraora|Plasma Fists|p1a: Panzerschrank\n|-supereffective|p1a: Panzerschrank\n|-damage|p1a: Panzerschrank|0 fnt\n|-fieldactivate|move: Ion Deluge\n|-hint|Normal-type moves become Electric-type after using Plasma Fists.\n|faint|p1a: Panzerschrank\n|\n|-damage|p2a: Zeraora|47\/181 psn|[from] psn\n|upkeep\n|\n|t:|1647776792\n|switch|p1a: Goated|Froslass, L50, F|148\/148\n|-damage|p1a: Goated|111\/148|[from] Stealth Rock\n|turn|25\n|\n|t:|1647776808\n|move|p1a: Goated|Ice Beam|p2a: Zeraora\n|-damage|p2a: Zeraora|0 fnt\n|faint|p2a: Zeraora\n|\n|upkeep\n|\n|t:|1647776812\n|switch|p2a: Blacephalon|Blacephalon, L50|129\/129\n|turn|26\n|\n|t:|1647776817\n|switch|p1a: Kiss|Obstagoon, L50, F|175\/199\n|-damage|p1a: Kiss|151\/199|[from] Stealth Rock\n|move|p2a: Blacephalon|Flamethrower|p1a: Kiss\n|-damage|p1a: Kiss|100\/199\n|\n|upkeep\n|turn|27\n|j| El Paccino\n|l| El Paccino\n|\n|t:|1647776863\n|switch|p2a: Landorus|Landorus-Therian, L50, M|181\/193\n|-damage|p2a: Landorus|157\/193|[from] Stealth Rock\n|-ability|p2a: Landorus|Intimidate|boost\n|-unboost|p1a: Kiss|atk|1\n|-ability|p1a: Kiss|Defiant\n|-boost|p1a: Kiss|atk|2\n|move|p1a: Kiss|Close Combat|p2a: Landorus\n|-resisted|p2a: Landorus\n|-damage|p2a: Landorus|121\/193\n|-unboost|p1a: Kiss|def|1\n|-unboost|p1a: Kiss|spd|1\n|\n|-heal|p2a: Landorus|133\/193|[from] item: Leftovers\n|upkeep\n|turn|28\n|\n|t:|1647776918\n|move|p2a: Landorus|Earthquake|p1a: Kiss\n|-damage|p1a: Kiss|0 fnt\n|faint|p1a: Kiss\n|\n|-heal|p2a: Landorus|145\/193|[from] item: Leftovers\n|upkeep\n|\n|t:|1647776943\n|switch|p1a: Goated|Froslass, L50, F|111\/148\n|-damage|p1a: Goated|74\/148|[from] Stealth Rock\n|turn|29\n|\n|t:|1647777069\n|switch|p2a: Blacephalon|Blacephalon, L50|129\/129\n|move|p1a: Goated|Ice Beam|p2a: Blacephalon\n|-resisted|p2a: Blacephalon\n|-damage|p2a: Blacephalon|93\/129\n|\n|upkeep\n|turn|30\n|c|\u2606ArcanineSquad|Habt ihr schon gedr\u00fcckt?\n|c|\u2606ArcanineSquad|Oder bugt sd\n|c|\u2606ArcanineSquad|Weil eig habt ihr ja nur 1play\n|\n|t:|1647777264\n|switch|p1a: Starlight|Jirachi, L50, shiny|195\/207 brn\n|-damage|p1a: Starlight|183\/207 brn|[from] Stealth Rock\n|move|p2a: Blacephalon|Flamethrower|p1a: Starlight\n|-supereffective|p1a: Starlight\n|-damage|p1a: Starlight|31\/207 brn\n|\n|-heal|p1a: Starlight|43\/207 brn|[from] item: Leftovers\n|-damage|p1a: Starlight|31\/207 brn|[from] brn\n|upkeep\n|turn|31\n|\n|t:|1647777278\n|move|p2a: Blacephalon|Flamethrower|p1a: Starlight\n|-supereffective|p1a: Starlight\n|-damage|p1a: Starlight|0 fnt\n|faint|p1a: Starlight\n|-ability|p2a: Blacephalon|Beast Boost|boost\n|-boost|p2a: Blacephalon|spa|1\n|\n|upkeep\n|\n|t:|1647777280\n|switch|p1a: Goated|Froslass, L50, F|74\/148\n|-damage|p1a: Goated|37\/148|[from] Stealth Rock\n|turn|32\n|\n|t:|1647777351\n|switch|p2a: Zarude|Zarude, L50|188\/188\n|-status|p2a: Zarude|psn\n|-damage|p2a: Zarude|165\/188 psn|[from] Stealth Rock\n|move|p1a: Goated|Ice Beam|p2a: Zarude\n|-supereffective|p2a: Zarude\n|-damage|p2a: Zarude|49\/188 psn\n|\n|-damage|p2a: Zarude|26\/188 psn|[from] psn\n|upkeep\n|turn|33\n|\n|t:|1647777363\n|move|p1a: Goated|Ice Beam|p2a: Zarude\n|-supereffective|p2a: Zarude\n|-damage|p2a: Zarude|0 fnt\n|faint|p2a: Zarude\n|\n|upkeep\n|\n|t:|1647777366\n|switch|p2a: Blacephalon|Blacephalon, L50|93\/129\n|turn|34\n|\n|t:|1647777371\n|move|p1a: Goated|Ice Beam|p2a: Blacephalon\n|-resisted|p2a: Blacephalon\n|-damage|p2a: Blacephalon|56\/129\n|move|p2a: Blacephalon|Flamethrower|p1a: Goated\n|-supereffective|p1a: Goated\n|-damage|p1a: Goated|0 fnt\n|faint|p1a: Goated\n|-ability|p2a: Blacephalon|Beast Boost|boost\n|-boost|p2a: Blacephalon|spa|1\n|\n|upkeep\n|\n|t:|1647777375\n|switch|p1a: \u00dcberstunden|Gurdurr, L50, F|97\/191 tox\n|-damage|p1a: \u00dcberstunden|86\/191 tox|[from] Stealth Rock\n|turn|35\n|\n|t:|1647777379\n|move|p2a: Blacephalon|Flamethrower|p1a: \u00dcberstunden\n|-damage|p1a: \u00dcberstunden|0 fnt\n|faint|p1a: \u00dcberstunden\n|\n|win|ArcanineSquad\n|c|\u2606LoloForce|gg\n|c|\u2606ArcanineSquad|Gg\n|c|\u2606ArcanineSquad|Schickt ihr?\n|c|\u2606ArcanineSquad|Oder soll ich\n|c|\u2606LoloForce|jo\n|c|\u2606LoloForce|machen wir\n|c|\u2606ArcanineSquad|Perfekt danke\n|c|\u2606ArcanineSquad|Ja war close\n|c|\u2606ArcanineSquad|Zap Cannon war meine e\n|c|\u2606ArcanineSquad|*Rettung\n|l|\u2606ArcanineSquad\n","uploadtime":1647777521,"views":21,"p1id":"loloforce","p2id":"arcaninesquad","formatid":"gen8customgame","rating":0,"private":0,"password":null}