{"id":"gen8ou-1140891548","p1":"SpookyHard","p2":"flawless creation","format":"gen8ou","log":"|j|\u2606SpookyHard\n|j|\u2606flawless creation\n|player|p1|SpookyHard|101|1646\n|player|p2|flawless creation|beauty-gen2jp|1699\n|teamsize|p1|6\n|teamsize|p2|6\n|gametype|singles\n|gen|8\n|tier|[Gen 8] OU\n|rated|\n|clearpoke\n|poke|p1|Rillaboom, M|\n|poke|p1|Hawlucha, M|\n|poke|p1|Volcarona, M|\n|poke|p1|Terrakion|\n|poke|p1|Azumarill, M|\n|poke|p1|Magearna|\n|poke|p2|Mandibuzz, F|\n|poke|p2|Clefable, M|\n|poke|p2|Toxapex, F|\n|poke|p2|Urshifu-*, M|\n|poke|p2|Magearna|\n|poke|p2|Alakazam, F|\n|rule|Sleep Clause Mod: Limit one foe put to sleep\n|rule|Species Clause: Limit one of each Pok\u00e9mon\n|rule|OHKO Clause: OHKO moves are banned\n|rule|Evasion Moves Clause: Evasion moves are banned\n|rule|Endless Battle Clause: Forcing endless battles is banned\n|rule|HP Percentage Mod: HP is shown in percentages\n|rule|Dynamax Clause: You cannot dynamax\n|teampreview\n|inactive|Battle timer is ON: inactive players will automatically lose when time's up. (requested by flawless creation)\n|\n|start\n|switch|p1a: Rillaboom|Rillaboom, M|100\/100\n|switch|p2a: Clefable|Clefable, M|100\/100\n|-fieldstart|move: Grassy Terrain|[from] ability: Grassy Surge|[of] p1a: Rillaboom\n|turn|1\n|j| HeavenStar\n|\n|switch|p2a: Mandibuzz|Mandibuzz, F|100\/100\n|move|p1a: Rillaboom|Wood Hammer|p2a: Mandibuzz\n|-resisted|p2a: Mandibuzz\n|-damage|p2a: Mandibuzz|52\/100\n|-damage|p1a: Rillaboom|81\/100|[from] Recoil\n|\n|-heal|p1a: Rillaboom|87\/100|[from] Grassy Terrain\n|upkeep\n|turn|2\n|\n|switch|p1a: Terrakion|Terrakion|100\/100\n|move|p2a: Mandibuzz|Roost|p2a: Mandibuzz\n|-heal|p2a: Mandibuzz|100\/100\n|-singleturn|p2a: Mandibuzz|move: Roost\n|\n|upkeep\n|turn|3\n|\n|switch|p2a: Magearna|Magearna|100\/100\n|move|p1a: Terrakion|Stone Edge|p2a: Magearna\n|-resisted|p2a: Magearna\n|-damage|p2a: Magearna|80\/100\n|\n|-heal|p2a: Magearna|86\/100|[from] Grassy Terrain\n|upkeep\n|turn|4\n|\n|switch|p1a: Magearna|Magearna|100\/100\n|move|p2a: Magearna|Draining Kiss|p1a: Magearna\n|-resisted|p1a: Magearna\n|-damage|p1a: Magearna|91\/100\n|-heal|p2a: Magearna|93\/100|[from] drain|[of] p1a: Magearna\n|\n|-heal|p2a: Magearna|99\/100|[from] Grassy Terrain\n|-heal|p1a: Magearna|97\/100|[from] item: Leftovers\n|-heal|p1a: Magearna|100\/100|[from] Grassy Terrain\n|upkeep\n|turn|5\n|\n|switch|p2a: Toxapex|Toxapex, F|100\/100\n|move|p1a: Magearna|Thunderbolt|p2a: Toxapex\n|-supereffective|p2a: Toxapex\n|-damage|p2a: Toxapex|59\/100\n|\n|-heal|p2a: Toxapex|65\/100|[from] Grassy Terrain\n|-fieldend|move: Grassy Terrain\n|upkeep\n|turn|6\n|\n|move|p1a: Magearna|Thunderbolt|p2a: Toxapex\n|-supereffective|p2a: Toxapex\n|-crit|p2a: Toxapex\n|-damage|p2a: Toxapex|0 fnt\n|faint|p2a: Toxapex\n|-ability|p1a: Magearna|Soul-Heart|boost\n|-boost|p1a: Magearna|spa|1\n|\n|upkeep\n|\n|switch|p2a: Magearna|Magearna|99\/100\n|turn|7\n|\n|move|p2a: Magearna|Shift Gear|p2a: Magearna\n|-boost|p2a: Magearna|spe|2\n|-boost|p2a: Magearna|atk|1\n|move|p1a: Magearna|Calm Mind|p1a: Magearna\n|-boost|p1a: Magearna|spa|1\n|-boost|p1a: Magearna|spd|1\n|\n|upkeep\n|turn|8\n|\n|move|p2a: Magearna|Calm Mind|p2a: Magearna\n|-boost|p2a: Magearna|spa|1\n|-boost|p2a: Magearna|spd|1\n|move|p1a: Magearna|Calm Mind|p1a: Magearna\n|-boost|p1a: Magearna|spa|1\n|-boost|p1a: Magearna|spd|1\n|\n|upkeep\n|turn|9\n|\n|move|p2a: Magearna|Calm Mind|p2a: Magearna\n|-boost|p2a: Magearna|spa|1\n|-boost|p2a: Magearna|spd|1\n|move|p1a: Magearna|Thunderbolt|p2a: Magearna\n|-damage|p2a: Magearna|64\/100\n|\n|upkeep\n|turn|10\n|\n|move|p2a: Magearna|Calm Mind|p2a: Magearna\n|-boost|p2a: Magearna|spa|1\n|-boost|p2a: Magearna|spd|1\n|move|p1a: Magearna|Calm Mind|p1a: Magearna\n|-boost|p1a: Magearna|spa|1\n|-boost|p1a: Magearna|spd|1\n|\n|upkeep\n|turn|11\n|\n|move|p2a: Magearna|Calm Mind|p2a: Magearna\n|-boost|p2a: Magearna|spa|1\n|-boost|p2a: Magearna|spd|1\n|move|p1a: Magearna|Thunderbolt|p2a: Magearna\n|-damage|p2a: Magearna|35\/100\n|\n|upkeep\n|turn|12\n|\n|move|p2a: Magearna|Stored Power|p1a: Magearna\n|-resisted|p1a: Magearna\n|-damage|p1a: Magearna|58\/100\n|move|p1a: Magearna|Thunderbolt|p2a: Magearna\n|-damage|p2a: Magearna|7\/100\n|\n|-heal|p1a: Magearna|64\/100|[from] item: Leftovers\n|upkeep\n|turn|13\n|\n|move|p2a: Magearna|Draining Kiss|p1a: Magearna\n|-resisted|p1a: Magearna\n|-damage|p1a: Magearna|53\/100\n|-heal|p2a: Magearna|16\/100|[from] drain|[of] p1a: Magearna\n|move|p1a: Magearna|Thunderbolt|p2a: Magearna\n|-damage|p2a: Magearna|0 fnt\n|faint|p2a: Magearna\n|-ability|p1a: Magearna|Soul-Heart|boost\n|-boost|p1a: Magearna|spa|1\n|\n|-heal|p1a: Magearna|59\/100|[from] item: Leftovers\n|upkeep\n|\n|switch|p2a: Urshifu|Urshifu, M|100\/100\n|turn|14\n|inactive|SpookyHard has 120 seconds left.\n|\n|switch|p1a: Azumarill|Azumarill, M|100\/100\n|move|p2a: Urshifu|Close Combat|p1a: Azumarill\n|-resisted|p1a: Azumarill\n|-damage|p1a: Azumarill|37\/100\n|-unboost|p2a: Urshifu|def|1\n|-unboost|p2a: Urshifu|spd|1\n|-enditem|p1a: Azumarill|Sitrus Berry|[eat]\n|-heal|p1a: Azumarill|62\/100|[from] item: Sitrus Berry\n|\n|upkeep\n|turn|15\n|\n|move|p1a: Azumarill|Aqua Jet|p2a: Urshifu\n|-damage|p2a: Urshifu|60\/100\n|move|p2a: Urshifu|Close Combat|p1a: Azumarill\n|-resisted|p1a: Azumarill\n|-damage|p1a: Azumarill|0 fnt\n|-unboost|p2a: Urshifu|def|1\n|-unboost|p2a: Urshifu|spd|1\n|faint|p1a: Azumarill\n|\n|upkeep\n|inactive|SpookyHard has 120 seconds left.\n|\n|switch|p1a: Terrakion|Terrakion|100\/100\n|turn|16\n|\n|switch|p2a: Clefable|Clefable, M|100\/100\n|move|p1a: Terrakion|Close Combat|p2a: Clefable\n|-resisted|p2a: Clefable\n|-damage|p2a: Clefable|78\/100\n|-unboost|p1a: Terrakion|def|1\n|-unboost|p1a: Terrakion|spd|1\n|\n|-heal|p2a: Clefable|84\/100|[from] item: Leftovers\n|upkeep\n|turn|17\n|\n|switch|p1a: Magearna|Magearna|59\/100\n|move|p2a: Clefable|Stealth Rock|p1a: Magearna\n|-sidestart|p1: SpookyHard|move: Stealth Rock\n|\n|-heal|p1a: Magearna|65\/100|[from] item: Leftovers\n|-heal|p2a: Clefable|90\/100|[from] item: Leftovers\n|upkeep\n|turn|18\n|\n|switch|p2a: Urshifu|Urshifu, M|60\/100\n|move|p1a: Magearna|Draining Kiss|p2a: Urshifu\n|-supereffective|p2a: Urshifu\n|-damage|p2a: Urshifu|0 fnt\n|-heal|p1a: Magearna|100\/100|[from] drain|[of] p2a: Urshifu\n|faint|p2a: Urshifu\n|-ability|p1a: Magearna|Soul-Heart|boost\n|-boost|p1a: Magearna|spa|1\n|\n|upkeep\n|\n|switch|p2a: Alakazam|Alakazam, F|100\/100\n|turn|19\n|\n|move|p2a: Alakazam|Nasty Plot|p2a: Alakazam\n|-boost|p2a: Alakazam|spa|2\n|move|p1a: Magearna|Thunderbolt|p2a: Alakazam\n|-damage|p2a: Alakazam|31\/100\n|-status|p2a: Alakazam|par\n|\n|upkeep\n|turn|20\n|-message|flawless creation forfeited.\n|\n|win|SpookyHard\n|l|\u2606flawless creation\n|l|\u2606SpookyHard\n","uploadtime":1593289715,"views":91,"p1id":"spookyhard","p2id":"flawlesscreation","formatid":"gen8ou","rating":0,"private":0,"password":null}