{"id":"gen8anythinggoes-1679879055","p1":"yokobaby","p2":"aglt5tx smoolic","format":"gen8anythinggoes","log":"|raw|<div class=\"broadcast-blue\"><strong>This battle is required to be public due to a player having a name starting with 'aglt5tx'.<\/div>\n|j|\u2606yokobaby\n|j|\u2606aglt5tx smoolic\n|t:|1665142021\n|gametype|singles\n|player|p1|yokobaby|cynthia-masters|1707\n|player|p2|aglt5tx smoolic|nessa-masters|1840\n|teamsize|p1|6\n|teamsize|p2|6\n|gen|8\n|tier|[Gen 8] Anything Goes\n|rated|\n|rule|HP Percentage Mod: HP is shown in percentages\n|rule|Endless Battle Clause: Forcing endless battles is banned\n|clearpoke\n|poke|p1|Toxapex, M|\n|poke|p1|Kyogre|\n|poke|p1|Ho-Oh|\n|poke|p1|Blissey, F|\n|poke|p1|Tyranitar, M|\n|poke|p1|Tangrowth, M|\n|poke|p2|Yveltal|\n|poke|p2|Necrozma-Dusk-Mane|\n|poke|p2|Ho-Oh|\n|poke|p2|Zacian-*|\n|poke|p2|Calyrex-Shadow|\n|poke|p2|Eternatus|\n|teampreview\n|inactive|Battle timer is ON: inactive players will automatically lose when time's up. (requested by aglt5tx smoolic)\n|\n|t:|1665142043\n|start\n|switch|p1a: Toxapex|Toxapex, M|100\/100\n|switch|p2a: Necrozma|Necrozma-Dusk-Mane|100\/100\n|turn|1\n|\n|t:|1665142046\n|move|p2a: Necrozma|Stealth Rock|p1a: Toxapex\n|-sidestart|p1: yokobaby|move: Stealth Rock\n|move|p1a: Toxapex|Scald|p2a: Necrozma\n|-damage|p2a: Necrozma|88\/100\n|-status|p2a: Necrozma|brn\n|\n|-damage|p2a: Necrozma|82\/100 brn|[from] brn\n|upkeep\n|turn|2\n|\n|t:|1665142050\n|move|p2a: Necrozma|Earthquake|p1a: Toxapex\n|-supereffective|p1a: Toxapex\n|-damage|p1a: Toxapex|79\/100\n|move|p1a: Toxapex|Toxic Spikes|p2a: Necrozma\n|-sidestart|p2: aglt5tx smoolic|move: Toxic Spikes\n|\n|-damage|p2a: Necrozma|76\/100 brn|[from] brn\n|upkeep\n|turn|3\n|\n|t:|1665142055\n|switch|p2a: Ho-Oh|Ho-Oh|100\/100\n|move|p1a: Toxapex|Scald|p2a: Ho-Oh\n|-supereffective|p2a: Ho-Oh\n|-damage|p2a: Ho-Oh|83\/100\n|\n|upkeep\n|turn|4\n|\n|t:|1665142060\n|move|p2a: Ho-Oh|Thunder Wave|p1a: Toxapex\n|-status|p1a: Toxapex|par\n|move|p1a: Toxapex|Toxic Spikes|p2a: Ho-Oh\n|-sidestart|p2: aglt5tx smoolic|move: Toxic Spikes\n|\n|upkeep\n|turn|5\n|\n|t:|1665142064\n|switch|p1a: Ho-Oh|Ho-Oh|100\/100\n|move|p2a: Ho-Oh|Defog|p1a: Ho-Oh\n|-unboost|p1a: Ho-Oh|evasion|1\n|-sideend|p1: yokobaby|Stealth Rock|[from] move: Defog|[of] p2a: Ho-Oh\n|-sideend|p2: aglt5tx smoolic|Toxic Spikes|[from] move: Defog|[of] p2a: Ho-Oh\n|\n|upkeep\n|turn|6\n|inactive|aglt5tx smoolic has 120 seconds left.\n|\n|t:|1665142101\n|move|p2a: Ho-Oh|Thunder Wave|p1a: Ho-Oh\n|-status|p1a: Ho-Oh|par\n|move|p1a: Ho-Oh|Toxic|p2a: Ho-Oh|[miss]\n|-miss|p1a: Ho-Oh|p2a: Ho-Oh\n|\n|upkeep\n|turn|7\n|\n|t:|1665142108\n|switch|p2a: Necrozma|Necrozma-Dusk-Mane|76\/100 brn\n|cant|p1a: Ho-Oh|par\n|\n|-damage|p2a: Necrozma|70\/100 brn|[from] brn\n|upkeep\n|turn|8\n|\n|t:|1665142110\n|move|p2a: Necrozma|Stealth Rock|p1a: Ho-Oh\n|-sidestart|p1: yokobaby|move: Stealth Rock\n|cant|p1a: Ho-Oh|par\n|\n|-damage|p2a: Necrozma|64\/100 brn|[from] brn\n|upkeep\n|turn|9\n|inactive|aglt5tx smoolic has 120 seconds left.\n|\n|t:|1665142152\n|switch|p2a: jim|Yveltal|100\/100\n|-ability|p2a: jim|Dark Aura\n|move|p1a: Ho-Oh|Defog|p2a: jim\n|-unboost|p2a: jim|evasion|1\n|-sideend|p1: yokobaby|Stealth Rock|[from] move: Defog|[of] p1a: Ho-Oh\n|\n|upkeep\n|turn|10\n|\n|t:|1665142161\n|move|p2a: jim|Knock Off|p1a: Ho-Oh\n|-damage|p1a: Ho-Oh|39\/100 par\n|-enditem|p1a: Ho-Oh|Heavy-Duty Boots|[from] move: Knock Off|[of] p2a: jim\n|-damage|p2a: jim|91\/100|[from] item: Life Orb\n|move|p1a: Ho-Oh|Toxic|p2a: jim\n|-status|p2a: jim|tox\n|\n|-damage|p2a: jim|84\/100 tox|[from] psn\n|upkeep\n|turn|11\n|inactive|aglt5tx smoolic has 120 seconds left.\n|\n|t:|1665142183\n|switch|p1a: Toxapex|Toxapex, M|100\/100 par\n|move|p2a: jim|Knock Off|p1a: Toxapex\n|-damage|p1a: Toxapex|39\/100 par\n|-enditem|p1a: Toxapex|Wacan Berry|[from] move: Knock Off|[of] p2a: jim\n|-damage|p2a: jim|75\/100 tox|[from] item: Life Orb\n|\n|-damage|p2a: jim|62\/100 tox|[from] psn\n|upkeep\n|turn|12\n|\n|t:|1665142199\n|switch|p1a: Ho-Oh|Ho-Oh|72\/100 par\n|move|p2a: jim|Roost|p2a: jim\n|-heal|p2a: jim|100\/100 tox\n|-singleturn|p2a: jim|move: Roost\n|\n|-damage|p2a: jim|82\/100 tox|[from] psn\n|upkeep\n|turn|13\n|j| AGLT5TX Pain\n|\n|t:|1665142214\n|switch|p2a: Eternatus|Eternatus|100\/100\n|-ability|p2a: Eternatus|Pressure\n|move|p1a: Ho-Oh|Sacred Fire|p2a: Eternatus\n|-resisted|p2a: Eternatus\n|-damage|p2a: Eternatus|86\/100\n|-status|p2a: Eternatus|brn\n|\n|-damage|p2a: Eternatus|79\/100 brn|[from] brn\n|upkeep\n|turn|14\n|\n|t:|1665142230\n|switch|p1a: Blissey|Blissey, F|100\/100\n|move|p2a: Eternatus|Recover|p2a: Eternatus\n|-heal|p2a: Eternatus|100\/100 brn\n|\n|-damage|p2a: Eternatus|94\/100 brn|[from] brn\n|upkeep\n|turn|15\n|\n|t:|1665142233\n|switch|p2a: Necrozma|Necrozma-Dusk-Mane|64\/100 brn\n|move|p1a: Blissey|Aromatherapy|p1a: Blissey\n|-activate|p1a: Blissey|move: Aromatherapy\n|-curestatus|p1: Toxapex|par|[msg]\n|-curestatus|p1: Ho-Oh|par|[msg]\n|\n|-damage|p2a: Necrozma|58\/100 brn|[from] brn\n|upkeep\n|turn|16\n|\n|t:|1665142236\n|switch|p1a: Ho-Oh|Ho-Oh|100\/100\n|move|p2a: Necrozma|Stealth Rock|p1a: Ho-Oh\n|-sidestart|p1: yokobaby|move: Stealth Rock\n|\n|-damage|p2a: Necrozma|52\/100 brn|[from] brn\n|upkeep\n|turn|17\n|\n|t:|1665142243\n|move|p1a: Ho-Oh|Defog|p2a: Necrozma\n|-unboost|p2a: Necrozma|evasion|1\n|-sideend|p1: yokobaby|Stealth Rock|[from] move: Defog|[of] p1a: Ho-Oh\n|move|p2a: Necrozma|Morning Sun|p2a: Necrozma\n|-heal|p2a: Necrozma|100\/100 brn\n|\n|-damage|p2a: Necrozma|94\/100 brn|[from] brn\n|upkeep\n|turn|18\n|\n|t:|1665142246\n|move|p1a: Ho-Oh|Sacred Fire|p2a: Necrozma\n|-supereffective|p2a: Necrozma\n|-damage|p2a: Necrozma|63\/100 brn\n|move|p2a: Necrozma|Stealth Rock|p1a: Ho-Oh\n|-sidestart|p1: yokobaby|move: Stealth Rock\n|\n|-damage|p2a: Necrozma|57\/100 brn|[from] brn\n|upkeep\n|turn|19\n|\n|t:|1665142248\n|move|p1a: Ho-Oh|Defog|p2a: Necrozma\n|-unboost|p2a: Necrozma|evasion|1\n|-sideend|p1: yokobaby|Stealth Rock|[from] move: Defog|[of] p1a: Ho-Oh\n|move|p2a: Necrozma|Morning Sun|p2a: Necrozma\n|-heal|p2a: Necrozma|100\/100 brn\n|\n|-damage|p2a: Necrozma|94\/100 brn|[from] brn\n|upkeep\n|turn|20\n|\n|t:|1665142250\n|move|p1a: Ho-Oh|Toxic||[still]\n|-fail|p1a: Ho-Oh\n|move|p2a: Necrozma|Stealth Rock|p1a: Ho-Oh\n|-sidestart|p1: yokobaby|move: Stealth Rock\n|\n|-damage|p2a: Necrozma|88\/100 brn|[from] brn\n|upkeep\n|turn|21\n|\n|t:|1665142266\n|switch|p2a: Eternatus|Eternatus|94\/100 brn\n|-ability|p2a: Eternatus|Pressure\n|move|p1a: Ho-Oh|Defog|p2a: Eternatus\n|-unboost|p2a: Eternatus|evasion|1\n|-sideend|p1: yokobaby|Stealth Rock|[from] move: Defog|[of] p1a: Ho-Oh\n|\n|-damage|p2a: Eternatus|88\/100 brn|[from] brn\n|upkeep\n|turn|22\n|\n|t:|1665142271\n|switch|p1a: Toxapex|Toxapex, M|72\/100\n|move|p2a: Eternatus|Toxic|p1a: Toxapex\n|-immune|p1a: Toxapex\n|\n|-damage|p2a: Eternatus|82\/100 brn|[from] brn\n|upkeep\n|turn|23\n|j| luckybigking\n|c| luckybigking|4p\u554a \u5c31\u5dee\u4f60\u4e86\n|\n|t:|1665142287\n|switch|p2a: Calyrex|Calyrex-Shadow|100\/100\n|-ability|p2a: Calyrex|As One\n|-ability|p2a: Calyrex|Unnerve\n|move|p1a: Toxapex|Scald|p2a: Calyrex\n|-damage|p2a: Calyrex|84\/100\n|-status|p2a: Calyrex|brn\n|\n|-damage|p2a: Calyrex|78\/100 brn|[from] brn\n|upkeep\n|turn|24\n|c| luckybigking|\u4f60\u6253\u4e0d\u6253\u554aloser\n|c|\u2606aglt5tx smoolic|?\n|\n|t:|1665142304\n|switch|p1a: Kyogre|Kyogre|100\/100\n|-weather|RainDance|[from] ability: Drizzle|[of] p1a: Kyogre\n|move|p2a: Calyrex|Aromatherapy|p2a: Calyrex\n|-activate|p2a: Calyrex|move: Aromatherapy\n|-curestatus|p2a: Calyrex|brn|[msg]\n|-curestatus|p2: Necrozma|brn|[msg]\n|-curestatus|p2: Eternatus|brn|[msg]\n|-curestatus|p2: jim|tox|[msg]\n|\n|-weather|RainDance|[upkeep]\n|upkeep\n|turn|25\n|c|\u2606aglt5tx smoolic|english please\n|\n|t:|1665142314\n|switch|p2a: Eternatus|Eternatus|82\/100\n|-ability|p2a: Eternatus|Pressure\n|move|p1a: Kyogre|Substitute|p1a: Kyogre\n|-start|p1a: Kyogre|Substitute\n|-damage|p1a: Kyogre|75\/100\n|\n|-weather|RainDance|[upkeep]\n|-heal|p1a: Kyogre|82\/100|[from] item: Leftovers\n|upkeep\n|turn|26\n|\n|t:|1665142319\n|move|p2a: Eternatus|Dynamax Cannon|p1a: Kyogre\n|-end|p1a: Kyogre|Substitute\n|move|p1a: Kyogre|Calm Mind|p1a: Kyogre\n|-boost|p1a: Kyogre|spa|1\n|-boost|p1a: Kyogre|spd|1\n|\n|-weather|RainDance|[upkeep]\n|-heal|p1a: Kyogre|88\/100|[from] item: Leftovers\n|upkeep\n|turn|27\n|\n|t:|1665142321\n|move|p2a: Eternatus|Toxic|p1a: Kyogre\n|-status|p1a: Kyogre|tox\n|move|p1a: Kyogre|Substitute|p1a: Kyogre\n|-start|p1a: Kyogre|Substitute\n|-damage|p1a: Kyogre|63\/100 tox\n|\n|-weather|RainDance|[upkeep]\n|-heal|p1a: Kyogre|69\/100 tox|[from] item: Leftovers\n|-damage|p1a: Kyogre|63\/100 tox|[from] psn\n|upkeep\n|turn|28\n|\n|t:|1665142325\n|move|p2a: Eternatus|Recover|p2a: Eternatus\n|-heal|p2a: Eternatus|100\/100\n|move|p1a: Kyogre|Calm Mind|p1a: Kyogre\n|-boost|p1a: Kyogre|spa|1\n|-boost|p1a: Kyogre|spd|1\n|\n|-weather|none\n|-heal|p1a: Kyogre|69\/100 tox|[from] item: Leftovers\n|-damage|p1a: Kyogre|57\/100 tox|[from] psn\n|upkeep\n|turn|29\n|\n|t:|1665142328\n|move|p2a: Eternatus|Dynamax Cannon|p1a: Kyogre\n|-activate|p1a: Kyogre|move: Substitute|[damage]\n|move|p1a: Kyogre|Rest|p1a: Kyogre\n|-status|p1a: Kyogre|slp|[from] move: Rest\n|-heal|p1a: Kyogre|100\/100 slp|[silent]\n|\n|upkeep\n|turn|30\n|\n|t:|1665142330\n|move|p2a: Eternatus|Dynamax Cannon|p1a: Kyogre\n|-end|p1a: Kyogre|Substitute\n|cant|p1a: Kyogre|slp\n|\n|upkeep\n|turn|31\n|\n|t:|1665142344\n|move|p2a: Eternatus|Flamethrower|p1a: Kyogre\n|-resisted|p1a: Kyogre\n|-damage|p1a: Kyogre|96\/100 slp\n|cant|p1a: Kyogre|slp\n|\n|-heal|p1a: Kyogre|100\/100 slp|[from] item: Leftovers\n|upkeep\n|turn|32\n|\n|t:|1665142353\n|move|p2a: Eternatus|Dynamax Cannon|p1a: Kyogre\n|-damage|p1a: Kyogre|85\/100 slp\n|-curestatus|p1a: Kyogre|slp|[msg]\n|move|p1a: Kyogre|Substitute|p1a: Kyogre\n|-start|p1a: Kyogre|Substitute\n|-damage|p1a: Kyogre|60\/100\n|\n|-heal|p1a: Kyogre|66\/100|[from] item: Leftovers\n|upkeep\n|turn|33\n|\n|t:|1665142355\n|move|p2a: Eternatus|Dynamax Cannon|p1a: Kyogre\n|-activate|p1a: Kyogre|move: Substitute|[damage]\n|move|p1a: Kyogre|Calm Mind|p1a: Kyogre\n|-boost|p1a: Kyogre|spa|1\n|-boost|p1a: Kyogre|spd|1\n|\n|-heal|p1a: Kyogre|72\/100|[from] item: Leftovers\n|upkeep\n|turn|34\n|\n|t:|1665142358\n|move|p2a: Eternatus|Dynamax Cannon|p1a: Kyogre\n|-end|p1a: Kyogre|Substitute\n|move|p1a: Kyogre|Calm Mind|p1a: Kyogre\n|-boost|p1a: Kyogre|spa|1\n|-boost|p1a: Kyogre|spd|1\n|\n|-heal|p1a: Kyogre|78\/100|[from] item: Leftovers\n|upkeep\n|turn|35\n|\n|t:|1665142364\n|move|p2a: Eternatus|Toxic|p1a: Kyogre\n|-status|p1a: Kyogre|tox\n|move|p1a: Kyogre|Substitute|p1a: Kyogre\n|-start|p1a: Kyogre|Substitute\n|-damage|p1a: Kyogre|53\/100 tox\n|\n|-heal|p1a: Kyogre|59\/100 tox|[from] item: Leftovers\n|-damage|p1a: Kyogre|53\/100 tox|[from] psn\n|upkeep\n|turn|36\n|\n|t:|1665142368\n|move|p2a: Eternatus|Flamethrower|p1a: Kyogre\n|-resisted|p1a: Kyogre\n|-activate|p1a: Kyogre|move: Substitute|[damage]\n|move|p1a: Kyogre|Rest|p1a: Kyogre\n|-status|p1a: Kyogre|slp|[from] move: Rest\n|-heal|p1a: Kyogre|100\/100 slp|[silent]\n|\n|upkeep\n|turn|37\n|\n|t:|1665142370\n|switch|p2a: Ho-Oh|Ho-Oh|100\/100\n|cant|p1a: Kyogre|slp\n|\n|upkeep\n|turn|38\n|\n|t:|1665142374\n|cant|p1a: Kyogre|slp\n|move|p2a: Ho-Oh|Whirlwind|p1a: Kyogre\n|drag|p1a: Tyranitar|Tyranitar, M|100\/100\n|-weather|Sandstorm|[from] ability: Sand Stream|[of] p1a: Tyranitar\n|\n|-weather|Sandstorm|[upkeep]\n|-damage|p2a: Ho-Oh|94\/100|[from] Sandstorm\n|upkeep\n|turn|39\n|\n|t:|1665142380\n|move|p2a: Ho-Oh|Sacred Fire|p1a: Tyranitar|[miss]\n|-miss|p2a: Ho-Oh|p1a: Tyranitar\n|move|p1a: Tyranitar|Stealth Rock|p2a: Ho-Oh\n|-sidestart|p2: aglt5tx smoolic|move: Stealth Rock\n|\n|-weather|Sandstorm|[upkeep]\n|-damage|p2a: Ho-Oh|88\/100|[from] Sandstorm\n|upkeep\n|turn|40\n|\n|t:|1665142384\n|move|p2a: Ho-Oh|Sacred Fire|p1a: Tyranitar\n|-resisted|p1a: Tyranitar\n|-damage|p1a: Tyranitar|85\/100\n|move|p1a: Tyranitar|Rock Tomb|p2a: Ho-Oh\n|-supereffective|p2a: Ho-Oh\n|-damage|p2a: Ho-Oh|13\/100\n|-unboost|p2a: Ho-Oh|spe|1\n|\n|-weather|Sandstorm|[upkeep]\n|-damage|p2a: Ho-Oh|7\/100|[from] Sandstorm\n|-heal|p1a: Tyranitar|91\/100|[from] item: Leftovers\n|upkeep\n|turn|41\n|j| FlowerCity520\n|\n|t:|1665142399\n|switch|p2a: Eternatus|Eternatus|100\/100\n|-damage|p2a: Eternatus|88\/100|[from] Stealth Rock\n|-ability|p2a: Eternatus|Pressure\n|move|p1a: Tyranitar|Snarl|p2a: Eternatus\n|-damage|p2a: Eternatus|78\/100\n|-unboost|p2a: Eternatus|spa|1\n|\n|-weather|Sandstorm|[upkeep]\n|-damage|p2a: Eternatus|71\/100|[from] Sandstorm\n|-heal|p1a: Tyranitar|97\/100|[from] item: Leftovers\n|upkeep\n|turn|42\n|\n|t:|1665142403\n|switch|p1a: Kyogre|Kyogre|100\/100 slp\n|-weather|RainDance|[from] ability: Drizzle|[of] p1a: Kyogre\n|move|p2a: Eternatus|Recover|p2a: Eternatus\n|-heal|p2a: Eternatus|100\/100\n|\n|-weather|RainDance|[upkeep]\n|upkeep\n|turn|43\n|\n|t:|1665142413\n|move|p2a: Eternatus|Flamethrower|p1a: Kyogre\n|-resisted|p1a: Kyogre\n|-damage|p1a: Kyogre|98\/100 slp\n|-curestatus|p1a: Kyogre|slp|[msg]\n|move|p1a: Kyogre|Substitute|p1a: Kyogre\n|-start|p1a: Kyogre|Substitute\n|-damage|p1a: Kyogre|73\/100\n|\n|-weather|RainDance|[upkeep]\n|-heal|p1a: Kyogre|79\/100|[from] item: Leftovers\n|upkeep\n|turn|44\n|\n|t:|1665142420\n|move|p2a: Eternatus|Dynamax Cannon|p1a: Kyogre\n|-activate|p1a: Kyogre|move: Substitute|[damage]\n|move|p1a: Kyogre|Substitute|p1a: Kyogre\n|-fail|p1a: Kyogre|move: Substitute\n|\n|-weather|RainDance|[upkeep]\n|-heal|p1a: Kyogre|85\/100|[from] item: Leftovers\n|upkeep\n|turn|45\n|\n|t:|1665142426\n|move|p2a: Eternatus|Dynamax Cannon|p1a: Kyogre\n|-end|p1a: Kyogre|Substitute\n|move|p1a: Kyogre|Substitute|p1a: Kyogre\n|-start|p1a: Kyogre|Substitute\n|-damage|p1a: Kyogre|60\/100\n|\n|-weather|RainDance|[upkeep]\n|-heal|p1a: Kyogre|66\/100|[from] item: Leftovers\n|upkeep\n|turn|46\n|\n|t:|1665142429\n|switch|p2a: Calyrex|Calyrex-Shadow|78\/100\n|-ability|p2a: Calyrex|As One\n|-ability|p2a: Calyrex|Unnerve\n|-damage|p2a: Calyrex|66\/100|[from] Stealth Rock\n|move|p1a: Kyogre|Calm Mind|p1a: Kyogre\n|-boost|p1a: Kyogre|spa|1\n|-boost|p1a: Kyogre|spd|1\n|\n|-weather|none\n|-heal|p1a: Kyogre|72\/100|[from] item: Leftovers\n|upkeep\n|turn|47\n|\n|t:|1665142431\n|move|p2a: Calyrex|Astral Barrage|p1a: Kyogre\n|-end|p1a: Kyogre|Substitute\n|move|p1a: Kyogre|Scald|p2a: Calyrex\n|-damage|p2a: Calyrex|5\/100\n|\n|-heal|p1a: Kyogre|78\/100|[from] item: Leftovers\n|upkeep\n|turn|48\n|\n|t:|1665142433\n|move|p2a: Calyrex|Astral Barrage|p1a: Kyogre\n|-damage|p1a: Kyogre|49\/100\n|move|p1a: Kyogre|Scald|p2a: Calyrex\n|-damage|p2a: Calyrex|0 fnt\n|faint|p2a: Calyrex\n|\n|-heal|p1a: Kyogre|55\/100|[from] item: Leftovers\n|upkeep\n|\n|t:|1665142436\n|switch|p2a: Zacian|Zacian-Crowned|100\/100\n|-damage|p2a: Zacian|94\/100|[from] Stealth Rock\n|-ability|p2a: Zacian|Intrepid Sword|boost\n|-boost|p2a: Zacian|atk|1\n|turn|49\n|\n|t:|1665142440\n|switch|p1a: Tangrowth|Tangrowth, M|100\/100\n|move|p2a: Zacian|Wild Charge|p1a: Tangrowth\n|-resisted|p1a: Tangrowth\n|-damage|p1a: Tangrowth|83\/100\n|-damage|p2a: Zacian|78\/100|[from] item: Rocky Helmet|[of] p1a: Tangrowth\n|-damage|p2a: Zacian|72\/100|[from] Recoil\n|\n|upkeep\n|turn|50\n|\n|t:|1665142446\n|switch|p2a: Ho-Oh|Ho-Oh|40\/100\n|move|p1a: Tangrowth|Knock Off|p2a: Ho-Oh\n|-damage|p2a: Ho-Oh|25\/100\n|-enditem|p2a: Ho-Oh|Heavy-Duty Boots|[from] move: Knock Off|[of] p1a: Tangrowth\n|\n|upkeep\n|turn|51\n|\n|t:|1665142451\n|switch|p1a: Tyranitar|Tyranitar, M|97\/100\n|-weather|Sandstorm|[from] ability: Sand Stream|[of] p1a: Tyranitar\n|move|p2a: Ho-Oh|Defog|p1a: Tyranitar\n|-unboost|p1a: Tyranitar|evasion|1\n|-sideend|p2: aglt5tx smoolic|Stealth Rock|[from] move: Defog|[of] p2a: Ho-Oh\n|\n|-weather|Sandstorm|[upkeep]\n|-damage|p2a: Ho-Oh|19\/100|[from] Sandstorm\n|-heal|p1a: Tyranitar|100\/100|[from] item: Leftovers\n|upkeep\n|turn|52\n|\n|t:|1665142453\n|move|p2a: Ho-Oh|Sacred Fire|p1a: Tyranitar\n|-resisted|p1a: Tyranitar\n|-damage|p1a: Tyranitar|86\/100\n|-status|p1a: Tyranitar|brn\n|move|p1a: Tyranitar|Stealth Rock|p2a: Ho-Oh\n|-sidestart|p2: aglt5tx smoolic|move: Stealth Rock\n|\n|-weather|Sandstorm|[upkeep]\n|-damage|p2a: Ho-Oh|13\/100|[from] Sandstorm\n|-heal|p1a: Tyranitar|93\/100 brn|[from] item: Leftovers\n|-damage|p1a: Tyranitar|86\/100 brn|[from] brn\n|upkeep\n|turn|53\n|\n|t:|1665142456\n|move|p2a: Ho-Oh|Defog|p1a: Tyranitar\n|-unboost|p1a: Tyranitar|evasion|1\n|-sideend|p2: aglt5tx smoolic|Stealth Rock|[from] move: Defog|[of] p2a: Ho-Oh\n|move|p1a: Tyranitar|Rock Tomb|p2a: Ho-Oh\n|-supereffective|p2a: Ho-Oh\n|-damage|p2a: Ho-Oh|0 fnt\n|faint|p2a: Ho-Oh\n|\n|-weather|Sandstorm|[upkeep]\n|-heal|p1a: Tyranitar|93\/100 brn|[from] item: Leftovers\n|-damage|p1a: Tyranitar|86\/100 brn|[from] brn\n|upkeep\n|\n|t:|1665142463\n|switch|p2a: Zacian|Zacian-Crowned|72\/100\n|-ability|p2a: Zacian|Intrepid Sword|boost\n|-boost|p2a: Zacian|atk|1\n|turn|54\n|\n|t:|1665142467\n|switch|p1a: Tangrowth|Tangrowth, M|100\/100\n|move|p2a: Zacian|Behemoth Blade|p1a: Tangrowth\n|-damage|p1a: Tangrowth|41\/100\n|-damage|p2a: Zacian|56\/100|[from] item: Rocky Helmet|[of] p1a: Tangrowth\n|\n|-weather|Sandstorm|[upkeep]\n|-damage|p1a: Tangrowth|35\/100|[from] Sandstorm\n|upkeep\n|turn|55\n|\n|t:|1665142472\n|switch|p1a: Ho-Oh|Ho-Oh|100\/100\n|move|p2a: Zacian|Wild Charge|p1a: Ho-Oh\n|-supereffective|p1a: Ho-Oh\n|-crit|p1a: Ho-Oh\n|-damage|p1a: Ho-Oh|0 fnt\n|faint|p1a: Ho-Oh\n|-damage|p2a: Zacian|24\/100|[from] Recoil\n|\n|-weather|none\n|upkeep\n|\n|t:|1665142476\n|switch|p1a: Tangrowth|Tangrowth, M|68\/100\n|turn|56\n|\n|t:|1665142480\n|switch|p2a: jim|Yveltal|82\/100\n|-ability|p2a: jim|Dark Aura\n|move|p1a: Tangrowth|Earthquake|p2a: jim\n|-immune|p2a: jim\n|\n|upkeep\n|turn|57\n|l| luckybigking\n|\n|t:|1665142493\n|switch|p1a: Tyranitar|Tyranitar, M|86\/100 brn\n|-weather|Sandstorm|[from] ability: Sand Stream|[of] p1a: Tyranitar\n|-start|p2a: jim|Dynamax|\n|-heal|p2a: jim|82\/100|[silent]\n|move|p2a: jim|Max Darkness|p1a: Tyranitar\n|-resisted|p1a: Tyranitar\n|-damage|p1a: Tyranitar|40\/100 brn\n|-unboost|p1a: Tyranitar|spd|1\n|-damage|p2a: jim|77\/100|[from] item: Life Orb\n|\n|-weather|Sandstorm|[upkeep]\n|-damage|p2a: jim|74\/100|[from] Sandstorm\n|-heal|p1a: Tyranitar|46\/100 brn|[from] item: Leftovers\n|-damage|p1a: Tyranitar|40\/100 brn|[from] brn\n|upkeep\n|turn|58\n|\n|t:|1665142499\n|switch|p1a: Toxapex|Toxapex, M|100\/100\n|move|p2a: jim|Max Darkness|p1a: Toxapex\n|-damage|p1a: Toxapex|31\/100\n|-unboost|p1a: Toxapex|spd|1\n|-damage|p2a: jim|69\/100|[from] item: Life Orb\n|\n|-weather|Sandstorm|[upkeep]\n|-damage|p2a: jim|66\/100|[from] Sandstorm\n|-damage|p1a: Toxapex|25\/100|[from] Sandstorm\n|upkeep\n|turn|59\n|l| FlowerCity520\n|\n|t:|1665142523\n|switch|p1a: Blissey|Blissey, F|100\/100\n|move|p2a: jim|Max Airstream|p1a: Blissey\n|-damage|p1a: Blissey|2\/100\n|-boost|p2a: jim|spe|1\n|-damage|p2a: jim|61\/100|[from] item: Life Orb\n|\n|-weather|Sandstorm|[upkeep]\n|-damage|p2a: jim|58\/100|[from] Sandstorm\n|-damage|p1a: Blissey|0 fnt|[from] Sandstorm\n|faint|p1a: Blissey\n|upkeep\n|\n|t:|1665142526\n|switch|p1a: Kyogre|Kyogre|55\/100\n|-weather|RainDance|[from] ability: Drizzle|[of] p1a: Kyogre\n|-end|p2a: jim|Dynamax\n|-heal|p2a: jim|58\/100|[silent]\n|turn|60\n|\n|t:|1665142528\n|-start|p1a: Kyogre|Dynamax|\n|-heal|p1a: Kyogre|55\/100|[silent]\n|move|p2a: jim|Knock Off|p1a: Kyogre\n|-damage|p1a: Kyogre|20\/100\n|-enditem|p1a: Kyogre|Leftovers|[from] move: Knock Off|[of] p2a: jim\n|-damage|p2a: jim|48\/100|[from] item: Life Orb\n|move|p1a: Kyogre|Max Geyser|p2a: jim\n|-damage|p2a: jim|0 fnt\n|faint|p2a: jim\n|\n|-weather|RainDance|[upkeep]\n|upkeep\n|\n|t:|1665142540\n|switch|p2a: Zacian|Zacian-Crowned|24\/100\n|-ability|p2a: Zacian|Intrepid Sword|boost\n|-boost|p2a: Zacian|atk|1\n|turn|61\n|\n|t:|1665142543\n|-end|p1a: Kyogre|Dynamax\n|-heal|p1a: Kyogre|20\/100|[silent]\n|switch|p1a: Tangrowth|Tangrowth, M|100\/100\n|move|p2a: Zacian|Behemoth Blade|p1a: Tangrowth\n|-damage|p1a: Tangrowth|46\/100\n|-damage|p2a: Zacian|7\/100|[from] item: Rocky Helmet|[of] p1a: Tangrowth\n|\n|-weather|RainDance|[upkeep]\n|upkeep\n|turn|62\n|\n|t:|1665142567\n|move|p2a: Zacian|Behemoth Blade|p1a: Tangrowth\n|-damage|p1a: Tangrowth|0 fnt\n|-damage|p2a: Zacian|0 fnt|[from] item: Rocky Helmet|[of] p1a: Tangrowth\n|faint|p1a: Tangrowth\n|faint|p2a: Zacian\n|\n|-weather|RainDance|[upkeep]\n|upkeep\n|\n|t:|1665142572\n|switch|p2a: Necrozma|Necrozma-Dusk-Mane|88\/100\n|switch|p1a: Kyogre|Kyogre|20\/100\n|turn|63\n|\n|t:|1665142580\n|move|p1a: Kyogre|Rest|p1a: Kyogre\n|-status|p1a: Kyogre|slp|[from] move: Rest\n|-heal|p1a: Kyogre|100\/100 slp|[silent]\n|move|p2a: Necrozma|Earthquake|p1a: Kyogre\n|-damage|p1a: Kyogre|79\/100 slp\n|\n|-weather|RainDance|[upkeep]\n|upkeep\n|turn|64\n|\n|t:|1665142584\n|cant|p1a: Kyogre|slp\n|move|p2a: Necrozma|Earthquake|p1a: Kyogre\n|-damage|p1a: Kyogre|56\/100 slp\n|\n|-weather|none\n|upkeep\n|turn|65\n|\n|t:|1665142589\n|cant|p1a: Kyogre|slp\n|move|p2a: Necrozma|Earthquake|p1a: Kyogre\n|-damage|p1a: Kyogre|33\/100 slp\n|\n|upkeep\n|turn|66\n|\n|t:|1665142591\n|-curestatus|p1a: Kyogre|slp|[msg]\n|move|p1a: Kyogre|Rest|p1a: Kyogre\n|-status|p1a: Kyogre|slp|[from] move: Rest\n|-heal|p1a: Kyogre|100\/100 slp|[silent]\n|move|p2a: Necrozma|Stealth Rock|p1a: Kyogre\n|-sidestart|p1: yokobaby|move: Stealth Rock\n|\n|upkeep\n|turn|67\n|\n|t:|1665142596\n|cant|p1a: Kyogre|slp\n|move|p2a: Necrozma|Earthquake|p1a: Kyogre\n|-damage|p1a: Kyogre|77\/100 slp\n|\n|upkeep\n|turn|68\n|\n|t:|1665142598\n|switch|p2a: Eternatus|Eternatus|100\/100\n|-ability|p2a: Eternatus|Pressure\n|cant|p1a: Kyogre|slp\n|\n|upkeep\n|turn|69\n|\n|t:|1665142601\n|move|p2a: Eternatus|Flamethrower|p1a: Kyogre\n|-resisted|p1a: Kyogre\n|-crit|p1a: Kyogre\n|-damage|p1a: Kyogre|63\/100 slp\n|-curestatus|p1a: Kyogre|slp|[msg]\n|move|p1a: Kyogre|Substitute|p1a: Kyogre\n|-start|p1a: Kyogre|Substitute\n|-damage|p1a: Kyogre|38\/100\n|\n|upkeep\n|turn|70\n|\n|t:|1665142603\n|switch|p2a: Necrozma|Necrozma-Dusk-Mane|88\/100\n|move|p1a: Kyogre|Calm Mind|p1a: Kyogre\n|-boost|p1a: Kyogre|spa|1\n|-boost|p1a: Kyogre|spd|1\n|\n|upkeep\n|turn|71\n|\n|t:|1665142605\n|move|p1a: Kyogre|Scald|p2a: Necrozma\n|-damage|p2a: Necrozma|40\/100\n|move|p2a: Necrozma|Earthquake|p1a: Kyogre\n|-activate|p1a: Kyogre|move: Substitute|[damage]\n|\n|upkeep\n|turn|72\n|\n|t:|1665142607\n|move|p1a: Kyogre|Scald|p2a: Necrozma\n|-damage|p2a: Necrozma|0 fnt\n|faint|p2a: Necrozma\n|\n|upkeep\n|-message|aglt5tx smoolic forfeited.\n|\n|win|yokobaby\n|raw|yokobaby's rating: 1731 &rarr; <strong>1756<\/strong><br \/>(+25 for winning)\n|raw|aglt5tx smoolic's rating: 1827 &rarr; <strong>1802<\/strong><br \/>(-25 for losing)\n|l|\u2606aglt5tx smoolic\n||Ladder isn't responding, score probably updated but might not have (Request timeout).\n|l| AGLT5TX Pain\n","uploadtime":1665143436,"views":3,"p1id":"yokobaby","p2id":"aglt5txsmoolic","formatid":"gen8anythinggoes","rating":1756,"private":0,"password":null}