{"id":"gen8monotype-1651043944","p1":"JooshP","p2":"Quiet Beluslan","format":"gen8monotype","log":"|j|\u2606JooshP\n|j|\u2606Quiet Beluslan\n|inactive|Battle timer is ON: inactive players will automatically lose when time's up.\n|t:|1661782496\n|gametype|singles\n|player|p1|JooshP|red|\n|player|p2|Quiet Beluslan|nate|\n|teamsize|p1|6\n|teamsize|p2|6\n|gen|8\n|tier|[Gen 8] Monotype\n|rated|Tournament battle\n|rule|Same Type Clause: Pok\u00e9mon in a team must share a type\n|rule|Sleep Clause Mod: Limit one foe put to sleep\n|rule|Species Clause: Limit one of each Pok\u00e9mon\n|rule|OHKO Clause: OHKO moves are banned\n|rule|Evasion Items Clause: Evasion items are banned\n|rule|Evasion Moves Clause: Evasion moves are banned\n|rule|Endless Battle Clause: Forcing endless battles is banned\n|rule|HP Percentage Mod: HP is shown in percentages\n|rule|Dynamax Clause: You cannot dynamax\n|clearpoke\n|poke|p1|Alakazam, F|\n|poke|p1|Tapu Lele|\n|poke|p1|Jirachi|\n|poke|p1|Slowbro, F|\n|poke|p1|Metagross|\n|poke|p1|Mew|\n|poke|p2|Toxapex, M|\n|poke|p2|Gastrodon-East, M|\n|poke|p2|Slowking, F|\n|poke|p2|Volcanion|\n|poke|p2|Cloyster, M|\n|poke|p2|Urshifu-*, F|\n|teampreview\n|j|*Lady Monita\n|inactive|Quiet Beluslan also wants the timer to be on.\n|\n|t:|1661782517\n|start\n|switch|p1a: Jirachi|Jirachi|100\/100\n|switch|p2a: Urshifu|Urshifu-Rapid-Strike, F|100\/100\n|turn|1\n|\n|t:|1661782526\n|move|p2a: Urshifu|U-turn|p1a: Jirachi\n|-damage|p1a: Jirachi|81\/100\n|\n|t:|1661782532\n|switch|p2a: Toxapex|Toxapex, M|100\/100|[from]move: U-turn\n|move|p1a: Jirachi|Stealth Rock|p2a: Toxapex\n|-sidestart|p2: Quiet Beluslan|move: Stealth Rock\n|\n|-heal|p1a: Jirachi|87\/100|[from] item: Leftovers\n|upkeep\n|turn|2\n|inactive|JooshP has 120 seconds left.\n|\n|t:|1661782567\n|move|p1a: Jirachi|Wish|p1a: Jirachi\n|move|p2a: Toxapex|Knock Off|p1a: Jirachi\n|-supereffective|p1a: Jirachi\n|-damage|p1a: Jirachi|59\/100\n|-enditem|p1a: Jirachi|Leftovers|[from] move: Knock Off|[of] p2a: Toxapex\n|\n|upkeep\n|turn|3\n|\n|t:|1661782573\n|move|p1a: Jirachi|U-turn|p2a: Toxapex\n|-resisted|p2a: Toxapex\n|-damage|p2a: Toxapex|96\/100\n|\n|t:|1661782576\n|switch|p1a: Slowbro|Slowbro, F|100\/100|[from]move: U-turn\n|move|p2a: Toxapex|Knock Off|p1a: Slowbro\n|-supereffective|p1a: Slowbro\n|-damage|p1a: Slowbro|82\/100\n|-enditem|p1a: Slowbro|Heavy-Duty Boots|[from] move: Knock Off|[of] p2a: Toxapex\n|\n|-heal|p1a: Slowbro|100\/100|[from] move: Wish|[wisher] Jirachi\n|-heal|p2a: Toxapex|100\/100|[from] item: Black Sludge\n|upkeep\n|turn|4\n|\n|t:|1661782582\n|switch|p2a: Volcanion|Volcanion|100\/100\n|move|p1a: Slowbro|Future Sight|p2a: Volcanion\n|-start|p1a: Slowbro|move: Future Sight\n|\n|upkeep\n|turn|5\n|\n|t:|1661782598\n|move|p2a: Volcanion|Defog|p1a: Slowbro\n|-unboost|p1a: Slowbro|evasion|1\n|-sideend|p2: Quiet Beluslan|Stealth Rock|[from] move: Defog|[of] p2a: Volcanion\n|move|p1a: Slowbro|Teleport|p1a: Slowbro\n|\n|t:|1661782613\n|switch|p1a: Tapu Lele|Tapu Lele|100\/100|[from]move: Teleport\n|-fieldstart|move: Psychic Terrain|[from] ability: Psychic Surge|[of] p1a: Tapu Lele\n|\n|upkeep\n|turn|6\n|\n|t:|1661782617\n|switch|p2a: Slowking|Slowking, F|100\/100\n|move|p1a: Tapu Lele|Psychic|p2a: Slowking\n|-resisted|p2a: Slowking\n|-damage|p2a: Slowking|84\/100\n|\n|-end|p2a: Slowking|move: Future Sight\n|-resisted|p2a: Slowking\n|-damage|p2a: Slowking|69\/100\n|upkeep\n|turn|7\n|\n|t:|1661782630\n|switch|p1a: Jirachi|Jirachi|59\/100\n|move|p2a: Slowking|Teleport|p2a: Slowking\n|\n|t:|1661782642\n|switch|p2a: Urshifu|Urshifu-Rapid-Strike, F|100\/100|[from]move: Teleport\n|\n|upkeep\n|turn|8\n|inactive|Quiet Beluslan has 120 seconds left.\n|\n|t:|1661782695\n|move|p2a: Urshifu|U-turn|p1a: Jirachi\n|-damage|p1a: Jirachi|37\/100\n|\n|t:|1661782701\n|switch|p2a: Volcanion|Volcanion|100\/100|[from]move: U-turn\n|move|p1a: Jirachi|Stealth Rock|p2a: Volcanion\n|-sidestart|p2: Quiet Beluslan|move: Stealth Rock\n|\n|upkeep\n|turn|9\n|\n|t:|1661782712\n|move|p1a: Jirachi|U-turn|p2a: Volcanion\n|-resisted|p2a: Volcanion\n|-damage|p2a: Volcanion|94\/100\n|\n|t:|1661782716\n|switch|p1a: Metagross|Metagross|100\/100|[from]move: U-turn\n|move|p2a: Volcanion|Defog|p1a: Metagross\n|-fail|p1a: Metagross|unboost|[from] ability: Clear Body|[of] p1a: Metagross\n|-sideend|p2: Quiet Beluslan|Stealth Rock|[from] move: Defog|[of] p2a: Volcanion\n|-fieldend|move: Psychic Terrain\n|\n|upkeep\n|turn|10\n|\n|t:|1661782722\n|move|p2a: Volcanion|Flamethrower|p1a: Metagross\n|-supereffective|p1a: Metagross\n|-damage|p1a: Metagross|24\/100\n|move|p1a: Metagross|Earthquake|p2a: Volcanion\n|-supereffective|p2a: Volcanion\n|-damage|p2a: Volcanion|28\/100\n|\n|upkeep\n|turn|11\n|inactive|Quiet Beluslan has 120 seconds left.\n|\n|t:|1661782747\n|switch|p2a: Slowking|Slowking, F|100\/100\n|move|p1a: Metagross|Earthquake|p2a: Slowking\n|-damage|p2a: Slowking|58\/100\n|\n|upkeep\n|turn|12\n|\n|t:|1661782752\n|move|p1a: Metagross|Meteor Mash|p2a: Slowking\n|-resisted|p2a: Slowking\n|-damage|p2a: Slowking|32\/100\n|move|p2a: Slowking|Slack Off|p2a: Slowking\n|-heal|p2a: Slowking|82\/100\n|\n|upkeep\n|turn|13\n|\n|t:|1661782761\n|move|p1a: Metagross|Meteor Mash|p2a: Slowking\n|-resisted|p2a: Slowking\n|-damage|p2a: Slowking|53\/100\n|move|p2a: Slowking|Slack Off|p2a: Slowking\n|-heal|p2a: Slowking|100\/100\n|\n|upkeep\n|turn|14\n|\n|t:|1661782767\n|move|p1a: Metagross|Meteor Mash|p2a: Slowking\n|-resisted|p2a: Slowking\n|-damage|p2a: Slowking|72\/100\n|move|p2a: Slowking|Teleport|p2a: Slowking\n|\n|t:|1661782790\n|switch|p2a: Gastrodon|Gastrodon-East, M|100\/100|[from]move: Teleport\n|\n|upkeep\n|turn|15\n|\n|t:|1661782795\n|move|p1a: Metagross|Meteor Mash|p2a: Gastrodon\n|-resisted|p2a: Gastrodon\n|-damage|p2a: Gastrodon|81\/100\n|move|p2a: Gastrodon|Earthquake|p1a: Metagross\n|-supereffective|p1a: Metagross\n|-damage|p1a: Metagross|0 fnt\n|faint|p1a: Metagross\n|\n|-heal|p2a: Gastrodon|87\/100|[from] item: Leftovers\n|upkeep\n|\n|t:|1661782801\n|switch|p1a: Jirachi|Jirachi|37\/100\n|turn|16\n|\n|t:|1661782809\n|move|p1a: Jirachi|Stealth Rock|p2a: Gastrodon\n|-sidestart|p2: Quiet Beluslan|move: Stealth Rock\n|move|p2a: Gastrodon|Earthquake|p1a: Jirachi\n|-supereffective|p1a: Jirachi\n|-damage|p1a: Jirachi|0 fnt\n|faint|p1a: Jirachi\n|\n|-heal|p2a: Gastrodon|93\/100|[from] item: Leftovers\n|upkeep\n|\n|t:|1661782838\n|switch|p1a: Tapu Lele|Tapu Lele|100\/100\n|-fieldstart|move: Psychic Terrain|[from] ability: Psychic Surge|[of] p1a: Tapu Lele\n|turn|17\n|\n|t:|1661782848\n|switch|p1a: Mew|Mew|100\/100\n|move|p2a: Gastrodon|Earthquake|p1a: Mew\n|-damage|p1a: Mew|71\/100\n|\n|-heal|p2a: Gastrodon|99\/100|[from] item: Leftovers\n|upkeep\n|turn|18\n|\n|t:|1661782868\n|move|p1a: Mew|Dragon Dance|p1a: Mew\n|-boost|p1a: Mew|atk|1\n|-boost|p1a: Mew|spe|1\n|move|p2a: Gastrodon|Scald|p1a: Mew\n|-damage|p1a: Mew|45\/100\n|\n|-heal|p2a: Gastrodon|100\/100|[from] item: Leftovers\n|upkeep\n|turn|19\n|\n|t:|1661782874\n|move|p1a: Mew|Knock Off|p2a: Gastrodon\n|-damage|p2a: Gastrodon|67\/100\n|-enditem|p2a: Gastrodon|Leftovers|[from] move: Knock Off|[of] p1a: Mew\n|move|p2a: Gastrodon|Clear Smog|p1a: Mew\n|-damage|p1a: Mew|34\/100\n|-clearboost|p1a: Mew\n|\n|upkeep\n|turn|20\n|\n|t:|1661782879\n|switch|p1a: Alakazam|Alakazam, F|100\/100\n|move|p2a: Gastrodon|Scald|p1a: Alakazam\n|-damage|p1a: Alakazam|62\/100\n|\n|upkeep\n|turn|21\n|\n|t:|1661782882\n|move|p1a: Alakazam|Nasty Plot|p1a: Alakazam\n|-boost|p1a: Alakazam|spa|2\n|move|p2a: Gastrodon|Earthquake|p1a: Alakazam\n|-damage|p1a: Alakazam|0 fnt\n|faint|p1a: Alakazam\n|\n|-fieldend|move: Psychic Terrain\n|upkeep\n|\n|t:|1661782892\n|switch|p1a: Tapu Lele|Tapu Lele|100\/100\n|-fieldstart|move: Psychic Terrain|[from] ability: Psychic Surge|[of] p1a: Tapu Lele\n|turn|22\n|\n|t:|1661782898\n|move|p1a: Tapu Lele|Psyshock|p2a: Gastrodon\n|-damage|p2a: Gastrodon|29\/100\n|move|p2a: Gastrodon|Earthquake|p1a: Tapu Lele\n|-damage|p1a: Tapu Lele|53\/100\n|\n|upkeep\n|turn|23\n|\n|t:|1661782901\n|move|p1a: Tapu Lele|Psyshock|p2a: Gastrodon\n|-damage|p2a: Gastrodon|0 fnt\n|faint|p2a: Gastrodon\n|\n|upkeep\n|\n|t:|1661782913\n|switch|p2a: Slowking|Slowking, F|100\/100\n|turn|24\n|inactive|JooshP has 120 seconds left.\n|\n|t:|1661782946\n|switch|p1a: Slowbro|Slowbro, F|100\/100\n|move|p2a: Slowking|Ice Beam|p1a: Slowbro\n|-resisted|p1a: Slowbro\n|-damage|p1a: Slowbro|90\/100\n|\n|upkeep\n|turn|25\n|\n|t:|1661782959\n|move|p1a: Slowbro|Future Sight|p2a: Slowking\n|-start|p1a: Slowbro|move: Future Sight\n|move|p2a: Slowking|Teleport|p2a: Slowking\n|\n|t:|1661782961\n|switch|p2a: Volcanion|Volcanion|28\/100|[from]move: Teleport\n|\n|upkeep\n|turn|26\n|\n|t:|1661782972\n|move|p2a: Volcanion|Defog|p1a: Slowbro\n|-unboost|p1a: Slowbro|evasion|1\n|-sideend|p2: Quiet Beluslan|Stealth Rock|[from] move: Defog|[of] p2a: Volcanion\n|-fieldend|move: Psychic Terrain\n|move|p1a: Slowbro|Teleport|p1a: Slowbro\n|\n|t:|1661782977\n|switch|p1a: Mew|Mew|34\/100|[from]move: Teleport\n|\n|upkeep\n|turn|27\n|\n|t:|1661782982\n|move|p1a: Mew|Knock Off|p2a: Volcanion\n|-damage|p2a: Volcanion|6\/100\n|-enditem|p2a: Volcanion|Heavy-Duty Boots|[from] move: Knock Off|[of] p1a: Mew\n|move|p2a: Volcanion|Toxic|p1a: Mew\n|-status|p1a: Mew|tox\n|-activate|p1a: Mew|ability: Synchronize\n|-status|p2a: Volcanion|tox\n|\n|-end|p2a: Volcanion|move: Future Sight\n|-damage|p2a: Volcanion|0 fnt\n|faint|p2a: Volcanion\n|-damage|p1a: Mew|28\/100 tox|[from] psn\n|upkeep\n|\n|t:|1661782986\n|switch|p2a: Urshifu|Urshifu-Rapid-Strike, F|100\/100\n|turn|28\n|\n|t:|1661782998\n|move|p2a: Urshifu|U-turn|p1a: Mew\n|-supereffective|p1a: Mew\n|-damage|p1a: Mew|0 fnt\n|faint|p1a: Mew\n|\n|t:|1661783016\n|switch|p2a: Slowking|Slowking, F|100\/100|[from]move: U-turn\n|\n|upkeep\n|\n|t:|1661783028\n|switch|p1a: Slowbro|Slowbro, F|100\/100\n|turn|29\n|\n|t:|1661783032\n|move|p1a: Slowbro|Future Sight|p2a: Slowking\n|-start|p1a: Slowbro|move: Future Sight\n|move|p2a: Slowking|Teleport|p2a: Slowking\n|\n|t:|1661783034\n|switch|p2a: Urshifu|Urshifu-Rapid-Strike, F|100\/100|[from]move: Teleport\n|\n|upkeep\n|turn|30\n|\n|t:|1661783059\n|move|p2a: Urshifu|U-turn|p1a: Slowbro\n|-supereffective|p1a: Slowbro\n|-damage|p1a: Slowbro|70\/100\n|\n|t:|1661783086\n|switch|p2a: Toxapex|Toxapex, M|100\/100|[from]move: U-turn\n|move|p1a: Slowbro|Scald|p2a: Toxapex\n|-resisted|p2a: Toxapex\n|-damage|p2a: Toxapex|90\/100\n|\n|-heal|p2a: Toxapex|96\/100|[from] item: Black Sludge\n|upkeep\n|turn|31\n|\n|t:|1661783098\n|move|p2a: Toxapex|Poison Jab|p1a: Slowbro\n|-damage|p1a: Slowbro|58\/100\n|move|p1a: Slowbro|Future Sight||[still]\n|-fail|p1a: Slowbro\n|\n|-end|p2a: Toxapex|move: Future Sight\n|-supereffective|p2a: Toxapex\n|-damage|p2a: Toxapex|25\/100\n|-heal|p2a: Toxapex|31\/100|[from] item: Black Sludge\n|upkeep\n|turn|32\n|\n|t:|1661783107\n|move|p2a: Toxapex|Recover|p2a: Toxapex\n|-heal|p2a: Toxapex|81\/100\n|move|p1a: Slowbro|Future Sight|p2a: Toxapex\n|-start|p1a: Slowbro|move: Future Sight\n|\n|-heal|p2a: Toxapex|88\/100|[from] item: Black Sludge\n|upkeep\n|turn|33\n|\n|t:|1661783111\n|move|p2a: Toxapex|Poison Jab|p1a: Slowbro\n|-damage|p1a: Slowbro|46\/100\n|move|p1a: Slowbro|Teleport|p1a: Slowbro\n|\n|t:|1661783113\n|switch|p1a: Tapu Lele|Tapu Lele|53\/100|[from]move: Teleport\n|-fieldstart|move: Psychic Terrain|[from] ability: Psychic Surge|[of] p1a: Tapu Lele\n|\n|-heal|p2a: Toxapex|94\/100|[from] item: Black Sludge\n|upkeep\n|turn|34\n|\n|t:|1661783116\n|switch|p2a: Cloyster|Cloyster, M|100\/100\n|move|p1a: Tapu Lele|Psyshock|p2a: Cloyster\n|-damage|p2a: Cloyster|55\/100\n|\n|-end|p2a: Cloyster|move: Future Sight\n|-damage|p2a: Cloyster|0 fnt\n|faint|p2a: Cloyster\n|upkeep\n|\n|t:|1661783118\n|switch|p2a: Urshifu|Urshifu-Rapid-Strike, F|100\/100\n|turn|35\n|\n|t:|1661783122\n|switch|p1a: Slowbro|Slowbro, F|80\/100\n|move|p2a: Urshifu|Surging Strikes|p1a: Slowbro\n|-resisted|p1a: Slowbro\n|-crit|p1a: Slowbro\n|-damage|p1a: Slowbro|74\/100\n|-resisted|p1a: Slowbro\n|-crit|p1a: Slowbro\n|-damage|p1a: Slowbro|69\/100\n|-resisted|p1a: Slowbro\n|-crit|p1a: Slowbro\n|-damage|p1a: Slowbro|62\/100\n|-hitcount|p1a: Slowbro|3\n|\n|upkeep\n|turn|36\n|\n|t:|1661783129\n|switch|p2a: Toxapex|Toxapex, M|100\/100\n|move|p1a: Slowbro|Future Sight|p2a: Toxapex\n|-start|p1a: Slowbro|move: Future Sight\n|\n|upkeep\n|turn|37\n|\n|t:|1661783150\n|move|p2a: Toxapex|Poison Jab|p1a: Slowbro\n|-damage|p1a: Slowbro|51\/100\n|move|p1a: Slowbro|Teleport|p1a: Slowbro\n|\n|t:|1661783152\n|switch|p1a: Tapu Lele|Tapu Lele|53\/100|[from]move: Teleport\n|\n|-fieldend|move: Psychic Terrain\n|upkeep\n|turn|38\n|\n|t:|1661783156\n|switch|p2a: Slowking|Slowking, F|100\/100\n|move|p1a: Tapu Lele|Psyshock|p2a: Slowking\n|-resisted|p2a: Slowking\n|-damage|p2a: Slowking|77\/100\n|\n|-end|p2a: Slowking|move: Future Sight\n|-resisted|p2a: Slowking\n|-damage|p2a: Slowking|65\/100\n|upkeep\n|turn|39\n|j| Failbor21\n|\n|t:|1661783171\n|switch|p1a: Slowbro|Slowbro, F|84\/100\n|move|p2a: Slowking|Teleport|p2a: Slowking\n|\n|t:|1661783174\n|switch|p2a: Urshifu|Urshifu-Rapid-Strike, F|100\/100|[from]move: Teleport\n|\n|upkeep\n|turn|40\n|\n|t:|1661783189\n|move|p2a: Urshifu|U-turn|p1a: Slowbro\n|-supereffective|p1a: Slowbro\n|-damage|p1a: Slowbro|58\/100\n|\n|t:|1661783192\n|switch|p2a: Slowking|Slowking, F|98\/100|[from]move: U-turn\n|move|p1a: Slowbro|Scald|p2a: Slowking\n|-resisted|p2a: Slowking\n|-damage|p2a: Slowking|90\/100\n|\n|upkeep\n|turn|41\n|\n|t:|1661783194\n|move|p1a: Slowbro|Scald|p2a: Slowking\n|-resisted|p2a: Slowking\n|-damage|p2a: Slowking|82\/100\n|move|p2a: Slowking|Teleport|p2a: Slowking\n|\n|t:|1661783198\n|switch|p2a: Urshifu|Urshifu-Rapid-Strike, F|100\/100|[from]move: Teleport\n|\n|upkeep\n|turn|42\n|\n|t:|1661783200\n|move|p2a: Urshifu|U-turn|p1a: Slowbro\n|-supereffective|p1a: Slowbro\n|-damage|p1a: Slowbro|28\/100\n|\n|t:|1661783203\n|switch|p2a: Slowking|Slowking, F|100\/100|[from]move: U-turn\n|move|p1a: Slowbro|Scald|p2a: Slowking\n|-resisted|p2a: Slowking\n|-damage|p2a: Slowking|92\/100\n|\n|upkeep\n|turn|43\n|\n|t:|1661783206\n|move|p1a: Slowbro|Slack Off|p1a: Slowbro\n|-heal|p1a: Slowbro|78\/100\n|move|p2a: Slowking|Teleport|p2a: Slowking\n|\n|t:|1661783209\n|switch|p2a: Urshifu|Urshifu-Rapid-Strike, F|100\/100|[from]move: Teleport\n|\n|upkeep\n|turn|44\n|\n|t:|1661783227\n|move|p2a: Urshifu|U-turn|p1a: Slowbro\n|-supereffective|p1a: Slowbro\n|-damage|p1a: Slowbro|48\/100\n|\n|t:|1661783233\n|switch|p2a: Slowking|Slowking, F|100\/100|[from]move: U-turn\n|move|p1a: Slowbro|Scald|p2a: Slowking\n|-resisted|p2a: Slowking\n|-damage|p2a: Slowking|93\/100\n|\n|upkeep\n|turn|45\n|inactive|JooshP has 120 seconds left.\n|\n|t:|1661783264\n|move|p1a: Slowbro|Scald|p2a: Slowking\n|-resisted|p2a: Slowking\n|-damage|p2a: Slowking|85\/100\n|move|p2a: Slowking|Teleport|p2a: Slowking\n|\n|t:|1661783268\n|switch|p2a: Urshifu|Urshifu-Rapid-Strike, F|100\/100|[from]move: Teleport\n|\n|upkeep\n|turn|46\n|\n|t:|1661783271\n|move|p2a: Urshifu|Poison Jab|p1a: Slowbro\n|-crit|p1a: Slowbro\n|-damage|p1a: Slowbro|24\/100\n|move|p1a: Slowbro|Slack Off|p1a: Slowbro\n|-heal|p1a: Slowbro|74\/100\n|\n|upkeep\n|turn|47\n|\n|t:|1661783274\n|move|p2a: Urshifu|Poison Jab|p1a: Slowbro\n|-damage|p1a: Slowbro|58\/100\n|-status|p1a: Slowbro|psn\n|move|p1a: Slowbro|Scald|p2a: Urshifu\n|-resisted|p2a: Urshifu\n|-damage|p2a: Urshifu|81\/100\n|\n|-damage|p1a: Slowbro|45\/100 psn|[from] psn\n|upkeep\n|turn|48\n|\n|t:|1661783279\n|switch|p2a: Slowking|Slowking, F|100\/100\n|move|p1a: Slowbro|Scald|p2a: Slowking\n|-resisted|p2a: Slowking\n|-damage|p2a: Slowking|92\/100\n|\n|-damage|p1a: Slowbro|33\/100 psn|[from] psn\n|upkeep\n|turn|49\n|\n|t:|1661783281\n|move|p1a: Slowbro|Slack Off|p1a: Slowbro\n|-heal|p1a: Slowbro|83\/100 psn\n|move|p2a: Slowking|Teleport|p2a: Slowking\n|\n|t:|1661783282\n|switch|p2a: Urshifu|Urshifu-Rapid-Strike, F|81\/100|[from]move: Teleport\n|\n|-damage|p1a: Slowbro|70\/100 psn|[from] psn\n|upkeep\n|turn|50\n|\n|t:|1661783287\n|move|p2a: Urshifu|U-turn|p1a: Slowbro\n|-supereffective|p1a: Slowbro\n|-damage|p1a: Slowbro|44\/100 psn\n|\n|t:|1661783292\n|switch|p2a: Slowking|Slowking, F|100\/100|[from]move: U-turn\n|move|p1a: Slowbro|Scald|p2a: Slowking\n|-resisted|p2a: Slowking\n|-damage|p2a: Slowking|92\/100\n|-status|p2a: Slowking|brn\n|\n|-damage|p1a: Slowbro|31\/100 psn|[from] psn\n|-damage|p2a: Slowking|86\/100 brn|[from] brn\n|upkeep\n|turn|51\n|\n|t:|1661783302\n|move|p1a: Slowbro|Future Sight|p2a: Slowking\n|-start|p1a: Slowbro|move: Future Sight\n|move|p2a: Slowking|Future Sight|p1a: Slowbro\n|-start|p2a: Slowking|move: Future Sight\n|\n|-damage|p1a: Slowbro|19\/100 psn|[from] psn\n|-damage|p2a: Slowking|80\/100 brn|[from] brn\n|upkeep\n|turn|52\n|\n|t:|1661783308\n|move|p1a: Slowbro|Slack Off|p1a: Slowbro\n|-heal|p1a: Slowbro|69\/100 psn\n|move|p2a: Slowking|Teleport|p2a: Slowking\n|\n|t:|1661783312\n|switch|p2a: Urshifu|Urshifu-Rapid-Strike, F|81\/100|[from]move: Teleport\n|\n|-damage|p1a: Slowbro|57\/100 psn|[from] psn\n|upkeep\n|turn|53\n|\n|t:|1661783314\n|move|p2a: Urshifu|U-turn|p1a: Slowbro\n|-supereffective|p1a: Slowbro\n|-damage|p1a: Slowbro|29\/100 psn\n|\n|t:|1661783316\n|switch|p2a: Slowking|Slowking, F|100\/100 brn|[from]move: U-turn\n|move|p1a: Slowbro|Slack Off|p1a: Slowbro\n|-heal|p1a: Slowbro|79\/100 psn\n|\n|-end|p2a: Slowking|move: Future Sight\n|-resisted|p2a: Slowking\n|-damage|p2a: Slowking|89\/100 brn\n|-end|p1a: Slowbro|move: Future Sight\n|-resisted|p1a: Slowbro\n|-damage|p1a: Slowbro|56\/100 psn\n|-damage|p1a: Slowbro|43\/100 psn|[from] psn\n|-damage|p2a: Slowking|82\/100 brn|[from] brn\n|upkeep\n|turn|54\n|\n|t:|1661783321\n|move|p2a: Slowking|Future Sight|p1a: Slowbro\n|-start|p2a: Slowking|move: Future Sight\n|move|p1a: Slowbro|Teleport|p1a: Slowbro\n|\n|t:|1661783323\n|switch|p1a: Tapu Lele|Tapu Lele|53\/100|[from]move: Teleport\n|-fieldstart|move: Psychic Terrain|[from] ability: Psychic Surge|[of] p1a: Tapu Lele\n|\n|-damage|p2a: Slowking|76\/100 brn|[from] brn\n|upkeep\n|turn|55\n|\n|t:|1661783328\n|move|p1a: Tapu Lele|Psychic|p2a: Slowking\n|-resisted|p2a: Slowking\n|-damage|p2a: Slowking|60\/100 brn\n|move|p2a: Slowking|Slack Off|p2a: Slowking\n|-heal|p2a: Slowking|100\/100 brn\n|\n|-damage|p2a: Slowking|94\/100 brn|[from] brn\n|upkeep\n|turn|56\n|-message|JooshP forfeited.\n|\n|win|Quiet Beluslan\n|n|\u2606JooshP|jooshp\n|n|\u2606Quiet Beluslan|quietbeluslan\n|n|*Lady Monita|ladymonita\n|n| Failbor21|failbor21\n|l|*Lady Monita\n|l|\u2606JooshP\n|l|\u2606Quiet Beluslan\n","uploadtime":1661783385,"views":5,"p1id":"jooshp","p2id":"quietbeluslan","formatid":"gen8monotype","rating":0,"private":0,"password":null}