{"id":"gen8ou-1677057033","p1":"Daevank5","p2":"LT94JE Kingpin","format":"gen8ou","log":"|j|\u2606Daevank5\n|j|\u2606LT94JE Kingpin\n|t:|1664848530\n|gametype|singles\n|player|p1|Daevank5|workerice|1738\n|player|p2|LT94JE Kingpin|#wcop2019uswest|1872\n|teamsize|p1|6\n|teamsize|p2|6\n|gen|8\n|tier|[Gen 8] OU\n|rated|\n|rule|Sleep Clause Mod: Limit one foe put to sleep\n|rule|Species Clause: Limit one of each Pok\u00e9mon\n|rule|OHKO Clause: OHKO moves are banned\n|rule|Evasion Items Clause: Evasion items are banned\n|rule|Evasion Moves Clause: Evasion moves are banned\n|rule|Endless Battle Clause: Forcing endless battles is banned\n|rule|HP Percentage Mod: HP is shown in percentages\n|rule|Dynamax Clause: You cannot dynamax\n|clearpoke\n|poke|p1|Thundurus, M|\n|poke|p1|Toxapex, F|\n|poke|p1|Landorus-Therian, M|\n|poke|p1|Dragapult, F|\n|poke|p1|Heatran, M|\n|poke|p1|Mew|\n|poke|p2|Tapu Lele|\n|poke|p2|Dragapult, M|\n|poke|p2|Umbreon, F|\n|poke|p2|Corviknight, F|\n|poke|p2|Volcanion|\n|poke|p2|Stunfisk, M|\n|teampreview\n|inactive|Battle timer is ON: inactive players will automatically lose when time's up. (requested by Daevank5)\n|c|\u2606LT94JE Kingpin|o\n|c|\u2606LT94JE Kingpin|im here\n|c|\u2606Daevank5|hello\n|inactive|LT94JE Kingpin has 120 seconds left.\n|c|\u2606LT94JE Kingpin|took so long to get a game lol\n|\n|t:|1664848604\n|start\n|switch|p1a: Landorus|Landorus-Therian, M|100\/100\n|switch|p2a: Zeraover|Stunfisk, M|100\/100\n|-ability|p1a: Landorus|Intimidate|boost\n|-unboost|p2a: Zeraover|atk|1\n|turn|1\n|c|\u2606Daevank5|hahaha yeah ladder is pre dead atm\n|\n|t:|1664848620\n|switch|p2a: Big Bird|Corviknight, F|100\/100\n|-ability|p2a: Big Bird|Pressure\n|move|p1a: Landorus|Earthquake|p2a: Big Bird\n|-immune|p2a: Big Bird\n|\n|upkeep\n|turn|2\n|\n|t:|1664848626\n|move|p1a: Landorus|Knock Off|p2a: Big Bird\n|-damage|p2a: Big Bird|83\/100\n|-enditem|p2a: Big Bird|Shed Shell|[from] move: Knock Off|[of] p1a: Landorus\n|move|p2a: Big Bird|Defog|p1a: Landorus\n|-unboost|p1a: Landorus|evasion|1\n|\n|upkeep\n|turn|3\n|c|\u2606LT94JE Kingpin|kek\n|\n|t:|1664848640\n|move|p1a: Landorus|U-turn|p2a: Big Bird\n|-resisted|p2a: Big Bird\n|-damage|p2a: Big Bird|79\/100\n|\n|t:|1664848642\n|switch|p1a: Heatran|Heatran, M|100\/100|[from]move: U-turn\n|move|p2a: Big Bird|U-turn|p1a: Heatran\n|-resisted|p1a: Heatran\n|-damage|p1a: Heatran|98\/100\n|\n|t:|1664848644\n|switch|p2a: Destruction|Volcanion|100\/100|[from]move: U-turn\n|\n|-heal|p1a: Heatran|100\/100|[from] item: Leftovers\n|upkeep\n|turn|4\n|\n|t:|1664848649\n|switch|p1a: \u00b5|Mew|100\/100\n|move|p2a: Destruction|Steam Eruption|p1a: \u00b5\n|-crit|p1a: \u00b5\n|-damage|p1a: \u00b5|14\/100\n|-status|p1a: \u00b5|brn\n|-activate|p1a: \u00b5|ability: Synchronize\n|-immune|p2a: Destruction\n|\n|-heal|p1a: \u00b5|20\/100 brn|[from] item: Leftovers\n|-damage|p1a: \u00b5|14\/100 brn|[from] brn\n|upkeep\n|turn|5\n|\n|t:|1664848656\n|move|p1a: \u00b5|Soft-Boiled|p1a: \u00b5\n|-heal|p1a: \u00b5|64\/100 brn\n|move|p2a: Destruction|Steam Eruption|p1a: \u00b5\n|-damage|p1a: \u00b5|7\/100 brn\n|\n|-heal|p1a: \u00b5|14\/100 brn|[from] item: Leftovers\n|-damage|p1a: \u00b5|7\/100 brn|[from] brn\n|upkeep\n|turn|6\n|\n|t:|1664848659\n|move|p1a: \u00b5|Soft-Boiled|p1a: \u00b5\n|-heal|p1a: \u00b5|58\/100 brn\n|move|p2a: Destruction|Steam Eruption|p1a: \u00b5\n|-damage|p1a: \u00b5|0 fnt\n|faint|p1a: \u00b5\n|\n|upkeep\n|\n|t:|1664848665\n|switch|p1a: Toxapex|Toxapex, F|100\/100\n|turn|7\n|\n|t:|1664848669\n|move|p2a: Destruction|Steam Eruption|p1a: Toxapex|[miss]\n|-miss|p2a: Destruction|p1a: Toxapex\n|move|p1a: Toxapex|Toxic Spikes|p2a: Destruction\n|-sidestart|p2: LT94JE Kingpin|move: Toxic Spikes\n|\n|upkeep\n|turn|8\n|c|\u2606LT94JE Kingpin|i missed 2 last game too\n|c|\u2606LT94JE Kingpin|idk whats going on\n|\n|t:|1664848680\n|switch|p2a: Big Bird|Corviknight, F|79\/100\n|-ability|p2a: Big Bird|Pressure\n|switch|p1a: Heatran|Heatran, M|100\/100\n|\n|upkeep\n|turn|9\n|c|\u2606LT94JE Kingpin|ok ur too much\n|c|\u2606Daevank5|hahaha\n|c|\u2606Daevank5|nah\n|\n|t:|1664848692\n|switch|p2a: Zeraover|Stunfisk, M|100\/100\n|-status|p2a: Zeraover|psn\n|move|p1a: Heatran|Magma Storm|p2a: Zeraover\n|-damage|p2a: Zeraover|73\/100 psn\n|-activate|p2a: Zeraover|move: Magma Storm|[of] p1a: Heatran\n|\n|-heal|p2a: Zeraover|79\/100 psn|[from] item: Leftovers\n|-damage|p2a: Zeraover|67\/100 psn|[from] psn\n|-damage|p2a: Zeraover|54\/100 psn|[from] move: Magma Storm|[partiallytrapped]\n|upkeep\n|turn|10\n|c|\u2606Daevank5|BRO\n|c|\u2606Daevank5|why did i sack my stupid mew\n|\n|t:|1664848704\n|switch|p1a: Landorus|Landorus-Therian, M|100\/100\n|-ability|p1a: Landorus|Intimidate|boost\n|-unboost|p2a: Zeraover|atk|1\n|move|p2a: Zeraover|Stealth Rock|p1a: Landorus\n|-sidestart|p1: Daevank5|move: Stealth Rock\n|\n|-heal|p2a: Zeraover|60\/100 psn|[from] item: Leftovers\n|-damage|p2a: Zeraover|48\/100 psn|[from] psn\n|-end|p2a: Zeraover|Magma Storm|[partiallytrapped]|[silent]\n|upkeep\n|turn|11\n|\n|t:|1664848717\n|move|p1a: Landorus|U-turn|p2a: Zeraover\n|-damage|p2a: Zeraover|32\/100 psn\n|\n|t:|1664848720\n|switch|p1a: Toxapex|Toxapex, F|100\/100|[from]move: U-turn\n|-damage|p1a: Toxapex|88\/100|[from] Stealth Rock\n|move|p2a: Zeraover|Toxic|p1a: Toxapex\n|-immune|p1a: Toxapex\n|\n|-heal|p1a: Toxapex|94\/100|[from] item: Black Sludge\n|-heal|p2a: Zeraover|38\/100 psn|[from] item: Leftovers\n|-damage|p2a: Zeraover|26\/100 psn|[from] psn\n|upkeep\n|turn|12\n|\n|t:|1664848735\n|switch|p2a: Winston|Umbreon, F|100\/100\n|-status|p2a: Winston|psn\n|move|p1a: Toxapex|Scald|p2a: Winston\n|-damage|p2a: Winston|89\/100 psn\n|\n|-heal|p2a: Winston|96\/100 psn|[from] item: Leftovers\n|-heal|p1a: Toxapex|100\/100|[from] item: Black Sludge\n|-damage|p2a: Winston|83\/100 psn|[from] psn\n|upkeep\n|turn|13\n|\n|t:|1664848739\n|switch|p1a: Heatran|Heatran, M|100\/100\n|-damage|p1a: Heatran|88\/100|[from] Stealth Rock\n|move|p2a: Winston|Wish|p2a: Winston\n|\n|-heal|p1a: Heatran|94\/100|[from] item: Leftovers\n|-heal|p2a: Winston|89\/100 psn|[from] item: Leftovers\n|-damage|p2a: Winston|77\/100 psn|[from] psn\n|upkeep\n|turn|14\n|\n|t:|1664848748\n|switch|p2a: Destruction|Volcanion|100\/100\n|-status|p2a: Destruction|psn\n|move|p1a: Heatran|Stealth Rock|p2a: Destruction\n|-sidestart|p2: LT94JE Kingpin|move: Stealth Rock\n|\n|-heal|p1a: Heatran|100\/100|[from] item: Leftovers\n|-damage|p2a: Destruction|88\/100 psn|[from] psn\n|upkeep\n|turn|15\n|\n|t:|1664848757\n|switch|p1a: ThunderMan|Thundurus, M|100\/100\n|move|p2a: Destruction|Earth Power|p1a: ThunderMan\n|-immune|p1a: ThunderMan\n|\n|-damage|p2a: Destruction|76\/100 psn|[from] psn\n|upkeep\n|turn|16\n|c|\u2606LT94JE Kingpin|oh nah\n|c|\u2606Daevank5|yeah\n|c|\u2606Daevank5|i did that\n|\n|t:|1664848769\n|switch|p2a: Zeraover|Stunfisk, M|26\/100 psn\n|-damage|p2a: Zeraover|20\/100 psn|[from] Stealth Rock\n|move|p1a: ThunderMan|Focus Blast|p2a: Zeraover|[miss]\n|-miss|p1a: ThunderMan|p2a: Zeraover\n|\n|-heal|p2a: Zeraover|26\/100 psn|[from] item: Leftovers\n|-damage|p2a: Zeraover|14\/100 psn|[from] psn\n|upkeep\n|turn|17\n|\n|t:|1664848774\n|move|p1a: ThunderMan|Focus Blast|p2a: Zeraover|[miss]\n|-miss|p1a: ThunderMan|p2a: Zeraover\n|move|p2a: Zeraover|Toxic|p1a: ThunderMan\n|-status|p1a: ThunderMan|tox\n|\n|-heal|p2a: Zeraover|20\/100 psn|[from] item: Leftovers\n|-damage|p1a: ThunderMan|94\/100 tox|[from] psn\n|-damage|p2a: Zeraover|8\/100 psn|[from] psn\n|upkeep\n|turn|18\n|c|\u2606Daevank5|BITCH\n|c|\u2606Daevank5|HIT\n|c|\u2606Daevank5|YOUR\n|c|\u2606Daevank5|MOVES\n|c|\u2606LT94JE Kingpin|lmao\n|\n|t:|1664848795\n|switch|p2a: U scarf bro?|Dragapult, M|100\/100\n|-status|p2a: U scarf bro?|psn\n|-damage|p2a: U scarf bro?|88\/100 psn|[from] Stealth Rock\n|move|p1a: ThunderMan|Volt Switch|p2a: U scarf bro?\n|-resisted|p2a: U scarf bro?\n|-damage|p2a: U scarf bro?|63\/100 psn\n|c|\u2606LT94JE Kingpin|ohhhhhhhhh\n|j| Kwaga\n|\n|t:|1664848805\n|switch|p1a: Heatran|Heatran, M|100\/100|[from]move: Volt Switch\n|-damage|p1a: Heatran|88\/100|[from] Stealth Rock\n|\n|-heal|p1a: Heatran|94\/100|[from] item: Leftovers\n|-damage|p2a: U scarf bro?|50\/100 psn|[from] psn\n|upkeep\n|turn|19\n|j| sweetmoves55\n|c|\u2606LT94JE Kingpin|im literally torlling with these plays and somehow ur getting them every time\n|c| Kwaga|daevank the whirlpool weavile GOAT!\n|j| DUMBBOARDOWFAN#1\n|c|\u2606Daevank5|AYOO\n|c|\u2606Daevank5|THERES NO WAY\n|\n|t:|1664848825\n|move|p2a: U scarf bro?|U-turn|p1a: Heatran\n|-resisted|p1a: Heatran\n|-damage|p1a: Heatran|87\/100\n|c| DUMBBOARDOWFAN#1|omg!\n|\n|t:|1664848828\n|switch|p2a: Zeraover|Stunfisk, M|8\/100 psn|[from]move: U-turn\n|-damage|p2a: Zeraover|1\/100 psn|[from] Stealth Rock\n|move|p1a: Heatran|Earth Power|p2a: Zeraover\n|-supereffective|p2a: Zeraover\n|-damage|p2a: Zeraover|0 fnt\n|faint|p2a: Zeraover\n|\n|-heal|p1a: Heatran|94\/100|[from] item: Leftovers\n|upkeep\n|c|\u2606Daevank5|that one video on blims channel\n|c| DUMBBOARDOWFAN#1|KINGPIN VS DAEVANK\n|c| Kwaga|yee\n|c| DUMBBOARDOWFAN#1|BATTLE OF THE CENTURY\n|inactive|LT94JE Kingpin has 120 seconds left.\n|c| DUMBBOARDOWFAN#1|who will win\n|c|\u2606LT94JE Kingpin|what am i missing here\n|c| DUMBBOARDOWFAN#1|lets find out!\n|inactive|LT94JE Kingpin has 90 seconds left.\n|c|\u2606Daevank5|brother blim needs to use more of my teams\n|c|\u2606Daevank5|istg\n|j| Celtis\n|\n|t:|1664848886\n|switch|p2a: Deal Breaker|Tapu Lele|100\/100\n|-status|p2a: Deal Breaker|psn\n|-damage|p2a: Deal Breaker|88\/100 psn|[from] Stealth Rock\n|-fieldstart|move: Psychic Terrain|[from] ability: Psychic Surge|[of] p2a: Deal Breaker\n|turn|20\n|c| Kwaga|i think he mostly likes to build his own\n|inactive|LT94JE Kingpin has 90 seconds left.\n|c|\u2606Daevank5|yeah he does\n|c|\u2606Daevank5|thats the problem\n|c|\u2606Daevank5|hes like me\n|c|\u2606Daevank5|i only use my own teams lol\n|c|\u2606LT94JE Kingpin|hes just like me fr\n|c| DUMBBOARDOWFAN#1|you could say\n|\n|t:|1664848906\n|switch|p1a: Landorus|Landorus-Therian, M|100\/100\n|-damage|p1a: Landorus|88\/100|[from] Stealth Rock\n|-ability|p1a: Landorus|Intimidate|boost\n|-unboost|p2a: Deal Breaker|atk|1\n|move|p2a: Deal Breaker|Psyshock|p1a: Landorus\n|-damage|p1a: Landorus|28\/100\n|\n|-heal|p1a: Landorus|34\/100|[from] item: Leftovers\n|-damage|p2a: Deal Breaker|76\/100 psn|[from] psn\n|upkeep\n|turn|21\n|c| Kwaga|im not a super talented teambuilder so\n|c| DUMBBOARDOWFAN#1|he is a fanboi\n|c| Kwaga|i like to take teams\n|c| Kwaga|and modify them\n|c| Kwaga|instead of starting from scratch\n|\n|t:|1664848916\n|move|p2a: Deal Breaker|Psyshock|p1a: Landorus\n|-damage|p1a: Landorus|0 fnt\n|faint|p1a: Landorus\n|\n|-damage|p2a: Deal Breaker|63\/100 psn|[from] psn\n|upkeep\n|c|\u2606Daevank5|fair fair\n|\n|t:|1664848932\n|switch|p1a: Dragapult|Dragapult, F|100\/100\n|-damage|p1a: Dragapult|88\/100|[from] Stealth Rock\n|turn|22\n|\n|t:|1664848944\n|switch|p2a: Big Bird|Corviknight, F|79\/100\n|-damage|p2a: Big Bird|67\/100|[from] Stealth Rock\n|-ability|p2a: Big Bird|Pressure\n|move|p1a: Dragapult|Hex|p2a: Big Bird\n|-damage|p2a: Big Bird|27\/100\n|\n|upkeep\n|turn|23\n|c|\u2606Daevank5|man's is\n|c|\u2606Daevank5|FULL\n|c|\u2606Daevank5|phys def\n|c|\u2606LT94JE Kingpin|kek\n|c|\u2606LT94JE Kingpin|this team gets fucked by tspike\n|c|\u2606Daevank5|yeaaa look\n|c| Kwaga|protect tran would be amazing on this team\n|inactive|LT94JE Kingpin has 90 seconds left.\n|c|\u2606Daevank5|idk if stunfisk\n|c|\u2606Daevank5|is the one\n|\n|t:|1664848978\n|move|p1a: Dragapult|Hex|p2a: Big Bird\n|-crit|p2a: Big Bird\n|-damage|p2a: Big Bird|0 fnt\n|faint|p2a: Big Bird\n|\n|upkeep\n|c|\u2606Daevank5|but i respect it still\n|\n|t:|1664848982\n|switch|p2a: U scarf bro?|Dragapult, M|50\/100 psn\n|-damage|p2a: U scarf bro?|38\/100 psn|[from] Stealth Rock\n|turn|24\n|c| DUMBBOARDOWFAN#1|critical hit!\n|c| DUMBBOARDOWFAN#1|but don't think it mattered!\n|c|\u2606LT94JE Kingpin|stunfisk is fire\n|inactive|LT94JE Kingpin has 90 seconds left.\n|c|\u2606Daevank5|it is\n|c| Kwaga|its actually not bad\n|c|\u2606LT94JE Kingpin|it does work sometimes\n|c|\u2606Daevank5|i thought your thing was av\n|c| Kwaga|does it get pain split?\n|c| DUMBBOARDOWFAN#1|kingpin back against the wall!\n|c|\u2606Daevank5|and then it set up rocks\n|j| jeandonis02\n|c|\u2606Daevank5|and i was like oh\n|c|\u2606Daevank5|this thing is fat af\n|c|\u2606LT94JE Kingpin|!ms stunfisk, recovery\n|raw|<ul class=\"utilichart\"><li class=\"result\"><span class=\"col movenamecol\"><a href=\"https:\/\/dex.pokemonshowdown.com\/moves\/rest\">Rest<\/a><\/span> <span class=\"col typecol\"><img src=\"\/\/play.pokemonshowdown.com\/sprites\/types\/Psychic.png\" alt=\"Psychic\" width=\"32\" height=\"14\"><img src=\"\/\/play.pokemonshowdown.com\/sprites\/categories\/Status.png\" alt=\"Status\" width=\"32\" height=\"14\"><\/span> <span class=\"col widelabelcol\"><em>Accuracy<\/em><br>\u2014<\/span> <span class=\"col pplabelcol\"><em>PP<\/em><br>16<\/span> <span class=\"col movedesccol\">User sleeps 2 turns and restores HP and status.<\/span> <\/li><li style=\"clear:both\"><\/li><\/ul>\n|raw|<font size=\"1\"><font color=\"#686868\">Priority:<\/font> 0&nbsp;|&ThickSpace;<font color=\"#686868\">Gen:<\/font> 1&nbsp;|&ThickSpace;<font color=\"#686868\">Z-Effect:<\/font> Restores negative stat stages to 0&nbsp;|&ThickSpace;<font color=\"#686868\">Target:<\/font> User<\/font>\n\n|c|\u2606LT94JE Kingpin|lmao\n|c| Kwaga|ah rest\n|c|\u2606LT94JE Kingpin|that aint it\n|c| Kwaga|well pair with umb heal bell\n|\n|t:|1664849022\n|switch|p1a: Toxapex|Toxapex, F|100\/100\n|-damage|p1a: Toxapex|88\/100|[from] Stealth Rock\n|move|p2a: U scarf bro?|U-turn|p1a: Toxapex\n|-resisted|p1a: Toxapex\n|-damage|p1a: Toxapex|77\/100\n|c| Kwaga|not a bad option\n|c|\u2606Daevank5|also mr king pin\n|c|\u2606Daevank5|r u\n|inactive|LT94JE Kingpin has 60 seconds left.\n|c|\u2606Daevank5|a tourney player?\n|c|\u2606LT94JE Kingpin|i was\n|\n|t:|1664849038\n|switch|p2a: Winston|Umbreon, F|77\/100 psn|[from]move: U-turn\n|-damage|p2a: Winston|65\/100 psn|[from] Stealth Rock\n|\n|-heal|p2a: Winston|71\/100 psn|[from] item: Leftovers\n|-heal|p1a: Toxapex|84\/100|[from] item: Black Sludge\n|-damage|p2a: Winston|59\/100 psn|[from] psn\n|-fieldend|move: Psychic Terrain\n|upkeep\n|turn|25\n|c|\u2606Daevank5|or do you just have a custom avatar\n|c|\u2606Daevank5|AH\n|c|\u2606Daevank5|i c\n|c|\u2606LT94JE Kingpin|this is from wcop\n|c|\u2606Daevank5|thats why you hvae a custom avatar\n|\n|t:|1664849047\n|switch|p1a: Heatran|Heatran, M|94\/100\n|-damage|p1a: Heatran|81\/100|[from] Stealth Rock\n|move|p2a: Winston|Wish|p2a: Winston\n|\n|-heal|p1a: Heatran|87\/100|[from] item: Leftovers\n|-heal|p2a: Winston|65\/100 psn|[from] item: Leftovers\n|-damage|p2a: Winston|52\/100 psn|[from] psn\n|upkeep\n|turn|26\n|c|\u2606Daevank5|ahh i c\n|c|\u2606Daevank5|who did you play for\n|inactive|LT94JE Kingpin has 60 seconds left.\n|c|\u2606LT94JE Kingpin|us west\n|c| DUMBBOARDOWFAN#1|this battle is not looking good at the moment for kingpin\n|c|\u2606LT94JE Kingpin|yh i hella lose lol\n|c| DUMBBOARDOWFAN#1|will he turn it around?\n|c|\u2606Daevank5|trophy ? or nah\n|\n|t:|1664849079\n|move|p1a: Heatran|Magma Storm|p2a: Winston|[miss]\n|-miss|p1a: Heatran|p2a: Winston\n|move|p2a: Winston|Heal Bell|p2a: Winston\n|-activate|p2a: Winston|move: Heal Bell\n|-curestatus|p2a: Winston|psn|[msg]\n|-curestatus|p2: Destruction|psn|[msg]\n|-curestatus|p2: Deal Breaker|psn|[msg]\n|-curestatus|p2: U scarf bro?|psn|[msg]\n|\n|-heal|p2a: Winston|100\/100|[from] move: Wish|[wisher] Winston\n|-heal|p1a: Heatran|94\/100|[from] item: Leftovers\n|upkeep\n|turn|27\n|c| DUMBBOARDOWFAN#1|or will daevank win?\n|c|\u2606Daevank5|no im actualy\n|j| PooiestTrainer\n|c|\u2606Daevank5|going to break the computer\n|\n|t:|1664849089\n|move|p1a: Heatran|Magma Storm|p2a: Winston\n|-damage|p2a: Winston|75\/100\n|-activate|p2a: Winston|move: Magma Storm|[of] p1a: Heatran\n|move|p2a: Winston|Wish|p2a: Winston\n|\n|-heal|p1a: Heatran|99\/100|[from] item: Leftovers\n|-heal|p2a: Winston|81\/100|[from] item: Leftovers\n|-damage|p2a: Winston|69\/100|[from] move: Magma Storm|[partiallytrapped]\n|upkeep\n|turn|28\n|c| DUMBBOARDOWFAN#1|OMG\n|c|\u2606LT94JE Kingpin|if u have taunt ill hit x\n|inactive|LT94JE Kingpin has 60 seconds left.\n|\n|t:|1664849094\n|move|p1a: Heatran|Taunt|p2a: Winston\n|-start|p2a: Winston|move: Taunt\n|move|p2a: Winston|Foul Play|p1a: Heatran\n|-damage|p1a: Heatran|80\/100\n|\n|-heal|p2a: Winston|100\/100|[from] move: Wish|[wisher] Winston\n|-heal|p1a: Heatran|86\/100|[from] item: Leftovers\n|-damage|p2a: Winston|88\/100|[from] move: Magma Storm|[partiallytrapped]\n|upkeep\n|turn|29\n|c| Kwaga|lol\n|inactive|LT94JE Kingpin has 60 seconds left.\n|c|\u2606LT94JE Kingpin|aite\n|c|\u2606LT94JE Kingpin|GG.\n|c|\u2606Daevank5|gg brother\n|c|\u2606Daevank5|wp\n|c| DUMBBOARDOWFAN#1|umbreon falls for the taunt!\n|-message|LT94JE Kingpin forfeited.\n|\n|win|Daevank5\n|raw|Daevank5's rating: 1738 &rarr; <strong>1765<\/strong><br \/>(+27 for winning)\n|raw|LT94JE Kingpin's rating: 1872 &rarr; <strong>1845<\/strong><br \/>(-27 for losing)\n|l|\u2606LT94JE Kingpin\n|l| Kwaga\n|l| PooiestTrainer\n|c| DUMBBOARDOWFAN#1|and kingpin surrenders!\n|l| sweetmoves55\n|l| DUMBBOARDOWFAN#1\n||Ladder isn't responding, score probably updated but might not have (Request timeout).\n","uploadtime":1664849119,"views":29,"p1id":"daevank5","p2id":"lt94jekingpin","formatid":"gen8ou","rating":1765,"private":0,"password":null}