{"id":"gen8balancedhackmons-1692106357","p1":"Nuclear_burrito","p2":"Redflix","format":"gen8balancedhackmons","log":"|j|\u2606Nuclear_burrito\n|j|\u2606Redflix\n|t:|1666452510\n|gametype|singles\n|player|p1|Nuclear_burrito|102|1325\n|player|p2|Redflix|fantina|1635\n|teamsize|p1|6\n|teamsize|p2|6\n|gen|8\n|tier|[Gen 8] Balanced Hackmons\n|rated|\n|rule|OHKO Clause: OHKO moves are banned\n|rule|Evasion Moves Clause: Evasion moves are banned\n|rule|Forme Clause: Limit one of each forme of a Pok\u00e9mon\n|rule|HP Percentage Mod: HP is shown in percentages\n|rule|Dynamax Clause: You cannot dynamax\n|rule|Sleep Clause: Sleep-inducing moves are banned\n|rule|Endless Battle Clause: Forcing endless battles is banned\n|clearpoke\n|poke|p1|Ho-Oh|\n|poke|p1|Kyogre|\n|poke|p1|Zamazenta-Crowned|\n|poke|p1|Zygarde-Complete|\n|poke|p1|Regieleki|\n|poke|p1|Yveltal|\n|poke|p2|Palkia|\n|poke|p2|Eternatus|\n|poke|p2|Regigigas|\n|poke|p2|Solgaleo|\n|poke|p2|Zacian-*|\n|poke|p2|Ho-Oh|\n|teampreview\n|inactive|Battle timer is ON: inactive players will automatically lose when time's up. (requested by Redflix)\n|\n|t:|1666452538\n|start\n|switch|p1a: Yveltal|Yveltal|100\/100\n|switch|p2a: Ho-Oh|Ho-Oh|100\/100\n|turn|1\n|\n|t:|1666452541\n|move|p1a: Yveltal|Quiver Dance|p1a: Yveltal\n|-boost|p1a: Yveltal|spa|2\n|-boost|p1a: Yveltal|spd|2\n|-boost|p1a: Yveltal|spe|2\n|move|p2a: Ho-Oh|U-turn|p1a: Yveltal\n|-crit|p1a: Yveltal\n|-damage|p1a: Yveltal|77\/100\n|\n|t:|1666452552\n|switch|p2a: Solgaleo|Solgaleo|100\/100|[from]move: U-turn\n|\n|upkeep\n|turn|2\n|\n|t:|1666452561\n|move|p2a: Solgaleo|Haze|p2a: Solgaleo\n|-clearallboost\n|move|p1a: Yveltal|Fiery Wrath|p2a: Solgaleo\n|-supereffective|p2a: Solgaleo\n|-damage|p2a: Solgaleo|39\/100\n|\n|-heal|p2a: Solgaleo|45\/100|[from] item: Leftovers\n|upkeep\n|turn|3\n|\n|t:|1666452566\n|move|p2a: Solgaleo|Soft-Boiled|p2a: Solgaleo\n|-heal|p2a: Solgaleo|95\/100\n|move|p1a: Yveltal|Quiver Dance|p1a: Yveltal\n|-boost|p1a: Yveltal|spa|2\n|-boost|p1a: Yveltal|spd|2\n|-boost|p1a: Yveltal|spe|2\n|\n|-heal|p2a: Solgaleo|100\/100|[from] item: Leftovers\n|upkeep\n|turn|4\n|\n|t:|1666452569\n|move|p2a: Solgaleo|Haze|p2a: Solgaleo\n|-clearallboost\n|move|p1a: Yveltal|Fiery Wrath|p2a: Solgaleo\n|-supereffective|p2a: Solgaleo\n|-damage|p2a: Solgaleo|41\/100\n|\n|-heal|p2a: Solgaleo|47\/100|[from] item: Leftovers\n|upkeep\n|turn|5\n|\n|t:|1666452579\n|switch|p2a: Zacian|Zacian|100\/100\n|move|p1a: Yveltal|Fiery Wrath|p2a: Zacian\n|-resisted|p2a: Zacian\n|-damage|p2a: Zacian|84\/100\n|\n|upkeep\n|turn|6\n|\n|t:|1666452585\n|switch|p1a: Zamazenta|Zamazenta-Crowned|100\/100\n|move|p2a: Zacian|Swords Dance|p2a: Zacian\n|-boost|p2a: Zacian|atk|2\n|\n|upkeep\n|turn|7\n|\n|t:|1666452587\n|move|p2a: Zacian|V-create|p1a: Zamazenta\n|-supereffective|p1a: Zamazenta\n|-damage|p1a: Zamazenta|16\/100\n|-unboost|p2a: Zacian|spe|1\n|-unboost|p2a: Zacian|def|1\n|-unboost|p2a: Zacian|spd|1\n|move|p1a: Zamazenta|Anchor Shot|p2a: Zacian\n|-supereffective|p2a: Zacian\n|-crit|p2a: Zacian\n|-damage|p2a: Zacian|1\/100\n|-activate|p2a: Zacian|trapped\n|\n|-heal|p1a: Zamazenta|22\/100|[from] item: Leftovers\n|upkeep\n|turn|8\n|\n|t:|1666452595\n|move|p1a: Zamazenta|Protect|p1a: Zamazenta\n|-singleturn|p1a: Zamazenta|Protect\n|move|p2a: Zacian|Multi-Attack|p1a: Zamazenta\n|-activate|p1a: Zamazenta|move: Protect\n|\n|-heal|p1a: Zamazenta|28\/100|[from] item: Leftovers\n|upkeep\n|turn|9\n|\n|t:|1666452604\n|move|p1a: Zamazenta|Seismic Toss|p2a: Zacian\n|-damage|p2a: Zacian|0 fnt\n|faint|p2a: Zacian\n|\n|-heal|p1a: Zamazenta|35\/100|[from] item: Leftovers\n|upkeep\n|\n|t:|1666452619\n|switch|p2a: Eternatus|Eternatus|100\/100\n|turn|10\n|\n|t:|1666452629\n|switch|p1a: Ho-Oh|Ho-Oh|100\/100\n|move|p2a: Eternatus|Dragon Energy|p1a: Ho-Oh\n|-damage|p1a: Ho-Oh|22\/100\n|\n|upkeep\n|turn|11\n|\n|t:|1666452635\n|switch|p1a: Zamazenta|Zamazenta-Crowned|35\/100\n|move|p2a: Eternatus|Volt Switch|p1a: Zamazenta\n|-damage|p1a: Zamazenta|20\/100\n|\n|t:|1666452637\n|switch|p2a: Regigigas|Regigigas|100\/100|[from]move: Volt Switch\n|\n|-heal|p1a: Zamazenta|26\/100|[from] item: Leftovers\n|-status|p2a: Regigigas|tox|[from] item: Toxic Orb\n|upkeep\n|turn|12\n|\n|t:|1666452641\n|move|p1a: Zamazenta|Leech Seed|p2a: Regigigas\n|-start|p2a: Regigigas|move: Leech Seed\n|move|p2a: Regigigas|Nuzzle|p1a: Zamazenta\n|-damage|p1a: Zamazenta|22\/100\n|-status|p1a: Zamazenta|par\n|\n|-heal|p1a: Zamazenta|28\/100 par|[from] item: Leftovers\n|-damage|p2a: Regigigas|88\/100 tox|[from] Leech Seed|[of] p1a: Zamazenta\n|-heal|p1a: Zamazenta|41\/100 par|[silent]\n|-heal|p2a: Regigigas|100\/100 tox|[from] ability: Poison Heal\n|upkeep\n|turn|13\n|\n|t:|1666452647\n|switch|p2a: Ho-Oh|Ho-Oh|100\/100\n|move|p1a: Zamazenta|Anchor Shot|p2a: Ho-Oh\n|-resisted|p2a: Ho-Oh\n|-damage|p2a: Ho-Oh|85\/100\n|-activate|p2a: Ho-Oh|trapped\n|\n|-heal|p1a: Zamazenta|48\/100 par|[from] item: Leftovers\n|upkeep\n|turn|14\n|\n|t:|1666452650\n|switch|p1a: Zygarde|Zygarde-Complete|100\/100\n|move|p2a: Ho-Oh|Fire Lash|p1a: Zygarde\n|-resisted|p1a: Zygarde\n|-damage|p1a: Zygarde|94\/100\n|-unboost|p1a: Zygarde|def|1\n|\n|upkeep\n|turn|15\n|\n|t:|1666452656\n|move|p1a: Zygarde|Tailwind|p1a: Zygarde\n|-sidestart|p1: Nuclear_burrito|move: Tailwind\n|move|p2a: Ho-Oh|U-turn|p1a: Zygarde\n|-damage|p1a: Zygarde|81\/100\n|\n|t:|1666452659\n|switch|p2a: Regigigas|Regigigas|100\/100 tox|[from]move: U-turn\n|\n|upkeep\n|turn|16\n|\n|t:|1666452663\n|move|p2a: Regigigas|Knock Off|p1a: Zygarde\n|-damage|p1a: Zygarde|62\/100\n|-enditem|p1a: Zygarde|Heavy-Duty Boots|[from] move: Knock Off|[of] p2a: Regigigas\n|move|p1a: Zygarde|Teleport|p1a: Zygarde\n|\n|t:|1666452675\n|switch|p1a: Ho-Oh|Ho-Oh|22\/100|[from]move: Teleport\n|\n|upkeep\n|turn|17\n|\n|t:|1666452680\n|move|p1a: Ho-Oh|V-create|p2a: Regigigas\n|-damage|p2a: Regigigas|15\/100 tox\n|-unboost|p1a: Ho-Oh|spe|1\n|-unboost|p1a: Ho-Oh|def|1\n|-unboost|p1a: Ho-Oh|spd|1\n|move|p2a: Regigigas|Nuzzle|p1a: Ho-Oh\n|-supereffective|p1a: Ho-Oh\n|-damage|p1a: Ho-Oh|6\/100\n|-status|p1a: Ho-Oh|par\n|\n|-heal|p2a: Regigigas|27\/100 tox|[from] ability: Poison Heal\n|upkeep\n|turn|18\n|\n|t:|1666452687\n|move|p2a: Regigigas|Facade|p1a: Ho-Oh\n|-damage|p1a: Ho-Oh|0 fnt\n|faint|p1a: Ho-Oh\n|\n|-heal|p2a: Regigigas|40\/100 tox|[from] ability: Poison Heal\n|-sideend|p1: Nuclear_burrito|move: Tailwind\n|upkeep\n|\n|t:|1666452696\n|switch|p1a: Regieleki|Regieleki|100\/100\n|turn|19\n|\n|t:|1666452703\n|switch|p2a: Eternatus|Eternatus|100\/100\n|move|p1a: Regieleki|Zap Cannon|p2a: Eternatus\n|-resisted|p2a: Eternatus\n|-damage|p2a: Eternatus|78\/100\n|-status|p2a: Eternatus|par\n|-damage|p1a: Regieleki|91\/100|[from] item: Life Orb\n|\n|upkeep\n|turn|20\n|\n|t:|1666452729\n|move|p1a: Regieleki|Blizzard|p2a: Eternatus\n|-supereffective|p2a: Eternatus\n|-damage|p2a: Eternatus|23\/100 par\n|-damage|p1a: Regieleki|81\/100|[from] item: Life Orb\n|move|p2a: Eternatus|Shore Up|p2a: Eternatus\n|-heal|p2a: Eternatus|73\/100 par\n|\n|upkeep\n|turn|21\n|\n|t:|1666452738\n|move|p1a: Regieleki|Blizzard|p2a: Eternatus\n|-supereffective|p2a: Eternatus\n|-damage|p2a: Eternatus|23\/100 par\n|-damage|p1a: Regieleki|71\/100|[from] item: Life Orb\n|move|p2a: Eternatus|Sludge Bomb|p1a: Regieleki\n|-damage|p1a: Regieleki|9\/100\n|\n|upkeep\n|turn|22\n|j| SpaceSpeakers@!\n|\n|t:|1666452749\n|move|p1a: Regieleki|Blizzard|p2a: Eternatus\n|-supereffective|p2a: Eternatus\n|-damage|p2a: Eternatus|0 fnt\n|faint|p2a: Eternatus\n|-damage|p1a: Regieleki|0 fnt|[from] item: Life Orb\n|faint|p1a: Regieleki\n|\n|upkeep\n|\n|t:|1666452753\n|switch|p1a: Zygarde|Zygarde-Complete|95\/100\n|switch|p2a: Regigigas|Regigigas|40\/100 tox\n|turn|23\n|\n|t:|1666452758\n|move|p2a: Regigigas|U-turn|p1a: Zygarde\n|-damage|p1a: Zygarde|84\/100\n|\n|t:|1666452760\n|switch|p2a: Palkia|Palkia|100\/100|[from]move: U-turn\n|move|p1a: Zygarde|Tailwind|p1a: Zygarde\n|-sidestart|p1: Nuclear_burrito|move: Tailwind\n|\n|upkeep\n|turn|24\n|\n|t:|1666452764\n|move|p1a: Zygarde|Spikes|p2a: Palkia\n|-sidestart|p2: Redflix|Spikes\n|move|p2a: Palkia|Spikes|p1a: Zygarde\n|-sidestart|p1: Nuclear_burrito|Spikes\n|\n|upkeep\n|turn|25\n|\n|t:|1666452772\n|move|p2a: Palkia|Core Enforcer|p1a: Zygarde\n|-supereffective|p1a: Zygarde\n|-damage|p1a: Zygarde|37\/100\n|move|p1a: Zygarde|Teleport|p1a: Zygarde\n|\n|t:|1666452774\n|switch|p1a: Yveltal|Yveltal|77\/100|[from]move: Teleport\n|\n|upkeep\n|turn|26\n|\n|t:|1666452777\n|move|p1a: Yveltal|Quiver Dance|p1a: Yveltal\n|-boost|p1a: Yveltal|spa|2\n|-boost|p1a: Yveltal|spd|2\n|-boost|p1a: Yveltal|spe|2\n|move|p2a: Palkia|Spectral Thief||[still]\n|-clearpositiveboost|p1a: Yveltal|p2a: Palkia|move: Spectral Thief\n|-boost|p2a: Palkia|spa|2\n|-boost|p2a: Palkia|spd|2\n|-boost|p2a: Palkia|spe|2\n|-anim|p2a: Palkia|Spectral Thief|p1a: Yveltal\n|-resisted|p1a: Yveltal\n|-damage|p1a: Yveltal|68\/100\n|\n|-sideend|p1: Nuclear_burrito|move: Tailwind\n|upkeep\n|turn|27\n|\n|t:|1666452781\n|move|p2a: Palkia|Core Enforcer|p1a: Yveltal\n|-damage|p1a: Yveltal|2\/100\n|move|p1a: Yveltal|Fiery Wrath|p2a: Palkia\n|-damage|p2a: Palkia|83\/100\n|\n|upkeep\n|turn|28\n|\n|t:|1666452784\n|switch|p1a: Zamazenta|Zamazenta-Crowned|48\/100 par\n|-damage|p1a: Zamazenta|35\/100 par|[from] Spikes\n|move|p2a: Palkia|Spectral Thief|p1a: Zamazenta\n|-damage|p1a: Zamazenta|19\/100 par\n|\n|-heal|p1a: Zamazenta|25\/100 par|[from] item: Leftovers\n|upkeep\n|turn|29\n|\n|t:|1666452788\n|move|p2a: Palkia|Core Enforcer|p1a: Zamazenta\n|-resisted|p1a: Zamazenta\n|-damage|p1a: Zamazenta|10\/100 par\n|move|p1a: Zamazenta|Leech Seed|p2a: Palkia\n|-start|p2a: Palkia|move: Leech Seed\n|\n|-heal|p1a: Zamazenta|16\/100 par|[from] item: Leftovers\n|-damage|p2a: Palkia|71\/100|[from] Leech Seed|[of] p1a: Zamazenta\n|-heal|p1a: Zamazenta|29\/100 par|[silent]\n|upkeep\n|turn|30\n|\n|t:|1666452793\n|switch|p2a: Ho-Oh|Ho-Oh|85\/100\n|move|p1a: Zamazenta|Protect||[still]\n|-fail|p1a: Zamazenta\n|\n|-heal|p1a: Zamazenta|35\/100 par|[from] item: Leftovers\n|upkeep\n|turn|31\n|\n|t:|1666452795\n|switch|p1a: Yveltal|Yveltal|2\/100\n|move|p2a: Ho-Oh|Rapid Spin|p1a: Yveltal\n|-damage|p1a: Yveltal|0 fnt\n|-boost|p2a: Ho-Oh|spe|1\n|-sideend|p2: Redflix|Spikes|[from] move: Rapid Spin|[of] p2a: Ho-Oh\n|faint|p1a: Yveltal\n|\n|upkeep\n|\n|t:|1666452802\n|switch|p1a: Kyogre|Kyogre|100\/100\n|-damage|p1a: Kyogre|88\/100|[from] Spikes\n|turn|32\n|\n|t:|1666452807\n|move|p1a: Kyogre|Quiver Dance|p1a: Kyogre\n|-boost|p1a: Kyogre|spa|1\n|-boost|p1a: Kyogre|spd|1\n|-boost|p1a: Kyogre|spe|1\n|move|p2a: Ho-Oh|U-turn|p1a: Kyogre\n|-damage|p1a: Kyogre|70\/100\n|\n|t:|1666452810\n|switch|p2a: Solgaleo|Solgaleo|47\/100|[from]move: U-turn\n|\n|-heal|p2a: Solgaleo|53\/100|[from] item: Leftovers\n|upkeep\n|turn|33\n|\n|t:|1666452815\n|move|p2a: Solgaleo|Haze|p2a: Solgaleo\n|-clearallboost\n|move|p1a: Kyogre|Steam Eruption|p2a: Solgaleo\n|-damage|p2a: Solgaleo|12\/100\n|-status|p2a: Solgaleo|brn\n|\n|-heal|p2a: Solgaleo|18\/100 brn|[from] item: Leftovers\n|-damage|p2a: Solgaleo|12\/100 brn|[from] brn\n|upkeep\n|turn|34\n|\n|t:|1666452820\n|move|p2a: Solgaleo|Soft-Boiled|p2a: Solgaleo\n|-heal|p2a: Solgaleo|62\/100 brn\n|move|p1a: Kyogre|Steam Eruption|p2a: Solgaleo\n|-damage|p2a: Solgaleo|21\/100 brn\n|\n|-heal|p2a: Solgaleo|27\/100 brn|[from] item: Leftovers\n|-damage|p2a: Solgaleo|21\/100 brn|[from] brn\n|upkeep\n|turn|35\n|\n|t:|1666452823\n|move|p2a: Solgaleo|Soft-Boiled|p2a: Solgaleo\n|-heal|p2a: Solgaleo|71\/100 brn\n|move|p1a: Kyogre|Quiver Dance|p1a: Kyogre\n|-boost|p1a: Kyogre|spa|1\n|-boost|p1a: Kyogre|spd|1\n|-boost|p1a: Kyogre|spe|1\n|\n|-heal|p2a: Solgaleo|77\/100 brn|[from] item: Leftovers\n|-damage|p2a: Solgaleo|71\/100 brn|[from] brn\n|upkeep\n|turn|36\n|\n|t:|1666452825\n|move|p2a: Solgaleo|Haze|p2a: Solgaleo\n|-clearallboost\n|move|p1a: Kyogre|Quiver Dance|p1a: Kyogre\n|-boost|p1a: Kyogre|spa|1\n|-boost|p1a: Kyogre|spd|1\n|-boost|p1a: Kyogre|spe|1\n|\n|-heal|p2a: Solgaleo|77\/100 brn|[from] item: Leftovers\n|-damage|p2a: Solgaleo|71\/100 brn|[from] brn\n|upkeep\n|turn|37\n|\n|t:|1666452828\n|move|p2a: Solgaleo|Haze|p2a: Solgaleo\n|-clearallboost\n|move|p1a: Kyogre|Steam Eruption|p2a: Solgaleo\n|-damage|p2a: Solgaleo|34\/100 brn\n|\n|-heal|p2a: Solgaleo|40\/100 brn|[from] item: Leftovers\n|-damage|p2a: Solgaleo|34\/100 brn|[from] brn\n|upkeep\n|turn|38\n|\n|t:|1666452830\n|move|p2a: Solgaleo|Soft-Boiled|p2a: Solgaleo\n|-heal|p2a: Solgaleo|84\/100 brn\n|move|p1a: Kyogre|Quiver Dance|p1a: Kyogre\n|-boost|p1a: Kyogre|spa|1\n|-boost|p1a: Kyogre|spd|1\n|-boost|p1a: Kyogre|spe|1\n|\n|-heal|p2a: Solgaleo|90\/100 brn|[from] item: Leftovers\n|-damage|p2a: Solgaleo|84\/100 brn|[from] brn\n|upkeep\n|turn|39\n|\n|t:|1666452833\n|move|p2a: Solgaleo|Haze|p2a: Solgaleo\n|-clearallboost\n|move|p1a: Kyogre|Steam Eruption|p2a: Solgaleo\n|-damage|p2a: Solgaleo|45\/100 brn\n|\n|-heal|p2a: Solgaleo|51\/100 brn|[from] item: Leftovers\n|-damage|p2a: Solgaleo|45\/100 brn|[from] brn\n|upkeep\n|turn|40\n|\n|t:|1666452835\n|move|p2a: Solgaleo|Soft-Boiled|p2a: Solgaleo\n|-heal|p2a: Solgaleo|95\/100 brn\n|move|p1a: Kyogre|Steam Eruption|p2a: Solgaleo\n|-damage|p2a: Solgaleo|55\/100 brn\n|\n|-heal|p2a: Solgaleo|61\/100 brn|[from] item: Leftovers\n|-damage|p2a: Solgaleo|55\/100 brn|[from] brn\n|upkeep\n|turn|41\n|\n|t:|1666452840\n|move|p2a: Solgaleo|Anchor Shot|p1a: Kyogre\n|-resisted|p1a: Kyogre\n|-damage|p1a: Kyogre|62\/100\n|-activate|p1a: Kyogre|trapped\n|move|p1a: Kyogre|Quiver Dance|p1a: Kyogre\n|-boost|p1a: Kyogre|spa|1\n|-boost|p1a: Kyogre|spd|1\n|-boost|p1a: Kyogre|spe|1\n|\n|-heal|p2a: Solgaleo|61\/100 brn|[from] item: Leftovers\n|-damage|p2a: Solgaleo|55\/100 brn|[from] brn\n|upkeep\n|turn|42\n|\n|t:|1666452842\n|move|p2a: Solgaleo|Haze|p2a: Solgaleo\n|-clearallboost\n|move|p1a: Kyogre|Steam Eruption|p2a: Solgaleo\n|-crit|p2a: Solgaleo\n|-damage|p2a: Solgaleo|2\/100 brn\n|\n|-heal|p2a: Solgaleo|8\/100 brn|[from] item: Leftovers\n|-damage|p2a: Solgaleo|2\/100 brn|[from] brn\n|upkeep\n|turn|43\n|\n|t:|1666452848\n|move|p2a: Solgaleo|Soft-Boiled|p2a: Solgaleo\n|-heal|p2a: Solgaleo|52\/100 brn\n|move|p1a: Kyogre|Quiver Dance|p1a: Kyogre\n|-boost|p1a: Kyogre|spa|1\n|-boost|p1a: Kyogre|spd|1\n|-boost|p1a: Kyogre|spe|1\n|\n|-heal|p2a: Solgaleo|58\/100 brn|[from] item: Leftovers\n|-damage|p2a: Solgaleo|52\/100 brn|[from] brn\n|upkeep\n|turn|44\n|\n|t:|1666452850\n|move|p2a: Solgaleo|Haze|p2a: Solgaleo\n|-clearallboost\n|move|p1a: Kyogre|Steam Eruption|p2a: Solgaleo\n|-damage|p2a: Solgaleo|14\/100 brn\n|\n|-heal|p2a: Solgaleo|20\/100 brn|[from] item: Leftovers\n|-damage|p2a: Solgaleo|14\/100 brn|[from] brn\n|upkeep\n|turn|45\n|\n|t:|1666452852\n|move|p2a: Solgaleo|Soft-Boiled|p2a: Solgaleo\n|-heal|p2a: Solgaleo|64\/100 brn\n|move|p1a: Kyogre|Steam Eruption|p2a: Solgaleo\n|-damage|p2a: Solgaleo|22\/100 brn\n|\n|-heal|p2a: Solgaleo|29\/100 brn|[from] item: Leftovers\n|-damage|p2a: Solgaleo|22\/100 brn|[from] brn\n|upkeep\n|turn|46\n|\n|t:|1666452854\n|move|p2a: Solgaleo|Soft-Boiled|p2a: Solgaleo\n|-heal|p2a: Solgaleo|72\/100 brn\n|move|p1a: Kyogre|Spectral Thief|p2a: Solgaleo\n|-supereffective|p2a: Solgaleo\n|-damage|p2a: Solgaleo|52\/100 brn\n|\n|-heal|p2a: Solgaleo|58\/100 brn|[from] item: Leftovers\n|-damage|p2a: Solgaleo|52\/100 brn|[from] brn\n|upkeep\n|turn|47\n|\n|t:|1666452858\n|move|p2a: Solgaleo|Soft-Boiled|p2a: Solgaleo\n|-heal|p2a: Solgaleo|100\/100 brn\n|move|p1a: Kyogre|Quiver Dance|p1a: Kyogre\n|-boost|p1a: Kyogre|spa|1\n|-boost|p1a: Kyogre|spd|1\n|-boost|p1a: Kyogre|spe|1\n|\n|-damage|p2a: Solgaleo|94\/100 brn|[from] brn\n|upkeep\n|turn|48\n|\n|t:|1666452862\n|move|p2a: Solgaleo|Entrainment||[still]\n|cant|p1a: Kyogre|ability: Queenly Majesty|Entrainment|[of] p2a: Solgaleo\n|move|p1a: Kyogre|Spectral Thief|p2a: Solgaleo\n|-supereffective|p2a: Solgaleo\n|-damage|p2a: Solgaleo|74\/100 brn\n|\n|-heal|p2a: Solgaleo|80\/100 brn|[from] item: Leftovers\n|-damage|p2a: Solgaleo|74\/100 brn|[from] brn\n|upkeep\n|turn|49\n|\n|t:|1666452869\n|switch|p2a: Regigigas|Regigigas|40\/100 tox\n|move|p1a: Kyogre|Spectral Thief|p2a: Regigigas\n|-immune|p2a: Regigigas\n|\n|-heal|p2a: Regigigas|52\/100 tox|[from] ability: Poison Heal\n|upkeep\n|turn|50\n|\n|t:|1666452873\n|switch|p2a: Solgaleo|Solgaleo|74\/100 brn\n|move|p1a: Kyogre|Freeze-Dry|p2a: Solgaleo\n|-resisted|p2a: Solgaleo\n|-damage|p2a: Solgaleo|62\/100 brn\n|\n|-heal|p2a: Solgaleo|68\/100 brn|[from] item: Leftovers\n|-damage|p2a: Solgaleo|62\/100 brn|[from] brn\n|upkeep\n|turn|51\n|-message|Nuclear_burrito forfeited.\n|\n|win|Redflix\n|raw|Nuclear_burrito's rating: 1325 &rarr; <strong>1319<\/strong><br \/>(-6 for losing)\n|raw|Redflix's rating: 1635 &rarr; <strong>1641<\/strong><br \/>(+6 for winning)\n|l|\u2606Nuclear_burrito\n","uploadtime":1666452880,"views":12,"p1id":"nuclearburrito","p2id":"redflix","formatid":"gen8balancedhackmons","rating":1319,"private":0,"password":null}