{"id":"gen8ubers-1124975237","p1":"Blue chen","p2":"papi fuego","format":"gen8ubers","log":"|j|\u2606Blue chen\n|j|\u2606papi fuego\n|player|p1|Blue chen|karen|1648\n|player|p2|papi fuego|benga|1342\n|teamsize|p1|6\n|teamsize|p2|6\n|gametype|singles\n|gen|8\n|tier|[Gen 8] Ubers\n|rated|\n|clearpoke\n|poke|p1|Pelipper, M|\n|poke|p1|Drednaw, M|\n|poke|p1|Eternatus|\n|poke|p1|Keldeo-Resolute|\n|poke|p1|Necrozma-Dusk-Mane|\n|poke|p1|Zacian-Crowned|\n|poke|p2|Melmetal|\n|poke|p2|Kyurem-Black|\n|poke|p2|Zacian-Crowned|\n|poke|p2|Necrozma-Dawn-Wings|\n|poke|p2|Ditto|\n|poke|p2|Blastoise, M|\n|rule|Sleep Clause Mod: Limit one foe put to sleep\n|rule|Species Clause: Limit one of each Pok\u00e9mon\n|rule|OHKO Clause: OHKO moves are banned\n|rule|Evasion Moves Clause: Evasion moves are banned\n|rule|Endless Battle Clause: Forcing endless battles is banned\n|rule|HP Percentage Mod: HP is shown in percentages\n|html|Ubers Dynamax Clause: Pok\u00e9mon on the <a href=\"https:\/\/www.smogon.com\/dex\/ss\/formats\/uber\/\">Ubers Dynamax Banlist<\/a> cannot Dynamax.\n|teampreview\n|\n|start\n|switch|p1a: Eternatus|Eternatus|100\/100\n|switch|p2a: Necrozma|Necrozma-Dawn-Wings|100\/100\n|-ability|p1a: Eternatus|Pressure\n|turn|1\n|\n|move|p1a: Eternatus|Substitute|p1a: Eternatus\n|-start|p1a: Eternatus|Substitute\n|-damage|p1a: Eternatus|76\/100\n|move|p2a: Necrozma|Stealth Rock|p1a: Eternatus\n|-sidestart|p1: Blue chen|move: Stealth Rock\n|\n|-heal|p1a: Eternatus|82\/100|[from] item: Black Sludge\n|upkeep\n|turn|2\n|\n|move|p1a: Eternatus|Toxic|p2a: Necrozma\n|-status|p2a: Necrozma|tox\n|move|p2a: Necrozma|Moongeist Beam|p1a: Eternatus\n|-end|p1a: Eternatus|Substitute\n|\n|-heal|p1a: Eternatus|88\/100|[from] item: Black Sludge\n|-damage|p2a: Necrozma|94\/100 tox|[from] psn\n|upkeep\n|turn|3\n|\n|switch|p2a: Ditto|Ditto|100\/100\n|-transform|p2a: Ditto|p1a: Eternatus|[from] ability: Imposter\n|-ability|p2a: Ditto|Pressure\n|move|p1a: Eternatus|Substitute|p1a: Eternatus\n|-start|p1a: Eternatus|Substitute\n|-damage|p1a: Eternatus|63\/100\n|\n|-heal|p1a: Eternatus|69\/100|[from] item: Black Sludge\n|upkeep\n|turn|4\n|\n|switch|p2a: Zacian|Zacian-Crowned|100\/100\n|-ability|p2a: Zacian|Intrepid Sword|boost\n|-boost|p2a: Zacian|atk|1\n|move|p1a: Eternatus|Flamethrower|p2a: Zacian\n|-supereffective|p2a: Zacian\n|-damage|p2a: Zacian|38\/100\n|\n|-heal|p1a: Eternatus|75\/100|[from] item: Black Sludge\n|upkeep\n|turn|5\n|\n|move|p2a: Zacian|Behemoth Blade|p1a: Eternatus\n|-end|p1a: Eternatus|Substitute\n|move|p1a: Eternatus|Flamethrower|p2a: Zacian\n|-supereffective|p2a: Zacian\n|-damage|p2a: Zacian|0 fnt\n|faint|p2a: Zacian\n|\n|-heal|p1a: Eternatus|82\/100|[from] item: Black Sludge\n|upkeep\n|\n|switch|p2a: Melmetal|Melmetal|100\/100\n|turn|6\n|\n|switch|p1a: Pelipper|Pelipper, M|100\/100\n|-damage|p1a: Pelipper|76\/100|[from] Stealth Rock\n|-weather|RainDance|[from] ability: Drizzle|[of] p1a: Pelipper\n|move|p2a: Melmetal|Double Iron Bash|p1a: Pelipper\n|-resisted|p1a: Pelipper\n|-damage|p1a: Pelipper|52\/100\n|-resisted|p1a: Pelipper\n|-damage|p1a: Pelipper|26\/100\n|-hitcount|p1a: Pelipper|2\n|\n|-weather|RainDance|[upkeep]\n|upkeep\n|turn|7\n|\n|switch|p2a: Necrozma|Necrozma-Dawn-Wings|94\/100 tox\n|move|p1a: Pelipper|Scald|p2a: Necrozma\n|-damage|p2a: Necrozma|72\/100 tox\n|\n|-weather|RainDance|[upkeep]\n|-heal|p2a: Necrozma|78\/100 tox|[from] item: Leftovers\n|-damage|p2a: Necrozma|72\/100 tox|[from] psn\n|upkeep\n|turn|8\n|\n|move|p2a: Necrozma|Moongeist Beam|p1a: Pelipper\n|-damage|p1a: Pelipper|0 fnt\n|faint|p1a: Pelipper\n|\n|-weather|RainDance|[upkeep]\n|-heal|p2a: Necrozma|78\/100 tox|[from] item: Leftovers\n|-damage|p2a: Necrozma|66\/100 tox|[from] psn\n|upkeep\n|\n|switch|p1a: Drednaw|Drednaw, M|100\/100\n|-damage|p1a: Drednaw|88\/100|[from] Stealth Rock\n|turn|9\n|\n|-start|p1a: Drednaw|Dynamax\n|-formechange|p1a: Drednaw|Drednaw-Gmax\n|-heal|p1a: Drednaw|88\/100|[silent]\n|move|p1a: Drednaw|G-Max Stonesurge|p2a: Necrozma\n|-damage|p2a: Necrozma|0 fnt\n|-sidestart|p2: papi fuego|move: Stealth Rock\n|-damage|p1a: Drednaw|83\/100|[from] item: Life Orb\n|faint|p2a: Necrozma\n|\n|-weather|RainDance|[upkeep]\n|upkeep\n|\n|switch|p2a: Melmetal|Melmetal|100\/100\n|-damage|p2a: Melmetal|94\/100|[from] Stealth Rock\n|turn|10\n|\n|move|p1a: Drednaw|G-Max Stonesurge|p2a: Melmetal\n|-damage|p2a: Melmetal|27\/100\n|-damage|p1a: Drednaw|78\/100|[from] item: Life Orb\n|move|p2a: Melmetal|Double Iron Bash|p1a: Drednaw\n|-damage|p1a: Drednaw|37\/100\n|-damage|p1a: Drednaw|0 fnt\n|-hitcount|p1a: Drednaw|2\n|faint|p1a: Drednaw\n|\n|-weather|RainDance|[upkeep]\n|upkeep\n|\n|switch|p1a: Keldeo|Keldeo-Resolute|100\/100\n|-damage|p1a: Keldeo|94\/100|[from] Stealth Rock\n|turn|11\n|\n|move|p1a: Keldeo|Scald|p2a: Melmetal\n|-damage|p2a: Melmetal|0 fnt\n|faint|p2a: Melmetal\n|\n|-weather|RainDance|[upkeep]\n|-heal|p1a: Keldeo|100\/100|[from] item: Leftovers\n|upkeep\n|\n|switch|p2a: Blastoise|Blastoise, M|100\/100\n|-damage|p2a: Blastoise|88\/100|[from] Stealth Rock\n|turn|12\n|\n|move|p1a: Keldeo|Substitute|p1a: Keldeo\n|-start|p1a: Keldeo|Substitute\n|-damage|p1a: Keldeo|75\/100\n|move|p2a: Blastoise|Shell Smash|p2a: Blastoise\n|-unboost|p2a: Blastoise|def|1\n|-unboost|p2a: Blastoise|spd|1\n|-boost|p2a: Blastoise|atk|2\n|-boost|p2a: Blastoise|spa|2\n|-boost|p2a: Blastoise|spe|2\n|-enditem|p2a: Blastoise|White Herb\n|-clearnegativeboost|p2a: Blastoise|[silent]\n|\n|-weather|RainDance|[upkeep]\n|-heal|p1a: Keldeo|82\/100|[from] item: Leftovers\n|upkeep\n|turn|13\n|\n|move|p2a: Blastoise|Surf|p1a: Keldeo\n|-resisted|p1a: Keldeo\n|-end|p1a: Keldeo|Substitute\n|move|p1a: Keldeo|Secret Sword|p2a: Blastoise\n|-damage|p2a: Blastoise|36\/100\n|\n|-weather|none\n|-heal|p1a: Keldeo|88\/100|[from] item: Leftovers\n|upkeep\n|turn|14\n|\n|-start|p2a: Blastoise|Dynamax\n|-heal|p2a: Blastoise|36\/100|[silent]\n|move|p2a: Blastoise|Max Knuckle|p1a: Keldeo\n|-damage|p1a: Keldeo|24\/100\n|-boost|p2a: Blastoise|atk|1\n|move|p1a: Keldeo|Secret Sword|p2a: Blastoise\n|-damage|p2a: Blastoise|11\/100\n|\n|-heal|p1a: Keldeo|30\/100|[from] item: Leftovers\n|upkeep\n|turn|15\n|\n|move|p2a: Blastoise|Max Geyser|p1a: Keldeo\n|-resisted|p1a: Keldeo\n|-damage|p1a: Keldeo|0 fnt\n|-weather|RainDance\n|faint|p1a: Keldeo\n|\n|-weather|RainDance|[upkeep]\n|upkeep\n|\n|switch|p1a: Zacian|Zacian-Crowned|100\/100\n|-damage|p1a: Zacian|94\/100|[from] Stealth Rock\n|-ability|p1a: Zacian|Intrepid Sword|boost\n|-boost|p1a: Zacian|atk|1\n|turn|16\n|\n|move|p2a: Blastoise|Max Geyser|p1a: Zacian\n|-damage|p1a: Zacian|0 fnt\n|faint|p1a: Zacian\n|\n|-weather|RainDance|[upkeep]\n|-end|p2a: Blastoise|Dynamax\n|-heal|p2a: Blastoise|11\/100|[silent]\n|upkeep\n|\n|switch|p1a: Eternatus|Eternatus|82\/100\n|-damage|p1a: Eternatus|69\/100|[from] Stealth Rock\n|-ability|p1a: Eternatus|Pressure\n|turn|17\n|\n|move|p2a: Blastoise|Ice Beam|p1a: Eternatus\n|-supereffective|p1a: Eternatus\n|-damage|p1a: Eternatus|0 fnt\n|faint|p1a: Eternatus\n|\n|-weather|RainDance|[upkeep]\n|upkeep\n|-message|Blue chen forfeited.\n|\n|win|papi fuego\n|l|\u2606Blue chen\n||Ladder (probably) updated, but score could not be retrieved (Response not received).\n","uploadtime":1591036949,"views":15,"p1id":"bluechen","p2id":"papifuego","formatid":"gen8ubers","rating":0,"private":0,"password":null}