{"id":"gen8uu-1086405485","p1":"Nilayyyyyy","p2":"ElTester2000","format":"gen8uu","log":"|j|\u2606Nilayyyyyy\n|j|\u2606ElTester2000\n|player|p1|Nilayyyyyy|blue|1278\n|player|p2|ElTester2000|126|1200\n|teamsize|p1|6\n|teamsize|p2|6\n|gametype|singles\n|gen|8\n|tier|[Gen 8] UU\n|rated|\n|html|<div class=\"broadcast-red\"><strong>UU is currently suspecting Mamoswine! For information on how to participate check out the <a href=\"https:\/\/www.smogon.com\/forums\/threads\/3661513\/\">suspect thread<\/a>.<\/strong><\/div>\n|clearpoke\n|poke|p1|Ninetales, M|\n|poke|p1|Rhyperior, F|\n|poke|p1|Venusaur, M|\n|poke|p1|Shiftry, F|\n|poke|p1|Gardevoir, F|\n|poke|p1|Noivern, M|\n|poke|p2|Golisopod, M|\n|poke|p2|Umbreon, F|\n|poke|p2|Xatu, F|\n|poke|p2|Weezing-Galar, M|\n|poke|p2|Chandelure, M|\n|poke|p2|Mamoswine, M|\n|rule|Sleep Clause Mod: Limit one foe put to sleep\n|rule|Species Clause: Limit one of each Pok\u00e9mon\n|rule|OHKO Clause: OHKO moves are banned\n|rule|Evasion Moves Clause: Evasion moves are banned\n|rule|Endless Battle Clause: Forcing endless battles is banned\n|rule|HP Percentage Mod: HP is shown in percentages\n|rule|Dynamax Clause: You cannot dynamax\n|teampreview\n|inactive|Battle timer is ON: inactive players will automatically lose when time's up. (requested by ElTester2000)\n|\n|start\n|switch|p1a: Ninetales|Ninetales, M|100\/100\n|switch|p2a: C mamut|Mamoswine, M|100\/100\n|-weather|SunnyDay|[from] ability: Drought|[of] p1a: Ninetales\n|turn|1\n|\n|switch|p2a: Wisp|Chandelure, M|100\/100\n|move|p1a: Ninetales|Will-O-Wisp|p2a: Wisp\n|-start|p2a: Wisp|ability: Flash Fire\n|\n|-weather|SunnyDay|[upkeep]\n|upkeep\n|turn|2\n|\n|move|p2a: Wisp|Fire Blast|p1a: Ninetales\n|-resisted|p1a: Ninetales\n|-damage|p1a: Ninetales|16\/100\n|move|p1a: Ninetales|Dark Pulse|p2a: Wisp\n|-supereffective|p2a: Wisp\n|-damage|p2a: Wisp|41\/100\n|\n|-weather|SunnyDay|[upkeep]\n|upkeep\n|turn|3\n|\n|switch|p1a: Rhyperior|Rhyperior, F|100\/100\n|move|p2a: Wisp|Fire Blast|p1a: Rhyperior\n|-resisted|p1a: Rhyperior\n|-damage|p1a: Rhyperior|40\/100\n|\n|-weather|SunnyDay|[upkeep]\n|upkeep\n|turn|4\n|\n|move|p2a: Wisp|Fire Blast|p1a: Rhyperior\n|-resisted|p1a: Rhyperior\n|-damage|p1a: Rhyperior|0 fnt\n|faint|p1a: Rhyperior\n|\n|-weather|SunnyDay|[upkeep]\n|upkeep\n|\n|switch|p1a: Shiftry|Shiftry, F|100\/100\n|turn|5\n|\n|-end|p2a: Wisp|ability: Flash Fire|[silent]\n|switch|p2a: Slim|Weezing-Galar, M|100\/100\n|move|p1a: Shiftry|Knock Off|p2a: Slim\n|-resisted|p2a: Slim\n|-damage|p2a: Slim|80\/100\n|-enditem|p2a: Slim|Black Sludge|[from] move: Knock Off|[of] p1a: Shiftry\n|-damage|p1a: Shiftry|91\/100|[from] item: Life Orb\n|\n|-weather|SunnyDay|[upkeep]\n|upkeep\n|turn|6\n|\n|switch|p1a: Venusaur|Venusaur, M|100\/100\n|move|p2a: Slim|Will-O-Wisp|p1a: Venusaur\n|-status|p1a: Venusaur|brn\n|\n|-weather|SunnyDay|[upkeep]\n|-damage|p1a: Venusaur|95\/100 brn|[from] brn\n|upkeep\n|turn|7\n|\n|move|p1a: Venusaur|Sludge Bomb|p2a: Slim\n|-damage|p2a: Slim|6\/100\n|-damage|p1a: Venusaur|85\/100 brn|[from] item: Life Orb\n|move|p2a: Slim|Haze|p2a: Slim\n|-clearallboost\n|\n|-weather|SunnyDay|[upkeep]\n|-damage|p1a: Venusaur|79\/100 brn|[from] brn\n|upkeep\n|turn|8\n|\n|switch|p2a: C mamut|Mamoswine, M|100\/100\n|move|p1a: Venusaur|Sludge Bomb|p2a: C mamut\n|-resisted|p2a: C mamut\n|-crit|p2a: C mamut\n|-damage|p2a: C mamut|41\/100\n|-damage|p1a: Venusaur|69\/100 brn|[from] item: Life Orb\n|\n|-weather|none\n|-damage|p1a: Venusaur|63\/100 brn|[from] brn\n|upkeep\n|turn|9\n|\n|switch|p1a: Ninetales|Ninetales, M|16\/100\n|-weather|SunnyDay|[from] ability: Drought|[of] p1a: Ninetales\n|move|p2a: C mamut|Ice Shard|p1a: Ninetales\n|-resisted|p1a: Ninetales\n|-damage|p1a: Ninetales|0 fnt\n|-damage|p2a: C mamut|31\/100|[from] item: Life Orb\n|faint|p1a: Ninetales\n|\n|-weather|SunnyDay|[upkeep]\n|upkeep\n|\n|switch|p1a: Gardevoir|Gardevoir, F|100\/100\n|-ability|p1a: Gardevoir|Thick Fat|[from] ability: Trace|[of] p2a: C mamut\n|turn|10\n|\n|switch|p2a: Slim|Weezing-Galar, M|6\/100\n|move|p1a: Gardevoir|Moonblast|p2a: Slim\n|-resisted|p2a: Slim\n|-damage|p2a: Slim|0 fnt\n|faint|p2a: Slim\n|\n|-weather|SunnyDay|[upkeep]\n|upkeep\n|\n|switch|p2a: Goliat|Golisopod, M|100\/100\n|turn|11\n|l|\u2606ElTester2000\n|inactive|ElTester2000 disconnected and has a minute to reconnect!\n|player|p2|\n|inactive|ElTester2000 has 30 seconds to reconnect!\n|j|\u2606ElTester2000\n|inactive|ElTester2000 reconnected and has 105 seconds left.\n|player|p2|ElTester2000|126\n|\n|move|p2a: Goliat|First Impression|p1a: Gardevoir\n|-damage|p1a: Gardevoir|0 fnt\n|faint|p1a: Gardevoir\n|\n|-weather|SunnyDay|[upkeep]\n|upkeep\n|\n|switch|p1a: Shiftry|Shiftry, F|91\/100\n|turn|12\n|\n|switch|p2a: C mamut|Mamoswine, M|31\/100\n|move|p1a: Shiftry|Solar Blade||[still]\n|-prepare|p1a: Shiftry|Solar Blade|p2a: C mamut\n|-anim|p1a: Shiftry|Solar Blade|p2a: C mamut\n|-supereffective|p2a: C mamut\n|-damage|p2a: C mamut|0 fnt\n|-damage|p1a: Shiftry|81\/100|[from] item: Life Orb\n|faint|p2a: C mamut\n|\n|-weather|SunnyDay|[upkeep]\n|upkeep\n|\n|switch|p2a: Goliat|Golisopod, M|100\/100\n|turn|13\n|\n|switch|p1a: Noivern|Noivern, M|100\/100\n|move|p2a: Goliat|Knock Off|p1a: Noivern\n|-crit|p1a: Noivern\n|-damage|p1a: Noivern|0 fnt\n|-enditem|p1a: Noivern|Heavy-Duty Boots|[from] move: Knock Off|[of] p2a: Goliat\n|faint|p1a: Noivern\n|\n|-weather|SunnyDay|[upkeep]\n|upkeep\n|\n|switch|p1a: Shiftry|Shiftry, F|81\/100\n|turn|14\n|\n|switch|p2a: Toto|Xatu, F|100\/100\n|move|p1a: Shiftry|Knock Off|p2a: Toto\n|-supereffective|p2a: Toto\n|-damage|p2a: Toto|0 fnt\n|-enditem|p2a: Toto|Heavy-Duty Boots|[from] move: Knock Off|[of] p1a: Shiftry\n|-damage|p1a: Shiftry|71\/100|[from] item: Life Orb\n|faint|p2a: Toto\n|\n|-weather|SunnyDay|[upkeep]\n|upkeep\n|\n|switch|p2a: Goliat|Golisopod, M|100\/100\n|turn|15\n|\n|move|p2a: Goliat|First Impression|p1a: Shiftry\n|-supereffective|p1a: Shiftry\n|-damage|p1a: Shiftry|0 fnt\n|faint|p1a: Shiftry\n|\n|-weather|SunnyDay|[upkeep]\n|upkeep\n|\n|switch|p1a: Venusaur|Venusaur, M|63\/100 brn\n|turn|16\n|\n|switch|p2a: Umbra|Umbreon, F|100\/100\n|move|p1a: Venusaur|Giga Drain|p2a: Umbra\n|-damage|p2a: Umbra|76\/100\n|-heal|p1a: Venusaur|79\/100 brn|[from] drain|[of] p2a: Umbra\n|-damage|p1a: Venusaur|69\/100 brn|[from] item: Life Orb\n|\n|-weather|none\n|-heal|p2a: Umbra|82\/100|[from] item: Leftovers\n|-damage|p1a: Venusaur|63\/100 brn|[from] brn\n|upkeep\n|turn|17\n|\n|move|p1a: Venusaur|Sludge Bomb|p2a: Umbra\n|-damage|p2a: Umbra|55\/100\n|-damage|p1a: Venusaur|53\/100 brn|[from] item: Life Orb\n|move|p2a: Umbra|Foul Play|p1a: Venusaur\n|-damage|p1a: Venusaur|22\/100 brn\n|\n|-heal|p2a: Umbra|61\/100|[from] item: Leftovers\n|-damage|p1a: Venusaur|16\/100 brn|[from] brn\n|upkeep\n|turn|18\n|-message|Nilayyyyyy forfeited.\n|\n|win|ElTester2000\n|l|\u2606Nilayyyyyy\n","uploadtime":1585337359,"views":12,"p1id":"nilayyyyyy","p2id":"eltester2000","formatid":"gen8uu","rating":0,"private":0,"password":null}