{"id":"gen8ou-1666537009","p1":"EEEEEvolto\u6df1\u6eba","p2":"minimax_ai","format":"gen8ou","log":"|j|\u2606EEEEEvolto\u6df1\u6eba\n|j|\u2606minimax_ai\n|t:|1663422596\n|gametype|singles\n|player|p1|EEEEEvolto\u6df1\u6eba|265|1494\n|player|p2|minimax_ai|lusamine-nihilego|1438\n|teamsize|p1|6\n|teamsize|p2|6\n|gen|8\n|tier|[Gen 8] OU\n|rated|\n|rule|Sleep Clause Mod: Limit one foe put to sleep\n|rule|Species Clause: Limit one of each Pok\u00e9mon\n|rule|OHKO Clause: OHKO moves are banned\n|rule|Evasion Items Clause: Evasion items are banned\n|rule|Evasion Moves Clause: Evasion moves are banned\n|rule|Endless Battle Clause: Forcing endless battles is banned\n|rule|HP Percentage Mod: HP is shown in percentages\n|rule|Dynamax Clause: You cannot dynamax\n|clearpoke\n|poke|p1|Ninetales-Alola, F|\n|poke|p1|Heatran, M|\n|poke|p1|Garchomp, M|\n|poke|p1|Scizor, M|\n|poke|p1|Dragapult, M|\n|poke|p1|Cloyster, M|\n|poke|p2|Rotom-Wash|\n|poke|p2|Weavile, F|\n|poke|p2|Landorus-Therian, M|\n|poke|p2|Heatran, M|\n|poke|p2|Tangrowth, F|\n|poke|p2|Melmetal|\n|teampreview\n|c|\u2606minimax_ai|hf\n|inactive|Battle timer is ON: inactive players will automatically lose when time's up. (requested by minimax_ai)\n|c|\u2606EEEEEvolto\u6df1\u6eba|hf\n|\n|t:|1663422610\n|start\n|switch|p1a: Garchomp|Garchomp, M|100\/100\n|switch|p2a: Heatran|Heatran, M|100\/100\n|-item|p2a: Heatran|Air Balloon\n|turn|1\n|\n|t:|1663422615\n|move|p1a: Garchomp|Aqua Tail|p2a: Heatran\n|-supereffective|p2a: Heatran\n|-damage|p2a: Heatran|37\/100\n|-enditem|p2a: Heatran|Air Balloon\n|move|p2a: Heatran|Magma Storm|p1a: Garchomp\n|-resisted|p1a: Garchomp\n|-damage|p1a: Garchomp|73\/100\n|-activate|p1a: Garchomp|move: Magma Storm|[of] p2a: Heatran\n|\n|-damage|p1a: Garchomp|60\/100|[from] move: Magma Storm|[partiallytrapped]\n|upkeep\n|turn|2\n|\n|t:|1663422622\n|switch|p2a: Tangrowth|Tangrowth, F|100\/100\n|move|p1a: Garchomp|Swords Dance|p1a: Garchomp\n|-boost|p1a: Garchomp|atk|2\n|\n|-end|p1a: Garchomp|Magma Storm|[partiallytrapped]|[silent]\n|upkeep\n|turn|3\n|\n|t:|1663422624\n|move|p1a: Garchomp|Scale Shot|p2a: Tangrowth\n|-damage|p2a: Tangrowth|86\/100\n|-damage|p2a: Tangrowth|72\/100\n|-crit|p2a: Tangrowth\n|-damage|p2a: Tangrowth|50\/100\n|-damage|p2a: Tangrowth|36\/100\n|-damage|p2a: Tangrowth|21\/100\n|-hitcount|p2a: Tangrowth|5\n|-unboost|p1a: Garchomp|def|1\n|-boost|p1a: Garchomp|spe|1\n|move|p2a: Tangrowth|Giga Drain|p1a: Garchomp\n|-damage|p1a: Garchomp|28\/100\n|-heal|p2a: Tangrowth|36\/100|[from] drain|[of] p1a: Garchomp\n|\n|upkeep\n|turn|4\n|\n|t:|1663422628\n|switch|p2a: landorustherian|Landorus-Therian, M|100\/100\n|-ability|p2a: landorustherian|Intimidate|boost\n|-unboost|p1a: Garchomp|atk|1\n|move|p1a: Garchomp|Swords Dance|p1a: Garchomp\n|-boost|p1a: Garchomp|atk|2\n|\n|upkeep\n|turn|5\n|\n|t:|1663422631\n|switch|p2a: Tangrowth|Tangrowth, F|69\/100\n|move|p1a: Garchomp|Aqua Tail|p2a: Tangrowth\n|-resisted|p2a: Tangrowth\n|-crit|p2a: Tangrowth\n|-damage|p2a: Tangrowth|39\/100\n|-damage|p1a: Garchomp|11\/100|[from] item: Rocky Helmet|[of] p2a: Tangrowth\n|\n|upkeep\n|turn|6\n|\n|t:|1663422633\n|move|p1a: Garchomp|Scale Shot|p2a: Tangrowth\n|-damage|p2a: Tangrowth|22\/100\n|-damage|p2a: Tangrowth|5\/100\n|-damage|p2a: Tangrowth|0 fnt\n|faint|p2a: Tangrowth\n|-hitcount|p2: Tangrowth|3\n|-unboost|p1a: Garchomp|def|1\n|-boost|p1a: Garchomp|spe|1\n|\n|upkeep\n|\n|t:|1663422633\n|switch|p2a: Weavile|Weavile, F|100\/100\n|-ability|p2a: Weavile|Pressure\n|turn|7\n|\n|t:|1663422636\n|switch|p1a: Scizor|Scizor, M|100\/100\n|move|p2a: Weavile|Ice Shard|p1a: Scizor\n|-resisted|p1a: Scizor\n|-damage|p1a: Scizor|81\/100\n|\n|upkeep\n|turn|8\n|\n|t:|1663422639\n|switch|p2a: rotomwash|Rotom-Wash|100\/100\n|move|p1a: Scizor|Sand Tomb|p2a: rotomwash\n|-immune|p2a: rotomwash|[from] ability: Levitate\n|\n|upkeep\n|turn|9\n|\n|t:|1663422645\n|switch|p1a: Heatran|Heatran, M|100\/100\n|-item|p1a: Heatran|Air Balloon\n|move|p2a: rotomwash|Thunderbolt|p1a: Heatran\n|-damage|p1a: Heatran|66\/100\n|-enditem|p1a: Heatran|Air Balloon\n|\n|upkeep\n|turn|10\n|\n|t:|1663422648\n|move|p1a: Heatran|Stealth Rock|p2a: rotomwash\n|-sidestart|p2: minimax_ai|move: Stealth Rock\n|move|p2a: rotomwash|Nasty Plot|p2a: rotomwash\n|-boost|p2a: rotomwash|spa|2\n|\n|upkeep\n|turn|11\n|\n|t:|1663422651\n|move|p1a: Heatran|Magma Storm|p2a: rotomwash\n|-resisted|p2a: rotomwash\n|-damage|p2a: rotomwash|71\/100\n|-activate|p2a: rotomwash|move: Magma Storm|[of] p1a: Heatran\n|move|p2a: rotomwash|Hydro Pump|p1a: Heatran\n|-supereffective|p1a: Heatran\n|-damage|p1a: Heatran|0 fnt\n|faint|p1a: Heatran\n|\n|-heal|p2a: rotomwash|77\/100|[from] item: Leftovers\n|-end|p2a: rotomwash|Magma Storm|[partiallytrapped]|[silent]\n|upkeep\n|\n|t:|1663422655\n|switch|p1a: Garchomp|Garchomp, M|11\/100\n|turn|12\n|\n|t:|1663422658\n|move|p1a: Garchomp|Scale Shot|p2a: rotomwash\n|-damage|p2a: rotomwash|62\/100\n|-damage|p2a: rotomwash|48\/100\n|-damage|p2a: rotomwash|34\/100\n|-crit|p2a: rotomwash\n|-damage|p2a: rotomwash|13\/100\n|-damage|p2a: rotomwash|0 fnt\n|faint|p2a: rotomwash\n|-hitcount|p2: rotomwash|5\n|-unboost|p1a: Garchomp|def|1\n|-boost|p1a: Garchomp|spe|1\n|\n|upkeep\n|\n|t:|1663422658\n|switch|p2a: Melmetal|Melmetal|100\/100\n|-damage|p2a: Melmetal|94\/100|[from] Stealth Rock\n|turn|13\n|\n|t:|1663422661\n|move|p1a: Garchomp|Earthquake|p2a: Melmetal\n|-supereffective|p2a: Melmetal\n|-damage|p2a: Melmetal|35\/100\n|move|p2a: Melmetal|Earthquake|p1a: Garchomp\n|-damage|p1a: Garchomp|0 fnt\n|faint|p1a: Garchomp\n|\n|upkeep\n|\n|t:|1663422665\n|switch|p1a: Dragapult|Dragapult, M|100\/100\n|turn|14\n|\n|t:|1663422668\n|switch|p2a: Heatran|Heatran, M|37\/100\n|-damage|p2a: Heatran|25\/100|[from] Stealth Rock\n|move|p1a: Dragapult|Flamethrower|p2a: Heatran\n|-start|p2a: Heatran|ability: Flash Fire\n|\n|upkeep\n|turn|15\n|\n|t:|1663422672\n|move|p1a: Dragapult|Phantom Force||[still]\n|-prepare|p1a: Dragapult|Phantom Force\n|move|p2a: Heatran|Magma Storm|p1a: Dragapult|[miss]\n|-miss|p2a: Heatran|p1a: Dragapult\n|\n|upkeep\n|turn|16\n|\n|t:|1663422674\n|-end|p2a: Heatran|ability: Flash Fire|[silent]\n|switch|p2a: Weavile|Weavile, F|100\/100\n|-damage|p2a: Weavile|76\/100|[from] Stealth Rock\n|-ability|p2a: Weavile|Pressure\n|move|p1a: Dragapult|Phantom Force|p2a: Weavile|[from]lockedmove\n|-resisted|p2a: Weavile\n|-damage|p2a: Weavile|31\/100\n|\n|upkeep\n|turn|17\n|\n|t:|1663422676\n|switch|p2a: Heatran|Heatran, M|25\/100\n|-damage|p2a: Heatran|13\/100|[from] Stealth Rock\n|move|p1a: Dragapult|Flamethrower|p2a: Heatran\n|-start|p2a: Heatran|ability: Flash Fire\n|\n|upkeep\n|turn|18\n|\n|t:|1663422679\n|move|p1a: Dragapult|Phantom Force||[still]\n|-prepare|p1a: Dragapult|Phantom Force\n|move|p2a: Heatran|Magma Storm|p1a: Dragapult|[miss]\n|-miss|p2a: Heatran|p1a: Dragapult\n|\n|upkeep\n|turn|19\n|\n|t:|1663422680\n|move|p1a: Dragapult|Phantom Force|p2a: Heatran|[from]lockedmove\n|-damage|p2a: Heatran|0 fnt\n|faint|p2a: Heatran\n|\n|upkeep\n|\n|t:|1663422680\n|switch|p2a: Melmetal|Melmetal|35\/100\n|-damage|p2a: Melmetal|28\/100|[from] Stealth Rock\n|turn|20\n|\n|t:|1663422683\n|move|p1a: Dragapult|Flamethrower|p2a: Melmetal\n|-supereffective|p2a: Melmetal\n|-damage|p2a: Melmetal|4\/100\n|move|p2a: Melmetal|Double Iron Bash|p1a: Dragapult\n|-damage|p1a: Dragapult|52\/100\n|-damage|p1a: Dragapult|0 fnt\n|faint|p1a: Dragapult\n|-hitcount|p1: Dragapult|2\n|\n|upkeep\n|\n|t:|1663422691\n|switch|p1a: Cloyster|Cloyster, M|100\/100\n|turn|21\n|\n|t:|1663422693\n|move|p1a: Cloyster|Icicle Spear|p2a: Melmetal\n|-resisted|p2a: Melmetal\n|-damage|p2a: Melmetal|0 fnt\n|faint|p2a: Melmetal\n|-hitcount|p2: Melmetal|1\n|\n|upkeep\n|\n|t:|1663422693\n|switch|p2a: Weavile|Weavile, F|31\/100\n|-damage|p2a: Weavile|6\/100|[from] Stealth Rock\n|-ability|p2a: Weavile|Pressure\n|turn|22\n|\n|t:|1663422695\n|move|p2a: Weavile|Low Kick|p1a: Cloyster\n|-supereffective|p1a: Cloyster\n|-damage|p1a: Cloyster|19\/100\n|move|p1a: Cloyster|Icicle Spear|p2a: Weavile\n|-resisted|p2a: Weavile\n|-damage|p2a: Weavile|0 fnt\n|faint|p2a: Weavile\n|-hitcount|p2: Weavile|1\n|\n|upkeep\n|\n|t:|1663422695\n|switch|p2a: landorustherian|Landorus-Therian, M|100\/100\n|-damage|p2a: landorustherian|88\/100|[from] Stealth Rock\n|-ability|p2a: landorustherian|Intimidate|boost\n|-unboost|p1a: Cloyster|atk|1\n|turn|23\n|\n|t:|1663422696\n|move|p1a: Cloyster|Icicle Spear|p2a: landorustherian\n|-supereffective|p2a: landorustherian\n|-damage|p2a: landorustherian|56\/100\n|-supereffective|p2a: landorustherian\n|-damage|p2a: landorustherian|26\/100\n|-supereffective|p2a: landorustherian\n|-damage|p2a: landorustherian|0 fnt\n|faint|p2a: landorustherian\n|-hitcount|p2: landorustherian|3\n|\n|win|EEEEEvolto\u6df1\u6eba\n|raw|EEEEEvolto\u6df1\u6eba's rating: 1494 &rarr; <strong>1511<\/strong><br \/>(+17 for winning)\n|raw|minimax_ai's rating: 1438 &rarr; <strong>1421<\/strong><br \/>(-17 for losing)\n|c|\u2606minimax_ai|gg\n","uploadtime":1663422698,"views":3,"p1id":"eeeeevolto","p2id":"minimaxai","formatid":"gen8ou","rating":1421,"private":0,"password":null}