{"id":"gen8nationaldex-1636271881","p1":"andrew","p2":"FleetFoxxx","format":"gen8nationaldex","log":"|j|\u2606andrew\n|j|\u2606FleetFoxxx\n|t:|1660101844\n|gametype|singles\n|player|p1|andrew|#andrew|\n|player|p2|FleetFoxxx|flannery|\n|teamsize|p1|6\n|teamsize|p2|6\n|gen|8\n|tier|[Gen 8] National Dex\n|rule|HP Percentage Mod: HP is shown in percentages\n|rule|Endless Battle Clause: Forcing endless battles is banned\n|rule|OHKO Clause: OHKO moves are banned\n|rule|Evasion Moves Clause: Evasion moves are banned\n|rule|Species Clause: Limit one of each Pok\u00e9mon\n|rule|Dynamax Clause: You cannot dynamax\n|rule|Sleep Clause Mod: Limit one foe put to sleep\n|clearpoke\n|poke|p1|Swellow, F|\n|poke|p1|Zangoose, M|\n|poke|p1|Indeedee, M|\n|poke|p1|Diggersby, M|\n|poke|p1|Pyroar, F|\n|poke|p1|Staraptor, M|\n|poke|p2|Bisharp, M|\n|poke|p2|Togetic, M|\n|poke|p2|Runerigus, M|\n|poke|p2|Galvantula, M|\n|poke|p2|Coalossal, F|\n|poke|p2|Whimsicott, M|\n|teampreview\n|c|\u2606andrew|gl hf\n|c|\u2606FleetFoxxx|gl hf!!\n|j| DerpyDots\n|j| sh0shin\n|j|+111ace111\n|j| Frosti Plays\n|j| Flare1498\n|\n|t:|1660101918\n|start\n|switch|p1a: y|Pyroar, F|100\/100\n|switch|p2a: Galvantula|Galvantula, M|100\/100\n|-ability|p1a: y|Unnerve\n|turn|1\n|c| DerpyDots|I like getting spectator pings from fleet so i get wooper popping up on my monitor\n|j| Bugsileus\n|j| yes munchlax\n|\n|t:|1660101931\n|move|p2a: Galvantula|Thunder|p1a: y\n|-damage|p1a: y|34\/100\n|-status|p1a: y|par\n|move|p1a: y|Flamethrower|p2a: Galvantula\n|-supereffective|p2a: Galvantula\n|-enditem|p2a: Galvantula|Focus Sash\n|-damage|p2a: Galvantula|1\/100\n|\n|upkeep\n|turn|2\n|\n|t:|1660101949\n|move|p2a: Galvantula|Thunder|p1a: y|[miss]\n|-miss|p2a: Galvantula|p1a: y\n|cant|p1a: y|par\n|\n|upkeep\n|turn|3\n|j| Charkhil\n|\n|t:|1660101955\n|switch|p1a: n|Diggersby, M|100\/100\n|move|p2a: Galvantula|Thunder|p1a: n\n|-immune|p1a: n\n|\n|upkeep\n|turn|4\n|c| yes munchlax|LMFAO\n|c| sh0shin|woopiter\n|j| Hror\n|\n|t:|1660101962\n|switch|p2a: Runerigus|Runerigus, M|100\/100\n|move|p1a: n|Quick Attack|p2a: Runerigus\n|-immune|p2a: Runerigus\n|\n|upkeep\n|turn|5\n|\n|t:|1660101971\n|switch|p1a: j|Swellow, F|100\/100\n|move|p2a: Runerigus|Body Press|p1a: j\n|-damage|p1a: j|39\/100\n|\n|upkeep\n|turn|6\n|l| Flare1498\n|\n|t:|1660101999\n|switch|p2a: Coalossal|Coalossal, F|100\/100\n|move|p1a: j|Boomburst|p2a: Coalossal\n|-resisted|p2a: Coalossal\n|-damage|p2a: Coalossal|76\/100\n|\n|upkeep\n|turn|7\n|\n|t:|1660102014\n|switch|p1a: n|Diggersby, M|100\/100\n|move|p2a: Coalossal|Body Press|p1a: n\n|-supereffective|p1a: n\n|-enditem|p1a: n|Chople Berry|[eat]\n|-enditem|p1a: n|Chople Berry|[weaken]\n|-damage|p1a: n|71\/100\n|\n|upkeep\n|turn|8\n|\n|t:|1660102030\n|switch|p2a: Togetic|Togetic, M|100\/100\n|move|p1a: n|Earthquake|p2a: Togetic\n|-immune|p2a: Togetic\n|\n|upkeep\n|turn|9\n|\n|t:|1660102036\n|move|p1a: n|Swords Dance|p1a: n\n|-boost|p1a: n|atk|2\n|move|p2a: Togetic|Body Slam|p1a: n\n|-damage|p1a: n|58\/100\n|-status|p1a: n|par\n|\n|upkeep\n|turn|10\n|c|\u2606andrew|no shot\n|\n|t:|1660102054\n|move|p1a: n|Body Slam|p2a: Togetic\n|-damage|p2a: Togetic|32\/100\n|move|p2a: Togetic|Tailwind|p2a: Togetic\n|-sidestart|p2: FleetFoxxx|move: Tailwind\n|\n|upkeep\n|turn|11\n|\n|t:|1660102072\n|move|p2a: Togetic|Body Slam|p1a: n\n|-damage|p1a: n|45\/100 par\n|move|p1a: n|Swords Dance|p1a: n\n|-boost|p1a: n|atk|2\n|\n|upkeep\n|turn|12\n|j| Deathbypudding\n|\n|t:|1660102089\n|move|p1a: n|Quick Attack|p2a: Togetic\n|-damage|p2a: Togetic|0 fnt\n|faint|p2a: Togetic\n|\n|upkeep\n|\n|t:|1660102111\n|switch|p2a: Coalossal|Coalossal, F|76\/100\n|turn|13\n|\n|t:|1660102121\n|move|p1a: n|Quick Attack|p2a: Coalossal\n|-resisted|p2a: Coalossal\n|-damage|p2a: Coalossal|46\/100\n|move|p2a: Coalossal|Body Press|p1a: n\n|-supereffective|p1a: n\n|-damage|p1a: n|0 fnt\n|faint|p1a: n\n|\n|-sideend|p2: FleetFoxxx|move: Tailwind\n|upkeep\n|\n|t:|1660102137\n|switch|p1a: Indeedee|Indeedee, M|100\/100\n|-fieldstart|move: Psychic Terrain|[from] ability: Psychic Surge|[of] p1a: Indeedee\n|turn|14\n|\n|t:|1660102152\n|move|p1a: Indeedee|Expanding Force|p2a: Coalossal\n|-damage|p2a: Coalossal|0 fnt\n|faint|p2a: Coalossal\n|\n|upkeep\n|\n|t:|1660102169\n|switch|p2a: Galvantula|Galvantula, M|1\/100\n|turn|15\n|j| thamaestro\n|\n|t:|1660102193\n|switch|p1a: y|Pyroar, F|34\/100 par\n|-ability|p1a: y|Unnerve\n|move|p2a: Galvantula|Bug Buzz|p1a: y\n|-resisted|p1a: y\n|-damage|p1a: y|5\/100 par\n|\n|upkeep\n|turn|16\n|\n|t:|1660102230\n|move|p2a: Galvantula|Bug Buzz|p1a: y\n|-resisted|p1a: y\n|-damage|p1a: y|0 fnt\n|faint|p1a: y\n|\n|upkeep\n|\n|t:|1660102235\n|switch|p1a: j|Swellow, F|39\/100\n|turn|17\n|\n|t:|1660102270\n|move|p1a: j|Boomburst|p2a: Galvantula\n|-damage|p2a: Galvantula|0 fnt\n|faint|p2a: Galvantula\n|\n|upkeep\n|\n|t:|1660102403\n|switch|p2a: Whimsicott|Whimsicott, M|100\/100\n|turn|18\n|\n|t:|1660102420\n|move|p2a: Whimsicott|Tailwind|p2a: Whimsicott\n|-sidestart|p2: FleetFoxxx|move: Tailwind\n|move|p1a: j|Boomburst|p2a: Whimsicott\n|-damage|p2a: Whimsicott|11\/100\n|\n|-fieldend|move: Psychic Terrain\n|upkeep\n|turn|19\n|j| Flare1498\n|\n|t:|1660102437\n|switch|p1a: Indeedee|Indeedee, M|100\/100\n|-fieldstart|move: Psychic Terrain|[from] ability: Psychic Surge|[of] p1a: Indeedee\n|move|p2a: Whimsicott|Moonblast|p1a: Indeedee\n|-damage|p1a: Indeedee|64\/100\n|\n|upkeep\n|turn|20\n|\n|t:|1660102527\n|move|p2a: Whimsicott|Moonblast|p1a: Indeedee\n|-damage|p1a: Indeedee|28\/100\n|-unboost|p1a: Indeedee|spa|1\n|move|p1a: Indeedee|Calm Mind|p1a: Indeedee\n|-boost|p1a: Indeedee|spa|1\n|-boost|p1a: Indeedee|spd|1\n|\n|upkeep\n|turn|21\n|c| sh0shin|ding dong\n|l| Flare1498\n|j| Flare1498\n|\n|t:|1660102616\n|move|p2a: Whimsicott|Moonblast|p1a: Indeedee\n|-damage|p1a: Indeedee|6\/100\n|move|p1a: Indeedee|Mystical Fire|p2a: Whimsicott\n|-supereffective|p2a: Whimsicott\n|-damage|p2a: Whimsicott|0 fnt\n|faint|p2a: Whimsicott\n|\n|-sideend|p2: FleetFoxxx|move: Tailwind\n|upkeep\n|\n|t:|1660102649\n|switch|p2a: Runerigus|Runerigus, M|100\/100\n|turn|22\n|\n|t:|1660102663\n|-zpower|p1a: Indeedee\n|move|p1a: Indeedee|Shattered Psyche|p2a: Runerigus|[zeffect]\n|-damage|p2a: Runerigus|1\/100\n|move|p2a: Runerigus|Body Press|p1a: Indeedee\n|-damage|p1a: Indeedee|0 fnt\n|faint|p1a: Indeedee\n|\n|upkeep\n|c|\u2606andrew|yowza\n|\n|t:|1660102674\n|switch|p1a: ruffneck|Staraptor, M|100\/100\n|turn|23\n|\n|t:|1660102683\n|move|p1a: ruffneck|Brave Bird|p2a: Runerigus\n|-damage|p2a: Runerigus|0 fnt\n|-activate|p2a: Runerigus|ability: Wandering Spirit|Reckless|Wandering Spirit|[of] p1a: ruffneck\n|faint|p2a: Runerigus\n|-damage|p1a: ruffneck|99\/100|[from] Recoil\n|\n|-fieldend|move: Psychic Terrain\n|upkeep\n|\n|t:|1660102685\n|switch|p2a: Bisharp|Bisharp, M|100\/100\n|turn|24\n|\n|t:|1660102688\n|move|p1a: ruffneck|Close Combat|p2a: Bisharp\n|-supereffective|p2a: Bisharp\n|-damage|p2a: Bisharp|0 fnt\n|-unboost|p1a: ruffneck|def|1\n|-unboost|p1a: ruffneck|spd|1\n|faint|p2a: Bisharp\n|\n|win|andrew\n|c|\u2606andrew|gg\n|c|\u2606FleetFoxxx|gg\n|c| Deathbypudding|g3 hype\n|l| DerpyDots\n|l| Flare1498\n|l| Deathbypudding\n|n| LadderClimber420|bugsileus\n|l| Charkhil\n|l| thamaestro\n|l|\u2606FleetFoxxx\n|l| sh0shin\n|j| Flare1498\n|l| Flare1498\n|l|ladderclimber420\n|l| Frosti Plays\n|j| Matieu\n|l| Matieu\n","uploadtime":1660103360,"views":17,"p1id":"andrew","p2id":"fleetfoxxx","formatid":"gen8nationaldex","rating":0,"private":0,"password":null}