{"id":"gen8nationaldex-1539620163","p1":"Jacobnaut","p2":"fishy8995","format":"gen8nationaldex","log":"|j|\u2606Jacobnaut\n|j|\u2606fishy8995\n|t:|1648352350\n|gametype|singles\n|player|p1|Jacobnaut|lance|1443\n|player|p2|fishy8995|170|1690\n|teamsize|p1|6\n|teamsize|p2|6\n|gen|8\n|tier|[Gen 8] National Dex\n|rated|\n|rule|HP Percentage Mod: HP is shown in percentages\n|rule|Endless Battle Clause: Forcing endless battles is banned\n|rule|OHKO Clause: OHKO moves are banned\n|rule|Evasion Moves Clause: Evasion moves are banned\n|rule|Species Clause: Limit one of each Pok\u00e9mon\n|rule|Dynamax Clause: You cannot dynamax\n|rule|Sleep Clause Mod: Limit one foe put to sleep\n|clearpoke\n|poke|p1|Mawile, M|\n|poke|p1|Zapdos|\n|poke|p1|Excadrill, F|\n|poke|p1|Kartana|\n|poke|p1|Urshifu-*, M|\n|poke|p1|Slowbro, F|\n|poke|p2|Hippowdon, F|\n|poke|p2|Tyranitar, F|\n|poke|p2|Excadrill, M|\n|poke|p2|Yanmega, M|\n|poke|p2|Toxapex, F|\n|poke|p2|Dracozolt|\n|teampreview\n|\n|t:|1648352382\n|start\n|switch|p1a: Mawile|Mawile, M|100\/100\n|switch|p2a: Toxapex|Toxapex, F|100\/100\n|-ability|p1a: Mawile|Intimidate|boost\n|-unboost|p2a: Toxapex|atk|1\n|turn|1\n|\n|t:|1648352391\n|detailschange|p1a: Mawile|Mawile-Mega, M\n|-mega|p1a: Mawile|Mawile|Mawilite\n|move|p1a: Mawile|Substitute|p1a: Mawile\n|-start|p1a: Mawile|Substitute\n|-damage|p1a: Mawile|76\/100\n|move|p2a: Toxapex|Stockpile|p2a: Toxapex\n|-start|p2a: Toxapex|stockpile1\n|-boost|p2a: Toxapex|def|1\n|-boost|p2a: Toxapex|spd|1\n|\n|upkeep\n|turn|2\n|\n|t:|1648352401\n|-singleturn|p1a: Mawile|move: Focus Punch\n|switch|p2a: Hippowdon|Hippowdon, F|100\/100\n|-weather|Sandstorm|[from] ability: Sand Stream|[of] p2a: Hippowdon\n|move|p1a: Mawile|Focus Punch|p2a: Hippowdon\n|-damage|p2a: Hippowdon|50\/100\n|\n|-weather|Sandstorm|[upkeep]\n|upkeep\n|turn|3\n|\n|t:|1648352412\n|move|p1a: Mawile|Play Rough|p2a: Hippowdon\n|-damage|p2a: Hippowdon|1\/100\n|move|p2a: Hippowdon|Roar|p1a: Mawile\n|drag|p1a: Zapdos|Zapdos|100\/100\n|\n|-weather|Sandstorm|[upkeep]\n|-damage|p1a: Zapdos|94\/100|[from] Sandstorm\n|upkeep\n|turn|4\n|\n|t:|1648352425\n|switch|p2a: Toxapex|Toxapex, F|100\/100\n|move|p1a: Zapdos|Heat Wave|p2a: Toxapex|[miss]\n|-miss|p1a: Zapdos|p2a: Toxapex\n|\n|-weather|Sandstorm|[upkeep]\n|-damage|p1a: Zapdos|88\/100|[from] Sandstorm\n|-damage|p2a: Toxapex|94\/100|[from] Sandstorm\n|-heal|p2a: Toxapex|100\/100|[from] item: Black Sludge\n|upkeep\n|turn|5\n|\n|t:|1648352436\n|move|p1a: Zapdos|Heat Wave|p2a: Toxapex\n|-resisted|p2a: Toxapex\n|-damage|p2a: Toxapex|89\/100\n|move|p2a: Toxapex|Stockpile|p2a: Toxapex\n|-start|p2a: Toxapex|stockpile1\n|-boost|p2a: Toxapex|def|1\n|-boost|p2a: Toxapex|spd|1\n|\n|-weather|Sandstorm|[upkeep]\n|-damage|p1a: Zapdos|82\/100|[from] Sandstorm\n|-damage|p2a: Toxapex|83\/100|[from] Sandstorm\n|-heal|p2a: Toxapex|89\/100|[from] item: Black Sludge\n|upkeep\n|turn|6\n|\n|t:|1648352448\n|move|p1a: Zapdos|Volt Switch|p2a: Toxapex\n|-supereffective|p2a: Toxapex\n|-damage|p2a: Toxapex|57\/100\n|\n|t:|1648352456\n|switch|p1a: Slowbro|Slowbro, F|100\/100|[from]move: Volt Switch\n|move|p2a: Toxapex|Stockpile|p2a: Toxapex\n|-start|p2a: Toxapex|stockpile2\n|-boost|p2a: Toxapex|def|1\n|-boost|p2a: Toxapex|spd|1\n|\n|-weather|Sandstorm|[upkeep]\n|-damage|p2a: Toxapex|51\/100|[from] Sandstorm\n|-damage|p1a: Slowbro|94\/100|[from] Sandstorm\n|-heal|p2a: Toxapex|57\/100|[from] item: Black Sludge\n|upkeep\n|turn|7\n|\n|t:|1648352468\n|move|p2a: Toxapex|Toxic|p1a: Slowbro\n|-status|p1a: Slowbro|tox\n|move|p1a: Slowbro|Future Sight|p2a: Toxapex\n|-start|p1a: Slowbro|move: Future Sight\n|\n|-weather|Sandstorm|[upkeep]\n|-damage|p2a: Toxapex|51\/100|[from] Sandstorm\n|-damage|p1a: Slowbro|88\/100 tox|[from] Sandstorm\n|-heal|p2a: Toxapex|57\/100|[from] item: Black Sludge\n|-damage|p1a: Slowbro|82\/100 tox|[from] psn\n|upkeep\n|turn|8\n|\n|t:|1648352478\n|move|p2a: Toxapex|Recover|p2a: Toxapex\n|-heal|p2a: Toxapex|100\/100\n|move|p1a: Slowbro|Scald|p2a: Toxapex\n|-resisted|p2a: Toxapex\n|-damage|p2a: Toxapex|97\/100\n|-status|p2a: Toxapex|brn\n|\n|-weather|Sandstorm|[upkeep]\n|-damage|p2a: Toxapex|90\/100 brn|[from] Sandstorm\n|-damage|p1a: Slowbro|76\/100 tox|[from] Sandstorm\n|-heal|p2a: Toxapex|97\/100 brn|[from] item: Black Sludge\n|-damage|p1a: Slowbro|64\/100 tox|[from] psn\n|-damage|p2a: Toxapex|90\/100 brn|[from] brn\n|upkeep\n|turn|9\n|\n|t:|1648352502\n|switch|p1a: Urshifu|Urshifu-Rapid-Strike, M|100\/100\n|move|p2a: Toxapex|Stockpile|p2a: Toxapex\n|-start|p2a: Toxapex|stockpile3\n|-boost|p2a: Toxapex|def|1\n|-boost|p2a: Toxapex|spd|1\n|\n|-weather|none\n|-end|p2a: Toxapex|move: Future Sight\n|-supereffective|p2a: Toxapex\n|-damage|p2a: Toxapex|71\/100 brn\n|-heal|p2a: Toxapex|77\/100 brn|[from] item: Black Sludge\n|-damage|p2a: Toxapex|71\/100 brn|[from] brn\n|upkeep\n|turn|10\n|\n|t:|1648352518\n|move|p1a: Urshifu|Surging Strikes|p2a: Toxapex\n|-resisted|p2a: Toxapex\n|-crit|p2a: Toxapex\n|-damage|p2a: Toxapex|58\/100 brn\n|-resisted|p2a: Toxapex\n|-crit|p2a: Toxapex\n|-damage|p2a: Toxapex|46\/100 brn\n|-resisted|p2a: Toxapex\n|-crit|p2a: Toxapex\n|-damage|p2a: Toxapex|35\/100 brn\n|-hitcount|p2a: Toxapex|3\n|move|p2a: Toxapex|Scald|p1a: Urshifu\n|-resisted|p1a: Urshifu\n|-damage|p1a: Urshifu|87\/100\n|\n|-heal|p2a: Toxapex|41\/100 brn|[from] item: Black Sludge\n|-damage|p2a: Toxapex|35\/100 brn|[from] brn\n|upkeep\n|turn|11\n|\n|t:|1648352538\n|move|p1a: Urshifu|Surging Strikes|p2a: Toxapex\n|-resisted|p2a: Toxapex\n|-crit|p2a: Toxapex\n|-damage|p2a: Toxapex|24\/100 brn\n|-resisted|p2a: Toxapex\n|-crit|p2a: Toxapex\n|-damage|p2a: Toxapex|12\/100 brn\n|-resisted|p2a: Toxapex\n|-crit|p2a: Toxapex\n|-damage|p2a: Toxapex|0 fnt\n|faint|p2a: Toxapex\n|-hitcount|p2: Toxapex|3\n|\n|upkeep\n|\n|t:|1648352542\n|switch|p2a: Hippowdon|Hippowdon, F|1\/100\n|-weather|Sandstorm|[from] ability: Sand Stream|[of] p2a: Hippowdon\n|turn|12\n|\n|t:|1648352550\n|move|p1a: Urshifu|Surging Strikes|p2a: Hippowdon\n|-supereffective|p2a: Hippowdon\n|-crit|p2a: Hippowdon\n|-damage|p2a: Hippowdon|0 fnt\n|faint|p2a: Hippowdon\n|-hitcount|p2: Hippowdon|1\n|\n|-weather|Sandstorm|[upkeep]\n|-damage|p1a: Urshifu|81\/100|[from] Sandstorm\n|upkeep\n|\n|t:|1648352554\n|switch|p2a: Dracozolt|Dracozolt|100\/100\n|turn|13\n|\n|t:|1648352562\n|switch|p1a: Excadrill|Excadrill, F|100\/100\n|-ability|p1a: Excadrill|Mold Breaker\n|move|p2a: Dracozolt|Earthquake|p1a: Excadrill\n|-supereffective|p1a: Excadrill\n|-damage|p1a: Excadrill|0 fnt\n|faint|p1a: Excadrill\n|-damage|p2a: Dracozolt|91\/100|[from] item: Life Orb\n|\n|-weather|Sandstorm|[upkeep]\n|upkeep\n|\n|t:|1648352586\n|switch|p1a: Mawile|Mawile-Mega, M|76\/100\n|turn|14\n|\n|t:|1648352595\n|move|p1a: Mawile|Sucker Punch|p2a: Dracozolt\n|-damage|p2a: Dracozolt|39\/100\n|move|p2a: Dracozolt|Earthquake|p1a: Mawile\n|-supereffective|p1a: Mawile\n|-damage|p1a: Mawile|0 fnt\n|faint|p1a: Mawile\n|-damage|p2a: Dracozolt|29\/100|[from] item: Life Orb\n|\n|-weather|Sandstorm|[upkeep]\n|upkeep\n|\n|t:|1648352605\n|switch|p1a: Kartana|Kartana|100\/100\n|turn|15\n|\n|t:|1648352644\n|move|p2a: Dracozolt|Flamethrower|p1a: Kartana\n|-supereffective|p1a: Kartana\n|-enditem|p1a: Kartana|Focus Sash\n|-damage|p1a: Kartana|1\/100\n|-damage|p2a: Dracozolt|19\/100|[from] item: Life Orb\n|move|p1a: Kartana|Sacred Sword|p2a: Dracozolt\n|-damage|p2a: Dracozolt|0 fnt\n|faint|p2a: Dracozolt\n|-ability|p1a: Kartana|Beast Boost|boost\n|-boost|p1a: Kartana|atk|1\n|\n|-weather|Sandstorm|[upkeep]\n|upkeep\n|\n|t:|1648352658\n|switch|p2a: Excadrill|Excadrill, M|100\/100\n|turn|16\n|\n|t:|1648352669\n|move|p2a: Excadrill|Rock Slide|p1a: Kartana\n|-resisted|p1a: Kartana\n|-damage|p1a: Kartana|0 fnt\n|faint|p1a: Kartana\n|\n|-weather|Sandstorm|[upkeep]\n|upkeep\n|\n|t:|1648352687\n|switch|p1a: Slowbro|Slowbro, F|97\/100 tox\n|turn|17\n|\n|t:|1648352728\n|switch|p2a: Yanmega|Yanmega, M|100\/100\n|move|p1a: Slowbro|Scald|p2a: Yanmega\n|-damage|p2a: Yanmega|49\/100\n|\n|-weather|Sandstorm|[upkeep]\n|-damage|p2a: Yanmega|43\/100|[from] Sandstorm\n|-damage|p1a: Slowbro|91\/100 tox|[from] Sandstorm\n|-damage|p1a: Slowbro|85\/100 tox|[from] psn\n|upkeep\n|turn|18\n|\n|t:|1648352745\n|switch|p2a: Excadrill|Excadrill, M|100\/100\n|switch|p1a: Urshifu|Urshifu-Rapid-Strike, M|81\/100\n|\n|-weather|Sandstorm|[upkeep]\n|-damage|p1a: Urshifu|75\/100|[from] Sandstorm\n|upkeep\n|turn|19\n|\n|t:|1648352764\n|switch|p1a: Zapdos|Zapdos|82\/100\n|-zpower|p2a: Excadrill\n|move|p2a: Excadrill|Corkscrew Crash|p1a: Zapdos|[zeffect]\n|-resisted|p1a: Zapdos\n|-damage|p1a: Zapdos|36\/100\n|\n|-weather|none\n|upkeep\n|turn|20\n|\n|t:|1648352792\n|switch|p1a: Urshifu|Urshifu-Rapid-Strike, M|75\/100\n|move|p2a: Excadrill|Rock Slide|p1a: Urshifu\n|-resisted|p1a: Urshifu\n|-damage|p1a: Urshifu|60\/100\n|\n|upkeep\n|turn|21\n|\n|t:|1648352800\n|switch|p2a: Tyranitar|Tyranitar, F|100\/100\n|-weather|Sandstorm|[from] ability: Sand Stream|[of] p2a: Tyranitar\n|move|p1a: Urshifu|Surging Strikes|p2a: Tyranitar\n|-supereffective|p2a: Tyranitar\n|-crit|p2a: Tyranitar\n|-damage|p2a: Tyranitar|46\/100\n|-supereffective|p2a: Tyranitar\n|-crit|p2a: Tyranitar\n|-damage|p2a: Tyranitar|0 fnt\n|faint|p2a: Tyranitar\n|-hitcount|p2: Tyranitar|2\n|\n|-weather|Sandstorm|[upkeep]\n|-damage|p1a: Urshifu|54\/100|[from] Sandstorm\n|upkeep\n|\n|t:|1648352808\n|switch|p2a: Yanmega|Yanmega, M|43\/100\n|turn|22\n|\n|t:|1648352814\n|move|p2a: Yanmega|Detect|p2a: Yanmega\n|-singleturn|p2a: Yanmega|Protect\n|move|p1a: Urshifu|Surging Strikes|p2a: Yanmega\n|-crit|p2a: Yanmega\n|-damage|p2a: Yanmega|8\/100\n|-crit|p2a: Yanmega\n|-damage|p2a: Yanmega|0 fnt\n|faint|p2a: Yanmega\n|-hitcount|p2: Yanmega|2\n|\n|-weather|Sandstorm|[upkeep]\n|-damage|p1a: Urshifu|48\/100|[from] Sandstorm\n|upkeep\n|\n|t:|1648352821\n|switch|p2a: Excadrill|Excadrill, M|100\/100\n|turn|23\n|\n|t:|1648352828\n|switch|p1a: Zapdos|Zapdos|36\/100\n|move|p2a: Excadrill|Earthquake|p1a: Zapdos\n|-immune|p1a: Zapdos\n|\n|-weather|Sandstorm|[upkeep]\n|-damage|p1a: Zapdos|30\/100|[from] Sandstorm\n|upkeep\n|turn|24\n|\n|t:|1648352836\n|move|p2a: Excadrill|Swords Dance|p2a: Excadrill\n|-boost|p2a: Excadrill|atk|2\n|move|p1a: Zapdos|Roost|p1a: Zapdos\n|-heal|p1a: Zapdos|80\/100\n|-singleturn|p1a: Zapdos|move: Roost\n|\n|-weather|Sandstorm|[upkeep]\n|-damage|p1a: Zapdos|74\/100|[from] Sandstorm\n|upkeep\n|turn|25\n|\n|t:|1648352845\n|move|p2a: Excadrill|Rock Slide|p1a: Zapdos\n|-supereffective|p1a: Zapdos\n|-damage|p1a: Zapdos|0 fnt\n|faint|p1a: Zapdos\n|\n|-weather|none\n|upkeep\n|\n|t:|1648352860\n|switch|p1a: Slowbro|Slowbro, F|100\/100 tox\n|turn|26\n|\n|t:|1648352867\n|move|p2a: Excadrill|Rock Slide|p1a: Slowbro\n|-damage|p1a: Slowbro|63\/100 tox\n|cant|p1a: Slowbro|flinch\n|\n|-damage|p1a: Slowbro|57\/100 tox|[from] psn\n|upkeep\n|turn|27\n|\n|t:|1648352876\n|move|p2a: Excadrill|Earthquake|p1a: Slowbro\n|-damage|p1a: Slowbro|0 fnt\n|faint|p1a: Slowbro\n|\n|upkeep\n|\n|t:|1648352879\n|switch|p1a: Urshifu|Urshifu-Rapid-Strike, M|48\/100\n|turn|28\n|\n|t:|1648352883\n|move|p1a: Urshifu|Surging Strikes|p2a: Excadrill\n|-supereffective|p2a: Excadrill\n|-crit|p2a: Excadrill\n|-damage|p2a: Excadrill|17\/100\n|-supereffective|p2a: Excadrill\n|-crit|p2a: Excadrill\n|-damage|p2a: Excadrill|0 fnt\n|faint|p2a: Excadrill\n|-hitcount|p2: Excadrill|2\n|\n|win|Jacobnaut\n|raw|Jacobnaut's rating: 1443 &rarr; <strong>1475<\/strong><br \/>(+32 for winning)\n|raw|fishy8995's rating: 1690 &rarr; <strong>1658<\/strong><br \/>(-32 for losing)\n|c|\u2606Jacobnaut|gg wp\n|c|\u2606fishy8995|gg\n|l|\u2606fishy8995\n","uploadtime":1648352902,"views":21,"p1id":"jacobnaut","p2id":"fishy8995","formatid":"gen8nationaldex","rating":1475,"private":0,"password":null}