{"id":"gen8nationaldex-1401690091","p1":"Benjamin Gilbert","p2":"Zobirisking","format":"gen8nationaldex","log":"|j|\u2606Benjamin Gilbert\n|j|\u2606Zobirisking\n|inactive|Battle timer is ON: inactive players will automatically lose when time's up.\n|t:|1629660530\n|gametype|singles\n|player|p1|Benjamin Gilbert|1|\n|player|p2|Zobirisking|steven|\n|teamsize|p1|6\n|teamsize|p2|6\n|gen|8\n|tier|[Gen 8] National Dex\n|rated|Tournament battle\n|rule|HP Percentage Mod: HP is shown in percentages\n|rule|Endless Battle Clause: Forcing endless battles is banned\n|rule|OHKO Clause: OHKO moves are banned\n|rule|Evasion Moves Clause: Evasion moves are banned\n|rule|Species Clause: Limit one of each Pok\u00e9mon\n|rule|Dynamax Clause: You cannot dynamax\n|rule|Sleep Clause Mod: Limit one foe put to sleep\n|clearpoke\n|poke|p1|Buzzwole|\n|poke|p1|Altaria, M|\n|poke|p1|Gliscor, F|\n|poke|p1|Ferrothorn, M|\n|poke|p1|Lycanroc-Dusk, M|\n|poke|p1|Tapu Koko|\n|poke|p2|Sableye, M|\n|poke|p2|Corviknight, M|\n|poke|p2|Clefable, F|\n|poke|p2|Rillaboom, M|\n|poke|p2|Heatran, M|\n|poke|p2|Blissey, F|\n|teampreview\n|inactive|Zobirisking also wants the timer to be on.\n|j| Nish the Great\n|j| TheRainQueen2\n|c|\u2606Benjamin Gilbert|gl\n|j| Gucci Sand Man\u262c\n|c|\u2606Zobirisking|Have fun\n|raw|<div class=\"broadcast-red\"><strong>Moderated chat was set to +!<\/strong><br \/>Only users of rank + and higher can talk.<\/div>\n|\n|t:|1629660555\n|start\n|switch|p1a: Tom Robinson|Tapu Koko, shiny|100\/100\n|switch|p2a: Zobiris|Sableye, M, shiny|100\/100\n|-fieldstart|move: Electric Terrain|[from] ability: Electric Surge|[of] p1a: Tom Robinson\n|turn|1\n|\n|t:|1629660560\n|switch|p2a: Heiteira|Blissey, F, shiny|100\/100\n|move|p1a: Tom Robinson|Dazzling Gleam|p2a: Heiteira\n|-damage|p2a: Heiteira|89\/100\n|\n|upkeep\n|turn|2\n|\n|t:|1629660562\n|move|p1a: Tom Robinson|U-turn|p2a: Heiteira\n|-damage|p2a: Heiteira|74\/100\n|\n|t:|1629660565\n|switch|p1a: WALMART LANDO|Gliscor, F, shiny|100\/100|[from]move: U-turn\n|move|p2a: Heiteira|Teleport|p2a: Heiteira\n|\n|t:|1629660568\n|switch|p2a: Zobiris|Sableye, M, shiny|100\/100|[from]move: Teleport\n|\n|-status|p1a: WALMART LANDO|tox|[from] item: Toxic Orb\n|upkeep\n|turn|3\n|\n|t:|1629660573\n|detailschange|p2a: Zobiris|Sableye-Mega, M, shiny\n|-mega|p2a: Zobiris|Sableye|Sablenite\n|move|p1a: WALMART LANDO|U-turn|p2a: Zobiris\n|-damage|p2a: Zobiris|91\/100\n|\n|t:|1629660579\n|switch|p1a: Tom Robinson|Tapu Koko, shiny|100\/100|[from]move: U-turn\n|move|p2a: Zobiris|Calm Mind|p2a: Zobiris\n|-boost|p2a: Zobiris|spa|1\n|-boost|p2a: Zobiris|spd|1\n|\n|upkeep\n|turn|4\n|\n|t:|1629660586\n|move|p1a: Tom Robinson|U-turn|p2a: Zobiris\n|-damage|p2a: Zobiris|78\/100\n|\n|t:|1629660588\n|switch|p1a: Clairo|Altaria, M, shiny|100\/100|[from]move: U-turn\n|move|p2a: Zobiris|Recover|p2a: Zobiris\n|-heal|p2a: Zobiris|100\/100\n|\n|upkeep\n|turn|5\n|\n|t:|1629660596\n|switch|p2a: Heatran|Heatran, M, shiny|100\/100\n|detailschange|p1a: Clairo|Altaria-Mega, M, shiny\n|-mega|p1a: Clairo|Altaria|Altarianite\n|move|p1a: Clairo|Fire Blast|p2a: Heatran\n|-start|p2a: Heatran|ability: Flash Fire\n|\n|-fieldend|move: Electric Terrain\n|upkeep\n|turn|6\n|c|\u2606Benjamin Gilbert|oh shittttt\n|\n|t:|1629660607\n|switch|p1a: WALMART LANDO|Gliscor, F, shiny|100\/100 tox\n|move|p2a: Heatran|Stealth Rock|p1a: WALMART LANDO\n|-sidestart|p1: Benjamin Gilbert|move: Stealth Rock\n|\n|upkeep\n|turn|7\n|\n|t:|1629660612\n|-end|p2a: Heatran|ability: Flash Fire|[silent]\n|switch|p2a: Zobiris|Sableye-Mega, M, shiny|100\/100\n|move|p1a: WALMART LANDO|Defog|p2a: Zobiris\n|move|p2a: Zobiris|Defog|p1a: WALMART LANDO|[from]ability: Magic Bounce\n|-unboost|p1a: WALMART LANDO|evasion|1\n|-sideend|p1: Benjamin Gilbert|Stealth Rock|[from] move: Defog|[of] p2a: Zobiris\n|\n|upkeep\n|turn|8\n|\n|t:|1629660615\n|move|p1a: WALMART LANDO|U-turn|p2a: Zobiris\n|-damage|p2a: Zobiris|89\/100\n|\n|t:|1629660618\n|switch|p1a: Clairo|Altaria-Mega, M, shiny|100\/100|[from]move: U-turn\n|move|p2a: Zobiris|Will-O-Wisp|p1a: Clairo\n|-status|p1a: Clairo|brn\n|\n|-damage|p1a: Clairo|94\/100 brn|[from] brn\n|upkeep\n|turn|9\n|\n|t:|1629660625\n|switch|p2a: Krarmor|Corviknight, M, shiny|100\/100\n|-ability|p2a: Krarmor|Pressure\n|move|p1a: Clairo|Hyper Voice|p2a: Krarmor\n|-resisted|p2a: Krarmor\n|-damage|p2a: Krarmor|74\/100\n|\n|-damage|p1a: Clairo|88\/100 brn|[from] brn\n|upkeep\n|turn|10\n|\n|t:|1629660631\n|switch|p1a: Swiper|Lycanroc-Dusk, M|100\/100\n|switch|p2a: Heatran|Heatran, M, shiny|100\/100\n|\n|upkeep\n|turn|11\n|\n|t:|1629660657\n|switch|p2a: Zobiris|Sableye-Mega, M, shiny|89\/100\n|move|p1a: Swiper|Swords Dance|p1a: Swiper\n|-boost|p1a: Swiper|atk|2\n|\n|upkeep\n|turn|12\n|inactive|Zobirisking has 120 seconds left.\n|inactive|Zobirisking has 90 seconds left.\n|inactive|Zobirisking has 60 seconds left.\n|\n|t:|1629660756\n|switch|p2a: Pixi|Clefable, F, shiny|100\/100\n|-zpower|p1a: Swiper\n|move|p1a: Swiper|Splintered Stormshards|p2a: Pixi|[zeffect]\n|-damage|p2a: Pixi|35\/100\n|\n|-heal|p2a: Pixi|41\/100|[from] item: Leftovers\n|upkeep\n|turn|13\n|\n|t:|1629660768\n|move|p2a: Pixi|Protect|p2a: Pixi\n|-singleturn|p2a: Pixi|Protect\n|move|p1a: Swiper|Stone Edge|p2a: Pixi\n|-activate|p2a: Pixi|move: Protect\n|\n|-heal|p2a: Pixi|47\/100|[from] item: Leftovers\n|upkeep\n|turn|14\n|\n|t:|1629660774\n|switch|p1a: Spiked Up|Ferrothorn, M, shiny|100\/100\n|move|p2a: Pixi|Wish|p2a: Pixi\n|\n|-heal|p2a: Pixi|53\/100|[from] item: Leftovers\n|upkeep\n|turn|15\n|\n|t:|1629660780\n|switch|p2a: Zobiris|Sableye-Mega, M, shiny|89\/100\n|move|p1a: Spiked Up|Power Whip|p2a: Zobiris\n|-damage|p2a: Zobiris|63\/100\n|\n|-heal|p2a: Zobiris|100\/100|[from] move: Wish|[wisher] Pixi\n|upkeep\n|turn|16\n|\n|t:|1629660786\n|switch|p1a: Clairo|Altaria-Mega, M, shiny|88\/100 brn\n|move|p2a: Zobiris|Calm Mind|p2a: Zobiris\n|-boost|p2a: Zobiris|spa|1\n|-boost|p2a: Zobiris|spd|1\n|\n|-damage|p1a: Clairo|82\/100 brn|[from] brn\n|upkeep\n|turn|17\n|\n|t:|1629660790\n|switch|p2a: Heatran|Heatran, M, shiny|100\/100\n|move|p1a: Clairo|Hyper Voice|p2a: Heatran\n|-resisted|p2a: Heatran\n|-damage|p2a: Heatran|88\/100\n|\n|-heal|p2a: Heatran|94\/100|[from] item: Leftovers\n|-damage|p1a: Clairo|76\/100 brn|[from] brn\n|upkeep\n|turn|18\n|\n|t:|1629660793\n|switch|p1a: WALMART LANDO|Gliscor, F, shiny|100\/100 tox\n|move|p2a: Heatran|Stealth Rock|p1a: WALMART LANDO\n|-sidestart|p1: Benjamin Gilbert|move: Stealth Rock\n|\n|-heal|p2a: Heatran|99\/100|[from] item: Leftovers\n|upkeep\n|turn|19\n|\n|t:|1629660796\n|switch|p2a: Krarmor|Corviknight, M, shiny|74\/100\n|-ability|p2a: Krarmor|Pressure\n|move|p1a: WALMART LANDO|Defog|p2a: Krarmor\n|-unboost|p2a: Krarmor|evasion|1\n|-sideend|p1: Benjamin Gilbert|Stealth Rock|[from] move: Defog|[of] p1a: WALMART LANDO\n|\n|upkeep\n|turn|20\n|\n|t:|1629660817\n|move|p1a: WALMART LANDO|U-turn|p2a: Krarmor\n|-resisted|p2a: Krarmor\n|-damage|p2a: Krarmor|72\/100\n|-damage|p1a: WALMART LANDO|84\/100 tox|[from] item: Rocky Helmet|[of] p2a: Krarmor\n|\n|t:|1629660819\n|switch|p1a: Tom Robinson|Tapu Koko, shiny|100\/100|[from]move: U-turn\n|-fieldstart|move: Electric Terrain|[from] ability: Electric Surge|[of] p1a: Tom Robinson\n|move|p2a: Krarmor|U-turn|p1a: Tom Robinson\n|-resisted|p1a: Tom Robinson\n|-damage|p1a: Tom Robinson|90\/100\n|\n|t:|1629660822\n|switch|p2a: Donkey Kong|Rillaboom, M, shiny|100\/100|[from]move: U-turn\n|-fieldstart|move: Grassy Terrain|[from] ability: Grassy Surge|[of] p2a: Donkey Kong\n|\n|-heal|p1a: Tom Robinson|96\/100|[from] Grassy Terrain\n|upkeep\n|turn|21\n|\n|t:|1629660825\n|switch|p1a: Clairo|Altaria-Mega, M, shiny|76\/100 brn\n|move|p2a: Donkey Kong|Swords Dance|p2a: Donkey Kong\n|-boost|p2a: Donkey Kong|atk|2\n|\n|-heal|p1a: Clairo|82\/100 brn|[from] Grassy Terrain\n|-damage|p1a: Clairo|76\/100 brn|[from] brn\n|upkeep\n|turn|22\n|\n|t:|1629660838\n|switch|p2a: Heatran|Heatran, M, shiny|99\/100\n|switch|p1a: Swiper|Lycanroc-Dusk, M|100\/100\n|\n|-heal|p2a: Heatran|100\/100|[from] Grassy Terrain\n|upkeep\n|turn|23\n|\n|t:|1629660847\n|switch|p2a: Krarmor|Corviknight, M, shiny|72\/100\n|-ability|p2a: Krarmor|Pressure\n|move|p1a: Swiper|Stone Edge|p2a: Krarmor\n|-damage|p2a: Krarmor|43\/100\n|\n|upkeep\n|turn|24\n|\n|t:|1629660854\n|switch|p1a: Tom Robinson|Tapu Koko, shiny|96\/100\n|-fieldstart|move: Electric Terrain|[from] ability: Electric Surge|[of] p1a: Tom Robinson\n|move|p2a: Krarmor|Roost|p2a: Krarmor\n|-heal|p2a: Krarmor|93\/100\n|-singleturn|p2a: Krarmor|move: Roost\n|\n|upkeep\n|turn|25\n|\n|t:|1629660858\n|switch|p2a: Donkey Kong|Rillaboom, M, shiny|100\/100\n|-fieldstart|move: Grassy Terrain|[from] ability: Grassy Surge|[of] p2a: Donkey Kong\n|move|p1a: Tom Robinson|U-turn|p2a: Donkey Kong\n|-supereffective|p2a: Donkey Kong\n|-damage|p2a: Donkey Kong|64\/100\n|\n|t:|1629660878\n|switch|p1a: Clairo|Altaria-Mega, M, shiny|76\/100 brn|[from]move: U-turn\n|\n|-heal|p2a: Donkey Kong|70\/100|[from] Grassy Terrain\n|-heal|p1a: Clairo|82\/100 brn|[from] Grassy Terrain\n|-damage|p1a: Clairo|76\/100 brn|[from] brn\n|upkeep\n|turn|26\n|\n|t:|1629660882\n|switch|p2a: Heatran|Heatran, M, shiny|100\/100\n|move|p1a: Clairo|Fire Blast|p2a: Heatran\n|-start|p2a: Heatran|ability: Flash Fire\n|\n|-heal|p1a: Clairo|82\/100 brn|[from] Grassy Terrain\n|-damage|p1a: Clairo|76\/100 brn|[from] brn\n|upkeep\n|turn|27\n|\n|t:|1629660885\n|switch|p1a: WALMART LANDO|Gliscor, F, shiny|84\/100 tox\n|move|p2a: Heatran|Magma Storm|p1a: WALMART LANDO\n|-damage|p1a: WALMART LANDO|10\/100 tox\n|-activate|p1a: WALMART LANDO|move: Magma Storm|[of] p2a: Heatran\n|\n|-heal|p1a: WALMART LANDO|22\/100 tox|[from] ability: Poison Heal\n|-damage|p1a: WALMART LANDO|10\/100 tox|[from] move: Magma Storm|[partiallytrapped]\n|upkeep\n|turn|28\n|\n|t:|1629660888\n|move|p1a: WALMART LANDO|Roost|p1a: WALMART LANDO\n|-heal|p1a: WALMART LANDO|60\/100 tox\n|-singleturn|p1a: WALMART LANDO|move: Roost\n|move|p2a: Heatran|Magma Storm|p1a: WALMART LANDO\n|-damage|p1a: WALMART LANDO|0 fnt\n|faint|p1a: WALMART LANDO\n|\n|upkeep\n|\n|t:|1629660892\n|switch|p1a: Swiper|Lycanroc-Dusk, M|100\/100\n|turn|29\n|\n|t:|1629660900\n|switch|p1a: Clairo|Altaria-Mega, M, shiny|76\/100 brn\n|move|p2a: Heatran|Earth Power|p1a: Clairo\n|-damage|p1a: Clairo|42\/100 brn\n|\n|-heal|p1a: Clairo|48\/100 brn|[from] Grassy Terrain\n|-damage|p1a: Clairo|42\/100 brn|[from] brn\n|-fieldend|move: Grassy Terrain\n|upkeep\n|turn|30\n|\n|t:|1629660902\n|move|p2a: Heatran|Stealth Rock|p1a: Clairo\n|-sidestart|p1: Benjamin Gilbert|move: Stealth Rock\n|move|p1a: Clairo|Roost|p1a: Clairo\n|-heal|p1a: Clairo|92\/100 brn\n|-singleturn|p1a: Clairo|move: Roost\n|\n|-damage|p1a: Clairo|86\/100 brn|[from] brn\n|upkeep\n|turn|31\n|c|\u2606Benjamin Gilbert|gg\n|-message|Benjamin Gilbert forfeited.\n|\n|win|Zobirisking\n|n|\u2606Benjamin Gilbert|benjamingilbert\n|n|\u2606Zobirisking|zobirisking\n","uploadtime":1629660909,"views":53,"p1id":"benjamingilbert","p2id":"zobirisking","formatid":"gen8nationaldex","rating":0,"private":0,"password":null}