{"id":"gen8bdspou-1538226386","p1":"Anibunnysomoney","p2":"GGBAD","format":"gen8bdspou","log":"|j|\u2606Anibunnysomoney\n|j|\u2606GGBAD\n|t:|1648179990\n|gametype|singles\n|player|p1|Anibunnysomoney|265|1511\n|player|p2|GGBAD|dawn|1668\n|teamsize|p1|6\n|teamsize|p2|6\n|gen|8\n|tier|[Gen 8 BDSP] OU\n|rated|\n|rule|Sleep Clause Mod: Limit one foe put to sleep\n|rule|Species Clause: Limit one of each Pok\u00e9mon\n|rule|OHKO Clause: OHKO moves are banned\n|rule|Evasion Moves Clause: Evasion moves are banned\n|rule|Endless Battle Clause: Forcing endless battles is banned\n|rule|HP Percentage Mod: HP is shown in percentages\n|clearpoke\n|poke|p1|Blissey, F|\n|poke|p1|Azumarill, F|\n|poke|p1|Heatran, M|\n|poke|p1|Gliscor, M|\n|poke|p1|Dragonite, M|\n|poke|p1|Clefable, M|\n|poke|p2|Scizor, M|\n|poke|p2|Crawdaunt, M|\n|poke|p2|Latios, M|\n|poke|p2|Mew|\n|poke|p2|Garchomp, M|\n|poke|p2|Infernape, F|\n|teampreview\n|inactive|Battle timer is ON: inactive players will automatically lose when time's up. (requested by Anibunnysomoney)\n|\n|t:|1648180020\n|start\n|switch|p1a: Azumarill|Azumarill, F|100\/100\n|switch|p2a: Mew|Mew|100\/100\n|turn|1\n|\n|t:|1648180034\n|move|p2a: Mew|Volt Switch|p1a: Azumarill\n|-supereffective|p1a: Azumarill\n|-damage|p1a: Azumarill|46\/100\n|\n|t:|1648180038\n|switch|p2a: Scizor|Scizor, M|100\/100|[from]move: Volt Switch\n|move|p1a: Azumarill|Play Rough|p2a: Scizor\n|-resisted|p2a: Scizor\n|-damage|p2a: Scizor|68\/100\n|-damage|p1a: Azumarill|36\/100|[from] item: Life Orb\n|\n|-heal|p2a: Scizor|74\/100|[from] item: Leftovers\n|upkeep\n|turn|2\n|\n|t:|1648180048\n|switch|p1a: Gliscor|Gliscor, M|100\/100\n|move|p2a: Scizor|U-turn|p1a: Gliscor\n|-resisted|p1a: Gliscor\n|-damage|p1a: Gliscor|92\/100\n|\n|t:|1648180051\n|switch|p2a: Crawdaunt|Crawdaunt, M|100\/100|[from]move: U-turn\n|\n|-status|p1a: Gliscor|tox|[from] item: Toxic Orb\n|upkeep\n|turn|3\n|\n|t:|1648180056\n|switch|p1a: Clefable|Clefable, M|100\/100\n|move|p2a: Crawdaunt|Crabhammer|p1a: Clefable\n|-damage|p1a: Clefable|30\/100\n|-damage|p2a: Crawdaunt|91\/100|[from] item: Life Orb\n|\n|upkeep\n|turn|4\n|\n|t:|1648180070\n|switch|p2a: Scizor|Scizor, M|74\/100\n|move|p1a: Clefable|Protect||[still]\n|-fail|p1a: Clefable\n|\n|-heal|p2a: Scizor|80\/100|[from] item: Leftovers\n|upkeep\n|turn|5\n|j| Amethyst0\n|\n|t:|1648180077\n|switch|p1a: Heatran|Heatran, M|100\/100\n|move|p2a: Scizor|Bullet Punch|p1a: Heatran\n|-resisted|p1a: Heatran\n|-damage|p1a: Heatran|94\/100\n|\n|-heal|p2a: Scizor|86\/100|[from] item: Leftovers\n|upkeep\n|turn|6\n|\n|t:|1648180090\n|switch|p2a: Garchomp|Garchomp, M|100\/100\n|move|p1a: Heatran|Flamethrower|p2a: Garchomp\n|-resisted|p2a: Garchomp\n|-damage|p2a: Garchomp|71\/100\n|\n|upkeep\n|turn|7\n|\n|t:|1648180095\n|switch|p1a: Gliscor|Gliscor, M|92\/100 tox\n|move|p2a: Garchomp|Stealth Rock|p1a: Gliscor\n|-sidestart|p1: Anibunnysomoney|move: Stealth Rock\n|\n|-heal|p1a: Gliscor|100\/100 tox|[from] ability: Poison Heal\n|upkeep\n|turn|8\n|\n|t:|1648180111\n|move|p2a: Garchomp|Draco Meteor|p1a: Gliscor\n|-damage|p1a: Gliscor|23\/100 tox\n|-unboost|p2a: Garchomp|spa|2\n|-damage|p2a: Garchomp|61\/100|[from] item: Life Orb\n|move|p1a: Gliscor|Knock Off|p2a: Garchomp\n|-damage|p2a: Garchomp|40\/100\n|-damage|p1a: Gliscor|11\/100 tox|[from] ability: Rough Skin|[of] p2a: Garchomp\n|-enditem|p2a: Garchomp|Life Orb|[from] move: Knock Off|[of] p1a: Gliscor\n|\n|-heal|p1a: Gliscor|23\/100 tox|[from] ability: Poison Heal\n|upkeep\n|turn|9\n|inactive|Anibunnysomoney has 120 seconds left.\n|\n|t:|1648180137\n|switch|p1a: Clefable|Clefable, M|30\/100\n|-damage|p1a: Clefable|18\/100|[from] Stealth Rock\n|move|p2a: Garchomp|Draco Meteor|p1a: Clefable\n|-immune|p1a: Clefable\n|\n|upkeep\n|turn|10\n|inactive|Anibunnysomoney has 120 seconds left.\n|-enditem|p1a: Clefable|Custap Berry|[eat]\n|-activate|p1a: Clefable|item: Custap Berry|[consumed]\n|\n|t:|1648180148\n|move|p1a: Clefable|Healing Wish|p1a: Clefable\n|faint|p1a: Clefable\n|move|p2a: Garchomp|Earthquake|p1: Clefable|[notarget]\n|-fail|p2a: Garchomp\n|\n|upkeep\n|inactive|Anibunnysomoney has 120 seconds left.\n|\n|t:|1648180155\n|switch|p1a: Azumarill|Azumarill, F|36\/100\n|-heal|p1a: Azumarill|100\/100|[from] move: Healing Wish\n|-damage|p1a: Azumarill|88\/100|[from] Stealth Rock\n|turn|11\n|inactive|Anibunnysomoney has 120 seconds left.\n|\n|t:|1648180169\n|switch|p1a: Dragonite|Dragonite, M|100\/100\n|-damage|p1a: Dragonite|75\/100|[from] Stealth Rock\n|move|p2a: Garchomp|Earthquake|p1a: Dragonite\n|-immune|p1a: Dragonite\n|\n|upkeep\n|turn|12\n|\n|t:|1648180173\n|move|p1a: Dragonite|Extreme Speed|p2a: Garchomp\n|-damage|p2a: Garchomp|7\/100\n|-damage|p1a: Dragonite|63\/100|[from] ability: Rough Skin|[of] p2a: Garchomp\n|move|p2a: Garchomp|Draco Meteor|p1a: Dragonite\n|-supereffective|p1a: Dragonite\n|-damage|p1a: Dragonite|11\/100\n|-unboost|p2a: Garchomp|spa|2\n|\n|upkeep\n|turn|13\n|\n|t:|1648180179\n|move|p1a: Dragonite|Extreme Speed|p2a: Garchomp\n|-damage|p2a: Garchomp|0 fnt\n|-damage|p1a: Dragonite|0 fnt|[from] ability: Rough Skin|[of] p2a: Garchomp\n|faint|p2a: Garchomp\n|faint|p1a: Dragonite\n|\n|upkeep\n|\n|t:|1648180201\n|switch|p2a: Mew|Mew|100\/100\n|switch|p1a: Azumarill|Azumarill, F|88\/100\n|-damage|p1a: Azumarill|76\/100|[from] Stealth Rock\n|turn|14\n|\n|t:|1648180205\n|switch|p1a: Blissey|Blissey, F|100\/100\n|-damage|p1a: Blissey|88\/100|[from] Stealth Rock\n|move|p2a: Mew|Volt Switch|p1a: Blissey\n|-damage|p1a: Blissey|81\/100\n|\n|t:|1648180207\n|switch|p2a: Crawdaunt|Crawdaunt, M|91\/100|[from]move: Volt Switch\n|\n|-heal|p1a: Blissey|87\/100|[from] item: Leftovers\n|upkeep\n|turn|15\n|\n|t:|1648180214\n|move|p2a: Crawdaunt|Knock Off|p1a: Blissey\n|-damage|p1a: Blissey|0 fnt\n|-enditem|p1a: Blissey|Leftovers|[from] move: Knock Off|[of] p2a: Crawdaunt\n|faint|p1a: Blissey\n|-damage|p2a: Crawdaunt|81\/100|[from] item: Life Orb\n|\n|upkeep\n|-message|Anibunnysomoney forfeited.\n|\n|win|GGBAD\n|raw|Anibunnysomoney's rating: 1511 &rarr; <strong>1499<\/strong><br \/>(-12 for losing)\n|raw|GGBAD's rating: 1668 &rarr; <strong>1680<\/strong><br \/>(+12 for winning)\n|l|\u2606Anibunnysomoney\n","uploadtime":1648180227,"views":22,"p1id":"anibunnysomoney","p2id":"ggbad","formatid":"gen8bdspou","rating":1499,"private":0,"password":null}