{"id":"gen8lc-1701634373","p1":"JustNot","p2":"Laroxyl","format":"gen8lc","log":"|html|<div class=\"broadcast-blue\"><strong>[Gen 8] LC is currently suspecting Magby! For information on how to participate check out the <a href=\"https:\/\/www.smogon.com\/forums\/threads\/lc-suspect-%E2%80%94-the-drum.3709906\/\">suspect thread<\/a>.<\/strong><\/div>\n|j|\u2606JustNot\n|j|\u2606Laroxyl\n|t:|1667473992\n|gametype|singles\n|player|p1|JustNot|janitor|\n|player|p2|Laroxyl|#scl1spartans|\n|teamsize|p1|6\n|teamsize|p2|6\n|gen|8\n|tier|[Gen 8] LC\n|rule|Sleep Clause Mod: Limit one foe put to sleep\n|rule|Species Clause: Limit one of each Pok\u00e9mon\n|rule|OHKO Clause: OHKO moves are banned\n|rule|Evasion Items Clause: Evasion items are banned\n|rule|Evasion Moves Clause: Evasion moves are banned\n|rule|Endless Battle Clause: Forcing endless battles is banned\n|rule|HP Percentage Mod: HP is shown in percentages\n|rule|Dynamax Clause: You cannot dynamax\n|clearpoke\n|poke|p1|Magnemite, L5|\n|poke|p1|Ponyta-Galar, L5, M|\n|poke|p1|Mienfoo, L5, M|\n|poke|p1|Frillish, L5, M|\n|poke|p1|Grookey, L5, M|\n|poke|p1|Koffing, L5, M|\n|poke|p2|Vulpix, L5, F|\n|poke|p2|Larvesta, L5, F|\n|poke|p2|Ponyta, L5, M|\n|poke|p2|Diglett, L5, M|\n|poke|p2|Timburr, L5, M|\n|poke|p2|Charmander, L5, M|\n|teampreview\n|c|\u2606JustNot|Ive been counterpicked its sun\n|c|\u2606JustNot|the only thing i brought was Frillish\n|\n|t:|1667474028\n|start\n|switch|p1a: Mienfoo|Mienfoo, L5, M|100\/100\n|switch|p2a: Vulpix|Vulpix, L5, F|100\/100\n|-weather|SunnyDay|[from] ability: Drought|[of] p2a: Vulpix\n|turn|1\n|j|+Kipkluif\n|\n|t:|1667474046\n|switch|p2a: Larvesta|Larvesta, L5, F|100\/100\n|move|p1a: Mienfoo|Knock Off|p2a: Larvesta\n|-damage|p2a: Larvesta|66\/100\n|-enditem|p2a: Larvesta|Eject Button|[from] move: Knock Off|[of] p1a: Mienfoo\n|\n|-weather|SunnyDay|[upkeep]\n|upkeep\n|turn|2\n|\n|t:|1667474060\n|switch|p1a: Frillish|Frillish, L5, M|100\/100\n|move|p2a: Larvesta|U-turn|p1a: Frillish\n|-resisted|p1a: Frillish\n|-damage|p1a: Frillish|73\/100\n|\n|t:|1667474115\n|switch|p2a: Ponyta|Ponyta, L5, M|100\/100|[from]move: U-turn\n|\n|-weather|SunnyDay|[upkeep]\n|upkeep\n|turn|3\n|c|\u2606JustNot|Can we get mu- i mean hurry up?\n|c|+Kipkluif|just turn on the timer\n|\n|t:|1667474194\n|move|p1a: Frillish|Trick|p2a: Ponyta\n|-activate|p1a: Frillish|move: Trick|[of] p2a: Ponyta\n|-item|p2a: Ponyta|Choice Scarf|[from] move: Trick\n|-item|p1a: Frillish|Berry Juice|[from] move: Trick\n|move|p2a: Ponyta|Solar Blade||[still]\n|-prepare|p2a: Ponyta|Solar Blade\n|-anim|p2a: Ponyta|Solar Blade|p1a: Frillish\n|-supereffective|p1a: Frillish\n|-damage|p1a: Frillish|0 fnt\n|faint|p1a: Frillish\n|\n|-weather|SunnyDay|[upkeep]\n|upkeep\n|\n|t:|1667474208\n|switch|p1a: Grookey|Grookey, L5, M|100\/100\n|-fieldstart|move: Grassy Terrain|[from] ability: Grassy Surge|[of] p1a: Grookey\n|turn|4\n|\n|t:|1667474227\n|switch|p2a: Larvesta|Larvesta, L5, F|66\/100\n|switch|p1a: Magnemite|Magnemite, L5|100\/100\n|\n|-weather|SunnyDay|[upkeep]\n|-heal|p2a: Larvesta|70\/100|[from] Grassy Terrain\n|upkeep\n|turn|5\n|inactive|Battle timer is ON: inactive players will automatically lose when time's up. (requested by JustNot)\n|\n|t:|1667474243\n|switch|p2a: Ponyta|Ponyta, L5, M|100\/100\n|move|p1a: Magnemite|Volt Switch|p2a: Ponyta\n|-damage|p2a: Ponyta|41\/100\n|\n|t:|1667474254\n|switch|p1a: Mienfoo|Mienfoo, L5, M|100\/100|[from]move: Volt Switch\n|\n|-weather|SunnyDay|[upkeep]\n|-heal|p2a: Ponyta|46\/100|[from] Grassy Terrain\n|upkeep\n|turn|6\n|j| Aranacana\n|\n|t:|1667474267\n|move|p1a: Mienfoo|Fake Out|p2a: Ponyta\n|-damage|p2a: Ponyta|23\/100\n|cant|p2a: Ponyta|flinch\n|\n|-weather|SunnyDay|[upkeep]\n|-heal|p2a: Ponyta|28\/100|[from] Grassy Terrain\n|upkeep\n|turn|7\n|j| giove97\n|\n|t:|1667474282\n|move|p2a: Ponyta|Flare Blitz|p1a: Mienfoo\n|-damage|p1a: Mienfoo|0 fnt\n|faint|p1a: Mienfoo\n|-damage|p2a: Ponyta|0 fnt|[from] Recoil\n|faint|p2a: Ponyta\n|\n|-weather|SunnyDay|[upkeep]\n|upkeep\n|\n|t:|1667474308\n|switch|p2a: Timburr|Timburr, L5, M|100\/100\n|switch|p1a: Grookey|Grookey, L5, M|100\/100\n|turn|8\n|\n|t:|1667474319\n|move|p1a: Grookey|Knock Off|p2a: Timburr\n|-resisted|p2a: Timburr\n|-damage|p2a: Timburr|84\/100\n|-enditem|p2a: Timburr|Eviolite|[from] move: Knock Off|[of] p1a: Grookey\n|-damage|p1a: Grookey|91\/100|[from] item: Life Orb\n|move|p2a: Timburr|Drain Punch|p1a: Grookey\n|-damage|p1a: Grookey|5\/100\n|-heal|p2a: Timburr|100\/100|[from] drain|[of] p1a: Grookey\n|\n|-weather|none\n|-heal|p1a: Grookey|10\/100|[from] Grassy Terrain\n|-fieldend|move: Grassy Terrain\n|upkeep\n|turn|9\n|\n|t:|1667474332\n|switch|p1a: Koffing|Koffing, L5, M|100\/100\n|-ability|p1a: Koffing|Neutralizing Gas\n|move|p2a: Timburr|Mach Punch|p1a: Koffing\n|-resisted|p1a: Koffing\n|-damage|p1a: Koffing|90\/100\n|\n|upkeep\n|turn|10\n|\n|t:|1667474340\n|move|p1a: Koffing|Sludge Bomb|p2a: Timburr\n|-damage|p2a: Timburr|38\/100\n|move|p2a: Timburr|Knock Off|p1a: Koffing\n|-damage|p1a: Koffing|60\/100\n|-enditem|p1a: Koffing|Eviolite|[from] move: Knock Off|[of] p2a: Timburr\n|\n|upkeep\n|turn|11\n|\n|t:|1667474346\n|move|p2a: Timburr|Mach Punch|p1a: Koffing\n|-resisted|p1a: Koffing\n|-damage|p1a: Koffing|45\/100\n|move|p1a: Koffing|Sludge Bomb|p2a: Timburr\n|-damage|p2a: Timburr|0 fnt\n|faint|p2a: Timburr\n|\n|upkeep\n|\n|t:|1667474375\n|switch|p2a: Diglett|Diglett, L5, M|100\/100\n|turn|12\n|\n|t:|1667474389\n|move|p2a: Diglett|Earthquake|p1a: Koffing\n|-supereffective|p1a: Koffing\n|-damage|p1a: Koffing|0 fnt\n|faint|p1a: Koffing\n|-end|p1a: Koffing|ability: Neutralizing Gas\n|\n|upkeep\n|\n|t:|1667474391\n|switch|p1a: Grookey|Grookey, L5, M|10\/100\n|-fieldstart|move: Grassy Terrain|[from] ability: Grassy Surge|[of] p1a: Grookey\n|turn|13\n|\n|t:|1667474410\n|move|p1a: Grookey|Grassy Glide|p2a: Diglett\n|-supereffective|p2a: Diglett\n|-enditem|p2a: Diglett|Focus Sash\n|-damage|p2a: Diglett|6\/100\n|-damage|p1a: Grookey|0 fnt|[from] item: Life Orb\n|faint|p1a: Grookey\n|move|p2a: Diglett|Earth Power|p1: Grookey|[notarget]\n|-fail|p2a: Diglett\n|\n|-heal|p2a: Diglett|12\/100|[from] Grassy Terrain\n|upkeep\n|c|\u2606JustNot|Ayo\n|\n|t:|1667474426\n|switch|p1a: Ponyta|Ponyta-Galar, L5, M|100\/100\n|turn|14\n|\n|t:|1667474443\n|switch|p2a: Vulpix|Vulpix, L5, F|100\/100\n|-weather|SunnyDay|[from] ability: Drought|[of] p2a: Vulpix\n|move|p1a: Ponyta|Psychic|p2a: Vulpix\n|-damage|p2a: Vulpix|39\/100\n|\n|-weather|SunnyDay|[upkeep]\n|-heal|p2a: Vulpix|43\/100|[from] Grassy Terrain\n|upkeep\n|turn|15\n|\n|t:|1667474454\n|move|p1a: Ponyta|Psychic|p2a: Vulpix\n|-damage|p2a: Vulpix|0 fnt\n|faint|p2a: Vulpix\n|\n|-weather|SunnyDay|[upkeep]\n|upkeep\n|inactive|Laroxyl has 270 seconds left.\n|c|\u2606JustNot|I lose this\n|c|\u2606JustNot|Go fast\n|\n|t:|1667474497\n|switch|p2a: Larvesta|Larvesta, L5, F|70\/100\n|turn|16\n|c|\u2606JustNot|i need to go\n|\n|t:|1667474515\n|move|p1a: Ponyta|Psychic|p2a: Larvesta\n|-damage|p2a: Larvesta|14\/100\n|move|p2a: Larvesta|U-turn|p1a: Ponyta\n|-supereffective|p1a: Ponyta\n|-damage|p1a: Ponyta|34\/100\n|\n|t:|1667474521\n|switch|p2a: Charmander|Charmander, L5, M|100\/100|[from]move: U-turn\n|\n|-weather|SunnyDay|[upkeep]\n|-damage|p2a: Charmander|91\/100|[from] ability: Solar Power|[of] p2a: Charmander\n|-heal|p2a: Charmander|96\/100|[from] Grassy Terrain\n|-heal|p1a: Ponyta|39\/100|[from] Grassy Terrain\n|upkeep\n|turn|17\n|\n|t:|1667474525\n|move|p2a: Charmander|Weather Ball|p1a: Ponyta\n|-damage|p1a: Ponyta|0 fnt\n|faint|p1a: Ponyta\n|\n|-weather|SunnyDay|[upkeep]\n|-damage|p2a: Charmander|86\/100|[from] ability: Solar Power|[of] p2a: Charmander\n|-heal|p2a: Charmander|91\/100|[from] Grassy Terrain\n|-fieldend|move: Grassy Terrain\n|upkeep\n|\n|t:|1667474528\n|switch|p1a: Magnemite|Magnemite, L5|100\/100\n|turn|18\n|c|\u2606Laroxyl|gg\n|inactive|Laroxyl has 270 seconds left.\n|\n|t:|1667474533\n|move|p2a: Charmander|Weather Ball|p1a: Magnemite\n|-supereffective|p1a: Magnemite\n|-ability|p1a: Magnemite|Sturdy\n|-damage|p1a: Magnemite|6\/100\n|-enditem|p1a: Magnemite|Berry Juice\n|-heal|p1a: Magnemite|100\/100|[from] item: Berry Juice\n|move|p1a: Magnemite|Recycle|p1a: Magnemite\n|-item|p1a: Magnemite|Berry Juice|[from] move: Recycle\n|\n|-weather|SunnyDay|[upkeep]\n|-damage|p2a: Charmander|81\/100|[from] ability: Solar Power|[of] p2a: Charmander\n|upkeep\n|turn|19\n|inactive|Laroxyl has 270 seconds left.\n|\n|t:|1667474546\n|move|p2a: Charmander|Weather Ball|p1a: Magnemite\n|-supereffective|p1a: Magnemite\n|-ability|p1a: Magnemite|Sturdy\n|-damage|p1a: Magnemite|6\/100\n|-enditem|p1a: Magnemite|Berry Juice\n|-heal|p1a: Magnemite|100\/100|[from] item: Berry Juice\n|move|p1a: Magnemite|Recycle|p1a: Magnemite\n|-item|p1a: Magnemite|Berry Juice|[from] move: Recycle\n|\n|-weather|SunnyDay|[upkeep]\n|-damage|p2a: Charmander|72\/100|[from] ability: Solar Power|[of] p2a: Charmander\n|upkeep\n|turn|20\n|\n|t:|1667474555\n|move|p2a: Charmander|Weather Ball|p1a: Magnemite\n|-supereffective|p1a: Magnemite\n|-ability|p1a: Magnemite|Sturdy\n|-damage|p1a: Magnemite|6\/100\n|-enditem|p1a: Magnemite|Berry Juice\n|-heal|p1a: Magnemite|100\/100|[from] item: Berry Juice\n|move|p1a: Magnemite|Recycle|p1a: Magnemite\n|-item|p1a: Magnemite|Berry Juice|[from] move: Recycle\n|\n|-weather|SunnyDay|[upkeep]\n|-damage|p2a: Charmander|62\/100|[from] ability: Solar Power|[of] p2a: Charmander\n|upkeep\n|turn|21\n|\n|t:|1667474560\n|move|p2a: Charmander|Weather Ball|p1a: Magnemite\n|-supereffective|p1a: Magnemite\n|-ability|p1a: Magnemite|Sturdy\n|-damage|p1a: Magnemite|6\/100\n|-enditem|p1a: Magnemite|Berry Juice\n|-heal|p1a: Magnemite|100\/100|[from] item: Berry Juice\n|move|p1a: Magnemite|Recycle|p1a: Magnemite\n|-item|p1a: Magnemite|Berry Juice|[from] move: Recycle\n|\n|-weather|none\n|upkeep\n|turn|22\n|inactive|Laroxyl has 270 seconds left.\n|\n|t:|1667474592\n|move|p2a: Charmander|Weather Ball|p1a: Magnemite\n|-resisted|p1a: Magnemite\n|-damage|p1a: Magnemite|85\/100\n|move|p1a: Magnemite|Recycle||[still]\n|-fail|p1a: Magnemite\n|\n|upkeep\n|turn|23\n|inactive|Laroxyl has 270 seconds left.\n|c|\u2606JustNot|Wait...\n|\n|t:|1667474602\n|switch|p2a: Larvesta|Larvesta, L5, F|14\/100\n|move|p1a: Magnemite|Volt Switch|p2a: Larvesta\n|-damage|p2a: Larvesta|0 fnt\n|faint|p2a: Larvesta\n|\n|upkeep\n|c|\u2606JustNot|Nah\n|\n|t:|1667474613\n|switch|p2a: Diglett|Diglett, L5, M|12\/100\n|turn|24\n|c|\u2606JustNot|diglett eq into scarf ball\n|\n|t:|1667474624\n|move|p1a: Magnemite|Endure|p1a: Magnemite\n|-singleturn|p1a: Magnemite|move: Endure\n|move|p2a: Diglett|Earth Power|p1a: Magnemite\n|-supereffective|p1a: Magnemite\n|-activate|p1a: Magnemite|move: Endure\n|-damage|p1a: Magnemite|6\/100\n|-enditem|p1a: Magnemite|Berry Juice\n|-heal|p1a: Magnemite|100\/100|[from] item: Berry Juice\n|\n|upkeep\n|turn|25\n|inactive|Laroxyl has 270 seconds left.\n|\n|t:|1667474630\n|move|p2a: Diglett|Earthquake|p1a: Magnemite\n|-supereffective|p1a: Magnemite\n|-ability|p1a: Magnemite|Sturdy\n|-damage|p1a: Magnemite|6\/100\n|move|p1a: Magnemite|Flash Cannon|p2a: Diglett\n|-damage|p2a: Diglett|0 fnt\n|faint|p2a: Diglett\n|\n|upkeep\n|\n|t:|1667474632\n|switch|p2a: Charmander|Charmander, L5, M|62\/100\n|turn|26\n|c|\u2606JustNot|Good game, really close\n|\n|t:|1667474638\n|move|p2a: Charmander|Weather Ball|p1a: Magnemite\n|-resisted|p1a: Magnemite\n|-damage|p1a: Magnemite|0 fnt\n|faint|p1a: Magnemite\n|\n|win|Laroxyl\n|c|\u2606Laroxyl|ggs\n","uploadtime":1667474646,"views":35,"p1id":"justnot","p2id":"laroxyl","formatid":"gen8lc","rating":0,"private":0,"password":null}