{"id":"gen8ou-1682885039","p1":"VivaHonduras","p2":"Dong nai","format":"gen8ou","log":"|j|\u2606VivaHonduras\n|j|\u2606Dong nai\n|t:|1665472806\n|gametype|singles\n|player|p1|VivaHonduras|scientist-gen4|1692\n|player|p2|Dong nai|102|1829\n|teamsize|p1|6\n|teamsize|p2|6\n|gen|8\n|tier|[Gen 8] OU\n|rated|\n|rule|Sleep Clause Mod: Limit one foe put to sleep\n|rule|Species Clause: Limit one of each Pok\u00e9mon\n|rule|OHKO Clause: OHKO moves are banned\n|rule|Evasion Items Clause: Evasion items are banned\n|rule|Evasion Moves Clause: Evasion moves are banned\n|rule|Endless Battle Clause: Forcing endless battles is banned\n|rule|HP Percentage Mod: HP is shown in percentages\n|rule|Dynamax Clause: You cannot dynamax\n|clearpoke\n|poke|p1|Unfezant, M|\n|poke|p1|Torkoal, F|\n|poke|p1|Venusaur, F|\n|poke|p1|Xatu, F|\n|poke|p1|Heatran, M|\n|poke|p1|Landorus-Therian, M|\n|poke|p2|Nihilego|\n|poke|p2|Zapdos-Galar|\n|poke|p2|Kartana|\n|poke|p2|Celesteela|\n|poke|p2|Garchomp, F|\n|poke|p2|Tapu Lele|\n|teampreview\n|inactive|Battle timer is ON: inactive players will automatically lose when time's up. (requested by VivaHonduras)\n|inactive|Dong nai also wants the timer to be on.\n|\n|t:|1665472816\n|start\n|switch|p1a: Landorus|Landorus-Therian, M|100\/100\n|switch|p2a: Nihilego|Nihilego, shiny|100\/100\n|-ability|p1a: Landorus|Intimidate|boost\n|-unboost|p2a: Nihilego|atk|1\n|turn|1\n|\n|t:|1665472823\n|switch|p2a: Zapdos|Zapdos-Galar|100\/100\n|move|p1a: Landorus|Earthquake|p2a: Zapdos\n|-immune|p2a: Zapdos\n|\n|upkeep\n|turn|2\n|\n|t:|1665472829\n|switch|p1a: Torkoal|Torkoal, F|100\/100\n|-weather|SunnyDay|[from] ability: Drought|[of] p1a: Torkoal\n|move|p2a: Zapdos|Brave Bird|p1a: Torkoal\n|-crit|p1a: Torkoal\n|-damage|p1a: Torkoal|24\/100\n|-damage|p2a: Zapdos|74\/100|[from] Recoil\n|\n|-weather|SunnyDay|[upkeep]\n|upkeep\n|turn|3\n|\n|t:|1665472835\n|switch|p1a: Xatu|Xatu, F|100\/100\n|move|p2a: Zapdos|Brave Bird|p1a: Xatu\n|-damage|p1a: Xatu|16\/100\n|-damage|p2a: Zapdos|45\/100|[from] Recoil\n|\n|-weather|SunnyDay|[upkeep]\n|upkeep\n|turn|4\n|\n|t:|1665472858\n|move|p2a: Zapdos|Brave Bird|p1a: Xatu\n|-damage|p1a: Xatu|0 fnt\n|faint|p1a: Xatu\n|-damage|p2a: Zapdos|39\/100|[from] Recoil\n|\n|-weather|SunnyDay|[upkeep]\n|upkeep\n|\n|t:|1665472860\n|switch|p1a: Venusaur|Venusaur, F, shiny|100\/100\n|turn|5\n|\n|t:|1665472880\n|move|p1a: Venusaur|Weather Ball|p2a: Zapdos\n|-damage|p2a: Zapdos|0 fnt\n|faint|p2a: Zapdos\n|-damage|p1a: Venusaur|91\/100|[from] item: Life Orb\n|\n|-weather|SunnyDay|[upkeep]\n|upkeep\n|\n|t:|1665472885\n|switch|p2a: Nihilego|Nihilego, shiny|100\/100\n|turn|6\n|inactive|VivaHonduras has 120 seconds left.\n|\n|t:|1665472927\n|move|p1a: Venusaur|Earth Power|p2a: Nihilego\n|-supereffective|p2a: Nihilego\n|-damage|p2a: Nihilego|0 fnt\n|faint|p2a: Nihilego\n|-damage|p1a: Venusaur|81\/100|[from] item: Life Orb\n|\n|-weather|SunnyDay|[upkeep]\n|upkeep\n|\n|t:|1665472946\n|switch|p2a: Garchomp|Garchomp, F|100\/100\n|turn|7\n|inactive|VivaHonduras has 120 seconds left.\n|\n|t:|1665472981\n|move|p1a: Venusaur|Growth|p1a: Venusaur\n|-boost|p1a: Venusaur|atk|2\n|-boost|p1a: Venusaur|spa|2\n|move|p2a: Garchomp|Fire Blast|p1a: Venusaur\n|-supereffective|p1a: Venusaur\n|-damage|p1a: Venusaur|19\/100\n|\n|-weather|SunnyDay|[upkeep]\n|upkeep\n|turn|8\n|\n|t:|1665472999\n|move|p1a: Venusaur|Giga Drain|p2a: Garchomp\n|-damage|p2a: Garchomp|19\/100\n|-heal|p1a: Venusaur|77\/100|[from] drain|[of] p2a: Garchomp\n|-damage|p1a: Venusaur|67\/100|[from] item: Life Orb\n|move|p2a: Garchomp|Earthquake|p1a: Venusaur\n|-crit|p1a: Venusaur\n|-damage|p1a: Venusaur|0 fnt\n|faint|p1a: Venusaur\n|\n|-weather|SunnyDay|[upkeep]\n|upkeep\n|inactive|VivaHonduras has 90 seconds left.\n|\n|t:|1665473033\n|switch|p1a: Landorus|Landorus-Therian, M|100\/100\n|-ability|p1a: Landorus|Intimidate|boost\n|-unboost|p2a: Garchomp|atk|1\n|turn|9\n|\n|t:|1665473038\n|move|p1a: Landorus|U-turn|p2a: Garchomp\n|-damage|p2a: Garchomp|0 fnt\n|-damage|p1a: Landorus|88\/100|[from] ability: Rough Skin|[of] p2a: Garchomp\n|-damage|p1a: Landorus|72\/100|[from] item: Rocky Helmet|[of] p2a: Garchomp\n|faint|p2a: Garchomp\n|inactive|VivaHonduras has 90 seconds left.\n|\n|t:|1665473055\n|switch|p1a: Heatran|Heatran, M|100\/100|[from]move: U-turn\n|-item|p1a: Heatran|Air Balloon\n|\n|-weather|none\n|upkeep\n|\n|t:|1665473061\n|switch|p2a: Kartana|Kartana|100\/100\n|turn|10\n|inactive|VivaHonduras has 90 seconds left.\n|\n|t:|1665473073\n|move|p2a: Kartana|Sacred Sword|p1a: Heatran\n|-supereffective|p1a: Heatran\n|-damage|p1a: Heatran|19\/100\n|-enditem|p1a: Heatran|Air Balloon\n|move|p1a: Heatran|Magma Storm|p2a: Kartana\n|-supereffective|p2a: Kartana\n|-crit|p2a: Kartana\n|-damage|p2a: Kartana|0 fnt\n|faint|p2a: Kartana\n|\n|upkeep\n|\n|t:|1665473081\n|switch|p2a: Tapu Lele|Tapu Lele, shiny|100\/100\n|-fieldstart|move: Psychic Terrain|[from] ability: Psychic Surge|[of] p2a: Tapu Lele\n|turn|11\n|\n|t:|1665473083\n|switch|p1a: Torkoal|Torkoal, F|24\/100\n|-weather|SunnyDay|[from] ability: Drought|[of] p1a: Torkoal\n|move|p2a: Tapu Lele|Calm Mind|p2a: Tapu Lele\n|-boost|p2a: Tapu Lele|spa|1\n|-boost|p2a: Tapu Lele|spd|1\n|\n|-weather|SunnyDay|[upkeep]\n|upkeep\n|turn|12\n|j| Dragon of Osiris\n|\n|t:|1665473092\n|move|p2a: Tapu Lele|Iron Defense|p2a: Tapu Lele\n|-boost|p2a: Tapu Lele|def|2\n|move|p1a: Torkoal|Toxic|p2a: Tapu Lele\n|-status|p2a: Tapu Lele|tox\n|\n|-weather|SunnyDay|[upkeep]\n|-damage|p2a: Tapu Lele|94\/100 tox|[from] psn\n|upkeep\n|turn|13\n|\n|t:|1665473103\n|move|p2a: Tapu Lele|Stored Power|p1a: Torkoal\n|-damage|p1a: Torkoal|0 fnt\n|faint|p1a: Torkoal\n|\n|-weather|SunnyDay|[upkeep]\n|-heal|p2a: Tapu Lele|100\/100 tox|[from] item: Leftovers\n|-damage|p2a: Tapu Lele|88\/100 tox|[from] psn\n|upkeep\n|\n|t:|1665473105\n|switch|p1a: Unfezant|Unfezant, M|100\/100\n|turn|14\n|\n|t:|1665473109\n|move|p1a: Unfezant|Night Slash|p2a: Tapu Lele\n|-crit|p2a: Tapu Lele\n|-damage|p2a: Tapu Lele|45\/100 tox\n|move|p2a: Tapu Lele|Stored Power|p1a: Unfezant\n|-damage|p1a: Unfezant|0 fnt\n|faint|p1a: Unfezant\n|\n|-weather|SunnyDay|[upkeep]\n|-heal|p2a: Tapu Lele|51\/100 tox|[from] item: Leftovers\n|-damage|p2a: Tapu Lele|33\/100 tox|[from] psn\n|upkeep\n|inactive|VivaHonduras has 120 seconds left.\n|\n|t:|1665473136\n|switch|p1a: Landorus|Landorus-Therian, M|72\/100\n|-ability|p1a: Landorus|Intimidate|boost\n|-unboost|p2a: Tapu Lele|atk|1\n|turn|15\n|\n|t:|1665473153\n|switch|p2a: Celesteela|Celesteela|100\/100\n|move|p1a: Landorus|Knock Off|p2a: Celesteela\n|-crit|p2a: Celesteela\n|-damage|p2a: Celesteela|41\/100\n|-enditem|p2a: Celesteela|Leftovers|[from] move: Knock Off|[of] p1a: Landorus\n|\n|-weather|SunnyDay|[upkeep]\n|-fieldend|move: Psychic Terrain\n|upkeep\n|turn|16\n|\n|t:|1665473159\n|move|p1a: Landorus|Knock Off|p2a: Celesteela\n|-damage|p2a: Celesteela|15\/100\n|move|p2a: Celesteela|Autotomize|p2a: Celesteela\n|-boost|p2a: Celesteela|spe|2\n|-start|p2a: Celesteela|Autotomize\n|\n|-weather|SunnyDay|[upkeep]\n|upkeep\n|turn|17\n|\n|t:|1665473162\n|move|p1a: Landorus|Knock Off|p2a: Celesteela\n|-damage|p2a: Celesteela|0 fnt\n|faint|p2a: Celesteela\n|\n|-weather|SunnyDay|[upkeep]\n|upkeep\n|\n|t:|1665473165\n|switch|p2a: Tapu Lele|Tapu Lele, shiny|33\/100 tox\n|-fieldstart|move: Psychic Terrain|[from] ability: Psychic Surge|[of] p2a: Tapu Lele\n|turn|18\n|\n|t:|1665473166\n|move|p1a: Landorus|Knock Off|p2a: Tapu Lele\n|-damage|p2a: Tapu Lele|0 fnt\n|-enditem|p2a: Tapu Lele|Leftovers|[from] move: Knock Off|[of] p1a: Landorus\n|faint|p2a: Tapu Lele\n|\n|win|VivaHonduras\n|raw|VivaHonduras's rating: 1692 &rarr; <strong>1718<\/strong><br \/>(+26 for winning)\n|raw|Dong nai's rating: 1806 &rarr; <strong>1780<\/strong><br \/>(-26 for losing)\n|l|\u2606Dong nai\n","uploadtime":1665473193,"views":12,"p1id":"vivahonduras","p2id":"dongnai","formatid":"gen8ou","rating":1718,"private":0,"password":null}