{"id":"gen8ou-1645046531","p1":"cump4","p2":"tytyui\u21bb","format":"gen8ou","log":"|j|\u2606cump4\n|j|\u2606tytyui\u21bb\n|t:|1661122882\n|gametype|singles\n|player|p1|cump4|pilot|1613\n|player|p2|tytyui\u21bb|fantina|1565\n|teamsize|p1|6\n|teamsize|p2|6\n|gen|8\n|tier|[Gen 8] OU\n|rated|\n|rule|Sleep Clause Mod: Limit one foe put to sleep\n|rule|Species Clause: Limit one of each Pok\u00e9mon\n|rule|OHKO Clause: OHKO moves are banned\n|rule|Evasion Items Clause: Evasion items are banned\n|rule|Evasion Moves Clause: Evasion moves are banned\n|rule|Endless Battle Clause: Forcing endless battles is banned\n|rule|HP Percentage Mod: HP is shown in percentages\n|rule|Dynamax Clause: You cannot dynamax\n|clearpoke\n|poke|p1|Heatran, M|\n|poke|p1|Landorus-Therian, M|\n|poke|p1|Magnezone|\n|poke|p1|Rillaboom, F|\n|poke|p1|Tapu Lele|\n|poke|p1|Dragapult, F|\n|poke|p2|Excadrill, M|\n|poke|p2|Tyranitar, M|\n|poke|p2|Volcanion|\n|poke|p2|Rillaboom, M|\n|poke|p2|Zapdos|\n|poke|p2|Kartana|\n|teampreview\n|c|\u2606cump4|hf\n|c|\u2606tytyui\u21bb|hf\n|\n|t:|1661122893\n|start\n|switch|p1a: Rillaboom|Rillaboom, F|100\/100\n|switch|p2a: Volcanion|Volcanion|100\/100\n|-fieldstart|move: Grassy Terrain|[from] ability: Grassy Surge|[of] p1a: Rillaboom\n|turn|1\n|\n|t:|1661122906\n|switch|p2a: Zapdos|Zapdos|100\/100\n|move|p1a: Rillaboom|Grassy Glide|p2a: Zapdos\n|-resisted|p2a: Zapdos\n|-damage|p2a: Zapdos|68\/100\n|-status|p1a: Rillaboom|par|[from] ability: Static|[of] p2a: Zapdos\n|\n|upkeep\n|turn|2\n|\n|t:|1661122914\n|switch|p2a: Volcanion|Volcanion|100\/100\n|switch|p1a: Landorus|Landorus-Therian, M|100\/100\n|-ability|p1a: Landorus|Intimidate|boost\n|-unboost|p2a: Volcanion|atk|1\n|\n|upkeep\n|turn|3\n|\n|t:|1661122918\n|move|p2a: Volcanion|Steam Eruption|p1a: Landorus\n|-supereffective|p1a: Landorus\n|-damage|p1a: Landorus|11\/100\n|move|p1a: Landorus|Earthquake|p2a: Volcanion\n|-supereffective|p2a: Volcanion\n|-damage|p2a: Volcanion|51\/100\n|\n|-heal|p2a: Volcanion|57\/100|[from] Grassy Terrain\n|-heal|p1a: Landorus|17\/100|[from] item: Leftovers\n|upkeep\n|turn|4\n|\n|t:|1661122926\n|move|p2a: Volcanion|Steam Eruption|p1a: Landorus\n|-supereffective|p1a: Landorus\n|-damage|p1a: Landorus|0 fnt\n|faint|p1a: Landorus\n|\n|-heal|p2a: Volcanion|63\/100|[from] Grassy Terrain\n|upkeep\n|\n|t:|1661122928\n|switch|p1a: Tapu Lele|Tapu Lele|100\/100\n|-fieldstart|move: Psychic Terrain|[from] ability: Psychic Surge|[of] p1a: Tapu Lele\n|turn|5\n|\n|t:|1661122939\n|switch|p2a: Zapdos|Zapdos|68\/100\n|move|p1a: Tapu Lele|Moonblast|p2a: Zapdos\n|-damage|p2a: Zapdos|0 fnt\n|faint|p2a: Zapdos\n|\n|upkeep\n|\n|t:|1661122952\n|switch|p2a: Volcanion|Volcanion|63\/100\n|turn|6\n|\n|t:|1661122957\n|switch|p1a: Rillaboom|Rillaboom, F|100\/100 par\n|-fieldstart|move: Grassy Terrain|[from] ability: Grassy Surge|[of] p1a: Rillaboom\n|move|p2a: Volcanion|Steam Eruption|p1a: Rillaboom\n|-resisted|p1a: Rillaboom\n|-damage|p1a: Rillaboom|60\/100 par\n|\n|-heal|p2a: Volcanion|69\/100|[from] Grassy Terrain\n|-heal|p1a: Rillaboom|66\/100 par|[from] Grassy Terrain\n|upkeep\n|turn|7\n|\n|t:|1661122963\n|move|p1a: Rillaboom|Grassy Glide|p2a: Volcanion\n|-damage|p2a: Volcanion|0 fnt\n|faint|p2a: Volcanion\n|\n|-heal|p1a: Rillaboom|72\/100 par|[from] Grassy Terrain\n|upkeep\n|\n|t:|1661122968\n|switch|p2a: Kartana|Kartana|100\/100\n|turn|8\n|\n|t:|1661122974\n|switch|p1a: Heatran|Heatran, M|100\/100\n|move|p2a: Kartana|Sacred Sword|p1a: Heatran\n|-supereffective|p1a: Heatran\n|-damage|p1a: Heatran|49\/100\n|\n|-heal|p1a: Heatran|55\/100|[from] Grassy Terrain\n|-heal|p1a: Heatran|62\/100|[from] item: Leftovers\n|upkeep\n|turn|9\n|\n|t:|1661122979\n|switch|p2a: Tyranitar|Tyranitar, M|100\/100\n|-weather|Sandstorm|[from] ability: Sand Stream|[of] p2a: Tyranitar\n|move|p1a: Heatran|Lava Plume|p2a: Tyranitar\n|-resisted|p2a: Tyranitar\n|-damage|p2a: Tyranitar|93\/100\n|\n|-weather|Sandstorm|[upkeep]\n|-heal|p1a: Heatran|68\/100|[from] Grassy Terrain\n|-heal|p1a: Heatran|74\/100|[from] item: Leftovers\n|-heal|p2a: Tyranitar|99\/100|[from] Grassy Terrain\n|upkeep\n|turn|10\n|\n|t:|1661122984\n|move|p1a: Heatran|Protect|p1a: Heatran\n|-singleturn|p1a: Heatran|Protect\n|move|p2a: Tyranitar|Stealth Rock|p1a: Heatran\n|-sidestart|p1: cump4|move: Stealth Rock\n|\n|-weather|Sandstorm|[upkeep]\n|-heal|p1a: Heatran|80\/100|[from] Grassy Terrain\n|-heal|p1a: Heatran|87\/100|[from] item: Leftovers\n|-heal|p2a: Tyranitar|100\/100|[from] Grassy Terrain\n|-fieldend|move: Grassy Terrain\n|upkeep\n|turn|11\n|\n|t:|1661122990\n|switch|p1a: Tapu Lele|Tapu Lele|100\/100\n|-damage|p1a: Tapu Lele|88\/100|[from] Stealth Rock\n|-fieldstart|move: Psychic Terrain|[from] ability: Psychic Surge|[of] p1a: Tapu Lele\n|move|p2a: Tyranitar|Thunder Wave|p1a: Tapu Lele\n|-status|p1a: Tapu Lele|par\n|\n|-weather|Sandstorm|[upkeep]\n|-damage|p1a: Tapu Lele|82\/100 par|[from] Sandstorm\n|upkeep\n|turn|12\n|\n|t:|1661122997\n|move|p2a: Tyranitar|Earthquake|p1a: Tapu Lele\n|-damage|p1a: Tapu Lele|44\/100 par\n|move|p1a: Tapu Lele|Moonblast|p2a: Tyranitar\n|-supereffective|p2a: Tyranitar\n|-damage|p2a: Tyranitar|35\/100\n|\n|-weather|Sandstorm|[upkeep]\n|-damage|p1a: Tapu Lele|38\/100 par|[from] Sandstorm\n|upkeep\n|turn|13\n|\n|t:|1661123004\n|move|p2a: Tyranitar|Earthquake|p1a: Tapu Lele\n|-damage|p1a: Tapu Lele|0 fnt\n|faint|p1a: Tapu Lele\n|\n|-weather|Sandstorm|[upkeep]\n|upkeep\n|\n|t:|1661123008\n|switch|p1a: Dragapult|Dragapult, F, shiny|100\/100\n|-damage|p1a: Dragapult|88\/100|[from] Stealth Rock\n|turn|14\n|\n|t:|1661123012\n|move|p1a: Dragapult|U-turn|p2a: Tyranitar\n|-supereffective|p2a: Tyranitar\n|-damage|p2a: Tyranitar|0 fnt\n|faint|p2a: Tyranitar\n|\n|t:|1661123015\n|switch|p1a: Magnezone|Magnezone, shiny|100\/100|[from]move: U-turn\n|-damage|p1a: Magnezone|94\/100|[from] Stealth Rock\n|\n|-weather|Sandstorm|[upkeep]\n|-heal|p1a: Magnezone|100\/100|[from] item: Leftovers\n|upkeep\n|\n|t:|1661123018\n|switch|p2a: Excadrill|Excadrill, M|100\/100\n|turn|15\n|\n|t:|1661123023\n|switch|p1a: Rillaboom|Rillaboom, F|72\/100 par\n|-damage|p1a: Rillaboom|60\/100 par|[from] Stealth Rock\n|-fieldstart|move: Grassy Terrain|[from] ability: Grassy Surge|[of] p1a: Rillaboom\n|move|p2a: Excadrill|Iron Head|p1a: Rillaboom\n|-damage|p1a: Rillaboom|0 fnt\n|faint|p1a: Rillaboom\n|-damage|p2a: Excadrill|91\/100|[from] item: Life Orb\n|\n|-weather|Sandstorm|[upkeep]\n|-heal|p2a: Excadrill|97\/100|[from] Grassy Terrain\n|upkeep\n|\n|t:|1661123034\n|switch|p1a: Magnezone|Magnezone, shiny|100\/100\n|-damage|p1a: Magnezone|94\/100|[from] Stealth Rock\n|turn|16\n|\n|t:|1661123037\n|move|p2a: Excadrill|High Horsepower|p1a: Magnezone\n|-supereffective|p1a: Magnezone\n|-damage|p1a: Magnezone|0 fnt\n|faint|p1a: Magnezone\n|-damage|p2a: Excadrill|87\/100|[from] item: Life Orb\n|\n|-weather|none\n|-heal|p2a: Excadrill|93\/100|[from] Grassy Terrain\n|upkeep\n|c|\u2606cump4|gg\n|\n|t:|1661123046\n|switch|p1a: Dragapult|Dragapult, F, shiny|88\/100\n|-damage|p1a: Dragapult|76\/100|[from] Stealth Rock\n|turn|17\n|\n|t:|1661123049\n|move|p1a: Dragapult|Dragon Darts|p2a: Excadrill\n|-resisted|p2a: Excadrill\n|-damage|p2a: Excadrill|63\/100\n|-anim|p1a: Dragapult|Dragon Darts|p2a: Excadrill\n|-resisted|p2a: Excadrill\n|-damage|p2a: Excadrill|33\/100\n|move|p2a: Excadrill|Iron Head|p1a: Dragapult\n|-damage|p1a: Dragapult|0 fnt\n|faint|p1a: Dragapult\n|-damage|p2a: Excadrill|23\/100|[from] item: Life Orb\n|\n|-heal|p2a: Excadrill|29\/100|[from] Grassy Terrain\n|upkeep\n|-message|cump4 forfeited.\n|\n|win|tytyui\u21bb\n|raw|cump4's rating: 1634 &rarr; <strong>1610<\/strong><br \/>(-24 for losing)\n|raw|tytyui\u21bb's rating: 1565 &rarr; <strong>1589<\/strong><br \/>(+24 for winning)\n|l|\u2606cump4\n|c|\u2606tytyui\u21bb|gg\n||Ladder isn't responding, score probably updated but might not have (Request timeout).\n","uploadtime":1661123230,"views":45,"p1id":"cump4","p2id":"tytyui","formatid":"gen8ou","rating":1589,"private":0,"password":null}