{"id":"gen8ou-1537005184","p1":"Pks No Shucks","p2":"BRIFYE","format":"gen8ou","log":"|j|\u2606Pks No Shucks\n|j|\u2606BRIFYE\n|t:|1648050650\n|gametype|singles\n|player|p1|Pks No Shucks|crasherwake|1498\n|player|p2|BRIFYE|266|1551\n|teamsize|p1|6\n|teamsize|p2|6\n|gen|8\n|tier|[Gen 8] OU\n|rated|\n|rule|Sleep Clause Mod: Limit one foe put to sleep\n|rule|Species Clause: Limit one of each Pok\u00e9mon\n|rule|OHKO Clause: OHKO moves are banned\n|rule|Evasion Moves Clause: Evasion moves are banned\n|rule|Endless Battle Clause: Forcing endless battles is banned\n|rule|HP Percentage Mod: HP is shown in percentages\n|rule|Dynamax Clause: You cannot dynamax\n|clearpoke\n|poke|p1|Kartana|\n|poke|p1|Tapu Lele|\n|poke|p1|Magnezone|\n|poke|p1|Dragapult, M|\n|poke|p1|Gastrodon, M|\n|poke|p1|Slowking-Galar, M|\n|poke|p2|Zapdos|\n|poke|p2|Urshifu-*, F|\n|poke|p2|Dragapult, F|\n|poke|p2|Scizor, F|\n|poke|p2|Landorus-Therian, M|\n|poke|p2|Tapu Lele|\n|teampreview\n|\n|t:|1648050672\n|start\n|switch|p1a: Gastrodon|Gastrodon, M, shiny|100\/100\n|switch|p2a: Tapu Lele|Tapu Lele|100\/100\n|-fieldstart|move: Psychic Terrain|[from] ability: Psychic Surge|[of] p2a: Tapu Lele\n|turn|1\n|\n|t:|1648050692\n|switch|p1a: Magnezone|Magnezone, shiny|100\/100\n|move|p2a: Tapu Lele|Psychic|p1a: Magnezone\n|-resisted|p1a: Magnezone\n|-damage|p1a: Magnezone|63\/100\n|\n|upkeep\n|turn|2\n|\n|t:|1648050703\n|switch|p2a: Smooky|Landorus-Therian, M|100\/100\n|-ability|p2a: Smooky|Intimidate|boost\n|-unboost|p1a: Magnezone|atk|1\n|switch|p1a: Gastrodon|Gastrodon, M, shiny|100\/100\n|\n|upkeep\n|turn|3\n|\n|t:|1648050718\n|move|p2a: Smooky|U-turn|p1a: Gastrodon\n|-crit|p1a: Gastrodon\n|-damage|p1a: Gastrodon|75\/100\n|\n|t:|1648050745\n|switch|p2a: Tapu Lele|Tapu Lele|100\/100|[from]move: U-turn\n|move|p1a: Gastrodon|Scald|p2a: Tapu Lele\n|-damage|p2a: Tapu Lele|72\/100\n|-status|p2a: Tapu Lele|brn\n|\n|-heal|p1a: Gastrodon|81\/100|[from] item: Leftovers\n|-damage|p2a: Tapu Lele|66\/100 brn|[from] brn\n|upkeep\n|turn|4\n|\n|t:|1648050756\n|switch|p1a: Slowking|Slowking-Galar, M, shiny|100\/100\n|move|p2a: Tapu Lele|Psychic|p1a: Slowking\n|-damage|p1a: Slowking|69\/100\n|\n|-damage|p2a: Tapu Lele|60\/100 brn|[from] brn\n|upkeep\n|turn|5\n|\n|t:|1648050766\n|switch|p2a: Teddy|Urshifu-Rapid-Strike, F|100\/100\n|move|p1a: Slowking|Flamethrower|p2a: Teddy\n|-resisted|p2a: Teddy\n|-damage|p2a: Teddy|78\/100\n|\n|-fieldend|move: Psychic Terrain\n|upkeep\n|turn|6\n|\n|t:|1648050775\n|switch|p1a: Tapu Lele|Tapu Lele, shiny|100\/100\n|-fieldstart|move: Psychic Terrain|[from] ability: Psychic Surge|[of] p1a: Tapu Lele\n|move|p2a: Teddy|Bulk Up|p2a: Teddy\n|-boost|p2a: Teddy|atk|1\n|-boost|p2a: Teddy|def|1\n|\n|upkeep\n|turn|7\n|\n|t:|1648050789\n|switch|p2a: Scizor|Scizor, F|100\/100\n|move|p1a: Tapu Lele|Moonblast|p2a: Scizor\n|-resisted|p2a: Scizor\n|-damage|p2a: Scizor|70\/100\n|\n|-heal|p2a: Scizor|76\/100|[from] item: Leftovers\n|upkeep\n|turn|8\n|\n|t:|1648050798\n|switch|p1a: Magnezone|Magnezone, shiny|63\/100\n|move|p2a: Scizor|Knock Off|p1a: Magnezone\n|-damage|p1a: Magnezone|41\/100\n|-enditem|p1a: Magnezone|Expert Belt|[from] move: Knock Off|[of] p2a: Scizor\n|\n|-heal|p2a: Scizor|82\/100|[from] item: Leftovers\n|upkeep\n|turn|9\n|\n|t:|1648050808\n|move|p1a: Magnezone|Thunderbolt|p2a: Scizor\n|-damage|p2a: Scizor|40\/100\n|move|p2a: Scizor|Swords Dance|p2a: Scizor\n|-boost|p2a: Scizor|atk|2\n|\n|-heal|p2a: Scizor|46\/100|[from] item: Leftovers\n|upkeep\n|turn|10\n|\n|t:|1648050817\n|move|p1a: Magnezone|Thunderbolt|p2a: Scizor\n|-damage|p2a: Scizor|8\/100\n|move|p2a: Scizor|Knock Off|p1a: Magnezone\n|-damage|p1a: Magnezone|13\/100\n|\n|-heal|p2a: Scizor|14\/100|[from] item: Leftovers\n|-fieldend|move: Psychic Terrain\n|upkeep\n|turn|11\n|\n|t:|1648050827\n|switch|p1a: Tapu Lele|Tapu Lele, shiny|100\/100\n|-fieldstart|move: Psychic Terrain|[from] ability: Psychic Surge|[of] p1a: Tapu Lele\n|move|p2a: Scizor|Bullet Punch|p1a: Tapu Lele\n|-activate|p1a: Tapu Lele|move: Psychic Terrain\n|\n|-heal|p2a: Scizor|20\/100|[from] item: Leftovers\n|upkeep\n|turn|12\n|\n|t:|1648050837\n|move|p1a: Tapu Lele|Moonblast|p2a: Scizor\n|-resisted|p2a: Scizor\n|-damage|p2a: Scizor|0 fnt\n|faint|p2a: Scizor\n|\n|upkeep\n|\n|t:|1648050842\n|switch|p2a: Smooky|Landorus-Therian, M|100\/100\n|-ability|p2a: Smooky|Intimidate|boost\n|-unboost|p1a: Tapu Lele|atk|1\n|turn|13\n|\n|t:|1648050847\n|switch|p1a: Magnezone|Magnezone, shiny|13\/100\n|move|p2a: Smooky|Earthquake|p1a: Magnezone\n|-supereffective|p1a: Magnezone\n|-damage|p1a: Magnezone|0 fnt\n|faint|p1a: Magnezone\n|\n|upkeep\n|\n|t:|1648050856\n|switch|p1a: Gastrodon|Gastrodon, M, shiny|81\/100\n|turn|14\n|\n|t:|1648050862\n|move|p2a: Smooky|Toxic|p1a: Gastrodon\n|-status|p1a: Gastrodon|tox\n|move|p1a: Gastrodon|Toxic|p2a: Smooky\n|-status|p2a: Smooky|tox\n|\n|-heal|p1a: Gastrodon|87\/100 tox|[from] item: Leftovers\n|-damage|p2a: Smooky|94\/100 tox|[from] psn\n|-damage|p1a: Gastrodon|81\/100 tox|[from] psn\n|upkeep\n|turn|15\n|\n|t:|1648050875\n|move|p2a: Smooky|Stealth Rock|p1a: Gastrodon\n|-sidestart|p1: Pks No Shucks|move: Stealth Rock\n|move|p1a: Gastrodon|Ice Beam|p2a: Smooky\n|-supereffective|p2a: Smooky\n|-damage|p2a: Smooky|28\/100 tox\n|\n|-heal|p2a: Smooky|34\/100 tox|[from] item: Leftovers\n|-heal|p1a: Gastrodon|87\/100 tox|[from] item: Leftovers\n|-damage|p2a: Smooky|22\/100 tox|[from] psn\n|-damage|p1a: Gastrodon|75\/100 tox|[from] psn\n|-fieldend|move: Psychic Terrain\n|upkeep\n|turn|16\n|\n|t:|1648050887\n|move|p2a: Smooky|Earthquake|p1a: Gastrodon\n|-damage|p1a: Gastrodon|41\/100 tox\n|move|p1a: Gastrodon|Scald|p2a: Smooky\n|-supereffective|p2a: Smooky\n|-damage|p2a: Smooky|0 fnt\n|faint|p2a: Smooky\n|\n|-heal|p1a: Gastrodon|47\/100 tox|[from] item: Leftovers\n|-damage|p1a: Gastrodon|29\/100 tox|[from] psn\n|upkeep\n|\n|t:|1648050904\n|switch|p2a: Pute|Dragapult, F|100\/100\n|turn|17\n|\n|t:|1648050908\n|move|p2a: Pute|Hex|p1a: Gastrodon\n|-damage|p1a: Gastrodon|0 fnt\n|faint|p1a: Gastrodon\n|\n|upkeep\n|\n|t:|1648050918\n|switch|p1a: Kartana|Kartana, shiny|100\/100\n|-damage|p1a: Kartana|94\/100|[from] Stealth Rock\n|turn|18\n|inactive|Battle timer is ON: inactive players will automatically lose when time's up. (requested by Pks No Shucks)\n|\n|t:|1648050951\n|switch|p1a: Dragapult|Dragapult, M, shiny|100\/100\n|-damage|p1a: Dragapult|88\/100|[from] Stealth Rock\n|switch|p2a: Piaf|Zapdos|100\/100\n|\n|-heal|p1a: Dragapult|94\/100|[from] item: Leftovers\n|upkeep\n|turn|19\n|\n|t:|1648050964\n|move|p1a: Dragapult|Dragon Dance|p1a: Dragapult\n|-boost|p1a: Dragapult|atk|1\n|-boost|p1a: Dragapult|spe|1\n|move|p2a: Piaf|Discharge|p1a: Dragapult\n|-resisted|p1a: Dragapult\n|-damage|p1a: Dragapult|72\/100\n|\n|-heal|p1a: Dragapult|78\/100|[from] item: Leftovers\n|upkeep\n|turn|20\n|\n|t:|1648050973\n|move|p1a: Dragapult|Dragon Dance|p1a: Dragapult\n|-boost|p1a: Dragapult|atk|1\n|-boost|p1a: Dragapult|spe|1\n|move|p2a: Piaf|Discharge|p1a: Dragapult\n|-resisted|p1a: Dragapult\n|-damage|p1a: Dragapult|57\/100\n|\n|-heal|p1a: Dragapult|63\/100|[from] item: Leftovers\n|upkeep\n|turn|21\n|\n|t:|1648050983\n|move|p1a: Dragapult|Dragon Darts|p2a: Piaf\n|-damage|p2a: Piaf|53\/100\n|-anim|p1a: Dragapult|Dragon Darts|p2a: Piaf\n|-damage|p2a: Piaf|9\/100\n|move|p2a: Piaf|Discharge|p1a: Dragapult\n|-resisted|p1a: Dragapult\n|-damage|p1a: Dragapult|40\/100\n|\n|-heal|p1a: Dragapult|46\/100|[from] item: Leftovers\n|upkeep\n|turn|22\n|\n|t:|1648050994\n|switch|p2a: Tapu Lele|Tapu Lele|60\/100 brn\n|-fieldstart|move: Psychic Terrain|[from] ability: Psychic Surge|[of] p2a: Tapu Lele\n|move|p1a: Dragapult|Dragon Darts|p2a: Tapu Lele\n|-immune|p2a: Tapu Lele\n|\n|-heal|p1a: Dragapult|52\/100|[from] item: Leftovers\n|-damage|p2a: Tapu Lele|54\/100 brn|[from] brn\n|upkeep\n|turn|23\n|\n|t:|1648051005\n|move|p1a: Dragapult|Phantom Force||[still]\n|-prepare|p1a: Dragapult|Phantom Force\n|move|p2a: Tapu Lele|Psychic|p1a: Dragapult|[miss]\n|-miss|p2a: Tapu Lele|p1a: Dragapult\n|\n|-heal|p1a: Dragapult|58\/100|[from] item: Leftovers\n|-damage|p2a: Tapu Lele|48\/100 brn|[from] brn\n|upkeep\n|turn|24\n|\n|t:|1648051013\n|switch|p2a: Piaf|Zapdos|9\/100\n|move|p1a: Dragapult|Phantom Force|p2a: Piaf|[from]lockedmove\n|-damage|p2a: Piaf|0 fnt\n|faint|p2a: Piaf\n|\n|-heal|p1a: Dragapult|64\/100|[from] item: Leftovers\n|upkeep\n|\n|t:|1648051028\n|switch|p2a: Pute|Dragapult, F|100\/100\n|turn|25\n|c|\u2606Pks No Shucks|Good effort\n|\n|t:|1648051035\n|move|p1a: Dragapult|Dragon Darts|p2a: Pute\n|-supereffective|p2a: Pute\n|-damage|p2a: Pute|0 fnt\n|faint|p2a: Pute\n|\n|-heal|p1a: Dragapult|70\/100|[from] item: Leftovers\n|upkeep\n|c|\u2606BRIFYE|^^ gg\n|-message|BRIFYE forfeited.\n|\n|win|Pks No Shucks\n|raw|Pks No Shucks's rating: 1498 &rarr; <strong>1521<\/strong><br \/>(+23 for winning)\n|raw|BRIFYE's rating: 1551 &rarr; <strong>1528<\/strong><br \/>(-23 for losing)\n|l|\u2606BRIFYE\n|c|\u2606Pks No Shucks|Gg\n||Ladder isn't responding, score probably updated but might not have (Request timeout).\n","uploadtime":1648051056,"views":21,"p1id":"pksnoshucks","p2id":"brifye","formatid":"gen8ou","rating":1521,"private":0,"password":null}