{"id":"gen8ou-1658690815","p1":"Misterioussaint","p2":"galarian dragapult","format":"gen8ou","log":"|j|\u2606Misterioussaint\n|j|\u2606galarian dragapult\n|t:|1662588612\n|gametype|singles\n|player|p1|Misterioussaint|shadowtriad|1733\n|player|p2|galarian dragapult|zinzolin|1839\n|teamsize|p1|6\n|teamsize|p2|6\n|gen|8\n|tier|[Gen 8] OU\n|rated|\n|rule|Sleep Clause Mod: Limit one foe put to sleep\n|rule|Species Clause: Limit one of each Pok\u00e9mon\n|rule|OHKO Clause: OHKO moves are banned\n|rule|Evasion Items Clause: Evasion items are banned\n|rule|Evasion Moves Clause: Evasion moves are banned\n|rule|Endless Battle Clause: Forcing endless battles is banned\n|rule|HP Percentage Mod: HP is shown in percentages\n|rule|Dynamax Clause: You cannot dynamax\n|clearpoke\n|poke|p1|Slowking, M|\n|poke|p1|Bisharp, F|\n|poke|p1|Tornadus-Therian, M|\n|poke|p1|Melmetal|\n|poke|p1|Garchomp, F|\n|poke|p1|Rillaboom, F|\n|poke|p2|Buzzwole|\n|poke|p2|Toxapex, F|\n|poke|p2|Aegislash, F|\n|poke|p2|Hippowdon, F|\n|poke|p2|Tornadus-Therian, M|\n|poke|p2|Tapu Lele|\n|teampreview\n|j| PULT4V4 YsK\n|j| Ahsan-219\n|\n|t:|1662588643\n|start\n|switch|p1a: Slowking|Slowking, M|100\/100\n|switch|p2a: Tornadus|Tornadus-Therian, M|100\/100\n|turn|1\n|inactive|Battle timer is ON: inactive players will automatically lose when time's up. (requested by Misterioussaint)\n|\n|t:|1662588663\n|move|p2a: Tornadus|U-turn|p1a: Slowking\n|-supereffective|p1a: Slowking\n|-damage|p1a: Slowking|81\/100\n|\n|t:|1662588664\n|switch|p2a: Aegislash|Aegislash, F|100\/100|[from]move: U-turn\n|move|p1a: Slowking|Future Sight|p2a: Aegislash\n|-start|p1a: Slowking|move: Future Sight\n|\n|upkeep\n|turn|2\n|\n|t:|1662588673\n|switch|p1a: Bisharp|Bisharp, F|100\/100\n|move|p2a: Aegislash|Substitute|p2a: Aegislash\n|-start|p2a: Aegislash|Substitute\n|-damage|p2a: Aegislash|76\/100\n|\n|-heal|p2a: Aegislash|82\/100|[from] item: Leftovers\n|upkeep\n|turn|3\n|\n|t:|1662588676\n|move|p1a: Bisharp|Beat Up|p2a: Aegislash\n|-supereffective|p2a: Aegislash\n|-activate|p2a: Aegislash|move: Substitute|[damage]\n|-supereffective|p2a: Aegislash\n|-end|p2a: Aegislash|Substitute\n|-supereffective|p2a: Aegislash\n|-damage|p2a: Aegislash|61\/100\n|-supereffective|p2a: Aegislash\n|-damage|p2a: Aegislash|39\/100\n|-supereffective|p2a: Aegislash\n|-damage|p2a: Aegislash|14\/100\n|-supereffective|p2a: Aegislash\n|-crit|p2a: Aegislash\n|-damage|p2a: Aegislash|0 fnt\n|faint|p2a: Aegislash\n|-hitcount|p2: Aegislash|6\n|\n|-hint|Future Sight did not hit because the target is fainted.\n|upkeep\n|\n|t:|1662588681\n|switch|p2a: Tapu Lele|Tapu Lele, shiny|100\/100\n|-fieldstart|move: Psychic Terrain|[from] ability: Psychic Surge|[of] p2a: Tapu Lele\n|turn|4\n|\n|t:|1662588709\n|switch|p1a: Slowking|Slowking, M|100\/100\n|move|p2a: Tapu Lele|Moonblast|p1a: Slowking\n|-damage|p1a: Slowking|42\/100\n|\n|upkeep\n|turn|5\n|j| Wehrak\n|\n|t:|1662588717\n|switch|p1a: Melmetal|Melmetal|100\/100\n|move|p2a: Tapu Lele|Moonblast|p1a: Melmetal\n|-resisted|p1a: Melmetal\n|-damage|p1a: Melmetal|61\/100\n|-unboost|p1a: Melmetal|spa|1\n|\n|-heal|p1a: Melmetal|67\/100|[from] item: Leftovers\n|upkeep\n|turn|6\n|\n|t:|1662588731\n|switch|p2a: Toxapex|Toxapex, F, shiny|100\/100\n|switch|p1a: Slowking|Slowking, M|75\/100\n|\n|upkeep\n|turn|7\n|-message|galarian dragapult forfeited.\n|\n|win|Misterioussaint\n|raw|Misterioussaint's rating: 1733 &rarr; <strong>1759<\/strong><br \/>(+26 for winning)\n|raw|galarian dragapult's rating: 1839 &rarr; <strong>1813<\/strong><br \/>(-26 for losing)\n|l|\u2606galarian dragapult\n","uploadtime":1662588748,"views":44,"p1id":"misterioussaint","p2id":"galariandragapult","formatid":"gen8ou","rating":1759,"private":0,"password":null}