{"id":"gen8nationaldexmonotype-1582475916","p1":"Alu9204","p2":"Tico20","format":"gen8nationaldexmonotype","log":"|j|\u2606Alu9204\n|j|\u2606Tico20\n|t:|1653487172\n|gametype|singles\n|player|p1|Alu9204|burglar|1473\n|player|p2|Tico20|acetrainer-gen4|1510\n|teamsize|p1|6\n|teamsize|p2|6\n|gen|8\n|tier|[Gen 8] National Dex Monotype\n|rated|\n|rule|HP Percentage Mod: HP is shown in percentages\n|rule|Endless Battle Clause: Forcing endless battles is banned\n|rule|Same Type Clause: Pok\u00e9mon in a team must share a type\n|rule|Species Clause: Limit one of each Pok\u00e9mon\n|rule|OHKO Clause: OHKO moves are banned\n|rule|Evasion Moves Clause: Evasion moves are banned\n|rule|Dynamax Clause: You cannot dynamax\n|rule|Sleep Clause Mod: Limit one foe put to sleep\n|clearpoke\n|poke|p1|Infernape, M|\n|poke|p1|Terrakion|\n|poke|p1|Kommo-o, F|\n|poke|p1|Urshifu-*, M|\n|poke|p1|Breloom, F|\n|poke|p1|Gallade, M|\n|poke|p2|Shuckle, F|\n|poke|p2|Tyranitar, M|\n|poke|p2|Omastar, F|\n|poke|p2|Diancie|\n|poke|p2|Rhyperior, F|\n|poke|p2|Terrakion|\n|teampreview\n|inactive|Battle timer is ON: inactive players will automatically lose when time's up. (requested by Alu9204)\n|\n|t:|1653487187\n|start\n|switch|p1a: Breloom|Breloom, F|100\/100\n|switch|p2a: Diancie|Diancie|100\/100\n|turn|1\n|\n|t:|1653487196\n|detailschange|p2a: Diancie|Diancie-Mega\n|-mega|p2a: Diancie|Diancie|Diancite\n|move|p2a: Diancie|Moonblast|p1a: Breloom\n|-supereffective|p1a: Breloom\n|-enditem|p1a: Breloom|Focus Sash\n|-damage|p1a: Breloom|1\/100\n|move|p1a: Breloom|Bullet Seed|p2a: Diancie\n|-supereffective|p2a: Diancie\n|-damage|p2a: Diancie|46\/100\n|-supereffective|p2a: Diancie\n|-damage|p2a: Diancie|0 fnt\n|faint|p2a: Diancie\n|-hitcount|p2: Diancie|2\n|\n|upkeep\n|\n|t:|1653487214\n|switch|p2a: Terrakion|Terrakion|100\/100\n|turn|2\n|\n|t:|1653487223\n|move|p1a: Breloom|Mach Punch|p2a: Terrakion\n|-supereffective|p2a: Terrakion\n|-damage|p2a: Terrakion|21\/100\n|move|p2a: Terrakion|Close Combat|p1a: Breloom\n|-damage|p1a: Breloom|0 fnt\n|-unboost|p2a: Terrakion|def|1\n|-unboost|p2a: Terrakion|spd|1\n|faint|p1a: Breloom\n|\n|upkeep\n|\n|t:|1653487234\n|switch|p1a: Urshifu|Urshifu-Rapid-Strike, M|100\/100\n|turn|3\n|\n|t:|1653487249\n|switch|p2a: Shuckle|Shuckle, F|100\/100\n|move|p1a: Urshifu|Close Combat|p2a: Shuckle\n|-damage|p2a: Shuckle|44\/100\n|-unboost|p1a: Urshifu|def|1\n|-unboost|p1a: Urshifu|spd|1\n|\n|upkeep\n|turn|4\n|\n|t:|1653487262\n|move|p1a: Urshifu|Close Combat|p2a: Shuckle\n|-damage|p2a: Shuckle|0 fnt\n|-unboost|p1a: Urshifu|def|1\n|-unboost|p1a: Urshifu|spd|1\n|faint|p2a: Shuckle\n|\n|upkeep\n|\n|t:|1653487270\n|switch|p2a: Terrakion|Terrakion|21\/100\n|turn|5\n|\n|t:|1653487286\n|switch|p1a: Infernape|Infernape, M|100\/100\n|move|p2a: Terrakion|Close Combat|p1a: Infernape\n|-damage|p1a: Infernape|9\/100\n|-unboost|p2a: Terrakion|def|1\n|-unboost|p2a: Terrakion|spd|1\n|\n|upkeep\n|turn|6\n|\n|t:|1653487300\n|switch|p2a: Omastar|Omastar, F|100\/100\n|-item|p2a: Omastar|Air Balloon\n|move|p1a: Infernape|Stealth Rock|p2a: Omastar\n|-sidestart|p2: Tico20|move: Stealth Rock\n|\n|upkeep\n|turn|7\n|\n|t:|1653487319\n|move|p1a: Infernape|Taunt|p2a: Omastar\n|-start|p2a: Omastar|move: Taunt\n|move|p2a: Omastar|Ice Beam|p1a: Infernape\n|-resisted|p1a: Infernape\n|-damage|p1a: Infernape|0 fnt\n|faint|p1a: Infernape\n|\n|upkeep\n|\n|t:|1653487333\n|switch|p1a: Urshifu|Urshifu-Rapid-Strike, M|100\/100\n|turn|8\n|\n|t:|1653487338\n|move|p1a: Urshifu|Close Combat|p2a: Omastar\n|-supereffective|p2a: Omastar\n|-damage|p2a: Omastar|0 fnt\n|-unboost|p1a: Urshifu|def|1\n|-unboost|p1a: Urshifu|spd|1\n|-enditem|p2a: Omastar|Air Balloon\n|faint|p2a: Omastar\n|\n|upkeep\n|\n|t:|1653487346\n|switch|p2a: Terrakion|Terrakion|21\/100\n|-damage|p2a: Terrakion|14\/100|[from] Stealth Rock\n|turn|9\n|\n|t:|1653487358\n|switch|p1a: Terrakion|Terrakion|100\/100\n|move|p2a: Terrakion|Earthquake|p1a: Terrakion\n|-supereffective|p1a: Terrakion\n|-damage|p1a: Terrakion|21\/100\n|\n|upkeep\n|turn|10\n|\n|t:|1653487365\n|move|p1a: Terrakion|Earthquake|p2a: Terrakion\n|-supereffective|p2a: Terrakion\n|-damage|p2a: Terrakion|0 fnt\n|faint|p2a: Terrakion\n|\n|upkeep\n|\n|t:|1653487372\n|switch|p2a: Rhyperior|Rhyperior, F|100\/100\n|-damage|p2a: Rhyperior|94\/100|[from] Stealth Rock\n|turn|11\n|\n|t:|1653487381\n|move|p1a: Terrakion|Earthquake|p2a: Rhyperior\n|-supereffective|p2a: Rhyperior\n|-damage|p2a: Rhyperior|69\/100\n|-enditem|p2a: Rhyperior|Weakness Policy\n|-boost|p2a: Rhyperior|atk|2|[from] item: Weakness Policy\n|-boost|p2a: Rhyperior|spa|2|[from] item: Weakness Policy\n|move|p2a: Rhyperior|Earthquake|p1a: Terrakion\n|-supereffective|p1a: Terrakion\n|-damage|p1a: Terrakion|0 fnt\n|faint|p1a: Terrakion\n|\n|upkeep\n|\n|t:|1653487388\n|switch|p1a: Urshifu|Urshifu-Rapid-Strike, M|100\/100\n|turn|12\n|\n|t:|1653487395\n|move|p1a: Urshifu|Surging Strikes|p2a: Rhyperior\n|-supereffective|p2a: Rhyperior\n|-crit|p2a: Rhyperior\n|-damage|p2a: Rhyperior|29\/100\n|-supereffective|p2a: Rhyperior\n|-crit|p2a: Rhyperior\n|-damage|p2a: Rhyperior|0 fnt\n|faint|p2a: Rhyperior\n|-hitcount|p2: Rhyperior|2\n|\n|upkeep\n|c|\u2606Tico20|Gg\n|\n|t:|1653487406\n|switch|p2a: Tyranitar|Tyranitar, M|100\/100\n|-damage|p2a: Tyranitar|88\/100|[from] Stealth Rock\n|-weather|Sandstorm|[from] ability: Sand Stream|[of] p2a: Tyranitar\n|turn|13\n|\n|t:|1653487420\n|move|p1a: Urshifu|Surging Strikes|p2a: Tyranitar\n|-supereffective|p2a: Tyranitar\n|-crit|p2a: Tyranitar\n|-damage|p2a: Tyranitar|41\/100\n|-supereffective|p2a: Tyranitar\n|-crit|p2a: Tyranitar\n|-damage|p2a: Tyranitar|0 fnt\n|faint|p2a: Tyranitar\n|-hitcount|p2: Tyranitar|2\n|\n|win|Alu9204\n|raw|Alu9204's rating: 1473 &rarr; <strong>1495<\/strong><br \/>(+22 for winning)\n|raw|Tico20's rating: 1510 &rarr; <strong>1488<\/strong><br \/>(-22 for losing)\n|l|\u2606Tico20\n||Ladder isn't responding, score probably updated but might not have (Request timeout).\n|l|\u2606Alu9204\n","uploadtime":1653487680,"views":3,"p1id":"alu9204","p2id":"tico20","formatid":"gen8nationaldexmonotype","rating":1488,"private":0,"password":null}