{"id":"gen8balancedhackmons-1663745984","p1":"JierList","p2":"Redflix","format":"gen8balancedhackmons","log":"|j|\u2606JierList\n|j|\u2606Redflix\n|t:|1663122193\n|gametype|singles\n|player|p1|JierList|shadowtriad|1374\n|player|p2|Redflix|erika|1683\n|teamsize|p1|6\n|teamsize|p2|6\n|gen|8\n|tier|[Gen 8] Balanced Hackmons\n|rated|\n|rule|OHKO Clause: OHKO moves are banned\n|rule|Evasion Moves Clause: Evasion moves are banned\n|rule|Forme Clause: Limit one of each forme of a Pok\u00e9mon\n|rule|HP Percentage Mod: HP is shown in percentages\n|rule|Dynamax Clause: You cannot dynamax\n|rule|Sleep Clause: Sleep-inducing moves are banned\n|rule|Endless Battle Clause: Forcing endless battles is banned\n|clearpoke\n|poke|p1|Regigigas|\n|poke|p1|Zamazenta-Crowned|\n|poke|p1|Giratina|\n|poke|p1|Xerneas-*|\n|poke|p1|Eternatus|\n|poke|p1|Chansey, F|\n|poke|p2|Lunala|\n|poke|p2|Xerneas-*|\n|poke|p2|Regigigas|\n|poke|p2|Type: Null|\n|poke|p2|Groudon|\n|poke|p2|Zamazenta-Crowned|\n|teampreview\n|inactive|Battle timer is ON: inactive players will automatically lose when time's up. (requested by JierList)\n|inactive|Redflix has 120 seconds left.\n|inactive|JierList has 120 seconds left.\n|inactive|Redflix has 90 seconds left.\n|\n|t:|1663122257\n|start\n|switch|p1a: Zamatic Doggo|Zamazenta-Crowned, shiny|100\/100\n|switch|p2a: Type: Null|Type: Null|100\/100\n|turn|1\n|\n|t:|1663122272\n|switch|p2a: Lunala|Lunala|100\/100\n|move|p1a: Zamatic Doggo|Anchor Shot|p2a: Lunala\n|-crit|p2a: Lunala\n|-damage|p2a: Lunala|84\/100\n|-damage|p1a: Zamatic Doggo|84\/100|[from] item: Rocky Helmet|[of] p2a: Lunala\n|\n|-heal|p1a: Zamatic Doggo|90\/100|[from] item: Leftovers\n|upkeep\n|turn|2\n|\n|t:|1663122276\n|move|p1a: Zamatic Doggo|Nuzzle|p2a: Lunala\n|-crit|p2a: Lunala\n|-damage|p2a: Lunala|81\/100\n|-status|p2a: Lunala|par\n|-damage|p1a: Zamatic Doggo|74\/100|[from] item: Rocky Helmet|[of] p2a: Lunala\n|cant|p2a: Lunala|par\n|\n|-heal|p1a: Zamatic Doggo|80\/100|[from] item: Leftovers\n|upkeep\n|turn|3\n|\n|t:|1663122284\n|move|p1a: Zamatic Doggo|Recover|p1a: Zamatic Doggo\n|-heal|p1a: Zamatic Doggo|100\/100\n|move|p2a: Lunala|Nuzzle|p1a: Zamatic Doggo\n|-damage|p1a: Zamatic Doggo|98\/100\n|-status|p1a: Zamatic Doggo|par\n|\n|-heal|p1a: Zamatic Doggo|100\/100 par|[from] item: Leftovers\n|upkeep\n|turn|4\n|\n|t:|1663122290\n|move|p1a: Zamatic Doggo|Anchor Shot|p2a: Lunala\n|-damage|p2a: Lunala|68\/100 par\n|-damage|p1a: Zamatic Doggo|84\/100 par|[from] item: Rocky Helmet|[of] p2a: Lunala\n|move|p2a: Lunala|Roost|p2a: Lunala\n|-heal|p2a: Lunala|100\/100 par\n|-singleturn|p2a: Lunala|move: Roost\n|\n|-heal|p1a: Zamatic Doggo|90\/100 par|[from] item: Leftovers\n|upkeep\n|turn|5\n|\n|t:|1663122315\n|switch|p1a: EntertinityWar|Eternatus, shiny|100\/100\n|cant|p2a: Lunala|par\n|\n|-status|p1a: EntertinityWar|brn|[from] item: Flame Orb\n|upkeep\n|turn|6\n|\n|t:|1663122322\n|switch|p2a: Type: Null|Type: Null|100\/100\n|move|p1a: EntertinityWar|Nasty Plot|p1a: EntertinityWar\n|-boost|p1a: EntertinityWar|spa|2\n|\n|-damage|p1a: EntertinityWar|94\/100 brn|[from] brn\n|upkeep\n|turn|7\n|\n|t:|1663122331\n|move|p1a: EntertinityWar|Core Enforcer|p2a: Type: Null\n|-crit|p2a: Type: Null\n|-damage|p2a: Type: Null|43\/100\n|move|p2a: Type: Null|Spectral Thief||[still]\n|-clearpositiveboost|p1a: EntertinityWar|p2a: Type: Null|move: Spectral Thief\n|-boost|p2a: Type: Null|spa|2\n|-anim|p2a: Type: Null|Spectral Thief|p1a: EntertinityWar\n|-damage|p1a: EntertinityWar|79\/100 brn\n|\n|-damage|p1a: EntertinityWar|73\/100 brn|[from] brn\n|upkeep\n|turn|8\n|\n|t:|1663122343\n|move|p1a: EntertinityWar|Nasty Plot|p1a: EntertinityWar\n|-boost|p1a: EntertinityWar|spa|2\n|move|p2a: Type: Null|Slack Off|p2a: Type: Null\n|-heal|p2a: Type: Null|93\/100\n|\n|-damage|p1a: EntertinityWar|67\/100 brn|[from] brn\n|upkeep\n|turn|9\n|\n|t:|1663122356\n|move|p1a: EntertinityWar|Earth Power|p2a: Type: Null\n|-damage|p2a: Type: Null|72\/100\n|move|p2a: Type: Null|Spectral Thief||[still]\n|-clearpositiveboost|p1a: EntertinityWar|p2a: Type: Null|move: Spectral Thief\n|-boost|p2a: Type: Null|spa|2\n|-anim|p2a: Type: Null|Spectral Thief|p1a: EntertinityWar\n|-damage|p1a: EntertinityWar|52\/100 brn\n|\n|-damage|p1a: EntertinityWar|46\/100 brn|[from] brn\n|upkeep\n|turn|10\n|\n|t:|1663122361\n|move|p1a: EntertinityWar|Recover|p1a: EntertinityWar\n|-heal|p1a: EntertinityWar|96\/100 brn\n|move|p2a: Type: Null|Flip Turn|p1a: EntertinityWar\n|-resisted|p1a: EntertinityWar\n|-damage|p1a: EntertinityWar|92\/100 brn\n|\n|t:|1663122364\n|switch|p2a: Regigigas|Regigigas|100\/100|[from]move: Flip Turn\n|\n|-damage|p1a: EntertinityWar|85\/100 brn|[from] brn\n|-status|p2a: Regigigas|tox|[from] item: Toxic Orb\n|upkeep\n|turn|11\n|\n|t:|1663122368\n|move|p1a: EntertinityWar|Nasty Plot|p1a: EntertinityWar\n|-boost|p1a: EntertinityWar|spa|2\n|move|p2a: Regigigas|Dragon Dance|p2a: Regigigas\n|-boost|p2a: Regigigas|atk|1\n|-boost|p2a: Regigigas|spe|1\n|\n|-damage|p1a: EntertinityWar|79\/100 brn|[from] brn\n|upkeep\n|turn|12\n|\n|t:|1663122370\n|move|p2a: Regigigas|Precipice Blades|p1a: EntertinityWar\n|-supereffective|p1a: EntertinityWar\n|-damage|p1a: EntertinityWar|0 fnt\n|faint|p1a: EntertinityWar\n|\n|upkeep\n|\n|t:|1663122379\n|switch|p1a: Robotic Guy|Regigigas|100\/100\n|turn|13\n|\n|t:|1663122382\n|move|p2a: Regigigas|Facade|p1a: Robotic Guy\n|-damage|p1a: Robotic Guy|17\/100\n|move|p1a: Robotic Guy|Dragon Dance|p1a: Robotic Guy\n|-boost|p1a: Robotic Guy|atk|1\n|-boost|p1a: Robotic Guy|spe|1\n|\n|-status|p1a: Robotic Guy|tox|[from] item: Toxic Orb\n|upkeep\n|turn|14\n|\n|t:|1663122387\n|move|p2a: Regigigas|Facade|p1a: Robotic Guy\n|-damage|p1a: Robotic Guy|0 fnt\n|faint|p1a: Robotic Guy\n|\n|upkeep\n|\n|t:|1663122398\n|switch|p1a: Geotic Pokemon|Xerneas|100\/100\n|turn|15\n|\n|t:|1663122404\n|switch|p2a: Zamazenta|Zamazenta-Crowned|100\/100\n|move|p1a: Geotic Pokemon|Fake Out|p2a: Zamazenta\n|-damage|p2a: Zamazenta|87\/100\n|\n|-heal|p2a: Zamazenta|94\/100|[from] item: Leftovers\n|upkeep\n|turn|16\n|\n|t:|1663122411\n|move|p2a: Zamazenta|Anchor Shot|p1a: Geotic Pokemon\n|-supereffective|p1a: Geotic Pokemon\n|-damage|p1a: Geotic Pokemon|50\/100\n|-activate|p1a: Geotic Pokemon|trapped\n|move|p1a: Geotic Pokemon|Rapid Spin|p2a: Zamazenta\n|-damage|p2a: Zamazenta|77\/100\n|-boost|p1a: Geotic Pokemon|spe|1\n|\n|-heal|p2a: Zamazenta|83\/100|[from] item: Leftovers\n|upkeep\n|turn|17\n|\n|t:|1663122417\n|move|p1a: Geotic Pokemon|Boomburst|p2a: Zamazenta\n|-damage|p2a: Zamazenta|28\/100\n|move|p2a: Zamazenta|Anchor Shot|p1a: Geotic Pokemon\n|-supereffective|p1a: Geotic Pokemon\n|-damage|p1a: Geotic Pokemon|1\/100\n|\n|-heal|p2a: Zamazenta|34\/100|[from] item: Leftovers\n|upkeep\n|turn|18\n|\n|t:|1663122424\n|move|p1a: Geotic Pokemon|Boomburst|p2a: Zamazenta\n|-damage|p2a: Zamazenta|0 fnt\n|faint|p2a: Zamazenta\n|\n|upkeep\n|\n|t:|1663122428\n|switch|p2a: Type: Null|Type: Null|72\/100\n|turn|19\n|\n|t:|1663122434\n|move|p1a: Geotic Pokemon|Boomburst|p2a: Type: Null\n|-damage|p2a: Type: Null|51\/100\n|move|p2a: Type: Null|Slack Off|p2a: Type: Null\n|-heal|p2a: Type: Null|100\/100\n|\n|upkeep\n|turn|20\n|\n|t:|1663122438\n|move|p1a: Geotic Pokemon|Boomburst|p2a: Type: Null\n|-damage|p2a: Type: Null|81\/100\n|move|p2a: Type: Null|Spectral Thief||[still]\n|-clearpositiveboost|p1a: Geotic Pokemon|p2a: Type: Null|move: Spectral Thief\n|-boost|p2a: Type: Null|spe|1\n|-anim|p2a: Type: Null|Spectral Thief|p1a: Geotic Pokemon\n|-damage|p1a: Geotic Pokemon|0 fnt\n|faint|p1a: Geotic Pokemon\n|\n|upkeep\n|\n|t:|1663122453\n|switch|p1a: Zamatic Doggo|Zamazenta-Crowned, shiny|90\/100 par\n|turn|21\n|\n|t:|1663122457\n|switch|p2a: Lunala|Lunala|100\/100 par\n|cant|p1a: Zamatic Doggo|par\n|\n|-heal|p1a: Zamatic Doggo|96\/100 par|[from] item: Leftovers\n|upkeep\n|turn|22\n|\n|t:|1663122462\n|switch|p1a: Darkest Day|Giratina, shiny|100\/100\n|cant|p2a: Lunala|par\n|\n|upkeep\n|turn|23\n|\n|t:|1663122468\n|move|p1a: Darkest Day|Spectral Thief|p2a: Lunala\n|-supereffective|p2a: Lunala\n|-damage|p2a: Lunala|58\/100 par\n|-damage|p1a: Darkest Day|84\/100|[from] item: Rocky Helmet|[of] p2a: Lunala\n|move|p2a: Lunala|Nuzzle|p1a: Darkest Day\n|-resisted|p1a: Darkest Day\n|-damage|p1a: Darkest Day|83\/100\n|-status|p1a: Darkest Day|par\n|\n|upkeep\n|turn|24\n|\n|t:|1663122478\n|move|p2a: Lunala|Roost|p2a: Lunala\n|-heal|p2a: Lunala|100\/100 par\n|-singleturn|p2a: Lunala|move: Roost\n|move|p1a: Darkest Day|Core Enforcer|p2a: Lunala\n|-damage|p2a: Lunala|73\/100 par\n|-endability|p2a: Lunala\n|\n|upkeep\n|turn|25\n|\n|t:|1663122489\n|switch|p2a: Regigigas|Regigigas|100\/100 tox\n|move|p1a: Darkest Day|Spectral Thief|p2a: Regigigas\n|-immune|p2a: Regigigas\n|\n|upkeep\n|turn|26\n|\n|t:|1663122492\n|switch|p2a: Xerneas|Xerneas|100\/100\n|cant|p1a: Darkest Day|par\n|\n|upkeep\n|turn|27\n|\n|t:|1663122496\n|switch|p1a: Zamatic Doggo|Zamazenta-Crowned, shiny|96\/100 par\n|move|p2a: Xerneas|Boomburst|p1a: Zamatic Doggo\n|-damage|p1a: Zamatic Doggo|43\/100 par\n|\n|-heal|p1a: Zamatic Doggo|49\/100 par|[from] item: Leftovers\n|upkeep\n|turn|28\n|\n|t:|1663122499\n|move|p2a: Xerneas|Boomburst|p1a: Zamatic Doggo\n|-damage|p1a: Zamatic Doggo|0 fnt\n|faint|p1a: Zamatic Doggo\n|\n|upkeep\n|\n|t:|1663122502\n|switch|p1a: Chansey|Chansey, F, shiny|100\/100\n|-transform|p1a: Chansey|p2a: Xerneas|[from] ability: Imposter\n|turn|29\n|\n|t:|1663122508\n|switch|p2a: Type: Null|Type: Null|81\/100\n|move|p1a: Chansey|Volt Switch|p2a: Type: Null\n|-damage|p2a: Type: Null|75\/100\n|\n|t:|1663122511\n|switch|p1a: Darkest Day|Giratina, shiny|83\/100 par|[from]move: Volt Switch\n|\n|upkeep\n|turn|30\n|j| tzpru\n|\n|t:|1663122519\n|switch|p2a: Groudon|Groudon|100\/100\n|-ability|p2a: Groudon|Teravolt\n|move|p1a: Darkest Day|Core Enforcer|p2a: Groudon\n|-damage|p2a: Groudon|60\/100\n|\n|upkeep\n|turn|31\n|\n|t:|1663122523\n|move|p2a: Groudon|Glacial Lance|p1a: Darkest Day\n|-supereffective|p1a: Darkest Day\n|-damage|p1a: Darkest Day|10\/100 par\n|cant|p1a: Darkest Day|par\n|\n|upkeep\n|turn|32\n|\n|t:|1663122531\n|move|p2a: Groudon|Glacial Lance|p1a: Darkest Day\n|-supereffective|p1a: Darkest Day\n|-damage|p1a: Darkest Day|0 fnt\n|faint|p1a: Darkest Day\n|\n|upkeep\n|\n|t:|1663122532\n|switch|p1a: Chansey|Chansey, F, shiny|100\/100\n|-transform|p1a: Chansey|p2a: Groudon|[from] ability: Imposter\n|-ability|p1a: Chansey|Teravolt\n|turn|33\n|\n|t:|1663122546\n|move|p1a: Chansey|Glacial Lance|p2a: Groudon\n|-supereffective|p2a: Groudon\n|-damage|p2a: Groudon|4\/100\n|move|p2a: Groudon|Glacial Lance|p1a: Chansey\n|-supereffective|p1a: Chansey\n|-damage|p1a: Chansey|52\/100\n|\n|upkeep\n|turn|34\n|\n|t:|1663122552\n|move|p1a: Chansey|Glacial Lance|p2a: Groudon\n|-supereffective|p2a: Groudon\n|-damage|p2a: Groudon|0 fnt\n|faint|p2a: Groudon\n|\n|upkeep\n|\n|t:|1663122554\n|switch|p2a: Xerneas|Xerneas|100\/100\n|turn|35\n|\n|t:|1663122556\n|move|p1a: Chansey|Glacial Lance|p2a: Xerneas\n|-damage|p2a: Xerneas|69\/100\n|move|p2a: Xerneas|Boomburst|p1a: Chansey\n|-damage|p1a: Chansey|11\/100\n|\n|upkeep\n|turn|36\n|\n|t:|1663122565\n|move|p1a: Chansey|Glacial Lance|p2a: Xerneas\n|-damage|p2a: Xerneas|37\/100\n|move|p2a: Xerneas|Strength Sap|p1a: Chansey\n|-unboost|p1a: Chansey|atk|1\n|-heal|p2a: Xerneas|100\/100\n|\n|upkeep\n|turn|37\n|-message|JierList forfeited.\n|\n|win|Redflix\n|raw|JierList's rating: 1374 &rarr; <strong>1368<\/strong><br \/>(-6 for losing)\n|raw|Redflix's rating: 1683 &rarr; <strong>1689<\/strong><br \/>(+6 for winning)\n|l|\u2606JierList\n||Ladder isn't responding, score probably updated but might not have (Request timeout).\n|l|\u2606Redflix\n","uploadtime":1663122657,"views":17,"p1id":"jierlist","p2id":"redflix","formatid":"gen8balancedhackmons","rating":1368,"private":0,"password":null}