{"id":"gen8ou-1230676286","p1":"jtaquille","p2":"glaed13","format":"gen8ou","log":"|j|\u2606jtaquille\n|j|\u2606glaed13\n|t:|1606249948\n|player|p1|jtaquille|marlon|1804\n|player|p2|glaed13|cheren-gen5bw2|1816\n|teamsize|p1|6\n|teamsize|p2|6\n|gametype|singles\n|gen|8\n|tier|[Gen 8] OU\n|rated|\n|clearpoke\n|poke|p1|Shedinja|\n|poke|p1|Magearna|\n|poke|p1|Clefable, M|\n|poke|p1|Landorus-Therian, M|\n|poke|p1|Toxapex, M|\n|poke|p1|Moltres|\n|poke|p2|Blaziken, M|\n|poke|p2|Klefki, F|\n|poke|p2|Ninetales, M|\n|poke|p2|Zapdos-Galar|\n|poke|p2|Cinderace, F|\n|poke|p2|Garchomp, F|\n|rule|Sleep Clause Mod: Limit one foe put to sleep\n|rule|Species Clause: Limit one of each Pok\u00e9mon\n|rule|OHKO Clause: OHKO moves are banned\n|rule|Evasion Moves Clause: Evasion moves are banned\n|rule|Endless Battle Clause: Forcing endless battles is banned\n|rule|HP Percentage Mod: HP is shown in percentages\n|rule|Dynamax Clause: You cannot dynamax\n|teampreview\n|inactive|Battle timer is ON: inactive players will automatically lose when time's up. (requested by glaed13)\n|j| epsilon_xd\n|j| TestingSubject909\n|inactive|jtaquille has 120 seconds left.\n|j| Promii\n|j| Vessev\n|j| Boi 240\n|inactive|jtaquille has 90 seconds left.\n|inactive|jtaquille has 60 seconds left.\n|\n|t:|1606250041\n|start\n|switch|p1a: window|Toxapex, M|100\/100\n|switch|p2a: Klefki|Klefki, F, shiny|100\/100\n|turn|1\n|c| TestingSubject909|3 fire and 1 flying type, not a good day for Shed xD\n|j| BASEDSAVAGE\n|c|\u2606jtaquille|yep but its ok^^\n|\n|t:|1606250063\n|move|p2a: Klefki|Thunder Wave|p1a: window\n|-status|p1a: window|par\n|cant|p1a: window|par\n|\n|upkeep\n|turn|2\n|j| Z the Creator\n|c| TestingSubject909|Shed still good though I believe\n|\n|t:|1606250071\n|switch|p2a: Garchomp|Garchomp, F|100\/100\n|move|p1a: window|Block|p2a: Garchomp\n|-activate|p2a: Garchomp|trapped\n|\n|upkeep\n|turn|3\n|\n|t:|1606250076\n|move|p2a: Garchomp|Swords Dance|p2a: Garchomp\n|-boost|p2a: Garchomp|atk|2\n|move|p1a: window|Scald|p2a: Garchomp\n|-damage|p2a: Garchomp|82\/100\n|\n|upkeep\n|turn|4\n|c| BASEDSAVAGE|BLOCK\n|c| BASEDSAVAGE|AYO\n|\n|t:|1606250084\n|switch|p1a: hangingman|Landorus-Therian, M|100\/100\n|-ability|p1a: hangingman|Intimidate|boost\n|-unboost|p2a: Garchomp|atk|1\n|move|p2a: Garchomp|Swords Dance|p2a: Garchomp\n|-boost|p2a: Garchomp|atk|2\n|\n|upkeep\n|turn|5\n|j| captainnaisu\n|\n|t:|1606250092\n|move|p2a: Garchomp|Scale Shot|p1a: hangingman\n|-damage|p1a: hangingman|73\/100\n|-damage|p1a: hangingman|48\/100\n|-damage|p1a: hangingman|23\/100\n|-hitcount|p1a: hangingman|3\n|-unboost|p2a: Garchomp|def|1\n|-boost|p2a: Garchomp|spe|1\n|move|p1a: hangingman|Toxic|p2a: Garchomp\n|-status|p2a: Garchomp|tox\n|-enditem|p2a: Garchomp|Lum Berry|[eat]\n|-curestatus|p2a: Garchomp|tox|[msg]\n|\n|-heal|p1a: hangingman|29\/100|[from] item: Leftovers\n|upkeep\n|turn|6\n|\n|t:|1606250102\n|switch|p1a: doji|Shedinja|100\/100\n|move|p2a: Garchomp|Poison Jab|p1a: doji\n|-immune|p1a: doji|[from] ability: Wonder Guard\n|\n|upkeep\n|turn|7\n|\n|t:|1606250115\n|switch|p2a: Klefki|Klefki, F, shiny|100\/100\n|move|p1a: doji|Toxic|p2a: Klefki\n|-immune|p2a: Klefki\n|\n|upkeep\n|turn|8\n|\n|t:|1606250122\n|switch|p1a: hangingman|Landorus-Therian, M|29\/100\n|-ability|p1a: hangingman|Intimidate|boost\n|-unboost|p2a: Klefki|atk|1\n|move|p2a: Klefki|Reflect|p2a: Klefki\n|-sidestart|p2: glaed13|Reflect\n|\n|-heal|p1a: hangingman|35\/100|[from] item: Leftovers\n|upkeep\n|turn|9\n|j| 4jw0bjw09rjb\n|c| captainnaisu|glaed13 cool team!\n|\n|t:|1606250126\n|switch|p2a: Zapdos|Zapdos-Galar|100\/100\n|move|p1a: hangingman|Stealth Rock|p2a: Zapdos\n|-sidestart|p2: glaed13|move: Stealth Rock\n|\n|-heal|p1a: hangingman|41\/100|[from] item: Leftovers\n|upkeep\n|turn|10\n|\n|t:|1606250135\n|move|p2a: Zapdos|Acrobatics|p1a: hangingman\n|-damage|p1a: hangingman|2\/100\n|move|p1a: hangingman|Toxic|p2a: Zapdos\n|-status|p2a: Zapdos|tox\n|\n|-heal|p1a: hangingman|8\/100|[from] item: Leftovers\n|-damage|p2a: Zapdos|94\/100 tox|[from] psn\n|upkeep\n|turn|11\n|\n|t:|1606250141\n|switch|p1a: window|Toxapex, M|100\/100 par\n|move|p2a: Zapdos|Acrobatics|p1a: window\n|-damage|p1a: window|68\/100 par\n|-damage|p2a: Zapdos|78\/100 tox|[from] item: Rocky Helmet|[of] p1a: window\n|\n|-damage|p2a: Zapdos|65\/100 tox|[from] psn\n|upkeep\n|turn|12\n|\n|t:|1606250147\n|move|p2a: Zapdos|Taunt|p1a: window\n|-start|p1a: window|move: Taunt\n|cant|p1a: window|move: Taunt|Recover\n|\n|-damage|p2a: Zapdos|47\/100 tox|[from] psn\n|upkeep\n|turn|13\n|\n|t:|1606250159\n|switch|p1a: Ressistline|Magearna|100\/100\n|move|p2a: Zapdos|Acrobatics|p1a: Ressistline\n|-resisted|p1a: Ressistline\n|-damage|p1a: Ressistline|81\/100\n|\n|-damage|p2a: Zapdos|22\/100 tox|[from] psn\n|upkeep\n|turn|14\n|\n|t:|1606250166\n|switch|p2a: Klefki|Klefki, F, shiny|100\/100\n|-damage|p2a: Klefki|94\/100|[from] Stealth Rock\n|switch|p1a: Moltres|Moltres|100\/100\n|\n|upkeep\n|turn|15\n|\n|t:|1606250175\n|move|p2a: Klefki|Light Screen|p2a: Klefki\n|-sidestart|p2: glaed13|move: Light Screen\n|move|p1a: Moltres|Flamethrower|p2a: Klefki\n|-supereffective|p2a: Klefki\n|-damage|p2a: Klefki|41\/100\n|-status|p2a: Klefki|brn\n|\n|-damage|p2a: Klefki|35\/100 brn|[from] brn\n|-sideend|p2: glaed13|Reflect\n|upkeep\n|turn|16\n|\n|t:|1606250194\n|switch|p1a: doji|Shedinja|100\/100\n|move|p2a: Klefki|Defog|p1a: doji\n|-unboost|p1a: doji|evasion|1\n|-sideend|p2: glaed13|Stealth Rock|[from] move: Defog|[of] p2a: Klefki\n|\n|-damage|p2a: Klefki|29\/100 brn|[from] brn\n|upkeep\n|turn|17\n|l| Z the Creator\n|\n|t:|1606250205\n|switch|p2a: Zapdos|Zapdos-Galar|22\/100 tox\n|move|p1a: doji|Swords Dance|p1a: doji\n|-boost|p1a: doji|atk|2\n|\n|-damage|p2a: Zapdos|16\/100 tox|[from] psn\n|upkeep\n|turn|18\n|\n|t:|1606250214\n|move|p1a: doji|Shadow Sneak|p2a: Zapdos\n|-damage|p2a: Zapdos|0 fnt\n|faint|p2a: Zapdos\n|\n|upkeep\n|\n|t:|1606250216\n|switch|p2a: Ninetales|Ninetales, M|100\/100\n|-weather|SunnyDay|[from] ability: Drought|[of] p2a: Ninetales\n|turn|19\n|\n|t:|1606250224\n|switch|p1a: window|Toxapex, M|100\/100 par\n|move|p2a: Ninetales|Flamethrower|p1a: window\n|-resisted|p1a: window\n|-damage|p1a: window|78\/100 par\n|\n|-weather|SunnyDay|[upkeep]\n|upkeep\n|turn|20\n|j| Ehtesham123\n|\n|t:|1606250238\n|switch|p2a: Garchomp|Garchomp, F|82\/100\n|move|p1a: window|Recover|p1a: window\n|-heal|p1a: window|100\/100 par\n|\n|-weather|SunnyDay|[upkeep]\n|upkeep\n|turn|21\n|\n|t:|1606250244\n|move|p2a: Garchomp|Earthquake|p1a: window\n|-supereffective|p1a: window\n|-damage|p1a: window|27\/100 par\n|cant|p1a: window|par\n|\n|-weather|SunnyDay|[upkeep]\n|upkeep\n|turn|22\n|\n|t:|1606250252\n|switch|p2a: Blaziken|Blaziken, M|100\/100\n|switch|p1a: doji|Shedinja|100\/100\n|\n|-weather|SunnyDay|[upkeep]\n|-sideend|p2: glaed13|move: Light Screen\n|upkeep\n|turn|23\n|\n|t:|1606250261\n|switch|p1a: hangingman|Landorus-Therian, M|8\/100\n|-ability|p1a: hangingman|Intimidate|boost\n|-unboost|p2a: Blaziken|atk|1\n|move|p2a: Blaziken|Blaze Kick|p1a: hangingman\n|-damage|p1a: hangingman|0 fnt\n|faint|p1a: hangingman\n|\n|-weather|none\n|-ability|p2a: Blaziken|Speed Boost|boost\n|-boost|p2a: Blaziken|spe|1\n|upkeep\n|\n|t:|1606250267\n|switch|p1a: Moltres|Moltres|100\/100\n|turn|24\n|l| captainnaisu\n|\n|t:|1606250283\n|switch|p2a: Garchomp|Garchomp, F|82\/100\n|move|p1a: Moltres|Scorching Sands|p2a: Garchomp\n|-damage|p2a: Garchomp|54\/100\n|\n|upkeep\n|turn|25\n|\n|t:|1606250292\n|switch|p1a: doji|Shedinja|100\/100\n|move|p2a: Garchomp|Scale Shot|p1a: doji\n|-immune|p1a: doji|[from] ability: Wonder Guard\n|\n|upkeep\n|turn|26\n|j| ljafdlkjf\n|\n|t:|1606250314\n|switch|p2a: Klefki|Klefki, F, shiny|29\/100 brn\n|move|p1a: doji|Poltergeist|p2a: Klefki\n|-activate|p2a: Klefki|move: Poltergeist|Light Clay\n|-damage|p2a: Klefki|0 fnt\n|faint|p2a: Klefki\n|\n|upkeep\n|c| TestingSubject909|one day Crunch Garchomp become meta you know why xD\n|\n|t:|1606250334\n|switch|p2a: Blaziken|Blaziken, M|100\/100\n|turn|27\n|\n|t:|1606250339\n|switch|p1a: window|Toxapex, M|60\/100 par\n|move|p2a: Blaziken|Swords Dance|p2a: Blaziken\n|-boost|p2a: Blaziken|atk|2\n|\n|-ability|p2a: Blaziken|Speed Boost|boost\n|-boost|p2a: Blaziken|spe|1\n|upkeep\n|turn|28\n|\n|t:|1606250347\n|switch|p1a: Moltres|Moltres|100\/100\n|move|p2a: Blaziken|Earthquake|p1a: Moltres\n|-immune|p1a: Moltres\n|\n|-ability|p2a: Blaziken|Speed Boost|boost\n|-boost|p2a: Blaziken|spe|1\n|upkeep\n|turn|29\n|\n|t:|1606250351\n|move|p2a: Blaziken|High Jump Kick|p1a: Moltres\n|-resisted|p1a: Moltres\n|-damage|p1a: Moltres|26\/100\n|move|p1a: Moltres|Scorching Sands|p2a: Blaziken\n|-supereffective|p2a: Blaziken\n|-damage|p2a: Blaziken|30\/100\n|\n|-ability|p2a: Blaziken|Speed Boost|boost\n|-boost|p2a: Blaziken|spe|1\n|upkeep\n|turn|30\n|inactive|jtaquille has 120 seconds left.\n|\n|t:|1606250388\n|move|p2a: Blaziken|Blaze Kick|p1a: Moltres\n|-resisted|p1a: Moltres\n|-damage|p1a: Moltres|0 fnt\n|faint|p1a: Moltres\n|\n|-ability|p2a: Blaziken|Speed Boost|boost\n|-boost|p2a: Blaziken|spe|1\n|upkeep\n|\n|t:|1606250397\n|switch|p1a: downtrend|Clefable, M|100\/100\n|turn|31\n|\n|t:|1606250402\n|move|p2a: Blaziken|Blaze Kick|p1a: downtrend\n|-damage|p1a: downtrend|56\/100\n|move|p1a: downtrend|Moonblast|p2a: Blaziken\n|-damage|p2a: Blaziken|0 fnt\n|faint|p2a: Blaziken\n|\n|upkeep\n|\n|t:|1606250419\n|switch|p2a: Cinderace|Cinderace, F|100\/100\n|turn|32\n|inactive|jtaquille has 120 seconds left.\n|\n|t:|1606250464\n|switch|p1a: window|Toxapex, M|93\/100 par\n|move|p2a: Cinderace|Pyro Ball|p1a: window\n|-resisted|p1a: window\n|-damage|p1a: window|75\/100 par\n|\n|upkeep\n|turn|33\n|\n|t:|1606250485\n|switch|p2a: Garchomp|Garchomp, F|54\/100\n|cant|p1a: window|par\n|\n|upkeep\n|turn|34\n|\n|t:|1606250491\n|switch|p1a: doji|Shedinja|100\/100\n|move|p2a: Garchomp|Earthquake|p1a: doji\n|-immune|p1a: doji|[from] ability: Wonder Guard\n|\n|upkeep\n|turn|35\n|\n|t:|1606250506\n|switch|p2a: Ninetales|Ninetales, M|100\/100\n|-weather|SunnyDay|[from] ability: Drought|[of] p2a: Ninetales\n|move|p1a: doji|Toxic|p2a: Ninetales\n|-status|p2a: Ninetales|tox\n|\n|-weather|SunnyDay|[upkeep]\n|-damage|p2a: Ninetales|95\/100 tox|[from] psn\n|upkeep\n|turn|36\n|\n|t:|1606250519\n|switch|p1a: window|Toxapex, M|100\/100 par\n|move|p2a: Ninetales|Flamethrower|p1a: window\n|-resisted|p1a: window\n|-damage|p1a: window|81\/100 par\n|\n|-weather|SunnyDay|[upkeep]\n|-damage|p2a: Ninetales|83\/100 tox|[from] psn\n|upkeep\n|turn|37\n|\n|t:|1606250529\n|switch|p2a: Garchomp|Garchomp, F|54\/100\n|move|p1a: window|Recover|p1a: window\n|-heal|p1a: window|100\/100 par\n|\n|-weather|SunnyDay|[upkeep]\n|upkeep\n|turn|38\n|\n|t:|1606250538\n|switch|p2a: Ninetales|Ninetales, M|83\/100 tox\n|switch|p1a: doji|Shedinja|100\/100\n|\n|-weather|SunnyDay|[upkeep]\n|-damage|p2a: Ninetales|77\/100 tox|[from] psn\n|upkeep\n|turn|39\n|\n|t:|1606250549\n|switch|p1a: window|Toxapex, M|100\/100 par\n|move|p2a: Ninetales|Flamethrower|p1a: window\n|-resisted|p1a: window\n|-damage|p1a: window|79\/100 par\n|\n|-weather|none\n|-damage|p2a: Ninetales|65\/100 tox|[from] psn\n|upkeep\n|turn|40\n|j| fdahfad\n|l| Ehtesham123\n|\n|t:|1606250560\n|move|p2a: Ninetales|Flamethrower|p1a: window\n|-resisted|p1a: window\n|-damage|p1a: window|65\/100 par\n|cant|p1a: window|par\n|\n|-damage|p2a: Ninetales|47\/100 tox|[from] psn\n|upkeep\n|turn|41\n|\n|t:|1606250569\n|switch|p2a: Garchomp|Garchomp, F|54\/100\n|switch|p1a: downtrend|Clefable, M|56\/100\n|\n|upkeep\n|turn|42\n|\n|t:|1606250576\n|switch|p1a: doji|Shedinja|100\/100\n|move|p2a: Garchomp|Poison Jab|p1a: doji\n|-immune|p1a: doji|[from] ability: Wonder Guard\n|\n|upkeep\n|turn|43\n|\n|t:|1606250593\n|switch|p2a: Cinderace|Cinderace, F|100\/100\n|move|p1a: doji|Poltergeist|p2a: Cinderace\n|-activate|p2a: Cinderace|move: Poltergeist|Wide Lens\n|-damage|p2a: Cinderace|31\/100\n|\n|upkeep\n|turn|44\n|\n|t:|1606250598\n|switch|p1a: window|Toxapex, M|98\/100 par\n|move|p2a: Cinderace|Bulk Up|p2a: Cinderace\n|-start|p2a: Cinderace|typechange|Fighting|[from] ability: Libero\n|-boost|p2a: Cinderace|atk|1\n|-boost|p2a: Cinderace|def|1\n|\n|upkeep\n|turn|45\n|-message|glaed13 forfeited.\n|\n|win|jtaquille\n|l|\u2606glaed13\n|c| TestingSubject909|Shed mvp\n|c| TestingSubject909|xD\n|l| 4jw0bjw09rjb\n|c|\u2606jtaquille|yep this game yep ^^ gg\n|l|\u2606jtaquille\n|l| BASEDSAVAGE\n|l| TestingSubject909\n||Ladder (probably) updated, but score could not be retrieved (Request timeout).\n","uploadtime":1606250867,"views":29,"p1id":"jtaquille","p2id":"glaed13","formatid":"gen8ou","rating":0,"private":0,"password":null}