{"id":"gen8nationaldexag-1594455381","p1":"hpl1950","p2":"Flashybee","format":"gen8nationaldexag","log":"|j|\u2606hpl1950\n|j|\u2606Flashybee\n|t:|1655004505\n|gametype|singles\n|player|p1|hpl1950|hilda-wonderlauncher|1492\n|player|p2|Flashybee|1|1655\n|teamsize|p1|6\n|teamsize|p2|6\n|gen|8\n|tier|[Gen 8] National Dex AG\n|rated|\n|rule|HP Percentage Mod: HP is shown in percentages\n|rule|Endless Battle Clause: Forcing endless battles is banned\n|clearpoke\n|poke|p1|Breloom, F|\n|poke|p1|Krookodile, F|\n|poke|p1|Whimsicott, M|\n|poke|p1|Groudon|\n|poke|p1|Zacian-*|\n|poke|p1|Ditto|\n|poke|p2|Kyurem-White|\n|poke|p2|Ditto|\n|poke|p2|Kyurem|\n|poke|p2|Kyurem|\n|poke|p2|Kyurem|\n|poke|p2|Kyurem|\n|teampreview\n|j| dividing by 0\n|\n|t:|1655004519\n|start\n|switch|p1a: Whimsicott|Whimsicott, M|100\/100\n|switch|p2a: Kyurem|Kyurem-White|100\/100\n|-ability|p2a: Kyurem|Turboblaze\n|turn|1\n|\n|t:|1655004522\n|move|p1a: Whimsicott|Substitute|p1a: Whimsicott\n|-start|p1a: Whimsicott|Substitute\n|-damage|p1a: Whimsicott|76\/100\n|move|p2a: Kyurem|Ice Beam|p1a: Whimsicott\n|-supereffective|p1a: Whimsicott\n|-end|p1a: Whimsicott|Substitute\n|\n|-heal|p1a: Whimsicott|82\/100|[from] item: Leftovers\n|upkeep\n|turn|2\n|\n|t:|1655004529\n|move|p1a: Whimsicott|Encore|p2a: Kyurem\n|-start|p2a: Kyurem|Encore\n|move|p2a: Kyurem|Ice Beam|p1a: Whimsicott\n|-supereffective|p1a: Whimsicott\n|-damage|p1a: Whimsicott|0 fnt\n|faint|p1a: Whimsicott\n|\n|upkeep\n|\n|t:|1655004531\n|switch|p1a: Zacian|Zacian-Crowned|100\/100\n|-ability|p1a: Zacian|Intrepid Sword|boost\n|-boost|p1a: Zacian|atk|1\n|turn|3\n|\n|t:|1655004537\n|switch|p2a: Kyurem|Kyurem|100\/100\n|-ability|p2a: Kyurem|Pressure\n|move|p1a: Zacian|Behemoth Blade|p2a: Kyurem\n|-supereffective|p2a: Kyurem\n|-damage|p2a: Kyurem|0 fnt\n|faint|p2a: Kyurem\n|\n|upkeep\n|\n|t:|1655004540\n|switch|p2a: Ditto|Ditto|100\/100\n|-transform|p2a: Ditto|p1a: Zacian|[from] ability: Imposter\n|-ability|p2a: Ditto|Intrepid Sword|boost\n|-boost|p2a: Ditto|atk|1\n|turn|4\n|\n|t:|1655004545\n|move|p1a: Zacian|Behemoth Blade|p2a: Ditto\n|-damage|p2a: Ditto|0 fnt\n|faint|p2a: Ditto\n|\n|upkeep\n|\n|t:|1655004551\n|switch|p2a: Kyurem|Kyurem|100\/100\n|-ability|p2a: Kyurem|Pressure\n|turn|5\n|\n|t:|1655004553\n|move|p2a: Kyurem|Sheer Cold|p1a: Zacian|[miss]\n|-miss|p2a: Kyurem|p1a: Zacian\n|move|p1a: Zacian|Behemoth Blade|p2a: Kyurem\n|-supereffective|p2a: Kyurem\n|-damage|p2a: Kyurem|0 fnt\n|faint|p2a: Kyurem\n|\n|upkeep\n|\n|t:|1655004556\n|switch|p2a: Kyurem|Kyurem|100\/100\n|-ability|p2a: Kyurem|Pressure\n|turn|6\n|\n|t:|1655004560\n|move|p2a: Kyurem|Sheer Cold|p1a: Zacian|[miss]\n|-miss|p2a: Kyurem|p1a: Zacian\n|move|p1a: Zacian|Behemoth Blade|p2a: Kyurem\n|-supereffective|p2a: Kyurem\n|-crit|p2a: Kyurem\n|-damage|p2a: Kyurem|0 fnt\n|faint|p2a: Kyurem\n|\n|upkeep\n|-message|Flashybee forfeited.\n|\n|win|hpl1950\n|raw|hpl1950's rating: 1492 &rarr; <strong>1521<\/strong><br \/>(+29 for winning)\n|raw|Flashybee's rating: 1655 &rarr; <strong>1626<\/strong><br \/>(-29 for losing)\n|l|\u2606Flashybee\n||Ladder isn't responding, score probably updated but might not have (Request timeout).\n","uploadtime":1655004589,"views":6,"p1id":"hpl1950","p2id":"flashybee","formatid":"gen8nationaldexag","rating":1521,"private":0,"password":null}