{"id":"gen8bdspou-1470457348","p1":"6Roggenrolas","p2":"VirginJimmy99","format":"gen8bdspou","log":"|html|<div class=\"broadcast-blue\"><strong>[Gen 8 BDSP] OU is currently suspecting Latios! For information on how to participate check out the <a href=\"https:\/\/www.smogon.com\/forums\/threads\/np-bdsp-ou-suspect-process-round-1-mr-blue-sky.3694109\/\">suspect thread<\/a>.<\/strong><\/div>\n|j|\u26066Roggenrolas\n|j|\u2606VirginJimmy99\n|t:|1639144206\n|gametype|singles\n|player|p1|6Roggenrolas|guitarist-gen4|1581\n|player|p2|VirginJimmy99|rocketgrunt|1533\n|teamsize|p1|6\n|teamsize|p2|6\n|gen|8\n|tier|[Gen 8 BDSP] OU\n|rated|\n|rule|Sleep Clause Mod: Limit one foe put to sleep\n|rule|Species Clause: Limit one of each Pok\u00e9mon\n|rule|OHKO Clause: OHKO moves are banned\n|rule|Evasion Moves Clause: Evasion moves are banned\n|rule|Endless Battle Clause: Forcing endless battles is banned\n|rule|HP Percentage Mod: HP is shown in percentages\n|clearpoke\n|poke|p1|Blissey, F|\n|poke|p1|Gliscor, F|\n|poke|p1|Slowbro, F|\n|poke|p1|Tangrowth, M|\n|poke|p1|Heatran, M|\n|poke|p1|Clefable, M|\n|poke|p2|Gallade, M|\n|poke|p2|Espeon, M|\n|poke|p2|Azumarill, M|\n|poke|p2|Tyranitar, F|\n|poke|p2|Gengar, M|\n|poke|p2|Latios, M|\n|teampreview\n|j| L0LZ4N0M4\n|\n|t:|1639144260\n|start\n|switch|p1a: boot squatter|Gliscor, F|100\/100\n|switch|p2a: Tyranitar|Tyranitar, F|100\/100\n|-weather|Sandstorm|[from] ability: Sand Stream|[of] p2a: Tyranitar\n|turn|1\n|\n|t:|1639144291\n|switch|p2a: Espeon|Espeon, M|100\/100\n|move|p1a: boot squatter|Taunt|p2a: Espeon\n|move|p2a: Espeon|Taunt|p1a: boot squatter|[from]ability: Magic Bounce\n|-start|p1a: boot squatter|move: Taunt\n|\n|-weather|Sandstorm|[upkeep]\n|-damage|p2a: Espeon|95\/100|[from] Sandstorm\n|-status|p1a: boot squatter|tox|[from] item: Toxic Orb\n|upkeep\n|turn|2\n|\n|t:|1639144299\n|move|p2a: Espeon|Reflect|p2a: Espeon\n|-sidestart|p2: VirginJimmy99|Reflect\n|move|p1a: boot squatter|Knock Off|p2a: Espeon\n|-supereffective|p2a: Espeon\n|-damage|p2a: Espeon|62\/100\n|-enditem|p2a: Espeon|Light Clay|[from] move: Knock Off|[of] p1a: boot squatter\n|\n|-weather|Sandstorm|[upkeep]\n|-damage|p2a: Espeon|56\/100|[from] Sandstorm\n|upkeep\n|turn|3\n|\n|t:|1639144315\n|switch|p1a: see food|Slowbro, F|100\/100\n|move|p2a: Espeon|Light Screen|p2a: Espeon\n|-sidestart|p2: VirginJimmy99|move: Light Screen\n|\n|-weather|Sandstorm|[upkeep]\n|-damage|p2a: Espeon|50\/100|[from] Sandstorm\n|-damage|p1a: see food|94\/100|[from] Sandstorm\n|-heal|p1a: see food|100\/100|[from] item: Leftovers\n|upkeep\n|turn|4\n|\n|t:|1639144337\n|switch|p2a: Gengar|Gengar, M|100\/100\n|move|p1a: see food|Calm Mind|p1a: see food\n|-boost|p1a: see food|spa|1\n|-boost|p1a: see food|spd|1\n|\n|-weather|Sandstorm|[upkeep]\n|-damage|p2a: Gengar|94\/100|[from] Sandstorm\n|-damage|p1a: see food|94\/100|[from] Sandstorm\n|-heal|p2a: Gengar|100\/100|[from] item: Black Sludge\n|-heal|p1a: see food|100\/100|[from] item: Leftovers\n|upkeep\n|turn|5\n|\n|t:|1639144350\n|move|p2a: Gengar|Nasty Plot|p2a: Gengar\n|-boost|p2a: Gengar|spa|2\n|move|p1a: see food|Psychic|p2a: Gengar\n|-supereffective|p2a: Gengar\n|-damage|p2a: Gengar|20\/100\n|\n|-weather|none\n|-heal|p2a: Gengar|26\/100|[from] item: Black Sludge\n|upkeep\n|turn|6\n|\n|t:|1639144391\n|switch|p1a: pin hearer|Clefable, M|100\/100\n|move|p2a: Gengar|Shadow Ball|p1a: pin hearer\n|-damage|p1a: pin hearer|58\/100\n|\n|-heal|p2a: Gengar|32\/100|[from] item: Black Sludge\n|-heal|p1a: pin hearer|64\/100|[from] item: Leftovers\n|upkeep\n|turn|7\n|\n|t:|1639144423\n|switch|p1a: BLARG|Heatran, M|100\/100\n|move|p2a: Gengar|Nasty Plot|p2a: Gengar\n|-boost|p2a: Gengar|spa|2\n|\n|-heal|p2a: Gengar|38\/100|[from] item: Black Sludge\n|-sideend|p2: VirginJimmy99|move: Light Screen\n|upkeep\n|turn|8\n|\n|t:|1639144433\n|switch|p1a: benedict|Blissey, F|100\/100\n|move|p2a: Gengar|Shadow Ball|p1a: benedict\n|-immune|p1a: benedict\n|\n|-heal|p2a: Gengar|45\/100|[from] item: Black Sludge\n|upkeep\n|turn|9\n|\n|t:|1639144446\n|move|p2a: Gengar|Substitute|p2a: Gengar\n|-start|p2a: Gengar|Substitute\n|-damage|p2a: Gengar|20\/100\n|move|p1a: benedict|Ice Beam|p2a: Gengar\n|-end|p2a: Gengar|Substitute\n|\n|-heal|p2a: Gengar|26\/100|[from] item: Black Sludge\n|-sideend|p2: VirginJimmy99|Reflect\n|upkeep\n|turn|10\n|\n|t:|1639144452\n|move|p2a: Gengar|Sludge Bomb|p1a: benedict\n|-damage|p1a: benedict|50\/100\n|move|p1a: benedict|Ice Beam|p2a: Gengar\n|-damage|p2a: Gengar|0 fnt\n|faint|p2a: Gengar\n|\n|-heal|p1a: benedict|56\/100|[from] item: Leftovers\n|upkeep\n|\n|t:|1639144462\n|switch|p2a: Tyranitar|Tyranitar, F|100\/100\n|-weather|Sandstorm|[from] ability: Sand Stream|[of] p2a: Tyranitar\n|turn|11\n|\n|t:|1639144476\n|switch|p1a: boot squatter|Gliscor, F|100\/100 tox\n|move|p2a: Tyranitar|Dragon Dance|p2a: Tyranitar\n|-boost|p2a: Tyranitar|atk|1\n|-boost|p2a: Tyranitar|spe|1\n|\n|-weather|Sandstorm|[upkeep]\n|upkeep\n|turn|12\n|\n|t:|1639144497\n|move|p2a: Tyranitar|Dragon Dance|p2a: Tyranitar\n|-boost|p2a: Tyranitar|atk|1\n|-boost|p2a: Tyranitar|spe|1\n|move|p1a: boot squatter|Earthquake|p2a: Tyranitar\n|-supereffective|p2a: Tyranitar\n|-enditem|p2a: Tyranitar|Shuca Berry|[eat]\n|-enditem|p2a: Tyranitar|Shuca Berry|[weaken]\n|-damage|p2a: Tyranitar|70\/100\n|\n|-weather|Sandstorm|[upkeep]\n|upkeep\n|turn|13\n|\n|t:|1639144505\n|move|p2a: Tyranitar|Ice Fang|p1a: boot squatter\n|-supereffective|p1a: boot squatter\n|-damage|p1a: boot squatter|0 fnt\n|faint|p1a: boot squatter\n|\n|-weather|Sandstorm|[upkeep]\n|upkeep\n|\n|t:|1639144517\n|switch|p1a: buffet noodles|Tangrowth, M, shiny|100\/100\n|turn|14\n|\n|t:|1639144521\n|move|p2a: Tyranitar|Ice Fang|p1a: buffet noodles|[miss]\n|-miss|p2a: Tyranitar|p1a: buffet noodles\n|move|p1a: buffet noodles|Sleep Powder|p2a: Tyranitar\n|-status|p2a: Tyranitar|slp|[from] move: Sleep Powder\n|\n|-weather|Sandstorm|[upkeep]\n|-damage|p1a: buffet noodles|94\/100|[from] Sandstorm\n|-heal|p1a: buffet noodles|100\/100|[from] item: Leftovers\n|upkeep\n|turn|15\n|\n|t:|1639144529\n|cant|p2a: Tyranitar|slp\n|move|p1a: buffet noodles|Giga Drain|p2a: Tyranitar\n|-supereffective|p2a: Tyranitar\n|-damage|p2a: Tyranitar|31\/100 slp\n|\n|-weather|none\n|upkeep\n|turn|16\n|\n|t:|1639144530\n|cant|p2a: Tyranitar|slp\n|move|p1a: buffet noodles|Giga Drain|p2a: Tyranitar\n|-supereffective|p2a: Tyranitar\n|-damage|p2a: Tyranitar|0 fnt\n|faint|p2a: Tyranitar\n|\n|upkeep\n|\n|t:|1639144535\n|switch|p2a: Latios|Latios, M|100\/100\n|turn|17\n|j| Quaaloods\n|\n|t:|1639144551\n|switch|p2a: Espeon|Espeon, M|50\/100\n|switch|p1a: BLARG|Heatran, M|100\/100\n|\n|upkeep\n|turn|18\n|\n|t:|1639144556\n|move|p2a: Espeon|Light Screen|p2a: Espeon\n|-sidestart|p2: VirginJimmy99|move: Light Screen\n|move|p1a: BLARG|Magma Storm|p2a: Espeon\n|-damage|p2a: Espeon|23\/100\n|-activate|p2a: Espeon|move: Magma Storm|[of] p1a: BLARG\n|\n|-damage|p2a: Espeon|10\/100|[from] move: Magma Storm|[partiallytrapped]\n|upkeep\n|turn|19\n|l| L0LZ4N0M4\n|\n|t:|1639144584\n|switch|p1a: benedict|Blissey, F|56\/100\n|move|p2a: Espeon|Yawn|p1a: benedict\n|-start|p1a: benedict|move: Yawn|[of] p2a: Espeon\n|\n|-heal|p1a: benedict|62\/100|[from] item: Leftovers\n|-end|p2a: Espeon|Magma Storm|[partiallytrapped]|[silent]\n|upkeep\n|turn|20\n|\n|t:|1639144594\n|move|p2a: Espeon|Reflect|p2a: Espeon\n|-sidestart|p2: VirginJimmy99|Reflect\n|move|p1a: benedict|Soft-Boiled|p1a: benedict\n|-heal|p1a: benedict|100\/100\n|\n|-end|p1a: benedict|move: Yawn|[silent]\n|-status|p1a: benedict|slp\n|upkeep\n|turn|21\n|\n|t:|1639144606\n|-curestatus|p1a: benedict|slp|[from] ability: Natural Cure\n|switch|p1a: BLARG|Heatran, M|100\/100\n|move|p2a: Espeon|Yawn|p1a: BLARG\n|-start|p1a: BLARG|move: Yawn|[of] p2a: Espeon\n|\n|upkeep\n|turn|22\n|\n|t:|1639144613\n|switch|p2a: Azumarill|Azumarill, M|100\/100\n|switch|p1a: benedict|Blissey, F|100\/100\n|\n|-sideend|p2: VirginJimmy99|move: Light Screen\n|upkeep\n|turn|23\n|\n|t:|1639144628\n|move|p2a: Azumarill|Belly Drum|p2a: Azumarill\n|-damage|p2a: Azumarill|51\/100\n|-setboost|p2a: Azumarill|atk|6|[from] move: Belly Drum\n|move|p1a: benedict|Thunder Wave|p2a: Azumarill\n|-status|p2a: Azumarill|par\n|\n|upkeep\n|turn|24\n|\n|t:|1639144653\n|switch|p1a: buffet noodles|Tangrowth, M, shiny|100\/100\n|move|p2a: Azumarill|Play Rough|p1a: buffet noodles\n|-damage|p1a: buffet noodles|0 fnt\n|faint|p1a: buffet noodles\n|\n|-sideend|p2: VirginJimmy99|Reflect\n|upkeep\n|\n|t:|1639144661\n|switch|p1a: pin hearer|Clefable, M|64\/100\n|turn|25\n|\n|t:|1639144665\n|move|p1a: pin hearer|Wish|p1a: pin hearer\n|move|p2a: Azumarill|Play Rough|p1a: pin hearer\n|-damage|p1a: pin hearer|19\/100\n|\n|-heal|p1a: pin hearer|25\/100|[from] item: Leftovers\n|upkeep\n|turn|26\n|\n|t:|1639144670\n|move|p1a: pin hearer|Protect|p1a: pin hearer\n|-singleturn|p1a: pin hearer|Protect\n|cant|p2a: Azumarill|par\n|\n|-heal|p1a: pin hearer|75\/100|[from] move: Wish|[wisher] pin hearer\n|-heal|p1a: pin hearer|81\/100|[from] item: Leftovers\n|upkeep\n|turn|27\n|\n|t:|1639144672\n|move|p1a: pin hearer|Wish|p1a: pin hearer\n|move|p2a: Azumarill|Play Rough|p1a: pin hearer|[miss]\n|-miss|p2a: Azumarill|p1a: pin hearer\n|\n|-heal|p1a: pin hearer|88\/100|[from] item: Leftovers\n|upkeep\n|turn|28\n|\n|t:|1639144677\n|move|p1a: pin hearer|Calm Mind|p1a: pin hearer\n|-boost|p1a: pin hearer|spa|1\n|-boost|p1a: pin hearer|spd|1\n|move|p2a: Azumarill|Play Rough|p1a: pin hearer\n|-damage|p1a: pin hearer|41\/100\n|\n|-heal|p1a: pin hearer|91\/100|[from] move: Wish|[wisher] pin hearer\n|-heal|p1a: pin hearer|97\/100|[from] item: Leftovers\n|upkeep\n|turn|29\n|\n|t:|1639144684\n|move|p1a: pin hearer|Wish|p1a: pin hearer\n|move|p2a: Azumarill|Play Rough|p1a: pin hearer\n|-damage|p1a: pin hearer|57\/100\n|\n|-heal|p1a: pin hearer|63\/100|[from] item: Leftovers\n|upkeep\n|turn|30\n|\n|t:|1639144699\n|switch|p2a: Espeon|Espeon, M|10\/100\n|move|p1a: pin hearer|Moonblast|p2a: Espeon\n|-damage|p2a: Espeon|0 fnt\n|faint|p2a: Espeon\n|\n|-heal|p1a: pin hearer|100\/100|[from] move: Wish|[wisher] pin hearer\n|upkeep\n|c|\u2606VirginJimmy99|gg\n|-message|VirginJimmy99 forfeited.\n|\n|win|6Roggenrolas\n|raw|6Roggenrolas's rating: 1581 &rarr; <strong>1599<\/strong><br \/>(+18 for winning)\n|raw|VirginJimmy99's rating: 1546 &rarr; <strong>1528<\/strong><br \/>(-18 for losing)\n|l|\u2606VirginJimmy99\n|j| AsRd\n||Ladder isn't responding, score probably updated but might not have (Request timeout).\n","uploadtime":1639144717,"views":18,"p1id":"6roggenrolas","p2id":"virginjimmy99","formatid":"gen8bdspou","rating":1528,"private":0,"password":null}