{"id":"gen8nationaldex-1516464484","p1":"ArcanineSquad","p2":"BlueStrikker","format":"gen8nationaldex","log":"|html|<div class=\"broadcast-blue\"><strong>[Gen 8] National Dex is currently suspecting Dragapult! For information on how to participate check out the <a href=\"https:\/\/www.smogon.com\/forums\/threads\/national-dex-suspect-test-14-ghost-girl.3697927\/\">suspect thread<\/a>.<\/strong><\/div>\n|j|\u2606ArcanineSquad\n|j|\u2606BlueStrikker\n|t:|1645546358\n|gametype|singles\n|player|p1|ArcanineSquad|hooligans|1465\n|player|p2|BlueStrikker|bruno|1541\n|teamsize|p1|6\n|teamsize|p2|6\n|gen|8\n|tier|[Gen 8] National Dex\n|rated|\n|rule|HP Percentage Mod: HP is shown in percentages\n|rule|Endless Battle Clause: Forcing endless battles is banned\n|rule|OHKO Clause: OHKO moves are banned\n|rule|Evasion Moves Clause: Evasion moves are banned\n|rule|Species Clause: Limit one of each Pok\u00e9mon\n|rule|Dynamax Clause: You cannot dynamax\n|rule|Sleep Clause Mod: Limit one foe put to sleep\n|clearpoke\n|poke|p1|Dragapult, M|\n|poke|p1|Mawile, F|\n|poke|p1|Slowking, F|\n|poke|p1|Ferrothorn, M|\n|poke|p1|Nidoking, M|\n|poke|p1|Mandibuzz, F|\n|poke|p2|Corviknight, M|\n|poke|p2|Rotom-Wash|\n|poke|p2|Tapu Koko|\n|poke|p2|Kommo-o, M|\n|poke|p2|Medicham, F|\n|poke|p2|Galvantula, M|\n|teampreview\n|inactive|Battle timer is ON: inactive players will automatically lose when time's up. (requested by ArcanineSquad)\n|\n|t:|1645546379\n|start\n|switch|p1a: Ferrothorn|Ferrothorn, M|100\/100\n|switch|p2a: Rotom|Rotom-Wash|100\/100\n|turn|1\n|\n|t:|1645546384\n|move|p2a: Rotom|Will-O-Wisp|p1a: Ferrothorn\n|-status|p1a: Ferrothorn|brn\n|move|p1a: Ferrothorn|Knock Off|p2a: Rotom\n|-damage|p2a: Rotom|89\/100\n|-enditem|p2a: Rotom|Sitrus Berry|[from] move: Knock Off|[of] p1a: Ferrothorn\n|\n|-damage|p1a: Ferrothorn|94\/100 brn|[from] brn\n|upkeep\n|turn|2\n|\n|t:|1645546388\n|move|p2a: Rotom|Volt Switch|p1a: Ferrothorn\n|-resisted|p1a: Ferrothorn\n|-damage|p1a: Ferrothorn|86\/100 brn\n|\n|t:|1645546399\n|switch|p2a: Galvantula|Galvantula, M|100\/100|[from]move: Volt Switch\n|move|p1a: Ferrothorn|Leech Seed|p2a: Galvantula\n|-start|p2a: Galvantula|move: Leech Seed\n|\n|-heal|p1a: Ferrothorn|92\/100 brn|[from] item: Leftovers\n|-damage|p2a: Galvantula|88\/100|[from] Leech Seed|[of] p1a: Ferrothorn\n|-heal|p1a: Ferrothorn|100\/100 brn|[silent]\n|-damage|p1a: Ferrothorn|94\/100 brn|[from] brn\n|upkeep\n|turn|3\n|inactive|ArcanineSquad has 120 seconds left.\n|\n|t:|1645546454\n|move|p2a: Galvantula|Sticky Web|p1a: Ferrothorn\n|-sidestart|p1: ArcanineSquad|move: Sticky Web\n|move|p1a: Ferrothorn|Spikes|p2a: Galvantula\n|-sidestart|p2: BlueStrikker|Spikes\n|\n|-heal|p1a: Ferrothorn|100\/100 brn|[from] item: Leftovers\n|-damage|p2a: Galvantula|76\/100|[from] Leech Seed|[of] p1a: Ferrothorn\n|-damage|p1a: Ferrothorn|94\/100 brn|[from] brn\n|upkeep\n|turn|4\n|\n|t:|1645546468\n|switch|p2a: Corviknight|Corviknight, M|100\/100\n|-ability|p2a: Corviknight|Pressure\n|move|p1a: Ferrothorn|Spikes|p2a: Corviknight\n|-sidestart|p2: BlueStrikker|Spikes\n|\n|-heal|p1a: Ferrothorn|100\/100 brn|[from] item: Leftovers\n|-damage|p1a: Ferrothorn|94\/100 brn|[from] brn\n|upkeep\n|turn|5\n|\n|t:|1645546472\n|switch|p1a: Slowking|Slowking, F|100\/100\n|move|p2a: Corviknight|Defog|p1a: Slowking\n|-unboost|p1a: Slowking|evasion|1\n|-sideend|p1: ArcanineSquad|Sticky Web|[from] move: Defog|[of] p2a: Corviknight\n|-sideend|p2: BlueStrikker|Spikes|[from] move: Defog|[of] p2a: Corviknight\n|\n|upkeep\n|turn|6\n|\n|t:|1645546476\n|move|p2a: Corviknight|U-turn|p1a: Slowking\n|-supereffective|p1a: Slowking\n|-damage|p1a: Slowking|75\/100\n|\n|t:|1645546482\n|switch|p2a: Galvantula|Galvantula, M|76\/100|[from]move: U-turn\n|move|p1a: Slowking|Scald|p2a: Galvantula\n|-damage|p2a: Galvantula|27\/100\n|-status|p2a: Galvantula|brn\n|\n|-damage|p2a: Galvantula|21\/100 brn|[from] brn\n|upkeep\n|turn|7\n|\n|t:|1645546492\n|switch|p1a: Nidoking|Nidoking, M|100\/100\n|move|p2a: Galvantula|Sticky Web|p1a: Nidoking\n|-sidestart|p1: ArcanineSquad|move: Sticky Web\n|\n|-damage|p2a: Galvantula|15\/100 brn|[from] brn\n|upkeep\n|turn|8\n|\n|t:|1645546497\n|move|p2a: Galvantula|Energy Ball|p1a: Nidoking\n|-damage|p1a: Nidoking|62\/100\n|move|p1a: Nidoking|Stealth Rock|p2a: Galvantula\n|-sidestart|p2: BlueStrikker|move: Stealth Rock\n|\n|-damage|p2a: Galvantula|9\/100 brn|[from] brn\n|upkeep\n|turn|9\n|\n|t:|1645546503\n|move|p2a: Galvantula|Energy Ball|p1a: Nidoking\n|-damage|p1a: Nidoking|22\/100\n|move|p1a: Nidoking|Ice Beam|p2a: Galvantula\n|-damage|p2a: Galvantula|0 fnt\n|faint|p2a: Galvantula\n|\n|upkeep\n|\n|t:|1645546523\n|switch|p2a: Medicham|Medicham, F|100\/100\n|-damage|p2a: Medicham|94\/100|[from] Stealth Rock\n|turn|10\n|\n|t:|1645546529\n|detailschange|p2a: Medicham|Medicham-Mega, F\n|-mega|p2a: Medicham|Medicham|Medichamite\n|move|p2a: Medicham|Drain Punch|p1a: Nidoking\n|-resisted|p1a: Nidoking\n|-damage|p1a: Nidoking|0 fnt\n|-heal|p2a: Medicham|100\/100|[from] drain|[of] p1a: Nidoking\n|faint|p1a: Nidoking\n|\n|upkeep\n|\n|t:|1645546535\n|switch|p1a: Mandibuzz|Mandibuzz, F|100\/100\n|turn|11\n|\n|t:|1645546539\n|switch|p2a: Rotom|Rotom-Wash|89\/100\n|-damage|p2a: Rotom|76\/100|[from] Stealth Rock\n|move|p1a: Mandibuzz|Defog|p2a: Rotom\n|-unboost|p2a: Rotom|evasion|1\n|-sideend|p2: BlueStrikker|Stealth Rock|[from] move: Defog|[of] p1a: Mandibuzz\n|-sideend|p1: ArcanineSquad|Sticky Web|[from] move: Defog|[of] p1a: Mandibuzz\n|\n|upkeep\n|turn|12\n|\n|t:|1645546547\n|switch|p1a: Dragapult|Dragapult, M|100\/100\n|move|p2a: Rotom|Will-O-Wisp|p1a: Dragapult|[miss]\n|-miss|p2a: Rotom|p1a: Dragapult\n|\n|upkeep\n|turn|13\n|\n|t:|1645546560\n|move|p1a: Dragapult|Draco Meteor|p2a: Rotom\n|-damage|p2a: Rotom|6\/100\n|-unboost|p1a: Dragapult|spa|2\n|move|p2a: Rotom|Volt Switch|p1a: Dragapult\n|-resisted|p1a: Dragapult\n|-damage|p1a: Dragapult|84\/100\n|\n|t:|1645546564\n|switch|p2a: Tapu Koko|Tapu Koko|100\/100|[from]move: Volt Switch\n|-fieldstart|move: Electric Terrain|[from] ability: Electric Surge|[of] p2a: Tapu Koko\n|\n|upkeep\n|turn|14\n|\n|t:|1645546567\n|switch|p1a: Ferrothorn|Ferrothorn, M|94\/100 brn\n|move|p2a: Tapu Koko|Volt Switch|p1a: Ferrothorn\n|-resisted|p1a: Ferrothorn\n|-damage|p1a: Ferrothorn|75\/100 brn\n|\n|t:|1645546572\n|switch|p2a: Medicham|Medicham-Mega, F|100\/100|[from]move: Volt Switch\n|\n|-heal|p1a: Ferrothorn|81\/100 brn|[from] item: Leftovers\n|-damage|p1a: Ferrothorn|75\/100 brn|[from] brn\n|upkeep\n|turn|15\n|\n|t:|1645546586\n|move|p2a: Medicham|Drain Punch|p1a: Ferrothorn\n|-supereffective|p1a: Ferrothorn\n|-damage|p1a: Ferrothorn|0 fnt\n|-damage|p2a: Medicham|88\/100|[from] ability: Iron Barbs|[of] p1a: Ferrothorn\n|faint|p1a: Ferrothorn\n|\n|upkeep\n|\n|t:|1645546591\n|switch|p1a: Mawile|Mawile, F|100\/100\n|turn|16\n|\n|t:|1645546603\n|detailschange|p1a: Mawile|Mawile-Mega, F\n|-mega|p1a: Mawile|Mawile|Mawilite\n|move|p2a: Medicham|Drain Punch|p1a: Mawile\n|-damage|p1a: Mawile|42\/100\n|-heal|p2a: Medicham|100\/100|[from] drain|[of] p1a: Mawile\n|move|p1a: Mawile|Play Rough|p2a: Medicham\n|-supereffective|p2a: Medicham\n|-damage|p2a: Medicham|0 fnt\n|faint|p2a: Medicham\n|\n|upkeep\n|\n|t:|1645546615\n|switch|p2a: Tapu Koko|Tapu Koko|100\/100\n|turn|17\n|\n|t:|1645546629\n|move|p2a: Tapu Koko|Thunderbolt|p1a: Mawile\n|-crit|p1a: Mawile\n|-damage|p1a: Mawile|0 fnt\n|faint|p1a: Mawile\n|\n|-fieldend|move: Electric Terrain\n|upkeep\n|\n|t:|1645546631\n|switch|p1a: Dragapult|Dragapult, M|84\/100\n|turn|18\n|\n|t:|1645546641\n|switch|p2a: Rotom|Rotom-Wash|6\/100\n|move|p1a: Dragapult|Shadow Ball|p2a: Rotom\n|-damage|p2a: Rotom|0 fnt\n|faint|p2a: Rotom\n|\n|upkeep\n|\n|t:|1645546647\n|switch|p2a: Kommo-o|Kommo-o, M|100\/100\n|turn|19\n|\n|t:|1645546661\n|switch|p1a: Mandibuzz|Mandibuzz, F|100\/100\n|move|p2a: Kommo-o|Clangorous Soul|p2a: Kommo-o\n|-boost|p2a: Kommo-o|atk|1\n|-boost|p2a: Kommo-o|def|1\n|-boost|p2a: Kommo-o|spa|1\n|-boost|p2a: Kommo-o|spd|1\n|-boost|p2a: Kommo-o|spe|1\n|-damage|p2a: Kommo-o|68\/100\n|\n|-heal|p2a: Kommo-o|74\/100|[from] item: Leftovers\n|upkeep\n|turn|20\n|\n|t:|1645546668\n|move|p2a: Kommo-o|Drain Punch|p1a: Mandibuzz\n|-damage|p1a: Mandibuzz|66\/100\n|-heal|p2a: Kommo-o|99\/100|[from] drain|[of] p1a: Mandibuzz\n|move|p1a: Mandibuzz|Foul Play|p2a: Kommo-o\n|-resisted|p2a: Kommo-o\n|-damage|p2a: Kommo-o|80\/100\n|\n|-heal|p2a: Kommo-o|86\/100|[from] item: Leftovers\n|upkeep\n|turn|21\n|\n|t:|1645546677\n|move|p2a: Kommo-o|Poison Jab|p1a: Mandibuzz\n|-damage|p1a: Mandibuzz|40\/100\n|move|p1a: Mandibuzz|U-turn|p2a: Kommo-o\n|-resisted|p2a: Kommo-o\n|-damage|p2a: Kommo-o|82\/100\n|\n|t:|1645546682\n|switch|p1a: Slowking|Slowking, F|100\/100|[from]move: U-turn\n|\n|-heal|p2a: Kommo-o|88\/100|[from] item: Leftovers\n|upkeep\n|turn|22\n|\n|t:|1645546692\n|move|p2a: Kommo-o|Clangorous Soul|p2a: Kommo-o\n|-boost|p2a: Kommo-o|atk|1\n|-boost|p2a: Kommo-o|def|1\n|-boost|p2a: Kommo-o|spa|1\n|-boost|p2a: Kommo-o|spd|1\n|-boost|p2a: Kommo-o|spe|1\n|-damage|p2a: Kommo-o|55\/100\n|move|p1a: Slowking|Future Sight|p2a: Kommo-o\n|-start|p1a: Slowking|move: Future Sight\n|\n|-heal|p2a: Kommo-o|61\/100|[from] item: Leftovers\n|upkeep\n|turn|23\n|\n|t:|1645546699\n|move|p2a: Kommo-o|Earthquake|p1a: Slowking\n|-damage|p1a: Slowking|44\/100\n|move|p1a: Slowking|Slack Off|p1a: Slowking\n|-heal|p1a: Slowking|94\/100\n|\n|-heal|p2a: Kommo-o|68\/100|[from] item: Leftovers\n|upkeep\n|turn|24\n|\n|t:|1645546706\n|move|p2a: Kommo-o|Earthquake|p1a: Slowking\n|-damage|p1a: Slowking|31\/100\n|move|p1a: Slowking|Scald|p2a: Kommo-o\n|-resisted|p2a: Kommo-o\n|-damage|p2a: Kommo-o|59\/100\n|\n|-end|p2a: Kommo-o|move: Future Sight\n|-supereffective|p2a: Kommo-o\n|-damage|p2a: Kommo-o|8\/100\n|-heal|p2a: Kommo-o|14\/100|[from] item: Leftovers\n|upkeep\n|turn|25\n|\n|t:|1645546714\n|switch|p1a: Mandibuzz|Mandibuzz, F|40\/100\n|move|p2a: Kommo-o|Drain Punch|p1a: Mandibuzz\n|-damage|p1a: Mandibuzz|0 fnt\n|-heal|p2a: Kommo-o|43\/100|[from] drain|[of] p1a: Mandibuzz\n|faint|p1a: Mandibuzz\n|\n|-heal|p2a: Kommo-o|49\/100|[from] item: Leftovers\n|upkeep\n|\n|t:|1645546716\n|switch|p1a: Slowking|Slowking, F|64\/100\n|turn|26\n|-message|ArcanineSquad forfeited.\n|\n|win|BlueStrikker\n|raw|ArcanineSquad's rating: 1465 &rarr; <strong>1449<\/strong><br \/>(-16 for losing)\n|raw|BlueStrikker's rating: 1541 &rarr; <strong>1557<\/strong><br \/>(+16 for winning)\n|l|\u2606ArcanineSquad\n","uploadtime":1645546722,"views":18,"p1id":"arcaninesquad","p2id":"bluestrikker","formatid":"gen8nationaldex","rating":1449,"private":0,"password":null}