{"id":"gen8ou-1627174297","p1":"Goootzinho","p2":"LT91BB Fc","format":"gen8ou","log":"|raw|<div class=\"broadcast-blue\"><strong>This battle is required to be public due to a player having a name starting with 'lt91bb'.<\/div>\n|j|\u2606Goootzinho\n|j|\u2606LT91BB Fc\n|t:|1659025423\n|gametype|singles\n|player|p1|Goootzinho|galacticgrunt|1771\n|player|p2|LT91BB Fc|#wcop2022canada|1803\n|teamsize|p1|6\n|teamsize|p2|6\n|gen|8\n|tier|[Gen 8] OU\n|rated|\n|rule|Sleep Clause Mod: Limit one foe put to sleep\n|rule|Species Clause: Limit one of each Pok\u00e9mon\n|rule|OHKO Clause: OHKO moves are banned\n|rule|Evasion Moves Clause: Evasion moves are banned\n|rule|Endless Battle Clause: Forcing endless battles is banned\n|rule|HP Percentage Mod: HP is shown in percentages\n|rule|Dynamax Clause: You cannot dynamax\n|clearpoke\n|poke|p1|Dragapult, F|\n|poke|p1|Tapu Lele|\n|poke|p1|Heatran, M|\n|poke|p1|Landorus-Therian, M|\n|poke|p1|Rotom-Wash|\n|poke|p1|Buzzwole|\n|poke|p2|Zapdos|\n|poke|p2|Weavile, M|\n|poke|p2|Kartana|\n|poke|p2|Landorus-Therian, M|\n|poke|p2|Volcanion|\n|poke|p2|Melmetal|\n|teampreview\n|inactive|Battle timer is ON: inactive players will automatically lose when time's up. (requested by LT91BB Fc)\n|inactive|Goootzinho has 120 seconds left.\n|\n|t:|1659025462\n|start\n|switch|p1a: Rotom|Rotom-Wash|100\/100\n|switch|p2a: Landorus|Landorus-Therian, M|100\/100\n|-ability|p2a: Landorus|Intimidate|boost\n|-unboost|p1a: Rotom|atk|1\n|turn|1\n|\n|t:|1659025466\n|move|p2a: Landorus|U-turn|p1a: Rotom\n|-damage|p1a: Rotom|75\/100\n|\n|t:|1659025467\n|switch|p2a: Zapdos|Zapdos|100\/100|[from]move: U-turn\n|move|p1a: Rotom|Hydro Pump|p2a: Zapdos\n|-damage|p2a: Zapdos|60\/100\n|\n|-heal|p1a: Rotom|81\/100|[from] item: Leftovers\n|upkeep\n|turn|2\n|j| LT91BB Hiko\n|\n|t:|1659025487\n|move|p2a: Zapdos|Roost|p2a: Zapdos\n|-heal|p2a: Zapdos|100\/100\n|-singleturn|p2a: Zapdos|move: Roost\n|move|p1a: Rotom|Volt Switch|p2a: Zapdos\n|-resisted|p2a: Zapdos\n|-damage|p2a: Zapdos|88\/100\n|\n|t:|1659025490\n|switch|p1a: Heatran|Heatran, M|100\/100|[from]move: Volt Switch\n|\n|upkeep\n|turn|3\n|\n|t:|1659025493\n|move|p2a: Zapdos|Volt Switch|p1a: Heatran\n|-damage|p1a: Heatran|82\/100\n|\n|t:|1659025496\n|switch|p2a: Volcanion|Volcanion|100\/100|[from]move: Volt Switch\n|move|p1a: Heatran|Stealth Rock|p2a: Volcanion\n|-sidestart|p2: LT91BB Fc|move: Stealth Rock\n|\n|-heal|p1a: Heatran|89\/100|[from] item: Leftovers\n|upkeep\n|turn|4\n|j| monika simp 3000\n|j| Beka\n|\n|t:|1659025507\n|switch|p1a: Rotom|Rotom-Wash|81\/100\n|move|p2a: Volcanion|Steam Eruption|p1a: Rotom\n|-resisted|p1a: Rotom\n|-damage|p1a: Rotom|42\/100\n|-status|p1a: Rotom|brn\n|\n|-heal|p1a: Rotom|48\/100 brn|[from] item: Leftovers\n|-damage|p1a: Rotom|42\/100 brn|[from] brn\n|upkeep\n|turn|5\n|l| LT91BB Hiko\n|j| PandaDoux\u2665\u2661\u32db\u2605\u2729\n|j| Boulicrok\n|\n|t:|1659025517\n|move|p2a: Volcanion|Steam Eruption|p1a: Rotom\n|-resisted|p1a: Rotom\n|-damage|p1a: Rotom|4\/100 brn\n|move|p1a: Rotom|Pain Split|p2a: Volcanion\n|-sethp|p2a: Volcanion|52\/100|[from] move: Pain Split|[silent]\n|-sethp|p1a: Rotom|52\/100 brn|[from] move: Pain Split\n|\n|-heal|p1a: Rotom|58\/100 brn|[from] item: Leftovers\n|-damage|p1a: Rotom|52\/100 brn|[from] brn\n|upkeep\n|turn|6\n|inactive|Goootzinho has 120 seconds left.\n|j|@ironwater\n|j| LT91BB rejeff\n|\n|t:|1659025562\n|move|p2a: Volcanion|Steam Eruption|p1a: Rotom\n|-resisted|p1a: Rotom\n|-damage|p1a: Rotom|18\/100 brn\n|move|p1a: Rotom|Hydro Pump|p2a: Volcanion\n|-heal|p2a: Volcanion|77\/100|[from] ability: Water Absorb|[of] p1a: Rotom\n|\n|-heal|p1a: Rotom|24\/100 brn|[from] item: Leftovers\n|-damage|p1a: Rotom|18\/100 brn|[from] brn\n|upkeep\n|turn|7\n|j| Alain Ledon\n|l| Alain Ledon\n|\n|t:|1659025569\n|move|p2a: Volcanion|Steam Eruption|p1a: Rotom\n|-resisted|p1a: Rotom\n|-damage|p1a: Rotom|0 fnt\n|faint|p1a: Rotom\n|\n|upkeep\n|\n|t:|1659025571\n|switch|p1a: Dragapult|Dragapult, F|100\/100\n|turn|8\n|\n|t:|1659025580\n|move|p1a: Dragapult|Shadow Ball|p2a: Volcanion\n|-damage|p2a: Volcanion|16\/100\n|move|p2a: Volcanion|Steam Eruption|p1a: Dragapult\n|-resisted|p1a: Dragapult\n|-damage|p1a: Dragapult|31\/100\n|\n|upkeep\n|turn|9\n|j| LT91BB stareal\n|\n|t:|1659025587\n|move|p1a: Dragapult|Shadow Ball|p2a: Volcanion\n|-damage|p2a: Volcanion|0 fnt\n|faint|p2a: Volcanion\n|\n|upkeep\n|\n|t:|1659025589\n|switch|p2a: Landorus|Landorus-Therian, M|100\/100\n|-damage|p2a: Landorus|88\/100|[from] Stealth Rock\n|-ability|p2a: Landorus|Intimidate|boost\n|-unboost|p1a: Dragapult|atk|1\n|turn|10\n|\n|t:|1659025600\n|switch|p1a: Buzzwole|Buzzwole|100\/100\n|move|p2a: Landorus|Defog|p1a: Buzzwole\n|-unboost|p1a: Buzzwole|evasion|1\n|-sideend|p2: LT91BB Fc|Stealth Rock|[from] move: Defog|[of] p2a: Landorus\n|\n|-heal|p2a: Landorus|94\/100|[from] item: Leftovers\n|upkeep\n|turn|11\n|l| monika simp 3000\n|\n|t:|1659025606\n|move|p2a: Landorus|U-turn|p1a: Buzzwole\n|-resisted|p1a: Buzzwole\n|-damage|p1a: Buzzwole|95\/100\n|-damage|p2a: Landorus|78\/100|[from] item: Rocky Helmet|[of] p1a: Buzzwole\n|\n|t:|1659025608\n|switch|p2a: Zapdos|Zapdos|88\/100|[from]move: U-turn\n|move|p1a: Buzzwole|Toxic|p2a: Zapdos\n|-status|p2a: Zapdos|tox\n|\n|-damage|p2a: Zapdos|82\/100 tox|[from] psn\n|upkeep\n|turn|12\n|\n|t:|1659025620\n|switch|p1a: Landorus|Landorus-Therian, M|100\/100\n|-ability|p1a: Landorus|Intimidate|boost\n|-unboost|p2a: Zapdos|atk|1\n|move|p2a: Zapdos|Toxic|p1a: Landorus\n|-status|p1a: Landorus|tox\n|\n|-damage|p2a: Zapdos|70\/100 tox|[from] psn\n|-damage|p1a: Landorus|94\/100 tox|[from] psn\n|upkeep\n|turn|13\n|\n|t:|1659025640\n|move|p2a: Zapdos|Hurricane|p1a: Landorus\n|-damage|p1a: Landorus|46\/100 tox\n|move|p1a: Landorus|Knock Off|p2a: Zapdos\n|-damage|p2a: Zapdos|41\/100 tox\n|-enditem|p2a: Zapdos|Heavy-Duty Boots|[from] move: Knock Off|[of] p1a: Landorus\n|\n|-heal|p1a: Landorus|52\/100 tox|[from] item: Leftovers\n|-damage|p2a: Zapdos|22\/100 tox|[from] psn\n|-damage|p1a: Landorus|40\/100 tox|[from] psn\n|upkeep\n|turn|14\n|\n|t:|1659025652\n|switch|p2a: Landorus|Landorus-Therian, M|78\/100\n|-ability|p2a: Landorus|Intimidate|boost\n|-unboost|p1a: Landorus|atk|1\n|move|p1a: Landorus|U-turn|p2a: Landorus\n|-resisted|p2a: Landorus\n|-damage|p2a: Landorus|71\/100\n|inactive|Goootzinho has 120 seconds left.\n|\n|t:|1659025670\n|switch|p1a: Buzzwole|Buzzwole|95\/100|[from]move: U-turn\n|\n|-heal|p2a: Landorus|77\/100|[from] item: Leftovers\n|upkeep\n|turn|15\n|\n|t:|1659025678\n|switch|p2a: Melmetal|Melmetal, shiny|100\/100\n|move|p1a: Buzzwole|Ice Punch|p2a: Melmetal\n|-resisted|p2a: Melmetal\n|-damage|p2a: Melmetal|94\/100\n|\n|upkeep\n|turn|16\n|\n|t:|1659025697\n|switch|p1a: Heatran|Heatran, M|89\/100\n|move|p2a: Melmetal|Double Iron Bash|p1a: Heatran\n|-resisted|p1a: Heatran\n|-damage|p1a: Heatran|79\/100\n|-resisted|p1a: Heatran\n|-damage|p1a: Heatran|70\/100\n|-hitcount|p1a: Heatran|2\n|\n|-heal|p1a: Heatran|76\/100|[from] item: Leftovers\n|upkeep\n|turn|17\n|\n|t:|1659025705\n|move|p1a: Heatran|Magma Storm|p2a: Melmetal|[miss]\n|-miss|p1a: Heatran|p2a: Melmetal\n|move|p2a: Melmetal|Earthquake|p1a: Heatran\n|-supereffective|p1a: Heatran\n|-damage|p1a: Heatran|0 fnt\n|faint|p1a: Heatran\n|\n|upkeep\n|inactive|Goootzinho has 120 seconds left.\n|\n|t:|1659025735\n|switch|p1a: Landorus|Landorus-Therian, M|40\/100 tox\n|-ability|p1a: Landorus|Intimidate|boost\n|-unboost|p2a: Melmetal|atk|1\n|turn|18\n|\n|t:|1659025738\n|switch|p2a: Landorus|Landorus-Therian, M|77\/100\n|-ability|p2a: Landorus|Intimidate|boost\n|-unboost|p1a: Landorus|atk|1\n|move|p1a: Landorus|U-turn|p2a: Landorus\n|-resisted|p2a: Landorus\n|-damage|p2a: Landorus|69\/100\n|j| LT91BB Poeh\n|inactive|Goootzinho has 120 seconds left.\n|\n|t:|1659025752\n|switch|p1a: Buzzwole|Buzzwole|95\/100|[from]move: U-turn\n|\n|-heal|p2a: Landorus|75\/100|[from] item: Leftovers\n|upkeep\n|turn|19\n|\n|t:|1659025756\n|move|p2a: Landorus|Stealth Rock|p1a: Buzzwole\n|-sidestart|p1: Goootzinho|move: Stealth Rock\n|move|p1a: Buzzwole|Ice Punch|p2a: Landorus\n|-supereffective|p2a: Landorus\n|-damage|p2a: Landorus|0 fnt\n|faint|p2a: Landorus\n|-ability|p1a: Buzzwole|Beast Boost|boost\n|-boost|p1a: Buzzwole|def|1\n|\n|upkeep\n|\n|t:|1659025761\n|switch|p2a: Zapdos|Zapdos|22\/100 tox\n|turn|20\n|inactive|Goootzinho has 120 seconds left.\n|inactive|Goootzinho has 90 seconds left.\n|\n|t:|1659025829\n|switch|p1a: Landorus|Landorus-Therian, M|40\/100 tox\n|-damage|p1a: Landorus|27\/100 tox|[from] Stealth Rock\n|-ability|p1a: Landorus|Intimidate|boost\n|-unboost|p2a: Zapdos|atk|1\n|move|p2a: Zapdos|Hurricane|p1a: Landorus\n|-damage|p1a: Landorus|0 fnt\n|faint|p1a: Landorus\n|\n|-damage|p2a: Zapdos|16\/100 tox|[from] psn\n|upkeep\n|\n|t:|1659025831\n|switch|p1a: Dragapult|Dragapult, F|31\/100\n|-damage|p1a: Dragapult|18\/100|[from] Stealth Rock\n|turn|21\n|\n|t:|1659025841\n|switch|p2a: Melmetal|Melmetal, shiny|94\/100\n|move|p1a: Dragapult|Shadow Ball|p2a: Melmetal\n|-damage|p2a: Melmetal|58\/100\n|-unboost|p2a: Melmetal|spd|1\n|\n|upkeep\n|turn|22\n|inactive|Goootzinho has 90 seconds left.\n|j| Career ended\n|j| fledfd\n|inactive|Goootzinho has 60 seconds left.\n|\n|t:|1659025883\n|switch|p1a: Buzzwole|Buzzwole|95\/100\n|-damage|p1a: Buzzwole|82\/100|[from] Stealth Rock\n|switch|p2a: Weavile|Weavile, M|100\/100\n|-ability|p2a: Weavile|Pressure\n|\n|upkeep\n|turn|23\n|inactive|Goootzinho has 60 seconds left.\n|\n|t:|1659025911\n|move|p2a: Weavile|Triple Axel|p1a: Buzzwole\n|-damage|p1a: Buzzwole|73\/100\n|-damage|p2a: Weavile|84\/100|[from] item: Rocky Helmet|[of] p1a: Buzzwole\n|-damage|p1a: Buzzwole|56\/100\n|-damage|p2a: Weavile|68\/100|[from] item: Rocky Helmet|[of] p1a: Buzzwole\n|-damage|p1a: Buzzwole|32\/100\n|-damage|p2a: Weavile|51\/100|[from] item: Rocky Helmet|[of] p1a: Buzzwole\n|-hitcount|p1a: Buzzwole|3\n|move|p1a: Buzzwole|Close Combat|p2a: Weavile\n|-supereffective|p2a: Weavile\n|-damage|p2a: Weavile|0 fnt\n|-unboost|p1a: Buzzwole|def|1\n|-unboost|p1a: Buzzwole|spd|1\n|faint|p2a: Weavile\n|-ability|p1a: Buzzwole|Beast Boost|boost\n|-boost|p1a: Buzzwole|def|1\n|\n|upkeep\n|j| marsandback\n|\n|t:|1659025922\n|switch|p2a: Zapdos|Zapdos|16\/100 tox\n|turn|24\n|inactive|Goootzinho has 30 seconds left.\n|j| Alove_55kai\u2740 \u6f2b\u6f2b\u591c\u8272\n|l| fledfd\n|j| NDHB\n|inactive|Goootzinho has 20 seconds left.\n|inactive|Goootzinho has 15 seconds left.\n|j| LT91BB animefan\n|inactive|Goootzinho has 10 seconds left.\n|inactive|Goootzinho has 5 seconds left.\n|\n|t:|1659025975\n|switch|p1a: Tapu Lele|Tapu Lele|100\/100\n|-damage|p1a: Tapu Lele|88\/100|[from] Stealth Rock\n|-fieldstart|move: Psychic Terrain|[from] ability: Psychic Surge|[of] p1a: Tapu Lele\n|move|p2a: Zapdos|Volt Switch|p1a: Tapu Lele\n|-damage|p1a: Tapu Lele|59\/100\n|inactive|Goootzinho has 10 seconds left this turn.\n|\n|t:|1659025977\n|switch|p2a: Kartana|Kartana|100\/100|[from]move: Volt Switch\n|\n|upkeep\n|turn|25\n|inactive|Goootzinho has 20 seconds left this turn.\n|\n|t:|1659025980\n|move|p2a: Kartana|Smart Strike|p1a: Tapu Lele\n|-supereffective|p1a: Tapu Lele\n|-damage|p1a: Tapu Lele|0 fnt\n|faint|p1a: Tapu Lele\n|-ability|p2a: Kartana|Beast Boost|boost\n|-boost|p2a: Kartana|atk|1\n|\n|upkeep\n|inactive|Goootzinho has 25 seconds left this turn.\n|\n|t:|1659025985\n|switch|p1a: Buzzwole|Buzzwole|32\/100\n|-damage|p1a: Buzzwole|20\/100|[from] Stealth Rock\n|turn|26\n|\n|t:|1659025986\n|move|p2a: Kartana|Smart Strike|p1a: Buzzwole\n|-damage|p1a: Buzzwole|0 fnt\n|-damage|p2a: Kartana|84\/100|[from] item: Rocky Helmet|[of] p1a: Buzzwole\n|faint|p1a: Buzzwole\n|-ability|p2a: Kartana|Beast Boost|boost\n|-boost|p2a: Kartana|atk|1\n|\n|upkeep\n|\n|t:|1659025989\n|switch|p1a: Dragapult|Dragapult, F|18\/100\n|-damage|p1a: Dragapult|6\/100|[from] Stealth Rock\n|turn|27\n|\n|t:|1659025990\n|move|p2a: Kartana|Smart Strike|p1a: Dragapult\n|-damage|p1a: Dragapult|0 fnt\n|faint|p1a: Dragapult\n|\n|win|LT91BB Fc\n|raw|Goootzinho's rating: 1744 &rarr; <strong>1727<\/strong><br \/>(-17 for losing)\n|raw|LT91BB Fc's rating: 1803 &rarr; <strong>1820<\/strong><br \/>(+17 for winning)\n|l| Career ended\n|l|\u2606LT91BB Fc\n|l|\u2606Goootzinho\n|l| LT91BB stareal\n|j| raccs\n","uploadtime":1659026033,"views":42,"p1id":"goootzinho","p2id":"lt91bbfc","formatid":"gen8ou","rating":1727,"private":0,"password":null}