{"id":"gen8uu-1694325886","p1":"Ichindar2","p2":"misplayin","format":"gen8uu","log":"|j|\u2606Ichindar2\n|j|\u2606misplayin\n|t:|1666694565\n|gametype|singles\n|player|p1|Ichindar2|clerk|1354\n|player|p2|misplayin|bugsy|1467\n|teamsize|p1|6\n|teamsize|p2|6\n|gen|8\n|tier|[Gen 8] UU\n|rated|\n|rule|Sleep Clause Mod: Limit one foe put to sleep\n|rule|Species Clause: Limit one of each Pok\u00e9mon\n|rule|OHKO Clause: OHKO moves are banned\n|rule|Evasion Items Clause: Evasion items are banned\n|rule|Evasion Moves Clause: Evasion moves are banned\n|rule|Endless Battle Clause: Forcing endless battles is banned\n|rule|HP Percentage Mod: HP is shown in percentages\n|rule|Dynamax Clause: You cannot dynamax\n|clearpoke\n|poke|p1|Krookodile, F|\n|poke|p1|Conkeldurr, F|\n|poke|p1|Salamence, F|\n|poke|p1|Slowking, F|\n|poke|p1|Celesteela|\n|poke|p1|Azelf|\n|poke|p2|Swampert, M|\n|poke|p2|Indeedee, M|\n|poke|p2|Amoonguss, M|\n|poke|p2|Mandibuzz, F|\n|poke|p2|Zygarde-10%|\n|poke|p2|Primarina, F|\n|teampreview\n|inactive|Battle timer is ON: inactive players will automatically lose when time's up. (requested by misplayin)\n|\n|t:|1666694586\n|start\n|switch|p1a: Slowking|Slowking, F|100\/100\n|switch|p2a: Primarina|Primarina, F|100\/100\n|turn|1\n|\n|t:|1666694593\n|move|p2a: Primarina|Moonblast|p1a: Slowking\n|-damage|p1a: Slowking|54\/100\n|-unboost|p1a: Slowking|spa|1\n|move|p1a: Slowking|Future Sight|p2a: Primarina\n|-start|p1a: Slowking|move: Future Sight\n|\n|-heal|p1a: Slowking|60\/100|[from] item: Leftovers\n|upkeep\n|turn|2\n|\n|t:|1666694601\n|move|p2a: Primarina|Moonblast|p1a: Slowking\n|-damage|p1a: Slowking|11\/100\n|move|p1a: Slowking|Thunder Wave|p2a: Primarina\n|-status|p2a: Primarina|par\n|\n|-heal|p1a: Slowking|17\/100|[from] item: Leftovers\n|upkeep\n|turn|3\n|\n|t:|1666694608\n|switch|p2a: Mandibuzz|Mandibuzz, F|100\/100\n|switch|p1a: Celesteela|Celesteela|100\/100\n|\n|-end|p2a: Mandibuzz|move: Future Sight\n|-immune|p2a: Mandibuzz\n|upkeep\n|turn|4\n|\n|t:|1666694616\n|switch|p2a: Swampert|Swampert, M|100\/100\n|move|p1a: Celesteela|Heavy Slam|p2a: Swampert\n|-resisted|p2a: Swampert\n|-damage|p2a: Swampert|57\/100\n|\n|-heal|p2a: Swampert|64\/100|[from] item: Leftovers\n|upkeep\n|turn|5\n|\n|t:|1666694622\n|switch|p2a: Amoonguss|Amoonguss, M|100\/100\n|move|p1a: Celesteela|Heavy Slam|p2a: Amoonguss\n|-damage|p2a: Amoonguss|42\/100\n|-damage|p1a: Celesteela|84\/100|[from] item: Rocky Helmet|[of] p2a: Amoonguss\n|\n|upkeep\n|turn|6\n|c|\u2606Ichindar2|fun\n|inactive|misplayin has 120 seconds left.\n|c|\u2606Ichindar2|i dont think is very efficace\n|c|\u2606misplayin|huh?\n|inactive|misplayin has 90 seconds left.\n|\n|t:|1666694688\n|move|p1a: Celesteela|Heavy Slam|p2a: Amoonguss\n|-damage|p2a: Amoonguss|0 fnt\n|-damage|p1a: Celesteela|67\/100|[from] item: Rocky Helmet|[of] p2a: Amoonguss\n|faint|p2a: Amoonguss\n|-ability|p1a: Celesteela|Beast Boost|boost\n|-boost|p1a: Celesteela|atk|1\n|\n|upkeep\n|\n|t:|1666694692\n|switch|p2a: Mandibuzz|Mandibuzz, F|100\/100\n|turn|7\n|\n|t:|1666694696\n|move|p1a: Celesteela|Heavy Slam|p2a: Mandibuzz\n|-damage|p2a: Mandibuzz|16\/100\n|move|p2a: Mandibuzz|Foul Play|p1a: Celesteela\n|-damage|p1a: Celesteela|2\/100\n|\n|upkeep\n|turn|8\n|\n|t:|1666694702\n|move|p1a: Celesteela|Heavy Slam|p2a: Mandibuzz\n|-damage|p2a: Mandibuzz|0 fnt\n|faint|p2a: Mandibuzz\n|-ability|p1a: Celesteela|Beast Boost|boost\n|-boost|p1a: Celesteela|atk|1\n|\n|upkeep\n|\n|t:|1666694709\n|switch|p2a: Zygarde|Zygarde-10%|100\/100\n|-ability|p2a: Zygarde|Aura Break\n|turn|9\n|c|\u2606Ichindar2|woah\n|\n|t:|1666694721\n|switch|p1a: i hate regieleki|Krookodile, F|100\/100\n|-ability|p1a: i hate regieleki|Intimidate|boost\n|-unboost|p2a: Zygarde|atk|1\n|move|p2a: Zygarde|Extreme Speed|p1a: i hate regieleki\n|-damage|p1a: i hate regieleki|74\/100\n|\n|-heal|p1a: i hate regieleki|80\/100|[from] item: Leftovers\n|upkeep\n|turn|10\n|inactive|misplayin has 120 seconds left.\n|\n|t:|1666694730\n|switch|p2a: Swampert|Swampert, M|64\/100\n|move|p1a: i hate regieleki|Knock Off|p2a: Swampert\n|-damage|p2a: Swampert|15\/100\n|-enditem|p2a: Swampert|Leftovers|[from] move: Knock Off|[of] p1a: i hate regieleki\n|\n|-heal|p1a: i hate regieleki|86\/100|[from] item: Leftovers\n|upkeep\n|turn|11\n|\n|t:|1666694737\n|move|p1a: i hate regieleki|Knock Off|p2a: Swampert\n|-damage|p2a: Swampert|0 fnt\n|faint|p2a: Swampert\n|\n|-heal|p1a: i hate regieleki|93\/100|[from] item: Leftovers\n|upkeep\n|\n|t:|1666694741\n|switch|p2a: Primarina|Primarina, F|100\/100 par\n|turn|12\n|\n|t:|1666694760\n|move|p1a: i hate regieleki|Stealth Rock|p2a: Primarina\n|-sidestart|p2: misplayin|move: Stealth Rock\n|move|p2a: Primarina|Moonblast|p1a: i hate regieleki\n|-supereffective|p1a: i hate regieleki\n|-damage|p1a: i hate regieleki|0 fnt\n|faint|p1a: i hate regieleki\n|\n|upkeep\n|\n|t:|1666694766\n|switch|p1a: Celesteela|Celesteela|2\/100\n|turn|13\n|\n|t:|1666694771\n|move|p1a: Celesteela|Heavy Slam|p2a: Primarina\n|-crit|p2a: Primarina\n|-damage|p2a: Primarina|0 fnt\n|faint|p2a: Primarina\n|-ability|p1a: Celesteela|Beast Boost|boost\n|-boost|p1a: Celesteela|atk|1\n|\n|upkeep\n|\n|t:|1666694774\n|switch|p2a: Indeedee|Indeedee, M|100\/100\n|-damage|p2a: Indeedee|88\/100|[from] Stealth Rock\n|-fieldstart|move: Psychic Terrain|[from] ability: Psychic Surge|[of] p2a: Indeedee\n|turn|14\n|\n|t:|1666694781\n|move|p2a: Indeedee|Expanding Force|p1a: Celesteela\n|-resisted|p1a: Celesteela\n|-damage|p1a: Celesteela|0 fnt\n|faint|p1a: Celesteela\n|\n|upkeep\n|\n|t:|1666694793\n|switch|p1a: Slowking|Slowking, F|50\/100\n|turn|15\n|\n|t:|1666694806\n|move|p2a: Indeedee|Expanding Force|p1a: Slowking\n|-resisted|p1a: Slowking\n|-damage|p1a: Slowking|30\/100\n|move|p1a: Slowking|Scald|p2a: Indeedee\n|-damage|p2a: Indeedee|53\/100\n|\n|-heal|p1a: Slowking|36\/100|[from] item: Leftovers\n|upkeep\n|turn|16\n|\n|t:|1666694821\n|switch|p2a: Zygarde|Zygarde-10%|100\/100\n|-damage|p2a: Zygarde|94\/100|[from] Stealth Rock\n|-ability|p2a: Zygarde|Aura Break\n|move|p1a: Slowking|Scald|p2a: Zygarde\n|-damage|p2a: Zygarde|54\/100\n|\n|-heal|p1a: Slowking|42\/100|[from] item: Leftovers\n|upkeep\n|turn|17\n|\n|t:|1666694831\n|switch|p1a: Salamence|Salamence, F|100\/100\n|-ability|p1a: Salamence|Intimidate|boost\n|-unboost|p2a: Zygarde|atk|1\n|move|p2a: Zygarde|Outrage|p1a: Salamence\n|-supereffective|p1a: Salamence\n|-damage|p1a: Salamence|19\/100\n|\n|upkeep\n|turn|18\n|\n|t:|1666694843\n|move|p2a: Zygarde|Outrage|p1a: Salamence|[from]lockedmove\n|-supereffective|p1a: Salamence\n|-crit|p1a: Salamence\n|-damage|p1a: Salamence|0 fnt\n|faint|p1a: Salamence\n|\n|-fieldend|move: Psychic Terrain\n|upkeep\n|\n|t:|1666694851\n|switch|p1a: Azelf|Azelf|100\/100\n|turn|19\n|\n|t:|1666694854\n|move|p1a: Azelf|Psyshock|p2a: Zygarde\n|-damage|p2a: Zygarde|0 fnt\n|faint|p2a: Zygarde\n|\n|upkeep\n|\n|t:|1666694856\n|switch|p2a: Indeedee|Indeedee, M|53\/100\n|-damage|p2a: Indeedee|41\/100|[from] Stealth Rock\n|-fieldstart|move: Psychic Terrain|[from] ability: Psychic Surge|[of] p2a: Indeedee\n|turn|20\n|c|\u2606misplayin|gg\n|\n|t:|1666694862\n|move|p1a: Azelf|Psyshock|p2a: Indeedee\n|-resisted|p2a: Indeedee\n|-damage|p2a: Indeedee|0 fnt\n|faint|p2a: Indeedee\n|\n|win|Ichindar2\n|raw|Ichindar2's rating: 1354 &rarr; <strong>1380<\/strong><br \/>(+26 for winning)\n|raw|misplayin's rating: 1467 &rarr; <strong>1441<\/strong><br \/>(-26 for losing)\n|l|\u2606misplayin\n|c|\u2606Ichindar2|gg\n","uploadtime":1666694875,"views":9,"p1id":"ichindar2","p2id":"misplayin","formatid":"gen8uu","rating":1380,"private":0,"password":null}