{"id":"gen8nationaldex-1590020891","p1":"cump3","p2":"Pks who dis","format":"gen8nationaldex","log":"|j|\u2606cump3\n|j|\u2606Pks who dis\n|t:|1654469006\n|gametype|singles\n|player|p1|cump3|gentleman-gen4|1588\n|player|p2|Pks who dis|crasherwake|1560\n|teamsize|p1|6\n|teamsize|p2|6\n|gen|8\n|tier|[Gen 8] National Dex\n|rated|\n|rule|HP Percentage Mod: HP is shown in percentages\n|rule|Endless Battle Clause: Forcing endless battles is banned\n|rule|OHKO Clause: OHKO moves are banned\n|rule|Evasion Moves Clause: Evasion moves are banned\n|rule|Species Clause: Limit one of each Pok\u00e9mon\n|rule|Dynamax Clause: You cannot dynamax\n|rule|Sleep Clause Mod: Limit one foe put to sleep\n|clearpoke\n|poke|p1|Sableye, M|\n|poke|p1|Chansey, F|\n|poke|p1|Toxapex, M|\n|poke|p1|Quagsire, M|\n|poke|p1|Corviknight, F|\n|poke|p1|Clefable, F|\n|poke|p2|Landorus-Therian, M|\n|poke|p2|Tyranitar, M|\n|poke|p2|Tapu Fini|\n|poke|p2|Charizard, M|\n|poke|p2|Excadrill, M|\n|poke|p2|Serperior, F|\n|teampreview\n|\n|t:|1654469014\n|start\n|switch|p1a: Sableye|Sableye, M|100\/100\n|switch|p2a: Serperior|Serperior, F, shiny|100\/100\n|turn|1\n|\n|t:|1654469021\n|detailschange|p1a: Sableye|Sableye-Mega, M\n|-mega|p1a: Sableye|Sableye|Sablenite\n|move|p2a: Serperior|Substitute|p2a: Serperior\n|-start|p2a: Serperior|Substitute\n|-damage|p2a: Serperior|75\/100\n|move|p1a: Sableye|Knock Off|p2a: Serperior\n|-end|p2a: Serperior|Substitute\n|\n|-heal|p2a: Serperior|82\/100|[from] item: Leftovers\n|upkeep\n|turn|2\n|\n|t:|1654469031\n|move|p2a: Serperior|Leaf Storm|p1a: Sableye\n|-damage|p1a: Sableye|66\/100\n|-boost|p2a: Serperior|spa|2\n|move|p1a: Sableye|Knock Off|p2a: Serperior\n|-damage|p2a: Serperior|51\/100\n|-enditem|p2a: Serperior|Leftovers|[from] move: Knock Off|[of] p1a: Sableye\n|\n|upkeep\n|turn|3\n|\n|t:|1654469044\n|move|p2a: Serperior|Hidden Power|p1a: Sableye\n|-damage|p1a: Sableye|45\/100\n|move|p1a: Sableye|Recover|p1a: Sableye\n|-heal|p1a: Sableye|96\/100\n|\n|upkeep\n|turn|4\n|\n|t:|1654469051\n|switch|p1a: Clefable|Clefable, F|100\/100\n|move|p2a: Serperior|Leaf Storm|p1a: Clefable\n|-damage|p1a: Clefable|71\/100\n|-boost|p2a: Serperior|spa|2\n|\n|upkeep\n|turn|5\n|\n|t:|1654469059\n|switch|p2a: XZardX|Charizard, M, shiny|100\/100\n|move|p1a: Clefable|Moonblast|p2a: XZardX\n|-resisted|p2a: XZardX\n|-damage|p2a: XZardX|81\/100\n|-unboost|p2a: XZardX|spa|1\n|\n|upkeep\n|turn|6\n|\n|t:|1654469069\n|switch|p2a: Top fin|Tapu Fini, shiny|100\/100\n|-fieldstart|move: Misty Terrain|[from] ability: Misty Surge|[of] p2a: Top fin\n|switch|p1a: Chansey|Chansey, F|100\/100\n|\n|upkeep\n|turn|7\n|\n|t:|1654469078\n|switch|p1a: Toxapex|Toxapex, M, shiny|100\/100\n|move|p2a: Top fin|Nature's Madness|p1a: Toxapex\n|-damage|p1a: Toxapex|50\/100\n|\n|upkeep\n|turn|8\n|\n|t:|1654469085\n|move|p2a: Top fin|Taunt|p1a: Toxapex\n|-start|p1a: Toxapex|move: Taunt\n|move|p1a: Toxapex|Poison Jab|p2a: Top fin\n|-supereffective|p2a: Top fin\n|-damage|p2a: Top fin|74\/100\n|\n|upkeep\n|turn|9\n|\n|t:|1654469097\n|move|p2a: Top fin|Nature's Madness|p1a: Toxapex\n|-damage|p1a: Toxapex|25\/100\n|move|p1a: Toxapex|Poison Jab|p2a: Top fin\n|-supereffective|p2a: Top fin\n|-damage|p2a: Top fin|48\/100\n|\n|upkeep\n|turn|10\n|\n|t:|1654469106\n|switch|p1a: Chansey|Chansey, F|100\/100\n|move|p2a: Top fin|Moonblast|p1a: Chansey\n|-damage|p1a: Chansey|90\/100\n|-unboost|p1a: Chansey|spa|1\n|\n|-fieldend|Misty Terrain\n|upkeep\n|turn|11\n|\n|t:|1654469116\n|move|p2a: Top fin|Nature's Madness|p1a: Chansey\n|-damage|p1a: Chansey|45\/100\n|move|p1a: Chansey|Seismic Toss|p2a: Top fin\n|-damage|p2a: Top fin|19\/100\n|-enditem|p2a: Top fin|Aguav Berry|[eat]\n|-heal|p2a: Top fin|51\/100|[from] item: Aguav Berry\n|\n|upkeep\n|turn|12\n|\n|t:|1654469125\n|switch|p1a: Toxapex|Toxapex, M, shiny|59\/100\n|move|p2a: Top fin|Taunt|p1a: Toxapex\n|-start|p1a: Toxapex|move: Taunt\n|\n|upkeep\n|turn|13\n|\n|t:|1654469133\n|switch|p2a: META T|Landorus-Therian, M, shiny|100\/100\n|-ability|p2a: META T|Intimidate|boost\n|-unboost|p1a: Toxapex|atk|1\n|switch|p1a: Corviknight|Corviknight, F, shiny|100\/100\n|-ability|p1a: Corviknight|Pressure\n|\n|upkeep\n|turn|14\n|\n|t:|1654469142\n|move|p2a: META T|U-turn|p1a: Corviknight\n|-resisted|p1a: Corviknight\n|-damage|p1a: Corviknight|96\/100\n|\n|t:|1654469146\n|switch|p2a: XZardX|Charizard, M, shiny|81\/100|[from]move: U-turn\n|move|p1a: Corviknight|Iron Defense|p1a: Corviknight\n|-boost|p1a: Corviknight|def|2\n|\n|upkeep\n|turn|15\n|\n|t:|1654469154\n|switch|p1a: Quagsire|Quagsire, M, shiny|100\/100\n|detailschange|p2a: XZardX|Charizard-Mega-Y, M, shiny\n|-mega|p2a: XZardX|Charizard|Charizardite Y\n|-weather|SunnyDay|[from] ability: Drought|[of] p2a: XZardX\n|move|p2a: XZardX|Weather Ball|p1a: Quagsire\n|-resisted|p1a: Quagsire\n|-damage|p1a: Quagsire|45\/100\n|\n|-weather|SunnyDay|[upkeep]\n|-heal|p1a: Quagsire|51\/100|[from] item: Leftovers\n|upkeep\n|turn|16\n|\n|t:|1654469167\n|switch|p1a: Toxapex|Toxapex, M, shiny|92\/100\n|move|p2a: XZardX|Weather Ball|p1a: Toxapex\n|-resisted|p1a: Toxapex\n|-damage|p1a: Toxapex|53\/100\n|\n|-weather|SunnyDay|[upkeep]\n|upkeep\n|turn|17\n|\n|t:|1654469181\n|switch|p1a: Corviknight|Corviknight, F, shiny|96\/100\n|-ability|p1a: Corviknight|Pressure\n|move|p2a: XZardX|Weather Ball|p1a: Corviknight\n|-supereffective|p1a: Corviknight\n|-damage|p1a: Corviknight|0 fnt\n|faint|p1a: Corviknight\n|\n|-weather|SunnyDay|[upkeep]\n|upkeep\n|\n|t:|1654469186\n|switch|p1a: Chansey|Chansey, F|45\/100\n|turn|18\n|\n|t:|1654469197\n|move|p2a: XZardX|Overheat|p1a: Chansey\n|-damage|p1a: Chansey|8\/100\n|-unboost|p2a: XZardX|spa|2\n|move|p1a: Chansey|Soft-Boiled|p1a: Chansey\n|-heal|p1a: Chansey|58\/100\n|\n|-weather|SunnyDay|[upkeep]\n|upkeep\n|turn|19\n|\n|t:|1654469207\n|switch|p2a: Excadrill|Excadrill, M, shiny|100\/100\n|move|p1a: Chansey|Soft-Boiled|p1a: Chansey\n|-heal|p1a: Chansey|100\/100\n|\n|-weather|none\n|upkeep\n|turn|20\n|\n|t:|1654469215\n|switch|p1a: Quagsire|Quagsire, M, shiny|51\/100\n|move|p2a: Excadrill|Earthquake|p1a: Quagsire\n|-damage|p1a: Quagsire|10\/100\n|\n|-heal|p1a: Quagsire|16\/100|[from] item: Leftovers\n|upkeep\n|turn|21\n|-message|cump3 forfeited.\n|\n|win|Pks who dis\n|raw|cump3's rating: 1588 &rarr; <strong>1566<\/strong><br \/>(-22 for losing)\n|raw|Pks who dis's rating: 1560 &rarr; <strong>1582<\/strong><br \/>(+22 for winning)\n|l|\u2606cump3\n||Ladder isn't responding, score probably updated but might not have (Request timeout).\n","uploadtime":1654469228,"views":16,"p1id":"cump3","p2id":"pkswhodis","formatid":"gen8nationaldex","rating":1566,"private":0,"password":null}