{"id":"gen8nationaldex-1341668598","p1":"legitteambuilder","p2":"rafoudesbois","format":"gen8nationaldex","log":"|j|\u2606legitteambuilder\n|j|\u2606rafoudesbois\n|t:|1621185857\n|gametype|singles\n|player|p1|legitteambuilder|lance|1696\n|player|p2|rafoudesbois|kiawe|1618\n|teamsize|p1|6\n|teamsize|p2|6\n|gen|8\n|tier|[Gen 8] National Dex\n|rated|\n|rule|HP Percentage Mod: HP is shown in percentages\n|rule|Endless Battle Clause: Forcing endless battles is banned\n|rule|OHKO Clause: OHKO moves are banned\n|rule|Evasion Moves Clause: Evasion moves are banned\n|rule|Species Clause: Limit one of each Pok\u00e9mon\n|rule|Dynamax Clause: You cannot dynamax\n|rule|Sleep Clause Mod: Limit one foe put to sleep\n|clearpoke\n|poke|p1|Rillaboom, M|\n|poke|p1|Magnezone|\n|poke|p1|Deoxys-Defense|\n|poke|p1|Kommo-o, M|\n|poke|p1|Diancie|\n|poke|p1|Tapu Fini|\n|poke|p2|Bisharp, M|\n|poke|p2|Charizard, F|\n|poke|p2|Hatterene, F|\n|poke|p2|Conkeldurr, M|\n|poke|p2|Swampert, F|\n|poke|p2|Kartana|\n|teampreview\n|j| aimcrazygirl\n|\n|t:|1621185882\n|start\n|switch|p1a: indifferent|Deoxys-Defense|100\/100\n|switch|p2a: Kartana|Kartana|100\/100\n|-ability|p1a: indifferent|Pressure\n|turn|1\n|l| aimcrazygirl\n|\n|t:|1621185890\n|switch|p2a: Hatterene|Hatterene, F|100\/100\n|move|p1a: indifferent|Teleport|p1a: indifferent\n|\n|t:|1621185897\n|switch|p1a: Monkee|Rillaboom, M, shiny|100\/100|[from]move: Teleport\n|-fieldstart|move: Grassy Terrain|[from] ability: Grassy Surge|[of] p1a: Monkee\n|\n|upkeep\n|turn|2\n|\n|t:|1621185903\n|switch|p2a: Charizard|Charizard, F|100\/100\n|move|p1a: Monkee|U-turn|p2a: Charizard\n|-resisted|p2a: Charizard\n|-damage|p2a: Charizard|87\/100\n|\n|t:|1621185908\n|switch|p1a: lil uzi vert|Diancie, shiny|100\/100|[from]move: U-turn\n|\n|upkeep\n|turn|3\n|c|\u2606rafoudesbois|lol\n|c|\u2606rafoudesbois|nice name\n|\n|t:|1621185923\n|switch|p2a: Swampert|Swampert, F|100\/100\n|detailschange|p1a: lil uzi vert|Diancie-Mega, shiny\n|-mega|p1a: lil uzi vert|Diancie|Diancite\n|move|p1a: lil uzi vert|Diamond Storm|p2a: Swampert\n|-resisted|p2a: Swampert\n|-damage|p2a: Swampert|77\/100\n|\n|-heal|p2a: Swampert|84\/100|[from] Grassy Terrain\n|-heal|p2a: Swampert|90\/100|[from] item: Leftovers\n|upkeep\n|turn|4\n|c|\u2606legitteambuilder|:)\n|\n|t:|1621185934\n|switch|p1a: Tapu Fini|Tapu Fini|100\/100\n|-fieldstart|move: Misty Terrain|[from] ability: Misty Surge|[of] p1a: Tapu Fini\n|switch|p2a: Hatterene|Hatterene, F|100\/100\n|\n|upkeep\n|turn|5\n|\n|t:|1621185942\n|move|p1a: Tapu Fini|Knock Off|p2a: Hatterene\n|-damage|p2a: Hatterene|84\/100\n|-enditem|p2a: Hatterene|Assault Vest|[from] move: Knock Off|[of] p1a: Tapu Fini\n|move|p2a: Hatterene|Giga Drain|p1a: Tapu Fini\n|-supereffective|p1a: Tapu Fini\n|-damage|p1a: Tapu Fini|71\/100\n|-heal|p2a: Hatterene|99\/100|[from] drain|[of] p1a: Tapu Fini\n|\n|-heal|p1a: Tapu Fini|78\/100|[from] item: Leftovers\n|upkeep\n|turn|6\n|\n|t:|1621185954\n|switch|p1a: Robobitch|Magnezone|100\/100\n|switch|p2a: Charizard|Charizard, F|87\/100\n|\n|upkeep\n|turn|7\n|\n|t:|1621185967\n|detailschange|p2a: Charizard|Charizard-Mega-Y, F\n|-mega|p2a: Charizard|Charizard|Charizardite Y\n|-weather|SunnyDay|[from] ability: Drought|[of] p2a: Charizard\n|move|p2a: Charizard|Fire Blast|p1a: Robobitch\n|-supereffective|p1a: Robobitch\n|-damage|p1a: Robobitch|0 fnt\n|faint|p1a: Robobitch\n|\n|-weather|SunnyDay|[upkeep]\n|upkeep\n|\n|t:|1621185971\n|switch|p1a: lil uzi vert|Diancie-Mega, shiny|100\/100\n|turn|8\n|\n|t:|1621185981\n|move|p1a: lil uzi vert|Moonblast|p2a: Charizard\n|-resisted|p2a: Charizard\n|-damage|p2a: Charizard|58\/100\n|-unboost|p2a: Charizard|spa|1\n|move|p2a: Charizard|Scorching Sands|p1a: lil uzi vert\n|-supereffective|p1a: lil uzi vert\n|-damage|p1a: lil uzi vert|47\/100\n|\n|-weather|SunnyDay|[upkeep]\n|-fieldend|Misty Terrain\n|upkeep\n|turn|9\n|\n|t:|1621185991\n|switch|p2a: Swampert|Swampert, F|90\/100\n|move|p1a: lil uzi vert|Moonblast|p2a: Swampert\n|-damage|p2a: Swampert|48\/100\n|-unboost|p2a: Swampert|spa|1\n|\n|-weather|SunnyDay|[upkeep]\n|-heal|p2a: Swampert|54\/100|[from] item: Leftovers\n|upkeep\n|turn|10\n|\n|t:|1621186000\n|switch|p1a: Monkee|Rillaboom, M, shiny|100\/100\n|-fieldstart|move: Grassy Terrain|[from] ability: Grassy Surge|[of] p1a: Monkee\n|switch|p2a: Hatterene|Hatterene, F|99\/100\n|\n|-weather|SunnyDay|[upkeep]\n|-heal|p2a: Hatterene|100\/100|[from] Grassy Terrain\n|upkeep\n|turn|11\n|\n|t:|1621186009\n|move|p1a: Monkee|Wood Hammer|p2a: Hatterene\n|-damage|p2a: Hatterene|0 fnt\n|faint|p2a: Hatterene\n|-damage|p1a: Monkee|70\/100|[from] Recoil\n|\n|-weather|none\n|-heal|p1a: Monkee|76\/100|[from] Grassy Terrain\n|upkeep\n|\n|t:|1621186016\n|switch|p2a: Charizard|Charizard-Mega-Y, F|58\/100\n|-weather|SunnyDay|[from] ability: Drought|[of] p2a: Charizard\n|turn|12\n|\n|t:|1621186041\n|switch|p1a: indifferent|Deoxys-Defense|100\/100\n|-ability|p1a: indifferent|Pressure\n|move|p2a: Charizard|Flame Charge|p1a: indifferent\n|-damage|p1a: indifferent|84\/100\n|-boost|p2a: Charizard|spe|1\n|-damage|p2a: Charizard|42\/100|[from] item: Rocky Helmet|[of] p1a: indifferent\n|\n|-weather|SunnyDay|[upkeep]\n|-heal|p1a: indifferent|90\/100|[from] Grassy Terrain\n|upkeep\n|turn|13\n|\n|t:|1621186052\n|move|p2a: Charizard|Fire Blast|p1a: indifferent\n|-damage|p1a: indifferent|1\/100\n|move|p1a: indifferent|Teleport|p1a: indifferent\n|\n|t:|1621186064\n|switch|p1a: Kommo-oh no|Kommo-o, M, shiny|100\/100|[from]move: Teleport\n|\n|-weather|SunnyDay|[upkeep]\n|upkeep\n|turn|14\n|\n|t:|1621186073\n|move|p2a: Charizard|Air Slash|p1a: Kommo-oh no\n|-supereffective|p1a: Kommo-oh no\n|-damage|p1a: Kommo-oh no|0 fnt\n|faint|p1a: Kommo-oh no\n|\n|-weather|SunnyDay|[upkeep]\n|-fieldend|move: Grassy Terrain\n|upkeep\n|\n|t:|1621186076\n|switch|p1a: Tapu Fini|Tapu Fini|78\/100\n|-fieldstart|move: Misty Terrain|[from] ability: Misty Surge|[of] p1a: Tapu Fini\n|turn|15\n|\n|t:|1621186082\n|move|p2a: Charizard|Air Slash|p1a: Tapu Fini\n|-damage|p1a: Tapu Fini|44\/100\n|move|p1a: Tapu Fini|Moonblast|p2a: Charizard\n|-resisted|p2a: Charizard\n|-damage|p2a: Charizard|26\/100\n|\n|-weather|SunnyDay|[upkeep]\n|-heal|p1a: Tapu Fini|50\/100|[from] item: Leftovers\n|upkeep\n|turn|16\n|\n|t:|1621186091\n|switch|p2a: Kartana|Kartana|100\/100\n|move|p1a: Tapu Fini|Moonblast|p2a: Kartana\n|-resisted|p2a: Kartana\n|-damage|p2a: Kartana|60\/100\n|-unboost|p2a: Kartana|spa|1\n|\n|-weather|none\n|-heal|p1a: Tapu Fini|56\/100|[from] item: Leftovers\n|upkeep\n|turn|17\n|\n|t:|1621186099\n|move|p2a: Kartana|Leaf Blade|p1a: Tapu Fini\n|-supereffective|p1a: Tapu Fini\n|-crit|p1a: Tapu Fini\n|-damage|p1a: Tapu Fini|0 fnt\n|faint|p1a: Tapu Fini\n|-ability|p2a: Kartana|Beast Boost|boost\n|-boost|p2a: Kartana|atk|1\n|\n|upkeep\n|\n|t:|1621186103\n|switch|p1a: Monkee|Rillaboom, M, shiny|76\/100\n|-fieldstart|move: Grassy Terrain|[from] ability: Grassy Surge|[of] p1a: Monkee\n|turn|18\n|\n|t:|1621186108\n|move|p1a: Monkee|Knock Off|p2a: Kartana\n|-damage|p2a: Kartana|24\/100\n|-damage|p1a: Monkee|59\/100|[from] item: Rocky Helmet|[of] p2a: Kartana\n|-enditem|p2a: Kartana|Rocky Helmet|[from] move: Knock Off|[of] p1a: Monkee\n|move|p2a: Kartana|Leaf Blade|p1a: Monkee\n|-resisted|p1a: Monkee\n|-crit|p1a: Monkee\n|-damage|p1a: Monkee|0 fnt\n|faint|p1a: Monkee\n|-ability|p2a: Kartana|Beast Boost|boost\n|-boost|p2a: Kartana|atk|1\n|\n|-heal|p2a: Kartana|30\/100|[from] Grassy Terrain\n|upkeep\n|\n|t:|1621186114\n|switch|p1a: lil uzi vert|Diancie-Mega, shiny|47\/100\n|turn|19\n|\n|t:|1621186122\n|move|p1a: lil uzi vert|Moonblast|p2a: Kartana\n|-resisted|p2a: Kartana\n|-damage|p2a: Kartana|0 fnt\n|faint|p2a: Kartana\n|\n|-heal|p1a: lil uzi vert|53\/100|[from] Grassy Terrain\n|upkeep\n|\n|t:|1621186129\n|switch|p2a: Bisharp|Bisharp, M|100\/100\n|turn|20\n|c|\u2606rafoudesbois|gg\n|\n|t:|1621186172\n|move|p1a: lil uzi vert|Diamond Storm|p2a: Bisharp|[miss]\n|-miss|p1a: lil uzi vert|p2a: Bisharp\n|move|p2a: Bisharp|Iron Head|p1a: lil uzi vert\n|-supereffective|p1a: lil uzi vert\n|-damage|p1a: lil uzi vert|0 fnt\n|faint|p1a: lil uzi vert\n|\n|upkeep\n|-message|legitteambuilder forfeited.\n|\n|win|rafoudesbois\n|l|\u2606legitteambuilder\n|raw|legitteambuilder's rating: 1696 &rarr; <strong>1672<\/strong><br \/>(-24 for losing)\n|raw|rafoudesbois's rating: 1618 &rarr; <strong>1642<\/strong><br \/>(+24 for winning)\n||Ladder isn't responding, score probably updated but might not have (Request timeout).\n","uploadtime":1621186181,"views":17,"p1id":"legitteambuilder","p2id":"rafoudesbois","formatid":"gen8nationaldex","rating":1642,"private":0,"password":null}