{"id":"gen8ou-1666459139","p1":"jeandonis02","p2":"jeanmilapipe","format":"gen8ou","log":"|j|\u2606jeandonis02\n|j|\u2606jeanmilapipe\n|t:|1663412735\n|gametype|singles\n|player|p1|jeandonis02|lucas|1773\n|player|p2|jeanmilapipe|n|1865\n|teamsize|p1|6\n|teamsize|p2|6\n|gen|8\n|tier|[Gen 8] OU\n|rated|\n|rule|Sleep Clause Mod: Limit one foe put to sleep\n|rule|Species Clause: Limit one of each Pok\u00e9mon\n|rule|OHKO Clause: OHKO moves are banned\n|rule|Evasion Items Clause: Evasion items are banned\n|rule|Evasion Moves Clause: Evasion moves are banned\n|rule|Endless Battle Clause: Forcing endless battles is banned\n|rule|HP Percentage Mod: HP is shown in percentages\n|rule|Dynamax Clause: You cannot dynamax\n|clearpoke\n|poke|p1|Zeraora|\n|poke|p1|Toxapex, M|\n|poke|p1|Garchomp, F|\n|poke|p1|Rotom-Wash|\n|poke|p1|Ferrothorn, F|\n|poke|p1|Charizard, M|\n|poke|p2|Blacephalon|\n|poke|p2|Blaziken, F|\n|poke|p2|Aegislash, M|\n|poke|p2|Landorus-Therian, M|\n|poke|p2|Hydreigon, F|\n|poke|p2|Toxapex, M|\n|teampreview\n|\n|t:|1663412755\n|start\n|switch|p1a: Charizard|Charizard, M|100\/100\n|switch|p2a: Hydreigon|Hydreigon, F|100\/100\n|turn|1\n|\n|t:|1663412761\n|switch|p1a: Toxapex|Toxapex, M|100\/100\n|move|p2a: Hydreigon|Dark Pulse|p1a: Toxapex\n|-damage|p1a: Toxapex|74\/100\n|\n|-heal|p1a: Toxapex|80\/100|[from] item: Black Sludge\n|upkeep\n|turn|2\n|\n|t:|1663412770\n|move|p2a: Hydreigon|Substitute|p2a: Hydreigon\n|-start|p2a: Hydreigon|Substitute\n|-damage|p2a: Hydreigon|76\/100\n|move|p1a: Toxapex|Toxic||[still]\n|-fail|p1a: Toxapex\n|\n|-heal|p2a: Hydreigon|82\/100|[from] item: Leftovers\n|-heal|p1a: Toxapex|86\/100|[from] item: Black Sludge\n|upkeep\n|turn|3\n|\n|t:|1663412779\n|move|p2a: Hydreigon|Nasty Plot|p2a: Hydreigon\n|-boost|p2a: Hydreigon|spa|2\n|move|p1a: Toxapex|Haze|p1a: Toxapex\n|-clearallboost\n|\n|-heal|p2a: Hydreigon|88\/100|[from] item: Leftovers\n|-heal|p1a: Toxapex|93\/100|[from] item: Black Sludge\n|upkeep\n|turn|4\n|j| 0WithdrawalSyndrom\n|\n|t:|1663412789\n|switch|p1a: Ferrothorn|Ferrothorn, F|100\/100\n|move|p2a: Hydreigon|Nasty Plot|p2a: Hydreigon\n|-boost|p2a: Hydreigon|spa|2\n|\n|-heal|p2a: Hydreigon|94\/100|[from] item: Leftovers\n|upkeep\n|turn|5\n|\n|t:|1663412800\n|move|p2a: Hydreigon|Dark Pulse|p1a: Ferrothorn\n|-damage|p1a: Ferrothorn|31\/100\n|cant|p1a: Ferrothorn|flinch\n|\n|-heal|p2a: Hydreigon|99\/100|[from] item: Leftovers\n|upkeep\n|turn|6\n|\n|t:|1663412808\n|move|p2a: Hydreigon|Dark Pulse|p1a: Ferrothorn\n|-crit|p1a: Ferrothorn\n|-damage|p1a: Ferrothorn|0 fnt\n|faint|p1a: Ferrothorn\n|\n|-heal|p2a: Hydreigon|100\/100|[from] item: Leftovers\n|upkeep\n|\n|t:|1663412812\n|switch|p1a: Zeraora|Zeraora|100\/100\n|turn|7\n|\n|t:|1663412818\n|move|p1a: Zeraora|Play Rough|p2a: Hydreigon\n|-supereffective|p2a: Hydreigon\n|-end|p2a: Hydreigon|Substitute\n|move|p2a: Hydreigon|Dark Pulse|p1a: Zeraora\n|-enditem|p1a: Zeraora|Focus Sash\n|-damage|p1a: Zeraora|1\/100\n|\n|upkeep\n|turn|8\n|\n|t:|1663412826\n|switch|p2a: Toxapex|Toxapex, M|100\/100\n|move|p1a: Zeraora|Knock Off|p2a: Toxapex\n|-damage|p2a: Toxapex|83\/100\n|-damage|p1a: Zeraora|0 fnt|[from] item: Rocky Helmet|[of] p2a: Toxapex\n|faint|p1a: Zeraora\n|\n|upkeep\n|\n|t:|1663412829\n|switch|p1a: Garchomp|Garchomp, F|100\/100\n|turn|9\n|\n|t:|1663412837\n|move|p1a: Garchomp|Outrage|p2a: Toxapex\n|-damage|p2a: Toxapex|22\/100\n|-damage|p1a: Garchomp|84\/100|[from] item: Rocky Helmet|[of] p2a: Toxapex\n|move|p2a: Toxapex|Toxic|p1a: Garchomp\n|-status|p1a: Garchomp|tox\n|\n|-damage|p1a: Garchomp|78\/100 tox|[from] psn\n|upkeep\n|turn|10\n|\n|t:|1663412846\n|switch|p2a: Aegislash|Aegislash, M|100\/100\n|move|p1a: Garchomp|Outrage|p2a: Aegislash|[from]lockedmove\n|-resisted|p2a: Aegislash\n|-damage|p2a: Aegislash|66\/100\n|-start|p1a: Garchomp|confusion|[fatigue]\n|\n|-heal|p2a: Aegislash|72\/100|[from] item: Leftovers\n|-damage|p1a: Garchomp|65\/100 tox|[from] psn\n|upkeep\n|turn|11\n|\n|t:|1663412857\n|switch|p1a: Rotom|Rotom-Wash|100\/100\n|move|p2a: Aegislash|Swords Dance|p2a: Aegislash\n|-boost|p2a: Aegislash|atk|2\n|\n|-heal|p2a: Aegislash|78\/100|[from] item: Leftovers\n|upkeep\n|turn|12\n|\n|t:|1663412866\n|move|p1a: Rotom|Will-O-Wisp|p2a: Aegislash|[miss]\n|-miss|p1a: Rotom|p2a: Aegislash\n|-formechange|p2a: Aegislash|Aegislash-Blade||[from] ability: Stance Change\n|move|p2a: Aegislash|Shadow Claw|p1a: Rotom\n|-damage|p1a: Rotom|25\/100\n|\n|-heal|p1a: Rotom|31\/100|[from] item: Leftovers\n|-heal|p2a: Aegislash|84\/100|[from] item: Leftovers\n|upkeep\n|turn|13\n|\n|t:|1663412876\n|move|p2a: Aegislash|Shadow Sneak|p1a: Rotom\n|-damage|p1a: Rotom|0 fnt\n|faint|p1a: Rotom\n|\n|-heal|p2a: Aegislash|91\/100|[from] item: Leftovers\n|upkeep\n|\n|t:|1663412879\n|switch|p1a: Garchomp|Garchomp, F|65\/100 tox\n|turn|14\n|\n|t:|1663412885\n|-formechange|p2a: Aegislash|Aegislash||[from] ability: Stance Change\n|move|p2a: Aegislash|King's Shield|p2a: Aegislash\n|-singleturn|p2a: Aegislash|Protect\n|move|p1a: Garchomp|Earthquake|p2a: Aegislash\n|-activate|p2a: Aegislash|move: Protect\n|\n|-heal|p2a: Aegislash|97\/100|[from] item: Leftovers\n|-damage|p1a: Garchomp|59\/100 tox|[from] psn\n|upkeep\n|turn|15\n|\n|t:|1663412897\n|switch|p2a: Hydreigon|Hydreigon, F|100\/100\n|move|p1a: Garchomp|Earthquake|p2a: Hydreigon\n|-immune|p2a: Hydreigon|[from] ability: Levitate\n|\n|-damage|p1a: Garchomp|47\/100 tox|[from] psn\n|upkeep\n|turn|16\n|\n|t:|1663412905\n|move|p1a: Garchomp|Earthquake|p2a: Hydreigon\n|-immune|p2a: Hydreigon|[from] ability: Levitate\n|move|p2a: Hydreigon|Nasty Plot|p2a: Hydreigon\n|-boost|p2a: Hydreigon|spa|2\n|\n|-damage|p1a: Garchomp|29\/100 tox|[from] psn\n|upkeep\n|turn|17\n|-message|jeandonis02 forfeited.\n|\n|win|jeanmilapipe\n|raw|jeandonis02's rating: 1773 &rarr; <strong>1758<\/strong><br \/>(-15 for losing)\n|raw|jeanmilapipe's rating: 1865 &rarr; <strong>1880<\/strong><br \/>(+15 for winning)\n|l|\u2606jeandonis02\n","uploadtime":1663412925,"views":48,"p1id":"jeandonis02","p2id":"jeanmilapipe","formatid":"gen8ou","rating":1758,"private":0,"password":null}