{"id":"gen8ou-1070966698","p1":"Burnt Bright","p2":"Draco333","format":"gen8ou","log":"|j|\u2606Burnt Bright\n|j|\u2606Draco333\n|player|p1|Burnt Bright|226|1537\n|player|p2|Draco333|lance|1504\n|teamsize|p1|6\n|teamsize|p2|6\n|gametype|singles\n|gen|8\n|tier|[Gen 8] OU\n|rated|\n|clearpoke\n|poke|p1|Toxtricity, F|\n|poke|p1|Seismitoad, M|\n|poke|p1|Corviknight, F|\n|poke|p1|Sylveon, F|\n|poke|p1|Grimmsnarl, M|\n|poke|p1|Dragapult, M|\n|poke|p2|Dragapult, M|\n|poke|p2|Corviknight, M|\n|poke|p2|Rotom-Heat|\n|poke|p2|Clefable, M|\n|poke|p2|Dracovish|\n|poke|p2|Hydreigon, F|\n|rule|Sleep Clause Mod: Limit one foe put to sleep\n|rule|Species Clause: Limit one of each Pok\u00e9mon\n|rule|OHKO Clause: OHKO moves are banned\n|rule|Evasion Moves Clause: Evasion moves are banned\n|rule|Endless Battle Clause: Forcing endless battles is banned\n|rule|HP Percentage Mod: HP is shown in percentages\n|rule|Dynamax Clause: You cannot dynamax\n|teampreview\n|inactive|Battle timer is ON: inactive players will automatically lose when time's up. (requested by Draco333)\n|\n|start\n|switch|p1a: Dragapult|Dragapult, M|100\/100\n|switch|p2a: Dragapult|Dragapult, M|100\/100\n|turn|1\n|\n|switch|p1a: Sylveon|Sylveon, F|100\/100\n|switch|p2a: Clefable|Clefable, M|100\/100\n|\n|upkeep\n|turn|2\n|\n|switch|p2a: Rotom|Rotom-Heat|100\/100\n|move|p1a: Sylveon|Hyper Voice|p2a: Rotom\n|-resisted|p2a: Rotom\n|-damage|p2a: Rotom|77\/100\n|\n|upkeep\n|turn|3\n|\n|move|p2a: Rotom|Nasty Plot|p2a: Rotom\n|-boost|p2a: Rotom|spa|2\n|move|p1a: Sylveon|Hyper Voice|p2a: Rotom\n|-resisted|p2a: Rotom\n|-damage|p2a: Rotom|56\/100\n|\n|upkeep\n|turn|4\n|inactive|Burnt Bright has 120 seconds left.\n|\n|switch|p1a: Corviknight|Corviknight, F|100\/100\n|-ability|p1a: Corviknight|Pressure\n|move|p2a: Rotom|Overheat|p1a: Corviknight\n|-supereffective|p1a: Corviknight\n|-damage|p1a: Corviknight|0 fnt\n|-unboost|p2a: Rotom|spa|2\n|faint|p1a: Corviknight\n|\n|upkeep\n|\n|switch|p1a: Toxtricity|Toxtricity, F|100\/100\n|turn|5\n|\n|switch|p2a: Corviknight|Corviknight, M|100\/100\n|-ability|p2a: Corviknight|Pressure\n|move|p1a: Toxtricity|Boomburst|p2a: Corviknight\n|-resisted|p2a: Corviknight\n|-damage|p2a: Corviknight|77\/100\n|-enditem|p1a: Toxtricity|Throat Spray\n|-boost|p1a: Toxtricity|spa|1|[from] item: Throat Spray\n|\n|-heal|p2a: Corviknight|83\/100|[from] item: Leftovers\n|upkeep\n|turn|6\n|\n|switch|p2a: Rotom|Rotom-Heat|56\/100\n|move|p1a: Toxtricity|Shift Gear|p1a: Toxtricity\n|-boost|p1a: Toxtricity|spe|2\n|-boost|p1a: Toxtricity|atk|1\n|\n|upkeep\n|turn|7\n|\n|move|p1a: Toxtricity|Boomburst|p2a: Rotom\n|-damage|p2a: Rotom|0 fnt\n|faint|p2a: Rotom\n|\n|upkeep\n|\n|switch|p2a: Dragapult|Dragapult, M|100\/100\n|turn|8\n|\n|move|p1a: Toxtricity|Overdrive|p2a: Dragapult\n|-resisted|p2a: Dragapult\n|-damage|p2a: Dragapult|44\/100\n|move|p2a: Dragapult|Will-O-Wisp|p1a: Toxtricity\n|-status|p1a: Toxtricity|brn\n|\n|-heal|p2a: Dragapult|50\/100|[from] item: Leftovers\n|-damage|p1a: Toxtricity|94\/100 brn|[from] brn\n|upkeep\n|turn|9\n|\n|switch|p2a: Corviknight|Corviknight, M|83\/100\n|-ability|p2a: Corviknight|Pressure\n|move|p1a: Toxtricity|Overdrive|p2a: Corviknight\n|-supereffective|p2a: Corviknight\n|-damage|p2a: Corviknight|0 fnt\n|faint|p2a: Corviknight\n|\n|-damage|p1a: Toxtricity|88\/100 brn|[from] brn\n|upkeep\n|\n|switch|p2a: Dragapult|Dragapult, M|50\/100\n|turn|10\n|\n|switch|p2a: Hydreigon|Hydreigon, F|100\/100\n|move|p1a: Toxtricity|Overdrive|p2a: Hydreigon\n|-resisted|p2a: Hydreigon\n|-damage|p2a: Hydreigon|54\/100\n|\n|-heal|p2a: Hydreigon|60\/100|[from] item: Leftovers\n|-damage|p1a: Toxtricity|82\/100 brn|[from] brn\n|upkeep\n|turn|11\n|\n|move|p1a: Toxtricity|Boomburst|p2a: Hydreigon\n|-damage|p2a: Hydreigon|0 fnt\n|faint|p2a: Hydreigon\n|\n|-damage|p1a: Toxtricity|76\/100 brn|[from] brn\n|upkeep\n|\n|switch|p2a: Dracovish|Dracovish|100\/100\n|turn|12\n|\n|move|p1a: Toxtricity|Boomburst|p2a: Dracovish\n|-damage|p2a: Dracovish|0 fnt\n|faint|p2a: Dracovish\n|\n|-damage|p1a: Toxtricity|70\/100 brn|[from] brn\n|upkeep\n|c|\u2606Burnt Bright|oh damn\n|\n|switch|p2a: Clefable|Clefable, M|100\/100\n|turn|13\n|\n|move|p1a: Toxtricity|Boomburst|p2a: Clefable\n|-damage|p2a: Clefable|23\/100\n|move|p2a: Clefable|Calm Mind|p2a: Clefable\n|-boost|p2a: Clefable|spa|1\n|-boost|p2a: Clefable|spd|1\n|\n|-heal|p2a: Clefable|29\/100|[from] item: Leftovers\n|-damage|p1a: Toxtricity|63\/100 brn|[from] brn\n|upkeep\n|turn|14\n|\n|move|p1a: Toxtricity|Boomburst|p2a: Clefable\n|-damage|p2a: Clefable|0 fnt\n|faint|p2a: Clefable\n|\n|-damage|p1a: Toxtricity|57\/100 brn|[from] brn\n|upkeep\n|\n|switch|p2a: Dragapult|Dragapult, M|50\/100\n|turn|15\n|\n|move|p1a: Toxtricity|Overdrive|p2a: Dragapult\n|-resisted|p2a: Dragapult\n|-damage|p2a: Dragapult|0 fnt\n|faint|p2a: Dragapult\n|\n|win|Burnt Bright\n|l|\u2606Draco333\n|j|\u2606Draco333\n|player|p2|Draco333|lance\n|raw|Burnt Bright's rating: 1537 &rarr; <strong>1555<\/strong><br \/>(+18 for winning)\n|raw|Draco333's rating: 1504 &rarr; <strong>1486<\/strong><br \/>(-18 for losing)\n","uploadtime":1582934298,"views":22,"p1id":"burntbright","p2id":"draco333","formatid":"gen8ou","rating":1486,"private":0,"password":null}