{"id":"gen8bdspou-1456951069","p1":"O Man2020","p2":"VirginJimmy99","format":"gen8bdspou","log":"|j|\u2606O Man2020\n|j|\u2606VirginJimmy99\n|t:|1637298023\n|gametype|singles\n|player|p1|O Man2020|red|1105\n|player|p2|VirginJimmy99|rocketgrunt|1210\n|teamsize|p1|6\n|teamsize|p2|6\n|gen|8\n|tier|[Gen 8 BDSP] OU\n|rated|\n|rule|Sleep Clause Mod: Limit one foe put to sleep\n|rule|Species Clause: Limit one of each Pok\u00e9mon\n|rule|OHKO Clause: OHKO moves are banned\n|rule|Evasion Moves Clause: Evasion moves are banned\n|rule|Endless Battle Clause: Forcing endless battles is banned\n|rule|HP Percentage Mod: HP is shown in percentages\n|clearpoke\n|poke|p1|Mamoswine, M|\n|poke|p1|Mantine, F|\n|poke|p1|Raikou|\n|poke|p1|Clefable, M|\n|poke|p1|Houndoom, F|\n|poke|p1|Metagross|\n|poke|p2|Feraligatr, M|\n|poke|p2|Azelf|\n|poke|p2|Blaziken, F|\n|poke|p2|Garchomp, F|\n|poke|p2|Weavile, F|\n|poke|p2|Latios, M|\n|teampreview\n|inactive|Battle timer is ON: inactive players will automatically lose when time's up. (requested by O Man2020)\n|\n|t:|1637298039\n|start\n|switch|p1a: Mamoswine|Mamoswine, M|100\/100\n|switch|p2a: Azelf|Azelf|100\/100\n|turn|1\n|\n|t:|1637298044\n|move|p2a: Azelf|Taunt|p1a: Mamoswine\n|-start|p1a: Mamoswine|move: Taunt\n|move|p1a: Mamoswine|Icicle Crash|p2a: Azelf\n|-damage|p2a: Azelf|22\/100\n|-damage|p1a: Mamoswine|91\/100|[from] item: Life Orb\n|\n|upkeep\n|turn|2\n|\n|t:|1637298049\n|switch|p2a: Blaziken|Blaziken, F|100\/100\n|move|p1a: Mamoswine|Ice Shard|p2a: Blaziken\n|-resisted|p2a: Blaziken\n|-damage|p2a: Blaziken|80\/100\n|-damage|p1a: Mamoswine|81\/100|[from] item: Life Orb\n|\n|upkeep\n|turn|3\n|\n|t:|1637298052\n|move|p1a: Mamoswine|Earthquake|p2a: Blaziken\n|-supereffective|p2a: Blaziken\n|-damage|p2a: Blaziken|0 fnt\n|faint|p2a: Blaziken\n|-damage|p1a: Mamoswine|71\/100|[from] item: Life Orb\n|\n|-end|p1a: Mamoswine|move: Taunt\n|upkeep\n|\n|t:|1637298056\n|switch|p2a: Feraligatr|Feraligatr, M|100\/100\n|turn|4\n|\n|t:|1637298060\n|move|p1a: Mamoswine|Earthquake|p2a: Feraligatr\n|-damage|p2a: Feraligatr|26\/100\n|-damage|p1a: Mamoswine|61\/100|[from] item: Life Orb\n|move|p2a: Feraligatr|Waterfall|p1a: Mamoswine\n|-supereffective|p1a: Mamoswine\n|-damage|p1a: Mamoswine|0 fnt\n|faint|p1a: Mamoswine\n|\n|upkeep\n|\n|t:|1637298084\n|switch|p1a: Houndoom|Houndoom, F|100\/100\n|turn|5\n|\n|t:|1637298091\n|move|p1a: Houndoom|Dark Pulse|p2a: Feraligatr\n|-damage|p2a: Feraligatr|0 fnt\n|faint|p2a: Feraligatr\n|\n|upkeep\n|\n|t:|1637298092\n|switch|p2a: Azelf|Azelf|22\/100\n|turn|6\n|\n|t:|1637298096\n|move|p2a: Azelf|Light Screen|p2a: Azelf\n|-sidestart|p2: VirginJimmy99|move: Light Screen\n|move|p1a: Houndoom|Dark Pulse|p2a: Azelf\n|-supereffective|p2a: Azelf\n|-damage|p2a: Azelf|0 fnt\n|faint|p2a: Azelf\n|\n|upkeep\n|\n|t:|1637298099\n|switch|p2a: Garchomp|Garchomp, F|100\/100\n|turn|7\n|\n|t:|1637298101\n|move|p2a: Garchomp|Swords Dance|p2a: Garchomp\n|-boost|p2a: Garchomp|atk|2\n|move|p1a: Houndoom|Dark Pulse|p2a: Garchomp\n|-damage|p2a: Garchomp|81\/100\n|\n|upkeep\n|turn|8\n|\n|t:|1637298107\n|move|p2a: Garchomp|Swords Dance|p2a: Garchomp\n|-boost|p2a: Garchomp|atk|2\n|move|p1a: Houndoom|Counter||[still]\n|-fail|p1a: Houndoom\n|\n|upkeep\n|turn|9\n|\n|t:|1637298112\n|move|p2a: Garchomp|Stone Edge|p1a: Houndoom\n|-supereffective|p1a: Houndoom\n|-enditem|p1a: Houndoom|Focus Sash\n|-damage|p1a: Houndoom|1\/100\n|move|p1a: Houndoom|Counter|p2a: Garchomp\n|-damage|p2a: Garchomp|0 fnt\n|-damage|p1a: Houndoom|0 fnt|[from] ability: Rough Skin|[of] p2a: Garchomp\n|faint|p2a: Garchomp\n|faint|p1a: Houndoom\n|\n|upkeep\n|j| gypvgc\n|\n|t:|1637298124\n|switch|p2a: Latios|Latios, M|100\/100\n|switch|p1a: Metagross|Metagross|100\/100\n|turn|10\n|\n|t:|1637298127\n|move|p2a: Latios|Thunderbolt|p1a: Metagross\n|-damage|p1a: Metagross|56\/100\n|-damage|p2a: Latios|91\/100|[from] item: Life Orb\n|move|p1a: Metagross|Meteor Mash|p2a: Latios\n|-damage|p2a: Latios|0 fnt\n|faint|p2a: Latios\n|\n|upkeep\n|c|\u2606VirginJimmy99|gg\n|-message|VirginJimmy99 forfeited.\n|\n|win|O Man2020\n|raw|O Man2020's rating: 1105 &rarr; <strong>1137<\/strong><br \/>(+32 for winning)\n|raw|VirginJimmy99's rating: 1210 &rarr; <strong>1178<\/strong><br \/>(-32 for losing)\n|l|\u2606VirginJimmy99\n","uploadtime":1637298139,"views":13,"p1id":"oman2020","p2id":"virginjimmy99","formatid":"gen8bdspou","rating":1137,"private":0,"password":null}