{"id":"gen8vgc2022-1614313164","p1":"brifye","p2":"EnjeVGC","format":"gen8vgc2022","log":"|j|\u2606brifye\n|j|\u2606EnjeVGC\n|t:|1657464735\n|gametype|doubles\n|player|p1|brifye|petrel|1466\n|player|p2|EnjeVGC|youngster-gen4dp|1356\n|teamsize|p1|6\n|teamsize|p2|6\n|gen|8\n|tier|[Gen 8] VGC 2022\n|rated|\n|rule|Species Clause: Limit one of each Pok\u00e9mon\n|rule|Item Clause: Limit one of each item\n|clearpoke\n|poke|p1|Calyrex-Shadow, L50|\n|poke|p1|Zacian-*, L50|\n|poke|p1|Gastrodon, L50, M|\n|poke|p1|Incineroar, L50, M|\n|poke|p1|Rillaboom, L50, F|\n|poke|p1|Thundurus, L50, M|\n|poke|p2|Coalossal, L50, F|\n|poke|p2|Urshifu-*, L50, F|\n|poke|p2|Incineroar, L50, F|\n|poke|p2|Zacian-*, L50|\n|poke|p2|Rillaboom, L50, M|\n|poke|p2|Yveltal, L50|\n|teampreview|4\n|inactive|Battle timer is ON: inactive players will automatically lose when time's up. (requested by EnjeVGC)\n|\n|t:|1657464767\n|start\n|switch|p1a: Thundurus|Thundurus, L50, M|100\/100\n|switch|p1b: Zacian|Zacian-Crowned, L50|100\/100\n|switch|p2a: Rillaboom|Rillaboom, L50, M, shiny|100\/100\n|switch|p2b: Yveltal|Yveltal, L50, shiny|100\/100\n|-ability|p1b: Zacian|Intrepid Sword|boost\n|-boost|p1b: Zacian|atk|1\n|-ability|p2b: Yveltal|Dark Aura\n|-fieldstart|move: Grassy Terrain|[from] ability: Grassy Surge|[of] p2a: Rillaboom\n|turn|1\n|\n|t:|1657464791\n|-start|p1a: Thundurus|Dynamax|\n|-heal|p1a: Thundurus|100\/100|[silent]\n|move|p2a: Rillaboom|Fake Out|p1b: Zacian\n|-resisted|p1b: Zacian\n|-damage|p1b: Zacian|94\/100\n|cant|p1b: Zacian|flinch\n|move|p1a: Thundurus|Max Airstream|p2a: Rillaboom\n|-supereffective|p2a: Rillaboom\n|-damage|p2a: Rillaboom|0 fnt\n|-boost|p1a: Thundurus|spe|1\n|-boost|p1b: Zacian|spe|1\n|faint|p2a: Rillaboom\n|-damage|p1a: Thundurus|96\/100|[from] item: Life Orb\n|move|p2b: Yveltal|Snarl|p1b: Zacian|[spread] p1a,p1b\n|-resisted|p1b: Zacian\n|-damage|p1a: Thundurus|78\/100\n|-damage|p1b: Zacian|84\/100\n|-unboost|p1a: Thundurus|spa|1\n|-ability|p1a: Thundurus|Defiant\n|-boost|p1a: Thundurus|atk|2\n|-unboost|p1b: Zacian|spa|1\n|\n|-heal|p1b: Zacian|90\/100|[from] Grassy Terrain\n|upkeep\n|\n|t:|1657464803\n|switch|p2a: Zacian|Zacian-Crowned, L50|100\/100\n|-ability|p2a: Zacian|Intrepid Sword|boost\n|-boost|p2a: Zacian|atk|1\n|turn|2\n|\n|t:|1657464828\n|move|p1b: Zacian|Behemoth Blade|p2a: Zacian\n|-damage|p2a: Zacian|26\/100\n|move|p1a: Thundurus|Max Lightning|p2a: Zacian\n|-damage|p2a: Zacian|0 fnt\n|-fieldstart|move: Electric Terrain\n|faint|p2a: Zacian\n|-damage|p1a: Thundurus|73\/100|[from] item: Life Orb\n|move|p2b: Yveltal|Foul Play|p1a: Thundurus\n|-damage|p1a: Thundurus|0 fnt\n|faint|p1a: Thundurus\n|\n|upkeep\n|\n|t:|1657464842\n|switch|p2a: Incineroar|Incineroar, L50, F, shiny|100\/100\n|switch|p1a: Incineroar|Incineroar, L50, M|100\/100\n|-ability|p2a: Incineroar|Intimidate|boost\n|-unboost|p1a: Incineroar|atk|1\n|-unboost|p1b: Zacian|atk|1\n|-ability|p1a: Incineroar|Intimidate|boost\n|-unboost|p2a: Incineroar|atk|1\n|-unboost|p2b: Yveltal|atk|1\n|turn|3\n|inactive|brifye has 30 seconds left.\n|inactive|EnjeVGC has 30 seconds left.\n|\n|t:|1657464867\n|-start|p2a: Incineroar|Dynamax|\n|-heal|p2a: Incineroar|100\/100|[silent]\n|move|p1b: Zacian|Protect|p1b: Zacian\n|-singleturn|p1b: Zacian|Protect\n|move|p1a: Incineroar|Fake Out|p2b: Yveltal\n|-damage|p2b: Yveltal|94\/100\n|cant|p2b: Yveltal|flinch\n|move|p2a: Incineroar|Max Flare|p1b: Zacian\n|-supereffective|p1b: Zacian\n|-zbroken|p1b: Zacian\n|-damage|p1b: Zacian|75\/100\n|-weather|SunnyDay\n|\n|-weather|SunnyDay|[upkeep]\n|upkeep\n|turn|4\n|\n|t:|1657464892\n|move|p1b: Zacian|Substitute|p1b: Zacian\n|-start|p1b: Zacian|Substitute\n|-damage|p1b: Zacian|51\/100\n|move|p2b: Yveltal|Foul Play|p1b: Zacian\n|-resisted|p1b: Zacian\n|-end|p1b: Zacian|Substitute\n|move|p2a: Incineroar|Max Flare|p1b: Zacian\n|-supereffective|p1b: Zacian\n|-crit|p1b: Zacian\n|-damage|p1b: Zacian|0 fnt\n|faint|p1b: Zacian\n|move|p1a: Incineroar|Parting Shot|p2a: Incineroar\n|-unboost|p2a: Incineroar|atk|1\n|-unboost|p2a: Incineroar|spa|1\n|\n|t:|1657464905\n|switch|p1a: Calyrex|Calyrex-Shadow, L50|100\/100|[from]move: Parting Shot\n|-ability|p1a: Calyrex|As One\n|-ability|p1a: Calyrex|Unnerve\n|\n|-weather|SunnyDay|[upkeep]\n|upkeep\n|\n|t:|1657464911\n|switch|p1b: Incineroar|Incineroar, L50, M|100\/100\n|-ability|p1b: Incineroar|Intimidate|boost\n|-unboost|p2a: Incineroar|atk|1\n|-unboost|p2b: Yveltal|atk|1\n|turn|5\n|\n|t:|1657464934\n|move|p1b: Incineroar|Fake Out|p2b: Yveltal\n|-damage|p2b: Yveltal|86\/100\n|cant|p2b: Yveltal|flinch\n|move|p1a: Calyrex|Astral Barrage|p2a: Incineroar|[spread] p2a,p2b\n|-resisted|p2a: Incineroar\n|-crit|p2a: Incineroar\n|-resisted|p2b: Yveltal\n|-damage|p2a: Incineroar|86\/100\n|-damage|p2b: Yveltal|70\/100\n|move|p2a: Incineroar|Max Flare|p1a: Calyrex\n|-damage|p1a: Calyrex|58\/100\n|\n|-weather|SunnyDay|[upkeep]\n|upkeep\n|-end|p2a: Incineroar|Dynamax\n|-heal|p2a: Incineroar|86\/100|[silent]\n|turn|6\n|\n|t:|1657464953\n|move|p1a: Calyrex|Astral Barrage|p2b: Yveltal|[spread] p2a,p2b\n|-resisted|p2a: Incineroar\n|-resisted|p2b: Yveltal\n|-damage|p2a: Incineroar|67\/100\n|-damage|p2b: Yveltal|55\/100\n|move|p2b: Yveltal|Oblivion Wing|p1b: Incineroar\n|-damage|p1b: Incineroar|66\/100\n|-heal|p2b: Yveltal|79\/100|[from] drain|[of] p1b: Incineroar\n|move|p2a: Incineroar|Parting Shot|p1b: Incineroar\n|-unboost|p1b: Incineroar|atk|1\n|-unboost|p1b: Incineroar|spa|1\n|move|p1b: Incineroar|Flare Blitz|p2b: Yveltal\n|-damage|p2b: Yveltal|41\/100\n|-damage|p1b: Incineroar|52\/100|[from] Recoil\n|\n|-weather|SunnyDay|[upkeep]\n|-fieldend|move: Electric Terrain\n|upkeep\n|turn|7\n|inactive|EnjeVGC has 30 seconds left.\n|\n|t:|1657464982\n|move|p2b: Yveltal|Sucker Punch|p1a: Calyrex\n|-supereffective|p1a: Calyrex\n|-damage|p1a: Calyrex|0 fnt\n|faint|p1a: Calyrex\n|move|p2a: Incineroar|Parting Shot|p1b: Incineroar\n|-unboost|p1b: Incineroar|atk|1\n|-unboost|p1b: Incineroar|spa|1\n|move|p1b: Incineroar|Flare Blitz|p2b: Yveltal\n|-damage|p2b: Yveltal|13\/100\n|-damage|p1b: Incineroar|42\/100|[from] Recoil\n|\n|-weather|none\n|upkeep\n|turn|8\n|\n|t:|1657464997\n|move|p2b: Yveltal|Oblivion Wing|p1b: Incineroar\n|-damage|p1b: Incineroar|4\/100\n|-heal|p2b: Yveltal|39\/100|[from] drain|[of] p1b: Incineroar\n|move|p2a: Incineroar|Parting Shot|p1b: Incineroar\n|-unboost|p1b: Incineroar|atk|1\n|-unboost|p1b: Incineroar|spa|1\n|move|p1b: Incineroar|Flare Blitz|p2b: Yveltal\n|-damage|p2b: Yveltal|24\/100\n|-damage|p1b: Incineroar|0 fnt|[from] Recoil\n|faint|p1b: Incineroar\n|\n|win|EnjeVGC\n|raw|brifye's rating: 1466 &rarr; <strong>1440<\/strong><br \/>(-26 for losing)\n|raw|EnjeVGC's rating: 1356 &rarr; <strong>1382<\/strong><br \/>(+26 for winning)\n|l|\u2606brifye\n||Ladder isn't responding, score probably updated but might not have (Request timeout).\n","uploadtime":1657465015,"views":19,"p1id":"brifye","p2id":"enjevgc","formatid":"gen8vgc2022","rating":1382,"private":0,"password":null}