{"id":"gen8uu-1153342527","p1":"Rorschach I","p2":"Hirumadevilbats","format":"gen8uu","log":"|j|\u2606Rorschach I\n|j|\u2606Hirumadevilbats\n|player|p1|Rorschach I|cynthia|1470\n|player|p2|Hirumadevilbats|176|1417\n|teamsize|p1|6\n|teamsize|p2|6\n|gametype|singles\n|gen|8\n|tier|[Gen 8] UU\n|rated|\n|clearpoke\n|poke|p1|Terrakion|\n|poke|p1|Kyurem|\n|poke|p1|Crawdaunt, F|\n|poke|p1|Jirachi|\n|poke|p1|Rotom-Wash|\n|poke|p1|Mimikyu, F|\n|poke|p2|Terrakion|\n|poke|p2|Slowking, F|\n|poke|p2|Darmanitan, F|\n|poke|p2|Skarmory, M|\n|poke|p2|Scyther, F|\n|poke|p2|Kyurem|\n|rule|Sleep Clause Mod: Limit one foe put to sleep\n|rule|Species Clause: Limit one of each Pok\u00e9mon\n|rule|OHKO Clause: OHKO moves are banned\n|rule|Evasion Moves Clause: Evasion moves are banned\n|rule|Endless Battle Clause: Forcing endless battles is banned\n|rule|HP Percentage Mod: HP is shown in percentages\n|rule|Dynamax Clause: You cannot dynamax\n|teampreview\n|inactive|Battle timer is ON: inactive players will automatically lose when time's up. (requested by Rorschach I)\n|\n|start\n|switch|p1a: Terrakion|Terrakion|100\/100\n|switch|p2a: Darmanitan|Darmanitan, F|100\/100\n|turn|1\n|\n|move|p2a: Darmanitan|U-turn|p1a: Terrakion\n|-resisted|p1a: Terrakion\n|-damage|p1a: Terrakion|86\/100\n|\n|switch|p2a: Skarmory|Skarmory, M|100\/100|[from]move: U-turn\n|move|p1a: Terrakion|Rock Tomb|p2a: Skarmory\n|-damage|p2a: Skarmory|83\/100\n|-unboost|p2a: Skarmory|spe|1\n|\n|upkeep\n|turn|2\n|\n|move|p1a: Terrakion|Taunt|p2a: Skarmory\n|-start|p2a: Skarmory|move: Taunt\n|move|p2a: Skarmory|Body Press|p1a: Terrakion\n|-supereffective|p1a: Terrakion\n|-damage|p1a: Terrakion|7\/100\n|\n|upkeep\n|turn|3\n|\n|move|p1a: Terrakion|Stealth Rock|p2a: Skarmory\n|-sidestart|p2: Hirumadevilbats|move: Stealth Rock\n|move|p2a: Skarmory|Body Press|p1a: Terrakion\n|-supereffective|p1a: Terrakion\n|-damage|p1a: Terrakion|0 fnt\n|faint|p1a: Terrakion\n|\n|upkeep\n|\n|switch|p1a: Rotom|Rotom-Wash|100\/100\n|turn|4\n|\n|switch|p2a: Slowking|Slowking, F|100\/100\n|-damage|p2a: Slowking|88\/100|[from] Stealth Rock\n|move|p1a: Rotom|Volt Switch|p2a: Slowking\n|-supereffective|p2a: Slowking\n|-damage|p2a: Slowking|50\/100\n|\n|switch|p1a: Crawdaunt|Crawdaunt, F|100\/100|[from]move: Volt Switch\n|\n|-heal|p2a: Slowking|56\/100|[from] item: Leftovers\n|upkeep\n|turn|5\n|\n|switch|p2a: Skarmory|Skarmory, M|83\/100\n|-damage|p2a: Skarmory|71\/100|[from] Stealth Rock\n|move|p1a: Crawdaunt|Knock Off|p2a: Skarmory\n|-damage|p2a: Skarmory|21\/100\n|-damage|p1a: Crawdaunt|84\/100|[from] item: Rocky Helmet|[of] p2a: Skarmory\n|-enditem|p2a: Skarmory|Rocky Helmet|[from] move: Knock Off|[of] p1a: Crawdaunt\n|-damage|p1a: Crawdaunt|74\/100|[from] item: Life Orb\n|\n|upkeep\n|turn|6\n|\n|move|p1a: Crawdaunt|Knock Off|p2a: Skarmory\n|-crit|p2a: Skarmory\n|-damage|p2a: Skarmory|0 fnt\n|-damage|p1a: Crawdaunt|65\/100|[from] item: Life Orb\n|faint|p2a: Skarmory\n|\n|upkeep\n|\n|switch|p2a: Scyther|Scyther, F|100\/100\n|turn|7\n|\n|switch|p1a: Jirachi|Jirachi|100\/100\n|move|p2a: Scyther|U-turn|p1a: Jirachi\n|-damage|p1a: Jirachi|69\/100\n|\n|switch|p2a: Darmanitan|Darmanitan, F|100\/100|[from]move: U-turn\n|-damage|p2a: Darmanitan|76\/100|[from] Stealth Rock\n|\n|upkeep\n|turn|8\n|inactive|Rorschach I has 120 seconds left.\n|inactive|Rorschach I has 90 seconds left.\n|\n|move|p1a: Jirachi|U-turn|p2a: Darmanitan\n|-resisted|p2a: Darmanitan\n|-damage|p2a: Darmanitan|61\/100\n|\n|switch|p1a: Crawdaunt|Crawdaunt, F|65\/100|[from]move: U-turn\n|move|p2a: Darmanitan|Flare Blitz|p1a: Crawdaunt\n|-resisted|p1a: Crawdaunt\n|-damage|p1a: Crawdaunt|4\/100\n|-damage|p2a: Darmanitan|46\/100|[from] Recoil\n|\n|upkeep\n|turn|9\n|inactive|Hirumadevilbats has 120 seconds left.\n|\n|switch|p2a: Slowking|Slowking, F|89\/100\n|-damage|p2a: Slowking|77\/100|[from] Stealth Rock\n|move|p1a: Crawdaunt|Aqua Jet|p2a: Slowking\n|-resisted|p2a: Slowking\n|-damage|p2a: Slowking|59\/100\n|-damage|p1a: Crawdaunt|0 fnt|[from] item: Life Orb\n|faint|p1a: Crawdaunt\n|\n|-heal|p2a: Slowking|65\/100|[from] item: Leftovers\n|upkeep\n|j| lodgedog\n|\n|switch|p1a: Kyurem|Kyurem|100\/100\n|-ability|p1a: Kyurem|Pressure\n|turn|10\n|l| lodgedog\n|inactive|Hirumadevilbats has 120 seconds left.\n|\n|move|p1a: Kyurem|Freeze-Dry|p2a: Slowking\n|-supereffective|p2a: Slowking\n|-damage|p2a: Slowking|0 fnt\n|faint|p2a: Slowking\n|\n|upkeep\n|\n|switch|p2a: Terrakion|Terrakion|100\/100\n|-damage|p2a: Terrakion|94\/100|[from] Stealth Rock\n|turn|11\n|inactive|Rorschach I has 90 seconds left.\n|\n|switch|p1a: Jirachi|Jirachi|69\/100\n|move|p2a: Terrakion|Close Combat|p1a: Jirachi\n|-damage|p1a: Jirachi|0 fnt\n|-unboost|p2a: Terrakion|def|1\n|-unboost|p2a: Terrakion|spd|1\n|-damage|p2a: Terrakion|84\/100|[from] item: Life Orb\n|faint|p1a: Jirachi\n|\n|upkeep\n|\n|switch|p1a: Mimikyu|Mimikyu, F|100\/100\n|turn|12\n|\n|move|p2a: Terrakion|Earthquake|p1a: Mimikyu\n|-activate|p1a: Mimikyu|ability: Disguise\n|-damage|p1a: Mimikyu|100\/100\n|detailschange|p1a: Mimikyu|Mimikyu-Busted, F\n|-damage|p1a: Mimikyu|88\/100|[from] pokemon: Mimikyu-Busted\n|-damage|p2a: Terrakion|74\/100|[from] item: Life Orb\n|move|p1a: Mimikyu|Shadow Claw|p2a: Terrakion\n|-damage|p2a: Terrakion|9\/100\n|-damage|p1a: Mimikyu|78\/100|[from] item: Life Orb\n|\n|upkeep\n|turn|13\n|\n|move|p1a: Mimikyu|Shadow Sneak|p2a: Terrakion\n|-damage|p2a: Terrakion|0 fnt\n|-damage|p1a: Mimikyu|68\/100|[from] item: Life Orb\n|faint|p2a: Terrakion\n|\n|upkeep\n|inactive|Hirumadevilbats has 90 seconds left.\n|\n|switch|p2a: Scyther|Scyther, F|100\/100\n|turn|14\n|inactive|Hirumadevilbats has 90 seconds left.\n|\n|switch|p1a: Rotom|Rotom-Wash|100\/100\n|move|p2a: Scyther|Knock Off|p1a: Rotom\n|-damage|p1a: Rotom|63\/100\n|-enditem|p1a: Rotom|Leftovers|[from] move: Knock Off|[of] p2a: Scyther\n|\n|upkeep\n|turn|15\n|inactive|Hirumadevilbats has 90 seconds left.\n|\n|move|p2a: Scyther|U-turn|p1a: Rotom\n|-damage|p1a: Rotom|20\/100\n|inactive|Hirumadevilbats has 90 seconds left.\n|\n|switch|p2a: Kyurem|Kyurem|100\/100|[from]move: U-turn\n|-ability|p2a: Kyurem|Pressure\n|move|p1a: Rotom|Discharge|p2a: Kyurem\n|-resisted|p2a: Kyurem\n|-damage|p2a: Kyurem|83\/100\n|\n|upkeep\n|turn|16\n|inactive|Hirumadevilbats has 90 seconds left.\n|\n|move|p2a: Kyurem|Ice Beam|p1a: Rotom\n|-resisted|p1a: Rotom\n|-damage|p1a: Rotom|0 fnt\n|faint|p1a: Rotom\n|\n|upkeep\n|\n|switch|p1a: Mimikyu|Mimikyu-Busted, F|68\/100\n|turn|17\n|inactive|Hirumadevilbats has 90 seconds left.\n|\n|move|p1a: Mimikyu|Play Rough|p2a: Kyurem\n|-supereffective|p2a: Kyurem\n|-damage|p2a: Kyurem|0 fnt\n|-damage|p1a: Mimikyu|58\/100|[from] item: Life Orb\n|faint|p2a: Kyurem\n|\n|upkeep\n|\n|switch|p2a: Scyther|Scyther, F|100\/100\n|turn|18\n|\n|switch|p1a: Kyurem|Kyurem|100\/100\n|-ability|p1a: Kyurem|Pressure\n|move|p2a: Scyther|Dual Wingbeat|p1a: Kyurem\n|-damage|p1a: Kyurem|74\/100\n|-damage|p1a: Kyurem|46\/100\n|-hitcount|p1a: Kyurem|2\n|\n|upkeep\n|turn|19\n|\n|move|p2a: Scyther|Dual Wingbeat|p1a: Kyurem\n|-damage|p1a: Kyurem|20\/100\n|-damage|p1a: Kyurem|0 fnt\n|-hitcount|p1a: Kyurem|2\n|faint|p1a: Kyurem\n|\n|upkeep\n|\n|switch|p1a: Mimikyu|Mimikyu-Busted, F|58\/100\n|turn|20\n|\n|move|p2a: Scyther|Dual Wingbeat|p1a: Mimikyu\n|-damage|p1a: Mimikyu|9\/100\n|-damage|p1a: Mimikyu|0 fnt\n|-hitcount|p1a: Mimikyu|2\n|faint|p1a: Mimikyu\n|\n|win|Hirumadevilbats\n|raw|Rorschach I's rating: 1470 &rarr; <strong>1447<\/strong><br \/>(-23 for losing)\n|raw|Hirumadevilbats's rating: 1418 &rarr; <strong>1441<\/strong><br \/>(+23 for winning)\n|l|\u2606Rorschach I\n","uploadtime":1595074149,"views":31,"p1id":"rorschachi","p2id":"hirumadevilbats","formatid":"gen8uu","rating":1441,"private":0,"password":null}