{"id":"gen8nationaldex-1483480675","p1":"Blacksponge","p2":"dababys cousin","format":"gen8nationaldex","log":"|j|\u2606Blacksponge\n|j|\u2606dababys cousin\n|t:|1641051872\n|gametype|singles\n|player|p1|Blacksponge|102|1633\n|player|p2|dababys cousin|1|1582\n|teamsize|p1|6\n|teamsize|p2|6\n|gen|8\n|tier|[Gen 8] National Dex\n|rated|\n|rule|HP Percentage Mod: HP is shown in percentages\n|rule|Endless Battle Clause: Forcing endless battles is banned\n|rule|OHKO Clause: OHKO moves are banned\n|rule|Evasion Moves Clause: Evasion moves are banned\n|rule|Species Clause: Limit one of each Pok\u00e9mon\n|rule|Dynamax Clause: You cannot dynamax\n|rule|Sleep Clause Mod: Limit one foe put to sleep\n|clearpoke\n|poke|p1|Pelipper, F|\n|poke|p1|Swampert, M|\n|poke|p1|Greninja, M|\n|poke|p1|Manaphy|\n|poke|p1|Zapdos|\n|poke|p1|Ferrothorn, F|\n|poke|p2|Gliscor, F|\n|poke|p2|Sableye, F|\n|poke|p2|Pyukumuku, M|\n|poke|p2|Avalugg, M|\n|poke|p2|Chansey, F|\n|poke|p2|Zapdos|\n|teampreview\n|\n|t:|1641051880\n|start\n|switch|p1a: Pelipper|Pelipper, F|100\/100\n|switch|p2a: Sableye|Sableye, F|100\/100\n|-weather|RainDance|[from] ability: Drizzle|[of] p1a: Pelipper\n|turn|1\n|\n|t:|1641051889\n|move|p2a: Sableye|Toxic|p1a: Pelipper|[miss]\n|-miss|p2a: Sableye|p1a: Pelipper\n|move|p1a: Pelipper|U-turn|p2a: Sableye\n|-damage|p2a: Sableye|88\/100\n|\n|t:|1641051891\n|switch|p1a: Manaphy|Manaphy|100\/100|[from]move: U-turn\n|\n|-weather|RainDance|[upkeep]\n|upkeep\n|turn|2\n|\n|t:|1641051897\n|detailschange|p2a: Sableye|Sableye-Mega, F\n|-mega|p2a: Sableye|Sableye|Sablenite\n|move|p1a: Manaphy|Tail Glow|p1a: Manaphy\n|-boost|p1a: Manaphy|spa|3\n|move|p2a: Sableye|Toxic|p1a: Manaphy\n|-status|p1a: Manaphy|tox\n|\n|-weather|RainDance|[upkeep]\n|-activate|p1a: Manaphy|ability: Hydration\n|-curestatus|p1a: Manaphy|tox|[msg]\n|upkeep\n|turn|3\n|\n|t:|1641051904\n|switch|p2a: Pyukumuku|Pyukumuku, M|100\/100\n|move|p1a: Manaphy|Surf|p2a: Pyukumuku\n|-resisted|p2a: Pyukumuku\n|-damage|p2a: Pyukumuku|74\/100\n|\n|-weather|RainDance|[upkeep]\n|-heal|p2a: Pyukumuku|80\/100|[from] item: Leftovers\n|upkeep\n|turn|4\n|\n|t:|1641051910\n|move|p1a: Manaphy|Energy Ball|p2a: Pyukumuku\n|-supereffective|p2a: Pyukumuku\n|-damage|p2a: Pyukumuku|30\/100\n|move|p2a: Pyukumuku|Block|p1a: Manaphy\n|-activate|p1a: Manaphy|trapped\n|\n|-weather|RainDance|[upkeep]\n|-heal|p2a: Pyukumuku|36\/100|[from] item: Leftovers\n|upkeep\n|turn|5\n|\n|t:|1641051918\n|switch|p2a: Chansey|Chansey, F|100\/100\n|move|p1a: Manaphy|Energy Ball|p2a: Chansey\n|-damage|p2a: Chansey|80\/100\n|\n|-weather|RainDance|[upkeep]\n|upkeep\n|turn|6\n|\n|t:|1641051931\n|-zpower|p1a: Manaphy\n|move|p1a: Manaphy|Hydro Vortex|p2a: Chansey|[zeffect]\n|-damage|p2a: Chansey|0 fnt\n|faint|p2a: Chansey\n|\n|-weather|RainDance|[upkeep]\n|upkeep\n|\n|t:|1641051941\n|switch|p2a: Zapdos|Zapdos|100\/100\n|-ability|p2a: Zapdos|Pressure\n|turn|7\n|\n|t:|1641051943\n|move|p1a: Manaphy|Surf|p2a: Zapdos\n|-damage|p2a: Zapdos|0 fnt\n|faint|p2a: Zapdos\n|\n|-weather|RainDance|[upkeep]\n|upkeep\n|-message|dababys cousin forfeited.\n|\n|win|Blacksponge\n|raw|Blacksponge's rating: 1633 &rarr; <strong>1650<\/strong><br \/>(+17 for winning)\n|raw|dababys cousin's rating: 1582 &rarr; <strong>1565<\/strong><br \/>(-17 for losing)\n|l|\u2606dababys cousin\n","uploadtime":1641051952,"views":12,"p1id":"blacksponge","p2id":"dababyscousin","formatid":"gen8nationaldex","rating":1565,"private":0,"password":null}