{"id":"gen8ou-1593604137","p1":"Oryen","p2":"Meister Siegfried","format":"gen8ou","log":"|j|\u2606Oryen\n|j|\u2606Meister Siegfried\n|inactive|Battle timer is ON: inactive players will automatically lose when time's up.\n|t:|1654894973\n|gametype|singles\n|player|p1|Oryen|bruno-gen1|\n|player|p2|Meister Siegfried|#helpstaff|\n|teamsize|p1|6\n|teamsize|p2|6\n|gen|8\n|tier|[Gen 8] OU\n|rated|Tournament battle\n|rule|Sleep Clause Mod: Limit one foe put to sleep\n|rule|Species Clause: Limit one of each Pok\u00e9mon\n|rule|OHKO Clause: OHKO moves are banned\n|rule|Evasion Moves Clause: Evasion moves are banned\n|rule|Endless Battle Clause: Forcing endless battles is banned\n|rule|HP Percentage Mod: HP is shown in percentages\n|rule|Dynamax Clause: You cannot dynamax\n|clearpoke\n|poke|p1|Magnezone|\n|poke|p1|Tapu Fini|\n|poke|p1|Hippowdon, M|\n|poke|p1|Tornadus-Therian, M|\n|poke|p1|Buzzwole|\n|poke|p1|Mew|\n|poke|p2|Pelipper, M|\n|poke|p2|Barraskewda, M|\n|poke|p2|Porygon-Z|\n|poke|p2|Ferrothorn, F|\n|poke|p2|Tapu Lele|\n|poke|p2|Seismitoad, F|\n|teampreview\n|j|*Lady Monita \u273f\n|inactive|Meister Siegfried also wants the timer to be on.\n|j| Jolteds\n|j| Me Nub Spare Me\n|c| Me Nub Spare Me|i got sacked so bad\n|c| Me Nub Spare Me|:(\n|c| Me Nub Spare Me|EYO\n|c| Me Nub Spare Me|Protected mons either porygon or lele\n|\n|t:|1654894999\n|start\n|switch|p1a: Tornadus|Tornadus-Therian, M, shiny|100\/100\n|switch|p2a: Barraskewda|Barraskewda, M|100\/100\n|turn|1\n|\n|t:|1654895006\n|switch|p2a: Tapu Lele|Tapu Lele|100\/100\n|-fieldstart|move: Psychic Terrain|[from] ability: Psychic Surge|[of] p2a: Tapu Lele\n|move|p1a: Tornadus|Knock Off|p2a: Tapu Lele\n|-damage|p2a: Tapu Lele|72\/100\n|-enditem|p2a: Tapu Lele|Choice Scarf|[from] move: Knock Off|[of] p1a: Tornadus\n|\n|upkeep\n|turn|2\n|c| Me Nub Spare Me|not lele\n|\n|t:|1654895013\n|move|p1a: Tornadus|Hurricane|p2a: Tapu Lele\n|-damage|p2a: Tapu Lele|26\/100\n|-start|p2a: Tapu Lele|confusion\n|-activate|p2a: Tapu Lele|confusion\n|move|p2a: Tapu Lele|Future Sight|p1a: Tornadus\n|-start|p2a: Tapu Lele|move: Future Sight\n|\n|upkeep\n|turn|3\n|c| Me Nub Spare Me|its porygon\n|c|\u2606Meister Siegfried|can you please drop this\n|\n|t:|1654895027\n|switch|p2a: Ferrothorn|Ferrothorn, F|100\/100\n|move|p1a: Tornadus|Hurricane|p2a: Ferrothorn|[miss]\n|-miss|p1a: Tornadus|p2a: Ferrothorn\n|\n|upkeep\n|turn|4\n|\n|t:|1654895032\n|move|p1a: Tornadus|Heat Wave|p2a: Ferrothorn\n|-supereffective|p2a: Ferrothorn\n|-crit|p2a: Ferrothorn\n|-damage|p2a: Ferrothorn|0 fnt\n|faint|p2a: Ferrothorn\n|\n|-end|p1a: Tornadus|move: Future Sight\n|-damage|p1a: Tornadus|42\/100\n|upkeep\n|c|\u2606Meister Siegfried|ugh\n|\n|t:|1654895044\n|switch|p2a: Pelipper|Pelipper, M|100\/100\n|-weather|RainDance|[from] ability: Drizzle|[of] p2a: Pelipper\n|turn|5\n|\n|t:|1654895049\n|switch|p1a: Hippowdon|Hippowdon, M|100\/100\n|-weather|Sandstorm|[from] ability: Sand Stream|[of] p1a: Hippowdon\n|switch|p2a: Tapu Lele|Tapu Lele|26\/100\n|\n|-weather|Sandstorm|[upkeep]\n|-damage|p2a: Tapu Lele|20\/100|[from] Sandstorm\n|-fieldend|move: Psychic Terrain\n|upkeep\n|turn|6\n|\n|t:|1654895055\n|move|p2a: Tapu Lele|Future Sight|p1a: Hippowdon\n|-start|p2a: Tapu Lele|move: Future Sight\n|move|p1a: Hippowdon|Stealth Rock|p2a: Tapu Lele\n|-sidestart|p2: Meister Siegfried|move: Stealth Rock\n|\n|-weather|Sandstorm|[upkeep]\n|-damage|p2a: Tapu Lele|14\/100|[from] Sandstorm\n|upkeep\n|turn|7\n|\n|t:|1654895058\n|move|p2a: Tapu Lele|Moonblast|p1a: Hippowdon\n|-damage|p1a: Hippowdon|63\/100\n|move|p1a: Hippowdon|Slack Off|p1a: Hippowdon\n|-heal|p1a: Hippowdon|100\/100\n|\n|-weather|Sandstorm|[upkeep]\n|-damage|p2a: Tapu Lele|8\/100|[from] Sandstorm\n|upkeep\n|turn|8\n|\n|t:|1654895064\n|move|p2a: Tapu Lele|Moonblast|p1a: Hippowdon\n|-damage|p1a: Hippowdon|60\/100\n|move|p1a: Hippowdon|Slack Off|p1a: Hippowdon\n|-heal|p1a: Hippowdon|100\/100\n|\n|-weather|Sandstorm|[upkeep]\n|-damage|p2a: Tapu Lele|2\/100|[from] Sandstorm\n|-end|p1a: Hippowdon|move: Future Sight\n|-damage|p1a: Hippowdon|54\/100\n|-heal|p1a: Hippowdon|60\/100|[from] item: Leftovers\n|upkeep\n|turn|9\n|\n|t:|1654895067\n|move|p2a: Tapu Lele|Moonblast|p1a: Hippowdon\n|-damage|p1a: Hippowdon|22\/100\n|move|p1a: Hippowdon|Slack Off|p1a: Hippowdon\n|-heal|p1a: Hippowdon|72\/100\n|\n|-weather|none\n|-heal|p1a: Hippowdon|78\/100|[from] item: Leftovers\n|upkeep\n|turn|10\n|\n|t:|1654895075\n|move|p2a: Tapu Lele|Future Sight|p1a: Hippowdon\n|-start|p2a: Tapu Lele|move: Future Sight\n|move|p1a: Hippowdon|Slack Off|p1a: Hippowdon\n|-heal|p1a: Hippowdon|100\/100\n|\n|upkeep\n|turn|11\n|\n|t:|1654895085\n|switch|p1a: Magnezone|Magnezone|100\/100\n|move|p2a: Tapu Lele|Moonblast|p1a: Magnezone\n|-resisted|p1a: Magnezone\n|-damage|p1a: Magnezone|68\/100\n|\n|-heal|p1a: Magnezone|75\/100|[from] item: Leftovers\n|upkeep\n|turn|12\n|\n|t:|1654895092\n|switch|p1a: Hippowdon|Hippowdon, M|100\/100\n|-weather|Sandstorm|[from] ability: Sand Stream|[of] p1a: Hippowdon\n|move|p2a: Tapu Lele|Moonblast|p1a: Hippowdon\n|-damage|p1a: Hippowdon|59\/100\n|\n|-weather|Sandstorm|[upkeep]\n|-damage|p2a: Tapu Lele|0 fnt|[from] Sandstorm\n|faint|p2a: Tapu Lele\n|-end|p1a: Hippowdon|move: Future Sight\n|-damage|p1a: Hippowdon|7\/100\n|-heal|p1a: Hippowdon|14\/100|[from] item: Leftovers\n|upkeep\n|\n|t:|1654895108\n|switch|p2a: Pelipper|Pelipper, M|100\/100\n|-damage|p2a: Pelipper|76\/100|[from] Stealth Rock\n|-weather|RainDance|[from] ability: Drizzle|[of] p2a: Pelipper\n|turn|13\n|\n|t:|1654895115\n|switch|p1a: Tornadus|Tornadus-Therian, M, shiny|76\/100\n|move|p2a: Pelipper|Scald|p1a: Tornadus\n|-damage|p1a: Tornadus|50\/100\n|\n|-weather|RainDance|[upkeep]\n|upkeep\n|turn|14\n|c| Me Nub Spare Me|dont swap\n|c| Me Nub Spare Me|ye\n|c| Me Nub Spare Me|rip no burn\n|c| Me Nub Spare Me|switch\n|\n|t:|1654895128\n|switch|p2a: Seismitoad|Seismitoad, F|100\/100\n|-damage|p2a: Seismitoad|95\/100|[from] Stealth Rock\n|move|p1a: Tornadus|Hurricane|p2a: Seismitoad\n|-damage|p2a: Seismitoad|47\/100\n|\n|-weather|RainDance|[upkeep]\n|upkeep\n|turn|15\n|c| Me Nub Spare Me|hes gonna go back into hippo\n|c| Me Nub Spare Me|rip\n|c| Me Nub Spare Me|or not\n|c| Me Nub Spare Me|thats nice though\n|\n|t:|1654895148\n|switch|p1a: Tapu Fini|Tapu Fini, shiny|100\/100\n|-fieldstart|move: Misty Terrain|[from] ability: Misty Surge|[of] p1a: Tapu Fini\n|move|p2a: Seismitoad|Weather Ball|p1a: Tapu Fini\n|-resisted|p1a: Tapu Fini\n|-damage|p1a: Tapu Fini|68\/100\n|\n|-weather|RainDance|[upkeep]\n|upkeep\n|turn|16\n|\n|t:|1654895156\n|switch|p2a: Porygon-Z|Porygon-Z|100\/100\n|-damage|p2a: Porygon-Z|88\/100|[from] Stealth Rock\n|-ability|p2a: Porygon-Z|Download|boost\n|-boost|p2a: Porygon-Z|spa|1\n|switch|p1a: Tornadus|Tornadus-Therian, M, shiny|83\/100\n|\n|-weather|RainDance|[upkeep]\n|upkeep\n|turn|17\n|c| Me Nub Spare Me|what are u doing\n|\n|t:|1654895162\n|switch|p1a: Hippowdon|Hippowdon, M|14\/100\n|-weather|Sandstorm|[from] ability: Sand Stream|[of] p1a: Hippowdon\n|move|p2a: Porygon-Z|Tri Attack|p1a: Hippowdon\n|-damage|p1a: Hippowdon|0 fnt\n|faint|p1a: Hippowdon\n|\n|-weather|Sandstorm|[upkeep]\n|-damage|p2a: Porygon-Z|82\/100|[from] Sandstorm\n|upkeep\n|c| Me Nub Spare Me|isnt that ur protected mon\n|j| Cyberpig\n|\n|t:|1654895174\n|switch|p1a: Tornadus|Tornadus-Therian, M, shiny|100\/100\n|turn|18\n|\n|t:|1654895177\n|move|p1a: Tornadus|Knock Off|p2a: Porygon-Z\n|-damage|p2a: Porygon-Z|53\/100\n|-enditem|p2a: Porygon-Z|Choice Specs|[from] move: Knock Off|[of] p1a: Tornadus\n|move|p2a: Porygon-Z|Tri Attack|p1a: Tornadus\n|-damage|p1a: Tornadus|57\/100\n|\n|-weather|Sandstorm|[upkeep]\n|-damage|p1a: Tornadus|51\/100|[from] Sandstorm\n|-damage|p2a: Porygon-Z|47\/100|[from] Sandstorm\n|upkeep\n|turn|19\n|\n|t:|1654895186\n|move|p1a: Tornadus|U-turn|p2a: Porygon-Z\n|-damage|p2a: Porygon-Z|27\/100\n|j| CiElBie\n|c| Me Nub Spare Me|its not the protected mon\n|c| Me Nub Spare Me|uh oh\n|\n|t:|1654895206\n|switch|p1a: Magnezone|Magnezone|75\/100|[from]move: U-turn\n|move|p2a: Porygon-Z|Ice Beam|p1a: Magnezone\n|-resisted|p1a: Magnezone\n|-crit|p1a: Magnezone\n|-damage|p1a: Magnezone|30\/100\n|\n|-weather|Sandstorm|[upkeep]\n|-damage|p2a: Porygon-Z|20\/100|[from] Sandstorm\n|-heal|p1a: Magnezone|36\/100|[from] item: Leftovers\n|-fieldend|Misty Terrain\n|upkeep\n|turn|20\n|\n|t:|1654895231\n|switch|p1a: Buzzwole|Buzzwole|100\/100\n|move|p2a: Porygon-Z|Tri Attack|p1a: Buzzwole\n|-damage|p1a: Buzzwole|0 fnt\n|faint|p1a: Buzzwole\n|\n|-weather|Sandstorm|[upkeep]\n|-damage|p2a: Porygon-Z|14\/100|[from] Sandstorm\n|upkeep\n|\n|t:|1654895235\n|switch|p1a: Tornadus|Tornadus-Therian, M, shiny|84\/100\n|turn|21\n|\n|t:|1654895240\n|move|p1a: Tornadus|U-turn|p2a: Porygon-Z\n|-damage|p2a: Porygon-Z|0 fnt\n|faint|p2a: Porygon-Z\n|\n|t:|1654895245\n|switch|p1a: Tapu Fini|Tapu Fini, shiny|68\/100|[from]move: U-turn\n|-fieldstart|move: Misty Terrain|[from] ability: Misty Surge|[of] p1a: Tapu Fini\n|\n|-weather|none\n|upkeep\n|\n|t:|1654895252\n|switch|p2a: Pelipper|Pelipper, M|76\/100\n|-damage|p2a: Pelipper|51\/100|[from] Stealth Rock\n|-weather|RainDance|[from] ability: Drizzle|[of] p2a: Pelipper\n|turn|22\n|\n|t:|1654895256\n|move|p1a: Tapu Fini|Moonblast|p2a: Pelipper\n|-damage|p2a: Pelipper|20\/100\n|-unboost|p2a: Pelipper|spa|1\n|move|p2a: Pelipper|Roost|p2a: Pelipper\n|-heal|p2a: Pelipper|70\/100\n|-singleturn|p2a: Pelipper|move: Roost\n|\n|-weather|RainDance|[upkeep]\n|upkeep\n|turn|23\n|\n|t:|1654895262\n|move|p1a: Tapu Fini|Taunt|p2a: Pelipper\n|-start|p2a: Pelipper|move: Taunt\n|cant|p2a: Pelipper|move: Taunt|Roost\n|\n|-weather|RainDance|[upkeep]\n|upkeep\n|turn|24\n|\n|t:|1654895265\n|switch|p2a: Barraskewda|Barraskewda, M|100\/100\n|-damage|p2a: Barraskewda|88\/100|[from] Stealth Rock\n|move|p1a: Tapu Fini|Moonblast|p2a: Barraskewda\n|-damage|p2a: Barraskewda|16\/100\n|\n|-weather|RainDance|[upkeep]\n|upkeep\n|turn|25\n|\n|t:|1654895272\n|move|p2a: Barraskewda|Liquidation|p1a: Tapu Fini\n|-resisted|p1a: Tapu Fini\n|-damage|p1a: Tapu Fini|31\/100\n|-damage|p2a: Barraskewda|0 fnt|[from] item: Rocky Helmet|[of] p1a: Tapu Fini\n|faint|p2a: Barraskewda\n|move|p1a: Tapu Fini|Moonblast|p2: Barraskewda|[notarget]\n|-fail|p1a: Tapu Fini\n|\n|-weather|RainDance|[upkeep]\n|-fieldend|Misty Terrain\n|upkeep\n|c|\u2606Meister Siegfried|Pelipper is a horrible Cloak\n|c| Me Nub Spare Me|bro\n|c|\u2606Meister Siegfried|gg\n|-message|Meister Siegfried forfeited.\n|\n|win|Oryen\n|n|\u2606Oryen|oryen\n|n|\u2606Meister Siegfried|meistersiegfried\n|n|*Lady Monita \u273f|ladymonita\n|n| Jolteds|jolteds\n|n| Me Nub Spare Me|menubspareme\n|n| Cyberpig|cyberpig\n|n| CiElBie|cielbie\n","uploadtime":1654895282,"views":25,"p1id":"oryen","p2id":"meistersiegfried","formatid":"gen8ou","rating":0,"private":0,"password":null}