{"id":"gen8ou-1042635783","p1":"Igotthegat","p2":"Knight_of_crimson","format":"gen8ou","log":"|j|\u2606Igotthegat\n|j|\u2606Knight_of_crimson\n|player|p1|Igotthegat|170|1193\n|player|p2|Knight_of_crimson|lance|1175\n|teamsize|p1|6\n|teamsize|p2|6\n|gametype|singles\n|gen|8\n|tier|[Gen 8] OU\n|rated|\n|clearpoke\n|poke|p1|Corviknight, M|\n|poke|p1|Rotom-Mow|\n|poke|p1|Dugtrio, M|\n|poke|p1|Chandelure, M|\n|poke|p1|Mimikyu, F|\n|poke|p1|Seismitoad, M|\n|poke|p2|Sirfetch'd, F|\n|poke|p2|Snorlax, F|\n|poke|p2|Dragapult, F|\n|poke|p2|Rotom-Heat|\n|poke|p2|Seismitoad, M|\n|poke|p2|Corviknight, F|\n|rule|Sleep Clause Mod: Limit one foe put to sleep\n|rule|Species Clause: Limit one of each Pok\u00e9mon\n|rule|OHKO Clause: OHKO moves are banned\n|rule|Evasion Moves Clause: Evasion moves are banned\n|rule|Endless Battle Clause: Forcing endless battles is banned\n|rule|HP Percentage Mod: HP is shown in percentages\n|rule|Dynamax Clause: You cannot dynamax\n|teampreview\n|inactive|Battle timer is ON: inactive players will automatically lose when time's up. (requested by Igotthegat)\n|\n|start\n|switch|p1a: Rotom|Rotom-Mow|100\/100\n|switch|p2a: Corviknight|Corviknight, F|100\/100\n|-ability|p2a: Corviknight|Pressure\n|turn|1\n|\n|move|p1a: Rotom|Leaf Storm|p2a: Corviknight\n|-resisted|p2a: Corviknight\n|-damage|p2a: Corviknight|91\/100\n|-unboost|p1a: Rotom|spa|2\n|move|p2a: Corviknight|Brave Bird|p1a: Rotom\n|-damage|p1a: Rotom|62\/100\n|-damage|p2a: Corviknight|81\/100|[from] Recoil\n|\n|-heal|p2a: Corviknight|87\/100|[from] item: Leftovers\n|upkeep\n|turn|2\n|\n|switch|p1a: Corviknight|Corviknight, M|100\/100\n|-ability|p1a: Corviknight|Pressure\n|move|p2a: Corviknight|U-turn|p1a: Corviknight\n|-resisted|p1a: Corviknight\n|-damage|p1a: Corviknight|98\/100\n|\n|switch|p2a: Dragapult|Dragapult, F|100\/100|[from]move: U-turn\n|\n|upkeep\n|turn|3\n|\n|move|p2a: Dragapult|Fire Blast|p1a: Corviknight\n|-supereffective|p1a: Corviknight\n|-damage|p1a: Corviknight|0 fnt\n|faint|p1a: Corviknight\n|\n|upkeep\n|\n|switch|p1a: Gimikyu|Mimikyu, F, shiny|100\/100\n|turn|4\n|\n|switch|p2a: Rotom|Rotom-Heat|100\/100\n|move|p1a: Gimikyu|Play Rough|p2a: Rotom\n|-resisted|p2a: Rotom\n|-damage|p2a: Rotom|81\/100\n|\n|upkeep\n|turn|5\n|\n|move|p2a: Rotom|Trick|p1a: Gimikyu\n|-activate|p2a: Rotom|move: Trick|[of] p1a: Gimikyu\n|-item|p1a: Gimikyu|Choice Scarf|[from] move: Trick\n|-item|p2a: Rotom|Focus Sash|[from] move: Trick\n|move|p1a: Gimikyu|Swords Dance|p1a: Gimikyu\n|-boost|p1a: Gimikyu|atk|2\n|\n|upkeep\n|turn|6\n|\n|switch|p1a: Seismitoad|Seismitoad, M|100\/100\n|move|p2a: Rotom|Will-O-Wisp|p1a: Seismitoad\n|-status|p1a: Seismitoad|brn\n|\n|-damage|p1a: Seismitoad|94\/100 brn|[from] brn\n|upkeep\n|turn|7\n|\n|switch|p2a: Seismitoad|Seismitoad, M|100\/100\n|move|p1a: Seismitoad|Toxic|p2a: Seismitoad\n|-status|p2a: Seismitoad|tox\n|\n|-heal|p1a: Seismitoad|100\/100 brn|[from] item: Leftovers\n|-damage|p1a: Seismitoad|94\/100 brn|[from] brn\n|-damage|p2a: Seismitoad|94\/100 tox|[from] psn\n|upkeep\n|turn|8\n|\n|move|p1a: Seismitoad|Stealth Rock|p2a: Seismitoad\n|-sidestart|p2: Knight_of_crimson|move: Stealth Rock\n|move|p2a: Seismitoad|Stealth Rock|p1a: Seismitoad\n|-sidestart|p1: Igotthegat|move: Stealth Rock\n|\n|-heal|p1a: Seismitoad|100\/100 brn|[from] item: Leftovers\n|-heal|p2a: Seismitoad|100\/100 tox|[from] item: Leftovers\n|-damage|p1a: Seismitoad|94\/100 brn|[from] brn\n|-damage|p2a: Seismitoad|88\/100 tox|[from] psn\n|upkeep\n|turn|9\n|inactive|Knight_of_crimson has 120 seconds left.\n|inactive|Knight_of_crimson has 90 seconds left.\n|\n|move|p2a: Seismitoad|Earthquake|p1a: Seismitoad\n|-damage|p1a: Seismitoad|70\/100 brn\n|move|p1a: Seismitoad|Toxic|p2a: Seismitoad\n|-fail|p2a: Seismitoad|tox\n|\n|-heal|p1a: Seismitoad|76\/100 brn|[from] item: Leftovers\n|-heal|p2a: Seismitoad|94\/100 tox|[from] item: Leftovers\n|-damage|p1a: Seismitoad|70\/100 brn|[from] brn\n|-damage|p2a: Seismitoad|76\/100 tox|[from] psn\n|upkeep\n|turn|10\n|\n|move|p2a: Seismitoad|Earthquake|p1a: Seismitoad\n|-damage|p1a: Seismitoad|46\/100 brn\n|move|p1a: Seismitoad|Toxic|p2a: Seismitoad\n|-fail|p2a: Seismitoad|tox\n|\n|-heal|p1a: Seismitoad|52\/100 brn|[from] item: Leftovers\n|-heal|p2a: Seismitoad|82\/100 tox|[from] item: Leftovers\n|-damage|p1a: Seismitoad|46\/100 brn|[from] brn\n|-damage|p2a: Seismitoad|58\/100 tox|[from] psn\n|upkeep\n|turn|11\n|\n|switch|p2a: Rotom|Rotom-Heat|81\/100\n|-damage|p2a: Rotom|56\/100|[from] Stealth Rock\n|switch|p1a: Rotom|Rotom-Mow|62\/100\n|-damage|p1a: Rotom|50\/100|[from] Stealth Rock\n|\n|upkeep\n|turn|12\n|inactive|Igotthegat has 120 seconds left.\n|\n|move|p1a: Rotom|Volt Switch|p2a: Rotom\n|-resisted|p2a: Rotom\n|-damage|p2a: Rotom|42\/100\n|\n|switch|p1a: Seismitoad|Seismitoad, M|46\/100 brn|[from]move: Volt Switch\n|-damage|p1a: Seismitoad|40\/100 brn|[from] Stealth Rock\n|move|p2a: Rotom|Trick|p1a: Seismitoad\n|-activate|p2a: Rotom|move: Trick|[of] p1a: Seismitoad\n|-item|p1a: Seismitoad|Focus Sash|[from] move: Trick\n|-item|p2a: Rotom|Leftovers|[from] move: Trick\n|\n|-heal|p2a: Rotom|48\/100|[from] item: Leftovers\n|-damage|p1a: Seismitoad|34\/100 brn|[from] brn\n|upkeep\n|turn|13\n|inactive|Igotthegat has 120 seconds left.\n|\n|switch|p1a: Chandelure|Chandelure, M|100\/100\n|-damage|p1a: Chandelure|76\/100|[from] Stealth Rock\n|move|p2a: Rotom|Overheat|p1a: Chandelure\n|-start|p1a: Chandelure|ability: Flash Fire\n|\n|-heal|p2a: Rotom|54\/100|[from] item: Leftovers\n|upkeep\n|turn|14\n|inactive|Knight_of_crimson has 90 seconds left.\n|inactive|Igotthegat has 120 seconds left.\n|\n|move|p2a: Rotom|Volt Switch|p1a: Chandelure\n|-damage|p1a: Chandelure|41\/100\n|\n|switch|p2a: Seismitoad|Seismitoad, M|58\/100 tox|[from]move: Volt Switch\n|-damage|p2a: Seismitoad|52\/100 tox|[from] Stealth Rock\n|move|p1a: Chandelure|Energy Ball|p2a: Seismitoad\n|-supereffective|p2a: Seismitoad\n|-damage|p2a: Seismitoad|0 fnt\n|faint|p2a: Seismitoad\n|\n|upkeep\n|\n|switch|p2a: Rotom|Rotom-Heat|54\/100\n|-damage|p2a: Rotom|29\/100|[from] Stealth Rock\n|turn|15\n|\n|-end|p1a: Chandelure|ability: Flash Fire|[silent]\n|switch|p1a: Seismitoad|Seismitoad, M|34\/100 brn\n|-damage|p1a: Seismitoad|28\/100 brn|[from] Stealth Rock\n|move|p2a: Rotom|Volt Switch|p1a: Seismitoad\n|-immune|p1a: Seismitoad\n|\n|-heal|p2a: Rotom|35\/100|[from] item: Leftovers\n|-damage|p1a: Seismitoad|22\/100 brn|[from] brn\n|upkeep\n|turn|16\n|\n|move|p2a: Rotom|Overheat|p1a: Seismitoad\n|-resisted|p1a: Seismitoad\n|-damage|p1a: Seismitoad|0 fnt\n|-unboost|p2a: Rotom|spa|2\n|faint|p1a: Seismitoad\n|\n|-heal|p2a: Rotom|41\/100|[from] item: Leftovers\n|upkeep\n|inactive|Igotthegat has 120 seconds left.\n|\n|switch|p1a: Gimikyu|Mimikyu, F, shiny|100\/100\n|-damage|p1a: Gimikyu|88\/100|[from] Stealth Rock\n|turn|17\n|inactive|Knight_of_crimson has 120 seconds left.\n|\n|move|p1a: Gimikyu|Play Rough|p2a: Rotom\n|-resisted|p2a: Rotom\n|-damage|p2a: Rotom|21\/100\n|move|p2a: Rotom|Will-O-Wisp|p1a: Gimikyu\n|-status|p1a: Gimikyu|brn\n|\n|-heal|p2a: Rotom|27\/100|[from] item: Leftovers\n|-damage|p1a: Gimikyu|82\/100 brn|[from] brn\n|upkeep\n|turn|18\n|inactive|Knight_of_crimson has 120 seconds left.\n|\n|switch|p1a: Rotom|Rotom-Mow|50\/100\n|-damage|p1a: Rotom|37\/100|[from] Stealth Rock\n|move|p2a: Rotom|Volt Switch|p1a: Rotom\n|-resisted|p1a: Rotom\n|-damage|p1a: Rotom|34\/100\n|inactive|Knight_of_crimson has 120 seconds left.\n|\n|switch|p2a: Corviknight|Corviknight, F|87\/100|[from]move: Volt Switch\n|-damage|p2a: Corviknight|75\/100|[from] Stealth Rock\n|-ability|p2a: Corviknight|Pressure\n|\n|-heal|p2a: Corviknight|81\/100|[from] item: Leftovers\n|upkeep\n|turn|19\n|\n|move|p1a: Rotom|Volt Switch|p2a: Corviknight\n|-supereffective|p2a: Corviknight\n|-damage|p2a: Corviknight|43\/100\n|\n|switch|p1a: Gimikyu|Mimikyu, F, shiny|82\/100 brn|[from]move: Volt Switch\n|-damage|p1a: Gimikyu|70\/100 brn|[from] Stealth Rock\n|move|p2a: Corviknight|U-turn|p1a: Gimikyu\n|-activate|p1a: Gimikyu|ability: Disguise\n|-damage|p1a: Gimikyu|70\/100 brn\n|detailschange|p1a: Gimikyu|Mimikyu-Busted, F, shiny\n|-damage|p1a: Gimikyu|57\/100 brn|[from] ability: Disguise|[of] p1a: Gimikyu\n|inactive|Knight_of_crimson has 120 seconds left.\n|\n|switch|p2a: Rotom|Rotom-Heat|27\/100|[from]move: U-turn\n|-damage|p2a: Rotom|2\/100|[from] Stealth Rock\n|\n|-heal|p2a: Rotom|8\/100|[from] item: Leftovers\n|-damage|p1a: Gimikyu|51\/100 brn|[from] brn\n|upkeep\n|turn|20\n|\n|move|p1a: Gimikyu|Shadow Sneak|p2a: Rotom\n|-damage|p2a: Rotom|0 fnt\n|faint|p2a: Rotom\n|\n|-damage|p1a: Gimikyu|46\/100 brn|[from] brn\n|upkeep\n|\n|switch|p2a: Snorlax|Snorlax, F, shiny|100\/100\n|-damage|p2a: Snorlax|88\/100|[from] Stealth Rock\n|turn|21\n|\n|switch|p1a: Rotom|Rotom-Mow|34\/100\n|-damage|p1a: Rotom|21\/100|[from] Stealth Rock\n|move|p2a: Snorlax|Curse|p2a: Snorlax\n|-unboost|p2a: Snorlax|spe|1\n|-boost|p2a: Snorlax|atk|1\n|-boost|p2a: Snorlax|def|1\n|\n|-heal|p2a: Snorlax|94\/100|[from] item: Leftovers\n|upkeep\n|turn|22\n|\n|move|p1a: Rotom|Trick|p2a: Snorlax\n|-activate|p1a: Rotom|move: Trick|[of] p2a: Snorlax\n|-item|p2a: Snorlax|Choice Scarf|[from] move: Trick\n|-item|p1a: Rotom|Leftovers|[from] move: Trick\n|move|p2a: Snorlax|Curse|p2a: Snorlax\n|-unboost|p2a: Snorlax|spe|1\n|-boost|p2a: Snorlax|atk|1\n|-boost|p2a: Snorlax|def|1\n|\n|-heal|p1a: Rotom|27\/100|[from] item: Leftovers\n|upkeep\n|turn|23\n|\n|switch|p2a: Corviknight|Corviknight, F|43\/100\n|-damage|p2a: Corviknight|30\/100|[from] Stealth Rock\n|-ability|p2a: Corviknight|Pressure\n|move|p1a: Rotom|Will-O-Wisp|p2a: Corviknight|[miss]\n|-miss|p1a: Rotom|p2a: Corviknight\n|\n|-heal|p1a: Rotom|34\/100|[from] item: Leftovers\n|-heal|p2a: Corviknight|37\/100|[from] item: Leftovers\n|upkeep\n|turn|24\n|inactive|Knight_of_crimson has 120 seconds left.\n|\n|switch|p2a: Dragapult|Dragapult, F|100\/100\n|-damage|p2a: Dragapult|88\/100|[from] Stealth Rock\n|move|p1a: Rotom|Volt Switch|p2a: Dragapult\n|-resisted|p2a: Dragapult\n|-damage|p2a: Dragapult|71\/100\n|\n|switch|p1a: Dugtrio|Dugtrio, M|100\/100|[from]move: Volt Switch\n|-damage|p1a: Dugtrio|94\/100|[from] Stealth Rock\n|\n|upkeep\n|turn|25\n|inactive|Knight_of_crimson has 120 seconds left.\n|\n|move|p1a: Dugtrio|Sucker Punch|p2a: Dragapult\n|-supereffective|p2a: Dragapult\n|-damage|p2a: Dragapult|14\/100\n|move|p2a: Dragapult|Draco Meteor|p1a: Dugtrio\n|-damage|p1a: Dugtrio|0 fnt\n|-unboost|p2a: Dragapult|spa|2\n|faint|p1a: Dugtrio\n|\n|upkeep\n|\n|switch|p1a: Gimikyu|Mimikyu-Busted, F, shiny|46\/100 brn\n|-damage|p1a: Gimikyu|33\/100 brn|[from] Stealth Rock\n|turn|26\n|inactive|Knight_of_crimson has 120 seconds left.\n|\n|switch|p2a: Corviknight|Corviknight, F|37\/100\n|-damage|p2a: Corviknight|24\/100|[from] Stealth Rock\n|-ability|p2a: Corviknight|Pressure\n|move|p1a: Gimikyu|Play Rough|p2a: Corviknight\n|-resisted|p2a: Corviknight\n|-damage|p2a: Corviknight|18\/100\n|\n|-heal|p2a: Corviknight|24\/100|[from] item: Leftovers\n|-damage|p1a: Gimikyu|27\/100 brn|[from] brn\n|upkeep\n|turn|27\n|\n|move|p1a: Gimikyu|Play Rough|p2a: Corviknight\n|-resisted|p2a: Corviknight\n|-damage|p2a: Corviknight|18\/100\n|move|p2a: Corviknight|Roost|p2a: Corviknight\n|-heal|p2a: Corviknight|68\/100\n|-singleturn|p2a: Corviknight|move: Roost\n|\n|-heal|p2a: Corviknight|74\/100|[from] item: Leftovers\n|-damage|p1a: Gimikyu|21\/100 brn|[from] brn\n|upkeep\n|turn|28\n|\n|switch|p1a: Chandelure|Chandelure, M|41\/100\n|-damage|p1a: Chandelure|16\/100|[from] Stealth Rock\n|move|p2a: Corviknight|Roost|p2a: Corviknight\n|-heal|p2a: Corviknight|100\/100\n|-singleturn|p2a: Corviknight|move: Roost\n|\n|upkeep\n|turn|29\n|\n|switch|p2a: Dragapult|Dragapult, F|14\/100\n|-damage|p2a: Dragapult|2\/100|[from] Stealth Rock\n|move|p1a: Chandelure|Flamethrower|p2a: Dragapult\n|-resisted|p2a: Dragapult\n|-damage|p2a: Dragapult|0 fnt\n|faint|p2a: Dragapult\n|\n|upkeep\n|\n|switch|p2a: Snorlax|Snorlax, F, shiny|94\/100\n|-damage|p2a: Snorlax|82\/100|[from] Stealth Rock\n|turn|30\n|inactive|Knight_of_crimson has 120 seconds left.\n|\n|move|p1a: Chandelure|Flamethrower|p2a: Snorlax\n|-damage|p2a: Snorlax|64\/100\n|move|p2a: Snorlax|Darkest Lariat|p1a: Chandelure\n|-supereffective|p1a: Chandelure\n|-damage|p1a: Chandelure|0 fnt\n|faint|p1a: Chandelure\n|\n|upkeep\n|\n|switch|p1a: Rotom|Rotom-Mow|34\/100\n|-damage|p1a: Rotom|21\/100|[from] Stealth Rock\n|turn|31\n|\n|move|p1a: Rotom|Will-O-Wisp|p2a: Snorlax\n|-status|p2a: Snorlax|brn\n|move|p2a: Snorlax|Darkest Lariat|p1a: Rotom\n|-damage|p1a: Rotom|10\/100\n|\n|-heal|p1a: Rotom|16\/100|[from] item: Leftovers\n|-damage|p2a: Snorlax|58\/100 brn|[from] brn\n|upkeep\n|turn|32\n|\n|switch|p1a: Gimikyu|Mimikyu-Busted, F, shiny|21\/100 brn\n|-damage|p1a: Gimikyu|9\/100 brn|[from] Stealth Rock\n|move|p2a: Snorlax|Darkest Lariat|p1a: Gimikyu\n|-damage|p1a: Gimikyu|0 fnt\n|faint|p1a: Gimikyu\n|\n|-damage|p2a: Snorlax|52\/100 brn|[from] brn\n|upkeep\n|\n|switch|p1a: Rotom|Rotom-Mow|16\/100\n|-damage|p1a: Rotom|4\/100|[from] Stealth Rock\n|turn|33\n|\n|move|p1a: Rotom|Volt Switch|p2a: Snorlax\n|-damage|p2a: Snorlax|38\/100 brn\n|move|p2a: Snorlax|Darkest Lariat|p1a: Rotom\n|-damage|p1a: Rotom|0 fnt\n|faint|p1a: Rotom\n|\n|win|Knight_of_crimson\n|c|\u2606Igotthegat|gg\n|raw|Igotthegat's rating: 1193 &rarr; <strong>1167<\/strong><br \/>(-26 for losing)\n|raw|Knight_of_crimson's rating: 1175 &rarr; <strong>1201<\/strong><br \/>(+26 for winning)\n|c|\u2606Knight_of_crimson|gg\n","uploadtime":1578446120,"views":11,"p1id":"igotthegat","p2id":"knightofcrimson","formatid":"gen8ou","rating":1167,"private":0,"password":null}