{"id":"gen8pu-1502936909","p1":"Ivyon","p2":"ck1710","format":"gen8pu","log":"|j|\u2606Ivyon\n|j|\u2606ck1710\n|t:|1643801877\n|gametype|singles\n|player|p1|Ivyon|blue|1233\n|player|p2|ck1710|169|1175\n|teamsize|p1|6\n|teamsize|p2|6\n|gen|8\n|tier|[Gen 8] PU\n|rated|\n|rule|Sleep Clause Mod: Limit one foe put to sleep\n|rule|Species Clause: Limit one of each Pok\u00e9mon\n|rule|OHKO Clause: OHKO moves are banned\n|rule|Evasion Moves Clause: Evasion moves are banned\n|rule|Endless Battle Clause: Forcing endless battles is banned\n|rule|HP Percentage Mod: HP is shown in percentages\n|rule|Dynamax Clause: You cannot dynamax\n|clearpoke\n|poke|p1|Jolteon, M|\n|poke|p1|Lycanroc, M|\n|poke|p1|Cofagrigus, M|\n|poke|p1|Lurantis, F|\n|poke|p1|Rotom-Fan|\n|poke|p1|Alcremie, F|\n|poke|p2|Kabutops, M|\n|poke|p2|Charizard, F|\n|poke|p2|Articuno-Galar|\n|poke|p2|Galvantula, F|\n|poke|p2|Aggron, F|\n|poke|p2|Scrafty, M|\n|teampreview\n|\n|t:|1643801895\n|start\n|switch|p1a: Lycanroc|Lycanroc, M, shiny|100\/100\n|switch|p2a: Kabutops|Kabutops, M|100\/100\n|turn|1\n|\n|t:|1643801902\n|move|p1a: Lycanroc|Taunt|p2a: Kabutops\n|-start|p2a: Kabutops|move: Taunt\n|cant|p2a: Kabutops|move: Taunt|Stealth Rock\n|\n|upkeep\n|turn|2\n|\n|t:|1643801911\n|switch|p1a: Rotom|Rotom-Fan, shiny|100\/100\n|move|p2a: Kabutops|Knock Off|p1a: Rotom\n|-damage|p1a: Rotom|77\/100\n|-damage|p2a: Kabutops|84\/100|[from] item: Rocky Helmet|[of] p1a: Rotom\n|-enditem|p1a: Rotom|Rocky Helmet|[from] move: Knock Off|[of] p2a: Kabutops\n|\n|upkeep\n|turn|3\n|\n|t:|1643801927\n|switch|p2a: Galvantula|Galvantula, F|100\/100\n|move|p1a: Rotom|Volt Switch|p2a: Galvantula\n|-resisted|p2a: Galvantula\n|-crit|p2a: Galvantula\n|-damage|p2a: Galvantula|63\/100\n|\n|t:|1643801929\n|switch|p1a: Lycanroc|Lycanroc, M, shiny|100\/100|[from]move: Volt Switch\n|\n|upkeep\n|turn|4\n|\n|t:|1643801944\n|switch|p2a: Scrafty|Scrafty, M|100\/100\n|move|p1a: Lycanroc|Stone Edge|p2a: Scrafty\n|-resisted|p2a: Scrafty\n|-damage|p2a: Scrafty|80\/100\n|\n|-heal|p2a: Scrafty|86\/100|[from] item: Leftovers\n|upkeep\n|turn|5\n|\n|t:|1643801955\n|move|p1a: Lycanroc|Taunt|p2a: Scrafty\n|-start|p2a: Scrafty|move: Taunt\n|cant|p2a: Scrafty|move: Taunt|Bulk Up\n|\n|-heal|p2a: Scrafty|92\/100|[from] item: Leftovers\n|upkeep\n|turn|6\n|\n|t:|1643801965\n|switch|p1a: Rotom|Rotom-Fan, shiny|77\/100\n|move|p2a: Scrafty|Drain Punch|p1a: Rotom\n|-resisted|p1a: Rotom\n|-damage|p1a: Rotom|64\/100\n|-heal|p2a: Scrafty|98\/100|[from] drain|[of] p1a: Rotom\n|\n|-heal|p2a: Scrafty|100\/100|[from] item: Leftovers\n|upkeep\n|turn|7\n|\n|t:|1643801977\n|move|p1a: Rotom|Volt Switch|p2a: Scrafty\n|-damage|p2a: Scrafty|78\/100\n|\n|t:|1643801981\n|switch|p1a: Alcremie|Alcremie, F|100\/100|[from]move: Volt Switch\n|move|p2a: Scrafty|Knock Off|p1a: Alcremie\n|-resisted|p1a: Alcremie\n|-damage|p1a: Alcremie|72\/100\n|-enditem|p1a: Alcremie|Leftovers|[from] move: Knock Off|[of] p2a: Scrafty\n|\n|-heal|p2a: Scrafty|84\/100|[from] item: Leftovers\n|-end|p2a: Scrafty|move: Taunt\n|upkeep\n|turn|8\n|\n|t:|1643801998\n|switch|p1a: Lurantis|Lurantis, F|100\/100\n|switch|p2a: Aggron|Aggron, F|100\/100\n|\n|upkeep\n|turn|9\n|\n|t:|1643802009\n|switch|p2a: Galvantula|Galvantula, F|63\/100\n|move|p1a: Lurantis|Superpower|p2a: Galvantula\n|-resisted|p2a: Galvantula\n|-damage|p2a: Galvantula|24\/100\n|-boost|p1a: Lurantis|atk|1\n|-boost|p1a: Lurantis|def|1\n|\n|upkeep\n|turn|10\n|\n|t:|1643802024\n|move|p2a: Galvantula|Bug Buzz|p1a: Lurantis\n|-supereffective|p1a: Lurantis\n|-damage|p1a: Lurantis|29\/100\n|move|p1a: Lurantis|Superpower|p2a: Galvantula\n|-resisted|p2a: Galvantula\n|-damage|p2a: Galvantula|0 fnt\n|-boost|p1a: Lurantis|atk|1\n|-boost|p1a: Lurantis|def|1\n|faint|p2a: Galvantula\n|\n|upkeep\n|\n|t:|1643802040\n|switch|p2a: Charizard|Charizard, F|100\/100\n|turn|11\n|\n|t:|1643802044\n|move|p2a: Charizard|Fire Blast|p1a: Lurantis\n|-supereffective|p1a: Lurantis\n|-damage|p1a: Lurantis|0 fnt\n|faint|p1a: Lurantis\n|\n|upkeep\n|\n|t:|1643802049\n|switch|p1a: Lycanroc|Lycanroc, M, shiny|100\/100\n|turn|12\n|\n|t:|1643802057\n|switch|p2a: Kabutops|Kabutops, M|84\/100\n|move|p1a: Lycanroc|Stealth Rock|p2a: Kabutops\n|-sidestart|p2: ck1710|move: Stealth Rock\n|\n|upkeep\n|turn|13\n|\n|t:|1643802069\n|switch|p1a: Rotom|Rotom-Fan, shiny|64\/100\n|move|p2a: Kabutops|Knock Off|p1a: Rotom\n|-damage|p1a: Rotom|47\/100\n|\n|upkeep\n|turn|14\n|\n|t:|1643802077\n|move|p2a: Kabutops|Stone Edge|p1a: Rotom|[miss]\n|-miss|p2a: Kabutops|p1a: Rotom\n|move|p1a: Rotom|Volt Switch|p2a: Kabutops\n|-supereffective|p2a: Kabutops\n|-damage|p2a: Kabutops|0 fnt\n|faint|p2a: Kabutops\n|\n|t:|1643802080\n|switch|p1a: Jolteon|Jolteon, M|100\/100|[from]move: Volt Switch\n|\n|upkeep\n|\n|t:|1643802087\n|switch|p2a: Aggron|Aggron, F|100\/100\n|-damage|p2a: Aggron|94\/100|[from] Stealth Rock\n|turn|15\n|\n|t:|1643802093\n|move|p1a: Jolteon|Volt Switch|p2a: Aggron\n|-damage|p2a: Aggron|8\/100\n|\n|t:|1643802103\n|switch|p1a: Cofagrigus|Cofagrigus, M, shiny|100\/100|[from]move: Volt Switch\n|move|p2a: Aggron|Earthquake|p1a: Cofagrigus\n|-damage|p1a: Cofagrigus|59\/100\n|\n|-heal|p1a: Cofagrigus|65\/100|[from] item: Leftovers\n|upkeep\n|turn|16\n|\n|t:|1643802113\n|move|p2a: Aggron|Earthquake|p1a: Cofagrigus\n|-damage|p1a: Cofagrigus|27\/100\n|move|p1a: Cofagrigus|Body Press|p2a: Aggron\n|-supereffective|p2a: Aggron\n|-damage|p2a: Aggron|0 fnt\n|faint|p2a: Aggron\n|\n|-heal|p1a: Cofagrigus|33\/100|[from] item: Leftovers\n|upkeep\n|\n|t:|1643802132\n|switch|p2a: Scrafty|Scrafty, M|84\/100\n|-damage|p2a: Scrafty|78\/100|[from] Stealth Rock\n|turn|17\n|\n|t:|1643802143\n|move|p2a: Scrafty|Knock Off|p1a: Cofagrigus\n|-supereffective|p1a: Cofagrigus\n|-damage|p1a: Cofagrigus|0 fnt\n|-activate|p1a: Cofagrigus|ability: Mummy|Moxie|[of] p2a: Scrafty\n|-enditem|p1a: Cofagrigus|Leftovers|[from] move: Knock Off|[of] p2a: Scrafty\n|faint|p1a: Cofagrigus\n|\n|-heal|p2a: Scrafty|84\/100|[from] item: Leftovers\n|upkeep\n|\n|t:|1643802146\n|switch|p1a: Jolteon|Jolteon, M|100\/100\n|turn|18\n|\n|t:|1643802155\n|move|p1a: Jolteon|Volt Switch|p2a: Scrafty\n|-damage|p2a: Scrafty|39\/100\n|\n|t:|1643802161\n|switch|p1a: Alcremie|Alcremie, F|72\/100|[from]move: Volt Switch\n|move|p2a: Scrafty|Drain Punch|p1a: Alcremie\n|-resisted|p1a: Alcremie\n|-damage|p1a: Alcremie|49\/100\n|-heal|p2a: Scrafty|50\/100|[from] drain|[of] p1a: Alcremie\n|\n|-heal|p2a: Scrafty|56\/100|[from] item: Leftovers\n|upkeep\n|turn|19\n|\n|t:|1643802182\n|move|p1a: Alcremie|Recover|p1a: Alcremie\n|-heal|p1a: Alcremie|99\/100\n|move|p2a: Scrafty|Drain Punch|p1a: Alcremie\n|-resisted|p1a: Alcremie\n|-damage|p1a: Alcremie|77\/100\n|-heal|p2a: Scrafty|68\/100|[from] drain|[of] p1a: Alcremie\n|\n|-heal|p2a: Scrafty|74\/100|[from] item: Leftovers\n|upkeep\n|turn|20\n|\n|t:|1643802192\n|switch|p1a: Rotom|Rotom-Fan, shiny|47\/100\n|switch|p2a: Charizard|Charizard, F|100\/100\n|\n|upkeep\n|turn|21\n|\n|t:|1643802198\n|move|p2a: Charizard|Fire Blast|p1a: Rotom\n|-crit|p1a: Rotom\n|-damage|p1a: Rotom|0 fnt\n|faint|p1a: Rotom\n|\n|upkeep\n|\n|t:|1643802203\n|switch|p1a: Jolteon|Jolteon, M|100\/100\n|turn|22\n|\n|t:|1643802209\n|move|p1a: Jolteon|Volt Switch|p2a: Charizard\n|-supereffective|p2a: Charizard\n|-damage|p2a: Charizard|0 fnt\n|faint|p2a: Charizard\n|\n|t:|1643802215\n|switch|p1a: Lycanroc|Lycanroc, M, shiny|100\/100|[from]move: Volt Switch\n|\n|upkeep\n|\n|t:|1643802224\n|switch|p2a: Articuno|Articuno-Galar|100\/100\n|turn|23\n|\n|t:|1643802229\n|move|p1a: Lycanroc|Stone Edge|p2a: Articuno\n|-supereffective|p2a: Articuno\n|-damage|p2a: Articuno|0 fnt\n|faint|p2a: Articuno\n|\n|upkeep\n|\n|t:|1643802233\n|switch|p2a: Scrafty|Scrafty, M|74\/100\n|-damage|p2a: Scrafty|68\/100|[from] Stealth Rock\n|turn|24\n|\n|t:|1643802241\n|move|p1a: Lycanroc|Taunt|p2a: Scrafty\n|-start|p2a: Scrafty|move: Taunt\n|move|p2a: Scrafty|Drain Punch|p1a: Lycanroc\n|-supereffective|p1a: Lycanroc\n|-enditem|p1a: Lycanroc|Focus Sash\n|-damage|p1a: Lycanroc|1\/100\n|-heal|p2a: Scrafty|100\/100|[from] drain|[of] p1a: Lycanroc\n|\n|upkeep\n|turn|25\n|\n|t:|1643802251\n|move|p1a: Lycanroc|Endeavor|p2a: Scrafty\n|-damage|p2a: Scrafty|1\/100\n|move|p2a: Scrafty|Knock Off|p1a: Lycanroc\n|-damage|p1a: Lycanroc|0 fnt\n|faint|p1a: Lycanroc\n|-ability|p2a: Scrafty|Moxie|boost\n|-boost|p2a: Scrafty|atk|1\n|\n|-heal|p2a: Scrafty|7\/100|[from] item: Leftovers\n|upkeep\n|\n|t:|1643802255\n|switch|p1a: Jolteon|Jolteon, M|100\/100\n|turn|26\n|c|\u2606ck1710|gg\n|c|\u2606Ivyon|gg\n|\n|t:|1643802262\n|move|p1a: Jolteon|Thunderbolt|p2a: Scrafty\n|-damage|p2a: Scrafty|0 fnt\n|faint|p2a: Scrafty\n|\n|win|Ivyon\n|raw|Ivyon's rating: 1233 &rarr; <strong>1254<\/strong><br \/>(+21 for winning)\n|raw|ck1710's rating: 1175 &rarr; <strong>1154<\/strong><br \/>(-21 for losing)\n|l|\u2606ck1710\n","uploadtime":1643802286,"views":18,"p1id":"ivyon","p2id":"ck1710","formatid":"gen8pu","rating":1154,"private":0,"password":null}