{"id":"gen8nationaldex-1558155009","p1":"Alu9204","p2":"vajinbuuuu","format":"gen8nationaldex","log":"|j|\u2606Alu9204\n|j|\u2606vajinbuuuu\n|t:|1650543046\n|gametype|singles\n|player|p1|Alu9204|burglar|1563\n|player|p2|vajinbuuuu|101|1500\n|teamsize|p1|6\n|teamsize|p2|6\n|gen|8\n|tier|[Gen 8] National Dex\n|rated|\n|rule|HP Percentage Mod: HP is shown in percentages\n|rule|Endless Battle Clause: Forcing endless battles is banned\n|rule|OHKO Clause: OHKO moves are banned\n|rule|Evasion Moves Clause: Evasion moves are banned\n|rule|Species Clause: Limit one of each Pok\u00e9mon\n|rule|Dynamax Clause: You cannot dynamax\n|rule|Sleep Clause Mod: Limit one foe put to sleep\n|clearpoke\n|poke|p1|Breloom, F|\n|poke|p1|Landorus-Therian, M|\n|poke|p1|Zeraora|\n|poke|p1|Corviknight, F|\n|poke|p1|Zapdos-Galar|\n|poke|p1|Latios, M|\n|poke|p2|Greninja, M|\n|poke|p2|Melmetal|\n|poke|p2|Landorus-Therian, M|\n|poke|p2|Serperior, M|\n|poke|p2|Tapu Lele|\n|poke|p2|Moltres-Galar|\n|teampreview\n|inactive|Battle timer is ON: inactive players will automatically lose when time's up. (requested by vajinbuuuu)\n|\n|t:|1650543063\n|start\n|switch|p1a: Breloom|Breloom, F|100\/100\n|switch|p2a: Tapu Lele|Tapu Lele|100\/100\n|-fieldstart|move: Psychic Terrain|[from] ability: Psychic Surge|[of] p2a: Tapu Lele\n|turn|1\n|\n|t:|1650543072\n|move|p2a: Tapu Lele|Psychic|p1a: Breloom\n|-supereffective|p1a: Breloom\n|-enditem|p1a: Breloom|Focus Sash\n|-damage|p1a: Breloom|1\/100\n|move|p1a: Breloom|Bullet Seed|p2a: Tapu Lele\n|-damage|p2a: Tapu Lele|72\/100\n|-damage|p2a: Tapu Lele|45\/100\n|-hitcount|p2a: Tapu Lele|2\n|\n|upkeep\n|turn|2\n|\n|t:|1650543075\n|move|p2a: Tapu Lele|Psychic|p1a: Breloom\n|-supereffective|p1a: Breloom\n|-damage|p1a: Breloom|0 fnt\n|faint|p1a: Breloom\n|\n|upkeep\n|\n|t:|1650543081\n|switch|p1a: Corviknight|Corviknight, F|100\/100\n|-ability|p1a: Corviknight|Pressure\n|turn|3\n|\n|t:|1650543086\n|switch|p2a: Landorus|Landorus-Therian, M|100\/100\n|-ability|p2a: Landorus|Intimidate|boost\n|-unboost|p1a: Corviknight|atk|1\n|move|p1a: Corviknight|U-turn|p2a: Landorus\n|-resisted|p2a: Landorus\n|-damage|p2a: Landorus|97\/100\n|\n|t:|1650543090\n|switch|p1a: Latios|Latios, M|100\/100|[from]move: U-turn\n|\n|-heal|p2a: Landorus|100\/100|[from] item: Leftovers\n|upkeep\n|turn|4\n|inactive|vajinbuuuu has 120 seconds left.\n|\n|t:|1650543121\n|switch|p2a: Melmetal|Melmetal|100\/100\n|detailschange|p1a: Latios|Latios-Mega, M\n|-mega|p1a: Latios|Latios|Latiosite\n|move|p1a: Latios|Ice Beam|p2a: Melmetal\n|-resisted|p2a: Melmetal\n|-damage|p2a: Melmetal|82\/100\n|\n|upkeep\n|turn|5\n|\n|t:|1650543127\n|switch|p1a: Corviknight|Corviknight, F|100\/100\n|-ability|p1a: Corviknight|Pressure\n|move|p2a: Melmetal|Thunder Punch|p1a: Corviknight\n|-supereffective|p1a: Corviknight\n|-damage|p1a: Corviknight|45\/100\n|-damage|p2a: Melmetal|66\/100|[from] item: Rocky Helmet|[of] p1a: Corviknight\n|\n|-fieldend|move: Psychic Terrain\n|upkeep\n|turn|6\n|\n|t:|1650543140\n|move|p1a: Corviknight|U-turn|p2a: Melmetal\n|-resisted|p2a: Melmetal\n|-damage|p2a: Melmetal|62\/100\n|\n|t:|1650543146\n|switch|p1a: Landorus|Landorus-Therian, M|100\/100|[from]move: U-turn\n|-ability|p1a: Landorus|Intimidate|boost\n|-unboost|p2a: Melmetal|atk|1\n|move|p2a: Melmetal|Ice Punch|p1a: Landorus\n|-supereffective|p1a: Landorus\n|-damage|p1a: Landorus|20\/100\n|\n|-heal|p1a: Landorus|26\/100|[from] item: Leftovers\n|upkeep\n|turn|7\n|\n|t:|1650543160\n|switch|p2a: Landorus|Landorus-Therian, M|100\/100\n|-ability|p2a: Landorus|Intimidate|boost\n|-unboost|p1a: Landorus|atk|1\n|move|p1a: Landorus|Earthquake|p2a: Landorus\n|-immune|p2a: Landorus\n|\n|-heal|p1a: Landorus|32\/100|[from] item: Leftovers\n|upkeep\n|turn|8\n|\n|t:|1650543168\n|move|p1a: Landorus|Toxic|p2a: Landorus\n|-status|p2a: Landorus|tox\n|move|p2a: Landorus|Stealth Rock|p1a: Landorus\n|-sidestart|p1: Alu9204|move: Stealth Rock\n|\n|-heal|p1a: Landorus|38\/100|[from] item: Leftovers\n|-damage|p2a: Landorus|94\/100 tox|[from] psn\n|upkeep\n|turn|9\n|\n|t:|1650543173\n|move|p1a: Landorus|Stealth Rock|p2a: Landorus\n|-sidestart|p2: vajinbuuuu|move: Stealth Rock\n|move|p2a: Landorus|Smack Down|p1a: Landorus\n|-damage|p1a: Landorus|25\/100\n|-start|p1a: Landorus|Smack Down\n|\n|-heal|p1a: Landorus|31\/100|[from] item: Leftovers\n|-heal|p2a: Landorus|100\/100 tox|[from] item: Leftovers\n|-damage|p2a: Landorus|88\/100 tox|[from] psn\n|upkeep\n|turn|10\n|\n|t:|1650543185\n|move|p1a: Landorus|U-turn|p2a: Landorus\n|-resisted|p2a: Landorus\n|-damage|p2a: Landorus|82\/100 tox\n|\n|t:|1650543189\n|switch|p1a: Corviknight|Corviknight, F|45\/100|[from]move: U-turn\n|-damage|p1a: Corviknight|33\/100|[from] Stealth Rock\n|-ability|p1a: Corviknight|Pressure\n|move|p2a: Landorus|U-turn|p1a: Corviknight\n|-resisted|p1a: Corviknight\n|-crit|p1a: Corviknight\n|-damage|p1a: Corviknight|26\/100\n|-damage|p2a: Landorus|65\/100 tox|[from] item: Rocky Helmet|[of] p1a: Corviknight\n|\n|t:|1650543193\n|switch|p2a: Greninja|Greninja, M|100\/100|[from]move: U-turn\n|-damage|p2a: Greninja|88\/100|[from] Stealth Rock\n|\n|upkeep\n|turn|11\n|\n|t:|1650543214\n|move|p2a: Greninja|Ice Beam|p1a: Corviknight\n|-damage|p1a: Corviknight|0 fnt\n|faint|p1a: Corviknight\n|-activate|p2a: Greninja|ability: Battle Bond\n|detailschange|p2a: Greninja|Greninja-Ash, M\n|\n|upkeep\n|\n|t:|1650543218\n|switch|p1a: Zeraora|Zeraora|100\/100\n|-damage|p1a: Zeraora|88\/100|[from] Stealth Rock\n|turn|12\n|\n|t:|1650543228\n|switch|p2a: Landorus|Landorus-Therian, M|65\/100 tox\n|-damage|p2a: Landorus|53\/100 tox|[from] Stealth Rock\n|-ability|p2a: Landorus|Intimidate|boost\n|-unboost|p1a: Zeraora|atk|1\n|move|p1a: Zeraora|Play Rough|p2a: Landorus\n|-damage|p2a: Landorus|32\/100 tox\n|-unboost|p2a: Landorus|atk|1\n|-damage|p1a: Zeraora|78\/100|[from] item: Life Orb\n|\n|-heal|p2a: Landorus|38\/100 tox|[from] item: Leftovers\n|-damage|p2a: Landorus|32\/100 tox|[from] psn\n|upkeep\n|turn|13\n|\n|t:|1650543238\n|switch|p1a: Landorus|Landorus-Therian, M|31\/100\n|-damage|p1a: Landorus|18\/100|[from] Stealth Rock\n|-ability|p1a: Landorus|Intimidate|boost\n|-unboost|p2a: Landorus|atk|1\n|move|p2a: Landorus|U-turn|p1a: Landorus\n|-resisted|p1a: Landorus\n|-damage|p1a: Landorus|14\/100\n|inactive|vajinbuuuu has 120 seconds left.\n|\n|t:|1650543283\n|switch|p2a: Tapu Lele|Tapu Lele|45\/100|[from]move: U-turn\n|-damage|p2a: Tapu Lele|32\/100|[from] Stealth Rock\n|-fieldstart|move: Psychic Terrain|[from] ability: Psychic Surge|[of] p2a: Tapu Lele\n|\n|-heal|p1a: Landorus|20\/100|[from] item: Leftovers\n|upkeep\n|turn|14\n|\n|t:|1650543292\n|move|p2a: Tapu Lele|Psychic|p1a: Landorus\n|-damage|p1a: Landorus|0 fnt\n|faint|p1a: Landorus\n|\n|upkeep\n|\n|t:|1650543297\n|switch|p1a: Zeraora|Zeraora|78\/100\n|-damage|p1a: Zeraora|66\/100|[from] Stealth Rock\n|turn|15\n|\n|t:|1650543304\n|move|p2a: Tapu Lele|Psychic|p1a: Zeraora\n|-damage|p1a: Zeraora|0 fnt\n|faint|p1a: Zeraora\n|\n|upkeep\n|\n|t:|1650543307\n|switch|p1a: Latios|Latios-Mega, M|100\/100\n|-damage|p1a: Latios|88\/100|[from] Stealth Rock\n|turn|16\n|\n|t:|1650543315\n|switch|p2a: Landorus|Landorus-Therian, M|32\/100 tox\n|-damage|p2a: Landorus|20\/100 tox|[from] Stealth Rock\n|-ability|p2a: Landorus|Intimidate|boost\n|-unboost|p1a: Latios|atk|1\n|move|p1a: Latios|Calm Mind|p1a: Latios\n|-boost|p1a: Latios|spa|1\n|-boost|p1a: Latios|spd|1\n|\n|-heal|p2a: Landorus|26\/100 tox|[from] item: Leftovers\n|-damage|p2a: Landorus|20\/100 tox|[from] psn\n|upkeep\n|turn|17\n|\n|t:|1650543319\n|move|p1a: Latios|Ice Beam|p2a: Landorus\n|-supereffective|p2a: Landorus\n|-damage|p2a: Landorus|0 fnt\n|faint|p2a: Landorus\n|\n|-fieldend|move: Psychic Terrain\n|upkeep\n|\n|t:|1650543327\n|switch|p2a: Tapu Lele|Tapu Lele|32\/100\n|-damage|p2a: Tapu Lele|20\/100|[from] Stealth Rock\n|-fieldstart|move: Psychic Terrain|[from] ability: Psychic Surge|[of] p2a: Tapu Lele\n|turn|18\n|\n|t:|1650543334\n|move|p2a: Tapu Lele|Moonblast|p1a: Latios\n|-supereffective|p1a: Latios\n|-damage|p1a: Latios|22\/100\n|move|p1a: Latios|Psyshock|p2a: Tapu Lele\n|-resisted|p2a: Tapu Lele\n|-damage|p2a: Tapu Lele|0 fnt\n|faint|p2a: Tapu Lele\n|\n|upkeep\n|-message|Alu9204 forfeited.\n|\n|win|vajinbuuuu\n|raw|Alu9204's rating: 1563 &rarr; <strong>1539<\/strong><br \/>(-24 for losing)\n|raw|vajinbuuuu's rating: 1500 &rarr; <strong>1524<\/strong><br \/>(+24 for winning)\n|l|\u2606Alu9204\n|l|\u2606vajinbuuuu\n|j|\u2606vajinbuuuu\n|player|p2|vajinbuuuu|101\n||Ladder isn't responding, score probably updated but might not have (Request timeout).\n","uploadtime":1650543376,"views":6,"p1id":"alu9204","p2id":"vajinbuuuu","formatid":"gen8nationaldex","rating":1524,"private":0,"password":null}