{"id":"gen8almostanyability-1344334043","p1":"Pookies","p2":"GuyguyLaMenace","format":"gen8almostanyability","log":"|j|\u2606Pookies\n|j|\u2606GuyguyLaMenace\n|t:|1621538455\n|gametype|singles\n|player|p1|Pookies|bugcatcher-gen1|1191\n|player|p2|GuyguyLaMenace|volkner|1309\n|teamsize|p1|6\n|teamsize|p2|6\n|gen|8\n|tier|[Gen 8] Almost Any Ability\n|rated|\n|rule|Species Clause: Limit one of each Pok\u00e9mon\n|rule|2 Ability Clause: Limit two of each ability\n|rule|OHKO Clause: OHKO moves are banned\n|rule|Evasion Moves Clause: Evasion moves are banned\n|rule|HP Percentage Mod: HP is shown in percentages\n|rule|Dynamax Clause: You cannot dynamax\n|rule|Sleep Clause Mod: Limit one foe put to sleep\n|rule|Endless Battle Clause: Forcing endless battles is banned\n|clearpoke\n|poke|p1|Zoroark, F|\n|poke|p1|Lanturn, M|\n|poke|p1|Corviknight, M|\n|poke|p1|Kommo-o, M|\n|poke|p1|Landorus-Therian, M|\n|poke|p1|Absol, M|\n|poke|p2|Weavile, F|\n|poke|p2|Garchomp, M|\n|poke|p2|Heatran, M|\n|poke|p2|Ferrothorn, M|\n|poke|p2|Volcarona, M|\n|poke|p2|Azumarill, F|\n|teampreview\n|inactive|Battle timer is ON: inactive players will automatically lose when time's up. (requested by GuyguyLaMenace)\n|\n|t:|1621538515\n|start\n|switch|p1a: Landorus|Landorus-Therian, M|100\/100\n|switch|p2a: Garchomp|Garchomp, M|100\/100\n|turn|1\n|j| Pyrite007\n|\n|t:|1621538527\n|move|p1a: Landorus|Body Slam|p2a: Garchomp\n|-damage|p2a: Garchomp|42\/100\n|move|p2a: Garchomp|Swords Dance|p2a: Garchomp\n|-boost|p2a: Garchomp|atk|2\n|\n|-heal|p2a: Garchomp|48\/100|[from] item: Leftovers\n|upkeep\n|turn|2\n|\n|t:|1621538536\n|switch|p2a: Azumarill|Azumarill, F|100\/100\n|-ability|p2a: Azumarill|Dauntless Shield|boost\n|-boost|p2a: Azumarill|def|1\n|move|p1a: Landorus|Body Slam|p2a: Azumarill\n|-damage|p2a: Azumarill|60\/100\n|\n|-heal|p2a: Azumarill|66\/100|[from] item: Leftovers\n|upkeep\n|turn|3\n|inactive|Pookies has 120 seconds left.\n|\n|t:|1621538578\n|switch|p1a: Corviknight|Corviknight, M|100\/100\n|-ability|p1a: Corviknight|Dauntless Shield|boost\n|-boost|p1a: Corviknight|def|1\n|move|p2a: Azumarill|Whirlpool|p1a: Corviknight|[miss]\n|-miss|p2a: Azumarill|p1a: Corviknight\n|\n|-heal|p2a: Azumarill|72\/100|[from] item: Leftovers\n|upkeep\n|turn|4\n|\n|t:|1621538581\n|move|p2a: Azumarill|Whirlpool|p1a: Corviknight\n|-damage|p1a: Corviknight|93\/100\n|-activate|p1a: Corviknight|move: Whirlpool|[of] p2a: Azumarill\n|move|p1a: Corviknight|U-turn|p2a: Azumarill\n|-resisted|p2a: Azumarill\n|-crit|p2a: Azumarill\n|-damage|p2a: Azumarill|61\/100\n|inactive|Pookies has 120 seconds left.\n|\n|t:|1621538592\n|switch|p1a: Zoroark|Zoroark, F|100\/100|[from]move: U-turn\n|\n|-heal|p2a: Azumarill|67\/100|[from] item: Leftovers\n|upkeep\n|turn|5\n|\n|t:|1621538602\n|switch|p2a: Heatran|Heatran, M|100\/100\n|move|p1a: Zoroark|Substitute|p1a: Zoroark\n|-start|p1a: Zoroark|Substitute\n|-damage|p1a: Zoroark|76\/100\n|\n|-heal|p1a: Zoroark|82\/100|[from] item: Leftovers\n|upkeep\n|turn|6\n|inactive|Pookies has 120 seconds left.\n|\n|t:|1621538622\n|move|p1a: Zoroark|Night Daze|p2a: Heatran\n|-damage|p2a: Heatran|76\/100\n|move|p2a: Heatran|Earth Power|p1a: Zoroark\n|-end|p1a: Zoroark|Substitute\n|\n|-heal|p1a: Zoroark|88\/100|[from] item: Leftovers\n|-heal|p2a: Heatran|82\/100|[from] item: Leftovers\n|upkeep\n|turn|7\n|\n|t:|1621538629\n|switch|p1a: Lanturn|Lanturn, M|100\/100\n|move|p2a: Heatran|Magma Storm|p1a: Lanturn|[miss]\n|-miss|p2a: Heatran|p1a: Lanturn\n|\n|-heal|p2a: Heatran|89\/100|[from] item: Leftovers\n|upkeep\n|turn|8\n|\n|t:|1621538637\n|switch|p2a: Azumarill|Azumarill, F|67\/100\n|-ability|p2a: Azumarill|Dauntless Shield|boost\n|-boost|p2a: Azumarill|def|1\n|move|p1a: Lanturn|Icy Wind|p2a: Azumarill\n|-resisted|p2a: Azumarill\n|-damage|p2a: Azumarill|64\/100\n|-unboost|p2a: Azumarill|spe|1\n|\n|-heal|p2a: Azumarill|70\/100|[from] item: Leftovers\n|upkeep\n|turn|9\n|\n|t:|1621538641\n|move|p1a: Lanturn|Discharge|p2a: Azumarill\n|-supereffective|p2a: Azumarill\n|-damage|p2a: Azumarill|41\/100\n|-status|p2a: Azumarill|par\n|move|p2a: Azumarill|Whirlpool|p1a: Lanturn\n|-resisted|p1a: Lanturn\n|-damage|p1a: Lanturn|99\/100\n|-activate|p1a: Lanturn|move: Whirlpool|[of] p2a: Azumarill\n|\n|-heal|p2a: Azumarill|47\/100 par|[from] item: Leftovers\n|-damage|p1a: Lanturn|86\/100|[from] move: Whirlpool|[partiallytrapped]\n|upkeep\n|turn|10\n|\n|t:|1621538650\n|cant|p2a: Azumarill|par\n|move|p1a: Lanturn|Volt Switch|p2a: Azumarill\n|-supereffective|p2a: Azumarill\n|-damage|p2a: Azumarill|19\/100 par\n|\n|t:|1621538653\n|switch|p1a: Absol|Absol, M|100\/100|[from]move: Volt Switch\n|\n|-heal|p2a: Azumarill|25\/100 par|[from] item: Leftovers\n|upkeep\n|turn|11\n|\n|t:|1621538658\n|move|p1a: Absol|Knock Off|p2a: Azumarill\n|-resisted|p2a: Azumarill\n|-damage|p2a: Azumarill|0 fnt\n|-enditem|p2a: Azumarill|Leftovers|[from] move: Knock Off|[of] p1a: Absol\n|faint|p2a: Azumarill\n|\n|upkeep\n|\n|t:|1621538661\n|switch|p2a: Weavile|Weavile, F|100\/100\n|turn|12\n|\n|t:|1621538691\n|switch|p1a: Corviknight|Corviknight, M|93\/100\n|-ability|p1a: Corviknight|Dauntless Shield|boost\n|-boost|p1a: Corviknight|def|1\n|move|p2a: Weavile|Icicle Crash|p1a: Corviknight|[miss]\n|-miss|p2a: Weavile|p1a: Corviknight\n|\n|upkeep\n|turn|13\n|\n|t:|1621538698\n|move|p2a: Weavile|Icicle Crash|p1a: Corviknight\n|-damage|p1a: Corviknight|59\/100\n|move|p1a: Corviknight|U-turn|p2a: Weavile\n|-supereffective|p2a: Weavile\n|-damage|p2a: Weavile|48\/100\n|inactive|Pookies has 120 seconds left.\n|\n|t:|1621538724\n|switch|p1a: Landorus|Landorus-Therian, M|100\/100|[from]move: U-turn\n|\n|upkeep\n|turn|14\n|inactive|Pookies has 120 seconds left.\n|\n|t:|1621538730\n|move|p1a: Landorus|U-turn|p2a: Weavile\n|-supereffective|p2a: Weavile\n|-damage|p2a: Weavile|0 fnt\n|faint|p2a: Weavile\n|inactive|Pookies has 120 seconds left.\n|\n|t:|1621538741\n|switch|p1a: Kommo-o|Kommo-o, M|100\/100|[from]move: U-turn\n|\n|upkeep\n|\n|t:|1621538747\n|switch|p2a: Volcarona|Volcarona, M|100\/100\n|turn|15\n|inactive|Pookies has 120 seconds left.\n|\n|t:|1621538774\n|move|p2a: Volcarona|Quiver Dance|p2a: Volcarona\n|-boost|p2a: Volcarona|spa|1\n|-boost|p2a: Volcarona|spd|1\n|-boost|p2a: Volcarona|spe|1\n|move|p1a: Kommo-o|Stealth Rock|p2a: Volcarona\n|-sidestart|p2: GuyguyLaMenace|move: Stealth Rock\n|\n|upkeep\n|turn|16\n|\n|t:|1621538781\n|move|p2a: Volcarona|Quiver Dance|p2a: Volcarona\n|-boost|p2a: Volcarona|spa|1\n|-boost|p2a: Volcarona|spd|1\n|-boost|p2a: Volcarona|spe|1\n|move|p1a: Kommo-o|Roar|p2a: Volcarona\n|drag|p2a: Ferrothorn|Ferrothorn, M|100\/100\n|-damage|p2a: Ferrothorn|94\/100|[from] Stealth Rock\n|\n|-heal|p2a: Ferrothorn|100\/100|[from] item: Leftovers\n|upkeep\n|turn|17\n|\n|t:|1621538790\n|move|p1a: Kommo-o|Body Press|p2a: Ferrothorn\n|-supereffective|p2a: Ferrothorn\n|-damage|p2a: Ferrothorn|34\/100\n|move|p2a: Ferrothorn|Knock Off|p1a: Kommo-o\n|-resisted|p1a: Kommo-o\n|-damage|p1a: Kommo-o|94\/100\n|-damage|p2a: Ferrothorn|17\/100|[from] item: Rocky Helmet|[of] p1a: Kommo-o\n|-enditem|p1a: Kommo-o|Rocky Helmet|[from] move: Knock Off|[of] p2a: Ferrothorn\n|\n|-heal|p2a: Ferrothorn|23\/100|[from] item: Leftovers\n|upkeep\n|turn|18\n|-message|GuyguyLaMenace forfeited.\n|\n|win|Pookies\n|l|\u2606GuyguyLaMenace\n|raw|Pookies's rating: 1191 &rarr; <strong>1224<\/strong><br \/>(+33 for winning)\n|raw|GuyguyLaMenace's rating: 1309 &rarr; <strong>1282<\/strong><br \/>(-27 for losing)\n","uploadtime":1621538818,"views":8,"p1id":"pookies","p2id":"guyguylamenace","formatid":"gen8almostanyability","rating":1224,"private":0,"password":null}