{"id":"gen8ru-1045466049","p1":"Prince RU","p2":"mongwong","format":"gen8ru","log":"|j|\u2606Prince RU\n|j|\u2606mongwong\n|player|p1|Prince RU|ghetsis|1400\n|player|p2|mongwong|silver|1220\n|teamsize|p1|6\n|teamsize|p2|6\n|gametype|singles\n|gen|8\n|tier|[Gen 8] RU\n|rated|\n|clearpoke\n|poke|p1|Rillaboom, F|\n|poke|p1|Salazzle, F|\n|poke|p1|Pangoro, M|\n|poke|p1|Rotom|\n|poke|p1|Sigilyph, M|\n|poke|p1|Mudsdale, M|\n|poke|p2|Perrserker, M|\n|poke|p2|Dusclops, F|\n|poke|p2|Machamp, M|\n|poke|p2|Cursola, M|\n|poke|p2|Whimsicott, M|\n|poke|p2|Mr. Rime, F|\n|rule|Sleep Clause Mod: Limit one foe put to sleep\n|rule|Species Clause: Limit one of each Pok\u00e9mon\n|rule|OHKO Clause: OHKO moves are banned\n|rule|Evasion Moves Clause: Evasion moves are banned\n|rule|Endless Battle Clause: Forcing endless battles is banned\n|rule|HP Percentage Mod: HP is shown in percentages\n|rule|Dynamax Clause: You cannot dynamax\n|teampreview\n|\n|start\n|switch|p1a: Rillaboom|Rillaboom, F|100\/100\n|switch|p2a: Whimsicott|Whimsicott, M|100\/100\n|turn|1\n|\n|move|p1a: Rillaboom|U-turn|p2a: Whimsicott\n|-damage|p2a: Whimsicott|79\/100\n|\n|switch|p1a: Salazzle|Salazzle, F|100\/100|[from]move: U-turn\n|move|p2a: Whimsicott|U-turn|p1a: Salazzle\n|-resisted|p1a: Salazzle\n|-crit|p1a: Salazzle\n|-damage|p1a: Salazzle|92\/100\n|\n|switch|p2a: Dusclops|Dusclops, F|100\/100|[from]move: U-turn\n|-ability|p2a: Dusclops|Pressure\n|\n|upkeep\n|turn|2\n|\n|move|p1a: Salazzle|Toxic|p2a: Dusclops\n|-status|p2a: Dusclops|tox\n|move|p2a: Dusclops|Trick Room|p2a: Dusclops\n|-fieldstart|move: Trick Room|[of] p2a: Dusclops\n|\n|-damage|p2a: Dusclops|95\/100 tox|[from] psn\n|upkeep\n|turn|3\n|\n|switch|p2a: Machamp|Machamp, M|100\/100\n|switch|p1a: Mudsdale|Mudsdale, M|100\/100\n|\n|-status|p2a: Machamp|brn|[from] item: Flame Orb\n|upkeep\n|turn|4\n|\n|move|p1a: Mudsdale|Earthquake|p2a: Machamp\n|-damage|p2a: Machamp|49\/100 brn\n|move|p2a: Machamp|Close Combat|p1a: Mudsdale\n|-damage|p1a: Mudsdale|12\/100\n|-damage|p2a: Machamp|33\/100 brn|[from] item: Rocky Helmet|[of] p1a: Mudsdale\n|-ability|p1a: Mudsdale|Stamina|boost\n|-boost|p1a: Mudsdale|def|1\n|-unboost|p2a: Machamp|def|1\n|-unboost|p2a: Machamp|spd|1\n|\n|-damage|p2a: Machamp|27\/100 brn|[from] brn\n|upkeep\n|turn|5\n|\n|move|p2a: Machamp|Bullet Punch|p1a: Mudsdale\n|-damage|p1a: Mudsdale|0 fnt\n|-damage|p2a: Machamp|10\/100 brn|[from] item: Rocky Helmet|[of] p1a: Mudsdale\n|faint|p1a: Mudsdale\n|\n|-damage|p2a: Machamp|4\/100 brn|[from] brn\n|upkeep\n|\n|switch|p1a: Pangoro|Pangoro, M|100\/100\n|turn|6\n|\n|move|p1a: Pangoro|Bullet Punch|p2a: Machamp\n|-damage|p2a: Machamp|0 fnt\n|faint|p2a: Machamp\n|\n|-fieldend|move: Trick Room\n|upkeep\n|\n|switch|p2a: Dusclops|Dusclops, F|95\/100 tox\n|-ability|p2a: Dusclops|Pressure\n|turn|7\n|\n|move|p1a: Pangoro|Darkest Lariat|p2a: Dusclops\n|-supereffective|p2a: Dusclops\n|-damage|p2a: Dusclops|18\/100 tox\n|move|p2a: Dusclops|Trick Room|p2a: Dusclops\n|-fieldstart|move: Trick Room|[of] p2a: Dusclops\n|\n|-damage|p2a: Dusclops|12\/100 tox|[from] psn\n|upkeep\n|turn|8\n|\n|move|p1a: Pangoro|Bullet Punch|p2a: Dusclops\n|-damage|p2a: Dusclops|3\/100 tox\n|move|p2a: Dusclops|Will-O-Wisp|p1a: Pangoro\n|-status|p1a: Pangoro|brn\n|\n|-damage|p2a: Dusclops|0 fnt|[from] psn\n|faint|p2a: Dusclops\n|-damage|p1a: Pangoro|94\/100 brn|[from] brn\n|upkeep\n|\n|switch|p2a: Cursola|Cursola, M|100\/100\n|turn|9\n|\n|move|p2a: Cursola|Ice Beam|p1a: Pangoro\n|-damage|p1a: Pangoro|17\/100 brn\n|move|p1a: Pangoro|Darkest Lariat|p2a: Cursola\n|-supereffective|p2a: Cursola\n|-damage|p2a: Cursola|0 fnt\n|-ability|p2a: Cursola|Perish Body\n|-start|p2a: Cursola|perish3\n|-start|p1a: Pangoro|perish3\n|faint|p2a: Cursola\n|\n|-damage|p1a: Pangoro|11\/100 brn|[from] brn\n|-start|p1a: Pangoro|perish3\n|upkeep\n|\n|switch|p2a: Perrserker|Perrserker, M|100\/100\n|turn|10\n|\n|move|p1a: Pangoro|Bullet Punch|p2a: Perrserker\n|-resisted|p2a: Perrserker\n|-damage|p2a: Perrserker|97\/100\n|move|p2a: Perrserker|Throat Chop|p1a: Pangoro\n|-resisted|p1a: Pangoro\n|-damage|p1a: Pangoro|0 fnt\n|faint|p1a: Pangoro\n|\n|upkeep\n|\n|switch|p1a: Rillaboom|Rillaboom, F|100\/100\n|turn|11\n|\n|move|p2a: Perrserker|Throat Chop|p1a: Rillaboom\n|-damage|p1a: Rillaboom|40\/100\n|-start|p1a: Rillaboom|Throat Chop|[silent]\n|move|p1a: Rillaboom|Knock Off|p2a: Perrserker\n|-damage|p2a: Perrserker|66\/100\n|-enditem|p2a: Perrserker|Choice Band|[from] move: Knock Off|[of] p1a: Rillaboom\n|\n|-fieldend|move: Trick Room\n|upkeep\n|turn|12\n|\n|switch|p1a: Rotom|Rotom|100\/100\n|move|p2a: Perrserker|U-turn|p1a: Rotom\n|-resisted|p1a: Rotom\n|-damage|p1a: Rotom|75\/100\n|\n|switch|p2a: Mr. Rime|Mr. Rime, F|100\/100|[from]move: U-turn\n|\n|upkeep\n|turn|13\n|\n|move|p1a: Rotom|Shadow Ball|p2a: Mr. Rime\n|-supereffective|p2a: Mr. Rime\n|-damage|p2a: Mr. Rime|23\/100\n|-unboost|p2a: Mr. Rime|spd|1\n|-damage|p1a: Rotom|65\/100|[from] item: Life Orb\n|move|p2a: Mr. Rime|Psychic|p1a: Rotom\n|-crit|p1a: Rotom\n|-damage|p1a: Rotom|0 fnt\n|faint|p1a: Rotom\n|\n|upkeep\n|\n|switch|p1a: Salazzle|Salazzle, F|92\/100\n|turn|14\n|\n|switch|p2a: Perrserker|Perrserker, M|66\/100\n|move|p1a: Salazzle|Fire Blast|p2a: Perrserker\n|-supereffective|p2a: Perrserker\n|-damage|p2a: Perrserker|0 fnt\n|faint|p2a: Perrserker\n|\n|upkeep\n|\n|switch|p2a: Whimsicott|Whimsicott, M|79\/100\n|turn|15\n|\n|move|p1a: Salazzle|Sludge Wave|p2a: Whimsicott\n|-supereffective|p2a: Whimsicott\n|-damage|p2a: Whimsicott|0 fnt\n|faint|p2a: Whimsicott\n|\n|upkeep\n|\n|switch|p2a: Mr. Rime|Mr. Rime, F|23\/100\n|turn|16\n|\n|move|p1a: Salazzle|Sludge Wave|p2a: Mr. Rime\n|-damage|p2a: Mr. Rime|0 fnt\n|faint|p2a: Mr. Rime\n|\n|win|Prince RU\n|l|\u2606mongwong\n|raw|Prince RU's rating: 1400 &rarr; <strong>1411<\/strong><br \/>(+11 for winning)\n|raw|mongwong's rating: 1220 &rarr; <strong>1207<\/strong><br \/>(-13 for losing)\n","uploadtime":1578900500,"views":5,"p1id":"princeru","p2id":"mongwong","formatid":"gen8ru","rating":1207,"private":0,"password":null}