{"id":"gen8vgc2021-1228931185","p1":"evreno","p2":"bhkg","format":"gen8vgc2021","log":"|j|\u2606evreno\n|j|\u2606bhkg\n|t:|1606039057\n|player|p1|evreno|gambler|1659\n|player|p2|bhkg|170|1565\n|teamsize|p1|6\n|teamsize|p2|6\n|gametype|doubles\n|gen|8\n|tier|[Gen 8] VGC 2021\n|rated|\n|clearpoke\n|poke|p1|Metagross, L50|\n|poke|p1|Dusclops, L50, F|\n|poke|p1|Zapdos, L50|\n|poke|p1|Urshifu-*, L50, M|\n|poke|p1|Raikou, L50|\n|poke|p1|Landorus-Therian, L50, M|\n|poke|p2|Tyrantrum, L50, F|\n|poke|p2|Thundurus, L50, M|\n|poke|p2|Urshifu-*, L50, F|\n|poke|p2|Reuniclus, L50, M|\n|poke|p2|Tapu Fini, L50|\n|poke|p2|Nidoqueen, L50, F|\n|rule|Species Clause: Limit one of each Pok\u00e9mon\n|rule|Item Clause: Limit one of each item\n|teampreview|4\n|\n|t:|1606039087\n|start\n|switch|p1a: Raikou|Raikou, L50|48\/48\n|switch|p1b: Metagross|Metagross, L50|48\/48\n|switch|p2a: Nidoqueen|Nidoqueen, L50, F|48\/48\n|switch|p2b: Thundurus|Thundurus, L50, M|48\/48\n|turn|1\n|\n|t:|1606039110\n|-start|p2a: Nidoqueen|Dynamax\n|-heal|p2a: Nidoqueen|48\/48|[silent]\n|-start|p1b: Metagross|Dynamax\n|-heal|p1b: Metagross|48\/48|[silent]\n|move|p1a: Raikou|Bulldoze|p2b: Thundurus|[spread] p1b,p2a\n|-immune|p2b: Thundurus\n|-supereffective|p1b: Metagross\n|-supereffective|p2a: Nidoqueen\n|-crit|p2a: Nidoqueen\n|-damage|p1b: Metagross|44\/48\n|-damage|p2a: Nidoqueen|41\/48\n|-unboost|p2a: Nidoqueen|spe|1\n|-enditem|p1b: Metagross|Weakness Policy\n|-boost|p1b: Metagross|atk|2|[from] item: Weakness Policy\n|-boost|p1b: Metagross|spa|2|[from] item: Weakness Policy\n|move|p2b: Thundurus|Superpower|p1b: Metagross\n|-damage|p1b: Metagross|36\/48\n|-unboost|p2b: Thundurus|atk|1\n|-unboost|p2b: Thundurus|def|1\n|-damage|p2b: Thundurus|43\/48|[from] item: Life Orb\n|move|p1b: Metagross|Max Steelspike|p2a: Nidoqueen\n|-damage|p2a: Nidoqueen|9\/48\n|-boost|p1a: Raikou|def|1\n|-boost|p1b: Metagross|def|1\n|move|p2a: Nidoqueen|Max Quake|p1b: Metagross\n|-supereffective|p1b: Metagross\n|-damage|p1b: Metagross|7\/48\n|-boost|p2a: Nidoqueen|spd|1\n|-boost|p2b: Thundurus|spd|1\n|\n|upkeep\n|turn|2\n|j| jack367\n|j| Inexperienc Player\n|\n|t:|1606039153\n|switch|p2b: Urshifu|Urshifu, L50, F|48\/48\n|move|p1a: Raikou|Howl|p1a: Raikou|[spread] p1a,p1b\n|-boost|p1a: Raikou|atk|1\n|-boost|p1b: Metagross|atk|1\n|move|p1b: Metagross|Max Hailstorm|p2b: Urshifu\n|-damage|p2b: Urshifu|0 fnt\n|-weather|Hail\n|faint|p2b: Urshifu\n|move|p2a: Nidoqueen|Max Quake|p1b: Metagross\n|-supereffective|p1b: Metagross\n|-damage|p1b: Metagross|0 fnt\n|-boost|p2a: Nidoqueen|spd|1\n|faint|p1b: Metagross\n|\n|-weather|Hail|[upkeep]\n|-damage|p1a: Raikou|45\/48|[from] Hail\n|-damage|p2a: Nidoqueen|7\/48|[from] Hail\n|upkeep\n|\n|t:|1606039172\n|switch|p2b: Thundurus|Thundurus, L50, M|43\/48\n|switch|p1b: Urshifu|Urshifu, L50, M|48\/48\n|turn|3\n|\n|t:|1606039183\n|move|p1a: Raikou|Thunder Wave|p2b: Thundurus\n|-immune|p2b: Thundurus\n|move|p2b: Thundurus|Superpower|p1b: Urshifu\n|-supereffective|p1b: Urshifu\n|-crit|p1b: Urshifu\n|-enditem|p1b: Urshifu|Focus Sash\n|-damage|p1b: Urshifu|1\/48\n|-unboost|p2b: Thundurus|atk|1\n|-unboost|p2b: Thundurus|def|1\n|-damage|p2b: Thundurus|38\/48|[from] item: Life Orb\n|move|p1b: Urshifu|Wicked Blow|p2a: Nidoqueen\n|-crit|p2a: Nidoqueen\n|-damage|p2a: Nidoqueen|0 fnt\n|faint|p2a: Nidoqueen\n|\n|-weather|Hail|[upkeep]\n|-damage|p1a: Raikou|42\/48|[from] Hail\n|-damage|p2b: Thundurus|35\/48|[from] Hail\n|-damage|p1b: Urshifu|0 fnt|[from] Hail\n|faint|p1b: Urshifu\n|upkeep\n|j| Abckevin\n|\n|t:|1606039201\n|switch|p1b: Zapdos|Zapdos, L50|48\/48\n|switch|p2a: Tapu Fini|Tapu Fini, L50|48\/48\n|-fieldstart|move: Misty Terrain|[from] ability: Misty Surge|[of] p2a: Tapu Fini\n|turn|4\n|\n|t:|1606039217\n|move|p1a: Raikou|Eerie Impulse|p2a: Tapu Fini\n|-unboost|p2a: Tapu Fini|spa|2\n|move|p2b: Thundurus|Wild Charge|p1b: Zapdos\n|-damage|p1b: Zapdos|27\/48\n|-damage|p2b: Thundurus|30\/48|[from] Recoil\n|-damage|p2b: Thundurus|25\/48|[from] item: Life Orb\n|move|p1b: Zapdos|Thunderbolt|p2b: Thundurus\n|-damage|p2b: Thundurus|0 fnt\n|-damage|p1b: Zapdos|22\/48|[from] item: Life Orb\n|faint|p2b: Thundurus\n|move|p2a: Tapu Fini|Ice Beam|p1b: Zapdos\n|-supereffective|p1b: Zapdos\n|-crit|p1b: Zapdos\n|-damage|p1b: Zapdos|0 fnt\n|faint|p1b: Zapdos\n|\n|-weather|Hail|[upkeep]\n|-damage|p1a: Raikou|39\/48|[from] Hail\n|-damage|p2a: Tapu Fini|45\/48|[from] Hail\n|upkeep\n|turn|5\n|j| GooglePay\n|\n|t:|1606039241\n|move|p1a: Raikou|Eerie Impulse|p2a: Tapu Fini\n|-unboost|p2a: Tapu Fini|spa|2\n|move|p2a: Tapu Fini|Moonblast|p1a: Raikou\n|-damage|p1a: Raikou|34\/48\n|\n|-weather|Hail|[upkeep]\n|-damage|p1a: Raikou|31\/48|[from] Hail\n|-damage|p2a: Tapu Fini|42\/48|[from] Hail\n|upkeep\n|turn|6\n|j| Jarzy1\n|\n|t:|1606039251\n|move|p1a: Raikou|Eerie Impulse|p2a: Tapu Fini\n|-unboost|p2a: Tapu Fini|spa|2\n|move|p2a: Tapu Fini|Moonblast|p1a: Raikou\n|-damage|p1a: Raikou|28\/48\n|\n|-weather|none\n|upkeep\n|turn|7\n|\n|t:|1606039259\n|move|p1a: Raikou|Howl|p1a: Raikou\n|-boost|p1a: Raikou|atk|1\n|move|p2a: Tapu Fini|Moonblast|p1a: Raikou\n|-damage|p1a: Raikou|24\/48g\n|\n|upkeep\n|turn|8\n|\n|t:|1606039266\n|move|p1a: Raikou|Bulldoze|p2a: Tapu Fini\n|-damage|p2a: Tapu Fini|34\/48\n|-unboost|p2a: Tapu Fini|spe|1\n|move|p2a: Tapu Fini|Muddy Water|p1a: Raikou\n|-damage|p1a: Raikou|21\/48\n|-enditem|p1a: Raikou|Sitrus Berry|[eat]\n|-heal|p1a: Raikou|33\/48|[from] item: Sitrus Berry\n|\n|-fieldend|Misty Terrain\n|upkeep\n|turn|9\n|\n|t:|1606039276\n|move|p1a: Raikou|Thunder Wave|p2a: Tapu Fini\n|-status|p2a: Tapu Fini|par\n|move|p2a: Tapu Fini|Muddy Water|p1a: Raikou\n|-damage|p1a: Raikou|29\/48\n|\n|upkeep\n|turn|10\n|\n|t:|1606039285\n|move|p1a: Raikou|Howl|p1a: Raikou\n|-boost|p1a: Raikou|atk|1\n|move|p2a: Tapu Fini|Muddy Water|p1a: Raikou\n|-damage|p1a: Raikou|25\/48\n|-unboost|p1a: Raikou|accuracy|1\n|\n|upkeep\n|turn|11\n|\n|t:|1606039294\n|move|p1a: Raikou|Bulldoze|p2a: Tapu Fini\n|-damage|p2a: Tapu Fini|24\/48g par\n|-unboost|p2a: Tapu Fini|spe|1\n|cant|p2a: Tapu Fini|par\n|\n|upkeep\n|turn|12\n|\n|t:|1606039300\n|move|p1a: Raikou|Bulldoze|p2a: Tapu Fini|[miss]\n|-miss|p1a: Raikou|p2a: Tapu Fini\n|move|p2a: Tapu Fini|Moonblast|p1a: Raikou\n|-damage|p1a: Raikou|21\/48\n|\n|upkeep\n|turn|13\n|c| Inexperienc Player|crit pls\n|\n|t:|1606039308\n|move|p1a: Raikou|Bulldoze|p2a: Tapu Fini|[miss]\n|-miss|p1a: Raikou|p2a: Tapu Fini\n|move|p2a: Tapu Fini|Muddy Water|p1a: Raikou\n|-damage|p1a: Raikou|18\/48\n|\n|upkeep\n|turn|14\n|\n|t:|1606039314\n|move|p1a: Raikou|Bulldoze|p2a: Tapu Fini|[miss]\n|-miss|p1a: Raikou|p2a: Tapu Fini\n|move|p2a: Tapu Fini|Muddy Water|p1a: Raikou\n|-damage|p1a: Raikou|14\/48\n|\n|upkeep\n|turn|15\n|c| Inexperienc Player|lol\n|\n|t:|1606039322\n|move|p1a: Raikou|Bulldoze|p2a: Tapu Fini|[miss]\n|-miss|p1a: Raikou|p2a: Tapu Fini\n|move|p2a: Tapu Fini|Muddy Water|p1a: Raikou|[miss]\n|-miss|p2a: Tapu Fini|p1a: Raikou\n|\n|upkeep\n|turn|16\n|\n|t:|1606039328\n|move|p1a: Raikou|Bulldoze|p2a: Tapu Fini\n|-damage|p2a: Tapu Fini|15\/48 par\n|-unboost|p2a: Tapu Fini|spe|1\n|cant|p2a: Tapu Fini|par\n|\n|upkeep\n|turn|17\n|\n|t:|1606039334\n|move|p1a: Raikou|Bulldoze|p2a: Tapu Fini\n|-damage|p2a: Tapu Fini|7\/48 par\n|-unboost|p2a: Tapu Fini|spe|1\n|-enditem|p2a: Tapu Fini|Mago Berry|[eat]\n|-heal|p2a: Tapu Fini|23\/48 par|[from] item: Mago Berry\n|cant|p2a: Tapu Fini|par\n|\n|upkeep\n|turn|18\n|\n|t:|1606039342\n|move|p1a: Raikou|Bulldoze|p2a: Tapu Fini\n|-damage|p2a: Tapu Fini|14\/48 par\n|-unboost|p2a: Tapu Fini|spe|1\n|move|p2a: Tapu Fini|Muddy Water|p1a: Raikou\n|-damage|p1a: Raikou|11\/48\n|-unboost|p1a: Raikou|accuracy|1\n|\n|upkeep\n|turn|19\n|\n|t:|1606039350\n|move|p1a: Raikou|Bulldoze|p2a: Tapu Fini\n|-damage|p2a: Tapu Fini|5\/48 par\n|-unboost|p2a: Tapu Fini|spe|1\n|move|p2a: Tapu Fini|Moonblast|p1a: Raikou\n|-damage|p1a: Raikou|8\/48\n|-unboost|p1a: Raikou|spa|1\n|\n|upkeep\n|turn|20\n|j| Erveska\n|\n|t:|1606039358\n|move|p1a: Raikou|Bulldoze|p2a: Tapu Fini|[miss]\n|-miss|p1a: Raikou|p2a: Tapu Fini\n|cant|p2a: Tapu Fini|par\n|\n|upkeep\n|turn|21\n|\n|t:|1606039364\n|move|p1a: Raikou|Bulldoze|p2a: Tapu Fini\n|-damage|p2a: Tapu Fini|0 fnt\n|faint|p2a: Tapu Fini\n|\n|win|evreno\n|raw|evreno's rating: 1659 &rarr; <strong>1674<\/strong><br \/>(+15 for winning)\n|raw|bhkg's rating: 1565 &rarr; <strong>1551<\/strong><br \/>(-14 for losing)\n|c| Inexperienc Player|gg\n|c|\u2606bhkg|gg\n|c|\u2606evreno|Gg\n|l| Inexperienc Player\n|l|\u2606bhkg\n","uploadtime":1606039419,"views":18,"p1id":"evreno","p2id":"bhkg","formatid":"gen8vgc2021","rating":1551,"private":0,"password":null}