{"id":"gen8ou-1244426477","p1":"Vodyne","p2":"bpewn","format":"gen8ou","log":"|j|\u2606Vodyne\n|j|\u2606bpewn\n|inactive|Battle timer is ON: inactive players will automatically lose when time's up.\n|t:|1608074507\n|player|p1|Vodyne|dawn|\n|player|p2|bpewn|102|\n|teamsize|p1|6\n|teamsize|p2|6\n|gametype|singles\n|gen|8\n|tier|[Gen 8] OU\n|rated|Tournament battle\n|clearpoke\n|poke|p1|Volcarona, F|\n|poke|p1|Cradily, M|\n|poke|p1|Suicune|\n|poke|p1|Melmetal|\n|poke|p1|Victini|\n|poke|p1|Hydreigon, M|\n|poke|p2|Excadrill, M|\n|poke|p2|Kartana|\n|poke|p2|Tyranitar, F|\n|poke|p2|Toxapex, M|\n|poke|p2|Zapdos|\n|poke|p2|Garchomp, M|\n|rule|Sleep Clause Mod: Limit one foe put to sleep\n|rule|Species Clause: Limit one of each Pok\u00e9mon\n|rule|OHKO Clause: OHKO moves are banned\n|rule|Evasion Moves Clause: Evasion moves are banned\n|rule|Endless Battle Clause: Forcing endless battles is banned\n|rule|HP Percentage Mod: HP is shown in percentages\n|rule|Dynamax Clause: You cannot dynamax\n|teampreview\n|c|\u2606bpewn|gl hf\n|c|\u2606Vodyne|u2\n|j|@Vrin\n|c|\u2606bpewn|hi vrin\n|l|@Vrin\n|inactive|bpewn has 120 seconds left.\n|\n|t:|1608074545\n|start\n|switch|p1a: Suicune|Suicune|100\/100\n|switch|p2a: Johto's finest|Tyranitar, F|100\/100\n|-ability|p1a: Suicune|Pressure\n|-weather|Sandstorm|[from] ability: Sand Stream|[of] p2a: Johto's finest\n|turn|1\n|\n|t:|1608074554\n|switch|p2a: water prison|Toxapex, M|100\/100\n|move|p1a: Suicune|Calm Mind|p1a: Suicune\n|-boost|p1a: Suicune|spa|1\n|-boost|p1a: Suicune|spd|1\n|\n|-weather|Sandstorm|[upkeep]\n|-damage|p1a: Suicune|94\/100|[from] Sandstorm\n|-damage|p2a: water prison|94\/100|[from] Sandstorm\n|-heal|p1a: Suicune|100\/100|[from] item: Leftovers\n|-heal|p2a: water prison|100\/100|[from] item: Black Sludge\n|upkeep\n|turn|2\n|\n|t:|1608074570\n|move|p1a: Suicune|Scald|p2a: water prison\n|-resisted|p2a: water prison\n|-damage|p2a: water prison|87\/100\n|-status|p2a: water prison|brn\n|move|p2a: water prison|Haze|p2a: water prison\n|-clearallboost\n|\n|-weather|Sandstorm|[upkeep]\n|-damage|p1a: Suicune|94\/100|[from] Sandstorm\n|-damage|p2a: water prison|81\/100 brn|[from] Sandstorm\n|-heal|p1a: Suicune|100\/100|[from] item: Leftovers\n|-heal|p2a: water prison|87\/100 brn|[from] item: Black Sludge\n|-damage|p2a: water prison|81\/100 brn|[from] brn\n|upkeep\n|turn|3\n|\n|t:|1608074588\n|move|p1a: Suicune|Scald|p2a: water prison\n|-resisted|p2a: water prison\n|-damage|p2a: water prison|70\/100 brn\n|move|p2a: water prison|Toxic|p1a: Suicune\n|-status|p1a: Suicune|tox\n|\n|-weather|Sandstorm|[upkeep]\n|-damage|p1a: Suicune|94\/100 tox|[from] Sandstorm\n|-damage|p2a: water prison|64\/100 brn|[from] Sandstorm\n|-heal|p1a: Suicune|100\/100 tox|[from] item: Leftovers\n|-heal|p2a: water prison|70\/100 brn|[from] item: Black Sludge\n|-damage|p1a: Suicune|94\/100 tox|[from] psn\n|-damage|p2a: water prison|64\/100 brn|[from] brn\n|upkeep\n|turn|4\n|\n|t:|1608074595\n|move|p1a: Suicune|Scald|p2a: water prison\n|-resisted|p2a: water prison\n|-damage|p2a: water prison|54\/100 brn\n|move|p2a: water prison|Recover|p2a: water prison\n|-heal|p2a: water prison|100\/100 brn\n|\n|-weather|Sandstorm|[upkeep]\n|-damage|p1a: Suicune|88\/100 tox|[from] Sandstorm\n|-damage|p2a: water prison|94\/100 brn|[from] Sandstorm\n|-heal|p1a: Suicune|94\/100 tox|[from] item: Leftovers\n|-heal|p2a: water prison|100\/100 brn|[from] item: Black Sludge\n|-damage|p1a: Suicune|82\/100 tox|[from] psn\n|-damage|p2a: water prison|94\/100 brn|[from] brn\n|upkeep\n|turn|5\n|\n|t:|1608074603\n|switch|p2a: uneasy alliance|Kartana|100\/100\n|move|p1a: Suicune|Calm Mind|p1a: Suicune\n|-boost|p1a: Suicune|spa|1\n|-boost|p1a: Suicune|spd|1\n|\n|-weather|Sandstorm|[upkeep]\n|-damage|p1a: Suicune|76\/100 tox|[from] Sandstorm\n|-heal|p1a: Suicune|82\/100 tox|[from] item: Leftovers\n|-damage|p1a: Suicune|63\/100 tox|[from] psn\n|upkeep\n|turn|6\n|\n|t:|1608074608\n|switch|p1a: Volcarona|Volcarona, F|100\/100\n|move|p2a: uneasy alliance|Leaf Blade|p1a: Volcarona\n|-resisted|p1a: Volcarona\n|-damage|p1a: Volcarona|81\/100\n|-status|p2a: uneasy alliance|brn|[from] ability: Flame Body|[of] p1a: Volcarona\n|-damage|p2a: uneasy alliance|91\/100 brn|[from] item: Life Orb\n|\n|-weather|Sandstorm|[upkeep]\n|-damage|p1a: Volcarona|75\/100|[from] Sandstorm\n|-damage|p2a: uneasy alliance|85\/100 brn|[from] brn\n|upkeep\n|turn|7\n|\n|t:|1608074617\n|move|p2a: uneasy alliance|Knock Off|p1a: Volcarona\n|-damage|p1a: Volcarona|49\/100\n|-enditem|p1a: Volcarona|Heavy-Duty Boots|[from] move: Knock Off|[of] p2a: uneasy alliance\n|-damage|p2a: uneasy alliance|75\/100 brn|[from] item: Life Orb\n|move|p1a: Volcarona|Quiver Dance|p1a: Volcarona\n|-boost|p1a: Volcarona|spa|1\n|-boost|p1a: Volcarona|spd|1\n|-boost|p1a: Volcarona|spe|1\n|\n|-weather|Sandstorm|[upkeep]\n|-damage|p1a: Volcarona|43\/100|[from] Sandstorm\n|-damage|p2a: uneasy alliance|69\/100 brn|[from] brn\n|upkeep\n|turn|8\n|\n|t:|1608074625\n|move|p1a: Volcarona|Fiery Dance|p2a: uneasy alliance\n|-supereffective|p2a: uneasy alliance\n|-crit|p2a: uneasy alliance\n|-damage|p2a: uneasy alliance|0 fnt\n|-boost|p1a: Volcarona|spa|1\n|faint|p2a: uneasy alliance\n|\n|-weather|none\n|upkeep\n|\n|t:|1608074628\n|switch|p2a: Johto's finest|Tyranitar, F|100\/100\n|-weather|Sandstorm|[from] ability: Sand Stream|[of] p2a: Johto's finest\n|turn|9\n|\n|t:|1608074632\n|move|p1a: Volcarona|Giga Drain|p2a: Johto's finest\n|-supereffective|p2a: Johto's finest\n|-damage|p2a: Johto's finest|63\/100\n|-heal|p1a: Volcarona|66\/100|[from] drain|[of] p2a: Johto's finest\n|move|p2a: Johto's finest|Thunder Wave|p1a: Volcarona\n|-status|p1a: Volcarona|par\n|\n|-weather|Sandstorm|[upkeep]\n|-damage|p1a: Volcarona|60\/100 par|[from] Sandstorm\n|upkeep\n|turn|10\n|\n|t:|1608074641\n|cant|p1a: Volcarona|par\n|move|p2a: Johto's finest|Stealth Rock|p1a: Volcarona\n|-sidestart|p1: Vodyne|move: Stealth Rock\n|\n|-weather|Sandstorm|[upkeep]\n|-damage|p1a: Volcarona|54\/100 par|[from] Sandstorm\n|upkeep\n|turn|11\n|\n|t:|1608074646\n|cant|p1a: Volcarona|par\n|move|p2a: Johto's finest|Rock Blast|p1a: Volcarona\n|-supereffective|p1a: Volcarona\n|-crit|p1a: Volcarona\n|-damage|p1a: Volcarona|0 fnt\n|-hitcount|p1a: Volcarona|1\n|faint|p1a: Volcarona\n|\n|-weather|Sandstorm|[upkeep]\n|upkeep\n|\n|t:|1608074651\n|switch|p1a: Suicune|Suicune|63\/100 tox\n|-damage|p1a: Suicune|51\/100 tox|[from] Stealth Rock\n|-ability|p1a: Suicune|Pressure\n|turn|12\n|\n|t:|1608074656\n|switch|p2a: water prison|Toxapex, M|100\/100 brn\n|move|p1a: Suicune|Scald|p2a: water prison\n|-resisted|p2a: water prison\n|-damage|p2a: water prison|91\/100 brn\n|\n|-weather|Sandstorm|[upkeep]\n|-damage|p1a: Suicune|44\/100 tox|[from] Sandstorm\n|-damage|p2a: water prison|84\/100 brn|[from] Sandstorm\n|-heal|p1a: Suicune|51\/100 tox|[from] item: Leftovers\n|-heal|p2a: water prison|91\/100 brn|[from] item: Black Sludge\n|-damage|p1a: Suicune|44\/100 tox|[from] psn\n|-damage|p2a: water prison|84\/100 brn|[from] brn\n|upkeep\n|turn|13\n|\n|t:|1608074660\n|move|p1a: Suicune|Rest|p1a: Suicune\n|-status|p1a: Suicune|slp|[from] move: Rest\n|-heal|p1a: Suicune|100\/100 slp|[silent]\n|move|p2a: water prison|Scald|p1a: Suicune\n|-resisted|p1a: Suicune\n|-damage|p1a: Suicune|95\/100 slp\n|\n|-weather|Sandstorm|[upkeep]\n|-damage|p1a: Suicune|89\/100 slp|[from] Sandstorm\n|-damage|p2a: water prison|78\/100 brn|[from] Sandstorm\n|-heal|p1a: Suicune|95\/100 slp|[from] item: Leftovers\n|-heal|p2a: water prison|84\/100 brn|[from] item: Black Sludge\n|-damage|p2a: water prison|78\/100 brn|[from] brn\n|upkeep\n|turn|14\n|\n|t:|1608074665\n|switch|p2a: slainey's ace|Garchomp, M|100\/100\n|cant|p1a: Suicune|slp\n|\n|-weather|Sandstorm|[upkeep]\n|-damage|p1a: Suicune|89\/100 slp|[from] Sandstorm\n|-heal|p1a: Suicune|95\/100 slp|[from] item: Leftovers\n|upkeep\n|turn|15\n|\n|t:|1608074668\n|move|p2a: slainey's ace|Substitute|p2a: slainey's ace\n|-start|p2a: slainey's ace|Substitute\n|-damage|p2a: slainey's ace|76\/100\n|cant|p1a: Suicune|slp\n|\n|-weather|Sandstorm|[upkeep]\n|-damage|p1a: Suicune|89\/100 slp|[from] Sandstorm\n|-heal|p1a: Suicune|95\/100 slp|[from] item: Leftovers\n|upkeep\n|turn|16\n|\n|t:|1608074671\n|move|p2a: slainey's ace|Swords Dance|p2a: slainey's ace\n|-boost|p2a: slainey's ace|atk|2\n|-curestatus|p1a: Suicune|slp|[msg]\n|move|p1a: Suicune|Ice Beam|p2a: slainey's ace\n|-supereffective|p2a: slainey's ace\n|-end|p2a: slainey's ace|Substitute\n|\n|-weather|none\n|-heal|p1a: Suicune|100\/100|[from] item: Leftovers\n|upkeep\n|turn|17\n|\n|t:|1608074675\n|move|p2a: slainey's ace|Scale Shot|p1a: Suicune\n|-damage|p1a: Suicune|87\/100\n|-damage|p1a: Suicune|72\/100\n|-damage|p1a: Suicune|58\/100\n|-hitcount|p1a: Suicune|3\n|-unboost|p2a: slainey's ace|def|1\n|-boost|p2a: slainey's ace|spe|1\n|move|p1a: Suicune|Ice Beam|p2a: slainey's ace\n|-supereffective|p2a: slainey's ace\n|-damage|p2a: slainey's ace|0 fnt\n|faint|p2a: slainey's ace\n|\n|-heal|p1a: Suicune|64\/100|[from] item: Leftovers\n|upkeep\n|\n|t:|1608074684\n|switch|p2a: Johto's finest|Tyranitar, F|63\/100\n|-weather|Sandstorm|[from] ability: Sand Stream|[of] p2a: Johto's finest\n|turn|18\n|\n|t:|1608074688\n|switch|p2a: kirin|Zapdos|100\/100\n|move|p1a: Suicune|Scald|p2a: kirin\n|-damage|p2a: kirin|74\/100\n|\n|-weather|Sandstorm|[upkeep]\n|-damage|p2a: kirin|67\/100|[from] Sandstorm\n|-damage|p1a: Suicune|58\/100|[from] Sandstorm\n|-heal|p1a: Suicune|64\/100|[from] item: Leftovers\n|upkeep\n|turn|19\n|\n|t:|1608074692\n|switch|p1a: Cradily|Cradily, M|100\/100\n|-damage|p1a: Cradily|88\/100|[from] Stealth Rock\n|move|p2a: kirin|Volt Switch|p1a: Cradily\n|-resisted|p1a: Cradily\n|-damage|p1a: Cradily|83\/100\n|\n|t:|1608074694\n|switch|p2a: ingame farmer|Excadrill, M|100\/100|[from]move: Volt Switch\n|\n|-weather|Sandstorm|[upkeep]\n|-heal|p1a: Cradily|89\/100|[from] item: Leftovers\n|upkeep\n|turn|20\n|\n|t:|1608074704\n|switch|p1a: Suicune|Suicune|64\/100\n|-damage|p1a: Suicune|51\/100|[from] Stealth Rock\n|-ability|p1a: Suicune|Pressure\n|move|p2a: ingame farmer|Swords Dance|p2a: ingame farmer\n|-boost|p2a: ingame farmer|atk|2\n|\n|-weather|Sandstorm|[upkeep]\n|-damage|p1a: Suicune|45\/100|[from] Sandstorm\n|-heal|p1a: Suicune|51\/100|[from] item: Leftovers\n|upkeep\n|turn|21\n|\n|t:|1608074711\n|move|p2a: ingame farmer|Earthquake|p1a: Suicune\n|-damage|p1a: Suicune|0 fnt\n|faint|p1a: Suicune\n|\n|-weather|Sandstorm|[upkeep]\n|upkeep\n|\n|t:|1608074727\n|switch|p1a: Hydreigon|Hydreigon, M|100\/100\n|-damage|p1a: Hydreigon|88\/100|[from] Stealth Rock\n|turn|22\n|\n|t:|1608074730\n|move|p2a: ingame farmer|Iron Head|p1a: Hydreigon\n|-damage|p1a: Hydreigon|0 fnt\n|faint|p1a: Hydreigon\n|\n|-weather|Sandstorm|[upkeep]\n|upkeep\n|\n|t:|1608074734\n|switch|p1a: Cradily|Cradily, M|89\/100\n|-damage|p1a: Cradily|76\/100|[from] Stealth Rock\n|turn|23\n|\n|t:|1608074738\n|move|p2a: ingame farmer|Iron Head|p1a: Cradily\n|-supereffective|p1a: Cradily\n|-damage|p1a: Cradily|0 fnt\n|faint|p1a: Cradily\n|\n|-weather|Sandstorm|[upkeep]\n|upkeep\n|c|\u2606bpewn|gg\n|\n|t:|1608074744\n|switch|p1a: Melmetal|Melmetal|100\/100\n|-damage|p1a: Melmetal|94\/100|[from] Stealth Rock\n|turn|24\n|c|\u2606Vodyne|forgot about smooth rock\n|c|\u2606bpewn|lol\n|c|\u2606bpewn|rip\n|\n|t:|1608074757\n|move|p2a: ingame farmer|Earthquake|p1a: Melmetal\n|-supereffective|p1a: Melmetal\n|-damage|p1a: Melmetal|0 fnt\n|faint|p1a: Melmetal\n|\n|-weather|Sandstorm|[upkeep]\n|upkeep\n|\n|t:|1608074760\n|switch|p1a: Victini|Victini|100\/100\n|-damage|p1a: Victini|76\/100|[from] Stealth Rock\n|turn|25\n|c|\u2606bpewn|gg bro\n|c|\u2606Vodyne|gg\n|\n|t:|1608074764\n|move|p2a: ingame farmer|Earthquake|p1a: Victini\n|-supereffective|p1a: Victini\n|-damage|p1a: Victini|0 fnt\n|faint|p1a: Victini\n|\n|win|bpewn\n|n|\u2606Vodyne|vodyne\n|n|\u2606bpewn|bpewn\n","uploadtime":1608074767,"views":17,"p1id":"vodyne","p2id":"bpewn","formatid":"gen8ou","rating":0,"private":0,"password":null}