{"id":"gen8ou-1683215748","p1":"cucumber22","p2":"minimax_ai","format":"gen8ou","log":"|j|\u203dcucumber22\n|j|\u2606minimax_ai\n|t:|1665506868\n|gametype|singles\n|player|p1|cucumber22|dancer|1744\n|player|p2|minimax_ai|lusamine-nihilego|1667\n|teamsize|p1|6\n|teamsize|p2|6\n|gen|8\n|tier|[Gen 8] OU\n|rated|\n|rule|Sleep Clause Mod: Limit one foe put to sleep\n|rule|Species Clause: Limit one of each Pok\u00e9mon\n|rule|OHKO Clause: OHKO moves are banned\n|rule|Evasion Items Clause: Evasion items are banned\n|rule|Evasion Moves Clause: Evasion moves are banned\n|rule|Endless Battle Clause: Forcing endless battles is banned\n|rule|HP Percentage Mod: HP is shown in percentages\n|rule|Dynamax Clause: You cannot dynamax\n|clearpoke\n|poke|p1|Aegislash, M|\n|poke|p1|Buzzwole|\n|poke|p1|Landorus-Therian, M|\n|poke|p1|Heatran, M|\n|poke|p1|Hydreigon, M|\n|poke|p1|Tapu Fini|\n|poke|p2|Rotom-Wash|\n|poke|p2|Weavile, M|\n|poke|p2|Landorus-Therian, M|\n|poke|p2|Heatran, M|\n|poke|p2|Tangrowth, F|\n|poke|p2|Melmetal|\n|teampreview\n|c|\u2606minimax_ai|hf\n|inactive|Battle timer is ON: inactive players will automatically lose when time's up. (requested by minimax_ai)\n|\n|t:|1665506881\n|start\n|switch|p1a: Hydreigon|Hydreigon, M|100\/100\n|switch|p2a: landorustherian|Landorus-Therian, M|100\/100\n|-ability|p2a: landorustherian|Intimidate|boost\n|-unboost|p1a: Hydreigon|atk|1\n|turn|1\n|\n|t:|1665506886\n|switch|p2a: Melmetal|Melmetal|100\/100\n|move|p1a: Hydreigon|Draco Meteor|p2a: Melmetal\n|-resisted|p2a: Melmetal\n|-damage|p2a: Melmetal|79\/100\n|-unboost|p1a: Hydreigon|spa|2\n|\n|upkeep\n|turn|2\n|\n|t:|1665506895\n|switch|p1a: Buzzwole|Buzzwole|100\/100\n|move|p2a: Melmetal|Ice Punch|p1a: Buzzwole\n|-damage|p1a: Buzzwole|83\/100\n|\n|upkeep\n|turn|3\n|\n|t:|1665506902\n|switch|p1a: Heatran|Heatran, M|100\/100\n|move|p2a: Melmetal|Double Iron Bash|p1a: Heatran\n|-resisted|p1a: Heatran\n|-damage|p1a: Heatran|90\/100\n|-resisted|p1a: Heatran\n|-damage|p1a: Heatran|80\/100\n|-hitcount|p1a: Heatran|2\n|\n|upkeep\n|turn|4\n|\n|t:|1665506904\n|move|p1a: Heatran|Magma Storm|p2a: Melmetal|[miss]\n|-miss|p1a: Heatran|p2a: Melmetal\n|move|p2a: Melmetal|Double Iron Bash|p1a: Heatran\n|-resisted|p1a: Heatran\n|-damage|p1a: Heatran|71\/100\n|-resisted|p1a: Heatran\n|-damage|p1a: Heatran|60\/100\n|-hitcount|p1a: Heatran|2\n|\n|upkeep\n|turn|5\n|\n|t:|1665506906\n|move|p1a: Heatran|Magma Storm|p2a: Melmetal\n|-supereffective|p2a: Melmetal\n|-damage|p2a: Melmetal|21\/100\n|-activate|p2a: Melmetal|move: Magma Storm|[of] p1a: Heatran\n|move|p2a: Melmetal|Double Iron Bash|p1a: Heatran\n|-resisted|p1a: Heatran\n|-damage|p1a: Heatran|50\/100\n|-resisted|p1a: Heatran\n|-damage|p1a: Heatran|41\/100\n|-hitcount|p1a: Heatran|2\n|\n|-damage|p2a: Melmetal|8\/100|[from] move: Magma Storm|[partiallytrapped]\n|upkeep\n|turn|6\n|\n|t:|1665506910\n|move|p1a: Heatran|Earth Power|p2a: Melmetal\n|-supereffective|p2a: Melmetal\n|-damage|p2a: Melmetal|0 fnt\n|faint|p2a: Melmetal\n|\n|upkeep\n|\n|t:|1665506910\n|switch|p2a: rotomwash|Rotom-Wash|100\/100\n|turn|7\n|\n|t:|1665506917\n|switch|p1a: Hydreigon|Hydreigon, M|100\/100\n|move|p2a: rotomwash|Hydro Pump|p1a: Hydreigon\n|-resisted|p1a: Hydreigon\n|-damage|p1a: Hydreigon|77\/100\n|\n|upkeep\n|turn|8\n|\n|t:|1665506923\n|move|p1a: Hydreigon|Nasty Plot|p1a: Hydreigon\n|-boost|p1a: Hydreigon|spa|2\n|move|p2a: rotomwash|Hydro Pump|p1a: Hydreigon\n|-resisted|p1a: Hydreigon\n|-damage|p1a: Hydreigon|53\/100\n|\n|upkeep\n|turn|9\n|\n|t:|1665506927\n|move|p1a: Hydreigon|Draco Meteor|p2a: rotomwash\n|-damage|p2a: rotomwash|0 fnt\n|-unboost|p1a: Hydreigon|spa|2\n|faint|p2a: rotomwash\n|\n|upkeep\n|\n|t:|1665506927\n|switch|p2a: Weavile|Weavile, M|100\/100\n|-ability|p2a: Weavile|Pressure\n|turn|10\n|\n|t:|1665506931\n|switch|p1a: Buzzwole|Buzzwole|83\/100\n|move|p2a: Weavile|Triple Axel|p1a: Buzzwole\n|-damage|p1a: Buzzwole|76\/100\n|-damage|p1a: Buzzwole|60\/100\n|-damage|p1a: Buzzwole|36\/100\n|-hitcount|p1a: Buzzwole|3\n|\n|upkeep\n|turn|11\n|\n|t:|1665506934\n|switch|p1a: Heatran|Heatran, M|41\/100\n|move|p2a: Weavile|Triple Axel|p1a: Heatran\n|-resisted|p1a: Heatran\n|-damage|p1a: Heatran|37\/100\n|-hitcount|p1a: Heatran|1\n|\n|upkeep\n|turn|12\n|\n|t:|1665506940\n|switch|p2a: landorustherian|Landorus-Therian, M|100\/100\n|-ability|p2a: landorustherian|Intimidate|boost\n|-unboost|p1a: Heatran|atk|1\n|move|p1a: Heatran|Earth Power|p2a: landorustherian\n|-immune|p2a: landorustherian\n|\n|upkeep\n|turn|13\n|\n|t:|1665506942\n|move|p1a: Heatran|Magma Storm|p2a: landorustherian\n|-damage|p2a: landorustherian|61\/100\n|-activate|p2a: landorustherian|move: Magma Storm|[of] p1a: Heatran\n|move|p2a: landorustherian|Defog|p1a: Heatran\n|-unboost|p1a: Heatran|evasion|1\n|\n|-heal|p2a: landorustherian|67\/100|[from] item: Leftovers\n|-damage|p2a: landorustherian|55\/100|[from] move: Magma Storm|[partiallytrapped]\n|upkeep\n|turn|14\n|\n|t:|1665506951\n|switch|p1a: Landorus|Landorus-Therian, M|100\/100\n|-ability|p1a: Landorus|Intimidate|boost\n|-unboost|p2a: landorustherian|atk|1\n|move|p2a: landorustherian|Defog|p1a: Landorus\n|-unboost|p1a: Landorus|evasion|1\n|\n|-heal|p2a: landorustherian|61\/100|[from] item: Leftovers\n|-end|p2a: landorustherian|Magma Storm|[partiallytrapped]|[silent]\n|upkeep\n|turn|15\n|\n|t:|1665506954\n|move|p1a: Landorus|Knock Off|p2a: landorustherian\n|-damage|p2a: landorustherian|33\/100\n|-enditem|p2a: landorustherian|Leftovers|[from] move: Knock Off|[of] p1a: Landorus\n|move|p2a: landorustherian|U-turn|p1a: Landorus\n|-resisted|p1a: Landorus\n|-damage|p1a: Landorus|93\/100\n|\n|t:|1665506954\n|switch|p2a: Heatran|Heatran, M|100\/100|[from]move: U-turn\n|-item|p2a: Heatran|Air Balloon\n|\n|-heal|p1a: Landorus|99\/100|[from] item: Leftovers\n|upkeep\n|turn|16\n|\n|t:|1665506957\n|move|p2a: Heatran|Stealth Rock|p1a: Landorus\n|-sidestart|p1: cucumber22|move: Stealth Rock\n|move|p1a: Landorus|Stealth Rock|p2a: Heatran\n|-sidestart|p2: minimax_ai|move: Stealth Rock\n|\n|-heal|p1a: Landorus|100\/100|[from] item: Leftovers\n|upkeep\n|turn|17\n|\n|t:|1665506962\n|move|p2a: Heatran|Magma Storm|p1a: Landorus\n|-damage|p1a: Landorus|63\/100\n|-activate|p1a: Landorus|move: Magma Storm|[of] p2a: Heatran\n|move|p1a: Landorus|Knock Off|p2a: Heatran\n|-damage|p2a: Heatran|69\/100\n|-enditem|p2a: Heatran|Air Balloon\n|\n|-heal|p1a: Landorus|69\/100|[from] item: Leftovers\n|-damage|p1a: Landorus|57\/100|[from] move: Magma Storm|[partiallytrapped]\n|upkeep\n|turn|18\n|\n|t:|1665506964\n|switch|p2a: Tangrowth|Tangrowth, F|100\/100\n|-damage|p2a: Tangrowth|88\/100|[from] Stealth Rock\n|move|p1a: Landorus|Earthquake|p2a: Tangrowth\n|-resisted|p2a: Tangrowth\n|-damage|p2a: Tangrowth|75\/100\n|\n|-heal|p1a: Landorus|63\/100|[from] item: Leftovers\n|-end|p1a: Landorus|Magma Storm|[partiallytrapped]|[silent]\n|upkeep\n|turn|19\n|\n|t:|1665506992\n|switch|p1a: Heatran|Heatran, M|37\/100\n|-damage|p1a: Heatran|25\/100|[from] Stealth Rock\n|move|p2a: Tangrowth|Sleep Powder|p1a: Heatran\n|-status|p1a: Heatran|slp|[from] move: Sleep Powder\n|\n|upkeep\n|turn|20\n|\n|t:|1665506999\n|switch|p1a: Hydreigon|Hydreigon, M|53\/100\n|-damage|p1a: Hydreigon|41\/100|[from] Stealth Rock\n|move|p2a: Tangrowth|Focus Blast|p1a: Hydreigon\n|-supereffective|p1a: Hydreigon\n|-damage|p1a: Hydreigon|0 fnt\n|faint|p1a: Hydreigon\n|\n|upkeep\n|\n|t:|1665507002\n|switch|p1a: Aegislash|Aegislash, M|100\/100\n|-damage|p1a: Aegislash|95\/100|[from] Stealth Rock\n|turn|21\n|\n|t:|1665507003\n|switch|p2a: landorustherian|Landorus-Therian, M|33\/100\n|-damage|p2a: landorustherian|20\/100|[from] Stealth Rock\n|-ability|p2a: landorustherian|Intimidate|boost\n|-unboost|p1a: Aegislash|atk|1\n|move|p1a: Aegislash|Swords Dance|p1a: Aegislash\n|-boost|p1a: Aegislash|atk|2\n|\n|upkeep\n|turn|22\n|\n|t:|1665507007\n|switch|p2a: Tangrowth|Tangrowth, F|100\/100\n|-damage|p2a: Tangrowth|88\/100|[from] Stealth Rock\n|-formechange|p1a: Aegislash|Aegislash-Blade||[from] ability: Stance Change\n|move|p1a: Aegislash|Shadow Sneak|p2a: Tangrowth\n|-damage|p2a: Tangrowth|69\/100\n|-damage|p1a: Aegislash|78\/100|[from] item: Rocky Helmet|[of] p2a: Tangrowth\n|\n|upkeep\n|turn|23\n|\n|t:|1665507018\n|move|p1a: Aegislash|Swords Dance|p1a: Aegislash\n|-boost|p1a: Aegislash|atk|2\n|move|p2a: Tangrowth|Giga Drain|p1a: Aegislash\n|-resisted|p1a: Aegislash\n|-damage|p1a: Aegislash|53\/100\n|-heal|p2a: Tangrowth|79\/100|[from] drain|[of] p1a: Aegislash\n|\n|upkeep\n|turn|24\n|\n|t:|1665507023\n|switch|p2a: landorustherian|Landorus-Therian, M|20\/100\n|-damage|p2a: landorustherian|8\/100|[from] Stealth Rock\n|-ability|p2a: landorustherian|Intimidate|boost\n|-unboost|p1a: Aegislash|atk|1\n|move|p1a: Aegislash|Iron Head|p2a: landorustherian\n|-crit|p2a: landorustherian\n|-damage|p2a: landorustherian|0 fnt\n|faint|p2a: landorustherian\n|\n|upkeep\n|\n|t:|1665507023\n|switch|p2a: Weavile|Weavile, M|100\/100\n|-damage|p2a: Weavile|76\/100|[from] Stealth Rock\n|-ability|p2a: Weavile|Pressure\n|turn|25\n|\n|t:|1665507038\n|switch|p1a: Buzzwole|Buzzwole|36\/100\n|move|p2a: Weavile|Knock Off|p1a: Buzzwole\n|-resisted|p1a: Buzzwole\n|-damage|p1a: Buzzwole|18\/100\n|-enditem|p1a: Buzzwole|Heavy-Duty Boots|[from] move: Knock Off|[of] p2a: Weavile\n|\n|upkeep\n|turn|26\n|\n|t:|1665507041\n|move|p2a: Weavile|Knock Off|p1a: Buzzwole\n|-resisted|p1a: Buzzwole\n|-damage|p1a: Buzzwole|5\/100\n|move|p1a: Buzzwole|Roost|p1a: Buzzwole\n|-heal|p1a: Buzzwole|55\/100\n|-singleturn|p1a: Buzzwole|move: Roost\n|\n|upkeep\n|turn|27\n|\n|t:|1665507043\n|switch|p2a: Tangrowth|Tangrowth, F|100\/100\n|-damage|p2a: Tangrowth|88\/100|[from] Stealth Rock\n|move|p1a: Buzzwole|Roost|p1a: Buzzwole\n|-heal|p1a: Buzzwole|100\/100\n|-singleturn|p1a: Buzzwole|move: Roost\n|\n|upkeep\n|turn|28\n|\n|t:|1665507047\n|move|p1a: Buzzwole|Bulk Up|p1a: Buzzwole\n|-boost|p1a: Buzzwole|atk|1\n|-boost|p1a: Buzzwole|def|1\n|move|p2a: Tangrowth|Giga Drain|p1a: Buzzwole\n|-resisted|p1a: Buzzwole\n|-damage|p1a: Buzzwole|79\/100\n|-heal|p2a: Tangrowth|98\/100|[from] drain|[of] p1a: Buzzwole\n|\n|upkeep\n|turn|29\n|\n|t:|1665507048\n|move|p1a: Buzzwole|Bulk Up|p1a: Buzzwole\n|-boost|p1a: Buzzwole|atk|1\n|-boost|p1a: Buzzwole|def|1\n|move|p2a: Tangrowth|Giga Drain|p1a: Buzzwole\n|-resisted|p1a: Buzzwole\n|-damage|p1a: Buzzwole|58\/100\n|-heal|p2a: Tangrowth|100\/100|[from] drain|[of] p1a: Buzzwole\n|\n|upkeep\n|turn|30\n|\n|t:|1665507051\n|move|p1a: Buzzwole|Roost|p1a: Buzzwole\n|-heal|p1a: Buzzwole|100\/100\n|-singleturn|p1a: Buzzwole|move: Roost\n|move|p2a: Tangrowth|Giga Drain|p1a: Buzzwole\n|-resisted|p1a: Buzzwole\n|-damage|p1a: Buzzwole|81\/100\n|\n|upkeep\n|turn|31\n|\n|t:|1665507055\n|move|p1a: Buzzwole|Ice Punch|p2a: Tangrowth\n|-supereffective|p2a: Tangrowth\n|-damage|p2a: Tangrowth|50\/100\n|-status|p2a: Tangrowth|frz\n|-damage|p1a: Buzzwole|64\/100|[from] item: Rocky Helmet|[of] p2a: Tangrowth\n|cant|p2a: Tangrowth|frz\n|\n|upkeep\n|turn|32\n|\n|t:|1665507059\n|move|p1a: Buzzwole|Close Combat|p2a: Tangrowth\n|-damage|p2a: Tangrowth|0 fnt\n|-unboost|p1a: Buzzwole|def|1\n|-unboost|p1a: Buzzwole|spd|1\n|-damage|p1a: Buzzwole|48\/100|[from] item: Rocky Helmet|[of] p2a: Tangrowth\n|faint|p2a: Tangrowth\n|-ability|p1a: Buzzwole|Beast Boost|boost\n|-boost|p1a: Buzzwole|def|1\n|\n|upkeep\n|\n|t:|1665507059\n|switch|p2a: Heatran|Heatran, M|69\/100\n|-damage|p2a: Heatran|57\/100|[from] Stealth Rock\n|turn|33\n|\n|t:|1665507064\n|switch|p1a: Heatran|Heatran, M|25\/100 slp\n|-damage|p1a: Heatran|13\/100 slp|[from] Stealth Rock\n|move|p2a: Heatran|Magma Storm|p1a: Heatran\n|-start|p1a: Heatran|ability: Flash Fire\n|\n|upkeep\n|turn|34\n|\n|t:|1665507066\n|move|p2a: Heatran|Magma Storm|p1a: Heatran\n|-immune|p1a: Heatran|[from] ability: Flash Fire\n|cant|p1a: Heatran|slp\n|\n|upkeep\n|turn|35\n|\n|t:|1665507068\n|move|p2a: Heatran|Magma Storm|p1a: Heatran\n|-immune|p1a: Heatran|[from] ability: Flash Fire\n|cant|p1a: Heatran|slp\n|\n|upkeep\n|turn|36\n|\n|t:|1665507070\n|move|p2a: Heatran|Magma Storm|p1a: Heatran\n|-immune|p1a: Heatran|[from] ability: Flash Fire\n|cant|p1a: Heatran|slp\n|\n|upkeep\n|turn|37\n|\n|t:|1665507073\n|move|p2a: Heatran|Magma Storm|p1a: Heatran\n|-immune|p1a: Heatran|[from] ability: Flash Fire\n|-curestatus|p1a: Heatran|slp|[msg]\n|move|p1a: Heatran|Earth Power|p2a: Heatran\n|-supereffective|p2a: Heatran\n|-damage|p2a: Heatran|0 fnt\n|faint|p2a: Heatran\n|\n|upkeep\n|\n|t:|1665507073\n|switch|p2a: Weavile|Weavile, M|76\/100\n|-damage|p2a: Weavile|51\/100|[from] Stealth Rock\n|-ability|p2a: Weavile|Pressure\n|turn|38\n|\n|t:|1665507076\n|move|p2a: Weavile|Triple Axel|p1a: Heatran\n|-resisted|p1a: Heatran\n|-damage|p1a: Heatran|9\/100\n|-resisted|p1a: Heatran\n|-damage|p1a: Heatran|2\/100\n|-resisted|p1a: Heatran\n|-damage|p1a: Heatran|0 fnt\n|faint|p1a: Heatran\n|-hitcount|p1: Heatran|3\n|\n|upkeep\n|\n|t:|1665507078\n|switch|p1a: Tapu Fini|Tapu Fini|100\/100\n|-damage|p1a: Tapu Fini|88\/100|[from] Stealth Rock\n|-fieldstart|move: Misty Terrain|[from] ability: Misty Surge|[of] p1a: Tapu Fini\n|turn|39\n|\n|t:|1665507079\n|move|p1a: Tapu Fini|Moonblast|p2a: Weavile\n|-supereffective|p2a: Weavile\n|-damage|p2a: Weavile|0 fnt\n|faint|p2a: Weavile\n|\n|win|cucumber22\n|raw|cucumber22's rating: 1744 &rarr; <strong>1760<\/strong><br \/>(+16 for winning)\n|raw|minimax_ai's rating: 1667 &rarr; <strong>1651<\/strong><br \/>(-16 for losing)\n|c|\u2606minimax_ai|gg\n","uploadtime":1665507081,"views":26,"p1id":"cucumber22","p2id":"minimaxai","formatid":"gen8ou","rating":1651,"private":0,"password":null}