{"id":"gen8ou-1667297201","p1":"RggV_YT","p2":"Kcf77","format":"gen8ou","log":"|j|\u2606RggV_YT\n|j|\u2606Kcf77\n|t:|1663509445\n|gametype|singles\n|player|p1|RggV_YT|scientist-gen4|1667\n|player|p2|Kcf77|101|1717\n|teamsize|p1|6\n|teamsize|p2|6\n|gen|8\n|tier|[Gen 8] OU\n|rated|\n|rule|Sleep Clause Mod: Limit one foe put to sleep\n|rule|Species Clause: Limit one of each Pok\u00e9mon\n|rule|OHKO Clause: OHKO moves are banned\n|rule|Evasion Items Clause: Evasion items are banned\n|rule|Evasion Moves Clause: Evasion moves are banned\n|rule|Endless Battle Clause: Forcing endless battles is banned\n|rule|HP Percentage Mod: HP is shown in percentages\n|rule|Dynamax Clause: You cannot dynamax\n|clearpoke\n|poke|p1|Politoed, M|\n|poke|p1|Heliolisk, M|\n|poke|p1|Kingdra, F|\n|poke|p1|Mudsdale, M|\n|poke|p1|Scizor, F|\n|poke|p1|Victini|\n|poke|p2|Victini|\n|poke|p2|Corviknight, F|\n|poke|p2|Blissey, F|\n|poke|p2|Volcarona, F|\n|poke|p2|Rillaboom, F|\n|poke|p2|Zeraora|\n|teampreview\n|inactive|Battle timer is ON: inactive players will automatically lose when time's up. (requested by RggV_YT)\n|j| 0SiegeWarfare\n|\n|t:|1663509460\n|start\n|switch|p1a: Victini|Victini|100\/100\n|switch|p2a: Victini|Victini|100\/100\n|turn|1\n|\n|t:|1663509467\n|switch|p1a: Heliolisk|Heliolisk, M|100\/100\n|move|p2a: Victini|Final Gambit|p1a: Heliolisk\n|-damage|p1a: Heliolisk|0 fnt\n|faint|p2a: Victini\n|faint|p1a: Heliolisk\n|\n|upkeep\n|j| Team Sky Admin 001\n|\n|t:|1663509476\n|switch|p1a: Victini|Victini|100\/100\n|switch|p2a: Zeraora|Zeraora|100\/100\n|turn|2\n|\n|t:|1663509480\n|switch|p1a: Mudsdale|Mudsdale, M, shiny|100\/100\n|move|p2a: Zeraora|Knock Off|p1a: Mudsdale\n|-damage|p1a: Mudsdale|82\/100\n|-ability|p1a: Mudsdale|Stamina|boost\n|-boost|p1a: Mudsdale|def|1\n|-enditem|p1a: Mudsdale|Leftovers|[from] move: Knock Off|[of] p2a: Zeraora\n|\n|upkeep\n|turn|3\n|\n|t:|1663509484\n|switch|p2a: Corviknight|Corviknight, F|100\/100\n|-ability|p2a: Corviknight|Pressure\n|move|p1a: Mudsdale|Stealth Rock|p2a: Corviknight\n|-sidestart|p2: Kcf77|move: Stealth Rock\n|\n|upkeep\n|turn|4\n|\n|t:|1663509487\n|switch|p1a: Victini|Victini|100\/100\n|move|p2a: Corviknight|Defog|p1a: Victini\n|-unboost|p1a: Victini|evasion|1\n|-sideend|p2: Kcf77|Stealth Rock|[from] move: Defog|[of] p2a: Corviknight\n|\n|upkeep\n|turn|5\n|\n|t:|1663509494\n|move|p1a: Victini|V-create|p2a: Corviknight\n|-supereffective|p2a: Corviknight\n|-damage|p2a: Corviknight|0 fnt\n|-unboost|p1a: Victini|spe|1\n|-unboost|p1a: Victini|def|1\n|-unboost|p1a: Victini|spd|1\n|-damage|p1a: Victini|84\/100|[from] item: Rocky Helmet|[of] p2a: Corviknight\n|faint|p2a: Corviknight\n|\n|upkeep\n|\n|t:|1663509499\n|switch|p2a: Rillaboom|Rillaboom, F|100\/100\n|-fieldstart|move: Grassy Terrain|[from] ability: Grassy Surge|[of] p2a: Rillaboom\n|turn|6\n|\n|t:|1663509502\n|switch|p1a: Scizor|Scizor, F|100\/100\n|move|p2a: Rillaboom|Knock Off|p1a: Scizor\n|-damage|p1a: Scizor|60\/100\n|-enditem|p1a: Scizor|Leftovers|[from] move: Knock Off|[of] p2a: Rillaboom\n|-damage|p2a: Rillaboom|91\/100|[from] item: Life Orb\n|\n|-heal|p2a: Rillaboom|97\/100|[from] Grassy Terrain\n|-heal|p1a: Scizor|66\/100|[from] Grassy Terrain\n|upkeep\n|turn|7\n|\n|t:|1663509509\n|move|p2a: Rillaboom|Superpower|p1a: Scizor\n|-damage|p1a: Scizor|10\/100\n|-unboost|p2a: Rillaboom|atk|1\n|-unboost|p2a: Rillaboom|def|1\n|-damage|p2a: Rillaboom|87\/100|[from] item: Life Orb\n|move|p1a: Scizor|Defog|p2a: Rillaboom\n|-unboost|p2a: Rillaboom|evasion|1\n|-fieldend|move: Grassy Terrain\n|\n|upkeep\n|turn|8\n|\n|t:|1663509517\n|switch|p1a: Politoed|Politoed, M|100\/100\n|-weather|RainDance|[from] ability: Drizzle|[of] p1a: Politoed\n|move|p2a: Rillaboom|Superpower|p1a: Politoed\n|-damage|p1a: Politoed|73\/100\n|-unboost|p2a: Rillaboom|atk|1\n|-unboost|p2a: Rillaboom|def|1\n|-damage|p2a: Rillaboom|77\/100|[from] item: Life Orb\n|\n|-weather|RainDance|[upkeep]\n|upkeep\n|turn|9\n|l| Team Sky Admin 001\n|\n|t:|1663509521\n|switch|p1a: Scizor|Scizor, F|10\/100\n|move|p2a: Rillaboom|U-turn|p1a: Scizor\n|-resisted|p1a: Scizor\n|-damage|p1a: Scizor|2\/100\n|-damage|p2a: Rillaboom|67\/100|[from] item: Life Orb\n|\n|t:|1663509524\n|switch|p2a: Zeraora|Zeraora|100\/100|[from]move: U-turn\n|\n|-weather|RainDance|[upkeep]\n|upkeep\n|turn|10\n|\n|t:|1663509526\n|switch|p1a: Mudsdale|Mudsdale, M, shiny|82\/100\n|move|p2a: Zeraora|Knock Off|p1a: Mudsdale\n|-damage|p1a: Mudsdale|69\/100\n|-ability|p1a: Mudsdale|Stamina|boost\n|-boost|p1a: Mudsdale|def|1\n|\n|-weather|RainDance|[upkeep]\n|upkeep\n|turn|11\n|\n|t:|1663509531\n|switch|p2a: Rillaboom|Rillaboom, F|67\/100\n|-fieldstart|move: Grassy Terrain|[from] ability: Grassy Surge|[of] p2a: Rillaboom\n|move|p1a: Mudsdale|Stealth Rock|p2a: Rillaboom\n|-sidestart|p2: Kcf77|move: Stealth Rock\n|\n|-weather|RainDance|[upkeep]\n|-heal|p2a: Rillaboom|73\/100|[from] Grassy Terrain\n|-heal|p1a: Mudsdale|75\/100|[from] Grassy Terrain\n|upkeep\n|turn|12\n|j| DellaN\n|\n|t:|1663509534\n|move|p2a: Rillaboom|Grassy Glide|p1a: Mudsdale\n|-supereffective|p1a: Mudsdale\n|-damage|p1a: Mudsdale|24\/100\n|-ability|p1a: Mudsdale|Stamina|boost\n|-boost|p1a: Mudsdale|def|1\n|-damage|p2a: Rillaboom|63\/100|[from] item: Life Orb\n|move|p1a: Mudsdale|Body Press|p2a: Rillaboom\n|-damage|p2a: Rillaboom|8\/100\n|\n|-weather|RainDance|[upkeep]\n|-heal|p2a: Rillaboom|14\/100|[from] Grassy Terrain\n|-heal|p1a: Mudsdale|30\/100|[from] Grassy Terrain\n|upkeep\n|turn|13\n|\n|t:|1663509539\n|move|p2a: Rillaboom|Grassy Glide|p1a: Mudsdale\n|-supereffective|p1a: Mudsdale\n|-damage|p1a: Mudsdale|0 fnt\n|faint|p1a: Mudsdale\n|-damage|p2a: Rillaboom|4\/100|[from] item: Life Orb\n|\n|-weather|RainDance|[upkeep]\n|-heal|p2a: Rillaboom|10\/100|[from] Grassy Terrain\n|upkeep\n|\n|t:|1663509542\n|switch|p1a: Victini|Victini|84\/100\n|turn|14\n|l| DellaN\n|\n|t:|1663509553\n|move|p2a: Rillaboom|Grassy Glide|p1a: Victini\n|-resisted|p1a: Victini\n|-damage|p1a: Victini|52\/100\n|-damage|p2a: Rillaboom|0 fnt|[from] item: Life Orb\n|faint|p2a: Rillaboom\n|move|p1a: Victini|U-turn|p2: Rillaboom|[notarget]\n|-fail|p1a: Victini\n|\n|-weather|RainDance|[upkeep]\n|-heal|p1a: Victini|58\/100|[from] Grassy Terrain\n|upkeep\n|\n|t:|1663509565\n|switch|p2a: Zeraora|Zeraora|100\/100\n|turn|15\n|\n|t:|1663509573\n|switch|p1a: Scizor|Scizor, F|2\/100\n|move|p2a: Zeraora|Knock Off|p1a: Scizor\n|-damage|p1a: Scizor|0 fnt\n|faint|p1a: Scizor\n|\n|-weather|none\n|-fieldend|move: Grassy Terrain\n|upkeep\n|\n|t:|1663509579\n|switch|p1a: Kingdra|Kingdra, F|100\/100\n|turn|16\n|\n|t:|1663509585\n|move|p2a: Zeraora|Volt Switch|p1a: Kingdra\n|-damage|p1a: Kingdra|73\/100\n|\n|t:|1663509587\n|switch|p2a: Blissey|Blissey, F|100\/100|[from]move: Volt Switch\n|move|p1a: Kingdra|Draco Meteor|p2a: Blissey\n|-crit|p2a: Blissey\n|-damage|p2a: Blissey|50\/100\n|-unboost|p1a: Kingdra|spa|2\n|\n|upkeep\n|turn|17\n|\n|t:|1663509592\n|switch|p1a: Victini|Victini|58\/100\n|move|p2a: Blissey|Soft-Boiled|p2a: Blissey\n|-heal|p2a: Blissey|99\/100\n|\n|upkeep\n|turn|18\n|\n|t:|1663509600\n|switch|p2a: Volcarona|Volcarona, F|100\/100\n|move|p1a: Victini|V-create|p2a: Volcarona\n|-damage|p2a: Volcarona|0 fnt\n|-unboost|p1a: Victini|spe|1\n|-unboost|p1a: Victini|def|1\n|-unboost|p1a: Victini|spd|1\n|faint|p2a: Volcarona\n|\n|upkeep\n|\n|t:|1663509603\n|switch|p2a: Zeraora|Zeraora|100\/100\n|turn|19\n|\n|t:|1663509626\n|move|p2a: Zeraora|Plasma Fists|p1a: Victini\n|-damage|p1a: Victini|0 fnt\n|-fieldactivate|move: Ion Deluge\n|-hint|Normal-type moves become Electric-type after using Plasma Fists.\n|faint|p1a: Victini\n|\n|upkeep\n|\n|t:|1663509629\n|switch|p1a: Politoed|Politoed, M|73\/100\n|-weather|RainDance|[from] ability: Drizzle|[of] p1a: Politoed\n|turn|20\n|\n|t:|1663509632\n|move|p2a: Zeraora|Plasma Fists|p1a: Politoed\n|-supereffective|p1a: Politoed\n|-damage|p1a: Politoed|5\/100\n|-fieldactivate|move: Ion Deluge\n|-hint|Normal-type moves become Electric-type after using Plasma Fists.\n|move|p1a: Politoed|Counter|p2a: Zeraora\n|-damage|p2a: Zeraora|0 fnt\n|faint|p2a: Zeraora\n|\n|-weather|RainDance|[upkeep]\n|upkeep\n|\n|t:|1663509638\n|switch|p2a: Blissey|Blissey, F|99\/100\n|turn|21\n|\n|t:|1663509646\n|move|p1a: Politoed|Toxic|p2a: Blissey\n|-status|p2a: Blissey|tox\n|move|p2a: Blissey|Seismic Toss|p1a: Politoed\n|-damage|p1a: Politoed|0 fnt\n|faint|p1a: Politoed\n|\n|-weather|RainDance|[upkeep]\n|-damage|p2a: Blissey|93\/100 tox|[from] psn\n|upkeep\n|\n|t:|1663509648\n|switch|p1a: Kingdra|Kingdra, F|73\/100\n|turn|22\n|j| iced out samsung\n|\n|t:|1663509651\n|move|p1a: Kingdra|Hydro Pump|p2a: Blissey|[miss]\n|-miss|p1a: Kingdra|p2a: Blissey\n|move|p2a: Blissey|Seismic Toss|p1a: Kingdra\n|-damage|p1a: Kingdra|38\/100\n|\n|-weather|RainDance|[upkeep]\n|-damage|p2a: Blissey|81\/100 tox|[from] psn\n|upkeep\n|turn|23\n|\n|t:|1663509653\n|move|p1a: Kingdra|Hydro Pump|p2a: Blissey\n|-crit|p2a: Blissey\n|-damage|p2a: Blissey|21\/100 tox\n|move|p2a: Blissey|Seismic Toss|p1a: Kingdra\n|-damage|p1a: Kingdra|4\/100\n|\n|-weather|RainDance|[upkeep]\n|-damage|p2a: Blissey|2\/100 tox|[from] psn\n|upkeep\n|turn|24\n|\n|t:|1663509656\n|move|p1a: Kingdra|Hydro Pump|p2a: Blissey\n|-damage|p2a: Blissey|0 fnt\n|faint|p2a: Blissey\n|\n|win|RggV_YT\n|raw|RggV_YT's rating: 1667 &rarr; <strong>1690<\/strong><br \/>(+23 for winning)\n|raw|Kcf77's rating: 1717 &rarr; <strong>1694<\/strong><br \/>(-23 for losing)\n|l|\u2606RggV_YT\n|l| iced out samsung\n||Ladder isn't responding, score probably updated but might not have (Request timeout).\n|l|\u2606Kcf77\n","uploadtime":1663509859,"views":41,"p1id":"rggvyt","p2id":"kcf77","formatid":"gen8ou","rating":1690,"private":0,"password":null}