{"id":"gen8ou-1701515785","p1":"minimax_ai","p2":"EVERYOPPSHOT","format":"gen8ou","log":"|j|\u203dminimax_ai\n|j|\u2606EVERYOPPSHOT\n|t:|1667453871\n|gametype|singles\n|player|p1|minimax_ai|266|1517\n|player|p2|EVERYOPPSHOT|wallace-gen3|1620\n|teamsize|p1|6\n|teamsize|p2|6\n|gen|8\n|tier|[Gen 8] OU\n|rated|\n|rule|Sleep Clause Mod: Limit one foe put to sleep\n|rule|Species Clause: Limit one of each Pok\u00e9mon\n|rule|OHKO Clause: OHKO moves are banned\n|rule|Evasion Items Clause: Evasion items are banned\n|rule|Evasion Moves Clause: Evasion moves are banned\n|rule|Endless Battle Clause: Forcing endless battles is banned\n|rule|HP Percentage Mod: HP is shown in percentages\n|rule|Dynamax Clause: You cannot dynamax\n|clearpoke\n|poke|p1|Rotom-Wash|\n|poke|p1|Weavile, M|\n|poke|p1|Landorus-Therian, M|\n|poke|p1|Heatran, M|\n|poke|p1|Tangrowth, M|\n|poke|p1|Melmetal|\n|poke|p2|Celesteela|\n|poke|p2|Tapu Lele|\n|poke|p2|Kommo-o, M|\n|poke|p2|Urshifu-*, M|\n|poke|p2|Excadrill, F|\n|poke|p2|Tornadus-Therian, M|\n|teampreview\n|inactive|Battle timer is ON: inactive players will automatically lose when time's up. (requested by minimax_ai)\n|\n|t:|1667453885\n|start\n|switch|p1a: Landorus|Landorus-Therian, M|100\/100\n|switch|p2a: suiiiii|Excadrill, F|100\/100\n|-ability|p2a: suiiiii|Mold Breaker\n|-ability|p1a: Landorus|Intimidate|boost\n|-unboost|p2a: suiiiii|atk|1\n|turn|1\n|\n|t:|1667453887\n|move|p2a: suiiiii|Stealth Rock|p1a: Landorus\n|-sidestart|p1: minimax_ai|move: Stealth Rock\n|move|p1a: Landorus|Earthquake|p2a: suiiiii\n|-supereffective|p2a: suiiiii\n|-damage|p2a: suiiiii|0 fnt\n|faint|p2a: suiiiii\n|\n|upkeep\n|\n|t:|1667453893\n|switch|p2a: big body benz|Celesteela|100\/100\n|turn|2\n|\n|t:|1667453895\n|move|p1a: Landorus|Defog|p2a: big body benz\n|-unboost|p2a: big body benz|evasion|1\n|-sideend|p1: minimax_ai|Stealth Rock|[from] move: Defog|[of] p1a: Landorus\n|move|p2a: big body benz|Autotomize|p2a: big body benz\n|-boost|p2a: big body benz|spe|2\n|-start|p2a: big body benz|Autotomize\n|\n|upkeep\n|turn|3\n|\n|t:|1667453896\n|move|p2a: big body benz|Meteor Beam||[still]\n|-prepare|p2a: big body benz|Meteor Beam\n|-boost|p2a: big body benz|spa|1\n|-enditem|p2a: big body benz|Power Herb\n|-anim|p2a: big body benz|Meteor Beam|p1a: Landorus\n|-crit|p1a: Landorus\n|-damage|p1a: Landorus|29\/100\n|move|p1a: Landorus|U-turn|p2a: big body benz\n|-resisted|p2a: big body benz\n|-damage|p2a: big body benz|95\/100\n|\n|t:|1667453897\n|switch|p1a: Heatran|Heatran, M|100\/100|[from]move: U-turn\n|-item|p1a: Heatran|Air Balloon\n|\n|upkeep\n|turn|4\n|\n|t:|1667453901\n|move|p2a: big body benz|Air Slash|p1a: Heatran\n|-resisted|p1a: Heatran\n|-damage|p1a: Heatran|74\/100\n|-enditem|p1a: Heatran|Air Balloon\n|move|p1a: Heatran|Magma Storm|p2a: big body benz\n|-supereffective|p2a: big body benz\n|-damage|p2a: big body benz|0 fnt\n|faint|p2a: big body benz\n|\n|upkeep\n|\n|t:|1667453907\n|switch|p2a: let me clang|Kommo-o, M|100\/100\n|turn|5\n|\n|t:|1667453910\n|move|p2a: let me clang|Clangorous Soul|p2a: let me clang\n|-boost|p2a: let me clang|atk|1\n|-boost|p2a: let me clang|def|1\n|-boost|p2a: let me clang|spa|1\n|-boost|p2a: let me clang|spd|1\n|-boost|p2a: let me clang|spe|1\n|-damage|p2a: let me clang|68\/100\n|-enditem|p2a: let me clang|Throat Spray\n|-boost|p2a: let me clang|spa|1|[from] item: Throat Spray\n|move|p1a: Heatran|Magma Storm|p2a: let me clang\n|-resisted|p2a: let me clang\n|-damage|p2a: let me clang|49\/100\n|-activate|p2a: let me clang|move: Magma Storm|[of] p1a: Heatran\n|\n|-damage|p2a: let me clang|37\/100|[from] move: Magma Storm|[partiallytrapped]\n|upkeep\n|turn|6\n|\n|t:|1667453912\n|switch|p1a: Landorus|Landorus-Therian, M|29\/100\n|-ability|p1a: Landorus|Intimidate|boost\n|-unboost|p2a: let me clang|atk|1\n|move|p2a: let me clang|Focus Blast|p1a: Landorus\n|-resisted|p1a: Landorus\n|-damage|p1a: Landorus|0 fnt\n|faint|p1a: Landorus\n|\n|-end|p2a: let me clang|Magma Storm|[partiallytrapped]|[silent]\n|upkeep\n|\n|t:|1667453912\n|switch|p1a: Weavile|Weavile, M|100\/100\n|-ability|p1a: Weavile|Pressure\n|turn|7\n|\n|t:|1667453915\n|switch|p2a: ishowspeed|Urshifu-Rapid-Strike, M|100\/100\n|move|p1a: Weavile|Ice Shard|p2a: ishowspeed\n|-resisted|p2a: ishowspeed\n|-damage|p2a: ishowspeed|86\/100\n|\n|upkeep\n|turn|8\n|\n|t:|1667453917\n|switch|p1a: Tangrowth|Tangrowth, M|100\/100\n|move|p2a: ishowspeed|U-turn|p1a: Tangrowth\n|-supereffective|p1a: Tangrowth\n|-damage|p1a: Tangrowth|75\/100\n|-damage|p2a: ishowspeed|70\/100|[from] item: Rocky Helmet|[of] p1a: Tangrowth\n|\n|t:|1667453919\n|switch|p2a: wizerd|Tapu Lele|100\/100|[from]move: U-turn\n|-fieldstart|move: Psychic Terrain|[from] ability: Psychic Surge|[of] p2a: wizerd\n|\n|upkeep\n|turn|9\n|\n|t:|1667453922\n|switch|p1a: Melmetal|Melmetal|100\/100\n|move|p2a: wizerd|Psychic|p1a: Melmetal\n|-resisted|p1a: Melmetal\n|-damage|p1a: Melmetal|71\/100\n|\n|upkeep\n|turn|10\n|\n|t:|1667453926\n|move|p2a: wizerd|Psychic|p1a: Melmetal\n|-resisted|p1a: Melmetal\n|-damage|p1a: Melmetal|44\/100\n|move|p1a: Melmetal|Thunder Punch|p2a: wizerd\n|-damage|p2a: wizerd|51\/100\n|\n|upkeep\n|turn|11\n|\n|t:|1667453931\n|switch|p2a: ishowspeed|Urshifu-Rapid-Strike, M|70\/100\n|move|p1a: Melmetal|Thunder Punch|p2a: ishowspeed\n|-supereffective|p2a: ishowspeed\n|-damage|p2a: ishowspeed|7\/100\n|\n|upkeep\n|turn|12\n|\n|t:|1667453934\n|switch|p1a: Rotom|Rotom-Wash|100\/100\n|move|p2a: ishowspeed|Close Combat|p1a: Rotom\n|-crit|p1a: Rotom\n|-damage|p1a: Rotom|7\/100\n|-unboost|p2a: ishowspeed|def|1\n|-unboost|p2a: ishowspeed|spd|1\n|\n|-heal|p1a: Rotom|13\/100|[from] item: Leftovers\n|-fieldend|move: Psychic Terrain\n|upkeep\n|turn|13\n|\n|t:|1667453937\n|switch|p1a: Melmetal|Melmetal|44\/100\n|move|p2a: ishowspeed|Close Combat|p1a: Melmetal\n|-supereffective|p1a: Melmetal\n|-damage|p1a: Melmetal|0 fnt\n|-unboost|p2a: ishowspeed|def|1\n|-unboost|p2a: ishowspeed|spd|1\n|faint|p1a: Melmetal\n|\n|upkeep\n|\n|t:|1667453937\n|switch|p1a: Weavile|Weavile, M|100\/100\n|-ability|p1a: Weavile|Pressure\n|turn|14\n|\n|t:|1667453942\n|move|p2a: ishowspeed|Close Combat|p1a: Weavile\n|-supereffective|p1a: Weavile\n|-damage|p1a: Weavile|0 fnt\n|-unboost|p2a: ishowspeed|def|1\n|-unboost|p2a: ishowspeed|spd|1\n|faint|p1a: Weavile\n|\n|upkeep\n|\n|t:|1667453942\n|switch|p1a: Tangrowth|Tangrowth, M|100\/100\n|turn|15\n|\n|t:|1667453948\n|switch|p2a: big bird|Tornadus-Therian, M|100\/100\n|move|p1a: Tangrowth|Knock Off|p2a: big bird\n|-damage|p2a: big bird|78\/100\n|-enditem|p2a: big bird|Assault Vest|[from] move: Knock Off|[of] p1a: Tangrowth\n|\n|upkeep\n|turn|16\n|\n|t:|1667453950\n|switch|p1a: Heatran|Heatran, M|74\/100\n|move|p2a: big bird|Knock Off|p1a: Heatran\n|-damage|p1a: Heatran|60\/100\n|\n|upkeep\n|turn|17\n|\n|t:|1667453954\n|move|p2a: big bird|U-turn|p1a: Heatran\n|-resisted|p1a: Heatran\n|-damage|p1a: Heatran|57\/100\n|\n|t:|1667453955\n|switch|p2a: let me clang|Kommo-o, M|37\/100|[from]move: U-turn\n|move|p1a: Heatran|Magma Storm|p2a: let me clang\n|-resisted|p2a: let me clang\n|-damage|p2a: let me clang|5\/100\n|-activate|p2a: let me clang|move: Magma Storm|[of] p1a: Heatran\n|\n|-damage|p2a: let me clang|0 fnt|[from] move: Magma Storm|[partiallytrapped]\n|faint|p2a: let me clang\n|upkeep\n|\n|t:|1667453962\n|switch|p2a: wizerd|Tapu Lele|51\/100\n|-fieldstart|move: Psychic Terrain|[from] ability: Psychic Surge|[of] p2a: wizerd\n|turn|18\n|\n|t:|1667453965\n|move|p2a: wizerd|Psychic|p1a: Heatran\n|-resisted|p1a: Heatran\n|-damage|p1a: Heatran|5\/100\n|move|p1a: Heatran|Magma Storm|p2a: wizerd\n|-damage|p2a: wizerd|0 fnt\n|faint|p2a: wizerd\n|\n|upkeep\n|\n|t:|1667453974\n|switch|p2a: big bird|Tornadus-Therian, M|100\/100\n|turn|19\n|\n|t:|1667453975\n|move|p2a: big bird|Knock Off|p1a: Heatran\n|-damage|p1a: Heatran|0 fnt\n|faint|p1a: Heatran\n|\n|upkeep\n|\n|t:|1667453975\n|switch|p1a: Rotom|Rotom-Wash|13\/100\n|turn|20\n|\n|t:|1667453978\n|move|p2a: big bird|Knock Off|p1a: Rotom\n|-damage|p1a: Rotom|0 fnt\n|-enditem|p1a: Rotom|Leftovers|[from] move: Knock Off|[of] p2a: big bird\n|faint|p1a: Rotom\n|\n|upkeep\n|\n|t:|1667453978\n|switch|p1a: Tangrowth|Tangrowth, M|100\/100\n|turn|21\n|\n|t:|1667453980\n|move|p2a: big bird|Hurricane|p1a: Tangrowth|[miss]\n|-miss|p2a: big bird|p1a: Tangrowth\n|move|p1a: Tangrowth|Sleep Powder|p2a: big bird\n|-status|p2a: big bird|slp|[from] move: Sleep Powder\n|\n|upkeep\n|turn|22\n|\n|t:|1667453982\n|cant|p2a: big bird|slp\n|move|p1a: Tangrowth|Knock Off|p2a: big bird\n|-damage|p2a: big bird|86\/100 slp\n|\n|-fieldend|move: Psychic Terrain\n|upkeep\n|turn|23\n|\n|t:|1667453983\n|-curestatus|p2a: big bird|slp|[msg]\n|move|p2a: big bird|U-turn|p1a: Tangrowth\n|-supereffective|p1a: Tangrowth\n|-damage|p1a: Tangrowth|86\/100\n|-damage|p2a: big bird|69\/100|[from] item: Rocky Helmet|[of] p1a: Tangrowth\n|\n|t:|1667453985\n|switch|p2a: ishowspeed|Urshifu-Rapid-Strike, M|7\/100|[from]move: U-turn\n|move|p1a: Tangrowth|Knock Off|p2a: ishowspeed\n|-resisted|p2a: ishowspeed\n|-damage|p2a: ishowspeed|0 fnt\n|-enditem|p2a: ishowspeed|Choice Scarf|[from] move: Knock Off|[of] p1a: Tangrowth\n|faint|p2a: ishowspeed\n|\n|upkeep\n|\n|t:|1667453986\n|switch|p2a: big bird|Tornadus-Therian, M|100\/100\n|turn|24\n|\n|t:|1667453988\n|move|p2a: big bird|Hurricane|p1a: Tangrowth\n|-supereffective|p1a: Tangrowth\n|-damage|p1a: Tangrowth|0 fnt\n|faint|p1a: Tangrowth\n|\n|win|EVERYOPPSHOT\n|raw|minimax_ai's rating: 1517 &rarr; <strong>1503<\/strong><br \/>(-14 for losing)\n|raw|EVERYOPPSHOT's rating: 1620 &rarr; <strong>1634<\/strong><br \/>(+14 for winning)\n","uploadtime":1667453989,"views":11,"p1id":"minimaxai","p2id":"everyoppshot","formatid":"gen8ou","rating":1503,"private":0,"password":null}