{"id":"gen8vgc2020-1189600044","p1":"Matthew Veiled","p2":"bhkg","format":"gen8vgc2020","log":"|j|\u2606Matthew Veiled\n|j|\u2606bhkg\n|t:|1600521686\n|player|p1|Matthew Veiled|benga|1616\n|player|p2|bhkg|lucas|1607\n|teamsize|p1|6\n|teamsize|p2|6\n|gametype|doubles\n|gen|8\n|tier|[Gen 8] VGC 2020\n|rated|\n|clearpoke\n|poke|p1|Gyarados, L50, F|\n|poke|p1|Whimsicott, L50, F|\n|poke|p1|Dusclops, L50, M|\n|poke|p1|Rhyperior, L50, M|\n|poke|p1|Duraludon, L50, F|\n|poke|p1|Corviknight, L50, M|\n|poke|p2|Gourgeist-*, L50, M|\n|poke|p2|Duraludon, L50, F|\n|poke|p2|Togekiss, L50, M|\n|poke|p2|Sandaconda, L50, F|\n|poke|p2|Araquanid, L50, M|\n|poke|p2|Salazzle, L50, F|\n|rule|Species Clause: Limit one of each Pok\u00e9mon\n|rule|Item Clause: Limit one of each item\n|teampreview|4\n|\n|t:|1600521748\n|start\n|switch|p1a: Whimsicott|Whimsicott, L50, F|48\/48\n|switch|p1b: Duraludon|Duraludon, L50, F|48\/48\n|switch|p2a: Duraludon|Duraludon, L50, F|48\/48\n|switch|p2b: Salazzle|Salazzle, L50, F|48\/48\n|turn|1\n|\n|t:|1600521772\n|switch|p1a: Corviknight|Corviknight, L50, M|48\/48\n|move|p2a: Duraludon|Protect|p2a: Duraludon\n|-singleturn|p2a: Duraludon|Protect\n|move|p2b: Salazzle|Heat Wave|p1a: Corviknight|[spread] p1a,p1b\n|-supereffective|p1a: Corviknight\n|-damage|p1a: Corviknight|15\/48\n|-damage|p1b: Duraludon|31\/48\n|-status|p1b: Duraludon|brn\n|move|p1b: Duraludon|Snarl|p2b: Salazzle|[spread] p2b\n|-activate|p2a: Duraludon|move: Protect\n|-crit|p2b: Salazzle\n|-damage|p2b: Salazzle|30\/48\n|-unboost|p2b: Salazzle|spa|1\n|\n|-damage|p1b: Duraludon|28\/48 brn|[from] brn\n|upkeep\n|turn|2\n|\n|t:|1600521797\n|move|p2b: Salazzle|Heat Wave|p1b: Duraludon|[spread] p1a,p1b\n|-supereffective|p1a: Corviknight\n|-damage|p1a: Corviknight|0 fnt\n|-damage|p1b: Duraludon|17\/48 brn\n|faint|p1a: Corviknight\n|move|p2a: Duraludon|Thunderbolt|p1b: Duraludon\n|-resisted|p1b: Duraludon\n|-damage|p1b: Duraludon|9\/48 brn\n|-damage|p2a: Duraludon|43\/48|[from] item: Life Orb\n|move|p1b: Duraludon|Snarl|p2b: Salazzle|[spread] p2a,p2b\n|-damage|p2a: Duraludon|29\/48\n|-damage|p2b: Salazzle|18\/48\n|-unboost|p2a: Duraludon|spa|1\n|-unboost|p2b: Salazzle|spa|1\n|\n|-damage|p1b: Duraludon|6\/48 brn|[from] brn\n|upkeep\n|\n|t:|1600521810\n|switch|p1a: Whimsicott|Whimsicott, L50, F|48\/48\n|turn|3\n|\n|t:|1600521823\n|move|p2a: Duraludon|Protect|p2a: Duraludon\n|-singleturn|p2a: Duraludon|Protect\n|move|p1a: Whimsicott|Tailwind|p1a: Whimsicott\n|-sidestart|p1: Matthew Veiled|move: Tailwind\n|move|p1b: Duraludon|Thunderbolt|p2b: Salazzle\n|-damage|p2b: Salazzle|0 fnt\n|faint|p2b: Salazzle\n|\n|-damage|p1b: Duraludon|3\/48 brn|[from] brn\n|upkeep\n|inactive|Battle timer is ON: inactive players will automatically lose when time's up. (requested by Matthew Veiled)\n|\n|t:|1600521837\n|switch|p2b: Gourgeist|Gourgeist-Super, L50, M, shiny|48\/48\n|-item|p1a: Whimsicott|Focus Sash|[from] ability: Frisk|[of] p2b: Gourgeist|[identify]\n|-item|p1b: Duraludon|Assault Vest|[from] ability: Frisk|[of] p2b: Gourgeist|[identify]\n|turn|4\n|\n|t:|1600521847\n|switch|p2a: Sandaconda|Sandaconda, L50, F, shiny|48\/48\n|-start|p2b: Gourgeist|Dynamax\n|-heal|p2b: Gourgeist|48\/48|[silent]\n|move|p1a: Whimsicott|Moonblast|p2a: Sandaconda\n|-damage|p2a: Sandaconda|33\/48\n|-weather|Sandstorm|[from] ability: Sand Spit|[of] p2a: Sandaconda\n|move|p1b: Duraludon|Snarl|p2a: Sandaconda|[spread] p2a,p2b\n|-supereffective|p2b: Gourgeist\n|-damage|p2a: Sandaconda|27\/48\n|-damage|p2b: Gourgeist|40\/48\n|-enditem|p2b: Gourgeist|Weakness Policy\n|-boost|p2b: Gourgeist|atk|2|[from] item: Weakness Policy\n|-boost|p2b: Gourgeist|spa|2|[from] item: Weakness Policy\n|-unboost|p2a: Sandaconda|spa|1\n|-unboost|p2b: Gourgeist|spa|1\n|move|p2b: Gourgeist|Max Steelspike|p1a: Whimsicott\n|-supereffective|p1a: Whimsicott\n|-enditem|p1a: Whimsicott|Focus Sash\n|-damage|p1a: Whimsicott|1\/48\n|-boost|p2a: Sandaconda|def|1\n|-boost|p2b: Gourgeist|def|1\n|\n|-weather|Sandstorm|[upkeep]\n|-damage|p1a: Whimsicott|0 fnt|[from] Sandstorm\n|-damage|p2b: Gourgeist|38\/48|[from] Sandstorm\n|faint|p1a: Whimsicott\n|-damage|p1b: Duraludon|1\/48 brn|[from] brn\n|upkeep\n|\n|t:|1600521865\n|switch|p1a: Gyarados|Gyarados, L50, F|48\/48\n|turn|5\n|\n|t:|1600521871\n|-start|p1a: Gyarados|Dynamax\n|-heal|p1a: Gyarados|48\/48|[silent]\n|move|p2b: Gourgeist|Max Guard|p2b: Gourgeist\n|-singleturn|p2b: Gourgeist|Max Guard\n|move|p1a: Gyarados|Max Airstream|p2b: Gourgeist\n|-activate|p2b: Gourgeist|move: Max Guard\n|move|p1b: Duraludon|Draco Meteor|p2a: Sandaconda|[miss]\n|-miss|p1b: Duraludon|p2a: Sandaconda\n|move|p2a: Sandaconda|High Horsepower|p1b: Duraludon|[miss]\n|-miss|p2a: Sandaconda|p1b: Duraludon\n|\n|-weather|Sandstorm|[upkeep]\n|-damage|p1a: Gyarados|46\/48|[from] Sandstorm\n|-damage|p2b: Gourgeist|37\/48|[from] Sandstorm\n|-damage|p1b: Duraludon|0 fnt|[from] brn\n|faint|p1b: Duraludon\n|upkeep\n|turn|6\n|\n|t:|1600521885\n|move|p1a: Gyarados|Max Airstream|p2b: Gourgeist\n|-supereffective|p2b: Gourgeist\n|-damage|p2b: Gourgeist|15\/48\n|-boost|p1a: Gyarados|spe|1\n|-damage|p1a: Gyarados|44\/48|[from] item: Life Orb\n|move|p2a: Sandaconda|Stone Edge|p1a: Gyarados\n|-supereffective|p1a: Gyarados\n|-damage|p1a: Gyarados|24\/48g\n|move|p2b: Gourgeist|Max Phantasm|p1a: Gyarados\n|-damage|p1a: Gyarados|0 fnt\n|faint|p1a: Gyarados\n|\n|win|bhkg\n|raw|Matthew Veiled's rating: 1630 &rarr; <strong>1609<\/strong><br \/>(-21 for losing)\n|raw|bhkg's rating: 1607 &rarr; <strong>1628<\/strong><br \/>(+21 for winning)\n|l|\u2606Matthew Veiled\n|c|\u2606bhkg|gg\n","uploadtime":1600521914,"views":5,"p1id":"matthewveiled","p2id":"bhkg","formatid":"gen8vgc2020","rating":1609,"private":0,"password":null}