{"id":"gen8nationaldex-1669683995","p1":"windows07","p2":"Ferrothornail\u8349\u94a2\u7532","format":"gen8nationaldex","log":"|j|\u2606windows07\n|j|\u2606Ferrothornail\u8349\u94a2\u7532\n|t:|1664076665\n|gametype|singles\n|player|p1|windows07|265|1397\n|player|p2|Ferrothornail\u8349\u94a2\u7532|lillie|1326\n|teamsize|p1|6\n|teamsize|p2|6\n|gen|8\n|tier|[Gen 8] National Dex\n|rated|\n|rule|HP Percentage Mod: HP is shown in percentages\n|rule|Endless Battle Clause: Forcing endless battles is banned\n|rule|OHKO Clause: OHKO moves are banned\n|rule|Evasion Moves Clause: Evasion moves are banned\n|rule|Species Clause: Limit one of each Pok\u00e9mon\n|rule|Dynamax Clause: You cannot dynamax\n|rule|Sleep Clause Mod: Limit one foe put to sleep\n|clearpoke\n|poke|p1|Blissey, F|\n|poke|p1|Volcarona, M|\n|poke|p1|Lopunny, M|\n|poke|p1|Ferrothorn, F|\n|poke|p1|Landorus-Therian, M|\n|poke|p1|Rillaboom, M|\n|poke|p2|Hatterene, F|\n|poke|p2|Cresselia, F|\n|poke|p2|Porygon2|\n|poke|p2|Aegislash, F|\n|poke|p2|Melmetal|\n|poke|p2|Camerupt, F|\n|teampreview\n|\n|t:|1664076676\n|start\n|switch|p1a: Rillaboom|Rillaboom, M|100\/100\n|switch|p2a: Hatterene|Hatterene, F|100\/100\n|-fieldstart|move: Grassy Terrain|[from] ability: Grassy Surge|[of] p1a: Rillaboom\n|turn|1\n|\n|t:|1664076683\n|move|p1a: Rillaboom|Grassy Glide|p2a: Hatterene\n|-damage|p2a: Hatterene|17\/100\n|move|p2a: Hatterene|Trick Room|p2a: Hatterene\n|-fieldstart|move: Trick Room|[of] p2a: Hatterene\n|\n|-heal|p2a: Hatterene|23\/100|[from] Grassy Terrain\n|upkeep\n|turn|2\n|\n|t:|1664076686\n|move|p1a: Rillaboom|Grassy Glide|p2a: Hatterene\n|-damage|p2a: Hatterene|0 fnt\n|faint|p2a: Hatterene\n|\n|upkeep\n|\n|t:|1664076688\n|switch|p2a: Camerupt|Camerupt, F|100\/100\n|turn|3\n|\n|t:|1664076692\n|switch|p1a: Landorus|Landorus-Therian, M|100\/100\n|-ability|p1a: Landorus|Intimidate|boost\n|-unboost|p2a: Camerupt|atk|1\n|detailschange|p2a: Camerupt|Camerupt-Mega, F\n|-mega|p2a: Camerupt|Camerupt|Cameruptite\n|move|p2a: Camerupt|Substitute|p2a: Camerupt\n|-start|p2a: Camerupt|Substitute\n|-damage|p2a: Camerupt|76\/100\n|\n|-heal|p2a: Camerupt|82\/100|[from] Grassy Terrain\n|upkeep\n|turn|4\n|\n|t:|1664076721\n|move|p2a: Camerupt|Hidden Power|p1a: Landorus\n|-supereffective|p1a: Landorus\n|-damage|p1a: Landorus|5\/100\n|move|p1a: Landorus|Knock Off|p2a: Camerupt\n|-activate|p2a: Camerupt|move: Substitute|[damage]\n|\n|-heal|p2a: Camerupt|88\/100|[from] Grassy Terrain\n|upkeep\n|turn|5\n|\n|t:|1664076771\n|switch|p1a: Blissey|Blissey, F|100\/100\n|move|p2a: Camerupt|Hidden Power|p1a: Blissey\n|-damage|p1a: Blissey|93\/100\n|\n|-heal|p2a: Camerupt|94\/100|[from] Grassy Terrain\n|-heal|p1a: Blissey|99\/100|[from] Grassy Terrain\n|-heal|p1a: Blissey|100\/100|[from] item: Leftovers\n|-fieldend|move: Trick Room\n|-fieldend|move: Grassy Terrain\n|upkeep\n|turn|6\n|\n|t:|1664076826\n|move|p1a: Blissey|Seismic Toss|p2a: Camerupt\n|-end|p2a: Camerupt|Substitute\n|move|p2a: Camerupt|Fire Blast|p1a: Blissey\n|-damage|p1a: Blissey|77\/100\n|\n|-heal|p1a: Blissey|83\/100|[from] item: Leftovers\n|upkeep\n|turn|7\n|\n|t:|1664076834\n|switch|p2a: Aegislash|Aegislash, F|100\/100\n|move|p1a: Blissey|Seismic Toss|p2a: Aegislash\n|-immune|p2a: Aegislash\n|\n|-heal|p1a: Blissey|89\/100|[from] item: Leftovers\n|upkeep\n|turn|8\n|\n|t:|1664076861\n|switch|p1a: Landorus|Landorus-Therian, M|5\/100\n|-ability|p1a: Landorus|Intimidate|boost\n|-unboost|p2a: Aegislash|atk|1\n|-formechange|p2a: Aegislash|Aegislash-Blade||[from] ability: Stance Change\n|move|p2a: Aegislash|Shadow Claw|p1a: Landorus\n|-damage|p1a: Landorus|0 fnt\n|faint|p1a: Landorus\n|\n|upkeep\n|\n|t:|1664076870\n|switch|p1a: Lopunny|Lopunny, M|100\/100\n|turn|9\n|\n|t:|1664076882\n|switch|p1a: Ferrothorn|Ferrothorn, F|100\/100\n|-formechange|p2a: Aegislash|Aegislash||[from] ability: Stance Change\n|move|p2a: Aegislash|King's Shield||[still]\n|-fail|p2a: Aegislash\n|\n|upkeep\n|turn|10\n|\n|t:|1664076889\n|-formechange|p2a: Aegislash|Aegislash-Blade||[from] ability: Stance Change\n|move|p2a: Aegislash|Close Combat|p1a: Ferrothorn\n|-supereffective|p1a: Ferrothorn\n|-damage|p1a: Ferrothorn|65\/100\n|-unboost|p2a: Aegislash|def|1\n|-unboost|p2a: Aegislash|spd|1\n|-damage|p2a: Aegislash|88\/100|[from] ability: Iron Barbs|[of] p1a: Ferrothorn\n|move|p1a: Ferrothorn|Stealth Rock|p2a: Aegislash\n|-sidestart|p2: Ferrothornail\u8349\u94a2\u7532|move: Stealth Rock\n|\n|-heal|p1a: Ferrothorn|71\/100|[from] item: Leftovers\n|upkeep\n|turn|11\n|\n|t:|1664076894\n|move|p2a: Aegislash|Close Combat|p1a: Ferrothorn\n|-supereffective|p1a: Ferrothorn\n|-damage|p1a: Ferrothorn|33\/100\n|-unboost|p2a: Aegislash|def|1\n|-unboost|p2a: Aegislash|spd|1\n|-damage|p2a: Aegislash|76\/100|[from] ability: Iron Barbs|[of] p1a: Ferrothorn\n|move|p1a: Ferrothorn|Spikes|p2a: Aegislash\n|-sidestart|p2: Ferrothornail\u8349\u94a2\u7532|Spikes\n|\n|-heal|p1a: Ferrothorn|39\/100|[from] item: Leftovers\n|upkeep\n|turn|12\n|\n|t:|1664076898\n|move|p2a: Aegislash|Close Combat|p1a: Ferrothorn\n|-supereffective|p1a: Ferrothorn\n|-damage|p1a: Ferrothorn|0 fnt\n|-unboost|p2a: Aegislash|def|1\n|-unboost|p2a: Aegislash|spd|1\n|-damage|p2a: Aegislash|63\/100|[from] ability: Iron Barbs|[of] p1a: Ferrothorn\n|faint|p1a: Ferrothorn\n|\n|upkeep\n|\n|t:|1664076904\n|switch|p1a: Lopunny|Lopunny, M|100\/100\n|turn|13\n|\n|t:|1664076908\n|detailschange|p1a: Lopunny|Lopunny-Mega, M\n|-mega|p1a: Lopunny|Lopunny|Lopunnite\n|-formechange|p2a: Aegislash|Aegislash||[from] ability: Stance Change\n|move|p2a: Aegislash|King's Shield|p2a: Aegislash\n|-singleturn|p2a: Aegislash|Protect\n|move|p1a: Lopunny|Fake Out|p2a: Aegislash\n|-activate|p2a: Aegislash|move: Protect\n|-unboost|p1a: Lopunny|atk|1\n|\n|upkeep\n|turn|14\n|\n|t:|1664076911\n|switch|p2a: Cresselia|Cresselia, F|100\/100\n|-damage|p2a: Cresselia|88\/100|[from] Stealth Rock\n|move|p1a: Lopunny|High Jump Kick|p2a: Cresselia\n|-resisted|p2a: Cresselia\n|-damage|p2a: Cresselia|77\/100\n|\n|upkeep\n|turn|15\n|\n|t:|1664076915\n|switch|p1a: Blissey|Blissey, F|89\/100\n|move|p2a: Cresselia|Trick Room|p2a: Cresselia\n|-fieldstart|move: Trick Room|[of] p2a: Cresselia\n|\n|-heal|p1a: Blissey|95\/100|[from] item: Leftovers\n|upkeep\n|turn|16\n|\n|t:|1664076919\n|switch|p2a: Aegislash|Aegislash, F|63\/100\n|-damage|p2a: Aegislash|57\/100|[from] Stealth Rock\n|-damage|p2a: Aegislash|45\/100|[from] Spikes\n|move|p1a: Blissey|Seismic Toss|p2a: Aegislash\n|-immune|p2a: Aegislash\n|\n|-heal|p1a: Blissey|100\/100|[from] item: Leftovers\n|upkeep\n|turn|17\n|\n|t:|1664076926\n|switch|p1a: Rillaboom|Rillaboom, M|100\/100\n|-fieldstart|move: Grassy Terrain|[from] ability: Grassy Surge|[of] p1a: Rillaboom\n|-formechange|p2a: Aegislash|Aegislash-Blade||[from] ability: Stance Change\n|move|p2a: Aegislash|Close Combat|p1a: Rillaboom\n|-damage|p1a: Rillaboom|58\/100\n|-unboost|p2a: Aegislash|def|1\n|-unboost|p2a: Aegislash|spd|1\n|\n|-heal|p2a: Aegislash|51\/100|[from] Grassy Terrain\n|-heal|p1a: Rillaboom|64\/100|[from] Grassy Terrain\n|upkeep\n|turn|18\n|\n|t:|1664076930\n|-formechange|p2a: Aegislash|Aegislash||[from] ability: Stance Change\n|move|p2a: Aegislash|King's Shield|p2a: Aegislash\n|-singleturn|p2a: Aegislash|Protect\n|move|p1a: Rillaboom|High Horsepower|p2a: Aegislash\n|-activate|p2a: Aegislash|move: Protect\n|-unboost|p1a: Rillaboom|atk|1\n|\n|-heal|p2a: Aegislash|57\/100|[from] Grassy Terrain\n|-heal|p1a: Rillaboom|71\/100|[from] Grassy Terrain\n|upkeep\n|turn|19\n|\n|t:|1664076932\n|-zpower|p2a: Aegislash\n|-formechange|p2a: Aegislash|Aegislash-Blade||[from] ability: Stance Change\n|move|p2a: Aegislash|Never-Ending Nightmare|p1a: Rillaboom|[zeffect]\n|-damage|p1a: Rillaboom|0 fnt\n|faint|p1a: Rillaboom\n|\n|-heal|p2a: Aegislash|63\/100|[from] Grassy Terrain\n|-fieldend|move: Trick Room\n|upkeep\n|\n|t:|1664076937\n|switch|p1a: Lopunny|Lopunny-Mega, M|100\/100\n|turn|20\n|\n|t:|1664076940\n|-formechange|p2a: Aegislash|Aegislash||[from] ability: Stance Change\n|move|p2a: Aegislash|King's Shield|p2a: Aegislash\n|-singleturn|p2a: Aegislash|Protect\n|move|p1a: Lopunny|Frustration|p2a: Aegislash\n|-activate|p2a: Aegislash|move: Protect\n|-unboost|p1a: Lopunny|atk|1\n|\n|-heal|p2a: Aegislash|70\/100|[from] Grassy Terrain\n|upkeep\n|turn|21\n|\n|t:|1664076945\n|move|p1a: Lopunny|Frustration|p2a: Aegislash\n|-resisted|p2a: Aegislash\n|-damage|p2a: Aegislash|50\/100\n|-formechange|p2a: Aegislash|Aegislash-Blade||[from] ability: Stance Change\n|move|p2a: Aegislash|Close Combat|p1a: Lopunny\n|-supereffective|p1a: Lopunny\n|-damage|p1a: Lopunny|0 fnt\n|-unboost|p2a: Aegislash|def|1\n|-unboost|p2a: Aegislash|spd|1\n|faint|p1a: Lopunny\n|\n|-heal|p2a: Aegislash|56\/100|[from] Grassy Terrain\n|-fieldend|move: Grassy Terrain\n|upkeep\n|\n|t:|1664076948\n|switch|p1a: Volcarona|Volcarona, M|100\/100\n|turn|22\n|\n|t:|1664076952\n|move|p1a: Volcarona|Quiver Dance|p1a: Volcarona\n|-boost|p1a: Volcarona|spa|1\n|-boost|p1a: Volcarona|spd|1\n|-boost|p1a: Volcarona|spe|1\n|move|p2a: Aegislash|Shadow Claw|p1a: Volcarona\n|-damage|p1a: Volcarona|35\/100\n|\n|upkeep\n|turn|23\n|\n|t:|1664076958\n|move|p2a: Aegislash|Shadow Sneak|p1a: Volcarona\n|-damage|p1a: Volcarona|0 fnt\n|faint|p1a: Volcarona\n|\n|upkeep\n|-message|windows07 forfeited.\n|\n|win|Ferrothornail\u8349\u94a2\u7532\n|raw|windows07's rating: 1397 &rarr; <strong>1373<\/strong><br \/>(-24 for losing)\n|raw|Ferrothornail\u8349\u94a2\u7532's rating: 1326 &rarr; <strong>1350<\/strong><br \/>(+24 for winning)\n|l|\u2606windows07\n|j| uhj\n||Ladder isn't responding, score probably updated but might not have (Request timeout).\n","uploadtime":1664076966,"views":4,"p1id":"windows07","p2id":"ferrothornail","formatid":"gen8nationaldex","rating":1350,"private":0,"password":null}