{"id":"gen8ou-1669171621","p1":"Scoots Mgee","p2":"TheQzertz","format":"gen8ou","log":"|j|\u2606Scoots Mgee\n|j|\u2606TheQzertz\n|t:|1664026243\n|gametype|singles\n|player|p1|Scoots Mgee|acetrainerf|1398\n|player|p2|TheQzertz|266|1450\n|teamsize|p1|6\n|teamsize|p2|6\n|gen|8\n|tier|[Gen 8] OU\n|rated|\n|rule|Sleep Clause Mod: Limit one foe put to sleep\n|rule|Species Clause: Limit one of each Pok\u00e9mon\n|rule|OHKO Clause: OHKO moves are banned\n|rule|Evasion Items Clause: Evasion items are banned\n|rule|Evasion Moves Clause: Evasion moves are banned\n|rule|Endless Battle Clause: Forcing endless battles is banned\n|rule|HP Percentage Mod: HP is shown in percentages\n|rule|Dynamax Clause: You cannot dynamax\n|clearpoke\n|poke|p1|Gastrodon, F|\n|poke|p1|Ferrothorn, F|\n|poke|p1|Urshifu-*, M|\n|poke|p1|Hippowdon, M|\n|poke|p1|Heatran, M|\n|poke|p1|Zapdos|\n|poke|p2|Barraskewda, M|\n|poke|p2|Ferrothorn, F|\n|poke|p2|Kingdra, F|\n|poke|p2|Volcanion|\n|poke|p2|Thundurus-Therian, M|\n|poke|p2|Pelipper, F|\n|teampreview\n|inactive|Battle timer is ON: inactive players will automatically lose when time's up. (requested by Scoots Mgee)\n|\n|t:|1664026258\n|start\n|switch|p1a: Zapdos|Zapdos|100\/100\n|switch|p2a: Barraskewda|Barraskewda, M|100\/100\n|turn|1\n|c|\u2606TheQzertz|am i a gambling man\n|\n|t:|1664026276\n|switch|p1a: Gastrodon|Gastrodon, F|100\/100\n|move|p2a: Barraskewda|Flip Turn|p1a: Gastrodon\n|-ability|p1a: Gastrodon|Storm Drain|boost\n|-boost|p1a: Gastrodon|spa|1\n|\n|upkeep\n|turn|2\n|c|\u2606TheQzertz|ok youre not\n|c|\u2606TheQzertz|lmfao\n|\n|t:|1664026284\n|switch|p2a: Pelipper|Pelipper, F|100\/100\n|-weather|RainDance|[from] ability: Drizzle|[of] p2a: Pelipper\n|switch|p1a: Heatran|Heatran, M|100\/100\n|\n|-weather|RainDance|[upkeep]\n|upkeep\n|turn|3\n|\n|t:|1664026287\n|switch|p1a: Hippowdon|Hippowdon, M|100\/100\n|-weather|Sandstorm|[from] ability: Sand Stream|[of] p1a: Hippowdon\n|move|p2a: Pelipper|U-turn|p1a: Hippowdon\n|-damage|p1a: Hippowdon|94\/100\n|\n|t:|1664026290\n|switch|p2a: Volcanion|Volcanion|100\/100|[from]move: U-turn\n|\n|-weather|Sandstorm|[upkeep]\n|-damage|p2a: Volcanion|95\/100|[from] Sandstorm\n|-heal|p1a: Hippowdon|99\/100|[from] item: Leftovers\n|upkeep\n|turn|4\n|\n|t:|1664026293\n|switch|p1a: Gastrodon|Gastrodon, F|100\/100\n|move|p2a: Volcanion|Toxic|p1a: Gastrodon\n|-status|p1a: Gastrodon|tox\n|\n|-weather|Sandstorm|[upkeep]\n|-damage|p2a: Volcanion|89\/100|[from] Sandstorm\n|-damage|p1a: Gastrodon|94\/100 tox|[from] psn\n|upkeep\n|turn|5\n|\n|t:|1664026297\n|switch|p2a: Pelipper|Pelipper, F|100\/100\n|-weather|RainDance|[from] ability: Drizzle|[of] p2a: Pelipper\n|move|p1a: Gastrodon|Toxic|p2a: Pelipper\n|-status|p2a: Pelipper|tox\n|\n|-weather|RainDance|[upkeep]\n|-damage|p2a: Pelipper|94\/100 tox|[from] psn\n|-damage|p1a: Gastrodon|82\/100 tox|[from] psn\n|upkeep\n|turn|6\n|\n|t:|1664026301\n|move|p2a: Pelipper|U-turn|p1a: Gastrodon\n|-damage|p1a: Gastrodon|73\/100 tox\n|\n|t:|1664026304\n|switch|p2a: Ferrothorn|Ferrothorn, F|100\/100|[from]move: U-turn\n|move|p1a: Gastrodon|Scald|p2a: Ferrothorn\n|-resisted|p2a: Ferrothorn\n|-damage|p2a: Ferrothorn|83\/100\n|\n|-weather|RainDance|[upkeep]\n|-heal|p2a: Ferrothorn|89\/100|[from] item: Leftovers\n|-damage|p1a: Gastrodon|54\/100 tox|[from] psn\n|upkeep\n|turn|7\n|\n|t:|1664026308\n|move|p1a: Gastrodon|Recover|p1a: Gastrodon\n|-heal|p1a: Gastrodon|100\/100 tox\n|move|p2a: Ferrothorn|Stealth Rock|p1a: Gastrodon\n|-sidestart|p1: Scoots Mgee|move: Stealth Rock\n|\n|-weather|RainDance|[upkeep]\n|-heal|p2a: Ferrothorn|95\/100|[from] item: Leftovers\n|-damage|p1a: Gastrodon|76\/100 tox|[from] psn\n|upkeep\n|turn|8\n|\n|t:|1664026313\n|switch|p1a: Zapdos|Zapdos|100\/100\n|move|p2a: Ferrothorn|Knock Off|p1a: Zapdos\n|-damage|p1a: Zapdos|83\/100\n|-enditem|p1a: Zapdos|Heavy-Duty Boots|[from] move: Knock Off|[of] p2a: Ferrothorn\n|\n|-weather|RainDance|[upkeep]\n|-heal|p2a: Ferrothorn|100\/100|[from] item: Leftovers\n|upkeep\n|turn|9\n|\n|t:|1664026317\n|move|p1a: Zapdos|Defog|p2a: Ferrothorn\n|-unboost|p2a: Ferrothorn|evasion|1\n|-sideend|p1: Scoots Mgee|Stealth Rock|[from] move: Defog|[of] p1a: Zapdos\n|move|p2a: Ferrothorn|Leech Seed|p1a: Zapdos\n|-start|p1a: Zapdos|move: Leech Seed\n|\n|-weather|RainDance|[upkeep]\n|-damage|p1a: Zapdos|71\/100|[from] Leech Seed|[of] p2a: Ferrothorn\n|upkeep\n|turn|10\n|\n|t:|1664026320\n|switch|p1a: Heatran|Heatran, M|100\/100\n|move|p2a: Ferrothorn|Stealth Rock|p1a: Heatran\n|-sidestart|p1: Scoots Mgee|move: Stealth Rock\n|\n|-weather|RainDance|[upkeep]\n|upkeep\n|turn|11\n|\n|t:|1664026325\n|switch|p2a: Kingdra|Kingdra, F|100\/100\n|move|p1a: Heatran|Earth Power|p2a: Kingdra\n|-crit|p2a: Kingdra\n|-damage|p2a: Kingdra|4\/100\n|\n|-weather|RainDance|[upkeep]\n|upkeep\n|turn|12\n|\n|t:|1664026331\n|switch|p1a: Gastrodon|Gastrodon, F|76\/100 tox\n|move|p2a: Kingdra|Draco Meteor|p1a: Gastrodon|[miss]\n|-miss|p2a: Kingdra|p1a: Gastrodon\n|\n|-weather|none\n|-damage|p1a: Gastrodon|70\/100 tox|[from] psn\n|upkeep\n|turn|13\n|c|\u2606TheQzertz|lord have mercy\n|\n|t:|1664026342\n|move|p2a: Kingdra|Draco Meteor|p1a: Gastrodon\n|-damage|p1a: Gastrodon|12\/100 tox\n|-unboost|p2a: Kingdra|spa|2\n|move|p1a: Gastrodon|Recover|p1a: Gastrodon\n|-heal|p1a: Gastrodon|62\/100 tox\n|\n|-damage|p1a: Gastrodon|49\/100 tox|[from] psn\n|upkeep\n|turn|14\n|\n|t:|1664026348\n|switch|p2a: Ferrothorn|Ferrothorn, F|100\/100\n|switch|p1a: Hippowdon|Hippowdon, M|99\/100\n|-damage|p1a: Hippowdon|94\/100|[from] Stealth Rock\n|-weather|Sandstorm|[from] ability: Sand Stream|[of] p1a: Hippowdon\n|\n|-weather|Sandstorm|[upkeep]\n|-heal|p1a: Hippowdon|99\/100|[from] item: Leftovers\n|upkeep\n|turn|15\n|\n|t:|1664026351\n|move|p1a: Hippowdon|Stealth Rock|p2a: Ferrothorn\n|-sidestart|p2: TheQzertz|move: Stealth Rock\n|move|p2a: Ferrothorn|Leech Seed|p1a: Hippowdon\n|-start|p1a: Hippowdon|move: Leech Seed\n|\n|-weather|Sandstorm|[upkeep]\n|-heal|p1a: Hippowdon|100\/100|[from] item: Leftovers\n|-damage|p1a: Hippowdon|88\/100|[from] Leech Seed|[of] p2a: Ferrothorn\n|upkeep\n|turn|16\n|\n|t:|1664026357\n|switch|p1a: Ferrothorn|Ferrothorn, F|100\/100\n|-damage|p1a: Ferrothorn|95\/100|[from] Stealth Rock\n|move|p2a: Ferrothorn|Knock Off|p1a: Ferrothorn\n|-damage|p1a: Ferrothorn|83\/100\n|-damage|p2a: Ferrothorn|88\/100|[from] ability: Iron Barbs|[of] p1a: Ferrothorn\n|-damage|p2a: Ferrothorn|72\/100|[from] item: Rocky Helmet|[of] p1a: Ferrothorn\n|-enditem|p1a: Ferrothorn|Rocky Helmet|[from] move: Knock Off|[of] p2a: Ferrothorn\n|\n|-weather|Sandstorm|[upkeep]\n|-heal|p2a: Ferrothorn|78\/100|[from] item: Leftovers\n|upkeep\n|turn|17\n|c|\u2606TheQzertz|hippo gastro and ferro is crazy tho\n|c|\u2606TheQzertz|did you have a bad loss to eleki or something\n|inactive|TheQzertz has 120 seconds left.\n|c|\u2606TheQzertz|and thats spdef gastro and what i have to assume is physdef hippo and ferro\n|inactive|TheQzertz has 90 seconds left.\n|\n|t:|1664026422\n|switch|p2a: Kingdra|Kingdra, F|4\/100\n|-damage|p2a: Kingdra|0 fnt|[from] Stealth Rock\n|faint|p2a: Kingdra\n|move|p1a: Ferrothorn|Leech Seed|p2: Kingdra|[notarget]\n|-fail|p1a: Ferrothorn\n|\n|-weather|Sandstorm|[upkeep]\n|upkeep\n|\n|t:|1664026432\n|switch|p2a: Volcanion|Volcanion|89\/100\n|-damage|p2a: Volcanion|64\/100|[from] Stealth Rock\n|turn|18\n|\n|t:|1664026452\n|switch|p1a: Gastrodon|Gastrodon, F|49\/100 tox\n|move|p2a: Volcanion|Earth Power|p1a: Gastrodon\n|-damage|p1a: Gastrodon|15\/100 tox\n|\n|-weather|none\n|-damage|p1a: Gastrodon|8\/100 tox|[from] psn\n|upkeep\n|turn|19\n|\n|t:|1664026459\n|move|p2a: Volcanion|Earth Power|p1a: Gastrodon\n|-damage|p1a: Gastrodon|0 fnt\n|faint|p1a: Gastrodon\n|\n|upkeep\n|\n|t:|1664026462\n|switch|p1a: Zapdos|Zapdos|71\/100\n|-damage|p1a: Zapdos|46\/100|[from] Stealth Rock\n|turn|20\n|\n|t:|1664026467\n|switch|p2a: Thundurus|Thundurus-Therian, M|100\/100\n|-damage|p2a: Thundurus|76\/100|[from] Stealth Rock\n|move|p1a: Zapdos|Roost|p1a: Zapdos\n|-heal|p1a: Zapdos|96\/100\n|-singleturn|p1a: Zapdos|move: Roost\n|\n|upkeep\n|turn|21\n|\n|t:|1664026472\n|move|p2a: Thundurus|Nasty Plot|p2a: Thundurus\n|-boost|p2a: Thundurus|spa|2\n|move|p1a: Zapdos|U-turn|p2a: Thundurus\n|-resisted|p2a: Thundurus\n|-damage|p2a: Thundurus|66\/100\n|\n|t:|1664026475\n|switch|p1a: Hippowdon|Hippowdon, M|88\/100|[from]move: U-turn\n|-damage|p1a: Hippowdon|82\/100|[from] Stealth Rock\n|-weather|Sandstorm|[from] ability: Sand Stream|[of] p1a: Hippowdon\n|\n|-weather|Sandstorm|[upkeep]\n|-damage|p2a: Thundurus|60\/100|[from] Sandstorm\n|-heal|p1a: Hippowdon|88\/100|[from] item: Leftovers\n|upkeep\n|turn|22\n|\n|t:|1664026478\n|move|p2a: Thundurus|Focus Blast|p1a: Hippowdon\n|-damage|p1a: Hippowdon|5\/100\n|-damage|p2a: Thundurus|50\/100|[from] item: Life Orb\n|move|p1a: Hippowdon|Toxic|p2a: Thundurus\n|-status|p2a: Thundurus|tox\n|\n|-weather|Sandstorm|[upkeep]\n|-damage|p2a: Thundurus|44\/100 tox|[from] Sandstorm\n|-heal|p1a: Hippowdon|11\/100|[from] item: Leftovers\n|-damage|p2a: Thundurus|38\/100 tox|[from] psn\n|upkeep\n|turn|23\n|\n|t:|1664026484\n|switch|p1a: Zapdos|Zapdos|96\/100\n|-damage|p1a: Zapdos|72\/100|[from] Stealth Rock\n|move|p2a: Thundurus|Weather Ball|p1a: Zapdos\n|-supereffective|p1a: Zapdos\n|-damage|p1a: Zapdos|0 fnt\n|faint|p1a: Zapdos\n|-damage|p2a: Thundurus|28\/100 tox|[from] item: Life Orb\n|\n|-weather|Sandstorm|[upkeep]\n|-damage|p2a: Thundurus|22\/100 tox|[from] Sandstorm\n|-damage|p2a: Thundurus|10\/100 tox|[from] psn\n|upkeep\n|\n|t:|1664026486\n|switch|p1a: Urshifu|Urshifu-Rapid-Strike, M|100\/100\n|-damage|p1a: Urshifu|94\/100|[from] Stealth Rock\n|turn|24\n|\n|t:|1664026489\n|move|p1a: Urshifu|Close Combat|p2a: Thundurus\n|-resisted|p2a: Thundurus\n|-damage|p2a: Thundurus|0 fnt\n|-unboost|p1a: Urshifu|def|1\n|-unboost|p1a: Urshifu|spd|1\n|faint|p2a: Thundurus\n|\n|-weather|Sandstorm|[upkeep]\n|-damage|p1a: Urshifu|88\/100|[from] Sandstorm\n|upkeep\n|\n|t:|1664026492\n|switch|p2a: Pelipper|Pelipper, F|94\/100 tox\n|-damage|p2a: Pelipper|70\/100 tox|[from] Stealth Rock\n|-weather|RainDance|[from] ability: Drizzle|[of] p2a: Pelipper\n|turn|25\n|\n|t:|1664026497\n|switch|p1a: Ferrothorn|Ferrothorn, F|83\/100\n|-damage|p1a: Ferrothorn|77\/100|[from] Stealth Rock\n|move|p2a: Pelipper|U-turn|p1a: Ferrothorn\n|-crit|p1a: Ferrothorn\n|-damage|p1a: Ferrothorn|69\/100\n|-damage|p2a: Pelipper|57\/100 tox|[from] ability: Iron Barbs|[of] p1a: Ferrothorn\n|\n|t:|1664026500\n|switch|p2a: Volcanion|Volcanion|64\/100|[from]move: U-turn\n|-damage|p2a: Volcanion|39\/100|[from] Stealth Rock\n|\n|-weather|RainDance|[upkeep]\n|upkeep\n|turn|26\n|\n|t:|1664026503\n|move|p2a: Volcanion|Steam Eruption|p1a: Ferrothorn\n|-resisted|p1a: Ferrothorn\n|-damage|p1a: Ferrothorn|12\/100\n|move|p1a: Ferrothorn|Leech Seed|p2a: Volcanion\n|-start|p2a: Volcanion|move: Leech Seed\n|\n|-weather|RainDance|[upkeep]\n|-damage|p2a: Volcanion|26\/100|[from] Leech Seed|[of] p1a: Ferrothorn\n|-heal|p1a: Ferrothorn|23\/100|[silent]\n|upkeep\n|turn|27\n|\n|t:|1664026506\n|move|p1a: Ferrothorn|Protect|p1a: Ferrothorn\n|-singleturn|p1a: Ferrothorn|Protect\n|move|p2a: Volcanion|Steam Eruption|p1a: Ferrothorn\n|-activate|p1a: Ferrothorn|move: Protect\n|\n|-weather|RainDance|[upkeep]\n|-damage|p2a: Volcanion|14\/100|[from] Leech Seed|[of] p1a: Ferrothorn\n|-heal|p1a: Ferrothorn|34\/100|[silent]\n|upkeep\n|turn|28\n|\n|t:|1664026508\n|move|p2a: Volcanion|Steam Eruption|p1a: Ferrothorn\n|-resisted|p1a: Ferrothorn\n|-damage|p1a: Ferrothorn|0 fnt\n|faint|p1a: Ferrothorn\n|\n|-weather|RainDance|[upkeep]\n|upkeep\n|\n|t:|1664026511\n|switch|p1a: Urshifu|Urshifu-Rapid-Strike, M|88\/100\n|-damage|p1a: Urshifu|82\/100|[from] Stealth Rock\n|turn|29\n|\n|t:|1664026516\n|move|p1a: Urshifu|U-turn|p2a: Volcanion\n|-resisted|p2a: Volcanion\n|-damage|p2a: Volcanion|2\/100\n|\n|t:|1664026519\n|switch|p1a: Hippowdon|Hippowdon, M|11\/100|[from]move: U-turn\n|-damage|p1a: Hippowdon|5\/100|[from] Stealth Rock\n|-weather|Sandstorm|[from] ability: Sand Stream|[of] p1a: Hippowdon\n|move|p2a: Volcanion|Steam Eruption|p1a: Hippowdon\n|-supereffective|p1a: Hippowdon\n|-damage|p1a: Hippowdon|0 fnt\n|faint|p1a: Hippowdon\n|\n|-weather|Sandstorm|[upkeep]\n|-damage|p2a: Volcanion|0 fnt|[from] Sandstorm\n|faint|p2a: Volcanion\n|upkeep\n|\n|t:|1664026524\n|switch|p2a: Pelipper|Pelipper, F|57\/100 tox\n|switch|p1a: Urshifu|Urshifu-Rapid-Strike, M|82\/100\n|-damage|p1a: Urshifu|76\/100|[from] Stealth Rock\n|-damage|p2a: Pelipper|32\/100 tox|[from] Stealth Rock\n|-weather|RainDance|[from] ability: Drizzle|[of] p2a: Pelipper\n|turn|30\n|\n|t:|1664026529\n|move|p1a: Urshifu|Close Combat|p2a: Pelipper\n|-resisted|p2a: Pelipper\n|-damage|p2a: Pelipper|10\/100 tox\n|-unboost|p1a: Urshifu|def|1\n|-unboost|p1a: Urshifu|spd|1\n|move|p2a: Pelipper|Defog|p1a: Urshifu\n|-unboost|p1a: Urshifu|evasion|1\n|-sideend|p1: Scoots Mgee|Stealth Rock|[from] move: Defog|[of] p2a: Pelipper\n|-sideend|p2: TheQzertz|Stealth Rock|[from] move: Defog|[of] p2a: Pelipper\n|\n|-weather|RainDance|[upkeep]\n|-damage|p2a: Pelipper|4\/100 tox|[from] psn\n|upkeep\n|turn|31\n|\n|t:|1664026533\n|move|p1a: Urshifu|Close Combat|p2a: Pelipper\n|-resisted|p2a: Pelipper\n|-damage|p2a: Pelipper|0 fnt\n|-unboost|p1a: Urshifu|def|1\n|-unboost|p1a: Urshifu|spd|1\n|faint|p2a: Pelipper\n|\n|-weather|RainDance|[upkeep]\n|upkeep\n|\n|t:|1664026535\n|switch|p2a: Barraskewda|Barraskewda, M|100\/100\n|turn|32\n|\n|t:|1664026538\n|switch|p1a: Heatran|Heatran, M|100\/100\n|move|p2a: Barraskewda|Liquidation|p1a: Heatran\n|-supereffective|p1a: Heatran\n|-damage|p1a: Heatran|0 fnt\n|faint|p1a: Heatran\n|\n|-weather|RainDance|[upkeep]\n|upkeep\n|\n|t:|1664026540\n|switch|p1a: Urshifu|Urshifu-Rapid-Strike, M|76\/100\n|turn|33\n|\n|t:|1664026542\n|move|p2a: Barraskewda|Liquidation|p1a: Urshifu\n|-resisted|p1a: Urshifu\n|-damage|p1a: Urshifu|22\/100\n|move|p1a: Urshifu|Close Combat|p2a: Barraskewda\n|-damage|p2a: Barraskewda|0 fnt\n|-unboost|p1a: Urshifu|def|1\n|-unboost|p1a: Urshifu|spd|1\n|faint|p2a: Barraskewda\n|\n|-weather|RainDance|[upkeep]\n|upkeep\n|\n|t:|1664026543\n|switch|p2a: Ferrothorn|Ferrothorn, F|78\/100\n|turn|34\n|c|\u2606Scoots Mgee|Gg\n|c|\u2606TheQzertz|i threw\n|\n|t:|1664026550\n|move|p1a: Urshifu|Close Combat|p2a: Ferrothorn\n|-supereffective|p2a: Ferrothorn\n|-damage|p2a: Ferrothorn|10\/100\n|-unboost|p1a: Urshifu|def|1\n|-unboost|p1a: Urshifu|spd|1\n|-damage|p1a: Urshifu|10\/100|[from] ability: Iron Barbs|[of] p2a: Ferrothorn\n|move|p2a: Ferrothorn|Gyro Ball|p1a: Urshifu\n|-resisted|p1a: Urshifu\n|-damage|p1a: Urshifu|0 fnt\n|faint|p1a: Urshifu\n|\n|win|TheQzertz\n|raw|Scoots Mgee's rating: 1417 &rarr; <strong>1399<\/strong><br \/>(-18 for losing)\n|raw|TheQzertz's rating: 1450 &rarr; <strong>1468<\/strong><br \/>(+18 for winning)\n|l|\u2606Scoots Mgee\n||Ladder isn't responding, score probably updated but might not have (Request timeout).\n","uploadtime":1664026571,"views":10,"p1id":"scootsmgee","p2id":"theqzertz","formatid":"gen8ou","rating":1399,"private":0,"password":null}