{"id":"gen8ou-1303219821","p1":"el ghato","p2":"TESLA ROADSTER","format":"gen8ou","log":"|j|\u2606el ghato\n|j|\u2606TESLA ROADSTER\n|t:|1615984324\n|player|p1|el ghato|102|\n|player|p2|TESLA ROADSTER|170|\n|teamsize|p1|6\n|teamsize|p2|6\n|gametype|singles\n|gen|8\n|tier|[Gen 8] OU\n|clearpoke\n|poke|p1|Necrozma|\n|poke|p1|Zapdos|\n|poke|p1|Heatran, F|\n|poke|p1|Hydreigon, M|\n|poke|p1|Hippowdon, M|\n|poke|p1|Clefable, F|\n|poke|p2|Gigalith, M|\n|poke|p2|Excadrill, M|\n|poke|p2|Ferrothorn, F|\n|poke|p2|Clefable, F|\n|poke|p2|Landorus-Therian, M|\n|poke|p2|Tornadus-Therian, M|\n|rule|Sleep Clause Mod: Limit one foe put to sleep\n|rule|Species Clause: Limit one of each Pok\u00e9mon\n|rule|OHKO Clause: OHKO moves are banned\n|rule|Evasion Moves Clause: Evasion moves are banned\n|rule|Endless Battle Clause: Forcing endless battles is banned\n|rule|HP Percentage Mod: HP is shown in percentages\n|rule|Dynamax Clause: You cannot dynamax\n|teampreview\n|c|\u2606el ghato|hf\n|inactive|Battle timer is ON: inactive players will automatically lose when time's up. (requested by el ghato)\n|c|\u2606TESLA ROADSTER|U2\n|\n|t:|1615984353\n|start\n|switch|p1a: Hippowdon|Hippowdon, M|100\/100\n|switch|p2a: MONTBLANC|Gigalith, M|100\/100\n|-weather|Sandstorm|[from] ability: Sand Stream|[of] p1a: Hippowdon\n|turn|1\n|\n|t:|1615984365\n|move|p1a: Hippowdon|Toxic|p2a: MONTBLANC\n|-status|p2a: MONTBLANC|tox\n|move|p2a: MONTBLANC|Stealth Rock|p1a: Hippowdon\n|-sidestart|p1: el ghato|move: Stealth Rock\n|\n|-weather|Sandstorm|[upkeep]\n|-damage|p2a: MONTBLANC|94\/100 tox|[from] psn\n|upkeep\n|turn|2\n|\n|t:|1615984371\n|switch|p2a: PATEK PHILIPPE|Landorus-Therian, M|100\/100\n|-ability|p2a: PATEK PHILIPPE|Intimidate|boost\n|-unboost|p1a: Hippowdon|atk|1\n|move|p1a: Hippowdon|Stealth Rock|p2a: PATEK PHILIPPE\n|-sidestart|p2: TESLA ROADSTER|move: Stealth Rock\n|\n|-weather|Sandstorm|[upkeep]\n|upkeep\n|turn|3\n|\n|t:|1615984385\n|move|p2a: PATEK PHILIPPE|Knock Off|p1a: Hippowdon\n|-damage|p1a: Hippowdon|78\/100\n|-enditem|p1a: Hippowdon|Leftovers|[from] move: Knock Off|[of] p2a: PATEK PHILIPPE\n|move|p1a: Hippowdon|Toxic|p2a: PATEK PHILIPPE\n|-status|p2a: PATEK PHILIPPE|tox\n|\n|-weather|Sandstorm|[upkeep]\n|-damage|p2a: PATEK PHILIPPE|94\/100 tox|[from] psn\n|upkeep\n|turn|4\n|\n|t:|1615984388\n|move|p2a: PATEK PHILIPPE|U-turn|p1a: Hippowdon\n|-damage|p1a: Hippowdon|63\/100\n|\n|t:|1615984390\n|switch|p2a: ROLEX|Ferrothorn, F|100\/100|[from]move: U-turn\n|-damage|p2a: ROLEX|94\/100|[from] Stealth Rock\n|move|p1a: Hippowdon|Slack Off|p1a: Hippowdon\n|-heal|p1a: Hippowdon|100\/100\n|\n|-weather|Sandstorm|[upkeep]\n|-heal|p2a: ROLEX|100\/100|[from] item: Leftovers\n|upkeep\n|turn|5\n|\n|t:|1615984396\n|switch|p1a: Zapdos|Zapdos|100\/100\n|move|p2a: ROLEX|Spikes|p1a: Zapdos\n|-sidestart|p1: el ghato|Spikes\n|\n|-weather|none\n|upkeep\n|turn|6\n|\n|t:|1615984399\n|switch|p2a: MONTBLANC|Gigalith, M|94\/100 tox\n|-damage|p2a: MONTBLANC|82\/100 tox|[from] Stealth Rock\n|-weather|Sandstorm|[from] ability: Sand Stream|[of] p2a: MONTBLANC\n|move|p1a: Zapdos|Defog|p2a: MONTBLANC\n|-unboost|p2a: MONTBLANC|evasion|1\n|-sideend|p2: TESLA ROADSTER|Stealth Rock|[from] move: Defog|[of] p1a: Zapdos\n|-sideend|p1: el ghato|Spikes|[from] move: Defog|[of] p1a: Zapdos\n|-sideend|p1: el ghato|Stealth Rock|[from] move: Defog|[of] p1a: Zapdos\n|\n|-weather|Sandstorm|[upkeep]\n|-damage|p1a: Zapdos|94\/100|[from] Sandstorm\n|-damage|p2a: MONTBLANC|76\/100 tox|[from] psn\n|upkeep\n|turn|7\n|\n|t:|1615984405\n|switch|p1a: Hippowdon|Hippowdon, M|100\/100\n|move|p2a: MONTBLANC|Stealth Rock|p1a: Hippowdon\n|-sidestart|p1: el ghato|move: Stealth Rock\n|\n|-weather|Sandstorm|[upkeep]\n|-damage|p2a: MONTBLANC|64\/100 tox|[from] psn\n|upkeep\n|turn|8\n|\n|t:|1615984411\n|switch|p2a: ROLEX|Ferrothorn, F|100\/100\n|move|p1a: Hippowdon|Stealth Rock|p2a: ROLEX\n|-sidestart|p2: TESLA ROADSTER|move: Stealth Rock\n|\n|-weather|Sandstorm|[upkeep]\n|upkeep\n|turn|9\n|\n|t:|1615984418\n|switch|p1a: Zapdos|Zapdos|94\/100\n|move|p2a: ROLEX|Knock Off|p1a: Zapdos\n|-damage|p1a: Zapdos|79\/100\n|-enditem|p1a: Zapdos|Heavy-Duty Boots|[from] move: Knock Off|[of] p2a: ROLEX\n|\n|-weather|Sandstorm|[upkeep]\n|-damage|p1a: Zapdos|72\/100|[from] Sandstorm\n|upkeep\n|turn|10\n|\n|t:|1615984424\n|switch|p2a: TAG HEUER|Clefable, F|100\/100\n|move|p1a: Zapdos|Roost|p1a: Zapdos\n|-heal|p1a: Zapdos|100\/100\n|-singleturn|p1a: Zapdos|move: Roost\n|\n|-weather|Sandstorm|[upkeep]\n|-damage|p1a: Zapdos|94\/100|[from] Sandstorm\n|upkeep\n|turn|11\n|\n|t:|1615984434\n|switch|p1a: Heatran|Heatran, F|100\/100\n|-damage|p1a: Heatran|88\/100|[from] Stealth Rock\n|move|p2a: TAG HEUER|Wish|p2a: TAG HEUER\n|\n|-weather|Sandstorm|[upkeep]\n|-heal|p1a: Heatran|94\/100|[from] item: Leftovers\n|upkeep\n|turn|12\n|\n|t:|1615984442\n|move|p1a: Heatran|Magma Storm|p2a: TAG HEUER\n|-damage|p2a: TAG HEUER|64\/100\n|-activate|p2a: TAG HEUER|move: Magma Storm|[of] p1a: Heatran\n|move|p2a: TAG HEUER|Teleport|p2a: TAG HEUER\n|\n|t:|1615984445\n|switch|p2a: MONTBLANC|Gigalith, M|64\/100 tox|[from]move: Teleport\n|-damage|p2a: MONTBLANC|51\/100 tox|[from] Stealth Rock\n|\n|-weather|Sandstorm|[upkeep]\n|-heal|p2a: MONTBLANC|100\/100 tox|[from] move: Wish|[wisher] TAG HEUER\n|-heal|p1a: Heatran|100\/100|[from] item: Leftovers\n|-damage|p2a: MONTBLANC|94\/100 tox|[from] psn\n|upkeep\n|turn|13\n|\n|t:|1615984460\n|switch|p1a: Hippowdon|Hippowdon, M|100\/100\n|-damage|p1a: Hippowdon|94\/100|[from] Stealth Rock\n|move|p2a: MONTBLANC|Earthquake|p1a: Hippowdon\n|-damage|p1a: Hippowdon|75\/100\n|\n|-weather|none\n|-damage|p2a: MONTBLANC|82\/100 tox|[from] psn\n|upkeep\n|turn|14\n|\n|t:|1615984463\n|switch|p2a: ROLEX|Ferrothorn, F|100\/100\n|-damage|p2a: ROLEX|94\/100|[from] Stealth Rock\n|move|p1a: Hippowdon|Slack Off|p1a: Hippowdon\n|-heal|p1a: Hippowdon|100\/100\n|\n|-heal|p2a: ROLEX|100\/100|[from] item: Leftovers\n|upkeep\n|turn|15\n|\n|t:|1615984468\n|switch|p1a: Hydreigon|Hydreigon, M, shiny|100\/100\n|-damage|p1a: Hydreigon|88\/100|[from] Stealth Rock\n|move|p2a: ROLEX|Spikes|p1a: Hydreigon\n|-sidestart|p1: el ghato|Spikes\n|\n|-heal|p1a: Hydreigon|94\/100|[from] item: Leftovers\n|upkeep\n|turn|16\n|\n|t:|1615984474\n|switch|p2a: TAG HEUER|Clefable, F|64\/100\n|move|p1a: Hydreigon|Nasty Plot|p1a: Hydreigon\n|-boost|p1a: Hydreigon|spa|2\n|\n|-heal|p1a: Hydreigon|100\/100|[from] item: Leftovers\n|-heal|p2a: TAG HEUER|71\/100|[from] item: Leftovers\n|upkeep\n|turn|17\n|\n|t:|1615984482\n|switch|p1a: Heatran|Heatran, F|100\/100\n|-damage|p1a: Heatran|88\/100|[from] Spikes\n|-damage|p1a: Heatran|76\/100|[from] Stealth Rock\n|move|p2a: TAG HEUER|Moonblast|p1a: Heatran\n|-resisted|p1a: Heatran\n|-damage|p1a: Heatran|71\/100\n|\n|-heal|p1a: Heatran|77\/100|[from] item: Leftovers\n|-heal|p2a: TAG HEUER|77\/100|[from] item: Leftovers\n|upkeep\n|turn|18\n|\n|t:|1615984491\n|move|p1a: Heatran|Taunt|p2a: TAG HEUER\n|-start|p2a: TAG HEUER|move: Taunt\n|cant|p2a: TAG HEUER|move: Taunt|Teleport\n|\n|-heal|p1a: Heatran|83\/100|[from] item: Leftovers\n|-heal|p2a: TAG HEUER|83\/100|[from] item: Leftovers\n|upkeep\n|turn|19\n|\n|t:|1615984498\n|switch|p2a: MONTBLANC|Gigalith, M|82\/100 tox\n|-damage|p2a: MONTBLANC|70\/100 tox|[from] Stealth Rock\n|-weather|Sandstorm|[from] ability: Sand Stream|[of] p2a: MONTBLANC\n|move|p1a: Heatran|Magma Storm|p2a: MONTBLANC\n|-resisted|p2a: MONTBLANC\n|-damage|p2a: MONTBLANC|59\/100 tox\n|-activate|p2a: MONTBLANC|move: Magma Storm|[of] p1a: Heatran\n|\n|-weather|Sandstorm|[upkeep]\n|-heal|p1a: Heatran|90\/100|[from] item: Leftovers\n|-damage|p2a: MONTBLANC|53\/100 tox|[from] psn\n|-damage|p2a: MONTBLANC|40\/100 tox|[from] move: Magma Storm|[partiallytrapped]\n|upkeep\n|turn|20\n|\n|t:|1615984503\n|move|p1a: Heatran|Protect|p1a: Heatran\n|-singleturn|p1a: Heatran|Protect\n|move|p2a: MONTBLANC|Gravity|p2a: MONTBLANC\n|-fieldstart|move: Gravity\n|\n|-weather|Sandstorm|[upkeep]\n|-heal|p1a: Heatran|96\/100|[from] item: Leftovers\n|-damage|p2a: MONTBLANC|28\/100 tox|[from] psn\n|-damage|p2a: MONTBLANC|16\/100 tox|[from] move: Magma Storm|[partiallytrapped]\n|upkeep\n|turn|21\n|\n|t:|1615984507\n|move|p1a: Heatran|Earth Power|p2a: MONTBLANC\n|-supereffective|p2a: MONTBLANC\n|-crit|p2a: MONTBLANC\n|-damage|p2a: MONTBLANC|0 fnt\n|faint|p2a: MONTBLANC\n|\n|-weather|Sandstorm|[upkeep]\n|-heal|p1a: Heatran|100\/100|[from] item: Leftovers\n|upkeep\n|\n|t:|1615984509\n|switch|p2a: CARTIER|Excadrill, M|100\/100\n|-damage|p2a: CARTIER|97\/100|[from] Stealth Rock\n|turn|22\n|\n|t:|1615984519\n|move|p1a: Heatran|Protect|p1a: Heatran\n|-singleturn|p1a: Heatran|Protect\n|move|p2a: CARTIER|Earthquake|p1a: Heatran\n|-activate|p1a: Heatran|move: Protect\n|\n|-weather|Sandstorm|[upkeep]\n|upkeep\n|turn|23\n|\n|t:|1615984527\n|switch|p1a: Clefable|Clefable, F|100\/100\n|move|p2a: CARTIER|Earthquake|p1a: Clefable\n|-damage|p1a: Clefable|39\/100\n|\n|-weather|Sandstorm|[upkeep]\n|-heal|p1a: Clefable|45\/100|[from] item: Leftovers\n|upkeep\n|turn|24\n|\n|t:|1615984530\n|move|p2a: CARTIER|Earthquake|p1a: Clefable\n|-damage|p1a: Clefable|0 fnt\n|faint|p1a: Clefable\n|\n|-weather|Sandstorm|[upkeep]\n|-fieldend|move: Gravity\n|upkeep\n|\n|t:|1615984532\n|switch|p1a: Zapdos|Zapdos|94\/100\n|-damage|p1a: Zapdos|69\/100|[from] Stealth Rock\n|turn|25\n|\n|t:|1615984542\n|switch|p2a: TAG HEUER|Clefable, F|83\/100\n|move|p1a: Zapdos|Defog|p2a: TAG HEUER\n|-unboost|p2a: TAG HEUER|evasion|1\n|-sideend|p2: TESLA ROADSTER|Stealth Rock|[from] move: Defog|[of] p1a: Zapdos\n|-sideend|p1: el ghato|Spikes|[from] move: Defog|[of] p1a: Zapdos\n|-sideend|p1: el ghato|Stealth Rock|[from] move: Defog|[of] p1a: Zapdos\n|\n|-weather|Sandstorm|[upkeep]\n|-damage|p1a: Zapdos|63\/100|[from] Sandstorm\n|-heal|p2a: TAG HEUER|89\/100|[from] item: Leftovers\n|upkeep\n|turn|26\n|\n|t:|1615984549\n|move|p1a: Zapdos|Roost|p1a: Zapdos\n|-heal|p1a: Zapdos|100\/100\n|-singleturn|p1a: Zapdos|move: Roost\n|move|p2a: TAG HEUER|Teleport|p2a: TAG HEUER\n|\n|t:|1615984551\n|switch|p2a: ROLEX|Ferrothorn, F|100\/100|[from]move: Teleport\n|\n|-weather|none\n|upkeep\n|turn|27\n|\n|t:|1615984556\n|switch|p1a: Heatran|Heatran, F|100\/100\n|move|p2a: ROLEX|Spikes|p1a: Heatran\n|-sidestart|p1: el ghato|Spikes\n|\n|upkeep\n|turn|28\n|\n|t:|1615984560\n|switch|p2a: PATEK PHILIPPE|Landorus-Therian, M|94\/100 tox\n|-ability|p2a: PATEK PHILIPPE|Intimidate|boost\n|-unboost|p1a: Heatran|atk|1\n|move|p1a: Heatran|Magma Storm|p2a: PATEK PHILIPPE|[miss]\n|-miss|p1a: Heatran|p2a: PATEK PHILIPPE\n|\n|-heal|p2a: PATEK PHILIPPE|100\/100 tox|[from] item: Leftovers\n|-damage|p2a: PATEK PHILIPPE|94\/100 tox|[from] psn\n|upkeep\n|turn|29\n|\n|t:|1615984568\n|move|p1a: Heatran|Protect|p1a: Heatran\n|-singleturn|p1a: Heatran|Protect\n|move|p2a: PATEK PHILIPPE|Gravity|p2a: PATEK PHILIPPE\n|-fieldstart|move: Gravity\n|\n|-heal|p2a: PATEK PHILIPPE|100\/100 tox|[from] item: Leftovers\n|-damage|p2a: PATEK PHILIPPE|88\/100 tox|[from] psn\n|upkeep\n|turn|30\n|\n|t:|1615984575\n|switch|p1a: Hippowdon|Hippowdon, M|100\/100\n|-damage|p1a: Hippowdon|88\/100|[from] Spikes\n|-weather|Sandstorm|[from] ability: Sand Stream|[of] p1a: Hippowdon\n|move|p2a: PATEK PHILIPPE|U-turn|p1a: Hippowdon\n|-damage|p1a: Hippowdon|72\/100\n|\n|t:|1615984581\n|switch|p2a: CARTIER|Excadrill, M|97\/100|[from]move: U-turn\n|\n|-weather|Sandstorm|[upkeep]\n|upkeep\n|turn|31\n|\n|t:|1615984585\n|move|p2a: CARTIER|Earthquake|p1a: Hippowdon\n|-damage|p1a: Hippowdon|15\/100\n|move|p1a: Hippowdon|Earthquake|p2a: CARTIER\n|-supereffective|p2a: CARTIER\n|-damage|p2a: CARTIER|0 fnt\n|faint|p2a: CARTIER\n|\n|-weather|Sandstorm|[upkeep]\n|upkeep\n|\n|t:|1615984594\n|switch|p2a: PATEK PHILIPPE|Landorus-Therian, M|88\/100 tox\n|-ability|p2a: PATEK PHILIPPE|Intimidate|boost\n|-unboost|p1a: Hippowdon|atk|1\n|turn|32\n|\n|t:|1615984599\n|move|p2a: PATEK PHILIPPE|Earthquake|p1a: Hippowdon\n|-damage|p1a: Hippowdon|0 fnt\n|faint|p1a: Hippowdon\n|\n|-weather|Sandstorm|[upkeep]\n|-heal|p2a: PATEK PHILIPPE|94\/100 tox|[from] item: Leftovers\n|-damage|p2a: PATEK PHILIPPE|88\/100 tox|[from] psn\n|upkeep\n|\n|t:|1615984607\n|switch|p1a: Necrozma|Necrozma|100\/100\n|-damage|p1a: Necrozma|88\/100|[from] Spikes\n|turn|33\n|\n|t:|1615984636\n|switch|p2a: ROLEX|Ferrothorn, F|100\/100\n|move|p1a: Necrozma|Calm Mind|p1a: Necrozma\n|-boost|p1a: Necrozma|spa|1\n|-boost|p1a: Necrozma|spd|1\n|\n|-weather|Sandstorm|[upkeep]\n|-damage|p1a: Necrozma|82\/100|[from] Sandstorm\n|-fieldend|move: Gravity\n|upkeep\n|turn|34\n|\n|t:|1615984638\n|move|p1a: Necrozma|Heat Wave|p2a: ROLEX\n|-supereffective|p2a: ROLEX\n|-damage|p2a: ROLEX|0 fnt\n|faint|p2a: ROLEX\n|\n|-weather|none\n|upkeep\n|\n|t:|1615984647\n|switch|p2a: AUDEMARS PIGUET|Tornadus-Therian, M|100\/100\n|turn|35\n|\n|t:|1615984651\n|move|p2a: AUDEMARS PIGUET|Nasty Plot|p2a: AUDEMARS PIGUET\n|-boost|p2a: AUDEMARS PIGUET|spa|2\n|move|p1a: Necrozma|Calm Mind|p1a: Necrozma\n|-boost|p1a: Necrozma|spa|1\n|-boost|p1a: Necrozma|spd|1\n|\n|upkeep\n|turn|36\n|\n|t:|1615984656\n|move|p2a: AUDEMARS PIGUET|Hurricane|p1a: Necrozma\n|-damage|p1a: Necrozma|32\/100\n|move|p1a: Necrozma|Stored Power|p2a: AUDEMARS PIGUET\n|-damage|p2a: AUDEMARS PIGUET|0 fnt\n|faint|p2a: AUDEMARS PIGUET\n|\n|upkeep\n|\n|t:|1615984663\n|switch|p2a: PATEK PHILIPPE|Landorus-Therian, M|88\/100 tox\n|-ability|p2a: PATEK PHILIPPE|Intimidate|boost\n|-unboost|p1a: Necrozma|atk|1\n|turn|37\n|\n|t:|1615984666\n|move|p2a: PATEK PHILIPPE|Knock Off|p1a: Necrozma\n|-supereffective|p1a: Necrozma\n|-damage|p1a: Necrozma|5\/100\n|-enditem|p1a: Necrozma|Chesto Berry|[from] move: Knock Off|[of] p2a: PATEK PHILIPPE\n|move|p1a: Necrozma|Rest|p1a: Necrozma\n|-status|p1a: Necrozma|slp|[from] move: Rest\n|-heal|p1a: Necrozma|100\/100 slp|[silent]\n|\n|-heal|p2a: PATEK PHILIPPE|94\/100 tox|[from] item: Leftovers\n|-damage|p2a: PATEK PHILIPPE|88\/100 tox|[from] psn\n|upkeep\n|turn|38\n|\n|t:|1615984680\n|move|p2a: PATEK PHILIPPE|Earthquake|p1a: Necrozma\n|-damage|p1a: Necrozma|71\/100 slp\n|cant|p1a: Necrozma|slp\n|\n|-heal|p2a: PATEK PHILIPPE|94\/100 tox|[from] item: Leftovers\n|-damage|p2a: PATEK PHILIPPE|82\/100 tox|[from] psn\n|upkeep\n|turn|39\n|\n|t:|1615984684\n|move|p2a: PATEK PHILIPPE|Earthquake|p1a: Necrozma\n|-damage|p1a: Necrozma|40\/100 slp\n|cant|p1a: Necrozma|slp\n|\n|-heal|p2a: PATEK PHILIPPE|88\/100 tox|[from] item: Leftovers\n|-damage|p2a: PATEK PHILIPPE|70\/100 tox|[from] psn\n|upkeep\n|turn|40\n|\n|t:|1615984687\n|move|p2a: PATEK PHILIPPE|Earthquake|p1a: Necrozma\n|-damage|p1a: Necrozma|12\/100 slp\n|-curestatus|p1a: Necrozma|slp|[msg]\n|move|p1a: Necrozma|Stored Power|p2a: PATEK PHILIPPE\n|-damage|p2a: PATEK PHILIPPE|0 fnt\n|faint|p2a: PATEK PHILIPPE\n|\n|upkeep\n|\n|t:|1615984691\n|switch|p2a: TAG HEUER|Clefable, F|89\/100\n|turn|41\n|c|\u2606TESLA ROADSTER|Gg\n|c|\u2606el ghato|gg\n|-message|TESLA ROADSTER forfeited.\n|\n|win|el ghato\n|l|\u2606TESLA ROADSTER\n|c|\u2606el ghato|\/log el ghato made this room public.\n","uploadtime":1615984707,"views":7,"p1id":"elghato","p2id":"teslaroadster","formatid":"gen8ou","rating":0,"private":0,"password":null}