{"id":"gen8ou-1515731688","p1":"Allen-xia","p2":"X-Wing Fighter","format":"gen8ou","log":"|j|\u2606Allen-xia\n|j|\u2606X-Wing Fighter\n|inactive|Battle timer is ON: inactive players will automatically lose when time's up.\n|t:|1645457004\n|gametype|singles\n|player|p1|Allen-xia|flint|\n|player|p2|X-Wing Fighter|pokefan-gen4|\n|teamsize|p1|6\n|teamsize|p2|6\n|gen|8\n|tier|[Gen 8] OU\n|rated|Tournament battle\n|rule|Sleep Clause Mod: Limit one foe put to sleep\n|rule|Species Clause: Limit one of each Pok\u00e9mon\n|rule|OHKO Clause: OHKO moves are banned\n|rule|Evasion Moves Clause: Evasion moves are banned\n|rule|Endless Battle Clause: Forcing endless battles is banned\n|rule|HP Percentage Mod: HP is shown in percentages\n|rule|Dynamax Clause: You cannot dynamax\n|clearpoke\n|poke|p1|Rotom-Wash|\n|poke|p1|Landorus-Therian, M|\n|poke|p1|Dragapult, F|\n|poke|p1|Weavile, F|\n|poke|p1|Ferrothorn, M|\n|poke|p1|Tapu Fini|\n|poke|p2|Thundurus-Therian, M|\n|poke|p2|Pelipper, M|\n|poke|p2|Crawdaunt, M|\n|poke|p2|Kingdra, F|\n|poke|p2|Ferrothorn, M|\n|poke|p2|Melmetal|\n|teampreview\n|j| TheManiacOfPkmn\n|\n|t:|1645457026\n|start\n|switch|p1a: Rotom|Rotom-Wash|100\/100\n|switch|p2a: Melmetal|Melmetal|100\/100\n|turn|1\n|j|%Mimikyu Stardust\n|\n|t:|1645457033\n|switch|p2a: Ferrothorn|Ferrothorn, M|100\/100\n|move|p1a: Rotom|Will-O-Wisp|p2a: Ferrothorn\n|-status|p2a: Ferrothorn|brn\n|\n|-damage|p2a: Ferrothorn|95\/100 brn|[from] brn\n|upkeep\n|turn|2\n|\n|t:|1645457044\n|move|p1a: Rotom|Volt Switch|p2a: Ferrothorn\n|-resisted|p2a: Ferrothorn\n|-damage|p2a: Ferrothorn|83\/100 brn\n|j| Shinkage5\n|\n|t:|1645457049\n|switch|p1a: Dragapult|Dragapult, F|100\/100|[from]move: Volt Switch\n|move|p2a: Ferrothorn|Stealth Rock|p1a: Dragapult\n|-sidestart|p1: Allen-xia|move: Stealth Rock\n|\n|-heal|p2a: Ferrothorn|89\/100 brn|[from] item: Leftovers\n|-damage|p2a: Ferrothorn|83\/100 brn|[from] brn\n|upkeep\n|turn|3\n|\n|t:|1645457063\n|switch|p2a: Melmetal|Melmetal|100\/100\n|move|p1a: Dragapult|Shadow Ball|p2a: Melmetal\n|-damage|p2a: Melmetal|77\/100\n|\n|upkeep\n|turn|4\n|\n|t:|1645457071\n|switch|p1a: Rotom|Rotom-Wash|100\/100\n|-damage|p1a: Rotom|88\/100|[from] Stealth Rock\n|switch|p2a: Pelipper|Pelipper, M|100\/100\n|-weather|RainDance|[from] ability: Drizzle|[of] p2a: Pelipper\n|\n|-weather|RainDance|[upkeep]\n|-heal|p1a: Rotom|94\/100|[from] item: Leftovers\n|upkeep\n|turn|5\n|\n|t:|1645457076\n|switch|p2a: Ferrothorn|Ferrothorn, M|83\/100 brn\n|move|p1a: Rotom|Hydro Pump|p2a: Ferrothorn\n|-resisted|p2a: Ferrothorn\n|-damage|p2a: Ferrothorn|56\/100 brn\n|\n|-weather|RainDance|[upkeep]\n|-heal|p1a: Rotom|100\/100|[from] item: Leftovers\n|-heal|p2a: Ferrothorn|62\/100 brn|[from] item: Leftovers\n|-damage|p2a: Ferrothorn|56\/100 brn|[from] brn\n|upkeep\n|turn|6\n|\n|t:|1645457082\n|switch|p2a: Kingdra|Kingdra, F|100\/100\n|move|p1a: Rotom|Volt Switch|p2a: Kingdra\n|-damage|p2a: Kingdra|71\/100\n|\n|t:|1645457087\n|switch|p1a: Tapu Fini|Tapu Fini|100\/100|[from]move: Volt Switch\n|-damage|p1a: Tapu Fini|88\/100|[from] Stealth Rock\n|-fieldstart|move: Misty Terrain|[from] ability: Misty Surge|[of] p1a: Tapu Fini\n|\n|-weather|RainDance|[upkeep]\n|-heal|p1a: Tapu Fini|94\/100|[from] item: Leftovers\n|upkeep\n|turn|7\n|\n|t:|1645457091\n|move|p2a: Kingdra|Flip Turn|p1a: Tapu Fini\n|-resisted|p1a: Tapu Fini\n|-damage|p1a: Tapu Fini|84\/100\n|\n|t:|1645457094\n|switch|p2a: Thundurus|Thundurus-Therian, M|100\/100|[from]move: Flip Turn\n|move|p1a: Tapu Fini|Whirlpool|p2a: Thundurus\n|-damage|p2a: Thundurus|77\/100\n|-activate|p2a: Thundurus|move: Whirlpool|[of] p1a: Tapu Fini\n|\n|-weather|RainDance|[upkeep]\n|-heal|p1a: Tapu Fini|90\/100|[from] item: Leftovers\n|-damage|p2a: Thundurus|65\/100|[from] move: Whirlpool|[partiallytrapped]\n|upkeep\n|turn|8\n|\n|t:|1645457105\n|switch|p1a: Dragapult|Dragapult, F|100\/100\n|-damage|p1a: Dragapult|88\/100|[from] Stealth Rock\n|move|p2a: Thundurus|Nasty Plot|p2a: Thundurus\n|-boost|p2a: Thundurus|spa|2\n|\n|-weather|RainDance|[upkeep]\n|-end|p2a: Thundurus|Whirlpool|[partiallytrapped]|[silent]\n|upkeep\n|turn|9\n|\n|t:|1645457111\n|switch|p2a: Melmetal|Melmetal|77\/100\n|move|p1a: Dragapult|Draco Meteor|p2a: Melmetal|[miss]\n|-miss|p1a: Dragapult|p2a: Melmetal\n|\n|-weather|RainDance|[upkeep]\n|upkeep\n|turn|10\n|j| Yb is Better\n|\n|t:|1645457121\n|move|p1a: Dragapult|Draco Meteor|p2a: Melmetal\n|-resisted|p2a: Melmetal\n|-damage|p2a: Melmetal|66\/100\n|-unboost|p1a: Dragapult|spa|2\n|move|p2a: Melmetal|Ice Punch|p1a: Dragapult\n|-supereffective|p1a: Dragapult\n|-damage|p1a: Dragapult|9\/100\n|\n|-weather|RainDance|[upkeep]\n|-fieldend|Misty Terrain\n|upkeep\n|turn|11\n|j| Chillrends\n|\n|t:|1645457129\n|switch|p1a: Rotom|Rotom-Wash|100\/100\n|-damage|p1a: Rotom|88\/100|[from] Stealth Rock\n|move|p2a: Melmetal|Ice Punch|p1a: Rotom\n|-resisted|p1a: Rotom\n|-crit|p1a: Rotom\n|-damage|p1a: Rotom|62\/100\n|\n|-weather|none\n|-heal|p1a: Rotom|68\/100|[from] item: Leftovers\n|upkeep\n|turn|12\n|\n|t:|1645457135\n|move|p1a: Rotom|Hydro Pump|p2a: Melmetal|[miss]\n|-miss|p1a: Rotom|p2a: Melmetal\n|move|p2a: Melmetal|Thunder Punch|p1a: Rotom\n|-damage|p1a: Rotom|34\/100\n|\n|-heal|p1a: Rotom|40\/100|[from] item: Leftovers\n|upkeep\n|turn|13\n|\n|t:|1645457139\n|switch|p2a: Kingdra|Kingdra, F|71\/100\n|move|p1a: Rotom|Pain Split|p2a: Kingdra\n|-sethp|p2a: Kingdra|57\/100|[from] move: Pain Split|[silent]\n|-sethp|p1a: Rotom|54\/100|[from] move: Pain Split\n|\n|-heal|p1a: Rotom|60\/100|[from] item: Leftovers\n|upkeep\n|turn|14\n|\n|t:|1645457149\n|switch|p1a: Ferrothorn|Ferrothorn, M|100\/100\n|-damage|p1a: Ferrothorn|94\/100|[from] Stealth Rock\n|move|p2a: Kingdra|Draco Meteor|p1a: Ferrothorn\n|-resisted|p1a: Ferrothorn\n|-damage|p1a: Ferrothorn|53\/100\n|-unboost|p2a: Kingdra|spa|2\n|\n|-heal|p1a: Ferrothorn|59\/100|[from] item: Leftovers\n|upkeep\n|turn|15\n|\n|t:|1645457155\n|switch|p2a: Ferrothorn|Ferrothorn, M|56\/100 brn\n|move|p1a: Ferrothorn|Stealth Rock|p2a: Ferrothorn\n|-sidestart|p2: X-Wing Fighter|move: Stealth Rock\n|\n|-heal|p1a: Ferrothorn|66\/100|[from] item: Leftovers\n|-heal|p2a: Ferrothorn|62\/100 brn|[from] item: Leftovers\n|-damage|p2a: Ferrothorn|56\/100 brn|[from] brn\n|upkeep\n|turn|16\n|\n|t:|1645457159\n|move|p1a: Ferrothorn|Body Press|p2a: Ferrothorn\n|-supereffective|p2a: Ferrothorn\n|-damage|p2a: Ferrothorn|21\/100 brn\n|-damage|p1a: Ferrothorn|53\/100|[from] ability: Iron Barbs|[of] p2a: Ferrothorn\n|move|p2a: Ferrothorn|Iron Defense|p2a: Ferrothorn\n|-boost|p2a: Ferrothorn|def|2\n|\n|-heal|p1a: Ferrothorn|59\/100|[from] item: Leftovers\n|-heal|p2a: Ferrothorn|27\/100 brn|[from] item: Leftovers\n|-damage|p2a: Ferrothorn|21\/100 brn|[from] brn\n|upkeep\n|turn|17\n|\n|t:|1645457166\n|switch|p1a: Landorus|Landorus-Therian, M|100\/100\n|-damage|p1a: Landorus|88\/100|[from] Stealth Rock\n|-ability|p1a: Landorus|Intimidate|boost\n|-unboost|p2a: Ferrothorn|atk|1\n|move|p2a: Ferrothorn|Body Press|p1a: Landorus\n|-resisted|p1a: Landorus\n|-damage|p1a: Landorus|74\/100\n|\n|-heal|p1a: Landorus|80\/100|[from] item: Leftovers\n|-heal|p2a: Ferrothorn|27\/100 brn|[from] item: Leftovers\n|-damage|p2a: Ferrothorn|21\/100 brn|[from] brn\n|upkeep\n|turn|18\n|l| Yb is Better\n|\n|t:|1645457172\n|move|p1a: Landorus|Earthquake|p2a: Ferrothorn\n|-damage|p2a: Ferrothorn|8\/100 brn\n|move|p2a: Ferrothorn|Iron Defense|p2a: Ferrothorn\n|-boost|p2a: Ferrothorn|def|2\n|\n|-heal|p1a: Landorus|86\/100|[from] item: Leftovers\n|-heal|p2a: Ferrothorn|14\/100 brn|[from] item: Leftovers\n|-damage|p2a: Ferrothorn|8\/100 brn|[from] brn\n|upkeep\n|turn|19\n|\n|t:|1645457177\n|move|p1a: Landorus|Earthquake|p2a: Ferrothorn\n|-damage|p2a: Ferrothorn|0 fnt\n|faint|p2a: Ferrothorn\n|\n|-heal|p1a: Landorus|92\/100|[from] item: Leftovers\n|upkeep\n|\n|t:|1645457180\n|switch|p2a: Pelipper|Pelipper, M|100\/100\n|-damage|p2a: Pelipper|76\/100|[from] Stealth Rock\n|-weather|RainDance|[from] ability: Drizzle|[of] p2a: Pelipper\n|turn|20\n|\n|t:|1645457184\n|move|p1a: Landorus|Defog|p2a: Pelipper\n|-unboost|p2a: Pelipper|evasion|1\n|-sideend|p2: X-Wing Fighter|Stealth Rock|[from] move: Defog|[of] p1a: Landorus\n|-sideend|p1: Allen-xia|Stealth Rock|[from] move: Defog|[of] p1a: Landorus\n|move|p2a: Pelipper|U-turn|p1a: Landorus\n|-resisted|p1a: Landorus\n|-damage|p1a: Landorus|88\/100\n|\n|t:|1645457198\n|switch|p2a: Kingdra|Kingdra, F|57\/100|[from]move: U-turn\n|\n|-weather|RainDance|[upkeep]\n|-heal|p1a: Landorus|94\/100|[from] item: Leftovers\n|upkeep\n|turn|21\n|\n|t:|1645457211\n|switch|p1a: Tapu Fini|Tapu Fini|90\/100\n|-fieldstart|move: Misty Terrain|[from] ability: Misty Surge|[of] p1a: Tapu Fini\n|move|p2a: Kingdra|Hydro Pump|p1a: Tapu Fini|[miss]\n|-miss|p2a: Kingdra|p1a: Tapu Fini\n|\n|-weather|RainDance|[upkeep]\n|-heal|p1a: Tapu Fini|96\/100|[from] item: Leftovers\n|upkeep\n|turn|22\n|\n|t:|1645457218\n|switch|p2a: Melmetal|Melmetal|66\/100\n|move|p1a: Tapu Fini|Whirlpool|p2a: Melmetal\n|-damage|p2a: Melmetal|58\/100\n|-activate|p2a: Melmetal|move: Whirlpool|[of] p1a: Tapu Fini\n|\n|-weather|RainDance|[upkeep]\n|-heal|p1a: Tapu Fini|100\/100|[from] item: Leftovers\n|-damage|p2a: Melmetal|45\/100|[from] move: Whirlpool|[partiallytrapped]\n|upkeep\n|turn|23\n|\n|t:|1645457225\n|switch|p1a: Rotom|Rotom-Wash|60\/100\n|move|p2a: Melmetal|Thunder Punch|p1a: Rotom\n|-damage|p1a: Rotom|29\/100\n|\n|-weather|RainDance|[upkeep]\n|-heal|p1a: Rotom|35\/100|[from] item: Leftovers\n|-end|p2a: Melmetal|Whirlpool|[partiallytrapped]|[silent]\n|upkeep\n|turn|24\n|j| ElevatedGodlyness\n|\n|t:|1645457231\n|switch|p2a: Kingdra|Kingdra, F|57\/100\n|move|p1a: Rotom|Hydro Pump|p2a: Kingdra\n|-resisted|p2a: Kingdra\n|-damage|p2a: Kingdra|38\/100\n|\n|-weather|RainDance|[upkeep]\n|-heal|p1a: Rotom|42\/100|[from] item: Leftovers\n|upkeep\n|turn|25\n|l|%Mimikyu Stardust\n|\n|t:|1645457238\n|switch|p1a: Tapu Fini|Tapu Fini|100\/100\n|move|p2a: Kingdra|Hydro Pump|p1a: Tapu Fini\n|-resisted|p1a: Tapu Fini\n|-damage|p1a: Tapu Fini|64\/100\n|\n|-weather|RainDance|[upkeep]\n|-heal|p1a: Tapu Fini|70\/100|[from] item: Leftovers\n|-fieldend|Misty Terrain\n|upkeep\n|turn|26\n|\n|t:|1645457248\n|switch|p2a: Melmetal|Melmetal|45\/100\n|move|p1a: Tapu Fini|Moonblast|p2a: Melmetal\n|-resisted|p2a: Melmetal\n|-damage|p2a: Melmetal|37\/100\n|\n|-weather|RainDance|[upkeep]\n|-heal|p1a: Tapu Fini|76\/100|[from] item: Leftovers\n|upkeep\n|turn|27\n|\n|t:|1645457254\n|switch|p1a: Landorus|Landorus-Therian, M|94\/100\n|-ability|p1a: Landorus|Intimidate|boost\n|-unboost|p2a: Melmetal|atk|1\n|switch|p2a: Thundurus|Thundurus-Therian, M|65\/100\n|\n|-weather|none\n|-heal|p1a: Landorus|99\/100|[from] item: Leftovers\n|upkeep\n|turn|28\n|\n|t:|1645457260\n|switch|p2a: Pelipper|Pelipper, M|76\/100\n|-weather|RainDance|[from] ability: Drizzle|[of] p2a: Pelipper\n|move|p1a: Landorus|U-turn|p2a: Pelipper\n|-resisted|p2a: Pelipper\n|-damage|p2a: Pelipper|67\/100\n|\n|t:|1645457264\n|switch|p1a: Dragapult|Dragapult, F|9\/100|[from]move: U-turn\n|\n|-weather|RainDance|[upkeep]\n|upkeep\n|turn|29\n|\n|t:|1645457272\n|switch|p2a: Melmetal|Melmetal|37\/100\n|move|p1a: Dragapult|Draco Meteor|p2a: Melmetal\n|-resisted|p2a: Melmetal\n|-damage|p2a: Melmetal|17\/100\n|-unboost|p1a: Dragapult|spa|2\n|\n|-weather|RainDance|[upkeep]\n|upkeep\n|turn|30\n|\n|t:|1645457284\n|switch|p1a: Rotom|Rotom-Wash|42\/100\n|move|p2a: Melmetal|Earthquake|p1a: Rotom\n|-immune|p1a: Rotom|[from] ability: Levitate\n|\n|-weather|RainDance|[upkeep]\n|-heal|p1a: Rotom|48\/100|[from] item: Leftovers\n|upkeep\n|turn|31\n|\n|t:|1645457295\n|move|p1a: Rotom|Hydro Pump|p2a: Melmetal\n|-damage|p2a: Melmetal|0 fnt\n|faint|p2a: Melmetal\n|\n|-weather|RainDance|[upkeep]\n|-heal|p1a: Rotom|54\/100|[from] item: Leftovers\n|upkeep\n|\n|t:|1645457298\n|switch|p2a: Thundurus|Thundurus-Therian, M|65\/100\n|turn|32\n|\n|t:|1645457303\n|move|p2a: Thundurus|Thunder|p1a: Rotom\n|-damage|p1a: Rotom|1\/100\n|move|p1a: Rotom|Hydro Pump|p2a: Thundurus\n|-damage|p2a: Thundurus|0 fnt\n|faint|p2a: Thundurus\n|\n|-weather|RainDance|[upkeep]\n|-heal|p1a: Rotom|7\/100|[from] item: Leftovers\n|upkeep\n|j| Secret Winner\n|\n|t:|1645457307\n|switch|p2a: Kingdra|Kingdra, F|38\/100\n|turn|33\n|\n|t:|1645457314\n|move|p2a: Kingdra|Flip Turn|p1a: Rotom\n|-resisted|p1a: Rotom\n|-damage|p1a: Rotom|0 fnt\n|faint|p1a: Rotom\n|l| Secret Winner\n|\n|t:|1645457319\n|switch|p2a: Crawdaunt|Crawdaunt, M|100\/100|[from]move: Flip Turn\n|\n|-weather|RainDance|[upkeep]\n|upkeep\n|\n|t:|1645457335\n|switch|p1a: Landorus|Landorus-Therian, M|99\/100\n|-ability|p1a: Landorus|Intimidate|boost\n|-unboost|p2a: Crawdaunt|atk|1\n|turn|34\n|\n|t:|1645457340\n|move|p1a: Landorus|U-turn|p2a: Crawdaunt\n|-supereffective|p2a: Crawdaunt\n|-damage|p2a: Crawdaunt|30\/100\n|\n|t:|1645457345\n|switch|p1a: Weavile|Weavile, F|100\/100|[from]move: U-turn\n|-ability|p1a: Weavile|Pressure\n|move|p2a: Crawdaunt|Crabhammer|p1a: Weavile\n|-damage|p1a: Weavile|0 fnt\n|faint|p1a: Weavile\n|\n|-weather|RainDance|[upkeep]\n|upkeep\n|\n|t:|1645457348\n|switch|p1a: Landorus|Landorus-Therian, M|99\/100\n|-ability|p1a: Landorus|Intimidate|boost\n|-unboost|p2a: Crawdaunt|atk|1\n|turn|35\n|\n|t:|1645457350\n|switch|p2a: Pelipper|Pelipper, M|67\/100\n|move|p1a: Landorus|U-turn|p2a: Pelipper\n|-resisted|p2a: Pelipper\n|-damage|p2a: Pelipper|58\/100\n|\n|t:|1645457353\n|switch|p1a: Dragapult|Dragapult, F|9\/100|[from]move: U-turn\n|\n|-weather|none\n|upkeep\n|turn|36\n|\n|t:|1645457356\n|move|p1a: Dragapult|Shadow Ball|p2a: Pelipper\n|-damage|p2a: Pelipper|0 fnt\n|faint|p2a: Pelipper\n|\n|upkeep\n|\n|t:|1645457359\n|switch|p2a: Crawdaunt|Crawdaunt, M|30\/100\n|turn|37\n|\n|t:|1645457361\n|switch|p1a: Ferrothorn|Ferrothorn, M|59\/100\n|move|p2a: Crawdaunt|Aqua Jet|p1a: Ferrothorn\n|-resisted|p1a: Ferrothorn\n|-damage|p1a: Ferrothorn|47\/100\n|-damage|p2a: Crawdaunt|18\/100|[from] ability: Iron Barbs|[of] p1a: Ferrothorn\n|\n|-heal|p1a: Ferrothorn|53\/100|[from] item: Leftovers\n|upkeep\n|turn|38\n|\n|t:|1645457369\n|switch|p2a: Kingdra|Kingdra, F|38\/100\n|move|p1a: Ferrothorn|Leech Seed|p2a: Kingdra\n|-start|p2a: Kingdra|move: Leech Seed\n|\n|-heal|p1a: Ferrothorn|59\/100|[from] item: Leftovers\n|-damage|p2a: Kingdra|26\/100|[from] Leech Seed|[of] p1a: Ferrothorn\n|-heal|p1a: Ferrothorn|69\/100|[silent]\n|upkeep\n|turn|39\n|\n|t:|1645457374\n|switch|p1a: Tapu Fini|Tapu Fini|76\/100\n|-fieldstart|move: Misty Terrain|[from] ability: Misty Surge|[of] p1a: Tapu Fini\n|move|p2a: Kingdra|Hurricane|p1a: Tapu Fini\n|-damage|p1a: Tapu Fini|39\/100\n|\n|-heal|p1a: Tapu Fini|45\/100|[from] item: Leftovers\n|-damage|p2a: Kingdra|14\/100|[from] Leech Seed|[of] p1a: Tapu Fini\n|-heal|p1a: Tapu Fini|55\/100|[silent]\n|upkeep\n|turn|40\n|l| Chillrends\n|c|\u2606X-Wing Fighter|gg\n|-message|X-Wing Fighter forfeited.\n|\n|win|Allen-xia\n|n|\u2606Allen-xia|allenxia\n|n|\u2606X-Wing Fighter|xwingfighter\n|n| TheManiacOfPkmn|themaniacofpkmn\n|n| Shinkage5|shinkage5\n|n| ElevatedGodlyness|elevatedgodlyness\n","uploadtime":1645457383,"views":62,"p1id":"allenxia","p2id":"xwingfighter","formatid":"gen8ou","rating":0,"private":0,"password":null}