{"id":"gen8almostanyability-1687057653","p1":"MurderousMantyke","p2":"DD Manifest","format":"gen8almostanyability","log":"|j|\u2606MurderousMantyke\n|j|\u2606DD Manifest\n|t:|1665922245\n|gametype|singles\n|player|p1|MurderousMantyke|#helpstaffxmas|1537\n|player|p2|DD Manifest|nita|1410\n|teamsize|p1|6\n|teamsize|p2|6\n|gen|8\n|tier|[Gen 8] Almost Any Ability\n|rated|\n|rule|Species Clause: Limit one of each Pok\u00e9mon\n|rule|OHKO Clause: OHKO moves are banned\n|rule|Evasion Moves Clause: Evasion moves are banned\n|rule|Endless Battle Clause: Forcing endless battles is banned\n|rule|Dynamax Clause: You cannot dynamax\n|rule|HP Percentage Mod: HP is shown in percentages\n|rule|2 Ability Clause: Limit two of each ability\n|rule|Sleep Clause: Sleep-inducing moves are banned\n|clearpoke\n|poke|p1|Zapdos|\n|poke|p1|Zarude|\n|poke|p1|Latias, F|\n|poke|p1|Landorus-Therian, M|\n|poke|p1|Heatran, M|\n|poke|p1|Corviknight, F|\n|poke|p2|Zapdos-Galar|\n|poke|p2|Rotom-Heat|\n|poke|p2|Doublade, F|\n|poke|p2|Blissey, F|\n|poke|p2|Zarude|\n|poke|p2|Primarina, F|\n|teampreview\n|c|\u2606MurderousMantyke|hf\n|\n|t:|1665922333\n|start\n|switch|p1a: Zapdos|Zapdos|100\/100\n|switch|p2a: Zapdos|Zapdos-Galar|100\/100\n|-weather|PrimordialSea|[from] ability: Primordial Sea|[of] p1a: Zapdos\n|turn|1\n|\n|t:|1665922349\n|switch|p2a: Blissey|Blissey, F|100\/100\n|move|p1a: Zapdos|Volt Switch|p2a: Blissey\n|-crit|p2a: Blissey\n|-damage|p2a: Blissey|78\/100\n|\n|t:|1665922386\n|-weather|none\n|switch|p1a: Zarude|Zarude|100\/100|[from]move: Volt Switch\n|\n|-heal|p2a: Blissey|84\/100|[from] item: Leftovers\n|upkeep\n|turn|2\n|\n|t:|1665922408\n|switch|p2a: Zapdos|Zapdos-Galar|100\/100\n|move|p1a: Zarude|Darkest Lariat|p2a: Zapdos\n|-resisted|p2a: Zapdos\n|-damage|p2a: Zapdos|51\/100\n|\n|upkeep\n|turn|3\n|\n|t:|1665922430\n|switch|p1a: Corviknight|Corviknight, F|100\/100\n|-ability|p1a: Corviknight|Intimidate|boost\n|-unboost|p2a: Zapdos|atk|1\n|move|p2a: Zapdos|U-turn|p1a: Corviknight\n|-resisted|p1a: Corviknight\n|-damage|p1a: Corviknight|97\/100\n|\n|t:|1665922442\n|switch|p2a: Primarina|Primarina, F|100\/100|[from]move: U-turn\n|-weather|PrimordialSea|[from] ability: Primordial Sea|[of] p2a: Primarina\n|\n|-weather|PrimordialSea|[upkeep]\n|upkeep\n|turn|4\n|\n|t:|1665922472\n|switch|p1a: Latias|Latias, F|100\/100\n|move|p2a: Primarina|Weather Ball|p1a: Latias\n|-resisted|p1a: Latias\n|-damage|p1a: Latias|54\/100\n|\n|-weather|PrimordialSea|[upkeep]\n|upkeep\n|turn|5\n|\n|t:|1665922480\n|-weather|none\n|switch|p2a: Doublade|Doublade, F|100\/100\n|move|p1a: Latias|Trick|p2a: Doublade\n|-activate|p1a: Latias|move: Trick|[of] p2a: Doublade\n|-item|p2a: Doublade|Choice Scarf|[from] move: Trick\n|-item|p1a: Latias|Eviolite|[from] move: Trick\n|\n|upkeep\n|turn|6\n|\n|t:|1665922498\n|switch|p1a: Corviknight|Corviknight, F|97\/100\n|-ability|p1a: Corviknight|Intimidate|boost\n|-unboost|p2a: Doublade|atk|1\n|move|p2a: Doublade|Toxic|p1a: Corviknight\n|-immune|p1a: Corviknight\n|\n|upkeep\n|turn|7\n|\n|t:|1665922510\n|move|p1a: Corviknight|U-turn|p2a: Doublade\n|-resisted|p2a: Doublade\n|-damage|p2a: Doublade|98\/100\n|\n|t:|1665922514\n|switch|p1a: Heatran|Heatran, M|100\/100|[from]move: U-turn\n|move|p2a: Doublade|Toxic|p1a: Heatran\n|-immune|p1a: Heatran\n|\n|upkeep\n|turn|8\n|\n|t:|1665922522\n|switch|p2a: Blissey|Blissey, F|100\/100\n|move|p1a: Heatran|Steel Beam|p2a: Blissey\n|-damage|p2a: Blissey|62\/100\n|\n|-heal|p2a: Blissey|68\/100|[from] item: Leftovers\n|upkeep\n|turn|9\n|\n|t:|1665922527\n|move|p1a: Heatran|Taunt|p2a: Blissey\n|-start|p2a: Blissey|move: Taunt\n|cant|p2a: Blissey|move: Taunt|Teleport\n|\n|-heal|p2a: Blissey|74\/100|[from] item: Leftovers\n|upkeep\n|turn|10\n|\n|t:|1665922542\n|switch|p2a: Rotom|Rotom-Heat|100\/100\n|-weather|DesolateLand|[from] ability: Desolate Land|[of] p2a: Rotom\n|move|p1a: Heatran|Stealth Rock|p2a: Rotom\n|-sidestart|p2: DD Manifest|move: Stealth Rock\n|\n|-weather|DesolateLand|[upkeep]\n|upkeep\n|turn|11\n|\n|t:|1665922553\n|switch|p1a: Zapdos|Zapdos|100\/100\n|-weather|PrimordialSea|[from] ability: Primordial Sea|[of] p1a: Zapdos\n|move|p2a: Rotom|Volt Switch|p1a: Zapdos\n|-damage|p1a: Zapdos|66\/100\n|\n|t:|1665922588\n|switch|p2a: Blissey|Blissey, F|100\/100|[from]move: Volt Switch\n|-damage|p2a: Blissey|88\/100|[from] Stealth Rock\n|\n|-weather|PrimordialSea|[upkeep]\n|-heal|p2a: Blissey|94\/100|[from] item: Leftovers\n|upkeep\n|turn|12\n|\n|t:|1665922610\n|move|p1a: Zapdos|Volt Switch|p2a: Blissey\n|-damage|p2a: Blissey|79\/100\n|\n|t:|1665922614\n|-weather|none\n|switch|p1a: Zarude|Zarude|100\/100|[from]move: Volt Switch\n|move|p2a: Blissey|Seismic Toss|p1a: Zarude\n|-damage|p1a: Zarude|72\/100\n|\n|-heal|p2a: Blissey|85\/100|[from] item: Leftovers\n|upkeep\n|turn|13\n|\n|t:|1665922628\n|switch|p2a: Doublade|Doublade, F|100\/100\n|-damage|p2a: Doublade|94\/100|[from] Stealth Rock\n|move|p1a: Zarude|Power Whip|p2a: Doublade|[miss]\n|-miss|p1a: Zarude|p2a: Doublade\n|\n|upkeep\n|turn|14\n|\n|t:|1665922656\n|switch|p1a: Corviknight|Corviknight, F|97\/100\n|-ability|p1a: Corviknight|Intimidate|boost\n|-unboost|p2a: Doublade|atk|1\n|switch|p2a: Rotom|Rotom-Heat|100\/100\n|-weather|DesolateLand|[from] ability: Desolate Land|[of] p2a: Rotom\n|\n|-weather|DesolateLand|[upkeep]\n|upkeep\n|turn|15\n|\n|t:|1665922663\n|switch|p1a: Landorus|Landorus-Therian, M|100\/100\n|move|p2a: Rotom|Overheat|p1a: Landorus\n|-damage|p1a: Landorus|49\/100\n|-unboost|p2a: Rotom|spa|2\n|\n|-weather|DesolateLand|[upkeep]\n|upkeep\n|turn|16\n|\n|t:|1665922677\n|-weather|none\n|switch|p2a: Zarude|Zarude|100\/100\n|-damage|p2a: Zarude|88\/100|[from] Stealth Rock\n|move|p1a: Landorus|Knock Off|p2a: Zarude\n|-resisted|p2a: Zarude\n|-crit|p2a: Zarude\n|-damage|p2a: Zarude|66\/100\n|-ability|p2a: Zarude|Rattled|boost\n|-boost|p2a: Zarude|spe|1\n|-enditem|p2a: Zarude|Weakness Policy|[from] move: Knock Off|[of] p1a: Landorus\n|\n|upkeep\n|turn|17\n|\n|t:|1665922688\n|move|p2a: Zarude|Power Whip|p1a: Landorus\n|-damage|p1a: Landorus|0 fnt\n|faint|p1a: Landorus\n|\n|upkeep\n|\n|t:|1665922694\n|switch|p1a: Corviknight|Corviknight, F|97\/100\n|-ability|p1a: Corviknight|Intimidate|boost\n|-unboost|p2a: Zarude|atk|1\n|-ability|p2a: Zarude|Rattled|boost\n|-boost|p2a: Zarude|spe|1\n|turn|18\n|\n|t:|1665922698\n|move|p2a: Zarude|Bulk Up|p2a: Zarude\n|-boost|p2a: Zarude|atk|1\n|-boost|p2a: Zarude|def|1\n|move|p1a: Corviknight|U-turn|p2a: Zarude\n|-supereffective|p2a: Zarude\n|-damage|p2a: Zarude|32\/100\n|-ability|p2a: Zarude|Rattled|boost\n|-boost|p2a: Zarude|spe|1\n|\n|t:|1665922703\n|switch|p1a: Zapdos|Zapdos|66\/100|[from]move: U-turn\n|-weather|PrimordialSea|[from] ability: Primordial Sea|[of] p1a: Zapdos\n|\n|-weather|PrimordialSea|[upkeep]\n|upkeep\n|turn|19\n|\n|t:|1665922720\n|switch|p2a: Blissey|Blissey, F|100\/100\n|-damage|p2a: Blissey|88\/100|[from] Stealth Rock\n|move|p1a: Zapdos|Roost|p1a: Zapdos\n|-heal|p1a: Zapdos|100\/100\n|-singleturn|p1a: Zapdos|move: Roost\n|\n|-weather|PrimordialSea|[upkeep]\n|-heal|p2a: Blissey|94\/100|[from] item: Leftovers\n|upkeep\n|turn|20\n|\n|t:|1665922730\n|move|p1a: Zapdos|Volt Switch|p2a: Blissey\n|-damage|p2a: Blissey|81\/100\n|\n|t:|1665922766\n|-weather|none\n|switch|p1a: Corviknight|Corviknight, F|97\/100|[from]move: Volt Switch\n|-ability|p1a: Corviknight|Intimidate|boost\n|-unboost|p2a: Blissey|atk|1\n|move|p2a: Blissey|Teleport|p2a: Blissey\n|\n|t:|1665922773\n|switch|p2a: Rotom|Rotom-Heat|100\/100|[from]move: Teleport\n|-weather|DesolateLand|[from] ability: Desolate Land|[of] p2a: Rotom\n|\n|-weather|DesolateLand|[upkeep]\n|upkeep\n|turn|21\n|\n|t:|1665922799\n|move|p2a: Rotom|Volt Switch|p1a: Corviknight\n|-supereffective|p1a: Corviknight\n|-damage|p1a: Corviknight|34\/100\n|\n|t:|1665922802\n|-weather|none\n|switch|p2a: Primarina|Primarina, F|100\/100|[from]move: Volt Switch\n|-damage|p2a: Primarina|88\/100|[from] Stealth Rock\n|-weather|PrimordialSea|[from] ability: Primordial Sea|[of] p2a: Primarina\n|move|p1a: Corviknight|Roost|p1a: Corviknight\n|-heal|p1a: Corviknight|84\/100\n|-singleturn|p1a: Corviknight|move: Roost\n|\n|-weather|PrimordialSea|[upkeep]\n|upkeep\n|turn|22\n|j| TsukiVaibhav\n|\n|t:|1665922829\n|switch|p1a: Heatran|Heatran, M|100\/100\n|move|p2a: Primarina|Weather Ball|p1a: Heatran\n|-supereffective|p1a: Heatran\n|-damage|p1a: Heatran|0 fnt\n|faint|p1a: Heatran\n|\n|-weather|PrimordialSea|[upkeep]\n|upkeep\n|\n|t:|1665922833\n|switch|p1a: Latias|Latias, F|87\/100\n|turn|23\n|\n|t:|1665922839\n|move|p1a: Latias|Future Sight|p2a: Primarina\n|-start|p1a: Latias|move: Future Sight\n|move|p2a: Primarina|Weather Ball|p1a: Latias\n|-resisted|p1a: Latias\n|-damage|p1a: Latias|36\/100\n|\n|-weather|PrimordialSea|[upkeep]\n|upkeep\n|turn|24\n|\n|t:|1665922849\n|move|p1a: Latias|Mystical Fire||[still]\n|-fail|p1a: Latias|Mystical Fire|[from] Primordial Sea\n|move|p2a: Primarina|Weather Ball|p1a: Latias\n|-resisted|p1a: Latias\n|-damage|p1a: Latias|0 fnt\n|faint|p1a: Latias\n|\n|-weather|PrimordialSea|[upkeep]\n|upkeep\n|\n|t:|1665922858\n|switch|p1a: Zarude|Zarude|72\/100\n|turn|25\n|\n|t:|1665922863\n|-weather|none\n|switch|p2a: Doublade|Doublade, F|100\/100\n|-damage|p2a: Doublade|94\/100|[from] Stealth Rock\n|move|p1a: Zarude|Darkest Lariat|p2a: Doublade\n|-supereffective|p2a: Doublade\n|-damage|p2a: Doublade|0 fnt\n|faint|p2a: Doublade\n|\n|-hint|Future Sight did not hit because the target is fainted.\n|upkeep\n|l| TsukiVaibhav\n|\n|t:|1665922899\n|switch|p2a: Zarude|Zarude|32\/100\n|-damage|p2a: Zarude|19\/100|[from] Stealth Rock\n|turn|26\n|\n|t:|1665922902\n|move|p2a: Zarude|Drain Punch|p1a: Zarude\n|-supereffective|p1a: Zarude\n|-damage|p1a: Zarude|25\/100\n|-heal|p2a: Zarude|43\/100|[from] drain|[of] p1a: Zarude\n|move|p1a: Zarude|Darkest Lariat|p2a: Zarude\n|-resisted|p2a: Zarude\n|-crit|p2a: Zarude\n|-damage|p2a: Zarude|0 fnt\n|faint|p2a: Zarude\n|\n|upkeep\n|\n|t:|1665922939\n|switch|p2a: Primarina|Primarina, F|88\/100\n|-damage|p2a: Primarina|76\/100|[from] Stealth Rock\n|-weather|PrimordialSea|[from] ability: Primordial Sea|[of] p2a: Primarina\n|turn|27\n|\n|t:|1665922960\n|switch|p1a: Corviknight|Corviknight, F|84\/100\n|-ability|p1a: Corviknight|Intimidate|boost\n|-unboost|p2a: Primarina|atk|1\n|move|p2a: Primarina|Weather Ball|p1a: Corviknight\n|-damage|p1a: Corviknight|0 fnt\n|faint|p1a: Corviknight\n|\n|-weather|PrimordialSea|[upkeep]\n|upkeep\n|\n|t:|1665922962\n|switch|p1a: Zapdos|Zapdos|100\/100\n|turn|28\n|\n|t:|1665922975\n|switch|p2a: Blissey|Blissey, F|100\/100\n|-damage|p2a: Blissey|88\/100|[from] Stealth Rock\n|move|p1a: Zapdos|Volt Switch|p2a: Blissey\n|-damage|p2a: Blissey|75\/100\n|\n|t:|1665922983\n|-weather|none\n|switch|p1a: Zarude|Zarude|25\/100|[from]move: Volt Switch\n|\n|-heal|p2a: Blissey|81\/100|[from] item: Leftovers\n|upkeep\n|turn|29\n|\n|t:|1665922988\n|move|p1a: Zarude|Darkest Lariat|p2a: Blissey\n|-damage|p2a: Blissey|4\/100\n|move|p2a: Blissey|Seismic Toss|p1a: Zarude\n|-damage|p1a: Zarude|0 fnt\n|faint|p1a: Zarude\n|\n|-heal|p2a: Blissey|10\/100|[from] item: Leftovers\n|upkeep\n|\n|t:|1665922992\n|switch|p1a: Zapdos|Zapdos|100\/100\n|-weather|PrimordialSea|[from] ability: Primordial Sea|[of] p1a: Zapdos\n|turn|30\n|\n|t:|1665922999\n|switch|p2a: Rotom|Rotom-Heat|100\/100\n|-weather|DesolateLand|[from] ability: Desolate Land|[of] p2a: Rotom\n|move|p1a: Zapdos|Hurricane|p2a: Rotom\n|-resisted|p2a: Rotom\n|-damage|p2a: Rotom|59\/100\n|-start|p2a: Rotom|confusion\n|\n|-weather|DesolateLand|[upkeep]\n|upkeep\n|turn|31\n|\n|t:|1665923033\n|-activate|p2a: Rotom|confusion\n|-damage|p2a: Rotom|53\/100|[from] confusion\n|move|p1a: Zapdos|Weather Ball|p2a: Rotom\n|-resisted|p2a: Rotom\n|-damage|p2a: Rotom|18\/100\n|\n|-weather|DesolateLand|[upkeep]\n|upkeep\n|turn|32\n|\n|t:|1665923043\n|-end|p2a: Rotom|confusion\n|move|p2a: Rotom|Pain Split|p1a: Zapdos\n|-sethp|p1a: Zapdos|56\/100|[from] move: Pain Split|[silent]\n|-sethp|p2a: Rotom|84\/100|[from] move: Pain Split\n|move|p1a: Zapdos|Weather Ball|p2a: Rotom\n|-resisted|p2a: Rotom\n|-damage|p2a: Rotom|50\/100\n|\n|-weather|DesolateLand|[upkeep]\n|upkeep\n|turn|33\n|\n|t:|1665923046\n|move|p2a: Rotom|Toxic|p1a: Zapdos\n|-status|p1a: Zapdos|tox\n|move|p1a: Zapdos|Roost|p1a: Zapdos\n|-heal|p1a: Zapdos|100\/100 tox\n|-singleturn|p1a: Zapdos|move: Roost\n|\n|-weather|DesolateLand|[upkeep]\n|-damage|p1a: Zapdos|94\/100 tox|[from] psn\n|upkeep\n|turn|34\n|\n|t:|1665923053\n|move|p2a: Rotom|Pain Split|p1a: Zapdos\n|-sethp|p1a: Zapdos|64\/100 tox|[from] move: Pain Split|[silent]\n|-sethp|p2a: Rotom|96\/100|[from] move: Pain Split\n|move|p1a: Zapdos|Weather Ball|p2a: Rotom\n|-resisted|p2a: Rotom\n|-damage|p2a: Rotom|56\/100\n|\n|-weather|DesolateLand|[upkeep]\n|-damage|p1a: Zapdos|52\/100 tox|[from] psn\n|upkeep\n|turn|35\n|c|\u2606DD Manifest|gg brother\n|c|\u2606MurderousMantyke|gg!\n|\n|t:|1665923074\n|move|p2a: Rotom|Volt Switch|p1a: Zapdos\n|-damage|p1a: Zapdos|17\/100 tox\n|\n|t:|1665923077\n|-weather|none\n|switch|p2a: Blissey|Blissey, F|44\/100|[from]move: Volt Switch\n|-damage|p2a: Blissey|31\/100|[from] Stealth Rock\n|move|p1a: Zapdos|Weather Ball|p2a: Blissey\n|-damage|p2a: Blissey|24\/100\n|\n|-heal|p2a: Blissey|30\/100|[from] item: Leftovers\n|-damage|p1a: Zapdos|0 fnt|[from] psn\n|faint|p1a: Zapdos\n|\n|win|DD Manifest\n|upkeep\n|raw|MurderousMantyke's rating: 1537 &rarr; <strong>1510<\/strong><br \/>(-27 for losing)\n|raw|DD Manifest's rating: 1410 &rarr; <strong>1437<\/strong><br \/>(+27 for winning)\n|l|\u2606MurderousMantyke\n||Ladder isn't responding, score probably updated but might not have (Request timeout).\n","uploadtime":1665923099,"views":6,"p1id":"murderousmantyke","p2id":"ddmanifest","formatid":"gen8almostanyability","rating":1437,"private":0,"password":null}