{"id":"gen8vgc2021-1208622829","p1":"bhkg","p2":"ChocoboLord","format":"gen8vgc2021","log":"|j|\u2606bhkg\n|j|\u2606ChocoboLord\n|t:|1603553572\n|player|p1|bhkg|102|1068\n|player|p2|ChocoboLord|170|1021\n|teamsize|p1|6\n|teamsize|p2|6\n|gametype|doubles\n|gen|8\n|tier|[Gen 8] VGC 2021\n|rated|\n|clearpoke\n|poke|p1|Moltres-Galar, L50|\n|poke|p1|Tapu Koko, L50|\n|poke|p1|Garchomp, L50, F|\n|poke|p1|Marowak-Alola, L50, M|\n|poke|p1|Mesprit, L50|\n|poke|p1|Weezing, L50, F|\n|poke|p2|Tapu Fini, L50|\n|poke|p2|Kartana, L50|\n|poke|p2|Entei, L50|\n|poke|p2|Urshifu-*, L50, M|\n|poke|p2|Thundurus, L50, M|\n|poke|p2|Landorus-Therian, L50, M|\n|rule|Species Clause: Limit one of each Pok\u00e9mon\n|rule|Item Clause: Limit one of each item\n|teampreview|4\n|\n|t:|1603553596\n|start\n|switch|p1a: Weezing|Weezing, L50, F|48\/48\n|switch|p1b: Moltres|Moltres-Galar, L50|48\/48\n|switch|p2a: Tapu Fini|Tapu Fini, L50, shiny|48\/48\n|switch|p2b: Landorus|Landorus-Therian, L50, M|48\/48\n|-ability|p2b: Landorus|Intimidate|boost\n|-unboost|p1a: Weezing|atk|1\n|-unboost|p1b: Moltres|atk|1\n|-fieldstart|move: Misty Terrain|[from] ability: Misty Surge|[of] p2a: Tapu Fini\n|turn|1\n|j| PointPanic\n|c| PointPanic|https:\/\/discord.gg\/PsNeeUw come join team nightmare, we have top players from around the world and have gym leaders, an elite four and kahunas, we even have a champion, and dont worry about ubers spam, we have rules about no more than 1 legend\n|l| PointPanic\n|\n|t:|1603553631\n|-start|p1b: Moltres|Dynamax\n|-heal|p1b: Moltres|48\/48|[silent]\n|move|p2b: Landorus|Rock Slide|p1b: Moltres|[spread] p1a,p1b\n|-supereffective|p1b: Moltres\n|-damage|p1a: Weezing|39\/48\n|-damage|p1b: Moltres|35\/48\n|move|p1b: Moltres|Max Airstream|p2a: Tapu Fini\n|-crit|p2a: Tapu Fini\n|-damage|p2a: Tapu Fini|6\/48\n|-boost|p1a: Weezing|spe|1\n|-boost|p1b: Moltres|spe|1\n|-enditem|p2a: Tapu Fini|Wiki Berry|[eat]\n|-heal|p2a: Tapu Fini|21\/48|[from] item: Wiki Berry\n|-damage|p1b: Moltres|33\/48|[from] item: Life Orb\n|cant|p1a: Weezing|flinch\n|move|p2a: Tapu Fini|Moonblast|p1b: Moltres\n|-supereffective|p1b: Moltres\n|-damage|p1b: Moltres|15\/48\n|-unboost|p1b: Moltres|spa|1\n|-ability|p1b: Moltres|Berserk|boost\n|-boost|p1b: Moltres|spa|1\n|\n|upkeep\n|turn|2\n|\n|t:|1603553657\n|move|p1b: Moltres|Max Guard|p1b: Moltres\n|-singleturn|p1b: Moltres|Max Guard\n|move|p2a: Tapu Fini|Protect|p2a: Tapu Fini\n|-singleturn|p2a: Tapu Fini|Protect\n|move|p2b: Landorus|Rock Slide|p1a: Weezing|[spread] p1a\n|-activate|p1b: Moltres|move: Max Guard\n|-damage|p1a: Weezing|31\/48\n|cant|p1a: Weezing|flinch\n|\n|upkeep\n|turn|3\n|\n|t:|1603553669\n|switch|p2a: Thundurus|Thundurus, L50, M, shiny|48\/48\n|move|p2b: Landorus|Rock Slide|p1a: Weezing|[spread] p1a,p1b\n|-supereffective|p1b: Moltres\n|-damage|p1a: Weezing|22\/48\n|-damage|p1b: Moltres|4\/48\n|move|p1b: Moltres|Max Airstream|p2a: Thundurus\n|-resisted|p2a: Thundurus\n|-damage|p2a: Thundurus|21\/48\n|-boost|p1a: Weezing|spe|1\n|-boost|p1b: Moltres|spe|1\n|-damage|p1b: Moltres|1\/48|[from] item: Life Orb\n|cant|p1a: Weezing|flinch\n|\n|-end|p1b: Moltres|Dynamax\n|-heal|p1b: Moltres|1\/48|[silent]\n|upkeep\n|turn|4\n|\n|t:|1603553690\n|move|p1b: Moltres|Fiery Wrath|p2b: Landorus|[spread] p2a,p2b\n|-damage|p2a: Thundurus|0 fnt\n|-damage|p2b: Landorus|22\/48\n|-damage|p1b: Moltres|0 fnt|[from] item: Life Orb\n|faint|p2a: Thundurus\n|faint|p1b: Moltres\n|move|p2b: Landorus|Rock Slide|p1a: Weezing\n|-damage|p1a: Weezing|10\/48\n|-enditem|p1a: Weezing|Figy Berry|[eat]\n|-heal|p1a: Weezing|25\/48|[from] item: Figy Berry\n|-start|p1a: Weezing|confusion\n|cant|p1a: Weezing|flinch\n|\n|upkeep\n|\n|t:|1603553705\n|switch|p2a: Urshifu|Urshifu, L50, M|48\/48\n|switch|p1b: Mesprit|Mesprit, L50, shiny|48\/48\n|turn|5\n|\n|t:|1603553722\n|switch|p1b: Garchomp|Garchomp, L50, F|48\/48\n|-start|p2a: Urshifu|Dynamax\n|-formechange|p2a: Urshifu|Urshifu-Gmax\n|-heal|p2a: Urshifu|48\/48|[silent]\n|move|p2b: Landorus|Rock Slide|p1a: Weezing|[spread] p1a,p1b\n|-crit|p1a: Weezing\n|-resisted|p1b: Garchomp\n|-damage|p1a: Weezing|11\/48\n|-damage|p1b: Garchomp|43\/48\n|move|p2a: Urshifu|G-Max One Blow|p1b: Garchomp\n|-damage|p1b: Garchomp|11\/48\n|cant|p1a: Weezing|flinch\n|\n|-fieldend|Misty Terrain\n|upkeep\n|turn|6\n|\n|t:|1603553744\n|move|p2b: Landorus|Rock Slide|p1a: Weezing|[spread] p1a,p1b\n|-resisted|p1b: Garchomp\n|-damage|p1a: Weezing|2\/48\n|-damage|p1b: Garchomp|6\/48\n|cant|p1b: Garchomp|flinch\n|move|p2a: Urshifu|G-Max One Blow|p1b: Garchomp\n|-damage|p1b: Garchomp|0 fnt\n|faint|p1b: Garchomp\n|-activate|p1a: Weezing|confusion\n|move|p1a: Weezing|Will-O-Wisp|p2a: Urshifu\n|-status|p2a: Urshifu|brn\n|\n|-damage|p2a: Urshifu|46\/48 brn|[from] brn\n|upkeep\n|\n|t:|1603553752\n|switch|p1b: Mesprit|Mesprit, L50, shiny|48\/48\n|turn|7\n|c|\u2606ChocoboLord|better nerf hax\n|\n|t:|1603553762\n|move|p2b: Landorus|Rock Slide|p1b: Mesprit|[spread] p1a,p1b\n|-damage|p1a: Weezing|0 fnt\n|-damage|p1b: Mesprit|38\/48\n|faint|p1a: Weezing\n|move|p2a: Urshifu|G-Max One Blow|p1b: Mesprit\n|-supereffective|p1b: Mesprit\n|-damage|p1b: Mesprit|11\/48\n|cant|p1b: Mesprit|flinch\n|\n|-damage|p2a: Urshifu|45\/48 brn|[from] brn\n|-end|p2a: Urshifu|Dynamax\n|-formechange|p2a: Urshifu|Urshifu\n|-heal|p2a: Urshifu|45\/48 brn|[silent]\n|upkeep\n|turn|8\n|\n|t:|1603553777\n|move|p2b: Landorus|Rock Slide|p1b: Mesprit|[miss]\n|-miss|p2b: Landorus|p1b: Mesprit\n|move|p2a: Urshifu|Wicked Blow|p1b: Mesprit\n|-supereffective|p1b: Mesprit\n|-crit|p1b: Mesprit\n|-damage|p1b: Mesprit|0 fnt\n|faint|p1b: Mesprit\n|\n|win|ChocoboLord\n|l|\u2606ChocoboLord\n|c|\u2606bhkg|i dont knot what to think gg i guess\n|raw|bhkg's rating: 1106 &rarr; <strong>1074<\/strong><br \/>(-32 for losing)\n|raw|ChocoboLord's rating: 1007 &rarr; <strong>1057<\/strong><br \/>(+50 for winning)\n","uploadtime":1603553818,"views":5,"p1id":"bhkg","p2id":"chocobolord","formatid":"gen8vgc2021","rating":1057,"private":0,"password":null}