{"id":"gen8ou-1654012614","p1":"2 teste'd 1","p2":"Capital Cruiser","format":"gen8ou","log":"|j|\u26062 teste'd 1\n|j|\u203dCapital Cruiser\n|t:|1662083841\n|gametype|singles\n|player|p1|2 teste'd 1|guitarist|1437\n|player|p2|Capital Cruiser|cheren-gen5bw2|1437\n|teamsize|p1|6\n|teamsize|p2|6\n|gen|8\n|tier|[Gen 8] OU\n|rated|\n|rule|Sleep Clause Mod: Limit one foe put to sleep\n|rule|Species Clause: Limit one of each Pok\u00e9mon\n|rule|OHKO Clause: OHKO moves are banned\n|rule|Evasion Items Clause: Evasion items are banned\n|rule|Evasion Moves Clause: Evasion moves are banned\n|rule|Endless Battle Clause: Forcing endless battles is banned\n|rule|HP Percentage Mod: HP is shown in percentages\n|rule|Dynamax Clause: You cannot dynamax\n|clearpoke\n|poke|p1|Articuno-Galar|\n|poke|p1|Zeraora|\n|poke|p1|Kingdra, M|\n|poke|p1|Incineroar, F|\n|poke|p1|Corviknight, M|\n|poke|p1|Espeon, F|\n|poke|p2|Slowking-Galar, M|\n|poke|p2|Dragonite, M|\n|poke|p2|Kartana|\n|poke|p2|Heatran, F|\n|poke|p2|Corviknight, F|\n|poke|p2|Dragapult, F|\n|teampreview\n|inactive|Battle timer is ON: inactive players will automatically lose when time's up. (requested by Capital Cruiser)\n|\n|t:|1662083856\n|start\n|switch|p1a: Swaggy P|Zeraora|100\/100\n|switch|p2a: Dragonite|Dragonite, M, shiny|100\/100\n|turn|1\n|\n|t:|1662083863\n|move|p1a: Swaggy P|Volt Switch|p2a: Dragonite\n|-damage|p2a: Dragonite|89\/100\n|\n|t:|1662083867\n|switch|p1a: Corvy in the House|Corviknight, M, shiny|100\/100|[from]move: Volt Switch\n|move|p2a: Dragonite|Dragon Claw|p1a: Corvy in the House\n|-resisted|p1a: Corvy in the House\n|-damage|p1a: Corvy in the House|88\/100\n|-damage|p2a: Dragonite|73\/100|[from] item: Rocky Helmet|[of] p1a: Corvy in the House\n|\n|upkeep\n|turn|2\n|\n|t:|1662083874\n|move|p2a: Dragonite|Roost|p2a: Dragonite\n|-heal|p2a: Dragonite|100\/100\n|-singleturn|p2a: Dragonite|move: Roost\n|move|p1a: Corvy in the House|U-turn|p2a: Dragonite\n|-damage|p2a: Dragonite|95\/100\n|\n|t:|1662083882\n|switch|p1a: Espeonage|Espeon, F|100\/100|[from]move: U-turn\n|\n|upkeep\n|turn|3\n|\n|t:|1662083894\n|move|p1a: Espeonage|Reflect|p1a: Espeonage\n|-sidestart|p1: 2 teste'd 1|Reflect\n|move|p2a: Dragonite|Dragon Claw|p1a: Espeonage\n|-damage|p1a: Espeonage|66\/100\n|\n|upkeep\n|turn|4\n|\n|t:|1662083899\n|move|p1a: Espeonage|Light Screen|p1a: Espeonage\n|-sidestart|p1: 2 teste'd 1|move: Light Screen\n|move|p2a: Dragonite|Dragon Claw|p1a: Espeonage\n|-damage|p1a: Espeonage|34\/100\n|\n|upkeep\n|turn|5\n|\n|t:|1662083910\n|switch|p2a: Dragapult|Dragapult, F, shiny|100\/100\n|move|p1a: Espeonage|Yawn|p2a: Dragapult\n|-start|p2a: Dragapult|move: Yawn|[of] p1a: Espeonage\n|\n|upkeep\n|turn|6\n|\n|t:|1662083917\n|switch|p2a: Slowking|Slowking-Galar, M, shiny|100\/100\n|move|p1a: Espeonage|Wish|p1a: Espeonage\n|\n|upkeep\n|turn|7\n|\n|t:|1662083936\n|move|p1a: Espeonage|Yawn|p2a: Slowking\n|-start|p2a: Slowking|move: Yawn|[of] p1a: Espeonage\n|move|p2a: Slowking|Future Sight|p1a: Espeonage\n|-start|p2a: Slowking|move: Future Sight\n|\n|-heal|p1a: Espeonage|84\/100|[from] move: Wish|[wisher] Espeonage\n|upkeep\n|turn|8\n|\n|t:|1662083952\n|switch|p1a: You Dropped This|Kingdra, M, shiny|100\/100\n|switch|p2a: Dragapult|Dragapult, F, shiny|100\/100\n|\n|upkeep\n|turn|9\n|\n|t:|1662083959\n|switch|p1a: LionDoris|Incineroar, F|100\/100\n|-ability|p1a: LionDoris|Intimidate|boost\n|-unboost|p2a: Dragapult|atk|1\n|move|p2a: Dragapult|Draco Meteor|p1a: LionDoris\n|-damage|p1a: LionDoris|41\/100\n|-unboost|p2a: Dragapult|spa|2\n|\n|-end|p1a: LionDoris|move: Future Sight\n|-immune|p1a: LionDoris\n|upkeep\n|turn|10\n|inactive|2 teste'd 1 has 120 seconds left.\n|\n|t:|1662083989\n|switch|p2a: Dragonite|Dragonite, M, shiny|95\/100\n|move|p1a: LionDoris|Will-O-Wisp|p2a: Dragonite|[miss]\n|-miss|p1a: LionDoris|p2a: Dragonite\n|\n|-sideend|p1: 2 teste'd 1|Reflect\n|upkeep\n|turn|11\n|inactive|2 teste'd 1 has 120 seconds left.\n|\n|t:|1662084019\n|move|p2a: Dragonite|Dragon Claw|p1a: LionDoris\n|-damage|p1a: LionDoris|0 fnt\n|faint|p1a: LionDoris\n|\n|-sideend|p1: 2 teste'd 1|move: Light Screen\n|upkeep\n|\n|t:|1662084024\n|switch|p1a: Espeonage|Espeon, F|84\/100\n|turn|12\n|\n|t:|1662084036\n|switch|p2a: Dragapult|Dragapult, F, shiny|100\/100\n|move|p1a: Espeonage|Reflect|p1a: Espeonage\n|-sidestart|p1: 2 teste'd 1|Reflect\n|\n|upkeep\n|turn|13\n|\n|t:|1662084044\n|switch|p1a: Corvy in the House|Corviknight, M, shiny|88\/100\n|move|p2a: Dragapult|Shadow Ball|p1a: Corvy in the House\n|-damage|p1a: Corvy in the House|36\/100\n|\n|upkeep\n|turn|14\n|\n|t:|1662084059\n|move|p2a: Dragapult|Shadow Ball|p1a: Corvy in the House\n|-damage|p1a: Corvy in the House|0 fnt\n|faint|p1a: Corvy in the House\n|\n|upkeep\n|inactive|2 teste'd 1 has 120 seconds left.\n|inactive|2 teste'd 1 has 90 seconds left.\n|\n|t:|1662084117\n|switch|p1a: The Demon|Articuno-Galar|100\/100\n|turn|15\n|\n|t:|1662084127\n|move|p2a: Dragapult|Shadow Ball|p1a: The Demon\n|-supereffective|p1a: The Demon\n|-damage|p1a: The Demon|0 fnt\n|faint|p1a: The Demon\n|\n|upkeep\n|inactive|2 teste'd 1 has 90 seconds left.\n|\n|t:|1662084133\n|switch|p1a: Swaggy P|Zeraora|100\/100\n|turn|16\n|\n|t:|1662084140\n|switch|p2a: Slowking|Slowking-Galar, M, shiny|100\/100\n|move|p1a: Swaggy P|Knock Off|p2a: Slowking\n|-supereffective|p2a: Slowking\n|-damage|p2a: Slowking|56\/100\n|-enditem|p2a: Slowking|Black Sludge|[from] move: Knock Off|[of] p1a: Swaggy P\n|\n|upkeep\n|turn|17\n|\n|t:|1662084146\n|move|p1a: Swaggy P|Plasma Fists|p2a: Slowking\n|-damage|p2a: Slowking|16\/100\n|-fieldactivate|move: Ion Deluge\n|-hint|Normal-type moves become Electric-type after using Plasma Fists.\n|move|p2a: Slowking|Slack Off|p2a: Slowking\n|-heal|p2a: Slowking|66\/100\n|\n|upkeep\n|turn|18\n|\n|t:|1662084153\n|move|p1a: Swaggy P|Volt Switch|p2a: Slowking\n|-damage|p2a: Slowking|48\/100\n|\n|t:|1662084156\n|switch|p1a: Espeonage|Espeon, F|84\/100|[from]move: Volt Switch\n|move|p2a: Slowking|Sludge Bomb|p1a: Espeonage\n|-damage|p1a: Espeonage|51\/100\n|\n|upkeep\n|turn|19\n|inactive|2 teste'd 1 has 120 seconds left.\n|\n|t:|1662084166\n|move|p1a: Espeonage|Wish|p1a: Espeonage\n|move|p2a: Slowking|Slack Off|p2a: Slowking\n|-heal|p2a: Slowking|98\/100\n|\n|-sideend|p1: 2 teste'd 1|Reflect\n|upkeep\n|turn|20\n|\n|t:|1662084170\n|move|p1a: Espeonage|Light Screen|p1a: Espeonage\n|-sidestart|p1: 2 teste'd 1|move: Light Screen\n|move|p2a: Slowking|Sludge Bomb|p1a: Espeonage\n|-damage|p1a: Espeonage|35\/100\n|-status|p1a: Espeonage|psn\n|\n|-heal|p1a: Espeonage|84\/100 psn|[from] move: Wish|[wisher] Espeonage\n|-damage|p1a: Espeonage|72\/100 psn|[from] psn\n|upkeep\n|turn|21\n|\n|t:|1662084178\n|move|p1a: Espeonage|Reflect|p1a: Espeonage\n|-sidestart|p1: 2 teste'd 1|Reflect\n|move|p2a: Slowking|Future Sight|p1a: Espeonage\n|-start|p2a: Slowking|move: Future Sight\n|\n|-damage|p1a: Espeonage|60\/100 psn|[from] psn\n|upkeep\n|turn|22\n|\n|t:|1662084183\n|switch|p2a: Dragapult|Dragapult, F, shiny|100\/100\n|move|p1a: Espeonage|Yawn|p2a: Dragapult\n|-start|p2a: Dragapult|move: Yawn|[of] p1a: Espeonage\n|\n|-damage|p1a: Espeonage|47\/100 psn|[from] psn\n|upkeep\n|turn|23\n|\n|t:|1662084202\n|switch|p2a: Slowking|Slowking-Galar, M, shiny|98\/100\n|move|p1a: Espeonage|Wish|p1a: Espeonage\n|\n|-end|p1a: Espeonage|move: Future Sight\n|-resisted|p1a: Espeonage\n|-crit|p1a: Espeonage\n|-damage|p1a: Espeonage|12\/100 psn\n|-damage|p1a: Espeonage|0 fnt|[from] psn\n|faint|p1a: Espeonage\n|upkeep\n|\n|t:|1662084210\n|switch|p1a: You Dropped This|Kingdra, M, shiny|100\/100\n|turn|24\n|\n|t:|1662084219\n|move|p1a: You Dropped This|Agility|p1a: You Dropped This\n|-boost|p1a: You Dropped This|spe|2\n|move|p2a: Slowking|Future Sight|p1a: You Dropped This\n|-start|p2a: Slowking|move: Future Sight\n|\n|upkeep\n|turn|25\n|\n|t:|1662084223\n|move|p1a: You Dropped This|Focus Energy|p1a: You Dropped This\n|-start|p1a: You Dropped This|move: Focus Energy\n|move|p2a: Slowking|Sludge Bomb|p1a: You Dropped This\n|-damage|p1a: You Dropped This|83\/100\n|\n|upkeep\n|turn|26\n|\n|t:|1662084230\n|move|p1a: You Dropped This|Draco Meteor|p2a: Slowking\n|-crit|p2a: Slowking\n|-damage|p2a: Slowking|5\/100\n|-unboost|p1a: You Dropped This|spa|2\n|move|p2a: Slowking|Trick|p1a: You Dropped This\n|-activate|p2a: Slowking|move: Trick|[of] p1a: You Dropped This\n|-enditem|p1a: You Dropped This|Scope Lens|[silent]|[from] move: Trick\n|-item|p2a: Slowking|Scope Lens|[from] move: Trick\n|\n|-end|p1a: You Dropped This|move: Future Sight\n|-damage|p1a: You Dropped This|59\/100\n|upkeep\n|turn|27\n|\n|t:|1662084241\n|move|p1a: You Dropped This|Draco Meteor|p2a: Slowking\n|-crit|p2a: Slowking\n|-damage|p2a: Slowking|0 fnt\n|-unboost|p1a: You Dropped This|spa|2\n|faint|p2a: Slowking\n|\n|-sideend|p1: 2 teste'd 1|move: Light Screen\n|upkeep\n|\n|t:|1662084250\n|switch|p2a: Heatran|Heatran, F, shiny|100\/100\n|turn|28\n|\n|t:|1662084252\n|move|p1a: You Dropped This|Hydro Pump|p2a: Heatran\n|-supereffective|p2a: Heatran\n|-crit|p2a: Heatran\n|-damage|p2a: Heatran|0 fnt\n|faint|p2a: Heatran\n|\n|-sideend|p1: 2 teste'd 1|Reflect\n|upkeep\n|\n|t:|1662084260\n|switch|p2a: Kartana|Kartana, shiny|100\/100\n|turn|29\n|\n|t:|1662084262\n|move|p1a: You Dropped This|Draco Meteor|p2a: Kartana\n|-resisted|p2a: Kartana\n|-crit|p2a: Kartana\n|-damage|p2a: Kartana|0 fnt\n|-unboost|p1a: You Dropped This|spa|2\n|faint|p2a: Kartana\n|\n|upkeep\n|\n|t:|1662084267\n|switch|p2a: Corviknight|Corviknight, F, shiny|100\/100\n|-ability|p2a: Corviknight|Pressure\n|turn|30\n|\n|t:|1662084271\n|move|p1a: You Dropped This|Hydro Pump|p2a: Corviknight\n|-crit|p2a: Corviknight\n|-damage|p2a: Corviknight|0 fnt\n|faint|p2a: Corviknight\n|\n|upkeep\n|-message|Capital Cruiser forfeited.\n|\n|win|2 teste'd 1\n|raw|2 teste&apos;d 1's rating: 1437 &rarr; <strong>1457<\/strong><br \/>(+20 for winning)\n|raw|Capital Cruiser's rating: 1437 &rarr; <strong>1417<\/strong><br \/>(-20 for losing)\n|l|\u203dCapital Cruiser\n|c|\u26062 teste'd 1|ohhhhhhhhhhhh\n|j|\u203dCapital Cruiser\n|player|p2|Capital Cruiser|cheren-gen5bw2\n|l|\u203dCapital Cruiser\n|player|p2|\n||Ladder isn't responding, score probably updated but might not have (Request timeout).\n","uploadtime":1662084283,"views":12,"p1id":"2tested1","p2id":"capitalcruiser","formatid":"gen8ou","rating":1417,"private":0,"password":null}