{"id":"gen8bdspou-1512422879","p1":"stopthreat","p2":"The Goomy","format":"gen8bdspou","log":"|j|\u2606stopthreat\n|j|\u2606The Goomy\n|t:|1645039016\n|gametype|singles\n|player|p1|stopthreat|bugcatcher-gen4dp|1676\n|player|p2|The Goomy|preschooler|1673\n|teamsize|p1|6\n|teamsize|p2|6\n|gen|8\n|tier|[Gen 8 BDSP] OU\n|rated|\n|rule|Sleep Clause Mod: Limit one foe put to sleep\n|rule|Species Clause: Limit one of each Pok\u00e9mon\n|rule|OHKO Clause: OHKO moves are banned\n|rule|Evasion Moves Clause: Evasion moves are banned\n|rule|Endless Battle Clause: Forcing endless battles is banned\n|rule|HP Percentage Mod: HP is shown in percentages\n|clearpoke\n|poke|p1|Heatran, M|\n|poke|p1|Dragonite, F|\n|poke|p1|Starmie|\n|poke|p1|Togekiss, M|\n|poke|p1|Feraligatr, M|\n|poke|p1|Gastrodon, F|\n|poke|p2|Azumarill, M|\n|poke|p2|Rotom-Wash|\n|poke|p2|Gliscor, F|\n|poke|p2|Breloom, M|\n|poke|p2|Heatran, F|\n|poke|p2|Clefable, F|\n|teampreview\n|\n|t:|1645039022\n|start\n|switch|p1a: Heatran|Heatran, M|100\/100\n|switch|p2a: Rotom|Rotom-Wash|100\/100\n|turn|1\n|\n|t:|1645039025\n|move|p2a: Rotom|Trick|p1a: Heatran\n|-activate|p2a: Rotom|move: Trick|[of] p1a: Heatran\n|-item|p1a: Heatran|Sticky Barb|[from] move: Trick\n|-item|p2a: Rotom|Leftovers|[from] move: Trick\n|move|p1a: Heatran|Stealth Rock|p2a: Rotom\n|-sidestart|p2: The Goomy|move: Stealth Rock\n|\n|-damage|p1a: Heatran|88\/100|[from] item: Sticky Barb\n|upkeep\n|turn|2\n|inactive|Battle timer is ON: inactive players will automatically lose when time's up. (requested by stopthreat)\n|\n|t:|1645039033\n|move|p2a: Rotom|Will-O-Wisp|p1a: Heatran\n|-immune|p1a: Heatran\n|move|p1a: Heatran|Magma Storm|p2a: Rotom\n|-resisted|p2a: Rotom\n|-damage|p2a: Rotom|80\/100\n|-activate|p2a: Rotom|move: Magma Storm|[of] p1a: Heatran\n|\n|-heal|p2a: Rotom|86\/100|[from] item: Leftovers\n|-damage|p2a: Rotom|73\/100|[from] move: Magma Storm|[partiallytrapped]\n|-damage|p1a: Heatran|76\/100|[from] item: Sticky Barb\n|upkeep\n|turn|3\n|\n|t:|1645039042\n|switch|p1a: Gastrodon|Gastrodon, F|100\/100\n|move|p2a: Rotom|Hydro Pump|p1a: Gastrodon\n|-ability|p1a: Gastrodon|Storm Drain|boost\n|-boost|p1a: Gastrodon|spa|1\n|\n|-heal|p2a: Rotom|79\/100|[from] item: Leftovers\n|-end|p2a: Rotom|Magma Storm|[partiallytrapped]|[silent]\n|upkeep\n|turn|4\n|\n|t:|1645039051\n|switch|p2a: Breloom|Breloom, M|100\/100\n|-damage|p2a: Breloom|94\/100|[from] Stealth Rock\n|move|p1a: Gastrodon|Scald|p2a: Breloom\n|-resisted|p2a: Breloom\n|-damage|p2a: Breloom|66\/100\n|\n|-status|p2a: Breloom|tox|[from] item: Toxic Orb\n|upkeep\n|turn|5\n|\n|t:|1645039062\n|switch|p1a: Heatran|Heatran, M|76\/100\n|move|p2a: Breloom|Toxic|p1a: Heatran\n|-immune|p1a: Heatran\n|\n|-heal|p2a: Breloom|79\/100 tox|[from] ability: Poison Heal\n|-damage|p1a: Heatran|63\/100|[from] item: Sticky Barb\n|upkeep\n|turn|6\n|\n|t:|1645039066\n|move|p2a: Breloom|Protect|p2a: Breloom\n|-singleturn|p2a: Breloom|Protect\n|move|p1a: Heatran|Magma Storm|p2a: Breloom\n|-activate|p2a: Breloom|move: Protect\n|\n|-heal|p2a: Breloom|91\/100 tox|[from] ability: Poison Heal\n|-damage|p1a: Heatran|51\/100|[from] item: Sticky Barb\n|upkeep\n|turn|7\n|\n|t:|1645039074\n|switch|p2a: Gliscor|Gliscor, F|100\/100\n|-damage|p2a: Gliscor|88\/100|[from] Stealth Rock\n|move|p1a: Heatran|Magma Storm|p2a: Gliscor\n|-damage|p2a: Gliscor|49\/100\n|-activate|p2a: Gliscor|move: Magma Storm|[of] p1a: Heatran\n|\n|-damage|p2a: Gliscor|36\/100|[from] move: Magma Storm|[partiallytrapped]\n|-status|p2a: Gliscor|tox|[from] item: Toxic Orb\n|-damage|p1a: Heatran|38\/100|[from] item: Sticky Barb\n|upkeep\n|turn|8\n|\n|t:|1645039080\n|switch|p1a: Feraligatr|Feraligatr, M|100\/100\n|move|p2a: Gliscor|Roost|p2a: Gliscor\n|-heal|p2a: Gliscor|86\/100 tox\n|-singleturn|p2a: Gliscor|move: Roost\n|\n|-heal|p2a: Gliscor|99\/100 tox|[from] ability: Poison Heal\n|-end|p2a: Gliscor|Magma Storm|[partiallytrapped]|[silent]\n|upkeep\n|turn|9\n|\n|t:|1645039086\n|switch|p2a: Rotom|Rotom-Wash|79\/100\n|-damage|p2a: Rotom|67\/100|[from] Stealth Rock\n|move|p1a: Feraligatr|Waterfall|p2a: Rotom\n|-resisted|p2a: Rotom\n|-damage|p2a: Rotom|41\/100\n|\n|-heal|p2a: Rotom|47\/100|[from] item: Leftovers\n|upkeep\n|turn|10\n|\n|t:|1645039093\n|switch|p1a: Gastrodon|Gastrodon, F|100\/100\n|move|p2a: Rotom|Will-O-Wisp|p1a: Gastrodon\n|-status|p1a: Gastrodon|brn\n|\n|-heal|p2a: Rotom|53\/100|[from] item: Leftovers\n|-damage|p1a: Gastrodon|94\/100 brn|[from] brn\n|upkeep\n|turn|11\n|\n|t:|1645039101\n|switch|p2a: Breloom|Breloom, M|91\/100 tox\n|-damage|p2a: Breloom|85\/100 tox|[from] Stealth Rock\n|move|p1a: Gastrodon|Scald|p2a: Breloom\n|-resisted|p2a: Breloom\n|-damage|p2a: Breloom|63\/100 tox\n|\n|-heal|p1a: Gastrodon|100\/100 brn|[from] item: Leftovers\n|-heal|p2a: Breloom|76\/100 tox|[from] ability: Poison Heal\n|-damage|p1a: Gastrodon|94\/100 brn|[from] brn\n|upkeep\n|turn|12\n|\n|t:|1645039107\n|move|p2a: Breloom|Substitute|p2a: Breloom\n|-start|p2a: Breloom|Substitute\n|-damage|p2a: Breloom|51\/100 tox\n|move|p1a: Gastrodon|Ice Beam|p2a: Breloom\n|-supereffective|p2a: Breloom\n|-end|p2a: Breloom|Substitute\n|\n|-heal|p1a: Gastrodon|100\/100 brn|[from] item: Leftovers\n|-heal|p2a: Breloom|63\/100 tox|[from] ability: Poison Heal\n|-damage|p1a: Gastrodon|94\/100 brn|[from] brn\n|upkeep\n|turn|13\n|\n|t:|1645039112\n|move|p2a: Breloom|Protect|p2a: Breloom\n|-singleturn|p2a: Breloom|Protect\n|move|p1a: Gastrodon|Earth Power|p2a: Breloom\n|-activate|p2a: Breloom|move: Protect\n|\n|-heal|p1a: Gastrodon|100\/100 brn|[from] item: Leftovers\n|-heal|p2a: Breloom|76\/100 tox|[from] ability: Poison Heal\n|-damage|p1a: Gastrodon|94\/100 brn|[from] brn\n|upkeep\n|turn|14\n|\n|t:|1645039122\n|switch|p2a: Azumarill|Azumarill, M|100\/100\n|-damage|p2a: Azumarill|88\/100|[from] Stealth Rock\n|move|p1a: Gastrodon|Ice Beam|p2a: Azumarill\n|-resisted|p2a: Azumarill\n|-damage|p2a: Azumarill|78\/100\n|\n|-heal|p2a: Azumarill|85\/100|[from] item: Leftovers\n|-heal|p1a: Gastrodon|100\/100 brn|[from] item: Leftovers\n|-damage|p1a: Gastrodon|94\/100 brn|[from] brn\n|upkeep\n|turn|15\n|\n|t:|1645039126\n|move|p2a: Azumarill|Play Rough|p1a: Gastrodon\n|-damage|p1a: Gastrodon|82\/100 brn\n|move|p1a: Gastrodon|Earth Power|p2a: Azumarill\n|-crit|p2a: Azumarill\n|-damage|p2a: Azumarill|44\/100\n|\n|-heal|p2a: Azumarill|50\/100|[from] item: Leftovers\n|-heal|p1a: Gastrodon|88\/100 brn|[from] item: Leftovers\n|-damage|p1a: Gastrodon|82\/100 brn|[from] brn\n|upkeep\n|turn|16\n|\n|t:|1645039131\n|move|p2a: Azumarill|Rest|p2a: Azumarill\n|-status|p2a: Azumarill|slp|[from] move: Rest\n|-heal|p2a: Azumarill|100\/100 slp|[silent]\n|move|p1a: Gastrodon|Earth Power|p2a: Azumarill\n|-damage|p2a: Azumarill|74\/100 slp\n|\n|-heal|p2a: Azumarill|80\/100 slp|[from] item: Leftovers\n|-heal|p1a: Gastrodon|88\/100 brn|[from] item: Leftovers\n|-damage|p1a: Gastrodon|82\/100 brn|[from] brn\n|upkeep\n|turn|17\n|\n|t:|1645039135\n|switch|p2a: Breloom|Breloom, M|76\/100 tox\n|-damage|p2a: Breloom|70\/100 tox|[from] Stealth Rock\n|move|p1a: Gastrodon|Earth Power|p2a: Breloom\n|-resisted|p2a: Breloom\n|-damage|p2a: Breloom|46\/100 tox\n|\n|-heal|p1a: Gastrodon|88\/100 brn|[from] item: Leftovers\n|-heal|p2a: Breloom|59\/100 tox|[from] ability: Poison Heal\n|-damage|p1a: Gastrodon|82\/100 brn|[from] brn\n|upkeep\n|turn|18\n|\n|t:|1645039137\n|move|p2a: Breloom|Protect|p2a: Breloom\n|-singleturn|p2a: Breloom|Protect\n|move|p1a: Gastrodon|Ice Beam|p2a: Breloom\n|-activate|p2a: Breloom|move: Protect\n|\n|-heal|p1a: Gastrodon|88\/100 brn|[from] item: Leftovers\n|-heal|p2a: Breloom|71\/100 tox|[from] ability: Poison Heal\n|-damage|p1a: Gastrodon|82\/100 brn|[from] brn\n|upkeep\n|turn|19\n|\n|t:|1645039140\n|move|p2a: Breloom|Substitute|p2a: Breloom\n|-start|p2a: Breloom|Substitute\n|-damage|p2a: Breloom|46\/100 tox\n|move|p1a: Gastrodon|Ice Beam|p2a: Breloom\n|-supereffective|p2a: Breloom\n|-end|p2a: Breloom|Substitute\n|\n|-heal|p1a: Gastrodon|88\/100 brn|[from] item: Leftovers\n|-heal|p2a: Breloom|59\/100 tox|[from] ability: Poison Heal\n|-damage|p1a: Gastrodon|82\/100 brn|[from] brn\n|upkeep\n|turn|20\n|\n|t:|1645039143\n|move|p2a: Breloom|Protect|p2a: Breloom\n|-singleturn|p2a: Breloom|Protect\n|move|p1a: Gastrodon|Recover|p1a: Gastrodon\n|-heal|p1a: Gastrodon|100\/100 brn\n|\n|-heal|p2a: Breloom|71\/100 tox|[from] ability: Poison Heal\n|-damage|p1a: Gastrodon|94\/100 brn|[from] brn\n|upkeep\n|turn|21\n|\n|t:|1645039146\n|move|p2a: Breloom|Substitute|p2a: Breloom\n|-start|p2a: Breloom|Substitute\n|-damage|p2a: Breloom|46\/100 tox\n|move|p1a: Gastrodon|Ice Beam|p2a: Breloom\n|-supereffective|p2a: Breloom\n|-end|p2a: Breloom|Substitute\n|\n|-heal|p1a: Gastrodon|100\/100 brn|[from] item: Leftovers\n|-heal|p2a: Breloom|59\/100 tox|[from] ability: Poison Heal\n|-damage|p1a: Gastrodon|94\/100 brn|[from] brn\n|upkeep\n|turn|22\n|\n|t:|1645039150\n|move|p2a: Breloom|Protect|p2a: Breloom\n|-singleturn|p2a: Breloom|Protect\n|move|p1a: Gastrodon|Ice Beam|p2a: Breloom\n|-activate|p2a: Breloom|move: Protect\n|\n|-heal|p1a: Gastrodon|100\/100 brn|[from] item: Leftovers\n|-heal|p2a: Breloom|71\/100 tox|[from] ability: Poison Heal\n|-damage|p1a: Gastrodon|94\/100 brn|[from] brn\n|upkeep\n|turn|23\n|\n|t:|1645039153\n|switch|p2a: Heatran|Heatran, F|100\/100\n|-damage|p2a: Heatran|88\/100|[from] Stealth Rock\n|move|p1a: Gastrodon|Ice Beam|p2a: Heatran\n|-resisted|p2a: Heatran\n|-damage|p2a: Heatran|85\/100\n|\n|-heal|p2a: Heatran|91\/100|[from] item: Leftovers\n|-heal|p1a: Gastrodon|100\/100 brn|[from] item: Leftovers\n|-damage|p1a: Gastrodon|94\/100 brn|[from] brn\n|upkeep\n|turn|24\n|\n|t:|1645039156\n|move|p2a: Heatran|Protect|p2a: Heatran\n|-singleturn|p2a: Heatran|Protect\n|move|p1a: Gastrodon|Earth Power|p2a: Heatran\n|-activate|p2a: Heatran|move: Protect\n|\n|-heal|p2a: Heatran|97\/100|[from] item: Leftovers\n|-heal|p1a: Gastrodon|100\/100 brn|[from] item: Leftovers\n|-damage|p1a: Gastrodon|94\/100 brn|[from] brn\n|upkeep\n|turn|25\n|\n|t:|1645039161\n|switch|p2a: Clefable|Clefable, F|100\/100\n|-damage|p2a: Clefable|88\/100|[from] Stealth Rock\n|move|p1a: Gastrodon|Earth Power|p2a: Clefable\n|-damage|p2a: Clefable|70\/100\n|\n|-heal|p2a: Clefable|76\/100|[from] item: Leftovers\n|-heal|p1a: Gastrodon|100\/100 brn|[from] item: Leftovers\n|-damage|p1a: Gastrodon|94\/100 brn|[from] brn\n|upkeep\n|turn|26\n|\n|t:|1645039165\n|switch|p1a: Starmie|Starmie|100\/100\n|move|p2a: Clefable|Calm Mind|p2a: Clefable\n|-boost|p2a: Clefable|spa|1\n|-boost|p2a: Clefable|spd|1\n|\n|-heal|p2a: Clefable|82\/100|[from] item: Leftovers\n|upkeep\n|turn|27\n|\n|t:|1645039169\n|move|p1a: Starmie|Hydro Pump|p2a: Clefable\n|-damage|p2a: Clefable|54\/100\n|-damage|p1a: Starmie|91\/100|[from] item: Life Orb\n|move|p2a: Clefable|Calm Mind|p2a: Clefable\n|-boost|p2a: Clefable|spa|1\n|-boost|p2a: Clefable|spd|1\n|\n|-heal|p2a: Clefable|60\/100|[from] item: Leftovers\n|upkeep\n|turn|28\n|\n|t:|1645039178\n|switch|p1a: Feraligatr|Feraligatr, M|100\/100\n|move|p2a: Clefable|Wish|p2a: Clefable\n|\n|-heal|p2a: Clefable|66\/100|[from] item: Leftovers\n|upkeep\n|turn|29\n|\n|t:|1645039185\n|switch|p2a: Rotom|Rotom-Wash|53\/100\n|-damage|p2a: Rotom|41\/100|[from] Stealth Rock\n|move|p1a: Feraligatr|Waterfall|p2a: Rotom\n|-resisted|p2a: Rotom\n|-damage|p2a: Rotom|18\/100\n|\n|-heal|p2a: Rotom|83\/100|[from] move: Wish|[wisher] Clefable\n|-heal|p2a: Rotom|89\/100|[from] item: Leftovers\n|upkeep\n|turn|30\n|\n|t:|1645039195\n|switch|p1a: Gastrodon|Gastrodon, F|94\/100 brn\n|move|p2a: Rotom|Volt Switch|p1a: Gastrodon\n|-immune|p1a: Gastrodon\n|\n|-heal|p2a: Rotom|95\/100|[from] item: Leftovers\n|-heal|p1a: Gastrodon|100\/100 brn|[from] item: Leftovers\n|-damage|p1a: Gastrodon|94\/100 brn|[from] brn\n|upkeep\n|turn|31\n|\n|t:|1645039201\n|switch|p2a: Clefable|Clefable, F|66\/100\n|-damage|p2a: Clefable|54\/100|[from] Stealth Rock\n|switch|p1a: Feraligatr|Feraligatr, M|100\/100\n|\n|-heal|p2a: Clefable|60\/100|[from] item: Leftovers\n|upkeep\n|turn|32\n|\n|t:|1645039211\n|switch|p2a: Azumarill|Azumarill, M|80\/100 slp\n|-damage|p2a: Azumarill|67\/100 slp|[from] Stealth Rock\n|move|p1a: Feraligatr|Waterfall|p2a: Azumarill\n|-resisted|p2a: Azumarill\n|-damage|p2a: Azumarill|45\/100 slp\n|\n|-heal|p2a: Azumarill|51\/100 slp|[from] item: Leftovers\n|upkeep\n|turn|33\n|\n|t:|1645039216\n|switch|p1a: Starmie|Starmie|91\/100\n|cant|p2a: Azumarill|slp\n|move|p2a: Azumarill|Sleep Talk|p2a: Azumarill\n|move|p2a: Azumarill|Scald|p1a: Starmie|[from]move: Sleep Talk\n|-resisted|p1a: Starmie\n|-damage|p1a: Starmie|79\/100\n|\n|-heal|p2a: Azumarill|57\/100 slp|[from] item: Leftovers\n|upkeep\n|turn|34\n|\n|t:|1645039222\n|switch|p2a: Heatran|Heatran, F|97\/100\n|-damage|p2a: Heatran|85\/100|[from] Stealth Rock\n|move|p1a: Starmie|Thunderbolt|p2a: Heatran\n|-crit|p2a: Heatran\n|-damage|p2a: Heatran|42\/100\n|-damage|p1a: Starmie|69\/100|[from] item: Life Orb\n|\n|-heal|p2a: Heatran|48\/100|[from] item: Leftovers\n|upkeep\n|turn|35\n|\n|t:|1645039225\n|move|p2a: Heatran|Protect|p2a: Heatran\n|-singleturn|p2a: Heatran|Protect\n|move|p1a: Starmie|Hydro Pump|p2a: Heatran\n|-activate|p2a: Heatran|move: Protect\n|\n|-heal|p2a: Heatran|54\/100|[from] item: Leftovers\n|upkeep\n|turn|36\n|\n|t:|1645039230\n|switch|p2a: Rotom|Rotom-Wash|95\/100\n|-damage|p2a: Rotom|82\/100|[from] Stealth Rock\n|move|p1a: Starmie|Hydro Pump|p2a: Rotom\n|-resisted|p2a: Rotom\n|-damage|p2a: Rotom|43\/100\n|-damage|p1a: Starmie|59\/100|[from] item: Life Orb\n|\n|-heal|p2a: Rotom|49\/100|[from] item: Leftovers\n|upkeep\n|turn|37\n|\n|t:|1645039234\n|switch|p1a: Gastrodon|Gastrodon, F|94\/100 brn\n|move|p2a: Rotom|Volt Switch|p1a: Gastrodon\n|-immune|p1a: Gastrodon\n|\n|-heal|p2a: Rotom|55\/100|[from] item: Leftovers\n|-heal|p1a: Gastrodon|100\/100 brn|[from] item: Leftovers\n|-damage|p1a: Gastrodon|94\/100 brn|[from] brn\n|upkeep\n|turn|38\n|\n|t:|1645039238\n|switch|p2a: Clefable|Clefable, F|60\/100\n|-damage|p2a: Clefable|47\/100|[from] Stealth Rock\n|move|p1a: Gastrodon|Scald|p2a: Clefable\n|-damage|p2a: Clefable|29\/100\n|\n|-heal|p2a: Clefable|35\/100|[from] item: Leftovers\n|-heal|p1a: Gastrodon|100\/100 brn|[from] item: Leftovers\n|-damage|p1a: Gastrodon|94\/100 brn|[from] brn\n|upkeep\n|turn|39\n|\n|t:|1645039248\n|switch|p1a: Feraligatr|Feraligatr, M|100\/100\n|move|p2a: Clefable|Wish|p2a: Clefable\n|\n|-heal|p2a: Clefable|41\/100|[from] item: Leftovers\n|upkeep\n|turn|40\n|\n|t:|1645039251\n|move|p2a: Clefable|Protect|p2a: Clefable\n|-singleturn|p2a: Clefable|Protect\n|move|p1a: Feraligatr|Dragon Dance|p1a: Feraligatr\n|-boost|p1a: Feraligatr|atk|1\n|-boost|p1a: Feraligatr|spe|1\n|\n|-heal|p2a: Clefable|91\/100|[from] move: Wish|[wisher] Clefable\n|-heal|p2a: Clefable|97\/100|[from] item: Leftovers\n|upkeep\n|turn|41\n|\n|t:|1645039254\n|move|p1a: Feraligatr|Waterfall|p2a: Clefable\n|-damage|p2a: Clefable|33\/100\n|move|p2a: Clefable|Moonblast|p1a: Feraligatr\n|-damage|p1a: Feraligatr|54\/100\n|\n|-heal|p2a: Clefable|39\/100|[from] item: Leftovers\n|upkeep\n|turn|42\n|\n|t:|1645039258\n|move|p1a: Feraligatr|Waterfall|p2a: Clefable\n|-damage|p2a: Clefable|0 fnt\n|faint|p2a: Clefable\n|\n|upkeep\n|\n|t:|1645039261\n|switch|p2a: Azumarill|Azumarill, M|57\/100 slp\n|-damage|p2a: Azumarill|45\/100 slp|[from] Stealth Rock\n|turn|43\n|\n|t:|1645039263\n|move|p1a: Feraligatr|Waterfall|p2a: Azumarill\n|-resisted|p2a: Azumarill\n|-damage|p2a: Azumarill|10\/100 slp\n|cant|p2a: Azumarill|slp\n|move|p2a: Azumarill|Sleep Talk|p2a: Azumarill\n|move|p2a: Azumarill|Play Rough|p1a: Feraligatr|[from]move: Sleep Talk\n|-damage|p1a: Feraligatr|35\/100\n|-unboost|p1a: Feraligatr|atk|1\n|\n|-heal|p2a: Azumarill|16\/100 slp|[from] item: Leftovers\n|upkeep\n|turn|44\n|\n|t:|1645039275\n|move|p1a: Feraligatr|Waterfall|p2a: Azumarill\n|-resisted|p2a: Azumarill\n|-damage|p2a: Azumarill|0 fnt\n|faint|p2a: Azumarill\n|\n|upkeep\n|\n|t:|1645039277\n|switch|p2a: Rotom|Rotom-Wash|55\/100\n|-damage|p2a: Rotom|42\/100|[from] Stealth Rock\n|turn|45\n|\n|t:|1645039279\n|switch|p1a: Gastrodon|Gastrodon, F|94\/100 brn\n|move|p2a: Rotom|Volt Switch|p1a: Gastrodon\n|-immune|p1a: Gastrodon\n|\n|-heal|p2a: Rotom|48\/100|[from] item: Leftovers\n|-heal|p1a: Gastrodon|100\/100 brn|[from] item: Leftovers\n|-damage|p1a: Gastrodon|94\/100 brn|[from] brn\n|upkeep\n|turn|46\n|\n|t:|1645039283\n|switch|p2a: Gliscor|Gliscor, F|99\/100 tox\n|-damage|p2a: Gliscor|86\/100 tox|[from] Stealth Rock\n|move|p1a: Gastrodon|Scald|p2a: Gliscor\n|-supereffective|p2a: Gliscor\n|-damage|p2a: Gliscor|38\/100 tox\n|\n|-heal|p1a: Gastrodon|100\/100 brn|[from] item: Leftovers\n|-heal|p2a: Gliscor|50\/100 tox|[from] ability: Poison Heal\n|-damage|p1a: Gastrodon|94\/100 brn|[from] brn\n|upkeep\n|turn|47\n|\n|t:|1645039285\n|move|p2a: Gliscor|Roost|p2a: Gliscor\n|-heal|p2a: Gliscor|99\/100 tox\n|-singleturn|p2a: Gliscor|move: Roost\n|move|p1a: Gastrodon|Ice Beam|p2a: Gliscor\n|-supereffective|p2a: Gliscor\n|-damage|p2a: Gliscor|60\/100 tox\n|\n|-heal|p1a: Gastrodon|100\/100 brn|[from] item: Leftovers\n|-heal|p2a: Gliscor|73\/100 tox|[from] ability: Poison Heal\n|-damage|p1a: Gastrodon|94\/100 brn|[from] brn\n|upkeep\n|turn|48\n|\n|t:|1645039288\n|move|p2a: Gliscor|Roost|p2a: Gliscor\n|-heal|p2a: Gliscor|100\/100 tox\n|-singleturn|p2a: Gliscor|move: Roost\n|move|p1a: Gastrodon|Scald|p2a: Gliscor\n|-supereffective|p2a: Gliscor\n|-damage|p2a: Gliscor|54\/100 tox\n|\n|-heal|p1a: Gastrodon|100\/100 brn|[from] item: Leftovers\n|-heal|p2a: Gliscor|66\/100 tox|[from] ability: Poison Heal\n|-damage|p1a: Gastrodon|94\/100 brn|[from] brn\n|upkeep\n|turn|49\n|\n|t:|1645039293\n|move|p2a: Gliscor|Roost|p2a: Gliscor\n|-heal|p2a: Gliscor|100\/100 tox\n|-singleturn|p2a: Gliscor|move: Roost\n|move|p1a: Gastrodon|Scald|p2a: Gliscor\n|-supereffective|p2a: Gliscor\n|-damage|p2a: Gliscor|47\/100 tox\n|\n|-heal|p1a: Gastrodon|100\/100 brn|[from] item: Leftovers\n|-heal|p2a: Gliscor|60\/100 tox|[from] ability: Poison Heal\n|-damage|p1a: Gastrodon|94\/100 brn|[from] brn\n|upkeep\n|turn|50\n|c|\u2606stopthreat|gg\n|\n|t:|1645039301\n|move|p2a: Gliscor|Knock Off|p1a: Gastrodon\n|-crit|p1a: Gastrodon\n|-damage|p1a: Gastrodon|72\/100 brn\n|-enditem|p1a: Gastrodon|Leftovers|[from] move: Knock Off|[of] p2a: Gliscor\n|move|p1a: Gastrodon|Scald|p2a: Gliscor\n|-supereffective|p2a: Gliscor\n|-damage|p2a: Gliscor|11\/100 tox\n|\n|-heal|p2a: Gliscor|24\/100 tox|[from] ability: Poison Heal\n|-damage|p1a: Gastrodon|66\/100 brn|[from] brn\n|upkeep\n|turn|51\n|\n|t:|1645039309\n|switch|p1a: Starmie|Starmie|59\/100\n|move|p2a: Gliscor|Roost|p2a: Gliscor\n|-heal|p2a: Gliscor|74\/100 tox\n|-singleturn|p2a: Gliscor|move: Roost\n|\n|-heal|p2a: Gliscor|86\/100 tox|[from] ability: Poison Heal\n|upkeep\n|turn|52\n|\n|t:|1645039314\n|move|p1a: Starmie|Ice Beam|p2a: Gliscor\n|-supereffective|p2a: Gliscor\n|-damage|p2a: Gliscor|0 fnt\n|faint|p2a: Gliscor\n|-damage|p1a: Starmie|49\/100|[from] item: Life Orb\n|\n|upkeep\n|\n|t:|1645039316\n|switch|p2a: Heatran|Heatran, F|54\/100\n|-damage|p2a: Heatran|42\/100|[from] Stealth Rock\n|turn|53\n|\n|t:|1645039318\n|move|p1a: Starmie|Hydro Pump|p2a: Heatran\n|-supereffective|p2a: Heatran\n|-damage|p2a: Heatran|0 fnt\n|faint|p2a: Heatran\n|-damage|p1a: Starmie|39\/100|[from] item: Life Orb\n|\n|upkeep\n|\n|t:|1645039321\n|switch|p2a: Rotom|Rotom-Wash|48\/100\n|-damage|p2a: Rotom|36\/100|[from] Stealth Rock\n|turn|54\n|\n|t:|1645039324\n|move|p1a: Starmie|Thunderbolt|p2a: Rotom\n|-damage|p2a: Rotom|0 fnt\n|faint|p2a: Rotom\n|-damage|p1a: Starmie|29\/100|[from] item: Life Orb\n|\n|upkeep\n|\n|t:|1645039326\n|switch|p2a: Breloom|Breloom, M|71\/100 tox\n|-damage|p2a: Breloom|65\/100 tox|[from] Stealth Rock\n|turn|55\n|\n|t:|1645039328\n|move|p1a: Starmie|Ice Beam|p2a: Breloom\n|-supereffective|p2a: Breloom\n|-damage|p2a: Breloom|0 fnt\n|faint|p2a: Breloom\n|-damage|p1a: Starmie|19\/100|[from] item: Life Orb\n|\n|win|stopthreat\n|raw|stopthreat's rating: 1676 &rarr; <strong>1696<\/strong><br \/>(+20 for winning)\n|raw|The Goomy's rating: 1673 &rarr; <strong>1653<\/strong><br \/>(-20 for losing)\n|l|\u2606The Goomy\n","uploadtime":1645039332,"views":32,"p1id":"stopthreat","p2id":"thegoomy","formatid":"gen8bdspou","rating":1653,"private":0,"password":null}