{"id":"gen8nationaldex-1565741718","p1":"Senpai_1987","p2":"yung_iznamakin","format":"gen8nationaldex","log":"|j|\u2606Senpai_1987\n|j|\u2606yung_iznamakin\n|t:|1651464543\n|gametype|singles\n|player|p1|Senpai_1987|pokemonrangerf|1319\n|player|p2|yung_iznamakin|kukui-stand|1385\n|teamsize|p1|6\n|teamsize|p2|6\n|gen|8\n|tier|[Gen 8] National Dex\n|rated|\n|rule|HP Percentage Mod: HP is shown in percentages\n|rule|Endless Battle Clause: Forcing endless battles is banned\n|rule|OHKO Clause: OHKO moves are banned\n|rule|Evasion Moves Clause: Evasion moves are banned\n|rule|Species Clause: Limit one of each Pok\u00e9mon\n|rule|Dynamax Clause: You cannot dynamax\n|rule|Sleep Clause Mod: Limit one foe put to sleep\n|clearpoke\n|poke|p1|Kartana|\n|poke|p1|Galvantula, M|\n|poke|p1|Nihilego|\n|poke|p1|Banette, F|\n|poke|p1|Buzzwole|\n|poke|p1|Milotic, F|\n|poke|p2|Charizard, M|\n|poke|p2|Greninja, M|\n|poke|p2|Nidoking, M|\n|poke|p2|Kommo-o, M|\n|poke|p2|Blissey, F|\n|poke|p2|Corviknight, M|\n|teampreview\n|inactive|Battle timer is ON: inactive players will automatically lose when time's up. (requested by Senpai_1987)\n|\n|t:|1651464558\n|start\n|switch|p1a: Webbs|Galvantula, M, shiny|100\/100\n|switch|p2a: Charizard|Charizard, M|100\/100\n|turn|1\n|\n|t:|1651464563\n|detailschange|p2a: Charizard|Charizard-Mega-X, M\n|-mega|p2a: Charizard|Charizard|Charizardite X\n|move|p1a: Webbs|Sticky Web|p2a: Charizard\n|-sidestart|p2: yung_iznamakin|move: Sticky Web\n|move|p2a: Charizard|Dragon Dance|p2a: Charizard\n|-boost|p2a: Charizard|atk|1\n|-boost|p2a: Charizard|spe|1\n|\n|upkeep\n|turn|2\n|\n|t:|1651464582\n|move|p2a: Charizard|Dragon Dance|p2a: Charizard\n|-boost|p2a: Charizard|atk|1\n|-boost|p2a: Charizard|spe|1\n|move|p1a: Webbs|Thunder|p2a: Charizard\n|-resisted|p2a: Charizard\n|-damage|p2a: Charizard|69\/100\n|\n|upkeep\n|turn|3\n|\n|t:|1651464588\n|move|p2a: Charizard|Dragon Dance|p2a: Charizard\n|-boost|p2a: Charizard|atk|1\n|-boost|p2a: Charizard|spe|1\n|move|p1a: Webbs|Thunder|p2a: Charizard\n|-resisted|p2a: Charizard\n|-damage|p2a: Charizard|37\/100\n|-status|p2a: Charizard|par\n|\n|upkeep\n|turn|4\n|\n|t:|1651464596\n|move|p2a: Charizard|Roost|p2a: Charizard\n|-heal|p2a: Charizard|87\/100 par\n|-singleturn|p2a: Charizard|move: Roost\n|move|p1a: Webbs|Thunder|p2a: Charizard\n|-resisted|p2a: Charizard\n|-damage|p2a: Charizard|58\/100 par\n|\n|upkeep\n|turn|5\n|\n|t:|1651464602\n|move|p2a: Charizard|Dragon Dance|p2a: Charizard\n|-boost|p2a: Charizard|atk|1\n|-boost|p2a: Charizard|spe|1\n|move|p1a: Webbs|Thunder|p2a: Charizard\n|-resisted|p2a: Charizard\n|-damage|p2a: Charizard|28\/100 par\n|\n|upkeep\n|turn|6\n|\n|t:|1651464608\n|move|p2a: Charizard|Roost|p2a: Charizard\n|-heal|p2a: Charizard|78\/100 par\n|-singleturn|p2a: Charizard|move: Roost\n|move|p1a: Webbs|Thunder|p2a: Charizard\n|-resisted|p2a: Charizard\n|-damage|p2a: Charizard|49\/100 par\n|\n|upkeep\n|turn|7\n|\n|t:|1651464613\n|move|p2a: Charizard|Roost|p2a: Charizard\n|-heal|p2a: Charizard|99\/100 par\n|-singleturn|p2a: Charizard|move: Roost\n|move|p1a: Webbs|Thunder|p2a: Charizard\n|-resisted|p2a: Charizard\n|-damage|p2a: Charizard|70\/100 par\n|\n|upkeep\n|turn|8\n|\n|t:|1651464619\n|move|p2a: Charizard|Dragon Dance|p2a: Charizard\n|-boost|p2a: Charizard|atk|1\n|-boost|p2a: Charizard|spe|1\n|move|p1a: Webbs|Thunder|p2a: Charizard\n|-resisted|p2a: Charizard\n|-damage|p2a: Charizard|41\/100 par\n|\n|upkeep\n|turn|9\n|\n|t:|1651464627\n|switch|p1a: Glass Cannon|Nihilego, shiny|100\/100\n|move|p2a: Charizard|Roost|p2a: Charizard\n|-heal|p2a: Charizard|91\/100 par\n|-singleturn|p2a: Charizard|move: Roost\n|\n|upkeep\n|turn|10\n|\n|t:|1651464632\n|cant|p2a: Charizard|par\n|move|p1a: Glass Cannon|Meteor Beam||[still]\n|-prepare|p1a: Glass Cannon|Meteor Beam\n|-boost|p1a: Glass Cannon|spa|1\n|-enditem|p1a: Glass Cannon|Power Herb\n|-anim|p1a: Glass Cannon|Meteor Beam|p2a: Charizard\n|-supereffective|p2a: Charizard\n|-damage|p2a: Charizard|0 fnt\n|faint|p2a: Charizard\n|-ability|p1a: Glass Cannon|Beast Boost|boost\n|-boost|p1a: Glass Cannon|spa|1\n|\n|upkeep\n|-message|yung_iznamakin forfeited.\n|\n|win|Senpai_1987\n|raw|Senpai_1987's rating: 1319 &rarr; <strong>1343<\/strong><br \/>(+24 for winning)\n|raw|yung_iznamakin's rating: 1385 &rarr; <strong>1361<\/strong><br \/>(-24 for losing)\n|l|\u2606yung_iznamakin\n","uploadtime":1651464644,"views":8,"p1id":"senpai1987","p2id":"yungiznamakin","formatid":"gen8nationaldex","rating":1343,"private":0,"password":null}