{"id":"gen8nationaldex-1662203973","p1":"zer527","p2":"BiteSizeEgg","format":"gen8nationaldex","log":"|j|\u2606zer527\n|j|\u2606BiteSizeEgg\n|t:|1662967547\n|gametype|singles\n|player|p1|zer527|101|1466\n|player|p2|BiteSizeEgg|265|1574\n|teamsize|p1|6\n|teamsize|p2|6\n|gen|8\n|tier|[Gen 8] National Dex\n|rated|\n|rule|HP Percentage Mod: HP is shown in percentages\n|rule|Endless Battle Clause: Forcing endless battles is banned\n|rule|OHKO Clause: OHKO moves are banned\n|rule|Evasion Moves Clause: Evasion moves are banned\n|rule|Species Clause: Limit one of each Pok\u00e9mon\n|rule|Dynamax Clause: You cannot dynamax\n|rule|Sleep Clause Mod: Limit one foe put to sleep\n|clearpoke\n|poke|p1|Gallade, M|\n|poke|p1|Tapu Lele|\n|poke|p1|Landorus-Therian, M|\n|poke|p1|Melmetal|\n|poke|p1|Rotom-Wash|\n|poke|p1|Clefable, M|\n|poke|p2|Diancie|\n|poke|p2|Magnezone|\n|poke|p2|Kartana|\n|poke|p2|Gliscor, F|\n|poke|p2|Tapu Fini|\n|poke|p2|Weavile, M|\n|teampreview\n|inactive|Battle timer is ON: inactive players will automatically lose when time's up. (requested by BiteSizeEgg)\n|\n|t:|1662967567\n|start\n|switch|p1a: Landorus|Landorus-Therian, M|100\/100\n|switch|p2a: Diancie|Diancie|100\/100\n|-ability|p1a: Landorus|Intimidate|boost\n|-fail|p2a: Diancie|unboost|[from] ability: Clear Body|[of] p2a: Diancie\n|turn|1\n|\n|t:|1662967576\n|detailschange|p2a: Diancie|Diancie-Mega\n|-mega|p2a: Diancie|Diancie|Diancite\n|move|p2a: Diancie|Protect|p2a: Diancie\n|-singleturn|p2a: Diancie|Protect\n|move|p1a: Landorus|U-turn|p2a: Diancie\n|-activate|p2a: Diancie|move: Protect\n|\n|upkeep\n|turn|2\n|\n|t:|1662967584\n|move|p1a: Landorus|U-turn|p2a: Diancie\n|-resisted|p2a: Diancie\n|-damage|p2a: Diancie|80\/100\n|\n|t:|1662967590\n|switch|p1a: Melmetal|Melmetal|100\/100|[from]move: U-turn\n|move|p2a: Diancie|Moonblast|p1a: Melmetal\n|-resisted|p1a: Melmetal\n|-damage|p1a: Melmetal|85\/100\n|\n|upkeep\n|turn|3\n|\n|t:|1662967605\n|move|p2a: Diancie|Stealth Rock|p1a: Melmetal\n|-sidestart|p1: zer527|move: Stealth Rock\n|move|p1a: Melmetal|Double Iron Bash|p2a: Diancie\n|-supereffective|p2a: Diancie\n|-damage|p2a: Diancie|0 fnt\n|faint|p2a: Diancie\n|-hitcount|p2: Diancie|1\n|\n|upkeep\n|\n|t:|1662967613\n|switch|p2a: Magnezone|Magnezone|100\/100\n|turn|4\n|\n|t:|1662967616\n|-zpower|p2a: Magnezone\n|move|p2a: Magnezone|Gigavolt Havoc|p1a: Melmetal|[zeffect]\n|-damage|p1a: Melmetal|31\/100\n|move|p1a: Melmetal|Earthquake|p2a: Magnezone\n|-supereffective|p2a: Magnezone\n|-damage|p2a: Magnezone|0 fnt\n|faint|p2a: Magnezone\n|\n|upkeep\n|inactive|BiteSizeEgg has 120 seconds left.\n|\n|t:|1662967652\n|switch|p2a: Kartana|Kartana|100\/100\n|turn|5\n|\n|t:|1662967661\n|switch|p1a: Clefable|Clefable, M|100\/100\n|move|p2a: Kartana|Sacred Sword|p1a: Clefable\n|-resisted|p1a: Clefable\n|-damage|p1a: Clefable|84\/100\n|-damage|p2a: Kartana|84\/100|[from] item: Rocky Helmet|[of] p1a: Clefable\n|\n|upkeep\n|turn|6\n|\n|t:|1662967670\n|switch|p2a: Gliscor|Gliscor, F|100\/100\n|move|p1a: Clefable|Stealth Rock|p2a: Gliscor\n|-sidestart|p2: BiteSizeEgg|move: Stealth Rock\n|\n|-status|p2a: Gliscor|tox|[from] item: Toxic Orb\n|upkeep\n|turn|7\n|\n|t:|1662967689\n|switch|p1a: Rotom|Rotom-Wash|100\/100\n|-damage|p1a: Rotom|88\/100|[from] Stealth Rock\n|move|p2a: Gliscor|Swords Dance|p2a: Gliscor\n|-boost|p2a: Gliscor|atk|2\n|\n|-heal|p1a: Rotom|94\/100|[from] item: Leftovers\n|upkeep\n|turn|8\n|\n|t:|1662967700\n|move|p2a: Gliscor|Facade|p1a: Rotom\n|-damage|p1a: Rotom|28\/100\n|move|p1a: Rotom|Hydro Pump|p2a: Gliscor\n|-supereffective|p2a: Gliscor\n|-damage|p2a: Gliscor|32\/100 tox\n|\n|-heal|p1a: Rotom|34\/100|[from] item: Leftovers\n|-heal|p2a: Gliscor|45\/100 tox|[from] ability: Poison Heal\n|upkeep\n|turn|9\n|inactive|zer527 has 120 seconds left.\n|\n|t:|1662967743\n|move|p2a: Gliscor|Roost|p2a: Gliscor\n|-heal|p2a: Gliscor|95\/100 tox\n|-singleturn|p2a: Gliscor|move: Roost\n|move|p1a: Rotom|Hydro Pump|p2a: Gliscor\n|-supereffective|p2a: Gliscor\n|-damage|p2a: Gliscor|23\/100 tox\n|\n|-heal|p1a: Rotom|40\/100|[from] item: Leftovers\n|-heal|p2a: Gliscor|36\/100 tox|[from] ability: Poison Heal\n|upkeep\n|turn|10\n|\n|t:|1662967761\n|move|p2a: Gliscor|Roost|p2a: Gliscor\n|-heal|p2a: Gliscor|86\/100 tox\n|-singleturn|p2a: Gliscor|move: Roost\n|move|p1a: Rotom|Pain Split|p2a: Gliscor\n|-sethp|p2a: Gliscor|60\/100 tox|[from] move: Pain Split|[silent]\n|-sethp|p1a: Rotom|69\/100|[from] move: Pain Split\n|\n|-heal|p1a: Rotom|75\/100|[from] item: Leftovers\n|-heal|p2a: Gliscor|72\/100 tox|[from] ability: Poison Heal\n|upkeep\n|turn|11\n|\n|t:|1662967772\n|move|p2a: Gliscor|Facade|p1a: Rotom\n|-damage|p1a: Rotom|6\/100\n|move|p1a: Rotom|Hydro Pump|p2a: Gliscor\n|-supereffective|p2a: Gliscor\n|-damage|p2a: Gliscor|0 fnt\n|faint|p2a: Gliscor\n|\n|-heal|p1a: Rotom|12\/100|[from] item: Leftovers\n|upkeep\n|\n|t:|1662967781\n|switch|p2a: Kartana|Kartana|84\/100\n|-damage|p2a: Kartana|78\/100|[from] Stealth Rock\n|turn|12\n|\n|t:|1662967799\n|switch|p1a: Landorus|Landorus-Therian, M|100\/100\n|-damage|p1a: Landorus|88\/100|[from] Stealth Rock\n|-ability|p1a: Landorus|Intimidate|boost\n|-unboost|p2a: Kartana|atk|1\n|move|p2a: Kartana|Leaf Blade|p1a: Landorus\n|-damage|p1a: Landorus|45\/100\n|\n|upkeep\n|turn|13\n|inactive|zer527 has 90 seconds left.\n|\n|t:|1662967820\n|move|p2a: Kartana|Leaf Blade|p1a: Landorus\n|-crit|p1a: Landorus\n|-damage|p1a: Landorus|0 fnt\n|faint|p1a: Landorus\n|-ability|p2a: Kartana|Beast Boost|boost\n|-boost|p2a: Kartana|atk|1\n|\n|upkeep\n|inactive|zer527 has 90 seconds left.\n|\n|t:|1662967829\n|switch|p1a: Clefable|Clefable, M|84\/100\n|turn|14\n|\n|t:|1662967833\n|switch|p2a: Tapu Fini|Tapu Fini|100\/100\n|-damage|p2a: Tapu Fini|88\/100|[from] Stealth Rock\n|-fieldstart|move: Misty Terrain|[from] ability: Misty Surge|[of] p2a: Tapu Fini\n|move|p1a: Clefable|Healing Wish|p1a: Clefable\n|faint|p1a: Clefable\n|\n|-heal|p2a: Tapu Fini|94\/100|[from] item: Leftovers\n|upkeep\n|inactive|zer527 has 90 seconds left.\n|\n|t:|1662967848\n|switch|p1a: Tapu Lele|Tapu Lele|100\/100\n|-damage|p1a: Tapu Lele|88\/100|[from] Stealth Rock\n|-fieldstart|move: Psychic Terrain|[from] ability: Psychic Surge|[of] p1a: Tapu Lele\n|turn|15\n|\n|t:|1662967858\n|switch|p2a: Weavile|Weavile, M|100\/100\n|-damage|p2a: Weavile|76\/100|[from] Stealth Rock\n|-ability|p2a: Weavile|Pressure\n|move|p1a: Tapu Lele|Psyshock|p2a: Weavile\n|-immune|p2a: Weavile\n|\n|upkeep\n|turn|16\n|inactive|zer527 has 90 seconds left.\n|\n|t:|1662967876\n|switch|p1a: Melmetal|Melmetal|31\/100\n|-heal|p1a: Melmetal|100\/100|[from] move: Healing Wish\n|-damage|p1a: Melmetal|94\/100|[from] Stealth Rock\n|move|p2a: Weavile|Triple Axel|p1a: Melmetal\n|-resisted|p1a: Melmetal\n|-damage|p1a: Melmetal|91\/100\n|-resisted|p1a: Melmetal\n|-damage|p1a: Melmetal|85\/100\n|-resisted|p1a: Melmetal\n|-damage|p1a: Melmetal|75\/100\n|-hitcount|p1a: Melmetal|3\n|\n|upkeep\n|turn|17\n|inactive|zer527 has 90 seconds left.\n|\n|t:|1662967890\n|move|p2a: Weavile|Knock Off|p1a: Melmetal\n|-damage|p1a: Melmetal|47\/100\n|-enditem|p1a: Melmetal|Assault Vest|[from] move: Knock Off|[of] p2a: Weavile\n|move|p1a: Melmetal|Double Iron Bash|p2a: Weavile\n|-supereffective|p2a: Weavile\n|-damage|p2a: Weavile|0 fnt\n|faint|p2a: Weavile\n|-hitcount|p2: Weavile|1\n|\n|upkeep\n|\n|t:|1662967893\n|switch|p2a: Tapu Fini|Tapu Fini|94\/100\n|-damage|p2a: Tapu Fini|82\/100|[from] Stealth Rock\n|-fieldstart|move: Misty Terrain|[from] ability: Misty Surge|[of] p2a: Tapu Fini\n|turn|18\n|\n|t:|1662967905\n|switch|p1a: Tapu Lele|Tapu Lele|88\/100\n|-damage|p1a: Tapu Lele|76\/100|[from] Stealth Rock\n|-fieldstart|move: Psychic Terrain|[from] ability: Psychic Surge|[of] p1a: Tapu Lele\n|move|p2a: Tapu Fini|Scald|p1a: Tapu Lele\n|-damage|p1a: Tapu Lele|56\/100\n|-status|p1a: Tapu Lele|brn\n|\n|-heal|p2a: Tapu Fini|88\/100|[from] item: Leftovers\n|-damage|p1a: Tapu Lele|50\/100 brn|[from] brn\n|upkeep\n|turn|19\n|inactive|zer527 has 90 seconds left.\n|\n|t:|1662967930\n|switch|p2a: Kartana|Kartana|78\/100\n|-damage|p2a: Kartana|72\/100|[from] Stealth Rock\n|move|p1a: Tapu Lele|Psyshock|p2a: Kartana\n|-resisted|p2a: Kartana\n|-damage|p2a: Kartana|43\/100\n|\n|-damage|p1a: Tapu Lele|44\/100 brn|[from] brn\n|upkeep\n|turn|20\n|inactive|zer527 has 90 seconds left.\n|inactive|BiteSizeEgg has 120 seconds left.\n|\n|t:|1662967949\n|switch|p1a: Rotom|Rotom-Wash|12\/100\n|-damage|p1a: Rotom|0 fnt|[from] Stealth Rock\n|faint|p1a: Rotom\n|move|p2a: Kartana|Leaf Blade|p1: Rotom|[notarget]\n|-fail|p2a: Kartana\n|\n|upkeep\n|inactive|zer527 has 90 seconds left.\n|\n|t:|1662967975\n|switch|p1a: Melmetal|Melmetal|47\/100\n|-damage|p1a: Melmetal|41\/100|[from] Stealth Rock\n|turn|21\n|\n|t:|1662967983\n|switch|p2a: Tapu Fini|Tapu Fini|88\/100\n|-damage|p2a: Tapu Fini|76\/100|[from] Stealth Rock\n|-fieldstart|move: Misty Terrain|[from] ability: Misty Surge|[of] p2a: Tapu Fini\n|move|p1a: Melmetal|Double Iron Bash|p2a: Tapu Fini\n|-damage|p2a: Tapu Fini|45\/100\n|-damage|p2a: Tapu Fini|14\/100\n|-hitcount|p2a: Tapu Fini|2\n|\n|-heal|p2a: Tapu Fini|20\/100|[from] item: Leftovers\n|upkeep\n|turn|22\n|\n|t:|1662967999\n|switch|p1a: Tapu Lele|Tapu Lele|44\/100 brn\n|-damage|p1a: Tapu Lele|32\/100 brn|[from] Stealth Rock\n|-fieldstart|move: Psychic Terrain|[from] ability: Psychic Surge|[of] p1a: Tapu Lele\n|move|p2a: Tapu Fini|Scald|p1a: Tapu Lele\n|-damage|p1a: Tapu Lele|14\/100 brn\n|\n|-heal|p2a: Tapu Fini|26\/100|[from] item: Leftovers\n|-damage|p1a: Tapu Lele|8\/100 brn|[from] brn\n|upkeep\n|turn|23\n|\n|t:|1662968019\n|move|p1a: Tapu Lele|Future Sight|p2a: Tapu Fini\n|-start|p1a: Tapu Lele|move: Future Sight\n|move|p2a: Tapu Fini|Scald|p1a: Tapu Lele\n|-crit|p1a: Tapu Lele\n|-damage|p1a: Tapu Lele|0 fnt\n|faint|p1a: Tapu Lele\n|\n|-heal|p2a: Tapu Fini|33\/100|[from] item: Leftovers\n|upkeep\n|\n|t:|1662968028\n|switch|p1a: Gallade|Gallade, M|100\/100\n|-damage|p1a: Gallade|94\/100|[from] Stealth Rock\n|turn|24\n|\n|t:|1662968036\n|detailschange|p1a: Gallade|Gallade-Mega, M\n|-mega|p1a: Gallade|Gallade|Galladite\n|move|p1a: Gallade|Zen Headbutt|p2a: Tapu Fini\n|-damage|p2a: Tapu Fini|0 fnt\n|faint|p2a: Tapu Fini\n|\n|upkeep\n|\n|t:|1662968039\n|switch|p2a: Kartana|Kartana|43\/100\n|-damage|p2a: Kartana|36\/100|[from] Stealth Rock\n|turn|25\n|\n|t:|1662968047\n|move|p2a: Kartana|Leaf Blade|p1a: Gallade\n|-damage|p1a: Gallade|13\/100\n|move|p1a: Gallade|Close Combat|p2a: Kartana\n|-supereffective|p2a: Kartana\n|-damage|p2a: Kartana|0 fnt\n|-unboost|p1a: Gallade|def|1\n|-unboost|p1a: Gallade|spd|1\n|faint|p2a: Kartana\n|\n|win|zer527\n|raw|zer527's rating: 1466 &rarr; <strong>1492<\/strong><br \/>(+26 for winning)\n|raw|BiteSizeEgg's rating: 1574 &rarr; <strong>1548<\/strong><br \/>(-26 for losing)\n","uploadtime":1662968059,"views":22,"p1id":"zer527","p2id":"bitesizeegg","formatid":"gen8nationaldex","rating":1492,"private":0,"password":null}