{"id":"gen8bdspou-1683138707","p1":"Midori 2004","p2":"MurderousMantyke","format":"gen8bdspou","log":"|j|\u2606Midori 2004\n|j|\u2606MurderousMantyke\n|t:|1665501211\n|gametype|singles\n|player|p1|Midori 2004|leaf-masters|1347\n|player|p2|MurderousMantyke|#helpstaffxmas|1404\n|teamsize|p1|6\n|teamsize|p2|6\n|gen|8\n|tier|[Gen 8 BDSP] OU\n|rated|\n|rule|Sleep Clause Mod: Limit one foe put to sleep\n|rule|Species Clause: Limit one of each Pok\u00e9mon\n|rule|OHKO Clause: OHKO moves are banned\n|rule|Evasion Items Clause: Evasion items are banned\n|rule|Evasion Moves Clause: Evasion moves are banned\n|rule|Endless Battle Clause: Forcing endless battles is banned\n|rule|HP Percentage Mod: HP is shown in percentages\n|clearpoke\n|poke|p1|Espeon, F|\n|poke|p1|Alakazam, F|\n|poke|p1|Azelf|\n|poke|p1|Lucario, M|\n|poke|p1|Azumarill, F|\n|poke|p1|Scizor, M|\n|poke|p2|Celebi|\n|poke|p2|Feraligatr, F|\n|poke|p2|Garchomp, M|\n|poke|p2|Infernape, M|\n|poke|p2|Latias, F|\n|poke|p2|Scizor, M|\n|teampreview\n|c|\u2606MurderousMantyke|hf\n|c|\u2606Midori 2004|u2\n|j| igiveuponaname\n|\n|t:|1665501248\n|start\n|switch|p1a: Espeon|Espeon, F|100\/100\n|switch|p2a: Celebi|Celebi|100\/100\n|turn|1\n|\n|t:|1665501254\n|move|p2a: Celebi|U-turn|p1a: Espeon\n|-supereffective|p1a: Espeon\n|-damage|p1a: Espeon|54\/100\n|\n|t:|1665501257\n|switch|p2a: Scizor|Scizor, M|100\/100|[from]move: U-turn\n|move|p1a: Espeon|Reflect|p1a: Espeon\n|-sidestart|p1: Midori 2004|Reflect\n|\n|upkeep\n|turn|2\n|\n|t:|1665501268\n|move|p1a: Espeon|Light Screen|p1a: Espeon\n|-sidestart|p1: Midori 2004|move: Light Screen\n|move|p2a: Scizor|Swords Dance|p2a: Scizor\n|-boost|p2a: Scizor|atk|2\n|\n|upkeep\n|turn|3\n|\n|t:|1665501272\n|move|p1a: Espeon|Yawn|p2a: Scizor\n|-start|p2a: Scizor|move: Yawn|[of] p1a: Espeon\n|move|p2a: Scizor|U-turn|p1a: Espeon\n|-supereffective|p1a: Espeon\n|-damage|p1a: Espeon|0 fnt\n|faint|p1a: Espeon\n|\n|t:|1665501279\n|switch|p2a: Garchomp|Garchomp, M|100\/100|[from]move: U-turn\n|\n|upkeep\n|\n|t:|1665501295\n|switch|p1a: Azumarill|Azumarill, F|100\/100\n|turn|4\n|\n|t:|1665501299\n|move|p2a: Garchomp|Earthquake|p1a: Azumarill\n|-damage|p1a: Azumarill|65\/100\n|-damage|p2a: Garchomp|91\/100|[from] item: Life Orb\n|move|p1a: Azumarill|Play Rough|p2a: Garchomp\n|-supereffective|p2a: Garchomp\n|-damage|p2a: Garchomp|0 fnt\n|-damage|p1a: Azumarill|52\/100|[from] ability: Rough Skin|[of] p2a: Garchomp\n|faint|p2a: Garchomp\n|\n|upkeep\n|\n|t:|1665501307\n|switch|p2a: Celebi|Celebi|100\/100\n|turn|5\n|\n|t:|1665501332\n|switch|p1a: Scizor|Scizor, M|100\/100\n|move|p2a: Celebi|Leaf Storm|p1a: Scizor\n|-resisted|p1a: Scizor\n|-damage|p1a: Scizor|91\/100\n|-unboost|p2a: Celebi|spa|2\n|\n|upkeep\n|turn|6\n|\n|t:|1665501357\n|switch|p2a: Scizor|Scizor, M|100\/100\n|move|p1a: Scizor|Brick Break|p2a: Scizor\n|-damage|p2a: Scizor|71\/100\n|-damage|p1a: Scizor|81\/100|[from] item: Life Orb\n|\n|-heal|p2a: Scizor|78\/100|[from] item: Leftovers\n|upkeep\n|turn|7\n|\n|t:|1665501367\n|move|p1a: Scizor|Swords Dance|p1a: Scizor\n|-boost|p1a: Scizor|atk|2\n|move|p2a: Scizor|Swords Dance|p2a: Scizor\n|-boost|p2a: Scizor|atk|2\n|\n|-heal|p2a: Scizor|84\/100|[from] item: Leftovers\n|upkeep\n|turn|8\n|\n|t:|1665501380\n|move|p1a: Scizor|Swords Dance|p1a: Scizor\n|-boost|p1a: Scizor|atk|2\n|move|p2a: Scizor|Roost|p2a: Scizor\n|-heal|p2a: Scizor|100\/100\n|-singleturn|p2a: Scizor|move: Roost\n|\n|-sideend|p1: Midori 2004|Reflect\n|upkeep\n|turn|9\n|\n|t:|1665501385\n|move|p1a: Scizor|Brick Break|p2a: Scizor\n|-damage|p2a: Scizor|6\/100\n|-damage|p1a: Scizor|71\/100|[from] item: Life Orb\n|move|p2a: Scizor|U-turn|p1a: Scizor\n|-resisted|p1a: Scizor\n|-damage|p1a: Scizor|34\/100\n|j| Skittyrox\n|j| LT_Alt1\n|\n|t:|1665501463\n|switch|p2a: Infernape|Infernape, M|100\/100|[from]move: U-turn\n|\n|-sideend|p1: Midori 2004|move: Light Screen\n|upkeep\n|turn|10\n|\n|t:|1665501468\n|move|p2a: Infernape|Mach Punch|p1a: Scizor\n|-damage|p1a: Scizor|3\/100\n|move|p1a: Scizor|Quick Attack|p2a: Infernape\n|-damage|p2a: Infernape|0 fnt\n|faint|p2a: Infernape\n|-damage|p1a: Scizor|0 fnt|[from] item: Life Orb\n|faint|p1a: Scizor\n|\n|upkeep\n|\n|t:|1665501481\n|switch|p2a: Celebi|Celebi|100\/100\n|switch|p1a: Azelf|Azelf|100\/100\n|turn|11\n|\n|t:|1665501492\n|move|p2a: Celebi|U-turn|p1a: Azelf\n|-supereffective|p1a: Azelf\n|-damage|p1a: Azelf|58\/100\n|\n|t:|1665501497\n|switch|p2a: Scizor|Scizor, M|6\/100|[from]move: U-turn\n|move|p1a: Azelf|Shadow Ball|p2a: Scizor\n|-damage|p2a: Scizor|0 fnt\n|faint|p2a: Scizor\n|-damage|p1a: Azelf|48\/100|[from] item: Life Orb\n|\n|upkeep\n|\n|t:|1665501502\n|switch|p2a: Feraligatr|Feraligatr, F|100\/100\n|turn|12\n|\n|t:|1665501506\n|move|p1a: Azelf|Psychic|p2a: Feraligatr\n|-damage|p2a: Feraligatr|10\/100\n|-damage|p1a: Azelf|38\/100|[from] item: Life Orb\n|move|p2a: Feraligatr|Dragon Dance|p2a: Feraligatr\n|-boost|p2a: Feraligatr|atk|1\n|-boost|p2a: Feraligatr|spe|1\n|\n|upkeep\n|turn|13\n|\n|t:|1665501526\n|move|p2a: Feraligatr|Waterfall|p1a: Azelf\n|-damage|p1a: Azelf|0 fnt\n|faint|p1a: Azelf\n|\n|upkeep\n|\n|t:|1665501532\n|switch|p1a: Lucario|Lucario, M|100\/100\n|turn|14\n|\n|t:|1665501535\n|move|p1a: Lucario|Extreme Speed|p2a: Feraligatr\n|-damage|p2a: Feraligatr|0 fnt\n|faint|p2a: Feraligatr\n|-damage|p1a: Lucario|91\/100|[from] item: Life Orb\n|\n|upkeep\n|\n|t:|1665501538\n|switch|p2a: Latias|Latias, F|100\/100\n|turn|15\n|\n|t:|1665501556\n|switch|p1a: Azumarill|Azumarill, F|52\/100\n|move|p2a: Latias|Calm Mind|p2a: Latias\n|-boost|p2a: Latias|spa|1\n|-boost|p2a: Latias|spd|1\n|\n|upkeep\n|turn|16\n|\n|t:|1665501561\n|move|p2a: Latias|Psychic|p1a: Azumarill\n|-damage|p1a: Azumarill|0 fnt\n|faint|p1a: Azumarill\n|\n|upkeep\n|\n|t:|1665501563\n|switch|p1a: Alakazam|Alakazam, F|100\/100\n|turn|17\n|\n|t:|1665501571\n|move|p1a: Alakazam|Shadow Ball|p2a: Latias\n|-supereffective|p2a: Latias\n|-damage|p2a: Latias|53\/100\n|-unboost|p2a: Latias|spd|1\n|move|p2a: Latias|Psychic|p1a: Alakazam\n|-resisted|p1a: Alakazam\n|-damage|p1a: Alakazam|50\/100\n|\n|upkeep\n|turn|18\n|\n|t:|1665501578\n|move|p1a: Alakazam|Shadow Ball|p2a: Latias\n|-supereffective|p2a: Latias\n|-damage|p2a: Latias|0 fnt\n|faint|p2a: Latias\n|\n|upkeep\n|\n|t:|1665501580\n|switch|p2a: Celebi|Celebi|100\/100\n|turn|19\n|\n|t:|1665501590\n|move|p2a: Celebi|Psychic|p1a: Alakazam\n|-resisted|p1a: Alakazam\n|-damage|p1a: Alakazam|20\/100\n|-unboost|p1a: Alakazam|spd|1\n|move|p1a: Alakazam|Shadow Ball|p2a: Celebi\n|-supereffective|p2a: Celebi\n|-damage|p2a: Celebi|24\/100\n|\n|upkeep\n|turn|20\n|\n|t:|1665501594\n|move|p2a: Celebi|Psychic|p1a: Alakazam\n|-resisted|p1a: Alakazam\n|-damage|p1a: Alakazam|0 fnt\n|faint|p1a: Alakazam\n|\n|upkeep\n|c|\u2606Midori 2004|gg\n|\n|t:|1665501597\n|switch|p1a: Lucario|Lucario, M|91\/100\n|turn|21\n|c|\u2606MurderousMantyke|gg\n|\n|t:|1665501600\n|move|p1a: Lucario|Extreme Speed|p2a: Celebi\n|-damage|p2a: Celebi|0 fnt\n|faint|p2a: Celebi\n|-damage|p1a: Lucario|81\/100|[from] item: Life Orb\n|\n|win|Midori 2004\n|raw|Midori 2004's rating: 1347 &rarr; <strong>1370<\/strong><br \/>(+23 for winning)\n|raw|MurderousMantyke's rating: 1404 &rarr; <strong>1381<\/strong><br \/>(-23 for losing)\n|l|\u2606MurderousMantyke\n|l| igiveuponaname\n||Ladder isn't responding, score probably updated but might not have (Request timeout).\n","uploadtime":1665501608,"views":33,"p1id":"midori2004","p2id":"murderousmantyke","formatid":"gen8bdspou","rating":1370,"private":0,"password":null}