{"id":"gen8uu-1153063613","p1":"Rorschach I","p2":"Shiny Fire Bird","format":"gen8uu","log":"|j|\u2606Rorschach I\n|j|\u2606Shiny Fire Bird\n|player|p1|Rorschach I|cynthia|1646\n|player|p2|Shiny Fire Bird|youngster-gen4|1440\n|teamsize|p1|6\n|teamsize|p2|6\n|gametype|singles\n|gen|8\n|tier|[Gen 8] UU\n|rated|\n|clearpoke\n|poke|p1|Terrakion|\n|poke|p1|Kyurem|\n|poke|p1|Crawdaunt, F|\n|poke|p1|Jirachi|\n|poke|p1|Rotom-Wash|\n|poke|p1|Mimikyu, M|\n|poke|p2|Sylveon, F|\n|poke|p2|Rotom-Mow|\n|poke|p2|Scyther, F|\n|poke|p2|Lycanroc-Dusk, M|\n|poke|p2|Cobalion|\n|poke|p2|Gastrodon, F|\n|rule|Sleep Clause Mod: Limit one foe put to sleep\n|rule|Species Clause: Limit one of each Pok\u00e9mon\n|rule|OHKO Clause: OHKO moves are banned\n|rule|Evasion Moves Clause: Evasion moves are banned\n|rule|Endless Battle Clause: Forcing endless battles is banned\n|rule|HP Percentage Mod: HP is shown in percentages\n|rule|Dynamax Clause: You cannot dynamax\n|teampreview\n|inactive|Battle timer is ON: inactive players will automatically lose when time's up. (requested by Shiny Fire Bird)\n|\n|start\n|switch|p1a: Terrakion|Terrakion|100\/100\n|switch|p2a: Motor-Mow|Rotom-Mow|100\/100\n|turn|1\n|\n|move|p2a: Motor-Mow|Trick|p1a: Terrakion\n|-activate|p2a: Motor-Mow|move: Trick|[of] p1a: Terrakion\n|-item|p1a: Terrakion|Choice Scarf|[from] move: Trick\n|-item|p2a: Motor-Mow|Focus Sash|[from] move: Trick\n|move|p1a: Terrakion|Stealth Rock|p2a: Motor-Mow\n|-sidestart|p2: Shiny Fire Bird|move: Stealth Rock\n|\n|upkeep\n|turn|2\n|\n|switch|p1a: Jirachi|Jirachi|100\/100\n|move|p2a: Motor-Mow|Defog|p1a: Jirachi\n|-unboost|p1a: Jirachi|evasion|1\n|-sideend|p2: Shiny Fire Bird|Stealth Rock|[from] move: Defog|[of] p2a: Motor-Mow\n|\n|upkeep\n|turn|3\n|j| Hey Sailor!\n|\n|move|p1a: Jirachi|U-turn|p2a: Motor-Mow\n|-supereffective|p2a: Motor-Mow\n|-damage|p2a: Motor-Mow|50\/100\n|j| Hebrews 11-1\n|\n|switch|p1a: Terrakion|Terrakion|100\/100|[from]move: U-turn\n|move|p2a: Motor-Mow|Volt Switch|p1a: Terrakion\n|-damage|p1a: Terrakion|61\/100\n|\n|switch|p2a: Amazon Jeff|Scyther, F|100\/100|[from]move: Volt Switch\n|\n|upkeep\n|turn|4\n|\n|switch|p2a: SlugTerror|Gastrodon, F|100\/100\n|move|p1a: Terrakion|Stealth Rock|p2a: SlugTerror\n|-sidestart|p2: Shiny Fire Bird|move: Stealth Rock\n|\n|upkeep\n|turn|5\n|\n|switch|p1a: Kyurem|Kyurem|100\/100\n|-ability|p1a: Kyurem|Pressure\n|move|p2a: SlugTerror|Toxic|p1a: Kyurem\n|-status|p1a: Kyurem|tox\n|\n|-damage|p1a: Kyurem|94\/100 tox|[from] psn\n|upkeep\n|turn|6\n|\n|switch|p2a: Friendship|Sylveon, F|100\/100\n|-damage|p2a: Friendship|88\/100|[from] Stealth Rock\n|move|p1a: Kyurem|Ice Beam|p2a: Friendship\n|-damage|p2a: Friendship|47\/100\n|\n|-heal|p2a: Friendship|53\/100|[from] item: Leftovers\n|-damage|p1a: Kyurem|82\/100 tox|[from] psn\n|upkeep\n|turn|7\n|\n|move|p1a: Kyurem|Ice Beam|p2a: Friendship\n|-damage|p2a: Friendship|13\/100\n|move|p2a: Friendship|Mystical Fire|p1a: Kyurem\n|-damage|p1a: Kyurem|65\/100 tox\n|-unboost|p1a: Kyurem|spa|1\n|\n|-heal|p2a: Friendship|19\/100|[from] item: Leftovers\n|-damage|p1a: Kyurem|47\/100 tox|[from] psn\n|upkeep\n|turn|8\n|\n|move|p2a: Friendship|Protect|p2a: Friendship\n|-singleturn|p2a: Friendship|Protect\n|move|p1a: Kyurem|Ice Beam|p2a: Friendship\n|-activate|p2a: Friendship|move: Protect\n|\n|-heal|p2a: Friendship|25\/100|[from] item: Leftovers\n|-damage|p1a: Kyurem|22\/100 tox|[from] psn\n|upkeep\n|turn|9\n|\n|switch|p1a: Rotom|Rotom-Wash|100\/100\n|switch|p2a: MetalDeerSolid|Cobalion|100\/100\n|-damage|p2a: MetalDeerSolid|97\/100|[from] Stealth Rock\n|\n|upkeep\n|turn|10\n|\n|switch|p1a: Jirachi|Jirachi|100\/100\n|move|p2a: MetalDeerSolid|Stealth Rock|p1a: Jirachi\n|-sidestart|p1: Rorschach I|move: Stealth Rock\n|\n|upkeep\n|turn|11\n|\n|move|p1a: Jirachi|Trick|p2a: MetalDeerSolid\n|-activate|p1a: Jirachi|move: Trick|[of] p2a: MetalDeerSolid\n|-item|p2a: MetalDeerSolid|Choice Scarf|[from] move: Trick\n|-item|p1a: Jirachi|Shuca Berry|[from] move: Trick\n|move|p2a: MetalDeerSolid|Iron Head|p1a: Jirachi\n|-resisted|p1a: Jirachi\n|-damage|p1a: Jirachi|84\/100\n|\n|upkeep\n|turn|12\n|\n|switch|p2a: Friendship|Sylveon, F|25\/100\n|-damage|p2a: Friendship|13\/100|[from] Stealth Rock\n|move|p1a: Jirachi|U-turn|p2a: Friendship\n|-resisted|p2a: Friendship\n|-damage|p2a: Friendship|3\/100\n|\n|switch|p1a: Crawdaunt|Crawdaunt, F|100\/100|[from]move: U-turn\n|-damage|p1a: Crawdaunt|88\/100|[from] Stealth Rock\n|\n|-heal|p2a: Friendship|9\/100|[from] item: Leftovers\n|upkeep\n|turn|13\n|\n|move|p1a: Crawdaunt|Crabhammer|p2a: Friendship\n|-damage|p2a: Friendship|0 fnt\n|-damage|p1a: Crawdaunt|78\/100|[from] item: Life Orb\n|faint|p2a: Friendship\n|\n|upkeep\n|\n|switch|p2a: Amazon Jeff|Scyther, F|100\/100\n|turn|14\n|j| Friedolin\n|\n|switch|p1a: Terrakion|Terrakion|61\/100\n|-damage|p1a: Terrakion|55\/100|[from] Stealth Rock\n|move|p2a: Amazon Jeff|Dual Wingbeat|p1a: Terrakion\n|-damage|p1a: Terrakion|24\/100\n|-damage|p1a: Terrakion|0 fnt\n|-hitcount|p1a: Terrakion|2\n|faint|p1a: Terrakion\n|\n|upkeep\n|\n|switch|p1a: Jirachi|Jirachi|84\/100\n|-damage|p1a: Jirachi|78\/100|[from] Stealth Rock\n|turn|15\n|\n|move|p2a: Amazon Jeff|Knock Off|p1a: Jirachi\n|-supereffective|p1a: Jirachi\n|-damage|p1a: Jirachi|14\/100\n|-enditem|p1a: Jirachi|Shuca Berry|[from] move: Knock Off|[of] p2a: Amazon Jeff\n|move|p1a: Jirachi|U-turn|p2a: Amazon Jeff\n|-resisted|p2a: Amazon Jeff\n|-damage|p2a: Amazon Jeff|86\/100\n|inactive|Rorschach I has 120 seconds left.\n|-message|Rorschach I forfeited.\n|\n|win|Shiny Fire Bird\n|l|\u2606Rorschach I\n|c|\u2606Shiny Fire Bird|Gg\n|l| Hey Sailor!\n|raw|Rorschach I's rating: 1646 &rarr; <strong>1615<\/strong><br \/>(-31 for losing)\n|raw|Shiny Fire Bird's rating: 1434 &rarr; <strong>1465<\/strong><br \/>(+31 for winning)\n|l|\u2606Shiny Fire Bird\n|j|\u2606Shiny Fire Bird\n|player|p2|Shiny Fire Bird|youngster-gen4\n","uploadtime":1595024832,"views":23,"p1id":"rorschachi","p2id":"shinyfirebird","formatid":"gen8uu","rating":1465,"private":0,"password":null}