{"id":"gen8uu-1703534275","p1":"bizarman","p2":"Oudatoma","format":"gen8uu","log":"|j|\u2606bizarman\n|j|\u2606Oudatoma\n|t:|1667672320\n|gametype|singles\n|player|p1|bizarman|scientist-gen4|1423\n|player|p2|Oudatoma|lucas-gen4pt|1363\n|teamsize|p1|6\n|teamsize|p2|6\n|gen|8\n|tier|[Gen 8] UU\n|rated|\n|rule|Sleep Clause Mod: Limit one foe put to sleep\n|rule|Species Clause: Limit one of each Pok\u00e9mon\n|rule|OHKO Clause: OHKO moves are banned\n|rule|Evasion Items Clause: Evasion items are banned\n|rule|Evasion Moves Clause: Evasion moves are banned\n|rule|Endless Battle Clause: Forcing endless battles is banned\n|rule|HP Percentage Mod: HP is shown in percentages\n|rule|Dynamax Clause: You cannot dynamax\n|clearpoke\n|poke|p1|Primarina, M|\n|poke|p1|Hydreigon, F|\n|poke|p1|Scizor, M|\n|poke|p1|Hippowdon, M|\n|poke|p1|Tangrowth, M|\n|poke|p1|Moltres|\n|poke|p2|Primarina, M|\n|poke|p2|Hydreigon, F|\n|poke|p2|Scizor, M|\n|poke|p2|Hippowdon, M|\n|poke|p2|Tangrowth, M|\n|poke|p2|Moltres|\n|teampreview\n|inactive|Battle timer is ON: inactive players will automatically lose when time's up. (requested by bizarman)\n|c|\u2606Oudatoma|amusons-nous\n|c|\u2606bizarman|yep\n|\n|t:|1667672355\n|start\n|switch|p1a: Primarina|Primarina, M|100\/100\n|switch|p2a: Moltres|Moltres|100\/100\n|turn|1\n|\n|t:|1667672363\n|switch|p2a: Tangrowth|Tangrowth, M|100\/100\n|move|p1a: Primarina|Flip Turn|p2a: Tangrowth\n|-resisted|p2a: Tangrowth\n|-damage|p2a: Tangrowth|96\/100\n|\n|t:|1667672372\n|switch|p1a: Scizor|Scizor, M|100\/100|[from]move: Flip Turn\n|\n|upkeep\n|turn|2\n|\n|t:|1667672378\n|switch|p2a: Scizor|Scizor, M|100\/100\n|move|p1a: Scizor|Knock Off|p2a: Scizor\n|-damage|p2a: Scizor|75\/100\n|-enditem|p2a: Scizor|Heavy-Duty Boots|[from] move: Knock Off|[of] p1a: Scizor\n|\n|upkeep\n|turn|3\n|\n|t:|1667672385\n|switch|p1a: Moltres|Moltres|100\/100\n|move|p2a: Scizor|U-turn|p1a: Moltres\n|-resisted|p1a: Moltres\n|-damage|p1a: Moltres|93\/100\n|\n|t:|1667672393\n|switch|p2a: Hydreigon|Hydreigon, F|100\/100|[from]move: U-turn\n|\n|upkeep\n|turn|4\n|\n|t:|1667672402\n|switch|p1a: Primarina|Primarina, M|100\/100\n|move|p2a: Hydreigon|U-turn|p1a: Primarina\n|-resisted|p1a: Primarina\n|-damage|p1a: Primarina|90\/100\n|\n|t:|1667672410\n|switch|p2a: Tangrowth|Tangrowth, M|100\/100|[from]move: U-turn\n|\n|upkeep\n|turn|5\n|\n|t:|1667672416\n|move|p1a: Primarina|Flip Turn|p2a: Tangrowth\n|-resisted|p2a: Tangrowth\n|-damage|p2a: Tangrowth|96\/100\n|\n|t:|1667672422\n|switch|p1a: Scizor|Scizor, M|100\/100|[from]move: Flip Turn\n|move|p2a: Tangrowth|Knock Off|p1a: Scizor\n|-damage|p1a: Scizor|80\/100\n|-enditem|p1a: Scizor|Heavy-Duty Boots|[from] move: Knock Off|[of] p2a: Tangrowth\n|\n|upkeep\n|turn|6\n|\n|t:|1667672436\n|switch|p2a: Scizor|Scizor, M|75\/100\n|move|p1a: Scizor|U-turn|p2a: Scizor\n|-resisted|p2a: Scizor\n|-damage|p2a: Scizor|62\/100\n|\n|t:|1667672444\n|switch|p1a: Hippowdon|Hippowdon, M|100\/100|[from]move: U-turn\n|-weather|Sandstorm|[from] ability: Sand Stream|[of] p1a: Hippowdon\n|\n|-weather|Sandstorm|[upkeep]\n|upkeep\n|turn|7\n|\n|t:|1667672453\n|move|p2a: Scizor|Knock Off|p1a: Hippowdon\n|-damage|p1a: Hippowdon|80\/100\n|-enditem|p1a: Hippowdon|Leftovers|[from] move: Knock Off|[of] p2a: Scizor\n|move|p1a: Hippowdon|Stealth Rock|p2a: Scizor\n|-sidestart|p2: Oudatoma|move: Stealth Rock\n|\n|-weather|Sandstorm|[upkeep]\n|upkeep\n|turn|8\n|\n|t:|1667672460\n|switch|p1a: Moltres|Moltres|93\/100\n|move|p2a: Scizor|Roost|p2a: Scizor\n|-heal|p2a: Scizor|100\/100\n|-singleturn|p2a: Scizor|move: Roost\n|\n|-weather|Sandstorm|[upkeep]\n|-damage|p1a: Moltres|87\/100|[from] Sandstorm\n|upkeep\n|turn|9\n|\n|t:|1667672470\n|switch|p2a: Moltres|Moltres|100\/100\n|move|p1a: Moltres|Hurricane|p2a: Moltres|[miss]\n|-miss|p1a: Moltres|p2a: Moltres\n|\n|-weather|Sandstorm|[upkeep]\n|-damage|p1a: Moltres|81\/100|[from] Sandstorm\n|-damage|p2a: Moltres|94\/100|[from] Sandstorm\n|upkeep\n|turn|10\n|\n|t:|1667672478\n|move|p1a: Moltres|Hurricane|p2a: Moltres|[miss]\n|-miss|p1a: Moltres|p2a: Moltres\n|move|p2a: Moltres|Defog|p1a: Moltres\n|-unboost|p1a: Moltres|evasion|1\n|-sideend|p2: Oudatoma|Stealth Rock|[from] move: Defog|[of] p2a: Moltres\n|\n|-weather|none\n|upkeep\n|turn|11\n|c|\u2606Oudatoma|dsl\n|c|\u2606bizarman|ah ce jeu\n|\n|t:|1667672510\n|move|p2a: Moltres|Flamethrower|p1a: Moltres\n|-resisted|p1a: Moltres\n|-damage|p1a: Moltres|64\/100\n|move|p1a: Moltres|Hurricane|p2a: Moltres\n|-damage|p2a: Moltres|52\/100\n|-start|p2a: Moltres|confusion\n|\n|upkeep\n|turn|12\n|inactive|Oudatoma has 120 seconds left.\n|\n|t:|1667672540\n|move|p1a: Moltres|Hurricane|p2a: Moltres|[miss]\n|-miss|p1a: Moltres|p2a: Moltres\n|-activate|p2a: Moltres|confusion\n|move|p2a: Moltres|Hurricane|p1a: Moltres\n|-damage|p1a: Moltres|19\/100\n|\n|upkeep\n|turn|13\n|inactive|Oudatoma has 120 seconds left.\n|\n|t:|1667672554\n|switch|p2a: Hydreigon|Hydreigon, F|100\/100\n|switch|p1a: Hippowdon|Hippowdon, M|80\/100\n|-weather|Sandstorm|[from] ability: Sand Stream|[of] p1a: Hippowdon\n|\n|-weather|Sandstorm|[upkeep]\n|-damage|p2a: Hydreigon|94\/100|[from] Sandstorm\n|upkeep\n|turn|14\n|inactive|Oudatoma has 120 seconds left.\n|\n|t:|1667672565\n|move|p2a: Hydreigon|Dark Pulse|p1a: Hippowdon\n|-damage|p1a: Hippowdon|47\/100\n|move|p1a: Hippowdon|Toxic|p2a: Hydreigon\n|-status|p2a: Hydreigon|tox\n|\n|-weather|Sandstorm|[upkeep]\n|-damage|p2a: Hydreigon|88\/100 tox|[from] Sandstorm\n|-damage|p2a: Hydreigon|82\/100 tox|[from] psn\n|upkeep\n|turn|15\n|inactive|Oudatoma has 120 seconds left.\n|\n|t:|1667672573\n|move|p2a: Hydreigon|Dark Pulse|p1a: Hippowdon\n|-damage|p1a: Hippowdon|13\/100\n|move|p1a: Hippowdon|Slack Off|p1a: Hippowdon\n|-heal|p1a: Hippowdon|63\/100\n|\n|-weather|Sandstorm|[upkeep]\n|-damage|p2a: Hydreigon|76\/100 tox|[from] Sandstorm\n|-damage|p2a: Hydreigon|64\/100 tox|[from] psn\n|upkeep\n|turn|16\n|\n|t:|1667672582\n|switch|p2a: Hippowdon|Hippowdon, M|100\/100\n|switch|p1a: Primarina|Primarina, M|90\/100\n|\n|-weather|Sandstorm|[upkeep]\n|-damage|p1a: Primarina|84\/100|[from] Sandstorm\n|upkeep\n|turn|17\n|\n|t:|1667672590\n|switch|p2a: Tangrowth|Tangrowth, M|100\/100\n|move|p1a: Primarina|Hydro Pump|p2a: Tangrowth\n|-resisted|p2a: Tangrowth\n|-damage|p2a: Tangrowth|65\/100\n|\n|-weather|none\n|upkeep\n|turn|18\n|\n|t:|1667672606\n|switch|p1a: Scizor|Scizor, M|80\/100\n|switch|p2a: Moltres|Moltres|52\/100\n|\n|upkeep\n|turn|19\n|\n|t:|1667672612\n|switch|p1a: Primarina|Primarina, M|84\/100\n|move|p2a: Moltres|Roost|p2a: Moltres\n|-heal|p2a: Moltres|100\/100\n|-singleturn|p2a: Moltres|move: Roost\n|\n|upkeep\n|turn|20\n|\n|t:|1667672619\n|move|p2a: Moltres|Hurricane|p1a: Primarina\n|-damage|p1a: Primarina|37\/100\n|move|p1a: Primarina|Flip Turn|p2a: Moltres\n|-supereffective|p2a: Moltres\n|-damage|p2a: Moltres|71\/100\n|\n|t:|1667672626\n|switch|p1a: Hippowdon|Hippowdon, M|63\/100|[from]move: Flip Turn\n|-weather|Sandstorm|[from] ability: Sand Stream|[of] p1a: Hippowdon\n|\n|-weather|Sandstorm|[upkeep]\n|-damage|p2a: Moltres|65\/100|[from] Sandstorm\n|upkeep\n|turn|21\n|inactive|Oudatoma has 120 seconds left.\n|\n|t:|1667672665\n|switch|p2a: Hippowdon|Hippowdon, M|100\/100\n|move|p1a: Hippowdon|Stealth Rock|p2a: Hippowdon\n|-sidestart|p2: Oudatoma|move: Stealth Rock\n|\n|-weather|Sandstorm|[upkeep]\n|upkeep\n|turn|22\n|inactive|Oudatoma has 120 seconds left.\n|\n|t:|1667672678\n|switch|p1a: Moltres|Moltres|19\/100\n|move|p2a: Hippowdon|Stealth Rock|p1a: Moltres\n|-sidestart|p1: bizarman|move: Stealth Rock\n|\n|-weather|Sandstorm|[upkeep]\n|-damage|p1a: Moltres|13\/100|[from] Sandstorm\n|upkeep\n|turn|23\n|\n|t:|1667672686\n|move|p1a: Moltres|Roost|p1a: Moltres\n|-heal|p1a: Moltres|63\/100\n|-singleturn|p1a: Moltres|move: Roost\n|move|p2a: Hippowdon|Toxic|p1a: Moltres\n|-status|p1a: Moltres|tox\n|\n|-weather|Sandstorm|[upkeep]\n|-damage|p1a: Moltres|57\/100 tox|[from] Sandstorm\n|-damage|p1a: Moltres|51\/100 tox|[from] psn\n|upkeep\n|turn|24\n|inactive|Oudatoma has 120 seconds left.\n|\n|t:|1667672703\n|switch|p1a: Scizor|Scizor, M|80\/100\n|-damage|p1a: Scizor|68\/100|[from] Stealth Rock\n|move|p2a: Hippowdon|Slack Off||[still]\n|-fail|p2a: Hippowdon|heal\n|\n|-weather|none\n|upkeep\n|turn|25\n|\n|t:|1667672712\n|switch|p2a: Scizor|Scizor, M|100\/100\n|-damage|p2a: Scizor|88\/100|[from] Stealth Rock\n|move|p1a: Scizor|Knock Off|p2a: Scizor\n|-damage|p2a: Scizor|70\/100\n|\n|upkeep\n|turn|26\n|\n|t:|1667672722\n|move|p1a: Scizor|Roost|p1a: Scizor\n|-heal|p1a: Scizor|100\/100\n|-singleturn|p1a: Scizor|move: Roost\n|move|p2a: Scizor|U-turn|p1a: Scizor\n|-resisted|p1a: Scizor\n|-damage|p1a: Scizor|86\/100\n|inactive|Oudatoma has 120 seconds left.\n|\n|t:|1667672744\n|switch|p2a: Moltres|Moltres|65\/100|[from]move: U-turn\n|\n|upkeep\n|turn|27\n|\n|t:|1667672763\n|switch|p2a: Hippowdon|Hippowdon, M|100\/100\n|-damage|p2a: Hippowdon|94\/100|[from] Stealth Rock\n|-weather|Sandstorm|[from] ability: Sand Stream|[of] p2a: Hippowdon\n|switch|p1a: Hippowdon|Hippowdon, M|63\/100\n|-damage|p1a: Hippowdon|56\/100|[from] Stealth Rock\n|\n|-weather|Sandstorm|[upkeep]\n|-heal|p2a: Hippowdon|100\/100|[from] item: Leftovers\n|upkeep\n|turn|28\n|inactive|Oudatoma has 90 seconds left.\n|\n|t:|1667672793\n|move|p2a: Hippowdon|Toxic|p1a: Hippowdon\n|-status|p1a: Hippowdon|tox\n|move|p1a: Hippowdon|Toxic|p2a: Hippowdon\n|-status|p2a: Hippowdon|tox\n|\n|-weather|Sandstorm|[upkeep]\n|-damage|p1a: Hippowdon|50\/100 tox|[from] psn\n|-damage|p2a: Hippowdon|94\/100 tox|[from] psn\n|upkeep\n|turn|29\n|inactive|Oudatoma has 90 seconds left.\n|\n|t:|1667672803\n|switch|p2a: Hydreigon|Hydreigon, F|64\/100 tox\n|-damage|p2a: Hydreigon|51\/100 tox|[from] Stealth Rock\n|move|p1a: Hippowdon|Slack Off|p1a: Hippowdon\n|-heal|p1a: Hippowdon|99\/100 tox\n|\n|-weather|Sandstorm|[upkeep]\n|-damage|p2a: Hydreigon|45\/100 tox|[from] Sandstorm\n|-damage|p2a: Hydreigon|39\/100 tox|[from] psn\n|-damage|p1a: Hippowdon|88\/100 tox|[from] psn\n|upkeep\n|turn|30\n|\n|t:|1667672820\n|move|p2a: Hydreigon|Roost|p2a: Hydreigon\n|-heal|p2a: Hydreigon|89\/100 tox\n|-singleturn|p2a: Hydreigon|move: Roost\n|move|p1a: Hippowdon|Toxic|p2a: Hydreigon\n|-fail|p2a: Hydreigon|tox\n|\n|-weather|Sandstorm|[upkeep]\n|-damage|p2a: Hydreigon|83\/100 tox|[from] Sandstorm\n|-damage|p2a: Hydreigon|71\/100 tox|[from] psn\n|-damage|p1a: Hippowdon|69\/100 tox|[from] psn\n|upkeep\n|turn|31\n|\n|t:|1667672835\n|switch|p2a: Scizor|Scizor, M|70\/100\n|-damage|p2a: Scizor|58\/100|[from] Stealth Rock\n|switch|p1a: Moltres|Moltres|51\/100 tox\n|\n|-weather|none\n|-damage|p1a: Moltres|45\/100 tox|[from] psn\n|upkeep\n|turn|32\n|c|\u2606Oudatoma|nice\n|c|\u2606bizarman|^^\n|inactive|Oudatoma has 90 seconds left.\n|\n|t:|1667672852\n|switch|p2a: Hydreigon|Hydreigon, F|71\/100 tox\n|-damage|p2a: Hydreigon|58\/100 tox|[from] Stealth Rock\n|move|p1a: Moltres|Hurricane|p2a: Hydreigon\n|-damage|p2a: Hydreigon|8\/100 tox\n|\n|-damage|p2a: Hydreigon|2\/100 tox|[from] psn\n|-damage|p1a: Moltres|33\/100 tox|[from] psn\n|upkeep\n|turn|33\n|inactive|Oudatoma has 90 seconds left.\n|\n|t:|1667672866\n|move|p2a: Hydreigon|U-turn|p1a: Moltres\n|-resisted|p1a: Moltres\n|-damage|p1a: Moltres|29\/100 tox\n|inactive|Oudatoma has 90 seconds left.\n|\n|t:|1667672884\n|switch|p2a: Hippowdon|Hippowdon, M|94\/100 tox|[from]move: U-turn\n|-damage|p2a: Hippowdon|88\/100 tox|[from] Stealth Rock\n|-weather|Sandstorm|[from] ability: Sand Stream|[of] p2a: Hippowdon\n|move|p1a: Moltres|Roost|p1a: Moltres\n|-heal|p1a: Moltres|79\/100 tox\n|-singleturn|p1a: Moltres|move: Roost\n|\n|-weather|Sandstorm|[upkeep]\n|-damage|p1a: Moltres|73\/100 tox|[from] Sandstorm\n|-heal|p2a: Hippowdon|94\/100 tox|[from] item: Leftovers\n|-damage|p1a: Moltres|55\/100 tox|[from] psn\n|-damage|p2a: Hippowdon|88\/100 tox|[from] psn\n|upkeep\n|turn|34\n|\n|t:|1667672902\n|switch|p1a: Scizor|Scizor, M|86\/100\n|-damage|p1a: Scizor|73\/100|[from] Stealth Rock\n|move|p2a: Hippowdon|Earthquake|p1a: Scizor\n|-damage|p1a: Scizor|43\/100\n|\n|-weather|Sandstorm|[upkeep]\n|-heal|p2a: Hippowdon|94\/100 tox|[from] item: Leftovers\n|-damage|p2a: Hippowdon|82\/100 tox|[from] psn\n|upkeep\n|turn|35\n|\n|t:|1667672913\n|switch|p2a: Moltres|Moltres|65\/100\n|move|p1a: Scizor|Knock Off|p2a: Moltres\n|-damage|p2a: Moltres|34\/100\n|-enditem|p2a: Moltres|Heavy-Duty Boots|[from] move: Knock Off|[of] p1a: Scizor\n|\n|-weather|Sandstorm|[upkeep]\n|-damage|p2a: Moltres|28\/100|[from] Sandstorm\n|upkeep\n|turn|36\n|c|\u2606Oudatoma|raaah\n|\n|t:|1667672922\n|switch|p1a: Hydreigon|Hydreigon, F|100\/100\n|-damage|p1a: Hydreigon|88\/100|[from] Stealth Rock\n|move|p2a: Moltres|Defog|p1a: Hydreigon\n|-unboost|p1a: Hydreigon|evasion|1\n|-sideend|p1: bizarman|Stealth Rock|[from] move: Defog|[of] p2a: Moltres\n|-sideend|p2: Oudatoma|Stealth Rock|[from] move: Defog|[of] p2a: Moltres\n|\n|-weather|Sandstorm|[upkeep]\n|-damage|p1a: Hydreigon|82\/100|[from] Sandstorm\n|-damage|p2a: Moltres|22\/100|[from] Sandstorm\n|upkeep\n|turn|37\n|inactive|Oudatoma has 90 seconds left.\n|\n|t:|1667672936\n|switch|p2a: Hippowdon|Hippowdon, M|82\/100 tox\n|move|p1a: Hydreigon|Dark Pulse|p2a: Hippowdon\n|-damage|p2a: Hippowdon|45\/100 tox\n|\n|-weather|none\n|-heal|p2a: Hippowdon|52\/100 tox|[from] item: Leftovers\n|-damage|p2a: Hippowdon|45\/100 tox|[from] psn\n|upkeep\n|turn|38\n|inactive|Oudatoma has 90 seconds left.\n|\n|t:|1667672958\n|switch|p2a: Primarina|Primarina, M, shiny|100\/100\n|move|p1a: Hydreigon|Dark Pulse|p2a: Primarina\n|-resisted|p2a: Primarina\n|-damage|p2a: Primarina|79\/100\n|\n|upkeep\n|turn|39\n|\n|t:|1667672964\n|switch|p1a: Tangrowth|Tangrowth, M|100\/100\n|move|p2a: Primarina|Moonblast|p1a: Tangrowth\n|-damage|p1a: Tangrowth|41\/100\n|\n|upkeep\n|turn|40\n|\n|t:|1667672978\n|switch|p1a: Moltres|Moltres|55\/100 tox\n|move|p2a: Primarina|Moonblast|p1a: Moltres\n|-resisted|p1a: Moltres\n|-damage|p1a: Moltres|11\/100 tox\n|\n|-damage|p1a: Moltres|5\/100 tox|[from] psn\n|upkeep\n|turn|41\n|inactive|Oudatoma has 90 seconds left.\n|c|\u2606bizarman|ouch\n|\n|t:|1667672991\n|switch|p2a: Hippowdon|Hippowdon, M|45\/100 tox\n|-weather|Sandstorm|[from] ability: Sand Stream|[of] p2a: Hippowdon\n|move|p1a: Moltres|Hurricane|p2a: Hippowdon\n|-damage|p2a: Hippowdon|5\/100 tox\n|-start|p2a: Hippowdon|confusion\n|\n|-weather|Sandstorm|[upkeep]\n|-damage|p1a: Moltres|0 fnt|[from] Sandstorm\n|faint|p1a: Moltres\n|-heal|p2a: Hippowdon|12\/100 tox|[from] item: Leftovers\n|-damage|p2a: Hippowdon|5\/100 tox|[from] psn\n|upkeep\n|\n|t:|1667673014\n|switch|p1a: Scizor|Scizor, M|43\/100\n|turn|42\n|\n|t:|1667673024\n|switch|p2a: Moltres|Moltres|22\/100\n|move|p1a: Scizor|Roost|p1a: Scizor\n|-heal|p1a: Scizor|93\/100\n|-singleturn|p1a: Scizor|move: Roost\n|\n|-weather|Sandstorm|[upkeep]\n|-damage|p2a: Moltres|16\/100|[from] Sandstorm\n|upkeep\n|turn|43\n|\n|t:|1667673035\n|switch|p1a: Hippowdon|Hippowdon, M|69\/100 tox\n|move|p2a: Moltres|Roost|p2a: Moltres\n|-heal|p2a: Moltres|66\/100\n|-singleturn|p2a: Moltres|move: Roost\n|\n|-weather|Sandstorm|[upkeep]\n|-damage|p2a: Moltres|60\/100|[from] Sandstorm\n|-damage|p1a: Hippowdon|63\/100 tox|[from] psn\n|upkeep\n|turn|44\n|\n|t:|1667673045\n|move|p2a: Moltres|Flamethrower|p1a: Hippowdon\n|-damage|p1a: Hippowdon|31\/100 tox\n|move|p1a: Hippowdon|Stealth Rock|p2a: Moltres\n|-sidestart|p2: Oudatoma|move: Stealth Rock\n|\n|-weather|Sandstorm|[upkeep]\n|-damage|p2a: Moltres|54\/100|[from] Sandstorm\n|-damage|p1a: Hippowdon|18\/100 tox|[from] psn\n|upkeep\n|turn|45\n|inactive|Oudatoma has 90 seconds left.\n|\n|t:|1667673071\n|switch|p2a: Scizor|Scizor, M|58\/100\n|-damage|p2a: Scizor|45\/100|[from] Stealth Rock\n|switch|p1a: Hydreigon|Hydreigon, F|82\/100\n|\n|-weather|none\n|upkeep\n|turn|46\n|inactive|Oudatoma has 90 seconds left.\n|\n|t:|1667673084\n|switch|p1a: Scizor|Scizor, M|93\/100\n|switch|p2a: Hippowdon|Hippowdon, M|5\/100 tox\n|-damage|p2a: Hippowdon|0 fnt|[from] Stealth Rock\n|faint|p2a: Hippowdon\n|\n|upkeep\n|\n|t:|1667673098\n|switch|p2a: Scizor|Scizor, M|45\/100\n|-damage|p2a: Scizor|33\/100|[from] Stealth Rock\n|turn|47\n|\n|t:|1667673108\n|move|p1a: Scizor|U-turn|p2a: Scizor\n|-resisted|p2a: Scizor\n|-damage|p2a: Scizor|20\/100\n|\n|t:|1667673117\n|switch|p1a: Hydreigon|Hydreigon, F|82\/100|[from]move: U-turn\n|move|p2a: Scizor|Roost|p2a: Scizor\n|-heal|p2a: Scizor|70\/100\n|-singleturn|p2a: Scizor|move: Roost\n|\n|upkeep\n|turn|48\n|\n|t:|1667673132\n|switch|p2a: Tangrowth|Tangrowth, M|98\/100\n|-damage|p2a: Tangrowth|86\/100|[from] Stealth Rock\n|move|p1a: Hydreigon|Dark Pulse|p2a: Tangrowth\n|-damage|p2a: Tangrowth|55\/100\n|\n|upkeep\n|turn|49\n|inactive|Oudatoma has 90 seconds left.\n|\n|t:|1667673158\n|switch|p1a: Scizor|Scizor, M|93\/100\n|move|p2a: Tangrowth|Knock Off|p1a: Scizor\n|-damage|p1a: Scizor|79\/100\n|\n|upkeep\n|turn|50\n|inactive|Oudatoma has 90 seconds left.\n|\n|t:|1667673176\n|switch|p2a: Scizor|Scizor, M|70\/100\n|-damage|p2a: Scizor|58\/100|[from] Stealth Rock\n|move|p1a: Scizor|U-turn|p2a: Scizor\n|-resisted|p2a: Scizor\n|-damage|p2a: Scizor|44\/100\n|\n|t:|1667673181\n|switch|p1a: Hydreigon|Hydreigon, F|82\/100|[from]move: U-turn\n|\n|upkeep\n|turn|51\n|inactive|Oudatoma has 90 seconds left.\n|\n|t:|1667673201\n|switch|p2a: Primarina|Primarina, M, shiny|79\/100\n|-damage|p2a: Primarina|67\/100|[from] Stealth Rock\n|move|p1a: Hydreigon|Dark Pulse|p2a: Primarina\n|-resisted|p2a: Primarina\n|-damage|p2a: Primarina|46\/100\n|\n|upkeep\n|turn|52\n|\n|t:|1667673210\n|switch|p1a: Tangrowth|Tangrowth, M|74\/100\n|move|p2a: Primarina|Moonblast|p1a: Tangrowth\n|-damage|p1a: Tangrowth|19\/100\n|\n|upkeep\n|turn|53\n|inactive|Oudatoma has 90 seconds left.\n|\n|t:|1667673216\n|switch|p1a: Hippowdon|Hippowdon, M|18\/100 tox\n|-weather|Sandstorm|[from] ability: Sand Stream|[of] p1a: Hippowdon\n|move|p2a: Primarina|Moonblast|p1a: Hippowdon\n|-damage|p1a: Hippowdon|0 fnt\n|faint|p1a: Hippowdon\n|\n|-weather|Sandstorm|[upkeep]\n|-damage|p2a: Primarina|40\/100|[from] Sandstorm\n|upkeep\n|\n|t:|1667673225\n|switch|p1a: Scizor|Scizor, M|79\/100\n|turn|54\n|\n|t:|1667673232\n|switch|p2a: Scizor|Scizor, M|44\/100\n|-damage|p2a: Scizor|32\/100|[from] Stealth Rock\n|move|p1a: Scizor|U-turn|p2a: Scizor\n|-resisted|p2a: Scizor\n|-damage|p2a: Scizor|17\/100\n|\n|t:|1667673238\n|switch|p1a: Hydreigon|Hydreigon, F|82\/100|[from]move: U-turn\n|\n|-weather|Sandstorm|[upkeep]\n|-damage|p1a: Hydreigon|76\/100|[from] Sandstorm\n|upkeep\n|turn|55\n|\n|t:|1667673245\n|move|p1a: Hydreigon|Dark Pulse|p2a: Scizor\n|-damage|p2a: Scizor|0 fnt\n|faint|p2a: Scizor\n|\n|-weather|Sandstorm|[upkeep]\n|-damage|p1a: Hydreigon|70\/100|[from] Sandstorm\n|upkeep\n|c|\u2606Oudatoma|misclick\n|\n|t:|1667673258\n|switch|p2a: Tangrowth|Tangrowth, M|89\/100\n|-damage|p2a: Tangrowth|76\/100|[from] Stealth Rock\n|turn|56\n|c|\u2606bizarman|terrible d\u00e9sillusion :D\n|inactive|Oudatoma has 90 seconds left.\n|\n|t:|1667673289\n|switch|p1a: Scizor|Scizor, M|79\/100\n|switch|p2a: Hydreigon|Hydreigon, F|2\/100 tox\n|-damage|p2a: Hydreigon|0 fnt|[from] Stealth Rock\n|faint|p2a: Hydreigon\n|\n|-weather|Sandstorm|[upkeep]\n|upkeep\n|inactive|Oudatoma has 60 seconds left.\n|\n|t:|1667673320\n|switch|p2a: Moltres|Moltres|54\/100\n|-damage|p2a: Moltres|4\/100|[from] Stealth Rock\n|turn|57\n|\n|t:|1667673329\n|move|p1a: Scizor|Bullet Punch|p2a: Moltres\n|-resisted|p2a: Moltres\n|-damage|p2a: Moltres|0 fnt\n|faint|p2a: Moltres\n|\n|-weather|none\n|upkeep\n|c|\u2606Oudatoma|gg$\n|inactive|Oudatoma has 60 seconds left.\n|c|\u2606bizarman|gg\n|\n|t:|1667673343\n|switch|p2a: Primarina|Primarina, M, shiny|40\/100\n|-damage|p2a: Primarina|27\/100|[from] Stealth Rock\n|turn|58\n|\n|t:|1667673350\n|move|p1a: Scizor|Bullet Punch|p2a: Primarina\n|-damage|p2a: Primarina|0 fnt\n|faint|p2a: Primarina\n|\n|upkeep\n|\n|t:|1667673354\n|switch|p2a: Tangrowth|Tangrowth, M|100\/100\n|-damage|p2a: Tangrowth|88\/100|[from] Stealth Rock\n|turn|59\n|\n|t:|1667673362\n|move|p1a: Scizor|Knock Off|p2a: Tangrowth\n|-damage|p2a: Tangrowth|67\/100\n|-enditem|p2a: Tangrowth|Assault Vest|[from] move: Knock Off|[of] p1a: Scizor\n|move|p2a: Tangrowth|Sludge Bomb|p1a: Scizor\n|-immune|p1a: Scizor\n|\n|upkeep\n|turn|60\n|\n|t:|1667673369\n|move|p1a: Scizor|Bullet Punch|p2a: Tangrowth\n|-damage|p2a: Tangrowth|48\/100\n|move|p2a: Tangrowth|Earthquake|p1a: Scizor\n|-damage|p1a: Scizor|59\/100\n|\n|upkeep\n|turn|61\n|inactive|Oudatoma has 90 seconds left.\n|c|\u2606Oudatoma|bon courage, l'\u00e9quipe est cool\n|-message|Oudatoma forfeited.\n|\n|win|bizarman\n|raw|bizarman's rating: 1423 &rarr; <strong>1440<\/strong><br \/>(+17 for winning)\n|raw|Oudatoma's rating: 1363 &rarr; <strong>1346<\/strong><br \/>(-17 for losing)\n|l|\u2606Oudatoma\n|c|\u2606bizarman|merci ^^\n|l|\u2606bizarman\n||Ladder isn't responding, score probably updated but might not have (Request timeout).\n|j|\u2606Oudatoma\n|player|p2|Oudatoma|lucas-gen4pt\n|l|\u2606Oudatoma\n|player|p2|\n|j|\u2606Oudatoma\n|player|p2|Oudatoma|lucas-gen4pt\n","uploadtime":1667673919,"views":4,"p1id":"bizarman","p2id":"oudatoma","formatid":"gen8uu","rating":1346,"private":0,"password":null}