{"id":"gen8ou-1146280821","p1":"Pokefreak77","p2":"Charli91","format":"gen8ou","log":"|j|\u2606Pokefreak77\n|j|\u2606Charli91\n|player|p1|Pokefreak77|169|1669\n|player|p2|Charli91|101|1593\n|teamsize|p1|6\n|teamsize|p2|6\n|gametype|singles\n|gen|8\n|tier|[Gen 8] OU\n|rated|\n|clearpoke\n|poke|p1|Urshifu-*, M|\n|poke|p1|Volcarona, F|\n|poke|p1|Excadrill, F|\n|poke|p1|Bisharp, M|\n|poke|p1|Dragapult, F|\n|poke|p1|Azumarill, F|\n|poke|p2|Magearna|\n|poke|p2|Darmanitan, F|\n|poke|p2|Toxtricity, M|\n|poke|p2|Barraskewda, M|\n|poke|p2|Mew|\n|poke|p2|Scizor, M|\n|rule|Sleep Clause Mod: Limit one foe put to sleep\n|rule|Species Clause: Limit one of each Pok\u00e9mon\n|rule|OHKO Clause: OHKO moves are banned\n|rule|Evasion Moves Clause: Evasion moves are banned\n|rule|Endless Battle Clause: Forcing endless battles is banned\n|rule|HP Percentage Mod: HP is shown in percentages\n|rule|Dynamax Clause: You cannot dynamax\n|teampreview\n|\n|start\n|switch|p1a: Excadrill|Excadrill, F|100\/100\n|switch|p2a: Mew|Mew|100\/100\n|-ability|p1a: Excadrill|Mold Breaker\n|turn|1\n|inactive|Battle timer is ON: inactive players will automatically lose when time's up. (requested by Charli91)\n|\n|move|p2a: Mew|Flamethrower|p1a: Excadrill\n|-supereffective|p1a: Excadrill\n|-damage|p1a: Excadrill|28\/100\n|-status|p1a: Excadrill|brn\n|move|p1a: Excadrill|Stealth Rock|p2a: Mew\n|-sidestart|p2: Charli91|move: Stealth Rock\n|\n|-damage|p1a: Excadrill|22\/100 brn|[from] brn\n|upkeep\n|turn|2\n|\n|move|p2a: Mew|Psychic|p1a: Excadrill\n|-resisted|p1a: Excadrill\n|-damage|p1a: Excadrill|0 fnt\n|faint|p1a: Excadrill\n|\n|upkeep\n|\n|switch|p1a: Volcarona|Volcarona, F|100\/100\n|turn|3\n|\n|move|p1a: Volcarona|Quiver Dance|p1a: Volcarona\n|-boost|p1a: Volcarona|spa|1\n|-boost|p1a: Volcarona|spd|1\n|-boost|p1a: Volcarona|spe|1\n|move|p2a: Mew|Volt Switch|p1a: Volcarona\n|-damage|p1a: Volcarona|87\/100\n|\n|switch|p2a: Barraskewda|Barraskewda, M|100\/100|[from]move: Volt Switch\n|-damage|p2a: Barraskewda|88\/100|[from] Stealth Rock\n|\n|upkeep\n|turn|4\n|\n|move|p2a: Barraskewda|Aqua Jet|p1a: Volcarona\n|-supereffective|p1a: Volcarona\n|-crit|p1a: Volcarona\n|-damage|p1a: Volcarona|0 fnt\n|-status|p2a: Barraskewda|brn|[from] ability: Flame Body|[of] p1a: Volcarona\n|-damage|p2a: Barraskewda|78\/100 brn|[from] item: Life Orb\n|faint|p1a: Volcarona\n|\n|-damage|p2a: Barraskewda|72\/100 brn|[from] brn\n|upkeep\n|\n|switch|p1a: Azumarill|Azumarill, F|100\/100\n|turn|5\n|\n|move|p2a: Barraskewda|Flip Turn|p1a: Azumarill\n|-resisted|p1a: Azumarill\n|-damage|p1a: Azumarill|88\/100\n|-damage|p2a: Barraskewda|62\/100 brn|[from] item: Life Orb\n|\n|switch|p2a: Magearna|Magearna|100\/100|[from]move: Flip Turn\n|-damage|p2a: Magearna|94\/100|[from] Stealth Rock\n|move|p1a: Azumarill|Belly Drum|p1a: Azumarill\n|-damage|p1a: Azumarill|38\/100\n|-setboost|p1a: Azumarill|atk|6|[from] move: Belly Drum\n|-enditem|p1a: Azumarill|Sitrus Berry|[eat]\n|-heal|p1a: Azumarill|63\/100|[from] item: Sitrus Berry\n|\n|upkeep\n|turn|6\n|\n|move|p1a: Azumarill|Aqua Jet|p2a: Magearna\n|-damage|p2a: Magearna|14\/100\n|move|p2a: Magearna|Energy Ball|p1a: Azumarill\n|-supereffective|p1a: Azumarill\n|-crit|p1a: Azumarill\n|-damage|p1a: Azumarill|0 fnt\n|faint|p1a: Azumarill\n|-ability|p2a: Magearna|Soul-Heart|boost\n|-boost|p2a: Magearna|spa|1\n|\n|upkeep\n|\n|switch|p1a: Bisharp|Bisharp, M|100\/100\n|turn|7\n|\n|move|p1a: Bisharp|Iron Head|p2a: Magearna\n|-damage|p2a: Magearna|0 fnt\n|faint|p2a: Magearna\n|\n|upkeep\n|inactive|Charli91 has 120 seconds left.\n|\n|switch|p2a: Toxtricity|Toxtricity, M|100\/100\n|-damage|p2a: Toxtricity|88\/100|[from] Stealth Rock\n|turn|8\n|inactive|Charli91 has 120 seconds left.\n|\n|switch|p1a: Dragapult|Dragapult, F|100\/100\n|move|p2a: Toxtricity|Overdrive|p1a: Dragapult\n|-resisted|p1a: Dragapult\n|-damage|p1a: Dragapult|45\/100\n|\n|upkeep\n|turn|9\n|\n|switch|p2a: Barraskewda|Barraskewda, M|62\/100 brn\n|-damage|p2a: Barraskewda|50\/100 brn|[from] Stealth Rock\n|move|p1a: Dragapult|Dragon Darts|p2a: Barraskewda\n|-damage|p2a: Barraskewda|0 fnt\n|-damage|p1a: Dragapult|36\/100|[from] item: Life Orb\n|faint|p2a: Barraskewda\n|\n|upkeep\n|inactive|Charli91 has 120 seconds left.\n|inactive|Charli91 has 90 seconds left.\n|\n|switch|p2a: Darmanitan|Darmanitan, F|100\/100\n|-damage|p2a: Darmanitan|76\/100|[from] Stealth Rock\n|turn|10\n|\n|move|p2a: Darmanitan|Earthquake|p1a: Dragapult\n|-damage|p1a: Dragapult|0 fnt\n|faint|p1a: Dragapult\n|\n|upkeep\n|\n|switch|p1a: Urshifu|Urshifu-Rapid-Strike, M|100\/100\n|turn|11\n|\n|move|p2a: Darmanitan|Earthquake|p1a: Urshifu\n|-damage|p1a: Urshifu|65\/100\n|move|p1a: Urshifu|Surging Strikes|p2a: Darmanitan\n|-supereffective|p2a: Darmanitan\n|-crit|p2a: Darmanitan\n|-damage|p2a: Darmanitan|0 fnt\n|-hitcount|p2a: Darmanitan|1\n|-damage|p1a: Urshifu|55\/100|[from] item: Life Orb\n|faint|p2a: Darmanitan\n|\n|upkeep\n|inactive|Charli91 has 60 seconds left.\n|\n|switch|p2a: Mew|Mew|100\/100\n|-damage|p2a: Mew|88\/100|[from] Stealth Rock\n|turn|12\n|\n|move|p2a: Mew|Dazzling Gleam|p1a: Urshifu\n|-supereffective|p1a: Urshifu\n|-damage|p1a: Urshifu|0 fnt\n|faint|p1a: Urshifu\n|\n|upkeep\n|\n|switch|p1a: Bisharp|Bisharp, M|100\/100\n|turn|13\n|\n|move|p1a: Bisharp|Sucker Punch|p2a: Mew\n|-supereffective|p2a: Mew\n|-damage|p2a: Mew|0 fnt\n|faint|p2a: Mew\n|\n|upkeep\n|\n|switch|p2a: Toxtricity|Toxtricity, M|88\/100\n|-damage|p2a: Toxtricity|76\/100|[from] Stealth Rock\n|turn|14\n|\n|move|p1a: Bisharp|Sucker Punch|p2a: Toxtricity\n|-damage|p2a: Toxtricity|0 fnt\n|faint|p2a: Toxtricity\n|\n|upkeep\n|\n|switch|p2a: Scizor|Scizor, M|100\/100\n|-damage|p2a: Scizor|88\/100|[from] Stealth Rock\n|turn|15\n|\n|move|p1a: Bisharp|Swords Dance|p1a: Bisharp\n|-boost|p1a: Bisharp|atk|2\n|move|p2a: Scizor|Superpower|p1a: Bisharp\n|-supereffective|p1a: Bisharp\n|-damage|p1a: Bisharp|0 fnt\n|-unboost|p2a: Scizor|atk|1\n|-unboost|p2a: Scizor|def|1\n|faint|p1a: Bisharp\n|\n|win|Charli91\n|l|\u2606Pokefreak77\n|c|\u2606Charli91|Gg\n||Ladder (probably) updated, but score could not be retrieved (Request timeout).\n","uploadtime":1594060626,"views":5,"p1id":"pokefreak77","p2id":"charli91","formatid":"gen8ou","rating":0,"private":0,"password":null}