{"id":"gen8ou-1668935650","p1":"Cancerous-T-OU","p2":"Jamario Mariomario","format":"gen8ou","log":"|j|\u2606Cancerous-T-OU\n|j|\u2606Jamario Mariomario\n|t:|1663684524\n|gametype|singles\n|player|p1|Cancerous-T-OU|drayden|1486\n|player|p2|Jamario Mariomario|bugcatcher|1488\n|teamsize|p1|6\n|teamsize|p2|6\n|gen|8\n|tier|[Gen 8] OU\n|rated|\n|rule|Sleep Clause Mod: Limit one foe put to sleep\n|rule|Species Clause: Limit one of each Pok\u00e9mon\n|rule|OHKO Clause: OHKO moves are banned\n|rule|Evasion Items Clause: Evasion items are banned\n|rule|Evasion Moves Clause: Evasion moves are banned\n|rule|Endless Battle Clause: Forcing endless battles is banned\n|rule|HP Percentage Mod: HP is shown in percentages\n|rule|Dynamax Clause: You cannot dynamax\n|clearpoke\n|poke|p1|Landorus-Therian, M|\n|poke|p1|Magnezone|\n|poke|p1|Primarina, F|\n|poke|p1|Zygarde-10%|\n|poke|p1|Volcarona, F|\n|poke|p1|Kartana|\n|poke|p2|Pelipper, F|\n|poke|p2|Zapdos|\n|poke|p2|Kartana|\n|poke|p2|Barraskewda, F|\n|poke|p2|Blissey, F|\n|poke|p2|Seismitoad, F|\n|teampreview\n|inactive|Battle timer is ON: inactive players will automatically lose when time's up. (requested by Jamario Mariomario)\n|c|\u2606Cancerous-T-OU|Blissey\n|c|\u2606Cancerous-T-OU|again\n|c|\u2606Jamario Mariomario|what can I say, I just like it\n|\n|t:|1663684556\n|start\n|switch|p1a: Urshifu Water|Primarina, F|100\/100\n|switch|p2a: Kartana|Kartana|100\/100\n|turn|1\n|\n|t:|1663684562\n|switch|p1a: Entry hazards|Volcarona, F|100\/100\n|move|p2a: Kartana|Leaf Blade|p1a: Entry hazards\n|-resisted|p1a: Entry hazards\n|-damage|p1a: Entry hazards|90\/100\n|-status|p2a: Kartana|brn|[from] ability: Flame Body|[of] p1a: Entry hazards\n|\n|-damage|p2a: Kartana|94\/100 brn|[from] brn\n|upkeep\n|turn|2\n|\n|t:|1663684566\n|switch|p2a: Blissey|Blissey, F|100\/100\n|move|p1a: Entry hazards|U-turn|p2a: Blissey\n|-damage|p2a: Blissey|88\/100\n|\n|t:|1663684571\n|switch|p1a: Zygarde|Zygarde-10%|100\/100|[from]move: U-turn\n|-ability|p1a: Zygarde|Aura Break\n|\n|upkeep\n|turn|3\n|\n|t:|1663684577\n|switch|p2a: Pelipper|Pelipper, F|100\/100\n|-weather|RainDance|[from] ability: Drizzle|[of] p2a: Pelipper\n|move|p1a: Zygarde|Thousand Arrows|p2a: Pelipper\n|-damage|p2a: Pelipper|55\/100\n|-start|p2a: Pelipper|Smack Down\n|\n|-weather|RainDance|[upkeep]\n|upkeep\n|turn|4\n|\n|t:|1663684583\n|switch|p2a: Kartana|Kartana|94\/100 brn\n|move|p1a: Zygarde|Thousand Arrows|p2a: Kartana\n|-damage|p2a: Kartana|47\/100 brn\n|\n|-weather|RainDance|[upkeep]\n|-heal|p2a: Kartana|53\/100 brn|[from] item: Leftovers\n|-damage|p2a: Kartana|47\/100 brn|[from] brn\n|upkeep\n|turn|5\n|\n|t:|1663684588\n|switch|p1a: Cancerous-T|Landorus-Therian, M|100\/100\n|-ability|p1a: Cancerous-T|Intimidate|boost\n|-unboost|p2a: Kartana|atk|1\n|move|p2a: Kartana|Knock Off|p1a: Cancerous-T\n|-damage|p1a: Cancerous-T|89\/100\n|-enditem|p1a: Cancerous-T|Choice Scarf|[from] move: Knock Off|[of] p2a: Kartana\n|\n|-weather|RainDance|[upkeep]\n|-heal|p2a: Kartana|53\/100 brn|[from] item: Leftovers\n|-damage|p2a: Kartana|47\/100 brn|[from] brn\n|upkeep\n|turn|6\n|\n|t:|1663684593\n|move|p2a: Kartana|Knock Off|p1a: Cancerous-T\n|-damage|p1a: Cancerous-T|79\/100\n|move|p1a: Cancerous-T|U-turn|p2a: Kartana\n|-damage|p2a: Kartana|31\/100 brn\n|\n|t:|1663684605\n|switch|p1a: Zygarde|Zygarde-10%|100\/100|[from]move: U-turn\n|-ability|p1a: Zygarde|Aura Break\n|\n|-weather|RainDance|[upkeep]\n|-heal|p2a: Kartana|37\/100 brn|[from] item: Leftovers\n|-damage|p2a: Kartana|31\/100 brn|[from] brn\n|upkeep\n|turn|7\n|\n|t:|1663684613\n|move|p1a: Zygarde|Thousand Arrows|p2a: Kartana\n|-damage|p2a: Kartana|0 fnt\n|faint|p2a: Kartana\n|\n|-weather|RainDance|[upkeep]\n|upkeep\n|\n|t:|1663684615\n|switch|p2a: Seismitoad|Seismitoad, F|100\/100\n|turn|8\n|\n|t:|1663684626\n|switch|p1a: Urshifu Water|Primarina, F|100\/100\n|move|p2a: Seismitoad|Weather Ball|p1a: Urshifu Water\n|-resisted|p1a: Urshifu Water\n|-damage|p1a: Urshifu Water|61\/100\n|-damage|p2a: Seismitoad|91\/100|[from] item: Life Orb\n|\n|-weather|RainDance|[upkeep]\n|upkeep\n|turn|9\n|\n|t:|1663684630\n|move|p2a: Seismitoad|Grass Knot|p1a: Urshifu Water\n|-supereffective|p1a: Urshifu Water\n|-damage|p1a: Urshifu Water|20\/100\n|-damage|p2a: Seismitoad|81\/100|[from] item: Life Orb\n|move|p1a: Urshifu Water|Hydro Pump|p2a: Seismitoad\n|-damage|p2a: Seismitoad|0 fnt\n|faint|p2a: Seismitoad\n|\n|-weather|RainDance|[upkeep]\n|upkeep\n|\n|t:|1663684635\n|switch|p2a: Barraskewda|Barraskewda, F|100\/100\n|turn|10\n|\n|t:|1663684639\n|switch|p1a: Entry hazards|Volcarona, F|90\/100\n|move|p2a: Barraskewda|Liquidation|p1a: Entry hazards\n|-supereffective|p1a: Entry hazards\n|-damage|p1a: Entry hazards|0 fnt\n|faint|p1a: Entry hazards\n|\n|-weather|none\n|upkeep\n|\n|t:|1663684650\n|switch|p1a: Non-Binary|Magnezone|100\/100\n|turn|11\n|\n|t:|1663684653\n|switch|p2a: Blissey|Blissey, F|88\/100\n|move|p1a: Non-Binary|Volt Switch|p2a: Blissey\n|-damage|p2a: Blissey|69\/100\n|\n|t:|1663684657\n|switch|p1a: Zygarde|Zygarde-10%|100\/100|[from]move: Volt Switch\n|-ability|p1a: Zygarde|Aura Break\n|\n|upkeep\n|turn|12\n|\n|t:|1663684660\n|move|p1a: Zygarde|Thousand Arrows|p2a: Blissey\n|-damage|p2a: Blissey|21\/100\n|move|p2a: Blissey|Stealth Rock|p1a: Zygarde\n|-sidestart|p1: Cancerous-T-OU|move: Stealth Rock\n|\n|upkeep\n|turn|13\n|\n|t:|1663684663\n|move|p1a: Zygarde|Thousand Arrows|p2a: Blissey\n|-damage|p2a: Blissey|0 fnt\n|faint|p2a: Blissey\n|\n|upkeep\n|\n|t:|1663684665\n|switch|p2a: Pelipper|Pelipper, F|55\/100\n|-weather|RainDance|[from] ability: Drizzle|[of] p2a: Pelipper\n|turn|14\n|\n|t:|1663684670\n|move|p1a: Zygarde|Thousand Arrows|p2a: Pelipper\n|-damage|p2a: Pelipper|10\/100\n|-start|p2a: Pelipper|Smack Down\n|move|p2a: Pelipper|U-turn|p1a: Zygarde\n|-damage|p1a: Zygarde|86\/100\n|\n|t:|1663684674\n|switch|p2a: Barraskewda|Barraskewda, F|100\/100|[from]move: U-turn\n|\n|-weather|RainDance|[upkeep]\n|upkeep\n|turn|15\n|\n|t:|1663684677\n|switch|p1a: Urshifu Water|Primarina, F|20\/100\n|-damage|p1a: Urshifu Water|7\/100|[from] Stealth Rock\n|move|p2a: Barraskewda|Liquidation|p1a: Urshifu Water\n|-resisted|p1a: Urshifu Water\n|-damage|p1a: Urshifu Water|0 fnt\n|faint|p1a: Urshifu Water\n|\n|-weather|RainDance|[upkeep]\n|upkeep\n|\n|t:|1663684682\n|switch|p1a: Credit Card|Kartana, shiny|100\/100\n|-damage|p1a: Credit Card|94\/100|[from] Stealth Rock\n|turn|16\n|\n|t:|1663684685\n|switch|p2a: Zapdos|Zapdos|100\/100\n|switch|p1a: Non-Binary|Magnezone|100\/100\n|-damage|p1a: Non-Binary|94\/100|[from] Stealth Rock\n|\n|-weather|RainDance|[upkeep]\n|upkeep\n|turn|17\n|\n|t:|1663684690\n|move|p2a: Zapdos|Weather Ball|p1a: Non-Binary\n|-damage|p1a: Non-Binary|38\/100\n|move|p1a: Non-Binary|Thunderbolt|p2a: Zapdos\n|-damage|p2a: Zapdos|29\/100\n|\n|-weather|RainDance|[upkeep]\n|upkeep\n|turn|18\n|\n|t:|1663684695\n|move|p2a: Zapdos|Weather Ball|p1a: Non-Binary\n|-damage|p1a: Non-Binary|0 fnt\n|faint|p1a: Non-Binary\n|\n|-weather|RainDance|[upkeep]\n|upkeep\n|\n|t:|1663684699\n|switch|p1a: Zygarde|Zygarde-10%|86\/100\n|-damage|p1a: Zygarde|80\/100|[from] Stealth Rock\n|-ability|p1a: Zygarde|Aura Break\n|turn|19\n|\n|t:|1663684703\n|move|p1a: Zygarde|Thousand Arrows|p2a: Zapdos\n|-damage|p2a: Zapdos|0 fnt\n|faint|p2a: Zapdos\n|\n|-weather|RainDance|[upkeep]\n|upkeep\n|\n|t:|1663684705\n|switch|p2a: Barraskewda|Barraskewda, F|100\/100\n|turn|20\n|\n|t:|1663684716\n|switch|p1a: Cancerous-T|Landorus-Therian, M|79\/100\n|-damage|p1a: Cancerous-T|67\/100|[from] Stealth Rock\n|-ability|p1a: Cancerous-T|Intimidate|boost\n|-unboost|p2a: Barraskewda|atk|1\n|move|p2a: Barraskewda|Liquidation|p1a: Cancerous-T\n|-supereffective|p1a: Cancerous-T\n|-damage|p1a: Cancerous-T|0 fnt\n|faint|p1a: Cancerous-T\n|\n|-weather|RainDance|[upkeep]\n|upkeep\n|\n|t:|1663684718\n|switch|p1a: Credit Card|Kartana, shiny|94\/100\n|-damage|p1a: Credit Card|88\/100|[from] Stealth Rock\n|turn|21\n|\n|t:|1663684725\n|move|p2a: Barraskewda|Liquidation|p1a: Credit Card\n|-resisted|p1a: Credit Card\n|-damage|p1a: Credit Card|51\/100\n|move|p1a: Credit Card|Leaf Blade|p2a: Barraskewda\n|-supereffective|p2a: Barraskewda\n|-damage|p2a: Barraskewda|0 fnt\n|faint|p2a: Barraskewda\n|-ability|p1a: Credit Card|Beast Boost|boost\n|-boost|p1a: Credit Card|atk|1\n|\n|-weather|none\n|upkeep\n|-message|Jamario Mariomario forfeited.\n|\n|win|Cancerous-T-OU\n|raw|Cancerous-T-OU's rating: 1486 &rarr; <strong>1506<\/strong><br \/>(+20 for winning)\n|raw|Jamario Mariomario's rating: 1488 &rarr; <strong>1468<\/strong><br \/>(-20 for losing)\n|l|\u2606Jamario Mariomario\n||Ladder isn't responding, score probably updated but might not have (Request timeout).\n","uploadtime":1663684741,"views":5,"p1id":"canceroustou","p2id":"jamariomariomario","formatid":"gen8ou","rating":1468,"private":0,"password":null}