{"id":"gen8ou-1702499464","p1":"mildness-calmness","p2":"cows123p","format":"gen8ou","log":"|j|\u2606mildness-calmness\n|j|\u2606cows123p\n|t:|1667562212\n|gametype|singles\n|player|p1|mildness-calmness|2|1572\n|player|p2|cows123p|acetrainercouple|1579\n|teamsize|p1|6\n|teamsize|p2|6\n|gen|8\n|tier|[Gen 8] OU\n|rated|\n|rule|Sleep Clause Mod: Limit one foe put to sleep\n|rule|Species Clause: Limit one of each Pok\u00e9mon\n|rule|OHKO Clause: OHKO moves are banned\n|rule|Evasion Items Clause: Evasion items are banned\n|rule|Evasion Moves Clause: Evasion moves are banned\n|rule|Endless Battle Clause: Forcing endless battles is banned\n|rule|HP Percentage Mod: HP is shown in percentages\n|rule|Dynamax Clause: You cannot dynamax\n|clearpoke\n|poke|p1|Tapu Lele|\n|poke|p1|Urshifu-*, F|\n|poke|p1|Garchomp, F|\n|poke|p1|Ferrothorn, M|\n|poke|p1|Zapdos|\n|poke|p1|Clefable, M|\n|poke|p2|Garchomp, M|\n|poke|p2|Buzzwole|\n|poke|p2|Corviknight, M|\n|poke|p2|Tapu Lele|\n|poke|p2|Magnezone|\n|poke|p2|Dragapult, M|\n|teampreview\n|inactive|Battle timer is ON: inactive players will automatically lose when time's up. (requested by mildness-calmness)\n|\n|t:|1667562250\n|start\n|switch|p1a: Zapdos|Zapdos|100\/100\n|switch|p2a: Buzzwole|Buzzwole|100\/100\n|turn|1\n|\n|t:|1667562262\n|switch|p2a: Magnezone|Magnezone|100\/100\n|move|p1a: Zapdos|Volt Switch|p2a: Magnezone\n|-resisted|p2a: Magnezone\n|-damage|p2a: Magnezone|80\/100\n|\n|t:|1667562268\n|switch|p1a: Garchomp|Garchomp, F|100\/100|[from]move: Volt Switch\n|\n|upkeep\n|turn|2\n|\n|t:|1667562272\n|switch|p2a: Corviknight|Corviknight, M|100\/100\n|-ability|p2a: Corviknight|Pressure\n|move|p1a: Garchomp|Swords Dance|p1a: Garchomp\n|-boost|p1a: Garchomp|atk|2\n|\n|upkeep\n|turn|3\n|\n|t:|1667562279\n|move|p1a: Garchomp|Aqua Tail|p2a: Corviknight\n|-damage|p2a: Corviknight|60\/100\n|move|p2a: Corviknight|U-turn|p1a: Garchomp\n|-damage|p1a: Garchomp|86\/100\n|-damage|p2a: Corviknight|48\/100|[from] ability: Rough Skin|[of] p1a: Garchomp\n|\n|t:|1667562285\n|switch|p2a: Dragapult|Dragapult, M|100\/100|[from]move: U-turn\n|\n|-heal|p1a: Garchomp|92\/100|[from] item: Leftovers\n|upkeep\n|turn|4\n|\n|t:|1667562290\n|switch|p1a: Ferrothorn|Ferrothorn, M|100\/100\n|move|p2a: Dragapult|Dragon Darts|p1a: Ferrothorn\n|-resisted|p1a: Ferrothorn\n|-damage|p1a: Ferrothorn|90\/100\n|-anim|p2a: Dragapult|Dragon Darts|p1a: Ferrothorn\n|-resisted|p1a: Ferrothorn\n|-damage|p1a: Ferrothorn|80\/100\n|\n|-heal|p1a: Ferrothorn|86\/100|[from] item: Leftovers\n|upkeep\n|turn|5\n|\n|t:|1667562301\n|switch|p1a: Tapu Lele|Tapu Lele|100\/100\n|-fieldstart|move: Psychic Terrain|[from] ability: Psychic Surge|[of] p1a: Tapu Lele\n|move|p2a: Dragapult|Flamethrower|p1a: Tapu Lele\n|-damage|p1a: Tapu Lele|79\/100\n|\n|upkeep\n|turn|6\n|\n|t:|1667562311\n|move|p1a: Tapu Lele|Future Sight|p2a: Dragapult\n|-start|p1a: Tapu Lele|move: Future Sight\n|move|p2a: Dragapult|Phantom Force||[still]\n|-prepare|p2a: Dragapult|Phantom Force\n|\n|upkeep\n|turn|7\n|\n|t:|1667562317\n|switch|p1a: Zapdos|Zapdos|100\/100\n|move|p2a: Dragapult|Phantom Force|p1a: Zapdos|[from]lockedmove\n|-damage|p1a: Zapdos|67\/100\n|-status|p2a: Dragapult|par|[from] ability: Static|[of] p1a: Zapdos\n|\n|upkeep\n|turn|8\n|\n|t:|1667562326\n|move|p1a: Zapdos|Volt Switch|p2a: Dragapult\n|-resisted|p2a: Dragapult\n|-damage|p2a: Dragapult|81\/100 par\n|\n|t:|1667562331\n|switch|p1a: Clefable|Clefable, M|100\/100|[from]move: Volt Switch\n|move|p2a: Dragapult|Dragon Dance|p2a: Dragapult\n|-boost|p2a: Dragapult|atk|1\n|-boost|p2a: Dragapult|spe|1\n|\n|-end|p2a: Dragapult|move: Future Sight\n|-damage|p2a: Dragapult|0 fnt\n|faint|p2a: Dragapult\n|upkeep\n|\n|t:|1667562341\n|switch|p2a: Tapu Lele|Tapu Lele|100\/100\n|turn|9\n|\n|t:|1667562345\n|move|p2a: Tapu Lele|Psychic|p1a: Clefable\n|-damage|p1a: Clefable|10\/100\n|move|p1a: Clefable|Thunder Wave|p2a: Tapu Lele\n|-status|p2a: Tapu Lele|par\n|\n|-heal|p1a: Clefable|17\/100|[from] item: Leftovers\n|-fieldend|move: Psychic Terrain\n|upkeep\n|turn|10\n|\n|t:|1667562352\n|switch|p1a: Ferrothorn|Ferrothorn, M|86\/100\n|move|p2a: Tapu Lele|Psychic|p1a: Ferrothorn\n|-resisted|p1a: Ferrothorn\n|-damage|p1a: Ferrothorn|65\/100\n|\n|-heal|p1a: Ferrothorn|71\/100|[from] item: Leftovers\n|upkeep\n|turn|11\n|\n|t:|1667562362\n|switch|p2a: Buzzwole|Buzzwole|100\/100\n|switch|p1a: Tapu Lele|Tapu Lele|79\/100\n|-fieldstart|move: Psychic Terrain|[from] ability: Psychic Surge|[of] p1a: Tapu Lele\n|\n|upkeep\n|turn|12\n|\n|t:|1667562370\n|move|p1a: Tapu Lele|Future Sight|p2a: Buzzwole\n|-start|p1a: Tapu Lele|move: Future Sight\n|move|p2a: Buzzwole|Ice Punch|p1a: Tapu Lele\n|-damage|p1a: Tapu Lele|42\/100\n|\n|upkeep\n|turn|13\n|\n|t:|1667562378\n|switch|p1a: Ferrothorn|Ferrothorn, M|71\/100\n|move|p2a: Buzzwole|Close Combat|p1a: Ferrothorn\n|-supereffective|p1a: Ferrothorn\n|-damage|p1a: Ferrothorn|0 fnt\n|-unboost|p2a: Buzzwole|def|1\n|-unboost|p2a: Buzzwole|spd|1\n|-damage|p2a: Buzzwole|88\/100|[from] ability: Iron Barbs|[of] p1a: Ferrothorn\n|faint|p1a: Ferrothorn\n|-ability|p2a: Buzzwole|Beast Boost|boost\n|-boost|p2a: Buzzwole|def|1\n|\n|upkeep\n|\n|t:|1667562386\n|switch|p1a: Zapdos|Zapdos|67\/100\n|turn|14\n|\n|t:|1667562392\n|switch|p2a: Magnezone|Magnezone|80\/100\n|move|p1a: Zapdos|Roost|p1a: Zapdos\n|-heal|p1a: Zapdos|100\/100\n|-singleturn|p1a: Zapdos|move: Roost\n|\n|-end|p2a: Magnezone|move: Future Sight\n|-resisted|p2a: Magnezone\n|-damage|p2a: Magnezone|23\/100\n|upkeep\n|turn|15\n|\n|t:|1667562401\n|move|p2a: Magnezone|Toxic|p1a: Zapdos|[miss]\n|-miss|p2a: Magnezone|p1a: Zapdos\n|move|p1a: Zapdos|Heat Wave|p2a: Magnezone\n|-supereffective|p2a: Magnezone\n|-damage|p2a: Magnezone|0 fnt\n|faint|p2a: Magnezone\n|\n|-fieldend|move: Psychic Terrain\n|upkeep\n|\n|t:|1667562412\n|switch|p2a: Garchomp|Garchomp, M|100\/100\n|turn|16\n|\n|t:|1667562419\n|move|p2a: Garchomp|Swords Dance|p2a: Garchomp\n|-boost|p2a: Garchomp|atk|2\n|move|p1a: Zapdos|Hurricane|p2a: Garchomp\n|-damage|p2a: Garchomp|47\/100\n|\n|upkeep\n|turn|17\n|\n|t:|1667562425\n|move|p2a: Garchomp|Earthquake|p1a: Zapdos\n|-immune|p1a: Zapdos\n|move|p1a: Zapdos|Hurricane|p2a: Garchomp\n|-damage|p2a: Garchomp|0 fnt\n|faint|p2a: Garchomp\n|\n|upkeep\n|\n|t:|1667562432\n|switch|p2a: Tapu Lele|Tapu Lele|100\/100 par\n|-fieldstart|move: Psychic Terrain|[from] ability: Psychic Surge|[of] p2a: Tapu Lele\n|turn|18\n|\n|t:|1667562438\n|move|p1a: Zapdos|Volt Switch|p2a: Tapu Lele\n|-damage|p2a: Tapu Lele|70\/100 par\n|\n|t:|1667562440\n|switch|p1a: Clefable|Clefable, M|17\/100|[from]move: Volt Switch\n|move|p2a: Tapu Lele|Moonblast|p1a: Clefable\n|-damage|p1a: Clefable|0 fnt\n|faint|p1a: Clefable\n|\n|upkeep\n|\n|t:|1667562445\n|switch|p1a: Urshifu|Urshifu-Rapid-Strike, F|100\/100\n|turn|19\n|\n|t:|1667562448\n|switch|p2a: Buzzwole|Buzzwole|88\/100\n|move|p1a: Urshifu|Surging Strikes|p2a: Buzzwole\n|-crit|p2a: Buzzwole\n|-damage|p2a: Buzzwole|74\/100\n|-damage|p1a: Urshifu|84\/100|[from] item: Rocky Helmet|[of] p2a: Buzzwole\n|-crit|p2a: Buzzwole\n|-damage|p2a: Buzzwole|61\/100\n|-damage|p1a: Urshifu|68\/100|[from] item: Rocky Helmet|[of] p2a: Buzzwole\n|-crit|p2a: Buzzwole\n|-damage|p2a: Buzzwole|46\/100\n|-damage|p1a: Urshifu|51\/100|[from] item: Rocky Helmet|[of] p2a: Buzzwole\n|-hitcount|p2a: Buzzwole|3\n|\n|upkeep\n|turn|20\n|\n|t:|1667562462\n|switch|p1a: Zapdos|Zapdos|100\/100\n|move|p2a: Buzzwole|Toxic|p1a: Zapdos\n|-status|p1a: Zapdos|tox\n|\n|-damage|p1a: Zapdos|94\/100 tox|[from] psn\n|upkeep\n|turn|21\n|\n|t:|1667562472\n|move|p1a: Zapdos|Heat Wave|p2a: Buzzwole\n|-supereffective|p2a: Buzzwole\n|-damage|p2a: Buzzwole|0 fnt\n|faint|p2a: Buzzwole\n|\n|-damage|p1a: Zapdos|82\/100 tox|[from] psn\n|upkeep\n|\n|t:|1667562477\n|switch|p2a: Tapu Lele|Tapu Lele|70\/100 par\n|turn|22\n|\n|t:|1667562491\n|move|p1a: Zapdos|Volt Switch|p2a: Tapu Lele\n|-damage|p2a: Tapu Lele|37\/100 par\n|\n|t:|1667562495\n|switch|p1a: Tapu Lele|Tapu Lele|42\/100|[from]move: Volt Switch\n|move|p2a: Tapu Lele|Moonblast|p1a: Tapu Lele\n|-damage|p1a: Tapu Lele|0 fnt\n|faint|p1a: Tapu Lele\n|\n|-fieldend|move: Psychic Terrain\n|upkeep\n|\n|t:|1667562497\n|switch|p1a: Urshifu|Urshifu-Rapid-Strike, F|51\/100\n|turn|23\n|\n|t:|1667562505\n|move|p1a: Urshifu|Surging Strikes|p2a: Tapu Lele\n|-crit|p2a: Tapu Lele\n|-damage|p2a: Tapu Lele|0 fnt\n|faint|p2a: Tapu Lele\n|-hitcount|p2: Tapu Lele|1\n|\n|upkeep\n|\n|t:|1667562510\n|switch|p2a: Corviknight|Corviknight, M|48\/100\n|-ability|p2a: Corviknight|Pressure\n|turn|24\n|-message|cows123p forfeited.\n|\n|win|mildness-calmness\n|raw|mildness-calmness's rating: 1572 &rarr; <strong>1592<\/strong><br \/>(+20 for winning)\n|raw|cows123p's rating: 1579 &rarr; <strong>1559<\/strong><br \/>(-20 for losing)\n|l|\u2606cows123p\n||Ladder isn't responding, score probably updated but might not have (Request timeout).\n","uploadtime":1667562524,"views":10,"p1id":"mildnesscalmness","p2id":"cows123p","formatid":"gen8ou","rating":1559,"private":0,"password":null}