{"id":"gen8ru-1433382807","p1":"lordcube","p2":"Denison123","format":"gen8ru","log":"|j|\u2606lordcube\n|j|\u2606Denison123\n|inactive|Battle timer is ON: inactive players will automatically lose when time's up.\n|t:|1633964048\n|gametype|singles\n|player|p1|lordcube|artist-gen4|\n|player|p2|Denison123|2|\n|teamsize|p1|6\n|teamsize|p2|6\n|gen|8\n|tier|[Gen 8] RU\n|rated|Tournament battle\n|rule|Sleep Clause Mod: Limit one foe put to sleep\n|rule|Species Clause: Limit one of each Pok\u00e9mon\n|rule|OHKO Clause: OHKO moves are banned\n|rule|Evasion Moves Clause: Evasion moves are banned\n|rule|Endless Battle Clause: Forcing endless battles is banned\n|rule|HP Percentage Mod: HP is shown in percentages\n|rule|Dynamax Clause: You cannot dynamax\n|clearpoke\n|poke|p1|Ninjask, F|\n|poke|p1|Lucario, M|\n|poke|p1|Polteageist-Antique|\n|poke|p1|Druddigon, M|\n|poke|p1|Xurkitree|\n|poke|p1|Metagross|\n|poke|p2|Uxie|\n|poke|p2|Swirlix, M|\n|poke|p2|Incineroar, F|\n|poke|p2|Arctovish|\n|poke|p2|Cinccino, F|\n|poke|p2|Necrozma|\n|teampreview\n|j|*Lady Monita \u263d\n|c|\u2606lordcube|gl hf\n|j| NebulaGirl\n|c|\u2606Denison123|gl\n|j| Lapalittyam\n|l| NebulaGirl\n|\n|t:|1633964068\n|start\n|switch|p1a: Druddigon|Druddigon, M|100\/100\n|switch|p2a: Incineroar|Incineroar, F|100\/100\n|-ability|p1a: Druddigon|Mold Breaker\n|-ability|p2a: Incineroar|Intimidate|boost\n|-unboost|p1a: Druddigon|atk|1\n|turn|1\n|\n|t:|1633964075\n|move|p1a: Druddigon|Stealth Rock|p2a: Incineroar\n|-sidestart|p2: Denison123|move: Stealth Rock\n|move|p2a: Incineroar|Will-O-Wisp|p1a: Druddigon\n|-status|p1a: Druddigon|brn\n|\n|-damage|p1a: Druddigon|94\/100 brn|[from] brn\n|upkeep\n|turn|2\n|\n|t:|1633964082\n|move|p1a: Druddigon|Glare|p2a: Incineroar\n|-status|p2a: Incineroar|par\n|move|p2a: Incineroar|Parting Shot|p1a: Druddigon\n|-unboost|p1a: Druddigon|atk|1\n|-unboost|p1a: Druddigon|spa|1\n|inactive|Denison123 has 120 seconds left.\n|\n|t:|1633964113\n|switch|p2a: Arctovish|Arctovish|100\/100|[from]move: Parting Shot\n|-damage|p2a: Arctovish|76\/100|[from] Stealth Rock\n|\n|-damage|p1a: Druddigon|88\/100 brn|[from] brn\n|upkeep\n|turn|3\n|j| AshKetchumReturnz\n|l| AshKetchumReturnz\n|inactive|lordcube has 120 seconds left.\n|\n|t:|1633964146\n|move|p1a: Druddigon|Glare|p2a: Arctovish\n|-status|p2a: Arctovish|par\n|move|p2a: Arctovish|Icicle Crash|p1a: Druddigon\n|-supereffective|p1a: Druddigon\n|-crit|p1a: Druddigon\n|-damage|p1a: Druddigon|0 fnt\n|faint|p1a: Druddigon\n|\n|upkeep\n|inactive|lordcube has 120 seconds left.\n|\n|t:|1633964156\n|switch|p1a: Lucario|Lucario, M|100\/100\n|turn|4\n|\n|t:|1633964161\n|switch|p2a: Uxie|Uxie|100\/100\n|-damage|p2a: Uxie|88\/100|[from] Stealth Rock\n|move|p1a: Lucario|Close Combat|p2a: Uxie\n|-resisted|p2a: Uxie\n|-damage|p2a: Uxie|68\/100\n|-unboost|p1a: Lucario|def|1\n|-unboost|p1a: Lucario|spd|1\n|-damage|p1a: Lucario|91\/100|[from] item: Life Orb\n|\n|-heal|p2a: Uxie|74\/100|[from] item: Leftovers\n|upkeep\n|turn|5\n|\n|t:|1633964175\n|move|p1a: Lucario|Swords Dance|p1a: Lucario\n|-boost|p1a: Lucario|atk|2\n|move|p2a: Uxie|Heal Bell|p2a: Uxie\n|-activate|p2a: Uxie|move: Heal Bell\n|-curestatus|p2: Arctovish|par|[msg]\n|-curestatus|p2: Incineroar|par|[msg]\n|\n|-heal|p2a: Uxie|80\/100|[from] item: Leftovers\n|upkeep\n|turn|6\n|\n|t:|1633964185\n|move|p1a: Lucario|Meteor Mash|p2a: Uxie\n|-damage|p2a: Uxie|23\/100\n|-damage|p1a: Lucario|81\/100|[from] item: Life Orb\n|move|p2a: Uxie|Thunder Wave|p1a: Lucario\n|-status|p1a: Lucario|par\n|\n|-heal|p2a: Uxie|29\/100|[from] item: Leftovers\n|upkeep\n|turn|7\n|\n|t:|1633964196\n|cant|p1a: Lucario|par\n|move|p2a: Uxie|Stealth Rock|p1a: Lucario\n|-sidestart|p1: lordcube|move: Stealth Rock\n|\n|-heal|p2a: Uxie|35\/100|[from] item: Leftovers\n|upkeep\n|turn|8\n|\n|t:|1633964220\n|switch|p2a: Incineroar|Incineroar, F|100\/100\n|-ability|p2a: Incineroar|Intimidate|boost\n|-fail|p1a: Lucario|unboost|Attack|[from] ability: Inner Focus|[of] p1a: Lucario\n|move|p1a: Lucario|Extreme Speed|p2a: Incineroar\n|-damage|p2a: Incineroar|58\/100\n|-damage|p1a: Lucario|71\/100 par|[from] item: Life Orb\n|\n|upkeep\n|turn|9\n|\n|t:|1633964233\n|move|p1a: Lucario|Extreme Speed|p2a: Incineroar\n|-damage|p2a: Incineroar|14\/100\n|-damage|p1a: Lucario|61\/100 par|[from] item: Life Orb\n|move|p2a: Incineroar|Flare Blitz|p1a: Lucario\n|-supereffective|p1a: Lucario\n|-damage|p1a: Lucario|0 fnt\n|faint|p1a: Lucario\n|-damage|p2a: Incineroar|0 fnt|[from] Recoil\n|faint|p2a: Incineroar\n|\n|upkeep\n|inactive|Denison123 has 120 seconds left.\n|\n|t:|1633964283\n|switch|p1a: Xurkitree|Xurkitree|100\/100\n|switch|p2a: Swirlix|Swirlix, M|100\/100\n|-damage|p1a: Xurkitree|88\/100|[from] Stealth Rock\n|-damage|p2a: Swirlix|88\/100|[from] Stealth Rock\n|turn|10\n|\n|t:|1633964292\n|move|p1a: Xurkitree|Thunderbolt|p2a: Swirlix\n|-damage|p2a: Swirlix|44\/100\n|-status|p2a: Swirlix|par\n|move|p2a: Swirlix|Sticky Web|p1a: Xurkitree\n|-sidestart|p1: lordcube|move: Sticky Web\n|\n|upkeep\n|turn|11\n|\n|t:|1633964298\n|move|p1a: Xurkitree|Thunderbolt|p2a: Swirlix\n|-damage|p2a: Swirlix|0 fnt\n|faint|p2a: Swirlix\n|-ability|p1a: Xurkitree|Beast Boost|boost\n|-boost|p1a: Xurkitree|spa|1\n|\n|upkeep\n|j| StanleyClean\n|l| StanleyClean\n|inactive|Denison123 has 90 seconds left.\n|\n|t:|1633964318\n|switch|p2a: Necrozma|Necrozma|100\/100\n|-damage|p2a: Necrozma|88\/100|[from] Stealth Rock\n|turn|12\n|\n|t:|1633964324\n|move|p1a: Xurkitree|Thunderbolt|p2a: Necrozma\n|-damage|p2a: Necrozma|0 fnt\n|faint|p2a: Necrozma\n|-ability|p1a: Xurkitree|Beast Boost|boost\n|-boost|p1a: Xurkitree|spa|1\n|\n|upkeep\n|\n|t:|1633964330\n|switch|p2a: Cinccino|Cinccino, F|100\/100\n|-damage|p2a: Cinccino|88\/100|[from] Stealth Rock\n|turn|13\n|\n|t:|1633964339\n|move|p1a: Xurkitree|Thunderbolt|p2a: Cinccino\n|-damage|p2a: Cinccino|0 fnt\n|faint|p2a: Cinccino\n|-ability|p1a: Xurkitree|Beast Boost|boost\n|-boost|p1a: Xurkitree|spa|1\n|\n|upkeep\n|c|\u2606Denison123|that scarft :(\n|\n|t:|1633964348\n|switch|p2a: Uxie|Uxie|35\/100\n|-damage|p2a: Uxie|23\/100|[from] Stealth Rock\n|turn|14\n|\n|t:|1633964352\n|move|p1a: Xurkitree|Thunderbolt|p2a: Uxie\n|-damage|p2a: Uxie|0 fnt\n|faint|p2a: Uxie\n|-ability|p1a: Xurkitree|Beast Boost|boost\n|-boost|p1a: Xurkitree|spa|1\n|\n|upkeep\n|\n|t:|1633964357\n|switch|p2a: Arctovish|Arctovish|76\/100\n|-damage|p2a: Arctovish|51\/100|[from] Stealth Rock\n|turn|15\n|\n|t:|1633964361\n|move|p1a: Xurkitree|Thunderbolt|p2a: Arctovish\n|-supereffective|p2a: Arctovish\n|-damage|p2a: Arctovish|0 fnt\n|faint|p2a: Arctovish\n|\n|win|lordcube\n|n|\u2606lordcube|lordcube\n|n|\u2606Denison123|denison123\n|n|*Lady Monita \u263d|ladymonita\n|n| Lapalittyam|lapalittyam\n|l|*Lady Monita \u263d\n|c|\u2606lordcube|gg\n|l|\u2606Denison123\n|l|\u2606lordcube\n","uploadtime":1633964389,"views":21,"p1id":"lordcube","p2id":"denison123","formatid":"gen8ru","rating":0,"private":0,"password":null}