{"id":"gen8ou-1693467130","p1":"alvar03","p2":"30orless","format":"gen8ou","log":"|html|<div class=\"broadcast-blue\"><strong>[Gen 8] OU is currently suspecting Melmetal! For information on how to participate check out the <a href=\"https:\/\/www.smogon.com\/forums\/threads\/np-ss-ou-suspect-process-round-12-monster-mash.3709234\/\">suspect thread<\/a>.<\/strong><\/div>\n|j|\u2606alvar03\n|j|\u260630orless\n|t:|1666610549\n|gametype|singles\n|player|p1|alvar03|alder|1630\n|player|p2|30orless|265|1680\n|teamsize|p1|6\n|teamsize|p2|6\n|gen|8\n|tier|[Gen 8] OU\n|rated|\n|rule|Sleep Clause Mod: Limit one foe put to sleep\n|rule|Species Clause: Limit one of each Pok\u00e9mon\n|rule|OHKO Clause: OHKO moves are banned\n|rule|Evasion Items Clause: Evasion items are banned\n|rule|Evasion Moves Clause: Evasion moves are banned\n|rule|Endless Battle Clause: Forcing endless battles is banned\n|rule|HP Percentage Mod: HP is shown in percentages\n|rule|Dynamax Clause: You cannot dynamax\n|clearpoke\n|poke|p1|Scizor, M|\n|poke|p1|Slowking-Galar, M|\n|poke|p1|Landorus-Therian, M|\n|poke|p1|Ferrothorn, M|\n|poke|p1|Heatran, M|\n|poke|p1|Dragapult, F|\n|poke|p2|Moltres|\n|poke|p2|Hydreigon, F|\n|poke|p2|Blaziken, M|\n|poke|p2|Volcanion|\n|poke|p2|Zapdos|\n|poke|p2|Mamoswine, M|\n|teampreview\n|j| Chiefsss\n|inactive|Battle timer is ON: inactive players will automatically lose when time's up. (requested by alvar03)\n|l| Chiefsss\n|j| hzcsysm\n|j| Chiefsss\n|j| lil globglabgla\n|inactive|30orless has 120 seconds left.\n|j| qxfn143\n|l| lil globglabgla\n|\n|t:|1666610620\n|start\n|switch|p1a: Dragapult|Dragapult, F|100\/100\n|switch|p2a: Blaziken|Blaziken, M|100\/100\n|turn|1\n|\n|t:|1666610624\n|switch|p2a: Moltres|Moltres|100\/100\n|move|p1a: Dragapult|Dragon Darts|p2a: Moltres\n|-damage|p2a: Moltres|61\/100\n|-anim|p1a: Dragapult|Dragon Darts|p2a: Moltres\n|-damage|p2a: Moltres|22\/100\n|\n|upkeep\n|turn|2\n|\n|t:|1666610627\n|move|p1a: Dragapult|Dragon Darts|p2a: Moltres\n|-damage|p2a: Moltres|0 fnt\n|faint|p2a: Moltres\n|\n|upkeep\n|\n|t:|1666610629\n|switch|p2a: Mamoswine|Mamoswine, M|100\/100\n|turn|3\n|\n|t:|1666610631\n|switch|p1a: Scizor|Scizor, M|100\/100\n|move|p2a: Mamoswine|Stealth Rock|p1a: Scizor\n|-sidestart|p1: alvar03|move: Stealth Rock\n|\n|upkeep\n|turn|4\n|\n|t:|1666610634\n|switch|p2a: Zapdos|Zapdos|100\/100\n|move|p1a: Scizor|Knock Off|p2a: Zapdos\n|-damage|p2a: Zapdos|70\/100\n|-enditem|p2a: Zapdos|Heavy-Duty Boots|[from] move: Knock Off|[of] p1a: Scizor\n|\n|upkeep\n|turn|5\n|j| xddxbbd\n|\n|t:|1666610640\n|switch|p2a: Mamoswine|Mamoswine, M|100\/100\n|switch|p1a: Slowking|Slowking-Galar, M|100\/100\n|-damage|p1a: Slowking|88\/100|[from] Stealth Rock\n|\n|upkeep\n|turn|6\n|\n|t:|1666610643\n|switch|p1a: Scizor|Scizor, M|100\/100\n|-damage|p1a: Scizor|88\/100|[from] Stealth Rock\n|move|p2a: Mamoswine|Earthquake|p1a: Scizor\n|-damage|p1a: Scizor|44\/100\n|\n|upkeep\n|turn|7\n|\n|t:|1666610647\n|move|p1a: Scizor|Bullet Punch|p2a: Mamoswine\n|-supereffective|p2a: Mamoswine\n|-damage|p2a: Mamoswine|39\/100\n|move|p2a: Mamoswine|Earthquake|p1a: Scizor\n|-damage|p1a: Scizor|0 fnt\n|faint|p1a: Scizor\n|\n|upkeep\n|j| X book fj\n|\n|t:|1666610658\n|switch|p1a: Ferrothorn|Ferrothorn, M|100\/100\n|-damage|p1a: Ferrothorn|94\/100|[from] Stealth Rock\n|turn|8\n|l|\u260630orless\n|inactive|30orless disconnected and has a minute to reconnect!\n|player|p2|\n|j|\u260630orless\n|inactive|30orless reconnected and has 135 seconds left.\n|player|p2|30orless|265\n|\n|t:|1666610677\n|switch|p2a: Blaziken|Blaziken, M|100\/100\n|move|p1a: Ferrothorn|Leech Seed|p2a: Blaziken\n|-start|p2a: Blaziken|move: Leech Seed\n|\n|-heal|p1a: Ferrothorn|100\/100|[from] item: Leftovers\n|-damage|p2a: Blaziken|88\/100|[from] Leech Seed|[of] p1a: Ferrothorn\n|upkeep\n|turn|9\n|\n|t:|1666610683\n|switch|p1a: Landorus|Landorus-Therian, M|100\/100\n|-damage|p1a: Landorus|88\/100|[from] Stealth Rock\n|-ability|p1a: Landorus|Intimidate|boost\n|-unboost|p2a: Blaziken|atk|1\n|move|p2a: Blaziken|Overheat|p1a: Landorus\n|-damage|p1a: Landorus|9\/100\n|-unboost|p2a: Blaziken|spa|2\n|-damage|p2a: Blaziken|78\/100|[from] item: Life Orb\n|\n|-heal|p1a: Landorus|15\/100|[from] item: Leftovers\n|-damage|p2a: Blaziken|66\/100|[from] Leech Seed|[of] p1a: Landorus\n|-heal|p1a: Landorus|25\/100|[silent]\n|-ability|p2a: Blaziken|Speed Boost|boost\n|-boost|p2a: Blaziken|spe|1\n|upkeep\n|turn|10\n|\n|t:|1666610690\n|switch|p2a: Zapdos|Zapdos|70\/100\n|move|p1a: Landorus|Defog|p2a: Zapdos\n|-unboost|p2a: Zapdos|evasion|1\n|-sideend|p1: alvar03|Stealth Rock|[from] move: Defog|[of] p1a: Landorus\n|\n|-heal|p1a: Landorus|31\/100|[from] item: Leftovers\n|upkeep\n|turn|11\n|l| hzcsysm\n|\n|t:|1666610695\n|switch|p1a: Slowking|Slowking-Galar, M|100\/100\n|move|p2a: Zapdos|Hurricane|p1a: Slowking|[miss]\n|-miss|p2a: Zapdos|p1a: Slowking\n|\n|upkeep\n|turn|12\n|\n|t:|1666610700\n|switch|p1a: Landorus|Landorus-Therian, M|31\/100\n|-ability|p1a: Landorus|Intimidate|boost\n|-unboost|p2a: Zapdos|atk|1\n|move|p2a: Zapdos|Discharge|p1a: Landorus\n|-immune|p1a: Landorus\n|\n|-heal|p1a: Landorus|37\/100|[from] item: Leftovers\n|upkeep\n|turn|13\n|\n|t:|1666610703\n|switch|p1a: Slowking|Slowking-Galar, M|100\/100\n|move|p2a: Zapdos|Hurricane|p1a: Slowking|[miss]\n|-miss|p2a: Zapdos|p1a: Slowking\n|\n|upkeep\n|turn|14\n|\n|t:|1666610706\n|move|p2a: Zapdos|Discharge|p1a: Slowking\n|-damage|p1a: Slowking|82\/100\n|-status|p1a: Slowking|par\n|move|p1a: Slowking|Sludge Bomb|p2a: Zapdos\n|-damage|p2a: Zapdos|35\/100\n|\n|upkeep\n|turn|15\n|\n|t:|1666610711\n|move|p2a: Zapdos|Roost|p2a: Zapdos\n|-heal|p2a: Zapdos|85\/100\n|-singleturn|p2a: Zapdos|move: Roost\n|move|p1a: Slowking|Sludge Bomb|p2a: Zapdos\n|-damage|p2a: Zapdos|45\/100\n|\n|upkeep\n|turn|16\n|j| skeleyguy\n|\n|t:|1666610716\n|move|p2a: Zapdos|Roost|p2a: Zapdos\n|-heal|p2a: Zapdos|96\/100\n|-singleturn|p2a: Zapdos|move: Roost\n|cant|p1a: Slowking|par\n|\n|upkeep\n|turn|17\n|\n|t:|1666610719\n|switch|p2a: Mamoswine|Mamoswine, M|39\/100\n|move|p1a: Slowking|Sludge Bomb|p2a: Mamoswine\n|-resisted|p2a: Mamoswine\n|-damage|p2a: Mamoswine|11\/100\n|\n|upkeep\n|turn|18\n|l| skeleyguy\n|\n|t:|1666610727\n|switch|p1a: Landorus|Landorus-Therian, M|37\/100\n|-ability|p1a: Landorus|Intimidate|boost\n|-fail|p2a: Mamoswine|unboost|Attack|[from] ability: Oblivious|[of] p2a: Mamoswine\n|move|p2a: Mamoswine|Stealth Rock|p1a: Landorus\n|-sidestart|p1: alvar03|move: Stealth Rock\n|\n|-heal|p1a: Landorus|43\/100|[from] item: Leftovers\n|upkeep\n|turn|19\n|\n|t:|1666610731\n|move|p2a: Mamoswine|Icicle Crash|p1a: Landorus\n|-supereffective|p1a: Landorus\n|-damage|p1a: Landorus|0 fnt\n|faint|p1a: Landorus\n|\n|upkeep\n|\n|t:|1666610733\n|switch|p1a: Dragapult|Dragapult, F|100\/100\n|-damage|p1a: Dragapult|88\/100|[from] Stealth Rock\n|turn|20\n|\n|t:|1666610735\n|move|p2a: Mamoswine|Ice Shard|p1a: Dragapult\n|-supereffective|p1a: Dragapult\n|-damage|p1a: Dragapult|29\/100\n|move|p1a: Dragapult|Dragon Darts|p2a: Mamoswine\n|-damage|p2a: Mamoswine|0 fnt\n|faint|p2a: Mamoswine\n|\n|upkeep\n|\n|t:|1666610739\n|switch|p2a: Hydreigon|Hydreigon, F|100\/100\n|turn|21\n|\n|t:|1666610743\n|switch|p1a: Ferrothorn|Ferrothorn, M|100\/100\n|-damage|p1a: Ferrothorn|94\/100|[from] Stealth Rock\n|move|p2a: Hydreigon|Dark Pulse|p1a: Ferrothorn\n|-damage|p1a: Ferrothorn|68\/100\n|\n|-heal|p1a: Ferrothorn|74\/100|[from] item: Leftovers\n|upkeep\n|turn|22\n|\n|t:|1666610748\n|switch|p2a: Blaziken|Blaziken, M|66\/100\n|move|p1a: Ferrothorn|Leech Seed|p2a: Blaziken\n|-start|p2a: Blaziken|move: Leech Seed\n|\n|-heal|p1a: Ferrothorn|80\/100|[from] item: Leftovers\n|-damage|p2a: Blaziken|54\/100|[from] Leech Seed|[of] p1a: Ferrothorn\n|-heal|p1a: Ferrothorn|91\/100|[silent]\n|upkeep\n|turn|23\n|\n|t:|1666610752\n|switch|p2a: Volcanion|Volcanion|100\/100\n|switch|p1a: Slowking|Slowking-Galar, M|100\/100 par\n|-damage|p1a: Slowking|88\/100 par|[from] Stealth Rock\n|\n|upkeep\n|turn|24\n|\n|t:|1666610754\n|move|p2a: Volcanion|Earth Power|p1a: Slowking\n|-supereffective|p1a: Slowking\n|-damage|p1a: Slowking|59\/100 par\n|move|p1a: Slowking|Sludge Bomb|p2a: Volcanion\n|-damage|p2a: Volcanion|58\/100\n|-status|p2a: Volcanion|psn\n|\n|-damage|p2a: Volcanion|45\/100 psn|[from] psn\n|upkeep\n|turn|25\n|\n|t:|1666610760\n|move|p2a: Volcanion|Earth Power|p1a: Slowking\n|-supereffective|p1a: Slowking\n|-damage|p1a: Slowking|29\/100 par\n|move|p1a: Slowking|Sludge Bomb|p2a: Volcanion\n|-damage|p2a: Volcanion|6\/100 psn\n|\n|-damage|p2a: Volcanion|0 fnt|[from] psn\n|faint|p2a: Volcanion\n|upkeep\n|\n|t:|1666610772\n|switch|p2a: Blaziken|Blaziken, M|54\/100\n|turn|26\n|\n|t:|1666610775\n|move|p2a: Blaziken|Knock Off|p1a: Slowking\n|-supereffective|p1a: Slowking\n|-damage|p1a: Slowking|0 fnt\n|-enditem|p1a: Slowking|Assault Vest|[from] move: Knock Off|[of] p2a: Blaziken\n|faint|p1a: Slowking\n|-damage|p2a: Blaziken|44\/100|[from] item: Life Orb\n|\n|-ability|p2a: Blaziken|Speed Boost|boost\n|-boost|p2a: Blaziken|spe|1\n|upkeep\n|\n|t:|1666610784\n|switch|p1a: Heatran|Heatran, M|100\/100\n|-damage|p1a: Heatran|88\/100|[from] Stealth Rock\n|-item|p1a: Heatran|Air Balloon\n|turn|27\n|\n|t:|1666610787\n|move|p2a: Blaziken|Close Combat|p1a: Heatran\n|-supereffective|p1a: Heatran\n|-damage|p1a: Heatran|0 fnt\n|-unboost|p2a: Blaziken|def|1\n|-unboost|p2a: Blaziken|spd|1\n|-enditem|p1a: Heatran|Air Balloon\n|faint|p1a: Heatran\n|-damage|p2a: Blaziken|34\/100|[from] item: Life Orb\n|\n|-ability|p2a: Blaziken|Speed Boost|boost\n|-boost|p2a: Blaziken|spe|1\n|upkeep\n|\n|t:|1666610793\n|switch|p1a: Dragapult|Dragapult, F|29\/100\n|-damage|p1a: Dragapult|17\/100|[from] Stealth Rock\n|turn|28\n|\n|t:|1666610795\n|move|p2a: Blaziken|Knock Off|p1a: Dragapult\n|-supereffective|p1a: Dragapult\n|-damage|p1a: Dragapult|0 fnt\n|-enditem|p1a: Dragapult|Choice Band|[from] move: Knock Off|[of] p2a: Blaziken\n|faint|p1a: Dragapult\n|-damage|p2a: Blaziken|24\/100|[from] item: Life Orb\n|\n|-ability|p2a: Blaziken|Speed Boost|boost\n|-boost|p2a: Blaziken|spe|1\n|upkeep\n|-message|alvar03 forfeited.\n|\n|win|30orless\n|raw|alvar03's rating: 1630 &rarr; <strong>1613<\/strong><br \/>(-17 for losing)\n|raw|30orless's rating: 1680 &rarr; <strong>1697<\/strong><br \/>(+17 for winning)\n|l|\u2606alvar03\n","uploadtime":1666610802,"views":13,"p1id":"alvar03","p2id":"30orless","formatid":"gen8ou","rating":1613,"private":0,"password":null}