{"id":"gen8almostanyability-1676088921","p1":"Unviabriel","p2":"career ended","format":"gen8almostanyability","log":"|html|<div class=\"broadcast-blue\"><strong>[Gen 8] Almost Any Ability is currently suspecting Genesect! For information on how to participate check out the <a href=\"https:\/\/www.smogon.com\/forums\/threads\/ss-aaa-suspect-9-burning-red-genesect.3708014\/\">suspect thread<\/a>.<\/strong><\/div>\n|j|\u2606Unviabriel\n|j|\u2606career ended\n|t:|1664751023\n|gametype|singles\n|player|p1|Unviabriel|shauntal|\n|player|p2|career ended|depotagent|\n|teamsize|p1|6\n|teamsize|p2|6\n|gen|8\n|tier|[Gen 8] Almost Any Ability\n|rule|Species Clause: Limit one of each Pok\u00e9mon\n|rule|OHKO Clause: OHKO moves are banned\n|rule|Evasion Moves Clause: Evasion moves are banned\n|rule|Endless Battle Clause: Forcing endless battles is banned\n|rule|Dynamax Clause: You cannot dynamax\n|rule|HP Percentage Mod: HP is shown in percentages\n|rule|2 Ability Clause: Limit two of each ability\n|rule|Sleep Clause: Sleep-inducing moves are banned\n|clearpoke\n|poke|p1|Talonflame, F|\n|poke|p1|Garchomp, M|\n|poke|p1|Jirachi|\n|poke|p1|Tapu Koko|\n|poke|p1|Toxapex, M|\n|poke|p1|Mandibuzz, F|\n|poke|p2|Golisopod, M|\n|poke|p2|Tapu Koko|\n|poke|p2|Nidoqueen, F|\n|poke|p2|Skarmory, M|\n|poke|p2|Blissey, F|\n|poke|p2|Tapu Fini|\n|teampreview\n|c|\u2606Unviabriel|glhf\n|c|\u2606career ended|u2\n|\n|t:|1664751099\n|start\n|switch|p1a: Garchomp|Garchomp, M|100\/100\n|switch|p2a: Tapu Fini|Tapu Fini|100\/100\n|turn|1\n|\n|t:|1664751113\n|switch|p1a: Jirachi|Jirachi, shiny|100\/100\n|move|p2a: Tapu Fini|Scald|p1a: Jirachi\n|-damage|p1a: Jirachi|89\/100\n|-status|p1a: Jirachi|brn\n|\n|-damage|p1a: Jirachi|83\/100 brn|[from] brn\n|upkeep\n|turn|2\n|\n|t:|1664751119\n|move|p1a: Jirachi|Future Sight|p2a: Tapu Fini\n|-start|p1a: Jirachi|move: Future Sight\n|move|p2a: Tapu Fini|Knock Off|p1a: Jirachi\n|-supereffective|p1a: Jirachi\n|-damage|p1a: Jirachi|60\/100 brn\n|-enditem|p1a: Jirachi|Assault Vest|[from] move: Knock Off|[of] p2a: Tapu Fini\n|\n|-damage|p1a: Jirachi|54\/100 brn|[from] brn\n|upkeep\n|turn|3\n|\n|t:|1664751138\n|move|p1a: Jirachi|U-turn|p2a: Tapu Fini\n|-resisted|p2a: Tapu Fini\n|-damage|p2a: Tapu Fini|98\/100\n|\n|t:|1664751144\n|switch|p1a: Tapu Koko|Tapu Koko|100\/100|[from]move: U-turn\n|move|p2a: Tapu Fini|Knock Off|p1a: Tapu Koko\n|-resisted|p1a: Tapu Koko\n|-damage|p1a: Tapu Koko|90\/100\n|-enditem|p1a: Tapu Koko|Life Orb|[from] move: Knock Off|[of] p2a: Tapu Fini\n|\n|-heal|p2a: Tapu Fini|100\/100|[from] item: Leftovers\n|upkeep\n|turn|4\n|\n|t:|1664751170\n|move|p1a: Tapu Koko|Discharge|p2a: Tapu Fini\n|-supereffective|p2a: Tapu Fini\n|-damage|p2a: Tapu Fini|46\/100\n|-status|p2a: Tapu Fini|par\n|move|p2a: Tapu Fini|Scald|p1a: Tapu Koko\n|-crit|p1a: Tapu Koko\n|-damage|p1a: Tapu Koko|29\/100\n|\n|-end|p2a: Tapu Fini|move: Future Sight\n|-crit|p2a: Tapu Fini\n|-damage|p2a: Tapu Fini|0 fnt\n|faint|p2a: Tapu Fini\n|upkeep\n|c|\u2606Unviabriel|interesting turn\n|\n|t:|1664751191\n|switch|p2a: Nidoqueen|Nidoqueen, F|100\/100\n|turn|5\n|\n|t:|1664751216\n|switch|p1a: Garchomp|Garchomp, M|100\/100\n|move|p2a: Nidoqueen|Poison Fang|p1a: Garchomp\n|-resisted|p1a: Garchomp\n|-crit|p1a: Garchomp\n|-damage|p1a: Garchomp|91\/100\n|\n|upkeep\n|turn|6\n|\n|t:|1664751240\n|move|p1a: Garchomp|Stealth Rock|p2a: Nidoqueen\n|-sidestart|p2: career ended|move: Stealth Rock\n|move|p2a: Nidoqueen|Stealth Rock|p1a: Garchomp\n|-sidestart|p1: Unviabriel|move: Stealth Rock\n|\n|upkeep\n|turn|7\n|j| armin@!\n|\n|t:|1664751305\n|move|p1a: Garchomp|Swords Dance|p1a: Garchomp\n|-boost|p1a: Garchomp|atk|2\n|move|p2a: Nidoqueen|Poison Fang|p1a: Garchomp\n|-resisted|p1a: Garchomp\n|-damage|p1a: Garchomp|84\/100\n|\n|upkeep\n|turn|8\n|\n|t:|1664751312\n|switch|p2a: Skarmory|Skarmory, M|100\/100\n|-damage|p2a: Skarmory|88\/100|[from] Stealth Rock\n|-ability|p2a: Skarmory|Dauntless Shield|boost\n|-boost|p2a: Skarmory|def|1\n|move|p1a: Garchomp|Earthquake|p2a: Skarmory\n|-immune|p2a: Skarmory\n|\n|upkeep\n|turn|9\n|\n|t:|1664751364\n|switch|p1a: Talonflame|Talonflame, F|100\/100\n|move|p2a: Skarmory|Body Press|p1a: Talonflame\n|-resisted|p1a: Talonflame\n|-damage|p1a: Talonflame|61\/100\n|\n|upkeep\n|turn|10\n|j| Mr. Game & Watch@!\n|\n|t:|1664751413\n|switch|p2a: Tapu Koko|Tapu Koko|100\/100\n|move|p1a: Talonflame|Swords Dance|p1a: Talonflame\n|-boost|p1a: Talonflame|atk|2\n|\n|upkeep\n|turn|11\n|\n|t:|1664751438\n|switch|p1a: Jirachi|Jirachi, shiny|87\/100 brn\n|-damage|p1a: Jirachi|81\/100 brn|[from] Stealth Rock\n|move|p2a: Tapu Koko|Thunderbolt|p1a: Jirachi\n|-damage|p1a: Jirachi|47\/100 brn\n|\n|-damage|p1a: Jirachi|41\/100 brn|[from] brn\n|upkeep\n|turn|12\n|j| demondinnerlady\n|j| TTTech_\n|\n|t:|1664751446\n|move|p2a: Tapu Koko|U-turn|p1a: Jirachi\n|-damage|p1a: Jirachi|22\/100 brn\n|\n|t:|1664751448\n|switch|p2a: Nidoqueen|Nidoqueen, F|100\/100|[from]move: U-turn\n|-damage|p2a: Nidoqueen|94\/100|[from] Stealth Rock\n|move|p1a: Jirachi|U-turn|p2a: Nidoqueen\n|-resisted|p2a: Nidoqueen\n|-damage|p2a: Nidoqueen|91\/100\n|-damage|p1a: Jirachi|6\/100 brn|[from] item: Rocky Helmet|[of] p2a: Nidoqueen\n|j|+Greybaum\n|\n|t:|1664751488\n|switch|p1a: Garchomp|Garchomp, M|100\/100|[from]move: U-turn\n|-damage|p1a: Garchomp|94\/100|[from] Stealth Rock\n|\n|upkeep\n|turn|13\n|\n|t:|1664751497\n|switch|p1a: Talonflame|Talonflame, F|61\/100\n|move|p2a: Nidoqueen|Poison Fang|p1a: Talonflame\n|-damage|p1a: Talonflame|37\/100\n|\n|upkeep\n|turn|14\n|j| Deepfriedmagikarp\n|\n|t:|1664751515\n|switch|p2a: Tapu Koko|Tapu Koko|100\/100\n|move|p1a: Talonflame|Flare Blitz|p2a: Tapu Koko\n|-damage|p2a: Tapu Koko|16\/100\n|\n|upkeep\n|turn|15\n|\n|t:|1664751564\n|switch|p1a: Garchomp|Garchomp, M|100\/100\n|-damage|p1a: Garchomp|94\/100|[from] Stealth Rock\n|move|p2a: Tapu Koko|Thunderbolt|p1a: Garchomp\n|-immune|p1a: Garchomp\n|\n|upkeep\n|turn|16\n|\n|t:|1664751581\n|move|p2a: Tapu Koko|U-turn|p1a: Garchomp\n|-damage|p1a: Garchomp|73\/100\n|\n|t:|1664751583\n|switch|p2a: Skarmory|Skarmory, M|88\/100|[from]move: U-turn\n|-damage|p2a: Skarmory|76\/100|[from] Stealth Rock\n|-ability|p2a: Skarmory|Dauntless Shield|boost\n|-boost|p2a: Skarmory|def|1\n|move|p1a: Garchomp|Earthquake|p2a: Skarmory\n|-immune|p2a: Skarmory\n|\n|upkeep\n|turn|17\n|\n|t:|1664751593\n|switch|p1a: Toxapex|Toxapex, M|100\/100\n|-damage|p1a: Toxapex|88\/100|[from] Stealth Rock\n|move|p2a: Skarmory|Spikes|p1a: Toxapex\n|-sidestart|p1: Unviabriel|Spikes\n|\n|-heal|p1a: Toxapex|94\/100|[from] item: Black Sludge\n|upkeep\n|turn|18\n|j|+Quantum Tesseract\n|\n|t:|1664751608\n|switch|p2a: Blissey|Blissey, F|100\/100\n|-damage|p2a: Blissey|88\/100|[from] Stealth Rock\n|move|p1a: Toxapex|Scald|p2a: Blissey\n|-damage|p2a: Blissey|82\/100\n|\n|-heal|p2a: Blissey|88\/100|[from] item: Leftovers\n|-heal|p1a: Toxapex|100\/100|[from] item: Black Sludge\n|upkeep\n|turn|19\n|j| cityscapes\n|\n|t:|1664751683\n|switch|p2a: Golisopod|Golisopod, M|100\/100\n|move|p1a: Toxapex|Scald|p2a: Golisopod\n|-resisted|p2a: Golisopod\n|-damage|p2a: Golisopod|91\/100\n|\n|upkeep\n|turn|20\n|\n|t:|1664751708\n|switch|p2a: Blissey|Blissey, F|88\/100\n|-damage|p2a: Blissey|76\/100|[from] Stealth Rock\n|move|p1a: Toxapex|Scald|p2a: Blissey\n|-damage|p2a: Blissey|70\/100\n|\n|-heal|p2a: Blissey|76\/100|[from] item: Leftovers\n|upkeep\n|turn|21\n|\n|t:|1664751725\n|move|p2a: Blissey|Flamethrower|p1a: Toxapex\n|-resisted|p1a: Toxapex\n|-damage|p1a: Toxapex|95\/100\n|-status|p1a: Toxapex|brn\n|move|p1a: Toxapex|Scald|p2a: Blissey\n|-damage|p2a: Blissey|70\/100\n|\n|-heal|p2a: Blissey|77\/100|[from] item: Leftovers\n|-heal|p1a: Toxapex|100\/100 brn|[from] item: Black Sludge\n|-damage|p1a: Toxapex|94\/100 brn|[from] brn\n|upkeep\n|turn|22\n|c|\u2606Unviabriel|how does flame burn before scald\n|\n|t:|1664751738\n|move|p2a: Blissey|Flamethrower|p1a: Toxapex\n|-resisted|p1a: Toxapex\n|-damage|p1a: Toxapex|88\/100 brn\n|move|p1a: Toxapex|Scald|p2a: Blissey\n|-damage|p2a: Blissey|70\/100\n|-status|p2a: Blissey|brn\n|\n|-heal|p2a: Blissey|76\/100 brn|[from] item: Leftovers\n|-heal|p1a: Toxapex|95\/100 brn|[from] item: Black Sludge\n|-damage|p2a: Blissey|70\/100 brn|[from] brn\n|-damage|p1a: Toxapex|88\/100 brn|[from] brn\n|upkeep\n|turn|23\n|c| cityscapes|scaldcels be seething over flamethrowerchads\n|c| armin|ok\n|\n|t:|1664751767\n|switch|p1a: Talonflame|Talonflame, F|37\/100\n|move|p2a: Blissey|Toxic|p1a: Talonflame\n|-status|p1a: Talonflame|tox\n|\n|-heal|p2a: Blissey|76\/100 brn|[from] item: Leftovers\n|-damage|p2a: Blissey|70\/100 brn|[from] brn\n|upkeep\n|turn|24\n|\n|t:|1664751778\n|move|p2a: Blissey|Skill Swap|p1a: Talonflame\n|-activate|p2a: Blissey|move: Skill Swap|Magic Guard|Prankster|[of] p1a: Talonflame\n|move|p1a: Talonflame|Roost|p1a: Talonflame\n|-heal|p1a: Talonflame|87\/100 tox\n|-singleturn|p1a: Talonflame|move: Roost\n|\n|-heal|p2a: Blissey|76\/100 brn|[from] item: Leftovers\n|-damage|p1a: Talonflame|75\/100 tox|[from] psn\n|upkeep\n|turn|25\n|\n|t:|1664751814\n|switch|p1a: Tapu Koko|Tapu Koko|29\/100\n|move|p2a: Blissey|Flamethrower|p1a: Tapu Koko\n|-damage|p1a: Tapu Koko|2\/100\n|\n|-heal|p2a: Blissey|83\/100 brn|[from] item: Leftovers\n|upkeep\n|turn|26\n|\n|t:|1664751830\n|switch|p2a: Nidoqueen|Nidoqueen, F|100\/100\n|-damage|p2a: Nidoqueen|94\/100|[from] Stealth Rock\n|move|p1a: Tapu Koko|Roost|p1a: Tapu Koko\n|-heal|p1a: Tapu Koko|52\/100\n|-singleturn|p1a: Tapu Koko|move: Roost\n|\n|upkeep\n|turn|27\n|j| beauts\n|c| beauts|butts\n|c| armin|ok\n|c| cityscapes|i wish\n|\n|t:|1664751856\n|switch|p1a: Talonflame|Talonflame, F|75\/100 tox\n|move|p2a: Nidoqueen|Super Fang|p1a: Talonflame\n|-damage|p1a: Talonflame|38\/100 tox\n|\n|upkeep\n|turn|28\n|l|beauts\n|\n|t:|1664751896\n|move|p1a: Talonflame|Flare Blitz|p2a: Nidoqueen\n|-damage|p2a: Nidoqueen|53\/100\n|move|p2a: Nidoqueen|Super Fang|p1a: Talonflame\n|-damage|p1a: Talonflame|19\/100 tox\n|\n|upkeep\n|turn|29\n|j| omaznits\n|\n|t:|1664751943\n|switch|p1a: Toxapex|Toxapex, M|88\/100 brn\n|-damage|p1a: Toxapex|76\/100 brn|[from] Stealth Rock\n|-damage|p1a: Toxapex|63\/100 brn|[from] Spikes\n|move|p2a: Nidoqueen|Poison Fang|p1a: Toxapex\n|-resisted|p1a: Toxapex\n|-damage|p1a: Toxapex|57\/100 brn\n|\n|-heal|p1a: Toxapex|64\/100 brn|[from] item: Black Sludge\n|-damage|p1a: Toxapex|57\/100 brn|[from] brn\n|upkeep\n|turn|30\n|\n|t:|1664751969\n|switch|p2a: Golisopod|Golisopod, M|91\/100\n|move|p1a: Toxapex|Scald|p2a: Golisopod\n|-resisted|p2a: Golisopod\n|-crit|p2a: Golisopod\n|-damage|p2a: Golisopod|76\/100\n|\n|-heal|p1a: Toxapex|64\/100 brn|[from] item: Black Sludge\n|-damage|p1a: Toxapex|57\/100 brn|[from] brn\n|upkeep\n|turn|31\n|\n|t:|1664751988\n|move|p1a: Toxapex|Recover|p1a: Toxapex\n|-heal|p1a: Toxapex|100\/100 brn\n|move|p2a: Golisopod|Knock Off|p1a: Toxapex\n|-crit|p1a: Toxapex\n|-damage|p1a: Toxapex|49\/100 brn\n|-enditem|p1a: Toxapex|Black Sludge|[from] move: Knock Off|[of] p2a: Golisopod\n|\n|-damage|p1a: Toxapex|43\/100 brn|[from] brn\n|upkeep\n|turn|32\n|\n|t:|1664752018\n|switch|p2a: Blissey|Blissey, F|83\/100 brn\n|-damage|p2a: Blissey|70\/100 brn|[from] Stealth Rock\n|move|p1a: Toxapex|Recover|p1a: Toxapex\n|-heal|p1a: Toxapex|93\/100 brn\n|\n|-heal|p2a: Blissey|76\/100 brn|[from] item: Leftovers\n|-damage|p2a: Blissey|70\/100 brn|[from] brn\n|-damage|p1a: Toxapex|86\/100 brn|[from] brn\n|upkeep\n|turn|33\n|\n|t:|1664752121\n|move|p2a: Blissey|Toxic||[still]\n|-fail|p2a: Blissey\n|move|p1a: Toxapex|Scald|p2a: Blissey\n|-damage|p2a: Blissey|64\/100 brn\n|\n|-heal|p2a: Blissey|70\/100 brn|[from] item: Leftovers\n|-damage|p2a: Blissey|64\/100 brn|[from] brn\n|-damage|p1a: Toxapex|80\/100 brn|[from] brn\n|upkeep\n|turn|34\n|\n|t:|1664752163\n|switch|p1a: Talonflame|Talonflame, F|19\/100 tox\n|move|p2a: Blissey|Flamethrower|p1a: Talonflame\n|-resisted|p1a: Talonflame\n|-damage|p1a: Talonflame|8\/100 tox\n|\n|-heal|p2a: Blissey|70\/100 brn|[from] item: Leftovers\n|-damage|p2a: Blissey|64\/100 brn|[from] brn\n|upkeep\n|turn|35\n|j| beauts\n|\n|t:|1664752179\n|move|p2a: Blissey|Skill Swap|p1a: Talonflame\n|-activate|p2a: Blissey|move: Skill Swap|Magic Guard|Prankster|[of] p1a: Talonflame\n|move|p1a: Talonflame|Roost|p1a: Talonflame\n|-heal|p1a: Talonflame|58\/100 tox\n|-singleturn|p1a: Talonflame|move: Roost\n|\n|-heal|p2a: Blissey|70\/100 brn|[from] item: Leftovers\n|-damage|p1a: Talonflame|46\/100 tox|[from] psn\n|upkeep\n|turn|36\n|\n|t:|1664752205\n|switch|p1a: Tapu Koko|Tapu Koko|52\/100\n|switch|p2a: Nidoqueen|Nidoqueen, F|87\/100\n|-damage|p2a: Nidoqueen|80\/100|[from] Stealth Rock\n|\n|upkeep\n|turn|37\n|j| Tanny89k\n|l| TTTech_\n|l| Tanny89k\n|\n|t:|1664752233\n|switch|p1a: Garchomp|Garchomp, M|100\/100\n|-damage|p1a: Garchomp|94\/100|[from] Stealth Rock\n|-damage|p1a: Garchomp|82\/100|[from] Spikes\n|move|p2a: Nidoqueen|Super Fang|p1a: Garchomp\n|-damage|p1a: Garchomp|41\/100\n|\n|upkeep\n|turn|38\n|\n|t:|1664752270\n|switch|p1a: Talonflame|Talonflame, F|46\/100 tox\n|move|p2a: Nidoqueen|Earthquake|p1a: Talonflame\n|-immune|p1a: Talonflame\n|\n|upkeep\n|turn|39\n|j| Imagine being me\n|n|@isaiaH@!|mrgamewatch\n|\n|t:|1664752289\n|move|p1a: Talonflame|Flare Blitz|p2a: Nidoqueen\n|-damage|p2a: Nidoqueen|39\/100\n|move|p2a: Nidoqueen|Super Fang|p1a: Talonflame\n|-damage|p1a: Talonflame|23\/100 tox\n|\n|upkeep\n|turn|40\n|\n|t:|1664752299\n|switch|p2a: Golisopod|Golisopod, M|76\/100\n|move|p1a: Talonflame|Flare Blitz|p2a: Golisopod\n|-damage|p2a: Golisopod|33\/100\n|\n|upkeep\n|turn|41\n|\n|t:|1664752320\n|switch|p1a: Mandibuzz|Mandibuzz, F|100\/100\n|-ability|p1a: Mandibuzz|Dauntless Shield|boost\n|-boost|p1a: Mandibuzz|def|1\n|move|p2a: Golisopod|Pain Split|p1a: Mandibuzz\n|-sethp|p1a: Mandibuzz|64\/100|[from] move: Pain Split|[silent]\n|-sethp|p2a: Golisopod|79\/100|[from] move: Pain Split\n|\n|upkeep\n|turn|42\n|l| omaznits\n|\n|t:|1664752342\n|move|p1a: Mandibuzz|Foul Play|p2a: Golisopod\n|-damage|p2a: Golisopod|39\/100\n|move|p2a: Golisopod|Bulk Up|p2a: Golisopod\n|-boost|p2a: Golisopod|atk|1\n|-boost|p2a: Golisopod|def|1\n|\n|upkeep\n|turn|43\n|c| armin|i had pumpkin beer earlier\n|c| beauts|who asked\n|c| armin|your mom\n|c| beauts|no she didnt\n|c| beauts|she's dead\n|c| armin|ok and?\n|c| armin|ouija\n|\n|t:|1664752378\n|switch|p2a: Skarmory|Skarmory, M|76\/100\n|-damage|p2a: Skarmory|64\/100|[from] Stealth Rock\n|-ability|p2a: Skarmory|Dauntless Shield|boost\n|-boost|p2a: Skarmory|def|1\n|move|p1a: Mandibuzz|Foul Play|p2a: Skarmory\n|-damage|p2a: Skarmory|55\/100\n|-damage|p1a: Mandibuzz|47\/100|[from] item: Rocky Helmet|[of] p2a: Skarmory\n|\n|upkeep\n|turn|44\n|c| beauts|well she isnt actually dead but if she was she'd say dcda\n|j| TheFlashA04\n|\n|t:|1664752439\n|switch|p1a: Tapu Koko|Tapu Koko|52\/100\n|switch|p2a: Tapu Koko|Tapu Koko|16\/100\n|\n|upkeep\n|turn|45\n|j| Redflix\n|c| cityscapes|in these types of situations the correct play is\n|c| cityscapes|call the bluff and just tell the other person \"no, your mom isn't dead actually\"\n|\n|t:|1664752503\n|switch|p2a: Nidoqueen|Nidoqueen, F|72\/100\n|-damage|p2a: Nidoqueen|66\/100|[from] Stealth Rock\n|move|p1a: Tapu Koko|Dazzling Gleam|p2a: Nidoqueen\n|-resisted|p2a: Nidoqueen\n|-damage|p2a: Nidoqueen|47\/100\n|\n|upkeep\n|turn|46\n|\n|t:|1664752567\n|switch|p1a: Mandibuzz|Mandibuzz, F|47\/100\n|-ability|p1a: Mandibuzz|Dauntless Shield|boost\n|-boost|p1a: Mandibuzz|def|1\n|move|p2a: Nidoqueen|Earthquake|p1a: Mandibuzz\n|-immune|p1a: Mandibuzz\n|\n|upkeep\n|turn|47\n|\n|t:|1664752587\n|move|p1a: Mandibuzz|Defog|p2a: Nidoqueen\n|-unboost|p2a: Nidoqueen|evasion|1\n|-sideend|p2: career ended|Stealth Rock|[from] move: Defog|[of] p1a: Mandibuzz\n|-sideend|p1: Unviabriel|Spikes|[from] move: Defog|[of] p1a: Mandibuzz\n|-sideend|p1: Unviabriel|Stealth Rock|[from] move: Defog|[of] p1a: Mandibuzz\n|move|p2a: Nidoqueen|Poison Fang|p1a: Mandibuzz\n|-damage|p1a: Mandibuzz|40\/100\n|\n|upkeep\n|turn|48\n|\n|t:|1664752607\n|switch|p1a: Jirachi|Jirachi, shiny|39\/100 brn\n|move|p2a: Nidoqueen|Stealth Rock|p1a: Jirachi\n|-sidestart|p1: Unviabriel|move: Stealth Rock\n|\n|-damage|p1a: Jirachi|33\/100 brn|[from] brn\n|upkeep\n|turn|49\n|\n|t:|1664752618\n|switch|p1a: Garchomp|Garchomp, M|75\/100\n|-damage|p1a: Garchomp|68\/100|[from] Stealth Rock\n|move|p2a: Nidoqueen|Poison Fang|p1a: Garchomp\n|-resisted|p1a: Garchomp\n|-damage|p1a: Garchomp|61\/100\n|-status|p1a: Garchomp|tox\n|\n|-damage|p1a: Garchomp|55\/100 tox|[from] psn\n|upkeep\n|turn|50\n|\n|t:|1664752628\n|switch|p2a: Tapu Koko|Tapu Koko|16\/100\n|move|p1a: Garchomp|Stealth Rock|p2a: Tapu Koko\n|-sidestart|p2: career ended|move: Stealth Rock\n|\n|-damage|p1a: Garchomp|43\/100 tox|[from] psn\n|upkeep\n|turn|51\n|\n|t:|1664752654\n|switch|p1a: Jirachi|Jirachi, shiny|66\/100 brn\n|-damage|p1a: Jirachi|60\/100 brn|[from] Stealth Rock\n|move|p2a: Tapu Koko|Thunderbolt|p1a: Jirachi\n|-damage|p1a: Jirachi|26\/100 brn\n|\n|-damage|p1a: Jirachi|20\/100 brn|[from] brn\n|upkeep\n|turn|52\n|j| Ducky\n|inactive|Battle timer is ON: inactive players will automatically lose when time's up. (requested by career ended)\n|\n|t:|1664752772\n|move|p2a: Tapu Koko|Roost|p2a: Tapu Koko\n|-heal|p2a: Tapu Koko|66\/100\n|-singleturn|p2a: Tapu Koko|move: Roost\n|move|p1a: Jirachi|U-turn|p2a: Tapu Koko\n|-resisted|p2a: Tapu Koko\n|-damage|p2a: Tapu Koko|60\/100\n|\n|t:|1664752776\n|switch|p1a: Garchomp|Garchomp, M|76\/100 tox|[from]move: U-turn\n|-damage|p1a: Garchomp|70\/100 tox|[from] Stealth Rock\n|\n|-damage|p1a: Garchomp|64\/100 tox|[from] psn\n|upkeep\n|turn|53\n|\n|t:|1664752790\n|move|p2a: Tapu Koko|Dazzling Gleam|p1a: Garchomp\n|-supereffective|p1a: Garchomp\n|-enditem|p1a: Garchomp|Roseli Berry|[eat]\n|-enditem|p1a: Garchomp|Roseli Berry|[weaken]\n|-damage|p1a: Garchomp|31\/100 tox\n|move|p1a: Garchomp|Earthquake|p2a: Tapu Koko\n|-supereffective|p2a: Tapu Koko\n|-damage|p2a: Tapu Koko|0 fnt\n|faint|p2a: Tapu Koko\n|\n|-damage|p1a: Garchomp|19\/100 tox|[from] psn\n|upkeep\n|c| beauts|bruh\n|c| beauts|career.....\n|c| armin|wow\n|inactive|career ended has 270 seconds left.\n|inactive|career ended has 240 seconds left.\n|c|\u2606career ended|ok\n|-message|career ended forfeited.\n|\n|win|Unviabriel\n|l|\u2606career ended\n|c|\u2606Unviabriel|oh\n|c|\u2606Unviabriel|gg\n","uploadtime":1664752873,"views":36,"p1id":"unviabriel","p2id":"careerended","formatid":"gen8almostanyability","rating":0,"private":0,"password":null}