{"id":"gen8ou-1673855172","p1":"Starcade85sDaddy","p2":"Diameter\u272fXtreme","format":"gen8ou","log":"|j|\u2606Starcade85sDaddy\n|j|\u2606Diameter\u272fXtreme\n|t:|1664504475\n|gametype|singles\n|player|p1|Starcade85sDaddy|cyclist|1369\n|player|p2|Diameter\u272fXtreme|jasmine-gen2|1354\n|teamsize|p1|6\n|teamsize|p2|6\n|gen|8\n|tier|[Gen 8] OU\n|rated|\n|rule|Sleep Clause Mod: Limit one foe put to sleep\n|rule|Species Clause: Limit one of each Pok\u00e9mon\n|rule|OHKO Clause: OHKO moves are banned\n|rule|Evasion Items Clause: Evasion items are banned\n|rule|Evasion Moves Clause: Evasion moves are banned\n|rule|Endless Battle Clause: Forcing endless battles is banned\n|rule|HP Percentage Mod: HP is shown in percentages\n|rule|Dynamax Clause: You cannot dynamax\n|clearpoke\n|poke|p1|Chansey, F|\n|poke|p1|Toxapex, M|\n|poke|p1|Dragapult, M|\n|poke|p1|Corviknight, F|\n|poke|p1|Landorus-Therian, M|\n|poke|p1|Tornadus-Therian, M|\n|poke|p2|Slowking, F|\n|poke|p2|Melmetal|\n|poke|p2|Hippowdon, M|\n|poke|p2|Buzzwole|\n|poke|p2|Audino, F|\n|poke|p2|Dragonite, M|\n|teampreview\n|inactive|Battle timer is ON: inactive players will automatically lose when time's up. (requested by Diameter\u272fXtreme)\n|inactive|Starcade85sDaddy also wants the timer to be on.\n|\n|t:|1664504488\n|start\n|switch|p1a: Tornadus|Tornadus-Therian, M|100\/100\n|switch|p2a: Audino|Audino, F|100\/100\n|turn|1\n|\n|t:|1664504507\n|move|p1a: Tornadus|Taunt|p2a: Audino\n|-start|p2a: Audino|move: Taunt\n|move|p2a: Audino|Knock Off|p1a: Tornadus\n|-damage|p1a: Tornadus|81\/100\n|-enditem|p1a: Tornadus|Heavy-Duty Boots|[from] move: Knock Off|[of] p2a: Audino\n|\n|upkeep\n|turn|2\n|\n|t:|1664504517\n|switch|p2a: Buzzwole|Buzzwole|100\/100\n|move|p1a: Tornadus|Knock Off|p2a: Buzzwole\n|-resisted|p2a: Buzzwole\n|-damage|p2a: Buzzwole|91\/100\n|-damage|p1a: Tornadus|65\/100|[from] item: Rocky Helmet|[of] p2a: Buzzwole\n|-enditem|p2a: Buzzwole|Rocky Helmet|[from] move: Knock Off|[of] p1a: Tornadus\n|\n|upkeep\n|turn|3\n|\n|t:|1664504527\n|move|p1a: Tornadus|U-turn|p2a: Buzzwole\n|-resisted|p2a: Buzzwole\n|-damage|p2a: Buzzwole|85\/100\n|\n|t:|1664504530\n|switch|p1a: Toxapex|Toxapex, M, shiny|100\/100|[from]move: U-turn\n|move|p2a: Buzzwole|Close Combat|p1a: Toxapex\n|-resisted|p1a: Toxapex\n|-crit|p1a: Toxapex\n|-damage|p1a: Toxapex|72\/100\n|-unboost|p2a: Buzzwole|def|1\n|-unboost|p2a: Buzzwole|spd|1\n|-damage|p2a: Buzzwole|68\/100|[from] item: Rocky Helmet|[of] p1a: Toxapex\n|\n|upkeep\n|turn|4\n|\n|t:|1664504537\n|switch|p2a: Audino|Audino, F|100\/100\n|move|p1a: Toxapex|Toxic Spikes|p2a: Audino\n|-sidestart|p2: Diameter\u272fXtreme|move: Toxic Spikes\n|\n|upkeep\n|turn|5\n|\n|t:|1664504542\n|switch|p1a: Tornadus|Tornadus-Therian, M|98\/100\n|move|p2a: Audino|Wish|p2a: Audino\n|\n|upkeep\n|turn|6\n|\n|t:|1664504561\n|switch|p2a: Buzzwole|Buzzwole|68\/100\n|-status|p2a: Buzzwole|psn\n|move|p1a: Tornadus|Taunt|p2a: Buzzwole\n|-start|p2a: Buzzwole|move: Taunt\n|\n|-heal|p2a: Buzzwole|100\/100 psn|[from] move: Wish|[wisher] Audino\n|-damage|p2a: Buzzwole|88\/100 psn|[from] psn\n|upkeep\n|turn|7\n|\n|t:|1664504570\n|switch|p2a: Audino|Audino, F|100\/100\n|move|p1a: Tornadus|U-turn|p2a: Audino\n|-damage|p2a: Audino|80\/100\n|\n|t:|1664504578\n|switch|p1a: Landorus|Landorus-Therian, M|100\/100|[from]move: U-turn\n|-ability|p1a: Landorus|Intimidate|boost\n|-unboost|p2a: Audino|atk|1\n|\n|upkeep\n|turn|8\n|\n|t:|1664504582\n|move|p1a: Landorus|Earthquake|p2a: Audino\n|-damage|p2a: Audino|9\/100\n|move|p2a: Audino|Knock Off|p1a: Landorus\n|-damage|p1a: Landorus|90\/100\n|-enditem|p1a: Landorus|Soft Sand|[from] move: Knock Off|[of] p2a: Audino\n|\n|upkeep\n|turn|9\n|\n|t:|1664504588\n|switch|p2a: Dragonite|Dragonite, M|100\/100\n|move|p1a: Landorus|U-turn|p2a: Dragonite\n|-resisted|p2a: Dragonite\n|-damage|p2a: Dragonite|96\/100\n|\n|t:|1664504597\n|switch|p1a: Tornadus|Tornadus-Therian, M|100\/100|[from]move: U-turn\n|\n|upkeep\n|turn|10\n|\n|t:|1664504602\n|move|p1a: Tornadus|Taunt|p2a: Dragonite\n|-start|p2a: Dragonite|move: Taunt\n|move|p2a: Dragonite|Ice Beam|p1a: Tornadus\n|-supereffective|p1a: Tornadus\n|-damage|p1a: Tornadus|52\/100\n|\n|upkeep\n|turn|11\n|\n|t:|1664504607\n|move|p1a: Tornadus|U-turn|p2a: Dragonite\n|-resisted|p2a: Dragonite\n|-damage|p2a: Dragonite|90\/100\n|\n|t:|1664504611\n|switch|p1a: Toxapex|Toxapex, M, shiny|100\/100|[from]move: U-turn\n|move|p2a: Dragonite|Earthquake|p1a: Toxapex\n|-supereffective|p1a: Toxapex\n|-damage|p1a: Toxapex|65\/100\n|\n|upkeep\n|turn|12\n|\n|t:|1664504621\n|switch|p2a: Audino|Audino, F|42\/100\n|move|p1a: Toxapex|Recover|p1a: Toxapex\n|-heal|p1a: Toxapex|100\/100\n|\n|upkeep\n|turn|13\n|\n|t:|1664504627\n|switch|p1a: Tornadus|Tornadus-Therian, M|85\/100\n|move|p2a: Audino|Wish|p2a: Audino\n|\n|upkeep\n|turn|14\n|\n|t:|1664504636\n|move|p1a: Tornadus|Taunt|p2a: Audino\n|-start|p2a: Audino|move: Taunt\n|cant|p2a: Audino|move: Taunt|Heal Bell\n|\n|-heal|p2a: Audino|92\/100|[from] move: Wish|[wisher] Audino\n|upkeep\n|turn|15\n|\n|t:|1664504642\n|switch|p2a: Buzzwole|Buzzwole|88\/100 psn\n|move|p1a: Tornadus|Knock Off|p2a: Buzzwole\n|-resisted|p2a: Buzzwole\n|-damage|p2a: Buzzwole|82\/100 psn\n|\n|-damage|p2a: Buzzwole|69\/100 psn|[from] psn\n|upkeep\n|turn|16\n|\n|t:|1664504649\n|move|p1a: Tornadus|U-turn|p2a: Buzzwole\n|-resisted|p2a: Buzzwole\n|-damage|p2a: Buzzwole|63\/100 psn\n|\n|t:|1664504651\n|switch|p1a: Toxapex|Toxapex, M, shiny|100\/100|[from]move: U-turn\n|move|p2a: Buzzwole|Roost|p2a: Buzzwole\n|-heal|p2a: Buzzwole|100\/100 psn\n|-singleturn|p2a: Buzzwole|move: Roost\n|\n|-damage|p2a: Buzzwole|88\/100 psn|[from] psn\n|upkeep\n|turn|17\n|\n|t:|1664504656\n|switch|p2a: Audino|Audino, F|100\/100\n|move|p1a: Toxapex|Toxic Spikes|p2a: Audino\n|-sidestart|p2: Diameter\u272fXtreme|move: Toxic Spikes\n|\n|upkeep\n|turn|18\n|\n|t:|1664504660\n|switch|p1a: Tornadus|Tornadus-Therian, M|100\/100\n|move|p2a: Audino|Wish|p2a: Audino\n|\n|upkeep\n|turn|19\n|\n|t:|1664504667\n|switch|p2a: Dragonite|Dragonite, M|90\/100\n|move|p1a: Tornadus|Knock Off|p2a: Dragonite\n|-damage|p2a: Dragonite|72\/100\n|-enditem|p2a: Dragonite|Heavy-Duty Boots|[from] move: Knock Off|[of] p1a: Tornadus\n|\n|-heal|p2a: Dragonite|100\/100|[from] move: Wish|[wisher] Audino\n|upkeep\n|turn|20\n|\n|t:|1664504673\n|move|p1a: Tornadus|Taunt|p2a: Dragonite\n|-start|p2a: Dragonite|move: Taunt\n|move|p2a: Dragonite|Ice Beam|p1a: Tornadus\n|-supereffective|p1a: Tornadus\n|-damage|p1a: Tornadus|52\/100\n|\n|upkeep\n|turn|21\n|\n|t:|1664504681\n|move|p1a: Tornadus|U-turn|p2a: Dragonite\n|-resisted|p2a: Dragonite\n|-damage|p2a: Dragonite|97\/100\n|\n|t:|1664504684\n|switch|p1a: Chansey|Chansey, F|100\/100|[from]move: U-turn\n|move|p2a: Dragonite|Earthquake|p1a: Chansey\n|-damage|p1a: Chansey|82\/100\n|\n|upkeep\n|turn|22\n|\n|t:|1664504694\n|switch|p2a: Buzzwole|Buzzwole|88\/100 psn\n|move|p1a: Chansey|Seismic Toss|p2a: Buzzwole\n|-damage|p2a: Buzzwole|63\/100 psn\n|\n|-damage|p2a: Buzzwole|50\/100 psn|[from] psn\n|upkeep\n|turn|23\n|\n|t:|1664504705\n|switch|p1a: Corviknight|Corviknight, F|100\/100\n|-ability|p1a: Corviknight|Pressure\n|move|p2a: Buzzwole|Roost|p2a: Buzzwole\n|-heal|p2a: Buzzwole|99\/100 psn\n|-singleturn|p2a: Buzzwole|move: Roost\n|\n|-damage|p2a: Buzzwole|88\/100 psn|[from] psn\n|upkeep\n|turn|24\n|\n|t:|1664504712\n|move|p2a: Buzzwole|Close Combat|p1a: Corviknight\n|-damage|p1a: Corviknight|58\/100\n|-unboost|p2a: Buzzwole|def|1\n|-unboost|p2a: Buzzwole|spd|1\n|-damage|p2a: Buzzwole|71\/100 psn|[from] item: Rocky Helmet|[of] p1a: Corviknight\n|move|p1a: Corviknight|Iron Defense|p1a: Corviknight\n|-boost|p1a: Corviknight|def|2\n|\n|-damage|p2a: Buzzwole|59\/100 psn|[from] psn\n|upkeep\n|turn|25\n|\n|t:|1664504727\n|switch|p2a: Dragonite|Dragonite, M|97\/100\n|move|p1a: Corviknight|Iron Defense|p1a: Corviknight\n|-boost|p1a: Corviknight|def|2\n|\n|upkeep\n|turn|26\n|\n|t:|1664504731\n|move|p2a: Dragonite|Defog|p1a: Corviknight\n|-unboost|p1a: Corviknight|evasion|1\n|-sideend|p2: Diameter\u272fXtreme|Toxic Spikes|[from] move: Defog|[of] p2a: Dragonite\n|move|p1a: Corviknight|Roost|p1a: Corviknight\n|-heal|p1a: Corviknight|100\/100\n|-singleturn|p1a: Corviknight|move: Roost\n|\n|upkeep\n|turn|27\n|\n|t:|1664504733\n|move|p2a: Dragonite|Ice Beam|p1a: Corviknight\n|-damage|p1a: Corviknight|79\/100\n|move|p1a: Corviknight|Iron Defense|p1a: Corviknight\n|-boost|p1a: Corviknight|def|2\n|\n|upkeep\n|turn|28\n|c|\u2606Starcade85sDaddy|gg\n|\n|t:|1664504740\n|move|p2a: Dragonite|Ice Beam|p1a: Corviknight\n|-damage|p1a: Corviknight|59\/100\n|move|p1a: Corviknight|Body Press|p2a: Dragonite\n|-resisted|p2a: Dragonite\n|-damage|p2a: Dragonite|64\/100\n|\n|upkeep\n|turn|29\n|\n|t:|1664504743\n|move|p2a: Dragonite|Ice Beam|p1a: Corviknight\n|-damage|p1a: Corviknight|38\/100\n|move|p1a: Corviknight|Roost|p1a: Corviknight\n|-heal|p1a: Corviknight|88\/100\n|-singleturn|p1a: Corviknight|move: Roost\n|\n|upkeep\n|turn|30\n|\n|t:|1664504749\n|move|p2a: Dragonite|Roost|p2a: Dragonite\n|-heal|p2a: Dragonite|100\/100\n|-singleturn|p2a: Dragonite|move: Roost\n|move|p1a: Corviknight|Body Press|p2a: Dragonite\n|-damage|p2a: Dragonite|66\/100\n|\n|upkeep\n|turn|31\n|\n|t:|1664504753\n|move|p2a: Dragonite|Roost|p2a: Dragonite\n|-heal|p2a: Dragonite|100\/100\n|-singleturn|p2a: Dragonite|move: Roost\n|move|p1a: Corviknight|Body Press|p2a: Dragonite\n|-damage|p2a: Dragonite|64\/100\n|\n|upkeep\n|turn|32\n|\n|t:|1664504765\n|move|p2a: Dragonite|Roost|p2a: Dragonite\n|-heal|p2a: Dragonite|100\/100\n|-singleturn|p2a: Dragonite|move: Roost\n|move|p1a: Corviknight|Body Press|p2a: Dragonite\n|-damage|p2a: Dragonite|63\/100\n|\n|upkeep\n|turn|33\n|\n|t:|1664504772\n|move|p2a: Dragonite|Roost|p2a: Dragonite\n|-heal|p2a: Dragonite|100\/100\n|-singleturn|p2a: Dragonite|move: Roost\n|move|p1a: Corviknight|Body Press|p2a: Dragonite\n|-damage|p2a: Dragonite|68\/100\n|\n|upkeep\n|turn|34\n|c|\u2606Diameter\u272fXtreme|gg\n|\n|t:|1664504779\n|move|p2a: Dragonite|Ice Beam|p1a: Corviknight\n|-damage|p1a: Corviknight|68\/100\n|move|p1a: Corviknight|Body Press|p2a: Dragonite\n|-resisted|p2a: Dragonite\n|-damage|p2a: Dragonite|35\/100\n|\n|upkeep\n|turn|35\n|\n|t:|1664504791\n|move|p2a: Dragonite|Roost|p2a: Dragonite\n|-heal|p2a: Dragonite|85\/100\n|-singleturn|p2a: Dragonite|move: Roost\n|move|p1a: Corviknight|Body Press|p2a: Dragonite\n|-damage|p2a: Dragonite|14\/100\n|\n|upkeep\n|turn|36\n|c|\u2606Starcade85sDaddy|64%\n|\n|t:|1664504797\n|move|p2a: Dragonite|Ice Beam|p1a: Corviknight\n|-damage|p1a: Corviknight|49\/100\n|move|p1a: Corviknight|Body Press|p2a: Dragonite\n|-resisted|p2a: Dragonite\n|-damage|p2a: Dragonite|0 fnt\n|faint|p2a: Dragonite\n|\n|upkeep\n|\n|t:|1664504802\n|switch|p2a: Melmetal|Melmetal|100\/100\n|turn|37\n|\n|t:|1664504804\n|move|p1a: Corviknight|Body Press|p2a: Melmetal\n|-supereffective|p2a: Melmetal\n|-damage|p2a: Melmetal|0 fnt\n|faint|p2a: Melmetal\n|\n|upkeep\n|-message|Diameter\u272fXtreme forfeited.\n|\n|win|Starcade85sDaddy\n|raw|Starcade85sDaddy's rating: 1369 &rarr; <strong>1388<\/strong><br \/>(+19 for winning)\n|raw|Diameter\u272fXtreme's rating: 1354 &rarr; <strong>1335<\/strong><br \/>(-19 for losing)\n|l|\u2606Diameter\u272fXtreme\n","uploadtime":1664504809,"views":3,"p1id":"starcade85sdaddy","p2id":"diameterxtreme","formatid":"gen8ou","rating":1335,"private":0,"password":null}