{"id":"gen8ou-1631081519","p1":"jeandonis02","p2":"wuminKenken","format":"gen8ou","log":"|j|\u2606jeandonis02\n|j|\u2606wuminKenken\n|t:|1659494928\n|gametype|singles\n|player|p1|jeandonis02|lucas|1582\n|player|p2|wuminKenken|170|1674\n|teamsize|p1|6\n|teamsize|p2|6\n|gen|8\n|tier|[Gen 8] OU\n|rated|\n|rule|Sleep Clause Mod: Limit one foe put to sleep\n|rule|Species Clause: Limit one of each Pok\u00e9mon\n|rule|OHKO Clause: OHKO moves are banned\n|rule|Evasion Moves Clause: Evasion moves are banned\n|rule|Endless Battle Clause: Forcing endless battles is banned\n|rule|HP Percentage Mod: HP is shown in percentages\n|rule|Dynamax Clause: You cannot dynamax\n|clearpoke\n|poke|p1|Zeraora|\n|poke|p1|Toxapex, F|\n|poke|p1|Garchomp, F|\n|poke|p1|Rotom-Wash|\n|poke|p1|Ferrothorn, M|\n|poke|p1|Charizard, F|\n|poke|p2|Ferrothorn, M|\n|poke|p2|Excadrill, F|\n|poke|p2|Blissey, F|\n|poke|p2|Buzzwole|\n|poke|p2|Slowking, F|\n|poke|p2|Hippowdon, F|\n|teampreview\n|\n|t:|1659494951\n|start\n|switch|p1a: Zeraora|Zeraora|100\/100\n|switch|p2a: Ferrothorn|Ferrothorn, M|100\/100\n|turn|1\n|inactive|Battle timer is ON: inactive players will automatically lose when time's up. (requested by jeandonis02)\n|\n|t:|1659494960\n|switch|p2a: Hippowdon|Hippowdon, F|100\/100\n|-weather|Sandstorm|[from] ability: Sand Stream|[of] p2a: Hippowdon\n|move|p1a: Zeraora|Knock Off|p2a: Hippowdon\n|-damage|p2a: Hippowdon|85\/100\n|-enditem|p2a: Hippowdon|Leftovers|[from] move: Knock Off|[of] p1a: Zeraora\n|\n|-weather|Sandstorm|[upkeep]\n|-damage|p1a: Zeraora|95\/100|[from] Sandstorm\n|upkeep\n|turn|2\n|\n|t:|1659494967\n|switch|p1a: Ferrothorn|Ferrothorn, M|100\/100\n|move|p2a: Hippowdon|Stealth Rock|p1a: Ferrothorn\n|-sidestart|p1: jeandonis02|move: Stealth Rock\n|\n|-weather|Sandstorm|[upkeep]\n|upkeep\n|turn|3\n|\n|t:|1659494975\n|switch|p2a: Buzzwole|Buzzwole|100\/100\n|move|p1a: Ferrothorn|Leech Seed|p2a: Buzzwole\n|-start|p2a: Buzzwole|move: Leech Seed\n|\n|-weather|Sandstorm|[upkeep]\n|-damage|p2a: Buzzwole|94\/100|[from] Sandstorm\n|-damage|p2a: Buzzwole|82\/100|[from] Leech Seed|[of] p1a: Ferrothorn\n|upkeep\n|turn|4\n|\n|t:|1659494991\n|switch|p2a: Slowking|Slowking, F|100\/100\n|switch|p1a: Toxapex|Toxapex, F|100\/100\n|-damage|p1a: Toxapex|88\/100|[from] Stealth Rock\n|\n|-weather|Sandstorm|[upkeep]\n|-damage|p1a: Toxapex|82\/100|[from] Sandstorm\n|-damage|p2a: Slowking|94\/100|[from] Sandstorm\n|-heal|p1a: Toxapex|88\/100|[from] item: Black Sludge\n|-heal|p2a: Slowking|100\/100|[from] item: Leftovers\n|upkeep\n|turn|5\n|\n|t:|1659494994\n|move|p1a: Toxapex|Toxic|p2a: Slowking\n|-status|p2a: Slowking|tox\n|move|p2a: Slowking|Future Sight|p1a: Toxapex\n|-start|p2a: Slowking|move: Future Sight\n|\n|-weather|none\n|-heal|p1a: Toxapex|94\/100|[from] item: Black Sludge\n|-damage|p2a: Slowking|94\/100 tox|[from] psn\n|upkeep\n|turn|6\n|\n|t:|1659495000\n|move|p1a: Toxapex|Scald|p2a: Slowking\n|-resisted|p2a: Slowking\n|-damage|p2a: Slowking|89\/100 tox\n|move|p2a: Slowking|Dragon Tail|p1a: Toxapex\n|-damage|p1a: Toxapex|86\/100\n|drag|p1a: Garchomp|Garchomp, F|100\/100\n|-damage|p1a: Garchomp|94\/100|[from] Stealth Rock\n|\n|-heal|p2a: Slowking|95\/100 tox|[from] item: Leftovers\n|-damage|p2a: Slowking|83\/100 tox|[from] psn\n|upkeep\n|turn|7\n|\n|t:|1659495013\n|switch|p2a: Buzzwole|Buzzwole|82\/100\n|move|p1a: Garchomp|Earthquake|p2a: Buzzwole\n|-resisted|p2a: Buzzwole\n|-damage|p2a: Buzzwole|62\/100\n|\n|-end|p1a: Garchomp|move: Future Sight\n|-damage|p1a: Garchomp|47\/100\n|upkeep\n|turn|8\n|\n|t:|1659495021\n|switch|p1a: Toxapex|Toxapex, F|100\/100\n|-damage|p1a: Toxapex|88\/100|[from] Stealth Rock\n|move|p2a: Buzzwole|Roost|p2a: Buzzwole\n|-heal|p2a: Buzzwole|100\/100\n|-singleturn|p2a: Buzzwole|move: Roost\n|\n|-heal|p1a: Toxapex|94\/100|[from] item: Black Sludge\n|upkeep\n|turn|9\n|\n|t:|1659495028\n|switch|p2a: Slowking|Slowking, F|100\/100 tox\n|switch|p1a: Garchomp|Garchomp, F|47\/100\n|-damage|p1a: Garchomp|41\/100|[from] Stealth Rock\n|\n|-damage|p2a: Slowking|94\/100 tox|[from] psn\n|upkeep\n|turn|10\n|\n|t:|1659495032\n|switch|p2a: Buzzwole|Buzzwole|100\/100\n|move|p1a: Garchomp|Outrage|p2a: Buzzwole\n|-damage|p2a: Buzzwole|55\/100\n|-damage|p1a: Garchomp|24\/100|[from] item: Rocky Helmet|[of] p2a: Buzzwole\n|\n|upkeep\n|turn|11\n|\n|t:|1659495039\n|move|p1a: Garchomp|Outrage|p2a: Buzzwole|[from]lockedmove\n|-damage|p2a: Buzzwole|14\/100\n|-damage|p1a: Garchomp|8\/100|[from] item: Rocky Helmet|[of] p2a: Buzzwole\n|move|p2a: Buzzwole|Roost|p2a: Buzzwole\n|-heal|p2a: Buzzwole|64\/100\n|-singleturn|p2a: Buzzwole|move: Roost\n|\n|upkeep\n|turn|12\n|\n|t:|1659495042\n|move|p1a: Garchomp|Outrage|p2a: Buzzwole|[from]lockedmove\n|-damage|p2a: Buzzwole|23\/100\n|-damage|p1a: Garchomp|0 fnt|[from] item: Rocky Helmet|[of] p2a: Buzzwole\n|faint|p1a: Garchomp\n|move|p2a: Buzzwole|Roost|p2a: Buzzwole\n|-heal|p2a: Buzzwole|73\/100\n|-singleturn|p2a: Buzzwole|move: Roost\n|\n|upkeep\n|\n|t:|1659495045\n|switch|p1a: Rotom|Rotom-Wash|100\/100\n|-damage|p1a: Rotom|88\/100|[from] Stealth Rock\n|turn|13\n|\n|t:|1659495052\n|switch|p2a: Ferrothorn|Ferrothorn, M|100\/100\n|move|p1a: Rotom|Hydro Pump|p2a: Ferrothorn\n|-resisted|p2a: Ferrothorn\n|-damage|p2a: Ferrothorn|83\/100\n|\n|-heal|p1a: Rotom|94\/100|[from] item: Leftovers\n|-heal|p2a: Ferrothorn|89\/100|[from] item: Leftovers\n|upkeep\n|turn|14\n|\n|t:|1659495061\n|move|p1a: Rotom|Will-O-Wisp|p2a: Ferrothorn\n|-status|p2a: Ferrothorn|brn\n|move|p2a: Ferrothorn|Leech Seed|p1a: Rotom\n|-start|p1a: Rotom|move: Leech Seed\n|\n|-heal|p1a: Rotom|100\/100|[from] item: Leftovers\n|-heal|p2a: Ferrothorn|96\/100 brn|[from] item: Leftovers\n|-damage|p1a: Rotom|88\/100|[from] Leech Seed|[of] p2a: Ferrothorn\n|-heal|p2a: Ferrothorn|100\/100 brn|[silent]\n|-damage|p2a: Ferrothorn|94\/100 brn|[from] brn\n|upkeep\n|turn|15\n|\n|t:|1659495064\n|move|p1a: Rotom|Volt Switch|p2a: Ferrothorn\n|-resisted|p2a: Ferrothorn\n|-damage|p2a: Ferrothorn|83\/100 brn\n|\n|t:|1659495065\n|switch|p1a: Ferrothorn|Ferrothorn, M|100\/100|[from]move: Volt Switch\n|-damage|p1a: Ferrothorn|94\/100|[from] Stealth Rock\n|move|p2a: Ferrothorn|Knock Off|p1a: Ferrothorn\n|-damage|p1a: Ferrothorn|88\/100\n|-damage|p2a: Ferrothorn|71\/100 brn|[from] ability: Iron Barbs|[of] p1a: Ferrothorn\n|-damage|p2a: Ferrothorn|54\/100 brn|[from] item: Rocky Helmet|[of] p1a: Ferrothorn\n|-enditem|p1a: Ferrothorn|Rocky Helmet|[from] move: Knock Off|[of] p2a: Ferrothorn\n|\n|-heal|p2a: Ferrothorn|61\/100 brn|[from] item: Leftovers\n|-damage|p2a: Ferrothorn|54\/100 brn|[from] brn\n|upkeep\n|turn|16\n|\n|t:|1659495075\n|switch|p2a: Buzzwole|Buzzwole|73\/100\n|switch|p1a: Rotom|Rotom-Wash|88\/100\n|-damage|p1a: Rotom|75\/100|[from] Stealth Rock\n|\n|-heal|p1a: Rotom|82\/100|[from] item: Leftovers\n|upkeep\n|turn|17\n|\n|t:|1659495082\n|switch|p2a: Blissey|Blissey, F|100\/100\n|move|p1a: Rotom|Will-O-Wisp|p2a: Blissey\n|-status|p2a: Blissey|brn\n|\n|-heal|p1a: Rotom|88\/100|[from] item: Leftovers\n|-damage|p2a: Blissey|94\/100 brn|[from] brn\n|upkeep\n|turn|18\n|\n|t:|1659495085\n|move|p1a: Rotom|Defog|p2a: Blissey\n|-unboost|p2a: Blissey|evasion|1\n|-sideend|p1: jeandonis02|Stealth Rock|[from] move: Defog|[of] p1a: Rotom\n|move|p2a: Blissey|Wish|p2a: Blissey\n|\n|-heal|p1a: Rotom|94\/100|[from] item: Leftovers\n|-damage|p2a: Blissey|88\/100 brn|[from] brn\n|upkeep\n|turn|19\n|\n|t:|1659495090\n|-curestatus|p2a: Blissey|brn|[from] ability: Natural Cure\n|switch|p2a: Ferrothorn|Ferrothorn, M|54\/100 brn\n|move|p1a: Rotom|Hydro Pump|p2a: Ferrothorn\n|-resisted|p2a: Ferrothorn\n|-damage|p2a: Ferrothorn|37\/100 brn\n|\n|-heal|p2a: Ferrothorn|100\/100 brn|[from] move: Wish|[wisher] Blissey\n|-heal|p1a: Rotom|100\/100|[from] item: Leftovers\n|-damage|p2a: Ferrothorn|94\/100 brn|[from] brn\n|upkeep\n|turn|20\n|\n|t:|1659495099\n|move|p1a: Rotom|Hydro Pump|p2a: Ferrothorn|[miss]\n|-miss|p1a: Rotom|p2a: Ferrothorn\n|move|p2a: Ferrothorn|Spikes|p1a: Rotom\n|-sidestart|p1: jeandonis02|Spikes\n|\n|-heal|p2a: Ferrothorn|100\/100 brn|[from] item: Leftovers\n|-damage|p2a: Ferrothorn|94\/100 brn|[from] brn\n|upkeep\n|turn|21\n|\n|t:|1659495104\n|move|p1a: Rotom|Defog|p2a: Ferrothorn\n|-unboost|p2a: Ferrothorn|evasion|1\n|-sideend|p1: jeandonis02|Spikes|[from] move: Defog|[of] p1a: Rotom\n|move|p2a: Ferrothorn|Leech Seed|p1a: Rotom\n|-start|p1a: Rotom|move: Leech Seed\n|\n|-heal|p2a: Ferrothorn|100\/100 brn|[from] item: Leftovers\n|-damage|p1a: Rotom|88\/100|[from] Leech Seed|[of] p2a: Ferrothorn\n|-damage|p2a: Ferrothorn|94\/100 brn|[from] brn\n|upkeep\n|turn|22\n|\n|t:|1659495107\n|move|p1a: Rotom|Volt Switch|p2a: Ferrothorn\n|-resisted|p2a: Ferrothorn\n|-damage|p2a: Ferrothorn|83\/100 brn\n|\n|t:|1659495109\n|switch|p1a: Charizard|Charizard, F|100\/100|[from]move: Volt Switch\n|move|p2a: Ferrothorn|Spikes|p1a: Charizard\n|-sidestart|p1: jeandonis02|Spikes\n|\n|-heal|p2a: Ferrothorn|89\/100 brn|[from] item: Leftovers\n|-damage|p2a: Ferrothorn|83\/100 brn|[from] brn\n|upkeep\n|turn|23\n|\n|t:|1659495117\n|switch|p2a: Blissey|Blissey, F|88\/100\n|move|p1a: Charizard|Belly Drum|p1a: Charizard\n|-damage|p1a: Charizard|50\/100\n|-setboost|p1a: Charizard|atk|6|[from] move: Belly Drum\n|-enditem|p1a: Charizard|Sitrus Berry|[eat]\n|-heal|p1a: Charizard|75\/100|[from] item: Sitrus Berry\n|\n|upkeep\n|turn|24\n|\n|t:|1659495133\n|switch|p2a: Ferrothorn|Ferrothorn, M|83\/100 brn\n|move|p1a: Charizard|Acrobatics|p2a: Ferrothorn\n|-damage|p2a: Ferrothorn|3\/100 brn\n|-damage|p1a: Charizard|63\/100|[from] ability: Iron Barbs|[of] p2a: Ferrothorn\n|\n|-heal|p2a: Ferrothorn|9\/100 brn|[from] item: Leftovers\n|-damage|p2a: Ferrothorn|3\/100 brn|[from] brn\n|upkeep\n|turn|25\n|\n|t:|1659495139\n|move|p1a: Charizard|Flame Charge|p2a: Ferrothorn\n|-supereffective|p2a: Ferrothorn\n|-damage|p2a: Ferrothorn|0 fnt\n|-boost|p1a: Charizard|spe|1\n|-damage|p1a: Charizard|50\/100|[from] ability: Iron Barbs|[of] p2a: Ferrothorn\n|faint|p2a: Ferrothorn\n|\n|upkeep\n|\n|t:|1659495147\n|switch|p2a: Hippowdon|Hippowdon, F|85\/100\n|-weather|Sandstorm|[from] ability: Sand Stream|[of] p2a: Hippowdon\n|turn|26\n|\n|t:|1659495149\n|move|p1a: Charizard|Acrobatics|p2a: Hippowdon\n|-damage|p2a: Hippowdon|12\/100\n|move|p2a: Hippowdon|Whirlwind|p1a: Charizard\n|drag|p1a: Zeraora|Zeraora|95\/100\n|-damage|p1a: Zeraora|82\/100|[from] Spikes\n|\n|-weather|Sandstorm|[upkeep]\n|-damage|p1a: Zeraora|76\/100|[from] Sandstorm\n|upkeep\n|turn|27\n|\n|t:|1659495164\n|switch|p2a: Buzzwole|Buzzwole|73\/100\n|move|p1a: Zeraora|Knock Off|p2a: Buzzwole\n|-resisted|p2a: Buzzwole\n|-damage|p2a: Buzzwole|67\/100\n|-damage|p1a: Zeraora|60\/100|[from] item: Rocky Helmet|[of] p2a: Buzzwole\n|-enditem|p2a: Buzzwole|Rocky Helmet|[from] move: Knock Off|[of] p1a: Zeraora\n|\n|-weather|Sandstorm|[upkeep]\n|-damage|p1a: Zeraora|54\/100|[from] Sandstorm\n|-damage|p2a: Buzzwole|61\/100|[from] Sandstorm\n|upkeep\n|turn|28\n|\n|t:|1659495167\n|move|p1a: Zeraora|Play Rough|p2a: Buzzwole\n|-supereffective|p2a: Buzzwole\n|-damage|p2a: Buzzwole|36\/100\n|move|p2a: Buzzwole|Roost|p2a: Buzzwole\n|-heal|p2a: Buzzwole|86\/100\n|-singleturn|p2a: Buzzwole|move: Roost\n|\n|-weather|Sandstorm|[upkeep]\n|-damage|p1a: Zeraora|48\/100|[from] Sandstorm\n|-damage|p2a: Buzzwole|80\/100|[from] Sandstorm\n|upkeep\n|turn|29\n|\n|t:|1659495184\n|switch|p1a: Charizard|Charizard, F|50\/100\n|switch|p2a: Hippowdon|Hippowdon, F|12\/100\n|\n|-weather|Sandstorm|[upkeep]\n|-damage|p1a: Charizard|44\/100|[from] Sandstorm\n|upkeep\n|turn|30\n|\n|t:|1659495192\n|switch|p2a: Slowking|Slowking, F|100\/100 tox\n|move|p1a: Charizard|Acrobatics|p2a: Slowking\n|-damage|p2a: Slowking|62\/100 tox\n|\n|-weather|none\n|-heal|p2a: Slowking|68\/100 tox|[from] item: Leftovers\n|-damage|p2a: Slowking|62\/100 tox|[from] psn\n|upkeep\n|turn|31\n|\n|t:|1659495198\n|move|p1a: Charizard|Roost|p1a: Charizard\n|-heal|p1a: Charizard|94\/100\n|-singleturn|p1a: Charizard|move: Roost\n|move|p2a: Slowking|Scald|p1a: Charizard\n|-supereffective|p1a: Charizard\n|-damage|p1a: Charizard|34\/100\n|\n|-heal|p2a: Slowking|68\/100 tox|[from] item: Leftovers\n|-damage|p2a: Slowking|56\/100 tox|[from] psn\n|upkeep\n|turn|32\n|\n|t:|1659495205\n|move|p1a: Charizard|Roost|p1a: Charizard\n|-heal|p1a: Charizard|84\/100\n|-singleturn|p1a: Charizard|move: Roost\n|move|p2a: Slowking|Scald|p1a: Charizard\n|-supereffective|p1a: Charizard\n|-damage|p1a: Charizard|22\/100\n|\n|-heal|p2a: Slowking|62\/100 tox|[from] item: Leftovers\n|-damage|p2a: Slowking|43\/100 tox|[from] psn\n|upkeep\n|turn|33\n|\n|t:|1659495213\n|switch|p2a: Blissey|Blissey, F|88\/100\n|move|p1a: Charizard|Roost|p1a: Charizard\n|-heal|p1a: Charizard|72\/100\n|-singleturn|p1a: Charizard|move: Roost\n|\n|upkeep\n|turn|34\n|\n|t:|1659495228\n|move|p1a: Charizard|Belly Drum|p1a: Charizard\n|-damage|p1a: Charizard|22\/100\n|-setboost|p1a: Charizard|atk|6|[from] move: Belly Drum\n|move|p2a: Blissey|Seismic Toss|p1a: Charizard\n|-damage|p1a: Charizard|0 fnt\n|faint|p1a: Charizard\n|\n|upkeep\n|\n|t:|1659495232\n|switch|p1a: Zeraora|Zeraora|48\/100\n|-damage|p1a: Zeraora|36\/100|[from] Spikes\n|turn|35\n|\n|t:|1659495235\n|switch|p2a: Buzzwole|Buzzwole|80\/100\n|move|p1a: Zeraora|Close Combat|p2a: Buzzwole\n|-resisted|p2a: Buzzwole\n|-damage|p2a: Buzzwole|71\/100\n|-unboost|p1a: Zeraora|def|1\n|-unboost|p1a: Zeraora|spd|1\n|\n|upkeep\n|turn|36\n|\n|t:|1659495242\n|switch|p1a: Rotom|Rotom-Wash|88\/100\n|move|p2a: Buzzwole|Roost|p2a: Buzzwole\n|-heal|p2a: Buzzwole|100\/100\n|-singleturn|p2a: Buzzwole|move: Roost\n|\n|-heal|p1a: Rotom|94\/100|[from] item: Leftovers\n|upkeep\n|turn|37\n|\n|t:|1659495246\n|switch|p2a: Blissey|Blissey, F|88\/100\n|move|p1a: Rotom|Defog|p2a: Blissey\n|-unboost|p2a: Blissey|evasion|1\n|-sideend|p1: jeandonis02|Spikes|[from] move: Defog|[of] p1a: Rotom\n|\n|-heal|p1a: Rotom|100\/100|[from] item: Leftovers\n|upkeep\n|turn|38\n|\n|t:|1659495249\n|move|p1a: Rotom|Volt Switch|p2a: Blissey\n|-damage|p2a: Blissey|78\/100\n|\n|t:|1659495252\n|switch|p1a: Ferrothorn|Ferrothorn, M|88\/100|[from]move: Volt Switch\n|move|p2a: Blissey|Wish|p2a: Blissey\n|\n|upkeep\n|turn|39\n|\n|t:|1659495258\n|switch|p2a: Hippowdon|Hippowdon, F|12\/100\n|-weather|Sandstorm|[from] ability: Sand Stream|[of] p2a: Hippowdon\n|move|p1a: Ferrothorn|Gyro Ball|p2a: Hippowdon\n|-damage|p2a: Hippowdon|0 fnt\n|faint|p2a: Hippowdon\n|\n|-weather|Sandstorm|[upkeep]\n|upkeep\n|\n|t:|1659495266\n|switch|p2a: Buzzwole|Buzzwole|100\/100\n|turn|40\n|\n|t:|1659495275\n|switch|p1a: Toxapex|Toxapex, F|100\/100\n|move|p2a: Buzzwole|Drain Punch|p1a: Toxapex\n|-resisted|p1a: Toxapex\n|-damage|p1a: Toxapex|86\/100\n|\n|-weather|Sandstorm|[upkeep]\n|-damage|p2a: Buzzwole|94\/100|[from] Sandstorm\n|-damage|p1a: Toxapex|80\/100|[from] Sandstorm\n|-heal|p1a: Toxapex|86\/100|[from] item: Black Sludge\n|upkeep\n|turn|41\n|\n|t:|1659495282\n|switch|p2a: Slowking|Slowking, F|77\/100 tox\n|switch|p1a: Rotom|Rotom-Wash|100\/100\n|\n|-weather|Sandstorm|[upkeep]\n|-damage|p1a: Rotom|94\/100|[from] Sandstorm\n|-damage|p2a: Slowking|71\/100 tox|[from] Sandstorm\n|-heal|p1a: Rotom|100\/100|[from] item: Leftovers\n|-heal|p2a: Slowking|77\/100 tox|[from] item: Leftovers\n|-damage|p2a: Slowking|71\/100 tox|[from] psn\n|upkeep\n|turn|42\n|\n|t:|1659495286\n|switch|p2a: Blissey|Blissey, F|78\/100\n|move|p1a: Rotom|Volt Switch|p2a: Blissey\n|-damage|p2a: Blissey|70\/100\n|\n|t:|1659495289\n|switch|p1a: Ferrothorn|Ferrothorn, M|88\/100|[from]move: Volt Switch\n|\n|-weather|Sandstorm|[upkeep]\n|-damage|p2a: Blissey|63\/100|[from] Sandstorm\n|upkeep\n|turn|43\n|\n|t:|1659495302\n|switch|p2a: Buzzwole|Buzzwole|94\/100\n|move|p1a: Ferrothorn|Stealth Rock|p2a: Buzzwole\n|-sidestart|p2: wuminKenken|move: Stealth Rock\n|\n|-weather|none\n|upkeep\n|turn|44\n|\n|t:|1659495311\n|switch|p2a: Excadrill|Excadrill, F|100\/100\n|-damage|p2a: Excadrill|97\/100|[from] Stealth Rock\n|move|p1a: Ferrothorn|Leech Seed|p2a: Excadrill\n|-start|p2a: Excadrill|move: Leech Seed\n|\n|-heal|p2a: Excadrill|100\/100|[from] item: Leftovers\n|-damage|p2a: Excadrill|88\/100|[from] Leech Seed|[of] p1a: Ferrothorn\n|-heal|p1a: Ferrothorn|100\/100|[silent]\n|upkeep\n|turn|45\n|\n|t:|1659495318\n|switch|p2a: Buzzwole|Buzzwole|94\/100\n|-damage|p2a: Buzzwole|82\/100|[from] Stealth Rock\n|move|p1a: Ferrothorn|Gyro Ball|p2a: Buzzwole\n|-damage|p2a: Buzzwole|63\/100\n|\n|upkeep\n|turn|46\n|\n|t:|1659495325\n|switch|p1a: Toxapex|Toxapex, F|100\/100\n|move|p2a: Buzzwole|Drain Punch|p1a: Toxapex\n|-resisted|p1a: Toxapex\n|-damage|p1a: Toxapex|86\/100\n|-heal|p2a: Buzzwole|68\/100|[from] drain|[of] p1a: Toxapex\n|\n|-heal|p1a: Toxapex|92\/100|[from] item: Black Sludge\n|upkeep\n|turn|47\n|\n|t:|1659495330\n|switch|p2a: Blissey|Blissey, F|63\/100\n|switch|p1a: Rotom|Rotom-Wash|100\/100\n|\n|upkeep\n|turn|48\n|\n|t:|1659495333\n|move|p1a: Rotom|Volt Switch|p2a: Blissey\n|-damage|p2a: Blissey|54\/100\n|\n|t:|1659495335\n|switch|p1a: Ferrothorn|Ferrothorn, M|100\/100|[from]move: Volt Switch\n|move|p2a: Blissey|Soft-Boiled|p2a: Blissey\n|-heal|p2a: Blissey|100\/100\n|\n|upkeep\n|turn|49\n|\n|t:|1659495342\n|switch|p2a: Buzzwole|Buzzwole|68\/100\n|-damage|p2a: Buzzwole|56\/100|[from] Stealth Rock\n|move|p1a: Ferrothorn|Leech Seed|p2a: Buzzwole\n|-start|p2a: Buzzwole|move: Leech Seed\n|\n|-damage|p2a: Buzzwole|44\/100|[from] Leech Seed|[of] p1a: Ferrothorn\n|upkeep\n|turn|50\n|\n|t:|1659495348\n|switch|p1a: Zeraora|Zeraora|36\/100\n|move|p2a: Buzzwole|Roost|p2a: Buzzwole\n|-heal|p2a: Buzzwole|94\/100\n|-singleturn|p2a: Buzzwole|move: Roost\n|\n|-damage|p2a: Buzzwole|81\/100|[from] Leech Seed|[of] p1a: Zeraora\n|-heal|p1a: Zeraora|52\/100|[silent]\n|upkeep\n|turn|51\n|\n|t:|1659495355\n|switch|p1a: Toxapex|Toxapex, F|100\/100\n|move|p2a: Buzzwole|Drain Punch|p1a: Toxapex\n|-resisted|p1a: Toxapex\n|-damage|p1a: Toxapex|87\/100\n|-heal|p2a: Buzzwole|86\/100|[from] drain|[of] p1a: Toxapex\n|\n|-heal|p1a: Toxapex|93\/100|[from] item: Black Sludge\n|-damage|p2a: Buzzwole|74\/100|[from] Leech Seed|[of] p1a: Toxapex\n|-heal|p1a: Toxapex|100\/100|[silent]\n|upkeep\n|turn|52\n|\n|t:|1659495359\n|switch|p2a: Slowking|Slowking, F|100\/100 tox\n|-damage|p2a: Slowking|88\/100 tox|[from] Stealth Rock\n|move|p1a: Toxapex|Toxic|p2a: Slowking\n|-fail|p2a: Slowking|tox\n|\n|-heal|p2a: Slowking|94\/100 tox|[from] item: Leftovers\n|-damage|p2a: Slowking|88\/100 tox|[from] psn\n|upkeep\n|turn|53\n|\n|t:|1659495364\n|switch|p1a: Ferrothorn|Ferrothorn, M|100\/100\n|move|p2a: Slowking|Future Sight|p1a: Ferrothorn\n|-start|p2a: Slowking|move: Future Sight\n|\n|-heal|p2a: Slowking|94\/100 tox|[from] item: Leftovers\n|-damage|p2a: Slowking|82\/100 tox|[from] psn\n|upkeep\n|turn|54\n|\n|t:|1659495369\n|move|p2a: Slowking|Scald|p1a: Ferrothorn\n|-resisted|p1a: Ferrothorn\n|-damage|p1a: Ferrothorn|88\/100\n|move|p1a: Ferrothorn|Leech Seed|p2a: Slowking\n|-start|p2a: Slowking|move: Leech Seed\n|\n|-heal|p2a: Slowking|88\/100 tox|[from] item: Leftovers\n|-damage|p2a: Slowking|76\/100 tox|[from] Leech Seed|[of] p1a: Ferrothorn\n|-heal|p1a: Ferrothorn|100\/100|[silent]\n|-damage|p2a: Slowking|57\/100 tox|[from] psn\n|upkeep\n|turn|55\n|\n|t:|1659495375\n|switch|p2a: Buzzwole|Buzzwole|74\/100\n|-damage|p2a: Buzzwole|61\/100|[from] Stealth Rock\n|move|p1a: Ferrothorn|Leech Seed|p2a: Buzzwole\n|-start|p2a: Buzzwole|move: Leech Seed\n|\n|-end|p1a: Ferrothorn|move: Future Sight\n|-resisted|p1a: Ferrothorn\n|-damage|p1a: Ferrothorn|83\/100\n|-damage|p2a: Buzzwole|49\/100|[from] Leech Seed|[of] p1a: Ferrothorn\n|-heal|p1a: Ferrothorn|98\/100|[silent]\n|upkeep\n|turn|56\n|\n|t:|1659495381\n|switch|p1a: Zeraora|Zeraora|52\/100\n|move|p2a: Buzzwole|Roost|p2a: Buzzwole\n|-heal|p2a: Buzzwole|99\/100\n|-singleturn|p2a: Buzzwole|move: Roost\n|\n|-damage|p2a: Buzzwole|86\/100|[from] Leech Seed|[of] p1a: Zeraora\n|-heal|p1a: Zeraora|68\/100|[silent]\n|upkeep\n|turn|57\n|\n|t:|1659495385\n|move|p1a: Zeraora|Play Rough|p2a: Buzzwole\n|-supereffective|p2a: Buzzwole\n|-damage|p2a: Buzzwole|61\/100\n|move|p2a: Buzzwole|Drain Punch|p1a: Zeraora\n|-damage|p1a: Zeraora|23\/100\n|-heal|p2a: Buzzwole|78\/100|[from] drain|[of] p1a: Zeraora\n|\n|-damage|p2a: Buzzwole|65\/100|[from] Leech Seed|[of] p1a: Zeraora\n|-heal|p1a: Zeraora|39\/100|[silent]\n|upkeep\n|turn|58\n|\n|t:|1659495394\n|switch|p1a: Toxapex|Toxapex, F|100\/100\n|move|p2a: Buzzwole|Toxic|p1a: Toxapex\n|-immune|p1a: Toxapex\n|\n|-damage|p2a: Buzzwole|53\/100|[from] Leech Seed|[of] p1a: Toxapex\n|upkeep\n|turn|59\n|\n|t:|1659495397\n|switch|p1a: Rotom|Rotom-Wash|100\/100\n|move|p2a: Buzzwole|Roost|p2a: Buzzwole\n|-heal|p2a: Buzzwole|100\/100\n|-singleturn|p2a: Buzzwole|move: Roost\n|\n|-damage|p2a: Buzzwole|88\/100|[from] Leech Seed|[of] p1a: Rotom\n|upkeep\n|turn|60\n|\n|t:|1659495400\n|switch|p2a: Blissey|Blissey, F|100\/100\n|move|p1a: Rotom|Volt Switch|p2a: Blissey\n|-damage|p2a: Blissey|91\/100\n|\n|t:|1659495403\n|switch|p1a: Ferrothorn|Ferrothorn, M|98\/100|[from]move: Volt Switch\n|\n|upkeep\n|turn|61\n|\n|t:|1659495413\n|move|p2a: Blissey|Wish|p2a: Blissey\n|move|p1a: Ferrothorn|Leech Seed|p2a: Blissey\n|-start|p2a: Blissey|move: Leech Seed\n|\n|-damage|p2a: Blissey|79\/100|[from] Leech Seed|[of] p1a: Ferrothorn\n|-heal|p1a: Ferrothorn|100\/100|[silent]\n|upkeep\n|turn|62\n|\n|t:|1659495421\n|switch|p2a: Buzzwole|Buzzwole|88\/100\n|-damage|p2a: Buzzwole|76\/100|[from] Stealth Rock\n|switch|p1a: Zeraora|Zeraora|39\/100\n|\n|-heal|p2a: Buzzwole|100\/100|[from] move: Wish|[wisher] Blissey\n|upkeep\n|turn|63\n|\n|t:|1659495442\n|switch|p1a: Toxapex|Toxapex, F|100\/100\n|switch|p2a: Excadrill|Excadrill, F|88\/100\n|-damage|p2a: Excadrill|85\/100|[from] Stealth Rock\n|\n|-heal|p2a: Excadrill|91\/100|[from] item: Leftovers\n|upkeep\n|turn|64\n|\n|t:|1659495448\n|switch|p1a: Rotom|Rotom-Wash|100\/100\n|move|p2a: Excadrill|Rapid Spin|p1a: Rotom\n|-damage|p1a: Rotom|85\/100\n|-boost|p2a: Excadrill|spe|1\n|-sideend|p2: wuminKenken|Stealth Rock|[from] move: Rapid Spin|[of] p2a: Excadrill\n|\n|-heal|p2a: Excadrill|97\/100|[from] item: Leftovers\n|-heal|p1a: Rotom|91\/100|[from] item: Leftovers\n|upkeep\n|turn|65\n|\n|t:|1659495453\n|switch|p2a: Blissey|Blissey, F|79\/100\n|move|p1a: Rotom|Volt Switch|p2a: Blissey\n|-damage|p2a: Blissey|69\/100\n|\n|t:|1659495454\n|switch|p1a: Ferrothorn|Ferrothorn, M|100\/100|[from]move: Volt Switch\n|\n|upkeep\n|turn|66\n|\n|t:|1659495461\n|move|p2a: Blissey|Soft-Boiled|p2a: Blissey\n|-heal|p2a: Blissey|100\/100\n|move|p1a: Ferrothorn|Stealth Rock|p2a: Blissey\n|-sidestart|p2: wuminKenken|move: Stealth Rock\n|\n|upkeep\n|turn|67\n|\n|t:|1659495469\n|switch|p2a: Buzzwole|Buzzwole|100\/100\n|-damage|p2a: Buzzwole|88\/100|[from] Stealth Rock\n|switch|p1a: Rotom|Rotom-Wash|91\/100\n|\n|-heal|p1a: Rotom|98\/100|[from] item: Leftovers\n|upkeep\n|turn|68\n|\n|t:|1659495476\n|switch|p2a: Blissey|Blissey, F|100\/100\n|move|p1a: Rotom|Volt Switch|p2a: Blissey\n|-damage|p2a: Blissey|91\/100\n|\n|t:|1659495480\n|switch|p1a: Zeraora|Zeraora|39\/100|[from]move: Volt Switch\n|\n|upkeep\n|turn|69\n|\n|t:|1659495484\n|switch|p1a: Toxapex|Toxapex, F|100\/100\n|switch|p2a: Buzzwole|Buzzwole|88\/100\n|-damage|p2a: Buzzwole|76\/100|[from] Stealth Rock\n|\n|upkeep\n|turn|70\n|\n|t:|1659495488\n|switch|p2a: Blissey|Blissey, F|91\/100\n|move|p1a: Toxapex|Toxic|p2a: Blissey\n|-status|p2a: Blissey|tox\n|\n|-damage|p2a: Blissey|85\/100 tox|[from] psn\n|upkeep\n|turn|71\n|\n|t:|1659495493\n|move|p2a: Blissey|Wish|p2a: Blissey\n|move|p1a: Toxapex|Scald|p2a: Blissey\n|-damage|p2a: Blissey|79\/100 tox\n|\n|-damage|p2a: Blissey|66\/100 tox|[from] psn\n|upkeep\n|turn|72\n|\n|t:|1659495499\n|-curestatus|p2a: Blissey|tox|[from] ability: Natural Cure\n|switch|p2a: Buzzwole|Buzzwole|76\/100\n|-damage|p2a: Buzzwole|63\/100|[from] Stealth Rock\n|move|p1a: Toxapex|Scald|p2a: Buzzwole\n|-damage|p2a: Buzzwole|40\/100\n|\n|-heal|p2a: Buzzwole|100\/100|[from] move: Wish|[wisher] Blissey\n|upkeep\n|turn|73\n|\n|t:|1659495504\n|switch|p2a: Slowking|Slowking, F|91\/100 tox\n|-damage|p2a: Slowking|78\/100 tox|[from] Stealth Rock\n|move|p1a: Toxapex|Toxic|p2a: Slowking\n|-fail|p2a: Slowking|tox\n|\n|-heal|p2a: Slowking|84\/100 tox|[from] item: Leftovers\n|-damage|p2a: Slowking|78\/100 tox|[from] psn\n|upkeep\n|turn|74\n|\n|t:|1659495507\n|move|p1a: Toxapex|Scald|p2a: Slowking\n|-resisted|p2a: Slowking\n|-damage|p2a: Slowking|73\/100 tox\n|move|p2a: Slowking|Future Sight|p1a: Toxapex\n|-start|p2a: Slowking|move: Future Sight\n|\n|-heal|p2a: Slowking|79\/100 tox|[from] item: Leftovers\n|-damage|p2a: Slowking|67\/100 tox|[from] psn\n|upkeep\n|turn|75\n|\n|t:|1659495514\n|move|p1a: Toxapex|Scald|p2a: Slowking\n|-resisted|p2a: Slowking\n|-damage|p2a: Slowking|62\/100 tox\n|move|p2a: Slowking|Scald|p1a: Toxapex\n|-resisted|p1a: Toxapex\n|-damage|p1a: Toxapex|93\/100\n|\n|-heal|p1a: Toxapex|99\/100|[from] item: Black Sludge\n|-heal|p2a: Slowking|68\/100 tox|[from] item: Leftovers\n|-damage|p2a: Slowking|50\/100 tox|[from] psn\n|upkeep\n|turn|76\n|\n|t:|1659495520\n|move|p1a: Toxapex|Scald|p2a: Slowking\n|-resisted|p2a: Slowking\n|-damage|p2a: Slowking|45\/100 tox\n|move|p2a: Slowking|Scald|p1a: Toxapex\n|-resisted|p1a: Toxapex\n|-damage|p1a: Toxapex|90\/100\n|-status|p1a: Toxapex|brn\n|\n|-end|p1a: Toxapex|move: Future Sight\n|-supereffective|p1a: Toxapex\n|-damage|p1a: Toxapex|35\/100 brn\n|-heal|p1a: Toxapex|41\/100 brn|[from] item: Black Sludge\n|-heal|p2a: Slowking|51\/100 tox|[from] item: Leftovers\n|-damage|p2a: Slowking|27\/100 tox|[from] psn\n|-damage|p1a: Toxapex|35\/100 brn|[from] brn\n|upkeep\n|turn|77\n|\n|t:|1659495526\n|switch|p1a: Zeraora|Zeraora|39\/100\n|switch|p2a: Blissey|Blissey, F|66\/100\n|\n|upkeep\n|turn|78\n|\n|t:|1659495530\n|switch|p1a: Rotom|Rotom-Wash|98\/100\n|switch|p2a: Buzzwole|Buzzwole|100\/100\n|-damage|p2a: Buzzwole|88\/100|[from] Stealth Rock\n|\n|-heal|p1a: Rotom|100\/100|[from] item: Leftovers\n|upkeep\n|turn|79\n|\n|t:|1659495535\n|move|p1a: Rotom|Volt Switch|p2a: Buzzwole\n|-damage|p2a: Buzzwole|52\/100\n|\n|t:|1659495538\n|switch|p1a: Toxapex|Toxapex, F|68\/100 brn|[from]move: Volt Switch\n|move|p2a: Buzzwole|Roost|p2a: Buzzwole\n|-heal|p2a: Buzzwole|100\/100\n|-singleturn|p2a: Buzzwole|move: Roost\n|\n|-heal|p1a: Toxapex|74\/100 brn|[from] item: Black Sludge\n|-damage|p1a: Toxapex|68\/100 brn|[from] brn\n|upkeep\n|turn|80\n|\n|t:|1659495543\n|switch|p2a: Blissey|Blissey, F|66\/100\n|switch|p1a: Zeraora|Zeraora|39\/100\n|\n|upkeep\n|turn|81\n|\n|t:|1659495550\n|switch|p2a: Buzzwole|Buzzwole|100\/100\n|-damage|p2a: Buzzwole|88\/100|[from] Stealth Rock\n|move|p1a: Zeraora|Close Combat|p2a: Buzzwole\n|-resisted|p2a: Buzzwole\n|-damage|p2a: Buzzwole|79\/100\n|-unboost|p1a: Zeraora|def|1\n|-unboost|p1a: Zeraora|spd|1\n|\n|upkeep\n|turn|82\n|\n|t:|1659495554\n|switch|p1a: Toxapex|Toxapex, F|100\/100 brn\n|move|p2a: Buzzwole|Drain Punch|p1a: Toxapex\n|-resisted|p1a: Toxapex\n|-damage|p1a: Toxapex|88\/100 brn\n|-heal|p2a: Buzzwole|83\/100|[from] drain|[of] p1a: Toxapex\n|\n|-heal|p1a: Toxapex|94\/100 brn|[from] item: Black Sludge\n|-damage|p1a: Toxapex|88\/100 brn|[from] brn\n|upkeep\n|turn|83\n|\n|t:|1659495558\n|switch|p2a: Slowking|Slowking, F|60\/100 tox\n|-damage|p2a: Slowking|48\/100 tox|[from] Stealth Rock\n|switch|p1a: Zeraora|Zeraora|39\/100\n|\n|-heal|p2a: Slowking|54\/100 tox|[from] item: Leftovers\n|-damage|p2a: Slowking|48\/100 tox|[from] psn\n|upkeep\n|turn|84\n|\n|t:|1659495564\n|switch|p1a: Rotom|Rotom-Wash|100\/100\n|switch|p2a: Buzzwole|Buzzwole|83\/100\n|-damage|p2a: Buzzwole|71\/100|[from] Stealth Rock\n|\n|upkeep\n|turn|85\n|\n|t:|1659495567\n|move|p1a: Rotom|Hydro Pump|p2a: Buzzwole\n|-damage|p2a: Buzzwole|19\/100\n|move|p2a: Buzzwole|Roost|p2a: Buzzwole\n|-heal|p2a: Buzzwole|69\/100\n|-singleturn|p2a: Buzzwole|move: Roost\n|\n|upkeep\n|turn|86\n|\n|t:|1659495576\n|switch|p2a: Blissey|Blissey, F|66\/100\n|move|p1a: Rotom|Will-O-Wisp|p2a: Blissey\n|-status|p2a: Blissey|brn\n|\n|-damage|p2a: Blissey|60\/100 brn|[from] brn\n|upkeep\n|turn|87\n|\n|t:|1659495582\n|move|p1a: Rotom|Volt Switch|p2a: Blissey\n|-damage|p2a: Blissey|50\/100 brn\n|\n|t:|1659495584\n|switch|p1a: Ferrothorn|Ferrothorn, M|100\/100|[from]move: Volt Switch\n|move|p2a: Blissey|Soft-Boiled|p2a: Blissey\n|-heal|p2a: Blissey|99\/100 brn\n|\n|-damage|p2a: Blissey|94\/100 brn|[from] brn\n|upkeep\n|turn|88\n|\n|t:|1659495589\n|move|p2a: Blissey|Wish|p2a: Blissey\n|move|p1a: Ferrothorn|Leech Seed|p2a: Blissey\n|-start|p2a: Blissey|move: Leech Seed\n|\n|-damage|p2a: Blissey|82\/100 brn|[from] Leech Seed|[of] p1a: Ferrothorn\n|-damage|p2a: Blissey|75\/100 brn|[from] brn\n|upkeep\n|turn|89\n|\n|t:|1659495593\n|-curestatus|p2a: Blissey|brn|[from] ability: Natural Cure\n|switch|p2a: Buzzwole|Buzzwole|69\/100\n|-damage|p2a: Buzzwole|56\/100|[from] Stealth Rock\n|move|p1a: Ferrothorn|Gyro Ball|p2a: Buzzwole\n|-damage|p2a: Buzzwole|39\/100\n|\n|-heal|p2a: Buzzwole|100\/100|[from] move: Wish|[wisher] Blissey\n|upkeep\n|turn|90\n|\n|t:|1659495600\n|move|p2a: Buzzwole|Ice Punch|p1a: Ferrothorn\n|-damage|p1a: Ferrothorn|87\/100\n|-damage|p2a: Buzzwole|88\/100|[from] ability: Iron Barbs|[of] p1a: Ferrothorn\n|move|p1a: Ferrothorn|Leech Seed|p2a: Buzzwole\n|-start|p2a: Buzzwole|move: Leech Seed\n|\n|-damage|p2a: Buzzwole|76\/100|[from] Leech Seed|[of] p1a: Ferrothorn\n|-heal|p1a: Ferrothorn|100\/100|[silent]\n|upkeep\n|turn|91\n|\n|t:|1659495604\n|switch|p1a: Rotom|Rotom-Wash|100\/100\n|move|p2a: Buzzwole|Drain Punch|p1a: Rotom\n|-damage|p1a: Rotom|70\/100\n|-heal|p2a: Buzzwole|87\/100|[from] drain|[of] p1a: Rotom\n|\n|-heal|p1a: Rotom|76\/100|[from] item: Leftovers\n|-damage|p2a: Buzzwole|74\/100|[from] Leech Seed|[of] p1a: Rotom\n|-heal|p1a: Rotom|93\/100|[silent]\n|upkeep\n|turn|92\n|\n|t:|1659495609\n|switch|p2a: Blissey|Blissey, F|75\/100\n|move|p1a: Rotom|Volt Switch|p2a: Blissey\n|-damage|p2a: Blissey|65\/100\n|\n|t:|1659495612\n|switch|p1a: Zeraora|Zeraora|39\/100|[from]move: Volt Switch\n|\n|upkeep\n|turn|93\n|\n|t:|1659495616\n|switch|p1a: Toxapex|Toxapex, F|100\/100 brn\n|switch|p2a: Buzzwole|Buzzwole|74\/100\n|-damage|p2a: Buzzwole|62\/100|[from] Stealth Rock\n|\n|-damage|p1a: Toxapex|94\/100 brn|[from] brn\n|upkeep\n|turn|94\n|\n|t:|1659495619\n|move|p2a: Buzzwole|Roost|p2a: Buzzwole\n|-heal|p2a: Buzzwole|100\/100\n|-singleturn|p2a: Buzzwole|move: Roost\n|move|p1a: Toxapex|Toxic|p2a: Buzzwole\n|-status|p2a: Buzzwole|tox\n|\n|-heal|p1a: Toxapex|100\/100 brn|[from] item: Black Sludge\n|-damage|p2a: Buzzwole|94\/100 tox|[from] psn\n|-damage|p1a: Toxapex|94\/100 brn|[from] brn\n|upkeep\n|turn|95\n|\n|t:|1659495624\n|switch|p2a: Slowking|Slowking, F|81\/100 tox\n|-damage|p2a: Slowking|69\/100 tox|[from] Stealth Rock\n|switch|p1a: Zeraora|Zeraora|39\/100\n|\n|-heal|p2a: Slowking|75\/100 tox|[from] item: Leftovers\n|-damage|p2a: Slowking|69\/100 tox|[from] psn\n|upkeep\n|turn|96\n|\n|t:|1659495627\n|switch|p2a: Buzzwole|Buzzwole|94\/100 tox\n|-damage|p2a: Buzzwole|82\/100 tox|[from] Stealth Rock\n|move|p1a: Zeraora|Knock Off|p2a: Buzzwole\n|-resisted|p2a: Buzzwole\n|-crit|p2a: Buzzwole\n|-damage|p2a: Buzzwole|75\/100 tox\n|\n|-damage|p2a: Buzzwole|68\/100 tox|[from] psn\n|upkeep\n|turn|97\n|\n|t:|1659495634\n|switch|p1a: Rotom|Rotom-Wash|93\/100\n|move|p2a: Buzzwole|Toxic|p1a: Rotom\n|-status|p1a: Rotom|tox\n|\n|-heal|p1a: Rotom|99\/100 tox|[from] item: Leftovers\n|-damage|p1a: Rotom|93\/100 tox|[from] psn\n|-damage|p2a: Buzzwole|56\/100 tox|[from] psn\n|upkeep\n|turn|98\n|\n|t:|1659495639\n|switch|p2a: Blissey|Blissey, F|65\/100\n|move|p1a: Rotom|Volt Switch|p2a: Blissey\n|-damage|p2a: Blissey|56\/100\n|\n|t:|1659495642\n|switch|p1a: Zeraora|Zeraora|39\/100|[from]move: Volt Switch\n|\n|upkeep\n|turn|99\n|\n|t:|1659495651\n|move|p1a: Zeraora|Plasma Fists|p2a: Blissey\n|-damage|p2a: Blissey|17\/100\n|-fieldactivate|move: Ion Deluge\n|-hint|Normal-type moves become Electric-type after using Plasma Fists.\n|move|p2a: Blissey|Soft-Boiled|p2a: Blissey\n|-heal|p2a: Blissey|67\/100\n|\n|upkeep\n|turn|100\n|\n|t:|1659495661\n|move|p1a: Zeraora|Plasma Fists|p2a: Blissey\n|-damage|p2a: Blissey|23\/100\n|-fieldactivate|move: Ion Deluge\n|-hint|Normal-type moves become Electric-type after using Plasma Fists.\n|move|p2a: Blissey|Soft-Boiled|p2a: Blissey\n|-heal|p2a: Blissey|73\/100\n|\n|upkeep\n|turn|101\n|\n|t:|1659495665\n|move|p1a: Zeraora|Close Combat|p2a: Blissey\n|-supereffective|p2a: Blissey\n|-crit|p2a: Blissey\n|-damage|p2a: Blissey|0 fnt\n|-unboost|p1a: Zeraora|def|1\n|-unboost|p1a: Zeraora|spd|1\n|faint|p2a: Blissey\n|\n|upkeep\n|\n|t:|1659495669\n|switch|p2a: Buzzwole|Buzzwole|56\/100 tox\n|-damage|p2a: Buzzwole|44\/100 tox|[from] Stealth Rock\n|turn|102\n|\n|t:|1659495676\n|switch|p1a: Toxapex|Toxapex, F|100\/100 brn\n|move|p2a: Buzzwole|Roost|p2a: Buzzwole\n|-heal|p2a: Buzzwole|94\/100 tox\n|-singleturn|p2a: Buzzwole|move: Roost\n|\n|-damage|p2a: Buzzwole|87\/100 tox|[from] psn\n|-damage|p1a: Toxapex|94\/100 brn|[from] brn\n|upkeep\n|turn|103\n|\n|t:|1659495680\n|switch|p2a: Slowking|Slowking, F|100\/100 tox\n|-damage|p2a: Slowking|88\/100 tox|[from] Stealth Rock\n|switch|p1a: Rotom|Rotom-Wash|93\/100 tox\n|\n|-heal|p1a: Rotom|99\/100 tox|[from] item: Leftovers\n|-heal|p2a: Slowking|94\/100 tox|[from] item: Leftovers\n|-damage|p1a: Rotom|93\/100 tox|[from] psn\n|-damage|p2a: Slowking|88\/100 tox|[from] psn\n|upkeep\n|turn|104\n|\n|t:|1659495691\n|move|p1a: Rotom|Volt Switch|p2a: Slowking\n|-supereffective|p2a: Slowking\n|-damage|p2a: Slowking|60\/100 tox\n|\n|t:|1659495694\n|switch|p1a: Ferrothorn|Ferrothorn, M|100\/100|[from]move: Volt Switch\n|move|p2a: Slowking|Scald|p1a: Ferrothorn\n|-resisted|p1a: Ferrothorn\n|-damage|p1a: Ferrothorn|89\/100\n|\n|-heal|p2a: Slowking|66\/100 tox|[from] item: Leftovers\n|-damage|p2a: Slowking|54\/100 tox|[from] psn\n|upkeep\n|turn|105\n|\n|t:|1659495698\n|switch|p2a: Buzzwole|Buzzwole|87\/100 tox\n|-damage|p2a: Buzzwole|75\/100 tox|[from] Stealth Rock\n|move|p1a: Ferrothorn|Leech Seed|p2a: Buzzwole\n|-start|p2a: Buzzwole|move: Leech Seed\n|\n|-damage|p2a: Buzzwole|62\/100 tox|[from] Leech Seed|[of] p1a: Ferrothorn\n|-heal|p1a: Ferrothorn|100\/100|[silent]\n|-damage|p2a: Buzzwole|56\/100 tox|[from] psn\n|upkeep\n|turn|106\n|\n|t:|1659495702\n|move|p2a: Buzzwole|Roost|p2a: Buzzwole\n|-heal|p2a: Buzzwole|100\/100 tox\n|-singleturn|p2a: Buzzwole|move: Roost\n|move|p1a: Ferrothorn|Gyro Ball|p2a: Buzzwole\n|-damage|p2a: Buzzwole|83\/100 tox\n|\n|-damage|p2a: Buzzwole|70\/100 tox|[from] Leech Seed|[of] p1a: Ferrothorn\n|-damage|p2a: Buzzwole|58\/100 tox|[from] psn\n|upkeep\n|turn|107\n|\n|t:|1659495705\n|move|p2a: Buzzwole|Drain Punch|p1a: Ferrothorn\n|-supereffective|p1a: Ferrothorn\n|-damage|p1a: Ferrothorn|62\/100\n|-heal|p2a: Buzzwole|74\/100 tox|[from] drain|[of] p1a: Ferrothorn\n|-damage|p2a: Buzzwole|61\/100 tox|[from] ability: Iron Barbs|[of] p1a: Ferrothorn\n|move|p1a: Ferrothorn|Gyro Ball|p2a: Buzzwole\n|-damage|p2a: Buzzwole|44\/100 tox\n|\n|-damage|p2a: Buzzwole|31\/100 tox|[from] Leech Seed|[of] p1a: Ferrothorn\n|-heal|p1a: Ferrothorn|77\/100|[silent]\n|-damage|p2a: Buzzwole|13\/100 tox|[from] psn\n|upkeep\n|turn|108\n|-message|wuminKenken forfeited.\n|\n|win|jeandonis02\n|raw|jeandonis02's rating: 1582 &rarr; <strong>1607<\/strong><br \/>(+25 for winning)\n|raw|wuminKenken's rating: 1674 &rarr; <strong>1649<\/strong><br \/>(-25 for losing)\n|l|\u2606wuminKenken\n||Ladder isn't responding, score probably updated but might not have (Request timeout).\n","uploadtime":1659495723,"views":28,"p1id":"jeandonis02","p2id":"wuminkenken","formatid":"gen8ou","rating":1607,"private":0,"password":null}