{"id":"gen8nationaldex-1112591597","p1":"mongwong","p2":"Iknowup","format":"gen8nationaldex","log":"|j|\u2606mongwong\n|j|\u2606Iknowup\n|player|p1|mongwong|silver|1369\n|player|p2|Iknowup|102|1389\n|teamsize|p1|6\n|teamsize|p2|6\n|gametype|singles\n|gen|8\n|tier|[Gen 8] National Dex\n|rated|\n|html|<div class=\"broadcast-red\"><strong>National Dex is currently suspecting Mega Metagross! For information on how to participate check out the <a href=\"https:\/\/www.smogon.com\/forums\/threads\/3663780\/\">suspect thread<\/a>.<\/strong><\/div>\n|clearpoke\n|poke|p1|Goodra, F|\n|poke|p1|Swampert, F|\n|poke|p1|Pelipper, M|\n|poke|p1|Tornadus-Therian, M|\n|poke|p1|Ferrothorn, M|\n|poke|p1|Dragonite, M|\n|poke|p2|Mamoswine, F|\n|poke|p2|Tapu Koko|\n|poke|p2|Mantine, M|\n|poke|p2|Dragapult, M|\n|poke|p2|Volcarona, F|\n|poke|p2|Metagross|\n|rule|HP Percentage Mod: HP is shown in percentages\n|rule|Endless Battle Clause: Forcing endless battles is banned\n|rule|OHKO Clause: OHKO moves are banned\n|rule|Evasion Moves Clause: Evasion moves are banned\n|rule|Species Clause: Limit one of each Pok\u00e9mon\n|rule|Dynamax Clause: You cannot dynamax\n|rule|Sleep Clause Mod: Limit one foe put to sleep\n|teampreview\n|\n|start\n|switch|p1a: Goodra|Goodra, F|100\/100\n|switch|p2a: Tusk|Mamoswine, F|100\/100\n|turn|1\n|\n|move|p2a: Tusk|Icicle Spear|p1a: Goodra\n|-supereffective|p1a: Goodra\n|-damage|p1a: Goodra|54\/100\n|-supereffective|p1a: Goodra\n|-damage|p1a: Goodra|6\/100\n|-supereffective|p1a: Goodra\n|-damage|p1a: Goodra|0 fnt\n|-hitcount|p1a: Goodra|3\n|-damage|p2a: Tusk|91\/100|[from] item: Life Orb\n|faint|p1a: Goodra\n|\n|upkeep\n|\n|switch|p1a: Pelipper|Pelipper, M|100\/100\n|-weather|RainDance|[from] ability: Drizzle|[of] p1a: Pelipper\n|turn|2\n|\n|move|p2a: Tusk|Stealth Rock|p1a: Pelipper\n|-sidestart|p1: mongwong|move: Stealth Rock\n|move|p1a: Pelipper|U-turn|p2a: Tusk\n|-damage|p2a: Tusk|81\/100\n|\n|switch|p1a: Swampert|Swampert, F|100\/100|[from]move: U-turn\n|-damage|p1a: Swampert|94\/100|[from] Stealth Rock\n|\n|-weather|RainDance|[upkeep]\n|upkeep\n|turn|3\n|\n|switch|p2a: Foo Fighters|Mantine, M|100\/100\n|detailschange|p1a: Swampert|Swampert-Mega, F\n|-mega|p1a: Swampert|Swampert|Swampertite\n|move|p1a: Swampert|Stealth Rock|p2a: Foo Fighters\n|-sidestart|p2: Iknowup|move: Stealth Rock\n|\n|-weather|RainDance|[upkeep]\n|upkeep\n|turn|4\n|\n|switch|p1a: Dragonite|Dragonite, M|100\/100\n|-damage|p1a: Dragonite|76\/100|[from] Stealth Rock\n|move|p2a: Foo Fighters|Scald|p1a: Dragonite\n|-resisted|p1a: Dragonite\n|-damage|p1a: Dragonite|61\/100\n|-status|p1a: Dragonite|brn\n|\n|-weather|RainDance|[upkeep]\n|-damage|p1a: Dragonite|55\/100 brn|[from] brn\n|upkeep\n|turn|5\n|\n|switch|p2a: Suspect Test|Metagross, shiny|100\/100\n|-damage|p2a: Suspect Test|95\/100|[from] Stealth Rock\n|-zpower|p1a: Dragonite\n|move|p1a: Dragonite|Supersonic Skystrike|p2a: Suspect Test|[zeffect]\n|-resisted|p2a: Suspect Test\n|-damage|p2a: Suspect Test|71\/100\n|\n|-weather|RainDance|[upkeep]\n|-damage|p1a: Dragonite|48\/100 brn|[from] brn\n|upkeep\n|turn|6\n|\n|detailschange|p2a: Suspect Test|Metagross-Mega, shiny\n|-mega|p2a: Suspect Test|Metagross|Metagrossite\n|move|p2a: Suspect Test|Hone Claws|p2a: Suspect Test\n|-boost|p2a: Suspect Test|atk|1\n|-boost|p2a: Suspect Test|accuracy|1\n|move|p1a: Dragonite|Earthquake|p2a: Suspect Test\n|-supereffective|p2a: Suspect Test\n|-damage|p2a: Suspect Test|40\/100\n|\n|-weather|RainDance|[upkeep]\n|-damage|p1a: Dragonite|42\/100 brn|[from] brn\n|upkeep\n|turn|7\n|\n|move|p2a: Suspect Test|Meteor Mash|p1a: Dragonite\n|-damage|p1a: Dragonite|0 fnt\n|faint|p1a: Dragonite\n|\n|-weather|RainDance|[upkeep]\n|upkeep\n|\n|switch|p1a: Swampert|Swampert-Mega, F|94\/100\n|-damage|p1a: Swampert|88\/100|[from] Stealth Rock\n|turn|8\n|\n|switch|p2a: Foo Fighters|Mantine, M|100\/100\n|-damage|p2a: Foo Fighters|76\/100|[from] Stealth Rock\n|move|p1a: Swampert|Waterfall|p2a: Foo Fighters\n|-heal|p2a: Foo Fighters|100\/100|[from] ability: Water Absorb|[of] p1a: Swampert\n|\n|-weather|RainDance|[upkeep]\n|upkeep\n|turn|9\n|\n|switch|p1a: Ferrothorn|Ferrothorn, M|100\/100\n|-damage|p1a: Ferrothorn|94\/100|[from] Stealth Rock\n|move|p2a: Foo Fighters|Scald|p1a: Ferrothorn\n|-resisted|p1a: Ferrothorn\n|-crit|p1a: Ferrothorn\n|-damage|p1a: Ferrothorn|77\/100\n|-status|p1a: Ferrothorn|brn\n|\n|-weather|none\n|-heal|p1a: Ferrothorn|84\/100 brn|[from] item: Leftovers\n|-damage|p1a: Ferrothorn|77\/100 brn|[from] brn\n|upkeep\n|turn|10\n|\n|switch|p2a: Tower of Day|Volcarona, F|100\/100\n|move|p1a: Ferrothorn|Leech Seed|p2a: Tower of Day\n|-start|p2a: Tower of Day|move: Leech Seed\n|\n|-heal|p1a: Ferrothorn|84\/100 brn|[from] item: Leftovers\n|-damage|p2a: Tower of Day|88\/100|[from] Leech Seed|[of] p1a: Ferrothorn\n|-heal|p1a: Ferrothorn|97\/100 brn|[silent]\n|-damage|p1a: Ferrothorn|91\/100 brn|[from] brn\n|upkeep\n|turn|11\n|\n|switch|p2a: RedHotChiliPepper|Tapu Koko|100\/100\n|-damage|p2a: RedHotChiliPepper|88\/100|[from] Stealth Rock\n|-fieldstart|move: Electric Terrain|[from] ability: Electric Surge|[of] p2a: RedHotChiliPepper\n|switch|p1a: Pelipper|Pelipper, M|100\/100\n|-damage|p1a: Pelipper|76\/100|[from] Stealth Rock\n|-weather|RainDance|[from] ability: Drizzle|[of] p1a: Pelipper\n|\n|-weather|RainDance|[upkeep]\n|upkeep\n|turn|12\n|\n|switch|p1a: Ferrothorn|Ferrothorn, M|91\/100 brn\n|-damage|p1a: Ferrothorn|84\/100 brn|[from] Stealth Rock\n|move|p2a: RedHotChiliPepper|Thunderbolt|p1a: Ferrothorn\n|-resisted|p1a: Ferrothorn\n|-damage|p1a: Ferrothorn|66\/100 brn\n|\n|-weather|RainDance|[upkeep]\n|-heal|p1a: Ferrothorn|73\/100 brn|[from] item: Leftovers\n|-damage|p1a: Ferrothorn|66\/100 brn|[from] brn\n|upkeep\n|turn|13\n|\n|move|p2a: RedHotChiliPepper|Taunt|p1a: Ferrothorn\n|-start|p1a: Ferrothorn|move: Taunt\n|move|p1a: Ferrothorn|Knock Off|p2a: RedHotChiliPepper\n|-resisted|p2a: RedHotChiliPepper\n|-damage|p2a: RedHotChiliPepper|84\/100\n|\n|-weather|RainDance|[upkeep]\n|-heal|p1a: Ferrothorn|73\/100 brn|[from] item: Leftovers\n|-damage|p1a: Ferrothorn|66\/100 brn|[from] brn\n|upkeep\n|turn|14\n|\n|switch|p1a: Swampert|Swampert-Mega, F|88\/100\n|-damage|p1a: Swampert|82\/100|[from] Stealth Rock\n|move|p2a: RedHotChiliPepper|U-turn|p1a: Swampert\n|-damage|p1a: Swampert|68\/100\n|\n|switch|p2a: Foo Fighters|Mantine, M|100\/100|[from]move: U-turn\n|-damage|p2a: Foo Fighters|76\/100|[from] Stealth Rock\n|\n|-weather|RainDance|[upkeep]\n|-heal|p2a: Foo Fighters|82\/100|[from] item: Leftovers\n|upkeep\n|turn|15\n|\n|switch|p1a: Tornadus|Tornadus-Therian, M|100\/100\n|-damage|p1a: Tornadus|76\/100|[from] Stealth Rock\n|move|p2a: Foo Fighters|Scald|p1a: Tornadus\n|-damage|p1a: Tornadus|34\/100\n|\n|-weather|RainDance|[upkeep]\n|-heal|p2a: Foo Fighters|88\/100|[from] item: Leftovers\n|-fieldend|move: Electric Terrain\n|upkeep\n|turn|16\n|\n|switch|p2a: Suspect Test|Metagross-Mega, shiny|40\/100\n|-damage|p2a: Suspect Test|34\/100|[from] Stealth Rock\n|move|p1a: Tornadus|Hurricane|p2a: Suspect Test\n|-resisted|p2a: Suspect Test\n|-damage|p2a: Suspect Test|0 fnt\n|faint|p2a: Suspect Test\n|\n|-weather|RainDance|[upkeep]\n|upkeep\n|\n|switch|p2a: RedHotChiliPepper|Tapu Koko|84\/100\n|-damage|p2a: RedHotChiliPepper|71\/100|[from] Stealth Rock\n|-fieldstart|move: Electric Terrain|[from] ability: Electric Surge|[of] p2a: RedHotChiliPepper\n|turn|17\n|\n|move|p1a: Tornadus|Hurricane|p2a: RedHotChiliPepper\n|-resisted|p2a: RedHotChiliPepper\n|-damage|p2a: RedHotChiliPepper|13\/100\n|-start|p2a: RedHotChiliPepper|confusion\n|-activate|p2a: RedHotChiliPepper|confusion\n|move|p2a: RedHotChiliPepper|Thunderbolt|p1a: Tornadus\n|-supereffective|p1a: Tornadus\n|-damage|p1a: Tornadus|0 fnt\n|faint|p1a: Tornadus\n|\n|-weather|RainDance|[upkeep]\n|upkeep\n|\n|switch|p1a: Swampert|Swampert-Mega, F|68\/100\n|-damage|p1a: Swampert|62\/100|[from] Stealth Rock\n|turn|18\n|\n|switch|p2a: Foo Fighters|Mantine, M|88\/100\n|-damage|p2a: Foo Fighters|63\/100|[from] Stealth Rock\n|move|p1a: Swampert|Ice Punch|p2a: Foo Fighters\n|-damage|p2a: Foo Fighters|31\/100\n|-status|p2a: Foo Fighters|frz\n|\n|-weather|none\n|-heal|p2a: Foo Fighters|37\/100 frz|[from] item: Leftovers\n|upkeep\n|turn|19\n|\n|move|p1a: Swampert|Ice Punch|p2a: Foo Fighters\n|-damage|p2a: Foo Fighters|4\/100 frz\n|-curestatus|p2a: Foo Fighters|frz|[from] move: Scald\n|move|p2a: Foo Fighters|Scald|p1a: Swampert\n|-damage|p1a: Swampert|41\/100\n|\n|-heal|p2a: Foo Fighters|10\/100|[from] item: Leftovers\n|upkeep\n|turn|20\n|\n|move|p1a: Swampert|Ice Punch|p2a: Foo Fighters\n|-damage|p2a: Foo Fighters|0 fnt\n|faint|p2a: Foo Fighters\n|\n|upkeep\n|c|\u2606Iknowup|Damn\n|c|\u2606mongwong|ye soz bro\n|\n|switch|p2a: RedHotChiliPepper|Tapu Koko|13\/100\n|-damage|p2a: RedHotChiliPepper|0 fnt|[from] Stealth Rock\n|faint|p2a: RedHotChiliPepper\n|c|\u2606Iknowup|I thought that only dod 12\n|c|\u2606Iknowup|?\n|\n|switch|p2a: Aerosmith|Dragapult, M|100\/100\n|-damage|p2a: Aerosmith|88\/100|[from] Stealth Rock\n|turn|21\n|c|\u2606mongwong|rocks?\n|\n|switch|p1a: Pelipper|Pelipper, M|76\/100\n|-damage|p1a: Pelipper|51\/100|[from] Stealth Rock\n|-weather|RainDance|[from] ability: Drizzle|[of] p1a: Pelipper\n|move|p2a: Aerosmith|Dragon Dance|p2a: Aerosmith\n|-boost|p2a: Aerosmith|atk|1\n|-boost|p2a: Aerosmith|spe|1\n|\n|-weather|RainDance|[upkeep]\n|-fieldend|move: Electric Terrain\n|upkeep\n|turn|22\n|\n|switch|p1a: Ferrothorn|Ferrothorn, M|66\/100 brn\n|-damage|p1a: Ferrothorn|60\/100 brn|[from] Stealth Rock\n|move|p2a: Aerosmith|Dragon Darts|p1a: Ferrothorn\n|-resisted|p1a: Ferrothorn\n|-damage|p1a: Ferrothorn|42\/100 brn\n|-anim|p2a: Aerosmith|Dragon Darts|p1a: Ferrothorn\n|-resisted|p1a: Ferrothorn\n|-damage|p1a: Ferrothorn|24\/100 brn\n|-damage|p2a: Aerosmith|78\/100|[from] item: Life Orb\n|\n|-weather|RainDance|[upkeep]\n|-heal|p1a: Ferrothorn|30\/100 brn|[from] item: Leftovers\n|-damage|p1a: Ferrothorn|24\/100 brn|[from] brn\n|upkeep\n|turn|23\n|\n|move|p2a: Aerosmith|Flamethrower|p1a: Ferrothorn\n|-supereffective|p1a: Ferrothorn\n|-damage|p1a: Ferrothorn|0 fnt\n|-damage|p2a: Aerosmith|69\/100|[from] item: Life Orb\n|faint|p1a: Ferrothorn\n|\n|-weather|RainDance|[upkeep]\n|upkeep\n|\n|switch|p1a: Swampert|Swampert-Mega, F|41\/100\n|-damage|p1a: Swampert|35\/100|[from] Stealth Rock\n|turn|24\n|\n|move|p2a: Aerosmith|Dragon Darts|p1a: Swampert\n|-damage|p1a: Swampert|0 fnt\n|-damage|p2a: Aerosmith|59\/100|[from] item: Life Orb\n|faint|p1a: Swampert\n|\n|-weather|RainDance|[upkeep]\n|upkeep\n|c|\u2606mongwong|gg\n|\n|switch|p1a: Pelipper|Pelipper, M|51\/100\n|-damage|p1a: Pelipper|26\/100|[from] Stealth Rock\n|turn|25\n|c|\u2606Iknowup|Yeah rocks\n|c|\u2606mongwong|ye they do\n|\n|move|p2a: Aerosmith|Dragon Darts|p1a: Pelipper\n|-crit|p1a: Pelipper\n|-damage|p1a: Pelipper|0 fnt\n|-damage|p2a: Aerosmith|49\/100|[from] item: Life Orb\n|faint|p1a: Pelipper\n|\n|win|Iknowup\n|raw|mongwong's rating: 1369 &rarr; <strong>1350<\/strong><br \/>(-19 for losing)\n|raw|Iknowup's rating: 1389 &rarr; <strong>1407<\/strong><br \/>(+18 for winning)\n|c|\u2606mongwong|your koko mightve been at like 11.7 or somethin\n|l|\u2606mongwong\n|c|\u2606Iknowup|Gotcha...\n","uploadtime":1589186347,"views":13,"p1id":"mongwong","p2id":"iknowup","formatid":"gen8nationaldex","rating":1350,"private":0,"password":null}