{"id":"gen8nationaldex-1666415381","p1":"Forwards","p2":"Electro\u222fBolt\u222fAI\u222f","format":"gen8nationaldex","log":"|j|\u2606Forwards\n|j|\u2606Electro\u222fBolt\u222fAI\u222f\n|inactive|Battle timer is ON: inactive players will automatically lose when time's up.\n|t:|1663405825\n|gametype|singles\n|player|p1|Forwards|rollerskater|\n|player|p2|Electro\u222fBolt\u222fAI\u222f|gladion|\n|teamsize|p1|6\n|teamsize|p2|6\n|gen|8\n|tier|[Gen 8] National Dex\n|rated|Tournament battle\n|rule|HP Percentage Mod: HP is shown in percentages\n|rule|Endless Battle Clause: Forcing endless battles is banned\n|rule|OHKO Clause: OHKO moves are banned\n|rule|Evasion Moves Clause: Evasion moves are banned\n|rule|Species Clause: Limit one of each Pok\u00e9mon\n|rule|Dynamax Clause: You cannot dynamax\n|rule|Sleep Clause Mod: Limit one foe put to sleep\n|clearpoke\n|poke|p1|Urshifu-*, F|\n|poke|p1|Kyurem|\n|poke|p1|Clefable, F|\n|poke|p1|Ferrothorn, M|\n|poke|p1|Swampert, F|\n|poke|p1|Pelipper, F|\n|poke|p2|Electivire, M|\n|poke|p2|Charizard, M|\n|poke|p2|Inteleon, F|\n|poke|p2|Krookodile, M|\n|poke|p2|Noivern, M|\n|poke|p2|Metagross|\n|teampreview\n|\n|t:|1663405852\n|start\n|switch|p1a: Pelipper|Pelipper, F|100\/100\n|switch|p2a: Draco Burst|Noivern, M|100\/100\n|-weather|RainDance|[from] ability: Drizzle|[of] p1a: Pelipper\n|turn|1\n|\n|t:|1663405856\n|switch|p1a: Ferrothorn|Ferrothorn, M|100\/100\n|move|p2a: Draco Burst|Dragon Pulse|p1a: Ferrothorn\n|-resisted|p1a: Ferrothorn\n|-damage|p1a: Ferrothorn|85\/100\n|-damage|p2a: Draco Burst|91\/100|[from] item: Life Orb\n|\n|-weather|RainDance|[upkeep]\n|-heal|p1a: Ferrothorn|92\/100|[from] item: Leftovers\n|upkeep\n|turn|2\n|\n|t:|1663405860\n|move|p2a: Draco Burst|Air Slash|p1a: Ferrothorn\n|-damage|p1a: Ferrothorn|66\/100\n|-damage|p2a: Draco Burst|81\/100|[from] item: Life Orb\n|move|p1a: Ferrothorn|Stealth Rock|p2a: Draco Burst\n|-sidestart|p2: Electro\u222fBolt\u222fAI\u222f|move: Stealth Rock\n|\n|-weather|RainDance|[upkeep]\n|-heal|p1a: Ferrothorn|72\/100|[from] item: Leftovers\n|upkeep\n|turn|3\n|\n|t:|1663405863\n|move|p2a: Draco Burst|Flamethrower|p1a: Ferrothorn\n|-supereffective|p1a: Ferrothorn\n|-damage|p1a: Ferrothorn|31\/100\n|-damage|p2a: Draco Burst|71\/100|[from] item: Life Orb\n|move|p1a: Ferrothorn|Spikes|p2a: Draco Burst\n|-sidestart|p2: Electro\u222fBolt\u222fAI\u222f|Spikes\n|\n|-weather|RainDance|[upkeep]\n|-heal|p1a: Ferrothorn|37\/100|[from] item: Leftovers\n|upkeep\n|turn|4\n|\n|t:|1663405867\n|move|p2a: Draco Burst|Air Slash|p1a: Ferrothorn\n|-damage|p1a: Ferrothorn|11\/100\n|-damage|p2a: Draco Burst|61\/100|[from] item: Life Orb\n|move|p1a: Ferrothorn|Spikes|p2a: Draco Burst\n|-sidestart|p2: Electro\u222fBolt\u222fAI\u222f|Spikes\n|\n|-weather|RainDance|[upkeep]\n|-heal|p1a: Ferrothorn|17\/100|[from] item: Leftovers\n|upkeep\n|turn|5\n|\n|t:|1663405872\n|move|p2a: Draco Burst|Dragon Pulse|p1a: Ferrothorn\n|-resisted|p1a: Ferrothorn\n|-damage|p1a: Ferrothorn|2\/100\n|-damage|p2a: Draco Burst|51\/100|[from] item: Life Orb\n|move|p1a: Ferrothorn|Spikes|p2a: Draco Burst\n|-sidestart|p2: Electro\u222fBolt\u222fAI\u222f|Spikes\n|\n|-weather|RainDance|[upkeep]\n|-heal|p1a: Ferrothorn|9\/100|[from] item: Leftovers\n|upkeep\n|turn|6\n|\n|t:|1663405875\n|move|p2a: Draco Burst|Boomburst|p1a: Ferrothorn\n|-resisted|p1a: Ferrothorn\n|-crit|p1a: Ferrothorn\n|-damage|p1a: Ferrothorn|0 fnt\n|faint|p1a: Ferrothorn\n|-damage|p2a: Draco Burst|41\/100|[from] item: Life Orb\n|\n|-weather|RainDance|[upkeep]\n|upkeep\n|\n|t:|1663405878\n|switch|p1a: Swampert|Swampert, F|100\/100\n|turn|7\n|\n|t:|1663405883\n|detailschange|p1a: Swampert|Swampert-Mega, F\n|-mega|p1a: Swampert|Swampert|Swampertite\n|move|p1a: Swampert|Waterfall|p2a: Draco Burst\n|-resisted|p2a: Draco Burst\n|-damage|p2a: Draco Burst|0 fnt\n|faint|p2a: Draco Burst\n|\n|-weather|RainDance|[upkeep]\n|upkeep\n|\n|t:|1663405889\n|switch|p2a: Zard|Charizard, M|100\/100\n|-damage|p2a: Zard|51\/100|[from] Stealth Rock\n|turn|8\n|\n|t:|1663405910\n|detailschange|p2a: Zard|Charizard-Mega-X, M\n|-mega|p2a: Zard|Charizard|Charizardite X\n|move|p1a: Swampert|Waterfall|p2a: Zard\n|-damage|p2a: Zard|0 fnt\n|faint|p2a: Zard\n|\n|-weather|none\n|upkeep\n|\n|t:|1663405917\n|switch|p2a: Snipe Hydro|Inteleon, F|100\/100\n|-damage|p2a: Snipe Hydro|88\/100|[from] Stealth Rock\n|-damage|p2a: Snipe Hydro|63\/100|[from] Spikes\n|turn|9\n|\n|t:|1663405919\n|switch|p1a: Pelipper|Pelipper, F|100\/100\n|-weather|RainDance|[from] ability: Drizzle|[of] p1a: Pelipper\n|move|p2a: Snipe Hydro|Snipe Shot|p1a: Pelipper\n|-resisted|p1a: Pelipper\n|-damage|p1a: Pelipper|57\/100\n|\n|-weather|RainDance|[upkeep]\n|upkeep\n|turn|10\n|\n|t:|1663405922\n|move|p2a: Snipe Hydro|Focus Energy|p2a: Snipe Hydro\n|-start|p2a: Snipe Hydro|move: Focus Energy\n|move|p1a: Pelipper|U-turn|p2a: Snipe Hydro\n|-damage|p2a: Snipe Hydro|47\/100\n|\n|t:|1663405924\n|switch|p1a: Swampert|Swampert-Mega, F|100\/100|[from]move: U-turn\n|\n|-weather|RainDance|[upkeep]\n|upkeep\n|turn|11\n|\n|t:|1663405926\n|move|p1a: Swampert|Waterfall|p2a: Snipe Hydro\n|-resisted|p2a: Snipe Hydro\n|-damage|p2a: Snipe Hydro|0 fnt\n|faint|p2a: Snipe Hydro\n|\n|-weather|RainDance|[upkeep]\n|upkeep\n|\n|t:|1663405931\n|switch|p2a: Darkest Quake|Krookodile, M|100\/100\n|-damage|p2a: Darkest Quake|94\/100|[from] Stealth Rock\n|-damage|p2a: Darkest Quake|70\/100|[from] Spikes\n|turn|12\n|\n|t:|1663405937\n|move|p1a: Swampert|Waterfall|p2a: Darkest Quake\n|-supereffective|p2a: Darkest Quake\n|-damage|p2a: Darkest Quake|0 fnt\n|faint|p2a: Darkest Quake\n|\n|-weather|RainDance|[upkeep]\n|upkeep\n|\n|t:|1663405941\n|switch|p2a: Meteor Strike|Metagross, shiny|100\/100\n|-damage|p2a: Meteor Strike|95\/100|[from] Stealth Rock\n|-damage|p2a: Meteor Strike|70\/100|[from] Spikes\n|turn|13\n|\n|t:|1663405948\n|move|p1a: Swampert|Earthquake|p2a: Meteor Strike\n|-supereffective|p2a: Meteor Strike\n|-damage|p2a: Meteor Strike|0 fnt\n|faint|p2a: Meteor Strike\n|\n|-weather|RainDance|[upkeep]\n|upkeep\n|\n|t:|1663405952\n|switch|p2a: Electro Bolt|Electivire, M|100\/100\n|-damage|p2a: Electro Bolt|88\/100|[from] Stealth Rock\n|-damage|p2a: Electro Bolt|63\/100|[from] Spikes\n|turn|14\n|\n|t:|1663405957\n|move|p1a: Swampert|Waterfall|p2a: Electro Bolt\n|-damage|p2a: Electro Bolt|0 fnt\n|faint|p2a: Electro Bolt\n|\n|win|Forwards\n|n|\u2606Forwards|forwards\n|n|\u2606Electro\u222fBolt\u222fAI\u222f|electroboltai\n","uploadtime":1663405962,"views":5,"p1id":"forwards","p2id":"electroboltai","formatid":"gen8nationaldex","rating":0,"private":0,"password":null}