{"id":"gen8nationaldex-1646812189","p1":"Bugsileus","p2":"FleetFoxxx","format":"gen8nationaldex","log":"|j|\u2606Bugsileus\n|j|\u2606FleetFoxxx\n|t:|1661310167\n|gametype|singles\n|player|p1|Bugsileus|roxanne|\n|player|p2|FleetFoxxx|flannery|\n|teamsize|p1|6\n|teamsize|p2|6\n|gen|8\n|tier|[Gen 8] National Dex\n|rule|HP Percentage Mod: HP is shown in percentages\n|rule|Endless Battle Clause: Forcing endless battles is banned\n|rule|OHKO Clause: OHKO moves are banned\n|rule|Evasion Moves Clause: Evasion moves are banned\n|rule|Species Clause: Limit one of each Pok\u00e9mon\n|rule|Dynamax Clause: You cannot dynamax\n|rule|Sleep Clause Mod: Limit one foe put to sleep\n|clearpoke\n|poke|p1|Lycanroc, M|\n|poke|p1|Carracosta, M|\n|poke|p1|Cradily, F|\n|poke|p1|Armaldo, M|\n|poke|p1|Archeops, M|\n|poke|p1|Crustle, M|\n|poke|p2|Galvantula, M|\n|poke|p2|Runerigus, F|\n|poke|p2|Banette, F|\n|poke|p2|Coalossal, F|\n|poke|p2|Bisharp, M|\n|poke|p2|Whimsicott, M|\n|teampreview\n|j| DerpyDots\n|c|\u2606Bugsileus|glhf!\n|j| Deathbypudding\n|c|\u2606FleetFoxxx|gl hf!!\n|j|+andrew\n|c| Deathbypudding|come on rocks\n|j| bsvhsvj\n|c| bsvhsvj|let's rock n roll\n|c| bsvhsvj|haha\n|c|+andrew|go fleet!\n|\n|t:|1661310231\n|start\n|switch|p1a: Wink Chain Sword|Crustle, M|100\/100\n|switch|p2a: Banette|Banette, F|100\/100\n|-item|p1a: Wink Chain Sword|White Herb|[from] ability: Frisk|[of] p2a: Banette|[identify]\n|turn|1\n|j| blissymaster\n|\n|t:|1661310272\n|detailschange|p2a: Banette|Banette-Mega, F\n|-mega|p2a: Banette|Banette|Banettite\n|move|p2a: Banette|Shadow Claw|p1a: Wink Chain Sword\n|-damage|p1a: Wink Chain Sword|64\/100\n|move|p1a: Wink Chain Sword|Shell Smash|p1a: Wink Chain Sword\n|-unboost|p1a: Wink Chain Sword|def|1\n|-unboost|p1a: Wink Chain Sword|spd|1\n|-boost|p1a: Wink Chain Sword|atk|2\n|-boost|p1a: Wink Chain Sword|spa|2\n|-boost|p1a: Wink Chain Sword|spe|2\n|-enditem|p1a: Wink Chain Sword|White Herb\n|-clearnegativeboost|p1a: Wink Chain Sword|[silent]\n|\n|upkeep\n|turn|2\n|j| SPACEDUDE360000\n|j|+111ace111@!\n|\n|t:|1661310290\n|move|p2a: Banette|Thunder Wave|p1a: Wink Chain Sword\n|-status|p1a: Wink Chain Sword|par\n|move|p1a: Wink Chain Sword|Earthquake|p2a: Banette\n|-damage|p2a: Banette|28\/100\n|\n|upkeep\n|turn|3\n|c| Deathbypudding|give mega banette fairy type gamefraud\n|j| thamaestro\n|\n|t:|1661310306\n|move|p2a: Banette|Destiny Bond|p2a: Banette\n|-singlemove|p2a: Banette|Destiny Bond\n|move|p1a: Wink Chain Sword|Shell Smash|p1a: Wink Chain Sword\n|-unboost|p1a: Wink Chain Sword|def|1\n|-unboost|p1a: Wink Chain Sword|spd|1\n|-boost|p1a: Wink Chain Sword|atk|2\n|-boost|p1a: Wink Chain Sword|spa|2\n|-boost|p1a: Wink Chain Sword|spe|2\n|\n|upkeep\n|turn|4\n|\n|t:|1661310333\n|move|p2a: Banette|Shadow Sneak|p1a: Wink Chain Sword\n|-damage|p1a: Wink Chain Sword|28\/100 par\n|cant|p1a: Wink Chain Sword|par\n|\n|upkeep\n|turn|5\n|\n|t:|1661310348\n|move|p2a: Banette|Shadow Sneak|p1a: Wink Chain Sword\n|-damage|p1a: Wink Chain Sword|0 fnt\n|faint|p1a: Wink Chain Sword\n|\n|upkeep\n|\n|t:|1661310396\n|switch|p1a: Princess Halation|Lycanroc, M|100\/100\n|turn|6\n|j| Matieu\n|\n|t:|1661310426\n|switch|p2a: Runerigus|Runerigus, F|100\/100\n|move|p1a: Princess Halation|Accelerock|p2a: Runerigus\n|-resisted|p2a: Runerigus\n|-damage|p2a: Runerigus|93\/100\n|-activate|p2a: Runerigus|ability: Wandering Spirit|Steadfast|Wandering Spirit|[of] p1a: Princess Halation\n|\n|-heal|p2a: Runerigus|99\/100|[from] item: Leftovers\n|upkeep\n|turn|7\n|\n|t:|1661310467\n|move|p1a: Princess Halation|Taunt|p2a: Runerigus\n|-start|p2a: Runerigus|move: Taunt\n|cant|p2a: Runerigus|move: Taunt|Iron Defense\n|\n|-heal|p2a: Runerigus|100\/100|[from] item: Leftovers\n|upkeep\n|turn|8\n|\n|t:|1661310480\n|switch|p1a: Deep Submerge|Armaldo, M|100\/100\n|move|p2a: Runerigus|Body Press|p1a: Deep Submerge\n|-damage|p1a: Deep Submerge|77\/100\n|\n|upkeep\n|turn|9\n|l| bsvhsvj\n|\n|t:|1661310502\n|switch|p2a: Coalossal|Coalossal, F|100\/100\n|move|p1a: Deep Submerge|Swords Dance|p1a: Deep Submerge\n|-boost|p1a: Deep Submerge|atk|2\n|\n|upkeep\n|turn|10\n|j| bsvhsvj\n|\n|t:|1661310535\n|move|p1a: Deep Submerge|Stone Edge|p2a: Coalossal\n|-supereffective|p2a: Coalossal\n|-enditem|p2a: Coalossal|Focus Sash\n|-damage|p2a: Coalossal|1\/100\n|move|p2a: Coalossal|Stealth Rock|p1a: Deep Submerge\n|-sidestart|p1: Bugsileus|move: Stealth Rock\n|\n|upkeep\n|turn|11\n|\n|t:|1661310550\n|move|p1a: Deep Submerge|Brick Break|p2a: Coalossal\n|-supereffective|p2a: Coalossal\n|-damage|p2a: Coalossal|0 fnt\n|faint|p2a: Coalossal\n|\n|upkeep\n|\n|t:|1661310558\n|switch|p2a: Bisharp|Bisharp, M|100\/100\n|turn|12\n|\n|t:|1661310575\n|-zpower|p2a: Bisharp\n|move|p2a: Bisharp|Corkscrew Crash|p1a: Deep Submerge|[zeffect]\n|-supereffective|p1a: Deep Submerge\n|-damage|p1a: Deep Submerge|0 fnt\n|faint|p1a: Deep Submerge\n|\n|upkeep\n|\n|t:|1661310582\n|switch|p1a: Supreme Thunder|Cradily, F|100\/100\n|-damage|p1a: Supreme Thunder|88\/100|[from] Stealth Rock\n|turn|13\n|\n|t:|1661310603\n|switch|p2a: Runerigus|Runerigus, F|100\/100\n|move|p1a: Supreme Thunder|Earth Power|p2a: Runerigus\n|-damage|p2a: Runerigus|87\/100\n|\n|-heal|p2a: Runerigus|93\/100|[from] item: Leftovers\n|upkeep\n|turn|14\n|\n|t:|1661310659\n|move|p1a: Supreme Thunder|Giga Drain|p2a: Runerigus\n|-supereffective|p2a: Runerigus\n|-damage|p2a: Runerigus|61\/100\n|-heal|p1a: Supreme Thunder|100\/100|[from] drain|[of] p2a: Runerigus\n|move|p2a: Runerigus|Body Press|p1a: Supreme Thunder\n|-supereffective|p1a: Supreme Thunder\n|-damage|p1a: Supreme Thunder|56\/100\n|\n|-heal|p2a: Runerigus|67\/100|[from] item: Leftovers\n|upkeep\n|turn|15\n|\n|t:|1661310676\n|move|p1a: Supreme Thunder|Giga Drain|p2a: Runerigus\n|-supereffective|p2a: Runerigus\n|-damage|p2a: Runerigus|34\/100\n|-heal|p1a: Supreme Thunder|70\/100|[from] drain|[of] p2a: Runerigus\n|move|p2a: Runerigus|Body Press|p1a: Supreme Thunder\n|-supereffective|p1a: Supreme Thunder\n|-damage|p1a: Supreme Thunder|26\/100\n|\n|-heal|p2a: Runerigus|40\/100|[from] item: Leftovers\n|upkeep\n|turn|16\n|\n|t:|1661310714\n|move|p1a: Supreme Thunder|Earth Power|p2a: Runerigus\n|-damage|p2a: Runerigus|27\/100\n|move|p2a: Runerigus|Body Press|p1a: Supreme Thunder\n|-supereffective|p1a: Supreme Thunder\n|-damage|p1a: Supreme Thunder|0 fnt\n|faint|p1a: Supreme Thunder\n|\n|-heal|p2a: Runerigus|33\/100|[from] item: Leftovers\n|upkeep\n|\n|t:|1661310723\n|switch|p1a: Burning Mandala|Archeops, M|100\/100\n|-damage|p1a: Burning Mandala|76\/100|[from] Stealth Rock\n|turn|17\n|\n|t:|1661310754\n|move|p1a: Burning Mandala|Crunch|p2a: Runerigus\n|-supereffective|p2a: Runerigus\n|-damage|p2a: Runerigus|0 fnt\n|-activate|p2a: Runerigus|ability: Wandering Spirit|Defeatist|Wandering Spirit|[of] p1a: Burning Mandala\n|faint|p2a: Runerigus\n|\n|upkeep\n|c| Deathbypudding|archeops buff nice\n|c| bsvhsvj|Oh shit it lost defeatist\n|j| yes munchlax\n|c|\u2606Bugsileus|yoink\n|c|\u2606Bugsileus|PMA archeops is here\n|c| thamaestro|you can do it archeops!\n|\n|t:|1661310812\n|switch|p2a: Whimsicott|Whimsicott, M|100\/100\n|turn|18\n|\n|t:|1661310825\n|move|p2a: Whimsicott|Encore|p1a: Burning Mandala\n|-start|p1a: Burning Mandala|Encore\n|move|p1a: Burning Mandala|Crunch|p2a: Whimsicott\n|-resisted|p2a: Whimsicott\n|-damage|p2a: Whimsicott|79\/100\n|\n|-heal|p2a: Whimsicott|85\/100|[from] item: Leftovers\n|upkeep\n|turn|19\n|\n|t:|1661310839\n|move|p2a: Whimsicott|Moonblast|p1a: Burning Mandala\n|-damage|p1a: Burning Mandala|15\/100\n|-unboost|p1a: Burning Mandala|spa|1\n|-enditem|p1a: Burning Mandala|Sitrus Berry|[eat]\n|-heal|p1a: Burning Mandala|39\/100|[from] item: Sitrus Berry\n|move|p1a: Burning Mandala|Crunch|p2a: Whimsicott\n|-resisted|p2a: Whimsicott\n|-damage|p2a: Whimsicott|62\/100\n|\n|-heal|p2a: Whimsicott|68\/100|[from] item: Leftovers\n|upkeep\n|turn|20\n|\n|t:|1661310853\n|move|p2a: Whimsicott|Energy Ball|p1a: Burning Mandala\n|-damage|p1a: Burning Mandala|0 fnt\n|faint|p1a: Burning Mandala\n|\n|-heal|p2a: Whimsicott|74\/100|[from] item: Leftovers\n|upkeep\n|l| SPACEDUDE360000\n|l| thamaestro\n|j| sh0shin4\n|c| sh0shin4|squeequel\n|\n|t:|1661310931\n|switch|p1a: Aqua Rhapsody|Carracosta, M|100\/100\n|turn|21\n|\n|t:|1661310962\n|move|p2a: Whimsicott|Tailwind|p2a: Whimsicott\n|-sidestart|p2: FleetFoxxx|move: Tailwind\n|move|p1a: Aqua Rhapsody|Hidden Power|p2a: Whimsicott\n|-supereffective|p2a: Whimsicott\n|-crit|p2a: Whimsicott\n|-damage|p2a: Whimsicott|0 fnt\n|faint|p2a: Whimsicott\n|\n|upkeep\n|c| yes munchlax|.dt carracosta\n|c| sh0shin4|Xd\n|\n|t:|1661311045\n|switch|p2a: Galvantula|Galvantula, M|100\/100\n|turn|22\n|\n|t:|1661311126\n|move|p1a: Aqua Rhapsody|Aqua Jet|p2a: Galvantula\n|-damage|p2a: Galvantula|65\/100\n|move|p2a: Galvantula|Energy Ball|p1a: Aqua Rhapsody\n|-supereffective|p1a: Aqua Rhapsody\n|-ability|p1a: Aqua Rhapsody|Sturdy\n|-damage|p1a: Aqua Rhapsody|1\/100\n|-unboost|p1a: Aqua Rhapsody|spd|1\n|\n|upkeep\n|turn|23\n|\n|t:|1661311155\n|move|p1a: Aqua Rhapsody|Aqua Jet|p2a: Galvantula\n|-damage|p2a: Galvantula|30\/100\n|move|p2a: Galvantula|Volt Switch|p1a: Aqua Rhapsody\n|-supereffective|p1a: Aqua Rhapsody\n|-damage|p1a: Aqua Rhapsody|0 fnt\n|faint|p1a: Aqua Rhapsody\n|\n|t:|1661311162\n|switch|p2a: Bisharp|Bisharp, M|100\/100|[from]move: Volt Switch\n|\n|upkeep\n|\n|t:|1661311167\n|switch|p1a: Princess Halation|Lycanroc, M|100\/100\n|-damage|p1a: Princess Halation|88\/100|[from] Stealth Rock\n|turn|24\n|c|\u2606Bugsileus|rats\n|c|\u2606Bugsileus|GG!\n|c| sh0shin4|alright this is easy\n|\n|t:|1661311177\n|move|p2a: Bisharp|Iron Head|p1a: Princess Halation\n|-supereffective|p1a: Princess Halation\n|-damage|p1a: Princess Halation|0 fnt\n|faint|p1a: Princess Halation\n|\n|win|FleetFoxxx\n|c| Deathbypudding|*salute*\n|c|\u2606FleetFoxxx|gg\n|c|\u2606FleetFoxxx|was very fun\n|c| yes munchlax|elite 4\n|c| yes munchlax|fleet fox\n","uploadtime":1661311190,"views":14,"p1id":"bugsileus","p2id":"fleetfoxxx","formatid":"gen8nationaldex","rating":0,"private":0,"password":null}