{"id":"gen8ou-1112247792","p1":"Rorschach I","p2":"Delta L-Dragapult","format":"gen8ou","log":"|j|\u2606Rorschach I\n|j|\u2606Delta L-Dragapult\n|player|p1|Rorschach I|cynthia|1718\n|player|p2|Delta L-Dragapult|lance|1856\n|teamsize|p1|6\n|teamsize|p2|6\n|gametype|singles\n|gen|8\n|tier|[Gen 8] OU\n|rated|\n|clearpoke\n|poke|p1|Terrakion|\n|poke|p1|Aegislash, F|\n|poke|p1|Crawdaunt, M|\n|poke|p1|Zeraora|\n|poke|p1|Kyurem|\n|poke|p1|Togekiss, F|\n|poke|p2|Cobalion|\n|poke|p2|Crawdaunt, M|\n|poke|p2|Togekiss, F|\n|poke|p2|Aegislash, F|\n|poke|p2|Zeraora|\n|poke|p2|Dragapult, M|\n|rule|Sleep Clause Mod: Limit one foe put to sleep\n|rule|Species Clause: Limit one of each Pok\u00e9mon\n|rule|OHKO Clause: OHKO moves are banned\n|rule|Evasion Moves Clause: Evasion moves are banned\n|rule|Endless Battle Clause: Forcing endless battles is banned\n|rule|HP Percentage Mod: HP is shown in percentages\n|rule|Dynamax Clause: You cannot dynamax\n|teampreview\n|j| phys2000\n|inactive|Battle timer is ON: inactive players will automatically lose when time's up. (requested by Delta L-Dragapult)\n|j| Coronavirus EUW\n|\n|start\n|switch|p1a: Terrakion|Terrakion|100\/100\n|switch|p2a: Cobalion|Cobalion|100\/100\n|turn|1\n|\n|move|p1a: Terrakion|Close Combat|p2a: Cobalion\n|-supereffective|p2a: Cobalion\n|-damage|p2a: Cobalion|4\/100\n|-unboost|p1a: Terrakion|def|1\n|-unboost|p1a: Terrakion|spd|1\n|move|p2a: Cobalion|Thunder Wave|p1a: Terrakion\n|-status|p1a: Terrakion|par\n|\n|upkeep\n|turn|2\n|\n|move|p2a: Cobalion|Stealth Rock|p1a: Terrakion\n|-sidestart|p1: Rorschach I|move: Stealth Rock\n|cant|p1a: Terrakion|par\n|\n|upkeep\n|turn|3\n|\n|move|p2a: Cobalion|Iron Head|p1a: Terrakion\n|-supereffective|p1a: Terrakion\n|-enditem|p1a: Terrakion|Focus Sash\n|-damage|p1a: Terrakion|1\/100 par\n|move|p1a: Terrakion|Close Combat|p2a: Cobalion\n|-supereffective|p2a: Cobalion\n|-damage|p2a: Cobalion|0 fnt\n|-unboost|p1a: Terrakion|def|1\n|-unboost|p1a: Terrakion|spd|1\n|faint|p2a: Cobalion\n|\n|upkeep\n|\n|switch|p2a: Zeraora|Zeraora|100\/100\n|turn|4\n|\n|switch|p1a: Togekiss|Togekiss, F|100\/100\n|-damage|p1a: Togekiss|76\/100|[from] Stealth Rock\n|move|p2a: Zeraora|Plasma Fists|p1a: Togekiss\n|-supereffective|p1a: Togekiss\n|-damage|p1a: Togekiss|0 fnt\n|-fieldactivate|move: Ion Deluge\n|faint|p1a: Togekiss\n|\n|upkeep\n|\n|switch|p1a: Zeraora|Zeraora|100\/100\n|-damage|p1a: Zeraora|88\/100|[from] Stealth Rock\n|turn|5\n|\n|move|p1a: Zeraora|Bulk Up|p1a: Zeraora\n|-boost|p1a: Zeraora|atk|1\n|-boost|p1a: Zeraora|def|1\n|move|p2a: Zeraora|Bulk Up|p2a: Zeraora\n|-boost|p2a: Zeraora|atk|1\n|-boost|p2a: Zeraora|def|1\n|\n|upkeep\n|turn|6\n|\n|move|p2a: Zeraora|Knock Off|p1a: Zeraora\n|-damage|p1a: Zeraora|46\/100\n|-enditem|p1a: Zeraora|Life Orb|[from] move: Knock Off|[of] p2a: Zeraora\n|move|p1a: Zeraora|Bulk Up|p1a: Zeraora\n|-boost|p1a: Zeraora|atk|1\n|-boost|p1a: Zeraora|def|1\n|\n|upkeep\n|turn|7\n|\n|move|p1a: Zeraora|Drain Punch|p2a: Zeraora\n|-damage|p2a: Zeraora|56\/100\n|-heal|p1a: Zeraora|68\/100|[from] drain|[of] p2a: Zeraora\n|move|p2a: Zeraora|Bulk Up|p2a: Zeraora\n|-boost|p2a: Zeraora|atk|1\n|-boost|p2a: Zeraora|def|1\n|\n|-heal|p2a: Zeraora|62\/100|[from] item: Leftovers\n|upkeep\n|turn|8\n|\n|move|p2a: Zeraora|Drain Punch|p1a: Zeraora\n|-damage|p1a: Zeraora|35\/100\n|-heal|p2a: Zeraora|78\/100|[from] drain|[of] p1a: Zeraora\n|move|p1a: Zeraora|Drain Punch|p2a: Zeraora\n|-damage|p2a: Zeraora|48\/100\n|-heal|p1a: Zeraora|50\/100|[from] drain|[of] p2a: Zeraora\n|\n|-heal|p2a: Zeraora|54\/100|[from] item: Leftovers\n|upkeep\n|turn|9\n|\n|move|p2a: Zeraora|Drain Punch|p1a: Zeraora\n|-damage|p1a: Zeraora|19\/100\n|-heal|p2a: Zeraora|70\/100|[from] drain|[of] p1a: Zeraora\n|move|p1a: Zeraora|Drain Punch|p2a: Zeraora\n|-damage|p2a: Zeraora|35\/100\n|-heal|p1a: Zeraora|37\/100|[from] drain|[of] p2a: Zeraora\n|\n|-heal|p2a: Zeraora|41\/100|[from] item: Leftovers\n|upkeep\n|turn|10\n|\n|move|p2a: Zeraora|Drain Punch|p1a: Zeraora\n|-damage|p1a: Zeraora|3\/100\n|-heal|p2a: Zeraora|58\/100|[from] drain|[of] p1a: Zeraora\n|move|p1a: Zeraora|Drain Punch|p2a: Zeraora\n|-damage|p2a: Zeraora|28\/100\n|-heal|p1a: Zeraora|18\/100|[from] drain|[of] p2a: Zeraora\n|\n|-heal|p2a: Zeraora|34\/100|[from] item: Leftovers\n|upkeep\n|turn|11\n|\n|move|p1a: Zeraora|Play Rough|p2a: Zeraora\n|-damage|p2a: Zeraora|0 fnt\n|faint|p2a: Zeraora\n|\n|upkeep\n|inactive|Delta L-Dragapult has 120 seconds left.\n|\n|switch|p2a: Crawdaunt|Crawdaunt, M|100\/100\n|turn|12\n|\n|switch|p1a: Terrakion|Terrakion|1\/100 par\n|-damage|p1a: Terrakion|0 fnt|[from] Stealth Rock\n|faint|p1a: Terrakion\n|move|p2a: Crawdaunt|Aqua Jet|p1: Terrakion|[notarget]\n|-fail|p2a: Crawdaunt\n|\n|upkeep\n|\n|switch|p1a: Crawdaunt|Crawdaunt, M|100\/100\n|-damage|p1a: Crawdaunt|88\/100|[from] Stealth Rock\n|turn|13\n|\n|move|p2a: Crawdaunt|Close Combat|p1a: Crawdaunt\n|-supereffective|p1a: Crawdaunt\n|-damage|p1a: Crawdaunt|0 fnt\n|-unboost|p2a: Crawdaunt|def|1\n|-unboost|p2a: Crawdaunt|spd|1\n|-damage|p2a: Crawdaunt|91\/100|[from] item: Life Orb\n|faint|p1a: Crawdaunt\n|\n|upkeep\n|\n|switch|p1a: Kyurem|Kyurem|100\/100\n|-damage|p1a: Kyurem|76\/100|[from] Stealth Rock\n|-ability|p1a: Kyurem|Pressure\n|turn|14\n|\n|switch|p2a: Aegislash|Aegislash, F|100\/100\n|-item|p2a: Aegislash|Air Balloon\n|move|p1a: Kyurem|Freeze-Dry|p2a: Aegislash\n|-resisted|p2a: Aegislash\n|-damage|p2a: Aegislash|73\/100\n|-enditem|p2a: Aegislash|Air Balloon\n|\n|upkeep\n|turn|15\n|j| quit the cap\n|j| tapu moxo\n|\n|move|p1a: Kyurem|Freeze-Dry|p2a: Aegislash\n|-resisted|p2a: Aegislash\n|-damage|p2a: Aegislash|44\/100\n|move|p2a: Aegislash|Swords Dance|p2a: Aegislash\n|-boost|p2a: Aegislash|atk|2\n|\n|upkeep\n|turn|16\n|l| tapu moxo\n|\n|move|p1a: Kyurem|Freeze-Dry|p2a: Aegislash\n|-resisted|p2a: Aegislash\n|-damage|p2a: Aegislash|19\/100\n|-formechange|p2a: Aegislash|Aegislash-Blade||[from] ability: Stance Change\n|move|p2a: Aegislash|Iron Head|p1a: Kyurem\n|-supereffective|p1a: Kyurem\n|-damage|p1a: Kyurem|0 fnt\n|faint|p1a: Kyurem\n|\n|upkeep\n|\n|switch|p1a: Aegislash|Aegislash, F|100\/100\n|-damage|p1a: Aegislash|94\/100|[from] Stealth Rock\n|-item|p1a: Aegislash|Air Balloon\n|turn|17\n|\n|move|p2a: Aegislash|Shadow Sneak|p1a: Aegislash\n|-supereffective|p1a: Aegislash\n|-damage|p1a: Aegislash|7\/100\n|-enditem|p1a: Aegislash|Air Balloon\n|-formechange|p1a: Aegislash|Aegislash-Blade||[from] ability: Stance Change\n|move|p1a: Aegislash|Shadow Sneak|p2a: Aegislash\n|-supereffective|p2a: Aegislash\n|-damage|p2a: Aegislash|0 fnt\n|faint|p2a: Aegislash\n|\n|upkeep\n|-message|Rorschach I forfeited.\n|\n|win|Delta L-Dragapult\n|l|\u2606Rorschach I\n|l| quit the cap\n","uploadtime":1589135088,"views":174,"p1id":"rorschachi","p2id":"deltaldragapult","formatid":"gen8ou","rating":0,"private":0,"password":null}