{"id":"gen8nationaldex-1600784520","p1":"QuagsireSires","p2":"FleetFoxxx","format":"gen8nationaldex","log":"|j|\u2606QuagsireSires\n|j|\u2606FleetFoxxx\n|t:|1655778292\n|gametype|singles\n|player|p1|QuagsireSires|swimmerf-gen4dp|\n|player|p2|FleetFoxxx|flannery|\n|teamsize|p1|6\n|teamsize|p2|6\n|gen|8\n|tier|[Gen 8] National Dex\n|rule|HP Percentage Mod: HP is shown in percentages\n|rule|Endless Battle Clause: Forcing endless battles is banned\n|rule|OHKO Clause: OHKO moves are banned\n|rule|Evasion Moves Clause: Evasion moves are banned\n|rule|Species Clause: Limit one of each Pok\u00e9mon\n|rule|Dynamax Clause: You cannot dynamax\n|rule|Sleep Clause Mod: Limit one foe put to sleep\n|clearpoke\n|poke|p1|Talonflame, M|\n|poke|p1|Houndoom, F|\n|poke|p1|Vileplume, M|\n|poke|p1|Mimikyu, F|\n|poke|p1|Togedemaru, F|\n|poke|p1|Seismitoad, M|\n|poke|p2|Togetic, F|\n|poke|p2|Coalossal, M|\n|poke|p2|Whimsicott, M|\n|poke|p2|Bisharp, F|\n|poke|p2|Banette, F|\n|poke|p2|Galvantula, M|\n|teampreview\n|c|\u2606QuagsireSires|GlGl!\n|c|\u2606FleetFoxxx|gl hf!\n|j|+111ace111\n|j| yes munchlax\n|j| DerpyDots\n|j| VeVii\n|\n|t:|1655778372\n|start\n|switch|p1a: Toggie|Togedemaru, F|100\/100\n|switch|p2a: Galvantula|Galvantula, M|100\/100\n|turn|1\n|\n|t:|1655778378\n|move|p1a: Toggie|Encore||[still]\n|-fail|p1a: Toggie\n|move|p2a: Galvantula|Sticky Web|p1a: Toggie\n|-sidestart|p1: QuagsireSires|move: Sticky Web\n|\n|upkeep\n|turn|2\n|\n|t:|1655778382\n|switch|p2a: Coalossal|Coalossal, M|100\/100\n|move|p1a: Toggie|Encore||[still]\n|-fail|p1a: Toggie\n|\n|upkeep\n|turn|3\n|c|\u2606QuagsireSires|sadge\n|j| zoompa\n|c| VeVii|Encore\n|c|\u2606QuagsireSires|encore\n|\n|t:|1655778409\n|move|p1a: Toggie|U-turn|p2a: Coalossal\n|-resisted|p2a: Coalossal\n|-damage|p2a: Coalossal|94\/100\n|c| yes munchlax|encore\n|\n|t:|1655778416\n|switch|p1a: Size|Seismitoad, M|100\/100|[from]move: U-turn\n|-activate|p1a: Size|move: Sticky Web\n|-unboost|p1a: Size|spe|1\n|move|p2a: Coalossal|Flamethrower|p1a: Size\n|-resisted|p1a: Size\n|-damage|p1a: Size|92\/100\n|\n|upkeep\n|turn|4\n|j| bugsileus\n|j| evilhanaklaus\n|\n|t:|1655778429\n|switch|p2a: Galvantula|Galvantula, M|100\/100\n|move|p1a: Size|Toxic|p2a: Galvantula\n|-status|p2a: Galvantula|tox\n|\n|-damage|p2a: Galvantula|94\/100 tox|[from] psn\n|upkeep\n|turn|5\n|\n|t:|1655778450\n|switch|p2a: Coalossal|Coalossal, M|94\/100\n|switch|p1a: Toggie|Togedemaru, F|100\/100\n|-activate|p1a: Toggie|move: Sticky Web\n|-unboost|p1a: Toggie|spe|1\n|\n|upkeep\n|turn|6\n|l| VeVii\n|\n|t:|1655778463\n|move|p1a: Toggie|Nuzzle|p2a: Coalossal\n|-damage|p2a: Coalossal|88\/100\n|-status|p2a: Coalossal|par\n|move|p2a: Coalossal|Solar Beam||[still]\n|-prepare|p2a: Coalossal|Solar Beam\n|-enditem|p2a: Coalossal|Power Herb\n|-anim|p2a: Coalossal|Solar Beam|p1a: Toggie\n|-resisted|p1a: Toggie\n|-damage|p1a: Toggie|82\/100\n|\n|-heal|p1a: Toggie|88\/100|[from] item: Leftovers\n|upkeep\n|turn|7\n|\n|t:|1655778473\n|move|p1a: Toggie|Encore|p2a: Coalossal\n|-start|p2a: Coalossal|Encore\n|move|p2a: Coalossal|Solar Beam||[still]\n|-prepare|p2a: Coalossal|Solar Beam\n|\n|-heal|p1a: Toggie|93\/100|[from] item: Leftovers\n|upkeep\n|turn|8\n|\n|t:|1655778477\n|move|p1a: Toggie|Zing Zap|p2a: Coalossal\n|-damage|p2a: Coalossal|63\/100 par\n|cant|p2a: Coalossal|flinch\n|\n|-heal|p1a: Toggie|99\/100|[from] item: Leftovers\n|upkeep\n|turn|9\n|\n|t:|1655778487\n|switch|p2a: Galvantula|Galvantula, M|94\/100 tox\n|move|p1a: Toggie|U-turn|p2a: Galvantula\n|-damage|p2a: Galvantula|60\/100 tox\n|j| sh0shin\n|\n|t:|1655778491\n|switch|p1a: Talonflame|Talonflame, M|100\/100|[from]move: U-turn\n|\n|-damage|p2a: Galvantula|54\/100 tox|[from] psn\n|upkeep\n|turn|10\n|\n|t:|1655778534\n|switch|p2a: Togetic|Togetic, F|100\/100\n|move|p1a: Talonflame|Defog|p2a: Togetic\n|-unboost|p2a: Togetic|evasion|1\n|-sideend|p1: QuagsireSires|Sticky Web|[from] move: Defog|[of] p1a: Talonflame\n|\n|upkeep\n|turn|11\n|\n|t:|1655778540\n|-zpower|p1a: Talonflame\n|move|p1a: Talonflame|Supersonic Skystrike|p2a: Togetic|[zeffect]\n|-damage|p2a: Togetic|55\/100\n|move|p2a: Togetic|Toxic|p1a: Talonflame\n|-status|p1a: Talonflame|tox\n|\n|-damage|p1a: Talonflame|94\/100 tox|[from] psn\n|upkeep\n|turn|12\n|c|\u2606QuagsireSires|bulky boy\n|\n|t:|1655778552\n|move|p1a: Talonflame|U-turn|p2a: Togetic\n|-resisted|p2a: Togetic\n|-damage|p2a: Togetic|52\/100\n|\n|t:|1655778555\n|switch|p1a: Toggie|Togedemaru, F|99\/100|[from]move: U-turn\n|move|p2a: Togetic|Roost|p2a: Togetic\n|-heal|p2a: Togetic|100\/100\n|-singleturn|p2a: Togetic|move: Roost\n|\n|-heal|p1a: Toggie|100\/100|[from] item: Leftovers\n|upkeep\n|turn|13\n|c| sh0shin|regular togedemaru good?\n|\n|t:|1655778577\n|switch|p2a: Coalossal|Coalossal, M|63\/100 par\n|move|p1a: Toggie|Nuzzle|p2a: Coalossal\n|-damage|p2a: Coalossal|57\/100 par\n|\n|upkeep\n|turn|14\n|\n|t:|1655778582\n|move|p1a: Toggie|Zing Zap|p2a: Coalossal\n|-damage|p2a: Coalossal|34\/100 par\n|cant|p2a: Coalossal|flinch\n|\n|upkeep\n|turn|15\n|\n|t:|1655778600\n|move|p1a: Toggie|Zing Zap|p2a: Coalossal\n|-crit|p2a: Coalossal\n|-damage|p2a: Coalossal|0 fnt\n|faint|p2a: Coalossal\n|\n|upkeep\n|c|\u2606QuagsireSires|menace to society togedemaru\n|\n|t:|1655778623\n|switch|p2a: Galvantula|Galvantula, M|54\/100 tox\n|turn|16\n|\n|t:|1655778629\n|move|p1a: Toggie|Zing Zap|p2a: Galvantula\n|-resisted|p2a: Galvantula\n|-damage|p2a: Galvantula|23\/100 tox\n|move|p2a: Galvantula|Hidden Power|p1a: Toggie\n|-supereffective|p1a: Toggie\n|-damage|p1a: Toggie|0 fnt\n|faint|p1a: Toggie\n|\n|-damage|p2a: Galvantula|17\/100 tox|[from] psn\n|upkeep\n|\n|t:|1655778636\n|switch|p1a: Talonflame|Talonflame, M|94\/100 tox\n|turn|17\n|\n|t:|1655778641\n|switch|p2a: Togetic|Togetic, F|100\/100\n|move|p1a: Talonflame|U-turn|p2a: Togetic\n|-resisted|p2a: Togetic\n|-damage|p2a: Togetic|98\/100\n|\n|t:|1655778651\n|switch|p1a: Size|Seismitoad, M|92\/100|[from]move: U-turn\n|\n|upkeep\n|turn|18\n|\n|t:|1655778659\n|switch|p2a: Whimsicott|Whimsicott, M|100\/100\n|move|p1a: Size|Toxic|p2a: Whimsicott\n|-status|p2a: Whimsicott|tox\n|\n|-damage|p2a: Whimsicott|94\/100 tox|[from] psn\n|upkeep\n|turn|19\n|\n|t:|1655778695\n|switch|p1a: Talonflame|Talonflame, M|94\/100 tox\n|move|p2a: Whimsicott|U-turn|p1a: Talonflame\n|-resisted|p1a: Talonflame\n|-damage|p1a: Talonflame|90\/100 tox\n|\n|t:|1655778700\n|switch|p2a: Togetic|Togetic, F|98\/100|[from]move: U-turn\n|\n|-damage|p1a: Talonflame|84\/100 tox|[from] psn\n|upkeep\n|turn|20\n|\n|t:|1655778711\n|move|p1a: Talonflame|U-turn|p2a: Togetic\n|-resisted|p2a: Togetic\n|-crit|p2a: Togetic\n|-damage|p2a: Togetic|93\/100\n|\n|t:|1655778712\n|switch|p1a: Vilepile|Vileplume, M|100\/100|[from]move: U-turn\n|move|p2a: Togetic|Ancient Power|p1a: Vilepile\n|-damage|p1a: Vilepile|88\/100\n|\n|upkeep\n|turn|21\n|\n|t:|1655778723\n|move|p1a: Vilepile|Sleep Powder|p2a: Togetic|[miss]\n|-miss|p1a: Vilepile|p2a: Togetic\n|move|p2a: Togetic|Flamethrower|p1a: Vilepile\n|-supereffective|p1a: Vilepile\n|-damage|p1a: Vilepile|54\/100\n|\n|upkeep\n|turn|22\n|\n|t:|1655778742\n|switch|p1a: Size|Seismitoad, M|92\/100\n|move|p2a: Togetic|Flamethrower|p1a: Size\n|-resisted|p1a: Size\n|-damage|p1a: Size|85\/100\n|\n|upkeep\n|turn|23\n|\n|t:|1655778749\n|switch|p2a: Whimsicott|Whimsicott, M|94\/100 tox\n|move|p1a: Size|Stealth Rock|p2a: Whimsicott\n|-sidestart|p2: FleetFoxxx|move: Stealth Rock\n|\n|-damage|p2a: Whimsicott|88\/100 tox|[from] psn\n|upkeep\n|turn|24\n|\n|t:|1655778765\n|switch|p1a: Vilepile|Vileplume, M|54\/100\n|move|p2a: Whimsicott|U-turn|p1a: Vilepile\n|-damage|p1a: Vilepile|46\/100\n|-damage|p2a: Whimsicott|72\/100 tox|[from] item: Rocky Helmet|[of] p1a: Vilepile\n|j| VeVii\n|j| bsvhsvj\n|\n|t:|1655778836\n|switch|p2a: Bisharp|Bisharp, F|100\/100|[from]move: U-turn\n|-damage|p2a: Bisharp|94\/100|[from] Stealth Rock\n|\n|upkeep\n|turn|25\n|\n|t:|1655778863\n|switch|p1a: Talonflame|Talonflame, M|84\/100 tox\n|-zpower|p2a: Bisharp\n|move|p2a: Bisharp|Black Hole Eclipse|p1a: Talonflame|[zeffect]\n|-damage|p1a: Talonflame|0 fnt\n|faint|p1a: Talonflame\n|\n|upkeep\n|c|\u2606QuagsireSires|Rip talonflame\n|\n|t:|1655778876\n|switch|p1a: Mimi|Mimikyu, F|100\/100\n|turn|26\n|\n|t:|1655778884\n|switch|p2a: Togetic|Togetic, F|93\/100\n|-damage|p2a: Togetic|69\/100|[from] Stealth Rock\n|move|p1a: Mimi|Drain Punch|p2a: Togetic\n|-resisted|p2a: Togetic\n|-damage|p2a: Togetic|65\/100\n|-damage|p1a: Mimi|91\/100|[from] item: Life Orb\n|\n|upkeep\n|turn|27\n|j| glumpbumpin\n|l| VeVii\n|\n|t:|1655778916\n|switch|p1a: Size|Seismitoad, M|85\/100\n|move|p2a: Togetic|Ancient Power|p1a: Size\n|-resisted|p1a: Size\n|-damage|p1a: Size|81\/100\n|-boost|p2a: Togetic|atk|1\n|-boost|p2a: Togetic|def|1\n|-boost|p2a: Togetic|spa|1\n|-boost|p2a: Togetic|spd|1\n|-boost|p2a: Togetic|spe|1\n|\n|upkeep\n|turn|28\n|\n|t:|1655778920\n|move|p1a: Size|Toxic|p2a: Togetic\n|-status|p2a: Togetic|tox\n|move|p2a: Togetic|Toxic|p1a: Size\n|-status|p1a: Size|tox\n|\n|-damage|p1a: Size|75\/100 tox|[from] psn\n|-damage|p2a: Togetic|59\/100 tox|[from] psn\n|upkeep\n|turn|29\n|c| glumpbumpin|oh\n|c|\u2606QuagsireSires|SWEEPER?\n|c| sh0shin|lol\n|\n|t:|1655778938\n|move|p1a: Size|Scald|p2a: Togetic\n|-damage|p2a: Togetic|45\/100 tox\n|-damage|p1a: Size|65\/100 tox|[from] item: Life Orb\n|move|p2a: Togetic|Roost|p2a: Togetic\n|-heal|p2a: Togetic|95\/100 tox\n|-singleturn|p2a: Togetic|move: Roost\n|\n|-damage|p1a: Size|53\/100 tox|[from] psn\n|-damage|p2a: Togetic|83\/100 tox|[from] psn\n|upkeep\n|turn|30\n|\n|t:|1655778975\n|switch|p1a: Mimi|Mimikyu, F|91\/100\n|switch|p2a: Banette|Banette, F|100\/100\n|-damage|p2a: Banette|88\/100|[from] Stealth Rock\n|-item|p1a: Mimi|Life Orb|[from] ability: Frisk|[of] p2a: Banette|[identify]\n|\n|upkeep\n|turn|31\n|c| glumpbumpin|banussy\n|\n|t:|1655779014\n|switch|p1a: Vilepile|Vileplume, M|46\/100\n|switch|p2a: Togetic|Togetic, F|83\/100 tox\n|-damage|p2a: Togetic|58\/100 tox|[from] Stealth Rock\n|\n|-damage|p2a: Togetic|52\/100 tox|[from] psn\n|upkeep\n|turn|32\n|\n|t:|1655779019\n|move|p1a: Vilepile|Strength Sap|p2a: Togetic\n|-unboost|p2a: Togetic|atk|1\n|-heal|p1a: Vilepile|68\/100\n|move|p2a: Togetic|Roost|p2a: Togetic\n|-heal|p2a: Togetic|100\/100 tox\n|-singleturn|p2a: Togetic|move: Roost\n|\n|-damage|p2a: Togetic|88\/100 tox|[from] psn\n|upkeep\n|turn|33\n|\n|t:|1655779026\n|move|p1a: Vilepile|Sludge Bomb|p2a: Togetic\n|-supereffective|p2a: Togetic\n|-damage|p2a: Togetic|42\/100 tox\n|move|p2a: Togetic|Flamethrower|p1a: Vilepile\n|-supereffective|p1a: Vilepile\n|-damage|p1a: Vilepile|34\/100\n|\n|-damage|p2a: Togetic|24\/100 tox|[from] psn\n|upkeep\n|turn|34\n|\n|t:|1655779040\n|switch|p1a: Mimi|Mimikyu, F|91\/100\n|switch|p2a: Banette|Banette, F|88\/100\n|-damage|p2a: Banette|76\/100|[from] Stealth Rock\n|-item|p1a: Mimi|Life Orb|[from] ability: Frisk|[of] p2a: Banette|[identify]\n|\n|upkeep\n|turn|35\n|\n|t:|1655779068\n|switch|p1a: Vilepile|Vileplume, M|34\/100\n|detailschange|p2a: Banette|Banette-Mega, F\n|-mega|p2a: Banette|Banette|Banettite\n|move|p2a: Banette|Shadow Sneak|p1a: Vilepile\n|-damage|p1a: Vilepile|12\/100\n|-damage|p2a: Banette|60\/100|[from] item: Rocky Helmet|[of] p1a: Vilepile\n|\n|upkeep\n|turn|36\n|\n|t:|1655779077\n|move|p2a: Banette|Shadow Sneak|p1a: Vilepile\n|-damage|p1a: Vilepile|0 fnt\n|-damage|p2a: Banette|43\/100|[from] item: Rocky Helmet|[of] p1a: Vilepile\n|-status|p2a: Banette|slp|[from] ability: Effect Spore|[of] p1a: Vilepile\n|faint|p1a: Vilepile\n|\n|upkeep\n|\n|t:|1655779080\n|switch|p1a: Mimi|Mimikyu, F|91\/100\n|turn|37\n|c| bsvhsvj|LOL\n|c| bsvhsvj|ez effect spore\n|\n|t:|1655779101\n|switch|p2a: Togetic|Togetic, F|24\/100 tox\n|-damage|p2a: Togetic|0 fnt|[from] Stealth Rock\n|faint|p2a: Togetic\n|move|p1a: Mimi|Swords Dance|p1a: Mimi\n|-boost|p1a: Mimi|atk|2\n|\n|upkeep\n|\n|t:|1655779122\n|switch|p2a: Whimsicott|Whimsicott, M|72\/100 tox\n|-damage|p2a: Whimsicott|59\/100 tox|[from] Stealth Rock\n|turn|38\n|\n|t:|1655779129\n|move|p1a: Mimi|Shadow Sneak|p2a: Whimsicott\n|-damage|p2a: Whimsicott|5\/100 tox\n|-enditem|p2a: Whimsicott|Eject Button\n|-damage|p1a: Mimi|81\/100|[from] item: Life Orb\n|\n|t:|1655779137\n|switch|p2a: Galvantula|Galvantula, M|17\/100 tox\n|\n|-damage|p2a: Galvantula|11\/100 tox|[from] psn\n|upkeep\n|turn|39\n|\n|t:|1655779139\n|move|p1a: Mimi|Shadow Sneak|p2a: Galvantula\n|-damage|p2a: Galvantula|0 fnt\n|faint|p2a: Galvantula\n|-damage|p1a: Mimi|71\/100|[from] item: Life Orb\n|\n|upkeep\n|\n|t:|1655779162\n|switch|p2a: Whimsicott|Whimsicott, M|5\/100 tox\n|-damage|p2a: Whimsicott|0 fnt|[from] Stealth Rock\n|faint|p2a: Whimsicott\n|\n|t:|1655779165\n|switch|p2a: Banette|Banette-Mega, F|43\/100 slp\n|-damage|p2a: Banette|31\/100 slp|[from] Stealth Rock\n|turn|40\n|\n|t:|1655779167\n|move|p1a: Mimi|Shadow Sneak|p2a: Banette\n|-supereffective|p2a: Banette\n|-damage|p2a: Banette|0 fnt\n|faint|p2a: Banette\n|-damage|p1a: Mimi|61\/100|[from] item: Life Orb\n|\n|upkeep\n|\n|t:|1655779169\n|switch|p2a: Bisharp|Bisharp, F|94\/100\n|-damage|p2a: Bisharp|88\/100|[from] Stealth Rock\n|turn|41\n|\n|t:|1655779171\n|move|p1a: Mimi|Drain Punch|p2a: Bisharp\n|-supereffective|p2a: Bisharp\n|-damage|p2a: Bisharp|0 fnt\n|-heal|p1a: Mimi|100\/100|[from] drain|[of] p2a: Bisharp\n|faint|p2a: Bisharp\n|-damage|p1a: Mimi|91\/100|[from] item: Life Orb\n|\n|win|QuagsireSires\n|l| bsvhsvj\n|l|\u2606FleetFoxxx\n|c|\u2606QuagsireSires|gg\n|l| DerpyDots\n|l| evilhanaklaus\n|l| zoompa\n|l| yes munchlax\n|l| glumpbumpin\n","uploadtime":1655779761,"views":25,"p1id":"quagsiresires","p2id":"fleetfoxxx","formatid":"gen8nationaldex","rating":0,"private":0,"password":null}