{"id":"gen8battlefactory-1705634417","p1":"Ferrothornail\u8349\u94a2\u7532","p2":"Max. Optimizer","format":"gen8battlefactory","log":"|j|\u2606Ferrothornail\u8349\u94a2\u7532\n|j|\u2606Max. Optimizer\n|t:|1667907251\n|gametype|singles\n|player|p1|Ferrothornail\u8349\u94a2\u7532|lillie|\n|player|p2|Max. Optimizer|#maxoptimizer|\n|teamsize|p1|6\n|teamsize|p2|6\n|gen|8\n|tier|[Gen 8] Battle Factory\n|rated|Tournament battle\n|rule|Sleep Clause Mod: Limit one foe put to sleep\n|rule|Species Clause: Limit one of each Pok\u00e9mon\n|rule|OHKO Clause: OHKO moves are banned\n|rule|Evasion Items Clause: Evasion items are banned\n|rule|Evasion Moves Clause: Evasion moves are banned\n|rule|Endless Battle Clause: Forcing endless battles is banned\n|rule|HP Percentage Mod: HP is shown in percentages\n|rule|Dynamax Clause: You cannot dynamax\n|clearpoke\n|poke|p1|Mandibuzz, F|\n|poke|p1|Nidoqueen, F|\n|poke|p1|Entei|\n|poke|p1|Starmie|\n|poke|p1|Necrozma|\n|poke|p1|Primarina, F|\n|poke|p2|Rotom-Wash|\n|poke|p2|Tangrowth, M|\n|poke|p2|Jirachi|\n|poke|p2|Cobalion|\n|poke|p2|Thundurus-Therian, M|\n|poke|p2|Keldeo|\n|teampreview\n|c|\u2606Max. Optimizer|Good luck, have fun\n|j| leseyy\n|l| leseyy\n|\n|t:|1667907302\n|start\n|switch|p1a: Nidoqueen|Nidoqueen, F|351\/351\n|switch|p2a: Keldeo|Keldeo|323\/323\n|turn|1\n|\n|t:|1667907315\n|switch|p1a: Starmie|Starmie|262\/262\n|move|p2a: Keldeo|Calm Mind|p2a: Keldeo\n|-boost|p2a: Keldeo|spa|1\n|-boost|p2a: Keldeo|spd|1\n|\n|upkeep\n|turn|2\n|\n|t:|1667907331\n|switch|p2a: Rotom|Rotom-Wash|303\/303\n|move|p1a: Starmie|Thunderbolt|p2a: Rotom\n|-damage|p2a: Rotom|172\/303\n|-damage|p1a: Starmie|236\/262|[from] item: Life Orb\n|\n|-heal|p2a: Rotom|190\/303|[from] item: Leftovers\n|upkeep\n|turn|3\n|\n|t:|1667907339\n|switch|p1a: Necrozma|Necrozma|398\/398\n|move|p2a: Rotom|Volt Switch|p1a: Necrozma\n|-damage|p1a: Necrozma|308\/398\n|\n|t:|1667907348\n|switch|p2a: Cobalion|Cobalion|323\/323\n|\n|upkeep\n|turn|4\n|\n|t:|1667907363\n|switch|p1a: Entei|Entei|371\/371\n|move|p2a: Cobalion|Stealth Rock|p1a: Entei\n|-sidestart|p1: Ferrothornail\u8349\u94a2\u7532|move: Stealth Rock\n|\n|upkeep\n|turn|5\n|\n|t:|1667907376\n|switch|p2a: Keldeo|Keldeo|323\/323\n|move|p1a: Entei|Flare Blitz|p2a: Keldeo\n|-resisted|p2a: Keldeo\n|-damage|p2a: Keldeo|174\/323\n|-status|p2a: Keldeo|brn\n|-damage|p1a: Entei|322\/371|[from] Recoil\n|\n|-heal|p2a: Keldeo|194\/323 brn|[from] item: Leftovers\n|-damage|p2a: Keldeo|174\/323 brn|[from] brn\n|upkeep\n|turn|6\n|\n|t:|1667907389\n|switch|p1a: Mandibuzz|Mandibuzz, F|423\/423\n|move|p2a: Keldeo|Scald|p1a: Mandibuzz\n|-damage|p1a: Mandibuzz|281\/423\n|\n|-heal|p2a: Keldeo|194\/323 brn|[from] item: Leftovers\n|-damage|p2a: Keldeo|174\/323 brn|[from] brn\n|upkeep\n|turn|7\n|\n|t:|1667907397\n|move|p2a: Keldeo|Scald|p1a: Mandibuzz\n|-damage|p1a: Mandibuzz|122\/423\n|move|p1a: Mandibuzz|Defog|p2a: Keldeo\n|-unboost|p2a: Keldeo|evasion|1\n|-sideend|p1: Ferrothornail\u8349\u94a2\u7532|Stealth Rock|[from] move: Defog|[of] p1a: Mandibuzz\n|\n|-heal|p2a: Keldeo|194\/323 brn|[from] item: Leftovers\n|-damage|p2a: Keldeo|174\/323 brn|[from] brn\n|upkeep\n|turn|8\n|\n|t:|1667907405\n|switch|p1a: Necrozma|Necrozma|308\/398\n|move|p2a: Keldeo|Scald|p1a: Necrozma\n|-damage|p1a: Necrozma|158\/398\n|\n|-heal|p2a: Keldeo|194\/323 brn|[from] item: Leftovers\n|-damage|p2a: Keldeo|174\/323 brn|[from] brn\n|upkeep\n|turn|9\n|\n|t:|1667907414\n|move|p2a: Keldeo|Scald|p1a: Necrozma\n|-damage|p1a: Necrozma|0 fnt\n|faint|p1a: Necrozma\n|\n|-heal|p2a: Keldeo|194\/323 brn|[from] item: Leftovers\n|-damage|p2a: Keldeo|174\/323 brn|[from] brn\n|upkeep\n|\n|t:|1667907420\n|switch|p1a: Starmie|Starmie|236\/262\n|turn|10\n|\n|t:|1667907425\n|switch|p2a: Tangrowth|Tangrowth, M|404\/404\n|move|p1a: Starmie|Thunderbolt|p2a: Tangrowth\n|-resisted|p2a: Tangrowth\n|-damage|p2a: Tangrowth|278\/404\n|-damage|p1a: Starmie|210\/262|[from] item: Life Orb\n|\n|upkeep\n|turn|11\n|\n|t:|1667907432\n|move|p1a: Starmie|Ice Beam|p2a: Tangrowth\n|-supereffective|p2a: Tangrowth\n|-damage|p2a: Tangrowth|0 fnt\n|faint|p2a: Tangrowth\n|-damage|p1a: Starmie|184\/262|[from] item: Life Orb\n|\n|upkeep\n|\n|t:|1667907438\n|switch|p2a: Thundurus|Thundurus-Therian, M|299\/299\n|turn|12\n|\n|t:|1667907442\n|switch|p1a: Nidoqueen|Nidoqueen, F|351\/351\n|move|p2a: Thundurus|Thunderbolt|p1a: Nidoqueen\n|-immune|p1a: Nidoqueen\n|\n|upkeep\n|turn|13\n|\n|t:|1667907452\n|move|p2a: Thundurus|Psychic|p1a: Nidoqueen\n|-supereffective|p1a: Nidoqueen\n|-damage|p1a: Nidoqueen|101\/351\n|-unboost|p1a: Nidoqueen|spd|1\n|move|p1a: Nidoqueen|Earth Power|p2a: Thundurus\n|-immune|p2a: Thundurus\n|\n|upkeep\n|turn|14\n|j| akiyama mzk\n|\n|t:|1667907460\n|move|p2a: Thundurus|Psychic|p1a: Nidoqueen\n|-supereffective|p1a: Nidoqueen\n|-damage|p1a: Nidoqueen|0 fnt\n|faint|p1a: Nidoqueen\n|\n|upkeep\n|\n|t:|1667907464\n|switch|p1a: Entei|Entei|322\/371\n|turn|15\n|l| akiyama mzk\n|\n|t:|1667907471\n|switch|p2a: Rotom|Rotom-Wash|190\/303\n|move|p1a: Entei|Flare Blitz|p2a: Rotom\n|-resisted|p2a: Rotom\n|-damage|p2a: Rotom|65\/303\n|-damage|p1a: Entei|281\/371|[from] Recoil\n|\n|-heal|p2a: Rotom|83\/303|[from] item: Leftovers\n|upkeep\n|turn|16\n|\n|t:|1667907482\n|move|p1a: Entei|Flare Blitz|p2a: Rotom\n|-resisted|p2a: Rotom\n|-damage|p2a: Rotom|0 fnt\n|faint|p2a: Rotom\n|-damage|p1a: Entei|254\/371|[from] Recoil\n|\n|upkeep\n|\n|t:|1667907490\n|switch|p2a: Keldeo|Keldeo|174\/323 brn\n|turn|17\n|\n|t:|1667907493\n|switch|p1a: Primarina|Primarina, F|364\/364\n|move|p2a: Keldeo|Scald|p1a: Primarina\n|-resisted|p1a: Primarina\n|-damage|p1a: Primarina|302\/364\n|\n|-heal|p2a: Keldeo|194\/323 brn|[from] item: Leftovers\n|-damage|p2a: Keldeo|174\/323 brn|[from] brn\n|upkeep\n|turn|18\n|\n|t:|1667907502\n|move|p2a: Keldeo|Air Slash|p1a: Primarina\n|-damage|p1a: Primarina|226\/364\n|move|p1a: Primarina|Scald|p2a: Keldeo\n|-resisted|p2a: Keldeo\n|-damage|p2a: Keldeo|112\/323 brn\n|\n|-heal|p2a: Keldeo|132\/323 brn|[from] item: Leftovers\n|-damage|p2a: Keldeo|112\/323 brn|[from] brn\n|upkeep\n|turn|19\n|\n|t:|1667907510\n|move|p2a: Keldeo|Air Slash|p1a: Primarina\n|-damage|p1a: Primarina|148\/364\n|move|p1a: Primarina|Moonblast|p2a: Keldeo\n|-supereffective|p2a: Keldeo\n|-damage|p2a: Keldeo|0 fnt\n|faint|p2a: Keldeo\n|\n|upkeep\n|\n|t:|1667907517\n|switch|p2a: Cobalion|Cobalion|323\/323\n|turn|20\n|\n|t:|1667907522\n|switch|p1a: Entei|Entei|254\/371\n|move|p2a: Cobalion|Stealth Rock|p1a: Entei\n|-sidestart|p1: Ferrothornail\u8349\u94a2\u7532|move: Stealth Rock\n|\n|upkeep\n|turn|21\n|\n|t:|1667907530\n|move|p2a: Cobalion|Close Combat|p1a: Entei\n|-damage|p1a: Entei|55\/371\n|-unboost|p2a: Cobalion|def|1\n|-unboost|p2a: Cobalion|spd|1\n|move|p1a: Entei|Sacred Fire|p2a: Cobalion\n|-supereffective|p2a: Cobalion\n|-damage|p2a: Cobalion|0 fnt\n|faint|p2a: Cobalion\n|\n|upkeep\n|\n|t:|1667907539\n|switch|p2a: Thundurus|Thundurus-Therian, M|299\/299\n|turn|22\n|\n|t:|1667907541\n|move|p2a: Thundurus|Thunderbolt|p1a: Entei\n|-damage|p1a: Entei|0 fnt\n|faint|p1a: Entei\n|\n|upkeep\n|\n|t:|1667907545\n|switch|p1a: Starmie|Starmie|184\/262\n|-damage|p1a: Starmie|152\/262|[from] Stealth Rock\n|turn|23\n|\n|t:|1667907553\n|switch|p2a: Jirachi|Jirachi|342\/342\n|move|p1a: Starmie|Ice Beam|p2a: Jirachi\n|-resisted|p2a: Jirachi\n|-damage|p2a: Jirachi|271\/342\n|-damage|p1a: Starmie|126\/262|[from] item: Life Orb\n|\n|upkeep\n|turn|24\n|\n|t:|1667907561\n|move|p2a: Jirachi|Iron Head|p1a: Starmie\n|-resisted|p1a: Starmie\n|-damage|p1a: Starmie|60\/262\n|cant|p1a: Starmie|flinch\n|\n|upkeep\n|turn|25\n|\n|t:|1667907566\n|move|p2a: Jirachi|Iron Head|p1a: Starmie\n|-resisted|p1a: Starmie\n|-damage|p1a: Starmie|0 fnt\n|faint|p1a: Starmie\n|\n|upkeep\n|\n|t:|1667907568\n|switch|p1a: Mandibuzz|Mandibuzz, F|122\/423\n|turn|26\n|\n|t:|1667907572\n|move|p2a: Jirachi|Iron Head|p1a: Mandibuzz\n|-damage|p1a: Mandibuzz|32\/423\n|cant|p1a: Mandibuzz|flinch\n|\n|upkeep\n|turn|27\n|\n|t:|1667907576\n|move|p2a: Jirachi|Iron Head|p1a: Mandibuzz\n|-damage|p1a: Mandibuzz|0 fnt\n|faint|p1a: Mandibuzz\n|\n|upkeep\n|\n|t:|1667907577\n|switch|p1a: Primarina|Primarina, F|148\/364\n|turn|28\n|\n|t:|1667907581\n|move|p2a: Jirachi|Iron Head|p1a: Primarina\n|-damage|p1a: Primarina|43\/364\n|move|p1a: Primarina|Rest|p1a: Primarina\n|-status|p1a: Primarina|slp|[from] move: Rest\n|-heal|p1a: Primarina|364\/364 slp|[silent]\n|\n|upkeep\n|turn|29\n|\n|t:|1667907587\n|move|p2a: Jirachi|Iron Head|p1a: Primarina\n|-damage|p1a: Primarina|256\/364 slp\n|cant|p1a: Primarina|slp\n|cant|p1a: Primarina|flinch\n|\n|upkeep\n|turn|30\n|\n|t:|1667907592\n|move|p2a: Jirachi|Iron Head|p1a: Primarina\n|-damage|p1a: Primarina|150\/364 slp\n|cant|p1a: Primarina|slp\n|cant|p1a: Primarina|flinch\n|\n|upkeep\n|turn|31\n|\n|t:|1667907599\n|move|p2a: Jirachi|Iron Head|p1a: Primarina\n|-damage|p1a: Primarina|54\/364 slp\n|-curestatus|p1a: Primarina|slp|[msg]\n|cant|p1a: Primarina|flinch\n|\n|upkeep\n|turn|32\n|-message|Ferrothornail\u8349\u94a2\u7532 forfeited.\n|\n|win|Max. Optimizer\n|n|\u2606Ferrothornail\u8349\u94a2\u7532|ferrothornail\n|n|\u2606Max. Optimizer|maxoptimizer\n","uploadtime":1667907603,"views":7,"p1id":"ferrothornail","p2id":"maxoptimizer","formatid":"gen8battlefactory","rating":0,"private":0,"password":null}