{"id":"gen8ou-1497341313","p1":"sand gym noob","p2":"kokoukohiro","format":"gen8ou","log":"|j|\u2606sand gym noob\n|j|\u2606kokoukohiro\n|t:|1643012196\n|gametype|singles\n|player|p1|sand gym noob|misty-gen1|1569\n|player|p2|kokoukohiro|dawn|1570\n|teamsize|p1|6\n|teamsize|p2|6\n|gen|8\n|tier|[Gen 8] OU\n|rated|\n|rule|Sleep Clause Mod: Limit one foe put to sleep\n|rule|Species Clause: Limit one of each Pok\u00e9mon\n|rule|OHKO Clause: OHKO moves are banned\n|rule|Evasion Moves Clause: Evasion moves are banned\n|rule|Endless Battle Clause: Forcing endless battles is banned\n|rule|HP Percentage Mod: HP is shown in percentages\n|rule|Dynamax Clause: You cannot dynamax\n|clearpoke\n|poke|p1|Clefable, F|\n|poke|p1|Toxapex, F|\n|poke|p1|Landorus-Therian, M|\n|poke|p1|Ferrothorn, M|\n|poke|p1|Tyranitar, F|\n|poke|p1|Tornadus-Therian, M|\n|poke|p2|Jirachi|\n|poke|p2|Chansey, F|\n|poke|p2|Quagsire, F|\n|poke|p2|Clefable, F|\n|poke|p2|Toxapex, M|\n|poke|p2|Zapdos|\n|teampreview\n|\n|t:|1643012204\n|start\n|switch|p1a: Tornadus|Tornadus-Therian, M|100\/100\n|switch|p2a: Zapdos|Zapdos|100\/100\n|-ability|p2a: Zapdos|Pressure\n|turn|1\n|inactive|Battle timer is ON: inactive players will automatically lose when time's up. (requested by kokoukohiro)\n|\n|t:|1643012215\n|move|p1a: Tornadus|Toxic|p2a: Zapdos\n|-status|p2a: Zapdos|tox\n|move|p2a: Zapdos|Toxic|p1a: Tornadus|[miss]\n|-miss|p2a: Zapdos|p1a: Tornadus\n|\n|-damage|p2a: Zapdos|94\/100 tox|[from] psn\n|upkeep\n|turn|2\n|\n|t:|1643012225\n|switch|p1a: Ferrothorn|Ferrothorn, M|100\/100\n|move|p2a: Zapdos|Toxic|p1a: Ferrothorn\n|-immune|p1a: Ferrothorn\n|\n|-damage|p2a: Zapdos|82\/100 tox|[from] psn\n|upkeep\n|turn|3\n|\n|t:|1643012231\n|switch|p1a: Tyranitar|Tyranitar, F|100\/100\n|-weather|Sandstorm|[from] ability: Sand Stream|[of] p1a: Tyranitar\n|move|p2a: Zapdos|Heat Wave|p1a: Tyranitar\n|-resisted|p1a: Tyranitar\n|-damage|p1a: Tyranitar|92\/100\n|\n|-weather|Sandstorm|[upkeep]\n|-damage|p2a: Zapdos|75\/100 tox|[from] Sandstorm\n|-damage|p2a: Zapdos|57\/100 tox|[from] psn\n|upkeep\n|turn|4\n|\n|t:|1643012243\n|switch|p2a: Quagsire|Quagsire, F|100\/100\n|move|p1a: Tyranitar|Crunch|p2a: Quagsire\n|-damage|p2a: Quagsire|52\/100\n|\n|-weather|Sandstorm|[upkeep]\n|-heal|p2a: Quagsire|58\/100|[from] item: Leftovers\n|upkeep\n|turn|5\n|\n|t:|1643012250\n|move|p1a: Tyranitar|Crunch|p2a: Quagsire\n|-damage|p2a: Quagsire|9\/100\n|move|p2a: Quagsire|Recover|p2a: Quagsire\n|-heal|p2a: Quagsire|59\/100\n|\n|-weather|Sandstorm|[upkeep]\n|-heal|p2a: Quagsire|65\/100|[from] item: Leftovers\n|upkeep\n|turn|6\n|\n|t:|1643012253\n|switch|p1a: Ferrothorn|Ferrothorn, M|100\/100\n|move|p2a: Quagsire|Recover|p2a: Quagsire\n|-heal|p2a: Quagsire|100\/100\n|\n|-weather|Sandstorm|[upkeep]\n|upkeep\n|turn|7\n|\n|t:|1643012267\n|switch|p2a: Clefable|Clefable, F|100\/100\n|move|p1a: Ferrothorn|Spikes|p2a: Clefable\n|-sidestart|p2: kokoukohiro|Spikes\n|\n|-weather|none\n|upkeep\n|turn|8\n|\n|t:|1643012273\n|switch|p1a: Toxapex|Toxapex, F|100\/100\n|move|p2a: Clefable|Aromatherapy|p2a: Clefable\n|-activate|p2a: Clefable|move: Aromatherapy\n|-curestatus|p2: Zapdos|tox|[msg]\n|\n|upkeep\n|turn|9\n|\n|t:|1643012281\n|switch|p2a: Zapdos|Zapdos|57\/100\n|-ability|p2a: Zapdos|Pressure\n|move|p1a: Toxapex|Knock Off|p2a: Zapdos\n|-damage|p2a: Zapdos|46\/100\n|-enditem|p2a: Zapdos|Heavy-Duty Boots|[from] move: Knock Off|[of] p1a: Toxapex\n|\n|upkeep\n|turn|10\n|\n|t:|1643012288\n|switch|p1a: Clefable|Clefable, F|100\/100\n|move|p2a: Zapdos|Roost|p2a: Zapdos\n|-heal|p2a: Zapdos|96\/100\n|-singleturn|p2a: Zapdos|move: Roost\n|\n|upkeep\n|turn|11\n|\n|t:|1643012293\n|move|p2a: Zapdos|Defog|p1a: Clefable\n|-unboost|p1a: Clefable|evasion|1\n|-sideend|p2: kokoukohiro|Spikes|[from] move: Defog|[of] p2a: Zapdos\n|move|p1a: Clefable|Moonblast|p2a: Zapdos\n|-damage|p2a: Zapdos|37\/100\n|-unboost|p2a: Zapdos|spa|1\n|\n|upkeep\n|turn|12\n|\n|t:|1643012308\n|switch|p2a: Toxapex|Toxapex, M|100\/100\n|move|p1a: Clefable|Fire Blast|p2a: Toxapex\n|-resisted|p2a: Toxapex\n|-damage|p2a: Toxapex|84\/100\n|\n|-heal|p2a: Toxapex|90\/100|[from] item: Black Sludge\n|upkeep\n|turn|13\n|\n|t:|1643012312\n|move|p1a: Clefable|Thunderbolt|p2a: Toxapex\n|-supereffective|p2a: Toxapex\n|-damage|p2a: Toxapex|28\/100\n|move|p2a: Toxapex|Knock Off|p1a: Clefable\n|-resisted|p1a: Clefable\n|-damage|p1a: Clefable|93\/100\n|-enditem|p1a: Clefable|Life Orb|[from] move: Knock Off|[of] p2a: Toxapex\n|\n|-heal|p2a: Toxapex|35\/100|[from] item: Black Sludge\n|upkeep\n|turn|14\n|\n|t:|1643012321\n|switch|p1a: Landorus|Landorus-Therian, M|100\/100\n|-ability|p1a: Landorus|Intimidate|boost\n|-unboost|p2a: Toxapex|atk|1\n|switch|p2a: Clefable|Clefable, F|100\/100\n|\n|upkeep\n|turn|15\n|j| Ctannn\n|\n|t:|1643012333\n|switch|p2a: Toxapex|Toxapex, M|68\/100\n|move|p1a: Landorus|Stealth Rock|p2a: Toxapex\n|-sidestart|p2: kokoukohiro|move: Stealth Rock\n|\n|-heal|p2a: Toxapex|74\/100|[from] item: Black Sludge\n|upkeep\n|turn|16\n|-message|kokoukohiro forfeited.\n|\n|win|sand gym noob\n|raw|sand gym noob's rating: 1569 &rarr; <strong>1589<\/strong><br \/>(+20 for winning)\n|raw|kokoukohiro's rating: 1570 &rarr; <strong>1550<\/strong><br \/>(-20 for losing)\n|l|\u2606kokoukohiro\n","uploadtime":1643012366,"views":40,"p1id":"sandgymnoob","p2id":"kokoukohiro","formatid":"gen8ou","rating":1550,"private":0,"password":null}