{"id":"gen8nationaldexag-1578343118","p1":"Urgllord","p2":"Rediyu","format":"gen8nationaldexag","log":"|j|\u2606Urgllord\n|j|\u2606Rediyu\n|t:|1652975081\n|gametype|singles\n|player|p1|Urgllord|ninjaboy|\n|player|p2|Rediyu|265|\n|teamsize|p1|6\n|teamsize|p2|6\n|gen|8\n|tier|[Gen 8] National Dex AG\n|rule|HP Percentage Mod: HP is shown in percentages\n|rule|Endless Battle Clause: Forcing endless battles is banned\n|clearpoke\n|poke|p1|Grimer-Alola, L5, F|\n|poke|p1|Mienfoo, L5, F|\n|poke|p1|Spritzee, L5, F|\n|poke|p1|Skrelp, L5, F|\n|poke|p1|Axew, L5, F|\n|poke|p1|Electrike, L5, F|\n|poke|p2|Sandile, L5, M|\n|poke|p2|Chinchou, L5, F|\n|poke|p2|Solosis, L5, F|\n|poke|p2|Drifloon, L5, F|\n|poke|p2|Sandshrew-Alola, L5, M|\n|poke|p2|Aron, L5, M|\n|teampreview\n|c|\u2606Rediyu|gl hf\n|c|\u2606Urgllord|glhf\n|\n|t:|1652975158\n|start\n|switch|p1a: Sandy|Mienfoo, L5, F|100\/100\n|switch|p2a: Creepypasta#1|Drifloon, L5, F|100\/100\n|turn|1\n|\n|t:|1652975201\n|switch|p1a: Plankton|Grimer-Alola, L5, F|100\/100\n|move|p2a: Creepypasta#1|Will-O-Wisp|p1a: Plankton\n|-status|p1a: Plankton|brn\n|\n|-damage|p1a: Plankton|97\/100 brn|[from] brn\n|upkeep\n|turn|2\n|\n|t:|1652975224\n|switch|p2a: Uber Killer|Aron, L5, M|100\/100\n|move|p1a: Plankton|Poison Jab|p2a: Uber Killer\n|-immune|p2a: Uber Killer\n|\n|-damage|p1a: Plankton|93\/100 brn|[from] brn\n|upkeep\n|turn|3\n|\n|t:|1652975236\n|move|p2a: Uber Killer|Stealth Rock|p1a: Plankton\n|-sidestart|p1: Urgllord|move: Stealth Rock\n|move|p1a: Plankton|Knock Off|p2a: Uber Killer\n|-damage|p2a: Uber Killer|72\/100\n|-enditem|p2a: Uber Killer|Custap Berry|[from] move: Knock Off|[of] p1a: Plankton\n|\n|-damage|p1a: Plankton|89\/100 brn|[from] brn\n|upkeep\n|turn|4\n|\n|t:|1652975279\n|move|p2a: Uber Killer|Earthquake|p1a: Plankton\n|-supereffective|p1a: Plankton\n|-damage|p1a: Plankton|38\/100 brn\n|move|p1a: Plankton|Power-Up Punch|p2a: Uber Killer\n|-supereffective|p2a: Uber Killer\n|-damage|p2a: Uber Killer|34\/100\n|-boost|p1a: Plankton|atk|1\n|\n|-damage|p1a: Plankton|34\/100 brn|[from] brn\n|upkeep\n|turn|5\n|\n|t:|1652975304\n|switch|p1a: Sandy|Mienfoo, L5, F|100\/100\n|-damage|p1a: Sandy|96\/100|[from] Stealth Rock\n|move|p2a: Uber Killer|Earthquake|p1a: Sandy\n|-damage|p1a: Sandy|39\/100\n|\n|upkeep\n|turn|6\n|\n|t:|1652975315\n|move|p1a: Sandy|Drain Punch|p2a: Uber Killer\n|-supereffective|p2a: Uber Killer\n|-damage|p2a: Uber Killer|0 fnt\n|-heal|p1a: Sandy|58\/100|[from] drain|[of] p2a: Uber Killer\n|faint|p2a: Uber Killer\n|\n|upkeep\n|\n|t:|1652975323\n|switch|p2a: Creepypasta#2|Chinchou, L5, F|100\/100\n|turn|7\n|\n|t:|1652975349\n|switch|p1a: Schnelli|Electrike, L5, F|100\/100\n|-damage|p1a: Schnelli|90\/100|[from] Stealth Rock\n|move|p2a: Creepypasta#2|Scald|p1a: Schnelli\n|-damage|p1a: Schnelli|15\/100\n|\n|upkeep\n|turn|8\n|\n|t:|1652975367\n|move|p1a: Schnelli|Hidden Power|p2a: Creepypasta#2\n|-supereffective|p2a: Creepypasta#2\n|-damage|p2a: Creepypasta#2|42\/100\n|move|p2a: Creepypasta#2|Scald|p1a: Schnelli\n|-damage|p1a: Schnelli|0 fnt\n|faint|p1a: Schnelli\n|\n|upkeep\n|\n|t:|1652975484\n|switch|p1a: Ms.Puff|Spritzee, L5, F|100\/100\n|-damage|p1a: Ms.Puff|89\/100|[from] Stealth Rock\n|turn|9\n|\n|t:|1652975493\n|switch|p2a: Sanic|Sandshrew-Alola, L5, M|100\/100\n|move|p1a: Ms.Puff|Wish|p1a: Ms.Puff\n|\n|upkeep\n|turn|10\n|\n|t:|1652975511\n|switch|p1a: Sandy|Mienfoo, L5, F|91\/100\n|-damage|p1a: Sandy|86\/100|[from] Stealth Rock\n|move|p2a: Sanic|Knock Off|p1a: Sandy\n|-resisted|p1a: Sandy\n|-damage|p1a: Sandy|58\/100\n|-enditem|p1a: Sandy|Choice Scarf|[from] move: Knock Off|[of] p2a: Sanic\n|\n|-heal|p1a: Sandy|100\/100|[from] move: Wish|[wisher] Ms.Puff\n|upkeep\n|turn|11\n|\n|t:|1652975559\n|move|p1a: Sandy|Knock Off|p2a: Sanic\n|-damage|p2a: Sanic|72\/100\n|-enditem|p2a: Sanic|Eviolite|[from] move: Knock Off|[of] p1a: Sandy\n|move|p2a: Sanic|Triple Axel|p1a: Sandy|[miss]\n|-miss|p2a: Sanic|p1a: Sandy\n|\n|upkeep\n|turn|12\n|\n|t:|1652975611\n|move|p1a: Sandy|Drain Punch|p2a: Sanic\n|-supereffective|p2a: Sanic\n|-damage|p2a: Sanic|0 fnt\n|faint|p2a: Sanic\n|\n|upkeep\n|\n|t:|1652975618\n|switch|p2a: Creepypasta#1|Drifloon, L5, F|100\/100\n|turn|13\n|\n|t:|1652975631\n|switch|p1a: Ms.Puff|Spritzee, L5, F|89\/100\n|-damage|p1a: Ms.Puff|78\/100|[from] Stealth Rock\n|move|p2a: Creepypasta#1|Substitute|p2a: Creepypasta#1\n|-start|p2a: Creepypasta#1|Substitute\n|-damage|p2a: Creepypasta#1|77\/100\n|\n|upkeep\n|turn|14\n|\n|t:|1652975640\n|move|p2a: Creepypasta#1|Will-O-Wisp|p1a: Ms.Puff\n|-status|p1a: Ms.Puff|brn\n|move|p1a: Ms.Puff|Wish|p1a: Ms.Puff\n|\n|-damage|p1a: Ms.Puff|75\/100 brn|[from] brn\n|upkeep\n|turn|15\n|\n|t:|1652975648\n|move|p2a: Creepypasta#1|Acrobatics|p1a: Ms.Puff\n|-crit|p1a: Ms.Puff\n|-damage|p1a: Ms.Puff|49\/100 brn\n|move|p1a: Ms.Puff|Moonblast|p2a: Creepypasta#1\n|-end|p2a: Creepypasta#1|Substitute\n|\n|-heal|p1a: Ms.Puff|97\/100 brn|[from] move: Wish|[wisher] Ms.Puff\n|-damage|p1a: Ms.Puff|93\/100 brn|[from] brn\n|upkeep\n|turn|16\n|\n|t:|1652975675\n|move|p2a: Creepypasta#1|Substitute|p2a: Creepypasta#1\n|-start|p2a: Creepypasta#1|Substitute\n|-damage|p2a: Creepypasta#1|54\/100\n|move|p1a: Ms.Puff|Wish|p1a: Ms.Puff\n|\n|-damage|p1a: Ms.Puff|89\/100 brn|[from] brn\n|upkeep\n|turn|17\n|\n|t:|1652975690\n|move|p2a: Creepypasta#1|Shadow Ball|p1a: Ms.Puff\n|-damage|p1a: Ms.Puff|67\/100 brn\n|-unboost|p1a: Ms.Puff|spd|1\n|move|p1a: Ms.Puff|Moonblast|p2a: Creepypasta#1\n|-end|p2a: Creepypasta#1|Substitute\n|\n|-heal|p1a: Ms.Puff|100\/100 brn|[from] move: Wish|[wisher] Ms.Puff\n|-damage|p1a: Ms.Puff|97\/100 brn|[from] brn\n|upkeep\n|turn|18\n|\n|t:|1652975872\n|move|p2a: Creepypasta#1|Substitute|p2a: Creepypasta#1\n|-start|p2a: Creepypasta#1|Substitute\n|-damage|p2a: Creepypasta#1|31\/100\n|-enditem|p2a: Creepypasta#1|Berry Juice\n|-heal|p2a: Creepypasta#1|100\/100|[from] item: Berry Juice\n|move|p1a: Ms.Puff|Trick Room|p1a: Ms.Puff\n|-fieldstart|move: Trick Room|[of] p1a: Ms.Puff\n|\n|-damage|p1a: Ms.Puff|93\/100 brn|[from] brn\n|upkeep\n|turn|19\n|\n|t:|1652975887\n|move|p1a: Ms.Puff|Moonblast|p2a: Creepypasta#1\n|-end|p2a: Creepypasta#1|Substitute\n|move|p2a: Creepypasta#1|Shadow Ball|p1a: Ms.Puff\n|-damage|p1a: Ms.Puff|60\/100 brn\n|\n|-damage|p1a: Ms.Puff|56\/100 brn|[from] brn\n|upkeep\n|turn|20\n|\n|t:|1652975935\n|switch|p1a: Plankton|Grimer-Alola, L5, F|34\/100 brn\n|-damage|p1a: Plankton|23\/100 brn|[from] Stealth Rock\n|move|p2a: Creepypasta#1|Acrobatics|p1a: Plankton\n|-damage|p1a: Plankton|0 fnt\n|faint|p1a: Plankton\n|\n|upkeep\n|\n|t:|1652975944\n|switch|p1a: Mysterie|Skrelp, L5, F|100\/100\n|-damage|p1a: Mysterie|88\/100|[from] Stealth Rock\n|turn|21\n|\n|t:|1652975976\n|move|p1a: Mysterie|Thunderbolt|p2a: Creepypasta#1\n|-supereffective|p2a: Creepypasta#1\n|-damage|p2a: Creepypasta#1|8\/100\n|move|p2a: Creepypasta#1|Acrobatics|p1a: Mysterie\n|-damage|p1a: Mysterie|21\/100\n|\n|upkeep\n|turn|22\n|\n|t:|1652975986\n|move|p1a: Mysterie|Flip Turn|p2a: Creepypasta#1\n|-damage|p2a: Creepypasta#1|0 fnt\n|faint|p2a: Creepypasta#1\n|\n|t:|1652976005\n|switch|p1a: Ms.Puff|Spritzee, L5, F|56\/100 brn|[from]move: Flip Turn\n|-damage|p1a: Ms.Puff|45\/100 brn|[from] Stealth Rock\n|\n|-damage|p1a: Ms.Puff|41\/100 brn|[from] brn\n|-fieldend|move: Trick Room\n|upkeep\n|\n|t:|1652976031\n|switch|p2a: Zero Jr.|Sandile, L5, M|100\/100\n|turn|23\n|\n|t:|1652976046\n|move|p2a: Zero Jr.|Earthquake|p1a: Ms.Puff\n|-damage|p1a: Ms.Puff|4\/100 brn\n|move|p1a: Ms.Puff|Moonblast|p2a: Zero Jr.\n|-supereffective|p2a: Zero Jr.\n|-damage|p2a: Zero Jr.|0 fnt\n|faint|p2a: Zero Jr.\n|\n|-damage|p1a: Ms.Puff|0 fnt|[from] brn\n|faint|p1a: Ms.Puff\n|upkeep\n|\n|t:|1652976068\n|switch|p2a: Asexuell|Solosis, L5, F|100\/100\n|switch|p1a: Sandy|Mienfoo, L5, F|100\/100\n|-damage|p1a: Sandy|96\/100|[from] Stealth Rock\n|turn|24\n|\n|t:|1652976073\n|move|p1a: Sandy|U-turn|p2a: Asexuell\n|-supereffective|p2a: Asexuell\n|-damage|p2a: Asexuell|43\/100\n|\n|t:|1652976076\n|switch|p1a: Mysterie|Skrelp, L5, F|21\/100|[from]move: U-turn\n|-damage|p1a: Mysterie|9\/100|[from] Stealth Rock\n|move|p2a: Asexuell|Acid Armor|p2a: Asexuell\n|-boost|p2a: Asexuell|def|2\n|\n|upkeep\n|turn|25\n|\n|t:|1652976087\n|move|p1a: Mysterie|Sludge Wave|p2a: Asexuell\n|-damage|p2a: Asexuell|0 fnt\n|faint|p2a: Asexuell\n|\n|upkeep\n|\n|t:|1652976089\n|switch|p2a: Creepypasta#2|Chinchou, L5, F|42\/100\n|turn|26\n|\n|t:|1652976096\n|move|p2a: Creepypasta#2|Ice Beam|p1a: Mysterie\n|-resisted|p1a: Mysterie\n|-damage|p1a: Mysterie|0 fnt\n|faint|p1a: Mysterie\n|\n|upkeep\n|\n|t:|1652976106\n|switch|p1a: Sandy|Mienfoo, L5, F|100\/100\n|-damage|p1a: Sandy|96\/100|[from] Stealth Rock\n|turn|27\n|\n|t:|1652976121\n|move|p2a: Creepypasta#2|Ice Beam|p1a: Sandy\n|-damage|p1a: Sandy|48\/100\n|move|p1a: Sandy|Close Combat|p2a: Creepypasta#2\n|-damage|p2a: Creepypasta#2|0 fnt\n|-unboost|p1a: Sandy|def|1\n|-unboost|p1a: Sandy|spd|1\n|faint|p2a: Creepypasta#2\n|\n|win|Urgllord\n|c|\u2606Rediyu|gg\n|c|\u2606Urgllord|gg\n|c|\u2606Rediyu|schickt ihr?\n|c|\u2606Urgllord|jo\n","uploadtime":1652976149,"views":21,"p1id":"urgllord","p2id":"rediyu","formatid":"gen8nationaldexag","rating":0,"private":0,"password":null}