{"id":"gen8ou-1640283835","p1":"dasgas","p2":"reionatro","format":"gen8ou","log":"|j|\u2606dasgas\n|j|\u2606reionatro\n|t:|1660578475\n|gametype|singles\n|player|p1|dasgas|1|1665\n|player|p2|reionatro|101|1631\n|teamsize|p1|6\n|teamsize|p2|6\n|gen|8\n|tier|[Gen 8] OU\n|rated|\n|rule|Sleep Clause Mod: Limit one foe put to sleep\n|rule|Species Clause: Limit one of each Pok\u00e9mon\n|rule|OHKO Clause: OHKO moves are banned\n|rule|Evasion Items Clause: Evasion items are banned\n|rule|Evasion Moves Clause: Evasion moves are banned\n|rule|Endless Battle Clause: Forcing endless battles is banned\n|rule|HP Percentage Mod: HP is shown in percentages\n|rule|Dynamax Clause: You cannot dynamax\n|clearpoke\n|poke|p1|Tornadus-Therian, M|\n|poke|p1|Jellicent, F|\n|poke|p1|Ninetales-Alola, M|\n|poke|p1|Heatran, F|\n|poke|p1|Arctozolt|\n|poke|p1|Weezing-Galar, M|\n|poke|p2|Nihilego|\n|poke|p2|Zapdos-Galar|\n|poke|p2|Kartana|\n|poke|p2|Celesteela|\n|poke|p2|Garchomp, M|\n|poke|p2|Tapu Fini|\n|teampreview\n|c|\u2606reionatro|hf\n|c|\u2606dasgas|u2\n|inactive|Battle timer is ON: inactive players will automatically lose when time's up. (requested by dasgas)\n|\n|t:|1660578493\n|start\n|switch|p1a: Heatran|Heatran, F|100\/100\n|switch|p2a: Tapu Fini|Tapu Fini|100\/100\n|-item|p1a: Heatran|Air Balloon\n|-fieldstart|move: Misty Terrain|[from] ability: Misty Surge|[of] p2a: Tapu Fini\n|turn|1\n|\n|t:|1660578498\n|switch|p1a: Tornadus|Tornadus-Therian, M|100\/100\n|move|p2a: Tapu Fini|Calm Mind|p2a: Tapu Fini\n|-boost|p2a: Tapu Fini|spa|1\n|-boost|p2a: Tapu Fini|spd|1\n|\n|upkeep\n|turn|2\n|\n|t:|1660578505\n|move|p1a: Tornadus|Knock Off|p2a: Tapu Fini\n|-resisted|p2a: Tapu Fini\n|-damage|p2a: Tapu Fini|93\/100\n|-enditem|p2a: Tapu Fini|Leftovers|[from] move: Knock Off|[of] p1a: Tornadus\n|move|p2a: Tapu Fini|Scald|p1a: Tornadus\n|-damage|p1a: Tornadus|56\/100\n|-status|p1a: Tornadus|brn\n|\n|-damage|p1a: Tornadus|50\/100 brn|[from] brn\n|upkeep\n|turn|3\n|\n|t:|1660578513\n|move|p1a: Tornadus|U-turn|p2a: Tapu Fini\n|-resisted|p2a: Tapu Fini\n|-damage|p2a: Tapu Fini|90\/100\n|\n|t:|1660578515\n|switch|p1a: Ninetales|Ninetales-Alola, M|100\/100|[from]move: U-turn\n|-weather|Hail|[from] ability: Snow Warning|[of] p1a: Ninetales\n|move|p2a: Tapu Fini|Scald|p1a: Ninetales\n|-damage|p1a: Ninetales|62\/100\n|\n|-weather|Hail|[upkeep]\n|-damage|p2a: Tapu Fini|84\/100|[from] Hail\n|upkeep\n|turn|4\n|\n|t:|1660578544\n|move|p1a: Ninetales|Freeze-Dry|p2a: Tapu Fini\n|-supereffective|p2a: Tapu Fini\n|-damage|p2a: Tapu Fini|63\/100\n|move|p2a: Tapu Fini|Calm Mind|p2a: Tapu Fini\n|-boost|p2a: Tapu Fini|spa|1\n|-boost|p2a: Tapu Fini|spd|1\n|\n|-weather|Hail|[upkeep]\n|-damage|p2a: Tapu Fini|56\/100|[from] Hail\n|upkeep\n|turn|5\n|\n|t:|1660578549\n|move|p1a: Ninetales|Nasty Plot|p1a: Ninetales\n|-boost|p1a: Ninetales|spa|2\n|move|p2a: Tapu Fini|Scald|p1a: Ninetales\n|-damage|p1a: Ninetales|12\/100\n|\n|-weather|Hail|[upkeep]\n|-damage|p2a: Tapu Fini|50\/100|[from] Hail\n|-fieldend|Misty Terrain\n|upkeep\n|turn|6\n|\n|t:|1660578573\n|move|p1a: Ninetales|Freeze-Dry|p2a: Tapu Fini\n|-supereffective|p2a: Tapu Fini\n|-damage|p2a: Tapu Fini|17\/100\n|move|p2a: Tapu Fini|Scald|p1a: Ninetales\n|-damage|p1a: Ninetales|0 fnt\n|faint|p1a: Ninetales\n|\n|-weather|Hail|[upkeep]\n|-damage|p2a: Tapu Fini|11\/100|[from] Hail\n|upkeep\n|\n|t:|1660578576\n|switch|p1a: Arctozolt|Arctozolt|100\/100\n|turn|7\n|\n|t:|1660578582\n|move|p1a: Arctozolt|Bolt Beak|p2a: Tapu Fini\n|-supereffective|p2a: Tapu Fini\n|-damage|p2a: Tapu Fini|0 fnt\n|faint|p2a: Tapu Fini\n|\n|-weather|Hail|[upkeep]\n|upkeep\n|inactive|reionatro has 120 seconds left.\n|\n|t:|1660578635\n|switch|p2a: Kartana|Kartana|100\/100\n|turn|8\n|\n|t:|1660578665\n|move|p2a: Kartana|Leaf Blade|p1a: Arctozolt\n|-damage|p1a: Arctozolt|34\/100\n|move|p1a: Arctozolt|Blizzard|p2a: Kartana\n|-damage|p2a: Kartana|0 fnt\n|faint|p2a: Kartana\n|\n|-weather|Hail|[upkeep]\n|upkeep\n|\n|t:|1660578674\n|switch|p2a: Celesteela|Celesteela|100\/100\n|turn|9\n|\n|t:|1660578684\n|switch|p2a: Garchomp|Garchomp, M|100\/100\n|move|p1a: Arctozolt|Blizzard|p2a: Garchomp\n|-supereffective|p2a: Garchomp\n|-damage|p2a: Garchomp|0 fnt\n|faint|p2a: Garchomp\n|\n|-weather|Hail|[upkeep]\n|upkeep\n|\n|t:|1660578702\n|switch|p2a: Zapdos|Zapdos-Galar|100\/100\n|turn|10\n|\n|t:|1660578711\n|switch|p2a: Celesteela|Celesteela|100\/100\n|move|p1a: Arctozolt|Bolt Beak|p2a: Celesteela\n|-supereffective|p2a: Celesteela\n|-damage|p2a: Celesteela|0 fnt\n|faint|p2a: Celesteela\n|\n|-weather|none\n|upkeep\n|\n|t:|1660578722\n|switch|p2a: Nihilego|Nihilego|100\/100\n|turn|11\n|\n|t:|1660578734\n|switch|p1a: Weezing|Weezing-Galar, M|100\/100\n|-ability|p1a: Weezing|Neutralizing Gas\n|move|p2a: Nihilego|Meteor Beam||[still]\n|-prepare|p2a: Nihilego|Meteor Beam\n|-boost|p2a: Nihilego|spa|1\n|-enditem|p2a: Nihilego|Power Herb\n|-anim|p2a: Nihilego|Meteor Beam|p1a: Weezing\n|-damage|p1a: Weezing|0 fnt\n|faint|p1a: Weezing\n|-end|p1a: Weezing|ability: Neutralizing Gas\n|-ability|p2a: Nihilego|Beast Boost|boost\n|-boost|p2a: Nihilego|spe|1\n|\n|upkeep\n|c|\u2606dasgas|oh\n|c|\u2606dasgas|i thougt iprevent thespeedboost\n|\n|t:|1660578754\n|switch|p1a: Heatran|Heatran, F|100\/100\n|-item|p1a: Heatran|Air Balloon\n|turn|12\n|inactive|reionatro has 120 seconds left.\n|\n|t:|1660578770\n|move|p2a: Nihilego|Meteor Beam||[still]\n|-prepare|p2a: Nihilego|Meteor Beam\n|-boost|p2a: Nihilego|spa|1\n|move|p1a: Heatran|Earth Power|p2a: Nihilego\n|-supereffective|p2a: Nihilego\n|-damage|p2a: Nihilego|12\/100\n|\n|upkeep\n|turn|13\n|inactive|reionatro has 120 seconds left.\n|inactive|dasgas has 120 seconds left.\n|c|\u2606reionatro|well u die so u cant prevent it\n|\n|t:|1660578822\n|switch|p1a: Arctozolt|Arctozolt|34\/100\n|move|p2a: Nihilego|Meteor Beam|p1a: Arctozolt|[from]lockedmove\n|-supereffective|p1a: Arctozolt\n|-damage|p1a: Arctozolt|0 fnt\n|faint|p1a: Arctozolt\n|-ability|p2a: Nihilego|Beast Boost|boost\n|-boost|p2a: Nihilego|spe|1\n|\n|upkeep\n|\n|t:|1660578824\n|switch|p1a: Heatran|Heatran, F|100\/100\n|-item|p1a: Heatran|Air Balloon\n|turn|14\n|inactive|reionatro has 120 seconds left.\n|\n|t:|1660578851\n|switch|p2a: Zapdos|Zapdos-Galar|100\/100\n|move|p1a: Heatran|Earth Power|p2a: Zapdos\n|-immune|p2a: Zapdos\n|\n|upkeep\n|turn|15\n|inactive|dasgas has 120 seconds left.\n|\n|t:|1660578860\n|move|p2a: Zapdos|Brave Bird|p1a: Heatran\n|-resisted|p1a: Heatran\n|-damage|p1a: Heatran|52\/100\n|-enditem|p1a: Heatran|Air Balloon\n|-damage|p2a: Zapdos|85\/100|[from] Recoil\n|move|p1a: Heatran|Taunt|p2a: Zapdos\n|-start|p2a: Zapdos|move: Taunt\n|\n|upkeep\n|turn|16\n|inactive|reionatro has 120 seconds left.\n|\n|t:|1660578867\n|move|p2a: Zapdos|Brave Bird|p1a: Heatran\n|-resisted|p1a: Heatran\n|-damage|p1a: Heatran|8\/100\n|-damage|p2a: Zapdos|70\/100|[from] Recoil\n|move|p1a: Heatran|Toxic|p2a: Zapdos\n|-status|p2a: Zapdos|tox\n|\n|-damage|p2a: Zapdos|64\/100 tox|[from] psn\n|upkeep\n|turn|17\n|c|\u2606dasgas|gg\n|\n|t:|1660578872\n|switch|p1a: Jellicent|Jellicent, F|100\/100\n|move|p2a: Zapdos|Brave Bird|p1a: Jellicent\n|-damage|p1a: Jellicent|14\/100\n|-damage|p2a: Zapdos|47\/100 tox|[from] item: Rocky Helmet|[of] p1a: Jellicent\n|-damage|p2a: Zapdos|11\/100 tox|[from] Recoil\n|\n|-damage|p2a: Zapdos|0 fnt|[from] psn\n|faint|p2a: Zapdos\n|upkeep\n|\n|t:|1660578874\n|switch|p2a: Nihilego|Nihilego|12\/100\n|turn|18\n|c|\u2606dasgas|oh nvm\n|c|\u2606dasgas|i thought nihilego died xD\n|c|\u2606dasgas|i am half afk\n|\n|t:|1660578894\n|move|p2a: Nihilego|Power Gem|p1a: Jellicent\n|-damage|p1a: Jellicent|0 fnt\n|faint|p1a: Jellicent\n|-ability|p2a: Nihilego|Beast Boost|boost\n|-boost|p2a: Nihilego|spe|1\n|\n|upkeep\n|\n|t:|1660578897\n|switch|p1a: Tornadus|Tornadus-Therian, M|83\/100 brn\n|turn|19\n|inactive|reionatro has 120 seconds left.\n|inactive|dasgas has 120 seconds left.\n|inactive|dasgas has 90 seconds left.\n|\n|t:|1660578974\n|switch|p1a: Heatran|Heatran, F|8\/100\n|move|p2a: Nihilego|Meteor Beam||[still]\n|-prepare|p2a: Nihilego|Meteor Beam\n|-boost|p2a: Nihilego|spa|1\n|\n|upkeep\n|turn|20\n|\n|t:|1660578977\n|move|p2a: Nihilego|Meteor Beam|p1a: Heatran|[from]lockedmove\n|-damage|p1a: Heatran|0 fnt\n|faint|p1a: Heatran\n|-ability|p2a: Nihilego|Beast Boost|boost\n|-boost|p2a: Nihilego|spe|1\n|\n|upkeep\n|c|\u2606reionatro|gg\n|\n|t:|1660578980\n|switch|p1a: Tornadus|Tornadus-Therian, M|100\/100 brn\n|turn|21\n|c|\u2606dasgas|gg\n|inactive|dasgas has 90 seconds left.\n|\n|t:|1660579007\n|move|p2a: Nihilego|Power Gem|p1a: Tornadus\n|-supereffective|p1a: Tornadus\n|-damage|p1a: Tornadus|0 fnt\n|faint|p1a: Tornadus\n|\n|win|reionatro\n|raw|dasgas's rating: 1665 &rarr; <strong>1643<\/strong><br \/>(-22 for losing)\n|raw|reionatro's rating: 1631 &rarr; <strong>1653<\/strong><br \/>(+22 for winning)\n","uploadtime":1660579013,"views":61,"p1id":"dasgas","p2id":"reionatro","formatid":"gen8ou","rating":1643,"private":0,"password":null}