{"id":"gen8ou-1685152664","p1":"minimax_ai","p2":"LT94JE Allistair","format":"gen8ou","log":"|html|<div class=\"broadcast-blue\"><strong>[Gen 8] OU is currently suspecting Melmetal! For information on how to participate check out the <a href=\"https:\/\/www.smogon.com\/forums\/threads\/np-ss-ou-suspect-process-round-12-monster-mash.3709234\/\">suspect thread<\/a>.<\/strong><\/div>\n|j|\u203dminimax_ai\n|j|\u2606LT94JE Allistair\n|t:|1665702048\n|gametype|singles\n|player|p1|minimax_ai|101|1706\n|player|p2|LT94JE Allistair|1|1855\n|teamsize|p1|6\n|teamsize|p2|6\n|gen|8\n|tier|[Gen 8] OU\n|rated|\n|rule|Sleep Clause Mod: Limit one foe put to sleep\n|rule|Species Clause: Limit one of each Pok\u00e9mon\n|rule|OHKO Clause: OHKO moves are banned\n|rule|Evasion Items Clause: Evasion items are banned\n|rule|Evasion Moves Clause: Evasion moves are banned\n|rule|Endless Battle Clause: Forcing endless battles is banned\n|rule|HP Percentage Mod: HP is shown in percentages\n|rule|Dynamax Clause: You cannot dynamax\n|clearpoke\n|poke|p1|Rotom-Wash|\n|poke|p1|Weavile, F|\n|poke|p1|Landorus-Therian, M|\n|poke|p1|Heatran, M|\n|poke|p1|Tangrowth, M|\n|poke|p1|Melmetal|\n|poke|p2|Mew|\n|poke|p2|Slurpuff, M|\n|poke|p2|Vanilluxe, F|\n|poke|p2|Tapu Fini|\n|poke|p2|Jirachi|\n|poke|p2|Bisharp, F|\n|teampreview\n|j| Zombini62\n|inactive|Battle timer is ON: inactive players will automatically lose when time's up. (requested by minimax_ai)\n|\n|t:|1665702067\n|start\n|switch|p1a: Melmetal|Melmetal|100\/100\n|switch|p2a: Slurpuff|Slurpuff, M|100\/100\n|turn|1\n|\n|t:|1665702069\n|move|p2a: Slurpuff|Sticky Web|p1a: Melmetal\n|-sidestart|p1: minimax_ai|move: Sticky Web\n|move|p1a: Melmetal|Double Iron Bash|p2a: Slurpuff\n|-supereffective|p2a: Slurpuff\n|-damage|p2a: Slurpuff|18\/100\n|-supereffective|p2a: Slurpuff\n|-damage|p2a: Slurpuff|0 fnt\n|faint|p2a: Slurpuff\n|-hitcount|p2: Slurpuff|2\n|\n|upkeep\n|\n|t:|1665702087\n|switch|p2a: Vanilluxe|Vanilluxe, F|100\/100\n|-weather|Hail|[from] ability: Snow Warning|[of] p2a: Vanilluxe\n|turn|2\n|\n|t:|1665702089\n|move|p2a: Vanilluxe|Aurora Veil|p2a: Vanilluxe\n|-sidestart|p2: LT94JE Allistair|move: Aurora Veil\n|move|p1a: Melmetal|Double Iron Bash|p2a: Vanilluxe\n|-supereffective|p2a: Vanilluxe\n|-damage|p2a: Vanilluxe|41\/100\n|-supereffective|p2a: Vanilluxe\n|-damage|p2a: Vanilluxe|0 fnt\n|faint|p2a: Vanilluxe\n|-hitcount|p2: Vanilluxe|2\n|\n|-weather|Hail|[upkeep]\n|-damage|p1a: Melmetal|94\/100|[from] Hail\n|upkeep\n|\n|t:|1665702094\n|switch|p2a: Jirachi|Jirachi|100\/100\n|turn|3\n|\n|t:|1665702096\n|move|p2a: Jirachi|Cosmic Power|p2a: Jirachi\n|-boost|p2a: Jirachi|def|1\n|-boost|p2a: Jirachi|spd|1\n|move|p1a: Melmetal|Ice Punch|p2a: Jirachi\n|-resisted|p2a: Jirachi\n|-damage|p2a: Jirachi|96\/100\n|\n|-weather|Hail|[upkeep]\n|-damage|p2a: Jirachi|90\/100|[from] Hail\n|-damage|p1a: Melmetal|88\/100|[from] Hail\n|upkeep\n|turn|4\n|\n|t:|1665702104\n|move|p2a: Jirachi|Cosmic Power|p2a: Jirachi\n|-boost|p2a: Jirachi|def|1\n|-boost|p2a: Jirachi|spd|1\n|move|p1a: Melmetal|Thunder Punch|p2a: Jirachi\n|-damage|p2a: Jirachi|82\/100\n|\n|-weather|Hail|[upkeep]\n|-damage|p2a: Jirachi|76\/100|[from] Hail\n|-damage|p1a: Melmetal|82\/100|[from] Hail\n|upkeep\n|turn|5\n|\n|t:|1665702106\n|switch|p1a: Heatran|Heatran, M|100\/100\n|-item|p1a: Heatran|Air Balloon\n|move|p2a: Jirachi|Cosmic Power|p2a: Jirachi\n|-boost|p2a: Jirachi|def|1\n|-boost|p2a: Jirachi|spd|1\n|\n|-weather|Hail|[upkeep]\n|-damage|p2a: Jirachi|69\/100|[from] Hail\n|-damage|p1a: Heatran|94\/100|[from] Hail\n|upkeep\n|turn|6\n|\n|t:|1665702109\n|move|p2a: Jirachi|Wish|p2a: Jirachi\n|move|p1a: Heatran|Earth Power|p2a: Jirachi\n|-supereffective|p2a: Jirachi\n|-damage|p2a: Jirachi|57\/100\n|-enditem|p2a: Jirachi|Weakness Policy\n|-boost|p2a: Jirachi|atk|2|[from] item: Weakness Policy\n|-boost|p2a: Jirachi|spa|2|[from] item: Weakness Policy\n|\n|-weather|none\n|upkeep\n|turn|7\n|j| KokoCherryMango\n|\n|t:|1665702115\n|switch|p1a: Melmetal|Melmetal|82\/100\n|-activate|p1a: Melmetal|move: Sticky Web\n|-unboost|p1a: Melmetal|spe|1\n|move|p2a: Jirachi|Stored Power|p1a: Melmetal\n|-resisted|p1a: Melmetal\n|-damage|p1a: Melmetal|40\/100\n|\n|-heal|p2a: Jirachi|100\/100|[from] move: Wish|[wisher] Jirachi\n|upkeep\n|turn|8\n|\n|t:|1665702119\n|move|p2a: Jirachi|Stored Power|p1a: Melmetal\n|-resisted|p1a: Melmetal\n|-damage|p1a: Melmetal|0 fnt\n|faint|p1a: Melmetal\n|\n|upkeep\n|\n|t:|1665702119\n|switch|p1a: Landorus|Landorus-Therian, M|100\/100\n|-ability|p1a: Landorus|Intimidate|boost\n|-unboost|p2a: Jirachi|atk|1\n|turn|9\n|\n|t:|1665702125\n|move|p2a: Jirachi|Stored Power|p1a: Landorus\n|-damage|p1a: Landorus|0 fnt\n|faint|p1a: Landorus\n|\n|-sideend|p2: LT94JE Allistair|move: Aurora Veil\n|upkeep\n|\n|t:|1665702125\n|switch|p1a: Heatran|Heatran, M|94\/100\n|-item|p1a: Heatran|Air Balloon\n|turn|10\n|\n|t:|1665702134\n|move|p2a: Jirachi|Stored Power|p1a: Heatran\n|-resisted|p1a: Heatran\n|-damage|p1a: Heatran|17\/100\n|-enditem|p1a: Heatran|Air Balloon\n|move|p1a: Heatran|Magma Storm|p2a: Jirachi\n|-supereffective|p2a: Jirachi\n|-damage|p2a: Jirachi|59\/100\n|-activate|p2a: Jirachi|move: Magma Storm|[of] p1a: Heatran\n|\n|-damage|p2a: Jirachi|47\/100|[from] move: Magma Storm|[partiallytrapped]\n|upkeep\n|turn|11\n|\n|t:|1665702138\n|move|p2a: Jirachi|Stored Power|p1a: Heatran\n|-resisted|p1a: Heatran\n|-damage|p1a: Heatran|0 fnt\n|faint|p1a: Heatran\n|\n|-end|p2a: Jirachi|Magma Storm|[partiallytrapped]|[silent]\n|upkeep\n|\n|t:|1665702139\n|switch|p1a: Weavile|Weavile, F|100\/100\n|-activate|p1a: Weavile|move: Sticky Web\n|-unboost|p1a: Weavile|spe|1\n|-ability|p1a: Weavile|Pressure\n|turn|12\n|\n|t:|1665702141\n|move|p2a: Jirachi|Aura Sphere|p1a: Weavile\n|-supereffective|p1a: Weavile\n|-damage|p1a: Weavile|0 fnt\n|faint|p1a: Weavile\n|\n|upkeep\n|\n|t:|1665702141\n|switch|p1a: Rotom|Rotom-Wash|100\/100\n|turn|13\n|\n|t:|1665702147\n|move|p2a: Jirachi|Stored Power|p1a: Rotom\n|-damage|p1a: Rotom|0 fnt\n|faint|p1a: Rotom\n|\n|upkeep\n|\n|t:|1665702147\n|switch|p1a: Tangrowth|Tangrowth, M|100\/100\n|-activate|p1a: Tangrowth|move: Sticky Web\n|-unboost|p1a: Tangrowth|spe|1\n|turn|14\n|\n|t:|1665702152\n|move|p2a: Jirachi|Stored Power|p1a: Tangrowth\n|-damage|p1a: Tangrowth|0 fnt\n|faint|p1a: Tangrowth\n|\n|win|LT94JE Allistair\n|raw|minimax_ai's rating: 1690 &rarr; <strong>1679<\/strong><br \/>(-11 for losing)\n|raw|LT94JE Allistair's rating: 1855 &rarr; <strong>1866<\/strong><br \/>(+11 for winning)\n","uploadtime":1665702154,"views":16,"p1id":"minimaxai","p2id":"lt94jeallistair","formatid":"gen8ou","rating":1679,"private":0,"password":null}