{"id":"gen8ou-1426507351","p1":"Vodyne","p2":"SirSkit","format":"gen8ou","log":"|j|\u2606Vodyne\n|j|\u2606SirSkit\n|t:|1632982965\n|gametype|singles\n|player|p1|Vodyne|170|\n|player|p2|SirSkit|266|\n|teamsize|p1|6\n|teamsize|p2|6\n|gen|8\n|tier|[Gen 8] OU\n|rule|Sleep Clause Mod: Limit one foe put to sleep\n|rule|Species Clause: Limit one of each Pok\u00e9mon\n|rule|OHKO Clause: OHKO moves are banned\n|rule|Evasion Moves Clause: Evasion moves are banned\n|rule|Endless Battle Clause: Forcing endless battles is banned\n|rule|HP Percentage Mod: HP is shown in percentages\n|rule|Dynamax Clause: You cannot dynamax\n|clearpoke\n|poke|p1|Pelipper, M|\n|poke|p1|Seismitoad, M|\n|poke|p1|Ferrothorn, M|\n|poke|p1|Tapu Bulu|\n|poke|p1|Tyranitar, M|\n|poke|p1|Diancie|\n|poke|p2|Terrakion|\n|poke|p2|Volcarona, M|\n|poke|p2|Torkoal, M|\n|poke|p2|Landorus-Therian, M|\n|poke|p2|Venusaur, F|\n|poke|p2|Weavile, F|\n|teampreview\n|c|\u2606SirSkit|i made this but\n|c|\u2606Vodyne|hf\n|c|\u2606SirSkit|theres only a terrakion cuz i wanted to try terrakion lol\n|c|\u2606Vodyne|its fine\n|c|\u2606SirSkit|he's not too good tho\n|c|\u2606SirSkit|at least so far\n|\n|t:|1632983022\n|start\n|switch|p1a: Tyranitar|Tyranitar, M|100\/100\n|switch|p2a: Terrakion|Terrakion|100\/100\n|-weather|Sandstorm|[from] ability: Sand Stream|[of] p1a: Tyranitar\n|turn|1\n|c|\u2606Vodyne|thats okay dude just have fun and try shit you want to try\n|c|\u2606Vodyne|dont follow what other people are doing\n|c|\u2606SirSkit|fair\n|c|\u2606Vodyne|at least until you break 1500\n|\n|t:|1632983069\n|switch|p1a: Tapu Bulu|Tapu Bulu|100\/100\n|-fieldstart|move: Grassy Terrain|[from] ability: Grassy Surge|[of] p1a: Tapu Bulu\n|move|p2a: Terrakion|Close Combat|p1a: Tapu Bulu\n|-resisted|p1a: Tapu Bulu\n|-crit|p1a: Tapu Bulu\n|-damage|p1a: Tapu Bulu|53\/100\n|-unboost|p2a: Terrakion|def|1\n|-unboost|p2a: Terrakion|spd|1\n|\n|-weather|Sandstorm|[upkeep]\n|-damage|p1a: Tapu Bulu|47\/100|[from] Sandstorm\n|-heal|p1a: Tapu Bulu|53\/100|[from] Grassy Terrain\n|-heal|p1a: Tapu Bulu|59\/100|[from] item: Leftovers\n|upkeep\n|turn|2\n|\n|t:|1632983090\n|switch|p2a: Torkoal|Torkoal, M|100\/100\n|-weather|SunnyDay|[from] ability: Drought|[of] p2a: Torkoal\n|move|p1a: Tapu Bulu|High Horsepower|p2a: Torkoal\n|-supereffective|p2a: Torkoal\n|-damage|p2a: Torkoal|60\/100\n|\n|-weather|SunnyDay|[upkeep]\n|-heal|p1a: Tapu Bulu|65\/100|[from] Grassy Terrain\n|-heal|p1a: Tapu Bulu|71\/100|[from] item: Leftovers\n|-heal|p2a: Torkoal|66\/100|[from] Grassy Terrain\n|upkeep\n|turn|3\n|c|\u2606SirSkit|i think i really just need to learn the meta first\n|\n|t:|1632983122\n|switch|p1a: Pelipper|Pelipper, M|100\/100\n|-weather|RainDance|[from] ability: Drizzle|[of] p1a: Pelipper\n|move|p2a: Torkoal|Stealth Rock|p1a: Pelipper\n|-sidestart|p1: Vodyne|move: Stealth Rock\n|\n|-weather|RainDance|[upkeep]\n|-heal|p2a: Torkoal|72\/100|[from] Grassy Terrain\n|upkeep\n|turn|4\n|c|\u2606Vodyne|yes well you'll get a feel the more you play\n|c|\u2606Vodyne|think of what mons you see most often\n|c|\u2606Vodyne|what mons beat your team the most\n|c|\u2606Vodyne|and try to counter\n|\n|t:|1632983151\n|switch|p2a: Volcarona|Volcarona, M|100\/100\n|move|p1a: Pelipper|Hurricane|p2a: Volcarona\n|-supereffective|p2a: Volcarona\n|-damage|p2a: Volcarona|4\/100\n|\n|-weather|RainDance|[upkeep]\n|-heal|p2a: Volcarona|10\/100|[from] Grassy Terrain\n|upkeep\n|turn|5\n|\n|t:|1632983159\n|move|p1a: Pelipper|Hurricane|p2a: Volcarona\n|-supereffective|p2a: Volcarona\n|-damage|p2a: Volcarona|0 fnt\n|faint|p2a: Volcarona\n|\n|-weather|RainDance|[upkeep]\n|-fieldend|move: Grassy Terrain\n|upkeep\n|\n|t:|1632983169\n|switch|p2a: Terrakion|Terrakion|100\/100\n|turn|6\n|\n|t:|1632983176\n|switch|p1a: Tapu Bulu|Tapu Bulu|71\/100\n|-damage|p1a: Tapu Bulu|59\/100|[from] Stealth Rock\n|-fieldstart|move: Grassy Terrain|[from] ability: Grassy Surge|[of] p1a: Tapu Bulu\n|move|p2a: Terrakion|Stone Edge|p1a: Tapu Bulu\n|-damage|p1a: Tapu Bulu|5\/100\n|\n|-weather|RainDance|[upkeep]\n|-heal|p1a: Tapu Bulu|11\/100|[from] Grassy Terrain\n|-heal|p1a: Tapu Bulu|17\/100|[from] item: Leftovers\n|upkeep\n|turn|7\n|\n|t:|1632983183\n|switch|p2a: Landorus|Landorus-Therian, M|100\/100\n|-ability|p2a: Landorus|Intimidate|boost\n|-unboost|p1a: Tapu Bulu|atk|1\n|move|p1a: Tapu Bulu|Horn Leech|p2a: Landorus\n|-damage|p2a: Landorus|62\/100\n|-heal|p1a: Tapu Bulu|44\/100|[from] drain|[of] p2a: Landorus\n|\n|-weather|none\n|-heal|p1a: Tapu Bulu|50\/100|[from] Grassy Terrain\n|-heal|p1a: Tapu Bulu|56\/100|[from] item: Leftovers\n|-heal|p2a: Landorus|68\/100|[from] item: Leftovers\n|upkeep\n|turn|8\n|\n|t:|1632983191\n|move|p1a: Tapu Bulu|Horn Leech|p2a: Landorus\n|-damage|p2a: Landorus|34\/100\n|-heal|p1a: Tapu Bulu|79\/100|[from] drain|[of] p2a: Landorus\n|move|p2a: Landorus|U-turn|p1a: Tapu Bulu\n|-damage|p1a: Tapu Bulu|57\/100\n|\n|t:|1632983201\n|switch|p2a: Torkoal|Torkoal, M|72\/100|[from]move: U-turn\n|-weather|SunnyDay|[from] ability: Drought|[of] p2a: Torkoal\n|\n|-weather|SunnyDay|[upkeep]\n|-heal|p1a: Tapu Bulu|63\/100|[from] Grassy Terrain\n|-heal|p1a: Tapu Bulu|70\/100|[from] item: Leftovers\n|-heal|p2a: Torkoal|78\/100|[from] Grassy Terrain\n|upkeep\n|turn|9\n|\n|t:|1632983218\n|switch|p1a: Pelipper|Pelipper, M|100\/100\n|-damage|p1a: Pelipper|76\/100|[from] Stealth Rock\n|-weather|RainDance|[from] ability: Drizzle|[of] p1a: Pelipper\n|move|p2a: Torkoal|Lava Plume|p1a: Pelipper\n|-resisted|p1a: Pelipper\n|-crit|p1a: Pelipper\n|-damage|p1a: Pelipper|61\/100\n|\n|-weather|RainDance|[upkeep]\n|-heal|p2a: Torkoal|84\/100|[from] Grassy Terrain\n|upkeep\n|turn|10\n|\n|t:|1632983227\n|switch|p2a: Landorus|Landorus-Therian, M|34\/100\n|-ability|p2a: Landorus|Intimidate|boost\n|-unboost|p1a: Pelipper|atk|1\n|move|p1a: Pelipper|Scald|p2a: Landorus\n|-supereffective|p2a: Landorus\n|-damage|p2a: Landorus|0 fnt\n|faint|p2a: Landorus\n|\n|-weather|RainDance|[upkeep]\n|-fieldend|move: Grassy Terrain\n|upkeep\n|\n|t:|1632983234\n|switch|p2a: Venusaur|Venusaur, F|100\/100\n|turn|11\n|\n|t:|1632983243\n|switch|p1a: Ferrothorn|Ferrothorn, M|100\/100\n|-damage|p1a: Ferrothorn|95\/100|[from] Stealth Rock\n|switch|p2a: Torkoal|Torkoal, M|84\/100\n|-weather|SunnyDay|[from] ability: Drought|[of] p2a: Torkoal\n|\n|-weather|SunnyDay|[upkeep]\n|upkeep\n|turn|12\n|\n|t:|1632983259\n|switch|p1a: Tyranitar|Tyranitar, M|100\/100\n|-damage|p1a: Tyranitar|88\/100|[from] Stealth Rock\n|-weather|Sandstorm|[from] ability: Sand Stream|[of] p1a: Tyranitar\n|move|p2a: Torkoal|Lava Plume|p1a: Tyranitar\n|-resisted|p1a: Tyranitar\n|-damage|p1a: Tyranitar|83\/100\n|-status|p1a: Tyranitar|brn\n|\n|-weather|Sandstorm|[upkeep]\n|-damage|p2a: Torkoal|78\/100|[from] Sandstorm\n|-damage|p1a: Tyranitar|77\/100 brn|[from] brn\n|upkeep\n|turn|13\n|\n|t:|1632983279\n|switch|p1a: Pelipper|Pelipper, M|61\/100\n|-damage|p1a: Pelipper|36\/100|[from] Stealth Rock\n|-weather|RainDance|[from] ability: Drizzle|[of] p1a: Pelipper\n|move|p2a: Torkoal|Body Press|p1a: Pelipper\n|-resisted|p1a: Pelipper\n|-crit|p1a: Pelipper\n|-damage|p1a: Pelipper|3\/100\n|\n|-weather|RainDance|[upkeep]\n|upkeep\n|turn|14\n|\n|t:|1632983288\n|switch|p2a: Weavile|Weavile, F|100\/100\n|-ability|p2a: Weavile|Pressure\n|move|p1a: Pelipper|Defog|p2a: Weavile\n|-unboost|p2a: Weavile|evasion|1\n|-sideend|p1: Vodyne|Stealth Rock|[from] move: Defog|[of] p1a: Pelipper\n|\n|-weather|RainDance|[upkeep]\n|upkeep\n|turn|15\n|\n|t:|1632983302\n|switch|p1a: Ferrothorn|Ferrothorn, M|95\/100\n|move|p2a: Weavile|Low Kick|p1a: Ferrothorn\n|-supereffective|p1a: Ferrothorn\n|-damage|p1a: Ferrothorn|41\/100\n|-damage|p2a: Weavile|88\/100|[from] ability: Iron Barbs|[of] p1a: Ferrothorn\n|\n|-weather|RainDance|[upkeep]\n|upkeep\n|turn|16\n|\n|t:|1632983319\n|move|p2a: Weavile|Triple Axel|p1a: Ferrothorn\n|-damage|p1a: Ferrothorn|34\/100\n|-damage|p2a: Weavile|76\/100|[from] ability: Iron Barbs|[of] p1a: Ferrothorn\n|-damage|p1a: Ferrothorn|20\/100\n|-damage|p2a: Weavile|63\/100|[from] ability: Iron Barbs|[of] p1a: Ferrothorn\n|-damage|p1a: Ferrothorn|0 fnt\n|-damage|p2a: Weavile|51\/100|[from] ability: Iron Barbs|[of] p1a: Ferrothorn\n|faint|p1a: Ferrothorn\n|-hitcount|p1: Ferrothorn|3\n|\n|-weather|RainDance|[upkeep]\n|upkeep\n|\n|t:|1632983327\n|switch|p1a: Seismitoad|Seismitoad, M|100\/100\n|turn|17\n|\n|t:|1632983344\n|switch|p2a: Terrakion|Terrakion|100\/100\n|move|p1a: Seismitoad|Earthquake|p2a: Terrakion\n|-supereffective|p2a: Terrakion\n|-damage|p2a: Terrakion|0 fnt\n|faint|p2a: Terrakion\n|\n|-weather|none\n|upkeep\n|\n|t:|1632983383\n|switch|p2a: Torkoal|Torkoal, M|78\/100\n|-weather|SunnyDay|[from] ability: Drought|[of] p2a: Torkoal\n|turn|18\n|\n|t:|1632983414\n|move|p1a: Seismitoad|Earthquake|p2a: Torkoal\n|-supereffective|p2a: Torkoal\n|-damage|p2a: Torkoal|5\/100\n|move|p2a: Torkoal|Stealth Rock|p1a: Seismitoad\n|-sidestart|p1: Vodyne|move: Stealth Rock\n|\n|-weather|SunnyDay|[upkeep]\n|upkeep\n|turn|19\n|\n|t:|1632983423\n|switch|p2a: Weavile|Weavile, F|51\/100\n|-ability|p2a: Weavile|Pressure\n|move|p1a: Seismitoad|Earthquake|p2a: Weavile\n|-damage|p2a: Weavile|0 fnt\n|faint|p2a: Weavile\n|\n|-weather|SunnyDay|[upkeep]\n|upkeep\n|\n|t:|1632983425\n|switch|p2a: Venusaur|Venusaur, F|100\/100\n|turn|20\n|\n|t:|1632983433\n|move|p2a: Venusaur|Giga Drain|p1a: Seismitoad\n|-supereffective|p1a: Seismitoad\n|-crit|p1a: Seismitoad\n|-damage|p1a: Seismitoad|0 fnt\n|faint|p1a: Seismitoad\n|-damage|p2a: Venusaur|91\/100|[from] item: Life Orb\n|\n|-weather|SunnyDay|[upkeep]\n|upkeep\n|\n|t:|1632983443\n|switch|p1a: Tyranitar|Tyranitar, M|77\/100 brn\n|-damage|p1a: Tyranitar|65\/100 brn|[from] Stealth Rock\n|-weather|Sandstorm|[from] ability: Sand Stream|[of] p1a: Tyranitar\n|turn|21\n|\n|t:|1632983453\n|switch|p1a: Pelipper|Pelipper, M|3\/100\n|-damage|p1a: Pelipper|0 fnt|[from] Stealth Rock\n|faint|p1a: Pelipper\n|move|p2a: Venusaur|Growth|p2a: Venusaur\n|-boost|p2a: Venusaur|atk|1\n|-boost|p2a: Venusaur|spa|1\n|\n|-weather|Sandstorm|[upkeep]\n|-damage|p2a: Venusaur|85\/100|[from] Sandstorm\n|upkeep\n|\n|t:|1632983483\n|switch|p1a: Tapu Bulu|Tapu Bulu|70\/100\n|-damage|p1a: Tapu Bulu|57\/100|[from] Stealth Rock\n|-fieldstart|move: Grassy Terrain|[from] ability: Grassy Surge|[of] p1a: Tapu Bulu\n|turn|22\n|\n|t:|1632983496\n|move|p2a: Venusaur|Weather Ball|p1a: Tapu Bulu\n|-damage|p1a: Tapu Bulu|0 fnt\n|faint|p1a: Tapu Bulu\n|-damage|p2a: Venusaur|75\/100|[from] item: Life Orb\n|\n|-weather|Sandstorm|[upkeep]\n|-damage|p2a: Venusaur|69\/100|[from] Sandstorm\n|-heal|p2a: Venusaur|75\/100|[from] Grassy Terrain\n|upkeep\n|\n|t:|1632983506\n|switch|p1a: Diancie|Diancie|100\/100\n|-damage|p1a: Diancie|88\/100|[from] Stealth Rock\n|turn|23\n|\n|t:|1632983514\n|move|p2a: Venusaur|Giga Drain|p1a: Diancie\n|-supereffective|p1a: Diancie\n|-damage|p1a: Diancie|23\/100\n|-heal|p2a: Venusaur|100\/100|[from] drain|[of] p1a: Diancie\n|-damage|p2a: Venusaur|91\/100|[from] item: Life Orb\n|move|p1a: Diancie|Diamond Storm|p2a: Venusaur\n|-damage|p2a: Venusaur|28\/100\n|\n|-weather|Sandstorm|[upkeep]\n|-damage|p2a: Venusaur|22\/100|[from] Sandstorm\n|-heal|p2a: Venusaur|28\/100|[from] Grassy Terrain\n|-heal|p1a: Diancie|29\/100|[from] Grassy Terrain\n|upkeep\n|turn|24\n|\n|t:|1632983526\n|move|p2a: Venusaur|Giga Drain|p1a: Diancie\n|-supereffective|p1a: Diancie\n|-damage|p1a: Diancie|0 fnt\n|-heal|p2a: Venusaur|43\/100|[from] drain|[of] p1a: Diancie\n|faint|p1a: Diancie\n|-damage|p2a: Venusaur|33\/100|[from] item: Life Orb\n|\n|-weather|Sandstorm|[upkeep]\n|-damage|p2a: Venusaur|27\/100|[from] Sandstorm\n|-heal|p2a: Venusaur|33\/100|[from] Grassy Terrain\n|upkeep\n|\n|t:|1632983528\n|switch|p1a: Tyranitar|Tyranitar, M|65\/100 brn\n|-damage|p1a: Tyranitar|53\/100 brn|[from] Stealth Rock\n|turn|25\n|\n|t:|1632983532\n|move|p2a: Venusaur|Giga Drain|p1a: Tyranitar\n|-supereffective|p1a: Tyranitar\n|-damage|p1a: Tyranitar|0 fnt\n|-heal|p2a: Venusaur|63\/100|[from] drain|[of] p1a: Tyranitar\n|faint|p1a: Tyranitar\n|-damage|p2a: Venusaur|53\/100|[from] item: Life Orb\n|\n|win|SirSkit\n|c|\u2606Vodyne|damn gg\n|c|\u2606SirSkit|gg\n","uploadtime":1632983541,"views":35,"p1id":"vodyne","p2id":"sirskit","formatid":"gen8ou","rating":0,"private":0,"password":null}