{"id":"gen8ou-1571818934","p1":"reionatro","p2":"wsho","format":"gen8ou","log":"|j|\u2606reionatro\n|j|\u2606wsho\n|t:|1652199898\n|gametype|singles\n|player|p1|reionatro|whitney|1321\n|player|p2|wsho|2|1321\n|teamsize|p1|6\n|teamsize|p2|6\n|gen|8\n|tier|[Gen 8] OU\n|rated|\n|rule|Sleep Clause Mod: Limit one foe put to sleep\n|rule|Species Clause: Limit one of each Pok\u00e9mon\n|rule|OHKO Clause: OHKO moves are banned\n|rule|Evasion Moves Clause: Evasion moves are banned\n|rule|Endless Battle Clause: Forcing endless battles is banned\n|rule|HP Percentage Mod: HP is shown in percentages\n|rule|Dynamax Clause: You cannot dynamax\n|clearpoke\n|poke|p1|Tapu Koko|\n|poke|p1|Urshifu-*, M|\n|poke|p1|Slowking-Galar, F|\n|poke|p1|Corviknight, M|\n|poke|p1|Landorus-Therian, M|\n|poke|p1|Weavile, M|\n|poke|p2|Hippowdon, M|\n|poke|p2|Excadrill, M|\n|poke|p2|Tornadus-Therian, M|\n|poke|p2|Scizor, M|\n|poke|p2|Corviknight, M|\n|poke|p2|Kartana|\n|teampreview\n|c|\u2606reionatro|hf\n|inactive|Battle timer is ON: inactive players will automatically lose when time's up. (requested by wsho)\n|\n|t:|1652199915\n|start\n|switch|p1a: Urshifu|Urshifu-Rapid-Strike, M|100\/100\n|switch|p2a: Scizor|Scizor, M|100\/100\n|turn|1\n|\n|t:|1652199932\n|switch|p1a: Corviknight|Corviknight, M|100\/100\n|-ability|p1a: Corviknight|Pressure\n|move|p2a: Scizor|Superpower|p1a: Corviknight\n|-damage|p1a: Corviknight|74\/100\n|-unboost|p2a: Scizor|atk|1\n|-unboost|p2a: Scizor|def|1\n|-damage|p2a: Scizor|84\/100|[from] item: Rocky Helmet|[of] p1a: Corviknight\n|\n|upkeep\n|turn|2\n|\n|t:|1652199941\n|switch|p2a: Tornadus|Tornadus-Therian, M|100\/100\n|move|p1a: Corviknight|Roost|p1a: Corviknight\n|-heal|p1a: Corviknight|100\/100\n|-singleturn|p1a: Corviknight|move: Roost\n|\n|upkeep\n|turn|3\n|inactive|reionatro has 120 seconds left.\n|\n|t:|1652199987\n|switch|p1a: Slowking|Slowking-Galar, F|100\/100\n|move|p2a: Tornadus|Heat Wave|p1a: Slowking\n|-damage|p1a: Slowking|91\/100\n|\n|upkeep\n|turn|4\n|\n|t:|1652199995\n|move|p2a: Tornadus|Knock Off|p1a: Slowking\n|-supereffective|p1a: Slowking\n|-damage|p1a: Slowking|36\/100\n|-enditem|p1a: Slowking|Assault Vest|[from] move: Knock Off|[of] p2a: Tornadus\n|move|p1a: Slowking|Future Sight|p2a: Tornadus\n|-start|p1a: Slowking|move: Future Sight\n|\n|upkeep\n|turn|5\n|inactive|reionatro has 120 seconds left.\n|\n|t:|1652200003\n|switch|p1a: Corviknight|Corviknight, M|100\/100\n|-ability|p1a: Corviknight|Pressure\n|move|p2a: Tornadus|Knock Off|p1a: Corviknight\n|-damage|p1a: Corviknight|82\/100\n|-damage|p2a: Tornadus|84\/100|[from] item: Rocky Helmet|[of] p1a: Corviknight\n|-enditem|p1a: Corviknight|Rocky Helmet|[from] move: Knock Off|[of] p2a: Tornadus\n|\n|upkeep\n|turn|6\n|\n|t:|1652200011\n|switch|p1a: Slowking|Slowking-Galar, F|69\/100\n|move|p2a: Tornadus|Heat Wave|p1a: Slowking|[miss]\n|-miss|p2a: Tornadus|p1a: Slowking\n|\n|-end|p2a: Tornadus|move: Future Sight\n|-damage|p2a: Tornadus|23\/100\n|upkeep\n|turn|7\n|\n|t:|1652200023\n|move|p2a: Tornadus|U-turn|p1a: Slowking\n|-damage|p1a: Slowking|50\/100\n|\n|t:|1652200031\n|switch|p2a: Hippowdon|Hippowdon, M|100\/100|[from]move: U-turn\n|-weather|Sandstorm|[from] ability: Sand Stream|[of] p2a: Hippowdon\n|move|p1a: Slowking|Flamethrower|p2a: Hippowdon\n|-damage|p2a: Hippowdon|74\/100\n|\n|-weather|Sandstorm|[upkeep]\n|-damage|p1a: Slowking|44\/100|[from] Sandstorm\n|upkeep\n|turn|8\n|\n|t:|1652200045\n|switch|p1a: Landorus|Landorus-Therian, M|100\/100\n|-ability|p1a: Landorus|Intimidate|boost\n|-unboost|p2a: Hippowdon|atk|1\n|move|p2a: Hippowdon|Stealth Rock|p1a: Landorus\n|-sidestart|p1: reionatro|move: Stealth Rock\n|\n|-weather|Sandstorm|[upkeep]\n|upkeep\n|turn|9\n|\n|t:|1652200050\n|move|p1a: Landorus|Stealth Rock|p2a: Hippowdon\n|-sidestart|p2: wsho|move: Stealth Rock\n|move|p2a: Hippowdon|Slack Off|p2a: Hippowdon\n|-heal|p2a: Hippowdon|100\/100\n|\n|-weather|Sandstorm|[upkeep]\n|upkeep\n|turn|10\n|\n|t:|1652200056\n|move|p1a: Landorus|Earthquake|p2a: Hippowdon\n|-damage|p2a: Hippowdon|76\/100\n|move|p2a: Hippowdon|Yawn|p1a: Landorus\n|-start|p1a: Landorus|move: Yawn|[of] p2a: Hippowdon\n|\n|-weather|Sandstorm|[upkeep]\n|upkeep\n|turn|11\n|\n|t:|1652200071\n|switch|p1a: Corviknight|Corviknight, M|82\/100\n|-damage|p1a: Corviknight|70\/100|[from] Stealth Rock\n|-ability|p1a: Corviknight|Pressure\n|move|p2a: Hippowdon|Yawn|p1a: Corviknight\n|-start|p1a: Corviknight|move: Yawn|[of] p2a: Hippowdon\n|\n|-weather|Sandstorm|[upkeep]\n|upkeep\n|turn|12\n|c|\u2606wsho|hf\n|inactive|reionatro has 120 seconds left.\n|inactive|reionatro has 90 seconds left.\n|\n|t:|1652200139\n|switch|p1a: Tapu Koko|Tapu Koko|100\/100\n|-fieldstart|move: Electric Terrain|[from] ability: Electric Surge|[of] p1a: Tapu Koko\n|move|p2a: Hippowdon|Yawn|p1a: Tapu Koko\n|-activate|p1a: Tapu Koko|move: Electric Terrain\n|\n|-weather|Sandstorm|[upkeep]\n|-damage|p1a: Tapu Koko|94\/100|[from] Sandstorm\n|upkeep\n|turn|13\n|\n|t:|1652200155\n|switch|p1a: Corviknight|Corviknight, M|70\/100\n|-damage|p1a: Corviknight|57\/100|[from] Stealth Rock\n|-ability|p1a: Corviknight|Pressure\n|switch|p2a: Corviknight|Corviknight, M|100\/100\n|-damage|p2a: Corviknight|88\/100|[from] Stealth Rock\n|\n|-weather|Sandstorm|[upkeep]\n|upkeep\n|turn|14\n|inactive|reionatro has 90 seconds left.\n|\n|t:|1652200183\n|move|p2a: Corviknight|U-turn|p1a: Corviknight\n|-resisted|p1a: Corviknight\n|-damage|p1a: Corviknight|55\/100\n|\n|t:|1652200187\n|switch|p2a: Tornadus|Tornadus-Therian, M|56\/100|[from]move: U-turn\n|-damage|p2a: Tornadus|31\/100|[from] Stealth Rock\n|move|p1a: Corviknight|Roost|p1a: Corviknight\n|-heal|p1a: Corviknight|100\/100\n|-singleturn|p1a: Corviknight|move: Roost\n|\n|-weather|none\n|upkeep\n|turn|15\n|\n|t:|1652200203\n|switch|p1a: Slowking|Slowking-Galar, F|77\/100\n|-damage|p1a: Slowking|65\/100|[from] Stealth Rock\n|move|p2a: Tornadus|Heat Wave|p1a: Slowking\n|-damage|p1a: Slowking|51\/100\n|\n|upkeep\n|turn|16\n|\n|t:|1652200225\n|move|p2a: Tornadus|U-turn|p1a: Slowking\n|-damage|p1a: Slowking|29\/100\n|\n|t:|1652200241\n|switch|p2a: Scizor|Scizor, M|84\/100|[from]move: U-turn\n|-damage|p2a: Scizor|72\/100|[from] Stealth Rock\n|move|p1a: Slowking|Sludge Bomb|p2a: Scizor\n|-immune|p2a: Scizor\n|\n|-fieldend|move: Electric Terrain\n|upkeep\n|turn|17\n|\n|t:|1652200252\n|switch|p1a: Corviknight|Corviknight, M|100\/100\n|-damage|p1a: Corviknight|88\/100|[from] Stealth Rock\n|-ability|p1a: Corviknight|Pressure\n|move|p2a: Scizor|Knock Off|p1a: Corviknight\n|-damage|p1a: Corviknight|74\/100\n|\n|upkeep\n|turn|18\n|\n|t:|1652200261\n|switch|p2a: Corviknight|Corviknight, M|88\/100\n|-damage|p2a: Corviknight|75\/100|[from] Stealth Rock\n|move|p1a: Corviknight|Body Press|p2a: Corviknight\n|-damage|p2a: Corviknight|56\/100\n|-damage|p1a: Corviknight|57\/100|[from] item: Rocky Helmet|[of] p2a: Corviknight\n|\n|upkeep\n|turn|19\n|inactive|reionatro has 90 seconds left.\n|\n|t:|1652200281\n|switch|p1a: Slowking|Slowking-Galar, F|62\/100\n|-damage|p1a: Slowking|50\/100|[from] Stealth Rock\n|move|p2a: Corviknight|Tailwind|p2a: Corviknight\n|-sidestart|p2: wsho|move: Tailwind\n|\n|upkeep\n|turn|20\n|\n|t:|1652200291\n|move|p2a: Corviknight|U-turn|p1a: Slowking\n|-damage|p1a: Slowking|36\/100\n|\n|t:|1652200298\n|switch|p2a: Hippowdon|Hippowdon, M|76\/100|[from]move: U-turn\n|-damage|p2a: Hippowdon|70\/100|[from] Stealth Rock\n|-weather|Sandstorm|[from] ability: Sand Stream|[of] p2a: Hippowdon\n|move|p1a: Slowking|Flamethrower|p2a: Hippowdon\n|-damage|p2a: Hippowdon|44\/100\n|\n|-weather|Sandstorm|[upkeep]\n|-damage|p1a: Slowking|30\/100|[from] Sandstorm\n|upkeep\n|turn|21\n|inactive|reionatro has 90 seconds left.\n|\n|t:|1652200317\n|switch|p1a: Landorus|Landorus-Therian, M|100\/100\n|-damage|p1a: Landorus|88\/100|[from] Stealth Rock\n|-ability|p1a: Landorus|Intimidate|boost\n|-unboost|p2a: Hippowdon|atk|1\n|move|p2a: Hippowdon|Yawn|p1a: Landorus\n|-start|p1a: Landorus|move: Yawn|[of] p2a: Hippowdon\n|\n|-weather|Sandstorm|[upkeep]\n|-heal|p1a: Landorus|94\/100|[from] item: Leftovers\n|upkeep\n|turn|22\n|\n|t:|1652200327\n|switch|p1a: Tapu Koko|Tapu Koko|94\/100\n|-fieldstart|move: Electric Terrain|[from] ability: Electric Surge|[of] p1a: Tapu Koko\n|move|p2a: Hippowdon|Earthquake|p1a: Tapu Koko\n|-supereffective|p1a: Tapu Koko\n|-damage|p1a: Tapu Koko|19\/100\n|\n|-weather|Sandstorm|[upkeep]\n|-damage|p1a: Tapu Koko|13\/100|[from] Sandstorm\n|-sideend|p2: wsho|move: Tailwind\n|upkeep\n|turn|23\n|inactive|reionatro has 90 seconds left.\n|\n|t:|1652200353\n|switch|p1a: Corviknight|Corviknight, M|57\/100\n|-damage|p1a: Corviknight|45\/100|[from] Stealth Rock\n|-ability|p1a: Corviknight|Pressure\n|move|p2a: Hippowdon|Slack Off|p2a: Hippowdon\n|-heal|p2a: Hippowdon|94\/100\n|\n|-weather|Sandstorm|[upkeep]\n|upkeep\n|turn|24\n|\n|t:|1652200360\n|move|p1a: Corviknight|Roost|p1a: Corviknight\n|-heal|p1a: Corviknight|95\/100\n|-singleturn|p1a: Corviknight|move: Roost\n|move|p2a: Hippowdon|Yawn|p1a: Corviknight\n|-activate|p1a: Corviknight|move: Electric Terrain\n|\n|-weather|Sandstorm|[upkeep]\n|upkeep\n|turn|25\n|\n|t:|1652200366\n|move|p1a: Corviknight|Defog|p2a: Hippowdon\n|-unboost|p2a: Hippowdon|evasion|1\n|-sideend|p2: wsho|Stealth Rock|[from] move: Defog|[of] p1a: Corviknight\n|-sideend|p1: reionatro|Stealth Rock|[from] move: Defog|[of] p1a: Corviknight\n|-fieldend|move: Electric Terrain\n|move|p2a: Hippowdon|Stealth Rock|p1a: Corviknight\n|-sidestart|p1: reionatro|move: Stealth Rock\n|\n|-weather|Sandstorm|[upkeep]\n|upkeep\n|turn|26\n|\n|t:|1652200372\n|move|p1a: Corviknight|Defog|p2a: Hippowdon\n|-unboost|p2a: Hippowdon|evasion|1\n|-sideend|p1: reionatro|Stealth Rock|[from] move: Defog|[of] p1a: Corviknight\n|move|p2a: Hippowdon|Yawn|p1a: Corviknight\n|-start|p1a: Corviknight|move: Yawn|[of] p2a: Hippowdon\n|\n|-weather|Sandstorm|[upkeep]\n|upkeep\n|turn|27\n|\n|t:|1652200379\n|switch|p1a: Landorus|Landorus-Therian, M|94\/100\n|-ability|p1a: Landorus|Intimidate|boost\n|-unboost|p2a: Hippowdon|atk|1\n|move|p2a: Hippowdon|Yawn|p1a: Landorus\n|-start|p1a: Landorus|move: Yawn|[of] p2a: Hippowdon\n|\n|-weather|none\n|-heal|p1a: Landorus|99\/100|[from] item: Leftovers\n|upkeep\n|turn|28\n|\n|t:|1652200387\n|switch|p1a: Corviknight|Corviknight, M|95\/100\n|-ability|p1a: Corviknight|Pressure\n|move|p2a: Hippowdon|Stealth Rock|p1a: Corviknight\n|-sidestart|p1: reionatro|move: Stealth Rock\n|\n|upkeep\n|turn|29\n|\n|t:|1652200394\n|move|p1a: Corviknight|Defog|p2a: Hippowdon\n|-unboost|p2a: Hippowdon|evasion|1\n|-sideend|p1: reionatro|Stealth Rock|[from] move: Defog|[of] p1a: Corviknight\n|move|p2a: Hippowdon|Yawn|p1a: Corviknight\n|-start|p1a: Corviknight|move: Yawn|[of] p2a: Hippowdon\n|\n|upkeep\n|turn|30\n|\n|t:|1652200398\n|switch|p1a: Landorus|Landorus-Therian, M|99\/100\n|-ability|p1a: Landorus|Intimidate|boost\n|-unboost|p2a: Hippowdon|atk|1\n|move|p2a: Hippowdon|Yawn|p1a: Landorus\n|-start|p1a: Landorus|move: Yawn|[of] p2a: Hippowdon\n|\n|-heal|p1a: Landorus|100\/100|[from] item: Leftovers\n|upkeep\n|turn|31\n|\n|t:|1652200405\n|switch|p1a: Corviknight|Corviknight, M|95\/100\n|-ability|p1a: Corviknight|Pressure\n|move|p2a: Hippowdon|Stealth Rock|p1a: Corviknight\n|-sidestart|p1: reionatro|move: Stealth Rock\n|\n|upkeep\n|turn|32\n|\n|t:|1652200410\n|move|p1a: Corviknight|Defog|p2a: Hippowdon\n|-unboost|p2a: Hippowdon|evasion|1\n|-sideend|p1: reionatro|Stealth Rock|[from] move: Defog|[of] p1a: Corviknight\n|move|p2a: Hippowdon|Stealth Rock|p1a: Corviknight\n|-sidestart|p1: reionatro|move: Stealth Rock\n|\n|upkeep\n|turn|33\n|\n|t:|1652200413\n|switch|p1a: Landorus|Landorus-Therian, M|100\/100\n|-damage|p1a: Landorus|88\/100|[from] Stealth Rock\n|-ability|p1a: Landorus|Intimidate|boost\n|-unboost|p2a: Hippowdon|atk|1\n|move|p2a: Hippowdon|Yawn|p1a: Landorus\n|-start|p1a: Landorus|move: Yawn|[of] p2a: Hippowdon\n|\n|-heal|p1a: Landorus|94\/100|[from] item: Leftovers\n|upkeep\n|turn|34\n|\n|t:|1652200420\n|switch|p1a: Corviknight|Corviknight, M|95\/100\n|-damage|p1a: Corviknight|82\/100|[from] Stealth Rock\n|-ability|p1a: Corviknight|Pressure\n|move|p2a: Hippowdon|Yawn|p1a: Corviknight\n|-start|p1a: Corviknight|move: Yawn|[of] p2a: Hippowdon\n|\n|upkeep\n|turn|35\n|c|\u2606wsho|haha\n|c|\u2606reionatro|pp stall\n|\n|t:|1652200434\n|switch|p1a: Landorus|Landorus-Therian, M|94\/100\n|-damage|p1a: Landorus|82\/100|[from] Stealth Rock\n|-ability|p1a: Landorus|Intimidate|boost\n|-unboost|p2a: Hippowdon|atk|1\n|switch|p2a: Tornadus|Tornadus-Therian, M|64\/100\n|\n|-heal|p1a: Landorus|88\/100|[from] item: Leftovers\n|upkeep\n|turn|36\n|c|\u2606wsho|lol\n|inactive|reionatro has 120 seconds left.\n|\n|t:|1652200470\n|switch|p2a: Scizor|Scizor, M|72\/100\n|switch|p1a: Slowking|Slowking-Galar, F|63\/100\n|-damage|p1a: Slowking|51\/100|[from] Stealth Rock\n|\n|upkeep\n|turn|37\n|inactive|reionatro has 120 seconds left.\n|\n|t:|1652200477\n|switch|p1a: Corviknight|Corviknight, M|82\/100\n|-damage|p1a: Corviknight|70\/100|[from] Stealth Rock\n|-ability|p1a: Corviknight|Pressure\n|move|p2a: Scizor|Knock Off|p1a: Corviknight\n|-damage|p1a: Corviknight|56\/100\n|\n|upkeep\n|turn|38\n|\n|t:|1652200484\n|switch|p2a: Tornadus|Tornadus-Therian, M|97\/100\n|move|p1a: Corviknight|Roost|p1a: Corviknight\n|-heal|p1a: Corviknight|100\/100\n|-singleturn|p1a: Corviknight|move: Roost\n|\n|upkeep\n|turn|39\n|\n|t:|1652200488\n|switch|p1a: Slowking|Slowking-Galar, F|84\/100\n|-damage|p1a: Slowking|72\/100|[from] Stealth Rock\n|move|p2a: Tornadus|Heat Wave|p1a: Slowking|[miss]\n|-miss|p2a: Tornadus|p1a: Slowking\n|\n|upkeep\n|turn|40\n|\n|t:|1652200493\n|move|p2a: Tornadus|Knock Off|p1a: Slowking\n|-supereffective|p1a: Slowking\n|-crit|p1a: Slowking\n|-damage|p1a: Slowking|12\/100\n|move|p1a: Slowking|Flamethrower|p2a: Tornadus\n|-damage|p2a: Tornadus|66\/100\n|\n|upkeep\n|turn|41\n|\n|t:|1652200508\n|switch|p1a: Corviknight|Corviknight, M|100\/100\n|-damage|p1a: Corviknight|88\/100|[from] Stealth Rock\n|-ability|p1a: Corviknight|Pressure\n|move|p2a: Tornadus|U-turn|p1a: Corviknight\n|-resisted|p1a: Corviknight\n|-damage|p1a: Corviknight|85\/100\n|\n|t:|1652200513\n|switch|p2a: Hippowdon|Hippowdon, M|94\/100|[from]move: U-turn\n|-weather|Sandstorm|[from] ability: Sand Stream|[of] p2a: Hippowdon\n|\n|-weather|Sandstorm|[upkeep]\n|upkeep\n|turn|42\n|\n|t:|1652200521\n|switch|p2a: Tornadus|Tornadus-Therian, M|99\/100\n|move|p1a: Corviknight|Defog|p2a: Tornadus\n|-unboost|p2a: Tornadus|evasion|1\n|-sideend|p1: reionatro|Stealth Rock|[from] move: Defog|[of] p1a: Corviknight\n|\n|-weather|Sandstorm|[upkeep]\n|-damage|p2a: Tornadus|93\/100|[from] Sandstorm\n|upkeep\n|turn|43\n|\n|t:|1652200537\n|switch|p1a: Landorus|Landorus-Therian, M|88\/100\n|-ability|p1a: Landorus|Intimidate|boost\n|-unboost|p2a: Tornadus|atk|1\n|move|p2a: Tornadus|Knock Off|p1a: Landorus\n|-damage|p1a: Landorus|71\/100\n|-enditem|p1a: Landorus|Leftovers|[from] move: Knock Off|[of] p2a: Tornadus\n|\n|-weather|Sandstorm|[upkeep]\n|-damage|p2a: Tornadus|87\/100|[from] Sandstorm\n|upkeep\n|turn|44\n|\n|t:|1652200548\n|switch|p2a: Scizor|Scizor, M|72\/100\n|move|p1a: Landorus|U-turn|p2a: Scizor\n|-resisted|p2a: Scizor\n|-damage|p2a: Scizor|57\/100\n|\n|t:|1652200551\n|switch|p1a: Corviknight|Corviknight, M|85\/100|[from]move: U-turn\n|-ability|p1a: Corviknight|Pressure\n|\n|-weather|Sandstorm|[upkeep]\n|upkeep\n|turn|45\n|\n|t:|1652200557\n|move|p2a: Scizor|U-turn|p1a: Corviknight\n|-resisted|p1a: Corviknight\n|-damage|p1a: Corviknight|79\/100\n|\n|t:|1652200561\n|switch|p2a: Tornadus|Tornadus-Therian, M|100\/100|[from]move: U-turn\n|move|p1a: Corviknight|Body Press|p2a: Tornadus\n|-resisted|p2a: Tornadus\n|-crit|p2a: Tornadus\n|-damage|p2a: Tornadus|80\/100\n|-damage|p1a: Corviknight|62\/100|[from] item: Rocky Helmet|[of] p2a: Tornadus\n|\n|-weather|Sandstorm|[upkeep]\n|-damage|p2a: Tornadus|74\/100|[from] Sandstorm\n|upkeep\n|turn|46\n|\n|t:|1652200572\n|switch|p1a: Landorus|Landorus-Therian, M|71\/100\n|-ability|p1a: Landorus|Intimidate|boost\n|-unboost|p2a: Tornadus|atk|1\n|move|p2a: Tornadus|Heat Wave|p1a: Landorus\n|-damage|p1a: Landorus|53\/100\n|\n|-weather|Sandstorm|[upkeep]\n|-damage|p2a: Tornadus|68\/100|[from] Sandstorm\n|upkeep\n|turn|47\n|\n|t:|1652200580\n|move|p2a: Tornadus|Heat Wave|p1a: Landorus\n|-damage|p1a: Landorus|34\/100\n|-status|p1a: Landorus|brn\n|move|p1a: Landorus|U-turn|p2a: Tornadus\n|-resisted|p2a: Tornadus\n|-damage|p2a: Tornadus|63\/100\n|-damage|p1a: Landorus|18\/100 brn|[from] item: Rocky Helmet|[of] p2a: Tornadus\n|c|\u2606wsho|hf\n|c|\u2606wsho|lol\n|\n|t:|1652200603\n|switch|p1a: Weavile|Weavile, M|100\/100|[from]move: U-turn\n|-ability|p1a: Weavile|Pressure\n|\n|-weather|Sandstorm|[upkeep]\n|-damage|p1a: Weavile|94\/100|[from] Sandstorm\n|-damage|p2a: Tornadus|57\/100|[from] Sandstorm\n|upkeep\n|turn|48\n|\n|t:|1652200609\n|switch|p2a: Corviknight|Corviknight, M|56\/100\n|move|p1a: Weavile|Triple Axel|p2a: Corviknight|[miss]\n|-miss|p1a: Weavile|p2a: Corviknight\n|\n|-weather|none\n|upkeep\n|turn|49\n|\n|t:|1652200637\n|switch|p1a: Slowking|Slowking-Galar, F|45\/100\n|move|p2a: Corviknight|U-turn|p1a: Slowking\n|-damage|p1a: Slowking|30\/100\n|\n|t:|1652200643\n|switch|p2a: Kartana|Kartana|100\/100|[from]move: U-turn\n|\n|upkeep\n|turn|50\n|\n|t:|1652200649\n|switch|p1a: Corviknight|Corviknight, M|62\/100\n|-ability|p1a: Corviknight|Pressure\n|move|p2a: Kartana|Knock Off|p1a: Corviknight\n|-damage|p1a: Corviknight|41\/100\n|-damage|p2a: Kartana|90\/100|[from] item: Life Orb\n|\n|upkeep\n|turn|51\n|\n|t:|1652200663\n|switch|p2a: Hippowdon|Hippowdon, M|94\/100\n|-weather|Sandstorm|[from] ability: Sand Stream|[of] p2a: Hippowdon\n|move|p1a: Corviknight|Roost|p1a: Corviknight\n|-heal|p1a: Corviknight|91\/100\n|-singleturn|p1a: Corviknight|move: Roost\n|\n|-weather|Sandstorm|[upkeep]\n|upkeep\n|turn|52\n|\n|t:|1652200690\n|move|p1a: Corviknight|Defog|p2a: Hippowdon\n|-unboost|p2a: Hippowdon|evasion|1\n|move|p2a: Hippowdon|Stealth Rock|p1a: Corviknight\n|-sidestart|p1: reionatro|move: Stealth Rock\n|\n|-weather|Sandstorm|[upkeep]\n|upkeep\n|turn|53\n|\n|t:|1652200696\n|switch|p2a: Corviknight|Corviknight, M|56\/100\n|move|p1a: Corviknight|Defog|p2a: Corviknight\n|-ability|p2a: Corviknight|Mirror Armor\n|-unboost|p1a: Corviknight|evasion|1\n|-sideend|p1: reionatro|Stealth Rock|[from] move: Defog|[of] p1a: Corviknight\n|\n|-weather|Sandstorm|[upkeep]\n|upkeep\n|turn|54\n|\n|t:|1652200701\n|switch|p1a: Slowking|Slowking-Galar, F|64\/100\n|move|p2a: Corviknight|U-turn|p1a: Slowking\n|-damage|p1a: Slowking|49\/100\n|\n|t:|1652200709\n|switch|p2a: Scizor|Scizor, M|57\/100|[from]move: U-turn\n|\n|-weather|Sandstorm|[upkeep]\n|-damage|p1a: Slowking|43\/100|[from] Sandstorm\n|upkeep\n|turn|55\n|\n|t:|1652200738\n|switch|p1a: Corviknight|Corviknight, M|91\/100\n|-ability|p1a: Corviknight|Pressure\n|move|p2a: Scizor|Knock Off|p1a: Corviknight\n|-damage|p1a: Corviknight|75\/100\n|\n|-weather|Sandstorm|[upkeep]\n|upkeep\n|turn|56\n|\n|t:|1652200749\n|switch|p2a: Tornadus|Tornadus-Therian, M|90\/100\n|move|p1a: Corviknight|Roost|p1a: Corviknight\n|-heal|p1a: Corviknight|100\/100\n|-singleturn|p1a: Corviknight|move: Roost\n|\n|-weather|Sandstorm|[upkeep]\n|-damage|p2a: Tornadus|84\/100|[from] Sandstorm\n|upkeep\n|turn|57\n|\n|t:|1652200762\n|switch|p1a: Slowking|Slowking-Galar, F|76\/100\n|move|p2a: Tornadus|Knock Off|p1a: Slowking\n|-supereffective|p1a: Slowking\n|-damage|p1a: Slowking|39\/100\n|\n|-weather|Sandstorm|[upkeep]\n|-damage|p2a: Tornadus|78\/100|[from] Sandstorm\n|-damage|p1a: Slowking|33\/100|[from] Sandstorm\n|upkeep\n|turn|58\n|\n|t:|1652200770\n|switch|p1a: Landorus|Landorus-Therian, M|18\/100 brn\n|-ability|p1a: Landorus|Intimidate|boost\n|-unboost|p2a: Tornadus|atk|1\n|move|p2a: Tornadus|Knock Off|p1a: Landorus\n|-damage|p1a: Landorus|5\/100 brn\n|\n|-weather|none\n|-damage|p1a: Landorus|0 fnt|[from] brn\n|faint|p1a: Landorus\n|upkeep\n|inactive|reionatro has 120 seconds left.\n|\n|t:|1652200804\n|switch|p1a: Weavile|Weavile, M|94\/100\n|-ability|p1a: Weavile|Pressure\n|turn|59\n|\n|t:|1652200818\n|switch|p2a: Scizor|Scizor, M|57\/100\n|move|p1a: Weavile|Triple Axel|p2a: Scizor\n|-resisted|p2a: Scizor\n|-damage|p2a: Scizor|51\/100\n|-resisted|p2a: Scizor\n|-damage|p2a: Scizor|39\/100\n|-resisted|p2a: Scizor\n|-damage|p2a: Scizor|19\/100\n|-hitcount|p2a: Scizor|3\n|\n|upkeep\n|turn|60\n|inactive|reionatro has 120 seconds left.\n|\n|t:|1652200841\n|switch|p1a: Corviknight|Corviknight, M|100\/100\n|-ability|p1a: Corviknight|Pressure\n|move|p2a: Scizor|U-turn|p1a: Corviknight\n|-resisted|p1a: Corviknight\n|-damage|p1a: Corviknight|94\/100\n|\n|t:|1652200863\n|switch|p2a: Tornadus|Tornadus-Therian, M|100\/100|[from]move: U-turn\n|\n|upkeep\n|turn|61\n|inactive|reionatro has 120 seconds left.\n|\n|t:|1652200895\n|switch|p1a: Tapu Koko|Tapu Koko|13\/100\n|-fieldstart|move: Electric Terrain|[from] ability: Electric Surge|[of] p1a: Tapu Koko\n|move|p2a: Tornadus|Knock Off|p1a: Tapu Koko\n|-resisted|p1a: Tapu Koko\n|-damage|p1a: Tapu Koko|0 fnt\n|-enditem|p1a: Tapu Koko|Heavy-Duty Boots|[from] move: Knock Off|[of] p2a: Tornadus\n|faint|p1a: Tapu Koko\n|\n|upkeep\n|inactive|reionatro has 90 seconds left.\n|\n|t:|1652200912\n|switch|p1a: Weavile|Weavile, M|94\/100\n|-ability|p1a: Weavile|Pressure\n|turn|62\n|\n|t:|1652200919\n|switch|p2a: Hippowdon|Hippowdon, M|94\/100\n|-weather|Sandstorm|[from] ability: Sand Stream|[of] p2a: Hippowdon\n|move|p1a: Weavile|Triple Axel|p2a: Hippowdon\n|-supereffective|p2a: Hippowdon\n|-damage|p2a: Hippowdon|84\/100\n|-supereffective|p2a: Hippowdon\n|-damage|p2a: Hippowdon|62\/100\n|-hitcount|p2a: Hippowdon|2\n|\n|-weather|Sandstorm|[upkeep]\n|-damage|p1a: Weavile|88\/100|[from] Sandstorm\n|upkeep\n|turn|63\n|inactive|reionatro has 90 seconds left.\n|\n|t:|1652200943\n|switch|p2a: Corviknight|Corviknight, M|56\/100\n|move|p1a: Weavile|Triple Axel|p2a: Corviknight\n|-damage|p2a: Corviknight|49\/100\n|-damage|p1a: Weavile|72\/100|[from] item: Rocky Helmet|[of] p2a: Corviknight\n|-damage|p2a: Corviknight|34\/100\n|-damage|p1a: Weavile|56\/100|[from] item: Rocky Helmet|[of] p2a: Corviknight\n|-damage|p2a: Corviknight|11\/100\n|-damage|p1a: Weavile|39\/100|[from] item: Rocky Helmet|[of] p2a: Corviknight\n|-hitcount|p2a: Corviknight|3\n|\n|-weather|Sandstorm|[upkeep]\n|-damage|p1a: Weavile|33\/100|[from] Sandstorm\n|upkeep\n|turn|64\n|inactive|reionatro has 90 seconds left.\n|\n|t:|1652200956\n|move|p1a: Weavile|Knock Off|p2a: Corviknight\n|-damage|p2a: Corviknight|0 fnt\n|-damage|p1a: Weavile|17\/100|[from] item: Rocky Helmet|[of] p2a: Corviknight\n|-enditem|p2a: Corviknight|Rocky Helmet|[from] move: Knock Off|[of] p1a: Weavile\n|faint|p2a: Corviknight\n|\n|-weather|Sandstorm|[upkeep]\n|-damage|p1a: Weavile|11\/100|[from] Sandstorm\n|upkeep\n|\n|t:|1652200962\n|switch|p2a: Excadrill|Excadrill, M|100\/100\n|turn|65\n|inactive|reionatro has 90 seconds left.\n|\n|t:|1652200976\n|switch|p1a: Corviknight|Corviknight, M|94\/100\n|-ability|p1a: Corviknight|Pressure\n|move|p2a: Excadrill|Substitute|p2a: Excadrill\n|-start|p2a: Excadrill|Substitute\n|-damage|p2a: Excadrill|76\/100\n|\n|-weather|Sandstorm|[upkeep]\n|-fieldend|move: Electric Terrain\n|upkeep\n|turn|66\n|\n|t:|1652200979\n|move|p2a: Excadrill|Rock Slide|p1a: Corviknight|[miss]\n|-miss|p2a: Excadrill|p1a: Corviknight\n|move|p1a: Corviknight|Body Press|p2a: Excadrill\n|-supereffective|p2a: Excadrill\n|-end|p2a: Excadrill|Substitute\n|\n|-weather|Sandstorm|[upkeep]\n|upkeep\n|turn|67\n|inactive|reionatro has 90 seconds left.\n|\n|t:|1652201004\n|switch|p2a: Tornadus|Tornadus-Therian, M|100\/100\n|move|p1a: Corviknight|Body Press|p2a: Tornadus\n|-resisted|p2a: Tornadus\n|-damage|p2a: Tornadus|87\/100\n|-damage|p1a: Corviknight|78\/100|[from] item: Rocky Helmet|[of] p2a: Tornadus\n|\n|-weather|Sandstorm|[upkeep]\n|-damage|p2a: Tornadus|81\/100|[from] Sandstorm\n|upkeep\n|turn|68\n|inactive|reionatro has 90 seconds left.\n|\n|t:|1652201015\n|switch|p1a: Urshifu|Urshifu-Rapid-Strike, M|100\/100\n|move|p2a: Tornadus|Knock Off|p1a: Urshifu\n|-resisted|p1a: Urshifu\n|-damage|p1a: Urshifu|86\/100\n|-enditem|p1a: Urshifu|Choice Band|[from] move: Knock Off|[of] p2a: Tornadus\n|\n|-weather|Sandstorm|[upkeep]\n|-damage|p1a: Urshifu|79\/100|[from] Sandstorm\n|-damage|p2a: Tornadus|75\/100|[from] Sandstorm\n|upkeep\n|turn|69\n|inactive|reionatro has 90 seconds left.\n|\n|t:|1652201033\n|switch|p1a: Slowking|Slowking-Galar, F|67\/100\n|switch|p2a: Scizor|Scizor, M|19\/100\n|\n|-weather|none\n|upkeep\n|turn|70\n|inactive|reionatro has 90 seconds left.\n|\n|t:|1652201055\n|switch|p1a: Corviknight|Corviknight, M|78\/100\n|-ability|p1a: Corviknight|Pressure\n|move|p2a: Scizor|U-turn|p1a: Corviknight\n|-resisted|p1a: Corviknight\n|-damage|p1a: Corviknight|71\/100\n|\n|t:|1652201060\n|switch|p2a: Tornadus|Tornadus-Therian, M|100\/100|[from]move: U-turn\n|\n|upkeep\n|turn|71\n|\n|t:|1652201066\n|move|p2a: Tornadus|Superpower|p1a: Corviknight\n|-damage|p1a: Corviknight|51\/100\n|-unboost|p2a: Tornadus|atk|1\n|-unboost|p2a: Tornadus|def|1\n|move|p1a: Corviknight|Roost|p1a: Corviknight\n|-heal|p1a: Corviknight|100\/100\n|-singleturn|p1a: Corviknight|move: Roost\n|\n|upkeep\n|turn|72\n|inactive|reionatro has 90 seconds left.\n|\n|t:|1652201092\n|switch|p1a: Slowking|Slowking-Galar, F|99\/100\n|move|p2a: Tornadus|Heat Wave|p1a: Slowking\n|-damage|p1a: Slowking|84\/100\n|\n|upkeep\n|turn|73\n|\n|t:|1652201104\n|switch|p1a: Urshifu|Urshifu-Rapid-Strike, M|79\/100\n|move|p2a: Tornadus|U-turn|p1a: Urshifu\n|-resisted|p1a: Urshifu\n|-damage|p1a: Urshifu|73\/100\n|\n|t:|1652201109\n|switch|p2a: Kartana|Kartana|90\/100|[from]move: U-turn\n|\n|upkeep\n|turn|74\n|inactive|reionatro has 90 seconds left.\n|\n|t:|1652201122\n|switch|p1a: Corviknight|Corviknight, M|100\/100\n|-ability|p1a: Corviknight|Pressure\n|move|p2a: Kartana|Leaf Blade|p1a: Corviknight\n|-resisted|p1a: Corviknight\n|-damage|p1a: Corviknight|89\/100\n|-damage|p2a: Kartana|80\/100|[from] item: Life Orb\n|\n|upkeep\n|turn|75\n|\n|t:|1652201127\n|switch|p2a: Hippowdon|Hippowdon, M|62\/100\n|-weather|Sandstorm|[from] ability: Sand Stream|[of] p2a: Hippowdon\n|move|p1a: Corviknight|Body Press|p2a: Hippowdon\n|-damage|p2a: Hippowdon|48\/100\n|\n|-weather|Sandstorm|[upkeep]\n|upkeep\n|turn|76\n|\n|t:|1652201138\n|move|p1a: Corviknight|Body Press|p2a: Hippowdon\n|-damage|p2a: Hippowdon|35\/100\n|move|p2a: Hippowdon|Stealth Rock|p1a: Corviknight\n|-sidestart|p1: reionatro|move: Stealth Rock\n|\n|-weather|Sandstorm|[upkeep]\n|upkeep\n|turn|77\n|\n|t:|1652201143\n|move|p1a: Corviknight|Defog|p2a: Hippowdon\n|-unboost|p2a: Hippowdon|evasion|1\n|-sideend|p1: reionatro|Stealth Rock|[from] move: Defog|[of] p1a: Corviknight\n|move|p2a: Hippowdon|Slack Off|p2a: Hippowdon\n|-heal|p2a: Hippowdon|85\/100\n|\n|-weather|Sandstorm|[upkeep]\n|upkeep\n|turn|78\n|inactive|reionatro has 90 seconds left.\n|\n|t:|1652201181\n|move|p1a: Corviknight|Body Press|p2a: Hippowdon\n|-damage|p2a: Hippowdon|71\/100\n|move|p2a: Hippowdon|Stealth Rock|p1a: Corviknight\n|-sidestart|p1: reionatro|move: Stealth Rock\n|\n|-weather|Sandstorm|[upkeep]\n|upkeep\n|turn|79\n|\n|t:|1652201187\n|switch|p2a: Tornadus|Tornadus-Therian, M|100\/100\n|move|p1a: Corviknight|Defog|p2a: Tornadus\n|-unboost|p2a: Tornadus|evasion|1\n|-sideend|p1: reionatro|Stealth Rock|[from] move: Defog|[of] p1a: Corviknight\n|\n|-weather|Sandstorm|[upkeep]\n|-damage|p2a: Tornadus|94\/100|[from] Sandstorm\n|upkeep\n|turn|80\n|inactive|reionatro has 90 seconds left.\n|inactive|reionatro has 60 seconds left.\n|\n|t:|1652201225\n|switch|p1a: Slowking|Slowking-Galar, F|100\/100\n|move|p2a: Tornadus|Knock Off|p1a: Slowking\n|-supereffective|p1a: Slowking\n|-damage|p1a: Slowking|65\/100\n|\n|-weather|Sandstorm|[upkeep]\n|-damage|p2a: Tornadus|88\/100|[from] Sandstorm\n|-damage|p1a: Slowking|59\/100|[from] Sandstorm\n|upkeep\n|turn|81\n|\n|t:|1652201237\n|move|p2a: Tornadus|Knock Off|p1a: Slowking\n|-supereffective|p1a: Slowking\n|-damage|p1a: Slowking|23\/100\n|move|p1a: Slowking|Future Sight|p2a: Tornadus\n|-start|p1a: Slowking|move: Future Sight\n|\n|-weather|Sandstorm|[upkeep]\n|-damage|p2a: Tornadus|82\/100|[from] Sandstorm\n|-damage|p1a: Slowking|17\/100|[from] Sandstorm\n|upkeep\n|turn|82\n|\n|t:|1652201247\n|switch|p1a: Corviknight|Corviknight, M|89\/100\n|-ability|p1a: Corviknight|Pressure\n|move|p2a: Tornadus|Heat Wave|p1a: Corviknight|[miss]\n|-miss|p2a: Tornadus|p1a: Corviknight\n|\n|-weather|none\n|upkeep\n|turn|83\n|\n|t:|1652201262\n|move|p2a: Tornadus|Heat Wave|p1a: Corviknight\n|-supereffective|p1a: Corviknight\n|-damage|p1a: Corviknight|43\/100\n|move|p1a: Corviknight|U-turn|p2a: Tornadus\n|-resisted|p2a: Tornadus\n|-damage|p2a: Tornadus|76\/100\n|-damage|p1a: Corviknight|26\/100|[from] item: Rocky Helmet|[of] p2a: Tornadus\n|\n|t:|1652201267\n|switch|p1a: Weavile|Weavile, M|11\/100|[from]move: U-turn\n|-ability|p1a: Weavile|Pressure\n|\n|-end|p2a: Tornadus|move: Future Sight\n|-damage|p2a: Tornadus|15\/100\n|upkeep\n|turn|84\n|\n|t:|1652201275\n|switch|p2a: Hippowdon|Hippowdon, M|71\/100\n|-weather|Sandstorm|[from] ability: Sand Stream|[of] p2a: Hippowdon\n|move|p1a: Weavile|Triple Axel|p2a: Hippowdon\n|-supereffective|p2a: Hippowdon\n|-damage|p2a: Hippowdon|59\/100\n|-supereffective|p2a: Hippowdon\n|-damage|p2a: Hippowdon|37\/100\n|-supereffective|p2a: Hippowdon\n|-damage|p2a: Hippowdon|7\/100\n|-hitcount|p2a: Hippowdon|3\n|\n|-weather|Sandstorm|[upkeep]\n|-damage|p1a: Weavile|5\/100|[from] Sandstorm\n|upkeep\n|turn|85\n|\n|t:|1652201289\n|switch|p2a: Scizor|Scizor, M|19\/100\n|move|p1a: Weavile|Triple Axel|p2a: Scizor\n|-resisted|p2a: Scizor\n|-damage|p2a: Scizor|14\/100\n|-resisted|p2a: Scizor\n|-damage|p2a: Scizor|2\/100\n|-resisted|p2a: Scizor\n|-damage|p2a: Scizor|0 fnt\n|faint|p2a: Scizor\n|-hitcount|p2: Scizor|3\n|\n|-weather|Sandstorm|[upkeep]\n|-damage|p1a: Weavile|0 fnt|[from] Sandstorm\n|faint|p1a: Weavile\n|upkeep\n|\n|t:|1652201301\n|switch|p1a: Urshifu|Urshifu-Rapid-Strike, M|73\/100\n|switch|p2a: Excadrill|Excadrill, M|76\/100\n|turn|86\n|inactive|reionatro has 60 seconds left.\n|\n|t:|1652201327\n|move|p1a: Urshifu|Aqua Jet|p2a: Excadrill\n|-supereffective|p2a: Excadrill\n|-damage|p2a: Excadrill|10\/100\n|move|p2a: Excadrill|Earthquake|p1a: Urshifu\n|-crit|p1a: Urshifu\n|-damage|p1a: Urshifu|0 fnt\n|faint|p1a: Urshifu\n|-damage|p2a: Excadrill|0 fnt|[from] item: Life Orb\n|faint|p2a: Excadrill\n|\n|-weather|Sandstorm|[upkeep]\n|upkeep\n|\n|t:|1652201338\n|switch|p1a: Slowking|Slowking-Galar, F|50\/100\n|switch|p2a: Tornadus|Tornadus-Therian, M|48\/100\n|turn|87\n|c|\u2606wsho|gg\n|\n|t:|1652201345\n|move|p2a: Tornadus|Knock Off|p1a: Slowking\n|-supereffective|p1a: Slowking\n|-damage|p1a: Slowking|10\/100\n|move|p1a: Slowking|Sludge Bomb|p2a: Tornadus\n|-damage|p2a: Tornadus|0 fnt\n|faint|p2a: Tornadus\n|\n|-weather|Sandstorm|[upkeep]\n|-damage|p1a: Slowking|4\/100|[from] Sandstorm\n|upkeep\n|\n|t:|1652201353\n|switch|p2a: Kartana|Kartana|80\/100\n|turn|88\n|inactive|reionatro has 30 seconds left.\n|\n|t:|1652201387\n|move|p2a: Kartana|Sacred Sword|p1a: Slowking\n|-resisted|p1a: Slowking\n|-damage|p1a: Slowking|0 fnt\n|faint|p1a: Slowking\n|-ability|p2a: Kartana|Beast Boost|boost\n|-boost|p2a: Kartana|atk|1\n|-damage|p2a: Kartana|70\/100|[from] item: Life Orb\n|\n|-weather|Sandstorm|[upkeep]\n|upkeep\n|\n|t:|1652201389\n|switch|p1a: Corviknight|Corviknight, M|26\/100\n|-ability|p1a: Corviknight|Pressure\n|turn|89\n|\n|t:|1652201395\n|move|p2a: Kartana|Sacred Sword|p1a: Corviknight\n|-damage|p1a: Corviknight|0 fnt\n|faint|p1a: Corviknight\n|-damage|p2a: Kartana|60\/100|[from] item: Life Orb\n|\n|win|wsho\n|raw|reionatro's rating: 1321 &rarr; <strong>1301<\/strong><br \/>(-20 for losing)\n|raw|wsho's rating: 1321 &rarr; <strong>1341<\/strong><br \/>(+20 for winning)\n|l|\u2606reionatro\n||Ladder isn't responding, score probably updated but might not have (Request timeout).\n","uploadtime":1652201413,"views":58,"p1id":"reionatro","p2id":"wsho","formatid":"gen8ou","rating":1301,"private":0,"password":null}