{"id":"gen8ubers-1499470413","p1":"Lordgameminator","p2":"Ivyon","format":"gen8ubers","log":"|j|\u2606Lordgameminator\n|j|\u2606Ivyon\n|t:|1643292878\n|gametype|singles\n|player|p1|Lordgameminator|2|1399\n|player|p2|Ivyon|blue|1369\n|teamsize|p1|6\n|teamsize|p2|6\n|gen|8\n|tier|[Gen 8] Ubers\n|rated|\n|rule|Sleep Clause Mod: Limit one foe put to sleep\n|rule|Species Clause: Limit one of each Pok\u00e9mon\n|rule|OHKO Clause: OHKO moves are banned\n|rule|Evasion Moves Clause: Evasion moves are banned\n|rule|Endless Battle Clause: Forcing endless battles is banned\n|rule|HP Percentage Mod: HP is shown in percentages\n|rule|Dynamax Clause: You cannot dynamax\n|clearpoke\n|poke|p1|Eternatus|\n|poke|p1|Yveltal|\n|poke|p1|Calyrex-Shadow|\n|poke|p1|Kyogre|\n|poke|p1|Palkia|\n|poke|p1|Mewtwo|\n|poke|p2|Cloyster, F|\n|poke|p2|Mimikyu, M|\n|poke|p2|Volcarona, M|\n|poke|p2|Shuckle, M|\n|poke|p2|Dragonite, M|\n|poke|p2|Clefable, F|\n|teampreview\n|\n|t:|1643292890\n|start\n|switch|p1a: Palkia|Palkia|100\/100\n|switch|p2a: Shuckle|Shuckle, M, shiny|100\/100\n|-ability|p1a: Palkia|Pressure\n|turn|1\n|\n|t:|1643292896\n|move|p1a: Palkia|Surf|p2a: Shuckle\n|-supereffective|p2a: Shuckle\n|-damage|p2a: Shuckle|21\/100\n|move|p2a: Shuckle|Sticky Web|p1a: Palkia\n|-sidestart|p1: Lordgameminator|move: Sticky Web\n|\n|upkeep\n|turn|2\n|\n|t:|1643292901\n|move|p1a: Palkia|Surf|p2a: Shuckle\n|-supereffective|p2a: Shuckle\n|-damage|p2a: Shuckle|0 fnt\n|faint|p2a: Shuckle\n|\n|upkeep\n|\n|t:|1643292910\n|switch|p2a: Clefable|Clefable, F, shiny|100\/100\n|turn|3\n|\n|t:|1643292918\n|move|p1a: Palkia|Surf|p2a: Clefable\n|-damage|p2a: Clefable|45\/100\n|move|p2a: Clefable|Cosmic Power|p2a: Clefable\n|-boost|p2a: Clefable|def|1\n|-boost|p2a: Clefable|spd|1\n|\n|-heal|p2a: Clefable|52\/100|[from] item: Leftovers\n|upkeep\n|turn|4\n|\n|t:|1643292937\n|switch|p1a: Kyogre|Kyogre|100\/100\n|-activate|p1a: Kyogre|move: Sticky Web\n|-unboost|p1a: Kyogre|spe|1\n|-weather|RainDance|[from] ability: Drizzle|[of] p1a: Kyogre\n|move|p2a: Clefable|Soft-Boiled|p2a: Clefable\n|-heal|p2a: Clefable|100\/100\n|\n|-weather|RainDance|[upkeep]\n|upkeep\n|turn|5\n|\n|t:|1643292945\n|move|p1a: Kyogre|Water Spout|p2a: Clefable\n|-damage|p2a: Clefable|21\/100\n|move|p2a: Clefable|Cosmic Power|p2a: Clefable\n|-boost|p2a: Clefable|def|1\n|-boost|p2a: Clefable|spd|1\n|\n|-weather|RainDance|[upkeep]\n|-heal|p2a: Clefable|27\/100|[from] item: Leftovers\n|upkeep\n|turn|6\n|\n|t:|1643292954\n|move|p1a: Kyogre|Water Spout|p2a: Clefable\n|-damage|p2a: Clefable|0 fnt\n|faint|p2a: Clefable\n|\n|-weather|RainDance|[upkeep]\n|upkeep\n|\n|t:|1643292959\n|switch|p2a: Dragonite|Dragonite, M, shiny|100\/100\n|turn|7\n|\n|t:|1643292962\n|move|p1a: Kyogre|Water Spout|p2a: Dragonite\n|-resisted|p2a: Dragonite\n|-damage|p2a: Dragonite|64\/100\n|move|p2a: Dragonite|Dragon Dance|p2a: Dragonite\n|-boost|p2a: Dragonite|atk|1\n|-boost|p2a: Dragonite|spe|1\n|\n|-weather|RainDance|[upkeep]\n|upkeep\n|turn|8\n|\n|t:|1643292969\n|move|p2a: Dragonite|Dragon Claw|p1a: Kyogre\n|-damage|p1a: Kyogre|18\/100\n|move|p1a: Kyogre|Water Spout|p2a: Dragonite\n|-resisted|p2a: Dragonite\n|-damage|p2a: Dragonite|53\/100\n|\n|-weather|none\n|upkeep\n|turn|9\n|\n|t:|1643292976\n|move|p2a: Dragonite|Dragon Dance|p2a: Dragonite\n|-boost|p2a: Dragonite|atk|1\n|-boost|p2a: Dragonite|spe|1\n|move|p1a: Kyogre|Water Spout|p2a: Dragonite\n|-resisted|p2a: Dragonite\n|-damage|p2a: Dragonite|46\/100\n|\n|upkeep\n|turn|10\n|\n|t:|1643292985\n|move|p2a: Dragonite|Dragon Dance|p2a: Dragonite\n|-boost|p2a: Dragonite|atk|1\n|-boost|p2a: Dragonite|spe|1\n|move|p1a: Kyogre|Water Spout|p2a: Dragonite\n|-resisted|p2a: Dragonite\n|-damage|p2a: Dragonite|38\/100\n|\n|upkeep\n|turn|11\n|\n|t:|1643292994\n|move|p2a: Dragonite|Dragon Dance|p2a: Dragonite\n|-boost|p2a: Dragonite|atk|1\n|-boost|p2a: Dragonite|spe|1\n|move|p1a: Kyogre|Water Spout|p2a: Dragonite\n|-resisted|p2a: Dragonite\n|-damage|p2a: Dragonite|30\/100\n|\n|upkeep\n|turn|12\n|\n|t:|1643293002\n|move|p2a: Dragonite|Dragon Claw|p1a: Kyogre\n|-damage|p1a: Kyogre|0 fnt\n|faint|p1a: Kyogre\n|\n|upkeep\n|\n|t:|1643293004\n|switch|p1a: Yveltal|Yveltal|100\/100\n|-ability|p1a: Yveltal|Dark Aura\n|turn|13\n|\n|t:|1643293009\n|move|p2a: Dragonite|Extreme Speed|p1a: Yveltal\n|-damage|p1a: Yveltal|14\/100\n|move|p1a: Yveltal|Sucker Punch||[still]\n|-fail|p1a: Yveltal\n|\n|upkeep\n|turn|14\n|\n|t:|1643293021\n|move|p2a: Dragonite|Extreme Speed|p1a: Yveltal\n|-damage|p1a: Yveltal|0 fnt\n|faint|p1a: Yveltal\n|\n|upkeep\n|inactive|Battle timer is ON: inactive players will automatically lose when time's up. (requested by Ivyon)\n|\n|t:|1643293053\n|switch|p1a: Palkia|Palkia|100\/100\n|-activate|p1a: Palkia|move: Sticky Web\n|-unboost|p1a: Palkia|spe|1\n|-ability|p1a: Palkia|Pressure\n|turn|15\n|\n|t:|1643293065\n|move|p2a: Dragonite|Dragon Claw|p1a: Palkia\n|-supereffective|p1a: Palkia\n|-damage|p1a: Palkia|0 fnt\n|faint|p1a: Palkia\n|\n|upkeep\n|\n|t:|1643293071\n|switch|p1a: Eternatus|Eternatus|100\/100\n|-activate|p1a: Eternatus|move: Sticky Web\n|-unboost|p1a: Eternatus|spe|1\n|-ability|p1a: Eternatus|Pressure\n|turn|16\n|\n|t:|1643293076\n|move|p2a: Dragonite|Dragon Claw|p1a: Eternatus\n|-supereffective|p1a: Eternatus\n|-damage|p1a: Eternatus|0 fnt\n|faint|p1a: Eternatus\n|\n|upkeep\n|\n|t:|1643293087\n|switch|p1a: Mewtwo|Mewtwo|100\/100\n|-activate|p1a: Mewtwo|move: Sticky Web\n|-unboost|p1a: Mewtwo|spe|1\n|-ability|p1a: Mewtwo|Pressure\n|turn|17\n|\n|t:|1643293092\n|move|p2a: Dragonite|Dragon Claw|p1a: Mewtwo\n|-crit|p1a: Mewtwo\n|-damage|p1a: Mewtwo|0 fnt\n|faint|p1a: Mewtwo\n|\n|upkeep\n|\n|t:|1643293096\n|switch|p1a: Calyrex|Calyrex-Shadow|100\/100\n|-ability|p1a: Calyrex|As One\n|-ability|p1a: Calyrex|Unnerve\n|-activate|p1a: Calyrex|move: Sticky Web\n|-unboost|p1a: Calyrex|spe|1\n|turn|18\n|\n|t:|1643293104\n|move|p2a: Dragonite|Dragon Claw|p1a: Calyrex\n|-damage|p1a: Calyrex|0 fnt\n|faint|p1a: Calyrex\n|\n|win|Ivyon\n|raw|Lordgameminator's rating: 1399 &rarr; <strong>1377<\/strong><br \/>(-22 for losing)\n|raw|Ivyon's rating: 1369 &rarr; <strong>1391<\/strong><br \/>(+22 for winning)\n|c|\u2606Ivyon|gg\n|l|\u2606Lordgameminator\n","uploadtime":1643293111,"views":12,"p1id":"lordgameminator","p2id":"ivyon","formatid":"gen8ubers","rating":1377,"private":0,"password":null}