{"id":"gen8battlestadiumsingles-1052807822","p1":"kaosuteacher0401","p2":"PokeDa","format":"gen8battlestadiumsingles","log":"|j|\u2606kaosuteacher0401\n|j|\u2606PokeDa\n|player|p1|kaosuteacher0401|dawn-gen4pt|1407\n|player|p2|PokeDa|wallace|1392\n|teamsize|p1|6\n|teamsize|p2|6\n|gametype|singles\n|gen|8\n|tier|[Gen 8] Battle Stadium Singles\n|rated|\n|clearpoke\n|poke|p1|Torkoal, L50, M|\n|poke|p1|Hawlucha, L50, M|\n|poke|p1|Umbreon, L50, F|\n|poke|p1|Mimikyu, L50, F|\n|poke|p1|Dracozolt, L50|\n|poke|p1|Dragapult, L50, F|\n|poke|p2|Clefable, L50, M|\n|poke|p2|Excadrill, L50, M|\n|poke|p2|Darmanitan-Galar, L50, M|\n|poke|p2|Aegislash, L50, M|\n|poke|p2|Hydreigon, L50, F|\n|poke|p2|Pyukumuku, L50, F|\n|rule|Species Clause: Limit one of each Pok\u00e9mon\n|rule|Item Clause: Limit one of each item\n|teampreview|3\n|inactive|Battle timer is ON: inactive players will automatically lose when time's up. (requested by PokeDa)\n|inactive|PokeDa has 120 seconds left.\n|\n|start\n|switch|p1a: Dracozolt|Dracozolt, L50, shiny|48\/48\n|switch|p2a: Darmanitan|Darmanitan-Galar, L50, M|48\/48\n|turn|1\n|\n|move|p2a: Darmanitan|Ice Punch|p1a: Dracozolt\n|-supereffective|p1a: Dracozolt\n|-crit|p1a: Dracozolt\n|-enditem|p1a: Dracozolt|Focus Sash\n|-damage|p1a: Dracozolt|1\/48\n|move|p1a: Dracozolt|Bulldoze|p2a: Darmanitan\n|-damage|p2a: Darmanitan|32\/48\n|-unboost|p2a: Darmanitan|spe|1\n|\n|upkeep\n|turn|2\n|\n|move|p2a: Darmanitan|Ice Punch|p1a: Dracozolt\n|-supereffective|p1a: Dracozolt\n|-damage|p1a: Dracozolt|0 fnt\n|faint|p1a: Dracozolt\n|\n|upkeep\n|\n|switch|p1a: Dragapult|Dragapult, L50, F, shiny|48\/48\n|turn|3\n|\n|switch|p2a: Pyukumuku|Pyukumuku, L50, F|48\/48\n|move|p1a: Dragapult|Dragon Darts|p2a: Pyukumuku\n|-damage|p2a: Pyukumuku|41\/48\n|-damage|p2a: Pyukumuku|34\/48\n|-hitcount|p2a: Pyukumuku|2\n|\n|upkeep\n|turn|4\n|\n|move|p1a: Dragapult|Will-O-Wisp|p2a: Pyukumuku\n|-status|p2a: Pyukumuku|brn\n|move|p2a: Pyukumuku|Reflect|p2a: Pyukumuku\n|-sidestart|p2: PokeDa|Reflect\n|\n|-damage|p2a: Pyukumuku|31\/48 brn|[from] brn\n|upkeep\n|turn|5\n|\n|move|p1a: Dragapult|Hex|p2a: Pyukumuku\n|-damage|p2a: Pyukumuku|10\/48 brn\n|-enditem|p2a: Pyukumuku|Iapapa Berry|[eat]\n|-heal|p2a: Pyukumuku|25\/48 brn|[from] item: Iapapa Berry\n|move|p2a: Pyukumuku|Toxic|p1a: Dragapult\n|-status|p1a: Dragapult|tox\n|\n|-damage|p1a: Dragapult|45\/48 tox|[from] psn\n|-damage|p2a: Pyukumuku|22\/48 brn|[from] brn\n|upkeep\n|turn|6\n|\n|move|p1a: Dragapult|Hex|p2a: Pyukumuku\n|-damage|p2a: Pyukumuku|2\/48 brn\n|move|p2a: Pyukumuku|Recover|p2a: Pyukumuku\n|-heal|p2a: Pyukumuku|26\/48 brn\n|\n|-damage|p1a: Dragapult|39\/48 tox|[from] psn\n|-damage|p2a: Pyukumuku|23\/48 brn|[from] brn\n|upkeep\n|turn|7\n|\n|move|p1a: Dragapult|Hex|p2a: Pyukumuku\n|-damage|p2a: Pyukumuku|2\/48 brn\n|move|p2a: Pyukumuku|Recover|p2a: Pyukumuku\n|-heal|p2a: Pyukumuku|26\/48 brn\n|\n|-damage|p1a: Dragapult|30\/48 tox|[from] psn\n|-damage|p2a: Pyukumuku|23\/48 brn|[from] brn\n|upkeep\n|turn|8\n|\n|move|p1a: Dragapult|Hex|p2a: Pyukumuku\n|-crit|p2a: Pyukumuku\n|-damage|p2a: Pyukumuku|0 fnt\n|faint|p2a: Pyukumuku\n|\n|-damage|p1a: Dragapult|18\/48 tox|[from] psn\n|-sideend|p2: PokeDa|Reflect\n|upkeep\n|\n|switch|p2a: Darmanitan|Darmanitan-Galar, L50, M|32\/48\n|turn|9\n|\n|move|p2a: Darmanitan|Ice Punch|p1a: Dragapult\n|-supereffective|p1a: Dragapult\n|-damage|p1a: Dragapult|0 fnt\n|faint|p1a: Dragapult\n|\n|upkeep\n|\n|switch|p1a: Mimikyu|Mimikyu, L50, F, shiny|48\/48\n|turn|10\n|inactive|kaosuteacher0401 has 120 seconds left.\n|\n|-start|p1a: Mimikyu|Dynamax\n|-heal|p1a: Mimikyu|48\/48|[silent]\n|move|p2a: Darmanitan|Ice Punch|p1a: Mimikyu\n|-activate|p1a: Mimikyu|ability: Disguise\n|-damage|p1a: Mimikyu|48\/48\n|detailschange|p1a: Mimikyu|Mimikyu-Busted, L50, F, shiny\n|-damage|p1a: Mimikyu|45\/48|[from] ability: Disguise|[of] p1a: Mimikyu\n|move|p1a: Mimikyu|Max Phantasm|p2a: Darmanitan\n|-damage|p2a: Darmanitan|0 fnt\n|faint|p2a: Darmanitan\n|\n|upkeep\n|\n|switch|p2a: Excadrill|Excadrill, L50, M|48\/48\n|-ability|p2a: Excadrill|Mold Breaker\n|turn|11\n|\n|-start|p2a: Excadrill|Dynamax\n|-heal|p2a: Excadrill|48\/48|[silent]\n|move|p1a: Mimikyu|Max Phantasm|p2a: Excadrill\n|-damage|p2a: Excadrill|28\/48\n|-unboost|p2a: Excadrill|def|1\n|move|p2a: Excadrill|Max Steelspike|p1a: Mimikyu\n|-supereffective|p1a: Mimikyu\n|-damage|p1a: Mimikyu|0 fnt\n|-boost|p2a: Excadrill|def|1\n|faint|p1a: Mimikyu\n|\n|win|PokeDa\n|raw|kaosuteacher0401's rating: 1407 &rarr; <strong>1386<\/strong><br \/>(-21 for losing)\n|raw|PokeDa's rating: 1392 &rarr; <strong>1413<\/strong><br \/>(+21 for winning)\n|l|\u2606kaosuteacher0401\n","uploadtime":1580010161,"views":3,"p1id":"kaosuteacher0401","p2id":"pokeda","formatid":"gen8battlestadiumsingles","rating":1386,"private":0,"password":null}