{"id":"gen8ru-1681163256","p1":"Alolans Creed","p2":"misplayin","format":"gen8ru","log":"|j|\u2606Alolans Creed\n|j|\u2606misplayin\n|t:|1665276889\n|gametype|singles\n|player|p1|Alolans Creed|kukui-stand|\n|player|p2|misplayin|pokemonrangerf-gen4|\n|teamsize|p1|6\n|teamsize|p2|6\n|gen|8\n|tier|[Gen 8] RU\n|rule|Sleep Clause Mod: Limit one foe put to sleep\n|rule|Species Clause: Limit one of each Pok\u00e9mon\n|rule|OHKO Clause: OHKO moves are banned\n|rule|Evasion Items Clause: Evasion items are banned\n|rule|Evasion Moves Clause: Evasion moves are banned\n|rule|Endless Battle Clause: Forcing endless battles is banned\n|rule|HP Percentage Mod: HP is shown in percentages\n|rule|Dynamax Clause: You cannot dynamax\n|clearpoke\n|poke|p1|Pangoro, M|\n|poke|p1|Celebi|\n|poke|p1|Tentacruel, M|\n|poke|p1|Rhyperior, M|\n|poke|p1|Noivern, F|\n|poke|p1|Klefki, M|\n|poke|p2|Bronzong|\n|poke|p2|Porygon2|\n|poke|p2|Mimikyu, M|\n|poke|p2|Marowak-Alola, M|\n|poke|p2|Stakataka|\n|poke|p2|Glastrier|\n|teampreview\n|inactive|Battle timer is ON: inactive players will automatically lose when time's up. (requested by misplayin)\n|j| UnstoppableUg\n|j| Firelord Term\n|inactive|misplayin has 270 seconds left.\n|c|\u2606misplayin|gl gl\n|c|\u2606Alolans Creed|you too\n|j| doopishere\n|c| UnstoppableUg|Laid is a pangoro Pioneer LOL\n|c| Firelord Term|lmao\n|c|\u2606Alolans Creed|lmao\n|inactive|misplayin has 240 seconds left.\n|\n|t:|1665276951\n|start\n|switch|p1a: Pangoro|Pangoro, M|100\/100\n|switch|p2a: Mimikyu|Mimikyu, M|100\/100\n|turn|1\n|c| Firelord Term|pangoro goes crazy this game\n|c|\u2606Alolans Creed|arguably the coldest mon in gen 6\n|\n|t:|1665276972\n|switch|p1a: Klefki|Klefki, M|100\/100\n|move|p2a: Mimikyu|Trick Room|p2a: Mimikyu\n|-fieldstart|move: Trick Room|[of] p2a: Mimikyu\n|\n|upkeep\n|turn|2\n|\n|t:|1665276977\n|switch|p2a: Marowak|Marowak-Alola, M|100\/100\n|move|p1a: Klefki|Spikes|p2a: Marowak\n|-sidestart|p2: misplayin|Spikes\n|\n|upkeep\n|turn|3\n|\n|t:|1665276981\n|move|p1a: Klefki|Toxic|p2a: Marowak\n|-status|p2a: Marowak|tox\n|move|p2a: Marowak|Flare Blitz|p1a: Klefki\n|-supereffective|p1a: Klefki\n|-damage|p1a: Klefki|0 fnt\n|faint|p1a: Klefki\n|\n|-damage|p2a: Marowak|94\/100 tox|[from] psn\n|upkeep\n|\n|t:|1665276984\n|switch|p1a: Rhyperior|Rhyperior, M|100\/100\n|turn|4\n|\n|t:|1665277003\n|switch|p2a: Bronzong|Bronzong|100\/100\n|move|p1a: Rhyperior|Earthquake|p2a: Bronzong\n|-immune|p2a: Bronzong|[from] ability: Levitate\n|\n|upkeep\n|turn|5\n|\n|t:|1665277007\n|move|p2a: Bronzong|Gyro Ball|p1a: Rhyperior\n|-supereffective|p1a: Rhyperior\n|-damage|p1a: Rhyperior|82\/100\n|move|p1a: Rhyperior|Stealth Rock|p2a: Bronzong\n|-sidestart|p2: misplayin|move: Stealth Rock\n|\n|-heal|p1a: Rhyperior|88\/100|[from] item: Leftovers\n|-fieldend|move: Trick Room\n|upkeep\n|turn|6\n|\n|t:|1665277011\n|switch|p1a: Tentacruel|Tentacruel, M|100\/100\n|move|p2a: Bronzong|Stealth Rock|p1a: Tentacruel\n|-sidestart|p1: Alolans Creed|move: Stealth Rock\n|\n|upkeep\n|turn|7\n|\n|t:|1665277015\n|move|p1a: Tentacruel|Rapid Spin|p2a: Bronzong\n|-resisted|p2a: Bronzong\n|-damage|p2a: Bronzong|97\/100\n|-boost|p1a: Tentacruel|spe|1\n|-sideend|p1: Alolans Creed|Stealth Rock|[from] move: Rapid Spin|[of] p1a: Tentacruel\n|move|p2a: Bronzong|Trick Room|p2a: Bronzong\n|-fieldstart|move: Trick Room|[of] p2a: Bronzong\n|\n|upkeep\n|turn|8\n|\n|t:|1665277018\n|move|p2a: Bronzong|Explosion|p1a: Tentacruel\n|-damage|p1a: Tentacruel|22\/100\n|faint|p2a: Bronzong\n|move|p1a: Tentacruel|Knock Off|p2: Bronzong|[notarget]\n|-fail|p1a: Tentacruel\n|\n|-heal|p1a: Tentacruel|28\/100|[from] item: Black Sludge\n|upkeep\n|\n|t:|1665277032\n|switch|p2a: Glastrier|Glastrier|100\/100\n|-damage|p2a: Glastrier|88\/100|[from] Spikes\n|-damage|p2a: Glastrier|63\/100|[from] Stealth Rock\n|turn|9\n|\n|t:|1665277040\n|move|p2a: Glastrier|High Horsepower|p1a: Tentacruel\n|-supereffective|p1a: Tentacruel\n|-damage|p1a: Tentacruel|0 fnt\n|faint|p1a: Tentacruel\n|-ability|p2a: Glastrier|Chilling Neigh|boost\n|-boost|p2a: Glastrier|atk|1\n|\n|upkeep\n|\n|t:|1665277044\n|switch|p1a: Celebi|Celebi|100\/100\n|turn|10\n|\n|t:|1665277046\n|move|p2a: Glastrier|Icicle Crash|p1a: Celebi\n|-supereffective|p1a: Celebi\n|-damage|p1a: Celebi|0 fnt\n|faint|p1a: Celebi\n|-ability|p2a: Glastrier|Chilling Neigh|boost\n|-boost|p2a: Glastrier|atk|1\n|\n|upkeep\n|\n|t:|1665277049\n|switch|p1a: Noivern|Noivern, F|100\/100\n|turn|11\n|\n|t:|1665277052\n|move|p2a: Glastrier|Icicle Crash|p1a: Noivern\n|-supereffective|p1a: Noivern\n|-damage|p1a: Noivern|0 fnt\n|faint|p1a: Noivern\n|-ability|p2a: Glastrier|Chilling Neigh|boost\n|-boost|p2a: Glastrier|atk|1\n|\n|-fieldend|move: Trick Room\n|upkeep\n|\n|t:|1665277053\n|switch|p1a: Pangoro|Pangoro, M|100\/100\n|turn|12\n|\n|t:|1665277060\n|switch|p2a: Porygon2|Porygon2, shiny|100\/100\n|-damage|p2a: Porygon2|88\/100|[from] Spikes\n|-damage|p2a: Porygon2|76\/100|[from] Stealth Rock\n|-ability|p2a: Porygon2|Scrappy|[from] ability: Trace|[of] p1a: Pangoro\n|move|p1a: Pangoro|Close Combat|p2a: Porygon2\n|-supereffective|p2a: Porygon2\n|-damage|p2a: Porygon2|0 fnt\n|-unboost|p1a: Pangoro|def|1\n|-unboost|p1a: Pangoro|spd|1\n|faint|p2a: Porygon2\n|\n|upkeep\n|\n|t:|1665277062\n|switch|p2a: Mimikyu|Mimikyu, M|100\/100\n|-damage|p2a: Mimikyu|88\/100|[from] Spikes\n|-damage|p2a: Mimikyu|76\/100|[from] Stealth Rock\n|turn|13\n|\n|t:|1665277064\n|move|p1a: Pangoro|Close Combat|p2a: Mimikyu\n|-resisted|p2a: Mimikyu\n|-activate|p2a: Mimikyu|ability: Disguise\n|-damage|p2a: Mimikyu|76\/100\n|-unboost|p1a: Pangoro|def|1\n|-unboost|p1a: Pangoro|spd|1\n|detailschange|p2a: Mimikyu|Mimikyu-Busted, M\n|-damage|p2a: Mimikyu|63\/100|[from] pokemon: Mimikyu-Busted\n|-enditem|p2a: Mimikyu|Red Card|[of] p1a: Pangoro\n|drag|p1a: Rhyperior|Rhyperior, M|88\/100\n|move|p2a: Mimikyu|Trick Room|p2a: Mimikyu\n|-fieldstart|move: Trick Room|[of] p2a: Mimikyu\n|\n|-heal|p1a: Rhyperior|94\/100|[from] item: Leftovers\n|upkeep\n|turn|14\n|\n|t:|1665277070\n|move|p1a: Rhyperior|Earthquake|p2a: Mimikyu\n|-damage|p2a: Mimikyu|20\/100\n|move|p2a: Mimikyu|Curse|p1a: Rhyperior\n|-start|p1a: Rhyperior|Curse|[of] p2a: Mimikyu\n|-damage|p2a: Mimikyu|0 fnt\n|faint|p2a: Mimikyu\n|\n|-heal|p1a: Rhyperior|99\/100|[from] item: Leftovers\n|-damage|p1a: Rhyperior|75\/100|[from] Curse\n|upkeep\n|\n|t:|1665277077\n|switch|p2a: Glastrier|Glastrier|63\/100\n|-damage|p2a: Glastrier|51\/100|[from] Spikes\n|-damage|p2a: Glastrier|26\/100|[from] Stealth Rock\n|turn|15\n|\n|t:|1665277079\n|move|p2a: Glastrier|Icicle Crash|p1a: Rhyperior\n|-supereffective|p1a: Rhyperior\n|-damage|p1a: Rhyperior|13\/100\n|move|p1a: Rhyperior|Earthquake|p2a: Glastrier\n|-crit|p2a: Glastrier\n|-damage|p2a: Glastrier|0 fnt\n|faint|p2a: Glastrier\n|\n|-heal|p1a: Rhyperior|19\/100|[from] item: Leftovers\n|-damage|p1a: Rhyperior|0 fnt|[from] Curse\n|faint|p1a: Rhyperior\n|upkeep\n|\n|t:|1665277084\n|switch|p2a: Marowak|Marowak-Alola, M|94\/100 tox\n|switch|p1a: Pangoro|Pangoro, M|100\/100\n|-damage|p2a: Marowak|82\/100 tox|[from] Spikes\n|-damage|p2a: Marowak|57\/100 tox|[from] Stealth Rock\n|turn|16\n|\n|t:|1665277087\n|move|p2a: Marowak|Flare Blitz|p1a: Pangoro\n|-damage|p1a: Pangoro|0 fnt\n|faint|p1a: Pangoro\n|\n|win|misplayin\n|c|\u2606Alolans Creed|gg\n|c|\u2606misplayin|gg\n","uploadtime":1665277095,"views":14,"p1id":"alolanscreed","p2id":"misplayin","formatid":"gen8ru","rating":0,"private":0,"password":null}