{"id":"gen8nationaldexag-1706971144","p1":"Doomfiredan","p2":"avfalcon45","format":"gen8nationaldexag","log":"|j|\u2606Doomfiredan\n|j|\u2606avfalcon45\n|t:|1668037612\n|gametype|singles\n|player|p1|Doomfiredan|zinnia|1299\n|player|p2|avfalcon45|firebreather|1315\n|teamsize|p1|6\n|teamsize|p2|6\n|gen|8\n|tier|[Gen 8] National Dex AG\n|rated|\n|rule|HP Percentage Mod: HP is shown in percentages\n|rule|Endless Battle Clause: Forcing endless battles is banned\n|clearpoke\n|poke|p1|Rayquaza|\n|poke|p1|Tangela, F|\n|poke|p1|Necrozma-Dusk-Mane|\n|poke|p1|Salamence, M|\n|poke|p1|Steelix, F|\n|poke|p1|Raichu-Alola, F|\n|poke|p2|Charizard, F|\n|poke|p2|Suicune|\n|poke|p2|Darmanitan-Galar, F|\n|poke|p2|Talonflame, M|\n|poke|p2|Marowak-Alola, F|\n|poke|p2|Naganadel|\n|teampreview\n|inactive|Battle timer is ON: inactive players will automatically lose when time's up. (requested by avfalcon45)\n|\n|t:|1668037624\n|start\n|switch|p1a: Salamence|Salamence, M, shiny|100\/100\n|switch|p2a: Suicune|Suicune|100\/100\n|-ability|p2a: Suicune|Pressure\n|turn|1\n|\n|t:|1668037627\n|-start|p1a: Salamence|Dynamax|\n|-heal|p1a: Salamence|100\/100|[silent]\n|move|p1a: Salamence|Max Airstream|p2a: Suicune\n|-damage|p2a: Suicune|61\/100\n|-boost|p1a: Salamence|spe|1\n|move|p2a: Suicune|Ice Beam|p1a: Salamence\n|-supereffective|p1a: Salamence\n|-damage|p1a: Salamence|54\/100\n|-enditem|p1a: Salamence|Weakness Policy\n|-boost|p1a: Salamence|atk|2|[from] item: Weakness Policy\n|-boost|p1a: Salamence|spa|2|[from] item: Weakness Policy\n|\n|upkeep\n|turn|2\n|\n|t:|1668037637\n|move|p1a: Salamence|Max Airstream|p2a: Suicune\n|-damage|p2a: Suicune|0 fnt\n|-boost|p1a: Salamence|spe|1\n|faint|p2a: Suicune\n|-ability|p1a: Salamence|Moxie|boost\n|-boost|p1a: Salamence|atk|1\n|\n|upkeep\n|\n|t:|1668037643\n|switch|p2a: Darmanitan|Darmanitan-Galar, F|100\/100\n|turn|3\n|\n|t:|1668037645\n|move|p1a: Salamence|Max Airstream|p2a: Darmanitan\n|-enditem|p2a: Darmanitan|Focus Sash\n|-damage|p2a: Darmanitan|1\/100\n|-boost|p1a: Salamence|spe|1\n|move|p2a: Darmanitan|Icicle Crash|p1a: Salamence\n|-supereffective|p1a: Salamence\n|-damage|p1a: Salamence|0 fnt\n|faint|p1a: Salamence\n|\n|-formechange|p2a: Darmanitan|Darmanitan-Galar-Zen|\n|upkeep\n|\n|t:|1668037649\n|switch|p1a: Raichu|Raichu-Alola, F|100\/100\n|turn|4\n|\n|t:|1668037654\n|move|p1a: Raichu|Fake Out|p2a: Darmanitan\n|-damage|p2a: Darmanitan|0 fnt\n|faint|p2a: Darmanitan\n|\n|upkeep\n|\n|t:|1668037656\n|switch|p2a: Marowak|Marowak-Alola, F|100\/100\n|turn|5\n|\n|t:|1668037660\n|move|p1a: Raichu|Volt Switch|p2a: Marowak\n|-ability|p2a: Marowak|Lightning Rod|boost\n|-boost|p2a: Marowak|spa|1\n|move|p2a: Marowak|Earthquake|p1a: Raichu\n|-supereffective|p1a: Raichu\n|-enditem|p1a: Raichu|Focus Sash\n|-damage|p1a: Raichu|1\/100\n|\n|upkeep\n|turn|6\n|\n|t:|1668037667\n|move|p1a: Raichu|Surf|p2a: Marowak\n|-supereffective|p2a: Marowak\n|-damage|p2a: Marowak|39\/100\n|move|p2a: Marowak|Shadow Bone|p1a: Raichu\n|-supereffective|p1a: Raichu\n|-damage|p1a: Raichu|0 fnt\n|faint|p1a: Raichu\n|\n|upkeep\n|\n|t:|1668037675\n|switch|p1a: Rayquaza|Rayquaza|100\/100\n|-ability|p1a: Rayquaza|Air Lock\n|turn|7\n|\n|t:|1668037679\n|detailschange|p1a: Rayquaza|Rayquaza-Mega\n|-mega|p1a: Rayquaza|Rayquaza|\n|-weather|DeltaStream|[from] ability: Delta Stream|[of] p1a: Rayquaza\n|move|p1a: Rayquaza|Dragon Ascent|p2a: Marowak\n|-damage|p2a: Marowak|0 fnt\n|-unboost|p1a: Rayquaza|def|1\n|-unboost|p1a: Rayquaza|spd|1\n|faint|p2a: Marowak\n|-damage|p1a: Rayquaza|91\/100|[from] item: Life Orb\n|\n|-weather|DeltaStream|[upkeep]\n|upkeep\n|\n|t:|1668037683\n|switch|p2a: Naganadel|Naganadel, shiny|100\/100\n|turn|8\n|\n|t:|1668037691\n|-weather|none\n|switch|p1a: Steelix|Steelix, F, shiny|100\/100\n|-zpower|p2a: Naganadel\n|move|p2a: Naganadel|Devastating Drake|p1a: Steelix|[zeffect]\n|-resisted|p1a: Steelix\n|-damage|p1a: Steelix|56\/100\n|\n|-heal|p1a: Steelix|62\/100|[from] item: Leftovers\n|upkeep\n|turn|9\n|\n|t:|1668037696\n|move|p2a: Naganadel|Fire Blast|p1a: Steelix\n|-supereffective|p1a: Steelix\n|-damage|p1a: Steelix|0 fnt\n|faint|p1a: Steelix\n|-ability|p2a: Naganadel|Beast Boost|boost\n|-boost|p2a: Naganadel|spe|1\n|\n|upkeep\n|\n|t:|1668037701\n|switch|p1a: Rayquaza|Rayquaza-Mega|91\/100\n|-weather|DeltaStream|[from] ability: Delta Stream|[of] p1a: Rayquaza\n|turn|10\n|\n|t:|1668037705\n|move|p2a: Naganadel|Draco Meteor|p1a: Rayquaza\n|-supereffective|p1a: Rayquaza\n|-damage|p1a: Rayquaza|0 fnt\n|-unboost|p2a: Naganadel|spa|2\n|faint|p1a: Rayquaza\n|-weather|none\n|-ability|p2a: Naganadel|Beast Boost|boost\n|-boost|p2a: Naganadel|spe|1\n|\n|upkeep\n|-message|Doomfiredan forfeited.\n|\n|win|avfalcon45\n|raw|Doomfiredan's rating: 1299 &rarr; <strong>1275<\/strong><br \/>(-24 for losing)\n|raw|avfalcon45's rating: 1315 &rarr; <strong>1334<\/strong><br \/>(+19 for winning)\n|l|\u2606Doomfiredan\n||Ladder isn't responding, score probably updated but might not have (Request timeout).\n","uploadtime":1668037958,"views":0,"p1id":"doomfiredan","p2id":"avfalcon45","formatid":"gen8nationaldexag","rating":1275,"private":1,"password":null}