{"id":"gen8battlefactory-1679415782","p1":"RibombeeForUbers","p2":"gotsnsd","format":"gen8battlefactory","log":"|j|\u2606RibombeeForUbers\n|j|\u2606gotsnsd\n|inactive|Battle timer is ON: inactive players will automatically lose when time's up.\n|t:|1665086954\n|gametype|singles\n|player|p1|RibombeeForUbers|101|\n|player|p2|gotsnsd|beauty-gen2jp|\n|teamsize|p1|6\n|teamsize|p2|6\n|gen|8\n|tier|[Gen 8] Battle Factory\n|rated|Tournament battle\n|rule|Sleep Clause Mod: Limit one foe put to sleep\n|rule|Species Clause: Limit one of each Pok\u00e9mon\n|rule|OHKO Clause: OHKO moves are banned\n|rule|Evasion Items Clause: Evasion items are banned\n|rule|Evasion Moves Clause: Evasion moves are banned\n|rule|Endless Battle Clause: Forcing endless battles is banned\n|rule|HP Percentage Mod: HP is shown in percentages\n|rule|Dynamax Clause: You cannot dynamax\n|clearpoke\n|poke|p1|Drapion, M|\n|poke|p1|Togedemaru, M|\n|poke|p1|Aerodactyl, F|\n|poke|p1|Grimmsnarl, M|\n|poke|p1|Mantine, F|\n|poke|p1|Indeedee-F, F|\n|poke|p2|Escavalier, F|\n|poke|p2|Quagsire, F|\n|poke|p2|Diancie|\n|poke|p2|Toxicroak, F|\n|poke|p2|Rotom-Mow|\n|poke|p2|Weezing, M|\n|teampreview\n|j| Staryy\n|l| Staryy\n|j| VGC 2069 is fun\n|c|\u2606RibombeeForUbers|gl lhf\n|j| GengarAdept\n|j| booclipse\n|c|\u2606gotsnsd|hf c:\n|j| exploraxALT\n|j| Rotfront\n|l| booclipse\n|\n|t:|1665086982\n|start\n|switch|p1a: Aerodactyl|Aerodactyl, F|302\/302\n|switch|p2a: Weezing|Weezing, M|334\/334\n|-ability|p1a: Aerodactyl|Unnerve\n|turn|1\n|c|\u2606RibombeeForUbers|ty\n|\n|t:|1665087002\n|move|p1a: Aerodactyl|Stealth Rock|p2a: Weezing\n|-sidestart|p2: gotsnsd|move: Stealth Rock\n|move|p2a: Weezing|Will-O-Wisp|p1a: Aerodactyl\n|-status|p1a: Aerodactyl|brn\n|\n|-damage|p1a: Aerodactyl|284\/302 brn|[from] brn\n|upkeep\n|turn|2\n|\n|t:|1665087006\n|switch|p1a: Indeedee|Indeedee-F, F|281\/281\n|-fieldstart|move: Psychic Terrain|[from] ability: Psychic Surge|[of] p1a: Indeedee\n|move|p2a: Weezing|Toxic Spikes|p1a: Indeedee\n|-sidestart|p1: RibombeeForUbers|move: Toxic Spikes\n|\n|upkeep\n|turn|3\n|j| eeeeeeeeeeee19\n|j| stunnagirl\n|\n|t:|1665087024\n|switch|p2a: Escavalier|Escavalier, F|344\/344\n|-damage|p2a: Escavalier|301\/344|[from] Stealth Rock\n|move|p1a: Indeedee|Expanding Force|p2a: Escavalier\n|-resisted|p2a: Escavalier\n|-damage|p2a: Escavalier|178\/344\n|\n|-heal|p2a: Escavalier|199\/344|[from] item: Leftovers\n|upkeep\n|turn|4\n|l| eeeeeeeeeeee19\n|\n|t:|1665087036\n|switch|p1a: Togedemaru|Togedemaru, M|333\/333\n|move|p2a: Escavalier|Protect||[still]\n|-fail|p2a: Escavalier\n|\n|-heal|p2a: Escavalier|220\/344|[from] item: Leftovers\n|upkeep\n|turn|5\n|inactive|gotsnsd has 120 seconds left.\n|\n|t:|1665087076\n|move|p2a: Escavalier|Protect|p2a: Escavalier\n|-singleturn|p2a: Escavalier|Protect\n|move|p1a: Togedemaru|Iron Head|p2a: Escavalier\n|-activate|p2a: Escavalier|move: Protect\n|\n|-heal|p2a: Escavalier|241\/344|[from] item: Leftovers\n|upkeep\n|turn|6\n|inactive|gotsnsd has 120 seconds left.\n|\n|t:|1665087081\n|move|p1a: Togedemaru|Iron Head|p2a: Escavalier\n|-resisted|p2a: Escavalier\n|-damage|p2a: Escavalier|197\/344\n|move|p2a: Escavalier|Knock Off|p1a: Togedemaru\n|-damage|p1a: Togedemaru|177\/333\n|-enditem|p1a: Togedemaru|Leftovers|[from] move: Knock Off|[of] p2a: Escavalier\n|\n|-heal|p2a: Escavalier|218\/344|[from] item: Leftovers\n|-fieldend|move: Psychic Terrain\n|upkeep\n|turn|7\n|\n|t:|1665087087\n|move|p2a: Escavalier|Protect|p2a: Escavalier\n|-singleturn|p2a: Escavalier|Protect\n|move|p1a: Togedemaru|Wish|p1a: Togedemaru\n|\n|-heal|p2a: Escavalier|239\/344|[from] item: Leftovers\n|upkeep\n|turn|8\n|\n|t:|1665087106\n|switch|p2a: Weezing|Weezing, M|334\/334\n|-damage|p2a: Weezing|293\/334|[from] Stealth Rock\n|move|p1a: Togedemaru|Spiky Shield||[still]\n|-fail|p1a: Togedemaru\n|\n|-heal|p1a: Togedemaru|333\/333|[from] move: Wish|[wisher] Togedemaru\n|upkeep\n|turn|9\n|l| stunnagirl\n|\n|t:|1665087115\n|switch|p1a: Mantine|Mantine, F|374\/374\n|move|p2a: Weezing|Will-O-Wisp|p1a: Mantine\n|-status|p1a: Mantine|brn\n|\n|-damage|p1a: Mantine|351\/374 brn|[from] brn\n|upkeep\n|turn|10\n|\n|t:|1665087122\n|switch|p2a: Rotom|Rotom-Mow|241\/241\n|-damage|p2a: Rotom|211\/241|[from] Stealth Rock\n|move|p1a: Mantine|Scald|p2a: Rotom\n|-resisted|p2a: Rotom\n|-damage|p2a: Rotom|172\/241\n|-status|p2a: Rotom|brn\n|\n|-heal|p2a: Rotom|187\/241 brn|[from] item: Leftovers\n|-damage|p2a: Rotom|172\/241 brn|[from] brn\n|-damage|p1a: Mantine|328\/374 brn|[from] brn\n|upkeep\n|turn|11\n|\n|t:|1665087134\n|switch|p1a: Togedemaru|Togedemaru, M|333\/333\n|move|p2a: Rotom|Volt Switch|p1a: Togedemaru\n|-ability|p1a: Togedemaru|Lightning Rod|boost\n|-boost|p1a: Togedemaru|spa|1\n|\n|-heal|p2a: Rotom|187\/241 brn|[from] item: Leftovers\n|-damage|p2a: Rotom|172\/241 brn|[from] brn\n|upkeep\n|turn|12\n|\n|t:|1665087145\n|move|p2a: Rotom|Defog|p1a: Togedemaru\n|-unboost|p1a: Togedemaru|evasion|1\n|-sideend|p1: RibombeeForUbers|Toxic Spikes|[from] move: Defog|[of] p2a: Rotom\n|-sideend|p2: gotsnsd|Stealth Rock|[from] move: Defog|[of] p2a: Rotom\n|move|p1a: Togedemaru|U-turn|p2a: Rotom\n|-supereffective|p2a: Rotom\n|-damage|p2a: Rotom|72\/241 brn\n|\n|t:|1665087160\n|switch|p1a: Drapion|Drapion, M|281\/281\n|\n|-heal|p2a: Rotom|87\/241 brn|[from] item: Leftovers\n|-damage|p2a: Rotom|72\/241 brn|[from] brn\n|upkeep\n|turn|13\n|\n|t:|1665087166\n|switch|p2a: Weezing|Weezing, M|293\/334\n|move|p1a: Drapion|Knock Off|p2a: Weezing\n|-damage|p2a: Weezing|209\/334\n|-damage|p1a: Drapion|235\/281|[from] item: Rocky Helmet|[of] p2a: Weezing\n|-enditem|p2a: Weezing|Rocky Helmet|[from] move: Knock Off|[of] p1a: Drapion\n|\n|-heal|p1a: Drapion|252\/281|[from] item: Black Sludge\n|upkeep\n|turn|14\n|\n|t:|1665087179\n|switch|p1a: Mantine|Mantine, F|328\/374 brn\n|switch|p2a: Diancie|Diancie|304\/304\n|\n|-damage|p1a: Mantine|305\/374 brn|[from] brn\n|upkeep\n|turn|15\n|\n|t:|1665087205\n|switch|p1a: Togedemaru|Togedemaru, M|333\/333\n|move|p2a: Diancie|Diamond Storm|p1a: Togedemaru\n|-resisted|p1a: Togedemaru\n|-damage|p1a: Togedemaru|243\/333\n|\n|upkeep\n|turn|16\n|\n|t:|1665087210\n|switch|p2a: Weezing|Weezing, M|209\/334\n|move|p1a: Togedemaru|Iron Head|p2a: Weezing\n|-damage|p2a: Weezing|151\/334\n|\n|upkeep\n|turn|17\n|\n|t:|1665087222\n|switch|p1a: Mantine|Mantine, F|305\/374 brn\n|move|p2a: Weezing|Pain Split|p1a: Mantine\n|-sethp|p1a: Mantine|228\/374 brn|[from] move: Pain Split|[silent]\n|-sethp|p2a: Weezing|228\/334|[from] move: Pain Split\n|\n|-damage|p1a: Mantine|205\/374 brn|[from] brn\n|upkeep\n|turn|18\n|\n|t:|1665087235\n|move|p1a: Mantine|Scald|p2a: Weezing\n|-damage|p2a: Weezing|125\/334\n|move|p2a: Weezing|Toxic Spikes|p1a: Mantine\n|-sidestart|p1: RibombeeForUbers|move: Toxic Spikes\n|\n|-damage|p1a: Mantine|182\/374 brn|[from] brn\n|upkeep\n|turn|19\n|\n|t:|1665087243\n|switch|p2a: Toxicroak|Toxicroak, F|307\/307\n|move|p1a: Mantine|Scald|p2a: Toxicroak\n|-immune|p2a: Toxicroak|[from] ability: Dry Skin\n|\n|-damage|p1a: Mantine|159\/374 brn|[from] brn\n|upkeep\n|turn|20\n|\n|t:|1665087249\n|move|p2a: Toxicroak|Gunk Shot|p1a: Mantine\n|-damage|p1a: Mantine|0 fnt\n|faint|p1a: Mantine\n|-damage|p2a: Toxicroak|277\/307|[from] item: Life Orb\n|\n|upkeep\n|\n|t:|1665087263\n|switch|p1a: Aerodactyl|Aerodactyl, F|284\/302 brn\n|-ability|p1a: Aerodactyl|Unnerve\n|turn|21\n|\n|t:|1665087288\n|switch|p2a: Escavalier|Escavalier, F|239\/344\n|move|p1a: Aerodactyl|Earthquake|p2a: Escavalier\n|-damage|p2a: Escavalier|193\/344\n|\n|-heal|p2a: Escavalier|214\/344|[from] item: Leftovers\n|-damage|p1a: Aerodactyl|266\/302 brn|[from] brn\n|upkeep\n|turn|22\n|\n|t:|1665087302\n|move|p1a: Aerodactyl|Stealth Rock|p2a: Escavalier\n|-sidestart|p2: gotsnsd|move: Stealth Rock\n|move|p2a: Escavalier|Knock Off|p1a: Aerodactyl\n|-damage|p1a: Aerodactyl|127\/302 brn\n|-enditem|p1a: Aerodactyl|Heavy-Duty Boots|[from] move: Knock Off|[of] p2a: Escavalier\n|\n|-heal|p2a: Escavalier|235\/344|[from] item: Leftovers\n|-damage|p1a: Aerodactyl|109\/302 brn|[from] brn\n|upkeep\n|turn|23\n|j| Ferenc Liszt\n|inactive|gotsnsd has 120 seconds left.\n|\n|t:|1665087322\n|switch|p1a: Togedemaru|Togedemaru, M|243\/333\n|switch|p2a: Weezing|Weezing, M|125\/334\n|-damage|p2a: Weezing|84\/334|[from] Stealth Rock\n|\n|upkeep\n|turn|24\n|\n|t:|1665087331\n|move|p1a: Togedemaru|Iron Head|p2a: Weezing\n|-damage|p2a: Weezing|26\/334\n|move|p2a: Weezing|Will-O-Wisp|p1a: Togedemaru\n|-status|p1a: Togedemaru|brn\n|\n|-damage|p1a: Togedemaru|223\/333 brn|[from] brn\n|upkeep\n|turn|25\n|j| dragontamermegs\n|\n|t:|1665087343\n|switch|p2a: Toxicroak|Toxicroak, F|277\/307\n|-damage|p2a: Toxicroak|258\/307|[from] Stealth Rock\n|move|p1a: Togedemaru|Iron Head|p2a: Toxicroak\n|-damage|p2a: Toxicroak|195\/307\n|\n|-damage|p1a: Togedemaru|203\/333 brn|[from] brn\n|upkeep\n|turn|26\n|\n|t:|1665087349\n|move|p2a: Toxicroak|Swords Dance|p2a: Toxicroak\n|-boost|p2a: Toxicroak|atk|2\n|move|p1a: Togedemaru|Wish|p1a: Togedemaru\n|\n|-damage|p1a: Togedemaru|183\/333 brn|[from] brn\n|upkeep\n|turn|27\n|\n|t:|1665087356\n|move|p1a: Togedemaru|Spiky Shield|p1a: Togedemaru\n|-singleturn|p1a: Togedemaru|move: Protect\n|move|p2a: Toxicroak|Swords Dance|p2a: Toxicroak\n|-boost|p2a: Toxicroak|atk|2\n|\n|-heal|p1a: Togedemaru|333\/333 brn|[from] move: Wish|[wisher] Togedemaru\n|-damage|p1a: Togedemaru|313\/333 brn|[from] brn\n|upkeep\n|turn|28\n|\n|t:|1665087360\n|move|p2a: Toxicroak|Drain Punch|p1a: Togedemaru\n|-supereffective|p1a: Togedemaru\n|-damage|p1a: Togedemaru|0 fnt\n|-heal|p2a: Toxicroak|307\/307|[from] drain|[of] p1a: Togedemaru\n|faint|p1a: Togedemaru\n|-damage|p2a: Toxicroak|277\/307|[from] item: Life Orb\n|\n|upkeep\n|\n|t:|1665087366\n|switch|p1a: Indeedee|Indeedee-F, F|281\/281\n|-status|p1a: Indeedee|psn\n|-fieldstart|move: Psychic Terrain|[from] ability: Psychic Surge|[of] p1a: Indeedee\n|turn|29\n|\n|t:|1665087376\n|switch|p2a: Weezing|Weezing, M|26\/334\n|-damage|p2a: Weezing|0 fnt|[from] Stealth Rock\n|faint|p2a: Weezing\n|move|p1a: Indeedee|Expanding Force|p2: Weezing|[notarget]\n|-fail|p1a: Indeedee\n|\n|-damage|p1a: Indeedee|246\/281 psn|[from] psn\n|upkeep\n|\n|t:|1665087389\n|switch|p2a: Escavalier|Escavalier, F|235\/344\n|-damage|p2a: Escavalier|192\/344|[from] Stealth Rock\n|turn|30\n|\n|t:|1665087394\n|switch|p1a: Aerodactyl|Aerodactyl, F|109\/302 brn\n|-ability|p1a: Aerodactyl|Unnerve\n|move|p2a: Escavalier|Protect||[still]\n|-fail|p2a: Escavalier\n|\n|-heal|p2a: Escavalier|213\/344|[from] item: Leftovers\n|-damage|p1a: Aerodactyl|91\/302 brn|[from] brn\n|upkeep\n|turn|31\n|\n|t:|1665087400\n|move|p2a: Escavalier|Protect|p2a: Escavalier\n|-singleturn|p2a: Escavalier|Protect\n|move|p1a: Aerodactyl|Stone Edge|p2a: Escavalier\n|-activate|p2a: Escavalier|move: Protect\n|\n|-heal|p2a: Escavalier|234\/344|[from] item: Leftovers\n|-damage|p1a: Aerodactyl|73\/302 brn|[from] brn\n|upkeep\n|turn|32\n|\n|t:|1665087409\n|move|p1a: Aerodactyl|Stone Edge|p2a: Escavalier\n|-damage|p2a: Escavalier|167\/344\n|move|p2a: Escavalier|Knock Off|p1a: Aerodactyl\n|-damage|p1a: Aerodactyl|0 fnt\n|faint|p1a: Aerodactyl\n|\n|-heal|p2a: Escavalier|188\/344|[from] item: Leftovers\n|upkeep\n|\n|t:|1665087413\n|switch|p1a: Drapion|Drapion, M|252\/281\n|-sideend|p1: RibombeeForUbers|move: Toxic Spikes|[of] p1a: Drapion\n|turn|33\n|\n|t:|1665087418\n|move|p2a: Escavalier|Protect|p2a: Escavalier\n|-singleturn|p2a: Escavalier|Protect\n|move|p1a: Drapion|Knock Off|p2a: Escavalier\n|-activate|p2a: Escavalier|move: Protect\n|\n|-heal|p1a: Drapion|269\/281|[from] item: Black Sludge\n|-heal|p2a: Escavalier|209\/344|[from] item: Leftovers\n|-fieldend|move: Psychic Terrain\n|upkeep\n|turn|34\n|\n|t:|1665087429\n|move|p1a: Drapion|Knock Off|p2a: Escavalier\n|-damage|p2a: Escavalier|74\/344\n|-enditem|p2a: Escavalier|Leftovers|[from] move: Knock Off|[of] p1a: Drapion\n|move|p2a: Escavalier|Knock Off|p1a: Drapion\n|-resisted|p1a: Drapion\n|-damage|p1a: Drapion|220\/281\n|-enditem|p1a: Drapion|Black Sludge|[from] move: Knock Off|[of] p2a: Escavalier\n|\n|upkeep\n|turn|35\n|j|%htcl (>\u25e1<)\n|\n|t:|1665087441\n|move|p1a: Drapion|Swords Dance|p1a: Drapion\n|-boost|p1a: Drapion|atk|2\n|move|p2a: Escavalier|Iron Head|p1a: Drapion\n|-damage|p1a: Drapion|111\/281\n|\n|upkeep\n|turn|36\n|\n|t:|1665087452\n|move|p1a: Drapion|Knock Off|p2a: Escavalier\n|-damage|p2a: Escavalier|0 fnt\n|faint|p2a: Escavalier\n|\n|upkeep\n|\n|t:|1665087462\n|switch|p2a: Toxicroak|Toxicroak, F|277\/307\n|-damage|p2a: Toxicroak|258\/307|[from] Stealth Rock\n|turn|37\n|\n|t:|1665087470\n|move|p1a: Drapion|Poison Jab|p2a: Toxicroak\n|-resisted|p2a: Toxicroak\n|-damage|p2a: Toxicroak|102\/307\n|move|p2a: Toxicroak|Drain Punch|p1a: Drapion\n|-damage|p1a: Drapion|0 fnt\n|-heal|p2a: Toxicroak|158\/307|[from] drain|[of] p1a: Drapion\n|faint|p1a: Drapion\n|-damage|p2a: Toxicroak|128\/307|[from] item: Life Orb\n|\n|upkeep\n|\n|t:|1665087474\n|switch|p1a: Indeedee|Indeedee-F, F|246\/281 psn\n|-fieldstart|move: Psychic Terrain|[from] ability: Psychic Surge|[of] p1a: Indeedee\n|turn|38\n|\n|t:|1665087483\n|switch|p2a: Rotom|Rotom-Mow|72\/241 brn\n|-damage|p2a: Rotom|42\/241 brn|[from] Stealth Rock\n|move|p1a: Indeedee|Expanding Force|p2a: Rotom\n|-damage|p2a: Rotom|0 fnt\n|faint|p2a: Rotom\n|\n|-damage|p1a: Indeedee|211\/281 psn|[from] psn\n|upkeep\n|\n|t:|1665087510\n|switch|p2a: Diancie|Diancie|304\/304\n|-damage|p2a: Diancie|266\/304|[from] Stealth Rock\n|turn|39\n|\n|t:|1665087518\n|move|p1a: Indeedee|Expanding Force|p2a: Diancie\n|-damage|p2a: Diancie|64\/304\n|move|p2a: Diancie|Body Press|p1a: Indeedee\n|-damage|p1a: Indeedee|83\/281 psn\n|\n|-heal|p2a: Diancie|83\/304|[from] item: Leftovers\n|-damage|p1a: Indeedee|48\/281 psn|[from] psn\n|upkeep\n|turn|40\n|\n|t:|1665087525\n|move|p1a: Indeedee|Expanding Force|p2a: Diancie\n|-damage|p2a: Diancie|0 fnt\n|faint|p2a: Diancie\n|\n|-damage|p1a: Indeedee|13\/281 psn|[from] psn\n|upkeep\n|\n|t:|1665087528\n|switch|p2a: Quagsire|Quagsire, F|394\/394\n|-damage|p2a: Quagsire|370\/394|[from] Stealth Rock\n|turn|41\n|\n|t:|1665087534\n|move|p2a: Quagsire|Protect|p2a: Quagsire\n|-singleturn|p2a: Quagsire|Protect\n|move|p1a: Indeedee|Expanding Force|p2a: Quagsire\n|-activate|p2a: Quagsire|move: Protect\n|\n|-heal|p2a: Quagsire|394\/394|[from] item: Leftovers\n|-damage|p1a: Indeedee|0 fnt|[from] psn\n|faint|p1a: Indeedee\n|upkeep\n|\n|t:|1665087536\n|switch|p1a: Grimmsnarl|Grimmsnarl, M|332\/332\n|-item|p2a: Quagsire|Leftovers|[from] ability: Frisk|[of] p1a: Grimmsnarl|[identify]\n|turn|42\n|\n|t:|1665087543\n|move|p1a: Grimmsnarl|Power Whip|p2a: Quagsire\n|-supereffective|p2a: Quagsire\n|-damage|p2a: Quagsire|0 fnt\n|faint|p2a: Quagsire\n|\n|-fieldend|move: Psychic Terrain\n|upkeep\n|\n|t:|1665087546\n|switch|p2a: Toxicroak|Toxicroak, F|128\/307\n|-damage|p2a: Toxicroak|109\/307|[from] Stealth Rock\n|turn|43\n|j| zaydapoketrainer\n|\n|t:|1665087550\n|move|p2a: Toxicroak|Gunk Shot|p1a: Grimmsnarl\n|-supereffective|p1a: Grimmsnarl\n|-damage|p1a: Grimmsnarl|0 fnt\n|faint|p1a: Grimmsnarl\n|-damage|p2a: Toxicroak|79\/307|[from] item: Life Orb\n|\n|win|gotsnsd\n|n|\u2606RibombeeForUbers|ribombeeforubers\n|n|\u2606gotsnsd|gotsnsd\n|n| VGC 2069 is fun|vgc2069isfun\n|n| GengarAdept|gengaradept\n|n| exploraxALT|exploraxalt\n|n| Rotfront|rotfront\n|n| Ferenc Liszt|ferencliszt\n|n| dragontamermegs|dragontamermegs\n|n| htcl (>\u25e1<)|htcl\n|n| zaydapoketrainer|zaydapoketrainer\n","uploadtime":1665087551,"views":10,"p1id":"ribombeeforubers","p2id":"gotsnsd","formatid":"gen8battlefactory","rating":0,"private":0,"password":null}