{"id":"gen8nationaldex-1584798958","p1":"Sir Fresh","p2":"Neil278","format":"gen8nationaldex","log":"|j|\u2606Sir Fresh\n|j|\u2606Neil278\n|t:|1653765235\n|gametype|singles\n|player|p1|Sir Fresh|palmer|\n|player|p2|Neil278|2|\n|teamsize|p1|6\n|teamsize|p2|6\n|gen|8\n|tier|[Gen 8] National Dex\n|rule|HP Percentage Mod: HP is shown in percentages\n|rule|Endless Battle Clause: Forcing endless battles is banned\n|rule|OHKO Clause: OHKO moves are banned\n|rule|Evasion Moves Clause: Evasion moves are banned\n|rule|Species Clause: Limit one of each Pok\u00e9mon\n|rule|Dynamax Clause: You cannot dynamax\n|rule|Sleep Clause Mod: Limit one foe put to sleep\n|clearpoke\n|poke|p1|Sceptile, M|\n|poke|p1|Blaziken, M|\n|poke|p1|Swampert, M|\n|poke|p1|Gardevoir, F|\n|poke|p1|Metagross|\n|poke|p1|Milotic, F|\n|poke|p2|Blaziken, F|\n|poke|p2|Swampert, F|\n|poke|p2|Pelipper, F|\n|poke|p2|Jirachi|\n|poke|p2|Breloom, M|\n|poke|p2|Latios, M|\n|teampreview\n|c|\u2606Neil278|GLHF!\n|c|\u2606Sir Fresh|Glhf\n|\n|t:|1653765263\n|start\n|switch|p1a: Blaziken|Blaziken, M|100\/100\n|switch|p2a: Breloom|Breloom, M|100\/100\n|turn|1\n|\n|t:|1653765270\n|switch|p1a: Sceptile|Sceptile, M|100\/100\n|move|p2a: Breloom|Spore|p1a: Sceptile\n|-immune|p1a: Sceptile\n|\n|upkeep\n|turn|2\n|\n|t:|1653765277\n|detailschange|p1a: Sceptile|Sceptile-Mega, M\n|-mega|p1a: Sceptile|Sceptile|Sceptilite\n|move|p1a: Sceptile|Dragon Pulse|p2a: Breloom\n|-damage|p2a: Breloom|2\/100\n|move|p2a: Breloom|Drain Punch|p1a: Sceptile\n|-damage|p1a: Sceptile|42\/100\n|-heal|p2a: Breloom|33\/100|[from] drain|[of] p1a: Sceptile\n|\n|upkeep\n|turn|3\n|\n|t:|1653765286\n|move|p2a: Breloom|Mach Punch|p1a: Sceptile\n|-damage|p1a: Sceptile|0 fnt\n|faint|p1a: Sceptile\n|\n|upkeep\n|\n|t:|1653765294\n|switch|p1a: Gardevoir|Gardevoir, F|100\/100\n|-ability|p1a: Gardevoir|Technician|[from] ability: Trace|[of] p2a: Breloom\n|turn|4\n|\n|t:|1653765305\n|switch|p2a: Pelipper|Pelipper, F|100\/100\n|-weather|RainDance|[from] ability: Drizzle|[of] p2a: Pelipper\n|move|p1a: Gardevoir|Moonblast|p2a: Pelipper\n|-damage|p2a: Pelipper|31\/100\n|\n|-weather|RainDance|[upkeep]\n|upkeep\n|turn|5\n|j| Willis_Hescock\n|\n|t:|1653765316\n|switch|p1a: Swampert|Swampert, M|100\/100\n|switch|p2a: Jirachi|Jirachi|100\/100\n|\n|-weather|RainDance|[upkeep]\n|upkeep\n|turn|6\n|\n|t:|1653765324\n|move|p2a: Jirachi|Wish|p2a: Jirachi\n|move|p1a: Swampert|Stealth Rock|p2a: Jirachi\n|-sidestart|p2: Neil278|move: Stealth Rock\n|\n|-weather|RainDance|[upkeep]\n|upkeep\n|turn|7\n|\n|t:|1653765385\n|switch|p2a: Swampert|Swampert, F|100\/100\n|-damage|p2a: Swampert|94\/100|[from] Stealth Rock\n|move|p1a: Swampert|Flip Turn|p2a: Swampert\n|-damage|p2a: Swampert|59\/100\n|\n|t:|1653765390\n|switch|p1a: Milotic|Milotic, F|100\/100|[from]move: Flip Turn\n|\n|-weather|RainDance|[upkeep]\n|-heal|p2a: Swampert|100\/100|[from] move: Wish|[wisher] Jirachi\n|-status|p1a: Milotic|brn|[from] item: Flame Orb\n|upkeep\n|turn|8\n|\n|t:|1653765400\n|detailschange|p2a: Swampert|Swampert-Mega, F\n|-mega|p2a: Swampert|Swampert|Swampertite\n|move|p2a: Swampert|Flip Turn|p1a: Milotic\n|-resisted|p1a: Milotic\n|-damage|p1a: Milotic|88\/100 brn\n|\n|t:|1653765407\n|switch|p2a: Latios|Latios, M|100\/100|[from]move: Flip Turn\n|-damage|p2a: Latios|88\/100|[from] Stealth Rock\n|move|p1a: Milotic|Scald|p2a: Latios\n|-resisted|p2a: Latios\n|-damage|p2a: Latios|66\/100\n|\n|-weather|RainDance|[upkeep]\n|-damage|p1a: Milotic|81\/100 brn|[from] brn\n|upkeep\n|turn|9\n|\n|t:|1653765417\n|switch|p1a: Metagross|Metagross|100\/100\n|move|p2a: Latios|Energy Ball|p1a: Metagross\n|-resisted|p1a: Metagross\n|-damage|p1a: Metagross|79\/100\n|-damage|p2a: Latios|56\/100|[from] item: Life Orb\n|\n|-weather|RainDance|[upkeep]\n|upkeep\n|turn|10\n|\n|t:|1653765428\n|switch|p2a: Jirachi|Jirachi|100\/100\n|-damage|p2a: Jirachi|94\/100|[from] Stealth Rock\n|move|p1a: Metagross|Bullet Punch|p2a: Jirachi\n|-resisted|p2a: Jirachi\n|-damage|p2a: Jirachi|86\/100\n|\n|-weather|RainDance|[upkeep]\n|-heal|p2a: Jirachi|92\/100|[from] item: Leftovers\n|upkeep\n|turn|11\n|\n|t:|1653765438\n|move|p2a: Jirachi|Wish|p2a: Jirachi\n|move|p1a: Metagross|Earthquake|p2a: Jirachi\n|-supereffective|p2a: Jirachi\n|-damage|p2a: Jirachi|35\/100\n|\n|-weather|none\n|-heal|p2a: Jirachi|41\/100|[from] item: Leftovers\n|upkeep\n|turn|12\n|\n|t:|1653765446\n|move|p2a: Jirachi|Protect|p2a: Jirachi\n|-singleturn|p2a: Jirachi|Protect\n|move|p1a: Metagross|Earthquake|p2a: Jirachi\n|-activate|p2a: Jirachi|move: Protect\n|\n|-heal|p2a: Jirachi|91\/100|[from] move: Wish|[wisher] Jirachi\n|-heal|p2a: Jirachi|97\/100|[from] item: Leftovers\n|upkeep\n|turn|13\n|\n|t:|1653765454\n|switch|p2a: Pelipper|Pelipper, F|31\/100\n|-damage|p2a: Pelipper|6\/100|[from] Stealth Rock\n|-weather|RainDance|[from] ability: Drizzle|[of] p2a: Pelipper\n|move|p1a: Metagross|Earthquake|p2a: Pelipper\n|-immune|p2a: Pelipper\n|\n|-weather|RainDance|[upkeep]\n|upkeep\n|turn|14\n|\n|t:|1653765462\n|move|p1a: Metagross|Bullet Punch|p2a: Pelipper\n|-resisted|p2a: Pelipper\n|-damage|p2a: Pelipper|0 fnt\n|faint|p2a: Pelipper\n|\n|-weather|RainDance|[upkeep]\n|upkeep\n|\n|t:|1653765468\n|switch|p2a: Swampert|Swampert-Mega, F|100\/100\n|-damage|p2a: Swampert|94\/100|[from] Stealth Rock\n|turn|15\n|\n|t:|1653765473\n|switch|p1a: Milotic|Milotic, F|81\/100 brn\n|move|p2a: Swampert|Liquidation|p1a: Milotic\n|-resisted|p1a: Milotic\n|-crit|p1a: Milotic\n|-damage|p1a: Milotic|54\/100 brn\n|\n|-weather|RainDance|[upkeep]\n|-damage|p1a: Milotic|48\/100 brn|[from] brn\n|upkeep\n|turn|16\n|\n|t:|1653765481\n|move|p2a: Swampert|Flip Turn|p1a: Milotic\n|-resisted|p1a: Milotic\n|-damage|p1a: Milotic|34\/100 brn\n|\n|t:|1653765487\n|switch|p2a: Breloom|Breloom, M|33\/100|[from]move: Flip Turn\n|-damage|p2a: Breloom|27\/100|[from] Stealth Rock\n|move|p1a: Milotic|Recover|p1a: Milotic\n|-heal|p1a: Milotic|84\/100 brn\n|\n|-weather|RainDance|[upkeep]\n|-damage|p1a: Milotic|78\/100 brn|[from] brn\n|upkeep\n|turn|17\n|\n|t:|1653765497\n|switch|p1a: Metagross|Metagross|79\/100\n|move|p2a: Breloom|Seed Bomb|p1a: Metagross\n|-resisted|p1a: Metagross\n|-damage|p1a: Metagross|64\/100\n|\n|-weather|RainDance|[upkeep]\n|upkeep\n|turn|18\n|\n|t:|1653765505\n|move|p1a: Metagross|Bullet Punch|p2a: Breloom\n|-damage|p2a: Breloom|0 fnt\n|faint|p2a: Breloom\n|\n|-weather|RainDance|[upkeep]\n|upkeep\n|\n|t:|1653765510\n|switch|p2a: Swampert|Swampert-Mega, F|94\/100\n|-damage|p2a: Swampert|88\/100|[from] Stealth Rock\n|turn|19\n|\n|t:|1653765529\n|switch|p1a: Swampert|Swampert, M|100\/100\n|move|p2a: Swampert|Earthquake|p1a: Swampert\n|-damage|p1a: Swampert|49\/100\n|\n|-weather|RainDance|[upkeep]\n|-heal|p1a: Swampert|55\/100|[from] item: Leftovers\n|upkeep\n|turn|20\n|\n|t:|1653765546\n|switch|p1a: Milotic|Milotic, F|78\/100 brn\n|move|p2a: Swampert|Liquidation|p1a: Milotic\n|-resisted|p1a: Milotic\n|-damage|p1a: Milotic|60\/100 brn\n|\n|-weather|none\n|-damage|p1a: Milotic|54\/100 brn|[from] brn\n|upkeep\n|turn|21\n|\n|t:|1653765553\n|move|p2a: Swampert|Earthquake|p1a: Milotic\n|-damage|p1a: Milotic|27\/100 brn\n|move|p1a: Milotic|Recover|p1a: Milotic\n|-heal|p1a: Milotic|77\/100 brn\n|\n|-damage|p1a: Milotic|71\/100 brn|[from] brn\n|upkeep\n|turn|22\n|\n|t:|1653765560\n|move|p2a: Swampert|Flip Turn|p1a: Milotic\n|-resisted|p1a: Milotic\n|-damage|p1a: Milotic|63\/100 brn\n|\n|t:|1653765567\n|switch|p2a: Jirachi|Jirachi|97\/100|[from]move: Flip Turn\n|-damage|p2a: Jirachi|91\/100|[from] Stealth Rock\n|move|p1a: Milotic|Recover|p1a: Milotic\n|-heal|p1a: Milotic|100\/100 brn\n|\n|-heal|p2a: Jirachi|97\/100|[from] item: Leftovers\n|-damage|p1a: Milotic|94\/100 brn|[from] brn\n|upkeep\n|turn|23\n|\n|t:|1653765575\n|move|p2a: Jirachi|Body Slam|p1a: Milotic\n|-damage|p1a: Milotic|84\/100 brn\n|move|p1a: Milotic|Scald|p2a: Jirachi\n|-damage|p2a: Jirachi|79\/100\n|\n|-heal|p2a: Jirachi|85\/100|[from] item: Leftovers\n|-damage|p1a: Milotic|78\/100 brn|[from] brn\n|upkeep\n|turn|24\n|\n|t:|1653765584\n|move|p2a: Jirachi|Wish|p2a: Jirachi\n|move|p1a: Milotic|Scald|p2a: Jirachi\n|-damage|p2a: Jirachi|66\/100\n|\n|-heal|p2a: Jirachi|72\/100|[from] item: Leftovers\n|-damage|p1a: Milotic|72\/100 brn|[from] brn\n|upkeep\n|turn|25\n|\n|t:|1653765593\n|switch|p2a: Latios|Latios, M|56\/100\n|-damage|p2a: Latios|44\/100|[from] Stealth Rock\n|move|p1a: Milotic|Ice Beam|p2a: Latios\n|-supereffective|p2a: Latios\n|-damage|p2a: Latios|0 fnt\n|faint|p2a: Latios\n|\n|-damage|p1a: Milotic|66\/100 brn|[from] brn\n|upkeep\n|\n|t:|1653765602\n|switch|p2a: Blaziken|Blaziken, F|100\/100\n|-damage|p2a: Blaziken|88\/100|[from] Stealth Rock\n|turn|26\n|c|\u2606Neil278|gg\n|\n|t:|1653765614\n|move|p2a: Blaziken|Protect|p2a: Blaziken\n|-singleturn|p2a: Blaziken|Protect\n|move|p1a: Milotic|Recover|p1a: Milotic\n|-heal|p1a: Milotic|100\/100 brn\n|\n|-damage|p1a: Milotic|94\/100 brn|[from] brn\n|-ability|p2a: Blaziken|Speed Boost|boost\n|-boost|p2a: Blaziken|spe|1\n|upkeep\n|turn|27\n|\n|t:|1653765623\n|move|p2a: Blaziken|Swords Dance|p2a: Blaziken\n|-boost|p2a: Blaziken|atk|2\n|move|p1a: Milotic|Scald|p2a: Blaziken\n|-supereffective|p2a: Blaziken\n|-damage|p2a: Blaziken|10\/100\n|\n|-damage|p1a: Milotic|88\/100 brn|[from] brn\n|-ability|p2a: Blaziken|Speed Boost|boost\n|-boost|p2a: Blaziken|spe|1\n|upkeep\n|turn|28\n|\n|t:|1653765633\n|switch|p1a: Metagross|Metagross|64\/100\n|move|p2a: Blaziken|Close Combat|p1a: Metagross\n|-damage|p1a: Metagross|0 fnt\n|-unboost|p2a: Blaziken|def|1\n|-unboost|p2a: Blaziken|spd|1\n|-damage|p2a: Blaziken|0 fnt|[from] item: Rocky Helmet|[of] p1a: Metagross\n|faint|p1a: Metagross\n|faint|p2a: Blaziken\n|\n|upkeep\n|\n|t:|1653765644\n|switch|p2a: Swampert|Swampert-Mega, F|88\/100\n|switch|p1a: Milotic|Milotic, F|88\/100 brn\n|-damage|p2a: Swampert|82\/100|[from] Stealth Rock\n|turn|29\n|\n|t:|1653765649\n|move|p2a: Swampert|Earthquake|p1a: Milotic\n|-damage|p1a: Milotic|58\/100 brn\n|move|p1a: Milotic|Scald|p2a: Swampert\n|-damage|p2a: Swampert|58\/100\n|\n|-damage|p1a: Milotic|52\/100 brn|[from] brn\n|upkeep\n|turn|30\n|\n|t:|1653765657\n|move|p2a: Swampert|Earthquake|p1a: Milotic\n|-damage|p1a: Milotic|21\/100 brn\n|move|p1a: Milotic|Recover|p1a: Milotic\n|-heal|p1a: Milotic|71\/100 brn\n|\n|-damage|p1a: Milotic|65\/100 brn|[from] brn\n|upkeep\n|turn|31\n|\n|t:|1653765663\n|move|p2a: Swampert|Earthquake|p1a: Milotic\n|-damage|p1a: Milotic|38\/100 brn\n|move|p1a: Milotic|Recover|p1a: Milotic\n|-heal|p1a: Milotic|88\/100 brn\n|\n|-damage|p1a: Milotic|81\/100 brn|[from] brn\n|upkeep\n|turn|32\n|\n|t:|1653765670\n|switch|p1a: Swampert|Swampert, M|55\/100\n|move|p2a: Swampert|Earthquake|p1a: Swampert\n|-damage|p1a: Swampert|2\/100\n|\n|-heal|p1a: Swampert|8\/100|[from] item: Leftovers\n|upkeep\n|turn|33\n|\n|t:|1653765677\n|move|p2a: Swampert|Flip Turn|p1a: Swampert\n|-damage|p1a: Swampert|0 fnt\n|faint|p1a: Swampert\n|\n|t:|1653765680\n|switch|p2a: Jirachi|Jirachi|72\/100|[from]move: Flip Turn\n|-damage|p2a: Jirachi|66\/100|[from] Stealth Rock\n|\n|-heal|p2a: Jirachi|72\/100|[from] item: Leftovers\n|upkeep\n|\n|t:|1653765688\n|switch|p1a: Blaziken|Blaziken, M|100\/100\n|turn|34\n|\n|t:|1653765696\n|move|p1a: Blaziken|Flare Blitz|p2a: Jirachi\n|-supereffective|p2a: Jirachi\n|-damage|p2a: Jirachi|0 fnt\n|faint|p2a: Jirachi\n|-damage|p1a: Blaziken|69\/100|[from] Recoil\n|\n|-ability|p1a: Blaziken|Speed Boost|boost\n|-boost|p1a: Blaziken|spe|1\n|upkeep\n|c|\u2606Sir Fresh|Gg\n|\n|t:|1653765703\n|switch|p2a: Swampert|Swampert-Mega, F|58\/100\n|-damage|p2a: Swampert|52\/100|[from] Stealth Rock\n|turn|35\n|\n|t:|1653765709\n|move|p1a: Blaziken|Close Combat|p2a: Swampert\n|-damage|p2a: Swampert|0 fnt\n|-unboost|p1a: Blaziken|def|1\n|-unboost|p1a: Blaziken|spd|1\n|faint|p2a: Swampert\n|\n|win|Sir Fresh\n","uploadtime":1653765719,"views":16,"p1id":"sirfresh","p2id":"neil278","formatid":"gen8nationaldex","rating":0,"private":0,"password":null}