{"id":"gen8ou-1660638717","p1":"pok3banter","p2":"Not Sarcasm","format":"gen8ou","log":"|j|\u2606pok3banter\n|j|\u2606Not Sarcasm\n|t:|1662792884\n|gametype|singles\n|player|p1|pok3banter|preschooler|1701\n|player|p2|Not Sarcasm|169|1731\n|teamsize|p1|6\n|teamsize|p2|6\n|gen|8\n|tier|[Gen 8] OU\n|rated|\n|rule|Sleep Clause Mod: Limit one foe put to sleep\n|rule|Species Clause: Limit one of each Pok\u00e9mon\n|rule|OHKO Clause: OHKO moves are banned\n|rule|Evasion Items Clause: Evasion items are banned\n|rule|Evasion Moves Clause: Evasion moves are banned\n|rule|Endless Battle Clause: Forcing endless battles is banned\n|rule|HP Percentage Mod: HP is shown in percentages\n|rule|Dynamax Clause: You cannot dynamax\n|clearpoke\n|poke|p1|Buzzwole|\n|poke|p1|Toxapex, F|\n|poke|p1|Obstagoon, F|\n|poke|p1|Hippowdon, M|\n|poke|p1|Zapdos|\n|poke|p1|Aegislash, F|\n|poke|p2|Pelipper, M|\n|poke|p2|Seismitoad, M|\n|poke|p2|Zapdos|\n|poke|p2|Ferrothorn, M|\n|poke|p2|Barraskewda, F|\n|poke|p2|Crawdaunt, F|\n|teampreview\n|inactive|Battle timer is ON: inactive players will automatically lose when time's up. (requested by pok3banter)\n|inactive|Not Sarcasm has 120 seconds left.\n|\n|t:|1662792941\n|start\n|switch|p1a: Zapdos|Zapdos|100\/100\n|switch|p2a: Let's in the rain|Pelipper, M|100\/100\n|-weather|RainDance|[from] ability: Drizzle|[of] p2a: Let's in the rain\n|turn|1\n|\n|t:|1662792952\n|switch|p2a: Zapdos|Zapdos|100\/100\n|move|p1a: Zapdos|Hurricane|p2a: Zapdos\n|-resisted|p2a: Zapdos\n|-damage|p2a: Zapdos|74\/100\n|\n|-weather|RainDance|[upkeep]\n|upkeep\n|turn|2\n|\n|t:|1662792960\n|switch|p2a: Crawdaunt|Crawdaunt, F|100\/100\n|switch|p1a: Hippowdon|Hippowdon, M|100\/100\n|-weather|Sandstorm|[from] ability: Sand Stream|[of] p1a: Hippowdon\n|\n|-weather|Sandstorm|[upkeep]\n|-damage|p2a: Crawdaunt|95\/100|[from] Sandstorm\n|upkeep\n|turn|3\n|\n|t:|1662792968\n|switch|p1a: Toxapex|Toxapex, F|100\/100\n|move|p2a: Crawdaunt|Swords Dance|p2a: Crawdaunt\n|-boost|p2a: Crawdaunt|atk|2\n|\n|-weather|Sandstorm|[upkeep]\n|-damage|p2a: Crawdaunt|89\/100|[from] Sandstorm\n|-damage|p1a: Toxapex|95\/100|[from] Sandstorm\n|upkeep\n|turn|4\n|\n|t:|1662792975\n|move|p2a: Crawdaunt|Knock Off|p1a: Toxapex\n|-damage|p1a: Toxapex|0 fnt\n|-enditem|p1a: Toxapex|Shed Shell|[from] move: Knock Off|[of] p2a: Crawdaunt\n|faint|p1a: Toxapex\n|-damage|p2a: Crawdaunt|79\/100|[from] item: Life Orb\n|\n|-weather|Sandstorm|[upkeep]\n|-damage|p2a: Crawdaunt|73\/100|[from] Sandstorm\n|upkeep\n|c|\u2606Not Sarcasm|ouch\n|inactive|pok3banter has 120 seconds left.\n|\n|t:|1662793013\n|switch|p1a: Buzzwole|Buzzwole|100\/100\n|turn|5\n|\n|t:|1662793020\n|switch|p2a: Zapdos|Zapdos|74\/100\n|move|p1a: Buzzwole|Close Combat|p2a: Zapdos\n|-resisted|p2a: Zapdos\n|-damage|p2a: Zapdos|32\/100\n|-unboost|p1a: Buzzwole|def|1\n|-unboost|p1a: Buzzwole|spd|1\n|-status|p1a: Buzzwole|par|[from] ability: Static|[of] p2a: Zapdos\n|\n|-weather|Sandstorm|[upkeep]\n|-damage|p2a: Zapdos|25\/100|[from] Sandstorm\n|-damage|p1a: Buzzwole|94\/100 par|[from] Sandstorm\n|upkeep\n|turn|6\n|c|\u2606pok3banter|did not this it killed\n|c|\u2606pok3banter|think\n|inactive|pok3banter has 120 seconds left.\n|c|\u2606Not Sarcasm|+2 knock off?\n|\n|t:|1662793046\n|switch|p1a: Zapdos|Zapdos|100\/100\n|move|p2a: Zapdos|Hurricane|p1a: Zapdos|[miss]\n|-miss|p2a: Zapdos|p1a: Zapdos\n|\n|-weather|none\n|upkeep\n|turn|7\n|inactive|pok3banter has 120 seconds left.\n|c|\u2606pok3banter|yeh i swear ive survived it against other teams\n|c|\u2606pok3banter|actually no those were trick room teams so i outsped and used haze\n|c|\u2606pok3banter|mb\n|inactive|pok3banter has 90 seconds left.\n|c|\u2606Not Sarcasm|+2?\n|\n|t:|1662793088\n|move|p2a: Zapdos|Roost|p2a: Zapdos\n|-heal|p2a: Zapdos|76\/100\n|-singleturn|p2a: Zapdos|move: Roost\n|move|p1a: Zapdos|Volt Switch|p2a: Zapdos\n|-resisted|p2a: Zapdos\n|-damage|p2a: Zapdos|59\/100\n|inactive|pok3banter has 90 seconds left.\n|c|\u2606Not Sarcasm|+2 252+ Atk Life Orb Adaptability Crawdaunt Knock Off (97.5 BP) vs. 252 HP \/ 252+ Def Toxapex: 304-359 (100 - 118%) -- guaranteed OHKO\n|c|\u2606pok3banter|yeh but pex has hazed it before it hits in the past\n|c|\u2606Not Sarcasm|ah fair\\\n|inactive|pok3banter has 60 seconds left.\n|c|\u2606pok3banter|so i was thinking i survived just cus i usually get the haze off lol\n|\n|t:|1662793131\n|switch|p1a: Hippowdon|Hippowdon, M|100\/100|[from]move: Volt Switch\n|-weather|Sandstorm|[from] ability: Sand Stream|[of] p1a: Hippowdon\n|\n|-weather|Sandstorm|[upkeep]\n|-damage|p2a: Zapdos|53\/100|[from] Sandstorm\n|upkeep\n|turn|8\n|\n|t:|1662793138\n|switch|p2a: Ferrothorn|Ferrothorn, M|100\/100\n|move|p1a: Hippowdon|Stealth Rock|p2a: Ferrothorn\n|-sidestart|p2: Not Sarcasm|move: Stealth Rock\n|\n|-weather|Sandstorm|[upkeep]\n|upkeep\n|turn|9\n|\n|t:|1662793147\n|switch|p1a: Zapdos|Zapdos|100\/100\n|move|p2a: Ferrothorn|Stealth Rock|p1a: Zapdos\n|-sidestart|p1: pok3banter|move: Stealth Rock\n|\n|-weather|Sandstorm|[upkeep]\n|-damage|p1a: Zapdos|94\/100|[from] Sandstorm\n|upkeep\n|turn|10\n|\n|t:|1662793154\n|switch|p2a: Zapdos|Zapdos|53\/100\n|move|p1a: Zapdos|Hurricane|p2a: Zapdos\n|-resisted|p2a: Zapdos\n|-damage|p2a: Zapdos|26\/100\n|\n|-weather|Sandstorm|[upkeep]\n|-damage|p2a: Zapdos|20\/100|[from] Sandstorm\n|-damage|p1a: Zapdos|88\/100|[from] Sandstorm\n|upkeep\n|turn|11\n|\n|t:|1662793167\n|move|p2a: Zapdos|Roost|p2a: Zapdos\n|-heal|p2a: Zapdos|70\/100\n|-singleturn|p2a: Zapdos|move: Roost\n|move|p1a: Zapdos|Hurricane|p2a: Zapdos\n|-resisted|p2a: Zapdos\n|-damage|p2a: Zapdos|43\/100\n|-start|p2a: Zapdos|confusion\n|\n|-weather|none\n|upkeep\n|turn|12\n|\n|t:|1662793175\n|-activate|p2a: Zapdos|confusion\n|move|p2a: Zapdos|Roost|p2a: Zapdos\n|-heal|p2a: Zapdos|93\/100\n|-singleturn|p2a: Zapdos|move: Roost\n|move|p1a: Zapdos|Volt Switch|p2a: Zapdos\n|-resisted|p2a: Zapdos\n|-damage|p2a: Zapdos|76\/100\n|\n|t:|1662793178\n|switch|p1a: Hippowdon|Hippowdon, M|100\/100|[from]move: Volt Switch\n|-damage|p1a: Hippowdon|94\/100|[from] Stealth Rock\n|-weather|Sandstorm|[from] ability: Sand Stream|[of] p1a: Hippowdon\n|\n|-weather|Sandstorm|[upkeep]\n|-damage|p2a: Zapdos|70\/100|[from] Sandstorm\n|-heal|p1a: Hippowdon|100\/100|[from] item: Leftovers\n|upkeep\n|turn|13\n|\n|t:|1662793189\n|switch|p2a: Ferrothorn|Ferrothorn, M|100\/100\n|-damage|p2a: Ferrothorn|95\/100|[from] Stealth Rock\n|move|p1a: Hippowdon|Toxic|p2a: Ferrothorn\n|-immune|p2a: Ferrothorn\n|\n|-weather|Sandstorm|[upkeep]\n|-heal|p2a: Ferrothorn|100\/100|[from] item: Leftovers\n|upkeep\n|turn|14\n|\n|t:|1662793197\n|switch|p1a: Zapdos|Zapdos|88\/100\n|move|p2a: Ferrothorn|Knock Off|p1a: Zapdos\n|-damage|p1a: Zapdos|73\/100\n|-enditem|p1a: Zapdos|Heavy-Duty Boots|[from] move: Knock Off|[of] p2a: Ferrothorn\n|\n|-weather|Sandstorm|[upkeep]\n|-damage|p1a: Zapdos|67\/100|[from] Sandstorm\n|upkeep\n|turn|15\n|\n|t:|1662793205\n|switch|p2a: Zapdos|Zapdos|70\/100\n|move|p1a: Zapdos|Roost|p1a: Zapdos\n|-heal|p1a: Zapdos|100\/100\n|-singleturn|p1a: Zapdos|move: Roost\n|\n|-weather|Sandstorm|[upkeep]\n|-damage|p2a: Zapdos|64\/100|[from] Sandstorm\n|-damage|p1a: Zapdos|94\/100|[from] Sandstorm\n|upkeep\n|turn|16\n|\n|t:|1662793214\n|move|p2a: Zapdos|Weather Ball|p1a: Zapdos\n|-supereffective|p1a: Zapdos\n|-damage|p1a: Zapdos|26\/100\n|move|p1a: Zapdos|Defog|p2a: Zapdos\n|-unboost|p2a: Zapdos|evasion|1\n|-sideend|p2: Not Sarcasm|Stealth Rock|[from] move: Defog|[of] p1a: Zapdos\n|-sideend|p1: pok3banter|Stealth Rock|[from] move: Defog|[of] p1a: Zapdos\n|\n|-weather|none\n|upkeep\n|turn|17\n|\n|t:|1662793225\n|switch|p1a: Hippowdon|Hippowdon, M|100\/100\n|-weather|Sandstorm|[from] ability: Sand Stream|[of] p1a: Hippowdon\n|move|p2a: Zapdos|Roost|p2a: Zapdos\n|-heal|p2a: Zapdos|100\/100\n|-singleturn|p2a: Zapdos|move: Roost\n|\n|-weather|Sandstorm|[upkeep]\n|-damage|p2a: Zapdos|94\/100|[from] Sandstorm\n|upkeep\n|turn|18\n|\n|t:|1662793234\n|switch|p2a: Ferrothorn|Ferrothorn, M|100\/100\n|move|p1a: Hippowdon|Stealth Rock|p2a: Ferrothorn\n|-sidestart|p2: Not Sarcasm|move: Stealth Rock\n|\n|-weather|Sandstorm|[upkeep]\n|upkeep\n|turn|19\n|\n|t:|1662793239\n|switch|p1a: Aegislash|Aegislash, F|100\/100\n|move|p2a: Ferrothorn|Stealth Rock|p1a: Aegislash\n|-sidestart|p1: pok3banter|move: Stealth Rock\n|\n|-weather|Sandstorm|[upkeep]\n|upkeep\n|turn|20\n|\n|t:|1662793244\n|move|p1a: Aegislash|Substitute|p1a: Aegislash\n|-start|p1a: Aegislash|Substitute\n|-damage|p1a: Aegislash|75\/100\n|move|p2a: Ferrothorn|Knock Off|p1a: Aegislash\n|-supereffective|p1a: Aegislash\n|-end|p1a: Aegislash|Substitute\n|\n|-weather|Sandstorm|[upkeep]\n|-heal|p1a: Aegislash|82\/100|[from] item: Leftovers\n|upkeep\n|turn|21\n|\n|t:|1662793251\n|move|p1a: Aegislash|King's Shield|p1a: Aegislash\n|-singleturn|p1a: Aegislash|Protect\n|move|p2a: Ferrothorn|Leech Seed|p1a: Aegislash\n|-start|p1a: Aegislash|move: Leech Seed\n|\n|-weather|none\n|-heal|p1a: Aegislash|88\/100|[from] item: Leftovers\n|-damage|p1a: Aegislash|75\/100|[from] Leech Seed|[of] p2a: Ferrothorn\n|upkeep\n|turn|22\n|\n|t:|1662793258\n|switch|p1a: Zapdos|Zapdos|26\/100\n|-damage|p1a: Zapdos|1\/100|[from] Stealth Rock\n|move|p2a: Ferrothorn|Knock Off|p1a: Zapdos\n|-damage|p1a: Zapdos|0 fnt\n|faint|p1a: Zapdos\n|\n|upkeep\n|\n|t:|1662793262\n|switch|p1a: Buzzwole|Buzzwole|94\/100 par\n|-damage|p1a: Buzzwole|82\/100 par|[from] Stealth Rock\n|turn|23\n|\n|t:|1662793269\n|switch|p2a: Zapdos|Zapdos|94\/100\n|move|p1a: Buzzwole|Ice Punch|p2a: Zapdos\n|-supereffective|p2a: Zapdos\n|-damage|p2a: Zapdos|23\/100\n|\n|upkeep\n|turn|24\n|\n|t:|1662793275\n|switch|p1a: Hippowdon|Hippowdon, M|100\/100\n|-damage|p1a: Hippowdon|94\/100|[from] Stealth Rock\n|-weather|Sandstorm|[from] ability: Sand Stream|[of] p1a: Hippowdon\n|move|p2a: Zapdos|Hurricane|p1a: Hippowdon\n|-damage|p1a: Hippowdon|55\/100\n|\n|-weather|Sandstorm|[upkeep]\n|-damage|p2a: Zapdos|16\/100|[from] Sandstorm\n|-heal|p1a: Hippowdon|61\/100|[from] item: Leftovers\n|upkeep\n|turn|25\n|\n|t:|1662793286\n|switch|p2a: Ferrothorn|Ferrothorn, M|100\/100\n|-damage|p2a: Ferrothorn|95\/100|[from] Stealth Rock\n|move|p1a: Hippowdon|Earthquake|p2a: Ferrothorn\n|-damage|p2a: Ferrothorn|71\/100\n|\n|-weather|Sandstorm|[upkeep]\n|-heal|p1a: Hippowdon|67\/100|[from] item: Leftovers\n|-heal|p2a: Ferrothorn|77\/100|[from] item: Leftovers\n|upkeep\n|turn|26\n|\n|t:|1662793295\n|move|p1a: Hippowdon|Slack Off|p1a: Hippowdon\n|-heal|p1a: Hippowdon|100\/100\n|move|p2a: Ferrothorn|Knock Off|p1a: Hippowdon\n|-damage|p1a: Hippowdon|86\/100\n|-enditem|p1a: Hippowdon|Leftovers|[from] move: Knock Off|[of] p2a: Ferrothorn\n|\n|-weather|Sandstorm|[upkeep]\n|-heal|p2a: Ferrothorn|83\/100|[from] item: Leftovers\n|upkeep\n|turn|27\n|\n|t:|1662793302\n|switch|p1a: Buzzwole|Buzzwole|82\/100 par\n|-damage|p1a: Buzzwole|70\/100 par|[from] Stealth Rock\n|move|p2a: Ferrothorn|Knock Off|p1a: Buzzwole\n|-resisted|p1a: Buzzwole\n|-damage|p1a: Buzzwole|62\/100 par\n|-enditem|p1a: Buzzwole|Choice Scarf|[from] move: Knock Off|[of] p2a: Ferrothorn\n|\n|-weather|Sandstorm|[upkeep]\n|-damage|p1a: Buzzwole|56\/100 par|[from] Sandstorm\n|-heal|p2a: Ferrothorn|89\/100|[from] item: Leftovers\n|upkeep\n|turn|28\n|\n|t:|1662793312\n|move|p1a: Buzzwole|Close Combat|p2a: Ferrothorn\n|-supereffective|p2a: Ferrothorn\n|-damage|p2a: Ferrothorn|10\/100\n|-unboost|p1a: Buzzwole|def|1\n|-unboost|p1a: Buzzwole|spd|1\n|-damage|p1a: Buzzwole|44\/100 par|[from] ability: Iron Barbs|[of] p2a: Ferrothorn\n|move|p2a: Ferrothorn|Gyro Ball|p1a: Buzzwole\n|-damage|p1a: Buzzwole|12\/100 par\n|\n|-weather|none\n|-heal|p2a: Ferrothorn|16\/100|[from] item: Leftovers\n|upkeep\n|turn|29\n|\n|t:|1662793322\n|move|p1a: Buzzwole|Leech Life|p2a: Ferrothorn\n|-damage|p2a: Ferrothorn|0 fnt\n|-heal|p1a: Buzzwole|20\/100 par|[from] drain|[of] p2a: Ferrothorn\n|-damage|p1a: Buzzwole|8\/100 par|[from] ability: Iron Barbs|[of] p2a: Ferrothorn\n|faint|p2a: Ferrothorn\n|-ability|p1a: Buzzwole|Beast Boost|boost\n|-boost|p1a: Buzzwole|atk|1\n|\n|upkeep\n|\n|t:|1662793338\n|switch|p2a: Let's in the rain|Pelipper, M|100\/100\n|-damage|p2a: Let's in the rain|76\/100|[from] Stealth Rock\n|-weather|RainDance|[from] ability: Drizzle|[of] p2a: Let's in the rain\n|turn|30\n|\n|t:|1662793348\n|move|p2a: Let's in the rain|Hurricane|p1a: Buzzwole\n|-supereffective|p1a: Buzzwole\n|-damage|p1a: Buzzwole|0 fnt\n|faint|p1a: Buzzwole\n|\n|-weather|RainDance|[upkeep]\n|upkeep\n|\n|t:|1662793352\n|switch|p1a: Hippowdon|Hippowdon, M|86\/100\n|-damage|p1a: Hippowdon|80\/100|[from] Stealth Rock\n|-weather|Sandstorm|[from] ability: Sand Stream|[of] p1a: Hippowdon\n|turn|31\n|\n|t:|1662793357\n|switch|p1a: Obstagoon|Obstagoon, F|100\/100\n|-damage|p1a: Obstagoon|88\/100|[from] Stealth Rock\n|move|p2a: Let's in the rain|U-turn|p1a: Obstagoon\n|-supereffective|p1a: Obstagoon\n|-damage|p1a: Obstagoon|70\/100\n|\n|t:|1662793365\n|switch|p2a: Zapdos|Zapdos|16\/100|[from]move: U-turn\n|\n|-weather|Sandstorm|[upkeep]\n|-damage|p2a: Zapdos|10\/100|[from] Sandstorm\n|-damage|p1a: Obstagoon|64\/100|[from] Sandstorm\n|-status|p1a: Obstagoon|brn|[from] item: Flame Orb\n|upkeep\n|turn|32\n|\n|t:|1662793377\n|move|p2a: Zapdos|Roost|p2a: Zapdos\n|-heal|p2a: Zapdos|60\/100\n|-singleturn|p2a: Zapdos|move: Roost\n|move|p1a: Obstagoon|Knock Off|p2a: Zapdos\n|-damage|p2a: Zapdos|0 fnt\n|-enditem|p2a: Zapdos|Heavy-Duty Boots|[from] move: Knock Off|[of] p1a: Obstagoon\n|faint|p2a: Zapdos\n|\n|-weather|Sandstorm|[upkeep]\n|-damage|p1a: Obstagoon|58\/100 brn|[from] Sandstorm\n|-damage|p1a: Obstagoon|52\/100 brn|[from] brn\n|upkeep\n|\n|t:|1662793387\n|switch|p2a: Crawdaunt|Crawdaunt, F|73\/100\n|-damage|p2a: Crawdaunt|60\/100|[from] Stealth Rock\n|turn|33\n|\n|t:|1662793393\n|move|p2a: Crawdaunt|Aqua Jet|p1a: Obstagoon\n|-damage|p1a: Obstagoon|11\/100 brn\n|-damage|p2a: Crawdaunt|51\/100|[from] item: Life Orb\n|move|p1a: Obstagoon|Facade|p2a: Crawdaunt\n|-damage|p2a: Crawdaunt|0 fnt\n|faint|p2a: Crawdaunt\n|\n|-weather|Sandstorm|[upkeep]\n|-damage|p1a: Obstagoon|5\/100 brn|[from] Sandstorm\n|-damage|p1a: Obstagoon|0 fnt|[from] brn\n|faint|p1a: Obstagoon\n|upkeep\n|\n|t:|1662793405\n|switch|p1a: Aegislash|Aegislash, F|75\/100\n|switch|p2a: Let's in the rain|Pelipper, M|76\/100\n|-damage|p1a: Aegislash|69\/100|[from] Stealth Rock\n|-damage|p2a: Let's in the rain|51\/100|[from] Stealth Rock\n|-weather|RainDance|[from] ability: Drizzle|[of] p2a: Let's in the rain\n|turn|34\n|\n|t:|1662793413\n|move|p1a: Aegislash|Substitute|p1a: Aegislash\n|-start|p1a: Aegislash|Substitute\n|-damage|p1a: Aegislash|44\/100\n|move|p2a: Let's in the rain|Defog|p1a: Aegislash\n|-sideend|p1: pok3banter|Stealth Rock|[from] move: Defog|[of] p2a: Let's in the rain\n|-sideend|p2: Not Sarcasm|Stealth Rock|[from] move: Defog|[of] p2a: Let's in the rain\n|\n|-weather|RainDance|[upkeep]\n|-heal|p1a: Aegislash|50\/100|[from] item: Leftovers\n|upkeep\n|turn|35\n|\n|t:|1662793420\n|move|p1a: Aegislash|King's Shield|p1a: Aegislash\n|-singleturn|p1a: Aegislash|Protect\n|move|p2a: Let's in the rain|U-turn|p1a: Aegislash\n|-activate|p1a: Aegislash|move: Protect\n|-unboost|p2a: Let's in the rain|atk|1\n|\n|-weather|RainDance|[upkeep]\n|-heal|p1a: Aegislash|57\/100|[from] item: Leftovers\n|upkeep\n|turn|36\n|j| Kyurem\n|\n|t:|1662793427\n|move|p1a: Aegislash|Toxic|p2a: Let's in the rain\n|-status|p2a: Let's in the rain|tox\n|move|p2a: Let's in the rain|U-turn|p1a: Aegislash\n|-resisted|p1a: Aegislash\n|-activate|p1a: Aegislash|move: Substitute|[damage]\n|\n|t:|1662793432\n|switch|p2a: Seismitoad|Seismitoad, M|100\/100|[from]move: U-turn\n|\n|-weather|RainDance|[upkeep]\n|-heal|p1a: Aegislash|63\/100|[from] item: Leftovers\n|upkeep\n|turn|37\n|\n|t:|1662793439\n|move|p1a: Aegislash|King's Shield|p1a: Aegislash\n|-singleturn|p1a: Aegislash|Protect\n|move|p2a: Seismitoad|Earth Power|p1a: Aegislash\n|-activate|p1a: Aegislash|move: Protect\n|\n|-weather|RainDance|[upkeep]\n|-heal|p1a: Aegislash|69\/100|[from] item: Leftovers\n|upkeep\n|turn|38\n|\n|t:|1662793446\n|move|p2a: Seismitoad|Earth Power|p1a: Aegislash\n|-supereffective|p1a: Aegislash\n|-end|p1a: Aegislash|Substitute\n|-damage|p2a: Seismitoad|91\/100|[from] item: Life Orb\n|move|p1a: Aegislash|Toxic|p2a: Seismitoad\n|-status|p2a: Seismitoad|tox\n|\n|-weather|RainDance|[upkeep]\n|-heal|p1a: Aegislash|75\/100|[from] item: Leftovers\n|-damage|p2a: Seismitoad|85\/100 tox|[from] psn\n|upkeep\n|turn|39\n|\n|t:|1662793455\n|move|p1a: Aegislash|King's Shield|p1a: Aegislash\n|-singleturn|p1a: Aegislash|Protect\n|move|p2a: Seismitoad|Earth Power|p1a: Aegislash\n|-activate|p1a: Aegislash|move: Protect\n|\n|-weather|RainDance|[upkeep]\n|-heal|p1a: Aegislash|81\/100|[from] item: Leftovers\n|-damage|p2a: Seismitoad|73\/100 tox|[from] psn\n|upkeep\n|turn|40\n|\n|t:|1662793463\n|switch|p1a: Hippowdon|Hippowdon, M|80\/100\n|-weather|Sandstorm|[from] ability: Sand Stream|[of] p1a: Hippowdon\n|move|p2a: Seismitoad|Earth Power|p1a: Hippowdon\n|-damage|p1a: Hippowdon|45\/100\n|-damage|p2a: Seismitoad|63\/100 tox|[from] item: Life Orb\n|\n|-weather|Sandstorm|[upkeep]\n|-damage|p2a: Seismitoad|45\/100 tox|[from] psn\n|upkeep\n|turn|41\n|\n|t:|1662793477\n|switch|p2a: Let's in the rain|Pelipper, M|51\/100 tox\n|-weather|RainDance|[from] ability: Drizzle|[of] p2a: Let's in the rain\n|switch|p1a: Aegislash|Aegislash, F|81\/100\n|\n|-weather|RainDance|[upkeep]\n|-heal|p1a: Aegislash|88\/100|[from] item: Leftovers\n|-damage|p2a: Let's in the rain|45\/100 tox|[from] psn\n|upkeep\n|turn|42\n|\n|t:|1662793486\n|move|p1a: Aegislash|King's Shield|p1a: Aegislash\n|-singleturn|p1a: Aegislash|Protect\n|move|p2a: Let's in the rain|U-turn|p1a: Aegislash\n|-activate|p1a: Aegislash|move: Protect\n|-unboost|p2a: Let's in the rain|atk|1\n|\n|-weather|RainDance|[upkeep]\n|-heal|p1a: Aegislash|94\/100|[from] item: Leftovers\n|-damage|p2a: Let's in the rain|32\/100 tox|[from] psn\n|upkeep\n|turn|43\n|c|\u2606Not Sarcasm|?\n|\n|t:|1662793494\n|move|p1a: Aegislash|Substitute|p1a: Aegislash\n|-start|p1a: Aegislash|Substitute\n|-damage|p1a: Aegislash|69\/100\n|move|p2a: Let's in the rain|U-turn|p1a: Aegislash\n|-resisted|p1a: Aegislash\n|-activate|p1a: Aegislash|move: Substitute|[damage]\n|\n|t:|1662793499\n|switch|p2a: Barraskewda|Barraskewda, F|100\/100|[from]move: U-turn\n|\n|-weather|RainDance|[upkeep]\n|-heal|p1a: Aegislash|75\/100|[from] item: Leftovers\n|upkeep\n|turn|44\n|c|\u2606pok3banter|?\n|\n|t:|1662793504\n|move|p1a: Aegislash|King's Shield|p1a: Aegislash\n|-singleturn|p1a: Aegislash|Protect\n|move|p2a: Barraskewda|Flip Turn|p1a: Aegislash\n|-activate|p1a: Aegislash|move: Protect\n|-unboost|p2a: Barraskewda|atk|1\n|\n|-weather|RainDance|[upkeep]\n|-heal|p1a: Aegislash|81\/100|[from] item: Leftovers\n|upkeep\n|turn|45\n|\n|t:|1662793513\n|move|p2a: Barraskewda|Flip Turn|p1a: Aegislash\n|-end|p1a: Aegislash|Substitute\n|\n|t:|1662793515\n|switch|p2a: Let's in the rain|Pelipper, M|32\/100 tox|[from]move: Flip Turn\n|move|p1a: Aegislash|Substitute|p1a: Aegislash\n|-start|p1a: Aegislash|Substitute\n|-damage|p1a: Aegislash|56\/100\n|\n|-weather|RainDance|[upkeep]\n|-heal|p1a: Aegislash|62\/100|[from] item: Leftovers\n|-damage|p2a: Let's in the rain|26\/100 tox|[from] psn\n|upkeep\n|turn|46\n|\n|t:|1662793523\n|move|p1a: Aegislash|King's Shield|p1a: Aegislash\n|-singleturn|p1a: Aegislash|Protect\n|move|p2a: Let's in the rain|Roost|p2a: Let's in the rain\n|-heal|p2a: Let's in the rain|76\/100 tox\n|-singleturn|p2a: Let's in the rain|move: Roost\n|\n|-weather|RainDance|[upkeep]\n|-heal|p1a: Aegislash|68\/100|[from] item: Leftovers\n|-damage|p2a: Let's in the rain|64\/100 tox|[from] psn\n|upkeep\n|turn|47\n|\n|t:|1662793536\n|-formechange|p1a: Aegislash|Aegislash-Blade||[from] ability: Stance Change\n|move|p1a: Aegislash|Shadow Ball|p2a: Let's in the rain\n|-damage|p2a: Let's in the rain|30\/100 tox\n|move|p2a: Let's in the rain|U-turn|p1a: Aegislash\n|-resisted|p1a: Aegislash\n|-activate|p1a: Aegislash|move: Substitute|[damage]\n|\n|t:|1662793543\n|switch|p2a: Barraskewda|Barraskewda, F|100\/100|[from]move: U-turn\n|\n|-weather|RainDance|[upkeep]\n|-heal|p1a: Aegislash|75\/100|[from] item: Leftovers\n|upkeep\n|turn|48\n|\n|t:|1662793548\n|-formechange|p1a: Aegislash|Aegislash||[from] ability: Stance Change\n|move|p1a: Aegislash|King's Shield|p1a: Aegislash\n|-singleturn|p1a: Aegislash|Protect\n|move|p2a: Barraskewda|Liquidation|p1a: Aegislash\n|-activate|p1a: Aegislash|move: Protect\n|-unboost|p2a: Barraskewda|atk|1\n|\n|-weather|none\n|-heal|p1a: Aegislash|81\/100|[from] item: Leftovers\n|upkeep\n|turn|49\n|\n|t:|1662793558\n|move|p2a: Barraskewda|Liquidation|p1a: Aegislash\n|-end|p1a: Aegislash|Substitute\n|move|p1a: Aegislash|Toxic|p2a: Barraskewda\n|-status|p2a: Barraskewda|tox\n|\n|-heal|p1a: Aegislash|87\/100|[from] item: Leftovers\n|-damage|p2a: Barraskewda|94\/100 tox|[from] psn\n|upkeep\n|turn|50\n|c|\u2606Not Sarcasm|you gonna run out of buttons kiddo\n|\n|t:|1662793568\n|switch|p2a: Seismitoad|Seismitoad, M|45\/100 tox\n|move|p1a: Aegislash|King's Shield||[still]\n|-fail|p1a: Aegislash\n|\n|-heal|p1a: Aegislash|93\/100|[from] item: Leftovers\n|-damage|p2a: Seismitoad|39\/100 tox|[from] psn\n|upkeep\n|turn|51\n|\n|t:|1662793577\n|move|p2a: Seismitoad|Earth Power|p1a: Aegislash\n|-supereffective|p1a: Aegislash\n|-damage|p1a: Aegislash|35\/100\n|-damage|p2a: Seismitoad|29\/100 tox|[from] item: Life Orb\n|-formechange|p1a: Aegislash|Aegislash-Blade||[from] ability: Stance Change\n|move|p1a: Aegislash|Shadow Ball|p2a: Seismitoad\n|-damage|p2a: Seismitoad|0 fnt\n|faint|p2a: Seismitoad\n|\n|-heal|p1a: Aegislash|42\/100|[from] item: Leftovers\n|upkeep\n|j| X0zero0X\n|\n|t:|1662793587\n|switch|p2a: Barraskewda|Barraskewda, F|94\/100 tox\n|turn|52\n|c|\u2606pok3banter|you might run out of pokemon first kiddo\n|\n|t:|1662793593\n|-formechange|p1a: Aegislash|Aegislash||[from] ability: Stance Change\n|move|p1a: Aegislash|King's Shield|p1a: Aegislash\n|-singleturn|p1a: Aegislash|Protect\n|move|p2a: Barraskewda|Liquidation|p1a: Aegislash\n|-activate|p1a: Aegislash|move: Protect\n|-unboost|p2a: Barraskewda|atk|1\n|\n|-heal|p1a: Aegislash|48\/100|[from] item: Leftovers\n|-damage|p2a: Barraskewda|88\/100 tox|[from] psn\n|upkeep\n|turn|53\n|c|\u2606Not Sarcasm|but not buttons\n|\n|t:|1662793603\n|switch|p1a: Hippowdon|Hippowdon, M|45\/100\n|-weather|Sandstorm|[from] ability: Sand Stream|[of] p1a: Hippowdon\n|move|p2a: Barraskewda|Liquidation|p1a: Hippowdon\n|-supereffective|p1a: Hippowdon\n|-damage|p1a: Hippowdon|0 fnt\n|faint|p1a: Hippowdon\n|\n|-weather|Sandstorm|[upkeep]\n|-damage|p2a: Barraskewda|82\/100 tox|[from] Sandstorm\n|-damage|p2a: Barraskewda|70\/100 tox|[from] psn\n|upkeep\n|\n|t:|1662793606\n|switch|p1a: Aegislash|Aegislash, F|48\/100\n|turn|54\n|j| MiThree\n|\n|t:|1662793614\n|switch|p2a: Let's in the rain|Pelipper, M|30\/100 tox\n|-weather|RainDance|[from] ability: Drizzle|[of] p2a: Let's in the rain\n|move|p1a: Aegislash|King's Shield||[still]\n|-fail|p1a: Aegislash\n|\n|-weather|RainDance|[upkeep]\n|-heal|p1a: Aegislash|54\/100|[from] item: Leftovers\n|-damage|p2a: Let's in the rain|24\/100 tox|[from] psn\n|upkeep\n|turn|55\n|\n|t:|1662793623\n|move|p1a: Aegislash|Substitute|p1a: Aegislash\n|-start|p1a: Aegislash|Substitute\n|-damage|p1a: Aegislash|29\/100\n|move|p2a: Let's in the rain|Hurricane|p1a: Aegislash\n|-resisted|p1a: Aegislash\n|-activate|p1a: Aegislash|move: Substitute|[damage]\n|\n|-weather|RainDance|[upkeep]\n|-heal|p1a: Aegislash|35\/100|[from] item: Leftovers\n|-damage|p2a: Let's in the rain|12\/100 tox|[from] psn\n|upkeep\n|turn|56\n|\n|t:|1662793632\n|move|p1a: Aegislash|Substitute|p1a: Aegislash\n|-fail|p1a: Aegislash|move: Substitute\n|move|p2a: Let's in the rain|U-turn|p1a: Aegislash\n|-resisted|p1a: Aegislash\n|-activate|p1a: Aegislash|move: Substitute|[damage]\n|\n|t:|1662793636\n|switch|p2a: Barraskewda|Barraskewda, F|70\/100 tox|[from]move: U-turn\n|\n|-weather|RainDance|[upkeep]\n|-heal|p1a: Aegislash|41\/100|[from] item: Leftovers\n|-damage|p2a: Barraskewda|64\/100 tox|[from] psn\n|upkeep\n|turn|57\n|\n|t:|1662793644\n|move|p2a: Barraskewda|Flip Turn|p1a: Aegislash\n|-end|p1a: Aegislash|Substitute\n|c|\u2606pok3banter|we'll see\n|\n|t:|1662793648\n|switch|p2a: Let's in the rain|Pelipper, M|12\/100 tox|[from]move: Flip Turn\n|-formechange|p1a: Aegislash|Aegislash-Blade||[from] ability: Stance Change\n|move|p1a: Aegislash|Shadow Ball|p2a: Let's in the rain\n|-damage|p2a: Let's in the rain|0 fnt\n|faint|p2a: Let's in the rain\n|\n|-weather|RainDance|[upkeep]\n|-heal|p1a: Aegislash|47\/100|[from] item: Leftovers\n|upkeep\n|\n|t:|1662793656\n|switch|p2a: Barraskewda|Barraskewda, F|64\/100 tox\n|turn|58\n|\n|t:|1662793659\n|-formechange|p1a: Aegislash|Aegislash||[from] ability: Stance Change\n|move|p1a: Aegislash|King's Shield|p1a: Aegislash\n|-singleturn|p1a: Aegislash|Protect\n|move|p2a: Barraskewda|Liquidation|p1a: Aegislash\n|-activate|p1a: Aegislash|move: Protect\n|-unboost|p2a: Barraskewda|atk|1\n|\n|-weather|RainDance|[upkeep]\n|-heal|p1a: Aegislash|54\/100|[from] item: Leftovers\n|-damage|p2a: Barraskewda|58\/100 tox|[from] psn\n|upkeep\n|turn|59\n|\n|t:|1662793669\n|move|p2a: Barraskewda|Liquidation|p1a: Aegislash\n|-damage|p1a: Aegislash|2\/100\n|-formechange|p1a: Aegislash|Aegislash-Blade||[from] ability: Stance Change\n|move|p1a: Aegislash|Shadow Ball|p2a: Barraskewda\n|-damage|p2a: Barraskewda|0 fnt\n|faint|p2a: Barraskewda\n|\n|win|pok3banter\n|raw|pok3banter's rating: 1701 &rarr; <strong>1723<\/strong><br \/>(+22 for winning)\n|raw|Not Sarcasm's rating: 1731 &rarr; <strong>1709<\/strong><br \/>(-22 for losing)\n|c|\u2606pok3banter|but i probs die here\n|c|\u2606pok3banter|oh\n|c|\u2606pok3banter|gg\n|c|\u2606Not Sarcasm|lucky roll =\/\n|c|\u2606pok3banter|lol\n|l|\u2606pok3banter\n|c|\u2606Not Sarcasm|was in my favor\n|l|\u2606Not Sarcasm\n|l| X0zero0X\n|l| MiThree\n","uploadtime":1662795055,"views":7,"p1id":"pok3banter","p2id":"notsarcasm","formatid":"gen8ou","rating":1709,"private":0,"password":null}