{"id":"gen8ou-1680792097","p1":"ZarbyXZar","p2":"dmt dreams","format":"gen8ou","log":"|j|\u2606ZarbyXZar\n|j|\u203ddmt dreams\n|inactive|Battle timer is ON: inactive players will automatically lose when time's up.\n|t:|1665240108\n|gametype|singles\n|player|p1|ZarbyXZar|lucas-gen4pt|\n|player|p2|dmt dreams|tuber-gen6|\n|teamsize|p1|6\n|teamsize|p2|6\n|gen|8\n|tier|[Gen 8] OU\n|rated|Tournament battle\n|rule|Sleep Clause Mod: Limit one foe put to sleep\n|rule|Species Clause: Limit one of each Pok\u00e9mon\n|rule|OHKO Clause: OHKO moves are banned\n|rule|Evasion Items Clause: Evasion items are banned\n|rule|Evasion Moves Clause: Evasion moves are banned\n|rule|Endless Battle Clause: Forcing endless battles is banned\n|rule|HP Percentage Mod: HP is shown in percentages\n|rule|Dynamax Clause: You cannot dynamax\n|clearpoke\n|poke|p1|Clefable, F|\n|poke|p1|Bisharp, M|\n|poke|p1|Dragonite, F|\n|poke|p1|Dragapult, M|\n|poke|p1|Blissey, F|\n|poke|p1|Melmetal|\n|poke|p2|Mew|\n|poke|p2|Zeraora|\n|poke|p2|Celesteela|\n|poke|p2|Dragapult, M|\n|poke|p2|Weavile, F|\n|poke|p2|Nihilego|\n|teampreview\n|inactive|dmt dreams also wants the timer to be on.\n|j| amstan (-_-)\n|l| amstan (-_-)\n|j| she\/her\/trans\n|j| abab rhyme\n|j| sufys12\n|j| I Suck Smh\n|j| lando is my bf\n|\n|t:|1665240126\n|start\n|switch|p1a: Bisharp|Bisharp, M|100\/100\n|switch|p2a: Mew|Mew|100\/100\n|turn|1\n|\n|t:|1665240130\n|move|p2a: Mew|Will-O-Wisp|p1a: Bisharp\n|-status|p1a: Bisharp|brn\n|move|p1a: Bisharp|Swords Dance|p1a: Bisharp\n|-boost|p1a: Bisharp|atk|2\n|\n|-damage|p1a: Bisharp|95\/100 brn|[from] brn\n|upkeep\n|turn|2\n|\n|t:|1665240136\n|move|p2a: Mew|Taunt|p1a: Bisharp\n|-start|p1a: Bisharp|move: Taunt\n|move|p1a: Bisharp|Knock Off|p2a: Mew\n|-supereffective|p2a: Mew\n|-enditem|p2a: Mew|Colbur Berry|[eat]\n|-enditem|p2a: Mew|Colbur Berry|[weaken]\n|-damage|p2a: Mew|57\/100\n|\n|-heal|p1a: Bisharp|100\/100 brn|[from] item: Leftovers\n|-damage|p1a: Bisharp|95\/100 brn|[from] brn\n|upkeep\n|turn|3\n|\n|t:|1665240146\n|move|p2a: Mew|Spikes|p1a: Bisharp\n|-sidestart|p1: ZarbyXZar|Spikes\n|move|p1a: Bisharp|Iron Head|p2a: Mew\n|-damage|p2a: Mew|17\/100\n|\n|-heal|p1a: Bisharp|100\/100 brn|[from] item: Leftovers\n|-damage|p1a: Bisharp|95\/100 brn|[from] brn\n|upkeep\n|turn|4\n|\n|t:|1665240150\n|move|p2a: Mew|Stealth Rock|p1a: Bisharp\n|-sidestart|p1: ZarbyXZar|move: Stealth Rock\n|move|p1a: Bisharp|Knock Off|p2a: Mew\n|-supereffective|p2a: Mew\n|-damage|p2a: Mew|0 fnt\n|faint|p2a: Mew\n|\n|-heal|p1a: Bisharp|100\/100 brn|[from] item: Leftovers\n|-damage|p1a: Bisharp|95\/100 brn|[from] brn\n|-end|p1a: Bisharp|move: Taunt\n|upkeep\n|\n|t:|1665240152\n|switch|p2a: Zeraora|Zeraora|100\/100\n|turn|5\n|\n|t:|1665240158\n|switch|p1a: Clefable|Clefable, F|100\/100\n|move|p2a: Zeraora|Close Combat|p1a: Clefable\n|-resisted|p1a: Clefable\n|-damage|p1a: Clefable|78\/100\n|-unboost|p2a: Zeraora|def|1\n|-unboost|p2a: Zeraora|spd|1\n|\n|-heal|p1a: Clefable|84\/100|[from] item: Leftovers\n|upkeep\n|turn|6\n|\n|t:|1665240163\n|switch|p2a: Nihilego|Nihilego|100\/100\n|move|p1a: Clefable|Aromatherapy|p1a: Clefable\n|-activate|p1a: Clefable|move: Aromatherapy\n|-curestatus|p1: Bisharp|brn|[msg]\n|\n|-heal|p1a: Clefable|90\/100|[from] item: Leftovers\n|upkeep\n|turn|7\n|l| she\/her\/trans\n|\n|t:|1665240174\n|switch|p1a: Melmetal|Melmetal|100\/100\n|-damage|p1a: Melmetal|88\/100|[from] Spikes\n|-damage|p1a: Melmetal|82\/100|[from] Stealth Rock\n|move|p2a: Nihilego|Meteor Beam||[still]\n|-prepare|p2a: Nihilego|Meteor Beam\n|-boost|p2a: Nihilego|spa|1\n|-enditem|p2a: Nihilego|Power Herb\n|-anim|p2a: Nihilego|Meteor Beam|p1a: Melmetal\n|-resisted|p1a: Melmetal\n|-damage|p1a: Melmetal|34\/100\n|\n|upkeep\n|turn|8\n|\n|t:|1665240180\n|move|p2a: Nihilego|Toxic Spikes|p1a: Melmetal\n|-sidestart|p1: ZarbyXZar|move: Toxic Spikes\n|move|p1a: Melmetal|Double Iron Bash|p2a: Nihilego\n|-supereffective|p2a: Nihilego\n|-damage|p2a: Nihilego|0 fnt\n|faint|p2a: Nihilego\n|-hitcount|p2: Nihilego|1\n|\n|upkeep\n|\n|t:|1665240188\n|switch|p2a: Zeraora|Zeraora|100\/100\n|turn|9\n|\n|t:|1665240191\n|move|p2a: Zeraora|Close Combat|p1a: Melmetal\n|-supereffective|p1a: Melmetal\n|-damage|p1a: Melmetal|0 fnt\n|-unboost|p2a: Zeraora|def|1\n|-unboost|p2a: Zeraora|spd|1\n|faint|p1a: Melmetal\n|\n|upkeep\n|\n|t:|1665240213\n|switch|p1a: Bisharp|Bisharp, M|95\/100\n|-damage|p1a: Bisharp|82\/100|[from] Spikes\n|-damage|p1a: Bisharp|76\/100|[from] Stealth Rock\n|turn|10\n|\n|t:|1665240218\n|move|p1a: Bisharp|Sucker Punch|p2a: Zeraora\n|-damage|p2a: Zeraora|24\/100\n|move|p2a: Zeraora|Close Combat|p1a: Bisharp\n|-supereffective|p1a: Bisharp\n|-damage|p1a: Bisharp|0 fnt\n|-unboost|p2a: Zeraora|def|1\n|-unboost|p2a: Zeraora|spd|1\n|faint|p1a: Bisharp\n|\n|upkeep\n|l| I Suck Smh\n|j| XDGXE\n|inactive|ZarbyXZar has 120 seconds left.\n|\n|t:|1665240252\n|switch|p1a: Clefable|Clefable, F|90\/100\n|-status|p1a: Clefable|psn\n|turn|11\n|\n|t:|1665240255\n|move|p2a: Zeraora|Plasma Fists|p1a: Clefable\n|-damage|p1a: Clefable|33\/100 psn\n|-fieldactivate|move: Ion Deluge\n|-hint|Normal-type moves become Electric-type after using Plasma Fists.\n|move|p1a: Clefable|Knock Off|p2a: Zeraora\n|-damage|p2a: Zeraora|0 fnt\n|-enditem|p2a: Zeraora|Heavy-Duty Boots|[from] move: Knock Off|[of] p1a: Clefable\n|faint|p2a: Zeraora\n|\n|-heal|p1a: Clefable|39\/100 psn|[from] item: Leftovers\n|upkeep\n|\n|t:|1665240258\n|switch|p2a: Weavile|Weavile, F|100\/100\n|-ability|p2a: Weavile|Pressure\n|turn|12\n|\n|t:|1665240268\n|move|p2a: Weavile|Triple Axel|p1a: Clefable\n|-damage|p1a: Clefable|24\/100 psn\n|-damage|p1a: Clefable|0 fnt\n|faint|p1a: Clefable\n|-hitcount|p1: Clefable|2\n|-damage|p2a: Weavile|91\/100|[from] item: Life Orb\n|\n|upkeep\n|\n|t:|1665240274\n|switch|p1a: Dragapult|Dragapult, M|100\/100\n|-damage|p1a: Dragapult|88\/100|[from] Spikes\n|-damage|p1a: Dragapult|76\/100|[from] Stealth Rock\n|-status|p1a: Dragapult|psn\n|turn|13\n|\n|t:|1665240279\n|switch|p2a: Dragapult|Dragapult, M|100\/100\n|move|p1a: Dragapult|Draco Meteor|p2a: Dragapult\n|-supereffective|p2a: Dragapult\n|-damage|p2a: Dragapult|0 fnt\n|-unboost|p1a: Dragapult|spa|2\n|faint|p2a: Dragapult\n|\n|-damage|p1a: Dragapult|64\/100 psn|[from] psn\n|upkeep\n|\n|t:|1665240283\n|switch|p2a: Weavile|Weavile, F|91\/100\n|-ability|p2a: Weavile|Pressure\n|turn|14\n|\n|t:|1665240287\n|move|p2a: Weavile|Ice Shard|p1a: Dragapult\n|-supereffective|p1a: Dragapult\n|-damage|p1a: Dragapult|0 fnt\n|faint|p1a: Dragapult\n|-damage|p2a: Weavile|81\/100|[from] item: Life Orb\n|\n|upkeep\n|l| XDGXE\n|l| lando is my bf\n|\n|t:|1665240294\n|switch|p1a: Blissey|Blissey, F|100\/100\n|-damage|p1a: Blissey|88\/100|[from] Spikes\n|-damage|p1a: Blissey|76\/100|[from] Stealth Rock\n|-status|p1a: Blissey|psn\n|turn|15\n|\n|t:|1665240299\n|move|p2a: Weavile|Knock Off|p1a: Blissey\n|-damage|p1a: Blissey|12\/100 psn\n|-enditem|p1a: Blissey|Leftovers|[from] move: Knock Off|[of] p2a: Weavile\n|-damage|p2a: Weavile|71\/100|[from] item: Life Orb\n|move|p1a: Blissey|Seismic Toss|p2a: Weavile\n|-damage|p2a: Weavile|35\/100\n|\n|-damage|p1a: Blissey|0 fnt|[from] psn\n|faint|p1a: Blissey\n|upkeep\n|\n|t:|1665240308\n|switch|p1a: Dragonite|Dragonite, F|100\/100\n|-damage|p1a: Dragonite|76\/100|[from] Stealth Rock\n|turn|16\n|\n|t:|1665240324\n|move|p2a: Weavile|Ice Shard|p1a: Dragonite\n|-supereffective|p1a: Dragonite\n|-damage|p1a: Dragonite|0 fnt\n|faint|p1a: Dragonite\n|-damage|p2a: Weavile|25\/100|[from] item: Life Orb\n|\n|win|dmt dreams\n|n|\u2606ZarbyXZar|zarbyxzar\n|n|\u203ddmt dreams|dmtdreams\n|n| abab rhyme|ababrhyme\n|n| sufys12|sufys12\n","uploadtime":1665240329,"views":49,"p1id":"zarbyxzar","p2id":"dmtdreams","formatid":"gen8ou","rating":0,"private":0,"password":null}