{"id":"gen8ou-1630178747","p1":"LT91BB Shurt","p2":"Ban lando t guy jk","format":"gen8ou","log":"|raw|<div class=\"broadcast-blue\"><strong>This battle is required to be public due to a player having a name starting with 'lt91bb'.<\/div>\n|j|\u2606LT91BB Shurt\n|j|\u2606Ban lando t guy jk\n|t:|1659390963\n|gametype|singles\n|player|p1|LT91BB Shurt|hilda|1745\n|player|p2|Ban lando t guy jk|silver|1709\n|teamsize|p1|6\n|teamsize|p2|6\n|gen|8\n|tier|[Gen 8] OU\n|rated|\n|rule|Sleep Clause Mod: Limit one foe put to sleep\n|rule|Species Clause: Limit one of each Pok\u00e9mon\n|rule|OHKO Clause: OHKO moves are banned\n|rule|Evasion Moves Clause: Evasion moves are banned\n|rule|Endless Battle Clause: Forcing endless battles is banned\n|rule|HP Percentage Mod: HP is shown in percentages\n|rule|Dynamax Clause: You cannot dynamax\n|clearpoke\n|poke|p1|Tapu Koko|\n|poke|p1|Zeraora|\n|poke|p1|Hawlucha, M|\n|poke|p1|Landorus-Therian, M|\n|poke|p1|Victini|\n|poke|p1|Urshifu-*, F|\n|poke|p2|Pelipper, F|\n|poke|p2|Barraskewda, F|\n|poke|p2|Ferrothorn, M|\n|poke|p2|Seismitoad, M|\n|poke|p2|Tapu Koko|\n|poke|p2|Tornadus-Therian, M|\n|teampreview\n|inactive|Battle timer is ON: inactive players will automatically lose when time's up. (requested by Ban lando t guy jk)\n|\n|t:|1659390971\n|start\n|switch|p1a: Victini|Victini|100\/100\n|switch|p2a: Big Gulp sponsor|Pelipper, F|100\/100\n|-weather|RainDance|[from] ability: Drizzle|[of] p2a: Big Gulp sponsor\n|turn|1\n|\n|t:|1659390975\n|switch|p2a: Hates rain|Ferrothorn, M|100\/100\n|move|p1a: Victini|Final Gambit|p2a: Hates rain\n|-damage|p2a: Hates rain|0 fnt\n|faint|p1a: Victini\n|faint|p2a: Hates rain\n|\n|-weather|RainDance|[upkeep]\n|upkeep\n|\n|t:|1659390983\n|switch|p1a: Landorus|Landorus-Therian, M|100\/100\n|switch|p2a: Agent \u00a5|Seismitoad, M, shiny|100\/100\n|-ability|p1a: Landorus|Intimidate|boost\n|-unboost|p2a: Agent \u00a5|atk|1\n|turn|2\n|\n|t:|1659390986\n|move|p2a: Agent \u00a5|Weather Ball|p1a: Landorus\n|-supereffective|p1a: Landorus\n|-enditem|p1a: Landorus|Focus Sash\n|-damage|p1a: Landorus|1\/100\n|-damage|p2a: Agent \u00a5|91\/100|[from] item: Life Orb\n|move|p1a: Landorus|Explosion|p2a: Agent \u00a5\n|-damage|p2a: Agent \u00a5|0 fnt\n|faint|p1a: Landorus\n|faint|p2a: Agent \u00a5\n|\n|-weather|RainDance|[upkeep]\n|upkeep\n|\n|t:|1659390994\n|switch|p1a: Urshifu|Urshifu-Rapid-Strike, F|100\/100\n|switch|p2a: One fish two fish|Barraskewda, F|100\/100\n|turn|3\n|\n|t:|1659391004\n|switch|p1a: Tapu Koko|Tapu Koko|100\/100\n|-fieldstart|move: Electric Terrain|[from] ability: Electric Surge|[of] p1a: Tapu Koko\n|move|p2a: One fish two fish|Flip Turn|p1a: Tapu Koko\n|-damage|p1a: Tapu Koko|5\/100\n|\n|t:|1659391010\n|switch|p2a: Speed Overdose|Tapu Koko|100\/100|[from]move: Flip Turn\n|\n|-weather|RainDance|[upkeep]\n|upkeep\n|turn|4\n|\n|t:|1659391017\n|move|p1a: Tapu Koko|Hyper Beam|p2a: Speed Overdose|[miss]\n|-miss|p1a: Tapu Koko|p2a: Speed Overdose\n|move|p2a: Speed Overdose|Dazzling Gleam|p1a: Tapu Koko\n|-damage|p1a: Tapu Koko|0 fnt\n|faint|p1a: Tapu Koko\n|\n|-weather|RainDance|[upkeep]\n|upkeep\n|\n|t:|1659391027\n|switch|p1a: Zeraora|Zeraora|100\/100\n|turn|5\n|\n|t:|1659391034\n|move|p1a: Zeraora|Plasma Fists|p2a: Speed Overdose\n|-resisted|p2a: Speed Overdose\n|-damage|p2a: Speed Overdose|56\/100\n|-fieldactivate|move: Ion Deluge\n|-hint|Normal-type moves become Electric-type after using Plasma Fists.\n|move|p2a: Speed Overdose|Dazzling Gleam|p1a: Zeraora\n|-damage|p1a: Zeraora|32\/100\n|\n|-weather|RainDance|[upkeep]\n|upkeep\n|turn|6\n|j| lt91bb metamence\n|\n|t:|1659391043\n|move|p1a: Zeraora|Knock Off|p2a: Speed Overdose\n|-resisted|p2a: Speed Overdose\n|-damage|p2a: Speed Overdose|34\/100\n|-enditem|p2a: Speed Overdose|Choice Specs|[from] move: Knock Off|[of] p1a: Zeraora\n|move|p2a: Speed Overdose|Dazzling Gleam|p1a: Zeraora\n|-damage|p1a: Zeraora|0 fnt\n|faint|p1a: Zeraora\n|\n|-weather|RainDance|[upkeep]\n|upkeep\n|\n|t:|1659391047\n|switch|p1a: Hawlucha|Hawlucha, M|100\/100\n|-enditem|p1a: Hawlucha|Electric Seed\n|-boost|p1a: Hawlucha|def|1|[from] item: Electric Seed\n|turn|7\n|\n|t:|1659391055\n|move|p1a: Hawlucha|Close Combat|p2a: Speed Overdose\n|-resisted|p2a: Speed Overdose\n|-damage|p2a: Speed Overdose|0 fnt\n|-unboost|p1a: Hawlucha|def|1\n|-unboost|p1a: Hawlucha|spd|1\n|faint|p2a: Speed Overdose\n|\n|-weather|RainDance|[upkeep]\n|-fieldend|move: Electric Terrain\n|upkeep\n|\n|t:|1659391060\n|switch|p2a: One fish two fish|Barraskewda, F|100\/100\n|turn|8\n|\n|t:|1659391068\n|move|p2a: One fish two fish|Liquidation|p1a: Hawlucha\n|-damage|p1a: Hawlucha|0 fnt\n|faint|p1a: Hawlucha\n|\n|-weather|none\n|upkeep\n|\n|t:|1659391069\n|switch|p1a: Urshifu|Urshifu-Rapid-Strike, F|100\/100\n|turn|9\n|\n|t:|1659391071\n|move|p1a: Urshifu|Aqua Jet|p2a: One fish two fish\n|-resisted|p2a: One fish two fish\n|-damage|p2a: One fish two fish|69\/100\n|move|p2a: One fish two fish|Liquidation|p1a: Urshifu\n|-resisted|p1a: Urshifu\n|-damage|p1a: Urshifu|68\/100\n|\n|upkeep\n|turn|10\n|\n|t:|1659391074\n|move|p1a: Urshifu|Aqua Jet|p2a: One fish two fish\n|-resisted|p2a: One fish two fish\n|-damage|p2a: One fish two fish|34\/100\n|move|p2a: One fish two fish|Liquidation|p1a: Urshifu\n|-resisted|p1a: Urshifu\n|-damage|p1a: Urshifu|34\/100\n|-unboost|p1a: Urshifu|def|1\n|\n|upkeep\n|turn|11\n|\n|t:|1659391077\n|move|p1a: Urshifu|Aqua Jet|p2a: One fish two fish\n|-resisted|p2a: One fish two fish\n|-damage|p2a: One fish two fish|1\/100\n|move|p2a: One fish two fish|Liquidation|p1a: Urshifu\n|-resisted|p1a: Urshifu\n|-damage|p1a: Urshifu|0 fnt\n|faint|p1a: Urshifu\n|\n|win|Ban lando t guy jk\n|raw|LT91BB Shurt's rating: 1745 &rarr; <strong>1723<\/strong><br \/>(-22 for losing)\n|raw|Ban lando t guy jk's rating: 1709 &rarr; <strong>1731<\/strong><br \/>(+22 for winning)\n|l|\u2606LT91BB Shurt\n|c|\u2606Ban lando t guy jk|Gg\n||Ladder isn't responding, score probably updated but might not have (Request timeout).\n|l| lt91bb metamence\n","uploadtime":1659391319,"views":7,"p1id":"lt91bbshurt","p2id":"banlandotguyjk","formatid":"gen8ou","rating":1723,"private":0,"password":null}