{"id":"gen8bdspmonotype-1472958463","p1":"Buhrito","p2":"SleepyEmboar","format":"gen8bdspmonotype","log":"|j|\u2606Buhrito\n|j|\u2606SleepyEmboar\n|t:|1639472604\n|gametype|singles\n|player|p1|Buhrito|birdkeeper-gen3rs|1501\n|player|p2|SleepyEmboar|wikstrom|1308\n|teamsize|p1|6\n|teamsize|p2|6\n|gen|8\n|tier|[Gen 8 BDSP] Monotype\n|rated|\n|rule|Sleep Clause Mod: Limit one foe put to sleep\n|rule|Species Clause: Limit one of each Pok\u00e9mon\n|rule|OHKO Clause: OHKO moves are banned\n|rule|Evasion Moves Clause: Evasion moves are banned\n|rule|Endless Battle Clause: Forcing endless battles is banned\n|rule|HP Percentage Mod: HP is shown in percentages\n|rule|Same Type Clause: Pok\u00e9mon in a team must share a type\n|clearpoke\n|poke|p1|Alakazam, F|\n|poke|p1|Latias, F|\n|poke|p1|Bronzong|\n|poke|p1|Jirachi|\n|poke|p1|Metagross|\n|poke|p1|Latios, M|\n|poke|p2|Scizor, F|\n|poke|p2|Heracross, M|\n|poke|p2|Yanmega, F|\n|poke|p2|Venomoth, F|\n|poke|p2|Shedinja|\n|poke|p2|Armaldo, F|\n|teampreview\n|inactive|Battle timer is ON: inactive players will automatically lose when time's up. (requested by Buhrito)\n|\n|t:|1639472683\n|start\n|switch|p1a: Jirachi|Jirachi|100\/100\n|switch|p2a: Stolen team|Armaldo, F|100\/100\n|turn|1\n|\n|t:|1639472688\n|move|p1a: Jirachi|Thunder Wave|p2a: Stolen team\n|-status|p2a: Stolen team|par\n|move|p2a: Stolen team|Knock Off|p1a: Jirachi\n|-supereffective|p1a: Jirachi\n|-damage|p1a: Jirachi|51\/100\n|-enditem|p1a: Jirachi|Leftovers|[from] move: Knock Off|[of] p2a: Stolen team\n|\n|upkeep\n|turn|2\n|\n|t:|1639472697\n|move|p1a: Jirachi|Stealth Rock|p2a: Stolen team\n|-sidestart|p2: SleepyEmboar|move: Stealth Rock\n|move|p2a: Stolen team|Knock Off|p1a: Jirachi\n|-supereffective|p1a: Jirachi\n|-damage|p1a: Jirachi|19\/100\n|\n|upkeep\n|turn|3\n|\n|t:|1639472701\n|move|p1a: Jirachi|U-turn|p2a: Stolen team\n|-damage|p2a: Stolen team|89\/100 par\n|\n|t:|1639472703\n|switch|p1a: Metagross|Metagross|100\/100|[from]move: U-turn\n|move|p2a: Stolen team|Rapid Spin|p1a: Metagross\n|-resisted|p1a: Metagross\n|-damage|p1a: Metagross|94\/100\n|-boost|p2a: Stolen team|spe|1\n|-sideend|p2: SleepyEmboar|Stealth Rock|[from] move: Rapid Spin|[of] p2a: Stolen team\n|\n|-heal|p2a: Stolen team|95\/100 par|[from] item: Leftovers\n|upkeep\n|turn|4\n|\n|t:|1639472711\n|switch|p2a: This team I stole|Shedinja|100\/100\n|move|p1a: Metagross|Meteor Mash|p2a: This team I stole\n|-immune|p2a: This team I stole|[from] ability: Wonder Guard\n|\n|upkeep\n|turn|5\n|\n|t:|1639472722\n|switch|p1a: Bronzong|Bronzong|100\/100\n|move|p2a: This team I stole|Will-O-Wisp|p1a: Bronzong\n|-status|p1a: Bronzong|brn\n|\n|-damage|p1a: Bronzong|94\/100 brn|[from] brn\n|upkeep\n|turn|6\n|\n|t:|1639472742\n|switch|p2a: Stole team|Yanmega, F|100\/100\n|move|p1a: Bronzong|Calm Mind|p1a: Bronzong\n|-boost|p1a: Bronzong|spa|1\n|-boost|p1a: Bronzong|spd|1\n|\n|-heal|p1a: Bronzong|100\/100 brn|[from] item: Leftovers\n|-damage|p1a: Bronzong|94\/100 brn|[from] brn\n|upkeep\n|turn|7\n|j| unfound\n|\n|t:|1639472761\n|move|p2a: Stole team|Bug Buzz|p1a: Bronzong\n|-damage|p1a: Bronzong|72\/100 brn\n|move|p1a: Bronzong|Calm Mind|p1a: Bronzong\n|-boost|p1a: Bronzong|spa|1\n|-boost|p1a: Bronzong|spd|1\n|\n|-heal|p1a: Bronzong|78\/100 brn|[from] item: Leftovers\n|-damage|p1a: Bronzong|72\/100 brn|[from] brn\n|-ability|p2a: Stole team|Speed Boost|boost\n|-boost|p2a: Stole team|spe|1\n|upkeep\n|turn|8\n|\n|t:|1639472771\n|move|p2a: Stole team|Bug Buzz|p1a: Bronzong\n|-damage|p1a: Bronzong|55\/100 brn\n|move|p1a: Bronzong|Calm Mind|p1a: Bronzong\n|-boost|p1a: Bronzong|spa|1\n|-boost|p1a: Bronzong|spd|1\n|\n|-heal|p1a: Bronzong|61\/100 brn|[from] item: Leftovers\n|-damage|p1a: Bronzong|55\/100 brn|[from] brn\n|-ability|p2a: Stole team|Speed Boost|boost\n|-boost|p2a: Stole team|spe|1\n|upkeep\n|turn|9\n|\n|t:|1639472781\n|move|p2a: Stole team|Bug Buzz|p1a: Bronzong\n|-damage|p1a: Bronzong|41\/100 brn\n|move|p1a: Bronzong|Calm Mind|p1a: Bronzong\n|-boost|p1a: Bronzong|spa|1\n|-boost|p1a: Bronzong|spd|1\n|\n|-heal|p1a: Bronzong|47\/100 brn|[from] item: Leftovers\n|-damage|p1a: Bronzong|41\/100 brn|[from] brn\n|-ability|p2a: Stole team|Speed Boost|boost\n|-boost|p2a: Stole team|spe|1\n|upkeep\n|turn|10\n|\n|t:|1639472786\n|move|p2a: Stole team|Bug Buzz|p1a: Bronzong\n|-damage|p1a: Bronzong|29\/100 brn\n|move|p1a: Bronzong|Iron Defense|p1a: Bronzong\n|-boost|p1a: Bronzong|def|2\n|\n|-heal|p1a: Bronzong|35\/100 brn|[from] item: Leftovers\n|-damage|p1a: Bronzong|29\/100 brn|[from] brn\n|-ability|p2a: Stole team|Speed Boost|boost\n|-boost|p2a: Stole team|spe|1\n|upkeep\n|turn|11\n|\n|t:|1639472791\n|move|p2a: Stole team|Bug Buzz|p1a: Bronzong\n|-damage|p1a: Bronzong|16\/100 brn\n|move|p1a: Bronzong|Rest|p1a: Bronzong\n|-status|p1a: Bronzong|slp|[from] move: Rest\n|-heal|p1a: Bronzong|100\/100 slp|[silent]\n|\n|-ability|p2a: Stole team|Speed Boost|boost\n|-boost|p2a: Stole team|spe|1\n|upkeep\n|turn|12\n|\n|t:|1639472801\n|switch|p2a: I stole team|Venomoth, F|100\/100\n|cant|p1a: Bronzong|slp\n|\n|upkeep\n|turn|13\n|\n|t:|1639472806\n|move|p2a: I stole team|Quiver Dance|p2a: I stole team\n|-boost|p2a: I stole team|spa|1\n|-boost|p2a: I stole team|spd|1\n|-boost|p2a: I stole team|spe|1\n|cant|p1a: Bronzong|slp\n|\n|upkeep\n|turn|14\n|\n|t:|1639472809\n|move|p2a: I stole team|Quiver Dance|p2a: I stole team\n|-boost|p2a: I stole team|spa|1\n|-boost|p2a: I stole team|spd|1\n|-boost|p2a: I stole team|spe|1\n|-curestatus|p1a: Bronzong|slp|[msg]\n|move|p1a: Bronzong|Calm Mind|p1a: Bronzong\n|-boost|p1a: Bronzong|spa|1\n|-boost|p1a: Bronzong|spd|1\n|\n|upkeep\n|turn|15\n|\n|t:|1639472814\n|move|p2a: I stole team|Quiver Dance|p2a: I stole team\n|-boost|p2a: I stole team|spa|1\n|-boost|p2a: I stole team|spd|1\n|-boost|p2a: I stole team|spe|1\n|move|p1a: Bronzong|Shadow Ball|p2a: I stole team\n|-damage|p2a: I stole team|70\/100\n|\n|upkeep\n|turn|16\n|j| pikazacian181818\n|\n|t:|1639472828\n|move|p2a: I stole team|Sleep Powder|p1a: Bronzong\n|-status|p1a: Bronzong|slp|[from] move: Sleep Powder\n|cant|p1a: Bronzong|slp\n|\n|upkeep\n|turn|17\n|\n|t:|1639472834\n|move|p2a: I stole team|Quiver Dance|p2a: I stole team\n|-boost|p2a: I stole team|spa|1\n|-boost|p2a: I stole team|spd|1\n|-boost|p2a: I stole team|spe|1\n|cant|p1a: Bronzong|slp\n|\n|upkeep\n|turn|18\n|l| pikazacian181818\n|\n|t:|1639472838\n|move|p2a: I stole team|Quiver Dance|p2a: I stole team\n|-boost|p2a: I stole team|spa|1\n|-boost|p2a: I stole team|spd|1\n|-boost|p2a: I stole team|spe|1\n|cant|p1a: Bronzong|slp\n|\n|upkeep\n|turn|19\n|\n|t:|1639472844\n|move|p2a: I stole team|Quiver Dance|p2a: I stole team\n|-boost|p2a: I stole team|spa|1\n|-boost|p2a: I stole team|spd|1\n|-boost|p2a: I stole team|spe|1\n|-curestatus|p1a: Bronzong|slp|[msg]\n|move|p1a: Bronzong|Calm Mind|p1a: Bronzong\n|-boost|p1a: Bronzong|spa|1\n|-boost|p1a: Bronzong|spd|1\n|\n|upkeep\n|turn|20\n|\n|t:|1639472849\n|move|p2a: I stole team|Sleep Powder|p1a: Bronzong|[miss]\n|-miss|p2a: I stole team|p1a: Bronzong\n|move|p1a: Bronzong|Shadow Ball|p2a: I stole team\n|-damage|p2a: I stole team|46\/100\n|\n|upkeep\n|turn|21\n|\n|t:|1639472853\n|move|p2a: I stole team|Sleep Powder|p1a: Bronzong\n|-status|p1a: Bronzong|slp|[from] move: Sleep Powder\n|cant|p1a: Bronzong|slp\n|\n|upkeep\n|turn|22\n|\n|t:|1639472856\n|move|p2a: I stole team|Bug Buzz|p1a: Bronzong\n|-damage|p1a: Bronzong|77\/100 slp\n|cant|p1a: Bronzong|slp\n|\n|-heal|p1a: Bronzong|83\/100 slp|[from] item: Leftovers\n|upkeep\n|turn|23\n|\n|t:|1639472859\n|move|p2a: I stole team|Bug Buzz|p1a: Bronzong\n|-damage|p1a: Bronzong|58\/100 slp\n|-curestatus|p1a: Bronzong|slp|[msg]\n|move|p1a: Bronzong|Shadow Ball|p2a: I stole team\n|-damage|p2a: I stole team|22\/100\n|-unboost|p2a: I stole team|spd|1\n|\n|-heal|p1a: Bronzong|64\/100|[from] item: Leftovers\n|upkeep\n|turn|24\n|\n|t:|1639472863\n|move|p2a: I stole team|Sleep Powder|p1a: Bronzong\n|-status|p1a: Bronzong|slp|[from] move: Sleep Powder\n|cant|p1a: Bronzong|slp\n|\n|-heal|p1a: Bronzong|70\/100 slp|[from] item: Leftovers\n|upkeep\n|turn|25\n|\n|t:|1639472865\n|move|p2a: I stole team|Bug Buzz|p1a: Bronzong\n|-damage|p1a: Bronzong|45\/100 slp\n|cant|p1a: Bronzong|slp\n|\n|-heal|p1a: Bronzong|51\/100 slp|[from] item: Leftovers\n|upkeep\n|turn|26\n|\n|t:|1639472869\n|move|p2a: I stole team|Bug Buzz|p1a: Bronzong\n|-damage|p1a: Bronzong|27\/100 slp\n|-curestatus|p1a: Bronzong|slp|[msg]\n|move|p1a: Bronzong|Shadow Ball|p2a: I stole team\n|-damage|p2a: I stole team|0 fnt\n|faint|p2a: I stole team\n|\n|-heal|p1a: Bronzong|33\/100|[from] item: Leftovers\n|upkeep\n|\n|t:|1639472878\n|switch|p2a: Stole this team|Heracross, M|100\/100\n|turn|27\n|\n|t:|1639472886\n|move|p2a: Stole this team|Megahorn|p1a: Bronzong\n|-damage|p1a: Bronzong|9\/100\n|move|p1a: Bronzong|Rest|p1a: Bronzong\n|-status|p1a: Bronzong|slp|[from] move: Rest\n|-heal|p1a: Bronzong|100\/100 slp|[silent]\n|\n|upkeep\n|turn|28\n|\n|t:|1639472894\n|switch|p2a: Stolen team|Armaldo, F|95\/100 par\n|cant|p1a: Bronzong|slp\n|\n|-heal|p2a: Stolen team|100\/100 par|[from] item: Leftovers\n|upkeep\n|turn|29\n|\n|t:|1639472899\n|cant|p1a: Bronzong|slp\n|move|p2a: Stolen team|Knock Off|p1a: Bronzong\n|-supereffective|p1a: Bronzong\n|-damage|p1a: Bronzong|80\/100 slp\n|-enditem|p1a: Bronzong|Leftovers|[from] move: Knock Off|[of] p2a: Stolen team\n|\n|upkeep\n|turn|30\n|\n|t:|1639472913\n|-curestatus|p1a: Bronzong|slp|[msg]\n|move|p1a: Bronzong|Shadow Ball|p2a: Stolen team\n|-damage|p2a: Stolen team|26\/100 par\n|move|p2a: Stolen team|Knock Off|p1a: Bronzong\n|-supereffective|p1a: Bronzong\n|-damage|p1a: Bronzong|66\/100\n|\n|-heal|p2a: Stolen team|32\/100 par|[from] item: Leftovers\n|upkeep\n|turn|31\n|\n|t:|1639472922\n|move|p1a: Bronzong|Iron Defense|p1a: Bronzong\n|-boost|p1a: Bronzong|def|2\n|move|p2a: Stolen team|Knock Off|p1a: Bronzong\n|-supereffective|p1a: Bronzong\n|-damage|p1a: Bronzong|55\/100\n|\n|-heal|p2a: Stolen team|38\/100 par|[from] item: Leftovers\n|upkeep\n|turn|32\n|\n|t:|1639472928\n|move|p1a: Bronzong|Iron Defense|p1a: Bronzong\n|-boost|p1a: Bronzong|def|2\n|move|p2a: Stolen team|Knock Off|p1a: Bronzong\n|-supereffective|p1a: Bronzong\n|-damage|p1a: Bronzong|47\/100\n|\n|-heal|p2a: Stolen team|44\/100 par|[from] item: Leftovers\n|upkeep\n|turn|33\n|\n|t:|1639472934\n|move|p1a: Bronzong|Shadow Ball|p2a: Stolen team\n|-damage|p2a: Stolen team|0 fnt\n|faint|p2a: Stolen team\n|\n|upkeep\n|\n|t:|1639472942\n|switch|p2a: I stole this team|Scizor, F, shiny|100\/100\n|turn|34\n|\n|t:|1639472946\n|move|p2a: I stole this team|Swords Dance|p2a: I stole this team\n|-boost|p2a: I stole this team|atk|2\n|move|p1a: Bronzong|Shadow Ball|p2a: I stole this team\n|-crit|p2a: I stole this team\n|-damage|p2a: I stole this team|18\/100\n|\n|-heal|p2a: I stole this team|24\/100|[from] item: Leftovers\n|upkeep\n|turn|35\n|\n|t:|1639472951\n|move|p2a: I stole this team|Roost|p2a: I stole this team\n|-heal|p2a: I stole this team|74\/100\n|-singleturn|p2a: I stole this team|move: Roost\n|move|p1a: Bronzong|Shadow Ball|p2a: I stole this team\n|-damage|p2a: I stole this team|17\/100\n|\n|-heal|p2a: I stole this team|23\/100|[from] item: Leftovers\n|upkeep\n|turn|36\n|\n|t:|1639472956\n|move|p2a: I stole this team|Roost|p2a: I stole this team\n|-heal|p2a: I stole this team|73\/100\n|-singleturn|p2a: I stole this team|move: Roost\n|move|p1a: Bronzong|Shadow Ball|p2a: I stole this team\n|-damage|p2a: I stole this team|17\/100\n|\n|-heal|p2a: I stole this team|23\/100|[from] item: Leftovers\n|upkeep\n|turn|37\n|\n|t:|1639472963\n|move|p2a: I stole this team|Roost|p2a: I stole this team\n|-heal|p2a: I stole this team|73\/100\n|-singleturn|p2a: I stole this team|move: Roost\n|move|p1a: Bronzong|Shadow Ball|p2a: I stole this team\n|-damage|p2a: I stole this team|19\/100\n|\n|-heal|p2a: I stole this team|26\/100|[from] item: Leftovers\n|upkeep\n|turn|38\n|\n|t:|1639472968\n|move|p2a: I stole this team|Roost|p2a: I stole this team\n|-heal|p2a: I stole this team|76\/100\n|-singleturn|p2a: I stole this team|move: Roost\n|move|p1a: Bronzong|Shadow Ball|p2a: I stole this team\n|-damage|p2a: I stole this team|16\/100\n|\n|-heal|p2a: I stole this team|22\/100|[from] item: Leftovers\n|upkeep\n|turn|39\n|\n|t:|1639472973\n|move|p2a: I stole this team|Roost|p2a: I stole this team\n|-heal|p2a: I stole this team|73\/100\n|-singleturn|p2a: I stole this team|move: Roost\n|move|p1a: Bronzong|Shadow Ball|p2a: I stole this team\n|-damage|p2a: I stole this team|16\/100\n|\n|-heal|p2a: I stole this team|22\/100|[from] item: Leftovers\n|upkeep\n|turn|40\n|\n|t:|1639472977\n|move|p2a: I stole this team|Roost|p2a: I stole this team\n|-heal|p2a: I stole this team|73\/100\n|-singleturn|p2a: I stole this team|move: Roost\n|move|p1a: Bronzong|Shadow Ball|p2a: I stole this team\n|-damage|p2a: I stole this team|14\/100\n|\n|-heal|p2a: I stole this team|20\/100|[from] item: Leftovers\n|upkeep\n|turn|41\n|\n|t:|1639472982\n|move|p2a: I stole this team|Roost|p2a: I stole this team\n|-heal|p2a: I stole this team|70\/100\n|-singleturn|p2a: I stole this team|move: Roost\n|move|p1a: Bronzong|Shadow Ball|p2a: I stole this team\n|-damage|p2a: I stole this team|14\/100\n|\n|-heal|p2a: I stole this team|20\/100|[from] item: Leftovers\n|upkeep\n|turn|42\n|\n|t:|1639472986\n|move|p2a: I stole this team|Roost|p2a: I stole this team\n|-heal|p2a: I stole this team|70\/100\n|-singleturn|p2a: I stole this team|move: Roost\n|move|p1a: Bronzong|Shadow Ball|p2a: I stole this team\n|-damage|p2a: I stole this team|18\/100\n|\n|-heal|p2a: I stole this team|24\/100|[from] item: Leftovers\n|upkeep\n|turn|43\n|\n|t:|1639472992\n|move|p2a: I stole this team|Roost|p2a: I stole this team\n|-heal|p2a: I stole this team|74\/100\n|-singleturn|p2a: I stole this team|move: Roost\n|move|p1a: Bronzong|Shadow Ball|p2a: I stole this team\n|-damage|p2a: I stole this team|19\/100\n|\n|-heal|p2a: I stole this team|25\/100|[from] item: Leftovers\n|upkeep\n|turn|44\n|\n|t:|1639472996\n|move|p2a: I stole this team|Roost|p2a: I stole this team\n|-heal|p2a: I stole this team|75\/100\n|-singleturn|p2a: I stole this team|move: Roost\n|move|p1a: Bronzong|Shadow Ball|p2a: I stole this team\n|-damage|p2a: I stole this team|13\/100\n|\n|-heal|p2a: I stole this team|19\/100|[from] item: Leftovers\n|upkeep\n|turn|45\n|\n|t:|1639473003\n|move|p2a: I stole this team|Roost|p2a: I stole this team\n|-heal|p2a: I stole this team|69\/100\n|-singleturn|p2a: I stole this team|move: Roost\n|move|p1a: Bronzong|Shadow Ball|p2a: I stole this team\n|-damage|p2a: I stole this team|14\/100\n|-unboost|p2a: I stole this team|spd|1\n|\n|-heal|p2a: I stole this team|20\/100|[from] item: Leftovers\n|upkeep\n|turn|46\n|\n|t:|1639473007\n|switch|p2a: Stole team|Yanmega, F|100\/100\n|move|p1a: Bronzong|Shadow Ball|p2a: Stole team\n|-damage|p2a: Stole team|1\/100\n|\n|upkeep\n|turn|47\n|\n|t:|1639473012\n|move|p2a: Stole team|Protect|p2a: Stole team\n|-singleturn|p2a: Stole team|Protect\n|move|p1a: Bronzong|Rest|p1a: Bronzong\n|-status|p1a: Bronzong|slp|[from] move: Rest\n|-heal|p1a: Bronzong|100\/100 slp|[silent]\n|\n|-ability|p2a: Stole team|Speed Boost|boost\n|-boost|p2a: Stole team|spe|1\n|upkeep\n|turn|48\n|\n|t:|1639473021\n|move|p2a: Stole team|Bug Buzz|p1a: Bronzong\n|-damage|p1a: Bronzong|91\/100 slp\n|-unboost|p1a: Bronzong|spd|1\n|cant|p1a: Bronzong|slp\n|\n|-ability|p2a: Stole team|Speed Boost|boost\n|-boost|p2a: Stole team|spe|1\n|upkeep\n|turn|49\n|\n|t:|1639473044\n|move|p2a: Stole team|Bug Buzz|p1a: Bronzong\n|-damage|p1a: Bronzong|82\/100 slp\n|-unboost|p1a: Bronzong|spd|1\n|cant|p1a: Bronzong|slp\n|\n|-ability|p2a: Stole team|Speed Boost|boost\n|-boost|p2a: Stole team|spe|1\n|upkeep\n|turn|50\n|j| pikazacian181818\n|\n|t:|1639473054\n|move|p2a: Stole team|Protect|p2a: Stole team\n|-singleturn|p2a: Stole team|Protect\n|-curestatus|p1a: Bronzong|slp|[msg]\n|move|p1a: Bronzong|Shadow Ball|p2a: Stole team\n|-activate|p2a: Stole team|move: Protect\n|\n|-ability|p2a: Stole team|Speed Boost|boost\n|-boost|p2a: Stole team|spe|1\n|upkeep\n|turn|51\n|\n|t:|1639473060\n|move|p2a: Stole team|Protect||[still]\n|-fail|p2a: Stole team\n|move|p1a: Bronzong|Shadow Ball|p2a: Stole team\n|-damage|p2a: Stole team|0 fnt\n|faint|p2a: Stole team\n|\n|upkeep\n|\n|t:|1639473064\n|switch|p2a: I stole this team|Scizor, F, shiny|20\/100\n|turn|52\n|\n|t:|1639473068\n|move|p2a: I stole this team|Roost|p2a: I stole this team\n|-heal|p2a: I stole this team|70\/100\n|-singleturn|p2a: I stole this team|move: Roost\n|move|p1a: Bronzong|Shadow Ball|p2a: I stole this team\n|-damage|p2a: I stole this team|15\/100\n|\n|-heal|p2a: I stole this team|21\/100|[from] item: Leftovers\n|upkeep\n|turn|53\n|\n|t:|1639473073\n|move|p2a: I stole this team|Roost|p2a: I stole this team\n|-heal|p2a: I stole this team|71\/100\n|-singleturn|p2a: I stole this team|move: Roost\n|move|p1a: Bronzong|Shadow Ball|p2a: I stole this team\n|-damage|p2a: I stole this team|18\/100\n|-unboost|p2a: I stole this team|spd|1\n|\n|-heal|p2a: I stole this team|24\/100|[from] item: Leftovers\n|upkeep\n|turn|54\n|\n|t:|1639473080\n|move|p2a: I stole this team|Roost|p2a: I stole this team\n|-heal|p2a: I stole this team|75\/100\n|-singleturn|p2a: I stole this team|move: Roost\n|move|p1a: Bronzong|Shadow Ball|p2a: I stole this team\n|-damage|p2a: I stole this team|0 fnt\n|faint|p2a: I stole this team\n|\n|upkeep\n|l| pikazacian181818\n|inactive|SleepyEmboar has 120 seconds left.\n|\n|t:|1639473114\n|switch|p2a: Stole this team|Heracross, M|100\/100\n|turn|55\n|\n|t:|1639473127\n|move|p2a: Stole this team|Megahorn|p1a: Bronzong\n|-damage|p1a: Bronzong|69\/100\n|move|p1a: Bronzong|Rest|p1a: Bronzong\n|-status|p1a: Bronzong|slp|[from] move: Rest\n|-heal|p1a: Bronzong|100\/100 slp|[silent]\n|\n|upkeep\n|turn|56\n|inactive|Buhrito has 120 seconds left.\n|\n|t:|1639473167\n|switch|p2a: This team I stole|Shedinja|100\/100\n|switch|p1a: Metagross|Metagross|94\/100\n|\n|upkeep\n|turn|57\n|inactive|Buhrito has 120 seconds left.\n|\n|t:|1639473195\n|switch|p1a: Latias|Latias, F|100\/100\n|move|p2a: This team I stole|Protect||[still]\n|-fail|p2a: This team I stole\n|\n|upkeep\n|turn|58\n|inactive|Buhrito has 90 seconds left.\n|\n|t:|1639473221\n|move|p2a: This team I stole|Protect|p2a: This team I stole\n|-singleturn|p2a: This team I stole|Protect\n|move|p1a: Latias|Healing Wish|p1a: Latias\n|faint|p1a: Latias\n|\n|upkeep\n|\n|t:|1639473225\n|switch|p1a: Jirachi|Jirachi|19\/100\n|-heal|p1a: Jirachi|100\/100|[from] move: Healing Wish\n|turn|59\n|\n|t:|1639473230\n|move|p1a: Jirachi|Thunder Wave|p2a: This team I stole\n|-status|p2a: This team I stole|par\n|move|p2a: This team I stole|Will-O-Wisp|p1a: Jirachi\n|-status|p1a: Jirachi|brn\n|\n|-damage|p1a: Jirachi|94\/100 brn|[from] brn\n|upkeep\n|turn|60\n|\n|t:|1639473239\n|move|p2a: This team I stole|Shadow Sneak|p1a: Jirachi\n|-supereffective|p1a: Jirachi\n|-damage|p1a: Jirachi|61\/100 brn\n|move|p1a: Jirachi|Stealth Rock|p2a: This team I stole\n|-sidestart|p2: SleepyEmboar|move: Stealth Rock\n|\n|-damage|p1a: Jirachi|55\/100 brn|[from] brn\n|upkeep\n|turn|61\n|\n|t:|1639473254\n|move|p2a: This team I stole|Shadow Sneak|p1a: Jirachi\n|-supereffective|p1a: Jirachi\n|-damage|p1a: Jirachi|22\/100 brn\n|move|p1a: Jirachi|Zen Headbutt|p2a: This team I stole\n|-immune|p2a: This team I stole|[from] ability: Wonder Guard\n|\n|-damage|p1a: Jirachi|16\/100 brn|[from] brn\n|upkeep\n|turn|62\n|\n|t:|1639473261\n|move|p2a: This team I stole|Shadow Sneak|p1a: Jirachi\n|-supereffective|p1a: Jirachi\n|-damage|p1a: Jirachi|0 fnt\n|faint|p1a: Jirachi\n|\n|upkeep\n|\n|t:|1639473265\n|switch|p1a: Bronzong|Bronzong|100\/100 slp\n|turn|63\n|\n|t:|1639473283\n|move|p2a: This team I stole|Shadow Sneak|p1a: Bronzong\n|-supereffective|p1a: Bronzong\n|-damage|p1a: Bronzong|72\/100 slp\n|cant|p1a: Bronzong|slp\n|\n|upkeep\n|turn|64\n|\n|t:|1639473287\n|move|p2a: This team I stole|Shadow Sneak|p1a: Bronzong\n|-supereffective|p1a: Bronzong\n|-damage|p1a: Bronzong|41\/100 slp\n|cant|p1a: Bronzong|slp\n|\n|upkeep\n|turn|65\n|\n|t:|1639473296\n|move|p2a: This team I stole|Shadow Sneak|p1a: Bronzong\n|-supereffective|p1a: Bronzong\n|-damage|p1a: Bronzong|13\/100 slp\n|-curestatus|p1a: Bronzong|slp|[msg]\n|move|p1a: Bronzong|Rest|p1a: Bronzong\n|-status|p1a: Bronzong|slp|[from] move: Rest\n|-heal|p1a: Bronzong|100\/100 slp|[silent]\n|\n|upkeep\n|turn|66\n|\n|t:|1639473302\n|move|p2a: This team I stole|Shadow Sneak|p1a: Bronzong\n|-supereffective|p1a: Bronzong\n|-damage|p1a: Bronzong|73\/100 slp\n|cant|p1a: Bronzong|slp\n|\n|upkeep\n|turn|67\n|\n|t:|1639473317\n|move|p2a: This team I stole|Shadow Sneak|p1a: Bronzong\n|-supereffective|p1a: Bronzong\n|-damage|p1a: Bronzong|46\/100 slp\n|cant|p1a: Bronzong|slp\n|\n|upkeep\n|turn|68\n|\n|t:|1639473333\n|move|p2a: This team I stole|Shadow Sneak|p1a: Bronzong\n|-supereffective|p1a: Bronzong\n|-damage|p1a: Bronzong|15\/100 slp\n|-curestatus|p1a: Bronzong|slp|[msg]\n|move|p1a: Bronzong|Iron Defense|p1a: Bronzong\n|-boost|p1a: Bronzong|def|2\n|\n|upkeep\n|turn|69\n|\n|t:|1639473338\n|cant|p2a: This team I stole|par\n|move|p1a: Bronzong|Rest|p1a: Bronzong\n|-status|p1a: Bronzong|slp|[from] move: Rest\n|-heal|p1a: Bronzong|100\/100 slp|[silent]\n|\n|upkeep\n|turn|70\n|\n|t:|1639473341\n|cant|p2a: This team I stole|par\n|cant|p1a: Bronzong|slp\n|\n|upkeep\n|turn|71\n|\n|t:|1639473346\n|move|p2a: This team I stole|Shadow Sneak|p1a: Bronzong\n|-supereffective|p1a: Bronzong\n|-damage|p1a: Bronzong|85\/100 slp\n|cant|p1a: Bronzong|slp\n|\n|upkeep\n|turn|72\n|\n|t:|1639473349\n|cant|p2a: This team I stole|par\n|-curestatus|p1a: Bronzong|slp|[msg]\n|move|p1a: Bronzong|Iron Defense|p1a: Bronzong\n|-boost|p1a: Bronzong|def|2\n|\n|upkeep\n|turn|73\n|\n|t:|1639473354\n|move|p2a: This team I stole|Shadow Sneak|p1a: Bronzong\n|-supereffective|p1a: Bronzong\n|-damage|p1a: Bronzong|74\/100\n|move|p1a: Bronzong|Iron Defense|p1a: Bronzong\n|-boost|p1a: Bronzong|def|2\n|\n|upkeep\n|turn|74\n|\n|t:|1639473362\n|move|p2a: This team I stole|Shadow Sneak|p1a: Bronzong\n|-supereffective|p1a: Bronzong\n|-damage|p1a: Bronzong|66\/100\n|move|p1a: Bronzong|Rest|p1a: Bronzong\n|-status|p1a: Bronzong|slp|[from] move: Rest\n|-heal|p1a: Bronzong|100\/100 slp|[silent]\n|\n|upkeep\n|turn|75\n|\n|t:|1639473370\n|move|p2a: This team I stole|Shadow Sneak|p1a: Bronzong\n|-supereffective|p1a: Bronzong\n|-damage|p1a: Bronzong|93\/100 slp\n|cant|p1a: Bronzong|slp\n|\n|upkeep\n|turn|76\n|\n|t:|1639473378\n|move|p2a: This team I stole|Shadow Sneak|p1a: Bronzong\n|-supereffective|p1a: Bronzong\n|-damage|p1a: Bronzong|86\/100 slp\n|cant|p1a: Bronzong|slp\n|\n|upkeep\n|turn|77\n|\n|t:|1639473388\n|move|p2a: This team I stole|Shadow Sneak|p1a: Bronzong\n|-supereffective|p1a: Bronzong\n|-damage|p1a: Bronzong|79\/100 slp\n|-curestatus|p1a: Bronzong|slp|[msg]\n|move|p1a: Bronzong|Calm Mind|p1a: Bronzong\n|-boost|p1a: Bronzong|spa|1\n|-boost|p1a: Bronzong|spd|1\n|\n|upkeep\n|turn|78\n|\n|t:|1639473403\n|move|p1a: Bronzong|Calm Mind|p1a: Bronzong\n|-boost|p1a: Bronzong|spa|1\n|-boost|p1a: Bronzong|spd|1\n|cant|p2a: This team I stole|par\n|\n|upkeep\n|turn|79\n|\n|t:|1639473413\n|move|p1a: Bronzong|Calm Mind|p1a: Bronzong\n|-boost|p1a: Bronzong|spa|1\n|-boost|p1a: Bronzong|spd|1\n|move|p2a: This team I stole|X-Scissor|p1a: Bronzong\n|-damage|p1a: Bronzong|71\/100\n|\n|upkeep\n|turn|80\n|\n|t:|1639473420\n|cant|p2a: This team I stole|par\n|move|p1a: Bronzong|Calm Mind|p1a: Bronzong\n|-boost|p1a: Bronzong|spa|1\n|-boost|p1a: Bronzong|spd|1\n|\n|upkeep\n|turn|81\n|\n|t:|1639473425\n|move|p2a: This team I stole|Shadow Sneak|p1a: Bronzong\n|-supereffective|p1a: Bronzong\n|-damage|p1a: Bronzong|64\/100\n|move|p1a: Bronzong|Calm Mind|p1a: Bronzong\n|-boost|p1a: Bronzong|spa|1\n|-boost|p1a: Bronzong|spd|1\n|\n|upkeep\n|turn|82\n|\n|t:|1639473430\n|cant|p2a: This team I stole|par\n|move|p1a: Bronzong|Calm Mind|p1a: Bronzong\n|-boost|p1a: Bronzong|spa|1\n|-boost|p1a: Bronzong|spd|1\n|\n|upkeep\n|turn|83\n|\n|t:|1639473433\n|move|p2a: This team I stole|Shadow Sneak|p1a: Bronzong\n|-supereffective|p1a: Bronzong\n|-damage|p1a: Bronzong|56\/100\n|move|p1a: Bronzong|Calm Mind|p1a: Bronzong\n|-boost|p1a: Bronzong|spa|0\n|-boost|p1a: Bronzong|spd|0\n|\n|upkeep\n|turn|84\n|\n|t:|1639473438\n|move|p2a: This team I stole|Shadow Sneak|p1a: Bronzong\n|-supereffective|p1a: Bronzong\n|-damage|p1a: Bronzong|49\/100\n|move|p1a: Bronzong|Rest|p1a: Bronzong\n|-status|p1a: Bronzong|slp|[from] move: Rest\n|-heal|p1a: Bronzong|100\/100 slp|[silent]\n|\n|upkeep\n|turn|85\n|\n|t:|1639473443\n|cant|p1a: Bronzong|slp\n|cant|p2a: This team I stole|par\n|\n|upkeep\n|turn|86\n|\n|t:|1639473447\n|cant|p1a: Bronzong|slp\n|cant|p2a: This team I stole|par\n|\n|upkeep\n|turn|87\n|\n|t:|1639473451\n|move|p2a: This team I stole|Protect|p2a: This team I stole\n|-singleturn|p2a: This team I stole|Protect\n|-curestatus|p1a: Bronzong|slp|[msg]\n|move|p1a: Bronzong|Calm Mind|p1a: Bronzong\n|-boost|p1a: Bronzong|spa|0\n|-boost|p1a: Bronzong|spd|0\n|\n|upkeep\n|turn|88\n|\n|t:|1639473457\n|cant|p2a: This team I stole|par\n|move|p1a: Bronzong|Calm Mind|p1a: Bronzong\n|-boost|p1a: Bronzong|spa|0\n|-boost|p1a: Bronzong|spd|0\n|\n|upkeep\n|turn|89\n|\n|t:|1639473475\n|switch|p1a: Latios|Latios, M|100\/100\n|move|p2a: This team I stole|Protect||[still]\n|-fail|p2a: This team I stole\n|\n|upkeep\n|turn|90\n|\n|t:|1639473483\n|move|p1a: Latios|Psychic|p2a: This team I stole\n|-immune|p2a: This team I stole|[from] ability: Wonder Guard\n|cant|p2a: This team I stole|par\n|\n|upkeep\n|turn|91\n|\n|t:|1639473487\n|move|p1a: Latios|Psychic|p2a: This team I stole\n|-immune|p2a: This team I stole|[from] ability: Wonder Guard\n|move|p2a: This team I stole|X-Scissor|p1a: Latios\n|-supereffective|p1a: Latios\n|-damage|p1a: Latios|5\/100\n|\n|upkeep\n|turn|92\n|\n|t:|1639473492\n|move|p2a: This team I stole|Shadow Sneak|p1a: Latios\n|-supereffective|p1a: Latios\n|-damage|p1a: Latios|0 fnt\n|faint|p1a: Latios\n|\n|upkeep\n|\n|t:|1639473495\n|switch|p1a: Alakazam|Alakazam, F|100\/100\n|turn|93\n|\n|t:|1639473499\n|move|p1a: Alakazam|Shadow Ball|p2a: This team I stole\n|-supereffective|p2a: This team I stole\n|-enditem|p2a: This team I stole|Focus Sash\n|-damage|p2a: This team I stole|100\/100 par\n|move|p2a: This team I stole|X-Scissor|p1a: Alakazam\n|-supereffective|p1a: Alakazam\n|-enditem|p1a: Alakazam|Focus Sash\n|-damage|p1a: Alakazam|1\/100\n|\n|upkeep\n|turn|94\n|\n|t:|1639473505\n|move|p2a: This team I stole|Shadow Sneak|p1a: Alakazam\n|-supereffective|p1a: Alakazam\n|-damage|p1a: Alakazam|0 fnt\n|faint|p1a: Alakazam\n|\n|upkeep\n|\n|t:|1639473516\n|switch|p1a: Bronzong|Bronzong|100\/100\n|turn|95\n|\n|t:|1639473521\n|move|p2a: This team I stole|Protect|p2a: This team I stole\n|-singleturn|p2a: This team I stole|Protect\n|move|p1a: Bronzong|Iron Defense|p1a: Bronzong\n|-boost|p1a: Bronzong|def|2\n|\n|upkeep\n|turn|96\n|\n|t:|1639473532\n|move|p2a: This team I stole|Protect||[still]\n|-fail|p2a: This team I stole\n|move|p1a: Bronzong|Iron Defense|p1a: Bronzong\n|-boost|p1a: Bronzong|def|2\n|\n|upkeep\n|turn|97\n|\n|t:|1639473537\n|move|p2a: This team I stole|Protect|p2a: This team I stole\n|-singleturn|p2a: This team I stole|Protect\n|move|p1a: Bronzong|Iron Defense|p1a: Bronzong\n|-boost|p1a: Bronzong|def|2\n|\n|upkeep\n|turn|98\n|\n|t:|1639473551\n|cant|p2a: This team I stole|par\n|move|p1a: Bronzong|Calm Mind|p1a: Bronzong\n|-boost|p1a: Bronzong|spa|1\n|-boost|p1a: Bronzong|spd|1\n|\n|upkeep\n|turn|99\n|\n|t:|1639473570\n|move|p2a: This team I stole|Protect|p2a: This team I stole\n|-singleturn|p2a: This team I stole|Protect\n|move|p1a: Bronzong|Calm Mind|p1a: Bronzong\n|-boost|p1a: Bronzong|spa|1\n|-boost|p1a: Bronzong|spd|1\n|\n|upkeep\n|turn|100\n|\n|t:|1639473577\n|cant|p2a: This team I stole|par\n|move|p1a: Bronzong|Calm Mind|p1a: Bronzong\n|-boost|p1a: Bronzong|spa|1\n|-boost|p1a: Bronzong|spd|1\n|\n|upkeep\n|turn|101\n|inactive|Buhrito has 120 seconds left.\n|\n|t:|1639473594\n|move|p2a: This team I stole|Protect|p2a: This team I stole\n|-singleturn|p2a: This team I stole|Protect\n|move|p1a: Bronzong|Calm Mind|p1a: Bronzong\n|-boost|p1a: Bronzong|spa|1\n|-boost|p1a: Bronzong|spd|1\n|\n|upkeep\n|turn|102\n|\n|t:|1639473597\n|cant|p2a: This team I stole|par\n|move|p1a: Bronzong|Calm Mind|p1a: Bronzong\n|-boost|p1a: Bronzong|spa|1\n|-boost|p1a: Bronzong|spd|1\n|\n|upkeep\n|turn|103\n|inactive|Buhrito has 120 seconds left.\n|\n|t:|1639473608\n|cant|p2a: This team I stole|par\n|move|p1a: Bronzong|Calm Mind|p1a: Bronzong\n|-boost|p1a: Bronzong|spa|1\n|-boost|p1a: Bronzong|spd|1\n|\n|upkeep\n|turn|104\n|\n|t:|1639473615\n|move|p2a: This team I stole|Protect|p2a: This team I stole\n|-singleturn|p2a: This team I stole|Protect\n|move|p1a: Bronzong|Calm Mind|p1a: Bronzong\n|-boost|p1a: Bronzong|spa|0\n|-boost|p1a: Bronzong|spd|0\n|\n|upkeep\n|turn|105\n|\n|t:|1639473623\n|move|p2a: This team I stole|Protect|p2a: This team I stole\n|-singleturn|p2a: This team I stole|Protect\n|move|p1a: Bronzong|Iron Defense|p1a: Bronzong\n|-boost|p1a: Bronzong|def|0\n|\n|upkeep\n|turn|106\n|inactive|Buhrito has 120 seconds left.\n|\n|t:|1639473642\n|cant|p2a: This team I stole|par\n|move|p1a: Bronzong|Iron Defense|p1a: Bronzong\n|-boost|p1a: Bronzong|def|0\n|\n|upkeep\n|turn|107\n|\n|t:|1639473652\n|cant|p2a: This team I stole|par\n|move|p1a: Bronzong|Iron Defense|p1a: Bronzong\n|-boost|p1a: Bronzong|def|0\n|\n|upkeep\n|turn|108\n|inactive|Buhrito has 120 seconds left.\n|\n|t:|1639473672\n|switch|p1a: Metagross|Metagross|94\/100\n|cant|p2a: This team I stole|par\n|\n|upkeep\n|turn|109\n|\n|t:|1639473686\n|switch|p1a: Bronzong|Bronzong|100\/100\n|move|p2a: This team I stole|Protect||[still]\n|-fail|p2a: This team I stole\n|\n|upkeep\n|turn|110\n|\n|t:|1639473701\n|switch|p1a: Metagross|Metagross|94\/100\n|cant|p2a: This team I stole|par\n|\n|upkeep\n|turn|111\n|\n|t:|1639473709\n|switch|p1a: Bronzong|Bronzong|100\/100\n|cant|p2a: This team I stole|par\n|\n|upkeep\n|turn|112\n|\n|t:|1639473717\n|switch|p1a: Metagross|Metagross|94\/100\n|move|p2a: This team I stole|Shadow Sneak|p1a: Metagross\n|-supereffective|p1a: Metagross\n|-damage|p1a: Metagross|62\/100\n|\n|upkeep\n|turn|113\n|\n|t:|1639473730\n|switch|p1a: Bronzong|Bronzong|100\/100\n|move|p2a: This team I stole|Will-O-Wisp|p1a: Bronzong|[miss]\n|-miss|p2a: This team I stole|p1a: Bronzong\n|\n|upkeep\n|turn|114\n|\n|t:|1639473741\n|move|p1a: Bronzong|Calm Mind|p1a: Bronzong\n|-boost|p1a: Bronzong|spa|1\n|-boost|p1a: Bronzong|spd|1\n|move|p2a: This team I stole|Will-O-Wisp|p1a: Bronzong\n|-status|p1a: Bronzong|brn\n|\n|-damage|p1a: Bronzong|94\/100 brn|[from] brn\n|upkeep\n|turn|115\n|\n|t:|1639473753\n|cant|p2a: This team I stole|par\n|move|p1a: Bronzong|Iron Defense|p1a: Bronzong\n|-boost|p1a: Bronzong|def|2\n|\n|-damage|p1a: Bronzong|88\/100 brn|[from] brn\n|upkeep\n|turn|116\n|\n|t:|1639473761\n|move|p1a: Bronzong|Rest|p1a: Bronzong\n|-status|p1a: Bronzong|slp|[from] move: Rest\n|-heal|p1a: Bronzong|100\/100 slp|[silent]\n|move|p2a: This team I stole|Will-O-Wisp||[still]\n|-fail|p2a: This team I stole\n|\n|upkeep\n|turn|117\n|\n|t:|1639473776\n|cant|p1a: Bronzong|slp\n|cant|p2a: This team I stole|par\n|\n|upkeep\n|turn|118\n|\n|t:|1639473780\n|cant|p1a: Bronzong|slp\n|move|p2a: This team I stole|Will-O-Wisp||[still]\n|-fail|p2a: This team I stole\n|\n|upkeep\n|turn|119\n|inactive|Buhrito has 90 seconds left.\n|\n|t:|1639473813\n|switch|p1a: Metagross|Metagross|62\/100\n|cant|p2a: This team I stole|par\n|\n|upkeep\n|turn|120\n|\n|t:|1639473818\n|switch|p1a: Bronzong|Bronzong|100\/100 slp\n|move|p2a: This team I stole|Will-O-Wisp||[still]\n|-fail|p2a: This team I stole\n|\n|upkeep\n|turn|121\n|inactive|Buhrito has 90 seconds left.\n|\n|t:|1639473845\n|-curestatus|p1a: Bronzong|slp|[msg]\n|move|p1a: Bronzong|Iron Defense|p1a: Bronzong\n|-boost|p1a: Bronzong|def|2\n|cant|p2a: This team I stole|par\n|\n|upkeep\n|turn|122\n|\n|t:|1639473852\n|switch|p1a: Metagross|Metagross|62\/100\n|cant|p2a: This team I stole|par\n|\n|upkeep\n|turn|123\n|\n|t:|1639473856\n|switch|p1a: Bronzong|Bronzong|100\/100\n|move|p2a: This team I stole|Will-O-Wisp|p1a: Bronzong\n|-status|p1a: Bronzong|brn\n|\n|-damage|p1a: Bronzong|94\/100 brn|[from] brn\n|upkeep\n|turn|124\n|\n|t:|1639473874\n|switch|p1a: Metagross|Metagross|62\/100\n|move|p2a: This team I stole|Will-O-Wisp|p1a: Metagross\n|-status|p1a: Metagross|brn\n|\n|-damage|p1a: Metagross|56\/100 brn|[from] brn\n|upkeep\n|turn|125\n|\n|t:|1639473883\n|switch|p1a: Bronzong|Bronzong|94\/100 brn\n|move|p2a: This team I stole|Will-O-Wisp|p1a: Bronzong\n|-fail|p1a: Bronzong|brn\n|\n|-damage|p1a: Bronzong|88\/100 brn|[from] brn\n|upkeep\n|turn|126\n|inactive|Buhrito has 60 seconds left.\n|\n|t:|1639473901\n|move|p1a: Bronzong|Iron Defense|p1a: Bronzong\n|-boost|p1a: Bronzong|def|2\n|move|p2a: This team I stole|X-Scissor|p1a: Bronzong\n|-damage|p1a: Bronzong|74\/100 brn\n|\n|-damage|p1a: Bronzong|68\/100 brn|[from] brn\n|upkeep\n|turn|127\n|inactive|Buhrito has 60 seconds left.\n|-message|Buhrito forfeited.\n|\n|win|SleepyEmboar\n|raw|Buhrito's rating: 1467 &rarr; <strong>1438<\/strong><br \/>(-29 for losing)\n|raw|SleepyEmboar's rating: 1308 &rarr; <strong>1337<\/strong><br \/>(+29 for winning)\n|l|\u2606Buhrito\n||Ladder isn't responding, score probably updated but might not have (Request timeout).\n","uploadtime":1639473924,"views":147,"p1id":"buhrito","p2id":"sleepyemboar","formatid":"gen8bdspmonotype","rating":1337,"private":0,"password":null}