{"id":"gen8monotype-1539275298","p1":"Beanson1407","p2":"Eclipse77","format":"gen8monotype","log":"|j|\u2606Beanson1407\n|j|\u2606Eclipse77\n|t:|1648312719\n|gametype|singles\n|player|p1|Beanson1407|hilbert|1447\n|player|p2|Eclipse77|hilda-wonderlauncher|1675\n|teamsize|p1|6\n|teamsize|p2|6\n|gen|8\n|tier|[Gen 8] Monotype\n|rated|\n|rule|Same Type Clause: Pok\u00e9mon in a team must share a type\n|rule|Sleep Clause Mod: Limit one foe put to sleep\n|rule|Species Clause: Limit one of each Pok\u00e9mon\n|rule|OHKO Clause: OHKO moves are banned\n|rule|Evasion Moves Clause: Evasion moves are banned\n|rule|Endless Battle Clause: Forcing endless battles is banned\n|rule|HP Percentage Mod: HP is shown in percentages\n|rule|Dynamax Clause: You cannot dynamax\n|clearpoke\n|poke|p1|Barraskewda, F|\n|poke|p1|Ludicolo, M|\n|poke|p1|Pelipper, F|\n|poke|p1|Seismitoad, F|\n|poke|p1|Cloyster, M|\n|poke|p1|Urshifu-*, M|\n|poke|p2|Slowking, M|\n|poke|p2|Urshifu-*, M|\n|poke|p2|Tapu Fini|\n|poke|p2|Toxapex, F|\n|poke|p2|Gastrodon, F|\n|poke|p2|Rotom-Wash|\n|teampreview\n|\n|t:|1648312743\n|start\n|switch|p1a: Ludicolo|Ludicolo, M|100\/100\n|switch|p2a: Rotom|Rotom-Wash|100\/100\n|turn|1\n|\n|t:|1648312749\n|move|p2a: Rotom|Volt Switch|p1a: Ludicolo\n|-damage|p1a: Ludicolo|66\/100\n|\n|t:|1648312752\n|switch|p2a: Toxapex|Toxapex, F|100\/100|[from]move: Volt Switch\n|move|p1a: Ludicolo|Giga Drain|p2a: Toxapex\n|-damage|p2a: Toxapex|64\/100\n|-heal|p1a: Ludicolo|85\/100|[from] drain|[of] p2a: Toxapex\n|-damage|p1a: Ludicolo|75\/100|[from] item: Life Orb\n|\n|-heal|p2a: Toxapex|71\/100|[from] item: Black Sludge\n|upkeep\n|turn|2\n|\n|t:|1648312766\n|move|p1a: Ludicolo|Giga Drain|p2a: Toxapex\n|-damage|p2a: Toxapex|37\/100\n|-heal|p1a: Ludicolo|92\/100|[from] drain|[of] p2a: Toxapex\n|-damage|p1a: Ludicolo|82\/100|[from] item: Life Orb\n|move|p2a: Toxapex|Toxic|p1a: Ludicolo\n|-status|p1a: Ludicolo|tox\n|\n|-heal|p2a: Toxapex|44\/100|[from] item: Black Sludge\n|-damage|p1a: Ludicolo|76\/100 tox|[from] psn\n|upkeep\n|turn|3\n|\n|t:|1648312777\n|move|p1a: Ludicolo|Encore|p2a: Toxapex\n|-start|p2a: Toxapex|Encore\n|move|p2a: Toxapex|Toxic|p1a: Ludicolo\n|-fail|p1a: Ludicolo|tox\n|\n|-heal|p2a: Toxapex|50\/100|[from] item: Black Sludge\n|-damage|p1a: Ludicolo|64\/100 tox|[from] psn\n|upkeep\n|turn|4\n|\n|t:|1648312792\n|switch|p2a: Slowking|Slowking, M|100\/100\n|move|p1a: Ludicolo|Giga Drain|p2a: Slowking\n|-supereffective|p2a: Slowking\n|-damage|p2a: Slowking|52\/100\n|-heal|p1a: Ludicolo|95\/100 tox|[from] drain|[of] p2a: Slowking\n|-damage|p1a: Ludicolo|85\/100 tox|[from] item: Life Orb\n|\n|-damage|p1a: Ludicolo|67\/100 tox|[from] psn\n|upkeep\n|turn|5\n|\n|t:|1648312802\n|switch|p1a: Pelipper|Pelipper, F|100\/100\n|-weather|RainDance|[from] ability: Drizzle|[of] p1a: Pelipper\n|switch|p2a: Toxapex|Toxapex, F|83\/100\n|\n|-weather|RainDance|[upkeep]\n|-heal|p2a: Toxapex|89\/100|[from] item: Black Sludge\n|upkeep\n|turn|6\n|\n|t:|1648312811\n|switch|p1a: Ludicolo|Ludicolo, M|67\/100 tox\n|move|p2a: Toxapex|Toxic|p1a: Ludicolo\n|-fail|p1a: Ludicolo|tox\n|\n|-weather|RainDance|[upkeep]\n|-heal|p2a: Toxapex|96\/100|[from] item: Black Sludge\n|-damage|p1a: Ludicolo|61\/100 tox|[from] psn\n|upkeep\n|turn|7\n|\n|t:|1648312820\n|move|p1a: Ludicolo|Giga Drain|p2a: Toxapex\n|-damage|p2a: Toxapex|59\/100\n|-heal|p1a: Ludicolo|80\/100 tox|[from] drain|[of] p2a: Toxapex\n|-damage|p1a: Ludicolo|70\/100 tox|[from] item: Life Orb\n|move|p2a: Toxapex|Recover|p2a: Toxapex\n|-heal|p2a: Toxapex|100\/100\n|\n|-weather|RainDance|[upkeep]\n|-damage|p1a: Ludicolo|58\/100 tox|[from] psn\n|upkeep\n|turn|8\n|\n|t:|1648312829\n|move|p1a: Ludicolo|Encore|p2a: Toxapex\n|-start|p2a: Toxapex|Encore\n|move|p2a: Toxapex|Recover||[still]\n|-fail|p2a: Toxapex|heal\n|\n|-weather|RainDance|[upkeep]\n|-damage|p1a: Ludicolo|40\/100 tox|[from] psn\n|upkeep\n|turn|9\n|\n|t:|1648312835\n|switch|p1a: Seismitoad|Seismitoad, F|100\/100\n|switch|p2a: Slowking|Slowking, M|86\/100\n|\n|-weather|none\n|upkeep\n|turn|10\n|\n|t:|1648312844\n|move|p1a: Seismitoad|Power Whip|p2a: Slowking\n|-supereffective|p2a: Slowking\n|-damage|p2a: Slowking|0 fnt\n|faint|p2a: Slowking\n|\n|upkeep\n|\n|t:|1648312848\n|switch|p2a: Urshifu|Urshifu-Rapid-Strike, M|100\/100\n|turn|11\n|\n|t:|1648312856\n|switch|p1a: Barraskewda|Barraskewda, F, shiny|100\/100\n|move|p2a: Urshifu|Close Combat|p1a: Barraskewda\n|-enditem|p1a: Barraskewda|Focus Sash\n|-damage|p1a: Barraskewda|1\/100\n|-unboost|p2a: Urshifu|def|1\n|-unboost|p2a: Urshifu|spd|1\n|\n|upkeep\n|turn|12\n|inactive|Battle timer is ON: inactive players will automatically lose when time's up. (requested by Eclipse77)\n|\n|t:|1648312865\n|switch|p2a: Toxapex|Toxapex, F|100\/100\n|move|p1a: Barraskewda|Psychic Fangs|p2a: Toxapex\n|-supereffective|p2a: Toxapex\n|-damage|p2a: Toxapex|61\/100\n|\n|-heal|p2a: Toxapex|67\/100|[from] item: Black Sludge\n|upkeep\n|turn|13\n|\n|t:|1648312876\n|move|p1a: Barraskewda|Psychic Fangs|p2a: Toxapex\n|-supereffective|p2a: Toxapex\n|-damage|p2a: Toxapex|30\/100\n|move|p2a: Toxapex|Scald|p1a: Barraskewda\n|-resisted|p1a: Barraskewda\n|-damage|p1a: Barraskewda|0 fnt\n|faint|p1a: Barraskewda\n|\n|-heal|p2a: Toxapex|36\/100|[from] item: Black Sludge\n|upkeep\n|\n|t:|1648312888\n|switch|p1a: Seismitoad|Seismitoad, F|100\/100\n|turn|14\n|\n|t:|1648312896\n|switch|p2a: Tapu Fini|Tapu Fini, shiny|100\/100\n|-fieldstart|move: Misty Terrain|[from] ability: Misty Surge|[of] p2a: Tapu Fini\n|move|p1a: Seismitoad|Earthquake|p2a: Tapu Fini\n|-damage|p2a: Tapu Fini|59\/100\n|\n|-heal|p2a: Tapu Fini|65\/100|[from] item: Leftovers\n|upkeep\n|turn|15\n|\n|t:|1648312907\n|switch|p1a: Pelipper|Pelipper, F|100\/100\n|-weather|RainDance|[from] ability: Drizzle|[of] p1a: Pelipper\n|switch|p2a: Rotom|Rotom-Wash|100\/100\n|\n|-weather|RainDance|[upkeep]\n|upkeep\n|turn|16\n|\n|t:|1648312923\n|switch|p1a: Ludicolo|Ludicolo, M|40\/100 tox\n|move|p2a: Rotom|Hydro Pump|p1a: Ludicolo\n|-resisted|p1a: Ludicolo\n|-damage|p1a: Ludicolo|17\/100 tox\n|\n|-weather|RainDance|[upkeep]\n|-damage|p1a: Ludicolo|11\/100 tox|[from] psn\n|upkeep\n|turn|17\n|\n|t:|1648312931\n|switch|p2a: Toxapex|Toxapex, F|69\/100\n|move|p1a: Ludicolo|Giga Drain|p2a: Toxapex\n|-damage|p2a: Toxapex|33\/100\n|-heal|p1a: Ludicolo|30\/100 tox|[from] drain|[of] p2a: Toxapex\n|-damage|p1a: Ludicolo|20\/100 tox|[from] item: Life Orb\n|\n|-weather|RainDance|[upkeep]\n|-heal|p2a: Toxapex|39\/100|[from] item: Black Sludge\n|-damage|p1a: Ludicolo|8\/100 tox|[from] psn\n|upkeep\n|turn|18\n|\n|t:|1648312941\n|move|p1a: Ludicolo|Giga Drain|p2a: Toxapex\n|-damage|p2a: Toxapex|0 fnt\n|-heal|p1a: Ludicolo|27\/100 tox|[from] drain|[of] p2a: Toxapex\n|faint|p2a: Toxapex\n|-damage|p1a: Ludicolo|17\/100 tox|[from] item: Life Orb\n|\n|-weather|RainDance|[upkeep]\n|-damage|p1a: Ludicolo|0 fnt|[from] psn\n|faint|p1a: Ludicolo\n|-fieldend|Misty Terrain\n|upkeep\n|\n|t:|1648312959\n|switch|p1a: Urshifu|Urshifu-Rapid-Strike, M|100\/100\n|switch|p2a: Rotom|Rotom-Wash|100\/100\n|turn|19\n|\n|t:|1648312969\n|move|p2a: Rotom|Volt Switch|p1a: Urshifu\n|-supereffective|p1a: Urshifu\n|-damage|p1a: Urshifu|2\/100\n|\n|t:|1648312973\n|switch|p2a: Gastrodon|Gastrodon, F|100\/100|[from]move: Volt Switch\n|move|p1a: Urshifu|Drain Punch|p2a: Gastrodon\n|-damage|p2a: Gastrodon|72\/100\n|-heal|p1a: Urshifu|20\/100|[from] drain|[of] p2a: Gastrodon\n|\n|-weather|none\n|-heal|p2a: Gastrodon|78\/100|[from] item: Leftovers\n|upkeep\n|turn|20\n|\n|t:|1648312983\n|move|p1a: Urshifu|Drain Punch|p2a: Gastrodon\n|-crit|p2a: Gastrodon\n|-damage|p2a: Gastrodon|36\/100\n|-heal|p1a: Urshifu|47\/100|[from] drain|[of] p2a: Gastrodon\n|move|p2a: Gastrodon|Toxic|p1a: Urshifu|[miss]\n|-miss|p2a: Gastrodon|p1a: Urshifu\n|\n|-heal|p2a: Gastrodon|42\/100|[from] item: Leftovers\n|upkeep\n|turn|21\n|\n|t:|1648312991\n|move|p1a: Urshifu|Drain Punch|p2a: Gastrodon\n|-damage|p2a: Gastrodon|15\/100\n|-heal|p1a: Urshifu|63\/100|[from] drain|[of] p2a: Gastrodon\n|move|p2a: Gastrodon|Recover|p2a: Gastrodon\n|-heal|p2a: Gastrodon|65\/100\n|\n|-heal|p2a: Gastrodon|71\/100|[from] item: Leftovers\n|upkeep\n|turn|22\n|\n|t:|1648313001\n|move|p1a: Urshifu|Drain Punch|p2a: Gastrodon\n|-damage|p2a: Gastrodon|43\/100\n|-heal|p1a: Urshifu|81\/100|[from] drain|[of] p2a: Gastrodon\n|move|p2a: Gastrodon|Toxic|p1a: Urshifu\n|-status|p1a: Urshifu|tox\n|\n|-heal|p2a: Gastrodon|49\/100|[from] item: Leftovers\n|-damage|p1a: Urshifu|75\/100 tox|[from] psn\n|upkeep\n|turn|23\n|\n|t:|1648313010\n|move|p1a: Urshifu|Drain Punch|p2a: Gastrodon\n|-damage|p2a: Gastrodon|22\/100\n|-heal|p1a: Urshifu|92\/100 tox|[from] drain|[of] p2a: Gastrodon\n|move|p2a: Gastrodon|Recover|p2a: Gastrodon\n|-heal|p2a: Gastrodon|72\/100\n|\n|-heal|p2a: Gastrodon|78\/100|[from] item: Leftovers\n|-damage|p1a: Urshifu|79\/100 tox|[from] psn\n|upkeep\n|turn|24\n|\n|t:|1648313019\n|move|p1a: Urshifu|Drain Punch|p2a: Gastrodon\n|-damage|p2a: Gastrodon|51\/100\n|-heal|p1a: Urshifu|97\/100 tox|[from] drain|[of] p2a: Gastrodon\n|move|p2a: Gastrodon|Toxic|p1a: Urshifu\n|-fail|p1a: Urshifu|tox\n|\n|-heal|p2a: Gastrodon|57\/100|[from] item: Leftovers\n|-damage|p1a: Urshifu|78\/100 tox|[from] psn\n|upkeep\n|turn|25\n|\n|t:|1648313041\n|move|p1a: Urshifu|Drain Punch|p2a: Gastrodon\n|-damage|p2a: Gastrodon|26\/100\n|-heal|p1a: Urshifu|98\/100 tox|[from] drain|[of] p2a: Gastrodon\n|move|p2a: Gastrodon|Recover|p2a: Gastrodon\n|-heal|p2a: Gastrodon|76\/100\n|\n|-heal|p2a: Gastrodon|82\/100|[from] item: Leftovers\n|-damage|p1a: Urshifu|73\/100 tox|[from] psn\n|upkeep\n|turn|26\n|\n|t:|1648313059\n|move|p1a: Urshifu|Drain Punch|p2a: Gastrodon\n|-damage|p2a: Gastrodon|56\/100\n|-heal|p1a: Urshifu|89\/100 tox|[from] drain|[of] p2a: Gastrodon\n|move|p2a: Gastrodon|Recover|p2a: Gastrodon\n|-heal|p2a: Gastrodon|100\/100\n|\n|-damage|p1a: Urshifu|59\/100 tox|[from] psn\n|upkeep\n|turn|27\n|inactive|Eclipse77 has 120 seconds left.\n|\n|t:|1648313093\n|move|p1a: Urshifu|Drain Punch|p2a: Gastrodon\n|-damage|p2a: Gastrodon|72\/100\n|-heal|p1a: Urshifu|76\/100 tox|[from] drain|[of] p2a: Gastrodon\n|move|p2a: Gastrodon|Toxic|p1a: Urshifu\n|-fail|p1a: Urshifu|tox\n|\n|-heal|p2a: Gastrodon|78\/100|[from] item: Leftovers\n|-damage|p1a: Urshifu|39\/100 tox|[from] psn\n|upkeep\n|turn|28\n|\n|t:|1648313107\n|move|p1a: Urshifu|Drain Punch|p2a: Gastrodon\n|-damage|p2a: Gastrodon|48\/100\n|-heal|p1a: Urshifu|58\/100 tox|[from] drain|[of] p2a: Gastrodon\n|move|p2a: Gastrodon|Recover|p2a: Gastrodon\n|-heal|p2a: Gastrodon|98\/100\n|\n|-heal|p2a: Gastrodon|100\/100|[from] item: Leftovers\n|-damage|p1a: Urshifu|15\/100 tox|[from] psn\n|upkeep\n|turn|29\n|\n|t:|1648313120\n|switch|p2a: Rotom|Rotom-Wash|100\/100\n|move|p1a: Urshifu|Drain Punch|p2a: Rotom\n|-damage|p2a: Rotom|46\/100\n|-heal|p1a: Urshifu|35\/100 tox|[from] drain|[of] p2a: Rotom\n|\n|-damage|p1a: Urshifu|0 fnt|[from] psn\n|faint|p1a: Urshifu\n|upkeep\n|\n|t:|1648313132\n|switch|p1a: Pelipper|Pelipper, F|100\/100\n|-weather|RainDance|[from] ability: Drizzle|[of] p1a: Pelipper\n|turn|30\n|\n|t:|1648313146\n|switch|p1a: Seismitoad|Seismitoad, F|100\/100\n|move|p2a: Rotom|Hydro Pump|p1a: Seismitoad\n|-damage|p1a: Seismitoad|11\/100\n|\n|-weather|RainDance|[upkeep]\n|upkeep\n|turn|31\n|\n|t:|1648313154\n|switch|p2a: Gastrodon|Gastrodon, F|100\/100\n|move|p1a: Seismitoad|Power Whip|p2a: Gastrodon\n|-supereffective|p2a: Gastrodon\n|-damage|p2a: Gastrodon|0 fnt\n|faint|p2a: Gastrodon\n|\n|-weather|RainDance|[upkeep]\n|upkeep\n|\n|t:|1648313156\n|switch|p2a: Tapu Fini|Tapu Fini, shiny|65\/100\n|-fieldstart|move: Misty Terrain|[from] ability: Misty Surge|[of] p2a: Tapu Fini\n|turn|32\n|\n|t:|1648313164\n|move|p1a: Seismitoad|Power Whip|p2a: Tapu Fini\n|-supereffective|p2a: Tapu Fini\n|-damage|p2a: Tapu Fini|0 fnt\n|faint|p2a: Tapu Fini\n|\n|-weather|RainDance|[upkeep]\n|upkeep\n|\n|t:|1648313171\n|switch|p2a: Urshifu|Urshifu-Rapid-Strike, M|100\/100\n|turn|33\n|\n|t:|1648313178\n|move|p1a: Seismitoad|Power Whip|p2a: Urshifu\n|-supereffective|p2a: Urshifu\n|-damage|p2a: Urshifu|0 fnt\n|faint|p2a: Urshifu\n|\n|-weather|RainDance|[upkeep]\n|upkeep\n|\n|t:|1648313181\n|switch|p2a: Rotom|Rotom-Wash|46\/100\n|turn|34\n|\n|t:|1648313188\n|move|p1a: Seismitoad|Power Whip|p2a: Rotom\n|-supereffective|p2a: Rotom\n|-damage|p2a: Rotom|0 fnt\n|faint|p2a: Rotom\n|\n|win|Beanson1407\n|raw|Beanson1407's rating: 1447 &rarr; <strong>1479<\/strong><br \/>(+32 for winning)\n|raw|Eclipse77's rating: 1675 &rarr; <strong>1643<\/strong><br \/>(-32 for losing)\n|c|\u2606Eclipse77|gg\n|c|\u2606Beanson1407|gg\n|l|\u2606Eclipse77\n||Ladder isn't responding, score probably updated but might not have (Request timeout).\n","uploadtime":1648313297,"views":13,"p1id":"beanson1407","p2id":"eclipse77","formatid":"gen8monotype","rating":1479,"private":0,"password":null}