{"id":"gen8nationaldexag-1100881756","p1":"Olaoluwa","p2":"willcoxw","format":"gen8nationaldexag","log":"|j|\u2606Olaoluwa\n|j|\u2606willcoxw\n|player|p1|Olaoluwa|sabrina-gen2|1765\n|player|p2|willcoxw|clair|1646\n|teamsize|p1|6\n|teamsize|p2|6\n|gametype|singles\n|gen|8\n|tier|[Gen 8] National Dex AG\n|rated|\n|clearpoke\n|poke|p1|Landorus-Therian, M|\n|poke|p1|Zacian-Crowned|\n|poke|p1|Arceus-*|\n|poke|p1|Smeargle, M|\n|poke|p1|Kartana|\n|poke|p1|Rayquaza|\n|poke|p2|Zygarde|\n|poke|p2|Zygarde|\n|poke|p2|Necrozma-Dusk-Mane|\n|poke|p2|Necrozma-Dawn-Wings|\n|poke|p2|Eternatus|\n|poke|p2|Yveltal|\n|rule|HP Percentage Mod: HP is shown in percentages\n|rule|Endless Battle Clause: Forcing endless battles is banned\n|teampreview\n|\n|start\n|switch|p1a: Crusher|Smeargle, M|100\/100\n|switch|p2a: Eternatus|Eternatus|100\/100\n|-ability|p2a: Eternatus|Pressure\n|turn|1\n|inactive|Battle timer is ON: inactive players will automatically lose when time's up. (requested by Olaoluwa)\n|\n|move|p2a: Eternatus|Substitute|p2a: Eternatus\n|-start|p2a: Eternatus|Substitute\n|-damage|p2a: Eternatus|76\/100\n|move|p1a: Crusher|Nuzzle|p2a: Eternatus\n|-resisted|p2a: Eternatus\n|-activate|p2a: Eternatus|move: Substitute|[damage]\n|\n|-heal|p2a: Eternatus|82\/100|[from] item: Black Sludge\n|-ability|p1a: Crusher|Moody|boost\n|-boost|p1a: Crusher|def|2\n|-unboost|p1a: Crusher|spe|1\n|upkeep\n|turn|2\n|\n|move|p2a: Eternatus|Sludge Bomb|p1a: Crusher\n|-enditem|p1a: Crusher|Focus Sash\n|-damage|p1a: Crusher|1\/100\n|move|p1a: Crusher|Sticky Web|p2a: Eternatus\n|-sidestart|p2: willcoxw|move: Sticky Web\n|\n|-heal|p2a: Eternatus|88\/100|[from] item: Black Sludge\n|-ability|p1a: Crusher|Moody|boost\n|-boost|p1a: Crusher|atk|2\n|-unboost|p1a: Crusher|spd|1\n|upkeep\n|turn|3\n|\n|move|p2a: Eternatus|Sludge Bomb|p1a: Crusher\n|-damage|p1a: Crusher|0 fnt\n|faint|p1a: Crusher\n|\n|-heal|p2a: Eternatus|94\/100|[from] item: Black Sludge\n|upkeep\n|\n|switch|p1a: Eviscerator|Zacian-Crowned|100\/100\n|-ability|p1a: Eviscerator|Intrepid Sword|boost\n|-boost|p1a: Eviscerator|atk|1\n|turn|4\n|\n|move|p1a: Eviscerator|Behemoth Blade|p2a: Eternatus\n|-end|p2a: Eternatus|Substitute\n|move|p2a: Eternatus|Toxic Spikes|p1a: Eviscerator\n|-sidestart|p1: Olaoluwa|move: Toxic Spikes\n|\n|-heal|p2a: Eternatus|99\/100|[from] item: Black Sludge\n|upkeep\n|turn|5\n|\n|switch|p2a: Necrozma|Necrozma-Dusk-Mane|100\/100\n|-activate|p2a: Necrozma|move: Sticky Web\n|-unboost|p2a: Necrozma|spe|1\n|move|p1a: Eviscerator|Substitute|p1a: Eviscerator\n|-start|p1a: Eviscerator|Substitute\n|-damage|p1a: Eviscerator|76\/100\n|\n|upkeep\n|turn|6\n|inactive|willcoxw has 120 seconds left.\n|\n|move|p1a: Eviscerator|Swords Dance|p1a: Eviscerator\n|-boost|p1a: Eviscerator|atk|2\n|move|p2a: Necrozma|Stealth Rock|p1a: Eviscerator\n|-sidestart|p1: Olaoluwa|move: Stealth Rock\n|\n|upkeep\n|turn|7\n|inactive|willcoxw has 120 seconds left.\n|inactive|Olaoluwa has 120 seconds left.\n|\n|-start|p2a: Necrozma|Dynamax\n|-heal|p2a: Necrozma|100\/100|[silent]\n|move|p1a: Eviscerator|Behemoth Blade|p2a: Necrozma\n|-resisted|p2a: Necrozma\n|-damage|p2a: Necrozma|52\/100\n|move|p2a: Necrozma|Max Steelspike|p1a: Eviscerator\n|-end|p1a: Eviscerator|Substitute\n|-boost|p2a: Necrozma|def|1\n|\n|-heal|p2a: Necrozma|55\/100|[from] item: Leftovers\n|upkeep\n|turn|8\n|\n|move|p1a: Eviscerator|Swords Dance|p1a: Eviscerator\n|-boost|p1a: Eviscerator|atk|2\n|move|p2a: Necrozma|Max Steelspike|p1a: Eviscerator\n|-damage|p1a: Eviscerator|16\/100\n|-boost|p2a: Necrozma|def|1\n|\n|-heal|p2a: Necrozma|58\/100|[from] item: Leftovers\n|upkeep\n|turn|9\n|\n|move|p1a: Eviscerator|Behemoth Blade|p2a: Necrozma\n|-resisted|p2a: Necrozma\n|-crit|p2a: Necrozma\n|-damage|p2a: Necrozma|0 fnt\n|faint|p2a: Necrozma\n|\n|upkeep\n|\n|switch|p2a: Yveltal|Yveltal|100\/100\n|-ability|p2a: Yveltal|Dark Aura\n|turn|10\n|\n|move|p2a: Yveltal|Sucker Punch|p1a: Eviscerator\n|-resisted|p1a: Eviscerator\n|-damage|p1a: Eviscerator|0 fnt\n|-damage|p2a: Yveltal|91\/100|[from] item: Life Orb\n|faint|p1a: Eviscerator\n|\n|upkeep\n|\n|switch|p1a: Violator|Landorus-Therian, M|100\/100\n|-damage|p1a: Violator|88\/100|[from] Stealth Rock\n|-ability|p1a: Violator|Intimidate|boost\n|-unboost|p2a: Yveltal|atk|1\n|turn|11\n|\n|-start|p1a: Violator|Dynamax\n|-heal|p1a: Violator|88\/100|[silent]\n|move|p2a: Yveltal|Knock Off|p1a: Violator\n|-damage|p1a: Violator|52\/100\n|-enditem|p1a: Violator|Wide Lens|[from] move: Knock Off|[of] p2a: Yveltal\n|-damage|p2a: Yveltal|81\/100|[from] item: Life Orb\n|move|p1a: Violator|Max Airstream|p2a: Yveltal\n|-damage|p2a: Yveltal|0 fnt\n|-boost|p1a: Violator|spe|1\n|faint|p2a: Yveltal\n|\n|upkeep\n|\n|switch|p2a: Zygarde|Zygarde|100\/100\n|-activate|p2a: Zygarde|move: Sticky Web\n|-unboost|p2a: Zygarde|spe|1\n|turn|12\n|\n|move|p1a: Violator|Max Rockfall|p2a: Zygarde\n|-resisted|p2a: Zygarde\n|-damage|p2a: Zygarde|86\/100\n|-weather|Sandstorm\n|move|p2a: Zygarde|Glare|p1a: Violator\n|-status|p1a: Violator|par\n|\n|-weather|Sandstorm|[upkeep]\n|-heal|p2a: Zygarde|92\/100|[from] item: Leftovers\n|upkeep\n|turn|13\n|inactive|willcoxw has 120 seconds left.\n|\n|move|p1a: Violator|Max Knuckle|p2a: Zygarde\n|-damage|p2a: Zygarde|73\/100\n|-boost|p1a: Violator|atk|1\n|move|p2a: Zygarde|Haze|p2a: Zygarde\n|-clearallboost\n|\n|-weather|Sandstorm|[upkeep]\n|-heal|p2a: Zygarde|79\/100|[from] item: Leftovers\n|-end|p1a: Violator|Dynamax\n|-heal|p1a: Violator|52\/100 par|[silent]\n|upkeep\n|turn|14\n|inactive|willcoxw has 90 seconds left.\n|inactive|willcoxw has 60 seconds left.\n|\n|switch|p1a: Defiler|Arceus-Water|100\/100\n|-status|p1a: Defiler|psn\n|-damage|p1a: Defiler|88\/100 psn|[from] Stealth Rock\n|move|p2a: Zygarde|Thousand Arrows|p1a: Defiler\n|-damage|p1a: Defiler|68\/100 psn\n|\n|-weather|Sandstorm|[upkeep]\n|-damage|p1a: Defiler|62\/100 psn|[from] Sandstorm\n|-heal|p2a: Zygarde|85\/100|[from] item: Leftovers\n|-damage|p1a: Defiler|49\/100 psn|[from] psn\n|upkeep\n|turn|15\n|inactive|willcoxw has 30 seconds left.\n|inactive|willcoxw has 20 seconds left.\n|\n|move|p1a: Defiler|Ice Beam|p2a: Zygarde\n|-supereffective|p2a: Zygarde\n|-damage|p2a: Zygarde|0 fnt\n|faint|p2a: Zygarde\n|\n|-weather|Sandstorm|[upkeep]\n|-damage|p1a: Defiler|43\/100 psn|[from] Sandstorm\n|-damage|p1a: Defiler|31\/100 psn|[from] psn\n|upkeep\n|inactive|willcoxw has 25 seconds left this turn.\n|inactive|willcoxw has 20 seconds left.\n|\n|switch|p2a: Eternatus|Eternatus|99\/100\n|-activate|p2a: Eternatus|move: Sticky Web\n|-unboost|p2a: Eternatus|spe|1\n|-ability|p2a: Eternatus|Pressure\n|turn|16\n|inactive|willcoxw has 30 seconds left this turn.\n|inactive|willcoxw has 20 seconds left.\n|inactive|willcoxw has 15 seconds left.\n|\n|switch|p1a: Violator|Landorus-Therian, M|52\/100 par\n|-damage|p1a: Violator|40\/100 par|[from] Stealth Rock\n|-ability|p1a: Violator|Intimidate|boost\n|-unboost|p2a: Eternatus|atk|1\n|move|p2a: Eternatus|Dynamax Cannon|p1a: Violator\n|-damage|p1a: Violator|0 fnt\n|faint|p1a: Violator\n|\n|-weather|none\n|-heal|p2a: Eternatus|100\/100|[from] item: Black Sludge\n|upkeep\n|inactive|willcoxw has 20 seconds left this turn.\n|inactive|Olaoluwa has 120 seconds left.\n|\n|switch|p1a: Desecrator|Rayquaza|100\/100\n|-damage|p1a: Desecrator|75\/100|[from] Stealth Rock\n|-ability|p1a: Desecrator|Air Lock\n|turn|17\n|inactive|willcoxw has 30 seconds left this turn.\n|j| IAmNewGoEasy\n|\n|detailschange|p1a: Desecrator|Rayquaza-Mega\n|-mega|p1a: Desecrator|Rayquaza|\n|-weather|DeltaStream|[from] ability: Delta Stream|[of] p1a: Desecrator\n|move|p1a: Desecrator|Dragon Ascent|p2a: Eternatus\n|-damage|p2a: Eternatus|7\/100\n|-unboost|p1a: Desecrator|def|1\n|-unboost|p1a: Desecrator|spd|1\n|-damage|p1a: Desecrator|66\/100|[from] item: Life Orb\n|move|p2a: Eternatus|Dynamax Cannon|p1a: Desecrator\n|-supereffective|p1a: Desecrator\n|-damage|p1a: Desecrator|0 fnt\n|faint|p1a: Desecrator\n|-weather|none\n|\n|-heal|p2a: Eternatus|13\/100|[from] item: Black Sludge\n|upkeep\n|inactive|willcoxw has 30 seconds left this turn.\n|inactive|Olaoluwa has 120 seconds left.\n|\n|switch|p1a: Mayhem|Kartana|100\/100\n|-damage|p1a: Mayhem|94\/100|[from] Stealth Rock\n|turn|18\n|inactive|willcoxw has 30 seconds left.\n|\n|switch|p2a: Zygarde|Zygarde|100\/100\n|-activate|p2a: Zygarde|move: Sticky Web\n|-unboost|p2a: Zygarde|spe|1\n|move|p1a: Mayhem|Knock Off|p2a: Zygarde\n|-damage|p2a: Zygarde|55\/100\n|-enditem|p2a: Zygarde|Leftovers|[from] move: Knock Off|[of] p1a: Mayhem\n|-damage|p1a: Mayhem|84\/100|[from] item: Life Orb\n|\n|upkeep\n|turn|19\n|inactive|Olaoluwa has 120 seconds left.\n|inactive|willcoxw has 30 seconds left.\n|inactive|willcoxw has 20 seconds left.\n|inactive|willcoxw has 15 seconds left.\n|\n|switch|p1a: Defiler|Arceus-Water|31\/100 psn\n|-damage|p1a: Defiler|19\/100 psn|[from] Stealth Rock\n|move|p2a: Zygarde|Thousand Arrows|p1a: Defiler\n|-damage|p1a: Defiler|0 fnt\n|faint|p1a: Defiler\n|\n|upkeep\n|inactive|willcoxw has 20 seconds left this turn.\n|\n|switch|p1a: Mayhem|Kartana|84\/100\n|-damage|p1a: Mayhem|78\/100|[from] Stealth Rock\n|turn|20\n|inactive|willcoxw has 30 seconds left this turn.\n|inactive|willcoxw has 20 seconds left.\n|inactive|willcoxw has 15 seconds left.\n|\n|move|p1a: Mayhem|Leaf Blade|p2a: Zygarde\n|-damage|p2a: Zygarde|0 fnt\n|-damage|p1a: Mayhem|68\/100|[from] item: Life Orb\n|faint|p2a: Zygarde\n|-ability|p1a: Mayhem|Beast Boost|boost\n|-boost|p1a: Mayhem|atk|1\n|\n|upkeep\n|inactive|willcoxw has 20 seconds left this turn.\n|inactive|willcoxw has 15 seconds left.\n|\n|switch|p2a: Necrozma-Dawn-Wing|Necrozma-Dawn-Wings|100\/100\n|-activate|p2a: Necrozma-Dawn-Wing|move: Sticky Web\n|-unboost|p2a: Necrozma-Dawn-Wing|spe|1\n|turn|21\n|inactive|willcoxw has 25 seconds left this turn.\n|-message|willcoxw forfeited.\n|\n|win|Olaoluwa\n|inactive|willcoxw has 30 seconds left this turn.\n|l|\u2606willcoxw\n","uploadtime":1587500771,"views":13,"p1id":"olaoluwa","p2id":"willcoxw","formatid":"gen8nationaldexag","rating":0,"private":0,"password":null}