{"id":"gen8monotype-1660932998","p1":"Eclipse77","p2":"TheDarkMages","format":"gen8monotype","log":"|j|\u2606Eclipse77\n|j|\u2606TheDarkMages\n|t:|1662828999\n|gametype|singles\n|player|p1|Eclipse77|kahili|1540\n|player|p2|TheDarkMages|steven|1669\n|teamsize|p1|6\n|teamsize|p2|6\n|gen|8\n|tier|[Gen 8] Monotype\n|rated|\n|rule|Same Type Clause: Pok\u00e9mon in a team must share a type\n|rule|Sleep Clause Mod: Limit one foe put to sleep\n|rule|Species Clause: Limit one of each Pok\u00e9mon\n|rule|OHKO Clause: OHKO moves are banned\n|rule|Evasion Items Clause: Evasion items are banned\n|rule|Evasion Moves Clause: Evasion moves are banned\n|rule|Endless Battle Clause: Forcing endless battles is banned\n|rule|HP Percentage Mod: HP is shown in percentages\n|rule|Dynamax Clause: You cannot dynamax\n|clearpoke\n|poke|p1|Slowking, M|\n|poke|p1|Urshifu-*, F|\n|poke|p1|Tapu Fini|\n|poke|p1|Toxapex, M|\n|poke|p1|Gastrodon, M|\n|poke|p1|Rotom-Wash|\n|poke|p2|Dragapult, F|\n|poke|p2|Mimikyu, F|\n|poke|p2|Gengar, F|\n|poke|p2|Blacephalon|\n|poke|p2|Dhelmise|\n|poke|p2|Corsola-Galar, F|\n|teampreview\n|\n|t:|1662829011\n|start\n|switch|p1a: JJ|Toxapex, M, shiny|100\/100\n|switch|p2a: Mcqueen|Dragapult, F|100\/100\n|turn|1\n|\n|t:|1662829015\n|switch|p1a: Tapu Fini|Tapu Fini, shiny|100\/100\n|-fieldstart|move: Misty Terrain|[from] ability: Misty Surge|[of] p1a: Tapu Fini\n|move|p2a: Mcqueen|Thunderbolt|p1a: Tapu Fini\n|-supereffective|p1a: Tapu Fini\n|-damage|p1a: Tapu Fini|44\/100\n|\n|-heal|p1a: Tapu Fini|50\/100|[from] item: Leftovers\n|upkeep\n|turn|2\n|\n|t:|1662829019\n|switch|p2a: David Jhones|Dhelmise|100\/100\n|switch|p1a: Please No Grass|Gastrodon, M|100\/100\n|\n|upkeep\n|turn|3\n|\n|t:|1662829022\n|switch|p1a: JJ|Toxapex, M, shiny|100\/100\n|move|p2a: David Jhones|Power Whip|p1a: JJ\n|-damage|p1a: JJ|55\/100\n|\n|-heal|p1a: JJ|61\/100|[from] item: Black Sludge\n|upkeep\n|turn|4\n|\n|t:|1662829026\n|move|p2a: David Jhones|Earthquake|p1a: JJ\n|-supereffective|p1a: JJ\n|-damage|p1a: JJ|13\/100\n|move|p1a: JJ|Recover|p1a: JJ\n|-heal|p1a: JJ|63\/100\n|\n|-heal|p1a: JJ|70\/100|[from] item: Black Sludge\n|upkeep\n|turn|5\n|\n|t:|1662829034\n|switch|p2a: Xane|Blacephalon|100\/100\n|move|p1a: JJ|Recover|p1a: JJ\n|-heal|p1a: JJ|100\/100\n|\n|-fieldend|Misty Terrain\n|upkeep\n|turn|6\n|j| Vulpixfan7\n|\n|t:|1662829037\n|switch|p1a: Take This Mantine|Rotom-Wash, shiny|100\/100\n|move|p2a: Xane|Trick|p1a: Take This Mantine\n|-activate|p2a: Xane|move: Trick|[of] p1a: Take This Mantine\n|-item|p1a: Take This Mantine|Choice Scarf|[from] move: Trick\n|-item|p2a: Xane|Choice Scarf|[from] move: Trick\n|\n|upkeep\n|turn|7\n|\n|t:|1662829050\n|move|p2a: Xane|Shadow Ball|p1a: Take This Mantine\n|-damage|p1a: Take This Mantine|37\/100\n|move|p1a: Take This Mantine|Volt Switch|p2a: Xane\n|-damage|p2a: Xane|51\/100\n|\n|t:|1662829057\n|switch|p1a: Please No Grass|Gastrodon, M|100\/100|[from]move: Volt Switch\n|\n|upkeep\n|turn|8\n|\n|t:|1662829062\n|switch|p2a: Spectra|Gengar, F|100\/100\n|move|p1a: Please No Grass|Scald|p2a: Spectra\n|-damage|p2a: Spectra|58\/100\n|\n|upkeep\n|turn|9\n|\n|t:|1662829070\n|switch|p1a: JJ|Toxapex, M, shiny|100\/100\n|move|p2a: Spectra|Shadow Ball|p1a: JJ\n|-damage|p1a: JJ|67\/100\n|\n|-heal|p1a: JJ|73\/100|[from] item: Black Sludge\n|upkeep\n|turn|10\n|\n|t:|1662829075\n|switch|p2a: Mcqueen|Dragapult, F|100\/100\n|move|p1a: JJ|Scald|p2a: Mcqueen\n|-resisted|p2a: Mcqueen\n|-damage|p2a: Mcqueen|89\/100\n|\n|-heal|p1a: JJ|79\/100|[from] item: Black Sludge\n|upkeep\n|turn|11\n|\n|t:|1662829082\n|move|p2a: Mcqueen|Shadow Ball|p1a: JJ\n|-damage|p1a: JJ|38\/100\n|move|p1a: JJ|Recover|p1a: JJ\n|-heal|p1a: JJ|88\/100\n|\n|-heal|p1a: JJ|94\/100|[from] item: Black Sludge\n|upkeep\n|turn|12\n|\n|t:|1662829086\n|move|p2a: Mcqueen|Shadow Ball|p1a: JJ\n|-damage|p1a: JJ|52\/100\n|move|p1a: JJ|Toxic|p2a: Mcqueen\n|-status|p2a: Mcqueen|tox\n|\n|-heal|p1a: JJ|58\/100|[from] item: Black Sludge\n|-damage|p2a: Mcqueen|83\/100 tox|[from] psn\n|upkeep\n|turn|13\n|\n|t:|1662829091\n|switch|p2a: Spectra|Gengar, F|58\/100\n|move|p1a: JJ|Recover|p1a: JJ\n|-heal|p1a: JJ|100\/100\n|\n|upkeep\n|turn|14\n|\n|t:|1662829097\n|switch|p1a: Please No Grass|Gastrodon, M|100\/100\n|move|p2a: Spectra|Shadow Ball|p1a: Please No Grass\n|-crit|p1a: Please No Grass\n|-damage|p1a: Please No Grass|38\/100\n|\n|-heal|p1a: Please No Grass|44\/100|[from] item: Leftovers\n|upkeep\n|turn|15\n|\n|t:|1662829102\n|move|p2a: Spectra|Shadow Ball|p1a: Please No Grass\n|-damage|p1a: Please No Grass|6\/100\n|move|p1a: Please No Grass|Earth Power|p2a: Spectra\n|-supereffective|p2a: Spectra\n|-crit|p2a: Spectra\n|-damage|p2a: Spectra|0 fnt\n|-start|p1a: Please No Grass|Disable|Earth Power|[from] ability: Cursed Body|[of] p2a: Spectra\n|faint|p2a: Spectra\n|\n|-heal|p1a: Please No Grass|12\/100|[from] item: Leftovers\n|upkeep\n|\n|t:|1662829112\n|switch|p2a: Mcqueen|Dragapult, F|83\/100 tox\n|turn|16\n|\n|t:|1662829116\n|switch|p1a: JJ|Toxapex, M, shiny|100\/100\n|move|p2a: Mcqueen|Shadow Ball|p1a: JJ\n|-damage|p1a: JJ|58\/100\n|\n|-heal|p1a: JJ|64\/100|[from] item: Black Sludge\n|-damage|p2a: Mcqueen|77\/100 tox|[from] psn\n|upkeep\n|turn|17\n|\n|t:|1662829122\n|switch|p2a: Xane|Blacephalon|51\/100\n|move|p1a: JJ|Recover|p1a: JJ\n|-heal|p1a: JJ|100\/100\n|\n|upkeep\n|turn|18\n|\n|t:|1662829126\n|switch|p1a: Crit Machine|Urshifu-Rapid-Strike, F|100\/100\n|move|p2a: Xane|Shadow Ball|p1a: Crit Machine\n|-damage|p1a: Crit Machine|25\/100\n|-unboost|p1a: Crit Machine|spd|1\n|\n|upkeep\n|turn|19\n|\n|t:|1662829134\n|switch|p2a: Mcqueen|Dragapult, F|77\/100 tox\n|switch|p1a: JJ|Toxapex, M, shiny|100\/100\n|\n|-damage|p2a: Mcqueen|71\/100 tox|[from] psn\n|upkeep\n|turn|20\n|\n|t:|1662829138\n|move|p2a: Mcqueen|Thunderbolt|p1a: JJ\n|-supereffective|p1a: JJ\n|-damage|p1a: JJ|36\/100\n|move|p1a: JJ|Scald|p2a: Mcqueen\n|-resisted|p2a: Mcqueen\n|-crit|p2a: Mcqueen\n|-damage|p2a: Mcqueen|55\/100 tox\n|\n|-heal|p1a: JJ|42\/100|[from] item: Black Sludge\n|-damage|p2a: Mcqueen|43\/100 tox|[from] psn\n|upkeep\n|turn|21\n|\n|t:|1662829143\n|switch|p2a: Xane|Blacephalon|51\/100\n|switch|p1a: Please No Grass|Gastrodon, M|12\/100\n|\n|-heal|p1a: Please No Grass|18\/100|[from] item: Leftovers\n|upkeep\n|turn|22\n|\n|t:|1662829151\n|switch|p1a: ?|Slowking, M|100\/100\n|move|p2a: Xane|Shadow Ball|p1a: ?\n|-supereffective|p1a: ?\n|-damage|p1a: ?|44\/100\n|\n|upkeep\n|turn|23\n|\n|t:|1662829155\n|move|p2a: Xane|Shadow Ball|p1a: ?\n|-supereffective|p1a: ?\n|-damage|p1a: ?|0 fnt\n|faint|p1a: ?\n|-ability|p2a: Xane|Beast Boost|boost\n|-boost|p2a: Xane|spa|1\n|\n|upkeep\n|\n|t:|1662829158\n|switch|p1a: JJ|Toxapex, M, shiny|75\/100\n|turn|24\n|\n|t:|1662829161\n|move|p2a: Xane|Shadow Ball|p1a: JJ\n|-damage|p1a: JJ|15\/100\n|move|p1a: JJ|Scald|p2a: Xane\n|-supereffective|p2a: Xane\n|-damage|p2a: Xane|0 fnt\n|faint|p2a: Xane\n|\n|-heal|p1a: JJ|21\/100|[from] item: Black Sludge\n|upkeep\n|\n|t:|1662829168\n|switch|p2a: David Jhones|Dhelmise|100\/100\n|turn|25\n|\n|t:|1662829178\n|switch|p1a: Crit Machine|Urshifu-Rapid-Strike, F|25\/100\n|move|p2a: David Jhones|Poltergeist|p1a: Crit Machine\n|-activate|p1a: Crit Machine|move: Poltergeist|Choice Band\n|-damage|p1a: Crit Machine|0 fnt\n|faint|p1a: Crit Machine\n|\n|upkeep\n|\n|t:|1662829183\n|switch|p1a: JJ|Toxapex, M, shiny|54\/100\n|turn|26\n|\n|t:|1662829186\n|move|p2a: David Jhones|Earthquake|p1a: JJ\n|-supereffective|p1a: JJ\n|-damage|p1a: JJ|11\/100\n|move|p1a: JJ|Recover|p1a: JJ\n|-heal|p1a: JJ|61\/100\n|\n|-heal|p1a: JJ|67\/100|[from] item: Black Sludge\n|upkeep\n|turn|27\n|\n|t:|1662829193\n|move|p2a: David Jhones|Poltergeist|p1a: JJ\n|-activate|p1a: JJ|move: Poltergeist|Black Sludge\n|-damage|p1a: JJ|27\/100\n|move|p1a: JJ|Recover|p1a: JJ\n|-heal|p1a: JJ|77\/100\n|\n|-heal|p1a: JJ|83\/100|[from] item: Black Sludge\n|upkeep\n|turn|28\n|\n|t:|1662829199\n|move|p2a: David Jhones|Power Whip|p1a: JJ\n|-damage|p1a: JJ|39\/100\n|move|p1a: JJ|Toxic|p2a: David Jhones\n|-status|p2a: David Jhones|tox\n|\n|-heal|p1a: JJ|45\/100|[from] item: Black Sludge\n|-damage|p2a: David Jhones|94\/100 tox|[from] psn\n|upkeep\n|turn|29\n|\n|t:|1662829213\n|switch|p1a: Take This Mantine|Rotom-Wash, shiny|37\/100\n|move|p2a: David Jhones|Power Whip|p1a: Take This Mantine\n|-supereffective|p1a: Take This Mantine\n|-damage|p1a: Take This Mantine|0 fnt\n|faint|p1a: Take This Mantine\n|\n|-damage|p2a: David Jhones|82\/100 tox|[from] psn\n|upkeep\n|\n|t:|1662829215\n|switch|p1a: JJ|Toxapex, M, shiny|78\/100\n|turn|30\n|inactive|Battle timer is ON: inactive players will automatically lose when time's up. (requested by Eclipse77)\n|\n|t:|1662829224\n|move|p2a: David Jhones|Earthquake|p1a: JJ\n|-supereffective|p1a: JJ\n|-damage|p1a: JJ|35\/100\n|move|p1a: JJ|Recover|p1a: JJ\n|-heal|p1a: JJ|85\/100\n|\n|-heal|p1a: JJ|92\/100|[from] item: Black Sludge\n|-damage|p2a: David Jhones|64\/100 tox|[from] psn\n|upkeep\n|turn|31\n|\n|t:|1662829230\n|switch|p2a: Corsola|Corsola-Galar, F|100\/100\n|move|p1a: JJ|Recover|p1a: JJ\n|-heal|p1a: JJ|100\/100\n|\n|upkeep\n|turn|32\n|\n|t:|1662829237\n|move|p1a: JJ|Toxic|p2a: Corsola\n|-status|p2a: Corsola|tox\n|move|p2a: Corsola|Will-O-Wisp|p1a: JJ|[miss]\n|-miss|p2a: Corsola|p1a: JJ\n|\n|-damage|p2a: Corsola|94\/100 tox|[from] psn\n|upkeep\n|turn|33\n|\n|t:|1662829241\n|switch|p1a: Tapu Fini|Tapu Fini, shiny|50\/100\n|-fieldstart|move: Misty Terrain|[from] ability: Misty Surge|[of] p1a: Tapu Fini\n|switch|p2a: David Jhones|Dhelmise|64\/100 tox\n|\n|-heal|p1a: Tapu Fini|56\/100|[from] item: Leftovers\n|-damage|p2a: David Jhones|58\/100 tox|[from] psn\n|upkeep\n|turn|34\n|\n|t:|1662829250\n|switch|p1a: JJ|Toxapex, M, shiny|100\/100\n|move|p2a: David Jhones|Power Whip|p1a: JJ\n|-damage|p1a: JJ|55\/100\n|\n|-heal|p1a: JJ|61\/100|[from] item: Black Sludge\n|-damage|p2a: David Jhones|45\/100 tox|[from] psn\n|upkeep\n|turn|35\n|\n|t:|1662829258\n|move|p2a: David Jhones|Earthquake|p1a: JJ\n|-supereffective|p1a: JJ\n|-damage|p1a: JJ|16\/100\n|move|p1a: JJ|Recover|p1a: JJ\n|-heal|p1a: JJ|66\/100\n|\n|-heal|p1a: JJ|72\/100|[from] item: Black Sludge\n|-damage|p2a: David Jhones|27\/100 tox|[from] psn\n|upkeep\n|turn|36\n|\n|t:|1662829272\n|switch|p2a: Mcqueen|Dragapult, F|43\/100 tox\n|move|p1a: JJ|Recover|p1a: JJ\n|-heal|p1a: JJ|100\/100\n|\n|-damage|p2a: Mcqueen|37\/100 tox|[from] psn\n|upkeep\n|turn|37\n|\n|t:|1662829279\n|move|p2a: Mcqueen|Shadow Ball|p1a: JJ\n|-damage|p1a: JJ|54\/100\n|-unboost|p1a: JJ|spd|1\n|move|p1a: JJ|Scald|p2a: Mcqueen\n|-resisted|p2a: Mcqueen\n|-damage|p2a: Mcqueen|25\/100 tox\n|\n|-heal|p1a: JJ|60\/100|[from] item: Black Sludge\n|-damage|p2a: Mcqueen|13\/100 tox|[from] psn\n|-fieldend|Misty Terrain\n|upkeep\n|turn|38\n|\n|t:|1662829286\n|switch|p1a: Tapu Fini|Tapu Fini, shiny|56\/100\n|-fieldstart|move: Misty Terrain|[from] ability: Misty Surge|[of] p1a: Tapu Fini\n|move|p2a: Mcqueen|Shadow Ball|p1a: Tapu Fini\n|-damage|p1a: Tapu Fini|16\/100\n|\n|-heal|p1a: Tapu Fini|22\/100|[from] item: Leftovers\n|-damage|p2a: Mcqueen|0 fnt|[from] psn\n|faint|p2a: Mcqueen\n|upkeep\n|\n|t:|1662829294\n|switch|p2a: David Jhones|Dhelmise|27\/100 tox\n|turn|39\n|\n|t:|1662829298\n|switch|p1a: JJ|Toxapex, M, shiny|94\/100\n|move|p2a: David Jhones|Power Whip|p1a: JJ\n|-damage|p1a: JJ|54\/100\n|\n|-heal|p1a: JJ|60\/100|[from] item: Black Sludge\n|-damage|p2a: David Jhones|21\/100 tox|[from] psn\n|upkeep\n|turn|40\n|j| guardian psyduck\n|\n|t:|1662829319\n|move|p2a: David Jhones|Power Whip|p1a: JJ\n|-damage|p1a: JJ|19\/100\n|move|p1a: JJ|Scald|p2a: David Jhones\n|-resisted|p2a: David Jhones\n|-damage|p2a: David Jhones|15\/100 tox\n|\n|-heal|p1a: JJ|25\/100|[from] item: Black Sludge\n|-damage|p2a: David Jhones|3\/100 tox|[from] psn\n|upkeep\n|turn|41\n|\n|t:|1662829327\n|switch|p1a: Tapu Fini|Tapu Fini, shiny|22\/100\n|move|p2a: David Jhones|Power Whip|p1a: Tapu Fini\n|-supereffective|p1a: Tapu Fini\n|-damage|p1a: Tapu Fini|0 fnt\n|faint|p1a: Tapu Fini\n|\n|-damage|p2a: David Jhones|0 fnt|[from] psn\n|faint|p2a: David Jhones\n|upkeep\n|\n|t:|1662829333\n|switch|p1a: JJ|Toxapex, M, shiny|58\/100\n|switch|p2a: Gwen Stacy|Mimikyu, F|100\/100\n|turn|42\n|\n|t:|1662829338\n|move|p2a: Gwen Stacy|Swords Dance|p2a: Gwen Stacy\n|-boost|p2a: Gwen Stacy|atk|2\n|move|p1a: JJ|Haze|p1a: JJ\n|-clearallboost\n|\n|-heal|p1a: JJ|65\/100|[from] item: Black Sludge\n|-fieldend|Misty Terrain\n|upkeep\n|turn|43\n|\n|t:|1662829341\n|switch|p2a: Corsola|Corsola-Galar, F|94\/100 tox\n|move|p1a: JJ|Recover|p1a: JJ\n|-heal|p1a: JJ|100\/100\n|\n|-damage|p2a: Corsola|88\/100 tox|[from] psn\n|upkeep\n|turn|44\n|\n|t:|1662829345\n|switch|p1a: Please No Grass|Gastrodon, M|18\/100\n|move|p2a: Corsola|Will-O-Wisp|p1a: Please No Grass\n|-status|p1a: Please No Grass|brn\n|\n|-heal|p1a: Please No Grass|24\/100 brn|[from] item: Leftovers\n|-damage|p2a: Corsola|76\/100 tox|[from] psn\n|-damage|p1a: Please No Grass|18\/100 brn|[from] brn\n|upkeep\n|turn|45\n|\n|t:|1662829349\n|move|p1a: Please No Grass|Recover|p1a: Please No Grass\n|-heal|p1a: Please No Grass|68\/100 brn\n|move|p2a: Corsola|Hex|p1a: Please No Grass\n|-damage|p1a: Please No Grass|36\/100 brn\n|\n|-heal|p1a: Please No Grass|42\/100 brn|[from] item: Leftovers\n|-damage|p2a: Corsola|57\/100 tox|[from] psn\n|-damage|p1a: Please No Grass|36\/100 brn|[from] brn\n|upkeep\n|turn|46\n|\n|t:|1662829352\n|move|p1a: Please No Grass|Recover|p1a: Please No Grass\n|-heal|p1a: Please No Grass|86\/100 brn\n|move|p2a: Corsola|Calm Mind|p2a: Corsola\n|-boost|p2a: Corsola|spa|1\n|-boost|p2a: Corsola|spd|1\n|\n|-heal|p1a: Please No Grass|92\/100 brn|[from] item: Leftovers\n|-damage|p2a: Corsola|33\/100 tox|[from] psn\n|-damage|p1a: Please No Grass|86\/100 brn|[from] brn\n|upkeep\n|turn|47\n|\n|t:|1662829357\n|move|p1a: Please No Grass|Scald|p2a: Corsola\n|-damage|p2a: Corsola|21\/100 tox\n|move|p2a: Corsola|Hex|p1a: Please No Grass\n|-damage|p1a: Please No Grass|39\/100 brn\n|\n|-heal|p1a: Please No Grass|46\/100 brn|[from] item: Leftovers\n|-damage|p2a: Corsola|0 fnt|[from] psn\n|faint|p2a: Corsola\n|-damage|p1a: Please No Grass|39\/100 brn|[from] brn\n|upkeep\n|\n|t:|1662829360\n|switch|p2a: Gwen Stacy|Mimikyu, F|100\/100\n|turn|48\n|\n|t:|1662829363\n|move|p2a: Gwen Stacy|Swords Dance|p2a: Gwen Stacy\n|-boost|p2a: Gwen Stacy|atk|2\n|move|p1a: Please No Grass|Toxic|p2a: Gwen Stacy\n|-status|p2a: Gwen Stacy|tox\n|\n|-heal|p1a: Please No Grass|46\/100 brn|[from] item: Leftovers\n|-damage|p2a: Gwen Stacy|95\/100 tox|[from] psn\n|-damage|p1a: Please No Grass|39\/100 brn|[from] brn\n|upkeep\n|turn|49\n|\n|t:|1662829366\n|switch|p1a: JJ|Toxapex, M, shiny|100\/100\n|move|p2a: Gwen Stacy|Swords Dance|p2a: Gwen Stacy\n|-boost|p2a: Gwen Stacy|atk|2\n|\n|-damage|p2a: Gwen Stacy|83\/100 tox|[from] psn\n|upkeep\n|turn|50\n|l| Vulpixfan7\n|\n|t:|1662829368\n|move|p2a: Gwen Stacy|Shadow Sneak|p1a: JJ\n|-damage|p1a: JJ|63\/100\n|-damage|p2a: Gwen Stacy|73\/100 tox|[from] item: Life Orb\n|move|p1a: JJ|Haze|p1a: JJ\n|-clearallboost\n|\n|-heal|p1a: JJ|69\/100|[from] item: Black Sludge\n|-damage|p2a: Gwen Stacy|55\/100 tox|[from] psn\n|upkeep\n|turn|51\n|-message|TheDarkMages forfeited.\n|\n|win|Eclipse77\n|raw|Eclipse77's rating: 1540 &rarr; <strong>1567<\/strong><br \/>(+27 for winning)\n|raw|TheDarkMages's rating: 1669 &rarr; <strong>1642<\/strong><br \/>(-27 for losing)\n|l|\u2606Eclipse77\n|l|\u2606TheDarkMages\n","uploadtime":1662829412,"views":29,"p1id":"eclipse77","p2id":"thedarkmages","formatid":"gen8monotype","rating":1567,"private":0,"password":null}