{"id":"gen8ou-1543078169","p1":"hh66tt","p2":"cump4","format":"gen8ou","log":"|j|\u2606hh66tt\n|j|\u2606cump4\n|t:|1648748994\n|gametype|singles\n|player|p1|hh66tt|2|1546\n|player|p2|cump4|170|1511\n|teamsize|p1|6\n|teamsize|p2|6\n|gen|8\n|tier|[Gen 8] OU\n|rated|\n|rule|Sleep Clause Mod: Limit one foe put to sleep\n|rule|Species Clause: Limit one of each Pok\u00e9mon\n|rule|OHKO Clause: OHKO moves are banned\n|rule|Evasion Moves Clause: Evasion moves are banned\n|rule|Endless Battle Clause: Forcing endless battles is banned\n|rule|HP Percentage Mod: HP is shown in percentages\n|rule|Dynamax Clause: You cannot dynamax\n|clearpoke\n|poke|p1|Indeedee-F, F|\n|poke|p1|Polteageist|\n|poke|p1|Espeon, M|\n|poke|p1|Hawlucha, M|\n|poke|p1|Cloyster, M|\n|poke|p1|Omastar, F|\n|poke|p2|Tyranitar, F|\n|poke|p2|Toxapex, F|\n|poke|p2|Landorus-Therian, M|\n|poke|p2|Victini|\n|poke|p2|Magnezone|\n|poke|p2|Kartana|\n|teampreview\n|inactive|Battle timer is ON: inactive players will automatically lose when time's up. (requested by hh66tt)\n|j| 0SiegeWarfare\n|\n|t:|1648749003\n|start\n|switch|p1a: Indeedee|Indeedee-F, F|100\/100\n|switch|p2a: Victini|Victini|100\/100\n|-fieldstart|move: Psychic Terrain|[from] ability: Psychic Surge|[of] p1a: Indeedee\n|turn|1\n|\n|t:|1648749015\n|switch|p1a: Espeon|Espeon, M, shiny|100\/100\n|move|p2a: Victini|U-turn|p1a: Espeon\n|-supereffective|p1a: Espeon\n|-damage|p1a: Espeon|19\/100\n|-enditem|p1a: Espeon|Eject Button\n|inactive|hh66tt has 120 seconds left.\n|\n|t:|1648749059\n|switch|p1a: Polteageist|Polteageist, shiny|100\/100\n|\n|upkeep\n|turn|2\n|\n|t:|1648749070\n|move|p2a: Victini|V-create|p1a: Polteageist\n|-enditem|p1a: Polteageist|Focus Sash\n|-damage|p1a: Polteageist|1\/100\n|-unboost|p2a: Victini|spe|1\n|-unboost|p2a: Victini|def|1\n|-unboost|p2a: Victini|spd|1\n|-ability|p1a: Polteageist|Weak Armor|boost\n|-unboost|p1a: Polteageist|def|1\n|-boost|p1a: Polteageist|spe|2\n|move|p1a: Polteageist|Shell Smash|p1a: Polteageist\n|-unboost|p1a: Polteageist|def|1\n|-unboost|p1a: Polteageist|spd|1\n|-boost|p1a: Polteageist|atk|2\n|-boost|p1a: Polteageist|spa|2\n|-boost|p1a: Polteageist|spe|2\n|\n|upkeep\n|turn|3\n|inactive|hh66tt has 120 seconds left.\n|\n|t:|1648749094\n|switch|p2a: Tyranitar|Tyranitar, F, shiny|100\/100\n|-weather|Sandstorm|[from] ability: Sand Stream|[of] p2a: Tyranitar\n|move|p1a: Polteageist|Giga Drain|p2a: Tyranitar\n|-supereffective|p2a: Tyranitar\n|-damage|p2a: Tyranitar|58\/100\n|-heal|p1a: Polteageist|34\/100|[from] drain|[of] p2a: Tyranitar\n|\n|-weather|Sandstorm|[upkeep]\n|-damage|p1a: Polteageist|28\/100|[from] Sandstorm\n|-heal|p2a: Tyranitar|64\/100|[from] item: Leftovers\n|upkeep\n|turn|4\n|\n|t:|1648749100\n|move|p1a: Polteageist|Giga Drain|p2a: Tyranitar\n|-supereffective|p2a: Tyranitar\n|-damage|p2a: Tyranitar|22\/100\n|-heal|p1a: Polteageist|61\/100|[from] drain|[of] p2a: Tyranitar\n|move|p2a: Tyranitar|Earthquake|p1a: Polteageist\n|-crit|p1a: Polteageist\n|-damage|p1a: Polteageist|0 fnt\n|faint|p1a: Polteageist\n|\n|-weather|Sandstorm|[upkeep]\n|-heal|p2a: Tyranitar|28\/100|[from] item: Leftovers\n|upkeep\n|\n|t:|1648749114\n|switch|p1a: Omastar|Omastar, F, shiny|100\/100\n|turn|5\n|\n|t:|1648749119\n|move|p1a: Omastar|Shell Smash|p1a: Omastar\n|-unboost|p1a: Omastar|def|1\n|-unboost|p1a: Omastar|spd|1\n|-boost|p1a: Omastar|atk|2\n|-boost|p1a: Omastar|spa|2\n|-boost|p1a: Omastar|spe|2\n|move|p2a: Tyranitar|Thunder Wave|p1a: Omastar|[miss]\n|-miss|p2a: Tyranitar|p1a: Omastar\n|\n|-weather|Sandstorm|[upkeep]\n|-heal|p2a: Tyranitar|34\/100|[from] item: Leftovers\n|upkeep\n|turn|6\n|\n|t:|1648749140\n|switch|p2a: Toxapex|Toxapex, F, shiny|100\/100\n|move|p1a: Omastar|Surf|p2a: Toxapex\n|-resisted|p2a: Toxapex\n|-damage|p2a: Toxapex|62\/100\n|\n|-weather|Sandstorm|[upkeep]\n|-damage|p2a: Toxapex|56\/100|[from] Sandstorm\n|-heal|p2a: Toxapex|62\/100|[from] item: Black Sludge\n|upkeep\n|turn|7\n|\n|t:|1648749149\n|move|p1a: Omastar|Earth Power|p2a: Toxapex\n|-supereffective|p2a: Toxapex\n|-crit|p2a: Toxapex\n|-damage|p2a: Toxapex|0 fnt\n|faint|p2a: Toxapex\n|\n|-weather|none\n|upkeep\n|\n|t:|1648749152\n|switch|p2a: Kartana|Kartana, shiny|100\/100\n|turn|8\n|\n|t:|1648749159\n|move|p2a: Kartana|Leaf Blade|p1a: Omastar\n|-supereffective|p1a: Omastar\n|-enditem|p1a: Omastar|Focus Sash\n|-damage|p1a: Omastar|1\/100\n|-ability|p1a: Omastar|Weak Armor|boost\n|-unboost|p1a: Omastar|def|1\n|-boost|p1a: Omastar|spe|2\n|move|p1a: Omastar|Shell Smash|p1a: Omastar\n|-unboost|p1a: Omastar|def|1\n|-unboost|p1a: Omastar|spd|1\n|-boost|p1a: Omastar|atk|2\n|-boost|p1a: Omastar|spa|2\n|-boost|p1a: Omastar|spe|2\n|\n|-fieldend|move: Psychic Terrain\n|upkeep\n|turn|9\n|inactive|cump4 has 120 seconds left.\n|\n|t:|1648749201\n|move|p1a: Omastar|Surf|p2a: Kartana\n|-resisted|p2a: Kartana\n|-crit|p2a: Kartana\n|-damage|p2a: Kartana|0 fnt\n|faint|p2a: Kartana\n|\n|upkeep\n|-message|cump4 forfeited.\n|\n|win|hh66tt\n|raw|hh66tt's rating: 1546 &rarr; <strong>1564<\/strong><br \/>(+18 for winning)\n|raw|cump4's rating: 1511 &rarr; <strong>1493<\/strong><br \/>(-18 for losing)\n|l|\u2606cump4\n","uploadtime":1648749214,"views":40,"p1id":"hh66tt","p2id":"cump4","formatid":"gen8ou","rating":1493,"private":0,"password":null}