{"id":"gen8ou-1318101735","p1":"i know im horrible","p2":"gachasr","format":"gen8ou","log":"|j|\u2606i know im horrible\n|j|\u2606gachasr\n|t:|1617960600\n|gametype|singles\n|player|p1|i know im horrible|101|1541\n|player|p2|gachasr|169|1600\n|teamsize|p1|6\n|teamsize|p2|6\n|gen|8\n|tier|[Gen 8] OU\n|rated|\n|clearpoke\n|poke|p1|Azumarill, M|\n|poke|p1|Hydreigon, M|\n|poke|p1|Chansey, F|\n|poke|p1|Slowbro, M|\n|poke|p1|Slowking-Galar, M|\n|poke|p1|Buzzwole|\n|poke|p2|Landorus-Therian, M|\n|poke|p2|Swampert, M|\n|poke|p2|Tangrowth, F|\n|poke|p2|Tapu Koko|\n|poke|p2|Crawdaunt, M|\n|poke|p2|Rotom-Heat|\n|rule|Sleep Clause Mod: Limit one foe put to sleep\n|rule|Species Clause: Limit one of each Pok\u00e9mon\n|rule|OHKO Clause: OHKO moves are banned\n|rule|Evasion Moves Clause: Evasion moves are banned\n|rule|Endless Battle Clause: Forcing endless battles is banned\n|rule|HP Percentage Mod: HP is shown in percentages\n|rule|Dynamax Clause: You cannot dynamax\n|teampreview\n|\n|t:|1617960615\n|start\n|switch|p1a: Slowking|Slowking-Galar, M|100\/100\n|switch|p2a: Swampert|Swampert, M|100\/100\n|turn|1\n|\n|t:|1617960642\n|move|p2a: Swampert|Stealth Rock|p1a: Slowking\n|-sidestart|p1: i know im horrible|move: Stealth Rock\n|move|p1a: Slowking|Future Sight|p2a: Swampert\n|-start|p1a: Slowking|move: Future Sight\n|\n|upkeep\n|turn|2\n|\n|t:|1617960651\n|switch|p1a: Hydreigon|Hydreigon, M|100\/100\n|-damage|p1a: Hydreigon|88\/100|[from] Stealth Rock\n|move|p2a: Swampert|Flip Turn|p1a: Hydreigon\n|-resisted|p1a: Hydreigon\n|-damage|p1a: Hydreigon|77\/100\n|\n|t:|1617960657\n|switch|p2a: Tapu Koko|Tapu Koko|100\/100|[from]move: Flip Turn\n|-fieldstart|move: Electric Terrain|[from] ability: Electric Surge|[of] p2a: Tapu Koko\n|\n|-heal|p1a: Hydreigon|83\/100|[from] item: Leftovers\n|upkeep\n|turn|3\n|\n|t:|1617960664\n|switch|p1a: Slowking|Slowking-Galar, M|100\/100\n|move|p2a: Tapu Koko|Volt Switch|p1a: Slowking\n|-damage|p1a: Slowking|71\/100\n|\n|t:|1617960670\n|switch|p2a: Crawdaunt|Crawdaunt, M|100\/100|[from]move: Volt Switch\n|\n|-end|p2a: Crawdaunt|move: Future Sight\n|-immune|p2a: Crawdaunt\n|upkeep\n|turn|4\n|\n|t:|1617960677\n|switch|p1a: Buzzwole|Buzzwole|100\/100\n|-damage|p1a: Buzzwole|88\/100|[from] Stealth Rock\n|move|p2a: Crawdaunt|Crabhammer|p1a: Buzzwole\n|-damage|p1a: Buzzwole|48\/100\n|-damage|p2a: Crawdaunt|84\/100|[from] item: Rocky Helmet|[of] p1a: Buzzwole\n|-damage|p2a: Crawdaunt|74\/100|[from] item: Life Orb\n|\n|upkeep\n|turn|5\n|\n|t:|1617960697\n|switch|p2a: Rotom|Rotom-Heat|100\/100\n|move|p1a: Buzzwole|Roost|p1a: Buzzwole\n|-heal|p1a: Buzzwole|98\/100\n|-singleturn|p1a: Buzzwole|move: Roost\n|\n|upkeep\n|turn|6\n|\n|t:|1617960704\n|switch|p1a: Slowking|Slowking-Galar, M|100\/100\n|move|p2a: Rotom|Volt Switch|p1a: Slowking\n|-damage|p1a: Slowking|80\/100\n|\n|t:|1617960741\n|switch|p2a: Swampert|Swampert, M|100\/100|[from]move: Volt Switch\n|\n|-fieldend|move: Electric Terrain\n|upkeep\n|turn|7\n|\n|t:|1617960749\n|switch|p1a: Slowbro|Slowbro, M|100\/100\n|move|p2a: Swampert|Toxic|p1a: Slowbro\n|-status|p1a: Slowbro|tox\n|\n|-damage|p1a: Slowbro|94\/100 tox|[from] psn\n|upkeep\n|turn|8\n|\n|t:|1617960757\n|move|p2a: Swampert|Flip Turn|p1a: Slowbro\n|-resisted|p1a: Slowbro\n|-damage|p1a: Slowbro|88\/100 tox\n|\n|t:|1617960774\n|switch|p2a: Tapu Koko|Tapu Koko|100\/100|[from]move: Flip Turn\n|-fieldstart|move: Electric Terrain|[from] ability: Electric Surge|[of] p2a: Tapu Koko\n|move|p1a: Slowbro|Toxic|p2a: Tapu Koko\n|-status|p2a: Tapu Koko|tox\n|\n|-damage|p2a: Tapu Koko|94\/100 tox|[from] psn\n|-damage|p1a: Slowbro|76\/100 tox|[from] psn\n|upkeep\n|turn|9\n|\n|t:|1617960783\n|switch|p1a: Slowking|Slowking-Galar, M|100\/100\n|move|p2a: Tapu Koko|Volt Switch|p1a: Slowking\n|-damage|p1a: Slowking|69\/100\n|\n|t:|1617960792\n|switch|p2a: Crawdaunt|Crawdaunt, M|74\/100|[from]move: Volt Switch\n|\n|upkeep\n|turn|10\n|\n|t:|1617960800\n|switch|p1a: Buzzwole|Buzzwole|98\/100\n|-damage|p1a: Buzzwole|85\/100|[from] Stealth Rock\n|move|p2a: Crawdaunt|Knock Off|p1a: Buzzwole\n|-resisted|p1a: Buzzwole\n|-damage|p1a: Buzzwole|64\/100\n|-damage|p2a: Crawdaunt|58\/100|[from] item: Rocky Helmet|[of] p1a: Buzzwole\n|-enditem|p1a: Buzzwole|Rocky Helmet|[from] move: Knock Off|[of] p2a: Crawdaunt\n|-damage|p2a: Crawdaunt|48\/100|[from] item: Life Orb\n|\n|upkeep\n|turn|11\n|\n|t:|1617960810\n|switch|p2a: Rotom|Rotom-Heat|100\/100\n|move|p1a: Buzzwole|Roost|p1a: Buzzwole\n|-heal|p1a: Buzzwole|100\/100\n|-singleturn|p1a: Buzzwole|move: Roost\n|\n|upkeep\n|turn|12\n|\n|t:|1617960817\n|switch|p1a: Slowking|Slowking-Galar, M|100\/100\n|move|p2a: Rotom|Volt Switch|p1a: Slowking\n|-damage|p1a: Slowking|81\/100\n|\n|t:|1617960837\n|switch|p2a: Tangrowth|Tangrowth, F|100\/100|[from]move: Volt Switch\n|\n|-fieldend|move: Electric Terrain\n|upkeep\n|turn|13\n|\n|t:|1617960844\n|move|p2a: Tangrowth|Knock Off|p1a: Slowking\n|-supereffective|p1a: Slowking\n|-damage|p1a: Slowking|35\/100\n|-enditem|p1a: Slowking|Heavy-Duty Boots|[from] move: Knock Off|[of] p2a: Tangrowth\n|move|p1a: Slowking|Future Sight|p2a: Tangrowth\n|-start|p1a: Slowking|move: Future Sight\n|\n|upkeep\n|turn|14\n|\n|t:|1617960858\n|switch|p2a: Rotom|Rotom-Heat|100\/100\n|switch|p1a: Hydreigon|Hydreigon, M|83\/100\n|-damage|p1a: Hydreigon|71\/100|[from] Stealth Rock\n|\n|-heal|p1a: Hydreigon|77\/100|[from] item: Leftovers\n|upkeep\n|turn|15\n|\n|t:|1617960867\n|move|p2a: Rotom|Volt Switch|p1a: Hydreigon\n|-resisted|p1a: Hydreigon\n|-damage|p1a: Hydreigon|68\/100\n|\n|t:|1617960872\n|switch|p2a: Swampert|Swampert, M|100\/100|[from]move: Volt Switch\n|move|p1a: Hydreigon|Defog|p2a: Swampert\n|-unboost|p2a: Swampert|evasion|1\n|-sideend|p1: i know im horrible|Stealth Rock|[from] move: Defog|[of] p1a: Hydreigon\n|\n|-end|p2a: Swampert|move: Future Sight\n|-damage|p2a: Swampert|57\/100\n|-heal|p1a: Hydreigon|74\/100|[from] item: Leftovers\n|-heal|p2a: Swampert|63\/100|[from] item: Leftovers\n|upkeep\n|turn|16\n|\n|t:|1617960886\n|switch|p1a: Slowbro|Slowbro, M|100\/100 tox\n|move|p2a: Swampert|Stealth Rock|p1a: Slowbro\n|-sidestart|p1: i know im horrible|move: Stealth Rock\n|\n|-heal|p2a: Swampert|70\/100|[from] item: Leftovers\n|-damage|p1a: Slowbro|94\/100 tox|[from] psn\n|upkeep\n|turn|17\n|\n|t:|1617960896\n|move|p2a: Swampert|Flip Turn|p1a: Slowbro\n|-resisted|p1a: Slowbro\n|-damage|p1a: Slowbro|87\/100 tox\n|\n|t:|1617960901\n|switch|p2a: Tangrowth|Tangrowth, F|100\/100|[from]move: Flip Turn\n|move|p1a: Slowbro|Ice Beam|p2a: Tangrowth\n|-supereffective|p2a: Tangrowth\n|-damage|p2a: Tangrowth|38\/100\n|\n|-damage|p1a: Slowbro|75\/100 tox|[from] psn\n|upkeep\n|turn|18\n|\n|t:|1617960906\n|switch|p2a: Swampert|Swampert, M|70\/100\n|switch|p1a: Hydreigon|Hydreigon, M|74\/100\n|-damage|p1a: Hydreigon|62\/100|[from] Stealth Rock\n|\n|-heal|p1a: Hydreigon|68\/100|[from] item: Leftovers\n|-heal|p2a: Swampert|76\/100|[from] item: Leftovers\n|upkeep\n|turn|19\n|\n|t:|1617960914\n|switch|p1a: Slowbro|Slowbro, M|100\/100 tox\n|move|p2a: Swampert|Toxic|p1a: Slowbro\n|-fail|p1a: Slowbro|tox\n|\n|-heal|p2a: Swampert|82\/100|[from] item: Leftovers\n|-damage|p1a: Slowbro|94\/100 tox|[from] psn\n|upkeep\n|turn|20\n|\n|t:|1617960918\n|move|p2a: Swampert|Flip Turn|p1a: Slowbro\n|-resisted|p1a: Slowbro\n|-damage|p1a: Slowbro|87\/100 tox\n|\n|t:|1617960922\n|switch|p2a: Rotom|Rotom-Heat|100\/100|[from]move: Flip Turn\n|move|p1a: Slowbro|Toxic|p2a: Rotom\n|-status|p2a: Rotom|tox\n|\n|-damage|p2a: Rotom|94\/100 tox|[from] psn\n|-damage|p1a: Slowbro|75\/100 tox|[from] psn\n|upkeep\n|turn|21\n|\n|t:|1617960929\n|switch|p1a: Slowking|Slowking-Galar, M|69\/100\n|-damage|p1a: Slowking|56\/100|[from] Stealth Rock\n|move|p2a: Rotom|Volt Switch|p1a: Slowking\n|-damage|p1a: Slowking|35\/100\n|\n|t:|1617960940\n|switch|p2a: Swampert|Swampert, M|82\/100|[from]move: Volt Switch\n|\n|-heal|p2a: Swampert|88\/100|[from] item: Leftovers\n|upkeep\n|turn|22\n|\n|t:|1617960951\n|switch|p1a: Slowbro|Slowbro, M|100\/100 tox\n|move|p2a: Swampert|Toxic|p1a: Slowbro\n|-fail|p1a: Slowbro|tox\n|\n|-heal|p2a: Swampert|94\/100|[from] item: Leftovers\n|-damage|p1a: Slowbro|94\/100 tox|[from] psn\n|upkeep\n|turn|23\n|\n|t:|1617960958\n|move|p2a: Swampert|Flip Turn|p1a: Slowbro\n|-resisted|p1a: Slowbro\n|-damage|p1a: Slowbro|88\/100 tox\n|\n|t:|1617960964\n|switch|p2a: Rotom|Rotom-Heat|94\/100 tox|[from]move: Flip Turn\n|move|p1a: Slowbro|Ice Beam|p2a: Rotom\n|-resisted|p2a: Rotom\n|-damage|p2a: Rotom|83\/100 tox\n|\n|-damage|p2a: Rotom|77\/100 tox|[from] psn\n|-damage|p1a: Slowbro|76\/100 tox|[from] psn\n|upkeep\n|turn|24\n|\n|t:|1617960967\n|switch|p1a: Slowking|Slowking-Galar, M|68\/100\n|-damage|p1a: Slowking|55\/100|[from] Stealth Rock\n|move|p2a: Rotom|Volt Switch|p1a: Slowking\n|-damage|p1a: Slowking|36\/100\n|\n|t:|1617960975\n|switch|p2a: Swampert|Swampert, M|94\/100|[from]move: Volt Switch\n|\n|-heal|p2a: Swampert|100\/100|[from] item: Leftovers\n|upkeep\n|turn|25\n|\n|t:|1617960978\n|switch|p1a: Slowbro|Slowbro, M|100\/100 tox\n|move|p2a: Swampert|Flip Turn|p1a: Slowbro\n|-resisted|p1a: Slowbro\n|-damage|p1a: Slowbro|94\/100 tox\n|inactive|Battle timer is ON: inactive players will automatically lose when time's up. (requested by i know im horrible)\n|\n|t:|1617961037\n|switch|p2a: Tapu Koko|Tapu Koko|94\/100 tox|[from]move: Flip Turn\n|-fieldstart|move: Electric Terrain|[from] ability: Electric Surge|[of] p2a: Tapu Koko\n|\n|-damage|p2a: Tapu Koko|88\/100 tox|[from] psn\n|-damage|p1a: Slowbro|88\/100 tox|[from] psn\n|upkeep\n|turn|26\n|\n|t:|1617961043\n|switch|p1a: Chansey|Chansey, F|100\/100\n|-damage|p1a: Chansey|88\/100|[from] Stealth Rock\n|move|p2a: Tapu Koko|Volt Switch|p1a: Chansey\n|-damage|p1a: Chansey|75\/100\n|inactive|gachasr has 120 seconds left.\n|\n|t:|1617961081\n|switch|p2a: Crawdaunt|Crawdaunt, M|48\/100|[from]move: Volt Switch\n|\n|upkeep\n|turn|27\n|inactive|gachasr has 120 seconds left.\n|\n|t:|1617961093\n|switch|p1a: Buzzwole|Buzzwole|100\/100\n|-damage|p1a: Buzzwole|88\/100|[from] Stealth Rock\n|move|p2a: Crawdaunt|Crabhammer|p1a: Buzzwole\n|-damage|p1a: Buzzwole|42\/100\n|-damage|p2a: Crawdaunt|38\/100|[from] item: Life Orb\n|\n|upkeep\n|turn|28\n|inactive|gachasr has 120 seconds left.\n|\n|t:|1617961116\n|move|p2a: Crawdaunt|Crabhammer|p1a: Buzzwole\n|-damage|p1a: Buzzwole|0 fnt\n|-damage|p2a: Crawdaunt|29\/100|[from] item: Life Orb\n|faint|p1a: Buzzwole\n|\n|upkeep\n|\n|t:|1617961122\n|switch|p1a: Hydreigon|Hydreigon, M|68\/100\n|-damage|p1a: Hydreigon|56\/100|[from] Stealth Rock\n|turn|29\n|\n|t:|1617961127\n|switch|p2a: Swampert|Swampert, M|100\/100\n|move|p1a: Hydreigon|Defog|p2a: Swampert\n|-unboost|p2a: Swampert|evasion|1\n|-sideend|p1: i know im horrible|Stealth Rock|[from] move: Defog|[of] p1a: Hydreigon\n|-fieldend|move: Electric Terrain\n|\n|-heal|p1a: Hydreigon|62\/100|[from] item: Leftovers\n|upkeep\n|turn|30\n|\n|t:|1617961133\n|move|p1a: Hydreigon|Earth Power|p2a: Swampert\n|-damage|p2a: Swampert|84\/100\n|move|p2a: Swampert|Stealth Rock|p1a: Hydreigon\n|-sidestart|p1: i know im horrible|move: Stealth Rock\n|\n|-heal|p1a: Hydreigon|68\/100|[from] item: Leftovers\n|-heal|p2a: Swampert|90\/100|[from] item: Leftovers\n|upkeep\n|turn|31\n|\n|t:|1617961137\n|switch|p1a: Slowbro|Slowbro, M|100\/100 tox\n|move|p2a: Swampert|Toxic|p1a: Slowbro\n|-fail|p1a: Slowbro|tox\n|\n|-heal|p2a: Swampert|97\/100|[from] item: Leftovers\n|-damage|p1a: Slowbro|94\/100 tox|[from] psn\n|upkeep\n|turn|32\n|\n|t:|1617961147\n|move|p2a: Swampert|Flip Turn|p1a: Slowbro\n|-resisted|p1a: Slowbro\n|-damage|p1a: Slowbro|88\/100 tox\n|\n|t:|1617961151\n|switch|p2a: Rotom|Rotom-Heat|77\/100 tox|[from]move: Flip Turn\n|move|p1a: Slowbro|Scald|p2a: Rotom\n|-supereffective|p2a: Rotom\n|-damage|p2a: Rotom|21\/100 tox\n|\n|-damage|p2a: Rotom|15\/100 tox|[from] psn\n|-damage|p1a: Slowbro|76\/100 tox|[from] psn\n|upkeep\n|turn|33\n|\n|t:|1617961158\n|switch|p1a: Slowking|Slowking-Galar, M|70\/100\n|-damage|p1a: Slowking|57\/100|[from] Stealth Rock\n|move|p2a: Rotom|Volt Switch|p1a: Slowking\n|-damage|p1a: Slowking|37\/100\n|\n|t:|1617961170\n|switch|p2a: Tapu Koko|Tapu Koko|88\/100 tox|[from]move: Volt Switch\n|-fieldstart|move: Electric Terrain|[from] ability: Electric Surge|[of] p2a: Tapu Koko\n|\n|-damage|p2a: Tapu Koko|82\/100 tox|[from] psn\n|upkeep\n|turn|34\n|\n|t:|1617961186\n|switch|p1a: Chansey|Chansey, F|75\/100\n|-damage|p1a: Chansey|63\/100|[from] Stealth Rock\n|move|p2a: Tapu Koko|Volt Switch|p1a: Chansey\n|-damage|p1a: Chansey|52\/100\n|\n|t:|1617961192\n|switch|p2a: Crawdaunt|Crawdaunt, M|29\/100|[from]move: Volt Switch\n|\n|upkeep\n|turn|35\n|\n|t:|1617961196\n|switch|p1a: Azumarill|Azumarill, M|100\/100\n|-damage|p1a: Azumarill|88\/100|[from] Stealth Rock\n|move|p2a: Crawdaunt|Knock Off|p1a: Azumarill\n|-resisted|p1a: Azumarill\n|-damage|p1a: Azumarill|40\/100\n|-enditem|p1a: Azumarill|Leftovers|[from] move: Knock Off|[of] p2a: Crawdaunt\n|-damage|p2a: Crawdaunt|19\/100|[from] item: Life Orb\n|\n|upkeep\n|turn|36\n|\n|t:|1617961211\n|move|p1a: Azumarill|Protect|p1a: Azumarill\n|-singleturn|p1a: Azumarill|Protect\n|move|p2a: Crawdaunt|Crabhammer|p1a: Azumarill\n|-activate|p1a: Azumarill|move: Protect\n|\n|upkeep\n|turn|37\n|\n|t:|1617961215\n|move|p2a: Crawdaunt|Crabhammer|p1a: Azumarill\n|-resisted|p1a: Azumarill\n|-damage|p1a: Azumarill|0 fnt\n|-damage|p2a: Crawdaunt|9\/100|[from] item: Life Orb\n|faint|p1a: Azumarill\n|\n|-fieldend|move: Electric Terrain\n|upkeep\n|\n|t:|1617961219\n|switch|p1a: Hydreigon|Hydreigon, M|68\/100\n|-damage|p1a: Hydreigon|56\/100|[from] Stealth Rock\n|turn|38\n|\n|t:|1617961223\n|switch|p2a: Swampert|Swampert, M|97\/100\n|move|p1a: Hydreigon|Roost|p1a: Hydreigon\n|-heal|p1a: Hydreigon|100\/100\n|-singleturn|p1a: Hydreigon|move: Roost\n|\n|-heal|p2a: Swampert|100\/100|[from] item: Leftovers\n|upkeep\n|turn|39\n|\n|t:|1617961228\n|move|p1a: Hydreigon|Defog|p2a: Swampert\n|-unboost|p2a: Swampert|evasion|1\n|-sideend|p1: i know im horrible|Stealth Rock|[from] move: Defog|[of] p1a: Hydreigon\n|move|p2a: Swampert|Toxic|p1a: Hydreigon\n|-status|p1a: Hydreigon|tox\n|\n|-damage|p1a: Hydreigon|94\/100 tox|[from] psn\n|upkeep\n|turn|40\n|\n|t:|1617961233\n|switch|p1a: Chansey|Chansey, F|52\/100\n|move|p2a: Swampert|Stealth Rock|p1a: Chansey\n|-sidestart|p1: i know im horrible|move: Stealth Rock\n|\n|upkeep\n|turn|41\n|\n|t:|1617961238\n|move|p2a: Swampert|Flip Turn|p1a: Chansey\n|-damage|p1a: Chansey|37\/100\n|\n|t:|1617961242\n|switch|p2a: Crawdaunt|Crawdaunt, M|9\/100|[from]move: Flip Turn\n|move|p1a: Chansey|Heal Bell|p1a: Chansey\n|-activate|p1a: Chansey|move: Heal Bell\n|-curestatus|p1: Slowbro|tox|[msg]\n|-curestatus|p1: Hydreigon|tox|[msg]\n|\n|upkeep\n|turn|42\n|\n|t:|1617961248\n|switch|p1a: Hydreigon|Hydreigon, M|94\/100\n|-damage|p1a: Hydreigon|82\/100|[from] Stealth Rock\n|move|p2a: Crawdaunt|Knock Off|p1a: Hydreigon\n|-resisted|p1a: Hydreigon\n|-damage|p1a: Hydreigon|39\/100\n|-enditem|p1a: Hydreigon|Leftovers|[from] move: Knock Off|[of] p2a: Crawdaunt\n|-damage|p2a: Crawdaunt|0 fnt|[from] item: Life Orb\n|faint|p2a: Crawdaunt\n|\n|upkeep\n|\n|t:|1617961261\n|switch|p2a: Landorus|Landorus-Therian, M|100\/100\n|-ability|p2a: Landorus|Intimidate|boost\n|-unboost|p1a: Hydreigon|atk|1\n|turn|43\n|\n|t:|1617961265\n|switch|p1a: Slowbro|Slowbro, M|100\/100\n|move|p2a: Landorus|U-turn|p1a: Slowbro\n|-supereffective|p1a: Slowbro\n|-damage|p1a: Slowbro|74\/100\n|\n|t:|1617961271\n|switch|p2a: Tapu Koko|Tapu Koko|82\/100 tox|[from]move: U-turn\n|-fieldstart|move: Electric Terrain|[from] ability: Electric Surge|[of] p2a: Tapu Koko\n|\n|-damage|p2a: Tapu Koko|76\/100 tox|[from] psn\n|upkeep\n|turn|44\n|\n|t:|1617961277\n|switch|p1a: Slowking|Slowking-Galar, M|71\/100\n|-damage|p1a: Slowking|58\/100|[from] Stealth Rock\n|move|p2a: Tapu Koko|Volt Switch|p1a: Slowking\n|-damage|p1a: Slowking|28\/100\n|\n|t:|1617961283\n|switch|p2a: Rotom|Rotom-Heat|15\/100 tox|[from]move: Volt Switch\n|\n|-damage|p2a: Rotom|9\/100 tox|[from] psn\n|upkeep\n|turn|45\n|\n|t:|1617961290\n|move|p2a: Rotom|Volt Switch|p1a: Slowking\n|-damage|p1a: Slowking|8\/100\n|\n|t:|1617961298\n|switch|p2a: Tapu Koko|Tapu Koko|76\/100 tox|[from]move: Volt Switch\n|move|p1a: Slowking|Future Sight|p2a: Tapu Koko\n|-start|p1a: Slowking|move: Future Sight\n|\n|-damage|p2a: Tapu Koko|70\/100 tox|[from] psn\n|upkeep\n|turn|46\n|\n|t:|1617961310\n|switch|p1a: Hydreigon|Hydreigon, M|39\/100\n|-damage|p1a: Hydreigon|26\/100|[from] Stealth Rock\n|move|p2a: Tapu Koko|Volt Switch|p1a: Hydreigon\n|-resisted|p1a: Hydreigon\n|-crit|p1a: Hydreigon\n|-damage|p1a: Hydreigon|8\/100\n|\n|t:|1617961321\n|switch|p2a: Landorus|Landorus-Therian, M|100\/100|[from]move: Volt Switch\n|-ability|p2a: Landorus|Intimidate|boost\n|-unboost|p1a: Hydreigon|atk|1\n|\n|upkeep\n|turn|47\n|\n|t:|1617961332\n|switch|p1a: Slowbro|Slowbro, M|100\/100\n|move|p2a: Landorus|U-turn|p1a: Slowbro\n|-supereffective|p1a: Slowbro\n|-damage|p1a: Slowbro|70\/100\n|\n|t:|1617961338\n|switch|p2a: Rotom|Rotom-Heat|9\/100 tox|[from]move: U-turn\n|\n|-end|p2a: Rotom|move: Future Sight\n|-damage|p2a: Rotom|0 fnt\n|faint|p2a: Rotom\n|-fieldend|move: Electric Terrain\n|upkeep\n|\n|t:|1617961339\n|switch|p2a: Tapu Koko|Tapu Koko|70\/100 tox\n|-fieldstart|move: Electric Terrain|[from] ability: Electric Surge|[of] p2a: Tapu Koko\n|turn|48\n|\n|t:|1617961357\n|switch|p2a: Swampert|Swampert, M|100\/100\n|switch|p1a: Hydreigon|Hydreigon, M|8\/100\n|-damage|p1a: Hydreigon|0 fnt|[from] Stealth Rock\n|faint|p1a: Hydreigon\n|\n|upkeep\n|\n|t:|1617961364\n|switch|p1a: Chansey|Chansey, F|37\/100\n|-damage|p1a: Chansey|25\/100|[from] Stealth Rock\n|turn|49\n|\n|t:|1617961372\n|move|p2a: Swampert|Earthquake|p1a: Chansey\n|-damage|p1a: Chansey|1\/100\n|move|p1a: Chansey|Soft-Boiled|p1a: Chansey\n|-heal|p1a: Chansey|51\/100\n|\n|upkeep\n|turn|50\n|\n|t:|1617961375\n|move|p2a: Swampert|Toxic|p1a: Chansey\n|-status|p1a: Chansey|tox\n|move|p1a: Chansey|Soft-Boiled|p1a: Chansey\n|-heal|p1a: Chansey|100\/100 tox\n|\n|-damage|p1a: Chansey|94\/100 tox|[from] psn\n|upkeep\n|turn|51\n|\n|t:|1617961382\n|move|p2a: Swampert|Earthquake|p1a: Chansey\n|-damage|p1a: Chansey|70\/100 tox\n|move|p1a: Chansey|Wish|p1a: Chansey\n|\n|-damage|p1a: Chansey|57\/100 tox|[from] psn\n|upkeep\n|turn|52\n|\n|t:|1617961393\n|move|p2a: Swampert|Flip Turn|p1a: Chansey\n|-damage|p1a: Chansey|44\/100 tox\n|\n|t:|1617961396\n|switch|p2a: Landorus|Landorus-Therian, M|100\/100|[from]move: Flip Turn\n|-ability|p2a: Landorus|Intimidate|boost\n|-unboost|p1a: Chansey|atk|1\n|move|p1a: Chansey|Seismic Toss|p2a: Landorus\n|-damage|p2a: Landorus|74\/100\n|\n|-heal|p1a: Chansey|94\/100 tox|[from] move: Wish|[wisher] Chansey\n|-damage|p1a: Chansey|75\/100 tox|[from] psn\n|-fieldend|move: Electric Terrain\n|upkeep\n|turn|53\n|\n|t:|1617961409\n|switch|p1a: Slowbro|Slowbro, M|100\/100\n|move|p2a: Landorus|Earthquake|p1a: Slowbro\n|-damage|p1a: Slowbro|72\/100\n|\n|upkeep\n|turn|54\n|\n|t:|1617961416\n|switch|p2a: Swampert|Swampert, M|100\/100\n|move|p1a: Slowbro|Ice Beam|p2a: Swampert\n|-damage|p2a: Swampert|87\/100\n|\n|-heal|p2a: Swampert|93\/100|[from] item: Leftovers\n|upkeep\n|turn|55\n|\n|t:|1617961427\n|move|p2a: Swampert|Earthquake|p1a: Slowbro\n|-damage|p1a: Slowbro|51\/100\n|move|p1a: Slowbro|Toxic|p2a: Swampert\n|-status|p2a: Swampert|tox\n|\n|-heal|p2a: Swampert|99\/100 tox|[from] item: Leftovers\n|-damage|p2a: Swampert|93\/100 tox|[from] psn\n|upkeep\n|turn|56\n|\n|t:|1617961433\n|move|p2a: Swampert|Toxic|p1a: Slowbro\n|-status|p1a: Slowbro|tox\n|move|p1a: Slowbro|Slack Off|p1a: Slowbro\n|-heal|p1a: Slowbro|100\/100 tox\n|\n|-heal|p2a: Swampert|99\/100 tox|[from] item: Leftovers\n|-damage|p2a: Swampert|87\/100 tox|[from] psn\n|-damage|p1a: Slowbro|94\/100 tox|[from] psn\n|upkeep\n|turn|57\n|\n|t:|1617961444\n|move|p2a: Swampert|Flip Turn|p1a: Slowbro\n|-resisted|p1a: Slowbro\n|-crit|p1a: Slowbro\n|-damage|p1a: Slowbro|84\/100 tox\n|\n|t:|1617961449\n|switch|p2a: Tangrowth|Tangrowth, F|71\/100|[from]move: Flip Turn\n|move|p1a: Slowbro|Ice Beam|p2a: Tangrowth\n|-supereffective|p2a: Tangrowth\n|-damage|p2a: Tangrowth|8\/100\n|-status|p2a: Tangrowth|frz\n|\n|-damage|p1a: Slowbro|72\/100 tox|[from] psn\n|upkeep\n|turn|58\n|\n|t:|1617961456\n|switch|p1a: Slowking|Slowking-Galar, M|42\/100\n|-damage|p1a: Slowking|29\/100|[from] Stealth Rock\n|cant|p2a: Tangrowth|frz\n|\n|upkeep\n|turn|59\n|\n|t:|1617961462\n|switch|p2a: Tapu Koko|Tapu Koko|70\/100 tox\n|-fieldstart|move: Electric Terrain|[from] ability: Electric Surge|[of] p2a: Tapu Koko\n|move|p1a: Slowking|Future Sight|p2a: Tapu Koko\n|-start|p1a: Slowking|move: Future Sight\n|\n|-damage|p2a: Tapu Koko|64\/100 tox|[from] psn\n|upkeep\n|turn|60\n|\n|t:|1617961478\n|switch|p1a: Chansey|Chansey, F|75\/100\n|-damage|p1a: Chansey|63\/100|[from] Stealth Rock\n|move|p2a: Tapu Koko|Volt Switch|p1a: Chansey\n|-damage|p1a: Chansey|52\/100\n|\n|t:|1617961485\n|switch|p2a: Landorus|Landorus-Therian, M|74\/100|[from]move: Volt Switch\n|-ability|p2a: Landorus|Intimidate|boost\n|-unboost|p1a: Chansey|atk|1\n|\n|upkeep\n|turn|61\n|\n|t:|1617961494\n|move|p2a: Landorus|Earthquake|p1a: Chansey\n|-damage|p1a: Chansey|18\/100\n|move|p1a: Chansey|Soft-Boiled|p1a: Chansey\n|-heal|p1a: Chansey|68\/100\n|\n|-end|p2a: Landorus|move: Future Sight\n|-damage|p2a: Landorus|9\/100\n|upkeep\n|turn|62\n|\n|t:|1617961503\n|switch|p2a: Swampert|Swampert, M|87\/100 tox\n|move|p1a: Chansey|Soft-Boiled|p1a: Chansey\n|-heal|p1a: Chansey|100\/100\n|\n|-heal|p2a: Swampert|93\/100 tox|[from] item: Leftovers\n|-damage|p2a: Swampert|87\/100 tox|[from] psn\n|upkeep\n|turn|63\n|\n|t:|1617961506\n|move|p2a: Swampert|Earthquake|p1a: Chansey\n|-damage|p1a: Chansey|76\/100\n|move|p1a: Chansey|Wish|p1a: Chansey\n|\n|-heal|p2a: Swampert|93\/100 tox|[from] item: Leftovers\n|-damage|p2a: Swampert|80\/100 tox|[from] psn\n|-fieldend|move: Electric Terrain\n|upkeep\n|turn|64\n|\n|t:|1617961513\n|move|p2a: Swampert|Toxic|p1a: Chansey\n|-status|p1a: Chansey|tox\n|move|p1a: Chansey|Seismic Toss|p2a: Swampert\n|-damage|p2a: Swampert|56\/100 tox\n|\n|-heal|p1a: Chansey|100\/100 tox|[from] move: Wish|[wisher] Chansey\n|-heal|p2a: Swampert|62\/100 tox|[from] item: Leftovers\n|-damage|p2a: Swampert|43\/100 tox|[from] psn\n|-damage|p1a: Chansey|94\/100 tox|[from] psn\n|upkeep\n|turn|65\n|\n|t:|1617961522\n|-curestatus|p1a: Chansey|tox|[from] ability: Natural Cure\n|switch|p1a: Slowbro|Slowbro, M|100\/100 tox\n|move|p2a: Swampert|Flip Turn|p1a: Slowbro\n|-resisted|p1a: Slowbro\n|-damage|p1a: Slowbro|94\/100 tox\n|\n|t:|1617961527\n|switch|p2a: Tapu Koko|Tapu Koko|64\/100 tox|[from]move: Flip Turn\n|-fieldstart|move: Electric Terrain|[from] ability: Electric Surge|[of] p2a: Tapu Koko\n|\n|-damage|p2a: Tapu Koko|58\/100 tox|[from] psn\n|-damage|p1a: Slowbro|88\/100 tox|[from] psn\n|upkeep\n|turn|66\n|\n|t:|1617961530\n|switch|p1a: Chansey|Chansey, F|94\/100\n|-damage|p1a: Chansey|82\/100|[from] Stealth Rock\n|move|p2a: Tapu Koko|Volt Switch|p1a: Chansey\n|-damage|p1a: Chansey|70\/100\n|\n|t:|1617961539\n|switch|p2a: Swampert|Swampert, M|43\/100 tox|[from]move: Volt Switch\n|\n|-heal|p2a: Swampert|50\/100 tox|[from] item: Leftovers\n|-damage|p2a: Swampert|43\/100 tox|[from] psn\n|upkeep\n|turn|67\n|\n|t:|1617961546\n|move|p2a: Swampert|Flip Turn|p1a: Chansey\n|-damage|p1a: Chansey|55\/100\n|\n|t:|1617961549\n|switch|p2a: Landorus|Landorus-Therian, M|9\/100|[from]move: Flip Turn\n|-ability|p2a: Landorus|Intimidate|boost\n|-unboost|p1a: Chansey|atk|1\n|move|p1a: Chansey|Wish|p1a: Chansey\n|\n|upkeep\n|turn|68\n|\n|t:|1617961552\n|move|p2a: Landorus|Explosion|p1a: Chansey\n|-damage|p1a: Chansey|0 fnt\n|faint|p2a: Landorus\n|faint|p1a: Chansey\n|\n|upkeep\n|\n|t:|1617961566\n|switch|p2a: Tapu Koko|Tapu Koko|58\/100 tox\n|switch|p1a: Slowbro|Slowbro, M|100\/100 tox\n|turn|69\n|\n|t:|1617961574\n|switch|p1a: Slowking|Slowking-Galar, M|62\/100\n|-damage|p1a: Slowking|50\/100|[from] Stealth Rock\n|move|p2a: Tapu Koko|Volt Switch|p1a: Slowking\n|-damage|p1a: Slowking|22\/100\n|\n|t:|1617961579\n|switch|p2a: Swampert|Swampert, M|43\/100 tox|[from]move: Volt Switch\n|\n|-heal|p2a: Swampert|50\/100 tox|[from] item: Leftovers\n|-damage|p2a: Swampert|43\/100 tox|[from] psn\n|-fieldend|move: Electric Terrain\n|upkeep\n|turn|70\n|\n|t:|1617961586\n|switch|p1a: Slowbro|Slowbro, M|100\/100 tox\n|move|p2a: Swampert|Flip Turn|p1a: Slowbro\n|-resisted|p1a: Slowbro\n|-damage|p1a: Slowbro|94\/100 tox\n|\n|t:|1617961589\n|switch|p2a: Tapu Koko|Tapu Koko|58\/100 tox|[from]move: Flip Turn\n|-fieldstart|move: Electric Terrain|[from] ability: Electric Surge|[of] p2a: Tapu Koko\n|\n|-damage|p2a: Tapu Koko|52\/100 tox|[from] psn\n|-damage|p1a: Slowbro|88\/100 tox|[from] psn\n|upkeep\n|turn|71\n|\n|t:|1617961594\n|move|p2a: Tapu Koko|Thunderbolt|p1a: Slowbro\n|-supereffective|p1a: Slowbro\n|-damage|p1a: Slowbro|0 fnt\n|faint|p1a: Slowbro\n|\n|-damage|p2a: Tapu Koko|40\/100 tox|[from] psn\n|upkeep\n|-message|i know im horrible forfeited.\n|\n|win|gachasr\n|l|\u2606i know im horrible\n|raw|i know im horrible's rating: 1540 &rarr; <strong>1523<\/strong><br \/>(-17 for losing)\n|raw|gachasr's rating: 1600 &rarr; <strong>1617<\/strong><br \/>(+17 for winning)\n|l|\u2606gachasr\n|j|\u2606gachasr\n|player|p2|gachasr|169\n","uploadtime":1617961622,"views":30,"p1id":"iknowimhorrible","p2id":"gachasr","formatid":"gen8ou","rating":1523,"private":0,"password":null}