{"id":"gen8nationaldex-1457025135","p1":"ProfessorWeedle","p2":"Alu9204","format":"gen8nationaldex","log":"|j|\u2606ProfessorWeedle\n|j|\u2606Alu9204\n|t:|1637312271\n|gametype|singles\n|player|p1|ProfessorWeedle|unknown|1355\n|player|p2|Alu9204|burglar|1574\n|teamsize|p1|6\n|teamsize|p2|6\n|gen|8\n|tier|[Gen 8] National Dex\n|rated|\n|rule|HP Percentage Mod: HP is shown in percentages\n|rule|Endless Battle Clause: Forcing endless battles is banned\n|rule|OHKO Clause: OHKO moves are banned\n|rule|Evasion Moves Clause: Evasion moves are banned\n|rule|Species Clause: Limit one of each Pok\u00e9mon\n|rule|Dynamax Clause: You cannot dynamax\n|rule|Sleep Clause Mod: Limit one foe put to sleep\n|clearpoke\n|poke|p1|Victini|\n|poke|p1|Urshifu-*, M|\n|poke|p1|Landorus-Therian, M|\n|poke|p1|Ditto|\n|poke|p1|Ferrothorn, F|\n|poke|p1|Medicham, M|\n|poke|p2|Breloom, F|\n|poke|p2|Landorus-Therian, M|\n|poke|p2|Weavile, F|\n|poke|p2|Corviknight, F|\n|poke|p2|Zapdos-Galar|\n|poke|p2|Latios, M|\n|teampreview\n|\n|t:|1637312289\n|start\n|switch|p1a: Medicham|Medicham, M|100\/100\n|switch|p2a: Zapdos|Zapdos-Galar|100\/100\n|turn|1\n|\n|t:|1637312297\n|detailschange|p1a: Medicham|Medicham-Mega, M\n|-mega|p1a: Medicham|Medicham|Medichamite\n|move|p1a: Medicham|Fake Out|p2a: Zapdos\n|-damage|p2a: Zapdos|74\/100\n|cant|p2a: Zapdos|flinch\n|\n|upkeep\n|turn|2\n|\n|t:|1637312305\n|move|p1a: Medicham|Zen Headbutt|p2a: Zapdos\n|-supereffective|p2a: Zapdos\n|-damage|p2a: Zapdos|0 fnt\n|faint|p2a: Zapdos\n|\n|upkeep\n|\n|t:|1637312316\n|switch|p2a: Corviknight|Corviknight, F|100\/100\n|-ability|p2a: Corviknight|Pressure\n|turn|3\n|\n|t:|1637312321\n|move|p1a: Medicham|Power-Up Punch|p2a: Corviknight\n|-damage|p2a: Corviknight|71\/100\n|-boost|p1a: Medicham|atk|1\n|-damage|p1a: Medicham|84\/100|[from] item: Rocky Helmet|[of] p2a: Corviknight\n|move|p2a: Corviknight|U-turn|p1a: Medicham\n|-damage|p1a: Medicham|63\/100\n|\n|t:|1637312326\n|switch|p2a: Landorus|Landorus-Therian, M|100\/100|[from]move: U-turn\n|-ability|p2a: Landorus|Intimidate|boost\n|-unboost|p1a: Medicham|atk|1\n|\n|upkeep\n|turn|4\n|\n|t:|1637312333\n|switch|p1a: Landorus|Landorus-Therian, M|100\/100\n|-ability|p1a: Landorus|Intimidate|boost\n|-unboost|p2a: Landorus|atk|1\n|switch|p2a: Corviknight|Corviknight, F|71\/100\n|-ability|p2a: Corviknight|Pressure\n|\n|upkeep\n|turn|5\n|\n|t:|1637312336\n|move|p1a: Landorus|U-turn|p2a: Corviknight\n|-resisted|p2a: Corviknight\n|-damage|p2a: Corviknight|65\/100\n|-damage|p1a: Landorus|84\/100|[from] item: Rocky Helmet|[of] p2a: Corviknight\n|\n|t:|1637312342\n|switch|p1a: Ferrothorn|Ferrothorn, F|100\/100|[from]move: U-turn\n|move|p2a: Corviknight|Roost|p2a: Corviknight\n|-heal|p2a: Corviknight|100\/100\n|-singleturn|p2a: Corviknight|move: Roost\n|\n|upkeep\n|turn|6\n|\n|t:|1637312358\n|switch|p2a: Landorus|Landorus-Therian, M|100\/100\n|-ability|p2a: Landorus|Intimidate|boost\n|-unboost|p1a: Ferrothorn|atk|1\n|move|p1a: Ferrothorn|Knock Off|p2a: Landorus\n|-damage|p2a: Landorus|89\/100\n|-enditem|p2a: Landorus|Leftovers|[from] move: Knock Off|[of] p1a: Ferrothorn\n|\n|upkeep\n|turn|7\n|\n|t:|1637312369\n|move|p2a: Landorus|Stealth Rock|p1a: Ferrothorn\n|-sidestart|p1: ProfessorWeedle|move: Stealth Rock\n|move|p1a: Ferrothorn|Spikes|p2a: Landorus\n|-sidestart|p2: Alu9204|Spikes\n|\n|upkeep\n|turn|8\n|\n|t:|1637312383\n|switch|p1a: Ditto|Ditto|100\/100\n|-damage|p1a: Ditto|88\/100|[from] Stealth Rock\n|-transform|p1a: Ditto|p2a: Landorus|[from] ability: Imposter\n|-ability|p1a: Ditto|Intimidate|boost\n|-unboost|p2a: Landorus|atk|1\n|move|p2a: Landorus|Earthquake|p1a: Ditto\n|-immune|p1a: Ditto\n|\n|upkeep\n|turn|9\n|\n|t:|1637312388\n|switch|p2a: Corviknight|Corviknight, F|100\/100\n|-ability|p2a: Corviknight|Pressure\n|move|p1a: Ditto|Stealth Rock|p2a: Corviknight\n|-sidestart|p2: Alu9204|move: Stealth Rock\n|\n|upkeep\n|turn|10\n|\n|t:|1637312396\n|switch|p1a: Medicham|Medicham-Mega, M|63\/100\n|-damage|p1a: Medicham|56\/100|[from] Stealth Rock\n|move|p2a: Corviknight|Defog|p1a: Medicham\n|-unboost|p1a: Medicham|evasion|1\n|-sideend|p1: ProfessorWeedle|Stealth Rock|[from] move: Defog|[of] p2a: Corviknight\n|-sideend|p2: Alu9204|Spikes|[from] move: Defog|[of] p2a: Corviknight\n|-sideend|p2: Alu9204|Stealth Rock|[from] move: Defog|[of] p2a: Corviknight\n|\n|upkeep\n|turn|11\n|\n|t:|1637312403\n|move|p1a: Medicham|Fake Out|p2a: Corviknight\n|-resisted|p2a: Corviknight\n|-damage|p2a: Corviknight|91\/100\n|-damage|p1a: Medicham|40\/100|[from] item: Rocky Helmet|[of] p2a: Corviknight\n|cant|p2a: Corviknight|flinch\n|\n|upkeep\n|turn|12\n|\n|t:|1637312411\n|move|p1a: Medicham|Power-Up Punch|p2a: Corviknight\n|-damage|p2a: Corviknight|62\/100\n|-boost|p1a: Medicham|atk|1\n|-damage|p1a: Medicham|23\/100|[from] item: Rocky Helmet|[of] p2a: Corviknight\n|move|p2a: Corviknight|Brave Bird|p1a: Medicham\n|-supereffective|p1a: Medicham\n|-damage|p1a: Medicham|0 fnt\n|faint|p1a: Medicham\n|-damage|p2a: Corviknight|57\/100|[from] Recoil\n|\n|upkeep\n|\n|t:|1637312427\n|switch|p1a: Victini|Victini|100\/100\n|turn|13\n|\n|t:|1637312434\n|switch|p2a: Landorus|Landorus-Therian, M|89\/100\n|-ability|p2a: Landorus|Intimidate|boost\n|-unboost|p1a: Victini|atk|1\n|-zpower|p1a: Victini\n|move|p1a: Victini|Z-Celebrate|p1a: Victini|[anim]Celebrate\n|-boost|p1a: Victini|atk|1|[zeffect]\n|-boost|p1a: Victini|def|1|[zeffect]\n|-boost|p1a: Victini|spa|1|[zeffect]\n|-boost|p1a: Victini|spd|1|[zeffect]\n|-boost|p1a: Victini|spe|1|[zeffect]\n|-activate|p1a: Victini|move: Celebrate\n|\n|upkeep\n|turn|14\n|\n|t:|1637312443\n|move|p1a: Victini|Searing Shot|p2a: Landorus\n|-damage|p2a: Landorus|16\/100\n|move|p2a: Landorus|Earthquake|p1a: Victini\n|-supereffective|p1a: Victini\n|-damage|p1a: Victini|25\/100\n|\n|upkeep\n|turn|15\n|\n|t:|1637312453\n|move|p1a: Victini|Searing Shot|p2a: Landorus\n|-damage|p2a: Landorus|0 fnt\n|faint|p2a: Landorus\n|\n|upkeep\n|\n|t:|1637312457\n|switch|p2a: Breloom|Breloom, F|100\/100\n|turn|16\n|\n|t:|1637312461\n|move|p1a: Victini|Searing Shot|p2a: Breloom\n|-supereffective|p2a: Breloom\n|-enditem|p2a: Breloom|Focus Sash\n|-damage|p2a: Breloom|1\/100\n|move|p2a: Breloom|Spore|p1a: Victini\n|-status|p1a: Victini|slp|[from] move: Spore\n|\n|upkeep\n|turn|17\n|\n|t:|1637312466\n|cant|p1a: Victini|slp\n|move|p2a: Breloom|Rock Tomb|p1a: Victini\n|-supereffective|p1a: Victini\n|-damage|p1a: Victini|0 fnt\n|faint|p1a: Victini\n|\n|upkeep\n|\n|t:|1637312470\n|switch|p1a: Landorus|Landorus-Therian, M|84\/100\n|-ability|p1a: Landorus|Intimidate|boost\n|-unboost|p2a: Breloom|atk|1\n|turn|18\n|\n|t:|1637312481\n|switch|p2a: Corviknight|Corviknight, F|57\/100\n|-ability|p2a: Corviknight|Pressure\n|move|p1a: Landorus|U-turn|p2a: Corviknight\n|-resisted|p2a: Corviknight\n|-damage|p2a: Corviknight|51\/100\n|-damage|p1a: Landorus|67\/100|[from] item: Rocky Helmet|[of] p2a: Corviknight\n|\n|t:|1637312484\n|switch|p1a: Urshifu|Urshifu-Rapid-Strike, M|100\/100|[from]move: U-turn\n|\n|upkeep\n|turn|19\n|\n|t:|1637312489\n|move|p1a: Urshifu|Thunder Punch|p2a: Corviknight\n|-supereffective|p2a: Corviknight\n|-damage|p2a: Corviknight|0 fnt\n|-damage|p1a: Urshifu|84\/100|[from] item: Rocky Helmet|[of] p2a: Corviknight\n|faint|p2a: Corviknight\n|\n|upkeep\n|\n|t:|1637312498\n|switch|p2a: Latios|Latios, M|100\/100\n|turn|20\n|\n|t:|1637312513\n|switch|p1a: Ferrothorn|Ferrothorn, F|100\/100\n|detailschange|p2a: Latios|Latios-Mega, M\n|-mega|p2a: Latios|Latios|Latiosite\n|move|p2a: Latios|Aura Sphere|p1a: Ferrothorn\n|-supereffective|p1a: Ferrothorn\n|-damage|p1a: Ferrothorn|53\/100\n|\n|-heal|p1a: Ferrothorn|59\/100|[from] item: Leftovers\n|upkeep\n|turn|21\n|\n|t:|1637312524\n|move|p2a: Latios|Aura Sphere|p1a: Ferrothorn\n|-supereffective|p1a: Ferrothorn\n|-damage|p1a: Ferrothorn|11\/100\n|move|p1a: Ferrothorn|Spikes|p2a: Latios\n|-sidestart|p2: Alu9204|Spikes\n|\n|-heal|p1a: Ferrothorn|18\/100|[from] item: Leftovers\n|upkeep\n|turn|22\n|\n|t:|1637312532\n|move|p2a: Latios|Aura Sphere|p1a: Ferrothorn\n|-supereffective|p1a: Ferrothorn\n|-damage|p1a: Ferrothorn|0 fnt\n|faint|p1a: Ferrothorn\n|\n|upkeep\n|\n|t:|1637312535\n|switch|p1a: Landorus|Landorus-Therian, M|67\/100\n|-ability|p1a: Landorus|Intimidate|boost\n|-unboost|p2a: Latios|atk|1\n|turn|23\n|\n|t:|1637312540\n|move|p1a: Landorus|U-turn|p2a: Latios\n|-supereffective|p2a: Latios\n|-damage|p2a: Latios|40\/100\n|\n|t:|1637312544\n|switch|p1a: Ditto|Ditto|88\/100|[from]move: U-turn\n|-transform|p1a: Ditto|p2a: Latios|[from] ability: Imposter\n|move|p2a: Latios|Ice Beam|p1a: Ditto\n|-supereffective|p1a: Ditto\n|-damage|p1a: Ditto|15\/100\n|\n|upkeep\n|turn|24\n|\n|t:|1637312554\n|switch|p2a: Breloom|Breloom, F|1\/100\n|-damage|p2a: Breloom|0 fnt|[from] Spikes\n|faint|p2a: Breloom\n|move|p1a: Ditto|Ice Beam|p2: Breloom|[notarget]\n|-fail|p1a: Ditto\n|\n|upkeep\n|\n|t:|1637312561\n|switch|p2a: Weavile|Weavile, F|100\/100\n|-ability|p2a: Weavile|Pressure\n|turn|25\n|\n|t:|1637312568\n|move|p1a: Ditto|Ice Beam|p2a: Weavile\n|-resisted|p2a: Weavile\n|-damage|p2a: Weavile|77\/100\n|move|p2a: Weavile|Swords Dance|p2a: Weavile\n|-boost|p2a: Weavile|atk|2\n|\n|upkeep\n|turn|26\n|\n|t:|1637312572\n|switch|p1a: Landorus|Landorus-Therian, M|67\/100\n|-ability|p1a: Landorus|Intimidate|boost\n|-unboost|p2a: Weavile|atk|1\n|move|p2a: Weavile|Ice Shard|p1a: Landorus\n|-supereffective|p1a: Landorus\n|-damage|p1a: Landorus|0 fnt\n|faint|p1a: Landorus\n|\n|upkeep\n|\n|t:|1637312583\n|switch|p1a: Urshifu|Urshifu-Rapid-Strike, M|84\/100\n|turn|27\n|\n|t:|1637312629\n|move|p2a: Weavile|Knock Off|p1a: Urshifu\n|-resisted|p1a: Urshifu\n|-damage|p1a: Urshifu|47\/100\n|-enditem|p1a: Urshifu|Choice Band|[from] move: Knock Off|[of] p2a: Weavile\n|move|p1a: Urshifu|Surging Strikes|p2a: Weavile\n|-crit|p2a: Weavile\n|-damage|p2a: Weavile|45\/100\n|-crit|p2a: Weavile\n|-damage|p2a: Weavile|9\/100\n|-crit|p2a: Weavile\n|-damage|p2a: Weavile|0 fnt\n|faint|p2a: Weavile\n|-hitcount|p2: Weavile|3\n|\n|upkeep\n|\n|t:|1637312642\n|switch|p2a: Latios|Latios-Mega, M|40\/100\n|turn|28\n|\n|t:|1637312646\n|move|p1a: Urshifu|Aqua Jet|p2a: Latios\n|-resisted|p2a: Latios\n|-damage|p2a: Latios|27\/100\n|move|p2a: Latios|Psyshock|p1a: Urshifu\n|-supereffective|p1a: Urshifu\n|-damage|p1a: Urshifu|0 fnt\n|faint|p1a: Urshifu\n|\n|upkeep\n|\n|t:|1637312649\n|switch|p1a: Ditto|Ditto|15\/100\n|-transform|p1a: Ditto|p2a: Latios|[from] ability: Imposter\n|turn|29\n|\n|t:|1637312654\n|move|p1a: Ditto|Ice Beam|p2a: Latios\n|-supereffective|p2a: Latios\n|-damage|p2a: Latios|0 fnt\n|faint|p2a: Latios\n|\n|win|ProfessorWeedle\n|raw|ProfessorWeedle's rating: 1355 &rarr; <strong>1386<\/strong><br \/>(+31 for winning)\n|raw|Alu9204's rating: 1574 &rarr; <strong>1543<\/strong><br \/>(-31 for losing)\n|l|\u2606Alu9204\n","uploadtime":1637312659,"views":74,"p1id":"professorweedle","p2id":"alu9204","formatid":"gen8nationaldex","rating":1386,"private":0,"password":null}