{"id":"gen8ou-1669543209","p1":"andrewm0n","p2":"birdspamneverdies","format":"gen8ou","log":"|j|\u2606andrewm0n\n|j|\u2606birdspamneverdies\n|t:|1664061402\n|gametype|singles\n|player|p1|andrewm0n|169|1678\n|player|p2|birdspamneverdies|xerosic|1729\n|teamsize|p1|6\n|teamsize|p2|6\n|gen|8\n|tier|[Gen 8] OU\n|rated|\n|rule|Sleep Clause Mod: Limit one foe put to sleep\n|rule|Species Clause: Limit one of each Pok\u00e9mon\n|rule|OHKO Clause: OHKO moves are banned\n|rule|Evasion Items Clause: Evasion items are banned\n|rule|Evasion Moves Clause: Evasion moves are banned\n|rule|Endless Battle Clause: Forcing endless battles is banned\n|rule|HP Percentage Mod: HP is shown in percentages\n|rule|Dynamax Clause: You cannot dynamax\n|clearpoke\n|poke|p1|Slowbro-Galar, M|\n|poke|p1|Blaziken, M|\n|poke|p1|Clefable, F|\n|poke|p1|Seismitoad, M|\n|poke|p1|Corviknight, M|\n|poke|p1|Spiritomb, M|\n|poke|p2|Urshifu-*, F|\n|poke|p2|Heatran, F|\n|poke|p2|Landorus-Therian, M|\n|poke|p2|Rotom-Wash|\n|poke|p2|Tangrowth, F|\n|poke|p2|Latios, M|\n|teampreview\n|inactive|Battle timer is ON: inactive players will automatically lose when time's up. (requested by birdspamneverdies)\n|inactive|andrewm0n has 120 seconds left.\n|j| Mr. Bag Getter\n|inactive|andrewm0n has 90 seconds left.\n|j| Hiriart\n|inactive|andrewm0n has 60 seconds left.\n|inactive|andrewm0n has 30 seconds left.\n|\n|t:|1664061542\n|start\n|switch|p1a: Spiritomb|Spiritomb, M|100\/100\n|switch|p2a: Urshifu|Urshifu-Rapid-Strike, F|100\/100\n|turn|1\n|inactive|andrewm0n has 90 seconds left.\n|j| Kyurem\n|\n|t:|1664061568\n|switch|p1a: Corviknight|Corviknight, M|100\/100\n|move|p2a: Urshifu|U-turn|p1a: Corviknight\n|-resisted|p1a: Corviknight\n|-damage|p1a: Corviknight|94\/100\n|-damage|p2a: Urshifu|84\/100|[from] item: Rocky Helmet|[of] p1a: Corviknight\n|\n|t:|1664061571\n|switch|p2a: Rotom|Rotom-Wash|100\/100|[from]move: U-turn\n|\n|upkeep\n|turn|2\n|\n|t:|1664061576\n|switch|p2a: Tangrowth|Tangrowth, F|100\/100\n|move|p1a: Corviknight|U-turn|p2a: Tangrowth\n|-supereffective|p2a: Tangrowth\n|-damage|p2a: Tangrowth|84\/100\n|-damage|p1a: Corviknight|78\/100|[from] item: Rocky Helmet|[of] p2a: Tangrowth\n|\n|t:|1664061584\n|switch|p1a: Slowbro|Slowbro-Galar, M|100\/100|[from]move: U-turn\n|\n|upkeep\n|turn|3\n|\n|t:|1664061602\n|switch|p2a: Rotom|Rotom-Wash|100\/100\n|move|p1a: Slowbro|Shell Side Arm|p2a: Rotom|[anim] Shell Side Arm Physical\n|-damage|p2a: Rotom|73\/100\n|-hint|Physical Shell Side Arm\n|\n|-heal|p2a: Rotom|79\/100|[from] item: Leftovers\n|upkeep\n|turn|4\n|inactive|andrewm0n has 120 seconds left.\n|\n|t:|1664061610\n|switch|p2a: Tangrowth|Tangrowth, F|100\/100\n|move|p1a: Slowbro|Shell Side Arm|p2a: Tangrowth|[anim] Shell Side Arm Special\n|-supereffective|p2a: Tangrowth\n|-damage|p2a: Tangrowth|14\/100\n|-hint|Special Shell Side Arm\n|\n|upkeep\n|turn|5\n|\n|t:|1664061619\n|switch|p2a: Latios|Latios, M|100\/100\n|move|p1a: Slowbro|Shell Side Arm|p2a: Latios|[anim] Shell Side Arm Physical\n|-damage|p2a: Latios|54\/100\n|-hint|Physical Shell Side Arm\n|\n|upkeep\n|turn|6\n|\n|t:|1664061632\n|switch|p1a: Spiritomb|Spiritomb, M|100\/100\n|move|p2a: Latios|Psychic|p1a: Spiritomb\n|-immune|p1a: Spiritomb\n|\n|upkeep\n|turn|7\n|\n|t:|1664061641\n|switch|p2a: Rotom|Rotom-Wash|79\/100\n|switch|p1a: Slowbro|Slowbro-Galar, M|100\/100\n|\n|-heal|p2a: Rotom|85\/100|[from] item: Leftovers\n|upkeep\n|turn|8\n|\n|t:|1664061646\n|move|p2a: Rotom|Volt Switch|p1a: Slowbro\n|-damage|p1a: Slowbro|82\/100\n|\n|t:|1664061656\n|switch|p2a: Landorus|Landorus-Therian, M|100\/100|[from]move: Volt Switch\n|-ability|p2a: Landorus|Intimidate|boost\n|-unboost|p1a: Slowbro|atk|1\n|move|p1a: Slowbro|Earthquake|p2a: Landorus\n|-immune|p2a: Landorus\n|\n|upkeep\n|turn|9\n|\n|t:|1664061660\n|switch|p1a: Corviknight|Corviknight, M|78\/100\n|move|p2a: Landorus|Stealth Rock|p1a: Corviknight\n|-sidestart|p1: andrewm0n|move: Stealth Rock\n|\n|upkeep\n|turn|10\n|\n|t:|1664061666\n|move|p2a: Landorus|U-turn|p1a: Corviknight\n|-resisted|p1a: Corviknight\n|-damage|p1a: Corviknight|74\/100\n|-damage|p2a: Landorus|84\/100|[from] item: Rocky Helmet|[of] p1a: Corviknight\n|\n|t:|1664061669\n|switch|p2a: Heatran|Heatran, F|100\/100|[from]move: U-turn\n|move|p1a: Corviknight|Defog|p2a: Heatran\n|-unboost|p2a: Heatran|evasion|1\n|-sideend|p1: andrewm0n|Stealth Rock|[from] move: Defog|[of] p1a: Corviknight\n|\n|upkeep\n|turn|11\n|\n|t:|1664061672\n|switch|p1a: Seismitoad|Seismitoad, M|100\/100\n|move|p2a: Heatran|Magma Storm|p1a: Seismitoad\n|-resisted|p1a: Seismitoad\n|-damage|p1a: Seismitoad|76\/100\n|-activate|p1a: Seismitoad|move: Magma Storm|[of] p2a: Heatran\n|\n|-heal|p1a: Seismitoad|82\/100|[from] item: Leftovers\n|-damage|p1a: Seismitoad|69\/100|[from] move: Magma Storm|[partiallytrapped]\n|upkeep\n|turn|12\n|\n|t:|1664061674\n|move|p2a: Heatran|Toxic|p1a: Seismitoad\n|-status|p1a: Seismitoad|tox\n|move|p1a: Seismitoad|Earth Power|p2a: Heatran\n|-supereffective|p2a: Heatran\n|-crit|p2a: Heatran\n|-damage|p2a: Heatran|0 fnt\n|faint|p2a: Heatran\n|\n|-heal|p1a: Seismitoad|75\/100 tox|[from] item: Leftovers\n|-damage|p1a: Seismitoad|69\/100 tox|[from] psn\n|-end|p1a: Seismitoad|Magma Storm|[partiallytrapped]|[silent]\n|upkeep\n|\n|t:|1664061680\n|switch|p2a: Urshifu|Urshifu-Rapid-Strike, F|84\/100\n|turn|13\n|\n|t:|1664061698\n|switch|p1a: Slowbro|Slowbro-Galar, M|100\/100\n|move|p2a: Urshifu|Surging Strikes|p1a: Slowbro\n|-crit|p1a: Slowbro\n|-damage|p1a: Slowbro|77\/100\n|-crit|p1a: Slowbro\n|-damage|p1a: Slowbro|51\/100\n|-crit|p1a: Slowbro\n|-damage|p1a: Slowbro|28\/100\n|-hitcount|p1a: Slowbro|3\n|\n|upkeep\n|turn|14\n|\n|t:|1664061711\n|switch|p2a: Latios|Latios, M|54\/100\n|switch|p1a: Seismitoad|Seismitoad, M|69\/100 tox\n|\n|-heal|p1a: Seismitoad|75\/100 tox|[from] item: Leftovers\n|-damage|p1a: Seismitoad|69\/100 tox|[from] psn\n|upkeep\n|turn|15\n|\n|t:|1664061719\n|switch|p1a: Clefable|Clefable, F|100\/100\n|move|p2a: Latios|Trick|p1a: Clefable\n|-activate|p2a: Latios|move: Trick|[of] p1a: Clefable\n|-item|p1a: Clefable|Choice Scarf|[from] move: Trick\n|-item|p2a: Latios|Leftovers|[from] move: Trick\n|\n|-heal|p2a: Latios|60\/100|[from] item: Leftovers\n|upkeep\n|turn|16\n|\n|t:|1664061726\n|switch|p2a: Tangrowth|Tangrowth, F|48\/100\n|move|p1a: Clefable|Moonblast|p2a: Tangrowth\n|-damage|p2a: Tangrowth|5\/100\n|\n|upkeep\n|turn|17\n|\n|t:|1664061730\n|switch|p2a: Landorus|Landorus-Therian, M|84\/100\n|-ability|p2a: Landorus|Intimidate|boost\n|-unboost|p1a: Clefable|atk|1\n|move|p1a: Clefable|Moonblast|p2a: Landorus\n|-damage|p2a: Landorus|59\/100\n|-unboost|p2a: Landorus|spa|1\n|\n|-heal|p2a: Landorus|65\/100|[from] item: Leftovers\n|upkeep\n|turn|18\n|\n|t:|1664061733\n|switch|p1a: Corviknight|Corviknight, M|74\/100\n|move|p2a: Landorus|Stealth Rock|p1a: Corviknight\n|-sidestart|p1: andrewm0n|move: Stealth Rock\n|\n|-heal|p2a: Landorus|71\/100|[from] item: Leftovers\n|upkeep\n|turn|19\n|inactive|birdspamneverdies has 120 seconds left.\n|l| Mr. Bag Getter\n|\n|t:|1664061766\n|move|p2a: Landorus|U-turn|p1a: Corviknight\n|-resisted|p1a: Corviknight\n|-damage|p1a: Corviknight|70\/100\n|-damage|p2a: Landorus|55\/100|[from] item: Rocky Helmet|[of] p1a: Corviknight\n|inactive|birdspamneverdies has 120 seconds left.\n|\n|t:|1664061773\n|switch|p2a: Rotom|Rotom-Wash|85\/100|[from]move: U-turn\n|move|p1a: Corviknight|Defog|p2a: Rotom\n|-unboost|p2a: Rotom|evasion|1\n|-sideend|p1: andrewm0n|Stealth Rock|[from] move: Defog|[of] p1a: Corviknight\n|\n|-heal|p2a: Rotom|91\/100|[from] item: Leftovers\n|upkeep\n|turn|20\n|\n|t:|1664061794\n|switch|p2a: Urshifu|Urshifu-Rapid-Strike, F|84\/100\n|move|p1a: Corviknight|U-turn|p2a: Urshifu\n|-resisted|p2a: Urshifu\n|-damage|p2a: Urshifu|77\/100\n|\n|t:|1664061800\n|switch|p1a: Spiritomb|Spiritomb, M|100\/100|[from]move: U-turn\n|\n|upkeep\n|turn|21\n|inactive|birdspamneverdies has 120 seconds left.\n|\n|t:|1664061844\n|switch|p1a: Seismitoad|Seismitoad, M|69\/100 tox\n|move|p2a: Urshifu|Surging Strikes|p1a: Seismitoad\n|-heal|p1a: Seismitoad|94\/100 tox|[from] ability: Water Absorb|[of] p2a: Urshifu\n|\n|-heal|p1a: Seismitoad|99\/100 tox|[from] item: Leftovers\n|-damage|p1a: Seismitoad|94\/100 tox|[from] psn\n|upkeep\n|turn|22\n|\n|t:|1664061852\n|switch|p2a: Rotom|Rotom-Wash|91\/100\n|move|p1a: Seismitoad|Knock Off|p2a: Rotom\n|-damage|p2a: Rotom|71\/100\n|-enditem|p2a: Rotom|Leftovers|[from] move: Knock Off|[of] p1a: Seismitoad\n|\n|-heal|p1a: Seismitoad|99\/100 tox|[from] item: Leftovers\n|-damage|p1a: Seismitoad|88\/100 tox|[from] psn\n|upkeep\n|turn|23\n|\n|t:|1664061855\n|move|p2a: Rotom|Volt Switch|p1a: Seismitoad\n|-immune|p1a: Seismitoad\n|move|p1a: Seismitoad|Stealth Rock|p2a: Rotom\n|-sidestart|p2: birdspamneverdies|move: Stealth Rock\n|\n|-heal|p1a: Seismitoad|94\/100 tox|[from] item: Leftovers\n|-damage|p1a: Seismitoad|76\/100 tox|[from] psn\n|upkeep\n|turn|24\n|\n|t:|1664061860\n|move|p2a: Rotom|Volt Switch|p1a: Seismitoad\n|-immune|p1a: Seismitoad\n|move|p1a: Seismitoad|Toxic|p2a: Rotom\n|-status|p2a: Rotom|tox\n|\n|-heal|p1a: Seismitoad|82\/100 tox|[from] item: Leftovers\n|-damage|p2a: Rotom|65\/100 tox|[from] psn\n|-damage|p1a: Seismitoad|58\/100 tox|[from] psn\n|upkeep\n|turn|25\n|\n|t:|1664061865\n|switch|p1a: Slowbro|Slowbro-Galar, M|61\/100\n|move|p2a: Rotom|Volt Switch|p1a: Slowbro\n|-damage|p1a: Slowbro|43\/100\n|\n|t:|1664061869\n|switch|p2a: Landorus|Landorus-Therian, M|55\/100|[from]move: Volt Switch\n|-damage|p2a: Landorus|43\/100|[from] Stealth Rock\n|-ability|p2a: Landorus|Intimidate|boost\n|-unboost|p1a: Slowbro|atk|1\n|\n|-heal|p2a: Landorus|49\/100|[from] item: Leftovers\n|upkeep\n|turn|26\n|\n|t:|1664061872\n|switch|p1a: Corviknight|Corviknight, M|70\/100\n|move|p2a: Landorus|Stealth Rock|p1a: Corviknight\n|-sidestart|p1: andrewm0n|move: Stealth Rock\n|\n|-heal|p2a: Landorus|55\/100|[from] item: Leftovers\n|upkeep\n|turn|27\n|inactive|birdspamneverdies has 120 seconds left.\n|inactive|birdspamneverdies has 90 seconds left.\n|inactive|birdspamneverdies has 60 seconds left.\n|\n|t:|1664061968\n|move|p2a: Landorus|U-turn|p1a: Corviknight\n|-resisted|p1a: Corviknight\n|-damage|p1a: Corviknight|66\/100\n|-damage|p2a: Landorus|38\/100|[from] item: Rocky Helmet|[of] p1a: Corviknight\n|\n|t:|1664061971\n|switch|p2a: Latios|Latios, M|60\/100|[from]move: U-turn\n|-damage|p2a: Latios|48\/100|[from] Stealth Rock\n|move|p1a: Corviknight|U-turn|p2a: Latios\n|-supereffective|p2a: Latios\n|-damage|p2a: Latios|5\/100\n|\n|t:|1664061990\n|switch|p1a: Blaziken|Blaziken, M|100\/100|[from]move: U-turn\n|-damage|p1a: Blaziken|88\/100|[from] Stealth Rock\n|\n|-heal|p2a: Latios|11\/100|[from] item: Leftovers\n|-heal|p1a: Blaziken|94\/100|[from] item: Leftovers\n|upkeep\n|turn|28\n|inactive|birdspamneverdies has 60 seconds left.\n|\n|t:|1664062015\n|move|p1a: Blaziken|Protect|p1a: Blaziken\n|-singleturn|p1a: Blaziken|Protect\n|move|p2a: Latios|Psychic|p1a: Blaziken\n|-activate|p1a: Blaziken|move: Protect\n|\n|-heal|p2a: Latios|17\/100|[from] item: Leftovers\n|-heal|p1a: Blaziken|99\/100|[from] item: Leftovers\n|-ability|p1a: Blaziken|Speed Boost|boost\n|-boost|p1a: Blaziken|spe|1\n|upkeep\n|turn|29\n|\n|t:|1664062023\n|switch|p2a: Landorus|Landorus-Therian, M|38\/100\n|-damage|p2a: Landorus|26\/100|[from] Stealth Rock\n|-ability|p2a: Landorus|Intimidate|boost\n|-unboost|p1a: Blaziken|atk|1\n|move|p1a: Blaziken|Flare Blitz|p2a: Landorus\n|-damage|p2a: Landorus|0 fnt\n|faint|p2a: Landorus\n|-damage|p1a: Blaziken|90\/100|[from] Recoil\n|\n|-heal|p1a: Blaziken|96\/100|[from] item: Leftovers\n|-ability|p1a: Blaziken|Speed Boost|boost\n|-boost|p1a: Blaziken|spe|1\n|upkeep\n|inactive|birdspamneverdies has 60 seconds left.\n|\n|t:|1664062028\n|switch|p2a: Urshifu|Urshifu-Rapid-Strike, F|77\/100\n|-damage|p2a: Urshifu|71\/100|[from] Stealth Rock\n|turn|30\n|\n|t:|1664062037\n|switch|p1a: Slowbro|Slowbro-Galar, M|77\/100\n|-damage|p1a: Slowbro|64\/100|[from] Stealth Rock\n|move|p2a: Urshifu|Aqua Jet|p1a: Slowbro\n|-damage|p1a: Slowbro|40\/100\n|\n|upkeep\n|turn|31\n|\n|t:|1664062055\n|switch|p2a: Latios|Latios, M|17\/100\n|-damage|p2a: Latios|5\/100|[from] Stealth Rock\n|move|p1a: Slowbro|Shell Side Arm|p2a: Latios|[anim] Shell Side Arm Physical\n|-damage|p2a: Latios|0 fnt\n|-hint|Physical Shell Side Arm\n|faint|p2a: Latios\n|\n|upkeep\n|inactive|birdspamneverdies has 60 seconds left.\n|\n|t:|1664062073\n|switch|p2a: Urshifu|Urshifu-Rapid-Strike, F|71\/100\n|-damage|p2a: Urshifu|65\/100|[from] Stealth Rock\n|turn|32\n|\n|t:|1664062082\n|switch|p1a: Seismitoad|Seismitoad, M|58\/100 tox\n|-damage|p1a: Seismitoad|52\/100 tox|[from] Stealth Rock\n|move|p2a: Urshifu|Surging Strikes|p1a: Seismitoad\n|-heal|p1a: Seismitoad|77\/100 tox|[from] ability: Water Absorb|[of] p2a: Urshifu\n|\n|-heal|p1a: Seismitoad|83\/100 tox|[from] item: Leftovers\n|-damage|p1a: Seismitoad|77\/100 tox|[from] psn\n|upkeep\n|turn|33\n|\n|t:|1664062086\n|switch|p2a: Tangrowth|Tangrowth, F|38\/100\n|-damage|p2a: Tangrowth|26\/100|[from] Stealth Rock\n|move|p1a: Seismitoad|Toxic|p2a: Tangrowth\n|-status|p2a: Tangrowth|tox\n|\n|-heal|p1a: Seismitoad|83\/100 tox|[from] item: Leftovers\n|-damage|p1a: Seismitoad|71\/100 tox|[from] psn\n|-damage|p2a: Tangrowth|20\/100 tox|[from] psn\n|upkeep\n|turn|34\n|\n|t:|1664062094\n|switch|p1a: Corviknight|Corviknight, M|66\/100\n|-damage|p1a: Corviknight|54\/100|[from] Stealth Rock\n|move|p2a: Tangrowth|Giga Drain|p1a: Corviknight\n|-resisted|p1a: Corviknight\n|-damage|p1a: Corviknight|48\/100\n|-heal|p2a: Tangrowth|23\/100 tox|[from] drain|[of] p1a: Corviknight\n|\n|-damage|p2a: Tangrowth|10\/100 tox|[from] psn\n|upkeep\n|turn|35\n|inactive|birdspamneverdies has 90 seconds left.\n|c|\u2606birdspamneverdies|imagine playing stall in 1k6\n|c|\u2606birdspamneverdies|pathetic\n|l|\u2606birdspamneverdies\n|inactive|birdspamneverdies disconnected and has a minute to reconnect!\n|player|p2|\n|l| Hiriart\n|inactive|birdspamneverdies has 30 seconds to reconnect!\n|inactive|birdspamneverdies has 20 seconds to reconnect!\n|inactive|birdspamneverdies has 15 seconds to reconnect!\n|inactive|birdspamneverdies has 10 seconds to reconnect!\n|inactive|birdspamneverdies has 5 seconds to reconnect!\n|-message|birdspamneverdies lost due to inactivity.\n|\n|win|andrewm0n\n|raw|andrewm0n's rating: 1678 &rarr; <strong>1701<\/strong><br \/>(+23 for winning)\n|raw|birdspamneverdies's rating: 1729 &rarr; <strong>1706<\/strong><br \/>(-23 for losing)\n|l|\u2606andrewm0n\n||Ladder isn't responding, score probably updated but might not have (Request timeout).\n|c| Kyurem|Ah yes. Blaziken Glowbro Spiritomb stall, a classic team\n","uploadtime":1664062940,"views":22,"p1id":"andrewm0n","p2id":"birdspamneverdies","formatid":"gen8ou","rating":1701,"private":0,"password":null}