{"id":"gen8bdspou-1458742722","p1":"Foolish Shogun","p2":"bitiaa","format":"gen8bdspou","log":"|j|\u2606Foolish Shogun\n|j|\u2606bitiaa\n|t:|1637568563\n|gametype|singles\n|player|p1|Foolish Shogun|ghetsis-gen5bw|1198\n|player|p2|bitiaa|anabel|1103\n|teamsize|p1|6\n|teamsize|p2|6\n|gen|8\n|tier|[Gen 8 BDSP] OU\n|rated|\n|rule|Sleep Clause Mod: Limit one foe put to sleep\n|rule|Species Clause: Limit one of each Pok\u00e9mon\n|rule|OHKO Clause: OHKO moves are banned\n|rule|Evasion Moves Clause: Evasion moves are banned\n|rule|Endless Battle Clause: Forcing endless battles is banned\n|rule|HP Percentage Mod: HP is shown in percentages\n|clearpoke\n|poke|p1|Azelf|\n|poke|p1|Weavile, F|\n|poke|p1|Blaziken, F|\n|poke|p1|Azumarill, M|\n|poke|p1|Scizor, M|\n|poke|p1|Garchomp, F|\n|poke|p2|Gengar, F|\n|poke|p2|Infernape, M|\n|poke|p2|Rotom-Wash|\n|poke|p2|Staraptor, F|\n|poke|p2|Garchomp, M|\n|poke|p2|Empoleon, F|\n|teampreview\n|\n|t:|1637568569\n|start\n|switch|p1a: Azelf|Azelf|100\/100\n|switch|p2a: Infernape|Infernape, M|100\/100\n|turn|1\n|\n|t:|1637568572\n|move|p2a: Infernape|Fake Out|p1a: Azelf\n|-damage|p1a: Azelf|82\/100\n|cant|p1a: Azelf|flinch\n|\n|upkeep\n|turn|2\n|\n|t:|1637568576\n|move|p1a: Azelf|Reflect|p1a: Azelf\n|-sidestart|p1: Foolish Shogun|Reflect\n|move|p2a: Infernape|Stealth Rock|p1a: Azelf\n|-sidestart|p1: Foolish Shogun|move: Stealth Rock\n|\n|upkeep\n|turn|3\n|\n|t:|1637568581\n|move|p1a: Azelf|Light Screen|p1a: Azelf\n|-sidestart|p1: Foolish Shogun|move: Light Screen\n|move|p2a: Infernape|Flare Blitz|p1a: Azelf\n|-damage|p1a: Azelf|44\/100\n|-damage|p2a: Infernape|88\/100|[from] Recoil\n|\n|upkeep\n|turn|4\n|\n|t:|1637568584\n|move|p1a: Azelf|Explosion|p2a: Infernape\n|-damage|p2a: Infernape|0 fnt\n|faint|p1a: Azelf\n|faint|p2a: Infernape\n|\n|upkeep\n|\n|t:|1637568600\n|switch|p1a: Garchomp|Garchomp, F|100\/100\n|switch|p2a: Empoleon|Empoleon, F|100\/100\n|-damage|p1a: Garchomp|94\/100|[from] Stealth Rock\n|turn|5\n|\n|t:|1637568605\n|move|p1a: Garchomp|Earthquake|p2a: Empoleon\n|-supereffective|p2a: Empoleon\n|-crit|p2a: Empoleon\n|-damage|p2a: Empoleon|0 fnt\n|faint|p2a: Empoleon\n|-damage|p1a: Garchomp|85\/100|[from] item: Life Orb\n|\n|upkeep\n|c|\u2606bitiaa|nice\n|\n|t:|1637568614\n|switch|p2a: Rotom|Rotom-Wash|100\/100\n|turn|6\n|c|\u2606Foolish Shogun|i mean you werent shuca so idk if that crit mattered\n|c|\u2606bitiaa|yeah\n|\n|t:|1637568642\n|move|p1a: Garchomp|Stealth Rock|p2a: Rotom\n|-sidestart|p2: bitiaa|move: Stealth Rock\n|move|p2a: Rotom|Will-O-Wisp|p1a: Garchomp\n|-status|p1a: Garchomp|brn\n|\n|-damage|p1a: Garchomp|78\/100 brn|[from] brn\n|upkeep\n|turn|7\n|\n|t:|1637568657\n|move|p1a: Garchomp|Swords Dance|p1a: Garchomp\n|-boost|p1a: Garchomp|atk|2\n|move|p2a: Rotom|Hydro Pump|p1a: Garchomp\n|-damage|p1a: Garchomp|56\/100 brn\n|\n|-damage|p1a: Garchomp|50\/100 brn|[from] brn\n|upkeep\n|turn|8\n|\n|t:|1637568666\n|move|p1a: Garchomp|Dragon Claw|p2a: Rotom\n|-damage|p2a: Rotom|48\/100\n|-damage|p1a: Garchomp|40\/100 brn|[from] item: Life Orb\n|move|p2a: Rotom|Hydro Pump|p1a: Garchomp\n|-damage|p1a: Garchomp|18\/100 brn\n|\n|-heal|p2a: Rotom|54\/100|[from] item: Leftovers\n|-damage|p1a: Garchomp|11\/100 brn|[from] brn\n|upkeep\n|turn|9\n|c|\u2606bitiaa|i think i lost\n|\n|t:|1637568676\n|move|p1a: Garchomp|Dragon Claw|p2a: Rotom\n|-damage|p2a: Rotom|0 fnt\n|faint|p2a: Rotom\n|-damage|p1a: Garchomp|2\/100 brn|[from] item: Life Orb\n|\n|-damage|p1a: Garchomp|0 fnt|[from] brn\n|faint|p1a: Garchomp\n|-sideend|p1: Foolish Shogun|Reflect\n|upkeep\n|\n|t:|1637568685\n|switch|p1a: Azumarill|Azumarill, M|100\/100\n|switch|p2a: Staraptor|Staraptor, F|100\/100\n|-damage|p2a: Staraptor|76\/100|[from] Stealth Rock\n|-damage|p1a: Azumarill|88\/100|[from] Stealth Rock\n|turn|10\n|\n|t:|1637568693\n|move|p1a: Azumarill|Aqua Jet|p2a: Staraptor\n|-damage|p2a: Staraptor|39\/100\n|move|p2a: Staraptor|Brave Bird|p1a: Azumarill\n|-damage|p1a: Azumarill|0 fnt\n|faint|p1a: Azumarill\n|-damage|p2a: Staraptor|6\/100|[from] Recoil\n|\n|-sideend|p1: Foolish Shogun|move: Light Screen\n|upkeep\n|\n|t:|1637568696\n|switch|p1a: Scizor|Scizor, M|100\/100\n|-damage|p1a: Scizor|88\/100|[from] Stealth Rock\n|turn|11\n|\n|t:|1637568700\n|move|p1a: Scizor|Bullet Punch|p2a: Staraptor\n|-damage|p2a: Staraptor|0 fnt\n|faint|p2a: Staraptor\n|-damage|p1a: Scizor|78\/100|[from] item: Life Orb\n|\n|upkeep\n|\n|t:|1637568707\n|switch|p2a: Garchomp|Garchomp, M|100\/100\n|-damage|p2a: Garchomp|94\/100|[from] Stealth Rock\n|turn|12\n|\n|t:|1637568713\n|move|p1a: Scizor|Bullet Punch|p2a: Garchomp\n|-damage|p2a: Garchomp|46\/100\n|-damage|p1a: Scizor|66\/100|[from] ability: Rough Skin|[of] p2a: Garchomp\n|-damage|p1a: Scizor|56\/100|[from] item: Life Orb\n|move|p2a: Garchomp|Earthquake|p1a: Scizor\n|-damage|p1a: Scizor|0 fnt\n|faint|p1a: Scizor\n|\n|upkeep\n|\n|t:|1637568718\n|switch|p1a: Weavile|Weavile, F|100\/100\n|-damage|p1a: Weavile|76\/100|[from] Stealth Rock\n|-ability|p1a: Weavile|Pressure\n|turn|13\n|\n|t:|1637568723\n|move|p1a: Weavile|Ice Punch|p2a: Garchomp\n|-supereffective|p2a: Garchomp\n|-damage|p2a: Garchomp|0 fnt\n|-damage|p1a: Weavile|63\/100|[from] ability: Rough Skin|[of] p2a: Garchomp\n|faint|p2a: Garchomp\n|-damage|p1a: Weavile|53\/100|[from] item: Life Orb\n|\n|upkeep\n|\n|t:|1637568726\n|switch|p2a: Gengar|Gengar, F|100\/100\n|-damage|p2a: Gengar|88\/100|[from] Stealth Rock\n|turn|14\n|\n|t:|1637568732\n|move|p2a: Gengar|Sludge Bomb|p1a: Weavile\n|-damage|p1a: Weavile|0 fnt\n|faint|p1a: Weavile\n|\n|upkeep\n|\n|t:|1637568735\n|switch|p1a: Blaziken|Blaziken, F|100\/100\n|-damage|p1a: Blaziken|88\/100|[from] Stealth Rock\n|turn|15\n|\n|t:|1637568738\n|move|p2a: Gengar|Sludge Bomb|p1a: Blaziken\n|-damage|p1a: Blaziken|5\/100\n|move|p1a: Blaziken|Flare Blitz|p2a: Gengar\n|-damage|p2a: Gengar|0 fnt\n|faint|p2a: Gengar\n|-damage|p1a: Blaziken|0 fnt|[from] Recoil\n|faint|p1a: Blaziken\n|\n|win|Foolish Shogun\n|raw|Foolish Shogun's rating: 1198 &rarr; <strong>1216<\/strong><br \/>(+18 for winning)\n|raw|bitiaa's rating: 1103 &rarr; <strong>1085<\/strong><br \/>(-18 for losing)\n|c|\u2606bitiaa|close game\n|c|\u2606Foolish Shogun|gg\n|c|\u2606bitiaa|gg\n|l|\u2606Foolish Shogun\n|c|\u2606bitiaa|if only i had sludge wave\n","uploadtime":1637568754,"views":16,"p1id":"foolishshogun","p2id":"bitiaa","formatid":"gen8bdspou","rating":1085,"private":0,"password":null}