{"id":"gen8ubers-1622768748","p1":"Raph369","p2":"MiNi Charizard X","format":"gen8ubers","log":"|j|\u2606Raph369\n|j|\u2606MiNi Charizard X\n|t:|1658491674\n|gametype|singles\n|player|p1|Raph369|archer|\n|player|p2|MiNi Charizard X|dawn|\n|teamsize|p1|6\n|teamsize|p2|6\n|gen|8\n|tier|[Gen 8] Ubers\n|rated|Tournament battle\n|rule|Sleep Clause Mod: Limit one foe put to sleep\n|rule|Species Clause: Limit one of each Pok\u00e9mon\n|rule|OHKO Clause: OHKO moves are banned\n|rule|Evasion Moves Clause: Evasion moves are banned\n|rule|Endless Battle Clause: Forcing endless battles is banned\n|rule|HP Percentage Mod: HP is shown in percentages\n|rule|Dynamax Clause: You cannot dynamax\n|clearpoke\n|poke|p1|Darmanitan-Galar, M|\n|poke|p1|Urshifu-*, M|\n|poke|p1|Yveltal|\n|poke|p1|Landorus, M|\n|poke|p1|Palkia|\n|poke|p1|Blissey, F|\n|poke|p2|Mew|\n|poke|p2|Marshadow|\n|poke|p2|Xerneas-*|\n|poke|p2|Eternatus|\n|poke|p2|Necrozma-Dusk-Mane|\n|poke|p2|Yveltal|\n|teampreview\n|c|\u2606MiNi Charizard X|hf\n|c|\u2606Raph369|hf\n|\n|t:|1658491689\n|start\n|switch|p1a: Darmanitan|Darmanitan-Galar, M|100\/100\n|switch|p2a: Mew|Mew|100\/100\n|turn|1\n|\n|t:|1658491695\n|move|p1a: Darmanitan|Icicle Crash|p2a: Mew\n|-damage|p2a: Mew|26\/100\n|move|p2a: Mew|Stealth Rock|p1a: Darmanitan\n|-sidestart|p1: Raph369|move: Stealth Rock\n|\n|upkeep\n|turn|2\n|\n|t:|1658491703\n|move|p1a: Darmanitan|Icicle Crash|p2a: Mew\n|-damage|p2a: Mew|0 fnt\n|faint|p2a: Mew\n|\n|upkeep\n|\n|t:|1658491709\n|switch|p2a: Necrozma|Necrozma-Dusk-Mane|100\/100\n|turn|3\n|\n|t:|1658491716\n|switch|p1a: Yveltal|Yveltal|100\/100\n|-ability|p1a: Yveltal|Dark Aura\n|move|p2a: Necrozma|Sunsteel Strike|p1a: Yveltal\n|-damage|p1a: Yveltal|46\/100\n|\n|upkeep\n|turn|4\n|\n|t:|1658491734\n|move|p1a: Yveltal|Knock Off|p2a: Necrozma\n|-supereffective|p2a: Necrozma\n|-damage|p2a: Necrozma|15\/100\n|-enditem|p2a: Necrozma|Lum Berry|[from] move: Knock Off|[of] p1a: Yveltal\n|move|p2a: Necrozma|Dragon Dance|p2a: Necrozma\n|-boost|p2a: Necrozma|atk|1\n|-boost|p2a: Necrozma|spe|1\n|\n|upkeep\n|turn|5\n|\n|t:|1658491754\n|move|p1a: Yveltal|Sucker Punch|p2a: Necrozma\n|-supereffective|p2a: Necrozma\n|-damage|p2a: Necrozma|0 fnt\n|faint|p2a: Necrozma\n|\n|upkeep\n|\n|t:|1658491763\n|switch|p2a: Xerneas|Xerneas|100\/100\n|-ability|p2a: Xerneas|Fairy Aura\n|turn|6\n|\n|t:|1658491767\n|move|p1a: Yveltal|Knock Off|p2a: Xerneas\n|-resisted|p2a: Xerneas\n|-damage|p2a: Xerneas|70\/100\n|-enditem|p2a: Xerneas|Power Herb|[from] move: Knock Off|[of] p1a: Yveltal\n|move|p2a: Xerneas|Substitute|p2a: Xerneas\n|-start|p2a: Xerneas|Substitute\n|-damage|p2a: Xerneas|45\/100\n|\n|upkeep\n|turn|7\n|\n|t:|1658491775\n|move|p1a: Yveltal|U-turn|p2a: Xerneas\n|-resisted|p2a: Xerneas\n|-activate|p2a: Xerneas|move: Substitute|[damage]\n|\n|t:|1658491777\n|switch|p1a: Blissey|Blissey, F|100\/100|[from]move: U-turn\n|move|p2a: Xerneas|Moonblast|p1a: Blissey\n|-damage|p1a: Blissey|80\/100\n|\n|upkeep\n|turn|8\n|\n|t:|1658491786\n|move|p2a: Xerneas|Moonblast|p1a: Blissey\n|-damage|p1a: Blissey|58\/100\n|move|p1a: Blissey|Seismic Toss|p2a: Xerneas\n|-end|p2a: Xerneas|Substitute\n|\n|upkeep\n|turn|9\n|\n|t:|1658491796\n|switch|p2a: Eternatus|Eternatus|100\/100\n|-ability|p2a: Eternatus|Pressure\n|move|p1a: Blissey|Stealth Rock|p2a: Eternatus\n|-sidestart|p2: MiNi Charizard X|move: Stealth Rock\n|\n|upkeep\n|turn|10\n|\n|t:|1658491801\n|switch|p2a: Marshadow|Marshadow|100\/100\n|-damage|p2a: Marshadow|94\/100|[from] Stealth Rock\n|move|p1a: Blissey|Teleport|p1a: Blissey\n|\n|t:|1658491810\n|switch|p1a: Landorus|Landorus, M|100\/100|[from]move: Teleport\n|-damage|p1a: Landorus|88\/100|[from] Stealth Rock\n|\n|upkeep\n|turn|11\n|j| coucassi\n|\n|t:|1658491818\n|move|p2a: Marshadow|Spectral Thief|p1a: Landorus\n|-damage|p1a: Landorus|21\/100\n|-damage|p2a: Marshadow|84\/100|[from] item: Life Orb\n|move|p1a: Landorus|Earth Power|p2a: Marshadow\n|-damage|p2a: Marshadow|0 fnt\n|faint|p2a: Marshadow\n|\n|upkeep\n|\n|t:|1658491834\n|switch|p2a: Eternatus|Eternatus|100\/100\n|-damage|p2a: Eternatus|88\/100|[from] Stealth Rock\n|-ability|p2a: Eternatus|Pressure\n|turn|12\n|\n|t:|1658491838\n|move|p2a: Eternatus|Dynamax Cannon|p1a: Landorus\n|-damage|p1a: Landorus|0 fnt\n|faint|p1a: Landorus\n|\n|upkeep\n|\n|t:|1658491839\n|switch|p1a: Darmanitan|Darmanitan-Galar, M|100\/100\n|-damage|p1a: Darmanitan|76\/100|[from] Stealth Rock\n|turn|13\n|\n|t:|1658491845\n|move|p1a: Darmanitan|Icicle Crash|p2a: Eternatus\n|-supereffective|p2a: Eternatus\n|-damage|p2a: Eternatus|0 fnt\n|faint|p2a: Eternatus\n|\n|upkeep\n|c|\u2606MiNi Charizard X|gg\n|c|\u2606Raph369|gg\n|\n|t:|1658491851\n|switch|p2a: Yveltal|Yveltal|100\/100\n|-damage|p2a: Yveltal|76\/100|[from] Stealth Rock\n|-ability|p2a: Yveltal|Dark Aura\n|turn|14\n|j|%shrang\n|\n|t:|1658491860\n|move|p2a: Yveltal|Sucker Punch|p1a: Darmanitan\n|-damage|p1a: Darmanitan|0 fnt\n|faint|p1a: Darmanitan\n|\n|upkeep\n|\n|t:|1658491862\n|switch|p1a: Urshifu|Urshifu, M|100\/100\n|-damage|p1a: Urshifu|94\/100|[from] Stealth Rock\n|turn|15\n|\n|t:|1658491867\n|move|p2a: Yveltal|Taunt|p1a: Urshifu\n|-start|p1a: Urshifu|move: Taunt\n|move|p1a: Urshifu|Close Combat|p2a: Yveltal\n|-damage|p2a: Yveltal|0 fnt\n|-unboost|p1a: Urshifu|def|1\n|-unboost|p1a: Urshifu|spd|1\n|faint|p2a: Yveltal\n|\n|upkeep\n|\n|t:|1658491871\n|switch|p2a: Xerneas|Xerneas|45\/100\n|-damage|p2a: Xerneas|33\/100|[from] Stealth Rock\n|-ability|p2a: Xerneas|Fairy Aura\n|turn|16\n|\n|t:|1658491875\n|move|p1a: Urshifu|Close Combat|p2a: Xerneas\n|-resisted|p2a: Xerneas\n|-damage|p2a: Xerneas|0 fnt\n|-unboost|p1a: Urshifu|def|1\n|-unboost|p1a: Urshifu|spd|1\n|faint|p2a: Xerneas\n|\n|win|Raph369\n|n|\u2606Raph369|raph369\n|n|\u2606MiNi Charizard X|minicharizardx\n|n| coucassi|coucassi\n|n| shrang|shrang\n","uploadtime":1658491877,"views":12,"p1id":"raph369","p2id":"minicharizardx","formatid":"gen8ubers","rating":0,"private":0,"password":null}