{"id":"gen8ubers-1124998812","p1":"Blue chen","p2":"Life Orb Lover","format":"gen8ubers","log":"|j|\u2606Blue chen\n|j|\u2606Life Orb Lover\n|player|p1|Blue chen|karen|1616\n|player|p2|Life Orb Lover|170|1516\n|teamsize|p1|6\n|teamsize|p2|6\n|gametype|singles\n|gen|8\n|tier|[Gen 8] Ubers\n|rated|\n|clearpoke\n|poke|p1|Pelipper, M|\n|poke|p1|Drednaw, M|\n|poke|p1|Eternatus|\n|poke|p1|Keldeo-Resolute|\n|poke|p1|Necrozma-Dusk-Mane|\n|poke|p1|Zacian-Crowned|\n|poke|p2|Kyurem-Black|\n|poke|p2|Zacian-Crowned|\n|poke|p2|Ferrothorn, M|\n|poke|p2|Lunala|\n|poke|p2|Necrozma-Dusk-Mane|\n|poke|p2|Mewtwo|\n|rule|Sleep Clause Mod: Limit one foe put to sleep\n|rule|Species Clause: Limit one of each Pok\u00e9mon\n|rule|OHKO Clause: OHKO moves are banned\n|rule|Evasion Moves Clause: Evasion moves are banned\n|rule|Endless Battle Clause: Forcing endless battles is banned\n|rule|HP Percentage Mod: HP is shown in percentages\n|html|Ubers Dynamax Clause: Pok\u00e9mon on the <a href=\"https:\/\/www.smogon.com\/dex\/ss\/formats\/uber\/\">Ubers Dynamax Banlist<\/a> cannot Dynamax.\n|teampreview\n|\n|start\n|switch|p1a: Pelipper|Pelipper, M|100\/100\n|switch|p2a: Kyurem|Kyurem-Black, shiny|100\/100\n|-ability|p2a: Kyurem|Teravolt\n|-weather|RainDance|[from] ability: Drizzle|[of] p1a: Pelipper\n|turn|1\n|\n|move|p2a: Kyurem|Fusion Bolt|p1a: Pelipper\n|-supereffective|p1a: Pelipper\n|-damage|p1a: Pelipper|0 fnt\n|-damage|p2a: Kyurem|91\/100|[from] item: Life Orb\n|faint|p1a: Pelipper\n|\n|-weather|RainDance|[upkeep]\n|upkeep\n|\n|switch|p1a: Drednaw|Drednaw, M|100\/100\n|turn|2\n|\n|-start|p1a: Drednaw|Dynamax\n|-formechange|p1a: Drednaw|Drednaw-Gmax\n|-heal|p1a: Drednaw|100\/100|[silent]\n|-start|p2a: Kyurem|Dynamax\n|-heal|p2a: Kyurem|91\/100|[silent]\n|move|p1a: Drednaw|Max Wyrmwind|p2a: Kyurem\n|-supereffective|p2a: Kyurem\n|-damage|p2a: Kyurem|58\/100\n|-unboost|p2a: Kyurem|atk|1\n|-damage|p1a: Drednaw|96\/100|[from] item: Life Orb\n|move|p2a: Kyurem|Max Lightning|p1a: Drednaw\n|-supereffective|p1a: Drednaw\n|-damage|p1a: Drednaw|34\/100\n|-fieldstart|move: Electric Terrain\n|-damage|p2a: Kyurem|53\/100|[from] item: Life Orb\n|\n|-weather|RainDance|[upkeep]\n|upkeep\n|turn|3\n|\n|move|p2a: Kyurem|Max Guard|p2a: Kyurem\n|-singleturn|p2a: Kyurem|Max Guard\n|move|p1a: Drednaw|G-Max Stonesurge|p2a: Kyurem\n|-activate|p2a: Kyurem|move: Max Guard\n|\n|-weather|RainDance|[upkeep]\n|upkeep\n|turn|4\n|\n|-end|p2a: Kyurem|Dynamax\n|-heal|p2a: Kyurem|53\/100|[silent]\n|switch|p2a: Ferrothorn|Ferrothorn, M, shiny|100\/100\n|move|p1a: Drednaw|G-Max Stonesurge|p2a: Ferrothorn\n|-resisted|p2a: Ferrothorn\n|-damage|p2a: Ferrothorn|64\/100\n|-sidestart|p2: Life Orb Lover|move: Stealth Rock\n|-damage|p1a: Drednaw|29\/100|[from] item: Life Orb\n|\n|-weather|RainDance|[upkeep]\n|-end|p1a: Drednaw|Dynamax\n|-formechange|p1a: Drednaw|Drednaw\n|-heal|p1a: Drednaw|29\/100|[silent]\n|upkeep\n|turn|5\n|\n|move|p1a: Drednaw|Superpower|p2a: Ferrothorn\n|-supereffective|p2a: Ferrothorn\n|-damage|p2a: Ferrothorn|11\/100\n|-unboost|p1a: Drednaw|atk|1\n|-unboost|p1a: Drednaw|def|1\n|-damage|p1a: Drednaw|17\/100|[from] ability: Iron Barbs|[of] p2a: Ferrothorn\n|-damage|p1a: Drednaw|0 fnt|[from] item: Rocky Helmet|[of] p2a: Ferrothorn\n|faint|p1a: Drednaw\n|move|p2a: Ferrothorn|Leech Seed|p1: Drednaw|[notarget]\n|-fail|p2a: Ferrothorn\n|\n|-weather|RainDance|[upkeep]\n|upkeep\n|\n|switch|p1a: Keldeo|Keldeo-Resolute|100\/100\n|turn|6\n|\n|switch|p2a: Lunala|Lunala|100\/100\n|move|p1a: Keldeo|Substitute|p1a: Keldeo\n|-start|p1a: Keldeo|Substitute\n|-damage|p1a: Keldeo|75\/100\n|\n|-weather|RainDance|[upkeep]\n|-heal|p1a: Keldeo|82\/100|[from] item: Leftovers\n|-fieldend|move: Electric Terrain\n|upkeep\n|turn|7\n|\n|move|p1a: Keldeo|Calm Mind|p1a: Keldeo\n|-boost|p1a: Keldeo|spa|1\n|-boost|p1a: Keldeo|spd|1\n|move|p2a: Lunala|Defog|p1a: Keldeo\n|-sideend|p2: Life Orb Lover|Stealth Rock|[from] move: Defog|[of] p2a: Lunala\n|\n|-weather|RainDance|[upkeep]\n|-heal|p1a: Keldeo|88\/100|[from] item: Leftovers\n|upkeep\n|turn|8\n|\n|move|p1a: Keldeo|Scald|p2a: Lunala\n|-damage|p2a: Lunala|67\/100\n|move|p2a: Lunala|Moongeist Beam|p1a: Keldeo\n|-end|p1a: Keldeo|Substitute\n|\n|-weather|none\n|-heal|p1a: Keldeo|94\/100|[from] item: Leftovers\n|upkeep\n|turn|9\n|\n|switch|p2a: Mewtwo|Mewtwo|100\/100\n|-ability|p2a: Mewtwo|Unnerve|p1: Blue chen\n|move|p1a: Keldeo|Scald|p2a: Mewtwo\n|-damage|p2a: Mewtwo|37\/100\n|-status|p2a: Mewtwo|brn\n|\n|-heal|p1a: Keldeo|99\/100|[from] item: Leftovers\n|-damage|p2a: Mewtwo|30\/100 brn|[from] brn\n|upkeep\n|turn|10\n|\n|switch|p1a: Zacian|Zacian-Crowned|100\/100\n|-ability|p1a: Zacian|Intrepid Sword|boost\n|-boost|p1a: Zacian|atk|1\n|move|p2a: Mewtwo|Psystrike|p1a: Zacian\n|-resisted|p1a: Zacian\n|-damage|p1a: Zacian|70\/100\n|\n|-damage|p2a: Mewtwo|24\/100 brn|[from] brn\n|upkeep\n|turn|11\n|\n|switch|p2a: Ferrothorn|Ferrothorn, M, shiny|11\/100\n|move|p1a: Zacian|Behemoth Blade|p2a: Ferrothorn\n|-resisted|p2a: Ferrothorn\n|-crit|p2a: Ferrothorn\n|-damage|p2a: Ferrothorn|0 fnt\n|-damage|p1a: Zacian|58\/100|[from] ability: Iron Barbs|[of] p2a: Ferrothorn\n|-damage|p1a: Zacian|41\/100|[from] item: Rocky Helmet|[of] p2a: Ferrothorn\n|faint|p2a: Ferrothorn\n|\n|upkeep\n|\n|switch|p2a: Necrozma|Necrozma-Dusk-Mane|100\/100\n|turn|12\n|\n|move|p1a: Zacian|Sacred Sword|p2a: Necrozma\n|-damage|p2a: Necrozma|72\/100\n|move|p2a: Necrozma|Earthquake|p1a: Zacian\n|-supereffective|p1a: Zacian\n|-damage|p1a: Zacian|0 fnt\n|faint|p1a: Zacian\n|\n|-heal|p2a: Necrozma|78\/100|[from] item: Leftovers\n|upkeep\n|\n|switch|p1a: Necrozma|Necrozma-Dusk-Mane|100\/100\n|turn|13\n|\n|switch|p2a: Lunala|Lunala|67\/100\n|move|p1a: Necrozma|Thunder Wave|p2a: Lunala\n|-status|p2a: Lunala|par\n|\n|upkeep\n|turn|14\n|\n|move|p1a: Necrozma|Knock Off|p2a: Lunala\n|-supereffective|p2a: Lunala\n|-damage|p2a: Lunala|0 fnt\n|-enditem|p2a: Lunala|Heavy-Duty Boots|[from] move: Knock Off|[of] p1a: Necrozma\n|faint|p2a: Lunala\n|\n|upkeep\n|\n|switch|p2a: Kyurem|Kyurem-Black, shiny|53\/100\n|-ability|p2a: Kyurem|Teravolt\n|turn|15\n|\n|move|p2a: Kyurem|Shadow Claw|p1a: Necrozma\n|-supereffective|p1a: Necrozma\n|-damage|p1a: Necrozma|68\/100\n|-damage|p2a: Kyurem|43\/100|[from] item: Life Orb\n|move|p1a: Necrozma|Sunsteel Strike|p2a: Kyurem\n|-supereffective|p2a: Kyurem\n|-damage|p2a: Kyurem|0 fnt\n|faint|p2a: Kyurem\n|\n|-heal|p1a: Necrozma|74\/100|[from] item: Leftovers\n|upkeep\n|\n|switch|p2a: Zacian|Zacian-Crowned|100\/100\n|-ability|p2a: Zacian|Intrepid Sword|boost\n|-boost|p2a: Zacian|atk|1\n|turn|16\n|\n|move|p2a: Zacian|Swords Dance|p2a: Zacian\n|-boost|p2a: Zacian|atk|2\n|move|p1a: Necrozma|Thunder Wave|p2a: Zacian|[miss]\n|-miss|p1a: Necrozma|p2a: Zacian\n|\n|-heal|p1a: Necrozma|80\/100|[from] item: Leftovers\n|upkeep\n|turn|17\n|\n|move|p2a: Zacian|Crunch|p1a: Necrozma\n|-supereffective|p1a: Necrozma\n|-damage|p1a: Necrozma|13\/100\n|move|p1a: Necrozma|Thunder Wave|p2a: Zacian\n|-status|p2a: Zacian|par\n|\n|-heal|p1a: Necrozma|19\/100|[from] item: Leftovers\n|upkeep\n|turn|18\n|\n|move|p2a: Zacian|Crunch|p1a: Necrozma\n|-supereffective|p1a: Necrozma\n|-damage|p1a: Necrozma|0 fnt\n|faint|p1a: Necrozma\n|\n|upkeep\n|\n|switch|p1a: Eternatus|Eternatus|100\/100\n|-ability|p1a: Eternatus|Pressure\n|turn|19\n|\n|move|p1a: Eternatus|Substitute|p1a: Eternatus\n|-start|p1a: Eternatus|Substitute\n|-damage|p1a: Eternatus|76\/100\n|cant|p2a: Zacian|par\n|\n|-heal|p1a: Eternatus|82\/100|[from] item: Black Sludge\n|upkeep\n|turn|20\n|\n|move|p1a: Eternatus|Flamethrower|p2a: Zacian\n|-supereffective|p2a: Zacian\n|-damage|p2a: Zacian|41\/100 par\n|cant|p2a: Zacian|par\n|\n|-heal|p1a: Eternatus|88\/100|[from] item: Black Sludge\n|upkeep\n|turn|21\n|\n|move|p1a: Eternatus|Flamethrower|p2a: Zacian\n|-supereffective|p2a: Zacian\n|-damage|p2a: Zacian|0 fnt\n|faint|p2a: Zacian\n|\n|-heal|p1a: Eternatus|94\/100|[from] item: Black Sludge\n|upkeep\n|\n|switch|p2a: Necrozma|Necrozma-Dusk-Mane|78\/100\n|turn|22\n|\n|move|p1a: Eternatus|Flamethrower|p2a: Necrozma\n|-supereffective|p2a: Necrozma\n|-damage|p2a: Necrozma|36\/100\n|move|p2a: Necrozma|Earthquake|p1a: Eternatus\n|-supereffective|p1a: Eternatus\n|-end|p1a: Eternatus|Substitute\n|\n|-heal|p1a: Eternatus|99\/100|[from] item: Black Sludge\n|-heal|p2a: Necrozma|42\/100|[from] item: Leftovers\n|upkeep\n|turn|23\n|\n|move|p1a: Eternatus|Flamethrower|p2a: Necrozma\n|-supereffective|p2a: Necrozma\n|-damage|p2a: Necrozma|3\/100\n|move|p2a: Necrozma|Earthquake|p1a: Eternatus\n|-supereffective|p1a: Eternatus\n|-damage|p1a: Eternatus|43\/100\n|\n|-heal|p1a: Eternatus|50\/100|[from] item: Black Sludge\n|-heal|p2a: Necrozma|9\/100|[from] item: Leftovers\n|upkeep\n|turn|24\n|\n|move|p1a: Eternatus|Flamethrower|p2a: Necrozma\n|-supereffective|p2a: Necrozma\n|-crit|p2a: Necrozma\n|-damage|p2a: Necrozma|0 fnt\n|faint|p2a: Necrozma\n|\n|-heal|p1a: Eternatus|56\/100|[from] item: Black Sludge\n|upkeep\n|\n|switch|p2a: Mewtwo|Mewtwo|24\/100 brn\n|-ability|p2a: Mewtwo|Unnerve|p1: Blue chen\n|turn|25\n|\n|move|p2a: Mewtwo|Psystrike|p1a: Eternatus\n|-supereffective|p1a: Eternatus\n|-damage|p1a: Eternatus|0 fnt\n|faint|p1a: Eternatus\n|\n|-damage|p2a: Mewtwo|18\/100 brn|[from] brn\n|upkeep\n|\n|switch|p1a: Keldeo|Keldeo-Resolute|99\/100\n|turn|26\n|\n|move|p2a: Mewtwo|Psystrike|p1a: Keldeo\n|-supereffective|p1a: Keldeo\n|-damage|p1a: Keldeo|0 fnt\n|faint|p1a: Keldeo\n|\n|win|Life Orb Lover\n|l|\u2606Blue chen\n|c|\u2606Life Orb Lover|gg\n||Ladder (probably) updated, but score could not be retrieved (Response not received).\n","uploadtime":1591039723,"views":17,"p1id":"bluechen","p2id":"lifeorblover","formatid":"gen8ubers","rating":0,"private":0,"password":null}