{"id":"gen8ou-1592653079","p1":"olisosig","p2":"drop a baby","format":"gen8ou","log":"|j|\u2606olisosig\n|j|\u2606drop a baby\n|t:|1654788418\n|gametype|singles\n|player|p1|olisosig|102|1460\n|player|p2|drop a baby|lady|1470\n|teamsize|p1|6\n|teamsize|p2|6\n|gen|8\n|tier|[Gen 8] OU\n|rated|\n|rule|Sleep Clause Mod: Limit one foe put to sleep\n|rule|Species Clause: Limit one of each Pok\u00e9mon\n|rule|OHKO Clause: OHKO moves are banned\n|rule|Evasion Moves Clause: Evasion moves are banned\n|rule|Endless Battle Clause: Forcing endless battles is banned\n|rule|HP Percentage Mod: HP is shown in percentages\n|rule|Dynamax Clause: You cannot dynamax\n|clearpoke\n|poke|p1|Garchomp, F|\n|poke|p1|Tangrowth, M|\n|poke|p1|Nihilego|\n|poke|p1|Rotom-Heat|\n|poke|p1|Corviknight, M|\n|poke|p1|Clefable, M|\n|poke|p2|Tangrowth, F|\n|poke|p2|Toxapex, M|\n|poke|p2|Gastrodon, M|\n|poke|p2|Corviknight, F|\n|poke|p2|Blissey, F|\n|poke|p2|Jirachi|\n|teampreview\n|\n|t:|1654788441\n|start\n|switch|p1a: Tangrowth|Tangrowth, M|100\/100\n|switch|p2a: FUCK TAUNT|Blissey, F|100\/100\n|turn|1\n|inactive|Battle timer is ON: inactive players will automatically lose when time's up. (requested by drop a baby)\n|\n|t:|1654788449\n|switch|p1a: Corviknight|Corviknight, M|100\/100\n|-ability|p1a: Corviknight|Pressure\n|move|p2a: FUCK TAUNT|Stealth Rock|p1a: Corviknight\n|-sidestart|p1: olisosig|move: Stealth Rock\n|\n|upkeep\n|turn|2\n|\n|t:|1654788452\n|move|p1a: Corviknight|Defog|p2a: FUCK TAUNT\n|-unboost|p2a: FUCK TAUNT|evasion|1\n|-sideend|p1: olisosig|Stealth Rock|[from] move: Defog|[of] p1a: Corviknight\n|move|p2a: FUCK TAUNT|Teleport|p2a: FUCK TAUNT\n|\n|t:|1654788459\n|switch|p2a: Spaghetti|Tangrowth, F|100\/100|[from]move: Teleport\n|\n|upkeep\n|turn|3\n|\n|t:|1654788463\n|move|p1a: Corviknight|U-turn|p2a: Spaghetti\n|-supereffective|p2a: Spaghetti\n|-damage|p2a: Spaghetti|84\/100\n|-damage|p1a: Corviknight|84\/100|[from] item: Rocky Helmet|[of] p2a: Spaghetti\n|\n|t:|1654788466\n|switch|p1a: Tangrowth|Tangrowth, M|100\/100|[from]move: U-turn\n|move|p2a: Spaghetti|Knock Off|p1a: Tangrowth\n|-damage|p1a: Tangrowth|84\/100\n|-enditem|p1a: Tangrowth|Life Orb|[from] move: Knock Off|[of] p2a: Spaghetti\n|\n|upkeep\n|turn|4\n|\n|t:|1654788472\n|move|p1a: Tangrowth|Sludge Bomb|p2a: Spaghetti\n|-supereffective|p2a: Spaghetti\n|-crit|p2a: Spaghetti\n|-damage|p2a: Spaghetti|0 fnt\n|faint|p2a: Spaghetti\n|\n|upkeep\n|\n|t:|1654788477\n|switch|p2a: Also pink blob|Gastrodon, M|100\/100\n|turn|5\n|\n|t:|1654788481\n|switch|p2a: FUCK TAUNT|Blissey, F|100\/100\n|move|p1a: Tangrowth|Leaf Storm|p2a: FUCK TAUNT\n|-damage|p2a: FUCK TAUNT|76\/100\n|-unboost|p1a: Tangrowth|spa|2\n|\n|upkeep\n|turn|6\n|\n|t:|1654788487\n|switch|p1a: Corviknight|Corviknight, M|84\/100\n|-ability|p1a: Corviknight|Pressure\n|move|p2a: FUCK TAUNT|Stealth Rock|p1a: Corviknight\n|-sidestart|p1: olisosig|move: Stealth Rock\n|\n|-heal|p1a: Corviknight|90\/100|[from] item: Leftovers\n|upkeep\n|turn|7\n|\n|t:|1654788491\n|move|p1a: Corviknight|Defog|p2a: FUCK TAUNT\n|-unboost|p2a: FUCK TAUNT|evasion|1\n|-sideend|p1: olisosig|Stealth Rock|[from] move: Defog|[of] p1a: Corviknight\n|move|p2a: FUCK TAUNT|Teleport|p2a: FUCK TAUNT\n|\n|t:|1654788495\n|switch|p2a: #T?rfgfhmghm|Corviknight, F|100\/100|[from]move: Teleport\n|-ability|p2a: #T?rfgfhmghm|Pressure\n|\n|-heal|p1a: Corviknight|96\/100|[from] item: Leftovers\n|upkeep\n|turn|8\n|\n|t:|1654788506\n|move|p1a: Corviknight|U-turn|p2a: #T?rfgfhmghm\n|-resisted|p2a: #T?rfgfhmghm\n|-damage|p2a: #T?rfgfhmghm|98\/100\n|\n|t:|1654788510\n|switch|p1a: Rotom|Rotom-Heat|100\/100|[from]move: U-turn\n|move|p2a: #T?rfgfhmghm|Iron Defense|p2a: #T?rfgfhmghm\n|-boost|p2a: #T?rfgfhmghm|def|2\n|\n|-heal|p2a: #T?rfgfhmghm|100\/100|[from] item: Leftovers\n|upkeep\n|turn|9\n|\n|t:|1654788517\n|switch|p2a: Also pink blob|Gastrodon, M|100\/100\n|move|p1a: Rotom|Overheat|p2a: Also pink blob\n|-resisted|p2a: Also pink blob\n|-damage|p2a: Also pink blob|80\/100\n|-unboost|p1a: Rotom|spa|2\n|\n|-heal|p2a: Also pink blob|86\/100|[from] item: Leftovers\n|upkeep\n|turn|10\n|\n|t:|1654788528\n|switch|p1a: Tangrowth|Tangrowth, M|100\/100\n|move|p2a: Also pink blob|Toxic|p1a: Tangrowth\n|-status|p1a: Tangrowth|tox\n|\n|-heal|p2a: Also pink blob|93\/100|[from] item: Leftovers\n|-damage|p1a: Tangrowth|94\/100 tox|[from] psn\n|upkeep\n|turn|11\n|\n|t:|1654788532\n|switch|p2a: FUCK TAUNT|Blissey, F|76\/100\n|move|p1a: Tangrowth|Focus Blast|p2a: FUCK TAUNT\n|-supereffective|p2a: FUCK TAUNT\n|-damage|p2a: FUCK TAUNT|44\/100\n|\n|-damage|p1a: Tangrowth|82\/100 tox|[from] psn\n|upkeep\n|turn|12\n|\n|t:|1654788537\n|switch|p1a: Garchomp|Garchomp, F|100\/100\n|move|p2a: FUCK TAUNT|Soft-Boiled|p2a: FUCK TAUNT\n|-heal|p2a: FUCK TAUNT|94\/100\n|\n|upkeep\n|turn|13\n|\n|t:|1654788539\n|switch|p2a: #T?rfgfhmghm|Corviknight, F|100\/100\n|-ability|p2a: #T?rfgfhmghm|Pressure\n|move|p1a: Garchomp|Substitute|p1a: Garchomp\n|-start|p1a: Garchomp|Substitute\n|-damage|p1a: Garchomp|76\/100\n|\n|upkeep\n|turn|14\n|\n|t:|1654788549\n|switch|p1a: Rotom|Rotom-Heat|100\/100\n|move|p2a: #T?rfgfhmghm|Iron Defense|p2a: #T?rfgfhmghm\n|-boost|p2a: #T?rfgfhmghm|def|2\n|\n|upkeep\n|turn|15\n|\n|t:|1654788553\n|switch|p2a: Also pink blob|Gastrodon, M|93\/100\n|move|p1a: Rotom|Volt Switch|p2a: Also pink blob\n|-immune|p2a: Also pink blob\n|\n|-heal|p2a: Also pink blob|99\/100|[from] item: Leftovers\n|upkeep\n|turn|16\n|\n|t:|1654788560\n|switch|p1a: Clefable|Clefable, M|100\/100\n|move|p2a: Also pink blob|Scald|p1a: Clefable\n|-damage|p1a: Clefable|72\/100\n|\n|-heal|p2a: Also pink blob|100\/100|[from] item: Leftovers\n|upkeep\n|turn|17\n|\n|t:|1654788562\n|move|p1a: Clefable|Stealth Rock|p2a: Also pink blob\n|-sidestart|p2: drop a baby|move: Stealth Rock\n|move|p2a: Also pink blob|Toxic|p1a: Clefable\n|-status|p1a: Clefable|tox\n|\n|upkeep\n|turn|18\n|\n|t:|1654788567\n|switch|p2a: #T?rfgfhmghm|Corviknight, F|100\/100\n|-damage|p2a: #T?rfgfhmghm|88\/100|[from] Stealth Rock\n|-ability|p2a: #T?rfgfhmghm|Pressure\n|move|p1a: Clefable|Moonblast|p2a: #T?rfgfhmghm\n|-resisted|p2a: #T?rfgfhmghm\n|-damage|p2a: #T?rfgfhmghm|64\/100\n|\n|-heal|p2a: #T?rfgfhmghm|70\/100|[from] item: Leftovers\n|upkeep\n|turn|19\n|\n|t:|1654788571\n|move|p1a: Clefable|Fire Blast|p2a: #T?rfgfhmghm\n|-supereffective|p2a: #T?rfgfhmghm\n|-damage|p2a: #T?rfgfhmghm|0 fnt\n|faint|p2a: #T?rfgfhmghm\n|\n|upkeep\n|\n|t:|1654788577\n|switch|p2a: Lele broken man|Jirachi|100\/100\n|-damage|p2a: Lele broken man|94\/100|[from] Stealth Rock\n|turn|20\n|\n|t:|1654788581\n|switch|p1a: Rotom|Rotom-Heat|100\/100\n|move|p2a: Lele broken man|Iron Head|p1a: Rotom\n|-resisted|p1a: Rotom\n|-damage|p1a: Rotom|91\/100\n|\n|-heal|p2a: Lele broken man|100\/100|[from] item: Leftovers\n|upkeep\n|turn|21\n|\n|t:|1654788584\n|move|p1a: Rotom|Overheat|p2a: Lele broken man\n|-supereffective|p2a: Lele broken man\n|-damage|p2a: Lele broken man|21\/100\n|-unboost|p1a: Rotom|spa|2\n|move|p2a: Lele broken man|Iron Head|p1a: Rotom\n|-resisted|p1a: Rotom\n|-damage|p1a: Rotom|83\/100\n|\n|-heal|p2a: Lele broken man|27\/100|[from] item: Leftovers\n|upkeep\n|turn|22\n|\n|t:|1654788587\n|move|p2a: Lele broken man|Protect|p2a: Lele broken man\n|-singleturn|p2a: Lele broken man|Protect\n|move|p1a: Rotom|Nasty Plot|p1a: Rotom\n|-boost|p1a: Rotom|spa|2\n|\n|-heal|p2a: Lele broken man|34\/100|[from] item: Leftovers\n|upkeep\n|turn|23\n|\n|t:|1654788590\n|move|p1a: Rotom|Overheat|p2a: Lele broken man\n|-supereffective|p2a: Lele broken man\n|-damage|p2a: Lele broken man|0 fnt\n|-unboost|p1a: Rotom|spa|2\n|faint|p2a: Lele broken man\n|\n|upkeep\n|-message|drop a baby forfeited.\n|\n|win|olisosig\n|raw|olisosig's rating: 1460 &rarr; <strong>1481<\/strong><br \/>(+21 for winning)\n|raw|drop a baby's rating: 1470 &rarr; <strong>1449<\/strong><br \/>(-21 for losing)\n|l|\u2606drop a baby\n","uploadtime":1654788620,"views":60,"p1id":"olisosig","p2id":"dropababy","formatid":"gen8ou","rating":1449,"private":0,"password":null}