{"id":"gen8nationaldexag-1661671964","p1":"Rocker19304","p2":"Elon Musk Rusk","format":"gen8nationaldexag","log":"|j|\u2606Rocker19304\n|j|\u2606Elon Musk Rusk\n|t:|1662912264\n|gametype|singles\n|player|p1|Rocker19304|170|\n|player|p2|Elon Musk Rusk|102|\n|teamsize|p1|6\n|teamsize|p2|6\n|gen|8\n|tier|[Gen 8] National Dex AG\n|rule|HP Percentage Mod: HP is shown in percentages\n|rule|Endless Battle Clause: Forcing endless battles is banned\n|clearpoke\n|poke|p1|Cinderace, F|\n|poke|p1|Galvantula, F|\n|poke|p1|Swampert, M|\n|poke|p1|Aegislash, M|\n|poke|p1|Tapu Lele|\n|poke|p1|Crobat, F|\n|poke|p2|Talonflame, M|\n|poke|p2|Metagross|\n|poke|p2|Porygon2|\n|poke|p2|Hydreigon, F|\n|poke|p2|Shaymin|\n|poke|p2|Piloswine, F|\n|teampreview\n|\n|t:|1662912293\n|start\n|switch|p1a: Galvantula|Galvantula, F, shiny|100\/100\n|switch|p2a: Talonflame|Talonflame, M|100\/100\n|turn|1\n|\n|t:|1662912303\n|move|p1a: Galvantula|Thunder|p2a: Talonflame\n|-supereffective|p2a: Talonflame\n|-damage|p2a: Talonflame|0 fnt\n|faint|p2a: Talonflame\n|\n|upkeep\n|\n|t:|1662912310\n|switch|p2a: Piloswine|Piloswine, F|100\/100\n|turn|2\n|\n|t:|1662912317\n|switch|p1a: Crobat|Crobat, F, shiny|100\/100\n|move|p2a: Piloswine|Stealth Rock|p1a: Crobat\n|-sidestart|p1: Rocker19304|move: Stealth Rock\n|\n|upkeep\n|turn|3\n|\n|t:|1662912324\n|move|p1a: Crobat|Cross Poison|p2a: Piloswine\n|-resisted|p2a: Piloswine\n|-damage|p2a: Piloswine|93\/100\n|move|p2a: Piloswine|Icicle Crash|p1a: Crobat\n|-supereffective|p1a: Crobat\n|-damage|p1a: Crobat|0 fnt\n|faint|p1a: Crobat\n|\n|upkeep\n|\n|t:|1662912334\n|switch|p1a: Cinderace|Cinderace, F, shiny|100\/100\n|turn|4\n|\n|t:|1662912341\n|move|p1a: Cinderace|Pyro Ball|p2a: Piloswine\n|-supereffective|p2a: Piloswine\n|-damage|p2a: Piloswine|55\/100\n|move|p2a: Piloswine|Earthquake|p1a: Cinderace\n|-supereffective|p1a: Cinderace\n|-damage|p1a: Cinderace|0 fnt\n|faint|p1a: Cinderace\n|\n|upkeep\n|c|\u2606Rocker19304|Huh\n|c|\u2606Elon Musk Rusk|!dt Thick Fay\nNo Pok\u00e9mon, item, move, ability or nature named 'Thick Fay' was found. Showing the data of 'Thick Fat' instead.\n|raw|<ul class=\"utilichart\"><li class=\"result\"><span class=\"col namecol\"><a href=\"https:\/\/dex.pokemonshowdown.com\/abilities\/thickfat\">Thick Fat<\/a><\/span> <span class=\"col abilitydesccol\">Fire\/Ice-type moves against this Pokemon deal damage with a halved attacking stat.<\/span> <\/li><li style=\"clear:both\"><\/li><\/ul>\n|raw|<font size=\"1\"><font color=\"#686868\">Gen:<\/font> 3&nbsp;|&ThickSpace;&#10003; Ignored by Mold Breaker<\/font>\n\n|c|\u2606Elon Musk Rusk|:)\n|c|\u2606Rocker19304|Guess I should've calced piloswine\n|c|\u2606Elon Musk Rusk|!dt Thick Fat\n|raw|<ul class=\"utilichart\"><li class=\"result\"><span class=\"col namecol\"><a href=\"https:\/\/dex.pokemonshowdown.com\/abilities\/thickfat\">Thick Fat<\/a><\/span> <span class=\"col abilitydesccol\">Fire\/Ice-type moves against this Pokemon deal damage with a halved attacking stat.<\/span> <\/li><li style=\"clear:both\"><\/li><\/ul>\n|raw|<font size=\"1\"><font color=\"#686868\">Gen:<\/font> 3&nbsp;|&ThickSpace;&#10003; Ignored by Mold Breaker<\/font>\n\n|c|\u2606Rocker19304|I forgot it was thick fat\n|c|\u2606Rocker19304|I'm so dumb\n|c|\u2606Elon Musk Rusk|happens mate\n|\n|t:|1662912404\n|switch|p1a: Tapu Lele|Tapu Lele, shiny|100\/100\n|-damage|p1a: Tapu Lele|88\/100|[from] Stealth Rock\n|-fieldstart|move: Psychic Terrain|[from] ability: Psychic Surge|[of] p1a: Tapu Lele\n|turn|5\n|\n|t:|1662912413\n|switch|p2a: Porygon2|Porygon2|100\/100\n|-ability|p2a: Porygon2|Download|boost\n|-boost|p2a: Porygon2|atk|1\n|move|p1a: Tapu Lele|Moonblast|p2a: Porygon2\n|-damage|p2a: Porygon2|79\/100\n|-unboost|p2a: Porygon2|spa|1\n|\n|upkeep\n|turn|6\n|\n|t:|1662912426\n|switch|p1a: Swampert|Swampert, M, shiny|100\/100\n|-damage|p1a: Swampert|94\/100|[from] Stealth Rock\n|move|p2a: Porygon2|Shadow Ball|p1a: Swampert\n|-damage|p1a: Swampert|83\/100\n|\n|-heal|p1a: Swampert|90\/100|[from] item: Leftovers\n|upkeep\n|turn|7\n|\n|t:|1662912440\n|switch|p2a: Shaymin|Shaymin|100\/100\n|move|p1a: Swampert|Stealth Rock|p2a: Shaymin\n|-sidestart|p2: Elon Musk Rusk|move: Stealth Rock\n|\n|-heal|p1a: Swampert|96\/100|[from] item: Leftovers\n|upkeep\n|turn|8\n|\n|t:|1662912449\n|switch|p1a: Aegislash|Aegislash, M, shiny|100\/100\n|-damage|p1a: Aegislash|94\/100|[from] Stealth Rock\n|move|p2a: Shaymin|Seed Flare|p1a: Aegislash\n|-resisted|p1a: Aegislash\n|-damage|p1a: Aegislash|72\/100\n|-unboost|p1a: Aegislash|spd|2\n|\n|-heal|p1a: Aegislash|79\/100|[from] item: Leftovers\n|upkeep\n|turn|9\n|\n|t:|1662912461\n|switch|p2a: Hydreigon|Hydreigon, F|100\/100\n|-damage|p2a: Hydreigon|88\/100|[from] Stealth Rock\n|move|p1a: Aegislash|Swords Dance|p1a: Aegislash\n|-boost|p1a: Aegislash|atk|2\n|\n|-heal|p1a: Aegislash|85\/100|[from] item: Leftovers\n|-fieldend|move: Psychic Terrain\n|upkeep\n|turn|10\n|\n|t:|1662912475\n|move|p1a: Aegislash|King's Shield|p1a: Aegislash\n|-singleturn|p1a: Aegislash|Protect\n|move|p2a: Hydreigon|Dark Pulse|p1a: Aegislash\n|-activate|p1a: Aegislash|move: Protect\n|\n|-heal|p1a: Aegislash|91\/100|[from] item: Leftovers\n|upkeep\n|turn|11\n|\n|t:|1662912488\n|switch|p1a: Swampert|Swampert, M, shiny|96\/100\n|-damage|p1a: Swampert|90\/100|[from] Stealth Rock\n|move|p2a: Hydreigon|Dark Pulse|p1a: Swampert\n|-damage|p1a: Swampert|55\/100\n|\n|-heal|p1a: Swampert|61\/100|[from] item: Leftovers\n|upkeep\n|turn|12\n|\n|t:|1662912499\n|move|p2a: Hydreigon|Draco Meteor|p1a: Swampert\n|-damage|p1a: Swampert|0 fnt\n|-unboost|p2a: Hydreigon|spa|2\n|faint|p1a: Swampert\n|\n|upkeep\n|\n|t:|1662912505\n|switch|p1a: Tapu Lele|Tapu Lele, shiny|88\/100\n|-damage|p1a: Tapu Lele|76\/100|[from] Stealth Rock\n|-fieldstart|move: Psychic Terrain|[from] ability: Psychic Surge|[of] p1a: Tapu Lele\n|turn|13\n|\n|t:|1662912525\n|switch|p2a: Metagross|Metagross|100\/100\n|-damage|p2a: Metagross|95\/100|[from] Stealth Rock\n|move|p1a: Tapu Lele|Moonblast|p2a: Metagross\n|-resisted|p2a: Metagross\n|-damage|p2a: Metagross|64\/100\n|\n|upkeep\n|turn|14\n|\n|t:|1662912538\n|switch|p1a: Aegislash|Aegislash, M, shiny|91\/100\n|-damage|p1a: Aegislash|85\/100|[from] Stealth Rock\n|detailschange|p2a: Metagross|Metagross-Mega\n|-mega|p2a: Metagross|Metagross|Metagrossite\n|move|p2a: Metagross|Earthquake|p1a: Aegislash\n|-supereffective|p1a: Aegislash\n|-damage|p1a: Aegislash|29\/100\n|\n|-heal|p1a: Aegislash|35\/100|[from] item: Leftovers\n|upkeep\n|turn|15\n|\n|t:|1662912549\n|-formechange|p1a: Aegislash|Aegislash-Blade||[from] ability: Stance Change\n|move|p1a: Aegislash|Shadow Sneak|p2a: Metagross\n|-activate|p2a: Metagross|move: Psychic Terrain\n|move|p2a: Metagross|Earthquake|p1a: Aegislash\n|-supereffective|p1a: Aegislash\n|-damage|p1a: Aegislash|0 fnt\n|faint|p1a: Aegislash\n|\n|upkeep\n|c|\u2606Rocker19304|What am I doing\n|c|\u2606Rocker19304|:facepalm:\n|c|\u2606Elon Musk Rusk|What I do the most\n|\n|t:|1662912571\n|switch|p1a: Tapu Lele|Tapu Lele, shiny|76\/100\n|-damage|p1a: Tapu Lele|63\/100|[from] Stealth Rock\n|turn|16\n|\n|t:|1662912576\n|switch|p2a: Porygon2|Porygon2|79\/100\n|-damage|p2a: Porygon2|66\/100|[from] Stealth Rock\n|-ability|p2a: Porygon2|Download|boost\n|-boost|p2a: Porygon2|atk|1\n|move|p1a: Tapu Lele|Shadow Ball|p2a: Porygon2\n|-immune|p2a: Porygon2\n|\n|upkeep\n|turn|17\n|\n|t:|1662912586\n|switch|p1a: Galvantula|Galvantula, F, shiny|100\/100\n|-damage|p1a: Galvantula|76\/100|[from] Stealth Rock\n|move|p2a: Porygon2|Recover|p2a: Porygon2\n|-heal|p2a: Porygon2|100\/100\n|\n|-fieldend|move: Psychic Terrain\n|upkeep\n|turn|18\n|\n|t:|1662912597\n|move|p1a: Galvantula|Thunder|p2a: Porygon2\n|-crit|p2a: Porygon2\n|-damage|p2a: Porygon2|64\/100\n|move|p2a: Porygon2|Tri Attack|p1a: Galvantula\n|-damage|p1a: Galvantula|27\/100\n|\n|upkeep\n|turn|19\n|\n|t:|1662912608\n|switch|p1a: Tapu Lele|Tapu Lele, shiny|63\/100\n|-damage|p1a: Tapu Lele|51\/100|[from] Stealth Rock\n|-fieldstart|move: Psychic Terrain|[from] ability: Psychic Surge|[of] p1a: Tapu Lele\n|move|p2a: Porygon2|Recover|p2a: Porygon2\n|-heal|p2a: Porygon2|100\/100\n|\n|upkeep\n|turn|20\n|\n|t:|1662912617\n|move|p1a: Tapu Lele|Psychic|p2a: Porygon2\n|-damage|p2a: Porygon2|73\/100\n|move|p2a: Porygon2|Shadow Ball|p1a: Tapu Lele\n|-supereffective|p1a: Tapu Lele\n|-damage|p1a: Tapu Lele|9\/100\n|\n|upkeep\n|turn|21\n|\n|t:|1662912628\n|switch|p1a: Galvantula|Galvantula, F, shiny|27\/100\n|-damage|p1a: Galvantula|2\/100|[from] Stealth Rock\n|switch|p2a: Hydreigon|Hydreigon, F|88\/100\n|-damage|p2a: Hydreigon|76\/100|[from] Stealth Rock\n|\n|upkeep\n|turn|22\n|\n|t:|1662912637\n|switch|p2a: Porygon2|Porygon2|73\/100\n|-damage|p2a: Porygon2|61\/100|[from] Stealth Rock\n|-ability|p2a: Porygon2|Download|boost\n|-boost|p2a: Porygon2|spa|1\n|move|p1a: Galvantula|Bug Buzz|p2a: Porygon2\n|-damage|p2a: Porygon2|39\/100\n|\n|upkeep\n|turn|23\n|\n|t:|1662912646\n|move|p1a: Galvantula|Bug Buzz|p2a: Porygon2\n|-damage|p2a: Porygon2|20\/100\n|move|p2a: Porygon2|Recover|p2a: Porygon2\n|-heal|p2a: Porygon2|70\/100\n|\n|-fieldend|move: Psychic Terrain\n|upkeep\n|turn|24\n|\n|t:|1662912654\n|move|p1a: Galvantula|Bug Buzz|p2a: Porygon2\n|-damage|p2a: Porygon2|50\/100\n|move|p2a: Porygon2|Recover|p2a: Porygon2\n|-heal|p2a: Porygon2|99\/100\n|\n|upkeep\n|turn|25\n|c|\u2606Elon Musk Rusk|gg\n|\n|t:|1662912660\n|move|p1a: Galvantula|Bug Buzz|p2a: Porygon2\n|-damage|p2a: Porygon2|81\/100\n|move|p2a: Porygon2|Tri Attack|p1a: Galvantula\n|-damage|p1a: Galvantula|0 fnt\n|faint|p1a: Galvantula\n|\n|upkeep\n|c|\u2606Rocker19304|Idk what im doing clearly not in the right mindset\n|\n|t:|1662912686\n|switch|p1a: Tapu Lele|Tapu Lele, shiny|9\/100\n|-damage|p1a: Tapu Lele|0 fnt|[from] Stealth Rock\n|faint|p1a: Tapu Lele\n|\n|win|Elon Musk Rusk\n|c|\u2606Rocker19304|Gg\n|c|\u2606Rocker19304|Well played on your part\n","uploadtime":1662912693,"views":19,"p1id":"rocker19304","p2id":"elonmuskrusk","formatid":"gen8nationaldexag","rating":0,"private":0,"password":null}