{"id":"gen8ou-1619436041","p1":"GGeorgie","p2":"Free Wifi Hotspot","format":"gen8ou","log":"|j|\u2606GGeorgie\n|j|\u2606Free Wifi Hotspot\n|t:|1658093232\n|gametype|singles\n|player|p1|GGeorgie|hiker-gen2|1711\n|player|p2|Free Wifi Hotspot|lucas|1697\n|teamsize|p1|6\n|teamsize|p2|6\n|gen|8\n|tier|[Gen 8] OU\n|rated|\n|rule|Sleep Clause Mod: Limit one foe put to sleep\n|rule|Species Clause: Limit one of each Pok\u00e9mon\n|rule|OHKO Clause: OHKO moves are banned\n|rule|Evasion Moves Clause: Evasion moves are banned\n|rule|Endless Battle Clause: Forcing endless battles is banned\n|rule|HP Percentage Mod: HP is shown in percentages\n|rule|Dynamax Clause: You cannot dynamax\n|clearpoke\n|poke|p1|Reuniclus, M|\n|poke|p1|Hippowdon, F|\n|poke|p1|Excadrill, M|\n|poke|p1|Skarmory, F|\n|poke|p1|Toxapex, F|\n|poke|p1|Tapu Koko|\n|poke|p2|Urshifu-*, F|\n|poke|p2|Corviknight, M|\n|poke|p2|Slowking-Galar, M|\n|poke|p2|Weavile, F|\n|poke|p2|Garchomp, M|\n|poke|p2|Rillaboom, F|\n|teampreview\n|inactive|Battle timer is ON: inactive players will automatically lose when time's up. (requested by Free Wifi Hotspot)\n|inactive|GGeorgie has 120 seconds left.\n|\n|t:|1658093264\n|start\n|switch|p1a: Tapu Koko|Tapu Koko, shiny|100\/100\n|switch|p2a: Garchomp|Garchomp, M|100\/100\n|-fieldstart|move: Electric Terrain|[from] ability: Electric Surge|[of] p1a: Tapu Koko\n|turn|1\n|\n|t:|1658093268\n|switch|p2a: Slowking|Slowking-Galar, M|100\/100\n|move|p1a: Tapu Koko|Dazzling Gleam|p2a: Slowking\n|-resisted|p2a: Slowking\n|-damage|p2a: Slowking|92\/100\n|\n|upkeep\n|turn|2\n|\n|t:|1658093273\n|switch|p1a: Reuniclus|Reuniclus, M, shiny|100\/100\n|switch|p2a: Garchomp|Garchomp, M|100\/100\n|\n|upkeep\n|turn|3\n|\n|t:|1658093278\n|move|p2a: Garchomp|Stealth Rock|p1a: Reuniclus\n|-sidestart|p1: GGeorgie|move: Stealth Rock\n|move|p1a: Reuniclus|Future Sight|p2a: Garchomp\n|-start|p1a: Reuniclus|move: Future Sight\n|\n|upkeep\n|turn|4\n|\n|t:|1658093282\n|move|p2a: Garchomp|Toxic|p1a: Reuniclus\n|-status|p1a: Reuniclus|tox\n|move|p1a: Reuniclus|Knock Off|p2a: Garchomp\n|-damage|p2a: Garchomp|91\/100\n|-damage|p1a: Reuniclus|88\/100 tox|[from] ability: Rough Skin|[of] p2a: Garchomp\n|-damage|p1a: Reuniclus|71\/100 tox|[from] item: Rocky Helmet|[of] p2a: Garchomp\n|-enditem|p2a: Garchomp|Rocky Helmet|[from] move: Knock Off|[of] p1a: Reuniclus\n|\n|-damage|p1a: Reuniclus|65\/100 tox|[from] psn\n|upkeep\n|turn|5\n|j| BBC Weather\n|\n|t:|1658093290\n|move|p1a: Reuniclus|Focus Blast|p2a: Garchomp|[miss]\n|-miss|p1a: Reuniclus|p2a: Garchomp\n|move|p2a: Garchomp|Dragon Tail|p1a: Reuniclus\n|-damage|p1a: Reuniclus|40\/100 tox\n|drag|p1a: B.I.G Bessie|Hippowdon, F|100\/100\n|-weather|Sandstorm|[from] ability: Sand Stream|[of] p1a: B.I.G Bessie\n|\n|-weather|Sandstorm|[upkeep]\n|-end|p2a: Garchomp|move: Future Sight\n|-damage|p2a: Garchomp|46\/100\n|-fieldend|move: Electric Terrain\n|upkeep\n|turn|6\n|j| Rarely Used fan\n|\n|t:|1658093297\n|switch|p1a: Skarmory|Skarmory, F|100\/100\n|-damage|p1a: Skarmory|88\/100|[from] Stealth Rock\n|move|p2a: Garchomp|Toxic|p1a: Skarmory\n|-immune|p1a: Skarmory\n|\n|-weather|Sandstorm|[upkeep]\n|upkeep\n|turn|7\n|\n|t:|1658093301\n|switch|p2a: Weavile|Weavile, F|100\/100\n|-ability|p2a: Weavile|Pressure\n|move|p1a: Skarmory|Spikes|p2a: Weavile\n|-sidestart|p2: Free Wifi Hotspot|Spikes\n|\n|-weather|Sandstorm|[upkeep]\n|-damage|p2a: Weavile|94\/100|[from] Sandstorm\n|upkeep\n|turn|8\n|\n|t:|1658093310\n|switch|p2a: Garchomp|Garchomp, M|46\/100\n|-damage|p2a: Garchomp|34\/100|[from] Spikes\n|move|p1a: Skarmory|Roost|p1a: Skarmory\n|-heal|p1a: Skarmory|100\/100\n|-singleturn|p1a: Skarmory|move: Roost\n|\n|-weather|Sandstorm|[upkeep]\n|upkeep\n|turn|9\n|\n|t:|1658093315\n|move|p1a: Skarmory|Spikes|p2a: Garchomp\n|-sidestart|p2: Free Wifi Hotspot|Spikes\n|move|p2a: Garchomp|Dragon Tail|p1a: Skarmory\n|-resisted|p1a: Skarmory\n|-damage|p1a: Skarmory|92\/100\n|-damage|p2a: Garchomp|17\/100|[from] item: Rocky Helmet|[of] p1a: Skarmory\n|drag|p1a: Excadrill|Excadrill, M|100\/100\n|-damage|p1a: Excadrill|97\/100|[from] Stealth Rock\n|-item|p1a: Excadrill|Air Balloon\n|\n|-weather|none\n|upkeep\n|turn|10\n|\n|t:|1658093322\n|move|p1a: Excadrill|Rapid Spin|p2a: Garchomp\n|-damage|p2a: Garchomp|5\/100\n|-boost|p1a: Excadrill|spe|1\n|-damage|p1a: Excadrill|85\/100|[from] ability: Rough Skin|[of] p2a: Garchomp\n|-sideend|p1: GGeorgie|Stealth Rock|[from] move: Rapid Spin|[of] p1a: Excadrill\n|move|p2a: Garchomp|Dragon Tail|p1a: Excadrill\n|-resisted|p1a: Excadrill\n|-damage|p1a: Excadrill|67\/100\n|-enditem|p1a: Excadrill|Air Balloon\n|drag|p1a: Toxapex|Toxapex, F|100\/100\n|\n|upkeep\n|turn|11\n|l| BBC Weather\n|\n|t:|1658093329\n|switch|p1a: Skarmory|Skarmory, F|92\/100\n|move|p2a: Garchomp|Stealth Rock|p1a: Skarmory\n|-sidestart|p1: GGeorgie|move: Stealth Rock\n|\n|upkeep\n|turn|12\n|\n|t:|1658093338\n|switch|p2a: Slowking|Slowking-Galar, M|100\/100\n|-damage|p2a: Slowking|84\/100|[from] Spikes\n|move|p1a: Skarmory|Spikes|p2a: Slowking\n|-sidestart|p2: Free Wifi Hotspot|Spikes\n|\n|upkeep\n|turn|13\n|\n|t:|1658093344\n|switch|p1a: Reuniclus|Reuniclus, M, shiny|73\/100 tox\n|-damage|p1a: Reuniclus|60\/100 tox|[from] Stealth Rock\n|move|p2a: Slowking|Flamethrower|p1a: Reuniclus\n|-damage|p1a: Reuniclus|46\/100 tox\n|\n|-damage|p1a: Reuniclus|40\/100 tox|[from] psn\n|upkeep\n|turn|14\n|\n|t:|1658093351\n|move|p1a: Reuniclus|Knock Off|p2a: Slowking\n|-supereffective|p2a: Slowking\n|-damage|p2a: Slowking|52\/100\n|-enditem|p2a: Slowking|Assault Vest|[from] move: Knock Off|[of] p1a: Reuniclus\n|move|p2a: Slowking|Sludge Bomb|p1a: Reuniclus\n|-damage|p1a: Reuniclus|20\/100 tox\n|\n|-damage|p1a: Reuniclus|8\/100 tox|[from] psn\n|upkeep\n|turn|15\n|\n|t:|1658093358\n|switch|p1a: B.I.G Bessie|Hippowdon, F|100\/100\n|-weather|Sandstorm|[from] ability: Sand Stream|[of] p1a: B.I.G Bessie\n|move|p2a: Slowking|Psychic|p1a: B.I.G Bessie\n|-damage|p1a: B.I.G Bessie|60\/100\n|\n|-weather|Sandstorm|[upkeep]\n|-damage|p2a: Slowking|46\/100|[from] Sandstorm\n|upkeep\n|turn|16\n|\n|t:|1658093366\n|switch|p1a: Tapu Koko|Tapu Koko, shiny|100\/100\n|-damage|p1a: Tapu Koko|88\/100|[from] Stealth Rock\n|-fieldstart|move: Electric Terrain|[from] ability: Electric Surge|[of] p1a: Tapu Koko\n|move|p2a: Slowking|Scald|p1a: Tapu Koko\n|-damage|p1a: Tapu Koko|45\/100\n|\n|-weather|Sandstorm|[upkeep]\n|-damage|p1a: Tapu Koko|39\/100|[from] Sandstorm\n|-damage|p2a: Slowking|40\/100|[from] Sandstorm\n|upkeep\n|turn|17\n|\n|t:|1658093375\n|move|p1a: Tapu Koko|Thunderbolt|p2a: Slowking\n|-damage|p2a: Slowking|0 fnt\n|faint|p2a: Slowking\n|\n|-weather|Sandstorm|[upkeep]\n|-damage|p1a: Tapu Koko|33\/100|[from] Sandstorm\n|upkeep\n|j| hazy blur\n|\n|t:|1658093391\n|switch|p2a: Rillaboom|Rillaboom, F|100\/100\n|-damage|p2a: Rillaboom|76\/100|[from] Spikes\n|-fieldstart|move: Grassy Terrain|[from] ability: Grassy Surge|[of] p2a: Rillaboom\n|turn|18\n|\n|t:|1658093396\n|switch|p1a: Skarmory|Skarmory, F|92\/100\n|-damage|p1a: Skarmory|80\/100|[from] Stealth Rock\n|move|p2a: Rillaboom|Swords Dance|p2a: Rillaboom\n|-boost|p2a: Rillaboom|atk|2\n|\n|-weather|Sandstorm|[upkeep]\n|-damage|p2a: Rillaboom|69\/100|[from] Sandstorm\n|-heal|p2a: Rillaboom|76\/100|[from] Grassy Terrain\n|upkeep\n|turn|19\n|\n|t:|1658093407\n|switch|p1a: Reuniclus|Reuniclus, M, shiny|41\/100 tox\n|-damage|p1a: Reuniclus|29\/100 tox|[from] Stealth Rock\n|move|p2a: Rillaboom|Knock Off|p1a: Reuniclus\n|-supereffective|p1a: Reuniclus\n|-damage|p1a: Reuniclus|0 fnt\n|-enditem|p1a: Reuniclus|Assault Vest|[from] move: Knock Off|[of] p2a: Rillaboom\n|faint|p1a: Reuniclus\n|-damage|p2a: Rillaboom|66\/100|[from] item: Life Orb\n|\n|-weather|none\n|-heal|p2a: Rillaboom|72\/100|[from] Grassy Terrain\n|upkeep\n|\n|t:|1658093410\n|switch|p1a: Tapu Koko|Tapu Koko, shiny|33\/100\n|-damage|p1a: Tapu Koko|20\/100|[from] Stealth Rock\n|-fieldstart|move: Electric Terrain|[from] ability: Electric Surge|[of] p1a: Tapu Koko\n|turn|20\n|\n|t:|1658093416\n|switch|p2a: Garchomp|Garchomp, M|5\/100\n|-damage|p2a: Garchomp|0 fnt|[from] Spikes\n|faint|p2a: Garchomp\n|move|p1a: Tapu Koko|Dazzling Gleam|p2: Garchomp|[notarget]\n|-fail|p1a: Tapu Koko\n|\n|upkeep\n|\n|t:|1658093431\n|switch|p2a: Weavile|Weavile, F|94\/100\n|-ability|p2a: Weavile|Pressure\n|turn|21\n|\n|t:|1658093437\n|switch|p1a: Toxapex|Toxapex, F|100\/100\n|-damage|p1a: Toxapex|88\/100|[from] Stealth Rock\n|move|p2a: Weavile|Ice Shard|p1a: Toxapex\n|-resisted|p1a: Toxapex\n|-damage|p1a: Toxapex|80\/100\n|\n|upkeep\n|turn|22\n|\n|t:|1658093442\n|move|p2a: Weavile|Swords Dance|p2a: Weavile\n|-boost|p2a: Weavile|atk|2\n|move|p1a: Toxapex|Scald|p2a: Weavile\n|-damage|p2a: Weavile|72\/100\n|\n|upkeep\n|turn|23\n|\n|t:|1658093449\n|move|p1a: Toxapex|Baneful Bunker|p1a: Toxapex\n|-singleturn|p1a: Toxapex|move: Protect\n|move|p2a: Weavile|Knock Off|p1a: Toxapex\n|-activate|p1a: Toxapex|move: Protect\n|-status|p2a: Weavile|psn\n|\n|-damage|p2a: Weavile|59\/100 psn|[from] psn\n|upkeep\n|turn|24\n|\n|t:|1658093451\n|move|p2a: Weavile|Knock Off|p1a: Toxapex\n|-damage|p1a: Toxapex|6\/100\n|-enditem|p1a: Toxapex|Shed Shell|[from] move: Knock Off|[of] p2a: Weavile\n|move|p1a: Toxapex|Scald|p2a: Weavile\n|-damage|p2a: Weavile|35\/100 psn\n|\n|-damage|p2a: Weavile|23\/100 psn|[from] psn\n|-fieldend|move: Electric Terrain\n|upkeep\n|turn|25\n|\n|t:|1658093460\n|switch|p1a: B.I.G Bessie|Hippowdon, F|60\/100\n|-weather|Sandstorm|[from] ability: Sand Stream|[of] p1a: B.I.G Bessie\n|move|p2a: Weavile|Knock Off|p1a: B.I.G Bessie\n|-damage|p1a: B.I.G Bessie|0 fnt\n|-enditem|p1a: B.I.G Bessie|Heavy-Duty Boots|[from] move: Knock Off|[of] p2a: Weavile\n|faint|p1a: B.I.G Bessie\n|\n|-weather|Sandstorm|[upkeep]\n|-damage|p2a: Weavile|17\/100 psn|[from] Sandstorm\n|-damage|p2a: Weavile|4\/100 psn|[from] psn\n|upkeep\n|\n|t:|1658093463\n|switch|p1a: Toxapex|Toxapex, F|40\/100\n|-damage|p1a: Toxapex|27\/100|[from] Stealth Rock\n|turn|26\n|\n|t:|1658093470\n|switch|p2a: Corviknight|Corviknight, M|100\/100\n|-ability|p2a: Corviknight|Pressure\n|move|p1a: Toxapex|Baneful Bunker||[still]\n|-fail|p1a: Toxapex\n|\n|-weather|Sandstorm|[upkeep]\n|-damage|p1a: Toxapex|21\/100|[from] Sandstorm\n|upkeep\n|turn|27\n|\n|t:|1658093476\n|move|p2a: Corviknight|Defog|p1a: Toxapex\n|-unboost|p1a: Toxapex|evasion|1\n|-sideend|p1: GGeorgie|Stealth Rock|[from] move: Defog|[of] p2a: Corviknight\n|-sideend|p2: Free Wifi Hotspot|Spikes|[from] move: Defog|[of] p2a: Corviknight\n|move|p1a: Toxapex|Recover|p1a: Toxapex\n|-heal|p1a: Toxapex|72\/100\n|\n|-weather|Sandstorm|[upkeep]\n|-damage|p1a: Toxapex|66\/100|[from] Sandstorm\n|upkeep\n|turn|28\n|\n|t:|1658093481\n|move|p2a: Corviknight|U-turn|p1a: Toxapex\n|-resisted|p1a: Toxapex\n|-damage|p1a: Toxapex|60\/100\n|\n|t:|1658093483\n|switch|p2a: Rillaboom|Rillaboom, F|72\/100|[from]move: U-turn\n|-fieldstart|move: Grassy Terrain|[from] ability: Grassy Surge|[of] p2a: Rillaboom\n|move|p1a: Toxapex|Scald|p2a: Rillaboom\n|-resisted|p2a: Rillaboom\n|-damage|p2a: Rillaboom|61\/100\n|\n|-weather|Sandstorm|[upkeep]\n|-damage|p2a: Rillaboom|55\/100|[from] Sandstorm\n|-damage|p1a: Toxapex|54\/100|[from] Sandstorm\n|-heal|p2a: Rillaboom|61\/100|[from] Grassy Terrain\n|-heal|p1a: Toxapex|60\/100|[from] Grassy Terrain\n|upkeep\n|turn|29\n|\n|t:|1658093490\n|switch|p1a: Skarmory|Skarmory, F|80\/100\n|move|p2a: Rillaboom|Swords Dance|p2a: Rillaboom\n|-boost|p2a: Rillaboom|atk|2\n|\n|-weather|none\n|-heal|p2a: Rillaboom|67\/100|[from] Grassy Terrain\n|upkeep\n|turn|30\n|\n|t:|1658093493\n|move|p2a: Rillaboom|Superpower|p1a: Skarmory\n|-damage|p1a: Skarmory|1\/100\n|-unboost|p2a: Rillaboom|atk|1\n|-unboost|p2a: Rillaboom|def|1\n|-damage|p2a: Rillaboom|51\/100|[from] item: Rocky Helmet|[of] p1a: Skarmory\n|-damage|p2a: Rillaboom|41\/100|[from] item: Life Orb\n|move|p1a: Skarmory|Body Press|p2a: Rillaboom\n|-damage|p2a: Rillaboom|0 fnt\n|faint|p2a: Rillaboom\n|\n|upkeep\n|\n|t:|1658093503\n|switch|p2a: Weavile|Weavile, F|4\/100 psn\n|-ability|p2a: Weavile|Pressure\n|turn|31\n|\n|t:|1658093506\n|switch|p1a: Toxapex|Toxapex, F|94\/100\n|move|p2a: Weavile|Knock Off|p1a: Toxapex\n|-damage|p1a: Toxapex|71\/100\n|\n|-heal|p2a: Weavile|10\/100 psn|[from] Grassy Terrain\n|-heal|p1a: Toxapex|77\/100|[from] Grassy Terrain\n|-damage|p2a: Weavile|0 fnt|[from] psn\n|faint|p2a: Weavile\n|upkeep\n|l| hazy blur\n|-message|Free Wifi Hotspot forfeited.\n|\n|win|GGeorgie\n|raw|GGeorgie's rating: 1711 &rarr; <strong>1730<\/strong><br \/>(+19 for winning)\n|raw|Free Wifi Hotspot's rating: 1697 &rarr; <strong>1678<\/strong><br \/>(-19 for losing)\n|l|\u2606Free Wifi Hotspot\n","uploadtime":1658093514,"views":44,"p1id":"ggeorgie","p2id":"freewifihotspot","formatid":"gen8ou","rating":1678,"private":0,"password":null}