{"id":"gen8doublesou-1706968420","p1":"mig1243","p2":"XxweatherBoixX","format":"gen8doublesou","log":"|j|\u2606mig1243\n|j|\u2606XxweatherBoixX\n|t:|1668037334\n|gametype|doubles\n|player|p1|mig1243|norman|1376\n|player|p2|XxweatherBoixX|169|1252\n|teamsize|p1|6\n|teamsize|p2|6\n|gen|8\n|tier|[Gen 8] Doubles OU\n|rated|\n|rule|Species Clause: Limit one of each Pok\u00e9mon\n|rule|OHKO Clause: OHKO moves are banned\n|rule|Evasion Moves Clause: Evasion moves are banned\n|rule|Gravity Sleep Clause: The combination of sleep-inducing moves with imperfect accuracy and Gravity or Gigantamax Orbeetle are banned\n|rule|Endless Battle Clause: Forcing endless battles is banned\n|rule|HP Percentage Mod: HP is shown in percentages\n|rule|Dynamax Clause: You cannot dynamax\n|rule|Swagger Clause: Swagger is banned\n|clearpoke\n|poke|p1|Rillaboom, F|\n|poke|p1|Charizard, F|\n|poke|p1|Dragapult, M|\n|poke|p1|Rhyperior, M|\n|poke|p1|Torkoal, M|\n|poke|p1|Aegislash, M|\n|poke|p2|Tsareena, F|\n|poke|p2|Incineroar, M|\n|poke|p2|Azumarill, M|\n|poke|p2|Lickilicky, M|\n|poke|p2|Goodra, M|\n|poke|p2|Nidoqueen, F|\n|teampreview\n|\n|t:|1668037339\n|start\n|switch|p1a: Torkoal|Torkoal, M|100\/100\n|switch|p1b: Charizard|Charizard, F|100\/100\n|switch|p2a: Tsareena|Tsareena, F|100\/100\n|switch|p2b: Incineroar|Incineroar, M|100\/100\n|-ability|p2b: Incineroar|Intimidate|boost\n|-unboost|p1a: Torkoal|atk|1\n|-unboost|p1b: Charizard|atk|1\n|-weather|SunnyDay|[from] ability: Drought|[of] p1a: Torkoal\n|turn|1\n|inactive|Battle timer is ON: inactive players will automatically lose when time's up. (requested by mig1243)\n|\n|t:|1668037372\n|switch|p2a: Nidoqueen|Nidoqueen, F|100\/100\n|-item|p2a: Nidoqueen|Air Balloon\n|move|p2b: Incineroar|Fake Out|p1b: Charizard\n|-damage|p1b: Charizard|85\/100\n|cant|p1b: Charizard|flinch\n|move|p1a: Torkoal|Heat Wave|p2a: Nidoqueen|[spread] p2a,p2b\n|-resisted|p2b: Incineroar\n|-damage|p2a: Nidoqueen|51\/100\n|-damage|p2b: Incineroar|85\/100\n|-enditem|p2a: Nidoqueen|Air Balloon\n|\n|-weather|SunnyDay|[upkeep]\n|-damage|p1b: Charizard|73\/100|[from] ability: Solar Power|[of] p1b: Charizard\n|upkeep\n|turn|2\n|\n|t:|1668037398\n|move|p1b: Charizard|Heat Wave|p2b: Incineroar|[spread] p2a,p2b\n|-resisted|p2b: Incineroar\n|-damage|p2a: Nidoqueen|0 fnt\n|-damage|p2b: Incineroar|58\/100\n|faint|p2a: Nidoqueen\n|move|p2b: Incineroar|Parting Shot|p1b: Charizard\n|-unboost|p1b: Charizard|atk|1\n|-unboost|p1b: Charizard|spa|1\n|\n|t:|1668037402\n|switch|p2b: Lickilicky|Lickilicky, M|100\/100|[from]move: Parting Shot\n|-ability|p2b: Lickilicky|Cloud Nine\n|move|p1a: Torkoal|Heat Wave|p2b: Lickilicky\n|-damage|p2b: Lickilicky|69\/100\n|\n|-weather|SunnyDay|[upkeep]\n|upkeep\n|\n|t:|1668037412\n|switch|p2a: Goodra|Goodra, M|100\/100\n|turn|3\n|\n|t:|1668037424\n|switch|p1b: Aegislash|Aegislash, M|100\/100\n|switch|p1a: Rhyperior|Rhyperior, M|100\/100\n|move|p2a: Goodra|Life Dew||[still]|[spread] p2a,p2b\n|-fail|p2a: Goodra|heal\n|-heal|p2b: Lickilicky|94\/100\n|move|p2b: Lickilicky|Icy Wind|p1b: Aegislash|[spread] p1a,p1b\n|-supereffective|p1a: Rhyperior\n|-resisted|p1b: Aegislash\n|-damage|p1a: Rhyperior|87\/100\n|-damage|p1b: Aegislash|97\/100\n|-unboost|p1a: Rhyperior|spe|1\n|-unboost|p1b: Aegislash|spe|1\n|-enditem|p1a: Rhyperior|Weakness Policy\n|-boost|p1a: Rhyperior|atk|2|[from] item: Weakness Policy\n|-boost|p1a: Rhyperior|spa|2|[from] item: Weakness Policy\n|\n|-weather|SunnyDay|[upkeep]\n|upkeep\n|turn|4\n|\n|t:|1668037452\n|move|p1b: Aegislash|King's Shield|p1b: Aegislash\n|-singleturn|p1b: Aegislash|Protect\n|move|p2a: Goodra|Draco Meteor|p1a: Rhyperior\n|-damage|p1a: Rhyperior|0 fnt\n|-unboost|p2a: Goodra|spa|2\n|faint|p1a: Rhyperior\n|move|p2b: Lickilicky|Body Press|p1b: Aegislash\n|-activate|p1b: Aegislash|move: Protect\n|-unboost|p2b: Lickilicky|atk|1\n|\n|-weather|SunnyDay|[upkeep]\n|upkeep\n|\n|t:|1668037460\n|switch|p1a: Rillaboom|Rillaboom, F|100\/100\n|-fieldstart|move: Grassy Terrain|[from] ability: Grassy Surge|[of] p1a: Rillaboom\n|-enditem|p1a: Rillaboom|Grassy Seed\n|-boost|p1a: Rillaboom|def|1|[from] item: Grassy Seed\n|turn|5\n|\n|t:|1668037470\n|switch|p2a: Tsareena|Tsareena, F|100\/100\n|move|p1a: Rillaboom|Knock Off|p2a: Tsareena\n|-damage|p2a: Tsareena|63\/100\n|-enditem|p2a: Tsareena|Life Orb|[from] move: Knock Off|[of] p1a: Rillaboom\n|move|p2b: Lickilicky|Icy Wind|p1a: Rillaboom|[spread] p1a,p1b\n|-supereffective|p1a: Rillaboom\n|-resisted|p1b: Aegislash\n|-damage|p1a: Rillaboom|78\/100\n|-damage|p1b: Aegislash|94\/100\n|-unboost|p1a: Rillaboom|spe|1\n|-unboost|p1b: Aegislash|spe|1\n|-formechange|p1b: Aegislash|Aegislash-Blade||[from] ability: Stance Change\n|move|p1b: Aegislash|Sacred Sword|p2b: Lickilicky\n|-supereffective|p2b: Lickilicky\n|-damage|p2b: Lickilicky|45\/100\n|-damage|p1b: Aegislash|78\/100|[from] item: Rocky Helmet|[of] p2b: Lickilicky\n|\n|-weather|none\n|-heal|p2a: Tsareena|69\/100|[from] Grassy Terrain\n|-heal|p1a: Rillaboom|84\/100|[from] Grassy Terrain\n|-heal|p2b: Lickilicky|51\/100|[from] Grassy Terrain\n|-heal|p1b: Aegislash|84\/100|[from] Grassy Terrain\n|upkeep\n|turn|6\n|\n|t:|1668037498\n|move|p2b: Lickilicky|Helping Hand|p2a: Tsareena\n|-singleturn|p2a: Tsareena|Helping Hand|[of] p2b: Lickilicky\n|move|p2a: Tsareena|Triple Axel|p1a: Rillaboom\n|-supereffective|p1a: Rillaboom\n|-damage|p1a: Rillaboom|69\/100\n|-supereffective|p1a: Rillaboom\n|-damage|p1a: Rillaboom|39\/100\n|-supereffective|p1a: Rillaboom\n|-crit|p1a: Rillaboom\n|-damage|p1a: Rillaboom|0 fnt\n|faint|p1a: Rillaboom\n|-hitcount|p1: Rillaboom|3\n|move|p1b: Aegislash|Sacred Sword|p2b: Lickilicky\n|-supereffective|p2b: Lickilicky\n|-damage|p2b: Lickilicky|0 fnt\n|-damage|p1b: Aegislash|67\/100|[from] item: Rocky Helmet|[of] p2b: Lickilicky\n|faint|p2b: Lickilicky\n|\n|-heal|p2a: Tsareena|75\/100|[from] Grassy Terrain\n|-heal|p1b: Aegislash|73\/100|[from] Grassy Terrain\n|upkeep\n|\n|t:|1668037518\n|switch|p1a: Torkoal|Torkoal, M|100\/100\n|switch|p2b: Goodra|Goodra, M|100\/100\n|-weather|SunnyDay|[from] ability: Drought|[of] p1a: Torkoal\n|turn|7\n|\n|t:|1668037531\n|switch|p2a: Incineroar|Incineroar, M|58\/100\n|-ability|p2a: Incineroar|Intimidate|boost\n|-unboost|p1a: Torkoal|atk|1\n|-unboost|p1b: Aegislash|atk|1\n|-formechange|p1b: Aegislash|Aegislash||[from] ability: Stance Change\n|move|p1b: Aegislash|King's Shield|p1b: Aegislash\n|-singleturn|p1b: Aegislash|Protect\n|move|p2b: Goodra|Draco Meteor|p1a: Torkoal\n|-damage|p1a: Torkoal|16\/100\n|-unboost|p2b: Goodra|spa|2\n|move|p1a: Torkoal|Heat Wave|p2b: Goodra|[spread] p2a,p2b\n|-resisted|p2a: Incineroar\n|-crit|p2a: Incineroar\n|-resisted|p2b: Goodra\n|-damage|p2a: Incineroar|31\/100\n|-damage|p2b: Goodra|86\/100\n|\n|-weather|SunnyDay|[upkeep]\n|-heal|p2b: Goodra|92\/100|[from] Grassy Terrain\n|-heal|p2a: Incineroar|37\/100|[from] Grassy Terrain\n|-heal|p1b: Aegislash|80\/100|[from] Grassy Terrain\n|-heal|p1a: Torkoal|23\/100|[from] Grassy Terrain\n|upkeep\n|turn|8\n|inactive|XxweatherBoixX has 120 seconds left.\n|\n|t:|1668037562\n|move|p2b: Goodra|Sludge Wave|p1b: Aegislash|[spread] p2a,p1a\n|-immune|p1b: Aegislash\n|-damage|p2a: Incineroar|28\/100\n|-damage|p1a: Torkoal|7\/100\n|move|p2a: Incineroar|Parting Shot|p1b: Aegislash\n|-unboost|p1b: Aegislash|atk|1\n|-unboost|p1b: Aegislash|spa|1\n|inactive|XxweatherBoixX has 120 seconds left.\n|\n|t:|1668037579\n|switch|p2a: Azumarill|Azumarill, M|100\/100|[from]move: Parting Shot\n|-formechange|p1b: Aegislash|Aegislash-Blade||[from] ability: Stance Change\n|move|p1b: Aegislash|Sacred Sword|p2a: Azumarill\n|-resisted|p2a: Azumarill\n|-damage|p2a: Azumarill|92\/100\n|move|p1a: Torkoal|Heat Wave|p2a: Azumarill|[spread] p2b\n|-miss|p1a: Torkoal|p2a: Azumarill\n|-resisted|p2b: Goodra\n|-damage|p2b: Goodra|78\/100\n|\n|-weather|SunnyDay|[upkeep]\n|-heal|p2b: Goodra|84\/100|[from] Grassy Terrain\n|-heal|p2a: Azumarill|98\/100|[from] Grassy Terrain\n|-heal|p2a: Azumarill|100\/100|[from] item: Leftovers\n|-heal|p1b: Aegislash|86\/100|[from] Grassy Terrain\n|-heal|p1a: Torkoal|13\/100|[from] Grassy Terrain\n|upkeep\n|turn|9\n|inactive|XxweatherBoixX has 120 seconds left.\n|\n|t:|1668037601\n|switch|p1b: Charizard|Charizard, F|73\/100\n|move|p2b: Goodra|Substitute|p2b: Goodra\n|-start|p2b: Goodra|Substitute\n|-damage|p2b: Goodra|59\/100\n|move|p2a: Azumarill|Belly Drum|p2a: Azumarill\n|-damage|p2a: Azumarill|50\/100\n|-setboost|p2a: Azumarill|atk|6|[from] move: Belly Drum\n|move|p1a: Torkoal|Solar Beam||[still]\n|-prepare|p1a: Torkoal|Solar Beam\n|-anim|p1a: Torkoal|Solar Beam|p2a: Azumarill\n|-supereffective|p2a: Azumarill\n|-damage|p2a: Azumarill|0 fnt\n|faint|p2a: Azumarill\n|\n|-weather|SunnyDay|[upkeep]\n|-damage|p1b: Charizard|60\/100|[from] ability: Solar Power|[of] p1b: Charizard\n|-heal|p2b: Goodra|65\/100|[from] Grassy Terrain\n|-heal|p1a: Torkoal|19\/100|[from] Grassy Terrain\n|-fieldend|move: Grassy Terrain\n|upkeep\n|\n|t:|1668037606\n|switch|p2a: Incineroar|Incineroar, M|28\/100\n|-ability|p2a: Incineroar|Intimidate|boost\n|-unboost|p1a: Torkoal|atk|1\n|-unboost|p1b: Charizard|atk|1\n|turn|10\n|\n|t:|1668037614\n|move|p2a: Incineroar|Fake Out|p1b: Charizard\n|-damage|p1b: Charizard|45\/100\n|cant|p1b: Charizard|flinch\n|move|p2b: Goodra|Life Dew|p2b: Goodra|[spread] p2a,p2b\n|-heal|p2a: Incineroar|53\/100\n|-heal|p2b: Goodra|90\/100\n|move|p1a: Torkoal|Heat Wave|p2a: Incineroar|[spread] p2a,p2b\n|-resisted|p2b: Goodra\n|-activate|p2b: Goodra|move: Substitute|[damage]\n|-resisted|p2a: Incineroar\n|-damage|p2a: Incineroar|38\/100\n|\n|-weather|SunnyDay|[upkeep]\n|-damage|p1b: Charizard|32\/100|[from] ability: Solar Power|[of] p1b: Charizard\n|upkeep\n|turn|11\n|\n|t:|1668037639\n|move|p1b: Charizard|Heat Wave|p2a: Incineroar|[spread] p2a,p2b\n|-resisted|p2b: Goodra\n|-end|p2b: Goodra|Substitute\n|-resisted|p2a: Incineroar\n|-damage|p2a: Incineroar|9\/100\n|-enditem|p2a: Incineroar|Figy Berry|[eat]\n|-heal|p2a: Incineroar|42\/100|[from] item: Figy Berry\n|move|p2b: Goodra|Draco Meteor|p1b: Charizard\n|-crit|p1b: Charizard\n|-damage|p1b: Charizard|0 fnt\n|-unboost|p2b: Goodra|spa|2\n|faint|p1b: Charizard\n|move|p2a: Incineroar|Parting Shot|p1a: Torkoal\n|-unboost|p1a: Torkoal|atk|1\n|-unboost|p1a: Torkoal|spa|1\n|inactive|XxweatherBoixX has 120 seconds left.\n|\n|t:|1668037653\n|switch|p2a: Tsareena|Tsareena, F|75\/100|[from]move: Parting Shot\n|move|p1a: Torkoal|Heat Wave|p2a: Tsareena|[spread] p2a,p2b\n|-supereffective|p2a: Tsareena\n|-resisted|p2b: Goodra\n|-damage|p2a: Tsareena|0 fnt\n|-damage|p2b: Goodra|82\/100\n|faint|p2a: Tsareena\n|\n|-weather|none\n|upkeep\n|\n|t:|1668037660\n|switch|p1b: Dragapult|Dragapult, M|100\/100\n|switch|p2a: Incineroar|Incineroar, M|42\/100\n|-ability|p2a: Incineroar|Intimidate|boost\n|-unboost|p1a: Torkoal|atk|1\n|-fail|p1b: Dragapult|unboost|[from] ability: Clear Body|[of] p1b: Dragapult\n|turn|12\n|\n|t:|1668037670\n|move|p2a: Incineroar|Fake Out|p1a: Torkoal\n|-damage|p1a: Torkoal|12\/100\n|move|p1b: Dragapult|Dragon Darts|p2b: Goodra\n|-supereffective|p2b: Goodra\n|-damage|p2b: Goodra|24\/100\n|-enditem|p2b: Goodra|Sitrus Berry|[eat]\n|-heal|p2b: Goodra|49\/100|[from] item: Sitrus Berry\n|-anim|p1b: Dragapult|Dragon Darts|p2a: Incineroar\n|-damage|p2a: Incineroar|20\/100\n|move|p2b: Goodra|Draco Meteor|p1b: Dragapult\n|-supereffective|p1b: Dragapult\n|-damage|p1b: Dragapult|42\/100\n|-unboost|p2b: Goodra|spa|2\n|cant|p1a: Torkoal|flinch\n|\n|upkeep\n|turn|13\n|\n|t:|1668037683\n|move|p1b: Dragapult|Dragon Darts|p2b: Goodra\n|-supereffective|p2b: Goodra\n|-damage|p2b: Goodra|0 fnt\n|-anim|p1b: Dragapult|Dragon Darts|p2a: Incineroar\n|-damage|p2a: Incineroar|0 fnt\n|faint|p2b: Goodra\n|faint|p2a: Incineroar\n|\n|win|mig1243\n|raw|mig1243's rating: 1376 &rarr; <strong>1389<\/strong><br \/>(+13 for winning)\n|raw|XxweatherBoixX's rating: 1252 &rarr; <strong>1236<\/strong><br \/>(-16 for losing)\n|l|\u2606XxweatherBoixX\n","uploadtime":1668037690,"views":3,"p1id":"mig1243","p2id":"xxweatherboixx","formatid":"gen8doublesou","rating":1236,"private":0,"password":null}