{"id":"gen8ou-1699181399","p1":"i know im horrible","p2":"Steez Ibanez","format":"gen8ou","log":"|j|\u2606i know im horrible\n|j|\u2606Steez Ibanez\n|t:|1667214047\n|gametype|singles\n|player|p1|i know im horrible|1|1702\n|player|p2|Steez Ibanez|acetrainer-gen7|1769\n|teamsize|p1|6\n|teamsize|p2|6\n|gen|8\n|tier|[Gen 8] OU\n|rated|\n|rule|Sleep Clause Mod: Limit one foe put to sleep\n|rule|Species Clause: Limit one of each Pok\u00e9mon\n|rule|OHKO Clause: OHKO moves are banned\n|rule|Evasion Items Clause: Evasion items are banned\n|rule|Evasion Moves Clause: Evasion moves are banned\n|rule|Endless Battle Clause: Forcing endless battles is banned\n|rule|HP Percentage Mod: HP is shown in percentages\n|rule|Dynamax Clause: You cannot dynamax\n|clearpoke\n|poke|p1|Tapu Koko|\n|poke|p1|Regieleki|\n|poke|p1|Klefki, M|\n|poke|p1|Zeraora|\n|poke|p1|Hawlucha, F|\n|poke|p1|Dragonite, F|\n|poke|p2|Garchomp, M|\n|poke|p2|Zapdos|\n|poke|p2|Ferrothorn, M|\n|poke|p2|Urshifu-*, M|\n|poke|p2|Tyranitar, M|\n|poke|p2|Weezing-Galar, M|\n|teampreview\n|j| Mudkipaz\n|inactive|Battle timer is ON: inactive players will automatically lose when time's up. (requested by i know im horrible)\n|\n|t:|1667214069\n|start\n|switch|p1a: Klefki|Klefki, M|100\/100\n|switch|p2a: Tanjiro Kun|Urshifu-Rapid-Strike, M|100\/100\n|turn|1\n|\n|t:|1667214075\n|move|p1a: Klefki|Thunder Wave|p2a: Tanjiro Kun\n|-status|p2a: Tanjiro Kun|par\n|move|p2a: Tanjiro Kun|Surging Strikes|p1a: Klefki\n|-crit|p1a: Klefki\n|-damage|p1a: Klefki|83\/100\n|-crit|p1a: Klefki\n|-damage|p1a: Klefki|66\/100\n|-crit|p1a: Klefki\n|-damage|p1a: Klefki|50\/100\n|-hitcount|p1a: Klefki|3\n|\n|upkeep\n|turn|2\n|\n|t:|1667214084\n|switch|p1a: Dragonite|Dragonite, F|100\/100\n|move|p2a: Tanjiro Kun|Surging Strikes|p1a: Dragonite\n|-resisted|p1a: Dragonite\n|-crit|p1a: Dragonite\n|-damage|p1a: Dragonite|96\/100\n|-resisted|p1a: Dragonite\n|-crit|p1a: Dragonite\n|-damage|p1a: Dragonite|87\/100\n|-resisted|p1a: Dragonite\n|-crit|p1a: Dragonite\n|-damage|p1a: Dragonite|78\/100\n|-hitcount|p1a: Dragonite|3\n|\n|upkeep\n|turn|3\n|\n|t:|1667214089\n|switch|p2a: Speedwagon|Weezing-Galar, M|100\/100\n|move|p1a: Dragonite|Dragon Dance|p1a: Dragonite\n|-boost|p1a: Dragonite|atk|1\n|-boost|p1a: Dragonite|spe|1\n|\n|upkeep\n|turn|4\n|\n|t:|1667214093\n|move|p1a: Dragonite|Substitute|p1a: Dragonite\n|-start|p1a: Dragonite|Substitute\n|-damage|p1a: Dragonite|53\/100\n|move|p2a: Speedwagon|Toxic Spikes|p1a: Dragonite\n|-sidestart|p1: i know im horrible|move: Toxic Spikes\n|\n|upkeep\n|turn|5\n|\n|t:|1667214097\n|move|p1a: Dragonite|Roost|p1a: Dragonite\n|-heal|p1a: Dragonite|100\/100\n|-singleturn|p1a: Dragonite|move: Roost\n|move|p2a: Speedwagon|Strange Steam|p1a: Dragonite\n|-supereffective|p1a: Dragonite\n|-activate|p1a: Dragonite|move: Substitute|[damage]\n|\n|upkeep\n|turn|6\n|\n|t:|1667214102\n|move|p1a: Dragonite|Dragon Dance|p1a: Dragonite\n|-boost|p1a: Dragonite|atk|1\n|-boost|p1a: Dragonite|spe|1\n|move|p2a: Speedwagon|Sludge Bomb|p1a: Dragonite\n|-end|p1a: Dragonite|Substitute\n|\n|upkeep\n|turn|7\n|\n|t:|1667214107\n|switch|p2a: Reptar|Tyranitar, M|100\/100\n|-weather|Sandstorm|[from] ability: Sand Stream|[of] p2a: Reptar\n|move|p1a: Dragonite|Substitute|p1a: Dragonite\n|-start|p1a: Dragonite|Substitute\n|-damage|p1a: Dragonite|76\/100\n|\n|-weather|Sandstorm|[upkeep]\n|-damage|p1a: Dragonite|69\/100|[from] Sandstorm\n|upkeep\n|turn|8\n|\n|t:|1667214111\n|move|p1a: Dragonite|Dual Wingbeat|p2a: Reptar\n|-resisted|p2a: Reptar\n|-crit|p2a: Reptar\n|-damage|p2a: Reptar|81\/100\n|-resisted|p2a: Reptar\n|-damage|p2a: Reptar|68\/100\n|-hitcount|p2a: Reptar|2\n|move|p2a: Reptar|Rock Blast|p1a: Dragonite\n|-supereffective|p1a: Dragonite\n|-activate|p1a: Dragonite|move: Substitute|[damage]\n|-supereffective|p1a: Dragonite\n|-end|p1a: Dragonite|Substitute\n|-hitcount|p1a: Dragonite|2\n|\n|-weather|Sandstorm|[upkeep]\n|-damage|p1a: Dragonite|63\/100|[from] Sandstorm\n|upkeep\n|turn|9\n|\n|t:|1667214119\n|switch|p1a: Klefki|Klefki, M|50\/100\n|move|p2a: Reptar|Rock Blast|p1a: Klefki\n|-resisted|p1a: Klefki\n|-damage|p1a: Klefki|45\/100\n|-resisted|p1a: Klefki\n|-damage|p1a: Klefki|41\/100\n|-resisted|p1a: Klefki\n|-damage|p1a: Klefki|37\/100\n|-hitcount|p1a: Klefki|3\n|\n|-weather|Sandstorm|[upkeep]\n|upkeep\n|turn|10\n|\n|t:|1667214124\n|switch|p2a: Tanjiro Kun|Urshifu-Rapid-Strike, M|100\/100 par\n|move|p1a: Klefki|Reflect|p1a: Klefki\n|-sidestart|p1: i know im horrible|Reflect\n|\n|-weather|Sandstorm|[upkeep]\n|-damage|p2a: Tanjiro Kun|94\/100 par|[from] Sandstorm\n|upkeep\n|turn|11\n|\n|t:|1667214127\n|move|p1a: Klefki|Spikes|p2a: Tanjiro Kun\n|-sidestart|p2: Steez Ibanez|Spikes\n|cant|p2a: Tanjiro Kun|par\n|\n|-weather|none\n|upkeep\n|turn|12\n|\n|t:|1667214130\n|move|p1a: Klefki|Spikes|p2a: Tanjiro Kun\n|-sidestart|p2: Steez Ibanez|Spikes\n|cant|p2a: Tanjiro Kun|par\n|\n|upkeep\n|turn|13\n|\n|t:|1667214133\n|move|p1a: Klefki|Spikes|p2a: Tanjiro Kun\n|-sidestart|p2: Steez Ibanez|Spikes\n|move|p2a: Tanjiro Kun|Surging Strikes|p1a: Klefki\n|-crit|p1a: Klefki\n|-damage|p1a: Klefki|19\/100\n|-crit|p1a: Klefki\n|-damage|p1a: Klefki|3\/100\n|-crit|p1a: Klefki\n|-damage|p1a: Klefki|0 fnt\n|faint|p1a: Klefki\n|-hitcount|p1: Klefki|3\n|\n|upkeep\n|\n|t:|1667214136\n|switch|p1a: Tapu Koko|Tapu Koko|100\/100\n|-fieldstart|move: Electric Terrain|[from] ability: Electric Surge|[of] p1a: Tapu Koko\n|turn|14\n|\n|t:|1667214141\n|move|p1a: Tapu Koko|Dazzling Gleam|p2a: Tanjiro Kun\n|-supereffective|p2a: Tanjiro Kun\n|-damage|p2a: Tanjiro Kun|0 fnt\n|faint|p2a: Tanjiro Kun\n|\n|-sideend|p1: i know im horrible|Reflect\n|upkeep\n|\n|t:|1667214151\n|switch|p2a: Abomination|Ferrothorn, M|100\/100\n|-damage|p2a: Abomination|76\/100|[from] Spikes\n|turn|15\n|\n|t:|1667214154\n|move|p1a: Tapu Koko|Volt Switch|p2a: Abomination\n|-resisted|p2a: Abomination\n|-damage|p2a: Abomination|59\/100\n|\n|t:|1667214156\n|switch|p1a: Hawlucha|Hawlucha, F|100\/100|[from]move: Volt Switch\n|-enditem|p1a: Hawlucha|Electric Seed\n|-boost|p1a: Hawlucha|def|1|[from] item: Electric Seed\n|move|p2a: Abomination|Leech Seed|p1a: Hawlucha\n|-start|p1a: Hawlucha|move: Leech Seed\n|\n|-damage|p1a: Hawlucha|88\/100|[from] Leech Seed|[of] p2a: Abomination\n|-heal|p2a: Abomination|69\/100|[silent]\n|upkeep\n|turn|16\n|\n|t:|1667214162\n|move|p1a: Hawlucha|Swords Dance|p1a: Hawlucha\n|-boost|p1a: Hawlucha|atk|2\n|move|p2a: Abomination|Gyro Ball|p1a: Hawlucha\n|-damage|p1a: Hawlucha|53\/100\n|\n|-damage|p1a: Hawlucha|40\/100|[from] Leech Seed|[of] p2a: Abomination\n|-heal|p2a: Abomination|80\/100|[silent]\n|upkeep\n|turn|17\n|\n|t:|1667214167\n|switch|p2a: Bolt|Zapdos|100\/100\n|move|p1a: Hawlucha|Close Combat|p2a: Bolt\n|-resisted|p2a: Bolt\n|-damage|p2a: Bolt|59\/100\n|-unboost|p1a: Hawlucha|def|1\n|-unboost|p1a: Hawlucha|spd|1\n|-status|p1a: Hawlucha|par|[from] ability: Static|[of] p2a: Bolt\n|\n|-damage|p1a: Hawlucha|28\/100 par|[from] Leech Seed|[of] p2a: Bolt\n|-heal|p2a: Bolt|69\/100|[silent]\n|upkeep\n|turn|18\n|\n|t:|1667214171\n|move|p1a: Hawlucha|Acrobatics|p2a: Bolt\n|-resisted|p2a: Bolt\n|-damage|p2a: Bolt|34\/100\n|move|p2a: Bolt|Roost|p2a: Bolt\n|-heal|p2a: Bolt|84\/100\n|-singleturn|p2a: Bolt|move: Roost\n|\n|-damage|p1a: Hawlucha|16\/100 par|[from] Leech Seed|[of] p2a: Bolt\n|-heal|p2a: Bolt|94\/100|[silent]\n|-fieldend|move: Electric Terrain\n|upkeep\n|turn|19\n|\n|t:|1667214178\n|switch|p1a: Zeraora|Zeraora|100\/100\n|move|p2a: Bolt|Volt Switch|p1a: Zeraora\n|-immune|p1a: Zeraora|[from] ability: Volt Absorb\n|\n|upkeep\n|turn|20\n|\n|t:|1667214184\n|move|p1a: Zeraora|Plasma Fists|p2a: Bolt\n|-damage|p2a: Bolt|58\/100\n|-fieldactivate|move: Ion Deluge\n|-hint|Normal-type moves become Electric-type after using Plasma Fists.\n|move|p2a: Bolt|Toxic|p1a: Zeraora\n|-status|p1a: Zeraora|tox\n|\n|-damage|p1a: Zeraora|95\/100 tox|[from] psn\n|upkeep\n|turn|21\n|j| user1_ou\n|\n|t:|1667214194\n|switch|p1a: Regieleki|Regieleki|100\/100\n|-status|p1a: Regieleki|psn\n|move|p2a: Bolt|Roost|p2a: Bolt\n|-heal|p2a: Bolt|100\/100\n|-singleturn|p2a: Bolt|move: Roost\n|\n|-damage|p1a: Regieleki|88\/100 psn|[from] psn\n|upkeep\n|turn|22\n|\n|t:|1667214201\n|switch|p1a: Tapu Koko|Tapu Koko|100\/100\n|-fieldstart|move: Electric Terrain|[from] ability: Electric Surge|[of] p1a: Tapu Koko\n|move|p2a: Bolt|Roost||[still]\n|-fail|p2a: Bolt|heal\n|\n|upkeep\n|turn|23\n|\n|t:|1667214207\n|switch|p1a: Zeraora|Zeraora|95\/100 tox\n|move|p2a: Bolt|Roost||[still]\n|-fail|p2a: Bolt|heal\n|\n|-damage|p1a: Zeraora|89\/100 tox|[from] psn\n|upkeep\n|turn|24\n|inactive|Steez Ibanez has 120 seconds left.\n|\n|t:|1667214240\n|switch|p1a: Regieleki|Regieleki|88\/100 psn\n|move|p2a: Bolt|Heat Wave|p1a: Regieleki\n|-damage|p1a: Regieleki|32\/100 psn\n|\n|-damage|p1a: Regieleki|20\/100 psn|[from] psn\n|upkeep\n|turn|25\n|\n|t:|1667214245\n|switch|p2a: Samehada|Garchomp, M|100\/100\n|-damage|p2a: Samehada|76\/100|[from] Spikes\n|move|p1a: Regieleki|Thunderbolt|p2a: Samehada\n|-immune|p2a: Samehada\n|\n|-heal|p2a: Samehada|82\/100|[from] item: Leftovers\n|-damage|p1a: Regieleki|8\/100 psn|[from] psn\n|upkeep\n|turn|26\n|\n|t:|1667214251\n|switch|p1a: Tapu Koko|Tapu Koko|100\/100\n|move|p2a: Samehada|Scale Shot|p1a: Tapu Koko\n|-immune|p1a: Tapu Koko\n|\n|-heal|p2a: Samehada|88\/100|[from] item: Leftovers\n|-fieldend|move: Electric Terrain\n|upkeep\n|turn|27\n|\n|t:|1667214255\n|move|p1a: Tapu Koko|Dazzling Gleam|p2a: Samehada\n|-supereffective|p2a: Samehada\n|-damage|p2a: Samehada|12\/100\n|move|p2a: Samehada|Earthquake|p1a: Tapu Koko\n|-supereffective|p1a: Tapu Koko\n|-damage|p1a: Tapu Koko|0 fnt\n|faint|p1a: Tapu Koko\n|\n|-heal|p2a: Samehada|18\/100|[from] item: Leftovers\n|upkeep\n|\n|t:|1667214260\n|switch|p1a: Zeraora|Zeraora|89\/100 tox\n|turn|28\n|\n|t:|1667214262\n|switch|p2a: Abomination|Ferrothorn, M|80\/100\n|-damage|p2a: Abomination|55\/100|[from] Spikes\n|move|p1a: Zeraora|Knock Off|p2a: Abomination\n|-damage|p2a: Abomination|36\/100\n|-damage|p1a: Zeraora|76\/100 tox|[from] ability: Iron Barbs|[of] p2a: Abomination\n|-damage|p1a: Zeraora|60\/100 tox|[from] item: Rocky Helmet|[of] p2a: Abomination\n|-enditem|p2a: Abomination|Rocky Helmet|[from] move: Knock Off|[of] p1a: Zeraora\n|\n|-damage|p1a: Zeraora|54\/100 tox|[from] psn\n|upkeep\n|turn|29\n|\n|t:|1667214266\n|move|p1a: Zeraora|Close Combat|p2a: Abomination\n|-supereffective|p2a: Abomination\n|-damage|p2a: Abomination|0 fnt\n|-unboost|p1a: Zeraora|def|1\n|-unboost|p1a: Zeraora|spd|1\n|-damage|p1a: Zeraora|42\/100 tox|[from] ability: Iron Barbs|[of] p2a: Abomination\n|faint|p2a: Abomination\n|\n|-damage|p1a: Zeraora|30\/100 tox|[from] psn\n|upkeep\n|\n|t:|1667214268\n|switch|p2a: Speedwagon|Weezing-Galar, M|100\/100\n|turn|30\n|\n|t:|1667214271\n|move|p1a: Zeraora|Knock Off|p2a: Speedwagon\n|-resisted|p2a: Speedwagon\n|-damage|p2a: Speedwagon|91\/100\n|-enditem|p2a: Speedwagon|Black Sludge|[from] move: Knock Off|[of] p1a: Zeraora\n|move|p2a: Speedwagon|Sludge Bomb|p1a: Zeraora\n|-damage|p1a: Zeraora|0 fnt\n|faint|p1a: Zeraora\n|\n|upkeep\n|\n|t:|1667214274\n|switch|p1a: Regieleki|Regieleki|8\/100 psn\n|turn|31\n|\n|t:|1667214278\n|move|p1a: Regieleki|Volt Switch|p2a: Speedwagon\n|-damage|p2a: Speedwagon|3\/100\n|\n|t:|1667214281\n|switch|p1a: Hawlucha|Hawlucha, F|16\/100 par|[from]move: Volt Switch\n|move|p2a: Speedwagon|Sludge Bomb|p1a: Hawlucha\n|-damage|p1a: Hawlucha|0 fnt\n|faint|p1a: Hawlucha\n|\n|upkeep\n|\n|t:|1667214284\n|switch|p1a: Regieleki|Regieleki|8\/100 psn\n|turn|32\n|\n|t:|1667214286\n|move|p1a: Regieleki|Volt Switch|p2a: Speedwagon\n|-damage|p2a: Speedwagon|0 fnt\n|faint|p2a: Speedwagon\n|\n|t:|1667214289\n|switch|p1a: Dragonite|Dragonite, F|63\/100|[from]move: Volt Switch\n|\n|upkeep\n|\n|t:|1667214295\n|switch|p2a: Reptar|Tyranitar, M|68\/100\n|-weather|Sandstorm|[from] ability: Sand Stream|[of] p2a: Reptar\n|turn|33\n|\n|t:|1667214298\n|move|p1a: Dragonite|Dual Wingbeat|p2a: Reptar\n|-resisted|p2a: Reptar\n|-damage|p2a: Reptar|61\/100\n|-resisted|p2a: Reptar\n|-damage|p2a: Reptar|54\/100\n|-hitcount|p2a: Reptar|2\n|move|p2a: Reptar|Stealth Rock|p1a: Dragonite\n|-sidestart|p1: i know im horrible|move: Stealth Rock\n|\n|-weather|Sandstorm|[upkeep]\n|-damage|p1a: Dragonite|57\/100|[from] Sandstorm\n|upkeep\n|turn|34\n|\n|t:|1667214304\n|move|p1a: Dragonite|Roost|p1a: Dragonite\n|-heal|p1a: Dragonite|100\/100\n|-singleturn|p1a: Dragonite|move: Roost\n|move|p2a: Reptar|Ice Beam|p1a: Dragonite\n|-supereffective|p1a: Dragonite\n|-damage|p1a: Dragonite|88\/100\n|\n|-weather|Sandstorm|[upkeep]\n|-damage|p1a: Dragonite|82\/100|[from] Sandstorm\n|upkeep\n|turn|35\n|\n|t:|1667214309\n|move|p1a: Dragonite|Dragon Dance|p1a: Dragonite\n|-boost|p1a: Dragonite|atk|1\n|-boost|p1a: Dragonite|spe|1\n|move|p2a: Reptar|Stealth Rock||[still]\n|-fail|p2a: Reptar\n|\n|-weather|Sandstorm|[upkeep]\n|-damage|p1a: Dragonite|76\/100|[from] Sandstorm\n|upkeep\n|turn|36\n|\n|t:|1667214316\n|move|p1a: Dragonite|Roost|p1a: Dragonite\n|-heal|p1a: Dragonite|100\/100\n|-singleturn|p1a: Dragonite|move: Roost\n|move|p2a: Reptar|Rock Blast|p1a: Dragonite\n|-damage|p1a: Dragonite|95\/100\n|-damage|p1a: Dragonite|84\/100\n|-damage|p1a: Dragonite|73\/100\n|-hitcount|p1a: Dragonite|3\n|\n|-weather|Sandstorm|[upkeep]\n|-damage|p1a: Dragonite|67\/100|[from] Sandstorm\n|upkeep\n|turn|37\n|\n|t:|1667214322\n|move|p1a: Dragonite|Roost|p1a: Dragonite\n|-heal|p1a: Dragonite|100\/100\n|-singleturn|p1a: Dragonite|move: Roost\n|move|p2a: Reptar|Rock Blast|p1a: Dragonite\n|-damage|p1a: Dragonite|95\/100\n|-damage|p1a: Dragonite|85\/100\n|-damage|p1a: Dragonite|74\/100\n|-damage|p1a: Dragonite|63\/100\n|-hitcount|p1a: Dragonite|4\n|\n|-weather|none\n|upkeep\n|turn|38\n|\n|t:|1667214330\n|move|p1a: Dragonite|Roost|p1a: Dragonite\n|-heal|p1a: Dragonite|100\/100\n|-singleturn|p1a: Dragonite|move: Roost\n|move|p2a: Reptar|Thunder Wave|p1a: Dragonite\n|-status|p1a: Dragonite|par\n|\n|upkeep\n|turn|39\n|\n|t:|1667214334\n|switch|p2a: Samehada|Garchomp, M|18\/100\n|-damage|p2a: Samehada|0 fnt|[from] Spikes\n|faint|p2a: Samehada\n|move|p1a: Dragonite|Dragon Dance|p1a: Dragonite\n|-boost|p1a: Dragonite|atk|1\n|-boost|p1a: Dragonite|spe|1\n|\n|upkeep\n|\n|t:|1667214336\n|switch|p2a: Reptar|Tyranitar, M|54\/100\n|-weather|Sandstorm|[from] ability: Sand Stream|[of] p2a: Reptar\n|turn|40\n|\n|t:|1667214343\n|move|p1a: Dragonite|Dual Wingbeat|p2a: Reptar\n|-resisted|p2a: Reptar\n|-damage|p2a: Reptar|39\/100\n|-resisted|p2a: Reptar\n|-damage|p2a: Reptar|26\/100\n|-hitcount|p2a: Reptar|2\n|move|p2a: Reptar|Rock Blast|p1a: Dragonite\n|-supereffective|p1a: Dragonite\n|-damage|p1a: Dragonite|90\/100 par\n|-supereffective|p1a: Dragonite\n|-damage|p1a: Dragonite|68\/100 par\n|-supereffective|p1a: Dragonite\n|-damage|p1a: Dragonite|49\/100 par\n|-hitcount|p1a: Dragonite|3\n|\n|-weather|Sandstorm|[upkeep]\n|-damage|p1a: Dragonite|43\/100 par|[from] Sandstorm\n|upkeep\n|turn|41\n|\n|t:|1667214350\n|move|p1a: Dragonite|Dual Wingbeat|p2a: Reptar\n|-resisted|p2a: Reptar\n|-damage|p2a: Reptar|13\/100\n|-resisted|p2a: Reptar\n|-damage|p2a: Reptar|0 fnt\n|faint|p2a: Reptar\n|-hitcount|p2: Reptar|2\n|\n|-weather|Sandstorm|[upkeep]\n|-damage|p1a: Dragonite|37\/100 par|[from] Sandstorm\n|upkeep\n|\n|t:|1667214352\n|switch|p2a: Bolt|Zapdos|100\/100\n|turn|42\n|\n|t:|1667214355\n|move|p2a: Bolt|Volt Switch|p1a: Dragonite\n|-damage|p1a: Dragonite|17\/100 par\n|move|p1a: Dragonite|Roost|p1a: Dragonite\n|-heal|p1a: Dragonite|67\/100 par\n|-singleturn|p1a: Dragonite|move: Roost\n|\n|-weather|Sandstorm|[upkeep]\n|-damage|p2a: Bolt|94\/100|[from] Sandstorm\n|-damage|p1a: Dragonite|61\/100 par|[from] Sandstorm\n|upkeep\n|turn|43\n|\n|t:|1667214358\n|move|p2a: Bolt|Volt Switch|p1a: Dragonite\n|-damage|p1a: Dragonite|43\/100 par\n|cant|p1a: Dragonite|par\n|\n|-weather|Sandstorm|[upkeep]\n|-damage|p2a: Bolt|88\/100|[from] Sandstorm\n|-damage|p1a: Dragonite|37\/100 par|[from] Sandstorm\n|upkeep\n|turn|44\n|\n|t:|1667214361\n|move|p2a: Bolt|Volt Switch|p1a: Dragonite\n|-damage|p1a: Dragonite|18\/100 par\n|move|p1a: Dragonite|Roost|p1a: Dragonite\n|-heal|p1a: Dragonite|68\/100 par\n|-singleturn|p1a: Dragonite|move: Roost\n|\n|-weather|none\n|upkeep\n|turn|45\n|\n|t:|1667214365\n|move|p2a: Bolt|Volt Switch|p1a: Dragonite\n|-damage|p1a: Dragonite|49\/100 par\n|move|p1a: Dragonite|Roost|p1a: Dragonite\n|-heal|p1a: Dragonite|99\/100 par\n|-singleturn|p1a: Dragonite|move: Roost\n|\n|upkeep\n|turn|46\n|\n|t:|1667214369\n|move|p2a: Bolt|Volt Switch|p1a: Dragonite\n|-damage|p1a: Dragonite|79\/100 par\n|cant|p1a: Dragonite|par\n|\n|upkeep\n|turn|47\n|\n|t:|1667214372\n|move|p2a: Bolt|Volt Switch|p1a: Dragonite\n|-damage|p1a: Dragonite|61\/100 par\n|move|p1a: Dragonite|Substitute|p1a: Dragonite\n|-start|p1a: Dragonite|Substitute\n|-damage|p1a: Dragonite|36\/100 par\n|\n|upkeep\n|turn|48\n|\n|t:|1667214375\n|move|p2a: Bolt|Volt Switch|p1a: Dragonite\n|-activate|p1a: Dragonite|move: Substitute|[damage]\n|cant|p1a: Dragonite|par\n|\n|upkeep\n|turn|49\n|\n|t:|1667214378\n|move|p2a: Bolt|Volt Switch|p1a: Dragonite\n|-end|p1a: Dragonite|Substitute\n|move|p1a: Dragonite|Roost|p1a: Dragonite\n|-heal|p1a: Dragonite|86\/100 par\n|-singleturn|p1a: Dragonite|move: Roost\n|\n|upkeep\n|turn|50\n|\n|t:|1667214386\n|move|p2a: Bolt|Volt Switch|p1a: Dragonite\n|-damage|p1a: Dragonite|68\/100 par\n|move|p1a: Dragonite|Substitute|p1a: Dragonite\n|-start|p1a: Dragonite|Substitute\n|-damage|p1a: Dragonite|43\/100 par\n|\n|upkeep\n|turn|51\n|\n|t:|1667214397\n|move|p2a: Bolt|Volt Switch|p1a: Dragonite\n|-activate|p1a: Dragonite|move: Substitute|[damage]\n|cant|p1a: Dragonite|par\n|\n|upkeep\n|turn|52\n|\n|t:|1667214402\n|move|p2a: Bolt|Volt Switch|p1a: Dragonite\n|-end|p1a: Dragonite|Substitute\n|move|p1a: Dragonite|Roost|p1a: Dragonite\n|-heal|p1a: Dragonite|93\/100 par\n|-singleturn|p1a: Dragonite|move: Roost\n|\n|upkeep\n|turn|53\n|\n|t:|1667214423\n|move|p2a: Bolt|Volt Switch|p1a: Dragonite\n|-damage|p1a: Dragonite|74\/100 par\n|move|p1a: Dragonite|Substitute|p1a: Dragonite\n|-start|p1a: Dragonite|Substitute\n|-damage|p1a: Dragonite|49\/100 par\n|\n|upkeep\n|turn|54\n|\n|t:|1667214427\n|move|p2a: Bolt|Volt Switch|p1a: Dragonite\n|-activate|p1a: Dragonite|move: Substitute|[damage]\n|move|p1a: Dragonite|Dragon Dance|p1a: Dragonite\n|-boost|p1a: Dragonite|atk|1\n|-boost|p1a: Dragonite|spe|1\n|\n|upkeep\n|turn|55\n|inactive|Steez Ibanez has 120 seconds left.\n|inactive|Steez Ibanez has 90 seconds left.\n|\n|t:|1667214514\n|move|p1a: Dragonite|Dragon Dance|p1a: Dragonite\n|-boost|p1a: Dragonite|atk|1\n|-boost|p1a: Dragonite|spe|1\n|move|p2a: Bolt|Volt Switch|p1a: Dragonite\n|-crit|p1a: Dragonite\n|-end|p1a: Dragonite|Substitute\n|\n|upkeep\n|turn|56\n|\n|t:|1667214522\n|move|p1a: Dragonite|Roost|p1a: Dragonite\n|-heal|p1a: Dragonite|99\/100 par\n|-singleturn|p1a: Dragonite|move: Roost\n|move|p2a: Bolt|Volt Switch|p1a: Dragonite\n|-resisted|p1a: Dragonite\n|-damage|p1a: Dragonite|89\/100 par\n|\n|upkeep\n|turn|57\n|\n|t:|1667214525\n|move|p1a: Dragonite|Dragon Dance|p1a: Dragonite\n|-boost|p1a: Dragonite|atk|1\n|-boost|p1a: Dragonite|spe|1\n|move|p2a: Bolt|Volt Switch|p1a: Dragonite\n|-damage|p1a: Dragonite|69\/100 par\n|\n|upkeep\n|turn|58\n|\n|t:|1667214528\n|cant|p1a: Dragonite|par\n|move|p2a: Bolt|Volt Switch|p1a: Dragonite\n|-damage|p1a: Dragonite|50\/100 par\n|\n|upkeep\n|turn|59\n|\n|t:|1667214531\n|cant|p1a: Dragonite|par\n|move|p2a: Bolt|Volt Switch|p1a: Dragonite\n|-damage|p1a: Dragonite|33\/100 par\n|\n|upkeep\n|turn|60\n|\n|t:|1667214533\n|move|p1a: Dragonite|Roost|p1a: Dragonite\n|-heal|p1a: Dragonite|83\/100 par\n|-singleturn|p1a: Dragonite|move: Roost\n|move|p2a: Bolt|Volt Switch|p1a: Dragonite\n|-resisted|p1a: Dragonite\n|-damage|p1a: Dragonite|74\/100 par\n|\n|upkeep\n|turn|61\n|\n|t:|1667214538\n|move|p1a: Dragonite|Substitute|p1a: Dragonite\n|-start|p1a: Dragonite|Substitute\n|-damage|p1a: Dragonite|49\/100 par\n|move|p2a: Bolt|Heat Wave|p1a: Dragonite\n|-resisted|p1a: Dragonite\n|-activate|p1a: Dragonite|move: Substitute|[damage]\n|\n|upkeep\n|turn|62\n|\n|t:|1667214544\n|cant|p1a: Dragonite|par\n|move|p2a: Bolt|Heat Wave|p1a: Dragonite\n|-resisted|p1a: Dragonite\n|-activate|p1a: Dragonite|move: Substitute|[damage]\n|\n|upkeep\n|turn|63\n|\n|t:|1667214550\n|cant|p1a: Dragonite|par\n|move|p2a: Bolt|Volt Switch|p1a: Dragonite\n|-end|p1a: Dragonite|Substitute\n|\n|upkeep\n|turn|64\n|\n|t:|1667214553\n|cant|p1a: Dragonite|par\n|move|p2a: Bolt|Heat Wave|p1a: Dragonite\n|-resisted|p1a: Dragonite\n|-damage|p1a: Dragonite|41\/100 par\n|\n|upkeep\n|turn|65\n|\n|t:|1667214558\n|move|p1a: Dragonite|Roost|p1a: Dragonite\n|-heal|p1a: Dragonite|91\/100 par\n|-singleturn|p1a: Dragonite|move: Roost\n|move|p2a: Bolt|Volt Switch|p1a: Dragonite\n|-resisted|p1a: Dragonite\n|-damage|p1a: Dragonite|81\/100 par\n|\n|upkeep\n|turn|66\n|\n|t:|1667214560\n|move|p1a: Dragonite|Dragon Dance|p1a: Dragonite\n|-boost|p1a: Dragonite|atk|1\n|-boost|p1a: Dragonite|spe|1\n|move|p2a: Bolt|Volt Switch|p1a: Dragonite\n|-damage|p1a: Dragonite|62\/100 par\n|\n|upkeep\n|turn|67\n|\n|t:|1667214564\n|move|p1a: Dragonite|Roost|p1a: Dragonite\n|-heal|p1a: Dragonite|100\/100 par\n|-singleturn|p1a: Dragonite|move: Roost\n|move|p2a: Bolt|Heat Wave|p1a: Dragonite\n|-resisted|p1a: Dragonite\n|-damage|p1a: Dragonite|96\/100 par\n|\n|upkeep\n|turn|68\n|\n|t:|1667214569\n|cant|p1a: Dragonite|par\n|move|p2a: Bolt|Volt Switch|p1a: Dragonite\n|-damage|p1a: Dragonite|76\/100 par\n|\n|upkeep\n|turn|69\n|\n|t:|1667214572\n|move|p1a: Dragonite|Substitute|p1a: Dragonite\n|-start|p1a: Dragonite|Substitute\n|-damage|p1a: Dragonite|51\/100 par\n|move|p2a: Bolt|Volt Switch|p1a: Dragonite\n|-activate|p1a: Dragonite|move: Substitute|[damage]\n|\n|upkeep\n|turn|70\n|\n|t:|1667214574\n|move|p1a: Dragonite|Roost|p1a: Dragonite\n|-heal|p1a: Dragonite|100\/100 par\n|-singleturn|p1a: Dragonite|move: Roost\n|move|p2a: Bolt|Heat Wave|p1a: Dragonite\n|-resisted|p1a: Dragonite\n|-activate|p1a: Dragonite|move: Substitute|[damage]\n|\n|upkeep\n|turn|71\n|\n|t:|1667214578\n|move|p1a: Dragonite|Dual Wingbeat|p2a: Bolt\n|-resisted|p2a: Bolt\n|-damage|p2a: Bolt|63\/100\n|-resisted|p2a: Bolt\n|-damage|p2a: Bolt|37\/100\n|-hitcount|p2a: Bolt|2\n|move|p2a: Bolt|Heat Wave|p1a: Dragonite\n|-resisted|p1a: Dragonite\n|-end|p1a: Dragonite|Substitute\n|\n|upkeep\n|turn|72\n|\n|t:|1667214583\n|cant|p1a: Dragonite|par\n|move|p2a: Bolt|Roost|p2a: Bolt\n|-heal|p2a: Bolt|87\/100\n|-singleturn|p2a: Bolt|move: Roost\n|\n|upkeep\n|turn|73\n|\n|t:|1667214587\n|cant|p1a: Dragonite|par\n|move|p2a: Bolt|Roost|p2a: Bolt\n|-heal|p2a: Bolt|100\/100\n|-singleturn|p2a: Bolt|move: Roost\n|\n|upkeep\n|turn|74\n|\n|t:|1667214593\n|move|p1a: Dragonite|Dual Wingbeat|p2a: Bolt\n|-resisted|p2a: Bolt\n|-damage|p2a: Bolt|75\/100\n|-resisted|p2a: Bolt\n|-damage|p2a: Bolt|49\/100\n|-hitcount|p2a: Bolt|2\n|move|p2a: Bolt|Roost|p2a: Bolt\n|-heal|p2a: Bolt|99\/100\n|-singleturn|p2a: Bolt|move: Roost\n|\n|upkeep\n|turn|75\n|\n|t:|1667214603\n|cant|p1a: Dragonite|par\n|move|p2a: Bolt|Volt Switch|p1a: Dragonite\n|-damage|p1a: Dragonite|92\/100 par\n|\n|upkeep\n|turn|76\n|\n|t:|1667214607\n|move|p1a: Dragonite|Dual Wingbeat|p2a: Bolt\n|-resisted|p2a: Bolt\n|-damage|p2a: Bolt|73\/100\n|-resisted|p2a: Bolt\n|-damage|p2a: Bolt|47\/100\n|-hitcount|p2a: Bolt|2\n|move|p2a: Bolt|Roost|p2a: Bolt\n|-heal|p2a: Bolt|97\/100\n|-singleturn|p2a: Bolt|move: Roost\n|\n|upkeep\n|turn|77\n|\n|t:|1667214616\n|move|p1a: Dragonite|Substitute|p1a: Dragonite\n|-start|p1a: Dragonite|Substitute\n|-damage|p1a: Dragonite|67\/100 par\n|move|p2a: Bolt|Roost|p2a: Bolt\n|-heal|p2a: Bolt|100\/100\n|-singleturn|p2a: Bolt|move: Roost\n|\n|upkeep\n|turn|78\n|\n|t:|1667214628\n|move|p1a: Dragonite|Dual Wingbeat|p2a: Bolt\n|-resisted|p2a: Bolt\n|-damage|p2a: Bolt|77\/100\n|-resisted|p2a: Bolt\n|-damage|p2a: Bolt|52\/100\n|-hitcount|p2a: Bolt|2\n|move|p2a: Bolt|Volt Switch|p1a: Dragonite\n|-activate|p1a: Dragonite|move: Substitute|[damage]\n|\n|upkeep\n|turn|79\n|\n|t:|1667214634\n|move|p1a: Dragonite|Dual Wingbeat|p2a: Bolt\n|-resisted|p2a: Bolt\n|-damage|p2a: Bolt|29\/100\n|-resisted|p2a: Bolt\n|-damage|p2a: Bolt|3\/100\n|-hitcount|p2a: Bolt|2\n|move|p2a: Bolt|Roost|p2a: Bolt\n|-heal|p2a: Bolt|53\/100\n|-singleturn|p2a: Bolt|move: Roost\n|\n|upkeep\n|turn|80\n|\n|t:|1667214640\n|move|p1a: Dragonite|Dual Wingbeat|p2a: Bolt\n|-resisted|p2a: Bolt\n|-damage|p2a: Bolt|29\/100\n|-resisted|p2a: Bolt\n|-damage|p2a: Bolt|2\/100\n|-hitcount|p2a: Bolt|2\n|move|p2a: Bolt|Roost|p2a: Bolt\n|-heal|p2a: Bolt|52\/100\n|-singleturn|p2a: Bolt|move: Roost\n|\n|upkeep\n|turn|81\n|\n|t:|1667214647\n|cant|p1a: Dragonite|par\n|move|p2a: Bolt|Roost|p2a: Bolt\n|-heal|p2a: Bolt|100\/100\n|-singleturn|p2a: Bolt|move: Roost\n|\n|upkeep\n|turn|82\n|\n|t:|1667214651\n|move|p1a: Dragonite|Dual Wingbeat|p2a: Bolt\n|-resisted|p2a: Bolt\n|-damage|p2a: Bolt|77\/100\n|-resisted|p2a: Bolt\n|-damage|p2a: Bolt|51\/100\n|-hitcount|p2a: Bolt|2\n|move|p2a: Bolt|Heat Wave|p1a: Dragonite\n|-resisted|p1a: Dragonite\n|-end|p1a: Dragonite|Substitute\n|\n|upkeep\n|turn|83\n|\n|t:|1667214660\n|cant|p1a: Dragonite|par\n|move|p2a: Bolt|Roost|p2a: Bolt\n|-heal|p2a: Bolt|100\/100\n|-singleturn|p2a: Bolt|move: Roost\n|\n|upkeep\n|turn|84\n|\n|t:|1667214663\n|move|p1a: Dragonite|Substitute|p1a: Dragonite\n|-start|p1a: Dragonite|Substitute\n|-damage|p1a: Dragonite|42\/100 par\n|move|p2a: Bolt|Heat Wave|p1a: Dragonite\n|-resisted|p1a: Dragonite\n|-activate|p1a: Dragonite|move: Substitute|[damage]\n|\n|upkeep\n|turn|85\n|\n|t:|1667214674\n|move|p1a: Dragonite|Roost|p1a: Dragonite\n|-heal|p1a: Dragonite|92\/100 par\n|-singleturn|p1a: Dragonite|move: Roost\n|move|p2a: Bolt|Toxic||[still]\n|-fail|p2a: Bolt\n|\n|upkeep\n|turn|86\n|\n|t:|1667214682\n|cant|p1a: Dragonite|par\n|move|p2a: Bolt|Toxic||[still]\n|-fail|p2a: Bolt\n|\n|upkeep\n|turn|87\n|\n|t:|1667214684\n|move|p1a: Dragonite|Dual Wingbeat|p2a: Bolt\n|-resisted|p2a: Bolt\n|-damage|p2a: Bolt|74\/100\n|-resisted|p2a: Bolt\n|-damage|p2a: Bolt|48\/100\n|-hitcount|p2a: Bolt|2\n|move|p2a: Bolt|Heat Wave|p1a: Dragonite|[miss]\n|-miss|p2a: Bolt|p1a: Dragonite\n|\n|upkeep\n|turn|88\n|\n|t:|1667214689\n|move|p1a: Dragonite|Dual Wingbeat|p2a: Bolt|[miss]\n|-miss|p1a: Dragonite|p2a: Bolt\n|move|p2a: Bolt|Roost|p2a: Bolt\n|-heal|p2a: Bolt|98\/100\n|-singleturn|p2a: Bolt|move: Roost\n|\n|upkeep\n|turn|89\n|\n|t:|1667214694\n|move|p1a: Dragonite|Dual Wingbeat|p2a: Bolt\n|-resisted|p2a: Bolt\n|-damage|p2a: Bolt|72\/100\n|-resisted|p2a: Bolt\n|-crit|p2a: Bolt\n|-damage|p2a: Bolt|31\/100\n|-hitcount|p2a: Bolt|2\n|move|p2a: Bolt|Heat Wave|p1a: Dragonite\n|-resisted|p1a: Dragonite\n|-activate|p1a: Dragonite|move: Substitute|[damage]\n|\n|upkeep\n|turn|90\n|c|\u2606i know im horrible|d nite\n|c|\u2606i know im horrible|dont get fucking paralyzed\n|\n|t:|1667214707\n|cant|p1a: Dragonite|par\n|move|p2a: Bolt|Roost|p2a: Bolt\n|-heal|p2a: Bolt|81\/100\n|-singleturn|p2a: Bolt|move: Roost\n|\n|upkeep\n|turn|91\n|c|\u2606i know im horrible|dnite u useless piece of shit\n|n|\u203di know im horrible|iknowimhorrible\n|c|&|\/log i know im horrible was locked from talking by Artemis (\u2606i know im horrible: dnite u useless piece of shit)\n|c|&|\/raw <small>This action was done automatically. Want to learn more about the AI? <a href=\"https:\/\/www.smogon.com\/forums\/threads\/3570628\/#post-9056769\">Visit the information thread<\/a>.<\/small>\n|inactive|i know im horrible has 120 seconds left.\n|c|\u2606Steez Ibanez|Lmao\n|\n|t:|1667214738\n|move|p1a: Dragonite|Dual Wingbeat|p2a: Bolt\n|-resisted|p2a: Bolt\n|-damage|p2a: Bolt|58\/100\n|-resisted|p2a: Bolt\n|-damage|p2a: Bolt|34\/100\n|-hitcount|p2a: Bolt|2\n|move|p2a: Bolt|Heat Wave|p1a: Dragonite\n|-resisted|p1a: Dragonite\n|-end|p1a: Dragonite|Substitute\n|\n|upkeep\n|turn|92\n|\n|t:|1667214743\n|move|p1a: Dragonite|Dual Wingbeat|p2a: Bolt\n|-resisted|p2a: Bolt\n|-damage|p2a: Bolt|10\/100\n|-resisted|p2a: Bolt\n|-damage|p2a: Bolt|0 fnt\n|faint|p2a: Bolt\n|-hitcount|p2: Bolt|2\n|\n|win|i know im horrible\n|raw|i know im horrible's rating: 1702 &rarr; <strong>1727<\/strong><br \/>(+25 for winning)\n|raw|Steez Ibanez's rating: 1793 &rarr; <strong>1768<\/strong><br \/>(-25 for losing)\n|l|\u2606Steez Ibanez\n|l| user1_ou\n||Ladder isn't responding, score probably updated but might not have (Request timeout).\n","uploadtime":1667214714,"views":8,"p1id":"iknowimhorrible","p2id":"steezibanez","formatid":"gen8ou","rating":1727,"private":0,"password":null}