{"id":"gen8ou-1631360205","p1":"Jakkkkkka","p2":"LT91BB Kebab","format":"gen8ou","log":"|raw|<div class=\"broadcast-blue\"><strong>This battle is required to be public due to a player having a name starting with 'lt91bb'.<\/div>\n|j|\u2606Jakkkkkka\n|j|\u2606LT91BB Kebab\n|t:|1659535493\n|gametype|singles\n|player|p1|Jakkkkkka|norman|1700\n|player|p2|LT91BB Kebab|volkner|1858\n|teamsize|p1|6\n|teamsize|p2|6\n|gen|8\n|tier|[Gen 8] OU\n|rated|\n|rule|Sleep Clause Mod: Limit one foe put to sleep\n|rule|Species Clause: Limit one of each Pok\u00e9mon\n|rule|OHKO Clause: OHKO moves are banned\n|rule|Evasion Moves Clause: Evasion moves are banned\n|rule|Endless Battle Clause: Forcing endless battles is banned\n|rule|HP Percentage Mod: HP is shown in percentages\n|rule|Dynamax Clause: You cannot dynamax\n|clearpoke\n|poke|p1|Landorus-Therian, M|\n|poke|p1|Urshifu-*, F|\n|poke|p1|Cobalion|\n|poke|p1|Heatran, M|\n|poke|p1|Dragapult, M|\n|poke|p1|Rillaboom, M|\n|poke|p2|Tapu Koko|\n|poke|p2|Tornadus-Therian, M|\n|poke|p2|Hippowdon, F|\n|poke|p2|Skarmory, F|\n|poke|p2|Reuniclus, M|\n|poke|p2|Toxapex, F|\n|teampreview\n|inactive|Battle timer is ON: inactive players will automatically lose when time's up. (requested by LT91BB Kebab)\n|j| irgendwasmitmeeem\n|\n|t:|1659535538\n|start\n|switch|p1a: Cobalion|Cobalion|100\/100\n|switch|p2a: Tornadus|Tornadus-Therian, M|100\/100\n|turn|1\n|inactive|Jakkkkkka has 120 seconds left.\n|\n|t:|1659535574\n|move|p2a: Tornadus|Taunt|p1a: Cobalion\n|-start|p1a: Cobalion|move: Taunt\n|cant|p1a: Cobalion|move: Taunt|Thunder Wave\n|\n|upkeep\n|turn|2\n|\n|t:|1659535581\n|switch|p1a: Landorus|Landorus-Therian, M|100\/100\n|-ability|p1a: Landorus|Intimidate|boost\n|-unboost|p2a: Tornadus|atk|1\n|move|p2a: Tornadus|U-turn|p1a: Landorus\n|-resisted|p1a: Landorus\n|-damage|p1a: Landorus|95\/100\n|\n|t:|1659535584\n|switch|p2a: Hippowdon|Hippowdon, F|100\/100|[from]move: U-turn\n|-weather|Sandstorm|[from] ability: Sand Stream|[of] p2a: Hippowdon\n|\n|-weather|Sandstorm|[upkeep]\n|upkeep\n|turn|3\n|\n|t:|1659535602\n|move|p1a: Landorus|Swords Dance|p1a: Landorus\n|-boost|p1a: Landorus|atk|2\n|move|p2a: Hippowdon|Stealth Rock|p1a: Landorus\n|-sidestart|p1: Jakkkkkka|move: Stealth Rock\n|\n|-weather|Sandstorm|[upkeep]\n|upkeep\n|turn|4\n|\n|t:|1659535619\n|move|p1a: Landorus|Earthquake|p2a: Hippowdon\n|-crit|p2a: Hippowdon\n|-damage|p2a: Hippowdon|0 fnt\n|faint|p2a: Hippowdon\n|\n|-weather|Sandstorm|[upkeep]\n|upkeep\n|\n|t:|1659535623\n|switch|p2a: Skarmory|Skarmory, F|100\/100\n|turn|5\n|\n|t:|1659535627\n|move|p1a: Landorus|Stone Edge|p2a: Skarmory\n|-damage|p2a: Skarmory|58\/100\n|move|p2a: Skarmory|Toxic|p1a: Landorus\n|-status|p1a: Landorus|tox\n|\n|-weather|Sandstorm|[upkeep]\n|-damage|p1a: Landorus|89\/100 tox|[from] psn\n|upkeep\n|turn|6\n|\n|t:|1659535636\n|move|p1a: Landorus|Swords Dance|p1a: Landorus\n|-boost|p1a: Landorus|atk|2\n|move|p2a: Skarmory|Roost|p2a: Skarmory\n|-heal|p2a: Skarmory|100\/100\n|-singleturn|p2a: Skarmory|move: Roost\n|\n|-weather|none\n|-damage|p1a: Landorus|77\/100 tox|[from] psn\n|upkeep\n|turn|7\n|\n|t:|1659535644\n|move|p1a: Landorus|Stone Edge|p2a: Skarmory\n|-damage|p2a: Skarmory|30\/100\n|move|p2a: Skarmory|Roost|p2a: Skarmory\n|-heal|p2a: Skarmory|80\/100\n|-singleturn|p2a: Skarmory|move: Roost\n|\n|-damage|p1a: Landorus|59\/100 tox|[from] psn\n|upkeep\n|turn|8\n|\n|t:|1659535654\n|move|p1a: Landorus|Stone Edge|p2a: Skarmory|[miss]\n|-miss|p1a: Landorus|p2a: Skarmory\n|move|p2a: Skarmory|Roost|p2a: Skarmory\n|-heal|p2a: Skarmory|100\/100\n|-singleturn|p2a: Skarmory|move: Roost\n|\n|-damage|p1a: Landorus|35\/100 tox|[from] psn\n|upkeep\n|turn|9\n|\n|t:|1659535665\n|move|p1a: Landorus|Stone Edge|p2a: Skarmory\n|-damage|p2a: Skarmory|32\/100\n|move|p2a: Skarmory|Roost|p2a: Skarmory\n|-heal|p2a: Skarmory|82\/100\n|-singleturn|p2a: Skarmory|move: Roost\n|\n|-damage|p1a: Landorus|5\/100 tox|[from] psn\n|upkeep\n|turn|10\n|\n|t:|1659535673\n|switch|p2a: Reuniclus|Reuniclus, M|100\/100\n|move|p1a: Landorus|Explosion|p2a: Reuniclus\n|-damage|p2a: Reuniclus|0 fnt\n|faint|p1a: Landorus\n|faint|p2a: Reuniclus\n|\n|upkeep\n|\n|t:|1659535689\n|switch|p1a: Cobalion|Cobalion|100\/100\n|switch|p2a: Tornadus|Tornadus-Therian, M|100\/100\n|-damage|p1a: Cobalion|97\/100|[from] Stealth Rock\n|turn|11\n|\n|t:|1659535694\n|switch|p1a: Heatran|Heatran, M|100\/100\n|-damage|p1a: Heatran|88\/100|[from] Stealth Rock\n|move|p2a: Tornadus|Taunt|p1a: Heatran\n|-start|p1a: Heatran|move: Taunt\n|\n|upkeep\n|turn|12\n|\n|t:|1659535702\n|move|p2a: Tornadus|Knock Off|p1a: Heatran\n|-damage|p1a: Heatran|66\/100\n|-enditem|p1a: Heatran|Choice Specs|[from] move: Knock Off|[of] p2a: Tornadus\n|move|p1a: Heatran|Earth Power|p2a: Tornadus\n|-immune|p2a: Tornadus\n|\n|upkeep\n|turn|13\n|\n|t:|1659535720\n|move|p2a: Tornadus|Hurricane|p1a: Heatran\n|-resisted|p1a: Heatran\n|-damage|p1a: Heatran|46\/100\n|move|p1a: Heatran|Flamethrower|p2a: Tornadus\n|-damage|p2a: Tornadus|45\/100\n|\n|-end|p1a: Heatran|move: Taunt\n|upkeep\n|turn|14\n|\n|t:|1659535730\n|move|p2a: Tornadus|U-turn|p1a: Heatran\n|-resisted|p1a: Heatran\n|-damage|p1a: Heatran|43\/100\n|\n|t:|1659535732\n|switch|p2a: Toxapex|Toxapex, F|100\/100|[from]move: U-turn\n|move|p1a: Heatran|Flamethrower|p2a: Toxapex\n|-resisted|p2a: Toxapex\n|-damage|p2a: Toxapex|84\/100\n|\n|upkeep\n|turn|15\n|\n|t:|1659535738\n|move|p1a: Heatran|Earth Power|p2a: Toxapex\n|-supereffective|p2a: Toxapex\n|-damage|p2a: Toxapex|37\/100\n|move|p2a: Toxapex|Light Screen|p2a: Toxapex\n|-sidestart|p2: LT91BB Kebab|move: Light Screen\n|\n|upkeep\n|turn|16\n|\n|t:|1659535747\n|move|p1a: Heatran|Flamethrower|p2a: Toxapex\n|-resisted|p2a: Toxapex\n|-damage|p2a: Toxapex|30\/100\n|move|p2a: Toxapex|Recover|p2a: Toxapex\n|-heal|p2a: Toxapex|80\/100\n|\n|upkeep\n|turn|17\n|\n|t:|1659535755\n|move|p1a: Heatran|Earth Power|p2a: Toxapex\n|-supereffective|p2a: Toxapex\n|-damage|p2a: Toxapex|57\/100\n|-unboost|p2a: Toxapex|spd|1\n|move|p2a: Toxapex|Scald|p1a: Heatran\n|-supereffective|p1a: Heatran\n|-damage|p1a: Heatran|9\/100\n|\n|upkeep\n|turn|18\n|\n|t:|1659535764\n|switch|p2a: Tornadus|Tornadus-Therian, M|78\/100\n|move|p1a: Heatran|Flamethrower|p2a: Tornadus\n|-damage|p2a: Tornadus|53\/100\n|\n|upkeep\n|turn|19\n|\n|t:|1659535769\n|move|p2a: Tornadus|Knock Off|p1a: Heatran\n|-crit|p1a: Heatran\n|-damage|p1a: Heatran|0 fnt\n|faint|p1a: Heatran\n|\n|-sideend|p2: LT91BB Kebab|move: Light Screen\n|upkeep\n|j|+plat0\n|\n|t:|1659535781\n|switch|p1a: Dragapult|Dragapult, M|100\/100\n|-damage|p1a: Dragapult|88\/100|[from] Stealth Rock\n|turn|20\n|\n|t:|1659535789\n|switch|p2a: Toxapex|Toxapex, F|90\/100\n|move|p1a: Dragapult|Dragon Darts|p2a: Toxapex\n|-damage|p2a: Toxapex|61\/100\n|-anim|p1a: Dragapult|Dragon Darts|p2a: Toxapex\n|-crit|p2a: Toxapex\n|-damage|p2a: Toxapex|17\/100\n|-damage|p1a: Dragapult|78\/100|[from] item: Life Orb\n|\n|upkeep\n|turn|21\n|\n|t:|1659535797\n|switch|p2a: Tapu Koko|Tapu Koko|100\/100\n|-fieldstart|move: Electric Terrain|[from] ability: Electric Surge|[of] p2a: Tapu Koko\n|move|p1a: Dragapult|Dragon Darts|p2a: Tapu Koko\n|-immune|p2a: Tapu Koko\n|\n|upkeep\n|turn|22\n|\n|t:|1659535811\n|switch|p1a: Rillaboom|Rillaboom, M|100\/100\n|-damage|p1a: Rillaboom|88\/100|[from] Stealth Rock\n|-fieldstart|move: Grassy Terrain|[from] ability: Grassy Surge|[of] p1a: Rillaboom\n|move|p2a: Tapu Koko|Dazzling Gleam|p1a: Rillaboom\n|-damage|p1a: Rillaboom|47\/100\n|\n|-heal|p1a: Rillaboom|54\/100|[from] Grassy Terrain\n|upkeep\n|turn|23\n|\n|t:|1659535821\n|switch|p2a: Skarmory|Skarmory, F|82\/100\n|move|p1a: Rillaboom|Swords Dance|p1a: Rillaboom\n|-boost|p1a: Rillaboom|atk|2\n|\n|-heal|p1a: Rillaboom|60\/100|[from] Grassy Terrain\n|upkeep\n|turn|24\n|\n|t:|1659535832\n|move|p1a: Rillaboom|Drain Punch|p2a: Skarmory\n|-damage|p2a: Skarmory|41\/100\n|-heal|p1a: Rillaboom|80\/100|[from] drain|[of] p2a: Skarmory\n|-damage|p1a: Rillaboom|63\/100|[from] item: Rocky Helmet|[of] p2a: Skarmory\n|-damage|p1a: Rillaboom|53\/100|[from] item: Life Orb\n|move|p2a: Skarmory|Body Press|p1a: Rillaboom\n|-crit|p1a: Rillaboom\n|-damage|p1a: Rillaboom|2\/100\n|\n|-heal|p1a: Rillaboom|8\/100|[from] Grassy Terrain\n|upkeep\n|turn|25\n|\n|t:|1659535848\n|move|p1a: Rillaboom|Drain Punch|p2a: Skarmory\n|-damage|p2a: Skarmory|1\/100\n|-heal|p1a: Rillaboom|28\/100|[from] drain|[of] p2a: Skarmory\n|-damage|p1a: Rillaboom|12\/100|[from] item: Rocky Helmet|[of] p2a: Skarmory\n|-damage|p1a: Rillaboom|2\/100|[from] item: Life Orb\n|move|p2a: Skarmory|Body Press|p1a: Rillaboom\n|-damage|p1a: Rillaboom|0 fnt\n|faint|p1a: Rillaboom\n|\n|upkeep\n|\n|t:|1659535861\n|switch|p1a: Cobalion|Cobalion|97\/100\n|-damage|p1a: Cobalion|94\/100|[from] Stealth Rock\n|turn|26\n|\n|t:|1659535872\n|switch|p2a: Tornadus|Tornadus-Therian, M|86\/100\n|move|p1a: Cobalion|Close Combat|p2a: Tornadus\n|-resisted|p2a: Tornadus\n|-damage|p2a: Tornadus|62\/100\n|-unboost|p1a: Cobalion|def|1\n|-unboost|p1a: Cobalion|spd|1\n|\n|-heal|p1a: Cobalion|100\/100|[from] Grassy Terrain\n|-fieldend|move: Grassy Terrain\n|upkeep\n|turn|27\n|\n|t:|1659535885\n|move|p2a: Tornadus|Taunt|p1a: Cobalion\n|-start|p1a: Cobalion|move: Taunt\n|cant|p1a: Cobalion|move: Taunt|Stealth Rock\n|\n|upkeep\n|turn|28\n|\n|t:|1659535891\n|move|p2a: Tornadus|Hurricane|p1a: Cobalion\n|-damage|p1a: Cobalion|12\/100\n|move|p1a: Cobalion|Close Combat|p2a: Tornadus\n|-resisted|p2a: Tornadus\n|-damage|p2a: Tornadus|36\/100\n|-unboost|p1a: Cobalion|def|1\n|-unboost|p1a: Cobalion|spd|1\n|\n|upkeep\n|turn|29\n|\n|t:|1659535900\n|move|p2a: Tornadus|U-turn|p1a: Cobalion\n|-resisted|p1a: Cobalion\n|-damage|p1a: Cobalion|6\/100\n|\n|t:|1659535906\n|switch|p2a: Skarmory|Skarmory, F|1\/100|[from]move: U-turn\n|move|p1a: Cobalion|Close Combat|p2a: Skarmory\n|-damage|p2a: Skarmory|0 fnt\n|-unboost|p1a: Cobalion|def|1\n|-unboost|p1a: Cobalion|spd|1\n|-damage|p1a: Cobalion|0 fnt|[from] item: Rocky Helmet|[of] p2a: Skarmory\n|faint|p2a: Skarmory\n|faint|p1a: Cobalion\n|\n|upkeep\n|\n|t:|1659535918\n|switch|p1a: Dragapult|Dragapult, M|78\/100\n|switch|p2a: Tapu Koko|Tapu Koko|100\/100\n|-fieldstart|move: Electric Terrain|[from] ability: Electric Surge|[of] p2a: Tapu Koko\n|-damage|p1a: Dragapult|66\/100|[from] Stealth Rock\n|turn|30\n|\n|t:|1659535923\n|move|p2a: Tapu Koko|Dazzling Gleam|p1a: Dragapult\n|-supereffective|p1a: Dragapult\n|-damage|p1a: Dragapult|0 fnt\n|faint|p1a: Dragapult\n|\n|upkeep\n|\n|t:|1659535929\n|switch|p1a: Urshifu|Urshifu-Rapid-Strike, F|100\/100\n|-damage|p1a: Urshifu|94\/100|[from] Stealth Rock\n|turn|31\n|\n|t:|1659535933\n|move|p1a: Urshifu|Surging Strikes|p2a: Tapu Koko\n|-crit|p2a: Tapu Koko\n|-damage|p2a: Tapu Koko|76\/100\n|-crit|p2a: Tapu Koko\n|-damage|p2a: Tapu Koko|52\/100\n|-crit|p2a: Tapu Koko\n|-damage|p2a: Tapu Koko|27\/100\n|-hitcount|p2a: Tapu Koko|3\n|move|p2a: Tapu Koko|Thunderbolt|p1a: Urshifu\n|-supereffective|p1a: Urshifu\n|-damage|p1a: Urshifu|0 fnt\n|faint|p1a: Urshifu\n|\n|win|LT91BB Kebab\n|raw|Jakkkkkka's rating: 1700 &rarr; <strong>1689<\/strong><br \/>(-11 for losing)\n|raw|LT91BB Kebab's rating: 1858 &rarr; <strong>1869<\/strong><br \/>(+11 for winning)\n|l|\u2606LT91BB Kebab\n|l|\u2606Jakkkkkka\n|l|+plat0\n||Ladder isn't responding, score probably updated but might not have (Request timeout).\n","uploadtime":1659536086,"views":40,"p1id":"jakkkkkka","p2id":"lt91bbkebab","formatid":"gen8ou","rating":1689,"private":0,"password":null}