{"id":"gen8ou-1680615278","p1":"minimax_ai","p2":"smoglin doglin","format":"gen8ou","log":"|j|\u2606minimax_ai\n|j|\u2606smoglin doglin\n|t:|1665214936\n|gametype|singles\n|player|p1|minimax_ai|lusamine-nihilego|1687\n|player|p2|smoglin doglin|flannery|1828\n|teamsize|p1|6\n|teamsize|p2|6\n|gen|8\n|tier|[Gen 8] OU\n|rated|\n|rule|Sleep Clause Mod: Limit one foe put to sleep\n|rule|Species Clause: Limit one of each Pok\u00e9mon\n|rule|OHKO Clause: OHKO moves are banned\n|rule|Evasion Items Clause: Evasion items are banned\n|rule|Evasion Moves Clause: Evasion moves are banned\n|rule|Endless Battle Clause: Forcing endless battles is banned\n|rule|HP Percentage Mod: HP is shown in percentages\n|rule|Dynamax Clause: You cannot dynamax\n|clearpoke\n|poke|p1|Rotom-Wash|\n|poke|p1|Weavile, F|\n|poke|p1|Landorus-Therian, M|\n|poke|p1|Heatran, M|\n|poke|p1|Tangrowth, F|\n|poke|p1|Melmetal|\n|poke|p2|Dusknoir, F|\n|poke|p2|Zapdos-Galar|\n|poke|p2|Skarmory, F|\n|poke|p2|Excadrill, F|\n|poke|p2|Tapu Fini|\n|poke|p2|Garchomp, M|\n|teampreview\n|c|\u2606minimax_ai|hf\n|inactive|Battle timer is ON: inactive players will automatically lose when time's up. (requested by minimax_ai)\n|j| Ebullient Days\n|\n|t:|1665214946\n|start\n|switch|p1a: rotomwash|Rotom-Wash|100\/100\n|switch|p2a: Zapdos|Zapdos-Galar|100\/100\n|turn|1\n|\n|t:|1665214950\n|move|p2a: Zapdos|U-turn|p1a: rotomwash\n|-damage|p1a: rotomwash|77\/100\n|\n|t:|1665214956\n|switch|p2a: Dusknoir|Dusknoir, F|100\/100|[from]move: U-turn\n|-item|p1a: rotomwash|Leftovers|[from] ability: Frisk|[of] p2a: Dusknoir|[identify]\n|move|p1a: rotomwash|Pain Split|p2a: Dusknoir\n|-sethp|p2a: Dusknoir|91\/100|[from] move: Pain Split|[silent]\n|-sethp|p1a: rotomwash|86\/100|[from] move: Pain Split\n|\n|-heal|p1a: rotomwash|92\/100|[from] item: Leftovers\n|upkeep\n|turn|2\n|\n|t:|1665214960\n|move|p1a: rotomwash|Nasty Plot|p1a: rotomwash\n|-boost|p1a: rotomwash|spa|2\n|move|p2a: Dusknoir|Poltergeist|p1a: rotomwash\n|-activate|p1a: rotomwash|move: Poltergeist|Leftovers\n|-damage|p1a: rotomwash|30\/100\n|\n|-heal|p1a: rotomwash|36\/100|[from] item: Leftovers\n|upkeep\n|turn|3\n|\n|t:|1665214964\n|move|p1a: rotomwash|Hydro Pump|p2a: Dusknoir\n|-crit|p2a: Dusknoir\n|-damage|p2a: Dusknoir|0 fnt\n|faint|p2a: Dusknoir\n|\n|-heal|p1a: rotomwash|42\/100|[from] item: Leftovers\n|upkeep\n|\n|t:|1665214968\n|switch|p2a: Zapdos|Zapdos-Galar|100\/100\n|turn|4\n|\n|t:|1665214971\n|switch|p1a: Tangrowth|Tangrowth, F|100\/100\n|move|p2a: Zapdos|Thunderous Kick|p1a: Tangrowth\n|-damage|p1a: Tangrowth|77\/100\n|-unboost|p1a: Tangrowth|def|1\n|-damage|p2a: Zapdos|84\/100|[from] item: Rocky Helmet|[of] p1a: Tangrowth\n|\n|upkeep\n|turn|5\n|\n|t:|1665214977\n|switch|p2a: Excadrill|Excadrill, F|100\/100\n|-ability|p2a: Excadrill|Mold Breaker\n|move|p1a: Tangrowth|Sleep Powder|p2a: Excadrill\n|-status|p2a: Excadrill|slp|[from] move: Sleep Powder\n|\n|upkeep\n|turn|6\n|\n|t:|1665214986\n|switch|p2a: Zapdos|Zapdos-Galar|84\/100\n|switch|p1a: rotomwash|Rotom-Wash|42\/100\n|\n|-heal|p1a: rotomwash|49\/100|[from] item: Leftovers\n|upkeep\n|turn|7\n|\n|t:|1665214989\n|switch|p1a: Tangrowth|Tangrowth, F|100\/100\n|move|p2a: Zapdos|Thunderous Kick|p1a: Tangrowth\n|-damage|p1a: Tangrowth|78\/100\n|-unboost|p1a: Tangrowth|def|1\n|-damage|p2a: Zapdos|67\/100|[from] item: Rocky Helmet|[of] p1a: Tangrowth\n|\n|upkeep\n|turn|8\n|\n|t:|1665214991\n|move|p2a: Zapdos|Thunderous Kick|p1a: Tangrowth\n|-damage|p1a: Tangrowth|40\/100\n|-unboost|p1a: Tangrowth|def|1\n|-damage|p2a: Zapdos|51\/100|[from] item: Rocky Helmet|[of] p1a: Tangrowth\n|move|p1a: Tangrowth|Giga Drain|p2a: Zapdos\n|-resisted|p2a: Zapdos\n|-damage|p2a: Zapdos|34\/100\n|-heal|p1a: Tangrowth|47\/100|[from] drain|[of] p2a: Zapdos\n|\n|upkeep\n|turn|9\n|\n|t:|1665214993\n|switch|p1a: landorustherian|Landorus-Therian, M|100\/100\n|-ability|p1a: landorustherian|Intimidate|boost\n|-unboost|p2a: Zapdos|atk|1\n|-ability|p2a: Zapdos|Defiant\n|-boost|p2a: Zapdos|atk|2\n|move|p2a: Zapdos|Thunderous Kick|p1a: landorustherian\n|-resisted|p1a: landorustherian\n|-damage|p1a: landorustherian|67\/100\n|-unboost|p1a: landorustherian|def|1\n|\n|-heal|p1a: landorustherian|73\/100|[from] item: Leftovers\n|upkeep\n|turn|10\n|\n|t:|1665214995\n|move|p2a: Zapdos|Thunderous Kick|p1a: landorustherian\n|-resisted|p1a: landorustherian\n|-crit|p1a: landorustherian\n|-damage|p1a: landorustherian|0 fnt\n|faint|p1a: landorustherian\n|\n|upkeep\n|\n|t:|1665214995\n|switch|p1a: Melmetal|Melmetal|100\/100\n|turn|11\n|\n|t:|1665214999\n|switch|p2a: Skarmory|Skarmory, F|100\/100\n|move|p1a: Melmetal|Thunder Punch|p2a: Skarmory\n|-supereffective|p2a: Skarmory\n|-damage|p2a: Skarmory|57\/100\n|-damage|p1a: Melmetal|84\/100|[from] item: Rocky Helmet|[of] p2a: Skarmory\n|\n|upkeep\n|turn|12\n|\n|t:|1665215005\n|switch|p1a: rotomwash|Rotom-Wash|49\/100\n|move|p2a: Skarmory|Roost|p2a: Skarmory\n|-heal|p2a: Skarmory|100\/100\n|-singleturn|p2a: Skarmory|move: Roost\n|\n|-heal|p1a: rotomwash|55\/100|[from] item: Leftovers\n|upkeep\n|turn|13\n|\n|t:|1665215011\n|switch|p2a: Garchomp|Garchomp, M|100\/100\n|move|p1a: rotomwash|Hydro Pump|p2a: Garchomp\n|-damage|p2a: Garchomp|62\/100\n|\n|-heal|p2a: Garchomp|69\/100|[from] item: Leftovers\n|-heal|p1a: rotomwash|61\/100|[from] item: Leftovers\n|upkeep\n|turn|14\n|\n|t:|1665215014\n|switch|p1a: Tangrowth|Tangrowth, F|80\/100\n|move|p2a: Garchomp|Scale Shot|p1a: Tangrowth\n|-damage|p1a: Tangrowth|74\/100\n|-damage|p1a: Tangrowth|68\/100\n|-damage|p1a: Tangrowth|62\/100\n|-damage|p1a: Tangrowth|55\/100\n|-damage|p1a: Tangrowth|49\/100\n|-hitcount|p1a: Tangrowth|5\n|-unboost|p2a: Garchomp|def|1\n|-boost|p2a: Garchomp|spe|1\n|\n|-heal|p2a: Garchomp|75\/100|[from] item: Leftovers\n|upkeep\n|turn|15\n|\n|t:|1665215017\n|switch|p2a: Skarmory|Skarmory, F|100\/100\n|move|p1a: Tangrowth|Giga Drain|p2a: Skarmory\n|-resisted|p2a: Skarmory\n|-damage|p2a: Skarmory|90\/100\n|-heal|p1a: Tangrowth|53\/100|[from] drain|[of] p2a: Skarmory\n|\n|upkeep\n|turn|16\n|\n|t:|1665215019\n|switch|p1a: rotomwash|Rotom-Wash|61\/100\n|move|p2a: Skarmory|Spikes|p1a: rotomwash\n|-sidestart|p1: minimax_ai|Spikes\n|\n|-heal|p1a: rotomwash|67\/100|[from] item: Leftovers\n|upkeep\n|turn|17\n|\n|t:|1665215021\n|switch|p2a: Garchomp|Garchomp, M|75\/100\n|move|p1a: rotomwash|Nasty Plot|p1a: rotomwash\n|-boost|p1a: rotomwash|spa|2\n|\n|-heal|p2a: Garchomp|81\/100|[from] item: Leftovers\n|-heal|p1a: rotomwash|74\/100|[from] item: Leftovers\n|upkeep\n|turn|18\n|\n|t:|1665215023\n|move|p2a: Garchomp|Scale Shot|p1a: rotomwash\n|-damage|p1a: rotomwash|61\/100\n|-damage|p1a: rotomwash|48\/100\n|-damage|p1a: rotomwash|34\/100\n|-hitcount|p1a: rotomwash|3\n|-unboost|p2a: Garchomp|def|1\n|-boost|p2a: Garchomp|spe|1\n|move|p1a: rotomwash|Hydro Pump|p2a: Garchomp\n|-damage|p2a: Garchomp|0 fnt\n|faint|p2a: Garchomp\n|\n|-heal|p1a: rotomwash|41\/100|[from] item: Leftovers\n|upkeep\n|\n|t:|1665215026\n|switch|p2a: Zapdos|Zapdos-Galar|34\/100\n|turn|19\n|\n|t:|1665215035\n|switch|p1a: Tangrowth|Tangrowth, F|86\/100\n|-damage|p1a: Tangrowth|74\/100|[from] Spikes\n|move|p2a: Zapdos|Thunderous Kick|p1a: Tangrowth\n|-damage|p1a: Tangrowth|49\/100\n|-unboost|p1a: Tangrowth|def|1\n|-damage|p2a: Zapdos|17\/100|[from] item: Rocky Helmet|[of] p1a: Tangrowth\n|\n|upkeep\n|turn|20\n|\n|t:|1665215037\n|move|p2a: Zapdos|Thunderous Kick|p1a: Tangrowth\n|-damage|p1a: Tangrowth|13\/100\n|-unboost|p1a: Tangrowth|def|1\n|-damage|p2a: Zapdos|0 fnt|[from] item: Rocky Helmet|[of] p1a: Tangrowth\n|faint|p2a: Zapdos\n|move|p1a: Tangrowth|Giga Drain|p2: Zapdos|[notarget]\n|-fail|p1a: Tangrowth\n|\n|upkeep\n|\n|t:|1665215048\n|switch|p2a: Excadrill|Excadrill, F|100\/100 slp\n|-ability|p2a: Excadrill|Mold Breaker\n|turn|21\n|\n|t:|1665215050\n|switch|p1a: rotomwash|Rotom-Wash|41\/100\n|cant|p2a: Excadrill|slp\n|\n|-heal|p1a: rotomwash|47\/100|[from] item: Leftovers\n|upkeep\n|turn|22\n|\n|t:|1665215051\n|cant|p2a: Excadrill|slp\n|move|p1a: rotomwash|Hydro Pump|p2a: Excadrill|[miss]\n|-miss|p1a: rotomwash|p2a: Excadrill\n|\n|-heal|p1a: rotomwash|53\/100|[from] item: Leftovers\n|upkeep\n|turn|23\n|\n|t:|1665215053\n|cant|p2a: Excadrill|slp\n|move|p1a: rotomwash|Hydro Pump|p2a: Excadrill|[miss]\n|-miss|p1a: rotomwash|p2a: Excadrill\n|\n|-heal|p1a: rotomwash|59\/100|[from] item: Leftovers\n|upkeep\n|turn|24\n|\n|t:|1665215054\n|-curestatus|p2a: Excadrill|slp|[msg]\n|move|p2a: Excadrill|Earthquake|p1a: rotomwash\n|-supereffective|p1a: rotomwash\n|-damage|p1a: rotomwash|0 fnt\n|faint|p1a: rotomwash\n|\n|upkeep\n|\n|t:|1665215054\n|switch|p1a: Heatran|Heatran, M|100\/100\n|-item|p1a: Heatran|Air Balloon\n|turn|25\n|\n|t:|1665215057\n|switch|p2a: Tapu Fini|Tapu Fini|100\/100\n|move|p1a: Heatran|Magma Storm|p2a: Tapu Fini\n|-resisted|p2a: Tapu Fini\n|-damage|p2a: Tapu Fini|83\/100\n|-activate|p2a: Tapu Fini|move: Magma Storm|[of] p1a: Heatran\n|\n|-heal|p2a: Tapu Fini|89\/100|[from] item: Leftovers\n|-damage|p2a: Tapu Fini|76\/100|[from] move: Magma Storm|[partiallytrapped]\n|upkeep\n|turn|26\n|\n|t:|1665215059\n|switch|p1a: Melmetal|Melmetal|84\/100\n|-damage|p1a: Melmetal|71\/100|[from] Spikes\n|move|p2a: Tapu Fini|Scald|p1a: Melmetal\n|-damage|p1a: Melmetal|57\/100\n|-status|p1a: Melmetal|brn\n|\n|-heal|p2a: Tapu Fini|82\/100|[from] item: Leftovers\n|-damage|p1a: Melmetal|51\/100 brn|[from] brn\n|-end|p2a: Tapu Fini|Magma Storm|[partiallytrapped]|[silent]\n|upkeep\n|turn|27\n|\n|t:|1665215061\n|switch|p2a: Skarmory|Skarmory, F|90\/100\n|move|p1a: Melmetal|Thunder Punch|p2a: Skarmory\n|-supereffective|p2a: Skarmory\n|-damage|p2a: Skarmory|71\/100\n|-damage|p1a: Melmetal|35\/100 brn|[from] item: Rocky Helmet|[of] p2a: Skarmory\n|\n|-damage|p1a: Melmetal|28\/100 brn|[from] brn\n|upkeep\n|turn|28\n|\n|t:|1665215063\n|switch|p1a: Heatran|Heatran, M|100\/100\n|-item|p1a: Heatran|Air Balloon\n|move|p2a: Skarmory|Spikes|p1a: Heatran\n|-sidestart|p1: minimax_ai|Spikes\n|\n|upkeep\n|turn|29\n|\n|t:|1665215065\n|switch|p2a: Tapu Fini|Tapu Fini|82\/100\n|move|p1a: Heatran|Magma Storm|p2a: Tapu Fini|[miss]\n|-miss|p1a: Heatran|p2a: Tapu Fini\n|\n|-heal|p2a: Tapu Fini|89\/100|[from] item: Leftovers\n|upkeep\n|turn|30\n|\n|t:|1665215066\n|switch|p1a: Melmetal|Melmetal|28\/100 brn\n|-damage|p1a: Melmetal|12\/100 brn|[from] Spikes\n|move|p2a: Tapu Fini|Scald|p1a: Melmetal\n|-damage|p1a: Melmetal|0 fnt\n|faint|p1a: Melmetal\n|\n|-heal|p2a: Tapu Fini|95\/100|[from] item: Leftovers\n|upkeep\n|\n|t:|1665215066\n|switch|p1a: Heatran|Heatran, M|100\/100\n|-item|p1a: Heatran|Air Balloon\n|turn|31\n|\n|t:|1665215068\n|switch|p1a: Tangrowth|Tangrowth, F|46\/100\n|-damage|p1a: Tangrowth|29\/100|[from] Spikes\n|move|p2a: Tapu Fini|Scald|p1a: Tangrowth\n|-resisted|p1a: Tangrowth\n|-damage|p1a: Tangrowth|11\/100\n|\n|-heal|p2a: Tapu Fini|100\/100|[from] item: Leftovers\n|upkeep\n|turn|32\n|\n|t:|1665215071\n|move|p2a: Tapu Fini|Scald|p1a: Tangrowth\n|-resisted|p1a: Tangrowth\n|-damage|p1a: Tangrowth|0 fnt\n|faint|p1a: Tangrowth\n|\n|upkeep\n|\n|t:|1665215071\n|switch|p1a: Heatran|Heatran, M|100\/100\n|-item|p1a: Heatran|Air Balloon\n|turn|33\n|\n|t:|1665215073\n|move|p1a: Heatran|Magma Storm|p2a: Tapu Fini\n|-resisted|p2a: Tapu Fini\n|-damage|p2a: Tapu Fini|82\/100\n|-activate|p2a: Tapu Fini|move: Magma Storm|[of] p1a: Heatran\n|move|p2a: Tapu Fini|Scald|p1a: Heatran\n|-supereffective|p1a: Heatran\n|-damage|p1a: Heatran|47\/100\n|-enditem|p1a: Heatran|Air Balloon\n|\n|-heal|p2a: Tapu Fini|88\/100|[from] item: Leftovers\n|-damage|p2a: Tapu Fini|76\/100|[from] move: Magma Storm|[partiallytrapped]\n|upkeep\n|turn|34\n|j| jidksud\n|\n|t:|1665215074\n|move|p1a: Heatran|Magma Storm|p2a: Tapu Fini\n|-resisted|p2a: Tapu Fini\n|-damage|p2a: Tapu Fini|58\/100\n|move|p2a: Tapu Fini|Scald|p1a: Heatran\n|-supereffective|p1a: Heatran\n|-damage|p1a: Heatran|0 fnt\n|faint|p1a: Heatran\n|\n|-heal|p2a: Tapu Fini|64\/100|[from] item: Leftovers\n|-end|p2a: Tapu Fini|Magma Storm|[partiallytrapped]|[silent]\n|upkeep\n|\n|t:|1665215074\n|switch|p1a: Weavile|Weavile, F|100\/100\n|-damage|p1a: Weavile|84\/100|[from] Spikes\n|-ability|p1a: Weavile|Pressure\n|turn|35\n|l| Ebullient Days\n|\n|t:|1665215075\n|move|p1a: Weavile|Knock Off|p2a: Tapu Fini\n|-resisted|p2a: Tapu Fini\n|-damage|p2a: Tapu Fini|35\/100\n|-enditem|p2a: Tapu Fini|Leftovers|[from] move: Knock Off|[of] p1a: Weavile\n|move|p2a: Tapu Fini|Moonblast|p1a: Weavile\n|-supereffective|p1a: Weavile\n|-damage|p1a: Weavile|2\/100\n|\n|upkeep\n|turn|36\n|\n|t:|1665215077\n|move|p1a: Weavile|Knock Off|p2a: Tapu Fini\n|-resisted|p2a: Tapu Fini\n|-damage|p2a: Tapu Fini|12\/100\n|move|p2a: Tapu Fini|Moonblast|p1a: Weavile\n|-supereffective|p1a: Weavile\n|-damage|p1a: Weavile|0 fnt\n|faint|p1a: Weavile\n|\n|win|smoglin doglin\n|raw|minimax_ai's rating: 1687 &rarr; <strong>1675<\/strong><br \/>(-12 for losing)\n|raw|smoglin doglin's rating: 1828 &rarr; <strong>1840<\/strong><br \/>(+12 for winning)\n|c|\u2606minimax_ai|gg\n|l|\u2606minimax_ai\n","uploadtime":1665215078,"views":21,"p1id":"minimaxai","p2id":"smoglindoglin","formatid":"gen8ou","rating":1675,"private":0,"password":null}