{"id":"gen8ou-1669015602","p1":"Jamario Mariomario","p2":"STOKELESS","format":"gen8ou","log":"|j|\u2606Jamario Mariomario\n|j|\u2606STOKELESS\n|t:|1663690536\n|gametype|singles\n|player|p1|Jamario Mariomario|bugcatcher|1441\n|player|p2|STOKELESS|veteran|1494\n|teamsize|p1|6\n|teamsize|p2|6\n|gen|8\n|tier|[Gen 8] OU\n|rated|\n|rule|Sleep Clause Mod: Limit one foe put to sleep\n|rule|Species Clause: Limit one of each Pok\u00e9mon\n|rule|OHKO Clause: OHKO moves are banned\n|rule|Evasion Items Clause: Evasion items are banned\n|rule|Evasion Moves Clause: Evasion moves are banned\n|rule|Endless Battle Clause: Forcing endless battles is banned\n|rule|HP Percentage Mod: HP is shown in percentages\n|rule|Dynamax Clause: You cannot dynamax\n|clearpoke\n|poke|p1|Pelipper, F|\n|poke|p1|Thundurus-Therian, M|\n|poke|p1|Kartana|\n|poke|p1|Barraskewda, M|\n|poke|p1|Blissey, F|\n|poke|p1|Seismitoad, M|\n|poke|p2|Weavile, M|\n|poke|p2|Dragapult, F|\n|poke|p2|Slowking, M|\n|poke|p2|Landorus-Therian, M|\n|poke|p2|Tapu Lele|\n|poke|p2|Corviknight, F|\n|teampreview\n|inactive|Battle timer is ON: inactive players will automatically lose when time's up. (requested by Jamario Mariomario)\n|inactive|STOKELESS also wants the timer to be on.\n|\n|t:|1663690544\n|start\n|switch|p1a: Thundurus|Thundurus-Therian, M|100\/100\n|switch|p2a: Slowking|Slowking, M|100\/100\n|turn|1\n|\n|t:|1663690548\n|switch|p2a: Landorus|Landorus-Therian, M, shiny|100\/100\n|-ability|p2a: Landorus|Intimidate|boost\n|-unboost|p1a: Thundurus|atk|1\n|move|p1a: Thundurus|Thunder|p2a: Landorus\n|-immune|p2a: Landorus\n|\n|upkeep\n|turn|2\n|\n|t:|1663690552\n|move|p1a: Thundurus|Taunt|p2a: Landorus\n|-start|p2a: Landorus|move: Taunt\n|cant|p2a: Landorus|move: Taunt|Toxic\n|\n|upkeep\n|turn|3\n|\n|t:|1663690558\n|switch|p1a: Pelipper|Pelipper, F|100\/100\n|-weather|RainDance|[from] ability: Drizzle|[of] p1a: Pelipper\n|move|p2a: Landorus|U-turn|p1a: Pelipper\n|-resisted|p1a: Pelipper\n|-damage|p1a: Pelipper|92\/100\n|\n|t:|1663690561\n|switch|p2a: Slowking|Slowking, M|100\/100|[from]move: U-turn\n|\n|-weather|RainDance|[upkeep]\n|upkeep\n|turn|4\n|\n|t:|1663690564\n|move|p1a: Pelipper|U-turn|p2a: Slowking\n|-supereffective|p2a: Slowking\n|-crit|p2a: Slowking\n|-damage|p2a: Slowking|73\/100\n|\n|t:|1663690566\n|switch|p1a: Seismitoad|Seismitoad, M|100\/100|[from]move: U-turn\n|move|p2a: Slowking|Future Sight|p1a: Seismitoad\n|-start|p2a: Slowking|move: Future Sight\n|\n|-weather|RainDance|[upkeep]\n|upkeep\n|turn|5\n|\n|t:|1663690577\n|switch|p2a: Corviknight|Corviknight, F|100\/100\n|-ability|p2a: Corviknight|Pressure\n|move|p1a: Seismitoad|Grass Knot|p2a: Corviknight\n|-resisted|p2a: Corviknight\n|-damage|p2a: Corviknight|93\/100\n|-damage|p1a: Seismitoad|84\/100|[from] item: Rocky Helmet|[of] p2a: Corviknight\n|-damage|p1a: Seismitoad|74\/100|[from] item: Life Orb\n|\n|-weather|RainDance|[upkeep]\n|upkeep\n|turn|6\n|\n|t:|1663690589\n|move|p1a: Seismitoad|Surf|p2a: Corviknight\n|-damage|p2a: Corviknight|15\/100\n|-damage|p1a: Seismitoad|64\/100|[from] item: Life Orb\n|move|p2a: Corviknight|U-turn|p1a: Seismitoad\n|-damage|p1a: Seismitoad|44\/100\n|\n|t:|1663690595\n|switch|p2a: Slowking|Slowking, M|100\/100|[from]move: U-turn\n|\n|-weather|RainDance|[upkeep]\n|-end|p1a: Seismitoad|move: Future Sight\n|-damage|p1a: Seismitoad|0 fnt\n|faint|p1a: Seismitoad\n|upkeep\n|\n|t:|1663690599\n|switch|p1a: Kartana|Kartana|100\/100\n|turn|7\n|\n|t:|1663690603\n|move|p1a: Kartana|Knock Off|p2a: Slowking\n|-supereffective|p2a: Slowking\n|-damage|p2a: Slowking|35\/100\n|-enditem|p2a: Slowking|Heavy-Duty Boots|[from] move: Knock Off|[of] p1a: Kartana\n|move|p2a: Slowking|Flamethrower|p1a: Kartana\n|-supereffective|p1a: Kartana\n|-crit|p1a: Kartana\n|-damage|p1a: Kartana|0 fnt\n|faint|p1a: Kartana\n|\n|-weather|RainDance|[upkeep]\n|upkeep\n|\n|t:|1663690608\n|switch|p1a: Thundurus|Thundurus-Therian, M|100\/100\n|turn|8\n|\n|t:|1663690613\n|move|p1a: Thundurus|Weather Ball|p2a: Slowking\n|-resisted|p2a: Slowking\n|-damage|p2a: Slowking|17\/100\n|move|p2a: Slowking|Teleport|p2a: Slowking\n|\n|t:|1663690619\n|switch|p2a: Weavile|Weavile, M|100\/100|[from]move: Teleport\n|-ability|p2a: Weavile|Pressure\n|\n|-weather|RainDance|[upkeep]\n|upkeep\n|turn|9\n|\n|t:|1663690627\n|switch|p1a: Blissey|Blissey, F|100\/100\n|move|p2a: Weavile|Triple Axel|p1a: Blissey\n|-damage|p1a: Blissey|89\/100\n|-damage|p1a: Blissey|68\/100\n|-damage|p1a: Blissey|34\/100\n|-hitcount|p1a: Blissey|3\n|-damage|p2a: Weavile|91\/100|[from] item: Life Orb\n|\n|-weather|RainDance|[upkeep]\n|upkeep\n|turn|10\n|\n|t:|1663690635\n|move|p2a: Weavile|Knock Off|p1a: Blissey\n|-damage|p1a: Blissey|0 fnt\n|-enditem|p1a: Blissey|Heavy-Duty Boots|[from] move: Knock Off|[of] p2a: Weavile\n|faint|p1a: Blissey\n|-damage|p2a: Weavile|81\/100|[from] item: Life Orb\n|\n|-weather|none\n|upkeep\n|\n|t:|1663690638\n|switch|p1a: Pelipper|Pelipper, F|92\/100\n|-weather|RainDance|[from] ability: Drizzle|[of] p1a: Pelipper\n|turn|11\n|\n|t:|1663690642\n|move|p2a: Weavile|Swords Dance|p2a: Weavile\n|-boost|p2a: Weavile|atk|2\n|move|p1a: Pelipper|U-turn|p2a: Weavile\n|-supereffective|p2a: Weavile\n|-damage|p2a: Weavile|49\/100\n|\n|t:|1663690644\n|switch|p1a: Barraskewda|Barraskewda, M|100\/100|[from]move: U-turn\n|\n|-weather|RainDance|[upkeep]\n|upkeep\n|turn|12\n|\n|t:|1663690649\n|switch|p2a: Corviknight|Corviknight, F|15\/100\n|-ability|p2a: Corviknight|Pressure\n|move|p1a: Barraskewda|Aqua Jet|p2a: Corviknight\n|-damage|p2a: Corviknight|0 fnt\n|-damage|p1a: Barraskewda|84\/100|[from] item: Rocky Helmet|[of] p2a: Corviknight\n|faint|p2a: Corviknight\n|\n|-weather|RainDance|[upkeep]\n|upkeep\n|\n|t:|1663690657\n|switch|p2a: Slowking|Slowking, M|50\/100\n|turn|13\n|\n|t:|1663690663\n|switch|p1a: Thundurus|Thundurus-Therian, M|100\/100\n|move|p2a: Slowking|Teleport|p2a: Slowking\n|\n|t:|1663690668\n|switch|p2a: Weavile|Weavile, M|49\/100|[from]move: Teleport\n|-ability|p2a: Weavile|Pressure\n|\n|-weather|RainDance|[upkeep]\n|upkeep\n|turn|14\n|\n|t:|1663690672\n|move|p2a: Weavile|Triple Axel|p1a: Thundurus|[miss]\n|-miss|p2a: Weavile|p1a: Thundurus\n|move|p1a: Thundurus|Thunder|p2a: Weavile\n|-damage|p2a: Weavile|0 fnt\n|faint|p2a: Weavile\n|\n|-weather|RainDance|[upkeep]\n|upkeep\n|\n|t:|1663690674\n|switch|p2a: Dragapult|Dragapult, F|100\/100\n|turn|15\n|\n|t:|1663690680\n|move|p2a: Dragapult|Draco Meteor|p1a: Thundurus\n|-damage|p1a: Thundurus|0 fnt\n|-unboost|p2a: Dragapult|spa|2\n|faint|p1a: Thundurus\n|\n|-weather|RainDance|[upkeep]\n|upkeep\n|\n|t:|1663690684\n|switch|p1a: Barraskewda|Barraskewda, M|84\/100\n|turn|16\n|\n|t:|1663690693\n|switch|p2a: Landorus|Landorus-Therian, M, shiny|100\/100\n|-ability|p2a: Landorus|Intimidate|boost\n|-unboost|p1a: Barraskewda|atk|1\n|move|p1a: Barraskewda|Liquidation|p2a: Landorus\n|-supereffective|p2a: Landorus\n|-damage|p2a: Landorus|1\/100\n|\n|-weather|RainDance|[upkeep]\n|-heal|p2a: Landorus|7\/100|[from] item: Leftovers\n|upkeep\n|turn|17\n|\n|t:|1663690705\n|move|p1a: Barraskewda|Liquidation|p2a: Landorus\n|-supereffective|p2a: Landorus\n|-damage|p2a: Landorus|0 fnt\n|faint|p2a: Landorus\n|\n|-weather|RainDance|[upkeep]\n|upkeep\n|\n|t:|1663690707\n|switch|p2a: Slowking|Slowking, M|84\/100\n|turn|18\n|\n|t:|1663690712\n|move|p1a: Barraskewda|Liquidation|p2a: Slowking\n|-resisted|p2a: Slowking\n|-damage|p2a: Slowking|49\/100\n|move|p2a: Slowking|Scald|p1a: Barraskewda\n|-resisted|p1a: Barraskewda\n|-damage|p1a: Barraskewda|40\/100\n|\n|-weather|none\n|upkeep\n|turn|19\n|\n|t:|1663690719\n|switch|p1a: Pelipper|Pelipper, F|92\/100\n|-weather|RainDance|[from] ability: Drizzle|[of] p1a: Pelipper\n|move|p2a: Slowking|Scald|p1a: Pelipper\n|-resisted|p1a: Pelipper\n|-damage|p1a: Pelipper|63\/100\n|\n|-weather|RainDance|[upkeep]\n|upkeep\n|turn|20\n|\n|t:|1663690725\n|move|p1a: Pelipper|U-turn|p2a: Slowking\n|-supereffective|p2a: Slowking\n|-damage|p2a: Slowking|32\/100\n|\n|t:|1663690727\n|switch|p1a: Barraskewda|Barraskewda, M|40\/100|[from]move: U-turn\n|move|p2a: Slowking|Teleport|p2a: Slowking\n|\n|t:|1663690731\n|switch|p2a: Dragapult|Dragapult, F|100\/100|[from]move: Teleport\n|\n|-weather|RainDance|[upkeep]\n|upkeep\n|turn|21\n|\n|t:|1663690736\n|move|p1a: Barraskewda|Flip Turn|p2a: Dragapult\n|-resisted|p2a: Dragapult\n|-damage|p2a: Dragapult|47\/100\n|\n|t:|1663690738\n|switch|p1a: Pelipper|Pelipper, F|63\/100|[from]move: Flip Turn\n|move|p2a: Dragapult|Shadow Ball|p1a: Pelipper\n|-damage|p1a: Pelipper|0 fnt\n|faint|p1a: Pelipper\n|\n|-weather|RainDance|[upkeep]\n|upkeep\n|\n|t:|1663690740\n|switch|p1a: Barraskewda|Barraskewda, M|40\/100\n|turn|22\n|\n|t:|1663690746\n|move|p1a: Barraskewda|Liquidation|p2a: Dragapult\n|-resisted|p2a: Dragapult\n|-damage|p2a: Dragapult|0 fnt\n|faint|p2a: Dragapult\n|\n|-weather|RainDance|[upkeep]\n|upkeep\n|\n|t:|1663690749\n|switch|p2a: Slowking|Slowking, M|65\/100\n|turn|23\n|\n|t:|1663690751\n|move|p1a: Barraskewda|Liquidation|p2a: Slowking\n|-resisted|p2a: Slowking\n|-damage|p2a: Slowking|10\/100\n|move|p2a: Slowking|Scald|p1a: Barraskewda\n|-resisted|p1a: Barraskewda\n|-damage|p1a: Barraskewda|0 fnt\n|faint|p1a: Barraskewda\n|\n|win|STOKELESS\n|raw|Jamario Mariomario's rating: 1441 &rarr; <strong>1424<\/strong><br \/>(-17 for losing)\n|raw|STOKELESS's rating: 1494 &rarr; <strong>1511<\/strong><br \/>(+17 for winning)\n|l|\u2606Jamario Mariomario\n","uploadtime":1663690761,"views":11,"p1id":"jamariomariomario","p2id":"stokeless","formatid":"gen8ou","rating":1424,"private":0,"password":null}