{"id":"gen8ou-1479848393","p1":"ClapEmCheeks","p2":"kokoukohiro","format":"gen8ou","log":"|j|\u2606ClapEmCheeks\n|j|\u2606kokoukohiro\n|t:|1640461935\n|gametype|singles\n|player|p1|ClapEmCheeks|interviewers|1598\n|player|p2|kokoukohiro|dawn|1639\n|teamsize|p1|6\n|teamsize|p2|6\n|gen|8\n|tier|[Gen 8] OU\n|rated|\n|rule|Sleep Clause Mod: Limit one foe put to sleep\n|rule|Species Clause: Limit one of each Pok\u00e9mon\n|rule|OHKO Clause: OHKO moves are banned\n|rule|Evasion Moves Clause: Evasion moves are banned\n|rule|Endless Battle Clause: Forcing endless battles is banned\n|rule|HP Percentage Mod: HP is shown in percentages\n|rule|Dynamax Clause: You cannot dynamax\n|clearpoke\n|poke|p1|Zapdos-Galar|\n|poke|p1|Slowking, M|\n|poke|p1|Ferrothorn, F|\n|poke|p1|Weavile, M|\n|poke|p1|Landorus-Therian, M|\n|poke|p1|Regieleki|\n|poke|p2|Jirachi|\n|poke|p2|Quagsire, F|\n|poke|p2|Mandibuzz, F|\n|poke|p2|Clefable, F|\n|poke|p2|Toxapex, M|\n|poke|p2|Corviknight, F|\n|teampreview\n|inactive|Battle timer is ON: inactive players will automatically lose when time's up. (requested by kokoukohiro)\n|\n|t:|1640461965\n|start\n|switch|p1a: Landorus|Landorus-Therian, M|100\/100\n|switch|p2a: Quagsire|Quagsire, F|100\/100\n|-ability|p1a: Landorus|Intimidate|boost\n|-unboost|p2a: Quagsire|atk|1\n|turn|1\n|\n|t:|1640461969\n|move|p1a: Landorus|Toxic|p2a: Quagsire\n|-status|p2a: Quagsire|tox\n|move|p2a: Quagsire|Toxic|p1a: Landorus\n|-status|p1a: Landorus|tox\n|\n|-damage|p1a: Landorus|94\/100 tox|[from] psn\n|-damage|p2a: Quagsire|94\/100 tox|[from] psn\n|upkeep\n|turn|2\n|\n|t:|1640461984\n|switch|p2a: Corviknight|Corviknight, F|100\/100\n|-ability|p2a: Corviknight|Pressure\n|move|p1a: Landorus|U-turn|p2a: Corviknight\n|-resisted|p2a: Corviknight\n|-damage|p2a: Corviknight|97\/100\n|\n|t:|1640461992\n|switch|p1a: Regieleki|Regieleki|100\/100|[from]move: U-turn\n|\n|upkeep\n|turn|3\n|\n|t:|1640462001\n|switch|p2a: Jirachi|Jirachi|100\/100\n|move|p1a: Regieleki|Volt Switch|p2a: Jirachi\n|-damage|p2a: Jirachi|72\/100\n|\n|t:|1640462005\n|switch|p1a: Weavile|Weavile, M|100\/100|[from]move: Volt Switch\n|-ability|p1a: Weavile|Pressure\n|\n|-heal|p2a: Jirachi|78\/100|[from] item: Leftovers\n|upkeep\n|turn|4\n|\n|t:|1640462008\n|move|p2a: Jirachi|Protect|p2a: Jirachi\n|-singleturn|p2a: Jirachi|Protect\n|move|p1a: Weavile|Knock Off|p2a: Jirachi\n|-activate|p2a: Jirachi|move: Protect\n|\n|-heal|p2a: Jirachi|84\/100|[from] item: Leftovers\n|upkeep\n|turn|5\n|\n|t:|1640462013\n|switch|p2a: Toxapex|Toxapex, M|100\/100\n|move|p1a: Weavile|Knock Off|p2a: Toxapex\n|-damage|p2a: Toxapex|73\/100\n|-enditem|p2a: Toxapex|Black Sludge|[from] move: Knock Off|[of] p1a: Weavile\n|\n|upkeep\n|turn|6\n|\n|t:|1640462021\n|switch|p1a: Ferrothorn|Ferrothorn, F|100\/100\n|move|p2a: Toxapex|Knock Off|p1a: Ferrothorn\n|-damage|p1a: Ferrothorn|91\/100\n|-damage|p2a: Toxapex|60\/100|[from] ability: Iron Barbs|[of] p1a: Ferrothorn\n|-enditem|p1a: Ferrothorn|Leftovers|[from] move: Knock Off|[of] p2a: Toxapex\n|\n|upkeep\n|turn|7\n|\n|t:|1640462032\n|move|p2a: Toxapex|Scald|p1a: Ferrothorn\n|-resisted|p1a: Ferrothorn\n|-damage|p1a: Ferrothorn|85\/100\n|move|p1a: Ferrothorn|Knock Off|p2a: Toxapex\n|-crit|p2a: Toxapex\n|-damage|p2a: Toxapex|47\/100\n|\n|upkeep\n|turn|8\n|\n|t:|1640462039\n|move|p2a: Toxapex|Scald|p1a: Ferrothorn\n|-resisted|p1a: Ferrothorn\n|-damage|p1a: Ferrothorn|79\/100\n|move|p1a: Ferrothorn|Spikes|p2a: Toxapex\n|-sidestart|p2: kokoukohiro|Spikes\n|\n|upkeep\n|turn|9\n|\n|t:|1640462043\n|switch|p2a: Corviknight|Corviknight, F|97\/100\n|-ability|p2a: Corviknight|Pressure\n|switch|p1a: Slowking|Slowking, M|100\/100\n|\n|upkeep\n|turn|10\n|\n|t:|1640462060\n|switch|p2a: Clefable|Clefable, F|100\/100\n|-damage|p2a: Clefable|88\/100|[from] Spikes\n|move|p1a: Slowking|Future Sight|p2a: Clefable\n|-start|p1a: Slowking|move: Future Sight\n|\n|-heal|p2a: Clefable|94\/100|[from] item: Leftovers\n|upkeep\n|turn|11\n|\n|t:|1640462069\n|move|p2a: Clefable|Heal Bell|p2a: Clefable\n|-activate|p2a: Clefable|move: Heal Bell\n|-curestatus|p2: Quagsire|tox|[msg]\n|move|p1a: Slowking|Teleport|p1a: Slowking\n|\n|t:|1640462081\n|switch|p1a: Zapdos|Zapdos-Galar|100\/100|[from]move: Teleport\n|\n|-heal|p2a: Clefable|99\/100|[from] item: Leftovers\n|upkeep\n|turn|12\n|\n|t:|1640462092\n|switch|p2a: Jirachi|Jirachi|84\/100\n|-damage|p2a: Jirachi|72\/100|[from] Spikes\n|move|p1a: Zapdos|Brave Bird|p2a: Jirachi\n|-resisted|p2a: Jirachi\n|-damage|p2a: Jirachi|31\/100\n|-damage|p1a: Zapdos|84\/100|[from] Recoil\n|\n|-end|p2a: Jirachi|move: Future Sight\n|-resisted|p2a: Jirachi\n|-damage|p2a: Jirachi|26\/100\n|-heal|p2a: Jirachi|32\/100|[from] item: Leftovers\n|upkeep\n|turn|13\n|\n|t:|1640462098\n|move|p2a: Jirachi|Protect|p2a: Jirachi\n|-singleturn|p2a: Jirachi|Protect\n|move|p1a: Zapdos|Brave Bird|p2a: Jirachi\n|-activate|p2a: Jirachi|move: Protect\n|\n|-heal|p2a: Jirachi|38\/100|[from] item: Leftovers\n|upkeep\n|turn|14\n|j| Hihibyeok\n|\n|t:|1640462106\n|switch|p2a: Toxapex|Toxapex, M|80\/100\n|-damage|p2a: Toxapex|68\/100|[from] Spikes\n|move|p1a: Zapdos|Brave Bird|p2a: Toxapex\n|-damage|p2a: Toxapex|16\/100\n|-damage|p1a: Zapdos|67\/100|[from] Recoil\n|\n|upkeep\n|turn|15\n|\n|t:|1640462113\n|switch|p2a: Corviknight|Corviknight, F|97\/100\n|-ability|p2a: Corviknight|Pressure\n|move|p1a: Zapdos|Brave Bird|p2a: Corviknight\n|-resisted|p2a: Corviknight\n|-damage|p2a: Corviknight|72\/100\n|-damage|p1a: Zapdos|57\/100|[from] Recoil\n|\n|upkeep\n|turn|16\n|\n|t:|1640462122\n|switch|p1a: Ferrothorn|Ferrothorn, F|79\/100\n|move|p2a: Corviknight|Defog|p1a: Ferrothorn\n|-unboost|p1a: Ferrothorn|evasion|1\n|-sideend|p2: kokoukohiro|Spikes|[from] move: Defog|[of] p2a: Corviknight\n|\n|upkeep\n|turn|17\n|\n|t:|1640462124\n|move|p2a: Corviknight|Taunt|p1a: Ferrothorn\n|-start|p1a: Ferrothorn|move: Taunt\n|cant|p1a: Ferrothorn|move: Taunt|Spikes\n|\n|upkeep\n|turn|18\n|\n|t:|1640462131\n|move|p2a: Corviknight|Body Press|p1a: Ferrothorn\n|-supereffective|p1a: Ferrothorn\n|-damage|p1a: Ferrothorn|50\/100\n|-damage|p2a: Corviknight|60\/100|[from] ability: Iron Barbs|[of] p1a: Ferrothorn\n|move|p1a: Ferrothorn|Knock Off|p2a: Corviknight\n|-damage|p2a: Corviknight|48\/100\n|-enditem|p2a: Corviknight|Shed Shell|[from] move: Knock Off|[of] p1a: Ferrothorn\n|\n|upkeep\n|turn|19\n|\n|t:|1640462140\n|switch|p1a: Regieleki|Regieleki|100\/100\n|move|p2a: Corviknight|Roost|p2a: Corviknight\n|-heal|p2a: Corviknight|98\/100\n|-singleturn|p2a: Corviknight|move: Roost\n|\n|upkeep\n|turn|20\n|\n|t:|1640462149\n|switch|p2a: Clefable|Clefable, F|99\/100\n|move|p1a: Regieleki|Volt Switch|p2a: Clefable\n|-damage|p2a: Clefable|70\/100\n|\n|t:|1640462154\n|switch|p1a: Zapdos|Zapdos-Galar|57\/100|[from]move: Volt Switch\n|\n|-heal|p2a: Clefable|76\/100|[from] item: Leftovers\n|upkeep\n|turn|21\n|\n|t:|1640462159\n|switch|p2a: Corviknight|Corviknight, F|98\/100\n|-ability|p2a: Corviknight|Pressure\n|move|p1a: Zapdos|Close Combat|p2a: Corviknight\n|-damage|p2a: Corviknight|43\/100\n|-unboost|p1a: Zapdos|def|1\n|-unboost|p1a: Zapdos|spd|1\n|\n|upkeep\n|turn|22\n|\n|t:|1640462172\n|switch|p2a: Toxapex|Toxapex, M|49\/100\n|move|p1a: Zapdos|Close Combat|p2a: Toxapex\n|-resisted|p2a: Toxapex\n|-damage|p2a: Toxapex|24\/100\n|-unboost|p1a: Zapdos|def|1\n|-unboost|p1a: Zapdos|spd|1\n|\n|upkeep\n|turn|23\n|\n|t:|1640462179\n|move|p1a: Zapdos|Close Combat|p2a: Toxapex\n|-resisted|p2a: Toxapex\n|-damage|p2a: Toxapex|0 fnt\n|-unboost|p1a: Zapdos|def|1\n|-unboost|p1a: Zapdos|spd|1\n|faint|p2a: Toxapex\n|\n|upkeep\n|\n|t:|1640462184\n|switch|p2a: Clefable|Clefable, F|76\/100\n|turn|24\n|\n|t:|1640462192\n|switch|p1a: Slowking|Slowking, M|100\/100\n|switch|p2a: Corviknight|Corviknight, F|43\/100\n|-ability|p2a: Corviknight|Pressure\n|\n|upkeep\n|turn|25\n|\n|t:|1640462197\n|move|p2a: Corviknight|Roost|p2a: Corviknight\n|-heal|p2a: Corviknight|93\/100\n|-singleturn|p2a: Corviknight|move: Roost\n|move|p1a: Slowking|Future Sight|p2a: Corviknight\n|-start|p1a: Slowking|move: Future Sight\n|\n|upkeep\n|turn|26\n|\n|t:|1640462200\n|switch|p2a: Jirachi|Jirachi|38\/100\n|move|p1a: Slowking|Teleport|p1a: Slowking\n|\n|t:|1640462204\n|switch|p1a: Weavile|Weavile, M|100\/100|[from]move: Teleport\n|-ability|p1a: Weavile|Pressure\n|\n|-heal|p2a: Jirachi|44\/100|[from] item: Leftovers\n|upkeep\n|turn|27\n|\n|t:|1640462207\n|move|p2a: Jirachi|Protect|p2a: Jirachi\n|-singleturn|p2a: Jirachi|Protect\n|move|p1a: Weavile|Knock Off|p2a: Jirachi\n|-activate|p2a: Jirachi|move: Protect\n|\n|-end|p2a: Jirachi|move: Future Sight\n|-resisted|p2a: Jirachi\n|-damage|p2a: Jirachi|38\/100\n|-heal|p2a: Jirachi|44\/100|[from] item: Leftovers\n|upkeep\n|turn|28\n|j| Nightfalcon\n|\n|t:|1640462223\n|switch|p2a: Quagsire|Quagsire, F|94\/100\n|move|p1a: Weavile|Knock Off|p2a: Quagsire\n|-damage|p2a: Quagsire|63\/100\n|-enditem|p2a: Quagsire|Leftovers|[from] move: Knock Off|[of] p1a: Weavile\n|\n|upkeep\n|turn|29\n|\n|t:|1640462230\n|switch|p1a: Ferrothorn|Ferrothorn, F|50\/100\n|move|p2a: Quagsire|Recover|p2a: Quagsire\n|-heal|p2a: Quagsire|100\/100\n|\n|upkeep\n|turn|30\n|\n|t:|1640462234\n|switch|p2a: Corviknight|Corviknight, F|93\/100\n|-ability|p2a: Corviknight|Pressure\n|move|p1a: Ferrothorn|Spikes|p2a: Corviknight\n|-sidestart|p2: kokoukohiro|Spikes\n|\n|upkeep\n|turn|31\n|j| namurt\n|j| Shawty Lo\n|\n|t:|1640462248\n|move|p2a: Corviknight|Taunt|p1a: Ferrothorn\n|-start|p1a: Ferrothorn|move: Taunt\n|cant|p1a: Ferrothorn|move: Taunt|Spikes\n|\n|upkeep\n|turn|32\n|\n|t:|1640462251\n|switch|p1a: Slowking|Slowking, M|100\/100\n|move|p2a: Corviknight|Body Press|p1a: Slowking\n|-resisted|p1a: Slowking\n|-crit|p1a: Slowking\n|-damage|p1a: Slowking|78\/100\n|\n|upkeep\n|turn|33\n|\n|t:|1640462256\n|move|p2a: Corviknight|Defog|p1a: Slowking\n|-unboost|p1a: Slowking|evasion|1\n|-sideend|p2: kokoukohiro|Spikes|[from] move: Defog|[of] p2a: Corviknight\n|move|p1a: Slowking|Future Sight|p2a: Corviknight\n|-start|p1a: Slowking|move: Future Sight\n|\n|upkeep\n|turn|34\n|\n|t:|1640462260\n|switch|p2a: Jirachi|Jirachi|44\/100\n|move|p1a: Slowking|Teleport|p1a: Slowking\n|\n|t:|1640462262\n|switch|p1a: Weavile|Weavile, M|100\/100|[from]move: Teleport\n|-ability|p1a: Weavile|Pressure\n|\n|-heal|p2a: Jirachi|50\/100|[from] item: Leftovers\n|upkeep\n|turn|35\n|\n|t:|1640462266\n|move|p2a: Jirachi|Protect|p2a: Jirachi\n|-singleturn|p2a: Jirachi|Protect\n|move|p1a: Weavile|Swords Dance|p1a: Weavile\n|-boost|p1a: Weavile|atk|2\n|\n|-end|p2a: Jirachi|move: Future Sight\n|-resisted|p2a: Jirachi\n|-damage|p2a: Jirachi|44\/100\n|-heal|p2a: Jirachi|50\/100|[from] item: Leftovers\n|upkeep\n|turn|36\n|\n|t:|1640462270\n|switch|p2a: Quagsire|Quagsire, F|100\/100\n|move|p1a: Weavile|Knock Off|p2a: Quagsire\n|-damage|p2a: Quagsire|78\/100\n|\n|upkeep\n|turn|37\n|\n|t:|1640462278\n|switch|p1a: Slowking|Slowking, M|100\/100\n|move|p2a: Quagsire|Recover|p2a: Quagsire\n|-heal|p2a: Quagsire|100\/100\n|\n|upkeep\n|turn|38\n|\n|t:|1640462282\n|move|p2a: Quagsire|Toxic|p1a: Slowking\n|-status|p1a: Slowking|tox\n|move|p1a: Slowking|Teleport|p1a: Slowking\n|\n|t:|1640462284\n|switch|p1a: Zapdos|Zapdos-Galar|57\/100|[from]move: Teleport\n|\n|upkeep\n|turn|39\n|l| Hihibyeok\n|\n|t:|1640462289\n|move|p1a: Zapdos|Close Combat|p2a: Quagsire\n|-damage|p2a: Quagsire|33\/100\n|-unboost|p1a: Zapdos|def|1\n|-unboost|p1a: Zapdos|spd|1\n|move|p2a: Quagsire|Recover|p2a: Quagsire\n|-heal|p2a: Quagsire|83\/100\n|\n|upkeep\n|turn|40\n|inactive|ClapEmCheeks has 120 seconds left.\n|c|\u2606ClapEmCheeks|What made you play stall ? Lmao\n|\n|t:|1640462333\n|switch|p1a: Slowking|Slowking, M|100\/100 tox\n|move|p2a: Quagsire|Recover|p2a: Quagsire\n|-heal|p2a: Quagsire|100\/100\n|\n|-damage|p1a: Slowking|94\/100 tox|[from] psn\n|upkeep\n|turn|41\n|c|\u2606kokoukohiro|The stall made me play stall\n|\n|t:|1640462350\n|switch|p2a: Jirachi|Jirachi|50\/100\n|move|p1a: Slowking|Teleport|p1a: Slowking\n|c| Shawty Lo|lmao\n|inactive|ClapEmCheeks has 120 seconds left.\n|\n|t:|1640462358\n|switch|p1a: Landorus|Landorus-Therian, M|94\/100 tox|[from]move: Teleport\n|-ability|p1a: Landorus|Intimidate|boost\n|-unboost|p2a: Jirachi|atk|1\n|\n|-heal|p2a: Jirachi|56\/100|[from] item: Leftovers\n|-heal|p1a: Landorus|100\/100 tox|[from] item: Leftovers\n|-damage|p1a: Landorus|94\/100 tox|[from] psn\n|upkeep\n|turn|42\n|\n|t:|1640462362\n|move|p2a: Jirachi|Protect|p2a: Jirachi\n|-singleturn|p2a: Jirachi|Protect\n|move|p1a: Landorus|Stealth Rock|p2a: Jirachi\n|-sidestart|p2: kokoukohiro|move: Stealth Rock\n|\n|-heal|p2a: Jirachi|62\/100|[from] item: Leftovers\n|-heal|p1a: Landorus|100\/100 tox|[from] item: Leftovers\n|-damage|p1a: Landorus|88\/100 tox|[from] psn\n|upkeep\n|turn|43\n|\n|t:|1640462368\n|switch|p2a: Corviknight|Corviknight, F|93\/100\n|-damage|p2a: Corviknight|81\/100|[from] Stealth Rock\n|-ability|p2a: Corviknight|Pressure\n|move|p1a: Landorus|U-turn|p2a: Corviknight\n|-resisted|p2a: Corviknight\n|-damage|p2a: Corviknight|77\/100\n|\n|t:|1640462375\n|switch|p1a: Regieleki|Regieleki|100\/100|[from]move: U-turn\n|\n|upkeep\n|turn|44\n|\n|t:|1640462381\n|switch|p2a: Quagsire|Quagsire, F|100\/100\n|-damage|p2a: Quagsire|94\/100|[from] Stealth Rock\n|move|p1a: Regieleki|Volt Switch|p2a: Quagsire\n|-immune|p2a: Quagsire\n|\n|upkeep\n|turn|45\n|\n|t:|1640462388\n|switch|p1a: Slowking|Slowking, M|100\/100 tox\n|move|p2a: Quagsire|Scald|p1a: Slowking\n|-resisted|p1a: Slowking\n|-damage|p1a: Slowking|95\/100 tox\n|\n|-damage|p1a: Slowking|89\/100 tox|[from] psn\n|upkeep\n|turn|46\n|\n|t:|1640462395\n|switch|p2a: Corviknight|Corviknight, F|77\/100\n|-damage|p2a: Corviknight|65\/100|[from] Stealth Rock\n|-ability|p2a: Corviknight|Pressure\n|move|p1a: Slowking|Teleport|p1a: Slowking\n|\n|t:|1640462402\n|switch|p1a: Regieleki|Regieleki|100\/100|[from]move: Teleport\n|\n|upkeep\n|turn|47\n|\n|t:|1640462409\n|move|p1a: Regieleki|Volt Switch|p2a: Corviknight\n|-supereffective|p2a: Corviknight\n|-damage|p2a: Corviknight|0 fnt\n|faint|p2a: Corviknight\n|c|\u2606ClapEmCheeks|Appreciate it!\n|\n|t:|1640462426\n|switch|p1a: Zapdos|Zapdos-Galar|57\/100|[from]move: Volt Switch\n|\n|upkeep\n|\n|t:|1640462431\n|switch|p2a: Quagsire|Quagsire, F|94\/100\n|-damage|p2a: Quagsire|88\/100|[from] Stealth Rock\n|turn|48\n|\n|t:|1640462439\n|move|p1a: Zapdos|U-turn|p2a: Quagsire\n|-damage|p2a: Quagsire|62\/100\n|\n|t:|1640462442\n|switch|p1a: Slowking|Slowking, M|100\/100 tox|[from]move: U-turn\n|move|p2a: Quagsire|Recover|p2a: Quagsire\n|-heal|p2a: Quagsire|100\/100\n|\n|-damage|p1a: Slowking|94\/100 tox|[from] psn\n|upkeep\n|turn|49\n|\n|t:|1640462449\n|switch|p2a: Jirachi|Jirachi|62\/100\n|-damage|p2a: Jirachi|56\/100|[from] Stealth Rock\n|move|p1a: Slowking|Teleport|p1a: Slowking\n|\n|t:|1640462472\n|switch|p1a: Landorus|Landorus-Therian, M|88\/100 tox|[from]move: Teleport\n|-ability|p1a: Landorus|Intimidate|boost\n|-unboost|p2a: Jirachi|atk|1\n|\n|-heal|p2a: Jirachi|62\/100|[from] item: Leftovers\n|-heal|p1a: Landorus|94\/100 tox|[from] item: Leftovers\n|-damage|p1a: Landorus|88\/100 tox|[from] psn\n|upkeep\n|turn|50\n|\n|t:|1640462480\n|switch|p1a: Weavile|Weavile, M|100\/100\n|-ability|p1a: Weavile|Pressure\n|move|p2a: Jirachi|Stealth Rock|p1a: Weavile\n|-sidestart|p1: ClapEmCheeks|move: Stealth Rock\n|\n|-heal|p2a: Jirachi|69\/100|[from] item: Leftovers\n|upkeep\n|turn|51\n|\n|t:|1640462485\n|move|p2a: Jirachi|Protect|p2a: Jirachi\n|-singleturn|p2a: Jirachi|Protect\n|move|p1a: Weavile|Knock Off|p2a: Jirachi\n|-activate|p2a: Jirachi|move: Protect\n|\n|-heal|p2a: Jirachi|75\/100|[from] item: Leftovers\n|upkeep\n|turn|52\n|\n|t:|1640462490\n|switch|p2a: Quagsire|Quagsire, F|100\/100\n|-damage|p2a: Quagsire|94\/100|[from] Stealth Rock\n|move|p1a: Weavile|Knock Off|p2a: Quagsire\n|-damage|p2a: Quagsire|74\/100\n|\n|upkeep\n|turn|53\n|\n|t:|1640462497\n|switch|p1a: Slowking|Slowking, M|100\/100 tox\n|move|p2a: Quagsire|Recover|p2a: Quagsire\n|-heal|p2a: Quagsire|100\/100\n|\n|-damage|p1a: Slowking|94\/100 tox|[from] psn\n|upkeep\n|turn|54\n|l| Shawty Lo\n|\n|t:|1640462501\n|switch|p2a: Jirachi|Jirachi|75\/100\n|-damage|p2a: Jirachi|69\/100|[from] Stealth Rock\n|move|p1a: Slowking|Teleport|p1a: Slowking\n|\n|t:|1640462508\n|switch|p1a: Weavile|Weavile, M|100\/100|[from]move: Teleport\n|-ability|p1a: Weavile|Pressure\n|\n|-heal|p2a: Jirachi|75\/100|[from] item: Leftovers\n|upkeep\n|turn|55\n|\n|t:|1640462515\n|move|p2a: Jirachi|Protect|p2a: Jirachi\n|-singleturn|p2a: Jirachi|Protect\n|move|p1a: Weavile|Knock Off|p2a: Jirachi\n|-activate|p2a: Jirachi|move: Protect\n|\n|-heal|p2a: Jirachi|81\/100|[from] item: Leftovers\n|upkeep\n|turn|56\n|\n|t:|1640462518\n|switch|p2a: Quagsire|Quagsire, F|100\/100\n|-damage|p2a: Quagsire|94\/100|[from] Stealth Rock\n|move|p1a: Weavile|Knock Off|p2a: Quagsire\n|-damage|p2a: Quagsire|74\/100\n|\n|upkeep\n|turn|57\n|\n|t:|1640462522\n|switch|p1a: Slowking|Slowking, M|100\/100 tox\n|move|p2a: Quagsire|Scald|p1a: Slowking\n|-resisted|p1a: Slowking\n|-damage|p1a: Slowking|94\/100 tox\n|\n|-damage|p1a: Slowking|88\/100 tox|[from] psn\n|upkeep\n|turn|58\n|\n|t:|1640462524\n|move|p2a: Quagsire|Recover|p2a: Quagsire\n|-heal|p2a: Quagsire|100\/100\n|move|p1a: Slowking|Teleport|p1a: Slowking\n|\n|t:|1640462527\n|switch|p1a: Ferrothorn|Ferrothorn, F|50\/100|[from]move: Teleport\n|-damage|p1a: Ferrothorn|44\/100|[from] Stealth Rock\n|\n|upkeep\n|turn|59\n|\n|t:|1640462529\n|move|p2a: Quagsire|Scald|p1a: Ferrothorn\n|-resisted|p1a: Ferrothorn\n|-damage|p1a: Ferrothorn|36\/100\n|-status|p1a: Ferrothorn|brn\n|move|p1a: Ferrothorn|Spikes|p2a: Quagsire\n|-sidestart|p2: kokoukohiro|Spikes\n|\n|-damage|p1a: Ferrothorn|30\/100 brn|[from] brn\n|upkeep\n|turn|60\n|\n|t:|1640462534\n|switch|p2a: Mandibuzz|Mandibuzz, F|100\/100\n|move|p1a: Ferrothorn|Spikes|p2a: Mandibuzz\n|-sidestart|p2: kokoukohiro|Spikes\n|\n|-damage|p1a: Ferrothorn|24\/100 brn|[from] brn\n|upkeep\n|turn|61\n|\n|t:|1640462539\n|move|p2a: Mandibuzz|Defog|p1a: Ferrothorn\n|-unboost|p1a: Ferrothorn|evasion|1\n|-sideend|p1: ClapEmCheeks|Stealth Rock|[from] move: Defog|[of] p2a: Mandibuzz\n|-sideend|p2: kokoukohiro|Spikes|[from] move: Defog|[of] p2a: Mandibuzz\n|-sideend|p2: kokoukohiro|Stealth Rock|[from] move: Defog|[of] p2a: Mandibuzz\n|move|p1a: Ferrothorn|Knock Off|p2a: Mandibuzz\n|-resisted|p2a: Mandibuzz\n|-damage|p2a: Mandibuzz|97\/100\n|-enditem|p2a: Mandibuzz|Heavy-Duty Boots|[from] move: Knock Off|[of] p1a: Ferrothorn\n|\n|-damage|p1a: Ferrothorn|18\/100 brn|[from] brn\n|upkeep\n|turn|62\n|\n|t:|1640462545\n|move|p2a: Mandibuzz|Taunt|p1a: Ferrothorn\n|-start|p1a: Ferrothorn|move: Taunt\n|cant|p1a: Ferrothorn|move: Taunt|Spikes\n|\n|-damage|p1a: Ferrothorn|12\/100 brn|[from] brn\n|upkeep\n|turn|63\n|\n|t:|1640462559\n|move|p2a: Mandibuzz|Foul Play|p1a: Ferrothorn\n|-damage|p1a: Ferrothorn|0 fnt\n|-damage|p2a: Mandibuzz|85\/100|[from] ability: Iron Barbs|[of] p1a: Ferrothorn\n|faint|p1a: Ferrothorn\n|\n|upkeep\n|\n|t:|1640462562\n|switch|p1a: Regieleki|Regieleki|100\/100\n|turn|64\n|\n|t:|1640462568\n|switch|p2a: Quagsire|Quagsire, F|100\/100\n|move|p1a: Regieleki|Volt Switch|p2a: Quagsire\n|-immune|p2a: Quagsire\n|\n|upkeep\n|turn|65\n|\n|t:|1640462576\n|switch|p1a: Slowking|Slowking, M|100\/100 tox\n|move|p2a: Quagsire|Toxic|p1a: Slowking\n|-fail|p1a: Slowking|tox\n|\n|-damage|p1a: Slowking|94\/100 tox|[from] psn\n|upkeep\n|turn|66\n|\n|t:|1640462584\n|switch|p2a: Jirachi|Jirachi|81\/100\n|move|p1a: Slowking|Teleport|p1a: Slowking\n|\n|t:|1640462587\n|switch|p1a: Regieleki|Regieleki|100\/100|[from]move: Teleport\n|\n|-heal|p2a: Jirachi|87\/100|[from] item: Leftovers\n|upkeep\n|turn|67\n|\n|t:|1640462596\n|move|p1a: Regieleki|Volt Switch|p2a: Jirachi\n|-damage|p2a: Jirachi|60\/100\n|\n|t:|1640462599\n|switch|p1a: Weavile|Weavile, M|100\/100|[from]move: Volt Switch\n|-ability|p1a: Weavile|Pressure\n|move|p2a: Jirachi|Wish|p2a: Jirachi\n|\n|-heal|p2a: Jirachi|67\/100|[from] item: Leftovers\n|upkeep\n|turn|68\n|\n|t:|1640462610\n|switch|p2a: Quagsire|Quagsire, F|100\/100\n|move|p1a: Weavile|Knock Off|p2a: Quagsire\n|-damage|p2a: Quagsire|79\/100\n|\n|-heal|p2a: Quagsire|100\/100|[from] move: Wish|[wisher] Jirachi\n|upkeep\n|turn|69\n|\n|t:|1640462617\n|switch|p1a: Slowking|Slowking, M|100\/100 tox\n|move|p2a: Quagsire|Earthquake|p1a: Slowking\n|-damage|p1a: Slowking|69\/100 tox\n|\n|-damage|p1a: Slowking|63\/100 tox|[from] psn\n|upkeep\n|turn|70\n|\n|t:|1640462622\n|switch|p2a: Jirachi|Jirachi|67\/100\n|move|p1a: Slowking|Teleport|p1a: Slowking\n|\n|t:|1640462626\n|switch|p1a: Weavile|Weavile, M|100\/100|[from]move: Teleport\n|-ability|p1a: Weavile|Pressure\n|\n|-heal|p2a: Jirachi|73\/100|[from] item: Leftovers\n|upkeep\n|turn|71\n|\n|t:|1640462633\n|switch|p2a: Quagsire|Quagsire, F|100\/100\n|move|p1a: Weavile|Knock Off|p2a: Quagsire\n|-damage|p2a: Quagsire|80\/100\n|\n|upkeep\n|turn|72\n|\n|t:|1640462642\n|switch|p1a: Slowking|Slowking, M|96\/100 tox\n|move|p2a: Quagsire|Toxic|p1a: Slowking\n|-fail|p1a: Slowking|tox\n|\n|-damage|p1a: Slowking|90\/100 tox|[from] psn\n|upkeep\n|turn|73\n|\n|t:|1640462660\n|move|p2a: Quagsire|Earthquake|p1a: Slowking\n|-damage|p1a: Slowking|61\/100 tox\n|move|p1a: Slowking|Teleport|p1a: Slowking\n|\n|t:|1640462662\n|switch|p1a: Landorus|Landorus-Therian, M|88\/100 tox|[from]move: Teleport\n|-ability|p1a: Landorus|Intimidate|boost\n|-unboost|p2a: Quagsire|atk|1\n|\n|-heal|p1a: Landorus|94\/100 tox|[from] item: Leftovers\n|-damage|p1a: Landorus|88\/100 tox|[from] psn\n|upkeep\n|turn|74\n|\n|t:|1640462668\n|move|p1a: Landorus|Toxic|p2a: Quagsire\n|-status|p2a: Quagsire|tox\n|move|p2a: Quagsire|Scald|p1a: Landorus\n|-supereffective|p1a: Landorus\n|-damage|p1a: Landorus|59\/100 tox\n|\n|-heal|p1a: Landorus|65\/100 tox|[from] item: Leftovers\n|-damage|p1a: Landorus|52\/100 tox|[from] psn\n|-damage|p2a: Quagsire|74\/100 tox|[from] psn\n|upkeep\n|turn|75\n|\n|t:|1640462673\n|switch|p1a: Slowking|Slowking, M|95\/100 tox\n|switch|p2a: Mandibuzz|Mandibuzz, F|85\/100\n|\n|-damage|p1a: Slowking|89\/100 tox|[from] psn\n|upkeep\n|turn|76\n|\n|t:|1640462680\n|switch|p2a: Clefable|Clefable, F|76\/100\n|move|p1a: Slowking|Teleport|p1a: Slowking\n|\n|t:|1640462685\n|switch|p1a: Zapdos|Zapdos-Galar|57\/100|[from]move: Teleport\n|\n|-heal|p2a: Clefable|82\/100|[from] item: Leftovers\n|upkeep\n|turn|77\n|\n|t:|1640462714\n|switch|p2a: Mandibuzz|Mandibuzz, F|85\/100\n|move|p1a: Zapdos|Brave Bird|p2a: Mandibuzz\n|-damage|p2a: Mandibuzz|32\/100\n|-damage|p1a: Zapdos|34\/100|[from] Recoil\n|\n|upkeep\n|turn|78\n|\n|t:|1640462722\n|switch|p2a: Jirachi|Jirachi|73\/100\n|move|p1a: Zapdos|Brave Bird|p2a: Jirachi\n|-resisted|p2a: Jirachi\n|-damage|p2a: Jirachi|36\/100\n|-damage|p1a: Zapdos|19\/100|[from] Recoil\n|\n|-heal|p2a: Jirachi|42\/100|[from] item: Leftovers\n|upkeep\n|turn|79\n|\n|t:|1640462727\n|switch|p1a: Weavile|Weavile, M|100\/100\n|-ability|p1a: Weavile|Pressure\n|move|p2a: Jirachi|Wish|p2a: Jirachi\n|\n|-heal|p2a: Jirachi|48\/100|[from] item: Leftovers\n|upkeep\n|turn|80\n|\n|t:|1640462736\n|move|p2a: Jirachi|Protect|p2a: Jirachi\n|-singleturn|p2a: Jirachi|Protect\n|move|p1a: Weavile|Swords Dance|p1a: Weavile\n|-boost|p1a: Weavile|atk|2\n|\n|-heal|p2a: Jirachi|98\/100|[from] move: Wish|[wisher] Jirachi\n|-heal|p2a: Jirachi|100\/100|[from] item: Leftovers\n|upkeep\n|turn|81\n|\n|t:|1640462740\n|switch|p2a: Quagsire|Quagsire, F|74\/100 tox\n|move|p1a: Weavile|Knock Off|p2a: Quagsire\n|-damage|p2a: Quagsire|50\/100 tox\n|\n|-damage|p2a: Quagsire|44\/100 tox|[from] psn\n|upkeep\n|turn|82\n|\n|t:|1640462751\n|move|p1a: Weavile|Knock Off|p2a: Quagsire\n|-damage|p2a: Quagsire|21\/100 tox\n|move|p2a: Quagsire|Recover|p2a: Quagsire\n|-heal|p2a: Quagsire|71\/100 tox\n|\n|-damage|p2a: Quagsire|59\/100 tox|[from] psn\n|upkeep\n|turn|83\n|\n|t:|1640462756\n|switch|p2a: Clefable|Clefable, F|82\/100\n|move|p1a: Weavile|Knock Off|p2a: Clefable\n|-resisted|p2a: Clefable\n|-damage|p2a: Clefable|54\/100\n|-enditem|p2a: Clefable|Leftovers|[from] move: Knock Off|[of] p1a: Weavile\n|\n|upkeep\n|turn|84\n|\n|t:|1640462760\n|move|p1a: Weavile|Triple Axel|p2a: Clefable\n|-crit|p2a: Clefable\n|-damage|p2a: Clefable|38\/100\n|-damage|p2a: Clefable|16\/100\n|-damage|p2a: Clefable|0 fnt\n|faint|p2a: Clefable\n|-hitcount|p2: Clefable|3\n|\n|upkeep\n|c|\u2606ClapEmCheeks|gg\n|\n|t:|1640462771\n|switch|p2a: Quagsire|Quagsire, F|59\/100 tox\n|turn|85\n|c|\u2606ClapEmCheeks|You\u2019re trash ash\n|c|\u2606ClapEmCheeks|LMAOOOO\n|-message|kokoukohiro forfeited.\n|\n|win|ClapEmCheeks\n|raw|ClapEmCheeks's rating: 1598 &rarr; <strong>1620<\/strong><br \/>(+22 for winning)\n|raw|kokoukohiro's rating: 1639 &rarr; <strong>1617<\/strong><br \/>(-22 for losing)\n|l|\u2606kokoukohiro\n|l| namurt\n","uploadtime":1640462827,"views":18,"p1id":"clapemcheeks","p2id":"kokoukohiro","formatid":"gen8ou","rating":1617,"private":0,"password":null}