{"id":"gen8ou-1639578010","p1":"jeandonis02","p2":"LT93OQ Highv0ltag3","format":"gen8ou","log":"|j|\u2606jeandonis02\n|j|\u2606LT93OQ Highv0ltag3\n|t:|1660495347\n|gametype|singles\n|player|p1|jeandonis02|lucas|1640\n|player|p2|LT93OQ Highv0ltag3|volo|1691\n|teamsize|p1|6\n|teamsize|p2|6\n|gen|8\n|tier|[Gen 8] OU\n|rated|\n|rule|Sleep Clause Mod: Limit one foe put to sleep\n|rule|Species Clause: Limit one of each Pok\u00e9mon\n|rule|OHKO Clause: OHKO moves are banned\n|rule|Evasion Items Clause: Evasion items are banned\n|rule|Evasion Moves Clause: Evasion moves are banned\n|rule|Endless Battle Clause: Forcing endless battles is banned\n|rule|HP Percentage Mod: HP is shown in percentages\n|rule|Dynamax Clause: You cannot dynamax\n|clearpoke\n|poke|p1|Zeraora|\n|poke|p1|Toxapex, M|\n|poke|p1|Garchomp, M|\n|poke|p1|Rotom-Wash|\n|poke|p1|Ferrothorn, M|\n|poke|p1|Charizard, F|\n|poke|p2|Corviknight, F|\n|poke|p2|Tangrowth, F|\n|poke|p2|Blissey, F|\n|poke|p2|Toxapex, F|\n|poke|p2|Gastrodon, F|\n|poke|p2|Jirachi|\n|teampreview\n|\n|t:|1660495356\n|start\n|switch|p1a: Ferrothorn|Ferrothorn, M|100\/100\n|switch|p2a: Stall Supremacy2|Tangrowth, F|100\/100\n|turn|1\n|inactive|Battle timer is ON: inactive players will automatically lose when time's up. (requested by jeandonis02)\n|\n|t:|1660495359\n|move|p2a: Stall Supremacy2|Knock Off|p1a: Ferrothorn\n|-damage|p1a: Ferrothorn|88\/100\n|-damage|p2a: Stall Supremacy2|88\/100|[from] ability: Iron Barbs|[of] p1a: Ferrothorn\n|-damage|p2a: Stall Supremacy2|72\/100|[from] item: Rocky Helmet|[of] p1a: Ferrothorn\n|-enditem|p1a: Ferrothorn|Rocky Helmet|[from] move: Knock Off|[of] p2a: Stall Supremacy2\n|move|p1a: Ferrothorn|Stealth Rock|p2a: Stall Supremacy2\n|-sidestart|p2: LT93OQ Highv0ltag3|move: Stealth Rock\n|\n|upkeep\n|turn|2\n|\n|t:|1660495366\n|move|p2a: Stall Supremacy2|Knock Off|p1a: Ferrothorn\n|-damage|p1a: Ferrothorn|80\/100\n|-damage|p2a: Stall Supremacy2|59\/100|[from] ability: Iron Barbs|[of] p1a: Ferrothorn\n|move|p1a: Ferrothorn|Thunder Wave|p2a: Stall Supremacy2|[miss]\n|-miss|p1a: Ferrothorn|p2a: Stall Supremacy2\n|\n|upkeep\n|turn|3\n|\n|t:|1660495370\n|move|p2a: Stall Supremacy2|Focus Blast|p1a: Ferrothorn\n|-supereffective|p1a: Ferrothorn\n|-damage|p1a: Ferrothorn|31\/100\n|move|p1a: Ferrothorn|Thunder Wave|p2a: Stall Supremacy2\n|-status|p2a: Stall Supremacy2|par\n|\n|upkeep\n|turn|4\n|\n|t:|1660495376\n|move|p2a: Stall Supremacy2|Toxic|p1a: Ferrothorn\n|-immune|p1a: Ferrothorn\n|move|p1a: Ferrothorn|Gyro Ball|p2a: Stall Supremacy2\n|-damage|p2a: Stall Supremacy2|52\/100 par\n|\n|upkeep\n|turn|5\n|\n|t:|1660495385\n|switch|p1a: Garchomp|Garchomp, M|100\/100\n|move|p2a: Stall Supremacy2|Focus Blast|p1a: Garchomp|[miss]\n|-miss|p2a: Stall Supremacy2|p1a: Garchomp\n|\n|upkeep\n|turn|6\n|\n|t:|1660495389\n|move|p1a: Garchomp|Fire Fang|p2a: Stall Supremacy2\n|-supereffective|p2a: Stall Supremacy2\n|-damage|p2a: Stall Supremacy2|16\/100 par\n|move|p2a: Stall Supremacy2|Toxic|p1a: Garchomp|[miss]\n|-miss|p2a: Stall Supremacy2|p1a: Garchomp\n|\n|upkeep\n|turn|7\n|\n|t:|1660495394\n|switch|p1a: Zeraora|Zeraora|100\/100\n|switch|p2a: Stall Supremacy1|Corviknight, F|100\/100\n|-damage|p2a: Stall Supremacy1|88\/100|[from] Stealth Rock\n|-ability|p2a: Stall Supremacy1|Pressure\n|\n|upkeep\n|turn|8\n|\n|t:|1660495398\n|switch|p2a: Stall Supremacy5|Gastrodon, F|100\/100\n|-damage|p2a: Stall Supremacy5|94\/100|[from] Stealth Rock\n|move|p1a: Zeraora|Knock Off|p2a: Stall Supremacy5\n|-damage|p2a: Stall Supremacy5|64\/100\n|-enditem|p2a: Stall Supremacy5|Leftovers|[from] move: Knock Off|[of] p1a: Zeraora\n|\n|upkeep\n|turn|9\n|\n|t:|1660495405\n|switch|p1a: Rotom|Rotom-Wash|100\/100\n|move|p2a: Stall Supremacy5|Recover|p2a: Stall Supremacy5\n|-heal|p2a: Stall Supremacy5|100\/100\n|\n|upkeep\n|turn|10\n|\n|t:|1660495408\n|switch|p1a: Toxapex|Toxapex, M|100\/100\n|move|p2a: Stall Supremacy5|Scald|p1a: Toxapex\n|-resisted|p1a: Toxapex\n|-damage|p1a: Toxapex|92\/100\n|\n|-heal|p1a: Toxapex|98\/100|[from] item: Black Sludge\n|upkeep\n|turn|11\n|\n|t:|1660495412\n|switch|p2a: Stall Supremacy1|Corviknight, F|88\/100\n|-damage|p2a: Stall Supremacy1|75\/100|[from] Stealth Rock\n|-ability|p2a: Stall Supremacy1|Pressure\n|switch|p1a: Ferrothorn|Ferrothorn, M|31\/100\n|\n|upkeep\n|turn|12\n|\n|t:|1660495414\n|move|p2a: Stall Supremacy1|Body Press|p1a: Ferrothorn\n|-supereffective|p1a: Ferrothorn\n|-damage|p1a: Ferrothorn|2\/100\n|-damage|p2a: Stall Supremacy1|63\/100|[from] ability: Iron Barbs|[of] p1a: Ferrothorn\n|move|p1a: Ferrothorn|Leech Seed|p2a: Stall Supremacy1\n|-start|p2a: Stall Supremacy1|move: Leech Seed\n|\n|-damage|p2a: Stall Supremacy1|50\/100|[from] Leech Seed|[of] p1a: Ferrothorn\n|-heal|p1a: Ferrothorn|16\/100|[silent]\n|upkeep\n|turn|13\n|\n|t:|1660495419\n|move|p2a: Stall Supremacy1|Roost|p2a: Stall Supremacy1\n|-heal|p2a: Stall Supremacy1|100\/100\n|-singleturn|p2a: Stall Supremacy1|move: Roost\n|move|p1a: Ferrothorn|Thunder Wave|p2a: Stall Supremacy1\n|-status|p2a: Stall Supremacy1|par\n|\n|-damage|p2a: Stall Supremacy1|88\/100 par|[from] Leech Seed|[of] p1a: Ferrothorn\n|-heal|p1a: Ferrothorn|31\/100|[silent]\n|upkeep\n|turn|14\n|\n|t:|1660495422\n|switch|p2a: Stall Supremacy2|Tangrowth, F|49\/100 par\n|-damage|p2a: Stall Supremacy2|36\/100 par|[from] Stealth Rock\n|move|p1a: Ferrothorn|Stealth Rock||[still]\n|-fail|p1a: Ferrothorn\n|\n|upkeep\n|turn|15\n|j| SM4SHB21RN\n|j| anique\n|inactive|jeandonis02 has 120 seconds left.\n|l| anique\n|j| LT93OQ Starbit\n|inactive|jeandonis02 has 90 seconds left.\n|j| Qwert1randomUs3r\n|l| Qwert1randomUs3r\n|j| othnus\n|inactive|jeandonis02 has 60 seconds left.\n|j| LT93OQ Ahsan\n|l| LT93OQ Ahsan\n|inactive|jeandonis02 has 30 seconds left.\n|\n|t:|1660495546\n|switch|p2a: Stall Supremacy4|Toxapex, F|100\/100\n|-damage|p2a: Stall Supremacy4|88\/100|[from] Stealth Rock\n|switch|p1a: Garchomp|Garchomp, M|100\/100\n|\n|upkeep\n|turn|16\n|\n|t:|1660495553\n|move|p1a: Garchomp|Outrage|p2a: Stall Supremacy4\n|-damage|p2a: Stall Supremacy4|34\/100\n|-damage|p1a: Garchomp|84\/100|[from] item: Rocky Helmet|[of] p2a: Stall Supremacy4\n|move|p2a: Stall Supremacy4|Toxic|p1a: Garchomp\n|-status|p1a: Garchomp|tox\n|\n|-damage|p1a: Garchomp|78\/100 tox|[from] psn\n|upkeep\n|turn|17\n|\n|t:|1660495566\n|switch|p2a: Stall Supremacy6|Jirachi|100\/100\n|-damage|p2a: Stall Supremacy6|94\/100|[from] Stealth Rock\n|move|p1a: Garchomp|Outrage|p2a: Stall Supremacy6|[from]lockedmove\n|-resisted|p2a: Stall Supremacy6\n|-damage|p2a: Stall Supremacy6|57\/100\n|-start|p1a: Garchomp|confusion|[fatigue]\n|\n|-heal|p2a: Stall Supremacy6|63\/100|[from] item: Leftovers\n|-damage|p1a: Garchomp|65\/100 tox|[from] psn\n|upkeep\n|turn|18\n|\n|t:|1660495572\n|switch|p1a: Zeraora|Zeraora|100\/100\n|move|p2a: Stall Supremacy6|Wish|p2a: Stall Supremacy6\n|\n|-heal|p2a: Stall Supremacy6|69\/100|[from] item: Leftovers\n|upkeep\n|turn|19\n|\n|t:|1660495577\n|switch|p2a: Stall Supremacy2|Tangrowth, F|70\/100 par\n|-damage|p2a: Stall Supremacy2|57\/100 par|[from] Stealth Rock\n|move|p1a: Zeraora|Knock Off|p2a: Stall Supremacy2\n|-damage|p2a: Stall Supremacy2|46\/100 par\n|\n|-heal|p2a: Stall Supremacy2|96\/100 par|[from] move: Wish|[wisher] Stall Supremacy6\n|upkeep\n|turn|20\n|\n|t:|1660495585\n|switch|p1a: Toxapex|Toxapex, M|100\/100\n|move|p2a: Stall Supremacy2|Toxic|p1a: Toxapex\n|-immune|p1a: Toxapex\n|\n|upkeep\n|turn|21\n|\n|t:|1660495592\n|switch|p2a: Stall Supremacy3|Blissey, F|100\/100\n|move|p1a: Toxapex|Scald|p2a: Stall Supremacy3\n|-damage|p2a: Stall Supremacy3|94\/100\n|-status|p2a: Stall Supremacy3|brn\n|\n|-damage|p2a: Stall Supremacy3|88\/100 brn|[from] brn\n|upkeep\n|turn|22\n|\n|t:|1660495598\n|switch|p1a: Ferrothorn|Ferrothorn, M|31\/100\n|move|p2a: Stall Supremacy3|Heal Bell|p2a: Stall Supremacy3\n|-activate|p2a: Stall Supremacy3|move: Heal Bell\n|-curestatus|p2a: Stall Supremacy3|brn|[msg]\n|-curestatus|p2: Stall Supremacy1|par|[msg]\n|-curestatus|p2: Stall Supremacy2|par|[msg]\n|\n|upkeep\n|turn|23\n|\n|t:|1660495602\n|switch|p2a: Stall Supremacy5|Gastrodon, F|100\/100\n|-damage|p2a: Stall Supremacy5|94\/100|[from] Stealth Rock\n|move|p1a: Ferrothorn|Leech Seed|p2a: Stall Supremacy5\n|-start|p2a: Stall Supremacy5|move: Leech Seed\n|\n|-damage|p2a: Stall Supremacy5|82\/100|[from] Leech Seed|[of] p1a: Ferrothorn\n|-heal|p1a: Ferrothorn|46\/100|[silent]\n|upkeep\n|turn|24\n|\n|t:|1660495606\n|switch|p2a: Stall Supremacy2|Tangrowth, F|100\/100\n|-damage|p2a: Stall Supremacy2|88\/100|[from] Stealth Rock\n|move|p1a: Ferrothorn|Leech Seed|p2a: Stall Supremacy2\n|-immune|p2a: Stall Supremacy2\n|\n|upkeep\n|turn|25\n|\n|t:|1660495611\n|switch|p1a: Toxapex|Toxapex, M|100\/100\n|move|p2a: Stall Supremacy2|Focus Blast|p1a: Toxapex\n|-resisted|p1a: Toxapex\n|-damage|p1a: Toxapex|91\/100\n|\n|-heal|p1a: Toxapex|97\/100|[from] item: Black Sludge\n|upkeep\n|turn|26\n|\n|t:|1660495618\n|switch|p2a: Stall Supremacy1|Corviknight, F|88\/100\n|-damage|p2a: Stall Supremacy1|75\/100|[from] Stealth Rock\n|-ability|p2a: Stall Supremacy1|Pressure\n|move|p1a: Toxapex|Toxic|p2a: Stall Supremacy1\n|-immune|p2a: Stall Supremacy1\n|\n|-heal|p1a: Toxapex|100\/100|[from] item: Black Sludge\n|upkeep\n|turn|27\n|\n|t:|1660495621\n|switch|p1a: Ferrothorn|Ferrothorn, M|46\/100\n|move|p2a: Stall Supremacy1|Defog|p1a: Ferrothorn\n|-unboost|p1a: Ferrothorn|evasion|1\n|-sideend|p2: LT93OQ Highv0ltag3|Stealth Rock|[from] move: Defog|[of] p2a: Stall Supremacy1\n|\n|upkeep\n|turn|28\n|\n|t:|1660495631\n|switch|p2a: Stall Supremacy2|Tangrowth, F|100\/100\n|move|p1a: Ferrothorn|Stealth Rock|p2a: Stall Supremacy2\n|-sidestart|p2: LT93OQ Highv0ltag3|move: Stealth Rock\n|\n|upkeep\n|turn|29\n|\n|t:|1660495635\n|switch|p2a: Stall Supremacy6|Jirachi|69\/100\n|-damage|p2a: Stall Supremacy6|63\/100|[from] Stealth Rock\n|switch|p1a: Toxapex|Toxapex, M|100\/100\n|\n|-heal|p2a: Stall Supremacy6|69\/100|[from] item: Leftovers\n|upkeep\n|turn|30\n|\n|t:|1660495639\n|switch|p1a: Ferrothorn|Ferrothorn, M|46\/100\n|move|p2a: Stall Supremacy6|Wish|p2a: Stall Supremacy6\n|\n|-heal|p2a: Stall Supremacy6|75\/100|[from] item: Leftovers\n|upkeep\n|turn|31\n|\n|t:|1660495644\n|switch|p2a: Stall Supremacy1|Corviknight, F|75\/100\n|-damage|p2a: Stall Supremacy1|63\/100|[from] Stealth Rock\n|-ability|p2a: Stall Supremacy1|Pressure\n|move|p1a: Ferrothorn|Thunder Wave|p2a: Stall Supremacy1\n|-status|p2a: Stall Supremacy1|par\n|\n|-heal|p2a: Stall Supremacy1|100\/100 par|[from] move: Wish|[wisher] Stall Supremacy6\n|upkeep\n|turn|32\n|\n|t:|1660495651\n|move|p2a: Stall Supremacy1|Defog|p1a: Ferrothorn\n|-unboost|p1a: Ferrothorn|evasion|1\n|-sideend|p2: LT93OQ Highv0ltag3|Stealth Rock|[from] move: Defog|[of] p2a: Stall Supremacy1\n|move|p1a: Ferrothorn|Leech Seed|p2a: Stall Supremacy1\n|-start|p2a: Stall Supremacy1|move: Leech Seed\n|\n|-damage|p2a: Stall Supremacy1|88\/100 par|[from] Leech Seed|[of] p1a: Ferrothorn\n|-heal|p1a: Ferrothorn|60\/100|[silent]\n|upkeep\n|turn|33\n|\n|t:|1660495653\n|move|p2a: Stall Supremacy1|Roost|p2a: Stall Supremacy1\n|-heal|p2a: Stall Supremacy1|100\/100 par\n|-singleturn|p2a: Stall Supremacy1|move: Roost\n|move|p1a: Ferrothorn|Stealth Rock|p2a: Stall Supremacy1\n|-sidestart|p2: LT93OQ Highv0ltag3|move: Stealth Rock\n|\n|-damage|p2a: Stall Supremacy1|88\/100 par|[from] Leech Seed|[of] p1a: Ferrothorn\n|-heal|p1a: Ferrothorn|74\/100|[silent]\n|upkeep\n|turn|34\n|\n|t:|1660495655\n|move|p2a: Stall Supremacy1|Defog|p1a: Ferrothorn\n|-unboost|p1a: Ferrothorn|evasion|1\n|-sideend|p2: LT93OQ Highv0ltag3|Stealth Rock|[from] move: Defog|[of] p2a: Stall Supremacy1\n|move|p1a: Ferrothorn|Stealth Rock|p2a: Stall Supremacy1\n|-sidestart|p2: LT93OQ Highv0ltag3|move: Stealth Rock\n|\n|-damage|p2a: Stall Supremacy1|75\/100 par|[from] Leech Seed|[of] p1a: Ferrothorn\n|-heal|p1a: Ferrothorn|88\/100|[silent]\n|upkeep\n|turn|35\n|\n|t:|1660495658\n|move|p2a: Stall Supremacy1|Defog|p1a: Ferrothorn\n|-unboost|p1a: Ferrothorn|evasion|1\n|-sideend|p2: LT93OQ Highv0ltag3|Stealth Rock|[from] move: Defog|[of] p2a: Stall Supremacy1\n|move|p1a: Ferrothorn|Stealth Rock|p2a: Stall Supremacy1\n|-sidestart|p2: LT93OQ Highv0ltag3|move: Stealth Rock\n|\n|-damage|p2a: Stall Supremacy1|63\/100 par|[from] Leech Seed|[of] p1a: Ferrothorn\n|-heal|p1a: Ferrothorn|100\/100|[silent]\n|upkeep\n|turn|36\n|\n|t:|1660495662\n|switch|p1a: Charizard|Charizard, F|100\/100\n|move|p2a: Stall Supremacy1|Defog|p1a: Charizard\n|-unboost|p1a: Charizard|evasion|1\n|-sideend|p2: LT93OQ Highv0ltag3|Stealth Rock|[from] move: Defog|[of] p2a: Stall Supremacy1\n|\n|-damage|p2a: Stall Supremacy1|50\/100 par|[from] Leech Seed|[of] p1a: Charizard\n|upkeep\n|turn|37\n|\n|t:|1660495667\n|switch|p2a: Stall Supremacy3|Blissey, F|88\/100\n|move|p1a: Charizard|Belly Drum|p1a: Charizard\n|-damage|p1a: Charizard|50\/100\n|-setboost|p1a: Charizard|atk|6|[from] move: Belly Drum\n|-enditem|p1a: Charizard|Sitrus Berry|[eat]\n|-heal|p1a: Charizard|75\/100|[from] item: Sitrus Berry\n|\n|upkeep\n|turn|38\n|c|\u2606LT93OQ Highv0ltag3|you gotta be kidding me\n|\n|t:|1660495697\n|move|p1a: Charizard|Acrobatics|p2a: Stall Supremacy3\n|-damage|p2a: Stall Supremacy3|0 fnt\n|faint|p2a: Stall Supremacy3\n|\n|upkeep\n|\n|t:|1660495706\n|switch|p2a: Stall Supremacy6|Jirachi|75\/100\n|turn|39\n|l| SM4SHB21RN\n|\n|t:|1660495709\n|switch|p2a: Stall Supremacy4|Toxapex, F|68\/100\n|move|p1a: Charizard|Flame Charge|p2a: Stall Supremacy4\n|-resisted|p2a: Stall Supremacy4\n|-damage|p2a: Stall Supremacy4|45\/100\n|-boost|p1a: Charizard|spe|1\n|-damage|p1a: Charizard|59\/100|[from] item: Rocky Helmet|[of] p2a: Stall Supremacy4\n|\n|upkeep\n|turn|40\n|j| SM4SHB21RN\n|\n|t:|1660495722\n|switch|p2a: Stall Supremacy1|Corviknight, F|50\/100 par\n|-ability|p2a: Stall Supremacy1|Pressure\n|move|p1a: Charizard|Acrobatics|p2a: Stall Supremacy1\n|-resisted|p2a: Stall Supremacy1\n|-damage|p2a: Stall Supremacy1|8\/100 par\n|\n|upkeep\n|turn|41\n|\n|t:|1660495729\n|move|p1a: Charizard|Acrobatics|p2a: Stall Supremacy1\n|-resisted|p2a: Stall Supremacy1\n|-damage|p2a: Stall Supremacy1|0 fnt\n|faint|p2a: Stall Supremacy1\n|\n|upkeep\n|\n|t:|1660495740\n|switch|p2a: Stall Supremacy4|Toxapex, F|78\/100\n|turn|42\n|\n|t:|1660495742\n|switch|p2a: Stall Supremacy6|Jirachi|75\/100\n|move|p1a: Charizard|Acrobatics|p2a: Stall Supremacy6\n|-resisted|p2a: Stall Supremacy6\n|-damage|p2a: Stall Supremacy6|8\/100\n|\n|-heal|p2a: Stall Supremacy6|14\/100|[from] item: Leftovers\n|upkeep\n|turn|43\n|\n|t:|1660495748\n|move|p1a: Charizard|Acrobatics|p2a: Stall Supremacy6\n|-resisted|p2a: Stall Supremacy6\n|-damage|p2a: Stall Supremacy6|0 fnt\n|faint|p2a: Stall Supremacy6\n|\n|upkeep\n|\n|t:|1660495750\n|switch|p2a: Stall Supremacy4|Toxapex, F|100\/100\n|turn|44\n|\n|t:|1660495752\n|move|p1a: Charizard|Acrobatics|p2a: Stall Supremacy4\n|-damage|p2a: Stall Supremacy4|10\/100\n|-damage|p1a: Charizard|42\/100|[from] item: Rocky Helmet|[of] p2a: Stall Supremacy4\n|move|p2a: Stall Supremacy4|Scald|p1a: Charizard\n|-supereffective|p1a: Charizard\n|-damage|p1a: Charizard|0 fnt\n|faint|p1a: Charizard\n|\n|upkeep\n|\n|t:|1660495779\n|switch|p1a: Ferrothorn|Ferrothorn, M|100\/100\n|turn|45\n|\n|t:|1660495790\n|switch|p2a: Stall Supremacy2|Tangrowth, F|100\/100\n|move|p1a: Ferrothorn|Stealth Rock|p2a: Stall Supremacy2\n|-sidestart|p2: LT93OQ Highv0ltag3|move: Stealth Rock\n|\n|upkeep\n|turn|46\n|\n|t:|1660495796\n|switch|p1a: Toxapex|Toxapex, M|100\/100\n|move|p2a: Stall Supremacy2|Giga Drain|p1a: Toxapex\n|-damage|p1a: Toxapex|83\/100\n|\n|-heal|p1a: Toxapex|89\/100|[from] item: Black Sludge\n|upkeep\n|turn|47\n|\n|t:|1660495799\n|switch|p2a: Stall Supremacy4|Toxapex, F|43\/100\n|-damage|p2a: Stall Supremacy4|30\/100|[from] Stealth Rock\n|move|p1a: Toxapex|Scald|p2a: Stall Supremacy4\n|-resisted|p2a: Stall Supremacy4\n|-damage|p2a: Stall Supremacy4|24\/100\n|\n|-heal|p1a: Toxapex|95\/100|[from] item: Black Sludge\n|upkeep\n|turn|48\n|\n|t:|1660495803\n|move|p2a: Stall Supremacy4|Recover|p2a: Stall Supremacy4\n|-heal|p2a: Stall Supremacy4|74\/100\n|move|p1a: Toxapex|Scald|p2a: Stall Supremacy4\n|-resisted|p2a: Stall Supremacy4\n|-damage|p2a: Stall Supremacy4|67\/100\n|-status|p2a: Stall Supremacy4|brn\n|\n|-heal|p1a: Toxapex|100\/100|[from] item: Black Sludge\n|-damage|p2a: Stall Supremacy4|61\/100 brn|[from] brn\n|upkeep\n|turn|49\n|\n|t:|1660495807\n|switch|p1a: Ferrothorn|Ferrothorn, M|100\/100\n|move|p2a: Stall Supremacy4|Scald|p1a: Ferrothorn\n|-resisted|p1a: Ferrothorn\n|-damage|p1a: Ferrothorn|93\/100\n|-status|p1a: Ferrothorn|brn\n|\n|-damage|p2a: Stall Supremacy4|55\/100 brn|[from] brn\n|-damage|p1a: Ferrothorn|87\/100 brn|[from] brn\n|upkeep\n|turn|50\n|\n|t:|1660495813\n|switch|p1a: Toxapex|Toxapex, M|100\/100\n|move|p2a: Stall Supremacy4|Recover|p2a: Stall Supremacy4\n|-heal|p2a: Stall Supremacy4|100\/100 brn\n|\n|-damage|p2a: Stall Supremacy4|94\/100 brn|[from] brn\n|upkeep\n|turn|51\n|\n|t:|1660495820\n|switch|p1a: Ferrothorn|Ferrothorn, M|87\/100 brn\n|move|p2a: Stall Supremacy4|Scald|p1a: Ferrothorn\n|-resisted|p1a: Ferrothorn\n|-damage|p1a: Ferrothorn|79\/100 brn\n|\n|-damage|p2a: Stall Supremacy4|88\/100 brn|[from] brn\n|-damage|p1a: Ferrothorn|73\/100 brn|[from] brn\n|upkeep\n|turn|52\n|\n|t:|1660495823\n|switch|p2a: Stall Supremacy2|Tangrowth, F|100\/100\n|-damage|p2a: Stall Supremacy2|88\/100|[from] Stealth Rock\n|move|p1a: Ferrothorn|Leech Seed|p2a: Stall Supremacy2\n|-immune|p2a: Stall Supremacy2\n|\n|-damage|p1a: Ferrothorn|66\/100 brn|[from] brn\n|upkeep\n|turn|53\n|\n|t:|1660495826\n|switch|p2a: Stall Supremacy4|Toxapex, F|100\/100 brn\n|-damage|p2a: Stall Supremacy4|88\/100 brn|[from] Stealth Rock\n|switch|p1a: Toxapex|Toxapex, M|100\/100\n|\n|-damage|p2a: Stall Supremacy4|82\/100 brn|[from] brn\n|upkeep\n|turn|54\n|\n|t:|1660495831\n|switch|p1a: Rotom|Rotom-Wash|100\/100\n|move|p2a: Stall Supremacy4|Scald|p1a: Rotom\n|-resisted|p1a: Rotom\n|-damage|p1a: Rotom|93\/100\n|\n|-heal|p1a: Rotom|99\/100|[from] item: Leftovers\n|-damage|p2a: Stall Supremacy4|75\/100 brn|[from] brn\n|upkeep\n|turn|55\n|\n|t:|1660495834\n|switch|p2a: Stall Supremacy5|Gastrodon, F|82\/100\n|-damage|p2a: Stall Supremacy5|76\/100|[from] Stealth Rock\n|move|p1a: Rotom|Volt Switch|p2a: Stall Supremacy5\n|-immune|p2a: Stall Supremacy5\n|\n|-heal|p1a: Rotom|100\/100|[from] item: Leftovers\n|upkeep\n|turn|56\n|\n|t:|1660495842\n|move|p1a: Rotom|Will-O-Wisp|p2a: Stall Supremacy5\n|-status|p2a: Stall Supremacy5|brn\n|move|p2a: Stall Supremacy5|Earth Power|p1a: Rotom\n|-immune|p1a: Rotom|[from] ability: Levitate\n|\n|-damage|p2a: Stall Supremacy5|70\/100 brn|[from] brn\n|upkeep\n|turn|57\n|\n|t:|1660495848\n|switch|p1a: Toxapex|Toxapex, M|100\/100\n|move|p2a: Stall Supremacy5|Recover|p2a: Stall Supremacy5\n|-heal|p2a: Stall Supremacy5|100\/100 brn\n|\n|-damage|p2a: Stall Supremacy5|94\/100 brn|[from] brn\n|upkeep\n|turn|58\n|\n|t:|1660495855\n|switch|p2a: Stall Supremacy4|Toxapex, F|100\/100 brn\n|-damage|p2a: Stall Supremacy4|88\/100 brn|[from] Stealth Rock\n|switch|p1a: Rotom|Rotom-Wash|100\/100\n|\n|-damage|p2a: Stall Supremacy4|82\/100 brn|[from] brn\n|upkeep\n|turn|59\n|\n|t:|1660495864\n|switch|p2a: Stall Supremacy5|Gastrodon, F|94\/100 brn\n|-damage|p2a: Stall Supremacy5|88\/100 brn|[from] Stealth Rock\n|move|p1a: Rotom|Volt Switch|p2a: Stall Supremacy5\n|-immune|p2a: Stall Supremacy5\n|\n|-damage|p2a: Stall Supremacy5|82\/100 brn|[from] brn\n|upkeep\n|turn|60\n|\n|t:|1660495869\n|switch|p1a: Toxapex|Toxapex, M|100\/100\n|move|p2a: Stall Supremacy5|Scald|p1a: Toxapex\n|-resisted|p1a: Toxapex\n|-damage|p1a: Toxapex|92\/100\n|\n|-heal|p1a: Toxapex|98\/100|[from] item: Black Sludge\n|-damage|p2a: Stall Supremacy5|76\/100 brn|[from] brn\n|upkeep\n|turn|61\n|\n|t:|1660495875\n|switch|p1a: Rotom|Rotom-Wash|100\/100\n|move|p2a: Stall Supremacy5|Scald|p1a: Rotom\n|-resisted|p1a: Rotom\n|-damage|p1a: Rotom|87\/100\n|\n|-heal|p1a: Rotom|94\/100|[from] item: Leftovers\n|-damage|p2a: Stall Supremacy5|70\/100 brn|[from] brn\n|upkeep\n|turn|62\n|\n|t:|1660495886\n|switch|p1a: Toxapex|Toxapex, M|100\/100\n|move|p2a: Stall Supremacy5|Scald|p1a: Toxapex\n|-resisted|p1a: Toxapex\n|-damage|p1a: Toxapex|93\/100\n|-status|p1a: Toxapex|brn\n|\n|-heal|p1a: Toxapex|99\/100 brn|[from] item: Black Sludge\n|-damage|p2a: Stall Supremacy5|64\/100 brn|[from] brn\n|-damage|p1a: Toxapex|93\/100 brn|[from] brn\n|upkeep\n|turn|63\n|\n|t:|1660495893\n|switch|p1a: Rotom|Rotom-Wash|94\/100\n|move|p2a: Stall Supremacy5|Scald|p1a: Rotom\n|-resisted|p1a: Rotom\n|-damage|p1a: Rotom|81\/100\n|-status|p1a: Rotom|brn\n|\n|-heal|p1a: Rotom|87\/100 brn|[from] item: Leftovers\n|-damage|p1a: Rotom|81\/100 brn|[from] brn\n|-damage|p2a: Stall Supremacy5|58\/100 brn|[from] brn\n|upkeep\n|turn|64\n|\n|t:|1660495895\n|switch|p1a: Zeraora|Zeraora|100\/100\n|move|p2a: Stall Supremacy5|Recover|p2a: Stall Supremacy5\n|-heal|p2a: Stall Supremacy5|100\/100 brn\n|\n|-damage|p2a: Stall Supremacy5|94\/100 brn|[from] brn\n|upkeep\n|turn|65\n|\n|t:|1660495899\n|move|p1a: Zeraora|Knock Off|p2a: Stall Supremacy5\n|-damage|p2a: Stall Supremacy5|74\/100 brn\n|move|p2a: Stall Supremacy5|Earth Power|p1a: Zeraora\n|-supereffective|p1a: Zeraora\n|-damage|p1a: Zeraora|29\/100\n|\n|-damage|p2a: Stall Supremacy5|68\/100 brn|[from] brn\n|upkeep\n|turn|66\n|\n|t:|1660495902\n|move|p1a: Zeraora|Close Combat|p2a: Stall Supremacy5\n|-damage|p2a: Stall Supremacy5|24\/100 brn\n|-unboost|p1a: Zeraora|def|1\n|-unboost|p1a: Zeraora|spd|1\n|move|p2a: Stall Supremacy5|Earth Power|p1a: Zeraora\n|-supereffective|p1a: Zeraora\n|-damage|p1a: Zeraora|0 fnt\n|faint|p1a: Zeraora\n|\n|-damage|p2a: Stall Supremacy5|17\/100 brn|[from] brn\n|upkeep\n|\n|t:|1660495905\n|switch|p1a: Garchomp|Garchomp, M|65\/100 tox\n|turn|67\n|\n|t:|1660495908\n|switch|p2a: Stall Supremacy2|Tangrowth, F|100\/100\n|-damage|p2a: Stall Supremacy2|88\/100|[from] Stealth Rock\n|move|p1a: Garchomp|Outrage|p2a: Stall Supremacy2\n|-damage|p2a: Stall Supremacy2|33\/100\n|\n|-damage|p1a: Garchomp|59\/100 tox|[from] psn\n|upkeep\n|turn|68\n|\n|t:|1660495914\n|switch|p2a: Stall Supremacy5|Gastrodon, F|17\/100 brn\n|-damage|p2a: Stall Supremacy5|11\/100 brn|[from] Stealth Rock\n|move|p1a: Garchomp|Outrage|p2a: Stall Supremacy5|[from]lockedmove\n|-damage|p2a: Stall Supremacy5|0 fnt\n|faint|p2a: Stall Supremacy5\n|-start|p1a: Garchomp|confusion|[fatigue]\n|\n|-damage|p1a: Garchomp|47\/100 tox|[from] psn\n|upkeep\n|\n|t:|1660495921\n|switch|p2a: Stall Supremacy4|Toxapex, F|100\/100 brn\n|-damage|p2a: Stall Supremacy4|88\/100 brn|[from] Stealth Rock\n|turn|69\n|\n|t:|1660495926\n|switch|p1a: Toxapex|Toxapex, M|100\/100 brn\n|move|p2a: Stall Supremacy4|Recover|p2a: Stall Supremacy4\n|-heal|p2a: Stall Supremacy4|100\/100 brn\n|\n|-damage|p2a: Stall Supremacy4|94\/100 brn|[from] brn\n|-damage|p1a: Toxapex|94\/100 brn|[from] brn\n|upkeep\n|turn|70\n|\n|t:|1660495931\n|move|p2a: Stall Supremacy4|Toxic Spikes|p1a: Toxapex\n|-sidestart|p1: jeandonis02|move: Toxic Spikes\n|move|p1a: Toxapex|Scald|p2a: Stall Supremacy4\n|-resisted|p2a: Stall Supremacy4\n|-damage|p2a: Stall Supremacy4|88\/100 brn\n|\n|-heal|p1a: Toxapex|100\/100 brn|[from] item: Black Sludge\n|-damage|p1a: Toxapex|94\/100 brn|[from] brn\n|-damage|p2a: Stall Supremacy4|81\/100 brn|[from] brn\n|upkeep\n|turn|71\n|\n|t:|1660495935\n|switch|p1a: Rotom|Rotom-Wash|81\/100 brn\n|move|p2a: Stall Supremacy4|Scald|p1a: Rotom\n|-resisted|p1a: Rotom\n|-damage|p1a: Rotom|73\/100 brn\n|\n|-heal|p1a: Rotom|79\/100 brn|[from] item: Leftovers\n|-damage|p1a: Rotom|73\/100 brn|[from] brn\n|-damage|p2a: Stall Supremacy4|75\/100 brn|[from] brn\n|upkeep\n|turn|72\n|\n|t:|1660495942\n|switch|p2a: Stall Supremacy2|Tangrowth, F|66\/100\n|-damage|p2a: Stall Supremacy2|54\/100|[from] Stealth Rock\n|move|p1a: Rotom|Volt Switch|p2a: Stall Supremacy2\n|-resisted|p2a: Stall Supremacy2\n|-damage|p2a: Stall Supremacy2|37\/100\n|\n|t:|1660495952\n|switch|p1a: Toxapex|Toxapex, M|100\/100 brn|[from]move: Volt Switch\n|-sideend|p1: jeandonis02|move: Toxic Spikes|[of] p1a: Toxapex\n|\n|-damage|p1a: Toxapex|94\/100 brn|[from] brn\n|upkeep\n|turn|73\n|\n|t:|1660495955\n|switch|p2a: Stall Supremacy4|Toxapex, F|100\/100 brn\n|-damage|p2a: Stall Supremacy4|88\/100 brn|[from] Stealth Rock\n|move|p1a: Toxapex|Scald|p2a: Stall Supremacy4\n|-resisted|p2a: Stall Supremacy4\n|-damage|p2a: Stall Supremacy4|81\/100 brn\n|\n|-heal|p1a: Toxapex|100\/100 brn|[from] item: Black Sludge\n|-damage|p1a: Toxapex|94\/100 brn|[from] brn\n|-damage|p2a: Stall Supremacy4|75\/100 brn|[from] brn\n|upkeep\n|turn|74\n|\n|t:|1660495960\n|move|p1a: Toxapex|Scald|p2a: Stall Supremacy4\n|-resisted|p2a: Stall Supremacy4\n|-damage|p2a: Stall Supremacy4|68\/100 brn\n|move|p2a: Stall Supremacy4|Toxic Spikes|p1a: Toxapex\n|-sidestart|p1: jeandonis02|move: Toxic Spikes\n|\n|-heal|p1a: Toxapex|100\/100 brn|[from] item: Black Sludge\n|-damage|p1a: Toxapex|94\/100 brn|[from] brn\n|-damage|p2a: Stall Supremacy4|62\/100 brn|[from] brn\n|upkeep\n|turn|75\n|\n|t:|1660495963\n|switch|p2a: Stall Supremacy2|Tangrowth, F|70\/100\n|-damage|p2a: Stall Supremacy2|57\/100|[from] Stealth Rock\n|move|p1a: Toxapex|Scald|p2a: Stall Supremacy2\n|-resisted|p2a: Stall Supremacy2\n|-damage|p2a: Stall Supremacy2|46\/100\n|\n|-heal|p1a: Toxapex|100\/100 brn|[from] item: Black Sludge\n|-damage|p1a: Toxapex|94\/100 brn|[from] brn\n|upkeep\n|turn|76\n|\n|t:|1660495967\n|switch|p2a: Stall Supremacy4|Toxapex, F|95\/100 brn\n|-damage|p2a: Stall Supremacy4|83\/100 brn|[from] Stealth Rock\n|move|p1a: Toxapex|Scald|p2a: Stall Supremacy4\n|-resisted|p2a: Stall Supremacy4\n|-damage|p2a: Stall Supremacy4|76\/100 brn\n|\n|-heal|p1a: Toxapex|100\/100 brn|[from] item: Black Sludge\n|-damage|p2a: Stall Supremacy4|70\/100 brn|[from] brn\n|-damage|p1a: Toxapex|94\/100 brn|[from] brn\n|upkeep\n|turn|77\n|\n|t:|1660495969\n|switch|p2a: Stall Supremacy2|Tangrowth, F|79\/100\n|-damage|p2a: Stall Supremacy2|67\/100|[from] Stealth Rock\n|move|p1a: Toxapex|Scald|p2a: Stall Supremacy2\n|-resisted|p2a: Stall Supremacy2\n|-damage|p2a: Stall Supremacy2|56\/100\n|-status|p2a: Stall Supremacy2|brn\n|\n|-heal|p1a: Toxapex|100\/100 brn|[from] item: Black Sludge\n|-damage|p2a: Stall Supremacy2|50\/100 brn|[from] brn\n|-damage|p1a: Toxapex|94\/100 brn|[from] brn\n|upkeep\n|turn|78\n|\n|t:|1660495973\n|switch|p2a: Stall Supremacy4|Toxapex, F|100\/100 brn\n|-damage|p2a: Stall Supremacy4|88\/100 brn|[from] Stealth Rock\n|move|p1a: Toxapex|Scald|p2a: Stall Supremacy4\n|-resisted|p2a: Stall Supremacy4\n|-damage|p2a: Stall Supremacy4|81\/100 brn\n|\n|-heal|p1a: Toxapex|100\/100 brn|[from] item: Black Sludge\n|-damage|p1a: Toxapex|94\/100 brn|[from] brn\n|-damage|p2a: Stall Supremacy4|75\/100 brn|[from] brn\n|upkeep\n|turn|79\n|\n|t:|1660495978\n|switch|p2a: Stall Supremacy2|Tangrowth, F|83\/100 brn\n|-damage|p2a: Stall Supremacy2|70\/100 brn|[from] Stealth Rock\n|switch|p1a: Ferrothorn|Ferrothorn, M|66\/100 brn\n|\n|-damage|p2a: Stall Supremacy2|64\/100 brn|[from] brn\n|-damage|p1a: Ferrothorn|60\/100 brn|[from] brn\n|upkeep\n|turn|80\n|\n|t:|1660495981\n|switch|p1a: Toxapex|Toxapex, M|100\/100 brn\n|-sideend|p1: jeandonis02|move: Toxic Spikes|[of] p1a: Toxapex\n|move|p2a: Stall Supremacy2|Giga Drain|p1a: Toxapex\n|-damage|p1a: Toxapex|83\/100 brn\n|-heal|p2a: Stall Supremacy2|71\/100 brn|[from] drain|[of] p1a: Toxapex\n|\n|-heal|p1a: Toxapex|89\/100 brn|[from] item: Black Sludge\n|-damage|p2a: Stall Supremacy2|65\/100 brn|[from] brn\n|-damage|p1a: Toxapex|83\/100 brn|[from] brn\n|upkeep\n|turn|81\n|\n|t:|1660495992\n|switch|p1a: Ferrothorn|Ferrothorn, M|60\/100 brn\n|move|p2a: Stall Supremacy2|Focus Blast|p1a: Ferrothorn\n|-supereffective|p1a: Ferrothorn\n|-crit|p1a: Ferrothorn\n|-damage|p1a: Ferrothorn|0 fnt\n|faint|p1a: Ferrothorn\n|\n|-damage|p2a: Stall Supremacy2|58\/100 brn|[from] brn\n|upkeep\n|\n|t:|1660495995\n|switch|p1a: Garchomp|Garchomp, M|47\/100 tox\n|turn|82\n|\n|t:|1660496007\n|move|p1a: Garchomp|Outrage|p2a: Stall Supremacy2\n|-damage|p2a: Stall Supremacy2|5\/100 brn\n|move|p2a: Stall Supremacy2|Giga Drain|p1a: Garchomp\n|-damage|p1a: Garchomp|16\/100 tox\n|-heal|p2a: Stall Supremacy2|19\/100 brn|[from] drain|[of] p1a: Garchomp\n|\n|-damage|p1a: Garchomp|9\/100 tox|[from] psn\n|-damage|p2a: Stall Supremacy2|13\/100 brn|[from] brn\n|upkeep\n|turn|83\n|\n|t:|1660496020\n|switch|p2a: Stall Supremacy4|Toxapex, F|100\/100 brn\n|-damage|p2a: Stall Supremacy4|88\/100 brn|[from] Stealth Rock\n|move|p1a: Garchomp|Outrage|p2a: Stall Supremacy4|[from]lockedmove\n|-damage|p2a: Stall Supremacy4|29\/100 brn\n|-damage|p1a: Garchomp|0 fnt|[from] item: Rocky Helmet|[of] p2a: Stall Supremacy4\n|faint|p1a: Garchomp\n|\n|-damage|p2a: Stall Supremacy4|23\/100 brn|[from] brn\n|upkeep\n|\n|t:|1660496024\n|switch|p1a: Rotom|Rotom-Wash|73\/100 brn\n|turn|84\n|\n|t:|1660496029\n|switch|p2a: Stall Supremacy2|Tangrowth, F|46\/100 brn\n|-damage|p2a: Stall Supremacy2|33\/100 brn|[from] Stealth Rock\n|move|p1a: Rotom|Hydro Pump|p2a: Stall Supremacy2\n|-resisted|p2a: Stall Supremacy2\n|-damage|p2a: Stall Supremacy2|7\/100 brn\n|\n|-heal|p1a: Rotom|79\/100 brn|[from] item: Leftovers\n|-damage|p1a: Rotom|73\/100 brn|[from] brn\n|-damage|p2a: Stall Supremacy2|1\/100 brn|[from] brn\n|upkeep\n|turn|85\n|\n|t:|1660496043\n|switch|p2a: Stall Supremacy4|Toxapex, F|56\/100 brn\n|-damage|p2a: Stall Supremacy4|44\/100 brn|[from] Stealth Rock\n|move|p1a: Rotom|Volt Switch|p2a: Stall Supremacy4\n|-supereffective|p2a: Stall Supremacy4\n|-damage|p2a: Stall Supremacy4|2\/100 brn\n|\n|t:|1660496046\n|switch|p1a: Toxapex|Toxapex, M|100\/100 brn|[from]move: Volt Switch\n|\n|-damage|p1a: Toxapex|94\/100 brn|[from] brn\n|-damage|p2a: Stall Supremacy4|0 fnt|[from] brn\n|faint|p2a: Stall Supremacy4\n|upkeep\n|\n|t:|1660496049\n|switch|p2a: Stall Supremacy2|Tangrowth, F|34\/100 brn\n|-damage|p2a: Stall Supremacy2|22\/100 brn|[from] Stealth Rock\n|turn|86\n|\n|t:|1660496052\n|move|p2a: Stall Supremacy2|Giga Drain|p1a: Toxapex\n|-damage|p1a: Toxapex|77\/100 brn\n|-heal|p2a: Stall Supremacy2|28\/100 brn|[from] drain|[of] p1a: Toxapex\n|move|p1a: Toxapex|Scald|p2a: Stall Supremacy2\n|-resisted|p2a: Stall Supremacy2\n|-damage|p2a: Stall Supremacy2|17\/100 brn\n|\n|-heal|p1a: Toxapex|83\/100 brn|[from] item: Black Sludge\n|-damage|p2a: Stall Supremacy2|11\/100 brn|[from] brn\n|-damage|p1a: Toxapex|77\/100 brn|[from] brn\n|upkeep\n|turn|87\n|c|\u2606jeandonis02|Where is stall supremacy?\n|\n|t:|1660496069\n|move|p2a: Stall Supremacy2|Giga Drain|p1a: Toxapex\n|-crit|p1a: Toxapex\n|-damage|p1a: Toxapex|49\/100 brn\n|-heal|p2a: Stall Supremacy2|21\/100 brn|[from] drain|[of] p1a: Toxapex\n|move|p1a: Toxapex|Scald|p2a: Stall Supremacy2\n|-resisted|p2a: Stall Supremacy2\n|-damage|p2a: Stall Supremacy2|10\/100 brn\n|\n|-heal|p1a: Toxapex|55\/100 brn|[from] item: Black Sludge\n|-damage|p2a: Stall Supremacy2|4\/100 brn|[from] brn\n|-damage|p1a: Toxapex|49\/100 brn|[from] brn\n|upkeep\n|turn|88\n|\n|t:|1660496074\n|move|p1a: Toxapex|Baneful Bunker|p1a: Toxapex\n|-singleturn|p1a: Toxapex|move: Protect\n|move|p2a: Stall Supremacy2|Giga Drain|p1a: Toxapex\n|-activate|p1a: Toxapex|move: Protect\n|\n|-heal|p1a: Toxapex|55\/100 brn|[from] item: Black Sludge\n|-damage|p2a: Stall Supremacy2|0 fnt|[from] brn\n|faint|p2a: Stall Supremacy2\n|\n|win|jeandonis02\n|upkeep\n|raw|jeandonis02's rating: 1640 &rarr; <strong>1663<\/strong><br \/>(+23 for winning)\n|raw|LT93OQ Highv0ltag3's rating: 1691 &rarr; <strong>1668<\/strong><br \/>(-23 for losing)\n|l|\u2606LT93OQ Highv0ltag3\n||Ladder isn't responding, score probably updated but might not have (Request timeout).\n","uploadtime":1660496119,"views":63,"p1id":"jeandonis02","p2id":"lt93oqhighv0ltag3","formatid":"gen8ou","rating":1663,"private":0,"password":null}