{"id":"gen8ou-1318810210","p1":"jordenwuj","p2":"Corumba","format":"gen8ou","log":"|html|<div class=\"broadcast-blue\"><strong>[Gen 8] OU is currently suspecting Zamazenta-Crowned! For information on how to participate check out the <a href=\"https:\/\/www.smogon.com\/forums\/threads\/np-ss-ou-suspect-process-round-10-royals.3681787\/\">suspect thread<\/a>.<\/strong><\/div>\n|j|\u2606jordenwuj\n|j|\u2606Corumba\n|t:|1618058291\n|gametype|singles\n|player|p1|jordenwuj|dahlia|1819\n|player|p2|Corumba|schoolkid-gen4|1874\n|teamsize|p1|6\n|teamsize|p2|6\n|gen|8\n|tier|[Gen 8] OU\n|rated|\n|clearpoke\n|poke|p1|Pelipper, F|\n|poke|p1|Barraskewda, M|\n|poke|p1|Ferrothorn, F|\n|poke|p1|Landorus-Therian, M|\n|poke|p1|Tapu Lele|\n|poke|p1|Zapdos|\n|poke|p2|Melmetal|\n|poke|p2|Mamoswine, F|\n|poke|p2|Ferrothorn, M|\n|poke|p2|Moltres-Galar|\n|poke|p2|Dragapult, F|\n|poke|p2|Dragonite, F|\n|rule|Sleep Clause Mod: Limit one foe put to sleep\n|rule|Species Clause: Limit one of each Pok\u00e9mon\n|rule|OHKO Clause: OHKO moves are banned\n|rule|Evasion Moves Clause: Evasion moves are banned\n|rule|Endless Battle Clause: Forcing endless battles is banned\n|rule|HP Percentage Mod: HP is shown in percentages\n|rule|Dynamax Clause: You cannot dynamax\n|teampreview\n|\n|t:|1618058308\n|start\n|switch|p1a: Ferrothorn|Ferrothorn, F|100\/100\n|switch|p2a: Ferrothorn|Ferrothorn, M|100\/100\n|turn|1\n|\n|t:|1618058312\n|move|p2a: Ferrothorn|Thunder Wave|p1a: Ferrothorn\n|-status|p1a: Ferrothorn|par\n|move|p1a: Ferrothorn|Knock Off|p2a: Ferrothorn\n|-damage|p2a: Ferrothorn|84\/100\n|-damage|p1a: Ferrothorn|88\/100 par|[from] ability: Iron Barbs|[of] p2a: Ferrothorn\n|-enditem|p2a: Ferrothorn|Leftovers|[from] move: Knock Off|[of] p1a: Ferrothorn\n|\n|-heal|p1a: Ferrothorn|94\/100 par|[from] item: Leftovers\n|upkeep\n|turn|2\n|\n|t:|1618058323\n|switch|p1a: Zapdos|Zapdos|100\/100\n|move|p2a: Ferrothorn|Spikes|p1a: Zapdos\n|-sidestart|p1: jordenwuj|Spikes\n|\n|upkeep\n|turn|3\n|\n|t:|1618058328\n|switch|p2a: Mamoswine|Mamoswine, F|100\/100\n|move|p1a: Zapdos|Defog|p2a: Mamoswine\n|-unboost|p2a: Mamoswine|evasion|1\n|-sideend|p1: jordenwuj|Spikes|[from] move: Defog|[of] p1a: Zapdos\n|\n|upkeep\n|turn|4\n|\n|t:|1618058332\n|move|p1a: Zapdos|Hurricane|p2a: Mamoswine\n|-damage|p2a: Mamoswine|17\/100\n|-start|p2a: Mamoswine|confusion\n|-activate|p2a: Mamoswine|confusion\n|-damage|p2a: Mamoswine|0 fnt|[from] confusion\n|faint|p2a: Mamoswine\n|\n|upkeep\n|j| Evil T-tar\n|\n|t:|1618058342\n|switch|p2a: Dragapult|Dragapult, F|100\/100\n|turn|5\n|l| Evil T-tar\n|\n|t:|1618058352\n|move|p2a: Dragapult|Dragon Darts|p1a: Zapdos\n|-damage|p1a: Zapdos|67\/100\n|-anim|p2a: Dragapult|Dragon Darts|p1a: Zapdos\n|-damage|p1a: Zapdos|34\/100\n|move|p1a: Zapdos|Hurricane|p2a: Dragapult|[miss]\n|-miss|p1a: Zapdos|p2a: Dragapult\n|\n|upkeep\n|turn|6\n|\n|t:|1618058360\n|switch|p1a: Tapu Lele|Tapu Lele|100\/100\n|-fieldstart|move: Psychic Terrain|[from] ability: Psychic Surge|[of] p1a: Tapu Lele\n|move|p2a: Dragapult|Dragon Darts|p1a: Tapu Lele\n|-immune|p1a: Tapu Lele\n|\n|upkeep\n|turn|7\n|\n|t:|1618058365\n|switch|p1a: Pelipper|Pelipper, F|100\/100\n|-weather|RainDance|[from] ability: Drizzle|[of] p1a: Pelipper\n|switch|p2a: Ferrothorn|Ferrothorn, M|84\/100\n|\n|-weather|RainDance|[upkeep]\n|upkeep\n|turn|8\n|\n|t:|1618058371\n|move|p1a: Pelipper|Hurricane|p2a: Ferrothorn\n|-damage|p2a: Ferrothorn|38\/100\n|-start|p2a: Ferrothorn|confusion\n|-activate|p2a: Ferrothorn|confusion\n|move|p2a: Ferrothorn|Spikes|p1a: Pelipper\n|-sidestart|p1: jordenwuj|Spikes\n|\n|-weather|RainDance|[upkeep]\n|upkeep\n|turn|9\n|\n|t:|1618058378\n|move|p1a: Pelipper|Hurricane|p2a: Ferrothorn\n|-damage|p2a: Ferrothorn|0 fnt\n|faint|p2a: Ferrothorn\n|\n|-weather|RainDance|[upkeep]\n|upkeep\n|\n|t:|1618058390\n|switch|p2a: Dragonite|Dragonite, F|100\/100\n|turn|10\n|\n|t:|1618058393\n|move|p2a: Dragonite|Ice Beam|p1a: Pelipper\n|-damage|p1a: Pelipper|64\/100\n|move|p1a: Pelipper|Hurricane|p2a: Dragonite\n|-damage|p2a: Dragonite|65\/100\n|\n|-weather|RainDance|[upkeep]\n|-fieldend|move: Psychic Terrain\n|upkeep\n|turn|11\n|\n|t:|1618058400\n|move|p2a: Dragonite|Roost|p2a: Dragonite\n|-heal|p2a: Dragonite|100\/100\n|-singleturn|p2a: Dragonite|move: Roost\n|move|p1a: Pelipper|Hurricane|p2a: Dragonite\n|-damage|p2a: Dragonite|66\/100\n|-start|p2a: Dragonite|confusion\n|\n|-weather|none\n|upkeep\n|turn|12\n|\n|t:|1618058405\n|switch|p1a: Ferrothorn|Ferrothorn, F|94\/100 par\n|-damage|p1a: Ferrothorn|82\/100 par|[from] Spikes\n|-activate|p2a: Dragonite|confusion\n|move|p2a: Dragonite|Roost|p2a: Dragonite\n|-heal|p2a: Dragonite|100\/100\n|-singleturn|p2a: Dragonite|move: Roost\n|\n|-heal|p1a: Ferrothorn|88\/100 par|[from] item: Leftovers\n|upkeep\n|turn|13\n|\n|t:|1618058411\n|switch|p2a: Dragapult|Dragapult, F|100\/100\n|move|p1a: Ferrothorn|Leech Seed|p2a: Dragapult\n|-start|p2a: Dragapult|move: Leech Seed\n|\n|-heal|p1a: Ferrothorn|94\/100 par|[from] item: Leftovers\n|-damage|p2a: Dragapult|88\/100|[from] Leech Seed|[of] p1a: Ferrothorn\n|-heal|p1a: Ferrothorn|100\/100 par|[silent]\n|upkeep\n|turn|14\n|\n|t:|1618058418\n|switch|p2a: Moltres|Moltres-Galar|100\/100\n|move|p1a: Ferrothorn|Knock Off|p2a: Moltres\n|-resisted|p2a: Moltres\n|-damage|p2a: Moltres|89\/100\n|-enditem|p2a: Moltres|Heavy-Duty Boots|[from] move: Knock Off|[of] p1a: Ferrothorn\n|\n|upkeep\n|turn|15\n|\n|t:|1618058425\n|move|p2a: Moltres|Agility|p2a: Moltres\n|-boost|p2a: Moltres|spe|2\n|move|p1a: Ferrothorn|Leech Seed|p2a: Moltres|[miss]\n|-miss|p1a: Ferrothorn|p2a: Moltres\n|\n|upkeep\n|turn|16\n|\n|t:|1618058429\n|move|p2a: Moltres|Nasty Plot|p2a: Moltres\n|-boost|p2a: Moltres|spa|2\n|move|p1a: Ferrothorn|Leech Seed|p2a: Moltres\n|-start|p2a: Moltres|move: Leech Seed\n|\n|-damage|p2a: Moltres|76\/100|[from] Leech Seed|[of] p1a: Ferrothorn\n|upkeep\n|turn|17\n|\n|t:|1618058432\n|move|p2a: Moltres|Nasty Plot|p2a: Moltres\n|-boost|p2a: Moltres|spa|2\n|move|p1a: Ferrothorn|Gyro Ball|p2a: Moltres\n|-damage|p2a: Moltres|24\/100\n|-ability|p2a: Moltres|Berserk|boost\n|-boost|p2a: Moltres|spa|1\n|\n|-damage|p2a: Moltres|12\/100|[from] Leech Seed|[of] p1a: Ferrothorn\n|upkeep\n|turn|18\n|j| tapu moxo\n|\n|t:|1618058441\n|move|p2a: Moltres|Fiery Wrath|p1a: Ferrothorn\n|-damage|p1a: Ferrothorn|8\/100 par\n|move|p1a: Ferrothorn|Gyro Ball|p2a: Moltres\n|-damage|p2a: Moltres|0 fnt\n|faint|p2a: Moltres\n|\n|-heal|p1a: Ferrothorn|15\/100 par|[from] item: Leftovers\n|upkeep\n|\n|t:|1618058449\n|switch|p2a: Dragapult|Dragapult, F|88\/100\n|turn|19\n|\n|t:|1618058453\n|move|p2a: Dragapult|Dragon Dance|p2a: Dragapult\n|-boost|p2a: Dragapult|atk|1\n|-boost|p2a: Dragapult|spe|1\n|cant|p1a: Ferrothorn|par\n|\n|-heal|p1a: Ferrothorn|21\/100 par|[from] item: Leftovers\n|upkeep\n|turn|20\n|\n|t:|1618058457\n|move|p2a: Dragapult|Flamethrower|p1a: Ferrothorn\n|-supereffective|p1a: Ferrothorn\n|-damage|p1a: Ferrothorn|0 fnt\n|faint|p1a: Ferrothorn\n|\n|upkeep\n|\n|t:|1618058463\n|switch|p1a: Landorus|Landorus-Therian, M|100\/100\n|-ability|p1a: Landorus|Intimidate|boost\n|-unboost|p2a: Dragapult|atk|1\n|turn|21\n|\n|t:|1618058469\n|switch|p2a: Dragonite|Dragonite, F|100\/100\n|move|p1a: Landorus|Knock Off|p2a: Dragonite\n|-damage|p2a: Dragonite|87\/100\n|-enditem|p2a: Dragonite|Heavy-Duty Boots|[from] move: Knock Off|[of] p1a: Landorus\n|\n|upkeep\n|turn|22\n|j| Ciprofloxacina\n|\n|t:|1618058494\n|switch|p1a: Zapdos|Zapdos|34\/100\n|move|p2a: Dragonite|Roost|p2a: Dragonite\n|-heal|p2a: Dragonite|100\/100\n|-singleturn|p2a: Dragonite|move: Roost\n|\n|upkeep\n|turn|23\n|\n|t:|1618058499\n|move|p1a: Zapdos|Thunder|p2a: Dragonite\n|-damage|p2a: Dragonite|74\/100\n|move|p2a: Dragonite|Ice Beam|p1a: Zapdos\n|-supereffective|p1a: Zapdos\n|-damage|p1a: Zapdos|0 fnt\n|faint|p1a: Zapdos\n|\n|upkeep\n|\n|t:|1618058505\n|switch|p1a: Tapu Lele|Tapu Lele|100\/100\n|-damage|p1a: Tapu Lele|88\/100|[from] Spikes\n|-fieldstart|move: Psychic Terrain|[from] ability: Psychic Surge|[of] p1a: Tapu Lele\n|turn|24\n|\n|t:|1618058511\n|switch|p1a: Pelipper|Pelipper, F|64\/100\n|-weather|RainDance|[from] ability: Drizzle|[of] p1a: Pelipper\n|switch|p2a: Melmetal|Melmetal|100\/100\n|\n|-weather|RainDance|[upkeep]\n|upkeep\n|turn|25\n|\n|t:|1618058516\n|move|p1a: Pelipper|Weather Ball|p2a: Melmetal\n|-damage|p2a: Melmetal|0 fnt\n|faint|p2a: Melmetal\n|\n|-weather|RainDance|[upkeep]\n|upkeep\n|\n|t:|1618058522\n|switch|p2a: Dragonite|Dragonite, F|74\/100\n|turn|26\n|\n|t:|1618058526\n|switch|p1a: Tapu Lele|Tapu Lele|88\/100\n|-damage|p1a: Tapu Lele|76\/100|[from] Spikes\n|move|p2a: Dragonite|Roost|p2a: Dragonite\n|-heal|p2a: Dragonite|100\/100\n|-singleturn|p2a: Dragonite|move: Roost\n|\n|-weather|RainDance|[upkeep]\n|upkeep\n|turn|27\n|\n|t:|1618058529\n|move|p1a: Tapu Lele|Moonblast|p2a: Dragonite\n|-supereffective|p2a: Dragonite\n|-damage|p2a: Dragonite|55\/100\n|move|p2a: Dragonite|Thunder Wave|p1a: Tapu Lele\n|-status|p1a: Tapu Lele|par\n|\n|-weather|RainDance|[upkeep]\n|upkeep\n|turn|28\n|\n|t:|1618058534\n|move|p2a: Dragonite|Roost|p2a: Dragonite\n|-heal|p2a: Dragonite|100\/100\n|-singleturn|p2a: Dragonite|move: Roost\n|cant|p1a: Tapu Lele|par\n|\n|-weather|none\n|-fieldend|move: Psychic Terrain\n|upkeep\n|turn|29\n|\n|t:|1618058536\n|move|p2a: Dragonite|Earthquake|p1a: Tapu Lele\n|-damage|p1a: Tapu Lele|38\/100 par\n|cant|p1a: Tapu Lele|par\n|\n|upkeep\n|turn|30\n|\n|t:|1618058540\n|move|p2a: Dragonite|Earthquake|p1a: Tapu Lele\n|-damage|p1a: Tapu Lele|0 fnt\n|faint|p1a: Tapu Lele\n|\n|upkeep\n|\n|t:|1618058547\n|switch|p1a: Pelipper|Pelipper, F|64\/100\n|-weather|RainDance|[from] ability: Drizzle|[of] p1a: Pelipper\n|turn|31\n|\n|t:|1618058551\n|move|p2a: Dragonite|Thunder Wave|p1a: Pelipper\n|-status|p1a: Pelipper|par\n|move|p1a: Pelipper|Hurricane|p2a: Dragonite\n|-damage|p2a: Dragonite|67\/100\n|\n|-weather|RainDance|[upkeep]\n|upkeep\n|turn|32\n|\n|t:|1618058557\n|move|p2a: Dragonite|Roost|p2a: Dragonite\n|-heal|p2a: Dragonite|100\/100\n|-singleturn|p2a: Dragonite|move: Roost\n|move|p1a: Pelipper|Hurricane|p2a: Dragonite\n|-damage|p2a: Dragonite|66\/100\n|\n|-weather|RainDance|[upkeep]\n|upkeep\n|turn|33\n|\n|t:|1618058564\n|move|p2a: Dragonite|Roost|p2a: Dragonite\n|-heal|p2a: Dragonite|100\/100\n|-singleturn|p2a: Dragonite|move: Roost\n|cant|p1a: Pelipper|par\n|\n|-weather|RainDance|[upkeep]\n|upkeep\n|turn|34\n|j| Romatox\n|\n|t:|1618058568\n|move|p2a: Dragonite|Ice Beam|p1a: Pelipper\n|-damage|p1a: Pelipper|24\/100 par\n|move|p1a: Pelipper|Hurricane|p2a: Dragonite\n|-damage|p2a: Dragonite|68\/100\n|\n|-weather|RainDance|[upkeep]\n|upkeep\n|turn|35\n|\n|t:|1618058577\n|switch|p1a: Barraskewda|Barraskewda, M|100\/100\n|-damage|p1a: Barraskewda|88\/100|[from] Spikes\n|move|p2a: Dragonite|Roost|p2a: Dragonite\n|-heal|p2a: Dragonite|100\/100\n|-singleturn|p2a: Dragonite|move: Roost\n|\n|-weather|none\n|upkeep\n|turn|36\n|\n|t:|1618058582\n|move|p1a: Barraskewda|Flip Turn|p2a: Dragonite\n|-resisted|p2a: Dragonite\n|-damage|p2a: Dragonite|90\/100\n|j| matheo21042008\n|j| AlexanderB0399\n|\n|t:|1618058586\n|switch|p1a: Pelipper|Pelipper, F|24\/100 par|[from]move: Flip Turn\n|-weather|RainDance|[from] ability: Drizzle|[of] p1a: Pelipper\n|move|p2a: Dragonite|Thunder Wave|p1a: Pelipper\n|-fail|p1a: Pelipper|par\n|\n|-weather|RainDance|[upkeep]\n|upkeep\n|turn|37\n|\n|t:|1618058597\n|move|p2a: Dragonite|Roost|p2a: Dragonite\n|-heal|p2a: Dragonite|100\/100\n|-singleturn|p2a: Dragonite|move: Roost\n|cant|p1a: Pelipper|par\n|\n|-weather|RainDance|[upkeep]\n|upkeep\n|turn|38\n|\n|t:|1618058602\n|move|p2a: Dragonite|Ice Beam|p1a: Pelipper\n|-damage|p1a: Pelipper|0 fnt\n|faint|p1a: Pelipper\n|\n|-weather|RainDance|[upkeep]\n|upkeep\n|j| i know im horrible\n|\n|t:|1618058604\n|switch|p1a: Barraskewda|Barraskewda, M|88\/100\n|-damage|p1a: Barraskewda|76\/100|[from] Spikes\n|turn|39\n|\n|t:|1618058610\n|move|p1a: Barraskewda|Liquidation|p2a: Dragonite\n|-resisted|p2a: Dragonite\n|-damage|p2a: Dragonite|76\/100\n|-unboost|p2a: Dragonite|def|1\n|move|p2a: Dragonite|Roost|p2a: Dragonite\n|-heal|p2a: Dragonite|100\/100\n|-singleturn|p2a: Dragonite|move: Roost\n|\n|-weather|RainDance|[upkeep]\n|upkeep\n|turn|40\n|\n|t:|1618058619\n|switch|p2a: Dragapult|Dragapult, F|88\/100\n|move|p1a: Barraskewda|Liquidation|p2a: Dragapult\n|-resisted|p2a: Dragapult\n|-damage|p2a: Dragapult|14\/100\n|\n|-weather|none\n|upkeep\n|turn|41\n|\n|t:|1618058630\n|switch|p1a: Landorus|Landorus-Therian, M|100\/100\n|-ability|p1a: Landorus|Intimidate|boost\n|-unboost|p2a: Dragapult|atk|1\n|move|p2a: Dragapult|Dragon Darts|p1a: Landorus\n|-damage|p1a: Landorus|87\/100\n|-anim|p2a: Dragapult|Dragon Darts|p1a: Landorus\n|-damage|p1a: Landorus|73\/100\n|\n|upkeep\n|turn|42\n|\n|t:|1618058635\n|move|p2a: Dragapult|Dragon Darts|p1a: Landorus\n|-damage|p1a: Landorus|58\/100\n|-anim|p2a: Dragapult|Dragon Darts|p1a: Landorus\n|-damage|p1a: Landorus|44\/100\n|move|p1a: Landorus|Stealth Rock|p2a: Dragapult\n|-sidestart|p2: Corumba|move: Stealth Rock\n|\n|upkeep\n|turn|43\n|\n|t:|1618058644\n|move|p2a: Dragapult|Dragon Darts|p1a: Landorus\n|-damage|p1a: Landorus|28\/100\n|-anim|p2a: Dragapult|Dragon Darts|p1a: Landorus\n|-damage|p1a: Landorus|15\/100\n|move|p1a: Landorus|U-turn|p2a: Dragapult\n|-resisted|p2a: Dragapult\n|-damage|p2a: Dragapult|0 fnt\n|faint|p2a: Dragapult\n|\n|t:|1618058648\n|switch|p1a: Barraskewda|Barraskewda, M|76\/100|[from]move: U-turn\n|-damage|p1a: Barraskewda|64\/100|[from] Spikes\n|\n|upkeep\n|\n|t:|1618058651\n|switch|p2a: Dragonite|Dragonite, F|100\/100\n|-damage|p2a: Dragonite|76\/100|[from] Stealth Rock\n|turn|44\n|j| Reddit boi\n|\n|t:|1618058655\n|move|p1a: Barraskewda|Flip Turn|p2a: Dragonite\n|-resisted|p2a: Dragonite\n|-damage|p2a: Dragonite|54\/100\n|\n|t:|1618058658\n|switch|p1a: Landorus|Landorus-Therian, M|15\/100|[from]move: Flip Turn\n|-ability|p1a: Landorus|Intimidate|boost\n|-unboost|p2a: Dragonite|atk|1\n|move|p2a: Dragonite|Thunder Wave|p1a: Landorus\n|-immune|p1a: Landorus\n|\n|upkeep\n|turn|45\n|\n|t:|1618058665\n|move|p2a: Dragonite|Roost|p2a: Dragonite\n|-heal|p2a: Dragonite|100\/100\n|-singleturn|p2a: Dragonite|move: Roost\n|move|p1a: Landorus|U-turn|p2a: Dragonite\n|-damage|p2a: Dragonite|91\/100\n|\n|t:|1618058668\n|switch|p1a: Barraskewda|Barraskewda, M|64\/100|[from]move: U-turn\n|-damage|p1a: Barraskewda|52\/100|[from] Spikes\n|\n|upkeep\n|turn|46\n|\n|t:|1618058671\n|move|p1a: Barraskewda|Liquidation|p2a: Dragonite\n|-resisted|p2a: Dragonite\n|-damage|p2a: Dragonite|61\/100\n|move|p2a: Dragonite|Earthquake|p1a: Barraskewda\n|-damage|p1a: Barraskewda|18\/100\n|\n|upkeep\n|turn|47\n|\n|t:|1618058676\n|move|p1a: Barraskewda|Liquidation|p2a: Dragonite\n|-resisted|p2a: Dragonite\n|-damage|p2a: Dragonite|31\/100\n|move|p2a: Dragonite|Earthquake|p1a: Barraskewda\n|-damage|p1a: Barraskewda|0 fnt\n|faint|p1a: Barraskewda\n|\n|upkeep\n|\n|t:|1618058681\n|switch|p1a: Landorus|Landorus-Therian, M|15\/100\n|-ability|p1a: Landorus|Intimidate|boost\n|-unboost|p2a: Dragonite|atk|1\n|turn|48\n|\n|t:|1618058684\n|move|p2a: Dragonite|Ice Beam|p1a: Landorus\n|-supereffective|p1a: Landorus\n|-crit|p1a: Landorus\n|-damage|p1a: Landorus|0 fnt\n|faint|p1a: Landorus\n|\n|win|Corumba\n|raw|jordenwuj's rating: 1819 &rarr; <strong>1802<\/strong><br \/>(-17 for losing)\n|raw|Corumba's rating: 1874 &rarr; <strong>1891<\/strong><br \/>(+17 for winning)\n|c|\u2606jordenwuj|gg\n|c|\u2606Corumba|gg\n|l| Romatox\n|l|\u2606jordenwuj\n|l|\u2606Corumba\n|l| matheo21042008\n","uploadtime":1618058717,"views":51,"p1id":"jordenwuj","p2id":"corumba","formatid":"gen8ou","rating":1802,"private":0,"password":null}