{"id":"gen8mixandmega-1661630892","p1":"career ended","p2":"Unviabriel","format":"gen8mixandmega","log":"|j|\u2606career ended\n|j|\u2606Unviabriel\n|t:|1662908547\n|gametype|singles\n|player|p1|career ended|jogger|\n|player|p2|Unviabriel|shauntal|\n|teamsize|p1|6\n|teamsize|p2|6\n|gen|8\n|tier|[Gen 8] Mix and Mega\n|rule|Species Clause: Limit one of each Pok\u00e9mon\n|rule|OHKO Clause: OHKO moves are banned\n|rule|Evasion Moves Clause: Evasion moves are banned\n|rule|Endless Battle Clause: Forcing endless battles is banned\n|rule|Dynamax Clause: You cannot dynamax\n|rule|HP Percentage Mod: HP is shown in percentages\n|rule|Sleep Clause Mod: Limit one foe put to sleep\n|clearpoke\n|poke|p1|Toxapex, F|\n|poke|p1|Slowking, M|\n|poke|p1|Skarmory, F|\n|poke|p1|Blissey, F|\n|poke|p1|Ho-Oh|\n|poke|p1|Hippowdon, M|\n|poke|p2|Slowking-Galar, F|\n|poke|p2|Heatran, F|\n|poke|p2|Zygarde|\n|poke|p2|Regieleki|\n|poke|p2|Milotic, M|\n|poke|p2|Landorus-Therian, M|\n|teampreview\n|c|\u2606career ended|hf\n|c|\u2606Unviabriel|glhf\n|j| Faygos\n|j| TTTech_\n|\n|t:|1662908595\n|start\n|switch|p1a: Hippowdon|Hippowdon, M|100\/100\n|switch|p2a: Milotic|Milotic, M|100\/100\n|-weather|Sandstorm|[from] ability: Sand Stream|[of] p1a: Hippowdon\n|turn|1\n|j|+iapT\n|j| SammyCe123\n|\n|t:|1662908617\n|detailschange|p2a: Milotic|Milotic, M\n|-mega|p2a: Milotic|Milotic|Sablenite\n|-start|p2a: Milotic|Sablenite|[silent]\n|detailschange|p1a: Hippowdon|Hippowdon, M\n|-mega|p1a: Hippowdon|Hippowdon|Sablenite\n|-start|p1a: Hippowdon|Sablenite|[silent]\n|move|p2a: Milotic|Scald|p1a: Hippowdon\n|-supereffective|p1a: Hippowdon\n|-damage|p1a: Hippowdon|59\/100\n|-status|p1a: Hippowdon|brn\n|move|p1a: Hippowdon|Earthquake|p2a: Milotic\n|-damage|p2a: Milotic|89\/100\n|\n|-weather|Sandstorm|[upkeep]\n|-damage|p2a: Milotic|83\/100|[from] Sandstorm\n|-damage|p1a: Hippowdon|52\/100 brn|[from] brn\n|upkeep\n|turn|2\n|\n|t:|1662908650\n|move|p2a: Milotic|Scald|p1a: Hippowdon\n|-supereffective|p1a: Hippowdon\n|-damage|p1a: Hippowdon|11\/100 brn\n|move|p1a: Hippowdon|Slack Off|p1a: Hippowdon\n|-heal|p1a: Hippowdon|61\/100 brn\n|\n|-weather|Sandstorm|[upkeep]\n|-damage|p2a: Milotic|77\/100|[from] Sandstorm\n|-damage|p1a: Hippowdon|55\/100 brn|[from] brn\n|upkeep\n|turn|3\n|\n|t:|1662908667\n|move|p2a: Milotic|Scald|p1a: Hippowdon\n|-supereffective|p1a: Hippowdon\n|-crit|p1a: Hippowdon\n|-damage|p1a: Hippowdon|0 fnt\n|faint|p1a: Hippowdon\n|\n|-weather|Sandstorm|[upkeep]\n|-damage|p2a: Milotic|71\/100|[from] Sandstorm\n|upkeep\n|c|\u2606Unviabriel|o\n|\n|t:|1662908672\n|switch|p1a: Blissey|Blissey, F|100\/100\n|turn|4\n|j|+Greybaum\n|\n|t:|1662908735\n|detailschange|p1a: Blissey|Blissey, F\n|-mega|p1a: Blissey|Blissey|Gyaradosite\n|-ability|p1a: Blissey|Mold Breaker\n|-start|p1a: Blissey|Gyaradosite|[silent]\n|-start|p1a: Blissey|typechange|Normal\/Dark|[silent]\n|move|p1a: Blissey|Stealth Rock|p2a: Milotic\n|-sidestart|p2: Unviabriel|move: Stealth Rock\n|move|p2a: Milotic|Flip Turn|p1a: Blissey\n|-damage|p1a: Blissey|93\/100\n|l|+Greybaum\n|\n|t:|1662908777\n|-end|p2a: Milotic|Sablenite|[silent]\n|switch|p2a: Regieleki|Regieleki|100\/100|[from]move: Flip Turn\n|-damage|p2a: Regieleki|88\/100|[from] Stealth Rock\n|\n|-weather|Sandstorm|[upkeep]\n|-damage|p2a: Regieleki|82\/100|[from] Sandstorm\n|-damage|p1a: Blissey|87\/100|[from] Sandstorm\n|upkeep\n|turn|5\n|\n|t:|1662908794\n|-end|p1a: Blissey|Gyaradosite|[silent]\n|switch|p1a: Toxapex|Toxapex, F|100\/100\n|detailschange|p2a: Regieleki|Regieleki\n|-mega|p2a: Regieleki|Regieleki|Altarianite\n|-start|p2a: Regieleki|Altarianite|[silent]\n|-start|p2a: Regieleki|typechange|Electric\/Fairy|[silent]\n|move|p2a: Regieleki|Rapid Spin|p1a: Toxapex\n|-resisted|p1a: Toxapex\n|-damage|p1a: Toxapex|85\/100\n|-boost|p2a: Regieleki|spe|1\n|-sideend|p2: Unviabriel|Stealth Rock|[from] move: Rapid Spin|[of] p2a: Regieleki\n|\n|-weather|none\n|upkeep\n|turn|6\n|j|+Greybaum\n|\n|t:|1662908810\n|move|p2a: Regieleki|Volt Switch|p1a: Toxapex\n|-supereffective|p1a: Toxapex\n|-damage|p1a: Toxapex|43\/100\n|j| Itchy \u2664 ~~\n|\n|t:|1662908846\n|-end|p2a: Regieleki|Altarianite|[silent]\n|switch|p2a: Milotic|Milotic, M|71\/100|[from]move: Volt Switch\n|-start|p2a: Milotic|Sablenite|[silent]\n|move|p1a: Toxapex|Recover|p1a: Toxapex\n|-heal|p1a: Toxapex|93\/100\n|\n|upkeep\n|turn|7\n|l| TTTech_\n|\n|t:|1662908862\n|move|p2a: Milotic|Scald|p1a: Toxapex\n|-resisted|p1a: Toxapex\n|-damage|p1a: Toxapex|82\/100\n|move|p1a: Toxapex|Poison Jab|p2a: Milotic\n|-damage|p2a: Milotic|60\/100\n|-status|p2a: Milotic|psn\n|\n|-damage|p2a: Milotic|48\/100 psn|[from] psn\n|upkeep\n|turn|8\n|\n|t:|1662908881\n|switch|p1a: Slowking|Slowking, M|100\/100\n|move|p2a: Milotic|Recover|p2a: Milotic\n|-heal|p2a: Milotic|98\/100 psn\n|\n|-damage|p2a: Milotic|85\/100 psn|[from] psn\n|upkeep\n|turn|9\n|j| mudkipbowl\n|\n|t:|1662908900\n|move|p2a: Milotic|Flip Turn|p1a: Slowking\n|-resisted|p1a: Slowking\n|-damage|p1a: Slowking|94\/100\n|\n|t:|1662908911\n|-end|p2a: Milotic|Sablenite|[silent]\n|switch|p2a: Regieleki|Regieleki|82\/100|[from]move: Flip Turn\n|-start|p2a: Regieleki|Altarianite|[silent]\n|-start|p2a: Regieleki|typechange|Electric\/Fairy|[silent]\n|move|p1a: Slowking|Scald|p2a: Regieleki\n|-damage|p2a: Regieleki|21\/100\n|-status|p2a: Regieleki|brn\n|\n|-damage|p2a: Regieleki|15\/100 brn|[from] brn\n|upkeep\n|turn|10\n|\n|t:|1662908927\n|move|p2a: Regieleki|Volt Switch|p1a: Slowking\n|-supereffective|p1a: Slowking\n|-damage|p1a: Slowking|47\/100\n|\n|t:|1662908938\n|-end|p2a: Regieleki|Altarianite|[silent]\n|switch|p2a: Heatran|Heatran, F|100\/100|[from]move: Volt Switch\n|move|p1a: Slowking|Slack Off|p1a: Slowking\n|-heal|p1a: Slowking|97\/100\n|\n|upkeep\n|turn|11\n|\n|t:|1662908976\n|switch|p1a: Ho-Oh|Ho-Oh|100\/100\n|detailschange|p2a: Heatran|Heatran, F\n|-mega|p2a: Heatran|Heatran|Ampharosite\n|-ability|p2a: Heatran|Mold Breaker\n|-start|p2a: Heatran|Ampharosite|[silent]\n|-start|p2a: Heatran|typechange|Fire\/Dragon|[silent]\n|move|p2a: Heatran|Toxic|p1a: Ho-Oh\n|-status|p1a: Ho-Oh|tox\n|\n|-damage|p1a: Ho-Oh|94\/100 tox|[from] psn\n|upkeep\n|turn|12\n|\n|t:|1662908984\n|move|p1a: Ho-Oh|Earthquake|p2a: Heatran\n|-supereffective|p2a: Heatran\n|-damage|p2a: Heatran|47\/100\n|-damage|p1a: Ho-Oh|85\/100 tox|[from] item: Life Orb\n|move|p2a: Heatran|Stealth Rock|p1a: Ho-Oh\n|-sidestart|p1: career ended|move: Stealth Rock\n|\n|-damage|p1a: Ho-Oh|72\/100 tox|[from] psn\n|upkeep\n|turn|13\n|\n|t:|1662909021\n|-end|p2a: Heatran|Ampharosite|[silent]\n|switch|p2a: Zygarde|Zygarde|100\/100\n|-ability|p2a: Zygarde|Aura Break\n|move|p1a: Ho-Oh|Defog|p2a: Zygarde\n|-unboost|p2a: Zygarde|evasion|1\n|-sideend|p1: career ended|Stealth Rock|[from] move: Defog|[of] p1a: Ho-Oh\n|\n|-damage|p1a: Ho-Oh|54\/100 tox|[from] psn\n|upkeep\n|turn|14\n|j| TTTech_\n|\n|t:|1662909044\n|detailschange|p2a: Zygarde|Zygarde\n|-mega|p2a: Zygarde|Zygarde|Heracronite\n|-start|p2a: Zygarde|Heracronite|[silent]\n|move|p1a: Ho-Oh|Brave Bird|p2a: Zygarde\n|-damage|p2a: Zygarde|52\/100\n|-damage|p1a: Ho-Oh|38\/100 tox|[from] Recoil\n|-damage|p1a: Ho-Oh|28\/100 tox|[from] item: Life Orb\n|move|p2a: Zygarde|Substitute|p2a: Zygarde\n|-start|p2a: Zygarde|Substitute\n|-damage|p2a: Zygarde|27\/100\n|\n|-damage|p1a: Ho-Oh|3\/100 tox|[from] psn\n|upkeep\n|turn|15\n|l| TTTech_\n|\n|t:|1662909077\n|switch|p1a: Slowking|Slowking, M|100\/100\n|move|p2a: Zygarde|Pain Split|p1a: Slowking\n|-sethp|p1a: Slowking|64\/100|[from] move: Pain Split|[silent]\n|-sethp|p2a: Zygarde|62\/100|[from] move: Pain Split\n|\n|upkeep\n|turn|16\n|\n|t:|1662909089\n|move|p2a: Zygarde|Scale Shot|p1a: Slowking\n|-crit|p1a: Slowking\n|-damage|p1a: Slowking|45\/100\n|-damage|p1a: Slowking|32\/100\n|-damage|p1a: Slowking|20\/100\n|-damage|p1a: Slowking|8\/100\n|-damage|p1a: Slowking|0 fnt\n|faint|p1a: Slowking\n|-hitcount|p1: Slowking|5\n|-unboost|p2a: Zygarde|def|1\n|-boost|p2a: Zygarde|spe|1\n|\n|upkeep\n|j| TTTech_\n|\n|t:|1662909098\n|switch|p1a: Blissey|Blissey, F|87\/100\n|-start|p1a: Blissey|Gyaradosite|[silent]\n|-start|p1a: Blissey|typechange|Normal\/Dark|[silent]\n|-ability|p1a: Blissey|Mold Breaker\n|turn|17\n|\n|t:|1662909110\n|move|p2a: Zygarde|Scale Shot|p1a: Blissey\n|-damage|p1a: Blissey|79\/100\n|-damage|p1a: Blissey|71\/100\n|-damage|p1a: Blissey|62\/100\n|-crit|p1a: Blissey\n|-damage|p1a: Blissey|49\/100\n|-damage|p1a: Blissey|40\/100\n|-hitcount|p1a: Blissey|5\n|-unboost|p2a: Zygarde|def|1\n|-boost|p2a: Zygarde|spe|1\n|move|p1a: Blissey|Ice Beam|p2a: Zygarde\n|-supereffective|p2a: Zygarde\n|-end|p2a: Zygarde|Substitute\n|\n|upkeep\n|turn|18\n|l|+Greybaum\n|\n|t:|1662909138\n|-end|p1a: Blissey|Gyaradosite|[silent]\n|switch|p1a: Skarmory|Skarmory, F|100\/100\n|move|p2a: Zygarde|Scale Shot|p1a: Skarmory\n|-resisted|p1a: Skarmory\n|-damage|p1a: Skarmory|96\/100\n|-resisted|p1a: Skarmory\n|-damage|p1a: Skarmory|92\/100\n|-resisted|p1a: Skarmory\n|-damage|p1a: Skarmory|87\/100\n|-resisted|p1a: Skarmory\n|-crit|p1a: Skarmory\n|-damage|p1a: Skarmory|80\/100\n|-resisted|p1a: Skarmory\n|-damage|p1a: Skarmory|76\/100\n|-hitcount|p1a: Skarmory|5\n|-unboost|p2a: Zygarde|def|1\n|-boost|p2a: Zygarde|spe|1\n|\n|upkeep\n|turn|19\n|\n|t:|1662909171\n|-end|p2a: Zygarde|Heracronite|[silent]\n|switch|p2a: Heatran|Heatran, F|47\/100\n|-start|p2a: Heatran|Ampharosite|[silent]\n|-start|p2a: Heatran|typechange|Fire\/Dragon|[silent]\n|-ability|p2a: Heatran|Mold Breaker\n|detailschange|p1a: Skarmory|Skarmory, F\n|-mega|p1a: Skarmory|Skarmory|Venusaurite\n|-start|p1a: Skarmory|Venusaurite|[silent]\n|move|p1a: Skarmory|Body Press|p2a: Heatran\n|-damage|p2a: Heatran|26\/100\n|\n|upkeep\n|turn|20\n|\n|t:|1662909185\n|move|p2a: Heatran|Magma Storm|p1a: Skarmory\n|-supereffective|p1a: Skarmory\n|-damage|p1a: Skarmory|0 fnt\n|faint|p1a: Skarmory\n|\n|upkeep\n|\n|t:|1662909190\n|switch|p1a: Ho-Oh|Ho-Oh|37\/100 tox\n|turn|21\n|l| TTTech_\n|\n|t:|1662909209\n|move|p1a: Ho-Oh|Brave Bird|p2a: Heatran\n|-damage|p2a: Heatran|0 fnt\n|faint|p2a: Heatran\n|-damage|p1a: Ho-Oh|29\/100 tox|[from] Recoil\n|-damage|p1a: Ho-Oh|19\/100 tox|[from] item: Life Orb\n|\n|-damage|p1a: Ho-Oh|13\/100 tox|[from] psn\n|upkeep\n|j|+Dragonillis\n|c|\u2606career ended|man i just fucked up turn 1 this was sad\n|\n|t:|1662909224\n|switch|p2a: Regieleki|Regieleki|15\/100 brn\n|-start|p2a: Regieleki|Altarianite|[silent]\n|-start|p2a: Regieleki|typechange|Electric\/Fairy|[silent]\n|turn|22\n|\n|t:|1662909231\n|switch|p1a: Toxapex|Toxapex, F|100\/100\n|move|p2a: Regieleki|Volt Switch|p1a: Toxapex\n|-supereffective|p1a: Toxapex\n|-damage|p1a: Toxapex|62\/100\n|\n|t:|1662909241\n|-end|p2a: Regieleki|Altarianite|[silent]\n|switch|p2a: Zygarde|Zygarde|62\/100|[from]move: Volt Switch\n|-start|p2a: Zygarde|Heracronite|[silent]\n|\n|upkeep\n|turn|23\n|\n|t:|1662909256\n|detailschange|p1a: Toxapex|Toxapex, F\n|-mega|p1a: Toxapex|Toxapex|Banettite\n|-start|p1a: Toxapex|Banettite|[silent]\n|move|p1a: Toxapex|Recover|p1a: Toxapex\n|-heal|p1a: Toxapex|100\/100\n|move|p2a: Zygarde|Substitute|p2a: Zygarde\n|-start|p2a: Zygarde|Substitute\n|-damage|p2a: Zygarde|37\/100\n|\n|upkeep\n|turn|24\n|\n|t:|1662909267\n|move|p1a: Toxapex|Baneful Bunker|p1a: Toxapex\n|-singleturn|p1a: Toxapex|move: Protect\n|move|p2a: Zygarde|Thousand Arrows|p1a: Toxapex\n|-activate|p1a: Toxapex|move: Protect\n|\n|upkeep\n|turn|25\n|\n|t:|1662909273\n|move|p2a: Zygarde|Thousand Arrows|p1a: Toxapex\n|-supereffective|p1a: Toxapex\n|-damage|p1a: Toxapex|27\/100\n|move|p1a: Toxapex|Poison Jab|p2a: Zygarde\n|-resisted|p2a: Zygarde\n|-activate|p2a: Zygarde|move: Substitute|[damage]\n|\n|upkeep\n|turn|26\n|j| herites\n|\n|t:|1662909278\n|move|p1a: Toxapex|Recover|p1a: Toxapex\n|-heal|p1a: Toxapex|77\/100\n|move|p2a: Zygarde|Thousand Arrows|p1a: Toxapex\n|-supereffective|p1a: Toxapex\n|-damage|p1a: Toxapex|0 fnt\n|faint|p1a: Toxapex\n|\n|upkeep\n|\n|t:|1662909281\n|switch|p1a: Blissey|Blissey, F|40\/100\n|-start|p1a: Blissey|Gyaradosite|[silent]\n|-start|p1a: Blissey|typechange|Normal\/Dark|[silent]\n|-ability|p1a: Blissey|Mold Breaker\n|turn|27\n|\n|t:|1662909284\n|move|p2a: Zygarde|Scale Shot|p1a: Blissey\n|-damage|p1a: Blissey|31\/100\n|-damage|p1a: Blissey|22\/100\n|-damage|p1a: Blissey|13\/100\n|-damage|p1a: Blissey|4\/100\n|-damage|p1a: Blissey|0 fnt\n|faint|p1a: Blissey\n|-hitcount|p1: Blissey|5\n|-unboost|p2a: Zygarde|def|1\n|-boost|p2a: Zygarde|spe|1\n|\n|upkeep\n|\n|t:|1662909286\n|switch|p1a: Ho-Oh|Ho-Oh|46\/100 tox\n|turn|28\n|\n|t:|1662909290\n|move|p2a: Zygarde|Thousand Arrows|p1a: Ho-Oh\n|-crit|p1a: Ho-Oh\n|-damage|p1a: Ho-Oh|0 fnt\n|faint|p1a: Ho-Oh\n|\n|win|Unviabriel\n|l|\u2606career ended\n|c|\u2606Unviabriel|gg\n|l|+iapT\n|l| Faygos\n|l| SammyCe123\n|l|herites\n|l| Itchy \u2664 ~~\n|j|+Greybaum\n|j| beauts\n|l| beauts\n|l| mudkipbowl\n|j| TheCoastsOfToast\n|l| TheCoastsOfToast\n|j| tea man testing\n|l| tea man testing\n|j| XxSevagxX\n|j| mudkipbowl\n|l| mudkipbowl\n|l| XxSevagxX\n|j| SpaceSpeakers\n","uploadtime":1662909297,"views":103,"p1id":"careerended","p2id":"unviabriel","formatid":"gen8mixandmega","rating":0,"private":0,"password":null}