{"id":"gen8almostanyability-1668392990","p1":"Faygos","p2":"Turtlek","format":"gen8almostanyability","log":"|j|\u2606Faygos\n|j|\u2606Turtlek\n|t:|1663620852\n|gametype|singles\n|player|p1|Faygos|265|\n|player|p2|Turtlek|scubadiver|\n|teamsize|p1|6\n|teamsize|p2|6\n|gen|8\n|tier|[Gen 8] Almost Any Ability\n|rated|Tournament battle\n|rule|Species Clause: Limit one of each Pok\u00e9mon\n|rule|OHKO Clause: OHKO moves are banned\n|rule|Evasion Moves Clause: Evasion moves are banned\n|rule|Endless Battle Clause: Forcing endless battles is banned\n|rule|Dynamax Clause: You cannot dynamax\n|rule|HP Percentage Mod: HP is shown in percentages\n|rule|2 Ability Clause: Limit two of each ability\n|rule|Sleep Clause: Sleep-inducing moves are banned\n|rule|Tier Shift Mod: Pok\u00e9mon get stat buffs depending on their tier, excluding HP.\n|clearpoke\n|poke|p1|Froslass, F|\n|poke|p1|Tyrantrum, M|\n|poke|p1|Dhelmise|\n|poke|p1|Salazzle, F|\n|poke|p1|Gallade, M|\n|poke|p1|Ribombee, M|\n|poke|p2|Magmortar, F|\n|poke|p2|Articuno|\n|poke|p2|Avalugg, M|\n|poke|p2|Whiscash, M|\n|poke|p2|Omanyte, M|\n|poke|p2|Archen, M|\n|teampreview\n|j|%Iolanthe\n|inactive|Battle timer is ON: inactive players will automatically lose when time's up. (requested by Faygos)\n|inactive|Turtlek also wants the timer to be on.\n|\n|t:|1663620859\n|start\n|switch|p1a: Froslass|Froslass, F, shiny|100\/100\n|switch|p2a: Articuno|Articuno|100\/100\n|-weather|Hail|[from] ability: Snow Warning|[of] p1a: Froslass\n|turn|1\n|l|%Iolanthe\n|j| oaklies\n|j| Gameplay 800\n|\n|t:|1663620873\n|move|p1a: Froslass|Aurora Veil|p1a: Froslass\n|-sidestart|p1: Faygos|move: Aurora Veil\n|move|p2a: Articuno|U-turn|p1a: Froslass\n|-resisted|p1a: Froslass\n|-damage|p1a: Froslass|95\/100\n|\n|t:|1663620880\n|switch|p2a: Archen|Archen, M|100\/100|[from]move: U-turn\n|\n|-weather|Hail|[upkeep]\n|upkeep\n|turn|2\n|l| Gameplay 800\n|\n|t:|1663620886\n|move|p1a: Froslass|Taunt|p2a: Archen\n|-start|p2a: Archen|move: Taunt\n|move|p2a: Archen|Stone Edge|p1a: Froslass|[miss]\n|-miss|p2a: Archen|p1a: Froslass\n|\n|-weather|Hail|[upkeep]\n|upkeep\n|turn|3\n|j|#RICEMAN\n|\n|t:|1663620889\n|move|p1a: Froslass|Spikes|p2a: Archen\n|-sidestart|p2: Turtlek|Spikes\n|move|p2a: Archen|Stone Edge|p1a: Froslass\n|-supereffective|p1a: Froslass\n|-damage|p1a: Froslass|21\/100\n|\n|-weather|Hail|[upkeep]\n|upkeep\n|turn|4\n|\n|t:|1663620894\n|move|p1a: Froslass|Poltergeist|p2a: Archen\n|-activate|p2a: Archen|move: Poltergeist|Life Orb\n|-crit|p2a: Archen\n|-damage|p2a: Archen|1\/100\n|move|p2a: Archen|Stone Edge|p1a: Froslass|[miss]\n|-miss|p2a: Archen|p1a: Froslass\n|\n|-weather|Hail|[upkeep]\n|-end|p2a: Archen|move: Taunt\n|upkeep\n|turn|5\n|\n|t:|1663620903\n|move|p1a: Froslass|Spikes|p2a: Archen\n|-sidestart|p2: Turtlek|Spikes\n|move|p2a: Archen|Stone Edge|p1a: Froslass\n|-supereffective|p1a: Froslass\n|-damage|p1a: Froslass|0 fnt\n|faint|p1a: Froslass\n|\n|-weather|none\n|upkeep\n|\n|t:|1663620907\n|switch|p1a: Tyrantrum|Tyrantrum, M|100\/100\n|turn|6\n|\n|t:|1663620920\n|move|p2a: Archen|Earthquake|p1a: Tyrantrum\n|-supereffective|p1a: Tyrantrum\n|-damage|p1a: Tyrantrum|58\/100\n|move|p1a: Tyrantrum|Dragon Dance|p1a: Tyrantrum\n|-boost|p1a: Tyrantrum|atk|1\n|-boost|p1a: Tyrantrum|spe|1\n|\n|upkeep\n|turn|7\n|\n|t:|1663620923\n|move|p1a: Tyrantrum|Stealth Rock|p2a: Archen\n|-sidestart|p2: Turtlek|move: Stealth Rock\n|move|p2a: Archen|Earthquake|p1a: Tyrantrum\n|-supereffective|p1a: Tyrantrum\n|-damage|p1a: Tyrantrum|18\/100\n|\n|upkeep\n|turn|8\n|\n|t:|1663620927\n|move|p1a: Tyrantrum|Head Smash|p2a: Archen\n|-supereffective|p2a: Archen\n|-damage|p2a: Archen|0 fnt\n|faint|p2a: Archen\n|\n|-sideend|p1: Faygos|move: Aurora Veil\n|upkeep\n|\n|t:|1663620949\n|switch|p2a: Whiscash|Whiscash, M|100\/100\n|-damage|p2a: Whiscash|84\/100|[from] Spikes\n|-damage|p2a: Whiscash|78\/100|[from] Stealth Rock\n|turn|9\n|\n|t:|1663620955\n|move|p1a: Tyrantrum|Close Combat|p2a: Whiscash\n|-damage|p2a: Whiscash|0 fnt\n|-unboost|p1a: Tyrantrum|def|1\n|-unboost|p1a: Tyrantrum|spd|1\n|faint|p2a: Whiscash\n|\n|upkeep\n|\n|t:|1663620960\n|switch|p2a: Articuno|Articuno|100\/100\n|turn|10\n|\n|t:|1663620963\n|move|p1a: Tyrantrum|Head Smash|p2a: Articuno\n|-supereffective|p2a: Articuno\n|-damage|p2a: Articuno|0 fnt\n|faint|p2a: Articuno\n|\n|upkeep\n|\n|t:|1663620969\n|switch|p2a: Omanyte|Omanyte, M|100\/100\n|-damage|p2a: Omanyte|84\/100|[from] Spikes\n|-damage|p2a: Omanyte|72\/100|[from] Stealth Rock\n|turn|11\n|\n|t:|1663620973\n|move|p1a: Tyrantrum|Close Combat|p2a: Omanyte\n|-supereffective|p2a: Omanyte\n|-damage|p2a: Omanyte|0 fnt\n|-unboost|p1a: Tyrantrum|def|1\n|-unboost|p1a: Tyrantrum|spd|1\n|faint|p2a: Omanyte\n|\n|upkeep\n|-message|Turtlek forfeited.\n|\n|win|Faygos\n|n|\u2606Faygos|faygos\n|n|\u2606Turtlek|turtlek\n|n| oaklies|oaklies\n|n| RICEMAN|riceman\n","uploadtime":1663620980,"views":5,"p1id":"faygos","p2id":"turtlek","formatid":"gen8almostanyability","rating":0,"private":0,"password":null}