{"id":"gen8ou-1542667226","p1":"yoose VII","p2":"Infernoss","format":"gen8ou","log":"|j|\u2606yoose VII\n|j|\u2606Infernoss\n|t:|1648701803\n|gametype|singles\n|player|p1|yoose VII|thorton|1837\n|player|p2|Infernoss|blue|1799\n|teamsize|p1|6\n|teamsize|p2|6\n|gen|8\n|tier|[Gen 8] OU\n|rated|\n|rule|Sleep Clause Mod: Limit one foe put to sleep\n|rule|Species Clause: Limit one of each Pok\u00e9mon\n|rule|OHKO Clause: OHKO moves are banned\n|rule|Evasion Moves Clause: Evasion moves are banned\n|rule|Endless Battle Clause: Forcing endless battles is banned\n|rule|HP Percentage Mod: HP is shown in percentages\n|rule|Dynamax Clause: You cannot dynamax\n|clearpoke\n|poke|p1|Slowking-Galar, M|\n|poke|p1|Landorus-Therian, M|\n|poke|p1|Weavile, F|\n|poke|p1|Tapu Fini|\n|poke|p1|Kartana|\n|poke|p1|Corviknight, F|\n|poke|p2|Marowak-Alola, M|\n|poke|p2|Slowbro, M|\n|poke|p2|Hatterene, F|\n|poke|p2|Garchomp, M|\n|poke|p2|Ferrothorn, M|\n|poke|p2|Drampa, M|\n|teampreview\n|j| Virus spain\n|\n|t:|1648701828\n|start\n|switch|p1a: Landorus|Landorus-Therian, M|100\/100\n|switch|p2a: Sonso|Slowbro, M|100\/100\n|-ability|p1a: Landorus|Intimidate|boost\n|-unboost|p2a: Sonso|atk|1\n|turn|1\n|\n|t:|1648701835\n|move|p1a: Landorus|U-turn|p2a: Sonso\n|-supereffective|p2a: Sonso\n|-damage|p2a: Sonso|74\/100\n|j| Fart Stinky\n|\n|t:|1648701849\n|switch|p1a: Kartana|Kartana|100\/100|[from]move: U-turn\n|move|p2a: Sonso|Scald|p1a: Kartana\n|-resisted|p1a: Kartana\n|-damage|p1a: Kartana|61\/100\n|-status|p1a: Kartana|brn\n|\n|-damage|p1a: Kartana|55\/100 brn|[from] brn\n|upkeep\n|turn|2\n|\n|t:|1648701858\n|move|p1a: Kartana|Knock Off|p2a: Sonso\n|-supereffective|p2a: Sonso\n|-enditem|p2a: Sonso|Colbur Berry|[eat]\n|-enditem|p2a: Sonso|Colbur Berry|[weaken]\n|-damage|p2a: Sonso|54\/100\n|move|p2a: Sonso|Scald|p1a: Kartana\n|-resisted|p1a: Kartana\n|-damage|p1a: Kartana|13\/100 brn\n|\n|-damage|p1a: Kartana|7\/100 brn|[from] brn\n|upkeep\n|turn|3\n|j| LT_Alt1\n|\n|t:|1648701867\n|move|p1a: Kartana|Knock Off|p2a: Sonso\n|-supereffective|p2a: Sonso\n|-damage|p2a: Sonso|30\/100\n|move|p2a: Sonso|Trick Room|p2a: Sonso\n|-fieldstart|move: Trick Room|[of] p2a: Sonso\n|\n|-damage|p1a: Kartana|1\/100 brn|[from] brn\n|upkeep\n|turn|4\n|\n|t:|1648701880\n|move|p2a: Sonso|Slack Off|p2a: Sonso\n|-heal|p2a: Sonso|80\/100\n|move|p1a: Kartana|Knock Off|p2a: Sonso\n|-supereffective|p2a: Sonso\n|-damage|p2a: Sonso|54\/100\n|\n|-damage|p1a: Kartana|0 fnt|[from] brn\n|faint|p1a: Kartana\n|upkeep\n|\n|t:|1648701888\n|switch|p1a: Slowking|Slowking-Galar, M|100\/100\n|turn|5\n|\n|t:|1648701892\n|switch|p2a: Billy B.|Marowak-Alola, M, shiny|100\/100\n|move|p1a: Slowking|Future Sight|p2a: Billy B.\n|-start|p1a: Slowking|move: Future Sight\n|\n|upkeep\n|turn|6\n|\n|t:|1648701902\n|switch|p1a: Landorus|Landorus-Therian, M|100\/100\n|-ability|p1a: Landorus|Intimidate|boost\n|-unboost|p2a: Billy B.|atk|1\n|move|p2a: Billy B.|Swords Dance|p2a: Billy B.\n|-boost|p2a: Billy B.|atk|2\n|\n|upkeep\n|turn|7\n|\n|t:|1648701913\n|switch|p1a: Corviknight|Corviknight, F|100\/100\n|-ability|p1a: Corviknight|Pressure\n|move|p2a: Billy B.|Poltergeist|p1a: Corviknight\n|-activate|p1a: Corviknight|move: Poltergeist|Rocky Helmet\n|-damage|p1a: Corviknight|16\/100\n|\n|-end|p2a: Billy B.|move: Future Sight\n|-damage|p2a: Billy B.|44\/100\n|-fieldend|move: Trick Room\n|upkeep\n|turn|8\n|\n|t:|1648701927\n|move|p1a: Corviknight|U-turn|p2a: Billy B.\n|-resisted|p2a: Billy B.\n|-damage|p2a: Billy B.|41\/100\n|\n|t:|1648701931\n|switch|p1a: Landorus|Landorus-Therian, M|100\/100|[from]move: U-turn\n|-ability|p1a: Landorus|Intimidate|boost\n|-unboost|p2a: Billy B.|atk|1\n|move|p2a: Billy B.|Poltergeist|p1a: Landorus\n|-activate|p1a: Landorus|move: Poltergeist|Leftovers\n|-damage|p1a: Landorus|12\/100\n|\n|-heal|p1a: Landorus|18\/100|[from] item: Leftovers\n|upkeep\n|turn|9\n|\n|t:|1648701945\n|switch|p2a: Sonso|Slowbro, M|87\/100\n|move|p1a: Landorus|Stealth Rock|p2a: Sonso\n|-sidestart|p2: Infernoss|move: Stealth Rock\n|\n|-heal|p1a: Landorus|24\/100|[from] item: Leftovers\n|upkeep\n|turn|10\n|\n|t:|1648701952\n|move|p1a: Landorus|U-turn|p2a: Sonso\n|-supereffective|p2a: Sonso\n|-damage|p2a: Sonso|56\/100\n|\n|t:|1648701961\n|switch|p1a: Slowking|Slowking-Galar, M|100\/100|[from]move: U-turn\n|move|p2a: Sonso|Trick Room|p2a: Sonso\n|-fieldstart|move: Trick Room|[of] p2a: Sonso\n|\n|upkeep\n|turn|11\n|\n|t:|1648701969\n|move|p2a: Sonso|Scald|p1a: Slowking\n|-damage|p1a: Slowking|84\/100\n|-status|p1a: Slowking|brn\n|move|p1a: Slowking|Scald|p2a: Sonso\n|-resisted|p2a: Sonso\n|-damage|p2a: Sonso|46\/100\n|\n|-heal|p1a: Slowking|90\/100 brn|[from] item: Black Sludge\n|-damage|p1a: Slowking|84\/100 brn|[from] brn\n|upkeep\n|turn|12\n|\n|t:|1648701979\n|move|p2a: Sonso|Slack Off|p2a: Sonso\n|-heal|p2a: Sonso|96\/100\n|move|p1a: Slowking|Future Sight|p2a: Sonso\n|-start|p1a: Slowking|move: Future Sight\n|\n|-heal|p1a: Slowking|90\/100 brn|[from] item: Black Sludge\n|-damage|p1a: Slowking|84\/100 brn|[from] brn\n|upkeep\n|turn|13\n|\n|t:|1648701986\n|switch|p2a: Thorns|Ferrothorn, M|100\/100\n|-damage|p2a: Thorns|94\/100|[from] Stealth Rock\n|move|p1a: Slowking|Trick|p2a: Thorns\n|-activate|p1a: Slowking|move: Trick|[of] p2a: Thorns\n|-item|p2a: Thorns|Black Sludge|[from] move: Trick\n|-item|p1a: Slowking|Shed Shell|[from] move: Trick\n|\n|-damage|p2a: Thorns|82\/100|[from] item: Black Sludge\n|-damage|p1a: Slowking|78\/100 brn|[from] brn\n|upkeep\n|turn|14\n|\n|t:|1648701999\n|move|p2a: Thorns|Stealth Rock|p1a: Slowking\n|-sidestart|p1: yoose VII|move: Stealth Rock\n|move|p1a: Slowking|Scald|p2a: Thorns\n|-resisted|p2a: Thorns\n|-damage|p2a: Thorns|75\/100\n|\n|-end|p2a: Thorns|move: Future Sight\n|-resisted|p2a: Thorns\n|-damage|p2a: Thorns|60\/100\n|-damage|p2a: Thorns|47\/100|[from] item: Black Sludge\n|-damage|p1a: Slowking|72\/100 brn|[from] brn\n|-fieldend|move: Trick Room\n|upkeep\n|turn|15\n|\n|t:|1648702009\n|move|p1a: Slowking|Scald|p2a: Thorns\n|-resisted|p2a: Thorns\n|-damage|p2a: Thorns|41\/100\n|move|p2a: Thorns|Leech Seed|p1a: Slowking|[miss]\n|-miss|p2a: Thorns|p1a: Slowking\n|\n|-damage|p2a: Thorns|29\/100|[from] item: Black Sludge\n|-damage|p1a: Slowking|65\/100 brn|[from] brn\n|upkeep\n|turn|16\n|\n|t:|1648702018\n|move|p1a: Slowking|Scald|p2a: Thorns\n|-resisted|p2a: Thorns\n|-crit|p2a: Thorns\n|-damage|p2a: Thorns|20\/100\n|move|p2a: Thorns|Leech Seed|p1a: Slowking\n|-start|p1a: Slowking|move: Leech Seed\n|\n|-damage|p2a: Thorns|7\/100|[from] item: Black Sludge\n|-damage|p1a: Slowking|53\/100 brn|[from] Leech Seed|[of] p2a: Thorns\n|-heal|p2a: Thorns|21\/100|[silent]\n|-damage|p1a: Slowking|47\/100 brn|[from] brn\n|upkeep\n|turn|17\n|\n|t:|1648702028\n|move|p1a: Slowking|Trick|p2a: Thorns\n|-activate|p1a: Slowking|move: Trick|[of] p2a: Thorns\n|-item|p2a: Thorns|Shed Shell|[from] move: Trick\n|-item|p1a: Slowking|Black Sludge|[from] move: Trick\n|move|p2a: Thorns|Leech Seed|p1a: Slowking|[miss]\n|-miss|p2a: Thorns|p1a: Slowking\n|\n|-heal|p1a: Slowking|53\/100 brn|[from] item: Black Sludge\n|-damage|p1a: Slowking|41\/100 brn|[from] Leech Seed|[of] p2a: Thorns\n|-heal|p2a: Thorns|35\/100|[silent]\n|-damage|p1a: Slowking|35\/100 brn|[from] brn\n|upkeep\n|turn|18\n|j| Fourthstar\n|\n|t:|1648702041\n|switch|p1a: Landorus|Landorus-Therian, M|24\/100\n|-damage|p1a: Landorus|12\/100|[from] Stealth Rock\n|-ability|p1a: Landorus|Intimidate|boost\n|-unboost|p2a: Thorns|atk|1\n|switch|p2a: Sharko|Garchomp, M|100\/100\n|-damage|p2a: Sharko|94\/100|[from] Stealth Rock\n|\n|-heal|p2a: Sharko|100\/100|[from] item: Leftovers\n|-heal|p1a: Landorus|18\/100|[from] item: Leftovers\n|upkeep\n|turn|19\n|\n|t:|1648702053\n|move|p2a: Sharko|Scale Shot|p1a: Landorus|[miss]\n|-miss|p2a: Sharko|p1a: Landorus\n|move|p1a: Landorus|Earthquake|p2a: Sharko\n|-damage|p2a: Sharko|49\/100\n|\n|-heal|p2a: Sharko|55\/100|[from] item: Leftovers\n|-heal|p1a: Landorus|24\/100|[from] item: Leftovers\n|upkeep\n|turn|20\n|c|\u2606Infernoss|come on!\n|c|\u2606yoose VII|shut the fuck up\n|c|\u2606yoose VII|you burned every scald\n|\n|t:|1648702078\n|move|p2a: Sharko|Stone Edge|p1a: Landorus\n|-damage|p1a: Landorus|0 fnt\n|faint|p1a: Landorus\n|\n|-heal|p2a: Sharko|61\/100|[from] item: Leftovers\n|upkeep\n|\n|t:|1648702081\n|switch|p1a: Weavile|Weavile, F|100\/100\n|-ability|p1a: Weavile|Pressure\n|turn|21\n|\n|t:|1648702092\n|move|p1a: Weavile|Triple Axel|p2a: Sharko\n|-supereffective|p2a: Sharko\n|-crit|p2a: Sharko\n|-damage|p2a: Sharko|4\/100\n|-damage|p1a: Weavile|88\/100|[from] ability: Rough Skin|[of] p2a: Sharko\n|-supereffective|p2a: Sharko\n|-damage|p2a: Sharko|0 fnt\n|-damage|p1a: Weavile|76\/100|[from] ability: Rough Skin|[of] p2a: Sharko\n|faint|p2a: Sharko\n|-hitcount|p2: Sharko|2\n|\n|upkeep\n|\n|t:|1648702103\n|switch|p2a: Sonso|Slowbro, M|100\/100\n|-damage|p2a: Sonso|88\/100|[from] Stealth Rock\n|turn|22\n|j| Aggkkl\n|\n|t:|1648702114\n|switch|p1a: Tapu Fini|Tapu Fini, shiny|100\/100\n|-damage|p1a: Tapu Fini|88\/100|[from] Stealth Rock\n|-fieldstart|move: Misty Terrain|[from] ability: Misty Surge|[of] p1a: Tapu Fini\n|move|p2a: Sonso|Trick Room|p2a: Sonso\n|-fieldstart|move: Trick Room|[of] p2a: Sonso\n|\n|-heal|p1a: Tapu Fini|94\/100|[from] item: Leftovers\n|upkeep\n|turn|23\n|\n|t:|1648702122\n|switch|p2a: Thorns|Ferrothorn, M|35\/100\n|-damage|p2a: Thorns|29\/100|[from] Stealth Rock\n|move|p1a: Tapu Fini|Calm Mind|p1a: Tapu Fini\n|-boost|p1a: Tapu Fini|spa|1\n|-boost|p1a: Tapu Fini|spd|1\n|\n|-heal|p1a: Tapu Fini|100\/100|[from] item: Leftovers\n|upkeep\n|turn|24\n|\n|t:|1648702140\n|move|p2a: Thorns|Power Whip|p1a: Tapu Fini\n|-supereffective|p1a: Tapu Fini\n|-damage|p1a: Tapu Fini|45\/100\n|move|p1a: Tapu Fini|Calm Mind|p1a: Tapu Fini\n|-boost|p1a: Tapu Fini|spa|1\n|-boost|p1a: Tapu Fini|spd|1\n|\n|-heal|p1a: Tapu Fini|51\/100|[from] item: Leftovers\n|upkeep\n|turn|25\n|\n|t:|1648702148\n|switch|p1a: Corviknight|Corviknight, F|16\/100\n|-damage|p1a: Corviknight|4\/100|[from] Stealth Rock\n|-ability|p1a: Corviknight|Pressure\n|move|p2a: Thorns|Leech Seed|p1a: Corviknight\n|-start|p1a: Corviknight|move: Leech Seed\n|\n|-damage|p1a: Corviknight|0 fnt|[from] Leech Seed|[of] p2a: Thorns\n|-heal|p2a: Thorns|33\/100|[silent]\n|faint|p1a: Corviknight\n|upkeep\n|\n|t:|1648702156\n|switch|p1a: Slowking|Slowking-Galar, M|68\/100 brn\n|-damage|p1a: Slowking|55\/100 brn|[from] Stealth Rock\n|turn|26\n|\n|t:|1648702160\n|move|p2a: Thorns|Leech Seed|p1a: Slowking\n|-start|p1a: Slowking|move: Leech Seed\n|move|p1a: Slowking|Trick|p2a: Thorns\n|-activate|p1a: Slowking|move: Trick|[of] p2a: Thorns\n|-item|p2a: Thorns|Black Sludge|[from] move: Trick\n|-item|p1a: Slowking|Shed Shell|[from] move: Trick\n|\n|-damage|p2a: Thorns|20\/100|[from] item: Black Sludge\n|-damage|p1a: Slowking|43\/100 brn|[from] Leech Seed|[of] p2a: Thorns\n|-heal|p2a: Thorns|34\/100|[silent]\n|-damage|p1a: Slowking|37\/100 brn|[from] brn\n|-fieldend|move: Trick Room\n|-fieldend|Misty Terrain\n|upkeep\n|turn|27\n|\n|t:|1648702171\n|move|p1a: Slowking|Future Sight|p2a: Thorns\n|-start|p1a: Slowking|move: Future Sight\n|move|p2a: Thorns|Power Whip|p1a: Slowking\n|-resisted|p1a: Slowking\n|-damage|p1a: Slowking|15\/100 brn\n|\n|-damage|p2a: Thorns|22\/100|[from] item: Black Sludge\n|-damage|p1a: Slowking|3\/100 brn|[from] Leech Seed|[of] p2a: Thorns\n|-heal|p2a: Thorns|35\/100|[silent]\n|-damage|p1a: Slowking|0 fnt|[from] brn\n|faint|p1a: Slowking\n|upkeep\n|\n|t:|1648702183\n|switch|p1a: Tapu Fini|Tapu Fini, shiny|51\/100\n|-damage|p1a: Tapu Fini|38\/100|[from] Stealth Rock\n|-fieldstart|move: Misty Terrain|[from] ability: Misty Surge|[of] p1a: Tapu Fini\n|turn|28\n|l| Fourthstar\n|\n|t:|1648702188\n|move|p1a: Tapu Fini|Scald|p2a: Thorns\n|-resisted|p2a: Thorns\n|-damage|p2a: Thorns|27\/100\n|move|p2a: Thorns|Power Whip|p1a: Tapu Fini\n|-supereffective|p1a: Tapu Fini\n|-damage|p1a: Tapu Fini|0 fnt\n|faint|p1a: Tapu Fini\n|\n|-damage|p2a: Thorns|14\/100|[from] item: Black Sludge\n|upkeep\n|\n|t:|1648702193\n|switch|p1a: Weavile|Weavile, F|76\/100\n|-ability|p1a: Weavile|Pressure\n|turn|29\n|\n|t:|1648702200\n|move|p1a: Weavile|Swords Dance|p1a: Weavile\n|-boost|p1a: Weavile|atk|2\n|move|p2a: Thorns|Gyro Ball|p1a: Weavile\n|-supereffective|p1a: Weavile\n|-damage|p1a: Weavile|0 fnt\n|faint|p1a: Weavile\n|\n|win|Infernoss\n|raw|yoose VII's rating: 1837 &rarr; <strong>1815<\/strong><br \/>(-22 for losing)\n|raw|Infernoss's rating: 1799 &rarr; <strong>1821<\/strong><br \/>(+22 for winning)\n|l|\u2606yoose VII\n","uploadtime":1648702211,"views":88,"p1id":"yoosevii","p2id":"infernoss","formatid":"gen8ou","rating":1815,"private":0,"password":null}