{"id":"gen8ou-1671371002","p1":"Capital Cruiser","p2":"Lennn","format":"gen8ou","log":"|j|\u203dCapital Cruiser\n|j|\u2606Lennn\n|t:|1664258301\n|gametype|singles\n|player|p1|Capital Cruiser|cheren-gen5bw2|1471\n|player|p2|Lennn|anabel|1516\n|teamsize|p1|6\n|teamsize|p2|6\n|gen|8\n|tier|[Gen 8] OU\n|rated|\n|rule|Sleep Clause Mod: Limit one foe put to sleep\n|rule|Species Clause: Limit one of each Pok\u00e9mon\n|rule|OHKO Clause: OHKO moves are banned\n|rule|Evasion Items Clause: Evasion items are banned\n|rule|Evasion Moves Clause: Evasion moves are banned\n|rule|Endless Battle Clause: Forcing endless battles is banned\n|rule|HP Percentage Mod: HP is shown in percentages\n|rule|Dynamax Clause: You cannot dynamax\n|clearpoke\n|poke|p1|Dragapult, M|\n|poke|p1|Tapu Koko|\n|poke|p1|Tapu Fini|\n|poke|p1|Ferrothorn, M|\n|poke|p1|Zapdos|\n|poke|p1|Barraskewda, F|\n|poke|p2|Nihilego|\n|poke|p2|Melmetal|\n|poke|p2|Dragapult, M|\n|poke|p2|Mew|\n|poke|p2|Celesteela|\n|poke|p2|Garchomp, F|\n|teampreview\n|inactive|Battle timer is ON: inactive players will automatically lose when time's up. (requested by Capital Cruiser)\n|\n|t:|1664258309\n|start\n|switch|p1a: Dragapult|Dragapult, M, shiny|100\/100\n|switch|p2a: Mew|Mew|100\/100\n|turn|1\n|\n|t:|1664258316\n|move|p1a: Dragapult|Shadow Ball|p2a: Mew\n|-supereffective|p2a: Mew\n|-damage|p2a: Mew|10\/100\n|move|p2a: Mew|Stealth Rock|p1a: Dragapult\n|-sidestart|p1: Capital Cruiser|move: Stealth Rock\n|\n|upkeep\n|turn|2\n|\n|t:|1664258327\n|move|p1a: Dragapult|Shadow Ball|p2a: Mew\n|-supereffective|p2a: Mew\n|-damage|p2a: Mew|0 fnt\n|faint|p2a: Mew\n|\n|upkeep\n|\n|t:|1664258351\n|switch|p2a: Melmetal|Melmetal|100\/100\n|turn|3\n|\n|t:|1664258363\n|switch|p1a: Zapdos|Zapdos, shiny|100\/100\n|move|p2a: Melmetal|Ice Punch|p1a: Zapdos\n|-supereffective|p1a: Zapdos\n|-damage|p1a: Zapdos|57\/100\n|\n|upkeep\n|turn|4\n|\n|t:|1664258382\n|switch|p2a: Nihilego|Nihilego|100\/100\n|move|p1a: Zapdos|Defog|p2a: Nihilego\n|-unboost|p2a: Nihilego|evasion|1\n|-sideend|p1: Capital Cruiser|Stealth Rock|[from] move: Defog|[of] p1a: Zapdos\n|\n|upkeep\n|turn|5\n|\n|t:|1664258387\n|switch|p2a: Celesteela|Celesteela|100\/100\n|switch|p1a: Ferrothorn|Ferrothorn, M, shiny|100\/100\n|\n|upkeep\n|turn|6\n|\n|t:|1664258394\n|switch|p1a: Tapu Koko|Tapu Koko, shiny|100\/100\n|-fieldstart|move: Electric Terrain|[from] ability: Electric Surge|[of] p1a: Tapu Koko\n|move|p2a: Celesteela|Autotomize|p2a: Celesteela\n|-boost|p2a: Celesteela|spe|2\n|-start|p2a: Celesteela|Autotomize\n|\n|upkeep\n|turn|7\n|\n|t:|1664258408\n|switch|p2a: Melmetal|Melmetal|100\/100\n|move|p1a: Tapu Koko|Thunderbolt|p2a: Melmetal\n|-damage|p2a: Melmetal|77\/100\n|\n|upkeep\n|turn|8\n|inactive|Lennn has 120 seconds left.\n|\n|t:|1664258440\n|switch|p1a: Zapdos|Zapdos, shiny|57\/100\n|switch|p2a: Celesteela|Celesteela|100\/100\n|\n|upkeep\n|turn|9\n|inactive|Lennn has 120 seconds left.\n|\n|t:|1664258456\n|switch|p1a: Tapu Koko|Tapu Koko, shiny|100\/100\n|move|p2a: Celesteela|Meteor Beam||[still]\n|-prepare|p2a: Celesteela|Meteor Beam\n|-boost|p2a: Celesteela|spa|1\n|-enditem|p2a: Celesteela|Power Herb\n|-anim|p2a: Celesteela|Meteor Beam|p1a: Tapu Koko\n|-damage|p1a: Tapu Koko|13\/100\n|\n|upkeep\n|turn|10\n|inactive|Lennn has 120 seconds left.\n|\n|t:|1664258466\n|switch|p2a: Dragapult|Dragapult, M|100\/100\n|move|p1a: Tapu Koko|Thunderbolt|p2a: Dragapult\n|-resisted|p2a: Dragapult\n|-damage|p2a: Dragapult|69\/100\n|\n|-fieldend|move: Electric Terrain\n|upkeep\n|turn|11\n|\n|t:|1664258473\n|move|p2a: Dragapult|Shadow Ball|p1a: Tapu Koko\n|-damage|p1a: Tapu Koko|0 fnt\n|faint|p1a: Tapu Koko\n|\n|upkeep\n|\n|t:|1664258476\n|switch|p1a: Tapu Fini|Tapu Fini, shiny|100\/100\n|-fieldstart|move: Misty Terrain|[from] ability: Misty Surge|[of] p1a: Tapu Fini\n|turn|12\n|\n|t:|1664258481\n|switch|p2a: Melmetal|Melmetal|77\/100\n|move|p1a: Tapu Fini|Moonblast|p2a: Melmetal\n|-resisted|p2a: Melmetal\n|-crit|p2a: Melmetal\n|-damage|p2a: Melmetal|64\/100\n|-unboost|p2a: Melmetal|spa|1\n|\n|upkeep\n|turn|13\n|\n|t:|1664258500\n|switch|p1a: Zapdos|Zapdos, shiny|57\/100\n|move|p2a: Melmetal|Earthquake|p1a: Zapdos\n|-immune|p1a: Zapdos\n|\n|upkeep\n|turn|14\n|\n|t:|1664258508\n|switch|p1a: Dragapult|Dragapult, M, shiny|100\/100\n|move|p2a: Melmetal|Earthquake|p1a: Dragapult\n|-damage|p1a: Dragapult|57\/100\n|\n|upkeep\n|turn|15\n|-message|Capital Cruiser forfeited.\n|\n|win|Lennn\n|raw|Capital Cruiser's rating: 1471 &rarr; <strong>1455<\/strong><br \/>(-16 for losing)\n|raw|Lennn's rating: 1535 &rarr; <strong>1551<\/strong><br \/>(+16 for winning)\n|l|\u203dCapital Cruiser\n","uploadtime":1664258520,"views":5,"p1id":"capitalcruiser","p2id":"lennn","formatid":"gen8ou","rating":1455,"private":0,"password":null}