{"id":"gen8nationaldex-1139537112","p1":"HugoAAF","p2":"Ban lando t guy jk","format":"gen8nationaldex","log":"|j|\u2606HugoAAF\n|j|\u2606Ban lando t guy jk\n|player|p1|HugoAAF|riley|1544\n|player|p2|Ban lando t guy jk|164|1543\n|teamsize|p1|6\n|teamsize|p2|6\n|gametype|singles\n|gen|8\n|tier|[Gen 8] National Dex\n|rated|\n|clearpoke\n|poke|p1|Landorus-Therian, M|\n|poke|p1|Greninja, M|\n|poke|p1|Charizard, M|\n|poke|p1|Zapdos|\n|poke|p1|Ferrothorn, F|\n|poke|p1|Tapu Fini|\n|poke|p2|Hawlucha, M|\n|poke|p2|Ferrothorn, M|\n|poke|p2|Pelipper, M|\n|poke|p2|Tapu Koko|\n|poke|p2|Swampert, M|\n|poke|p2|Kartana|\n|rule|HP Percentage Mod: HP is shown in percentages\n|rule|Endless Battle Clause: Forcing endless battles is banned\n|rule|OHKO Clause: OHKO moves are banned\n|rule|Evasion Moves Clause: Evasion moves are banned\n|rule|Species Clause: Limit one of each Pok\u00e9mon\n|rule|Dynamax Clause: You cannot dynamax\n|rule|Sleep Clause Mod: Limit one foe put to sleep\n|teampreview\n|inactive|Battle timer is ON: inactive players will automatically lose when time's up. (requested by Ban lando t guy jk)\n|inactive|HugoAAF also wants the timer to be on.\n|\n|start\n|switch|p1a: U Cant Kill Me|Ferrothorn, F|100\/100\n|switch|p2a: Hate rain :(|Ferrothorn, M|100\/100\n|turn|1\n|\n|move|p1a: U Cant Kill Me|Knock Off|p2a: Hate rain :(\n|-damage|p2a: Hate rain :(|86\/100\n|-damage|p1a: U Cant Kill Me|88\/100|[from] ability: Iron Barbs|[of] p2a: Hate rain :(\n|-enditem|p2a: Hate rain :(|Leftovers|[from] move: Knock Off|[of] p1a: U Cant Kill Me\n|move|p2a: Hate rain :(|Stealth Rock|p1a: U Cant Kill Me\n|-sidestart|p1: HugoAAF|move: Stealth Rock\n|\n|-heal|p1a: U Cant Kill Me|94\/100|[from] item: Leftovers\n|upkeep\n|turn|2\n|\n|move|p1a: U Cant Kill Me|Stealth Rock|p2a: Hate rain :(\n|-sidestart|p2: Ban lando t guy jk|move: Stealth Rock\n|move|p2a: Hate rain :(|Spikes|p1a: U Cant Kill Me\n|-sidestart|p1: HugoAAF|Spikes\n|\n|-heal|p1a: U Cant Kill Me|99\/100|[from] item: Leftovers\n|upkeep\n|turn|3\n|\n|switch|p1a: Tapu Fini|Tapu Fini|100\/100\n|-damage|p1a: Tapu Fini|88\/100|[from] Spikes\n|-damage|p1a: Tapu Fini|76\/100|[from] Stealth Rock\n|-fieldstart|move: Misty Terrain|[from] ability: Misty Surge|[of] p1a: Tapu Fini\n|move|p2a: Hate rain :(|Spikes|p1a: Tapu Fini\n|-sidestart|p1: HugoAAF|Spikes\n|\n|upkeep\n|turn|4\n|\n|move|p1a: Tapu Fini|Defog|p2a: Hate rain :(\n|-unboost|p2a: Hate rain :(|evasion|1\n|-sideend|p2: Ban lando t guy jk|Stealth Rock|[from] move: Defog|[of] p1a: Tapu Fini\n|-sideend|p1: HugoAAF|Spikes|[from] move: Defog|[of] p1a: Tapu Fini\n|-sideend|p1: HugoAAF|Stealth Rock|[from] move: Defog|[of] p1a: Tapu Fini\n|-fieldend|Misty Terrain\n|move|p2a: Hate rain :(|Knock Off|p1a: Tapu Fini\n|-resisted|p1a: Tapu Fini\n|-crit|p1a: Tapu Fini\n|-damage|p1a: Tapu Fini|63\/100\n|-enditem|p1a: Tapu Fini|Aguav Berry|[from] move: Knock Off|[of] p2a: Hate rain :(\n|\n|upkeep\n|turn|5\n|inactive|HugoAAF has 120 seconds left.\n|\n|move|p1a: Tapu Fini|Taunt|p2a: Hate rain :(\n|-start|p2a: Hate rain :(|move: Taunt\n|cant|p2a: Hate rain :(|move: Taunt|Stealth Rock\n|\n|upkeep\n|turn|6\n|inactive|HugoAAF has 120 seconds left.\n|\n|switch|p1a: Charizard|Charizard, M|100\/100\n|switch|p2a: Nappy is trash|Pelipper, M|100\/100\n|-weather|RainDance|[from] ability: Drizzle|[of] p2a: Nappy is trash\n|\n|-weather|RainDance|[upkeep]\n|upkeep\n|turn|7\n|\n|detailschange|p1a: Charizard|Charizard-Mega-X, M\n|-mega|p1a: Charizard|Charizard|Charizardite X\n|move|p1a: Charizard|Swords Dance|p1a: Charizard\n|-boost|p1a: Charizard|atk|2\n|move|p2a: Nappy is trash|U-turn|p1a: Charizard\n|-resisted|p1a: Charizard\n|-damage|p1a: Charizard|96\/100\n|\n|switch|p2a: Swamp Thing|Swampert, M|100\/100|[from]move: U-turn\n|\n|-weather|RainDance|[upkeep]\n|upkeep\n|turn|8\n|\n|switch|p1a: Leadorus|Landorus-Therian, M|100\/100\n|-ability|p1a: Leadorus|Intimidate|boost\n|-unboost|p2a: Swamp Thing|atk|1\n|detailschange|p2a: Swamp Thing|Swampert-Mega, M\n|-mega|p2a: Swamp Thing|Swampert|Swampertite\n|move|p2a: Swamp Thing|Waterfall|p1a: Leadorus\n|-supereffective|p1a: Leadorus\n|-damage|p1a: Leadorus|0 fnt\n|faint|p1a: Leadorus\n|\n|-weather|RainDance|[upkeep]\n|upkeep\n|\n|switch|p1a: Giyu|Greninja, M|100\/100\n|turn|9\n|\n|switch|p2a: Hate rain :(|Ferrothorn, M|86\/100\n|move|p1a: Giyu|Dark Pulse|p2a: Hate rain :(\n|-damage|p2a: Hate rain :(|45\/100\n|\n|-weather|RainDance|[upkeep]\n|upkeep\n|turn|10\n|\n|move|p1a: Giyu|Dark Pulse|p2a: Hate rain :(\n|-crit|p2a: Hate rain :(\n|-damage|p2a: Hate rain :(|0 fnt\n|faint|p2a: Hate rain :(\n|-activate|p1a: Giyu|ability: Battle Bond\n|detailschange|p1a: Giyu|Greninja-Ash, M\n|\n|-weather|RainDance|[upkeep]\n|upkeep\n|\n|switch|p2a: Swamp Thing|Swampert-Mega, M|100\/100\n|turn|11\n|\n|switch|p1a: Zapdos|Zapdos|100\/100\n|move|p2a: Swamp Thing|Earthquake|p1a: Zapdos\n|-immune|p1a: Zapdos\n|\n|-weather|RainDance|[upkeep]\n|upkeep\n|turn|12\n|\n|switch|p1a: U Cant Kill Me|Ferrothorn, F|99\/100\n|move|p2a: Swamp Thing|Waterfall|p1a: U Cant Kill Me\n|-resisted|p1a: U Cant Kill Me\n|-crit|p1a: U Cant Kill Me\n|-damage|p1a: U Cant Kill Me|59\/100\n|-damage|p2a: Swamp Thing|88\/100|[from] ability: Iron Barbs|[of] p1a: U Cant Kill Me\n|\n|-weather|RainDance|[upkeep]\n|-heal|p1a: U Cant Kill Me|65\/100|[from] item: Leftovers\n|upkeep\n|turn|13\n|\n|switch|p2a: Speed OD|Tapu Koko|100\/100\n|-fieldstart|move: Electric Terrain|[from] ability: Electric Surge|[of] p2a: Speed OD\n|move|p1a: U Cant Kill Me|Protect||[still]\n|-fail|p1a: U Cant Kill Me\n|\n|-weather|none\n|-heal|p1a: U Cant Kill Me|71\/100|[from] item: Leftovers\n|upkeep\n|turn|14\n|\n|move|p2a: Speed OD|Taunt|p1a: U Cant Kill Me\n|-start|p1a: U Cant Kill Me|move: Taunt\n|cant|p1a: U Cant Kill Me|move: Taunt|Stealth Rock\n|\n|-heal|p1a: U Cant Kill Me|77\/100|[from] item: Leftovers\n|upkeep\n|turn|15\n|\n|move|p2a: Speed OD|Nature's Madness|p1a: U Cant Kill Me|[miss]\n|-miss|p2a: Speed OD|p1a: U Cant Kill Me\n|move|p1a: U Cant Kill Me|Knock Off|p2a: Speed OD\n|-resisted|p2a: Speed OD\n|-damage|p2a: Speed OD|91\/100\n|\n|-heal|p1a: U Cant Kill Me|83\/100|[from] item: Leftovers\n|upkeep\n|turn|16\n|inactive|HugoAAF has 120 seconds left.\n|\n|switch|p1a: Zapdos|Zapdos|100\/100\n|move|p2a: Speed OD|Nature's Madness|p1a: Zapdos\n|-damage|p1a: Zapdos|51\/100\n|\n|upkeep\n|turn|17\n|\n|-zpower|p2a: Speed OD\n|move|p2a: Speed OD|Twinkle Tackle|p1a: Zapdos|[zeffect]\n|-damage|p1a: Zapdos|0 fnt\n|faint|p1a: Zapdos\n|\n|-fieldend|move: Electric Terrain\n|upkeep\n|inactive|HugoAAF has 120 seconds left.\n|\n|switch|p1a: Charizard|Charizard-Mega-X, M|96\/100\n|turn|18\n|\n|move|p2a: Speed OD|Taunt|p1a: Charizard\n|-start|p1a: Charizard|move: Taunt\n|cant|p1a: Charizard|move: Taunt|Swords Dance\n|\n|upkeep\n|turn|19\n|\n|switch|p1a: U Cant Kill Me|Ferrothorn, F|83\/100\n|move|p2a: Speed OD|Volt Switch|p1a: U Cant Kill Me\n|-resisted|p1a: U Cant Kill Me\n|-damage|p1a: U Cant Kill Me|73\/100\n|\n|switch|p2a: Nappy is trash|Pelipper, M|100\/100|[from]move: Volt Switch\n|-weather|RainDance|[from] ability: Drizzle|[of] p2a: Nappy is trash\n|\n|-weather|RainDance|[upkeep]\n|-heal|p1a: U Cant Kill Me|79\/100|[from] item: Leftovers\n|upkeep\n|turn|20\n|\n|switch|p2a: Speed OD|Tapu Koko|91\/100\n|-fieldstart|move: Electric Terrain|[from] ability: Electric Surge|[of] p2a: Speed OD\n|move|p1a: U Cant Kill Me|Stealth Rock|p2a: Speed OD\n|-sidestart|p2: Ban lando t guy jk|move: Stealth Rock\n|\n|-weather|RainDance|[upkeep]\n|-heal|p1a: U Cant Kill Me|85\/100|[from] item: Leftovers\n|upkeep\n|turn|21\n|\n|move|p2a: Speed OD|Taunt|p1a: U Cant Kill Me\n|-start|p1a: U Cant Kill Me|move: Taunt\n|cant|p1a: U Cant Kill Me|move: Taunt|Leech Seed\n|\n|-weather|RainDance|[upkeep]\n|-heal|p1a: U Cant Kill Me|91\/100|[from] item: Leftovers\n|upkeep\n|turn|22\n|\n|move|p2a: Speed OD|Nature's Madness|p1a: U Cant Kill Me\n|-damage|p1a: U Cant Kill Me|46\/100\n|move|p1a: U Cant Kill Me|Knock Off|p2a: Speed OD\n|-resisted|p2a: Speed OD\n|-crit|p2a: Speed OD\n|-damage|p2a: Speed OD|76\/100\n|\n|-weather|RainDance|[upkeep]\n|-heal|p1a: U Cant Kill Me|51\/100|[from] item: Leftovers\n|upkeep\n|turn|23\n|\n|move|p2a: Speed OD|Dazzling Gleam|p1a: U Cant Kill Me\n|-resisted|p1a: U Cant Kill Me\n|-damage|p1a: U Cant Kill Me|40\/100\n|move|p1a: U Cant Kill Me|Knock Off|p2a: Speed OD\n|-resisted|p2a: Speed OD\n|-damage|p2a: Speed OD|66\/100\n|\n|-weather|RainDance|[upkeep]\n|-heal|p1a: U Cant Kill Me|46\/100|[from] item: Leftovers\n|-end|p1a: U Cant Kill Me|move: Taunt\n|upkeep\n|turn|24\n|\n|move|p1a: U Cant Kill Me|Protect|p1a: U Cant Kill Me\n|-singleturn|p1a: U Cant Kill Me|Protect\n|move|p2a: Speed OD|Taunt|p1a: U Cant Kill Me\n|-activate|p1a: U Cant Kill Me|move: Protect\n|\n|-weather|RainDance|[upkeep]\n|-heal|p1a: U Cant Kill Me|52\/100|[from] item: Leftovers\n|-fieldend|move: Electric Terrain\n|upkeep\n|turn|25\n|\n|switch|p1a: Giyu|Greninja-Ash, M|100\/100\n|move|p2a: Speed OD|Taunt|p1a: Giyu\n|-start|p1a: Giyu|move: Taunt\n|\n|-weather|RainDance|[upkeep]\n|upkeep\n|turn|26\n|\n|switch|p2a: Nappy is trash|Pelipper, M|100\/100\n|-damage|p2a: Nappy is trash|76\/100|[from] Stealth Rock\n|move|p1a: Giyu|Water Shuriken|p2a: Nappy is trash\n|-resisted|p2a: Nappy is trash\n|-damage|p2a: Nappy is trash|63\/100\n|-resisted|p2a: Nappy is trash\n|-damage|p2a: Nappy is trash|49\/100\n|-resisted|p2a: Nappy is trash\n|-damage|p2a: Nappy is trash|34\/100\n|-hitcount|p2a: Nappy is trash|3\n|\n|-weather|none\n|upkeep\n|turn|27\n|inactive|HugoAAF has 120 seconds left.\n|inactive|HugoAAF has 90 seconds left.\n|l|\u2606Ban lando t guy jk\n|inactive|Ban lando t guy jk disconnected and has a minute to reconnect!\n|player|p2|\n|\n|switch|p1a: Charizard|Charizard-Mega-X, M|96\/100\n|move|p2a: Nappy is trash|U-turn|p1a: Charizard\n|-resisted|p1a: Charizard\n|-crit|p1a: Charizard\n|-damage|p1a: Charizard|89\/100\n|j|\u2606Ban lando t guy jk\n|inactive|Ban lando t guy jk reconnected and has 140 seconds left.\n|player|p2|Ban lando t guy jk|164\n|\n|switch|p2a: Speed OD|Tapu Koko|66\/100|[from]move: U-turn\n|-damage|p2a: Speed OD|53\/100|[from] Stealth Rock\n|-fieldstart|move: Electric Terrain|[from] ability: Electric Surge|[of] p2a: Speed OD\n|\n|upkeep\n|turn|28\n|\n|move|p2a: Speed OD|Taunt|p1a: Charizard\n|-start|p1a: Charizard|move: Taunt\n|move|p1a: Charizard|Fire Punch|p2a: Speed OD\n|-damage|p2a: Speed OD|0 fnt\n|faint|p2a: Speed OD\n|\n|upkeep\n|\n|switch|p2a: Copypaste|Hawlucha, M|100\/100\n|-damage|p2a: Copypaste|88\/100|[from] Stealth Rock\n|-enditem|p2a: Copypaste|Electric Seed\n|-boost|p2a: Copypaste|def|1|[from] item: Electric Seed\n|turn|29\n|\n|move|p2a: Copypaste|Swords Dance|p2a: Copypaste\n|-boost|p2a: Copypaste|atk|2\n|move|p1a: Charizard|Fire Punch|p2a: Copypaste\n|-damage|p2a: Copypaste|40\/100\n|\n|upkeep\n|turn|30\n|\n|move|p2a: Copypaste|High Jump Kick|p1a: Charizard\n|-crit|p1a: Charizard\n|-damage|p1a: Charizard|0 fnt\n|faint|p1a: Charizard\n|\n|upkeep\n|\n|switch|p1a: Giyu|Greninja-Ash, M|100\/100\n|turn|31\n|\n|move|p1a: Giyu|Water Shuriken|p2a: Copypaste\n|-damage|p2a: Copypaste|15\/100\n|-crit|p2a: Copypaste\n|-damage|p2a: Copypaste|0 fnt\n|-hitcount|p2a: Copypaste|2\n|faint|p2a: Copypaste\n|\n|-fieldend|move: Electric Terrain\n|upkeep\n|\n|switch|p2a: Swamp Thing|Swampert-Mega, M|88\/100\n|-damage|p2a: Swamp Thing|82\/100|[from] Stealth Rock\n|turn|32\n|\n|switch|p1a: Tapu Fini|Tapu Fini|63\/100\n|-fieldstart|move: Misty Terrain|[from] ability: Misty Surge|[of] p1a: Tapu Fini\n|move|p2a: Swamp Thing|Earthquake|p1a: Tapu Fini\n|-damage|p1a: Tapu Fini|7\/100\n|\n|upkeep\n|turn|33\n|\n|move|p1a: Tapu Fini|Moonblast|p2a: Swamp Thing\n|-damage|p2a: Swamp Thing|53\/100\n|move|p2a: Swamp Thing|Earthquake|p1a: Tapu Fini\n|-damage|p1a: Tapu Fini|0 fnt\n|faint|p1a: Tapu Fini\n|\n|upkeep\n|inactive|HugoAAF has 120 seconds left.\n|\n|switch|p1a: U Cant Kill Me|Ferrothorn, F|52\/100\n|turn|34\n|\n|move|p2a: Swamp Thing|Earthquake|p1a: U Cant Kill Me\n|-damage|p1a: U Cant Kill Me|7\/100\n|move|p1a: U Cant Kill Me|Leech Seed|p2a: Swamp Thing\n|-start|p2a: Swamp Thing|move: Leech Seed\n|\n|-heal|p1a: U Cant Kill Me|13\/100|[from] item: Leftovers\n|-damage|p2a: Swamp Thing|41\/100|[from] Leech Seed|[of] p1a: U Cant Kill Me\n|-heal|p1a: U Cant Kill Me|25\/100|[silent]\n|upkeep\n|turn|35\n|inactive|HugoAAF has 120 seconds left.\n|l|\u2606Ban lando t guy jk\n|inactive|Ban lando t guy jk disconnected and has a minute to reconnect!\n|player|p2|\n|\n|move|p1a: U Cant Kill Me|Protect|p1a: U Cant Kill Me\n|-singleturn|p1a: U Cant Kill Me|Protect\n|move|p2a: Swamp Thing|Earthquake|p1a: U Cant Kill Me\n|-activate|p1a: U Cant Kill Me|move: Protect\n|\n|-heal|p1a: U Cant Kill Me|31\/100|[from] item: Leftovers\n|-damage|p2a: Swamp Thing|28\/100|[from] Leech Seed|[of] p1a: U Cant Kill Me\n|-heal|p1a: U Cant Kill Me|43\/100|[silent]\n|upkeep\n|turn|36\n|j|\u2606Ban lando t guy jk\n|inactive|Ban lando t guy jk reconnected and has 150 seconds left.\n|player|p2|Ban lando t guy jk|164\n|inactive|HugoAAF has 120 seconds left.\n|\n|move|p2a: Swamp Thing|Earthquake|p1a: U Cant Kill Me\n|-damage|p1a: U Cant Kill Me|0 fnt\n|faint|p1a: U Cant Kill Me\n|\n|-fieldend|Misty Terrain\n|upkeep\n|\n|switch|p1a: Giyu|Greninja-Ash, M|100\/100\n|turn|37\n|\n|move|p1a: Giyu|Water Shuriken|p2a: Swamp Thing\n|-damage|p2a: Swamp Thing|13\/100\n|-damage|p2a: Swamp Thing|0 fnt\n|-hitcount|p2a: Swamp Thing|2\n|faint|p2a: Swamp Thing\n|\n|upkeep\n|\n|switch|p2a: Wolverine|Kartana|100\/100\n|-damage|p2a: Wolverine|94\/100|[from] Stealth Rock\n|turn|38\n|\n|move|p1a: Giyu|Water Shuriken|p2a: Wolverine\n|-resisted|p2a: Wolverine\n|-damage|p2a: Wolverine|67\/100\n|-resisted|p2a: Wolverine\n|-damage|p2a: Wolverine|39\/100\n|-resisted|p2a: Wolverine\n|-damage|p2a: Wolverine|12\/100\n|-hitcount|p2a: Wolverine|3\n|move|p2a: Wolverine|Leaf Blade|p1a: Giyu\n|-supereffective|p1a: Giyu\n|-damage|p1a: Giyu|0 fnt\n|faint|p1a: Giyu\n|\n|win|Ban lando t guy jk\n|c|\u2606HugoAAF|gg\n|c|\u2606Ban lando t guy jk|Gg\n|l|\u2606HugoAAF\n||Ladder (probably) updated, but score could not be retrieved (Request timeout).\n","uploadtime":1593107395,"views":0,"p1id":"hugoaaf","p2id":"banlandotguyjk","formatid":"gen8nationaldex","rating":0,"private":0,"password":null}