{"id":"gen8vgc2022-1526239589","p1":"Lothlorien2000","p2":"pokeda","format":"gen8vgc2022","log":"|j|\u2606Lothlorien2000\n|j|\u2606pokeda\n|t:|1646752864\n|gametype|doubles\n|player|p1|Lothlorien2000|steven|\n|player|p2|pokeda|dawn|\n|teamsize|p1|6\n|teamsize|p2|6\n|gen|8\n|tier|[Gen 8] VGC 2022\n|rule|Species Clause: Limit one of each Pok\u00e9mon\n|rule|Item Clause: Limit one of each item\n|clearpoke\n|poke|p1|Kyurem-White, L50|\n|poke|p1|Whimsicott, L50, M|\n|poke|p1|Dusclops, L50, F|\n|poke|p1|Reshiram, L50|\n|poke|p1|Amoonguss, L50, M|\n|poke|p1|Rillaboom, L50, F|\n|poke|p2|Zacian-*, L50|\n|poke|p2|Charizard, L50, F|\n|poke|p2|Groudon, L50|\n|poke|p2|Whimsicott, L50, M|\n|poke|p2|Incineroar, L50, M|\n|poke|p2|Gastrodon, L50, M|\n|teampreview|4\n|\n|t:|1646752901\n|start\n|switch|p1a: Dusclops|Dusclops, L50, F|100\/100\n|switch|p1b: Amoonguss|Amoonguss, L50, M|100\/100\n|switch|p2a: Whimsicott|Whimsicott, L50, M|100\/100\n|switch|p2b: Charizard|Charizard, L50, F, shiny|100\/100\n|-item|p2a: Whimsicott|Focus Sash|[from] ability: Frisk|[of] p1a: Dusclops|[identify]\n|-item|p2b: Charizard|Life Orb|[from] ability: Frisk|[of] p1a: Dusclops|[identify]\n|turn|1\n|\n|t:|1646752919\n|-start|p2b: Charizard|Dynamax\n|-formechange|p2b: Charizard|Charizard-Gmax\n|-heal|p2b: Charizard|100\/100|[silent]\n|move|p1b: Amoonguss|Rage Powder|p1b: Amoonguss\n|-singleturn|p1b: Amoonguss|move: Rage Powder\n|move|p2a: Whimsicott|Dazzling Gleam|p1b: Amoonguss|[spread] p1a,p1b\n|-resisted|p1b: Amoonguss\n|-damage|p1a: Dusclops|90\/100\n|-damage|p1b: Amoonguss|92\/100\n|-enditem|p1b: Amoonguss|Eject Button\n|\n|t:|1646752931\n|switch|p1b: Reshiram|Reshiram, L50|100\/100\n|-ability|p1b: Reshiram|Turboblaze\n|move|p2b: Charizard|G-Max Wildfire|p1b: Reshiram\n|-resisted|p1b: Reshiram\n|-damage|p1b: Reshiram|90\/100\n|-sidestart|p1: Lothlorien2000|G-Max Wildfire\n|-damage|p2b: Charizard|96\/100|[from] item: Life Orb\n|move|p1a: Dusclops|Trick Room|p1a: Dusclops\n|-fieldstart|move: Trick Room|[of] p1a: Dusclops\n|\n|-damage|p1a: Dusclops|73\/100|[from] G-Max Wildfire\n|upkeep\n|turn|2\n|\n|t:|1646752984\n|switch|p1a: Amoonguss|Amoonguss, L50, M|100\/100\n|-start|p1b: Reshiram|Dynamax\n|-heal|p1b: Reshiram|90\/100|[silent]\n|move|p2a: Whimsicott|Helping Hand|p2b: Charizard\n|-singleturn|p2b: Charizard|Helping Hand|[of] p2a: Whimsicott\n|move|p1b: Reshiram|Max Flare|p2b: Charizard\n|-resisted|p2b: Charizard\n|-damage|p2b: Charizard|70\/100\n|-weather|SunnyDay\n|move|p2b: Charizard|Max Quake|p1b: Reshiram\n|-supereffective|p1b: Reshiram\n|-damage|p1b: Reshiram|40\/100\n|-boost|p2a: Whimsicott|spd|1\n|-boost|p2b: Charizard|spd|1\n|-damage|p2b: Charizard|65\/100|[from] item: Life Orb\n|\n|-weather|SunnyDay|[upkeep]\n|-damage|p2b: Charizard|59\/100|[from] ability: Solar Power|[of] p2b: Charizard\n|-damage|p1a: Amoonguss|84\/100|[from] G-Max Wildfire\n|upkeep\n|turn|3\n|\n|t:|1646753003\n|switch|p2a: Incineroar|Incineroar, L50, M|100\/100\n|-ability|p2a: Incineroar|Intimidate|boost\n|-unboost|p1a: Amoonguss|atk|1\n|-unboost|p1b: Reshiram|atk|1\n|move|p2b: Charizard|Max Guard|p2b: Charizard\n|-singleturn|p2b: Charizard|Max Guard\n|move|p1a: Amoonguss|Spore|p2b: Charizard\n|-activate|p2b: Charizard|move: Max Guard\n|move|p1b: Reshiram|Max Flare|p2a: Incineroar\n|-resisted|p2a: Incineroar\n|-damage|p2a: Incineroar|69\/100\n|\n|-weather|SunnyDay|[upkeep]\n|-damage|p2b: Charizard|53\/100|[from] ability: Solar Power|[of] p2b: Charizard\n|-damage|p1a: Amoonguss|68\/100|[from] G-Max Wildfire\n|-end|p2b: Charizard|Dynamax\n|-formechange|p2b: Charizard|Charizard\n|-heal|p2b: Charizard|53\/100|[silent]\n|upkeep\n|turn|4\n|\n|t:|1646753027\n|move|p2a: Incineroar|Fake Out|p1a: Amoonguss\n|-damage|p1a: Amoonguss|60\/100\n|cant|p1a: Amoonguss|flinch\n|move|p1b: Reshiram|Max Flare|p2b: Charizard\n|-resisted|p2b: Charizard\n|-damage|p2b: Charizard|0 fnt\n|faint|p2b: Charizard\n|\n|-weather|SunnyDay|[upkeep]\n|-damage|p1a: Amoonguss|43\/100|[from] G-Max Wildfire\n|-sideend|p1: Lothlorien2000|G-Max Wildfire\n|-end|p1b: Reshiram|Dynamax\n|-heal|p1b: Reshiram|40\/100|[silent]\n|upkeep\n|\n|t:|1646753045\n|switch|p2b: Zacian|Zacian-Crowned, L50, shiny|100\/100\n|-ability|p2b: Zacian|Intrepid Sword|boost\n|-boost|p2b: Zacian|atk|1\n|turn|5\n|\n|t:|1646753080\n|switch|p1a: Dusclops|Dusclops, L50, F|73\/100\n|-item|p2a: Incineroar|Assault Vest|[from] ability: Frisk|[of] p1a: Dusclops|[identify]\n|-item|p2b: Zacian|Rusted Sword|[from] ability: Frisk|[of] p1a: Dusclops|[identify]\n|move|p2b: Zacian|Protect|p2b: Zacian\n|-singleturn|p2b: Zacian|Protect\n|move|p2a: Incineroar|Flare Blitz|p1a: Dusclops\n|-damage|p1a: Dusclops|39\/100\n|-damage|p2a: Incineroar|60\/100|[from] Recoil\n|move|p1b: Reshiram|Earth Power|p2a: Incineroar\n|-supereffective|p2a: Incineroar\n|-damage|p2a: Incineroar|25\/100\n|\n|-weather|SunnyDay|[upkeep]\n|-fieldend|move: Trick Room\n|upkeep\n|turn|6\n|\n|t:|1646753133\n|move|p2b: Zacian|Behemoth Blade|p1b: Reshiram\n|-resisted|p1b: Reshiram\n|-damage|p1b: Reshiram|0 fnt\n|faint|p1b: Reshiram\n|move|p2a: Incineroar|Flare Blitz|p1a: Dusclops\n|-damage|p1a: Dusclops|2\/100\n|-damage|p2a: Incineroar|16\/100|[from] Recoil\n|move|p1a: Dusclops|Trick Room|p1a: Dusclops\n|-fieldstart|move: Trick Room|[of] p1a: Dusclops\n|\n|-weather|none\n|upkeep\n|\n|t:|1646753141\n|switch|p1b: Kyurem|Kyurem-White, L50|100\/100\n|-ability|p1b: Kyurem|Turboblaze\n|turn|7\n|\n|t:|1646753162\n|move|p2b: Zacian|Protect|p2b: Zacian\n|-singleturn|p2b: Zacian|Protect\n|move|p1a: Dusclops|Rock Tomb|p1b: Kyurem\n|-supereffective|p1b: Kyurem\n|-damage|p1b: Kyurem|84\/100\n|-unboost|p1b: Kyurem|spe|1\n|-enditem|p1b: Kyurem|Weakness Policy\n|-boost|p1b: Kyurem|atk|2|[from] item: Weakness Policy\n|-boost|p1b: Kyurem|spa|2|[from] item: Weakness Policy\n|move|p2a: Incineroar|Snarl|p1a: Dusclops|[spread] p1a,p1b\n|-supereffective|p1a: Dusclops\n|-crit|p1b: Kyurem\n|-damage|p1a: Dusclops|0 fnt\n|-damage|p1b: Kyurem|68\/100\n|-unboost|p1b: Kyurem|spa|1\n|faint|p1a: Dusclops\n|move|p1b: Kyurem|Earth Power|p2b: Zacian\n|-activate|p2b: Zacian|move: Protect\n|\n|upkeep\n|\n|t:|1646753164\n|switch|p1a: Amoonguss|Amoonguss, L50, M|76\/100\n|turn|8\n|\n|t:|1646753185\n|switch|p2b: Whimsicott|Whimsicott, L50, M|100\/100\n|move|p1a: Amoonguss|Spore|p2a: Incineroar\n|-status|p2a: Incineroar|slp|[from] move: Spore\n|cant|p2a: Incineroar|slp\n|move|p1b: Kyurem|Freeze-Dry|p2b: Whimsicott\n|-supereffective|p2b: Whimsicott\n|-enditem|p2b: Whimsicott|Focus Sash\n|-damage|p2b: Whimsicott|1\/100\n|\n|upkeep\n|turn|9\n|\n|t:|1646753220\n|move|p1a: Amoonguss|Foul Play|p2b: Whimsicott\n|-resisted|p2b: Whimsicott\n|-damage|p2b: Whimsicott|0 fnt\n|faint|p2b: Whimsicott\n|cant|p2a: Incineroar|slp\n|move|p1b: Kyurem|Earth Power|p2a: Incineroar\n|-supereffective|p2a: Incineroar\n|-damage|p2a: Incineroar|0 fnt\n|faint|p2a: Incineroar\n|\n|upkeep\n|\n|t:|1646753225\n|switch|p2b: Zacian|Zacian-Crowned, L50, shiny|100\/100\n|-ability|p2b: Zacian|Intrepid Sword|boost\n|-boost|p2b: Zacian|atk|1\n|turn|10\n|\n|t:|1646753238\n|move|p2b: Zacian|Protect|p2b: Zacian\n|-singleturn|p2b: Zacian|Protect\n|move|p1a: Amoonguss|Spore|p2b: Zacian\n|-activate|p2b: Zacian|move: Protect\n|move|p1b: Kyurem|Earth Power|p2b: Zacian\n|-activate|p2b: Zacian|move: Protect\n|\n|-fieldend|move: Trick Room\n|upkeep\n|turn|11\n|\n|t:|1646753247\n|move|p1a: Amoonguss|Rage Powder|p1a: Amoonguss\n|-singleturn|p1a: Amoonguss|move: Rage Powder\n|move|p2b: Zacian|Behemoth Blade|p1a: Amoonguss\n|-damage|p1a: Amoonguss|0 fnt\n|faint|p1a: Amoonguss\n|move|p1b: Kyurem|Earth Power|p2b: Zacian\n|-supereffective|p2b: Zacian\n|-damage|p2b: Zacian|1\/100\n|\n|upkeep\n|turn|12\n|c|\u2606pokeda|gg\n|\n|t:|1646753281\n|move|p2b: Zacian|Behemoth Blade|p1b: Kyurem\n|-supereffective|p1b: Kyurem\n|-damage|p1b: Kyurem|0 fnt\n|faint|p1b: Kyurem\n|\n|win|pokeda\n|c|\u2606Lothlorien2000|gg\n|l|\u2606Lothlorien2000\n|j|\u2606Lothlorien2000\n|player|p1|Lothlorien2000|steven\n","uploadtime":1646753430,"views":46,"p1id":"lothlorien2000","p2id":"pokeda","formatid":"gen8vgc2022","rating":0,"private":0,"password":null}