{"id":"gen8ou-1701566548","p1":"minimax_ai","p2":"machugen","format":"gen8ou","log":"|j|\u2606minimax_ai\n|j|\u2606machugen\n|t:|1667463950\n|gametype|singles\n|player|p1|minimax_ai|lusamine-nihilego|1741\n|player|p2|machugen|brock-gen1rb|1729\n|teamsize|p1|6\n|teamsize|p2|6\n|gen|8\n|tier|[Gen 8] OU\n|rated|\n|rule|Sleep Clause Mod: Limit one foe put to sleep\n|rule|Species Clause: Limit one of each Pok\u00e9mon\n|rule|OHKO Clause: OHKO moves are banned\n|rule|Evasion Items Clause: Evasion items are banned\n|rule|Evasion Moves Clause: Evasion moves are banned\n|rule|Endless Battle Clause: Forcing endless battles is banned\n|rule|HP Percentage Mod: HP is shown in percentages\n|rule|Dynamax Clause: You cannot dynamax\n|clearpoke\n|poke|p1|Rotom-Wash|\n|poke|p1|Weavile, M|\n|poke|p1|Landorus-Therian, M|\n|poke|p1|Heatran, M|\n|poke|p1|Tangrowth, F|\n|poke|p1|Melmetal|\n|poke|p2|Weavile, M|\n|poke|p2|Volcarona, F|\n|poke|p2|Magnezone|\n|poke|p2|Kartana|\n|poke|p2|Tapu Fini|\n|poke|p2|Landorus-Therian, M|\n|teampreview\n|c|\u2606minimax_ai|hf\n|inactive|Battle timer is ON: inactive players will automatically lose when time's up. (requested by minimax_ai)\n|\n|t:|1667463960\n|start\n|switch|p1a: landorustherian|Landorus-Therian, M|100\/100\n|switch|p2a: Magnezone|Magnezone|100\/100\n|-ability|p1a: landorustherian|Intimidate|boost\n|-unboost|p2a: Magnezone|atk|1\n|turn|1\n|\n|t:|1667463965\n|switch|p2a: Landorus|Landorus-Therian, M|100\/100\n|-ability|p2a: Landorus|Intimidate|boost\n|-unboost|p1a: landorustherian|atk|1\n|move|p1a: landorustherian|U-turn|p2a: Landorus\n|-resisted|p2a: Landorus\n|-damage|p2a: Landorus|93\/100\n|\n|t:|1667463965\n|switch|p1a: Weavile|Weavile, M|100\/100|[from]move: U-turn\n|-ability|p1a: Weavile|Pressure\n|\n|-heal|p2a: Landorus|99\/100|[from] item: Leftovers\n|upkeep\n|turn|2\n|j| Bunrphenix\n|\n|t:|1667463974\n|move|p1a: Weavile|Triple Axel|p2a: Landorus\n|-supereffective|p2a: Landorus\n|-damage|p2a: Landorus|41\/100\n|-supereffective|p2a: Landorus\n|-damage|p2a: Landorus|0 fnt\n|faint|p2a: Landorus\n|-hitcount|p2: Landorus|2\n|\n|upkeep\n|\n|t:|1667463978\n|switch|p2a: Volcarona|Volcarona, F|100\/100\n|turn|3\n|\n|t:|1667463982\n|switch|p1a: landorustherian|Landorus-Therian, M|100\/100\n|-ability|p1a: landorustherian|Intimidate|boost\n|-unboost|p2a: Volcarona|atk|1\n|switch|p2a: Magnezone|Magnezone|100\/100\n|\n|upkeep\n|turn|4\n|\n|t:|1667463985\n|switch|p2a: Tapu Fini|Tapu Fini, shiny|100\/100\n|-fieldstart|move: Misty Terrain|[from] ability: Misty Surge|[of] p2a: Tapu Fini\n|move|p1a: landorustherian|Earthquake|p2a: Tapu Fini\n|-damage|p2a: Tapu Fini|65\/100\n|\n|-heal|p2a: Tapu Fini|71\/100|[from] item: Leftovers\n|upkeep\n|turn|5\n|\n|t:|1667463989\n|switch|p1a: Melmetal|Melmetal|100\/100\n|move|p2a: Tapu Fini|Calm Mind|p2a: Tapu Fini\n|-boost|p2a: Tapu Fini|spa|1\n|-boost|p2a: Tapu Fini|spd|1\n|\n|-heal|p2a: Tapu Fini|77\/100|[from] item: Leftovers\n|upkeep\n|turn|6\n|\n|t:|1667463995\n|switch|p2a: Kartana|Kartana, shiny|100\/100\n|move|p1a: Melmetal|Double Iron Bash|p2a: Kartana\n|-resisted|p2a: Kartana\n|-damage|p2a: Kartana|80\/100\n|-resisted|p2a: Kartana\n|-damage|p2a: Kartana|60\/100\n|-hitcount|p2a: Kartana|2\n|\n|upkeep\n|turn|7\n|\n|t:|1667463999\n|switch|p1a: Tangrowth|Tangrowth, F|100\/100\n|move|p2a: Kartana|Knock Off|p1a: Tangrowth\n|-damage|p1a: Tangrowth|79\/100\n|-damage|p2a: Kartana|44\/100|[from] item: Rocky Helmet|[of] p1a: Tangrowth\n|-enditem|p1a: Tangrowth|Rocky Helmet|[from] move: Knock Off|[of] p2a: Kartana\n|\n|upkeep\n|turn|8\n|\n|t:|1667464008\n|switch|p2a: Weavile|Weavile, M|100\/100\n|-ability|p2a: Weavile|Pressure\n|switch|p1a: Melmetal|Melmetal|100\/100\n|\n|-fieldend|Misty Terrain\n|upkeep\n|turn|9\n|\n|t:|1667464013\n|switch|p2a: Tapu Fini|Tapu Fini, shiny|77\/100\n|-fieldstart|move: Misty Terrain|[from] ability: Misty Surge|[of] p2a: Tapu Fini\n|move|p1a: Melmetal|Double Iron Bash|p2a: Tapu Fini\n|-damage|p2a: Tapu Fini|49\/100\n|-damage|p2a: Tapu Fini|17\/100\n|-hitcount|p2a: Tapu Fini|2\n|\n|-heal|p2a: Tapu Fini|24\/100|[from] item: Leftovers\n|upkeep\n|turn|10\n|\n|t:|1667464014\n|move|p2a: Tapu Fini|Scald|p1a: Melmetal\n|-crit|p1a: Melmetal\n|-damage|p1a: Melmetal|79\/100\n|move|p1a: Melmetal|Earthquake|p2a: Tapu Fini\n|-damage|p2a: Tapu Fini|0 fnt\n|faint|p2a: Tapu Fini\n|\n|upkeep\n|\n|t:|1667464018\n|switch|p2a: Volcarona|Volcarona, F|100\/100\n|turn|11\n|\n|t:|1667464020\n|switch|p1a: landorustherian|Landorus-Therian, M|100\/100\n|-ability|p1a: landorustherian|Intimidate|boost\n|-unboost|p2a: Volcarona|atk|1\n|move|p2a: Volcarona|Quiver Dance|p2a: Volcarona\n|-boost|p2a: Volcarona|spa|1\n|-boost|p2a: Volcarona|spd|1\n|-boost|p2a: Volcarona|spe|1\n|\n|upkeep\n|turn|12\n|\n|t:|1667464022\n|move|p2a: Volcarona|Quiver Dance|p2a: Volcarona\n|-boost|p2a: Volcarona|spa|1\n|-boost|p2a: Volcarona|spd|1\n|-boost|p2a: Volcarona|spe|1\n|move|p1a: landorustherian|Earthquake|p2a: Volcarona\n|-damage|p2a: Volcarona|36\/100\n|\n|upkeep\n|turn|13\n|\n|t:|1667464023\n|move|p2a: Volcarona|Flamethrower|p1a: landorustherian\n|-damage|p1a: landorustherian|27\/100\n|-status|p1a: landorustherian|brn\n|move|p1a: landorustherian|Earthquake|p2a: Volcarona\n|-damage|p2a: Volcarona|1\/100\n|\n|-heal|p1a: landorustherian|33\/100 brn|[from] item: Leftovers\n|-damage|p1a: landorustherian|27\/100 brn|[from] brn\n|-fieldend|Misty Terrain\n|upkeep\n|turn|14\n|\n|t:|1667464027\n|switch|p1a: Heatran|Heatran, M|100\/100\n|-item|p1a: Heatran|Air Balloon\n|move|p2a: Volcarona|Giga Drain|p1a: Heatran\n|-resisted|p1a: Heatran\n|-damage|p1a: Heatran|87\/100\n|-heal|p2a: Volcarona|8\/100|[from] drain|[of] p1a: Heatran\n|-enditem|p1a: Heatran|Air Balloon\n|\n|upkeep\n|turn|15\n|\n|t:|1667464030\n|switch|p2a: Kartana|Kartana, shiny|44\/100\n|move|p1a: Heatran|Stealth Rock|p2a: Kartana\n|-sidestart|p2: machugen|move: Stealth Rock\n|\n|upkeep\n|turn|16\n|\n|t:|1667464032\n|move|p2a: Kartana|Sacred Sword|p1a: Heatran\n|-supereffective|p1a: Heatran\n|-damage|p1a: Heatran|13\/100\n|move|p1a: Heatran|Eruption|p2a: Kartana\n|-supereffective|p2a: Kartana\n|-damage|p2a: Kartana|0 fnt\n|faint|p2a: Kartana\n|\n|upkeep\n|\n|t:|1667464042\n|switch|p2a: Magnezone|Magnezone|100\/100\n|-damage|p2a: Magnezone|94\/100|[from] Stealth Rock\n|turn|17\n|\n|t:|1667464044\n|move|p1a: Heatran|Magma Storm|p2a: Magnezone|[miss]\n|-miss|p1a: Heatran|p2a: Magnezone\n|move|p2a: Magnezone|Volt Switch|p1a: Heatran\n|-damage|p1a: Heatran|0 fnt\n|faint|p1a: Heatran\n|\n|t:|1667464047\n|switch|p2a: Weavile|Weavile, M|100\/100|[from]move: Volt Switch\n|-ability|p2a: Weavile|Pressure\n|\n|upkeep\n|\n|t:|1667464047\n|switch|p1a: Tangrowth|Tangrowth, F|100\/100\n|turn|18\n|\n|t:|1667464054\n|move|p2a: Weavile|Triple Axel|p1a: Tangrowth\n|-supereffective|p1a: Tangrowth\n|-crit|p1a: Tangrowth\n|-damage|p1a: Tangrowth|85\/100\n|-supereffective|p1a: Tangrowth\n|-damage|p1a: Tangrowth|64\/100\n|-supereffective|p1a: Tangrowth\n|-damage|p1a: Tangrowth|31\/100\n|-hitcount|p1a: Tangrowth|3\n|move|p1a: Tangrowth|Focus Blast|p2a: Weavile\n|-supereffective|p2a: Weavile\n|-damage|p2a: Weavile|0 fnt\n|faint|p2a: Weavile\n|\n|upkeep\n|\n|t:|1667464060\n|switch|p2a: Volcarona|Volcarona, F|8\/100\n|turn|19\n|\n|t:|1667464062\n|switch|p1a: Melmetal|Melmetal|79\/100\n|move|p2a: Volcarona|Quiver Dance|p2a: Volcarona\n|-boost|p2a: Volcarona|spa|1\n|-boost|p2a: Volcarona|spd|1\n|-boost|p2a: Volcarona|spe|1\n|\n|upkeep\n|turn|20\n|\n|t:|1667464065\n|move|p2a: Volcarona|Flamethrower|p1a: Melmetal\n|-supereffective|p1a: Melmetal\n|-damage|p1a: Melmetal|0 fnt\n|faint|p1a: Melmetal\n|\n|upkeep\n|\n|t:|1667464065\n|switch|p1a: Weavile|Weavile, M|100\/100\n|-ability|p1a: Weavile|Pressure\n|turn|21\n|\n|t:|1667464068\n|switch|p2a: Magnezone|Magnezone|94\/100\n|-damage|p2a: Magnezone|88\/100|[from] Stealth Rock\n|move|p1a: Weavile|Ice Shard|p2a: Magnezone\n|-resisted|p2a: Magnezone\n|-damage|p2a: Magnezone|75\/100\n|\n|upkeep\n|turn|22\n|\n|t:|1667464072\n|switch|p1a: landorustherian|Landorus-Therian, M|27\/100 brn\n|-ability|p1a: landorustherian|Intimidate|boost\n|-unboost|p2a: Magnezone|atk|1\n|move|p2a: Magnezone|Flash Cannon|p1a: landorustherian\n|-damage|p1a: landorustherian|0 fnt\n|faint|p1a: landorustherian\n|\n|upkeep\n|\n|t:|1667464073\n|switch|p1a: Weavile|Weavile, M|100\/100\n|-ability|p1a: Weavile|Pressure\n|turn|23\n|\n|t:|1667464075\n|move|p1a: Weavile|Knock Off|p2a: Magnezone\n|-damage|p2a: Magnezone|16\/100\n|-enditem|p2a: Magnezone|Assault Vest|[from] move: Knock Off|[of] p1a: Weavile\n|move|p2a: Magnezone|Flash Cannon|p1a: Weavile\n|-supereffective|p1a: Weavile\n|-damage|p1a: Weavile|0 fnt\n|faint|p1a: Weavile\n|\n|upkeep\n|\n|t:|1667464075\n|switch|p1a: rotomwash|Rotom-Wash|100\/100\n|turn|24\n|\n|t:|1667464079\n|move|p1a: rotomwash|Thunderbolt|p2a: Magnezone\n|-resisted|p2a: Magnezone\n|-damage|p2a: Magnezone|2\/100\n|move|p2a: Magnezone|Volt Switch|p1a: rotomwash\n|-damage|p1a: rotomwash|70\/100\n|\n|t:|1667464081\n|switch|p2a: Volcarona|Volcarona, F|8\/100|[from]move: Volt Switch\n|\n|-heal|p1a: rotomwash|76\/100|[from] item: Leftovers\n|upkeep\n|turn|25\n|\n|t:|1667464085\n|move|p2a: Volcarona|Giga Drain|p1a: rotomwash\n|-supereffective|p1a: rotomwash\n|-crit|p1a: rotomwash\n|-damage|p1a: rotomwash|0 fnt\n|-heal|p2a: Volcarona|45\/100|[from] drain|[of] p1a: rotomwash\n|faint|p1a: rotomwash\n|\n|upkeep\n|\n|t:|1667464085\n|switch|p1a: Tangrowth|Tangrowth, F|64\/100\n|turn|26\n|\n|t:|1667464087\n|move|p2a: Volcarona|Flamethrower|p1a: Tangrowth\n|-supereffective|p1a: Tangrowth\n|-damage|p1a: Tangrowth|0 fnt\n|faint|p1a: Tangrowth\n|\n|win|machugen\n|raw|minimax_ai's rating: 1741 &rarr; <strong>1720<\/strong><br \/>(-21 for losing)\n|raw|machugen's rating: 1729 &rarr; <strong>1750<\/strong><br \/>(+21 for winning)\n|c|\u2606minimax_ai|gg\n|l|\u2606minimax_ai\n","uploadtime":1667464089,"views":8,"p1id":"minimaxai","p2id":"machugen","formatid":"gen8ou","rating":1720,"private":0,"password":null}