{"id":"gen8ou-1647363915","p1":"Ackquille Pollard","p2":"jeandonis02","format":"gen8ou","log":"|j|\u2606Ackquille Pollard\n|j|\u2606jeandonis02\n|t:|1661371354\n|gametype|singles\n|player|p1|Ackquille Pollard|pokemaniac|1645\n|player|p2|jeandonis02|lucas|1653\n|teamsize|p1|6\n|teamsize|p2|6\n|gen|8\n|tier|[Gen 8] OU\n|rated|\n|rule|Sleep Clause Mod: Limit one foe put to sleep\n|rule|Species Clause: Limit one of each Pok\u00e9mon\n|rule|OHKO Clause: OHKO moves are banned\n|rule|Evasion Items Clause: Evasion items are banned\n|rule|Evasion Moves Clause: Evasion moves are banned\n|rule|Endless Battle Clause: Forcing endless battles is banned\n|rule|HP Percentage Mod: HP is shown in percentages\n|rule|Dynamax Clause: You cannot dynamax\n|clearpoke\n|poke|p1|Moltres-Galar|\n|poke|p1|Kartana|\n|poke|p1|Magnezone|\n|poke|p1|Tapu Bulu|\n|poke|p1|Dragonite, M|\n|poke|p1|Blissey, F|\n|poke|p2|Zeraora|\n|poke|p2|Toxapex, F|\n|poke|p2|Garchomp, M|\n|poke|p2|Rotom-Wash|\n|poke|p2|Ferrothorn, M|\n|poke|p2|Charizard, M|\n|teampreview\n|inactive|Battle timer is ON: inactive players will automatically lose when time's up. (requested by Ackquille Pollard)\n|\n|t:|1661371366\n|start\n|switch|p1a: A Landlord|Tapu Bulu|100\/100\n|switch|p2a: Charizard|Charizard, M|100\/100\n|-fieldstart|move: Grassy Terrain|[from] ability: Grassy Surge|[of] p1a: A Landlord\n|turn|1\n|\n|t:|1661371373\n|move|p2a: Charizard|Belly Drum|p2a: Charizard\n|-damage|p2a: Charizard|50\/100\n|-setboost|p2a: Charizard|atk|6|[from] move: Belly Drum\n|-enditem|p2a: Charizard|Sitrus Berry|[eat]\n|-heal|p2a: Charizard|75\/100|[from] item: Sitrus Berry\n|move|p1a: A Landlord|Leech Seed|p2a: Charizard\n|-start|p2a: Charizard|move: Leech Seed\n|\n|-damage|p2a: Charizard|63\/100|[from] Leech Seed|[of] p1a: A Landlord\n|upkeep\n|turn|2\n|\n|t:|1661371377\n|switch|p1a: Ord|Dragonite, M, shiny|100\/100\n|move|p2a: Charizard|Acrobatics|p1a: Ord\n|-damage|p1a: Ord|45\/100\n|\n|-damage|p2a: Charizard|50\/100|[from] Leech Seed|[of] p1a: Ord\n|-heal|p1a: Ord|56\/100|[silent]\n|upkeep\n|turn|3\n|\n|t:|1661371382\n|switch|p1a: Scottie 2 Hottie|Magnezone|100\/100\n|move|p2a: Charizard|Acrobatics|p1a: Scottie 2 Hottie\n|-resisted|p1a: Scottie 2 Hottie\n|-damage|p1a: Scottie 2 Hottie|76\/100\n|\n|-heal|p1a: Scottie 2 Hottie|82\/100|[from] Grassy Terrain\n|-heal|p1a: Scottie 2 Hottie|88\/100|[from] item: Leftovers\n|-damage|p2a: Charizard|38\/100|[from] Leech Seed|[of] p1a: Scottie 2 Hottie\n|-heal|p1a: Scottie 2 Hottie|99\/100|[silent]\n|upkeep\n|turn|4\n|\n|t:|1661371387\n|switch|p1a: Ord|Dragonite, M, shiny|56\/100\n|move|p2a: Charizard|Flame Charge|p1a: Ord\n|-resisted|p1a: Ord\n|-damage|p1a: Ord|29\/100\n|-boost|p2a: Charizard|spe|1\n|\n|-damage|p2a: Charizard|26\/100|[from] Leech Seed|[of] p1a: Ord\n|-heal|p1a: Ord|40\/100|[silent]\n|upkeep\n|turn|5\n|\n|t:|1661371392\n|move|p2a: Charizard|Roost|p2a: Charizard\n|-heal|p2a: Charizard|76\/100\n|-singleturn|p2a: Charizard|move: Roost\n|move|p1a: Ord|Roost|p1a: Ord\n|-heal|p1a: Ord|90\/100\n|-singleturn|p1a: Ord|move: Roost\n|\n|-heal|p2a: Charizard|82\/100|[from] Grassy Terrain\n|-heal|p1a: Ord|96\/100|[from] Grassy Terrain\n|-damage|p2a: Charizard|69\/100|[from] Leech Seed|[of] p1a: Ord\n|-heal|p1a: Ord|100\/100|[silent]\n|-fieldend|move: Grassy Terrain\n|upkeep\n|turn|6\n|\n|t:|1661371395\n|move|p2a: Charizard|Acrobatics|p1a: Ord\n|-damage|p1a: Ord|45\/100\n|move|p1a: Ord|Dual Wingbeat|p2a: Charizard\n|-damage|p2a: Charizard|48\/100\n|-damage|p2a: Charizard|25\/100\n|-hitcount|p2a: Charizard|2\n|\n|-damage|p2a: Charizard|13\/100|[from] Leech Seed|[of] p1a: Ord\n|-heal|p1a: Ord|56\/100|[silent]\n|upkeep\n|turn|7\n|\n|t:|1661371402\n|move|p2a: Charizard|Flame Charge|p1a: Ord\n|-resisted|p1a: Ord\n|-damage|p1a: Ord|14\/100\n|-boost|p2a: Charizard|spe|1\n|move|p1a: Ord|Roost|p1a: Ord\n|-heal|p1a: Ord|64\/100\n|-singleturn|p1a: Ord|move: Roost\n|\n|-damage|p2a: Charizard|0 fnt|[from] Leech Seed|[of] p1a: Ord\n|-heal|p1a: Ord|75\/100|[silent]\n|faint|p2a: Charizard\n|upkeep\n|\n|t:|1661371409\n|switch|p2a: Garchomp|Garchomp, M|100\/100\n|turn|8\n|\n|t:|1661371413\n|switch|p1a: A Landlord|Tapu Bulu|100\/100\n|-fieldstart|move: Grassy Terrain|[from] ability: Grassy Surge|[of] p1a: A Landlord\n|move|p2a: Garchomp|Iron Head|p1a: A Landlord\n|-supereffective|p1a: A Landlord\n|-damage|p1a: A Landlord|31\/100\n|\n|-heal|p1a: A Landlord|37\/100|[from] Grassy Terrain\n|-heal|p1a: A Landlord|43\/100|[from] item: Leftovers\n|upkeep\n|turn|9\n|\n|t:|1661371421\n|switch|p1a: O.T. Genasis|Kartana|100\/100\n|move|p2a: Garchomp|Iron Head|p1a: O.T. Genasis\n|-resisted|p1a: O.T. Genasis\n|-damage|p1a: O.T. Genasis|83\/100\n|\n|-heal|p1a: O.T. Genasis|89\/100|[from] Grassy Terrain\n|upkeep\n|turn|10\n|\n|t:|1661371424\n|switch|p1a: Scottie 2 Hottie|Magnezone|99\/100\n|switch|p2a: Ferrothorn|Ferrothorn, M|100\/100\n|\n|-heal|p1a: Scottie 2 Hottie|100\/100|[from] Grassy Terrain\n|upkeep\n|turn|11\n|\n|t:|1661371426\n|move|p1a: Scottie 2 Hottie|Substitute|p1a: Scottie 2 Hottie\n|-start|p1a: Scottie 2 Hottie|Substitute\n|-damage|p1a: Scottie 2 Hottie|76\/100\n|move|p2a: Ferrothorn|Leech Seed||[still]\n|-fail|p2a: Ferrothorn\n|\n|-heal|p1a: Scottie 2 Hottie|82\/100|[from] Grassy Terrain\n|-heal|p1a: Scottie 2 Hottie|88\/100|[from] item: Leftovers\n|upkeep\n|turn|12\n|\n|t:|1661371429\n|move|p1a: Scottie 2 Hottie|Iron Defense|p1a: Scottie 2 Hottie\n|-boost|p1a: Scottie 2 Hottie|def|2\n|move|p2a: Ferrothorn|Stealth Rock|p1a: Scottie 2 Hottie\n|-sidestart|p1: Ackquille Pollard|move: Stealth Rock\n|\n|-heal|p1a: Scottie 2 Hottie|94\/100|[from] Grassy Terrain\n|-heal|p1a: Scottie 2 Hottie|99\/100|[from] item: Leftovers\n|-fieldend|move: Grassy Terrain\n|upkeep\n|turn|13\n|\n|t:|1661371430\n|move|p1a: Scottie 2 Hottie|Iron Defense|p1a: Scottie 2 Hottie\n|-boost|p1a: Scottie 2 Hottie|def|2\n|move|p2a: Ferrothorn|Gyro Ball|p1a: Scottie 2 Hottie\n|-resisted|p1a: Scottie 2 Hottie\n|-activate|p1a: Scottie 2 Hottie|move: Substitute|[damage]\n|\n|-heal|p1a: Scottie 2 Hottie|100\/100|[from] item: Leftovers\n|upkeep\n|turn|14\n|\n|t:|1661371432\n|move|p1a: Scottie 2 Hottie|Iron Defense|p1a: Scottie 2 Hottie\n|-boost|p1a: Scottie 2 Hottie|def|2\n|move|p2a: Ferrothorn|Gyro Ball|p1a: Scottie 2 Hottie\n|-resisted|p1a: Scottie 2 Hottie\n|-crit|p1a: Scottie 2 Hottie\n|-activate|p1a: Scottie 2 Hottie|move: Substitute|[damage]\n|\n|upkeep\n|turn|15\n|\n|t:|1661371436\n|move|p1a: Scottie 2 Hottie|Thunderbolt|p2a: Ferrothorn\n|-resisted|p2a: Ferrothorn\n|-damage|p2a: Ferrothorn|85\/100\n|-status|p2a: Ferrothorn|par\n|move|p2a: Ferrothorn|Gyro Ball|p1a: Scottie 2 Hottie\n|-resisted|p1a: Scottie 2 Hottie\n|-activate|p1a: Scottie 2 Hottie|move: Substitute|[damage]\n|\n|upkeep\n|turn|16\n|\n|t:|1661371440\n|move|p1a: Scottie 2 Hottie|Thunderbolt|p2a: Ferrothorn\n|-resisted|p2a: Ferrothorn\n|-damage|p2a: Ferrothorn|69\/100 par\n|move|p2a: Ferrothorn|Gyro Ball|p1a: Scottie 2 Hottie\n|-resisted|p1a: Scottie 2 Hottie\n|-activate|p1a: Scottie 2 Hottie|move: Substitute|[damage]\n|\n|upkeep\n|turn|17\n|\n|t:|1661371442\n|move|p1a: Scottie 2 Hottie|Thunderbolt|p2a: Ferrothorn\n|-resisted|p2a: Ferrothorn\n|-damage|p2a: Ferrothorn|51\/100 par\n|move|p2a: Ferrothorn|Gyro Ball|p1a: Scottie 2 Hottie\n|-resisted|p1a: Scottie 2 Hottie\n|-activate|p1a: Scottie 2 Hottie|move: Substitute|[damage]\n|\n|upkeep\n|turn|18\n|\n|t:|1661371447\n|move|p1a: Scottie 2 Hottie|Thunderbolt|p2a: Ferrothorn\n|-resisted|p2a: Ferrothorn\n|-damage|p2a: Ferrothorn|34\/100 par\n|move|p2a: Ferrothorn|Gyro Ball|p1a: Scottie 2 Hottie\n|-resisted|p1a: Scottie 2 Hottie\n|-activate|p1a: Scottie 2 Hottie|move: Substitute|[damage]\n|\n|upkeep\n|turn|19\n|\n|t:|1661371450\n|move|p1a: Scottie 2 Hottie|Thunderbolt|p2a: Ferrothorn\n|-resisted|p2a: Ferrothorn\n|-crit|p2a: Ferrothorn\n|-damage|p2a: Ferrothorn|8\/100 par\n|move|p2a: Ferrothorn|Gyro Ball|p1a: Scottie 2 Hottie\n|-resisted|p1a: Scottie 2 Hottie\n|-activate|p1a: Scottie 2 Hottie|move: Substitute|[damage]\n|\n|upkeep\n|turn|20\n|\n|t:|1661371459\n|move|p1a: Scottie 2 Hottie|Iron Defense|p1a: Scottie 2 Hottie\n|-boost|p1a: Scottie 2 Hottie|def|0\n|move|p2a: Ferrothorn|Gyro Ball|p1a: Scottie 2 Hottie\n|-resisted|p1a: Scottie 2 Hottie\n|-activate|p1a: Scottie 2 Hottie|move: Substitute|[damage]\n|\n|upkeep\n|turn|21\n|\n|t:|1661371463\n|move|p1a: Scottie 2 Hottie|Thunderbolt|p2a: Ferrothorn\n|-resisted|p2a: Ferrothorn\n|-damage|p2a: Ferrothorn|0 fnt\n|faint|p2a: Ferrothorn\n|\n|upkeep\n|\n|t:|1661371465\n|switch|p2a: Toxapex|Toxapex, F|100\/100\n|turn|22\n|\n|t:|1661371467\n|move|p1a: Scottie 2 Hottie|Thunderbolt|p2a: Toxapex\n|-supereffective|p2a: Toxapex\n|-damage|p2a: Toxapex|54\/100\n|move|p2a: Toxapex|Haze|p2a: Toxapex\n|-clearallboost\n|\n|-heal|p2a: Toxapex|61\/100|[from] item: Black Sludge\n|upkeep\n|turn|23\n|\n|t:|1661371471\n|move|p1a: Scottie 2 Hottie|Thunderbolt|p2a: Toxapex\n|-supereffective|p2a: Toxapex\n|-damage|p2a: Toxapex|9\/100\n|move|p2a: Toxapex|Scald|p1a: Scottie 2 Hottie\n|-end|p1a: Scottie 2 Hottie|Substitute\n|\n|-heal|p2a: Toxapex|16\/100|[from] item: Black Sludge\n|upkeep\n|turn|24\n|\n|t:|1661371479\n|move|p1a: Scottie 2 Hottie|Body Press|p2a: Toxapex\n|-resisted|p2a: Toxapex\n|-damage|p2a: Toxapex|4\/100\n|move|p2a: Toxapex|Scald|p1a: Scottie 2 Hottie\n|-damage|p1a: Scottie 2 Hottie|82\/100\n|\n|-heal|p1a: Scottie 2 Hottie|88\/100|[from] item: Leftovers\n|-heal|p2a: Toxapex|10\/100|[from] item: Black Sludge\n|upkeep\n|turn|25\n|\n|t:|1661371484\n|switch|p2a: Garchomp|Garchomp, M|100\/100\n|move|p1a: Scottie 2 Hottie|Body Press|p2a: Garchomp\n|-damage|p2a: Garchomp|74\/100\n|-damage|p1a: Scottie 2 Hottie|76\/100|[from] ability: Rough Skin|[of] p2a: Garchomp\n|\n|-heal|p1a: Scottie 2 Hottie|82\/100|[from] item: Leftovers\n|upkeep\n|turn|26\n|\n|t:|1661371488\n|switch|p1a: A Landlord|Tapu Bulu|43\/100\n|-damage|p1a: A Landlord|31\/100|[from] Stealth Rock\n|-fieldstart|move: Grassy Terrain|[from] ability: Grassy Surge|[of] p1a: A Landlord\n|move|p2a: Garchomp|Fire Fang|p1a: A Landlord\n|-supereffective|p1a: A Landlord\n|-damage|p1a: A Landlord|0 fnt\n|faint|p1a: A Landlord\n|\n|-heal|p2a: Garchomp|81\/100|[from] Grassy Terrain\n|upkeep\n|\n|t:|1661371493\n|switch|p1a: Ord|Dragonite, M, shiny|75\/100\n|turn|27\n|\n|t:|1661371496\n|switch|p2a: Rotom|Rotom-Wash|100\/100\n|move|p1a: Ord|Defog|p2a: Rotom\n|-unboost|p2a: Rotom|evasion|1\n|-sideend|p1: Ackquille Pollard|Stealth Rock|[from] move: Defog|[of] p1a: Ord\n|-fieldend|move: Grassy Terrain\n|\n|upkeep\n|turn|28\n|\n|t:|1661371499\n|switch|p1a: Blissey|Blissey, F|100\/100\n|move|p2a: Rotom|Volt Switch|p1a: Blissey\n|-damage|p1a: Blissey|91\/100\n|\n|t:|1661371501\n|switch|p2a: Garchomp|Garchomp, M|81\/100|[from]move: Volt Switch\n|\n|upkeep\n|turn|29\n|\n|t:|1661371506\n|switch|p1a: Scottie 2 Hottie|Magnezone|82\/100\n|move|p2a: Garchomp|Outrage|p1a: Scottie 2 Hottie\n|-resisted|p1a: Scottie 2 Hottie\n|-damage|p1a: Scottie 2 Hottie|49\/100\n|\n|-heal|p1a: Scottie 2 Hottie|55\/100|[from] item: Leftovers\n|upkeep\n|turn|30\n|\n|t:|1661371511\n|move|p2a: Garchomp|Outrage|p1a: Scottie 2 Hottie|[from]lockedmove\n|-resisted|p1a: Scottie 2 Hottie\n|-damage|p1a: Scottie 2 Hottie|24\/100\n|-start|p2a: Garchomp|confusion|[fatigue]\n|move|p1a: Scottie 2 Hottie|Iron Defense|p1a: Scottie 2 Hottie\n|-boost|p1a: Scottie 2 Hottie|def|2\n|\n|-heal|p1a: Scottie 2 Hottie|30\/100|[from] item: Leftovers\n|upkeep\n|turn|31\n|\n|t:|1661371516\n|switch|p2a: Rotom|Rotom-Wash|100\/100\n|move|p1a: Scottie 2 Hottie|Body Press|p2a: Rotom\n|-damage|p2a: Rotom|51\/100\n|\n|-heal|p2a: Rotom|57\/100|[from] item: Leftovers\n|-heal|p1a: Scottie 2 Hottie|36\/100|[from] item: Leftovers\n|upkeep\n|turn|32\n|\n|t:|1661371518\n|move|p2a: Rotom|Hydro Pump|p1a: Scottie 2 Hottie\n|-damage|p1a: Scottie 2 Hottie|0 fnt\n|faint|p1a: Scottie 2 Hottie\n|\n|-heal|p2a: Rotom|63\/100|[from] item: Leftovers\n|upkeep\n|\n|t:|1661371522\n|switch|p1a: O.T. Genasis|Kartana|89\/100\n|turn|33\n|\n|t:|1661371533\n|move|p1a: O.T. Genasis|Swords Dance|p1a: O.T. Genasis\n|-boost|p1a: O.T. Genasis|atk|2\n|move|p2a: Rotom|Will-O-Wisp|p1a: O.T. Genasis\n|-status|p1a: O.T. Genasis|brn\n|\n|-heal|p2a: Rotom|70\/100|[from] item: Leftovers\n|-damage|p1a: O.T. Genasis|83\/100 brn|[from] brn\n|upkeep\n|turn|34\n|\n|t:|1661371541\n|move|p1a: O.T. Genasis|Swords Dance|p1a: O.T. Genasis\n|-boost|p1a: O.T. Genasis|atk|2\n|move|p2a: Rotom|Volt Switch|p1a: O.T. Genasis\n|-resisted|p1a: O.T. Genasis\n|-damage|p1a: O.T. Genasis|50\/100 brn\n|\n|t:|1661371542\n|switch|p2a: Zeraora|Zeraora|100\/100|[from]move: Volt Switch\n|\n|-damage|p1a: O.T. Genasis|44\/100 brn|[from] brn\n|upkeep\n|turn|35\n|\n|t:|1661371545\n|move|p2a: Zeraora|Close Combat|p1a: O.T. Genasis\n|-supereffective|p1a: O.T. Genasis\n|-enditem|p1a: O.T. Genasis|Chople Berry|[eat]\n|-enditem|p1a: O.T. Genasis|Chople Berry|[weaken]\n|-damage|p1a: O.T. Genasis|12\/100 brn\n|-unboost|p2a: Zeraora|def|1\n|-unboost|p2a: Zeraora|spd|1\n|move|p1a: O.T. Genasis|Leaf Blade|p2a: Zeraora\n|-crit|p2a: Zeraora\n|-enditem|p2a: Zeraora|Focus Sash\n|-damage|p2a: Zeraora|1\/100\n|\n|-damage|p1a: O.T. Genasis|6\/100 brn|[from] brn\n|upkeep\n|turn|36\n|\n|t:|1661371555\n|move|p2a: Zeraora|Knock Off|p1a: O.T. Genasis\n|-damage|p1a: O.T. Genasis|0 fnt\n|faint|p1a: O.T. Genasis\n|\n|upkeep\n|\n|t:|1661371559\n|switch|p1a: Blissey|Blissey, F|91\/100\n|turn|37\n|\n|t:|1661371562\n|switch|p2a: Toxapex|Toxapex, F|44\/100\n|move|p1a: Blissey|Stealth Rock|p2a: Toxapex\n|-sidestart|p2: jeandonis02|move: Stealth Rock\n|\n|-heal|p2a: Toxapex|50\/100|[from] item: Black Sludge\n|upkeep\n|turn|38\n|\n|t:|1661371567\n|move|p2a: Toxapex|Toxic|p1a: Blissey\n|-status|p1a: Blissey|tox\n|move|p1a: Blissey|Teleport|p1a: Blissey\n|\n|t:|1661371571\n|-curestatus|p1a: Blissey|tox|[from] ability: Natural Cure\n|switch|p1a: G Stands 4 Gets|Moltres-Galar|100\/100|[from]move: Teleport\n|\n|-heal|p2a: Toxapex|56\/100|[from] item: Black Sludge\n|upkeep\n|turn|39\n|\n|t:|1661371573\n|move|p1a: G Stands 4 Gets|Nasty Plot|p1a: G Stands 4 Gets\n|-boost|p1a: G Stands 4 Gets|spa|2\n|move|p2a: Toxapex|Toxic|p1a: G Stands 4 Gets\n|-status|p1a: G Stands 4 Gets|tox\n|\n|-heal|p2a: Toxapex|62\/100|[from] item: Black Sludge\n|-damage|p1a: G Stands 4 Gets|94\/100 tox|[from] psn\n|upkeep\n|turn|40\n|\n|t:|1661371575\n|move|p2a: Toxapex|Baneful Bunker|p2a: Toxapex\n|-singleturn|p2a: Toxapex|move: Protect\n|move|p1a: G Stands 4 Gets|Fiery Wrath|p2a: Toxapex\n|-activate|p2a: Toxapex|move: Protect\n|\n|-heal|p2a: Toxapex|69\/100|[from] item: Black Sludge\n|-damage|p1a: G Stands 4 Gets|82\/100 tox|[from] psn\n|upkeep\n|turn|41\n|\n|t:|1661371579\n|move|p1a: G Stands 4 Gets|Fiery Wrath|p2a: Toxapex\n|-damage|p2a: Toxapex|14\/100\n|move|p2a: Toxapex|Haze|p2a: Toxapex\n|-clearallboost\n|\n|-heal|p2a: Toxapex|21\/100|[from] item: Black Sludge\n|-damage|p1a: G Stands 4 Gets|63\/100 tox|[from] psn\n|upkeep\n|turn|42\n|\n|t:|1661371591\n|switch|p2a: Rotom|Rotom-Wash|70\/100\n|-damage|p2a: Rotom|57\/100|[from] Stealth Rock\n|move|p1a: G Stands 4 Gets|Nasty Plot|p1a: G Stands 4 Gets\n|-boost|p1a: G Stands 4 Gets|spa|2\n|\n|-heal|p2a: Rotom|63\/100|[from] item: Leftovers\n|-damage|p1a: G Stands 4 Gets|39\/100 tox|[from] psn\n|upkeep\n|turn|43\n|\n|t:|1661371595\n|move|p1a: G Stands 4 Gets|Rest|p1a: G Stands 4 Gets\n|-status|p1a: G Stands 4 Gets|slp|[from] move: Rest\n|-heal|p1a: G Stands 4 Gets|100\/100 slp|[silent]\n|-enditem|p1a: G Stands 4 Gets|Chesto Berry|[eat]\n|-curestatus|p1a: G Stands 4 Gets|slp|[msg]\n|move|p2a: Rotom|Defog|p1a: G Stands 4 Gets\n|-unboost|p1a: G Stands 4 Gets|evasion|1\n|-sideend|p2: jeandonis02|Stealth Rock|[from] move: Defog|[of] p2a: Rotom\n|\n|-heal|p2a: Rotom|70\/100|[from] item: Leftovers\n|upkeep\n|turn|44\n|\n|t:|1661371602\n|move|p1a: G Stands 4 Gets|Agility|p1a: G Stands 4 Gets\n|-boost|p1a: G Stands 4 Gets|spe|2\n|move|p2a: Rotom|Volt Switch|p1a: G Stands 4 Gets\n|-supereffective|p1a: G Stands 4 Gets\n|-damage|p1a: G Stands 4 Gets|56\/100\n|\n|t:|1661371604\n|switch|p2a: Toxapex|Toxapex, F|54\/100|[from]move: Volt Switch\n|\n|-heal|p2a: Toxapex|60\/100|[from] item: Black Sludge\n|upkeep\n|turn|45\n|\n|t:|1661371607\n|move|p1a: G Stands 4 Gets|Nasty Plot|p1a: G Stands 4 Gets\n|-boost|p1a: G Stands 4 Gets|spa|2\n|move|p2a: Toxapex|Haze|p2a: Toxapex\n|-clearallboost\n|\n|-heal|p2a: Toxapex|66\/100|[from] item: Black Sludge\n|upkeep\n|turn|46\n|\n|t:|1661371610\n|move|p1a: G Stands 4 Gets|Nasty Plot|p1a: G Stands 4 Gets\n|-boost|p1a: G Stands 4 Gets|spa|2\n|move|p2a: Toxapex|Toxic|p1a: G Stands 4 Gets\n|-status|p1a: G Stands 4 Gets|tox\n|\n|-heal|p2a: Toxapex|73\/100|[from] item: Black Sludge\n|-damage|p1a: G Stands 4 Gets|50\/100 tox|[from] psn\n|upkeep\n|turn|47\n|\n|t:|1661371612\n|move|p1a: G Stands 4 Gets|Fiery Wrath|p2a: Toxapex\n|-damage|p2a: Toxapex|14\/100\n|move|p2a: Toxapex|Haze|p2a: Toxapex\n|-clearallboost\n|\n|-heal|p2a: Toxapex|20\/100|[from] item: Black Sludge\n|-damage|p1a: G Stands 4 Gets|38\/100 tox|[from] psn\n|upkeep\n|turn|48\n|\n|t:|1661371618\n|move|p1a: G Stands 4 Gets|Fiery Wrath|p2a: Toxapex\n|-damage|p2a: Toxapex|0 fnt\n|faint|p2a: Toxapex\n|\n|-damage|p1a: G Stands 4 Gets|19\/100 tox|[from] psn\n|upkeep\n|\n|t:|1661371629\n|switch|p2a: Garchomp|Garchomp, M|81\/100\n|turn|49\n|\n|t:|1661371636\n|move|p2a: Garchomp|Outrage|p1a: G Stands 4 Gets\n|-damage|p1a: G Stands 4 Gets|0 fnt\n|faint|p1a: G Stands 4 Gets\n|\n|upkeep\n|\n|t:|1661371639\n|switch|p1a: Blissey|Blissey, F|91\/100\n|turn|50\n|\n|t:|1661371643\n|move|p2a: Garchomp|Outrage|p1a: Blissey|[from]lockedmove\n|-damage|p1a: Blissey|13\/100\n|-start|p2a: Garchomp|confusion|[fatigue]\n|move|p1a: Blissey|Soft-Boiled|p1a: Blissey\n|-heal|p1a: Blissey|63\/100\n|\n|upkeep\n|turn|51\n|\n|t:|1661371646\n|-activate|p2a: Garchomp|confusion\n|-damage|p2a: Garchomp|67\/100|[from] confusion\n|move|p1a: Blissey|Toxic|p2a: Garchomp\n|-status|p2a: Garchomp|tox\n|\n|-damage|p2a: Garchomp|61\/100 tox|[from] psn\n|upkeep\n|turn|52\n|\n|t:|1661371650\n|-activate|p2a: Garchomp|confusion\n|move|p2a: Garchomp|Outrage|p1a: Blissey\n|-damage|p1a: Blissey|0 fnt\n|faint|p1a: Blissey\n|\n|-damage|p2a: Garchomp|49\/100 tox|[from] psn\n|upkeep\n|\n|t:|1661371656\n|switch|p1a: Ord|Dragonite, M, shiny|75\/100\n|turn|53\n|\n|t:|1661371658\n|-activate|p2a: Garchomp|confusion\n|move|p2a: Garchomp|Outrage|p1a: Ord|[from]lockedmove\n|-supereffective|p1a: Ord\n|-damage|p1a: Ord|0 fnt\n|faint|p1a: Ord\n|\n|win|jeandonis02\n|raw|Ackquille Pollard's rating: 1645 &rarr; <strong>1625<\/strong><br \/>(-20 for losing)\n|raw|jeandonis02's rating: 1653 &rarr; <strong>1673<\/strong><br \/>(+20 for winning)\n|c|\u2606Ackquille Pollard|gg\n|l|\u2606Ackquille Pollard\n||Ladder isn't responding, score probably updated but might not have (Request timeout).\n","uploadtime":1661371667,"views":40,"p1id":"ackquillepollard","p2id":"jeandonis02","formatid":"gen8ou","rating":1625,"private":0,"password":null}