{"id":"gen8bdspuu-1483106146","p1":"JooshP","p2":"Lord Chenge","format":"gen8bdspuu","log":"|j|\u2606JooshP\n|j|\u2606Lord Chenge\n|t:|1640982079\n|gametype|singles\n|player|p1|JooshP|ethan|1268\n|player|p2|Lord Chenge|169|1315\n|teamsize|p1|6\n|teamsize|p2|6\n|gen|8\n|tier|[Gen 8 BDSP] UU\n|rated|\n|rule|Sleep Clause Mod: Limit one foe put to sleep\n|rule|Species Clause: Limit one of each Pok\u00e9mon\n|rule|OHKO Clause: OHKO moves are banned\n|rule|Evasion Moves Clause: Evasion moves are banned\n|rule|Endless Battle Clause: Forcing endless battles is banned\n|rule|HP Percentage Mod: HP is shown in percentages\n|clearpoke\n|poke|p1|Donphan, F|\n|poke|p1|Mew|\n|poke|p1|Venusaur, M|\n|poke|p1|Bronzong|\n|poke|p1|Gyarados, F|\n|poke|p1|Porygon-Z|\n|poke|p2|Mew|\n|poke|p2|Salamence, F|\n|poke|p2|Sceptile, F|\n|poke|p2|Sneasel, F|\n|poke|p2|Metagross|\n|poke|p2|Raikou|\n|teampreview\n|\n|t:|1640982089\n|start\n|switch|p1a: Mew|Mew|100\/100\n|switch|p2a: Sceptile|Sceptile, F|100\/100\n|turn|1\n|\n|t:|1640982097\n|move|p2a: Sceptile|Energy Ball|p1a: Mew\n|-damage|p1a: Mew|44\/100\n|-damage|p2a: Sceptile|91\/100|[from] item: Life Orb\n|move|p1a: Mew|Ice Beam|p2a: Sceptile\n|-supereffective|p2a: Sceptile\n|-damage|p2a: Sceptile|7\/100\n|\n|upkeep\n|turn|2\n|\n|t:|1640982103\n|switch|p1a: Bronzong|Bronzong|100\/100\n|move|p2a: Sceptile|Leaf Storm|p1a: Bronzong\n|-resisted|p1a: Bronzong\n|-damage|p1a: Bronzong|61\/100\n|-unboost|p2a: Sceptile|spa|2\n|-damage|p2a: Sceptile|0 fnt|[from] item: Life Orb\n|faint|p2a: Sceptile\n|\n|-heal|p1a: Bronzong|67\/100|[from] item: Leftovers\n|upkeep\n|\n|t:|1640982108\n|switch|p2a: Sneasel|Sneasel, F|100\/100\n|turn|3\n|\n|t:|1640982116\n|move|p2a: Sneasel|Throat Chop|p1a: Bronzong\n|-supereffective|p1a: Bronzong\n|-damage|p1a: Bronzong|0 fnt\n|faint|p1a: Bronzong\n|-damage|p2a: Sneasel|91\/100|[from] item: Life Orb\n|\n|upkeep\n|\n|t:|1640982124\n|switch|p1a: Donphan|Donphan, F|100\/100\n|turn|4\n|\n|t:|1640982131\n|move|p2a: Sneasel|Icicle Crash|p1a: Donphan\n|-supereffective|p1a: Donphan\n|-damage|p1a: Donphan|39\/100\n|-damage|p2a: Sneasel|81\/100|[from] item: Life Orb\n|move|p1a: Donphan|Earthquake|p2a: Sneasel\n|-damage|p2a: Sneasel|0 fnt\n|faint|p2a: Sneasel\n|\n|-heal|p1a: Donphan|45\/100|[from] item: Leftovers\n|upkeep\n|\n|t:|1640982136\n|switch|p2a: Mew|Mew|100\/100\n|turn|5\n|\n|t:|1640982144\n|switch|p1a: Venusaur|Venusaur, M|100\/100\n|move|p2a: Mew|Stealth Rock|p1a: Venusaur\n|-sidestart|p1: JooshP|move: Stealth Rock\n|\n|upkeep\n|turn|6\n|\n|t:|1640982148\n|move|p2a: Mew|Psychic|p1a: Venusaur\n|-supereffective|p1a: Venusaur\n|-damage|p1a: Venusaur|3\/100\n|-damage|p2a: Mew|91\/100|[from] item: Life Orb\n|move|p1a: Venusaur|Leech Seed|p2a: Mew|[miss]\n|-miss|p1a: Venusaur|p2a: Mew\n|\n|-heal|p1a: Venusaur|9\/100|[from] item: Black Sludge\n|upkeep\n|turn|7\n|\n|t:|1640982153\n|move|p2a: Mew|Nasty Plot|p2a: Mew\n|-boost|p2a: Mew|spa|2\n|move|p1a: Venusaur|Leech Seed|p2a: Mew\n|-start|p2a: Mew|move: Leech Seed\n|\n|-heal|p1a: Venusaur|15\/100|[from] item: Black Sludge\n|-damage|p2a: Mew|78\/100|[from] Leech Seed|[of] p1a: Venusaur\n|-heal|p1a: Venusaur|27\/100|[silent]\n|upkeep\n|turn|8\n|\n|t:|1640982158\n|move|p1a: Venusaur|Protect|p1a: Venusaur\n|-singleturn|p1a: Venusaur|Protect\n|move|p2a: Mew|Psychic|p1a: Venusaur\n|-activate|p1a: Venusaur|move: Protect\n|\n|-heal|p1a: Venusaur|33\/100|[from] item: Black Sludge\n|-damage|p2a: Mew|66\/100|[from] Leech Seed|[of] p1a: Venusaur\n|-heal|p1a: Venusaur|44\/100|[silent]\n|upkeep\n|turn|9\n|\n|t:|1640982168\n|switch|p1a: Gyarados|Gyarados, F|100\/100\n|-damage|p1a: Gyarados|76\/100|[from] Stealth Rock\n|move|p2a: Mew|Psychic|p1a: Gyarados\n|-damage|p1a: Gyarados|0 fnt\n|faint|p1a: Gyarados\n|-damage|p2a: Mew|56\/100|[from] item: Life Orb\n|\n|upkeep\n|\n|t:|1640982176\n|switch|p1a: Venusaur|Venusaur, M|44\/100\n|-damage|p1a: Venusaur|32\/100|[from] Stealth Rock\n|turn|10\n|\n|t:|1640982180\n|move|p1a: Venusaur|Protect|p1a: Venusaur\n|-singleturn|p1a: Venusaur|Protect\n|move|p2a: Mew|Psychic|p1a: Venusaur\n|-activate|p1a: Venusaur|move: Protect\n|\n|-heal|p1a: Venusaur|38\/100|[from] item: Black Sludge\n|-damage|p2a: Mew|44\/100|[from] Leech Seed|[of] p1a: Venusaur\n|-heal|p1a: Venusaur|50\/100|[silent]\n|upkeep\n|turn|11\n|\n|t:|1640982187\n|move|p1a: Venusaur|Protect||[still]\n|-fail|p1a: Venusaur\n|move|p2a: Mew|Psychic|p1a: Venusaur\n|-supereffective|p1a: Venusaur\n|-damage|p1a: Venusaur|0 fnt\n|faint|p1a: Venusaur\n|-damage|p2a: Mew|34\/100|[from] item: Life Orb\n|\n|upkeep\n|\n|t:|1640982190\n|switch|p1a: Donphan|Donphan, F|45\/100\n|-damage|p1a: Donphan|39\/100|[from] Stealth Rock\n|turn|12\n|\n|t:|1640982193\n|move|p1a: Donphan|Ice Shard|p2a: Mew\n|-damage|p2a: Mew|22\/100\n|move|p2a: Mew|Psychic|p1a: Donphan\n|-damage|p1a: Donphan|0 fnt\n|faint|p1a: Donphan\n|-damage|p2a: Mew|12\/100|[from] item: Life Orb\n|\n|upkeep\n|\n|t:|1640982198\n|switch|p1a: Mew|Mew|44\/100\n|-damage|p1a: Mew|32\/100|[from] Stealth Rock\n|turn|13\n|\n|t:|1640982202\n|move|p2a: Mew|Flamethrower|p1a: Mew\n|-damage|p1a: Mew|0 fnt\n|faint|p1a: Mew\n|-damage|p2a: Mew|2\/100|[from] item: Life Orb\n|\n|upkeep\n|\n|t:|1640982206\n|switch|p1a: Porygon-Z|Porygon-Z|100\/100\n|-damage|p1a: Porygon-Z|88\/100|[from] Stealth Rock\n|turn|14\n|\n|t:|1640982207\n|move|p2a: Mew|Psychic|p1a: Porygon-Z\n|-damage|p1a: Porygon-Z|0 fnt\n|faint|p1a: Porygon-Z\n|-damage|p2a: Mew|0 fnt|[from] item: Life Orb\n|faint|p2a: Mew\n|\n|win|Lord Chenge\n|raw|JooshP's rating: 1268 &rarr; <strong>1246<\/strong><br \/>(-22 for losing)\n|raw|Lord Chenge's rating: 1315 &rarr; <strong>1332<\/strong><br \/>(+17 for winning)\n|l|\u2606JooshP\n","uploadtime":1640982217,"views":17,"p1id":"jooshp","p2id":"lordchenge","formatid":"gen8bdspuu","rating":1246,"private":0,"password":null}