{"id":"gen8nationaldexag-1180779995","p1":"BugCatcherWeevil","p2":"FIR Tony Stark","format":"gen8nationaldexag","log":"|j|\u2606BugCatcherWeevil\n|j|\u2606FIR Tony Stark\n|t:|1599173073\n|player|p1|BugCatcherWeevil|7|\n|player|p2|FIR Tony Stark|caitlin|\n|teamsize|p1|6\n|teamsize|p2|6\n|gametype|singles\n|gen|8\n|tier|[Gen 8] National Dex AG\n|clearpoke\n|poke|p1|Tornadus-Therian, M|\n|poke|p1|Victini|\n|poke|p1|Lickilicky, F|\n|poke|p1|Magnezone|\n|poke|p1|Primarina, M|\n|poke|p1|Abomasnow, F|\n|poke|p2|Ampharos, M|\n|poke|p2|Nidoqueen, F|\n|poke|p2|Silvally-*|\n|poke|p2|Suicune|\n|poke|p2|Corviknight, F|\n|poke|p2|Gligar, M|\n|rule|HP Percentage Mod: HP is shown in percentages\n|rule|Endless Battle Clause: Forcing endless battles is banned\n|teampreview\n|inactive|Battle timer is ON: inactive players will automatically lose when time's up. (requested by FIR Tony Stark)\n|c|\u2606BugCatcherWeevil|gl hf!\n|c|\u2606FIR Tony Stark|Glhf\n|inactiveoff|Battle timer is now OFF.\n|c|\u2606FIR Tony Stark|And F I built for the wrong team lol\n|c|\u2606BugCatcherWeevil|for which did u build?\n|c|\u2606BugCatcherWeevil|or rather for whose\n|c|\u2606FIR Tony Stark|Whoever had sun lol\n|c|\u2606BugCatcherWeevil|oh yeah thats joshua\n|c|\u2606BugCatcherWeevil|i would suggest rescheduling, only thing that'd suck is that you now saw my team\n|c|\u2606FIR Tony Stark|Yeah lol big F on my part\n|c|\u2606FIR Tony Stark|nah it\u2019s good man\n|c|\u2606FIR Tony Stark|it\u2019s on me\n|c|\u2606BugCatcherWeevil|alright\n|\n|t:|1599173195\n|start\n|switch|p1a: Lickilicky|Lickilicky, F|100\/100\n|switch|p2a: Silvally|Silvally-Fairy|100\/100\n|turn|1\n|\n|t:|1599173215\n|move|p2a: Silvally|Magic Coat|p2a: Silvally\n|-singleturn|p2a: Silvally|move: Magic Coat\n|move|p1a: Lickilicky|Protect||[still]\n|-fail|p1a: Lickilicky\n|\n|upkeep\n|turn|2\n|\n|t:|1599173221\n|switch|p1a: Magnezone|Magnezone|100\/100\n|move|p2a: Silvally|Multi-Attack|p1a: Magnezone\n|-resisted|p1a: Magnezone\n|-damage|p1a: Magnezone|75\/100\n|\n|upkeep\n|turn|3\n|\n|t:|1599173228\n|move|p1a: Magnezone|Flash Cannon|p2a: Silvally\n|-supereffective|p2a: Silvally\n|-damage|p2a: Silvally|6\/100\n|move|p2a: Silvally|Parting Shot|p1a: Magnezone\n|-unboost|p1a: Magnezone|atk|1\n|-unboost|p1a: Magnezone|spa|1\n|\n|t:|1599173237\n|switch|p2a: Ampharos|Ampharos, M|100\/100|[from]move: Parting Shot\n|\n|upkeep\n|turn|4\n|\n|t:|1599173242\n|switch|p1a: Lickilicky|Lickilicky, F|100\/100\n|detailschange|p2a: Ampharos|Ampharos-Mega, M\n|-mega|p2a: Ampharos|Ampharos|Ampharosite\n|-ability|p2a: Ampharos|Mold Breaker\n|move|p2a: Ampharos|Volt Switch|p1a: Lickilicky\n|-damage|p1a: Lickilicky|69\/100\n|\n|t:|1599173299\n|switch|p2a: Gligar|Gligar, M|100\/100|[from]move: Volt Switch\n|\n|-heal|p1a: Lickilicky|75\/100|[from] item: Leftovers\n|upkeep\n|turn|5\n|\n|t:|1599173312\n|move|p2a: Gligar|Stealth Rock|p1a: Lickilicky\n|-sidestart|p1: BugCatcherWeevil|move: Stealth Rock\n|move|p1a: Lickilicky|Knock Off|p2a: Gligar\n|-damage|p2a: Gligar|89\/100\n|-enditem|p2a: Gligar|Eviolite|[from] move: Knock Off|[of] p1a: Lickilicky\n|\n|-heal|p1a: Lickilicky|81\/100|[from] item: Leftovers\n|upkeep\n|turn|6\n|\n|t:|1599173321\n|move|p1a: Lickilicky|Protect|p1a: Lickilicky\n|-singleturn|p1a: Lickilicky|Protect\n|move|p2a: Gligar|U-turn|p1a: Lickilicky\n|-activate|p1a: Lickilicky|move: Protect\n|\n|-heal|p1a: Lickilicky|88\/100|[from] item: Leftovers\n|upkeep\n|turn|7\n|\n|t:|1599173328\n|move|p2a: Gligar|U-turn|p1a: Lickilicky\n|-damage|p1a: Lickilicky|76\/100\n|\n|t:|1599173343\n|switch|p2a: Ampharos|Ampharos-Mega, M|100\/100|[from]move: U-turn\n|-ability|p2a: Ampharos|Mold Breaker\n|move|p1a: Lickilicky|Wish|p1a: Lickilicky\n|\n|-heal|p1a: Lickilicky|83\/100|[from] item: Leftovers\n|upkeep\n|turn|8\n|\n|t:|1599173355\n|move|p2a: Ampharos|Thunderbolt|p1a: Lickilicky\n|-damage|p1a: Lickilicky|45\/100\n|move|p1a: Lickilicky|Dragon Tail|p2a: Ampharos|[miss]\n|-miss|p1a: Lickilicky|p2a: Ampharos\n|\n|-heal|p1a: Lickilicky|95\/100|[from] move: Wish|[wisher] Lickilicky\n|-heal|p1a: Lickilicky|100\/100|[from] item: Leftovers\n|upkeep\n|turn|9\n|\n|t:|1599173364\n|move|p1a: Lickilicky|Wish|p1a: Lickilicky\n|move|p2a: Ampharos|Volt Switch|p1a: Lickilicky\n|-damage|p1a: Lickilicky|71\/100\n|\n|t:|1599173375\n|switch|p2a: Suicune|Suicune|100\/100|[from]move: Volt Switch\n|-ability|p2a: Suicune|Pressure\n|\n|-heal|p1a: Lickilicky|77\/100|[from] item: Leftovers\n|upkeep\n|turn|10\n|\n|t:|1599173384\n|switch|p1a: Magnezone|Magnezone|75\/100\n|-damage|p1a: Magnezone|69\/100|[from] Stealth Rock\n|move|p2a: Suicune|Substitute|p2a: Suicune\n|-start|p2a: Suicune|Substitute\n|-damage|p2a: Suicune|75\/100\n|\n|-heal|p1a: Magnezone|100\/100|[from] move: Wish|[wisher] Lickilicky\n|-heal|p2a: Suicune|82\/100|[from] item: Leftovers\n|upkeep\n|turn|11\n|\n|t:|1599173401\n|move|p2a: Suicune|Protect|p2a: Suicune\n|-singleturn|p2a: Suicune|Protect\n|move|p1a: Magnezone|Volt Switch|p2a: Suicune\n|-activate|p2a: Suicune|move: Protect\n|\n|-heal|p2a: Suicune|88\/100|[from] item: Leftovers\n|upkeep\n|turn|12\n|\n|t:|1599173410\n|switch|p2a: Nidoqueen|Nidoqueen, F|100\/100\n|move|p1a: Magnezone|Volt Switch|p2a: Nidoqueen\n|-immune|p2a: Nidoqueen\n|\n|upkeep\n|turn|13\n|\n|t:|1599173422\n|switch|p1a: Tornadus|Tornadus-Therian, M|100\/100\n|move|p2a: Nidoqueen|Earth Power|p1a: Tornadus\n|-immune|p1a: Tornadus\n|\n|upkeep\n|turn|14\n|\n|t:|1599173432\n|switch|p2a: Silvally|Silvally-Fairy|6\/100\n|move|p1a: Tornadus|Knock Off|p2a: Silvally\n|-resisted|p2a: Silvally\n|-damage|p2a: Silvally|0 fnt\n|faint|p2a: Silvally\n|\n|upkeep\n|\n|t:|1599173437\n|switch|p2a: Ampharos|Ampharos-Mega, M|100\/100\n|-ability|p2a: Ampharos|Mold Breaker\n|turn|15\n|\n|t:|1599173452\n|move|p1a: Tornadus|U-turn|p2a: Ampharos\n|-damage|p2a: Ampharos|86\/100\n|\n|t:|1599173462\n|switch|p1a: Magnezone|Magnezone|100\/100|[from]move: U-turn\n|-damage|p1a: Magnezone|94\/100|[from] Stealth Rock\n|move|p2a: Ampharos|Volt Switch|p1a: Magnezone\n|-resisted|p1a: Magnezone\n|-damage|p1a: Magnezone|64\/100\n|\n|t:|1599173470\n|switch|p2a: Nidoqueen|Nidoqueen, F|100\/100|[from]move: Volt Switch\n|\n|upkeep\n|turn|16\n|\n|t:|1599173483\n|switch|p1a: Lickilicky|Lickilicky, F|77\/100\n|-damage|p1a: Lickilicky|64\/100|[from] Stealth Rock\n|move|p2a: Nidoqueen|Ice Beam|p1a: Lickilicky\n|-damage|p1a: Lickilicky|40\/100\n|\n|-heal|p1a: Lickilicky|46\/100|[from] item: Leftovers\n|upkeep\n|turn|17\n|\n|t:|1599173491\n|move|p2a: Nidoqueen|Earth Power|p1a: Lickilicky\n|-damage|p1a: Lickilicky|13\/100\n|move|p1a: Lickilicky|Wish|p1a: Lickilicky\n|\n|-heal|p1a: Lickilicky|19\/100|[from] item: Leftovers\n|upkeep\n|turn|18\n|\n|t:|1599173511\n|switch|p2a: Suicune|Suicune|88\/100\n|-ability|p2a: Suicune|Pressure\n|move|p1a: Lickilicky|Protect||[still]\n|-fail|p1a: Lickilicky\n|\n|-heal|p1a: Lickilicky|69\/100|[from] move: Wish|[wisher] Lickilicky\n|-heal|p2a: Suicune|94\/100|[from] item: Leftovers\n|-heal|p1a: Lickilicky|75\/100|[from] item: Leftovers\n|upkeep\n|turn|19\n|\n|t:|1599173531\n|move|p2a: Suicune|Scald|p1a: Lickilicky\n|-damage|p1a: Lickilicky|59\/100\n|move|p1a: Lickilicky|Wish|p1a: Lickilicky\n|\n|-heal|p2a: Suicune|99\/100|[from] item: Leftovers\n|-heal|p1a: Lickilicky|65\/100|[from] item: Leftovers\n|upkeep\n|turn|20\n|\n|t:|1599173548\n|move|p2a: Suicune|Substitute|p2a: Suicune\n|-start|p2a: Suicune|Substitute\n|-damage|p2a: Suicune|75\/100\n|move|p1a: Lickilicky|Knock Off|p2a: Suicune\n|-activate|p2a: Suicune|move: Substitute|[damage]\n|\n|-heal|p1a: Lickilicky|100\/100|[from] move: Wish|[wisher] Lickilicky\n|-heal|p2a: Suicune|81\/100|[from] item: Leftovers\n|upkeep\n|turn|21\n|\n|t:|1599173558\n|switch|p1a: Primarina|Primarina, M|100\/100\n|-damage|p1a: Primarina|88\/100|[from] Stealth Rock\n|move|p2a: Suicune|Calm Mind|p2a: Suicune\n|-boost|p2a: Suicune|spa|1\n|-boost|p2a: Suicune|spd|1\n|\n|-heal|p2a: Suicune|88\/100|[from] item: Leftovers\n|-heal|p1a: Primarina|94\/100|[from] item: Leftovers\n|upkeep\n|turn|22\n|\n|t:|1599173562\n|move|p2a: Suicune|Calm Mind|p2a: Suicune\n|-boost|p2a: Suicune|spa|1\n|-boost|p2a: Suicune|spd|1\n|move|p1a: Primarina|Calm Mind|p1a: Primarina\n|-boost|p1a: Primarina|spa|1\n|-boost|p1a: Primarina|spd|1\n|\n|-heal|p2a: Suicune|94\/100|[from] item: Leftovers\n|-heal|p1a: Primarina|99\/100|[from] item: Leftovers\n|upkeep\n|turn|23\n|\n|t:|1599173568\n|move|p2a: Suicune|Calm Mind|p2a: Suicune\n|-boost|p2a: Suicune|spa|1\n|-boost|p2a: Suicune|spd|1\n|move|p1a: Primarina|Calm Mind|p1a: Primarina\n|-boost|p1a: Primarina|spa|1\n|-boost|p1a: Primarina|spd|1\n|\n|-heal|p2a: Suicune|99\/100|[from] item: Leftovers\n|-heal|p1a: Primarina|100\/100|[from] item: Leftovers\n|upkeep\n|turn|24\n|\n|t:|1599173571\n|move|p2a: Suicune|Scald|p1a: Primarina\n|-resisted|p1a: Primarina\n|-damage|p1a: Primarina|90\/100\n|-status|p1a: Primarina|brn\n|move|p1a: Primarina|Calm Mind|p1a: Primarina\n|-boost|p1a: Primarina|spa|1\n|-boost|p1a: Primarina|spd|1\n|\n|-heal|p2a: Suicune|100\/100|[from] item: Leftovers\n|-heal|p1a: Primarina|96\/100 brn|[from] item: Leftovers\n|-damage|p1a: Primarina|90\/100 brn|[from] brn\n|upkeep\n|turn|25\n|\n|t:|1599173577\n|move|p2a: Suicune|Calm Mind|p2a: Suicune\n|-boost|p2a: Suicune|spa|1\n|-boost|p2a: Suicune|spd|1\n|move|p1a: Primarina|Calm Mind|p1a: Primarina\n|-boost|p1a: Primarina|spa|1\n|-boost|p1a: Primarina|spd|1\n|\n|-heal|p1a: Primarina|96\/100 brn|[from] item: Leftovers\n|-damage|p1a: Primarina|90\/100 brn|[from] brn\n|upkeep\n|turn|26\n|\n|t:|1599173580\n|move|p2a: Suicune|Calm Mind|p2a: Suicune\n|-boost|p2a: Suicune|spa|1\n|-boost|p2a: Suicune|spd|1\n|move|p1a: Primarina|Calm Mind|p1a: Primarina\n|-boost|p1a: Primarina|spa|1\n|-boost|p1a: Primarina|spd|1\n|\n|-heal|p1a: Primarina|96\/100 brn|[from] item: Leftovers\n|-damage|p1a: Primarina|90\/100 brn|[from] brn\n|upkeep\n|turn|27\n|\n|t:|1599173584\n|move|p2a: Suicune|Calm Mind|p2a: Suicune\n|-boost|p2a: Suicune|spa|1\n|-boost|p2a: Suicune|spd|1\n|move|p1a: Primarina|Calm Mind|p1a: Primarina\n|-boost|p1a: Primarina|spa|1\n|-boost|p1a: Primarina|spd|1\n|\n|-heal|p1a: Primarina|96\/100 brn|[from] item: Leftovers\n|-damage|p1a: Primarina|90\/100 brn|[from] brn\n|upkeep\n|turn|28\n|\n|t:|1599173594\n|move|p2a: Suicune|Protect|p2a: Suicune\n|-singleturn|p2a: Suicune|Protect\n|move|p1a: Primarina|Draining Kiss|p2a: Suicune\n|-activate|p2a: Suicune|move: Protect\n|\n|-heal|p1a: Primarina|96\/100 brn|[from] item: Leftovers\n|-damage|p1a: Primarina|90\/100 brn|[from] brn\n|upkeep\n|turn|29\n|\n|t:|1599173600\n|move|p2a: Suicune|Scald|p1a: Primarina\n|-resisted|p1a: Primarina\n|-damage|p1a: Primarina|80\/100 brn\n|move|p1a: Primarina|Calm Mind|p1a: Primarina\n|-boost|p1a: Primarina|spa|0\n|-boost|p1a: Primarina|spd|0\n|\n|-heal|p1a: Primarina|86\/100 brn|[from] item: Leftovers\n|-damage|p1a: Primarina|80\/100 brn|[from] brn\n|upkeep\n|turn|30\n|\n|t:|1599173610\n|move|p2a: Suicune|Substitute|p2a: Suicune\n|-fail|p2a: Suicune|move: Substitute\n|move|p1a: Primarina|Calm Mind|p1a: Primarina\n|-boost|p1a: Primarina|spa|0\n|-boost|p1a: Primarina|spd|0\n|\n|-heal|p1a: Primarina|86\/100 brn|[from] item: Leftovers\n|-damage|p1a: Primarina|80\/100 brn|[from] brn\n|upkeep\n|turn|31\n|\n|t:|1599173618\n|move|p2a: Suicune|Calm Mind|p2a: Suicune\n|-boost|p2a: Suicune|spa|0\n|-boost|p2a: Suicune|spd|0\n|move|p1a: Primarina|Rest|p1a: Primarina\n|-status|p1a: Primarina|slp|[from] move: Rest\n|-heal|p1a: Primarina|100\/100 slp|[silent]\n|\n|upkeep\n|turn|32\n|\n|t:|1599173629\n|switch|p2a: Ampharos|Ampharos-Mega, M|86\/100\n|-ability|p2a: Ampharos|Mold Breaker\n|cant|p1a: Primarina|slp\n|move|p1a: Primarina|Snore|p2a: Ampharos\n|-resisted|p2a: Ampharos\n|-damage|p2a: Ampharos|49\/100\n|\n|upkeep\n|turn|33\n|\n|t:|1599173638\n|cant|p1a: Primarina|slp\n|move|p1a: Primarina|Snore|p2a: Ampharos\n|-resisted|p2a: Ampharos\n|-damage|p2a: Ampharos|16\/100\n|cant|p2a: Ampharos|flinch\n|\n|upkeep\n|turn|34\n|c|\u2606BugCatcherWeevil|sorry\n|\n|t:|1599173650\n|-curestatus|p1a: Primarina|slp|[msg]\n|move|p1a: Primarina|Draining Kiss|p2a: Ampharos\n|-supereffective|p2a: Ampharos\n|-damage|p2a: Ampharos|0 fnt\n|faint|p2a: Ampharos\n|\n|upkeep\n|\n|t:|1599173657\n|switch|p2a: Suicune|Suicune|100\/100\n|-ability|p2a: Suicune|Pressure\n|turn|35\n|\n|t:|1599173665\n|move|p2a: Suicune|Calm Mind|p2a: Suicune\n|-boost|p2a: Suicune|spa|1\n|-boost|p2a: Suicune|spd|1\n|move|p1a: Primarina|Calm Mind|p1a: Primarina\n|-boost|p1a: Primarina|spa|0\n|-boost|p1a: Primarina|spd|0\n|\n|upkeep\n|turn|36\n|\n|t:|1599173672\n|move|p2a: Suicune|Protect|p2a: Suicune\n|-singleturn|p2a: Suicune|Protect\n|move|p1a: Primarina|Calm Mind|p1a: Primarina\n|-boost|p1a: Primarina|spa|0\n|-boost|p1a: Primarina|spd|0\n|\n|upkeep\n|turn|37\n|\n|t:|1599173679\n|move|p2a: Suicune|Calm Mind|p2a: Suicune\n|-boost|p2a: Suicune|spa|1\n|-boost|p2a: Suicune|spd|1\n|move|p1a: Primarina|Draining Kiss|p2a: Suicune\n|-damage|p2a: Suicune|70\/100\n|\n|-heal|p2a: Suicune|76\/100|[from] item: Leftovers\n|upkeep\n|turn|38\n|\n|t:|1599173686\n|move|p2a: Suicune|Calm Mind|p2a: Suicune\n|-boost|p2a: Suicune|spa|1\n|-boost|p2a: Suicune|spd|1\n|move|p1a: Primarina|Calm Mind|p1a: Primarina\n|-boost|p1a: Primarina|spa|0\n|-boost|p1a: Primarina|spd|0\n|\n|-heal|p2a: Suicune|82\/100|[from] item: Leftovers\n|upkeep\n|turn|39\n|\n|t:|1599173691\n|move|p2a: Suicune|Substitute|p2a: Suicune\n|-start|p2a: Suicune|Substitute\n|-damage|p2a: Suicune|57\/100\n|move|p1a: Primarina|Calm Mind|p1a: Primarina\n|-boost|p1a: Primarina|spa|0\n|-boost|p1a: Primarina|spd|0\n|\n|-heal|p2a: Suicune|63\/100|[from] item: Leftovers\n|upkeep\n|turn|40\n|\n|t:|1599173699\n|move|p2a: Suicune|Protect|p2a: Suicune\n|-singleturn|p2a: Suicune|Protect\n|move|p1a: Primarina|Calm Mind|p1a: Primarina\n|-boost|p1a: Primarina|spa|0\n|-boost|p1a: Primarina|spd|0\n|\n|-heal|p2a: Suicune|70\/100|[from] item: Leftovers\n|upkeep\n|turn|41\n|\n|t:|1599173703\n|move|p2a: Suicune|Calm Mind|p2a: Suicune\n|-boost|p2a: Suicune|spa|1\n|-boost|p2a: Suicune|spd|1\n|move|p1a: Primarina|Calm Mind|p1a: Primarina\n|-boost|p1a: Primarina|spa|0\n|-boost|p1a: Primarina|spd|0\n|\n|-heal|p2a: Suicune|76\/100|[from] item: Leftovers\n|upkeep\n|turn|42\n|\n|t:|1599173709\n|move|p2a: Suicune|Protect|p2a: Suicune\n|-singleturn|p2a: Suicune|Protect\n|move|p1a: Primarina|Calm Mind|p1a: Primarina\n|-boost|p1a: Primarina|spa|0\n|-boost|p1a: Primarina|spd|0\n|\n|-heal|p2a: Suicune|82\/100|[from] item: Leftovers\n|upkeep\n|turn|43\n|\n|t:|1599173714\n|move|p2a: Suicune|Calm Mind|p2a: Suicune\n|-boost|p2a: Suicune|spa|1\n|-boost|p2a: Suicune|spd|1\n|move|p1a: Primarina|Calm Mind|p1a: Primarina\n|-boost|p1a: Primarina|spa|0\n|-boost|p1a: Primarina|spd|0\n|\n|-heal|p2a: Suicune|88\/100|[from] item: Leftovers\n|upkeep\n|turn|44\n|\n|t:|1599173719\n|move|p2a: Suicune|Calm Mind|p2a: Suicune\n|-boost|p2a: Suicune|spa|1\n|-boost|p2a: Suicune|spd|1\n|move|p1a: Primarina|Calm Mind|p1a: Primarina\n|-boost|p1a: Primarina|spa|0\n|-boost|p1a: Primarina|spd|0\n|\n|-heal|p2a: Suicune|94\/100|[from] item: Leftovers\n|upkeep\n|turn|45\n|\n|t:|1599173729\n|move|p2a: Suicune|Scald|p1a: Primarina\n|-resisted|p1a: Primarina\n|-damage|p1a: Primarina|93\/100\n|move|p1a: Primarina|Calm Mind|p1a: Primarina\n|-boost|p1a: Primarina|spa|0\n|-boost|p1a: Primarina|spd|0\n|\n|-heal|p2a: Suicune|100\/100|[from] item: Leftovers\n|-heal|p1a: Primarina|99\/100|[from] item: Leftovers\n|upkeep\n|turn|46\n|\n|t:|1599173739\n|move|p2a: Suicune|Calm Mind|p2a: Suicune\n|-boost|p2a: Suicune|spa|0\n|-boost|p2a: Suicune|spd|0\n|move|p1a: Primarina|Rest|p1a: Primarina\n|-status|p1a: Primarina|slp|[from] move: Rest\n|-heal|p1a: Primarina|100\/100 slp|[silent]\n|\n|upkeep\n|turn|47\n|\n|t:|1599173750\n|move|p2a: Suicune|Calm Mind|p2a: Suicune\n|-boost|p2a: Suicune|spa|0\n|-boost|p2a: Suicune|spd|0\n|cant|p1a: Primarina|slp\n|\n|upkeep\n|turn|48\n|\n|t:|1599173758\n|move|p2a: Suicune|Calm Mind|p2a: Suicune\n|-boost|p2a: Suicune|spa|0\n|-boost|p2a: Suicune|spd|0\n|cant|p1a: Primarina|slp\n|\n|upkeep\n|turn|49\n|\n|t:|1599173764\n|move|p2a: Suicune|Calm Mind|p2a: Suicune\n|-boost|p2a: Suicune|spa|0\n|-boost|p2a: Suicune|spd|0\n|-curestatus|p1a: Primarina|slp|[msg]\n|move|p1a: Primarina|Calm Mind|p1a: Primarina\n|-boost|p1a: Primarina|spa|0\n|-boost|p1a: Primarina|spd|0\n|\n|upkeep\n|turn|50\n|\n|t:|1599173772\n|move|p2a: Suicune|Calm Mind|p2a: Suicune\n|-boost|p2a: Suicune|spa|0\n|-boost|p2a: Suicune|spd|0\n|move|p1a: Primarina|Calm Mind|p1a: Primarina\n|-boost|p1a: Primarina|spa|0\n|-boost|p1a: Primarina|spd|0\n|\n|upkeep\n|turn|51\n|\n|t:|1599173778\n|move|p2a: Suicune|Protect|p2a: Suicune\n|-singleturn|p2a: Suicune|Protect\n|move|p1a: Primarina|Calm Mind|p1a: Primarina\n|-boost|p1a: Primarina|spa|0\n|-boost|p1a: Primarina|spd|0\n|\n|upkeep\n|turn|52\n|\n|t:|1599173782\n|move|p2a: Suicune|Substitute|p2a: Suicune\n|-fail|p2a: Suicune|move: Substitute\n|move|p1a: Primarina|Calm Mind|p1a: Primarina\n|-boost|p1a: Primarina|spa|0\n|-boost|p1a: Primarina|spd|0\n|\n|upkeep\n|turn|53\n|\n|t:|1599173798\n|move|p2a: Suicune|Substitute|p2a: Suicune\n|-fail|p2a: Suicune|move: Substitute\n|move|p1a: Primarina|Calm Mind|p1a: Primarina\n|-boost|p1a: Primarina|spa|0\n|-boost|p1a: Primarina|spd|0\n|\n|upkeep\n|turn|54\n|\n|t:|1599173806\n|move|p2a: Suicune|Substitute|p2a: Suicune\n|-fail|p2a: Suicune|move: Substitute\n|move|p1a: Primarina|Calm Mind|p1a: Primarina\n|-boost|p1a: Primarina|spa|0\n|-boost|p1a: Primarina|spd|0\n|\n|upkeep\n|turn|55\n|\n|t:|1599173814\n|move|p2a: Suicune|Substitute|p2a: Suicune\n|-fail|p2a: Suicune|move: Substitute\n|move|p1a: Primarina|Draining Kiss|p2a: Suicune\n|-activate|p2a: Suicune|move: Substitute|[damage]\n|\n|upkeep\n|turn|56\n|\n|t:|1599173820\n|move|p2a: Suicune|Protect|p2a: Suicune\n|-singleturn|p2a: Suicune|Protect\n|move|p1a: Primarina|Calm Mind|p1a: Primarina\n|-boost|p1a: Primarina|spa|0\n|-boost|p1a: Primarina|spd|0\n|\n|upkeep\n|turn|57\n|\n|t:|1599173827\n|move|p2a: Suicune|Scald|p1a: Primarina\n|-resisted|p1a: Primarina\n|-damage|p1a: Primarina|91\/100\n|move|p1a: Primarina|Calm Mind|p1a: Primarina\n|-boost|p1a: Primarina|spa|0\n|-boost|p1a: Primarina|spd|0\n|\n|-heal|p1a: Primarina|97\/100|[from] item: Leftovers\n|upkeep\n|turn|58\n|\n|t:|1599173836\n|move|p2a: Suicune|Calm Mind|p2a: Suicune\n|-boost|p2a: Suicune|spa|0\n|-boost|p2a: Suicune|spd|0\n|move|p1a: Primarina|Rest|p1a: Primarina\n|-status|p1a: Primarina|slp|[from] move: Rest\n|-heal|p1a: Primarina|100\/100 slp|[silent]\n|\n|upkeep\n|turn|59\n|\n|t:|1599173845\n|move|p2a: Suicune|Calm Mind|p2a: Suicune\n|-boost|p2a: Suicune|spa|0\n|-boost|p2a: Suicune|spd|0\n|cant|p1a: Primarina|slp\n|\n|upkeep\n|turn|60\n|\n|t:|1599173848\n|move|p2a: Suicune|Calm Mind|p2a: Suicune\n|-boost|p2a: Suicune|spa|0\n|-boost|p2a: Suicune|spd|0\n|cant|p1a: Primarina|slp\n|\n|upkeep\n|turn|61\n|\n|t:|1599173857\n|move|p2a: Suicune|Calm Mind|p2a: Suicune\n|-boost|p2a: Suicune|spa|0\n|-boost|p2a: Suicune|spd|0\n|-curestatus|p1a: Primarina|slp|[msg]\n|move|p1a: Primarina|Calm Mind|p1a: Primarina\n|-boost|p1a: Primarina|spa|0\n|-boost|p1a: Primarina|spd|0\n|\n|upkeep\n|turn|62\n|\n|t:|1599173867\n|move|p2a: Suicune|Calm Mind|p2a: Suicune\n|-boost|p2a: Suicune|spa|0\n|-boost|p2a: Suicune|spd|0\n|move|p1a: Primarina|Draining Kiss|p2a: Suicune\n|-end|p2a: Suicune|Substitute\n|\n|upkeep\n|turn|63\n|\n|t:|1599173876\n|move|p2a: Suicune|Substitute|p2a: Suicune\n|-start|p2a: Suicune|Substitute\n|-damage|p2a: Suicune|75\/100\n|move|p1a: Primarina|Calm Mind|p1a: Primarina\n|-boost|p1a: Primarina|spa|0\n|-boost|p1a: Primarina|spd|0\n|\n|-heal|p2a: Suicune|82\/100|[from] item: Leftovers\n|upkeep\n|turn|64\n|\n|t:|1599173885\n|move|p2a: Suicune|Protect|p2a: Suicune\n|-singleturn|p2a: Suicune|Protect\n|move|p1a: Primarina|Calm Mind|p1a: Primarina\n|-boost|p1a: Primarina|spa|0\n|-boost|p1a: Primarina|spd|0\n|\n|-heal|p2a: Suicune|88\/100|[from] item: Leftovers\n|upkeep\n|turn|65\n|\n|t:|1599173890\n|move|p2a: Suicune|Calm Mind|p2a: Suicune\n|-boost|p2a: Suicune|spa|0\n|-boost|p2a: Suicune|spd|0\n|move|p1a: Primarina|Calm Mind|p1a: Primarina\n|-boost|p1a: Primarina|spa|0\n|-boost|p1a: Primarina|spd|0\n|\n|-heal|p2a: Suicune|94\/100|[from] item: Leftovers\n|upkeep\n|turn|66\n|\n|t:|1599173902\n|move|p2a: Suicune|Calm Mind|p2a: Suicune\n|-boost|p2a: Suicune|spa|0\n|-boost|p2a: Suicune|spd|0\n|move|p1a: Primarina|Calm Mind|p1a: Primarina\n|-boost|p1a: Primarina|spa|0\n|-boost|p1a: Primarina|spd|0\n|\n|-heal|p2a: Suicune|99\/100|[from] item: Leftovers\n|upkeep\n|turn|67\n|\n|t:|1599173909\n|move|p2a: Suicune|Calm Mind|p2a: Suicune\n|-boost|p2a: Suicune|spa|0\n|-boost|p2a: Suicune|spd|0\n|move|p1a: Primarina|Rest|p1a: Primarina\n|-fail|p1a: Primarina|heal\n|\n|-heal|p2a: Suicune|100\/100|[from] item: Leftovers\n|upkeep\n|turn|68\n|\n|t:|1599173931\n|move|p2a: Suicune|Calm Mind|p2a: Suicune\n|-boost|p2a: Suicune|spa|0\n|-boost|p2a: Suicune|spd|0\n|move|p1a: Primarina|Calm Mind|p1a: Primarina\n|-boost|p1a: Primarina|spa|0\n|-boost|p1a: Primarina|spd|0\n|\n|upkeep\n|turn|69\n|\n|t:|1599173953\n|move|p2a: Suicune|Protect|p2a: Suicune\n|-singleturn|p2a: Suicune|Protect\n|move|p1a: Primarina|Snore|p2a: Suicune\n|-activate|p2a: Suicune|move: Protect\n|\n|upkeep\n|turn|70\n|\n|t:|1599173977\n|move|p2a: Suicune|Calm Mind|p2a: Suicune\n|-boost|p2a: Suicune|spa|0\n|-boost|p2a: Suicune|spd|0\n|move|p1a: Primarina|Snore||[still]\n|-fail|p1a: Primarina\n|\n|upkeep\n|turn|71\n|\n|t:|1599173994\n|move|p2a: Suicune|Calm Mind|p2a: Suicune\n|-boost|p2a: Suicune|spa|0\n|-boost|p2a: Suicune|spd|0\n|move|p1a: Primarina|Rest|p1a: Primarina\n|-fail|p1a: Primarina|heal\n|\n|upkeep\n|turn|72\n|\n|t:|1599174002\n|move|p2a: Suicune|Protect|p2a: Suicune\n|-singleturn|p2a: Suicune|Protect\n|move|p1a: Primarina|Snore|p2a: Suicune\n|-activate|p2a: Suicune|move: Protect\n|\n|upkeep\n|turn|73\n|\n|t:|1599174009\n|move|p2a: Suicune|Scald|p1a: Primarina\n|-resisted|p1a: Primarina\n|-damage|p1a: Primarina|92\/100\n|move|p1a: Primarina|Rest|p1a: Primarina\n|-status|p1a: Primarina|slp|[from] move: Rest\n|-heal|p1a: Primarina|100\/100 slp|[silent]\n|\n|upkeep\n|turn|74\n|\n|t:|1599174033\n|move|p2a: Suicune|Calm Mind|p2a: Suicune\n|-boost|p2a: Suicune|spa|0\n|-boost|p2a: Suicune|spd|0\n|cant|p1a: Primarina|slp\n|\n|upkeep\n|turn|75\n|\n|t:|1599174042\n|move|p2a: Suicune|Calm Mind|p2a: Suicune\n|-boost|p2a: Suicune|spa|0\n|-boost|p2a: Suicune|spd|0\n|cant|p1a: Primarina|slp\n|\n|upkeep\n|turn|76\n|\n|t:|1599174051\n|move|p2a: Suicune|Calm Mind|p2a: Suicune\n|-boost|p2a: Suicune|spa|0\n|-boost|p2a: Suicune|spd|0\n|-curestatus|p1a: Primarina|slp|[msg]\n|move|p1a: Primarina|Rest|p1a: Primarina\n|-fail|p1a: Primarina|heal\n|\n|upkeep\n|turn|77\n|\n|t:|1599174073\n|move|p2a: Suicune|Substitute|p2a: Suicune\n|-fail|p2a: Suicune|move: Substitute\n|move|p1a: Primarina|Snore||[still]\n|-fail|p1a: Primarina\n|\n|upkeep\n|turn|78\n|\n|t:|1599174079\n|move|p2a: Suicune|Substitute|p2a: Suicune\n|-fail|p2a: Suicune|move: Substitute\n|move|p1a: Primarina|Rest|p1a: Primarina\n|-fail|p1a: Primarina|heal\n|\n|upkeep\n|turn|79\n|\n|t:|1599174095\n|move|p2a: Suicune|Protect|p2a: Suicune\n|-singleturn|p2a: Suicune|Protect\n|move|p1a: Primarina|Draining Kiss|p2a: Suicune\n|-activate|p2a: Suicune|move: Protect\n|\n|upkeep\n|turn|80\n|\n|t:|1599174104\n|move|p2a: Suicune|Substitute|p2a: Suicune\n|-fail|p2a: Suicune|move: Substitute\n|move|p1a: Primarina|Snore||[still]\n|-fail|p1a: Primarina\n|\n|upkeep\n|turn|81\n|\n|t:|1599174112\n|move|p2a: Suicune|Scald|p1a: Primarina\n|-resisted|p1a: Primarina\n|-damage|p1a: Primarina|91\/100\n|move|p1a: Primarina|Rest|p1a: Primarina\n|-status|p1a: Primarina|slp|[from] move: Rest\n|-heal|p1a: Primarina|100\/100 slp|[silent]\n|\n|upkeep\n|turn|82\n|\n|t:|1599174121\n|move|p2a: Suicune|Substitute|p2a: Suicune\n|-fail|p2a: Suicune|move: Substitute\n|cant|p1a: Primarina|slp\n|\n|upkeep\n|turn|83\n|\n|t:|1599174126\n|move|p2a: Suicune|Substitute|p2a: Suicune\n|-fail|p2a: Suicune|move: Substitute\n|cant|p1a: Primarina|slp\n|\n|upkeep\n|turn|84\n|\n|t:|1599174139\n|move|p2a: Suicune|Substitute|p2a: Suicune\n|-fail|p2a: Suicune|move: Substitute\n|-curestatus|p1a: Primarina|slp|[msg]\n|move|p1a: Primarina|Snore||[still]\n|-fail|p1a: Primarina\n|\n|upkeep\n|turn|85\n|\n|t:|1599174148\n|move|p2a: Suicune|Substitute|p2a: Suicune\n|-fail|p2a: Suicune|move: Substitute\n|move|p1a: Primarina|Rest|p1a: Primarina\n|-fail|p1a: Primarina|heal\n|\n|upkeep\n|turn|86\n|\n|t:|1599174156\n|move|p2a: Suicune|Protect|p2a: Suicune\n|-singleturn|p2a: Suicune|Protect\n|move|p1a: Primarina|Snore|p2a: Suicune\n|-activate|p2a: Suicune|move: Protect\n|\n|upkeep\n|turn|87\n|\n|t:|1599174162\n|move|p2a: Suicune|Scald|p1a: Primarina\n|-resisted|p1a: Primarina\n|-damage|p1a: Primarina|92\/100\n|-status|p1a: Primarina|brn\n|move|p1a: Primarina|Rest|p1a: Primarina\n|-status|p1a: Primarina|slp|[from] move: Rest\n|-heal|p1a: Primarina|100\/100 slp|[silent]\n|\n|upkeep\n|turn|88\n|\n|t:|1599174172\n|move|p2a: Suicune|Scald|p1a: Primarina\n|-resisted|p1a: Primarina\n|-damage|p1a: Primarina|92\/100 slp\n|cant|p1a: Primarina|slp\n|\n|-heal|p1a: Primarina|98\/100 slp|[from] item: Leftovers\n|upkeep\n|turn|89\n|\n|t:|1599174179\n|move|p2a: Suicune|Protect|p2a: Suicune\n|-singleturn|p2a: Suicune|Protect\n|cant|p1a: Primarina|slp\n|\n|-heal|p1a: Primarina|100\/100 slp|[from] item: Leftovers\n|upkeep\n|turn|90\n|\n|t:|1599174192\n|move|p2a: Suicune|Protect||[still]\n|-fail|p2a: Suicune\n|-curestatus|p1a: Primarina|slp|[msg]\n|move|p1a: Primarina|Snore||[still]\n|-fail|p1a: Primarina\n|\n|upkeep\n|turn|91\n|\n|t:|1599174201\n|move|p2a: Suicune|Scald|p1a: Primarina\n|-resisted|p1a: Primarina\n|-damage|p1a: Primarina|92\/100\n|move|p1a: Primarina|Rest|p1a: Primarina\n|-status|p1a: Primarina|slp|[from] move: Rest\n|-heal|p1a: Primarina|100\/100 slp|[silent]\n|\n|upkeep\n|turn|92\n|\n|t:|1599174212\n|move|p2a: Suicune|Protect|p2a: Suicune\n|-singleturn|p2a: Suicune|Protect\n|cant|p1a: Primarina|slp\n|\n|upkeep\n|turn|93\n|\n|t:|1599174217\n|move|p2a: Suicune|Scald|p1a: Primarina\n|-resisted|p1a: Primarina\n|-damage|p1a: Primarina|91\/100 slp\n|cant|p1a: Primarina|slp\n|\n|-heal|p1a: Primarina|97\/100 slp|[from] item: Leftovers\n|upkeep\n|turn|94\n|\n|t:|1599174226\n|move|p2a: Suicune|Scald|p1a: Primarina\n|-resisted|p1a: Primarina\n|-damage|p1a: Primarina|89\/100 slp\n|-curestatus|p1a: Primarina|slp|[msg]\n|move|p1a: Primarina|Rest|p1a: Primarina\n|-status|p1a: Primarina|slp|[from] move: Rest\n|-heal|p1a: Primarina|100\/100 slp|[silent]\n|\n|upkeep\n|turn|95\n|\n|t:|1599174234\n|move|p2a: Suicune|Scald|p1a: Primarina\n|-resisted|p1a: Primarina\n|-damage|p1a: Primarina|91\/100 slp\n|cant|p1a: Primarina|slp\n|\n|-heal|p1a: Primarina|97\/100 slp|[from] item: Leftovers\n|upkeep\n|turn|96\n|\n|t:|1599174240\n|move|p2a: Suicune|Scald|p1a: Primarina\n|-resisted|p1a: Primarina\n|-damage|p1a: Primarina|89\/100 slp\n|cant|p1a: Primarina|slp\n|\n|-heal|p1a: Primarina|95\/100 slp|[from] item: Leftovers\n|upkeep\n|turn|97\n|\n|t:|1599174247\n|move|p2a: Suicune|Scald|p1a: Primarina\n|-resisted|p1a: Primarina\n|-damage|p1a: Primarina|85\/100 slp\n|-curestatus|p1a: Primarina|slp|[msg]\n|move|p1a: Primarina|Rest|p1a: Primarina\n|-status|p1a: Primarina|slp|[from] move: Rest\n|-heal|p1a: Primarina|100\/100 slp|[silent]\n|\n|upkeep\n|turn|98\n|\n|t:|1599174257\n|move|p2a: Suicune|Scald|p1a: Primarina\n|-resisted|p1a: Primarina\n|-damage|p1a: Primarina|91\/100 slp\n|cant|p1a: Primarina|slp\n|\n|-heal|p1a: Primarina|97\/100 slp|[from] item: Leftovers\n|upkeep\n|turn|99\n|\n|t:|1599174264\n|move|p2a: Suicune|Scald|p1a: Primarina\n|-resisted|p1a: Primarina\n|-damage|p1a: Primarina|88\/100 slp\n|cant|p1a: Primarina|slp\n|\n|-heal|p1a: Primarina|94\/100 slp|[from] item: Leftovers\n|upkeep\n|turn|100\n|\n|t:|1599174269\n|move|p2a: Suicune|Scald|p1a: Primarina\n|-resisted|p1a: Primarina\n|-damage|p1a: Primarina|86\/100 slp\n|-curestatus|p1a: Primarina|slp|[msg]\n|move|p1a: Primarina|Rest|p1a: Primarina\n|-status|p1a: Primarina|slp|[from] move: Rest\n|-heal|p1a: Primarina|100\/100 slp|[silent]\n|\n|upkeep\n|turn|101\n|\n|t:|1599174276\n|move|p2a: Suicune|Scald|p1a: Primarina\n|-resisted|p1a: Primarina\n|-damage|p1a: Primarina|92\/100 slp\n|cant|p1a: Primarina|slp\n|\n|-heal|p1a: Primarina|98\/100 slp|[from] item: Leftovers\n|upkeep\n|turn|102\n|\n|t:|1599174285\n|move|p2a: Suicune|Protect|p2a: Suicune\n|-singleturn|p2a: Suicune|Protect\n|cant|p1a: Primarina|slp\n|\n|-heal|p1a: Primarina|100\/100 slp|[from] item: Leftovers\n|upkeep\n|turn|103\n|\n|t:|1599174306\n|move|p2a: Suicune|Scald|p1a: Primarina\n|-resisted|p1a: Primarina\n|-damage|p1a: Primarina|91\/100 slp\n|-curestatus|p1a: Primarina|slp|[msg]\n|move|p1a: Primarina|Rest|p1a: Primarina\n|-status|p1a: Primarina|slp|[from] move: Rest\n|-heal|p1a: Primarina|100\/100 slp|[silent]\n|\n|upkeep\n|turn|104\n|\n|t:|1599174317\n|move|p2a: Suicune|Scald|p1a: Primarina\n|-resisted|p1a: Primarina\n|-damage|p1a: Primarina|92\/100 slp\n|cant|p1a: Primarina|slp\n|\n|-heal|p1a: Primarina|98\/100 slp|[from] item: Leftovers\n|upkeep\n|turn|105\n|\n|t:|1599174320\n|move|p2a: Suicune|Scald|p1a: Primarina\n|-resisted|p1a: Primarina\n|-damage|p1a: Primarina|89\/100 slp\n|cant|p1a: Primarina|slp\n|\n|-heal|p1a: Primarina|96\/100 slp|[from] item: Leftovers\n|upkeep\n|turn|106\n|\n|t:|1599174331\n|move|p2a: Suicune|Scald|p1a: Primarina\n|-resisted|p1a: Primarina\n|-damage|p1a: Primarina|86\/100 slp\n|-curestatus|p1a: Primarina|slp|[msg]\n|move|p1a: Primarina|Snore||[still]\n|-fail|p1a: Primarina\n|\n|-heal|p1a: Primarina|93\/100|[from] item: Leftovers\n|upkeep\n|turn|107\n|\n|t:|1599174341\n|move|p2a: Suicune|Scald|p1a: Primarina\n|-resisted|p1a: Primarina\n|-damage|p1a: Primarina|84\/100\n|-status|p1a: Primarina|brn\n|move|p1a: Primarina|Snore||[still]\n|-fail|p1a: Primarina\n|\n|-heal|p1a: Primarina|90\/100 brn|[from] item: Leftovers\n|-damage|p1a: Primarina|84\/100 brn|[from] brn\n|upkeep\n|turn|108\n|\n|t:|1599174348\n|-activate|p2a: Suicune|move: Struggle\n|move|p2a: Suicune|Struggle|p1a: Primarina\n|-damage|p1a: Primarina|77\/100 brn\n|-damage|p2a: Suicune|75\/100|[from] recoil\n|move|p1a: Primarina|Snore||[still]\n|-fail|p1a: Primarina\n|\n|-heal|p2a: Suicune|82\/100|[from] item: Leftovers\n|-heal|p1a: Primarina|83\/100 brn|[from] item: Leftovers\n|-damage|p1a: Primarina|77\/100 brn|[from] brn\n|upkeep\n|turn|109\n|\n|t:|1599174357\n|-activate|p2a: Suicune|move: Struggle\n|move|p2a: Suicune|Struggle|p1a: Primarina\n|-damage|p1a: Primarina|70\/100 brn\n|-damage|p2a: Suicune|57\/100|[from] recoil\n|move|p1a: Primarina|Draining Kiss|p2a: Suicune\n|-crit|p2a: Suicune\n|-end|p2a: Suicune|Substitute\n|-heal|p1a: Primarina|91\/100 brn|[from] drain|[of] p2a: Suicune\n|\n|-heal|p2a: Suicune|63\/100|[from] item: Leftovers\n|-heal|p1a: Primarina|97\/100 brn|[from] item: Leftovers\n|-damage|p1a: Primarina|91\/100 brn|[from] brn\n|upkeep\n|turn|110\n|\n|t:|1599174372\n|-activate|p2a: Suicune|move: Struggle\n|move|p2a: Suicune|Struggle|p1a: Primarina\n|-damage|p1a: Primarina|83\/100 brn\n|-damage|p2a: Suicune|38\/100|[from] recoil\n|move|p1a: Primarina|Draining Kiss|p2a: Suicune\n|-damage|p2a: Suicune|21\/100\n|-heal|p1a: Primarina|97\/100 brn|[from] drain|[of] p2a: Suicune\n|\n|-heal|p2a: Suicune|27\/100|[from] item: Leftovers\n|-heal|p1a: Primarina|100\/100 brn|[from] item: Leftovers\n|-damage|p1a: Primarina|94\/100 brn|[from] brn\n|upkeep\n|turn|111\n|\n|t:|1599174389\n|switch|p1a: Tornadus|Tornadus-Therian, M|100\/100\n|-activate|p2a: Suicune|move: Struggle\n|move|p2a: Suicune|Struggle|p1a: Tornadus\n|-damage|p1a: Tornadus|93\/100\n|-damage|p2a: Suicune|2\/100|[from] recoil\n|\n|-heal|p2a: Suicune|9\/100|[from] item: Leftovers\n|upkeep\n|turn|112\n|\n|t:|1599174397\n|move|p1a: Tornadus|Defog|p2a: Suicune\n|-unboost|p2a: Suicune|evasion|1\n|-sideend|p1: BugCatcherWeevil|Stealth Rock|[from] move: Defog|[of] p1a: Tornadus\n|-activate|p2a: Suicune|move: Struggle\n|move|p2a: Suicune|Struggle|p1a: Tornadus\n|-crit|p1a: Tornadus\n|-damage|p1a: Tornadus|82\/100\n|-damage|p2a: Suicune|0 fnt|[from] recoil\n|faint|p2a: Suicune\n|\n|upkeep\n|\n|t:|1599174403\n|switch|p2a: Gligar|Gligar, M|89\/100\n|turn|113\n|\n|t:|1599174407\n|move|p1a: Tornadus|Taunt|p2a: Gligar\n|-start|p2a: Gligar|move: Taunt\n|cant|p2a: Gligar|move: Taunt|Stealth Rock\n|\n|upkeep\n|turn|114\n|\n|t:|1599174412\n|move|p1a: Tornadus|U-turn|p2a: Gligar\n|-resisted|p2a: Gligar\n|-damage|p2a: Gligar|81\/100\n|\n|t:|1599174417\n|switch|p1a: Abomasnow|Abomasnow, F|100\/100|[from]move: U-turn\n|-weather|Hail|[from] ability: Snow Warning|[of] p1a: Abomasnow\n|move|p2a: Gligar|U-turn|p1a: Abomasnow\n|-supereffective|p1a: Abomasnow\n|-damage|p1a: Abomasnow|76\/100\n|\n|t:|1599174422\n|switch|p2a: Corviknight|Corviknight, F|100\/100|[from]move: U-turn\n|-ability|p2a: Corviknight|Pressure\n|\n|-weather|Hail|[upkeep]\n|-damage|p2a: Corviknight|94\/100|[from] Hail\n|upkeep\n|turn|115\n|\n|t:|1599174434\n|switch|p1a: Tornadus|Tornadus-Therian, M|100\/100\n|move|p2a: Corviknight|Bulk Up|p2a: Corviknight\n|-boost|p2a: Corviknight|atk|1\n|-boost|p2a: Corviknight|def|1\n|\n|-weather|Hail|[upkeep]\n|-damage|p1a: Tornadus|94\/100|[from] Hail\n|-damage|p2a: Corviknight|88\/100|[from] Hail\n|upkeep\n|turn|116\n|\n|t:|1599174439\n|move|p2a: Corviknight|Protect|p2a: Corviknight\n|-singleturn|p2a: Corviknight|Protect\n|move|p1a: Tornadus|Taunt|p2a: Corviknight\n|-activate|p2a: Corviknight|move: Protect\n|\n|-weather|Hail|[upkeep]\n|-damage|p1a: Tornadus|88\/100|[from] Hail\n|-damage|p2a: Corviknight|82\/100|[from] Hail\n|upkeep\n|turn|117\n|\n|t:|1599174445\n|move|p1a: Tornadus|Taunt|p2a: Corviknight\n|-start|p2a: Corviknight|move: Taunt\n|move|p2a: Corviknight|Brave Bird|p1a: Tornadus\n|-damage|p1a: Tornadus|23\/100\n|-damage|p2a: Corviknight|63\/100|[from] Recoil\n|\n|-weather|Hail|[upkeep]\n|-damage|p1a: Tornadus|17\/100|[from] Hail\n|-damage|p2a: Corviknight|57\/100|[from] Hail\n|upkeep\n|turn|118\n|\n|t:|1599174469\n|switch|p1a: Magnezone|Magnezone|64\/100\n|switch|p2a: Gligar|Gligar, M|81\/100\n|\n|-weather|none\n|upkeep\n|turn|119\n|c|\u2606BugCatcherWeevil|nice one\n|\n|t:|1599174498\n|move|p1a: Magnezone|Steel Beam|p2a: Gligar\n|-damage|p2a: Gligar|12\/100\n|-damage|p1a: Magnezone|14\/100|[from] mindblown\n|move|p2a: Gligar|U-turn|p1a: Magnezone\n|-resisted|p1a: Magnezone\n|-crit|p1a: Magnezone\n|-damage|p1a: Magnezone|3\/100\n|\n|t:|1599174507\n|switch|p2a: Nidoqueen|Nidoqueen, F|100\/100|[from]move: U-turn\n|\n|upkeep\n|turn|120\n|\n|t:|1599174513\n|switch|p1a: Lickilicky|Lickilicky, F|100\/100\n|switch|p2a: Gligar|Gligar, M|12\/100\n|\n|upkeep\n|turn|121\n|\n|t:|1599174521\n|switch|p1a: Tornadus|Tornadus-Therian, M|51\/100\n|move|p2a: Gligar|Roost|p2a: Gligar\n|-heal|p2a: Gligar|62\/100\n|-singleturn|p2a: Gligar|move: Roost\n|\n|upkeep\n|turn|122\n|\n|t:|1599174528\n|move|p1a: Tornadus|Taunt|p2a: Gligar\n|-start|p2a: Gligar|move: Taunt\n|cant|p2a: Gligar|move: Taunt|Stealth Rock\n|\n|upkeep\n|turn|123\n|\n|t:|1599174535\n|move|p1a: Tornadus|U-turn|p2a: Gligar\n|-resisted|p2a: Gligar\n|-damage|p2a: Gligar|54\/100\n|\n|t:|1599174544\n|switch|p1a: Lickilicky|Lickilicky, F|100\/100|[from]move: U-turn\n|move|p2a: Gligar|U-turn|p1a: Lickilicky\n|-damage|p1a: Lickilicky|89\/100\n|\n|t:|1599174548\n|switch|p2a: Corviknight|Corviknight, F|57\/100|[from]move: U-turn\n|-ability|p2a: Corviknight|Pressure\n|\n|-heal|p1a: Lickilicky|95\/100|[from] item: Leftovers\n|upkeep\n|turn|124\n|\n|t:|1599174561\n|switch|p2a: Gligar|Gligar, M|54\/100\n|move|p1a: Lickilicky|Wish|p1a: Lickilicky\n|\n|-heal|p1a: Lickilicky|100\/100|[from] item: Leftovers\n|upkeep\n|turn|125\n|\n|t:|1599174575\n|switch|p1a: Tornadus|Tornadus-Therian, M|84\/100\n|move|p2a: Gligar|U-turn|p1a: Tornadus\n|-resisted|p1a: Tornadus\n|-damage|p1a: Tornadus|77\/100\n|\n|t:|1599174578\n|switch|p2a: Nidoqueen|Nidoqueen, F|100\/100|[from]move: U-turn\n|\n|-heal|p1a: Tornadus|100\/100|[from] move: Wish|[wisher] Lickilicky\n|upkeep\n|turn|126\n|\n|t:|1599174585\n|move|p1a: Tornadus|Knock Off|p2a: Nidoqueen\n|-damage|p2a: Nidoqueen|72\/100\n|-enditem|p2a: Nidoqueen|Life Orb|[from] move: Knock Off|[of] p1a: Tornadus\n|move|p2a: Nidoqueen|Ice Beam|p1a: Tornadus\n|-supereffective|p1a: Tornadus\n|-damage|p1a: Tornadus|43\/100\n|\n|upkeep\n|turn|127\n|\n|t:|1599174592\n|move|p1a: Tornadus|U-turn|p2a: Nidoqueen\n|-resisted|p2a: Nidoqueen\n|-damage|p2a: Nidoqueen|62\/100\n|\n|t:|1599174600\n|switch|p1a: Victini|Victini|100\/100|[from]move: U-turn\n|move|p2a: Nidoqueen|Ice Beam|p1a: Victini\n|-resisted|p1a: Victini\n|-damage|p1a: Victini|86\/100\n|\n|upkeep\n|turn|128\n|\n|t:|1599174608\n|move|p1a: Victini|Zen Headbutt|p2a: Nidoqueen\n|-supereffective|p2a: Nidoqueen\n|-damage|p2a: Nidoqueen|0 fnt\n|faint|p2a: Nidoqueen\n|\n|upkeep\n|\n|t:|1599174615\n|switch|p2a: Corviknight|Corviknight, F|57\/100\n|-ability|p2a: Corviknight|Pressure\n|turn|129\n|\n|t:|1599174626\n|move|p1a: Victini|Bolt Strike|p2a: Corviknight\n|-supereffective|p2a: Corviknight\n|-damage|p2a: Corviknight|0 fnt\n|faint|p2a: Corviknight\n|\n|upkeep\n|\n|t:|1599174629\n|switch|p2a: Gligar|Gligar, M|54\/100\n|turn|130\n|\n|t:|1599174633\n|move|p1a: Victini|Glaciate|p2a: Gligar\n|-supereffective|p2a: Gligar\n|-damage|p2a: Gligar|0 fnt\n|faint|p2a: Gligar\n|\n|win|BugCatcherWeevil\n|c|\u2606FIR Tony Stark|Gg\n|c|\u2606BugCatcherWeevil|gg\n|l|\u2606FIR Tony Stark\n|c|\u2606BugCatcherWeevil|ooof that pp stall lol\n","uploadtime":1599174650,"views":67,"p1id":"bugcatcherweevil","p2id":"firtonystark","formatid":"gen8nationaldexag","rating":0,"private":0,"password":null}