{"id":"gen8ou-1687141640","p1":"Lucians Call","p2":"AlIoutdragadarts","format":"gen8ou","log":"|html|<div class=\"broadcast-blue\"><strong>[Gen 8] OU is currently suspecting Melmetal! For information on how to participate check out the <a href=\"https:\/\/www.smogon.com\/forums\/threads\/np-ss-ou-suspect-process-round-12-monster-mash.3709234\/\">suspect thread<\/a>.<\/strong><\/div>\n|j|\u2606Lucians Call\n|j|\u2606AlIoutdragadarts\n|t:|1665932326\n|gametype|singles\n|player|p1|Lucians Call|furisodegirl-blue|\n|player|p2|AlIoutdragadarts|picnicker|\n|teamsize|p1|6\n|teamsize|p2|6\n|gen|8\n|tier|[Gen 8] OU\n|rule|Sleep Clause Mod: Limit one foe put to sleep\n|rule|Species Clause: Limit one of each Pok\u00e9mon\n|rule|OHKO Clause: OHKO moves are banned\n|rule|Evasion Items Clause: Evasion items are banned\n|rule|Evasion Moves Clause: Evasion moves are banned\n|rule|Endless Battle Clause: Forcing endless battles is banned\n|rule|HP Percentage Mod: HP is shown in percentages\n|rule|Dynamax Clause: You cannot dynamax\n|clearpoke\n|poke|p1|Slowking-Galar, M|\n|poke|p1|Magnezone|\n|poke|p1|Rillaboom, F|\n|poke|p1|Kommo-o, M|\n|poke|p1|Landorus-Therian, M|\n|poke|p1|Volcanion|\n|poke|p2|Slowbro, M|\n|poke|p2|Slowking-Galar, M|\n|poke|p2|Buzzwole|\n|poke|p2|Weavile, M|\n|poke|p2|Landorus-Therian, M|\n|poke|p2|Ferrothorn, M|\n|teampreview\n|c|\u2606AlIoutdragadarts|hf\n|c|\u2606Lucians Call|u2\n|c|\u2606Lucians Call|can u link in the ou room pls\n|c|\u2606AlIoutdragadarts|link this in ou chat?\n|c|\u2606Lucians Call|ye\n|j| SpookElekiElectric\n|j| Sww-Suwa\n|c|\u2606AlIoutdragadarts|done\n|j| i suck smh\n|c| SpookElekiElectric|this is an olt game?\n|c|\u2606Lucians Call|for ourlt\n|c| i suck smh|:D\n|c| i suck smh|hi bro\n|c| SpookElekiElectric|Both teams got heat fr\n|\n|t:|1665932430\n|start\n|switch|p1a: Landorus|Landorus-Therian, M|100\/100\n|switch|p2a: Landorus|Landorus-Therian, M, shiny|100\/100\n|-ability|p1a: Landorus|Intimidate|boost\n|-unboost|p2a: Landorus|atk|1\n|-ability|p2a: Landorus|Intimidate|boost\n|-unboost|p1a: Landorus|atk|1\n|turn|1\n|j| IllegalGorilla\n|c| SpookElekiElectric|glowking slowbro versus kommo-o\n|j| supersam10001\n|j| blooclipse\n|c| SpookElekiElectric|Da bros versus da o\n|j| amstan (-_-)\n|j| Turn Endo\n|j| Itz a Corr\n|j| zebbkira\n|j| sufys12\n|\n|t:|1665932458\n|move|p1a: Landorus|Knock Off|p2a: Landorus\n|-damage|p2a: Landorus|79\/100\n|-enditem|p2a: Landorus|Leftovers|[from] move: Knock Off|[of] p1a: Landorus\n|move|p2a: Landorus|Toxic|p1a: Landorus\n|-status|p1a: Landorus|tox\n|\n|-damage|p1a: Landorus|94\/100 tox|[from] psn\n|upkeep\n|turn|2\n|l| Itz a Corr\n|\n|t:|1665932464\n|move|p1a: Landorus|U-turn|p2a: Landorus\n|-resisted|p2a: Landorus\n|-damage|p2a: Landorus|72\/100\n|\n|t:|1665932466\n|switch|p1a: Kommo-o|Kommo-o, M|100\/100|[from]move: U-turn\n|move|p2a: Landorus|U-turn|p1a: Kommo-o\n|-resisted|p1a: Kommo-o\n|-damage|p1a: Kommo-o|96\/100\n|-damage|p2a: Landorus|56\/100|[from] item: Rocky Helmet|[of] p1a: Kommo-o\n|j| Weaselfie\n|j| jonfilch\n|\n|t:|1665932484\n|switch|p2a: Slowking|Slowking-Galar, M, shiny|100\/100|[from]move: U-turn\n|\n|upkeep\n|turn|3\n|\n|t:|1665932489\n|move|p1a: Kommo-o|Stealth Rock|p2a: Slowking\n|-sidestart|p2: AlIoutdragadarts|move: Stealth Rock\n|move|p2a: Slowking|Future Sight|p1a: Kommo-o\n|-start|p2a: Slowking|move: Future Sight\n|\n|upkeep\n|turn|4\n|c| jonfilch|go allioutdragadarts\n|l| sufys12\n|l| blooclipse\n|c| SpookElekiElectric|Go pokemon players\n|\n|t:|1665932525\n|switch|p1a: Slowking|Slowking-Galar, M|100\/100\n|switch|p2a: Ferrothorn|Ferrothorn, M, shiny|100\/100\n|-damage|p2a: Ferrothorn|94\/100|[from] Stealth Rock\n|\n|-heal|p2a: Ferrothorn|100\/100|[from] item: Leftovers\n|upkeep\n|turn|5\n|\n|t:|1665932542\n|switch|p2a: Slowbro|Slowbro, M, shiny|100\/100\n|move|p1a: Slowking|Psyshock|p2a: Slowbro\n|-resisted|p2a: Slowbro\n|-damage|p2a: Slowbro|85\/100\n|\n|-end|p1a: Slowking|move: Future Sight\n|-damage|p1a: Slowking|64\/100\n|upkeep\n|turn|6\n|l| amstan (-_-)\n|\n|t:|1665932572\n|move|p1a: Slowking|Sludge Bomb|p2a: Slowbro\n|-damage|p2a: Slowbro|51\/100\n|move|p2a: Slowbro|Future Sight|p1a: Slowking\n|-start|p2a: Slowbro|move: Future Sight\n|\n|upkeep\n|turn|7\n|\n|t:|1665932584\n|move|p1a: Slowking|Sludge Bomb|p2a: Slowbro\n|-damage|p2a: Slowbro|19\/100\n|move|p2a: Slowbro|Teleport|p2a: Slowbro\n|\n|t:|1665932585\n|switch|p2a: Weavile|Weavile, M, shiny|100\/100|[from]move: Teleport\n|-ability|p2a: Weavile|Pressure\n|\n|upkeep\n|turn|8\n|\n|t:|1665932618\n|switch|p1a: Landorus|Landorus-Therian, M|94\/100 tox\n|-ability|p1a: Landorus|Intimidate|boost\n|-unboost|p2a: Weavile|atk|1\n|move|p2a: Weavile|Knock Off|p1a: Landorus\n|-damage|p1a: Landorus|63\/100 tox\n|-enditem|p1a: Landorus|Leftovers|[from] move: Knock Off|[of] p2a: Weavile\n|\n|-end|p1a: Landorus|move: Future Sight\n|-damage|p1a: Landorus|30\/100 tox\n|-damage|p1a: Landorus|24\/100 tox|[from] psn\n|upkeep\n|turn|9\n|\n|t:|1665932648\n|switch|p1a: Kommo-o|Kommo-o, M|96\/100\n|move|p2a: Weavile|Ice Shard|p1a: Kommo-o\n|-supereffective|p1a: Kommo-o\n|-damage|p1a: Kommo-o|80\/100\n|\n|upkeep\n|turn|10\n|c| SpookElekiElectric|16\n|c| SpookElekiElectric|bro\n|c| SpookElekiElectric|this shit is goated\n|\n|t:|1665932671\n|switch|p2a: Slowbro|Slowbro, M, shiny|52\/100\n|switch|p1a: Slowking|Slowking-Galar, M|97\/100\n|\n|upkeep\n|turn|11\n|c| SpookElekiElectric|Every band weavile is shiny\n|c| SpookElekiElectric|fr\n|c| SpookElekiElectric|(joke)\n|\n|t:|1665932683\n|switch|p2a: Slowking|Slowking-Galar, M, shiny|100\/100\n|-damage|p2a: Slowking|88\/100|[from] Stealth Rock\n|move|p1a: Slowking|Sludge Bomb|p2a: Slowking\n|-resisted|p2a: Slowking\n|-damage|p2a: Slowking|78\/100\n|\n|upkeep\n|turn|12\n|\n|t:|1665932690\n|move|p1a: Slowking|Psyshock|p2a: Slowking\n|-damage|p2a: Slowking|36\/100\n|move|p2a: Slowking|Future Sight|p1a: Slowking\n|-start|p2a: Slowking|move: Future Sight\n|\n|upkeep\n|turn|13\n|\n|t:|1665932709\n|switch|p2a: Weavile|Weavile, M, shiny|100\/100\n|-ability|p2a: Weavile|Pressure\n|move|p1a: Slowking|Sludge Bomb|p2a: Weavile\n|-damage|p2a: Weavile|40\/100\n|\n|upkeep\n|turn|14\n|\n|t:|1665932718\n|switch|p1a: Landorus|Landorus-Therian, M|24\/100 tox\n|-ability|p1a: Landorus|Intimidate|boost\n|-unboost|p2a: Weavile|atk|1\n|move|p2a: Weavile|Knock Off|p1a: Landorus\n|-damage|p1a: Landorus|3\/100 tox\n|\n|-end|p1a: Landorus|move: Future Sight\n|-damage|p1a: Landorus|0 fnt\n|faint|p1a: Landorus\n|upkeep\n|c| SpookElekiElectric|Glowking is that strong? wow\n|\n|t:|1665932724\n|switch|p1a: Magnezone|Magnezone|100\/100\n|turn|15\n|c| SpookElekiElectric|I should use him more\n|\n|t:|1665932746\n|switch|p2a: Slowking|Slowking-Galar, M, shiny|70\/100\n|-damage|p2a: Slowking|57\/100|[from] Stealth Rock\n|move|p1a: Magnezone|Volt Switch|p2a: Slowking\n|-damage|p2a: Slowking|18\/100\n|\n|t:|1665932754\n|switch|p1a: Slowking|Slowking-Galar, M|100\/100|[from]move: Volt Switch\n|\n|upkeep\n|turn|16\n|j| AGLT5GC AIsang\n|\n|t:|1665932775\n|switch|p2a: Ferrothorn|Ferrothorn, M, shiny|100\/100\n|-damage|p2a: Ferrothorn|94\/100|[from] Stealth Rock\n|move|p1a: Slowking|Sludge Bomb|p2a: Ferrothorn\n|-immune|p2a: Ferrothorn\n|\n|-heal|p2a: Ferrothorn|100\/100|[from] item: Leftovers\n|upkeep\n|turn|17\n|\n|t:|1665932786\n|switch|p2a: Slowbro|Slowbro, M, shiny|85\/100\n|move|p1a: Slowking|Sludge Bomb|p2a: Slowbro\n|-damage|p2a: Slowbro|52\/100\n|-status|p2a: Slowbro|psn\n|\n|-damage|p2a: Slowbro|39\/100 psn|[from] psn\n|upkeep\n|turn|18\n|l| i suck smh\n|\n|t:|1665932797\n|move|p1a: Slowking|Sludge Bomb|p2a: Slowbro\n|-damage|p2a: Slowbro|2\/100 psn\n|move|p2a: Slowbro|Slack Off|p2a: Slowbro\n|-heal|p2a: Slowbro|52\/100 psn\n|\n|-damage|p2a: Slowbro|40\/100 psn|[from] psn\n|upkeep\n|turn|19\n|\n|t:|1665932806\n|switch|p1a: Magnezone|Magnezone|100\/100\n|move|p2a: Slowbro|Slack Off|p2a: Slowbro\n|-heal|p2a: Slowbro|90\/100 psn\n|\n|-damage|p2a: Slowbro|77\/100 psn|[from] psn\n|upkeep\n|turn|20\n|\n|t:|1665932815\n|switch|p2a: Ferrothorn|Ferrothorn, M, shiny|100\/100\n|-damage|p2a: Ferrothorn|94\/100|[from] Stealth Rock\n|move|p1a: Magnezone|Flash Cannon|p2a: Ferrothorn\n|-resisted|p2a: Ferrothorn\n|-damage|p2a: Ferrothorn|55\/100\n|\n|-heal|p2a: Ferrothorn|61\/100|[from] item: Leftovers\n|upkeep\n|turn|21\n|c| SpookElekiElectric|OH SHIT\n|\n|t:|1665932824\n|switch|p1a: Volcanion|Volcanion|100\/100\n|move|p2a: Ferrothorn|Stealth Rock|p1a: Volcanion\n|-sidestart|p1: Lucians Call|move: Stealth Rock\n|\n|-heal|p2a: Ferrothorn|68\/100|[from] item: Leftovers\n|upkeep\n|turn|22\n|\n|t:|1665932832\n|switch|p2a: Slowbro|Slowbro, M, shiny|100\/100 psn\n|move|p1a: Volcanion|Earth Power|p2a: Slowbro\n|-damage|p2a: Slowbro|73\/100 psn\n|-unboost|p2a: Slowbro|spd|1\n|\n|-damage|p2a: Slowbro|60\/100 psn|[from] psn\n|upkeep\n|turn|23\n|\n|t:|1665932845\n|move|p1a: Volcanion|Earth Power|p2a: Slowbro\n|-damage|p2a: Slowbro|19\/100 psn\n|-unboost|p2a: Slowbro|spd|1\n|move|p2a: Slowbro|Teleport|p2a: Slowbro\n|\n|t:|1665932848\n|switch|p2a: Buzzwole|Buzzwole, shiny|100\/100|[from]move: Teleport\n|-damage|p2a: Buzzwole|88\/100|[from] Stealth Rock\n|\n|upkeep\n|turn|24\n|\n|t:|1665932856\n|move|p2a: Buzzwole|Close Combat|p1a: Volcanion\n|-damage|p1a: Volcanion|19\/100\n|-unboost|p2a: Buzzwole|def|1\n|-unboost|p2a: Buzzwole|spd|1\n|move|p1a: Volcanion|Flamethrower|p2a: Buzzwole\n|-supereffective|p2a: Buzzwole\n|-damage|p2a: Buzzwole|0 fnt\n|faint|p2a: Buzzwole\n|\n|upkeep\n|\n|t:|1665932859\n|switch|p2a: Weavile|Weavile, M, shiny|40\/100\n|-ability|p2a: Weavile|Pressure\n|turn|25\n|\n|t:|1665932867\n|switch|p1a: Magnezone|Magnezone|100\/100\n|-damage|p1a: Magnezone|94\/100|[from] Stealth Rock\n|move|p2a: Weavile|Knock Off|p1a: Magnezone\n|-damage|p1a: Magnezone|41\/100\n|-enditem|p1a: Magnezone|Choice Specs|[from] move: Knock Off|[of] p2a: Weavile\n|\n|upkeep\n|turn|26\n|\n|t:|1665932869\n|move|p2a: Weavile|Low Kick|p1a: Magnezone\n|-supereffective|p1a: Magnezone\n|-damage|p1a: Magnezone|0 fnt\n|faint|p1a: Magnezone\n|\n|upkeep\n|c| SpookElekiElectric|Nooo\n|c| SpookElekiElectric|not the chad zone\n|c| SpookElekiElectric|He got scammed bro\n|\n|t:|1665932887\n|switch|p1a: Kommo-o|Kommo-o, M|80\/100\n|-damage|p1a: Kommo-o|74\/100|[from] Stealth Rock\n|turn|27\n|\n|t:|1665932919\n|switch|p2a: Slowbro|Slowbro, M, shiny|52\/100 psn\n|move|p1a: Kommo-o|Body Press|p2a: Slowbro\n|-resisted|p2a: Slowbro\n|-damage|p2a: Slowbro|34\/100 psn\n|\n|-damage|p2a: Slowbro|21\/100 psn|[from] psn\n|upkeep\n|turn|28\n|\n|t:|1665932930\n|move|p1a: Kommo-o|Draco Meteor|p2a: Slowbro|[miss]\n|-miss|p1a: Kommo-o|p2a: Slowbro\n|move|p2a: Slowbro|Teleport|p2a: Slowbro\n|c|\u2606Lucians Call|ffs\n|c| SpookElekiElectric|skilled game\n|\n|t:|1665932935\n|switch|p2a: Slowking|Slowking-Galar, M, shiny|51\/100|[from]move: Teleport\n|-damage|p2a: Slowking|39\/100|[from] Stealth Rock\n|\n|upkeep\n|turn|29\n|c|\u2606AlIoutdragadarts|mb\n|c| jonfilch|goat\n|\n|t:|1665932959\n|switch|p1a: Slowking|Slowking-Galar, M|100\/100\n|-damage|p1a: Slowking|88\/100|[from] Stealth Rock\n|move|p2a: Slowking|Psyshock|p1a: Slowking\n|-crit|p1a: Slowking\n|-damage|p1a: Slowking|27\/100\n|\n|upkeep\n|turn|30\n|c| SpookElekiElectric|Damn bro more rng\n|\n|t:|1665932992\n|switch|p2a: Landorus|Landorus-Therian, M, shiny|56\/100\n|-damage|p2a: Landorus|44\/100|[from] Stealth Rock\n|-ability|p2a: Landorus|Intimidate|boost\n|-unboost|p1a: Slowking|atk|1\n|move|p1a: Slowking|Psyshock|p2a: Landorus\n|-damage|p2a: Landorus|7\/100\n|\n|upkeep\n|turn|31\n|\n|t:|1665933013\n|switch|p1a: Kommo-o|Kommo-o, M|74\/100\n|-damage|p1a: Kommo-o|67\/100|[from] Stealth Rock\n|move|p2a: Landorus|U-turn|p1a: Kommo-o\n|-resisted|p1a: Kommo-o\n|-damage|p1a: Kommo-o|61\/100\n|-damage|p2a: Landorus|0 fnt|[from] item: Rocky Helmet|[of] p1a: Kommo-o\n|faint|p2a: Landorus\n|\n|upkeep\n|c| SpookElekiElectric|I feel like have a winner rn tbh\n|\n|t:|1665933023\n|switch|p2a: Slowking|Slowking-Galar, M, shiny|72\/100\n|-damage|p2a: Slowking|60\/100|[from] Stealth Rock\n|turn|32\n|c| SpookElekiElectric|Not gonna say anything\n|c| SpookElekiElectric|but we might\n|\n|t:|1665933049\n|switch|p1a: Volcanion|Volcanion|19\/100\n|move|p2a: Slowking|Psyshock|p1a: Volcanion\n|-damage|p1a: Volcanion|0 fnt\n|faint|p1a: Volcanion\n|\n|upkeep\n|\n|t:|1665933051\n|switch|p1a: Rillaboom|Rillaboom, F|100\/100\n|-damage|p1a: Rillaboom|88\/100|[from] Stealth Rock\n|-fieldstart|move: Grassy Terrain|[from] ability: Grassy Surge|[of] p1a: Rillaboom\n|turn|33\n|\n|t:|1665933059\n|switch|p2a: Slowbro|Slowbro, M, shiny|55\/100 psn\n|move|p1a: Rillaboom|Knock Off|p2a: Slowbro\n|-supereffective|p2a: Slowbro\n|-damage|p2a: Slowbro|5\/100 psn\n|-enditem|p2a: Slowbro|Heavy-Duty Boots|[from] move: Knock Off|[of] p1a: Rillaboom\n|\n|-heal|p1a: Rillaboom|94\/100|[from] Grassy Terrain\n|-heal|p1a: Rillaboom|100\/100|[from] item: Leftovers\n|-heal|p2a: Slowbro|11\/100 psn|[from] Grassy Terrain\n|-damage|p2a: Slowbro|0 fnt|[from] psn\n|faint|p2a: Slowbro\n|upkeep\n|\n|t:|1665933142\n|switch|p2a: Slowking|Slowking-Galar, M, shiny|93\/100\n|-damage|p2a: Slowking|81\/100|[from] Stealth Rock\n|turn|34\n|c| SpookElekiElectric|intense thinking\n|c| SpookElekiElectric|moment\n|\n|t:|1665933245\n|switch|p1a: Slowking|Slowking-Galar, M|60\/100\n|-damage|p1a: Slowking|48\/100|[from] Stealth Rock\n|move|p2a: Slowking|Sludge Bomb|p1a: Slowking\n|-resisted|p1a: Slowking\n|-damage|p1a: Slowking|35\/100\n|\n|-heal|p1a: Slowking|41\/100|[from] Grassy Terrain\n|-heal|p2a: Slowking|87\/100|[from] Grassy Terrain\n|upkeep\n|turn|35\n|\n|t:|1665933277\n|move|p1a: Slowking|Psyshock|p2a: Slowking\n|-crit|p2a: Slowking\n|-damage|p2a: Slowking|25\/100\n|move|p2a: Slowking|Psyshock|p1a: Slowking\n|-damage|p1a: Slowking|0 fnt\n|faint|p1a: Slowking\n|\n|-heal|p2a: Slowking|31\/100|[from] Grassy Terrain\n|upkeep\n|\n|t:|1665933282\n|switch|p1a: Rillaboom|Rillaboom, F|100\/100\n|-damage|p1a: Rillaboom|88\/100|[from] Stealth Rock\n|turn|36\n|\n|t:|1665933287\n|switch|p2a: Ferrothorn|Ferrothorn, M, shiny|68\/100\n|-damage|p2a: Ferrothorn|61\/100|[from] Stealth Rock\n|move|p1a: Rillaboom|Swords Dance|p1a: Rillaboom\n|-boost|p1a: Rillaboom|atk|2\n|\n|-heal|p1a: Rillaboom|94\/100|[from] Grassy Terrain\n|-heal|p1a: Rillaboom|100\/100|[from] item: Leftovers\n|-heal|p2a: Ferrothorn|68\/100|[from] Grassy Terrain\n|-heal|p2a: Ferrothorn|74\/100|[from] item: Leftovers\n|upkeep\n|turn|37\n|c| SpookElekiElectric|Ig rilla just wins\n|\n|t:|1665933299\n|move|p1a: Rillaboom|Swords Dance|p1a: Rillaboom\n|-boost|p1a: Rillaboom|atk|2\n|move|p2a: Ferrothorn|Knock Off|p1a: Rillaboom\n|-damage|p1a: Rillaboom|81\/100\n|-enditem|p1a: Rillaboom|Leftovers|[from] move: Knock Off|[of] p2a: Ferrothorn\n|\n|-heal|p1a: Rillaboom|87\/100|[from] Grassy Terrain\n|-heal|p2a: Ferrothorn|80\/100|[from] Grassy Terrain\n|-heal|p2a: Ferrothorn|86\/100|[from] item: Leftovers\n|-fieldend|move: Grassy Terrain\n|upkeep\n|turn|38\n|c| SpookElekiElectric|what the fuck\n|c| SpookElekiElectric|the balls it takes to do that\n|\n|t:|1665933322\n|switch|p2a: Slowking|Slowking-Galar, M, shiny|64\/100\n|-damage|p2a: Slowking|52\/100|[from] Stealth Rock\n|move|p1a: Rillaboom|Drain Punch|p2a: Slowking\n|-resisted|p2a: Slowking\n|-damage|p2a: Slowking|31\/100\n|-heal|p1a: Rillaboom|98\/100|[from] drain|[of] p2a: Slowking\n|\n|upkeep\n|turn|39\n|\n|t:|1665933344\n|switch|p2a: Ferrothorn|Ferrothorn, M, shiny|86\/100\n|-damage|p2a: Ferrothorn|80\/100|[from] Stealth Rock\n|move|p1a: Rillaboom|Knock Off|p2a: Ferrothorn\n|-damage|p2a: Ferrothorn|24\/100\n|-damage|p1a: Rillaboom|85\/100|[from] ability: Iron Barbs|[of] p2a: Ferrothorn\n|-enditem|p2a: Ferrothorn|Leftovers|[from] move: Knock Off|[of] p1a: Rillaboom\n|\n|upkeep\n|turn|40\n|\n|t:|1665933349\n|move|p1a: Rillaboom|Drain Punch|p2a: Ferrothorn\n|-supereffective|p2a: Ferrothorn\n|-damage|p2a: Ferrothorn|0 fnt\n|-heal|p1a: Rillaboom|96\/100|[from] drain|[of] p2a: Ferrothorn\n|-damage|p1a: Rillaboom|83\/100|[from] ability: Iron Barbs|[of] p2a: Ferrothorn\n|faint|p2a: Ferrothorn\n|\n|upkeep\n|\n|t:|1665933350\n|switch|p2a: Weavile|Weavile, M, shiny|40\/100\n|-ability|p2a: Weavile|Pressure\n|turn|41\n|c| SpookElekiElectric|Mind game time\n|\n|t:|1665933371\n|switch|p2a: Slowking|Slowking-Galar, M, shiny|64\/100\n|-damage|p2a: Slowking|52\/100|[from] Stealth Rock\n|switch|p1a: Kommo-o|Kommo-o, M|61\/100\n|-damage|p1a: Kommo-o|54\/100|[from] Stealth Rock\n|\n|upkeep\n|turn|42\n|c| SpookElekiElectric|Or not\n|\n|t:|1665933398\n|move|p1a: Kommo-o|Draco Meteor|p2a: Slowking|[miss]\n|-miss|p1a: Kommo-o|p2a: Slowking\n|move|p2a: Slowking|Future Sight|p1a: Kommo-o\n|-start|p2a: Slowking|move: Future Sight\n|\n|upkeep\n|turn|43\n|\n|t:|1665933408\n|move|p1a: Kommo-o|Draco Meteor|p2a: Slowking\n|-damage|p2a: Slowking|31\/100\n|-unboost|p1a: Kommo-o|spa|2\n|move|p2a: Slowking|Psyshock|p1a: Kommo-o\n|-supereffective|p1a: Kommo-o\n|-damage|p1a: Kommo-o|6\/100\n|\n|upkeep\n|turn|44\n|c| SpookElekiElectric|Kommo-o tryna hit a draco meteor: *heavy sweating*\n|c| SpookElekiElectric|Oh wow it did 0\n|c|\u2606AlIoutdragadarts|aw shit\n|c|\u2606Lucians Call|bro\n|c|\u2606AlIoutdragadarts|gg\n|c| SpookElekiElectric|Anyone can win rn if rilla is stupid\n|c|\u2606Lucians Call|ye as long as u don\u2019t crit\n|c|\u2606Lucians Call|w shard\n|c| SpookElekiElectric|Its not even band tho right because its that sd no axel one\n|c| SpookElekiElectric|I think\n|\n|t:|1665933460\n|switch|p2a: Weavile|Weavile, M, shiny|40\/100\n|-ability|p2a: Weavile|Pressure\n|move|p1a: Kommo-o|Body Press|p2a: Weavile\n|-supereffective|p2a: Weavile\n|-damage|p2a: Weavile|0 fnt\n|faint|p2a: Weavile\n|\n|-end|p1a: Kommo-o|move: Future Sight\n|-supereffective|p1a: Kommo-o\n|-damage|p1a: Kommo-o|0 fnt\n|faint|p1a: Kommo-o\n|upkeep\n|\n|t:|1665933464\n|switch|p2a: Slowking|Slowking-Galar, M, shiny|64\/100\n|switch|p1a: Rillaboom|Rillaboom, F|83\/100\n|-damage|p1a: Rillaboom|71\/100|[from] Stealth Rock\n|-fieldstart|move: Grassy Terrain|[from] ability: Grassy Surge|[of] p1a: Rillaboom\n|-damage|p2a: Slowking|52\/100|[from] Stealth Rock\n|turn|45\n|c| SpookElekiElectric|Its not a common set th\n|c| SpookElekiElectric|OH SHIT\n|\n|t:|1665933469\n|move|p1a: Rillaboom|Knock Off|p2a: Slowking\n|-supereffective|p2a: Slowking\n|-damage|p2a: Slowking|0 fnt\n|-enditem|p2a: Slowking|Assault Vest|[from] move: Knock Off|[of] p1a: Rillaboom\n|faint|p2a: Slowking\n|\n|win|Lucians Call\n|c| SpookElekiElectric|THE READ\n|c|\u2606Lucians Call|gg\n|c| SpookElekiElectric|WHAT A GAME FOLKS\n|c| SpookElekiElectric|WHAT A GAME\n|c|\u2606Lucians Call|wtf was that weavile\n|c|\u2606Lucians Call|crazy set\n|c| SpookElekiElectric|It didnt take sr\n|c| SpookElekiElectric|right\n|l| Sww-Suwa\n|c| SpookElekiElectric|E\n|l| SpookElekiElectric\n|l| IllegalGorilla\n|l| zebbkira\n|l| supersam10001\n|l| jonfilch\n|l| Weaselfie\n|l| AGLT5GC AIsang\n|l| Turn Endo\n|j| Sww-Suwa\n|l| Sww-Suwa\n|j| Leavers\n|l| Leavers\n|l|\u2606Lucians Call\n|player|p2|AlIoutdragadarts|picnicker\n|j| adreamew\n|l| adreamew\n","uploadtime":1665933500,"views":88,"p1id":"lucianscall","p2id":"alioutdragadarts","formatid":"gen8ou","rating":0,"private":0,"password":null}