{"id":"gen8ou-1651675963","p1":"minimax_ai","p2":"Suricata2000","format":"gen8ou","log":"|j|\u2606minimax_ai\n|j|\u2606Suricata2000\n|t:|1661844696\n|gametype|singles\n|player|p1|minimax_ai|lusamine-nihilego|1558\n|player|p2|Suricata2000|cynthia|1644\n|teamsize|p1|6\n|teamsize|p2|6\n|gen|8\n|tier|[Gen 8] OU\n|rated|\n|rule|Sleep Clause Mod: Limit one foe put to sleep\n|rule|Species Clause: Limit one of each Pok\u00e9mon\n|rule|OHKO Clause: OHKO moves are banned\n|rule|Evasion Items Clause: Evasion items are banned\n|rule|Evasion Moves Clause: Evasion moves are banned\n|rule|Endless Battle Clause: Forcing endless battles is banned\n|rule|HP Percentage Mod: HP is shown in percentages\n|rule|Dynamax Clause: You cannot dynamax\n|clearpoke\n|poke|p1|Rotom-Wash|\n|poke|p1|Weavile, M|\n|poke|p1|Landorus-Therian, M|\n|poke|p1|Heatran, M|\n|poke|p1|Tangrowth, F|\n|poke|p1|Melmetal|\n|poke|p2|Clefable, F|\n|poke|p2|Tornadus-Therian, M|\n|poke|p2|Nidoking, M|\n|poke|p2|Slowbro, M|\n|poke|p2|Urshifu-*, M|\n|poke|p2|Ferrothorn, M|\n|teampreview\n|j| sgvh\n|c|\u2606minimax_ai|hf\n|inactive|Battle timer is ON: inactive players will automatically lose when time's up. (requested by minimax_ai)\n|\n|t:|1661844712\n|start\n|switch|p1a: landorustherian|Landorus-Therian, M|100\/100\n|switch|p2a: Urshifu|Urshifu-Rapid-Strike, M|100\/100\n|-ability|p1a: landorustherian|Intimidate|boost\n|-unboost|p2a: Urshifu|atk|1\n|turn|1\n|\n|t:|1661844721\n|switch|p1a: Tangrowth|Tangrowth, F|100\/100\n|move|p2a: Urshifu|U-turn|p1a: Tangrowth\n|-supereffective|p1a: Tangrowth\n|-damage|p1a: Tangrowth|84\/100\n|-damage|p2a: Urshifu|84\/100|[from] item: Rocky Helmet|[of] p1a: Tangrowth\n|\n|t:|1661844729\n|switch|p2a: Nidoking|Nidoking, M|100\/100|[from]move: U-turn\n|\n|upkeep\n|turn|2\n|\n|t:|1661844737\n|switch|p1a: Heatran|Heatran, M|100\/100\n|-item|p1a: Heatran|Air Balloon\n|move|p2a: Nidoking|Sludge Wave|p1a: Heatran\n|-immune|p1a: Heatran\n|\n|upkeep\n|turn|3\n|\n|t:|1661844746\n|switch|p2a: Slowbro|Slowbro, M|100\/100\n|move|p1a: Heatran|Stealth Rock|p2a: Slowbro\n|-sidestart|p2: Suricata2000|move: Stealth Rock\n|\n|upkeep\n|turn|4\n|\n|t:|1661844752\n|switch|p1a: rotomwash|Rotom-Wash|100\/100\n|move|p2a: Slowbro|Teleport|p2a: Slowbro\n|\n|t:|1661844760\n|switch|p2a: Clefable|Clefable, F|100\/100|[from]move: Teleport\n|\n|upkeep\n|turn|5\n|\n|t:|1661844767\n|move|p1a: rotomwash|Nasty Plot|p1a: rotomwash\n|-boost|p1a: rotomwash|spa|2\n|move|p2a: Clefable|Stealth Rock|p1a: rotomwash\n|-sidestart|p1: minimax_ai|move: Stealth Rock\n|\n|upkeep\n|turn|6\n|\n|t:|1661844773\n|move|p1a: rotomwash|Thunderbolt|p2a: Clefable\n|-damage|p2a: Clefable|51\/100\n|move|p2a: Clefable|Moonblast|p1a: rotomwash\n|-damage|p1a: rotomwash|69\/100\n|\n|-heal|p1a: rotomwash|75\/100|[from] item: Leftovers\n|-heal|p2a: Clefable|57\/100|[from] item: Leftovers\n|upkeep\n|turn|7\n|\n|t:|1661844786\n|move|p1a: rotomwash|Thunderbolt|p2a: Clefable\n|-damage|p2a: Clefable|8\/100\n|move|p2a: Clefable|Moonblast|p1a: rotomwash\n|-damage|p1a: rotomwash|45\/100\n|\n|-heal|p1a: rotomwash|51\/100|[from] item: Leftovers\n|-heal|p2a: Clefable|14\/100|[from] item: Leftovers\n|upkeep\n|turn|8\n|\n|t:|1661844796\n|move|p1a: rotomwash|Hydro Pump|p2a: Clefable\n|-damage|p2a: Clefable|0 fnt\n|faint|p2a: Clefable\n|\n|-heal|p1a: rotomwash|57\/100|[from] item: Leftovers\n|upkeep\n|\n|t:|1661844804\n|switch|p2a: Nidoking|Nidoking, M|100\/100\n|-damage|p2a: Nidoking|95\/100|[from] Stealth Rock\n|turn|9\n|\n|t:|1661844810\n|switch|p1a: Heatran|Heatran, M|100\/100\n|-damage|p1a: Heatran|88\/100|[from] Stealth Rock\n|-item|p1a: Heatran|Air Balloon\n|move|p2a: Nidoking|Sludge Wave|p1a: Heatran\n|-immune|p1a: Heatran\n|\n|upkeep\n|turn|10\n|\n|t:|1661844820\n|move|p2a: Nidoking|Ice Beam|p1a: Heatran\n|-resisted|p1a: Heatran\n|-damage|p1a: Heatran|79\/100\n|-enditem|p1a: Heatran|Air Balloon\n|move|p1a: Heatran|Eruption|p2a: Nidoking\n|-damage|p2a: Nidoking|6\/100\n|\n|upkeep\n|turn|11\n|\n|t:|1661844832\n|switch|p1a: Melmetal|Melmetal|100\/100\n|-damage|p1a: Melmetal|94\/100|[from] Stealth Rock\n|move|p2a: Nidoking|Earth Power|p1a: Melmetal\n|-supereffective|p1a: Melmetal\n|-damage|p1a: Melmetal|27\/100\n|\n|upkeep\n|turn|12\n|\n|t:|1661844841\n|move|p2a: Nidoking|Earth Power|p1a: Melmetal\n|-supereffective|p1a: Melmetal\n|-damage|p1a: Melmetal|0 fnt\n|faint|p1a: Melmetal\n|\n|upkeep\n|\n|t:|1661844841\n|switch|p1a: Weavile|Weavile, M|100\/100\n|-damage|p1a: Weavile|76\/100|[from] Stealth Rock\n|-ability|p1a: Weavile|Pressure\n|turn|13\n|inactive|Suricata2000 has 120 seconds left.\n|\n|t:|1661844875\n|move|p1a: Weavile|Knock Off|p2a: Nidoking\n|-damage|p2a: Nidoking|0 fnt\n|-enditem|p2a: Nidoking|Life Orb|[from] move: Knock Off|[of] p1a: Weavile\n|faint|p2a: Nidoking\n|\n|upkeep\n|inactive|Suricata2000 has 120 seconds left.\n|\n|t:|1661844892\n|switch|p2a: Tornadus|Tornadus-Therian, M, shiny|100\/100\n|turn|14\n|\n|t:|1661844902\n|switch|p1a: Heatran|Heatran, M|79\/100\n|-damage|p1a: Heatran|66\/100|[from] Stealth Rock\n|move|p2a: Tornadus|U-turn|p1a: Heatran\n|-resisted|p1a: Heatran\n|-damage|p1a: Heatran|63\/100\n|\n|t:|1661844912\n|switch|p2a: Urshifu|Urshifu-Rapid-Strike, M|84\/100|[from]move: U-turn\n|-damage|p2a: Urshifu|78\/100|[from] Stealth Rock\n|\n|upkeep\n|turn|15\n|\n|t:|1661844919\n|switch|p2a: Tornadus|Tornadus-Therian, M, shiny|100\/100\n|switch|p1a: Tangrowth|Tangrowth, F|100\/100\n|-damage|p1a: Tangrowth|88\/100|[from] Stealth Rock\n|\n|upkeep\n|turn|16\n|j| isdfaijwefaf\n|inactive|Suricata2000 has 120 seconds left.\n|\n|t:|1661844930\n|switch|p1a: rotomwash|Rotom-Wash|57\/100\n|-damage|p1a: rotomwash|45\/100|[from] Stealth Rock\n|move|p2a: Tornadus|Knock Off|p1a: rotomwash\n|-damage|p1a: rotomwash|23\/100\n|-enditem|p1a: rotomwash|Leftovers|[from] move: Knock Off|[of] p2a: Tornadus\n|\n|upkeep\n|turn|17\n|inactive|Suricata2000 has 120 seconds left.\n|\n|t:|1661844940\n|move|p2a: Tornadus|U-turn|p1a: rotomwash\n|-damage|p1a: rotomwash|7\/100\n|\n|t:|1661844955\n|switch|p2a: Ferrothorn|Ferrothorn, M|100\/100|[from]move: U-turn\n|-damage|p2a: Ferrothorn|95\/100|[from] Stealth Rock\n|move|p1a: rotomwash|Pain Split|p2a: Ferrothorn\n|-sethp|p2a: Ferrothorn|50\/100|[from] move: Pain Split|[silent]\n|-sethp|p1a: rotomwash|58\/100|[from] move: Pain Split\n|\n|-heal|p2a: Ferrothorn|56\/100|[from] item: Leftovers\n|upkeep\n|turn|18\n|\n|t:|1661844975\n|switch|p1a: Tangrowth|Tangrowth, F|100\/100\n|-damage|p1a: Tangrowth|88\/100|[from] Stealth Rock\n|move|p2a: Ferrothorn|Leech Seed|p1a: Tangrowth\n|-immune|p1a: Tangrowth\n|\n|-heal|p2a: Ferrothorn|62\/100|[from] item: Leftovers\n|upkeep\n|turn|19\n|\n|t:|1661844987\n|move|p1a: Tangrowth|Focus Blast|p2a: Ferrothorn\n|-supereffective|p2a: Ferrothorn\n|-damage|p2a: Ferrothorn|20\/100\n|move|p2a: Ferrothorn|Knock Off|p1a: Tangrowth\n|-damage|p1a: Tangrowth|76\/100\n|-damage|p2a: Ferrothorn|3\/100|[from] item: Rocky Helmet|[of] p1a: Tangrowth\n|-enditem|p1a: Tangrowth|Rocky Helmet|[from] move: Knock Off|[of] p2a: Ferrothorn\n|\n|-heal|p2a: Ferrothorn|9\/100|[from] item: Leftovers\n|upkeep\n|turn|20\n|\n|t:|1661844998\n|move|p1a: Tangrowth|Focus Blast|p2a: Ferrothorn\n|-supereffective|p2a: Ferrothorn\n|-damage|p2a: Ferrothorn|0 fnt\n|faint|p2a: Ferrothorn\n|\n|upkeep\n|\n|t:|1661845004\n|switch|p2a: Tornadus|Tornadus-Therian, M, shiny|100\/100\n|turn|21\n|\n|t:|1661845011\n|switch|p1a: Heatran|Heatran, M|63\/100\n|-damage|p1a: Heatran|50\/100|[from] Stealth Rock\n|move|p2a: Tornadus|Hurricane|p1a: Heatran|[miss]\n|-miss|p2a: Tornadus|p1a: Heatran\n|\n|upkeep\n|turn|22\n|\n|t:|1661845020\n|move|p2a: Tornadus|Hurricane|p1a: Heatran\n|-resisted|p1a: Heatran\n|-damage|p1a: Heatran|30\/100\n|-start|p1a: Heatran|confusion\n|-activate|p1a: Heatran|confusion\n|-damage|p1a: Heatran|22\/100|[from] confusion\n|\n|upkeep\n|turn|23\n|\n|t:|1661845029\n|move|p2a: Tornadus|Hurricane|p1a: Heatran|[miss]\n|-miss|p2a: Tornadus|p1a: Heatran\n|-activate|p1a: Heatran|confusion\n|-damage|p1a: Heatran|15\/100|[from] confusion\n|\n|upkeep\n|turn|24\n|inactive|Suricata2000 has 120 seconds left.\n|\n|t:|1661845036\n|move|p2a: Tornadus|Hurricane|p1a: Heatran\n|-resisted|p1a: Heatran\n|-crit|p1a: Heatran\n|-damage|p1a: Heatran|0 fnt\n|faint|p1a: Heatran\n|\n|upkeep\n|\n|t:|1661845036\n|switch|p1a: rotomwash|Rotom-Wash|58\/100\n|-damage|p1a: rotomwash|45\/100|[from] Stealth Rock\n|turn|25\n|\n|t:|1661845049\n|move|p2a: Tornadus|Hurricane|p1a: rotomwash\n|-resisted|p1a: rotomwash\n|-damage|p1a: rotomwash|23\/100\n|-start|p1a: rotomwash|confusion\n|-activate|p1a: rotomwash|confusion\n|move|p1a: rotomwash|Thunderbolt|p2a: Tornadus\n|-supereffective|p2a: Tornadus\n|-damage|p2a: Tornadus|24\/100\n|\n|upkeep\n|turn|26\n|\n|t:|1661845059\n|move|p2a: Tornadus|Hurricane|p1a: rotomwash|[miss]\n|-miss|p2a: Tornadus|p1a: rotomwash\n|-activate|p1a: rotomwash|confusion\n|move|p1a: rotomwash|Thunderbolt|p2a: Tornadus\n|-supereffective|p2a: Tornadus\n|-damage|p2a: Tornadus|0 fnt\n|faint|p2a: Tornadus\n|\n|upkeep\n|j| The Hail Incident\n|\n|t:|1661845068\n|switch|p2a: Urshifu|Urshifu-Rapid-Strike, M|78\/100\n|-damage|p2a: Urshifu|72\/100|[from] Stealth Rock\n|turn|27\n|\n|t:|1661845077\n|switch|p1a: Tangrowth|Tangrowth, F|100\/100\n|-damage|p1a: Tangrowth|88\/100|[from] Stealth Rock\n|move|p2a: Urshifu|U-turn|p1a: Tangrowth\n|-supereffective|p1a: Tangrowth\n|-damage|p1a: Tangrowth|63\/100\n|c|\u2606minimax_ai|Rotom is the mvp lmao\n|\n|t:|1661845084\n|switch|p2a: Slowbro|Slowbro, M|100\/100|[from]move: U-turn\n|\n|upkeep\n|turn|28\n|j| Turn Endo\n|\n|t:|1661845089\n|move|p1a: Tangrowth|Giga Drain|p2a: Slowbro\n|-supereffective|p2a: Slowbro\n|-damage|p2a: Slowbro|42\/100\n|-heal|p1a: Tangrowth|91\/100|[from] drain|[of] p2a: Slowbro\n|move|p2a: Slowbro|Toxic|p1a: Tangrowth\n|-status|p1a: Tangrowth|tox\n|\n|-damage|p1a: Tangrowth|85\/100 tox|[from] psn\n|upkeep\n|turn|29\n|-message|Suricata2000 forfeited.\n|\n|win|minimax_ai\n|raw|minimax_ai's rating: 1558 &rarr; <strong>1583<\/strong><br \/>(+25 for winning)\n|raw|Suricata2000's rating: 1644 &rarr; <strong>1619<\/strong><br \/>(-25 for losing)\n|c|\u2606minimax_ai|gg\n|l|\u2606Suricata2000\n","uploadtime":1661845101,"views":17,"p1id":"minimaxai","p2id":"suricata2000","formatid":"gen8ou","rating":1583,"private":0,"password":null}