{"id":"gen8ou-1666580873","p1":"Scoots Mgee","p2":"minimax_ai","format":"gen8ou","log":"|j|\u2606Scoots Mgee\n|j|\u2606minimax_ai\n|t:|1663427012\n|gametype|singles\n|player|p1|Scoots Mgee|acetrainerf|1387\n|player|p2|minimax_ai|lusamine-nihilego|1416\n|teamsize|p1|6\n|teamsize|p2|6\n|gen|8\n|tier|[Gen 8] OU\n|rated|\n|rule|Sleep Clause Mod: Limit one foe put to sleep\n|rule|Species Clause: Limit one of each Pok\u00e9mon\n|rule|OHKO Clause: OHKO moves are banned\n|rule|Evasion Items Clause: Evasion items are banned\n|rule|Evasion Moves Clause: Evasion moves are banned\n|rule|Endless Battle Clause: Forcing endless battles is banned\n|rule|HP Percentage Mod: HP is shown in percentages\n|rule|Dynamax Clause: You cannot dynamax\n|clearpoke\n|poke|p1|Entei|\n|poke|p1|Rillaboom, F|\n|poke|p1|Zapdos|\n|poke|p1|Gastrodon, F|\n|poke|p1|Slowking-Galar, F|\n|poke|p1|Corviknight, M|\n|poke|p2|Rotom-Wash|\n|poke|p2|Weavile, F|\n|poke|p2|Landorus-Therian, M|\n|poke|p2|Heatran, M|\n|poke|p2|Tangrowth, M|\n|poke|p2|Melmetal|\n|teampreview\n|inactive|Battle timer is ON: inactive players will automatically lose when time's up. (requested by Scoots Mgee)\n|c|\u2606minimax_ai|hf\n|inactive|minimax_ai also wants the timer to be on.\n|\n|t:|1663427016\n|start\n|switch|p1a: Zapdos|Zapdos|100\/100\n|switch|p2a: landorustherian|Landorus-Therian, M|100\/100\n|-ability|p2a: landorustherian|Intimidate|boost\n|-unboost|p1a: Zapdos|atk|1\n|turn|1\n|\n|t:|1663427019\n|move|p1a: Zapdos|Hurricane|p2a: landorustherian|[miss]\n|-miss|p1a: Zapdos|p2a: landorustherian\n|move|p2a: landorustherian|Toxic|p1a: Zapdos\n|-status|p1a: Zapdos|tox\n|\n|-damage|p1a: Zapdos|94\/100 tox|[from] psn\n|upkeep\n|turn|2\n|\n|t:|1663427021\n|switch|p2a: Heatran|Heatran, M|100\/100\n|-item|p2a: Heatran|Air Balloon\n|move|p1a: Zapdos|Hurricane|p2a: Heatran\n|-resisted|p2a: Heatran\n|-damage|p2a: Heatran|73\/100\n|-enditem|p2a: Heatran|Air Balloon\n|\n|-damage|p1a: Zapdos|82\/100 tox|[from] psn\n|upkeep\n|turn|3\n|\n|t:|1663427024\n|switch|p1a: Slowking|Slowking-Galar, F|100\/100\n|move|p2a: Heatran|Stealth Rock|p1a: Slowking\n|-sidestart|p1: Scoots Mgee|move: Stealth Rock\n|\n|upkeep\n|turn|4\n|\n|t:|1663427028\n|switch|p2a: Melmetal|Melmetal|100\/100\n|move|p1a: Slowking|Future Sight|p2a: Melmetal\n|-start|p1a: Slowking|move: Future Sight\n|\n|upkeep\n|turn|5\n|\n|t:|1663427031\n|switch|p1a: Corviknight|Corviknight, M|100\/100\n|-damage|p1a: Corviknight|88\/100|[from] Stealth Rock\n|-ability|p1a: Corviknight|Pressure\n|move|p2a: Melmetal|Double Iron Bash|p1a: Corviknight\n|-resisted|p1a: Corviknight\n|-damage|p1a: Corviknight|76\/100\n|-damage|p2a: Melmetal|84\/100|[from] item: Rocky Helmet|[of] p1a: Corviknight\n|-resisted|p1a: Corviknight\n|-damage|p1a: Corviknight|65\/100\n|-damage|p2a: Melmetal|67\/100|[from] item: Rocky Helmet|[of] p1a: Corviknight\n|-hitcount|p1a: Corviknight|2\n|\n|upkeep\n|turn|6\n|\n|t:|1663427042\n|move|p1a: Corviknight|Roost|p1a: Corviknight\n|-heal|p1a: Corviknight|100\/100\n|-singleturn|p1a: Corviknight|move: Roost\n|move|p2a: Melmetal|Thunder Punch|p1a: Corviknight\n|-damage|p1a: Corviknight|80\/100\n|-damage|p2a: Melmetal|51\/100|[from] item: Rocky Helmet|[of] p1a: Corviknight\n|\n|-end|p2a: Melmetal|move: Future Sight\n|-resisted|p2a: Melmetal\n|-damage|p2a: Melmetal|38\/100\n|upkeep\n|turn|7\n|\n|t:|1663427049\n|move|p1a: Corviknight|Defog|p2a: Melmetal\n|-unboost|p2a: Melmetal|evasion|1\n|-sideend|p1: Scoots Mgee|Stealth Rock|[from] move: Defog|[of] p1a: Corviknight\n|move|p2a: Melmetal|Thunder Punch|p1a: Corviknight\n|-supereffective|p1a: Corviknight\n|-damage|p1a: Corviknight|40\/100\n|-damage|p2a: Melmetal|21\/100|[from] item: Rocky Helmet|[of] p1a: Corviknight\n|\n|upkeep\n|turn|8\n|\n|t:|1663427054\n|switch|p2a: Heatran|Heatran, M|73\/100\n|move|p1a: Corviknight|Roost|p1a: Corviknight\n|-heal|p1a: Corviknight|90\/100\n|-singleturn|p1a: Corviknight|move: Roost\n|\n|upkeep\n|turn|9\n|\n|t:|1663427058\n|switch|p1a: Slowking|Slowking-Galar, F|100\/100\n|move|p2a: Heatran|Magma Storm|p1a: Slowking|[miss]\n|-miss|p2a: Heatran|p1a: Slowking\n|\n|upkeep\n|turn|10\n|\n|t:|1663427060\n|move|p2a: Heatran|Stealth Rock|p1a: Slowking\n|-sidestart|p1: Scoots Mgee|move: Stealth Rock\n|move|p1a: Slowking|Future Sight|p2a: Heatran\n|-start|p1a: Slowking|move: Future Sight\n|\n|upkeep\n|turn|11\n|\n|t:|1663427062\n|move|p2a: Heatran|Magma Storm|p1a: Slowking\n|-damage|p1a: Slowking|77\/100\n|-activate|p1a: Slowking|move: Magma Storm|[of] p2a: Heatran\n|move|p1a: Slowking|Earthquake|p2a: Heatran\n|-supereffective|p2a: Heatran\n|-damage|p2a: Heatran|1\/100\n|\n|-damage|p1a: Slowking|64\/100|[from] move: Magma Storm|[partiallytrapped]\n|upkeep\n|turn|12\n|\n|t:|1663427066\n|move|p2a: Heatran|Magma Storm|p1a: Slowking\n|-damage|p1a: Slowking|44\/100\n|move|p1a: Slowking|Ice Beam|p2a: Heatran\n|-resisted|p2a: Heatran\n|-damage|p2a: Heatran|0 fnt\n|faint|p2a: Heatran\n|\n|-hint|Future Sight did not hit because the target is fainted.\n|-end|p1a: Slowking|Magma Storm|[partiallytrapped]|[silent]\n|upkeep\n|\n|t:|1663427066\n|switch|p2a: Weavile|Weavile, F|100\/100\n|-ability|p2a: Weavile|Pressure\n|turn|13\n|\n|t:|1663427070\n|switch|p1a: Corviknight|Corviknight, M|90\/100\n|-damage|p1a: Corviknight|78\/100|[from] Stealth Rock\n|-ability|p1a: Corviknight|Pressure\n|move|p2a: Weavile|Triple Axel|p1a: Corviknight|[miss]\n|-miss|p2a: Weavile|p1a: Corviknight\n|\n|upkeep\n|turn|14\n|\n|t:|1663427072\n|switch|p2a: rotomwash|Rotom-Wash|100\/100\n|move|p1a: Corviknight|Body Press|p2a: rotomwash\n|-damage|p2a: rotomwash|73\/100\n|\n|-heal|p2a: rotomwash|79\/100|[from] item: Leftovers\n|upkeep\n|turn|15\n|\n|t:|1663427075\n|switch|p1a: Gastrodon|Gastrodon, F|100\/100\n|move|p2a: rotomwash|Thunderbolt|p1a: Gastrodon\n|-immune|p1a: Gastrodon\n|\n|-heal|p2a: rotomwash|85\/100|[from] item: Leftovers\n|upkeep\n|turn|16\n|\n|t:|1663427082\n|move|p2a: rotomwash|Nasty Plot|p2a: rotomwash\n|-boost|p2a: rotomwash|spa|2\n|move|p1a: Gastrodon|Toxic|p2a: rotomwash|[miss]\n|-miss|p1a: Gastrodon|p2a: rotomwash\n|\n|-heal|p2a: rotomwash|91\/100|[from] item: Leftovers\n|upkeep\n|turn|17\n|\n|t:|1663427084\n|move|p2a: rotomwash|Nasty Plot|p2a: rotomwash\n|-boost|p2a: rotomwash|spa|2\n|move|p1a: Gastrodon|Toxic|p2a: rotomwash\n|-status|p2a: rotomwash|tox\n|\n|-heal|p2a: rotomwash|98\/100 tox|[from] item: Leftovers\n|-damage|p2a: rotomwash|91\/100 tox|[from] psn\n|upkeep\n|turn|18\n|\n|t:|1663427086\n|move|p2a: rotomwash|Thunderbolt|p1a: Gastrodon\n|-immune|p1a: Gastrodon\n|move|p1a: Gastrodon|Scald|p2a: rotomwash\n|-resisted|p2a: rotomwash\n|-damage|p2a: rotomwash|76\/100 tox\n|\n|-heal|p2a: rotomwash|83\/100 tox|[from] item: Leftovers\n|-damage|p2a: rotomwash|70\/100 tox|[from] psn\n|upkeep\n|turn|19\n|\n|t:|1663427088\n|move|p2a: rotomwash|Thunderbolt|p1a: Gastrodon\n|-immune|p1a: Gastrodon\n|move|p1a: Gastrodon|Scald|p2a: rotomwash\n|-resisted|p2a: rotomwash\n|-damage|p2a: rotomwash|58\/100 tox\n|\n|-heal|p2a: rotomwash|64\/100 tox|[from] item: Leftovers\n|-damage|p2a: rotomwash|45\/100 tox|[from] psn\n|upkeep\n|turn|20\n|\n|t:|1663427089\n|move|p2a: rotomwash|Hydro Pump|p1a: Gastrodon\n|-ability|p1a: Gastrodon|Storm Drain|boost\n|-boost|p1a: Gastrodon|spa|1\n|move|p1a: Gastrodon|Scald|p2a: rotomwash\n|-resisted|p2a: rotomwash\n|-damage|p2a: rotomwash|25\/100 tox\n|\n|-heal|p2a: rotomwash|32\/100 tox|[from] item: Leftovers\n|-damage|p2a: rotomwash|7\/100 tox|[from] psn\n|upkeep\n|turn|21\n|\n|t:|1663427091\n|move|p2a: rotomwash|Pain Split|p1a: Gastrodon\n|-sethp|p1a: Gastrodon|53\/100|[from] move: Pain Split|[silent]\n|-sethp|p2a: rotomwash|74\/100 tox|[from] move: Pain Split\n|move|p1a: Gastrodon|Recover|p1a: Gastrodon\n|-heal|p1a: Gastrodon|100\/100\n|\n|-heal|p2a: rotomwash|80\/100 tox|[from] item: Leftovers\n|-damage|p2a: rotomwash|49\/100 tox|[from] psn\n|upkeep\n|turn|22\n|\n|t:|1663427093\n|switch|p2a: Tangrowth|Tangrowth, M|100\/100\n|move|p1a: Gastrodon|Recover||[still]\n|-fail|p1a: Gastrodon|heal\n|\n|upkeep\n|turn|23\n|\n|t:|1663427095\n|move|p2a: Tangrowth|Sleep Powder|p1a: Gastrodon\n|-status|p1a: Gastrodon|slp|[from] move: Sleep Powder\n|cant|p1a: Gastrodon|slp\n|\n|upkeep\n|turn|24\n|\n|t:|1663427098\n|switch|p1a: Entei|Entei|100\/100\n|-damage|p1a: Entei|76\/100|[from] Stealth Rock\n|move|p2a: Tangrowth|Focus Blast|p1a: Entei\n|-damage|p1a: Entei|44\/100\n|\n|upkeep\n|turn|25\n|\n|t:|1663427102\n|move|p1a: Entei|Sacred Fire|p2a: Tangrowth\n|-supereffective|p2a: Tangrowth\n|-damage|p2a: Tangrowth|30\/100\n|move|p2a: Tangrowth|Focus Blast|p1a: Entei\n|-damage|p1a: Entei|11\/100\n|\n|upkeep\n|turn|26\n|\n|t:|1663427105\n|switch|p2a: rotomwash|Rotom-Wash|49\/100 tox\n|move|p1a: Entei|Sacred Fire|p2a: rotomwash|[miss]\n|-miss|p1a: Entei|p2a: rotomwash\n|\n|-heal|p2a: rotomwash|55\/100 tox|[from] item: Leftovers\n|-damage|p2a: rotomwash|49\/100 tox|[from] psn\n|upkeep\n|turn|27\n|\n|t:|1663427108\n|move|p1a: Entei|Sacred Fire|p2a: rotomwash\n|-resisted|p2a: rotomwash\n|-damage|p2a: rotomwash|12\/100 tox\n|move|p2a: rotomwash|Thunderbolt|p1a: Entei\n|-damage|p1a: Entei|0 fnt\n|faint|p1a: Entei\n|\n|-heal|p2a: rotomwash|18\/100 tox|[from] item: Leftovers\n|-damage|p2a: rotomwash|6\/100 tox|[from] psn\n|upkeep\n|\n|t:|1663427113\n|switch|p1a: Rillaboom|Rillaboom, F|100\/100\n|-damage|p1a: Rillaboom|88\/100|[from] Stealth Rock\n|-fieldstart|move: Grassy Terrain|[from] ability: Grassy Surge|[of] p1a: Rillaboom\n|turn|28\n|\n|t:|1663427115\n|move|p1a: Rillaboom|Swords Dance|p1a: Rillaboom\n|-boost|p1a: Rillaboom|atk|2\n|move|p2a: rotomwash|Pain Split|p1a: Rillaboom\n|-sethp|p1a: Rillaboom|47\/100|[from] move: Pain Split|[silent]\n|-sethp|p2a: rotomwash|52\/100 tox|[from] move: Pain Split\n|\n|-heal|p1a: Rillaboom|53\/100|[from] Grassy Terrain\n|-heal|p2a: rotomwash|58\/100 tox|[from] item: Leftovers\n|-damage|p2a: rotomwash|40\/100 tox|[from] psn\n|upkeep\n|turn|29\n|\n|t:|1663427117\n|switch|p2a: landorustherian|Landorus-Therian, M|100\/100\n|-ability|p2a: landorustherian|Intimidate|boost\n|-unboost|p1a: Rillaboom|atk|1\n|move|p1a: Rillaboom|Grassy Glide|p2a: landorustherian\n|-damage|p2a: landorustherian|14\/100\n|-damage|p1a: Rillaboom|43\/100|[from] item: Life Orb\n|\n|-heal|p1a: Rillaboom|49\/100|[from] Grassy Terrain\n|-heal|p2a: landorustherian|20\/100|[from] item: Leftovers\n|upkeep\n|turn|30\n|\n|t:|1663427119\n|switch|p2a: Tangrowth|Tangrowth, M|63\/100\n|move|p1a: Rillaboom|Grassy Glide|p2a: Tangrowth\n|-resisted|p2a: Tangrowth\n|-damage|p2a: Tangrowth|39\/100\n|-damage|p1a: Rillaboom|32\/100|[from] item: Rocky Helmet|[of] p2a: Tangrowth\n|-damage|p1a: Rillaboom|22\/100|[from] item: Life Orb\n|\n|-heal|p1a: Rillaboom|29\/100|[from] Grassy Terrain\n|-heal|p2a: Tangrowth|45\/100|[from] Grassy Terrain\n|upkeep\n|turn|31\n|\n|t:|1663427121\n|move|p1a: Rillaboom|Drain Punch|p2a: Tangrowth\n|-damage|p2a: Tangrowth|18\/100\n|-heal|p1a: Rillaboom|44\/100|[from] drain|[of] p2a: Tangrowth\n|-damage|p1a: Rillaboom|28\/100|[from] item: Rocky Helmet|[of] p2a: Tangrowth\n|-damage|p1a: Rillaboom|18\/100|[from] item: Life Orb\n|move|p2a: Tangrowth|Focus Blast|p1a: Rillaboom\n|-damage|p1a: Rillaboom|0 fnt\n|faint|p1a: Rillaboom\n|\n|-heal|p2a: Tangrowth|24\/100|[from] Grassy Terrain\n|upkeep\n|\n|t:|1663427124\n|switch|p1a: Zapdos|Zapdos|82\/100 tox\n|-damage|p1a: Zapdos|57\/100 tox|[from] Stealth Rock\n|turn|32\n|\n|t:|1663427127\n|switch|p2a: Weavile|Weavile, F|100\/100\n|-ability|p2a: Weavile|Pressure\n|move|p1a: Zapdos|Hurricane|p2a: Weavile|[miss]\n|-miss|p1a: Zapdos|p2a: Weavile\n|\n|-damage|p1a: Zapdos|51\/100 tox|[from] psn\n|-fieldend|move: Grassy Terrain\n|upkeep\n|turn|33\n|\n|t:|1663427132\n|move|p1a: Zapdos|Hurricane|p2a: Weavile\n|-damage|p2a: Weavile|17\/100\n|-start|p2a: Weavile|confusion\n|-activate|p2a: Weavile|confusion\n|move|p2a: Weavile|Triple Axel|p1a: Zapdos\n|-supereffective|p1a: Zapdos\n|-damage|p1a: Zapdos|11\/100 tox\n|-status|p2a: Weavile|par|[from] ability: Static|[of] p1a: Zapdos\n|-supereffective|p1a: Zapdos\n|-damage|p1a: Zapdos|0 fnt\n|faint|p1a: Zapdos\n|-hitcount|p1: Zapdos|2\n|\n|upkeep\n|\n|t:|1663427139\n|switch|p1a: Gastrodon|Gastrodon, F|100\/100 slp\n|turn|34\n|\n|t:|1663427141\n|-activate|p2a: Weavile|confusion\n|move|p2a: Weavile|Triple Axel|p1a: Gastrodon\n|-damage|p1a: Gastrodon|83\/100 slp\n|-damage|p1a: Gastrodon|48\/100 slp\n|-damage|p1a: Gastrodon|3\/100 slp\n|-hitcount|p1a: Gastrodon|3\n|cant|p1a: Gastrodon|slp\n|\n|upkeep\n|turn|35\n|\n|t:|1663427144\n|-end|p2a: Weavile|confusion\n|move|p2a: Weavile|Triple Axel|p1a: Gastrodon\n|-damage|p1a: Gastrodon|0 fnt\n|faint|p1a: Gastrodon\n|-hitcount|p1: Gastrodon|1\n|\n|upkeep\n|-message|Scoots Mgee forfeited.\n|\n|win|minimax_ai\n|raw|Scoots Mgee's rating: 1387 &rarr; <strong>1369<\/strong><br \/>(-18 for losing)\n|raw|minimax_ai's rating: 1416 &rarr; <strong>1434<\/strong><br \/>(+18 for winning)\n|c|\u2606minimax_ai|gg\n|l|\u2606Scoots Mgee\n","uploadtime":1663427149,"views":2,"p1id":"scootsmgee","p2id":"minimaxai","formatid":"gen8ou","rating":1369,"private":0,"password":null}