{"id":"gen8bdspou-1524752967","p1":"guinea hog","p2":"Benjamin Gilbert","format":"gen8bdspou","log":"|j|\u2606guinea hog\n|j|\u2606Benjamin Gilbert\n|inactive|Battle timer is ON: inactive players will automatically lose when time's up.\n|t:|1646575869\n|gametype|singles\n|player|p1|guinea hog|veteran|\n|player|p2|Benjamin Gilbert|unknown|\n|teamsize|p1|6\n|teamsize|p2|6\n|gen|8\n|tier|[Gen 8 BDSP] OU\n|rated|Tournament battle\n|rule|Sleep Clause Mod: Limit one foe put to sleep\n|rule|Species Clause: Limit one of each Pok\u00e9mon\n|rule|OHKO Clause: OHKO moves are banned\n|rule|Evasion Moves Clause: Evasion moves are banned\n|rule|Endless Battle Clause: Forcing endless battles is banned\n|rule|HP Percentage Mod: HP is shown in percentages\n|clearpoke\n|poke|p1|Starmie|\n|poke|p1|Breloom, F|\n|poke|p1|Rotom-Wash|\n|poke|p1|Gliscor, M|\n|poke|p1|Clefable, M|\n|poke|p1|Scizor, F|\n|poke|p2|Blissey, F|\n|poke|p2|Gliscor, M|\n|poke|p2|Heatran, M|\n|poke|p2|Tangrowth, F|\n|poke|p2|Weavile, F|\n|poke|p2|Clefable, M|\n|teampreview\n|inactive|guinea hog has 120 seconds left.\n|\n|t:|1646575909\n|start\n|switch|p1a: Rotom|Rotom-Wash|100\/100\n|switch|p2a: Clefable|Clefable, M, shiny|100\/100\n|turn|1\n|\n|t:|1646575913\n|move|p2a: Clefable|Protect|p2a: Clefable\n|-singleturn|p2a: Clefable|Protect\n|move|p1a: Rotom|Trick|p2a: Clefable\n|-activate|p2a: Clefable|move: Protect\n|\n|upkeep\n|turn|2\n|inactive|guinea hog has 120 seconds left.\n|\n|t:|1646575943\n|switch|p2a: Tangrowth|Tangrowth, F, shiny|100\/100\n|move|p1a: Rotom|Trick|p2a: Tangrowth\n|-activate|p1a: Rotom|move: Trick|[of] p2a: Tangrowth\n|-item|p2a: Tangrowth|Choice Scarf|[from] move: Trick\n|-item|p1a: Rotom|Yache Berry|[from] move: Trick\n|\n|upkeep\n|turn|3\n|\n|t:|1646575952\n|move|p1a: Rotom|Will-O-Wisp|p2a: Tangrowth|[miss]\n|-miss|p1a: Rotom|p2a: Tangrowth\n|move|p2a: Tangrowth|Sleep Powder|p1a: Rotom\n|-status|p1a: Rotom|slp|[from] move: Sleep Powder\n|\n|upkeep\n|turn|4\n|\n|t:|1646575961\n|switch|p1a: Breloom|Breloom, F|100\/100\n|switch|p2a: Gliscor|Gliscor, M, shiny|100\/100\n|\n|-status|p2a: Gliscor|tox|[from] item: Toxic Orb\n|-status|p1a: Breloom|tox|[from] item: Toxic Orb\n|upkeep\n|turn|5\n|\n|t:|1646575967\n|switch|p1a: Gliscor|Gliscor, M|100\/100\n|move|p2a: Gliscor|Knock Off|p1a: Gliscor\n|-damage|p1a: Gliscor|86\/100\n|-enditem|p1a: Gliscor|Toxic Orb|[from] move: Knock Off|[of] p2a: Gliscor\n|\n|upkeep\n|turn|6\n|\n|t:|1646575975\n|switch|p2a: Weavile|Weavile, F|100\/100\n|-ability|p2a: Weavile|Pressure\n|move|p1a: Gliscor|Stealth Rock|p2a: Weavile\n|-sidestart|p2: Benjamin Gilbert|move: Stealth Rock\n|\n|upkeep\n|turn|7\n|j| dotting eyes\n|\n|t:|1646575983\n|switch|p1a: Scizor|Scizor, F|100\/100\n|move|p2a: Weavile|Throat Chop|p1a: Scizor\n|-damage|p1a: Scizor|42\/100\n|-start|p1a: Scizor|Throat Chop|[silent]\n|\n|-heal|p1a: Scizor|48\/100|[from] item: Leftovers\n|upkeep\n|turn|8\n|\n|t:|1646575990\n|switch|p1a: Clefable|Clefable, M|100\/100\n|move|p2a: Weavile|Throat Chop|p1a: Clefable\n|-resisted|p1a: Clefable\n|-damage|p1a: Clefable|77\/100\n|-start|p1a: Clefable|Throat Chop|[silent]\n|\n|-heal|p1a: Clefable|83\/100|[from] item: Leftovers\n|upkeep\n|turn|9\n|\n|t:|1646575996\n|switch|p2a: Heatran|Heatran, M|100\/100\n|-damage|p2a: Heatran|88\/100|[from] Stealth Rock\n|move|p1a: Clefable|Calm Mind|p1a: Clefable\n|-boost|p1a: Clefable|spa|1\n|-boost|p1a: Clefable|spd|1\n|\n|-heal|p2a: Heatran|94\/100|[from] item: Leftovers\n|-heal|p1a: Clefable|89\/100|[from] item: Leftovers\n|-end|p1a: Clefable|Throat Chop|[silent]\n|upkeep\n|turn|10\n|\n|t:|1646576004\n|move|p2a: Heatran|Taunt|p1a: Clefable\n|-start|p1a: Clefable|move: Taunt\n|cant|p1a: Clefable|move: Taunt|Calm Mind\n|\n|-heal|p2a: Heatran|99\/100|[from] item: Leftovers\n|-heal|p1a: Clefable|95\/100|[from] item: Leftovers\n|upkeep\n|turn|11\n|\n|t:|1646576008\n|switch|p1a: Starmie|Starmie|100\/100\n|move|p2a: Heatran|Magma Storm|p1a: Starmie\n|-resisted|p1a: Starmie\n|-damage|p1a: Starmie|58\/100\n|-activate|p1a: Starmie|move: Magma Storm|[of] p2a: Heatran\n|\n|-heal|p2a: Heatran|100\/100|[from] item: Leftovers\n|-damage|p1a: Starmie|46\/100|[from] move: Magma Storm|[partiallytrapped]\n|upkeep\n|turn|12\n|\n|t:|1646576014\n|switch|p2a: Blissey|Blissey, F|100\/100\n|-damage|p2a: Blissey|88\/100|[from] Stealth Rock\n|move|p1a: Starmie|Recover|p1a: Starmie\n|-heal|p1a: Starmie|96\/100\n|\n|-heal|p2a: Blissey|94\/100|[from] item: Leftovers\n|-end|p1a: Starmie|Magma Storm|[partiallytrapped]|[silent]\n|upkeep\n|turn|13\n|\n|t:|1646576042\n|switch|p1a: Scizor|Scizor, F|48\/100\n|switch|p2a: Gliscor|Gliscor, M, shiny|100\/100 tox\n|-damage|p2a: Gliscor|88\/100 tox|[from] Stealth Rock\n|\n|-heal|p1a: Scizor|54\/100|[from] item: Leftovers\n|-heal|p2a: Gliscor|100\/100 tox|[from] ability: Poison Heal\n|upkeep\n|turn|14\n|\n|t:|1646576045\n|move|p2a: Gliscor|Knock Off|p1a: Scizor\n|-damage|p1a: Scizor|31\/100\n|-enditem|p1a: Scizor|Leftovers|[from] move: Knock Off|[of] p2a: Gliscor\n|move|p1a: Scizor|Roost|p1a: Scizor\n|-heal|p1a: Scizor|81\/100\n|-singleturn|p1a: Scizor|move: Roost\n|\n|upkeep\n|turn|15\n|\n|t:|1646576050\n|move|p2a: Gliscor|Defog|p1a: Scizor\n|-unboost|p1a: Scizor|evasion|1\n|-sideend|p2: Benjamin Gilbert|Stealth Rock|[from] move: Defog|[of] p2a: Gliscor\n|move|p1a: Scizor|U-turn|p2a: Gliscor\n|-resisted|p2a: Gliscor\n|-damage|p2a: Gliscor|91\/100 tox\n|\n|t:|1646576053\n|switch|p1a: Starmie|Starmie|96\/100|[from]move: U-turn\n|\n|-heal|p2a: Gliscor|100\/100 tox|[from] ability: Poison Heal\n|upkeep\n|turn|16\n|\n|t:|1646576057\n|switch|p1a: Gliscor|Gliscor, M|86\/100\n|switch|p2a: Blissey|Blissey, F|94\/100\n|\n|-heal|p2a: Blissey|100\/100|[from] item: Leftovers\n|upkeep\n|turn|17\n|\n|t:|1646576072\n|switch|p2a: Gliscor|Gliscor, M, shiny|100\/100 tox\n|move|p1a: Gliscor|Stealth Rock|p2a: Gliscor\n|-sidestart|p2: Benjamin Gilbert|move: Stealth Rock\n|\n|upkeep\n|turn|18\n|\n|t:|1646576078\n|move|p2a: Gliscor|Defog|p1a: Gliscor\n|-unboost|p1a: Gliscor|evasion|1\n|-sideend|p2: Benjamin Gilbert|Stealth Rock|[from] move: Defog|[of] p2a: Gliscor\n|move|p1a: Gliscor|Knock Off|p2a: Gliscor\n|-crit|p2a: Gliscor\n|-damage|p2a: Gliscor|79\/100 tox\n|-enditem|p2a: Gliscor|Toxic Orb|[from] move: Knock Off|[of] p1a: Gliscor\n|\n|-heal|p2a: Gliscor|91\/100 tox|[from] ability: Poison Heal\n|upkeep\n|turn|19\n|\n|t:|1646576081\n|move|p2a: Gliscor|Knock Off|p1a: Gliscor\n|-damage|p1a: Gliscor|76\/100\n|move|p1a: Gliscor|Knock Off|p2a: Gliscor\n|-damage|p2a: Gliscor|82\/100 tox\n|\n|-heal|p2a: Gliscor|95\/100 tox|[from] ability: Poison Heal\n|upkeep\n|turn|20\n|\n|t:|1646576084\n|move|p2a: Gliscor|Knock Off|p1a: Gliscor\n|-damage|p1a: Gliscor|66\/100\n|move|p1a: Gliscor|Stealth Rock|p2a: Gliscor\n|-sidestart|p2: Benjamin Gilbert|move: Stealth Rock\n|\n|-heal|p2a: Gliscor|100\/100 tox|[from] ability: Poison Heal\n|upkeep\n|turn|21\n|\n|t:|1646576088\n|move|p2a: Gliscor|Defog|p1a: Gliscor\n|-unboost|p1a: Gliscor|evasion|1\n|-sideend|p2: Benjamin Gilbert|Stealth Rock|[from] move: Defog|[of] p2a: Gliscor\n|move|p1a: Gliscor|Roost|p1a: Gliscor\n|-heal|p1a: Gliscor|100\/100\n|-singleturn|p1a: Gliscor|move: Roost\n|\n|upkeep\n|turn|22\n|\n|t:|1646576093\n|switch|p2a: Tangrowth|Tangrowth, F, shiny|100\/100\n|move|p1a: Gliscor|Stealth Rock|p2a: Tangrowth\n|-sidestart|p2: Benjamin Gilbert|move: Stealth Rock\n|\n|upkeep\n|turn|23\n|\n|t:|1646576104\n|switch|p1a: Scizor|Scizor, F|81\/100\n|switch|p2a: Gliscor|Gliscor, M, shiny|100\/100 tox\n|-damage|p2a: Gliscor|88\/100 tox|[from] Stealth Rock\n|\n|-heal|p2a: Gliscor|100\/100 tox|[from] ability: Poison Heal\n|upkeep\n|turn|24\n|\n|t:|1646576107\n|move|p2a: Gliscor|Defog|p1a: Scizor\n|-unboost|p1a: Scizor|evasion|1\n|-sideend|p2: Benjamin Gilbert|Stealth Rock|[from] move: Defog|[of] p2a: Gliscor\n|move|p1a: Scizor|U-turn|p2a: Gliscor\n|-resisted|p2a: Gliscor\n|-damage|p2a: Gliscor|91\/100 tox\n|\n|t:|1646576109\n|switch|p1a: Gliscor|Gliscor, M|100\/100|[from]move: U-turn\n|\n|-heal|p2a: Gliscor|100\/100 tox|[from] ability: Poison Heal\n|upkeep\n|turn|25\n|\n|t:|1646576115\n|switch|p2a: Weavile|Weavile, F|100\/100\n|-ability|p2a: Weavile|Pressure\n|move|p1a: Gliscor|Stealth Rock|p2a: Weavile\n|-sidestart|p2: Benjamin Gilbert|move: Stealth Rock\n|\n|upkeep\n|turn|26\n|inactive|guinea hog has 120 seconds left.\n|\n|t:|1646576146\n|switch|p1a: Scizor|Scizor, F|81\/100\n|move|p2a: Weavile|Throat Chop|p1a: Scizor\n|-damage|p1a: Scizor|23\/100\n|-start|p1a: Scizor|Throat Chop|[silent]\n|\n|upkeep\n|turn|27\n|\n|t:|1646576155\n|switch|p2a: Gliscor|Gliscor, M, shiny|100\/100 tox\n|-damage|p2a: Gliscor|88\/100 tox|[from] Stealth Rock\n|switch|p1a: Breloom|Breloom, F|100\/100 tox\n|\n|-heal|p2a: Gliscor|100\/100 tox|[from] ability: Poison Heal\n|upkeep\n|turn|28\n|\n|t:|1646576162\n|move|p2a: Gliscor|Defog|p1a: Breloom\n|-unboost|p1a: Breloom|evasion|1\n|-sideend|p2: Benjamin Gilbert|Stealth Rock|[from] move: Defog|[of] p2a: Gliscor\n|move|p1a: Breloom|Facade|p2a: Gliscor\n|-crit|p2a: Gliscor\n|-damage|p2a: Gliscor|51\/100 tox\n|\n|-heal|p2a: Gliscor|63\/100 tox|[from] ability: Poison Heal\n|upkeep\n|turn|29\n|\n|t:|1646576165\n|move|p2a: Gliscor|Roost|p2a: Gliscor\n|-heal|p2a: Gliscor|100\/100 tox\n|-singleturn|p2a: Gliscor|move: Roost\n|move|p1a: Breloom|Facade|p2a: Gliscor\n|-damage|p2a: Gliscor|68\/100 tox\n|\n|-heal|p2a: Gliscor|81\/100 tox|[from] ability: Poison Heal\n|upkeep\n|turn|30\n|\n|t:|1646576168\n|move|p2a: Gliscor|Knock Off|p1a: Breloom\n|-resisted|p1a: Breloom\n|-damage|p1a: Breloom|84\/100 tox\n|-enditem|p1a: Breloom|Toxic Orb|[from] move: Knock Off|[of] p2a: Gliscor\n|move|p1a: Breloom|Facade|p2a: Gliscor\n|-damage|p2a: Gliscor|47\/100 tox\n|\n|-heal|p2a: Gliscor|60\/100 tox|[from] ability: Poison Heal\n|-heal|p1a: Breloom|97\/100 tox|[from] ability: Poison Heal\n|upkeep\n|turn|31\n|\n|t:|1646576171\n|move|p2a: Gliscor|Roost|p2a: Gliscor\n|-heal|p2a: Gliscor|100\/100 tox\n|-singleturn|p2a: Gliscor|move: Roost\n|move|p1a: Breloom|Facade|p2a: Gliscor\n|-damage|p2a: Gliscor|66\/100 tox\n|\n|-heal|p2a: Gliscor|79\/100 tox|[from] ability: Poison Heal\n|-heal|p1a: Breloom|100\/100 tox|[from] ability: Poison Heal\n|upkeep\n|turn|32\n|\n|t:|1646576173\n|switch|p2a: Tangrowth|Tangrowth, F, shiny|100\/100\n|move|p1a: Breloom|Facade|p2a: Tangrowth\n|-damage|p2a: Tangrowth|75\/100\n|\n|upkeep\n|turn|33\n|\n|t:|1646576179\n|switch|p1a: Scizor|Scizor, F|23\/100\n|move|p2a: Tangrowth|Giga Drain|p1a: Scizor\n|-resisted|p1a: Scizor\n|-damage|p1a: Scizor|17\/100\n|-heal|p2a: Tangrowth|77\/100|[from] drain|[of] p1a: Scizor\n|\n|upkeep\n|turn|34\n|\n|t:|1646576182\n|switch|p2a: Heatran|Heatran, M|100\/100\n|move|p1a: Scizor|Roost|p1a: Scizor\n|-heal|p1a: Scizor|67\/100\n|-singleturn|p1a: Scizor|move: Roost\n|\n|upkeep\n|turn|35\n|inactive|guinea hog has 120 seconds left.\n|\n|t:|1646576217\n|switch|p1a: Gliscor|Gliscor, M|100\/100\n|move|p2a: Heatran|Stealth Rock|p1a: Gliscor\n|-sidestart|p1: guinea hog|move: Stealth Rock\n|\n|upkeep\n|turn|36\n|\n|t:|1646576228\n|move|p2a: Heatran|Taunt|p1a: Gliscor\n|-start|p1a: Gliscor|move: Taunt\n|cant|p1a: Gliscor|move: Taunt|Stealth Rock\n|\n|upkeep\n|turn|37\n|inactive|guinea hog has 120 seconds left.\n|\n|t:|1646576251\n|switch|p2a: Tangrowth|Tangrowth, F, shiny|100\/100\n|move|p1a: Gliscor|Earthquake|p2a: Tangrowth\n|-resisted|p2a: Tangrowth\n|-damage|p2a: Tangrowth|92\/100\n|\n|upkeep\n|turn|38\n|j| teddytom\n|\n|t:|1646576264\n|switch|p2a: Heatran|Heatran, M|100\/100\n|move|p1a: Gliscor|Earthquake|p2a: Heatran\n|-supereffective|p2a: Heatran\n|-damage|p2a: Heatran|0 fnt\n|faint|p2a: Heatran\n|\n|-end|p1a: Gliscor|move: Taunt\n|upkeep\n|l| teddytom\n|\n|t:|1646576270\n|switch|p2a: Weavile|Weavile, F|100\/100\n|-ability|p2a: Weavile|Pressure\n|turn|39\n|l| dotting eyes\n|inactive|guinea hog has 120 seconds left.\n|\n|t:|1646576312\n|switch|p1a: Rotom|Rotom-Wash|100\/100 slp\n|-damage|p1a: Rotom|88\/100 slp|[from] Stealth Rock\n|move|p2a: Weavile|Icicle Crash|p1a: Rotom\n|-resisted|p1a: Rotom\n|-damage|p1a: Rotom|57\/100 slp\n|\n|upkeep\n|turn|40\n|\n|t:|1646576335\n|move|p2a: Weavile|Icicle Crash|p1a: Rotom\n|-resisted|p1a: Rotom\n|-damage|p1a: Rotom|24\/100 slp\n|cant|p1a: Rotom|slp\n|\n|upkeep\n|turn|41\n|\n|t:|1646576338\n|move|p2a: Weavile|Icicle Crash|p1a: Rotom\n|-resisted|p1a: Rotom\n|-damage|p1a: Rotom|0 fnt\n|faint|p1a: Rotom\n|\n|upkeep\n|\n|t:|1646576346\n|switch|p1a: Scizor|Scizor, F|67\/100\n|-damage|p1a: Scizor|55\/100|[from] Stealth Rock\n|turn|42\n|\n|t:|1646576351\n|switch|p2a: Gliscor|Gliscor, M, shiny|79\/100 tox\n|move|p1a: Scizor|Roost|p1a: Scizor\n|-heal|p1a: Scizor|100\/100\n|-singleturn|p1a: Scizor|move: Roost\n|\n|-heal|p2a: Gliscor|91\/100 tox|[from] ability: Poison Heal\n|upkeep\n|turn|43\n|inactive|guinea hog has 120 seconds left.\n|\n|t:|1646576358\n|move|p2a: Gliscor|Earthquake|p1a: Scizor\n|-damage|p1a: Scizor|70\/100\n|move|p1a: Scizor|Defog|p2a: Gliscor\n|-unboost|p2a: Gliscor|evasion|1\n|-sideend|p1: guinea hog|Stealth Rock|[from] move: Defog|[of] p1a: Scizor\n|\n|-heal|p2a: Gliscor|100\/100 tox|[from] ability: Poison Heal\n|upkeep\n|turn|44\n|\n|t:|1646576363\n|move|p2a: Gliscor|Earthquake|p1a: Scizor\n|-damage|p1a: Scizor|37\/100\n|move|p1a: Scizor|Roost|p1a: Scizor\n|-heal|p1a: Scizor|87\/100\n|-singleturn|p1a: Scizor|move: Roost\n|\n|upkeep\n|turn|45\n|inactive|guinea hog has 120 seconds left.\n|inactive|guinea hog has 90 seconds left.\n|\n|t:|1646576421\n|move|p2a: Gliscor|Knock Off|p1a: Scizor\n|-damage|p1a: Scizor|73\/100\n|move|p1a: Scizor|Roost|p1a: Scizor\n|-heal|p1a: Scizor|100\/100\n|-singleturn|p1a: Scizor|move: Roost\n|\n|upkeep\n|turn|46\n|inactive|guinea hog has 90 seconds left.\n|\n|t:|1646576434\n|move|p2a: Gliscor|Earthquake|p1a: Scizor\n|-damage|p1a: Scizor|71\/100\n|move|p1a: Scizor|U-turn|p2a: Gliscor\n|-resisted|p2a: Gliscor\n|-damage|p2a: Gliscor|90\/100 tox\n|\n|t:|1646576436\n|switch|p1a: Starmie|Starmie|96\/100|[from]move: U-turn\n|\n|-heal|p2a: Gliscor|100\/100 tox|[from] ability: Poison Heal\n|upkeep\n|turn|47\n|\n|t:|1646576449\n|switch|p1a: Breloom|Breloom, F|100\/100 tox\n|switch|p2a: Blissey|Blissey, F|100\/100\n|\n|upkeep\n|turn|48\n|\n|t:|1646576455\n|switch|p2a: Tangrowth|Tangrowth, F, shiny|100\/100\n|move|p1a: Breloom|Facade|p2a: Tangrowth\n|-damage|p2a: Tangrowth|71\/100\n|\n|upkeep\n|turn|49\n|inactive|guinea hog has 90 seconds left.\n|inactive|guinea hog has 60 seconds left.\n|\n|t:|1646576522\n|switch|p1a: Gliscor|Gliscor, M|100\/100\n|switch|p2a: Gliscor|Gliscor, M, shiny|100\/100 tox\n|\n|upkeep\n|turn|50\n|\n|t:|1646576531\n|switch|p2a: Weavile|Weavile, F|100\/100\n|-ability|p2a: Weavile|Pressure\n|move|p1a: Gliscor|Stealth Rock|p2a: Weavile\n|-sidestart|p2: Benjamin Gilbert|move: Stealth Rock\n|\n|upkeep\n|turn|51\n|inactive|guinea hog has 60 seconds left.\n|j| Gym trainer vilok\n|l| Gym trainer vilok\n|\n|t:|1646576562\n|switch|p1a: Scizor|Scizor, F|71\/100\n|move|p2a: Weavile|Throat Chop|p1a: Scizor\n|-damage|p1a: Scizor|12\/100\n|-start|p1a: Scizor|Throat Chop|[silent]\n|\n|upkeep\n|turn|52\n|\n|t:|1646576567\n|move|p2a: Weavile|Throat Chop|p1a: Scizor\n|-damage|p1a: Scizor|0 fnt\n|faint|p1a: Scizor\n|\n|upkeep\n|\n|t:|1646576568\n|switch|p1a: Clefable|Clefable, M|95\/100\n|turn|53\n|\n|t:|1646576572\n|switch|p2a: Clefable|Clefable, M, shiny|100\/100\n|-damage|p2a: Clefable|88\/100|[from] Stealth Rock\n|move|p1a: Clefable|Calm Mind|p1a: Clefable\n|-boost|p1a: Clefable|spa|1\n|-boost|p1a: Clefable|spd|1\n|\n|-heal|p2a: Clefable|94\/100|[from] item: Leftovers\n|-heal|p1a: Clefable|100\/100|[from] item: Leftovers\n|upkeep\n|turn|54\n|\n|t:|1646576575\n|move|p2a: Clefable|Thunder Wave|p1a: Clefable\n|-status|p1a: Clefable|par\n|move|p1a: Clefable|Calm Mind|p1a: Clefable\n|-boost|p1a: Clefable|spa|1\n|-boost|p1a: Clefable|spd|1\n|\n|-heal|p2a: Clefable|99\/100|[from] item: Leftovers\n|upkeep\n|turn|55\n|\n|t:|1646576578\n|move|p2a: Clefable|Moonblast|p1a: Clefable\n|-damage|p1a: Clefable|71\/100 par\n|move|p1a: Clefable|Calm Mind|p1a: Clefable\n|-boost|p1a: Clefable|spa|1\n|-boost|p1a: Clefable|spd|1\n|\n|-heal|p2a: Clefable|100\/100|[from] item: Leftovers\n|-heal|p1a: Clefable|77\/100 par|[from] item: Leftovers\n|upkeep\n|turn|56\n|\n|t:|1646576582\n|move|p2a: Clefable|Moonblast|p1a: Clefable\n|-damage|p1a: Clefable|49\/100 par\n|move|p1a: Clefable|Calm Mind|p1a: Clefable\n|-boost|p1a: Clefable|spa|1\n|-boost|p1a: Clefable|spd|1\n|\n|-heal|p1a: Clefable|55\/100 par|[from] item: Leftovers\n|upkeep\n|turn|57\n|\n|t:|1646576585\n|move|p2a: Clefable|Wish|p2a: Clefable\n|move|p1a: Clefable|Moonlight|p1a: Clefable\n|-heal|p1a: Clefable|100\/100 par\n|\n|upkeep\n|turn|58\n|\n|t:|1646576603\n|move|p2a: Clefable|Moonblast|p1a: Clefable\n|-damage|p1a: Clefable|69\/100 par\n|-unboost|p1a: Clefable|spa|1\n|cant|p1a: Clefable|par\n|\n|-heal|p1a: Clefable|75\/100 par|[from] item: Leftovers\n|upkeep\n|turn|59\n|\n|t:|1646576610\n|move|p2a: Clefable|Moonblast|p1a: Clefable\n|-damage|p1a: Clefable|42\/100 par\n|move|p1a: Clefable|Moonlight|p1a: Clefable\n|-heal|p1a: Clefable|92\/100 par\n|\n|-heal|p1a: Clefable|98\/100 par|[from] item: Leftovers\n|upkeep\n|turn|60\n|\n|t:|1646576612\n|move|p2a: Clefable|Moonblast|p1a: Clefable\n|-damage|p1a: Clefable|70\/100 par\n|cant|p1a: Clefable|par\n|\n|-heal|p1a: Clefable|76\/100 par|[from] item: Leftovers\n|upkeep\n|turn|61\n|\n|t:|1646576616\n|move|p2a: Clefable|Moonblast|p1a: Clefable\n|-damage|p1a: Clefable|49\/100 par\n|cant|p1a: Clefable|par\n|\n|-heal|p1a: Clefable|55\/100 par|[from] item: Leftovers\n|upkeep\n|turn|62\n|\n|t:|1646576618\n|move|p2a: Clefable|Moonblast|p1a: Clefable\n|-damage|p1a: Clefable|25\/100 par\n|move|p1a: Clefable|Moonlight|p1a: Clefable\n|-heal|p1a: Clefable|75\/100 par\n|\n|-heal|p1a: Clefable|81\/100 par|[from] item: Leftovers\n|upkeep\n|turn|63\n|\n|t:|1646576621\n|move|p2a: Clefable|Moonblast|p1a: Clefable\n|-damage|p1a: Clefable|49\/100 par\n|cant|p1a: Clefable|par\n|\n|-heal|p1a: Clefable|55\/100 par|[from] item: Leftovers\n|upkeep\n|turn|64\n|\n|t:|1646576624\n|move|p2a: Clefable|Moonblast|p1a: Clefable\n|-damage|p1a: Clefable|24\/100 par\n|move|p1a: Clefable|Moonlight|p1a: Clefable\n|-heal|p1a: Clefable|74\/100 par\n|\n|-heal|p1a: Clefable|80\/100 par|[from] item: Leftovers\n|upkeep\n|turn|65\n|\n|t:|1646576626\n|move|p2a: Clefable|Moonblast|p1a: Clefable\n|-damage|p1a: Clefable|50\/100 par\n|move|p1a: Clefable|Calm Mind|p1a: Clefable\n|-boost|p1a: Clefable|spa|1\n|-boost|p1a: Clefable|spd|1\n|\n|-heal|p1a: Clefable|56\/100 par|[from] item: Leftovers\n|upkeep\n|turn|66\n|\n|t:|1646576635\n|move|p2a: Clefable|Moonblast|p1a: Clefable\n|-damage|p1a: Clefable|26\/100 par\n|move|p1a: Clefable|Moonlight|p1a: Clefable\n|-heal|p1a: Clefable|76\/100 par\n|\n|-heal|p1a: Clefable|82\/100 par|[from] item: Leftovers\n|upkeep\n|turn|67\n|\n|t:|1646576638\n|move|p2a: Clefable|Moonblast|p1a: Clefable\n|-damage|p1a: Clefable|52\/100 par\n|move|p1a: Clefable|Calm Mind|p1a: Clefable\n|-boost|p1a: Clefable|spa|1\n|-boost|p1a: Clefable|spd|1\n|\n|-heal|p1a: Clefable|58\/100 par|[from] item: Leftovers\n|upkeep\n|turn|68\n|\n|t:|1646576641\n|move|p2a: Clefable|Moonblast|p1a: Clefable\n|-damage|p1a: Clefable|27\/100 par\n|-unboost|p1a: Clefable|spa|1\n|move|p1a: Clefable|Moonlight|p1a: Clefable\n|-heal|p1a: Clefable|77\/100 par\n|\n|-heal|p1a: Clefable|83\/100 par|[from] item: Leftovers\n|upkeep\n|turn|69\n|\n|t:|1646576646\n|move|p2a: Clefable|Moonblast|p1a: Clefable\n|-damage|p1a: Clefable|52\/100 par\n|move|p1a: Clefable|Stored Power|p2a: Clefable\n|-crit|p2a: Clefable\n|-damage|p2a: Clefable|29\/100\n|\n|-heal|p2a: Clefable|35\/100|[from] item: Leftovers\n|-heal|p1a: Clefable|58\/100 par|[from] item: Leftovers\n|upkeep\n|turn|70\n|\n|t:|1646576660\n|move|p2a: Clefable|Moonblast|p1a: Clefable\n|-damage|p1a: Clefable|26\/100 par\n|-unboost|p1a: Clefable|spa|1\n|move|p1a: Clefable|Moonlight|p1a: Clefable\n|-heal|p1a: Clefable|76\/100 par\n|\n|-heal|p2a: Clefable|41\/100|[from] item: Leftovers\n|-heal|p1a: Clefable|82\/100 par|[from] item: Leftovers\n|upkeep\n|turn|71\n|\n|t:|1646576665\n|move|p2a: Clefable|Moonblast|p1a: Clefable\n|-damage|p1a: Clefable|53\/100 par\n|-unboost|p1a: Clefable|spa|1\n|move|p1a: Clefable|Stored Power|p2a: Clefable\n|-damage|p2a: Clefable|5\/100\n|\n|-heal|p2a: Clefable|11\/100|[from] item: Leftovers\n|-heal|p1a: Clefable|59\/100 par|[from] item: Leftovers\n|upkeep\n|turn|72\n|\n|t:|1646576670\n|move|p2a: Clefable|Wish|p2a: Clefable\n|move|p1a: Clefable|Stored Power|p2a: Clefable\n|-damage|p2a: Clefable|0 fnt\n|faint|p2a: Clefable\n|\n|-heal|p1a: Clefable|65\/100 par|[from] item: Leftovers\n|upkeep\n|\n|t:|1646576680\n|switch|p2a: Blissey|Blissey, F|100\/100\n|-damage|p2a: Blissey|88\/100|[from] Stealth Rock\n|turn|73\n|\n|t:|1646576701\n|move|p2a: Blissey|Seismic Toss|p1a: Clefable\n|-damage|p1a: Clefable|39\/100 par\n|move|p1a: Clefable|Moonlight|p1a: Clefable\n|-heal|p1a: Clefable|89\/100 par\n|\n|-heal|p2a: Blissey|100\/100|[from] move: Wish|[wisher] Clefable\n|-heal|p1a: Clefable|95\/100 par|[from] item: Leftovers\n|upkeep\n|turn|74\n|\n|t:|1646576712\n|move|p2a: Blissey|Seismic Toss|p1a: Clefable\n|-damage|p1a: Clefable|70\/100 par\n|move|p1a: Clefable|Stored Power|p2a: Blissey\n|-crit|p2a: Blissey\n|-damage|p2a: Blissey|59\/100\n|\n|-heal|p2a: Blissey|65\/100|[from] item: Leftovers\n|-heal|p1a: Clefable|76\/100 par|[from] item: Leftovers\n|upkeep\n|turn|75\n|\n|t:|1646576718\n|move|p2a: Blissey|Soft-Boiled|p2a: Blissey\n|-heal|p2a: Blissey|100\/100\n|move|p1a: Clefable|Stored Power|p2a: Blissey\n|-damage|p2a: Blissey|72\/100\n|\n|-heal|p2a: Blissey|78\/100|[from] item: Leftovers\n|-heal|p1a: Clefable|82\/100 par|[from] item: Leftovers\n|upkeep\n|turn|76\n|-message|guinea hog forfeited.\n|\n|win|Benjamin Gilbert\n|n|\u2606guinea hog|guineahog\n|n|\u2606Benjamin Gilbert|benjamingilbert\n|l|\u2606guinea hog\n|l|\u2606Benjamin Gilbert\n|j| dotting eyes\n","uploadtime":1646577019,"views":36,"p1id":"guineahog","p2id":"benjamingilbert","formatid":"gen8bdspou","rating":0,"private":0,"password":null}