{"id":"gen8ou-1381516950","p1":"Gurtrant","p2":"lt83aq arctozolt","format":"gen8ou","log":"|j|\u2606Gurtrant\n|j|\u2606lt83aq arctozolt\n|t:|1626895864\n|gametype|singles\n|player|p1|Gurtrant|238|1696\n|player|p2|lt83aq arctozolt|ethan|1636\n|teamsize|p1|6\n|teamsize|p2|6\n|gen|8\n|tier|[Gen 8] OU\n|rated|\n|rule|Sleep Clause Mod: Limit one foe put to sleep\n|rule|Species Clause: Limit one of each Pok\u00e9mon\n|rule|OHKO Clause: OHKO moves are banned\n|rule|Evasion Moves Clause: Evasion moves are banned\n|rule|Endless Battle Clause: Forcing endless battles is banned\n|rule|HP Percentage Mod: HP is shown in percentages\n|rule|Dynamax Clause: You cannot dynamax\n|clearpoke\n|poke|p1|Pelipper, F|\n|poke|p1|Heliolisk, M|\n|poke|p1|Seismitoad, M|\n|poke|p1|Barraskewda, M|\n|poke|p1|Ferrothorn, M|\n|poke|p1|Zapdos|\n|poke|p2|Heatran, F|\n|poke|p2|Ninetales-Alola, F|\n|poke|p2|Arctozolt|\n|poke|p2|Landorus-Therian, M|\n|poke|p2|Kyurem|\n|poke|p2|Tapu Lele|\n|teampreview\n|inactive|Battle timer is ON: inactive players will automatically lose when time's up. (requested by Gurtrant)\n|\n|t:|1626895870\n|start\n|switch|p1a: Pelipper|Pelipper, F|100\/100\n|switch|p2a: Kyurem|Kyurem|100\/100\n|-ability|p2a: Kyurem|Pressure\n|-weather|RainDance|[from] ability: Drizzle|[of] p1a: Pelipper\n|turn|1\n|\n|t:|1626895874\n|switch|p1a: Ferrothorn|Ferrothorn, M|100\/100\n|move|p2a: Kyurem|Freeze-Dry|p1a: Ferrothorn\n|-crit|p1a: Ferrothorn\n|-damage|p1a: Ferrothorn|63\/100\n|\n|-weather|RainDance|[upkeep]\n|-heal|p1a: Ferrothorn|69\/100|[from] item: Leftovers\n|upkeep\n|turn|2\n|\n|t:|1626895877\n|move|p2a: Kyurem|Substitute|p2a: Kyurem\n|-start|p2a: Kyurem|Substitute\n|-damage|p2a: Kyurem|76\/100\n|move|p1a: Ferrothorn|Knock Off|p2a: Kyurem\n|-activate|p2a: Kyurem|move: Substitute|[damage]\n|\n|-weather|RainDance|[upkeep]\n|-heal|p1a: Ferrothorn|75\/100|[from] item: Leftovers\n|upkeep\n|turn|3\n|\n|t:|1626895880\n|move|p2a: Kyurem|Freeze-Dry|p1a: Ferrothorn\n|-damage|p1a: Ferrothorn|53\/100\n|move|p1a: Ferrothorn|Gyro Ball|p2a: Kyurem\n|-supereffective|p2a: Kyurem\n|-end|p2a: Kyurem|Substitute\n|\n|-weather|RainDance|[upkeep]\n|-heal|p1a: Ferrothorn|59\/100|[from] item: Leftovers\n|upkeep\n|turn|4\n|\n|t:|1626895892\n|move|p2a: Kyurem|Substitute|p2a: Kyurem\n|-start|p2a: Kyurem|Substitute\n|-damage|p2a: Kyurem|51\/100\n|move|p1a: Ferrothorn|Gyro Ball|p2a: Kyurem\n|-supereffective|p2a: Kyurem\n|-end|p2a: Kyurem|Substitute\n|\n|-weather|RainDance|[upkeep]\n|-heal|p1a: Ferrothorn|66\/100|[from] item: Leftovers\n|upkeep\n|turn|5\n|\n|t:|1626895897\n|move|p2a: Kyurem|Substitute|p2a: Kyurem\n|-start|p2a: Kyurem|Substitute\n|-damage|p2a: Kyurem|26\/100\n|move|p1a: Ferrothorn|Gyro Ball|p2a: Kyurem\n|-supereffective|p2a: Kyurem\n|-end|p2a: Kyurem|Substitute\n|\n|-weather|RainDance|[upkeep]\n|-heal|p1a: Ferrothorn|72\/100|[from] item: Leftovers\n|upkeep\n|turn|6\n|\n|t:|1626895902\n|move|p2a: Kyurem|Substitute|p2a: Kyurem\n|-start|p2a: Kyurem|Substitute\n|-damage|p2a: Kyurem|1\/100\n|move|p1a: Ferrothorn|Gyro Ball|p2a: Kyurem\n|-supereffective|p2a: Kyurem\n|-end|p2a: Kyurem|Substitute\n|\n|-weather|RainDance|[upkeep]\n|-heal|p1a: Ferrothorn|78\/100|[from] item: Leftovers\n|upkeep\n|turn|7\n|\n|t:|1626895905\n|move|p2a: Kyurem|Roost|p2a: Kyurem\n|-heal|p2a: Kyurem|51\/100\n|-singleturn|p2a: Kyurem|move: Roost\n|move|p1a: Ferrothorn|Knock Off|p2a: Kyurem\n|-crit|p2a: Kyurem\n|-damage|p2a: Kyurem|23\/100\n|-enditem|p2a: Kyurem|Heavy-Duty Boots|[from] move: Knock Off|[of] p1a: Ferrothorn\n|\n|-weather|RainDance|[upkeep]\n|-heal|p1a: Ferrothorn|84\/100|[from] item: Leftovers\n|upkeep\n|turn|8\n|\n|t:|1626895912\n|switch|p1a: Barraskewda|Barraskewda, M|100\/100\n|move|p2a: Kyurem|Roost|p2a: Kyurem\n|-heal|p2a: Kyurem|73\/100\n|-singleturn|p2a: Kyurem|move: Roost\n|\n|-weather|none\n|upkeep\n|turn|9\n|\n|t:|1626895927\n|switch|p2a: Landorus|Landorus-Therian, M|100\/100\n|-ability|p2a: Landorus|Intimidate|boost\n|-unboost|p1a: Barraskewda|atk|1\n|move|p1a: Barraskewda|Close Combat|p2a: Landorus\n|-resisted|p2a: Landorus\n|-damage|p2a: Landorus|77\/100\n|-unboost|p1a: Barraskewda|def|1\n|-unboost|p1a: Barraskewda|spd|1\n|\n|-heal|p2a: Landorus|83\/100|[from] item: Leftovers\n|upkeep\n|turn|10\n|\n|t:|1626895933\n|switch|p1a: Pelipper|Pelipper, F|100\/100\n|-weather|RainDance|[from] ability: Drizzle|[of] p1a: Pelipper\n|move|p2a: Landorus|U-turn|p1a: Pelipper\n|-resisted|p1a: Pelipper\n|-damage|p1a: Pelipper|92\/100\n|\n|t:|1626895935\n|switch|p2a: Kyurem|Kyurem|73\/100|[from]move: U-turn\n|-ability|p2a: Kyurem|Pressure\n|\n|-weather|RainDance|[upkeep]\n|upkeep\n|turn|11\n|\n|t:|1626895943\n|move|p2a: Kyurem|Substitute|p2a: Kyurem\n|-start|p2a: Kyurem|Substitute\n|-damage|p2a: Kyurem|48\/100\n|move|p1a: Pelipper|U-turn|p2a: Kyurem\n|-activate|p2a: Kyurem|move: Substitute|[damage]\n|\n|t:|1626895945\n|switch|p1a: Heliolisk|Heliolisk, M, shiny|100\/100|[from]move: U-turn\n|\n|-weather|RainDance|[upkeep]\n|upkeep\n|turn|12\n|\n|t:|1626895971\n|switch|p2a: Heatran|Heatran, F|100\/100\n|move|p1a: Heliolisk|Thunder|p2a: Heatran\n|-damage|p2a: Heatran|51\/100\n|-damage|p1a: Heliolisk|91\/100|[from] item: Life Orb\n|\n|-weather|RainDance|[upkeep]\n|-heal|p1a: Heliolisk|100\/100|[from] ability: Dry Skin\n|-heal|p2a: Heatran|57\/100|[from] item: Leftovers\n|upkeep\n|turn|13\n|\n|t:|1626895983\n|switch|p2a: Ninetales|Ninetales-Alola, F|100\/100\n|-weather|Hail|[from] ability: Snow Warning|[of] p2a: Ninetales\n|move|p1a: Heliolisk|Surf|p2a: Ninetales\n|-damage|p2a: Ninetales|68\/100\n|-damage|p1a: Heliolisk|91\/100|[from] item: Life Orb\n|\n|-weather|Hail|[upkeep]\n|-damage|p1a: Heliolisk|85\/100|[from] Hail\n|upkeep\n|turn|14\n|\n|t:|1626895997\n|switch|p2a: Arctozolt|Arctozolt|100\/100\n|switch|p1a: Pelipper|Pelipper, F|92\/100\n|-weather|RainDance|[from] ability: Drizzle|[of] p1a: Pelipper\n|\n|-weather|RainDance|[upkeep]\n|upkeep\n|turn|15\n|\n|t:|1626896008\n|switch|p1a: Zapdos|Zapdos|100\/100\n|move|p2a: Arctozolt|Substitute|p2a: Arctozolt\n|-start|p2a: Arctozolt|Substitute\n|-damage|p2a: Arctozolt|76\/100\n|\n|-weather|RainDance|[upkeep]\n|upkeep\n|turn|16\n|\n|t:|1626896018\n|move|p1a: Zapdos|Thunder|p2a: Arctozolt\n|-resisted|p2a: Arctozolt\n|-crit|p2a: Arctozolt\n|-end|p2a: Arctozolt|Substitute\n|move|p2a: Arctozolt|Blizzard|p1a: Zapdos\n|-supereffective|p1a: Zapdos\n|-damage|p1a: Zapdos|36\/100\n|\n|-weather|RainDance|[upkeep]\n|upkeep\n|turn|17\n|\n|t:|1626896032\n|switch|p2a: Ninetales|Ninetales-Alola, F|68\/100\n|-weather|Hail|[from] ability: Snow Warning|[of] p2a: Ninetales\n|move|p1a: Zapdos|Thunder|p2a: Ninetales\n|-damage|p2a: Ninetales|26\/100\n|-status|p2a: Ninetales|par\n|\n|-weather|Hail|[upkeep]\n|-damage|p1a: Zapdos|30\/100|[from] Hail\n|upkeep\n|turn|18\n|\n|t:|1626896050\n|switch|p2a: Arctozolt|Arctozolt|76\/100\n|move|p1a: Zapdos|Roost|p1a: Zapdos\n|-heal|p1a: Zapdos|80\/100\n|-singleturn|p1a: Zapdos|move: Roost\n|\n|-weather|Hail|[upkeep]\n|-damage|p1a: Zapdos|73\/100|[from] Hail\n|upkeep\n|turn|19\n|\n|t:|1626896069\n|switch|p1a: Ferrothorn|Ferrothorn, M|84\/100\n|move|p2a: Arctozolt|Blizzard|p1a: Ferrothorn\n|-damage|p1a: Ferrothorn|62\/100\n|\n|-weather|Hail|[upkeep]\n|-damage|p1a: Ferrothorn|56\/100|[from] Hail\n|-heal|p1a: Ferrothorn|62\/100|[from] item: Leftovers\n|upkeep\n|turn|20\n|\n|t:|1626896081\n|switch|p1a: Pelipper|Pelipper, F|92\/100\n|-weather|RainDance|[from] ability: Drizzle|[of] p1a: Pelipper\n|move|p2a: Arctozolt|Low Kick|p1a: Pelipper\n|-resisted|p1a: Pelipper\n|-damage|p1a: Pelipper|86\/100\n|\n|-weather|RainDance|[upkeep]\n|upkeep\n|turn|21\n|\n|t:|1626896102\n|switch|p2a: Ninetales|Ninetales-Alola, F|26\/100 par\n|-weather|Hail|[from] ability: Snow Warning|[of] p2a: Ninetales\n|switch|p1a: Zapdos|Zapdos|73\/100\n|\n|-weather|Hail|[upkeep]\n|-damage|p1a: Zapdos|67\/100|[from] Hail\n|upkeep\n|turn|22\n|\n|t:|1626896111\n|switch|p2a: Arctozolt|Arctozolt|76\/100\n|move|p1a: Zapdos|U-turn|p2a: Arctozolt\n|-damage|p2a: Arctozolt|60\/100\n|\n|t:|1626896114\n|switch|p1a: Pelipper|Pelipper, F|86\/100|[from]move: U-turn\n|-weather|RainDance|[from] ability: Drizzle|[of] p1a: Pelipper\n|\n|-weather|RainDance|[upkeep]\n|upkeep\n|turn|23\n|\n|t:|1626896124\n|switch|p1a: Zapdos|Zapdos|67\/100\n|move|p2a: Arctozolt|Bolt Beak|p1a: Zapdos\n|-damage|p1a: Zapdos|16\/100\n|\n|-weather|RainDance|[upkeep]\n|upkeep\n|turn|24\n|\n|t:|1626896149\n|switch|p2a: Kyurem|Kyurem|48\/100\n|-ability|p2a: Kyurem|Pressure\n|move|p1a: Zapdos|Roost|p1a: Zapdos\n|-heal|p1a: Zapdos|66\/100\n|-singleturn|p1a: Zapdos|move: Roost\n|\n|-weather|RainDance|[upkeep]\n|upkeep\n|turn|25\n|\n|t:|1626896155\n|move|p2a: Kyurem|Roost|p2a: Kyurem\n|-heal|p2a: Kyurem|98\/100\n|-singleturn|p2a: Kyurem|move: Roost\n|move|p1a: Zapdos|Thunder|p2a: Kyurem\n|-resisted|p2a: Kyurem\n|-damage|p2a: Kyurem|76\/100\n|-status|p2a: Kyurem|par\n|\n|-weather|RainDance|[upkeep]\n|upkeep\n|turn|26\n|\n|t:|1626896164\n|move|p1a: Zapdos|Roost|p1a: Zapdos\n|-heal|p1a: Zapdos|100\/100\n|-singleturn|p1a: Zapdos|move: Roost\n|move|p2a: Kyurem|Freeze-Dry|p1a: Zapdos\n|-damage|p1a: Zapdos|67\/100\n|\n|-weather|RainDance|[upkeep]\n|upkeep\n|turn|27\n|\n|t:|1626896177\n|move|p1a: Zapdos|Roost|p1a: Zapdos\n|-heal|p1a: Zapdos|100\/100\n|-singleturn|p1a: Zapdos|move: Roost\n|move|p2a: Kyurem|Freeze-Dry|p1a: Zapdos\n|-damage|p1a: Zapdos|64\/100\n|\n|-weather|RainDance|[upkeep]\n|upkeep\n|turn|28\n|\n|t:|1626896182\n|move|p1a: Zapdos|Roost|p1a: Zapdos\n|-heal|p1a: Zapdos|100\/100\n|-singleturn|p1a: Zapdos|move: Roost\n|move|p2a: Kyurem|Substitute|p2a: Kyurem\n|-start|p2a: Kyurem|Substitute\n|-damage|p2a: Kyurem|51\/100 par\n|\n|-weather|RainDance|[upkeep]\n|upkeep\n|turn|29\n|\n|t:|1626896186\n|move|p1a: Zapdos|Thunder|p2a: Kyurem\n|-resisted|p2a: Kyurem\n|-activate|p2a: Kyurem|move: Substitute|[damage]\n|move|p2a: Kyurem|Roost|p2a: Kyurem\n|-heal|p2a: Kyurem|100\/100 par\n|-singleturn|p2a: Kyurem|move: Roost\n|\n|-weather|none\n|upkeep\n|turn|30\n|\n|t:|1626896193\n|move|p1a: Zapdos|U-turn|p2a: Kyurem\n|-end|p2a: Kyurem|Substitute\n|\n|t:|1626896195\n|switch|p1a: Ferrothorn|Ferrothorn, M|62\/100|[from]move: U-turn\n|cant|p2a: Kyurem|par\n|\n|-heal|p1a: Ferrothorn|68\/100|[from] item: Leftovers\n|upkeep\n|turn|31\n|\n|t:|1626896202\n|move|p2a: Kyurem|Substitute|p2a: Kyurem\n|-start|p2a: Kyurem|Substitute\n|-damage|p2a: Kyurem|76\/100 par\n|move|p1a: Ferrothorn|Leech Seed||[still]\n|-fail|p1a: Ferrothorn\n|\n|-heal|p1a: Ferrothorn|74\/100|[from] item: Leftovers\n|upkeep\n|turn|32\n|\n|t:|1626896206\n|move|p2a: Kyurem|Freeze-Dry|p1a: Ferrothorn\n|-damage|p1a: Ferrothorn|49\/100\n|-status|p1a: Ferrothorn|frz\n|-curestatus|p1a: Ferrothorn|frz|[msg]\n|move|p1a: Ferrothorn|Spikes|p2a: Kyurem\n|-sidestart|p2: lt83aq arctozolt|Spikes\n|\n|-heal|p1a: Ferrothorn|56\/100|[from] item: Leftovers\n|upkeep\n|turn|33\n|j| 9768h87b69\n|\n|t:|1626896215\n|move|p2a: Kyurem|Freeze-Dry|p1a: Ferrothorn\n|-damage|p1a: Ferrothorn|33\/100\n|move|p1a: Ferrothorn|Spikes|p2a: Kyurem\n|-sidestart|p2: lt83aq arctozolt|Spikes\n|\n|-heal|p1a: Ferrothorn|39\/100|[from] item: Leftovers\n|upkeep\n|turn|34\n|\n|t:|1626896229\n|move|p2a: Kyurem|Freeze-Dry|p1a: Ferrothorn\n|-damage|p1a: Ferrothorn|18\/100\n|move|p1a: Ferrothorn|Spikes|p2a: Kyurem\n|-sidestart|p2: lt83aq arctozolt|Spikes\n|\n|-heal|p1a: Ferrothorn|24\/100|[from] item: Leftovers\n|upkeep\n|turn|35\n|\n|t:|1626896249\n|cant|p2a: Kyurem|par\n|move|p1a: Ferrothorn|Knock Off|p2a: Kyurem\n|-activate|p2a: Kyurem|move: Substitute|[damage]\n|\n|-heal|p1a: Ferrothorn|31\/100|[from] item: Leftovers\n|upkeep\n|turn|36\n|\n|t:|1626896272\n|move|p2a: Kyurem|Freeze-Dry|p1a: Ferrothorn\n|-crit|p1a: Ferrothorn\n|-damage|p1a: Ferrothorn|0 fnt\n|faint|p1a: Ferrothorn\n|\n|upkeep\n|\n|t:|1626896278\n|switch|p1a: Barraskewda|Barraskewda, M|100\/100\n|turn|37\n|\n|t:|1626896287\n|move|p1a: Barraskewda|Flip Turn|p2a: Kyurem\n|-resisted|p2a: Kyurem\n|-end|p2a: Kyurem|Substitute\n|\n|t:|1626896292\n|switch|p1a: Pelipper|Pelipper, F|86\/100|[from]move: Flip Turn\n|-weather|RainDance|[from] ability: Drizzle|[of] p1a: Pelipper\n|move|p2a: Kyurem|Freeze-Dry|p1a: Pelipper\n|-supereffective|p1a: Pelipper\n|-damage|p1a: Pelipper|0 fnt\n|faint|p1a: Pelipper\n|\n|-weather|RainDance|[upkeep]\n|upkeep\n|\n|t:|1626896305\n|switch|p1a: Heliolisk|Heliolisk, M, shiny|85\/100\n|turn|38\n|\n|t:|1626896310\n|switch|p2a: Ninetales|Ninetales-Alola, F|26\/100 par\n|-damage|p2a: Ninetales|1\/100 par|[from] Spikes\n|-weather|Hail|[from] ability: Snow Warning|[of] p2a: Ninetales\n|move|p1a: Heliolisk|Focus Blast|p2a: Ninetales\n|-damage|p2a: Ninetales|0 fnt\n|faint|p2a: Ninetales\n|-damage|p1a: Heliolisk|75\/100|[from] item: Life Orb\n|\n|-weather|Hail|[upkeep]\n|-damage|p1a: Heliolisk|69\/100|[from] Hail\n|upkeep\n|\n|t:|1626896317\n|switch|p2a: Arctozolt|Arctozolt|60\/100\n|turn|39\n|-message|Gurtrant forfeited.\n|\n|win|lt83aq arctozolt\n|l|\u2606Gurtrant\n|raw|Gurtrant's rating: 1696 &rarr; <strong>1673<\/strong><br \/>(-23 for losing)\n|raw|lt83aq arctozolt's rating: 1636 &rarr; <strong>1659<\/strong><br \/>(+23 for winning)\n","uploadtime":1626896327,"views":24,"p1id":"gurtrant","p2id":"lt83aqarctozolt","formatid":"gen8ou","rating":1659,"private":0,"password":null}