{"id":"gen8bdspnu-1572138505","p1":"hudsonnelles","p2":"Ill Leave","format":"gen8bdspnu","log":"|j|\u2606hudsonnelles\n|j|\u2606Ill Leave\n|inactive|Battle timer is ON: inactive players will automatically lose when time's up.\n|t:|1652231090\n|gametype|singles\n|player|p1|hudsonnelles|caitlin|\n|player|p2|Ill Leave|170|\n|teamsize|p1|6\n|teamsize|p2|6\n|gen|8\n|tier|[Gen 8 BDSP] NU\n|rated|Tournament battle\n|rule|Sleep Clause Mod: Limit one foe put to sleep\n|rule|Species Clause: Limit one of each Pok\u00e9mon\n|rule|OHKO Clause: OHKO moves are banned\n|rule|Evasion Moves Clause: Evasion moves are banned\n|rule|Endless Battle Clause: Forcing endless battles is banned\n|rule|HP Percentage Mod: HP is shown in percentages\n|clearpoke\n|poke|p1|Bellossom, M|\n|poke|p1|Electivire, F|\n|poke|p1|Lanturn, F|\n|poke|p1|Qwilfish, M|\n|poke|p1|Regirock|\n|poke|p1|Sandslash, M|\n|poke|p2|Weezing, F|\n|poke|p2|Skuntank, M|\n|poke|p2|Abomasnow, F|\n|poke|p2|Sandslash, F|\n|poke|p2|Lanturn, M|\n|poke|p2|Dusknoir, M|\n|teampreview\n|\n|t:|1652231103\n|start\n|switch|p1a: Qwilfish|Qwilfish, M|100\/100\n|switch|p2a: Sandslash|Sandslash, F|100\/100\n|turn|1\n|\n|t:|1652231125\n|move|p1a: Qwilfish|Spikes|p2a: Sandslash\n|-sidestart|p2: Ill Leave|Spikes\n|move|p2a: Sandslash|Earthquake|p1a: Qwilfish\n|-supereffective|p1a: Qwilfish\n|-damage|p1a: Qwilfish|34\/100\n|\n|-heal|p1a: Qwilfish|40\/100|[from] item: Black Sludge\n|upkeep\n|turn|2\n|\n|t:|1652231138\n|move|p1a: Qwilfish|Spikes|p2a: Sandslash\n|-sidestart|p2: Ill Leave|Spikes\n|move|p2a: Sandslash|Rapid Spin|p1a: Qwilfish\n|-damage|p1a: Qwilfish|29\/100\n|-boost|p2a: Sandslash|spe|1\n|-sideend|p2: Ill Leave|Spikes|[from] move: Rapid Spin|[of] p2a: Sandslash\n|\n|-heal|p1a: Qwilfish|35\/100|[from] item: Black Sludge\n|upkeep\n|turn|3\n|\n|t:|1652231154\n|switch|p1a: Bellossom|Bellossom, M|100\/100\n|move|p2a: Sandslash|Earthquake|p1a: Bellossom\n|-resisted|p1a: Bellossom\n|-damage|p1a: Bellossom|86\/100\n|\n|-heal|p1a: Bellossom|93\/100|[from] item: Leftovers\n|upkeep\n|turn|4\n|\n|t:|1652231164\n|move|p2a: Sandslash|Stealth Rock|p1a: Bellossom\n|-sidestart|p1: hudsonnelles|move: Stealth Rock\n|move|p1a: Bellossom|Substitute|p1a: Bellossom\n|-start|p1a: Bellossom|Substitute\n|-damage|p1a: Bellossom|68\/100\n|\n|-heal|p1a: Bellossom|74\/100|[from] item: Leftovers\n|upkeep\n|turn|5\n|\n|t:|1652231169\n|switch|p2a: Abomasnow|Abomasnow, F|100\/100\n|-weather|Hail|[from] ability: Snow Warning|[of] p2a: Abomasnow\n|move|p1a: Bellossom|Quiver Dance|p1a: Bellossom\n|-boost|p1a: Bellossom|spa|1\n|-boost|p1a: Bellossom|spd|1\n|-boost|p1a: Bellossom|spe|1\n|\n|-weather|Hail|[upkeep]\n|-damage|p1a: Bellossom|68\/100|[from] Hail\n|-heal|p1a: Bellossom|74\/100|[from] item: Leftovers\n|upkeep\n|turn|6\n|\n|t:|1652231178\n|move|p1a: Bellossom|Quiver Dance|p1a: Bellossom\n|-boost|p1a: Bellossom|spa|1\n|-boost|p1a: Bellossom|spd|1\n|-boost|p1a: Bellossom|spe|1\n|move|p2a: Abomasnow|Blizzard|p1a: Bellossom\n|-supereffective|p1a: Bellossom\n|-end|p1a: Bellossom|Substitute\n|\n|-weather|Hail|[upkeep]\n|-damage|p1a: Bellossom|68\/100|[from] Hail\n|-heal|p1a: Bellossom|74\/100|[from] item: Leftovers\n|upkeep\n|turn|7\n|\n|t:|1652231186\n|move|p1a: Bellossom|Substitute|p1a: Bellossom\n|-start|p1a: Bellossom|Substitute\n|-damage|p1a: Bellossom|49\/100\n|move|p2a: Abomasnow|Blizzard|p1a: Bellossom\n|-supereffective|p1a: Bellossom\n|-end|p1a: Bellossom|Substitute\n|\n|-weather|Hail|[upkeep]\n|-damage|p1a: Bellossom|43\/100|[from] Hail\n|-heal|p1a: Bellossom|49\/100|[from] item: Leftovers\n|upkeep\n|turn|8\n|\n|t:|1652231197\n|move|p1a: Bellossom|Giga Drain|p2a: Abomasnow\n|-resisted|p2a: Abomasnow\n|-damage|p2a: Abomasnow|83\/100\n|-heal|p1a: Bellossom|59\/100|[from] drain|[of] p2a: Abomasnow\n|move|p2a: Abomasnow|Blizzard|p1a: Bellossom\n|-supereffective|p1a: Bellossom\n|-damage|p1a: Bellossom|23\/100\n|\n|-weather|Hail|[upkeep]\n|-damage|p1a: Bellossom|17\/100|[from] Hail\n|-heal|p1a: Bellossom|23\/100|[from] item: Leftovers\n|-heal|p2a: Abomasnow|89\/100|[from] item: Leftovers\n|upkeep\n|turn|9\n|\n|t:|1652231214\n|switch|p1a: Qwilfish|Qwilfish, M|35\/100\n|-damage|p1a: Qwilfish|22\/100|[from] Stealth Rock\n|move|p2a: Abomasnow|Blizzard|p1a: Qwilfish\n|-resisted|p1a: Qwilfish\n|-damage|p1a: Qwilfish|0 fnt\n|faint|p1a: Qwilfish\n|\n|-weather|none\n|-heal|p2a: Abomasnow|95\/100|[from] item: Leftovers\n|upkeep\n|\n|t:|1652231231\n|switch|p1a: Electivire|Electivire, F|100\/100\n|-damage|p1a: Electivire|88\/100|[from] Stealth Rock\n|turn|10\n|j|+Woopre\n|\n|t:|1652231236\n|move|p2a: Abomasnow|Protect|p2a: Abomasnow\n|-singleturn|p2a: Abomasnow|Protect\n|move|p1a: Electivire|Volt Switch|p2a: Abomasnow\n|-activate|p2a: Abomasnow|move: Protect\n|\n|-heal|p2a: Abomasnow|100\/100|[from] item: Leftovers\n|upkeep\n|turn|11\n|\n|t:|1652231243\n|switch|p2a: Lanturn|Lanturn, M|100\/100\n|move|p1a: Electivire|Earthquake|p2a: Lanturn\n|-supereffective|p2a: Lanturn\n|-damage|p2a: Lanturn|0 fnt\n|faint|p2a: Lanturn\n|\n|upkeep\n|\n|t:|1652231251\n|switch|p2a: Sandslash|Sandslash, F|100\/100\n|turn|12\n|\n|t:|1652231277\n|move|p1a: Electivire|Ice Punch|p2a: Sandslash\n|-supereffective|p2a: Sandslash\n|-damage|p2a: Sandslash|47\/100\n|move|p2a: Sandslash|Earthquake|p1a: Electivire\n|-supereffective|p1a: Electivire\n|-damage|p1a: Electivire|0 fnt\n|faint|p1a: Electivire\n|\n|-heal|p2a: Sandslash|53\/100|[from] item: Leftovers\n|upkeep\n|inactive|hudsonnelles has 120 seconds left.\n|\n|t:|1652231289\n|switch|p1a: Lanturn|Lanturn, F|100\/100\n|-damage|p1a: Lanturn|88\/100|[from] Stealth Rock\n|turn|13\n|\n|t:|1652231294\n|switch|p2a: Abomasnow|Abomasnow, F|100\/100\n|-weather|Hail|[from] ability: Snow Warning|[of] p2a: Abomasnow\n|move|p1a: Lanturn|Scald|p2a: Abomasnow\n|-resisted|p2a: Abomasnow\n|-damage|p2a: Abomasnow|93\/100\n|\n|-weather|Hail|[upkeep]\n|-damage|p1a: Lanturn|82\/100|[from] Hail\n|-heal|p1a: Lanturn|88\/100|[from] item: Leftovers\n|-heal|p2a: Abomasnow|99\/100|[from] item: Leftovers\n|upkeep\n|turn|14\n|\n|t:|1652231299\n|move|p1a: Lanturn|Thunder Wave|p2a: Abomasnow\n|-status|p2a: Abomasnow|par\n|move|p2a: Abomasnow|Substitute|p2a: Abomasnow\n|-start|p2a: Abomasnow|Substitute\n|-damage|p2a: Abomasnow|74\/100 par\n|\n|-weather|Hail|[upkeep]\n|-damage|p1a: Lanturn|82\/100|[from] Hail\n|-heal|p1a: Lanturn|88\/100|[from] item: Leftovers\n|-heal|p2a: Abomasnow|80\/100 par|[from] item: Leftovers\n|upkeep\n|turn|15\n|\n|t:|1652231326\n|move|p1a: Lanturn|Ice Beam|p2a: Abomasnow\n|-activate|p2a: Abomasnow|move: Substitute|[damage]\n|move|p2a: Abomasnow|Leech Seed|p1a: Lanturn\n|-start|p1a: Lanturn|move: Leech Seed\n|\n|-weather|Hail|[upkeep]\n|-damage|p1a: Lanturn|82\/100|[from] Hail\n|-heal|p1a: Lanturn|88\/100|[from] item: Leftovers\n|-heal|p2a: Abomasnow|86\/100 par|[from] item: Leftovers\n|-damage|p1a: Lanturn|76\/100|[from] Leech Seed|[of] p2a: Abomasnow\n|-heal|p2a: Abomasnow|100\/100 par|[silent]\n|upkeep\n|turn|16\n|inactive|hudsonnelles has 120 seconds left.\n|\n|t:|1652231342\n|move|p1a: Lanturn|Volt Switch|p2a: Abomasnow\n|-resisted|p2a: Abomasnow\n|-activate|p2a: Abomasnow|move: Substitute|[damage]\n|inactive|hudsonnelles has 120 seconds left.\n|inactive|hudsonnelles has 90 seconds left.\n|\n|t:|1652231394\n|switch|p1a: Sandslash|Sandslash, M, shiny|100\/100|[from]move: Volt Switch\n|-damage|p1a: Sandslash|94\/100|[from] Stealth Rock\n|move|p2a: Abomasnow|Substitute|p2a: Abomasnow\n|-fail|p2a: Abomasnow|move: Substitute\n|\n|-weather|Hail|[upkeep]\n|-damage|p1a: Sandslash|88\/100|[from] Hail\n|-heal|p1a: Sandslash|94\/100|[from] item: Leftovers\n|upkeep\n|turn|17\n|\n|t:|1652231397\n|move|p1a: Sandslash|Poison Jab|p2a: Abomasnow\n|-supereffective|p2a: Abomasnow\n|-end|p2a: Abomasnow|Substitute\n|move|p2a: Abomasnow|Blizzard|p1a: Sandslash\n|-supereffective|p1a: Sandslash\n|-damage|p1a: Sandslash|0 fnt\n|faint|p1a: Sandslash\n|\n|-weather|none\n|upkeep\n|\n|t:|1652231408\n|switch|p1a: Regirock|Regirock|100\/100\n|-damage|p1a: Regirock|88\/100|[from] Stealth Rock\n|turn|18\n|\n|t:|1652231421\n|switch|p2a: Weezing|Weezing, F|100\/100\n|move|p1a: Regirock|Stone Edge|p2a: Weezing\n|-damage|p2a: Weezing|76\/100\n|\n|-heal|p2a: Weezing|82\/100|[from] item: Black Sludge\n|upkeep\n|turn|19\n|inactive|hudsonnelles has 90 seconds left.\n|\n|t:|1652231429\n|move|p2a: Weezing|Toxic Spikes|p1a: Regirock\n|-sidestart|p1: hudsonnelles|move: Toxic Spikes\n|move|p1a: Regirock|Curse|p1a: Regirock\n|-unboost|p1a: Regirock|spe|1\n|-boost|p1a: Regirock|atk|1\n|-boost|p1a: Regirock|def|1\n|\n|-heal|p2a: Weezing|88\/100|[from] item: Black Sludge\n|upkeep\n|turn|20\n|inactive|Ill Leave has 120 seconds left.\n|\n|t:|1652231468\n|switch|p2a: Skuntank|Skuntank, M|100\/100\n|move|p1a: Regirock|Curse|p1a: Regirock\n|-unboost|p1a: Regirock|spe|1\n|-boost|p1a: Regirock|atk|1\n|-boost|p1a: Regirock|def|1\n|\n|upkeep\n|turn|21\n|\n|t:|1652231485\n|move|p2a: Skuntank|Toxic|p1a: Regirock\n|-status|p1a: Regirock|tox\n|-enditem|p1a: Regirock|Lum Berry|[eat]\n|-curestatus|p1a: Regirock|tox|[msg]\n|move|p1a: Regirock|Stone Edge|p2a: Skuntank\n|-damage|p2a: Skuntank|45\/100\n|\n|-heal|p2a: Skuntank|51\/100|[from] item: Black Sludge\n|upkeep\n|turn|22\n|\n|t:|1652231496\n|move|p2a: Skuntank|Toxic|p1a: Regirock\n|-status|p1a: Regirock|tox\n|move|p1a: Regirock|Stone Edge|p2a: Skuntank\n|-crit|p2a: Skuntank\n|-damage|p2a: Skuntank|0 fnt\n|faint|p2a: Skuntank\n|\n|-damage|p1a: Regirock|82\/100 tox|[from] psn\n|upkeep\n|\n|t:|1652231503\n|switch|p2a: Sandslash|Sandslash, F|53\/100\n|turn|23\n|\n|t:|1652231524\n|move|p2a: Sandslash|Earthquake|p1a: Regirock\n|-supereffective|p1a: Regirock\n|-damage|p1a: Regirock|62\/100 tox\n|move|p1a: Regirock|Drain Punch|p2a: Sandslash\n|-damage|p2a: Sandslash|24\/100\n|-heal|p1a: Regirock|77\/100 tox|[from] drain|[of] p2a: Sandslash\n|\n|-heal|p2a: Sandslash|30\/100|[from] item: Leftovers\n|-damage|p1a: Regirock|65\/100 tox|[from] psn\n|upkeep\n|turn|24\n|\n|t:|1652231530\n|move|p2a: Sandslash|Earthquake|p1a: Regirock\n|-supereffective|p1a: Regirock\n|-damage|p1a: Regirock|46\/100 tox\n|move|p1a: Regirock|Rest|p1a: Regirock\n|-status|p1a: Regirock|slp|[from] move: Rest\n|-heal|p1a: Regirock|100\/100 slp|[silent]\n|\n|-heal|p2a: Sandslash|36\/100|[from] item: Leftovers\n|upkeep\n|turn|25\n|\n|t:|1652231541\n|switch|p2a: Abomasnow|Abomasnow, F|100\/100 par\n|-weather|Hail|[from] ability: Snow Warning|[of] p2a: Abomasnow\n|cant|p1a: Regirock|slp\n|\n|-weather|Hail|[upkeep]\n|-damage|p1a: Regirock|94\/100 slp|[from] Hail\n|upkeep\n|turn|26\n|inactive|hudsonnelles has 120 seconds left.\n|\n|t:|1652231568\n|move|p2a: Abomasnow|Leech Seed|p1a: Regirock|[miss]\n|-miss|p2a: Abomasnow|p1a: Regirock\n|cant|p1a: Regirock|slp\n|\n|-weather|Hail|[upkeep]\n|-damage|p1a: Regirock|88\/100 slp|[from] Hail\n|upkeep\n|turn|27\n|\n|t:|1652231573\n|cant|p2a: Abomasnow|par\n|-curestatus|p1a: Regirock|slp|[msg]\n|move|p1a: Regirock|Drain Punch|p2a: Abomasnow\n|-supereffective|p2a: Abomasnow\n|-damage|p2a: Abomasnow|28\/100 par\n|-heal|p1a: Regirock|100\/100|[from] drain|[of] p2a: Abomasnow\n|\n|-weather|Hail|[upkeep]\n|-damage|p1a: Regirock|94\/100|[from] Hail\n|-heal|p2a: Abomasnow|34\/100 par|[from] item: Leftovers\n|upkeep\n|turn|28\n|j| hot dog 999\n|inactive|hudsonnelles has 90 seconds left.\n|\n|t:|1652231612\n|switch|p2a: Dusknoir|Dusknoir, M|100\/100\n|-ability|p2a: Dusknoir|Pressure\n|move|p1a: Regirock|Drain Punch|p2a: Dusknoir\n|-immune|p2a: Dusknoir\n|\n|-weather|Hail|[upkeep]\n|-damage|p2a: Dusknoir|94\/100|[from] Hail\n|-damage|p1a: Regirock|88\/100|[from] Hail\n|-heal|p2a: Dusknoir|100\/100|[from] item: Leftovers\n|upkeep\n|turn|29\n|\n|t:|1652231620\n|switch|p2a: Sandslash|Sandslash, F|36\/100\n|move|p1a: Regirock|Stone Edge|p2a: Sandslash\n|-resisted|p2a: Sandslash\n|-damage|p2a: Sandslash|9\/100\n|\n|-weather|none\n|-heal|p2a: Sandslash|15\/100|[from] item: Leftovers\n|upkeep\n|turn|30\n|inactive|hudsonnelles has 90 seconds left.\n|\n|t:|1652231641\n|move|p2a: Sandslash|Earthquake|p1a: Regirock\n|-supereffective|p1a: Regirock\n|-damage|p1a: Regirock|70\/100\n|move|p1a: Regirock|Curse|p1a: Regirock\n|-unboost|p1a: Regirock|spe|1\n|-boost|p1a: Regirock|atk|1\n|-boost|p1a: Regirock|def|1\n|\n|-heal|p2a: Sandslash|21\/100|[from] item: Leftovers\n|upkeep\n|turn|31\n|inactive|hudsonnelles has 90 seconds left.\n|\n|t:|1652231655\n|move|p2a: Sandslash|Earthquake|p1a: Regirock\n|-supereffective|p1a: Regirock\n|-damage|p1a: Regirock|57\/100\n|move|p1a: Regirock|Drain Punch|p2a: Sandslash\n|-damage|p2a: Sandslash|0 fnt\n|-heal|p1a: Regirock|67\/100|[from] drain|[of] p2a: Sandslash\n|faint|p2a: Sandslash\n|\n|upkeep\n|l| hot dog 999\n|\n|t:|1652231667\n|switch|p2a: Weezing|Weezing, F|88\/100\n|turn|32\n|\n|t:|1652231671\n|move|p2a: Weezing|Will-O-Wisp|p1a: Regirock\n|-status|p1a: Regirock|brn\n|move|p1a: Regirock|Stone Edge|p2a: Weezing\n|-damage|p2a: Weezing|59\/100\n|\n|-heal|p2a: Weezing|65\/100|[from] item: Black Sludge\n|-damage|p1a: Regirock|61\/100 brn|[from] brn\n|upkeep\n|turn|33\n|\n|t:|1652231676\n|move|p2a: Weezing|Toxic Spikes|p1a: Regirock\n|-sidestart|p1: hudsonnelles|move: Toxic Spikes\n|move|p1a: Regirock|Rest|p1a: Regirock\n|-status|p1a: Regirock|slp|[from] move: Rest\n|-heal|p1a: Regirock|100\/100 slp|[silent]\n|\n|-heal|p2a: Weezing|71\/100|[from] item: Black Sludge\n|upkeep\n|turn|34\n|inactive|hudsonnelles has 120 seconds left.\n|\n|t:|1652231694\n|switch|p2a: Dusknoir|Dusknoir, M|100\/100\n|-ability|p2a: Dusknoir|Pressure\n|cant|p1a: Regirock|slp\n|\n|upkeep\n|turn|35\n|inactive|hudsonnelles has 120 seconds left.\n|\n|t:|1652231712\n|move|p2a: Dusknoir|Hex|p1a: Regirock\n|-damage|p1a: Regirock|80\/100 slp\n|cant|p1a: Regirock|slp\n|\n|upkeep\n|turn|36\n|\n|t:|1652231720\n|switch|p2a: Abomasnow|Abomasnow, F|34\/100 par\n|-weather|Hail|[from] ability: Snow Warning|[of] p2a: Abomasnow\n|-curestatus|p1a: Regirock|slp|[msg]\n|move|p1a: Regirock|Stone Edge|p2a: Abomasnow\n|-supereffective|p2a: Abomasnow\n|-damage|p2a: Abomasnow|0 fnt\n|faint|p2a: Abomasnow\n|\n|-weather|Hail|[upkeep]\n|-damage|p1a: Regirock|74\/100|[from] Hail\n|upkeep\n|\n|t:|1652231727\n|switch|p2a: Weezing|Weezing, F|71\/100\n|turn|37\n|\n|t:|1652231734\n|move|p2a: Weezing|Will-O-Wisp|p1a: Regirock\n|-status|p1a: Regirock|brn\n|move|p1a: Regirock|Stone Edge|p2a: Weezing|[miss]\n|-miss|p1a: Regirock|p2a: Weezing\n|\n|-weather|Hail|[upkeep]\n|-damage|p2a: Weezing|65\/100|[from] Hail\n|-damage|p1a: Regirock|68\/100 brn|[from] Hail\n|-heal|p2a: Weezing|71\/100|[from] item: Black Sludge\n|-damage|p1a: Regirock|62\/100 brn|[from] brn\n|upkeep\n|turn|38\n|\n|t:|1652231739\n|move|p2a: Weezing|Toxic Spikes||[still]\n|-fail|p2a: Weezing\n|move|p1a: Regirock|Rest|p1a: Regirock\n|-status|p1a: Regirock|slp|[from] move: Rest\n|-heal|p1a: Regirock|100\/100 slp|[silent]\n|\n|-weather|Hail|[upkeep]\n|-damage|p2a: Weezing|65\/100|[from] Hail\n|-damage|p1a: Regirock|94\/100 slp|[from] Hail\n|-heal|p2a: Weezing|71\/100|[from] item: Black Sludge\n|upkeep\n|turn|39\n|\n|t:|1652231744\n|switch|p2a: Dusknoir|Dusknoir, M|100\/100\n|-ability|p2a: Dusknoir|Pressure\n|cant|p1a: Regirock|slp\n|\n|-weather|Hail|[upkeep]\n|-damage|p2a: Dusknoir|94\/100|[from] Hail\n|-damage|p1a: Regirock|88\/100 slp|[from] Hail\n|-heal|p2a: Dusknoir|100\/100|[from] item: Leftovers\n|upkeep\n|turn|40\n|\n|t:|1652231746\n|move|p2a: Dusknoir|Hex|p1a: Regirock\n|-damage|p1a: Regirock|65\/100 slp\n|cant|p1a: Regirock|slp\n|\n|-weather|none\n|upkeep\n|turn|41\n|\n|t:|1652231753\n|switch|p2a: Weezing|Weezing, F|71\/100\n|-curestatus|p1a: Regirock|slp|[msg]\n|move|p1a: Regirock|Stone Edge|p2a: Weezing\n|-damage|p2a: Weezing|12\/100\n|\n|-heal|p2a: Weezing|18\/100|[from] item: Black Sludge\n|upkeep\n|turn|42\n|\n|t:|1652231779\n|switch|p2a: Dusknoir|Dusknoir, M|100\/100\n|-ability|p2a: Dusknoir|Pressure\n|move|p1a: Regirock|Drain Punch|p2a: Dusknoir\n|-immune|p2a: Dusknoir\n|\n|upkeep\n|turn|43\n|\n|t:|1652231786\n|move|p2a: Dusknoir|Calm Mind|p2a: Dusknoir\n|-boost|p2a: Dusknoir|spa|1\n|-boost|p2a: Dusknoir|spd|1\n|move|p1a: Regirock|Curse|p1a: Regirock\n|-unboost|p1a: Regirock|spe|1\n|-boost|p1a: Regirock|atk|1\n|-boost|p1a: Regirock|def|1\n|\n|upkeep\n|turn|44\n|c|\u2606Ill Leave|gg\n|\n|t:|1652231796\n|switch|p1a: Lanturn|Lanturn, F|76\/100\n|-damage|p1a: Lanturn|63\/100|[from] Stealth Rock\n|-status|p1a: Lanturn|tox\n|move|p2a: Dusknoir|Calm Mind|p2a: Dusknoir\n|-boost|p2a: Dusknoir|spa|1\n|-boost|p2a: Dusknoir|spd|1\n|\n|-heal|p1a: Lanturn|70\/100 tox|[from] item: Leftovers\n|-damage|p1a: Lanturn|63\/100 tox|[from] psn\n|upkeep\n|turn|45\n|\n|t:|1652231798\n|move|p1a: Lanturn|Thunder Wave|p2a: Dusknoir\n|-status|p2a: Dusknoir|par\n|move|p2a: Dusknoir|Hex|p1a: Lanturn\n|-damage|p1a: Lanturn|23\/100 tox\n|\n|-heal|p1a: Lanturn|29\/100 tox|[from] item: Leftovers\n|-damage|p1a: Lanturn|17\/100 tox|[from] psn\n|upkeep\n|turn|46\n|\n|t:|1652231809\n|move|p1a: Lanturn|Volt Switch|p2a: Dusknoir\n|-damage|p2a: Dusknoir|91\/100 par\n|\n|t:|1652231811\n|switch|p1a: Bellossom|Bellossom, M|23\/100|[from]move: Volt Switch\n|-status|p1a: Bellossom|tox\n|-damage|p1a: Bellossom|11\/100 tox|[from] Stealth Rock\n|cant|p2a: Dusknoir|par\n|\n|-heal|p1a: Bellossom|17\/100 tox|[from] item: Leftovers\n|-heal|p2a: Dusknoir|97\/100 par|[from] item: Leftovers\n|-damage|p1a: Bellossom|11\/100 tox|[from] psn\n|upkeep\n|turn|47\n|\n|t:|1652231817\n|move|p1a: Bellossom|Leech Seed|p2a: Dusknoir\n|-start|p2a: Dusknoir|move: Leech Seed\n|move|p2a: Dusknoir|Hex|p1a: Bellossom\n|-damage|p1a: Bellossom|0 fnt\n|faint|p1a: Bellossom\n|\n|-heal|p2a: Dusknoir|100\/100 par|[from] item: Leftovers\n|upkeep\n|\n|t:|1652231821\n|switch|p1a: Regirock|Regirock|65\/100\n|-status|p1a: Regirock|tox\n|-damage|p1a: Regirock|53\/100 tox|[from] Stealth Rock\n|turn|48\n|\n|t:|1652231824\n|move|p1a: Regirock|Rest|p1a: Regirock\n|-status|p1a: Regirock|slp|[from] move: Rest\n|-heal|p1a: Regirock|100\/100 slp|[silent]\n|move|p2a: Dusknoir|Hex|p1a: Regirock\n|-damage|p1a: Regirock|56\/100 slp\n|\n|-damage|p2a: Dusknoir|88\/100 par|[from] Leech Seed|[of] p1a: Regirock\n|-heal|p1a: Regirock|66\/100 slp|[silent]\n|upkeep\n|turn|49\n|\n|t:|1652231831\n|cant|p1a: Regirock|slp\n|cant|p2a: Dusknoir|par\n|\n|-heal|p2a: Dusknoir|94\/100 par|[from] item: Leftovers\n|-damage|p2a: Dusknoir|82\/100 par|[from] Leech Seed|[of] p1a: Regirock\n|-heal|p1a: Regirock|75\/100 slp|[silent]\n|upkeep\n|turn|50\n|\n|t:|1652231838\n|switch|p2a: Weezing|Weezing, F|18\/100\n|cant|p1a: Regirock|slp\n|\n|-heal|p2a: Weezing|24\/100|[from] item: Black Sludge\n|upkeep\n|turn|51\n|\n|t:|1652231842\n|move|p2a: Weezing|Pain Split|p1a: Regirock\n|-sethp|p1a: Regirock|49\/100 slp|[from] move: Pain Split|[silent]\n|-sethp|p2a: Weezing|53\/100|[from] move: Pain Split\n|-curestatus|p1a: Regirock|slp|[msg]\n|move|p1a: Regirock|Drain Punch|p2a: Weezing\n|-resisted|p2a: Weezing\n|-damage|p2a: Weezing|47\/100\n|-heal|p1a: Regirock|51\/100|[from] drain|[of] p2a: Weezing\n|\n|-heal|p2a: Weezing|53\/100|[from] item: Black Sludge\n|upkeep\n|turn|52\n|\n|t:|1652231847\n|switch|p2a: Dusknoir|Dusknoir, M|82\/100 par\n|-ability|p2a: Dusknoir|Pressure\n|move|p1a: Regirock|Drain Punch|p2a: Dusknoir\n|-immune|p2a: Dusknoir\n|\n|-heal|p2a: Dusknoir|88\/100 par|[from] item: Leftovers\n|upkeep\n|turn|53\n|c|\u2606hudsonnelles|gg\n|-message|hudsonnelles forfeited.\n|\n|win|Ill Leave\n|n|\u2606hudsonnelles|hudsonnelles\n|n|\u2606Ill Leave|illleave\n|n| Woopre|woopre\n","uploadtime":1652231863,"views":7,"p1id":"hudsonnelles","p2id":"illleave","formatid":"gen8bdspnu","rating":0,"private":0,"password":null}