{"id":"gen8nationaldex-1672152397","p1":"KMDolly","p2":"FleetFoxxx","format":"gen8nationaldex","log":"|j|\u2606KMDolly\n|j|\u2606FleetFoxxx\n|t:|1664333377\n|gametype|singles\n|player|p1|KMDolly|flannery|\n|player|p2|FleetFoxxx|flannery|\n|teamsize|p1|6\n|teamsize|p2|6\n|gen|8\n|tier|[Gen 8] National Dex\n|rule|HP Percentage Mod: HP is shown in percentages\n|rule|Endless Battle Clause: Forcing endless battles is banned\n|rule|OHKO Clause: OHKO moves are banned\n|rule|Evasion Moves Clause: Evasion moves are banned\n|rule|Species Clause: Limit one of each Pok\u00e9mon\n|rule|Dynamax Clause: You cannot dynamax\n|rule|Sleep Clause Mod: Limit one foe put to sleep\n|clearpoke\n|poke|p1|Ampharos, M|\n|poke|p1|Garchomp, M|\n|poke|p1|Milotic, F|\n|poke|p1|Alakazam, M|\n|poke|p1|Obstagoon, F|\n|poke|p1|Coalossal, M|\n|poke|p2|Goodra, F|\n|poke|p2|Pinsir, F|\n|poke|p2|Silvally-*|\n|poke|p2|Runerigus, M|\n|poke|p2|Celesteela|\n|poke|p2|Hydreigon, M|\n|teampreview\n|c|\u2606KMDolly|gl hf\n|c|\u2606FleetFoxxx|gl hf!\n|j| sh0shin2\n|j| DerpyDots\n|j| johngalt149\n|j| Hror\n|c| DerpyDots|zampy\n|j| zoompa\n|\n|t:|1664333438\n|start\n|switch|p1a: Shpeep|Ampharos, M|100\/100\n|switch|p2a: Goodra|Goodra, F|100\/100\n|turn|1\n|j|+andrew\n|j| DoomCow33\n|\n|t:|1664333446\n|switch|p2a: Runerigus|Runerigus, M|100\/100\n|switch|p1a: Snkake|Milotic, F|100\/100\n|\n|-status|p1a: Snkake|brn|[from] item: Flame Orb\n|upkeep\n|turn|2\n|j| Bugsileus\n|j| Matieu\n|\n|t:|1664333483\n|switch|p2a: Goodra|Goodra, F|100\/100\n|move|p1a: Snkake|Scald|p2a: Goodra\n|-resisted|p2a: Goodra\n|-damage|p2a: Goodra|92\/100\n|\n|-damage|p1a: Snkake|94\/100 brn|[from] brn\n|upkeep\n|turn|3\n|\n|t:|1664333493\n|move|p1a: Snkake|Toxic|p2a: Goodra\n|-status|p2a: Goodra|tox\n|move|p2a: Goodra|Acid Spray|p1a: Snkake\n|-damage|p1a: Snkake|87\/100 brn\n|-unboost|p1a: Snkake|spd|2\n|\n|-damage|p2a: Goodra|86\/100 tox|[from] psn\n|-damage|p1a: Snkake|81\/100 brn|[from] brn\n|upkeep\n|turn|4\n|j| glumpbumpin\n|\n|t:|1664333527\n|switch|p1a: Shpeep|Ampharos, M|100\/100\n|move|p2a: Goodra|Draco Meteor|p1a: Shpeep\n|-damage|p1a: Shpeep|51\/100\n|-unboost|p2a: Goodra|spa|2\n|\n|-damage|p2a: Goodra|74\/100 tox|[from] psn\n|upkeep\n|turn|5\n|j| sicksickboy\n|\n|t:|1664333584\n|switch|p2a: Runerigus|Runerigus, M|100\/100\n|switch|p1a: Snkake|Milotic, F|81\/100 brn\n|\n|-damage|p1a: Snkake|75\/100 brn|[from] brn\n|upkeep\n|turn|6\n|\n|t:|1664333617\n|switch|p2a: Celesteela|Celesteela|100\/100\n|move|p1a: Snkake|Scald|p2a: Celesteela\n|-damage|p2a: Celesteela|82\/100\n|-status|p2a: Celesteela|brn\n|\n|-heal|p2a: Celesteela|88\/100 brn|[from] item: Leftovers\n|-damage|p1a: Snkake|69\/100 brn|[from] brn\n|-damage|p2a: Celesteela|82\/100 brn|[from] brn\n|upkeep\n|turn|7\n|\n|t:|1664333659\n|switch|p1a: Fertret|Obstagoon, F|100\/100\n|move|p2a: Celesteela|Substitute|p2a: Celesteela\n|-start|p2a: Celesteela|Substitute\n|-damage|p2a: Celesteela|57\/100 brn\n|\n|-heal|p2a: Celesteela|63\/100 brn|[from] item: Leftovers\n|-damage|p2a: Celesteela|57\/100 brn|[from] brn\n|upkeep\n|turn|8\n|c| sh0shin2|based\n|\n|t:|1664333668\n|move|p1a: Fertret|Knock Off|p2a: Celesteela\n|-end|p2a: Celesteela|Substitute\n|move|p2a: Celesteela|Leech Seed|p1a: Fertret\n|-start|p1a: Fertret|move: Leech Seed\n|\n|-heal|p2a: Celesteela|63\/100 brn|[from] item: Leftovers\n|-damage|p1a: Fertret|88\/100|[from] Leech Seed|[of] p2a: Celesteela\n|-heal|p2a: Celesteela|73\/100 brn|[silent]\n|-damage|p2a: Celesteela|67\/100 brn|[from] brn\n|upkeep\n|turn|9\n|c| sh0shin2|acid spray I meant oops\n|\n|t:|1664333717\n|switch|p2a: Silvally|Silvally-Fairy|100\/100\n|move|p1a: Fertret|Parting Shot|p2a: Silvally\n|-unboost|p2a: Silvally|atk|1\n|-unboost|p2a: Silvally|spa|1\n|\n|t:|1664333755\n|switch|p1a: Rkock|Coalossal, M|100\/100|[from]move: Parting Shot\n|\n|upkeep\n|turn|10\n|\n|t:|1664333783\n|switch|p2a: Goodra|Goodra, F|74\/100 tox\n|move|p1a: Rkock|Stealth Rock|p2a: Goodra\n|-sidestart|p2: FleetFoxxx|move: Stealth Rock\n|\n|-damage|p2a: Goodra|68\/100 tox|[from] psn\n|upkeep\n|turn|11\n|c| sicksickboy|wtf is acid spray\n|c|\u2606KMDolly|-2 spdef and low bp poison\n|c|\u2606KMDolly|the first part important\n|c| sicksickboy|fancy\n|c| sicksickboy|fake tears w\/ damage\n|c| glumpbumpin|dolly\n|c| glumpbumpin|whip out tar shot\n|c| glumpbumpin|you wont\n|\n|t:|1664333868\n|move|p2a: Goodra|Acid Spray|p1a: Rkock\n|-resisted|p1a: Rkock\n|-damage|p1a: Rkock|96\/100\n|-unboost|p1a: Rkock|spd|2\n|move|p1a: Rkock|Spikes|p2a: Goodra\n|-sidestart|p2: FleetFoxxx|Spikes\n|\n|-damage|p2a: Goodra|56\/100 tox|[from] psn\n|upkeep\n|turn|12\n|c|\u2606KMDolly|i wont\n|c| glumpbumpin|that's what I said\n|\n|t:|1664333885\n|switch|p1a: Snkake|Milotic, F|69\/100 brn\n|move|p2a: Goodra|Surf|p1a: Snkake\n|-resisted|p1a: Snkake\n|-damage|p1a: Snkake|60\/100 brn\n|\n|-damage|p2a: Goodra|38\/100 tox|[from] psn\n|-damage|p1a: Snkake|54\/100 brn|[from] brn\n|upkeep\n|turn|13\n|\n|t:|1664333904\n|move|p1a: Snkake|Recover|p1a: Snkake\n|-heal|p1a: Snkake|100\/100 brn\n|move|p2a: Goodra|Thunderbolt|p1a: Snkake\n|-supereffective|p1a: Snkake\n|-damage|p1a: Snkake|70\/100 brn\n|\n|-damage|p2a: Goodra|14\/100 tox|[from] psn\n|-damage|p1a: Snkake|63\/100 brn|[from] brn\n|upkeep\n|turn|14\n|\n|t:|1664333918\n|switch|p2a: Silvally|Silvally-Fairy|100\/100\n|-damage|p2a: Silvally|88\/100|[from] Stealth Rock\n|-damage|p2a: Silvally|76\/100|[from] Spikes\n|move|p1a: Snkake|Ice Beam|p2a: Silvally\n|-damage|p2a: Silvally|55\/100\n|\n|-damage|p1a: Snkake|57\/100 brn|[from] brn\n|upkeep\n|turn|15\n|\n|t:|1664333929\n|move|p2a: Silvally|Defog|p1a: Snkake\n|-unboost|p1a: Snkake|evasion|1\n|-sideend|p2: FleetFoxxx|Spikes|[from] move: Defog|[of] p2a: Silvally\n|-sideend|p2: FleetFoxxx|Stealth Rock|[from] move: Defog|[of] p2a: Silvally\n|move|p1a: Snkake|Toxic|p2a: Silvally\n|-status|p2a: Silvally|tox\n|\n|-damage|p2a: Silvally|49\/100 tox|[from] psn\n|-damage|p1a: Snkake|51\/100 brn|[from] brn\n|upkeep\n|turn|16\n|\n|t:|1664333944\n|move|p2a: Silvally|U-turn|p1a: Snkake\n|-damage|p1a: Snkake|42\/100 brn\n|\n|t:|1664333946\n|switch|p2a: Celesteela|Celesteela|67\/100 brn|[from]move: U-turn\n|move|p1a: Snkake|Recover|p1a: Snkake\n|-heal|p1a: Snkake|92\/100 brn\n|\n|-heal|p2a: Celesteela|73\/100 brn|[from] item: Leftovers\n|-damage|p1a: Snkake|86\/100 brn|[from] brn\n|-damage|p2a: Celesteela|67\/100 brn|[from] brn\n|upkeep\n|turn|17\n|\n|t:|1664333962\n|switch|p1a: Fertret|Obstagoon, F|88\/100\n|move|p2a: Celesteela|Leech Seed|p1a: Fertret\n|-start|p1a: Fertret|move: Leech Seed\n|\n|-heal|p2a: Celesteela|73\/100 brn|[from] item: Leftovers\n|-damage|p1a: Fertret|76\/100|[from] Leech Seed|[of] p2a: Celesteela\n|-heal|p2a: Celesteela|83\/100 brn|[silent]\n|-damage|p2a: Celesteela|77\/100 brn|[from] brn\n|upkeep\n|turn|18\n|l| Matieu\n|\n|t:|1664334009\n|move|p1a: Fertret|Knock Off|p2a: Celesteela\n|-damage|p2a: Celesteela|41\/100 brn\n|-enditem|p2a: Celesteela|Leftovers|[from] move: Knock Off|[of] p1a: Fertret\n|move|p2a: Celesteela|Heavy Slam|p1a: Fertret\n|-damage|p1a: Fertret|55\/100\n|\n|-damage|p1a: Fertret|42\/100|[from] Leech Seed|[of] p2a: Celesteela\n|-heal|p2a: Celesteela|51\/100 brn|[silent]\n|-damage|p2a: Celesteela|45\/100 brn|[from] brn\n|upkeep\n|turn|19\n|\n|t:|1664334030\n|move|p1a: Fertret|Parting Shot|p2a: Celesteela\n|-unboost|p2a: Celesteela|atk|1\n|-unboost|p2a: Celesteela|spa|1\n|\n|t:|1664334039\n|switch|p1a: Shpeep|Ampharos, M|51\/100|[from]move: Parting Shot\n|move|p2a: Celesteela|Heavy Slam|p1a: Shpeep\n|-resisted|p1a: Shpeep\n|-damage|p1a: Shpeep|44\/100\n|\n|-damage|p2a: Celesteela|39\/100 brn|[from] brn\n|upkeep\n|turn|20\n|\n|t:|1664334092\n|switch|p2a: Runerigus|Runerigus, M|100\/100\n|detailschange|p1a: Shpeep|Ampharos-Mega, M\n|-mega|p1a: Shpeep|Ampharos|Ampharosite\n|-ability|p1a: Shpeep|Mold Breaker\n|move|p1a: Shpeep|Volt Switch|p2a: Runerigus\n|-immune|p2a: Runerigus\n|\n|upkeep\n|turn|21\n|\n|t:|1664334100\n|move|p1a: Shpeep|Magnet Rise|p1a: Shpeep\n|-start|p1a: Shpeep|Magnet Rise\n|move|p2a: Runerigus|Night Shade|p1a: Shpeep\n|-damage|p1a: Shpeep|17\/100\n|\n|upkeep\n|turn|22\n|\n|t:|1664334108\n|move|p1a: Shpeep|Dragon Pulse|p2a: Runerigus\n|-damage|p2a: Runerigus|40\/100\n|move|p2a: Runerigus|Night Shade|p1a: Shpeep\n|-damage|p1a: Shpeep|0 fnt\n|faint|p1a: Shpeep\n|\n|-heal|p2a: Runerigus|46\/100|[from] item: Leftovers\n|upkeep\n|\n|t:|1664334125\n|switch|p1a: Fertret|Obstagoon, F|42\/100\n|turn|23\n|c| sh0shin2|gotta say I love the more even paced games. mine r stressful AF\n|\n|t:|1664334155\n|move|p1a: Fertret|Parting Shot|p2a: Runerigus\n|-unboost|p2a: Runerigus|atk|1\n|-unboost|p2a: Runerigus|spa|1\n|\n|t:|1664334162\n|switch|p1a: Snkake|Milotic, F|86\/100 brn|[from]move: Parting Shot\n|move|p2a: Runerigus|Night Shade|p1a: Snkake\n|-damage|p1a: Snkake|60\/100 brn\n|\n|-heal|p2a: Runerigus|52\/100|[from] item: Leftovers\n|-damage|p1a: Snkake|54\/100 brn|[from] brn\n|upkeep\n|turn|24\n|\n|t:|1664334180\n|move|p1a: Snkake|Ice Beam|p2a: Runerigus\n|-supereffective|p2a: Runerigus\n|-damage|p2a: Runerigus|11\/100\n|move|p2a: Runerigus|Night Shade|p1a: Snkake\n|-damage|p1a: Snkake|29\/100 brn\n|\n|-heal|p2a: Runerigus|17\/100|[from] item: Leftovers\n|-damage|p1a: Snkake|23\/100 brn|[from] brn\n|upkeep\n|turn|25\n|\n|t:|1664334198\n|move|p1a: Snkake|Recover|p1a: Snkake\n|-heal|p1a: Snkake|73\/100 brn\n|move|p2a: Runerigus|Night Shade|p1a: Snkake\n|-damage|p1a: Snkake|47\/100 brn\n|\n|-heal|p2a: Runerigus|23\/100|[from] item: Leftovers\n|-damage|p1a: Snkake|41\/100 brn|[from] brn\n|upkeep\n|turn|26\n|\n|t:|1664334211\n|move|p1a: Snkake|Recover|p1a: Snkake\n|-heal|p1a: Snkake|91\/100 brn\n|move|p2a: Runerigus|Night Shade|p1a: Snkake\n|-damage|p1a: Snkake|66\/100 brn\n|\n|-heal|p2a: Runerigus|29\/100|[from] item: Leftovers\n|-damage|p1a: Snkake|60\/100 brn|[from] brn\n|upkeep\n|turn|27\n|\n|t:|1664334236\n|move|p1a: Snkake|Recover|p1a: Snkake\n|-heal|p1a: Snkake|100\/100 brn\n|move|p2a: Runerigus|Night Shade|p1a: Snkake\n|-damage|p1a: Snkake|75\/100 brn\n|\n|-heal|p2a: Runerigus|35\/100|[from] item: Leftovers\n|-damage|p1a: Snkake|69\/100 brn|[from] brn\n|upkeep\n|turn|28\n|\n|t:|1664334244\n|move|p1a: Snkake|Scald|p2a: Runerigus\n|-supereffective|p2a: Runerigus\n|-damage|p2a: Runerigus|0 fnt\n|faint|p2a: Runerigus\n|\n|-damage|p1a: Snkake|63\/100 brn|[from] brn\n|upkeep\n|\n|t:|1664334247\n|switch|p2a: Celesteela|Celesteela|39\/100 brn\n|turn|29\n|l| Hror\n|\n|t:|1664334275\n|switch|p1a: Fertret|Obstagoon, F|42\/100\n|move|p2a: Celesteela|Leech Seed|p1a: Fertret\n|-start|p1a: Fertret|move: Leech Seed\n|\n|-damage|p1a: Fertret|30\/100|[from] Leech Seed|[of] p2a: Celesteela\n|-heal|p2a: Celesteela|49\/100 brn|[silent]\n|-damage|p2a: Celesteela|43\/100 brn|[from] brn\n|upkeep\n|turn|30\n|\n|t:|1664334312\n|move|p1a: Fertret|Thunder Punch|p2a: Celesteela\n|-supereffective|p2a: Celesteela\n|-damage|p2a: Celesteela|8\/100 brn\n|move|p2a: Celesteela|Heavy Slam|p1a: Fertret\n|-damage|p1a: Fertret|10\/100\n|-enditem|p1a: Fertret|Salac Berry|[eat]\n|-boost|p1a: Fertret|spe|1|[from] item: Salac Berry\n|\n|-damage|p1a: Fertret|0 fnt|[from] Leech Seed|[of] p2a: Celesteela\n|-heal|p2a: Celesteela|16\/100 brn|[silent]\n|faint|p1a: Fertret\n|-damage|p2a: Celesteela|10\/100 brn|[from] brn\n|upkeep\n|\n|t:|1664334342\n|switch|p1a: Shkark|Garchomp, M|100\/100\n|turn|31\n|\n|t:|1664334398\n|switch|p2a: Silvally|Silvally-Fairy|49\/100 tox\n|move|p1a: Shkark|Swords Dance|p1a: Shkark\n|-boost|p1a: Shkark|atk|2\n|\n|-damage|p2a: Silvally|43\/100 tox|[from] psn\n|upkeep\n|turn|32\n|\n|t:|1664334416\n|move|p1a: Shkark|Earthquake|p2a: Silvally\n|-damage|p2a: Silvally|0 fnt\n|faint|p2a: Silvally\n|\n|upkeep\n|\n|t:|1664334420\n|switch|p2a: Hydreigon|Hydreigon, M|100\/100\n|turn|33\n|\n|t:|1664334423\n|move|p2a: Hydreigon|Draco Meteor|p1a: Shkark\n|-supereffective|p1a: Shkark\n|-damage|p1a: Shkark|0 fnt\n|-unboost|p2a: Hydreigon|spa|2\n|faint|p1a: Shkark\n|\n|upkeep\n|c|\u2606KMDolly|i cant read\n|c|\u2606KMDolly|and forgot to take off the scale shoot boost in calc lmao\n|\n|t:|1664334482\n|switch|p1a: Rkock|Coalossal, M|96\/100\n|turn|34\n|\n|t:|1664334520\n|switch|p2a: Celesteela|Celesteela|10\/100 brn\n|move|p1a: Rkock|Stealth Rock|p2a: Celesteela\n|-sidestart|p2: FleetFoxxx|move: Stealth Rock\n|\n|-damage|p2a: Celesteela|4\/100 brn|[from] brn\n|upkeep\n|turn|35\n|\n|t:|1664334539\n|move|p2a: Celesteela|Earthquake|p1a: Rkock\n|-supereffective|p1a: Rkock\n|-damage|p1a: Rkock|73\/100\n|move|p1a: Rkock|Stone Edge|p2a: Celesteela|[miss]\n|-miss|p1a: Rkock|p2a: Celesteela\n|\n|-damage|p2a: Celesteela|0 fnt|[from] brn\n|faint|p2a: Celesteela\n|upkeep\n|\n|t:|1664334567\n|switch|p2a: Goodra|Goodra, F|14\/100 tox\n|-damage|p2a: Goodra|2\/100 tox|[from] Stealth Rock\n|turn|36\n|\n|t:|1664334642\n|switch|p1a: Snkake|Milotic, F|63\/100 brn\n|move|p2a: Goodra|Thunderbolt|p1a: Snkake\n|-supereffective|p1a: Snkake\n|-damage|p1a: Snkake|29\/100 brn\n|\n|-damage|p2a: Goodra|0 fnt|[from] psn\n|faint|p2a: Goodra\n|-damage|p1a: Snkake|23\/100 brn|[from] brn\n|upkeep\n|\n|t:|1664334688\n|switch|p2a: Hydreigon|Hydreigon, M|100\/100\n|-damage|p2a: Hydreigon|88\/100|[from] Stealth Rock\n|turn|37\n|\n|t:|1664334705\n|move|p2a: Hydreigon|Dark Pulse|p1a: Snkake\n|-damage|p1a: Snkake|0 fnt\n|faint|p1a: Snkake\n|\n|upkeep\n|\n|t:|1664334709\n|switch|p1a: Rkock|Coalossal, M|73\/100\n|turn|38\n|\n|t:|1664334713\n|move|p2a: Hydreigon|Dark Pulse|p1a: Rkock\n|-damage|p1a: Rkock|41\/100\n|cant|p1a: Rkock|flinch\n|\n|upkeep\n|turn|39\n|\n|t:|1664334718\n|move|p2a: Hydreigon|Dark Pulse|p1a: Rkock\n|-damage|p1a: Rkock|5\/100\n|move|p1a: Rkock|Stone Edge|p2a: Hydreigon\n|-damage|p2a: Hydreigon|57\/100\n|\n|upkeep\n|turn|40\n|\n|t:|1664334723\n|move|p2a: Hydreigon|Dark Pulse|p1a: Rkock\n|-damage|p1a: Rkock|0 fnt\n|faint|p1a: Rkock\n|\n|upkeep\n|\n|t:|1664334727\n|switch|p1a: Spnoon|Alakazam, M|100\/100\n|turn|41\n|\n|t:|1664334731\n|move|p2a: Hydreigon|Dark Pulse|p1a: Spnoon\n|-supereffective|p1a: Spnoon\n|-enditem|p1a: Spnoon|Focus Sash\n|-damage|p1a: Spnoon|1\/100\n|move|p1a: Spnoon|Dazzling Gleam|p2a: Hydreigon\n|-supereffective|p2a: Hydreigon\n|-damage|p2a: Hydreigon|0 fnt\n|faint|p2a: Hydreigon\n|\n|upkeep\n|c|\u2606KMDolly|gg\n|\n|t:|1664334739\n|switch|p2a: Pinsir|Pinsir, F|100\/100\n|-damage|p2a: Pinsir|76\/100|[from] Stealth Rock\n|turn|42\n|c| sh0shin2|I've seen this before\n|c|\u2606KMDolly|the tbolt predict was great\n|\n|t:|1664334750\n|detailschange|p2a: Pinsir|Pinsir-Mega, F\n|-mega|p2a: Pinsir|Pinsir|Pinsirite\n|move|p2a: Pinsir|Quick Attack|p1a: Spnoon\n|-damage|p1a: Spnoon|0 fnt\n|faint|p1a: Spnoon\n|\n|win|FleetFoxxx\n|c|\u2606FleetFoxxx|gg! close one\n","uploadtime":1664334757,"views":22,"p1id":"kmdolly","p2id":"fleetfoxxx","formatid":"gen8nationaldex","rating":0,"private":0,"password":null}