{"id":"gen8mixandmega-1639664885","p1":"Shing'n Streets","p2":"Unviabriel","format":"gen8mixandmega","log":"|j|\u2606Shing'n Streets\n|j|\u2606Unviabriel\n|t:|1660503918\n|gametype|singles\n|player|p1|Shing'n Streets|hexmaniac-gen6|\n|player|p2|Unviabriel|shauntal|\n|teamsize|p1|6\n|teamsize|p2|6\n|gen|8\n|tier|[Gen 8] Mix and Mega\n|rule|Species Clause: Limit one of each Pok\u00e9mon\n|rule|OHKO Clause: OHKO moves are banned\n|rule|Evasion Moves Clause: Evasion moves are banned\n|rule|Endless Battle Clause: Forcing endless battles is banned\n|rule|Dynamax Clause: You cannot dynamax\n|rule|HP Percentage Mod: HP is shown in percentages\n|rule|Sleep Clause Mod: Limit one foe put to sleep\n|clearpoke\n|poke|p1|Magearna|\n|poke|p1|Lunala|\n|poke|p1|Entei|\n|poke|p1|Xerneas-*|\n|poke|p1|Zygarde|\n|poke|p1|Swampert, M|\n|poke|p2|Solgaleo|\n|poke|p2|Victini|\n|poke|p2|Regieleki|\n|poke|p2|Groudon|\n|poke|p2|Milotic, F|\n|poke|p2|Mew|\n|teampreview\n|c|\u2606Unviabriel|glhf\n|c|\u2606Shing'n Streets|u2\n|\n|t:|1660503950\n|start\n|switch|p1a: Swampert|Swampert, M|100\/100\n|switch|p2a: Milotic|Milotic, F|100\/100\n|turn|1\n|\n|t:|1660503975\n|detailschange|p2a: Milotic|Milotic, F\n|-mega|p2a: Milotic|Milotic|Sablenite\n|-start|p2a: Milotic|Sablenite|[silent]\n|detailschange|p1a: Swampert|Swampert, M\n|-mega|p1a: Swampert|Swampert|Sablenite\n|-start|p1a: Swampert|Sablenite|[silent]\n|move|p2a: Milotic|Scald|p1a: Swampert\n|-damage|p1a: Swampert|83\/100\n|-status|p1a: Swampert|brn\n|move|p1a: Swampert|Flip Turn|p2a: Milotic\n|-resisted|p2a: Milotic\n|-damage|p2a: Milotic|97\/100\n|\n|t:|1660503987\n|-end|p1a: Swampert|Sablenite|[silent]\n|switch|p1a: Xerneas|Xerneas|100\/100|[from]move: Flip Turn\n|-ability|p1a: Xerneas|Fairy Aura\n|\n|upkeep\n|turn|2\n|j| Madara\n|\n|t:|1660504038\n|move|p1a: Xerneas|Thunder|p2a: Milotic|[miss]\n|-miss|p1a: Xerneas|p2a: Milotic\n|move|p2a: Milotic|Flip Turn|p1a: Xerneas\n|-damage|p1a: Xerneas|89\/100\n|\n|t:|1660504080\n|-end|p2a: Milotic|Sablenite|[silent]\n|switch|p2a: Solgaleo|Solgaleo|100\/100|[from]move: Flip Turn\n|\n|upkeep\n|turn|3\n|\n|t:|1660504094\n|switch|p1a: Swampert|Swampert, M|83\/100 brn\n|-start|p1a: Swampert|Sablenite|[silent]\n|detailschange|p2a: Solgaleo|Solgaleo\n|-mega|p2a: Solgaleo|Solgaleo|Venusaurite\n|-start|p2a: Solgaleo|Venusaurite|[silent]\n|move|p2a: Solgaleo|Calm Mind|p2a: Solgaleo\n|-boost|p2a: Solgaleo|spa|1\n|-boost|p2a: Solgaleo|spd|1\n|\n|-damage|p1a: Swampert|76\/100 brn|[from] brn\n|upkeep\n|turn|4\n|\n|t:|1660504117\n|-end|p2a: Solgaleo|Venusaurite|[silent]\n|switch|p2a: Milotic|Milotic, F|97\/100\n|-start|p2a: Milotic|Sablenite|[silent]\n|move|p1a: Swampert|Yawn|p2a: Milotic\n|move|p2a: Milotic|Yawn||[from]ability: Magic Bounce|[still]\n|-fail|p2a: Milotic\n|\n|-damage|p1a: Swampert|70\/100 brn|[from] brn\n|upkeep\n|turn|5\n|\n|t:|1660504131\n|move|p2a: Milotic|Scald|p1a: Swampert\n|-damage|p1a: Swampert|50\/100 brn\n|move|p1a: Swampert|Flip Turn|p2a: Milotic\n|-resisted|p2a: Milotic\n|-damage|p2a: Milotic|94\/100\n|\n|t:|1660504134\n|-end|p1a: Swampert|Sablenite|[silent]\n|switch|p1a: Xerneas|Xerneas|89\/100|[from]move: Flip Turn\n|-ability|p1a: Xerneas|Fairy Aura\n|\n|upkeep\n|turn|6\n|\n|t:|1660504167\n|-end|p2a: Milotic|Sablenite|[silent]\n|switch|p2a: Solgaleo|Solgaleo|100\/100\n|-start|p2a: Solgaleo|Venusaurite|[silent]\n|move|p1a: Xerneas|Substitute|p1a: Xerneas\n|-start|p1a: Xerneas|Substitute\n|-damage|p1a: Xerneas|64\/100\n|\n|upkeep\n|turn|7\n|\n|t:|1660504181\n|move|p1a: Xerneas|Thunder|p2a: Solgaleo\n|-damage|p2a: Solgaleo|74\/100\n|move|p2a: Solgaleo|Calm Mind|p2a: Solgaleo\n|-boost|p2a: Solgaleo|spa|1\n|-boost|p2a: Solgaleo|spd|1\n|\n|upkeep\n|turn|8\n|\n|t:|1660504195\n|move|p1a: Xerneas|Thunder|p2a: Solgaleo|[miss]\n|-miss|p1a: Xerneas|p2a: Solgaleo\n|move|p2a: Solgaleo|Psyshock|p1a: Xerneas\n|-crit|p1a: Xerneas\n|-end|p1a: Xerneas|Substitute\n|\n|upkeep\n|turn|9\n|\n|t:|1660504206\n|switch|p1a: Zygarde|Zygarde|100\/100\n|-ability|p1a: Zygarde|Aura Break\n|move|p2a: Solgaleo|Psyshock|p1a: Zygarde\n|-damage|p1a: Zygarde|64\/100\n|\n|upkeep\n|turn|10\n|\n|t:|1660504231\n|-end|p2a: Solgaleo|Venusaurite|[silent]\n|switch|p2a: Mew|Mew|100\/100\n|detailschange|p1a: Zygarde|Zygarde\n|-mega|p1a: Zygarde|Zygarde|Lucarionite\n|-start|p1a: Zygarde|Lucarionite|[silent]\n|move|p1a: Zygarde|Coil|p1a: Zygarde\n|-boost|p1a: Zygarde|atk|1\n|-boost|p1a: Zygarde|def|1\n|-boost|p1a: Zygarde|accuracy|1\n|\n|upkeep\n|turn|11\n|\n|t:|1660504242\n|-end|p1a: Zygarde|Lucarionite|[silent]\n|switch|p1a: Lunala|Lunala|100\/100\n|detailschange|p2a: Mew|Mew\n|-mega|p2a: Mew|Mew|Manectite\n|-ability|p2a: Mew|Intimidate|boost\n|-unboost|p1a: Lunala|atk|1\n|-start|p2a: Mew|Manectite|[silent]\n|move|p2a: Mew|Ice Beam|p1a: Lunala\n|-damage|p1a: Lunala|91\/100\n|\n|upkeep\n|turn|12\n|\n|t:|1660504263\n|move|p2a: Mew|Volt Switch|p1a: Lunala\n|-damage|p1a: Lunala|74\/100\n|\n|t:|1660504271\n|-end|p2a: Mew|Manectite|[silent]\n|switch|p2a: Milotic|Milotic, F|94\/100|[from]move: Volt Switch\n|-start|p2a: Milotic|Sablenite|[silent]\n|move|p1a: Lunala|Meteor Beam||[still]\n|-prepare|p1a: Lunala|Meteor Beam\n|-boost|p1a: Lunala|spa|1\n|-enditem|p1a: Lunala|Power Herb\n|-anim|p1a: Lunala|Meteor Beam|p2a: Milotic\n|-damage|p2a: Milotic|57\/100\n|\n|upkeep\n|turn|13\n|\n|t:|1660504294\n|move|p1a: Lunala|Moongeist Beam|p2a: Milotic\n|-damage|p2a: Milotic|11\/100\n|move|p2a: Milotic|Recover|p2a: Milotic\n|-heal|p2a: Milotic|61\/100\n|\n|upkeep\n|turn|14\n|\n|t:|1660504305\n|move|p1a: Lunala|Meteor Beam||[still]\n|-prepare|p1a: Lunala|Meteor Beam\n|-boost|p1a: Lunala|spa|1\n|move|p2a: Milotic|Recover|p2a: Milotic\n|-heal|p2a: Milotic|100\/100\n|\n|upkeep\n|turn|15\n|\n|t:|1660504311\n|move|p1a: Lunala|Meteor Beam|p2a: Milotic|[from]lockedmove\n|-damage|p2a: Milotic|54\/100\n|move|p2a: Milotic|Haze|p2a: Milotic\n|-clearallboost\n|\n|upkeep\n|turn|16\n|\n|t:|1660504323\n|move|p1a: Lunala|Meteor Beam||[still]\n|-prepare|p1a: Lunala|Meteor Beam\n|-boost|p1a: Lunala|spa|1\n|move|p2a: Milotic|Recover|p2a: Milotic\n|-heal|p2a: Milotic|100\/100\n|\n|upkeep\n|turn|17\n|\n|t:|1660504379\n|move|p1a: Lunala|Meteor Beam|p2a: Milotic|[from]lockedmove\n|-damage|p2a: Milotic|67\/100\n|move|p2a: Milotic|Haze|p2a: Milotic\n|-clearallboost\n|\n|upkeep\n|turn|18\n|\n|t:|1660504390\n|switch|p1a: Xerneas|Xerneas|64\/100\n|-ability|p1a: Xerneas|Fairy Aura\n|move|p2a: Milotic|Scald|p1a: Xerneas\n|-damage|p1a: Xerneas|38\/100\n|\n|upkeep\n|turn|19\n|\n|t:|1660504403\n|-end|p2a: Milotic|Sablenite|[silent]\n|switch|p2a: Solgaleo|Solgaleo|74\/100\n|-start|p2a: Solgaleo|Venusaurite|[silent]\n|move|p1a: Xerneas|Thunder|p2a: Solgaleo|[miss]\n|-miss|p1a: Xerneas|p2a: Solgaleo\n|\n|upkeep\n|turn|20\n|\n|t:|1660504446\n|switch|p1a: Zygarde|Zygarde|64\/100\n|-start|p1a: Zygarde|Lucarionite|[silent]\n|-end|p2a: Solgaleo|Venusaurite|[silent]\n|switch|p2a: Victini|Victini|100\/100\n|\n|upkeep\n|turn|21\n|\n|t:|1660504477\n|detailschange|p2a: Victini|Victini\n|-mega|p2a: Victini|Victini|Metagrossite\n|-start|p2a: Victini|Metagrossite|[silent]\n|move|p2a: Victini|U-turn|p1a: Zygarde\n|-damage|p1a: Zygarde|47\/100\n|\n|t:|1660504483\n|-end|p2a: Victini|Metagrossite|[silent]\n|switch|p2a: Mew|Mew|100\/100|[from]move: U-turn\n|-start|p2a: Mew|Manectite|[silent]\n|-ability|p2a: Mew|Intimidate|boost\n|-unboost|p1a: Zygarde|atk|1\n|move|p1a: Zygarde|Coil|p1a: Zygarde\n|-boost|p1a: Zygarde|atk|1\n|-boost|p1a: Zygarde|def|1\n|-boost|p1a: Zygarde|accuracy|1\n|\n|upkeep\n|turn|22\n|\n|t:|1660504490\n|-end|p1a: Zygarde|Lucarionite|[silent]\n|switch|p1a: Lunala|Lunala|74\/100\n|move|p2a: Mew|Ice Beam|p1a: Lunala\n|-damage|p1a: Lunala|55\/100\n|\n|upkeep\n|turn|23\n|\n|t:|1660504511\n|move|p2a: Mew|Volt Switch|p1a: Lunala\n|-damage|p1a: Lunala|39\/100\n|\n|t:|1660504527\n|-end|p2a: Mew|Manectite|[silent]\n|switch|p2a: Milotic|Milotic, F|67\/100|[from]move: Volt Switch\n|-start|p2a: Milotic|Sablenite|[silent]\n|move|p1a: Lunala|Moongeist Beam|p2a: Milotic\n|-damage|p2a: Milotic|34\/100\n|\n|upkeep\n|turn|24\n|\n|t:|1660504560\n|switch|p1a: Xerneas|Xerneas|38\/100\n|-ability|p1a: Xerneas|Fairy Aura\n|move|p2a: Milotic|Recover|p2a: Milotic\n|-heal|p2a: Milotic|84\/100\n|\n|upkeep\n|turn|25\n|\n|t:|1660504570\n|-end|p2a: Milotic|Sablenite|[silent]\n|switch|p2a: Solgaleo|Solgaleo|74\/100\n|-start|p2a: Solgaleo|Venusaurite|[silent]\n|move|p1a: Xerneas|Substitute|p1a: Xerneas\n|-start|p1a: Xerneas|Substitute\n|-damage|p1a: Xerneas|13\/100\n|\n|upkeep\n|turn|26\n|\n|t:|1660504600\n|move|p1a: Xerneas|Geomancy||[still]\n|-prepare|p1a: Xerneas|Geomancy\n|-enditem|p1a: Xerneas|Power Herb\n|-anim|p1a: Xerneas|Geomancy|p1a: Xerneas\n|-boost|p1a: Xerneas|spa|2\n|-boost|p1a: Xerneas|spd|2\n|-boost|p1a: Xerneas|spe|2\n|move|p2a: Solgaleo|Psyshock|p1a: Xerneas\n|-end|p1a: Xerneas|Substitute\n|\n|upkeep\n|turn|27\n|\n|t:|1660504635\n|move|p1a: Xerneas|Moonblast|p2a: Solgaleo\n|-resisted|p2a: Solgaleo\n|-damage|p2a: Solgaleo|31\/100\n|-unboost|p2a: Solgaleo|spa|1\n|move|p2a: Solgaleo|Psyshock|p1a: Xerneas\n|-damage|p1a: Xerneas|0 fnt\n|faint|p1a: Xerneas\n|\n|upkeep\n|\n|t:|1660504639\n|switch|p1a: Entei|Entei|100\/100\n|turn|28\n|\n|t:|1660504668\n|-end|p2a: Solgaleo|Venusaurite|[silent]\n|switch|p2a: Mew|Mew|100\/100\n|-start|p2a: Mew|Manectite|[silent]\n|-ability|p2a: Mew|Intimidate|boost\n|-fail|p1a: Entei|unboost|Attack|[from] ability: Inner Focus|[of] p1a: Entei\n|move|p1a: Entei|Sacred Fire|p2a: Mew\n|-damage|p2a: Mew|67\/100\n|\n|upkeep\n|turn|29\n|\n|t:|1660504692\n|move|p2a: Mew|Soft-Boiled|p2a: Mew\n|-heal|p2a: Mew|100\/100\n|move|p1a: Entei|Sacred Fire|p2a: Mew\n|-damage|p2a: Mew|70\/100\n|-status|p2a: Mew|brn\n|\n|-damage|p2a: Mew|64\/100 brn|[from] brn\n|upkeep\n|turn|30\n|\n|t:|1660504708\n|move|p2a: Mew|Soft-Boiled|p2a: Mew\n|-heal|p2a: Mew|100\/100 brn\n|move|p1a: Entei|Sacred Fire|p2a: Mew\n|-damage|p2a: Mew|69\/100 brn\n|\n|-damage|p2a: Mew|63\/100 brn|[from] brn\n|upkeep\n|turn|31\n|\n|t:|1660504723\n|move|p2a: Mew|Soft-Boiled|p2a: Mew\n|-heal|p2a: Mew|100\/100 brn\n|move|p1a: Entei|Sacred Fire|p2a: Mew\n|-damage|p2a: Mew|69\/100 brn\n|\n|-damage|p2a: Mew|63\/100 brn|[from] brn\n|upkeep\n|turn|32\n|\n|t:|1660504736\n|detailschange|p1a: Entei|Entei\n|-mega|p1a: Entei|Entei|Altarianite\n|-start|p1a: Entei|Altarianite|[silent]\n|-start|p1a: Entei|typechange|Fire\/Fairy|[silent]\n|move|p2a: Mew|Soft-Boiled|p2a: Mew\n|-heal|p2a: Mew|100\/100 brn\n|move|p1a: Entei|Double-Edge|p2a: Mew\n|-damage|p2a: Mew|47\/100 brn\n|-damage|p1a: Entei|83\/100|[from] Recoil\n|\n|-damage|p2a: Mew|41\/100 brn|[from] brn\n|upkeep\n|turn|33\n|\n|t:|1660504746\n|-end|p2a: Mew|Manectite|[silent]\n|switch|p2a: Solgaleo|Solgaleo|31\/100\n|-start|p2a: Solgaleo|Venusaurite|[silent]\n|move|p1a: Entei|Double-Edge|p2a: Solgaleo\n|-resisted|p2a: Solgaleo\n|-damage|p2a: Solgaleo|10\/100\n|-damage|p1a: Entei|74\/100|[from] Recoil\n|\n|upkeep\n|turn|34\n|\n|t:|1660504750\n|move|p1a: Entei|Extreme Speed|p2a: Solgaleo\n|-resisted|p2a: Solgaleo\n|-damage|p2a: Solgaleo|0 fnt\n|faint|p2a: Solgaleo\n|\n|upkeep\n|c|\u2606Shing'n Streets|test\n|\n|t:|1660504896\n|switch|p2a: Milotic|Milotic, F|84\/100\n|-start|p2a: Milotic|Sablenite|[silent]\n|turn|35\n|\n|t:|1660504913\n|move|p1a: Entei|Sacred Fire|p2a: Milotic\n|-resisted|p2a: Milotic\n|-damage|p2a: Milotic|67\/100\n|move|p2a: Milotic|Scald|p1a: Entei\n|-supereffective|p1a: Entei\n|-damage|p1a: Entei|2\/100\n|\n|upkeep\n|turn|36\n|\n|t:|1660504919\n|move|p1a: Entei|Double-Edge|p2a: Milotic\n|-damage|p2a: Milotic|15\/100\n|-damage|p1a: Entei|0 fnt|[from] Recoil\n|faint|p1a: Entei\n|move|p2a: Milotic|Recover|p2a: Milotic\n|-heal|p2a: Milotic|65\/100\n|\n|upkeep\n|\n|t:|1660504927\n|switch|p1a: Zygarde|Zygarde|47\/100\n|-start|p1a: Zygarde|Lucarionite|[silent]\n|turn|37\n|j| The Delta Maybca\u2606\u301c\n|l| The Delta Maybca\u2606\u301c\n|\n|t:|1660504974\n|move|p1a: Zygarde|Outrage|p2a: Milotic\n|-damage|p2a: Milotic|21\/100\n|move|p2a: Milotic|Flip Turn|p1a: Zygarde\n|-damage|p1a: Zygarde|39\/100\n|\n|t:|1660505029\n|-end|p2a: Milotic|Sablenite|[silent]\n|switch|p2a: Regieleki|Regieleki|100\/100|[from]move: Flip Turn\n|\n|upkeep\n|turn|38\n|\n|t:|1660505039\n|detailschange|p2a: Regieleki|Regieleki\n|-mega|p2a: Regieleki|Regieleki|Altarianite\n|-start|p2a: Regieleki|Altarianite|[silent]\n|-start|p2a: Regieleki|typechange|Electric\/Fairy|[silent]\n|move|p2a: Regieleki|Rapid Spin|p1a: Zygarde\n|-supereffective|p1a: Zygarde\n|-damage|p1a: Zygarde|0 fnt\n|-boost|p2a: Regieleki|spe|1\n|faint|p1a: Zygarde\n|\n|upkeep\n|\n|t:|1660505051\n|switch|p1a: Swampert|Swampert, M|50\/100 brn\n|-start|p1a: Swampert|Sablenite|[silent]\n|turn|39\n|\n|t:|1660505059\n|-end|p2a: Regieleki|Altarianite|[silent]\n|switch|p2a: Milotic|Milotic, F|21\/100\n|-start|p2a: Milotic|Sablenite|[silent]\n|move|p1a: Swampert|Flip Turn|p2a: Milotic\n|-resisted|p2a: Milotic\n|-damage|p2a: Milotic|18\/100\n|\n|t:|1660505062\n|-end|p1a: Swampert|Sablenite|[silent]\n|switch|p1a: Lunala|Lunala|39\/100|[from]move: Flip Turn\n|\n|upkeep\n|turn|40\n|\n|t:|1660505076\n|move|p1a: Lunala|Moongeist Beam|p2a: Milotic\n|-damage|p2a: Milotic|0 fnt\n|faint|p2a: Milotic\n|\n|upkeep\n|\n|t:|1660505096\n|switch|p2a: Regieleki|Regieleki|100\/100\n|-start|p2a: Regieleki|Altarianite|[silent]\n|-start|p2a: Regieleki|typechange|Electric\/Fairy|[silent]\n|turn|41\n|\n|t:|1660505104\n|switch|p1a: Swampert|Swampert, M|50\/100 brn\n|-start|p1a: Swampert|Sablenite|[silent]\n|move|p2a: Regieleki|Extreme Speed|p1a: Swampert\n|-damage|p1a: Swampert|21\/100 brn\n|\n|-damage|p1a: Swampert|15\/100 brn|[from] brn\n|upkeep\n|turn|42\n|\n|t:|1660505131\n|move|p2a: Regieleki|Extreme Speed|p1a: Swampert\n|-damage|p1a: Swampert|0 fnt\n|faint|p1a: Swampert\n|\n|upkeep\n|\n|t:|1660505136\n|switch|p1a: Magearna|Magearna|100\/100\n|turn|43\n|\n|t:|1660505147\n|move|p2a: Regieleki|Explosion|p1a: Magearna\n|-resisted|p1a: Magearna\n|-damage|p1a: Magearna|23\/100\n|faint|p2a: Regieleki\n|-ability|p1a: Magearna|Soul-Heart|boost\n|-boost|p1a: Magearna|spa|1\n|move|p1a: Magearna|Shift Gear|p1a: Magearna\n|-boost|p1a: Magearna|spe|2\n|-boost|p1a: Magearna|atk|1\n|\n|upkeep\n|\n|t:|1660505168\n|switch|p2a: Mew|Mew|41\/100 brn\n|-start|p2a: Mew|Manectite|[silent]\n|-ability|p2a: Mew|Intimidate|boost\n|-unboost|p1a: Magearna|atk|1\n|turn|44\n|\n|t:|1660505230\n|move|p1a: Magearna|Shift Gear|p1a: Magearna\n|-boost|p1a: Magearna|spe|2\n|-boost|p1a: Magearna|atk|1\n|move|p2a: Mew|Volt Switch|p1a: Magearna\n|-damage|p1a: Magearna|6\/100\n|\n|t:|1660505298\n|-end|p2a: Mew|Manectite|[silent]\n|switch|p2a: Groudon|Groudon|100\/100|[from]move: Volt Switch\n|-weather|SunnyDay|[from] ability: Drought|[of] p2a: Groudon\n|\n|-weather|SunnyDay|[upkeep]\n|upkeep\n|turn|45\n|\n|t:|1660505304\n|detailschange|p1a: Magearna|Magearna\n|-mega|p1a: Magearna|Magearna|Pinsirite\n|-start|p1a: Magearna|Pinsirite|[silent]\n|-start|p1a: Magearna|typechange|Steel\/Flying|[silent]\n|move|p1a: Magearna|Last Resort|p2a: Groudon\n|-damage|p2a: Groudon|25\/100\n|move|p2a: Groudon|Stone Edge|p1a: Magearna\n|-damage|p1a: Magearna|0 fnt\n|faint|p1a: Magearna\n|\n|-weather|SunnyDay|[upkeep]\n|-heal|p2a: Groudon|31\/100|[from] item: Leftovers\n|upkeep\n|\n|t:|1660505310\n|switch|p1a: Lunala|Lunala|39\/100\n|turn|46\n|\n|t:|1660505314\n|move|p1a: Lunala|Ice Beam|p2a: Groudon\n|-supereffective|p2a: Groudon\n|-damage|p2a: Groudon|0 fnt\n|faint|p2a: Groudon\n|\n|-weather|SunnyDay|[upkeep]\n|upkeep\n|\n|t:|1660505327\n|switch|p2a: Victini|Victini|100\/100\n|-start|p2a: Victini|Metagrossite|[silent]\n|turn|47\n|\n|t:|1660505336\n|move|p2a: Victini|V-create|p1a: Lunala\n|-damage|p1a: Lunala|0 fnt\n|-unboost|p2a: Victini|spe|1\n|-unboost|p2a: Victini|def|1\n|-unboost|p2a: Victini|spd|1\n|faint|p1a: Lunala\n|\n|win|Unviabriel\n|c|\u2606Shing'n Streets|gg\n|c|\u2606Unviabriel|gg\n","uploadtime":1660505343,"views":153,"p1id":"shingnstreets","p2id":"unviabriel","formatid":"gen8mixandmega","rating":0,"private":0,"password":null}