{"id":"gen8ou-1016530867","p1":"Rasta Claus","p2":"TryHonesty","format":"gen8ou","log":"|j|\u2606Rasta Claus\n|j|\u2606TryHonesty\n|player|p1|Rasta Claus|252|1257\n|player|p2|TryHonesty|170|1345\n|teamsize|p1|6\n|teamsize|p2|6\n|gametype|singles\n|gen|8\n|tier|[Gen 8] OU\n|rated|\n|rule|Sleep Clause Mod: Limit one foe put to sleep\n|rule|Species Clause: Limit one of each Pok\u00e9mon\n|rule|OHKO Clause: OHKO moves are banned\n|rule|Moody Clause: Moody is banned\n|rule|Evasion Moves Clause: Evasion moves are banned\n|rule|Endless Battle Clause: Forcing endless battles is banned\n|rule|HP Percentage Mod: HP is shown in percentages\n|clearpoke\n|poke|p1|Pelipper, M|item\n|poke|p1|Barraskewda, F|item\n|poke|p1|Ludicolo, M|item\n|poke|p1|Aegislash, F|item\n|poke|p1|Heliolisk, F|item\n|poke|p1|Mamoswine, M|item\n|poke|p2|Grimmsnarl, M|item\n|poke|p2|Cinderace, M|item\n|poke|p2|Toxtricity, M|item\n|poke|p2|Diggersby, M|item\n|poke|p2|Dragapult, M|item\n|poke|p2|Polteageist|item\n|teampreview\n|inactive|Battle timer is ON: inactive players will automatically lose when time's up. (requested by TryHonesty)\n|\n|start\n|switch|p1a: Mamoswine|Mamoswine, M|100\/100\n|switch|p2a: Toxtricity|Toxtricity, M|100\/100\n|turn|1\n|\n|move|p1a: Mamoswine|Stealth Rock|p2a: Toxtricity\n|-sidestart|p2: TryHonesty|move: Stealth Rock\n|move|p2a: Toxtricity|Boomburst|p1a: Mamoswine\n|-enditem|p1a: Mamoswine|Focus Sash\n|-damage|p1a: Mamoswine|1\/100\n|-damage|p2a: Toxtricity|91\/100|[from] item: Life Orb\n|\n|upkeep\n|turn|2\n|\n|move|p1a: Mamoswine|Earthquake|p2a: Toxtricity\n|-supereffective|p2a: Toxtricity\n|-damage|p2a: Toxtricity|0 fnt\n|faint|p2a: Toxtricity\n|\n|upkeep\n|\n|switch|p2a: Cinderace|Cinderace, M|100\/100\n|turn|3\n|\n|move|p1a: Mamoswine|Ice Shard|p2a: Cinderace\n|-resisted|p2a: Cinderace\n|-damage|p2a: Cinderace|85\/100\n|move|p2a: Cinderace|Court Change|p2a: Cinderace\n|-sideend|p2: TryHonesty|Stealth Rock|[from] move: Court Change|[of] p2a: Cinderace\n|-sidestart|p1: Rasta Claus|move: Stealth Rock\n|\n|upkeep\n|turn|4\n|c|\u2606Rasta Claus|nani\n|\n|move|p1a: Mamoswine|Ice Shard|p2a: Cinderace\n|-resisted|p2a: Cinderace\n|-damage|p2a: Cinderace|70\/100\n|move|p2a: Cinderace|U-turn|p1a: Mamoswine\n|-damage|p1a: Mamoswine|0 fnt\n|faint|p1a: Mamoswine\n|c|\u2606TryHonesty|very sad\n|c|\u2606Rasta Claus|mhm next time i'll just eq\n|\n|switch|p2a: Diggersby|Diggersby, M|100\/100|[from]move: U-turn\n|\n|upkeep\n|\n|switch|p1a: Pelipper|Pelipper, M|100\/100\n|-damage|p1a: Pelipper|76\/100|[from] Stealth Rock\n|-weather|RainDance|[from] ability: Drizzle|[of] p1a: Pelipper\n|turn|5\n|\n|move|p2a: Diggersby|Facade|p1a: Pelipper\n|-damage|p1a: Pelipper|12\/100\n|-damage|p2a: Diggersby|91\/100|[from] item: Life Orb\n|move|p1a: Pelipper|Scald|p2a: Diggersby\n|-supereffective|p2a: Diggersby\n|-damage|p2a: Diggersby|0 fnt\n|faint|p2a: Diggersby\n|\n|-weather|RainDance|[upkeep]\n|upkeep\n|\n|switch|p2a: Cinderace|Cinderace, M|70\/100\n|turn|6\n|\n|move|p2a: Cinderace|Pyro Ball|p1a: Pelipper\n|-resisted|p1a: Pelipper\n|-damage|p1a: Pelipper|0 fnt\n|faint|p1a: Pelipper\n|\n|-weather|RainDance|[upkeep]\n|upkeep\n|\n|switch|p1a: Barraskewda|Barraskewda, F|100\/100\n|-damage|p1a: Barraskewda|88\/100|[from] Stealth Rock\n|turn|7\n|inactive|TryHonesty has 120 seconds left.\n|\n|move|p1a: Barraskewda|Liquidation|p2a: Cinderace\n|-supereffective|p2a: Cinderace\n|-damage|p2a: Cinderace|0 fnt\n|faint|p2a: Cinderace\n|\n|-weather|RainDance|[upkeep]\n|upkeep\n|\n|switch|p2a: Grimmsnarl|Grimmsnarl, M|100\/100\n|turn|8\n|\n|move|p2a: Grimmsnarl|Bulk Up|p2a: Grimmsnarl\n|-boost|p2a: Grimmsnarl|atk|1\n|-boost|p2a: Grimmsnarl|def|1\n|move|p1a: Barraskewda|Liquidation|p2a: Grimmsnarl\n|-damage|p2a: Grimmsnarl|21\/100\n|\n|-weather|RainDance|[upkeep]\n|upkeep\n|turn|9\n|\n|move|p2a: Grimmsnarl|Sucker Punch|p1a: Barraskewda\n|-damage|p1a: Barraskewda|0 fnt\n|-damage|p2a: Grimmsnarl|11\/100|[from] item: Life Orb\n|faint|p1a: Barraskewda\n|\n|-weather|RainDance|[upkeep]\n|upkeep\n|\n|switch|p1a: Aegislash|Aegislash, F|100\/100\n|-damage|p1a: Aegislash|94\/100|[from] Stealth Rock\n|turn|10\n|\n|move|p2a: Grimmsnarl|Sucker Punch|p1a: Aegislash\n|-supereffective|p1a: Aegislash\n|-damage|p1a: Aegislash|0 fnt\n|-damage|p2a: Grimmsnarl|1\/100|[from] item: Life Orb\n|faint|p1a: Aegislash\n|\n|-weather|RainDance|[upkeep]\n|upkeep\n|\n|switch|p1a: Heliolisk|Heliolisk, F|100\/100\n|-damage|p1a: Heliolisk|88\/100|[from] Stealth Rock\n|turn|11\n|\n|switch|p1a: Ludicolo|Ludicolo, M|100\/100\n|-damage|p1a: Ludicolo|88\/100|[from] Stealth Rock\n|move|p2a: Grimmsnarl|Sucker Punch||[still]\n|-fail|p2a: Grimmsnarl\n|\n|-weather|RainDance|[upkeep]\n|upkeep\n|turn|12\n|\n|switch|p1a: Heliolisk|Heliolisk, F|88\/100\n|-damage|p1a: Heliolisk|76\/100|[from] Stealth Rock\n|move|p2a: Grimmsnarl|Sucker Punch||[still]\n|-fail|p2a: Grimmsnarl\n|\n|-weather|none\n|upkeep\n|turn|13\n|\n|switch|p1a: Ludicolo|Ludicolo, M|88\/100\n|-damage|p1a: Ludicolo|76\/100|[from] Stealth Rock\n|move|p2a: Grimmsnarl|Sucker Punch||[still]\n|-fail|p2a: Grimmsnarl\n|\n|upkeep\n|turn|14\n|\n|switch|p1a: Heliolisk|Heliolisk, F|76\/100\n|-damage|p1a: Heliolisk|63\/100|[from] Stealth Rock\n|move|p2a: Grimmsnarl|Sucker Punch||[still]\n|-fail|p2a: Grimmsnarl\n|\n|upkeep\n|turn|15\n|\n|move|p1a: Heliolisk|Hyper Voice|p2a: Grimmsnarl\n|-damage|p2a: Grimmsnarl|0 fnt\n|-damage|p1a: Heliolisk|53\/100|[from] item: Life Orb\n|faint|p2a: Grimmsnarl\n|\n|upkeep\n|\n|switch|p2a: Polteageist|Polteageist|100\/100\n|turn|16\n|c|\u2606Rasta Claus|OOOOOOOOOOOH\n|\n|move|p1a: Heliolisk|Thunderbolt|p2a: Polteageist\n|-damage|p2a: Polteageist|42\/100\n|-damage|p1a: Heliolisk|44\/100|[from] item: Life Orb\n|move|p2a: Polteageist|Shell Smash|p2a: Polteageist\n|-unboost|p2a: Polteageist|def|1\n|-unboost|p2a: Polteageist|spd|1\n|-boost|p2a: Polteageist|atk|2\n|-boost|p2a: Polteageist|spa|2\n|-boost|p2a: Polteageist|spe|2\n|\n|upkeep\n|turn|17\n|\n|move|p2a: Polteageist|Psyshock|p1a: Heliolisk\n|-crit|p1a: Heliolisk\n|-damage|p1a: Heliolisk|0 fnt\n|faint|p1a: Heliolisk\n|\n|upkeep\n|\n|switch|p1a: Ludicolo|Ludicolo, M|76\/100\n|-damage|p1a: Ludicolo|64\/100|[from] Stealth Rock\n|turn|18\n|\n|-start|p1a: Ludicolo|Dynamax\n|-heal|p1a: Ludicolo|64\/100|[silent]\n|move|p2a: Polteageist|Shadow Ball|p1a: Ludicolo\n|-damage|p1a: Ludicolo|15\/100\n|move|p1a: Ludicolo|Max Geyser|p2a: Polteageist\n|-damage|p2a: Polteageist|0 fnt\n|-weather|RainDance\n|-damage|p1a: Ludicolo|5\/100|[from] item: Life Orb\n|faint|p2a: Polteageist\n|\n|-weather|RainDance|[upkeep]\n|upkeep\n|\n|switch|p2a: Dragapult|Dragapult, M|100\/100\n|turn|19\n|\n|-start|p2a: Dragapult|Dynamax\n|-heal|p2a: Dragapult|100\/100|[silent]\n|move|p1a: Ludicolo|Max Hailstorm|p2a: Dragapult\n|-supereffective|p2a: Dragapult\n|-damage|p2a: Dragapult|36\/100\n|-weather|Hail\n|-damage|p1a: Ludicolo|0 fnt|[from] item: Life Orb\n|faint|p1a: Ludicolo\n|\n|win|TryHonesty\n|l|\u2606TryHonesty\n|raw|Rasta Claus's rating: 1257 &rarr; <strong>1238<\/strong><br \/>(-19 for losing)\n|raw|TryHonesty's rating: 1345 &rarr; <strong>1360<\/strong><br \/>(+15 for winning)\n|c|\u2606Rasta Claus|idc that read was sick\n|c|\u2606Rasta Claus|rasta be ultra instinct\n|c|\u2606Rasta Claus|yeah take the W with your cancer-ass pokemons\n","uploadtime":1574687582,"views":9,"p1id":"rastaclaus","p2id":"tryhonesty","formatid":"gen8ou","rating":1238,"private":0,"password":null}