{"id":"gen8ubers-1095838218","p1":"Blue chen","p2":"E77Razor","format":"gen8ubers","log":"|j|\u2606Blue chen\n|j|\u2606E77Razor\n|player|p1|Blue chen|clair|1637\n|player|p2|E77Razor|red|1495\n|teamsize|p1|6\n|teamsize|p2|6\n|gametype|singles\n|gen|8\n|tier|[Gen 8] Ubers\n|rated|\n|clearpoke\n|poke|p1|Ferrothorn, M|\n|poke|p1|Eternatus|\n|poke|p1|Lunala|\n|poke|p1|Dragapult, M|\n|poke|p1|Necrozma-Dusk-Mane|\n|poke|p1|Zacian-Crowned|\n|poke|p2|Excadrill, F|\n|poke|p2|Tyranitar, M|\n|poke|p2|Reshiram|\n|poke|p2|Lunala|\n|poke|p2|Corviknight, M|\n|poke|p2|Zacian-Crowned|\n|rule|Sleep Clause Mod: Limit one foe put to sleep\n|rule|Species Clause: Limit one of each Pok\u00e9mon\n|rule|OHKO Clause: OHKO moves are banned\n|rule|Evasion Moves Clause: Evasion moves are banned\n|rule|Endless Battle Clause: Forcing endless battles is banned\n|rule|HP Percentage Mod: HP is shown in percentages\n|html|Ubers Dynamax Clause: Pok\u00e9mon on the <a href=\"https:\/\/www.smogon.com\/dex\/ss\/formats\/uber\/\">Ubers Dynamax Banlist<\/a> cannot Dynamax.\n|teampreview\n|j| Dimitri Serafim\n|\n|start\n|switch|p1a: Zacian|Zacian-Crowned|100\/100\n|switch|p2a: Red Period|Lunala, shiny|100\/100\n|-ability|p1a: Zacian|Intrepid Sword|boost\n|-boost|p1a: Zacian|atk|1\n|turn|1\n|\n|move|p1a: Zacian|Substitute|p1a: Zacian\n|-start|p1a: Zacian|Substitute\n|-damage|p1a: Zacian|76\/100\n|move|p2a: Red Period|Moongeist Beam|p1a: Zacian\n|-end|p1a: Zacian|Substitute\n|\n|upkeep\n|turn|2\n|\n|move|p1a: Zacian|Behemoth Blade|p2a: Red Period\n|-damage|p2a: Red Period|55\/100\n|move|p2a: Red Period|Moongeist Beam|p1a: Zacian\n|-damage|p1a: Zacian|0 fnt\n|faint|p1a: Zacian\n|\n|upkeep\n|\n|switch|p1a: Eternatus|Eternatus|100\/100\n|-ability|p1a: Eternatus|Pressure\n|turn|3\n|\n|move|p1a: Eternatus|Toxic Spikes|p2a: Red Period\n|-sidestart|p2: E77Razor|move: Toxic Spikes\n|move|p2a: Red Period|Moongeist Beam|p1a: Eternatus\n|-damage|p1a: Eternatus|30\/100\n|\n|upkeep\n|turn|4\n|\n|move|p1a: Eternatus|Recover|p1a: Eternatus\n|-heal|p1a: Eternatus|80\/100\n|move|p2a: Red Period|Moongeist Beam|p1a: Eternatus\n|-damage|p1a: Eternatus|8\/100\n|\n|upkeep\n|turn|5\n|\n|move|p1a: Eternatus|Toxic Spikes|p2a: Red Period\n|-sidestart|p2: E77Razor|move: Toxic Spikes\n|move|p2a: Red Period|Moongeist Beam|p1a: Eternatus\n|-damage|p1a: Eternatus|0 fnt\n|faint|p1a: Eternatus\n|\n|upkeep\n|\n|switch|p1a: Dragapult|Dragapult, M|100\/100\n|turn|6\n|\n|switch|p2a: Big Dino is Back|Tyranitar, M, shiny|100\/100\n|-status|p2a: Big Dino is Back|tox\n|-weather|Sandstorm|[from] ability: Sand Stream|[of] p2a: Big Dino is Back\n|move|p1a: Dragapult|Dragon Dance|p1a: Dragapult\n|-boost|p1a: Dragapult|atk|1\n|-boost|p1a: Dragapult|spe|1\n|\n|-weather|Sandstorm|[upkeep]\n|-damage|p1a: Dragapult|95\/100|[from] Sandstorm\n|-damage|p2a: Big Dino is Back|94\/100 tox|[from] psn\n|upkeep\n|turn|7\n|\n|-start|p1a: Dragapult|Dynamax\n|-heal|p1a: Dragapult|95\/100|[silent]\n|move|p1a: Dragapult|Max Wyrmwind|p2a: Big Dino is Back\n|-damage|p2a: Big Dino is Back|21\/100 tox\n|-unboost|p2a: Big Dino is Back|atk|1\n|move|p2a: Big Dino is Back|Foul Play|p1a: Dragapult\n|-supereffective|p1a: Dragapult\n|-damage|p1a: Dragapult|0 fnt\n|faint|p1a: Dragapult\n|\n|-weather|Sandstorm|[upkeep]\n|-damage|p2a: Big Dino is Back|9\/100 tox|[from] psn\n|upkeep\n|\n|switch|p1a: Ferrothorn|Ferrothorn, M|100\/100\n|turn|8\n|\n|move|p2a: Big Dino is Back|Stealth Rock|p1a: Ferrothorn\n|-sidestart|p1: Blue chen|move: Stealth Rock\n|move|p1a: Ferrothorn|Stealth Rock|p2a: Big Dino is Back\n|-sidestart|p2: E77Razor|move: Stealth Rock\n|\n|-weather|Sandstorm|[upkeep]\n|-damage|p2a: Big Dino is Back|0 fnt|[from] psn\n|faint|p2a: Big Dino is Back\n|upkeep\n|\n|switch|p2a: Corviknight|Corviknight, M, shiny|100\/100\n|-damage|p2a: Corviknight|88\/100|[from] Stealth Rock\n|-ability|p2a: Corviknight|Pressure\n|turn|9\n|\n|move|p2a: Corviknight|Defog|p1a: Ferrothorn\n|-unboost|p1a: Ferrothorn|evasion|1\n|-sideend|p1: Blue chen|Stealth Rock|[from] move: Defog|[of] p2a: Corviknight\n|-sideend|p2: E77Razor|Toxic Spikes|[from] move: Defog|[of] p2a: Corviknight\n|-sideend|p2: E77Razor|Stealth Rock|[from] move: Defog|[of] p2a: Corviknight\n|move|p1a: Ferrothorn|Knock Off|p2a: Corviknight\n|-damage|p2a: Corviknight|74\/100\n|-enditem|p2a: Corviknight|Leftovers|[from] move: Knock Off|[of] p1a: Ferrothorn\n|\n|-weather|Sandstorm|[upkeep]\n|upkeep\n|turn|10\n|\n|switch|p2a: Clumsy Ostrich|Reshiram|100\/100\n|-ability|p2a: Clumsy Ostrich|Turboblaze\n|move|p1a: Ferrothorn|Stealth Rock|p2a: Clumsy Ostrich\n|-sidestart|p2: E77Razor|move: Stealth Rock\n|\n|-weather|none\n|upkeep\n|turn|11\n|\n|move|p2a: Clumsy Ostrich|Blue Flare|p1a: Ferrothorn\n|-supereffective|p1a: Ferrothorn\n|-damage|p1a: Ferrothorn|0 fnt\n|faint|p1a: Ferrothorn\n|\n|upkeep\n|\n|switch|p1a: Lunala|Lunala|100\/100\n|turn|12\n|\n|move|p2a: Clumsy Ostrich|Blue Flare|p1a: Lunala|[miss]\n|-miss|p2a: Clumsy Ostrich|p1a: Lunala\n|move|p1a: Lunala|Thunder Wave|p2a: Clumsy Ostrich\n|-status|p2a: Clumsy Ostrich|par\n|\n|upkeep\n|turn|13\n|\n|move|p1a: Lunala|Hex|p2a: Clumsy Ostrich\n|-damage|p2a: Clumsy Ostrich|39\/100 par\n|move|p2a: Clumsy Ostrich|Blue Flare|p1a: Lunala\n|-damage|p1a: Lunala|70\/100\n|\n|upkeep\n|turn|14\n|\n|move|p1a: Lunala|Roost|p1a: Lunala\n|-heal|p1a: Lunala|100\/100\n|-singleturn|p1a: Lunala|move: Roost\n|move|p2a: Clumsy Ostrich|Blue Flare|p1a: Lunala\n|-damage|p1a: Lunala|73\/100\n|\n|upkeep\n|turn|15\n|\n|switch|p2a: Crowned Doggo|Zacian-Crowned|100\/100\n|-damage|p2a: Crowned Doggo|94\/100|[from] Stealth Rock\n|-ability|p2a: Crowned Doggo|Intrepid Sword|boost\n|-boost|p2a: Crowned Doggo|atk|1\n|move|p1a: Lunala|Roost|p1a: Lunala\n|-heal|p1a: Lunala|100\/100\n|-singleturn|p1a: Lunala|move: Roost\n|\n|upkeep\n|turn|16\n|\n|switch|p1a: Necrozma|Necrozma-Dusk-Mane|100\/100\n|move|p2a: Crowned Doggo|Behemoth Blade|p1a: Necrozma\n|-resisted|p1a: Necrozma\n|-damage|p1a: Necrozma|77\/100\n|\n|-heal|p1a: Necrozma|83\/100|[from] item: Leftovers\n|upkeep\n|turn|17\n|inactive|Battle timer is ON: inactive players will automatically lose when time's up. (requested by E77Razor)\n|\n|move|p2a: Crowned Doggo|Swords Dance|p2a: Crowned Doggo\n|-boost|p2a: Crowned Doggo|atk|2\n|move|p1a: Necrozma|Thunder Wave|p2a: Crowned Doggo\n|-status|p2a: Crowned Doggo|par\n|\n|-heal|p1a: Necrozma|89\/100|[from] item: Leftovers\n|upkeep\n|turn|18\n|\n|move|p2a: Crowned Doggo|Close Combat|p1a: Necrozma\n|-damage|p1a: Necrozma|26\/100\n|-unboost|p2a: Crowned Doggo|def|1\n|-unboost|p2a: Crowned Doggo|spd|1\n|move|p1a: Necrozma|Sunsteel Strike|p2a: Crowned Doggo\n|-damage|p2a: Crowned Doggo|25\/100 par\n|\n|-heal|p1a: Necrozma|32\/100|[from] item: Leftovers\n|upkeep\n|turn|19\n|\n|move|p2a: Crowned Doggo|Behemoth Blade|p1a: Necrozma\n|-resisted|p1a: Necrozma\n|-damage|p1a: Necrozma|0 fnt\n|faint|p1a: Necrozma\n|\n|upkeep\n|inactive|Blue chen has 120 seconds left.\n|\n|switch|p1a: Lunala|Lunala|100\/100\n|turn|20\n|\n|move|p1a: Lunala|Hex|p2a: Crowned Doggo\n|-damage|p2a: Crowned Doggo|0 fnt\n|faint|p2a: Crowned Doggo\n|\n|upkeep\n|\n|switch|p2a: Corviknight|Corviknight, M, shiny|74\/100\n|-damage|p2a: Corviknight|62\/100|[from] Stealth Rock\n|-ability|p2a: Corviknight|Pressure\n|turn|21\n|inactive|Blue chen has 120 seconds left.\n|inactive|Blue chen has 90 seconds left.\n|\n|move|p1a: Lunala|Moongeist Beam|p2a: Corviknight\n|-damage|p2a: Corviknight|8\/100\n|move|p2a: Corviknight|Defog|p1a: Lunala\n|-unboost|p1a: Lunala|evasion|1\n|-sideend|p2: E77Razor|Stealth Rock|[from] move: Defog|[of] p2a: Corviknight\n|\n|upkeep\n|turn|22\n|\n|move|p1a: Lunala|Hex|p2a: Corviknight\n|-damage|p2a: Corviknight|0 fnt\n|faint|p2a: Corviknight\n|\n|upkeep\n|\n|switch|p2a: Excadrill|Excadrill, F|100\/100\n|turn|23\n|\n|-start|p2a: Excadrill|Dynamax\n|-heal|p2a: Excadrill|100\/100|[silent]\n|move|p1a: Lunala|Moongeist Beam|p2a: Excadrill\n|-damage|p2a: Excadrill|67\/100\n|move|p2a: Excadrill|Max Rockfall|p1a: Lunala\n|-damage|p1a: Lunala|79\/100\n|-weather|Sandstorm\n|\n|-weather|Sandstorm|[upkeep]\n|-damage|p1a: Lunala|73\/100|[from] Sandstorm\n|upkeep\n|turn|24\n|\n|move|p2a: Excadrill|Max Phantasm|p1a: Lunala\n|-supereffective|p1a: Lunala\n|-damage|p1a: Lunala|0 fnt\n|faint|p1a: Lunala\n|\n|win|E77Razor\n|l|\u2606Blue chen\n|raw|Blue chen's rating: 1621 &rarr; <strong>1594<\/strong><br \/>(-27 for losing)\n|raw|E77Razor's rating: 1495 &rarr; <strong>1522<\/strong><br \/>(+27 for winning)\n|l|\u2606E77Razor\n","uploadtime":1586771664,"views":20,"p1id":"bluechen","p2id":"e77razor","formatid":"gen8ubers","rating":1522,"private":0,"password":null}