{"id":"gen8anythinggoes-1706960763","p1":"BTT2022","p2":"Bruh hail","format":"gen8anythinggoes","log":"|j|\u2606BTT2022\n|j|\u2606Bruh hail\n|t:|1668036574\n|gametype|singles\n|player|p1|BTT2022|red|\n|player|p2|Bruh hail|colress|\n|teamsize|p1|6\n|teamsize|p2|6\n|gen|8\n|tier|[Gen 8] Anything Goes\n|rule|HP Percentage Mod: HP is shown in percentages\n|rule|Endless Battle Clause: Forcing endless battles is banned\n|clearpoke\n|poke|p1|Charizard, M|\n|poke|p1|Cinderace, M|\n|poke|p1|Inteleon, M|\n|poke|p1|Rillaboom, M|\n|poke|p1|Mr. Rime, M|\n|poke|p1|Dragapult, M|\n|poke|p2|Ferrothorn, F|\n|poke|p2|Ninjask, M|\n|poke|p2|Dracovish|\n|poke|p2|Blissey, F|\n|poke|p2|Miltank, F|\n|poke|p2|Zacian-*|\n|teampreview\n|\n|t:|1668036590\n|start\n|switch|p1a: Cinderace|Cinderace, M|100\/100\n|switch|p2a: Ferrothorn|Ferrothorn, F|100\/100\n|turn|1\n|\n|t:|1668036604\n|switch|p2a: Miltank|Miltank, F|100\/100\n|move|p1a: Cinderace|High Jump Kick|p2a: Miltank\n|-start|p1a: Cinderace|typechange|Fighting|[from] ability: Libero\n|-supereffective|p2a: Miltank\n|-damage|p2a: Miltank|0 fnt\n|faint|p2a: Miltank\n|\n|upkeep\n|\n|t:|1668036615\n|switch|p2a: Ninjask|Ninjask, M|100\/100\n|turn|2\n|\n|t:|1668036623\n|switch|p2a: Blissey|Blissey, F|100\/100\n|move|p1a: Cinderace|Pyro Ball|p2a: Blissey\n|-start|p1a: Cinderace|typechange|Fire|[from] ability: Libero\n|-damage|p2a: Blissey|37\/100\n|\n|-heal|p2a: Blissey|43\/100|[from] item: Leftovers\n|upkeep\n|turn|3\n|\n|t:|1668036633\n|move|p1a: Cinderace|High Jump Kick|p2a: Blissey\n|-start|p1a: Cinderace|typechange|Fighting|[from] ability: Libero\n|-supereffective|p2a: Blissey\n|-damage|p2a: Blissey|0 fnt\n|faint|p2a: Blissey\n|\n|upkeep\n|\n|t:|1668036642\n|switch|p2a: Dracovish|Dracovish|100\/100\n|turn|4\n|\n|t:|1668036646\n|move|p1a: Cinderace|High Jump Kick|p2a: Dracovish\n|-damage|p2a: Dracovish|47\/100\n|move|p2a: Dracovish|Fishious Rend|p1a: Cinderace\n|-damage|p1a: Cinderace|0 fnt\n|faint|p1a: Cinderace\n|\n|upkeep\n|\n|t:|1668036657\n|switch|p1a: Dragapult|Dragapult, M|100\/100\n|turn|5\n|\n|t:|1668036660\n|move|p1a: Dragapult|Dragon Darts|p2a: Dracovish\n|-supereffective|p2a: Dracovish\n|-damage|p2a: Dracovish|0 fnt\n|faint|p2a: Dracovish\n|\n|upkeep\n|\n|t:|1668036665\n|switch|p2a: Ferrothorn|Ferrothorn, F|100\/100\n|turn|6\n|\n|t:|1668036670\n|move|p1a: Dragapult|Flamethrower|p2a: Ferrothorn\n|-supereffective|p2a: Ferrothorn\n|-damage|p2a: Ferrothorn|33\/100\n|move|p2a: Ferrothorn|Leech Seed|p1a: Dragapult\n|-start|p1a: Dragapult|move: Leech Seed\n|\n|-damage|p1a: Dragapult|88\/100|[from] Leech Seed|[of] p2a: Ferrothorn\n|-heal|p2a: Ferrothorn|44\/100|[silent]\n|upkeep\n|turn|7\n|\n|t:|1668036679\n|switch|p2a: Ninjask|Ninjask, M|100\/100\n|move|p1a: Dragapult|Flamethrower|p2a: Ninjask\n|-supereffective|p2a: Ninjask\n|-damage|p2a: Ninjask|11\/100\n|\n|-heal|p2a: Ninjask|17\/100|[from] item: Leftovers\n|-damage|p1a: Dragapult|76\/100|[from] Leech Seed|[of] p2a: Ninjask\n|-heal|p2a: Ninjask|32\/100|[silent]\n|upkeep\n|turn|8\n|\n|t:|1668036689\n|move|p1a: Dragapult|Dragon Darts|p2a: Ninjask\n|-damage|p2a: Ninjask|0 fnt\n|faint|p2a: Ninjask\n|\n|upkeep\n|\n|t:|1668036694\n|switch|p2a: Ferrothorn|Ferrothorn, F|44\/100\n|turn|9\n|\n|t:|1668036700\n|move|p1a: Dragapult|Flamethrower|p2a: Ferrothorn\n|-supereffective|p2a: Ferrothorn\n|-damage|p2a: Ferrothorn|0 fnt\n|faint|p2a: Ferrothorn\n|\n|upkeep\n|\n|t:|1668036705\n|switch|p2a: Zacian|Zacian-Crowned|100\/100\n|-ability|p2a: Zacian|Intrepid Sword|boost\n|-boost|p2a: Zacian|atk|1\n|turn|10\n|\n|t:|1668036714\n|move|p2a: Zacian|Sacred Sword|p1a: Dragapult\n|-immune|p1a: Dragapult\n|move|p1a: Dragapult|Phantom Force||[still]\n|-prepare|p1a: Dragapult|Phantom Force\n|\n|-damage|p1a: Dragapult|64\/100|[from] Leech Seed|[of] p2a: Zacian\n|upkeep\n|turn|11\n|\n|t:|1668036721\n|move|p2a: Zacian|Swords Dance|p2a: Zacian\n|-boost|p2a: Zacian|atk|2\n|move|p1a: Dragapult|Phantom Force|p2a: Zacian|[from]lockedmove\n|-crit|p2a: Zacian\n|-damage|p2a: Zacian|34\/100\n|\n|-damage|p1a: Dragapult|51\/100|[from] Leech Seed|[of] p2a: Zacian\n|-heal|p2a: Zacian|46\/100|[silent]\n|upkeep\n|turn|12\n|\n|t:|1668036735\n|move|p2a: Zacian|Behemoth Blade|p1a: Dragapult\n|-damage|p1a: Dragapult|0 fnt\n|-damage|p2a: Zacian|29\/100|[from] item: Rocky Helmet|[of] p1a: Dragapult\n|faint|p1a: Dragapult\n|\n|upkeep\n|\n|t:|1668036740\n|switch|p1a: Inteleon|Inteleon, M|100\/100\n|turn|13\n|\n|t:|1668036749\n|-start|p1a: Inteleon|Dynamax|\n|-heal|p1a: Inteleon|100\/100|[silent]\n|move|p2a: Zacian|Sacred Sword|p1a: Inteleon\n|-damage|p1a: Inteleon|9\/100\n|move|p1a: Inteleon|Max Geyser|p2a: Zacian\n|-damage|p2a: Zacian|0 fnt\n|-weather|RainDance\n|faint|p2a: Zacian\n|\n|win|BTT2022\n|c|\u2606BTT2022|GG :)\n|l|\u2606Bruh hail\n","uploadtime":1668036759,"views":3,"p1id":"btt2022","p2id":"bruhhail","formatid":"gen8anythinggoes","rating":0,"private":0,"password":null}