{"id":"gen8ou-1645214589","p1":"knexhawk2","p2":"EVERYOPPSHOT","format":"gen8ou","log":"|j|\u2606knexhawk2\n|j|\u2606EVERYOPPSHOT\n|inactive|Battle timer is ON: inactive players will automatically lose when time's up.\n|t:|1661140437\n|gametype|singles\n|player|p1|knexhawk2|red-masters|\n|player|p2|EVERYOPPSHOT|wallace-gen3|\n|teamsize|p1|6\n|teamsize|p2|6\n|gen|8\n|tier|[Gen 8] OU\n|rated|Tournament battle\n|rule|Sleep Clause Mod: Limit one foe put to sleep\n|rule|Species Clause: Limit one of each Pok\u00e9mon\n|rule|OHKO Clause: OHKO moves are banned\n|rule|Evasion Items Clause: Evasion items are banned\n|rule|Evasion Moves Clause: Evasion moves are banned\n|rule|Endless Battle Clause: Forcing endless battles is banned\n|rule|HP Percentage Mod: HP is shown in percentages\n|rule|Dynamax Clause: You cannot dynamax\n|clearpoke\n|poke|p1|Meowstic, M|\n|poke|p1|Necrozma-Dusk-Mane|\n|poke|p1|Mewtwo|\n|poke|p1|Solgaleo|\n|poke|p1|Absol-Mega, F|\n|poke|p1|Mew|\n|poke|p2|Umbreon, F|\n|poke|p2|Zeraora|\n|poke|p2|Incineroar, F|\n|poke|p2|Solgaleo|\n|poke|p2|Mewtwo|\n|poke|p2|Absol-Mega, F|\n|teampreview\n|j| Monotone Man\n|j| SneakyDogeScout\n|j| gewwge\n|j| Fate's Die\n|j| Magiquaza\n|j| incandesce87\n|c|\u2606knexhawk2|gl\n|c|\u2606EVERYOPPSHOT|u2\n|j| Juni01\n|\n|t:|1661140454\n|start\n|switch|p1a: never before seen|Mew|100\/100\n|switch|p2a: Zeraora|Zeraora|100\/100\n|turn|1\n|\n|t:|1661140456\n|move|p2a: Zeraora|Substitute|p2a: Zeraora\n|-start|p2a: Zeraora|Substitute\n|-damage|p2a: Zeraora|76\/100\n|move|p1a: never before seen|Will-O-Wisp||[still]\n|-fail|p1a: never before seen\n|\n|upkeep\n|turn|2\n|c| Fate's Die|explode\n|\n|t:|1661140463\n|move|p2a: Zeraora|Bulk Up|p2a: Zeraora\n|-boost|p2a: Zeraora|atk|1\n|-boost|p2a: Zeraora|def|1\n|move|p1a: never before seen|Spikes|p2a: Zeraora\n|-sidestart|p2: EVERYOPPSHOT|Spikes\n|\n|upkeep\n|turn|3\n|\n|t:|1661140472\n|move|p2a: Zeraora|Bulk Up|p2a: Zeraora\n|-boost|p2a: Zeraora|atk|1\n|-boost|p2a: Zeraora|def|1\n|move|p1a: never before seen|Stealth Rock|p2a: Zeraora\n|-sidestart|p2: EVERYOPPSHOT|move: Stealth Rock\n|\n|upkeep\n|turn|4\n|\n|t:|1661140475\n|switch|p1a: my fat puusssy|Meowstic, M|100\/100\n|move|p2a: Zeraora|Bulk Up|p2a: Zeraora\n|-boost|p2a: Zeraora|atk|1\n|-boost|p2a: Zeraora|def|1\n|\n|upkeep\n|turn|5\n|\n|t:|1661140477\n|move|p1a: my fat puusssy|Reflect|p1a: my fat puusssy\n|-sidestart|p1: knexhawk2|Reflect\n|move|p2a: Zeraora|Knock Off|p1a: my fat puusssy\n|-supereffective|p1a: my fat puusssy\n|-damage|p1a: my fat puusssy|3\/100\n|-enditem|p1a: my fat puusssy|Light Clay|[from] move: Knock Off|[of] p2a: Zeraora\n|\n|upkeep\n|turn|6\n|l| SneakyDogeScout\n|\n|t:|1661140495\n|move|p1a: my fat puusssy|Light Screen|p1a: my fat puusssy\n|-sidestart|p1: knexhawk2|move: Light Screen\n|move|p2a: Zeraora|Bulk Up|p2a: Zeraora\n|-boost|p2a: Zeraora|atk|1\n|-boost|p2a: Zeraora|def|1\n|\n|upkeep\n|turn|7\n|c| Fate's Die|these nicknames\n|j| ban123456\n|\n|t:|1661140503\n|switch|p1a: girls want 2 be me|Mewtwo|100\/100\n|-ability|p1a: girls want 2 be me|Pressure\n|move|p2a: Zeraora|Bulk Up|p2a: Zeraora\n|-boost|p2a: Zeraora|atk|1\n|-boost|p2a: Zeraora|def|1\n|\n|upkeep\n|turn|8\n|\n|t:|1661140505\n|move|p2a: Zeraora|Knock Off|p1a: girls want 2 be me\n|-supereffective|p1a: girls want 2 be me\n|-enditem|p1a: girls want 2 be me|Colbur Berry|[eat]\n|-enditem|p1a: girls want 2 be me|Colbur Berry|[weaken]\n|-damage|p1a: girls want 2 be me|45\/100\n|move|p1a: girls want 2 be me|Psystrike|p2a: Zeraora\n|-activate|p2a: Zeraora|move: Substitute|[damage]\n|\n|upkeep\n|turn|9\n|c|\u2606knexhawk2|that was\n|c|\u2606knexhawk2|dumb\n|\n|t:|1661140512\n|move|p2a: Zeraora|Knock Off|p1a: girls want 2 be me\n|-supereffective|p1a: girls want 2 be me\n|-damage|p1a: girls want 2 be me|0 fnt\n|faint|p1a: girls want 2 be me\n|\n|upkeep\n|c|\u2606EVERYOPPSHOT|LLOL\n|c|\u2606EVERYOPPSHOT|yea\n|\n|t:|1661140521\n|switch|p1a: jizz|Necrozma-Dusk-Mane|100\/100\n|turn|10\n|\n|t:|1661140523\n|move|p2a: Zeraora|Plasma Fists|p1a: jizz\n|-damage|p1a: jizz|33\/100\n|-fieldactivate|move: Ion Deluge\n|-hint|Normal-type moves become Electric-type after using Plasma Fists.\n|move|p1a: jizz|Dragon Dance|p1a: jizz\n|-boost|p1a: jizz|atk|1\n|-boost|p1a: jizz|spe|1\n|\n|-sideend|p1: knexhawk2|move: Light Screen\n|upkeep\n|turn|11\n|\n|t:|1661140528\n|move|p2a: Zeraora|Plasma Fists|p1a: jizz\n|-damage|p1a: jizz|0 fnt\n|-fieldactivate|move: Ion Deluge\n|-hint|Normal-type moves become Electric-type after using Plasma Fists.\n|faint|p1a: jizz\n|\n|upkeep\n|c| Fate's Die|why no koff\n|c|\u2606EVERYOPPSHOT|idk\n|c|\u2606knexhawk2|i threw\n|c|\u2606EVERYOPPSHOT|i dont  think it matters\n|c|\u2606knexhawk2|forgot im not faster\n|c|\u2606EVERYOPPSHOT|yea\n|c|\u2606EVERYOPPSHOT|i cted\n|c|\u2606EVERYOPPSHOT|its chesto to setup on yawn\n|c|\u2606EVERYOPPSHOT|LOL\n|c|\u2606knexhawk2|wow\n|c|\u2606knexhawk2|scumbag\n|c|\u2606EVERYOPPSHOT|well\n|inactive|knexhawk2 has 120 seconds left.\n|c|\u2606EVERYOPPSHOT|i just made slight adjustments\n|c|\u2606EVERYOPPSHOT|to some sets\n|c| Fate's Die|learn from your ancestors\n|c|\u2606knexhawk2|i was gonna ff\n|c|\u2606knexhawk2|u can wait 2 mins\n|c| Fate's Die|use bug buzz\n|l| Juni01\n|c|\u2606EVERYOPPSHOT|ok\n|c| Fate's Die|LMAO\n|c|\u2606knexhawk2|-respect\n|c|\u2606EVERYOPPSHOT|yah but nothing can beat zera\n|c| Fate's Die|knexhawk2 goes 90% tele\n|c|\u2606EVERYOPPSHOT|its the best mon in this format\n|inactive|knexhawk2 has 90 seconds left.\n|c|\u2606knexhawk2|its not\n|j|%Sww-Suwa\n|c|\u2606knexhawk2|zera is a trashmon you just cteamed me and i misplayed\n|c| Fate's Die|they threw\n|c| Fate's Die|when they let you sub\n|c| Fate's Die|for free\n|inactive|knexhawk2 has 60 seconds left.\n|c|\u2606knexhawk2|should of fire blased idk why i psystriked\n|c| Fate's Die|lol\n|c|\u2606EVERYOPPSHOT|hehe\n|c|\u2606EVERYOPPSHOT|!\n|c| Fate's Die|play another battle\n|inactive|knexhawk2 has 30 seconds left.\n|c|\u2606EVERYOPPSHOT|speed kills\n|c|\u2606EVERYOPPSHOT|everyone asking why no necrozma dusk mane\n|inactive|knexhawk2 has 20 seconds left.\n|c|\u2606EVERYOPPSHOT|its shit LOL\n|inactive|knexhawk2 has 15 seconds left.\n|c|\u2606knexhawk2|not really\n|\n|t:|1661140667\n|switch|p1a: nice balls|Absol-Mega, F|100\/100\n|turn|12\n|inactive|knexhawk2 has 25 seconds left this turn.\n|inactive|knexhawk2 has 20 seconds left.\n|c|\u2606EVERYOPPSHOT|i considered sub drain punch bulk up\n|c|\u2606knexhawk2|best mon in the format\n|inactive|knexhawk2 has 15 seconds left.\n|c|\u2606EVERYOPPSHOT|but drain doesnt rlly hit anything\n|inactive|knexhawk2 has 10 seconds left.\n|inactive|knexhawk2 has 5 seconds left.\n|\n|t:|1661140688\n|move|p2a: Zeraora|Plasma Fists|p1a: nice balls\n|-crit|p1a: nice balls\n|-enditem|p1a: nice balls|Focus Sash\n|-damage|p1a: nice balls|1\/100\n|-fieldactivate|move: Ion Deluge\n|-hint|Normal-type moves become Electric-type after using Plasma Fists.\n|move|p1a: nice balls|Knock Off|p2a: Zeraora\n|-end|p2a: Zeraora|Substitute\n|\n|-sideend|p1: knexhawk2|Reflect\n|upkeep\n|turn|13\n|inactive|knexhawk2 has 15 seconds left this turn.\n|inactive|knexhawk2 has 10 seconds left.\n|j| Purple13\n|\n|t:|1661140697\n|move|p2a: Zeraora|Knock Off|p1a: nice balls\n|-resisted|p1a: nice balls\n|-damage|p1a: nice balls|0 fnt\n|faint|p1a: nice balls\n|\n|upkeep\n|inactive|knexhawk2 has 15 seconds left this turn.\n|\n|t:|1661140700\n|switch|p1a: my fat puusssy|Meowstic, M|3\/100\n|turn|14\n|inactive|knexhawk2 has 25 seconds left this turn.\n|\n|t:|1661140703\n|move|p1a: my fat puusssy|Yawn|p2a: Zeraora\n|-start|p2a: Zeraora|move: Yawn|[of] p1a: my fat puusssy\n|move|p2a: Zeraora|Substitute|p2a: Zeraora\n|-start|p2a: Zeraora|Substitute\n|-damage|p2a: Zeraora|51\/100\n|\n|upkeep\n|turn|15\n|c|\u2606EVERYOPPSHOT|ok watch this\n|\n|t:|1661140708\n|move|p1a: my fat puusssy|Reflect|p1a: my fat puusssy\n|-sidestart|p1: knexhawk2|Reflect\n|move|p2a: Zeraora|Bulk Up|p2a: Zeraora\n|-boost|p2a: Zeraora|atk|1\n|-boost|p2a: Zeraora|def|1\n|\n|-end|p2a: Zeraora|move: Yawn|[silent]\n|-status|p2a: Zeraora|slp\n|upkeep\n|-enditem|p2a: Zeraora|Chesto Berry|[eat]\n|-curestatus|p2a: Zeraora|slp|[msg]\n|turn|16\n|\n|t:|1661140711\n|move|p1a: my fat puusssy|Yawn||[still]\n|-fail|p1a: my fat puusssy\n|move|p2a: Zeraora|Plasma Fists|p1a: my fat puusssy\n|-damage|p1a: my fat puusssy|0 fnt\n|-fieldactivate|move: Ion Deluge\n|-hint|Normal-type moves become Electric-type after using Plasma Fists.\n|faint|p1a: my fat puusssy\n|\n|upkeep\n|\n|t:|1661140714\n|switch|p1a: racist|Solgaleo|100\/100\n|turn|17\n|l| ban123456\n|\n|t:|1661140717\n|move|p2a: Zeraora|Knock Off|p1a: racist\n|-supereffective|p1a: racist\n|-damage|p1a: racist|8\/100\n|-enditem|p1a: racist|Life Orb|[from] move: Knock Off|[of] p2a: Zeraora\n|move|p1a: racist|Flame Charge|p2a: Zeraora\n|-activate|p2a: Zeraora|move: Substitute|[damage]\n|-boost|p1a: racist|spe|1\n|\n|upkeep\n|turn|18\n|\n|t:|1661140725\n|move|p1a: racist|Close Combat|p2a: Zeraora\n|-activate|p2a: Zeraora|move: Substitute|[damage]\n|-unboost|p1a: racist|def|1\n|-unboost|p1a: racist|spd|1\n|move|p2a: Zeraora|Knock Off|p1a: racist\n|-supereffective|p1a: racist\n|-damage|p1a: racist|0 fnt\n|faint|p1a: racist\n|\n|upkeep\n|\n|t:|1661140727\n|switch|p1a: never before seen|Mew|100\/100\n|turn|19\n|\n|t:|1661140729\n|move|p2a: Zeraora|Plasma Fists|p1a: never before seen\n|-damage|p1a: never before seen|0 fnt\n|-fieldactivate|move: Ion Deluge\n|-hint|Normal-type moves become Electric-type after using Plasma Fists.\n|faint|p1a: never before seen\n|\n|win|EVERYOPPSHOT\n|n|\u2606knexhawk2|knexhawk2\n|n|\u2606EVERYOPPSHOT|everyoppshot\n|n| Monotone Man|monotoneman\n|n| gewwge|gewwge\n|n| Fate's Die|fatesdie\n|n| Magiquaza|magiquaza\n|n| incandesce87|incandesce87\n|n| Sww-Suwa|swwsuwa\n|n| Purple13|purple13\n","uploadtime":1661140730,"views":13,"p1id":"knexhawk2","p2id":"everyoppshot","formatid":"gen8ou","rating":0,"private":0,"password":null}