{"id":"gen8nationaldex-1577104195","p1":"soldierblue8","p2":"Fastpitchkiller","format":"gen8nationaldex","log":"|j|\u2606soldierblue8\n|j|\u2606Fastpitchkiller\n|t:|1652826772\n|gametype|singles\n|player|p1|soldierblue8|170|1626\n|player|p2|Fastpitchkiller|101|1730\n|teamsize|p1|6\n|teamsize|p2|6\n|gen|8\n|tier|[Gen 8] National Dex\n|rated|\n|rule|HP Percentage Mod: HP is shown in percentages\n|rule|Endless Battle Clause: Forcing endless battles is banned\n|rule|OHKO Clause: OHKO moves are banned\n|rule|Evasion Moves Clause: Evasion moves are banned\n|rule|Species Clause: Limit one of each Pok\u00e9mon\n|rule|Dynamax Clause: You cannot dynamax\n|rule|Sleep Clause Mod: Limit one foe put to sleep\n|clearpoke\n|poke|p1|Volcarona, M|\n|poke|p1|Tapu Fini|\n|poke|p1|Diancie|\n|poke|p1|Hawlucha, M|\n|poke|p1|Tapu Koko|\n|poke|p1|Landorus-Therian, M|\n|poke|p2|Greninja, M|\n|poke|p2|Zapdos|\n|poke|p2|Melmetal|\n|poke|p2|Slowbro, M|\n|poke|p2|Tyranitar, F|\n|poke|p2|Kommo-o, F|\n|teampreview\n|inactive|Battle timer is ON: inactive players will automatically lose when time's up. (requested by Fastpitchkiller)\n|\n|t:|1652826810\n|start\n|switch|p1a: Tapu Koko|Tapu Koko|100\/100\n|switch|p2a: Slowgatell|Slowbro, M|100\/100\n|-fieldstart|move: Electric Terrain|[from] ability: Electric Surge|[of] p1a: Tapu Koko\n|turn|1\n|\n|t:|1652826830\n|switch|p2a: Tyranitar|Tyranitar, F|100\/100\n|-weather|Sandstorm|[from] ability: Sand Stream|[of] p2a: Tyranitar\n|move|p1a: Tapu Koko|Thunderbolt|p2a: Tyranitar\n|-damage|p2a: Tyranitar|82\/100\n|\n|-weather|Sandstorm|[upkeep]\n|-damage|p1a: Tapu Koko|94\/100|[from] Sandstorm\n|-heal|p2a: Tyranitar|88\/100|[from] item: Leftovers\n|upkeep\n|turn|2\n|\n|t:|1652826846\n|move|p1a: Tapu Koko|Volt Switch|p2a: Tyranitar\n|-damage|p2a: Tyranitar|72\/100\n|\n|t:|1652826851\n|switch|p1a: ...|Landorus-Therian, M|100\/100|[from]move: Volt Switch\n|-ability|p1a: ...|Intimidate|boost\n|-unboost|p2a: Tyranitar|atk|1\n|move|p2a: Tyranitar|Stealth Rock|p1a: ...\n|-sidestart|p1: soldierblue8|move: Stealth Rock\n|\n|-weather|Sandstorm|[upkeep]\n|-heal|p2a: Tyranitar|78\/100|[from] item: Leftovers\n|upkeep\n|turn|3\n|\n|t:|1652826862\n|switch|p2a: Slowgatell|Slowbro, M|100\/100\n|move|p1a: ...|Defog|p2a: Slowgatell\n|-unboost|p2a: Slowgatell|evasion|1\n|-sideend|p1: soldierblue8|Stealth Rock|[from] move: Defog|[of] p1a: ...\n|-fieldend|move: Electric Terrain\n|\n|-weather|Sandstorm|[upkeep]\n|-damage|p2a: Slowgatell|94\/100|[from] Sandstorm\n|upkeep\n|turn|4\n|\n|t:|1652826872\n|move|p1a: ...|U-turn|p2a: Slowgatell\n|-supereffective|p2a: Slowgatell\n|-damage|p2a: Slowgatell|67\/100\n|-damage|p1a: ...|84\/100|[from] item: Rocky Helmet|[of] p2a: Slowgatell\n|\n|t:|1652826879\n|switch|p1a: Tapu Koko|Tapu Koko|94\/100|[from]move: U-turn\n|-fieldstart|move: Electric Terrain|[from] ability: Electric Surge|[of] p1a: Tapu Koko\n|move|p2a: Slowgatell|Scald|p1a: Tapu Koko\n|-damage|p1a: Tapu Koko|54\/100\n|\n|-weather|Sandstorm|[upkeep]\n|-damage|p1a: Tapu Koko|48\/100|[from] Sandstorm\n|-damage|p2a: Slowgatell|61\/100|[from] Sandstorm\n|upkeep\n|turn|5\n|\n|t:|1652826892\n|move|p1a: Tapu Koko|Volt Switch|p2a: Slowgatell\n|-supereffective|p2a: Slowgatell\n|-damage|p2a: Slowgatell|0 fnt\n|faint|p2a: Slowgatell\n|\n|t:|1652826911\n|switch|p1a: Hawlucha|Hawlucha, M|100\/100|[from]move: Volt Switch\n|-enditem|p1a: Hawlucha|Electric Seed\n|-boost|p1a: Hawlucha|def|1|[from] item: Electric Seed\n|\n|-weather|none\n|upkeep\n|\n|t:|1652826918\n|switch|p2a: Zapdos|Zapdos|100\/100\n|turn|6\n|\n|t:|1652826924\n|move|p1a: Hawlucha|Swords Dance|p1a: Hawlucha\n|-boost|p1a: Hawlucha|atk|2\n|move|p2a: Zapdos|Volt Switch|p1a: Hawlucha\n|-supereffective|p1a: Hawlucha\n|-damage|p1a: Hawlucha|16\/100\n|\n|t:|1652826931\n|switch|p2a: Greninja|Greninja, M|100\/100|[from]move: Volt Switch\n|\n|upkeep\n|turn|7\n|\n|t:|1652826938\n|move|p2a: Greninja|Water Shuriken|p1a: Hawlucha\n|-damage|p1a: Hawlucha|0 fnt\n|faint|p1a: Hawlucha\n|-activate|p2a: Greninja|ability: Battle Bond\n|detailschange|p2a: Greninja|Greninja-Ash, M\n|-hitcount|p1: Hawlucha|1\n|\n|upkeep\n|\n|t:|1652826946\n|switch|p1a: Fairy|Tapu Fini|100\/100\n|-fieldstart|move: Misty Terrain|[from] ability: Misty Surge|[of] p1a: Fairy\n|turn|8\n|\n|t:|1652826952\n|switch|p2a: Zapdos|Zapdos|100\/100\n|move|p1a: Fairy|Moonblast|p2a: Zapdos\n|-damage|p2a: Zapdos|70\/100\n|\n|upkeep\n|turn|9\n|j| fnaf studiopolis\n|\n|t:|1652826960\n|switch|p1a: ...|Landorus-Therian, M|84\/100\n|-ability|p1a: ...|Intimidate|boost\n|-unboost|p2a: Zapdos|atk|1\n|move|p2a: Zapdos|Roost|p2a: Zapdos\n|-heal|p2a: Zapdos|100\/100\n|-singleturn|p2a: Zapdos|move: Roost\n|\n|upkeep\n|turn|10\n|\n|t:|1652826969\n|move|p2a: Zapdos|Heat Wave|p1a: ...\n|-damage|p1a: ...|57\/100\n|move|p1a: ...|Stealth Rock|p2a: Zapdos\n|-sidestart|p2: Fastpitchkiller|move: Stealth Rock\n|\n|upkeep\n|turn|11\n|\n|t:|1652826975\n|move|p2a: Zapdos|Defog|p1a: ...\n|-unboost|p1a: ...|evasion|1\n|-sideend|p2: Fastpitchkiller|Stealth Rock|[from] move: Defog|[of] p2a: Zapdos\n|-fieldend|Misty Terrain\n|move|p1a: ...|U-turn|p2a: Zapdos\n|-resisted|p2a: Zapdos\n|-damage|p2a: Zapdos|93\/100\n|\n|t:|1652826981\n|switch|p1a: Diancie|Diancie|100\/100|[from]move: U-turn\n|\n|upkeep\n|turn|12\n|\n|t:|1652827005\n|switch|p2a: Kommo-o|Kommo-o, F|100\/100\n|detailschange|p1a: Diancie|Diancie-Mega\n|-mega|p1a: Diancie|Diancie|Diancite\n|move|p1a: Diancie|Diamond Storm|p2a: Kommo-o\n|-resisted|p2a: Kommo-o\n|-damage|p2a: Kommo-o|72\/100\n|-boost|p1a: Diancie|def|2\n|\n|upkeep\n|turn|13\n|\n|t:|1652827016\n|move|p1a: Diancie|Moonblast|p2a: Kommo-o\n|-supereffective|p2a: Kommo-o\n|-damage|p2a: Kommo-o|0 fnt\n|faint|p2a: Kommo-o\n|\n|upkeep\n|\n|t:|1652827022\n|switch|p2a: Johnny Bravo|Melmetal|100\/100\n|turn|14\n|\n|t:|1652827026\n|switch|p1a: ...|Landorus-Therian, M|57\/100\n|-ability|p1a: ...|Intimidate|boost\n|-unboost|p2a: Johnny Bravo|atk|1\n|move|p2a: Johnny Bravo|Double Iron Bash|p1a: ...\n|-crit|p1a: ...\n|-damage|p1a: ...|8\/100\n|-damage|p1a: ...|0 fnt\n|faint|p1a: ...\n|-hitcount|p1: ...|2\n|\n|upkeep\n|\n|t:|1652827053\n|switch|p1a: Destroyer|Volcarona, M|100\/100\n|turn|15\n|\n|t:|1652827061\n|switch|p2a: Tyranitar|Tyranitar, F|78\/100\n|-weather|Sandstorm|[from] ability: Sand Stream|[of] p2a: Tyranitar\n|move|p1a: Destroyer|Quiver Dance|p1a: Destroyer\n|-boost|p1a: Destroyer|spa|1\n|-boost|p1a: Destroyer|spd|1\n|-boost|p1a: Destroyer|spe|1\n|\n|-weather|Sandstorm|[upkeep]\n|-damage|p1a: Destroyer|94\/100|[from] Sandstorm\n|-heal|p2a: Tyranitar|85\/100|[from] item: Leftovers\n|upkeep\n|turn|16\n|\n|t:|1652827074\n|move|p1a: Destroyer|Giga Drain|p2a: Tyranitar\n|-supereffective|p2a: Tyranitar\n|-damage|p2a: Tyranitar|48\/100\n|-heal|p1a: Destroyer|100\/100|[from] drain|[of] p2a: Tyranitar\n|move|p2a: Tyranitar|Rock Blast|p1a: Destroyer\n|-supereffective|p1a: Destroyer\n|-damage|p1a: Destroyer|24\/100\n|-supereffective|p1a: Destroyer\n|-damage|p1a: Destroyer|0 fnt\n|faint|p1a: Destroyer\n|-hitcount|p1: Destroyer|2\n|\n|-weather|Sandstorm|[upkeep]\n|-heal|p2a: Tyranitar|54\/100|[from] item: Leftovers\n|upkeep\n|inactive|soldierblue8 has 120 seconds left.\n|\n|t:|1652827096\n|switch|p1a: Diancie|Diancie-Mega|100\/100\n|turn|17\n|inactive|soldierblue8 has 120 seconds left.\n|\n|t:|1652827102\n|move|p1a: Diancie|Moonblast|p2a: Tyranitar\n|-supereffective|p2a: Tyranitar\n|-crit|p2a: Tyranitar\n|-damage|p2a: Tyranitar|0 fnt\n|faint|p2a: Tyranitar\n|\n|-weather|Sandstorm|[upkeep]\n|upkeep\n|\n|t:|1652827109\n|switch|p2a: Johnny Bravo|Melmetal|100\/100\n|turn|18\n|inactive|soldierblue8 has 120 seconds left.\n|\n|t:|1652827151\n|move|p1a: Diancie|Earth Power|p2a: Johnny Bravo\n|-supereffective|p2a: Johnny Bravo\n|-damage|p2a: Johnny Bravo|34\/100\n|move|p2a: Johnny Bravo|Double Iron Bash|p1a: Diancie\n|-supereffective|p1a: Diancie\n|-damage|p1a: Diancie|0 fnt\n|faint|p1a: Diancie\n|-hitcount|p1: Diancie|1\n|\n|-weather|Sandstorm|[upkeep]\n|upkeep\n|inactive|soldierblue8 has 90 seconds left.\n|\n|t:|1652827169\n|switch|p1a: Tapu Koko|Tapu Koko|48\/100\n|-fieldstart|move: Electric Terrain|[from] ability: Electric Surge|[of] p1a: Tapu Koko\n|turn|19\n|inactive|soldierblue8 has 90 seconds left.\n|\n|t:|1652827176\n|move|p1a: Tapu Koko|Thunderbolt|p2a: Johnny Bravo\n|-damage|p2a: Johnny Bravo|0 fnt\n|faint|p2a: Johnny Bravo\n|\n|-weather|none\n|upkeep\n|\n|t:|1652827182\n|switch|p2a: Greninja|Greninja-Ash, M|100\/100\n|turn|20\n|\n|t:|1652827187\n|switch|p2a: Zapdos|Zapdos|93\/100\n|move|p1a: Tapu Koko|Thunderbolt|p2a: Zapdos\n|-damage|p2a: Zapdos|41\/100\n|\n|upkeep\n|turn|21\n|\n|t:|1652827196\n|move|p1a: Tapu Koko|Thunderbolt|p2a: Zapdos\n|-damage|p2a: Zapdos|0 fnt\n|faint|p2a: Zapdos\n|\n|upkeep\n|-message|Fastpitchkiller forfeited.\n|\n|win|soldierblue8\n|raw|soldierblue8's rating: 1626 &rarr; <strong>1652<\/strong><br \/>(+26 for winning)\n|raw|Fastpitchkiller's rating: 1730 &rarr; <strong>1704<\/strong><br \/>(-26 for losing)\n|l|\u2606Fastpitchkiller\n||Ladder isn't responding, score probably updated but might not have (Request timeout).\n","uploadtime":1652827216,"views":16,"p1id":"soldierblue8","p2id":"fastpitchkiller","formatid":"gen8nationaldex","rating":1652,"private":0,"password":null}