{"id":"gen8battlestadiumsingles-1053005412","p1":"2222mm","p2":"Rouko","format":"gen8battlestadiumsingles","log":"|j|\u26062222mm\n|j|\u2606Rouko\n|player|p1|2222mm|wallace|1204\n|player|p2|Rouko|266|1154\n|teamsize|p1|6\n|teamsize|p2|6\n|gametype|singles\n|gen|8\n|tier|[Gen 8] Battle Stadium Singles\n|rated|\n|clearpoke\n|poke|p1|Grimmsnarl, L50, M|\n|poke|p1|Glalie, L50, F|\n|poke|p1|Mimikyu, L50, M|\n|poke|p1|Togekiss, L50, M|\n|poke|p1|Excadrill, L50, M|\n|poke|p1|Dragapult, L50, F|\n|poke|p2|Duraludon, L50, F|\n|poke|p2|Mimikyu, L50, F|\n|poke|p2|Corviknight, L50, M|\n|poke|p2|Gyarados, L50, F|\n|poke|p2|Toxtricity, L50, F|\n|poke|p2|Cloyster, L50, M|\n|rule|Species Clause: Limit one of each Pok\u00e9mon\n|rule|Item Clause: Limit one of each item\n|teampreview|3\n|\n|start\n|switch|p1a: Dragapult|Dragapult, L50, F|48\/48\n|switch|p2a: Duraludon|Duraludon, L50, F|48\/48\n|turn|1\n|inactive|Battle timer is ON: inactive players will automatically lose when time's up. (requested by 2222mm)\n|\n|move|p1a: Dragapult|Dragon Darts|p2a: Duraludon\n|-damage|p2a: Duraludon|38\/48\n|-damage|p2a: Duraludon|28\/48\n|-hitcount|p2a: Duraludon|2\n|move|p2a: Duraludon|Light Screen|p2a: Duraludon\n|-sidestart|p2: Rouko|move: Light Screen\n|\n|upkeep\n|turn|2\n|\n|move|p1a: Dragapult|Dragon Darts|p2a: Duraludon\n|-damage|p2a: Duraludon|17\/48\n|-damage|p2a: Duraludon|7\/48\n|-hitcount|p2a: Duraludon|2\n|move|p2a: Duraludon|Reflect|p2a: Duraludon\n|-sidestart|p2: Rouko|Reflect\n|\n|upkeep\n|turn|3\n|\n|move|p1a: Dragapult|Dragon Darts|p2a: Duraludon\n|-damage|p2a: Duraludon|0 fnt\n|-hitcount|p2a: Duraludon|1\n|faint|p2a: Duraludon\n|\n|upkeep\n|\n|switch|p2a: Gyarados|Gyarados, L50, F|48\/48\n|turn|4\n|\n|-start|p1a: Dragapult|Dynamax\n|-heal|p1a: Dragapult|48\/48|[silent]\n|-start|p2a: Gyarados|Dynamax\n|-heal|p2a: Gyarados|48\/48|[silent]\n|move|p1a: Dragapult|Max Lightning|p2a: Gyarados\n|-supereffective|p2a: Gyarados\n|-damage|p2a: Gyarados|9\/48\n|-fieldstart|move: Electric Terrain\n|move|p2a: Gyarados|Max Airstream|p1a: Dragapult\n|-damage|p1a: Dragapult|22\/48\n|-boost|p2a: Gyarados|spe|1\n|\n|upkeep\n|turn|5\n|\n|move|p2a: Gyarados|Max Airstream|p1a: Dragapult\n|-damage|p1a: Dragapult|0 fnt\n|-boost|p2a: Gyarados|spe|1\n|faint|p1a: Dragapult\n|-ability|p2a: Gyarados|Moxie|boost\n|-boost|p2a: Gyarados|atk|1\n|\n|upkeep\n|\n|switch|p1a: Excadrill|Excadrill, L50, M|48\/48\n|-ability|p1a: Excadrill|Mold Breaker\n|turn|6\n|c|\u2606Rouko|!weakness excadrill\n|html|<div class=\"infobox\">Excadrill (ignoring abilities):<br \/><span class=\"message-effect-weak\">Weaknesses<\/span>: Fighting, Fire, Ground, Water<br \/><span class=\"message-effect-resist\">Resistances<\/span>: Bug, Dragon, Fairy, Flying, Normal, Psychic, <b>Rock<\/b>, Steel<br \/><span class=\"message-effect-immune\">Immunities<\/span>: Electric, Poison<\/div>\n|\n|move|p2a: Gyarados|Max Geyser|p1a: Excadrill\n|-supereffective|p1a: Excadrill\n|-enditem|p1a: Excadrill|Focus Sash\n|-damage|p1a: Excadrill|1\/48\n|-weather|RainDance\n|move|p1a: Excadrill|Rock Tomb|p2a: Gyarados\n|-supereffective|p2a: Gyarados\n|-damage|p2a: Gyarados|2\/48\n|-unboost|p2a: Gyarados|spe|1\n|\n|-weather|RainDance|[upkeep]\n|-end|p2a: Gyarados|Dynamax\n|-heal|p2a: Gyarados|2\/48|[silent]\n|upkeep\n|turn|7\n|\n|move|p2a: Gyarados|Waterfall|p1a: Excadrill\n|-supereffective|p1a: Excadrill\n|-damage|p1a: Excadrill|0 fnt\n|faint|p1a: Excadrill\n|-ability|p2a: Gyarados|Moxie|boost\n|-boost|p2a: Gyarados|atk|1\n|\n|-weather|RainDance|[upkeep]\n|upkeep\n|\n|switch|p1a: Glalie|Glalie, L50, F|48\/48\n|turn|8\n|\n|move|p1a: Glalie|Protect|p1a: Glalie\n|-singleturn|p1a: Glalie|Protect\n|move|p2a: Gyarados|Earthquake|p1a: Glalie\n|-activate|p1a: Glalie|move: Protect\n|\n|-weather|RainDance|[upkeep]\n|-sideend|p2: Rouko|move: Light Screen\n|-fieldend|move: Electric Terrain\n|-ability|p1a: Glalie|Moody|boost\n|-boost|p1a: Glalie|def|2\n|-unboost|p1a: Glalie|spe|1\n|upkeep\n|turn|9\n|\n|move|p2a: Gyarados|Earthquake|p1a: Glalie\n|-damage|p1a: Glalie|30\/48\n|move|p1a: Glalie|Freeze-Dry|p2a: Gyarados\n|-supereffective|p2a: Gyarados\n|-damage|p2a: Gyarados|0 fnt\n|faint|p2a: Gyarados\n|\n|-weather|RainDance|[upkeep]\n|-heal|p1a: Glalie|33\/48|[from] item: Leftovers\n|-sideend|p2: Rouko|Reflect\n|-ability|p1a: Glalie|Moody|boost\n|-boost|p1a: Glalie|spe|2\n|-unboost|p1a: Glalie|def|1\n|upkeep\n|\n|switch|p2a: Mimikyu|Mimikyu, L50, F|48\/48\n|turn|10\n|\n|move|p1a: Glalie|Substitute|p1a: Glalie\n|-start|p1a: Glalie|Substitute\n|-damage|p1a: Glalie|21\/48\n|move|p2a: Mimikyu|Swords Dance|p2a: Mimikyu\n|-boost|p2a: Mimikyu|atk|2\n|\n|-weather|none\n|-heal|p1a: Glalie|24\/48g|[from] item: Leftovers\n|-ability|p1a: Glalie|Moody|boost\n|-boost|p1a: Glalie|spe|2\n|-unboost|p1a: Glalie|spa|1\n|upkeep\n|turn|11\n|\n|move|p1a: Glalie|Protect|p1a: Glalie\n|-singleturn|p1a: Glalie|Protect\n|move|p2a: Mimikyu|Play Rough|p1a: Glalie\n|-activate|p1a: Glalie|move: Protect\n|\n|-heal|p1a: Glalie|27\/48|[from] item: Leftovers\n|-ability|p1a: Glalie|Moody|boost\n|-boost|p1a: Glalie|spd|2\n|-unboost|p1a: Glalie|spa|1\n|upkeep\n|turn|12\n|\n|move|p2a: Mimikyu|Shadow Sneak|p1a: Glalie\n|-end|p1a: Glalie|Substitute\n|-damage|p2a: Mimikyu|43\/48|[from] item: Life Orb\n|move|p1a: Glalie|Freeze-Dry|p2a: Mimikyu\n|-activate|p2a: Mimikyu|ability: Disguise\n|-damage|p2a: Mimikyu|43\/48\n|detailschange|p2a: Mimikyu|Mimikyu-Busted, L50, F\n|-damage|p2a: Mimikyu|37\/48|[from] ability: Disguise|[of] p2a: Mimikyu\n|\n|-heal|p1a: Glalie|30\/48|[from] item: Leftovers\n|-ability|p1a: Glalie|Moody|boost\n|-boost|p1a: Glalie|spe|2\n|-unboost|p1a: Glalie|def|1\n|upkeep\n|turn|13\n|inactive|2222mm has 120 seconds left.\n|\n|move|p1a: Glalie|Protect|p1a: Glalie\n|-singleturn|p1a: Glalie|Protect\n|move|p2a: Mimikyu|Swords Dance|p2a: Mimikyu\n|-boost|p2a: Mimikyu|atk|2\n|\n|-heal|p1a: Glalie|32\/48|[from] item: Leftovers\n|-ability|p1a: Glalie|Moody|boost\n|-boost|p1a: Glalie|spd|2\n|-unboost|p1a: Glalie|atk|1\n|upkeep\n|turn|14\n|inactive|2222mm has 120 seconds left.\n|\n|move|p2a: Mimikyu|Shadow Sneak|p1a: Glalie\n|-damage|p1a: Glalie|0 fnt\n|-damage|p2a: Mimikyu|32\/48|[from] item: Life Orb\n|faint|p1a: Glalie\n|\n|win|Rouko\n|raw|2222mm's rating: 1204 &rarr; <strong>1176<\/strong><br \/>(-28 for losing)\n|raw|Rouko's rating: 1154 &rarr; <strong>1182<\/strong><br \/>(+28 for winning)\n|l|\u26062222mm\n","uploadtime":1580054007,"views":46,"p1id":"2222mm","p2id":"rouko","formatid":"gen8battlestadiumsingles","rating":1176,"private":0,"password":null}