{"id":"gen8nationaldex-1594174230","p1":"Neil278","p2":"SirFresh","format":"gen8nationaldex","log":"|j|\u2606Neil278\n|j|\u2606SirFresh\n|t:|1654971199\n|gametype|singles\n|player|p1|Neil278|266|\n|player|p2|SirFresh|palmer|\n|teamsize|p1|6\n|teamsize|p2|6\n|gen|8\n|tier|[Gen 8] National Dex\n|rule|HP Percentage Mod: HP is shown in percentages\n|rule|Endless Battle Clause: Forcing endless battles is banned\n|rule|OHKO Clause: OHKO moves are banned\n|rule|Evasion Moves Clause: Evasion moves are banned\n|rule|Species Clause: Limit one of each Pok\u00e9mon\n|rule|Dynamax Clause: You cannot dynamax\n|rule|Sleep Clause Mod: Limit one foe put to sleep\n|clearpoke\n|poke|p1|Rotom-Wash|\n|poke|p1|Lopunny, F|\n|poke|p1|Gliscor, F|\n|poke|p1|Weavile, M|\n|poke|p1|Garchomp, M|\n|poke|p1|Staraptor, M|\n|poke|p2|Infernape, M|\n|poke|p2|Staraptor, M|\n|poke|p2|Gliscor, M|\n|poke|p2|Bronzong|\n|poke|p2|Manaphy|\n|poke|p2|Gallade, M|\n|teampreview\n|c|\u2606Neil278|GLHF!\n|\n|t:|1654971242\n|start\n|switch|p1a: Staraptor|Staraptor, M|100\/100\n|switch|p2a: Infernape|Infernape, M|100\/100\n|turn|1\n|\n|t:|1654971250\n|move|p1a: Staraptor|Brave Bird|p2a: Infernape\n|-supereffective|p2a: Infernape\n|-damage|p2a: Infernape|0 fnt\n|faint|p2a: Infernape\n|-damage|p1a: Staraptor|69\/100|[from] Recoil\n|\n|upkeep\n|\n|t:|1654971254\n|switch|p2a: Bronzong|Bronzong|100\/100\n|turn|2\n|\n|t:|1654971261\n|move|p1a: Staraptor|Brave Bird|p2a: Bronzong\n|-resisted|p2a: Bronzong\n|-damage|p2a: Bronzong|71\/100\n|-damage|p1a: Staraptor|59\/100|[from] Recoil\n|move|p2a: Bronzong|Stealth Rock|p1a: Staraptor\n|-sidestart|p1: Neil278|move: Stealth Rock\n|\n|upkeep\n|turn|3\n|\n|t:|1654971273\n|switch|p1a: Weavile|Weavile, M|100\/100\n|-damage|p1a: Weavile|76\/100|[from] Stealth Rock\n|-ability|p1a: Weavile|Pressure\n|move|p2a: Bronzong|Reflect|p2a: Bronzong\n|-sidestart|p2: SirFresh|Reflect\n|\n|upkeep\n|turn|4\n|\n|t:|1654971281\n|switch|p2a: Gallade|Gallade, M|100\/100\n|move|p1a: Weavile|Knock Off|p2a: Gallade\n|-damage|p2a: Gallade|68\/100\n|-ability|p2a: Gallade|Justified|boost\n|-boost|p2a: Gallade|atk|1\n|\n|upkeep\n|turn|5\n|\n|t:|1654971292\n|detailschange|p2a: Gallade|Gallade-Mega, M\n|-mega|p2a: Gallade|Gallade|Galladite\n|move|p2a: Gallade|Bulk Up|p2a: Gallade\n|-boost|p2a: Gallade|atk|1\n|-boost|p2a: Gallade|def|1\n|move|p1a: Weavile|Psycho Cut|p2a: Gallade\n|-damage|p2a: Gallade|56\/100\n|\n|upkeep\n|turn|6\n|\n|t:|1654971307\n|switch|p1a: Rotom|Rotom-Wash|100\/100\n|-damage|p1a: Rotom|88\/100|[from] Stealth Rock\n|move|p2a: Gallade|Bulk Up|p2a: Gallade\n|-boost|p2a: Gallade|atk|1\n|-boost|p2a: Gallade|def|1\n|\n|-heal|p1a: Rotom|94\/100|[from] item: Leftovers\n|upkeep\n|turn|7\n|\n|t:|1654971315\n|move|p2a: Gallade|Substitute|p2a: Gallade\n|-start|p2a: Gallade|Substitute\n|-damage|p2a: Gallade|31\/100\n|move|p1a: Rotom|Will-O-Wisp|p2a: Gallade|[miss]\n|-miss|p1a: Rotom|p2a: Gallade\n|\n|-heal|p1a: Rotom|100\/100|[from] item: Leftovers\n|upkeep\n|turn|8\n|\n|t:|1654971323\n|move|p2a: Gallade|Drain Punch|p1a: Rotom\n|-damage|p1a: Rotom|0 fnt\n|-heal|p2a: Gallade|86\/100|[from] drain|[of] p1a: Rotom\n|faint|p1a: Rotom\n|\n|upkeep\n|\n|t:|1654971334\n|switch|p1a: Lopunny|Lopunny, F|100\/100\n|-damage|p1a: Lopunny|88\/100|[from] Stealth Rock\n|turn|9\n|\n|t:|1654971339\n|detailschange|p1a: Lopunny|Lopunny-Mega, F\n|-mega|p1a: Lopunny|Lopunny|Lopunnite\n|move|p1a: Lopunny|Fake Out|p2a: Gallade\n|-activate|p2a: Gallade|move: Substitute|[damage]\n|move|p2a: Gallade|Drain Punch|p1a: Lopunny\n|-supereffective|p1a: Lopunny\n|-damage|p1a: Lopunny|0 fnt\n|-heal|p2a: Gallade|100\/100|[from] drain|[of] p1a: Lopunny\n|faint|p1a: Lopunny\n|\n|upkeep\n|\n|t:|1654971354\n|switch|p1a: Weavile|Weavile, M|76\/100\n|-damage|p1a: Weavile|51\/100|[from] Stealth Rock\n|-ability|p1a: Weavile|Pressure\n|turn|10\n|\n|t:|1654971359\n|move|p1a: Weavile|Ice Shard|p2a: Gallade\n|-activate|p2a: Gallade|move: Substitute|[damage]\n|move|p2a: Gallade|Drain Punch|p1a: Weavile\n|-supereffective|p1a: Weavile\n|-damage|p1a: Weavile|0 fnt\n|faint|p1a: Weavile\n|\n|-sideend|p2: SirFresh|Reflect\n|upkeep\n|c|\u2606Neil278|GG\n|\n|t:|1654971368\n|switch|p1a: Garchomp|Garchomp, M|100\/100\n|-damage|p1a: Garchomp|94\/100|[from] Stealth Rock\n|turn|11\n|\n|t:|1654971373\n|move|p1a: Garchomp|Shadow Claw|p2a: Gallade\n|-supereffective|p2a: Gallade\n|-crit|p2a: Gallade\n|-end|p2a: Gallade|Substitute\n|move|p2a: Gallade|Ice Punch|p1a: Garchomp\n|-supereffective|p1a: Garchomp\n|-damage|p1a: Garchomp|0 fnt\n|-damage|p2a: Gallade|88\/100|[from] ability: Rough Skin|[of] p1a: Garchomp\n|faint|p1a: Garchomp\n|\n|upkeep\n|\n|t:|1654971381\n|switch|p1a: Staraptor|Staraptor, M|59\/100\n|-damage|p1a: Staraptor|34\/100|[from] Stealth Rock\n|turn|12\n|\n|t:|1654971388\n|switch|p2a: Bronzong|Bronzong|71\/100\n|move|p1a: Staraptor|Brave Bird|p2a: Bronzong\n|-resisted|p2a: Bronzong\n|-damage|p2a: Bronzong|39\/100\n|-damage|p1a: Staraptor|22\/100|[from] Recoil\n|\n|upkeep\n|turn|13\n|\n|t:|1654971395\n|move|p1a: Staraptor|Brave Bird|p2a: Bronzong\n|-resisted|p2a: Bronzong\n|-damage|p2a: Bronzong|10\/100\n|-damage|p1a: Staraptor|12\/100|[from] Recoil\n|move|p2a: Bronzong|Reflect|p2a: Bronzong\n|-sidestart|p2: SirFresh|Reflect\n|\n|upkeep\n|turn|14\n|\n|t:|1654971403\n|move|p1a: Staraptor|Brave Bird|p2a: Bronzong\n|-resisted|p2a: Bronzong\n|-damage|p2a: Bronzong|0 fnt\n|faint|p2a: Bronzong\n|-damage|p1a: Staraptor|8\/100|[from] Recoil\n|\n|upkeep\n|\n|t:|1654971413\n|switch|p2a: Staraptor|Staraptor, M|100\/100\n|turn|15\n|\n|t:|1654971419\n|move|p2a: Staraptor|U-turn|p1a: Staraptor\n|-resisted|p1a: Staraptor\n|-damage|p1a: Staraptor|0 fnt\n|faint|p1a: Staraptor\n|\n|t:|1654971424\n|switch|p2a: Gallade|Gallade-Mega, M|88\/100|[from]move: U-turn\n|\n|upkeep\n|c|\u2606Neil278|Not that it mattered, but I still ended up losing the speed tie XD\n|\n|t:|1654971439\n|switch|p1a: Gliscor|Gliscor, F|100\/100\n|-damage|p1a: Gliscor|88\/100|[from] Stealth Rock\n|turn|16\n|\n|t:|1654971445\n|move|p2a: Gallade|Bulk Up|p2a: Gallade\n|-boost|p2a: Gallade|atk|1\n|-boost|p2a: Gallade|def|1\n|move|p1a: Gliscor|Earthquake|p2a: Gallade\n|-damage|p2a: Gallade|71\/100\n|\n|-status|p1a: Gliscor|tox|[from] item: Toxic Orb\n|upkeep\n|turn|17\n|\n|t:|1654971452\n|move|p2a: Gallade|Ice Punch|p1a: Gliscor\n|-supereffective|p1a: Gliscor\n|-damage|p1a: Gliscor|0 fnt\n|faint|p1a: Gliscor\n|\n|win|SirFresh\n","uploadtime":1654971459,"views":6,"p1id":"neil278","p2id":"sirfresh","formatid":"gen8nationaldex","rating":0,"private":0,"password":null}