{"id":"gen8ou-1676308894","p1":"Miss.mushroom","p2":"Foolish Shogun","format":"gen8ou","log":"|j|\u2606Miss.mushroom\n|j|\u2606Foolish Shogun\n|t:|1664776382\n|gametype|singles\n|player|p1|Miss.mushroom|serena-masters|1633\n|player|p2|Foolish Shogun|ghetsis-gen5bw|1765\n|teamsize|p1|6\n|teamsize|p2|6\n|gen|8\n|tier|[Gen 8] OU\n|rated|\n|rule|Sleep Clause Mod: Limit one foe put to sleep\n|rule|Species Clause: Limit one of each Pok\u00e9mon\n|rule|OHKO Clause: OHKO moves are banned\n|rule|Evasion Items Clause: Evasion items are banned\n|rule|Evasion Moves Clause: Evasion moves are banned\n|rule|Endless Battle Clause: Forcing endless battles is banned\n|rule|HP Percentage Mod: HP is shown in percentages\n|rule|Dynamax Clause: You cannot dynamax\n|clearpoke\n|poke|p1|Rillaboom, F|\n|poke|p1|Tornadus-Therian, M|\n|poke|p1|Blaziken, M|\n|poke|p1|Melmetal|\n|poke|p1|Garchomp, F|\n|poke|p1|Slowbro, F|\n|poke|p2|Tapu Lele|\n|poke|p2|Araquanid, M|\n|poke|p2|Landorus-Therian, M|\n|poke|p2|Zapdos|\n|poke|p2|Kartana|\n|poke|p2|Nidoking, M|\n|teampreview\n|j| Rovecraetove\n|\n|t:|1664776415\n|start\n|switch|p1a: Garchomp|Garchomp, F|100\/100\n|switch|p2a: Zapdos|Zapdos|100\/100\n|turn|1\n|\n|t:|1664776430\n|move|p1a: Garchomp|Stealth Rock|p2a: Zapdos\n|-sidestart|p2: Foolish Shogun|move: Stealth Rock\n|move|p2a: Zapdos|U-turn|p1a: Garchomp\n|-damage|p1a: Garchomp|89\/100\n|-damage|p2a: Zapdos|88\/100|[from] ability: Rough Skin|[of] p1a: Garchomp\n|\n|t:|1664776439\n|switch|p2a: Araquanid|Araquanid, M|100\/100|[from]move: U-turn\n|-damage|p2a: Araquanid|76\/100|[from] Stealth Rock\n|\n|-heal|p1a: Garchomp|95\/100|[from] item: Leftovers\n|upkeep\n|turn|2\n|\n|t:|1664776451\n|move|p1a: Garchomp|Toxic|p2a: Araquanid|[miss]\n|-miss|p1a: Garchomp|p2a: Araquanid\n|move|p2a: Araquanid|Liquidation|p1a: Garchomp\n|-damage|p1a: Garchomp|17\/100\n|-damage|p2a: Araquanid|63\/100|[from] ability: Rough Skin|[of] p1a: Garchomp\n|\n|-heal|p1a: Garchomp|23\/100|[from] item: Leftovers\n|upkeep\n|turn|3\n|\n|t:|1664776463\n|move|p1a: Garchomp|Protect|p1a: Garchomp\n|-singleturn|p1a: Garchomp|Protect\n|move|p2a: Araquanid|Liquidation|p1a: Garchomp\n|-activate|p1a: Garchomp|move: Protect\n|\n|-heal|p1a: Garchomp|29\/100|[from] item: Leftovers\n|upkeep\n|turn|4\n|\n|t:|1664776471\n|switch|p1a: Slowbro|Slowbro, F|100\/100\n|move|p2a: Araquanid|Liquidation|p1a: Slowbro\n|-resisted|p1a: Slowbro\n|-damage|p1a: Slowbro|72\/100\n|-damage|p2a: Araquanid|47\/100|[from] item: Rocky Helmet|[of] p1a: Slowbro\n|\n|upkeep\n|turn|5\n|l| Rovecraetove\n|\n|t:|1664776484\n|switch|p1a: Tornadus|Tornadus-Therian, M|100\/100\n|move|p2a: Araquanid|Liquidation|p1a: Tornadus\n|-damage|p1a: Tornadus|0 fnt\n|faint|p1a: Tornadus\n|\n|upkeep\n|\n|t:|1664776496\n|switch|p1a: Slowbro|Slowbro, F|100\/100\n|turn|6\n|\n|t:|1664776500\n|move|p2a: Araquanid|Liquidation|p1a: Slowbro\n|-resisted|p1a: Slowbro\n|-damage|p1a: Slowbro|71\/100\n|-damage|p2a: Araquanid|30\/100|[from] item: Rocky Helmet|[of] p1a: Slowbro\n|move|p1a: Slowbro|Future Sight|p2a: Araquanid\n|-start|p1a: Slowbro|move: Future Sight\n|\n|upkeep\n|turn|7\n|\n|t:|1664776516\n|move|p2a: Araquanid|Liquidation|p1a: Slowbro\n|-resisted|p1a: Slowbro\n|-damage|p1a: Slowbro|42\/100\n|-damage|p2a: Araquanid|14\/100|[from] item: Rocky Helmet|[of] p1a: Slowbro\n|move|p1a: Slowbro|Teleport|p1a: Slowbro\n|\n|t:|1664776519\n|switch|p1a: Garchomp|Garchomp, F|29\/100|[from]move: Teleport\n|\n|-heal|p1a: Garchomp|35\/100|[from] item: Leftovers\n|upkeep\n|turn|8\n|\n|t:|1664776522\n|move|p1a: Garchomp|Earthquake|p2a: Araquanid\n|-resisted|p2a: Araquanid\n|-damage|p2a: Araquanid|0 fnt\n|faint|p2a: Araquanid\n|\n|-hint|Future Sight did not hit because the target is fainted.\n|-heal|p1a: Garchomp|41\/100|[from] item: Leftovers\n|upkeep\n|\n|t:|1664776528\n|switch|p2a: Kartana|Kartana|100\/100\n|-damage|p2a: Kartana|94\/100|[from] Stealth Rock\n|turn|9\n|\n|t:|1664776543\n|switch|p1a: Melmetal|Melmetal|100\/100\n|move|p2a: Kartana|Leaf Blade|p1a: Melmetal\n|-resisted|p1a: Melmetal\n|-damage|p1a: Melmetal|82\/100\n|\n|-heal|p1a: Melmetal|88\/100|[from] item: Leftovers\n|upkeep\n|turn|10\n|\n|t:|1664776548\n|switch|p2a: Zapdos|Zapdos|88\/100\n|move|p1a: Melmetal|Double Iron Bash|p2a: Zapdos\n|-resisted|p2a: Zapdos\n|-damage|p2a: Zapdos|72\/100\n|-resisted|p2a: Zapdos\n|-damage|p2a: Zapdos|57\/100\n|-hitcount|p2a: Zapdos|2\n|\n|-heal|p1a: Melmetal|94\/100|[from] item: Leftovers\n|upkeep\n|turn|11\n|\n|t:|1664776554\n|switch|p1a: Rillaboom|Rillaboom, F|100\/100\n|-fieldstart|move: Grassy Terrain|[from] ability: Grassy Surge|[of] p1a: Rillaboom\n|move|p2a: Zapdos|Defog|p1a: Rillaboom\n|-unboost|p1a: Rillaboom|evasion|1\n|-sideend|p2: Foolish Shogun|Stealth Rock|[from] move: Defog|[of] p2a: Zapdos\n|-fieldend|move: Grassy Terrain\n|\n|upkeep\n|turn|12\n|\n|t:|1664776565\n|move|p2a: Zapdos|Roost|p2a: Zapdos\n|-heal|p2a: Zapdos|100\/100\n|-singleturn|p2a: Zapdos|move: Roost\n|move|p1a: Rillaboom|Knock Off|p2a: Zapdos\n|-damage|p2a: Zapdos|74\/100\n|-enditem|p2a: Zapdos|Heavy-Duty Boots|[from] move: Knock Off|[of] p1a: Rillaboom\n|\n|upkeep\n|turn|13\n|\n|t:|1664776580\n|switch|p1a: Garchomp|Garchomp, F|41\/100\n|move|p2a: Zapdos|Roost|p2a: Zapdos\n|-heal|p2a: Zapdos|100\/100\n|-singleturn|p2a: Zapdos|move: Roost\n|\n|-heal|p1a: Garchomp|48\/100|[from] item: Leftovers\n|upkeep\n|turn|14\n|\n|t:|1664776587\n|switch|p2a: Tapu Lele|Tapu Lele|100\/100\n|-fieldstart|move: Psychic Terrain|[from] ability: Psychic Surge|[of] p2a: Tapu Lele\n|move|p1a: Garchomp|Stealth Rock|p2a: Tapu Lele\n|-sidestart|p2: Foolish Shogun|move: Stealth Rock\n|\n|-heal|p1a: Garchomp|54\/100|[from] item: Leftovers\n|upkeep\n|turn|15\n|\n|t:|1664776591\n|move|p1a: Garchomp|Protect|p1a: Garchomp\n|-singleturn|p1a: Garchomp|Protect\n|move|p2a: Tapu Lele|Moonblast|p1a: Garchomp\n|-activate|p1a: Garchomp|move: Protect\n|\n|-heal|p1a: Garchomp|60\/100|[from] item: Leftovers\n|upkeep\n|turn|16\n|\n|t:|1664776596\n|switch|p1a: Melmetal|Melmetal|94\/100\n|move|p2a: Tapu Lele|Moonblast|p1a: Melmetal\n|-resisted|p1a: Melmetal\n|-damage|p1a: Melmetal|62\/100\n|\n|-heal|p1a: Melmetal|68\/100|[from] item: Leftovers\n|upkeep\n|turn|17\n|\n|t:|1664776613\n|switch|p2a: Zapdos|Zapdos|100\/100\n|-damage|p2a: Zapdos|75\/100|[from] Stealth Rock\n|switch|p1a: Garchomp|Garchomp, F|60\/100\n|\n|-heal|p1a: Garchomp|66\/100|[from] item: Leftovers\n|upkeep\n|turn|18\n|j| wdz999\n|\n|t:|1664776619\n|move|p1a: Garchomp|Toxic|p2a: Zapdos\n|-status|p2a: Zapdos|tox\n|move|p2a: Zapdos|Defog|p1a: Garchomp\n|-unboost|p1a: Garchomp|evasion|1\n|-sideend|p2: Foolish Shogun|Stealth Rock|[from] move: Defog|[of] p2a: Zapdos\n|-fieldend|move: Psychic Terrain\n|\n|-heal|p1a: Garchomp|72\/100|[from] item: Leftovers\n|-damage|p2a: Zapdos|69\/100 tox|[from] psn\n|upkeep\n|turn|19\n|\n|t:|1664776623\n|switch|p2a: Tapu Lele|Tapu Lele|100\/100\n|-fieldstart|move: Psychic Terrain|[from] ability: Psychic Surge|[of] p2a: Tapu Lele\n|move|p1a: Garchomp|Stealth Rock|p2a: Tapu Lele\n|-sidestart|p2: Foolish Shogun|move: Stealth Rock\n|\n|-heal|p1a: Garchomp|79\/100|[from] item: Leftovers\n|upkeep\n|turn|20\n|\n|t:|1664776627\n|move|p1a: Garchomp|Protect|p1a: Garchomp\n|-singleturn|p1a: Garchomp|Protect\n|move|p2a: Tapu Lele|Moonblast|p1a: Garchomp\n|-activate|p1a: Garchomp|move: Protect\n|\n|-heal|p1a: Garchomp|85\/100|[from] item: Leftovers\n|upkeep\n|turn|21\n|\n|t:|1664776641\n|switch|p1a: Melmetal|Melmetal|68\/100\n|move|p2a: Tapu Lele|Moonblast|p1a: Melmetal\n|-resisted|p1a: Melmetal\n|-damage|p1a: Melmetal|36\/100\n|-unboost|p1a: Melmetal|spa|1\n|\n|-heal|p1a: Melmetal|42\/100|[from] item: Leftovers\n|upkeep\n|turn|22\n|\n|t:|1664776660\n|switch|p2a: Kartana|Kartana|94\/100\n|-damage|p2a: Kartana|88\/100|[from] Stealth Rock\n|move|p1a: Melmetal|Double Iron Bash|p2a: Kartana\n|-resisted|p2a: Kartana\n|-damage|p2a: Kartana|65\/100\n|-resisted|p2a: Kartana\n|-damage|p2a: Kartana|41\/100\n|-hitcount|p2a: Kartana|2\n|\n|-heal|p1a: Melmetal|48\/100|[from] item: Leftovers\n|upkeep\n|turn|23\n|\n|t:|1664776667\n|move|p1a: Melmetal|Protect|p1a: Melmetal\n|-singleturn|p1a: Melmetal|Protect\n|move|p2a: Kartana|Knock Off|p1a: Melmetal\n|-activate|p1a: Melmetal|move: Protect\n|\n|-heal|p1a: Melmetal|54\/100|[from] item: Leftovers\n|-fieldend|move: Psychic Terrain\n|upkeep\n|turn|24\n|\n|t:|1664776673\n|move|p2a: Kartana|Knock Off|p1a: Melmetal\n|-damage|p1a: Melmetal|29\/100\n|-enditem|p1a: Melmetal|Leftovers|[from] move: Knock Off|[of] p2a: Kartana\n|move|p1a: Melmetal|Double Iron Bash|p2a: Kartana\n|-resisted|p2a: Kartana\n|-damage|p2a: Kartana|19\/100\n|-resisted|p2a: Kartana\n|-damage|p2a: Kartana|0 fnt\n|faint|p2a: Kartana\n|-hitcount|p2: Kartana|2\n|\n|upkeep\n|\n|t:|1664776677\n|switch|p2a: Zapdos|Zapdos|69\/100 tox\n|-damage|p2a: Zapdos|44\/100 tox|[from] Stealth Rock\n|turn|25\n|\n|t:|1664776693\n|switch|p1a: Garchomp|Garchomp, F|85\/100\n|move|p2a: Zapdos|Roost|p2a: Zapdos\n|-heal|p2a: Zapdos|94\/100 tox\n|-singleturn|p2a: Zapdos|move: Roost\n|\n|-heal|p1a: Garchomp|91\/100|[from] item: Leftovers\n|-damage|p2a: Zapdos|88\/100 tox|[from] psn\n|upkeep\n|turn|26\n|\n|t:|1664776703\n|move|p1a: Garchomp|Earthquake|p2a: Zapdos\n|-immune|p2a: Zapdos\n|move|p2a: Zapdos|U-turn|p1a: Garchomp\n|-damage|p1a: Garchomp|79\/100\n|-damage|p2a: Zapdos|75\/100 tox|[from] ability: Rough Skin|[of] p1a: Garchomp\n|\n|t:|1664776706\n|switch|p2a: Tapu Lele|Tapu Lele|100\/100|[from]move: U-turn\n|-damage|p2a: Tapu Lele|88\/100|[from] Stealth Rock\n|-fieldstart|move: Psychic Terrain|[from] ability: Psychic Surge|[of] p2a: Tapu Lele\n|\n|-heal|p1a: Garchomp|85\/100|[from] item: Leftovers\n|upkeep\n|turn|27\n|\n|t:|1664776709\n|move|p1a: Garchomp|Protect|p1a: Garchomp\n|-singleturn|p1a: Garchomp|Protect\n|move|p2a: Tapu Lele|Moonblast|p1a: Garchomp\n|-activate|p1a: Garchomp|move: Protect\n|\n|-heal|p1a: Garchomp|92\/100|[from] item: Leftovers\n|upkeep\n|turn|28\n|\n|t:|1664776718\n|switch|p1a: Rillaboom|Rillaboom, F|100\/100\n|-fieldstart|move: Grassy Terrain|[from] ability: Grassy Surge|[of] p1a: Rillaboom\n|move|p2a: Tapu Lele|Moonblast|p1a: Rillaboom\n|-damage|p1a: Rillaboom|17\/100\n|\n|-heal|p2a: Tapu Lele|94\/100|[from] Grassy Terrain\n|-heal|p1a: Rillaboom|23\/100|[from] Grassy Terrain\n|-heal|p1a: Rillaboom|30\/100|[from] item: Leftovers\n|upkeep\n|turn|29\n|\n|t:|1664776725\n|switch|p2a: Zapdos|Zapdos|75\/100 tox\n|-damage|p2a: Zapdos|50\/100 tox|[from] Stealth Rock\n|move|p1a: Rillaboom|Grassy Glide|p2a: Zapdos\n|-resisted|p2a: Zapdos\n|-damage|p2a: Zapdos|31\/100 tox\n|-status|p1a: Rillaboom|par|[from] ability: Static|[of] p2a: Zapdos\n|\n|-heal|p1a: Rillaboom|36\/100 par|[from] Grassy Terrain\n|-heal|p1a: Rillaboom|42\/100 par|[from] item: Leftovers\n|-damage|p2a: Zapdos|24\/100 tox|[from] psn\n|upkeep\n|turn|30\n|\n|t:|1664776736\n|move|p1a: Rillaboom|Grassy Glide|p2a: Zapdos\n|-resisted|p2a: Zapdos\n|-damage|p2a: Zapdos|5\/100 tox\n|move|p2a: Zapdos|Roost|p2a: Zapdos\n|-heal|p2a: Zapdos|55\/100 tox\n|-singleturn|p2a: Zapdos|move: Roost\n|\n|-heal|p2a: Zapdos|62\/100 tox|[from] Grassy Terrain\n|-heal|p1a: Rillaboom|48\/100 par|[from] Grassy Terrain\n|-heal|p1a: Rillaboom|55\/100 par|[from] item: Leftovers\n|-damage|p2a: Zapdos|49\/100 tox|[from] psn\n|upkeep\n|turn|31\n|\n|t:|1664776742\n|move|p2a: Zapdos|Roost|p2a: Zapdos\n|-heal|p2a: Zapdos|99\/100 tox\n|-singleturn|p2a: Zapdos|move: Roost\n|move|p1a: Rillaboom|Swords Dance|p1a: Rillaboom\n|-boost|p1a: Rillaboom|atk|2\n|\n|-heal|p2a: Zapdos|100\/100 tox|[from] Grassy Terrain\n|-heal|p1a: Rillaboom|61\/100 par|[from] Grassy Terrain\n|-heal|p1a: Rillaboom|67\/100 par|[from] item: Leftovers\n|-damage|p2a: Zapdos|82\/100 tox|[from] psn\n|upkeep\n|turn|32\n|\n|t:|1664776750\n|move|p2a: Zapdos|U-turn|p1a: Rillaboom\n|-supereffective|p1a: Rillaboom\n|-crit|p1a: Rillaboom\n|-damage|p1a: Rillaboom|31\/100 par\n|\n|t:|1664776758\n|switch|p2a: Nidoking|Nidoking, M|100\/100|[from]move: U-turn\n|-damage|p2a: Nidoking|95\/100|[from] Stealth Rock\n|move|p1a: Rillaboom|Knock Off|p2a: Nidoking\n|-damage|p2a: Nidoking|0 fnt\n|-enditem|p2a: Nidoking|Life Orb|[from] move: Knock Off|[of] p1a: Rillaboom\n|faint|p2a: Nidoking\n|\n|-heal|p1a: Rillaboom|37\/100 par|[from] Grassy Terrain\n|-heal|p1a: Rillaboom|43\/100 par|[from] item: Leftovers\n|-fieldend|move: Grassy Terrain\n|upkeep\n|\n|t:|1664776761\n|switch|p2a: Tapu Lele|Tapu Lele|94\/100\n|-damage|p2a: Tapu Lele|82\/100|[from] Stealth Rock\n|-fieldstart|move: Psychic Terrain|[from] ability: Psychic Surge|[of] p2a: Tapu Lele\n|turn|33\n|j| now you lose\n|l| now you lose\n|\n|t:|1664776816\n|switch|p1a: Melmetal|Melmetal|29\/100\n|move|p2a: Tapu Lele|Moonblast|p1a: Melmetal\n|-resisted|p1a: Melmetal\n|-damage|p1a: Melmetal|0 fnt\n|faint|p1a: Melmetal\n|\n|upkeep\n|\n|t:|1664776843\n|switch|p1a: Rillaboom|Rillaboom, F|43\/100 par\n|-fieldstart|move: Grassy Terrain|[from] ability: Grassy Surge|[of] p1a: Rillaboom\n|turn|34\n|\n|t:|1664776852\n|switch|p1a: Blaziken|Blaziken, M|100\/100\n|move|p2a: Tapu Lele|Moonblast|p1a: Blaziken\n|-damage|p1a: Blaziken|5\/100\n|\n|-heal|p2a: Tapu Lele|88\/100|[from] Grassy Terrain\n|-heal|p1a: Blaziken|11\/100|[from] Grassy Terrain\n|-heal|p1a: Blaziken|17\/100|[from] item: Leftovers\n|upkeep\n|turn|35\n|\n|t:|1664776862\n|move|p1a: Blaziken|Protect|p1a: Blaziken\n|-singleturn|p1a: Blaziken|Protect\n|move|p2a: Tapu Lele|Moonblast|p1a: Blaziken\n|-activate|p1a: Blaziken|move: Protect\n|\n|-heal|p2a: Tapu Lele|94\/100|[from] Grassy Terrain\n|-heal|p1a: Blaziken|24\/100|[from] Grassy Terrain\n|-heal|p1a: Blaziken|30\/100|[from] item: Leftovers\n|-ability|p1a: Blaziken|Speed Boost|boost\n|-boost|p1a: Blaziken|spe|1\n|upkeep\n|turn|36\n|\n|t:|1664776867\n|switch|p2a: Zapdos|Zapdos|82\/100 tox\n|-damage|p2a: Zapdos|57\/100 tox|[from] Stealth Rock\n|move|p1a: Blaziken|Flare Blitz|p2a: Zapdos\n|-damage|p2a: Zapdos|14\/100 tox\n|-damage|p1a: Blaziken|14\/100|[from] Recoil\n|\n|-heal|p1a: Blaziken|20\/100|[from] Grassy Terrain\n|-heal|p1a: Blaziken|26\/100|[from] item: Leftovers\n|-damage|p2a: Zapdos|8\/100 tox|[from] psn\n|-ability|p1a: Blaziken|Speed Boost|boost\n|-boost|p1a: Blaziken|spe|1\n|upkeep\n|turn|37\n|\n|t:|1664776879\n|move|p1a: Blaziken|Protect|p1a: Blaziken\n|-singleturn|p1a: Blaziken|Protect\n|move|p2a: Zapdos|Defog|p1a: Blaziken\n|-activate|p1a: Blaziken|move: Protect\n|\n|-heal|p1a: Blaziken|33\/100|[from] Grassy Terrain\n|-heal|p1a: Blaziken|39\/100|[from] item: Leftovers\n|-damage|p2a: Zapdos|0 fnt|[from] psn\n|faint|p2a: Zapdos\n|-ability|p1a: Blaziken|Speed Boost|boost\n|-boost|p1a: Blaziken|spe|1\n|upkeep\n|\n|t:|1664776881\n|switch|p2a: Landorus|Landorus-Therian, M|100\/100\n|-damage|p2a: Landorus|88\/100|[from] Stealth Rock\n|-ability|p2a: Landorus|Intimidate|boost\n|-unboost|p1a: Blaziken|atk|1\n|turn|38\n|\n|t:|1664776891\n|switch|p1a: Slowbro|Slowbro, F|75\/100\n|move|p2a: Landorus|Earthquake|p1a: Slowbro\n|-damage|p1a: Slowbro|62\/100\n|\n|-heal|p2a: Landorus|94\/100|[from] item: Leftovers\n|-heal|p1a: Slowbro|68\/100|[from] Grassy Terrain\n|-fieldend|move: Grassy Terrain\n|upkeep\n|turn|39\n|\n|t:|1664776900\n|move|p2a: Landorus|U-turn|p1a: Slowbro\n|-supereffective|p1a: Slowbro\n|-damage|p1a: Slowbro|43\/100\n|-damage|p2a: Landorus|78\/100|[from] item: Rocky Helmet|[of] p1a: Slowbro\n|\n|t:|1664776903\n|switch|p2a: Tapu Lele|Tapu Lele|94\/100|[from]move: U-turn\n|-damage|p2a: Tapu Lele|81\/100|[from] Stealth Rock\n|-fieldstart|move: Psychic Terrain|[from] ability: Psychic Surge|[of] p2a: Tapu Lele\n|move|p1a: Slowbro|Future Sight|p2a: Tapu Lele\n|-start|p1a: Slowbro|move: Future Sight\n|\n|upkeep\n|turn|40\n|\n|t:|1664776916\n|move|p2a: Tapu Lele|Moonblast|p1a: Slowbro\n|-damage|p1a: Slowbro|0 fnt\n|faint|p1a: Slowbro\n|\n|upkeep\n|\n|t:|1664776919\n|switch|p1a: Rillaboom|Rillaboom, F|43\/100 par\n|-fieldstart|move: Grassy Terrain|[from] ability: Grassy Surge|[of] p1a: Rillaboom\n|turn|41\n|\n|t:|1664776923\n|switch|p2a: Landorus|Landorus-Therian, M|78\/100\n|-damage|p2a: Landorus|65\/100|[from] Stealth Rock\n|-ability|p2a: Landorus|Intimidate|boost\n|-unboost|p1a: Rillaboom|atk|1\n|move|p1a: Rillaboom|Grassy Glide|p2a: Landorus\n|-damage|p2a: Landorus|31\/100\n|\n|-end|p2a: Landorus|move: Future Sight\n|-damage|p2a: Landorus|0 fnt\n|faint|p2a: Landorus\n|-heal|p1a: Rillaboom|49\/100 par|[from] Grassy Terrain\n|-heal|p1a: Rillaboom|56\/100 par|[from] item: Leftovers\n|upkeep\n|\n|t:|1664776925\n|switch|p2a: Tapu Lele|Tapu Lele|81\/100\n|-damage|p2a: Tapu Lele|69\/100|[from] Stealth Rock\n|-fieldstart|move: Psychic Terrain|[from] ability: Psychic Surge|[of] p2a: Tapu Lele\n|turn|42\n|\n|t:|1664776940\n|switch|p1a: Garchomp|Garchomp, F|92\/100\n|move|p2a: Tapu Lele|Moonblast|p1a: Garchomp\n|-supereffective|p1a: Garchomp\n|-damage|p1a: Garchomp|0 fnt\n|faint|p1a: Garchomp\n|\n|upkeep\n|\n|t:|1664776951\n|switch|p1a: Blaziken|Blaziken, M|39\/100\n|turn|43\n|\n|t:|1664776953\n|move|p1a: Blaziken|Protect|p1a: Blaziken\n|-singleturn|p1a: Blaziken|Protect\n|move|p2a: Tapu Lele|Moonblast|p1a: Blaziken\n|-activate|p1a: Blaziken|move: Protect\n|\n|-heal|p1a: Blaziken|45\/100|[from] item: Leftovers\n|-ability|p1a: Blaziken|Speed Boost|boost\n|-boost|p1a: Blaziken|spe|1\n|upkeep\n|turn|44\n|\n|t:|1664776955\n|move|p1a: Blaziken|Flare Blitz|p2a: Tapu Lele\n|-damage|p2a: Tapu Lele|0 fnt\n|faint|p2a: Tapu Lele\n|-damage|p1a: Blaziken|26\/100|[from] Recoil\n|\n|win|Miss.mushroom\n|raw|Miss.mushroom's rating: 1633 &rarr; <strong>1660<\/strong><br \/>(+27 for winning)\n|raw|Foolish Shogun's rating: 1765 &rarr; <strong>1738<\/strong><br \/>(-27 for losing)\n|l|\u2606Foolish Shogun\n","uploadtime":1664776962,"views":20,"p1id":"missmushroom","p2id":"foolishshogun","formatid":"gen8ou","rating":1660,"private":0,"password":null}