{"id":"gen8nationaldexag-1677347281","p1":"HielOwStarR","p2":"Elon Musk Rusk","format":"gen8nationaldexag","log":"|j|\u2606HielOwStarR\n|j|\u2606Elon Musk Rusk\n|t:|1664891211\n|gametype|singles\n|player|p1|HielOwStarR|266|\n|player|p2|Elon Musk Rusk|169|\n|teamsize|p1|6\n|teamsize|p2|6\n|gen|8\n|tier|[Gen 8] National Dex AG\n|rule|HP Percentage Mod: HP is shown in percentages\n|rule|Endless Battle Clause: Forcing endless battles is banned\n|clearpoke\n|poke|p1|Slowbro, F|\n|poke|p1|Porygon2|\n|poke|p1|Runerigus, F|\n|poke|p1|Thundurus-Therian, M|\n|poke|p1|Mawile, M|\n|poke|p1|Dragalge, F|\n|poke|p2|Metagross|\n|poke|p2|Hydreigon, F|\n|poke|p2|Tapu Fini|\n|poke|p2|Porygon2|\n|poke|p2|Piloswine, M|\n|poke|p2|Shaymin|\n|teampreview\n|\n|t:|1664891234\n|start\n|switch|p1a: Slowbro|Slowbro, F|100\/100\n|switch|p2a: Metagross|Metagross|100\/100\n|turn|1\n|\n|t:|1664891290\n|detailschange|p2a: Metagross|Metagross-Mega\n|-mega|p2a: Metagross|Metagross|Metagrossite\n|move|p2a: Metagross|Toxic|p1a: Slowbro\n|-status|p1a: Slowbro|tox\n|move|p1a: Slowbro|Scald|p2a: Metagross\n|-damage|p2a: Metagross|72\/100\n|\n|-damage|p1a: Slowbro|94\/100 tox|[from] psn\n|upkeep\n|turn|2\n|j| Phantom_rook\n|\n|t:|1664891298\n|switch|p2a: Hydreigon|Hydreigon, F|100\/100\n|move|p1a: Slowbro|Teleport|p1a: Slowbro\n|\n|t:|1664891311\n|switch|p1a: Thundurus|Thundurus-Therian, M|100\/100|[from]move: Teleport\n|\n|upkeep\n|turn|3\n|\n|t:|1664891320\n|move|p1a: Thundurus|U-turn|p2a: Hydreigon\n|-supereffective|p2a: Hydreigon\n|-damage|p2a: Hydreigon|67\/100\n|\n|t:|1664891323\n|switch|p1a: Porygon2|Porygon2|100\/100|[from]move: U-turn\n|-ability|p1a: Porygon2|Levitate|[from] ability: Trace|[of] p2a: Hydreigon\n|move|p2a: Hydreigon|Draco Meteor|p1a: Porygon2\n|-damage|p1a: Porygon2|69\/100\n|-unboost|p2a: Hydreigon|spa|2\n|\n|-heal|p2a: Hydreigon|74\/100|[from] item: Leftovers\n|upkeep\n|turn|4\n|\n|t:|1664891334\n|switch|p2a: Metagross|Metagross-Mega|72\/100\n|move|p1a: Porygon2|Trick Room|p1a: Porygon2\n|-fieldstart|move: Trick Room|[of] p1a: Porygon2\n|\n|upkeep\n|turn|5\n|\n|t:|1664891342\n|switch|p1a: Slowbro|Slowbro, F|100\/100 tox\n|move|p2a: Metagross|Earthquake|p1a: Slowbro\n|-damage|p1a: Slowbro|80\/100 tox\n|\n|-damage|p1a: Slowbro|74\/100 tox|[from] psn\n|upkeep\n|turn|6\n|\n|t:|1664891353\n|move|p1a: Slowbro|Scald|p2a: Metagross\n|-damage|p2a: Metagross|43\/100\n|move|p2a: Metagross|Earthquake|p1a: Slowbro\n|-damage|p1a: Slowbro|53\/100 tox\n|\n|-damage|p1a: Slowbro|41\/100 tox|[from] psn\n|upkeep\n|turn|7\n|\n|t:|1664891366\n|switch|p2a: Shaymin|Shaymin|100\/100\n|move|p1a: Slowbro|Teleport|p1a: Slowbro\n|\n|t:|1664891370\n|switch|p1a: Dragalge|Dragalge, F|100\/100|[from]move: Teleport\n|\n|upkeep\n|turn|8\n|\n|t:|1664891380\n|switch|p2a: Tapu Fini|Tapu Fini|100\/100\n|-fieldstart|move: Misty Terrain|[from] ability: Misty Surge|[of] p2a: Tapu Fini\n|move|p1a: Dragalge|Toxic Spikes|p2a: Tapu Fini\n|-sidestart|p2: Elon Musk Rusk|move: Toxic Spikes\n|\n|-fieldend|move: Trick Room\n|upkeep\n|turn|9\n|\n|t:|1664891394\n|switch|p2a: Metagross|Metagross-Mega|43\/100\n|move|p1a: Dragalge|Sludge Wave|p2a: Metagross\n|-immune|p2a: Metagross\n|\n|upkeep\n|turn|10\n|\n|t:|1664891406\n|switch|p2a: Hydreigon|Hydreigon, F|74\/100\n|switch|p1a: Slowbro|Slowbro, F|74\/100 tox\n|\n|-heal|p2a: Hydreigon|80\/100|[from] item: Leftovers\n|-damage|p1a: Slowbro|68\/100 tox|[from] psn\n|upkeep\n|turn|11\n|\n|t:|1664891420\n|switch|p1a: Porygon2|Porygon2|69\/100\n|-ability|p1a: Porygon2|Levitate|[from] ability: Trace|[of] p2a: Hydreigon\n|move|p2a: Hydreigon|Nasty Plot|p2a: Hydreigon\n|-boost|p2a: Hydreigon|spa|2\n|\n|-heal|p2a: Hydreigon|86\/100|[from] item: Leftovers\n|upkeep\n|turn|12\n|\n|t:|1664891429\n|move|p2a: Hydreigon|Dark Pulse|p1a: Porygon2\n|-damage|p1a: Porygon2|24\/100\n|move|p1a: Porygon2|Trick Room|p1a: Porygon2\n|-fieldstart|move: Trick Room|[of] p1a: Porygon2\n|\n|-heal|p2a: Hydreigon|92\/100|[from] item: Leftovers\n|-fieldend|Misty Terrain\n|upkeep\n|turn|13\n|\n|t:|1664891445\n|move|p2a: Hydreigon|Flamethrower|p1a: Porygon2\n|-damage|p1a: Porygon2|0 fnt\n|faint|p1a: Porygon2\n|\n|-heal|p2a: Hydreigon|98\/100|[from] item: Leftovers\n|upkeep\n|\n|t:|1664891449\n|switch|p1a: Mawile|Mawile, M|100\/100\n|-ability|p1a: Mawile|Intimidate|boost\n|-unboost|p2a: Hydreigon|atk|1\n|turn|14\n|\n|t:|1664891460\n|switch|p2a: Piloswine|Piloswine, M|100\/100\n|-status|p2a: Piloswine|psn\n|detailschange|p1a: Mawile|Mawile-Mega, M\n|-mega|p1a: Mawile|Mawile|Mawilite\n|move|p1a: Mawile|Play Rough|p2a: Piloswine\n|-damage|p2a: Piloswine|57\/100 psn\n|\n|-damage|p2a: Piloswine|45\/100 psn|[from] psn\n|upkeep\n|turn|15\n|\n|t:|1664891479\n|move|p1a: Mawile|Substitute|p1a: Mawile\n|-start|p1a: Mawile|Substitute\n|-damage|p1a: Mawile|76\/100\n|move|p2a: Piloswine|Earthquake|p1a: Mawile\n|-supereffective|p1a: Mawile\n|-end|p1a: Mawile|Substitute\n|\n|-damage|p2a: Piloswine|32\/100 psn|[from] psn\n|upkeep\n|turn|16\n|\n|t:|1664891488\n|move|p1a: Mawile|Play Rough|p2a: Piloswine\n|-damage|p2a: Piloswine|0 fnt\n|faint|p2a: Piloswine\n|\n|-fieldend|move: Trick Room\n|upkeep\n|\n|t:|1664891501\n|switch|p2a: Tapu Fini|Tapu Fini|100\/100\n|-status|p2a: Tapu Fini|psn\n|-fieldstart|move: Misty Terrain|[from] ability: Misty Surge|[of] p2a: Tapu Fini\n|turn|17\n|\n|t:|1664891518\n|switch|p1a: Dragalge|Dragalge, F|100\/100\n|move|p2a: Tapu Fini|Defog|p1a: Dragalge\n|-unboost|p1a: Dragalge|evasion|1\n|-sideend|p2: Elon Musk Rusk|Toxic Spikes|[from] move: Defog|[of] p2a: Tapu Fini\n|-fieldend|Misty Terrain\n|\n|-damage|p2a: Tapu Fini|88\/100 psn|[from] psn\n|upkeep\n|turn|18\n|\n|t:|1664891543\n|move|p2a: Tapu Fini|Moonblast|p1a: Dragalge\n|-damage|p1a: Dragalge|74\/100\n|-unboost|p1a: Dragalge|spa|1\n|move|p1a: Dragalge|Shadow Ball|p2a: Tapu Fini\n|-damage|p2a: Tapu Fini|71\/100 psn\n|-damage|p1a: Dragalge|64\/100|[from] item: Life Orb\n|\n|-damage|p2a: Tapu Fini|59\/100 psn|[from] psn\n|upkeep\n|turn|19\n|\n|t:|1664891558\n|switch|p2a: Metagross|Metagross-Mega|43\/100\n|switch|p1a: Slowbro|Slowbro, F|100\/100 tox\n|\n|-damage|p1a: Slowbro|94\/100 tox|[from] psn\n|upkeep\n|turn|20\n|\n|t:|1664891569\n|switch|p2a: Shaymin|Shaymin|100\/100\n|move|p1a: Slowbro|Trick Room|p1a: Slowbro\n|-fieldstart|move: Trick Room|[of] p1a: Slowbro\n|\n|-damage|p1a: Slowbro|82\/100 tox|[from] psn\n|upkeep\n|turn|21\n|\n|t:|1664891578\n|switch|p1a: Dragalge|Dragalge, F|64\/100\n|move|p2a: Shaymin|Seed Flare|p1a: Dragalge\n|-resisted|p1a: Dragalge\n|-damage|p1a: Dragalge|48\/100\n|-unboost|p1a: Dragalge|spd|2\n|-damage|p2a: Shaymin|91\/100|[from] item: Life Orb\n|\n|upkeep\n|turn|22\n|\n|t:|1664891591\n|switch|p2a: Porygon2|Porygon2|100\/100\n|-ability|p2a: Porygon2|Adaptability|[from] ability: Trace|[of] p1a: Dragalge\n|move|p1a: Dragalge|Draco Meteor|p2a: Porygon2\n|-damage|p2a: Porygon2|43\/100\n|-unboost|p1a: Dragalge|spa|2\n|-damage|p1a: Dragalge|38\/100|[from] item: Life Orb\n|\n|upkeep\n|turn|23\n|\n|t:|1664891604\n|switch|p1a: Mawile|Mawile-Mega, M|76\/100\n|move|p2a: Porygon2|Recover|p2a: Porygon2\n|-heal|p2a: Porygon2|93\/100\n|\n|upkeep\n|turn|24\n|\n|t:|1664891610\n|switch|p2a: Tapu Fini|Tapu Fini|59\/100 psn\n|-fieldstart|move: Misty Terrain|[from] ability: Misty Surge|[of] p2a: Tapu Fini\n|move|p1a: Mawile|Substitute|p1a: Mawile\n|-start|p1a: Mawile|Substitute\n|-damage|p1a: Mawile|51\/100\n|\n|-damage|p2a: Tapu Fini|47\/100 psn|[from] psn\n|-fieldend|move: Trick Room\n|upkeep\n|turn|25\n|\n|t:|1664891615\n|move|p2a: Tapu Fini|Scald|p1a: Mawile\n|-end|p1a: Mawile|Substitute\n|move|p1a: Mawile|Play Rough|p2a: Tapu Fini|[miss]\n|-miss|p1a: Mawile|p2a: Tapu Fini\n|\n|-damage|p2a: Tapu Fini|35\/100 psn|[from] psn\n|upkeep\n|turn|26\n|\n|t:|1664891629\n|switch|p1a: Slowbro|Slowbro, F|100\/100 tox\n|move|p2a: Tapu Fini|Moonblast|p1a: Slowbro\n|-damage|p1a: Slowbro|65\/100 tox\n|\n|-damage|p2a: Tapu Fini|22\/100 psn|[from] psn\n|-damage|p1a: Slowbro|59\/100 tox|[from] psn\n|upkeep\n|turn|27\n|\n|t:|1664891643\n|switch|p2a: Shaymin|Shaymin|91\/100\n|move|p1a: Slowbro|Teleport|p1a: Slowbro\n|\n|t:|1664891656\n|switch|p1a: Thundurus|Thundurus-Therian, M|100\/100|[from]move: Teleport\n|\n|upkeep\n|turn|28\n|\n|t:|1664891670\n|move|p1a: Thundurus|Knock Off|p2a: Shaymin\n|-damage|p2a: Shaymin|67\/100\n|-enditem|p2a: Shaymin|Life Orb|[from] move: Knock Off|[of] p1a: Thundurus\n|move|p2a: Shaymin|Synthesis|p2a: Shaymin\n|-heal|p2a: Shaymin|100\/100\n|\n|-fieldend|Misty Terrain\n|upkeep\n|turn|29\n|\n|t:|1664891683\n|switch|p1a: Dragalge|Dragalge, F|38\/100\n|move|p2a: Shaymin|Seed Flare|p1a: Dragalge\n|-resisted|p1a: Dragalge\n|-damage|p1a: Dragalge|27\/100\n|\n|upkeep\n|turn|30\n|\n|t:|1664891688\n|switch|p1a: Thundurus|Thundurus-Therian, M|100\/100\n|move|p2a: Shaymin|Earth Power|p1a: Thundurus\n|-immune|p1a: Thundurus\n|\n|upkeep\n|turn|31\n|\n|t:|1664891704\n|switch|p2a: Porygon2|Porygon2|93\/100\n|-ability|p2a: Porygon2|Volt Absorb|[from] ability: Trace|[of] p1a: Thundurus\n|move|p1a: Thundurus|U-turn|p2a: Porygon2\n|-damage|p2a: Porygon2|83\/100\n|\n|t:|1664891727\n|switch|p1a: Runerigus|Runerigus, F|100\/100|[from]move: U-turn\n|\n|upkeep\n|turn|32\n|\n|t:|1664891735\n|move|p2a: Porygon2|Shadow Ball|p1a: Runerigus\n|-supereffective|p1a: Runerigus\n|-damage|p1a: Runerigus|59\/100\n|-unboost|p1a: Runerigus|spd|1\n|move|p1a: Runerigus|Trick Room|p1a: Runerigus\n|-fieldstart|move: Trick Room|[of] p1a: Runerigus\n|\n|-heal|p1a: Runerigus|65\/100|[from] item: Leftovers\n|upkeep\n|turn|33\n|\n|t:|1664891749\n|move|p1a: Runerigus|Stealth Rock|p2a: Porygon2\n|-sidestart|p2: Elon Musk Rusk|move: Stealth Rock\n|move|p2a: Porygon2|Shadow Ball|p1a: Runerigus\n|-supereffective|p1a: Runerigus\n|-damage|p1a: Runerigus|7\/100\n|\n|-heal|p1a: Runerigus|13\/100|[from] item: Leftovers\n|upkeep\n|turn|34\n|\n|t:|1664891760\n|move|p1a: Runerigus|Body Press|p2a: Porygon2\n|-supereffective|p2a: Porygon2\n|-damage|p2a: Porygon2|47\/100\n|move|p2a: Porygon2|Shadow Ball|p1a: Runerigus\n|-supereffective|p1a: Runerigus\n|-damage|p1a: Runerigus|0 fnt\n|faint|p1a: Runerigus\n|\n|upkeep\n|\n|t:|1664891813\n|switch|p1a: Dragalge|Dragalge, F|27\/100\n|turn|35\n|c|\u2606Elon Musk Rusk|a\n|\n|t:|1664891826\n|move|p1a: Dragalge|Draco Meteor|p2a: Porygon2\n|-damage|p2a: Porygon2|0 fnt\n|-unboost|p1a: Dragalge|spa|2\n|faint|p2a: Porygon2\n|-damage|p1a: Dragalge|17\/100|[from] item: Life Orb\n|\n|upkeep\n|\n|t:|1664891844\n|switch|p2a: Tapu Fini|Tapu Fini|22\/100 psn\n|-damage|p2a: Tapu Fini|10\/100 psn|[from] Stealth Rock\n|-fieldstart|move: Misty Terrain|[from] ability: Misty Surge|[of] p2a: Tapu Fini\n|turn|36\n|\n|t:|1664891853\n|move|p1a: Dragalge|Shadow Ball|p2a: Tapu Fini\n|-damage|p2a: Tapu Fini|0 fnt\n|faint|p2a: Tapu Fini\n|-damage|p1a: Dragalge|7\/100|[from] item: Life Orb\n|\n|-fieldend|move: Trick Room\n|upkeep\n|\n|t:|1664891864\n|switch|p2a: Metagross|Metagross-Mega|43\/100\n|-damage|p2a: Metagross|37\/100|[from] Stealth Rock\n|turn|37\n|\n|t:|1664891871\n|switch|p2a: Shaymin|Shaymin|100\/100\n|-damage|p2a: Shaymin|88\/100|[from] Stealth Rock\n|switch|p1a: Slowbro|Slowbro, F|92\/100 tox\n|\n|-damage|p1a: Slowbro|86\/100 tox|[from] psn\n|upkeep\n|turn|38\n|\n|t:|1664891951\n|switch|p1a: Dragalge|Dragalge, F|7\/100\n|move|p2a: Shaymin|Seed Flare|p1a: Dragalge|[miss]\n|-miss|p2a: Shaymin|p1a: Dragalge\n|\n|upkeep\n|turn|39\n|\n|t:|1664891959\n|switch|p1a: Thundurus|Thundurus-Therian, M|100\/100\n|move|p2a: Shaymin|Seed Flare|p1a: Thundurus\n|-resisted|p1a: Thundurus\n|-damage|p1a: Thundurus|59\/100\n|-unboost|p1a: Thundurus|spd|2\n|\n|upkeep\n|turn|40\n|\n|t:|1664891965\n|move|p1a: Thundurus|U-turn|p2a: Shaymin\n|-supereffective|p2a: Shaymin\n|-damage|p2a: Shaymin|56\/100\n|\n|t:|1664891971\n|switch|p1a: Dragalge|Dragalge, F|7\/100|[from]move: U-turn\n|move|p2a: Shaymin|Synthesis|p2a: Shaymin\n|-heal|p2a: Shaymin|100\/100\n|\n|-fieldend|Misty Terrain\n|upkeep\n|turn|41\n|\n|t:|1664891981\n|move|p2a: Shaymin|Earth Power|p1a: Dragalge\n|-supereffective|p1a: Dragalge\n|-damage|p1a: Dragalge|0 fnt\n|faint|p1a: Dragalge\n|\n|upkeep\n|\n|t:|1664891986\n|switch|p1a: Thundurus|Thundurus-Therian, M|59\/100\n|turn|42\n|\n|t:|1664891997\n|move|p1a: Thundurus|Focus Blast|p2a: Shaymin|[miss]\n|-miss|p1a: Thundurus|p2a: Shaymin\n|move|p2a: Shaymin|Synthesis|p2a: Shaymin\n|-fail|p2a: Shaymin|heal\n|\n|upkeep\n|turn|43\n|\n|t:|1664892007\n|move|p1a: Thundurus|Focus Blast|p2a: Shaymin\n|-damage|p2a: Shaymin|59\/100\n|move|p2a: Shaymin|Seed Flare|p1a: Thundurus\n|-resisted|p1a: Thundurus\n|-damage|p1a: Thundurus|15\/100\n|\n|upkeep\n|turn|44\n|l| Phantom_rook\n|\n|t:|1664892023\n|move|p1a: Thundurus|Focus Blast|p2a: Shaymin\n|-damage|p2a: Shaymin|17\/100\n|-unboost|p2a: Shaymin|spd|1\n|move|p2a: Shaymin|Synthesis|p2a: Shaymin\n|-heal|p2a: Shaymin|67\/100\n|\n|upkeep\n|turn|45\n|\n|t:|1664892035\n|switch|p2a: Metagross|Metagross-Mega|37\/100\n|-damage|p2a: Metagross|31\/100|[from] Stealth Rock\n|move|p1a: Thundurus|Focus Blast|p2a: Metagross\n|-damage|p2a: Metagross|0 fnt\n|faint|p2a: Metagross\n|\n|upkeep\n|\n|t:|1664892042\n|switch|p2a: Shaymin|Shaymin|67\/100\n|-damage|p2a: Shaymin|54\/100|[from] Stealth Rock\n|turn|46\n|\n|t:|1664892057\n|switch|p1a: Mawile|Mawile-Mega, M|51\/100\n|move|p2a: Shaymin|Synthesis|p2a: Shaymin\n|-heal|p2a: Shaymin|100\/100\n|\n|upkeep\n|turn|47\n|\n|t:|1664892082\n|switch|p1a: Thundurus|Thundurus-Therian, M|15\/100\n|move|p2a: Shaymin|Earth Power|p1a: Thundurus\n|-immune|p1a: Thundurus\n|\n|upkeep\n|turn|48\n|\n|t:|1664892093\n|move|p1a: Thundurus|U-turn|p2a: Shaymin\n|-supereffective|p2a: Shaymin\n|-crit|p2a: Shaymin\n|-damage|p2a: Shaymin|54\/100\n|\n|t:|1664892108\n|switch|p1a: Mawile|Mawile-Mega, M|51\/100|[from]move: U-turn\n|move|p2a: Shaymin|Seed Flare|p1a: Mawile\n|-resisted|p1a: Mawile\n|-damage|p1a: Mawile|16\/100\n|-unboost|p1a: Mawile|spd|2\n|\n|upkeep\n|turn|49\n|\n|t:|1664892164\n|switch|p1a: Thundurus|Thundurus-Therian, M|15\/100\n|move|p2a: Shaymin|Seed Flare|p1a: Thundurus|[miss]\n|-miss|p2a: Shaymin|p1a: Thundurus\n|\n|upkeep\n|turn|50\n|\n|t:|1664892195\n|move|p1a: Thundurus|U-turn|p2a: Shaymin\n|-supereffective|p2a: Shaymin\n|-damage|p2a: Shaymin|24\/100\n|\n|t:|1664892202\n|switch|p1a: Slowbro|Slowbro, F|100\/100 tox|[from]move: U-turn\n|move|p2a: Shaymin|Seed Flare|p1a: Slowbro\n|-supereffective|p1a: Slowbro\n|-damage|p1a: Slowbro|0 fnt\n|faint|p1a: Slowbro\n|\n|upkeep\n|\n|t:|1664892205\n|switch|p1a: Thundurus|Thundurus-Therian, M|15\/100\n|turn|51\n|\n|t:|1664892209\n|move|p1a: Thundurus|U-turn|p2a: Shaymin\n|-supereffective|p2a: Shaymin\n|-damage|p2a: Shaymin|0 fnt\n|faint|p2a: Shaymin\n|\n|t:|1664892213\n|switch|p1a: Mawile|Mawile-Mega, M|16\/100|[from]move: U-turn\n|\n|upkeep\n|\n|t:|1664892214\n|switch|p2a: Hydreigon|Hydreigon, F|98\/100\n|-damage|p2a: Hydreigon|86\/100|[from] Stealth Rock\n|turn|52\n|\n|t:|1664892225\n|move|p2a: Hydreigon|Flamethrower|p1a: Mawile\n|-supereffective|p1a: Mawile\n|-damage|p1a: Mawile|0 fnt\n|faint|p1a: Mawile\n|\n|-heal|p2a: Hydreigon|92\/100|[from] item: Leftovers\n|upkeep\n|\n|t:|1664892228\n|switch|p1a: Thundurus|Thundurus-Therian, M|15\/100\n|turn|53\n|\n|t:|1664892239\n|move|p1a: Thundurus|Focus Blast|p2a: Hydreigon|[miss]\n|-miss|p1a: Thundurus|p2a: Hydreigon\n|move|p2a: Hydreigon|Dark Pulse|p1a: Thundurus\n|-damage|p1a: Thundurus|0 fnt\n|faint|p1a: Thundurus\n|\n|win|Elon Musk Rusk\n|c|\u2606Elon Musk Rusk|gg\n|c|\u2606HielOwStarR|gg\n","uploadtime":1664892249,"views":28,"p1id":"hielowstarr","p2id":"elonmuskrusk","formatid":"gen8nationaldexag","rating":0,"private":0,"password":null}