{"id":"gen8ou-1702235396","p1":"Dragez","p2":"ty-tyui\u21bb","format":"gen8ou","log":"|j|\u2606Dragez\n|j|\u2606ty-tyui\u21bb\n|t:|1667524224\n|gametype|singles\n|player|p1|Dragez|170|1714\n|player|p2|ty-tyui\u21bb|surfer|1706\n|teamsize|p1|6\n|teamsize|p2|6\n|gen|8\n|tier|[Gen 8] OU\n|rated|\n|rule|Sleep Clause Mod: Limit one foe put to sleep\n|rule|Species Clause: Limit one of each Pok\u00e9mon\n|rule|OHKO Clause: OHKO moves are banned\n|rule|Evasion Items Clause: Evasion items are banned\n|rule|Evasion Moves Clause: Evasion moves are banned\n|rule|Endless Battle Clause: Forcing endless battles is banned\n|rule|HP Percentage Mod: HP is shown in percentages\n|rule|Dynamax Clause: You cannot dynamax\n|clearpoke\n|poke|p1|Melmetal|\n|poke|p1|Tyranitar, F|\n|poke|p1|Whimsicott, F|\n|poke|p1|Victini|\n|poke|p1|Torkoal, M|\n|poke|p1|Jirachi|\n|poke|p2|Rillaboom, F|\n|poke|p2|Zeraora|\n|poke|p2|Slowbro, M|\n|poke|p2|Landorus-Therian, M|\n|poke|p2|Weavile, M|\n|poke|p2|Heatran, M|\n|teampreview\n|inactive|Battle timer is ON: inactive players will automatically lose when time's up. (requested by ty-tyui\u21bb)\n|\n|t:|1667524247\n|start\n|switch|p1a: Victini|Victini|100\/100\n|switch|p2a: Landorus|Landorus-Therian, M|100\/100\n|-ability|p2a: Landorus|Intimidate|boost\n|-unboost|p1a: Victini|atk|1\n|turn|1\n|\n|t:|1667524265\n|move|p1a: Victini|Future Sight|p2a: Landorus\n|-start|p1a: Victini|move: Future Sight\n|move|p2a: Landorus|U-turn|p1a: Victini\n|-damage|p1a: Victini|79\/100\n|\n|t:|1667524269\n|switch|p2a: Weavile|Weavile, M|100\/100|[from]move: U-turn\n|-ability|p2a: Weavile|Pressure\n|\n|upkeep\n|turn|2\n|\n|t:|1667524276\n|switch|p1a: Melmetal|Melmetal|100\/100\n|move|p2a: Weavile|Knock Off|p1a: Melmetal\n|-damage|p1a: Melmetal|73\/100\n|-enditem|p1a: Melmetal|Choice Band|[from] move: Knock Off|[of] p2a: Weavile\n|\n|upkeep\n|turn|3\n|\n|t:|1667524284\n|switch|p2a: Heatran|Heatran, M|100\/100\n|move|p1a: Melmetal|Thunder Punch|p2a: Heatran\n|-crit|p2a: Heatran\n|-damage|p2a: Heatran|67\/100\n|\n|-end|p2a: Heatran|move: Future Sight\n|-resisted|p2a: Heatran\n|-damage|p2a: Heatran|48\/100\n|-heal|p2a: Heatran|54\/100|[from] item: Leftovers\n|upkeep\n|turn|4\n|\n|t:|1667524295\n|switch|p2a: Landorus|Landorus-Therian, M|100\/100\n|-ability|p2a: Landorus|Intimidate|boost\n|-unboost|p1a: Melmetal|atk|1\n|switch|p1a: Tyranitar|Tyranitar, F|100\/100\n|-weather|Sandstorm|[from] ability: Sand Stream|[of] p1a: Tyranitar\n|\n|-weather|Sandstorm|[upkeep]\n|upkeep\n|turn|5\n|\n|t:|1667524305\n|switch|p2a: Slowbro|Slowbro, M|100\/100\n|move|p1a: Tyranitar|Ice Punch|p2a: Slowbro\n|-resisted|p2a: Slowbro\n|-damage|p2a: Slowbro|87\/100\n|\n|-weather|Sandstorm|[upkeep]\n|-damage|p2a: Slowbro|81\/100|[from] Sandstorm\n|upkeep\n|turn|6\n|\n|t:|1667524314\n|switch|p1a: Jirachi|Jirachi|100\/100\n|move|p2a: Slowbro|Future Sight|p1a: Jirachi\n|-start|p2a: Slowbro|move: Future Sight\n|\n|-weather|Sandstorm|[upkeep]\n|-damage|p2a: Slowbro|75\/100|[from] Sandstorm\n|upkeep\n|turn|7\n|\n|t:|1667524322\n|move|p1a: Jirachi|Doom Desire|p2a: Slowbro\n|-start|p1a: Jirachi|Doom Desire\n|move|p2a: Slowbro|Teleport|p2a: Slowbro\n|\n|t:|1667524327\n|switch|p2a: Weavile|Weavile, M|100\/100|[from]move: Teleport\n|-ability|p2a: Weavile|Pressure\n|\n|-weather|Sandstorm|[upkeep]\n|-damage|p2a: Weavile|94\/100|[from] Sandstorm\n|upkeep\n|turn|8\n|\n|t:|1667524335\n|move|p2a: Weavile|Knock Off|p1a: Jirachi\n|-supereffective|p1a: Jirachi\n|-damage|p1a: Jirachi|21\/100\n|-enditem|p1a: Jirachi|Leftovers|[from] move: Knock Off|[of] p2a: Weavile\n|move|p1a: Jirachi|U-turn|p2a: Weavile\n|-supereffective|p2a: Weavile\n|-damage|p2a: Weavile|47\/100\n|\n|t:|1667524342\n|switch|p1a: Tyranitar|Tyranitar, F|100\/100|[from]move: U-turn\n|\n|-weather|none\n|-end|p1a: Tyranitar|move: Future Sight\n|-immune|p1a: Tyranitar\n|upkeep\n|turn|9\n|\n|t:|1667524350\n|switch|p2a: Slowbro|Slowbro, M|100\/100\n|move|p1a: Tyranitar|Crunch|p2a: Slowbro\n|-supereffective|p2a: Slowbro\n|-damage|p2a: Slowbro|13\/100\n|\n|-end|p2a: Slowbro|move: Doom Desire\n|-resisted|p2a: Slowbro\n|-damage|p2a: Slowbro|0 fnt\n|faint|p2a: Slowbro\n|upkeep\n|\n|t:|1667524356\n|switch|p2a: Zeraora|Zeraora, shiny|100\/100\n|turn|10\n|\n|t:|1667524363\n|switch|p2a: Landorus|Landorus-Therian, M|100\/100\n|-ability|p2a: Landorus|Intimidate|boost\n|-unboost|p1a: Tyranitar|atk|1\n|switch|p1a: Torkoal|Torkoal, M|100\/100\n|-weather|SunnyDay|[from] ability: Drought|[of] p1a: Torkoal\n|\n|-weather|SunnyDay|[upkeep]\n|upkeep\n|turn|11\n|\n|t:|1667524379\n|move|p2a: Landorus|Earthquake|p1a: Torkoal\n|-supereffective|p1a: Torkoal\n|-damage|p1a: Torkoal|50\/100\n|move|p1a: Torkoal|Toxic|p2a: Landorus\n|-status|p2a: Landorus|tox\n|\n|-weather|SunnyDay|[upkeep]\n|-damage|p2a: Landorus|94\/100 tox|[from] psn\n|upkeep\n|turn|12\n|j| CanUrepeat\n|\n|t:|1667524395\n|switch|p1a: Whimsicott|Whimsicott, F|100\/100\n|move|p2a: Landorus|Earthquake|p1a: Whimsicott\n|-resisted|p1a: Whimsicott\n|-damage|p1a: Whimsicott|76\/100\n|\n|-weather|SunnyDay|[upkeep]\n|-heal|p2a: Landorus|100\/100 tox|[from] item: Leftovers\n|-damage|p2a: Landorus|88\/100 tox|[from] psn\n|upkeep\n|turn|13\n|\n|t:|1667524406\n|move|p2a: Landorus|U-turn|p1a: Whimsicott\n|-damage|p1a: Whimsicott|51\/100\n|\n|t:|1667524414\n|switch|p2a: Heatran|Heatran, M|54\/100|[from]move: U-turn\n|move|p1a: Whimsicott|Encore||[still]\n|-fail|p1a: Whimsicott\n|\n|-weather|SunnyDay|[upkeep]\n|-heal|p2a: Heatran|60\/100|[from] item: Leftovers\n|upkeep\n|turn|14\n|\n|t:|1667524424\n|move|p2a: Heatran|Stealth Rock|p1a: Whimsicott\n|-sidestart|p1: Dragez|move: Stealth Rock\n|move|p1a: Whimsicott|Switcheroo|p2a: Heatran\n|-activate|p1a: Whimsicott|move: Trick|[of] p2a: Heatran\n|-item|p2a: Heatran|Lagging Tail|[from] move: Switcheroo\n|-item|p1a: Whimsicott|Leftovers|[from] move: Switcheroo\n|\n|-weather|none\n|-heal|p1a: Whimsicott|57\/100|[from] item: Leftovers\n|upkeep\n|turn|15\n|\n|t:|1667524432\n|move|p1a: Whimsicott|Defog|p2a: Heatran\n|-unboost|p2a: Heatran|evasion|1\n|-sideend|p1: Dragez|Stealth Rock|[from] move: Defog|[of] p1a: Whimsicott\n|move|p2a: Heatran|Magma Storm|p1a: Whimsicott\n|-supereffective|p1a: Whimsicott\n|-damage|p1a: Whimsicott|0 fnt\n|faint|p1a: Whimsicott\n|\n|upkeep\n|\n|t:|1667524442\n|switch|p1a: Tyranitar|Tyranitar, F|100\/100\n|-weather|Sandstorm|[from] ability: Sand Stream|[of] p1a: Tyranitar\n|turn|16\n|j| The Rum Tum Tugger\n|\n|t:|1667524455\n|switch|p2a: Landorus|Landorus-Therian, M|88\/100 tox\n|-ability|p2a: Landorus|Intimidate|boost\n|-unboost|p1a: Tyranitar|atk|1\n|move|p1a: Tyranitar|Crunch|p2a: Landorus\n|-damage|p2a: Landorus|41\/100 tox\n|-unboost|p2a: Landorus|def|1\n|\n|-weather|Sandstorm|[upkeep]\n|-heal|p2a: Landorus|47\/100 tox|[from] item: Leftovers\n|-damage|p2a: Landorus|41\/100 tox|[from] psn\n|upkeep\n|turn|17\n|\n|t:|1667524469\n|switch|p1a: Torkoal|Torkoal, M|50\/100\n|-weather|SunnyDay|[from] ability: Drought|[of] p1a: Torkoal\n|move|p2a: Landorus|Earthquake|p1a: Torkoal\n|-supereffective|p1a: Torkoal\n|-damage|p1a: Torkoal|0 fnt\n|faint|p1a: Torkoal\n|\n|-weather|SunnyDay|[upkeep]\n|-heal|p2a: Landorus|47\/100 tox|[from] item: Leftovers\n|-damage|p2a: Landorus|35\/100 tox|[from] psn\n|upkeep\n|j| machugen\n|\n|t:|1667524483\n|switch|p1a: Melmetal|Melmetal|73\/100\n|turn|18\n|\n|t:|1667524495\n|move|p2a: Landorus|Earthquake|p1a: Melmetal\n|-supereffective|p1a: Melmetal\n|-damage|p1a: Melmetal|23\/100\n|move|p1a: Melmetal|Superpower|p2a: Landorus\n|-resisted|p2a: Landorus\n|-damage|p2a: Landorus|1\/100 tox\n|-unboost|p1a: Melmetal|atk|1\n|-unboost|p1a: Melmetal|def|1\n|\n|-weather|SunnyDay|[upkeep]\n|-heal|p2a: Landorus|7\/100 tox|[from] item: Leftovers\n|-damage|p2a: Landorus|0 fnt|[from] psn\n|faint|p2a: Landorus\n|upkeep\n|\n|t:|1667524498\n|switch|p2a: Rillaboom|Rillaboom, F|100\/100\n|-fieldstart|move: Grassy Terrain|[from] ability: Grassy Surge|[of] p2a: Rillaboom\n|turn|19\n|inactive|Dragez has 120 seconds left.\n|\n|t:|1667524537\n|switch|p1a: Tyranitar|Tyranitar, F|100\/100\n|-weather|Sandstorm|[from] ability: Sand Stream|[of] p1a: Tyranitar\n|move|p2a: Rillaboom|Grassy Glide|p1a: Tyranitar\n|-supereffective|p1a: Tyranitar\n|-damage|p1a: Tyranitar|0 fnt\n|faint|p1a: Tyranitar\n|\n|-weather|Sandstorm|[upkeep]\n|-damage|p2a: Rillaboom|94\/100|[from] Sandstorm\n|-heal|p2a: Rillaboom|100\/100|[from] Grassy Terrain\n|upkeep\n|inactive|Dragez has 120 seconds left.\n|\n|t:|1667524555\n|switch|p1a: Victini|Victini|79\/100\n|turn|20\n|j| ultimategoogolplex\n|\n|t:|1667524565\n|switch|p2a: Heatran|Heatran, M|60\/100\n|move|p1a: Victini|Trick Room|p1a: Victini\n|-fieldstart|move: Trick Room|[of] p1a: Victini\n|\n|-weather|Sandstorm|[upkeep]\n|-damage|p1a: Victini|73\/100|[from] Sandstorm\n|-heal|p2a: Heatran|66\/100|[from] Grassy Terrain\n|-heal|p1a: Victini|79\/100|[from] Grassy Terrain\n|upkeep\n|turn|21\n|inactive|Dragez has 120 seconds left.\n|\n|t:|1667524579\n|switch|p1a: Jirachi|Jirachi|21\/100\n|move|p2a: Heatran|Earth Power|p1a: Jirachi\n|-supereffective|p1a: Jirachi\n|-damage|p1a: Jirachi|0 fnt\n|faint|p1a: Jirachi\n|\n|-weather|Sandstorm|[upkeep]\n|-heal|p2a: Heatran|73\/100|[from] Grassy Terrain\n|upkeep\n|inactive|Dragez has 120 seconds left.\n|l| machugen\n|j| machugen\n|\n|t:|1667524589\n|switch|p1a: Melmetal|Melmetal|23\/100\n|turn|22\n|\n|t:|1667524598\n|switch|p2a: Rillaboom|Rillaboom, F|100\/100\n|move|p1a: Melmetal|Double Iron Bash|p2a: Rillaboom\n|-crit|p2a: Rillaboom\n|-damage|p2a: Rillaboom|22\/100\n|-damage|p2a: Rillaboom|0 fnt\n|faint|p2a: Rillaboom\n|-hitcount|p2: Rillaboom|2\n|\n|-weather|Sandstorm|[upkeep]\n|-heal|p1a: Melmetal|29\/100|[from] Grassy Terrain\n|upkeep\n|\n|t:|1667524607\n|switch|p2a: Zeraora|Zeraora, shiny|100\/100\n|-enditem|p2a: Zeraora|Grassy Seed\n|-boost|p2a: Zeraora|def|1|[from] item: Grassy Seed\n|turn|23\n|\n|t:|1667524613\n|move|p1a: Melmetal|Double Iron Bash|p2a: Zeraora\n|-resisted|p2a: Zeraora\n|-damage|p2a: Zeraora|79\/100\n|-resisted|p2a: Zeraora\n|-damage|p2a: Zeraora|58\/100\n|-hitcount|p2a: Zeraora|2\n|move|p2a: Zeraora|Bulk Up|p2a: Zeraora\n|-boost|p2a: Zeraora|atk|1\n|-boost|p2a: Zeraora|def|1\n|\n|-weather|none\n|-heal|p1a: Melmetal|36\/100|[from] Grassy Terrain\n|-heal|p2a: Zeraora|64\/100|[from] Grassy Terrain\n|-fieldend|move: Grassy Terrain\n|upkeep\n|turn|24\n|-message|Dragez forfeited.\n|\n|win|ty-tyui\u21bb\n|raw|Dragez's rating: 1714 &rarr; <strong>1694<\/strong><br \/>(-20 for losing)\n|raw|ty-tyui\u21bb's rating: 1706 &rarr; <strong>1726<\/strong><br \/>(+20 for winning)\n|l|\u2606Dragez\n|l| machugen\n","uploadtime":1667524629,"views":5,"p1id":"dragez","p2id":"tytyui","formatid":"gen8ou","rating":1694,"private":0,"password":null}