{"id":"gen8stabmons-1698750270","p1":"Delibird Heart","p2":"1hfkqhwhrelk","format":"gen8stabmons","log":"|j|\u2606Delibird Heart\n|j|\u26061hfkqhwhrelk\n|inactive|Battle timer is ON: inactive players will automatically lose when time's up.\n|t:|1667157970\n|gametype|singles\n|player|p1|Delibird Heart|guitarist-gen4|\n|player|p2|1hfkqhwhrelk|lusamine-nihilego|\n|teamsize|p1|6\n|teamsize|p2|6\n|gen|8\n|tier|[Gen 8] STABmons\n|rated|Tournament battle\n|rule|Species Clause: Limit one of each Pok\u00e9mon\n|rule|OHKO Clause: OHKO moves are banned\n|rule|Evasion Moves Clause: Evasion moves are banned\n|rule|Endless Battle Clause: Forcing endless battles is banned\n|rule|Dynamax Clause: You cannot dynamax\n|rule|HP Percentage Mod: HP is shown in percentages\n|rule|Sleep Clause: Sleep-inducing moves are banned\n|clearpoke\n|poke|p1|Sandaconda, M|\n|poke|p1|Excadrill, M|\n|poke|p1|Tyranitar, M|\n|poke|p1|Dracozolt|\n|poke|p1|Corviknight, M|\n|poke|p1|Clawitzer, M|\n|poke|p2|Buzzwole|\n|poke|p2|Salamence, M|\n|poke|p2|Regieleki|\n|poke|p2|Mew|\n|poke|p2|Ninetales, M|\n|poke|p2|Magnemite, L1|\n|teampreview\n|inactive|Delibird Heart also wants the timer to be on.\n|j| Asb04\n|j|%KaenSoul\n|j| blizihguh\n|\n|t:|1667158000\n|start\n|switch|p1a: MR CLAW... \ud83d\udcde\ud83d\udcde\ud83d\udcde|Clawitzer, M, shiny|100\/100\n|switch|p2a: Mew|Mew|100\/100\n|turn|1\n|c|\u26061hfkqhwhrelk|oh\n|\n|t:|1667158004\n|switch|p2a: Ninetales|Ninetales, M|100\/100\n|-weather|SunnyDay|[from] ability: Drought|[of] p2a: Ninetales\n|move|p1a: MR CLAW... \ud83d\udcde\ud83d\udcde\ud83d\udcde|Origin Pulse|p2a: Ninetales|[miss]\n|-miss|p1a: MR CLAW... \ud83d\udcde\ud83d\udcde\ud83d\udcde|p2a: Ninetales\n|\n|-weather|SunnyDay|[upkeep]\n|upkeep\n|turn|2\n|c|\u26061hfkqhwhrelk|none of that\n|\n|t:|1667158011\n|switch|p1a: Tyranitar|Tyranitar, M|100\/100\n|-weather|Sandstorm|[from] ability: Sand Stream|[of] p1a: Tyranitar\n|move|p2a: Ninetales|Solar Beam||[still]\n|-prepare|p2a: Ninetales|Solar Beam\n|\n|-weather|Sandstorm|[upkeep]\n|-damage|p2a: Ninetales|95\/100|[from] Sandstorm\n|upkeep\n|turn|3\n|\n|t:|1667158014\n|move|p2a: Ninetales|Solar Beam|p1a: Tyranitar|[from]lockedmove\n|-supereffective|p1a: Tyranitar\n|-damage|p1a: Tyranitar|88\/100\n|move|p1a: Tyranitar|Diamond Storm|p2a: Ninetales\n|-supereffective|p2a: Ninetales\n|-damage|p2a: Ninetales|0 fnt\n|-boost|p1a: Tyranitar|def|2\n|faint|p2a: Ninetales\n|\n|-weather|Sandstorm|[upkeep]\n|upkeep\n|\n|t:|1667158025\n|switch|p2a: Mew|Mew|100\/100\n|turn|4\n|\n|t:|1667158035\n|move|p2a: Mew|Cosmic Power|p2a: Mew\n|-boost|p2a: Mew|def|1\n|-boost|p2a: Mew|spd|1\n|move|p1a: Tyranitar|Diamond Storm|p2a: Mew\n|-damage|p2a: Mew|79\/100\n|\n|-weather|Sandstorm|[upkeep]\n|-damage|p2a: Mew|73\/100|[from] Sandstorm\n|-heal|p2a: Mew|79\/100|[from] item: Leftovers\n|upkeep\n|turn|5\n|\n|t:|1667158039\n|move|p2a: Mew|Cosmic Power|p2a: Mew\n|-boost|p2a: Mew|def|1\n|-boost|p2a: Mew|spd|1\n|move|p1a: Tyranitar|Thunder Wave|p2a: Mew\n|-status|p2a: Mew|par\n|-activate|p2a: Mew|ability: Synchronize\n|-status|p1a: Tyranitar|par\n|\n|-weather|Sandstorm|[upkeep]\n|-damage|p2a: Mew|73\/100 par|[from] Sandstorm\n|-heal|p2a: Mew|79\/100 par|[from] item: Leftovers\n|upkeep\n|turn|6\n|\n|t:|1667158042\n|cant|p2a: Mew|par\n|move|p1a: Tyranitar|Parting Shot|p2a: Mew\n|-unboost|p2a: Mew|atk|1\n|-unboost|p2a: Mew|spa|1\n|j| Thick and Creamy\n|\n|t:|1667158053\n|switch|p1a: Dracozolt|Dracozolt|100\/100|[from]move: Parting Shot\n|\n|-weather|Sandstorm|[upkeep]\n|-damage|p2a: Mew|73\/100 par|[from] Sandstorm\n|-heal|p2a: Mew|79\/100 par|[from] item: Leftovers\n|upkeep\n|turn|7\n|l| Thick and Creamy\n|j| suloxiv \u266a\n|\n|t:|1667158072\n|move|p1a: Dracozolt|Dragon Dance|p1a: Dracozolt\n|-boost|p1a: Dracozolt|atk|1\n|-boost|p1a: Dracozolt|spe|1\n|cant|p2a: Mew|par\n|\n|-weather|Sandstorm|[upkeep]\n|-damage|p2a: Mew|73\/100 par|[from] Sandstorm\n|-heal|p2a: Mew|79\/100 par|[from] item: Leftovers\n|upkeep\n|turn|8\n|\n|t:|1667158075\n|move|p1a: Dracozolt|Bolt Beak|p2a: Mew\n|-damage|p2a: Mew|20\/100 par\n|-damage|p1a: Dracozolt|91\/100|[from] item: Life Orb\n|cant|p2a: Mew|par\n|\n|-weather|Sandstorm|[upkeep]\n|-damage|p2a: Mew|14\/100 par|[from] Sandstorm\n|-heal|p2a: Mew|20\/100 par|[from] item: Leftovers\n|upkeep\n|turn|9\n|\n|t:|1667158079\n|move|p1a: Dracozolt|Bolt Beak|p2a: Mew\n|-damage|p2a: Mew|0 fnt\n|faint|p2a: Mew\n|-damage|p1a: Dracozolt|81\/100|[from] item: Life Orb\n|\n|-weather|none\n|upkeep\n|c|\u26061hfkqhwhrelk|literally how\n|\n|t:|1667158091\n|switch|p2a: Salamence|Salamence, M|100\/100\n|turn|10\n|\n|t:|1667158095\n|move|p1a: Dracozolt|Dragon Darts|p2a: Salamence\n|-supereffective|p2a: Salamence\n|-enditem|p2a: Salamence|Focus Sash\n|-damage|p2a: Salamence|1\/100\n|-anim|p1a: Dracozolt|Dragon Darts|p2a: Salamence\n|-supereffective|p2a: Salamence\n|-damage|p2a: Salamence|0 fnt\n|faint|p2a: Salamence\n|-damage|p1a: Dracozolt|71\/100|[from] item: Life Orb\n|\n|upkeep\n|j| Wrathoftheleopard\n|inactive|1hfkqhwhrelk has 120 seconds left.\n|\n|t:|1667158129\n|switch|p2a: Regieleki|Regieleki|100\/100\n|turn|11\n|\n|t:|1667158135\n|move|p2a: Regieleki|Volt Switch|p1a: Dracozolt\n|-resisted|p1a: Dracozolt\n|-damage|p1a: Dracozolt|58\/100\n|inactive|1hfkqhwhrelk has 120 seconds left.\n|\n|t:|1667158175\n|switch|p2a: falinks from inh|Buzzwole|100\/100|[from]move: Volt Switch\n|move|p1a: Dracozolt|Dragon Darts|p2a: falinks from inh\n|-damage|p2a: falinks from inh|65\/100\n|-anim|p1a: Dracozolt|Dragon Darts|p2a: falinks from inh\n|-damage|p2a: falinks from inh|30\/100\n|-damage|p1a: Dracozolt|48\/100|[from] item: Life Orb\n|\n|upkeep\n|turn|12\n|-message|1hfkqhwhrelk forfeited.\n|\n|win|Delibird Heart\n|n|\u2606Delibird Heart|delibirdheart\n|n|\u26061hfkqhwhrelk|1hfkqhwhrelk\n|n| Asb04|asb04\n|n| KaenSoul|kaensoul\n|n| blizihguh|blizihguh\n|n| suloxiv \u266a|suloxiv\n|n| Wrathoftheleopard|wrathoftheleopard\n","uploadtime":1667158181,"views":9,"p1id":"delibirdheart","p2id":"1hfkqhwhrelk","formatid":"gen8stabmons","rating":0,"private":0,"password":null}