{"id":"gen8ou-1202112830","p1":"The_Denturian","p2":"glaed13","format":"gen8ou","log":"|j|\u2606The_Denturian\n|j|\u2606glaed13\n|t:|1602531754\n|player|p1|The_Denturian|officeworker|1431\n|player|p2|glaed13|cheren-gen5bw2|1447\n|teamsize|p1|6\n|teamsize|p2|6\n|gametype|singles\n|gen|8\n|tier|[Gen 8] OU\n|rated|\n|clearpoke\n|poke|p1|Copperajah, F|\n|poke|p1|Dragapult, F|\n|poke|p1|Mandibuzz, F|\n|poke|p1|Hatterene, F|\n|poke|p1|Urshifu-*, M|\n|poke|p1|Rotom-Heat|\n|poke|p2|Skarmory, M|\n|poke|p2|Haxorus, F|\n|poke|p2|Vileplume, F|\n|poke|p2|Inteleon, M|\n|poke|p2|Morpeko, M|\n|poke|p2|Obstagoon, M|\n|rule|Sleep Clause Mod: Limit one foe put to sleep\n|rule|Species Clause: Limit one of each Pok\u00e9mon\n|rule|OHKO Clause: OHKO moves are banned\n|rule|Evasion Moves Clause: Evasion moves are banned\n|rule|Endless Battle Clause: Forcing endless battles is banned\n|rule|HP Percentage Mod: HP is shown in percentages\n|rule|Dynamax Clause: You cannot dynamax\n|teampreview\n|inactive|Battle timer is ON: inactive players will automatically lose when time's up. (requested by The_Denturian)\n|inactive|glaed13 also wants the timer to be on.\n|\n|t:|1602531768\n|start\n|switch|p1a: Copperajah|Copperajah, F|100\/100\n|switch|p2a: Obstagoon|Obstagoon, M|100\/100\n|turn|1\n|\n|t:|1602531778\n|switch|p1a: Hatterene|Hatterene, F|100\/100\n|move|p2a: Obstagoon|Parting Shot|p1a: Hatterene\n|move|p1a: Hatterene|Parting Shot|p2a: Obstagoon|[from]Magic Bounce\n|-unboost|p2a: Obstagoon|atk|1\n|-unboost|p2a: Obstagoon|spa|1\n|\n|t:|1602531793\n|switch|p1a: Dragapult|Dragapult, F|100\/100|[from]move: Parting Shot\n|\n|upkeep\n|turn|2\n|\n|t:|1602531798\n|move|p2a: Obstagoon|Parting Shot|p1a: Dragapult\n|-unboost|p1a: Dragapult|atk|1\n|-unboost|p1a: Dragapult|spa|1\n|\n|t:|1602531806\n|switch|p2a: Vileplume|Vileplume, F|100\/100|[from]move: Parting Shot\n|move|p1a: Dragapult|Will-O-Wisp|p2a: Vileplume\n|-status|p2a: Vileplume|brn\n|\n|-damage|p2a: Vileplume|95\/100 brn|[from] brn\n|upkeep\n|turn|3\n|\n|t:|1602531817\n|switch|p2a: Obstagoon|Obstagoon, M|100\/100\n|move|p1a: Dragapult|U-turn|p2a: Obstagoon\n|-supereffective|p2a: Obstagoon\n|-damage|p2a: Obstagoon|72\/100\n|inactive|The_Denturian has 120 seconds left.\n|\n|t:|1602531850\n|switch|p1a: Hatterene|Hatterene, F|100\/100|[from]move: U-turn\n|\n|upkeep\n|turn|4\n|\n|t:|1602531861\n|move|p2a: Obstagoon|Trick|p1a: Hatterene\n|-activate|p2a: Obstagoon|move: Trick|[of] p1a: Hatterene\n|-item|p1a: Hatterene|Choice Scarf|[from] move: Trick\n|-item|p2a: Obstagoon|Leftovers|[from] move: Trick\n|move|p1a: Hatterene|Calm Mind|p1a: Hatterene\n|-boost|p1a: Hatterene|spa|1\n|-boost|p1a: Hatterene|spd|1\n|\n|-heal|p2a: Obstagoon|78\/100|[from] item: Leftovers\n|upkeep\n|turn|5\n|\n|t:|1602531872\n|switch|p1a: Urshifu|Urshifu-Rapid-Strike, M|100\/100\n|move|p2a: Obstagoon|Knock Off|p1a: Urshifu\n|-resisted|p1a: Urshifu\n|-damage|p1a: Urshifu|80\/100\n|-enditem|p1a: Urshifu|Choice Band|[from] move: Knock Off|[of] p2a: Obstagoon\n|\n|-heal|p2a: Obstagoon|85\/100|[from] item: Leftovers\n|upkeep\n|turn|6\n|\n|t:|1602531884\n|switch|p2a: Vileplume|Vileplume, F|95\/100 brn\n|move|p1a: Urshifu|U-turn|p2a: Vileplume\n|-damage|p2a: Vileplume|70\/100 brn\n|-status|p1a: Urshifu|slp|[from] ability: Effect Spore|[of] p2a: Vileplume\n|\n|t:|1602531893\n|switch|p1a: Copperajah|Copperajah, F|100\/100|[from]move: U-turn\n|\n|-heal|p2a: Vileplume|76\/100 brn|[from] item: Black Sludge\n|-damage|p2a: Vileplume|70\/100 brn|[from] brn\n|upkeep\n|turn|7\n|\n|t:|1602531903\n|switch|p2a: Haxorus|Haxorus, F|100\/100\n|-ability|p2a: Haxorus|Mold Breaker\n|move|p1a: Copperajah|Heat Crash|p2a: Haxorus\n|-resisted|p2a: Haxorus\n|-damage|p2a: Haxorus|70\/100\n|\n|upkeep\n|turn|8\n|\n|t:|1602531916\n|switch|p1a: Hatterene|Hatterene, F|100\/100\n|move|p2a: Haxorus|Earthquake|p1a: Hatterene\n|-damage|p1a: Hatterene|64\/100\n|\n|upkeep\n|turn|9\n|\n|t:|1602531923\n|move|p2a: Haxorus|Poison Jab|p1a: Hatterene\n|-supereffective|p1a: Hatterene\n|-damage|p1a: Hatterene|0 fnt\n|faint|p1a: Hatterene\n|\n|upkeep\n|\n|t:|1602531931\n|switch|p1a: Mandibuzz|Mandibuzz, F|100\/100\n|turn|10\n|\n|t:|1602531935\n|switch|p2a: Obstagoon|Obstagoon, M|85\/100\n|switch|p1a: Rotom|Rotom-Heat|100\/100\n|\n|-heal|p2a: Obstagoon|91\/100|[from] item: Leftovers\n|upkeep\n|turn|11\n|\n|t:|1602531945\n|move|p1a: Rotom|Nasty Plot|p1a: Rotom\n|-boost|p1a: Rotom|spa|2\n|move|p2a: Obstagoon|Knock Off|p1a: Rotom\n|-damage|p1a: Rotom|58\/100\n|-enditem|p1a: Rotom|Heavy-Duty Boots|[from] move: Knock Off|[of] p2a: Obstagoon\n|\n|-heal|p2a: Obstagoon|97\/100|[from] item: Leftovers\n|upkeep\n|turn|12\n|\n|t:|1602531957\n|move|p1a: Rotom|Overheat|p2a: Obstagoon\n|-damage|p2a: Obstagoon|0 fnt\n|-unboost|p1a: Rotom|spa|2\n|faint|p2a: Obstagoon\n|\n|upkeep\n|\n|t:|1602531966\n|switch|p2a: Inteleon|Inteleon, M|100\/100\n|turn|13\n|\n|t:|1602531979\n|switch|p1a: Copperajah|Copperajah, F|100\/100\n|move|p2a: Inteleon|Snipe Shot|p1a: Copperajah\n|-crit|p1a: Copperajah\n|-damage|p1a: Copperajah|34\/100\n|\n|upkeep\n|turn|14\n|\n|t:|1602532001\n|move|p2a: Inteleon|Focus Energy|p2a: Inteleon\n|-start|p2a: Inteleon|move: Focus Energy\n|move|p1a: Copperajah|Power Whip|p2a: Inteleon\n|-supereffective|p2a: Inteleon\n|-damage|p2a: Inteleon|0 fnt\n|faint|p2a: Inteleon\n|\n|upkeep\n|\n|t:|1602532010\n|switch|p2a: Haxorus|Haxorus, F|70\/100\n|-ability|p2a: Haxorus|Mold Breaker\n|turn|15\n|\n|t:|1602532015\n|switch|p1a: Mandibuzz|Mandibuzz, F|100\/100\n|move|p2a: Haxorus|Dragon Dance|p2a: Haxorus\n|-boost|p2a: Haxorus|atk|1\n|-boost|p2a: Haxorus|spe|1\n|\n|upkeep\n|turn|16\n|\n|t:|1602532032\n|move|p2a: Haxorus|Dragon Claw|p1a: Mandibuzz\n|-damage|p1a: Mandibuzz|55\/100\n|move|p1a: Mandibuzz|Foul Play|p2a: Haxorus\n|-damage|p2a: Haxorus|0 fnt\n|faint|p2a: Haxorus\n|\n|upkeep\n|\n|t:|1602532040\n|switch|p2a: Morpeko|Morpeko, M|100\/100\n|turn|17\n|\n|t:|1602532047\n|switch|p1a: Copperajah|Copperajah, F|34\/100\n|move|p2a: Morpeko|Aura Wheel|p1a: Copperajah\n|-damage|p1a: Copperajah|0 fnt\n|-boost|p2a: Morpeko|spe|1\n|faint|p1a: Copperajah\n|\n|-formechange|p2a: Morpeko|Morpeko-Hangry||[from] ability: Hunger Switch\n|upkeep\n|\n|t:|1602532057\n|switch|p1a: Rotom|Rotom-Heat|58\/100\n|turn|18\n|\n|t:|1602532062\n|move|p2a: Morpeko|Aura Wheel|p1a: Rotom\n|-damage|p1a: Rotom|4\/100\n|-boost|p2a: Morpeko|spe|1\n|move|p1a: Rotom|Overheat|p2a: Morpeko\n|-damage|p2a: Morpeko|1\/100\n|-unboost|p1a: Rotom|spa|2\n|\n|-formechange|p2a: Morpeko|Morpeko||[from] ability: Hunger Switch\n|upkeep\n|turn|19\n|\n|t:|1602532080\n|move|p2a: Morpeko|Aura Wheel|p1a: Rotom\n|-resisted|p1a: Rotom\n|-damage|p1a: Rotom|0 fnt\n|-boost|p2a: Morpeko|spe|1\n|faint|p1a: Rotom\n|\n|-formechange|p2a: Morpeko|Morpeko-Hangry||[from] ability: Hunger Switch\n|upkeep\n|\n|t:|1602532083\n|switch|p1a: Mandibuzz|Mandibuzz, F|55\/100\n|turn|20\n|\n|t:|1602532100\n|switch|p2a: Skarmory|Skarmory, M|100\/100\n|move|p1a: Mandibuzz|Foul Play|p2a: Skarmory\n|-damage|p2a: Skarmory|82\/100\n|-damage|p1a: Mandibuzz|39\/100|[from] item: Rocky Helmet|[of] p2a: Skarmory\n|\n|upkeep\n|turn|21\n|\n|t:|1602532111\n|switch|p1a: Urshifu|Urshifu-Rapid-Strike, M|80\/100 slp\n|switch|p2a: Vileplume|Vileplume, F|70\/100 brn\n|\n|-heal|p2a: Vileplume|76\/100 brn|[from] item: Black Sludge\n|-damage|p2a: Vileplume|70\/100 brn|[from] brn\n|upkeep\n|turn|22\n|\n|t:|1602532121\n|cant|p1a: Urshifu|slp\n|move|p2a: Vileplume|Moonblast|p1a: Urshifu\n|-supereffective|p1a: Urshifu\n|-damage|p1a: Urshifu|5\/100 slp\n|\n|-heal|p2a: Vileplume|76\/100 brn|[from] item: Black Sludge\n|-damage|p2a: Vileplume|70\/100 brn|[from] brn\n|upkeep\n|turn|23\n|\n|t:|1602532131\n|cant|p1a: Urshifu|slp\n|move|p2a: Vileplume|Moonblast|p1a: Urshifu\n|-supereffective|p1a: Urshifu\n|-damage|p1a: Urshifu|0 fnt\n|faint|p1a: Urshifu\n|\n|-heal|p2a: Vileplume|76\/100 brn|[from] item: Black Sludge\n|-damage|p2a: Vileplume|70\/100 brn|[from] brn\n|upkeep\n|\n|t:|1602532133\n|switch|p1a: Dragapult|Dragapult, F|100\/100\n|turn|24\n|\n|t:|1602532142\n|move|p1a: Dragapult|Hex|p2a: Vileplume\n|-damage|p2a: Vileplume|15\/100 brn\n|move|p2a: Vileplume|Moonblast|p1a: Dragapult\n|-supereffective|p1a: Dragapult\n|-damage|p1a: Dragapult|35\/100\n|-unboost|p1a: Dragapult|spa|1\n|\n|-heal|p2a: Vileplume|21\/100 brn|[from] item: Black Sludge\n|-damage|p2a: Vileplume|15\/100 brn|[from] brn\n|upkeep\n|turn|25\n|\n|t:|1602532151\n|move|p1a: Dragapult|Hex|p2a: Vileplume\n|-damage|p2a: Vileplume|0 fnt\n|faint|p2a: Vileplume\n|\n|upkeep\n|\n|t:|1602532159\n|switch|p2a: Skarmory|Skarmory, M|82\/100\n|turn|26\n|\n|t:|1602532164\n|move|p1a: Dragapult|Will-O-Wisp|p2a: Skarmory|[miss]\n|-miss|p1a: Dragapult|p2a: Skarmory\n|move|p2a: Skarmory|Drill Peck|p1a: Dragapult\n|-damage|p1a: Dragapult|0 fnt\n|faint|p1a: Dragapult\n|\n|upkeep\n|\n|t:|1602532167\n|switch|p1a: Mandibuzz|Mandibuzz, F|39\/100\n|turn|27\n|\n|t:|1602532175\n|switch|p2a: Morpeko|Morpeko, M|1\/100\n|move|p1a: Mandibuzz|Roost|p1a: Mandibuzz\n|-heal|p1a: Mandibuzz|89\/100\n|-singleturn|p1a: Mandibuzz|move: Roost\n|\n|-formechange|p2a: Morpeko|Morpeko-Hangry||[from] ability: Hunger Switch\n|upkeep\n|turn|28\n|\n|t:|1602532186\n|move|p2a: Morpeko|Fake Out|p1a: Mandibuzz\n|-damage|p1a: Mandibuzz|80\/100\n|cant|p1a: Mandibuzz|flinch\n|\n|-formechange|p2a: Morpeko|Morpeko||[from] ability: Hunger Switch\n|upkeep\n|turn|29\n|\n|t:|1602532195\n|move|p2a: Morpeko|Aura Wheel|p1a: Mandibuzz\n|-supereffective|p1a: Mandibuzz\n|-damage|p1a: Mandibuzz|20\/100\n|-boost|p2a: Morpeko|spe|1\n|move|p1a: Mandibuzz|Foul Play|p2a: Morpeko\n|-resisted|p2a: Morpeko\n|-damage|p2a: Morpeko|0 fnt\n|faint|p2a: Morpeko\n|\n|upkeep\n|\n|t:|1602532206\n|switch|p2a: Skarmory|Skarmory, M|82\/100\n|turn|30\n|\n|t:|1602532210\n|move|p1a: Mandibuzz|Roost|p1a: Mandibuzz\n|-heal|p1a: Mandibuzz|70\/100\n|-singleturn|p1a: Mandibuzz|move: Roost\n|move|p2a: Skarmory|Body Press|p1a: Mandibuzz\n|-supereffective|p1a: Mandibuzz\n|-damage|p1a: Mandibuzz|29\/100\n|\n|upkeep\n|turn|31\n|c|\u2606The_Denturian|gg\n|\n|t:|1602532217\n|move|p1a: Mandibuzz|Foul Play|p2a: Skarmory\n|-damage|p2a: Skarmory|64\/100\n|-damage|p1a: Mandibuzz|13\/100|[from] item: Rocky Helmet|[of] p2a: Skarmory\n|move|p2a: Skarmory|Body Press|p1a: Mandibuzz\n|-damage|p1a: Mandibuzz|0 fnt\n|faint|p1a: Mandibuzz\n|\n|win|glaed13\n|l|\u2606glaed13\n||Ladder (probably) updated, but score could not be retrieved (Request timeout).\n","uploadtime":1602532964,"views":5,"p1id":"thedenturian","p2id":"glaed13","formatid":"gen8ou","rating":0,"private":0,"password":null}