{"id":"gen8ubers-1292240456","p1":"Uber45","p2":"DiameteR\u272fXtreme","format":"gen8ubers","log":"|j|\u2606Uber45\n|j|\u2606DiameteR\u272fXtreme\n|t:|1614616449\n|player|p1|Uber45|unknown|\n|player|p2|DiameteR\u272fXtreme|jasmine-gen2|\n|teamsize|p1|6\n|teamsize|p2|6\n|gametype|singles\n|gen|8\n|tier|[Gen 8] Ubers\n|rated|Tournament battle\n|clearpoke\n|poke|p1|Ho-Oh|\n|poke|p1|Necrozma-Dusk-Mane|\n|poke|p1|Yveltal|\n|poke|p1|Calyrex-Shadow|\n|poke|p1|Marshadow|\n|poke|p1|Eternatus|\n|poke|p2|Necrozma-Dusk-Mane|\n|poke|p2|Ditto|\n|poke|p2|Yveltal|\n|poke|p2|Eternatus|\n|poke|p2|Zacian|\n|poke|p2|Lunala|\n|rule|Sleep Clause Mod: Limit one foe put to sleep\n|rule|Species Clause: Limit one of each Pok\u00e9mon\n|rule|OHKO Clause: OHKO moves are banned\n|rule|Evasion Moves Clause: Evasion moves are banned\n|rule|Endless Battle Clause: Forcing endless battles is banned\n|rule|HP Percentage Mod: HP is shown in percentages\n|rule|Dynamax Clause: You cannot dynamax\n|teampreview\n|j| rng loser\n|j| bITe\u2666EN\u2666FEu\u706b\n|c|\u2606DiameteR\u272fXtreme|hf\n|c|\u2606Uber45|Gl\n|j| slimslacker\n|\n|t:|1614616508\n|start\n|switch|p1a: Counter \u00e0 broken 2|Yveltal|100\/100\n|switch|p2a: Equilibrium|Zacian|100\/100\n|-ability|p2a: Equilibrium|Intrepid Sword|boost\n|-boost|p2a: Equilibrium|atk|1\n|-ability|p1a: Counter \u00e0 broken 2|Dark Aura\n|turn|1\n|\n|t:|1614616539\n|switch|p2a: Exis|Necrozma-Dusk-Mane|100\/100\n|switch|p1a: Simba|Necrozma-Dusk-Mane|100\/100\n|\n|upkeep\n|turn|2\n|\n|t:|1614616545\n|move|p2a: Exis|Stealth Rock|p1a: Simba\n|-sidestart|p1: Uber45|move: Stealth Rock\n|move|p1a: Simba|Thunder Wave|p2a: Exis\n|-status|p2a: Exis|par\n|\n|upkeep\n|turn|3\n|\n|t:|1614616550\n|move|p1a: Simba|Stealth Rock|p2a: Exis\n|-sidestart|p2: DiameteR\u272fXtreme|move: Stealth Rock\n|move|p2a: Exis|Thunder Wave|p1a: Simba|[miss]\n|-miss|p2a: Exis|p1a: Simba\n|\n|upkeep\n|turn|4\n|\n|t:|1614616566\n|move|p1a: Simba|Sunsteel Strike|p2a: Exis\n|-resisted|p2a: Exis\n|-damage|p2a: Exis|87\/100 par\n|move|p2a: Exis|Thunder Wave|p1a: Simba\n|-status|p1a: Simba|par\n|\n|-heal|p2a: Exis|93\/100 par|[from] item: Leftovers\n|upkeep\n|turn|5\n|\n|t:|1614616570\n|switch|p1a: Counter \u00e0 broken 2|Yveltal|100\/100\n|-ability|p1a: Counter \u00e0 broken 2|Dark Aura\n|move|p2a: Exis|Thunder Wave|p1a: Counter \u00e0 broken 2\n|-status|p1a: Counter \u00e0 broken 2|par\n|\n|-heal|p2a: Exis|99\/100 par|[from] item: Leftovers\n|upkeep\n|turn|6\n|\n|t:|1614616581\n|switch|p1a: Simba|Necrozma-Dusk-Mane|100\/100 par\n|-damage|p1a: Simba|94\/100 par|[from] Stealth Rock\n|switch|p2a: Exo|Eternatus|100\/100\n|-ability|p2a: Exo|Pressure\n|\n|upkeep\n|turn|7\n|\n|t:|1614616589\n|switch|p2a: Exis|Necrozma-Dusk-Mane|99\/100 par\n|-damage|p2a: Exis|93\/100 par|[from] Stealth Rock\n|switch|p1a: No\u00ebl|Ho-Oh|100\/100\n|\n|-heal|p2a: Exis|99\/100 par|[from] item: Leftovers\n|upkeep\n|turn|8\n|j| bfdxgfn\n|\n|t:|1614616596\n|move|p1a: No\u00ebl|Defog|p2a: Exis\n|-unboost|p2a: Exis|evasion|1\n|-sideend|p2: DiameteR\u272fXtreme|Stealth Rock|[from] move: Defog|[of] p1a: No\u00ebl\n|-sideend|p1: Uber45|Stealth Rock|[from] move: Defog|[of] p1a: No\u00ebl\n|move|p2a: Exis|Thunder Wave|p1a: No\u00ebl\n|-status|p1a: No\u00ebl|par\n|\n|-heal|p2a: Exis|100\/100 par|[from] item: Leftovers\n|upkeep\n|turn|9\n|\n|t:|1614616600\n|cant|p1a: No\u00ebl|par\n|move|p2a: Exis|Stealth Rock|p1a: No\u00ebl\n|-sidestart|p1: Uber45|move: Stealth Rock\n|\n|upkeep\n|turn|10\n|\n|t:|1614616605\n|switch|p2a: Exo|Eternatus|100\/100\n|-ability|p2a: Exo|Pressure\n|move|p1a: No\u00ebl|Defog|p2a: Exo\n|-unboost|p2a: Exo|evasion|1\n|-sideend|p1: Uber45|Stealth Rock|[from] move: Defog|[of] p1a: No\u00ebl\n|\n|upkeep\n|turn|11\n|\n|t:|1614616619\n|switch|p2a: Exis|Necrozma-Dusk-Mane|100\/100 par\n|switch|p1a: Simba|Necrozma-Dusk-Mane|94\/100 par\n|\n|upkeep\n|turn|12\n|\n|t:|1614616632\n|switch|p1a: Counter \u00e0 broken 2|Yveltal|100\/100 par\n|-ability|p1a: Counter \u00e0 broken 2|Dark Aura\n|move|p2a: Exis|Stealth Rock|p1a: Counter \u00e0 broken 2\n|-sidestart|p1: Uber45|move: Stealth Rock\n|\n|upkeep\n|turn|13\n|\n|t:|1614616639\n|switch|p2a: Exo|Eternatus|100\/100\n|-ability|p2a: Exo|Pressure\n|move|p1a: Counter \u00e0 broken 2|Knock Off|p2a: Exo\n|-damage|p2a: Exo|49\/100\n|-enditem|p2a: Exo|Heavy-Duty Boots|[from] move: Knock Off|[of] p1a: Counter \u00e0 broken 2\n|\n|upkeep\n|turn|14\n|l| slimslacker\n|\n|t:|1614616647\n|move|p1a: Counter \u00e0 broken 2|Sucker Punch||[still]\n|-fail|p1a: Counter \u00e0 broken 2\n|move|p2a: Exo|Recover|p2a: Exo\n|-heal|p2a: Exo|99\/100\n|\n|upkeep\n|turn|15\n|\n|t:|1614616700\n|switch|p2a: Equilibrium|Zacian|100\/100\n|-ability|p2a: Equilibrium|Intrepid Sword|boost\n|-boost|p2a: Equilibrium|atk|1\n|move|p1a: Counter \u00e0 broken 2|Knock Off|p2a: Equilibrium\n|-resisted|p2a: Equilibrium\n|-damage|p2a: Equilibrium|68\/100\n|-enditem|p2a: Equilibrium|Choice Band|[from] move: Knock Off|[of] p1a: Counter \u00e0 broken 2\n|\n|upkeep\n|turn|16\n|\n|t:|1614616713\n|switch|p1a: Simba|Necrozma-Dusk-Mane|94\/100 par\n|-damage|p1a: Simba|88\/100 par|[from] Stealth Rock\n|move|p2a: Equilibrium|Assurance|p1a: Simba\n|-supereffective|p1a: Simba\n|-damage|p1a: Simba|39\/100 par\n|-damage|p2a: Equilibrium|52\/100|[from] item: Rocky Helmet|[of] p1a: Simba\n|\n|upkeep\n|turn|17\n|j| JanitorHepps\n|\n|t:|1614616734\n|move|p2a: Equilibrium|Close Combat|p1a: Simba\n|-damage|p1a: Simba|7\/100 par\n|-unboost|p2a: Equilibrium|def|1\n|-unboost|p2a: Equilibrium|spd|1\n|-damage|p2a: Equilibrium|35\/100|[from] item: Rocky Helmet|[of] p1a: Simba\n|move|p1a: Simba|Morning Sun|p1a: Simba\n|-heal|p1a: Simba|57\/100 par\n|\n|upkeep\n|turn|18\n|c| rng loser|well\n|\n|t:|1614616746\n|move|p2a: Equilibrium|Close Combat|p1a: Simba\n|-damage|p1a: Simba|26\/100 par\n|-unboost|p2a: Equilibrium|def|1\n|-unboost|p2a: Equilibrium|spd|1\n|-damage|p2a: Equilibrium|19\/100|[from] item: Rocky Helmet|[of] p1a: Simba\n|cant|p1a: Simba|par\n|\n|upkeep\n|turn|19\n|\n|t:|1614616762\n|move|p2a: Equilibrium|Wild Charge|p1a: Simba\n|-damage|p1a: Simba|3\/100 par\n|-damage|p2a: Equilibrium|2\/100|[from] item: Rocky Helmet|[of] p1a: Simba\n|-damage|p2a: Equilibrium|0 fnt|[from] Recoil\n|faint|p2a: Equilibrium\n|move|p1a: Simba|Morning Sun|p1a: Simba\n|-heal|p1a: Simba|53\/100 par\n|\n|upkeep\n|c|\u2606Uber45|Wath\n|c|\u2606DiameteR\u272fXtreme|gg\n|-message|DiameteR\u272fXtreme forfeited.\n|\n|win|Uber45\n|n|\u2606Uber45|uber45\n|n|\u2606DiameteR\u272fXtreme|diameterxtreme\n|n| rng loser|rngloser\n|n| bITe\u2666EN\u2666FEu\u706b|biteenfeu\n|n| bfdxgfn|bfdxgfn\n|n| JanitorHepps|janitorhepps\n","uploadtime":1614616785,"views":10,"p1id":"uber45","p2id":"diameterxtreme","formatid":"gen8ubers","rating":0,"private":0,"password":null}