{"id":"gen8nationaldexag-1644843519","p1":"Coquillage deter","p2":"Meracx","format":"gen8nationaldexag","log":"|j|\u2606Coquillage deter\n|j|\u2606Meracx\n|t:|1661104160\n|gametype|singles\n|player|p1|Coquillage deter|1|\n|player|p2|Meracx|thorton|\n|teamsize|p1|6\n|teamsize|p2|6\n|gen|8\n|tier|[Gen 8] National Dex AG\n|rule|HP Percentage Mod: HP is shown in percentages\n|rule|Endless Battle Clause: Forcing endless battles is banned\n|clearpoke\n|poke|p1|Gigalith, M|\n|poke|p1|Garchomp, M|\n|poke|p1|Omastar, M|\n|poke|p1|Lanturn, F|\n|poke|p1|Espeon, F|\n|poke|p1|Wigglytuff, M|\n|poke|p2|Doublade, M|\n|poke|p2|Manaphy|\n|poke|p2|Sceptile, M|\n|poke|p2|Guzzlord|\n|poke|p2|Sylveon, F|\n|poke|p2|Sigilyph, M|\n|teampreview\n|c|\u2606Meracx|hf mec\n|c|\u2606Coquillage deter|hf frerot\n|c|\u2606Meracx|Pas de Blacephalon tu d\u00e9go\u00fbtes\n|c|\u2606Meracx|Mon pauvre Guzzlord\n|c|\u2606Coquillage deter|*Raticate*\n|j| Nicooole\n|j| framboise fangirl\n|j| FlorentM\n|c| framboise fangirl|Coquillage d\u00e9ter\n|\n|t:|1661104266\n|start\n|switch|p1a: Atypique|Wigglytuff, M|100\/100\n|switch|p2a: ??? deter|Manaphy|100\/100\n|-item|p2a: ??? deter|Choice Scarf|[from] ability: Frisk|[of] p1a: Atypique|[identify]\n|turn|1\n|\n|t:|1661104287\n|move|p2a: ??? deter|U-turn|p1a: Atypique\n|-resisted|p1a: Atypique\n|-damage|p1a: Atypique|92\/100\n|j| Sakaweed\n|\n|t:|1661104312\n|switch|p2a: Poubelle deter|Guzzlord|100\/100|[from]move: U-turn\n|move|p1a: Atypique|Reflect|p1a: Atypique\n|-sidestart|p1: Coquillage deter|Reflect\n|\n|upkeep\n|turn|2\n|l| FlorentM\n|\n|t:|1661104320\n|switch|p1a: Random deter|Gigalith, M|100\/100\n|-weather|Sandstorm|[from] ability: Sand Stream|[of] p1a: Random deter\n|move|p2a: Poubelle deter|Knock Off|p1a: Random deter\n|-damage|p1a: Random deter|84\/100\n|-enditem|p1a: Random deter|Choice Band|[from] move: Knock Off|[of] p2a: Poubelle deter\n|\n|-weather|Sandstorm|[upkeep]\n|-damage|p2a: Poubelle deter|94\/100|[from] Sandstorm\n|upkeep\n|turn|3\n|\n|t:|1661104345\n|move|p2a: Poubelle deter|Earthquake|p1a: Random deter\n|-supereffective|p1a: Random deter\n|-damage|p1a: Random deter|59\/100\n|move|p1a: Random deter|Earthquake|p2a: Poubelle deter\n|-damage|p2a: Poubelle deter|58\/100\n|\n|-weather|Sandstorm|[upkeep]\n|-damage|p2a: Poubelle deter|52\/100|[from] Sandstorm\n|upkeep\n|turn|4\n|\n|t:|1661104357\n|switch|p1a: Original|Garchomp, M|100\/100\n|move|p2a: Poubelle deter|Earthquake|p1a: Original\n|-damage|p1a: Original|86\/100\n|\n|-weather|Sandstorm|[upkeep]\n|-damage|p2a: Poubelle deter|46\/100|[from] Sandstorm\n|upkeep\n|turn|5\n|\n|t:|1661104367\n|switch|p2a: Cyclope deter|Sigilyph, M|100\/100\n|detailschange|p1a: Original|Garchomp-Mega, M\n|-mega|p1a: Original|Garchomp|Garchompite\n|move|p1a: Original|Earthquake|p2a: Cyclope deter\n|-immune|p2a: Cyclope deter\n|\n|-weather|Sandstorm|[upkeep]\n|-status|p2a: Cyclope deter|brn|[from] item: Flame Orb\n|upkeep\n|turn|6\n|j| FlorentM\n|\n|t:|1661104380\n|switch|p1a: Surprenant|Lanturn, F|100\/100\n|move|p2a: Cyclope deter|Psycho Shift|p1a: Surprenant\n|-status|p1a: Surprenant|brn\n|-curestatus|p2a: Cyclope deter|brn|[msg]\n|\n|-weather|none\n|-damage|p1a: Surprenant|94\/100 brn|[from] brn\n|-status|p2a: Cyclope deter|brn|[from] item: Flame Orb\n|upkeep\n|turn|7\n|\n|t:|1661104391\n|switch|p2a: Poubelle deter|Guzzlord|46\/100\n|move|p1a: Surprenant|Volt Switch|p2a: Poubelle deter\n|-resisted|p2a: Poubelle deter\n|-damage|p2a: Poubelle deter|40\/100\n|\n|t:|1661104400\n|switch|p1a: Original|Garchomp-Mega, M|86\/100|[from]move: Volt Switch\n|\n|upkeep\n|turn|8\n|\n|t:|1661104404\n|switch|p2a: Ruban deter|Sylveon, F|100\/100\n|move|p1a: Original|Earthquake|p2a: Ruban deter\n|-damage|p2a: Ruban deter|17\/100\n|\n|-sideend|p1: Coquillage deter|Reflect\n|upkeep\n|turn|9\n|j| Kai_Kitt\n|\n|t:|1661104412\n|switch|p1a: Random deter|Gigalith, M|59\/100\n|-weather|Sandstorm|[from] ability: Sand Stream|[of] p1a: Random deter\n|move|p2a: Ruban deter|Hyper Voice|p1a: Random deter\n|-damage|p1a: Random deter|22\/100\n|\n|-weather|Sandstorm|[upkeep]\n|-damage|p2a: Ruban deter|11\/100|[from] Sandstorm\n|upkeep\n|turn|10\n|j| Fraises des boas\n|\n|t:|1661104425\n|move|p2a: Ruban deter|Hyper Voice|p1a: Random deter\n|-damage|p1a: Random deter|0 fnt\n|faint|p1a: Random deter\n|\n|-weather|Sandstorm|[upkeep]\n|-damage|p2a: Ruban deter|5\/100|[from] Sandstorm\n|upkeep\n|l| FlorentM\n|j| Endives au jambon\n|j| MP555\n|j| Gatubraz\n|\n|t:|1661104440\n|switch|p1a: Exotique|Omastar, M|100\/100\n|turn|11\n|\n|t:|1661104456\n|move|p2a: Ruban deter|Hyper Voice|p1a: Exotique\n|-damage|p1a: Exotique|44\/100\n|move|p1a: Exotique|Shell Smash|p1a: Exotique\n|-unboost|p1a: Exotique|def|1\n|-unboost|p1a: Exotique|spd|1\n|-boost|p1a: Exotique|atk|2\n|-boost|p1a: Exotique|spa|2\n|-boost|p1a: Exotique|spe|2\n|\n|-weather|Sandstorm|[upkeep]\n|-damage|p2a: Ruban deter|0 fnt|[from] Sandstorm\n|faint|p2a: Ruban deter\n|upkeep\n|\n|t:|1661104467\n|switch|p2a: ??? deter|Manaphy|100\/100\n|turn|12\n|l| MP555\n|\n|t:|1661104503\n|switch|p1a: Atypique|Wigglytuff, M|92\/100\n|-item|p2a: ??? deter|Choice Scarf|[from] ability: Frisk|[of] p1a: Atypique|[identify]\n|move|p2a: ??? deter|Surf|p1a: Atypique\n|-damage|p1a: Atypique|61\/100\n|\n|-weather|Sandstorm|[upkeep]\n|-damage|p2a: ??? deter|94\/100|[from] Sandstorm\n|-damage|p1a: Atypique|55\/100|[from] Sandstorm\n|upkeep\n|turn|13\n|j| MP555\n|\n|t:|1661104518\n|switch|p2a: L\u00e9zard deter|Sceptile, M|100\/100\n|move|p1a: Atypique|Light Screen|p1a: Atypique\n|-sidestart|p1: Coquillage deter|move: Light Screen\n|\n|-weather|none\n|upkeep\n|turn|14\n|l| MP555\n|\n|t:|1661104531\n|move|p2a: L\u00e9zard deter|Swords Dance|p2a: L\u00e9zard deter\n|-boost|p2a: L\u00e9zard deter|atk|2\n|move|p1a: Atypique|Teleport|p1a: Atypique\n|j| MP555\n|c|\u2606Coquillage deter|Les probl\u00e8mes\n|c| Kai_Kitt|Ouais\n|\n|t:|1661104546\n|switch|p1a: Original|Garchomp-Mega, M|86\/100|[from]move: Teleport\n|\n|upkeep\n|turn|15\n|\n|t:|1661104555\n|switch|p1a: Exotique|Omastar, M|44\/100\n|detailschange|p2a: L\u00e9zard deter|Sceptile-Mega, M\n|-mega|p2a: L\u00e9zard deter|Sceptile|Sceptilite\n|move|p2a: L\u00e9zard deter|Dragon Claw|p1a: Exotique\n|-damage|p1a: Exotique|0 fnt\n|faint|p1a: Exotique\n|\n|upkeep\n|\n|t:|1661104569\n|switch|p1a: Atypique|Wigglytuff, M|55\/100\n|-item|p2a: L\u00e9zard deter|Sceptilite|[from] ability: Frisk|[of] p1a: Atypique|[identify]\n|turn|16\n|\n|t:|1661104583\n|move|p2a: L\u00e9zard deter|Leaf Blade|p1a: Atypique\n|-damage|p1a: Atypique|0 fnt\n|faint|p1a: Atypique\n|\n|upkeep\n|\n|t:|1661104588\n|switch|p1a: Original|Garchomp-Mega, M|86\/100\n|turn|17\n|\n|t:|1661104590\n|move|p2a: L\u00e9zard deter|Dragon Claw|p1a: Original\n|-supereffective|p1a: Original\n|-damage|p1a: Original|0 fnt\n|faint|p1a: Original\n|\n|upkeep\n|c|\u2606Coquillage deter|gg\n|c| framboise fangirl|aie aie aie\n|c|\u2606Meracx|gg\n|\n|t:|1661104596\n|switch|p1a: Renversant|Espeon, F|100\/100\n|turn|18\n|c|\u2606Meracx|Sceptile Deter\n|\n|t:|1661104602\n|move|p2a: L\u00e9zard deter|Throat Chop|p1a: Renversant\n|-supereffective|p1a: Renversant\n|-damage|p1a: Renversant|0 fnt\n|faint|p1a: Renversant\n|\n|upkeep\n|\n|t:|1661104607\n|switch|p1a: Surprenant|Lanturn, F|94\/100 brn\n|turn|19\n|\n|t:|1661104611\n|move|p2a: L\u00e9zard deter|Leaf Blade|p1a: Surprenant\n|-supereffective|p1a: Surprenant\n|-damage|p1a: Surprenant|0 fnt\n|faint|p1a: Surprenant\n|\n|win|Meracx\n|l| MP555\n|l| Sakaweed\n|l| framboise fangirl\n|l| Kai_Kitt\n|c|\u2606Coquillage deter|J'ai 0 Si \u00e0 sceptile mdr\n|l| Fraises des boas\n|c|\u2606Coquillage deter|dans toute ma draft\n|l| Nicooole\n|c|\u2606Meracx|Oui j'ai vu \u00e7a \u00e7a me faisait plaisir\n|c|\u2606Coquillage deter|je voulais placer un z celebrate espeon\n|c|\u2606Meracx|Oh\n|c|\u2606Meracx|Je regrette presque de pas l'avoir vu\n|c|\u2606Coquillage deter|mais pas eu le temps :(\n|l| Gatubraz\n|c|\u2606Coquillage deter|bien jou\u00e9 en tout cas\n|c|\u2606Meracx|Bien jou\u00e9 \u00e0 toi !\n|l|\u2606Coquillage deter\n","uploadtime":1661104814,"views":18,"p1id":"coquillagedeter","p2id":"meracx","formatid":"gen8nationaldexag","rating":0,"private":0,"password":null}