{"id":"gen8ou-1495804015","p1":"Sp0oNl0rD","p2":"Run For Me Plz","format":"gen8ou","log":"|j|\u2606Sp0oNl0rD\n|j|\u2606Run For Me Plz\n|t:|1642786785\n|gametype|singles\n|player|p1|Sp0oNl0rD|blackbelt|1587\n|player|p2|Run For Me Plz|battlegirl|1678\n|teamsize|p1|6\n|teamsize|p2|6\n|gen|8\n|tier|[Gen 8] OU\n|rated|\n|rule|Sleep Clause Mod: Limit one foe put to sleep\n|rule|Species Clause: Limit one of each Pok\u00e9mon\n|rule|OHKO Clause: OHKO moves are banned\n|rule|Evasion Moves Clause: Evasion moves are banned\n|rule|Endless Battle Clause: Forcing endless battles is banned\n|rule|HP Percentage Mod: HP is shown in percentages\n|rule|Dynamax Clause: You cannot dynamax\n|clearpoke\n|poke|p1|Landorus-Therian, M|\n|poke|p1|Weavile, M|\n|poke|p1|Heatran, M|\n|poke|p1|Zapdos|\n|poke|p1|Urshifu-*, M|\n|poke|p1|Tapu Bulu|\n|poke|p2|Tangrowth, M|\n|poke|p2|Corviknight, M|\n|poke|p2|Clefable, F|\n|poke|p2|Blissey, F|\n|poke|p2|Nidoking, M|\n|poke|p2|Slowking, M|\n|teampreview\n|inactive|Battle timer is ON: inactive players will automatically lose when time's up. (requested by Sp0oNl0rD)\n|j| J.P.G1337\n|\n|t:|1642786801\n|start\n|switch|p1a: Bandit|Weavile, M, shiny|100\/100\n|switch|p2a: Slowking|Slowking, M|100\/100\n|-ability|p1a: Bandit|Pressure\n|turn|1\n|j| massive mong\n|\n|t:|1642786808\n|switch|p2a: Corviknight|Corviknight, M|100\/100\n|-ability|p2a: Corviknight|Pressure\n|move|p1a: Bandit|Beat Up|p2a: Corviknight\n|-damage|p2a: Corviknight|91\/100\n|-damage|p2a: Corviknight|81\/100\n|-damage|p2a: Corviknight|73\/100\n|-damage|p2a: Corviknight|65\/100\n|-damage|p2a: Corviknight|56\/100\n|-crit|p2a: Corviknight\n|-damage|p2a: Corviknight|41\/100\n|-hitcount|p2a: Corviknight|6\n|\n|-heal|p2a: Corviknight|47\/100|[from] item: Leftovers\n|upkeep\n|turn|2\n|\n|t:|1642786816\n|switch|p1a: Monk|Tapu Bulu, shiny|100\/100\n|-fieldstart|move: Grassy Terrain|[from] ability: Grassy Surge|[of] p1a: Monk\n|switch|p2a: Clefable|Clefable, F|100\/100\n|\n|upkeep\n|turn|3\n|c| massive mong|nice\n|\n|t:|1642786822\n|switch|p1a: Byakko|Zapdos, shiny|100\/100\n|switch|p2a: Tangrowth|Tangrowth, M|100\/100\n|\n|upkeep\n|turn|4\n|\n|t:|1642786827\n|switch|p2a: Blissey|Blissey, F, shiny|100\/100\n|move|p1a: Byakko|Hurricane|p2a: Blissey\n|-damage|p2a: Blissey|72\/100\n|-start|p2a: Blissey|confusion\n|\n|-heal|p2a: Blissey|78\/100|[from] Grassy Terrain\n|upkeep\n|turn|5\n|\n|t:|1642786832\n|switch|p1a: Chaos|Heatran, M, shiny|100\/100\n|-activate|p2a: Blissey|confusion\n|move|p2a: Blissey|Toxic|p1a: Chaos\n|-immune|p1a: Chaos\n|\n|-heal|p2a: Blissey|84\/100|[from] Grassy Terrain\n|upkeep\n|turn|6\n|\n|t:|1642786840\n|switch|p2a: Slowking|Slowking, M|100\/100\n|move|p1a: Chaos|Stealth Rock|p2a: Slowking\n|-sidestart|p2: Run For Me Plz|move: Stealth Rock\n|\n|-fieldend|move: Grassy Terrain\n|upkeep\n|turn|7\n|\n|t:|1642786843\n|switch|p1a: Byakko|Zapdos, shiny|100\/100\n|move|p2a: Slowking|Scald|p1a: Byakko\n|-damage|p1a: Byakko|70\/100\n|-status|p1a: Byakko|brn\n|\n|-damage|p1a: Byakko|63\/100 brn|[from] brn\n|upkeep\n|turn|8\n|\n|t:|1642786850\n|move|p1a: Byakko|Volt Switch|p2a: Slowking\n|-supereffective|p2a: Slowking\n|-damage|p2a: Slowking|38\/100\n|\n|t:|1642786852\n|switch|p1a: Bandit|Weavile, M, shiny|100\/100|[from]move: Volt Switch\n|-ability|p1a: Bandit|Pressure\n|move|p2a: Slowking|Teleport|p2a: Slowking\n|\n|t:|1642786858\n|switch|p2a: Clefable|Clefable, F|100\/100|[from]move: Teleport\n|\n|upkeep\n|turn|9\n|\n|t:|1642786869\n|switch|p1a: Monk|Tapu Bulu, shiny|100\/100\n|-fieldstart|move: Grassy Terrain|[from] ability: Grassy Surge|[of] p1a: Monk\n|move|p2a: Clefable|Moonblast|p1a: Monk\n|-damage|p1a: Monk|60\/100\n|\n|-heal|p1a: Monk|66\/100|[from] Grassy Terrain\n|upkeep\n|turn|10\n|\n|t:|1642786878\n|switch|p2a: Corviknight|Corviknight, M|47\/100\n|-damage|p2a: Corviknight|35\/100|[from] Stealth Rock\n|-ability|p2a: Corviknight|Pressure\n|move|p1a: Monk|Close Combat|p2a: Corviknight\n|-damage|p2a: Corviknight|0 fnt\n|-unboost|p1a: Monk|def|1\n|-unboost|p1a: Monk|spd|1\n|faint|p2a: Corviknight\n|\n|-heal|p1a: Monk|72\/100|[from] Grassy Terrain\n|upkeep\n|\n|t:|1642786884\n|switch|p2a: The King\u2714\ufe0f|Nidoking, M|100\/100\n|-damage|p2a: The King\u2714\ufe0f|95\/100|[from] Stealth Rock\n|turn|11\n|\n|t:|1642786895\n|switch|p1a: Poseidon-Blade|Urshifu-Rapid-Strike, M|100\/100\n|move|p2a: The King\u2714\ufe0f|Sludge Wave|p1a: Poseidon-Blade\n|-damage|p1a: Poseidon-Blade|6\/100\n|\n|-heal|p1a: Poseidon-Blade|12\/100|[from] Grassy Terrain\n|-heal|p2a: The King\u2714\ufe0f|100\/100|[from] Grassy Terrain\n|upkeep\n|turn|12\n|\n|t:|1642786901\n|switch|p1a: Byakko|Zapdos, shiny|63\/100 brn\n|switch|p2a: Tangrowth|Tangrowth, M|100\/100\n|-damage|p2a: Tangrowth|88\/100|[from] Stealth Rock\n|\n|-heal|p2a: Tangrowth|94\/100|[from] Grassy Terrain\n|-damage|p1a: Byakko|57\/100 brn|[from] brn\n|upkeep\n|turn|13\n|\n|t:|1642786906\n|switch|p2a: Blissey|Blissey, F, shiny|84\/100\n|move|p1a: Byakko|Volt Switch|p2a: Blissey\n|-damage|p2a: Blissey|65\/100\n|\n|t:|1642786910\n|switch|p1a: Bandit|Weavile, M, shiny|100\/100|[from]move: Volt Switch\n|-ability|p1a: Bandit|Pressure\n|\n|-heal|p2a: Blissey|71\/100|[from] Grassy Terrain\n|-fieldend|move: Grassy Terrain\n|upkeep\n|turn|14\n|\n|t:|1642786915\n|switch|p2a: Tangrowth|Tangrowth, M|100\/100\n|-damage|p2a: Tangrowth|88\/100|[from] Stealth Rock\n|move|p1a: Bandit|Triple Axel|p2a: Tangrowth\n|-supereffective|p2a: Tangrowth\n|-damage|p2a: Tangrowth|72\/100\n|-damage|p1a: Bandit|84\/100|[from] item: Rocky Helmet|[of] p2a: Tangrowth\n|-supereffective|p2a: Tangrowth\n|-damage|p2a: Tangrowth|38\/100\n|-damage|p1a: Bandit|67\/100|[from] item: Rocky Helmet|[of] p2a: Tangrowth\n|-supereffective|p2a: Tangrowth\n|-damage|p2a: Tangrowth|0 fnt\n|-damage|p1a: Bandit|50\/100|[from] item: Rocky Helmet|[of] p2a: Tangrowth\n|faint|p2a: Tangrowth\n|-hitcount|p2: Tangrowth|3\n|\n|upkeep\n|\n|t:|1642786929\n|switch|p2a: Clefable|Clefable, F|100\/100\n|turn|15\n|\n|t:|1642786935\n|switch|p1a: Chaos|Heatran, M, shiny|100\/100\n|move|p2a: Clefable|Moonblast|p1a: Chaos\n|-resisted|p1a: Chaos\n|-damage|p1a: Chaos|95\/100\n|-unboost|p1a: Chaos|spa|1\n|\n|-heal|p1a: Chaos|100\/100|[from] item: Leftovers\n|upkeep\n|turn|16\n|\n|t:|1642786939\n|switch|p1a: Monk|Tapu Bulu, shiny|72\/100\n|-fieldstart|move: Grassy Terrain|[from] ability: Grassy Surge|[of] p1a: Monk\n|switch|p2a: Slowking|Slowking, M|71\/100\n|-damage|p2a: Slowking|59\/100|[from] Stealth Rock\n|\n|-heal|p1a: Monk|78\/100|[from] Grassy Terrain\n|-heal|p2a: Slowking|65\/100|[from] Grassy Terrain\n|-heal|p2a: Slowking|71\/100|[from] item: Leftovers\n|upkeep\n|turn|17\n|\n|t:|1642786944\n|switch|p2a: Clefable|Clefable, F|100\/100\n|move|p1a: Monk|Horn Leech|p2a: Clefable\n|-damage|p2a: Clefable|36\/100\n|-heal|p1a: Monk|100\/100|[from] drain|[of] p2a: Clefable\n|\n|-heal|p2a: Clefable|42\/100|[from] Grassy Terrain\n|upkeep\n|turn|18\n|-message|Run For Me Plz forfeited.\n|\n|win|Sp0oNl0rD\n|raw|Sp0oNl0rD's rating: 1587 &rarr; <strong>1612<\/strong><br \/>(+25 for winning)\n|raw|Run For Me Plz's rating: 1678 &rarr; <strong>1653<\/strong><br \/>(-25 for losing)\n|l|\u2606Run For Me Plz\n|c|\u2606Sp0oNl0rD|Gg\n|c|\u2606Sp0oNl0rD|Stall be like\n|c| massive mong|nice\n|l| massive mong\n||Ladder isn't responding, score probably updated but might not have (Request timeout).\n","uploadtime":1642786974,"views":148,"p1id":"sp0onl0rd","p2id":"runformeplz","formatid":"gen8ou","rating":1612,"private":0,"password":null}