{"id":"gen8ou-1615724488","p1":"Scoots Mgee","p2":"old jack","format":"gen8ou","log":"|j|\u2606Scoots Mgee\n|j|\u2606old jack\n|t:|1657638832\n|gametype|singles\n|player|p1|Scoots Mgee|acetrainerf|1447\n|player|p2|old jack|101|1490\n|teamsize|p1|6\n|teamsize|p2|6\n|gen|8\n|tier|[Gen 8] OU\n|rated|\n|rule|Sleep Clause Mod: Limit one foe put to sleep\n|rule|Species Clause: Limit one of each Pok\u00e9mon\n|rule|OHKO Clause: OHKO moves are banned\n|rule|Evasion Moves Clause: Evasion moves are banned\n|rule|Endless Battle Clause: Forcing endless battles is banned\n|rule|HP Percentage Mod: HP is shown in percentages\n|rule|Dynamax Clause: You cannot dynamax\n|clearpoke\n|poke|p1|Rillaboom, M|\n|poke|p1|Tapu Fini|\n|poke|p1|Landorus-Therian, M|\n|poke|p1|Dragonite, M|\n|poke|p1|Volcarona, F|\n|poke|p1|Zapdos|\n|poke|p2|Mew|\n|poke|p2|Bisharp, F|\n|poke|p2|Urshifu-*, M|\n|poke|p2|Kartana|\n|poke|p2|Landorus-Therian, M|\n|poke|p2|Slowking-Galar, F|\n|teampreview\n|inactive|Battle timer is ON: inactive players will automatically lose when time's up. (requested by Scoots Mgee)\n|\n|t:|1657638852\n|start\n|switch|p1a: Landorus|Landorus-Therian, M|100\/100\n|switch|p2a: Mew|Mew|100\/100\n|-ability|p1a: Landorus|Intimidate|boost\n|-unboost|p2a: Mew|atk|1\n|turn|1\n|\n|t:|1657638860\n|move|p1a: Landorus|Knock Off|p2a: Mew\n|-supereffective|p2a: Mew\n|-damage|p2a: Mew|39\/100\n|-enditem|p2a: Mew|Red Card|[from] move: Knock Off|[of] p1a: Landorus\n|move|p2a: Mew|Taunt|p1a: Landorus\n|-start|p1a: Landorus|move: Taunt\n|\n|upkeep\n|turn|2\n|\n|t:|1657638869\n|move|p1a: Landorus|Knock Off|p2a: Mew\n|-supereffective|p2a: Mew\n|-crit|p2a: Mew\n|-damage|p2a: Mew|0 fnt\n|faint|p2a: Mew\n|\n|upkeep\n|\n|t:|1657638875\n|switch|p2a: Urshifu|Urshifu-Rapid-Strike, M|100\/100\n|turn|3\n|\n|t:|1657638880\n|switch|p1a: Zapdos|Zapdos|100\/100\n|move|p2a: Urshifu|Surging Strikes|p1a: Zapdos\n|-crit|p1a: Zapdos\n|-damage|p1a: Zapdos|77\/100\n|-status|p2a: Urshifu|par|[from] ability: Static|[of] p1a: Zapdos\n|-crit|p1a: Zapdos\n|-damage|p1a: Zapdos|52\/100\n|-crit|p1a: Zapdos\n|-damage|p1a: Zapdos|26\/100\n|-hitcount|p1a: Zapdos|3\n|\n|upkeep\n|turn|4\n|\n|t:|1657638899\n|switch|p2a: Slowking|Slowking-Galar, F|100\/100\n|move|p1a: Zapdos|Hurricane|p2a: Slowking|[miss]\n|-miss|p1a: Zapdos|p2a: Slowking\n|\n|upkeep\n|turn|5\n|\n|t:|1657638906\n|move|p1a: Zapdos|Roost|p1a: Zapdos\n|-heal|p1a: Zapdos|76\/100\n|-singleturn|p1a: Zapdos|move: Roost\n|move|p2a: Slowking|Future Sight|p1a: Zapdos\n|-start|p2a: Slowking|move: Future Sight\n|\n|upkeep\n|turn|6\n|\n|t:|1657638912\n|move|p1a: Zapdos|Volt Switch|p2a: Slowking\n|-damage|p2a: Slowking|88\/100\n|\n|t:|1657638914\n|switch|p1a: Tapu Fini|Tapu Fini|100\/100|[from]move: Volt Switch\n|-fieldstart|move: Misty Terrain|[from] ability: Misty Surge|[of] p1a: Tapu Fini\n|move|p2a: Slowking|Ice Beam|p1a: Tapu Fini\n|-resisted|p1a: Tapu Fini\n|-damage|p1a: Tapu Fini|92\/100\n|\n|-heal|p1a: Tapu Fini|98\/100|[from] item: Leftovers\n|upkeep\n|turn|7\n|\n|t:|1657638925\n|move|p1a: Tapu Fini|Nature's Madness|p2a: Slowking\n|-damage|p2a: Slowking|44\/100\n|move|p2a: Slowking|Sludge Bomb|p1a: Tapu Fini\n|-supereffective|p1a: Tapu Fini\n|-damage|p1a: Tapu Fini|44\/100\n|\n|-end|p1a: Tapu Fini|move: Future Sight\n|-damage|p1a: Tapu Fini|7\/100\n|-heal|p1a: Tapu Fini|13\/100|[from] item: Leftovers\n|upkeep\n|turn|8\n|\n|t:|1657638937\n|switch|p1a: Landorus|Landorus-Therian, M|100\/100\n|-ability|p1a: Landorus|Intimidate|boost\n|-unboost|p2a: Slowking|atk|1\n|move|p2a: Slowking|Future Sight|p1a: Landorus\n|-start|p2a: Slowking|move: Future Sight\n|\n|upkeep\n|turn|9\n|\n|t:|1657638948\n|switch|p2a: Landorus|Landorus-Therian, M|100\/100\n|-ability|p2a: Landorus|Intimidate|boost\n|-unboost|p1a: Landorus|atk|1\n|move|p1a: Landorus|Knock Off|p2a: Landorus\n|-damage|p2a: Landorus|72\/100\n|-enditem|p2a: Landorus|Leftovers|[from] move: Knock Off|[of] p1a: Landorus\n|\n|upkeep\n|turn|10\n|\n|t:|1657638958\n|switch|p1a: Zapdos|Zapdos|76\/100\n|move|p2a: Landorus|Substitute|p2a: Landorus\n|-start|p2a: Landorus|Substitute\n|-damage|p2a: Landorus|48\/100\n|\n|-end|p1a: Zapdos|move: Future Sight\n|-damage|p1a: Zapdos|30\/100\n|-fieldend|Misty Terrain\n|upkeep\n|turn|11\n|\n|t:|1657638971\n|move|p2a: Landorus|Swords Dance|p2a: Landorus\n|-boost|p2a: Landorus|atk|2\n|move|p1a: Zapdos|Hurricane|p2a: Landorus\n|-end|p2a: Landorus|Substitute\n|\n|upkeep\n|turn|12\n|\n|t:|1657638979\n|move|p2a: Landorus|Substitute|p2a: Landorus\n|-start|p2a: Landorus|Substitute\n|-damage|p2a: Landorus|23\/100\n|move|p1a: Zapdos|Hurricane|p2a: Landorus\n|-end|p2a: Landorus|Substitute\n|\n|upkeep\n|turn|13\n|\n|t:|1657638986\n|switch|p1a: Landorus|Landorus-Therian, M|100\/100\n|-ability|p1a: Landorus|Intimidate|boost\n|-unboost|p2a: Landorus|atk|1\n|move|p2a: Landorus|Stone Edge|p1a: Landorus\n|-damage|p1a: Landorus|30\/100\n|\n|upkeep\n|turn|14\n|\n|t:|1657638996\n|switch|p2a: Urshifu|Urshifu-Rapid-Strike, M|100\/100 par\n|move|p1a: Landorus|Stone Edge|p2a: Urshifu\n|-resisted|p2a: Urshifu\n|-damage|p2a: Urshifu|82\/100 par\n|\n|upkeep\n|turn|15\n|\n|t:|1657639010\n|switch|p1a: Dragonite|Dragonite, M|100\/100\n|move|p2a: Urshifu|U-turn|p1a: Dragonite\n|-resisted|p1a: Dragonite\n|-damage|p1a: Dragonite|91\/100\n|\n|t:|1657639028\n|switch|p2a: Landorus|Landorus-Therian, M|23\/100|[from]move: U-turn\n|-ability|p2a: Landorus|Intimidate|boost\n|-unboost|p1a: Dragonite|atk|1\n|\n|upkeep\n|turn|16\n|\n|t:|1657639034\n|move|p2a: Landorus|Stone Edge|p1a: Dragonite\n|-supereffective|p1a: Dragonite\n|-crit|p1a: Dragonite\n|-damage|p1a: Dragonite|0 fnt\n|faint|p1a: Dragonite\n|\n|upkeep\n|\n|t:|1657639037\n|switch|p1a: Rillaboom|Rillaboom, M|100\/100\n|-fieldstart|move: Grassy Terrain|[from] ability: Grassy Surge|[of] p1a: Rillaboom\n|turn|17\n|\n|t:|1657639058\n|switch|p2a: Urshifu|Urshifu-Rapid-Strike, M|82\/100 par\n|move|p1a: Rillaboom|Superpower|p2a: Urshifu\n|-damage|p2a: Urshifu|21\/100 par\n|-unboost|p1a: Rillaboom|atk|1\n|-unboost|p1a: Rillaboom|def|1\n|\n|-heal|p2a: Urshifu|27\/100 par|[from] Grassy Terrain\n|upkeep\n|turn|18\n|inactive|old jack has 120 seconds left.\n|\n|t:|1657639092\n|switch|p1a: Tapu Fini|Tapu Fini|13\/100\n|-fieldstart|move: Misty Terrain|[from] ability: Misty Surge|[of] p1a: Tapu Fini\n|switch|p2a: Landorus|Landorus-Therian, M|23\/100\n|-ability|p2a: Landorus|Intimidate|boost\n|-unboost|p1a: Tapu Fini|atk|1\n|\n|-heal|p1a: Tapu Fini|19\/100|[from] item: Leftovers\n|upkeep\n|turn|19\n|\n|t:|1657639105\n|switch|p1a: Landorus|Landorus-Therian, M|30\/100\n|-ability|p1a: Landorus|Intimidate|boost\n|-unboost|p2a: Landorus|atk|1\n|move|p2a: Landorus|Stone Edge|p1a: Landorus\n|-damage|p1a: Landorus|1\/100\n|\n|upkeep\n|turn|20\n|\n|t:|1657639114\n|switch|p2a: Urshifu|Urshifu-Rapid-Strike, M|27\/100 par\n|move|p1a: Landorus|Stone Edge|p2a: Urshifu\n|-resisted|p2a: Urshifu\n|-damage|p2a: Urshifu|7\/100 par\n|\n|upkeep\n|turn|21\n|inactive|old jack has 120 seconds left.\n|\n|t:|1657639122\n|move|p2a: Urshifu|Aqua Jet|p1a: Landorus\n|-supereffective|p1a: Landorus\n|-damage|p1a: Landorus|0 fnt\n|faint|p1a: Landorus\n|\n|upkeep\n|\n|t:|1657639124\n|switch|p1a: Volcarona|Volcarona, F|100\/100\n|turn|22\n|\n|t:|1657639130\n|move|p2a: Urshifu|Aqua Jet|p1a: Volcarona\n|-supereffective|p1a: Volcarona\n|-damage|p1a: Volcarona|8\/100\n|move|p1a: Volcarona|Quiver Dance|p1a: Volcarona\n|-boost|p1a: Volcarona|spa|1\n|-boost|p1a: Volcarona|spd|1\n|-boost|p1a: Volcarona|spe|1\n|\n|-fieldend|Misty Terrain\n|upkeep\n|turn|23\n|\n|t:|1657639138\n|move|p2a: Urshifu|Aqua Jet|p1a: Volcarona\n|-supereffective|p1a: Volcarona\n|-damage|p1a: Volcarona|0 fnt\n|faint|p1a: Volcarona\n|\n|upkeep\n|\n|t:|1657639140\n|switch|p1a: Rillaboom|Rillaboom, M|100\/100\n|-fieldstart|move: Grassy Terrain|[from] ability: Grassy Surge|[of] p1a: Rillaboom\n|turn|24\n|c|\u2606old jack|Bad move\n|\n|t:|1657639150\n|cant|p2a: Urshifu|par\n|move|p1a: Rillaboom|U-turn|p2a: Urshifu\n|-resisted|p2a: Urshifu\n|-damage|p2a: Urshifu|0 fnt\n|faint|p2a: Urshifu\n|\n|t:|1657639152\n|switch|p1a: Zapdos|Zapdos|30\/100|[from]move: U-turn\n|\n|upkeep\n|c|\u2606Scoots Mgee|Fuck off kid\n|-message|Scoots Mgee forfeited.\n|\n|win|old jack\n|raw|Scoots Mgee's rating: 1447 &rarr; <strong>1429<\/strong><br \/>(-18 for losing)\n|raw|old jack's rating: 1490 &rarr; <strong>1508<\/strong><br \/>(+18 for winning)\n|l|\u2606Scoots Mgee\n||Ladder isn't responding, score probably updated but might not have (Request timeout).\n","uploadtime":1657639179,"views":6,"p1id":"scootsmgee","p2id":"oldjack","formatid":"gen8ou","rating":1429,"private":0,"password":null}