{"id":"gen8randombattlemayhem-1596709507","p1":"AlphaTherai","p2":"Tawny mauve","format":"gen8randombattlemayhem","log":"|j|\u2606AlphaTherai\n|j|\u2606Tawny mauve\n|t:|1655282920\n|gametype|singles\n|player|p1|AlphaTherai|pokekid|\n|player|p2|Tawny mauve|lucas|\n|teamsize|p1|6\n|teamsize|p2|6\n|gen|8\n|tier|[Gen 8] Random Battle Mayhem\n|rule|Species Clause: Limit one of each Pok\u00e9mon\n|rule|HP Percentage Mod: HP is shown in percentages\n|rule|Sleep Clause Mod: Limit one foe put to sleep\n|rule|Dynamax Clause: You cannot dynamax\n|rule|Camomons Mod: Pok\u00e9mon have their types set to match their first two moves.\n|rule|Inverse Mod: Weaknesses become resistances, while resistances and immunities become weaknesses.\n|rule|Scalemons Mod: Every Pokemon's stats, barring HP, are scaled to come as close to a BST of 600 as possible\n|clearpoke\n|poke|p1|Glastrier, L88|\n|poke|p1|Mandibuzz, L82, F|\n|poke|p1|Braviary, L86, M|\n|poke|p1|Jynx, L88, F|\n|poke|p1|Pikachu-Alola, L92, M|\n|poke|p1|Volcanion, L80|\n|poke|p2|Shiinotic, L88, F|\n|poke|p2|Lycanroc, L88, F|\n|poke|p2|Blissey, L80, F|\n|poke|p2|Reshiram, L76|\n|poke|p2|Corsola, L88, F|\n|poke|p2|Zacian-*, L65|\n|teampreview\n|c|\u2606Tawny mauve|NO\n|c|\u2606Tawny mauve|NO\n|c|\u2606AlphaTherai|FUCKKKKKKKKKKKKKKKKKKKKKKK\n|c|\u2606Tawny mauve|BRO\n|\n|t:|1655282944\n|start\n|switch|p1a: Pikachu|Pikachu-Alola, L92, M|214\/214\n|switch|p2a: Corsola|Corsola, L88, F|258\/258\n|-start|p1a: Pikachu|typechange|Water\/Electric|[silent]\n|-start|p2a: Corsola|typechange|Poison\/Rock|[silent]\n|-start|p1a: Pikachu|typechange|Water\/Electric|[silent]\n|-start|p2a: Corsola|typechange|Poison\/Rock|[silent]\n|turn|1\n|c|\u2606Tawny mauve|MONN 5\n|c|\u2606AlphaTherai|HAHAHAHAHAHAHAHAHAHAHA\n|\n|t:|1655282966\n|switch|p1a: Volcanion|Volcanion, L80|259\/259\n|-start|p1a: Volcanion|typechange|Poison\/Fire|[silent]\n|move|p2a: Corsola|Scald|p1a: Volcanion\n|-immune|p1a: Volcanion|[from] ability: Water Absorb\n|\n|upkeep\n|-start|p1a: Volcanion|typechange|Poison\/Fire|[silent]\n|turn|2\n|\n|t:|1655282973\n|switch|p2a: Blissey|Blissey, L80, F|539\/539\n|-start|p2a: Blissey|typechange|Normal\/Fighting|[silent]\n|move|p1a: Volcanion|Sludge Bomb|p2a: Blissey\n|-damage|p2a: Blissey|473\/539\n|\n|-heal|p2a: Blissey|506\/539|[from] item: Leftovers\n|upkeep\n|-start|p2a: Blissey|typechange|Normal\/Fighting|[silent]\n|turn|3\n|\n|t:|1655282983\n|switch|p1a: Glastrier|Glastrier, L88|319\/319\n|-start|p1a: Glastrier|typechange|Ice\/Ground|[silent]\n|move|p2a: Blissey|Teleport|p2a: Blissey\n|\n|t:|1655282997\n|switch|p2a: Corsola|Corsola, L88, F|258\/258\n|-start|p2a: Corsola|typechange|Poison\/Rock|[silent]\n|\n|upkeep\n|-start|p1a: Glastrier|typechange|Ice\/Ground|[silent]\n|-start|p2a: Corsola|typechange|Poison\/Rock|[silent]\n|turn|4\n|\n|t:|1655283007\n|switch|p1a: Mandibuzz|Mandibuzz, L82, F|315\/315\n|-start|p1a: Mandibuzz|typechange|Flying\/Poison|[silent]\n|move|p2a: Corsola|Toxic|p1a: Mandibuzz\n|-immune|p1a: Mandibuzz\n|\n|upkeep\n|-start|p1a: Mandibuzz|typechange|Flying\/Poison|[silent]\n|turn|5\n|\n|t:|1655283017\n|switch|p2a: Lycanroc|Lycanroc, L88, F|275\/275\n|-start|p2a: Lycanroc|typechange|Rock\/Psychic|[silent]\n|move|p1a: Mandibuzz|Foul Play|p2a: Lycanroc\n|-resisted|p2a: Lycanroc\n|-damage|p2a: Lycanroc|227\/275\n|\n|upkeep\n|-start|p2a: Lycanroc|typechange|Rock\/Psychic|[silent]\n|turn|6\n|\n|t:|1655283030\n|move|p2a: Lycanroc|Stone Edge|p1a: Mandibuzz\n|-resisted|p1a: Mandibuzz\n|-crit|p1a: Mandibuzz\n|-damage|p1a: Mandibuzz|202\/315\n|-damage|p2a: Lycanroc|200\/275|[from] item: Life Orb\n|move|p1a: Mandibuzz|Brave Bird|p2a: Lycanroc\n|-supereffective|p2a: Lycanroc\n|-damage|p2a: Lycanroc|6\/275\n|-damage|p1a: Mandibuzz|138\/315|[from] Recoil\n|\n|upkeep\n|turn|7\n|\n|t:|1655283038\n|switch|p2a: Zacian|Zacian-Crowned, L65|228\/228\n|-start|p2a: Zacian|typechange|Psychic\/Fairy|[silent]\n|-ability|p2a: Zacian|Intrepid Sword|boost\n|-boost|p2a: Zacian|atk|1\n|move|p1a: Mandibuzz|Roost|p1a: Mandibuzz\n|-heal|p1a: Mandibuzz|296\/315\n|-singleturn|p1a: Mandibuzz|move: Roost\n|\n|upkeep\n|-start|p2a: Zacian|typechange|Psychic\/Fairy|[silent]\n|turn|8\n|\n|t:|1655283042\n|move|p1a: Mandibuzz|Foul Play|p2a: Zacian\n|-damage|p2a: Zacian|115\/228\n|move|p2a: Zacian|Play Rough|p1a: Mandibuzz|[miss]\n|-miss|p2a: Zacian|p1a: Mandibuzz\n|\n|upkeep\n|turn|9\n|\n|t:|1655283051\n|move|p1a: Mandibuzz|Brave Bird|p2a: Zacian\n|-damage|p2a: Zacian|0 fnt\n|faint|p2a: Zacian\n|-ability|p1a: Mandibuzz|Chilling Neigh|boost\n|-boost|p1a: Mandibuzz|atk|1\n|-damage|p1a: Mandibuzz|258\/315|[from] Recoil\n|\n|upkeep\n|c|\u2606Tawny mauve|min roll\n|c|\u2606Tawny mauve|das foul\n|\n|t:|1655283061\n|switch|p2a: Reshiram|Reshiram, L76|277\/277\n|-ability|p2a: Reshiram|Intrepid Sword|boost\n|-boost|p2a: Reshiram|atk|1\n|-start|p2a: Reshiram|typechange|Poison\/Fire|[silent]\n|-ability|p2a: Reshiram|Turboblaze\n|-start|p2a: Reshiram|typechange|Poison\/Fire|[silent]\n|turn|10\n|\n|t:|1655283075\n|move|p1a: Mandibuzz|Brave Bird|p2a: Reshiram\n|-damage|p2a: Reshiram|103\/277\n|-damage|p1a: Mandibuzz|201\/315|[from] Recoil\n|move|p2a: Reshiram|Blue Flare|p1a: Mandibuzz\n|-damage|p1a: Mandibuzz|83\/315\n|\n|upkeep\n|turn|11\n|\n|t:|1655283086\n|switch|p2a: Shiinotic|Shiinotic, L88, F|249\/249\n|-ability|p2a: Shiinotic|Intrepid Sword|boost\n|-boost|p2a: Shiinotic|atk|1\n|-ability|p2a: Shiinotic|Turboblaze\n|-start|p2a: Shiinotic|typechange|Grass|[silent]\n|move|p1a: Mandibuzz|Roost|p1a: Mandibuzz\n|-heal|p1a: Mandibuzz|241\/315\n|-singleturn|p1a: Mandibuzz|move: Roost\n|\n|upkeep\n|-start|p2a: Shiinotic|typechange|Grass|[silent]\n|turn|12\n|\n|t:|1655283092\n|move|p1a: Mandibuzz|Foul Play|p2a: Shiinotic\n|-damage|p2a: Shiinotic|205\/249\n|move|p2a: Shiinotic|Leech Seed|p1a: Mandibuzz\n|-start|p1a: Mandibuzz|move: Leech Seed\n|\n|-heal|p2a: Shiinotic|220\/249|[from] item: Leftovers\n|-damage|p1a: Mandibuzz|202\/315|[from] Leech Seed|[of] p2a: Shiinotic\n|-heal|p2a: Shiinotic|249\/249|[silent]\n|upkeep\n|turn|13\n|\n|t:|1655283101\n|switch|p2a: Lycanroc|Lycanroc, L88, F|97\/275\n|-ability|p2a: Lycanroc|Intrepid Sword|boost\n|-boost|p2a: Lycanroc|atk|1\n|-ability|p2a: Lycanroc|Turboblaze\n|-start|p2a: Lycanroc|typechange|Rock\/Psychic|[silent]\n|move|p1a: Mandibuzz|Toxic|p2a: Lycanroc\n|-status|p2a: Lycanroc|tox\n|\n|-damage|p1a: Mandibuzz|163\/315|[from] Leech Seed|[of] p2a: Lycanroc\n|-heal|p2a: Lycanroc|136\/275 tox|[silent]\n|-damage|p2a: Lycanroc|119\/275 tox|[from] psn\n|upkeep\n|-start|p2a: Lycanroc|typechange|Rock\/Psychic|[silent]\n|turn|14\n|\n|t:|1655283110\n|-curestatus|p2a: Lycanroc|tox|[from] ability: Natural Cure\n|switch|p2a: Blissey|Blissey, L80, F|539\/539\n|-ability|p2a: Blissey|Intrepid Sword|boost\n|-boost|p2a: Blissey|atk|1\n|-ability|p2a: Blissey|Turboblaze\n|-start|p2a: Blissey|typechange|Normal\/Fighting|[silent]\n|switch|p1a: Glastrier|Glastrier, L88|319\/319\n|-start|p1a: Glastrier|typechange|Ice\/Ground|[silent]\n|\n|upkeep\n|-start|p1a: Glastrier|typechange|Ice\/Ground|[silent]\n|-start|p2a: Blissey|typechange|Normal\/Fighting|[silent]\n|turn|15\n|\n|t:|1655283118\n|move|p2a: Blissey|Toxic|p1a: Glastrier\n|-status|p1a: Glastrier|tox\n|move|p1a: Glastrier|Swords Dance|p1a: Glastrier\n|-boost|p1a: Glastrier|atk|2\n|\n|-damage|p1a: Glastrier|300\/319 tox|[from] psn\n|upkeep\n|turn|16\n|\n|t:|1655283123\n|move|p2a: Blissey|Seismic Toss|p1a: Glastrier\n|-damage|p1a: Glastrier|220\/319 tox\n|move|p1a: Glastrier|Icicle Crash|p2a: Blissey\n|-damage|p2a: Blissey|0 fnt\n|faint|p2a: Blissey\n|-ability|p1a: Glastrier|Chilling Neigh|boost\n|-boost|p1a: Glastrier|atk|1\n|\n|-damage|p1a: Glastrier|182\/319 tox|[from] psn\n|upkeep\n|c|\u2606Tawny mauve|gg\n|-message|Tawny mauve forfeited.\n|\n|win|AlphaTherai\n|c|\u2606AlphaTherai|:)\n|l|\u2606Tawny mauve\n","uploadtime":1655283140,"views":3,"p1id":"alphatherai","p2id":"tawnymauve","formatid":"gen8randombattlemayhem","rating":0,"private":0,"password":null}