{"id":"gen8ou-1687697327","p1":"minimax_ai","p2":"ProbablyTTT","format":"gen8ou","log":"|html|<div class=\"broadcast-blue\"><strong>[Gen 8] OU is currently suspecting Melmetal! For information on how to participate check out the <a href=\"https:\/\/www.smogon.com\/forums\/threads\/np-ss-ou-suspect-process-round-12-monster-mash.3709234\/\">suspect thread<\/a>.<\/strong><\/div>\n|j|\u2606minimax_ai\n|j|\u2606ProbablyTTT\n|t:|1665994919\n|gametype|singles\n|player|p1|minimax_ai|lusamine-nihilego|1583\n|player|p2|ProbablyTTT|ethan|1558\n|teamsize|p1|6\n|teamsize|p2|6\n|gen|8\n|tier|[Gen 8] OU\n|rated|\n|rule|Sleep Clause Mod: Limit one foe put to sleep\n|rule|Species Clause: Limit one of each Pok\u00e9mon\n|rule|OHKO Clause: OHKO moves are banned\n|rule|Evasion Items Clause: Evasion items are banned\n|rule|Evasion Moves Clause: Evasion moves are banned\n|rule|Endless Battle Clause: Forcing endless battles is banned\n|rule|HP Percentage Mod: HP is shown in percentages\n|rule|Dynamax Clause: You cannot dynamax\n|clearpoke\n|poke|p1|Rotom-Wash|\n|poke|p1|Weavile, F|\n|poke|p1|Landorus-Therian, M|\n|poke|p1|Heatran, M|\n|poke|p1|Tangrowth, M|\n|poke|p1|Melmetal|\n|poke|p2|Pelipper, M|\n|poke|p2|Heliolisk, M|\n|poke|p2|Barraskewda, M|\n|poke|p2|Ferrothorn, M|\n|poke|p2|Tornadus-Therian, M|\n|poke|p2|Seismitoad, M|\n|teampreview\n|c|\u2606minimax_ai|hf\n|inactive|Battle timer is ON: inactive players will automatically lose when time's up. (requested by minimax_ai)\n|\n|t:|1665994931\n|start\n|switch|p1a: Tangrowth|Tangrowth, M|100\/100\n|switch|p2a: Pelipper|Pelipper, M|100\/100\n|-weather|RainDance|[from] ability: Drizzle|[of] p2a: Pelipper\n|turn|1\n|\n|t:|1665994934\n|switch|p1a: rotomwash|Rotom-Wash|100\/100\n|move|p2a: Pelipper|U-turn|p1a: rotomwash\n|-damage|p1a: rotomwash|91\/100\n|\n|t:|1665994943\n|switch|p2a: Heliolisk|Heliolisk, M|100\/100|[from]move: U-turn\n|\n|-weather|RainDance|[upkeep]\n|-heal|p1a: rotomwash|98\/100|[from] item: Leftovers\n|upkeep\n|turn|2\n|\n|t:|1665994952\n|move|p2a: Heliolisk|Thunder|p1a: rotomwash\n|-damage|p1a: rotomwash|22\/100\n|-damage|p2a: Heliolisk|91\/100|[from] item: Life Orb\n|move|p1a: rotomwash|Pain Split|p2a: Heliolisk\n|-sethp|p2a: Heliolisk|57\/100|[from] move: Pain Split|[silent]\n|-sethp|p1a: rotomwash|50\/100|[from] move: Pain Split\n|\n|-weather|RainDance|[upkeep]\n|-heal|p2a: Heliolisk|70\/100|[from] ability: Dry Skin\n|-heal|p1a: rotomwash|56\/100|[from] item: Leftovers\n|upkeep\n|turn|3\n|\n|t:|1665994956\n|switch|p1a: Melmetal|Melmetal|100\/100\n|move|p2a: Heliolisk|Thunder|p1a: Melmetal\n|-damage|p1a: Melmetal|64\/100\n|-status|p1a: Melmetal|par\n|-damage|p2a: Heliolisk|60\/100|[from] item: Life Orb\n|\n|-weather|RainDance|[upkeep]\n|-heal|p2a: Heliolisk|73\/100|[from] ability: Dry Skin\n|upkeep\n|turn|4\n|\n|t:|1665994959\n|move|p2a: Heliolisk|Volt Switch|p1a: Melmetal\n|-damage|p1a: Melmetal|44\/100 par\n|-damage|p2a: Heliolisk|63\/100|[from] item: Life Orb\n|\n|t:|1665994961\n|switch|p2a: Ferrothorn|Ferrothorn, M|100\/100|[from]move: Volt Switch\n|move|p1a: Melmetal|Earthquake|p2a: Ferrothorn\n|-damage|p2a: Ferrothorn|77\/100\n|\n|-weather|RainDance|[upkeep]\n|upkeep\n|turn|5\n|\n|t:|1665994966\n|switch|p1a: landorustherian|Landorus-Therian, M|100\/100\n|-ability|p1a: landorustherian|Intimidate|boost\n|-unboost|p2a: Ferrothorn|atk|1\n|move|p2a: Ferrothorn|Stealth Rock|p1a: landorustherian\n|-sidestart|p1: minimax_ai|move: Stealth Rock\n|\n|-weather|RainDance|[upkeep]\n|upkeep\n|turn|6\n|\n|t:|1665994968\n|move|p1a: landorustherian|Defog|p2a: Ferrothorn\n|-unboost|p2a: Ferrothorn|evasion|1\n|-sideend|p1: minimax_ai|Stealth Rock|[from] move: Defog|[of] p1a: landorustherian\n|move|p2a: Ferrothorn|Leech Seed|p1a: landorustherian\n|-start|p1a: landorustherian|move: Leech Seed\n|\n|-weather|RainDance|[upkeep]\n|-damage|p1a: landorustherian|88\/100|[from] Leech Seed|[of] p2a: Ferrothorn\n|-heal|p2a: Ferrothorn|91\/100|[silent]\n|upkeep\n|turn|7\n|\n|t:|1665994970\n|move|p1a: landorustherian|U-turn|p2a: Ferrothorn\n|-damage|p2a: Ferrothorn|77\/100\n|-damage|p1a: landorustherian|76\/100|[from] ability: Iron Barbs|[of] p2a: Ferrothorn\n|-damage|p1a: landorustherian|59\/100|[from] item: Rocky Helmet|[of] p2a: Ferrothorn\n|\n|t:|1665994970\n|switch|p1a: Tangrowth|Tangrowth, M|100\/100|[from]move: U-turn\n|move|p2a: Ferrothorn|Stealth Rock|p1a: Tangrowth\n|-sidestart|p1: minimax_ai|move: Stealth Rock\n|\n|-weather|RainDance|[upkeep]\n|upkeep\n|turn|8\n|\n|t:|1665994975\n|switch|p2a: Tornadus|Tornadus-Therian, M|100\/100\n|move|p1a: Tangrowth|Sleep Powder|p2a: Tornadus\n|-status|p2a: Tornadus|slp|[from] move: Sleep Powder\n|\n|-weather|none\n|upkeep\n|turn|9\n|\n|t:|1665994979\n|switch|p2a: Pelipper|Pelipper, M|100\/100\n|-weather|RainDance|[from] ability: Drizzle|[of] p2a: Pelipper\n|switch|p1a: rotomwash|Rotom-Wash|56\/100\n|-damage|p1a: rotomwash|44\/100|[from] Stealth Rock\n|\n|-weather|RainDance|[upkeep]\n|-heal|p1a: rotomwash|50\/100|[from] item: Leftovers\n|upkeep\n|turn|10\n|\n|t:|1665994990\n|switch|p2a: Heliolisk|Heliolisk, M|63\/100\n|move|p1a: rotomwash|Thunderbolt|p2a: Heliolisk\n|-resisted|p2a: Heliolisk\n|-crit|p2a: Heliolisk\n|-damage|p2a: Heliolisk|28\/100\n|\n|-weather|RainDance|[upkeep]\n|-heal|p2a: Heliolisk|40\/100|[from] ability: Dry Skin\n|-heal|p1a: rotomwash|56\/100|[from] item: Leftovers\n|upkeep\n|turn|11\n|\n|t:|1665995000\n|switch|p1a: Melmetal|Melmetal|44\/100 par\n|-damage|p1a: Melmetal|37\/100 par|[from] Stealth Rock\n|move|p2a: Heliolisk|Thunder|p1a: Melmetal\n|-damage|p1a: Melmetal|4\/100 par\n|-damage|p2a: Heliolisk|30\/100|[from] item: Life Orb\n|\n|-weather|RainDance|[upkeep]\n|-heal|p2a: Heliolisk|43\/100|[from] ability: Dry Skin\n|upkeep\n|turn|12\n|\n|t:|1665995007\n|move|p2a: Heliolisk|Volt Switch|p1a: Melmetal\n|-damage|p1a: Melmetal|0 fnt\n|faint|p1a: Melmetal\n|-damage|p2a: Heliolisk|33\/100|[from] item: Life Orb\n|\n|t:|1665995009\n|switch|p2a: Seismitoad|Seismitoad, M|100\/100|[from]move: Volt Switch\n|\n|-weather|RainDance|[upkeep]\n|upkeep\n|\n|t:|1665995010\n|switch|p1a: landorustherian|Landorus-Therian, M|59\/100\n|-damage|p1a: landorustherian|47\/100|[from] Stealth Rock\n|-ability|p1a: landorustherian|Intimidate|boost\n|-unboost|p2a: Seismitoad|atk|1\n|turn|13\n|\n|t:|1665995013\n|move|p2a: Seismitoad|Weather Ball|p1a: landorustherian\n|-supereffective|p1a: landorustherian\n|-damage|p1a: landorustherian|0 fnt\n|faint|p1a: landorustherian\n|\n|-weather|RainDance|[upkeep]\n|upkeep\n|\n|t:|1665995014\n|switch|p1a: Tangrowth|Tangrowth, M|100\/100\n|-damage|p1a: Tangrowth|88\/100|[from] Stealth Rock\n|turn|14\n|\n|t:|1665995018\n|switch|p2a: Tornadus|Tornadus-Therian, M|100\/100 slp\n|move|p1a: Tangrowth|Giga Drain|p2a: Tornadus\n|-resisted|p2a: Tornadus\n|-crit|p2a: Tornadus\n|-damage|p2a: Tornadus|75\/100 slp\n|-heal|p1a: Tangrowth|98\/100|[from] drain|[of] p2a: Tornadus\n|\n|-weather|RainDance|[upkeep]\n|upkeep\n|turn|15\n|\n|t:|1665995020\n|cant|p2a: Tornadus|slp\n|move|p1a: Tangrowth|Knock Off|p2a: Tornadus\n|-damage|p2a: Tornadus|42\/100 slp\n|-enditem|p2a: Tornadus|Heavy-Duty Boots|[from] move: Knock Off|[of] p1a: Tangrowth\n|\n|-weather|RainDance|[upkeep]\n|upkeep\n|turn|16\n|\n|t:|1665995027\n|cant|p2a: Tornadus|slp\n|move|p1a: Tangrowth|Knock Off|p2a: Tornadus\n|-damage|p2a: Tornadus|20\/100 slp\n|\n|-weather|none\n|upkeep\n|turn|17\n|\n|t:|1665995032\n|switch|p2a: Pelipper|Pelipper, M|100\/100\n|-weather|RainDance|[from] ability: Drizzle|[of] p2a: Pelipper\n|move|p1a: Tangrowth|Knock Off|p2a: Pelipper\n|-damage|p2a: Pelipper|79\/100\n|-enditem|p2a: Pelipper|Damp Rock|[from] move: Knock Off|[of] p1a: Tangrowth\n|\n|-weather|RainDance|[upkeep]\n|upkeep\n|turn|18\n|\n|t:|1665995036\n|move|p1a: Tangrowth|Giga Drain|p2a: Pelipper\n|-damage|p2a: Pelipper|53\/100\n|-heal|p1a: Tangrowth|100\/100|[from] drain|[of] p2a: Pelipper\n|move|p2a: Pelipper|U-turn|p1a: Tangrowth\n|-supereffective|p1a: Tangrowth\n|-damage|p1a: Tangrowth|91\/100\n|-damage|p2a: Pelipper|36\/100|[from] item: Rocky Helmet|[of] p1a: Tangrowth\n|\n|t:|1665995039\n|switch|p2a: Tornadus|Tornadus-Therian, M|54\/100 slp|[from]move: U-turn\n|\n|-weather|RainDance|[upkeep]\n|upkeep\n|turn|19\n|\n|t:|1665995040\n|-curestatus|p2a: Tornadus|slp|[msg]\n|move|p2a: Tornadus|Hurricane|p1a: Tangrowth\n|-supereffective|p1a: Tangrowth\n|-damage|p1a: Tangrowth|0 fnt\n|faint|p1a: Tangrowth\n|\n|-weather|RainDance|[upkeep]\n|upkeep\n|\n|t:|1665995040\n|switch|p1a: Heatran|Heatran, M|100\/100\n|-damage|p1a: Heatran|88\/100|[from] Stealth Rock\n|-item|p1a: Heatran|Air Balloon\n|turn|20\n|\n|t:|1665995044\n|move|p2a: Tornadus|Weather Ball|p1a: Heatran\n|-supereffective|p1a: Heatran\n|-damage|p1a: Heatran|0 fnt\n|-enditem|p1a: Heatran|Air Balloon\n|faint|p1a: Heatran\n|\n|-weather|RainDance|[upkeep]\n|upkeep\n|\n|t:|1665995044\n|switch|p1a: Weavile|Weavile, F|100\/100\n|-damage|p1a: Weavile|76\/100|[from] Stealth Rock\n|-ability|p1a: Weavile|Pressure\n|turn|21\n|\n|t:|1665995049\n|switch|p2a: Ferrothorn|Ferrothorn, M|77\/100\n|move|p1a: Weavile|Knock Off|p2a: Ferrothorn\n|-crit|p2a: Ferrothorn\n|-damage|p2a: Ferrothorn|18\/100\n|-damage|p1a: Weavile|63\/100|[from] ability: Iron Barbs|[of] p2a: Ferrothorn\n|-damage|p1a: Weavile|47\/100|[from] item: Rocky Helmet|[of] p2a: Ferrothorn\n|-enditem|p2a: Ferrothorn|Rocky Helmet|[from] move: Knock Off|[of] p1a: Weavile\n|\n|-weather|RainDance|[upkeep]\n|upkeep\n|turn|22\n|\n|t:|1665995051\n|move|p1a: Weavile|Knock Off|p2a: Ferrothorn\n|-damage|p2a: Ferrothorn|0 fnt\n|-damage|p1a: Weavile|34\/100|[from] ability: Iron Barbs|[of] p2a: Ferrothorn\n|faint|p2a: Ferrothorn\n|\n|-weather|RainDance|[upkeep]\n|upkeep\n|\n|t:|1665995055\n|switch|p2a: Barraskewda|Barraskewda, M|100\/100\n|turn|23\n|\n|t:|1665995058\n|move|p2a: Barraskewda|Liquidation|p1a: Weavile\n|-damage|p1a: Weavile|0 fnt\n|faint|p1a: Weavile\n|\n|-weather|RainDance|[upkeep]\n|upkeep\n|\n|t:|1665995058\n|switch|p1a: rotomwash|Rotom-Wash|56\/100\n|-damage|p1a: rotomwash|44\/100|[from] Stealth Rock\n|turn|24\n|\n|t:|1665995060\n|move|p2a: Barraskewda|Liquidation|p1a: rotomwash\n|-resisted|p1a: rotomwash\n|-damage|p1a: rotomwash|0 fnt\n|faint|p1a: rotomwash\n|\n|win|ProbablyTTT\n|raw|minimax_ai's rating: 1583 &rarr; <strong>1562<\/strong><br \/>(-21 for losing)\n|raw|ProbablyTTT's rating: 1558 &rarr; <strong>1579<\/strong><br \/>(+21 for winning)\n|c|\u2606minimax_ai|gg\n|l|\u2606minimax_ai\n|c|\u2606ProbablyTTT|gg\n","uploadtime":1665995061,"views":10,"p1id":"minimaxai","p2id":"probablyttt","formatid":"gen8ou","rating":1562,"private":0,"password":null}