{"id":"gen8ou-1631073042","p1":"jeandonis02","p2":"Daddy McFlyy","format":"gen8ou","log":"|j|\u2606jeandonis02\n|j|\u2606Daddy McFlyy\n|t:|1659493995\n|gametype|singles\n|player|p1|jeandonis02|lucas|1623\n|player|p2|Daddy McFlyy|lucas-gen4pt|1609\n|teamsize|p1|6\n|teamsize|p2|6\n|gen|8\n|tier|[Gen 8] OU\n|rated|\n|rule|Sleep Clause Mod: Limit one foe put to sleep\n|rule|Species Clause: Limit one of each Pok\u00e9mon\n|rule|OHKO Clause: OHKO moves are banned\n|rule|Evasion Moves Clause: Evasion moves are banned\n|rule|Endless Battle Clause: Forcing endless battles is banned\n|rule|HP Percentage Mod: HP is shown in percentages\n|rule|Dynamax Clause: You cannot dynamax\n|clearpoke\n|poke|p1|Zeraora|\n|poke|p1|Toxapex, M|\n|poke|p1|Garchomp, M|\n|poke|p1|Rotom-Wash|\n|poke|p1|Ferrothorn, F|\n|poke|p1|Charizard, M|\n|poke|p2|Chansey, F|\n|poke|p2|Landorus-Therian, M|\n|poke|p2|Toxapex, M|\n|poke|p2|Corviknight, M|\n|poke|p2|Dragapult, M|\n|poke|p2|Slowbro, F|\n|teampreview\n|inactive|Battle timer is ON: inactive players will automatically lose when time's up. (requested by Daddy McFlyy)\n|inactive|jeandonis02 has 120 seconds left.\n|\n|t:|1659494034\n|start\n|switch|p1a: Rotom|Rotom-Wash|100\/100\n|switch|p2a: Landorus|Landorus-Therian, M|100\/100\n|-ability|p2a: Landorus|Intimidate|boost\n|-unboost|p1a: Rotom|atk|1\n|turn|1\n|\n|t:|1659494048\n|switch|p2a: Dragapult|Dragapult, M|100\/100\n|move|p1a: Rotom|Will-O-Wisp|p2a: Dragapult\n|-status|p2a: Dragapult|brn\n|\n|-damage|p2a: Dragapult|95\/100 brn|[from] brn\n|upkeep\n|turn|2\n|\n|t:|1659494052\n|switch|p1a: Toxapex|Toxapex, M|100\/100\n|move|p2a: Dragapult|Substitute|p2a: Dragapult\n|-start|p2a: Dragapult|Substitute\n|-damage|p2a: Dragapult|70\/100 brn\n|\n|-heal|p2a: Dragapult|76\/100 brn|[from] item: Leftovers\n|-damage|p2a: Dragapult|70\/100 brn|[from] brn\n|upkeep\n|turn|3\n|\n|t:|1659494054\n|move|p2a: Dragapult|Will-O-Wisp|p1a: Toxapex\n|-status|p1a: Toxapex|brn\n|move|p1a: Toxapex|Haze|p1a: Toxapex\n|-clearallboost\n|\n|-heal|p2a: Dragapult|76\/100 brn|[from] item: Leftovers\n|-damage|p2a: Dragapult|70\/100 brn|[from] brn\n|-damage|p1a: Toxapex|94\/100 brn|[from] brn\n|upkeep\n|turn|4\n|\n|t:|1659494061\n|switch|p1a: Rotom|Rotom-Wash|100\/100\n|move|p2a: Dragapult|Hex|p1a: Rotom\n|-damage|p1a: Rotom|78\/100\n|\n|-heal|p2a: Dragapult|76\/100 brn|[from] item: Leftovers\n|-heal|p1a: Rotom|85\/100|[from] item: Leftovers\n|-damage|p2a: Dragapult|70\/100 brn|[from] brn\n|upkeep\n|turn|5\n|\n|t:|1659494064\n|move|p2a: Dragapult|Will-O-Wisp|p1a: Rotom\n|-status|p1a: Rotom|brn\n|move|p1a: Rotom|Volt Switch|p2a: Dragapult\n|-resisted|p2a: Dragapult\n|-activate|p2a: Dragapult|move: Substitute|[damage]\n|\n|t:|1659494068\n|switch|p1a: Ferrothorn|Ferrothorn, F|100\/100|[from]move: Volt Switch\n|\n|-heal|p2a: Dragapult|76\/100 brn|[from] item: Leftovers\n|-damage|p2a: Dragapult|70\/100 brn|[from] brn\n|upkeep\n|turn|6\n|\n|t:|1659494070\n|move|p2a: Dragapult|Will-O-Wisp|p1a: Ferrothorn\n|-status|p1a: Ferrothorn|brn\n|move|p1a: Ferrothorn|Gyro Ball|p2a: Dragapult\n|-end|p2a: Dragapult|Substitute\n|\n|-heal|p2a: Dragapult|76\/100 brn|[from] item: Leftovers\n|-damage|p2a: Dragapult|70\/100 brn|[from] brn\n|-damage|p1a: Ferrothorn|94\/100 brn|[from] brn\n|upkeep\n|turn|7\n|\n|t:|1659494076\n|switch|p2a: Landorus|Landorus-Therian, M|100\/100\n|-ability|p2a: Landorus|Intimidate|boost\n|-unboost|p1a: Ferrothorn|atk|1\n|move|p1a: Ferrothorn|Gyro Ball|p2a: Landorus\n|-damage|p2a: Landorus|85\/100\n|\n|-heal|p2a: Landorus|91\/100|[from] item: Leftovers\n|-damage|p1a: Ferrothorn|88\/100 brn|[from] brn\n|upkeep\n|turn|8\n|\n|t:|1659494080\n|move|p2a: Landorus|Stealth Rock|p1a: Ferrothorn\n|-sidestart|p1: jeandonis02|move: Stealth Rock\n|move|p1a: Ferrothorn|Stealth Rock|p2a: Landorus\n|-sidestart|p2: Daddy McFlyy|move: Stealth Rock\n|\n|-heal|p2a: Landorus|97\/100|[from] item: Leftovers\n|-damage|p1a: Ferrothorn|82\/100 brn|[from] brn\n|upkeep\n|turn|9\n|\n|t:|1659494083\n|move|p2a: Landorus|Earthquake|p1a: Ferrothorn\n|-crit|p1a: Ferrothorn\n|-damage|p1a: Ferrothorn|31\/100 brn\n|move|p1a: Ferrothorn|Leech Seed|p2a: Landorus|[miss]\n|-miss|p1a: Ferrothorn|p2a: Landorus\n|\n|-heal|p2a: Landorus|100\/100|[from] item: Leftovers\n|-damage|p1a: Ferrothorn|25\/100 brn|[from] brn\n|upkeep\n|turn|10\n|\n|t:|1659494089\n|move|p2a: Landorus|U-turn|p1a: Ferrothorn\n|-damage|p1a: Ferrothorn|8\/100 brn\n|-damage|p2a: Landorus|88\/100|[from] ability: Iron Barbs|[of] p1a: Ferrothorn\n|-damage|p2a: Landorus|72\/100|[from] item: Rocky Helmet|[of] p1a: Ferrothorn\n|\n|t:|1659494095\n|switch|p2a: Dragapult|Dragapult, M|70\/100 brn|[from]move: U-turn\n|-damage|p2a: Dragapult|57\/100 brn|[from] Stealth Rock\n|move|p1a: Ferrothorn|Leech Seed|p2a: Dragapult\n|-start|p2a: Dragapult|move: Leech Seed\n|\n|-heal|p2a: Dragapult|63\/100 brn|[from] item: Leftovers\n|-damage|p2a: Dragapult|51\/100 brn|[from] Leech Seed|[of] p1a: Ferrothorn\n|-heal|p1a: Ferrothorn|21\/100 brn|[silent]\n|-damage|p2a: Dragapult|45\/100 brn|[from] brn\n|-damage|p1a: Ferrothorn|14\/100 brn|[from] brn\n|upkeep\n|turn|11\n|\n|t:|1659494100\n|switch|p1a: Toxapex|Toxapex, M|100\/100 brn\n|-damage|p1a: Toxapex|88\/100 brn|[from] Stealth Rock\n|move|p2a: Dragapult|Hex|p1a: Toxapex\n|-damage|p1a: Toxapex|59\/100 brn\n|\n|-heal|p2a: Dragapult|51\/100 brn|[from] item: Leftovers\n|-heal|p1a: Toxapex|66\/100 brn|[from] item: Black Sludge\n|-damage|p2a: Dragapult|39\/100 brn|[from] Leech Seed|[of] p1a: Toxapex\n|-heal|p1a: Toxapex|80\/100 brn|[silent]\n|-damage|p2a: Dragapult|33\/100 brn|[from] brn\n|-damage|p1a: Toxapex|74\/100 brn|[from] brn\n|upkeep\n|turn|12\n|\n|t:|1659494104\n|switch|p2a: Slowbro|Slowbro, F|100\/100\n|-damage|p2a: Slowbro|88\/100|[from] Stealth Rock\n|move|p1a: Toxapex|Toxic|p2a: Slowbro\n|-status|p2a: Slowbro|tox\n|\n|-heal|p1a: Toxapex|80\/100 brn|[from] item: Black Sludge\n|-heal|p2a: Slowbro|94\/100 tox|[from] item: Leftovers\n|-damage|p2a: Slowbro|88\/100 tox|[from] psn\n|-damage|p1a: Toxapex|74\/100 brn|[from] brn\n|upkeep\n|turn|13\n|\n|t:|1659494107\n|move|p1a: Toxapex|Scald|p2a: Slowbro\n|-resisted|p2a: Slowbro\n|-damage|p2a: Slowbro|80\/100 tox\n|move|p2a: Slowbro|Future Sight|p1a: Toxapex\n|-start|p2a: Slowbro|move: Future Sight\n|\n|-heal|p1a: Toxapex|80\/100 brn|[from] item: Black Sludge\n|-heal|p2a: Slowbro|86\/100 tox|[from] item: Leftovers\n|-damage|p2a: Slowbro|74\/100 tox|[from] psn\n|-damage|p1a: Toxapex|74\/100 brn|[from] brn\n|upkeep\n|turn|14\n|\n|t:|1659494111\n|move|p1a: Toxapex|Scald|p2a: Slowbro\n|-resisted|p2a: Slowbro\n|-damage|p2a: Slowbro|65\/100 tox\n|move|p2a: Slowbro|Teleport|p2a: Slowbro\n|\n|t:|1659494121\n|switch|p2a: Dragapult|Dragapult, M|33\/100 brn|[from]move: Teleport\n|-damage|p2a: Dragapult|21\/100 brn|[from] Stealth Rock\n|\n|-heal|p2a: Dragapult|27\/100 brn|[from] item: Leftovers\n|-heal|p1a: Toxapex|80\/100 brn|[from] item: Black Sludge\n|-damage|p2a: Dragapult|21\/100 brn|[from] brn\n|-damage|p1a: Toxapex|74\/100 brn|[from] brn\n|upkeep\n|turn|15\n|\n|t:|1659494128\n|switch|p1a: Ferrothorn|Ferrothorn, F|14\/100 brn\n|-damage|p1a: Ferrothorn|8\/100 brn|[from] Stealth Rock\n|move|p2a: Dragapult|Hex|p1a: Ferrothorn\n|-damage|p1a: Ferrothorn|0 fnt\n|faint|p1a: Ferrothorn\n|\n|-hint|Future Sight did not hit because the target is fainted.\n|-heal|p2a: Dragapult|27\/100 brn|[from] item: Leftovers\n|-damage|p2a: Dragapult|21\/100 brn|[from] brn\n|upkeep\n|\n|t:|1659494130\n|switch|p1a: Zeraora|Zeraora|100\/100\n|-damage|p1a: Zeraora|88\/100|[from] Stealth Rock\n|turn|16\n|\n|t:|1659494133\n|switch|p2a: Landorus|Landorus-Therian, M|72\/100\n|-damage|p2a: Landorus|59\/100|[from] Stealth Rock\n|-ability|p2a: Landorus|Intimidate|boost\n|-unboost|p1a: Zeraora|atk|1\n|move|p1a: Zeraora|Knock Off|p2a: Landorus\n|-damage|p2a: Landorus|40\/100\n|-enditem|p2a: Landorus|Leftovers|[from] move: Knock Off|[of] p1a: Zeraora\n|\n|upkeep\n|turn|17\n|\n|t:|1659494142\n|move|p1a: Zeraora|Play Rough|p2a: Landorus\n|-damage|p2a: Landorus|23\/100\n|move|p2a: Landorus|U-turn|p1a: Zeraora\n|-damage|p1a: Zeraora|45\/100\n|\n|t:|1659494149\n|switch|p2a: Toxapex|Toxapex, M, shiny|100\/100|[from]move: U-turn\n|-damage|p2a: Toxapex|88\/100|[from] Stealth Rock\n|\n|upkeep\n|turn|18\n|\n|t:|1659494152\n|move|p1a: Zeraora|Knock Off|p2a: Toxapex\n|-damage|p2a: Toxapex|75\/100\n|-damage|p1a: Zeraora|29\/100|[from] item: Rocky Helmet|[of] p2a: Toxapex\n|-enditem|p2a: Toxapex|Rocky Helmet|[from] move: Knock Off|[of] p1a: Zeraora\n|move|p2a: Toxapex|Scald|p1a: Zeraora\n|-damage|p1a: Zeraora|7\/100\n|\n|upkeep\n|turn|19\n|\n|t:|1659494159\n|switch|p1a: Toxapex|Toxapex, M|100\/100 brn\n|-damage|p1a: Toxapex|88\/100 brn|[from] Stealth Rock\n|move|p2a: Toxapex|Scald|p1a: Toxapex\n|-resisted|p1a: Toxapex\n|-damage|p1a: Toxapex|83\/100 brn\n|\n|-heal|p1a: Toxapex|89\/100 brn|[from] item: Black Sludge\n|-damage|p1a: Toxapex|83\/100 brn|[from] brn\n|upkeep\n|turn|20\n|\n|t:|1659494168\n|move|p2a: Toxapex|Toxic Spikes|p1a: Toxapex\n|-sidestart|p1: jeandonis02|move: Toxic Spikes\n|move|p1a: Toxapex|Scald|p2a: Toxapex\n|-resisted|p2a: Toxapex\n|-damage|p2a: Toxapex|68\/100\n|\n|-heal|p1a: Toxapex|89\/100 brn|[from] item: Black Sludge\n|-damage|p1a: Toxapex|83\/100 brn|[from] brn\n|upkeep\n|turn|21\n|\n|t:|1659494172\n|switch|p2a: Chansey|Chansey, F|100\/100\n|-damage|p2a: Chansey|88\/100|[from] Stealth Rock\n|move|p1a: Toxapex|Scald|p2a: Chansey\n|-damage|p2a: Chansey|83\/100\n|-status|p2a: Chansey|brn\n|\n|-heal|p1a: Toxapex|89\/100 brn|[from] item: Black Sludge\n|-damage|p2a: Chansey|77\/100 brn|[from] brn\n|-damage|p1a: Toxapex|83\/100 brn|[from] brn\n|upkeep\n|turn|22\n|\n|t:|1659494178\n|switch|p1a: Rotom|Rotom-Wash|85\/100 brn\n|-damage|p1a: Rotom|72\/100 brn|[from] Stealth Rock\n|move|p2a: Chansey|Wish|p2a: Chansey\n|\n|-heal|p1a: Rotom|78\/100 brn|[from] item: Leftovers\n|-damage|p1a: Rotom|72\/100 brn|[from] brn\n|-damage|p2a: Chansey|71\/100 brn|[from] brn\n|upkeep\n|turn|23\n|\n|t:|1659494201\n|move|p1a: Rotom|Hydro Pump|p2a: Chansey\n|-damage|p2a: Chansey|59\/100 brn\n|move|p2a: Chansey|Seismic Toss|p1a: Rotom\n|-damage|p1a: Rotom|39\/100 brn\n|\n|-heal|p2a: Chansey|100\/100 brn|[from] move: Wish|[wisher] Chansey\n|-heal|p1a: Rotom|46\/100 brn|[from] item: Leftovers\n|-damage|p1a: Rotom|39\/100 brn|[from] brn\n|-damage|p2a: Chansey|94\/100 brn|[from] brn\n|upkeep\n|turn|24\n|\n|t:|1659494211\n|-curestatus|p2a: Chansey|brn|[from] ability: Natural Cure\n|switch|p2a: Dragapult|Dragapult, M|21\/100 brn\n|-damage|p2a: Dragapult|8\/100 brn|[from] Stealth Rock\n|move|p1a: Rotom|Defog|p2a: Dragapult\n|-unboost|p2a: Dragapult|evasion|1\n|-sideend|p2: Daddy McFlyy|Stealth Rock|[from] move: Defog|[of] p1a: Rotom\n|-sideend|p1: jeandonis02|Toxic Spikes|[from] move: Defog|[of] p1a: Rotom\n|-sideend|p1: jeandonis02|Stealth Rock|[from] move: Defog|[of] p1a: Rotom\n|\n|-heal|p2a: Dragapult|14\/100 brn|[from] item: Leftovers\n|-heal|p1a: Rotom|46\/100 brn|[from] item: Leftovers\n|-damage|p2a: Dragapult|8\/100 brn|[from] brn\n|-damage|p1a: Rotom|39\/100 brn|[from] brn\n|upkeep\n|turn|25\n|\n|t:|1659494219\n|switch|p1a: Toxapex|Toxapex, M|100\/100 brn\n|move|p2a: Dragapult|Hex|p1a: Toxapex\n|-damage|p1a: Toxapex|70\/100 brn\n|\n|-heal|p2a: Dragapult|14\/100 brn|[from] item: Leftovers\n|-heal|p1a: Toxapex|76\/100 brn|[from] item: Black Sludge\n|-damage|p2a: Dragapult|8\/100 brn|[from] brn\n|-damage|p1a: Toxapex|70\/100 brn|[from] brn\n|upkeep\n|turn|26\n|\n|t:|1659494225\n|switch|p2a: Chansey|Chansey, F|94\/100\n|move|p1a: Toxapex|Toxic|p2a: Chansey\n|-status|p2a: Chansey|tox\n|\n|-heal|p1a: Toxapex|76\/100 brn|[from] item: Black Sludge\n|-damage|p2a: Chansey|88\/100 tox|[from] psn\n|-damage|p1a: Toxapex|70\/100 brn|[from] brn\n|upkeep\n|turn|27\n|\n|t:|1659494229\n|switch|p1a: Garchomp|Garchomp, M|100\/100\n|move|p2a: Chansey|Wish|p2a: Chansey\n|\n|-damage|p2a: Chansey|76\/100 tox|[from] psn\n|upkeep\n|turn|28\n|\n|t:|1659494234\n|-curestatus|p2a: Chansey|tox|[from] ability: Natural Cure\n|switch|p2a: Landorus|Landorus-Therian, M|23\/100\n|-ability|p2a: Landorus|Intimidate|boost\n|-unboost|p1a: Garchomp|atk|1\n|move|p1a: Garchomp|Fire Fang|p2a: Landorus\n|-damage|p2a: Landorus|0 fnt\n|faint|p2a: Landorus\n|\n|upkeep\n|\n|t:|1659494244\n|switch|p2a: Corviknight|Corviknight, M, shiny|100\/100\n|-ability|p2a: Corviknight|Pressure\n|turn|29\n|\n|t:|1659494249\n|switch|p1a: Toxapex|Toxapex, M|100\/100 brn\n|move|p2a: Corviknight|Iron Defense|p2a: Corviknight\n|-boost|p2a: Corviknight|def|2\n|\n|-damage|p1a: Toxapex|94\/100 brn|[from] brn\n|upkeep\n|turn|30\n|\n|t:|1659494253\n|move|p2a: Corviknight|U-turn|p1a: Toxapex\n|-resisted|p1a: Toxapex\n|-damage|p1a: Toxapex|89\/100 brn\n|\n|t:|1659494255\n|switch|p2a: Slowbro|Slowbro, F|99\/100 tox|[from]move: U-turn\n|move|p1a: Toxapex|Haze|p1a: Toxapex\n|-clearallboost\n|\n|-heal|p1a: Toxapex|95\/100 brn|[from] item: Black Sludge\n|-heal|p2a: Slowbro|100\/100 tox|[from] item: Leftovers\n|-damage|p2a: Slowbro|94\/100 tox|[from] psn\n|-damage|p1a: Toxapex|89\/100 brn|[from] brn\n|upkeep\n|turn|31\n|\n|t:|1659494260\n|switch|p1a: Rotom|Rotom-Wash|39\/100 brn\n|move|p2a: Slowbro|Future Sight|p1a: Rotom\n|-start|p2a: Slowbro|move: Future Sight\n|\n|-heal|p1a: Rotom|46\/100 brn|[from] item: Leftovers\n|-heal|p2a: Slowbro|100\/100 tox|[from] item: Leftovers\n|-damage|p2a: Slowbro|88\/100 tox|[from] psn\n|-damage|p1a: Rotom|39\/100 brn|[from] brn\n|upkeep\n|turn|32\n|\n|t:|1659494265\n|move|p1a: Rotom|Volt Switch|p2a: Slowbro\n|-supereffective|p2a: Slowbro\n|-damage|p2a: Slowbro|38\/100 tox\n|\n|t:|1659494268\n|switch|p1a: Toxapex|Toxapex, M|100\/100 brn|[from]move: Volt Switch\n|move|p2a: Slowbro|Teleport|p2a: Slowbro\n|\n|t:|1659494282\n|switch|p2a: Toxapex|Toxapex, M, shiny|100\/100|[from]move: Teleport\n|\n|-damage|p1a: Toxapex|94\/100 brn|[from] brn\n|upkeep\n|turn|33\n|\n|t:|1659494287\n|move|p1a: Toxapex|Scald|p2a: Toxapex\n|-resisted|p2a: Toxapex\n|-damage|p2a: Toxapex|94\/100\n|move|p2a: Toxapex|Toxic Spikes|p1a: Toxapex\n|-sidestart|p1: jeandonis02|move: Toxic Spikes\n|\n|-end|p1a: Toxapex|move: Future Sight\n|-supereffective|p1a: Toxapex\n|-damage|p1a: Toxapex|23\/100 brn\n|-heal|p1a: Toxapex|29\/100 brn|[from] item: Black Sludge\n|-damage|p1a: Toxapex|23\/100 brn|[from] brn\n|upkeep\n|turn|34\n|\n|t:|1659494295\n|switch|p1a: Rotom|Rotom-Wash|39\/100 brn\n|switch|p2a: Slowbro|Slowbro, F|71\/100 tox\n|\n|-heal|p1a: Rotom|46\/100 brn|[from] item: Leftovers\n|-heal|p2a: Slowbro|77\/100 tox|[from] item: Leftovers\n|-damage|p2a: Slowbro|71\/100 tox|[from] psn\n|-damage|p1a: Rotom|39\/100 brn|[from] brn\n|upkeep\n|turn|35\n|\n|t:|1659494299\n|move|p1a: Rotom|Volt Switch|p2a: Slowbro\n|-supereffective|p2a: Slowbro\n|-damage|p2a: Slowbro|21\/100 tox\n|\n|t:|1659494302\n|switch|p1a: Toxapex|Toxapex, M|56\/100 brn|[from]move: Volt Switch\n|-sideend|p1: jeandonis02|move: Toxic Spikes|[of] p1a: Toxapex\n|move|p2a: Slowbro|Future Sight|p1a: Toxapex\n|-start|p2a: Slowbro|move: Future Sight\n|\n|-heal|p1a: Toxapex|62\/100 brn|[from] item: Black Sludge\n|-heal|p2a: Slowbro|27\/100 tox|[from] item: Leftovers\n|-damage|p2a: Slowbro|15\/100 tox|[from] psn\n|-damage|p1a: Toxapex|56\/100 brn|[from] brn\n|upkeep\n|turn|36\n|\n|t:|1659494306\n|switch|p1a: Rotom|Rotom-Wash|39\/100 brn\n|switch|p2a: Chansey|Chansey, F|76\/100\n|\n|-heal|p1a: Rotom|46\/100 brn|[from] item: Leftovers\n|-damage|p1a: Rotom|39\/100 brn|[from] brn\n|upkeep\n|turn|37\n|\n|t:|1659494310\n|move|p1a: Rotom|Volt Switch|p2a: Chansey\n|-damage|p2a: Chansey|69\/100\n|\n|t:|1659494311\n|switch|p1a: Garchomp|Garchomp, M|100\/100|[from]move: Volt Switch\n|move|p2a: Chansey|Wish|p2a: Chansey\n|\n|-end|p1a: Garchomp|move: Future Sight\n|-damage|p1a: Garchomp|34\/100\n|upkeep\n|turn|38\n|\n|t:|1659494321\n|switch|p2a: Corviknight|Corviknight, M, shiny|100\/100\n|-ability|p2a: Corviknight|Pressure\n|move|p1a: Garchomp|Earthquake|p2a: Corviknight\n|-immune|p2a: Corviknight\n|\n|upkeep\n|turn|39\n|\n|t:|1659494330\n|switch|p1a: Toxapex|Toxapex, M|89\/100 brn\n|move|p2a: Corviknight|Body Press|p1a: Toxapex\n|-resisted|p1a: Toxapex\n|-damage|p1a: Toxapex|78\/100 brn\n|\n|-heal|p1a: Toxapex|85\/100 brn|[from] item: Black Sludge\n|-damage|p1a: Toxapex|78\/100 brn|[from] brn\n|upkeep\n|turn|40\n|\n|t:|1659494335\n|switch|p1a: Rotom|Rotom-Wash|39\/100 brn\n|move|p2a: Corviknight|U-turn|p1a: Rotom\n|-damage|p1a: Rotom|26\/100 brn\n|\n|t:|1659494340\n|switch|p2a: Dragapult|Dragapult, M|8\/100 brn|[from]move: U-turn\n|\n|-heal|p2a: Dragapult|14\/100 brn|[from] item: Leftovers\n|-heal|p1a: Rotom|32\/100 brn|[from] item: Leftovers\n|-damage|p2a: Dragapult|8\/100 brn|[from] brn\n|-damage|p1a: Rotom|26\/100 brn|[from] brn\n|upkeep\n|turn|41\n|\n|t:|1659494343\n|switch|p1a: Toxapex|Toxapex, M|100\/100 brn\n|move|p2a: Dragapult|Hex|p1a: Toxapex\n|-damage|p1a: Toxapex|68\/100 brn\n|\n|-heal|p2a: Dragapult|14\/100 brn|[from] item: Leftovers\n|-heal|p1a: Toxapex|74\/100 brn|[from] item: Black Sludge\n|-damage|p2a: Dragapult|8\/100 brn|[from] brn\n|-damage|p1a: Toxapex|68\/100 brn|[from] brn\n|upkeep\n|turn|42\n|\n|t:|1659494348\n|switch|p2a: Chansey|Chansey, F|69\/100\n|move|p1a: Toxapex|Toxic|p2a: Chansey\n|-status|p2a: Chansey|tox\n|\n|-heal|p1a: Toxapex|74\/100 brn|[from] item: Black Sludge\n|-damage|p2a: Chansey|63\/100 tox|[from] psn\n|-damage|p1a: Toxapex|68\/100 brn|[from] brn\n|upkeep\n|turn|43\n|\n|t:|1659494354\n|move|p2a: Chansey|Wish|p2a: Chansey\n|move|p1a: Toxapex|Scald|p2a: Chansey\n|-damage|p2a: Chansey|58\/100 tox\n|\n|-heal|p1a: Toxapex|74\/100 brn|[from] item: Black Sludge\n|-damage|p2a: Chansey|46\/100 tox|[from] psn\n|-damage|p1a: Toxapex|68\/100 brn|[from] brn\n|upkeep\n|turn|44\n|\n|t:|1659494358\n|-curestatus|p2a: Chansey|tox|[from] ability: Natural Cure\n|switch|p2a: Slowbro|Slowbro, F|48\/100 tox\n|move|p1a: Toxapex|Scald|p2a: Slowbro\n|-resisted|p2a: Slowbro\n|-damage|p2a: Slowbro|40\/100 tox\n|\n|-heal|p2a: Slowbro|100\/100 tox|[from] move: Wish|[wisher] Chansey\n|-heal|p1a: Toxapex|74\/100 brn|[from] item: Black Sludge\n|-damage|p2a: Slowbro|94\/100 tox|[from] psn\n|-damage|p1a: Toxapex|68\/100 brn|[from] brn\n|upkeep\n|turn|45\n|\n|t:|1659494362\n|switch|p1a: Rotom|Rotom-Wash|26\/100 brn\n|move|p2a: Slowbro|Scald|p1a: Rotom\n|-resisted|p1a: Rotom\n|-damage|p1a: Rotom|9\/100 brn\n|\n|-heal|p1a: Rotom|15\/100 brn|[from] item: Leftovers\n|-heal|p2a: Slowbro|100\/100 tox|[from] item: Leftovers\n|-damage|p2a: Slowbro|88\/100 tox|[from] psn\n|-damage|p1a: Rotom|9\/100 brn|[from] brn\n|upkeep\n|turn|46\n|\n|t:|1659494365\n|move|p1a: Rotom|Volt Switch|p2a: Slowbro\n|-supereffective|p2a: Slowbro\n|-damage|p2a: Slowbro|37\/100 tox\n|\n|t:|1659494372\n|switch|p1a: Toxapex|Toxapex, M|100\/100 brn|[from]move: Volt Switch\n|move|p2a: Slowbro|Future Sight|p1a: Toxapex\n|-start|p2a: Slowbro|move: Future Sight\n|\n|-heal|p2a: Slowbro|43\/100 tox|[from] item: Leftovers\n|-damage|p2a: Slowbro|24\/100 tox|[from] psn\n|-damage|p1a: Toxapex|94\/100 brn|[from] brn\n|upkeep\n|turn|47\n|\n|t:|1659494378\n|switch|p2a: Chansey|Chansey, F|46\/100\n|move|p1a: Toxapex|Scald|p2a: Chansey\n|-damage|p2a: Chansey|41\/100\n|\n|-heal|p1a: Toxapex|100\/100 brn|[from] item: Black Sludge\n|-damage|p1a: Toxapex|94\/100 brn|[from] brn\n|upkeep\n|turn|48\n|\n|t:|1659494380\n|move|p2a: Chansey|Soft-Boiled|p2a: Chansey\n|-heal|p2a: Chansey|91\/100\n|move|p1a: Toxapex|Toxic|p2a: Chansey\n|-status|p2a: Chansey|tox\n|\n|-end|p1a: Toxapex|move: Future Sight\n|-supereffective|p1a: Toxapex\n|-damage|p1a: Toxapex|23\/100 brn\n|-heal|p1a: Toxapex|29\/100 brn|[from] item: Black Sludge\n|-damage|p2a: Chansey|85\/100 tox|[from] psn\n|-damage|p1a: Toxapex|23\/100 brn|[from] brn\n|upkeep\n|turn|49\n|\n|t:|1659494385\n|switch|p1a: Garchomp|Garchomp, M|34\/100\n|move|p2a: Chansey|Wish|p2a: Chansey\n|\n|-damage|p2a: Chansey|72\/100 tox|[from] psn\n|upkeep\n|turn|50\n|\n|t:|1659494390\n|switch|p1a: Rotom|Rotom-Wash|9\/100 brn\n|-curestatus|p2a: Chansey|tox|[from] ability: Natural Cure\n|switch|p2a: Slowbro|Slowbro, F|58\/100 tox\n|\n|-heal|p2a: Slowbro|100\/100 tox|[from] move: Wish|[wisher] Chansey\n|-heal|p1a: Rotom|15\/100 brn|[from] item: Leftovers\n|-damage|p2a: Slowbro|94\/100 tox|[from] psn\n|-damage|p1a: Rotom|9\/100 brn|[from] brn\n|upkeep\n|turn|51\n|\n|t:|1659494393\n|move|p1a: Rotom|Volt Switch|p2a: Slowbro\n|-supereffective|p2a: Slowbro\n|-crit|p2a: Slowbro\n|-damage|p2a: Slowbro|14\/100 tox\n|\n|t:|1659494397\n|switch|p1a: Zeraora|Zeraora|7\/100|[from]move: Volt Switch\n|move|p2a: Slowbro|Future Sight|p1a: Zeraora\n|-start|p2a: Slowbro|move: Future Sight\n|\n|-heal|p2a: Slowbro|20\/100 tox|[from] item: Leftovers\n|-damage|p2a: Slowbro|8\/100 tox|[from] psn\n|upkeep\n|turn|52\n|\n|t:|1659494404\n|switch|p2a: Corviknight|Corviknight, M, shiny|100\/100\n|-ability|p2a: Corviknight|Pressure\n|move|p1a: Zeraora|Plasma Fists|p2a: Corviknight\n|-supereffective|p2a: Corviknight\n|-damage|p2a: Corviknight|49\/100\n|-fieldactivate|move: Ion Deluge\n|-hint|Normal-type moves become Electric-type after using Plasma Fists.\n|-damage|p1a: Zeraora|0 fnt|[from] item: Rocky Helmet|[of] p2a: Corviknight\n|faint|p1a: Zeraora\n|\n|upkeep\n|\n|t:|1659494407\n|switch|p1a: Charizard|Charizard, M|100\/100\n|turn|53\n|\n|t:|1659494416\n|switch|p2a: Toxapex|Toxapex, M, shiny|100\/100\n|move|p1a: Charizard|Belly Drum|p1a: Charizard\n|-damage|p1a: Charizard|50\/100\n|-setboost|p1a: Charizard|atk|6|[from] move: Belly Drum\n|-enditem|p1a: Charizard|Sitrus Berry|[eat]\n|-heal|p1a: Charizard|75\/100|[from] item: Sitrus Berry\n|\n|-end|p1a: Charizard|move: Future Sight\n|-damage|p1a: Charizard|11\/100\n|upkeep\n|turn|54\n|\n|t:|1659494419\n|move|p1a: Charizard|Acrobatics|p2a: Toxapex\n|-damage|p2a: Toxapex|4\/100\n|move|p2a: Toxapex|Haze|p2a: Toxapex\n|-clearallboost\n|\n|upkeep\n|turn|55\n|\n|t:|1659494432\n|switch|p2a: Chansey|Chansey, F|72\/100\n|move|p1a: Charizard|Roost|p1a: Charizard\n|-heal|p1a: Charizard|61\/100\n|-singleturn|p1a: Charizard|move: Roost\n|\n|upkeep\n|turn|56\n|\n|t:|1659494435\n|move|p1a: Charizard|Roost|p1a: Charizard\n|-heal|p1a: Charizard|100\/100\n|-singleturn|p1a: Charizard|move: Roost\n|move|p2a: Chansey|Thunder Wave|p1a: Charizard\n|-status|p1a: Charizard|par\n|\n|upkeep\n|turn|57\n|\n|t:|1659494438\n|move|p1a: Charizard|Belly Drum|p1a: Charizard\n|-damage|p1a: Charizard|50\/100 par\n|-setboost|p1a: Charizard|atk|6|[from] move: Belly Drum\n|move|p2a: Chansey|Wish|p2a: Chansey\n|\n|upkeep\n|turn|58\n|\n|t:|1659494446\n|switch|p2a: Corviknight|Corviknight, M, shiny|49\/100\n|-ability|p2a: Corviknight|Pressure\n|move|p1a: Charizard|Flame Charge|p2a: Corviknight\n|-supereffective|p2a: Corviknight\n|-damage|p2a: Corviknight|0 fnt\n|-boost|p1a: Charizard|spe|1\n|-damage|p1a: Charizard|34\/100 par|[from] item: Rocky Helmet|[of] p2a: Corviknight\n|faint|p2a: Corviknight\n|\n|upkeep\n|\n|t:|1659494453\n|switch|p2a: Dragapult|Dragapult, M|8\/100 brn\n|turn|59\n|\n|t:|1659494459\n|move|p2a: Dragapult|Hex|p1a: Charizard\n|-damage|p1a: Charizard|0 fnt\n|faint|p1a: Charizard\n|\n|-heal|p2a: Dragapult|14\/100 brn|[from] item: Leftovers\n|-damage|p2a: Dragapult|8\/100 brn|[from] brn\n|upkeep\n|\n|t:|1659494463\n|switch|p1a: Rotom|Rotom-Wash|9\/100 brn\n|turn|60\n|\n|t:|1659494468\n|switch|p1a: Toxapex|Toxapex, M|56\/100 brn\n|move|p2a: Dragapult|Hex|p1a: Toxapex\n|-damage|p1a: Toxapex|26\/100 brn\n|\n|-heal|p2a: Dragapult|14\/100 brn|[from] item: Leftovers\n|-heal|p1a: Toxapex|33\/100 brn|[from] item: Black Sludge\n|-damage|p2a: Dragapult|8\/100 brn|[from] brn\n|-damage|p1a: Toxapex|26\/100 brn|[from] brn\n|upkeep\n|turn|61\n|\n|t:|1659494473\n|switch|p1a: Rotom|Rotom-Wash|9\/100 brn\n|move|p2a: Dragapult|Hex|p1a: Rotom\n|-damage|p1a: Rotom|0 fnt\n|faint|p1a: Rotom\n|\n|-heal|p2a: Dragapult|14\/100 brn|[from] item: Leftovers\n|-damage|p2a: Dragapult|8\/100 brn|[from] brn\n|upkeep\n|\n|t:|1659494474\n|switch|p1a: Toxapex|Toxapex, M|60\/100 brn\n|turn|62\n|\n|t:|1659494478\n|switch|p2a: Slowbro|Slowbro, F|41\/100 tox\n|switch|p1a: Garchomp|Garchomp, M|34\/100\n|\n|-heal|p2a: Slowbro|47\/100 tox|[from] item: Leftovers\n|-damage|p2a: Slowbro|41\/100 tox|[from] psn\n|upkeep\n|turn|63\n|\n|t:|1659494483\n|move|p1a: Garchomp|Earthquake|p2a: Slowbro\n|-damage|p2a: Slowbro|0 fnt\n|faint|p2a: Slowbro\n|\n|upkeep\n|\n|t:|1659494485\n|switch|p2a: Chansey|Chansey, F|72\/100\n|turn|64\n|\n|t:|1659494490\n|move|p1a: Garchomp|Earthquake|p2a: Chansey\n|-damage|p2a: Chansey|22\/100\n|move|p2a: Chansey|Soft-Boiled|p2a: Chansey\n|-heal|p2a: Chansey|72\/100\n|\n|upkeep\n|turn|65\n|\n|t:|1659494494\n|move|p1a: Garchomp|Earthquake|p2a: Chansey\n|-damage|p2a: Chansey|25\/100\n|move|p2a: Chansey|Soft-Boiled|p2a: Chansey\n|-heal|p2a: Chansey|75\/100\n|\n|upkeep\n|turn|66\n|\n|t:|1659494497\n|move|p1a: Garchomp|Earthquake|p2a: Chansey\n|-damage|p2a: Chansey|25\/100\n|move|p2a: Chansey|Soft-Boiled|p2a: Chansey\n|-heal|p2a: Chansey|75\/100\n|\n|upkeep\n|turn|67\n|\n|t:|1659494499\n|move|p1a: Garchomp|Earthquake|p2a: Chansey\n|-damage|p2a: Chansey|26\/100\n|move|p2a: Chansey|Soft-Boiled|p2a: Chansey\n|-heal|p2a: Chansey|76\/100\n|\n|upkeep\n|turn|68\n|\n|t:|1659494502\n|move|p1a: Garchomp|Earthquake|p2a: Chansey\n|-damage|p2a: Chansey|26\/100\n|move|p2a: Chansey|Soft-Boiled|p2a: Chansey\n|-heal|p2a: Chansey|76\/100\n|\n|upkeep\n|turn|69\n|\n|t:|1659494504\n|move|p1a: Garchomp|Earthquake|p2a: Chansey\n|-damage|p2a: Chansey|25\/100\n|move|p2a: Chansey|Soft-Boiled|p2a: Chansey\n|-heal|p2a: Chansey|75\/100\n|\n|upkeep\n|turn|70\n|\n|t:|1659494508\n|move|p1a: Garchomp|Earthquake|p2a: Chansey\n|-damage|p2a: Chansey|24\/100\n|move|p2a: Chansey|Soft-Boiled|p2a: Chansey\n|-heal|p2a: Chansey|74\/100\n|\n|upkeep\n|turn|71\n|\n|t:|1659494511\n|move|p1a: Garchomp|Earthquake|p2a: Chansey\n|-damage|p2a: Chansey|23\/100\n|move|p2a: Chansey|Soft-Boiled|p2a: Chansey\n|-heal|p2a: Chansey|73\/100\n|\n|upkeep\n|turn|72\n|\n|t:|1659494514\n|move|p1a: Garchomp|Earthquake|p2a: Chansey\n|-damage|p2a: Chansey|26\/100\n|move|p2a: Chansey|Soft-Boiled|p2a: Chansey\n|-heal|p2a: Chansey|76\/100\n|\n|upkeep\n|turn|73\n|c|\u2606Daddy McFlyy|4\n|c|\u2606Daddy McFlyy|3\n|c|\u2606Daddy McFlyy|2\n|c|\u2606Daddy McFlyy|1\n|\n|t:|1659494522\n|move|p1a: Garchomp|Earthquake|p2a: Chansey\n|-damage|p2a: Chansey|28\/100\n|move|p2a: Chansey|Soft-Boiled|p2a: Chansey\n|-heal|p2a: Chansey|78\/100\n|\n|upkeep\n|turn|74\n|\n|t:|1659494525\n|move|p1a: Garchomp|Earthquake|p2a: Chansey\n|-damage|p2a: Chansey|28\/100\n|move|p2a: Chansey|Soft-Boiled|p2a: Chansey\n|-heal|p2a: Chansey|78\/100\n|\n|upkeep\n|turn|75\n|\n|t:|1659494529\n|move|p1a: Garchomp|Earthquake|p2a: Chansey\n|-damage|p2a: Chansey|30\/100\n|move|p2a: Chansey|Soft-Boiled|p2a: Chansey\n|-heal|p2a: Chansey|80\/100\n|\n|upkeep\n|turn|76\n|\n|t:|1659494534\n|move|p1a: Garchomp|Earthquake|p2a: Chansey\n|-damage|p2a: Chansey|32\/100\n|move|p2a: Chansey|Soft-Boiled|p2a: Chansey\n|-heal|p2a: Chansey|82\/100\n|\n|upkeep\n|turn|77\n|c|\u2606Daddy McFlyy|last 1\n|\n|t:|1659494541\n|switch|p1a: Toxapex|Toxapex, M|93\/100 brn\n|move|p2a: Chansey|Wish|p2a: Chansey\n|\n|-heal|p1a: Toxapex|99\/100 brn|[from] item: Black Sludge\n|-damage|p1a: Toxapex|93\/100 brn|[from] brn\n|upkeep\n|turn|78\n|\n|t:|1659494546\n|switch|p2a: Toxapex|Toxapex, M, shiny|37\/100\n|switch|p1a: Garchomp|Garchomp, M|34\/100\n|\n|-heal|p2a: Toxapex|100\/100|[from] move: Wish|[wisher] Chansey\n|upkeep\n|turn|79\n|\n|t:|1659494552\n|move|p1a: Garchomp|Outrage|p2a: Toxapex\n|-damage|p2a: Toxapex|49\/100\n|move|p2a: Toxapex|Scald|p1a: Garchomp\n|-damage|p1a: Garchomp|15\/100\n|\n|upkeep\n|turn|80\n|\n|t:|1659494562\n|move|p1a: Garchomp|Outrage|p2a: Toxapex|[from]lockedmove\n|-damage|p2a: Toxapex|0 fnt\n|faint|p2a: Toxapex\n|\n|upkeep\n|\n|t:|1659494564\n|switch|p2a: Dragapult|Dragapult, M|8\/100 brn\n|turn|81\n|\n|t:|1659494567\n|move|p2a: Dragapult|Hex|p1a: Garchomp\n|-damage|p1a: Garchomp|0 fnt\n|faint|p1a: Garchomp\n|\n|-heal|p2a: Dragapult|14\/100 brn|[from] item: Leftovers\n|-damage|p2a: Dragapult|8\/100 brn|[from] brn\n|upkeep\n|\n|t:|1659494572\n|switch|p1a: Toxapex|Toxapex, M|100\/100 brn\n|turn|82\n|\n|t:|1659494581\n|switch|p2a: Chansey|Chansey, F|82\/100\n|move|p1a: Toxapex|Toxic|p2a: Chansey\n|-status|p2a: Chansey|tox\n|\n|-damage|p2a: Chansey|76\/100 tox|[from] psn\n|-damage|p1a: Toxapex|94\/100 brn|[from] brn\n|upkeep\n|turn|83\n|\n|t:|1659494585\n|move|p2a: Chansey|Seismic Toss|p1a: Toxapex\n|-damage|p1a: Toxapex|61\/100 brn\n|move|p1a: Toxapex|Scald|p2a: Chansey\n|-damage|p2a: Chansey|70\/100 tox\n|\n|-heal|p1a: Toxapex|68\/100 brn|[from] item: Black Sludge\n|-damage|p2a: Chansey|58\/100 tox|[from] psn\n|-damage|p1a: Toxapex|61\/100 brn|[from] brn\n|upkeep\n|turn|84\n|\n|t:|1659494588\n|move|p1a: Toxapex|Baneful Bunker|p1a: Toxapex\n|-singleturn|p1a: Toxapex|move: Protect\n|move|p2a: Chansey|Wish|p2a: Chansey\n|\n|-heal|p1a: Toxapex|68\/100 brn|[from] item: Black Sludge\n|-damage|p2a: Chansey|40\/100 tox|[from] psn\n|-damage|p1a: Toxapex|61\/100 brn|[from] brn\n|upkeep\n|turn|85\n|\n|t:|1659494592\n|-curestatus|p2a: Chansey|tox|[from] ability: Natural Cure\n|switch|p2a: Dragapult|Dragapult, M|8\/100 brn\n|move|p1a: Toxapex|Scald|p2a: Dragapult\n|-resisted|p2a: Dragapult\n|-damage|p2a: Dragapult|0 fnt\n|faint|p2a: Dragapult\n|\n|-heal|p1a: Toxapex|68\/100 brn|[from] item: Black Sludge\n|-damage|p1a: Toxapex|61\/100 brn|[from] brn\n|upkeep\n|\n|t:|1659494595\n|switch|p2a: Chansey|Chansey, F|40\/100\n|turn|86\n|\n|t:|1659494598\n|move|p2a: Chansey|Soft-Boiled|p2a: Chansey\n|-heal|p2a: Chansey|90\/100\n|move|p1a: Toxapex|Toxic|p2a: Chansey\n|-status|p2a: Chansey|tox\n|\n|-heal|p1a: Toxapex|68\/100 brn|[from] item: Black Sludge\n|-damage|p2a: Chansey|84\/100 tox|[from] psn\n|-damage|p1a: Toxapex|61\/100 brn|[from] brn\n|upkeep\n|turn|87\n|\n|t:|1659494600\n|move|p1a: Toxapex|Baneful Bunker|p1a: Toxapex\n|-singleturn|p1a: Toxapex|move: Protect\n|move|p2a: Chansey|Seismic Toss|p1a: Toxapex\n|-activate|p1a: Toxapex|move: Protect\n|\n|-heal|p1a: Toxapex|68\/100 brn|[from] item: Black Sludge\n|-damage|p2a: Chansey|71\/100 tox|[from] psn\n|-damage|p1a: Toxapex|61\/100 brn|[from] brn\n|upkeep\n|turn|88\n|\n|t:|1659494608\n|move|p2a: Chansey|Seismic Toss|p1a: Toxapex\n|-damage|p1a: Toxapex|28\/100 brn\n|move|p1a: Toxapex|Scald|p2a: Chansey\n|-damage|p2a: Chansey|66\/100 tox\n|\n|-heal|p1a: Toxapex|35\/100 brn|[from] item: Black Sludge\n|-damage|p2a: Chansey|48\/100 tox|[from] psn\n|-damage|p1a: Toxapex|28\/100 brn|[from] brn\n|upkeep\n|turn|89\n|\n|t:|1659494614\n|move|p1a: Toxapex|Baneful Bunker|p1a: Toxapex\n|-singleturn|p1a: Toxapex|move: Protect\n|move|p2a: Chansey|Soft-Boiled|p2a: Chansey\n|-heal|p2a: Chansey|98\/100 tox\n|\n|-heal|p1a: Toxapex|35\/100 brn|[from] item: Black Sludge\n|-damage|p2a: Chansey|73\/100 tox|[from] psn\n|-damage|p1a: Toxapex|28\/100 brn|[from] brn\n|upkeep\n|turn|90\n|\n|t:|1659494617\n|move|p1a: Toxapex|Baneful Bunker||[still]\n|-fail|p1a: Toxapex\n|move|p2a: Chansey|Seismic Toss|p1a: Toxapex\n|-damage|p1a: Toxapex|0 fnt\n|faint|p1a: Toxapex\n|\n|win|Daddy McFlyy\n|raw|jeandonis02's rating: 1623 &rarr; <strong>1602<\/strong><br \/>(-21 for losing)\n|raw|Daddy McFlyy's rating: 1609 &rarr; <strong>1630<\/strong><br \/>(+21 for winning)\n|c|\u2606Daddy McFlyy|fail\n","uploadtime":1659494629,"views":36,"p1id":"jeandonis02","p2id":"daddymcflyy","formatid":"gen8ou","rating":1602,"private":0,"password":null}