{"id":"gen8nationaldex-1669687104","p1":"Ferrothornail\u8349\u94a2\u7532","p2":"lanterncs","format":"gen8nationaldex","log":"|j|\u2606Ferrothornail\u8349\u94a2\u7532\n|j|\u2606lanterncs\n|t:|1664077041\n|gametype|singles\n|player|p1|Ferrothornail\u8349\u94a2\u7532|lillie|1350\n|player|p2|lanterncs|steven|1318\n|teamsize|p1|6\n|teamsize|p2|6\n|gen|8\n|tier|[Gen 8] National Dex\n|rated|\n|rule|HP Percentage Mod: HP is shown in percentages\n|rule|Endless Battle Clause: Forcing endless battles is banned\n|rule|OHKO Clause: OHKO moves are banned\n|rule|Evasion Moves Clause: Evasion moves are banned\n|rule|Species Clause: Limit one of each Pok\u00e9mon\n|rule|Dynamax Clause: You cannot dynamax\n|rule|Sleep Clause Mod: Limit one foe put to sleep\n|clearpoke\n|poke|p1|Hatterene, F|\n|poke|p1|Cresselia, F|\n|poke|p1|Porygon2|\n|poke|p1|Aegislash, F|\n|poke|p1|Melmetal|\n|poke|p1|Camerupt, F|\n|poke|p2|Hawlucha, M|\n|poke|p2|Rillaboom, F|\n|poke|p2|Bisharp, F|\n|poke|p2|Mawile, F|\n|poke|p2|Serperior, F|\n|poke|p2|Mew|\n|teampreview\n|inactive|Battle timer is ON: inactive players will automatically lose when time's up. (requested by lanterncs)\n|\n|t:|1664077062\n|start\n|switch|p1a: Hatterene|Hatterene, F|100\/100\n|switch|p2a: Mew|Mew|100\/100\n|turn|1\n|\n|t:|1664077075\n|move|p2a: Mew|Knock Off|p1a: Hatterene\n|-damage|p1a: Hatterene|80\/100\n|-enditem|p1a: Hatterene|Focus Sash|[from] move: Knock Off|[of] p2a: Mew\n|move|p1a: Hatterene|Trick Room|p1a: Hatterene\n|-fieldstart|move: Trick Room|[of] p1a: Hatterene\n|\n|upkeep\n|turn|2\n|\n|t:|1664077081\n|move|p1a: Hatterene|Mystical Fire|p2a: Mew\n|-damage|p2a: Mew|75\/100\n|-unboost|p2a: Mew|spa|1\n|move|p2a: Mew|Spikes|p1a: Hatterene\n|move|p1a: Hatterene|Spikes|p2a: Mew|[from]ability: Magic Bounce\n|-sidestart|p2: lanterncs|Spikes\n|\n|upkeep\n|turn|3\n|\n|t:|1664077090\n|switch|p1a: Aegislash|Aegislash, F|100\/100\n|move|p2a: Mew|Ice Beam|p1a: Aegislash\n|-resisted|p1a: Aegislash\n|-damage|p1a: Aegislash|95\/100\n|\n|upkeep\n|turn|4\n|\n|t:|1664077096\n|-formechange|p1a: Aegislash|Aegislash-Blade||[from] ability: Stance Change\n|move|p1a: Aegislash|Shadow Claw|p2a: Mew\n|-supereffective|p2a: Mew\n|-damage|p2a: Mew|12\/100\n|-damage|p1a: Aegislash|79\/100|[from] item: Rocky Helmet|[of] p2a: Mew\n|move|p2a: Mew|Spikes|p1a: Aegislash\n|-sidestart|p1: Ferrothornail\u8349\u94a2\u7532|Spikes\n|\n|upkeep\n|turn|5\n|\n|t:|1664077104\n|move|p1a: Aegislash|Close Combat|p2a: Mew\n|-resisted|p2a: Mew\n|-damage|p2a: Mew|0 fnt\n|-unboost|p1a: Aegislash|def|1\n|-unboost|p1a: Aegislash|spd|1\n|-damage|p1a: Aegislash|62\/100|[from] item: Rocky Helmet|[of] p2a: Mew\n|faint|p2a: Mew\n|\n|-fieldend|move: Trick Room\n|upkeep\n|\n|t:|1664077113\n|switch|p2a: Bisharp|Bisharp, F|100\/100\n|-damage|p2a: Bisharp|88\/100|[from] Spikes\n|turn|6\n|\n|t:|1664077117\n|move|p2a: Bisharp|Knock Off|p1a: Aegislash\n|-supereffective|p1a: Aegislash\n|-crit|p1a: Aegislash\n|-damage|p1a: Aegislash|0 fnt\n|faint|p1a: Aegislash\n|-damage|p2a: Bisharp|78\/100|[from] item: Life Orb\n|\n|upkeep\n|\n|t:|1664077122\n|switch|p1a: Melmetal|Melmetal|100\/100\n|-damage|p1a: Melmetal|88\/100|[from] Spikes\n|turn|7\n|\n|t:|1664077137\n|switch|p2a: Rillaboom|Rillaboom, F|100\/100\n|-damage|p2a: Rillaboom|88\/100|[from] Spikes\n|-fieldstart|move: Grassy Terrain|[from] ability: Grassy Surge|[of] p2a: Rillaboom\n|move|p1a: Melmetal|Double Iron Bash|p2a: Rillaboom\n|-damage|p2a: Rillaboom|17\/100\n|-damage|p2a: Rillaboom|0 fnt\n|faint|p2a: Rillaboom\n|-hitcount|p2: Rillaboom|2\n|\n|-heal|p1a: Melmetal|94\/100|[from] Grassy Terrain\n|upkeep\n|\n|t:|1664077147\n|switch|p2a: Hawlucha|Hawlucha, M|100\/100\n|-enditem|p2a: Hawlucha|Grassy Seed\n|-boost|p2a: Hawlucha|def|1|[from] item: Grassy Seed\n|turn|8\n|\n|t:|1664077152\n|move|p2a: Hawlucha|Close Combat|p1a: Melmetal\n|-supereffective|p1a: Melmetal\n|-crit|p1a: Melmetal\n|-damage|p1a: Melmetal|15\/100\n|-unboost|p2a: Hawlucha|def|1\n|-unboost|p2a: Hawlucha|spd|1\n|move|p1a: Melmetal|Double Iron Bash|p2a: Hawlucha\n|-damage|p2a: Hawlucha|16\/100\n|-damage|p2a: Hawlucha|0 fnt\n|faint|p2a: Hawlucha\n|-hitcount|p2: Hawlucha|2\n|\n|-heal|p1a: Melmetal|21\/100|[from] Grassy Terrain\n|upkeep\n|\n|t:|1664077164\n|switch|p2a: Serperior|Serperior, F|100\/100\n|-damage|p2a: Serperior|88\/100|[from] Spikes\n|turn|9\n|\n|t:|1664077170\n|switch|p1a: Hatterene|Hatterene, F|80\/100\n|-damage|p1a: Hatterene|67\/100|[from] Spikes\n|move|p2a: Serperior|Hidden Power|p1a: Hatterene\n|-damage|p1a: Hatterene|52\/100\n|\n|-heal|p2a: Serperior|94\/100|[from] Grassy Terrain\n|-heal|p2a: Serperior|100\/100|[from] item: Leftovers\n|-heal|p1a: Hatterene|58\/100|[from] Grassy Terrain\n|upkeep\n|turn|10\n|\n|t:|1664077182\n|move|p2a: Serperior|Substitute|p2a: Serperior\n|-start|p2a: Serperior|Substitute\n|-damage|p2a: Serperior|76\/100\n|move|p1a: Hatterene|Trick Room|p1a: Hatterene\n|-fieldstart|move: Trick Room|[of] p1a: Hatterene\n|\n|-heal|p1a: Hatterene|64\/100|[from] Grassy Terrain\n|-heal|p2a: Serperior|82\/100|[from] Grassy Terrain\n|-heal|p2a: Serperior|88\/100|[from] item: Leftovers\n|upkeep\n|turn|11\n|\n|t:|1664077195\n|move|p1a: Hatterene|Healing Wish|p1a: Hatterene\n|faint|p1a: Hatterene\n|move|p2a: Serperior|Glare|p1: Hatterene|[notarget]\n|-fail|p2a: Serperior\n|\n|-heal|p2a: Serperior|94\/100|[from] Grassy Terrain\n|-heal|p2a: Serperior|100\/100|[from] item: Leftovers\n|-fieldend|move: Grassy Terrain\n|upkeep\n|\n|t:|1664077196\n|switch|p1a: Melmetal|Melmetal|21\/100\n|-heal|p1a: Melmetal|100\/100|[from] move: Healing Wish\n|-damage|p1a: Melmetal|88\/100|[from] Spikes\n|turn|12\n|\n|t:|1664077207\n|move|p1a: Melmetal|Double Iron Bash|p2a: Serperior\n|-end|p2a: Serperior|Substitute\n|-damage|p2a: Serperior|20\/100\n|-hitcount|p2a: Serperior|2\n|move|p2a: Serperior|Hidden Power|p1a: Melmetal\n|-supereffective|p1a: Melmetal\n|-damage|p1a: Melmetal|60\/100\n|\n|-heal|p2a: Serperior|26\/100|[from] item: Leftovers\n|upkeep\n|turn|13\n|\n|t:|1664077222\n|switch|p2a: Bisharp|Bisharp, F|78\/100\n|-damage|p2a: Bisharp|66\/100|[from] Spikes\n|move|p1a: Melmetal|Double Iron Bash|p2a: Bisharp\n|-resisted|p2a: Bisharp\n|-damage|p2a: Bisharp|26\/100\n|-resisted|p2a: Bisharp\n|-damage|p2a: Bisharp|0 fnt\n|faint|p2a: Bisharp\n|-hitcount|p2: Bisharp|2\n|\n|upkeep\n|\n|t:|1664077232\n|switch|p2a: Mawile|Mawile, F|100\/100\n|-damage|p2a: Mawile|88\/100|[from] Spikes\n|-ability|p2a: Mawile|Intimidate|boost\n|-unboost|p1a: Melmetal|atk|1\n|turn|14\n|\n|t:|1664077238\n|detailschange|p2a: Mawile|Mawile-Mega, F\n|-mega|p2a: Mawile|Mawile|Mawilite\n|move|p1a: Melmetal|Double Iron Bash|p2a: Mawile\n|-damage|p2a: Mawile|43\/100\n|-damage|p2a: Mawile|0 fnt\n|faint|p2a: Mawile\n|-hitcount|p2: Mawile|2\n|\n|-fieldend|move: Trick Room\n|upkeep\n|\n|t:|1664077245\n|switch|p2a: Serperior|Serperior, F|26\/100\n|-damage|p2a: Serperior|14\/100|[from] Spikes\n|turn|15\n|\n|t:|1664077250\n|move|p2a: Serperior|Glare|p1a: Melmetal\n|-status|p1a: Melmetal|par\n|cant|p1a: Melmetal|par\n|\n|-heal|p2a: Serperior|20\/100|[from] item: Leftovers\n|upkeep\n|turn|16\n|\n|t:|1664077256\n|move|p2a: Serperior|Leaf Storm|p1a: Melmetal|[miss]\n|-miss|p2a: Serperior|p1a: Melmetal\n|cant|p1a: Melmetal|par\n|\n|-heal|p2a: Serperior|26\/100|[from] item: Leftovers\n|upkeep\n|turn|17\n|\n|t:|1664077262\n|move|p2a: Serperior|Leaf Storm|p1a: Melmetal|[miss]\n|-miss|p2a: Serperior|p1a: Melmetal\n|cant|p1a: Melmetal|par\n|\n|-heal|p2a: Serperior|32\/100|[from] item: Leftovers\n|upkeep\n|turn|18\n|\n|t:|1664077270\n|move|p2a: Serperior|Leaf Storm|p1a: Melmetal\n|-resisted|p1a: Melmetal\n|-damage|p1a: Melmetal|38\/100 par\n|-boost|p2a: Serperior|spa|2\n|move|p1a: Melmetal|Double Iron Bash|p2a: Serperior\n|-damage|p2a: Serperior|0 fnt\n|faint|p2a: Serperior\n|-hitcount|p2: Serperior|1\n|\n|win|Ferrothornail\u8349\u94a2\u7532\n|raw|Ferrothornail\u8349\u94a2\u7532's rating: 1350 &rarr; <strong>1368<\/strong><br \/>(+18 for winning)\n|raw|lanterncs's rating: 1318 &rarr; <strong>1300<\/strong><br \/>(-18 for losing)\n|c|\u2606lanterncs|no 4 para? rigged\n|l|\u2606lanterncs\n||Ladder isn't responding, score probably updated but might not have (Request timeout).\n","uploadtime":1664077278,"views":8,"p1id":"ferrothornail","p2id":"lanterncs","formatid":"gen8nationaldex","rating":1300,"private":0,"password":null}