{"id":"gen8ou-1502672403","p1":"Igotthegat","p2":"bobyvalenty82","format":"gen8ou","log":"|j|\u2606Igotthegat\n|j|\u2606bobyvalenty82\n|t:|1643757172\n|gametype|singles\n|player|p1|Igotthegat|hilda|1461\n|player|p2|bobyvalenty82|265|1358\n|teamsize|p1|6\n|teamsize|p2|6\n|gen|8\n|tier|[Gen 8] OU\n|rated|\n|rule|Sleep Clause Mod: Limit one foe put to sleep\n|rule|Species Clause: Limit one of each Pok\u00e9mon\n|rule|OHKO Clause: OHKO moves are banned\n|rule|Evasion Moves Clause: Evasion moves are banned\n|rule|Endless Battle Clause: Forcing endless battles is banned\n|rule|HP Percentage Mod: HP is shown in percentages\n|rule|Dynamax Clause: You cannot dynamax\n|clearpoke\n|poke|p1|Landorus-Therian, M|\n|poke|p1|Slowking, M|\n|poke|p1|Volcarona, F|\n|poke|p1|Bisharp, F|\n|poke|p1|Kartana|\n|poke|p1|Rotom-Wash|\n|poke|p2|Regieleki|\n|poke|p2|Zapdos-Galar|\n|poke|p2|Melmetal|\n|poke|p2|Slowbro, F|\n|poke|p2|Tapu Bulu|\n|poke|p2|Landorus-Therian, M|\n|teampreview\n|inactive|Battle timer is ON: inactive players will automatically lose when time's up. (requested by Igotthegat)\n|\n|t:|1643757185\n|start\n|switch|p1a: Rotom|Rotom-Wash|100\/100\n|switch|p2a: Zapdos|Zapdos-Galar|100\/100\n|turn|1\n|\n|t:|1643757192\n|move|p1a: Rotom|Volt Switch|p2a: Zapdos\n|-supereffective|p2a: Zapdos\n|-damage|p2a: Zapdos|40\/100\n|\n|t:|1643757196\n|switch|p1a: Slowking|Slowking, M|100\/100|[from]move: Volt Switch\n|move|p2a: Zapdos|Close Combat|p1a: Slowking\n|-resisted|p1a: Slowking\n|-damage|p1a: Slowking|69\/100\n|-unboost|p2a: Zapdos|def|1\n|-unboost|p2a: Zapdos|spd|1\n|\n|-heal|p1a: Slowking|75\/100|[from] item: Leftovers\n|upkeep\n|turn|2\n|\n|t:|1643757218\n|switch|p2a: Regieleki|Regieleki|100\/100\n|move|p1a: Slowking|Teleport|p1a: Slowking\n|\n|t:|1643757223\n|switch|p1a: Landorus|Landorus-Therian, M|100\/100|[from]move: Teleport\n|-ability|p1a: Landorus|Intimidate|boost\n|-unboost|p2a: Regieleki|atk|1\n|\n|upkeep\n|turn|3\n|\n|t:|1643757235\n|switch|p2a: Landorus|Landorus-Therian, M|100\/100\n|-ability|p2a: Landorus|Intimidate|boost\n|-unboost|p1a: Landorus|atk|1\n|move|p1a: Landorus|U-turn|p2a: Landorus\n|-resisted|p2a: Landorus\n|-damage|p2a: Landorus|95\/100\n|\n|t:|1643757243\n|switch|p1a: Rotom|Rotom-Wash|100\/100|[from]move: U-turn\n|\n|-heal|p2a: Landorus|100\/100|[from] item: Leftovers\n|upkeep\n|turn|4\n|\n|t:|1643757250\n|switch|p2a: Tapu Bulu|Tapu Bulu|100\/100\n|-fieldstart|move: Grassy Terrain|[from] ability: Grassy Surge|[of] p2a: Tapu Bulu\n|move|p1a: Rotom|Hydro Pump|p2a: Tapu Bulu\n|-resisted|p2a: Tapu Bulu\n|-damage|p2a: Tapu Bulu|73\/100\n|\n|-heal|p2a: Tapu Bulu|79\/100|[from] Grassy Terrain\n|upkeep\n|turn|5\n|\n|t:|1643757264\n|switch|p1a: Kartana|Kartana|100\/100\n|move|p2a: Tapu Bulu|Wood Hammer|p1a: Kartana\n|-resisted|p1a: Kartana\n|-damage|p1a: Kartana|78\/100\n|-damage|p2a: Tapu Bulu|72\/100|[from] Recoil\n|\n|-heal|p1a: Kartana|85\/100|[from] Grassy Terrain\n|-heal|p2a: Tapu Bulu|78\/100|[from] Grassy Terrain\n|upkeep\n|turn|6\n|\n|t:|1643757285\n|switch|p2a: Landorus|Landorus-Therian, M|100\/100\n|-ability|p2a: Landorus|Intimidate|boost\n|-unboost|p1a: Kartana|atk|1\n|move|p1a: Kartana|Knock Off|p2a: Landorus\n|-damage|p2a: Landorus|77\/100\n|-enditem|p2a: Landorus|Leftovers|[from] move: Knock Off|[of] p1a: Kartana\n|\n|-heal|p1a: Kartana|91\/100|[from] Grassy Terrain\n|upkeep\n|turn|7\n|\n|t:|1643757296\n|switch|p1a: Rotom|Rotom-Wash|100\/100\n|move|p2a: Landorus|Stealth Rock|p1a: Rotom\n|-sidestart|p1: Igotthegat|move: Stealth Rock\n|\n|upkeep\n|turn|8\n|\n|t:|1643757307\n|switch|p2a: Slowbro|Slowbro, F|100\/100\n|move|p1a: Rotom|Volt Switch|p2a: Slowbro\n|-supereffective|p2a: Slowbro\n|-damage|p2a: Slowbro|59\/100\n|\n|t:|1643757313\n|switch|p1a: Volcarona|Volcarona, F|100\/100|[from]move: Volt Switch\n|\n|-heal|p2a: Slowbro|65\/100|[from] Grassy Terrain\n|-fieldend|move: Grassy Terrain\n|upkeep\n|turn|9\n|\n|t:|1643757323\n|move|p1a: Volcarona|Quiver Dance|p1a: Volcarona\n|-boost|p1a: Volcarona|spa|1\n|-boost|p1a: Volcarona|spd|1\n|-boost|p1a: Volcarona|spe|1\n|move|p2a: Slowbro|Scald|p1a: Volcarona\n|-supereffective|p1a: Volcarona\n|-damage|p1a: Volcarona|58\/100\n|\n|upkeep\n|turn|10\n|\n|t:|1643757331\n|move|p1a: Volcarona|Quiver Dance|p1a: Volcarona\n|-boost|p1a: Volcarona|spa|1\n|-boost|p1a: Volcarona|spd|1\n|-boost|p1a: Volcarona|spe|1\n|move|p2a: Slowbro|Scald|p1a: Volcarona\n|-supereffective|p1a: Volcarona\n|-damage|p1a: Volcarona|29\/100\n|\n|upkeep\n|turn|11\n|\n|t:|1643757340\n|move|p1a: Volcarona|Bug Buzz|p2a: Slowbro\n|-supereffective|p2a: Slowbro\n|-damage|p2a: Slowbro|0 fnt\n|faint|p2a: Slowbro\n|\n|upkeep\n|\n|t:|1643757342\n|switch|p2a: Regieleki|Regieleki|100\/100\n|turn|12\n|\n|t:|1643757348\n|move|p1a: Volcarona|Fiery Dance|p2a: Regieleki\n|-damage|p2a: Regieleki|0 fnt\n|faint|p2a: Regieleki\n|\n|upkeep\n|l|\u2606bobyvalenty82\n|inactive|bobyvalenty82 disconnected and has a minute to reconnect!\n|player|p2|\n|inactive|bobyvalenty82 has 30 seconds to reconnect!\n|inactive|bobyvalenty82 has 20 seconds to reconnect!\n|inactive|bobyvalenty82 has 15 seconds to reconnect!\n|inactive|bobyvalenty82 has 10 seconds to reconnect!\n|inactive|bobyvalenty82 has 5 seconds to reconnect!\n|-message|bobyvalenty82 lost due to inactivity.\n|\n|win|Igotthegat\n|raw|Igotthegat's rating: 1461 &rarr; <strong>1475<\/strong><br \/>(+14 for winning)\n|raw|bobyvalenty82's rating: 1358 &rarr; <strong>1344<\/strong><br \/>(-14 for losing)\n","uploadtime":1643757422,"views":18,"p1id":"igotthegat","p2id":"bobyvalenty82","formatid":"gen8ou","rating":1344,"private":0,"password":null}