{"id":"gen8bdspou-1469833952","p1":"VirginJimmy99","p2":"Snake7757","format":"gen8bdspou","log":"|html|<div class=\"broadcast-blue\"><strong>[Gen 8 BDSP] OU is currently suspecting Latios! For information on how to participate check out the <a href=\"https:\/\/www.smogon.com\/forums\/threads\/np-bdsp-ou-suspect-process-round-1-mr-blue-sky.3694109\/\">suspect thread<\/a>.<\/strong><\/div>\n|j|\u2606VirginJimmy99\n|j|\u2606Snake7757\n|t:|1639064953\n|gametype|singles\n|player|p1|VirginJimmy99|rocketgrunt|1436\n|player|p2|Snake7757|unknown|1344\n|teamsize|p1|6\n|teamsize|p2|6\n|gen|8\n|tier|[Gen 8 BDSP] OU\n|rated|\n|rule|Sleep Clause Mod: Limit one foe put to sleep\n|rule|Species Clause: Limit one of each Pok\u00e9mon\n|rule|OHKO Clause: OHKO moves are banned\n|rule|Evasion Moves Clause: Evasion moves are banned\n|rule|Endless Battle Clause: Forcing endless battles is banned\n|rule|HP Percentage Mod: HP is shown in percentages\n|clearpoke\n|poke|p1|Rampardos, F|\n|poke|p1|Scizor, M|\n|poke|p1|Rotom-Wash|\n|poke|p1|Infernape, M|\n|poke|p1|Gliscor, M|\n|poke|p1|Latios, M|\n|poke|p2|Gliscor, F|\n|poke|p2|Tentacruel, F|\n|poke|p2|Scizor, F|\n|poke|p2|Gardevoir, M|\n|poke|p2|Dragonite, F|\n|poke|p2|Feraligatr, M|\n|teampreview\n|inactive|Battle timer is ON: inactive players will automatically lose when time's up. (requested by Snake7757)\n|\n|t:|1639064975\n|start\n|switch|p1a: Rampardos|Rampardos, F|100\/100\n|switch|p2a: Dragonite|Dragonite, F|100\/100\n|turn|1\n|\n|t:|1639064981\n|switch|p2a: Tentacruel|Tentacruel, F|100\/100\n|move|p1a: Rampardos|Rock Slide|p2a: Tentacruel\n|-damage|p2a: Tentacruel|0 fnt\n|faint|p2a: Tentacruel\n|\n|upkeep\n|\n|t:|1639064986\n|switch|p2a: Scizor|Scizor, F|100\/100\n|turn|2\n|\n|t:|1639064988\n|move|p2a: Scizor|Bullet Punch|p1a: Rampardos\n|-supereffective|p1a: Rampardos\n|-damage|p1a: Rampardos|3\/100\n|move|p1a: Rampardos|Flamethrower|p2a: Scizor\n|-supereffective|p2a: Scizor\n|-damage|p2a: Scizor|0 fnt\n|faint|p2a: Scizor\n|\n|upkeep\n|\n|t:|1639064992\n|switch|p2a: Gardevoir|Gardevoir, M|100\/100\n|-ability|p2a: Gardevoir|Sheer Force|[from] ability: Trace|[of] p1a: Rampardos\n|turn|3\n|\n|t:|1639064993\n|move|p2a: Gardevoir|Moonblast|p1a: Rampardos\n|-damage|p1a: Rampardos|0 fnt\n|faint|p1a: Rampardos\n|\n|upkeep\n|\n|t:|1639064995\n|switch|p1a: Scizor|Scizor, M|100\/100\n|turn|4\n|\n|t:|1639065001\n|switch|p2a: Feraligatr|Feraligatr, M|100\/100\n|move|p1a: Scizor|U-turn|p2a: Feraligatr\n|-crit|p2a: Feraligatr\n|-damage|p2a: Feraligatr|52\/100\n|\n|t:|1639065005\n|switch|p1a: Infernape|Infernape, M|100\/100|[from]move: U-turn\n|\n|upkeep\n|turn|5\n|\n|t:|1639065011\n|move|p1a: Infernape|U-turn|p2a: Feraligatr\n|-damage|p2a: Feraligatr|20\/100\n|\n|t:|1639065014\n|switch|p1a: Rotom|Rotom-Wash|100\/100|[from]move: U-turn\n|move|p2a: Feraligatr|Dragon Dance|p2a: Feraligatr\n|-boost|p2a: Feraligatr|atk|1\n|-boost|p2a: Feraligatr|spe|1\n|\n|upkeep\n|turn|6\n|\n|t:|1639065019\n|move|p1a: Rotom|Hydro Pump|p2a: Feraligatr\n|-resisted|p2a: Feraligatr\n|-damage|p2a: Feraligatr|0 fnt\n|faint|p2a: Feraligatr\n|\n|upkeep\n|\n|t:|1639065021\n|switch|p2a: Dragonite|Dragonite, F|100\/100\n|turn|7\n|\n|t:|1639065025\n|switch|p1a: Latios|Latios, M|100\/100\n|move|p2a: Dragonite|Hurricane|p1a: Latios|[miss]\n|-miss|p2a: Dragonite|p1a: Latios\n|\n|upkeep\n|turn|8\n|\n|t:|1639065032\n|switch|p2a: Gardevoir|Gardevoir, M|100\/100\n|-ability|p2a: Gardevoir|Levitate|[from] ability: Trace|[of] p1a: Latios\n|move|p1a: Latios|Draco Meteor|p2a: Gardevoir\n|-immune|p2a: Gardevoir\n|\n|upkeep\n|turn|9\n|\n|t:|1639065035\n|switch|p1a: Gliscor|Gliscor, M|100\/100\n|move|p2a: Gardevoir|Moonblast|p1a: Gliscor\n|-damage|p1a: Gliscor|46\/100\n|-unboost|p1a: Gliscor|spa|1\n|\n|-status|p1a: Gliscor|tox|[from] item: Toxic Orb\n|upkeep\n|turn|10\n|\n|t:|1639065038\n|switch|p1a: Scizor|Scizor, M|100\/100\n|move|p2a: Gardevoir|Moonblast|p1a: Scizor\n|-resisted|p1a: Scizor\n|-damage|p1a: Scizor|81\/100\n|-unboost|p1a: Scizor|spa|1\n|\n|-heal|p1a: Scizor|87\/100|[from] item: Leftovers\n|upkeep\n|turn|11\n|\n|t:|1639065043\n|switch|p2a: Gliscor|Gliscor, F|100\/100\n|move|p1a: Scizor|U-turn|p2a: Gliscor\n|-resisted|p2a: Gliscor\n|-damage|p2a: Gliscor|85\/100\n|\n|t:|1639065050\n|switch|p1a: Gliscor|Gliscor, M|46\/100 tox|[from]move: U-turn\n|\n|-heal|p1a: Gliscor|59\/100 tox|[from] ability: Poison Heal\n|-status|p2a: Gliscor|tox|[from] item: Toxic Orb\n|upkeep\n|turn|12\n|\n|t:|1639065053\n|move|p2a: Gliscor|Swords Dance|p2a: Gliscor\n|-boost|p2a: Gliscor|atk|2\n|move|p1a: Gliscor|Stealth Rock|p2a: Gliscor\n|-sidestart|p2: Snake7757|move: Stealth Rock\n|\n|-heal|p2a: Gliscor|97\/100 tox|[from] ability: Poison Heal\n|-heal|p1a: Gliscor|71\/100 tox|[from] ability: Poison Heal\n|upkeep\n|turn|13\n|\n|t:|1639065056\n|move|p2a: Gliscor|Facade|p1a: Gliscor\n|-damage|p1a: Gliscor|20\/100 tox\n|move|p1a: Gliscor|U-turn|p2a: Gliscor\n|-resisted|p2a: Gliscor\n|-damage|p2a: Gliscor|90\/100 tox\n|\n|t:|1639065064\n|switch|p1a: Infernape|Infernape, M|100\/100|[from]move: U-turn\n|\n|-heal|p2a: Gliscor|100\/100 tox|[from] ability: Poison Heal\n|upkeep\n|turn|14\n|\n|t:|1639065067\n|move|p1a: Infernape|Flare Blitz|p2a: Gliscor\n|-damage|p2a: Gliscor|21\/100 tox\n|-damage|p1a: Infernape|75\/100|[from] Recoil\n|move|p2a: Gliscor|Earthquake|p1a: Infernape\n|-supereffective|p1a: Infernape\n|-damage|p1a: Infernape|0 fnt\n|faint|p1a: Infernape\n|\n|-heal|p2a: Gliscor|34\/100 tox|[from] ability: Poison Heal\n|upkeep\n|\n|t:|1639065069\n|switch|p1a: Latios|Latios, M|100\/100\n|turn|15\n|\n|t:|1639065071\n|switch|p2a: Gardevoir|Gardevoir, M|100\/100\n|-damage|p2a: Gardevoir|88\/100|[from] Stealth Rock\n|-ability|p2a: Gardevoir|Levitate|[from] ability: Trace|[of] p1a: Latios\n|move|p1a: Latios|Psychic|p2a: Gardevoir\n|-resisted|p2a: Gardevoir\n|-damage|p2a: Gardevoir|59\/100\n|\n|upkeep\n|turn|16\n|\n|t:|1639065074\n|switch|p1a: Gliscor|Gliscor, M|20\/100 tox\n|move|p2a: Gardevoir|Moonblast|p1a: Gliscor\n|-damage|p1a: Gliscor|0 fnt\n|faint|p1a: Gliscor\n|\n|upkeep\n|\n|t:|1639065079\n|switch|p1a: Scizor|Scizor, M|87\/100\n|turn|17\n|\n|t:|1639065082\n|switch|p2a: Gliscor|Gliscor, F|34\/100 tox\n|-damage|p2a: Gliscor|21\/100 tox|[from] Stealth Rock\n|move|p1a: Scizor|U-turn|p2a: Gliscor\n|-resisted|p2a: Gliscor\n|-damage|p2a: Gliscor|7\/100 tox\n|\n|t:|1639065084\n|switch|p1a: Latios|Latios, M|100\/100|[from]move: U-turn\n|\n|-heal|p2a: Gliscor|19\/100 tox|[from] ability: Poison Heal\n|upkeep\n|turn|18\n|\n|t:|1639065087\n|move|p1a: Latios|Psychic|p2a: Gliscor\n|-damage|p2a: Gliscor|0 fnt\n|faint|p2a: Gliscor\n|\n|upkeep\n|\n|t:|1639065090\n|switch|p2a: Gardevoir|Gardevoir, M|59\/100\n|-damage|p2a: Gardevoir|46\/100|[from] Stealth Rock\n|-ability|p2a: Gardevoir|Levitate|[from] ability: Trace|[of] p1a: Latios\n|turn|19\n|\n|t:|1639065093\n|switch|p1a: Rotom|Rotom-Wash|100\/100\n|move|p2a: Gardevoir|Moonblast|p1a: Rotom\n|-damage|p1a: Rotom|40\/100\n|\n|upkeep\n|turn|20\n|\n|t:|1639065105\n|switch|p2a: Dragonite|Dragonite, F|100\/100\n|-damage|p2a: Dragonite|76\/100|[from] Stealth Rock\n|move|p1a: Rotom|Volt Switch|p2a: Dragonite\n|-damage|p2a: Dragonite|45\/100\n|\n|t:|1639065107\n|switch|p1a: Latios|Latios, M|100\/100|[from]move: Volt Switch\n|\n|upkeep\n|turn|21\n|\n|t:|1639065111\n|move|p1a: Latios|Psychic|p2a: Dragonite\n|-damage|p2a: Dragonite|0 fnt\n|faint|p2a: Dragonite\n|\n|upkeep\n|\n|t:|1639065112\n|switch|p2a: Gardevoir|Gardevoir, M|46\/100\n|-damage|p2a: Gardevoir|34\/100|[from] Stealth Rock\n|-ability|p2a: Gardevoir|Levitate|[from] ability: Trace|[of] p1a: Latios\n|turn|22\n|\n|t:|1639065114\n|move|p2a: Gardevoir|Moonblast|p1a: Latios\n|-supereffective|p1a: Latios\n|-damage|p1a: Latios|6\/100\n|move|p1a: Latios|Psychic|p2a: Gardevoir\n|-resisted|p2a: Gardevoir\n|-damage|p2a: Gardevoir|3\/100\n|\n|upkeep\n|turn|23\n|\n|t:|1639065117\n|switch|p1a: Scizor|Scizor, M|87\/100\n|move|p2a: Gardevoir|Moonblast|p1a: Scizor\n|-resisted|p1a: Scizor\n|-damage|p1a: Scizor|66\/100\n|\n|-heal|p1a: Scizor|72\/100|[from] item: Leftovers\n|upkeep\n|turn|24\n|\n|t:|1639065118\n|move|p1a: Scizor|Bullet Punch|p2a: Gardevoir\n|-supereffective|p2a: Gardevoir\n|-damage|p2a: Gardevoir|0 fnt\n|faint|p2a: Gardevoir\n|\n|win|VirginJimmy99\n|raw|VirginJimmy99's rating: 1436 &rarr; <strong>1451<\/strong><br \/>(+15 for winning)\n|raw|Snake7757's rating: 1344 &rarr; <strong>1329<\/strong><br \/>(-15 for losing)\n|l|\u2606Snake7757\n|c|\u2606VirginJimmy99|gg\n||Ladder isn't responding, score probably updated but might not have (Request timeout).\n","uploadtime":1639065174,"views":14,"p1id":"virginjimmy99","p2id":"snake7757","formatid":"gen8bdspou","rating":1329,"private":0,"password":null}