{"id":"gen8ou-1656649908","p1":"Sinodin","p2":"reionatro","format":"gen8ou","log":"|j|\u2606Sinodin\n|j|\u2606reionatro\n|t:|1662382725\n|gametype|singles\n|player|p1|Sinodin|youngcouple-gen4dp|1619\n|player|p2|reionatro|169|1856\n|teamsize|p1|6\n|teamsize|p2|6\n|gen|8\n|tier|[Gen 8] OU\n|rated|\n|rule|Sleep Clause Mod: Limit one foe put to sleep\n|rule|Species Clause: Limit one of each Pok\u00e9mon\n|rule|OHKO Clause: OHKO moves are banned\n|rule|Evasion Items Clause: Evasion items are banned\n|rule|Evasion Moves Clause: Evasion moves are banned\n|rule|Endless Battle Clause: Forcing endless battles is banned\n|rule|HP Percentage Mod: HP is shown in percentages\n|rule|Dynamax Clause: You cannot dynamax\n|clearpoke\n|poke|p1|Steelix, M|\n|poke|p1|Urshifu-*, M|\n|poke|p1|Weavile, M|\n|poke|p1|Mew|\n|poke|p1|Dragapult, F|\n|poke|p1|Rotom-Wash|\n|poke|p2|Urshifu-*, F|\n|poke|p2|Tapu Koko|\n|poke|p2|Melmetal|\n|poke|p2|Zapdos|\n|poke|p2|Landorus-Therian, M|\n|poke|p2|Rillaboom, M|\n|teampreview\n|inactive|Battle timer is ON: inactive players will automatically lose when time's up. (requested by Sinodin)\n|j| Rubiaa\n|inactive|reionatro has 120 seconds left.\n|\n|t:|1662382762\n|start\n|switch|p1a: Weavile|Weavile, M|100\/100\n|switch|p2a: Melmetal|Melmetal|100\/100\n|-ability|p1a: Weavile|Pressure\n|turn|1\n|\n|t:|1662382771\n|move|p1a: Weavile|Low Kick|p2a: Melmetal\n|-supereffective|p2a: Melmetal\n|-damage|p2a: Melmetal|23\/100\n|move|p2a: Melmetal|Double Iron Bash|p1a: Weavile\n|-supereffective|p1a: Weavile\n|-damage|p1a: Weavile|0 fnt\n|faint|p1a: Weavile\n|-hitcount|p1: Weavile|1\n|\n|-heal|p2a: Melmetal|29\/100|[from] item: Leftovers\n|upkeep\n|\n|t:|1662382785\n|switch|p1a: Mew|Mew|100\/100\n|turn|2\n|inactive|reionatro has 120 seconds left.\n|j| sufys12\n|\n|t:|1662382830\n|move|p1a: Mew|Stealth Rock|p2a: Melmetal\n|-sidestart|p2: reionatro|move: Stealth Rock\n|move|p2a: Melmetal|Double Iron Bash|p1a: Mew\n|-damage|p1a: Mew|59\/100\n|-damage|p1a: Mew|16\/100\n|-hitcount|p1a: Mew|2\n|\n|-heal|p2a: Melmetal|35\/100|[from] item: Leftovers\n|upkeep\n|turn|3\n|\n|t:|1662382856\n|move|p1a: Mew|Spikes|p2a: Melmetal\n|-sidestart|p2: reionatro|Spikes\n|move|p2a: Melmetal|Double Iron Bash|p1a: Mew\n|-damage|p1a: Mew|0 fnt\n|faint|p1a: Mew\n|-hitcount|p1: Mew|1\n|\n|-heal|p2a: Melmetal|41\/100|[from] item: Leftovers\n|upkeep\n|\n|t:|1662382860\n|switch|p1a: Steelix|Steelix, M|100\/100\n|turn|4\n|inactive|reionatro has 120 seconds left.\n|\n|t:|1662382873\n|switch|p2a: Zapdos|Zapdos|100\/100\n|move|p1a: Steelix|Dragon Dance|p1a: Steelix\n|-boost|p1a: Steelix|atk|1\n|-boost|p1a: Steelix|spe|1\n|\n|upkeep\n|turn|5\n|\n|t:|1662382878\n|move|p2a: Zapdos|Defog|p1a: Steelix\n|-unboost|p1a: Steelix|evasion|1\n|-sideend|p2: reionatro|Spikes|[from] move: Defog|[of] p2a: Zapdos\n|-sideend|p2: reionatro|Stealth Rock|[from] move: Defog|[of] p2a: Zapdos\n|move|p1a: Steelix|Dragon Dance|p1a: Steelix\n|-boost|p1a: Steelix|atk|1\n|-boost|p1a: Steelix|spe|1\n|\n|upkeep\n|turn|6\n|inactive|reionatro has 120 seconds left.\n|\n|t:|1662382896\n|switch|p2a: Urshifu|Urshifu-Rapid-Strike, F|100\/100\n|move|p1a: Steelix|Dragon Dance|p1a: Steelix\n|-boost|p1a: Steelix|atk|1\n|-boost|p1a: Steelix|spe|1\n|\n|upkeep\n|turn|7\n|inactive|reionatro has 120 seconds left.\n|\n|t:|1662382914\n|move|p1a: Steelix|Earthquake|p2a: Urshifu\n|-damage|p2a: Urshifu|0 fnt\n|faint|p2a: Urshifu\n|-damage|p1a: Steelix|91\/100|[from] item: Life Orb\n|\n|upkeep\n|\n|t:|1662382919\n|switch|p2a: Rillaboom|Rillaboom, M|100\/100\n|-fieldstart|move: Grassy Terrain|[from] ability: Grassy Surge|[of] p2a: Rillaboom\n|turn|8\n|inactive|reionatro has 120 seconds left.\n|\n|t:|1662382941\n|move|p2a: Rillaboom|Grassy Glide|p1a: Steelix\n|-damage|p1a: Steelix|59\/100\n|move|p1a: Steelix|Fire Fang|p2a: Rillaboom\n|-supereffective|p2a: Rillaboom\n|-damage|p2a: Rillaboom|0 fnt\n|faint|p2a: Rillaboom\n|\n|-heal|p1a: Steelix|65\/100|[from] Grassy Terrain\n|upkeep\n|\n|t:|1662382944\n|switch|p2a: Landorus|Landorus-Therian, M|100\/100\n|-ability|p2a: Landorus|Intimidate|boost\n|-unboost|p1a: Steelix|atk|1\n|turn|9\n|inactive|reionatro has 120 seconds left.\n|\n|t:|1662382950\n|move|p1a: Steelix|Iron Head|p2a: Landorus\n|-damage|p2a: Landorus|0 fnt\n|faint|p2a: Landorus\n|\n|-heal|p1a: Steelix|71\/100|[from] Grassy Terrain\n|upkeep\n|inactive|reionatro has 120 seconds left.\n|\n|t:|1662382962\n|switch|p2a: Melmetal|Melmetal|41\/100\n|turn|10\n|c|\u2606Sinodin|Goat steelix\n|\n|t:|1662382968\n|move|p2a: Melmetal|Protect|p2a: Melmetal\n|-singleturn|p2a: Melmetal|Protect\n|move|p1a: Steelix|Fire Fang|p2a: Melmetal\n|-activate|p2a: Melmetal|move: Protect\n|\n|-heal|p1a: Steelix|77\/100|[from] Grassy Terrain\n|-heal|p2a: Melmetal|47\/100|[from] Grassy Terrain\n|-heal|p2a: Melmetal|54\/100|[from] item: Leftovers\n|upkeep\n|turn|11\n|\n|t:|1662382972\n|move|p1a: Steelix|Fire Fang|p2a: Melmetal\n|-supereffective|p2a: Melmetal\n|-damage|p2a: Melmetal|0 fnt\n|faint|p2a: Melmetal\n|\n|-heal|p1a: Steelix|83\/100|[from] Grassy Terrain\n|upkeep\n|c| sufys12|fr wtf\n|-message|reionatro forfeited.\n|\n|win|Sinodin\n|raw|Sinodin's rating: 1619 &rarr; <strong>1651<\/strong><br \/>(+32 for winning)\n|raw|reionatro's rating: 1856 &rarr; <strong>1824<\/strong><br \/>(-32 for losing)\n|l| Rubiaa\n|l| sufys12\n|l|\u2606reionatro\n||Ladder isn't responding, score probably updated but might not have (Request timeout).\n","uploadtime":1662383016,"views":60,"p1id":"sinodin","p2id":"reionatro","formatid":"gen8ou","rating":1651,"private":0,"password":null}