{"id":"gen8ou-1608244880","p1":"TheCuriousShuckle","p2":"VivaHonduras","format":"gen8ou","log":"|j|\u2606TheCuriousShuckle\n|j|\u2606VivaHonduras\n|t:|1656698601\n|gametype|singles\n|player|p1|TheCuriousShuckle|crasherwake|1660\n|player|p2|VivaHonduras|steven|1644\n|teamsize|p1|6\n|teamsize|p2|6\n|gen|8\n|tier|[Gen 8] OU\n|rated|\n|rule|Sleep Clause Mod: Limit one foe put to sleep\n|rule|Species Clause: Limit one of each Pok\u00e9mon\n|rule|OHKO Clause: OHKO moves are banned\n|rule|Evasion Moves Clause: Evasion moves are banned\n|rule|Endless Battle Clause: Forcing endless battles is banned\n|rule|HP Percentage Mod: HP is shown in percentages\n|rule|Dynamax Clause: You cannot dynamax\n|clearpoke\n|poke|p1|Dragapult, M|\n|poke|p1|Nidoking, M|\n|poke|p1|Kartana|\n|poke|p1|Gastrodon, M|\n|poke|p1|Buzzwole|\n|poke|p1|Celesteela|\n|poke|p2|Magmortar, F|\n|poke|p2|Ferrothorn, M|\n|poke|p2|Dragonite, F|\n|poke|p2|Bisharp, F|\n|poke|p2|Zeraora|\n|poke|p2|Tapu Fini|\n|teampreview\n|j| Eugeniy\n|\n|t:|1656698616\n|start\n|switch|p1a: Gastrodon|Gastrodon, M, shiny|100\/100\n|switch|p2a: Tapu Fini|Tapu Fini|100\/100\n|-fieldstart|move: Misty Terrain|[from] ability: Misty Surge|[of] p2a: Tapu Fini\n|turn|1\n|\n|t:|1656698624\n|move|p2a: Tapu Fini|Trick|p1a: Gastrodon\n|-activate|p2a: Tapu Fini|move: Trick|[of] p1a: Gastrodon\n|-item|p1a: Gastrodon|Choice Scarf|[from] move: Trick\n|-item|p2a: Tapu Fini|Leftovers|[from] move: Trick\n|move|p1a: Gastrodon|Scald|p2a: Tapu Fini\n|-resisted|p2a: Tapu Fini\n|-damage|p2a: Tapu Fini|88\/100\n|\n|-heal|p2a: Tapu Fini|94\/100|[from] item: Leftovers\n|upkeep\n|turn|2\n|\n|t:|1656698638\n|switch|p1a: Nidoking|Nidoking, M, shiny|100\/100\n|move|p2a: Tapu Fini|Moonblast|p1a: Nidoking\n|-resisted|p1a: Nidoking\n|-damage|p1a: Nidoking|74\/100\n|\n|-heal|p2a: Tapu Fini|99\/100|[from] item: Leftovers\n|upkeep\n|turn|3\n|\n|t:|1656698648\n|move|p1a: Nidoking|Sludge Wave|p2a: Tapu Fini\n|-supereffective|p2a: Tapu Fini\n|-damage|p2a: Tapu Fini|0 fnt\n|faint|p2a: Tapu Fini\n|\n|upkeep\n|inactive|Battle timer is ON: inactive players will automatically lose when time's up. (requested by TheCuriousShuckle)\n|\n|t:|1656698668\n|switch|p2a: Zeraora|Zeraora|100\/100\n|turn|4\n|\n|t:|1656698672\n|move|p2a: Zeraora|Knock Off|p1a: Nidoking\n|-damage|p1a: Nidoking|36\/100\n|-enditem|p1a: Nidoking|Life Orb|[from] move: Knock Off|[of] p2a: Zeraora\n|move|p1a: Nidoking|Earth Power|p2a: Zeraora\n|-supereffective|p2a: Zeraora\n|-damage|p2a: Zeraora|0 fnt\n|faint|p2a: Zeraora\n|\n|upkeep\n|\n|t:|1656698677\n|switch|p2a: Bisharp|Bisharp, F|100\/100\n|turn|5\n|\n|t:|1656698690\n|move|p2a: Bisharp|Sucker Punch|p1a: Nidoking\n|-damage|p1a: Nidoking|0 fnt\n|faint|p1a: Nidoking\n|\n|-fieldend|Misty Terrain\n|upkeep\n|\n|t:|1656698699\n|switch|p1a: Buzzwole|Buzzwole, shiny|100\/100\n|turn|6\n|\n|t:|1656698706\n|switch|p2a: Dragonite|Dragonite, F|100\/100\n|move|p1a: Buzzwole|Close Combat|p2a: Dragonite\n|-resisted|p2a: Dragonite\n|-damage|p2a: Dragonite|92\/100\n|-unboost|p1a: Buzzwole|def|1\n|-unboost|p1a: Buzzwole|spd|1\n|\n|upkeep\n|turn|7\n|\n|t:|1656698715\n|switch|p1a: Celesteela|Celesteela, shiny|100\/100\n|switch|p2a: Magmortar|Magmortar, F|100\/100\n|\n|upkeep\n|turn|8\n|\n|t:|1656698722\n|switch|p1a: Gastrodon|Gastrodon, M, shiny|100\/100\n|move|p2a: Magmortar|Fire Blast|p1a: Gastrodon\n|-resisted|p1a: Gastrodon\n|-damage|p1a: Gastrodon|71\/100\n|\n|upkeep\n|turn|9\n|\n|t:|1656698732\n|switch|p2a: Temple|Ferrothorn, M, shiny|100\/100\n|move|p1a: Gastrodon|Scald|p2a: Temple\n|-resisted|p2a: Temple\n|-damage|p2a: Temple|89\/100\n|\n|-heal|p2a: Temple|95\/100|[from] item: Leftovers\n|upkeep\n|turn|10\n|\n|t:|1656698742\n|switch|p1a: Buzzwole|Buzzwole, shiny|100\/100\n|move|p2a: Temple|Stealth Rock|p1a: Buzzwole\n|-sidestart|p1: TheCuriousShuckle|move: Stealth Rock\n|\n|-heal|p2a: Temple|100\/100|[from] item: Leftovers\n|upkeep\n|turn|11\n|\n|t:|1656698757\n|move|p1a: Buzzwole|Toxic|p2a: Temple\n|-immune|p2a: Temple\n|move|p2a: Temple|Iron Defense|p2a: Temple\n|-boost|p2a: Temple|def|2\n|\n|upkeep\n|turn|12\n|\n|t:|1656698768\n|switch|p1a: Celesteela|Celesteela, shiny|100\/100\n|-damage|p1a: Celesteela|88\/100|[from] Stealth Rock\n|move|p2a: Temple|Leech Seed|p1a: Celesteela\n|-start|p1a: Celesteela|move: Leech Seed\n|\n|-heal|p1a: Celesteela|94\/100|[from] item: Leftovers\n|-damage|p1a: Celesteela|82\/100|[from] Leech Seed|[of] p2a: Temple\n|upkeep\n|turn|13\n|\n|t:|1656698779\n|switch|p2a: Magmortar|Magmortar, F|100\/100\n|move|p1a: Celesteela|Flamethrower|p2a: Magmortar\n|-resisted|p2a: Magmortar\n|-damage|p2a: Magmortar|86\/100\n|\n|-heal|p1a: Celesteela|88\/100|[from] item: Leftovers\n|-damage|p1a: Celesteela|76\/100|[from] Leech Seed|[of] p2a: Magmortar\n|-heal|p2a: Magmortar|100\/100|[silent]\n|upkeep\n|turn|14\n|\n|t:|1656698790\n|switch|p1a: Gastrodon|Gastrodon, M, shiny|71\/100\n|-damage|p1a: Gastrodon|65\/100|[from] Stealth Rock\n|move|p2a: Magmortar|Fire Blast|p1a: Gastrodon\n|-resisted|p1a: Gastrodon\n|-damage|p1a: Gastrodon|33\/100\n|\n|upkeep\n|turn|15\n|\n|t:|1656698802\n|move|p2a: Magmortar|Fire Blast|p1a: Gastrodon|[miss]\n|-miss|p2a: Magmortar|p1a: Gastrodon\n|move|p1a: Gastrodon|Recover|p1a: Gastrodon\n|-heal|p1a: Gastrodon|83\/100\n|\n|upkeep\n|turn|16\n|\n|t:|1656698809\n|switch|p2a: Bisharp|Bisharp, F|100\/100\n|move|p1a: Gastrodon|Recover|p1a: Gastrodon\n|-heal|p1a: Gastrodon|100\/100\n|\n|upkeep\n|turn|17\n|\n|t:|1656698816\n|switch|p2a: Magmortar|Magmortar, F|100\/100\n|switch|p1a: Buzzwole|Buzzwole, shiny|100\/100\n|-damage|p1a: Buzzwole|88\/100|[from] Stealth Rock\n|\n|upkeep\n|turn|18\n|\n|t:|1656698824\n|switch|p1a: Gastrodon|Gastrodon, M, shiny|100\/100\n|-damage|p1a: Gastrodon|94\/100|[from] Stealth Rock\n|move|p2a: Magmortar|Fire Blast|p1a: Gastrodon\n|-resisted|p1a: Gastrodon\n|-damage|p1a: Gastrodon|63\/100\n|\n|upkeep\n|turn|19\n|\n|t:|1656698835\n|switch|p2a: Temple|Ferrothorn, M, shiny|100\/100\n|move|p1a: Gastrodon|Scald|p2a: Temple\n|-resisted|p2a: Temple\n|-damage|p2a: Temple|89\/100\n|\n|-heal|p2a: Temple|95\/100|[from] item: Leftovers\n|upkeep\n|turn|20\n|\n|t:|1656698844\n|move|p1a: Gastrodon|Scald|p2a: Temple\n|-resisted|p2a: Temple\n|-damage|p2a: Temple|85\/100\n|move|p2a: Temple|Leech Seed|p1a: Gastrodon\n|-start|p1a: Gastrodon|move: Leech Seed\n|\n|-heal|p2a: Temple|91\/100|[from] item: Leftovers\n|-damage|p1a: Gastrodon|51\/100|[from] Leech Seed|[of] p2a: Temple\n|-heal|p2a: Temple|100\/100|[silent]\n|upkeep\n|turn|21\n|\n|t:|1656698854\n|switch|p1a: Dragapult|Dragapult, M, shiny|100\/100\n|-damage|p1a: Dragapult|88\/100|[from] Stealth Rock\n|move|p2a: Temple|Leech Seed|p1a: Dragapult\n|-start|p1a: Dragapult|move: Leech Seed\n|\n|-heal|p1a: Dragapult|94\/100|[from] item: Leftovers\n|-damage|p1a: Dragapult|82\/100|[from] Leech Seed|[of] p2a: Temple\n|upkeep\n|turn|22\n|\n|t:|1656698865\n|switch|p2a: Dragonite|Dragonite, F|92\/100\n|move|p1a: Dragapult|Flamethrower|p2a: Dragonite\n|-resisted|p2a: Dragonite\n|-damage|p2a: Dragonite|82\/100\n|\n|-heal|p1a: Dragapult|88\/100|[from] item: Leftovers\n|-damage|p1a: Dragapult|75\/100|[from] Leech Seed|[of] p2a: Dragonite\n|-heal|p2a: Dragonite|93\/100|[silent]\n|upkeep\n|turn|23\n|\n|t:|1656698884\n|move|p1a: Dragapult|Dragon Darts|p2a: Dragonite\n|-supereffective|p2a: Dragonite\n|-damage|p2a: Dragonite|56\/100\n|-anim|p1a: Dragapult|Dragon Darts|p2a: Dragonite\n|-supereffective|p2a: Dragonite\n|-damage|p2a: Dragonite|21\/100\n|move|p2a: Dragonite|Ice Beam|p1a: Dragapult\n|-supereffective|p1a: Dragapult\n|-damage|p1a: Dragapult|25\/100\n|\n|-heal|p1a: Dragapult|31\/100|[from] item: Leftovers\n|-damage|p1a: Dragapult|18\/100|[from] Leech Seed|[of] p2a: Dragonite\n|-heal|p2a: Dragonite|32\/100|[silent]\n|upkeep\n|turn|24\n|\n|t:|1656698898\n|switch|p2a: Bisharp|Bisharp, F|100\/100\n|move|p1a: Dragapult|Flamethrower|p2a: Bisharp\n|-supereffective|p2a: Bisharp\n|-damage|p2a: Bisharp|28\/100\n|-status|p2a: Bisharp|brn\n|\n|-heal|p1a: Dragapult|25\/100|[from] item: Leftovers\n|-damage|p1a: Dragapult|12\/100|[from] Leech Seed|[of] p2a: Bisharp\n|-heal|p2a: Bisharp|44\/100 brn|[silent]\n|-damage|p2a: Bisharp|38\/100 brn|[from] brn\n|upkeep\n|turn|25\n|\n|t:|1656698910\n|move|p2a: Bisharp|Sucker Punch||[still]\n|-fail|p2a: Bisharp\n|move|p1a: Dragapult|Dragon Dance|p1a: Dragapult\n|-boost|p1a: Dragapult|atk|1\n|-boost|p1a: Dragapult|spe|1\n|\n|-heal|p1a: Dragapult|18\/100|[from] item: Leftovers\n|-damage|p1a: Dragapult|6\/100|[from] Leech Seed|[of] p2a: Bisharp\n|-heal|p2a: Bisharp|54\/100 brn|[silent]\n|-damage|p2a: Bisharp|48\/100 brn|[from] brn\n|upkeep\n|turn|26\n|\n|t:|1656698922\n|move|p2a: Bisharp|Sucker Punch|p1a: Dragapult\n|-supereffective|p1a: Dragapult\n|-damage|p1a: Dragapult|0 fnt\n|faint|p1a: Dragapult\n|\n|-damage|p2a: Bisharp|42\/100 brn|[from] brn\n|upkeep\n|\n|t:|1656698930\n|switch|p1a: Celesteela|Celesteela, shiny|76\/100\n|-damage|p1a: Celesteela|63\/100|[from] Stealth Rock\n|turn|27\n|\n|t:|1656698941\n|move|p2a: Bisharp|Knock Off|p1a: Celesteela\n|-damage|p1a: Celesteela|36\/100\n|-enditem|p1a: Celesteela|Leftovers|[from] move: Knock Off|[of] p2a: Bisharp\n|move|p1a: Celesteela|Earthquake|p2a: Bisharp\n|-supereffective|p2a: Bisharp\n|-damage|p2a: Bisharp|0 fnt\n|faint|p2a: Bisharp\n|-ability|p1a: Celesteela|Beast Boost|boost\n|-boost|p1a: Celesteela|spd|1\n|\n|upkeep\n|\n|t:|1656698947\n|switch|p2a: Magmortar|Magmortar, F|100\/100\n|turn|28\n|\n|t:|1656698954\n|move|p2a: Magmortar|Fire Blast|p1a: Celesteela\n|-supereffective|p1a: Celesteela\n|-crit|p1a: Celesteela\n|-damage|p1a: Celesteela|0 fnt\n|faint|p1a: Celesteela\n|\n|upkeep\n|\n|t:|1656698964\n|switch|p1a: Kartana|Kartana, shiny|100\/100\n|-damage|p1a: Kartana|94\/100|[from] Stealth Rock\n|turn|29\n|\n|t:|1656698980\n|move|p1a: Kartana|Sacred Sword|p2a: Magmortar\n|-damage|p2a: Magmortar|36\/100\n|move|p2a: Magmortar|Fire Blast|p1a: Kartana|[miss]\n|-miss|p2a: Magmortar|p1a: Kartana\n|\n|upkeep\n|turn|30\n|\n|t:|1656699002\n|switch|p1a: Buzzwole|Buzzwole, shiny|88\/100\n|-damage|p1a: Buzzwole|76\/100|[from] Stealth Rock\n|switch|p2a: Dragonite|Dragonite, F|32\/100\n|\n|upkeep\n|turn|31\n|\n|t:|1656699010\n|move|p1a: Buzzwole|Ice Punch|p2a: Dragonite\n|-supereffective|p2a: Dragonite\n|-damage|p2a: Dragonite|0 fnt\n|faint|p2a: Dragonite\n|-ability|p1a: Buzzwole|Beast Boost|boost\n|-boost|p1a: Buzzwole|def|1\n|\n|upkeep\n|\n|t:|1656699011\n|switch|p2a: Magmortar|Magmortar, F|36\/100\n|turn|32\n|\n|t:|1656699025\n|move|p2a: Magmortar|Fire Blast|p1a: Buzzwole\n|-supereffective|p1a: Buzzwole\n|-damage|p1a: Buzzwole|0 fnt\n|faint|p1a: Buzzwole\n|\n|upkeep\n|\n|t:|1656699031\n|switch|p1a: Kartana|Kartana, shiny|94\/100\n|-damage|p1a: Kartana|88\/100|[from] Stealth Rock\n|turn|33\n|\n|t:|1656699036\n|move|p1a: Kartana|Sacred Sword|p2a: Magmortar\n|-damage|p2a: Magmortar|0 fnt\n|faint|p2a: Magmortar\n|-ability|p1a: Kartana|Beast Boost|boost\n|-boost|p1a: Kartana|atk|1\n|\n|upkeep\n|\n|t:|1656699038\n|switch|p2a: Temple|Ferrothorn, M, shiny|100\/100\n|turn|34\n|\n|t:|1656699045\n|move|p1a: Kartana|Sacred Sword|p2a: Temple\n|-supereffective|p2a: Temple\n|-damage|p2a: Temple|26\/100\n|-damage|p1a: Kartana|76\/100|[from] ability: Iron Barbs|[of] p2a: Temple\n|move|p2a: Temple|Body Press|p1a: Kartana\n|-supereffective|p1a: Kartana\n|-damage|p1a: Kartana|13\/100\n|\n|-heal|p2a: Temple|32\/100|[from] item: Leftovers\n|upkeep\n|turn|35\n|-message|VivaHonduras forfeited.\n|\n|win|TheCuriousShuckle\n|raw|TheCuriousShuckle's rating: 1660 &rarr; <strong>1679<\/strong><br \/>(+19 for winning)\n|raw|VivaHonduras's rating: 1644 &rarr; <strong>1625<\/strong><br \/>(-19 for losing)\n|l|\u2606VivaHonduras\n|c|\u2606TheCuriousShuckle|Gg\n|l| Eugeniy\n||Ladder isn't responding, score probably updated but might not have (Request timeout).\n","uploadtime":1656699063,"views":22,"p1id":"thecuriousshuckle","p2id":"vivahonduras","formatid":"gen8ou","rating":1625,"private":0,"password":null}