{"id":"gen8ou-1140608883","p1":"TryHonesty","p2":"Srdevil","format":"gen8ou","log":"|j|\u2606TryHonesty\n|j|\u2606Srdevil\n|player|p1|TryHonesty|101|1349\n|player|p2|Srdevil|silver|1323\n|teamsize|p1|6\n|teamsize|p2|6\n|gametype|singles\n|gen|8\n|tier|[Gen 8] OU\n|rated|\n|clearpoke\n|poke|p1|Aegislash, F|\n|poke|p1|Dragapult, F|\n|poke|p1|Conkeldurr, F|\n|poke|p1|Bisharp, F|\n|poke|p1|Ferrothorn, F|\n|poke|p1|Excadrill, M|\n|poke|p2|Sharpedo, M|\n|poke|p2|Shuckle, M|\n|poke|p2|Skarmory, M|\n|poke|p2|Clefable, F|\n|poke|p2|Dragapult, M|\n|poke|p2|Rotom-Heat|\n|rule|Sleep Clause Mod: Limit one foe put to sleep\n|rule|Species Clause: Limit one of each Pok\u00e9mon\n|rule|OHKO Clause: OHKO moves are banned\n|rule|Evasion Moves Clause: Evasion moves are banned\n|rule|Endless Battle Clause: Forcing endless battles is banned\n|rule|HP Percentage Mod: HP is shown in percentages\n|rule|Dynamax Clause: You cannot dynamax\n|teampreview\n|inactive|Battle timer is ON: inactive players will automatically lose when time's up. (requested by TryHonesty)\n|\n|start\n|switch|p1a: Dragapult|Dragapult, F|100\/100\n|switch|p2a: Skarmory|Skarmory, M|100\/100\n|turn|1\n|\n|switch|p1a: Ferrothorn|Ferrothorn, F|100\/100\n|switch|p2a: Rotom|Rotom-Heat|100\/100\n|\n|upkeep\n|turn|2\n|\n|move|p2a: Rotom|Will-O-Wisp|p1a: Ferrothorn\n|-status|p1a: Ferrothorn|brn\n|move|p1a: Ferrothorn|Stealth Rock|p2a: Rotom\n|-sidestart|p2: Srdevil|move: Stealth Rock\n|\n|-damage|p1a: Ferrothorn|95\/100 brn|[from] brn\n|upkeep\n|turn|3\n|\n|switch|p1a: Dragapult|Dragapult, F|100\/100\n|move|p2a: Rotom|Overheat|p1a: Dragapult\n|-resisted|p1a: Dragapult\n|-damage|p1a: Dragapult|63\/100\n|-unboost|p2a: Rotom|spa|2\n|\n|upkeep\n|turn|4\n|\n|move|p1a: Dragapult|Substitute|p1a: Dragapult\n|-start|p1a: Dragapult|Substitute\n|-damage|p1a: Dragapult|38\/100\n|move|p2a: Rotom|Defog|p1a: Dragapult\n|-sideend|p2: Srdevil|Stealth Rock|[from] move: Defog|[of] p2a: Rotom\n|\n|upkeep\n|turn|5\n|\n|move|p1a: Dragapult|Dragon Dance|p1a: Dragapult\n|-boost|p1a: Dragapult|atk|1\n|-boost|p1a: Dragapult|spe|1\n|move|p2a: Rotom|Volt Switch|p1a: Dragapult\n|-resisted|p1a: Dragapult\n|-activate|p1a: Dragapult|move: Substitute|[damage]\n|\n|switch|p2a: Skarmory|Skarmory, M|100\/100|[from]move: Volt Switch\n|\n|upkeep\n|turn|6\n|\n|move|p1a: Dragapult|Dragon Dance|p1a: Dragapult\n|-boost|p1a: Dragapult|atk|1\n|-boost|p1a: Dragapult|spe|1\n|move|p2a: Skarmory|Whirlwind|p1a: Dragapult\n|drag|p1a: Bisharp|Bisharp, F|100\/100\n|\n|upkeep\n|turn|7\n|\n|move|p1a: Bisharp|Swords Dance|p1a: Bisharp\n|-boost|p1a: Bisharp|atk|2\n|move|p2a: Skarmory|Body Press|p1a: Bisharp\n|-supereffective|p1a: Bisharp\n|-damage|p1a: Bisharp|0 fnt\n|faint|p1a: Bisharp\n|\n|upkeep\n|\n|switch|p1a: Aegislash|Aegislash, F|100\/100\n|turn|8\n|\n|switch|p2a: Rotom|Rotom-Heat|100\/100\n|-formechange|p1a: Aegislash|Aegislash-Blade||[from] ability: Stance Change\n|move|p1a: Aegislash|Shadow Ball|p2a: Rotom\n|-damage|p2a: Rotom|9\/100\n|-enditem|p2a: Rotom|Sitrus Berry|[eat]\n|-heal|p2a: Rotom|34\/100|[from] item: Sitrus Berry\n|\n|upkeep\n|turn|9\n|\n|switch|p1a: Dragapult|Dragapult, F|38\/100\n|move|p2a: Rotom|Volt Switch|p1a: Dragapult\n|-resisted|p1a: Dragapult\n|-damage|p1a: Dragapult|19\/100\n|\n|switch|p2a: Shuckle|Shuckle, M|100\/100|[from]move: Volt Switch\n|\n|upkeep\n|turn|10\n|\n|move|p1a: Dragapult|Dragon Dance|p1a: Dragapult\n|-boost|p1a: Dragapult|atk|1\n|-boost|p1a: Dragapult|spe|1\n|move|p2a: Shuckle|Sticky Web|p1a: Dragapult\n|-sidestart|p1: TryHonesty|move: Sticky Web\n|\n|upkeep\n|turn|11\n|\n|move|p1a: Dragapult|Dragon Darts|p2a: Shuckle\n|-damage|p2a: Shuckle|63\/100\n|-anim|p1a: Dragapult|Dragon Darts|p2a: Shuckle\n|-damage|p2a: Shuckle|27\/100\n|-damage|p1a: Dragapult|9\/100|[from] item: Life Orb\n|move|p2a: Shuckle|Toxic|p1a: Dragapult\n|-status|p1a: Dragapult|tox\n|\n|-damage|p1a: Dragapult|3\/100 tox|[from] psn\n|upkeep\n|turn|12\n|\n|move|p1a: Dragapult|Dragon Darts|p2a: Shuckle\n|-damage|p2a: Shuckle|0 fnt\n|-damage|p1a: Dragapult|0 fnt|[from] item: Life Orb\n|faint|p2a: Shuckle\n|faint|p1a: Dragapult\n|\n|upkeep\n|\n|switch|p1a: Excadrill|Excadrill, M|100\/100\n|switch|p2a: Sharpedo|Sharpedo, M|100\/100\n|-activate|p1a: Excadrill|move: Sticky Web\n|-unboost|p1a: Excadrill|spe|1\n|-ability|p1a: Excadrill|Mold Breaker\n|turn|13\n|\n|switch|p1a: Ferrothorn|Ferrothorn, F|95\/100 brn\n|-activate|p1a: Ferrothorn|move: Sticky Web\n|-unboost|p1a: Ferrothorn|spe|1\n|move|p2a: Sharpedo|Protect||[still]\n|-fail|p2a: Sharpedo\n|\n|-damage|p1a: Ferrothorn|89\/100 brn|[from] brn\n|-ability|p2a: Sharpedo|Speed Boost|boost\n|-boost|p2a: Sharpedo|spe|1\n|upkeep\n|turn|14\n|\n|move|p2a: Sharpedo|Close Combat|p1a: Ferrothorn\n|-supereffective|p1a: Ferrothorn\n|-damage|p1a: Ferrothorn|24\/100 brn\n|-unboost|p2a: Sharpedo|def|1\n|-unboost|p2a: Sharpedo|spd|1\n|-damage|p2a: Sharpedo|88\/100|[from] ability: Iron Barbs|[of] p1a: Ferrothorn\n|-damage|p2a: Sharpedo|72\/100|[from] item: Rocky Helmet|[of] p1a: Ferrothorn\n|-damage|p2a: Sharpedo|62\/100|[from] item: Life Orb\n|move|p1a: Ferrothorn|Leech Seed|p2a: Sharpedo\n|-start|p2a: Sharpedo|move: Leech Seed\n|\n|-damage|p2a: Sharpedo|49\/100|[from] Leech Seed|[of] p1a: Ferrothorn\n|-heal|p1a: Ferrothorn|34\/100 brn|[silent]\n|-damage|p1a: Ferrothorn|28\/100 brn|[from] brn\n|-ability|p2a: Sharpedo|Speed Boost|boost\n|-boost|p2a: Sharpedo|spe|1\n|upkeep\n|turn|15\n|\n|move|p2a: Sharpedo|Close Combat|p1a: Ferrothorn\n|-supereffective|p1a: Ferrothorn\n|-damage|p1a: Ferrothorn|0 fnt\n|-unboost|p2a: Sharpedo|def|1\n|-unboost|p2a: Sharpedo|spd|1\n|-damage|p2a: Sharpedo|37\/100|[from] ability: Iron Barbs|[of] p1a: Ferrothorn\n|-damage|p2a: Sharpedo|20\/100|[from] item: Rocky Helmet|[of] p1a: Ferrothorn\n|-damage|p2a: Sharpedo|10\/100|[from] item: Life Orb\n|faint|p1a: Ferrothorn\n|\n|-ability|p2a: Sharpedo|Speed Boost|boost\n|-boost|p2a: Sharpedo|spe|1\n|upkeep\n|\n|switch|p1a: Conkeldurr|Conkeldurr, F|100\/100\n|-activate|p1a: Conkeldurr|move: Sticky Web\n|-unboost|p1a: Conkeldurr|spe|1\n|turn|16\n|\n|switch|p2a: Dragapult|Dragapult, M|100\/100\n|move|p1a: Conkeldurr|Mach Punch|p2a: Dragapult\n|-immune|p2a: Dragapult\n|\n|-status|p1a: Conkeldurr|brn|[from] item: Flame Orb\n|upkeep\n|turn|17\n|\n|switch|p2a: Rotom|Rotom-Heat|34\/100\n|move|p1a: Conkeldurr|Earthquake|p2a: Rotom\n|-immune|p2a: Rotom|[from] ability: Levitate\n|\n|-damage|p1a: Conkeldurr|94\/100 brn|[from] brn\n|upkeep\n|turn|18\n|\n|move|p1a: Conkeldurr|Mach Punch|p2a: Rotom\n|-damage|p2a: Rotom|0 fnt\n|faint|p2a: Rotom\n|\n|-damage|p1a: Conkeldurr|88\/100 brn|[from] brn\n|upkeep\n|\n|switch|p2a: Clefable|Clefable, F|100\/100\n|turn|19\n|\n|switch|p1a: Aegislash|Aegislash, F|100\/100\n|-activate|p1a: Aegislash|move: Sticky Web\n|-unboost|p1a: Aegislash|spe|1\n|move|p2a: Clefable|Wish|p2a: Clefable\n|\n|upkeep\n|turn|20\n|\n|-formechange|p1a: Aegislash|Aegislash-Blade||[from] ability: Stance Change\n|move|p1a: Aegislash|Shadow Ball|p2a: Clefable\n|-damage|p2a: Clefable|39\/100\n|-unboost|p2a: Clefable|spd|1\n|move|p2a: Clefable|Teleport|p2a: Clefable\n|\n|switch|p2a: Sharpedo|Sharpedo, M|10\/100|[from]move: Teleport\n|\n|-heal|p2a: Sharpedo|81\/100|[from] move: Wish|[wisher] Clefable\n|upkeep\n|turn|21\n|\n|switch|p1a: Conkeldurr|Conkeldurr, F|88\/100 brn\n|-activate|p1a: Conkeldurr|move: Sticky Web\n|-unboost|p1a: Conkeldurr|spe|1\n|move|p2a: Sharpedo|Protect||[still]\n|-fail|p2a: Sharpedo\n|\n|-damage|p1a: Conkeldurr|82\/100 brn|[from] brn\n|-ability|p2a: Sharpedo|Speed Boost|boost\n|-boost|p2a: Sharpedo|spe|1\n|upkeep\n|turn|22\n|\n|switch|p2a: Skarmory|Skarmory, M|100\/100\n|move|p1a: Conkeldurr|Mach Punch|p2a: Skarmory\n|-damage|p2a: Skarmory|78\/100\n|\n|-heal|p2a: Skarmory|84\/100|[from] item: Leftovers\n|-damage|p1a: Conkeldurr|76\/100 brn|[from] brn\n|upkeep\n|turn|23\n|\n|switch|p1a: Aegislash|Aegislash, F|100\/100\n|-activate|p1a: Aegislash|move: Sticky Web\n|-unboost|p1a: Aegislash|spe|1\n|move|p2a: Skarmory|Body Press|p1a: Aegislash\n|-immune|p1a: Aegislash\n|\n|-heal|p2a: Skarmory|90\/100|[from] item: Leftovers\n|upkeep\n|turn|24\n|\n|move|p2a: Skarmory|Roost|p2a: Skarmory\n|-heal|p2a: Skarmory|100\/100\n|-singleturn|p2a: Skarmory|move: Roost\n|-formechange|p1a: Aegislash|Aegislash-Blade||[from] ability: Stance Change\n|move|p1a: Aegislash|Shadow Ball|p2a: Skarmory\n|-damage|p2a: Skarmory|3\/100\n|\n|-heal|p2a: Skarmory|9\/100|[from] item: Leftovers\n|upkeep\n|turn|25\n|\n|move|p2a: Skarmory|Roost|p2a: Skarmory\n|-heal|p2a: Skarmory|59\/100\n|-singleturn|p2a: Skarmory|move: Roost\n|move|p1a: Aegislash|Shadow Ball|p2a: Skarmory\n|-crit|p2a: Skarmory\n|-damage|p2a: Skarmory|0 fnt\n|faint|p2a: Skarmory\n|\n|upkeep\n|\n|switch|p2a: Dragapult|Dragapult, M|100\/100\n|turn|26\n|\n|move|p2a: Dragapult|Substitute|p2a: Dragapult\n|-start|p2a: Dragapult|Substitute\n|-damage|p2a: Dragapult|75\/100\n|move|p1a: Aegislash|Shadow Ball|p2a: Dragapult\n|-supereffective|p2a: Dragapult\n|-end|p2a: Dragapult|Substitute\n|\n|-heal|p2a: Dragapult|82\/100|[from] item: Leftovers\n|upkeep\n|turn|27\n|\n|move|p2a: Dragapult|Hex|p1a: Aegislash\n|-supereffective|p1a: Aegislash\n|-damage|p1a: Aegislash|0 fnt\n|faint|p1a: Aegislash\n|\n|-heal|p2a: Dragapult|88\/100|[from] item: Leftovers\n|upkeep\n|\n|switch|p1a: Conkeldurr|Conkeldurr, F|76\/100 brn\n|-activate|p1a: Conkeldurr|move: Sticky Web\n|-unboost|p1a: Conkeldurr|spe|1\n|turn|28\n|l|\u2606TryHonesty\n|inactive|TryHonesty disconnected and has a minute to reconnect!\n|player|p1|\n|inactive|TryHonesty has 30 seconds to reconnect!\n|inactive|TryHonesty has 20 seconds to reconnect!\n|inactive|TryHonesty has 15 seconds to reconnect!\n|inactive|TryHonesty has 10 seconds to reconnect!\n|inactive|TryHonesty has 5 seconds to reconnect!\n|-message|TryHonesty lost due to inactivity.\n|\n|win|Srdevil\n|raw|TryHonesty's rating: 1372 &rarr; <strong>1349<\/strong><br \/>(-23 for losing)\n|raw|Srdevil's rating: 1323 &rarr; <strong>1346<\/strong><br \/>(+23 for winning)\n","uploadtime":1593250238,"views":3,"p1id":"tryhonesty","p2id":"srdevil","formatid":"gen8ou","rating":1346,"private":0,"password":null}