{"id":"gen8ou-1567136340","p1":"fishy8995","p2":"ownerdoor","format":"gen8ou","log":"|j|\u2606fishy8995\n|j|\u2606ownerdoor\n|inactive|Battle timer is ON: inactive players will automatically lose when time's up.\n|t:|1651624353\n|gametype|singles\n|player|p1|fishy8995|102|\n|player|p2|ownerdoor|2|\n|teamsize|p1|6\n|teamsize|p2|6\n|gen|8\n|tier|[Gen 8] OU\n|rated|Tournament battle\n|rule|Sleep Clause Mod: Limit one foe put to sleep\n|rule|Species Clause: Limit one of each Pok\u00e9mon\n|rule|OHKO Clause: OHKO moves are banned\n|rule|Evasion Moves Clause: Evasion moves are banned\n|rule|Endless Battle Clause: Forcing endless battles is banned\n|rule|HP Percentage Mod: HP is shown in percentages\n|rule|Dynamax Clause: You cannot dynamax\n|clearpoke\n|poke|p1|Hippowdon, F|\n|poke|p1|Tyranitar, F|\n|poke|p1|Excadrill, M|\n|poke|p1|Corviknight, M|\n|poke|p1|Toxapex, M|\n|poke|p1|Dracozolt|\n|poke|p2|Torkoal, F|\n|poke|p2|Hatterene, F|\n|poke|p2|Heatran, M|\n|poke|p2|Venusaur, F|\n|poke|p2|Krookodile, F|\n|poke|p2|Blaziken, F|\n|teampreview\n|c|\u2606ownerdoor|gg...\n|inactive|ownerdoor has 120 seconds left.\n|\n|t:|1651624386\n|start\n|switch|p1a: Corviknight|Corviknight, M|100\/100\n|switch|p2a: Torkoal|Torkoal, F|100\/100\n|-weather|SunnyDay|[from] ability: Drought|[of] p2a: Torkoal\n|turn|1\n|\n|t:|1651624394\n|move|p1a: Corviknight|U-turn|p2a: Torkoal\n|-resisted|p2a: Torkoal\n|-damage|p2a: Torkoal|95\/100\n|\n|t:|1651624402\n|switch|p1a: Hippowdon|Hippowdon, F|100\/100|[from]move: U-turn\n|-weather|Sandstorm|[from] ability: Sand Stream|[of] p1a: Hippowdon\n|move|p2a: Torkoal|Stealth Rock|p1a: Hippowdon\n|-sidestart|p1: fishy8995|move: Stealth Rock\n|\n|-weather|Sandstorm|[upkeep]\n|-damage|p2a: Torkoal|89\/100|[from] Sandstorm\n|upkeep\n|turn|2\n|\n|t:|1651624410\n|switch|p2a: Hatterene|Hatterene, F|100\/100\n|move|p1a: Hippowdon|Roar|p2a: Hatterene\n|move|p2a: Hatterene|Roar|p1a: Hippowdon|[from]ability: Magic Bounce\n|drag|p1a: Excadrill|Excadrill, M|100\/100\n|-damage|p1a: Excadrill|97\/100|[from] Stealth Rock\n|\n|-weather|Sandstorm|[upkeep]\n|-damage|p2a: Hatterene|95\/100|[from] Sandstorm\n|-heal|p2a: Hatterene|100\/100|[from] item: Leftovers\n|upkeep\n|turn|3\n|\n|t:|1651624430\n|switch|p2a: Torkoal|Torkoal, F|89\/100\n|-weather|SunnyDay|[from] ability: Drought|[of] p2a: Torkoal\n|move|p1a: Excadrill|Iron Head|p2a: Torkoal\n|-resisted|p2a: Torkoal\n|-damage|p2a: Torkoal|75\/100\n|\n|-weather|SunnyDay|[upkeep]\n|upkeep\n|turn|4\n|\n|t:|1651624435\n|switch|p2a: Blaziken|Blaziken, F|100\/100\n|-item|p2a: Blaziken|Air Balloon\n|move|p1a: Excadrill|Earthquake|p2a: Blaziken\n|-immune|p2a: Blaziken\n|\n|-weather|SunnyDay|[upkeep]\n|upkeep\n|turn|5\n|\n|t:|1651624447\n|switch|p1a: Hippowdon|Hippowdon, F|100\/100\n|-damage|p1a: Hippowdon|94\/100|[from] Stealth Rock\n|-weather|Sandstorm|[from] ability: Sand Stream|[of] p1a: Hippowdon\n|move|p2a: Blaziken|Swords Dance|p2a: Blaziken\n|-boost|p2a: Blaziken|atk|2\n|\n|-weather|Sandstorm|[upkeep]\n|-damage|p2a: Blaziken|95\/100|[from] Sandstorm\n|-ability|p2a: Blaziken|Speed Boost|boost\n|-boost|p2a: Blaziken|spe|1\n|upkeep\n|turn|6\n|\n|t:|1651624459\n|move|p2a: Blaziken|Close Combat|p1a: Hippowdon\n|-damage|p1a: Hippowdon|32\/100\n|-unboost|p2a: Blaziken|def|1\n|-unboost|p2a: Blaziken|spd|1\n|move|p1a: Hippowdon|Roar|p2a: Blaziken\n|drag|p2a: Hatterene|Hatterene, F|100\/100\n|\n|-weather|Sandstorm|[upkeep]\n|-damage|p2a: Hatterene|95\/100|[from] Sandstorm\n|-heal|p2a: Hatterene|100\/100|[from] item: Leftovers\n|upkeep\n|turn|7\n|\n|t:|1651624471\n|move|p1a: Hippowdon|Slack Off|p1a: Hippowdon\n|-heal|p1a: Hippowdon|82\/100\n|move|p2a: Hatterene|Calm Mind|p2a: Hatterene\n|-boost|p2a: Hatterene|spa|1\n|-boost|p2a: Hatterene|spd|1\n|\n|-weather|Sandstorm|[upkeep]\n|-damage|p2a: Hatterene|95\/100|[from] Sandstorm\n|-heal|p2a: Hatterene|100\/100|[from] item: Leftovers\n|upkeep\n|turn|8\n|\n|t:|1651624487\n|switch|p1a: Corviknight|Corviknight, M|100\/100\n|-damage|p1a: Corviknight|88\/100|[from] Stealth Rock\n|move|p2a: Hatterene|Psyshock|p1a: Corviknight\n|-resisted|p1a: Corviknight\n|-crit|p1a: Corviknight\n|-damage|p1a: Corviknight|55\/100\n|\n|-weather|Sandstorm|[upkeep]\n|-damage|p2a: Hatterene|95\/100|[from] Sandstorm\n|-heal|p2a: Hatterene|100\/100|[from] item: Leftovers\n|upkeep\n|turn|9\n|\n|t:|1651624492\n|move|p1a: Corviknight|Iron Head|p2a: Hatterene\n|-supereffective|p2a: Hatterene\n|-damage|p2a: Hatterene|42\/100\n|move|p2a: Hatterene|Mystical Fire|p1a: Corviknight\n|-supereffective|p1a: Corviknight\n|-damage|p1a: Corviknight|0 fnt\n|faint|p1a: Corviknight\n|\n|-weather|Sandstorm|[upkeep]\n|-damage|p2a: Hatterene|36\/100|[from] Sandstorm\n|-heal|p2a: Hatterene|42\/100|[from] item: Leftovers\n|upkeep\n|\n|t:|1651624498\n|switch|p1a: Excadrill|Excadrill, M|97\/100\n|-damage|p1a: Excadrill|94\/100|[from] Stealth Rock\n|turn|10\n|inactive|ownerdoor has 120 seconds left.\n|\n|t:|1651624557\n|switch|p2a: Blaziken|Blaziken, F|95\/100\n|-item|p2a: Blaziken|Air Balloon\n|move|p1a: Excadrill|Earthquake|p2a: Blaziken\n|-immune|p2a: Blaziken\n|\n|-weather|Sandstorm|[upkeep]\n|-damage|p2a: Blaziken|89\/100|[from] Sandstorm\n|upkeep\n|turn|11\n|\n|t:|1651624568\n|move|p1a: Excadrill|Rock Slide|p2a: Blaziken\n|-damage|p2a: Blaziken|45\/100\n|-enditem|p2a: Blaziken|Air Balloon\n|move|p2a: Blaziken|Swords Dance|p2a: Blaziken\n|-boost|p2a: Blaziken|atk|2\n|\n|-weather|Sandstorm|[upkeep]\n|-damage|p2a: Blaziken|39\/100|[from] Sandstorm\n|-ability|p2a: Blaziken|Speed Boost|boost\n|-boost|p2a: Blaziken|spe|1\n|upkeep\n|turn|12\n|inactive|ownerdoor has 90 seconds left.\n|\n|t:|1651624593\n|move|p1a: Excadrill|Earthquake|p2a: Blaziken\n|-supereffective|p2a: Blaziken\n|-damage|p2a: Blaziken|0 fnt\n|faint|p2a: Blaziken\n|\n|-weather|none\n|upkeep\n|\n|t:|1651624595\n|switch|p2a: Krookodile|Krookodile, F|100\/100\n|-ability|p2a: Krookodile|Intimidate|boost\n|-unboost|p1a: Excadrill|atk|1\n|turn|13\n|inactive|ownerdoor has 90 seconds left.\n|\n|t:|1651624612\n|switch|p2a: Venusaur|Venusaur, F|100\/100\n|switch|p1a: Hippowdon|Hippowdon, F|82\/100\n|-damage|p1a: Hippowdon|76\/100|[from] Stealth Rock\n|-weather|Sandstorm|[from] ability: Sand Stream|[of] p1a: Hippowdon\n|\n|-weather|Sandstorm|[upkeep]\n|-damage|p2a: Venusaur|95\/100|[from] Sandstorm\n|upkeep\n|turn|14\n|\n|t:|1651624620\n|switch|p1a: Toxapex|Toxapex, M|100\/100\n|-damage|p1a: Toxapex|88\/100|[from] Stealth Rock\n|move|p2a: Venusaur|Giga Drain|p1a: Toxapex\n|-damage|p1a: Toxapex|58\/100\n|-heal|p2a: Venusaur|100\/100|[from] drain|[of] p1a: Toxapex\n|-damage|p2a: Venusaur|91\/100|[from] item: Life Orb\n|\n|-weather|Sandstorm|[upkeep]\n|-damage|p2a: Venusaur|85\/100|[from] Sandstorm\n|-damage|p1a: Toxapex|52\/100|[from] Sandstorm\n|-heal|p1a: Toxapex|58\/100|[from] item: Black Sludge\n|upkeep\n|turn|15\n|\n|t:|1651624624\n|move|p2a: Venusaur|Earth Power|p1a: Toxapex\n|-supereffective|p1a: Toxapex\n|-damage|p1a: Toxapex|14\/100\n|-damage|p2a: Venusaur|75\/100|[from] item: Life Orb\n|move|p1a: Toxapex|Stockpile|p1a: Toxapex\n|-start|p1a: Toxapex|stockpile1\n|-boost|p1a: Toxapex|def|1\n|-boost|p1a: Toxapex|spd|1\n|\n|-weather|Sandstorm|[upkeep]\n|-damage|p2a: Venusaur|69\/100|[from] Sandstorm\n|-damage|p1a: Toxapex|7\/100|[from] Sandstorm\n|-heal|p1a: Toxapex|14\/100|[from] item: Black Sludge\n|upkeep\n|turn|16\n|\n|t:|1651624629\n|switch|p1a: Hippowdon|Hippowdon, F|76\/100\n|-damage|p1a: Hippowdon|70\/100|[from] Stealth Rock\n|move|p2a: Venusaur|Giga Drain|p1a: Hippowdon\n|-supereffective|p1a: Hippowdon\n|-damage|p1a: Hippowdon|0 fnt\n|-heal|p2a: Venusaur|100\/100|[from] drain|[of] p1a: Hippowdon\n|faint|p1a: Hippowdon\n|-damage|p2a: Venusaur|91\/100|[from] item: Life Orb\n|\n|-weather|Sandstorm|[upkeep]\n|-damage|p2a: Venusaur|85\/100|[from] Sandstorm\n|upkeep\n|\n|t:|1651624645\n|switch|p1a: Dracozolt|Dracozolt|100\/100\n|-damage|p1a: Dracozolt|88\/100|[from] Stealth Rock\n|turn|17\n|inactive|ownerdoor has 120 seconds left.\n|\n|t:|1651624673\n|move|p1a: Dracozolt|Flamethrower|p2a: Venusaur\n|-supereffective|p2a: Venusaur\n|-damage|p2a: Venusaur|37\/100\n|-damage|p1a: Dracozolt|78\/100|[from] item: Life Orb\n|move|p2a: Venusaur|Earth Power|p1a: Dracozolt\n|-supereffective|p1a: Dracozolt\n|-damage|p1a: Dracozolt|0 fnt\n|faint|p1a: Dracozolt\n|-damage|p2a: Venusaur|27\/100|[from] item: Life Orb\n|\n|-weather|Sandstorm|[upkeep]\n|-damage|p2a: Venusaur|21\/100|[from] Sandstorm\n|upkeep\n|\n|t:|1651624682\n|switch|p1a: Excadrill|Excadrill, M|94\/100\n|-damage|p1a: Excadrill|91\/100|[from] Stealth Rock\n|turn|18\n|\n|t:|1651624698\n|switch|p2a: Hatterene|Hatterene, F|42\/100\n|move|p1a: Excadrill|Earthquake|p2a: Hatterene\n|-damage|p2a: Hatterene|0 fnt\n|faint|p2a: Hatterene\n|\n|-weather|Sandstorm|[upkeep]\n|upkeep\n|\n|t:|1651624701\n|switch|p2a: Krookodile|Krookodile, F|100\/100\n|-ability|p2a: Krookodile|Intimidate|boost\n|-unboost|p1a: Excadrill|atk|1\n|turn|19\n|\n|t:|1651624706\n|move|p1a: Excadrill|Iron Head|p2a: Krookodile\n|-damage|p2a: Krookodile|61\/100\n|move|p2a: Krookodile|Earthquake|p1a: Excadrill\n|-supereffective|p1a: Excadrill\n|-damage|p1a: Excadrill|0 fnt\n|faint|p1a: Excadrill\n|\n|-weather|Sandstorm|[upkeep]\n|upkeep\n|\n|t:|1651624709\n|switch|p1a: Tyranitar|Tyranitar, F|100\/100\n|-damage|p1a: Tyranitar|88\/100|[from] Stealth Rock\n|turn|20\n|\n|t:|1651624711\n|move|p2a: Krookodile|Earthquake|p1a: Tyranitar\n|-supereffective|p1a: Tyranitar\n|-damage|p1a: Tyranitar|14\/100\n|move|p1a: Tyranitar|Ice Beam|p2a: Krookodile\n|-supereffective|p2a: Krookodile\n|-damage|p2a: Krookodile|0 fnt\n|faint|p2a: Krookodile\n|\n|-weather|none\n|upkeep\n|\n|t:|1651624716\n|switch|p2a: Heatran|Heatran, M|100\/100\n|turn|21\n|\n|t:|1651624722\n|move|p2a: Heatran|Earth Power|p1a: Tyranitar\n|-supereffective|p1a: Tyranitar\n|-damage|p1a: Tyranitar|0 fnt\n|faint|p1a: Tyranitar\n|\n|upkeep\n|\n|t:|1651624724\n|switch|p1a: Toxapex|Toxapex, M|47\/100\n|-damage|p1a: Toxapex|34\/100|[from] Stealth Rock\n|turn|22\n|\n|t:|1651624731\n|move|p2a: Heatran|Earth Power|p1a: Toxapex\n|-supereffective|p1a: Toxapex\n|-damage|p1a: Toxapex|0 fnt\n|faint|p1a: Toxapex\n|\n|win|ownerdoor\n|n|\u2606fishy8995|fishy8995\n|n|\u2606ownerdoor|ownerdoor\n|l|\u2606fishy8995\n","uploadtime":1651624745,"views":140,"p1id":"fishy8995","p2id":"ownerdoor","formatid":"gen8ou","rating":0,"private":0,"password":null}