{"id":"gen8sketchmons-1455357664","p1":"legitteambuilder","p2":"Pookies","format":"gen8sketchmons","log":"|j|\u2606legitteambuilder\n|j|\u2606Pookies\n|t:|1637092742\n|gametype|singles\n|player|p1|legitteambuilder|shadowtriad|1126\n|player|p2|Pookies|bugcatcher-gen1|1253\n|teamsize|p1|6\n|teamsize|p2|6\n|gen|8\n|tier|[Gen 8] Sketchmons\n|rated|\n|rule|Sleep Clause Mod: Limit one foe put to sleep\n|rule|Species Clause: Limit one of each Pok\u00e9mon\n|rule|OHKO Clause: OHKO moves are banned\n|rule|Evasion Moves Clause: Evasion moves are banned\n|rule|Endless Battle Clause: Forcing endless battles is banned\n|rule|HP Percentage Mod: HP is shown in percentages\n|rule|Dynamax Clause: You cannot dynamax\n|clearpoke\n|poke|p1|Nihilego|\n|poke|p1|Mamoswine, M|\n|poke|p1|Obstagoon, F|\n|poke|p1|Garchomp, M|\n|poke|p1|Thundurus, M|\n|poke|p1|Urshifu-*, F|\n|poke|p2|Inteleon, M|\n|poke|p2|Tapu Koko|\n|poke|p2|Volcanion|\n|poke|p2|Skarmory, M|\n|poke|p2|Tangrowth, F|\n|poke|p2|Garchomp, M|\n|teampreview\n|inactive|Battle timer is ON: inactive players will automatically lose when time's up. (requested by Pookies)\n|\n|t:|1637092756\n|start\n|switch|p1a: Mamoswine|Mamoswine, M|100\/100\n|switch|p2a: Inteleon|Inteleon, M|100\/100\n|turn|1\n|\n|t:|1637092762\n|move|p2a: Inteleon|Surging Strikes|p1a: Mamoswine\n|-supereffective|p1a: Mamoswine\n|-crit|p1a: Mamoswine\n|-damage|p1a: Mamoswine|37\/100\n|-supereffective|p1a: Mamoswine\n|-crit|p1a: Mamoswine\n|-damage|p1a: Mamoswine|0 fnt\n|faint|p1a: Mamoswine\n|-hitcount|p1: Mamoswine|2\n|\n|upkeep\n|c|\u2606legitteambuilder|holy thats so cool\n|\n|t:|1637092783\n|switch|p1a: Urshifu|Urshifu-Rapid-Strike, F|100\/100\n|turn|2\n|c|\u2606Pookies|thanks my baby\n|\n|t:|1637092794\n|switch|p2a: Skarmory|Skarmory, M|100\/100\n|move|p1a: Urshifu|Close Combat|p2a: Skarmory\n|-damage|p2a: Skarmory|64\/100\n|-unboost|p1a: Urshifu|def|1\n|-unboost|p1a: Urshifu|spd|1\n|-damage|p1a: Urshifu|84\/100|[from] item: Rocky Helmet|[of] p2a: Skarmory\n|\n|upkeep\n|turn|3\n|\n|t:|1637092809\n|switch|p1a: Thundurus|Thundurus, M|100\/100\n|move|p2a: Skarmory|Roost|p2a: Skarmory\n|-heal|p2a: Skarmory|100\/100\n|-singleturn|p2a: Skarmory|move: Roost\n|\n|upkeep\n|turn|4\n|\n|t:|1637092816\n|switch|p2a: Tapu Koko|Tapu Koko|100\/100\n|-fieldstart|move: Electric Terrain|[from] ability: Electric Surge|[of] p2a: Tapu Koko\n|move|p1a: Thundurus|Bulk Up|p1a: Thundurus\n|-boost|p1a: Thundurus|atk|1\n|-boost|p1a: Thundurus|def|1\n|\n|upkeep\n|turn|5\n|\n|t:|1637092825\n|move|p2a: Tapu Koko|Bolt Strike|p1a: Thundurus\n|-damage|p1a: Thundurus|11\/100\n|move|p1a: Thundurus|Dragon Ascent|p2a: Tapu Koko\n|-resisted|p2a: Tapu Koko\n|-damage|p2a: Tapu Koko|37\/100\n|-unboost|p1a: Thundurus|def|1\n|-unboost|p1a: Thundurus|spd|1\n|\n|-heal|p1a: Thundurus|17\/100|[from] item: Leftovers\n|upkeep\n|turn|6\n|\n|t:|1637092831\n|switch|p2a: Skarmory|Skarmory, M|100\/100\n|move|p1a: Thundurus|Thunder Punch|p2a: Skarmory\n|-supereffective|p2a: Skarmory\n|-damage|p2a: Skarmory|42\/100\n|-damage|p1a: Thundurus|1\/100|[from] item: Rocky Helmet|[of] p2a: Skarmory\n|\n|-heal|p1a: Thundurus|7\/100|[from] item: Leftovers\n|upkeep\n|turn|7\n|\n|t:|1637092839\n|switch|p2a: Garchomp|Garchomp, M|100\/100\n|move|p1a: Thundurus|Thunder Punch|p2a: Garchomp\n|-immune|p2a: Garchomp\n|\n|-heal|p1a: Thundurus|13\/100|[from] item: Leftovers\n|upkeep\n|turn|8\n|\n|t:|1637092842\n|switch|p2a: Skarmory|Skarmory, M|42\/100\n|move|p1a: Thundurus|Dragon Ascent|p2a: Skarmory\n|-resisted|p2a: Skarmory\n|-damage|p2a: Skarmory|17\/100\n|-unboost|p1a: Thundurus|def|1\n|-unboost|p1a: Thundurus|spd|1\n|-damage|p1a: Thundurus|0 fnt|[from] item: Rocky Helmet|[of] p2a: Skarmory\n|faint|p1a: Thundurus\n|\n|-fieldend|move: Electric Terrain\n|upkeep\n|\n|t:|1637092845\n|switch|p1a: Nihilego|Nihilego|100\/100\n|turn|9\n|\n|t:|1637092858\n|switch|p2a: Garchomp|Garchomp, M|100\/100\n|move|p1a: Nihilego|Blue Flare|p2a: Garchomp\n|-resisted|p2a: Garchomp\n|-damage|p2a: Garchomp|77\/100\n|\n|upkeep\n|turn|10\n|\n|t:|1637092866\n|switch|p1a: Urshifu|Urshifu-Rapid-Strike, F|84\/100\n|move|p2a: Garchomp|Earthquake|p1a: Urshifu\n|-damage|p1a: Urshifu|19\/100\n|-damage|p2a: Garchomp|67\/100|[from] item: Life Orb\n|\n|upkeep\n|turn|11\n|\n|t:|1637092874\n|switch|p2a: Skarmory|Skarmory, M|17\/100\n|move|p1a: Urshifu|Close Combat|p2a: Skarmory\n|-damage|p2a: Skarmory|0 fnt\n|-unboost|p1a: Urshifu|def|1\n|-unboost|p1a: Urshifu|spd|1\n|-damage|p1a: Urshifu|3\/100|[from] item: Rocky Helmet|[of] p2a: Skarmory\n|faint|p2a: Skarmory\n|\n|upkeep\n|\n|t:|1637092882\n|switch|p2a: Tapu Koko|Tapu Koko|37\/100\n|-fieldstart|move: Electric Terrain|[from] ability: Electric Surge|[of] p2a: Tapu Koko\n|turn|12\n|\n|t:|1637092886\n|move|p2a: Tapu Koko|U-turn|p1a: Urshifu\n|-resisted|p1a: Urshifu\n|-damage|p1a: Urshifu|0 fnt\n|faint|p1a: Urshifu\n|\n|t:|1637092895\n|switch|p2a: Garchomp|Garchomp, M|67\/100|[from]move: U-turn\n|\n|upkeep\n|inactive|legitteambuilder has 120 seconds left.\n|\n|t:|1637092949\n|switch|p1a: Obstagoon|Obstagoon, F|100\/100\n|turn|13\n|\n|t:|1637092954\n|move|p1a: Obstagoon|Sucker Punch|p2a: Garchomp\n|-damage|p2a: Garchomp|34\/100\n|-damage|p1a: Obstagoon|88\/100|[from] ability: Rough Skin|[of] p2a: Garchomp\n|move|p2a: Garchomp|Earthquake|p1a: Obstagoon\n|-damage|p1a: Obstagoon|17\/100\n|-damage|p2a: Garchomp|24\/100|[from] item: Life Orb\n|\n|-status|p1a: Obstagoon|brn|[from] item: Flame Orb\n|upkeep\n|turn|14\n|\n|t:|1637092961\n|move|p1a: Obstagoon|Sucker Punch||[still]\n|-fail|p1a: Obstagoon\n|move|p2a: Garchomp|Stealth Rock|p1a: Obstagoon\n|-sidestart|p1: legitteambuilder|move: Stealth Rock\n|\n|-damage|p1a: Obstagoon|11\/100 brn|[from] brn\n|upkeep\n|turn|15\n|\n|t:|1637092965\n|move|p2a: Garchomp|Swords Dance|p2a: Garchomp\n|-boost|p2a: Garchomp|atk|2\n|move|p1a: Obstagoon|Facade|p2a: Garchomp\n|-damage|p2a: Garchomp|0 fnt\n|-damage|p1a: Obstagoon|0 fnt|[from] ability: Rough Skin|[of] p2a: Garchomp\n|faint|p2a: Garchomp\n|faint|p1a: Obstagoon\n|\n|upkeep\n|\n|t:|1637092974\n|switch|p2a: Inteleon|Inteleon, M|100\/100\n|switch|p1a: Garchomp|Garchomp, M|100\/100\n|-damage|p1a: Garchomp|94\/100|[from] Stealth Rock\n|turn|16\n|\n|t:|1637092978\n|switch|p2a: Tangrowth|Tangrowth, F|100\/100\n|move|p1a: Garchomp|Dragon Dance|p1a: Garchomp\n|-boost|p1a: Garchomp|atk|1\n|-boost|p1a: Garchomp|spe|1\n|\n|-fieldend|move: Electric Terrain\n|upkeep\n|turn|17\n|\n|t:|1637092985\n|move|p1a: Garchomp|Fire Blast|p2a: Tangrowth\n|-supereffective|p2a: Tangrowth\n|-damage|p2a: Tangrowth|65\/100\n|-damage|p1a: Garchomp|85\/100|[from] item: Life Orb\n|move|p2a: Tangrowth|Giga Drain|p1a: Garchomp\n|-crit|p1a: Garchomp\n|-damage|p1a: Garchomp|35\/100\n|-heal|p2a: Tangrowth|87\/100|[from] drain|[of] p1a: Garchomp\n|\n|upkeep\n|turn|18\n|\n|t:|1637092992\n|move|p1a: Garchomp|Stone Edge|p2a: Tangrowth\n|-damage|p2a: Tangrowth|39\/100\n|-damage|p1a: Garchomp|25\/100|[from] item: Life Orb\n|move|p2a: Tangrowth|Giga Drain|p1a: Garchomp\n|-damage|p1a: Garchomp|0 fnt\n|-heal|p2a: Tangrowth|50\/100|[from] drain|[of] p1a: Garchomp\n|faint|p1a: Garchomp\n|\n|upkeep\n|\n|t:|1637092996\n|switch|p1a: Nihilego|Nihilego|100\/100\n|-damage|p1a: Nihilego|88\/100|[from] Stealth Rock\n|turn|19\n|\n|t:|1637093003\n|move|p1a: Nihilego|Blue Flare|p2a: Tangrowth\n|-supereffective|p2a: Tangrowth\n|-damage|p2a: Tangrowth|0 fnt\n|faint|p2a: Tangrowth\n|-ability|p1a: Nihilego|Beast Boost|boost\n|-boost|p1a: Nihilego|spe|1\n|\n|upkeep\n|\n|t:|1637093008\n|switch|p2a: Tapu Koko|Tapu Koko|37\/100\n|-fieldstart|move: Electric Terrain|[from] ability: Electric Surge|[of] p2a: Tapu Koko\n|turn|20\n|\n|t:|1637093011\n|move|p2a: Tapu Koko|Bolt Strike|p1a: Nihilego|[miss]\n|-miss|p2a: Tapu Koko|p1a: Nihilego\n|move|p1a: Nihilego|Sludge Wave|p2a: Tapu Koko\n|-supereffective|p2a: Tapu Koko\n|-damage|p2a: Tapu Koko|0 fnt\n|faint|p2a: Tapu Koko\n|-ability|p1a: Nihilego|Beast Boost|boost\n|-boost|p1a: Nihilego|spe|1\n|\n|upkeep\n|c|\u2606legitteambuilder|wow\n|c|\u2606Pookies|rip\n|c|\u2606legitteambuilder|would it kill?\n|\n|t:|1637093024\n|switch|p2a: Inteleon|Inteleon, M|100\/100\n|turn|21\n|c|\u2606Pookies|definitely\n|c|\u2606Pookies|lol\n|\n|t:|1637093041\n|move|p2a: Inteleon|Aqua Jet|p1a: Nihilego\n|-supereffective|p1a: Nihilego\n|-damage|p1a: Nihilego|23\/100\n|move|p1a: Nihilego|Meteor Beam||[still]\n|-prepare|p1a: Nihilego|Meteor Beam\n|-boost|p1a: Nihilego|spa|1\n|-enditem|p1a: Nihilego|Power Herb\n|-anim|p1a: Nihilego|Meteor Beam|p2a: Inteleon\n|-damage|p2a: Inteleon|0 fnt\n|faint|p2a: Inteleon\n|-ability|p1a: Nihilego|Beast Boost|boost\n|-boost|p1a: Nihilego|spe|1\n|\n|upkeep\n|\n|t:|1637093044\n|switch|p2a: Volcanion|Volcanion|100\/100\n|turn|22\n|c|\u2606Pookies|gg\n|\n|t:|1637093062\n|move|p1a: Nihilego|Sludge Wave|p2a: Volcanion\n|-damage|p2a: Volcanion|31\/100\n|move|p2a: Volcanion|Steam Eruption|p1a: Nihilego\n|-supereffective|p1a: Nihilego\n|-damage|p1a: Nihilego|0 fnt\n|faint|p1a: Nihilego\n|\n|win|Pookies\n|raw|legitteambuilder's rating: 1126 &rarr; <strong>1110<\/strong><br \/>(-16 for losing)\n|raw|Pookies's rating: 1253 &rarr; <strong>1269<\/strong><br \/>(+16 for winning)\n","uploadtime":1637093066,"views":7,"p1id":"legitteambuilder","p2id":"pookies","formatid":"gen8sketchmons","rating":1110,"private":0,"password":null}