{"id":"gen8ou-1658821116","p1":"d18l","p2":"eromangagaki","format":"gen8ou","log":"|j|\u2606d18l\n|j|\u2606eromangagaki\n|t:|1662601360\n|gametype|singles\n|player|p1|d18l|backpacker|1722\n|player|p2|eromangagaki|2|1670\n|teamsize|p1|6\n|teamsize|p2|6\n|gen|8\n|tier|[Gen 8] OU\n|rated|\n|rule|Sleep Clause Mod: Limit one foe put to sleep\n|rule|Species Clause: Limit one of each Pok\u00e9mon\n|rule|OHKO Clause: OHKO moves are banned\n|rule|Evasion Items Clause: Evasion items are banned\n|rule|Evasion Moves Clause: Evasion moves are banned\n|rule|Endless Battle Clause: Forcing endless battles is banned\n|rule|HP Percentage Mod: HP is shown in percentages\n|rule|Dynamax Clause: You cannot dynamax\n|clearpoke\n|poke|p1|Tapu Koko|\n|poke|p1|Victini|\n|poke|p1|Landorus-Therian, M|\n|poke|p1|Tornadus-Therian, M|\n|poke|p1|Rotom-Wash|\n|poke|p1|Ferrothorn, F|\n|poke|p2|Primarina, F|\n|poke|p2|Slowking-Galar, M|\n|poke|p2|Kommo-o, M|\n|poke|p2|Jirachi|\n|poke|p2|Clefable, M|\n|poke|p2|Landorus-Therian, M|\n|teampreview\n|\n|t:|1662601389\n|start\n|switch|p1a: Tornadus|Tornadus-Therian, M|100\/100\n|switch|p2a: Landorus|Landorus-Therian, M|100\/100\n|-ability|p2a: Landorus|Intimidate|boost\n|-unboost|p1a: Tornadus|atk|1\n|turn|1\n|\n|t:|1662601395\n|move|p1a: Tornadus|Knock Off|p2a: Landorus\n|-damage|p2a: Landorus|87\/100\n|-enditem|p2a: Landorus|Leftovers|[from] move: Knock Off|[of] p1a: Tornadus\n|move|p2a: Landorus|Knock Off|p1a: Tornadus\n|-damage|p1a: Tornadus|67\/100\n|-enditem|p1a: Tornadus|Assault Vest|[from] move: Knock Off|[of] p2a: Landorus\n|\n|upkeep\n|turn|2\n|\n|t:|1662601406\n|move|p1a: Tornadus|Hurricane|p2a: Landorus\n|-damage|p2a: Landorus|50\/100\n|-start|p2a: Landorus|confusion\n|-activate|p2a: Landorus|confusion\n|-damage|p2a: Landorus|36\/100|[from] confusion\n|\n|upkeep\n|turn|3\n|\n|t:|1662601413\n|switch|p2a: Jirachi|Jirachi|100\/100\n|move|p1a: Tornadus|Hurricane|p2a: Jirachi|[miss]\n|-miss|p1a: Tornadus|p2a: Jirachi\n|\n|upkeep\n|turn|4\n|\n|t:|1662601417\n|switch|p1a: Rotom|Rotom-Wash|100\/100\n|move|p2a: Jirachi|Wish|p2a: Jirachi\n|\n|upkeep\n|turn|5\n|\n|t:|1662601425\n|switch|p2a: Kommo-o|Kommo-o, M|100\/100\n|move|p1a: Rotom|Will-O-Wisp|p2a: Kommo-o\n|-status|p2a: Kommo-o|brn\n|\n|-damage|p2a: Kommo-o|94\/100 brn|[from] brn\n|upkeep\n|turn|6\n|\n|t:|1662601438\n|move|p2a: Kommo-o|Stealth Rock|p1a: Rotom\n|-sidestart|p1: d18l|move: Stealth Rock\n|move|p1a: Rotom|Volt Switch|p2a: Kommo-o\n|-resisted|p2a: Kommo-o\n|-damage|p2a: Kommo-o|83\/100 brn\n|\n|t:|1662601447\n|switch|p1a: Tornadus|Tornadus-Therian, M|99\/100|[from]move: Volt Switch\n|-damage|p1a: Tornadus|75\/100|[from] Stealth Rock\n|\n|-heal|p2a: Kommo-o|89\/100 brn|[from] item: Leftovers\n|-damage|p2a: Kommo-o|83\/100 brn|[from] brn\n|upkeep\n|turn|7\n|\n|t:|1662601452\n|switch|p2a: Jirachi|Jirachi|100\/100\n|move|p1a: Tornadus|Knock Off|p2a: Jirachi\n|-supereffective|p2a: Jirachi\n|-damage|p2a: Jirachi|62\/100\n|-enditem|p2a: Jirachi|Leftovers|[from] move: Knock Off|[of] p1a: Tornadus\n|\n|upkeep\n|turn|8\n|\n|t:|1662601457\n|move|p1a: Tornadus|Heat Wave|p2a: Jirachi\n|-supereffective|p2a: Jirachi\n|-damage|p2a: Jirachi|16\/100\n|move|p2a: Jirachi|Wish|p2a: Jirachi\n|\n|upkeep\n|turn|9\n|j| subgenio\n|\n|t:|1662601469\n|switch|p1a: Victini|Victini|100\/100\n|move|p2a: Jirachi|Protect||[still]\n|-fail|p2a: Jirachi\n|\n|-heal|p2a: Jirachi|66\/100|[from] move: Wish|[wisher] Jirachi\n|upkeep\n|turn|10\n|\n|t:|1662601476\n|move|p1a: Victini|V-create|p2a: Jirachi\n|-supereffective|p2a: Jirachi\n|-damage|p2a: Jirachi|0 fnt\n|-unboost|p1a: Victini|spe|1\n|-unboost|p1a: Victini|def|1\n|-unboost|p1a: Victini|spd|1\n|faint|p2a: Jirachi\n|\n|upkeep\n|\n|t:|1662601479\n|switch|p2a: Primarina|Primarina, F|100\/100\n|turn|11\n|l| subgenio\n|\n|t:|1662601487\n|switch|p1a: Rotom|Rotom-Wash|100\/100\n|-damage|p1a: Rotom|88\/100|[from] Stealth Rock\n|move|p2a: Primarina|Scald|p1a: Rotom\n|-resisted|p1a: Rotom\n|-damage|p1a: Rotom|71\/100\n|-status|p1a: Rotom|brn\n|\n|-heal|p1a: Rotom|77\/100 brn|[from] item: Leftovers\n|-damage|p1a: Rotom|71\/100 brn|[from] brn\n|upkeep\n|turn|12\n|\n|t:|1662601496\n|switch|p2a: Kommo-o|Kommo-o, M|83\/100 brn\n|move|p1a: Rotom|Volt Switch|p2a: Kommo-o\n|-resisted|p2a: Kommo-o\n|-damage|p2a: Kommo-o|71\/100 brn\n|\n|t:|1662601521\n|switch|p1a: Tapu Koko|Tapu Koko|100\/100|[from]move: Volt Switch\n|-damage|p1a: Tapu Koko|88\/100|[from] Stealth Rock\n|-fieldstart|move: Electric Terrain|[from] ability: Electric Surge|[of] p1a: Tapu Koko\n|\n|-heal|p2a: Kommo-o|78\/100 brn|[from] item: Leftovers\n|-damage|p2a: Kommo-o|71\/100 brn|[from] brn\n|upkeep\n|turn|13\n|\n|t:|1662601524\n|switch|p2a: Slowking|Slowking-Galar, M|100\/100\n|move|p1a: Tapu Koko|Volt Switch|p2a: Slowking\n|-damage|p2a: Slowking|74\/100\n|\n|t:|1662601527\n|switch|p1a: Victini|Victini|100\/100|[from]move: Volt Switch\n|\n|upkeep\n|turn|14\n|\n|t:|1662601534\n|move|p1a: Victini|V-create|p2a: Slowking\n|-damage|p2a: Slowking|0 fnt\n|-unboost|p1a: Victini|spe|1\n|-unboost|p1a: Victini|def|1\n|-unboost|p1a: Victini|spd|1\n|faint|p2a: Slowking\n|\n|upkeep\n|\n|t:|1662601536\n|switch|p2a: Kommo-o|Kommo-o, M|71\/100 brn\n|turn|15\n|\n|t:|1662601542\n|switch|p1a: Tornadus|Tornadus-Therian, M|100\/100\n|-damage|p1a: Tornadus|76\/100|[from] Stealth Rock\n|move|p2a: Kommo-o|Clanging Scales|p1a: Tornadus\n|-crit|p1a: Tornadus\n|-damage|p1a: Tornadus|10\/100\n|-unboost|p2a: Kommo-o|def|1\n|\n|-heal|p2a: Kommo-o|78\/100 brn|[from] item: Leftovers\n|-damage|p2a: Kommo-o|71\/100 brn|[from] brn\n|upkeep\n|turn|16\n|\n|t:|1662601552\n|switch|p2a: Clefable|Clefable, M|100\/100\n|move|p1a: Tornadus|Hurricane|p2a: Clefable\n|-damage|p2a: Clefable|68\/100\n|\n|-heal|p2a: Clefable|74\/100|[from] item: Leftovers\n|-fieldend|move: Electric Terrain\n|upkeep\n|turn|17\n|\n|t:|1662601560\n|move|p1a: Tornadus|Knock Off|p2a: Clefable\n|-resisted|p2a: Clefable\n|-damage|p2a: Clefable|64\/100\n|-enditem|p2a: Clefable|Leftovers|[from] move: Knock Off|[of] p1a: Tornadus\n|move|p2a: Clefable|Moonblast|p1a: Tornadus\n|-damage|p1a: Tornadus|0 fnt\n|faint|p1a: Tornadus\n|\n|upkeep\n|\n|t:|1662601568\n|switch|p1a: Victini|Victini|100\/100\n|turn|18\n|j| Callport\n|l| Callport\n|\n|t:|1662601622\n|switch|p2a: Landorus|Landorus-Therian, M|36\/100\n|-ability|p2a: Landorus|Intimidate|boost\n|-unboost|p1a: Victini|atk|1\n|move|p1a: Victini|V-create|p2a: Landorus\n|-damage|p2a: Landorus|0 fnt\n|-unboost|p1a: Victini|spe|1\n|-unboost|p1a: Victini|def|1\n|-unboost|p1a: Victini|spd|1\n|faint|p2a: Landorus\n|\n|upkeep\n|\n|t:|1662601630\n|switch|p2a: Kommo-o|Kommo-o, M|71\/100 brn\n|turn|19\n|\n|t:|1662601634\n|switch|p1a: Landorus|Landorus-Therian, M|100\/100\n|-damage|p1a: Landorus|88\/100|[from] Stealth Rock\n|-ability|p1a: Landorus|Intimidate|boost\n|-unboost|p2a: Kommo-o|atk|1\n|move|p2a: Kommo-o|Clanging Scales|p1a: Landorus\n|-damage|p1a: Landorus|54\/100\n|-unboost|p2a: Kommo-o|def|1\n|\n|-heal|p1a: Landorus|60\/100|[from] item: Leftovers\n|-heal|p2a: Kommo-o|78\/100 brn|[from] item: Leftovers\n|-damage|p2a: Kommo-o|71\/100 brn|[from] brn\n|upkeep\n|turn|20\n|\n|t:|1662601649\n|move|p1a: Landorus|Earthquake|p2a: Kommo-o\n|-damage|p2a: Kommo-o|23\/100 brn\n|move|p2a: Kommo-o|Iron Defense|p2a: Kommo-o\n|-boost|p2a: Kommo-o|def|2\n|\n|-heal|p1a: Landorus|66\/100|[from] item: Leftovers\n|-heal|p2a: Kommo-o|29\/100 brn|[from] item: Leftovers\n|-damage|p2a: Kommo-o|23\/100 brn|[from] brn\n|upkeep\n|turn|21\n|\n|t:|1662601655\n|move|p1a: Landorus|Earthquake|p2a: Kommo-o\n|-damage|p2a: Kommo-o|2\/100 brn\n|move|p2a: Kommo-o|Clanging Scales|p1a: Landorus\n|-damage|p1a: Landorus|27\/100\n|-unboost|p2a: Kommo-o|def|1\n|\n|-heal|p1a: Landorus|33\/100|[from] item: Leftovers\n|-heal|p2a: Kommo-o|9\/100 brn|[from] item: Leftovers\n|-damage|p2a: Kommo-o|2\/100 brn|[from] brn\n|upkeep\n|turn|22\n|\n|t:|1662601660\n|move|p1a: Landorus|Earthquake|p2a: Kommo-o\n|-damage|p2a: Kommo-o|0 fnt\n|faint|p2a: Kommo-o\n|\n|-heal|p1a: Landorus|39\/100|[from] item: Leftovers\n|upkeep\n|\n|t:|1662601662\n|switch|p2a: Clefable|Clefable, M|64\/100\n|turn|23\n|\n|t:|1662601672\n|move|p1a: Landorus|Earthquake|p2a: Clefable\n|-damage|p2a: Clefable|20\/100\n|move|p2a: Clefable|Soft-Boiled|p2a: Clefable\n|-heal|p2a: Clefable|70\/100\n|\n|-heal|p1a: Landorus|45\/100|[from] item: Leftovers\n|upkeep\n|turn|24\n|\n|t:|1662601676\n|move|p1a: Landorus|Defog|p2a: Clefable\n|-unboost|p2a: Clefable|evasion|1\n|-sideend|p1: d18l|Stealth Rock|[from] move: Defog|[of] p1a: Landorus\n|move|p2a: Clefable|Soft-Boiled|p2a: Clefable\n|-heal|p2a: Clefable|100\/100\n|\n|-heal|p1a: Landorus|51\/100|[from] item: Leftovers\n|upkeep\n|turn|25\n|\n|t:|1662601680\n|move|p1a: Landorus|U-turn|p2a: Clefable\n|-resisted|p2a: Clefable\n|-damage|p2a: Clefable|91\/100\n|\n|t:|1662601683\n|switch|p1a: Ferrothorn|Ferrothorn, F|100\/100|[from]move: U-turn\n|move|p2a: Clefable|Moonblast|p1a: Ferrothorn\n|-resisted|p1a: Ferrothorn\n|-damage|p1a: Ferrothorn|88\/100\n|\n|upkeep\n|turn|26\n|\n|t:|1662601689\n|move|p2a: Clefable|Moonblast|p1a: Ferrothorn\n|-resisted|p1a: Ferrothorn\n|-damage|p1a: Ferrothorn|74\/100\n|-unboost|p1a: Ferrothorn|spa|1\n|move|p1a: Ferrothorn|Gyro Ball|p2a: Clefable\n|-supereffective|p2a: Clefable\n|-damage|p2a: Clefable|37\/100\n|\n|upkeep\n|turn|27\n|\n|t:|1662601694\n|move|p2a: Clefable|Soft-Boiled|p2a: Clefable\n|-heal|p2a: Clefable|87\/100\n|move|p1a: Ferrothorn|Stealth Rock|p2a: Clefable\n|-sidestart|p2: eromangagaki|move: Stealth Rock\n|\n|upkeep\n|turn|28\n|\n|t:|1662601697\n|move|p2a: Clefable|Moonblast|p1a: Ferrothorn\n|-resisted|p1a: Ferrothorn\n|-damage|p1a: Ferrothorn|61\/100\n|move|p1a: Ferrothorn|Gyro Ball|p2a: Clefable\n|-supereffective|p2a: Clefable\n|-damage|p2a: Clefable|28\/100\n|\n|upkeep\n|turn|29\n|\n|t:|1662601701\n|move|p2a: Clefable|Soft-Boiled|p2a: Clefable\n|-heal|p2a: Clefable|78\/100\n|move|p1a: Ferrothorn|Gyro Ball|p2a: Clefable\n|-supereffective|p2a: Clefable\n|-damage|p2a: Clefable|22\/100\n|\n|upkeep\n|turn|30\n|\n|t:|1662601706\n|move|p2a: Clefable|Soft-Boiled|p2a: Clefable\n|-heal|p2a: Clefable|72\/100\n|move|p1a: Ferrothorn|Gyro Ball|p2a: Clefable\n|-supereffective|p2a: Clefable\n|-damage|p2a: Clefable|18\/100\n|\n|upkeep\n|turn|31\n|\n|t:|1662601710\n|move|p2a: Clefable|Soft-Boiled|p2a: Clefable\n|-heal|p2a: Clefable|68\/100\n|move|p1a: Ferrothorn|Gyro Ball|p2a: Clefable\n|-supereffective|p2a: Clefable\n|-damage|p2a: Clefable|6\/100\n|\n|upkeep\n|turn|32\n|\n|t:|1662601713\n|move|p2a: Clefable|Soft-Boiled|p2a: Clefable\n|-heal|p2a: Clefable|56\/100\n|move|p1a: Ferrothorn|Gyro Ball|p2a: Clefable\n|-supereffective|p2a: Clefable\n|-damage|p2a: Clefable|0 fnt\n|faint|p2a: Clefable\n|\n|upkeep\n|\n|t:|1662601715\n|switch|p2a: Primarina|Primarina, F|100\/100\n|-damage|p2a: Primarina|88\/100|[from] Stealth Rock\n|turn|33\n|\n|t:|1662601721\n|switch|p1a: Landorus|Landorus-Therian, M|51\/100\n|-ability|p1a: Landorus|Intimidate|boost\n|-unboost|p2a: Primarina|atk|1\n|move|p2a: Primarina|Calm Mind|p2a: Primarina\n|-boost|p2a: Primarina|spa|1\n|-boost|p2a: Primarina|spd|1\n|\n|-heal|p1a: Landorus|57\/100|[from] item: Leftovers\n|-heal|p2a: Primarina|94\/100|[from] item: Leftovers\n|upkeep\n|turn|34\n|\n|t:|1662601725\n|move|p1a: Landorus|Toxic|p2a: Primarina\n|-status|p2a: Primarina|tox\n|move|p2a: Primarina|Scald|p1a: Landorus\n|-supereffective|p1a: Landorus\n|-crit|p1a: Landorus\n|-damage|p1a: Landorus|0 fnt\n|faint|p1a: Landorus\n|\n|-heal|p2a: Primarina|99\/100 tox|[from] item: Leftovers\n|-damage|p2a: Primarina|94\/100 tox|[from] psn\n|upkeep\n|\n|t:|1662601729\n|switch|p1a: Tapu Koko|Tapu Koko|88\/100\n|-fieldstart|move: Electric Terrain|[from] ability: Electric Surge|[of] p1a: Tapu Koko\n|turn|35\n|-message|eromangagaki forfeited.\n|\n|win|d18l\n|raw|d18l's rating: 1722 &rarr; <strong>1739<\/strong><br \/>(+17 for winning)\n|raw|eromangagaki's rating: 1670 &rarr; <strong>1653<\/strong><br \/>(-17 for losing)\n|l|\u2606eromangagaki\n||Ladder isn't responding, score probably updated but might not have (Request timeout).\n","uploadtime":1662601732,"views":37,"p1id":"d18l","p2id":"eromangagaki","formatid":"gen8ou","rating":1653,"private":0,"password":null}