{"id":"gen8ou-1634131581","p1":"LT92PF agmmys","p2":"rooopos","format":"gen8ou","log":"|raw|<div class=\"broadcast-blue\"><strong>This battle is required to be public due to a player having a name starting with 'lt92pf'.<\/div>\n|j|\u2606LT92PF agmmys\n|j|\u2606rooopos\n|t:|1659863335\n|gametype|singles\n|player|p1|LT92PF agmmys|170|1468\n|player|p2|rooopos|265|1480\n|teamsize|p1|6\n|teamsize|p2|6\n|gen|8\n|tier|[Gen 8] OU\n|rated|\n|rule|Sleep Clause Mod: Limit one foe put to sleep\n|rule|Species Clause: Limit one of each Pok\u00e9mon\n|rule|OHKO Clause: OHKO moves are banned\n|rule|Evasion Items Clause: Evasion items are banned\n|rule|Evasion Moves Clause: Evasion moves are banned\n|rule|Endless Battle Clause: Forcing endless battles is banned\n|rule|HP Percentage Mod: HP is shown in percentages\n|rule|Dynamax Clause: You cannot dynamax\n|clearpoke\n|poke|p1|Zapdos|\n|poke|p1|Weavile, M|\n|poke|p1|Kartana|\n|poke|p1|Landorus-Therian, M|\n|poke|p1|Volcanion|\n|poke|p1|Melmetal|\n|poke|p2|Tapu Koko|\n|poke|p2|Melmetal|\n|poke|p2|Landorus-Therian, M|\n|poke|p2|Slowbro, M|\n|poke|p2|Weavile, M|\n|poke|p2|Heatran, M|\n|teampreview\n|\n|t:|1659863356\n|start\n|switch|p1a: Zapdos|Zapdos|100\/100\n|switch|p2a: Dogo|Landorus-Therian, M|100\/100\n|-ability|p2a: Dogo|Intimidate|boost\n|-unboost|p1a: Zapdos|atk|1\n|turn|1\n|\n|t:|1659863361\n|switch|p1a: Landorus|Landorus-Therian, M|100\/100\n|-ability|p1a: Landorus|Intimidate|boost\n|-unboost|p2a: Dogo|atk|1\n|move|p2a: Dogo|Toxic|p1a: Landorus\n|-status|p1a: Landorus|tox\n|\n|-damage|p1a: Landorus|94\/100 tox|[from] psn\n|upkeep\n|turn|2\n|\n|t:|1659863368\n|switch|p2a: Hot Chunk|Heatran, M|100\/100\n|-item|p2a: Hot Chunk|Air Balloon\n|move|p1a: Landorus|Stealth Rock|p2a: Hot Chunk\n|-sidestart|p2: rooopos|move: Stealth Rock\n|\n|-heal|p1a: Landorus|100\/100 tox|[from] item: Leftovers\n|-damage|p1a: Landorus|88\/100 tox|[from] psn\n|upkeep\n|turn|3\n|\n|t:|1659863375\n|move|p2a: Hot Chunk|Eruption|p1a: Landorus\n|-damage|p1a: Landorus|18\/100 tox\n|move|p1a: Landorus|U-turn|p2a: Hot Chunk\n|-resisted|p2a: Hot Chunk\n|-damage|p2a: Hot Chunk|95\/100\n|-enditem|p2a: Hot Chunk|Air Balloon\n|\n|t:|1659863380\n|switch|p1a: Volcanion|Volcanion|100\/100|[from]move: U-turn\n|\n|upkeep\n|turn|4\n|\n|t:|1659863393\n|move|p2a: Hot Chunk|Earth Power|p1a: Volcanion\n|-supereffective|p1a: Volcanion\n|-damage|p1a: Volcanion|13\/100\n|-unboost|p1a: Volcanion|spd|1\n|move|p1a: Volcanion|Steam Eruption|p2a: Hot Chunk\n|-supereffective|p2a: Hot Chunk\n|-damage|p2a: Hot Chunk|0 fnt\n|faint|p2a: Hot Chunk\n|\n|upkeep\n|\n|t:|1659863404\n|switch|p2a: Warb Birb|Tapu Koko, shiny|100\/100\n|-fieldstart|move: Electric Terrain|[from] ability: Electric Surge|[of] p2a: Warb Birb\n|turn|5\n|inactive|Battle timer is ON: inactive players will automatically lose when time's up. (requested by LT92PF agmmys)\n|\n|t:|1659863412\n|switch|p1a: Landorus|Landorus-Therian, M|18\/100 tox\n|-ability|p1a: Landorus|Intimidate|boost\n|-unboost|p2a: Warb Birb|atk|1\n|move|p2a: Warb Birb|Thunderbolt|p1a: Landorus\n|-immune|p1a: Landorus\n|\n|-heal|p1a: Landorus|24\/100 tox|[from] item: Leftovers\n|-damage|p1a: Landorus|18\/100 tox|[from] psn\n|upkeep\n|turn|6\n|\n|t:|1659863416\n|move|p2a: Warb Birb|Dazzling Gleam|p1a: Landorus\n|-damage|p1a: Landorus|0 fnt\n|faint|p1a: Landorus\n|\n|upkeep\n|\n|t:|1659863418\n|switch|p1a: Melmetal|Melmetal|100\/100\n|turn|7\n|\n|t:|1659863422\n|move|p2a: Warb Birb|U-turn|p1a: Melmetal\n|-resisted|p1a: Melmetal\n|-damage|p1a: Melmetal|97\/100\n|\n|t:|1659863425\n|switch|p2a: Hugs Machine|Slowbro, M, shiny|100\/100|[from]move: U-turn\n|-damage|p2a: Hugs Machine|88\/100|[from] Stealth Rock\n|move|p1a: Melmetal|Double Iron Bash|p2a: Hugs Machine\n|-resisted|p2a: Hugs Machine\n|-damage|p2a: Hugs Machine|69\/100\n|-resisted|p2a: Hugs Machine\n|-damage|p2a: Hugs Machine|50\/100\n|-hitcount|p2a: Hugs Machine|2\n|\n|upkeep\n|turn|8\n|\n|t:|1659863430\n|move|p1a: Melmetal|Double Iron Bash|p2a: Hugs Machine\n|-resisted|p2a: Hugs Machine\n|-damage|p2a: Hugs Machine|32\/100\n|-resisted|p2a: Hugs Machine\n|-crit|p2a: Hugs Machine\n|-damage|p2a: Hugs Machine|2\/100\n|-hitcount|p2a: Hugs Machine|2\n|move|p2a: Hugs Machine|Slack Off|p2a: Hugs Machine\n|-heal|p2a: Hugs Machine|52\/100\n|\n|upkeep\n|turn|9\n|\n|t:|1659863437\n|move|p1a: Melmetal|Double Iron Bash|p2a: Hugs Machine\n|-resisted|p2a: Hugs Machine\n|-damage|p2a: Hugs Machine|33\/100\n|-resisted|p2a: Hugs Machine\n|-damage|p2a: Hugs Machine|14\/100\n|-hitcount|p2a: Hugs Machine|2\n|move|p2a: Hugs Machine|Slack Off|p2a: Hugs Machine\n|-heal|p2a: Hugs Machine|64\/100\n|\n|-fieldend|move: Electric Terrain\n|upkeep\n|turn|10\n|\n|t:|1659863443\n|move|p1a: Melmetal|Double Iron Bash|p2a: Hugs Machine\n|-resisted|p2a: Hugs Machine\n|-damage|p2a: Hugs Machine|44\/100\n|-resisted|p2a: Hugs Machine\n|-damage|p2a: Hugs Machine|26\/100\n|-hitcount|p2a: Hugs Machine|2\n|move|p2a: Hugs Machine|Body Press|p1a: Melmetal\n|-supereffective|p1a: Melmetal\n|-damage|p1a: Melmetal|64\/100\n|\n|upkeep\n|turn|11\n|\n|t:|1659863446\n|switch|p2a: Mercury|Melmetal|100\/100\n|-damage|p2a: Mercury|94\/100|[from] Stealth Rock\n|move|p1a: Melmetal|Double Iron Bash|p2a: Mercury\n|-resisted|p2a: Mercury\n|-damage|p2a: Mercury|73\/100\n|-resisted|p2a: Mercury\n|-damage|p2a: Mercury|53\/100\n|-hitcount|p2a: Mercury|2\n|\n|-heal|p2a: Mercury|59\/100|[from] item: Leftovers\n|upkeep\n|turn|12\n|\n|t:|1659863454\n|switch|p1a: Zapdos|Zapdos|100\/100\n|move|p2a: Mercury|Double Iron Bash|p1a: Zapdos\n|-resisted|p1a: Zapdos\n|-damage|p1a: Zapdos|75\/100\n|-status|p2a: Mercury|par|[from] ability: Static|[of] p1a: Zapdos\n|-resisted|p1a: Zapdos\n|-crit|p1a: Zapdos\n|-damage|p1a: Zapdos|34\/100\n|-hitcount|p1a: Zapdos|2\n|\n|-heal|p2a: Mercury|65\/100 par|[from] item: Leftovers\n|upkeep\n|turn|13\n|\n|t:|1659863464\n|switch|p1a: Volcanion|Volcanion|13\/100\n|switch|p2a: Dogo|Landorus-Therian, M|100\/100\n|-damage|p2a: Dogo|88\/100|[from] Stealth Rock\n|-ability|p2a: Dogo|Intimidate|boost\n|-unboost|p1a: Volcanion|atk|1\n|\n|-heal|p2a: Dogo|94\/100|[from] item: Leftovers\n|upkeep\n|turn|14\n|\n|t:|1659863476\n|move|p1a: Volcanion|Steam Eruption|p2a: Dogo\n|-supereffective|p2a: Dogo\n|-damage|p2a: Dogo|0 fnt\n|faint|p2a: Dogo\n|\n|upkeep\n|\n|t:|1659863479\n|switch|p2a: Warb Birb|Tapu Koko, shiny|100\/100\n|-fieldstart|move: Electric Terrain|[from] ability: Electric Surge|[of] p2a: Warb Birb\n|turn|15\n|\n|t:|1659863482\n|move|p2a: Warb Birb|Thunderbolt|p1a: Volcanion\n|-supereffective|p1a: Volcanion\n|-damage|p1a: Volcanion|0 fnt\n|faint|p1a: Volcanion\n|\n|upkeep\n|\n|t:|1659863485\n|switch|p1a: Melmetal|Melmetal|64\/100\n|turn|16\n|\n|t:|1659863497\n|move|p2a: Warb Birb|U-turn|p1a: Melmetal\n|-resisted|p1a: Melmetal\n|-crit|p1a: Melmetal\n|-damage|p1a: Melmetal|56\/100\n|\n|t:|1659863502\n|switch|p2a: Mercury|Melmetal|65\/100 par|[from]move: U-turn\n|-damage|p2a: Mercury|59\/100 par|[from] Stealth Rock\n|move|p1a: Melmetal|Thunder Punch|p2a: Mercury\n|-damage|p2a: Mercury|17\/100 par\n|\n|-heal|p2a: Mercury|23\/100 par|[from] item: Leftovers\n|upkeep\n|turn|17\n|\n|t:|1659863507\n|move|p1a: Melmetal|Thunder Punch|p2a: Mercury\n|-damage|p2a: Mercury|0 fnt\n|faint|p2a: Mercury\n|\n|upkeep\n|\n|t:|1659863515\n|switch|p2a: TMafia|Weavile, M|100\/100\n|-damage|p2a: TMafia|76\/100|[from] Stealth Rock\n|-ability|p2a: TMafia|Pressure\n|turn|18\n|\n|t:|1659863518\n|move|p2a: TMafia|Knock Off|p1a: Melmetal\n|-damage|p1a: Melmetal|13\/100\n|-enditem|p1a: Melmetal|Choice Band|[from] move: Knock Off|[of] p2a: TMafia\n|move|p1a: Melmetal|Thunder Punch|p2a: TMafia\n|-damage|p2a: TMafia|0 fnt\n|faint|p2a: TMafia\n|\n|upkeep\n|\n|t:|1659863521\n|switch|p2a: Warb Birb|Tapu Koko, shiny|100\/100\n|turn|19\n|\n|t:|1659863524\n|move|p2a: Warb Birb|Thunderbolt|p1a: Melmetal\n|-damage|p1a: Melmetal|0 fnt\n|faint|p1a: Melmetal\n|\n|-fieldend|move: Electric Terrain\n|upkeep\n|\n|t:|1659863532\n|switch|p1a: Weavile|Weavile, M|100\/100\n|-ability|p1a: Weavile|Pressure\n|turn|20\n|\n|t:|1659863535\n|move|p1a: Weavile|Ice Shard|p2a: Warb Birb\n|-damage|p2a: Warb Birb|62\/100\n|move|p2a: Warb Birb|U-turn|p1a: Weavile\n|-supereffective|p1a: Weavile\n|-damage|p1a: Weavile|43\/100\n|\n|t:|1659863540\n|switch|p2a: Hugs Machine|Slowbro, M, shiny|59\/100|[from]move: U-turn\n|-damage|p2a: Hugs Machine|46\/100|[from] Stealth Rock\n|\n|upkeep\n|turn|21\n|\n|t:|1659863542\n|switch|p1a: Zapdos|Zapdos|34\/100\n|move|p2a: Hugs Machine|Slack Off|p2a: Hugs Machine\n|-heal|p2a: Hugs Machine|96\/100\n|\n|upkeep\n|turn|22\n|\n|t:|1659863546\n|move|p1a: Zapdos|Thunderbolt|p2a: Hugs Machine\n|-supereffective|p2a: Hugs Machine\n|-damage|p2a: Hugs Machine|0 fnt\n|faint|p2a: Hugs Machine\n|\n|upkeep\n|\n|t:|1659863549\n|switch|p2a: Warb Birb|Tapu Koko, shiny|62\/100\n|-fieldstart|move: Electric Terrain|[from] ability: Electric Surge|[of] p2a: Warb Birb\n|turn|23\n|\n|t:|1659863550\n|move|p2a: Warb Birb|Thunderbolt|p1a: Zapdos\n|-damage|p1a: Zapdos|0 fnt\n|faint|p1a: Zapdos\n|\n|upkeep\n|\n|t:|1659863552\n|switch|p1a: Kartana|Kartana|100\/100\n|turn|24\n|\n|t:|1659863555\n|move|p1a: Kartana|Leaf Blade|p2a: Warb Birb\n|-damage|p2a: Warb Birb|0 fnt\n|faint|p2a: Warb Birb\n|\n|win|LT92PF agmmys\n|raw|LT92PF agmmys's rating: 1468 &rarr; <strong>1489<\/strong><br \/>(+21 for winning)\n|raw|rooopos's rating: 1480 &rarr; <strong>1459<\/strong><br \/>(-21 for losing)\n|l|\u2606rooopos\n||Ladder isn't responding, score probably updated but might not have (Request timeout).\n","uploadtime":1659863565,"views":20,"p1id":"lt92pfagmmys","p2id":"rooopos","formatid":"gen8ou","rating":1459,"private":0,"password":null}