{"id":"gen8ou-1634582818","p1":"Looney Tounssss","p2":"himynametay","format":"gen8ou","log":"|j|\u2606Looney Tounssss\n|j|\u203dhimynametay\n|t:|1659914420\n|gametype|singles\n|player|p1|Looney Tounssss|red|1628\n|player|p2|himynametay|elesa-masters|1610\n|teamsize|p1|6\n|teamsize|p2|6\n|gen|8\n|tier|[Gen 8] OU\n|rated|\n|rule|Sleep Clause Mod: Limit one foe put to sleep\n|rule|Species Clause: Limit one of each Pok\u00e9mon\n|rule|OHKO Clause: OHKO moves are banned\n|rule|Evasion Items Clause: Evasion items are banned\n|rule|Evasion Moves Clause: Evasion moves are banned\n|rule|Endless Battle Clause: Forcing endless battles is banned\n|rule|HP Percentage Mod: HP is shown in percentages\n|rule|Dynamax Clause: You cannot dynamax\n|clearpoke\n|poke|p1|Urshifu-*, M|\n|poke|p1|Tapu Lele|\n|poke|p1|Landorus-Therian, M|\n|poke|p1|Dragonite, M|\n|poke|p1|Tyranitar, M|\n|poke|p1|Magnezone|\n|poke|p2|Landorus-Therian, M|\n|poke|p2|Ferrothorn, M|\n|poke|p2|Urshifu-*, F|\n|poke|p2|Tornadus-Therian, M|\n|poke|p2|Dragapult, F|\n|poke|p2|Tapu Lele|\n|teampreview\n|inactive|Battle timer is ON: inactive players will automatically lose when time's up. (requested by himynametay)\n|inactive|Looney Tounssss has 120 seconds left.\n|\n|t:|1659914470\n|start\n|switch|p1a: Tapu Lele|Tapu Lele|100\/100\n|switch|p2a: Tornadus|Tornadus-Therian, M|100\/100\n|-fieldstart|move: Psychic Terrain|[from] ability: Psychic Surge|[of] p1a: Tapu Lele\n|turn|1\n|\n|t:|1659914474\n|move|p2a: Tornadus|Knock Off|p1a: Tapu Lele\n|-damage|p1a: Tapu Lele|70\/100\n|-enditem|p1a: Tapu Lele|Choice Specs|[from] move: Knock Off|[of] p2a: Tornadus\n|move|p1a: Tapu Lele|Psychic|p2a: Tornadus\n|-damage|p2a: Tornadus|53\/100\n|-unboost|p2a: Tornadus|spd|1\n|\n|upkeep\n|turn|2\n|\n|t:|1659914481\n|move|p2a: Tornadus|U-turn|p1a: Tapu Lele\n|-damage|p1a: Tapu Lele|49\/100\n|\n|t:|1659914483\n|switch|p2a: Ferrothorn|Ferrothorn, M|100\/100|[from]move: U-turn\n|move|p1a: Tapu Lele|Psychic|p2a: Ferrothorn\n|-resisted|p2a: Ferrothorn\n|-damage|p2a: Ferrothorn|72\/100\n|\n|upkeep\n|turn|3\n|\n|t:|1659914487\n|switch|p1a: Magnezone|Magnezone|100\/100\n|switch|p2a: Landorus|Landorus-Therian, M|100\/100\n|-ability|p2a: Landorus|Intimidate|boost\n|-unboost|p1a: Magnezone|atk|1\n|\n|upkeep\n|turn|4\n|\n|t:|1659914490\n|switch|p1a: Landorus|Landorus-Therian, M|100\/100\n|-ability|p1a: Landorus|Intimidate|boost\n|-unboost|p2a: Landorus|atk|1\n|move|p2a: Landorus|U-turn|p1a: Landorus\n|-resisted|p1a: Landorus\n|-damage|p1a: Landorus|96\/100\n|\n|t:|1659914492\n|switch|p2a: Urshifu|Urshifu-Rapid-Strike, F|100\/100|[from]move: U-turn\n|\n|-heal|p1a: Landorus|100\/100|[from] item: Leftovers\n|upkeep\n|turn|5\n|\n|t:|1659914495\n|switch|p1a: Dragonite|Dragonite, M|100\/100\n|move|p2a: Urshifu|Surging Strikes|p1a: Dragonite\n|-resisted|p1a: Dragonite\n|-crit|p1a: Dragonite\n|-damage|p1a: Dragonite|96\/100\n|-resisted|p1a: Dragonite\n|-crit|p1a: Dragonite\n|-damage|p1a: Dragonite|86\/100\n|-resisted|p1a: Dragonite\n|-crit|p1a: Dragonite\n|-damage|p1a: Dragonite|77\/100\n|-hitcount|p1a: Dragonite|3\n|\n|-fieldend|move: Psychic Terrain\n|upkeep\n|turn|6\n|\n|t:|1659914499\n|switch|p1a: Magnezone|Magnezone|100\/100\n|move|p2a: Urshifu|U-turn|p1a: Magnezone\n|-resisted|p1a: Magnezone\n|-damage|p1a: Magnezone|88\/100\n|\n|t:|1659914503\n|switch|p2a: Landorus|Landorus-Therian, M|100\/100|[from]move: U-turn\n|-ability|p2a: Landorus|Intimidate|boost\n|-unboost|p1a: Magnezone|atk|1\n|\n|-heal|p1a: Magnezone|94\/100|[from] item: Leftovers\n|upkeep\n|turn|7\n|\n|t:|1659914505\n|switch|p1a: Landorus|Landorus-Therian, M|100\/100\n|-ability|p1a: Landorus|Intimidate|boost\n|-unboost|p2a: Landorus|atk|1\n|move|p2a: Landorus|Earthquake|p1a: Landorus\n|-immune|p1a: Landorus\n|\n|upkeep\n|turn|8\n|\n|t:|1659914509\n|move|p2a: Landorus|Toxic|p1a: Landorus\n|-status|p1a: Landorus|tox\n|move|p1a: Landorus|Toxic|p2a: Landorus\n|-status|p2a: Landorus|tox\n|\n|-damage|p2a: Landorus|94\/100 tox|[from] psn\n|-damage|p1a: Landorus|94\/100 tox|[from] psn\n|upkeep\n|turn|9\n|\n|t:|1659914511\n|move|p2a: Landorus|U-turn|p1a: Landorus\n|-resisted|p1a: Landorus\n|-crit|p1a: Landorus\n|-damage|p1a: Landorus|82\/100 tox\n|\n|t:|1659914513\n|switch|p2a: Urshifu|Urshifu-Rapid-Strike, F|100\/100|[from]move: U-turn\n|move|p1a: Landorus|Stealth Rock|p2a: Urshifu\n|-sidestart|p2: himynametay|move: Stealth Rock\n|\n|-heal|p1a: Landorus|88\/100 tox|[from] item: Leftovers\n|-damage|p1a: Landorus|76\/100 tox|[from] psn\n|upkeep\n|turn|10\n|\n|t:|1659914516\n|switch|p1a: Dragonite|Dragonite, M|77\/100\n|move|p2a: Urshifu|U-turn|p1a: Dragonite\n|-resisted|p1a: Dragonite\n|-damage|p1a: Dragonite|66\/100\n|\n|t:|1659914518\n|switch|p2a: Tapu Lele|Tapu Lele|100\/100|[from]move: U-turn\n|-damage|p2a: Tapu Lele|88\/100|[from] Stealth Rock\n|-fieldstart|move: Psychic Terrain|[from] ability: Psychic Surge|[of] p2a: Tapu Lele\n|\n|upkeep\n|turn|11\n|\n|t:|1659914524\n|switch|p1a: Magnezone|Magnezone|94\/100\n|move|p2a: Tapu Lele|Future Sight|p1a: Magnezone\n|-start|p2a: Tapu Lele|move: Future Sight\n|\n|-heal|p1a: Magnezone|100\/100|[from] item: Leftovers\n|upkeep\n|turn|12\n|\n|t:|1659914531\n|switch|p2a: Landorus|Landorus-Therian, M|94\/100 tox\n|-damage|p2a: Landorus|82\/100 tox|[from] Stealth Rock\n|-ability|p2a: Landorus|Intimidate|boost\n|-unboost|p1a: Magnezone|atk|1\n|move|p1a: Magnezone|Toxic|p2a: Landorus\n|-fail|p2a: Landorus|tox\n|\n|-heal|p2a: Landorus|88\/100 tox|[from] item: Leftovers\n|-damage|p2a: Landorus|82\/100 tox|[from] psn\n|upkeep\n|turn|13\n|\n|t:|1659914534\n|switch|p1a: Tyranitar|Tyranitar, M|100\/100\n|-weather|Sandstorm|[from] ability: Sand Stream|[of] p1a: Tyranitar\n|move|p2a: Landorus|Defog|p1a: Tyranitar\n|-unboost|p1a: Tyranitar|evasion|1\n|-sideend|p2: himynametay|Stealth Rock|[from] move: Defog|[of] p2a: Landorus\n|-fieldend|move: Psychic Terrain\n|\n|-weather|Sandstorm|[upkeep]\n|-end|p1a: Tyranitar|move: Future Sight\n|-immune|p1a: Tyranitar\n|-heal|p2a: Landorus|88\/100 tox|[from] item: Leftovers\n|-damage|p2a: Landorus|76\/100 tox|[from] psn\n|upkeep\n|turn|14\n|\n|t:|1659914537\n|move|p1a: Tyranitar|Ice Punch|p2a: Landorus\n|-supereffective|p2a: Landorus\n|-damage|p2a: Landorus|0 fnt\n|faint|p2a: Landorus\n|\n|-weather|Sandstorm|[upkeep]\n|upkeep\n|\n|t:|1659914551\n|switch|p2a: Urshifu|Urshifu-Rapid-Strike, F|100\/100\n|turn|15\n|\n|t:|1659914553\n|switch|p1a: Dragonite|Dragonite, M|66\/100\n|move|p2a: Urshifu|Surging Strikes|p1a: Dragonite\n|-resisted|p1a: Dragonite\n|-crit|p1a: Dragonite\n|-damage|p1a: Dragonite|56\/100\n|-resisted|p1a: Dragonite\n|-crit|p1a: Dragonite\n|-damage|p1a: Dragonite|47\/100\n|-resisted|p1a: Dragonite\n|-crit|p1a: Dragonite\n|-damage|p1a: Dragonite|38\/100\n|-hitcount|p1a: Dragonite|3\n|\n|-weather|Sandstorm|[upkeep]\n|-damage|p2a: Urshifu|94\/100|[from] Sandstorm\n|-damage|p1a: Dragonite|32\/100|[from] Sandstorm\n|upkeep\n|turn|16\n|\n|t:|1659914558\n|move|p2a: Urshifu|Surging Strikes|p1a: Dragonite\n|-resisted|p1a: Dragonite\n|-crit|p1a: Dragonite\n|-damage|p1a: Dragonite|23\/100\n|-resisted|p1a: Dragonite\n|-crit|p1a: Dragonite\n|-damage|p1a: Dragonite|13\/100\n|-resisted|p1a: Dragonite\n|-crit|p1a: Dragonite\n|-damage|p1a: Dragonite|3\/100\n|-hitcount|p1a: Dragonite|3\n|move|p1a: Dragonite|Roost|p1a: Dragonite\n|-heal|p1a: Dragonite|53\/100\n|-singleturn|p1a: Dragonite|move: Roost\n|\n|-weather|Sandstorm|[upkeep]\n|-damage|p2a: Urshifu|88\/100|[from] Sandstorm\n|-damage|p1a: Dragonite|47\/100|[from] Sandstorm\n|upkeep\n|turn|17\n|\n|t:|1659914561\n|move|p2a: Urshifu|U-turn|p1a: Dragonite\n|-resisted|p1a: Dragonite\n|-damage|p1a: Dragonite|36\/100\n|\n|t:|1659914564\n|switch|p2a: Dragapult|Dragapult, F|100\/100|[from]move: U-turn\n|move|p1a: Dragonite|Roost|p1a: Dragonite\n|-heal|p1a: Dragonite|86\/100\n|-singleturn|p1a: Dragonite|move: Roost\n|\n|-weather|none\n|upkeep\n|turn|18\n|\n|t:|1659914567\n|switch|p1a: Tyranitar|Tyranitar, M|100\/100\n|-weather|Sandstorm|[from] ability: Sand Stream|[of] p1a: Tyranitar\n|move|p2a: Dragapult|U-turn|p1a: Tyranitar\n|-supereffective|p1a: Tyranitar\n|-damage|p1a: Tyranitar|69\/100\n|\n|t:|1659914569\n|switch|p2a: Urshifu|Urshifu-Rapid-Strike, F|88\/100|[from]move: U-turn\n|\n|-weather|Sandstorm|[upkeep]\n|-damage|p2a: Urshifu|82\/100|[from] Sandstorm\n|upkeep\n|turn|19\n|\n|t:|1659914571\n|switch|p1a: Dragonite|Dragonite, M|86\/100\n|move|p2a: Urshifu|U-turn|p1a: Dragonite\n|-resisted|p1a: Dragonite\n|-damage|p1a: Dragonite|75\/100\n|\n|t:|1659914573\n|switch|p2a: Tapu Lele|Tapu Lele|88\/100|[from]move: U-turn\n|-fieldstart|move: Psychic Terrain|[from] ability: Psychic Surge|[of] p2a: Tapu Lele\n|\n|-weather|Sandstorm|[upkeep]\n|-damage|p2a: Tapu Lele|82\/100|[from] Sandstorm\n|-damage|p1a: Dragonite|69\/100|[from] Sandstorm\n|upkeep\n|turn|20\n|\n|t:|1659914576\n|switch|p1a: Magnezone|Magnezone|100\/100\n|move|p2a: Tapu Lele|Moonblast|p1a: Magnezone\n|-resisted|p1a: Magnezone\n|-crit|p1a: Magnezone\n|-damage|p1a: Magnezone|46\/100\n|\n|-weather|Sandstorm|[upkeep]\n|-damage|p2a: Tapu Lele|76\/100|[from] Sandstorm\n|-heal|p1a: Magnezone|52\/100|[from] item: Leftovers\n|upkeep\n|turn|21\n|\n|t:|1659914582\n|switch|p2a: Dragapult|Dragapult, F|100\/100\n|move|p1a: Magnezone|Toxic|p2a: Dragapult\n|-status|p2a: Dragapult|tox\n|\n|-weather|Sandstorm|[upkeep]\n|-damage|p2a: Dragapult|95\/100 tox|[from] Sandstorm\n|-heal|p1a: Magnezone|58\/100|[from] item: Leftovers\n|-damage|p2a: Dragapult|89\/100 tox|[from] psn\n|upkeep\n|turn|22\n|\n|t:|1659914595\n|switch|p1a: Tyranitar|Tyranitar, M|69\/100\n|move|p2a: Dragapult|U-turn|p1a: Tyranitar\n|-supereffective|p1a: Tyranitar\n|-damage|p1a: Tyranitar|38\/100\n|\n|t:|1659914597\n|switch|p2a: Urshifu|Urshifu-Rapid-Strike, F|82\/100|[from]move: U-turn\n|\n|-weather|none\n|upkeep\n|turn|23\n|\n|t:|1659914599\n|switch|p1a: Dragonite|Dragonite, M|69\/100\n|move|p2a: Urshifu|Surging Strikes|p1a: Dragonite\n|-resisted|p1a: Dragonite\n|-crit|p1a: Dragonite\n|-damage|p1a: Dragonite|59\/100\n|-resisted|p1a: Dragonite\n|-crit|p1a: Dragonite\n|-damage|p1a: Dragonite|50\/100\n|-resisted|p1a: Dragonite\n|-crit|p1a: Dragonite\n|-damage|p1a: Dragonite|39\/100\n|-hitcount|p1a: Dragonite|3\n|\n|-fieldend|move: Psychic Terrain\n|upkeep\n|turn|24\n|\n|t:|1659914602\n|move|p2a: Urshifu|U-turn|p1a: Dragonite\n|-resisted|p1a: Dragonite\n|-damage|p1a: Dragonite|28\/100\n|\n|t:|1659914603\n|switch|p2a: Tapu Lele|Tapu Lele|76\/100|[from]move: U-turn\n|-fieldstart|move: Psychic Terrain|[from] ability: Psychic Surge|[of] p2a: Tapu Lele\n|move|p1a: Dragonite|Roost|p1a: Dragonite\n|-heal|p1a: Dragonite|78\/100\n|-singleturn|p1a: Dragonite|move: Roost\n|\n|upkeep\n|turn|25\n|\n|t:|1659914611\n|switch|p1a: Tapu Lele|Tapu Lele|49\/100\n|move|p2a: Tapu Lele|Moonblast|p1a: Tapu Lele\n|-damage|p1a: Tapu Lele|0 fnt\n|faint|p1a: Tapu Lele\n|\n|upkeep\n|\n|t:|1659914615\n|switch|p1a: Urshifu|Urshifu-Rapid-Strike, M|100\/100\n|turn|26\n|\n|t:|1659914619\n|switch|p2a: Ferrothorn|Ferrothorn, M|72\/100\n|move|p1a: Urshifu|U-turn|p2a: Ferrothorn\n|-damage|p2a: Ferrothorn|57\/100\n|-damage|p1a: Urshifu|88\/100|[from] ability: Iron Barbs|[of] p2a: Ferrothorn\n|-damage|p1a: Urshifu|72\/100|[from] item: Rocky Helmet|[of] p2a: Ferrothorn\n|\n|t:|1659914621\n|switch|p1a: Magnezone|Magnezone|58\/100|[from]move: U-turn\n|\n|-heal|p1a: Magnezone|64\/100|[from] item: Leftovers\n|upkeep\n|turn|27\n|\n|t:|1659914624\n|move|p1a: Magnezone|Iron Defense|p1a: Magnezone\n|-boost|p1a: Magnezone|def|2\n|move|p2a: Ferrothorn|Stealth Rock|p1a: Magnezone\n|-sidestart|p1: Looney Tounssss|move: Stealth Rock\n|\n|-heal|p1a: Magnezone|70\/100|[from] item: Leftovers\n|upkeep\n|turn|28\n|\n|t:|1659914626\n|move|p1a: Magnezone|Iron Defense|p1a: Magnezone\n|-boost|p1a: Magnezone|def|2\n|move|p2a: Ferrothorn|Leech Seed|p1a: Magnezone|[miss]\n|-miss|p2a: Ferrothorn|p1a: Magnezone\n|\n|-heal|p1a: Magnezone|76\/100|[from] item: Leftovers\n|-fieldend|move: Psychic Terrain\n|upkeep\n|turn|29\n|inactive|himynametay has 120 seconds left.\n|\n|t:|1659914672\n|move|p1a: Magnezone|Body Press|p2a: Ferrothorn\n|-supereffective|p2a: Ferrothorn\n|-crit|p2a: Ferrothorn\n|-damage|p2a: Ferrothorn|0 fnt\n|-damage|p1a: Magnezone|64\/100|[from] ability: Iron Barbs|[of] p2a: Ferrothorn\n|-damage|p1a: Magnezone|47\/100|[from] item: Rocky Helmet|[of] p2a: Ferrothorn\n|faint|p2a: Ferrothorn\n|\n|-heal|p1a: Magnezone|53\/100|[from] item: Leftovers\n|upkeep\n|\n|t:|1659914680\n|switch|p2a: Urshifu|Urshifu-Rapid-Strike, F|82\/100\n|turn|30\n|\n|t:|1659914685\n|move|p2a: Urshifu|Surging Strikes|p1a: Magnezone\n|-crit|p1a: Magnezone\n|-damage|p1a: Magnezone|35\/100\n|-crit|p1a: Magnezone\n|-damage|p1a: Magnezone|17\/100\n|-crit|p1a: Magnezone\n|-damage|p1a: Magnezone|0 fnt\n|faint|p1a: Magnezone\n|-hitcount|p1: Magnezone|3\n|\n|upkeep\n|\n|t:|1659914693\n|switch|p1a: Dragonite|Dragonite, M|78\/100\n|turn|31\n|\n|t:|1659914696\n|move|p2a: Urshifu|U-turn|p1a: Dragonite\n|-resisted|p1a: Dragonite\n|-damage|p1a: Dragonite|65\/100\n|\n|t:|1659914697\n|switch|p2a: Tornadus|Tornadus-Therian, M|86\/100|[from]move: U-turn\n|move|p1a: Dragonite|Dragon Dance|p1a: Dragonite\n|-boost|p1a: Dragonite|atk|1\n|-boost|p1a: Dragonite|spe|1\n|\n|upkeep\n|turn|32\n|\n|t:|1659914704\n|move|p2a: Tornadus|Icy Wind|p1a: Dragonite\n|-supereffective|p1a: Dragonite\n|-damage|p1a: Dragonite|18\/100\n|-unboost|p1a: Dragonite|spe|1\n|move|p1a: Dragonite|Dragon Dance|p1a: Dragonite\n|-boost|p1a: Dragonite|atk|1\n|-boost|p1a: Dragonite|spe|1\n|\n|upkeep\n|turn|33\n|\n|t:|1659914710\n|switch|p1a: Urshifu|Urshifu-Rapid-Strike, M|72\/100\n|-damage|p1a: Urshifu|66\/100|[from] Stealth Rock\n|move|p2a: Tornadus|Icy Wind|p1a: Urshifu\n|-resisted|p1a: Urshifu\n|-crit|p1a: Urshifu\n|-damage|p1a: Urshifu|49\/100\n|-unboost|p1a: Urshifu|spe|1\n|\n|upkeep\n|turn|34\n|\n|t:|1659914714\n|move|p2a: Tornadus|Hurricane|p1a: Urshifu|[miss]\n|-miss|p2a: Tornadus|p1a: Urshifu\n|move|p1a: Urshifu|Surging Strikes|p2a: Tornadus\n|-crit|p2a: Tornadus\n|-damage|p2a: Tornadus|65\/100\n|-crit|p2a: Tornadus\n|-damage|p2a: Tornadus|40\/100\n|-crit|p2a: Tornadus\n|-damage|p2a: Tornadus|17\/100\n|-hitcount|p2a: Tornadus|3\n|\n|upkeep\n|turn|35\n|\n|t:|1659914718\n|switch|p1a: Tyranitar|Tyranitar, M|38\/100\n|-damage|p1a: Tyranitar|25\/100|[from] Stealth Rock\n|-weather|Sandstorm|[from] ability: Sand Stream|[of] p1a: Tyranitar\n|move|p2a: Tornadus|U-turn|p1a: Tyranitar\n|-supereffective|p1a: Tyranitar\n|-damage|p1a: Tyranitar|0 fnt\n|faint|p1a: Tyranitar\n|\n|t:|1659914723\n|switch|p2a: Urshifu|Urshifu-Rapid-Strike, F|82\/100|[from]move: U-turn\n|\n|-weather|Sandstorm|[upkeep]\n|-damage|p2a: Urshifu|76\/100|[from] Sandstorm\n|upkeep\n|\n|t:|1659914727\n|switch|p1a: Urshifu|Urshifu-Rapid-Strike, M|49\/100\n|-damage|p1a: Urshifu|43\/100|[from] Stealth Rock\n|turn|36\n|\n|t:|1659914733\n|switch|p2a: Dragapult|Dragapult, F|89\/100 tox\n|move|p1a: Urshifu|Close Combat|p2a: Dragapult\n|-immune|p2a: Dragapult\n|\n|-weather|Sandstorm|[upkeep]\n|-damage|p1a: Urshifu|37\/100|[from] Sandstorm\n|-damage|p2a: Dragapult|83\/100 tox|[from] Sandstorm\n|-damage|p2a: Dragapult|77\/100 tox|[from] psn\n|upkeep\n|turn|37\n|\n|t:|1659914736\n|switch|p1a: Landorus|Landorus-Therian, M|76\/100 tox\n|-damage|p1a: Landorus|63\/100 tox|[from] Stealth Rock\n|-ability|p1a: Landorus|Intimidate|boost\n|-unboost|p2a: Dragapult|atk|1\n|move|p2a: Dragapult|Shadow Ball|p1a: Landorus\n|-damage|p1a: Landorus|7\/100 tox\n|\n|-weather|Sandstorm|[upkeep]\n|-damage|p2a: Dragapult|71\/100 tox|[from] Sandstorm\n|-heal|p1a: Landorus|13\/100 tox|[from] item: Leftovers\n|-damage|p2a: Dragapult|59\/100 tox|[from] psn\n|-damage|p1a: Landorus|7\/100 tox|[from] psn\n|upkeep\n|turn|38\n|\n|t:|1659914740\n|move|p2a: Dragapult|Shadow Ball|p1a: Landorus\n|-damage|p1a: Landorus|0 fnt\n|faint|p1a: Landorus\n|\n|-weather|Sandstorm|[upkeep]\n|-damage|p2a: Dragapult|53\/100 tox|[from] Sandstorm\n|-damage|p2a: Dragapult|35\/100 tox|[from] psn\n|upkeep\n|\n|t:|1659914744\n|switch|p1a: Urshifu|Urshifu-Rapid-Strike, M|37\/100\n|-damage|p1a: Urshifu|31\/100|[from] Stealth Rock\n|turn|39\n|\n|t:|1659914747\n|move|p1a: Urshifu|Surging Strikes|p2a: Dragapult\n|-resisted|p2a: Dragapult\n|-crit|p2a: Dragapult\n|-damage|p2a: Dragapult|20\/100 tox\n|-resisted|p2a: Dragapult\n|-crit|p2a: Dragapult\n|-damage|p2a: Dragapult|5\/100 tox\n|-resisted|p2a: Dragapult\n|-crit|p2a: Dragapult\n|-damage|p2a: Dragapult|0 fnt\n|faint|p2a: Dragapult\n|-hitcount|p2: Dragapult|3\n|\n|-weather|none\n|upkeep\n|\n|t:|1659914749\n|switch|p2a: Urshifu|Urshifu-Rapid-Strike, F|76\/100\n|turn|40\n|\n|t:|1659914751\n|switch|p1a: Dragonite|Dragonite, M|18\/100\n|move|p2a: Urshifu|Surging Strikes|p1a: Dragonite\n|-resisted|p1a: Dragonite\n|-crit|p1a: Dragonite\n|-damage|p1a: Dragonite|8\/100\n|-resisted|p1a: Dragonite\n|-crit|p1a: Dragonite\n|-damage|p1a: Dragonite|0 fnt\n|faint|p1a: Dragonite\n|-hitcount|p1: Dragonite|2\n|\n|upkeep\n|\n|t:|1659914753\n|switch|p1a: Urshifu|Urshifu-Rapid-Strike, M|31\/100\n|-damage|p1a: Urshifu|25\/100|[from] Stealth Rock\n|turn|41\n|\n|t:|1659914754\n|move|p1a: Urshifu|Surging Strikes|p2a: Urshifu\n|-resisted|p2a: Urshifu\n|-crit|p2a: Urshifu\n|-damage|p2a: Urshifu|64\/100\n|-resisted|p2a: Urshifu\n|-crit|p2a: Urshifu\n|-damage|p2a: Urshifu|54\/100\n|-resisted|p2a: Urshifu\n|-crit|p2a: Urshifu\n|-damage|p2a: Urshifu|44\/100\n|-hitcount|p2a: Urshifu|3\n|move|p2a: Urshifu|Surging Strikes|p1a: Urshifu\n|-resisted|p1a: Urshifu\n|-crit|p1a: Urshifu\n|-damage|p1a: Urshifu|13\/100\n|-resisted|p1a: Urshifu\n|-crit|p1a: Urshifu\n|-damage|p1a: Urshifu|3\/100\n|-resisted|p1a: Urshifu\n|-crit|p1a: Urshifu\n|-damage|p1a: Urshifu|0 fnt\n|faint|p1a: Urshifu\n|-hitcount|p1: Urshifu|3\n|\n|win|himynametay\n|raw|Looney Tounssss's rating: 1628 &rarr; <strong>1607<\/strong><br \/>(-21 for losing)\n|raw|himynametay's rating: 1610 &rarr; <strong>1631<\/strong><br \/>(+21 for winning)\n|l|\u2606Looney Tounssss\n||Ladder isn't responding, score probably updated but might not have (Request timeout).\n","uploadtime":1659914757,"views":12,"p1id":"looneytounssss","p2id":"himynametay","formatid":"gen8ou","rating":1607,"private":0,"password":null}