{"id":"gen8nationaldex-1687619495","p1":"MachPunch93","p2":"iopkj09","format":"gen8nationaldex","log":"|j|\u2606MachPunch93\n|j|\u2606iopkj09\n|t:|1665981631\n|gametype|singles\n|player|p1|MachPunch93|alder|1769\n|player|p2|iopkj09|nate|1871\n|teamsize|p1|6\n|teamsize|p2|6\n|gen|8\n|tier|[Gen 8] National Dex\n|rated|\n|rule|HP Percentage Mod: HP is shown in percentages\n|rule|Endless Battle Clause: Forcing endless battles is banned\n|rule|OHKO Clause: OHKO moves are banned\n|rule|Evasion Moves Clause: Evasion moves are banned\n|rule|Species Clause: Limit one of each Pok\u00e9mon\n|rule|Dynamax Clause: You cannot dynamax\n|rule|Sleep Clause Mod: Limit one foe put to sleep\n|clearpoke\n|poke|p1|Torkoal, M|\n|poke|p1|Charizard, M|\n|poke|p1|Landorus-Therian, M|\n|poke|p1|Zapdos-Galar|\n|poke|p1|Heatran, F|\n|poke|p1|Venusaur, M|\n|poke|p2|Kyurem|\n|poke|p2|Zapdos|\n|poke|p2|Mawile, F|\n|poke|p2|Garchomp, M|\n|poke|p2|Tapu Lele|\n|poke|p2|Melmetal|\n|teampreview\n|inactive|Battle timer is ON: inactive players will automatically lose when time's up. (requested by iopkj09)\n|j| onegai2br\n|\n|t:|1665981638\n|start\n|switch|p1a: Torkoal|Torkoal, M|100\/100\n|switch|p2a: Kyurem|Kyurem, shiny|100\/100\n|-ability|p2a: Kyurem|Pressure\n|-weather|SunnyDay|[from] ability: Drought|[of] p1a: Torkoal\n|turn|1\n|\n|t:|1665981648\n|move|p2a: Kyurem|Earth Power|p1a: Torkoal\n|-supereffective|p1a: Torkoal\n|-damage|p1a: Torkoal|46\/100\n|move|p1a: Torkoal|Stealth Rock|p2a: Kyurem\n|-sidestart|p2: iopkj09|move: Stealth Rock\n|\n|-weather|SunnyDay|[upkeep]\n|upkeep\n|turn|2\n|\n|t:|1665981656\n|switch|p1a: Charizard|Charizard, M|100\/100\n|move|p2a: Kyurem|Earth Power|p1a: Charizard\n|-immune|p1a: Charizard\n|\n|-weather|SunnyDay|[upkeep]\n|upkeep\n|turn|3\n|\n|t:|1665981664\n|detailschange|p1a: Charizard|Charizard-Mega-X, M\n|-mega|p1a: Charizard|Charizard|Charizardite X\n|move|p1a: Charizard|Dragon Dance|p1a: Charizard\n|-boost|p1a: Charizard|atk|1\n|-boost|p1a: Charizard|spe|1\n|move|p2a: Kyurem|Freeze-Dry|p1a: Charizard\n|-damage|p1a: Charizard|51\/100\n|\n|-weather|SunnyDay|[upkeep]\n|upkeep\n|turn|4\n|\n|t:|1665981676\n|move|p1a: Charizard|Flare Blitz|p2a: Kyurem\n|-damage|p2a: Kyurem|0 fnt\n|faint|p2a: Kyurem\n|-damage|p1a: Charizard|0 fnt|[from] Recoil\n|faint|p1a: Charizard\n|\n|-weather|SunnyDay|[upkeep]\n|upkeep\n|l| onegai2br\n|\n|t:|1665981685\n|switch|p1a: Heatran|Heatran, F|100\/100\n|switch|p2a: Zapdos|Zapdos, shiny|100\/100\n|-damage|p2a: Zapdos|76\/100|[from] Stealth Rock\n|-item|p1a: Heatran|Air Balloon\n|turn|5\n|\n|t:|1665981692\n|move|p2a: Zapdos|Thunderbolt|p1a: Heatran\n|-damage|p1a: Heatran|57\/100\n|-enditem|p1a: Heatran|Air Balloon\n|move|p1a: Heatran|Magma Storm|p2a: Zapdos\n|-damage|p2a: Zapdos|0 fnt\n|faint|p2a: Zapdos\n|\n|-weather|SunnyDay|[upkeep]\n|upkeep\n|\n|t:|1665981701\n|switch|p2a: Tapu Lele|Tapu Lele|100\/100\n|-damage|p2a: Tapu Lele|88\/100|[from] Stealth Rock\n|-fieldstart|move: Psychic Terrain|[from] ability: Psychic Surge|[of] p2a: Tapu Lele\n|turn|6\n|\n|t:|1665981708\n|move|p2a: Tapu Lele|Psychic|p1a: Heatran\n|-resisted|p1a: Heatran\n|-damage|p1a: Heatran|10\/100\n|move|p1a: Heatran|Flash Cannon|p2a: Tapu Lele\n|-supereffective|p2a: Tapu Lele\n|-damage|p2a: Tapu Lele|0 fnt\n|faint|p2a: Tapu Lele\n|\n|-weather|SunnyDay|[upkeep]\n|upkeep\n|\n|t:|1665981716\n|switch|p2a: Garchomp|Garchomp, M, shiny|100\/100\n|-damage|p2a: Garchomp|94\/100|[from] Stealth Rock\n|turn|7\n|\n|t:|1665981721\n|move|p2a: Garchomp|Earthquake|p1a: Heatran\n|-supereffective|p1a: Heatran\n|-damage|p1a: Heatran|0 fnt\n|faint|p1a: Heatran\n|\n|-weather|SunnyDay|[upkeep]\n|upkeep\n|\n|t:|1665981729\n|switch|p1a: Landorus|Landorus-Therian, M|100\/100\n|-ability|p1a: Landorus|Intimidate|boost\n|-unboost|p2a: Garchomp|atk|1\n|turn|8\n|\n|t:|1665981735\n|switch|p2a: Melmetal|Melmetal, shiny|100\/100\n|-damage|p2a: Melmetal|94\/100|[from] Stealth Rock\n|move|p1a: Landorus|Earthquake|p2a: Melmetal\n|-supereffective|p2a: Melmetal\n|-damage|p2a: Melmetal|36\/100\n|\n|-weather|none\n|upkeep\n|turn|9\n|\n|t:|1665981746\n|move|p1a: Landorus|Earthquake|p2a: Melmetal\n|-supereffective|p2a: Melmetal\n|-damage|p2a: Melmetal|0 fnt\n|faint|p2a: Melmetal\n|\n|upkeep\n|\n|t:|1665981747\n|switch|p2a: Mawile|Mawile, F|100\/100\n|-damage|p2a: Mawile|94\/100|[from] Stealth Rock\n|-ability|p2a: Mawile|Intimidate|boost\n|-unboost|p1a: Landorus|atk|1\n|turn|10\n|\n|t:|1665981762\n|switch|p1a: Zapdos|Zapdos-Galar|100\/100\n|detailschange|p2a: Mawile|Mawile-Mega, F\n|-mega|p2a: Mawile|Mawile|Mawilite\n|move|p2a: Mawile|Knock Off|p1a: Zapdos\n|-resisted|p1a: Zapdos\n|-damage|p1a: Zapdos|77\/100\n|\n|-fieldend|move: Psychic Terrain\n|upkeep\n|turn|11\n|\n|t:|1665981772\n|switch|p2a: Garchomp|Garchomp, M, shiny|94\/100\n|-damage|p2a: Garchomp|88\/100|[from] Stealth Rock\n|move|p1a: Zapdos|Blaze Kick|p2a: Garchomp\n|-resisted|p2a: Garchomp\n|-damage|p2a: Garchomp|73\/100\n|-status|p2a: Garchomp|brn\n|-damage|p1a: Zapdos|65\/100|[from] ability: Rough Skin|[of] p2a: Garchomp\n|\n|-damage|p2a: Garchomp|67\/100 brn|[from] brn\n|upkeep\n|turn|12\n|-message|iopkj09 forfeited.\n|\n|win|MachPunch93\n|raw|MachPunch93's rating: 1769 &rarr; <strong>1795<\/strong><br \/>(+26 for winning)\n|raw|iopkj09's rating: 1871 &rarr; <strong>1845<\/strong><br \/>(-26 for losing)\n|l|\u2606iopkj09\n","uploadtime":1665981795,"views":27,"p1id":"machpunch93","p2id":"iopkj09","formatid":"gen8nationaldex","rating":1795,"private":0,"password":null}