{"id":"gen8bdspou-1457065776","p1":"BeastyJ157","p2":"Nultiprise","format":"gen8bdspou","log":"|j|\u2606BeastyJ157\n|j|\u2606Nultiprise\n|t:|1637319747\n|gametype|singles\n|player|p1|BeastyJ157|acetrainer-gen4|1106\n|player|p2|Nultiprise|bugsy|1203\n|teamsize|p1|6\n|teamsize|p2|6\n|gen|8\n|tier|[Gen 8 BDSP] OU\n|rated|\n|rule|Sleep Clause Mod: Limit one foe put to sleep\n|rule|Species Clause: Limit one of each Pok\u00e9mon\n|rule|OHKO Clause: OHKO moves are banned\n|rule|Evasion Moves Clause: Evasion moves are banned\n|rule|Endless Battle Clause: Forcing endless battles is banned\n|rule|HP Percentage Mod: HP is shown in percentages\n|clearpoke\n|poke|p1|Pelipper, F|\n|poke|p1|Manaphy|\n|poke|p1|Kingdra, F|\n|poke|p1|Scizor, M|\n|poke|p1|Zapdos|\n|poke|p1|Mamoswine, M|\n|poke|p2|Skarmory, M|\n|poke|p2|Blissey, F|\n|poke|p2|Tangrowth, F|\n|poke|p2|Gliscor, F|\n|poke|p2|Slowbro, F|\n|poke|p2|Quagsire, F|\n|teampreview\n|inactive|Battle timer is ON: inactive players will automatically lose when time's up. (requested by BeastyJ157)\n|c|\u2606BeastyJ157|stall new meta sad\n|\n|t:|1637319767\n|start\n|switch|p1a: glorpaporp|Pelipper, F|100\/100\n|switch|p2a: Slowbro|Slowbro, F|100\/100\n|-weather|RainDance|[from] ability: Drizzle|[of] p1a: glorpaporp\n|turn|1\n|\n|t:|1637319770\n|move|p1a: glorpaporp|U-turn|p2a: Slowbro\n|-supereffective|p2a: Slowbro\n|-damage|p2a: Slowbro|91\/100\n|\n|t:|1637319773\n|switch|p1a: zoinkerpoinger|Zapdos|100\/100|[from]move: U-turn\n|move|p2a: Slowbro|Calm Mind|p2a: Slowbro\n|-boost|p2a: Slowbro|spa|1\n|-boost|p2a: Slowbro|spd|1\n|\n|-weather|RainDance|[upkeep]\n|-heal|p2a: Slowbro|97\/100|[from] item: Leftovers\n|upkeep\n|turn|2\n|inactive|Nultiprise has 120 seconds left.\n|\n|t:|1637319804\n|switch|p2a: Gliscor|Gliscor, F|100\/100\n|move|p1a: zoinkerpoinger|U-turn|p2a: Gliscor\n|-resisted|p2a: Gliscor\n|-damage|p2a: Gliscor|95\/100\n|\n|t:|1637319808\n|switch|p1a: blimblebumpy|Manaphy|100\/100|[from]move: U-turn\n|\n|-weather|RainDance|[upkeep]\n|-status|p2a: Gliscor|tox|[from] item: Toxic Orb\n|upkeep\n|turn|3\n|\n|t:|1637319817\n|move|p2a: Gliscor|Taunt|p1a: blimblebumpy\n|-start|p1a: blimblebumpy|move: Taunt\n|cant|p1a: blimblebumpy|move: Taunt|Tail Glow\n|\n|-weather|RainDance|[upkeep]\n|-heal|p2a: Gliscor|100\/100 tox|[from] ability: Poison Heal\n|upkeep\n|turn|4\n|\n|t:|1637319822\n|switch|p2a: Blissey|Blissey, F|100\/100\n|move|p1a: blimblebumpy|Surf|p2a: Blissey\n|-damage|p2a: Blissey|77\/100\n|\n|-weather|RainDance|[upkeep]\n|-heal|p2a: Blissey|83\/100|[from] item: Leftovers\n|upkeep\n|turn|5\n|\n|t:|1637319829\n|move|p1a: blimblebumpy|Surf|p2a: Blissey\n|-damage|p2a: Blissey|58\/100\n|move|p2a: Blissey|Stealth Rock|p1a: blimblebumpy\n|-sidestart|p1: BeastyJ157|move: Stealth Rock\n|\n|-weather|RainDance|[upkeep]\n|-heal|p2a: Blissey|64\/100|[from] item: Leftovers\n|-end|p1a: blimblebumpy|move: Taunt\n|upkeep\n|turn|6\n|\n|t:|1637319835\n|move|p1a: blimblebumpy|Tail Glow|p1a: blimblebumpy\n|-boost|p1a: blimblebumpy|spa|3\n|move|p2a: Blissey|Soft-Boiled|p2a: Blissey\n|-heal|p2a: Blissey|100\/100\n|\n|-weather|RainDance|[upkeep]\n|upkeep\n|turn|7\n|\n|t:|1637319838\n|move|p1a: blimblebumpy|Tail Glow|p1a: blimblebumpy\n|-boost|p1a: blimblebumpy|spa|3\n|move|p2a: Blissey|Seismic Toss|p1a: blimblebumpy\n|-damage|p1a: blimblebumpy|76\/100\n|\n|-weather|RainDance|[upkeep]\n|upkeep\n|turn|8\n|\n|t:|1637319840\n|move|p1a: blimblebumpy|Surf|p2a: Blissey\n|-damage|p2a: Blissey|0 fnt\n|faint|p2a: Blissey\n|\n|-weather|none\n|upkeep\n|\n|t:|1637319844\n|switch|p2a: Quagsire|Quagsire, F|100\/100\n|turn|9\n|c|\u2606BeastyJ157|dang\n|\n|t:|1637319847\n|move|p1a: blimblebumpy|Surf|p2a: Quagsire\n|-damage|p2a: Quagsire|45\/100\n|move|p2a: Quagsire|Earthquake|p1a: blimblebumpy\n|-damage|p1a: blimblebumpy|50\/100\n|\n|-heal|p2a: Quagsire|52\/100|[from] item: Leftovers\n|upkeep\n|turn|10\n|\n|t:|1637319850\n|move|p1a: blimblebumpy|Surf|p2a: Quagsire\n|-damage|p2a: Quagsire|0 fnt\n|faint|p2a: Quagsire\n|\n|upkeep\n|c|\u2606Nultiprise|gg\n|-message|Nultiprise forfeited.\n|\n|win|BeastyJ157\n|raw|BeastyJ157's rating: 1106 &rarr; <strong>1138<\/strong><br \/>(+32 for winning)\n|raw|Nultiprise's rating: 1203 &rarr; <strong>1171<\/strong><br \/>(-32 for losing)\n|l|\u2606Nultiprise\n|c|\u2606BeastyJ157|this mon\n","uploadtime":1637319863,"views":11,"p1id":"beastyj157","p2id":"nultiprise","formatid":"gen8bdspou","rating":1138,"private":0,"password":null}