{"id":"gen8ru-1317293756","p1":"Zanzibar1293","p2":"mongwong","format":"gen8ru","log":"|j|\u2606Zanzibar1293\n|j|\u2606mongwong\n|t:|1617849704\n|gametype|singles\n|player|p1|Zanzibar1293|riley|1121\n|player|p2|mongwong|silver|1247\n|teamsize|p1|6\n|teamsize|p2|6\n|gen|8\n|tier|[Gen 8] RU\n|rated|\n|clearpoke\n|poke|p1|Ninjask, F|\n|poke|p1|Salazzle, F|\n|poke|p1|Sharpedo, F|\n|poke|p1|Snorlax, M|\n|poke|p1|Darmanitan, M|\n|poke|p1|Steelix, M|\n|poke|p2|Inteleon, F|\n|poke|p2|Cloyster, M|\n|poke|p2|Incineroar, F|\n|poke|p2|Togekiss, M|\n|poke|p2|Durant, M|\n|poke|p2|Golbat, M|\n|rule|Sleep Clause Mod: Limit one foe put to sleep\n|rule|Species Clause: Limit one of each Pok\u00e9mon\n|rule|OHKO Clause: OHKO moves are banned\n|rule|Evasion Moves Clause: Evasion moves are banned\n|rule|Endless Battle Clause: Forcing endless battles is banned\n|rule|HP Percentage Mod: HP is shown in percentages\n|rule|Dynamax Clause: You cannot dynamax\n|teampreview\n|inactive|Battle timer is ON: inactive players will automatically lose when time's up. (requested by Zanzibar1293)\n|inactive|mongwong has 120 seconds left.\n|\n|t:|1617849737\n|start\n|switch|p1a: Sharpedo|Sharpedo, F|100\/100\n|switch|p2a: Togekiss|Togekiss, M|100\/100\n|turn|1\n|\n|t:|1617849749\n|move|p2a: Togekiss|Dazzling Gleam|p1a: Sharpedo\n|-supereffective|p1a: Sharpedo\n|-enditem|p1a: Sharpedo|Focus Sash\n|-damage|p1a: Sharpedo|1\/100\n|move|p1a: Sharpedo|Poison Jab|p2a: Togekiss\n|-supereffective|p2a: Togekiss\n|-damage|p2a: Togekiss|30\/100\n|\n|-ability|p1a: Sharpedo|Speed Boost|boost\n|-boost|p1a: Sharpedo|spe|1\n|upkeep\n|turn|2\n|\n|t:|1617849762\n|switch|p2a: Durant|Durant, M|100\/100\n|move|p1a: Sharpedo|Protect||[still]\n|-fail|p1a: Sharpedo\n|\n|-ability|p1a: Sharpedo|Speed Boost|boost\n|-boost|p1a: Sharpedo|spe|1\n|upkeep\n|turn|3\n|inactive|mongwong has 120 seconds left.\n|inactive|mongwong has 90 seconds left.\n|inactive|mongwong has 60 seconds left.\n|\n|t:|1617849869\n|move|p2a: Durant|First Impression|p1a: Sharpedo\n|-supereffective|p1a: Sharpedo\n|-damage|p1a: Sharpedo|0 fnt\n|-damage|p2a: Durant|91\/100|[from] item: Life Orb\n|faint|p1a: Sharpedo\n|\n|upkeep\n|\n|t:|1617849881\n|switch|p1a: Darmanitan|Darmanitan, M|100\/100\n|turn|4\n|\n|t:|1617849899\n|switch|p2a: Golbat|Golbat, M|100\/100\n|move|p1a: Darmanitan|Flare Blitz|p2a: Golbat\n|-damage|p2a: Golbat|27\/100\n|-damage|p1a: Darmanitan|76\/100|[from] Recoil\n|\n|upkeep\n|turn|5\n|\n|t:|1617849909\n|move|p1a: Darmanitan|Flare Blitz|p2a: Golbat\n|-damage|p2a: Golbat|0 fnt\n|-damage|p1a: Darmanitan|67\/100|[from] Recoil\n|faint|p2a: Golbat\n|\n|upkeep\n|\n|t:|1617849915\n|switch|p2a: Cloyster|Cloyster, M|100\/100\n|turn|6\n|\n|t:|1617849918\n|move|p1a: Darmanitan|Flare Blitz|p2a: Cloyster\n|-damage|p2a: Cloyster|23\/100\n|-damage|p1a: Darmanitan|50\/100|[from] Recoil\n|move|p2a: Cloyster|Shell Smash|p2a: Cloyster\n|-unboost|p2a: Cloyster|def|1\n|-unboost|p2a: Cloyster|spd|1\n|-boost|p2a: Cloyster|atk|2\n|-boost|p2a: Cloyster|spa|2\n|-boost|p2a: Cloyster|spe|2\n|\n|upkeep\n|turn|7\n|\n|t:|1617849923\n|move|p2a: Cloyster|Icicle Spear|p1a: Darmanitan\n|-resisted|p1a: Darmanitan\n|-damage|p1a: Darmanitan|32\/100\n|-resisted|p1a: Darmanitan\n|-damage|p1a: Darmanitan|14\/100\n|-resisted|p1a: Darmanitan\n|-damage|p1a: Darmanitan|0 fnt\n|-hitcount|p1a: Darmanitan|3\n|faint|p1a: Darmanitan\n|\n|upkeep\n|\n|t:|1617849940\n|switch|p1a: Steelix|Steelix, M|100\/100\n|turn|8\n|\n|t:|1617849956\n|move|p2a: Cloyster|Icicle Spear|p1a: Steelix\n|-damage|p1a: Steelix|91\/100\n|-damage|p1a: Steelix|82\/100\n|-damage|p1a: Steelix|71\/100\n|-damage|p1a: Steelix|62\/100\n|-damage|p1a: Steelix|52\/100\n|-hitcount|p1a: Steelix|5\n|move|p1a: Steelix|Gyro Ball|p2a: Cloyster\n|-damage|p2a: Cloyster|0 fnt\n|faint|p2a: Cloyster\n|\n|-heal|p1a: Steelix|59\/100|[from] item: Leftovers\n|upkeep\n|\n|t:|1617849961\n|switch|p2a: Inteleon|Inteleon, F|100\/100\n|turn|9\n|\n|t:|1617849966\n|switch|p1a: Snorlax|Snorlax, M|100\/100\n|move|p2a: Inteleon|Focus Energy|p2a: Inteleon\n|-start|p2a: Inteleon|move: Focus Energy\n|\n|upkeep\n|turn|10\n|\n|t:|1617849969\n|move|p2a: Inteleon|Snipe Shot|p1a: Snorlax\n|-crit|p1a: Snorlax\n|-damage|p1a: Snorlax|44\/100\n|move|p1a: Snorlax|Thunder|p2a: Inteleon\n|-supereffective|p2a: Inteleon\n|-damage|p2a: Inteleon|0 fnt\n|faint|p2a: Inteleon\n|\n|upkeep\n|\n|t:|1617849974\n|switch|p2a: Durant|Durant, M|91\/100\n|turn|11\n|\n|t:|1617849984\n|switch|p1a: Ninjask|Ninjask, F|100\/100\n|move|p2a: Durant|Hone Claws|p2a: Durant\n|-boost|p2a: Durant|atk|1\n|-boost|p2a: Durant|accuracy|1\n|\n|upkeep\n|turn|12\n|\n|t:|1617849989\n|move|p1a: Ninjask|Substitute|p1a: Ninjask\n|-start|p1a: Ninjask|Substitute\n|-damage|p1a: Ninjask|76\/100\n|move|p2a: Durant|Stone Edge|p1a: Ninjask\n|-supereffective|p1a: Ninjask\n|-end|p1a: Ninjask|Substitute\n|-damage|p2a: Durant|81\/100|[from] item: Life Orb\n|\n|-ability|p1a: Ninjask|Speed Boost|boost\n|-boost|p1a: Ninjask|spe|1\n|upkeep\n|turn|13\n|\n|t:|1617850014\n|move|p1a: Ninjask|Dual Wingbeat|p2a: Durant|[miss]\n|-miss|p1a: Ninjask|p2a: Durant\n|move|p2a: Durant|Iron Head|p1a: Ninjask\n|-damage|p1a: Ninjask|0 fnt\n|-damage|p2a: Durant|71\/100|[from] item: Life Orb\n|faint|p1a: Ninjask\n|\n|upkeep\n|\n|t:|1617850028\n|switch|p1a: Salazzle|Salazzle, F|100\/100\n|turn|14\n|\n|t:|1617850035\n|switch|p2a: Incineroar|Incineroar, F|100\/100\n|-ability|p2a: Incineroar|Intimidate|boost\n|-unboost|p1a: Salazzle|atk|1\n|move|p1a: Salazzle|Flamethrower|p2a: Incineroar\n|-resisted|p2a: Incineroar\n|-damage|p2a: Incineroar|83\/100\n|-damage|p1a: Salazzle|91\/100|[from] item: Life Orb\n|\n|upkeep\n|turn|15\n|\n|t:|1617850043\n|move|p1a: Salazzle|Sludge Wave|p2a: Incineroar\n|-damage|p2a: Incineroar|44\/100\n|-damage|p1a: Salazzle|81\/100|[from] item: Life Orb\n|move|p2a: Incineroar|Parting Shot|p1a: Salazzle\n|-unboost|p1a: Salazzle|atk|1\n|-unboost|p1a: Salazzle|spa|1\n|inactive|mongwong has 120 seconds left.\n|\n|t:|1617850080\n|switch|p2a: Togekiss|Togekiss, M|30\/100|[from]move: Parting Shot\n|\n|upkeep\n|turn|16\n|\n|t:|1617850085\n|move|p2a: Togekiss|Air Slash|p1a: Salazzle\n|-damage|p1a: Salazzle|12\/100\n|cant|p1a: Salazzle|flinch\n|\n|upkeep\n|turn|17\n|inactive|mongwong has 120 seconds left.\n|inactive|mongwong has 90 seconds left.\n|inactive|mongwong has 60 seconds left.\n|\n|t:|1617850184\n|switch|p1a: Steelix|Steelix, M|59\/100\n|move|p2a: Togekiss|Air Slash|p1a: Steelix\n|-resisted|p1a: Steelix\n|-damage|p1a: Steelix|31\/100\n|\n|-heal|p1a: Steelix|38\/100|[from] item: Leftovers\n|upkeep\n|turn|18\n|\n|t:|1617850211\n|move|p2a: Togekiss|Air Slash|p1a: Steelix\n|-resisted|p1a: Steelix\n|-damage|p1a: Steelix|13\/100\n|cant|p1a: Steelix|flinch\n|\n|-heal|p1a: Steelix|19\/100|[from] item: Leftovers\n|upkeep\n|turn|19\n|\n|t:|1617850224\n|move|p2a: Togekiss|Air Slash|p1a: Steelix\n|-resisted|p1a: Steelix\n|-damage|p1a: Steelix|0 fnt\n|faint|p1a: Steelix\n|\n|upkeep\n|\n|t:|1617850227\n|switch|p1a: Snorlax|Snorlax, M|44\/100\n|turn|20\n|inactive|mongwong has 60 seconds left.\n|\n|t:|1617850241\n|move|p2a: Togekiss|Air Slash|p1a: Snorlax\n|-damage|p1a: Snorlax|21\/100\n|cant|p1a: Snorlax|flinch\n|\n|upkeep\n|turn|21\n|\n|t:|1617850245\n|move|p2a: Togekiss|Air Slash|p1a: Snorlax\n|-damage|p1a: Snorlax|0 fnt\n|faint|p1a: Snorlax\n|\n|upkeep\n|\n|t:|1617850248\n|switch|p1a: Salazzle|Salazzle, F|12\/100\n|turn|22\n|inactive|mongwong has 60 seconds left.\n|\n|t:|1617850272\n|move|p2a: Togekiss|Air Slash|p1a: Salazzle\n|-damage|p1a: Salazzle|0 fnt\n|faint|p1a: Salazzle\n|\n|win|mongwong\n|raw|Zanzibar1293's rating: 1121 &rarr; <strong>1105<\/strong><br \/>(-16 for losing)\n|raw|mongwong's rating: 1247 &rarr; <strong>1263<\/strong><br \/>(+16 for winning)\n|l|\u2606mongwong\n|l|\u2606Zanzibar1293\n|j|\u2606Zanzibar1293\n|player|p1|Zanzibar1293|riley\n","uploadtime":1617850364,"views":4,"p1id":"zanzibar1293","p2id":"mongwong","formatid":"gen8ru","rating":1105,"private":0,"password":null}