{"id":"gen8ou-1694604254","p1":"JanErik90","p2":"Kwaga","format":"gen8ou","log":"|html|<div class=\"broadcast-blue\"><strong>[Gen 8] OU is currently suspecting Melmetal! For information on how to participate check out the <a href=\"https:\/\/www.smogon.com\/forums\/threads\/np-ss-ou-suspect-process-round-12-monster-mash.3709234\/\">suspect thread<\/a>.<\/strong><\/div>\n|j|\u2606JanErik90\n|j|\u2606Kwaga\n|t:|1666717428\n|gametype|singles\n|player|p1|JanErik90|169|1675\n|player|p2|Kwaga|brock-gen1rb|1728\n|teamsize|p1|6\n|teamsize|p2|6\n|gen|8\n|tier|[Gen 8] OU\n|rated|\n|rule|Sleep Clause Mod: Limit one foe put to sleep\n|rule|Species Clause: Limit one of each Pok\u00e9mon\n|rule|OHKO Clause: OHKO moves are banned\n|rule|Evasion Items Clause: Evasion items are banned\n|rule|Evasion Moves Clause: Evasion moves are banned\n|rule|Endless Battle Clause: Forcing endless battles is banned\n|rule|HP Percentage Mod: HP is shown in percentages\n|rule|Dynamax Clause: You cannot dynamax\n|clearpoke\n|poke|p1|Excadrill, M|\n|poke|p1|Ferrothorn, F|\n|poke|p1|Reuniclus, F|\n|poke|p1|Skarmory, F|\n|poke|p1|Toxapex, F|\n|poke|p1|Tyranitar, F|\n|poke|p2|Weavile, M|\n|poke|p2|Dragapult, M|\n|poke|p2|Volcarona, F|\n|poke|p2|Volcanion|\n|poke|p2|Garchomp, M|\n|poke|p2|Corviknight, M|\n|teampreview\n|inactive|Battle timer is ON: inactive players will automatically lose when time's up. (requested by JanErik90)\n|inactive|JanErik90 has 120 seconds left.\n|\n|t:|1666717461\n|start\n|switch|p1a: Skarmory|Skarmory, F|100\/100\n|switch|p2a: Volcanion|Volcanion|100\/100\n|turn|1\n|\n|t:|1666717473\n|switch|p1a: Toxapex|Toxapex, F|100\/100\n|move|p2a: Volcanion|Steam Eruption|p1a: Toxapex\n|-resisted|p1a: Toxapex\n|-damage|p1a: Toxapex|73\/100\n|\n|-heal|p1a: Toxapex|79\/100|[from] item: Black Sludge\n|upkeep\n|turn|2\n|\n|t:|1666717483\n|move|p2a: Volcanion|Fire Spin|p1a: Toxapex\n|-resisted|p1a: Toxapex\n|-damage|p1a: Toxapex|71\/100\n|-activate|p1a: Toxapex|move: Fire Spin|[of] p2a: Volcanion\n|move|p1a: Toxapex|Knock Off|p2a: Volcanion\n|-damage|p2a: Volcanion|84\/100\n|-enditem|p2a: Volcanion|Heavy-Duty Boots|[from] move: Knock Off|[of] p1a: Toxapex\n|\n|-heal|p1a: Toxapex|77\/100|[from] item: Black Sludge\n|-damage|p1a: Toxapex|64\/100|[from] move: Fire Spin|[partiallytrapped]\n|upkeep\n|turn|3\n|\n|t:|1666717494\n|move|p2a: Volcanion|Earth Power|p1a: Toxapex\n|-supereffective|p1a: Toxapex\n|-damage|p1a: Toxapex|6\/100\n|-unboost|p1a: Toxapex|spd|1\n|move|p1a: Toxapex|Toxic|p2a: Volcanion\n|-status|p2a: Volcanion|tox\n|\n|-heal|p1a: Toxapex|13\/100|[from] item: Black Sludge\n|-damage|p2a: Volcanion|78\/100 tox|[from] psn\n|-damage|p1a: Toxapex|0 fnt|[from] move: Fire Spin|[partiallytrapped]\n|faint|p1a: Toxapex\n|upkeep\n|\n|t:|1666717516\n|switch|p1a: Excadrill|Excadrill, M|100\/100\n|turn|4\n|j| 0zorcNecropHADES\n|\n|t:|1666717524\n|switch|p1a: Ferrothorn|Ferrothorn, F|100\/100\n|switch|p2a: Corviknight|Corviknight, M|100\/100\n|-ability|p2a: Corviknight|Pressure\n|\n|upkeep\n|turn|5\n|j| OxidationReduction\n|l| OxidationReduction\n|\n|t:|1666717537\n|move|p2a: Corviknight|Substitute|p2a: Corviknight\n|-start|p2a: Corviknight|Substitute\n|-damage|p2a: Corviknight|76\/100\n|move|p1a: Ferrothorn|Stealth Rock|p2a: Corviknight\n|-sidestart|p2: Kwaga|move: Stealth Rock\n|\n|-heal|p2a: Corviknight|82\/100|[from] item: Leftovers\n|upkeep\n|turn|6\n|\n|t:|1666717553\n|switch|p1a: Reuniclus|Reuniclus, F|100\/100\n|move|p2a: Corviknight|Bulk Up|p2a: Corviknight\n|-boost|p2a: Corviknight|atk|1\n|-boost|p2a: Corviknight|def|1\n|\n|-heal|p2a: Corviknight|88\/100|[from] item: Leftovers\n|upkeep\n|turn|7\n|\n|t:|1666717564\n|switch|p2a: Dragapult|Dragapult, M|100\/100\n|-damage|p2a: Dragapult|88\/100|[from] Stealth Rock\n|move|p1a: Reuniclus|Night Shade|p2a: Dragapult\n|-damage|p2a: Dragapult|57\/100\n|\n|upkeep\n|turn|8\n|\n|t:|1666717572\n|switch|p1a: Tyranitar|Tyranitar, F|100\/100\n|-weather|Sandstorm|[from] ability: Sand Stream|[of] p1a: Tyranitar\n|move|p2a: Dragapult|U-turn|p1a: Tyranitar\n|-supereffective|p1a: Tyranitar\n|-damage|p1a: Tyranitar|75\/100\n|\n|t:|1666717577\n|switch|p2a: Garchomp|Garchomp, M|100\/100|[from]move: U-turn\n|-damage|p2a: Garchomp|94\/100|[from] Stealth Rock\n|\n|-weather|Sandstorm|[upkeep]\n|-heal|p2a: Garchomp|100\/100|[from] item: Leftovers\n|-heal|p1a: Tyranitar|82\/100|[from] item: Leftovers\n|upkeep\n|turn|9\n|\n|t:|1666717584\n|switch|p1a: Skarmory|Skarmory, F|100\/100\n|move|p2a: Garchomp|Earthquake|p1a: Skarmory\n|-immune|p1a: Skarmory\n|\n|-weather|Sandstorm|[upkeep]\n|upkeep\n|turn|10\n|\n|t:|1666717596\n|switch|p2a: Volcanion|Volcanion|78\/100 tox\n|-damage|p2a: Volcanion|53\/100 tox|[from] Stealth Rock\n|move|p1a: Skarmory|Spikes|p2a: Volcanion\n|-sidestart|p2: Kwaga|Spikes\n|\n|-weather|Sandstorm|[upkeep]\n|-damage|p2a: Volcanion|47\/100 tox|[from] Sandstorm\n|-damage|p2a: Volcanion|41\/100 tox|[from] psn\n|upkeep\n|turn|11\n|\n|t:|1666717609\n|switch|p1a: Reuniclus|Reuniclus, F|100\/100\n|move|p2a: Volcanion|Defog|p1a: Reuniclus\n|-unboost|p1a: Reuniclus|evasion|1\n|-sideend|p2: Kwaga|Spikes|[from] move: Defog|[of] p2a: Volcanion\n|-sideend|p2: Kwaga|Stealth Rock|[from] move: Defog|[of] p2a: Volcanion\n|\n|-weather|Sandstorm|[upkeep]\n|-damage|p2a: Volcanion|35\/100 tox|[from] Sandstorm\n|-damage|p2a: Volcanion|23\/100 tox|[from] psn\n|upkeep\n|turn|12\n|j| MiniLarry\n|\n|t:|1666717620\n|switch|p2a: Weavile|Weavile, M|100\/100\n|-ability|p2a: Weavile|Pressure\n|move|p1a: Reuniclus|Knock Off|p2a: Weavile\n|-resisted|p2a: Weavile\n|-damage|p2a: Weavile|87\/100\n|-enditem|p2a: Weavile|Choice Band|[from] move: Knock Off|[of] p1a: Reuniclus\n|\n|-weather|none\n|upkeep\n|turn|13\n|\n|t:|1666717641\n|switch|p1a: Skarmory|Skarmory, F|100\/100\n|move|p2a: Weavile|Knock Off|p1a: Skarmory\n|-damage|p1a: Skarmory|71\/100\n|-damage|p2a: Weavile|70\/100|[from] item: Rocky Helmet|[of] p1a: Skarmory\n|-enditem|p1a: Skarmory|Rocky Helmet|[from] move: Knock Off|[of] p2a: Weavile\n|\n|upkeep\n|turn|14\n|\n|t:|1666717658\n|move|p2a: Weavile|Triple Axel|p1a: Skarmory\n|-damage|p1a: Skarmory|65\/100\n|-damage|p1a: Skarmory|51\/100\n|-damage|p1a: Skarmory|32\/100\n|-hitcount|p1a: Skarmory|3\n|move|p1a: Skarmory|Roost|p1a: Skarmory\n|-heal|p1a: Skarmory|82\/100\n|-singleturn|p1a: Skarmory|move: Roost\n|\n|upkeep\n|turn|15\n|\n|t:|1666717667\n|switch|p2a: Volcanion|Volcanion|23\/100 tox\n|move|p1a: Skarmory|Spikes|p2a: Volcanion\n|-sidestart|p2: Kwaga|Spikes\n|\n|-damage|p2a: Volcanion|17\/100 tox|[from] psn\n|upkeep\n|turn|16\n|\n|t:|1666717673\n|switch|p1a: Reuniclus|Reuniclus, F|100\/100\n|move|p2a: Volcanion|Defog|p1a: Reuniclus\n|-unboost|p1a: Reuniclus|evasion|1\n|-sideend|p2: Kwaga|Spikes|[from] move: Defog|[of] p2a: Volcanion\n|\n|-damage|p2a: Volcanion|5\/100 tox|[from] psn\n|upkeep\n|turn|17\n|inactive|JanErik90 has 120 seconds left.\n|\n|t:|1666717699\n|move|p2a: Volcanion|Steam Eruption|p1a: Reuniclus\n|-damage|p1a: Reuniclus|56\/100\n|move|p1a: Reuniclus|Night Shade|p2a: Volcanion\n|-damage|p2a: Volcanion|0 fnt\n|faint|p2a: Volcanion\n|\n|-heal|p1a: Reuniclus|63\/100|[from] item: Leftovers\n|upkeep\n|\n|t:|1666717712\n|switch|p2a: Dragapult|Dragapult, M|57\/100\n|turn|18\n|\n|t:|1666717722\n|switch|p1a: Ferrothorn|Ferrothorn, F|100\/100\n|move|p2a: Dragapult|Draco Meteor|p1a: Ferrothorn|[miss]\n|-miss|p2a: Dragapult|p1a: Ferrothorn\n|\n|upkeep\n|turn|19\n|\n|t:|1666717731\n|switch|p2a: Volcarona|Volcarona, F|100\/100\n|move|p1a: Ferrothorn|Stealth Rock|p2a: Volcarona\n|-sidestart|p2: Kwaga|move: Stealth Rock\n|\n|upkeep\n|turn|20\n|\n|t:|1666717742\n|switch|p1a: Tyranitar|Tyranitar, F|82\/100\n|-weather|Sandstorm|[from] ability: Sand Stream|[of] p1a: Tyranitar\n|move|p2a: Volcarona|Flamethrower|p1a: Tyranitar\n|-resisted|p1a: Tyranitar\n|-damage|p1a: Tyranitar|74\/100\n|\n|-weather|Sandstorm|[upkeep]\n|-damage|p2a: Volcarona|94\/100|[from] Sandstorm\n|-heal|p1a: Tyranitar|80\/100|[from] item: Leftovers\n|upkeep\n|turn|21\n|\n|t:|1666717760\n|switch|p2a: Corviknight|Corviknight, M|88\/100\n|-damage|p2a: Corviknight|75\/100|[from] Stealth Rock\n|-ability|p2a: Corviknight|Pressure\n|move|p1a: Tyranitar|Rock Blast|p2a: Corviknight\n|-damage|p2a: Corviknight|66\/100\n|-damage|p2a: Corviknight|56\/100\n|-damage|p2a: Corviknight|48\/100\n|-hitcount|p2a: Corviknight|3\n|\n|-weather|Sandstorm|[upkeep]\n|-heal|p2a: Corviknight|54\/100|[from] item: Leftovers\n|-heal|p1a: Tyranitar|86\/100|[from] item: Leftovers\n|upkeep\n|turn|22\n|\n|t:|1666717782\n|switch|p1a: Ferrothorn|Ferrothorn, F|100\/100\n|move|p2a: Corviknight|Substitute|p2a: Corviknight\n|-start|p2a: Corviknight|Substitute\n|-damage|p2a: Corviknight|29\/100\n|\n|-weather|Sandstorm|[upkeep]\n|-heal|p2a: Corviknight|35\/100|[from] item: Leftovers\n|upkeep\n|turn|23\n|\n|t:|1666717791\n|move|p2a: Corviknight|Roost|p2a: Corviknight\n|-heal|p2a: Corviknight|85\/100\n|-singleturn|p2a: Corviknight|move: Roost\n|move|p1a: Ferrothorn|Body Press|p2a: Corviknight\n|-supereffective|p2a: Corviknight\n|-crit|p2a: Corviknight\n|-end|p2a: Corviknight|Substitute\n|\n|-weather|Sandstorm|[upkeep]\n|-heal|p2a: Corviknight|91\/100|[from] item: Leftovers\n|upkeep\n|turn|24\n|\n|t:|1666717801\n|move|p2a: Corviknight|Substitute|p2a: Corviknight\n|-start|p2a: Corviknight|Substitute\n|-damage|p2a: Corviknight|66\/100\n|move|p1a: Ferrothorn|Body Press|p2a: Corviknight\n|-end|p2a: Corviknight|Substitute\n|\n|-weather|none\n|-heal|p2a: Corviknight|72\/100|[from] item: Leftovers\n|upkeep\n|turn|25\n|\n|t:|1666717809\n|move|p2a: Corviknight|Substitute|p2a: Corviknight\n|-start|p2a: Corviknight|Substitute\n|-damage|p2a: Corviknight|48\/100\n|move|p1a: Ferrothorn|Body Press|p2a: Corviknight\n|-activate|p2a: Corviknight|move: Substitute|[damage]\n|\n|-heal|p2a: Corviknight|54\/100|[from] item: Leftovers\n|upkeep\n|turn|26\n|\n|t:|1666717816\n|move|p2a: Corviknight|Bulk Up|p2a: Corviknight\n|-boost|p2a: Corviknight|atk|1\n|-boost|p2a: Corviknight|def|1\n|move|p1a: Ferrothorn|Knock Off|p2a: Corviknight\n|-end|p2a: Corviknight|Substitute\n|\n|-heal|p2a: Corviknight|60\/100|[from] item: Leftovers\n|upkeep\n|turn|27\n|-message|JanErik90 forfeited.\n|\n|win|Kwaga\n|raw|JanErik90's rating: 1675 &rarr; <strong>1658<\/strong><br \/>(-17 for losing)\n|raw|Kwaga's rating: 1728 &rarr; <strong>1745<\/strong><br \/>(+17 for winning)\n|l|\u2606JanErik90\n","uploadtime":1666717824,"views":2,"p1id":"janerik90","p2id":"kwaga","formatid":"gen8ou","rating":1658,"private":0,"password":null}