{"id":"gen8multibility-1439618000","p1":"Hikari-miyako","p2":"KESHAVKIRUPA","format":"gen8multibility","log":"|j|\u2606Hikari-miyako\n|j|\u2606KESHAVKIRUPA\n|t:|1634829715\n|gametype|singles\n|player|p1|Hikari-miyako|ariana|1203\n|player|p2|KESHAVKIRUPA|262|1326\n|teamsize|p1|6\n|teamsize|p2|6\n|gen|8\n|tier|[Gen 8] Multibility\n|rated|\n|rule|Species Clause: Limit one of each Pok\u00e9mon\n|rule|OHKO Clause: OHKO moves are banned\n|rule|Evasion Moves Clause: Evasion moves are banned\n|rule|Endless Battle Clause: Forcing endless battles is banned\n|rule|HP Percentage Mod: HP is shown in percentages\n|rule|Dynamax Clause: You cannot dynamax\n|rule|2 Ability Clause: Limit two of each ability\n|rule|Sleep Clause: Sleep-inducing moves are banned\n|clearpoke\n|poke|p1|Raichu-Alola, M|\n|poke|p1|Articuno|\n|poke|p1|Alakazam, M|\n|poke|p1|Shuckle, M|\n|poke|p1|Zapdos|\n|poke|p1|Eiscue, M|\n|poke|p2|Regieleki|\n|poke|p2|Tapu Lele|\n|poke|p2|Clefable, F|\n|poke|p2|Tornadus-Therian, M|\n|poke|p2|Gengar, F|\n|poke|p2|Rillaboom, M|\n|teampreview\n|\n|t:|1634829737\n|start\n|switch|p1a: Shuckle|Shuckle, M|100\/100\n|switch|p2a: Rillaboom|Rillaboom, M|100\/100\n|-fieldstart|move: Grassy Terrain|[from] ability: Grassy Surge|[of] p2a: Rillaboom\n|-weather|DesolateLand|[from] ability: [object Object]|[of] p2a: Rillaboom\n|-ability|p1a: Shuckle|Mold Breaker\n|turn|1\n|inactive|Battle timer is ON: inactive players will automatically lose when time's up. (requested by Hikari-miyako)\n|\n|t:|1634829744\n|move|p2a: Rillaboom|Solar Blade||[still]\n|-prepare|p2a: Rillaboom|Solar Blade\n|-anim|p2a: Rillaboom|Solar Blade|p1a: Shuckle\n|-damage|p1a: Shuckle|42\/100\n|move|p1a: Shuckle|Stealth Rock|p2a: Rillaboom\n|-sidestart|p2: KESHAVKIRUPA|move: Stealth Rock\n|\n|-weather|DesolateLand|[upkeep]\n|-heal|p1a: Shuckle|49\/100|[from] Grassy Terrain\n|upkeep\n|turn|2\n|\n|t:|1634829752\n|switch|p1a: Zapdos|Zapdos|100\/100\n|-ability|p1a: Zapdos|[object Object]|[from] desolateland|[fail]\n|move|p2a: Rillaboom|U-turn|p1a: Zapdos\n|-resisted|p1a: Zapdos\n|-damage|p1a: Zapdos|87\/100\n|-status|p2a: Rillaboom|par|[from] ability: Static|[of] p1a: Zapdos\n|\n|t:|1634829761\n|-weather|none\n|switch|p2a: Regieleki|Regieleki|100\/100|[from]move: U-turn\n|-damage|p2a: Regieleki|88\/100|[from] Stealth Rock\n|\n|-heal|p2a: Regieleki|94\/100|[from] Grassy Terrain\n|upkeep\n|turn|3\n|\n|t:|1634829769\n|move|p2a: Regieleki|Rapid Spin|p1a: Zapdos\n|-supereffective|p1a: Zapdos\n|-damage|p1a: Zapdos|39\/100\n|-boost|p2a: Regieleki|spe|1\n|-sideend|p2: KESHAVKIRUPA|Stealth Rock|[from] move: Rapid Spin|[of] p2a: Regieleki\n|move|p1a: Zapdos|Volt Switch|p2a: Regieleki\n|-resisted|p2a: Regieleki\n|-damage|p2a: Regieleki|56\/100\n|\n|t:|1634829771\n|switch|p1a: Raichu|Raichu-Alola, M|100\/100|[from]move: Volt Switch\n|-fieldstart|move: Electric Terrain|[from] ability: [object Object]|[of] p1a: Raichu\n|\n|upkeep\n|turn|4\n|\n|t:|1634829782\n|move|p1a: Raichu|Rising Voltage|p2a: Regieleki\n|-resisted|p2a: Regieleki\n|-damage|p2a: Regieleki|0 fnt\n|faint|p2a: Regieleki\n|\n|upkeep\n|\n|t:|1634829803\n|switch|p2a: Rillaboom|Rillaboom, M|100\/100 par\n|-fieldstart|move: Grassy Terrain|[from] ability: Grassy Surge|[of] p2a: Rillaboom\n|-weather|DesolateLand|[from] ability: [object Object]|[of] p2a: Rillaboom\n|turn|5\n|\n|t:|1634829812\n|switch|p1a: Zapdos|Zapdos|39\/100\n|-ability|p1a: Zapdos|[object Object]|[from] desolateland|[fail]\n|cant|p2a: Rillaboom|par\n|\n|-weather|DesolateLand|[upkeep]\n|upkeep\n|turn|6\n|\n|t:|1634829816\n|cant|p2a: Rillaboom|par\n|move|p1a: Zapdos|Weather Ball|p2a: Rillaboom\n|-supereffective|p2a: Rillaboom\n|-damage|p2a: Rillaboom|0 fnt\n|faint|p2a: Rillaboom\n|-weather|none\n|\n|upkeep\n|\n|t:|1634829826\n|switch|p2a: Gengar|Gengar, F|100\/100\n|turn|7\n|\n|t:|1634829829\n|move|p2a: Gengar|Zap Cannon|p1a: Zapdos\n|-damage|p1a: Zapdos|0 fnt\n|faint|p1a: Zapdos\n|\n|upkeep\n|\n|t:|1634829832\n|switch|p1a: Raichu|Raichu-Alola, M|100\/100\n|-fieldstart|move: Electric Terrain|[from] ability: [object Object]|[of] p1a: Raichu\n|turn|8\n|\n|t:|1634829839\n|move|p1a: Raichu|Psyshock|p2a: Gengar\n|-supereffective|p2a: Gengar\n|-damage|p2a: Gengar|0 fnt\n|-start|p1a: Raichu|Disable|Psyshock|[from] ability: Cursed Body|[of] p2a: Gengar\n|faint|p2a: Gengar\n|\n|upkeep\n|\n|t:|1634829847\n|switch|p2a: Tapu Lele|Tapu Lele|100\/100\n|-fieldstart|move: Psychic Terrain|[from] ability: Psychic Surge|[of] p2a: Tapu Lele\n|turn|9\n|\n|t:|1634829852\n|switch|p1a: Articuno|Articuno|100\/100\n|-ability|p1a: Articuno|Pressure\n|move|p2a: Tapu Lele|Moonblast|p1a: Articuno\n|-damage|p1a: Articuno|61\/100\n|\n|upkeep\n|turn|10\n|\n|t:|1634829856\n|move|p2a: Tapu Lele|Psyshock|p1a: Articuno\n|-damage|p1a: Articuno|1\/100\n|move|p1a: Articuno|Roost|p1a: Articuno\n|-heal|p1a: Articuno|51\/100\n|-singleturn|p1a: Articuno|move: Roost\n|\n|upkeep\n|turn|11\n|\n|t:|1634829875\n|move|p2a: Tapu Lele|Psyshock|p1a: Articuno\n|-damage|p1a: Articuno|0 fnt\n|faint|p1a: Articuno\n|\n|upkeep\n|\n|t:|1634829878\n|switch|p1a: Raichu|Raichu-Alola, M|100\/100\n|-fieldstart|move: Electric Terrain|[from] ability: [object Object]|[of] p1a: Raichu\n|turn|12\n|\n|t:|1634829880\n|switch|p2a: Tornadus|Tornadus-Therian, M|100\/100\n|-weather|DeltaStream|[from] ability: [object Object]|[of] p2a: Tornadus\n|move|p1a: Raichu|Rising Voltage|p2a: Tornadus\n|-activate||deltastream\n|-crit|p2a: Tornadus\n|-damage|p2a: Tornadus|27\/100\n|\n|-weather|DeltaStream|[upkeep]\n|upkeep\n|turn|13\n|\n|t:|1634829890\n|move|p1a: Raichu|Rising Voltage|p2a: Tornadus\n|-activate||deltastream\n|-damage|p2a: Tornadus|0 fnt\n|faint|p2a: Tornadus\n|-weather|none\n|\n|upkeep\n|\n|t:|1634829892\n|switch|p2a: Tapu Lele|Tapu Lele|100\/100\n|-fieldstart|move: Psychic Terrain|[from] ability: Psychic Surge|[of] p2a: Tapu Lele\n|turn|14\n|\n|t:|1634829901\n|switch|p1a: Shuckle|Shuckle, M|49\/100\n|-ability|p1a: Shuckle|Mold Breaker\n|move|p2a: Tapu Lele|Calm Mind|p2a: Tapu Lele\n|-boost|p2a: Tapu Lele|spa|1\n|-boost|p2a: Tapu Lele|spd|1\n|\n|upkeep\n|turn|15\n|\n|t:|1634829909\n|move|p2a: Tapu Lele|Psychic|p1a: Shuckle\n|-damage|p1a: Shuckle|0 fnt\n|faint|p1a: Shuckle\n|\n|upkeep\n|\n|t:|1634829913\n|switch|p1a: Raichu|Raichu-Alola, M|100\/100\n|-fieldstart|move: Electric Terrain|[from] ability: [object Object]|[of] p1a: Raichu\n|turn|16\n|\n|t:|1634829916\n|move|p1a: Raichu|Rising Voltage|p2a: Tapu Lele\n|-damage|p2a: Tapu Lele|47\/100\n|move|p2a: Tapu Lele|Moonblast|p1a: Raichu\n|-damage|p1a: Raichu|0 fnt\n|faint|p1a: Raichu\n|\n|upkeep\n|\n|t:|1634829924\n|switch|p1a: Eiscue|Eiscue, M|100\/100\n|turn|17\n|\n|t:|1634829930\n|move|p2a: Tapu Lele|Moonblast|p1a: Eiscue\n|-damage|p1a: Eiscue|0 fnt\n|faint|p1a: Eiscue\n|\n|upkeep\n|\n|t:|1634829932\n|switch|p1a: Alakazam|Alakazam, M|100\/100\n|-fieldstart|move: Psychic Terrain|[from] ability: [object Object]|[of] p1a: Alakazam\n|turn|18\n|\n|t:|1634829946\n|move|p1a: Alakazam|Nasty Plot|p1a: Alakazam\n|-boost|p1a: Alakazam|spa|2\n|move|p2a: Tapu Lele|Moonblast|p1a: Alakazam\n|-damage|p1a: Alakazam|0 fnt\n|faint|p1a: Alakazam\n|\n|win|KESHAVKIRUPA\n|raw|Hikari-miyako's rating: 1203 &rarr; <strong>1186<\/strong><br \/>(-17 for losing)\n|raw|KESHAVKIRUPA's rating: 1326 &rarr; <strong>1339<\/strong><br \/>(+13 for winning)\n|l|\u2606Hikari-miyako\n|c|\u2606KESHAVKIRUPA|Noob\n","uploadtime":1634829967,"views":7,"p1id":"hikarimiyako","p2id":"keshavkirupa","formatid":"gen8multibility","rating":1186,"private":0,"password":null}