{"id":"gen8ou-1674693924","p1":"Mangostein","p2":"machugen","format":"gen8ou","log":"|j|\u2606Mangostein\n|j|\u2606machugen\n|t:|1664590585\n|gametype|singles\n|player|p1|Mangostein|flannery|1706\n|player|p2|machugen|elesa|1807\n|teamsize|p1|6\n|teamsize|p2|6\n|gen|8\n|tier|[Gen 8] OU\n|rated|\n|rule|Sleep Clause Mod: Limit one foe put to sleep\n|rule|Species Clause: Limit one of each Pok\u00e9mon\n|rule|OHKO Clause: OHKO moves are banned\n|rule|Evasion Items Clause: Evasion items are banned\n|rule|Evasion Moves Clause: Evasion moves are banned\n|rule|Endless Battle Clause: Forcing endless battles is banned\n|rule|HP Percentage Mod: HP is shown in percentages\n|rule|Dynamax Clause: You cannot dynamax\n|clearpoke\n|poke|p1|Blaziken, F|\n|poke|p1|Weavile, M|\n|poke|p1|Landorus-Therian, M|\n|poke|p1|Slowbro, F|\n|poke|p1|Melmetal|\n|poke|p1|Gastrodon, F|\n|poke|p2|Zapdos|\n|poke|p2|Urshifu-*, M|\n|poke|p2|Melmetal|\n|poke|p2|Tapu Lele|\n|poke|p2|Tornadus-Therian, M|\n|poke|p2|Swampert, M|\n|teampreview\n|inactive|Battle timer is ON: inactive players will automatically lose when time's up. (requested by machugen)\n|\n|t:|1664590601\n|start\n|switch|p1a: Weavile|Weavile, M|100\/100\n|switch|p2a: Urshifu|Urshifu-Rapid-Strike, M|100\/100\n|-ability|p1a: Weavile|Pressure\n|turn|1\n|\n|t:|1664590608\n|switch|p1a: Slowbro|Slowbro, F|100\/100\n|move|p2a: Urshifu|U-turn|p1a: Slowbro\n|-supereffective|p1a: Slowbro\n|-damage|p1a: Slowbro|73\/100\n|j| RazorForce21\n|\n|t:|1664590610\n|switch|p2a: Zapdos|Zapdos|100\/100|[from]move: U-turn\n|\n|upkeep\n|turn|2\n|\n|t:|1664590617\n|switch|p1a: Gastrodon|Gastrodon, F|100\/100\n|move|p2a: Zapdos|Hurricane|p1a: Gastrodon|[miss]\n|-miss|p2a: Zapdos|p1a: Gastrodon\n|\n|upkeep\n|turn|3\n|\n|t:|1664590620\n|move|p2a: Zapdos|Hurricane|p1a: Gastrodon\n|-damage|p1a: Gastrodon|45\/100\n|-start|p1a: Gastrodon|confusion\n|-activate|p1a: Gastrodon|confusion\n|move|p1a: Gastrodon|Scald|p2a: Zapdos\n|-damage|p2a: Zapdos|69\/100\n|\n|upkeep\n|turn|4\n|\n|t:|1664590625\n|switch|p1a: Melmetal|Melmetal|100\/100\n|move|p2a: Zapdos|Hurricane|p1a: Melmetal\n|-resisted|p1a: Melmetal\n|-damage|p1a: Melmetal|65\/100\n|\n|-heal|p1a: Melmetal|71\/100|[from] item: Leftovers\n|upkeep\n|turn|5\n|\n|t:|1664590630\n|switch|p2a: Swampert|Swampert, M|100\/100\n|move|p1a: Melmetal|Toxic|p2a: Swampert\n|-status|p2a: Swampert|tox\n|\n|-heal|p1a: Melmetal|77\/100|[from] item: Leftovers\n|-damage|p2a: Swampert|94\/100 tox|[from] psn\n|upkeep\n|turn|6\n|\n|t:|1664590638\n|move|p1a: Melmetal|Protect|p1a: Melmetal\n|-singleturn|p1a: Melmetal|Protect\n|move|p2a: Swampert|Stealth Rock|p1a: Melmetal\n|-sidestart|p1: Mangostein|move: Stealth Rock\n|\n|-heal|p1a: Melmetal|83\/100|[from] item: Leftovers\n|-heal|p2a: Swampert|100\/100 tox|[from] item: Leftovers\n|-damage|p2a: Swampert|88\/100 tox|[from] psn\n|upkeep\n|turn|7\n|\n|t:|1664590652\n|switch|p2a: Tornadus|Tornadus-Therian, M|100\/100\n|move|p1a: Melmetal|Toxic|p2a: Tornadus\n|-status|p2a: Tornadus|tox\n|\n|-heal|p1a: Melmetal|90\/100|[from] item: Leftovers\n|-damage|p2a: Tornadus|94\/100 tox|[from] psn\n|upkeep\n|turn|8\n|\n|t:|1664590658\n|switch|p2a: Swampert|Swampert, M|88\/100 tox\n|move|p1a: Melmetal|Double Iron Bash|p2a: Swampert\n|-resisted|p2a: Swampert\n|-damage|p2a: Swampert|68\/100 tox\n|-resisted|p2a: Swampert\n|-damage|p2a: Swampert|48\/100 tox\n|-hitcount|p2a: Swampert|2\n|\n|-heal|p2a: Swampert|54\/100 tox|[from] item: Leftovers\n|-heal|p1a: Melmetal|96\/100|[from] item: Leftovers\n|-damage|p2a: Swampert|48\/100 tox|[from] psn\n|upkeep\n|turn|9\n|\n|t:|1664590661\n|move|p1a: Melmetal|Protect|p1a: Melmetal\n|-singleturn|p1a: Melmetal|Protect\n|move|p2a: Swampert|Yawn|p1a: Melmetal\n|-activate|p1a: Melmetal|move: Protect\n|\n|-heal|p2a: Swampert|54\/100 tox|[from] item: Leftovers\n|-heal|p1a: Melmetal|100\/100|[from] item: Leftovers\n|-damage|p2a: Swampert|42\/100 tox|[from] psn\n|upkeep\n|turn|10\n|\n|t:|1664590667\n|switch|p1a: Landorus|Landorus-Therian, M|100\/100\n|-damage|p1a: Landorus|88\/100|[from] Stealth Rock\n|-ability|p1a: Landorus|Intimidate|boost\n|-unboost|p2a: Swampert|atk|1\n|move|p2a: Swampert|Flip Turn|p1a: Landorus\n|-supereffective|p1a: Landorus\n|-damage|p1a: Landorus|57\/100\n|\n|t:|1664590674\n|switch|p2a: Urshifu|Urshifu-Rapid-Strike, M|100\/100|[from]move: Flip Turn\n|\n|-heal|p1a: Landorus|63\/100|[from] item: Leftovers\n|upkeep\n|turn|11\n|\n|t:|1664590679\n|move|p2a: Urshifu|Surging Strikes|p1a: Landorus\n|-supereffective|p1a: Landorus\n|-crit|p1a: Landorus\n|-damage|p1a: Landorus|24\/100\n|-supereffective|p1a: Landorus\n|-crit|p1a: Landorus\n|-damage|p1a: Landorus|0 fnt\n|faint|p1a: Landorus\n|-hitcount|p1: Landorus|2\n|\n|upkeep\n|\n|t:|1664590686\n|switch|p1a: Slowbro|Slowbro, F|100\/100\n|turn|12\n|j| Meritone\n|\n|t:|1664590688\n|move|p2a: Urshifu|Taunt|p1a: Slowbro\n|-start|p1a: Slowbro|move: Taunt\n|move|p1a: Slowbro|Future Sight|p2a: Urshifu\n|-start|p1a: Slowbro|move: Future Sight\n|\n|upkeep\n|turn|13\n|\n|t:|1664590691\n|move|p2a: Urshifu|U-turn|p1a: Slowbro\n|-supereffective|p1a: Slowbro\n|-damage|p1a: Slowbro|74\/100\n|\n|t:|1664590694\n|switch|p2a: Swampert|Swampert, M|42\/100 tox|[from]move: U-turn\n|move|p1a: Slowbro|Scald|p2a: Swampert\n|-damage|p2a: Swampert|25\/100 tox\n|\n|-heal|p2a: Swampert|31\/100 tox|[from] item: Leftovers\n|-damage|p2a: Swampert|25\/100 tox|[from] psn\n|upkeep\n|turn|14\n|\n|t:|1664590699\n|move|p2a: Swampert|Yawn|p1a: Slowbro\n|-start|p1a: Slowbro|move: Yawn|[of] p2a: Swampert\n|move|p1a: Slowbro|Scald|p2a: Swampert\n|-damage|p2a: Swampert|5\/100 tox\n|\n|-end|p2a: Swampert|move: Future Sight\n|-damage|p2a: Swampert|0 fnt\n|faint|p2a: Swampert\n|-end|p1a: Slowbro|move: Taunt\n|upkeep\n|j| B\u2202dger\n|\n|t:|1664590713\n|switch|p2a: Melmetal|Melmetal|100\/100\n|turn|15\n|\n|t:|1664590718\n|move|p2a: Melmetal|Earthquake|p1a: Slowbro\n|-damage|p1a: Slowbro|39\/100\n|move|p1a: Slowbro|Scald|p2a: Melmetal\n|-damage|p2a: Melmetal|70\/100\n|\n|-end|p1a: Slowbro|move: Yawn|[silent]\n|-status|p1a: Slowbro|slp\n|upkeep\n|turn|16\n|\n|t:|1664590723\n|move|p2a: Melmetal|Earthquake|p1a: Slowbro\n|-damage|p1a: Slowbro|4\/100 slp\n|cant|p1a: Slowbro|slp\n|\n|upkeep\n|turn|17\n|j| hoodieboiactive\n|\n|t:|1664590728\n|switch|p1a: Gastrodon|Gastrodon, F|45\/100\n|move|p2a: Melmetal|Earthquake|p1a: Gastrodon\n|-damage|p1a: Gastrodon|0 fnt\n|faint|p1a: Gastrodon\n|\n|upkeep\n|\n|t:|1664590730\n|switch|p1a: Blaziken|Blaziken, F|100\/100\n|-damage|p1a: Blaziken|88\/100|[from] Stealth Rock\n|turn|18\n|\n|t:|1664590735\n|move|p1a: Blaziken|Close Combat|p2a: Melmetal\n|-supereffective|p2a: Melmetal\n|-damage|p2a: Melmetal|0 fnt\n|-unboost|p1a: Blaziken|def|1\n|-unboost|p1a: Blaziken|spd|1\n|faint|p2a: Melmetal\n|\n|-heal|p1a: Blaziken|94\/100|[from] item: Leftovers\n|-ability|p1a: Blaziken|Speed Boost|boost\n|-boost|p1a: Blaziken|spe|1\n|upkeep\n|\n|t:|1664590739\n|switch|p2a: Urshifu|Urshifu-Rapid-Strike, M|100\/100\n|turn|19\n|\n|t:|1664590742\n|move|p1a: Blaziken|Close Combat|p2a: Urshifu\n|-damage|p2a: Urshifu|40\/100\n|-unboost|p1a: Blaziken|def|1\n|-unboost|p1a: Blaziken|spd|1\n|move|p2a: Urshifu|Surging Strikes|p1a: Blaziken\n|-supereffective|p1a: Blaziken\n|-crit|p1a: Blaziken\n|-damage|p1a: Blaziken|0 fnt\n|faint|p1a: Blaziken\n|-hitcount|p1: Blaziken|1\n|\n|upkeep\n|\n|t:|1664590750\n|switch|p1a: Slowbro|Slowbro, F|38\/100 slp\n|turn|20\n|\n|t:|1664590754\n|move|p2a: Urshifu|U-turn|p1a: Slowbro\n|-supereffective|p1a: Slowbro\n|-damage|p1a: Slowbro|8\/100 slp\n|\n|t:|1664590756\n|switch|p2a: Zapdos|Zapdos|69\/100|[from]move: U-turn\n|cant|p1a: Slowbro|slp\n|\n|upkeep\n|turn|21\n|\n|t:|1664590764\n|switch|p1a: Melmetal|Melmetal|100\/100\n|-damage|p1a: Melmetal|94\/100|[from] Stealth Rock\n|move|p2a: Zapdos|Volt Switch|p1a: Melmetal\n|-damage|p1a: Melmetal|45\/100\n|\n|t:|1664590767\n|switch|p2a: Urshifu|Urshifu-Rapid-Strike, M|40\/100|[from]move: Volt Switch\n|\n|-heal|p1a: Melmetal|51\/100|[from] item: Leftovers\n|upkeep\n|turn|22\n|\n|t:|1664590770\n|switch|p1a: Slowbro|Slowbro, F|41\/100 slp\n|move|p2a: Urshifu|Close Combat|p1a: Slowbro\n|-resisted|p1a: Slowbro\n|-damage|p1a: Slowbro|23\/100 slp\n|-unboost|p2a: Urshifu|def|1\n|-unboost|p2a: Urshifu|spd|1\n|\n|upkeep\n|turn|23\n|\n|t:|1664590773\n|switch|p1a: Melmetal|Melmetal|51\/100\n|-damage|p1a: Melmetal|45\/100|[from] Stealth Rock\n|move|p2a: Urshifu|U-turn|p1a: Melmetal\n|-resisted|p1a: Melmetal\n|-damage|p1a: Melmetal|38\/100\n|\n|t:|1664590775\n|switch|p2a: Zapdos|Zapdos|69\/100|[from]move: U-turn\n|\n|-heal|p1a: Melmetal|44\/100|[from] item: Leftovers\n|upkeep\n|turn|24\n|\n|t:|1664590777\n|move|p1a: Melmetal|Protect|p1a: Melmetal\n|-singleturn|p1a: Melmetal|Protect\n|move|p2a: Zapdos|Thunderbolt|p1a: Melmetal\n|-activate|p1a: Melmetal|move: Protect\n|\n|-heal|p1a: Melmetal|50\/100|[from] item: Leftovers\n|upkeep\n|turn|25\n|\n|t:|1664590781\n|move|p2a: Zapdos|Thunderbolt|p1a: Melmetal\n|-damage|p1a: Melmetal|0 fnt\n|faint|p1a: Melmetal\n|\n|upkeep\n|\n|t:|1664590782\n|switch|p1a: Weavile|Weavile, M|100\/100\n|-damage|p1a: Weavile|76\/100|[from] Stealth Rock\n|-ability|p1a: Weavile|Pressure\n|turn|26\n|\n|t:|1664590786\n|switch|p2a: Tornadus|Tornadus-Therian, M|100\/100 tox\n|move|p1a: Weavile|Triple Axel|p2a: Tornadus\n|-supereffective|p2a: Tornadus\n|-damage|p2a: Tornadus|69\/100 tox\n|-supereffective|p2a: Tornadus\n|-damage|p2a: Tornadus|4\/100 tox\n|-supereffective|p2a: Tornadus\n|-damage|p2a: Tornadus|0 fnt\n|faint|p2a: Tornadus\n|-hitcount|p2: Tornadus|3\n|\n|upkeep\n|\n|t:|1664590788\n|switch|p2a: Tapu Lele|Tapu Lele|100\/100\n|-fieldstart|move: Psychic Terrain|[from] ability: Psychic Surge|[of] p2a: Tapu Lele\n|turn|27\n|\n|t:|1664590790\n|move|p2a: Tapu Lele|Moonblast|p1a: Weavile\n|-supereffective|p1a: Weavile\n|-damage|p1a: Weavile|0 fnt\n|faint|p1a: Weavile\n|\n|upkeep\n|-message|Mangostein forfeited.\n|\n|win|machugen\n|raw|Mangostein's rating: 1706 &rarr; <strong>1692<\/strong><br \/>(-14 for losing)\n|raw|machugen's rating: 1807 &rarr; <strong>1821<\/strong><br \/>(+14 for winning)\n|l|\u2606Mangostein\n","uploadtime":1664590795,"views":25,"p1id":"mangostein","p2id":"machugen","formatid":"gen8ou","rating":1692,"private":0,"password":null}