{"id":"gen8ou-1676113532","p1":"andrewm0n","p2":"Reverb","format":"gen8ou","log":"|j|\u2606andrewm0n\n|j|\u2606Reverb\n|t:|1664753501\n|gametype|singles\n|player|p1|andrewm0n|101|1791\n|player|p2|Reverb|#reverb|1748\n|teamsize|p1|6\n|teamsize|p2|6\n|gen|8\n|tier|[Gen 8] OU\n|rated|\n|rule|Sleep Clause Mod: Limit one foe put to sleep\n|rule|Species Clause: Limit one of each Pok\u00e9mon\n|rule|OHKO Clause: OHKO moves are banned\n|rule|Evasion Items Clause: Evasion items are banned\n|rule|Evasion Moves Clause: Evasion moves are banned\n|rule|Endless Battle Clause: Forcing endless battles is banned\n|rule|HP Percentage Mod: HP is shown in percentages\n|rule|Dynamax Clause: You cannot dynamax\n|clearpoke\n|poke|p1|Slowbro-Galar, M|\n|poke|p1|Blaziken, M|\n|poke|p1|Clefable, F|\n|poke|p1|Seismitoad, M|\n|poke|p1|Corviknight, M|\n|poke|p1|Tyranitar, M|\n|poke|p2|Tyranitar, M|\n|poke|p2|Clefable, M|\n|poke|p2|Excadrill, M|\n|poke|p2|Tangrowth, M|\n|poke|p2|Mew|\n|poke|p2|Rotom-Wash|\n|teampreview\n|\n|t:|1664753514\n|start\n|switch|p1a: Tyranitar|Tyranitar, M|100\/100\n|switch|p2a: Rex|Tyranitar, M, shiny|100\/100\n|-weather|Sandstorm|[from] ability: Sand Stream|[of] p2a: Rex\n|turn|1\n|inactive|Battle timer is ON: inactive players will automatically lose when time's up. (requested by Reverb)\n|\n|t:|1664753516\n|move|p2a: Rex|Superpower|p1a: Tyranitar\n|-supereffective|p1a: Tyranitar\n|-damage|p1a: Tyranitar|0 fnt\n|-unboost|p2a: Rex|atk|1\n|-unboost|p2a: Rex|def|1\n|faint|p1a: Tyranitar\n|\n|-weather|Sandstorm|[upkeep]\n|upkeep\n|\n|t:|1664753529\n|switch|p1a: Blaziken|Blaziken, M|100\/100\n|turn|2\n|\n|t:|1664753532\n|switch|p2a: Phantom|Rotom-Wash, shiny|100\/100\n|move|p1a: Blaziken|Swords Dance|p1a: Blaziken\n|-boost|p1a: Blaziken|atk|2\n|\n|-weather|Sandstorm|[upkeep]\n|-damage|p1a: Blaziken|95\/100|[from] Sandstorm\n|-damage|p2a: Phantom|95\/100|[from] Sandstorm\n|-heal|p1a: Blaziken|100\/100|[from] item: Leftovers\n|-heal|p2a: Phantom|100\/100|[from] item: Leftovers\n|-ability|p1a: Blaziken|Speed Boost|boost\n|-boost|p1a: Blaziken|spe|1\n|upkeep\n|turn|3\n|\n|t:|1664753543\n|move|p1a: Blaziken|Protect|p1a: Blaziken\n|-singleturn|p1a: Blaziken|Protect\n|move|p2a: Phantom|Hydro Pump|p1a: Blaziken\n|-activate|p1a: Blaziken|move: Protect\n|\n|-weather|Sandstorm|[upkeep]\n|-damage|p1a: Blaziken|95\/100|[from] Sandstorm\n|-damage|p2a: Phantom|95\/100|[from] Sandstorm\n|-heal|p1a: Blaziken|100\/100|[from] item: Leftovers\n|-heal|p2a: Phantom|100\/100|[from] item: Leftovers\n|-ability|p1a: Blaziken|Speed Boost|boost\n|-boost|p1a: Blaziken|spe|1\n|upkeep\n|turn|4\n|\n|t:|1664753546\n|move|p1a: Blaziken|Close Combat|p2a: Phantom\n|-damage|p2a: Phantom|0 fnt\n|-unboost|p1a: Blaziken|def|1\n|-unboost|p1a: Blaziken|spd|1\n|faint|p2a: Phantom\n|\n|-weather|Sandstorm|[upkeep]\n|-damage|p1a: Blaziken|95\/100|[from] Sandstorm\n|-heal|p1a: Blaziken|100\/100|[from] item: Leftovers\n|-ability|p1a: Blaziken|Speed Boost|boost\n|-boost|p1a: Blaziken|spe|1\n|upkeep\n|\n|t:|1664753550\n|switch|p2a: Ramen|Tangrowth, M, shiny|100\/100\n|turn|5\n|\n|t:|1664753555\n|move|p1a: Blaziken|Flare Blitz|p2a: Ramen\n|-supereffective|p2a: Ramen\n|-damage|p2a: Ramen|0 fnt\n|-damage|p1a: Blaziken|84\/100|[from] item: Rocky Helmet|[of] p2a: Ramen\n|faint|p2a: Ramen\n|-damage|p1a: Blaziken|40\/100|[from] Recoil\n|\n|-weather|none\n|-heal|p1a: Blaziken|46\/100|[from] item: Leftovers\n|-ability|p1a: Blaziken|Speed Boost|boost\n|-boost|p1a: Blaziken|spe|1\n|upkeep\n|j| i am ves \u2665\n|\n|t:|1664753565\n|switch|p2a: Chaos|Mew, shiny|100\/100\n|turn|6\n|j| Kyurem\n|\n|t:|1664753576\n|move|p1a: Blaziken|Flare Blitz|p2a: Chaos\n|-damage|p2a: Chaos|0 fnt\n|faint|p2a: Chaos\n|-damage|p1a: Blaziken|1\/100|[from] Recoil\n|\n|-heal|p1a: Blaziken|7\/100|[from] item: Leftovers\n|-ability|p1a: Blaziken|Speed Boost|boost\n|-boost|p1a: Blaziken|spe|1\n|upkeep\n|\n|t:|1664753580\n|switch|p2a: Rex|Tyranitar, M, shiny|100\/100\n|-weather|Sandstorm|[from] ability: Sand Stream|[of] p2a: Rex\n|turn|7\n|\n|t:|1664753585\n|move|p1a: Blaziken|Close Combat|p2a: Rex\n|-supereffective|p2a: Rex\n|-damage|p2a: Rex|0 fnt\n|-unboost|p1a: Blaziken|def|1\n|-unboost|p1a: Blaziken|spd|1\n|faint|p2a: Rex\n|\n|-weather|Sandstorm|[upkeep]\n|-damage|p1a: Blaziken|1\/100|[from] Sandstorm\n|-heal|p1a: Blaziken|7\/100|[from] item: Leftovers\n|-ability|p1a: Blaziken|Speed Boost|boost\n|-boost|p1a: Blaziken|spe|1\n|upkeep\n|-message|Reverb forfeited.\n|\n|win|andrewm0n\n|raw|andrewm0n's rating: 1791 &rarr; <strong>1809<\/strong><br \/>(+18 for winning)\n|raw|Reverb's rating: 1748 &rarr; <strong>1730<\/strong><br \/>(-18 for losing)\n|l|\u2606Reverb\n|l| i am ves \u2665\n||Ladder isn't responding, score probably updated but might not have (Request timeout).\n","uploadtime":1664753598,"views":18,"p1id":"andrewm0n","p2id":"reverb","formatid":"gen8ou","rating":1730,"private":0,"password":null}