{"id":"gen8ou-1633071772","p1":"LT92PF Athena","p2":"himynametay","format":"gen8ou","log":"|raw|<div class=\"broadcast-blue\"><strong>This battle is required to be public due to a player having a name starting with 'lt92pf'.<\/div>\n|j|\u2606LT92PF Athena\n|j|\u203dhimynametay\n|t:|1659730535\n|gametype|singles\n|player|p1|LT92PF Athena|swimmerf-gen6|1637\n|player|p2|himynametay|elesa|1570\n|teamsize|p1|6\n|teamsize|p2|6\n|gen|8\n|tier|[Gen 8] OU\n|rated|\n|rule|Sleep Clause Mod: Limit one foe put to sleep\n|rule|Species Clause: Limit one of each Pok\u00e9mon\n|rule|OHKO Clause: OHKO moves are banned\n|rule|Evasion Items Clause: Evasion items are banned\n|rule|Evasion Moves Clause: Evasion moves are banned\n|rule|Endless Battle Clause: Forcing endless battles is banned\n|rule|HP Percentage Mod: HP is shown in percentages\n|rule|Dynamax Clause: You cannot dynamax\n|clearpoke\n|poke|p1|Dragapult, M|\n|poke|p1|Bisharp, M|\n|poke|p1|Aegislash, M|\n|poke|p1|Rillaboom, M|\n|poke|p1|Blaziken, M|\n|poke|p1|Kartana|\n|poke|p2|Tapu Fini|\n|poke|p2|Magnezone|\n|poke|p2|Tapu Lele|\n|poke|p2|Kartana|\n|poke|p2|Hawlucha, F|\n|poke|p2|Landorus-Therian, M|\n|teampreview\n|\n|t:|1659730539\n|start\n|switch|p1a: Bishop|Bisharp, M, shiny|100\/100\n|switch|p2a: Tapu Lele|Tapu Lele|100\/100\n|-fieldstart|move: Psychic Terrain|[from] ability: Psychic Surge|[of] p2a: Tapu Lele\n|turn|1\n|\n|t:|1659730548\n|move|p2a: Tapu Lele|Moonblast|p1a: Bishop\n|-enditem|p1a: Bishop|Focus Sash\n|-damage|p1a: Bishop|1\/100\n|move|p1a: Bishop|Stealth Rock|p2a: Tapu Lele\n|-sidestart|p2: himynametay|move: Stealth Rock\n|\n|upkeep\n|turn|2\n|\n|t:|1659730554\n|switch|p1a: Achilles|Aegislash, M, shiny|100\/100\n|move|p2a: Tapu Lele|Moonblast|p1a: Achilles\n|-resisted|p1a: Achilles\n|-damage|p1a: Achilles|66\/100\n|-unboost|p1a: Achilles|spa|1\n|\n|upkeep\n|turn|3\n|\n|t:|1659730572\n|switch|p2a: Magnezone|Magnezone|100\/100\n|-damage|p2a: Magnezone|94\/100|[from] Stealth Rock\n|switch|p1a: Bishop|Bisharp, M, shiny|1\/100\n|\n|upkeep\n|turn|4\n|\n|t:|1659730582\n|move|p1a: Bishop|Knock Off|p2a: Magnezone\n|-damage|p2a: Magnezone|62\/100\n|-damage|p1a: Bishop|0 fnt|[from] item: Rocky Helmet|[of] p2a: Magnezone\n|faint|p1a: Bishop\n|move|p2a: Magnezone|Iron Defense|p2a: Magnezone\n|-boost|p2a: Magnezone|def|2\n|\n|upkeep\n|\n|t:|1659730607\n|switch|p1a: Destroyer|Blaziken, M, shiny|100\/100\n|turn|5\n|\n|t:|1659730610\n|move|p1a: Destroyer|Flare Blitz|p2a: Magnezone\n|-supereffective|p2a: Magnezone\n|-damage|p2a: Magnezone|5\/100\n|-status|p2a: Magnezone|brn\n|-damage|p1a: Destroyer|84\/100|[from] item: Rocky Helmet|[of] p2a: Magnezone\n|-damage|p1a: Destroyer|64\/100|[from] Recoil\n|-damage|p1a: Destroyer|54\/100|[from] item: Life Orb\n|move|p2a: Magnezone|Body Press|p1a: Destroyer\n|-damage|p1a: Destroyer|14\/100\n|\n|-damage|p2a: Magnezone|0 fnt|[from] brn\n|faint|p2a: Magnezone\n|-fieldend|move: Psychic Terrain\n|-ability|p1a: Destroyer|Speed Boost|boost\n|-boost|p1a: Destroyer|spe|1\n|upkeep\n|\n|t:|1659730625\n|switch|p2a: Kartana|Kartana|100\/100\n|-damage|p2a: Kartana|94\/100|[from] Stealth Rock\n|turn|6\n|\n|t:|1659730647\n|move|p1a: Destroyer|Protect|p1a: Destroyer\n|-singleturn|p1a: Destroyer|Protect\n|move|p2a: Kartana|Knock Off|p1a: Destroyer\n|-activate|p1a: Destroyer|move: Protect\n|\n|-ability|p1a: Destroyer|Speed Boost|boost\n|-boost|p1a: Destroyer|spe|1\n|upkeep\n|turn|7\n|\n|t:|1659730656\n|switch|p2a: Landorus|Landorus-Therian, M|100\/100\n|-damage|p2a: Landorus|88\/100|[from] Stealth Rock\n|-ability|p2a: Landorus|Intimidate|boost\n|-unboost|p1a: Destroyer|atk|1\n|move|p1a: Destroyer|Flare Blitz|p2a: Landorus\n|-damage|p2a: Landorus|34\/100\n|-status|p2a: Landorus|brn\n|-damage|p1a: Destroyer|0 fnt|[from] Recoil\n|faint|p1a: Destroyer\n|\n|-heal|p2a: Landorus|40\/100 brn|[from] item: Leftovers\n|-damage|p2a: Landorus|34\/100 brn|[from] brn\n|upkeep\n|\n|t:|1659730676\n|switch|p1a: Leviathan|Dragapult, M, shiny|100\/100\n|turn|8\n|\n|t:|1659730680\n|move|p1a: Leviathan|Dragon Dance|p1a: Leviathan\n|-boost|p1a: Leviathan|atk|1\n|-boost|p1a: Leviathan|spe|1\n|move|p2a: Landorus|Stealth Rock|p1a: Leviathan\n|-sidestart|p1: LT92PF Athena|move: Stealth Rock\n|\n|-heal|p2a: Landorus|40\/100 brn|[from] item: Leftovers\n|-damage|p2a: Landorus|34\/100 brn|[from] brn\n|upkeep\n|turn|9\n|\n|t:|1659730685\n|move|p1a: Leviathan|Dragon Dance|p1a: Leviathan\n|-boost|p1a: Leviathan|atk|1\n|-boost|p1a: Leviathan|spe|1\n|move|p2a: Landorus|Toxic|p1a: Leviathan\n|-status|p1a: Leviathan|tox\n|\n|-heal|p2a: Landorus|40\/100 brn|[from] item: Leftovers\n|-damage|p1a: Leviathan|95\/100 tox|[from] psn\n|-damage|p2a: Landorus|34\/100 brn|[from] brn\n|upkeep\n|turn|10\n|\n|t:|1659730692\n|move|p1a: Leviathan|Phantom Force||[still]\n|-prepare|p1a: Leviathan|Phantom Force\n|move|p2a: Landorus|U-turn|p1a: Leviathan|[miss]\n|-miss|p2a: Landorus|p1a: Leviathan\n|\n|-heal|p2a: Landorus|40\/100 brn|[from] item: Leftovers\n|-damage|p1a: Leviathan|83\/100 tox|[from] psn\n|-damage|p2a: Landorus|34\/100 brn|[from] brn\n|upkeep\n|turn|11\n|\n|t:|1659730697\n|move|p1a: Leviathan|Phantom Force|p2a: Landorus|[from]lockedmove\n|-damage|p2a: Landorus|0 fnt\n|faint|p2a: Landorus\n|-damage|p1a: Leviathan|73\/100 tox|[from] item: Life Orb\n|\n|-damage|p1a: Leviathan|55\/100 tox|[from] psn\n|upkeep\n|\n|t:|1659730699\n|switch|p2a: Tapu Fini|Tapu Fini|100\/100\n|-damage|p2a: Tapu Fini|88\/100|[from] Stealth Rock\n|-fieldstart|move: Misty Terrain|[from] ability: Misty Surge|[of] p2a: Tapu Fini\n|turn|12\n|inactive|Battle timer is ON: inactive players will automatically lose when time's up. (requested by himynametay)\n|\n|t:|1659730757\n|move|p1a: Leviathan|Phantom Force||[still]\n|-prepare|p1a: Leviathan|Phantom Force\n|move|p2a: Tapu Fini|Moonblast|p1a: Leviathan|[miss]\n|-miss|p2a: Tapu Fini|p1a: Leviathan\n|\n|-damage|p1a: Leviathan|31\/100 tox|[from] psn\n|upkeep\n|turn|13\n|\n|t:|1659730777\n|switch|p2a: Tapu Lele|Tapu Lele|100\/100\n|-damage|p2a: Tapu Lele|88\/100|[from] Stealth Rock\n|-fieldstart|move: Psychic Terrain|[from] ability: Psychic Surge|[of] p2a: Tapu Lele\n|move|p1a: Leviathan|Phantom Force|p2a: Tapu Lele|[from]lockedmove\n|-supereffective|p2a: Tapu Lele\n|-crit|p2a: Tapu Lele\n|-damage|p2a: Tapu Lele|0 fnt\n|faint|p2a: Tapu Lele\n|-damage|p1a: Leviathan|21\/100 tox|[from] item: Life Orb\n|\n|-damage|p1a: Leviathan|0 fnt|[from] psn\n|faint|p1a: Leviathan\n|upkeep\n|\n|t:|1659730792\n|switch|p1a: Achilles|Aegislash, M, shiny|66\/100\n|switch|p2a: Kartana|Kartana|94\/100\n|-damage|p2a: Kartana|88\/100|[from] Stealth Rock\n|-damage|p1a: Achilles|60\/100|[from] Stealth Rock\n|turn|14\n|\n|t:|1659730812\n|move|p2a: Kartana|Knock Off|p1a: Achilles\n|-supereffective|p1a: Achilles\n|-damage|p1a: Achilles|0 fnt\n|-enditem|p1a: Achilles|Weakness Policy|[from] move: Knock Off|[of] p2a: Kartana\n|faint|p1a: Achilles\n|-ability|p2a: Kartana|Beast Boost|boost\n|-boost|p2a: Kartana|atk|1\n|\n|upkeep\n|\n|t:|1659730817\n|switch|p1a: Deathstroke|Kartana, shiny|100\/100\n|-damage|p1a: Deathstroke|94\/100|[from] Stealth Rock\n|turn|15\n|\n|t:|1659730822\n|switch|p2a: Tapu Fini|Tapu Fini|88\/100\n|-damage|p2a: Tapu Fini|76\/100|[from] Stealth Rock\n|-fieldstart|move: Misty Terrain|[from] ability: Misty Surge|[of] p2a: Tapu Fini\n|move|p1a: Deathstroke|Sacred Sword|p2a: Tapu Fini\n|-resisted|p2a: Tapu Fini\n|-damage|p2a: Tapu Fini|56\/100\n|\n|upkeep\n|turn|16\n|\n|t:|1659730827\n|switch|p1a: Kong|Rillaboom, M, shiny|100\/100\n|-damage|p1a: Kong|88\/100|[from] Stealth Rock\n|-fieldstart|move: Grassy Terrain|[from] ability: Grassy Surge|[of] p1a: Kong\n|move|p2a: Tapu Fini|Moonblast|p1a: Kong\n|-damage|p1a: Kong|39\/100\n|\n|-heal|p2a: Tapu Fini|62\/100|[from] Grassy Terrain\n|-heal|p1a: Kong|45\/100|[from] Grassy Terrain\n|upkeep\n|turn|17\n|\n|t:|1659730830\n|switch|p2a: Kartana|Kartana|88\/100\n|-damage|p2a: Kartana|82\/100|[from] Stealth Rock\n|move|p1a: Kong|Grassy Glide|p2a: Kartana\n|-resisted|p2a: Kartana\n|-damage|p2a: Kartana|65\/100\n|-damage|p1a: Kong|35\/100|[from] item: Life Orb\n|\n|-heal|p2a: Kartana|71\/100|[from] Grassy Terrain\n|-heal|p1a: Kong|41\/100|[from] Grassy Terrain\n|upkeep\n|turn|18\n|\n|t:|1659730834\n|move|p2a: Kartana|Sacred Sword|p1a: Kong\n|-damage|p1a: Kong|0 fnt\n|faint|p1a: Kong\n|-ability|p2a: Kartana|Beast Boost|boost\n|-boost|p2a: Kartana|atk|1\n|\n|-heal|p2a: Kartana|77\/100|[from] Grassy Terrain\n|upkeep\n|\n|t:|1659730836\n|switch|p1a: Deathstroke|Kartana, shiny|94\/100\n|-damage|p1a: Deathstroke|88\/100|[from] Stealth Rock\n|turn|19\n|\n|t:|1659730840\n|move|p1a: Deathstroke|Sacred Sword|p2a: Kartana\n|-supereffective|p2a: Kartana\n|-damage|p2a: Kartana|0 fnt\n|faint|p2a: Kartana\n|-ability|p1a: Deathstroke|Beast Boost|boost\n|-boost|p1a: Deathstroke|atk|1\n|\n|-heal|p1a: Deathstroke|94\/100|[from] Grassy Terrain\n|upkeep\n|\n|t:|1659730842\n|switch|p2a: Tapu Fini|Tapu Fini|62\/100\n|-damage|p2a: Tapu Fini|50\/100|[from] Stealth Rock\n|-fieldstart|move: Misty Terrain|[from] ability: Misty Surge|[of] p2a: Tapu Fini\n|turn|20\n|\n|t:|1659730844\n|move|p1a: Deathstroke|Sacred Sword|p2a: Tapu Fini\n|-resisted|p2a: Tapu Fini\n|-damage|p2a: Tapu Fini|19\/100\n|move|p2a: Tapu Fini|Moonblast|p1a: Deathstroke\n|-resisted|p1a: Deathstroke\n|-damage|p1a: Deathstroke|32\/100\n|\n|upkeep\n|turn|21\n|\n|t:|1659730847\n|move|p1a: Deathstroke|Sacred Sword|p2a: Tapu Fini\n|-resisted|p2a: Tapu Fini\n|-damage|p2a: Tapu Fini|0 fnt\n|faint|p2a: Tapu Fini\n|-ability|p1a: Deathstroke|Beast Boost|boost\n|-boost|p1a: Deathstroke|atk|1\n|\n|upkeep\n|\n|t:|1659730848\n|switch|p2a: Hawlucha|Hawlucha, F|100\/100\n|-damage|p2a: Hawlucha|88\/100|[from] Stealth Rock\n|-enditem|p2a: Hawlucha|Misty Seed\n|-boost|p2a: Hawlucha|spd|1|[from] item: Misty Seed\n|turn|22\n|\n|t:|1659730851\n|move|p2a: Hawlucha|Close Combat|p1a: Deathstroke\n|-supereffective|p1a: Deathstroke\n|-damage|p1a: Deathstroke|0 fnt\n|-unboost|p2a: Hawlucha|def|1\n|-unboost|p2a: Hawlucha|spd|1\n|faint|p1a: Deathstroke\n|\n|win|himynametay\n|raw|LT92PF Athena's rating: 1656 &rarr; <strong>1631<\/strong><br \/>(-25 for losing)\n|raw|himynametay's rating: 1570 &rarr; <strong>1595<\/strong><br \/>(+25 for winning)\n|l|\u2606LT92PF Athena\n|l|\u203dhimynametay\n||Ladder isn't responding, score probably updated but might not have (Request timeout).\n|j|\u203dhimynametay\n|player|p2|himynametay|elesa\n","uploadtime":1659730855,"views":9,"p1id":"lt92pfathena","p2id":"himynametay","formatid":"gen8ou","rating":1595,"private":0,"password":null}