{"id":"gen8oublitz-1670888499","p1":"RL726","p2":"FENDINI","format":"gen8oublitz","log":"|inactive|Battle timer is ON: inactive players will automatically lose when time's up.\n|j|\u2606RL726\n|j|\u2606FENDINI\n|t:|1663875810\n|gametype|singles\n|player|p1|RL726|2|1179\n|player|p2|FENDINI|ethan-masters|1452\n|teamsize|p1|6\n|teamsize|p2|6\n|gen|8\n|tier|[Gen 8] OU (Blitz)\n|rated|\n|rule|Sleep Clause Mod: Limit one foe put to sleep\n|rule|Species Clause: Limit one of each Pok\u00e9mon\n|rule|OHKO Clause: OHKO moves are banned\n|rule|Evasion Items Clause: Evasion items are banned\n|rule|Evasion Moves Clause: Evasion moves are banned\n|rule|Endless Battle Clause: Forcing endless battles is banned\n|rule|HP Percentage Mod: HP is shown in percentages\n|rule|Dynamax Clause: You cannot dynamax\n|rule|Blitz: Super-fast timer\n|clearpoke\n|poke|p1|Kingdra, F|\n|poke|p1|Lanturn, F|\n|poke|p1|Togekiss, M|\n|poke|p1|Pelipper, M|\n|poke|p1|Ferrothorn, F|\n|poke|p1|Crawdaunt, M|\n|poke|p2|Rillaboom, F|\n|poke|p2|Tornadus-Therian, M|\n|poke|p2|Blaziken, M|\n|poke|p2|Melmetal|\n|poke|p2|Garchomp, M|\n|poke|p2|Slowbro, M|\n|teampreview\n|inactive|FENDINI has 30 seconds left.\n|\n|t:|1663875823\n|start\n|switch|p1a: Pelipper|Pelipper, M|100\/100\n|switch|p2a: Tornadus|Tornadus-Therian, M|100\/100\n|-weather|RainDance|[from] ability: Drizzle|[of] p1a: Pelipper\n|turn|1\n|\n|t:|1663875828\n|switch|p1a: Lanturn|Lanturn, F|100\/100\n|move|p2a: Tornadus|Knock Off|p1a: Lanturn\n|-damage|p1a: Lanturn|72\/100\n|-enditem|p1a: Lanturn|Assault Vest|[from] move: Knock Off|[of] p2a: Tornadus\n|\n|-weather|RainDance|[upkeep]\n|upkeep\n|turn|2\n|inactive|RL726 has 10 seconds left.\n|inactive|FENDINI has 10 seconds left.\n|\n|t:|1663875833\n|move|p2a: Tornadus|U-turn|p1a: Lanturn\n|-damage|p1a: Lanturn|53\/100\n|\n|t:|1663875836\n|switch|p2a: Garchomp|Garchomp, M|100\/100|[from]move: U-turn\n|move|p1a: Lanturn|Ice Beam|p2a: Garchomp\n|-supereffective|p2a: Garchomp\n|-damage|p2a: Garchomp|42\/100\n|\n|-weather|RainDance|[upkeep]\n|-heal|p2a: Garchomp|48\/100|[from] item: Leftovers\n|upkeep\n|turn|3\n|inactive|RL726 has 10 seconds left.\n|inactive|FENDINI has 10 seconds left.\n|\n|t:|1663875842\n|switch|p1a: Togekiss|Togekiss, M|100\/100\n|move|p2a: Garchomp|Protect||[still]\n|-fail|p2a: Garchomp\n|\n|-weather|RainDance|[upkeep]\n|-heal|p2a: Garchomp|54\/100|[from] item: Leftovers\n|upkeep\n|turn|4\n|inactive|RL726 has 10 seconds left.\n|inactive|FENDINI has 10 seconds left.\n|\n|t:|1663875848\n|move|p1a: Togekiss|Nasty Plot|p1a: Togekiss\n|-boost|p1a: Togekiss|spa|2\n|move|p2a: Garchomp|Toxic|p1a: Togekiss\n|-status|p1a: Togekiss|tox\n|\n|-weather|RainDance|[upkeep]\n|-heal|p2a: Garchomp|61\/100|[from] item: Leftovers\n|-damage|p1a: Togekiss|94\/100 tox|[from] psn\n|upkeep\n|turn|5\n|inactive|RL726 has 10 seconds left.\n|\n|t:|1663875855\n|switch|p2a: Tornadus|Tornadus-Therian, M|100\/100\n|move|p1a: Togekiss|Heal Bell|p1a: Togekiss\n|-activate|p1a: Togekiss|move: Heal Bell\n|-curestatus|p1a: Togekiss|tox|[msg]\n|\n|-weather|RainDance|[upkeep]\n|upkeep\n|turn|6\n|inactive|FENDINI has 10 seconds left.\n|\n|t:|1663875861\n|move|p2a: Tornadus|Knock Off|p1a: Togekiss\n|-resisted|p1a: Togekiss\n|-damage|p1a: Togekiss|85\/100\n|-enditem|p1a: Togekiss|Heavy-Duty Boots|[from] move: Knock Off|[of] p2a: Tornadus\n|move|p1a: Togekiss|Air Slash|p2a: Tornadus\n|-damage|p2a: Tornadus|41\/100\n|\n|-weather|RainDance|[upkeep]\n|upkeep\n|turn|7\n|\n|t:|1663875864\n|move|p2a: Tornadus|U-turn|p1a: Togekiss\n|-resisted|p1a: Togekiss\n|-crit|p1a: Togekiss\n|-damage|p1a: Togekiss|81\/100\n|\n|t:|1663875869\n|switch|p2a: Melmetal|Melmetal|100\/100|[from]move: U-turn\n|move|p1a: Togekiss|Air Slash|p2a: Melmetal\n|-resisted|p2a: Melmetal\n|-damage|p2a: Melmetal|73\/100\n|\n|-weather|RainDance|[upkeep]\n|-heal|p2a: Melmetal|80\/100|[from] item: Leftovers\n|upkeep\n|turn|8\n|\n|t:|1663875874\n|switch|p1a: Ferrothorn|Ferrothorn, F|100\/100\n|move|p2a: Melmetal|Double Iron Bash|p1a: Ferrothorn\n|-resisted|p1a: Ferrothorn\n|-damage|p1a: Ferrothorn|87\/100\n|-damage|p2a: Melmetal|67\/100|[from] ability: Iron Barbs|[of] p1a: Ferrothorn\n|-damage|p2a: Melmetal|50\/100|[from] item: Rocky Helmet|[of] p1a: Ferrothorn\n|-resisted|p1a: Ferrothorn\n|-damage|p1a: Ferrothorn|74\/100\n|-damage|p2a: Melmetal|38\/100|[from] ability: Iron Barbs|[of] p1a: Ferrothorn\n|-damage|p2a: Melmetal|21\/100|[from] item: Rocky Helmet|[of] p1a: Ferrothorn\n|-hitcount|p1a: Ferrothorn|2\n|\n|-weather|none\n|-heal|p2a: Melmetal|28\/100|[from] item: Leftovers\n|upkeep\n|turn|9\n|inactive|RL726 has 10 seconds left.\n|inactive|FENDINI has 10 seconds left.\n|\n|t:|1663875882\n|switch|p2a: Garchomp|Garchomp, M|61\/100\n|move|p1a: Ferrothorn|Stealth Rock|p2a: Garchomp\n|-sidestart|p2: FENDINI|move: Stealth Rock\n|\n|-heal|p2a: Garchomp|67\/100|[from] item: Leftovers\n|upkeep\n|turn|10\n|\n|t:|1663875886\n|move|p2a: Garchomp|Stealth Rock|p1a: Ferrothorn\n|-sidestart|p1: RL726|move: Stealth Rock\n|move|p1a: Ferrothorn|Leech Seed|p2a: Garchomp\n|-start|p2a: Garchomp|move: Leech Seed\n|\n|-heal|p2a: Garchomp|73\/100|[from] item: Leftovers\n|-damage|p2a: Garchomp|61\/100|[from] Leech Seed|[of] p1a: Ferrothorn\n|-heal|p1a: Ferrothorn|88\/100|[silent]\n|upkeep\n|turn|11\n|\n|t:|1663875890\n|switch|p2a: Tornadus|Tornadus-Therian, M|75\/100\n|move|p1a: Ferrothorn|Spikes|p2a: Tornadus\n|-sidestart|p2: FENDINI|Spikes\n|\n|upkeep\n|turn|12\n|\n|t:|1663875893\n|move|p2a: Tornadus|Heat Wave|p1a: Ferrothorn|[miss]\n|-miss|p2a: Tornadus|p1a: Ferrothorn\n|move|p1a: Ferrothorn|Leech Seed|p2a: Tornadus|[miss]\n|-miss|p1a: Ferrothorn|p2a: Tornadus\n|\n|upkeep\n|turn|13\n|\n|t:|1663875898\n|switch|p1a: Lanturn|Lanturn, F|53\/100\n|-damage|p1a: Lanturn|41\/100|[from] Stealth Rock\n|move|p2a: Tornadus|Defog|p1a: Lanturn\n|-unboost|p1a: Lanturn|evasion|1\n|-sideend|p1: RL726|Stealth Rock|[from] move: Defog|[of] p2a: Tornadus\n|-sideend|p2: FENDINI|Spikes|[from] move: Defog|[of] p2a: Tornadus\n|-sideend|p2: FENDINI|Stealth Rock|[from] move: Defog|[of] p2a: Tornadus\n|\n|upkeep\n|turn|14\n|inactive|FENDINI has 10 seconds left.\n|\n|t:|1663875906\n|move|p2a: Tornadus|Knock Off|p1a: Lanturn\n|-damage|p1a: Lanturn|23\/100\n|move|p1a: Lanturn|Ice Beam|p2a: Tornadus\n|-supereffective|p2a: Tornadus\n|-damage|p2a: Tornadus|28\/100\n|\n|upkeep\n|turn|15\n|inactive|FENDINI has 10 seconds left.\n|\n|t:|1663875910\n|move|p2a: Tornadus|U-turn|p1a: Lanturn\n|-damage|p1a: Lanturn|3\/100\n|inactive|FENDINI has 10 seconds left.\n|\n|t:|1663875920\n|switch|p2a: Slowbro|Slowbro, M|100\/100|[from]move: U-turn\n|move|p1a: Lanturn|Ice Beam|p2a: Slowbro\n|-resisted|p2a: Slowbro\n|-damage|p2a: Slowbro|88\/100\n|\n|upkeep\n|turn|16\n|inactive|FENDINI has 10 seconds left.\n|\n|t:|1663875926\n|move|p1a: Lanturn|Volt Switch|p2a: Slowbro\n|-supereffective|p2a: Slowbro\n|-damage|p2a: Slowbro|33\/100\n|\n|t:|1663875929\n|switch|p1a: Pelipper|Pelipper, M|100\/100|[from]move: Volt Switch\n|-weather|RainDance|[from] ability: Drizzle|[of] p1a: Pelipper\n|move|p2a: Slowbro|Scald|p1a: Pelipper\n|-resisted|p1a: Pelipper\n|-crit|p1a: Pelipper\n|-damage|p1a: Pelipper|59\/100\n|-status|p1a: Pelipper|brn\n|\n|-weather|RainDance|[upkeep]\n|-damage|p1a: Pelipper|53\/100 brn|[from] brn\n|upkeep\n|turn|17\n|inactive|FENDINI has 10 seconds left.\n|\n|t:|1663875934\n|move|p1a: Pelipper|U-turn|p2a: Slowbro\n|-supereffective|p2a: Slowbro\n|-damage|p2a: Slowbro|28\/100\n|-damage|p1a: Pelipper|37\/100 brn|[from] item: Rocky Helmet|[of] p2a: Slowbro\n|\n|t:|1663875936\n|switch|p1a: Crawdaunt|Crawdaunt, M|100\/100|[from]move: U-turn\n|move|p2a: Slowbro|Future Sight|p1a: Crawdaunt\n|-start|p2a: Slowbro|move: Future Sight\n|\n|-weather|RainDance|[upkeep]\n|upkeep\n|turn|18\n|inactive|RL726 has 10 seconds left.\n|\n|t:|1663875946\n|move|p1a: Crawdaunt|Knock Off|p2a: Slowbro\n|-supereffective|p2a: Slowbro\n|-damage|p2a: Slowbro|0 fnt\n|-damage|p1a: Crawdaunt|84\/100|[from] item: Rocky Helmet|[of] p2a: Slowbro\n|-enditem|p2a: Slowbro|Rocky Helmet|[from] move: Knock Off|[of] p1a: Crawdaunt\n|faint|p2a: Slowbro\n|-damage|p1a: Crawdaunt|74\/100|[from] item: Life Orb\n|\n|-weather|RainDance|[upkeep]\n|upkeep\n|inactive|FENDINI has 10 seconds left.\n|\n|t:|1663875951\n|switch|p2a: Rillaboom|Rillaboom, F|100\/100\n|-fieldstart|move: Grassy Terrain|[from] ability: Grassy Surge|[of] p2a: Rillaboom\n|turn|19\n|\n|t:|1663875955\n|switch|p1a: Ferrothorn|Ferrothorn, F|88\/100\n|move|p2a: Rillaboom|Swords Dance|p2a: Rillaboom\n|-boost|p2a: Rillaboom|atk|2\n|\n|-weather|RainDance|[upkeep]\n|-end|p1a: Ferrothorn|move: Future Sight\n|-resisted|p1a: Ferrothorn\n|-damage|p1a: Ferrothorn|71\/100\n|-heal|p1a: Ferrothorn|77\/100|[from] Grassy Terrain\n|upkeep\n|turn|20\n|inactive|RL726 has 10 seconds left.\n|\n|t:|1663875961\n|move|p2a: Rillaboom|Drain Punch|p1a: Ferrothorn\n|-supereffective|p1a: Ferrothorn\n|-damage|p1a: Ferrothorn|16\/100\n|-damage|p2a: Rillaboom|88\/100|[from] ability: Iron Barbs|[of] p1a: Ferrothorn\n|-damage|p2a: Rillaboom|71\/100|[from] item: Rocky Helmet|[of] p1a: Ferrothorn\n|move|p1a: Ferrothorn|Power Whip|p2a: Rillaboom\n|-resisted|p2a: Rillaboom\n|-damage|p2a: Rillaboom|46\/100\n|\n|-weather|RainDance|[upkeep]\n|-heal|p2a: Rillaboom|52\/100|[from] Grassy Terrain\n|-heal|p2a: Rillaboom|59\/100|[from] item: Leftovers\n|-heal|p1a: Ferrothorn|22\/100|[from] Grassy Terrain\n|upkeep\n|turn|21\n|inactive|RL726 has 10 seconds left.\n|inactive|FENDINI has 10 seconds left.\n|\n|t:|1663875968\n|move|p2a: Rillaboom|Knock Off|p1a: Ferrothorn\n|-damage|p1a: Ferrothorn|0 fnt\n|-damage|p2a: Rillaboom|46\/100|[from] ability: Iron Barbs|[of] p1a: Ferrothorn\n|-damage|p2a: Rillaboom|30\/100|[from] item: Rocky Helmet|[of] p1a: Ferrothorn\n|-enditem|p1a: Ferrothorn|Rocky Helmet|[from] move: Knock Off|[of] p2a: Rillaboom\n|faint|p1a: Ferrothorn\n|\n|-weather|RainDance|[upkeep]\n|-heal|p2a: Rillaboom|36\/100|[from] Grassy Terrain\n|-heal|p2a: Rillaboom|42\/100|[from] item: Leftovers\n|upkeep\n|inactive|RL726 has 10 seconds left.\n|\n|t:|1663875975\n|switch|p1a: Togekiss|Togekiss, M|81\/100\n|turn|22\n|inactive|FENDINI has 10 seconds left.\n|\n|t:|1663875984\n|switch|p2a: Garchomp|Garchomp, M|61\/100\n|move|p1a: Togekiss|Air Slash|p2a: Garchomp\n|-damage|p2a: Garchomp|39\/100\n|\n|-weather|RainDance|[upkeep]\n|-heal|p2a: Garchomp|45\/100|[from] Grassy Terrain\n|-heal|p2a: Garchomp|51\/100|[from] item: Leftovers\n|upkeep\n|turn|23\n|inactive|RL726 has 10 seconds left.\n|inactive|RL726 has 5 seconds left.\n|\n|t:|1663875994\n|move|p1a: Togekiss|Roost|p1a: Togekiss\n|-heal|p1a: Togekiss|100\/100\n|-singleturn|p1a: Togekiss|move: Roost\n|move|p2a: Garchomp|Stealth Rock|p1a: Togekiss\n|-sidestart|p1: RL726|move: Stealth Rock\n|\n|-weather|none\n|-heal|p2a: Garchomp|58\/100|[from] Grassy Terrain\n|-heal|p2a: Garchomp|64\/100|[from] item: Leftovers\n|-fieldend|move: Grassy Terrain\n|upkeep\n|turn|24\n|inactive|RL726 has 10 seconds left this turn.\n|inactive|RL726 has 5 seconds left.\n|inactive|FENDINI has 10 seconds left.\n|\n|t:|1663876003\n|move|p1a: Togekiss|Nasty Plot|p1a: Togekiss\n|-boost|p1a: Togekiss|spa|2\n|move|p2a: Garchomp|Toxic|p1a: Togekiss\n|-status|p1a: Togekiss|tox\n|\n|-heal|p2a: Garchomp|70\/100|[from] item: Leftovers\n|-damage|p1a: Togekiss|94\/100 tox|[from] psn\n|upkeep\n|turn|25\n|inactive|RL726 has 10 seconds left this turn.\n|inactive|RL726 has 5 seconds left.\n|\n|t:|1663876009\n|switch|p2a: Melmetal|Melmetal|28\/100\n|move|p1a: Togekiss|Heal Bell|p1a: Togekiss\n|-activate|p1a: Togekiss|move: Heal Bell\n|-curestatus|p1a: Togekiss|tox|[msg]\n|-curestatus|p1: Pelipper|brn|[msg]\n|\n|-heal|p2a: Melmetal|34\/100|[from] item: Leftovers\n|upkeep\n|turn|26\n|inactive|RL726 has 10 seconds left this turn.\n|\n|t:|1663876014\n|move|p1a: Togekiss|Air Slash|p2a: Melmetal\n|-resisted|p2a: Melmetal\n|-damage|p2a: Melmetal|6\/100\n|cant|p2a: Melmetal|flinch\n|\n|-heal|p2a: Melmetal|12\/100|[from] item: Leftovers\n|upkeep\n|turn|27\n|\n|t:|1663876019\n|move|p2a: Melmetal|Protect|p2a: Melmetal\n|-singleturn|p2a: Melmetal|Protect\n|move|p1a: Togekiss|Air Slash|p2a: Melmetal\n|-activate|p2a: Melmetal|move: Protect\n|\n|-heal|p2a: Melmetal|18\/100|[from] item: Leftovers\n|upkeep\n|turn|28\n|\n|t:|1663876023\n|move|p1a: Togekiss|Air Slash|p2a: Melmetal\n|-resisted|p2a: Melmetal\n|-damage|p2a: Melmetal|0 fnt\n|faint|p2a: Melmetal\n|\n|upkeep\n|\n|t:|1663876025\n|switch|p2a: Blaziken|Blaziken, M|100\/100\n|turn|29\n|\n|t:|1663876028\n|switch|p1a: Pelipper|Pelipper, M|37\/100\n|-damage|p1a: Pelipper|12\/100|[from] Stealth Rock\n|-weather|RainDance|[from] ability: Drizzle|[of] p1a: Pelipper\n|move|p2a: Blaziken|Protect||[still]\n|-fail|p2a: Blaziken\n|\n|-weather|RainDance|[upkeep]\n|-ability|p2a: Blaziken|Speed Boost|boost\n|-boost|p2a: Blaziken|spe|1\n|upkeep\n|turn|30\n|\n|t:|1663876032\n|move|p2a: Blaziken|Flare Blitz|p1a: Pelipper\n|-resisted|p1a: Pelipper\n|-damage|p1a: Pelipper|0 fnt\n|faint|p1a: Pelipper\n|-damage|p2a: Blaziken|97\/100|[from] Recoil\n|\n|-weather|RainDance|[upkeep]\n|-heal|p2a: Blaziken|100\/100|[from] item: Leftovers\n|-ability|p2a: Blaziken|Speed Boost|boost\n|-boost|p2a: Blaziken|spe|1\n|upkeep\n|inactive|RL726 has 10 seconds left.\n|\n|t:|1663876039\n|switch|p1a: Kingdra|Kingdra, F|100\/100\n|-damage|p1a: Kingdra|88\/100|[from] Stealth Rock\n|turn|31\n|\n|t:|1663876043\n|move|p2a: Blaziken|Protect|p2a: Blaziken\n|-singleturn|p2a: Blaziken|Protect\n|move|p1a: Kingdra|Surf|p2a: Blaziken\n|-activate|p2a: Blaziken|move: Protect\n|\n|-weather|RainDance|[upkeep]\n|-ability|p2a: Blaziken|Speed Boost|boost\n|-boost|p2a: Blaziken|spe|1\n|upkeep\n|turn|32\n|\n|t:|1663876047\n|move|p2a: Blaziken|Close Combat|p1a: Kingdra\n|-damage|p1a: Kingdra|7\/100\n|-unboost|p2a: Blaziken|def|1\n|-unboost|p2a: Blaziken|spd|1\n|move|p1a: Kingdra|Surf|p2a: Blaziken\n|-supereffective|p2a: Blaziken\n|-damage|p2a: Blaziken|0 fnt\n|faint|p2a: Blaziken\n|\n|-weather|RainDance|[upkeep]\n|upkeep\n|\n|t:|1663876051\n|switch|p2a: Rillaboom|Rillaboom, F|42\/100\n|-fieldstart|move: Grassy Terrain|[from] ability: Grassy Surge|[of] p2a: Rillaboom\n|turn|33\n|\n|t:|1663876055\n|move|p2a: Rillaboom|Grassy Glide|p1a: Kingdra\n|-damage|p1a: Kingdra|0 fnt\n|faint|p1a: Kingdra\n|\n|-weather|RainDance|[upkeep]\n|-heal|p2a: Rillaboom|48\/100|[from] Grassy Terrain\n|-heal|p2a: Rillaboom|55\/100|[from] item: Leftovers\n|upkeep\n|inactive|RL726 has 10 seconds left.\n|\n|t:|1663876062\n|switch|p1a: Togekiss|Togekiss, M|94\/100\n|-damage|p1a: Togekiss|69\/100|[from] Stealth Rock\n|turn|34\n|inactive|FENDINI has 10 seconds left.\n|\n|t:|1663876069\n|switch|p2a: Garchomp|Garchomp, M|70\/100\n|move|p1a: Togekiss|Air Slash|p2a: Garchomp\n|-damage|p2a: Garchomp|51\/100\n|\n|-weather|RainDance|[upkeep]\n|-heal|p2a: Garchomp|57\/100|[from] Grassy Terrain\n|-heal|p2a: Garchomp|63\/100|[from] item: Leftovers\n|upkeep\n|turn|35\n|\n|t:|1663876073\n|move|p1a: Togekiss|Nasty Plot|p1a: Togekiss\n|-boost|p1a: Togekiss|spa|2\n|move|p2a: Garchomp|Toxic|p1a: Togekiss\n|-status|p1a: Togekiss|tox\n|\n|-weather|RainDance|[upkeep]\n|-heal|p2a: Garchomp|69\/100|[from] Grassy Terrain\n|-heal|p2a: Garchomp|76\/100|[from] item: Leftovers\n|-damage|p1a: Togekiss|63\/100 tox|[from] psn\n|upkeep\n|turn|36\n|inactive|RL726 has 10 seconds left.\n|inactive|FENDINI has 10 seconds left.\n|\n|t:|1663876079\n|switch|p2a: Tornadus|Tornadus-Therian, M|61\/100\n|move|p1a: Togekiss|Heal Bell|p1a: Togekiss\n|-activate|p1a: Togekiss|move: Heal Bell\n|-curestatus|p1a: Togekiss|tox|[msg]\n|\n|-weather|none\n|upkeep\n|turn|37\n|inactive|FENDINI has 10 seconds left.\n|\n|t:|1663876086\n|move|p2a: Tornadus|Heat Wave|p1a: Togekiss\n|-damage|p1a: Togekiss|42\/100\n|move|p1a: Togekiss|Roost|p1a: Togekiss\n|-heal|p1a: Togekiss|92\/100\n|-singleturn|p1a: Togekiss|move: Roost\n|\n|-heal|p1a: Togekiss|99\/100|[from] Grassy Terrain\n|-fieldend|move: Grassy Terrain\n|upkeep\n|turn|38\n|inactive|FENDINI has 10 seconds left.\n|\n|t:|1663876093\n|move|p2a: Tornadus|Heat Wave|p1a: Togekiss\n|-damage|p1a: Togekiss|78\/100\n|move|p1a: Togekiss|Air Slash|p2a: Tornadus\n|-damage|p2a: Tornadus|4\/100\n|\n|upkeep\n|turn|39\n|\n|t:|1663876096\n|move|p2a: Tornadus|Heat Wave|p1a: Togekiss\n|-damage|p1a: Togekiss|59\/100\n|move|p1a: Togekiss|Roost|p1a: Togekiss\n|-heal|p1a: Togekiss|100\/100\n|-singleturn|p1a: Togekiss|move: Roost\n|\n|upkeep\n|turn|40\n|\n|t:|1663876100\n|move|p2a: Tornadus|Heat Wave|p1a: Togekiss\n|-damage|p1a: Togekiss|81\/100\n|move|p1a: Togekiss|Nasty Plot|p1a: Togekiss\n|-boost|p1a: Togekiss|spa|2\n|\n|upkeep\n|turn|41\n|\n|t:|1663876104\n|move|p2a: Tornadus|Heat Wave|p1a: Togekiss\n|-damage|p1a: Togekiss|61\/100\n|move|p1a: Togekiss|Nasty Plot|p1a: Togekiss\n|-boost|p1a: Togekiss|spa|2\n|\n|upkeep\n|turn|42\n|\n|t:|1663876107\n|move|p2a: Tornadus|Heat Wave|p1a: Togekiss\n|-damage|p1a: Togekiss|42\/100\n|move|p1a: Togekiss|Roost|p1a: Togekiss\n|-heal|p1a: Togekiss|92\/100\n|-singleturn|p1a: Togekiss|move: Roost\n|\n|upkeep\n|turn|43\n|\n|t:|1663876110\n|move|p2a: Tornadus|Heat Wave|p1a: Togekiss\n|-damage|p1a: Togekiss|74\/100\n|-status|p1a: Togekiss|brn\n|move|p1a: Togekiss|Air Slash|p2a: Tornadus\n|-damage|p2a: Tornadus|0 fnt\n|faint|p2a: Tornadus\n|\n|-damage|p1a: Togekiss|68\/100 brn|[from] brn\n|upkeep\n|\n|t:|1663876115\n|switch|p2a: Rillaboom|Rillaboom, F|55\/100\n|-fieldstart|move: Grassy Terrain|[from] ability: Grassy Surge|[of] p2a: Rillaboom\n|turn|44\n|\n|t:|1663876117\n|move|p2a: Rillaboom|Grassy Glide|p1a: Togekiss\n|-resisted|p1a: Togekiss\n|-damage|p1a: Togekiss|43\/100 brn\n|move|p1a: Togekiss|Air Slash|p2a: Rillaboom\n|-supereffective|p2a: Rillaboom\n|-damage|p2a: Rillaboom|0 fnt\n|faint|p2a: Rillaboom\n|\n|-damage|p1a: Togekiss|36\/100 brn|[from] brn\n|upkeep\n|-message|FENDINI forfeited.\n|\n|win|RL726\n|raw|RL726's rating: 1179 &rarr; <strong>1220<\/strong><br \/>(+41 for winning)\n|raw|FENDINI's rating: 1452 &rarr; <strong>1419<\/strong><br \/>(-33 for losing)\n|l|\u2606FENDINI\n","uploadtime":1663876124,"views":16,"p1id":"rl726","p2id":"fendini","formatid":"gen8oublitz","rating":1220,"private":0,"password":null}