{"id":"gen8ou-1697625383","p1":"EEEEEvolto","p2":"Kotokawa Akira","format":"gen8ou","log":"|j|\u2606EEEEEvolto\n|j|\u2606Kotokawa Akira\n|t:|1667015423\n|gametype|singles\n|player|p1|EEEEEvolto|1|1550\n|player|p2|Kotokawa Akira|erika|1618\n|teamsize|p1|6\n|teamsize|p2|6\n|gen|8\n|tier|[Gen 8] OU\n|rated|\n|rule|Sleep Clause Mod: Limit one foe put to sleep\n|rule|Species Clause: Limit one of each Pok\u00e9mon\n|rule|OHKO Clause: OHKO moves are banned\n|rule|Evasion Items Clause: Evasion items are banned\n|rule|Evasion Moves Clause: Evasion moves are banned\n|rule|Endless Battle Clause: Forcing endless battles is banned\n|rule|HP Percentage Mod: HP is shown in percentages\n|rule|Dynamax Clause: You cannot dynamax\n|clearpoke\n|poke|p1|Hatterene, F|\n|poke|p1|Marowak-Alola, F|\n|poke|p1|Melmetal|\n|poke|p1|Crawdaunt, F|\n|poke|p1|Porygon2|\n|poke|p1|Cresselia, F|\n|poke|p2|Zapdos|\n|poke|p2|Weavile, F|\n|poke|p2|Kartana|\n|poke|p2|Landorus-Therian, M|\n|poke|p2|Volcanion|\n|poke|p2|Melmetal|\n|teampreview\n|\n|t:|1667015430\n|start\n|switch|p1a: Melmetal|Melmetal|100\/100\n|switch|p2a: Melmetal|Melmetal|100\/100\n|turn|1\n|inactive|Battle timer is ON: inactive players will automatically lose when time's up. (requested by Kotokawa Akira)\n|\n|t:|1667015435\n|move|p2a: Melmetal|Thunder Punch|p1a: Melmetal\n|-damage|p1a: Melmetal|69\/100\n|move|p1a: Melmetal|Superpower|p2a: Melmetal\n|-supereffective|p2a: Melmetal\n|-damage|p2a: Melmetal|14\/100\n|-unboost|p1a: Melmetal|atk|1\n|-unboost|p1a: Melmetal|def|1\n|\n|upkeep\n|turn|2\n|\n|t:|1667015441\n|switch|p2a: Zapdos|Zapdos|100\/100\n|switch|p1a: Cresselia|Cresselia, F|100\/100\n|\n|upkeep\n|turn|3\n|\n|t:|1667015445\n|move|p2a: Zapdos|Hurricane|p1a: Cresselia\n|-damage|p1a: Cresselia|64\/100\n|move|p1a: Cresselia|Trick Room|p1a: Cresselia\n|-fieldstart|move: Trick Room|[of] p1a: Cresselia\n|\n|upkeep\n|turn|4\n|\n|t:|1667015449\n|move|p1a: Cresselia|Ice Beam|p2a: Zapdos\n|-supereffective|p2a: Zapdos\n|-damage|p2a: Zapdos|61\/100\n|move|p2a: Zapdos|Hurricane|p1a: Cresselia\n|-damage|p1a: Cresselia|25\/100\n|\n|upkeep\n|turn|5\n|\n|t:|1667015455\n|move|p1a: Cresselia|Moonlight|p1a: Cresselia\n|-heal|p1a: Cresselia|75\/100\n|move|p2a: Zapdos|Roost|p2a: Zapdos\n|-heal|p2a: Zapdos|100\/100\n|-singleturn|p2a: Zapdos|move: Roost\n|\n|upkeep\n|turn|6\n|\n|t:|1667015461\n|move|p1a: Cresselia|Ice Beam|p2a: Zapdos\n|-supereffective|p2a: Zapdos\n|-damage|p2a: Zapdos|62\/100\n|move|p2a: Zapdos|Hurricane|p1a: Cresselia\n|-damage|p1a: Cresselia|36\/100\n|\n|upkeep\n|turn|7\n|\n|t:|1667015465\n|move|p1a: Cresselia|Moonlight|p1a: Cresselia\n|-heal|p1a: Cresselia|86\/100\n|move|p2a: Zapdos|Volt Switch|p1a: Cresselia\n|-damage|p1a: Cresselia|59\/100\n|\n|t:|1667015468\n|switch|p2a: Weavile|Weavile, F|100\/100|[from]move: Volt Switch\n|-ability|p2a: Weavile|Pressure\n|\n|-fieldend|move: Trick Room\n|upkeep\n|turn|8\n|\n|t:|1667015474\n|switch|p1a: Melmetal|Melmetal|69\/100\n|move|p2a: Weavile|Beat Up|p1a: Melmetal\n|-damage|p1a: Melmetal|62\/100\n|-damage|p1a: Melmetal|57\/100\n|-crit|p1a: Melmetal\n|-damage|p1a: Melmetal|43\/100\n|-damage|p1a: Melmetal|35\/100\n|-damage|p1a: Melmetal|29\/100\n|-damage|p1a: Melmetal|21\/100\n|-hitcount|p1a: Melmetal|6\n|\n|upkeep\n|turn|9\n|\n|t:|1667015483\n|switch|p1a: Porygon2|Porygon2|100\/100\n|-ability|p1a: Porygon2|Download|boost\n|-boost|p1a: Porygon2|atk|1\n|move|p2a: Weavile|Beat Up|p1a: Porygon2\n|-damage|p1a: Porygon2|92\/100\n|-damage|p1a: Porygon2|84\/100\n|-damage|p1a: Porygon2|73\/100\n|-damage|p1a: Porygon2|64\/100\n|-damage|p1a: Porygon2|56\/100\n|-damage|p1a: Porygon2|46\/100\n|-hitcount|p1a: Porygon2|6\n|\n|upkeep\n|turn|10\n|\n|t:|1667015488\n|move|p2a: Weavile|Beat Up|p1a: Porygon2\n|-damage|p1a: Porygon2|36\/100\n|-damage|p1a: Porygon2|29\/100\n|-damage|p1a: Porygon2|18\/100\n|-damage|p1a: Porygon2|9\/100\n|-damage|p1a: Porygon2|2\/100\n|-crit|p1a: Porygon2\n|-damage|p1a: Porygon2|0 fnt\n|faint|p1a: Porygon2\n|-hitcount|p1: Porygon2|6\n|\n|upkeep\n|\n|t:|1667015492\n|switch|p1a: Crawdaunt|Crawdaunt, F|100\/100\n|turn|11\n|\n|t:|1667015502\n|switch|p2a: Landorus|Landorus-Therian, M|100\/100\n|-ability|p2a: Landorus|Intimidate|boost\n|-unboost|p1a: Crawdaunt|atk|1\n|move|p1a: Crawdaunt|Knock Off|p2a: Landorus\n|-damage|p2a: Landorus|43\/100\n|-enditem|p2a: Landorus|Leftovers|[from] move: Knock Off|[of] p1a: Crawdaunt\n|-damage|p1a: Crawdaunt|90\/100|[from] item: Life Orb\n|\n|upkeep\n|turn|12\n|\n|t:|1667015505\n|switch|p2a: Volcanion|Volcanion|100\/100\n|move|p1a: Crawdaunt|Aqua Jet|p2a: Volcanion\n|-immune|p2a: Volcanion|[from] ability: Water Absorb\n|\n|upkeep\n|turn|13\n|\n|t:|1667015509\n|switch|p1a: Cresselia|Cresselia, F|59\/100\n|move|p2a: Volcanion|Steam Eruption|p1a: Cresselia\n|-damage|p1a: Cresselia|0 fnt\n|faint|p1a: Cresselia\n|\n|upkeep\n|\n|t:|1667015513\n|switch|p1a: Hatterene|Hatterene, F|100\/100\n|turn|14\n|\n|t:|1667015516\n|move|p2a: Volcanion|Steam Eruption|p1a: Hatterene\n|-enditem|p1a: Hatterene|Focus Sash\n|-damage|p1a: Hatterene|1\/100\n|move|p1a: Hatterene|Trick Room|p1a: Hatterene\n|-fieldstart|move: Trick Room|[of] p1a: Hatterene\n|\n|upkeep\n|turn|15\n|\n|t:|1667015518\n|move|p1a: Hatterene|Healing Wish|p1a: Hatterene\n|faint|p1a: Hatterene\n|move|p2a: Volcanion|Steam Eruption|p1: Hatterene|[notarget]\n|-fail|p2a: Volcanion\n|\n|upkeep\n|\n|t:|1667015520\n|switch|p1a: Melmetal|Melmetal|21\/100\n|-heal|p1a: Melmetal|100\/100|[from] move: Healing Wish\n|turn|16\n|\n|t:|1667015527\n|switch|p2a: Landorus|Landorus-Therian, M|43\/100\n|-ability|p2a: Landorus|Intimidate|boost\n|-unboost|p1a: Melmetal|atk|1\n|move|p1a: Melmetal|Double Iron Bash|p2a: Landorus\n|-damage|p2a: Landorus|3\/100\n|-damage|p2a: Landorus|0 fnt\n|faint|p2a: Landorus\n|-hitcount|p2: Landorus|2\n|\n|upkeep\n|\n|t:|1667015533\n|switch|p2a: Volcanion|Volcanion|100\/100\n|turn|17\n|\n|t:|1667015536\n|move|p1a: Melmetal|Double Iron Bash|p2a: Volcanion\n|-resisted|p2a: Volcanion\n|-damage|p2a: Volcanion|90\/100\n|-resisted|p2a: Volcanion\n|-crit|p2a: Volcanion\n|-damage|p2a: Volcanion|67\/100\n|-hitcount|p2a: Volcanion|2\n|cant|p2a: Volcanion|flinch\n|\n|upkeep\n|turn|18\n|\n|t:|1667015542\n|move|p1a: Melmetal|Double Iron Bash|p2a: Volcanion\n|-resisted|p2a: Volcanion\n|-damage|p2a: Volcanion|56\/100\n|-resisted|p2a: Volcanion\n|-damage|p2a: Volcanion|45\/100\n|-hitcount|p2a: Volcanion|2\n|move|p2a: Volcanion|Flamethrower|p1a: Melmetal\n|-supereffective|p1a: Melmetal\n|-damage|p1a: Melmetal|0 fnt\n|faint|p1a: Melmetal\n|\n|-fieldend|move: Trick Room\n|upkeep\n|\n|t:|1667015545\n|switch|p1a: Crawdaunt|Crawdaunt, F|90\/100\n|turn|19\n|\n|t:|1667015552\n|switch|p2a: Melmetal|Melmetal|14\/100\n|move|p1a: Crawdaunt|Knock Off|p2a: Melmetal\n|-damage|p2a: Melmetal|0 fnt\n|-enditem|p2a: Melmetal|Choice Band|[from] move: Knock Off|[of] p1a: Crawdaunt\n|faint|p2a: Melmetal\n|-damage|p1a: Crawdaunt|80\/100|[from] item: Life Orb\n|\n|upkeep\n|\n|t:|1667015558\n|switch|p2a: Zapdos|Zapdos|62\/100\n|turn|20\n|\n|t:|1667015564\n|move|p2a: Zapdos|Thunderbolt|p1a: Crawdaunt\n|-supereffective|p1a: Crawdaunt\n|-damage|p1a: Crawdaunt|0 fnt\n|faint|p1a: Crawdaunt\n|\n|upkeep\n|\n|t:|1667015567\n|switch|p1a: Marowak|Marowak-Alola, F|100\/100\n|turn|21\n|\n|t:|1667015568\n|move|p2a: Zapdos|Thunderbolt|p1a: Marowak\n|-damage|p1a: Marowak|39\/100\n|move|p1a: Marowak|Poltergeist|p2a: Zapdos\n|-activate|p2a: Zapdos|move: Poltergeist|Heavy-Duty Boots\n|-damage|p2a: Zapdos|0 fnt\n|faint|p2a: Zapdos\n|\n|upkeep\n|-message|EEEEEvolto forfeited.\n|\n|win|Kotokawa Akira\n|raw|EEEEEvolto's rating: 1550 &rarr; <strong>1534<\/strong><br \/>(-16 for losing)\n|raw|Kotokawa Akira's rating: 1618 &rarr; <strong>1634<\/strong><br \/>(+16 for winning)\n|l|\u2606EEEEEvolto\n","uploadtime":1667015576,"views":7,"p1id":"eeeeevolto","p2id":"kotokawaakira","formatid":"gen8ou","rating":1534,"private":0,"password":null}