{"id":"gen8nationaldexag-1072603953","p1":"thelord21","p2":"yhdrslb","format":"gen8nationaldexag","log":"|j|\u2606thelord21\n|j|\u2606yhdrslb\n|player|p1|thelord21|1|1349\n|player|p2|yhdrslb|30|1485\n|teamsize|p1|6\n|teamsize|p2|6\n|gametype|singles\n|gen|8\n|tier|[Gen 8] National Dex AG\n|rated|\n|clearpoke\n|poke|p1|Zapdos|\n|poke|p1|Zacian-Crowned|\n|poke|p1|Arceus-*|\n|poke|p1|Lugia|\n|poke|p1|Rayquaza|\n|poke|p1|Groudon|\n|poke|p2|Espeon, F|\n|poke|p2|Whimsicott, M|\n|poke|p2|Lugia|\n|poke|p2|Smeargle, M|\n|poke|p2|Rayquaza|\n|poke|p2|Giratina|\n|rule|HP Percentage Mod: HP is shown in percentages\n|rule|Endless Battle Clause: Forcing endless battles is banned\n|teampreview\n|inactive|Battle timer is ON: inactive players will automatically lose when time's up. (requested by yhdrslb)\n|\n|start\n|switch|p1a: Zacian|Zacian-Crowned|100\/100\n|switch|p2a: Smeargle|Smeargle, M|100\/100\n|-ability|p1a: Zacian|Intrepid Sword|boost\n|-boost|p1a: Zacian|atk|1\n|turn|1\n|\n|move|p1a: Zacian|Behemoth Blade|p2a: Smeargle\n|-enditem|p2a: Smeargle|Focus Sash\n|-damage|p2a: Smeargle|1\/100\n|move|p2a: Smeargle|Nuzzle|p1a: Zacian\n|-damage|p1a: Zacian|99\/100\n|-status|p1a: Zacian|par\n|\n|-ability|p2a: Smeargle|Moody|boost\n|-boost|p2a: Smeargle|spd|2\n|-unboost|p2a: Smeargle|atk|1\n|upkeep\n|turn|2\n|\n|move|p2a: Smeargle|Stealth Rock|p1a: Zacian\n|-sidestart|p1: thelord21|move: Stealth Rock\n|cant|p1a: Zacian|par\n|\n|-ability|p2a: Smeargle|Moody|boost\n|-boost|p2a: Smeargle|spe|2\n|-unboost|p2a: Smeargle|spa|1\n|upkeep\n|turn|3\n|\n|switch|p2a: Lugia|Lugia|100\/100\n|cant|p1a: Zacian|par\n|\n|upkeep\n|turn|4\n|\n|switch|p1a: Zapdos|Zapdos|100\/100\n|-damage|p1a: Zapdos|75\/100|[from] Stealth Rock\n|-ability|p1a: Zapdos|Pressure\n|move|p2a: Lugia|Whirlwind|p1a: Zapdos\n|drag|p1a: Arceus|Arceus-Fire|100\/100\n|-damage|p1a: Arceus|75\/100|[from] Stealth Rock\n|\n|upkeep\n|turn|5\n|\n|move|p1a: Arceus|Toxic|p2a: Lugia\n|-status|p2a: Lugia|tox\n|move|p2a: Lugia|Toxic|p1a: Arceus\n|-status|p1a: Arceus|tox\n|\n|-damage|p1a: Arceus|69\/100 tox|[from] psn\n|-damage|p2a: Lugia|94\/100 tox|[from] psn\n|upkeep\n|turn|6\n|\n|move|p1a: Arceus|Judgment|p2a: Lugia\n|-damage|p2a: Lugia|63\/100 tox\n|move|p2a: Lugia|Whirlwind|p1a: Arceus\n|drag|p1a: Groudon|Groudon|100\/100\n|-damage|p1a: Groudon|94\/100|[from] Stealth Rock\n|detailschange|p1a: Groudon|Groudon-Primal\n|-primal|p1a: Groudon\n|-weather|DesolateLand|[from] ability: Desolate Land|[of] p1a: Groudon\n|\n|-weather|DesolateLand|[upkeep]\n|-heal|p2a: Lugia|69\/100 tox|[from] item: Leftovers\n|-damage|p2a: Lugia|57\/100 tox|[from] psn\n|upkeep\n|turn|7\n|\n|switch|p2a: Giratina|Giratina|100\/100\n|-ability|p2a: Giratina|Pressure\n|move|p1a: Groudon|Fire Punch|p2a: Giratina\n|-resisted|p2a: Giratina\n|-damage|p2a: Giratina|81\/100\n|\n|-weather|DesolateLand|[upkeep]\n|-heal|p2a: Giratina|87\/100|[from] item: Leftovers\n|upkeep\n|turn|8\n|\n|move|p1a: Groudon|Precipice Blades|p2a: Giratina\n|-damage|p2a: Giratina|47\/100\n|move|p2a: Giratina|Dragon Tail|p1a: Groudon\n|-damage|p1a: Groudon|81\/100\n|-weather|none\n|drag|p1a: Zacian|Zacian-Crowned|99\/100 par\n|-damage|p1a: Zacian|93\/100 par|[from] Stealth Rock\n|-ability|p1a: Zacian|Intrepid Sword|boost\n|-boost|p1a: Zacian|atk|1\n|\n|-heal|p2a: Giratina|53\/100|[from] item: Leftovers\n|upkeep\n|turn|9\n|\n|switch|p2a: Smeargle|Smeargle, M|1\/100\n|cant|p1a: Zacian|par\n|\n|-ability|p2a: Smeargle|Moody|boost\n|-boost|p2a: Smeargle|spa|2\n|-unboost|p2a: Smeargle|atk|1\n|upkeep\n|turn|10\n|\n|move|p2a: Smeargle|Memento|p1a: Zacian\n|-unboost|p1a: Zacian|atk|2\n|-unboost|p1a: Zacian|spa|2\n|faint|p2a: Smeargle\n|move|p1a: Zacian|Behemoth Blade|p2: Smeargle|[notarget]\n|-fail|p1a: Zacian\n|\n|upkeep\n|\n|switch|p2a: Espeon|Espeon, F|100\/100\n|turn|11\n|\n|move|p2a: Espeon|Heal Bell|p2a: Espeon\n|-activate|p2a: Espeon|move: Heal Bell\n|-curestatus|p2: Lugia|tox|[msg]\n|move|p1a: Zacian|Swords Dance|p1a: Zacian\n|-boost|p1a: Zacian|atk|2\n|\n|upkeep\n|turn|12\n|\n|move|p2a: Espeon|Heal Bell||[still]\n|-activate|p2a: Espeon|move: Heal Bell\n|-fail|p2a: Espeon\n|cant|p1a: Zacian|par\n|\n|upkeep\n|turn|13\n|\n|move|p2a: Espeon|Heal Bell||[still]\n|-activate|p2a: Espeon|move: Heal Bell\n|-fail|p2a: Espeon\n|move|p1a: Zacian|Behemoth Blade|p2a: Espeon\n|-damage|p2a: Espeon|0 fnt\n|faint|p2a: Espeon\n|\n|upkeep\n|\n|switch|p2a: Rayquaza|Rayquaza|100\/100\n|-ability|p2a: Rayquaza|Air Lock\n|turn|14\n|\n|detailschange|p2a: Rayquaza|Rayquaza-Mega\n|-mega|p2a: Rayquaza|Rayquaza|\n|-weather|DeltaStream|[from] ability: Delta Stream|[of] p2a: Rayquaza\n|move|p2a: Rayquaza|Earthquake|p1a: Zacian\n|-supereffective|p1a: Zacian\n|-damage|p1a: Zacian|0 fnt\n|-damage|p2a: Rayquaza|91\/100|[from] item: Life Orb\n|faint|p1a: Zacian\n|\n|-weather|DeltaStream|[upkeep]\n|upkeep\n|\n|switch|p1a: Zapdos|Zapdos|75\/100\n|-damage|p1a: Zapdos|50\/100|[from] Stealth Rock\n|-ability|p1a: Zapdos|Pressure\n|turn|15\n|\n|-start|p1a: Zapdos|Dynamax\n|-heal|p1a: Zapdos|50\/100|[silent]\n|move|p2a: Rayquaza|Dragon Dance|p2a: Rayquaza\n|-boost|p2a: Rayquaza|atk|1\n|-boost|p2a: Rayquaza|spe|1\n|move|p1a: Zapdos|Max Airstream|p2a: Rayquaza\n|-damage|p2a: Rayquaza|17\/100\n|-boost|p1a: Zapdos|spe|1\n|-damage|p1a: Zapdos|45\/100|[from] item: Life Orb\n|\n|-weather|DeltaStream|[upkeep]\n|upkeep\n|turn|16\n|inactive|yhdrslb has 120 seconds left.\n|\n|-weather|none\n|switch|p2a: Giratina|Giratina|53\/100\n|-ability|p2a: Giratina|Pressure\n|move|p1a: Zapdos|Max Airstream|p2a: Giratina\n|-damage|p2a: Giratina|13\/100\n|-boost|p1a: Zapdos|spe|1\n|-damage|p1a: Zapdos|40\/100|[from] item: Life Orb\n|\n|-heal|p2a: Giratina|19\/100|[from] item: Leftovers\n|upkeep\n|turn|17\n|\n|switch|p2a: Lugia|Lugia|57\/100\n|move|p1a: Zapdos|Max Airstream|p2a: Lugia\n|-damage|p2a: Lugia|14\/100\n|-boost|p1a: Zapdos|spe|1\n|-damage|p1a: Zapdos|35\/100|[from] item: Life Orb\n|\n|-heal|p2a: Lugia|20\/100|[from] item: Leftovers\n|-end|p1a: Zapdos|Dynamax\n|-heal|p1a: Zapdos|35\/100|[silent]\n|upkeep\n|turn|18\n|inactive|thelord21 has 120 seconds left.\n|\n|switch|p2a: Giratina|Giratina|19\/100\n|-ability|p2a: Giratina|Pressure\n|move|p1a: Zapdos|Thunder|p2a: Giratina\n|-resisted|p2a: Giratina\n|-damage|p2a: Giratina|0 fnt\n|-damage|p1a: Zapdos|25\/100|[from] item: Life Orb\n|faint|p2a: Giratina\n|\n|upkeep\n|\n|switch|p2a: Whimsicott|Whimsicott, M|100\/100\n|turn|19\n|\n|move|p2a: Whimsicott|Substitute|p2a: Whimsicott\n|-start|p2a: Whimsicott|Substitute\n|-damage|p2a: Whimsicott|76\/100\n|move|p1a: Zapdos|Heat Wave|p2a: Whimsicott\n|-supereffective|p2a: Whimsicott\n|-end|p2a: Whimsicott|Substitute\n|-damage|p1a: Zapdos|15\/100|[from] item: Life Orb\n|\n|upkeep\n|turn|20\n|\n|move|p2a: Whimsicott|Substitute|p2a: Whimsicott\n|-start|p2a: Whimsicott|Substitute\n|-damage|p2a: Whimsicott|51\/100\n|move|p1a: Zapdos|Heat Wave|p2a: Whimsicott\n|-supereffective|p2a: Whimsicott\n|-end|p2a: Whimsicott|Substitute\n|-damage|p1a: Zapdos|5\/100|[from] item: Life Orb\n|\n|upkeep\n|turn|21\n|\n|move|p2a: Whimsicott|Substitute|p2a: Whimsicott\n|-start|p2a: Whimsicott|Substitute\n|-damage|p2a: Whimsicott|26\/100\n|move|p1a: Zapdos|Roost|p1a: Zapdos\n|-heal|p1a: Zapdos|56\/100\n|-singleturn|p1a: Zapdos|move: Roost\n|\n|upkeep\n|turn|22\n|\n|move|p2a: Whimsicott|Leech Seed|p1a: Zapdos\n|-start|p1a: Zapdos|move: Leech Seed\n|move|p1a: Zapdos|Air Cutter|p2a: Whimsicott\n|-supereffective|p2a: Whimsicott\n|-end|p2a: Whimsicott|Substitute\n|-damage|p1a: Zapdos|45\/100|[from] item: Life Orb\n|\n|-damage|p1a: Zapdos|33\/100|[from] Leech Seed|[of] p2a: Whimsicott\n|-heal|p2a: Whimsicott|40\/100|[silent]\n|upkeep\n|turn|23\n|\n|move|p2a: Whimsicott|Substitute|p2a: Whimsicott\n|-start|p2a: Whimsicott|Substitute\n|-damage|p2a: Whimsicott|15\/100\n|move|p1a: Zapdos|Air Cutter|p2a: Whimsicott\n|-supereffective|p2a: Whimsicott\n|-end|p2a: Whimsicott|Substitute\n|-damage|p1a: Zapdos|23\/100|[from] item: Life Orb\n|\n|-damage|p1a: Zapdos|11\/100|[from] Leech Seed|[of] p2a: Whimsicott\n|-heal|p2a: Whimsicott|30\/100|[silent]\n|upkeep\n|turn|24\n|\n|move|p2a: Whimsicott|Substitute|p2a: Whimsicott\n|-start|p2a: Whimsicott|Substitute\n|-damage|p2a: Whimsicott|5\/100\n|move|p1a: Zapdos|Roost|p1a: Zapdos\n|-heal|p1a: Zapdos|61\/100\n|-singleturn|p1a: Zapdos|move: Roost\n|\n|-damage|p1a: Zapdos|48\/100|[from] Leech Seed|[of] p2a: Whimsicott\n|-heal|p2a: Whimsicott|20\/100|[silent]\n|upkeep\n|turn|25\n|\n|move|p2a: Whimsicott|Leech Seed||[still]\n|-fail|p2a: Whimsicott\n|move|p1a: Zapdos|Roost|p1a: Zapdos\n|-heal|p1a: Zapdos|98\/100\n|-singleturn|p1a: Zapdos|move: Roost\n|\n|-damage|p1a: Zapdos|86\/100|[from] Leech Seed|[of] p2a: Whimsicott\n|-heal|p2a: Whimsicott|34\/100|[silent]\n|upkeep\n|turn|26\n|\n|move|p2a: Whimsicott|Leech Seed|p1a: Zapdos|[miss]\n|-miss|p2a: Whimsicott|p1a: Zapdos\n|move|p1a: Zapdos|Air Cutter|p2a: Whimsicott|[miss]\n|-miss|p1a: Zapdos|p2a: Whimsicott\n|\n|-damage|p1a: Zapdos|74\/100|[from] Leech Seed|[of] p2a: Whimsicott\n|-heal|p2a: Whimsicott|49\/100|[silent]\n|upkeep\n|turn|27\n|\n|move|p2a: Whimsicott|Leech Seed||[still]\n|-fail|p2a: Whimsicott\n|move|p1a: Zapdos|Air Cutter|p2a: Whimsicott\n|-supereffective|p2a: Whimsicott\n|-end|p2a: Whimsicott|Substitute\n|-damage|p1a: Zapdos|64\/100|[from] item: Life Orb\n|\n|-damage|p1a: Zapdos|51\/100|[from] Leech Seed|[of] p2a: Whimsicott\n|-heal|p2a: Whimsicott|64\/100|[silent]\n|upkeep\n|turn|28\n|\n|move|p2a: Whimsicott|Substitute|p2a: Whimsicott\n|-start|p2a: Whimsicott|Substitute\n|-damage|p2a: Whimsicott|39\/100\n|move|p1a: Zapdos|Heat Wave|p2a: Whimsicott\n|-supereffective|p2a: Whimsicott\n|-end|p2a: Whimsicott|Substitute\n|-damage|p1a: Zapdos|41\/100|[from] item: Life Orb\n|\n|-damage|p1a: Zapdos|29\/100|[from] Leech Seed|[of] p2a: Whimsicott\n|-heal|p2a: Whimsicott|53\/100|[silent]\n|upkeep\n|turn|29\n|\n|move|p2a: Whimsicott|Substitute|p2a: Whimsicott\n|-start|p2a: Whimsicott|Substitute\n|-damage|p2a: Whimsicott|29\/100\n|move|p1a: Zapdos|Roost|p1a: Zapdos\n|-heal|p1a: Zapdos|79\/100\n|-singleturn|p1a: Zapdos|move: Roost\n|\n|-damage|p1a: Zapdos|67\/100|[from] Leech Seed|[of] p2a: Whimsicott\n|-heal|p2a: Whimsicott|43\/100|[silent]\n|upkeep\n|turn|30\n|\n|switch|p1a: Arceus|Arceus-Fire|69\/100 tox\n|-damage|p1a: Arceus|44\/100 tox|[from] Stealth Rock\n|move|p2a: Whimsicott|Leech Seed|p1a: Arceus\n|-start|p1a: Arceus|move: Leech Seed\n|\n|-damage|p1a: Arceus|32\/100 tox|[from] Leech Seed|[of] p2a: Whimsicott\n|-heal|p2a: Whimsicott|58\/100|[silent]\n|-damage|p1a: Arceus|26\/100 tox|[from] psn\n|upkeep\n|turn|31\n|\n|move|p2a: Whimsicott|Leech Seed||[still]\n|-fail|p2a: Whimsicott\n|move|p1a: Arceus|Judgment|p2a: Whimsicott\n|-supereffective|p2a: Whimsicott\n|-end|p2a: Whimsicott|Substitute\n|\n|-damage|p1a: Arceus|13\/100 tox|[from] Leech Seed|[of] p2a: Whimsicott\n|-heal|p2a: Whimsicott|74\/100|[silent]\n|-damage|p1a: Arceus|1\/100 tox|[from] psn\n|upkeep\n|turn|32\n|\n|move|p2a: Whimsicott|Substitute|p2a: Whimsicott\n|-start|p2a: Whimsicott|Substitute\n|-damage|p2a: Whimsicott|49\/100\n|move|p1a: Arceus|Toxic||[still]\n|-fail|p1a: Arceus\n|\n|-damage|p1a: Arceus|0 fnt|[from] Leech Seed|[of] p2a: Whimsicott\n|-heal|p2a: Whimsicott|49\/100|[silent]\n|faint|p1a: Arceus\n|upkeep\n|inactive|thelord21 has 120 seconds left.\n|\n|switch|p1a: Lugia|Lugia|100\/100\n|-damage|p1a: Lugia|76\/100|[from] Stealth Rock\n|turn|33\n|\n|move|p2a: Whimsicott|Switcheroo|p1a: Lugia\n|-activate|p2a: Whimsicott|move: Trick|[of] p1a: Lugia\n|-item|p1a: Lugia|Lagging Tail|[from] move: Switcheroo\n|-item|p2a: Whimsicott|Kee Berry|[from] move: Switcheroo\n|move|p1a: Lugia|Earth Power|p2a: Whimsicott\n|-resisted|p2a: Whimsicott\n|-activate|p2a: Whimsicott|move: Substitute|[damage]\n|\n|upkeep\n|turn|34\n|\n|move|p2a: Whimsicott|Leech Seed|p1a: Lugia\n|-start|p1a: Lugia|move: Leech Seed\n|move|p1a: Lugia|Earth Power|p2a: Whimsicott\n|-resisted|p2a: Whimsicott\n|-end|p2a: Whimsicott|Substitute\n|\n|-damage|p1a: Lugia|63\/100|[from] Leech Seed|[of] p2a: Whimsicott\n|-heal|p2a: Whimsicott|63\/100|[silent]\n|upkeep\n|turn|35\n|\n|move|p2a: Whimsicott|Substitute|p2a: Whimsicott\n|-start|p2a: Whimsicott|Substitute\n|-damage|p2a: Whimsicott|38\/100\n|move|p1a: Lugia|Toxic||[still]\n|-fail|p1a: Lugia\n|\n|-damage|p1a: Lugia|51\/100|[from] Leech Seed|[of] p2a: Whimsicott\n|-heal|p2a: Whimsicott|52\/100|[silent]\n|upkeep\n|turn|36\n|\n|switch|p2a: Lugia|Lugia|20\/100\n|move|p1a: Lugia|Recover|p1a: Lugia\n|-heal|p1a: Lugia|100\/100\n|\n|-heal|p2a: Lugia|26\/100|[from] item: Leftovers\n|-damage|p1a: Lugia|88\/100|[from] Leech Seed|[of] p2a: Lugia\n|-heal|p2a: Lugia|37\/100|[silent]\n|upkeep\n|turn|37\n|\n|move|p2a: Lugia|Substitute|p2a: Lugia\n|-start|p2a: Lugia|Substitute\n|-damage|p2a: Lugia|12\/100\n|move|p1a: Lugia|Toxic||[still]\n|-fail|p1a: Lugia\n|\n|-heal|p2a: Lugia|18\/100|[from] item: Leftovers\n|-damage|p1a: Lugia|76\/100|[from] Leech Seed|[of] p2a: Lugia\n|-heal|p2a: Lugia|28\/100|[silent]\n|upkeep\n|turn|38\n|inactive|thelord21 has 120 seconds left.\n|\n|switch|p1a: Groudon|Groudon-Primal|81\/100\n|-damage|p1a: Groudon|69\/100|[from] Stealth Rock\n|-weather|DesolateLand|[from] ability: Desolate Land|[of] p1a: Groudon\n|move|p2a: Lugia|Roost|p2a: Lugia\n|-heal|p2a: Lugia|79\/100\n|-singleturn|p2a: Lugia|move: Roost\n|\n|-weather|DesolateLand|[upkeep]\n|-heal|p2a: Lugia|85\/100|[from] item: Leftovers\n|upkeep\n|turn|39\n|inactive|thelord21 has 120 seconds left.\n|\n|move|p2a: Lugia|Toxic|p1a: Groudon\n|-status|p1a: Groudon|tox\n|move|p1a: Groudon|Rock Polish|p1a: Groudon\n|-boost|p1a: Groudon|spe|2\n|\n|-weather|DesolateLand|[upkeep]\n|-heal|p2a: Lugia|91\/100|[from] item: Leftovers\n|-damage|p1a: Groudon|63\/100 tox|[from] psn\n|upkeep\n|turn|40\n|inactive|thelord21 has 120 seconds left.\n|\n|move|p1a: Groudon|Fire Punch|p2a: Lugia\n|-end|p2a: Lugia|Substitute\n|move|p2a: Lugia|Substitute|p2a: Lugia\n|-start|p2a: Lugia|Substitute\n|-damage|p2a: Lugia|66\/100\n|\n|-weather|DesolateLand|[upkeep]\n|-heal|p2a: Lugia|72\/100|[from] item: Leftovers\n|-damage|p1a: Groudon|50\/100 tox|[from] psn\n|upkeep\n|turn|41\n|inactive|thelord21 has 120 seconds left.\n|\n|move|p1a: Groudon|Fire Punch|p2a: Lugia\n|-end|p2a: Lugia|Substitute\n|move|p2a: Lugia|Substitute|p2a: Lugia\n|-start|p2a: Lugia|Substitute\n|-damage|p2a: Lugia|47\/100\n|\n|-weather|DesolateLand|[upkeep]\n|-heal|p2a: Lugia|53\/100|[from] item: Leftovers\n|-damage|p1a: Groudon|32\/100 tox|[from] psn\n|upkeep\n|turn|42\n|inactive|thelord21 has 120 seconds left.\n|\n|move|p1a: Groudon|Fire Punch|p2a: Lugia\n|-end|p2a: Lugia|Substitute\n|move|p2a: Lugia|Roost|p2a: Lugia\n|-heal|p2a: Lugia|100\/100\n|-singleturn|p2a: Lugia|move: Roost\n|\n|-weather|DesolateLand|[upkeep]\n|-damage|p1a: Groudon|7\/100 tox|[from] psn\n|upkeep\n|turn|43\n|inactive|thelord21 has 120 seconds left.\n|\n|move|p1a: Groudon|Fire Punch|p2a: Lugia\n|-damage|p2a: Lugia|81\/100\n|move|p2a: Lugia|Substitute|p2a: Lugia\n|-start|p2a: Lugia|Substitute\n|-damage|p2a: Lugia|56\/100\n|\n|-weather|DesolateLand|[upkeep]\n|-heal|p2a: Lugia|62\/100|[from] item: Leftovers\n|-damage|p1a: Groudon|0 fnt|[from] psn\n|faint|p1a: Groudon\n|-weather|none\n|upkeep\n|inactive|thelord21 has 120 seconds left.\n|\n|switch|p1a: Zapdos|Zapdos|67\/100\n|-damage|p1a: Zapdos|42\/100|[from] Stealth Rock\n|-ability|p1a: Zapdos|Pressure\n|turn|44\n|\n|move|p2a: Lugia|Toxic|p1a: Zapdos\n|-status|p1a: Zapdos|tox\n|move|p1a: Zapdos|Thunder|p2a: Lugia|[miss]\n|-miss|p1a: Zapdos|p2a: Lugia\n|\n|-heal|p2a: Lugia|68\/100|[from] item: Leftovers\n|-damage|p1a: Zapdos|35\/100 tox|[from] psn\n|upkeep\n|turn|45\n|-message|thelord21 forfeited.\n|\n|win|yhdrslb\n|l|\u2606thelord21\n|j|\u2606thelord21\n|player|p1|thelord21|1\n|raw|thelord21's rating: 1349 &rarr; <strong>1337<\/strong><br \/>(-12 for losing)\n|raw|yhdrslb's rating: 1485 &rarr; <strong>1497<\/strong><br \/>(+12 for winning)\n","uploadtime":1583207369,"views":32,"p1id":"thelord21","p2id":"yhdrslb","formatid":"gen8nationaldexag","rating":1337,"private":0,"password":null}