{"id":"gen8ou-1231508244","p1":"fdgshsd","p2":"hauntersnightmare","format":"gen8ou","log":"|raw|<div class=\"broadcast-red\"><strong>This battle is invite-only!<\/strong><br \/>Users must be invited with <code>\/invite<\/code> (or be staff) to join<\/div>\n|j|\u203dfdgshsd\n|j|\u2606hauntersnightmare\n|t:|1606349754\n|player|p1|fdgshsd|bill-gen3|1621\n|player|p2|hauntersnightmare|101|1546\n|teamsize|p1|6\n|teamsize|p2|6\n|gametype|singles\n|gen|8\n|tier|[Gen 8] OU\n|rated|\n|clearpoke\n|poke|p1|Regieleki|\n|poke|p1|Magearna|\n|poke|p1|Pheromosa|\n|poke|p1|Blaziken, M|\n|poke|p1|Landorus-Therian, M|\n|poke|p1|Dragonite, F|\n|poke|p2|Glastrier|\n|poke|p2|Cresselia, F|\n|poke|p2|Regidrago|\n|poke|p2|Hatterene, F|\n|poke|p2|Magearna|\n|poke|p2|Marowak-Alola, F|\n|rule|Sleep Clause Mod: Limit one foe put to sleep\n|rule|Species Clause: Limit one of each Pok\u00e9mon\n|rule|OHKO Clause: OHKO moves are banned\n|rule|Evasion Moves Clause: Evasion moves are banned\n|rule|Endless Battle Clause: Forcing endless battles is banned\n|rule|HP Percentage Mod: HP is shown in percentages\n|rule|Dynamax Clause: You cannot dynamax\n|teampreview\n|inactive|Battle timer is ON: inactive players will automatically lose when time's up. (requested by hauntersnightmare)\n|\n|t:|1606349778\n|start\n|switch|p1a: Dragonite|Dragonite, F|100\/100\n|switch|p2a: Cresselia|Cresselia, F|100\/100\n|turn|1\n|\n|t:|1606349781\n|move|p1a: Dragonite|Substitute|p1a: Dragonite\n|-start|p1a: Dragonite|Substitute\n|-damage|p1a: Dragonite|76\/100\n|move|p2a: Cresselia|Toxic||[still]\n|-fail|p2a: Cresselia\n|\n|upkeep\n|turn|2\n|\n|t:|1606349784\n|move|p1a: Dragonite|Dragon Dance|p1a: Dragonite\n|-boost|p1a: Dragonite|atk|1\n|-boost|p1a: Dragonite|spe|1\n|move|p2a: Cresselia|Ice Beam|p1a: Dragonite\n|-supereffective|p1a: Dragonite\n|-end|p1a: Dragonite|Substitute\n|\n|upkeep\n|turn|3\n|\n|t:|1606349790\n|move|p1a: Dragonite|Substitute|p1a: Dragonite\n|-start|p1a: Dragonite|Substitute\n|-damage|p1a: Dragonite|51\/100\n|move|p2a: Cresselia|Trick Room|p2a: Cresselia\n|-fieldstart|move: Trick Room|[of] p2a: Cresselia\n|\n|upkeep\n|turn|4\n|\n|t:|1606349793\n|move|p2a: Cresselia|Ice Beam|p1a: Dragonite\n|-supereffective|p1a: Dragonite\n|-end|p1a: Dragonite|Substitute\n|move|p1a: Dragonite|Roost|p1a: Dragonite\n|-heal|p1a: Dragonite|100\/100\n|-singleturn|p1a: Dragonite|move: Roost\n|\n|upkeep\n|turn|5\n|\n|t:|1606349797\n|switch|p1a: Magearna|Magearna|100\/100\n|move|p2a: Cresselia|Toxic|p1a: Magearna\n|-immune|p1a: Magearna\n|\n|upkeep\n|turn|6\n|\n|t:|1606349802\n|switch|p2a: Marowak|Marowak-Alola, F|100\/100\n|move|p1a: Magearna|Iron Defense|p1a: Magearna\n|-boost|p1a: Magearna|def|2\n|\n|upkeep\n|turn|7\n|\n|t:|1606349806\n|move|p2a: Marowak|Flare Blitz|p1a: Magearna\n|-supereffective|p1a: Magearna\n|-damage|p1a: Magearna|16\/100\n|-enditem|p1a: Magearna|Weakness Policy\n|-boost|p1a: Magearna|atk|2|[from] item: Weakness Policy\n|-boost|p1a: Magearna|spa|2|[from] item: Weakness Policy\n|move|p1a: Magearna|Stored Power|p2a: Marowak\n|-damage|p2a: Marowak|0 fnt\n|faint|p2a: Marowak\n|-ability|p1a: Magearna|Soul-Heart|boost\n|-boost|p1a: Magearna|spa|1\n|\n|-fieldend|move: Trick Room\n|upkeep\n|\n|t:|1606349820\n|switch|p2a: Cresselia|Cresselia, F|100\/100\n|turn|8\n|\n|t:|1606349823\n|move|p1a: Magearna|Draining Kiss|p2a: Cresselia\n|-damage|p2a: Cresselia|65\/100\n|-heal|p1a: Magearna|49\/100|[from] drain|[of] p2a: Cresselia\n|move|p2a: Cresselia|Trick Room|p2a: Cresselia\n|-fieldstart|move: Trick Room|[of] p2a: Cresselia\n|\n|-heal|p2a: Cresselia|71\/100|[from] item: Leftovers\n|upkeep\n|turn|9\n|\n|t:|1606349831\n|move|p2a: Cresselia|Lunar Dance|p2a: Cresselia\n|faint|p2a: Cresselia\n|-ability|p1a: Magearna|Soul-Heart|boost\n|-boost|p1a: Magearna|spa|1\n|move|p1a: Magearna|Draining Kiss|p2: Cresselia|[notarget]\n|-fail|p1a: Magearna\n|\n|upkeep\n|\n|t:|1606349841\n|switch|p2a: Glastrier|Glastrier|100\/100\n|turn|10\n|\n|t:|1606349849\n|move|p2a: Glastrier|High Horsepower|p1a: Magearna\n|-supereffective|p1a: Magearna\n|-damage|p1a: Magearna|5\/100\n|-damage|p2a: Glastrier|91\/100|[from] item: Life Orb\n|move|p1a: Magearna|Draining Kiss|p2a: Glastrier\n|-damage|p2a: Glastrier|31\/100\n|-heal|p1a: Magearna|54\/100|[from] drain|[of] p2a: Glastrier\n|\n|upkeep\n|turn|11\n|\n|t:|1606349859\n|move|p2a: Glastrier|High Horsepower|p1a: Magearna\n|-supereffective|p1a: Magearna\n|-damage|p1a: Magearna|8\/100\n|-damage|p2a: Glastrier|21\/100|[from] item: Life Orb\n|move|p1a: Magearna|Draining Kiss|p2a: Glastrier\n|-damage|p2a: Glastrier|0 fnt\n|-heal|p1a: Magearna|25\/100|[from] drain|[of] p2a: Glastrier\n|faint|p2a: Glastrier\n|-ability|p1a: Magearna|Soul-Heart|boost\n|-boost|p1a: Magearna|spa|1\n|\n|upkeep\n|\n|t:|1606349868\n|switch|p2a: Magearna|Magearna|100\/100\n|turn|12\n|\n|t:|1606349872\n|move|p2a: Magearna|Thunderbolt|p1a: Magearna\n|-damage|p1a: Magearna|0 fnt\n|-damage|p2a: Magearna|91\/100|[from] item: Life Orb\n|faint|p1a: Magearna\n|-ability|p2a: Magearna|Soul-Heart|boost\n|-boost|p2a: Magearna|spa|1\n|\n|-fieldend|move: Trick Room\n|upkeep\n|\n|t:|1606349875\n|switch|p1a: Landorus|Landorus-Therian, M|100\/100\n|-ability|p1a: Landorus|Intimidate|boost\n|-unboost|p2a: Magearna|atk|1\n|turn|13\n|\n|t:|1606349878\n|switch|p2a: Hatterene|Hatterene, F|100\/100\n|move|p1a: Landorus|Earthquake|p2a: Hatterene\n|-damage|p2a: Hatterene|35\/100\n|\n|upkeep\n|turn|14\n|\n|t:|1606349882\n|move|p1a: Landorus|Earthquake|p2a: Hatterene\n|-damage|p2a: Hatterene|0 fnt\n|faint|p2a: Hatterene\n|\n|upkeep\n|\n|t:|1606349884\n|switch|p2a: Regidrago|Regidrago|100\/100\n|turn|15\n|\n|t:|1606349889\n|move|p1a: Landorus|Earthquake|p2a: Regidrago\n|-damage|p2a: Regidrago|37\/100\n|move|p2a: Regidrago|Dragon Energy|p1a: Landorus\n|-damage|p1a: Landorus|21\/100\n|\n|upkeep\n|turn|16\n|c|\u203dfdgshsd|\/log fdgshsd made this room public.\n|\n|t:|1606349899\n|move|p1a: Landorus|Earthquake|p2a: Regidrago\n|-damage|p2a: Regidrago|0 fnt\n|faint|p2a: Regidrago\n|\n|upkeep\n|-message|hauntersnightmare forfeited.\n|\n|win|fdgshsd\n|l|\u2606hauntersnightmare\n","uploadtime":1606349906,"views":11,"p1id":"fdgshsd","p2id":"hauntersnightmare","formatid":"gen8ou","rating":0,"private":0,"password":null}