{"id":"gen8ou-1387690061","p1":"Gurtrant","p2":"chinmaydagod","format":"gen8ou","log":"|j|\u2606Gurtrant\n|j|\u2606chinmaydagod\n|t:|1627760431\n|gametype|singles\n|player|p1|Gurtrant|238|1537\n|player|p2|chinmaydagod|lucas|1583\n|teamsize|p1|6\n|teamsize|p2|6\n|gen|8\n|tier|[Gen 8] OU\n|rated|\n|rule|Sleep Clause Mod: Limit one foe put to sleep\n|rule|Species Clause: Limit one of each Pok\u00e9mon\n|rule|OHKO Clause: OHKO moves are banned\n|rule|Evasion Moves Clause: Evasion moves are banned\n|rule|Endless Battle Clause: Forcing endless battles is banned\n|rule|HP Percentage Mod: HP is shown in percentages\n|rule|Dynamax Clause: You cannot dynamax\n|clearpoke\n|poke|p1|Pelipper, M|\n|poke|p1|Heliolisk, F|\n|poke|p1|Seismitoad, M|\n|poke|p1|Barraskewda, F|\n|poke|p1|Ferrothorn, M|\n|poke|p1|Zapdos|\n|poke|p2|Garchomp, M|\n|poke|p2|Magnezone|\n|poke|p2|Dragonite, F|\n|poke|p2|Tapu Fini|\n|poke|p2|Melmetal|\n|poke|p2|Weavile, M|\n|teampreview\n|inactive|Battle timer is ON: inactive players will automatically lose when time's up. (requested by Gurtrant)\n|inactive|chinmaydagod has 120 seconds left.\n|\n|t:|1627760470\n|start\n|switch|p1a: Pelipper|Pelipper, M|100\/100\n|switch|p2a: Melmetal|Melmetal|100\/100\n|-weather|RainDance|[from] ability: Drizzle|[of] p1a: Pelipper\n|turn|1\n|\n|t:|1627760483\n|switch|p1a: Zapdos|Zapdos|100\/100\n|move|p2a: Melmetal|Thunder Punch|p1a: Zapdos\n|-damage|p1a: Zapdos|79\/100\n|\n|-weather|RainDance|[upkeep]\n|upkeep\n|turn|2\n|\n|t:|1627760489\n|move|p1a: Zapdos|U-turn|p2a: Melmetal\n|-resisted|p2a: Melmetal\n|-damage|p2a: Melmetal|97\/100\n|\n|t:|1627760493\n|switch|p1a: Ferrothorn|Ferrothorn, M|100\/100|[from]move: U-turn\n|move|p2a: Melmetal|Ice Punch|p1a: Ferrothorn\n|-damage|p1a: Ferrothorn|76\/100\n|-damage|p2a: Melmetal|84\/100|[from] ability: Iron Barbs|[of] p1a: Ferrothorn\n|\n|-weather|RainDance|[upkeep]\n|-heal|p1a: Ferrothorn|82\/100|[from] item: Leftovers\n|upkeep\n|turn|3\n|\n|t:|1627760500\n|switch|p2a: Magnezone|Magnezone|100\/100\n|switch|p1a: Zapdos|Zapdos|79\/100\n|\n|-weather|RainDance|[upkeep]\n|upkeep\n|turn|4\n|\n|t:|1627760522\n|switch|p1a: Seismitoad|Seismitoad, M|100\/100\n|switch|p2a: Garchomp|Garchomp, M|100\/100\n|\n|-weather|RainDance|[upkeep]\n|upkeep\n|turn|5\n|\n|t:|1627760533\n|move|p1a: Seismitoad|Weather Ball|p2a: Garchomp\n|-damage|p2a: Garchomp|3\/100\n|-damage|p1a: Seismitoad|91\/100|[from] item: Life Orb\n|move|p2a: Garchomp|Earthquake|p1a: Seismitoad\n|-damage|p1a: Seismitoad|22\/100\n|\n|-weather|RainDance|[upkeep]\n|-heal|p2a: Garchomp|9\/100|[from] item: Leftovers\n|upkeep\n|turn|6\n|\n|t:|1627760543\n|switch|p2a: Tapu Fini|Tapu Fini|100\/100\n|-fieldstart|move: Misty Terrain|[from] ability: Misty Surge|[of] p2a: Tapu Fini\n|move|p1a: Seismitoad|Weather Ball|p2a: Tapu Fini\n|-resisted|p2a: Tapu Fini\n|-damage|p2a: Tapu Fini|65\/100\n|-damage|p1a: Seismitoad|12\/100|[from] item: Life Orb\n|\n|-weather|RainDance|[upkeep]\n|upkeep\n|turn|7\n|\n|t:|1627760562\n|switch|p1a: Heliolisk|Heliolisk, F, shiny|100\/100\n|switch|p2a: Magnezone|Magnezone|100\/100\n|\n|-weather|RainDance|[upkeep]\n|upkeep\n|turn|8\n|\n|t:|1627760572\n|move|p1a: Heliolisk|Volt Switch|p2a: Magnezone\n|-resisted|p2a: Magnezone\n|-damage|p2a: Magnezone|73\/100\n|-damage|p1a: Heliolisk|91\/100|[from] item: Life Orb\n|\n|t:|1627760574\n|switch|p1a: Seismitoad|Seismitoad, M|12\/100|[from]move: Volt Switch\n|move|p2a: Magnezone|Body Press|p1a: Seismitoad\n|-damage|p1a: Seismitoad|0 fnt\n|faint|p1a: Seismitoad\n|\n|-weather|none\n|upkeep\n|\n|t:|1627760580\n|switch|p1a: Pelipper|Pelipper, M|100\/100\n|-weather|RainDance|[from] ability: Drizzle|[of] p1a: Pelipper\n|turn|9\n|\n|t:|1627760596\n|switch|p1a: Heliolisk|Heliolisk, F, shiny|91\/100\n|move|p2a: Magnezone|Thunderbolt|p1a: Heliolisk\n|-resisted|p1a: Heliolisk\n|-damage|p1a: Heliolisk|58\/100\n|\n|-weather|RainDance|[upkeep]\n|-heal|p1a: Heliolisk|71\/100|[from] ability: Dry Skin\n|upkeep\n|turn|10\n|\n|t:|1627760605\n|switch|p2a: Garchomp|Garchomp, M|9\/100\n|move|p1a: Heliolisk|Focus Blast|p2a: Garchomp|[miss]\n|-miss|p1a: Heliolisk|p2a: Garchomp\n|\n|-weather|RainDance|[upkeep]\n|-heal|p1a: Heliolisk|83\/100|[from] ability: Dry Skin\n|-heal|p2a: Garchomp|16\/100|[from] item: Leftovers\n|-fieldend|Misty Terrain\n|upkeep\n|turn|11\n|\n|t:|1627760626\n|switch|p2a: Dragonite|Dragonite, F|100\/100\n|move|p1a: Heliolisk|Surf|p2a: Dragonite\n|-resisted|p2a: Dragonite\n|-crit|p2a: Dragonite\n|-damage|p2a: Dragonite|83\/100\n|-damage|p1a: Heliolisk|73\/100|[from] item: Life Orb\n|\n|-weather|RainDance|[upkeep]\n|-heal|p1a: Heliolisk|86\/100|[from] ability: Dry Skin\n|upkeep\n|turn|12\n|\n|t:|1627760634\n|switch|p1a: Zapdos|Zapdos|79\/100\n|move|p2a: Dragonite|Earthquake|p1a: Zapdos\n|-immune|p1a: Zapdos\n|\n|-weather|RainDance|[upkeep]\n|upkeep\n|turn|13\n|\n|t:|1627760641\n|switch|p2a: Garchomp|Garchomp, M|16\/100\n|move|p1a: Zapdos|Thunder|p2a: Garchomp\n|-immune|p2a: Garchomp\n|\n|-weather|RainDance|[upkeep]\n|-heal|p2a: Garchomp|22\/100|[from] item: Leftovers\n|upkeep\n|turn|14\n|\n|t:|1627760644\n|move|p2a: Garchomp|Scale Shot|p1a: Zapdos\n|-damage|p1a: Zapdos|70\/100\n|-damage|p1a: Zapdos|60\/100\n|-hitcount|p1a: Zapdos|2\n|-unboost|p2a: Garchomp|def|1\n|-boost|p2a: Garchomp|spe|1\n|move|p1a: Zapdos|U-turn|p2a: Garchomp\n|-damage|p2a: Garchomp|1\/100\n|-damage|p1a: Zapdos|47\/100|[from] ability: Rough Skin|[of] p2a: Garchomp\n|\n|t:|1627760649\n|switch|p1a: Barraskewda|Barraskewda, F|100\/100|[from]move: U-turn\n|\n|-weather|RainDance|[upkeep]\n|-heal|p2a: Garchomp|7\/100|[from] item: Leftovers\n|upkeep\n|turn|15\n|\n|t:|1627760662\n|switch|p2a: Tapu Fini|Tapu Fini|65\/100\n|-fieldstart|move: Misty Terrain|[from] ability: Misty Surge|[of] p2a: Tapu Fini\n|move|p1a: Barraskewda|Flip Turn|p2a: Tapu Fini\n|-resisted|p2a: Tapu Fini\n|-damage|p2a: Tapu Fini|31\/100\n|\n|t:|1627760665\n|switch|p1a: Heliolisk|Heliolisk, F, shiny|86\/100|[from]move: Flip Turn\n|\n|-weather|RainDance|[upkeep]\n|-heal|p1a: Heliolisk|98\/100|[from] ability: Dry Skin\n|upkeep\n|turn|16\n|\n|t:|1627760684\n|move|p2a: Tapu Fini|Moonblast|p1a: Heliolisk\n|-damage|p1a: Heliolisk|54\/100\n|move|p1a: Heliolisk|Thunder|p2a: Tapu Fini\n|-supereffective|p2a: Tapu Fini\n|-damage|p2a: Tapu Fini|0 fnt\n|faint|p2a: Tapu Fini\n|-damage|p1a: Heliolisk|44\/100|[from] item: Life Orb\n|\n|-weather|none\n|upkeep\n|\n|t:|1627760692\n|switch|p2a: Dragonite|Dragonite, F|83\/100\n|turn|17\n|\n|t:|1627760697\n|switch|p1a: Zapdos|Zapdos|47\/100\n|move|p2a: Dragonite|Dragon Dance|p2a: Dragonite\n|-boost|p2a: Dragonite|atk|1\n|-boost|p2a: Dragonite|spe|1\n|\n|upkeep\n|turn|18\n|\n|t:|1627760700\n|move|p2a: Dragonite|Ice Punch|p1a: Zapdos\n|-supereffective|p1a: Zapdos\n|-damage|p1a: Zapdos|0 fnt\n|faint|p1a: Zapdos\n|\n|upkeep\n|\n|t:|1627760703\n|switch|p1a: Pelipper|Pelipper, M|100\/100\n|-weather|RainDance|[from] ability: Drizzle|[of] p1a: Pelipper\n|turn|19\n|\n|t:|1627760716\n|move|p2a: Dragonite|Dragon Dance|p2a: Dragonite\n|-boost|p2a: Dragonite|atk|1\n|-boost|p2a: Dragonite|spe|1\n|move|p1a: Pelipper|Scald|p2a: Dragonite\n|-resisted|p2a: Dragonite\n|-damage|p2a: Dragonite|62\/100\n|\n|-weather|RainDance|[upkeep]\n|-fieldend|Misty Terrain\n|upkeep\n|turn|20\n|\n|t:|1627760721\n|move|p2a: Dragonite|Roost|p2a: Dragonite\n|-heal|p2a: Dragonite|100\/100\n|-singleturn|p2a: Dragonite|move: Roost\n|move|p1a: Pelipper|Scald|p2a: Dragonite\n|-resisted|p2a: Dragonite\n|-damage|p2a: Dragonite|90\/100\n|\n|-weather|RainDance|[upkeep]\n|upkeep\n|turn|21\n|\n|t:|1627760742\n|switch|p2a: Garchomp|Garchomp, M|7\/100\n|move|p1a: Pelipper|Scald|p2a: Garchomp\n|-damage|p2a: Garchomp|0 fnt\n|faint|p2a: Garchomp\n|\n|-weather|RainDance|[upkeep]\n|upkeep\n|\n|t:|1627760744\n|switch|p2a: Magnezone|Magnezone|73\/100\n|turn|22\n|\n|t:|1627760754\n|switch|p1a: Heliolisk|Heliolisk, F, shiny|44\/100\n|move|p2a: Magnezone|Body Press|p1a: Heliolisk\n|-supereffective|p1a: Heliolisk\n|-damage|p1a: Heliolisk|0 fnt\n|faint|p1a: Heliolisk\n|\n|-weather|RainDance|[upkeep]\n|upkeep\n|\n|t:|1627760757\n|switch|p1a: Barraskewda|Barraskewda, F|100\/100\n|turn|23\n|\n|t:|1627760767\n|switch|p2a: Dragonite|Dragonite, F|90\/100\n|move|p1a: Barraskewda|Liquidation|p2a: Dragonite\n|-resisted|p2a: Dragonite\n|-damage|p2a: Dragonite|36\/100\n|\n|-weather|RainDance|[upkeep]\n|upkeep\n|turn|24\n|\n|t:|1627760784\n|move|p1a: Barraskewda|Liquidation|p2a: Dragonite\n|-resisted|p2a: Dragonite\n|-damage|p2a: Dragonite|0 fnt\n|faint|p2a: Dragonite\n|\n|-weather|RainDance|[upkeep]\n|upkeep\n|\n|t:|1627760787\n|switch|p2a: Melmetal|Melmetal|84\/100\n|turn|25\n|\n|t:|1627760791\n|switch|p1a: Ferrothorn|Ferrothorn, M|82\/100\n|switch|p2a: Magnezone|Magnezone|73\/100\n|\n|-weather|RainDance|[upkeep]\n|-heal|p1a: Ferrothorn|88\/100|[from] item: Leftovers\n|upkeep\n|turn|26\n|\n|t:|1627760799\n|move|p2a: Magnezone|Iron Defense|p2a: Magnezone\n|-boost|p2a: Magnezone|def|2\n|move|p1a: Ferrothorn|Leech Seed|p2a: Magnezone\n|-start|p2a: Magnezone|move: Leech Seed\n|\n|-weather|none\n|-heal|p1a: Ferrothorn|95\/100|[from] item: Leftovers\n|-damage|p2a: Magnezone|61\/100|[from] Leech Seed|[of] p1a: Ferrothorn\n|-heal|p1a: Ferrothorn|100\/100|[silent]\n|upkeep\n|turn|27\n|\n|t:|1627760801\n|move|p2a: Magnezone|Iron Defense|p2a: Magnezone\n|-boost|p2a: Magnezone|def|2\n|move|p1a: Ferrothorn|Spikes|p2a: Magnezone\n|-sidestart|p2: chinmaydagod|Spikes\n|\n|-damage|p2a: Magnezone|48\/100|[from] Leech Seed|[of] p1a: Ferrothorn\n|upkeep\n|turn|28\n|\n|t:|1627760803\n|move|p2a: Magnezone|Iron Defense|p2a: Magnezone\n|-boost|p2a: Magnezone|def|2\n|move|p1a: Ferrothorn|Spikes|p2a: Magnezone\n|-sidestart|p2: chinmaydagod|Spikes\n|\n|-damage|p2a: Magnezone|36\/100|[from] Leech Seed|[of] p1a: Ferrothorn\n|upkeep\n|turn|29\n|\n|t:|1627760806\n|move|p2a: Magnezone|Body Press|p1a: Ferrothorn\n|-supereffective|p1a: Ferrothorn\n|-damage|p1a: Ferrothorn|0 fnt\n|-damage|p2a: Magnezone|23\/100|[from] ability: Iron Barbs|[of] p1a: Ferrothorn\n|faint|p1a: Ferrothorn\n|\n|upkeep\n|\n|t:|1627760809\n|switch|p1a: Barraskewda|Barraskewda, F|100\/100\n|turn|30\n|\n|t:|1627760812\n|move|p1a: Barraskewda|Close Combat|p2a: Magnezone\n|-supereffective|p2a: Magnezone\n|-damage|p2a: Magnezone|0 fnt\n|-unboost|p1a: Barraskewda|def|1\n|-unboost|p1a: Barraskewda|spd|1\n|faint|p2a: Magnezone\n|\n|upkeep\n|\n|t:|1627760821\n|switch|p2a: Melmetal|Melmetal|84\/100\n|-damage|p2a: Melmetal|68\/100|[from] Spikes\n|turn|31\n|\n|t:|1627760825\n|switch|p1a: Pelipper|Pelipper, M|100\/100\n|-weather|RainDance|[from] ability: Drizzle|[of] p1a: Pelipper\n|move|p2a: Melmetal|Thunder Punch|p1a: Pelipper\n|-supereffective|p1a: Pelipper\n|-damage|p1a: Pelipper|7\/100\n|\n|-weather|RainDance|[upkeep]\n|upkeep\n|turn|32\n|\n|t:|1627760829\n|move|p1a: Pelipper|Scald|p2a: Melmetal\n|-damage|p2a: Melmetal|48\/100\n|-status|p2a: Melmetal|brn\n|move|p2a: Melmetal|Thunder Punch|p1a: Pelipper\n|-supereffective|p1a: Pelipper\n|-damage|p1a: Pelipper|0 fnt\n|faint|p1a: Pelipper\n|\n|-weather|RainDance|[upkeep]\n|-damage|p2a: Melmetal|42\/100 brn|[from] brn\n|upkeep\n|\n|t:|1627760832\n|switch|p1a: Barraskewda|Barraskewda, F|100\/100\n|turn|33\n|\n|t:|1627760836\n|move|p1a: Barraskewda|Liquidation|p2a: Melmetal\n|-damage|p2a: Melmetal|0 fnt\n|faint|p2a: Melmetal\n|\n|-weather|RainDance|[upkeep]\n|upkeep\n|\n|t:|1627760839\n|switch|p2a: Weavile|Weavile, M|100\/100\n|-ability|p2a: Weavile|Pressure\n|turn|34\n|\n|t:|1627760842\n|move|p1a: Barraskewda|Liquidation|p2a: Weavile\n|-damage|p2a: Weavile|0 fnt\n|faint|p2a: Weavile\n|\n|win|Gurtrant\n|raw|Gurtrant's rating: 1537 &rarr; <strong>1560<\/strong><br \/>(+23 for winning)\n|raw|chinmaydagod's rating: 1583 &rarr; <strong>1560<\/strong><br \/>(-23 for losing)\n","uploadtime":1627760845,"views":8,"p1id":"gurtrant","p2id":"chinmaydagod","formatid":"gen8ou","rating":1560,"private":0,"password":null}