{"id":"gen8bdspou-1673010004","p1":"Capital Cruiser","p2":"TrickRoom93","format":"gen8bdspou","log":"|j|\u203dCapital Cruiser\n|j|\u2606TrickRoom93\n|t:|1664419817\n|gametype|singles\n|player|p1|Capital Cruiser|cheren-gen5bw2|1403\n|player|p2|TrickRoom93|unknown|1385\n|teamsize|p1|6\n|teamsize|p2|6\n|gen|8\n|tier|[Gen 8 BDSP] OU\n|rated|\n|rule|Sleep Clause Mod: Limit one foe put to sleep\n|rule|Species Clause: Limit one of each Pok\u00e9mon\n|rule|OHKO Clause: OHKO moves are banned\n|rule|Evasion Items Clause: Evasion items are banned\n|rule|Evasion Moves Clause: Evasion moves are banned\n|rule|Endless Battle Clause: Forcing endless battles is banned\n|rule|HP Percentage Mod: HP is shown in percentages\n|clearpoke\n|poke|p1|Crawdaunt, F|\n|poke|p1|Staraptor, M|\n|poke|p1|Metagross|\n|poke|p1|Gliscor, M|\n|poke|p1|Clefable, F|\n|poke|p1|Rotom-Wash|\n|poke|p2|Bronzong|\n|poke|p2|Zangoose, M|\n|poke|p2|Dusknoir, F|\n|poke|p2|Azumarill, F|\n|poke|p2|Garchomp, F|\n|poke|p2|Snorlax, M|\n|teampreview\n|inactive|Battle timer is ON: inactive players will automatically lose when time's up. (requested by TrickRoom93)\n|inactive|Capital Cruiser also wants the timer to be on.\n|c|\u2606TrickRoom93|Glhd\n|c|\u2606TrickRoom93|Hf\n|\n|t:|1664419838\n|start\n|switch|p1a: Crawdaunt|Crawdaunt, F, shiny|100\/100\n|switch|p2a: Blue|Azumarill, F|100\/100\n|turn|1\n|\n|t:|1664419858\n|switch|p1a: Metagross|Metagross, shiny|100\/100\n|move|p2a: Blue|Play Rough|p1a: Metagross\n|-resisted|p1a: Metagross\n|-damage|p1a: Metagross|75\/100\n|\n|upkeep\n|turn|2\n|\n|t:|1664419864\n|switch|p2a: Mugenyama|Bronzong|100\/100\n|move|p1a: Metagross|Meteor Mash|p2a: Mugenyama\n|-resisted|p2a: Mugenyama\n|-damage|p2a: Mugenyama|75\/100\n|\n|upkeep\n|turn|3\n|\n|t:|1664419871\n|switch|p1a: Crawdaunt|Crawdaunt, F, shiny|100\/100\n|move|p2a: Mugenyama|Trick Room|p2a: Mugenyama\n|-fieldstart|move: Trick Room|[of] p2a: Mugenyama\n|\n|upkeep\n|turn|4\n|\n|t:|1664419877\n|switch|p1a: Gliscor|Gliscor, M, shiny|100\/100\n|move|p2a: Mugenyama|Stealth Rock|p1a: Gliscor\n|-sidestart|p1: Capital Cruiser|move: Stealth Rock\n|\n|-status|p1a: Gliscor|tox|[from] item: Toxic Orb\n|upkeep\n|turn|5\n|inactive|TrickRoom93 has 120 seconds left.\n|\n|t:|1664419912\n|switch|p2a: Blue|Azumarill, F|100\/100\n|move|p1a: Gliscor|Earthquake|p2a: Blue\n|-damage|p2a: Blue|64\/100\n|\n|upkeep\n|turn|6\n|inactive|TrickRoom93 has 120 seconds left.\n|\n|t:|1664419925\n|switch|p1a: Clefable|Clefable, F, shiny|100\/100\n|move|p2a: Blue|Waterfall|p1a: Clefable\n|-damage|p1a: Clefable|43\/100\n|\n|-heal|p1a: Clefable|49\/100|[from] item: Leftovers\n|upkeep\n|turn|7\n|\n|t:|1664419930\n|move|p2a: Blue|Waterfall|p1a: Clefable\n|-damage|p1a: Clefable|0 fnt\n|faint|p1a: Clefable\n|\n|-fieldend|move: Trick Room\n|upkeep\n|\n|t:|1664419936\n|switch|p1a: Staraptor|Staraptor, M|100\/100\n|-damage|p1a: Staraptor|76\/100|[from] Stealth Rock\n|turn|8\n|inactive|TrickRoom93 has 120 seconds left.\n|\n|t:|1664419984\n|switch|p2a: \u529b|Snorlax, M|100\/100\n|move|p1a: Staraptor|Brave Bird|p2a: \u529b\n|-damage|p2a: \u529b|20\/100\n|-damage|p1a: Staraptor|36\/100|[from] Recoil\n|\n|upkeep\n|turn|9\n|inactive|TrickRoom93 has 90 seconds left.\n|\n|t:|1664420003\n|move|p1a: Staraptor|Brave Bird|p2a: \u529b\n|-damage|p2a: \u529b|0 fnt\n|faint|p2a: \u529b\n|-damage|p1a: Staraptor|27\/100|[from] Recoil\n|\n|upkeep\n|inactive|TrickRoom93 has 90 seconds left.\n|\n|t:|1664420019\n|switch|p2a: Cang|Zangoose, M|100\/100\n|turn|10\n|\n|t:|1664420025\n|switch|p1a: Gliscor|Gliscor, M, shiny|100\/100 tox\n|-damage|p1a: Gliscor|88\/100 tox|[from] Stealth Rock\n|move|p2a: Cang|Quick Attack|p1a: Gliscor\n|-damage|p1a: Gliscor|76\/100 tox\n|\n|-heal|p1a: Gliscor|88\/100 tox|[from] ability: Poison Heal\n|-status|p2a: Cang|tox|[from] item: Toxic Orb\n|upkeep\n|turn|11\n|inactive|TrickRoom93 has 90 seconds left.\n|\n|t:|1664420036\n|move|p2a: Cang|Swords Dance|p2a: Cang\n|-boost|p2a: Cang|atk|2\n|move|p1a: Gliscor|Earthquake|p2a: Cang\n|-damage|p2a: Cang|42\/100 tox\n|\n|-damage|p2a: Cang|36\/100 tox|[from] psn\n|-heal|p1a: Gliscor|100\/100 tox|[from] ability: Poison Heal\n|upkeep\n|turn|12\n|\n|t:|1664420058\n|move|p2a: Cang|Facade|p1a: Gliscor\n|-damage|p1a: Gliscor|0 fnt\n|faint|p1a: Gliscor\n|\n|-damage|p2a: Cang|24\/100 tox|[from] psn\n|upkeep\n|\n|t:|1664420062\n|switch|p1a: Metagross|Metagross, shiny|75\/100\n|-damage|p1a: Metagross|69\/100|[from] Stealth Rock\n|turn|13\n|\n|t:|1664420083\n|switch|p2a: Mugenyama|Bronzong|75\/100\n|move|p1a: Metagross|Bullet Punch|p2a: Mugenyama\n|-resisted|p2a: Mugenyama\n|-damage|p2a: Mugenyama|63\/100\n|\n|upkeep\n|turn|14\n|-message|Capital Cruiser forfeited.\n|\n|win|TrickRoom93\n|raw|Capital Cruiser's rating: 1403 &rarr; <strong>1382<\/strong><br \/>(-21 for losing)\n|raw|TrickRoom93's rating: 1385 &rarr; <strong>1406<\/strong><br \/>(+21 for winning)\n|l|\u203dCapital Cruiser\n||Ladder isn't responding, score probably updated but might not have (Request timeout).\n","uploadtime":1664420095,"views":6,"p1id":"capitalcruiser","p2id":"trickroom93","formatid":"gen8bdspou","rating":1382,"private":0,"password":null}