{"id":"gen8ou-1646482354","p1":"Free Wifi Hotspot","p2":"minimax_ai","format":"gen8ou","log":"|j|\u2606Free Wifi Hotspot\n|j|\u2606minimax_ai\n|t:|1661279472\n|gametype|singles\n|player|p1|Free Wifi Hotspot|lucas|1460\n|player|p2|minimax_ai|lusamine-nihilego|1401\n|teamsize|p1|6\n|teamsize|p2|6\n|gen|8\n|tier|[Gen 8] OU\n|rated|\n|rule|Sleep Clause Mod: Limit one foe put to sleep\n|rule|Species Clause: Limit one of each Pok\u00e9mon\n|rule|OHKO Clause: OHKO moves are banned\n|rule|Evasion Items Clause: Evasion items are banned\n|rule|Evasion Moves Clause: Evasion moves are banned\n|rule|Endless Battle Clause: Forcing endless battles is banned\n|rule|HP Percentage Mod: HP is shown in percentages\n|rule|Dynamax Clause: You cannot dynamax\n|clearpoke\n|poke|p1|Urshifu-*, F|\n|poke|p1|Zapdos|\n|poke|p1|Slowking-Galar, M|\n|poke|p1|Weavile, F|\n|poke|p1|Ferrothorn, F|\n|poke|p1|Rillaboom, M|\n|poke|p2|Rotom-Wash|\n|poke|p2|Weavile, F|\n|poke|p2|Landorus-Therian, M|\n|poke|p2|Heatran, M|\n|poke|p2|Tangrowth, M|\n|poke|p2|Melmetal|\n|teampreview\n|inactive|Battle timer is ON: inactive players will automatically lose when time's up. (requested by Free Wifi Hotspot)\n|\n|t:|1661279475\n|start\n|switch|p1a: Zapdos|Zapdos|100\/100\n|switch|p2a: landorustherian|Landorus-Therian, M|100\/100\n|-ability|p2a: landorustherian|Intimidate|boost\n|-unboost|p1a: Zapdos|atk|1\n|turn|1\n|c|\u2606minimax_ai|hf\n|inactive|minimax_ai also wants the timer to be on.\n|\n|t:|1661279478\n|switch|p1a: Ferrothorn|Ferrothorn, F|100\/100\n|move|p2a: landorustherian|Earthquake|p1a: Ferrothorn\n|-damage|p1a: Ferrothorn|74\/100\n|\n|upkeep\n|turn|2\n|\n|t:|1661279479\n|move|p2a: landorustherian|U-turn|p1a: Ferrothorn\n|-damage|p1a: Ferrothorn|61\/100\n|-damage|p2a: landorustherian|88\/100|[from] ability: Iron Barbs|[of] p1a: Ferrothorn\n|-damage|p2a: landorustherian|72\/100|[from] item: Rocky Helmet|[of] p1a: Ferrothorn\n|\n|t:|1661279480\n|switch|p2a: Heatran|Heatran, M|100\/100|[from]move: U-turn\n|-item|p2a: Heatran|Air Balloon\n|move|p1a: Ferrothorn|Spikes|p2a: Heatran\n|-sidestart|p2: minimax_ai|Spikes\n|\n|upkeep\n|turn|3\n|\n|t:|1661279482\n|switch|p1a: Urshifu|Urshifu-Rapid-Strike, F|100\/100\n|move|p2a: Heatran|Eruption|p1a: Urshifu\n|-resisted|p1a: Urshifu\n|-damage|p1a: Urshifu|38\/100\n|\n|upkeep\n|turn|4\n|\n|t:|1661279486\n|switch|p2a: Tangrowth|Tangrowth, M|100\/100\n|-damage|p2a: Tangrowth|88\/100|[from] Spikes\n|move|p1a: Urshifu|Surging Strikes|p2a: Tangrowth\n|-resisted|p2a: Tangrowth\n|-crit|p2a: Tangrowth\n|-damage|p2a: Tangrowth|83\/100\n|-resisted|p2a: Tangrowth\n|-crit|p2a: Tangrowth\n|-damage|p2a: Tangrowth|78\/100\n|-resisted|p2a: Tangrowth\n|-crit|p2a: Tangrowth\n|-damage|p2a: Tangrowth|73\/100\n|-hitcount|p2a: Tangrowth|3\n|\n|upkeep\n|turn|5\n|\n|t:|1661279493\n|move|p1a: Urshifu|Ice Punch|p2a: Tangrowth\n|-supereffective|p2a: Tangrowth\n|-damage|p2a: Tangrowth|46\/100\n|move|p2a: Tangrowth|Giga Drain|p1a: Urshifu\n|-supereffective|p1a: Urshifu\n|-damage|p1a: Urshifu|0 fnt\n|-heal|p2a: Tangrowth|61\/100|[from] drain|[of] p1a: Urshifu\n|faint|p1a: Urshifu\n|\n|upkeep\n|\n|t:|1661279499\n|switch|p1a: Slowking|Slowking-Galar, M|100\/100\n|turn|6\n|\n|t:|1661279500\n|switch|p2a: rotomwash|Rotom-Wash|100\/100\n|move|p1a: Slowking|Sludge Bomb|p2a: rotomwash\n|-damage|p2a: rotomwash|49\/100\n|\n|-heal|p2a: rotomwash|55\/100|[from] item: Leftovers\n|upkeep\n|turn|7\n|\n|t:|1661279503\n|switch|p2a: Heatran|Heatran, M|100\/100\n|-item|p2a: Heatran|Air Balloon\n|move|p1a: Slowking|Sludge Bomb|p2a: Heatran\n|-immune|p2a: Heatran\n|\n|upkeep\n|turn|8\n|\n|t:|1661279504\n|move|p2a: Heatran|Magma Storm|p1a: Slowking\n|-damage|p1a: Slowking|74\/100\n|-activate|p1a: Slowking|move: Magma Storm|[of] p2a: Heatran\n|move|p1a: Slowking|Scald|p2a: Heatran\n|-supereffective|p2a: Heatran\n|-damage|p2a: Heatran|42\/100\n|-enditem|p2a: Heatran|Air Balloon\n|\n|-damage|p1a: Slowking|61\/100|[from] move: Magma Storm|[partiallytrapped]\n|upkeep\n|turn|9\n|\n|t:|1661279506\n|move|p2a: Heatran|Stealth Rock|p1a: Slowking\n|-sidestart|p1: Free Wifi Hotspot|move: Stealth Rock\n|move|p1a: Slowking|Scald|p2a: Heatran\n|-supereffective|p2a: Heatran\n|-damage|p2a: Heatran|0 fnt\n|faint|p2a: Heatran\n|\n|-end|p1a: Slowking|Magma Storm|[partiallytrapped]|[silent]\n|upkeep\n|\n|t:|1661279506\n|switch|p2a: Melmetal|Melmetal|100\/100\n|-damage|p2a: Melmetal|88\/100|[from] Spikes\n|turn|10\n|\n|t:|1661279509\n|switch|p1a: Ferrothorn|Ferrothorn, F|61\/100\n|-damage|p1a: Ferrothorn|55\/100|[from] Stealth Rock\n|move|p2a: Melmetal|Ice Punch|p1a: Ferrothorn\n|-damage|p1a: Ferrothorn|37\/100\n|-status|p1a: Ferrothorn|frz\n|-damage|p2a: Melmetal|76\/100|[from] ability: Iron Barbs|[of] p1a: Ferrothorn\n|-damage|p2a: Melmetal|59\/100|[from] item: Rocky Helmet|[of] p1a: Ferrothorn\n|\n|upkeep\n|turn|11\n|\n|t:|1661279511\n|move|p2a: Melmetal|Double Iron Bash|p1a: Ferrothorn\n|-resisted|p1a: Ferrothorn\n|-damage|p1a: Ferrothorn|24\/100 frz\n|-damage|p2a: Melmetal|47\/100|[from] ability: Iron Barbs|[of] p1a: Ferrothorn\n|-damage|p2a: Melmetal|30\/100|[from] item: Rocky Helmet|[of] p1a: Ferrothorn\n|-resisted|p1a: Ferrothorn\n|-damage|p1a: Ferrothorn|14\/100 frz\n|-damage|p2a: Melmetal|18\/100|[from] ability: Iron Barbs|[of] p1a: Ferrothorn\n|-damage|p2a: Melmetal|1\/100|[from] item: Rocky Helmet|[of] p1a: Ferrothorn\n|-hitcount|p1a: Ferrothorn|2\n|cant|p1a: Ferrothorn|frz\n|\n|upkeep\n|turn|12\n|\n|t:|1661279515\n|switch|p2a: Tangrowth|Tangrowth, M|95\/100\n|-damage|p2a: Tangrowth|82\/100|[from] Spikes\n|-curestatus|p1a: Ferrothorn|frz|[msg]\n|move|p1a: Ferrothorn|Body Press|p2a: Tangrowth\n|-damage|p2a: Tangrowth|67\/100\n|-damage|p1a: Ferrothorn|0 fnt|[from] item: Rocky Helmet|[of] p2a: Tangrowth\n|faint|p1a: Ferrothorn\n|\n|upkeep\n|\n|t:|1661279518\n|switch|p1a: Slowking|Slowking-Galar, M|95\/100\n|-damage|p1a: Slowking|82\/100|[from] Stealth Rock\n|turn|13\n|\n|t:|1661279522\n|switch|p2a: rotomwash|Rotom-Wash|55\/100\n|move|p1a: Slowking|Sludge Bomb|p2a: rotomwash\n|-damage|p2a: rotomwash|4\/100\n|-status|p2a: rotomwash|psn\n|\n|-heal|p2a: rotomwash|10\/100 psn|[from] item: Leftovers\n|-damage|p2a: rotomwash|0 fnt|[from] psn\n|faint|p2a: rotomwash\n|upkeep\n|\n|t:|1661279523\n|switch|p2a: Weavile|Weavile, F|100\/100\n|-damage|p2a: Weavile|88\/100|[from] Spikes\n|-ability|p2a: Weavile|Pressure\n|turn|14\n|\n|t:|1661279531\n|switch|p1a: Zapdos|Zapdos|100\/100\n|move|p2a: Weavile|Knock Off|p1a: Zapdos\n|-damage|p1a: Zapdos|52\/100\n|-enditem|p1a: Zapdos|Heavy-Duty Boots|[from] move: Knock Off|[of] p2a: Weavile\n|\n|upkeep\n|turn|15\n|\n|t:|1661279535\n|switch|p2a: landorustherian|Landorus-Therian, M|72\/100\n|-ability|p2a: landorustherian|Intimidate|boost\n|-unboost|p1a: Zapdos|atk|1\n|move|p1a: Zapdos|Discharge|p2a: landorustherian\n|-immune|p2a: landorustherian\n|\n|-heal|p2a: landorustherian|78\/100|[from] item: Leftovers\n|upkeep\n|turn|16\n|\n|t:|1661279537\n|move|p1a: Zapdos|Roost|p1a: Zapdos\n|-heal|p1a: Zapdos|100\/100\n|-singleturn|p1a: Zapdos|move: Roost\n|move|p2a: landorustherian|Toxic|p1a: Zapdos\n|-status|p1a: Zapdos|tox\n|\n|-heal|p2a: landorustherian|84\/100|[from] item: Leftovers\n|-damage|p1a: Zapdos|94\/100 tox|[from] psn\n|upkeep\n|turn|17\n|\n|t:|1661279539\n|move|p1a: Zapdos|Heat Wave|p2a: landorustherian\n|-damage|p2a: landorustherian|63\/100\n|move|p2a: landorustherian|U-turn|p1a: Zapdos\n|-resisted|p1a: Zapdos\n|-damage|p1a: Zapdos|86\/100 tox\n|\n|t:|1661279539\n|switch|p2a: Weavile|Weavile, F|88\/100|[from]move: U-turn\n|-damage|p2a: Weavile|76\/100|[from] Spikes\n|-ability|p2a: Weavile|Pressure\n|\n|-damage|p1a: Zapdos|74\/100 tox|[from] psn\n|upkeep\n|turn|18\n|\n|t:|1661279544\n|move|p2a: Weavile|Knock Off|p1a: Zapdos\n|-damage|p1a: Zapdos|39\/100 tox\n|move|p1a: Zapdos|Discharge|p2a: Weavile\n|-damage|p2a: Weavile|27\/100\n|-status|p2a: Weavile|par\n|\n|-damage|p1a: Zapdos|21\/100 tox|[from] psn\n|upkeep\n|turn|19\n|\n|t:|1661279549\n|move|p1a: Zapdos|Discharge|p2a: Weavile\n|-damage|p2a: Weavile|0 fnt\n|faint|p2a: Weavile\n|\n|-damage|p1a: Zapdos|0 fnt|[from] psn\n|faint|p1a: Zapdos\n|upkeep\n|\n|t:|1661279556\n|switch|p2a: Tangrowth|Tangrowth, M|99\/100\n|switch|p1a: Slowking|Slowking-Galar, M|100\/100\n|-damage|p2a: Tangrowth|87\/100|[from] Spikes\n|-damage|p1a: Slowking|88\/100|[from] Stealth Rock\n|turn|20\n|\n|t:|1661279560\n|switch|p2a: landorustherian|Landorus-Therian, M|63\/100\n|-ability|p2a: landorustherian|Intimidate|boost\n|-unboost|p1a: Slowking|atk|1\n|move|p1a: Slowking|Psychic|p2a: landorustherian\n|-damage|p2a: landorustherian|30\/100\n|\n|-heal|p2a: landorustherian|36\/100|[from] item: Leftovers\n|upkeep\n|turn|21\n|\n|t:|1661279566\n|move|p2a: landorustherian|U-turn|p1a: Slowking\n|-damage|p1a: Slowking|66\/100\n|\n|t:|1661279566\n|switch|p2a: Melmetal|Melmetal|1\/100|[from]move: U-turn\n|-damage|p2a: Melmetal|0 fnt|[from] Spikes\n|faint|p2a: Melmetal\n|move|p1a: Slowking|Scald|p2: Melmetal|[notarget]\n|-fail|p1a: Slowking\n|\n|upkeep\n|\n|t:|1661279567\n|switch|p2a: landorustherian|Landorus-Therian, M|36\/100\n|-ability|p2a: landorustherian|Intimidate|boost\n|-unboost|p1a: Slowking|atk|1\n|turn|22\n|\n|t:|1661279577\n|switch|p1a: Rillaboom|Rillaboom, M|100\/100\n|-damage|p1a: Rillaboom|88\/100|[from] Stealth Rock\n|-fieldstart|move: Grassy Terrain|[from] ability: Grassy Surge|[of] p1a: Rillaboom\n|move|p2a: landorustherian|Earthquake|p1a: Rillaboom\n|-resisted|p1a: Rillaboom\n|-damage|p1a: Rillaboom|74\/100\n|\n|-heal|p1a: Rillaboom|81\/100|[from] Grassy Terrain\n|-heal|p2a: landorustherian|42\/100|[from] item: Leftovers\n|upkeep\n|turn|23\n|\n|t:|1661279583\n|move|p1a: Rillaboom|Swords Dance|p1a: Rillaboom\n|-boost|p1a: Rillaboom|atk|2\n|move|p2a: landorustherian|Earthquake|p1a: Rillaboom\n|-resisted|p1a: Rillaboom\n|-damage|p1a: Rillaboom|69\/100\n|\n|-heal|p1a: Rillaboom|75\/100|[from] Grassy Terrain\n|-heal|p2a: landorustherian|48\/100|[from] item: Leftovers\n|upkeep\n|turn|24\n|\n|t:|1661279587\n|move|p1a: Rillaboom|Swords Dance|p1a: Rillaboom\n|-boost|p1a: Rillaboom|atk|2\n|move|p2a: landorustherian|Defog|p1a: Rillaboom\n|-unboost|p1a: Rillaboom|evasion|1\n|-sideend|p1: Free Wifi Hotspot|Stealth Rock|[from] move: Defog|[of] p2a: landorustherian\n|-sideend|p2: minimax_ai|Spikes|[from] move: Defog|[of] p2a: landorustherian\n|-fieldend|move: Grassy Terrain\n|\n|-heal|p2a: landorustherian|54\/100|[from] item: Leftovers\n|upkeep\n|turn|25\n|\n|t:|1661279593\n|move|p1a: Rillaboom|Grassy Glide|p2a: landorustherian\n|-damage|p2a: landorustherian|0 fnt\n|faint|p2a: landorustherian\n|-damage|p1a: Rillaboom|65\/100|[from] item: Life Orb\n|\n|upkeep\n|\n|t:|1661279593\n|switch|p2a: Tangrowth|Tangrowth, M|100\/100\n|turn|26\n|\n|t:|1661279596\n|move|p1a: Rillaboom|Knock Off|p2a: Tangrowth\n|-damage|p2a: Tangrowth|27\/100\n|-damage|p1a: Rillaboom|48\/100|[from] item: Rocky Helmet|[of] p2a: Tangrowth\n|-enditem|p2a: Tangrowth|Rocky Helmet|[from] move: Knock Off|[of] p1a: Rillaboom\n|-damage|p1a: Rillaboom|38\/100|[from] item: Life Orb\n|move|p2a: Tangrowth|Focus Blast|p1a: Rillaboom\n|-damage|p1a: Rillaboom|1\/100\n|-unboost|p1a: Rillaboom|spd|1\n|\n|upkeep\n|turn|27\n|\n|t:|1661279606\n|move|p1a: Rillaboom|Superpower|p2a: Tangrowth\n|-damage|p2a: Tangrowth|0 fnt\n|-unboost|p1a: Rillaboom|atk|1\n|-unboost|p1a: Rillaboom|def|1\n|faint|p2a: Tangrowth\n|-damage|p1a: Rillaboom|0 fnt|[from] item: Life Orb\n|faint|p1a: Rillaboom\n|\n|win|Free Wifi Hotspot\n|raw|Free Wifi Hotspot's rating: 1460 &rarr; <strong>1477<\/strong><br \/>(+17 for winning)\n|raw|minimax_ai's rating: 1401 &rarr; <strong>1384<\/strong><br \/>(-17 for losing)\n|c|\u2606minimax_ai|gg\n","uploadtime":1661279607,"views":8,"p1id":"freewifihotspot","p2id":"minimaxai","formatid":"gen8ou","rating":1384,"private":0,"password":null}