{"id":"gen8nationaldex-1668508614","p1":"GoatExpress","p2":"hikari-miyako","format":"gen8nationaldex","log":"|j|\u2606GoatExpress\n|j|\u2606hikari-miyako\n|t:|1663632040\n|gametype|singles\n|player|p1|GoatExpress|boarder-gen2|1632\n|player|p2|hikari-miyako|cynthia|1636\n|teamsize|p1|6\n|teamsize|p2|6\n|gen|8\n|tier|[Gen 8] National Dex\n|rated|\n|rule|HP Percentage Mod: HP is shown in percentages\n|rule|Endless Battle Clause: Forcing endless battles is banned\n|rule|OHKO Clause: OHKO moves are banned\n|rule|Evasion Moves Clause: Evasion moves are banned\n|rule|Species Clause: Limit one of each Pok\u00e9mon\n|rule|Dynamax Clause: You cannot dynamax\n|rule|Sleep Clause Mod: Limit one foe put to sleep\n|clearpoke\n|poke|p1|Latias, F|\n|poke|p1|Clefable, M|\n|poke|p1|Toxapex, F|\n|poke|p1|Corviknight, M|\n|poke|p1|Gliscor, F|\n|poke|p1|Weavile, F|\n|poke|p2|Aegislash, F|\n|poke|p2|Diancie|\n|poke|p2|Thundurus, M|\n|poke|p2|Bisharp, M|\n|poke|p2|Serperior, F|\n|poke|p2|Greninja, M|\n|teampreview\n|inactive|Battle timer is ON: inactive players will automatically lose when time's up. (requested by GoatExpress)\n|inactive|GoatExpress has 120 seconds left.\n|\n|t:|1663632089\n|start\n|switch|p1a: Latias|Latias, F, shiny|100\/100\n|switch|p2a: Bisharp|Bisharp, M|100\/100\n|turn|1\n|\n|t:|1663632096\n|detailschange|p1a: Latias|Latias-Mega, F, shiny\n|-mega|p1a: Latias|Latias|Latiasite\n|move|p1a: Latias|Aura Sphere|p2a: Bisharp\n|-supereffective|p2a: Bisharp\n|-enditem|p2a: Bisharp|Focus Sash\n|-damage|p2a: Bisharp|1\/100\n|move|p2a: Bisharp|Stealth Rock|p1a: Latias\n|-sidestart|p1: GoatExpress|move: Stealth Rock\n|\n|upkeep\n|turn|2\n|\n|t:|1663632106\n|switch|p1a: Corviknight|Corviknight, M, shiny|100\/100\n|-damage|p1a: Corviknight|88\/100|[from] Stealth Rock\n|-ability|p1a: Corviknight|Pressure\n|switch|p2a: Aegislash|Aegislash, F|100\/100\n|\n|-heal|p1a: Corviknight|94\/100|[from] item: Leftovers\n|upkeep\n|turn|3\n|\n|t:|1663632112\n|switch|p2a: Bisharp|Bisharp, M|1\/100\n|move|p1a: Corviknight|U-turn|p2a: Bisharp\n|-damage|p2a: Bisharp|0 fnt\n|faint|p2a: Bisharp\n|\n|t:|1663632126\n|switch|p1a: Clefable|Clefable, M, shiny|100\/100|[from]move: U-turn\n|\n|upkeep\n|\n|t:|1663632129\n|switch|p2a: Thundurus|Thundurus, M|100\/100\n|turn|4\n|\n|t:|1663632140\n|move|p2a: Thundurus|Thunderbolt|p1a: Clefable\n|-crit|p1a: Clefable\n|-damage|p1a: Clefable|41\/100\n|-damage|p2a: Thundurus|91\/100|[from] item: Life Orb\n|move|p1a: Clefable|Knock Off|p2a: Thundurus\n|-damage|p2a: Thundurus|68\/100\n|-enditem|p2a: Thundurus|Life Orb|[from] move: Knock Off|[of] p1a: Clefable\n|\n|-heal|p1a: Clefable|47\/100|[from] item: Leftovers\n|upkeep\n|turn|5\n|\n|t:|1663632145\n|move|p2a: Thundurus|Thunder Wave|p1a: Clefable\n|-status|p1a: Clefable|par\n|move|p1a: Clefable|Soft-Boiled|p1a: Clefable\n|-heal|p1a: Clefable|97\/100 par\n|\n|-heal|p1a: Clefable|100\/100 par|[from] item: Leftovers\n|upkeep\n|turn|6\n|\n|t:|1663632147\n|switch|p2a: Diancie|Diancie|100\/100\n|move|p1a: Clefable|Stealth Rock|p2a: Diancie\n|-sidestart|p2: hikari-miyako|move: Stealth Rock\n|\n|upkeep\n|turn|7\n|\n|t:|1663632155\n|switch|p1a: Toxapex|Toxapex, F, shiny|100\/100\n|-damage|p1a: Toxapex|88\/100|[from] Stealth Rock\n|detailschange|p2a: Diancie|Diancie-Mega\n|-mega|p2a: Diancie|Diancie|Diancite\n|move|p2a: Diancie|Moonblast|p1a: Toxapex\n|-resisted|p1a: Toxapex\n|-damage|p1a: Toxapex|64\/100\n|-unboost|p1a: Toxapex|spa|1\n|\n|-heal|p1a: Toxapex|69\/100|[from] item: Black Sludge\n|upkeep\n|turn|8\n|\n|t:|1663632157\n|move|p2a: Diancie|Earth Power|p1a: Toxapex\n|-supereffective|p1a: Toxapex\n|-damage|p1a: Toxapex|7\/100\n|move|p1a: Toxapex|Recover|p1a: Toxapex\n|-heal|p1a: Toxapex|57\/100\n|\n|-heal|p1a: Toxapex|63\/100|[from] item: Black Sludge\n|upkeep\n|turn|9\n|\n|t:|1663632162\n|switch|p1a: Corviknight|Corviknight, M, shiny|94\/100\n|-damage|p1a: Corviknight|82\/100|[from] Stealth Rock\n|-ability|p1a: Corviknight|Pressure\n|move|p2a: Diancie|Earth Power|p1a: Corviknight\n|-immune|p1a: Corviknight\n|\n|-heal|p1a: Corviknight|88\/100|[from] item: Leftovers\n|upkeep\n|turn|10\n|\n|t:|1663632167\n|move|p2a: Diancie|Mystical Fire|p1a: Corviknight\n|-supereffective|p1a: Corviknight\n|-damage|p1a: Corviknight|36\/100\n|-unboost|p1a: Corviknight|spa|1\n|move|p1a: Corviknight|U-turn|p2a: Diancie\n|-resisted|p2a: Diancie\n|-damage|p2a: Diancie|91\/100\n|inactive|GoatExpress has 120 seconds left.\n|\n|t:|1663632202\n|switch|p1a: Gliscor|Gliscor, F, shiny|100\/100|[from]move: U-turn\n|-damage|p1a: Gliscor|88\/100|[from] Stealth Rock\n|\n|-status|p1a: Gliscor|tox|[from] item: Toxic Orb\n|upkeep\n|turn|11\n|\n|t:|1663632210\n|move|p2a: Diancie|Diamond Storm|p1a: Gliscor\n|-damage|p1a: Gliscor|45\/100 tox\n|move|p1a: Gliscor|Earthquake|p2a: Diancie\n|-supereffective|p2a: Diancie\n|-damage|p2a: Diancie|0 fnt\n|faint|p2a: Diancie\n|\n|-heal|p1a: Gliscor|57\/100 tox|[from] ability: Poison Heal\n|upkeep\n|\n|t:|1663632214\n|switch|p2a: Greninja|Greninja, M|100\/100\n|-damage|p2a: Greninja|88\/100|[from] Stealth Rock\n|turn|12\n|\n|t:|1663632217\n|switch|p1a: Toxapex|Toxapex, F, shiny|96\/100\n|-damage|p1a: Toxapex|84\/100|[from] Stealth Rock\n|move|p2a: Greninja|Dark Pulse|p1a: Toxapex\n|-damage|p1a: Toxapex|45\/100\n|-damage|p2a: Greninja|78\/100|[from] item: Life Orb\n|\n|-heal|p1a: Toxapex|51\/100|[from] item: Black Sludge\n|upkeep\n|turn|13\n|\n|t:|1663632221\n|move|p2a: Greninja|Dark Pulse|p1a: Toxapex\n|-damage|p1a: Toxapex|12\/100\n|-damage|p2a: Greninja|69\/100|[from] item: Life Orb\n|move|p1a: Toxapex|Recover|p1a: Toxapex\n|-heal|p1a: Toxapex|63\/100\n|\n|-heal|p1a: Toxapex|68\/100|[from] item: Black Sludge\n|upkeep\n|turn|14\n|\n|t:|1663632223\n|move|p2a: Greninja|Dark Pulse|p1a: Toxapex\n|-damage|p1a: Toxapex|29\/100\n|-damage|p2a: Greninja|59\/100|[from] item: Life Orb\n|move|p1a: Toxapex|Recover|p1a: Toxapex\n|-heal|p1a: Toxapex|79\/100\n|\n|-heal|p1a: Toxapex|85\/100|[from] item: Black Sludge\n|upkeep\n|turn|15\n|\n|t:|1663632225\n|switch|p2a: Thundurus|Thundurus, M|68\/100\n|-damage|p2a: Thundurus|43\/100|[from] Stealth Rock\n|move|p1a: Toxapex|Toxic|p2a: Thundurus\n|-status|p2a: Thundurus|tox\n|\n|-heal|p1a: Toxapex|91\/100|[from] item: Black Sludge\n|-damage|p2a: Thundurus|37\/100 tox|[from] psn\n|upkeep\n|turn|16\n|\n|t:|1663632233\n|switch|p1a: Gliscor|Gliscor, F, shiny|57\/100 tox\n|-damage|p1a: Gliscor|45\/100 tox|[from] Stealth Rock\n|move|p2a: Thundurus|Thunderbolt|p1a: Gliscor\n|-immune|p1a: Gliscor\n|\n|-damage|p2a: Thundurus|25\/100 tox|[from] psn\n|-heal|p1a: Gliscor|57\/100 tox|[from] ability: Poison Heal\n|upkeep\n|turn|17\n|\n|t:|1663632236\n|switch|p1a: Clefable|Clefable, M, shiny|100\/100 par\n|move|p2a: Thundurus|Hidden Power|p1a: Clefable\n|-damage|p1a: Clefable|85\/100 par\n|\n|-heal|p1a: Clefable|91\/100 par|[from] item: Leftovers\n|-damage|p2a: Thundurus|7\/100 tox|[from] psn\n|upkeep\n|turn|18\n|\n|t:|1663632239\n|move|p2a: Thundurus|Thunderbolt|p1a: Clefable\n|-crit|p1a: Clefable\n|-damage|p1a: Clefable|44\/100 par\n|move|p1a: Clefable|Soft-Boiled|p1a: Clefable\n|-heal|p1a: Clefable|94\/100 par\n|\n|-heal|p1a: Clefable|99\/100 par|[from] item: Leftovers\n|-damage|p2a: Thundurus|0 fnt|[from] psn\n|faint|p2a: Thundurus\n|upkeep\n|\n|t:|1663632243\n|switch|p2a: Aegislash|Aegislash, F|100\/100\n|-damage|p2a: Aegislash|94\/100|[from] Stealth Rock\n|turn|19\n|\n|t:|1663632246\n|-formechange|p2a: Aegislash|Aegislash-Blade||[from] ability: Stance Change\n|move|p2a: Aegislash|Shadow Ball|p1a: Clefable\n|-damage|p1a: Clefable|68\/100 par\n|-unboost|p1a: Clefable|spd|1\n|move|p1a: Clefable|Knock Off|p2a: Aegislash\n|-supereffective|p2a: Aegislash\n|-damage|p2a: Aegislash|42\/100\n|-enditem|p2a: Aegislash|Weakness Policy\n|-boost|p2a: Aegislash|atk|2|[from] item: Weakness Policy\n|-boost|p2a: Aegislash|spa|2|[from] item: Weakness Policy\n|\n|-heal|p1a: Clefable|74\/100 par|[from] item: Leftovers\n|upkeep\n|turn|20\n|\n|t:|1663632274\n|switch|p1a: Corviknight|Corviknight, M, shiny|36\/100\n|-damage|p1a: Corviknight|24\/100|[from] Stealth Rock\n|-ability|p1a: Corviknight|Pressure\n|move|p2a: Aegislash|Shadow Ball|p1a: Corviknight\n|-damage|p1a: Corviknight|0 fnt\n|faint|p1a: Corviknight\n|\n|upkeep\n|\n|t:|1663632277\n|switch|p1a: Weavile|Weavile, F|100\/100\n|-damage|p1a: Weavile|76\/100|[from] Stealth Rock\n|-ability|p1a: Weavile|Pressure\n|turn|21\n|\n|t:|1663632284\n|-formechange|p2a: Aegislash|Aegislash||[from] ability: Stance Change\n|move|p2a: Aegislash|King's Shield|p2a: Aegislash\n|-singleturn|p2a: Aegislash|Protect\n|move|p1a: Weavile|Knock Off|p2a: Aegislash\n|-activate|p2a: Aegislash|move: Protect\n|-unboost|p1a: Weavile|atk|1\n|\n|upkeep\n|turn|22\n|\n|t:|1663632288\n|move|p1a: Weavile|Knock Off|p2a: Aegislash\n|-supereffective|p2a: Aegislash\n|-damage|p2a: Aegislash|0 fnt\n|faint|p2a: Aegislash\n|\n|upkeep\n|\n|t:|1663632291\n|switch|p2a: Serperior|Serperior, F|100\/100\n|-damage|p2a: Serperior|88\/100|[from] Stealth Rock\n|turn|23\n|\n|t:|1663632293\n|switch|p1a: Latias|Latias-Mega, F, shiny|100\/100\n|-damage|p1a: Latias|88\/100|[from] Stealth Rock\n|move|p2a: Serperior|Leaf Storm|p1a: Latias\n|-resisted|p1a: Latias\n|-damage|p1a: Latias|70\/100\n|-boost|p2a: Serperior|spa|2\n|\n|upkeep\n|turn|24\n|\n|t:|1663632296\n|move|p2a: Serperior|Leaf Storm|p1a: Latias\n|-resisted|p1a: Latias\n|-damage|p1a: Latias|38\/100\n|-boost|p2a: Serperior|spa|2\n|move|p1a: Latias|Psyshock|p2a: Serperior\n|-damage|p2a: Serperior|35\/100\n|\n|upkeep\n|turn|25\n|\n|t:|1663632299\n|move|p2a: Serperior|Leaf Storm|p1a: Latias\n|-resisted|p1a: Latias\n|-damage|p1a: Latias|0 fnt\n|-boost|p2a: Serperior|spa|2\n|faint|p1a: Latias\n|\n|upkeep\n|\n|t:|1663632301\n|switch|p1a: Weavile|Weavile, F|76\/100\n|-damage|p1a: Weavile|51\/100|[from] Stealth Rock\n|-ability|p1a: Weavile|Pressure\n|turn|26\n|\n|t:|1663632305\n|move|p1a: Weavile|Ice Shard|p2a: Serperior\n|-supereffective|p2a: Serperior\n|-damage|p2a: Serperior|0 fnt\n|faint|p2a: Serperior\n|\n|upkeep\n|\n|t:|1663632309\n|switch|p2a: Greninja|Greninja, M|59\/100\n|-damage|p2a: Greninja|46\/100|[from] Stealth Rock\n|turn|27\n|\n|t:|1663632313\n|move|p1a: Weavile|Ice Shard|p2a: Greninja\n|-resisted|p2a: Greninja\n|-damage|p2a: Greninja|20\/100\n|move|p2a: Greninja|Dark Pulse|p1a: Weavile\n|-resisted|p1a: Weavile\n|-damage|p1a: Weavile|17\/100\n|-damage|p2a: Greninja|11\/100|[from] item: Life Orb\n|\n|upkeep\n|turn|28\n|\n|t:|1663632316\n|move|p1a: Weavile|Ice Shard|p2a: Greninja\n|-resisted|p2a: Greninja\n|-damage|p2a: Greninja|0 fnt\n|faint|p2a: Greninja\n|\n|win|GoatExpress\n|raw|GoatExpress's rating: 1632 &rarr; <strong>1652<\/strong><br \/>(+20 for winning)\n|raw|hikari-miyako's rating: 1634 &rarr; <strong>1614<\/strong><br \/>(-20 for losing)\n|l|\u2606hikari-miyako\n","uploadtime":1663632319,"views":13,"p1id":"goatexpress","p2id":"hikarimiyako","formatid":"gen8nationaldex","rating":1614,"private":0,"password":null}