{"id":"gen8ou-1420107794","p1":"Vodyne","p2":"rickfromfortnite","format":"gen8ou","log":"|j|\u2606Vodyne\n|j|\u2606rickfromfortnite\n|t:|1632093242\n|gametype|singles\n|player|p1|Vodyne|265|1625\n|player|p2|rickfromfortnite|scientist-gen4|1897\n|teamsize|p1|6\n|teamsize|p2|6\n|gen|8\n|tier|[Gen 8] OU\n|rated|\n|rule|Sleep Clause Mod: Limit one foe put to sleep\n|rule|Species Clause: Limit one of each Pok\u00e9mon\n|rule|OHKO Clause: OHKO moves are banned\n|rule|Evasion Moves Clause: Evasion moves are banned\n|rule|Endless Battle Clause: Forcing endless battles is banned\n|rule|HP Percentage Mod: HP is shown in percentages\n|rule|Dynamax Clause: You cannot dynamax\n|clearpoke\n|poke|p1|Snorlax, M|\n|poke|p1|Suicune|\n|poke|p1|Melmetal|\n|poke|p1|Victini|\n|poke|p1|Landorus-Therian, M|\n|poke|p1|Zapdos|\n|poke|p2|Nidoking, M|\n|poke|p2|Weavile, M|\n|poke|p2|Zeraora|\n|poke|p2|Hippowdon, F|\n|poke|p2|Buzzwole|\n|poke|p2|Heatran, M|\n|teampreview\n|c|\u2606Vodyne|hf\n|c|\u2606rickfromfortnite|hf\n|\n|t:|1632093257\n|start\n|switch|p1a: Landorus|Landorus-Therian, M|100\/100\n|switch|p2a: Nidoking|Nidoking, M|100\/100\n|-ability|p1a: Landorus|Intimidate|boost\n|-unboost|p2a: Nidoking|atk|1\n|turn|1\n|\n|t:|1632093264\n|switch|p2a: Hippowdon|Hippowdon, F|100\/100\n|-weather|Sandstorm|[from] ability: Sand Stream|[of] p2a: Hippowdon\n|move|p1a: Landorus|Earthquake|p2a: Hippowdon\n|-damage|p2a: Hippowdon|60\/100\n|\n|-weather|Sandstorm|[upkeep]\n|-heal|p2a: Hippowdon|67\/100|[from] item: Leftovers\n|upkeep\n|turn|2\n|\n|t:|1632093270\n|switch|p1a: Zapdos|Zapdos|100\/100\n|move|p2a: Hippowdon|Slack Off|p2a: Hippowdon\n|-heal|p2a: Hippowdon|100\/100\n|\n|-weather|Sandstorm|[upkeep]\n|-damage|p1a: Zapdos|94\/100|[from] Sandstorm\n|upkeep\n|turn|3\n|\n|t:|1632093275\n|move|p1a: Zapdos|Hurricane|p2a: Hippowdon|[miss]\n|-miss|p1a: Zapdos|p2a: Hippowdon\n|move|p2a: Hippowdon|Toxic|p1a: Zapdos\n|-status|p1a: Zapdos|tox\n|\n|-weather|Sandstorm|[upkeep]\n|-damage|p1a: Zapdos|88\/100 tox|[from] Sandstorm\n|-damage|p1a: Zapdos|82\/100 tox|[from] psn\n|upkeep\n|turn|4\n|\n|t:|1632093280\n|move|p1a: Zapdos|Hurricane|p2a: Hippowdon\n|-damage|p2a: Hippowdon|58\/100\n|move|p2a: Hippowdon|Stealth Rock|p1a: Zapdos\n|-sidestart|p1: Vodyne|move: Stealth Rock\n|\n|-weather|Sandstorm|[upkeep]\n|-damage|p1a: Zapdos|76\/100 tox|[from] Sandstorm\n|-heal|p2a: Hippowdon|64\/100|[from] item: Leftovers\n|-damage|p1a: Zapdos|64\/100 tox|[from] psn\n|upkeep\n|turn|5\n|\n|t:|1632093285\n|move|p1a: Zapdos|Defog|p2a: Hippowdon\n|-unboost|p2a: Hippowdon|evasion|1\n|-sideend|p1: Vodyne|Stealth Rock|[from] move: Defog|[of] p1a: Zapdos\n|move|p2a: Hippowdon|Slack Off|p2a: Hippowdon\n|-heal|p2a: Hippowdon|100\/100\n|\n|-weather|none\n|-damage|p1a: Zapdos|46\/100 tox|[from] psn\n|upkeep\n|turn|6\n|\n|t:|1632093294\n|switch|p1a: Victini|Victini|100\/100\n|switch|p2a: Heatran|Heatran, M|100\/100\n|\n|upkeep\n|turn|7\n|\n|t:|1632093299\n|move|p1a: Victini|Bolt Strike|p2a: Heatran\n|-crit|p2a: Heatran\n|-damage|p2a: Heatran|31\/100\n|move|p2a: Heatran|Magma Storm|p1a: Victini\n|-resisted|p1a: Victini\n|-damage|p1a: Victini|80\/100\n|-activate|p1a: Victini|move: Magma Storm|[of] p2a: Heatran\n|\n|-heal|p2a: Heatran|37\/100|[from] item: Leftovers\n|-damage|p1a: Victini|68\/100|[from] move: Magma Storm|[partiallytrapped]\n|upkeep\n|turn|8\n|\n|t:|1632093305\n|switch|p2a: Hippowdon|Hippowdon, F|100\/100\n|-weather|Sandstorm|[from] ability: Sand Stream|[of] p2a: Hippowdon\n|move|p1a: Victini|Bolt Strike|p2a: Hippowdon\n|-immune|p2a: Hippowdon\n|\n|-weather|Sandstorm|[upkeep]\n|-damage|p1a: Victini|61\/100|[from] Sandstorm\n|-end|p1a: Victini|Magma Storm|[partiallytrapped]|[silent]\n|upkeep\n|turn|9\n|j| DefNotNinjack\n|\n|t:|1632093311\n|switch|p1a: Suicune|Suicune|100\/100\n|-ability|p1a: Suicune|Pressure\n|move|p2a: Hippowdon|Stealth Rock|p1a: Suicune\n|-sidestart|p1: Vodyne|move: Stealth Rock\n|\n|-weather|Sandstorm|[upkeep]\n|-damage|p1a: Suicune|94\/100|[from] Sandstorm\n|-heal|p1a: Suicune|100\/100|[from] item: Leftovers\n|upkeep\n|turn|10\n|\n|t:|1632093316\n|switch|p2a: Zeraora|Zeraora|100\/100\n|move|p1a: Suicune|Scald|p2a: Zeraora\n|-damage|p2a: Zeraora|68\/100\n|\n|-weather|Sandstorm|[upkeep]\n|-damage|p2a: Zeraora|62\/100|[from] Sandstorm\n|-damage|p1a: Suicune|94\/100|[from] Sandstorm\n|-heal|p1a: Suicune|100\/100|[from] item: Leftovers\n|upkeep\n|turn|11\n|\n|t:|1632093322\n|switch|p1a: Landorus|Landorus-Therian, M|100\/100\n|-damage|p1a: Landorus|88\/100|[from] Stealth Rock\n|-ability|p1a: Landorus|Intimidate|boost\n|-unboost|p2a: Zeraora|atk|1\n|move|p2a: Zeraora|Volt Switch|p1a: Landorus\n|-immune|p1a: Landorus\n|\n|-weather|Sandstorm|[upkeep]\n|-damage|p2a: Zeraora|56\/100|[from] Sandstorm\n|upkeep\n|turn|12\n|\n|t:|1632093334\n|switch|p2a: Buzzwole|Buzzwole|100\/100\n|move|p1a: Landorus|Knock Off|p2a: Buzzwole\n|-resisted|p2a: Buzzwole\n|-damage|p2a: Buzzwole|93\/100\n|-damage|p1a: Landorus|72\/100|[from] item: Rocky Helmet|[of] p2a: Buzzwole\n|-enditem|p2a: Buzzwole|Rocky Helmet|[from] move: Knock Off|[of] p1a: Landorus\n|\n|-weather|none\n|upkeep\n|turn|13\n|\n|t:|1632093341\n|switch|p1a: Zapdos|Zapdos|46\/100 tox\n|move|p2a: Buzzwole|Ice Punch|p1a: Zapdos\n|-supereffective|p1a: Zapdos\n|-damage|p1a: Zapdos|0 fnt\n|faint|p1a: Zapdos\n|-ability|p2a: Buzzwole|Beast Boost|boost\n|-boost|p2a: Buzzwole|def|1\n|\n|upkeep\n|\n|t:|1632093362\n|switch|p1a: Suicune|Suicune|100\/100\n|-damage|p1a: Suicune|88\/100|[from] Stealth Rock\n|-ability|p1a: Suicune|Pressure\n|turn|14\n|\n|t:|1632093365\n|switch|p2a: Zeraora|Zeraora|56\/100\n|move|p1a: Suicune|Scald|p2a: Zeraora\n|-damage|p2a: Zeraora|21\/100\n|\n|-heal|p1a: Suicune|94\/100|[from] item: Leftovers\n|upkeep\n|turn|15\n|\n|t:|1632093374\n|switch|p1a: Landorus|Landorus-Therian, M|72\/100\n|-damage|p1a: Landorus|59\/100|[from] Stealth Rock\n|-ability|p1a: Landorus|Intimidate|boost\n|-unboost|p2a: Zeraora|atk|1\n|move|p2a: Zeraora|Plasma Fists|p1a: Landorus\n|-immune|p1a: Landorus\n|\n|upkeep\n|turn|16\n|\n|t:|1632093388\n|switch|p2a: Nidoking|Nidoking, M|100\/100\n|move|p1a: Landorus|Earthquake|p2a: Nidoking\n|-supereffective|p2a: Nidoking\n|-damage|p2a: Nidoking|0 fnt\n|faint|p2a: Nidoking\n|\n|upkeep\n|\n|t:|1632093395\n|switch|p2a: Weavile|Weavile, M|100\/100\n|-ability|p2a: Weavile|Pressure\n|turn|17\n|\n|t:|1632093404\n|switch|p1a: Suicune|Suicune|94\/100\n|-damage|p1a: Suicune|82\/100|[from] Stealth Rock\n|-ability|p1a: Suicune|Pressure\n|move|p2a: Weavile|Knock Off|p1a: Suicune\n|-damage|p1a: Suicune|57\/100\n|-enditem|p1a: Suicune|Leftovers|[from] move: Knock Off|[of] p2a: Weavile\n|\n|upkeep\n|turn|18\n|\n|t:|1632093414\n|move|p2a: Weavile|Swords Dance|p2a: Weavile\n|-boost|p2a: Weavile|atk|2\n|move|p1a: Suicune|Scald|p2a: Weavile\n|-damage|p2a: Weavile|68\/100\n|-status|p2a: Weavile|brn\n|\n|-damage|p2a: Weavile|62\/100 brn|[from] brn\n|upkeep\n|turn|19\n|\n|t:|1632093419\n|move|p2a: Weavile|Knock Off|p1a: Suicune\n|-damage|p1a: Suicune|41\/100\n|move|p1a: Suicune|Scald|p2a: Weavile\n|-damage|p2a: Weavile|28\/100 brn\n|\n|-damage|p2a: Weavile|22\/100 brn|[from] brn\n|upkeep\n|turn|20\n|\n|t:|1632093432\n|move|p2a: Weavile|Knock Off|p1a: Suicune\n|-damage|p1a: Suicune|22\/100\n|move|p1a: Suicune|Rest|p1a: Suicune\n|-status|p1a: Suicune|slp|[from] move: Rest\n|-heal|p1a: Suicune|100\/100 slp|[silent]\n|\n|-damage|p2a: Weavile|16\/100 brn|[from] brn\n|upkeep\n|turn|21\n|\n|t:|1632093436\n|switch|p2a: Zeraora|Zeraora|21\/100\n|cant|p1a: Suicune|slp\n|\n|upkeep\n|turn|22\n|\n|t:|1632093439\n|switch|p1a: Landorus|Landorus-Therian, M|59\/100\n|-damage|p1a: Landorus|47\/100|[from] Stealth Rock\n|-ability|p1a: Landorus|Intimidate|boost\n|-unboost|p2a: Zeraora|atk|1\n|move|p2a: Zeraora|Plasma Fists|p1a: Landorus\n|-immune|p1a: Landorus\n|\n|upkeep\n|turn|23\n|\n|t:|1632093447\n|switch|p2a: Buzzwole|Buzzwole|93\/100\n|move|p1a: Landorus|Earthquake|p2a: Buzzwole\n|-resisted|p2a: Buzzwole\n|-damage|p2a: Buzzwole|79\/100\n|\n|upkeep\n|turn|24\n|\n|t:|1632093464\n|switch|p1a: Suicune|Suicune|100\/100 slp\n|-damage|p1a: Suicune|88\/100 slp|[from] Stealth Rock\n|-ability|p1a: Suicune|Pressure\n|move|p2a: Buzzwole|Drain Punch|p1a: Suicune\n|-damage|p1a: Suicune|69\/100 slp\n|-heal|p2a: Buzzwole|88\/100|[from] drain|[of] p1a: Suicune\n|\n|upkeep\n|turn|25\n|\n|t:|1632093475\n|switch|p2a: Zeraora|Zeraora|21\/100\n|cant|p1a: Suicune|slp\n|\n|upkeep\n|turn|26\n|\n|t:|1632093482\n|move|p2a: Zeraora|Plasma Fists|p1a: Suicune\n|-supereffective|p1a: Suicune\n|-damage|p1a: Suicune|19\/100 slp\n|-curestatus|p1a: Suicune|slp|[msg]\n|move|p1a: Suicune|Scald|p2a: Zeraora\n|-damage|p2a: Zeraora|0 fnt\n|faint|p2a: Zeraora\n|\n|upkeep\n|\n|t:|1632093499\n|switch|p2a: Heatran|Heatran, M|37\/100\n|turn|27\n|\n|t:|1632093503\n|move|p1a: Suicune|Rest|p1a: Suicune\n|-status|p1a: Suicune|slp|[from] move: Rest\n|-heal|p1a: Suicune|100\/100 slp|[silent]\n|move|p2a: Heatran|Magma Storm|p1a: Suicune\n|-resisted|p1a: Suicune\n|-damage|p1a: Suicune|83\/100 slp\n|-activate|p1a: Suicune|move: Magma Storm|[of] p2a: Heatran\n|\n|-heal|p2a: Heatran|43\/100|[from] item: Leftovers\n|-damage|p1a: Suicune|71\/100 slp|[from] move: Magma Storm|[partiallytrapped]\n|upkeep\n|turn|28\n|\n|t:|1632093507\n|cant|p1a: Suicune|slp\n|move|p2a: Heatran|Earth Power|p1a: Suicune\n|-damage|p1a: Suicune|50\/100 slp\n|\n|-heal|p2a: Heatran|49\/100|[from] item: Leftovers\n|-damage|p1a: Suicune|38\/100 slp|[from] move: Magma Storm|[partiallytrapped]\n|upkeep\n|turn|29\n|\n|t:|1632093512\n|cant|p1a: Suicune|slp\n|move|p2a: Heatran|Earth Power|p1a: Suicune\n|-damage|p1a: Suicune|18\/100 slp\n|\n|-heal|p2a: Heatran|55\/100|[from] item: Leftovers\n|-damage|p1a: Suicune|6\/100 slp|[from] move: Magma Storm|[partiallytrapped]\n|upkeep\n|turn|30\n|\n|t:|1632093516\n|-curestatus|p1a: Suicune|slp|[msg]\n|move|p1a: Suicune|Scald|p2a: Heatran\n|-supereffective|p2a: Heatran\n|-damage|p2a: Heatran|24\/100\n|move|p2a: Heatran|Earth Power|p1a: Suicune\n|-damage|p1a: Suicune|0 fnt\n|faint|p1a: Suicune\n|\n|-heal|p2a: Heatran|30\/100|[from] item: Leftovers\n|upkeep\n|\n|t:|1632093543\n|switch|p1a: Landorus|Landorus-Therian, M|47\/100\n|-damage|p1a: Landorus|35\/100|[from] Stealth Rock\n|-ability|p1a: Landorus|Intimidate|boost\n|-unboost|p2a: Heatran|atk|1\n|turn|31\n|\n|t:|1632093549\n|switch|p2a: Buzzwole|Buzzwole|88\/100\n|move|p1a: Landorus|Knock Off|p2a: Buzzwole\n|-resisted|p2a: Buzzwole\n|-damage|p2a: Buzzwole|83\/100\n|\n|upkeep\n|turn|32\n|c|\u2606rickfromfortnite|does your lando not have uturn?\n|inactive|Battle timer is ON: inactive players will automatically lose when time's up. (requested by rickfromfortnite)\n|\n|t:|1632093597\n|switch|p1a: Melmetal|Melmetal|100\/100\n|-damage|p1a: Melmetal|94\/100|[from] Stealth Rock\n|move|p2a: Buzzwole|Drain Punch|p1a: Melmetal\n|-supereffective|p1a: Melmetal\n|-damage|p1a: Melmetal|55\/100\n|-heal|p2a: Buzzwole|100\/100|[from] drain|[of] p1a: Melmetal\n|\n|upkeep\n|turn|33\n|\n|t:|1632093603\n|move|p2a: Buzzwole|Drain Punch|p1a: Melmetal\n|-supereffective|p1a: Melmetal\n|-damage|p1a: Melmetal|12\/100\n|move|p1a: Melmetal|Double Iron Bash|p2a: Buzzwole\n|-damage|p2a: Buzzwole|80\/100\n|-damage|p2a: Buzzwole|60\/100\n|-hitcount|p2a: Buzzwole|2\n|\n|upkeep\n|turn|34\n|\n|t:|1632093614\n|move|p2a: Buzzwole|Drain Punch|p1a: Melmetal\n|-supereffective|p1a: Melmetal\n|-damage|p1a: Melmetal|0 fnt\n|-heal|p2a: Buzzwole|66\/100|[from] drain|[of] p1a: Melmetal\n|faint|p1a: Melmetal\n|-ability|p2a: Buzzwole|Beast Boost|boost\n|-boost|p2a: Buzzwole|def|1\n|\n|upkeep\n|\n|t:|1632093619\n|switch|p1a: Victini|Victini|61\/100\n|-damage|p1a: Victini|37\/100|[from] Stealth Rock\n|turn|35\n|\n|t:|1632093638\n|switch|p2a: Hippowdon|Hippowdon, F|100\/100\n|-weather|Sandstorm|[from] ability: Sand Stream|[of] p2a: Hippowdon\n|move|p1a: Victini|U-turn|p2a: Hippowdon\n|-damage|p2a: Hippowdon|78\/100\n|\n|t:|1632093640\n|switch|p1a: Snorlax|Snorlax, M|100\/100|[from]move: U-turn\n|-damage|p1a: Snorlax|88\/100|[from] Stealth Rock\n|\n|-weather|Sandstorm|[upkeep]\n|-damage|p1a: Snorlax|82\/100|[from] Sandstorm\n|-heal|p2a: Hippowdon|84\/100|[from] item: Leftovers\n|-heal|p1a: Snorlax|88\/100|[from] item: Leftovers\n|upkeep\n|turn|36\n|\n|t:|1632093643\n|switch|p2a: Buzzwole|Buzzwole|66\/100\n|move|p1a: Snorlax|Curse|p1a: Snorlax\n|-unboost|p1a: Snorlax|spe|1\n|-boost|p1a: Snorlax|atk|1\n|-boost|p1a: Snorlax|def|1\n|\n|-weather|Sandstorm|[upkeep]\n|-damage|p2a: Buzzwole|60\/100|[from] Sandstorm\n|-damage|p1a: Snorlax|82\/100|[from] Sandstorm\n|-heal|p1a: Snorlax|88\/100|[from] item: Leftovers\n|upkeep\n|turn|37\n|\n|t:|1632093646\n|move|p2a: Buzzwole|Drain Punch|p1a: Snorlax\n|-supereffective|p1a: Snorlax\n|-damage|p1a: Snorlax|45\/100\n|-heal|p2a: Buzzwole|87\/100|[from] drain|[of] p1a: Snorlax\n|move|p1a: Snorlax|Curse|p1a: Snorlax\n|-unboost|p1a: Snorlax|spe|1\n|-boost|p1a: Snorlax|atk|1\n|-boost|p1a: Snorlax|def|1\n|\n|-weather|Sandstorm|[upkeep]\n|-damage|p2a: Buzzwole|81\/100|[from] Sandstorm\n|-damage|p1a: Snorlax|38\/100|[from] Sandstorm\n|-heal|p1a: Snorlax|45\/100|[from] item: Leftovers\n|upkeep\n|turn|38\n|\n|t:|1632093657\n|move|p2a: Buzzwole|Drain Punch|p1a: Snorlax\n|-supereffective|p1a: Snorlax\n|-damage|p1a: Snorlax|14\/100\n|-heal|p2a: Buzzwole|99\/100|[from] drain|[of] p1a: Snorlax\n|move|p1a: Snorlax|Rest|p1a: Snorlax\n|-status|p1a: Snorlax|slp|[from] move: Rest\n|-heal|p1a: Snorlax|100\/100 slp|[silent]\n|\n|-weather|Sandstorm|[upkeep]\n|-damage|p2a: Buzzwole|94\/100|[from] Sandstorm\n|-damage|p1a: Snorlax|94\/100 slp|[from] Sandstorm\n|-heal|p1a: Snorlax|100\/100 slp|[from] item: Leftovers\n|upkeep\n|turn|39\n|\n|t:|1632093665\n|move|p2a: Buzzwole|Drain Punch|p1a: Snorlax\n|-supereffective|p1a: Snorlax\n|-damage|p1a: Snorlax|71\/100 slp\n|-heal|p2a: Buzzwole|100\/100|[from] drain|[of] p1a: Snorlax\n|cant|p1a: Snorlax|slp\n|\n|-weather|none\n|-heal|p1a: Snorlax|77\/100 slp|[from] item: Leftovers\n|upkeep\n|turn|40\n|\n|t:|1632093668\n|move|p2a: Buzzwole|Drain Punch|p1a: Snorlax\n|-supereffective|p1a: Snorlax\n|-damage|p1a: Snorlax|43\/100 slp\n|cant|p1a: Snorlax|slp\n|\n|-heal|p1a: Snorlax|49\/100 slp|[from] item: Leftovers\n|upkeep\n|turn|41\n|\n|t:|1632093671\n|move|p2a: Buzzwole|Drain Punch|p1a: Snorlax\n|-supereffective|p1a: Snorlax\n|-damage|p1a: Snorlax|17\/100 slp\n|-curestatus|p1a: Snorlax|slp|[msg]\n|move|p1a: Snorlax|Rest|p1a: Snorlax\n|-status|p1a: Snorlax|slp|[from] move: Rest\n|-heal|p1a: Snorlax|100\/100 slp|[silent]\n|\n|upkeep\n|turn|42\n|\n|t:|1632093676\n|switch|p2a: Weavile|Weavile, M|16\/100 brn\n|-ability|p2a: Weavile|Pressure\n|cant|p1a: Snorlax|slp\n|\n|-damage|p2a: Weavile|10\/100 brn|[from] brn\n|upkeep\n|turn|43\n|\n|t:|1632093688\n|move|p2a: Weavile|Knock Off|p1a: Snorlax\n|-damage|p1a: Snorlax|89\/100 slp\n|-enditem|p1a: Snorlax|Leftovers|[from] move: Knock Off|[of] p2a: Weavile\n|cant|p1a: Snorlax|slp\n|\n|-damage|p2a: Weavile|4\/100 brn|[from] brn\n|upkeep\n|turn|44\n|\n|t:|1632093691\n|move|p2a: Weavile|Knock Off|p1a: Snorlax\n|-damage|p1a: Snorlax|81\/100 slp\n|-curestatus|p1a: Snorlax|slp|[msg]\n|move|p1a: Snorlax|Curse|p1a: Snorlax\n|-unboost|p1a: Snorlax|spe|1\n|-boost|p1a: Snorlax|atk|1\n|-boost|p1a: Snorlax|def|1\n|\n|-damage|p2a: Weavile|0 fnt|[from] brn\n|faint|p2a: Weavile\n|upkeep\n|\n|t:|1632093693\n|switch|p2a: Buzzwole|Buzzwole|100\/100\n|turn|45\n|\n|t:|1632093694\n|move|p2a: Buzzwole|Drain Punch|p1a: Snorlax\n|-supereffective|p1a: Snorlax\n|-damage|p1a: Snorlax|56\/100\n|move|p1a: Snorlax|Curse|p1a: Snorlax\n|-unboost|p1a: Snorlax|spe|1\n|-boost|p1a: Snorlax|atk|1\n|-boost|p1a: Snorlax|def|1\n|\n|upkeep\n|turn|46\n|\n|t:|1632093698\n|move|p2a: Buzzwole|Drain Punch|p1a: Snorlax\n|-supereffective|p1a: Snorlax\n|-damage|p1a: Snorlax|33\/100\n|move|p1a: Snorlax|Body Slam|p2a: Buzzwole\n|-damage|p2a: Buzzwole|53\/100\n|\n|upkeep\n|turn|47\n|\n|t:|1632093702\n|move|p2a: Buzzwole|Drain Punch|p1a: Snorlax\n|-supereffective|p1a: Snorlax\n|-damage|p1a: Snorlax|12\/100\n|-heal|p2a: Buzzwole|66\/100|[from] drain|[of] p1a: Snorlax\n|move|p1a: Snorlax|Rest|p1a: Snorlax\n|-status|p1a: Snorlax|slp|[from] move: Rest\n|-heal|p1a: Snorlax|100\/100 slp|[silent]\n|\n|upkeep\n|turn|48\n|\n|t:|1632093716\n|move|p2a: Buzzwole|Drain Punch|p1a: Snorlax\n|-supereffective|p1a: Snorlax\n|-damage|p1a: Snorlax|79\/100 slp\n|-heal|p2a: Buzzwole|80\/100|[from] drain|[of] p1a: Snorlax\n|cant|p1a: Snorlax|slp\n|\n|upkeep\n|turn|49\n|\n|t:|1632093719\n|move|p2a: Buzzwole|Drain Punch|p1a: Snorlax\n|-supereffective|p1a: Snorlax\n|-damage|p1a: Snorlax|58\/100 slp\n|-heal|p2a: Buzzwole|93\/100|[from] drain|[of] p1a: Snorlax\n|cant|p1a: Snorlax|slp\n|\n|upkeep\n|turn|50\n|\n|t:|1632093725\n|switch|p2a: Heatran|Heatran, M|30\/100\n|-curestatus|p1a: Snorlax|slp|[msg]\n|move|p1a: Snorlax|Body Slam|p2a: Heatran\n|-resisted|p2a: Heatran\n|-damage|p2a: Heatran|0 fnt\n|faint|p2a: Heatran\n|\n|upkeep\n|\n|t:|1632093733\n|switch|p2a: Buzzwole|Buzzwole|93\/100\n|turn|51\n|\n|t:|1632093735\n|move|p2a: Buzzwole|Drain Punch|p1a: Snorlax\n|-supereffective|p1a: Snorlax\n|-damage|p1a: Snorlax|39\/100\n|-heal|p2a: Buzzwole|100\/100|[from] drain|[of] p1a: Snorlax\n|move|p1a: Snorlax|Body Slam|p2a: Buzzwole\n|-damage|p2a: Buzzwole|59\/100\n|\n|upkeep\n|turn|52\n|\n|t:|1632093738\n|move|p2a: Buzzwole|Earthquake|p1a: Snorlax\n|-damage|p1a: Snorlax|30\/100\n|move|p1a: Snorlax|Rest|p1a: Snorlax\n|-status|p1a: Snorlax|slp|[from] move: Rest\n|-heal|p1a: Snorlax|100\/100 slp|[silent]\n|\n|upkeep\n|turn|53\n|\n|t:|1632093742\n|move|p2a: Buzzwole|Earthquake|p1a: Snorlax\n|-damage|p1a: Snorlax|91\/100 slp\n|cant|p1a: Snorlax|slp\n|\n|upkeep\n|turn|54\n|\n|t:|1632093749\n|move|p2a: Buzzwole|Earthquake|p1a: Snorlax\n|-damage|p1a: Snorlax|82\/100 slp\n|cant|p1a: Snorlax|slp\n|\n|upkeep\n|turn|55\n|\n|t:|1632093751\n|move|p2a: Buzzwole|Earthquake|p1a: Snorlax\n|-damage|p1a: Snorlax|73\/100 slp\n|-curestatus|p1a: Snorlax|slp|[msg]\n|move|p1a: Snorlax|Curse|p1a: Snorlax\n|-unboost|p1a: Snorlax|spe|1\n|-boost|p1a: Snorlax|atk|1\n|-boost|p1a: Snorlax|def|1\n|\n|upkeep\n|turn|56\n|\n|t:|1632093755\n|move|p2a: Buzzwole|Earthquake|p1a: Snorlax\n|-damage|p1a: Snorlax|64\/100\n|move|p1a: Snorlax|Curse|p1a: Snorlax\n|-unboost|p1a: Snorlax|spe|1\n|-boost|p1a: Snorlax|atk|1\n|-boost|p1a: Snorlax|def|1\n|\n|upkeep\n|turn|57\n|\n|t:|1632093765\n|move|p2a: Buzzwole|Earthquake|p1a: Snorlax\n|-damage|p1a: Snorlax|57\/100\n|move|p1a: Snorlax|Body Slam|p2a: Buzzwole\n|-damage|p2a: Buzzwole|0 fnt\n|faint|p2a: Buzzwole\n|\n|upkeep\n|\n|t:|1632093769\n|switch|p2a: Hippowdon|Hippowdon, F|84\/100\n|-weather|Sandstorm|[from] ability: Sand Stream|[of] p2a: Hippowdon\n|turn|58\n|\n|t:|1632093774\n|move|p2a: Hippowdon|Earthquake|p1a: Snorlax\n|-damage|p1a: Snorlax|49\/100\n|move|p1a: Snorlax|Body Slam|p2a: Hippowdon\n|-damage|p2a: Hippowdon|0 fnt\n|faint|p2a: Hippowdon\n|\n|win|Vodyne\n|raw|Vodyne's rating: 1625 &rarr; <strong>1658<\/strong><br \/>(+33 for winning)\n|raw|rickfromfortnite's rating: 1897 &rarr; <strong>1864<\/strong><br \/>(-33 for losing)\n|c|\u2606Vodyne|gg\n|l|\u2606rickfromfortnite\n","uploadtime":1632093802,"views":23,"p1id":"vodyne","p2id":"rickfromfortnite","formatid":"gen8ou","rating":1658,"private":0,"password":null}