{"id":"gen8ou-1692496270","p1":"minimax_ai","p2":"superrouchuan","format":"gen8ou","log":"|html|<div class=\"broadcast-blue\"><strong>[Gen 8] OU is currently suspecting Melmetal! For information on how to participate check out the <a href=\"https:\/\/www.smogon.com\/forums\/threads\/np-ss-ou-suspect-process-round-12-monster-mash.3709234\/\">suspect thread<\/a>.<\/strong><\/div>\n|j|\u2606minimax_ai\n|j|\u2606superrouchuan\n|t:|1666491477\n|gametype|singles\n|player|p1|minimax_ai|lusamine-nihilego|1531\n|player|p2|superrouchuan|clown|1565\n|teamsize|p1|6\n|teamsize|p2|6\n|gen|8\n|tier|[Gen 8] OU\n|rated|\n|rule|Sleep Clause Mod: Limit one foe put to sleep\n|rule|Species Clause: Limit one of each Pok\u00e9mon\n|rule|OHKO Clause: OHKO moves are banned\n|rule|Evasion Items Clause: Evasion items are banned\n|rule|Evasion Moves Clause: Evasion moves are banned\n|rule|Endless Battle Clause: Forcing endless battles is banned\n|rule|HP Percentage Mod: HP is shown in percentages\n|rule|Dynamax Clause: You cannot dynamax\n|clearpoke\n|poke|p1|Rotom-Wash|\n|poke|p1|Weavile, M|\n|poke|p1|Landorus-Therian, M|\n|poke|p1|Heatran, M|\n|poke|p1|Tangrowth, F|\n|poke|p1|Melmetal|\n|poke|p2|Snorlax, M|\n|poke|p2|Tapu Lele|\n|poke|p2|Tyranitar, M|\n|poke|p2|Zapdos|\n|poke|p2|Garchomp, F|\n|poke|p2|Buzzwole|\n|teampreview\n|c|\u2606minimax_ai|hf\n|inactive|Battle timer is ON: inactive players will automatically lose when time's up. (requested by minimax_ai)\n|j| badslowking\n|\n|t:|1666491493\n|start\n|switch|p1a: landorustherian|Landorus-Therian, M|100\/100\n|switch|p2a: \u868a\u7237|Buzzwole|100\/100\n|-ability|p1a: landorustherian|Intimidate|boost\n|-unboost|p2a: \u868a\u7237|atk|1\n|turn|1\n|\n|t:|1666491497\n|switch|p1a: Tangrowth|Tangrowth, F|100\/100\n|move|p2a: \u868a\u7237|Ice Punch|p1a: Tangrowth\n|-supereffective|p1a: Tangrowth\n|-damage|p1a: Tangrowth|82\/100\n|-status|p1a: Tangrowth|frz\n|-damage|p2a: \u868a\u7237|84\/100|[from] item: Rocky Helmet|[of] p1a: Tangrowth\n|\n|upkeep\n|turn|2\n|\n|t:|1666491500\n|switch|p2a: \u7838\u5657\u591a\u65af|Zapdos, shiny|100\/100\n|switch|p1a: rotomwash|Rotom-Wash|100\/100\n|\n|upkeep\n|turn|3\n|\n|t:|1666491505\n|move|p2a: \u7838\u5657\u591a\u65af|Volt Switch|p1a: rotomwash\n|-damage|p1a: rotomwash|38\/100\n|\n|t:|1666491513\n|switch|p2a: \u8776|Tapu Lele|100\/100|[from]move: Volt Switch\n|-fieldstart|move: Psychic Terrain|[from] ability: Psychic Surge|[of] p2a: \u8776\n|move|p1a: rotomwash|Pain Split|p2a: \u8776\n|-sethp|p2a: \u8776|71\/100|[from] move: Pain Split|[silent]\n|-sethp|p1a: rotomwash|66\/100|[from] move: Pain Split\n|\n|-heal|p1a: rotomwash|72\/100|[from] item: Leftovers\n|upkeep\n|turn|4\n|c| badslowking|\u5dee\u70b9\u8ba4\u9519\u4eba\n|\n|t:|1666491519\n|switch|p1a: Melmetal|Melmetal|100\/100\n|move|p2a: \u8776|Energy Ball|p1a: Melmetal\n|-resisted|p1a: Melmetal\n|-damage|p1a: Melmetal|93\/100\n|\n|upkeep\n|turn|5\n|\n|t:|1666491528\n|switch|p2a: \u9f99\u9f99\u9f99\u9f99\u821e\u8d77\u6765\uff01\uff01|Garchomp, F|100\/100\n|move|p1a: Melmetal|Ice Punch|p2a: \u9f99\u9f99\u9f99\u9f99\u821e\u8d77\u6765\uff01\uff01\n|-supereffective|p2a: \u9f99\u9f99\u9f99\u9f99\u821e\u8d77\u6765\uff01\uff01\n|-damage|p2a: \u9f99\u9f99\u9f99\u9f99\u821e\u8d77\u6765\uff01\uff01|0 fnt\n|-damage|p1a: Melmetal|80\/100|[from] ability: Rough Skin|[of] p2a: \u9f99\u9f99\u9f99\u9f99\u821e\u8d77\u6765\uff01\uff01\n|faint|p2a: \u9f99\u9f99\u9f99\u9f99\u821e\u8d77\u6765\uff01\uff01\n|\n|upkeep\n|\n|t:|1666491533\n|switch|p2a: \u7838\u5657\u591a\u65af|Zapdos, shiny|100\/100\n|turn|6\n|\n|t:|1666491535\n|move|p2a: \u7838\u5657\u591a\u65af|Heat Wave|p1a: Melmetal\n|-supereffective|p1a: Melmetal\n|-damage|p1a: Melmetal|20\/100\n|move|p1a: Melmetal|Ice Punch|p2a: \u7838\u5657\u591a\u65af\n|-supereffective|p2a: \u7838\u5657\u591a\u65af\n|-damage|p2a: \u7838\u5657\u591a\u65af|25\/100\n|-status|p1a: Melmetal|par|[from] ability: Static|[of] p2a: \u7838\u5657\u591a\u65af\n|\n|upkeep\n|turn|7\n|\n|t:|1666491541\n|switch|p1a: landorustherian|Landorus-Therian, M|100\/100\n|-ability|p1a: landorustherian|Intimidate|boost\n|-unboost|p2a: \u7838\u5657\u591a\u65af|atk|1\n|move|p2a: \u7838\u5657\u591a\u65af|Heat Wave|p1a: landorustherian\n|-damage|p1a: landorustherian|63\/100\n|\n|-heal|p1a: landorustherian|69\/100|[from] item: Leftovers\n|-fieldend|move: Psychic Terrain\n|upkeep\n|turn|8\n|\n|t:|1666491544\n|switch|p2a: \u868a\u7237|Buzzwole|84\/100\n|move|p1a: landorustherian|Toxic|p2a: \u868a\u7237\n|-status|p2a: \u868a\u7237|tox\n|\n|-heal|p1a: landorustherian|75\/100|[from] item: Leftovers\n|-damage|p2a: \u868a\u7237|78\/100 tox|[from] psn\n|upkeep\n|turn|9\n|\n|t:|1666491546\n|switch|p1a: Tangrowth|Tangrowth, F|100\/100 frz\n|move|p2a: \u868a\u7237|Ice Punch|p1a: Tangrowth\n|-supereffective|p1a: Tangrowth\n|-crit|p1a: Tangrowth\n|-damage|p1a: Tangrowth|58\/100 frz\n|-damage|p2a: \u868a\u7237|61\/100 tox|[from] item: Rocky Helmet|[of] p1a: Tangrowth\n|\n|-damage|p2a: \u868a\u7237|49\/100 tox|[from] psn\n|upkeep\n|turn|10\n|\n|t:|1666491549\n|switch|p2a: \u7838\u5657\u591a\u65af|Zapdos, shiny|25\/100\n|-curestatus|p1a: Tangrowth|frz|[msg]\n|move|p1a: Tangrowth|Giga Drain|p2a: \u7838\u5657\u591a\u65af\n|-resisted|p2a: \u7838\u5657\u591a\u65af\n|-damage|p2a: \u7838\u5657\u591a\u65af|8\/100\n|-heal|p1a: Tangrowth|65\/100|[from] drain|[of] p2a: \u7838\u5657\u591a\u65af\n|\n|upkeep\n|turn|11\n|\n|t:|1666491551\n|switch|p1a: landorustherian|Landorus-Therian, M|75\/100\n|-ability|p1a: landorustherian|Intimidate|boost\n|-unboost|p2a: \u7838\u5657\u591a\u65af|atk|1\n|move|p2a: \u7838\u5657\u591a\u65af|Hurricane|p1a: landorustherian|[miss]\n|-miss|p2a: \u7838\u5657\u591a\u65af|p1a: landorustherian\n|\n|-heal|p1a: landorustherian|81\/100|[from] item: Leftovers\n|upkeep\n|turn|12\n|\n|t:|1666491556\n|move|p2a: \u7838\u5657\u591a\u65af|Hurricane|p1a: landorustherian\n|-damage|p1a: landorustherian|14\/100\n|-start|p1a: landorustherian|confusion\n|-activate|p1a: landorustherian|confusion\n|move|p1a: landorustherian|U-turn|p2a: \u7838\u5657\u591a\u65af\n|-resisted|p2a: \u7838\u5657\u591a\u65af\n|-damage|p2a: \u7838\u5657\u591a\u65af|0 fnt\n|-status|p1a: landorustherian|par|[from] ability: Static|[of] p2a: \u7838\u5657\u591a\u65af\n|faint|p2a: \u7838\u5657\u591a\u65af\n|\n|t:|1666491556\n|switch|p1a: Tangrowth|Tangrowth, F|99\/100|[from]move: U-turn\n|\n|upkeep\n|-message|superrouchuan forfeited.\n|\n|win|minimax_ai\n|raw|minimax_ai's rating: 1531 &rarr; <strong>1553<\/strong><br \/>(+22 for winning)\n|raw|superrouchuan's rating: 1565 &rarr; <strong>1543<\/strong><br \/>(-22 for losing)\n|c|\u2606minimax_ai|gg\n|l|\u2606superrouchuan\n","uploadtime":1666491565,"views":5,"p1id":"minimaxai","p2id":"superrouchuan","formatid":"gen8ou","rating":1543,"private":0,"password":null}