{"id":"gen8uu-1566208163","p1":"deez nuzt","p2":"CoconutCrabs","format":"gen8uu","log":"|j|\u2606deez nuzt\n|j|\u2606CoconutCrabs\n|t:|1651519731\n|gametype|singles\n|player|p1|deez nuzt|may-contest|1273\n|player|p2|CoconutCrabs|chuck|1429\n|teamsize|p1|6\n|teamsize|p2|6\n|gen|8\n|tier|[Gen 8] UU\n|rated|\n|rule|Sleep Clause Mod: Limit one foe put to sleep\n|rule|Species Clause: Limit one of each Pok\u00e9mon\n|rule|OHKO Clause: OHKO moves are banned\n|rule|Evasion Moves Clause: Evasion moves are banned\n|rule|Endless Battle Clause: Forcing endless battles is banned\n|rule|HP Percentage Mod: HP is shown in percentages\n|rule|Dynamax Clause: You cannot dynamax\n|clearpoke\n|poke|p1|Excadrill, F|\n|poke|p1|Hippowdon, M|\n|poke|p1|Mamoswine, F|\n|poke|p1|Krookodile, M|\n|poke|p1|Swampert, F|\n|poke|p1|Claydol|\n|poke|p2|Excadrill, F|\n|poke|p2|Moltres-Galar|\n|poke|p2|Aegislash, M|\n|poke|p2|Cloyster, M|\n|poke|p2|Celesteela|\n|poke|p2|Azelf|\n|teampreview\n|inactive|Battle timer is ON: inactive players will automatically lose when time's up. (requested by deez nuzt)\n|c|\u2606deez nuzt|who\u2019s on uu\n|c|\u2606deez nuzt|louie?\n|c|\u2606deez nuzt|yes\n|c|\u2606deez nuzt|the vc\n|c|\u2606deez nuzt|get in\n|c|\u2606deez nuzt|why u doing mono ground you nerd\n|inactive|deez nuzt has 120 seconds left.\n|c|\u2606deez nuzt|its not just mono ground\n|c|\u2606deez nuzt|get in vc\n|inactive|deez nuzt has 90 seconds left.\n|\n|t:|1651519799\n|start\n|switch|p1a: Claydol|Claydol|100\/100\n|switch|p2a: Excadrill|Excadrill, F|100\/100\n|-ability|p2a: Excadrill|Mold Breaker\n|turn|1\n|\n|t:|1651519815\n|move|p2a: Excadrill|Stealth Rock|p1a: Claydol\n|-sidestart|p1: deez nuzt|move: Stealth Rock\n|move|p1a: Claydol|Gravity|p1a: Claydol\n|-fieldstart|move: Gravity\n|\n|upkeep\n|turn|2\n|\n|t:|1651519839\n|switch|p1a: Hippowdon|Hippowdon, M|100\/100\n|-damage|p1a: Hippowdon|94\/100|[from] Stealth Rock\n|-weather|Sandstorm|[from] ability: Sand Stream|[of] p1a: Hippowdon\n|move|p2a: Excadrill|Earthquake|p1a: Hippowdon\n|-damage|p1a: Hippowdon|53\/100\n|\n|-weather|Sandstorm|[upkeep]\n|upkeep\n|turn|3\n|\n|t:|1651519846\n|move|p2a: Excadrill|Earthquake|p1a: Hippowdon\n|-damage|p1a: Hippowdon|16\/100\n|move|p1a: Hippowdon|Earthquake|p2a: Excadrill\n|-supereffective|p2a: Excadrill\n|-enditem|p2a: Excadrill|Focus Sash\n|-damage|p2a: Excadrill|1\/100\n|\n|-weather|Sandstorm|[upkeep]\n|upkeep\n|turn|4\n|\n|t:|1651519852\n|switch|p1a: Claydol|Claydol|100\/100\n|-damage|p1a: Claydol|94\/100|[from] Stealth Rock\n|move|p2a: Excadrill|Earthquake|p1a: Claydol\n|-damage|p1a: Claydol|43\/100\n|\n|-weather|Sandstorm|[upkeep]\n|upkeep\n|turn|5\n|\n|t:|1651519857\n|move|p2a: Excadrill|Earthquake|p1a: Claydol\n|-damage|p1a: Claydol|0 fnt\n|faint|p1a: Claydol\n|\n|-weather|Sandstorm|[upkeep]\n|-fieldend|move: Gravity\n|upkeep\n|\n|t:|1651519861\n|switch|p1a: Krookodile|Krookodile, M|100\/100\n|-damage|p1a: Krookodile|94\/100|[from] Stealth Rock\n|turn|6\n|\n|t:|1651519866\n|move|p1a: Krookodile|Knock Off|p2a: Excadrill\n|-damage|p2a: Excadrill|0 fnt\n|faint|p2a: Excadrill\n|-ability|p1a: Krookodile|Moxie|boost\n|-boost|p1a: Krookodile|atk|1\n|\n|-weather|none\n|upkeep\n|\n|t:|1651519870\n|switch|p2a: Cloyster|Cloyster, M|100\/100\n|turn|7\n|\n|t:|1651519877\n|move|p1a: Krookodile|Knock Off|p2a: Cloyster\n|-damage|p2a: Cloyster|13\/100\n|-enditem|p2a: Cloyster|Life Orb|[from] move: Knock Off|[of] p1a: Krookodile\n|move|p2a: Cloyster|Icicle Spear|p1a: Krookodile\n|-supereffective|p1a: Krookodile\n|-damage|p1a: Krookodile|65\/100\n|-supereffective|p1a: Krookodile\n|-damage|p1a: Krookodile|36\/100\n|-supereffective|p1a: Krookodile\n|-damage|p1a: Krookodile|7\/100\n|-supereffective|p1a: Krookodile\n|-damage|p1a: Krookodile|0 fnt\n|faint|p1a: Krookodile\n|-hitcount|p1: Krookodile|4\n|\n|upkeep\n|\n|t:|1651519896\n|switch|p1a: Excadrill|Excadrill, F|100\/100\n|-damage|p1a: Excadrill|97\/100|[from] Stealth Rock\n|turn|8\n|\n|t:|1651519909\n|switch|p2a: Celesteela|Celesteela|100\/100\n|move|p1a: Excadrill|Rapid Spin|p2a: Celesteela\n|-resisted|p2a: Celesteela\n|-damage|p2a: Celesteela|86\/100\n|-boost|p1a: Excadrill|spe|1\n|-sideend|p1: deez nuzt|Stealth Rock|[from] move: Rapid Spin|[of] p1a: Excadrill\n|\n|upkeep\n|turn|9\n|\n|t:|1651519917\n|switch|p1a: Swampert|Swampert, F|100\/100\n|move|p2a: Celesteela|Autotomize|p2a: Celesteela\n|-boost|p2a: Celesteela|spe|2\n|-start|p2a: Celesteela|Autotomize\n|\n|upkeep\n|turn|10\n|\n|t:|1651519932\n|move|p2a: Celesteela|Meteor Beam||[still]\n|-prepare|p2a: Celesteela|Meteor Beam\n|-boost|p2a: Celesteela|spa|1\n|-enditem|p2a: Celesteela|Power Herb\n|-anim|p2a: Celesteela|Meteor Beam|p1a: Swampert\n|-resisted|p1a: Swampert\n|-damage|p1a: Swampert|75\/100\n|move|p1a: Swampert|Liquidation|p2a: Celesteela\n|-damage|p2a: Celesteela|21\/100\n|\n|upkeep\n|turn|11\n|\n|t:|1651519939\n|move|p2a: Celesteela|Air Slash|p1a: Swampert\n|-damage|p1a: Swampert|25\/100\n|cant|p1a: Swampert|flinch\n|\n|upkeep\n|turn|12\n|\n|t:|1651519958\n|switch|p1a: Hippowdon|Hippowdon, M|16\/100\n|-weather|Sandstorm|[from] ability: Sand Stream|[of] p1a: Hippowdon\n|move|p2a: Celesteela|Air Slash|p1a: Hippowdon\n|-damage|p1a: Hippowdon|0 fnt\n|faint|p1a: Hippowdon\n|-ability|p2a: Celesteela|Beast Boost|boost\n|-boost|p2a: Celesteela|spa|1\n|\n|-weather|Sandstorm|[upkeep]\n|upkeep\n|\n|t:|1651519961\n|switch|p1a: Excadrill|Excadrill, F|97\/100\n|turn|13\n|\n|t:|1651519977\n|move|p1a: Excadrill|Iron Head|p2a: Celesteela\n|-resisted|p2a: Celesteela\n|-damage|p2a: Celesteela|0 fnt\n|faint|p2a: Celesteela\n|\n|-weather|Sandstorm|[upkeep]\n|upkeep\n|\n|t:|1651519991\n|switch|p2a: Azelf|Azelf|100\/100\n|turn|14\n|\n|t:|1651519995\n|move|p1a: Excadrill|Iron Head|p2a: Azelf\n|-damage|p2a: Azelf|0 fnt\n|faint|p2a: Azelf\n|\n|-weather|Sandstorm|[upkeep]\n|upkeep\n|\n|t:|1651520000\n|switch|p2a: Moltres|Moltres-Galar|100\/100\n|turn|15\n|\n|t:|1651520008\n|switch|p2a: Cloyster|Cloyster, M|13\/100\n|move|p1a: Excadrill|Iron Head|p2a: Cloyster\n|-damage|p2a: Cloyster|0 fnt\n|faint|p2a: Cloyster\n|\n|-weather|Sandstorm|[upkeep]\n|upkeep\n|\n|t:|1651520010\n|switch|p2a: Aegislash|Aegislash, M|100\/100\n|turn|16\n|\n|t:|1651520024\n|switch|p1a: Swampert|Swampert, F|25\/100\n|-formechange|p2a: Aegislash|Aegislash-Blade||[from] ability: Stance Change\n|move|p2a: Aegislash|Close Combat|p1a: Swampert\n|-damage|p1a: Swampert|0 fnt\n|-unboost|p2a: Aegislash|def|1\n|-unboost|p2a: Aegislash|spd|1\n|faint|p1a: Swampert\n|\n|-weather|none\n|upkeep\n|\n|t:|1651520048\n|switch|p1a: Excadrill|Excadrill, F|97\/100\n|turn|17\n|\n|t:|1651520054\n|move|p1a: Excadrill|Iron Head|p2a: Aegislash\n|-resisted|p2a: Aegislash\n|-damage|p2a: Aegislash|0 fnt\n|faint|p2a: Aegislash\n|\n|upkeep\n|\n|t:|1651520057\n|switch|p2a: Moltres|Moltres-Galar|100\/100\n|turn|18\n|\n|t:|1651520061\n|move|p2a: Moltres|Fiery Wrath|p1a: Excadrill\n|-damage|p1a: Excadrill|35\/100\n|cant|p1a: Excadrill|flinch\n|\n|upkeep\n|turn|19\n|\n|t:|1651520064\n|move|p2a: Moltres|Fiery Wrath|p1a: Excadrill\n|-damage|p1a: Excadrill|0 fnt\n|faint|p1a: Excadrill\n|\n|upkeep\n|c|\u2606deez nuzt|2 for 2 flinches\n|c|\u2606deez nuzt|u suuuuuuclk\n|\n|t:|1651520075\n|switch|p1a: Mamoswine|Mamoswine, F|100\/100\n|turn|20\n|\n|t:|1651520079\n|move|p1a: Mamoswine|Icicle Crash|p2a: Moltres\n|-supereffective|p2a: Moltres\n|-damage|p2a: Moltres|0 fnt\n|faint|p2a: Moltres\n|\n|win|deez nuzt\n|raw|deez nuzt's rating: 1273 &rarr; <strong>1310<\/strong><br \/>(+37 for winning)\n|raw|CoconutCrabs's rating: 1446 &rarr; <strong>1417<\/strong><br \/>(-29 for losing)\n|l|\u2606CoconutCrabs\n","uploadtime":1651520110,"views":23,"p1id":"deeznuzt","p2id":"coconutcrabs","formatid":"gen8uu","rating":1310,"private":0,"password":null}