{"id":"gen8bdspou-1462134252","p1":"Manos96","p2":"Hikari-miyako","format":"gen8bdspou","log":"|j|\u2606Manos96\n|j|\u2606Hikari-miyako\n|t:|1638042666\n|gametype|singles\n|player|p1|Manos96|steven|1385\n|player|p2|Hikari-miyako|ariana|1360\n|teamsize|p1|6\n|teamsize|p2|6\n|gen|8\n|tier|[Gen 8 BDSP] OU\n|rated|\n|rule|Sleep Clause Mod: Limit one foe put to sleep\n|rule|Species Clause: Limit one of each Pok\u00e9mon\n|rule|OHKO Clause: OHKO moves are banned\n|rule|Evasion Moves Clause: Evasion moves are banned\n|rule|Endless Battle Clause: Forcing endless battles is banned\n|rule|HP Percentage Mod: HP is shown in percentages\n|clearpoke\n|poke|p1|Lucario, M|\n|poke|p1|Gengar, F|\n|poke|p1|Dragonite, F|\n|poke|p1|Froslass, F|\n|poke|p1|Garchomp, F|\n|poke|p1|Starmie|\n|poke|p2|Garchomp, M|\n|poke|p2|Blastoise, M|\n|poke|p2|Azelf|\n|poke|p2|Gliscor, M|\n|poke|p2|Metagross|\n|poke|p2|Infernape, M|\n|teampreview\n|inactive|Battle timer is ON: inactive players will automatically lose when time's up. (requested by Hikari-miyako)\n|\n|t:|1638042696\n|start\n|switch|p1a: Froslass|Froslass, F|100\/100\n|switch|p2a: Azelf|Azelf|100\/100\n|turn|1\n|\n|t:|1638042703\n|move|p2a: Azelf|U-turn|p1a: Froslass\n|-resisted|p1a: Froslass\n|-damage|p1a: Froslass|86\/100\n|\n|t:|1638042706\n|switch|p2a: Metagross|Metagross|100\/100|[from]move: U-turn\n|move|p1a: Froslass|Icy Wind|p2a: Metagross|[miss]\n|-miss|p1a: Froslass|p2a: Metagross\n|\n|upkeep\n|turn|2\n|\n|t:|1638042713\n|switch|p1a: Starmie|Starmie|100\/100\n|move|p2a: Metagross|Bullet Punch|p1a: Starmie\n|-resisted|p1a: Starmie\n|-damage|p1a: Starmie|86\/100\n|-damage|p2a: Metagross|91\/100|[from] item: Life Orb\n|\n|-heal|p1a: Starmie|92\/100|[from] item: Leftovers\n|upkeep\n|turn|3\n|\n|t:|1638042720\n|move|p1a: Starmie|Hydro Pump|p2a: Metagross\n|-damage|p2a: Metagross|33\/100\n|move|p2a: Metagross|Earthquake|p1a: Starmie\n|-damage|p1a: Starmie|46\/100\n|-damage|p2a: Metagross|23\/100|[from] item: Life Orb\n|\n|-heal|p1a: Starmie|52\/100|[from] item: Leftovers\n|upkeep\n|turn|4\n|\n|t:|1638042730\n|move|p2a: Metagross|Bullet Punch|p1a: Starmie\n|-resisted|p1a: Starmie\n|-damage|p1a: Starmie|38\/100\n|-damage|p2a: Metagross|13\/100|[from] item: Life Orb\n|move|p1a: Starmie|Thunderbolt|p2a: Metagross\n|-damage|p2a: Metagross|0 fnt\n|faint|p2a: Metagross\n|\n|-heal|p1a: Starmie|44\/100|[from] item: Leftovers\n|upkeep\n|\n|t:|1638042733\n|switch|p2a: Azelf|Azelf|100\/100\n|turn|5\n|\n|t:|1638042736\n|move|p2a: Azelf|U-turn|p1a: Starmie\n|-supereffective|p1a: Starmie\n|-damage|p1a: Starmie|5\/100\n|\n|t:|1638042741\n|switch|p2a: Garchomp|Garchomp, M|100\/100|[from]move: U-turn\n|move|p1a: Starmie|Hydro Pump|p2a: Garchomp|[miss]\n|-miss|p1a: Starmie|p2a: Garchomp\n|\n|-heal|p1a: Starmie|12\/100|[from] item: Leftovers\n|upkeep\n|turn|6\n|\n|t:|1638042749\n|move|p2a: Garchomp|Outrage|p1a: Starmie\n|-damage|p1a: Starmie|0 fnt\n|faint|p1a: Starmie\n|\n|upkeep\n|\n|t:|1638042754\n|switch|p1a: Froslass|Froslass, F|86\/100\n|turn|7\n|\n|t:|1638042764\n|move|p2a: Garchomp|Outrage|p1a: Froslass|[from]lockedmove\n|-damage|p1a: Froslass|0 fnt\n|faint|p1a: Froslass\n|-start|p2a: Garchomp|confusion|[fatigue]\n|\n|upkeep\n|\n|t:|1638042780\n|switch|p1a: Lucario|Lucario, M|100\/100\n|turn|8\n|\n|t:|1638042783\n|switch|p2a: Gliscor|Gliscor, M|100\/100\n|move|p1a: Lucario|Swords Dance|p1a: Lucario\n|-boost|p1a: Lucario|atk|2\n|\n|-status|p2a: Gliscor|tox|[from] item: Toxic Orb\n|upkeep\n|turn|9\n|\n|t:|1638042795\n|move|p1a: Lucario|Extreme Speed|p2a: Gliscor\n|-damage|p2a: Gliscor|62\/100 tox\n|move|p2a: Gliscor|Earthquake|p1a: Lucario\n|-supereffective|p1a: Lucario\n|-enditem|p1a: Lucario|Focus Sash\n|-damage|p1a: Lucario|1\/100\n|\n|-heal|p2a: Gliscor|74\/100 tox|[from] ability: Poison Heal\n|upkeep\n|turn|10\n|\n|t:|1638042799\n|move|p1a: Lucario|Extreme Speed|p2a: Gliscor\n|-damage|p2a: Gliscor|32\/100 tox\n|move|p2a: Gliscor|U-turn|p1a: Lucario\n|-resisted|p1a: Lucario\n|-damage|p1a: Lucario|0 fnt\n|faint|p1a: Lucario\n|\n|t:|1638042808\n|switch|p2a: Blastoise|Blastoise, M|100\/100|[from]move: U-turn\n|\n|upkeep\n|\n|t:|1638042816\n|switch|p1a: Garchomp|Garchomp, F|100\/100\n|turn|11\n|\n|t:|1638042820\n|switch|p2a: Gliscor|Gliscor, M|32\/100 tox\n|move|p1a: Garchomp|Outrage|p2a: Gliscor\n|-damage|p2a: Gliscor|0 fnt\n|faint|p2a: Gliscor\n|\n|upkeep\n|j| Ismail-is-baack\n|\n|t:|1638042828\n|switch|p2a: Garchomp|Garchomp, M|100\/100\n|turn|12\n|\n|t:|1638042831\n|move|p2a: Garchomp|Outrage|p1a: Garchomp\n|-supereffective|p1a: Garchomp\n|-damage|p1a: Garchomp|0 fnt\n|-damage|p2a: Garchomp|88\/100|[from] ability: Rough Skin|[of] p1a: Garchomp\n|faint|p1a: Garchomp\n|\n|upkeep\n|\n|t:|1638042836\n|switch|p1a: Gengar|Gengar, F|100\/100\n|turn|13\n|\n|t:|1638042841\n|move|p2a: Garchomp|Outrage|p1a: Gengar|[from]lockedmove\n|-crit|p1a: Gengar\n|-damage|p1a: Gengar|0 fnt\n|-start|p2a: Garchomp|Disable|Outrage|[from] ability: Cursed Body|[of] p1a: Gengar\n|faint|p1a: Gengar\n|-start|p2a: Garchomp|confusion|[fatigue]\n|\n|upkeep\n|\n|t:|1638042844\n|switch|p1a: Dragonite|Dragonite, F|100\/100\n|turn|14\n|\n|t:|1638042847\n|switch|p2a: Blastoise|Blastoise, M|100\/100\n|move|p1a: Dragonite|Dragon Dance|p1a: Dragonite\n|-boost|p1a: Dragonite|atk|1\n|-boost|p1a: Dragonite|spe|1\n|\n|upkeep\n|turn|15\n|\n|t:|1638042854\n|move|p1a: Dragonite|Dragon Dance|p1a: Dragonite\n|-boost|p1a: Dragonite|atk|1\n|-boost|p1a: Dragonite|spe|1\n|move|p2a: Blastoise|Ice Beam|p1a: Dragonite\n|-supereffective|p1a: Dragonite\n|-damage|p1a: Dragonite|48\/100\n|\n|upkeep\n|turn|16\n|\n|t:|1638042860\n|move|p1a: Dragonite|Outrage|p2a: Blastoise\n|-damage|p2a: Blastoise|0 fnt\n|faint|p2a: Blastoise\n|\n|upkeep\n|\n|t:|1638042866\n|switch|p2a: Infernape|Infernape, M|100\/100\n|turn|17\n|\n|t:|1638042869\n|move|p1a: Dragonite|Outrage|p2a: Infernape|[from]lockedmove\n|-damage|p2a: Infernape|0 fnt\n|faint|p2a: Infernape\n|\n|upkeep\n|\n|t:|1638042871\n|switch|p2a: Azelf|Azelf|100\/100\n|turn|18\n|\n|t:|1638042875\n|move|p1a: Dragonite|Outrage|p2a: Azelf|[from]lockedmove\n|-damage|p2a: Azelf|0 fnt\n|faint|p2a: Azelf\n|-start|p1a: Dragonite|confusion|[fatigue]\n|-enditem|p1a: Dragonite|Lum Berry|[eat]\n|-end|p1a: Dragonite|confusion\n|\n|upkeep\n|\n|t:|1638042882\n|switch|p2a: Garchomp|Garchomp, M|88\/100\n|turn|19\n|\n|t:|1638042885\n|move|p1a: Dragonite|Outrage|p2a: Garchomp\n|-supereffective|p2a: Garchomp\n|-damage|p2a: Garchomp|0 fnt\n|-damage|p1a: Dragonite|35\/100|[from] ability: Rough Skin|[of] p2a: Garchomp\n|faint|p2a: Garchomp\n|\n|win|Manos96\n|raw|Manos96's rating: 1385 &rarr; <strong>1404<\/strong><br \/>(+19 for winning)\n|raw|Hikari-miyako's rating: 1360 &rarr; <strong>1341<\/strong><br \/>(-19 for losing)\n|l|\u2606Hikari-miyako\n|c|\u2606Manos96|gg\n||Ladder isn't responding, score probably updated but might not have (Request timeout).\n","uploadtime":1638042896,"views":23,"p1id":"manos96","p2id":"hikarimiyako","formatid":"gen8bdspou","rating":1341,"private":0,"password":null}