{"id":"gen8ou-1231001259","p1":"glaed13","p2":"Blastoise Expert","format":"gen8ou","log":"|j|\u2606glaed13\n|j|\u2606Blastoise Expert\n|t:|1606289984\n|player|p1|glaed13|cheren-gen5bw2|1792\n|player|p2|Blastoise Expert|pokemaniac|1898\n|teamsize|p1|6\n|teamsize|p2|6\n|gametype|singles\n|gen|8\n|tier|[Gen 8] OU\n|rated|\n|clearpoke\n|poke|p1|Blaziken, M|\n|poke|p1|Klefki, F|\n|poke|p1|Ninetales, M|\n|poke|p1|Zapdos-Galar|\n|poke|p1|Cinderace, F|\n|poke|p1|Garchomp, F|\n|poke|p2|Gastrodon-East, M|\n|poke|p2|Magearna|\n|poke|p2|Grimmsnarl, M|\n|poke|p2|Volcarona, M|\n|poke|p2|Ninetales-Alola, F|\n|poke|p2|Pheromosa|\n|rule|Sleep Clause Mod: Limit one foe put to sleep\n|rule|Species Clause: Limit one of each Pok\u00e9mon\n|rule|OHKO Clause: OHKO moves are banned\n|rule|Evasion Moves Clause: Evasion moves are banned\n|rule|Endless Battle Clause: Forcing endless battles is banned\n|rule|HP Percentage Mod: HP is shown in percentages\n|rule|Dynamax Clause: You cannot dynamax\n|teampreview\n|inactive|Battle timer is ON: inactive players will automatically lose when time's up. (requested by glaed13)\n|j| Lavos' Meltdown\n|l| Lavos' Meltdown\n|\n|t:|1606290010\n|start\n|switch|p1a: Klefki|Klefki, F, shiny|100\/100\n|switch|p2a: The Sun|Volcarona, M|100\/100\n|turn|1\n|\n|t:|1606290016\n|move|p1a: Klefki|Thunder Wave|p2a: The Sun\n|-status|p2a: The Sun|par\n|cant|p2a: The Sun|par\n|\n|upkeep\n|turn|2\n|\n|t:|1606290023\n|switch|p2a: Scary Monsters|Grimmsnarl, M|100\/100\n|move|p1a: Klefki|Light Screen|p1a: Klefki\n|-sidestart|p1: glaed13|move: Light Screen\n|\n|upkeep\n|turn|3\n|\n|t:|1606290028\n|move|p1a: Klefki|Reflect|p1a: Klefki\n|-sidestart|p1: glaed13|Reflect\n|move|p2a: Scary Monsters|Light Screen|p2a: Scary Monsters\n|-sidestart|p2: Blastoise Expert|move: Light Screen\n|\n|upkeep\n|turn|4\n|\n|t:|1606290046\n|switch|p1a: Cinderace|Cinderace, F|100\/100\n|move|p2a: Scary Monsters|Taunt|p1a: Cinderace\n|-start|p1a: Cinderace|move: Taunt\n|\n|upkeep\n|turn|5\n|j| Sinrace\n|\n|t:|1606290056\n|move|p2a: Scary Monsters|Thunder Wave|p1a: Cinderace\n|-status|p1a: Cinderace|par\n|move|p1a: Cinderace|Pyro Ball|p2a: Scary Monsters\n|-damage|p2a: Scary Monsters|18\/100\n|\n|upkeep\n|turn|6\n|\n|t:|1606290064\n|move|p2a: Scary Monsters|Reflect|p2a: Scary Monsters\n|-sidestart|p2: Blastoise Expert|Reflect\n|move|p1a: Cinderace|Pyro Ball|p2a: Scary Monsters\n|-damage|p2a: Scary Monsters|0 fnt\n|faint|p2a: Scary Monsters\n|\n|-end|p1a: Cinderace|move: Taunt\n|upkeep\n|\n|t:|1606290068\n|switch|p2a: Prepare ur self|Magearna|100\/100\n|turn|7\n|\n|t:|1606290081\n|move|p1a: Cinderace|Bulk Up|p1a: Cinderace\n|-start|p1a: Cinderace|typechange|Fighting|[from] ability: Libero\n|-boost|p1a: Cinderace|atk|1\n|-boost|p1a: Cinderace|def|1\n|move|p2a: Prepare ur self|Shift Gear|p2a: Prepare ur self\n|-boost|p2a: Prepare ur self|spe|2\n|-boost|p2a: Prepare ur self|atk|1\n|\n|upkeep\n|turn|8\n|\n|t:|1606290090\n|move|p2a: Prepare ur self|Calm Mind|p2a: Prepare ur self\n|-boost|p2a: Prepare ur self|spa|1\n|-boost|p2a: Prepare ur self|spd|1\n|cant|p1a: Cinderace|par\n|\n|upkeep\n|turn|9\n|\n|t:|1606290097\n|move|p2a: Prepare ur self|Stored Power|p1a: Cinderace\n|-supereffective|p1a: Cinderace\n|-damage|p1a: Cinderace|0 fnt\n|faint|p1a: Cinderace\n|-ability|p2a: Prepare ur self|Soul-Heart|boost\n|-boost|p2a: Prepare ur self|spa|1\n|\n|-sideend|p1: glaed13|move: Light Screen\n|upkeep\n|\n|t:|1606290112\n|switch|p1a: Klefki|Klefki, F, shiny|100\/100\n|turn|10\n|\n|t:|1606290114\n|move|p1a: Klefki|Defog|p2a: Prepare ur self\n|-unboost|p2a: Prepare ur self|evasion|1\n|-sideend|p2: Blastoise Expert|Reflect\n|-sideend|p2: Blastoise Expert|move: Light Screen\n|move|p2a: Prepare ur self|Shift Gear|p2a: Prepare ur self\n|-boost|p2a: Prepare ur self|spe|2\n|-boost|p2a: Prepare ur self|atk|1\n|\n|-sideend|p1: glaed13|Reflect\n|upkeep\n|turn|11\n|\n|t:|1606290121\n|move|p1a: Klefki|Light Screen|p1a: Klefki\n|-sidestart|p1: glaed13|move: Light Screen\n|move|p2a: Prepare ur self|Shift Gear|p2a: Prepare ur self\n|-boost|p2a: Prepare ur self|spe|2\n|-boost|p2a: Prepare ur self|atk|1\n|\n|upkeep\n|turn|12\n|\n|t:|1606290126\n|move|p1a: Klefki|Thunder Wave|p2a: Prepare ur self\n|-status|p2a: Prepare ur self|par\n|move|p2a: Prepare ur self|Stored Power|p1a: Klefki\n|-resisted|p1a: Klefki\n|-damage|p1a: Klefki|52\/100\n|\n|upkeep\n|turn|13\n|\n|t:|1606290140\n|switch|p1a: Garchomp|Garchomp, F|100\/100\n|move|p2a: Prepare ur self|Draining Kiss|p1a: Garchomp\n|-supereffective|p1a: Garchomp\n|-damage|p1a: Garchomp|38\/100\n|-damage|p2a: Prepare ur self|88\/100 par|[from] ability: Rough Skin|[of] p1a: Garchomp\n|\n|-heal|p2a: Prepare ur self|94\/100 par|[from] item: Leftovers\n|upkeep\n|turn|14\n|\n|t:|1606290147\n|move|p2a: Prepare ur self|Draining Kiss|p1a: Garchomp\n|-supereffective|p1a: Garchomp\n|-crit|p1a: Garchomp\n|-damage|p1a: Garchomp|0 fnt\n|-heal|p2a: Prepare ur self|100\/100 par|[from] drain|[of] p1a: Garchomp\n|-damage|p2a: Prepare ur self|88\/100 par|[from] ability: Rough Skin|[of] p1a: Garchomp\n|faint|p1a: Garchomp\n|-ability|p2a: Prepare ur self|Soul-Heart|boost\n|-boost|p2a: Prepare ur self|spa|1\n|\n|-heal|p2a: Prepare ur self|94\/100 par|[from] item: Leftovers\n|upkeep\n|\n|t:|1606290153\n|switch|p1a: Ninetales|Ninetales, M, shiny|100\/100\n|-weather|SunnyDay|[from] ability: Drought|[of] p1a: Ninetales\n|turn|15\n|\n|t:|1606290157\n|move|p2a: Prepare ur self|Stored Power|p1a: Ninetales\n|-enditem|p1a: Ninetales|Focus Sash\n|-damage|p1a: Ninetales|1\/100\n|move|p1a: Ninetales|Flamethrower|p2a: Prepare ur self\n|-supereffective|p2a: Prepare ur self\n|-crit|p2a: Prepare ur self\n|-damage|p2a: Prepare ur self|0 fnt\n|faint|p2a: Prepare ur self\n|\n|-weather|SunnyDay|[upkeep]\n|upkeep\n|j| Monodes\n|\n|t:|1606290168\n|switch|p2a: Agency Tech|Ninetales-Alola, F|100\/100\n|-weather|Hail|[from] ability: Snow Warning|[of] p2a: Agency Tech\n|turn|16\n|\n|t:|1606290173\n|switch|p1a: Klefki|Klefki, F, shiny|52\/100\n|move|p2a: Agency Tech|Aurora Veil|p2a: Agency Tech\n|-sidestart|p2: Blastoise Expert|move: Aurora Veil\n|\n|-weather|Hail|[upkeep]\n|-damage|p1a: Klefki|45\/100|[from] Hail\n|upkeep\n|turn|17\n|j| general_newb\n|\n|t:|1606290180\n|switch|p2a: The Sun|Volcarona, M|100\/100 par\n|move|p1a: Klefki|Reflect|p1a: Klefki\n|-sidestart|p1: glaed13|Reflect\n|\n|-weather|Hail|[upkeep]\n|-damage|p1a: Klefki|39\/100|[from] Hail\n|-damage|p2a: The Sun|94\/100 par|[from] Hail\n|upkeep\n|turn|18\n|\n|t:|1606290187\n|move|p1a: Klefki|Defog|p2a: The Sun\n|-unboost|p2a: The Sun|evasion|1\n|-sideend|p2: Blastoise Expert|move: Aurora Veil\n|move|p2a: The Sun|Fiery Dance|p1a: Klefki\n|-supereffective|p1a: Klefki\n|-damage|p1a: Klefki|5\/100\n|-boost|p2a: The Sun|spa|1\n|\n|-weather|Hail|[upkeep]\n|-damage|p1a: Klefki|0 fnt|[from] Hail\n|-damage|p2a: The Sun|88\/100 par|[from] Hail\n|faint|p1a: Klefki\n|-sideend|p1: glaed13|move: Light Screen\n|upkeep\n|\n|t:|1606290191\n|switch|p1a: Ninetales|Ninetales, M, shiny|1\/100\n|-weather|SunnyDay|[from] ability: Drought|[of] p1a: Ninetales\n|turn|19\n|\n|t:|1606290201\n|move|p1a: Ninetales|Memento|p2a: The Sun\n|-unboost|p2a: The Sun|atk|2\n|-unboost|p2a: The Sun|spa|2\n|faint|p1a: Ninetales\n|move|p2a: The Sun|Fiery Dance|p1: Ninetales|[notarget]\n|-fail|p2a: The Sun\n|\n|-weather|SunnyDay|[upkeep]\n|upkeep\n|\n|t:|1606290210\n|switch|p1a: Blaziken|Blaziken, M|100\/100\n|turn|20\n|j| hugcort\n|l| Monodes\n|\n|t:|1606290218\n|switch|p2a: Agency Tech|Ninetales-Alola, F|100\/100\n|-weather|Hail|[from] ability: Snow Warning|[of] p2a: Agency Tech\n|move|p1a: Blaziken|Swords Dance|p1a: Blaziken\n|-boost|p1a: Blaziken|atk|2\n|\n|-weather|Hail|[upkeep]\n|-damage|p1a: Blaziken|95\/100|[from] Hail\n|-ability|p1a: Blaziken|Speed Boost|boost\n|-boost|p1a: Blaziken|spe|1\n|upkeep\n|turn|21\n|\n|t:|1606290232\n|move|p1a: Blaziken|Blaze Kick|p2a: Agency Tech\n|-supereffective|p2a: Agency Tech\n|-damage|p2a: Agency Tech|0 fnt\n|faint|p2a: Agency Tech\n|\n|-weather|Hail|[upkeep]\n|-damage|p1a: Blaziken|89\/100|[from] Hail\n|-ability|p1a: Blaziken|Speed Boost|boost\n|-boost|p1a: Blaziken|spe|1\n|upkeep\n|j| Lavos' Meltdown\n|\n|t:|1606290236\n|switch|p2a: Slug Blastoise|Gastrodon-East, M|100\/100\n|turn|22\n|\n|t:|1606290244\n|move|p1a: Blaziken|High Jump Kick|p2a: Slug Blastoise\n|-damage|p2a: Slug Blastoise|4\/100\n|move|p2a: Slug Blastoise|Clear Smog|p1a: Blaziken\n|-damage|p1a: Blaziken|71\/100\n|-clearboost|p1a: Blaziken\n|\n|-weather|Hail|[upkeep]\n|-damage|p1a: Blaziken|65\/100|[from] Hail\n|-damage|p2a: Slug Blastoise|0 fnt|[from] Hail\n|faint|p2a: Slug Blastoise\n|-ability|p1a: Blaziken|Speed Boost|boost\n|-boost|p1a: Blaziken|spe|1\n|upkeep\n|inactive|Blastoise Expert has 120 seconds left.\n|\n|t:|1606290285\n|switch|p2a: Spice Girl|Pheromosa|100\/100\n|turn|23\n|j| irgendwasmitmeeem\n|\n|t:|1606290293\n|move|p2a: Spice Girl|Focus Blast|p1a: Blaziken\n|-damage|p1a: Blaziken|0 fnt\n|-damage|p2a: Spice Girl|91\/100|[from] item: Life Orb\n|faint|p1a: Blaziken\n|-ability|p2a: Spice Girl|Beast Boost|boost\n|-boost|p2a: Spice Girl|spa|1\n|\n|-weather|Hail|[upkeep]\n|-damage|p2a: Spice Girl|85\/100|[from] Hail\n|upkeep\n|\n|t:|1606290300\n|switch|p1a: Zapdos|Zapdos-Galar|100\/100\n|turn|24\n|\n|t:|1606290305\n|move|p2a: Spice Girl|Shock Wave|p1a: Zapdos\n|-supereffective|p1a: Zapdos\n|-damage|p1a: Zapdos|0 fnt\n|-damage|p2a: Spice Girl|75\/100|[from] item: Life Orb\n|faint|p1a: Zapdos\n|\n|win|Blastoise Expert\n|j| Nalachur\n|raw|glaed13's rating: 1792 &rarr; <strong>1778<\/strong><br \/>(-14 for losing)\n|raw|Blastoise Expert's rating: 1898 &rarr; <strong>1912<\/strong><br \/>(+14 for winning)\n|l|\u2606Blastoise Expert\n","uploadtime":1606290311,"views":21,"p1id":"glaed13","p2id":"blastoiseexpert","formatid":"gen8ou","rating":1778,"private":0,"password":null}