{"id":"gen8randombattle-1160997945","p1":"Lunar Neo","p2":"BFO Aquarius","format":"gen8randombattle","log":"|j|\u2606Lunar Neo\n|j|\u2606BFO Aquarius\n|inactive|Battle timer is ON: inactive players will automatically lose when time's up.\n|t:|1596216109\n|player|p1|Lunar Neo|grimsley|\n|player|p2|BFO Aquarius|psychicf-gen4|\n|teamsize|p1|6\n|teamsize|p2|6\n|gametype|singles\n|gen|8\n|tier|[Gen 8] Random Battle\n|rated|Tournament battle\n|rule|Species Clause: Limit one of each Pok\u00e9mon\n|rule|HP Percentage Mod: HP is shown in percentages\n|rule|Sleep Clause Mod: Limit one foe put to sleep\n|rule|OHKO Clause: OHKO moves are banned\n|rule|Evasion Moves Clause: Evasion moves are banned\n|clearpoke\n|poke|p1|Beheeyem, L88, M|\n|poke|p1|Hippowdon, L80, M|\n|poke|p1|Tapu Koko, L80|\n|poke|p1|Toxicroak, L86, M|\n|poke|p1|Sylveon, L82, F|\n|poke|p1|Kingler, L86, M|\n|poke|p2|Bellossom, L88, M|\n|poke|p2|Ferrothorn, L80, M|\n|poke|p2|Spiritomb, L88, F|\n|poke|p2|Milotic, L82, M|\n|poke|p2|Accelgor, L84, M|\n|poke|p2|Greedent, L88, M|\n|rule|Dynamax Clause: You cannot dynamax\n|rule|Endless Battle Clause: Forcing endless battles is banned\n|teampreview\n|inactive|Lunar Neo also wants the timer to be on.\n|j| Josephthecarpenter\n|inactive|BFO Aquarius has 120 seconds left.\n|l| Josephthecarpenter\n|\n|t:|1596216164\n|start\n|switch|p1a: Hippowdon|Hippowdon, L80, M|304\/304\n|switch|p2a: Spiritomb|Spiritomb, L88, F|231\/231\n|-start|p1a: Hippowdon|typechange|Rock|[silent]\n|-weather|Sandstorm|[from] ability: Sand Stream|[of] p1a: Hippowdon\n|-start|p2a: Spiritomb|typechange|Dark\/Psychic|[silent]\n|-start|p1a: Hippowdon|typechange|Rock|[silent]\n|-start|p2a: Spiritomb|typechange|Dark\/Psychic|[silent]\n|turn|1\n|\n|t:|1596216173\n|move|p1a: Hippowdon|Stealth Rock|p2a: Spiritomb\n|-sidestart|p2: BFO Aquarius|move: Stealth Rock\n|move|p2a: Spiritomb|Will-O-Wisp|p1a: Hippowdon\n|-status|p1a: Hippowdon|brn\n|\n|-weather|Sandstorm|[upkeep]\n|-damage|p2a: Spiritomb|217\/231|[from] Sandstorm\n|-heal|p2a: Spiritomb|231\/231|[from] item: Leftovers\n|-damage|p1a: Hippowdon|285\/304 brn|[from] brn\n|upkeep\n|turn|2\n|\n|t:|1596216184\n|switch|p1a: Sylveon|Sylveon, L82, F|290\/290\n|-start|p1a: Sylveon|typechange|Psychic\/Normal|[silent]\n|move|p2a: Spiritomb|Calm Mind|p2a: Spiritomb\n|-boost|p2a: Spiritomb|spa|1\n|-boost|p2a: Spiritomb|spd|1\n|\n|-weather|Sandstorm|[upkeep]\n|-damage|p1a: Sylveon|272\/290|[from] Sandstorm\n|-damage|p2a: Spiritomb|217\/231|[from] Sandstorm\n|-heal|p1a: Sylveon|290\/290|[from] item: Leftovers\n|-heal|p2a: Spiritomb|231\/231|[from] item: Leftovers\n|upkeep\n|-start|p1a: Sylveon|typechange|Psychic\/Normal|[silent]\n|turn|3\n|\n|t:|1596216211\n|move|p1a: Sylveon|Calm Mind|p1a: Sylveon\n|-boost|p1a: Sylveon|spa|1\n|-boost|p1a: Sylveon|spd|1\n|move|p2a: Spiritomb|Calm Mind|p2a: Spiritomb\n|-boost|p2a: Spiritomb|spa|1\n|-boost|p2a: Spiritomb|spd|1\n|\n|-weather|Sandstorm|[upkeep]\n|-damage|p1a: Sylveon|272\/290|[from] Sandstorm\n|-damage|p2a: Spiritomb|217\/231|[from] Sandstorm\n|-heal|p1a: Sylveon|290\/290|[from] item: Leftovers\n|-heal|p2a: Spiritomb|231\/231|[from] item: Leftovers\n|upkeep\n|turn|4\n|\n|t:|1596216217\n|move|p1a: Sylveon|Calm Mind|p1a: Sylveon\n|-boost|p1a: Sylveon|spa|1\n|-boost|p1a: Sylveon|spd|1\n|move|p2a: Spiritomb|Dark Pulse|p1a: Sylveon\n|-supereffective|p1a: Sylveon\n|-damage|p1a: Sylveon|144\/290\n|\n|-weather|Sandstorm|[upkeep]\n|-damage|p1a: Sylveon|126\/290|[from] Sandstorm\n|-damage|p2a: Spiritomb|217\/231|[from] Sandstorm\n|-heal|p1a: Sylveon|144\/290|[from] item: Leftovers\n|-heal|p2a: Spiritomb|231\/231|[from] item: Leftovers\n|upkeep\n|turn|5\n|\n|t:|1596216224\n|move|p1a: Sylveon|Calm Mind|p1a: Sylveon\n|-boost|p1a: Sylveon|spa|1\n|-boost|p1a: Sylveon|spd|1\n|move|p2a: Spiritomb|Dark Pulse|p1a: Sylveon\n|-supereffective|p1a: Sylveon\n|-damage|p1a: Sylveon|36\/290\n|\n|-weather|none\n|-heal|p1a: Sylveon|54\/290|[from] item: Leftovers\n|upkeep\n|turn|6\n|\n|t:|1596216231\n|move|p1a: Sylveon|Hyper Voice|p2a: Spiritomb\n|-supereffective|p2a: Spiritomb\n|-damage|p2a: Spiritomb|81\/231\n|move|p2a: Spiritomb|Dark Pulse|p1a: Sylveon\n|-supereffective|p1a: Sylveon\n|-damage|p1a: Sylveon|0 fnt\n|faint|p1a: Sylveon\n|\n|-heal|p2a: Spiritomb|95\/231|[from] item: Leftovers\n|upkeep\n|\n|t:|1596216242\n|switch|p1a: Kingler|Kingler, L86, M|235\/235\n|-start|p1a: Kingler|typechange|Rock\/Water|[silent]\n|-start|p1a: Kingler|typechange|Rock\/Water|[silent]\n|turn|7\n|\n|t:|1596216247\n|move|p1a: Kingler|X-Scissor|p2a: Spiritomb\n|-supereffective|p2a: Spiritomb\n|-damage|p2a: Spiritomb|0 fnt\n|-damage|p1a: Kingler|212\/235|[from] item: Life Orb\n|faint|p2a: Spiritomb\n|\n|upkeep\n|\n|t:|1596216256\n|switch|p2a: Milotic|Milotic, L82, M|290\/290\n|-damage|p2a: Milotic|218\/290|[from] Stealth Rock\n|-start|p2a: Milotic|typechange|Water\/Ice|[silent]\n|-start|p2a: Milotic|typechange|Water\/Ice|[silent]\n|turn|8\n|\n|t:|1596216263\n|move|p2a: Milotic|Scald|p1a: Kingler\n|-damage|p1a: Kingler|88\/235\n|move|p1a: Kingler|Rock Slide|p2a: Milotic\n|-supereffective|p2a: Milotic\n|-damage|p2a: Milotic|0 fnt\n|faint|p2a: Milotic\n|\n|upkeep\n|\n|t:|1596216273\n|switch|p2a: Accelgor|Accelgor, L84, M|272\/272\n|-start|p2a: Accelgor|typechange|Fighting\/Grass|[silent]\n|-start|p2a: Accelgor|typechange|Fighting\/Grass|[silent]\n|turn|9\n|\n|t:|1596216281\n|switch|p1a: Toxicroak|Toxicroak, L86, M|283\/283\n|-start|p1a: Toxicroak|typechange|Ice\/Poison|[silent]\n|move|p2a: Accelgor|Energy Ball|p1a: Toxicroak\n|-resisted|p1a: Toxicroak\n|-damage|p1a: Toxicroak|225\/283\n|\n|upkeep\n|-start|p1a: Toxicroak|typechange|Ice\/Poison|[silent]\n|turn|10\n|\n|t:|1596216302\n|move|p2a: Accelgor|Focus Blast|p1a: Toxicroak\n|-damage|p1a: Toxicroak|81\/283\n|move|p1a: Toxicroak|Gunk Shot|p2a: Accelgor\n|-supereffective|p2a: Accelgor\n|-damage|p2a: Accelgor|0 fnt\n|faint|p2a: Accelgor\n|\n|upkeep\n|\n|t:|1596216309\n|switch|p2a: Ferrothorn|Ferrothorn, L80, M|250\/250\n|-start|p2a: Ferrothorn|typechange|Grass\/Steel|[silent]\n|-damage|p2a: Ferrothorn|235\/250|[from] Stealth Rock\n|turn|11\n|\n|t:|1596216317\n|switch|p1a: Kingler|Kingler, L86, M|88\/235\n|-start|p1a: Kingler|typechange|Rock\/Water|[silent]\n|move|p2a: Ferrothorn|Gyro Ball|p1a: Kingler\n|-damage|p1a: Kingler|0 fnt\n|faint|p1a: Kingler\n|\n|-heal|p2a: Ferrothorn|250\/250|[from] item: Leftovers\n|upkeep\n|\n|t:|1596216322\n|switch|p1a: Toxicroak|Toxicroak, L86, M|81\/283\n|-start|p1a: Toxicroak|typechange|Ice\/Poison|[silent]\n|-start|p1a: Toxicroak|typechange|Ice\/Poison|[silent]\n|turn|12\n|\n|t:|1596216342\n|move|p1a: Toxicroak|Drain Punch|p2a: Ferrothorn\n|-supereffective|p2a: Ferrothorn\n|-damage|p2a: Ferrothorn|112\/250\n|-heal|p1a: Toxicroak|150\/283|[from] drain|[of] p2a: Ferrothorn\n|-damage|p1a: Toxicroak|115\/283|[from] ability: Iron Barbs|[of] p2a: Ferrothorn\n|move|p2a: Ferrothorn|Gyro Ball|p1a: Toxicroak\n|-supereffective|p1a: Toxicroak\n|-damage|p1a: Toxicroak|0 fnt\n|faint|p1a: Toxicroak\n|\n|-heal|p2a: Ferrothorn|127\/250|[from] item: Leftovers\n|upkeep\n|\n|t:|1596216350\n|switch|p1a: Tapu Koko|Tapu Koko, L80|243\/243\n|-start|p1a: Tapu Koko|typechange|Flying\/Fairy|[silent]\n|-fieldstart|move: Electric Terrain|[from] ability: Electric Surge|[of] p1a: Tapu Koko\n|-start|p1a: Tapu Koko|typechange|Flying\/Fairy|[silent]\n|turn|13\n|\n|t:|1596216355\n|move|p2a: Ferrothorn|Protect|p2a: Ferrothorn\n|-singleturn|p2a: Ferrothorn|Protect\n|move|p1a: Tapu Koko|Close Combat|p2a: Ferrothorn\n|-activate|p2a: Ferrothorn|move: Protect\n|\n|-heal|p2a: Ferrothorn|142\/250|[from] item: Leftovers\n|upkeep\n|turn|14\n|\n|t:|1596216363\n|move|p1a: Tapu Koko|Close Combat|p2a: Ferrothorn\n|-supereffective|p2a: Ferrothorn\n|-damage|p2a: Ferrothorn|0 fnt\n|-unboost|p1a: Tapu Koko|def|1\n|-unboost|p1a: Tapu Koko|spd|1\n|-damage|p1a: Tapu Koko|213\/243|[from] ability: Iron Barbs|[of] p2a: Ferrothorn\n|faint|p2a: Ferrothorn\n|\n|upkeep\n|\n|t:|1596216367\n|switch|p2a: Bellossom|Bellossom, L88, M|275\/275\n|-start|p2a: Bellossom|typechange|Bug\/Grass|[silent]\n|-damage|p2a: Bellossom|207\/275|[from] Stealth Rock\n|-start|p2a: Bellossom|typechange|Bug\/Grass|[silent]\n|turn|15\n|\n|t:|1596216371\n|switch|p1a: Hippowdon|Hippowdon, L80, M|285\/304 brn\n|-start|p1a: Hippowdon|typechange|Rock|[silent]\n|-weather|Sandstorm|[from] ability: Sand Stream|[of] p1a: Hippowdon\n|move|p2a: Bellossom|Quiver Dance|p2a: Bellossom\n|-boost|p2a: Bellossom|spa|1\n|-boost|p2a: Bellossom|spd|1\n|-boost|p2a: Bellossom|spe|1\n|\n|-weather|Sandstorm|[upkeep]\n|-damage|p2a: Bellossom|190\/275|[from] Sandstorm\n|-heal|p2a: Bellossom|207\/275|[from] item: Leftovers\n|-heal|p1a: Hippowdon|304\/304 brn|[from] item: Leftovers\n|-damage|p1a: Hippowdon|285\/304 brn|[from] brn\n|upkeep\n|-start|p1a: Hippowdon|typechange|Rock|[silent]\n|turn|16\n|\n|t:|1596216380\n|switch|p1a: Tapu Koko|Tapu Koko, L80|213\/243\n|-start|p1a: Tapu Koko|typechange|Flying\/Fairy|[silent]\n|move|p2a: Bellossom|Quiver Dance|p2a: Bellossom\n|-boost|p2a: Bellossom|spa|1\n|-boost|p2a: Bellossom|spd|1\n|-boost|p2a: Bellossom|spe|1\n|\n|-weather|Sandstorm|[upkeep]\n|-damage|p2a: Bellossom|190\/275|[from] Sandstorm\n|-damage|p1a: Tapu Koko|198\/243|[from] Sandstorm\n|-heal|p2a: Bellossom|207\/275|[from] item: Leftovers\n|upkeep\n|-start|p1a: Tapu Koko|typechange|Flying\/Fairy|[silent]\n|turn|17\n|\n|t:|1596216386\n|move|p2a: Bellossom|Sleep Powder|p1a: Tapu Koko\n|-status|p1a: Tapu Koko|slp|[from] move: Sleep Powder\n|cant|p1a: Tapu Koko|slp\n|\n|-weather|Sandstorm|[upkeep]\n|-damage|p2a: Bellossom|190\/275|[from] Sandstorm\n|-damage|p1a: Tapu Koko|183\/243 slp|[from] Sandstorm\n|-heal|p2a: Bellossom|207\/275|[from] item: Leftovers\n|-fieldend|move: Electric Terrain\n|upkeep\n|turn|18\n|inactive|Lunar Neo has 120 seconds left.\n|c|\u2606Lunar Neo|wow the flying made it so I could be slept\n|c|\u2606BFO Aquarius|yup lol\n|\n|t:|1596216425\n|move|p2a: Bellossom|Giga Drain|p1a: Tapu Koko\n|-resisted|p1a: Tapu Koko\n|-damage|p1a: Tapu Koko|87\/243 slp\n|-heal|p2a: Bellossom|255\/275|[from] drain|[of] p1a: Tapu Koko\n|cant|p1a: Tapu Koko|slp\n|\n|-weather|Sandstorm|[upkeep]\n|-damage|p2a: Bellossom|238\/275|[from] Sandstorm\n|-damage|p1a: Tapu Koko|72\/243 slp|[from] Sandstorm\n|-heal|p2a: Bellossom|255\/275|[from] item: Leftovers\n|upkeep\n|turn|19\n|inactive|Lunar Neo has 120 seconds left.\n|\n|t:|1596216431\n|move|p2a: Bellossom|Giga Drain|p1a: Tapu Koko\n|-resisted|p1a: Tapu Koko\n|-damage|p1a: Tapu Koko|0 fnt\n|-heal|p2a: Bellossom|275\/275|[from] drain|[of] p1a: Tapu Koko\n|faint|p1a: Tapu Koko\n|\n|-weather|none\n|upkeep\n|\n|t:|1596216434\n|switch|p1a: Beheeyem|Beheeyem, L88, M|275\/275\n|-start|p1a: Beheeyem|typechange|Ghost\/Psychic|[silent]\n|-start|p1a: Beheeyem|typechange|Ghost\/Psychic|[silent]\n|turn|20\n|\n|t:|1596216440\n|move|p2a: Bellossom|Giga Drain|p1a: Beheeyem\n|-damage|p1a: Beheeyem|136\/275\n|move|p1a: Beheeyem|Psychic|p2a: Bellossom\n|-damage|p2a: Bellossom|158\/275\n|\n|-heal|p2a: Bellossom|175\/275|[from] item: Leftovers\n|upkeep\n|turn|21\n|\n|t:|1596216447\n|move|p2a: Bellossom|Giga Drain|p1a: Beheeyem\n|-damage|p1a: Beheeyem|0 fnt\n|-heal|p2a: Bellossom|243\/275|[from] drain|[of] p1a: Beheeyem\n|faint|p1a: Beheeyem\n|\n|-heal|p2a: Bellossom|260\/275|[from] item: Leftovers\n|upkeep\n|c|\u2606BFO Aquarius|gg\n|-message|Lunar Neo forfeited.\n|\n|win|BFO Aquarius\n|l|\u2606Lunar Neo\n","inputlog":">version fe2eb278603fb9401640f465a2b94179e7565b81\n>start {\"formatid\":\"gen8randombattle@@@gen8camomons\",\"seed\":[50886,58228,14996,4873],\"rated\":\"Tournament battle\"}\n>player p1 {\"name\":\"Lunar Neo\",\"avatar\":\"grimsley\",\"team\":\"\",\"rating\":0,\"seed\":[23341,30784,55054,50819]}\n>player p2 {\"name\":\"BFO Aquarius\",\"avatar\":\"psychicf-gen4\",\"team\":\"\",\"rating\":0,\"seed\":[55481,3384,47290,36523]}\n>p1 team 2, 1, 3, 4, 5, 6\n>p2 team 3, 2, 1, 4, 5, 6\n>p1 move stealthrock\n>p2 move willowisp\n>p1 switch 5\n>p2 move calmmind\n>p1 move calmmind\n>p2 move calmmind\n>p1 move calmmind\n>p2 move darkpulse\n>p1 move calmmind\n>p2 move darkpulse\n>p1 move hypervoice\n>p2 move darkpulse\n>p1 switch 6\n>p1 move xscissor\n>p2 move psychic\n>p2 switch 4\n>p1 move rockslide\n>p2 move scald\n>p2 switch 5\n>p1 switch 4\n>p2 move energyball\n>p1 move gunkshot\n>p2 move focusblast\n>p2 switch 2\n>p1 switch 4\n>p2 move gyroball\n>p1 switch 4\n>p1 move drainpunch\n>p2 move gyroball\n>p1 switch 3\n>p1 move closecombat\n>p2 move protect\n>p1 move closecombat\n>p2 move leechseed\n>p2 switch 3\n>p1 switch 5\n>p2 move quiverdance\n>p1 switch 5\n>p2 move quiverdance\n>p1 move bravebird\n>p2 move sleeppowder\n>p1 move bravebird\n>p2 move gigadrain\n>p1 move bravebird\n>p2 move gigadrain\n>p1 switch 2\n>p1 move psychic\n>p2 move gigadrain\n>p1 move psychic\n>p2 move gigadrain","uploadtime":1596216455,"views":4,"p1id":"lunarneo","p2id":"bfoaquarius","formatid":"gen8randombattle","rating":0,"private":0,"password":null}