{"id":"gen8ou-1700011640","p1":"rooopos","p2":"GorLeon","format":"gen8ou","log":"|j|\u2606rooopos\n|j|\u2606GorLeon\n|t:|1667305569\n|gametype|singles\n|player|p1|rooopos|2|1603\n|player|p2|GorLeon|dragontamer|1514\n|teamsize|p1|6\n|teamsize|p2|6\n|gen|8\n|tier|[Gen 8] OU\n|rated|\n|rule|Sleep Clause Mod: Limit one foe put to sleep\n|rule|Species Clause: Limit one of each Pok\u00e9mon\n|rule|OHKO Clause: OHKO moves are banned\n|rule|Evasion Items Clause: Evasion items are banned\n|rule|Evasion Moves Clause: Evasion moves are banned\n|rule|Endless Battle Clause: Forcing endless battles is banned\n|rule|HP Percentage Mod: HP is shown in percentages\n|rule|Dynamax Clause: You cannot dynamax\n|clearpoke\n|poke|p1|Kartana|\n|poke|p1|Buzzwole|\n|poke|p1|Tapu Lele|\n|poke|p1|Landorus-Therian, M|\n|poke|p1|Slowbro, M|\n|poke|p1|Blissey, F|\n|poke|p2|Kartana|\n|poke|p2|Buzzwole|\n|poke|p2|Tapu Lele|\n|poke|p2|Landorus-Therian, M|\n|poke|p2|Slowbro, M|\n|poke|p2|Blissey, F|\n|teampreview\n|inactive|Battle timer is ON: inactive players will automatically lose when time's up. (requested by GorLeon)\n|c|\u2606GorLeon|gl hf\n|c|\u2606rooopos|u2\n|\n|t:|1667305591\n|start\n|switch|p1a: Kartana|Kartana|100\/100\n|switch|p2a: Buzzwole|Buzzwole|100\/100\n|turn|1\n|\n|t:|1667305596\n|switch|p1a: Slowbro|Slowbro, M, shiny|100\/100\n|move|p2a: Buzzwole|Close Combat|p1a: Slowbro\n|-resisted|p1a: Slowbro\n|-damage|p1a: Slowbro|81\/100\n|-unboost|p2a: Buzzwole|def|1\n|-unboost|p2a: Buzzwole|spd|1\n|-damage|p2a: Buzzwole|84\/100|[from] item: Rocky Helmet|[of] p1a: Slowbro\n|\n|upkeep\n|turn|2\n|\n|t:|1667305603\n|switch|p2a: Blissey|Blissey, F|100\/100\n|move|p1a: Slowbro|Future Sight|p2a: Blissey\n|-start|p1a: Slowbro|move: Future Sight\n|\n|upkeep\n|turn|3\n|\n|t:|1667305607\n|move|p2a: Blissey|Stealth Rock|p1a: Slowbro\n|-sidestart|p1: rooopos|move: Stealth Rock\n|move|p1a: Slowbro|Teleport|p1a: Slowbro\n|\n|t:|1667305611\n|switch|p1a: Kartana|Kartana|100\/100|[from]move: Teleport\n|-damage|p1a: Kartana|94\/100|[from] Stealth Rock\n|\n|upkeep\n|turn|4\n|\n|t:|1667305614\n|switch|p2a: Landorus|Landorus-Therian, M|100\/100\n|-ability|p2a: Landorus|Intimidate|boost\n|-unboost|p1a: Kartana|atk|1\n|move|p1a: Kartana|Leaf Blade|p2a: Landorus\n|-damage|p2a: Landorus|37\/100\n|\n|-end|p2a: Landorus|move: Future Sight\n|-damage|p2a: Landorus|4\/100\n|-heal|p2a: Landorus|10\/100|[from] item: Leftovers\n|upkeep\n|turn|5\n|\n|t:|1667305622\n|switch|p2a: Buzzwole|Buzzwole|84\/100\n|move|p1a: Kartana|Leaf Blade|p2a: Buzzwole\n|-resisted|p2a: Buzzwole\n|-damage|p2a: Buzzwole|63\/100\n|\n|upkeep\n|turn|6\n|\n|t:|1667305627\n|switch|p1a: Slowbro|Slowbro, M, shiny|100\/100\n|-damage|p1a: Slowbro|88\/100|[from] Stealth Rock\n|move|p2a: Buzzwole|Leech Life|p1a: Slowbro\n|-supereffective|p1a: Slowbro\n|-damage|p1a: Slowbro|39\/100\n|-heal|p2a: Buzzwole|90\/100|[from] drain|[of] p1a: Slowbro\n|-damage|p2a: Buzzwole|74\/100|[from] item: Rocky Helmet|[of] p1a: Slowbro\n|\n|upkeep\n|turn|7\n|\n|t:|1667305633\n|switch|p1a: Landorus|Landorus-Therian, M|100\/100\n|-damage|p1a: Landorus|88\/100|[from] Stealth Rock\n|-ability|p1a: Landorus|Intimidate|boost\n|-unboost|p2a: Buzzwole|atk|1\n|move|p2a: Buzzwole|Leech Life|p1a: Landorus\n|-resisted|p1a: Landorus\n|-damage|p1a: Landorus|75\/100\n|-heal|p2a: Buzzwole|81\/100|[from] drain|[of] p1a: Landorus\n|\n|-heal|p1a: Landorus|81\/100|[from] item: Leftovers\n|upkeep\n|turn|8\n|\n|t:|1667305637\n|switch|p2a: Landorus|Landorus-Therian, M|10\/100\n|-ability|p2a: Landorus|Intimidate|boost\n|-unboost|p1a: Landorus|atk|1\n|move|p1a: Landorus|Defog|p2a: Landorus\n|-unboost|p2a: Landorus|evasion|1\n|-sideend|p1: rooopos|Stealth Rock|[from] move: Defog|[of] p1a: Landorus\n|\n|-heal|p2a: Landorus|16\/100|[from] item: Leftovers\n|-heal|p1a: Landorus|87\/100|[from] item: Leftovers\n|upkeep\n|turn|9\n|\n|t:|1667305646\n|switch|p2a: Slowbro|Slowbro, M|100\/100\n|move|p1a: Landorus|U-turn|p2a: Slowbro\n|-supereffective|p2a: Slowbro\n|-damage|p2a: Slowbro|82\/100\n|-damage|p1a: Landorus|70\/100|[from] item: Rocky Helmet|[of] p2a: Slowbro\n|\n|t:|1667305652\n|switch|p1a: Tapu Lele|Tapu Lele, shiny|100\/100|[from]move: U-turn\n|-fieldstart|move: Psychic Terrain|[from] ability: Psychic Surge|[of] p1a: Tapu Lele\n|\n|upkeep\n|turn|10\n|\n|t:|1667305661\n|switch|p2a: Blissey|Blissey, F|100\/100\n|move|p1a: Tapu Lele|Psyshock|p2a: Blissey\n|-damage|p2a: Blissey|29\/100\n|\n|upkeep\n|turn|11\n|\n|t:|1667305665\n|switch|p2a: Slowbro|Slowbro, M|100\/100\n|move|p1a: Tapu Lele|Psyshock|p2a: Slowbro\n|-resisted|p2a: Slowbro\n|-damage|p2a: Slowbro|74\/100\n|\n|upkeep\n|turn|12\n|\n|t:|1667305668\n|switch|p1a: Kartana|Kartana|94\/100\n|move|p2a: Slowbro|Future Sight|p1a: Kartana\n|-start|p2a: Slowbro|move: Future Sight\n|\n|upkeep\n|turn|13\n|\n|t:|1667305675\n|switch|p2a: Landorus|Landorus-Therian, M|16\/100\n|-ability|p2a: Landorus|Intimidate|boost\n|-unboost|p1a: Kartana|atk|1\n|move|p1a: Kartana|Knock Off|p2a: Landorus\n|-damage|p2a: Landorus|0 fnt\n|-enditem|p2a: Landorus|Leftovers|[from] move: Knock Off|[of] p1a: Kartana\n|faint|p2a: Landorus\n|-ability|p1a: Kartana|Beast Boost|boost\n|-boost|p1a: Kartana|atk|1\n|\n|-fieldend|move: Psychic Terrain\n|upkeep\n|\n|t:|1667305681\n|switch|p2a: Buzzwole|Buzzwole|81\/100\n|turn|14\n|\n|t:|1667305685\n|switch|p1a: Slowbro|Slowbro, M, shiny|72\/100\n|move|p2a: Buzzwole|Leech Life|p1a: Slowbro\n|-supereffective|p1a: Slowbro\n|-damage|p1a: Slowbro|20\/100\n|-heal|p2a: Buzzwole|100\/100|[from] drain|[of] p1a: Slowbro\n|-damage|p2a: Buzzwole|84\/100|[from] item: Rocky Helmet|[of] p1a: Slowbro\n|\n|-end|p1a: Slowbro|move: Future Sight\n|-resisted|p1a: Slowbro\n|-damage|p1a: Slowbro|0 fnt\n|faint|p1a: Slowbro\n|upkeep\n|\n|t:|1667305695\n|switch|p1a: Landorus|Landorus-Therian, M|70\/100\n|-ability|p1a: Landorus|Intimidate|boost\n|-unboost|p2a: Buzzwole|atk|1\n|turn|15\n|\n|t:|1667305706\n|switch|p2a: Slowbro|Slowbro, M|100\/100\n|move|p1a: Landorus|U-turn|p2a: Slowbro\n|-supereffective|p2a: Slowbro\n|-damage|p2a: Slowbro|73\/100\n|-damage|p1a: Landorus|54\/100|[from] item: Rocky Helmet|[of] p2a: Slowbro\n|\n|t:|1667305710\n|switch|p1a: Kartana|Kartana|94\/100|[from]move: U-turn\n|\n|upkeep\n|turn|16\n|\n|t:|1667305716\n|switch|p1a: Tapu Lele|Tapu Lele, shiny|100\/100\n|-fieldstart|move: Psychic Terrain|[from] ability: Psychic Surge|[of] p1a: Tapu Lele\n|switch|p2a: Blissey|Blissey, F|29\/100\n|\n|upkeep\n|turn|17\n|\n|t:|1667305719\n|switch|p2a: Slowbro|Slowbro, M|100\/100\n|move|p1a: Tapu Lele|Psyshock|p2a: Slowbro\n|-resisted|p2a: Slowbro\n|-damage|p2a: Slowbro|72\/100\n|\n|upkeep\n|turn|18\n|\n|t:|1667305724\n|switch|p1a: Kartana|Kartana|94\/100\n|move|p2a: Slowbro|Teleport|p2a: Slowbro\n|\n|t:|1667305726\n|switch|p2a: Buzzwole|Buzzwole|84\/100|[from]move: Teleport\n|\n|upkeep\n|turn|19\n|\n|t:|1667305731\n|switch|p1a: Buzzwole|Buzzwole|100\/100\n|move|p2a: Buzzwole|Close Combat|p1a: Buzzwole\n|-resisted|p1a: Buzzwole\n|-damage|p1a: Buzzwole|77\/100\n|-unboost|p2a: Buzzwole|def|1\n|-unboost|p2a: Buzzwole|spd|1\n|\n|upkeep\n|turn|20\n|\n|t:|1667305737\n|switch|p2a: Slowbro|Slowbro, M|100\/100\n|switch|p1a: Tapu Lele|Tapu Lele, shiny|100\/100\n|\n|-fieldend|move: Psychic Terrain\n|upkeep\n|turn|21\n|\n|t:|1667305749\n|move|p1a: Tapu Lele|Moonblast|p2a: Slowbro\n|-damage|p2a: Slowbro|12\/100\n|move|p2a: Slowbro|Future Sight|p1a: Tapu Lele\n|-start|p2a: Slowbro|move: Future Sight\n|\n|upkeep\n|turn|22\n|\n|t:|1667305753\n|switch|p2a: Blissey|Blissey, F|29\/100\n|move|p1a: Tapu Lele|Moonblast|p2a: Blissey\n|-damage|p2a: Blissey|1\/100\n|\n|upkeep\n|turn|23\n|\n|t:|1667305759\n|move|p1a: Tapu Lele|Moonblast|p2a: Blissey\n|-damage|p2a: Blissey|0 fnt\n|faint|p2a: Blissey\n|\n|-end|p1a: Tapu Lele|move: Future Sight\n|-resisted|p1a: Tapu Lele\n|-damage|p1a: Tapu Lele|80\/100\n|upkeep\n|\n|t:|1667305764\n|switch|p2a: Kartana|Kartana|100\/100\n|turn|24\n|\n|t:|1667305769\n|switch|p1a: Buzzwole|Buzzwole|77\/100\n|move|p2a: Kartana|Knock Off|p1a: Buzzwole\n|-resisted|p1a: Buzzwole\n|-damage|p1a: Buzzwole|52\/100\n|-enditem|p1a: Buzzwole|Choice Scarf|[from] move: Knock Off|[of] p2a: Kartana\n|\n|upkeep\n|turn|25\n|\n|t:|1667305778\n|switch|p2a: Buzzwole|Buzzwole|84\/100\n|move|p1a: Buzzwole|Leech Life|p2a: Buzzwole\n|-resisted|p2a: Buzzwole\n|-damage|p2a: Buzzwole|68\/100\n|-heal|p1a: Buzzwole|60\/100|[from] drain|[of] p2a: Buzzwole\n|\n|upkeep\n|turn|26\n|\n|t:|1667305788\n|switch|p1a: Kartana|Kartana|94\/100\n|move|p2a: Buzzwole|Close Combat|p1a: Kartana\n|-supereffective|p1a: Kartana\n|-damage|p1a: Kartana|0 fnt\n|-unboost|p2a: Buzzwole|def|1\n|-unboost|p2a: Buzzwole|spd|1\n|faint|p1a: Kartana\n|-ability|p2a: Buzzwole|Beast Boost|boost\n|-boost|p2a: Buzzwole|atk|1\n|\n|upkeep\n|\n|t:|1667305793\n|switch|p1a: Tapu Lele|Tapu Lele, shiny|80\/100\n|-fieldstart|move: Psychic Terrain|[from] ability: Psychic Surge|[of] p1a: Tapu Lele\n|turn|27\n|\n|t:|1667305797\n|switch|p2a: Slowbro|Slowbro, M|45\/100\n|move|p1a: Tapu Lele|Moonblast|p2a: Slowbro\n|-damage|p2a: Slowbro|0 fnt\n|faint|p2a: Slowbro\n|\n|upkeep\n|\n|t:|1667305802\n|switch|p2a: Buzzwole|Buzzwole|68\/100\n|turn|28\n|\n|t:|1667305809\n|move|p2a: Buzzwole|Leech Life|p1a: Tapu Lele\n|-damage|p1a: Tapu Lele|14\/100\n|-heal|p2a: Buzzwole|94\/100|[from] drain|[of] p1a: Tapu Lele\n|move|p1a: Tapu Lele|Moonblast|p2a: Buzzwole\n|-supereffective|p2a: Buzzwole\n|-damage|p2a: Buzzwole|0 fnt\n|faint|p2a: Buzzwole\n|\n|upkeep\n|\n|t:|1667305816\n|switch|p2a: Kartana|Kartana|100\/100\n|turn|29\n|\n|t:|1667305825\n|switch|p2a: Tapu Lele|Tapu Lele|100\/100\n|switch|p1a: Landorus|Landorus-Therian, M|54\/100\n|-ability|p1a: Landorus|Intimidate|boost\n|-unboost|p2a: Tapu Lele|atk|1\n|\n|-heal|p1a: Landorus|60\/100|[from] item: Leftovers\n|upkeep\n|turn|30\n|\n|t:|1667305833\n|move|p2a: Tapu Lele|Moonblast|p1a: Landorus\n|-damage|p1a: Landorus|3\/100\n|-unboost|p1a: Landorus|spa|1\n|move|p1a: Landorus|Earthquake|p2a: Tapu Lele\n|-damage|p2a: Tapu Lele|31\/100\n|\n|-heal|p1a: Landorus|9\/100|[from] item: Leftovers\n|upkeep\n|turn|31\n|\n|t:|1667305839\n|move|p2a: Tapu Lele|Moonblast|p1a: Landorus\n|-damage|p1a: Landorus|0 fnt\n|faint|p1a: Landorus\n|\n|-fieldend|move: Psychic Terrain\n|upkeep\n|\n|t:|1667305842\n|switch|p1a: Buzzwole|Buzzwole|60\/100\n|turn|32\n|\n|t:|1667305846\n|move|p2a: Tapu Lele|Moonblast|p1a: Buzzwole\n|-supereffective|p1a: Buzzwole\n|-damage|p1a: Buzzwole|0 fnt\n|faint|p1a: Buzzwole\n|\n|upkeep\n|\n|t:|1667305849\n|switch|p1a: Tapu Lele|Tapu Lele, shiny|14\/100\n|-fieldstart|move: Psychic Terrain|[from] ability: Psychic Surge|[of] p1a: Tapu Lele\n|turn|33\n|\n|t:|1667305851\n|move|p1a: Tapu Lele|Moonblast|p2a: Tapu Lele\n|-damage|p2a: Tapu Lele|0 fnt\n|faint|p2a: Tapu Lele\n|\n|upkeep\n|\n|t:|1667305854\n|switch|p2a: Kartana|Kartana|100\/100\n|turn|34\n|\n|t:|1667305856\n|move|p2a: Kartana|Smart Strike|p1a: Tapu Lele\n|-supereffective|p1a: Tapu Lele\n|-damage|p1a: Tapu Lele|0 fnt\n|faint|p1a: Tapu Lele\n|-ability|p2a: Kartana|Beast Boost|boost\n|-boost|p2a: Kartana|atk|1\n|\n|upkeep\n|\n|t:|1667305859\n|switch|p1a: Blissey|Blissey, F|100\/100\n|turn|35\n|\n|t:|1667305862\n|move|p2a: Kartana|Smart Strike|p1a: Blissey\n|-damage|p1a: Blissey|2\/100\n|move|p1a: Blissey|Soft-Boiled|p1a: Blissey\n|-heal|p1a: Blissey|52\/100\n|\n|upkeep\n|turn|36\n|\n|t:|1667305866\n|move|p2a: Kartana|Smart Strike|p1a: Blissey\n|-damage|p1a: Blissey|0 fnt\n|faint|p1a: Blissey\n|\n|win|GorLeon\n|raw|rooopos's rating: 1603 &rarr; <strong>1578<\/strong><br \/>(-25 for losing)\n|raw|GorLeon's rating: 1514 &rarr; <strong>1539<\/strong><br \/>(+25 for winning)\n|c|\u2606GorLeon|gg\n|c|\u2606rooopos|gg\n|l|\u2606rooopos\n||Ladder isn't responding, score probably updated but might not have (Request timeout).\n","uploadtime":1667305876,"views":8,"p1id":"rooopos","p2id":"gorleon","formatid":"gen8ou","rating":1539,"private":0,"password":null}