{"id":"gen8ou-1627467095","p1":"LT91BB Ahsan","p2":"andrewm0n","format":"gen8ou","log":"|j|\u2606LT91BB Ahsan\n|j|\u2606andrewm0n\n|t:|1659054285\n|gametype|singles\n|player|p1|LT91BB Ahsan|elesa-masters|1842\n|player|p2|andrewm0n|1|1863\n|teamsize|p1|6\n|teamsize|p2|6\n|gen|8\n|tier|[Gen 8] OU\n|rated|\n|rule|Sleep Clause Mod: Limit one foe put to sleep\n|rule|Species Clause: Limit one of each Pok\u00e9mon\n|rule|OHKO Clause: OHKO moves are banned\n|rule|Evasion Moves Clause: Evasion moves are banned\n|rule|Endless Battle Clause: Forcing endless battles is banned\n|rule|HP Percentage Mod: HP is shown in percentages\n|rule|Dynamax Clause: You cannot dynamax\n|clearpoke\n|poke|p1|Volcanion|\n|poke|p1|Kartana|\n|poke|p1|Zapdos|\n|poke|p1|Heatran, F|\n|poke|p1|Landorus-Therian, M|\n|poke|p1|Weavile, F|\n|poke|p2|Corviknight, M|\n|poke|p2|Clefable, M|\n|poke|p2|Seismitoad, M|\n|poke|p2|Slowbro-Galar, M|\n|poke|p2|Indeedee, M|\n|poke|p2|Blaziken, M|\n|teampreview\n|inactive|Battle timer is ON: inactive players will automatically lose when time's up. (requested by LT91BB Ahsan)\n|inactive|LT91BB Ahsan has 120 seconds left.\n|j| LT91BB Hockey\n|\n|t:|1659054324\n|start\n|switch|p1a: Kartana|Kartana|100\/100\n|switch|p2a: Slowbro|Slowbro-Galar, M|100\/100\n|turn|1\n|j| LT91BB AlI\n|j| lt91bbez\n|j| LT91BB Ash\n|inactive|andrewm0n has 120 seconds left.\n|j| H.M.N.I.P\n|j| LT91BB Dasmer\n|\n|t:|1659054376\n|switch|p1a: Heatran|Heatran, F|100\/100\n|switch|p2a: Corviknight|Corviknight, M|100\/100\n|\n|upkeep\n|turn|2\n|\n|t:|1659054381\n|switch|p2a: Seismitoad|Seismitoad, M|100\/100\n|move|p1a: Heatran|Stealth Rock|p2a: Seismitoad\n|-sidestart|p2: andrewm0n|move: Stealth Rock\n|\n|upkeep\n|turn|3\n|\n|t:|1659054386\n|switch|p1a: Kartana|Kartana|100\/100\n|move|p2a: Seismitoad|Earth Power|p1a: Kartana\n|-damage|p1a: Kartana|28\/100\n|\n|upkeep\n|turn|4\n|inactive|andrewm0n has 120 seconds left.\n|\n|t:|1659054399\n|move|p1a: Kartana|Swords Dance|p1a: Kartana\n|-boost|p1a: Kartana|atk|2\n|move|p2a: Seismitoad|Earth Power|p1a: Kartana\n|-damage|p1a: Kartana|0 fnt\n|faint|p1a: Kartana\n|\n|upkeep\n|\n|t:|1659054403\n|switch|p1a: Weavile|Weavile, F|100\/100\n|-ability|p1a: Weavile|Pressure\n|turn|5\n|\n|t:|1659054410\n|switch|p2a: Clefable|Clefable, M|100\/100\n|-damage|p2a: Clefable|88\/100|[from] Stealth Rock\n|move|p1a: Weavile|Swords Dance|p1a: Weavile\n|-boost|p1a: Weavile|atk|2\n|\n|-heal|p2a: Clefable|94\/100|[from] item: Leftovers\n|upkeep\n|turn|6\n|\n|t:|1659054417\n|switch|p1a: Volcanion|Volcanion|100\/100\n|move|p2a: Clefable|Moonblast|p1a: Volcanion\n|-resisted|p1a: Volcanion\n|-damage|p1a: Volcanion|80\/100\n|\n|-heal|p2a: Clefable|99\/100|[from] item: Leftovers\n|upkeep\n|turn|7\n|\n|t:|1659054443\n|switch|p1a: Weavile|Weavile, F|100\/100\n|-ability|p1a: Weavile|Pressure\n|move|p2a: Clefable|Protect||[still]\n|-fail|p2a: Clefable\n|\n|-heal|p2a: Clefable|100\/100|[from] item: Leftovers\n|upkeep\n|turn|8\n|\n|t:|1659054449\n|switch|p1a: Landorus|Landorus-Therian, M|100\/100\n|-ability|p1a: Landorus|Intimidate|boost\n|-unboost|p2a: Clefable|atk|1\n|move|p2a: Clefable|Wish|p2a: Clefable\n|\n|upkeep\n|turn|9\n|\n|t:|1659054457\n|move|p1a: Landorus|U-turn|p2a: Clefable\n|-resisted|p2a: Clefable\n|-damage|p2a: Clefable|93\/100\n|\n|t:|1659054459\n|switch|p1a: Heatran|Heatran, F|100\/100|[from]move: U-turn\n|move|p2a: Clefable|Moonblast|p1a: Heatran\n|-resisted|p1a: Heatran\n|-damage|p1a: Heatran|96\/100\n|\n|-heal|p2a: Clefable|100\/100|[from] move: Wish|[wisher] Clefable\n|-heal|p1a: Heatran|100\/100|[from] item: Leftovers\n|upkeep\n|turn|10\n|\n|t:|1659054465\n|switch|p1a: Weavile|Weavile, F|100\/100\n|-ability|p1a: Weavile|Pressure\n|switch|p2a: Seismitoad|Seismitoad, M|100\/100\n|-damage|p2a: Seismitoad|94\/100|[from] Stealth Rock\n|\n|-heal|p2a: Seismitoad|100\/100|[from] item: Leftovers\n|upkeep\n|turn|11\n|\n|t:|1659054471\n|move|p1a: Weavile|Swords Dance|p1a: Weavile\n|-boost|p1a: Weavile|atk|2\n|move|p2a: Seismitoad|Knock Off|p1a: Weavile\n|-resisted|p1a: Weavile\n|-damage|p1a: Weavile|81\/100\n|-enditem|p1a: Weavile|Heavy-Duty Boots|[from] move: Knock Off|[of] p2a: Seismitoad\n|\n|upkeep\n|turn|12\n|\n|t:|1659054475\n|switch|p2a: Clefable|Clefable, M|100\/100\n|-damage|p2a: Clefable|88\/100|[from] Stealth Rock\n|move|p1a: Weavile|Triple Axel|p2a: Clefable\n|-damage|p2a: Clefable|80\/100\n|-crit|p2a: Clefable\n|-damage|p2a: Clefable|55\/100\n|-damage|p2a: Clefable|34\/100\n|-hitcount|p2a: Clefable|3\n|\n|-heal|p2a: Clefable|40\/100|[from] item: Leftovers\n|upkeep\n|turn|13\n|\n|t:|1659054482\n|switch|p1a: Volcanion|Volcanion|80\/100\n|move|p2a: Clefable|Protect||[still]\n|-fail|p2a: Clefable\n|\n|-heal|p2a: Clefable|46\/100|[from] item: Leftovers\n|upkeep\n|turn|14\n|\n|t:|1659054487\n|move|p2a: Clefable|Protect|p2a: Clefable\n|-singleturn|p2a: Clefable|Protect\n|move|p1a: Volcanion|Sludge Wave|p2a: Clefable\n|-activate|p2a: Clefable|move: Protect\n|\n|-heal|p2a: Clefable|53\/100|[from] item: Leftovers\n|upkeep\n|turn|15\n|\n|t:|1659054493\n|switch|p1a: Weavile|Weavile, F|81\/100\n|-ability|p1a: Weavile|Pressure\n|switch|p2a: Slowbro|Slowbro-Galar, M|100\/100\n|-damage|p2a: Slowbro|88\/100|[from] Stealth Rock\n|\n|upkeep\n|turn|16\n|l| LT91BB AlI\n|j| Skyrio\n|\n|t:|1659054500\n|switch|p2a: Corviknight|Corviknight, M|100\/100\n|-damage|p2a: Corviknight|88\/100|[from] Stealth Rock\n|move|p1a: Weavile|Knock Off|p2a: Corviknight\n|-damage|p2a: Corviknight|55\/100\n|-damage|p1a: Weavile|65\/100|[from] item: Rocky Helmet|[of] p2a: Corviknight\n|-enditem|p2a: Corviknight|Rocky Helmet|[from] move: Knock Off|[of] p1a: Weavile\n|\n|upkeep\n|turn|17\n|\n|t:|1659054506\n|switch|p1a: Zapdos|Zapdos|100\/100\n|move|p2a: Corviknight|U-turn|p1a: Zapdos\n|-resisted|p1a: Zapdos\n|-damage|p1a: Zapdos|94\/100\n|\n|t:|1659054510\n|switch|p2a: Seismitoad|Seismitoad, M|100\/100|[from]move: U-turn\n|-damage|p2a: Seismitoad|94\/100|[from] Stealth Rock\n|\n|-heal|p2a: Seismitoad|100\/100|[from] item: Leftovers\n|upkeep\n|turn|18\n|l|lt91bbez\n|j| white goes first\n|l| H.M.N.I.P\n|\n|t:|1659054512\n|move|p1a: Zapdos|Hurricane|p2a: Seismitoad|[miss]\n|-miss|p1a: Zapdos|p2a: Seismitoad\n|move|p2a: Seismitoad|Toxic|p1a: Zapdos\n|-status|p1a: Zapdos|tox\n|\n|-damage|p1a: Zapdos|88\/100 tox|[from] psn\n|upkeep\n|turn|19\n|\n|t:|1659054515\n|move|p1a: Zapdos|Hurricane|p2a: Seismitoad|[miss]\n|-miss|p1a: Zapdos|p2a: Seismitoad\n|move|p2a: Seismitoad|Stealth Rock|p1a: Zapdos\n|-sidestart|p1: LT91BB Ahsan|move: Stealth Rock\n|\n|-damage|p1a: Zapdos|76\/100 tox|[from] psn\n|upkeep\n|turn|20\n|c|\u2606andrewm0n|i'm sorry\n|j| LT91BB uomo bomba\n|\n|t:|1659054525\n|switch|p2a: Corviknight|Corviknight, M|55\/100\n|-damage|p2a: Corviknight|42\/100|[from] Stealth Rock\n|move|p1a: Zapdos|Hurricane|p2a: Corviknight\n|-resisted|p2a: Corviknight\n|-damage|p2a: Corviknight|22\/100\n|-start|p2a: Corviknight|confusion\n|\n|-damage|p1a: Zapdos|58\/100 tox|[from] psn\n|upkeep\n|turn|21\n|\n|t:|1659054528\n|move|p1a: Zapdos|Thunderbolt|p2a: Corviknight\n|-supereffective|p2a: Corviknight\n|-damage|p2a: Corviknight|0 fnt\n|faint|p2a: Corviknight\n|\n|-damage|p1a: Zapdos|34\/100 tox|[from] psn\n|upkeep\n|\n|t:|1659054537\n|switch|p2a: Slowbro|Slowbro-Galar, M|100\/100\n|-damage|p2a: Slowbro|88\/100|[from] Stealth Rock\n|turn|22\n|\n|t:|1659054541\n|move|p1a: Zapdos|U-turn|p2a: Slowbro\n|-damage|p2a: Slowbro|77\/100\n|\n|t:|1659054552\n|switch|p1a: Landorus|Landorus-Therian, M|100\/100|[from]move: U-turn\n|-damage|p1a: Landorus|88\/100|[from] Stealth Rock\n|-ability|p1a: Landorus|Intimidate|boost\n|-unboost|p2a: Slowbro|atk|1\n|move|p2a: Slowbro|Ice Beam|p1a: Landorus\n|-supereffective|p1a: Landorus\n|-damage|p1a: Landorus|31\/100\n|\n|-heal|p1a: Landorus|37\/100|[from] item: Leftovers\n|upkeep\n|turn|23\n|\n|t:|1659054578\n|switch|p2a: Clefable|Clefable, M|53\/100\n|-damage|p2a: Clefable|40\/100|[from] Stealth Rock\n|move|p1a: Landorus|Earthquake|p2a: Clefable\n|-damage|p2a: Clefable|4\/100\n|\n|-heal|p1a: Landorus|43\/100|[from] item: Leftovers\n|-heal|p2a: Clefable|10\/100|[from] item: Leftovers\n|upkeep\n|turn|24\n|\n|t:|1659054581\n|move|p1a: Landorus|Earthquake|p2a: Clefable\n|-damage|p2a: Clefable|0 fnt\n|faint|p2a: Clefable\n|\n|-heal|p1a: Landorus|49\/100|[from] item: Leftovers\n|upkeep\n|\n|t:|1659054588\n|switch|p2a: Indeedee|Indeedee, M|100\/100\n|-damage|p2a: Indeedee|88\/100|[from] Stealth Rock\n|-fieldstart|move: Psychic Terrain|[from] ability: Psychic Surge|[of] p2a: Indeedee\n|turn|25\n|j| Ultramanball1\n|\n|t:|1659054598\n|switch|p1a: Zapdos|Zapdos|34\/100 tox\n|move|p2a: Indeedee|Expanding Force|p1a: Zapdos\n|-damage|p1a: Zapdos|0 fnt\n|faint|p1a: Zapdos\n|\n|upkeep\n|\n|t:|1659054599\n|switch|p1a: Weavile|Weavile, F|65\/100\n|-damage|p1a: Weavile|40\/100|[from] Stealth Rock\n|-ability|p1a: Weavile|Pressure\n|turn|26\n|\n|t:|1659054606\n|switch|p2a: Slowbro|Slowbro-Galar, M|100\/100\n|-damage|p2a: Slowbro|88\/100|[from] Stealth Rock\n|move|p1a: Weavile|Knock Off|p2a: Slowbro\n|-supereffective|p2a: Slowbro\n|-damage|p2a: Slowbro|8\/100\n|-enditem|p2a: Slowbro|Assault Vest|[from] move: Knock Off|[of] p1a: Weavile\n|\n|upkeep\n|turn|27\n|\n|t:|1659054608\n|move|p1a: Weavile|Knock Off|p2a: Slowbro\n|-supereffective|p2a: Slowbro\n|-damage|p2a: Slowbro|0 fnt\n|faint|p2a: Slowbro\n|\n|upkeep\n|\n|t:|1659054612\n|switch|p2a: Blaziken|Blaziken, M|100\/100\n|-damage|p2a: Blaziken|88\/100|[from] Stealth Rock\n|turn|28\n|l| LT91BB Dasmer\n|\n|t:|1659054630\n|move|p1a: Weavile|Triple Axel|p2a: Blaziken\n|-resisted|p2a: Blaziken\n|-damage|p2a: Blaziken|81\/100\n|-resisted|p2a: Blaziken\n|-damage|p2a: Blaziken|65\/100\n|-resisted|p2a: Blaziken\n|-damage|p2a: Blaziken|42\/100\n|-hitcount|p2a: Blaziken|3\n|move|p2a: Blaziken|Swords Dance|p2a: Blaziken\n|-boost|p2a: Blaziken|atk|2\n|\n|-heal|p2a: Blaziken|48\/100|[from] item: Leftovers\n|-ability|p2a: Blaziken|Speed Boost|boost\n|-boost|p2a: Blaziken|spe|1\n|upkeep\n|turn|29\n|j| asdfasdfasdfasdf3\n|j| a1ltebgatekeeplrxc\n|inactive|LT91BB Ahsan has 120 seconds left.\n|\n|t:|1659054658\n|move|p2a: Blaziken|Flare Blitz|p1a: Weavile\n|-supereffective|p1a: Weavile\n|-damage|p1a: Weavile|0 fnt\n|faint|p1a: Weavile\n|-damage|p2a: Blaziken|36\/100|[from] Recoil\n|\n|-heal|p2a: Blaziken|42\/100|[from] item: Leftovers\n|-fieldend|move: Psychic Terrain\n|-ability|p2a: Blaziken|Speed Boost|boost\n|-boost|p2a: Blaziken|spe|1\n|upkeep\n|\n|t:|1659054660\n|switch|p1a: Landorus|Landorus-Therian, M|49\/100\n|-damage|p1a: Landorus|36\/100|[from] Stealth Rock\n|-ability|p1a: Landorus|Intimidate|boost\n|-unboost|p2a: Blaziken|atk|1\n|turn|30\n|j| a1lteb drip\n|inactive|LT91BB Ahsan has 120 seconds left.\n|j| tsnsj\n|\n|t:|1659054679\n|switch|p1a: Heatran|Heatran, F|100\/100\n|-damage|p1a: Heatran|88\/100|[from] Stealth Rock\n|move|p2a: Blaziken|Close Combat|p1a: Heatran\n|-supereffective|p1a: Heatran\n|-damage|p1a: Heatran|0 fnt\n|-unboost|p2a: Blaziken|def|1\n|-unboost|p2a: Blaziken|spd|1\n|faint|p1a: Heatran\n|\n|-heal|p2a: Blaziken|48\/100|[from] item: Leftovers\n|-ability|p2a: Blaziken|Speed Boost|boost\n|-boost|p2a: Blaziken|spe|1\n|upkeep\n|\n|t:|1659054681\n|switch|p1a: Landorus|Landorus-Therian, M|36\/100\n|-damage|p1a: Landorus|24\/100|[from] Stealth Rock\n|-ability|p1a: Landorus|Intimidate|boost\n|-unboost|p2a: Blaziken|atk|1\n|turn|31\n|\n|t:|1659054684\n|move|p2a: Blaziken|Flare Blitz|p1a: Landorus\n|-damage|p1a: Landorus|0 fnt\n|faint|p1a: Landorus\n|-damage|p2a: Blaziken|38\/100|[from] Recoil\n|\n|-heal|p2a: Blaziken|44\/100|[from] item: Leftovers\n|-ability|p2a: Blaziken|Speed Boost|boost\n|-boost|p2a: Blaziken|spe|1\n|upkeep\n|\n|t:|1659054685\n|switch|p1a: Volcanion|Volcanion|80\/100\n|turn|32\n|\n|t:|1659054687\n|move|p2a: Blaziken|Close Combat|p1a: Volcanion\n|-damage|p1a: Volcanion|15\/100\n|-unboost|p2a: Blaziken|def|1\n|-unboost|p2a: Blaziken|spd|1\n|move|p1a: Volcanion|Earth Power|p2a: Blaziken\n|-supereffective|p2a: Blaziken\n|-damage|p2a: Blaziken|0 fnt\n|faint|p2a: Blaziken\n|\n|upkeep\n|l| a1ltebgatekeeplrxc\n|\n|t:|1659054691\n|switch|p2a: Indeedee|Indeedee, M|88\/100\n|-damage|p2a: Indeedee|76\/100|[from] Stealth Rock\n|-fieldstart|move: Psychic Terrain|[from] ability: Psychic Surge|[of] p2a: Indeedee\n|turn|33\n|\n|t:|1659054693\n|move|p2a: Indeedee|Expanding Force|p1a: Volcanion\n|-damage|p1a: Volcanion|0 fnt\n|faint|p1a: Volcanion\n|\n|win|andrewm0n\n|raw|LT91BB Ahsan's rating: 1842 &rarr; <strong>1823<\/strong><br \/>(-19 for losing)\n|raw|andrewm0n's rating: 1863 &rarr; <strong>1882<\/strong><br \/>(+19 for winning)\n|l|\u2606LT91BB Ahsan\n|l| LT91BB Hockey\n|l| LT91BB uomo bomba\n|l| a1lteb drip\n","uploadtime":1659054727,"views":76,"p1id":"lt91bbahsan","p2id":"andrewm0n","formatid":"gen8ou","rating":1823,"private":0,"password":null}