{"id":"gen8bssfactory-1344872843","p1":"amnulktu","p2":"Buhrito","format":"gen8bssfactory","log":"|j|\u2606amnulktu\n|j|\u2606Buhrito\n|t:|1621614979\n|gametype|singles\n|player|p1|amnulktu|cynthia-gen4|1000\n|player|p2|Buhrito|preschooler|1157\n|teamsize|p1|6\n|teamsize|p2|6\n|gen|8\n|tier|[Gen 8] BSS Factory\n|rated|\n|rule|Species Clause: Limit one of each Pok\u00e9mon\n|rule|Item Clause: Limit one of each item\n|clearpoke\n|poke|p1|Tapu Lele, L50|\n|poke|p1|Ninetales-Alola, L50, F|\n|poke|p1|Zapdos, L50|\n|poke|p1|Snorlax, L50, F|\n|poke|p1|Swampert, L50, M|\n|poke|p1|Corsola-Galar, L50, M|\n|poke|p2|Dragonite, L50, F|\n|poke|p2|Volcarona, L50, M|\n|poke|p2|Rhyperior, L50, M|\n|poke|p2|Dragapult, L50, M|\n|poke|p2|Zapdos, L50|\n|poke|p2|Urshifu-*, L50, M|\n|teampreview|3\n|inactive|Battle timer is ON: inactive players will automatically lose when time's up. (requested by amnulktu)\n|inactive|Buhrito has 120 seconds left.\n|inactive|amnulktu has 120 seconds left.\n|\n|t:|1621615022\n|start\n|switch|p1a: Snorlax|Snorlax, L50, F|235\/235\n|switch|p2a: Dragonite|Dragonite, L50, F|167\/167\n|turn|1\n|\n|t:|1621615028\n|move|p2a: Dragonite|Dragon Dance|p2a: Dragonite\n|-boost|p2a: Dragonite|atk|1\n|-boost|p2a: Dragonite|spe|1\n|move|p1a: Snorlax|Ice Punch|p2a: Dragonite\n|-supereffective|p2a: Dragonite\n|-damage|p2a: Dragonite|0 fnt\n|faint|p2a: Dragonite\n|\n|upkeep\n|\n|t:|1621615039\n|switch|p2a: Rhyperior|Rhyperior, L50, M|222\/222\n|turn|2\n|\n|t:|1621615054\n|-start|p2a: Rhyperior|Dynamax\n|-heal|p2a: Rhyperior|444\/444|[silent]\n|move|p2a: Rhyperior|Max Rockfall|p1a: Snorlax\n|-damage|p1a: Snorlax|97\/235\n|-weather|Sandstorm\n|move|p1a: Snorlax|Earthquake|p2a: Rhyperior\n|-supereffective|p2a: Rhyperior\n|-damage|p2a: Rhyperior|363\/444\n|-enditem|p2a: Rhyperior|Weakness Policy\n|-boost|p2a: Rhyperior|atk|2|[from] item: Weakness Policy\n|-boost|p2a: Rhyperior|spa|2|[from] item: Weakness Policy\n|\n|-weather|Sandstorm|[upkeep]\n|-damage|p1a: Snorlax|83\/235|[from] Sandstorm\n|upkeep\n|turn|3\n|\n|t:|1621615072\n|move|p2a: Rhyperior|Max Quake|p1a: Snorlax\n|-crit|p1a: Snorlax\n|-damage|p1a: Snorlax|0 fnt\n|-boost|p2a: Rhyperior|spd|1\n|faint|p1a: Snorlax\n|\n|-weather|Sandstorm|[upkeep]\n|upkeep\n|\n|t:|1621615076\n|switch|p1a: Ninetales|Ninetales-Alola, L50, F|180\/180\n|-weather|Hail|[from] ability: Snow Warning|[of] p1a: Ninetales\n|turn|4\n|\n|t:|1621615086\n|-start|p1a: Ninetales|Dynamax\n|-heal|p1a: Ninetales|360\/360|[silent]\n|move|p1a: Ninetales|Max Hailstorm|p2a: Rhyperior\n|-supereffective|p2a: Rhyperior\n|-damage|p2a: Rhyperior|254\/444\n|move|p2a: Rhyperior|Max Rockfall|p1a: Ninetales\n|-supereffective|p1a: Ninetales\n|-damage|p1a: Ninetales|0 fnt\n|-weather|Sandstorm\n|faint|p1a: Ninetales\n|\n|-weather|Sandstorm|[upkeep]\n|-end|p2a: Rhyperior|Dynamax\n|-heal|p2a: Rhyperior|127\/222|[silent]\n|upkeep\n|\n|t:|1621615090\n|switch|p1a: Corsola|Corsola-Galar, L50, M|167\/167\n|turn|5\n|\n|t:|1621615100\n|move|p2a: Rhyperior|Earthquake|p1a: Corsola\n|-damage|p1a: Corsola|62\/167\n|-start|p2a: Rhyperior|Disable|Earthquake|[from] ability: Cursed Body|[of] p1a: Corsola\n|move|p1a: Corsola|Strength Sap|p2a: Rhyperior\n|-unboost|p2a: Rhyperior|atk|1\n|-heal|p1a: Corsola|167\/167\n|\n|-weather|Sandstorm|[upkeep]\n|-damage|p1a: Corsola|157\/167|[from] Sandstorm\n|upkeep\n|turn|6\n|\n|t:|1621615109\n|move|p2a: Rhyperior|Rock Blast|p1a: Corsola|[miss]\n|-miss|p2a: Rhyperior|p1a: Corsola\n|move|p1a: Corsola|Strength Sap|p2a: Rhyperior\n|-unboost|p2a: Rhyperior|atk|1\n|-heal|p1a: Corsola|167\/167\n|\n|-weather|Sandstorm|[upkeep]\n|-damage|p1a: Corsola|157\/167|[from] Sandstorm\n|upkeep\n|turn|7\n|\n|t:|1621615116\n|switch|p2a: Dragapult|Dragapult, L50, M|195\/195\n|move|p1a: Corsola|Will-O-Wisp|p2a: Dragapult\n|-status|p2a: Dragapult|brn\n|\n|-weather|Sandstorm|[upkeep]\n|-damage|p2a: Dragapult|183\/195 brn|[from] Sandstorm\n|-damage|p1a: Corsola|147\/167|[from] Sandstorm\n|-damage|p2a: Dragapult|171\/195 brn|[from] brn\n|upkeep\n|turn|8\n|\n|t:|1621615122\n|move|p2a: Dragapult|Curse|p1a: Corsola\n|-start|p1a: Corsola|Curse|[of] p2a: Dragapult\n|-damage|p2a: Dragapult|74\/195 brn\n|move|p1a: Corsola|Hex|p2a: Dragapult\n|-supereffective|p2a: Dragapult\n|-damage|p2a: Dragapult|0 fnt\n|faint|p2a: Dragapult\n|\n|-weather|none\n|-damage|p1a: Corsola|106\/167|[from] Curse\n|upkeep\n|\n|t:|1621615125\n|switch|p2a: Rhyperior|Rhyperior, L50, M|127\/222\n|turn|9\n|\n|t:|1621615130\n|move|p2a: Rhyperior|Earthquake|p1a: Corsola\n|-damage|p1a: Corsola|52\/167\n|-start|p2a: Rhyperior|Disable|Earthquake|[from] ability: Cursed Body|[of] p1a: Corsola\n|move|p1a: Corsola|Strength Sap|p2a: Rhyperior\n|-unboost|p2a: Rhyperior|atk|1\n|-heal|p1a: Corsola|167\/167\n|\n|-damage|p1a: Corsola|126\/167|[from] Curse\n|upkeep\n|turn|10\n|\n|t:|1621615141\n|move|p2a: Rhyperior|Ice Punch|p1a: Corsola\n|-damage|p1a: Corsola|108\/167\n|move|p1a: Corsola|Will-O-Wisp|p2a: Rhyperior\n|-status|p2a: Rhyperior|brn\n|\n|-damage|p2a: Rhyperior|114\/222 brn|[from] brn\n|-damage|p1a: Corsola|67\/167|[from] Curse\n|upkeep\n|turn|11\n|\n|t:|1621615148\n|move|p2a: Rhyperior|Ice Punch|p1a: Corsola\n|-damage|p1a: Corsola|58\/167\n|move|p1a: Corsola|Hex|p2a: Rhyperior\n|-damage|p2a: Rhyperior|32\/222 brn\n|\n|-damage|p2a: Rhyperior|19\/222 brn|[from] brn\n|-damage|p1a: Corsola|17\/167|[from] Curse\n|upkeep\n|turn|12\n|\n|t:|1621615154\n|move|p2a: Rhyperior|Rock Blast|p1a: Corsola\n|-damage|p1a: Corsola|12\/167\n|-damage|p1a: Corsola|7\/167\n|-hitcount|p1a: Corsola|2\n|move|p1a: Corsola|Hex|p2a: Rhyperior\n|-damage|p2a: Rhyperior|0 fnt\n|faint|p2a: Rhyperior\n|\n|win|amnulktu\n|raw|amnulktu's rating: 1000 &rarr; <strong>1057<\/strong><br \/>(+57 for winning)\n|raw|Buhrito's rating: 1157 &rarr; <strong>1121<\/strong><br \/>(-36 for losing)\n|c|\u2606amnulktu|gg\n|c|\u2606Buhrito|two hit\n","uploadtime":1621615165,"views":3,"p1id":"amnulktu","p2id":"buhrito","formatid":"gen8bssfactory","rating":1057,"private":0,"password":null}