{"id":"gen8ou-1230793505","p1":"glaed13","p2":"Giogiovannio","format":"gen8ou","log":"|j|\u2606glaed13\n|j|\u2606Giogiovannio\n|t:|1606261768\n|player|p1|glaed13|cheren-gen5bw2|1742\n|player|p2|Giogiovannio|drayden|1740\n|teamsize|p1|6\n|teamsize|p2|6\n|gametype|singles\n|gen|8\n|tier|[Gen 8] OU\n|rated|\n|clearpoke\n|poke|p1|Blaziken, M|\n|poke|p1|Klefki, F|\n|poke|p1|Ninetales, M|\n|poke|p1|Zapdos-Galar|\n|poke|p1|Cinderace, F|\n|poke|p1|Garchomp, F|\n|poke|p2|Celesteela|\n|poke|p2|Spectrier|\n|poke|p2|Pheromosa|\n|poke|p2|Nidoking, M|\n|poke|p2|Rillaboom, F|\n|poke|p2|Tapu Fini|\n|rule|Sleep Clause Mod: Limit one foe put to sleep\n|rule|Species Clause: Limit one of each Pok\u00e9mon\n|rule|OHKO Clause: OHKO moves are banned\n|rule|Evasion Moves Clause: Evasion moves are banned\n|rule|Endless Battle Clause: Forcing endless battles is banned\n|rule|HP Percentage Mod: HP is shown in percentages\n|rule|Dynamax Clause: You cannot dynamax\n|teampreview\n|inactive|Battle timer is ON: inactive players will automatically lose when time's up. (requested by glaed13)\n|j| Vessev\n|j| DDGamesisbad__\n|j| jskskskdkdl\n|\n|t:|1606261794\n|start\n|switch|p1a: Klefki|Klefki, F, shiny|100\/100\n|switch|p2a: Nidoking|Nidoking, M|100\/100\n|turn|1\n|\n|t:|1606261801\n|move|p1a: Klefki|Light Screen|p1a: Klefki\n|-sidestart|p1: glaed13|move: Light Screen\n|move|p2a: Nidoking|Flamethrower|p1a: Klefki\n|-supereffective|p1a: Klefki\n|-damage|p1a: Klefki|57\/100\n|\n|upkeep\n|turn|2\n|j| TrailBlazer324\n|\n|t:|1606261807\n|switch|p1a: Zapdos|Zapdos-Galar|100\/100\n|move|p2a: Nidoking|Stealth Rock|p1a: Zapdos\n|-sidestart|p1: glaed13|move: Stealth Rock\n|\n|upkeep\n|turn|3\n|\n|t:|1606261819\n|move|p1a: Zapdos|Acrobatics|p2a: Nidoking\n|-damage|p2a: Nidoking|28\/100\n|move|p2a: Nidoking|Sludge Wave|p1a: Zapdos\n|-damage|p1a: Zapdos|61\/100\n|\n|upkeep\n|turn|4\n|l| TrailBlazer324\n|inactive|Giogiovannio has 120 seconds left.\n|\n|t:|1606261855\n|move|p1a: Zapdos|Thunderous Kick|p2a: Nidoking\n|-resisted|p2a: Nidoking\n|-damage|p2a: Nidoking|0 fnt\n|faint|p2a: Nidoking\n|\n|upkeep\n|\n|t:|1606261859\n|switch|p2a: Tapu Fini|Tapu Fini|100\/100\n|-fieldstart|move: Misty Terrain|[from] ability: Misty Surge|[of] p2a: Tapu Fini\n|turn|5\n|\n|t:|1606261866\n|move|p1a: Zapdos|Thunderous Kick|p2a: Tapu Fini\n|-resisted|p2a: Tapu Fini\n|-damage|p2a: Tapu Fini|75\/100\n|-unboost|p2a: Tapu Fini|def|1\n|move|p2a: Tapu Fini|Moonblast|p1a: Zapdos\n|-supereffective|p1a: Zapdos\n|-damage|p1a: Zapdos|0 fnt\n|faint|p1a: Zapdos\n|\n|upkeep\n|\n|t:|1606261878\n|switch|p1a: Klefki|Klefki, F, shiny|57\/100\n|-damage|p1a: Klefki|51\/100|[from] Stealth Rock\n|turn|6\n|j| Bobby Shmurda 2020\n|l| jskskskdkdl\n|\n|t:|1606261900\n|switch|p2a: Rillaboom|Rillaboom, F|100\/100\n|-fieldstart|move: Grassy Terrain|[from] ability: Grassy Surge|[of] p2a: Rillaboom\n|move|p1a: Klefki|Defog|p2a: Rillaboom\n|-unboost|p2a: Rillaboom|evasion|1\n|-sideend|p1: glaed13|Stealth Rock|[from] move: Defog|[of] p1a: Klefki\n|-fieldend|move: Grassy Terrain\n|\n|upkeep\n|turn|7\n|inactive|Giogiovannio has 120 seconds left.\n|\n|t:|1606261921\n|switch|p2a: Celesteela|Celesteela|100\/100\n|move|p1a: Klefki|Reflect|p1a: Klefki\n|-sidestart|p1: glaed13|Reflect\n|\n|upkeep\n|turn|8\n|\n|t:|1606261927\n|move|p1a: Klefki|Thunder Wave|p2a: Celesteela\n|-status|p2a: Celesteela|par\n|cant|p2a: Celesteela|par\n|\n|-sideend|p1: glaed13|move: Light Screen\n|upkeep\n|turn|9\n|\n|t:|1606261939\n|move|p1a: Klefki|Light Screen|p1a: Klefki\n|-sidestart|p1: glaed13|move: Light Screen\n|move|p2a: Celesteela|Flamethrower|p1a: Klefki\n|-supereffective|p1a: Klefki\n|-damage|p1a: Klefki|21\/100\n|\n|upkeep\n|turn|10\n|\n|t:|1606261956\n|switch|p1a: Blaziken|Blaziken, M|100\/100\n|cant|p2a: Celesteela|par\n|\n|upkeep\n|turn|11\n|\n|t:|1606261962\n|move|p1a: Blaziken|Swords Dance|p1a: Blaziken\n|-boost|p1a: Blaziken|atk|2\n|move|p2a: Celesteela|Air Slash|p1a: Blaziken\n|-supereffective|p1a: Blaziken\n|-damage|p1a: Blaziken|45\/100\n|\n|-ability|p1a: Blaziken|Speed Boost|boost\n|-boost|p1a: Blaziken|spe|1\n|upkeep\n|turn|12\n|\n|t:|1606261971\n|switch|p2a: Tapu Fini|Tapu Fini|75\/100\n|-fieldstart|move: Misty Terrain|[from] ability: Misty Surge|[of] p2a: Tapu Fini\n|move|p1a: Blaziken|Blaze Kick|p2a: Tapu Fini\n|-resisted|p2a: Tapu Fini\n|-damage|p2a: Tapu Fini|29\/100\n|\n|-ability|p1a: Blaziken|Speed Boost|boost\n|-boost|p1a: Blaziken|spe|1\n|upkeep\n|turn|13\n|\n|t:|1606261985\n|move|p1a: Blaziken|Blaze Kick|p2a: Tapu Fini\n|-resisted|p2a: Tapu Fini\n|-crit|p2a: Tapu Fini\n|-damage|p2a: Tapu Fini|0 fnt\n|faint|p2a: Tapu Fini\n|\n|-ability|p1a: Blaziken|Speed Boost|boost\n|-boost|p1a: Blaziken|spe|1\n|upkeep\n|\n|t:|1606261994\n|switch|p2a: Celesteela|Celesteela|100\/100 par\n|turn|14\n|\n|t:|1606261997\n|move|p1a: Blaziken|Blaze Kick|p2a: Celesteela\n|-supereffective|p2a: Celesteela\n|-damage|p2a: Celesteela|0 fnt\n|faint|p2a: Celesteela\n|\n|-sideend|p1: glaed13|Reflect\n|-ability|p1a: Blaziken|Speed Boost|boost\n|-boost|p1a: Blaziken|spe|1\n|upkeep\n|\n|t:|1606262000\n|switch|p2a: Rillaboom|Rillaboom, F|100\/100\n|-fieldstart|move: Grassy Terrain|[from] ability: Grassy Surge|[of] p2a: Rillaboom\n|turn|15\n|\n|t:|1606262009\n|move|p2a: Rillaboom|Grassy Glide|p1a: Blaziken\n|-resisted|p1a: Blaziken\n|-damage|p1a: Blaziken|0 fnt\n|-damage|p2a: Rillaboom|91\/100|[from] item: Life Orb\n|faint|p1a: Blaziken\n|\n|-heal|p2a: Rillaboom|97\/100|[from] Grassy Terrain\n|upkeep\n|\n|t:|1606262018\n|switch|p1a: Cinderace|Cinderace, F|100\/100\n|turn|16\n|\n|t:|1606262027\n|switch|p2a: Spectrier|Spectrier|100\/100\n|move|p1a: Cinderace|Pyro Ball|p2a: Spectrier\n|-damage|p2a: Spectrier|10\/100\n|\n|-heal|p2a: Spectrier|16\/100|[from] Grassy Terrain\n|-sideend|p1: glaed13|move: Light Screen\n|upkeep\n|turn|17\n|\n|t:|1606262036\n|move|p1a: Cinderace|Sucker Punch|p2a: Spectrier\n|-start|p1a: Cinderace|typechange|Dark|[from] ability: Libero\n|-supereffective|p2a: Spectrier\n|-damage|p2a: Spectrier|0 fnt\n|faint|p2a: Spectrier\n|\n|upkeep\n|\n|t:|1606262039\n|switch|p2a: Pheromosa|Pheromosa|100\/100\n|turn|18\n|\n|t:|1606262047\n|switch|p1a: Klefki|Klefki, F, shiny|21\/100\n|move|p2a: Pheromosa|Close Combat|p1a: Klefki\n|-damage|p1a: Klefki|0 fnt\n|-unboost|p2a: Pheromosa|def|1\n|-unboost|p2a: Pheromosa|spd|1\n|faint|p1a: Klefki\n|-ability|p2a: Pheromosa|Beast Boost|boost\n|-boost|p2a: Pheromosa|atk|1\n|\n|upkeep\n|\n|t:|1606262058\n|switch|p1a: Ninetales|Ninetales, M, shiny|100\/100\n|-weather|SunnyDay|[from] ability: Drought|[of] p1a: Ninetales\n|turn|19\n|\n|t:|1606262063\n|move|p2a: Pheromosa|Close Combat|p1a: Ninetales\n|-enditem|p1a: Ninetales|Focus Sash\n|-damage|p1a: Ninetales|1\/100\n|-unboost|p2a: Pheromosa|def|1\n|-unboost|p2a: Pheromosa|spd|1\n|move|p1a: Ninetales|Flamethrower|p2a: Pheromosa\n|-supereffective|p2a: Pheromosa\n|-damage|p2a: Pheromosa|0 fnt\n|faint|p2a: Pheromosa\n|\n|-weather|SunnyDay|[upkeep]\n|-heal|p1a: Ninetales|7\/100|[from] Grassy Terrain\n|-fieldend|move: Grassy Terrain\n|upkeep\n|\n|t:|1606262066\n|switch|p2a: Rillaboom|Rillaboom, F|97\/100\n|-fieldstart|move: Grassy Terrain|[from] ability: Grassy Surge|[of] p2a: Rillaboom\n|turn|20\n|\n|t:|1606262081\n|move|p2a: Rillaboom|Grassy Glide|p1a: Ninetales\n|-resisted|p1a: Ninetales\n|-damage|p1a: Ninetales|0 fnt\n|-damage|p2a: Rillaboom|87\/100|[from] item: Life Orb\n|faint|p1a: Ninetales\n|\n|-weather|SunnyDay|[upkeep]\n|-heal|p2a: Rillaboom|93\/100|[from] Grassy Terrain\n|upkeep\n|\n|t:|1606262090\n|switch|p1a: Cinderace|Cinderace, F|100\/100\n|turn|21\n|\n|t:|1606262097\n|move|p1a: Cinderace|Pyro Ball|p2a: Rillaboom\n|-supereffective|p2a: Rillaboom\n|-damage|p2a: Rillaboom|0 fnt\n|faint|p2a: Rillaboom\n|\n|win|glaed13\n|l|\u2606glaed13\n","uploadtime":1606262103,"views":15,"p1id":"glaed13","p2id":"giogiovannio","formatid":"gen8ou","rating":0,"private":0,"password":null}