{"id":"gen8randombattle-1706972107","p1":"PMCJTMred","p2":"LookAtThatOre","format":"gen8randombattle","log":"|j|\u2606PMCJTMred\n|j|\u2606LookAtThatOre\n|t:|1668037700\n|gametype|singles\n|player|p1|PMCJTMred|ethan|1393\n|player|p2|LookAtThatOre|170|1392\n|teamsize|p1|6\n|teamsize|p2|6\n|gen|8\n|tier|[Gen 8] Random Battle\n|rated|\n|rule|Species Clause: Limit one of each Pok\u00e9mon\n|rule|HP Percentage Mod: HP is shown in percentages\n|rule|Sleep Clause Mod: Limit one foe put to sleep\n|\n|t:|1668037700\n|start\n|switch|p1a: Altaria|Altaria, L90, M|281\/281\n|switch|p2a: Scolipede|Scolipede, L80, M|227\/227\n|turn|1\n|inactive|Battle timer is ON: inactive players will automatically lose when time's up. (requested by PMCJTMred)\n|\n|t:|1668037722\n|switch|p2a: Necrozma|Necrozma-Dusk-Mane, L67|241\/241\n|switch|p1a: Aggron|Aggron, L85, M|258\/258\n|-item|p1a: Aggron|Air Balloon\n|\n|upkeep\n|turn|2\n|inactive|PMCJTMred has 120 seconds left.\n|\n|t:|1668037754\n|move|p2a: Necrozma|Dragon Dance|p2a: Necrozma\n|-boost|p2a: Necrozma|atk|1\n|-boost|p2a: Necrozma|spe|1\n|move|p1a: Aggron|Stealth Rock|p2a: Necrozma\n|-sidestart|p2: LookAtThatOre|move: Stealth Rock\n|\n|upkeep\n|turn|3\n|\n|t:|1668037761\n|move|p2a: Necrozma|Dragon Dance|p2a: Necrozma\n|-boost|p2a: Necrozma|atk|1\n|-boost|p2a: Necrozma|spe|1\n|move|p1a: Aggron|Earthquake|p2a: Necrozma\n|-supereffective|p2a: Necrozma\n|-damage|p2a: Necrozma|127\/241\n|-enditem|p2a: Necrozma|Weakness Policy\n|-boost|p2a: Necrozma|atk|2|[from] item: Weakness Policy\n|-boost|p2a: Necrozma|spa|2|[from] item: Weakness Policy\n|\n|upkeep\n|turn|4\n|\n|t:|1668037771\n|-start|p2a: Necrozma|Dynamax|\n|-heal|p2a: Necrozma|254\/482|[silent]\n|move|p2a: Necrozma|Max Quake|p1a: Aggron\n|-immune|p1a: Aggron\n|move|p1a: Aggron|Earthquake|p2a: Necrozma\n|-supereffective|p2a: Necrozma\n|-damage|p2a: Necrozma|151\/482\n|\n|upkeep\n|turn|5\n|\n|t:|1668037782\n|move|p2a: Necrozma|Max Steelspike|p1a: Aggron\n|-damage|p1a: Aggron|59\/258\n|-boost|p2a: Necrozma|def|1\n|-enditem|p1a: Aggron|Air Balloon\n|move|p1a: Aggron|Earthquake|p2a: Necrozma\n|-supereffective|p2a: Necrozma\n|-damage|p2a: Necrozma|73\/482\n|\n|upkeep\n|turn|6\n|\n|t:|1668037793\n|switch|p1a: Thundurus|Thundurus, L80, M|258\/258\n|move|p2a: Necrozma|Max Steelspike|p1a: Thundurus\n|-resisted|p1a: Thundurus\n|-damage|p1a: Thundurus|1\/258\n|-boost|p2a: Necrozma|def|1\n|\n|upkeep\n|-end|p2a: Necrozma|Dynamax\n|-heal|p2a: Necrozma|37\/241|[silent]\n|turn|7\n|\n|t:|1668037803\n|move|p1a: Thundurus|Thunder Wave|p2a: Necrozma|[miss]\n|-miss|p1a: Thundurus|p2a: Necrozma\n|move|p2a: Necrozma|Sunsteel Strike|p1a: Thundurus\n|-resisted|p1a: Thundurus\n|-damage|p1a: Thundurus|0 fnt\n|faint|p1a: Thundurus\n|\n|upkeep\n|inactive|PMCJTMred has 120 seconds left.\n|\n|t:|1668037850\n|switch|p1a: Appletun|Appletun, L90, M|344\/344\n|turn|8\n|\n|t:|1668037854\n|move|p2a: Necrozma|Morning Sun|p2a: Necrozma\n|-heal|p2a: Necrozma|157\/241\n|move|p1a: Appletun|Apple Acid|p2a: Necrozma\n|-resisted|p2a: Necrozma\n|-damage|p2a: Necrozma|103\/241\n|-unboost|p2a: Necrozma|spd|1\n|\n|upkeep\n|turn|9\n|\n|t:|1668037862\n|move|p2a: Necrozma|Sunsteel Strike|p1a: Appletun\n|-damage|p1a: Appletun|32\/344\n|move|p1a: Appletun|Apple Acid|p2a: Necrozma\n|-resisted|p2a: Necrozma\n|-crit|p2a: Necrozma\n|-damage|p2a: Necrozma|0 fnt\n|faint|p2a: Necrozma\n|\n|-heal|p1a: Appletun|53\/344|[from] item: Leftovers\n|upkeep\n|\n|t:|1668037872\n|switch|p2a: Scolipede|Scolipede, L80, M|227\/227\n|-damage|p2a: Scolipede|171\/227|[from] Stealth Rock\n|turn|10\n|\n|t:|1668037877\n|move|p2a: Scolipede|Swords Dance|p2a: Scolipede\n|-boost|p2a: Scolipede|atk|2\n|move|p1a: Appletun|Leech Seed|p2a: Scolipede\n|-start|p2a: Scolipede|move: Leech Seed\n|\n|-heal|p1a: Appletun|74\/344|[from] item: Leftovers\n|-damage|p2a: Scolipede|143\/227|[from] Leech Seed|[of] p1a: Appletun\n|-heal|p1a: Appletun|102\/344|[silent]\n|-ability|p2a: Scolipede|Speed Boost|boost\n|-boost|p2a: Scolipede|spe|1\n|upkeep\n|turn|11\n|\n|t:|1668037892\n|move|p2a: Scolipede|Megahorn|p1a: Appletun\n|-supereffective|p1a: Appletun\n|-damage|p1a: Appletun|0 fnt\n|faint|p1a: Appletun\n|-damage|p2a: Scolipede|121\/227|[from] item: Life Orb\n|\n|-ability|p2a: Scolipede|Speed Boost|boost\n|-boost|p2a: Scolipede|spe|1\n|upkeep\n|\n|t:|1668037903\n|switch|p1a: Altaria|Altaria, L90, M|281\/281\n|turn|12\n|\n|t:|1668037911\n|move|p2a: Scolipede|Poison Jab|p1a: Altaria\n|-damage|p1a: Altaria|77\/281\n|-status|p1a: Altaria|psn\n|-damage|p2a: Scolipede|99\/227|[from] item: Life Orb\n|move|p1a: Altaria|Fire Blast|p2a: Scolipede\n|-supereffective|p2a: Scolipede\n|-damage|p2a: Scolipede|0 fnt\n|faint|p2a: Scolipede\n|\n|-damage|p1a: Altaria|42\/281 psn|[from] psn\n|upkeep\n|\n|t:|1668037938\n|switch|p2a: Zamazenta|Zamazenta, L73|255\/255\n|-damage|p2a: Zamazenta|240\/255|[from] Stealth Rock\n|-ability|p2a: Zamazenta|Dauntless Shield|boost\n|-boost|p2a: Zamazenta|def|1\n|turn|13\n|\n|t:|1668037954\n|move|p2a: Zamazenta|Crunch|p1a: Altaria\n|-damage|p1a: Altaria|0 fnt\n|faint|p1a: Altaria\n|\n|upkeep\n|\n|t:|1668037956\n|switch|p1a: Barraskewda|Barraskewda, L80, F|229\/229\n|turn|14\n|\n|t:|1668037963\n|switch|p2a: Umbreon|Umbreon, L82, M|290\/290\n|-damage|p2a: Umbreon|254\/290|[from] Stealth Rock\n|-start|p1a: Barraskewda|Dynamax|\n|-heal|p1a: Barraskewda|458\/458|[silent]\n|move|p1a: Barraskewda|Max Knuckle|p2a: Umbreon\n|-supereffective|p2a: Umbreon\n|-damage|p2a: Umbreon|116\/290\n|-boost|p1a: Barraskewda|atk|1\n|\n|-heal|p2a: Umbreon|134\/290|[from] item: Leftovers\n|upkeep\n|turn|15\n|\n|t:|1668037977\n|move|p2a: Umbreon|Protect|p2a: Umbreon\n|-singleturn|p2a: Umbreon|Protect\n|move|p1a: Barraskewda|Max Knuckle|p2a: Umbreon\n|-supereffective|p2a: Umbreon\n|-zbroken|p2a: Umbreon\n|-damage|p2a: Umbreon|82\/290\n|-boost|p1a: Barraskewda|atk|1\n|\n|-heal|p2a: Umbreon|100\/290|[from] item: Leftovers\n|upkeep\n|turn|16\n|\n|t:|1668037988\n|move|p1a: Barraskewda|Max Geyser|p2a: Umbreon\n|-damage|p2a: Umbreon|0 fnt\n|-weather|RainDance\n|faint|p2a: Umbreon\n|\n|-weather|RainDance|[upkeep]\n|upkeep\n|\n|t:|1668037996\n|switch|p2a: Zamazenta|Zamazenta, L73|240\/255\n|-damage|p2a: Zamazenta|225\/255|[from] Stealth Rock\n|-ability|p2a: Zamazenta|Dauntless Shield|boost\n|-boost|p2a: Zamazenta|def|1\n|-end|p1a: Barraskewda|Dynamax\n|-heal|p1a: Barraskewda|229\/229|[silent]\n|turn|17\n|\n|t:|1668038002\n|move|p1a: Barraskewda|Liquidation|p2a: Zamazenta\n|-damage|p2a: Zamazenta|0 fnt\n|faint|p2a: Zamazenta\n|\n|-weather|RainDance|[upkeep]\n|upkeep\n|\n|t:|1668038009\n|switch|p2a: Urshifu|Urshifu, L76, F|277\/277\n|-damage|p2a: Urshifu|260\/277|[from] Stealth Rock\n|turn|18\n|\n|t:|1668038015\n|move|p1a: Barraskewda|Liquidation|p2a: Urshifu\n|-damage|p2a: Urshifu|0 fnt\n|faint|p2a: Urshifu\n|\n|-weather|RainDance|[upkeep]\n|upkeep\n|c|\u2606PMCJTMred|gg\n|\n|t:|1668038022\n|switch|p2a: Sylveon|Sylveon, L84, F|297\/297\n|-damage|p2a: Sylveon|260\/297|[from] Stealth Rock\n|turn|19\n|\n|t:|1668038030\n|move|p2a: Sylveon|Protect|p2a: Sylveon\n|-singleturn|p2a: Sylveon|Protect\n|move|p1a: Barraskewda|Liquidation|p2a: Sylveon\n|-activate|p2a: Sylveon|move: Protect\n|\n|-weather|RainDance|[upkeep]\n|-heal|p2a: Sylveon|278\/297|[from] item: Leftovers\n|upkeep\n|turn|20\n|\n|t:|1668038039\n|move|p1a: Barraskewda|Liquidation|p2a: Sylveon\n|-damage|p2a: Sylveon|0 fnt\n|faint|p2a: Sylveon\n|\n|win|PMCJTMred\n|raw|PMCJTMred's rating: 1393 &rarr; <strong>1413<\/strong><br \/>(+20 for winning)\n|raw|LookAtThatOre's rating: 1392 &rarr; <strong>1372<\/strong><br \/>(-20 for losing)\n","inputlog":">version 453a3ad56483cc6a5c08448f6577d394b68621b7\n>start {\"formatid\":\"gen8randombattle\",\"seed\":[20758,57041,12914,17927],\"rated\":\"Rated battle\"}\n>player p1 {\"name\":\"PMCJTMred\",\"avatar\":\"ethan\",\"rating\":1393,\"seed\":[39987,53474,25248,44244]}\n>player p2 {\"name\":\"LookAtThatOre\",\"avatar\":\"170\",\"rating\":1392,\"seed\":[2857,55045,19493,62929]}\n>p1 switch 5\n>p2 switch 4\n>p1 move stealthrock\n>p2 move dragondance\n>p1 move earthquake\n>p2 move dragondance\n>p1 move earthquake\n>p2 move earthquake dynamax\n>p1 move earthquake\n>p2 move sunsteelstrike dynamax\n>p1 switch 6\n>p2 move sunsteelstrike dynamax\n>p1 move thunderwave\n>p2 move sunsteelstrike\n>p1 switch 3\n>p1 move appleacid\n>p2 move morningsun\n>p1 move appleacid\n>p2 move sunsteelstrike\n>p2 switch 4\n>p1 move leechseed\n>p2 move swordsdance\n>p1 move recover\n>p2 move megahorn\n>p1 switch 5\n>p1 move fireblast\n>p2 move poisonjab\n>p2 switch 5\n>p1 move toxic\n>p2 move crunch\n>p1 switch 4\n>p1 move closecombat dynamax\n>p2 switch 2\n>p1 move closecombat dynamax\n>p2 move protect\n>p1 move liquidation dynamax\n>p2 move toxic\n>p2 switch 2\n>p1 move liquidation\n>p2 move wildcharge\n>p2 switch 6\n>p1 move liquidation\n>p2 move wickedblow\n>chat \u2606PMCJTMred|gg\n>p2 switch 3\n>p1 move liquidation\n>p2 move protect\n>p1 move liquidation\n>p2 move hypervoice","uploadtime":1668038043,"views":5,"p1id":"pmcjtmred","p2id":"lookatthatore","formatid":"gen8randombattle","rating":1372,"private":0,"password":null}