{"id":"gen8ou-1703465527","p1":"Mad Lad 47","p2":"MR. MEZA","format":"gen8ou","log":"|j|\u2606Mad Lad 47\n|j|\u2606MR. MEZA\n|t:|1667665758\n|gametype|singles\n|player|p1|Mad Lad 47|lucas|1691\n|player|p2|MR. MEZA|ethan-masters|1677\n|teamsize|p1|6\n|teamsize|p2|6\n|gen|8\n|tier|[Gen 8] OU\n|rated|\n|rule|Sleep Clause Mod: Limit one foe put to sleep\n|rule|Species Clause: Limit one of each Pok\u00e9mon\n|rule|OHKO Clause: OHKO moves are banned\n|rule|Evasion Items Clause: Evasion items are banned\n|rule|Evasion Moves Clause: Evasion moves are banned\n|rule|Endless Battle Clause: Forcing endless battles is banned\n|rule|HP Percentage Mod: HP is shown in percentages\n|rule|Dynamax Clause: You cannot dynamax\n|clearpoke\n|poke|p1|Regieleki|\n|poke|p1|Tapu Koko|\n|poke|p1|Victini|\n|poke|p1|Hawlucha, F|\n|poke|p1|Landorus-Therian, M|\n|poke|p1|Urshifu-*, M|\n|poke|p2|Pincurchin, F|\n|poke|p2|Slowbro, M|\n|poke|p2|Excadrill, F|\n|poke|p2|Tyranitar, F|\n|poke|p2|Amoonguss, M|\n|poke|p2|Clefable, F|\n|teampreview\n|inactive|Battle timer is ON: inactive players will automatically lose when time's up. (requested by MR. MEZA)\n|\n|t:|1667665784\n|start\n|switch|p1a: Landorus|Landorus-Therian, M|100\/100\n|switch|p2a: Clefable|Clefable, F|100\/100\n|-ability|p1a: Landorus|Intimidate|boost\n|-unboost|p2a: Clefable|atk|1\n|turn|1\n|\n|t:|1667665801\n|move|p1a: Landorus|Stealth Rock|p2a: Clefable\n|-sidestart|p2: MR. MEZA|move: Stealth Rock\n|move|p2a: Clefable|Trick|p1a: Landorus\n|-activate|p2a: Clefable|move: Trick|[of] p1a: Landorus\n|-item|p1a: Landorus|Sticky Barb|[from] move: Trick\n|-item|p2a: Clefable|Leftovers|[from] move: Trick\n|\n|-damage|p1a: Landorus|88\/100|[from] item: Sticky Barb\n|upkeep\n|turn|2\n|\n|t:|1667665804\n|move|p1a: Landorus|Knock Off|p2a: Clefable\n|-resisted|p2a: Clefable\n|-damage|p2a: Clefable|86\/100\n|-enditem|p2a: Clefable|Leftovers|[from] move: Knock Off|[of] p1a: Landorus\n|move|p2a: Clefable|Stealth Rock|p1a: Landorus\n|-sidestart|p1: Mad Lad 47|move: Stealth Rock\n|\n|-damage|p1a: Landorus|76\/100|[from] item: Sticky Barb\n|upkeep\n|turn|3\n|inactive|Mad Lad 47 has 120 seconds left.\n|\n|t:|1667665836\n|move|p1a: Landorus|U-turn|p2a: Clefable\n|-resisted|p2a: Clefable\n|-damage|p2a: Clefable|75\/100\n|\n|t:|1667665838\n|switch|p1a: Victini|Victini|100\/100|[from]move: U-turn\n|move|p2a: Clefable|Soft-Boiled|p2a: Clefable\n|-heal|p2a: Clefable|100\/100\n|\n|upkeep\n|turn|4\n|\n|t:|1667665849\n|switch|p2a: Slowbro|Slowbro, M|100\/100\n|move|p1a: Victini|V-create|p2a: Slowbro\n|-resisted|p2a: Slowbro\n|-damage|p2a: Slowbro|71\/100\n|-unboost|p1a: Victini|spe|1\n|-unboost|p1a: Victini|def|1\n|-unboost|p1a: Victini|spd|1\n|\n|upkeep\n|turn|5\n|\n|t:|1667665856\n|switch|p1a: Tapu Koko|Tapu Koko|100\/100\n|-fieldstart|move: Electric Terrain|[from] ability: Electric Surge|[of] p1a: Tapu Koko\n|move|p2a: Slowbro|Scald|p1a: Tapu Koko\n|-damage|p1a: Tapu Koko|60\/100\n|-status|p1a: Tapu Koko|brn\n|\n|-damage|p1a: Tapu Koko|54\/100 brn|[from] brn\n|upkeep\n|turn|6\n|\n|t:|1667665859\n|switch|p2a: Excadrill|Excadrill, F|100\/100\n|-damage|p2a: Excadrill|97\/100|[from] Stealth Rock\n|-item|p2a: Excadrill|Air Balloon\n|move|p1a: Tapu Koko|Nature's Madness|p2a: Excadrill\n|-damage|p2a: Excadrill|49\/100\n|-enditem|p2a: Excadrill|Air Balloon\n|\n|-damage|p1a: Tapu Koko|48\/100 brn|[from] brn\n|upkeep\n|turn|7\n|\n|t:|1667665872\n|switch|p1a: Urshifu|Urshifu-Rapid-Strike, M|100\/100\n|-damage|p1a: Urshifu|94\/100|[from] Stealth Rock\n|move|p2a: Excadrill|Rapid Spin|p1a: Urshifu\n|-damage|p1a: Urshifu|75\/100\n|-boost|p2a: Excadrill|spe|1\n|-sideend|p2: MR. MEZA|Stealth Rock|[from] move: Rapid Spin|[of] p2a: Excadrill\n|\n|upkeep\n|turn|8\n|\n|t:|1667665876\n|switch|p2a: Amoonguss|Amoonguss, M|100\/100\n|move|p1a: Urshifu|U-turn|p2a: Amoonguss\n|-damage|p2a: Amoonguss|80\/100\n|\n|t:|1667665878\n|switch|p1a: Reginald Electric|Regieleki|100\/100|[from]move: U-turn\n|-damage|p1a: Reginald Electric|88\/100|[from] Stealth Rock\n|\n|upkeep\n|turn|9\n|\n|t:|1667665890\n|move|p1a: Reginald Electric|Rising Voltage|p2a: Amoonguss\n|-hint|Rising Voltage's BP doubled on grounded target.\n|-resisted|p2a: Amoonguss\n|-damage|p2a: Amoonguss|7\/100\n|move|p2a: Amoonguss|Sludge Bomb|p1a: Reginald Electric\n|-damage|p1a: Reginald Electric|37\/100\n|\n|-fieldend|move: Electric Terrain\n|upkeep\n|turn|10\n|\n|t:|1667665898\n|switch|p1a: Urshifu|Urshifu-Rapid-Strike, M|75\/100\n|-damage|p1a: Urshifu|69\/100|[from] Stealth Rock\n|switch|p2a: Excadrill|Excadrill, F|49\/100\n|\n|upkeep\n|turn|11\n|\n|t:|1667665902\n|switch|p2a: Slowbro|Slowbro, M|100\/100\n|move|p1a: Urshifu|U-turn|p2a: Slowbro\n|-supereffective|p2a: Slowbro\n|-damage|p2a: Slowbro|61\/100\n|\n|t:|1667665904\n|switch|p1a: Reginald Electric|Regieleki|37\/100|[from]move: U-turn\n|-damage|p1a: Reginald Electric|25\/100|[from] Stealth Rock\n|\n|upkeep\n|turn|12\n|\n|t:|1667665916\n|switch|p2a: Excadrill|Excadrill, F|49\/100\n|move|p1a: Reginald Electric|Swift|p2a: Excadrill\n|-resisted|p2a: Excadrill\n|-damage|p2a: Excadrill|31\/100\n|\n|upkeep\n|turn|13\n|\n|t:|1667665938\n|switch|p1a: Landorus|Landorus-Therian, M|76\/100\n|-damage|p1a: Landorus|64\/100|[from] Stealth Rock\n|-ability|p1a: Landorus|Intimidate|boost\n|-unboost|p2a: Excadrill|atk|1\n|move|p2a: Excadrill|Iron Head|p1a: Landorus\n|-damage|p1a: Landorus|31\/100\n|\n|-damage|p2a: Excadrill|19\/100|[from] item: Sticky Barb\n|upkeep\n|turn|14\n|\n|t:|1667665955\n|switch|p1a: Victini|Victini|100\/100\n|move|p2a: Excadrill|Iron Head|p1a: Victini\n|-resisted|p1a: Victini\n|-damage|p1a: Victini|87\/100\n|\n|-damage|p2a: Excadrill|6\/100|[from] item: Sticky Barb\n|upkeep\n|turn|15\n|inactive|MR. MEZA has 120 seconds left.\n|\n|t:|1667665981\n|move|p1a: Victini|V-create|p2a: Excadrill\n|-supereffective|p2a: Excadrill\n|-damage|p2a: Excadrill|0 fnt\n|-unboost|p1a: Victini|spe|1\n|-unboost|p1a: Victini|def|1\n|-unboost|p1a: Victini|spd|1\n|faint|p2a: Excadrill\n|\n|upkeep\n|inactive|MR. MEZA has 120 seconds left.\n|\n|t:|1667665991\n|switch|p2a: Tyranitar|Tyranitar, F|100\/100\n|-weather|Sandstorm|[from] ability: Sand Stream|[of] p2a: Tyranitar\n|turn|16\n|\n|t:|1667666010\n|move|p2a: Tyranitar|Crunch|p1a: Victini\n|-supereffective|p1a: Victini\n|-damage|p1a: Victini|0 fnt\n|faint|p1a: Victini\n|\n|-weather|Sandstorm|[upkeep]\n|upkeep\n|\n|t:|1667666014\n|switch|p1a: Urshifu|Urshifu-Rapid-Strike, M|69\/100\n|-damage|p1a: Urshifu|63\/100|[from] Stealth Rock\n|turn|17\n|\n|t:|1667666033\n|switch|p2a: Clefable|Clefable, F|100\/100\n|move|p1a: Urshifu|U-turn|p2a: Clefable\n|-resisted|p2a: Clefable\n|-damage|p2a: Clefable|92\/100\n|\n|t:|1667666048\n|switch|p1a: Tapu Koko|Tapu Koko|48\/100 brn|[from]move: U-turn\n|-fieldstart|move: Electric Terrain|[from] ability: Electric Surge|[of] p1a: Tapu Koko\n|\n|-weather|Sandstorm|[upkeep]\n|-damage|p1a: Tapu Koko|42\/100 brn|[from] Sandstorm\n|-damage|p1a: Tapu Koko|36\/100 brn|[from] brn\n|upkeep\n|turn|18\n|\n|t:|1667666061\n|switch|p2a: Amoonguss|Amoonguss, M|41\/100\n|move|p1a: Tapu Koko|Volt Switch|p2a: Amoonguss\n|-resisted|p2a: Amoonguss\n|-damage|p2a: Amoonguss|24\/100\n|\n|t:|1667666070\n|switch|p1a: Landorus|Landorus-Therian, M|31\/100|[from]move: Volt Switch\n|-damage|p1a: Landorus|19\/100|[from] Stealth Rock\n|-ability|p1a: Landorus|Intimidate|boost\n|-unboost|p2a: Amoonguss|atk|1\n|\n|-weather|Sandstorm|[upkeep]\n|-damage|p2a: Amoonguss|18\/100|[from] Sandstorm\n|upkeep\n|turn|19\n|\n|t:|1667666080\n|switch|p2a: Clefable|Clefable, F|92\/100\n|move|p1a: Landorus|Stealth Rock|p2a: Clefable\n|-sidestart|p2: MR. MEZA|move: Stealth Rock\n|\n|-weather|Sandstorm|[upkeep]\n|upkeep\n|turn|20\n|\n|t:|1667666106\n|move|p1a: Landorus|Earthquake|p2a: Clefable\n|-damage|p2a: Clefable|52\/100\n|move|p2a: Clefable|Soft-Boiled|p2a: Clefable\n|-heal|p2a: Clefable|100\/100\n|\n|-weather|none\n|upkeep\n|turn|21\n|\n|t:|1667666118\n|move|p1a: Landorus|U-turn|p2a: Clefable\n|-resisted|p2a: Clefable\n|-damage|p2a: Clefable|91\/100\n|\n|t:|1667666120\n|switch|p1a: Hawlucha|Hawlucha, F|100\/100|[from]move: U-turn\n|-damage|p1a: Hawlucha|88\/100|[from] Stealth Rock\n|-enditem|p1a: Hawlucha|Electric Seed\n|-boost|p1a: Hawlucha|def|1|[from] item: Electric Seed\n|move|p2a: Clefable|Moonblast|p1a: Hawlucha\n|-supereffective|p1a: Hawlucha\n|-damage|p1a: Hawlucha|0 fnt\n|faint|p1a: Hawlucha\n|\n|-fieldend|move: Electric Terrain\n|upkeep\n|\n|t:|1667666125\n|switch|p1a: Urshifu|Urshifu-Rapid-Strike, M|63\/100\n|-damage|p1a: Urshifu|57\/100|[from] Stealth Rock\n|turn|22\n|\n|t:|1667666131\n|move|p1a: Urshifu|U-turn|p2a: Clefable\n|-resisted|p2a: Clefable\n|-damage|p2a: Clefable|81\/100\n|\n|t:|1667666134\n|switch|p1a: Tapu Koko|Tapu Koko|36\/100 brn|[from]move: U-turn\n|-fieldstart|move: Electric Terrain|[from] ability: Electric Surge|[of] p1a: Tapu Koko\n|move|p2a: Clefable|Moonblast|p1a: Tapu Koko\n|-damage|p1a: Tapu Koko|0 fnt\n|faint|p1a: Tapu Koko\n|\n|upkeep\n|\n|t:|1667666135\n|switch|p1a: Reginald Electric|Regieleki|25\/100\n|-damage|p1a: Reginald Electric|12\/100|[from] Stealth Rock\n|turn|23\n|\n|t:|1667666145\n|switch|p2a: Tyranitar|Tyranitar, F|100\/100\n|-damage|p2a: Tyranitar|88\/100|[from] Stealth Rock\n|-weather|Sandstorm|[from] ability: Sand Stream|[of] p2a: Tyranitar\n|move|p1a: Reginald Electric|Rising Voltage|p2a: Tyranitar\n|-hint|Rising Voltage's BP doubled on grounded target.\n|-damage|p2a: Tyranitar|0 fnt\n|faint|p2a: Tyranitar\n|\n|-weather|Sandstorm|[upkeep]\n|-damage|p1a: Reginald Electric|6\/100|[from] Sandstorm\n|upkeep\n|\n|t:|1667666167\n|switch|p2a: Amoonguss|Amoonguss, M|51\/100\n|-damage|p2a: Amoonguss|39\/100|[from] Stealth Rock\n|turn|24\n|\n|t:|1667666171\n|move|p1a: Reginald Electric|Rising Voltage|p2a: Amoonguss\n|-hint|Rising Voltage's BP doubled on grounded target.\n|-resisted|p2a: Amoonguss\n|-damage|p2a: Amoonguss|0 fnt\n|faint|p2a: Amoonguss\n|\n|-weather|Sandstorm|[upkeep]\n|-damage|p1a: Reginald Electric|0 fnt|[from] Sandstorm\n|faint|p1a: Reginald Electric\n|upkeep\n|c|\u2606Mad Lad 47|gg\n|-message|Mad Lad 47 forfeited.\n|\n|win|MR. MEZA\n|raw|Mad Lad 47's rating: 1691 &rarr; <strong>1670<\/strong><br \/>(-21 for losing)\n|raw|MR. MEZA's rating: 1677 &rarr; <strong>1698<\/strong><br \/>(+21 for winning)\n|l|\u2606Mad Lad 47\n|c|\u2606MR. MEZA|gg\n|n| FENDINI|mrmeza\n||Ladder isn't responding, score probably updated but might not have (Request timeout).\n","uploadtime":1667666284,"views":7,"p1id":"madlad47","p2id":"mrmeza","formatid":"gen8ou","rating":1670,"private":0,"password":null}