{"id":"gen8ou-1505538718","p1":"I love Thunders","p2":"kokoukohiro","format":"gen8ou","log":"|j|\u2606I love Thunders\n|j|\u2606kokoukohiro\n|t:|1644167925\n|gametype|singles\n|player|p1|I love Thunders|ltsurge|1563\n|player|p2|kokoukohiro|dawn|1643\n|teamsize|p1|6\n|teamsize|p2|6\n|gen|8\n|tier|[Gen 8] OU\n|rated|\n|rule|Sleep Clause Mod: Limit one foe put to sleep\n|rule|Species Clause: Limit one of each Pok\u00e9mon\n|rule|OHKO Clause: OHKO moves are banned\n|rule|Evasion Moves Clause: Evasion moves are banned\n|rule|Endless Battle Clause: Forcing endless battles is banned\n|rule|HP Percentage Mod: HP is shown in percentages\n|rule|Dynamax Clause: You cannot dynamax\n|clearpoke\n|poke|p1|Sigilyph, F|\n|poke|p1|Kartana|\n|poke|p1|Slowbro, M|\n|poke|p1|Dragapult, M|\n|poke|p1|Landorus-Therian, M|\n|poke|p1|Volcarona, F|\n|poke|p2|Shedinja|\n|poke|p2|Quagsire, F|\n|poke|p2|Clefable, M|\n|poke|p2|Blissey, F|\n|poke|p2|Toxapex, M|\n|poke|p2|Corviknight, M|\n|teampreview\n|inactive|Battle timer is ON: inactive players will automatically lose when time's up. (requested by kokoukohiro)\n|\n|t:|1644167942\n|start\n|switch|p1a: Landorus|Landorus-Therian, M|100\/100\n|switch|p2a: Quagsire|Quagsire, F|100\/100\n|-ability|p1a: Landorus|Intimidate|boost\n|-unboost|p2a: Quagsire|atk|1\n|turn|1\n|\n|t:|1644167950\n|move|p1a: Landorus|Toxic|p2a: Quagsire\n|-status|p2a: Quagsire|tox\n|move|p2a: Quagsire|Toxic|p1a: Landorus\n|-status|p1a: Landorus|tox\n|\n|-damage|p1a: Landorus|94\/100 tox|[from] psn\n|-damage|p2a: Quagsire|94\/100 tox|[from] psn\n|upkeep\n|turn|2\n|\n|t:|1644167956\n|switch|p2a: Toxapex|Toxapex, M|100\/100\n|move|p1a: Landorus|Stealth Rock|p2a: Toxapex\n|-sidestart|p2: kokoukohiro|move: Stealth Rock\n|\n|-heal|p1a: Landorus|100\/100 tox|[from] item: Leftovers\n|-damage|p1a: Landorus|88\/100 tox|[from] psn\n|upkeep\n|turn|3\n|inactive|I love Thunders has 120 seconds left.\n|\n|t:|1644167987\n|switch|p1a: Kartana|Kartana|100\/100\n|move|p2a: Toxapex|Toxic Spikes|p1a: Kartana\n|-sidestart|p1: I love Thunders|move: Toxic Spikes\n|\n|upkeep\n|turn|4\n|inactive|I love Thunders has 120 seconds left.\n|\n|t:|1644167999\n|move|p1a: Kartana|Knock Off|p2a: Toxapex\n|-damage|p2a: Toxapex|75\/100\n|-enditem|p2a: Toxapex|Black Sludge|[from] move: Knock Off|[of] p1a: Kartana\n|move|p2a: Toxapex|Knock Off|p1a: Kartana\n|-damage|p1a: Kartana|83\/100\n|-enditem|p1a: Kartana|Choice Scarf|[from] move: Knock Off|[of] p2a: Toxapex\n|\n|upkeep\n|turn|5\n|inactive|I love Thunders has 120 seconds left.\n|\n|t:|1644168010\n|move|p1a: Kartana|Leaf Blade|p2a: Toxapex\n|-crit|p2a: Toxapex\n|-damage|p2a: Toxapex|20\/100\n|move|p2a: Toxapex|Toxic Spikes|p1a: Kartana\n|-sidestart|p1: I love Thunders|move: Toxic Spikes\n|\n|upkeep\n|turn|6\n|inactive|I love Thunders has 120 seconds left.\n|\n|t:|1644168029\n|switch|p2a: Corviknight|Corviknight, M|100\/100\n|-damage|p2a: Corviknight|88\/100|[from] Stealth Rock\n|-ability|p2a: Corviknight|Pressure\n|move|p1a: Kartana|Leaf Blade|p2a: Corviknight\n|-resisted|p2a: Corviknight\n|-crit|p2a: Corviknight\n|-damage|p2a: Corviknight|74\/100\n|\n|upkeep\n|turn|7\n|inactive|I love Thunders has 120 seconds left.\n|\n|t:|1644168041\n|switch|p1a: Volcarona|Volcarona, F|100\/100\n|move|p2a: Corviknight|Roost|p2a: Corviknight\n|-heal|p2a: Corviknight|100\/100\n|-singleturn|p2a: Corviknight|move: Roost\n|\n|upkeep\n|turn|8\n|inactive|I love Thunders has 120 seconds left.\n|\n|t:|1644168055\n|switch|p2a: Blissey|Blissey, F|100\/100\n|move|p1a: Volcarona|Psychic|p2a: Blissey\n|-damage|p2a: Blissey|92\/100\n|\n|upkeep\n|turn|9\n|inactive|I love Thunders has 120 seconds left.\n|\n|t:|1644168071\n|switch|p1a: Kartana|Kartana|83\/100\n|move|p2a: Blissey|Toxic|p1a: Kartana\n|-immune|p1a: Kartana\n|\n|upkeep\n|turn|10\n|\n|t:|1644168084\n|switch|p2a: Corviknight|Corviknight, M|100\/100\n|-damage|p2a: Corviknight|88\/100|[from] Stealth Rock\n|-ability|p2a: Corviknight|Pressure\n|move|p1a: Kartana|Knock Off|p2a: Corviknight\n|-damage|p2a: Corviknight|64\/100\n|-enditem|p2a: Corviknight|Shed Shell|[from] move: Knock Off|[of] p1a: Kartana\n|\n|upkeep\n|turn|11\n|inactive|I love Thunders has 120 seconds left.\n|\n|t:|1644168105\n|switch|p1a: Sigilyph|Sigilyph, F|100\/100\n|move|p2a: Corviknight|Roost|p2a: Corviknight\n|-heal|p2a: Corviknight|100\/100\n|-singleturn|p2a: Corviknight|move: Roost\n|\n|upkeep\n|turn|12\n|\n|t:|1644168118\n|switch|p2a: Clefable|Clefable, M|100\/100\n|move|p1a: Sigilyph|Ice Beam|p2a: Clefable\n|-damage|p2a: Clefable|76\/100\n|\n|upkeep\n|turn|13\n|\n|t:|1644168126\n|move|p1a: Sigilyph|Psyshock|p2a: Clefable\n|-damage|p2a: Clefable|26\/100\n|move|p2a: Clefable|Stealth Rock|p1a: Sigilyph\n|-sidestart|p1: I love Thunders|move: Stealth Rock\n|\n|upkeep\n|turn|14\n|\n|t:|1644168134\n|switch|p2a: Shedinja|Shedinja|100\/100\n|move|p1a: Sigilyph|Psyshock|p2a: Shedinja\n|-immune|p2a: Shedinja|[from] ability: Wonder Guard\n|\n|upkeep\n|turn|15\n|inactive|I love Thunders has 120 seconds left.\n|\n|t:|1644168140\n|move|p2a: Shedinja|Protect|p2a: Shedinja\n|-singleturn|p2a: Shedinja|Protect\n|move|p1a: Sigilyph|Heat Wave|p2a: Shedinja\n|-activate|p2a: Shedinja|move: Protect\n|\n|upkeep\n|turn|16\n|\n|t:|1644168153\n|switch|p2a: Blissey|Blissey, F|92\/100\n|move|p1a: Sigilyph|Psyshock|p2a: Blissey\n|-damage|p2a: Blissey|6\/100\n|\n|upkeep\n|turn|17\n|\n|t:|1644168162\n|switch|p2a: Corviknight|Corviknight, M|100\/100\n|-damage|p2a: Corviknight|88\/100|[from] Stealth Rock\n|-ability|p2a: Corviknight|Pressure\n|move|p1a: Sigilyph|Heat Wave|p2a: Corviknight\n|-supereffective|p2a: Corviknight\n|-damage|p2a: Corviknight|13\/100\n|\n|upkeep\n|turn|18\n|c|\u2606I love Thunders|pack up your stall\n|\n|t:|1644168189\n|switch|p2a: Shedinja|Shedinja|100\/100\n|move|p1a: Sigilyph|Heat Wave|p2a: Shedinja\n|-supereffective|p2a: Shedinja\n|-damage|p2a: Shedinja|0 fnt\n|faint|p2a: Shedinja\n|\n|upkeep\n|-message|kokoukohiro forfeited.\n|\n|win|I love Thunders\n|raw|I love Thunders's rating: 1563 &rarr; <strong>1588<\/strong><br \/>(+25 for winning)\n|raw|kokoukohiro's rating: 1643 &rarr; <strong>1618<\/strong><br \/>(-25 for losing)\n|l|\u2606kokoukohiro\n|l|\u2606I love Thunders\n|j|\u2606I love Thunders\n|player|p1|I love Thunders|ltsurge\n","uploadtime":1644168237,"views":32,"p1id":"ilovethunders","p2id":"kokoukohiro","formatid":"gen8ou","rating":1588,"private":0,"password":null}