{"id":"gen8nu-1126048441","p1":"GW","p2":"The Last Hero","format":"gen8nu","log":"|j|\u2606GW\n|j|\u2606The Last Hero\n|player|p1|GW|blackbelt-gen4dp|1494\n|player|p2|The Last Hero|acetrainersnow|1371\n|teamsize|p1|6\n|teamsize|p2|6\n|gametype|singles\n|gen|8\n|tier|[Gen 8] NU\n|rated|\n|clearpoke\n|poke|p1|Raboot, F|\n|poke|p1|Stunfisk-Galar, M|\n|poke|p1|Avalugg, M|\n|poke|p1|Ferroseed, M|\n|poke|p1|Silvally-*|\n|poke|p1|Rotom|\n|poke|p2|Arctovish|\n|poke|p2|Silvally-*|\n|poke|p2|Persian-Alola, M|\n|poke|p2|Stunfisk, M|\n|poke|p2|Ninjask, M|\n|poke|p2|Clefairy, M|\n|rule|Sleep Clause Mod: Limit one foe put to sleep\n|rule|Species Clause: Limit one of each Pok\u00e9mon\n|rule|OHKO Clause: OHKO moves are banned\n|rule|Evasion Moves Clause: Evasion moves are banned\n|rule|Endless Battle Clause: Forcing endless battles is banned\n|rule|HP Percentage Mod: HP is shown in percentages\n|rule|Dynamax Clause: You cannot dynamax\n|teampreview\n|inactive|Battle timer is ON: inactive players will automatically lose when time's up. (requested by The Last Hero)\n|inactive|GW has 120 seconds left.\n|\n|start\n|switch|p1a: Stunfisk|Stunfisk-Galar, M|100\/100\n|switch|p2a: Gato Gay|Persian-Alola, M|100\/100\n|turn|1\n|\n|move|p2a: Gato Gay|Knock Off|p1a: Stunfisk\n|-damage|p1a: Stunfisk|83\/100\n|-enditem|p1a: Stunfisk|Leftovers|[from] move: Knock Off|[of] p2a: Gato Gay\n|move|p1a: Stunfisk|Stealth Rock|p2a: Gato Gay\n|-sidestart|p2: The Last Hero|move: Stealth Rock\n|\n|upkeep\n|turn|2\n|\n|move|p2a: Gato Gay|Knock Off|p1a: Stunfisk\n|-damage|p1a: Stunfisk|69\/100\n|move|p1a: Stunfisk|Yawn|p2a: Gato Gay\n|-start|p2a: Gato Gay|move: Yawn|[of] p1a: Stunfisk\n|\n|upkeep\n|turn|3\n|\n|move|p2a: Gato Gay|Parting Shot|p1a: Stunfisk\n|-unboost|p1a: Stunfisk|atk|1\n|-unboost|p1a: Stunfisk|spa|1\n|\n|switch|p2a: Fabiole Jr.|Clefairy, M|100\/100|[from]move: Parting Shot\n|move|p1a: Stunfisk|Yawn|p2a: Fabiole Jr.\n|-start|p2a: Fabiole Jr.|move: Yawn|[of] p1a: Stunfisk\n|\n|upkeep\n|turn|4\n|\n|move|p1a: Stunfisk|Earthquake|p2a: Fabiole Jr.\n|-damage|p2a: Fabiole Jr.|78\/100\n|move|p2a: Fabiole Jr.|Teleport|p2a: Fabiole Jr.\n|\n|switch|p2a: Gato Gay|Persian-Alola, M|100\/100|[from]move: Teleport\n|-damage|p2a: Gato Gay|88\/100|[from] Stealth Rock\n|\n|upkeep\n|turn|5\n|\n|move|p2a: Gato Gay|Foul Play|p1a: Stunfisk\n|-damage|p1a: Stunfisk|54\/100\n|move|p1a: Stunfisk|Earthquake|p2a: Gato Gay\n|-damage|p2a: Gato Gay|76\/100\n|\n|upkeep\n|turn|6\n|\n|switch|p1a: Ferroseed|Ferroseed, M|100\/100\n|move|p2a: Gato Gay|Knock Off|p1a: Ferroseed\n|-damage|p1a: Ferroseed|87\/100\n|-damage|p2a: Gato Gay|63\/100|[from] ability: Iron Barbs|[of] p1a: Ferroseed\n|-enditem|p1a: Ferroseed|Eviolite|[from] move: Knock Off|[of] p2a: Gato Gay\n|\n|upkeep\n|turn|7\n|\n|move|p2a: Gato Gay|Parting Shot|p1a: Ferroseed\n|-unboost|p1a: Ferroseed|atk|1\n|-unboost|p1a: Ferroseed|spa|1\n|\n|switch|p2a: Blasco|Stunfisk, M|100\/100|[from]move: Parting Shot\n|-damage|p2a: Blasco|94\/100|[from] Stealth Rock\n|move|p1a: Ferroseed|Leech Seed|p2a: Blasco\n|-start|p2a: Blasco|move: Leech Seed\n|\n|-heal|p2a: Blasco|100\/100|[from] item: Leftovers\n|-damage|p2a: Blasco|88\/100|[from] Leech Seed|[of] p1a: Ferroseed\n|-heal|p1a: Ferroseed|100\/100|[silent]\n|upkeep\n|turn|8\n|\n|switch|p2a: Fabiole Jr.|Clefairy, M|78\/100\n|move|p1a: Ferroseed|Knock Off|p2a: Fabiole Jr.\n|-resisted|p2a: Fabiole Jr.\n|-damage|p2a: Fabiole Jr.|73\/100\n|-enditem|p2a: Fabiole Jr.|Eviolite|[from] move: Knock Off|[of] p1a: Ferroseed\n|\n|upkeep\n|turn|9\n|\n|move|p2a: Fabiole Jr.|Wish|p2a: Fabiole Jr.\n|move|p1a: Ferroseed|Spikes|p2a: Fabiole Jr.\n|-sidestart|p2: The Last Hero|Spikes\n|\n|upkeep\n|turn|10\n|\n|move|p1a: Ferroseed|Gyro Ball|p2a: Fabiole Jr.\n|-supereffective|p2a: Fabiole Jr.\n|-damage|p2a: Fabiole Jr.|48\/100\n|move|p2a: Fabiole Jr.|Teleport|p2a: Fabiole Jr.\n|\n|switch|p2a: Wannabe Arceus|Silvally-Ghost|100\/100|[from]move: Teleport\n|-damage|p2a: Wannabe Arceus|88\/100|[from] Spikes\n|-damage|p2a: Wannabe Arceus|76\/100|[from] Stealth Rock\n|\n|-heal|p2a: Wannabe Arceus|100\/100|[from] move: Wish|[wisher] Fabiole Jr.\n|upkeep\n|turn|11\n|\n|move|p2a: Wannabe Arceus|Defog|p1a: Ferroseed\n|-unboost|p1a: Ferroseed|evasion|1\n|-sideend|p2: The Last Hero|Spikes|[from] move: Defog|[of] p2a: Wannabe Arceus\n|-sideend|p2: The Last Hero|Stealth Rock|[from] move: Defog|[of] p2a: Wannabe Arceus\n|move|p1a: Ferroseed|Gyro Ball|p2a: Wannabe Arceus\n|-damage|p2a: Wannabe Arceus|84\/100\n|\n|upkeep\n|turn|12\n|\n|switch|p2a: Fabiole Jr.|Clefairy, M|48\/100\n|move|p1a: Ferroseed|Leech Seed|p2a: Fabiole Jr.\n|-start|p2a: Fabiole Jr.|move: Leech Seed\n|\n|upkeep\n|turn|13\n|\n|move|p2a: Fabiole Jr.|Wish|p2a: Fabiole Jr.\n|move|p1a: Ferroseed|Spikes|p2a: Fabiole Jr.\n|-sidestart|p2: The Last Hero|Spikes\n|\n|upkeep\n|turn|14\n|\n|move|p2a: Fabiole Jr.|Moonblast|p1a: Ferroseed\n|-resisted|p1a: Ferroseed\n|-damage|p1a: Ferroseed|86\/100\n|move|p1a: Ferroseed|Gyro Ball|p2a: Fabiole Jr.\n|-supereffective|p2a: Fabiole Jr.\n|-damage|p2a: Fabiole Jr.|22\/100\n|\n|-heal|p2a: Fabiole Jr.|72\/100|[from] move: Wish|[wisher] Fabiole Jr.\n|upkeep\n|turn|15\n|\n|switch|p1a: Raboot|Raboot, F|100\/100\n|move|p2a: Fabiole Jr.|Wish|p2a: Fabiole Jr.\n|\n|upkeep\n|turn|16\n|\n|switch|p2a: Blasco|Stunfisk, M|88\/100\n|-damage|p2a: Blasco|76\/100|[from] Spikes\n|move|p1a: Raboot|Flare Blitz|p2a: Blasco\n|-damage|p2a: Blasco|29\/100\n|-damage|p1a: Raboot|77\/100|[from] Recoil\n|\n|-heal|p2a: Blasco|70\/100|[from] move: Wish|[wisher] Fabiole Jr.\n|-heal|p2a: Blasco|76\/100|[from] item: Leftovers\n|upkeep\n|turn|17\n|\n|switch|p1a: Silvally|Silvally-Water|100\/100\n|move|p2a: Blasco|Stealth Rock|p1a: Silvally\n|-sidestart|p1: GW|move: Stealth Rock\n|\n|-heal|p2a: Blasco|82\/100|[from] item: Leftovers\n|upkeep\n|turn|18\n|\n|move|p1a: Silvally|Multi-Attack|p2a: Blasco\n|-supereffective|p2a: Blasco\n|-damage|p2a: Blasco|34\/100\n|move|p2a: Blasco|Discharge|p1a: Silvally\n|-supereffective|p1a: Silvally\n|-crit|p1a: Silvally\n|-damage|p1a: Silvally|31\/100\n|-status|p1a: Silvally|par\n|\n|-heal|p2a: Blasco|40\/100|[from] item: Leftovers\n|upkeep\n|turn|19\n|\n|switch|p2a: Quimera|Arctovish|100\/100\n|-damage|p2a: Quimera|88\/100|[from] Spikes\n|move|p1a: Silvally|Multi-Attack|p2a: Quimera\n|-heal|p2a: Quimera|100\/100|[from] ability: Water Absorb|[of] p1a: Silvally\n|\n|upkeep\n|turn|20\n|\n|switch|p1a: Avalugg|Avalugg, M|100\/100\n|move|p2a: Quimera|Fishious Rend|p1a: Avalugg\n|-damage|p1a: Avalugg|55\/100\n|\n|upkeep\n|turn|21\n|\n|move|p2a: Quimera|Fishious Rend|p1a: Avalugg\n|-damage|p1a: Avalugg|9\/100\n|move|p1a: Avalugg|Recover|p1a: Avalugg\n|-heal|p1a: Avalugg|59\/100\n|\n|upkeep\n|turn|22\n|\n|move|p2a: Quimera|Fishious Rend|p1a: Avalugg\n|-damage|p1a: Avalugg|15\/100\n|move|p1a: Avalugg|Recover|p1a: Avalugg\n|-heal|p1a: Avalugg|65\/100\n|\n|upkeep\n|turn|23\n|\n|switch|p2a: Gato Gay|Persian-Alola, M|63\/100\n|-damage|p2a: Gato Gay|51\/100|[from] Spikes\n|move|p1a: Avalugg|Recover|p1a: Avalugg\n|-heal|p1a: Avalugg|100\/100\n|\n|upkeep\n|turn|24\n|\n|switch|p1a: Ferroseed|Ferroseed, M|86\/100\n|-damage|p1a: Ferroseed|80\/100|[from] Stealth Rock\n|move|p2a: Gato Gay|Knock Off|p1a: Ferroseed\n|-damage|p1a: Ferroseed|66\/100\n|-damage|p2a: Gato Gay|39\/100|[from] ability: Iron Barbs|[of] p1a: Ferroseed\n|\n|upkeep\n|turn|25\n|\n|move|p2a: Gato Gay|Parting Shot|p1a: Ferroseed\n|-unboost|p1a: Ferroseed|atk|1\n|-unboost|p1a: Ferroseed|spa|1\n|\n|switch|p2a: Fabiole Jr.|Clefairy, M|72\/100|[from]move: Parting Shot\n|move|p1a: Ferroseed|Spikes|p2a: Fabiole Jr.\n|-sidestart|p2: The Last Hero|Spikes\n|\n|upkeep\n|turn|26\n|\n|switch|p1a: Stunfisk|Stunfisk-Galar, M|54\/100\n|-damage|p1a: Stunfisk|50\/100|[from] Stealth Rock\n|move|p2a: Fabiole Jr.|Wish|p2a: Fabiole Jr.\n|\n|upkeep\n|turn|27\n|\n|switch|p2a: Wannabe Arceus|Silvally-Ghost|84\/100\n|-damage|p2a: Wannabe Arceus|67\/100|[from] Spikes\n|move|p1a: Stunfisk|Earthquake|p2a: Wannabe Arceus\n|-damage|p2a: Wannabe Arceus|39\/100\n|\n|-heal|p2a: Wannabe Arceus|82\/100|[from] move: Wish|[wisher] Fabiole Jr.\n|upkeep\n|turn|28\n|\n|switch|p1a: Avalugg|Avalugg, M|100\/100\n|move|p2a: Wannabe Arceus|Defog|p1a: Avalugg\n|-unboost|p1a: Avalugg|evasion|1\n|-sideend|p1: GW|Stealth Rock|[from] move: Defog|[of] p2a: Wannabe Arceus\n|-sideend|p2: The Last Hero|Spikes|[from] move: Defog|[of] p2a: Wannabe Arceus\n|\n|upkeep\n|turn|29\n|\n|move|p2a: Wannabe Arceus|U-turn|p1a: Avalugg\n|-damage|p1a: Avalugg|94\/100\n|\n|switch|p2a: Fabiole Jr.|Clefairy, M|72\/100|[from]move: U-turn\n|move|p1a: Avalugg|Toxic|p2a: Fabiole Jr.\n|-status|p2a: Fabiole Jr.|tox\n|\n|upkeep\n|turn|30\n|\n|move|p2a: Fabiole Jr.|Wish|p2a: Fabiole Jr.\n|move|p1a: Avalugg|Avalanche|p2a: Fabiole Jr.\n|-damage|p2a: Fabiole Jr.|33\/100 tox\n|\n|upkeep\n|turn|31\n|\n|switch|p1a: Raboot|Raboot, F|77\/100\n|move|p2a: Fabiole Jr.|Protect||[still]\n|-fail|p2a: Fabiole Jr.\n|\n|-heal|p2a: Fabiole Jr.|83\/100 tox|[from] move: Wish|[wisher] Fabiole Jr.\n|upkeep\n|turn|32\n|\n|switch|p2a: Wannabe Arceus|Silvally-Ghost|82\/100\n|move|p1a: Raboot|Flare Blitz|p2a: Wannabe Arceus\n|-crit|p2a: Wannabe Arceus\n|-damage|p2a: Wannabe Arceus|0 fnt\n|-damage|p1a: Raboot|37\/100|[from] Recoil\n|faint|p2a: Wannabe Arceus\n|\n|upkeep\n|\n|switch|p2a: Ninjabug|Ninjask, M|100\/100\n|turn|33\n|\n|switch|p1a: Ferroseed|Ferroseed, M|66\/100\n|move|p2a: Ninjabug|Acrobatics|p1a: Ferroseed\n|-damage|p1a: Ferroseed|23\/100\n|-damage|p2a: Ninjabug|88\/100|[from] ability: Iron Barbs|[of] p1a: Ferroseed\n|\n|-ability|p2a: Ninjabug|Speed Boost|boost\n|-boost|p2a: Ninjabug|spe|1\n|upkeep\n|turn|34\n|\n|switch|p1a: Stunfisk|Stunfisk-Galar, M|50\/100\n|move|p2a: Ninjabug|Acrobatics|p1a: Stunfisk\n|-resisted|p1a: Stunfisk\n|-damage|p1a: Stunfisk|30\/100\n|\n|-ability|p2a: Ninjabug|Speed Boost|boost\n|-boost|p2a: Ninjabug|spe|1\n|upkeep\n|turn|35\n|\n|move|p2a: Ninjabug|Acrobatics|p1a: Stunfisk\n|-resisted|p1a: Stunfisk\n|-damage|p1a: Stunfisk|9\/100\n|move|p1a: Stunfisk|Stealth Rock|p2a: Ninjabug\n|-sidestart|p2: The Last Hero|move: Stealth Rock\n|\n|-ability|p2a: Ninjabug|Speed Boost|boost\n|-boost|p2a: Ninjabug|spe|1\n|upkeep\n|turn|36\n|\n|switch|p1a: Avalugg|Avalugg, M|94\/100\n|move|p2a: Ninjabug|Acrobatics|p1a: Avalugg\n|-damage|p1a: Avalugg|75\/100\n|\n|-ability|p2a: Ninjabug|Speed Boost|boost\n|-boost|p2a: Ninjabug|spe|1\n|upkeep\n|turn|37\n|\n|move|p2a: Ninjabug|Toxic|p1a: Avalugg\n|-status|p1a: Avalugg|tox\n|move|p1a: Avalugg|Recover|p1a: Avalugg\n|-heal|p1a: Avalugg|100\/100 tox\n|\n|-damage|p1a: Avalugg|94\/100 tox|[from] psn\n|-ability|p2a: Ninjabug|Speed Boost|boost\n|-boost|p2a: Ninjabug|spe|1\n|upkeep\n|turn|38\n|\n|move|p2a: Ninjabug|Protect|p2a: Ninjabug\n|-singleturn|p2a: Ninjabug|Protect\n|move|p1a: Avalugg|Avalanche|p2a: Ninjabug\n|-activate|p2a: Ninjabug|move: Protect\n|\n|-damage|p1a: Avalugg|82\/100 tox|[from] psn\n|-ability|p2a: Ninjabug|Speed Boost|boost\n|-boost|p2a: Ninjabug|spe|1\n|upkeep\n|turn|39\n|\n|move|p2a: Ninjabug|U-turn|p1a: Avalugg\n|-crit|p1a: Avalugg\n|-damage|p1a: Avalugg|62\/100 tox\n|\n|switch|p2a: Quimera|Arctovish|100\/100|[from]move: U-turn\n|-damage|p2a: Quimera|76\/100|[from] Stealth Rock\n|move|p1a: Avalugg|Recover|p1a: Avalugg\n|-heal|p1a: Avalugg|100\/100 tox\n|\n|-damage|p1a: Avalugg|82\/100 tox|[from] psn\n|upkeep\n|turn|40\n|\n|switch|p1a: Ferroseed|Ferroseed, M|23\/100\n|move|p2a: Quimera|Fishious Rend|p1a: Ferroseed\n|-resisted|p1a: Ferroseed\n|-damage|p1a: Ferroseed|0 fnt\n|-damage|p2a: Quimera|63\/100|[from] ability: Iron Barbs|[of] p1a: Ferroseed\n|faint|p1a: Ferroseed\n|\n|upkeep\n|\n|switch|p1a: Raboot|Raboot, F|37\/100\n|turn|41\n|\n|switch|p2a: Blasco|Stunfisk, M|40\/100\n|-damage|p2a: Blasco|34\/100|[from] Stealth Rock\n|move|p1a: Raboot|Flare Blitz|p2a: Blasco\n|-damage|p2a: Blasco|0 fnt\n|-status|p1a: Raboot|par|[from] ability: Static|[of] p2a: Blasco\n|-damage|p1a: Raboot|20\/100 par|[from] Recoil\n|faint|p2a: Blasco\n|\n|upkeep\n|\n|switch|p2a: Gato Gay|Persian-Alola, M|39\/100\n|-damage|p2a: Gato Gay|26\/100|[from] Stealth Rock\n|turn|42\n|\n|switch|p1a: Stunfisk|Stunfisk-Galar, M|9\/100\n|move|p2a: Gato Gay|Knock Off|p1a: Stunfisk\n|-damage|p1a: Stunfisk|0 fnt\n|faint|p1a: Stunfisk\n|\n|upkeep\n|\n|switch|p1a: Rotom|Rotom|100\/100\n|turn|43\n|j| Alvaro271\n|\n|move|p1a: Rotom|Volt Switch|p2a: Gato Gay\n|-damage|p2a: Gato Gay|0 fnt\n|faint|p2a: Gato Gay\n|\n|switch|p1a: Silvally|Silvally-Water|31\/100 par|[from]move: Volt Switch\n|\n|upkeep\n|\n|switch|p2a: Quimera|Arctovish|63\/100\n|-damage|p2a: Quimera|38\/100|[from] Stealth Rock\n|turn|44\n|\n|move|p2a: Quimera|Fishious Rend|p1a: Silvally\n|-resisted|p1a: Silvally\n|-damage|p1a: Silvally|0 fnt\n|faint|p1a: Silvally\n|\n|upkeep\n|\n|switch|p1a: Rotom|Rotom|100\/100\n|turn|45\n|\n|move|p1a: Rotom|Volt Switch|p2a: Quimera\n|-supereffective|p2a: Quimera\n|-damage|p2a: Quimera|0 fnt\n|faint|p2a: Quimera\n|\n|switch|p1a: Avalugg|Avalugg, M|82\/100 tox|[from]move: Volt Switch\n|\n|-damage|p1a: Avalugg|76\/100 tox|[from] psn\n|upkeep\n|j| Midwest Emo Band\n|\n|switch|p2a: Fabiole Jr.|Clefairy, M|83\/100 tox\n|turn|46\n|\n|switch|p1a: Rotom|Rotom|100\/100\n|move|p2a: Fabiole Jr.|Wish|p2a: Fabiole Jr.\n|\n|upkeep\n|turn|47\n|\n|move|p1a: Rotom|Trick|p2a: Fabiole Jr.\n|-activate|p1a: Rotom|move: Trick|[of] p2a: Fabiole Jr.\n|-item|p2a: Fabiole Jr.|Choice Scarf|[from] move: Trick\n|-enditem|p1a: Rotom|Choice Scarf|[silent]|[from] move: Trick\n|move|p2a: Fabiole Jr.|Moonblast|p1a: Rotom\n|-damage|p1a: Rotom|62\/100\n|-unboost|p1a: Rotom|spa|1\n|\n|-heal|p2a: Fabiole Jr.|100\/100 tox|[from] move: Wish|[wisher] Fabiole Jr.\n|upkeep\n|turn|48\n|\n|move|p1a: Rotom|Nasty Plot|p1a: Rotom\n|-boost|p1a: Rotom|spa|2\n|move|p2a: Fabiole Jr.|Moonblast|p1a: Rotom\n|-damage|p1a: Rotom|24\/100\n|\n|upkeep\n|turn|49\n|\n|move|p1a: Rotom|Shadow Ball|p2a: Fabiole Jr.\n|-damage|p2a: Fabiole Jr.|50\/100 tox\n|move|p2a: Fabiole Jr.|Moonblast|p1a: Rotom\n|-damage|p1a: Rotom|0 fnt\n|faint|p1a: Rotom\n|\n|upkeep\n|\n|switch|p1a: Raboot|Raboot, F|20\/100 par\n|turn|50\n|\n|move|p2a: Fabiole Jr.|Moonblast|p1a: Raboot\n|-resisted|p1a: Raboot\n|-damage|p1a: Raboot|0 fnt\n|faint|p1a: Raboot\n|\n|upkeep\n|\n|switch|p1a: Avalugg|Avalugg, M|76\/100 tox\n|turn|51\n|\n|move|p2a: Fabiole Jr.|Moonblast|p1a: Avalugg\n|-damage|p1a: Avalugg|43\/100 tox\n|move|p1a: Avalugg|Avalanche|p2a: Fabiole Jr.\n|-damage|p2a: Fabiole Jr.|0 fnt\n|faint|p2a: Fabiole Jr.\n|\n|-damage|p1a: Avalugg|37\/100 tox|[from] psn\n|upkeep\n|\n|switch|p2a: Ninjabug|Ninjask, M|88\/100\n|-damage|p2a: Ninjabug|38\/100|[from] Stealth Rock\n|turn|52\n|\n|move|p2a: Ninjabug|Acrobatics|p1a: Avalugg\n|-damage|p1a: Avalugg|18\/100 tox\n|move|p1a: Avalugg|Recover|p1a: Avalugg\n|-heal|p1a: Avalugg|68\/100 tox\n|\n|-damage|p1a: Avalugg|56\/100 tox|[from] psn\n|-ability|p2a: Ninjabug|Speed Boost|boost\n|-boost|p2a: Ninjabug|spe|1\n|upkeep\n|turn|53\n|\n|move|p2a: Ninjabug|Acrobatics|p1a: Avalugg\n|-damage|p1a: Avalugg|35\/100 tox\n|move|p1a: Avalugg|Recover|p1a: Avalugg\n|-heal|p1a: Avalugg|85\/100 tox\n|\n|-damage|p1a: Avalugg|67\/100 tox|[from] psn\n|-ability|p2a: Ninjabug|Speed Boost|boost\n|-boost|p2a: Ninjabug|spe|1\n|upkeep\n|turn|54\n|\n|move|p2a: Ninjabug|Protect|p2a: Ninjabug\n|-singleturn|p2a: Ninjabug|Protect\n|move|p1a: Avalugg|Avalanche|p2a: Ninjabug\n|-activate|p2a: Ninjabug|move: Protect\n|\n|-damage|p1a: Avalugg|42\/100 tox|[from] psn\n|-ability|p2a: Ninjabug|Speed Boost|boost\n|-boost|p2a: Ninjabug|spe|1\n|upkeep\n|turn|55\n|\n|move|p2a: Ninjabug|Protect||[still]\n|-fail|p2a: Ninjabug\n|move|p1a: Avalugg|Avalanche|p2a: Ninjabug\n|-supereffective|p2a: Ninjabug\n|-damage|p2a: Ninjabug|0 fnt\n|faint|p2a: Ninjabug\n|\n|win|GW\n|c|\u2606GW|gg\n|c|\u2606The Last Hero|gg\n|l|\u2606The Last Hero\n|c| Midwest Emo Band|specs clef sweep\n|c| Midwest Emo Band|ah rip\n|c|\u2606GW|lol\n|c|\u2606GW|scarf\n|c|\u2606GW|but yeah\n|c| Alvaro271|specs clef\n|c| Alvaro271|thi is nazi\n|l|\u2606GW\n|l| Midwest Emo Band\n|l| Alvaro271\n||Ladder (probably) updated, but score could not be retrieved (Response not received).\n|j| Alvaro271\n","uploadtime":1591197095,"views":148,"p1id":"gw","p2id":"thelasthero","formatid":"gen8nu","rating":0,"private":0,"password":null}