{"id":"gen8balancedhackmons-1627010842","p1":"samakins123","p2":"Redflix","format":"gen8balancedhackmons","log":"|j|\u2606samakins123\n|j|\u2606Redflix\n|t:|1659007467\n|gametype|singles\n|player|p1|samakins123|juggler|1447\n|player|p2|Redflix|erika|1671\n|teamsize|p1|6\n|teamsize|p2|6\n|gen|8\n|tier|[Gen 8] Balanced Hackmons\n|rated|\n|rule|OHKO Clause: OHKO moves are banned\n|rule|Evasion Moves Clause: Evasion moves are banned\n|rule|Forme Clause: Limit one of each forme of a Pok\u00e9mon\n|rule|HP Percentage Mod: HP is shown in percentages\n|rule|Dynamax Clause: You cannot dynamax\n|rule|Sleep Clause: Sleep-inducing moves are banned\n|rule|Endless Battle Clause: Forcing endless battles is banned\n|clearpoke\n|poke|p1|Xerneas-*|\n|poke|p1|Lunala|\n|poke|p1|Yveltal|\n|poke|p1|Eternatus|\n|poke|p1|Ho-Oh|\n|poke|p1|Necrozma-Dusk-Mane|\n|poke|p2|Eternatus|\n|poke|p2|Zygarde-Complete|\n|poke|p2|Xerneas-*|\n|poke|p2|Lunala|\n|poke|p2|Celesteela|\n|poke|p2|Ho-Oh|\n|teampreview\n|inactive|Battle timer is ON: inactive players will automatically lose when time's up. (requested by samakins123)\n|inactive|Redflix has 120 seconds left.\n|\n|t:|1659007522\n|start\n|switch|p1a: The Queen|Lunala|100\/100\n|switch|p2a: Zygarde|Zygarde-Complete|100\/100\n|turn|1\n|l|\u2606samakins123\n|inactive|samakins123 disconnected and has a minute to reconnect!\n|player|p1|\n|j|\u2606samakins123\n|inactive|samakins123 reconnected and has 105 seconds left.\n|player|p1|samakins123|juggler\n|\n|t:|1659007573\n|move|p1a: The Queen|No Retreat|p1a: The Queen\n|-boost|p1a: The Queen|atk|2\n|-boost|p1a: The Queen|def|2\n|-boost|p1a: The Queen|spa|2\n|-boost|p1a: The Queen|spd|2\n|-boost|p1a: The Queen|spe|2\n|-start|p1a: The Queen|move: No Retreat\n|move|p2a: Zygarde|Spectral Thief||[still]\n|-clearpositiveboost|p1a: The Queen|p2a: Zygarde|move: Spectral Thief\n|-boost|p2a: Zygarde|atk|2\n|-boost|p2a: Zygarde|def|2\n|-boost|p2a: Zygarde|spa|2\n|-boost|p2a: Zygarde|spd|2\n|-boost|p2a: Zygarde|spe|2\n|-anim|p2a: Zygarde|Spectral Thief|p1a: The Queen\n|-supereffective|p1a: The Queen\n|-enditem|p1a: The Queen|Focus Sash\n|-damage|p1a: The Queen|1\/100\n|\n|upkeep\n|turn|2\n|\n|t:|1659007580\n|move|p2a: Zygarde|Spectral Thief|p1a: The Queen\n|-supereffective|p1a: The Queen\n|-damage|p1a: The Queen|0 fnt\n|faint|p1a: The Queen\n|\n|upkeep\n|\n|t:|1659007583\n|switch|p1a: The Guardian Angel|Ho-Oh|100\/100\n|turn|3\n|\n|t:|1659007587\n|move|p1a: The Guardian Angel|Topsy-Turvy|p2a: Zygarde\n|move|p2a: Zygarde|Topsy-Turvy||[from]ability: Magic Bounce|[still]\n|-fail|p2a: Zygarde\n|move|p2a: Zygarde|Flip Turn|p1a: The Guardian Angel\n|-supereffective|p1a: The Guardian Angel\n|-damage|p1a: The Guardian Angel|50\/100\n|\n|t:|1659007592\n|switch|p2a: Xerneas|Xerneas|100\/100|[from]move: Flip Turn\n|\n|-status|p2a: Xerneas|tox|[from] item: Toxic Orb\n|upkeep\n|turn|4\n|\n|t:|1659007598\n|move|p1a: The Guardian Angel|Parting Shot|p2a: Xerneas\n|-unboost|p2a: Xerneas|atk|1\n|-unboost|p2a: Xerneas|spa|1\n|\n|t:|1659007600\n|switch|p1a: The Bodyguard|Necrozma-Dusk-Mane|100\/100|[from]move: Parting Shot\n|move|p2a: Xerneas|Thunder Cage|p1a: The Bodyguard\n|-damage|p1a: The Bodyguard|86\/100\n|-activate|p1a: The Bodyguard|move: Thunder Cage|[of] p2a: Xerneas\n|\n|-damage|p1a: The Bodyguard|74\/100|[from] move: Thunder Cage|[partiallytrapped]\n|upkeep\n|turn|5\n|\n|t:|1659007603\n|move|p2a: Xerneas|Strength Sap|p1a: The Bodyguard\n|-unboost|p1a: The Bodyguard|atk|2\n|move|p1a: The Bodyguard|Shift Gear|p1a: The Bodyguard\n|-boost|p1a: The Bodyguard|spe|4\n|-boost|p1a: The Bodyguard|atk|2\n|\n|-damage|p1a: The Bodyguard|62\/100|[from] move: Thunder Cage|[partiallytrapped]\n|upkeep\n|turn|6\n|\n|t:|1659007612\n|switch|p2a: Zygarde|Zygarde-Complete|100\/100\n|move|p1a: The Bodyguard|Photon Geyser|p2a: Zygarde\n|-damage|p2a: Zygarde|72\/100\n|-damage|p1a: The Bodyguard|52\/100|[from] item: Life Orb\n|\n|-heal|p2a: Zygarde|78\/100|[from] item: Leftovers\n|-end|p1a: The Bodyguard|Thunder Cage|[partiallytrapped]|[silent]\n|upkeep\n|turn|7\n|\n|t:|1659007616\n|move|p1a: The Bodyguard|Shift Gear|p1a: The Bodyguard\n|-boost|p1a: The Bodyguard|spe|2\n|-boost|p1a: The Bodyguard|atk|2\n|move|p2a: Zygarde|Spectral Thief||[still]\n|-clearpositiveboost|p1a: The Bodyguard|p2a: Zygarde|move: Spectral Thief\n|-boost|p2a: Zygarde|atk|2\n|-boost|p2a: Zygarde|spe|6\n|-anim|p2a: Zygarde|Spectral Thief|p1a: The Bodyguard\n|-supereffective|p1a: The Bodyguard\n|-damage|p1a: The Bodyguard|0 fnt\n|faint|p1a: The Bodyguard\n|\n|-heal|p2a: Zygarde|85\/100|[from] item: Leftovers\n|upkeep\n|\n|t:|1659007618\n|switch|p1a: The Guardian Angel|Ho-Oh|50\/100\n|turn|8\n|\n|t:|1659007620\n|move|p1a: The Guardian Angel|Glare|p2a: Zygarde\n|move|p2a: Zygarde|Glare|p1a: The Guardian Angel|[from]ability: Magic Bounce\n|-status|p1a: The Guardian Angel|par\n|move|p2a: Zygarde|Flip Turn|p1a: The Guardian Angel\n|-supereffective|p1a: The Guardian Angel\n|-damage|p1a: The Guardian Angel|5\/100 par\n|\n|t:|1659007625\n|switch|p2a: Xerneas|Xerneas|100\/100 tox|[from]move: Flip Turn\n|\n|upkeep\n|turn|9\n|\n|t:|1659007638\n|move|p2a: Xerneas|Quiver Dance|p2a: Xerneas\n|-boost|p2a: Xerneas|spa|1\n|-boost|p2a: Xerneas|spd|1\n|-boost|p2a: Xerneas|spe|1\n|move|p1a: The Guardian Angel|V-create|p2a: Xerneas\n|-damage|p2a: Xerneas|44\/100 tox\n|-unboost|p1a: The Guardian Angel|spe|1\n|-unboost|p1a: The Guardian Angel|def|1\n|-unboost|p1a: The Guardian Angel|spd|1\n|\n|-heal|p2a: Xerneas|56\/100 tox|[from] ability: Poison Heal\n|upkeep\n|turn|10\n|\n|t:|1659007644\n|move|p2a: Xerneas|Moonblast|p1a: The Guardian Angel\n|-resisted|p1a: The Guardian Angel\n|-damage|p1a: The Guardian Angel|0 fnt\n|faint|p1a: The Guardian Angel\n|\n|-heal|p2a: Xerneas|69\/100 tox|[from] ability: Poison Heal\n|upkeep\n|\n|t:|1659007660\n|switch|p1a: The Demon|Eternatus|100\/100\n|turn|11\n|\n|t:|1659007662\n|move|p2a: Xerneas|Moonblast|p1a: The Demon\n|-damage|p1a: The Demon|53\/100\n|move|p1a: The Demon|Nasty Plot|p1a: The Demon\n|-boost|p1a: The Demon|spa|4\n|\n|-heal|p2a: Xerneas|81\/100 tox|[from] ability: Poison Heal\n|upkeep\n|turn|12\n|\n|t:|1659007670\n|move|p2a: Xerneas|Moonblast|p1a: The Demon\n|-damage|p1a: The Demon|3\/100\n|move|p1a: The Demon|Sludge Wave|p2a: Xerneas\n|-supereffective|p2a: Xerneas\n|-damage|p2a: Xerneas|0 fnt\n|faint|p2a: Xerneas\n|\n|upkeep\n|\n|t:|1659007673\n|switch|p2a: Celesteela|Celesteela|100\/100\n|turn|13\n|\n|t:|1659007678\n|move|p1a: The Demon|Core Enforcer|p2a: Celesteela\n|-resisted|p2a: Celesteela\n|-damage|p2a: Celesteela|73\/100\n|move|p2a: Celesteela|Anchor Shot|p1a: The Demon\n|-damage|p1a: The Demon|0 fnt\n|faint|p1a: The Demon\n|\n|-heal|p2a: Celesteela|79\/100|[from] item: Leftovers\n|upkeep\n|\n|t:|1659007681\n|switch|p1a: The Princess|Xerneas|100\/100\n|turn|14\n|\n|t:|1659007684\n|move|p1a: The Princess|Quiver Dance|p1a: The Princess\n|-boost|p1a: The Princess|spa|1\n|-boost|p1a: The Princess|spd|1\n|-boost|p1a: The Princess|spe|1\n|move|p2a: Celesteela|Nuzzle|p1a: The Princess\n|-damage|p1a: The Princess|97\/100\n|-status|p1a: The Princess|par\n|\n|-heal|p2a: Celesteela|85\/100|[from] item: Leftovers\n|upkeep\n|turn|15\n|\n|t:|1659007686\n|move|p1a: The Princess|Blue Flare|p2a: Celesteela\n|-supereffective|p2a: Celesteela\n|-damage|p2a: Celesteela|21\/100\n|-damage|p1a: The Princess|87\/100 par|[from] item: Life Orb\n|move|p2a: Celesteela|Anchor Shot|p1a: The Princess\n|-supereffective|p1a: The Princess\n|-damage|p1a: The Princess|38\/100 par\n|-activate|p1a: The Princess|trapped\n|\n|-heal|p2a: Celesteela|27\/100|[from] item: Leftovers\n|upkeep\n|turn|16\n|\n|t:|1659007696\n|switch|p2a: Ho-Oh|Ho-Oh|100\/100\n|cant|p1a: The Princess|par\n|\n|upkeep\n|turn|17\n|\n|t:|1659007700\n|move|p2a: Ho-Oh|Fire Lash|p1a: The Princess\n|-damage|p1a: The Princess|9\/100 par\n|-unboost|p1a: The Princess|def|1\n|move|p1a: The Princess|Boomburst|p2a: Ho-Oh\n|-resisted|p2a: Ho-Oh\n|-damage|p2a: Ho-Oh|61\/100\n|-damage|p1a: The Princess|0 fnt|[from] item: Life Orb\n|faint|p1a: The Princess\n|\n|upkeep\n|\n|t:|1659007703\n|switch|p1a: The Rebel|Yveltal|100\/100\n|turn|18\n|j| Karlaaaaaa\n|\n|t:|1659007711\n|move|p1a: The Rebel|Geomancy||[still]\n|-prepare|p1a: The Rebel|Geomancy\n|-enditem|p1a: The Rebel|Power Herb\n|-anim|p1a: The Rebel|Geomancy|p1a: The Rebel\n|-boost|p1a: The Rebel|spa|4\n|-boost|p1a: The Rebel|spd|4\n|-boost|p1a: The Rebel|spe|4\n|move|p2a: Ho-Oh|Fire Lash|p1a: The Rebel\n|-damage|p1a: The Rebel|73\/100\n|-unboost|p1a: The Rebel|def|2\n|\n|upkeep\n|turn|19\n|\n|t:|1659007716\n|move|p1a: The Rebel|Fiery Wrath|p2a: Ho-Oh\n|-damage|p2a: Ho-Oh|0 fnt\n|faint|p2a: Ho-Oh\n|\n|upkeep\n|\n|t:|1659007720\n|switch|p2a: Zygarde|Zygarde-Complete|85\/100\n|turn|20\n|\n|t:|1659007724\n|move|p1a: The Rebel|Blizzard|p2a: Zygarde\n|-supereffective|p2a: Zygarde\n|-damage|p2a: Zygarde|0 fnt\n|faint|p2a: Zygarde\n|\n|upkeep\n|\n|t:|1659007726\n|switch|p2a: Celesteela|Celesteela|27\/100\n|turn|21\n|\n|t:|1659007729\n|move|p1a: The Rebel|Blue Flare|p2a: Celesteela\n|-supereffective|p2a: Celesteela\n|-damage|p2a: Celesteela|0 fnt\n|faint|p2a: Celesteela\n|\n|upkeep\n|\n|t:|1659007732\n|switch|p2a: Eternatus|Eternatus|100\/100\n|turn|22\n|\n|t:|1659007735\n|move|p1a: The Rebel|Blizzard|p2a: Eternatus\n|-supereffective|p2a: Eternatus\n|-damage|p2a: Eternatus|0 fnt\n|faint|p2a: Eternatus\n|\n|upkeep\n|\n|t:|1659007738\n|switch|p2a: Lunala|Lunala|100\/100\n|turn|23\n|\n|t:|1659007742\n|move|p1a: The Rebel|Fiery Wrath|p2a: Lunala\n|-supereffective|p2a: Lunala\n|-damage|p2a: Lunala|0 fnt\n|faint|p2a: Lunala\n|\n|win|samakins123\n|raw|samakins123's rating: 1447 &rarr; <strong>1478<\/strong><br \/>(+31 for winning)\n|raw|Redflix's rating: 1671 &rarr; <strong>1640<\/strong><br \/>(-31 for losing)\n|l|\u2606Redflix\n","uploadtime":1659007764,"views":41,"p1id":"samakins123","p2id":"redflix","formatid":"gen8balancedhackmons","rating":1478,"private":0,"password":null}