{"id":"gen8bdspou-1485191118","p1":"Colonel Rivai","p2":"Quinroux","format":"gen8bdspou","log":"|j|\u2606Colonel Rivai\n|j|\u2606Quinroux\n|t:|1641306832\n|gametype|singles\n|player|p1|Colonel Rivai|102|1539\n|player|p2|Quinroux|lance|1515\n|teamsize|p1|6\n|teamsize|p2|6\n|gen|8\n|tier|[Gen 8 BDSP] OU\n|rated|\n|rule|Sleep Clause Mod: Limit one foe put to sleep\n|rule|Species Clause: Limit one of each Pok\u00e9mon\n|rule|OHKO Clause: OHKO moves are banned\n|rule|Evasion Moves Clause: Evasion moves are banned\n|rule|Endless Battle Clause: Forcing endless battles is banned\n|rule|HP Percentage Mod: HP is shown in percentages\n|clearpoke\n|poke|p1|Nidoking, M|\n|poke|p1|Crawdaunt, M|\n|poke|p1|Scizor, M|\n|poke|p1|Rotom-Wash|\n|poke|p1|Latios, M|\n|poke|p1|Gliscor, M|\n|poke|p2|Clefable, F|\n|poke|p2|Garchomp, F|\n|poke|p2|Scizor, F|\n|poke|p2|Crawdaunt, M|\n|poke|p2|Gengar, M|\n|poke|p2|Heatran, F|\n|teampreview\n|inactive|Battle timer is ON: inactive players will automatically lose when time's up. (requested by Quinroux)\n|\n|t:|1641306851\n|start\n|switch|p1a: Latios|Latios, M|100\/100\n|switch|p2a: Garchomp|Garchomp, F|100\/100\n|turn|1\n|\n|t:|1641306855\n|switch|p1a: Gliscor|Gliscor, M|100\/100\n|switch|p2a: Clefable|Clefable, F|100\/100\n|\n|-status|p1a: Gliscor|tox|[from] item: Toxic Orb\n|upkeep\n|turn|2\n|\n|t:|1641306860\n|move|p1a: Gliscor|Stealth Rock|p2a: Clefable\n|-sidestart|p2: Quinroux|move: Stealth Rock\n|move|p2a: Clefable|Ice Beam|p1a: Gliscor\n|-supereffective|p1a: Gliscor\n|-damage|p1a: Gliscor|14\/100 tox\n|\n|-heal|p1a: Gliscor|27\/100 tox|[from] ability: Poison Heal\n|upkeep\n|turn|3\n|\n|t:|1641306867\n|move|p1a: Gliscor|U-turn|p2a: Clefable\n|-resisted|p2a: Clefable\n|-damage|p2a: Clefable|95\/100\n|\n|t:|1641306869\n|switch|p1a: Nidoking|Nidoking, M|100\/100|[from]move: U-turn\n|move|p2a: Clefable|Ice Beam|p1a: Nidoking\n|-supereffective|p1a: Nidoking\n|-damage|p1a: Nidoking|34\/100\n|\n|-heal|p2a: Clefable|100\/100|[from] item: Leftovers\n|upkeep\n|turn|4\n|\n|t:|1641306874\n|switch|p2a: Scizor|Scizor, F|100\/100\n|-damage|p2a: Scizor|88\/100|[from] Stealth Rock\n|move|p1a: Nidoking|Earth Power|p2a: Scizor\n|-damage|p2a: Scizor|39\/100\n|\n|-heal|p2a: Scizor|45\/100|[from] item: Leftovers\n|upkeep\n|turn|5\n|\n|t:|1641306880\n|switch|p1a: Rotom|Rotom-Wash|100\/100\n|move|p2a: Scizor|Bullet Punch|p1a: Rotom\n|-resisted|p1a: Rotom\n|-damage|p1a: Rotom|92\/100\n|\n|-heal|p2a: Scizor|51\/100|[from] item: Leftovers\n|upkeep\n|turn|6\n|\n|t:|1641306884\n|move|p1a: Rotom|Hydro Pump|p2a: Scizor\n|-damage|p2a: Scizor|8\/100\n|move|p2a: Scizor|Defog|p1a: Rotom\n|-unboost|p1a: Rotom|evasion|1\n|-sideend|p2: Quinroux|Stealth Rock|[from] move: Defog|[of] p2a: Scizor\n|\n|-heal|p2a: Scizor|14\/100|[from] item: Leftovers\n|upkeep\n|turn|7\n|\n|t:|1641306893\n|switch|p1a: Gliscor|Gliscor, M|27\/100 tox\n|move|p2a: Scizor|Bullet Punch|p1a: Gliscor\n|-damage|p1a: Gliscor|9\/100 tox\n|\n|-heal|p2a: Scizor|20\/100|[from] item: Leftovers\n|-heal|p1a: Gliscor|21\/100 tox|[from] ability: Poison Heal\n|upkeep\n|turn|8\n|j| rediyu\n|\n|t:|1641306896\n|move|p1a: Gliscor|Roost|p1a: Gliscor\n|-heal|p1a: Gliscor|72\/100 tox\n|-singleturn|p1a: Gliscor|move: Roost\n|move|p2a: Scizor|Roost|p2a: Scizor\n|-heal|p2a: Scizor|70\/100\n|-singleturn|p2a: Scizor|move: Roost\n|\n|-heal|p2a: Scizor|76\/100|[from] item: Leftovers\n|-heal|p1a: Gliscor|84\/100 tox|[from] ability: Poison Heal\n|upkeep\n|turn|9\n|\n|t:|1641306900\n|move|p1a: Gliscor|Stealth Rock|p2a: Scizor\n|-sidestart|p2: Quinroux|move: Stealth Rock\n|move|p2a: Scizor|Roost|p2a: Scizor\n|-heal|p2a: Scizor|100\/100\n|-singleturn|p2a: Scizor|move: Roost\n|\n|-heal|p1a: Gliscor|97\/100 tox|[from] ability: Poison Heal\n|upkeep\n|turn|10\n|\n|t:|1641306903\n|move|p1a: Gliscor|U-turn|p2a: Scizor\n|-resisted|p2a: Scizor\n|-damage|p2a: Scizor|93\/100\n|\n|t:|1641306904\n|switch|p1a: Crawdaunt|Crawdaunt, M|100\/100|[from]move: U-turn\n|move|p2a: Scizor|Defog|p1a: Crawdaunt\n|-unboost|p1a: Crawdaunt|evasion|1\n|-sideend|p2: Quinroux|Stealth Rock|[from] move: Defog|[of] p2a: Scizor\n|\n|-heal|p2a: Scizor|99\/100|[from] item: Leftovers\n|upkeep\n|turn|11\n|\n|t:|1641306906\n|move|p1a: Crawdaunt|Knock Off|p2a: Scizor\n|-damage|p2a: Scizor|0 fnt\n|-enditem|p2a: Scizor|Leftovers|[from] move: Knock Off|[of] p1a: Crawdaunt\n|faint|p2a: Scizor\n|\n|upkeep\n|\n|t:|1641306915\n|switch|p2a: Garchomp|Garchomp, F|100\/100\n|turn|12\n|\n|t:|1641306918\n|switch|p1a: Gliscor|Gliscor, M|97\/100 tox\n|move|p2a: Garchomp|Outrage|p1a: Gliscor\n|-damage|p1a: Gliscor|41\/100 tox\n|-damage|p2a: Garchomp|91\/100|[from] item: Life Orb\n|\n|-heal|p1a: Gliscor|53\/100 tox|[from] ability: Poison Heal\n|upkeep\n|turn|13\n|\n|t:|1641306926\n|move|p2a: Garchomp|Outrage|p1a: Gliscor|[from]lockedmove\n|-damage|p1a: Gliscor|0 fnt\n|faint|p1a: Gliscor\n|-damage|p2a: Garchomp|81\/100|[from] item: Life Orb\n|-start|p2a: Garchomp|confusion|[fatigue]\n|\n|upkeep\n|j| TravisScottConcert\n|\n|t:|1641306930\n|switch|p1a: Latios|Latios, M|100\/100\n|turn|14\n|\n|t:|1641306936\n|switch|p1a: Nidoking|Nidoking, M|34\/100\n|switch|p2a: Heatran|Heatran, F|100\/100\n|\n|upkeep\n|turn|15\n|\n|t:|1641306945\n|switch|p2a: Clefable|Clefable, F|100\/100\n|move|p1a: Nidoking|Earth Power|p2a: Clefable\n|-damage|p2a: Clefable|41\/100\n|\n|-heal|p2a: Clefable|47\/100|[from] item: Leftovers\n|upkeep\n|turn|16\n|\n|t:|1641306951\n|move|p1a: Nidoking|Earth Power|p2a: Clefable\n|-damage|p2a: Clefable|0 fnt\n|faint|p2a: Clefable\n|\n|upkeep\n|\n|t:|1641306953\n|switch|p2a: Crawdaunt|Crawdaunt, M|100\/100\n|turn|17\n|\n|t:|1641306957\n|move|p2a: Crawdaunt|Aqua Jet|p1a: Nidoking\n|-supereffective|p1a: Nidoking\n|-damage|p1a: Nidoking|0 fnt\n|faint|p1a: Nidoking\n|\n|upkeep\n|\n|t:|1641306959\n|switch|p1a: Latios|Latios, M|100\/100\n|turn|18\n|\n|t:|1641306962\n|move|p1a: Latios|Surf|p2a: Crawdaunt\n|-resisted|p2a: Crawdaunt\n|-damage|p2a: Crawdaunt|53\/100\n|move|p2a: Crawdaunt|Knock Off|p1a: Latios\n|-supereffective|p1a: Latios\n|-damage|p1a: Latios|0 fnt\n|-enditem|p1a: Latios|Choice Specs|[from] move: Knock Off|[of] p2a: Crawdaunt\n|faint|p1a: Latios\n|\n|upkeep\n|\n|t:|1641306964\n|switch|p1a: Rotom|Rotom-Wash|92\/100\n|turn|19\n|\n|t:|1641306974\n|move|p1a: Rotom|Will-O-Wisp|p2a: Crawdaunt\n|-status|p2a: Crawdaunt|brn\n|move|p2a: Crawdaunt|Knock Off|p1a: Rotom\n|-damage|p1a: Rotom|49\/100\n|-enditem|p1a: Rotom|Choice Scarf|[from] move: Knock Off|[of] p2a: Crawdaunt\n|\n|-damage|p2a: Crawdaunt|47\/100 brn|[from] brn\n|upkeep\n|turn|20\n|\n|t:|1641306981\n|switch|p2a: Garchomp|Garchomp, F|81\/100\n|move|p1a: Rotom|Volt Switch|p2a: Garchomp\n|-immune|p2a: Garchomp\n|\n|upkeep\n|turn|21\n|\n|t:|1641306987\n|move|p2a: Garchomp|Outrage|p1a: Rotom\n|-crit|p1a: Rotom\n|-damage|p1a: Rotom|0 fnt\n|faint|p1a: Rotom\n|-damage|p2a: Garchomp|71\/100|[from] item: Life Orb\n|\n|upkeep\n|\n|t:|1641306990\n|switch|p1a: Scizor|Scizor, M|100\/100\n|turn|22\n|\n|t:|1641306994\n|move|p2a: Garchomp|Outrage|p1a: Scizor|[from]lockedmove\n|-resisted|p1a: Scizor\n|-damage|p1a: Scizor|64\/100\n|-damage|p2a: Garchomp|61\/100|[from] item: Life Orb\n|-start|p2a: Garchomp|confusion|[fatigue]\n|move|p1a: Scizor|Swords Dance|p1a: Scizor\n|-boost|p1a: Scizor|atk|2\n|\n|-heal|p1a: Scizor|70\/100|[from] item: Leftovers\n|upkeep\n|turn|23\n|\n|t:|1641307002\n|switch|p2a: Heatran|Heatran, F|100\/100\n|move|p1a: Scizor|U-turn|p2a: Heatran\n|-resisted|p2a: Heatran\n|-damage|p2a: Heatran|87\/100\n|\n|t:|1641307004\n|switch|p1a: Crawdaunt|Crawdaunt, M|100\/100|[from]move: U-turn\n|\n|-heal|p2a: Heatran|93\/100|[from] item: Leftovers\n|upkeep\n|turn|24\n|l| TravisScottConcert\n|\n|t:|1641307010\n|switch|p2a: Crawdaunt|Crawdaunt, M|47\/100 brn\n|move|p1a: Crawdaunt|Crabhammer|p2a: Crawdaunt\n|-resisted|p2a: Crawdaunt\n|-damage|p2a: Crawdaunt|0 fnt\n|faint|p2a: Crawdaunt\n|\n|upkeep\n|\n|t:|1641307015\n|switch|p2a: Garchomp|Garchomp, F|61\/100\n|turn|25\n|\n|t:|1641307021\n|switch|p1a: Scizor|Scizor, M|70\/100\n|move|p2a: Garchomp|Earthquake|p1a: Scizor\n|-damage|p1a: Scizor|0 fnt\n|faint|p1a: Scizor\n|-damage|p2a: Garchomp|51\/100|[from] item: Life Orb\n|\n|upkeep\n|\n|t:|1641307024\n|switch|p1a: Crawdaunt|Crawdaunt, M|100\/100\n|turn|26\n|\n|t:|1641307026\n|move|p1a: Crawdaunt|Aqua Jet|p2a: Garchomp\n|-damage|p2a: Garchomp|5\/100\n|-damage|p1a: Crawdaunt|88\/100|[from] ability: Rough Skin|[of] p2a: Garchomp\n|move|p2a: Garchomp|Outrage|p1a: Crawdaunt\n|-damage|p1a: Crawdaunt|0 fnt\n|faint|p1a: Crawdaunt\n|-damage|p2a: Garchomp|0 fnt|[from] item: Life Orb\n|faint|p2a: Garchomp\n|\n|win|Quinroux\n|raw|Colonel Rivai's rating: 1539 &rarr; <strong>1518<\/strong><br \/>(-21 for losing)\n|raw|Quinroux's rating: 1515 &rarr; <strong>1536<\/strong><br \/>(+21 for winning)\n|l|\u2606Colonel Rivai\n|l| rediyu\n|l|\u2606Quinroux\n||Ladder isn't responding, score probably updated but might not have (Request timeout).\n","uploadtime":1641307249,"views":17,"p1id":"colonelrivai","p2id":"quinroux","formatid":"gen8bdspou","rating":1518,"private":0,"password":null}