{"id":"gen8ou-1549974987","p1":"Flare (Flareon)\u262f","p2":"kazt 5","format":"gen8ou","log":"|j|\u2606Flare (Flareon)\u262f\n|j|\u2606kazt 5\n|inactive|Battle timer is ON: inactive players will automatically lose when time's up.\n|t:|1649553064\n|gametype|singles\n|player|p1|Flare (Flareon)\u262f|winona|\n|player|p2|kazt 5|acetrainersnowf|\n|teamsize|p1|6\n|teamsize|p2|6\n|gen|8\n|tier|[Gen 8] OU\n|rated|Tournament battle\n|rule|Sleep Clause Mod: Limit one foe put to sleep\n|rule|Species Clause: Limit one of each Pok\u00e9mon\n|rule|OHKO Clause: OHKO moves are banned\n|rule|Evasion Moves Clause: Evasion moves are banned\n|rule|Endless Battle Clause: Forcing endless battles is banned\n|rule|HP Percentage Mod: HP is shown in percentages\n|rule|Dynamax Clause: You cannot dynamax\n|clearpoke\n|poke|p1|Azumarill, M|\n|poke|p1|Ninetales-Alola, F|\n|poke|p1|Skarmory, M|\n|poke|p1|Landorus-Therian, M|\n|poke|p1|Hydreigon, M|\n|poke|p1|Zeraora|\n|poke|p2|Tapu Lele|\n|poke|p2|Tyranitar, F|\n|poke|p2|Ferrothorn, F|\n|poke|p2|Tapu Fini|\n|poke|p2|Excadrill, M|\n|poke|p2|Zapdos|\n|teampreview\n|inactive|Flare (Flareon)\u262f also wants the timer to be on.\n|c|\u2606kazt 5|hf!\n|c|\u2606Flare (Flareon)\u262f|hfhf\n|\n|t:|1649553080\n|start\n|switch|p1a: Hydreigon|Hydreigon, M|100\/100\n|switch|p2a: Tapu Lele|Tapu Lele|100\/100\n|-fieldstart|move: Psychic Terrain|[from] ability: Psychic Surge|[of] p2a: Tapu Lele\n|turn|1\n|\n|t:|1649553093\n|move|p1a: Hydreigon|Flash Cannon|p2a: Tapu Lele\n|-supereffective|p2a: Tapu Lele\n|-damage|p2a: Tapu Lele|26\/100\n|move|p2a: Tapu Lele|Moonblast|p1a: Hydreigon\n|-supereffective|p1a: Hydreigon\n|-damage|p1a: Hydreigon|0 fnt\n|faint|p1a: Hydreigon\n|\n|upkeep\n|\n|t:|1649553104\n|switch|p1a: Ninetales|Ninetales-Alola, F|100\/100\n|-weather|Hail|[from] ability: Snow Warning|[of] p1a: Ninetales\n|turn|2\n|\n|t:|1649553107\n|switch|p2a: Tyranitar|Tyranitar, F|100\/100\n|-weather|Sandstorm|[from] ability: Sand Stream|[of] p2a: Tyranitar\n|move|p1a: Ninetales|Moonblast|p2a: Tyranitar\n|-supereffective|p2a: Tyranitar\n|-damage|p2a: Tyranitar|54\/100\n|\n|-weather|Sandstorm|[upkeep]\n|-damage|p1a: Ninetales|95\/100|[from] Sandstorm\n|upkeep\n|turn|3\n|\n|t:|1649553111\n|switch|p1a: Landorus|Landorus-Therian, M|100\/100\n|-ability|p1a: Landorus|Intimidate|boost\n|-unboost|p2a: Tyranitar|atk|1\n|move|p2a: Tyranitar|Stone Edge|p1a: Landorus|[miss]\n|-miss|p2a: Tyranitar|p1a: Landorus\n|\n|-weather|Sandstorm|[upkeep]\n|upkeep\n|turn|4\n|\n|t:|1649553119\n|switch|p2a: Ferrothorn|Ferrothorn, F|100\/100\n|move|p1a: Landorus|Stealth Rock|p2a: Ferrothorn\n|-sidestart|p2: kazt 5|move: Stealth Rock\n|\n|-weather|Sandstorm|[upkeep]\n|upkeep\n|turn|5\n|\n|t:|1649553129\n|switch|p1a: Skarmory|Skarmory, M|100\/100\n|move|p2a: Ferrothorn|Stealth Rock|p1a: Skarmory\n|-sidestart|p1: Flare (Flareon)\u262f|move: Stealth Rock\n|\n|-weather|Sandstorm|[upkeep]\n|-fieldend|move: Psychic Terrain\n|upkeep\n|turn|6\n|\n|t:|1649553135\n|move|p1a: Skarmory|Body Press|p2a: Ferrothorn\n|-supereffective|p2a: Ferrothorn\n|-damage|p2a: Ferrothorn|52\/100\n|-damage|p1a: Skarmory|88\/100|[from] ability: Iron Barbs|[of] p2a: Ferrothorn\n|move|p2a: Ferrothorn|Knock Off|p1a: Skarmory\n|-damage|p1a: Skarmory|77\/100\n|-damage|p2a: Ferrothorn|35\/100|[from] item: Rocky Helmet|[of] p1a: Skarmory\n|-enditem|p1a: Skarmory|Rocky Helmet|[from] move: Knock Off|[of] p2a: Ferrothorn\n|\n|-weather|none\n|-heal|p2a: Ferrothorn|41\/100|[from] item: Leftovers\n|upkeep\n|turn|7\n|\n|t:|1649553146\n|switch|p2a: Zapdos|Zapdos|100\/100\n|move|p1a: Skarmory|Defog|p2a: Zapdos\n|-unboost|p2a: Zapdos|evasion|1\n|-sideend|p2: kazt 5|Stealth Rock|[from] move: Defog|[of] p1a: Skarmory\n|-sideend|p1: Flare (Flareon)\u262f|Stealth Rock|[from] move: Defog|[of] p1a: Skarmory\n|\n|upkeep\n|turn|8\n|\n|t:|1649553150\n|switch|p1a: Landorus|Landorus-Therian, M|100\/100\n|-ability|p1a: Landorus|Intimidate|boost\n|-unboost|p2a: Zapdos|atk|1\n|move|p2a: Zapdos|Toxic|p1a: Landorus\n|-status|p1a: Landorus|tox\n|\n|-damage|p1a: Landorus|95\/100 tox|[from] psn\n|upkeep\n|turn|9\n|\n|t:|1649553159\n|switch|p2a: Ferrothorn|Ferrothorn, F|41\/100\n|move|p1a: Landorus|Swords Dance|p1a: Landorus\n|-boost|p1a: Landorus|atk|2\n|\n|-heal|p2a: Ferrothorn|48\/100|[from] item: Leftovers\n|-damage|p1a: Landorus|83\/100 tox|[from] psn\n|upkeep\n|turn|10\n|\n|t:|1649553167\n|switch|p2a: Zapdos|Zapdos|100\/100\n|move|p1a: Landorus|Stealth Rock|p2a: Zapdos\n|-sidestart|p2: kazt 5|move: Stealth Rock\n|\n|-damage|p1a: Landorus|65\/100 tox|[from] psn\n|upkeep\n|turn|11\n|\n|t:|1649553171\n|move|p1a: Landorus|Explosion|p2a: Zapdos\n|-damage|p2a: Zapdos|0 fnt\n|faint|p1a: Landorus\n|faint|p2a: Zapdos\n|\n|upkeep\n|\n|t:|1649553184\n|switch|p1a: Ninetales|Ninetales-Alola, F|95\/100\n|switch|p2a: Tyranitar|Tyranitar, F|54\/100\n|-weather|Hail|[from] ability: Snow Warning|[of] p1a: Ninetales\n|-damage|p2a: Tyranitar|41\/100|[from] Stealth Rock\n|-weather|Sandstorm|[from] ability: Sand Stream|[of] p2a: Tyranitar\n|turn|12\n|\n|t:|1649553194\n|switch|p2a: Ferrothorn|Ferrothorn, F|48\/100\n|-damage|p2a: Ferrothorn|41\/100|[from] Stealth Rock\n|move|p1a: Ninetales|Moonblast|p2a: Ferrothorn\n|-resisted|p2a: Ferrothorn\n|-damage|p2a: Ferrothorn|30\/100\n|\n|-weather|Sandstorm|[upkeep]\n|-damage|p1a: Ninetales|89\/100|[from] Sandstorm\n|-heal|p2a: Ferrothorn|37\/100|[from] item: Leftovers\n|upkeep\n|turn|13\n|\n|t:|1649553197\n|switch|p1a: Skarmory|Skarmory, M|77\/100\n|move|p2a: Ferrothorn|Stealth Rock|p1a: Skarmory\n|-sidestart|p1: Flare (Flareon)\u262f|move: Stealth Rock\n|\n|-weather|Sandstorm|[upkeep]\n|-heal|p2a: Ferrothorn|43\/100|[from] item: Leftovers\n|upkeep\n|turn|14\n|\n|t:|1649553203\n|switch|p2a: Tapu Fini|Tapu Fini|100\/100\n|-damage|p2a: Tapu Fini|88\/100|[from] Stealth Rock\n|-fieldstart|move: Misty Terrain|[from] ability: Misty Surge|[of] p2a: Tapu Fini\n|move|p1a: Skarmory|Body Press|p2a: Tapu Fini\n|-resisted|p2a: Tapu Fini\n|-damage|p2a: Tapu Fini|71\/100\n|\n|-weather|Sandstorm|[upkeep]\n|-damage|p2a: Tapu Fini|65\/100|[from] Sandstorm\n|upkeep\n|turn|15\n|\n|t:|1649553206\n|move|p2a: Tapu Fini|Hydro Pump|p1a: Skarmory\n|-damage|p1a: Skarmory|10\/100\n|move|p1a: Skarmory|Roost|p1a: Skarmory\n|-heal|p1a: Skarmory|60\/100\n|-singleturn|p1a: Skarmory|move: Roost\n|\n|-weather|Sandstorm|[upkeep]\n|-damage|p2a: Tapu Fini|59\/100|[from] Sandstorm\n|upkeep\n|turn|16\n|inactive|Flare (Flareon)\u262f has 120 seconds left.\n|\n|t:|1649553239\n|switch|p1a: Azumarill|Azumarill, M|100\/100\n|-damage|p1a: Azumarill|88\/100|[from] Stealth Rock\n|move|p2a: Tapu Fini|Hydro Pump|p1a: Azumarill\n|-resisted|p1a: Azumarill\n|-damage|p1a: Azumarill|64\/100\n|\n|-weather|none\n|upkeep\n|turn|17\n|inactive|Flare (Flareon)\u262f has 120 seconds left.\n|\n|t:|1649553255\n|switch|p2a: Ferrothorn|Ferrothorn, F|43\/100\n|-damage|p2a: Ferrothorn|37\/100|[from] Stealth Rock\n|move|p1a: Azumarill|Play Rough|p2a: Ferrothorn\n|-resisted|p2a: Ferrothorn\n|-damage|p2a: Ferrothorn|14\/100\n|-damage|p1a: Azumarill|51\/100|[from] ability: Iron Barbs|[of] p2a: Ferrothorn\n|\n|-heal|p2a: Ferrothorn|20\/100|[from] item: Leftovers\n|upkeep\n|turn|18\n|\n|t:|1649553257\n|move|p1a: Azumarill|Knock Off|p2a: Ferrothorn\n|-damage|p2a: Ferrothorn|0 fnt\n|-damage|p1a: Azumarill|39\/100|[from] ability: Iron Barbs|[of] p2a: Ferrothorn\n|-enditem|p2a: Ferrothorn|Leftovers|[from] move: Knock Off|[of] p1a: Azumarill\n|-enditem|p1a: Azumarill|Sitrus Berry|[eat]\n|-heal|p1a: Azumarill|64\/100|[from] item: Sitrus Berry\n|faint|p2a: Ferrothorn\n|\n|-fieldend|Misty Terrain\n|upkeep\n|\n|t:|1649553260\n|switch|p2a: Tapu Lele|Tapu Lele|26\/100\n|-damage|p2a: Tapu Lele|13\/100|[from] Stealth Rock\n|-fieldstart|move: Psychic Terrain|[from] ability: Psychic Surge|[of] p2a: Tapu Lele\n|turn|19\n|\n|t:|1649553267\n|move|p2a: Tapu Lele|Psychic|p1a: Azumarill\n|-damage|p1a: Azumarill|0 fnt\n|faint|p1a: Azumarill\n|\n|upkeep\n|\n|t:|1649553273\n|switch|p1a: Zeraora|Zeraora|100\/100\n|-damage|p1a: Zeraora|88\/100|[from] Stealth Rock\n|turn|20\n|\n|t:|1649553277\n|switch|p2a: Tyranitar|Tyranitar, F|41\/100\n|-damage|p2a: Tyranitar|29\/100|[from] Stealth Rock\n|-weather|Sandstorm|[from] ability: Sand Stream|[of] p2a: Tyranitar\n|move|p1a: Zeraora|Knock Off|p2a: Tyranitar\n|-resisted|p2a: Tyranitar\n|-damage|p2a: Tyranitar|17\/100\n|-enditem|p2a: Tyranitar|Choice Band|[from] move: Knock Off|[of] p1a: Zeraora\n|\n|-weather|Sandstorm|[upkeep]\n|-damage|p1a: Zeraora|82\/100|[from] Sandstorm\n|upkeep\n|turn|21\n|\n|t:|1649553285\n|move|p1a: Zeraora|Drain Punch|p2a: Tyranitar\n|-supereffective|p2a: Tyranitar\n|-damage|p2a: Tyranitar|0 fnt\n|-heal|p1a: Zeraora|92\/100|[from] drain|[of] p2a: Tyranitar\n|faint|p2a: Tyranitar\n|\n|-weather|Sandstorm|[upkeep]\n|-damage|p1a: Zeraora|86\/100|[from] Sandstorm\n|upkeep\n|\n|t:|1649553290\n|switch|p2a: Excadrill|Excadrill, M|100\/100\n|-damage|p2a: Excadrill|97\/100|[from] Stealth Rock\n|turn|22\n|\n|t:|1649553305\n|switch|p1a: Ninetales|Ninetales-Alola, F|89\/100\n|-damage|p1a: Ninetales|64\/100|[from] Stealth Rock\n|-weather|Hail|[from] ability: Snow Warning|[of] p1a: Ninetales\n|move|p2a: Excadrill|Swords Dance|p2a: Excadrill\n|-boost|p2a: Excadrill|atk|2\n|\n|-weather|Hail|[upkeep]\n|-damage|p2a: Excadrill|91\/100|[from] Hail\n|-heal|p2a: Excadrill|97\/100|[from] item: Leftovers\n|upkeep\n|turn|23\n|\n|t:|1649553314\n|move|p1a: Ninetales|Aurora Veil|p1a: Ninetales\n|-sidestart|p1: Flare (Flareon)\u262f|move: Aurora Veil\n|move|p2a: Excadrill|Rapid Spin|p1a: Ninetales\n|-damage|p1a: Ninetales|38\/100\n|-boost|p2a: Excadrill|spe|1\n|-sideend|p2: kazt 5|Stealth Rock|[from] move: Rapid Spin|[of] p2a: Excadrill\n|\n|-weather|Hail|[upkeep]\n|-damage|p2a: Excadrill|91\/100|[from] Hail\n|-heal|p2a: Excadrill|97\/100|[from] item: Leftovers\n|-fieldend|move: Psychic Terrain\n|upkeep\n|turn|24\n|\n|t:|1649553320\n|move|p2a: Excadrill|Swords Dance|p2a: Excadrill\n|-boost|p2a: Excadrill|atk|2\n|move|p1a: Ninetales|Blizzard|p2a: Excadrill\n|-damage|p2a: Excadrill|41\/100\n|\n|-weather|Hail|[upkeep]\n|-damage|p2a: Excadrill|35\/100|[from] Hail\n|-heal|p2a: Excadrill|41\/100|[from] item: Leftovers\n|upkeep\n|turn|25\n|\n|t:|1649553328\n|move|p2a: Excadrill|Iron Head|p1a: Ninetales\n|-supereffective|p1a: Ninetales\n|-damage|p1a: Ninetales|0 fnt\n|faint|p1a: Ninetales\n|\n|-weather|Hail|[upkeep]\n|-damage|p2a: Excadrill|35\/100|[from] Hail\n|-heal|p2a: Excadrill|41\/100|[from] item: Leftovers\n|upkeep\n|\n|t:|1649553329\n|switch|p1a: Skarmory|Skarmory, M|60\/100\n|-damage|p1a: Skarmory|48\/100|[from] Stealth Rock\n|turn|26\n|\n|t:|1649553335\n|move|p2a: Excadrill|Iron Head|p1a: Skarmory\n|-resisted|p1a: Skarmory\n|-damage|p1a: Skarmory|30\/100\n|move|p1a: Skarmory|Whirlwind|p2a: Excadrill\n|drag|p2a: Tapu Lele|Tapu Lele|13\/100\n|-fieldstart|move: Psychic Terrain|[from] ability: Psychic Surge|[of] p2a: Tapu Lele\n|\n|-weather|none\n|upkeep\n|turn|27\n|\n|t:|1649553344\n|move|p2a: Tapu Lele|Psychic|p1a: Skarmory\n|-resisted|p1a: Skarmory\n|-damage|p1a: Skarmory|0 fnt\n|faint|p1a: Skarmory\n|\n|upkeep\n|\n|t:|1649553346\n|switch|p1a: Zeraora|Zeraora|86\/100\n|-damage|p1a: Zeraora|74\/100|[from] Stealth Rock\n|turn|28\n|\n|t:|1649553353\n|move|p1a: Zeraora|Knock Off|p2a: Tapu Lele\n|-damage|p2a: Tapu Lele|0 fnt\n|-enditem|p2a: Tapu Lele|Choice Specs|[from] move: Knock Off|[of] p1a: Zeraora\n|faint|p2a: Tapu Lele\n|\n|upkeep\n|\n|t:|1649553358\n|switch|p2a: Excadrill|Excadrill, M|41\/100\n|turn|29\n|\n|t:|1649553360\n|switch|p2a: Tapu Fini|Tapu Fini|59\/100\n|-fieldstart|move: Misty Terrain|[from] ability: Misty Surge|[of] p2a: Tapu Fini\n|move|p1a: Zeraora|Drain Punch|p2a: Tapu Fini\n|-resisted|p2a: Tapu Fini\n|-damage|p2a: Tapu Fini|46\/100\n|-heal|p1a: Zeraora|80\/100|[from] drain|[of] p2a: Tapu Fini\n|\n|upkeep\n|turn|30\n|\n|t:|1649553366\n|move|p2a: Tapu Fini|Trick|p1a: Zeraora\n|-activate|p2a: Tapu Fini|move: Trick|[of] p1a: Zeraora\n|-item|p1a: Zeraora|Choice Scarf|[from] move: Trick\n|-item|p2a: Tapu Fini|Weakness Policy|[from] move: Trick\n|move|p1a: Zeraora|Plasma Fists|p2a: Tapu Fini\n|-supereffective|p2a: Tapu Fini\n|-damage|p2a: Tapu Fini|0 fnt\n|-fieldactivate|move: Ion Deluge\n|-hint|Normal-type moves become Electric-type after using Plasma Fists.\n|faint|p2a: Tapu Fini\n|\n|-sideend|p1: Flare (Flareon)\u262f|move: Aurora Veil\n|upkeep\n|\n|t:|1649553369\n|switch|p2a: Excadrill|Excadrill, M|41\/100\n|turn|31\n|c|\u2606Flare (Flareon)\u262f|ah\n|c|\u2606Flare (Flareon)\u262f|ggwp\n|c|\u2606kazt 5|lets goooo\n|c|\u2606Flare (Flareon)\u262f|hahaha\n|c|\u2606Flare (Flareon)\u262f|fck\n|c|\u2606kazt 5|it was a good one\n|c|\u2606Flare (Flareon)\u262f|i forgot about scarf fini for a minute tbh\n|inactive|Flare (Flareon)\u262f has 120 seconds left.\n|c|\u2606Flare (Flareon)\u262f|should've realised i didnt see leftovers etc before\n|\n|t:|1649553401\n|move|p1a: Zeraora|Plasma Fists|p2a: Excadrill\n|-immune|p2a: Excadrill\n|move|p2a: Excadrill|Earthquake|p1a: Zeraora\n|-supereffective|p1a: Zeraora\n|-damage|p1a: Zeraora|0 fnt\n|faint|p1a: Zeraora\n|\n|win|kazt 5\n|n|\u2606Flare (Flareon)\u262f|flareflareon\n|n|\u2606kazt 5|kazt5\n|c|\u2606kazt 5|I thought of trick last minute tbf\n|c|\u2606Flare (Flareon)\u262f|respect\n|c|\u2606Flare (Flareon)\u262f|ggwp\n|c|\u2606kazt 5|u2\n|l|\u2606kazt 5\n|l|\u2606Flare (Flareon)\u262f\n|j|\u2606kazt 5\n|player|p2|kazt 5|acetrainersnowf\n","uploadtime":1649553443,"views":114,"p1id":"flareflareon","p2id":"kazt5","formatid":"gen8ou","rating":0,"private":0,"password":null}