{"id":"gen8bdspru-1590790671","p1":"Ill Leave","p2":"Coronet077","format":"gen8bdspru","log":"|j|\u2606Ill Leave\n|j|\u2606Coronet077\n|inactive|Battle timer is ON: inactive players will automatically lose when time's up.\n|t:|1654564254\n|gametype|singles\n|player|p1|Ill Leave|101|\n|player|p2|Coronet077|fisherman-gen4|\n|teamsize|p1|6\n|teamsize|p2|6\n|gen|8\n|tier|[Gen 8 BDSP] RU\n|rated|Tournament battle\n|rule|Sleep Clause Mod: Limit one foe put to sleep\n|rule|Species Clause: Limit one of each Pok\u00e9mon\n|rule|OHKO Clause: OHKO moves are banned\n|rule|Evasion Moves Clause: Evasion moves are banned\n|rule|Endless Battle Clause: Forcing endless battles is banned\n|rule|HP Percentage Mod: HP is shown in percentages\n|clearpoke\n|poke|p1|Slowking, F|\n|poke|p1|Hariyama, F|\n|poke|p1|Nidoqueen, F|\n|poke|p1|Sceptile, F|\n|poke|p1|Mesprit|\n|poke|p1|Exploud, M|\n|poke|p2|Medicham, F|\n|poke|p2|Haunter, M|\n|poke|p2|Cacturne, F|\n|poke|p2|Aggron, M|\n|poke|p2|Chansey, F|\n|poke|p2|Nidoqueen, F|\n|teampreview\n|\n|t:|1654564276\n|start\n|switch|p1a: Nidoqueen|Nidoqueen, F|100\/100\n|switch|p2a: Cacturne|Cacturne, F|100\/100\n|turn|1\n|\n|t:|1654564284\n|move|p2a: Cacturne|Sucker Punch|p1a: Nidoqueen\n|-damage|p1a: Nidoqueen|42\/100\n|move|p1a: Nidoqueen|Sludge Wave|p2a: Cacturne\n|-supereffective|p2a: Cacturne\n|-damage|p2a: Cacturne|0 fnt\n|faint|p2a: Cacturne\n|\n|-heal|p1a: Nidoqueen|48\/100|[from] item: Black Sludge\n|upkeep\n|\n|t:|1654564296\n|switch|p2a: Haunter|Haunter, M|100\/100\n|turn|2\n|\n|t:|1654564311\n|move|p1a: Nidoqueen|Protect|p1a: Nidoqueen\n|-singleturn|p1a: Nidoqueen|Protect\n|move|p2a: Haunter|Sludge Bomb|p1a: Nidoqueen\n|-activate|p1a: Nidoqueen|move: Protect\n|\n|-heal|p1a: Nidoqueen|54\/100|[from] item: Black Sludge\n|upkeep\n|turn|3\n|\n|t:|1654564316\n|switch|p2a: Aggron|Aggron, M|100\/100\n|move|p1a: Nidoqueen|Toxic Spikes|p2a: Aggron\n|-sidestart|p2: Coronet077|move: Toxic Spikes\n|\n|-heal|p1a: Nidoqueen|60\/100|[from] item: Black Sludge\n|upkeep\n|turn|4\n|\n|t:|1654564323\n|move|p1a: Nidoqueen|Protect|p1a: Nidoqueen\n|-singleturn|p1a: Nidoqueen|Protect\n|move|p2a: Aggron|Stealth Rock|p1a: Nidoqueen\n|-sidestart|p1: Ill Leave|move: Stealth Rock\n|\n|-heal|p1a: Nidoqueen|67\/100|[from] item: Black Sludge\n|upkeep\n|turn|5\n|\n|t:|1654564327\n|move|p1a: Nidoqueen|Earth Power|p2a: Aggron\n|-supereffective|p2a: Aggron\n|-ability|p2a: Aggron|Sturdy\n|-damage|p2a: Aggron|1\/100\n|move|p2a: Aggron|Heavy Slam|p1a: Nidoqueen\n|-damage|p1a: Nidoqueen|3\/100\n|\n|-heal|p1a: Nidoqueen|9\/100|[from] item: Black Sludge\n|-heal|p2a: Aggron|7\/100|[from] item: Leftovers\n|upkeep\n|turn|6\n|\n|t:|1654564340\n|move|p1a: Nidoqueen|Earth Power|p2a: Aggron\n|-supereffective|p2a: Aggron\n|-damage|p2a: Aggron|0 fnt\n|faint|p2a: Aggron\n|\n|-heal|p1a: Nidoqueen|15\/100|[from] item: Black Sludge\n|upkeep\n|\n|t:|1654564345\n|switch|p2a: Haunter|Haunter, M|100\/100\n|turn|7\n|\n|t:|1654564351\n|move|p1a: Nidoqueen|Protect|p1a: Nidoqueen\n|-singleturn|p1a: Nidoqueen|Protect\n|move|p2a: Haunter|Dazzling Gleam|p1a: Nidoqueen\n|-activate|p1a: Nidoqueen|move: Protect\n|\n|-heal|p1a: Nidoqueen|21\/100|[from] item: Black Sludge\n|upkeep\n|turn|8\n|\n|t:|1654564359\n|switch|p1a: Slowking|Slowking, F|100\/100\n|-damage|p1a: Slowking|88\/100|[from] Stealth Rock\n|move|p2a: Haunter|Dazzling Gleam|p1a: Slowking\n|-crit|p1a: Slowking\n|-damage|p1a: Slowking|39\/100\n|\n|upkeep\n|turn|9\n|\n|t:|1654564375\n|move|p2a: Haunter|Dazzling Gleam|p1a: Slowking\n|-damage|p1a: Slowking|7\/100\n|move|p1a: Slowking|Slack Off|p1a: Slowking\n|-heal|p1a: Slowking|57\/100\n|\n|upkeep\n|turn|10\n|\n|t:|1654564380\n|switch|p2a: Nidoqueen|Nidoqueen, F|100\/100\n|-sideend|p2: Coronet077|move: Toxic Spikes|[of] p2a: Nidoqueen\n|move|p1a: Slowking|Slack Off|p1a: Slowking\n|-heal|p1a: Slowking|100\/100\n|\n|upkeep\n|turn|11\n|\n|t:|1654564384\n|move|p2a: Nidoqueen|Thunderbolt|p1a: Slowking\n|-supereffective|p1a: Slowking\n|-damage|p1a: Slowking|44\/100\n|move|p1a: Slowking|Future Sight|p2a: Nidoqueen\n|-start|p1a: Slowking|move: Future Sight\n|\n|upkeep\n|turn|12\n|\n|t:|1654564395\n|switch|p1a: Hariyama|Hariyama, F|100\/100\n|-damage|p1a: Hariyama|94\/100|[from] Stealth Rock\n|move|p2a: Nidoqueen|Ice Beam|p1a: Hariyama\n|-damage|p1a: Hariyama|79\/100\n|\n|-heal|p1a: Hariyama|85\/100|[from] item: Leftovers\n|upkeep\n|turn|13\n|\n|t:|1654564412\n|switch|p2a: Haunter|Haunter, M|100\/100\n|move|p1a: Hariyama|Close Combat|p2a: Haunter\n|-immune|p2a: Haunter\n|\n|-end|p2a: Haunter|move: Future Sight\n|-supereffective|p2a: Haunter\n|-damage|p2a: Haunter|0 fnt\n|faint|p2a: Haunter\n|-heal|p1a: Hariyama|91\/100|[from] item: Leftovers\n|upkeep\n|\n|t:|1654564416\n|switch|p2a: Medicham|Medicham, F|100\/100\n|turn|14\n|\n|t:|1654564437\n|switch|p1a: Mesprit|Mesprit|100\/100\n|-damage|p1a: Mesprit|88\/100|[from] Stealth Rock\n|move|p2a: Medicham|Zen Headbutt|p1a: Mesprit\n|-resisted|p1a: Mesprit\n|-damage|p1a: Mesprit|62\/100\n|\n|upkeep\n|turn|15\n|\n|t:|1654564441\n|switch|p2a: Chansey|Chansey, F|100\/100\n|move|p1a: Mesprit|Stealth Rock|p2a: Chansey\n|-sidestart|p2: Coronet077|move: Stealth Rock\n|\n|upkeep\n|turn|16\n|\n|t:|1654564448\n|switch|p1a: Slowking|Slowking, F|77\/100\n|-damage|p1a: Slowking|64\/100|[from] Stealth Rock\n|move|p2a: Chansey|Thunder Wave|p1a: Slowking|[miss]\n|-miss|p2a: Chansey|p1a: Slowking\n|\n|upkeep\n|turn|17\n|\n|t:|1654564453\n|move|p2a: Chansey|Seismic Toss|p1a: Slowking\n|-damage|p1a: Slowking|39\/100\n|move|p1a: Slowking|Future Sight|p2a: Chansey\n|-start|p1a: Slowking|move: Future Sight\n|\n|upkeep\n|turn|18\n|\n|t:|1654564458\n|move|p2a: Chansey|Seismic Toss|p1a: Slowking\n|-damage|p1a: Slowking|14\/100\n|move|p1a: Slowking|Slack Off|p1a: Slowking\n|-heal|p1a: Slowking|64\/100\n|\n|upkeep\n|turn|19\n|\n|t:|1654564463\n|move|p2a: Chansey|Thunder Wave|p1a: Slowking\n|-status|p1a: Slowking|par\n|cant|p1a: Slowking|par\n|\n|-end|p2a: Chansey|move: Future Sight\n|-crit|p2a: Chansey\n|-damage|p2a: Chansey|78\/100\n|-heal|p2a: Chansey|84\/100|[from] item: Leftovers\n|upkeep\n|turn|20\n|j| NerfNothing\n|\n|t:|1654564469\n|move|p2a: Chansey|Seismic Toss|p1a: Slowking\n|-damage|p1a: Slowking|38\/100 par\n|move|p1a: Slowking|Slack Off|p1a: Slowking\n|-heal|p1a: Slowking|88\/100 par\n|\n|-heal|p2a: Chansey|90\/100|[from] item: Leftovers\n|upkeep\n|turn|21\n|\n|t:|1654564476\n|switch|p2a: Nidoqueen|Nidoqueen, F|100\/100\n|-damage|p2a: Nidoqueen|94\/100|[from] Stealth Rock\n|cant|p1a: Slowking|par\n|\n|upkeep\n|turn|22\n|\n|t:|1654564485\n|move|p2a: Nidoqueen|Thunderbolt|p1a: Slowking\n|-supereffective|p1a: Slowking\n|-damage|p1a: Slowking|30\/100 par\n|move|p1a: Slowking|Scald|p2a: Nidoqueen\n|-supereffective|p2a: Nidoqueen\n|-damage|p2a: Nidoqueen|31\/100\n|-status|p2a: Nidoqueen|brn\n|\n|-damage|p2a: Nidoqueen|24\/100 brn|[from] brn\n|upkeep\n|turn|23\n|\n|t:|1654564500\n|switch|p1a: Exploud|Exploud, M|100\/100\n|-damage|p1a: Exploud|88\/100|[from] Stealth Rock\n|move|p2a: Nidoqueen|Thunderbolt|p1a: Exploud\n|-damage|p1a: Exploud|43\/100\n|\n|-damage|p2a: Nidoqueen|18\/100 brn|[from] brn\n|upkeep\n|turn|24\n|\n|t:|1654564507\n|move|p2a: Nidoqueen|Earth Power|p1a: Exploud\n|-damage|p1a: Exploud|0 fnt\n|faint|p1a: Exploud\n|\n|-damage|p2a: Nidoqueen|12\/100 brn|[from] brn\n|upkeep\n|\n|t:|1654564517\n|switch|p1a: Sceptile|Sceptile, F|100\/100\n|-damage|p1a: Sceptile|88\/100|[from] Stealth Rock\n|turn|25\n|\n|t:|1654564526\n|switch|p2a: Chansey|Chansey, F|90\/100\n|-damage|p2a: Chansey|78\/100|[from] Stealth Rock\n|move|p1a: Sceptile|Giga Drain|p2a: Chansey\n|-damage|p2a: Chansey|64\/100\n|-heal|p1a: Sceptile|100\/100|[from] drain|[of] p2a: Chansey\n|-damage|p1a: Sceptile|91\/100|[from] item: Life Orb\n|\n|-heal|p2a: Chansey|70\/100|[from] item: Leftovers\n|upkeep\n|turn|26\n|\n|t:|1654564532\n|switch|p1a: Nidoqueen|Nidoqueen, F|21\/100\n|-damage|p1a: Nidoqueen|15\/100|[from] Stealth Rock\n|move|p2a: Chansey|Thunder Wave|p1a: Nidoqueen\n|-immune|p1a: Nidoqueen\n|\n|-heal|p1a: Nidoqueen|21\/100|[from] item: Black Sludge\n|-heal|p2a: Chansey|77\/100|[from] item: Leftovers\n|upkeep\n|turn|27\n|\n|t:|1654564536\n|move|p1a: Nidoqueen|Toxic Spikes|p2a: Chansey\n|-sidestart|p2: Coronet077|move: Toxic Spikes\n|move|p2a: Chansey|Seismic Toss|p1a: Nidoqueen\n|-damage|p1a: Nidoqueen|0 fnt\n|faint|p1a: Nidoqueen\n|\n|-heal|p2a: Chansey|83\/100|[from] item: Leftovers\n|upkeep\n|\n|t:|1654564556\n|switch|p1a: Hariyama|Hariyama, F|91\/100\n|-damage|p1a: Hariyama|85\/100|[from] Stealth Rock\n|turn|28\n|\n|t:|1654564559\n|move|p2a: Chansey|Thunder Wave|p1a: Hariyama\n|-status|p1a: Hariyama|par\n|move|p1a: Hariyama|Knock Off|p2a: Chansey\n|-damage|p2a: Chansey|12\/100\n|-enditem|p2a: Chansey|Leftovers|[from] move: Knock Off|[of] p1a: Hariyama\n|\n|-heal|p1a: Hariyama|91\/100 par|[from] item: Leftovers\n|upkeep\n|turn|29\n|\n|t:|1654564566\n|move|p2a: Chansey|Soft-Boiled|p2a: Chansey\n|-heal|p2a: Chansey|62\/100\n|move|p1a: Hariyama|Close Combat|p2a: Chansey\n|-supereffective|p2a: Chansey\n|-damage|p2a: Chansey|0 fnt\n|-unboost|p1a: Hariyama|def|1\n|-unboost|p1a: Hariyama|spd|1\n|faint|p2a: Chansey\n|\n|-heal|p1a: Hariyama|98\/100 par|[from] item: Leftovers\n|upkeep\n|\n|t:|1654564571\n|switch|p2a: Nidoqueen|Nidoqueen, F|12\/100 brn\n|-damage|p2a: Nidoqueen|6\/100 brn|[from] Stealth Rock\n|-sideend|p2: Coronet077|move: Toxic Spikes|[of] p2a: Nidoqueen\n|turn|30\n|inactive|Ill Leave has 120 seconds left.\n|\n|t:|1654564603\n|switch|p1a: Sceptile|Sceptile, F|91\/100\n|-damage|p1a: Sceptile|78\/100|[from] Stealth Rock\n|move|p2a: Nidoqueen|Earth Power|p1a: Sceptile\n|-resisted|p1a: Sceptile\n|-damage|p1a: Sceptile|40\/100\n|\n|-damage|p2a: Nidoqueen|0 fnt|[from] brn\n|faint|p2a: Nidoqueen\n|upkeep\n|\n|t:|1654564610\n|switch|p2a: Medicham|Medicham, F|100\/100\n|-damage|p2a: Medicham|94\/100|[from] Stealth Rock\n|turn|31\n|\n|t:|1654564616\n|move|p2a: Medicham|Poison Jab|p1a: Sceptile\n|-supereffective|p1a: Sceptile\n|-damage|p1a: Sceptile|0 fnt\n|faint|p1a: Sceptile\n|\n|upkeep\n|\n|t:|1654564620\n|switch|p1a: Hariyama|Hariyama, F|98\/100 par\n|-damage|p1a: Hariyama|91\/100 par|[from] Stealth Rock\n|turn|32\n|\n|t:|1654564623\n|move|p1a: Hariyama|Fake Out|p2a: Medicham\n|-damage|p2a: Medicham|74\/100\n|cant|p2a: Medicham|flinch\n|\n|-heal|p1a: Hariyama|98\/100 par|[from] item: Leftovers\n|upkeep\n|turn|33\n|l| NerfNothing\n|\n|t:|1654564638\n|move|p2a: Medicham|Poison Jab|p1a: Hariyama\n|-damage|p1a: Hariyama|59\/100 par\n|move|p1a: Hariyama|Close Combat|p2a: Medicham\n|-resisted|p2a: Medicham\n|-damage|p2a: Medicham|22\/100\n|-unboost|p1a: Hariyama|def|1\n|-unboost|p1a: Hariyama|spd|1\n|\n|-heal|p1a: Hariyama|65\/100 par|[from] item: Leftovers\n|upkeep\n|turn|34\n|\n|t:|1654564644\n|move|p2a: Medicham|Poison Jab|p1a: Hariyama\n|-damage|p1a: Hariyama|15\/100 par\n|move|p1a: Hariyama|Close Combat|p2a: Medicham\n|-resisted|p2a: Medicham\n|-crit|p2a: Medicham\n|-damage|p2a: Medicham|0 fnt\n|-unboost|p1a: Hariyama|def|1\n|-unboost|p1a: Hariyama|spd|1\n|faint|p2a: Medicham\n|\n|win|Ill Leave\n|n|\u2606Ill Leave|illleave\n|n|\u2606Coronet077|coronet077\n","uploadtime":1654564645,"views":59,"p1id":"illleave","p2id":"coronet077","formatid":"gen8bdspru","rating":0,"private":0,"password":null}