{"id":"gen8zu-1698026202","p1":"ayevon","p2":"TheZackattacker","format":"gen8zu","log":"|j|\u2606ayevon\n|j|\u2606TheZackattacker\n|t:|1667068829\n|gametype|singles\n|player|p1|ayevon|170|\n|player|p2|TheZackattacker|ingo-masters|\n|teamsize|p1|6\n|teamsize|p2|6\n|gen|8\n|tier|[Gen 8] ZU\n|rated|Tournament battle\n|rule|Sleep Clause Mod: Limit one foe put to sleep\n|rule|Species Clause: Limit one of each Pok\u00e9mon\n|rule|OHKO Clause: OHKO moves are banned\n|rule|Evasion Items Clause: Evasion items are banned\n|rule|Evasion Moves Clause: Evasion moves are banned\n|rule|Endless Battle Clause: Forcing endless battles is banned\n|rule|HP Percentage Mod: HP is shown in percentages\n|rule|Dynamax Clause: You cannot dynamax\n|clearpoke\n|poke|p1|Rhydon, M|\n|poke|p1|Thwackey, M|\n|poke|p1|Qwilfish, F|\n|poke|p1|Perrserker, F|\n|poke|p1|Cofagrigus, F|\n|poke|p1|Skuntank, F|\n|poke|p2|Alcremie-Mint-Cream, F|\n|poke|p2|Articuno|\n|poke|p2|Perrserker, M|\n|poke|p2|Miltank, F|\n|poke|p2|Sawk, M|\n|poke|p2|Palossand, M|\n|teampreview\n|inactive|Battle timer is ON: inactive players will automatically lose when time's up. (requested by ayevon)\n|c|\u2606TheZackattacker|glhf\n|j| joey milktank\n|c|\u2606TheZackattacker|lol im so nervous\n|c|\u2606ayevon|hf\n|inactive|ayevon has 120 seconds left.\n|\n|t:|1667068882\n|start\n|switch|p1a: Cofagrigus|Cofagrigus, F|100\/100\n|switch|p2a: Sawk|Sawk, M, shiny|100\/100\n|-ability|p2a: Sawk|Mold Breaker\n|turn|1\n|\n|t:|1667068890\n|switch|p2a: Miltank|Miltank, F|100\/100\n|move|p1a: Cofagrigus|Shadow Ball|p2a: Miltank\n|-immune|p2a: Miltank\n|\n|upkeep\n|turn|2\n|\n|t:|1667068893\n|switch|p1a: Qwilfish|Qwilfish, F|100\/100\n|-ability|p1a: Qwilfish|Intimidate|boost\n|-unboost|p2a: Miltank|atk|1\n|move|p2a: Miltank|Toxic|p1a: Qwilfish\n|-immune|p1a: Qwilfish\n|\n|upkeep\n|turn|3\n|\n|t:|1667068898\n|switch|p2a: Articuno|Articuno, shiny|100\/100\n|-ability|p2a: Articuno|Pressure\n|move|p1a: Qwilfish|Spikes|p2a: Articuno\n|-sidestart|p2: TheZackattacker|Spikes\n|\n|upkeep\n|turn|4\n|\n|t:|1667068901\n|switch|p1a: Perrserker|Perrserker, F|100\/100\n|move|p2a: Articuno|Defog|p1a: Perrserker\n|-unboost|p1a: Perrserker|evasion|1\n|-sideend|p2: TheZackattacker|Spikes|[from] move: Defog|[of] p2a: Articuno\n|\n|upkeep\n|turn|5\n|c|\u2606TheZackattacker|lol\n|\n|t:|1667068909\n|switch|p2a: Palossand|Palossand, M, shiny|100\/100\n|move|p1a: Perrserker|Iron Head|p2a: Palossand\n|-damage|p2a: Palossand|48\/100\n|\n|upkeep\n|turn|6\n|\n|t:|1667068914\n|switch|p2a: Perrserker|Perrserker, M|100\/100\n|move|p1a: Perrserker|Iron Head|p2a: Perrserker\n|-resisted|p2a: Perrserker\n|-damage|p2a: Perrserker|49\/100\n|\n|upkeep\n|turn|7\n|c|\u2606TheZackattacker|dang\n|\n|t:|1667068920\n|switch|p1a: Qwilfish|Qwilfish, F|100\/100\n|-ability|p1a: Qwilfish|Intimidate|boost\n|-unboost|p2a: Perrserker|atk|1\n|move|p2a: Perrserker|Close Combat|p1a: Qwilfish\n|-resisted|p1a: Qwilfish\n|-damage|p1a: Qwilfish|75\/100\n|-unboost|p2a: Perrserker|def|1\n|-unboost|p2a: Perrserker|spd|1\n|\n|-heal|p1a: Qwilfish|81\/100|[from] item: Black Sludge\n|upkeep\n|turn|8\n|\n|t:|1667068926\n|switch|p2a: Articuno|Articuno, shiny|100\/100\n|-ability|p2a: Articuno|Pressure\n|move|p1a: Qwilfish|Spikes|p2a: Articuno\n|-sidestart|p2: TheZackattacker|Spikes\n|\n|-heal|p1a: Qwilfish|87\/100|[from] item: Black Sludge\n|upkeep\n|turn|9\n|\n|t:|1667068930\n|switch|p1a: Perrserker|Perrserker, F|100\/100\n|switch|p2a: Perrserker|Perrserker, M|49\/100\n|-damage|p2a: Perrserker|37\/100|[from] Spikes\n|\n|upkeep\n|turn|10\n|\n|t:|1667068932\n|switch|p1a: Qwilfish|Qwilfish, F|87\/100\n|-ability|p1a: Qwilfish|Intimidate|boost\n|-unboost|p2a: Perrserker|atk|1\n|move|p2a: Perrserker|Close Combat|p1a: Qwilfish\n|-resisted|p1a: Qwilfish\n|-damage|p1a: Qwilfish|61\/100\n|-unboost|p2a: Perrserker|def|1\n|-unboost|p2a: Perrserker|spd|1\n|\n|-heal|p1a: Qwilfish|67\/100|[from] item: Black Sludge\n|upkeep\n|turn|11\n|\n|t:|1667068938\n|move|p1a: Qwilfish|Liquidation|p2a: Perrserker\n|-damage|p2a: Perrserker|0 fnt\n|faint|p2a: Perrserker\n|\n|-heal|p1a: Qwilfish|73\/100|[from] item: Black Sludge\n|upkeep\n|\n|t:|1667068942\n|switch|p2a: Articuno|Articuno, shiny|100\/100\n|-ability|p2a: Articuno|Pressure\n|turn|12\n|\n|t:|1667068945\n|switch|p1a: Perrserker|Perrserker, F|100\/100\n|move|p2a: Articuno|U-turn|p1a: Perrserker\n|-resisted|p1a: Perrserker\n|-damage|p1a: Perrserker|94\/100\n|\n|t:|1667068948\n|switch|p2a: Sawk|Sawk, M, shiny|100\/100|[from]move: U-turn\n|-damage|p2a: Sawk|88\/100|[from] Spikes\n|-ability|p2a: Sawk|Mold Breaker\n|\n|upkeep\n|turn|13\n|\n|t:|1667068950\n|switch|p1a: Cofagrigus|Cofagrigus, F|100\/100\n|move|p2a: Sawk|Earthquake|p1a: Cofagrigus\n|-damage|p1a: Cofagrigus|79\/100\n|\n|upkeep\n|turn|14\n|\n|t:|1667068953\n|switch|p2a: Miltank|Miltank, F|100\/100\n|-damage|p2a: Miltank|88\/100|[from] Spikes\n|move|p1a: Cofagrigus|Body Press|p2a: Miltank\n|-supereffective|p2a: Miltank\n|-damage|p2a: Miltank|38\/100\n|-damage|p1a: Cofagrigus|62\/100|[from] item: Rocky Helmet|[of] p2a: Miltank\n|\n|upkeep\n|turn|15\n|\n|t:|1667068959\n|switch|p2a: Articuno|Articuno, shiny|100\/100\n|-ability|p2a: Articuno|Pressure\n|move|p1a: Cofagrigus|Iron Defense|p1a: Cofagrigus\n|-boost|p1a: Cofagrigus|def|2\n|\n|upkeep\n|turn|16\n|\n|t:|1667068962\n|move|p2a: Articuno|Freeze-Dry|p1a: Cofagrigus\n|-damage|p1a: Cofagrigus|43\/100\n|-status|p1a: Cofagrigus|frz\n|cant|p1a: Cofagrigus|frz\n|\n|upkeep\n|turn|17\n|\n|t:|1667068968\n|move|p2a: Articuno|Freeze-Dry|p1a: Cofagrigus\n|-damage|p1a: Cofagrigus|22\/100 frz\n|cant|p1a: Cofagrigus|frz\n|\n|upkeep\n|turn|18\n|\n|t:|1667068971\n|switch|p1a: Perrserker|Perrserker, F|94\/100\n|move|p2a: Articuno|Freeze-Dry|p1a: Perrserker\n|-resisted|p1a: Perrserker\n|-damage|p1a: Perrserker|76\/100\n|\n|upkeep\n|turn|19\n|\n|t:|1667068979\n|move|p2a: Articuno|U-turn|p1a: Perrserker\n|-resisted|p1a: Perrserker\n|-damage|p1a: Perrserker|68\/100\n|\n|t:|1667068993\n|switch|p2a: Palossand|Palossand, M, shiny|48\/100|[from]move: U-turn\n|-damage|p2a: Palossand|36\/100|[from] Spikes\n|move|p1a: Perrserker|Iron Head|p2a: Palossand\n|-damage|p2a: Palossand|0 fnt\n|faint|p2a: Palossand\n|\n|upkeep\n|\n|t:|1667068995\n|switch|p2a: Sawk|Sawk, M, shiny|88\/100\n|-damage|p2a: Sawk|76\/100|[from] Spikes\n|-ability|p2a: Sawk|Mold Breaker\n|turn|20\n|\n|t:|1667069003\n|switch|p1a: Qwilfish|Qwilfish, F|73\/100\n|-ability|p1a: Qwilfish|Intimidate|boost\n|-unboost|p2a: Sawk|atk|1\n|move|p2a: Sawk|Knock Off|p1a: Qwilfish\n|-damage|p1a: Qwilfish|52\/100\n|-enditem|p1a: Qwilfish|Black Sludge|[from] move: Knock Off|[of] p2a: Sawk\n|\n|upkeep\n|turn|21\n|\n|t:|1667069008\n|switch|p2a: Articuno|Articuno, shiny|100\/100\n|-ability|p2a: Articuno|Pressure\n|move|p1a: Qwilfish|Spikes|p2a: Articuno\n|-sidestart|p2: TheZackattacker|Spikes\n|\n|upkeep\n|turn|22\n|\n|t:|1667069011\n|switch|p1a: Perrserker|Perrserker, F|68\/100\n|move|p2a: Articuno|U-turn|p1a: Perrserker\n|-resisted|p1a: Perrserker\n|-damage|p1a: Perrserker|61\/100\n|\n|t:|1667069014\n|switch|p2a: Sawk|Sawk, M, shiny|76\/100|[from]move: U-turn\n|-damage|p2a: Sawk|59\/100|[from] Spikes\n|-ability|p2a: Sawk|Mold Breaker\n|\n|upkeep\n|turn|23\n|\n|t:|1667069017\n|switch|p1a: Qwilfish|Qwilfish, F|52\/100\n|-ability|p1a: Qwilfish|Intimidate|boost\n|-unboost|p2a: Sawk|atk|1\n|move|p2a: Sawk|Close Combat|p1a: Qwilfish\n|-resisted|p1a: Qwilfish\n|-damage|p1a: Qwilfish|30\/100\n|-unboost|p2a: Sawk|def|1\n|-unboost|p2a: Sawk|spd|1\n|\n|upkeep\n|turn|24\n|\n|t:|1667069021\n|switch|p2a: Articuno|Articuno, shiny|100\/100\n|-ability|p2a: Articuno|Pressure\n|move|p1a: Qwilfish|Liquidation|p2a: Articuno\n|-damage|p2a: Articuno|75\/100\n|\n|upkeep\n|turn|25\n|\n|t:|1667069025\n|switch|p1a: Perrserker|Perrserker, F|61\/100\n|move|p2a: Articuno|Defog|p1a: Perrserker\n|-unboost|p1a: Perrserker|evasion|1\n|-sideend|p2: TheZackattacker|Spikes|[from] move: Defog|[of] p2a: Articuno\n|\n|upkeep\n|turn|26\n|\n|t:|1667069033\n|switch|p2a: Miltank|Miltank, F|38\/100\n|move|p1a: Perrserker|Iron Head|p2a: Miltank\n|-damage|p2a: Miltank|0 fnt\n|-damage|p1a: Perrserker|44\/100|[from] item: Rocky Helmet|[of] p2a: Miltank\n|faint|p2a: Miltank\n|\n|upkeep\n|\n|t:|1667069035\n|switch|p2a: Sawk|Sawk, M, shiny|59\/100\n|-ability|p2a: Sawk|Mold Breaker\n|turn|27\n|\n|t:|1667069038\n|switch|p1a: Cofagrigus|Cofagrigus, F|22\/100 frz\n|move|p2a: Sawk|Earthquake|p1a: Cofagrigus\n|-damage|p1a: Cofagrigus|0 fnt\n|faint|p1a: Cofagrigus\n|\n|upkeep\n|\n|t:|1667069043\n|switch|p1a: Thwackey|Thwackey, M|100\/100\n|-fieldstart|move: Grassy Terrain|[from] ability: Grassy Surge|[of] p1a: Thwackey\n|turn|28\n|\n|t:|1667069046\n|switch|p2a: Articuno|Articuno, shiny|75\/100\n|-ability|p2a: Articuno|Pressure\n|move|p1a: Thwackey|U-turn|p2a: Articuno\n|-resisted|p2a: Articuno\n|-damage|p2a: Articuno|63\/100\n|\n|t:|1667069047\n|switch|p1a: Perrserker|Perrserker, F|44\/100|[from]move: U-turn\n|\n|-heal|p1a: Perrserker|50\/100|[from] Grassy Terrain\n|upkeep\n|turn|29\n|\n|t:|1667069050\n|move|p2a: Articuno|Freeze-Dry|p1a: Perrserker\n|-resisted|p1a: Perrserker\n|-damage|p1a: Perrserker|33\/100\n|move|p1a: Perrserker|Iron Head|p2a: Articuno\n|-supereffective|p2a: Articuno\n|-damage|p2a: Articuno|0 fnt\n|faint|p2a: Articuno\n|\n|-heal|p1a: Perrserker|39\/100|[from] Grassy Terrain\n|upkeep\n|\n|t:|1667069053\n|switch|p2a: Sawk|Sawk, M, shiny|59\/100\n|-ability|p2a: Sawk|Mold Breaker\n|turn|30\n|\n|t:|1667069057\n|switch|p1a: Qwilfish|Qwilfish, F|30\/100\n|-ability|p1a: Qwilfish|Intimidate|boost\n|-unboost|p2a: Sawk|atk|1\n|move|p2a: Sawk|Close Combat|p1a: Qwilfish\n|-resisted|p1a: Qwilfish\n|-damage|p1a: Qwilfish|9\/100\n|-unboost|p2a: Sawk|def|1\n|-unboost|p2a: Sawk|spd|1\n|\n|-heal|p2a: Sawk|65\/100|[from] Grassy Terrain\n|-heal|p1a: Qwilfish|15\/100|[from] Grassy Terrain\n|upkeep\n|turn|31\n|\n|t:|1667069060\n|move|p2a: Sawk|Close Combat|p1a: Qwilfish\n|-resisted|p1a: Qwilfish\n|-damage|p1a: Qwilfish|0 fnt\n|-unboost|p2a: Sawk|def|1\n|-unboost|p2a: Sawk|spd|1\n|faint|p1a: Qwilfish\n|\n|-heal|p2a: Sawk|72\/100|[from] Grassy Terrain\n|upkeep\n|\n|t:|1667069062\n|switch|p1a: Thwackey|Thwackey, M|100\/100\n|turn|32\n|\n|t:|1667069064\n|switch|p2a: Alcremie|Alcremie-Mint-Cream, F|100\/100\n|move|p1a: Thwackey|Grassy Glide|p2a: Alcremie\n|-damage|p2a: Alcremie|50\/100\n|\n|-heal|p2a: Alcremie|56\/100|[from] Grassy Terrain\n|-heal|p2a: Alcremie|62\/100|[from] item: Leftovers\n|-fieldend|move: Grassy Terrain\n|upkeep\n|turn|33\n|\n|t:|1667069070\n|switch|p1a: Skuntank|Skuntank, F|100\/100\n|switch|p2a: Sawk|Sawk, M, shiny|72\/100\n|-ability|p2a: Sawk|Mold Breaker\n|\n|upkeep\n|turn|34\n|\n|t:|1667069075\n|switch|p1a: Rhydon|Rhydon, M|100\/100\n|move|p2a: Sawk|Earthquake|p1a: Rhydon\n|-supereffective|p1a: Rhydon\n|-crit|p1a: Rhydon\n|-damage|p1a: Rhydon|56\/100\n|\n|upkeep\n|turn|35\n|\n|t:|1667069080\n|switch|p2a: Alcremie|Alcremie-Mint-Cream, F|62\/100\n|move|p1a: Rhydon|High Horsepower|p2a: Alcremie\n|-damage|p2a: Alcremie|17\/100\n|\n|-heal|p2a: Alcremie|23\/100|[from] item: Leftovers\n|upkeep\n|turn|36\n|c|\u2606TheZackattacker|oh wow lol\n|\n|t:|1667069086\n|move|p2a: Alcremie|Recover|p2a: Alcremie\n|-heal|p2a: Alcremie|73\/100\n|move|p1a: Rhydon|High Horsepower|p2a: Alcremie\n|-damage|p2a: Alcremie|26\/100\n|\n|-heal|p2a: Alcremie|32\/100|[from] item: Leftovers\n|upkeep\n|turn|37\n|\n|t:|1667069093\n|switch|p2a: Sawk|Sawk, M, shiny|72\/100\n|-ability|p2a: Sawk|Mold Breaker\n|move|p1a: Rhydon|High Horsepower|p2a: Sawk\n|-damage|p2a: Sawk|0 fnt\n|faint|p2a: Sawk\n|\n|upkeep\n|c|\u2606TheZackattacker|sigh gg\n|\n|t:|1667069099\n|switch|p2a: Alcremie|Alcremie-Mint-Cream, F|32\/100\n|turn|38\n|c|\u2606ayevon|gg\n|\n|t:|1667069103\n|move|p2a: Alcremie|Acid Armor|p2a: Alcremie\n|-boost|p2a: Alcremie|def|2\n|move|p1a: Rhydon|Swords Dance|p1a: Rhydon\n|-boost|p1a: Rhydon|atk|2\n|\n|-heal|p2a: Alcremie|38\/100|[from] item: Leftovers\n|upkeep\n|turn|39\n|\n|t:|1667069105\n|switch|p1a: Skuntank|Skuntank, F|100\/100\n|move|p2a: Alcremie|Acid Armor|p2a: Alcremie\n|-boost|p2a: Alcremie|def|2\n|\n|-heal|p2a: Alcremie|44\/100|[from] item: Leftovers\n|upkeep\n|turn|40\n|\n|t:|1667069109\n|move|p1a: Skuntank|Taunt|p2a: Alcremie\n|-block|p2a: Alcremie|ability: Aroma Veil|[of] p2a: Alcremie\n|move|p2a: Alcremie|Dazzling Gleam|p1a: Skuntank\n|-damage|p1a: Skuntank|55\/100\n|\n|-heal|p1a: Skuntank|61\/100|[from] item: Black Sludge\n|-heal|p2a: Alcremie|50\/100|[from] item: Leftovers\n|upkeep\n|turn|41\n|\n|t:|1667069113\n|move|p1a: Skuntank|Sludge Bomb|p2a: Alcremie\n|-supereffective|p2a: Alcremie\n|-damage|p2a: Alcremie|0 fnt\n|faint|p2a: Alcremie\n|\n|win|ayevon\n|n|\u2606ayevon|ayevon\n|n|\u2606TheZackattacker|thezackattacker\n|n| joey milktank|joeymilktank\n","uploadtime":1667069114,"views":7,"p1id":"ayevon","p2id":"thezackattacker","formatid":"gen8zu","rating":0,"private":0,"password":null}