{"id":"gen8bdspou-1670492683","p1":"LadyPenumbra","p2":"Ill Leave","format":"gen8bdspou","log":"|j|\u2606LadyPenumbra\n|j|\u2606Ill Leave\n|inactive|Battle timer is ON: inactive players will automatically lose when time's up.\n|t:|1664168592\n|gametype|singles\n|player|p1|LadyPenumbra|dawn|\n|player|p2|Ill Leave|170|\n|teamsize|p1|6\n|teamsize|p2|6\n|gen|8\n|tier|[Gen 8 BDSP] OU\n|rated|Tournament battle\n|rule|Sleep Clause Mod: Limit one foe put to sleep\n|rule|Species Clause: Limit one of each Pok\u00e9mon\n|rule|OHKO Clause: OHKO moves are banned\n|rule|Evasion Items Clause: Evasion items are banned\n|rule|Evasion Moves Clause: Evasion moves are banned\n|rule|Endless Battle Clause: Forcing endless battles is banned\n|rule|HP Percentage Mod: HP is shown in percentages\n|clearpoke\n|poke|p1|Infernape, F|\n|poke|p1|Breloom, M|\n|poke|p1|Scizor, F|\n|poke|p1|Alakazam, M|\n|poke|p1|Rotom-Wash|\n|poke|p1|Gliscor, M|\n|poke|p2|Crawdaunt, M|\n|poke|p2|Lucario, M|\n|poke|p2|Garchomp, M|\n|poke|p2|Clefable, M|\n|poke|p2|Heatran, M|\n|poke|p2|Weezing, F|\n|teampreview\n|\n|t:|1664168613\n|start\n|switch|p1a: Gliscor|Gliscor, M|100\/100\n|switch|p2a: Weezing|Weezing, F|100\/100\n|turn|1\n|\n|t:|1664168622\n|move|p1a: Gliscor|Substitute|p1a: Gliscor\n|-start|p1a: Gliscor|Substitute\n|-damage|p1a: Gliscor|76\/100\n|move|p2a: Weezing|Flamethrower|p1a: Gliscor\n|-crit|p1a: Gliscor\n|-end|p1a: Gliscor|Substitute\n|\n|-status|p1a: Gliscor|tox|[from] item: Toxic Orb\n|upkeep\n|turn|2\n|\n|t:|1664168644\n|move|p1a: Gliscor|Substitute|p1a: Gliscor\n|-start|p1a: Gliscor|Substitute\n|-damage|p1a: Gliscor|51\/100 tox\n|move|p2a: Weezing|Toxic Spikes|p1a: Gliscor\n|-sidestart|p1: LadyPenumbra|move: Toxic Spikes\n|\n|-heal|p1a: Gliscor|63\/100 tox|[from] ability: Poison Heal\n|upkeep\n|turn|3\n|\n|t:|1664168654\n|move|p1a: Gliscor|Stealth Rock|p2a: Weezing\n|-sidestart|p2: Ill Leave|move: Stealth Rock\n|move|p2a: Weezing|Flamethrower|p1a: Gliscor\n|-activate|p1a: Gliscor|move: Substitute|[damage]\n|\n|-heal|p1a: Gliscor|76\/100 tox|[from] ability: Poison Heal\n|upkeep\n|turn|4\n|\n|t:|1664168667\n|move|p1a: Gliscor|Ice Fang|p2a: Weezing\n|-crit|p2a: Weezing\n|-damage|p2a: Weezing|83\/100\n|move|p2a: Weezing|Flamethrower|p1a: Gliscor\n|-end|p1a: Gliscor|Substitute\n|\n|-heal|p2a: Weezing|89\/100|[from] item: Black Sludge\n|-heal|p1a: Gliscor|88\/100 tox|[from] ability: Poison Heal\n|upkeep\n|turn|5\n|inactive|LadyPenumbra has 120 seconds left.\n|\n|t:|1664168699\n|switch|p1a: Rotom|Rotom-Wash|100\/100\n|move|p2a: Weezing|Flamethrower|p1a: Rotom\n|-resisted|p1a: Rotom\n|-damage|p1a: Rotom|89\/100\n|-status|p1a: Rotom|brn\n|\n|-heal|p2a: Weezing|95\/100|[from] item: Black Sludge\n|-damage|p1a: Rotom|83\/100 brn|[from] brn\n|upkeep\n|turn|6\n|\n|t:|1664168710\n|switch|p2a: Garchomp|Garchomp, M|100\/100\n|-damage|p2a: Garchomp|94\/100|[from] Stealth Rock\n|move|p1a: Rotom|Trick|p2a: Garchomp\n|-activate|p1a: Rotom|move: Trick|[of] p2a: Garchomp\n|-item|p2a: Garchomp|Choice Scarf|[from] move: Trick\n|-item|p1a: Rotom|Lum Berry|[from] move: Trick\n|-enditem|p1a: Rotom|Lum Berry|[eat]\n|-curestatus|p1a: Rotom|brn|[msg]\n|\n|upkeep\n|turn|7\n|inactive|LadyPenumbra has 90 seconds left.\n|\n|t:|1664168744\n|move|p2a: Garchomp|Stealth Rock|p1a: Rotom\n|-sidestart|p1: LadyPenumbra|move: Stealth Rock\n|move|p1a: Rotom|Thunder Wave|p2a: Garchomp\n|-immune|p2a: Garchomp\n|\n|upkeep\n|turn|8\n|\n|t:|1664168756\n|switch|p2a: Clefable|Clefable, M|100\/100\n|move|p1a: Rotom|Hydro Pump|p2a: Clefable\n|-damage|p2a: Clefable|56\/100\n|\n|-heal|p2a: Clefable|62\/100|[from] item: Leftovers\n|upkeep\n|turn|9\n|inactive|LadyPenumbra has 90 seconds left.\n|\n|t:|1664168776\n|move|p1a: Rotom|Volt Switch|p2a: Clefable\n|-damage|p2a: Clefable|31\/100\n|\n|t:|1664168781\n|switch|p1a: Scizor|Scizor, F|100\/100|[from]move: Volt Switch\n|-damage|p1a: Scizor|88\/100|[from] Stealth Rock\n|move|p2a: Clefable|Wish|p2a: Clefable\n|\n|-heal|p2a: Clefable|37\/100|[from] item: Leftovers\n|upkeep\n|turn|10\n|inactive|LadyPenumbra has 90 seconds left.\n|\n|t:|1664168791\n|move|p2a: Clefable|Protect|p2a: Clefable\n|-singleturn|p2a: Clefable|Protect\n|move|p1a: Scizor|Bullet Punch|p2a: Clefable\n|-activate|p2a: Clefable|move: Protect\n|\n|-heal|p2a: Clefable|87\/100|[from] move: Wish|[wisher] Clefable\n|-heal|p2a: Clefable|93\/100|[from] item: Leftovers\n|upkeep\n|turn|11\n|inactive|LadyPenumbra has 90 seconds left.\n|\n|t:|1664168802\n|switch|p2a: Heatran|Heatran, M|100\/100\n|-damage|p2a: Heatran|88\/100|[from] Stealth Rock\n|move|p1a: Scizor|Swords Dance|p1a: Scizor\n|-boost|p1a: Scizor|atk|2\n|\n|-heal|p2a: Heatran|94\/100|[from] item: Leftovers\n|upkeep\n|turn|12\n|\n|t:|1664168812\n|move|p2a: Heatran|Lava Plume|p1a: Scizor\n|-supereffective|p1a: Scizor\n|-crit|p1a: Scizor\n|-damage|p1a: Scizor|0 fnt\n|faint|p1a: Scizor\n|\n|-heal|p2a: Heatran|100\/100|[from] item: Leftovers\n|upkeep\n|\n|t:|1664168820\n|switch|p1a: Gliscor|Gliscor, M|88\/100 tox\n|-damage|p1a: Gliscor|76\/100 tox|[from] Stealth Rock\n|turn|13\n|\n|t:|1664168826\n|switch|p2a: Clefable|Clefable, M|93\/100\n|move|p1a: Gliscor|Earthquake|p2a: Clefable\n|-damage|p2a: Clefable|61\/100\n|\n|-heal|p2a: Clefable|67\/100|[from] item: Leftovers\n|-heal|p1a: Gliscor|88\/100 tox|[from] ability: Poison Heal\n|upkeep\n|turn|14\n|\n|t:|1664168840\n|move|p1a: Gliscor|Substitute|p1a: Gliscor\n|-start|p1a: Gliscor|Substitute\n|-damage|p1a: Gliscor|63\/100 tox\n|move|p2a: Clefable|Wish|p2a: Clefable\n|\n|-heal|p2a: Clefable|73\/100|[from] item: Leftovers\n|-heal|p1a: Gliscor|76\/100 tox|[from] ability: Poison Heal\n|upkeep\n|turn|15\n|inactive|LadyPenumbra has 90 seconds left.\n|\n|t:|1664168862\n|move|p1a: Gliscor|Earthquake|p2a: Clefable\n|-damage|p2a: Clefable|40\/100\n|move|p2a: Clefable|Moonblast|p1a: Gliscor\n|-end|p1a: Gliscor|Substitute\n|\n|-heal|p2a: Clefable|90\/100|[from] move: Wish|[wisher] Clefable\n|-heal|p2a: Clefable|96\/100|[from] item: Leftovers\n|-heal|p1a: Gliscor|88\/100 tox|[from] ability: Poison Heal\n|upkeep\n|turn|16\n|inactive|LadyPenumbra has 90 seconds left.\n|\n|t:|1664168874\n|move|p1a: Gliscor|Earthquake|p2a: Clefable\n|-damage|p2a: Clefable|64\/100\n|move|p2a: Clefable|Moonblast|p1a: Gliscor\n|-damage|p1a: Gliscor|52\/100 tox\n|\n|-heal|p2a: Clefable|70\/100|[from] item: Leftovers\n|-heal|p1a: Gliscor|64\/100 tox|[from] ability: Poison Heal\n|upkeep\n|turn|17\n|inactive|LadyPenumbra has 90 seconds left.\n|\n|t:|1664168903\n|switch|p1a: Breloom|Breloom, M, shiny|100\/100\n|-status|p1a: Breloom|psn\n|-damage|p1a: Breloom|94\/100 psn|[from] Stealth Rock\n|move|p2a: Clefable|Moonblast|p1a: Breloom\n|-supereffective|p1a: Breloom\n|-damage|p1a: Breloom|0 fnt\n|faint|p1a: Breloom\n|\n|-heal|p2a: Clefable|76\/100|[from] item: Leftovers\n|upkeep\n|\n|t:|1664168914\n|switch|p1a: Infernape|Infernape, F, shiny|100\/100\n|-status|p1a: Infernape|psn\n|-damage|p1a: Infernape|88\/100 psn|[from] Stealth Rock\n|turn|18\n|\n|t:|1664168927\n|move|p2a: Clefable|Protect|p2a: Clefable\n|-singleturn|p2a: Clefable|Protect\n|move|p1a: Infernape|Close Combat|p2a: Clefable\n|-activate|p2a: Clefable|move: Protect\n|\n|-heal|p2a: Clefable|82\/100|[from] item: Leftovers\n|-damage|p1a: Infernape|76\/100 psn|[from] psn\n|upkeep\n|turn|19\n|\n|t:|1664168937\n|move|p1a: Infernape|Close Combat|p2a: Clefable\n|-resisted|p2a: Clefable\n|-damage|p2a: Clefable|50\/100\n|-unboost|p1a: Infernape|def|1\n|-unboost|p1a: Infernape|spd|1\n|move|p2a: Clefable|Wish|p2a: Clefable\n|\n|-heal|p2a: Clefable|57\/100|[from] item: Leftovers\n|-damage|p1a: Infernape|64\/100 psn|[from] psn\n|upkeep\n|turn|20\n|\n|t:|1664168947\n|move|p2a: Clefable|Protect|p2a: Clefable\n|-singleturn|p2a: Clefable|Protect\n|move|p1a: Infernape|Close Combat|p2a: Clefable\n|-activate|p2a: Clefable|move: Protect\n|\n|-heal|p2a: Clefable|100\/100|[from] move: Wish|[wisher] Clefable\n|-damage|p1a: Infernape|51\/100 psn|[from] psn\n|upkeep\n|turn|21\n|\n|t:|1664168959\n|switch|p1a: Alakazam|Alakazam, M, shiny|100\/100\n|-status|p1a: Alakazam|psn\n|move|p2a: Clefable|Wish|p2a: Clefable\n|\n|upkeep\n|turn|22\n|\n|t:|1664168965\n|move|p1a: Alakazam|Nasty Plot|p1a: Alakazam\n|-boost|p1a: Alakazam|spa|2\n|move|p2a: Clefable|Moonblast|p1a: Alakazam\n|-damage|p1a: Alakazam|58\/100 psn\n|\n|upkeep\n|turn|23\n|\n|t:|1664168981\n|switch|p2a: Heatran|Heatran, M|100\/100\n|-damage|p2a: Heatran|88\/100|[from] Stealth Rock\n|move|p1a: Alakazam|Nasty Plot|p1a: Alakazam\n|-boost|p1a: Alakazam|spa|2\n|\n|-heal|p2a: Heatran|94\/100|[from] item: Leftovers\n|upkeep\n|turn|24\n|inactive|LadyPenumbra has 90 seconds left.\n|\n|t:|1664168991\n|move|p1a: Alakazam|Shadow Ball|p2a: Heatran\n|-damage|p2a: Heatran|38\/100\n|move|p2a: Heatran|Lava Plume|p1a: Alakazam\n|-damage|p1a: Alakazam|11\/100 psn\n|\n|-heal|p2a: Heatran|44\/100|[from] item: Leftovers\n|upkeep\n|turn|25\n|inactive|LadyPenumbra has 90 seconds left.\n|\n|t:|1664169008\n|move|p1a: Alakazam|Shadow Ball|p2a: Heatran\n|-damage|p2a: Heatran|0 fnt\n|faint|p2a: Heatran\n|\n|upkeep\n|\n|t:|1664169012\n|switch|p2a: Lucario|Lucario, M|100\/100\n|-damage|p2a: Lucario|98\/100|[from] Stealth Rock\n|turn|26\n|\n|t:|1664169021\n|move|p2a: Lucario|Extreme Speed|p1a: Alakazam\n|-damage|p1a: Alakazam|0 fnt\n|faint|p1a: Alakazam\n|\n|upkeep\n|\n|t:|1664169027\n|switch|p1a: Infernape|Infernape, F, shiny|51\/100 psn\n|-damage|p1a: Infernape|39\/100 psn|[from] Stealth Rock\n|turn|27\n|\n|t:|1664169037\n|switch|p1a: Gliscor|Gliscor, M|64\/100 tox\n|-damage|p1a: Gliscor|52\/100 tox|[from] Stealth Rock\n|move|p2a: Lucario|Extreme Speed|p1a: Gliscor\n|-damage|p1a: Gliscor|18\/100 tox\n|\n|-heal|p1a: Gliscor|30\/100 tox|[from] ability: Poison Heal\n|upkeep\n|turn|28\n|c|\u2606Ill Leave|gg\n|\n|t:|1664169052\n|move|p2a: Lucario|Extreme Speed|p1a: Gliscor\n|-damage|p1a: Gliscor|0 fnt\n|faint|p1a: Gliscor\n|\n|upkeep\n|\n|t:|1664169061\n|switch|p1a: Rotom|Rotom-Wash|83\/100\n|-damage|p1a: Rotom|71\/100|[from] Stealth Rock\n|turn|29\n|\n|t:|1664169068\n|switch|p2a: Garchomp|Garchomp, M|94\/100\n|-damage|p2a: Garchomp|88\/100|[from] Stealth Rock\n|move|p1a: Rotom|Hydro Pump|p2a: Garchomp|[miss]\n|-miss|p1a: Rotom|p2a: Garchomp\n|\n|upkeep\n|turn|30\n|\n|t:|1664169075\n|move|p2a: Garchomp|Stone Edge|p1a: Rotom\n|-damage|p1a: Rotom|23\/100\n|move|p1a: Rotom|Hydro Pump|p2a: Garchomp\n|-crit|p2a: Garchomp\n|-damage|p2a: Garchomp|11\/100\n|\n|upkeep\n|turn|31\n|inactive|LadyPenumbra has 120 seconds left.\n|\n|t:|1664169083\n|move|p2a: Garchomp|Stone Edge|p1a: Rotom\n|-damage|p1a: Rotom|0 fnt\n|faint|p1a: Rotom\n|\n|upkeep\n|inactive|LadyPenumbra has 120 seconds left.\n|\n|t:|1664169096\n|switch|p1a: Infernape|Infernape, F, shiny|39\/100 psn\n|-damage|p1a: Infernape|27\/100 psn|[from] Stealth Rock\n|turn|32\n|inactive|LadyPenumbra has 120 seconds left.\n|\n|t:|1664169105\n|move|p2a: Garchomp|Stone Edge|p1a: Infernape\n|-damage|p1a: Infernape|0 fnt\n|faint|p1a: Infernape\n|\n|win|Ill Leave\n|n|\u2606LadyPenumbra|ladypenumbra\n|n|\u2606Ill Leave|illleave\n","uploadtime":1664169106,"views":14,"p1id":"ladypenumbra","p2id":"illleave","formatid":"gen8bdspou","rating":0,"private":0,"password":null}