{"id":"gen8bdspubers-1492868896","p1":"Blacksponge","p2":"fwecklez","format":"gen8bdspubers","log":"|j|\u2606Blacksponge\n|j|\u2606fwecklez\n|t:|1642384189\n|gametype|singles\n|player|p1|Blacksponge|101|1000\n|player|p2|fwecklez|265|1159\n|teamsize|p1|6\n|teamsize|p2|6\n|gen|8\n|tier|[Gen 8 BDSP] Ubers\n|rated|\n|rule|Sleep Clause Mod: Limit one foe put to sleep\n|rule|Species Clause: Limit one of each Pok\u00e9mon\n|rule|OHKO Clause: OHKO moves are banned\n|rule|Evasion Moves Clause: Evasion moves are banned\n|rule|Endless Battle Clause: Forcing endless battles is banned\n|rule|HP Percentage Mod: HP is shown in percentages\n|clearpoke\n|poke|p1|Rayquaza|\n|poke|p1|Kyogre|\n|poke|p1|Giratina-Origin|\n|poke|p1|Dialga|\n|poke|p1|Salamence, F|\n|poke|p1|Mewtwo|\n|poke|p2|Kyogre|\n|poke|p2|Palkia|\n|poke|p2|Dialga|\n|poke|p2|Giratina-Origin|\n|poke|p2|Rayquaza|\n|poke|p2|Blissey, F|\n|teampreview\n|inactive|Battle timer is ON: inactive players will automatically lose when time's up. (requested by Blacksponge)\n|\n|t:|1642384224\n|start\n|switch|p1a: Dialga|Dialga|100\/100\n|switch|p2a: Dialga|Dialga|100\/100\n|-ability|p1a: Dialga|Pressure\n|-ability|p2a: Dialga|Pressure\n|turn|1\n|\n|t:|1642384231\n|move|p1a: Dialga|Earth Power|p2a: Dialga\n|-supereffective|p2a: Dialga\n|-damage|p2a: Dialga|7\/100\n|move|p2a: Dialga|Thunder Wave|p1a: Dialga\n|-status|p1a: Dialga|par\n|\n|-heal|p2a: Dialga|13\/100|[from] item: Leftovers\n|upkeep\n|turn|2\n|\n|t:|1642384239\n|switch|p1a: Salamence|Salamence, F|100\/100\n|move|p2a: Dialga|Stealth Rock|p1a: Salamence\n|-sidestart|p1: Blacksponge|move: Stealth Rock\n|\n|-heal|p2a: Dialga|19\/100|[from] item: Leftovers\n|upkeep\n|turn|3\n|\n|t:|1642384244\n|move|p1a: Salamence|Outrage|p2a: Dialga\n|-damage|p2a: Dialga|0 fnt\n|faint|p2a: Dialga\n|-ability|p1a: Salamence|Moxie|boost\n|-boost|p1a: Salamence|atk|1\n|\n|upkeep\n|\n|t:|1642384252\n|switch|p2a: Kyogre|Kyogre|100\/100\n|-weather|RainDance|[from] ability: Drizzle|[of] p2a: Kyogre\n|turn|4\n|\n|t:|1642384256\n|move|p1a: Salamence|Outrage|p2a: Kyogre|[from]lockedmove\n|-damage|p2a: Kyogre|0 fnt\n|faint|p2a: Kyogre\n|-ability|p1a: Salamence|Moxie|boost\n|-boost|p1a: Salamence|atk|1\n|\n|-weather|RainDance|[upkeep]\n|upkeep\n|\n|t:|1642384263\n|switch|p2a: Giratina|Giratina-Origin|100\/100\n|turn|5\n|\n|t:|1642384266\n|move|p2a: Giratina|Shadow Sneak|p1a: Salamence\n|-damage|p1a: Salamence|65\/100\n|move|p1a: Salamence|Outrage|p2a: Giratina|[from]lockedmove\n|-supereffective|p2a: Giratina\n|-damage|p2a: Giratina|0 fnt\n|faint|p2a: Giratina\n|-ability|p1a: Salamence|Moxie|boost\n|-boost|p1a: Salamence|atk|1\n|-start|p1a: Salamence|confusion|[fatigue]\n|\n|-weather|RainDance|[upkeep]\n|upkeep\n|\n|t:|1642384275\n|switch|p2a: Rayquaza|Rayquaza|100\/100\n|-ability|p2a: Rayquaza|Air Lock\n|turn|6\n|\n|t:|1642384279\n|-activate|p1a: Salamence|confusion\n|move|p1a: Salamence|Outrage|p2a: Rayquaza\n|-supereffective|p2a: Rayquaza\n|-damage|p2a: Rayquaza|0 fnt\n|faint|p2a: Rayquaza\n|-ability|p1a: Salamence|Moxie|boost\n|-boost|p1a: Salamence|atk|1\n|\n|-weather|RainDance|[upkeep]\n|upkeep\n|-message|fwecklez forfeited.\n|\n|win|Blacksponge\n|raw|Blacksponge's rating: 1000 &rarr; <strong>1057<\/strong><br \/>(+57 for winning)\n|raw|fwecklez's rating: 1159 &rarr; <strong>1123<\/strong><br \/>(-36 for losing)\n|l|\u2606fwecklez\n","uploadtime":1642384290,"views":51,"p1id":"blacksponge","p2id":"fwecklez","formatid":"gen8bdspubers","rating":1057,"private":0,"password":null}