{"id":"gen8nationaldex-1419371753","p1":"Benjamin Gilbert","p2":"hjksgdf","format":"gen8nationaldex","log":"|j|\u2606Benjamin Gilbert\n|j|\u2606hjksgdf\n|inactive|Battle timer is ON: inactive players will automatically lose when time's up.\n|t:|1631989581\n|gametype|singles\n|player|p1|Benjamin Gilbert|266|\n|player|p2|hjksgdf|1|\n|teamsize|p1|6\n|teamsize|p2|6\n|gen|8\n|tier|[Gen 8] National Dex\n|rated|Tournament battle\n|rule|HP Percentage Mod: HP is shown in percentages\n|rule|Endless Battle Clause: Forcing endless battles is banned\n|rule|OHKO Clause: OHKO moves are banned\n|rule|Evasion Moves Clause: Evasion moves are banned\n|rule|Species Clause: Limit one of each Pok\u00e9mon\n|rule|Dynamax Clause: You cannot dynamax\n|rule|Sleep Clause Mod: Limit one foe put to sleep\n|clearpoke\n|poke|p1|Regieleki|\n|poke|p1|Toxapex, M|\n|poke|p1|Zapdos-Galar|\n|poke|p1|Diancie|\n|poke|p1|Ferrothorn, M|\n|poke|p1|Mamoswine, M|\n|poke|p2|Lopunny, M|\n|poke|p2|Corviknight, M|\n|poke|p2|Toxapex, M|\n|poke|p2|Landorus-Therian, M|\n|poke|p2|Heatran, M|\n|poke|p2|Greninja, M|\n|teampreview\n|inactive|hjksgdf also wants the timer to be on.\n|j| Collasal\n|j| BoomDragoon\n|l| Collasal\n|j| TheRainQueen\n|\n|t:|1631989601\n|start\n|switch|p1a: Roadrunner|Zapdos-Galar|100\/100\n|switch|p2a: Lopunny|Lopunny, M|100\/100\n|turn|1\n|\n|t:|1631989608\n|switch|p2a: Corviknight|Corviknight, M|100\/100\n|-ability|p2a: Corviknight|Pressure\n|switch|p1a: Painstendo.|Toxapex, M, shiny|100\/100\n|\n|upkeep\n|turn|2\n|\n|t:|1631989612\n|move|p2a: Corviknight|U-turn|p1a: Painstendo.\n|-resisted|p1a: Painstendo.\n|-damage|p1a: Painstendo.|96\/100\n|\n|t:|1631989617\n|switch|p2a: Toxapex|Toxapex, M|100\/100|[from]move: U-turn\n|move|p1a: Painstendo.|Toxic Spikes|p2a: Toxapex\n|-sidestart|p2: hjksgdf|move: Toxic Spikes\n|\n|-heal|p1a: Painstendo.|100\/100|[from] item: Black Sludge\n|upkeep\n|turn|3\n|\n|t:|1631989621\n|move|p2a: Toxapex|Scald|p1a: Painstendo.\n|-resisted|p1a: Painstendo.\n|-damage|p1a: Painstendo.|95\/100\n|-status|p1a: Painstendo.|brn\n|move|p1a: Painstendo.|Scald|p2a: Toxapex\n|-resisted|p2a: Toxapex\n|-damage|p2a: Toxapex|95\/100\n|\n|-heal|p2a: Toxapex|100\/100|[from] item: Black Sludge\n|-heal|p1a: Painstendo.|100\/100 brn|[from] item: Black Sludge\n|-damage|p1a: Painstendo.|94\/100 brn|[from] brn\n|upkeep\n|turn|4\n|\n|t:|1631989624\n|switch|p2a: Heatran|Heatran, M|100\/100\n|move|p1a: Painstendo.|Scald|p2a: Heatran\n|-supereffective|p2a: Heatran\n|-damage|p2a: Heatran|80\/100\n|\n|-heal|p1a: Painstendo.|100\/100 brn|[from] item: Black Sludge\n|-damage|p1a: Painstendo.|94\/100 brn|[from] brn\n|upkeep\n|turn|5\n|\n|t:|1631989632\n|switch|p1a: Mamoswine|Mamoswine, M|100\/100\n|move|p2a: Heatran|Taunt|p1a: Mamoswine\n|-start|p1a: Mamoswine|move: Taunt\n|\n|upkeep\n|turn|6\n|\n|t:|1631989637\n|switch|p2a: Corviknight|Corviknight, M|100\/100\n|-ability|p2a: Corviknight|Pressure\n|move|p1a: Mamoswine|Knock Off|p2a: Corviknight\n|-damage|p2a: Corviknight|80\/100\n|-damage|p1a: Mamoswine|84\/100|[from] item: Rocky Helmet|[of] p2a: Corviknight\n|-enditem|p2a: Corviknight|Rocky Helmet|[from] move: Knock Off|[of] p1a: Mamoswine\n|\n|upkeep\n|turn|7\n|\n|t:|1631989653\n|switch|p1a: Roadrunner|Zapdos-Galar|100\/100\n|move|p2a: Corviknight|U-turn|p1a: Roadrunner\n|-resisted|p1a: Roadrunner\n|-damage|p1a: Roadrunner|97\/100\n|\n|t:|1631989674\n|switch|p2a: Landorus|Landorus-Therian, M|100\/100|[from]move: U-turn\n|-ability|p2a: Landorus|Intimidate|boost\n|-unboost|p1a: Roadrunner|atk|1\n|-ability|p1a: Roadrunner|Defiant\n|-boost|p1a: Roadrunner|atk|2\n|\n|upkeep\n|turn|8\n|\n|t:|1631989687\n|move|p1a: Roadrunner|Substitute|p1a: Roadrunner\n|-start|p1a: Roadrunner|Substitute\n|-damage|p1a: Roadrunner|72\/100\n|move|p2a: Landorus|Toxic||[still]\n|-fail|p2a: Landorus\n|\n|upkeep\n|turn|9\n|\n|t:|1631989694\n|move|p1a: Roadrunner|Bulk Up|p1a: Roadrunner\n|-boost|p1a: Roadrunner|atk|1\n|-boost|p1a: Roadrunner|def|1\n|move|p2a: Landorus|Stealth Rock|p1a: Roadrunner\n|-sidestart|p1: Benjamin Gilbert|move: Stealth Rock\n|\n|upkeep\n|turn|10\n|\n|t:|1631989714\n|move|p1a: Roadrunner|Thunderous Kick|p2a: Landorus\n|-resisted|p2a: Landorus\n|-damage|p2a: Landorus|68\/100\n|-unboost|p2a: Landorus|def|1\n|move|p2a: Landorus|U-turn|p1a: Roadrunner\n|-resisted|p1a: Roadrunner\n|-activate|p1a: Roadrunner|move: Substitute|[damage]\n|inactive|hjksgdf has 120 seconds left.\n|\n|t:|1631989756\n|switch|p2a: Toxapex|Toxapex, M|100\/100|[from]move: U-turn\n|-sideend|p2: hjksgdf|move: Toxic Spikes|[of] p2a: Toxapex\n|\n|upkeep\n|turn|11\n|\n|t:|1631989759\n|-zpower|p1a: Roadrunner\n|move|p1a: Roadrunner|Supersonic Skystrike|p2a: Toxapex|[zeffect]\n|-damage|p2a: Toxapex|0 fnt\n|faint|p2a: Toxapex\n|\n|upkeep\n|inactive|hjksgdf has 120 seconds left.\n|j| Hikaru Ozora\n|inactive|hjksgdf has 90 seconds left.\n|\n|t:|1631989797\n|switch|p2a: Lopunny|Lopunny, M|100\/100\n|turn|12\n|\n|t:|1631989800\n|detailschange|p2a: Lopunny|Lopunny-Mega, M\n|-mega|p2a: Lopunny|Lopunny|Lopunnite\n|move|p2a: Lopunny|U-turn|p1a: Roadrunner\n|-resisted|p1a: Roadrunner\n|-activate|p1a: Roadrunner|move: Substitute|[damage]\n|\n|t:|1631989805\n|switch|p2a: Corviknight|Corviknight, M|80\/100|[from]move: U-turn\n|-ability|p2a: Corviknight|Pressure\n|move|p1a: Roadrunner|Thunderous Kick|p2a: Corviknight\n|-damage|p2a: Corviknight|28\/100\n|-unboost|p2a: Corviknight|def|1\n|\n|upkeep\n|turn|13\n|\n|t:|1631989808\n|move|p1a: Roadrunner|Thunderous Kick|p2a: Corviknight\n|-damage|p2a: Corviknight|0 fnt\n|faint|p2a: Corviknight\n|\n|upkeep\n|j| clb > donda\n|l| TheRainQueen\n|inactive|hjksgdf has 90 seconds left.\n|\n|t:|1631989861\n|switch|p2a: Greninja|Greninja, M|100\/100\n|turn|14\n|\n|t:|1631989865\n|move|p2a: Greninja|Water Shuriken|p1a: Roadrunner\n|-activate|p1a: Roadrunner|move: Substitute|[damage]\n|-end|p1a: Roadrunner|Substitute\n|-hitcount|p1a: Roadrunner|2\n|move|p1a: Roadrunner|Thunderous Kick|p2a: Greninja\n|-supereffective|p2a: Greninja\n|-damage|p2a: Greninja|0 fnt\n|faint|p2a: Greninja\n|\n|upkeep\n|inactive|hjksgdf has 60 seconds left.\n|-message|hjksgdf forfeited.\n|\n|win|Benjamin Gilbert\n|n|\u2606Benjamin Gilbert|benjamingilbert\n|n|\u2606hjksgdf|hjksgdf\n|n| BoomDragoon|boomdragoon\n|n| Hikaru Ozora|hikaruozora\n|n| clb > donda|clbdonda\n","uploadtime":1631989894,"views":14,"p1id":"benjamingilbert","p2id":"hjksgdf","formatid":"gen8nationaldex","rating":0,"private":0,"password":null}