{"id":"gen8randombattle-1275740334","p1":"jaqwsedrftg","p2":"NAFLD","format":"gen8randombattle","log":"|j|\u2606jaqwsedrftg\n|j|\u2606NAFLD\n|t:|1612418286\n|player|p1|jaqwsedrftg|102|1621\n|player|p2|NAFLD|169|1590\n|teamsize|p1|6\n|teamsize|p2|6\n|gametype|singles\n|gen|8\n|tier|[Gen 8] Random Battle\n|rated|\n|rule|Species Clause: Limit one of each Pok\u00e9mon\n|rule|HP Percentage Mod: HP is shown in percentages\n|rule|Sleep Clause Mod: Limit one foe put to sleep\n|\n|t:|1612418286\n|start\n|switch|p1a: Toxapex|Toxapex, L82, F|216\/216\n|switch|p2a: Raichu|Raichu, L86, F|243\/243\n|turn|1\n|inactive|Battle timer is ON: inactive players will automatically lose when time's up. (requested by jaqwsedrftg)\n|inactive|NAFLD has 120 seconds left.\n|c|\u2606jaqwsedrftg|glhf\n|inactive|NAFLD has 90 seconds left.\n|\n|t:|1612418367\n|move|p1a: Toxapex|Baneful Bunker|p1a: Toxapex\n|-singleturn|p1a: Toxapex|move: Protect\n|move|p2a: Raichu|Nasty Plot|p2a: Raichu\n|-boost|p2a: Raichu|spa|2\n|\n|upkeep\n|turn|2\n|l|\u2606jaqwsedrftg\n|inactive|jaqwsedrftg disconnected and has a minute to reconnect!\n|player|p1|\n|inactive|jaqwsedrftg has 30 seconds to reconnect!\n|j|\u2606jaqwsedrftg\n|inactive|jaqwsedrftg reconnected and has 120 seconds left.\n|player|p1|jaqwsedrftg|102\n|\n|t:|1612418406\n|switch|p1a: Guzzlord|Guzzlord, L84|512\/512\n|move|p2a: Raichu|Thunderbolt|p1a: Guzzlord\n|-resisted|p1a: Guzzlord\n|-damage|p1a: Guzzlord|426\/512\n|\n|upkeep\n|turn|3\n|inactive|jaqwsedrftg has 120 seconds left.\n|\n|t:|1612418422\n|switch|p2a: Melmetal|Melmetal, L74|322\/322\n|move|p1a: Guzzlord|Knock Off|p2a: Melmetal\n|-damage|p2a: Melmetal|246\/322\n|-enditem|p2a: Melmetal|Choice Band|[from] move: Knock Off|[of] p1a: Guzzlord\n|\n|upkeep\n|turn|4\n|inactive|jaqwsedrftg has 120 seconds left.\n|inactive|jaqwsedrftg has 90 seconds left.\n|\n|t:|1612418466\n|move|p1a: Guzzlord|Fire Blast|p2a: Melmetal\n|-supereffective|p2a: Melmetal\n|-damage|p2a: Melmetal|28\/322\n|move|p2a: Melmetal|Double Iron Bash|p1a: Guzzlord\n|-damage|p1a: Guzzlord|300\/512\n|-damage|p1a: Guzzlord|191\/512\n|-hitcount|p1a: Guzzlord|2\n|\n|upkeep\n|turn|5\n|\n|t:|1612418479\n|move|p1a: Guzzlord|Knock Off|p2a: Melmetal\n|-damage|p2a: Melmetal|0 fnt\n|faint|p2a: Melmetal\n|-ability|p1a: Guzzlord|Beast Boost|boost\n|-boost|p1a: Guzzlord|atk|1\n|\n|upkeep\n|l|\u2606jaqwsedrftg\n|inactive|jaqwsedrftg disconnected and has a minute to reconnect!\n|player|p1|\n|inactive|NAFLD has 120 seconds left.\n|\n|t:|1612418510\n|switch|p2a: Sandaconda|Sandaconda, L84, M|258\/258\n|turn|6\n|inactive|jaqwsedrftg has 30 seconds to reconnect!\n|inactive|jaqwsedrftg has 20 seconds to reconnect!\n|j|\u2606jaqwsedrftg\n|inactive|jaqwsedrftg reconnected and has 70 seconds left.\n|player|p1|jaqwsedrftg|102\n|\n|t:|1612418557\n|move|p2a: Sandaconda|Earthquake|p1a: Guzzlord\n|-crit|p1a: Guzzlord\n|-damage|p1a: Guzzlord|0 fnt\n|faint|p1a: Guzzlord\n|\n|upkeep\n|inactive|jaqwsedrftg has 60 seconds left.\n|\n|t:|1612418575\n|switch|p1a: Mr. Rime|Mr. Rime, L86, M|278\/278\n|turn|7\n|inactive|NAFLD has 120 seconds left.\n|l|\u2606jaqwsedrftg\n|inactive|jaqwsedrftg disconnected and has a minute to reconnect!\n|player|p1|\n|j|\u2606jaqwsedrftg\n|inactive|jaqwsedrftg reconnected.\n|player|p1|jaqwsedrftg|102\n|\n|t:|1612418617\n|switch|p2a: Salazzle|Salazzle, L82, F|246\/246\n|move|p1a: Mr. Rime|Freeze-Dry|p2a: Salazzle\n|-resisted|p2a: Salazzle\n|-crit|p2a: Salazzle\n|-damage|p2a: Salazzle|161\/246\n|\n|-heal|p2a: Salazzle|176\/246|[from] item: Black Sludge\n|upkeep\n|turn|8\n|\n|t:|1612418627\n|move|p2a: Salazzle|Flamethrower|p1a: Mr. Rime\n|-supereffective|p1a: Mr. Rime\n|-crit|p1a: Mr. Rime\n|-damage|p1a: Mr. Rime|20\/278\n|move|p1a: Mr. Rime|Psychic|p2a: Salazzle\n|-supereffective|p2a: Salazzle\n|-damage|p2a: Salazzle|0 fnt\n|faint|p2a: Salazzle\n|\n|upkeep\n|\n|t:|1612418633\n|switch|p2a: Raichu|Raichu, L86, F|243\/243\n|turn|9\n|\n|t:|1612418645\n|move|p2a: Raichu|Thunderbolt|p1a: Mr. Rime\n|-damage|p1a: Mr. Rime|0 fnt\n|faint|p1a: Mr. Rime\n|\n|upkeep\n|\n|t:|1612418648\n|switch|p1a: Dragapult|Dragapult, L78, F|265\/265\n|turn|10\n|\n|t:|1612418655\n|switch|p2a: Sandaconda|Sandaconda, L84, M|258\/258\n|move|p1a: Dragapult|Shadow Ball|p2a: Sandaconda\n|-damage|p2a: Sandaconda|119\/258\n|\n|-heal|p2a: Sandaconda|135\/258|[from] item: Leftovers\n|upkeep\n|turn|11\n|inactive|jaqwsedrftg has 90 seconds left.\n|\n|t:|1612418662\n|move|p1a: Dragapult|Shadow Ball|p2a: Sandaconda\n|-damage|p2a: Sandaconda|2\/258\n|-unboost|p2a: Sandaconda|spd|1\n|move|p2a: Sandaconda|Glare|p1a: Dragapult\n|-status|p1a: Dragapult|par\n|\n|-heal|p2a: Sandaconda|18\/258|[from] item: Leftovers\n|upkeep\n|turn|12\n|\n|t:|1612418668\n|move|p2a: Sandaconda|Earthquake|p1a: Dragapult\n|-damage|p1a: Dragapult|117\/265 par\n|move|p1a: Dragapult|Shadow Ball|p2a: Sandaconda\n|-damage|p2a: Sandaconda|0 fnt\n|faint|p2a: Sandaconda\n|\n|upkeep\n|\n|t:|1612418674\n|switch|p2a: Decidueye|Decidueye, L86, F|274\/274\n|turn|13\n|\n|t:|1612418681\n|switch|p1a: Toxapex|Toxapex, L82, F|216\/216\n|move|p2a: Decidueye|Spirit Shackle|p1a: Toxapex\n|-crit|p1a: Toxapex\n|-damage|p1a: Toxapex|126\/216\n|-activate|p1a: Toxapex|trapped\n|\n|-heal|p1a: Toxapex|139\/216|[from] item: Black Sludge\n|upkeep\n|turn|14\n|\n|t:|1612418687\n|move|p2a: Decidueye|Swords Dance|p2a: Decidueye\n|-boost|p2a: Decidueye|atk|2\n|move|p1a: Toxapex|Recover|p1a: Toxapex\n|-heal|p1a: Toxapex|216\/216\n|\n|upkeep\n|turn|15\n|\n|t:|1612418690\n|move|p2a: Decidueye|Swords Dance|p2a: Decidueye\n|-boost|p2a: Decidueye|atk|2\n|move|p1a: Toxapex|Haze|p1a: Toxapex\n|-clearallboost\n|\n|upkeep\n|turn|16\n|\n|t:|1612418695\n|move|p2a: Decidueye|Swords Dance|p2a: Decidueye\n|-boost|p2a: Decidueye|atk|2\n|move|p1a: Toxapex|Haze|p1a: Toxapex\n|-clearallboost\n|\n|upkeep\n|turn|17\n|\n|t:|1612418699\n|move|p2a: Decidueye|Swords Dance|p2a: Decidueye\n|-boost|p2a: Decidueye|atk|2\n|move|p1a: Toxapex|Scald|p2a: Decidueye\n|-resisted|p2a: Decidueye\n|-damage|p2a: Decidueye|253\/274\n|-status|p2a: Decidueye|brn\n|-enditem|p2a: Decidueye|Lum Berry|[eat]\n|-curestatus|p2a: Decidueye|brn|[msg]\n|\n|upkeep\n|turn|18\n|\n|t:|1612418710\n|move|p2a: Decidueye|Spirit Shackle|p1a: Toxapex\n|-damage|p1a: Toxapex|83\/216\n|move|p1a: Toxapex|Haze|p1a: Toxapex\n|-clearallboost\n|\n|-heal|p1a: Toxapex|96\/216|[from] item: Black Sludge\n|upkeep\n|turn|19\n|\n|t:|1612418717\n|move|p2a: Decidueye|Swords Dance|p2a: Decidueye\n|-boost|p2a: Decidueye|atk|2\n|move|p1a: Toxapex|Recover|p1a: Toxapex\n|-heal|p1a: Toxapex|204\/216\n|\n|-heal|p1a: Toxapex|216\/216|[from] item: Black Sludge\n|upkeep\n|turn|20\n|\n|t:|1612418722\n|move|p2a: Decidueye|Leaf Blade|p1a: Toxapex\n|-crit|p1a: Toxapex\n|-damage|p1a: Toxapex|5\/216\n|move|p1a: Toxapex|Haze|p1a: Toxapex\n|-clearallboost\n|\n|-heal|p1a: Toxapex|18\/216|[from] item: Black Sludge\n|upkeep\n|turn|21\n|\n|t:|1612418728\n|move|p2a: Decidueye|Spirit Shackle|p1a: Toxapex\n|-damage|p1a: Toxapex|0 fnt\n|faint|p1a: Toxapex\n|\n|upkeep\n|\n|t:|1612418734\n|switch|p1a: Ninjask|Ninjask, L86, F|245\/245\n|turn|22\n|\n|t:|1612418760\n|move|p1a: Ninjask|Swords Dance|p1a: Ninjask\n|-boost|p1a: Ninjask|atk|2\n|move|p2a: Decidueye|Spirit Shackle|p1a: Ninjask\n|-damage|p1a: Ninjask|100\/245\n|-activate|p1a: Ninjask|trapped\n|\n|-ability|p1a: Ninjask|Speed Boost|boost\n|-boost|p1a: Ninjask|spe|1\n|upkeep\n|turn|23\n|\n|t:|1612418771\n|move|p1a: Ninjask|Leech Life|p2a: Decidueye\n|-damage|p2a: Decidueye|60\/274\n|-heal|p1a: Ninjask|197\/245|[from] drain|[of] p2a: Decidueye\n|move|p2a: Decidueye|Spirit Shackle|p1a: Ninjask\n|-damage|p1a: Ninjask|50\/245\n|\n|-ability|p1a: Ninjask|Speed Boost|boost\n|-boost|p1a: Ninjask|spe|1\n|upkeep\n|turn|24\n|\n|t:|1612418780\n|move|p1a: Ninjask|Leech Life|p2a: Decidueye\n|-damage|p2a: Decidueye|0 fnt\n|-heal|p1a: Ninjask|80\/245|[from] drain|[of] p2a: Decidueye\n|faint|p2a: Decidueye\n|\n|-ability|p1a: Ninjask|Speed Boost|boost\n|-boost|p1a: Ninjask|spe|1\n|upkeep\n|\n|t:|1612418790\n|switch|p2a: Raichu|Raichu, L86, F|243\/243\n|turn|25\n|\n|t:|1612418796\n|-start|p1a: Ninjask|Dynamax\n|-heal|p1a: Ninjask|160\/490|[silent]\n|move|p1a: Ninjask|Max Flutterby|p2a: Raichu\n|-enditem|p2a: Raichu|Focus Sash\n|-damage|p2a: Raichu|1\/243\n|-unboost|p2a: Raichu|spa|1\n|move|p2a: Raichu|Thunderbolt|p1a: Ninjask\n|-supereffective|p1a: Ninjask\n|-damage|p1a: Ninjask|0 fnt\n|faint|p1a: Ninjask\n|\n|upkeep\n|\n|t:|1612418807\n|switch|p1a: Jirachi|Jirachi, L80|291\/291\n|turn|26\n|\n|t:|1612418811\n|move|p2a: Raichu|Thunderbolt|p1a: Jirachi\n|-damage|p1a: Jirachi|231\/291\n|move|p1a: Jirachi|Toxic|p2a: Raichu\n|-status|p2a: Raichu|tox\n|\n|-heal|p1a: Jirachi|249\/291|[from] item: Leftovers\n|-damage|p2a: Raichu|0 fnt|[from] psn\n|faint|p2a: Raichu\n|upkeep\n|\n|t:|1612418814\n|switch|p2a: Necrozma|Necrozma-Dusk-Mane, L68|245\/245\n|turn|27\n|\n|t:|1612418818\n|move|p1a: Jirachi|Iron Head|p2a: Necrozma\n|-resisted|p2a: Necrozma\n|-damage|p2a: Necrozma|212\/245\n|cant|p2a: Necrozma|flinch\n|\n|-heal|p1a: Jirachi|267\/291|[from] item: Leftovers\n|upkeep\n|turn|28\n|\n|t:|1612418830\n|move|p1a: Jirachi|Iron Head|p2a: Necrozma\n|-resisted|p2a: Necrozma\n|-damage|p2a: Necrozma|175\/245\n|cant|p2a: Necrozma|flinch\n|\n|-heal|p1a: Jirachi|285\/291|[from] item: Leftovers\n|upkeep\n|turn|29\n|\n|t:|1612418835\n|move|p1a: Jirachi|Iron Head|p2a: Necrozma\n|-resisted|p2a: Necrozma\n|-damage|p2a: Necrozma|139\/245\n|cant|p2a: Necrozma|flinch\n|\n|-heal|p1a: Jirachi|291\/291|[from] item: Leftovers\n|upkeep\n|turn|30\n|\n|t:|1612418840\n|move|p1a: Jirachi|Iron Head|p2a: Necrozma\n|-resisted|p2a: Necrozma\n|-damage|p2a: Necrozma|105\/245\n|cant|p2a: Necrozma|flinch\n|\n|upkeep\n|turn|31\n|\n|t:|1612418845\n|move|p1a: Jirachi|Iron Head|p2a: Necrozma\n|-resisted|p2a: Necrozma\n|-damage|p2a: Necrozma|66\/245\n|cant|p2a: Necrozma|flinch\n|\n|upkeep\n|turn|32\n|\n|t:|1612418850\n|move|p1a: Jirachi|Iron Head|p2a: Necrozma\n|-resisted|p2a: Necrozma\n|-damage|p2a: Necrozma|29\/245\n|cant|p2a: Necrozma|flinch\n|\n|upkeep\n|turn|33\n|-message|NAFLD forfeited.\n|\n|win|jaqwsedrftg\n|l|\u2606NAFLD\n|raw|jaqwsedrftg's rating: 1621 &rarr; <strong>1638<\/strong><br \/>(+17 for winning)\n|raw|NAFLD's rating: 1572 &rarr; <strong>1555<\/strong><br \/>(-17 for losing)\n","inputlog":">version 13a2a802a1744002b75d1960374aebdb54fac6cd\n>start {\"formatid\":\"gen8randombattle\",\"seed\":[27401,11718,47734,59098],\"rated\":\"Rated battle\"}\n>player p1 {\"name\":\"jaqwsedrftg\",\"avatar\":\"102\",\"team\":\"\",\"rating\":1621,\"seed\":[48469,17579,52078,42033]}\n>player p2 {\"name\":\"NAFLD\",\"avatar\":\"169\",\"team\":\"\",\"rating\":1590,\"seed\":[57869,143,55599,12454]}\n>chat \u2606jaqwsedrftg|glhf\n>p1 move banefulbunker\n>p2 move nastyplot\n>p1 switch 6\n>p2 move thunderbolt\n>p1 move knockoff\n>p2 switch 4\n>p1 move fireblast\n>p2 move doubleironbash\n>p1 move knockoff\n>p2 move doubleironbash\n>p2 switch 3\n>p1 move knockoff\n>p2 move earthquake\n>p1 switch 3\n>p1 move freezedry\n>p2 switch 6\n>p1 move psychic\n>p2 move flamethrower\n>p2 switch 4\n>p1 move psychic\n>p2 move thunderbolt\n>p1 switch 5\n>p1 move shadowball\n>p2 switch 6\n>p1 move shadowball\n>p2 move glare\n>p1 move shadowball\n>p2 move earthquake\n>p2 switch 5\n>p1 switch 6\n>p2 move spiritshackle\n>p1 move recover\n>p2 move swordsdance\n>p1 move haze\n>p2 move swordsdance\n>p1 move haze\n>p2 move swordsdance\n>p1 move scald\n>p2 move swordsdance\n>p1 move haze\n>p2 move spiritshackle\n>p1 move recover\n>p2 move swordsdance\n>p1 move haze\n>p2 move leafblade\n>p1 move haze\n>p2 move spiritshackle\n>p1 switch 2\n>p1 move swordsdance\n>p2 move spiritshackle\n>p1 move leechlife\n>p2 move spiritshackle\n>p1 move leechlife\n>p2 move spiritshackle\n>p2 switch 6\n>p1 move leechlife dynamax\n>p2 move thunderbolt\n>p1 switch 4\n>p1 move toxic\n>p2 move thunderbolt\n>p2 switch 2\n>p1 move ironhead\n>p2 move dragondance\n>p1 move ironhead\n>p2 move dragondance\n>p1 move ironhead\n>p2 move dragondance\n>p1 move ironhead\n>p2 move morningsun\n>p1 move ironhead\n>p2 move morningsun\n>p1 move ironhead\n>p2 move morningsun","uploadtime":1612418862,"views":22,"p1id":"jaqwsedrftg","p2id":"nafld","formatid":"gen8randombattle","rating":1555,"private":0,"password":null}