{"id":"gen8nationaldex-1569480609","p1":"Blacksponge","p2":"6!5-8C","format":"gen8nationaldex","log":"|j|\u2606Blacksponge\n|j|\u26066!5-8C\n|t:|1651899032\n|gametype|singles\n|player|p1|Blacksponge|lucas|1668\n|player|p2|6!5-8C|whitney|1571\n|teamsize|p1|6\n|teamsize|p2|6\n|gen|8\n|tier|[Gen 8] National Dex\n|rated|\n|rule|HP Percentage Mod: HP is shown in percentages\n|rule|Endless Battle Clause: Forcing endless battles is banned\n|rule|OHKO Clause: OHKO moves are banned\n|rule|Evasion Moves Clause: Evasion moves are banned\n|rule|Species Clause: Limit one of each Pok\u00e9mon\n|rule|Dynamax Clause: You cannot dynamax\n|rule|Sleep Clause Mod: Limit one foe put to sleep\n|clearpoke\n|poke|p1|Garchomp, M|\n|poke|p1|Deoxys-Defense|\n|poke|p1|Victini|\n|poke|p1|Kyurem|\n|poke|p1|Corviknight, M|\n|poke|p1|Tyranitar, M|\n|poke|p2|Clefable, F|\n|poke|p2|Chansey, F|\n|poke|p2|Sableye, F|\n|poke|p2|Gliscor, F|\n|poke|p2|Ferrothorn, F|\n|poke|p2|Toxapex, F|\n|teampreview\n|\n|t:|1651899056\n|start\n|switch|p1a: Tyranitar|Tyranitar, M|100\/100\n|switch|p2a: Legend Of Zelda|Sableye, F|100\/100\n|-weather|Sandstorm|[from] ability: Sand Stream|[of] p1a: Tyranitar\n|turn|1\n|\n|t:|1651899066\n|detailschange|p2a: Legend Of Zelda|Sableye-Mega, F\n|-mega|p2a: Legend Of Zelda|Sableye|Sablenite\n|move|p1a: Tyranitar|Dark Pulse|p2a: Legend Of Zelda\n|-damage|p2a: Legend Of Zelda|77\/100\n|move|p2a: Legend Of Zelda|Will-O-Wisp|p1a: Tyranitar\n|-status|p1a: Tyranitar|brn\n|\n|-weather|Sandstorm|[upkeep]\n|-damage|p2a: Legend Of Zelda|71\/100|[from] Sandstorm\n|-damage|p1a: Tyranitar|94\/100 brn|[from] brn\n|upkeep\n|turn|2\n|\n|t:|1651899076\n|move|p1a: Tyranitar|Dark Pulse|p2a: Legend Of Zelda\n|-crit|p2a: Legend Of Zelda\n|-damage|p2a: Legend Of Zelda|33\/100\n|move|p2a: Legend Of Zelda|Recover|p2a: Legend Of Zelda\n|-heal|p2a: Legend Of Zelda|83\/100\n|\n|-weather|Sandstorm|[upkeep]\n|-damage|p2a: Legend Of Zelda|77\/100|[from] Sandstorm\n|-damage|p1a: Tyranitar|88\/100 brn|[from] brn\n|upkeep\n|turn|3\n|\n|t:|1651899083\n|move|p1a: Tyranitar|Dark Pulse|p2a: Legend Of Zelda\n|-damage|p2a: Legend Of Zelda|54\/100\n|move|p2a: Legend Of Zelda|Recover|p2a: Legend Of Zelda\n|-heal|p2a: Legend Of Zelda|100\/100\n|\n|-weather|Sandstorm|[upkeep]\n|-damage|p2a: Legend Of Zelda|94\/100|[from] Sandstorm\n|-damage|p1a: Tyranitar|82\/100 brn|[from] brn\n|upkeep\n|turn|4\n|\n|t:|1651899087\n|move|p2a: Legend Of Zelda|Protect|p2a: Legend Of Zelda\n|-singleturn|p2a: Legend Of Zelda|Protect\n|move|p1a: Tyranitar|Dark Pulse|p2a: Legend Of Zelda\n|-activate|p2a: Legend Of Zelda|move: Protect\n|\n|-weather|Sandstorm|[upkeep]\n|-damage|p2a: Legend Of Zelda|88\/100|[from] Sandstorm\n|-damage|p1a: Tyranitar|76\/100 brn|[from] brn\n|upkeep\n|turn|5\n|\n|t:|1651899094\n|switch|p2a: Green Blob|Chansey, F, shiny|100\/100\n|move|p1a: Tyranitar|Dark Pulse|p2a: Green Blob\n|-damage|p2a: Green Blob|90\/100\n|\n|-weather|none\n|-damage|p1a: Tyranitar|70\/100 brn|[from] brn\n|upkeep\n|turn|6\n|\n|t:|1651899101\n|switch|p1a: Corviknight|Corviknight, M|100\/100\n|-ability|p1a: Corviknight|Pressure\n|move|p2a: Green Blob|Wish|p2a: Green Blob\n|\n|upkeep\n|turn|7\n|\n|t:|1651899113\n|move|p1a: Corviknight|Agility|p1a: Corviknight\n|-boost|p1a: Corviknight|spe|2\n|move|p2a: Green Blob|Seismic Toss|p1a: Corviknight\n|-damage|p1a: Corviknight|75\/100\n|\n|-heal|p2a: Green Blob|100\/100|[from] move: Wish|[wisher] Green Blob\n|-heal|p1a: Corviknight|82\/100|[from] item: Leftovers\n|upkeep\n|turn|8\n|\n|t:|1651899117\n|switch|p2a: The Actual Pex|Toxapex, F|100\/100\n|move|p1a: Corviknight|Bulk Up|p1a: Corviknight\n|-boost|p1a: Corviknight|atk|1\n|-boost|p1a: Corviknight|def|1\n|\n|-heal|p1a: Corviknight|88\/100|[from] item: Leftovers\n|upkeep\n|turn|9\n|\n|t:|1651899126\n|switch|p1a: Kyurem|Kyurem|100\/100\n|-ability|p1a: Kyurem|Pressure\n|move|p2a: The Actual Pex|Haze|p2a: The Actual Pex\n|-clearallboost\n|\n|upkeep\n|turn|10\n|\n|t:|1651899134\n|switch|p2a: Green Blob|Chansey, F, shiny|100\/100\n|move|p1a: Kyurem|Substitute|p1a: Kyurem\n|-start|p1a: Kyurem|Substitute\n|-damage|p1a: Kyurem|76\/100\n|\n|upkeep\n|turn|11\n|\n|t:|1651899139\n|move|p1a: Kyurem|Dragon Dance|p1a: Kyurem\n|-boost|p1a: Kyurem|atk|1\n|-boost|p1a: Kyurem|spe|1\n|move|p2a: Green Blob|Seismic Toss|p1a: Kyurem\n|-end|p1a: Kyurem|Substitute\n|\n|upkeep\n|turn|12\n|\n|t:|1651899143\n|move|p1a: Kyurem|Substitute|p1a: Kyurem\n|-start|p1a: Kyurem|Substitute\n|-damage|p1a: Kyurem|51\/100\n|move|p2a: Green Blob|Seismic Toss|p1a: Kyurem\n|-end|p1a: Kyurem|Substitute\n|\n|upkeep\n|turn|13\n|\n|t:|1651899146\n|move|p1a: Kyurem|Roost|p1a: Kyurem\n|-heal|p1a: Kyurem|100\/100\n|-singleturn|p1a: Kyurem|move: Roost\n|move|p2a: Green Blob|Seismic Toss|p1a: Kyurem\n|-damage|p1a: Kyurem|75\/100\n|\n|upkeep\n|turn|14\n|\n|t:|1651899149\n|switch|p1a: Corviknight|Corviknight, M|88\/100\n|-ability|p1a: Corviknight|Pressure\n|move|p2a: Green Blob|Seismic Toss|p1a: Corviknight\n|-damage|p1a: Corviknight|63\/100\n|\n|-heal|p1a: Corviknight|69\/100|[from] item: Leftovers\n|upkeep\n|turn|15\n|\n|t:|1651899155\n|switch|p2a: Vines & Spikes|Ferrothorn, F|100\/100\n|move|p1a: Corviknight|Roost|p1a: Corviknight\n|-heal|p1a: Corviknight|100\/100\n|-singleturn|p1a: Corviknight|move: Roost\n|\n|upkeep\n|turn|16\n|\n|t:|1651899165\n|switch|p1a: Garchomp|Garchomp, M|100\/100\n|move|p2a: Vines & Spikes|Stealth Rock|p1a: Garchomp\n|-sidestart|p1: Blacksponge|move: Stealth Rock\n|\n|upkeep\n|turn|17\n|\n|t:|1651899172\n|detailschange|p1a: Garchomp|Garchomp-Mega, M\n|-mega|p1a: Garchomp|Garchomp|Garchompite\n|move|p1a: Garchomp|Swords Dance|p1a: Garchomp\n|-boost|p1a: Garchomp|atk|2\n|move|p2a: Vines & Spikes|Leech Seed|p1a: Garchomp\n|-start|p1a: Garchomp|move: Leech Seed\n|\n|-damage|p1a: Garchomp|88\/100|[from] Leech Seed|[of] p2a: Vines & Spikes\n|upkeep\n|turn|18\n|\n|t:|1651899183\n|switch|p2a: Tinker Chub|Clefable, F|100\/100\n|move|p1a: Garchomp|Earthquake|p2a: Tinker Chub\n|-damage|p2a: Tinker Chub|54\/100\n|\n|-heal|p2a: Tinker Chub|60\/100|[from] item: Leftovers\n|-damage|p1a: Garchomp|76\/100|[from] Leech Seed|[of] p2a: Tinker Chub\n|-heal|p2a: Tinker Chub|71\/100|[silent]\n|upkeep\n|turn|19\n|\n|t:|1651899195\n|switch|p1a: Corviknight|Corviknight, M|100\/100\n|-damage|p1a: Corviknight|88\/100|[from] Stealth Rock\n|-ability|p1a: Corviknight|Pressure\n|move|p2a: Tinker Chub|Soft-Boiled|p2a: Tinker Chub\n|-heal|p2a: Tinker Chub|100\/100\n|\n|-heal|p1a: Corviknight|94\/100|[from] item: Leftovers\n|upkeep\n|turn|20\n|\n|t:|1651899201\n|switch|p2a: Vines & Spikes|Ferrothorn, F|100\/100\n|move|p1a: Corviknight|Agility|p1a: Corviknight\n|-boost|p1a: Corviknight|spe|2\n|\n|-heal|p1a: Corviknight|100\/100|[from] item: Leftovers\n|upkeep\n|turn|21\n|\n|t:|1651899205\n|move|p1a: Corviknight|Bulk Up|p1a: Corviknight\n|-boost|p1a: Corviknight|atk|1\n|-boost|p1a: Corviknight|def|1\n|move|p2a: Vines & Spikes|Leech Seed|p1a: Corviknight\n|-start|p1a: Corviknight|move: Leech Seed\n|\n|-damage|p1a: Corviknight|88\/100|[from] Leech Seed|[of] p2a: Vines & Spikes\n|upkeep\n|turn|22\n|\n|t:|1651899208\n|move|p1a: Corviknight|Bulk Up|p1a: Corviknight\n|-boost|p1a: Corviknight|atk|1\n|-boost|p1a: Corviknight|def|1\n|move|p2a: Vines & Spikes|Knock Off|p1a: Corviknight\n|-damage|p1a: Corviknight|79\/100\n|-enditem|p1a: Corviknight|Leftovers|[from] move: Knock Off|[of] p2a: Vines & Spikes\n|\n|-damage|p1a: Corviknight|66\/100|[from] Leech Seed|[of] p2a: Vines & Spikes\n|upkeep\n|turn|23\n|\n|t:|1651899211\n|switch|p2a: The Actual Pex|Toxapex, F|100\/100\n|move|p1a: Corviknight|Bulk Up|p1a: Corviknight\n|-boost|p1a: Corviknight|atk|1\n|-boost|p1a: Corviknight|def|1\n|\n|-damage|p1a: Corviknight|54\/100|[from] Leech Seed|[of] p2a: The Actual Pex\n|upkeep\n|turn|24\n|\n|t:|1651899215\n|move|p1a: Corviknight|Power Trip|p2a: The Actual Pex\n|-damage|p2a: The Actual Pex|38\/100\n|move|p2a: The Actual Pex|Haze|p2a: The Actual Pex\n|-clearallboost\n|\n|-damage|p1a: Corviknight|41\/100|[from] Leech Seed|[of] p2a: The Actual Pex\n|-heal|p2a: The Actual Pex|55\/100|[silent]\n|upkeep\n|turn|25\n|\n|t:|1651899220\n|move|p1a: Corviknight|Roost|p1a: Corviknight\n|-heal|p1a: Corviknight|91\/100\n|-singleturn|p1a: Corviknight|move: Roost\n|move|p2a: The Actual Pex|Recover|p2a: The Actual Pex\n|-heal|p2a: The Actual Pex|100\/100\n|\n|-damage|p1a: Corviknight|79\/100|[from] Leech Seed|[of] p2a: The Actual Pex\n|upkeep\n|turn|26\n|\n|t:|1651899227\n|switch|p1a: Garchomp|Garchomp-Mega, M|76\/100\n|-damage|p1a: Garchomp|70\/100|[from] Stealth Rock\n|move|p2a: The Actual Pex|Scald|p1a: Garchomp\n|-damage|p1a: Garchomp|56\/100\n|\n|upkeep\n|turn|27\n|\n|t:|1651899232\n|move|p1a: Garchomp|Swords Dance|p1a: Garchomp\n|-boost|p1a: Garchomp|atk|2\n|move|p2a: The Actual Pex|Toxic|p1a: Garchomp\n|-status|p1a: Garchomp|tox\n|\n|-damage|p1a: Garchomp|50\/100 tox|[from] psn\n|upkeep\n|turn|28\n|\n|t:|1651899240\n|move|p1a: Garchomp|Scale Shot|p2a: The Actual Pex\n|-damage|p2a: The Actual Pex|77\/100\n|-damage|p2a: The Actual Pex|54\/100\n|-damage|p2a: The Actual Pex|32\/100\n|-hitcount|p2a: The Actual Pex|3\n|-unboost|p1a: Garchomp|def|1\n|-boost|p1a: Garchomp|spe|1\n|move|p2a: The Actual Pex|Haze|p2a: The Actual Pex\n|-clearallboost\n|\n|-damage|p1a: Garchomp|37\/100 tox|[from] psn\n|upkeep\n|turn|29\n|\n|t:|1651899246\n|switch|p2a: Tinker Chub|Clefable, F|100\/100\n|move|p1a: Garchomp|Swords Dance|p1a: Garchomp\n|-boost|p1a: Garchomp|atk|2\n|\n|-damage|p1a: Garchomp|19\/100 tox|[from] psn\n|upkeep\n|turn|30\n|\n|t:|1651899251\n|switch|p1a: Deoxys|Deoxys-Defense|100\/100\n|-damage|p1a: Deoxys|88\/100|[from] Stealth Rock\n|-ability|p1a: Deoxys|Pressure\n|move|p2a: Tinker Chub|Cosmic Power|p2a: Tinker Chub\n|-boost|p2a: Tinker Chub|def|1\n|-boost|p2a: Tinker Chub|spd|1\n|\n|upkeep\n|turn|31\n|\n|t:|1651899255\n|switch|p2a: Legend Of Zelda|Sableye-Mega, F|88\/100\n|move|p1a: Deoxys|Taunt|p2a: Legend Of Zelda\n|move|p2a: Legend Of Zelda|Taunt|p1a: Deoxys|[from]ability: Magic Bounce\n|-start|p1a: Deoxys|move: Taunt\n|\n|upkeep\n|turn|32\n|\n|t:|1651899262\n|switch|p1a: Corviknight|Corviknight, M|79\/100\n|-damage|p1a: Corviknight|66\/100|[from] Stealth Rock\n|-ability|p1a: Corviknight|Pressure\n|switch|p2a: The Actual Pex|Toxapex, F|65\/100\n|\n|upkeep\n|turn|33\n|\n|t:|1651899265\n|move|p1a: Corviknight|Agility|p1a: Corviknight\n|-boost|p1a: Corviknight|spe|2\n|move|p2a: The Actual Pex|Scald|p1a: Corviknight\n|-damage|p1a: Corviknight|56\/100\n|\n|upkeep\n|turn|34\n|\n|t:|1651899268\n|move|p1a: Corviknight|Roost|p1a: Corviknight\n|-heal|p1a: Corviknight|100\/100\n|-singleturn|p1a: Corviknight|move: Roost\n|move|p2a: The Actual Pex|Haze|p2a: The Actual Pex\n|-clearallboost\n|\n|upkeep\n|turn|35\n|\n|t:|1651899275\n|move|p1a: Corviknight|Agility|p1a: Corviknight\n|-boost|p1a: Corviknight|spe|2\n|move|p2a: The Actual Pex|Scald|p1a: Corviknight\n|-damage|p1a: Corviknight|90\/100\n|\n|upkeep\n|turn|36\n|\n|t:|1651899279\n|switch|p1a: Kyurem|Kyurem|75\/100\n|-damage|p1a: Kyurem|50\/100|[from] Stealth Rock\n|-ability|p1a: Kyurem|Pressure\n|move|p2a: The Actual Pex|Haze|p2a: The Actual Pex\n|-clearallboost\n|\n|upkeep\n|turn|37\n|\n|t:|1651899291\n|move|p1a: Kyurem|Substitute|p1a: Kyurem\n|-start|p1a: Kyurem|Substitute\n|-damage|p1a: Kyurem|25\/100\n|move|p2a: The Actual Pex|Scald|p1a: Kyurem\n|-resisted|p1a: Kyurem\n|-activate|p1a: Kyurem|move: Substitute|[damage]\n|\n|upkeep\n|turn|38\n|\n|t:|1651899297\n|switch|p2a: Vines & Spikes|Ferrothorn, F|100\/100\n|move|p1a: Kyurem|Roost|p1a: Kyurem\n|-heal|p1a: Kyurem|75\/100\n|-singleturn|p1a: Kyurem|move: Roost\n|\n|upkeep\n|turn|39\n|\n|t:|1651899305\n|move|p1a: Kyurem|Roost|p1a: Kyurem\n|-heal|p1a: Kyurem|100\/100\n|-singleturn|p1a: Kyurem|move: Roost\n|move|p2a: Vines & Spikes|Gyro Ball|p1a: Kyurem\n|-supereffective|p1a: Kyurem\n|-end|p1a: Kyurem|Substitute\n|\n|upkeep\n|turn|40\n|\n|t:|1651899312\n|switch|p1a: Corviknight|Corviknight, M|90\/100\n|-damage|p1a: Corviknight|78\/100|[from] Stealth Rock\n|-ability|p1a: Corviknight|Pressure\n|move|p2a: Vines & Spikes|Gyro Ball|p1a: Corviknight\n|-resisted|p1a: Corviknight\n|-damage|p1a: Corviknight|62\/100\n|\n|upkeep\n|turn|41\n|\n|t:|1651899316\n|move|p1a: Corviknight|Roost|p1a: Corviknight\n|-heal|p1a: Corviknight|100\/100\n|-singleturn|p1a: Corviknight|move: Roost\n|move|p2a: Vines & Spikes|Leech Seed|p1a: Corviknight\n|-start|p1a: Corviknight|move: Leech Seed\n|\n|-damage|p1a: Corviknight|88\/100|[from] Leech Seed|[of] p2a: Vines & Spikes\n|upkeep\n|turn|42\n|\n|t:|1651899323\n|switch|p2a: The Actual Pex|Toxapex, F|98\/100\n|move|p1a: Corviknight|Agility|p1a: Corviknight\n|-boost|p1a: Corviknight|spe|2\n|\n|-damage|p1a: Corviknight|75\/100|[from] Leech Seed|[of] p2a: The Actual Pex\n|-heal|p2a: The Actual Pex|100\/100|[silent]\n|upkeep\n|turn|43\n|\n|t:|1651899328\n|move|p1a: Corviknight|Agility|p1a: Corviknight\n|-boost|p1a: Corviknight|spe|2\n|move|p2a: The Actual Pex|Haze|p2a: The Actual Pex\n|-clearallboost\n|\n|-damage|p1a: Corviknight|63\/100|[from] Leech Seed|[of] p2a: The Actual Pex\n|upkeep\n|turn|44\n|\n|t:|1651899331\n|move|p1a: Corviknight|Agility|p1a: Corviknight\n|-boost|p1a: Corviknight|spe|2\n|move|p2a: The Actual Pex|Scald|p1a: Corviknight\n|-damage|p1a: Corviknight|53\/100\n|\n|-damage|p1a: Corviknight|40\/100|[from] Leech Seed|[of] p2a: The Actual Pex\n|upkeep\n|turn|45\n|\n|t:|1651899335\n|move|p1a: Corviknight|Roost|p1a: Corviknight\n|-heal|p1a: Corviknight|90\/100\n|-singleturn|p1a: Corviknight|move: Roost\n|move|p2a: The Actual Pex|Haze|p2a: The Actual Pex\n|-clearallboost\n|\n|-damage|p1a: Corviknight|78\/100|[from] Leech Seed|[of] p2a: The Actual Pex\n|upkeep\n|turn|46\n|\n|t:|1651899338\n|move|p1a: Corviknight|Agility|p1a: Corviknight\n|-boost|p1a: Corviknight|spe|2\n|move|p2a: The Actual Pex|Scald|p1a: Corviknight\n|-damage|p1a: Corviknight|68\/100\n|-status|p1a: Corviknight|brn\n|\n|-damage|p1a: Corviknight|56\/100 brn|[from] Leech Seed|[of] p2a: The Actual Pex\n|-damage|p1a: Corviknight|49\/100 brn|[from] brn\n|upkeep\n|turn|47\n|\n|t:|1651899341\n|switch|p1a: Kyurem|Kyurem|100\/100\n|-damage|p1a: Kyurem|76\/100|[from] Stealth Rock\n|-ability|p1a: Kyurem|Pressure\n|move|p2a: The Actual Pex|Haze|p2a: The Actual Pex\n|-clearallboost\n|\n|upkeep\n|turn|48\n|\n|t:|1651899347\n|move|p1a: Kyurem|Substitute|p1a: Kyurem\n|-start|p1a: Kyurem|Substitute\n|-damage|p1a: Kyurem|51\/100\n|move|p2a: The Actual Pex|Toxic||[still]\n|-fail|p2a: The Actual Pex\n|\n|upkeep\n|turn|49\n|\n|t:|1651899352\n|switch|p2a: Vines & Spikes|Ferrothorn, F|100\/100\n|move|p1a: Kyurem|Dragon Dance|p1a: Kyurem\n|-boost|p1a: Kyurem|atk|1\n|-boost|p1a: Kyurem|spe|1\n|\n|upkeep\n|turn|50\n|\n|t:|1651899356\n|move|p1a: Kyurem|Roost|p1a: Kyurem\n|-heal|p1a: Kyurem|100\/100\n|-singleturn|p1a: Kyurem|move: Roost\n|move|p2a: Vines & Spikes|Gyro Ball|p1a: Kyurem\n|-supereffective|p1a: Kyurem\n|-end|p1a: Kyurem|Substitute\n|\n|upkeep\n|turn|51\n|\n|t:|1651899360\n|move|p1a: Kyurem|Substitute|p1a: Kyurem\n|-start|p1a: Kyurem|Substitute\n|-damage|p1a: Kyurem|76\/100\n|move|p2a: Vines & Spikes|Knock Off|p1a: Kyurem\n|-activate|p1a: Kyurem|move: Substitute|[damage]\n|\n|upkeep\n|turn|52\n|\n|t:|1651899362\n|move|p1a: Kyurem|Dragon Dance|p1a: Kyurem\n|-boost|p1a: Kyurem|atk|1\n|-boost|p1a: Kyurem|spe|1\n|move|p2a: Vines & Spikes|Gyro Ball|p1a: Kyurem\n|-supereffective|p1a: Kyurem\n|-end|p1a: Kyurem|Substitute\n|\n|upkeep\n|turn|53\n|\n|t:|1651899366\n|move|p1a: Kyurem|Substitute|p1a: Kyurem\n|-start|p1a: Kyurem|Substitute\n|-damage|p1a: Kyurem|51\/100\n|move|p2a: Vines & Spikes|Stealth Rock||[still]\n|-fail|p2a: Vines & Spikes\n|\n|upkeep\n|turn|54\n|\n|t:|1651899373\n|switch|p2a: Tinker Chub|Clefable, F|100\/100\n|move|p1a: Kyurem|Icicle Spear|p2a: Tinker Chub\n|-damage|p2a: Tinker Chub|90\/100\n|-damage|p2a: Tinker Chub|80\/100\n|-crit|p2a: Tinker Chub\n|-damage|p2a: Tinker Chub|64\/100\n|-damage|p2a: Tinker Chub|54\/100\n|-hitcount|p2a: Tinker Chub|4\n|\n|-heal|p2a: Tinker Chub|60\/100|[from] item: Leftovers\n|upkeep\n|turn|55\n|\n|t:|1651899378\n|move|p1a: Kyurem|Icicle Spear|p2a: Tinker Chub\n|-damage|p2a: Tinker Chub|47\/100\n|-damage|p2a: Tinker Chub|35\/100\n|-hitcount|p2a: Tinker Chub|2\n|move|p2a: Tinker Chub|Soft-Boiled|p2a: Tinker Chub\n|-heal|p2a: Tinker Chub|85\/100\n|\n|-heal|p2a: Tinker Chub|91\/100|[from] item: Leftovers\n|upkeep\n|turn|56\n|\n|t:|1651899385\n|move|p1a: Kyurem|Icicle Spear|p2a: Tinker Chub\n|-damage|p2a: Tinker Chub|75\/100\n|-damage|p2a: Tinker Chub|59\/100\n|-damage|p2a: Tinker Chub|44\/100\n|-damage|p2a: Tinker Chub|27\/100\n|-hitcount|p2a: Tinker Chub|4\n|move|p2a: Tinker Chub|Cosmic Power|p2a: Tinker Chub\n|-boost|p2a: Tinker Chub|def|1\n|-boost|p2a: Tinker Chub|spd|1\n|\n|-heal|p2a: Tinker Chub|33\/100|[from] item: Leftovers\n|upkeep\n|turn|57\n|\n|t:|1651899390\n|move|p1a: Kyurem|Icicle Spear|p2a: Tinker Chub\n|-damage|p2a: Tinker Chub|19\/100\n|-damage|p2a: Tinker Chub|6\/100\n|-damage|p2a: Tinker Chub|0 fnt\n|faint|p2a: Tinker Chub\n|-hitcount|p2: Tinker Chub|3\n|\n|upkeep\n|\n|t:|1651899399\n|switch|p2a: The Actual Pex|Toxapex, F|100\/100\n|turn|58\n|\n|t:|1651899402\n|move|p1a: Kyurem|Icicle Spear|p2a: The Actual Pex\n|-resisted|p2a: The Actual Pex\n|-damage|p2a: The Actual Pex|83\/100\n|-resisted|p2a: The Actual Pex\n|-damage|p2a: The Actual Pex|64\/100\n|-resisted|p2a: The Actual Pex\n|-damage|p2a: The Actual Pex|47\/100\n|-resisted|p2a: The Actual Pex\n|-damage|p2a: The Actual Pex|27\/100\n|-hitcount|p2a: The Actual Pex|4\n|move|p2a: The Actual Pex|Haze|p2a: The Actual Pex\n|-clearallboost\n|\n|upkeep\n|turn|59\n|\n|t:|1651899408\n|switch|p2a: Green Blob|Chansey, F, shiny|100\/100\n|move|p1a: Kyurem|Icicle Spear|p2a: Green Blob\n|-damage|p2a: Green Blob|81\/100\n|-damage|p2a: Green Blob|64\/100\n|-hitcount|p2a: Green Blob|2\n|\n|upkeep\n|turn|60\n|\n|t:|1651899412\n|move|p1a: Kyurem|Icicle Spear|p2a: Green Blob\n|-damage|p2a: Green Blob|47\/100\n|-damage|p2a: Green Blob|28\/100\n|-hitcount|p2a: Green Blob|2\n|move|p2a: Green Blob|Wish|p2a: Green Blob\n|\n|upkeep\n|turn|61\n|\n|t:|1651899415\n|move|p2a: Green Blob|Protect|p2a: Green Blob\n|-singleturn|p2a: Green Blob|Protect\n|move|p1a: Kyurem|Icicle Spear|p2a: Green Blob\n|-activate|p2a: Green Blob|move: Protect\n|\n|-heal|p2a: Green Blob|78\/100|[from] move: Wish|[wisher] Green Blob\n|upkeep\n|turn|62\n|\n|t:|1651899423\n|switch|p2a: Vines & Spikes|Ferrothorn, F|100\/100\n|move|p1a: Kyurem|Roost|p1a: Kyurem\n|-heal|p1a: Kyurem|100\/100\n|-singleturn|p1a: Kyurem|move: Roost\n|\n|upkeep\n|turn|63\n|\n|t:|1651899425\n|move|p1a: Kyurem|Dragon Dance|p1a: Kyurem\n|-boost|p1a: Kyurem|atk|1\n|-boost|p1a: Kyurem|spe|1\n|move|p2a: Vines & Spikes|Knock Off|p1a: Kyurem\n|-activate|p1a: Kyurem|move: Substitute|[damage]\n|\n|upkeep\n|turn|64\n|\n|t:|1651899428\n|switch|p2a: The Actual Pex|Toxapex, F|61\/100\n|move|p1a: Kyurem|Dragon Dance|p1a: Kyurem\n|-boost|p1a: Kyurem|atk|1\n|-boost|p1a: Kyurem|spe|1\n|\n|upkeep\n|turn|65\n|\n|t:|1651899431\n|move|p1a: Kyurem|Icicle Spear|p2a: The Actual Pex\n|-resisted|p2a: The Actual Pex\n|-damage|p2a: The Actual Pex|50\/100\n|-resisted|p2a: The Actual Pex\n|-damage|p2a: The Actual Pex|40\/100\n|-hitcount|p2a: The Actual Pex|2\n|move|p2a: The Actual Pex|Haze|p2a: The Actual Pex\n|-clearallboost\n|\n|upkeep\n|turn|66\n|\n|t:|1651899434\n|move|p1a: Kyurem|Icicle Spear|p2a: The Actual Pex\n|-resisted|p2a: The Actual Pex\n|-damage|p2a: The Actual Pex|34\/100\n|-resisted|p2a: The Actual Pex\n|-damage|p2a: The Actual Pex|28\/100\n|-resisted|p2a: The Actual Pex\n|-damage|p2a: The Actual Pex|22\/100\n|-resisted|p2a: The Actual Pex\n|-damage|p2a: The Actual Pex|16\/100\n|-resisted|p2a: The Actual Pex\n|-damage|p2a: The Actual Pex|10\/100\n|-hitcount|p2a: The Actual Pex|5\n|move|p2a: The Actual Pex|Recover|p2a: The Actual Pex\n|-heal|p2a: The Actual Pex|60\/100\n|\n|upkeep\n|turn|67\n|\n|t:|1651899437\n|move|p1a: Kyurem|Icicle Spear|p2a: The Actual Pex\n|-resisted|p2a: The Actual Pex\n|-damage|p2a: The Actual Pex|53\/100\n|-resisted|p2a: The Actual Pex\n|-crit|p2a: The Actual Pex\n|-damage|p2a: The Actual Pex|42\/100\n|-resisted|p2a: The Actual Pex\n|-damage|p2a: The Actual Pex|35\/100\n|-hitcount|p2a: The Actual Pex|3\n|move|p2a: The Actual Pex|Recover|p2a: The Actual Pex\n|-heal|p2a: The Actual Pex|85\/100\n|\n|upkeep\n|turn|68\n|\n|t:|1651899440\n|move|p1a: Kyurem|Icicle Spear|p2a: The Actual Pex\n|-resisted|p2a: The Actual Pex\n|-damage|p2a: The Actual Pex|76\/100\n|-resisted|p2a: The Actual Pex\n|-damage|p2a: The Actual Pex|68\/100\n|-resisted|p2a: The Actual Pex\n|-damage|p2a: The Actual Pex|60\/100\n|-hitcount|p2a: The Actual Pex|3\n|move|p2a: The Actual Pex|Recover|p2a: The Actual Pex\n|-heal|p2a: The Actual Pex|100\/100\n|\n|upkeep\n|turn|69\n|\n|t:|1651899444\n|move|p1a: Kyurem|Icicle Spear|p2a: The Actual Pex\n|-resisted|p2a: The Actual Pex\n|-damage|p2a: The Actual Pex|92\/100\n|-resisted|p2a: The Actual Pex\n|-damage|p2a: The Actual Pex|81\/100\n|-hitcount|p2a: The Actual Pex|2\n|move|p2a: The Actual Pex|Haze|p2a: The Actual Pex\n|-clearallboost\n|\n|upkeep\n|turn|70\n|\n|t:|1651899448\n|move|p1a: Kyurem|Icicle Spear|p2a: The Actual Pex\n|-resisted|p2a: The Actual Pex\n|-damage|p2a: The Actual Pex|72\/100\n|-resisted|p2a: The Actual Pex\n|-damage|p2a: The Actual Pex|61\/100\n|-hitcount|p2a: The Actual Pex|2\n|move|p2a: The Actual Pex|Scald|p1a: Kyurem\n|-resisted|p1a: Kyurem\n|-end|p1a: Kyurem|Substitute\n|\n|upkeep\n|turn|71\n|\n|t:|1651899451\n|move|p1a: Kyurem|Substitute|p1a: Kyurem\n|-start|p1a: Kyurem|Substitute\n|-damage|p1a: Kyurem|76\/100\n|move|p2a: The Actual Pex|Recover|p2a: The Actual Pex\n|-heal|p2a: The Actual Pex|100\/100\n|\n|upkeep\n|turn|72\n|\n|t:|1651899459\n|move|p1a: Kyurem|Dragon Dance|p1a: Kyurem\n|-boost|p1a: Kyurem|atk|1\n|-boost|p1a: Kyurem|spe|1\n|move|p2a: The Actual Pex|Scald|p1a: Kyurem\n|-resisted|p1a: Kyurem\n|-activate|p1a: Kyurem|move: Substitute|[damage]\n|\n|upkeep\n|turn|73\n|\n|t:|1651899462\n|move|p1a: Kyurem|Dragon Dance|p1a: Kyurem\n|-boost|p1a: Kyurem|atk|1\n|-boost|p1a: Kyurem|spe|1\n|move|p2a: The Actual Pex|Haze|p2a: The Actual Pex\n|-clearallboost\n|\n|upkeep\n|turn|74\n|\n|t:|1651899466\n|move|p1a: Kyurem|Dragon Dance|p1a: Kyurem\n|-boost|p1a: Kyurem|atk|1\n|-boost|p1a: Kyurem|spe|1\n|move|p2a: The Actual Pex|Haze|p2a: The Actual Pex\n|-clearallboost\n|\n|upkeep\n|turn|75\n|j| angrrry\n|\n|t:|1651899468\n|move|p1a: Kyurem|Dragon Dance|p1a: Kyurem\n|-boost|p1a: Kyurem|atk|1\n|-boost|p1a: Kyurem|spe|1\n|move|p2a: The Actual Pex|Scald|p1a: Kyurem\n|-resisted|p1a: Kyurem\n|-activate|p1a: Kyurem|move: Substitute|[damage]\n|\n|upkeep\n|turn|76\n|\n|t:|1651899472\n|move|p1a: Kyurem|Dragon Dance|p1a: Kyurem\n|-boost|p1a: Kyurem|atk|1\n|-boost|p1a: Kyurem|spe|1\n|move|p2a: The Actual Pex|Haze|p2a: The Actual Pex\n|-clearallboost\n|\n|upkeep\n|turn|77\n|\n|t:|1651899484\n|move|p1a: Kyurem|Dragon Dance|p1a: Kyurem\n|-boost|p1a: Kyurem|atk|1\n|-boost|p1a: Kyurem|spe|1\n|move|p2a: The Actual Pex|Haze|p2a: The Actual Pex\n|-clearallboost\n|\n|upkeep\n|turn|78\n|\n|t:|1651899489\n|move|p1a: Kyurem|Dragon Dance|p1a: Kyurem\n|-boost|p1a: Kyurem|atk|1\n|-boost|p1a: Kyurem|spe|1\n|move|p2a: The Actual Pex|Scald|p1a: Kyurem\n|-resisted|p1a: Kyurem\n|-crit|p1a: Kyurem\n|-end|p1a: Kyurem|Substitute\n|\n|upkeep\n|turn|79\n|\n|t:|1651899493\n|move|p1a: Kyurem|Substitute|p1a: Kyurem\n|-start|p1a: Kyurem|Substitute\n|-damage|p1a: Kyurem|51\/100\n|move|p2a: The Actual Pex|Haze|p2a: The Actual Pex\n|-clearallboost\n|\n|upkeep\n|turn|80\n|\n|t:|1651899504\n|switch|p2a: Legend Of Zelda|Sableye-Mega, F|88\/100\n|move|p1a: Kyurem|Dragon Dance|p1a: Kyurem\n|-boost|p1a: Kyurem|atk|1\n|-boost|p1a: Kyurem|spe|1\n|\n|upkeep\n|turn|81\n|\n|t:|1651899508\n|move|p1a: Kyurem|Icicle Spear|p2a: Legend Of Zelda\n|-damage|p2a: Legend Of Zelda|66\/100\n|-damage|p2a: Legend Of Zelda|46\/100\n|-damage|p2a: Legend Of Zelda|27\/100\n|-hitcount|p2a: Legend Of Zelda|3\n|move|p2a: Legend Of Zelda|Foul Play|p1a: Kyurem\n|-end|p1a: Kyurem|Substitute\n|\n|upkeep\n|turn|82\n|\n|t:|1651899512\n|switch|p2a: The Actual Pex|Toxapex, F|100\/100\n|move|p1a: Kyurem|Icicle Spear|p2a: The Actual Pex\n|-resisted|p2a: The Actual Pex\n|-damage|p2a: The Actual Pex|91\/100\n|-resisted|p2a: The Actual Pex\n|-crit|p2a: The Actual Pex\n|-damage|p2a: The Actual Pex|77\/100\n|-resisted|p2a: The Actual Pex\n|-damage|p2a: The Actual Pex|68\/100\n|-resisted|p2a: The Actual Pex\n|-damage|p2a: The Actual Pex|57\/100\n|-hitcount|p2a: The Actual Pex|4\n|\n|upkeep\n|turn|83\n|\n|t:|1651899517\n|move|p1a: Kyurem|Substitute|p1a: Kyurem\n|-start|p1a: Kyurem|Substitute\n|-damage|p1a: Kyurem|26\/100\n|move|p2a: The Actual Pex|Haze|p2a: The Actual Pex\n|-clearallboost\n|\n|upkeep\n|turn|84\n|\n|t:|1651899520\n|move|p1a: Kyurem|Roost|p1a: Kyurem\n|-heal|p1a: Kyurem|76\/100\n|-singleturn|p1a: Kyurem|move: Roost\n|move|p2a: The Actual Pex|Recover|p2a: The Actual Pex\n|-heal|p2a: The Actual Pex|100\/100\n|\n|upkeep\n|turn|85\n|\n|t:|1651899524\n|switch|p2a: Legend Of Zelda|Sableye-Mega, F|27\/100\n|move|p1a: Kyurem|Dragon Dance|p1a: Kyurem\n|-boost|p1a: Kyurem|atk|1\n|-boost|p1a: Kyurem|spe|1\n|\n|upkeep\n|turn|86\n|\n|t:|1651899527\n|move|p1a: Kyurem|Icicle Spear|p2a: Legend Of Zelda\n|-damage|p2a: Legend Of Zelda|7\/100\n|-damage|p2a: Legend Of Zelda|0 fnt\n|faint|p2a: Legend Of Zelda\n|-hitcount|p2: Legend Of Zelda|2\n|\n|upkeep\n|\n|t:|1651899532\n|switch|p2a: The Actual Pex|Toxapex, F|100\/100\n|turn|87\n|\n|t:|1651899536\n|move|p1a: Kyurem|Dragon Dance|p1a: Kyurem\n|-boost|p1a: Kyurem|atk|1\n|-boost|p1a: Kyurem|spe|1\n|move|p2a: The Actual Pex|Scald|p1a: Kyurem\n|-resisted|p1a: Kyurem\n|-activate|p1a: Kyurem|move: Substitute|[damage]\n|\n|upkeep\n|turn|88\n|\n|t:|1651899540\n|move|p1a: Kyurem|Icicle Spear|p2a: The Actual Pex\n|-resisted|p2a: The Actual Pex\n|-damage|p2a: The Actual Pex|90\/100\n|-resisted|p2a: The Actual Pex\n|-damage|p2a: The Actual Pex|78\/100\n|-resisted|p2a: The Actual Pex\n|-damage|p2a: The Actual Pex|69\/100\n|-resisted|p2a: The Actual Pex\n|-damage|p2a: The Actual Pex|59\/100\n|-hitcount|p2a: The Actual Pex|4\n|move|p2a: The Actual Pex|Haze|p2a: The Actual Pex\n|-clearallboost\n|\n|upkeep\n|turn|89\n|\n|t:|1651899546\n|move|p1a: Kyurem|Dragon Dance|p1a: Kyurem\n|-boost|p1a: Kyurem|atk|1\n|-boost|p1a: Kyurem|spe|1\n|move|p2a: The Actual Pex|Recover|p2a: The Actual Pex\n|-heal|p2a: The Actual Pex|100\/100\n|\n|upkeep\n|turn|90\n|\n|t:|1651899552\n|move|p1a: Kyurem|Icicle Spear|p2a: The Actual Pex\n|-resisted|p2a: The Actual Pex\n|-damage|p2a: The Actual Pex|93\/100\n|-resisted|p2a: The Actual Pex\n|-damage|p2a: The Actual Pex|85\/100\n|-resisted|p2a: The Actual Pex\n|-damage|p2a: The Actual Pex|78\/100\n|-hitcount|p2a: The Actual Pex|3\n|move|p2a: The Actual Pex|Scald|p1a: Kyurem\n|-resisted|p1a: Kyurem\n|-activate|p1a: Kyurem|move: Substitute|[damage]\n|\n|upkeep\n|turn|91\n|\n|t:|1651899557\n|move|p1a: Kyurem|Icicle Spear|p2a: The Actual Pex\n|-resisted|p2a: The Actual Pex\n|-damage|p2a: The Actual Pex|70\/100\n|-resisted|p2a: The Actual Pex\n|-damage|p2a: The Actual Pex|60\/100\n|-hitcount|p2a: The Actual Pex|2\n|move|p2a: The Actual Pex|Haze|p2a: The Actual Pex\n|-clearallboost\n|\n|upkeep\n|turn|92\n|\n|t:|1651899560\n|move|p1a: Kyurem|Dragon Dance|p1a: Kyurem\n|-boost|p1a: Kyurem|atk|1\n|-boost|p1a: Kyurem|spe|1\n|move|p2a: The Actual Pex|Recover|p2a: The Actual Pex\n|-heal|p2a: The Actual Pex|100\/100\n|\n|upkeep\n|turn|93\n|\n|t:|1651899563\n|move|p1a: Kyurem|Icicle Spear|p2a: The Actual Pex\n|-resisted|p2a: The Actual Pex\n|-damage|p2a: The Actual Pex|92\/100\n|-resisted|p2a: The Actual Pex\n|-damage|p2a: The Actual Pex|85\/100\n|-resisted|p2a: The Actual Pex\n|-damage|p2a: The Actual Pex|77\/100\n|-resisted|p2a: The Actual Pex\n|-damage|p2a: The Actual Pex|70\/100\n|-resisted|p2a: The Actual Pex\n|-damage|p2a: The Actual Pex|63\/100\n|-hitcount|p2a: The Actual Pex|5\n|move|p2a: The Actual Pex|Scald|p1a: Kyurem\n|-resisted|p1a: Kyurem\n|-activate|p1a: Kyurem|move: Substitute|[damage]\n|\n|upkeep\n|turn|94\n|\n|t:|1651899569\n|switch|p2a: Vines & Spikes|Ferrothorn, F|100\/100\n|move|p1a: Kyurem|Icicle Spear|p2a: Vines & Spikes\n|-damage|p2a: Vines & Spikes|84\/100\n|-damage|p2a: Vines & Spikes|69\/100\n|-hitcount|p2a: Vines & Spikes|2\n|\n|upkeep\n|turn|95\n|\n|t:|1651899574\n|switch|p2a: The Actual Pex|Toxapex, F|96\/100\n|move|p1a: Kyurem|Icicle Spear|p2a: The Actual Pex\n|-resisted|p2a: The Actual Pex\n|-damage|p2a: The Actual Pex|86\/100\n|-resisted|p2a: The Actual Pex\n|-damage|p2a: The Actual Pex|76\/100\n|-hitcount|p2a: The Actual Pex|2\n|\n|upkeep\n|turn|96\n|\n|t:|1651899579\n|switch|p2a: Vines & Spikes|Ferrothorn, F|69\/100\n|move|p1a: Kyurem|Icicle Spear|p2a: Vines & Spikes\n|-damage|p2a: Vines & Spikes|48\/100\n|-damage|p2a: Vines & Spikes|27\/100\n|-damage|p2a: Vines & Spikes|8\/100\n|-damage|p2a: Vines & Spikes|0 fnt\n|faint|p2a: Vines & Spikes\n|-hitcount|p2: Vines & Spikes|4\n|\n|upkeep\n|\n|t:|1651899583\n|switch|p2a: The Actual Pex|Toxapex, F|100\/100\n|turn|97\n|\n|t:|1651899591\n|move|p1a: Kyurem|Icicle Spear|p2a: The Actual Pex\n|-resisted|p2a: The Actual Pex\n|-crit|p2a: The Actual Pex\n|-damage|p2a: The Actual Pex|79\/100\n|-resisted|p2a: The Actual Pex\n|-damage|p2a: The Actual Pex|66\/100\n|-resisted|p2a: The Actual Pex\n|-damage|p2a: The Actual Pex|51\/100\n|-hitcount|p2a: The Actual Pex|3\n|move|p2a: The Actual Pex|Haze|p2a: The Actual Pex\n|-clearallboost\n|\n|upkeep\n|turn|98\n|inactive|Battle timer is ON: inactive players will automatically lose when time's up. (requested by Blacksponge)\n|\n|t:|1651899599\n|move|p1a: Kyurem|Dragon Dance|p1a: Kyurem\n|-boost|p1a: Kyurem|atk|1\n|-boost|p1a: Kyurem|spe|1\n|move|p2a: The Actual Pex|Recover|p2a: The Actual Pex\n|-heal|p2a: The Actual Pex|100\/100\n|\n|upkeep\n|turn|99\n|\n|t:|1651899605\n|move|p1a: Kyurem|Substitute|p1a: Kyurem\n|-fail|p1a: Kyurem|move: Substitute\n|move|p2a: The Actual Pex|Toxic||[still]\n|-fail|p2a: The Actual Pex\n|\n|upkeep\n|turn|100\n|\n|t:|1651899611\n|switch|p2a: Green Blob|Chansey, F, shiny|78\/100\n|move|p1a: Kyurem|Dragon Dance|p1a: Kyurem\n|-boost|p1a: Kyurem|atk|1\n|-boost|p1a: Kyurem|spe|1\n|\n|upkeep\n|turn|101\n|j| Rillamaui\n|\n|t:|1651899615\n|switch|p2a: The Actual Pex|Toxapex, F|100\/100\n|move|p1a: Kyurem|Icicle Spear|p2a: The Actual Pex\n|-resisted|p2a: The Actual Pex\n|-damage|p2a: The Actual Pex|91\/100\n|-resisted|p2a: The Actual Pex\n|-damage|p2a: The Actual Pex|80\/100\n|-resisted|p2a: The Actual Pex\n|-damage|p2a: The Actual Pex|70\/100\n|-resisted|p2a: The Actual Pex\n|-damage|p2a: The Actual Pex|60\/100\n|-resisted|p2a: The Actual Pex\n|-damage|p2a: The Actual Pex|49\/100\n|-hitcount|p2a: The Actual Pex|5\n|\n|upkeep\n|turn|102\n|\n|t:|1651899621\n|move|p1a: Kyurem|Icicle Spear|p2a: The Actual Pex\n|-resisted|p2a: The Actual Pex\n|-damage|p2a: The Actual Pex|36\/100\n|-resisted|p2a: The Actual Pex\n|-damage|p2a: The Actual Pex|22\/100\n|-resisted|p2a: The Actual Pex\n|-damage|p2a: The Actual Pex|9\/100\n|-resisted|p2a: The Actual Pex\n|-crit|p2a: The Actual Pex\n|-damage|p2a: The Actual Pex|0 fnt\n|faint|p2a: The Actual Pex\n|-hitcount|p2: The Actual Pex|4\n|\n|upkeep\n|\n|t:|1651899626\n|switch|p2a: Green Blob|Chansey, F, shiny|78\/100\n|turn|103\n|\n|t:|1651899632\n|move|p1a: Kyurem|Icicle Spear|p2a: Green Blob\n|-damage|p2a: Green Blob|53\/100\n|-damage|p2a: Green Blob|27\/100\n|-damage|p2a: Green Blob|0 fnt\n|faint|p2a: Green Blob\n|-hitcount|p2: Green Blob|3\n|\n|upkeep\n|\n|t:|1651899636\n|switch|p2a: Vampire|Gliscor, F|100\/100\n|turn|104\n|\n|t:|1651899640\n|move|p1a: Kyurem|Icicle Spear|p2a: Vampire\n|-supereffective|p2a: Vampire\n|-damage|p2a: Vampire|0 fnt\n|faint|p2a: Vampire\n|-hitcount|p2: Vampire|1\n|\n|win|Blacksponge\n|raw|Blacksponge's rating: 1668 &rarr; <strong>1683<\/strong><br \/>(+15 for winning)\n|raw|6!5-8C's rating: 1571 &rarr; <strong>1556<\/strong><br \/>(-15 for losing)\n|c| Rillamaui|oh that's impressive\n","uploadtime":1651899646,"views":12,"p1id":"blacksponge","p2id":"658c","formatid":"gen8nationaldex","rating":1556,"private":0,"password":null}