{"id":"gen8nationaldex-1536598168","p1":"Coffeon","p2":"fishy8995","format":"gen8nationaldex","log":"|j|\u2606Coffeon\n|j|\u2606fishy8995\n|t:|1647998738\n|gametype|singles\n|player|p1|Coffeon|oleana|1627\n|player|p2|fishy8995|102|1529\n|teamsize|p1|6\n|teamsize|p2|6\n|gen|8\n|tier|[Gen 8] National Dex\n|rated|\n|rule|HP Percentage Mod: HP is shown in percentages\n|rule|Endless Battle Clause: Forcing endless battles is banned\n|rule|OHKO Clause: OHKO moves are banned\n|rule|Evasion Moves Clause: Evasion moves are banned\n|rule|Species Clause: Limit one of each Pok\u00e9mon\n|rule|Dynamax Clause: You cannot dynamax\n|rule|Sleep Clause Mod: Limit one foe put to sleep\n|clearpoke\n|poke|p1|Regieleki|\n|poke|p1|Tapu Koko|\n|poke|p1|Scizor, M|\n|poke|p1|Blissey, F|\n|poke|p1|Gliscor, M|\n|poke|p1|Slowbro, F|\n|poke|p2|Hippowdon, F|\n|poke|p2|Tyranitar, F|\n|poke|p2|Excadrill, F|\n|poke|p2|Latias, F|\n|poke|p2|Toxapex, M|\n|poke|p2|Dracozolt|\n|teampreview\n|\n|t:|1647998759\n|start\n|switch|p1a: Slowbro|Slowbro, F|100\/100\n|switch|p2a: Tyranitar|Tyranitar, F|100\/100\n|-weather|Sandstorm|[from] ability: Sand Stream|[of] p2a: Tyranitar\n|turn|1\n|\n|t:|1647998775\n|detailschange|p2a: Tyranitar|Tyranitar-Mega, F\n|-mega|p2a: Tyranitar|Tyranitar|Tyranitarite\n|move|p2a: Tyranitar|Dragon Dance|p2a: Tyranitar\n|-boost|p2a: Tyranitar|atk|1\n|-boost|p2a: Tyranitar|spe|1\n|move|p1a: Slowbro|Scald|p2a: Tyranitar\n|-supereffective|p2a: Tyranitar\n|-damage|p2a: Tyranitar|75\/100\n|-status|p2a: Tyranitar|brn\n|\n|-weather|Sandstorm|[upkeep]\n|-damage|p1a: Slowbro|94\/100|[from] Sandstorm\n|-damage|p2a: Tyranitar|69\/100 brn|[from] brn\n|upkeep\n|turn|2\n|\n|t:|1647998778\n|move|p2a: Tyranitar|Dragon Dance|p2a: Tyranitar\n|-boost|p2a: Tyranitar|atk|1\n|-boost|p2a: Tyranitar|spe|1\n|move|p1a: Slowbro|Teleport|p1a: Slowbro\n|\n|t:|1647998781\n|switch|p1a: Scizor|Scizor, M|100\/100|[from]move: Teleport\n|\n|-weather|Sandstorm|[upkeep]\n|-damage|p2a: Tyranitar|63\/100 brn|[from] brn\n|upkeep\n|turn|3\n|\n|t:|1647998784\n|detailschange|p1a: Scizor|Scizor-Mega, M\n|-mega|p1a: Scizor|Scizor|Scizorite\n|move|p1a: Scizor|Bullet Punch|p2a: Tyranitar\n|-supereffective|p2a: Tyranitar\n|-damage|p2a: Tyranitar|28\/100 brn\n|move|p2a: Tyranitar|Fire Punch|p1a: Scizor\n|-supereffective|p1a: Scizor\n|-damage|p1a: Scizor|31\/100\n|\n|-weather|Sandstorm|[upkeep]\n|-damage|p2a: Tyranitar|22\/100 brn|[from] brn\n|upkeep\n|turn|4\n|\n|t:|1647998797\n|move|p1a: Scizor|Bullet Punch|p2a: Tyranitar\n|-supereffective|p2a: Tyranitar\n|-damage|p2a: Tyranitar|0 fnt\n|faint|p2a: Tyranitar\n|\n|-weather|Sandstorm|[upkeep]\n|upkeep\n|\n|t:|1647998801\n|switch|p2a: Dracozolt|Dracozolt|100\/100\n|turn|5\n|\n|t:|1647998805\n|switch|p1a: Gliscor|Gliscor, M|100\/100\n|move|p2a: Dracozolt|Flamethrower|p1a: Gliscor\n|-damage|p1a: Gliscor|77\/100\n|-damage|p2a: Dracozolt|91\/100|[from] item: Life Orb\n|\n|-weather|none\n|-status|p1a: Gliscor|tox|[from] item: Toxic Orb\n|upkeep\n|turn|6\n|\n|t:|1647998809\n|switch|p2a: Latias|Latias, F|100\/100\n|move|p1a: Gliscor|Knock Off|p2a: Latias\n|-supereffective|p2a: Latias\n|-damage|p2a: Latias|57\/100\n|-enditem|p2a: Latias|Leftovers|[from] move: Knock Off|[of] p1a: Gliscor\n|\n|-heal|p1a: Gliscor|90\/100 tox|[from] ability: Poison Heal\n|upkeep\n|turn|7\n|\n|t:|1647998816\n|switch|p1a: Tapu Koko|Tapu Koko|100\/100\n|-fieldstart|move: Electric Terrain|[from] ability: Electric Surge|[of] p1a: Tapu Koko\n|move|p2a: Latias|Calm Mind|p2a: Latias\n|-boost|p2a: Latias|spa|1\n|-boost|p2a: Latias|spd|1\n|\n|upkeep\n|turn|8\n|\n|t:|1647998820\n|move|p1a: Tapu Koko|Dazzling Gleam|p2a: Latias\n|-supereffective|p2a: Latias\n|-damage|p2a: Latias|20\/100\n|move|p2a: Latias|Psyshock|p1a: Tapu Koko\n|-damage|p1a: Tapu Koko|42\/100\n|\n|upkeep\n|turn|9\n|\n|t:|1647998832\n|switch|p2a: Hippowdon|Hippowdon, F|100\/100\n|-weather|Sandstorm|[from] ability: Sand Stream|[of] p2a: Hippowdon\n|move|p1a: Tapu Koko|U-turn|p2a: Hippowdon\n|-damage|p2a: Hippowdon|91\/100\n|\n|t:|1647998835\n|switch|p1a: Scizor|Scizor-Mega, M|31\/100|[from]move: U-turn\n|\n|-weather|Sandstorm|[upkeep]\n|upkeep\n|turn|10\n|\n|t:|1647998844\n|move|p1a: Scizor|Roost|p1a: Scizor\n|-heal|p1a: Scizor|81\/100\n|-singleturn|p1a: Scizor|move: Roost\n|move|p2a: Hippowdon|Stealth Rock|p1a: Scizor\n|-sidestart|p1: Coffeon|move: Stealth Rock\n|\n|-weather|Sandstorm|[upkeep]\n|upkeep\n|turn|11\n|\n|t:|1647998848\n|move|p1a: Scizor|Swords Dance|p1a: Scizor\n|-boost|p1a: Scizor|atk|2\n|move|p2a: Hippowdon|Roar|p1a: Scizor\n|drag|p1a: Slowbro|Slowbro, F|100\/100\n|-damage|p1a: Slowbro|88\/100|[from] Stealth Rock\n|\n|-weather|Sandstorm|[upkeep]\n|-damage|p1a: Slowbro|82\/100|[from] Sandstorm\n|-fieldend|move: Electric Terrain\n|upkeep\n|turn|12\n|\n|t:|1647998851\n|move|p2a: Hippowdon|Toxic|p1a: Slowbro\n|-status|p1a: Slowbro|tox\n|move|p1a: Slowbro|Future Sight|p2a: Hippowdon\n|-start|p1a: Slowbro|move: Future Sight\n|\n|-weather|Sandstorm|[upkeep]\n|-damage|p1a: Slowbro|76\/100 tox|[from] Sandstorm\n|-damage|p1a: Slowbro|70\/100 tox|[from] psn\n|upkeep\n|turn|13\n|\n|t:|1647998858\n|move|p2a: Hippowdon|Roar|p1a: Slowbro\n|drag|p1a: Tapu Koko|Tapu Koko|42\/100\n|-fieldstart|move: Electric Terrain|[from] ability: Electric Surge|[of] p1a: Tapu Koko\n|\n|-weather|Sandstorm|[upkeep]\n|-damage|p1a: Tapu Koko|36\/100|[from] Sandstorm\n|upkeep\n|turn|14\n|\n|t:|1647998863\n|move|p1a: Tapu Koko|U-turn|p2a: Hippowdon\n|-damage|p2a: Hippowdon|83\/100\n|\n|t:|1647998864\n|switch|p1a: Gliscor|Gliscor, M|90\/100 tox|[from]move: U-turn\n|-damage|p1a: Gliscor|77\/100 tox|[from] Stealth Rock\n|move|p2a: Hippowdon|Slack Off|p2a: Hippowdon\n|-heal|p2a: Hippowdon|100\/100\n|\n|-weather|Sandstorm|[upkeep]\n|-end|p2a: Hippowdon|move: Future Sight\n|-damage|p2a: Hippowdon|58\/100\n|-heal|p1a: Gliscor|90\/100 tox|[from] ability: Poison Heal\n|upkeep\n|turn|15\n|\n|t:|1647998870\n|switch|p2a: Latias|Latias, F|20\/100\n|move|p1a: Gliscor|Knock Off|p2a: Latias\n|-supereffective|p2a: Latias\n|-damage|p2a: Latias|0 fnt\n|faint|p2a: Latias\n|\n|-weather|Sandstorm|[upkeep]\n|-heal|p1a: Gliscor|100\/100 tox|[from] ability: Poison Heal\n|upkeep\n|\n|t:|1647998877\n|switch|p2a: Excadrill|Excadrill, F|100\/100\n|turn|16\n|\n|t:|1647998881\n|move|p2a: Excadrill|Swords Dance|p2a: Excadrill\n|-boost|p2a: Excadrill|atk|2\n|move|p1a: Gliscor|Earthquake|p2a: Excadrill\n|-supereffective|p2a: Excadrill\n|-enditem|p2a: Excadrill|Focus Sash\n|-damage|p2a: Excadrill|1\/100\n|\n|-weather|none\n|upkeep\n|turn|17\n|-message|fishy8995 forfeited.\n|\n|win|Coffeon\n|raw|Coffeon's rating: 1627 &rarr; <strong>1642<\/strong><br \/>(+15 for winning)\n|raw|fishy8995's rating: 1529 &rarr; <strong>1514<\/strong><br \/>(-15 for losing)\n|c|\u2606Coffeon|Ez\n||Ladder isn't responding, score probably updated but might not have (Request timeout).\n","uploadtime":1647998908,"views":14,"p1id":"coffeon","p2id":"fishy8995","formatid":"gen8nationaldex","rating":1514,"private":0,"password":null}