{"id":"gen8ru-1681523931","p1":"MurderousMantyke","p2":"Anderson .Packed","format":"gen8ru","log":"|j|\u2606MurderousMantyke\n|j|\u2606Anderson .Packed\n|t:|1665327195\n|gametype|singles\n|player|p1|MurderousMantyke|#helpstaffxmas|1358\n|player|p2|Anderson .Packed|marlon|1508\n|teamsize|p1|6\n|teamsize|p2|6\n|gen|8\n|tier|[Gen 8] RU\n|rated|\n|rule|Sleep Clause Mod: Limit one foe put to sleep\n|rule|Species Clause: Limit one of each Pok\u00e9mon\n|rule|OHKO Clause: OHKO moves are banned\n|rule|Evasion Items Clause: Evasion items are banned\n|rule|Evasion Moves Clause: Evasion moves are banned\n|rule|Endless Battle Clause: Forcing endless battles is banned\n|rule|HP Percentage Mod: HP is shown in percentages\n|rule|Dynamax Clause: You cannot dynamax\n|clearpoke\n|poke|p1|Golisopod, M|\n|poke|p1|Sneasel, F|\n|poke|p1|Steelix, M|\n|poke|p1|Roserade, F|\n|poke|p1|Crobat, M|\n|poke|p1|Incineroar, F|\n|poke|p2|Steelix, M|\n|poke|p2|Weezing-Galar, M|\n|poke|p2|Hitmontop, M|\n|poke|p2|Celebi|\n|poke|p2|Sharpedo, F|\n|poke|p2|Raikou|\n|teampreview\n|c|\u2606Anderson .Packed|Hf\n|c|\u2606MurderousMantyke|hf\n|\n|t:|1665327225\n|start\n|switch|p1a: Incineroar|Incineroar, F|100\/100\n|switch|p2a: Raikou|Raikou|100\/100\n|-ability|p1a: Incineroar|Intimidate|boost\n|-fail|p2a: Raikou|unboost|Attack|[from] ability: Inner Focus|[of] p2a: Raikou\n|turn|1\n|\n|t:|1665327229\n|move|p2a: Raikou|Volt Switch|p1a: Incineroar\n|-damage|p1a: Incineroar|74\/100\n|\n|t:|1665327233\n|switch|p2a: Weezing|Weezing-Galar, M|100\/100|[from]move: Volt Switch\n|move|p1a: Incineroar|Knock Off|p2a: Weezing\n|-resisted|p2a: Weezing\n|-damage|p2a: Weezing|89\/100\n|-damage|p1a: Incineroar|58\/100|[from] item: Rocky Helmet|[of] p2a: Weezing\n|-enditem|p2a: Weezing|Rocky Helmet|[from] move: Knock Off|[of] p1a: Incineroar\n|\n|upkeep\n|turn|2\n|inactive|Battle timer is ON: inactive players will automatically lose when time's up. (requested by Anderson .Packed)\n|inactive|MurderousMantyke has 120 seconds left.\n|\n|t:|1665327300\n|move|p2a: Weezing|Strange Steam|p1a: Incineroar\n|-damage|p1a: Incineroar|40\/100\n|-start|p1a: Incineroar|confusion\n|-activate|p1a: Incineroar|confusion\n|move|p1a: Incineroar|U-turn|p2a: Weezing\n|-resisted|p2a: Weezing\n|-damage|p2a: Weezing|86\/100\n|\n|t:|1665327307\n|switch|p1a: Roserade|Roserade, F|100\/100|[from]move: U-turn\n|\n|upkeep\n|turn|3\n|\n|t:|1665327322\n|move|p1a: Roserade|Spikes|p2a: Weezing\n|-sidestart|p2: Anderson .Packed|Spikes\n|move|p2a: Weezing|Toxic Spikes|p1a: Roserade\n|-sidestart|p1: MurderousMantyke|move: Toxic Spikes\n|\n|upkeep\n|turn|4\n|\n|t:|1665327344\n|switch|p2a: Raikou|Raikou|100\/100\n|-damage|p2a: Raikou|88\/100|[from] Spikes\n|move|p1a: Roserade|Sludge Bomb|p2a: Raikou\n|-damage|p2a: Raikou|51\/100\n|\n|upkeep\n|turn|5\n|\n|t:|1665327352\n|move|p2a: Raikou|Volt Switch|p1a: Roserade\n|-resisted|p1a: Roserade\n|-damage|p1a: Roserade|80\/100\n|\n|t:|1665327356\n|switch|p2a: Hitmontop|Hitmontop, M|100\/100|[from]move: Volt Switch\n|-damage|p2a: Hitmontop|88\/100|[from] Spikes\n|move|p1a: Roserade|Spikes|p2a: Hitmontop\n|-sidestart|p2: Anderson .Packed|Spikes\n|\n|upkeep\n|turn|6\n|\n|t:|1665327371\n|move|p1a: Roserade|Sludge Bomb|p2a: Hitmontop\n|-damage|p2a: Hitmontop|62\/100\n|move|p2a: Hitmontop|Rapid Spin|p1a: Roserade\n|-damage|p1a: Roserade|56\/100\n|-boost|p2a: Hitmontop|spe|1\n|-sideend|p2: Anderson .Packed|Spikes|[from] move: Rapid Spin|[of] p2a: Hitmontop\n|\n|upkeep\n|turn|7\n|\n|t:|1665327377\n|switch|p1a: Crobat|Crobat, M|100\/100\n|move|p2a: Hitmontop|Triple Axel|p1a: Crobat\n|-supereffective|p1a: Crobat\n|-damage|p1a: Crobat|80\/100\n|-supereffective|p1a: Crobat\n|-damage|p1a: Crobat|35\/100\n|-supereffective|p1a: Crobat\n|-damage|p1a: Crobat|0 fnt\n|faint|p1a: Crobat\n|-hitcount|p1: Crobat|3\n|\n|upkeep\n|\n|t:|1665327384\n|switch|p1a: Golisopod|Golisopod, M|100\/100\n|turn|8\n|\n|t:|1665327399\n|switch|p2a: Weezing|Weezing-Galar, M|86\/100\n|move|p1a: Golisopod|Liquidation|p2a: Weezing\n|-damage|p2a: Weezing|57\/100\n|\n|upkeep\n|turn|9\n|\n|t:|1665327409\n|switch|p1a: Roserade|Roserade, F|56\/100\n|-sideend|p1: MurderousMantyke|move: Toxic Spikes|[of] p1a: Roserade\n|move|p2a: Weezing|Will-O-Wisp|p1a: Roserade\n|-status|p1a: Roserade|brn\n|\n|-damage|p1a: Roserade|50\/100 brn|[from] brn\n|upkeep\n|turn|10\n|\n|t:|1665327416\n|switch|p2a: Celebi|Celebi, shiny|100\/100\n|move|p1a: Roserade|Synthesis|p1a: Roserade\n|-heal|p1a: Roserade|99\/100 brn\n|\n|-damage|p1a: Roserade|93\/100 brn|[from] brn\n|upkeep\n|turn|11\n|\n|t:|1665327425\n|-curestatus|p1a: Roserade|brn|[from] ability: Natural Cure\n|switch|p1a: Incineroar|Incineroar, F|40\/100\n|-ability|p1a: Incineroar|Intimidate|boost\n|-unboost|p2a: Celebi|atk|1\n|move|p2a: Celebi|Aura Sphere|p1a: Incineroar\n|-supereffective|p1a: Incineroar\n|-damage|p1a: Incineroar|7\/100\n|\n|upkeep\n|turn|12\n|\n|t:|1665327434\n|switch|p1a: Roserade|Roserade, F|93\/100\n|move|p2a: Celebi|Aura Sphere|p1a: Roserade\n|-resisted|p1a: Roserade\n|-damage|p1a: Roserade|82\/100\n|\n|upkeep\n|turn|13\n|\n|t:|1665327436\n|move|p2a: Celebi|Psychic|p1a: Roserade\n|-supereffective|p1a: Roserade\n|-damage|p1a: Roserade|5\/100\n|move|p1a: Roserade|Spikes|p2a: Celebi\n|-sidestart|p2: Anderson .Packed|Spikes\n|\n|upkeep\n|turn|14\n|\n|t:|1665327440\n|switch|p1a: Incineroar|Incineroar, F|7\/100\n|-ability|p1a: Incineroar|Intimidate|boost\n|-unboost|p2a: Celebi|atk|1\n|move|p2a: Celebi|Aura Sphere|p1a: Incineroar\n|-supereffective|p1a: Incineroar\n|-damage|p1a: Incineroar|0 fnt\n|faint|p1a: Incineroar\n|\n|upkeep\n|\n|t:|1665327443\n|switch|p1a: Sneasel|Sneasel, F|100\/100\n|turn|15\n|\n|t:|1665327463\n|switch|p2a: Steelix|Steelix, M|100\/100\n|-damage|p2a: Steelix|88\/100|[from] Spikes\n|move|p1a: Sneasel|Triple Axel|p2a: Steelix\n|-damage|p2a: Steelix|83\/100\n|-damage|p2a: Steelix|73\/100\n|-damage|p2a: Steelix|59\/100\n|-hitcount|p2a: Steelix|3\n|\n|-heal|p2a: Steelix|65\/100|[from] item: Leftovers\n|upkeep\n|turn|16\n|\n|t:|1665327473\n|switch|p1a: Steelix|Steelix, M|100\/100\n|move|p2a: Steelix|Stealth Rock|p1a: Steelix\n|-sidestart|p1: MurderousMantyke|move: Stealth Rock\n|\n|-heal|p2a: Steelix|71\/100|[from] item: Leftovers\n|upkeep\n|turn|17\n|\n|t:|1665327479\n|move|p2a: Steelix|Body Press|p1a: Steelix\n|-supereffective|p1a: Steelix\n|-damage|p1a: Steelix|65\/100\n|move|p1a: Steelix|Heavy Slam|p2a: Steelix\n|-resisted|p2a: Steelix\n|-damage|p2a: Steelix|69\/100\n|\n|-heal|p2a: Steelix|75\/100|[from] item: Leftovers\n|-heal|p1a: Steelix|72\/100|[from] item: Leftovers\n|upkeep\n|turn|18\n|\n|t:|1665327495\n|move|p1a: Steelix|Earthquake|p2a: Steelix\n|-supereffective|p2a: Steelix\n|-damage|p2a: Steelix|45\/100\n|move|p2a: Steelix|Body Press|p1a: Steelix\n|-supereffective|p1a: Steelix\n|-damage|p1a: Steelix|39\/100\n|\n|-heal|p2a: Steelix|52\/100|[from] item: Leftovers\n|-heal|p1a: Steelix|45\/100|[from] item: Leftovers\n|upkeep\n|turn|19\n|\n|t:|1665327507\n|switch|p2a: Celebi|Celebi, shiny|100\/100\n|move|p1a: Steelix|Heavy Slam|p2a: Celebi\n|-damage|p2a: Celebi|61\/100\n|\n|-heal|p1a: Steelix|51\/100|[from] item: Leftovers\n|upkeep\n|turn|20\n|\n|t:|1665327518\n|move|p2a: Celebi|Nasty Plot|p2a: Celebi\n|-boost|p2a: Celebi|spa|2\n|move|p1a: Steelix|Heavy Slam|p2a: Celebi\n|-damage|p2a: Celebi|23\/100\n|\n|-heal|p1a: Steelix|58\/100|[from] item: Leftovers\n|upkeep\n|turn|21\n|\n|t:|1665327529\n|move|p2a: Celebi|Aura Sphere|p1a: Steelix\n|-supereffective|p1a: Steelix\n|-damage|p1a: Steelix|0 fnt\n|faint|p1a: Steelix\n|\n|upkeep\n|\n|t:|1665327531\n|switch|p1a: Sneasel|Sneasel, F|100\/100\n|turn|22\n|\n|t:|1665327534\n|move|p1a: Sneasel|Knock Off|p2a: Celebi\n|-supereffective|p2a: Celebi\n|-damage|p2a: Celebi|0 fnt\n|-enditem|p2a: Celebi|Heavy-Duty Boots|[from] move: Knock Off|[of] p1a: Sneasel\n|faint|p2a: Celebi\n|\n|upkeep\n|\n|t:|1665327548\n|switch|p2a: Weezing|Weezing-Galar, M|57\/100\n|turn|23\n|\n|t:|1665327553\n|switch|p1a: Roserade|Roserade, F|5\/100\n|move|p2a: Weezing|Will-O-Wisp|p1a: Roserade\n|-status|p1a: Roserade|brn\n|\n|-damage|p1a: Roserade|0 fnt|[from] brn\n|faint|p1a: Roserade\n|upkeep\n|\n|t:|1665327567\n|switch|p1a: Sneasel|Sneasel, F|100\/100\n|turn|24\n|\n|t:|1665327573\n|move|p1a: Sneasel|Swords Dance|p1a: Sneasel\n|-boost|p1a: Sneasel|atk|2\n|move|p2a: Weezing|Will-O-Wisp|p1a: Sneasel\n|-status|p1a: Sneasel|brn\n|\n|-damage|p1a: Sneasel|95\/100 brn|[from] brn\n|upkeep\n|turn|25\n|\n|t:|1665327576\n|move|p1a: Sneasel|Triple Axel|p2a: Weezing\n|-damage|p2a: Weezing|51\/100\n|-hitcount|p2a: Weezing|1\n|move|p2a: Weezing|Pain Split|p1a: Sneasel\n|-sethp|p1a: Sneasel|81\/100 brn|[from] move: Pain Split|[silent]\n|-sethp|p2a: Weezing|61\/100|[from] move: Pain Split\n|\n|-damage|p1a: Sneasel|75\/100 brn|[from] brn\n|upkeep\n|turn|26\n|\n|t:|1665327583\n|move|p1a: Sneasel|Triple Axel|p2a: Weezing\n|-damage|p2a: Weezing|56\/100\n|-hitcount|p2a: Weezing|1\n|move|p2a: Weezing|Strange Steam|p1a: Sneasel\n|-supereffective|p1a: Sneasel\n|-damage|p1a: Sneasel|0 fnt\n|faint|p1a: Sneasel\n|\n|upkeep\n|c|\u2606MurderousMantyke|gg\n|-message|MurderousMantyke forfeited.\n|\n|win|Anderson .Packed\n|raw|MurderousMantyke's rating: 1358 &rarr; <strong>1346<\/strong><br \/>(-12 for losing)\n|raw|Anderson .Packed's rating: 1508 &rarr; <strong>1520<\/strong><br \/>(+12 for winning)\n|l|\u2606MurderousMantyke\n|c|\u2606Anderson .Packed|Gg\n","uploadtime":1665327598,"views":9,"p1id":"murderousmantyke","p2id":"andersonpacked","formatid":"gen8ru","rating":1346,"private":0,"password":null}