{"id":"gen8randombattle-1694815093","p1":"Pacific Walrus","p2":"IIIodyne","format":"gen8randombattle","log":"|j|\u2606Pacific Walrus\n|j|\u2606IIIodyne\n|inactive|Battle timer is ON: inactive players will automatically lose when time's up.\n|t:|1666733098\n|gametype|singles\n|player|p1|Pacific Walrus|sightseerf|\n|player|p2|IIIodyne|170|\n|teamsize|p1|24\n|teamsize|p2|24\n|gen|8\n|tier|[Gen 8] Random Battle\n|rated|Tournament battle\n|rule|Species Clause: Limit one of each Pok\u00e9mon\n|rule|HP Percentage Mod: HP is shown in percentages\n|rule|Sleep Clause Mod: Limit one foe put to sleep\n|rule|Dynamax Clause: You cannot dynamax\n|rule|Camomons Mod: Pok\u00e9mon have their types set to match their first two moves.\n|rule|Inverse Mod: Weaknesses become resistances, while resistances and immunities become weaknesses.\n|rule|Scalemons Mod: Every Pokemon's stats, barring HP, are scaled to come as close to a BST of 600 as possible\n|clearpoke\n|poke|p1|Eternatus, L73|\n|poke|p1|Tornadus, L85, M|\n|poke|p1|Blaziken, L81, F|\n|poke|p1|Bisharp, L80, F|\n|poke|p1|Shedinja, L92|\n|poke|p1|Mesprit, L88|\n|poke|p1|Delibird, F|\n|poke|p1|Moltres, L82|\n|poke|p1|Groudon, L76|\n|poke|p1|Butterfree, L88, M|\n|poke|p1|Sceptile, L87, M|\n|poke|p1|Scizor, L82, M|\n|poke|p1|Espeon, L87, F|\n|poke|p1|Lycanroc-Midnight, L88, M|\n|poke|p1|Roserade, L84, M|\n|poke|p1|Golduck, L88, M|\n|poke|p1|Talonflame, L86, F|\n|poke|p1|Marshadow, L75|\n|poke|p1|Indeedee, L85, M|\n|poke|p1|Scyther, L87, F|\n|poke|p1|Hatterene, L82, F|\n|poke|p1|Metagross, L84|\n|poke|p1|Mr. Mime-Galar, L88, M|\n|poke|p1|Archeops, L88, F|\n|poke|p2|Kyurem, L76|\n|poke|p2|Jirachi, L82|\n|poke|p2|Drapion, L86, F|\n|poke|p2|Darmanitan, L82, M|\n|poke|p2|Mew, L80|\n|poke|p2|Naganadel, L76|\n|poke|p2|Heatmor, L88, F|\n|poke|p2|Diancie, L86|\n|poke|p2|Azelf, L82|\n|poke|p2|Dugtrio-Alola, L88, F|\n|poke|p2|Magearna-Original, L76|\n|poke|p2|Stunfisk, L88, M|\n|poke|p2|Zarude, L82|\n|poke|p2|Kartana, L80|\n|poke|p2|Chandelure, L84, F|\n|poke|p2|Ninetales-Alola, L80, F|\n|poke|p2|Necrozma, L83|\n|poke|p2|Vileplume, L86, F|\n|poke|p2|Sawk, L88, M|\n|poke|p2|Espeon, L87, M|\n|poke|p2|Volcanion, L80|\n|poke|p2|Bewear, L85, M|\n|poke|p2|Tyrantrum, L86, F|\n|poke|p2|Dialga, L76|\n|teampreview|11\n|inactive|IIIodyne also wants the timer to be on.\n|j| GengarAdept\n|l| GengarAdept\n|c|\u2606IIIodyne|h\n|c|\u2606IIIodyne|f\n|inactive|Pacific Walrus has 120 seconds left.\n|c|\u2606Pacific Walrus|glhf\n|inactive|Pacific Walrus has 90 seconds left.\n|\n|t:|1666733167\n|start\n|switch|p1a: Shedinja|Shedinja, L92|1\/1\n|switch|p2a: Dialga|Dialga, L76|277\/277\n|-start|p1a: Shedinja|typechange|Ghost\/Normal|[silent]\n|-start|p2a: Dialga|typechange|Dragon\/Poison|[silent]\n|-ability|p2a: Dialga|Pressure\n|-start|p1a: Shedinja|typechange|Ghost\/Normal|[silent]\n|-start|p2a: Dialga|typechange|Dragon\/Poison|[silent]\n|turn|1\n|\n|t:|1666733178\n|move|p1a: Shedinja|Swords Dance|p1a: Shedinja\n|-boost|p1a: Shedinja|atk|2\n|move|p2a: Dialga|Toxic|p1a: Shedinja\n|-status|p1a: Shedinja|tox\n|\n|-damage|p1a: Shedinja|0 fnt|[from] psn\n|faint|p1a: Shedinja\n|upkeep\n|\n|t:|1666733181\n|switch|p1a: Metagross|Metagross, L84|272\/272\n|-start|p1a: Metagross|typechange|Steel\/Psychic|[silent]\n|turn|2\n|\n|t:|1666733188\n|move|p1a: Metagross|Thunder Punch|p2a: Dialga\n|-supereffective|p2a: Dialga\n|-damage|p2a: Dialga|137\/277\n|move|p2a: Dialga|Fire Blast|p1a: Metagross\n|-immune|p1a: Metagross|[from] ability: Wonder Guard\n|\n|-heal|p2a: Dialga|154\/277|[from] item: Leftovers\n|upkeep\n|turn|3\n|\n|t:|1666733198\n|move|p1a: Metagross|Agility|p1a: Metagross\n|-boost|p1a: Metagross|spe|2\n|move|p2a: Dialga|Toxic|p1a: Metagross\n|-immune|p1a: Metagross\n|\n|-heal|p2a: Dialga|171\/277|[from] item: Leftovers\n|upkeep\n|turn|4\n|\n|t:|1666733206\n|move|p1a: Metagross|Thunder Punch|p2a: Dialga\n|-supereffective|p2a: Dialga\n|-damage|p2a: Dialga|43\/277\n|move|p2a: Dialga|Flash Cannon|p1a: Metagross\n|-supereffective|p1a: Metagross\n|-damage|p1a: Metagross|160\/272\n|-enditem|p1a: Metagross|Weakness Policy\n|-boost|p1a: Metagross|atk|2|[from] item: Weakness Policy\n|-boost|p1a: Metagross|spa|2|[from] item: Weakness Policy\n|\n|-heal|p2a: Dialga|60\/277|[from] item: Leftovers\n|upkeep\n|turn|5\n|\n|t:|1666733208\n|move|p1a: Metagross|Thunder Punch|p2a: Dialga\n|-supereffective|p2a: Dialga\n|-crit|p2a: Dialga\n|-damage|p2a: Dialga|0 fnt\n|faint|p2a: Dialga\n|\n|upkeep\n|c|\u2606IIIodyne|bruh what a crazy set you got lol\n|c|\u2606IIIodyne|did shedinja have wonder guard too?\n|\n|t:|1666733238\n|switch|p2a: Stunfisk|Stunfisk, L88, M|335\/335\n|-ability|p2a: Stunfisk|Pressure\n|-start|p2a: Stunfisk|typechange|Poison\/Ground|[silent]\n|-start|p2a: Stunfisk|typechange|Poison\/Ground|[silent]\n|turn|6\n|c|\u2606Pacific Walrus|shared abilities lol\n|c|\u2606IIIodyne|oh shit lol\n|inactive|IIIodyne has 120 seconds left.\n|\n|t:|1666733265\n|move|p1a: Metagross|Thunder Punch|p2a: Stunfisk\n|-supereffective|p2a: Stunfisk\n|-damage|p2a: Stunfisk|133\/335\n|move|p2a: Stunfisk|Sludge Bomb|p1a: Metagross\n|-supereffective|p1a: Metagross\n|-damage|p1a: Metagross|0 fnt\n|faint|p1a: Metagross\n|\n|upkeep\n|\n|t:|1666733269\n|switch|p1a: Blaziken|Blaziken, L81, F|262\/262\n|-start|p1a: Blaziken|typechange|Fighting\/Normal|[silent]\n|-start|p1a: Blaziken|typechange|Fighting\/Normal|[silent]\n|turn|7\n|inactive|IIIodyne has 120 seconds left.\n|\n|t:|1666733295\n|move|p1a: Blaziken|Swords Dance|p1a: Blaziken\n|-boost|p1a: Blaziken|atk|2\n|move|p2a: Stunfisk|Foul Play|p1a: Blaziken\n|-supereffective|p1a: Blaziken\n|-crit|p1a: Blaziken\n|-damage|p1a: Blaziken|0 fnt\n|faint|p1a: Blaziken\n|\n|upkeep\n|\n|t:|1666733305\n|switch|p1a: Marshadow|Marshadow, L75|259\/259\n|-start|p1a: Marshadow|typechange|Ghost\/Rock|[silent]\n|-start|p1a: Marshadow|typechange|Ghost\/Rock|[silent]\n|turn|8\n|\n|t:|1666733310\n|move|p1a: Marshadow|Rock Tomb|p2a: Stunfisk\n|-supereffective|p2a: Stunfisk\n|-damage|p2a: Stunfisk|0 fnt\n|faint|p2a: Stunfisk\n|\n|-ability|p1a: Marshadow|Speed Boost|boost\n|-boost|p1a: Marshadow|spe|1\n|upkeep\n|\n|t:|1666733317\n|switch|p2a: Bewear|Bewear, L85, M|343\/343\n|-ability|p2a: Bewear|Pressure\n|-start|p2a: Bewear|typechange|Normal\/Ice|[silent]\n|-start|p2a: Bewear|typechange|Normal\/Ice|[silent]\n|turn|9\n|\n|t:|1666733324\n|switch|p1a: Tornadus|Tornadus, L85, M|273\/273\n|-start|p1a: Tornadus|typechange|Flying|[silent]\n|move|p2a: Bewear|Double-Edge|p1a: Tornadus\n|-immune|p1a: Tornadus|[from] ability: Wonder Guard\n|\n|upkeep\n|turn|10\n|\n|t:|1666733327\n|move|p1a: Tornadus|Hurricane|p2a: Bewear|[miss]\n|-miss|p1a: Tornadus|p2a: Bewear\n|move|p2a: Bewear|Close Combat|p1a: Tornadus\n|-supereffective|p1a: Tornadus\n|-damage|p1a: Tornadus|0 fnt\n|-unboost|p2a: Bewear|def|1\n|-unboost|p2a: Bewear|spd|1\n|faint|p1a: Tornadus\n|-damage|p2a: Bewear|309\/343|[from] item: Life Orb\n|\n|upkeep\n|\n|t:|1666733331\n|switch|p1a: Marshadow|Marshadow, L75|259\/259\n|-start|p1a: Marshadow|typechange|Ghost\/Rock|[silent]\n|-start|p1a: Marshadow|typechange|Ghost\/Rock|[silent]\n|turn|11\n|\n|t:|1666733341\n|move|p1a: Marshadow|Spectral Thief|p2a: Bewear\n|-supereffective|p2a: Bewear\n|-damage|p2a: Bewear|122\/343\n|move|p2a: Bewear|Double-Edge|p1a: Marshadow\n|-supereffective|p1a: Marshadow\n|-damage|p1a: Marshadow|0 fnt\n|faint|p1a: Marshadow\n|-damage|p2a: Bewear|37\/343|[from] Recoil\n|-damage|p2a: Bewear|3\/343|[from] item: Life Orb\n|\n|upkeep\n|\n|t:|1666733353\n|switch|p1a: Scizor|Scizor, L82, M|249\/249\n|-start|p1a: Scizor|typechange|Bug\/Steel|[silent]\n|turn|12\n|\n|t:|1666733358\n|move|p1a: Scizor|Bullet Punch|p2a: Bewear\n|-resisted|p2a: Bewear\n|-damage|p2a: Bewear|0 fnt\n|faint|p2a: Bewear\n|\n|-ability|p1a: Scizor|Speed Boost|boost\n|-boost|p1a: Scizor|spe|1\n|upkeep\n|\n|t:|1666733373\n|switch|p2a: Diancie|Diancie, L86|226\/226\n|-ability|p2a: Diancie|Pressure\n|-start|p2a: Diancie|typechange|Poison\/Fairy|[silent]\n|-start|p2a: Diancie|typechange|Poison\/Fairy|[silent]\n|turn|13\n|\n|t:|1666733378\n|move|p1a: Scizor|U-turn|p2a: Diancie\n|-supereffective|p2a: Diancie\n|-damage|p2a: Diancie|92\/226\n|-status|p1a: Scizor|par|[from] ability: Static|[of] p2a: Diancie\n|\n|t:|1666733388\n|switch|p1a: Talonflame|Talonflame, L86, F|274\/274\n|-start|p1a: Talonflame|typechange|Flying\/Normal|[silent]\n|move|p2a: Diancie|Moonblast|p1a: Talonflame\n|-immune|p1a: Talonflame|[from] ability: Wonder Guard\n|\n|-heal|p2a: Diancie|106\/226|[from] item: Leftovers\n|upkeep\n|-start|p1a: Talonflame|typechange|Flying\/Normal|[silent]\n|turn|14\n|\n|t:|1666733406\n|move|p1a: Talonflame|Swords Dance|p1a: Talonflame\n|-boost|p1a: Talonflame|atk|2\n|move|p2a: Diancie|Body Press|p1a: Talonflame\n|-immune|p1a: Talonflame|[from] ability: Wonder Guard\n|\n|-heal|p2a: Diancie|120\/226|[from] item: Leftovers\n|-ability|p1a: Talonflame|Speed Boost|boost\n|-boost|p1a: Talonflame|spe|1\n|upkeep\n|turn|15\n|\n|t:|1666733414\n|move|p1a: Talonflame|Brave Bird|p2a: Diancie\n|-damage|p2a: Diancie|40\/226\n|-status|p1a: Talonflame|par|[from] ability: Static|[of] p2a: Diancie\n|-damage|p1a: Talonflame|248\/274 par|[from] Recoil\n|move|p2a: Diancie|Toxic||[still]\n|-fail|p2a: Diancie\n|\n|-heal|p2a: Diancie|54\/226|[from] item: Leftovers\n|-ability|p1a: Talonflame|Speed Boost|boost\n|-boost|p1a: Talonflame|spe|1\n|upkeep\n|turn|16\n|c|\u2606Pacific Walrus|oh thank god for static\n|c|\u2606IIIodyne|bruh this is stright up hax :\/\n|\n|t:|1666733443\n|switch|p2a: Necrozma|Necrozma, L83|297\/297\n|-ability|p2a: Necrozma|Pressure\n|-start|p2a: Necrozma|typechange|Fairy\/Psychic|[silent]\n|move|p1a: Talonflame|Brave Bird|p2a: Necrozma\n|-damage|p2a: Necrozma|183\/297\n|-damage|p1a: Talonflame|210\/274 par|[from] Recoil\n|\n|-heal|p2a: Necrozma|201\/297|[from] item: Leftovers\n|-ability|p1a: Talonflame|Speed Boost|boost\n|-boost|p1a: Talonflame|spe|1\n|upkeep\n|-start|p2a: Necrozma|typechange|Fairy\/Psychic|[silent]\n|turn|17\n|\n|t:|1666733457\n|switch|p2a: Jirachi|Jirachi, L82|298\/298\n|-ability|p2a: Jirachi|Pressure\n|-start|p2a: Jirachi|typechange|Steel\/Poison|[silent]\n|move|p1a: Talonflame|Brave Bird|p2a: Jirachi\n|-supereffective|p2a: Jirachi\n|-damage|p2a: Jirachi|117\/298\n|-damage|p1a: Talonflame|150\/274 par|[from] Recoil\n|\n|-heal|p2a: Jirachi|135\/298|[from] item: Leftovers\n|-ability|p1a: Talonflame|Speed Boost|boost\n|-boost|p1a: Talonflame|spe|1\n|upkeep\n|-start|p2a: Jirachi|typechange|Steel\/Poison|[silent]\n|turn|18\n|\n|t:|1666733465\n|cant|p1a: Talonflame|par\n|move|p2a: Jirachi|U-turn|p1a: Talonflame\n|-supereffective|p1a: Talonflame\n|-damage|p1a: Talonflame|54\/274 par\n|\n|t:|1666733467\n|switch|p2a: Espeon|Espeon, L87, M|255\/255\n|-ability|p2a: Espeon|Pressure\n|-start|p2a: Espeon|typechange|Psychic\/Fairy|[silent]\n|\n|-ability|p1a: Talonflame|Speed Boost|boost\n|-boost|p1a: Talonflame|spe|1\n|upkeep\n|-start|p2a: Espeon|typechange|Psychic\/Fairy|[silent]\n|turn|19\n|\n|t:|1666733473\n|switch|p2a: Diancie|Diancie, L86|54\/226\n|-ability|p2a: Diancie|Pressure\n|-start|p2a: Diancie|typechange|Poison\/Fairy|[silent]\n|move|p1a: Talonflame|Brave Bird|p2a: Diancie\n|-damage|p2a: Diancie|0 fnt\n|faint|p2a: Diancie\n|-damage|p1a: Talonflame|36\/274 par|[from] Recoil\n|\n|-ability|p1a: Talonflame|Speed Boost|boost\n|-boost|p1a: Talonflame|spe|1\n|upkeep\n|\n|t:|1666733475\n|switch|p2a: Jirachi|Jirachi, L82|135\/298\n|-ability|p2a: Jirachi|Pressure\n|-start|p2a: Jirachi|typechange|Steel\/Poison|[silent]\n|-start|p2a: Jirachi|typechange|Steel\/Poison|[silent]\n|turn|20\n|\n|t:|1666733478\n|cant|p1a: Talonflame|par\n|move|p2a: Jirachi|U-turn|p1a: Talonflame\n|-supereffective|p1a: Talonflame\n|-damage|p1a: Talonflame|0 fnt\n|faint|p1a: Talonflame\n|\n|t:|1666733480\n|switch|p2a: Tyrantrum|Tyrantrum, L86, F|281\/281\n|-ability|p2a: Tyrantrum|Pressure\n|-start|p2a: Tyrantrum|typechange|Dragon|[silent]\n|\n|upkeep\n|\n|t:|1666733488\n|switch|p1a: Bisharp|Bisharp, L80, F|235\/235\n|-start|p1a: Bisharp|typechange|Steel\/Dark|[silent]\n|-start|p1a: Bisharp|typechange|Steel\/Dark|[silent]\n|-start|p2a: Tyrantrum|typechange|Dragon|[silent]\n|turn|21\n|\n|t:|1666733494\n|move|p1a: Bisharp|Swords Dance|p1a: Bisharp\n|-boost|p1a: Bisharp|atk|2\n|move|p2a: Tyrantrum|Head Smash|p1a: Bisharp|[miss]\n|-miss|p2a: Tyrantrum|p1a: Bisharp\n|\n|-ability|p1a: Bisharp|Speed Boost|boost\n|-boost|p1a: Bisharp|spe|1\n|upkeep\n|turn|22\n|\n|t:|1666733500\n|move|p1a: Bisharp|Iron Head|p2a: Tyrantrum\n|-damage|p2a: Tyrantrum|179\/281\n|-damage|p1a: Bisharp|212\/235|[from] item: Life Orb\n|cant|p2a: Tyrantrum|flinch\n|\n|-ability|p1a: Bisharp|Speed Boost|boost\n|-boost|p1a: Bisharp|spe|1\n|upkeep\n|turn|23\n|\n|t:|1666733506\n|move|p1a: Bisharp|Knock Off|p2a: Tyrantrum\n|-damage|p2a: Tyrantrum|66\/281\n|-status|p1a: Bisharp|par|[from] ability: Static|[of] p2a: Tyrantrum\n|-enditem|p2a: Tyrantrum|Life Orb|[from] move: Knock Off|[of] p1a: Bisharp\n|-damage|p1a: Bisharp|189\/235 par|[from] item: Life Orb\n|move|p2a: Tyrantrum|Outrage|p1a: Bisharp\n|-supereffective|p1a: Bisharp\n|-damage|p1a: Bisharp|0 fnt\n|faint|p1a: Bisharp\n|\n|upkeep\n|\n|t:|1666733513\n|switch|p1a: Eternatus|Eternatus, L73|325\/325\n|-start|p1a: Eternatus|typechange|Poison\/Dragon|[silent]\n|-ability|p1a: Eternatus|Pressure\n|turn|24\n|\n|t:|1666733516\n|move|p1a: Eternatus|Flamethrower|p2a: Tyrantrum\n|-supereffective|p2a: Tyrantrum\n|-damage|p2a: Tyrantrum|0 fnt\n|faint|p2a: Tyrantrum\n|\n|-ability|p1a: Eternatus|Speed Boost|boost\n|-boost|p1a: Eternatus|spe|1\n|upkeep\n|c|\u2606IIIodyne|bro wtf are your rolls lmao\n|c|\u2606IIIodyne|eternatus too?\n|\n|t:|1666733536\n|switch|p2a: Espeon|Espeon, L87, M|255\/255\n|-ability|p2a: Espeon|Pressure\n|-start|p2a: Espeon|typechange|Psychic\/Fairy|[silent]\n|-start|p2a: Espeon|typechange|Psychic\/Fairy|[silent]\n|turn|25\n|\n|t:|1666733543\n|switch|p2a: Jirachi|Jirachi, L82|135\/298\n|-ability|p2a: Jirachi|Pressure\n|-start|p2a: Jirachi|typechange|Steel\/Poison|[silent]\n|move|p1a: Eternatus|Dynamax Cannon|p2a: Jirachi\n|-supereffective|p2a: Jirachi\n|-damage|p2a: Jirachi|0 fnt\n|faint|p2a: Jirachi\n|\n|-ability|p1a: Eternatus|Speed Boost|boost\n|-boost|p1a: Eternatus|spe|1\n|upkeep\n|\n|t:|1666733551\n|switch|p2a: Necrozma|Necrozma, L83|201\/297\n|-ability|p2a: Necrozma|Pressure\n|-start|p2a: Necrozma|typechange|Fairy\/Psychic|[silent]\n|-start|p2a: Necrozma|typechange|Fairy\/Psychic|[silent]\n|turn|26\n|\n|t:|1666733554\n|move|p1a: Eternatus|Dynamax Cannon|p2a: Necrozma\n|-supereffective|p2a: Necrozma\n|-damage|p2a: Necrozma|34\/297\n|move|p2a: Necrozma|Heat Wave|p1a: Eternatus\n|-supereffective|p1a: Eternatus\n|-damage|p1a: Eternatus|135\/325\n|\n|-heal|p2a: Necrozma|52\/297|[from] item: Leftovers\n|-ability|p1a: Eternatus|Speed Boost|boost\n|-boost|p1a: Eternatus|spe|1\n|upkeep\n|turn|27\n|\n|t:|1666733559\n|move|p1a: Eternatus|Dynamax Cannon|p2a: Necrozma\n|-supereffective|p2a: Necrozma\n|-damage|p2a: Necrozma|0 fnt\n|faint|p2a: Necrozma\n|\n|-ability|p1a: Eternatus|Speed Boost|boost\n|-boost|p1a: Eternatus|spe|1\n|upkeep\n|\n|t:|1666733568\n|switch|p2a: Volcanion|Volcanion, L80|259\/259\n|-ability|p2a: Volcanion|Pressure\n|-start|p2a: Volcanion|typechange|Ground\/Flying|[silent]\n|-start|p2a: Volcanion|typechange|Ground\/Flying|[silent]\n|turn|28\n|\n|t:|1666733573\n|move|p1a: Eternatus|Sludge Wave|p2a: Volcanion\n|-supereffective|p2a: Volcanion\n|-damage|p2a: Volcanion|118\/259\n|move|p2a: Volcanion|Flamethrower|p1a: Eternatus\n|-supereffective|p1a: Eternatus\n|-crit|p1a: Eternatus\n|-damage|p1a: Eternatus|0 fnt\n|faint|p1a: Eternatus\n|\n|upkeep\n|\n|t:|1666733577\n|switch|p1a: Indeedee|Indeedee, L85, M|241\/241\n|-ability|p1a: Indeedee|Pressure\n|-start|p1a: Indeedee|typechange|Fire\/Psychic|[silent]\n|-fieldstart|move: Psychic Terrain|[from] ability: Psychic Surge|[of] p1a: Indeedee\n|-start|p1a: Indeedee|typechange|Fire\/Psychic|[silent]\n|turn|29\n|\n|t:|1666733585\n|move|p1a: Indeedee|Expanding Force|p2a: Volcanion\n|-damage|p2a: Volcanion|0 fnt\n|faint|p2a: Volcanion\n|-damage|p1a: Indeedee|217\/241|[from] item: Life Orb\n|\n|-ability|p1a: Indeedee|Speed Boost|boost\n|-boost|p1a: Indeedee|spe|1\n|upkeep\n|\n|t:|1666733589\n|switch|p2a: Espeon|Espeon, L87, M|255\/255\n|-ability|p2a: Espeon|Pressure\n|-start|p2a: Espeon|typechange|Psychic\/Fairy|[silent]\n|-start|p2a: Espeon|typechange|Psychic\/Fairy|[silent]\n|turn|30\n|\n|t:|1666733593\n|move|p1a: Indeedee|Expanding Force|p2a: Espeon\n|-supereffective|p2a: Espeon\n|-damage|p2a: Espeon|0 fnt\n|faint|p2a: Espeon\n|-damage|p1a: Indeedee|193\/241|[from] item: Life Orb\n|\n|-ability|p1a: Indeedee|Speed Boost|boost\n|-boost|p1a: Indeedee|spe|1\n|upkeep\n|\n|t:|1666733596\n|switch|p2a: Kartana|Kartana, L80|226\/226\n|-ability|p2a: Kartana|Pressure\n|-start|p2a: Kartana|typechange|Normal\/Steel|[silent]\n|-start|p2a: Kartana|typechange|Normal\/Steel|[silent]\n|turn|31\n|\n|t:|1666733601\n|move|p1a: Indeedee|Expanding Force|p2a: Kartana\n|-supereffective|p2a: Kartana\n|-damage|p2a: Kartana|0 fnt\n|faint|p2a: Kartana\n|-damage|p1a: Indeedee|169\/241|[from] item: Life Orb\n|\n|-ability|p1a: Indeedee|Speed Boost|boost\n|-boost|p1a: Indeedee|spe|1\n|upkeep\n|\n|t:|1666733602\n|switch|p2a: Zarude|Zarude, L82|306\/306\n|-ability|p2a: Zarude|Pressure\n|-start|p2a: Zarude|typechange|Grass\/Fighting|[silent]\n|-start|p2a: Zarude|typechange|Grass\/Fighting|[silent]\n|turn|32\n|c|\u2606IIIodyne|gg\n|c|\u2606Pacific Walrus|you never know\n|\n|t:|1666733612\n|move|p1a: Indeedee|Hyper Voice|p2a: Zarude\n|-damage|p2a: Zarude|193\/306\n|-damage|p1a: Indeedee|145\/241|[from] item: Life Orb\n|move|p2a: Zarude|Power Whip|p1a: Indeedee\n|-supereffective|p1a: Indeedee\n|-damage|p1a: Indeedee|0 fnt\n|faint|p1a: Indeedee\n|-ability|p2a: Zarude|Beast Boost|boost\n|-boost|p2a: Zarude|atk|1\n|\n|-heal|p2a: Zarude|212\/306|[from] item: Leftovers\n|upkeep\n|\n|t:|1666733619\n|switch|p1a: Hatterene|Hatterene, L82, F|228\/228\n|-ability|p1a: Hatterene|Pressure\n|-start|p1a: Hatterene|typechange|Psychic|[silent]\n|-start|p1a: Hatterene|typechange|Psychic|[silent]\n|turn|33\n|c|\u2606IIIodyne|you have wonder guard\n|\n|t:|1666733634\n|move|p2a: Zarude|Jungle Healing|p2a: Zarude\n|-heal|p2a: Zarude|288\/306\n|move|p1a: Hatterene|Psyshock|p2a: Zarude\n|-resisted|p2a: Zarude\n|-damage|p2a: Zarude|204\/306\n|-damage|p1a: Hatterene|206\/228|[from] item: Life Orb\n|\n|-heal|p2a: Zarude|223\/306|[from] item: Leftovers\n|-fieldend|move: Psychic Terrain\n|-ability|p1a: Hatterene|Speed Boost|boost\n|-boost|p1a: Hatterene|spe|1\n|upkeep\n|turn|34\n|\n|t:|1666733644\n|move|p2a: Zarude|Bulk Up|p2a: Zarude\n|-boost|p2a: Zarude|atk|1\n|-boost|p2a: Zarude|def|1\n|move|p1a: Hatterene|Mystical Fire|p2a: Zarude\n|-resisted|p2a: Zarude\n|-damage|p2a: Zarude|132\/306\n|-damage|p1a: Hatterene|184\/228|[from] item: Life Orb\n|\n|-heal|p2a: Zarude|151\/306|[from] item: Leftovers\n|-ability|p1a: Hatterene|Speed Boost|boost\n|-boost|p1a: Hatterene|spe|1\n|upkeep\n|turn|35\n|\n|t:|1666733649\n|move|p2a: Zarude|Jungle Healing|p2a: Zarude\n|-heal|p2a: Zarude|227\/306\n|move|p1a: Hatterene|Psyshock|p2a: Zarude\n|-resisted|p2a: Zarude\n|-damage|p2a: Zarude|179\/306\n|-damage|p1a: Hatterene|162\/228|[from] item: Life Orb\n|\n|-heal|p2a: Zarude|198\/306|[from] item: Leftovers\n|-ability|p1a: Hatterene|Speed Boost|boost\n|-boost|p1a: Hatterene|spe|1\n|upkeep\n|turn|36\n|\n|t:|1666733656\n|move|p2a: Zarude|Bulk Up|p2a: Zarude\n|-boost|p2a: Zarude|atk|1\n|-boost|p2a: Zarude|def|1\n|move|p1a: Hatterene|Psyshock|p2a: Zarude\n|-resisted|p2a: Zarude\n|-damage|p2a: Zarude|160\/306\n|-damage|p1a: Hatterene|140\/228|[from] item: Life Orb\n|\n|-heal|p2a: Zarude|179\/306|[from] item: Leftovers\n|-ability|p1a: Hatterene|Speed Boost|boost\n|-boost|p1a: Hatterene|spe|1\n|upkeep\n|turn|37\n|\n|t:|1666733661\n|move|p2a: Zarude|Jungle Healing|p2a: Zarude\n|-heal|p2a: Zarude|255\/306\n|move|p1a: Hatterene|Dazzling Gleam|p2a: Zarude\n|-resisted|p2a: Zarude\n|-damage|p2a: Zarude|207\/306\n|-damage|p1a: Hatterene|118\/228|[from] item: Life Orb\n|\n|-heal|p2a: Zarude|226\/306|[from] item: Leftovers\n|-ability|p1a: Hatterene|Speed Boost|boost\n|-boost|p1a: Hatterene|spe|1\n|upkeep\n|turn|38\n|\n|t:|1666733664\n|switch|p1a: Scizor|Scizor, L82, M|249\/249 par\n|-fieldstart|move: Psychic Terrain|[from] ability: Psychic Surge|[of] p1a: Scizor\n|-ability|p1a: Scizor|Pressure\n|-start|p1a: Scizor|typechange|Bug\/Steel|[silent]\n|move|p2a: Zarude|Bulk Up|p2a: Zarude\n|-boost|p2a: Zarude|atk|1\n|-boost|p2a: Zarude|def|1\n|\n|-heal|p2a: Zarude|245\/306|[from] item: Leftovers\n|upkeep\n|turn|39\n|\n|t:|1666733670\n|move|p1a: Scizor|Roost||[still]\n|-fail|p1a: Scizor|heal\n|move|p2a: Zarude|Power Whip|p1a: Scizor\n|-supereffective|p1a: Scizor\n|-damage|p1a: Scizor|0 fnt\n|faint|p1a: Scizor\n|-ability|p2a: Zarude|Beast Boost|boost\n|-boost|p2a: Zarude|atk|1\n|\n|-heal|p2a: Zarude|264\/306|[from] item: Leftovers\n|upkeep\n|c|\u2606Pacific Walrus|maaaaan\n|\n|t:|1666733677\n|switch|p1a: Hatterene|Hatterene, L82, F|118\/228\n|-ability|p1a: Hatterene|Pressure\n|-start|p1a: Hatterene|typechange|Psychic|[silent]\n|-start|p1a: Hatterene|typechange|Psychic|[silent]\n|turn|40\n|\n|t:|1666733686\n|move|p2a: Zarude|Bulk Up|p2a: Zarude\n|-boost|p2a: Zarude|atk|1\n|-boost|p2a: Zarude|def|1\n|move|p1a: Hatterene|Psyshock|p2a: Zarude\n|-resisted|p2a: Zarude\n|-damage|p2a: Zarude|233\/306\n|-damage|p1a: Hatterene|96\/228|[from] item: Life Orb\n|\n|-heal|p2a: Zarude|252\/306|[from] item: Leftovers\n|-ability|p1a: Hatterene|Speed Boost|boost\n|-boost|p1a: Hatterene|spe|1\n|upkeep\n|turn|41\n|c|\u2606Pacific Walrus|how tf did you outspeed what the hell\n|c|\u2606Pacific Walrus|did i*\n|c|\u2606IIIodyne|idk\n|c|\u2606IIIodyne|prankster?\n|c|\u2606IIIodyne|triage?\n|c|\u2606Pacific Walrus|i have no moves that arent super effective\n|inactive|IIIodyne has 120 seconds left.\n|c|\u2606Pacific Walrus|PRANKSTER\n|c|\u2606Pacific Walrus|TORN HAD PRANKSTER\n|c|\u2606IIIodyne|lol\n|c|\u2606Pacific Walrus|FUCK\n|\n|t:|1666733734\n|move|p2a: Zarude|Bulk Up|p2a: Zarude\n|-boost|p2a: Zarude|atk|0\n|-boost|p2a: Zarude|def|1\n|move|p1a: Hatterene|Psyshock|p2a: Zarude\n|-resisted|p2a: Zarude\n|-crit|p2a: Zarude\n|-damage|p2a: Zarude|112\/306\n|-damage|p1a: Hatterene|74\/228|[from] item: Life Orb\n|\n|-heal|p2a: Zarude|131\/306|[from] item: Leftovers\n|-ability|p1a: Hatterene|Speed Boost|boost\n|-boost|p1a: Hatterene|spe|1\n|upkeep\n|turn|42\n|c|\u2606Pacific Walrus|gg\n|\n|t:|1666733740\n|move|p2a: Zarude|Jungle Healing|p2a: Zarude\n|-heal|p2a: Zarude|207\/306\n|move|p1a: Hatterene|Psyshock|p2a: Zarude\n|-resisted|p2a: Zarude\n|-damage|p2a: Zarude|180\/306\n|-damage|p1a: Hatterene|52\/228|[from] item: Life Orb\n|\n|-heal|p2a: Zarude|199\/306|[from] item: Leftovers\n|-fieldend|move: Psychic Terrain\n|-ability|p1a: Hatterene|Speed Boost|boost\n|-boost|p1a: Hatterene|spe|1\n|upkeep\n|turn|43\n|\n|t:|1666733746\n|move|p2a: Zarude|Bulk Up|p2a: Zarude\n|-boost|p2a: Zarude|atk|0\n|-boost|p2a: Zarude|def|1\n|move|p1a: Hatterene|Mystical Fire|p2a: Zarude\n|-resisted|p2a: Zarude\n|-damage|p2a: Zarude|111\/306\n|-damage|p1a: Hatterene|30\/228|[from] item: Life Orb\n|\n|-heal|p2a: Zarude|130\/306|[from] item: Leftovers\n|-ability|p1a: Hatterene|Speed Boost|boost\n|-boost|p1a: Hatterene|spe|1\n|upkeep\n|turn|44\n|\n|t:|1666733749\n|move|p2a: Zarude|Jungle Healing|p2a: Zarude\n|-heal|p2a: Zarude|206\/306\n|move|p1a: Hatterene|Psyshock|p2a: Zarude\n|-resisted|p2a: Zarude\n|-damage|p2a: Zarude|190\/306\n|-damage|p1a: Hatterene|8\/228|[from] item: Life Orb\n|\n|-heal|p2a: Zarude|209\/306|[from] item: Leftovers\n|-ability|p1a: Hatterene|Speed Boost|boost\n|-boost|p1a: Hatterene|spe|1\n|upkeep\n|turn|45\n|\n|t:|1666733751\n|move|p2a: Zarude|Jungle Healing|p2a: Zarude\n|-heal|p2a: Zarude|285\/306\n|move|p1a: Hatterene|Psyshock|p2a: Zarude\n|-resisted|p2a: Zarude\n|-damage|p2a: Zarude|266\/306\n|-damage|p1a: Hatterene|0 fnt|[from] item: Life Orb\n|faint|p1a: Hatterene\n|\n|win|IIIodyne\n|n|\u2606Pacific Walrus|pacificwalrus\n|n|\u2606IIIodyne|iiiodyne\n|c|\u2606Pacific Walrus|gg\n|c|\u2606IIIodyne|holy shit lol gg\n|l|\u2606Pacific Walrus\n","inputlog":">version cdc5fe0aa6fcc38eea459fd4e334db1536a68c32\n>start {\"formatid\":\"gen8randombattle@@@max team size =24,picked team size = 11,team preview,mayhem\",\"seed\":[56442,20134,31289,46440],\"rated\":\"Tournament battle\"}\n>player p1 {\"name\":\"Pacific Walrus\",\"avatar\":\"sightseerf\",\"rating\":0,\"seed\":[38644,52305,56066,49132]}\n>player p2 {\"name\":\"IIIodyne\",\"avatar\":\"170\",\"rating\":0,\"seed\":[3109,34084,45436,50638]}\n>chat \u2606IIIodyne|h\n>chat \u2606IIIodyne|f\n>chat \u2606Pacific Walrus|glhf\n>p1 team 5, 4, 1, 2, 3, 22, 21, 19, 17, 12, 18\n>p2 team 24, 17, 21, 14, 13, 8, 12, 22, 20, 23, 2\n>p1 move swordsdance\n>p2 move toxic\n>p1 switch 6\n>p1 move thunderpunch\n>p2 move fireblast\n>p1 move agility\n>p2 move toxic\n>p1 move thunderpunch\n>p2 move flashcannon\n>p1 move thunderpunch\n>p2 move dracometeor\n>chat \u2606IIIodyne|bruh what a crazy set you got lol\n>chat \u2606IIIodyne|did shedinja have wonder guard too?\n>p2 switch 7\n>chat \u2606Pacific Walrus|shared abilities lol\n>chat \u2606IIIodyne|oh shit lol\n>p1 move thunderpunch\n>p2 move sludgebomb\n>p1 switch 5\n>p1 move swordsdance\n>p2 move foulplay\n>p1 switch 11\n>p1 move rocktomb\n>p2 move sludgebomb\n>p2 switch 8\n>p1 switch 4\n>p2 move doubleedge\n>p1 move hurricane\n>p2 move closecombat\n>p1 switch 4\n>p1 move spectralthief\n>p2 move doubleedge\n>p1 switch 10\n>p1 move bulletpunch\n>p2 move doubleedge\n>p2 switch 6\n>p1 move uturn\n>p2 move moonblast\n>p1 switch 9\n>p1 move swordsdance\n>p2 move bodypress\n>p1 move bravebird\n>p2 move toxic\n>chat \u2606Pacific Walrus|oh thank god for static\n>chat \u2606IIIodyne|bruh this is stright up hax :\/\n>p1 move bravebird\n>p2 switch 2\n>p1 move bravebird\n>p2 switch 11\n>p1 move bravebird\n>p2 move uturn\n>p2 switch 9\n>p1 move bravebird\n>p2 switch 2\n>p2 switch 9\n>p1 move bravebird\n>p2 move uturn\n>p2 switch 10\n>p1 switch 2\n>p1 move swordsdance\n>p2 move headsmash\n>p1 move ironhead\n>p2 move outrage\n>p1 move knockoff\n>p2 move outrage\n>p1 switch 3\n>p1 move flamethrower\n>p2 move outrage\n>chat \u2606IIIodyne|bro wtf are your rolls lmao\n>chat \u2606IIIodyne|eternatus too?\n>p2 switch 2\n>p1 move dynamaxcannon\n>p2 switch 10\n>p2 switch 11\n>p1 move dynamaxcannon\n>p2 move heatwave\n>p1 move dynamaxcannon\n>p2 move heatwave\n>p2 switch 3\n>p1 move sludgewave\n>p2 move flamethrower\n>p1 switch 8\n>p1 move expandingforce\n>p2 move flamethrower\n>p2 switch 10\n>p1 move expandingforce\n>p2 move psychic\n>p2 switch 4\n>p1 move expandingforce\n>p2 move sacredsword\n>p2 switch 5\n>chat \u2606IIIodyne|gg\n>chat \u2606Pacific Walrus|you never know\n>p1 move hypervoice\n>p2 move powerwhip\n>p1 switch 7\n>chat \u2606IIIodyne|you have wonder guard\n>p1 move psyshock\n>p2 move junglehealing\n>p1 move mysticalfire\n>p2 move bulkup\n>p1 move psyshock\n>p2 move junglehealing\n>p1 move psyshock\n>p2 move bulkup\n>p1 move dazzlinggleam\n>p2 move junglehealing\n>p1 switch 9\n>p2 move bulkup\n>p1 move roost\n>p2 move powerwhip\n>chat \u2606Pacific Walrus|maaaaan\n>p1 switch 9\n>p1 move psyshock\n>p2 move bulkup\n>chat \u2606Pacific Walrus|how tf did you outspeed what the hell\n>chat \u2606Pacific Walrus|did i*\n>chat \u2606IIIodyne|idk\n>chat \u2606IIIodyne|prankster?\n>chat \u2606IIIodyne|triage?\n>chat \u2606Pacific Walrus|i have no moves that arent super effective\n>chat \u2606Pacific Walrus|PRANKSTER\n>chat \u2606Pacific Walrus|TORN HAD PRANKSTER\n>chat \u2606IIIodyne|lol\n>chat \u2606Pacific Walrus|FUCK\n>p1 move psyshock\n>p2 move bulkup\n>chat \u2606Pacific Walrus|gg\n>p1 move psyshock\n>p2 move junglehealing\n>p1 move mysticalfire\n>p2 move bulkup\n>p1 move psyshock\n>p2 move junglehealing\n>p1 move psyshock\n>p2 move junglehealing","uploadtime":1666733760,"views":2,"p1id":"pacificwalrus","p2id":"iiiodyne","formatid":"gen8randombattle","rating":0,"private":0,"password":null}