{"id":"gen8ou-1632881349","p1":"MAVERICK SHOOTERS","p2":"LT92PF EMPIR3","format":"gen8ou","log":"|raw|<div class=\"broadcast-blue\"><strong>This battle is required to be public due to a player having a name starting with 'lt92pf'.<\/div>\n|j|\u2606MAVERICK SHOOTERS\n|j|\u2606LT92PF EMPIR3\n|t:|1659712384\n|gametype|singles\n|player|p1|MAVERICK SHOOTERS|101|1605\n|player|p2|LT92PF EMPIR3|bruno|1647\n|teamsize|p1|6\n|teamsize|p2|6\n|gen|8\n|tier|[Gen 8] OU\n|rated|\n|rule|Sleep Clause Mod: Limit one foe put to sleep\n|rule|Species Clause: Limit one of each Pok\u00e9mon\n|rule|OHKO Clause: OHKO moves are banned\n|rule|Evasion Items Clause: Evasion items are banned\n|rule|Evasion Moves Clause: Evasion moves are banned\n|rule|Endless Battle Clause: Forcing endless battles is banned\n|rule|HP Percentage Mod: HP is shown in percentages\n|rule|Dynamax Clause: You cannot dynamax\n|clearpoke\n|poke|p1|Clefable, M|\n|poke|p1|Gengar, F|\n|poke|p1|Garchomp, M|\n|poke|p1|Mandibuzz, F|\n|poke|p1|Ferrothorn, M|\n|poke|p1|Slowking, F|\n|poke|p2|Tapu Fini|\n|poke|p2|Kartana|\n|poke|p2|Garchomp, F|\n|poke|p2|Tornadus-Therian, M|\n|poke|p2|Melmetal|\n|poke|p2|Dragonite, F|\n|teampreview\n|inactive|Battle timer is ON: inactive players will automatically lose when time's up. (requested by LT92PF EMPIR3)\n|j| Villainkoji\n|\n|t:|1659712399\n|start\n|switch|p1a: Garchomp|Garchomp, M|100\/100\n|switch|p2a: Tapu Fini|Tapu Fini|100\/100\n|-fieldstart|move: Misty Terrain|[from] ability: Misty Surge|[of] p2a: Tapu Fini\n|turn|1\n|\n|t:|1659712404\n|switch|p1a: Slowking|Slowking, F|100\/100\n|move|p2a: Tapu Fini|Nature's Madness|p1a: Slowking\n|-damage|p1a: Slowking|50\/100\n|\n|upkeep\n|turn|2\n|j| irgendwasmitmeeem\n|j| LT92PF ATTENTION\n|j|+Dag \u300c \u300dDan\n|\n|t:|1659712410\n|switch|p1a: Ferrothorn|Ferrothorn, M|100\/100\n|move|p2a: Tapu Fini|Whirlpool|p1a: Ferrothorn\n|-resisted|p1a: Ferrothorn\n|-damage|p1a: Ferrothorn|95\/100\n|-activate|p1a: Ferrothorn|move: Whirlpool|[of] p2a: Tapu Fini\n|\n|-damage|p1a: Ferrothorn|83\/100|[from] move: Whirlpool|[partiallytrapped]\n|upkeep\n|turn|3\n|\n|t:|1659712417\n|move|p2a: Tapu Fini|Nature's Madness|p1a: Ferrothorn\n|-damage|p1a: Ferrothorn|42\/100\n|move|p1a: Ferrothorn|Knock Off|p2a: Tapu Fini\n|-resisted|p2a: Tapu Fini\n|-damage|p2a: Tapu Fini|94\/100\n|-enditem|p2a: Tapu Fini|Leftovers|[from] move: Knock Off|[of] p1a: Ferrothorn\n|\n|-damage|p1a: Ferrothorn|30\/100|[from] move: Whirlpool|[partiallytrapped]\n|upkeep\n|turn|4\n|\n|t:|1659712420\n|move|p2a: Tapu Fini|Nature's Madness|p1a: Ferrothorn\n|-damage|p1a: Ferrothorn|15\/100\n|move|p1a: Ferrothorn|Leech Seed|p2a: Tapu Fini\n|-start|p2a: Tapu Fini|move: Leech Seed\n|\n|-damage|p2a: Tapu Fini|82\/100|[from] Leech Seed|[of] p1a: Ferrothorn\n|-heal|p1a: Ferrothorn|27\/100|[silent]\n|-damage|p1a: Ferrothorn|15\/100|[from] move: Whirlpool|[partiallytrapped]\n|upkeep\n|turn|5\n|\n|t:|1659712424\n|switch|p2a: Garchomp|Garchomp, F|100\/100\n|move|p1a: Ferrothorn|Stealth Rock|p2a: Garchomp\n|-sidestart|p2: LT92PF EMPIR3|move: Stealth Rock\n|\n|-end|p1a: Ferrothorn|Whirlpool|[partiallytrapped]|[silent]\n|-fieldend|Misty Terrain\n|upkeep\n|turn|6\n|\n|t:|1659712433\n|switch|p1a: Clefable|Clefable, M|100\/100\n|move|p2a: Garchomp|Earthquake|p1a: Clefable\n|-damage|p1a: Clefable|56\/100\n|\n|-heal|p1a: Clefable|62\/100|[from] item: Leftovers\n|upkeep\n|turn|7\n|j| Fakee\n|\n|t:|1659712442\n|move|p2a: Garchomp|Stealth Rock|p1a: Clefable\n|-sidestart|p1: MAVERICK SHOOTERS|move: Stealth Rock\n|move|p1a: Clefable|Wish|p1a: Clefable\n|\n|-heal|p1a: Clefable|69\/100|[from] item: Leftovers\n|upkeep\n|turn|8\n|j| dia de furia\n|\n|t:|1659712446\n|switch|p2a: Melmetal|Melmetal|100\/100\n|-damage|p2a: Melmetal|94\/100|[from] Stealth Rock\n|move|p1a: Clefable|Moonblast|p2a: Melmetal\n|-resisted|p2a: Melmetal\n|-damage|p2a: Melmetal|87\/100\n|\n|-heal|p1a: Clefable|100\/100|[from] move: Wish|[wisher] Clefable\n|upkeep\n|turn|9\n|j| Chesswifi\n|l| Fakee\n|\n|t:|1659712450\n|move|p1a: Clefable|Protect|p1a: Clefable\n|-singleturn|p1a: Clefable|Protect\n|move|p2a: Melmetal|Earthquake|p1a: Clefable\n|-activate|p1a: Clefable|move: Protect\n|\n|upkeep\n|turn|10\n|l| dia de furia\n|\n|t:|1659712473\n|switch|p1a: Slowking|Slowking, F|84\/100\n|move|p2a: Melmetal|Double Iron Bash|p1a: Slowking\n|-resisted|p1a: Slowking\n|-damage|p1a: Slowking|65\/100\n|-resisted|p1a: Slowking\n|-damage|p1a: Slowking|46\/100\n|-hitcount|p1a: Slowking|2\n|\n|upkeep\n|turn|11\n|l| Villainkoji\n|j| Black Catharsis\n|\n|t:|1659712480\n|move|p2a: Melmetal|Thunder Punch|p1a: Slowking\n|-supereffective|p1a: Slowking\n|-damage|p1a: Slowking|0 fnt\n|faint|p1a: Slowking\n|\n|upkeep\n|\n|t:|1659712486\n|switch|p1a: Mandibuzz|Mandibuzz, F|100\/100\n|turn|12\n|\n|t:|1659712512\n|move|p1a: Mandibuzz|Foul Play|p2a: Melmetal\n|-damage|p2a: Melmetal|56\/100\n|move|p2a: Melmetal|Double Iron Bash|p1a: Mandibuzz\n|-damage|p1a: Mandibuzz|78\/100\n|-damage|p1a: Mandibuzz|56\/100\n|-hitcount|p1a: Mandibuzz|2\n|\n|upkeep\n|turn|13\n|\n|t:|1659712519\n|switch|p2a: Tornadus|Tornadus-Therian, M|100\/100\n|move|p1a: Mandibuzz|Roost|p1a: Mandibuzz\n|-heal|p1a: Mandibuzz|100\/100\n|-singleturn|p1a: Mandibuzz|move: Roost\n|\n|upkeep\n|turn|14\n|\n|t:|1659712522\n|switch|p1a: Clefable|Clefable, M|100\/100\n|move|p2a: Tornadus|Knock Off|p1a: Clefable\n|-resisted|p1a: Clefable\n|-damage|p1a: Clefable|91\/100\n|-enditem|p1a: Clefable|Leftovers|[from] move: Knock Off|[of] p2a: Tornadus\n|\n|upkeep\n|turn|15\n|\n|t:|1659712526\n|move|p2a: Tornadus|Hurricane|p1a: Clefable\n|-damage|p1a: Clefable|58\/100\n|move|p1a: Clefable|Moonblast|p2a: Tornadus\n|-damage|p2a: Tornadus|69\/100\n|\n|upkeep\n|turn|16\n|\n|t:|1659712528\n|move|p2a: Tornadus|Taunt|p1a: Clefable\n|-start|p1a: Clefable|move: Taunt\n|cant|p1a: Clefable|move: Taunt|Wish\n|\n|upkeep\n|turn|17\n|\n|t:|1659712531\n|move|p2a: Tornadus|Hurricane|p1a: Clefable\n|-damage|p1a: Clefable|27\/100\n|move|p1a: Clefable|Moonblast|p2a: Tornadus\n|-damage|p2a: Tornadus|39\/100\n|\n|upkeep\n|turn|18\n|\n|t:|1659712534\n|move|p2a: Tornadus|Hurricane|p1a: Clefable|[miss]\n|-miss|p2a: Tornadus|p1a: Clefable\n|move|p1a: Clefable|Moonblast|p2a: Tornadus\n|-damage|p2a: Tornadus|10\/100\n|-unboost|p2a: Tornadus|spa|1\n|\n|-end|p1a: Clefable|move: Taunt\n|upkeep\n|turn|19\n|\n|t:|1659712538\n|switch|p2a: Melmetal|Melmetal|56\/100\n|-damage|p2a: Melmetal|50\/100|[from] Stealth Rock\n|move|p1a: Clefable|Protect||[still]\n|-fail|p1a: Clefable\n|\n|upkeep\n|turn|20\n|\n|t:|1659712540\n|move|p1a: Clefable|Protect|p1a: Clefable\n|-singleturn|p1a: Clefable|Protect\n|move|p2a: Melmetal|Earthquake|p1a: Clefable\n|-activate|p1a: Clefable|move: Protect\n|\n|upkeep\n|turn|21\n|j| LT92PF Lou\n|\n|t:|1659712545\n|switch|p1a: Mandibuzz|Mandibuzz, F|100\/100\n|move|p2a: Melmetal|Ice Punch|p1a: Mandibuzz\n|-supereffective|p1a: Mandibuzz\n|-damage|p1a: Mandibuzz|59\/100\n|-status|p1a: Mandibuzz|frz\n|\n|upkeep\n|turn|22\n|l| LT92PF Lou\n|\n|t:|1659712551\n|-curestatus|p1a: Mandibuzz|frz|[msg]\n|move|p1a: Mandibuzz|Roost|p1a: Mandibuzz\n|-heal|p1a: Mandibuzz|100\/100\n|-singleturn|p1a: Mandibuzz|move: Roost\n|move|p2a: Melmetal|Double Iron Bash|p1a: Mandibuzz\n|-damage|p1a: Mandibuzz|79\/100\n|-damage|p1a: Mandibuzz|55\/100\n|-hitcount|p1a: Mandibuzz|2\n|\n|upkeep\n|turn|23\n|\n|t:|1659712571\n|move|p1a: Mandibuzz|Foul Play|p2a: Melmetal\n|-damage|p2a: Melmetal|23\/100\n|move|p2a: Melmetal|Double Iron Bash|p1a: Mandibuzz\n|-damage|p1a: Mandibuzz|32\/100\n|-damage|p1a: Mandibuzz|8\/100\n|-hitcount|p1a: Mandibuzz|2\n|\n|upkeep\n|turn|24\n|\n|t:|1659712576\n|move|p1a: Mandibuzz|Roost|p1a: Mandibuzz\n|-heal|p1a: Mandibuzz|58\/100\n|-singleturn|p1a: Mandibuzz|move: Roost\n|move|p2a: Melmetal|Double Iron Bash|p1a: Mandibuzz\n|-damage|p1a: Mandibuzz|34\/100\n|-damage|p1a: Mandibuzz|10\/100\n|-hitcount|p1a: Mandibuzz|2\n|\n|upkeep\n|turn|25\n|\n|t:|1659712581\n|switch|p2a: Tornadus|Tornadus-Therian, M|43\/100\n|move|p1a: Mandibuzz|Roost|p1a: Mandibuzz\n|-heal|p1a: Mandibuzz|60\/100\n|-singleturn|p1a: Mandibuzz|move: Roost\n|\n|upkeep\n|turn|26\n|\n|t:|1659712588\n|switch|p2a: Tapu Fini|Tapu Fini|82\/100\n|-damage|p2a: Tapu Fini|70\/100|[from] Stealth Rock\n|-fieldstart|move: Misty Terrain|[from] ability: Misty Surge|[of] p2a: Tapu Fini\n|move|p1a: Mandibuzz|Foul Play|p2a: Tapu Fini\n|-resisted|p2a: Tapu Fini\n|-damage|p2a: Tapu Fini|62\/100\n|\n|upkeep\n|turn|27\n|\n|t:|1659712598\n|switch|p1a: Clefable|Clefable, M|27\/100\n|move|p2a: Tapu Fini|Whirlpool|p1a: Clefable\n|-damage|p1a: Clefable|18\/100\n|-activate|p1a: Clefable|move: Whirlpool|[of] p2a: Tapu Fini\n|\n|upkeep\n|turn|28\n|\n|t:|1659712606\n|move|p2a: Tapu Fini|Taunt|p1a: Clefable\n|-start|p1a: Clefable|move: Taunt\n|cant|p1a: Clefable|move: Taunt|Wish\n|\n|upkeep\n|turn|29\n|\n|t:|1659712608\n|move|p2a: Tapu Fini|Whirlpool|p1a: Clefable|[miss]\n|-miss|p2a: Tapu Fini|p1a: Clefable\n|move|p1a: Clefable|Moonblast|p2a: Tapu Fini\n|-crit|p2a: Tapu Fini\n|-damage|p2a: Tapu Fini|24\/100\n|\n|upkeep\n|turn|30\n|\n|t:|1659712615\n|move|p2a: Tapu Fini|Whirlpool|p1a: Clefable\n|-damage|p1a: Clefable|9\/100\n|move|p1a: Clefable|Moonblast|p2a: Tapu Fini\n|-damage|p2a: Tapu Fini|0 fnt\n|faint|p2a: Tapu Fini\n|\n|-end|p1a: Clefable|Whirlpool|[partiallytrapped]|[silent]\n|-end|p1a: Clefable|move: Taunt\n|-fieldend|Misty Terrain\n|upkeep\n|\n|t:|1659712632\n|switch|p2a: Kartana|Kartana|100\/100\n|-damage|p2a: Kartana|94\/100|[from] Stealth Rock\n|turn|31\n|\n|t:|1659712636\n|move|p2a: Kartana|Knock Off|p1a: Clefable\n|-resisted|p1a: Clefable\n|-damage|p1a: Clefable|0 fnt\n|faint|p1a: Clefable\n|-ability|p2a: Kartana|Beast Boost|boost\n|-boost|p2a: Kartana|atk|1\n|\n|upkeep\n|\n|t:|1659712640\n|switch|p1a: Mandibuzz|Mandibuzz, F|60\/100\n|turn|32\n|\n|t:|1659712642\n|switch|p2a: Tornadus|Tornadus-Therian, M|77\/100\n|move|p1a: Mandibuzz|Roost|p1a: Mandibuzz\n|-heal|p1a: Mandibuzz|100\/100\n|-singleturn|p1a: Mandibuzz|move: Roost\n|\n|upkeep\n|turn|33\n|\n|t:|1659712645\n|move|p2a: Tornadus|Knock Off|p1a: Mandibuzz\n|-resisted|p1a: Mandibuzz\n|-damage|p1a: Mandibuzz|94\/100\n|-enditem|p1a: Mandibuzz|Heavy-Duty Boots|[from] move: Knock Off|[of] p2a: Tornadus\n|move|p1a: Mandibuzz|Foul Play|p2a: Tornadus\n|-damage|p2a: Tornadus|43\/100\n|\n|upkeep\n|turn|34\n|\n|t:|1659712649\n|switch|p2a: Dragonite|Dragonite, F|100\/100\n|move|p1a: Mandibuzz|Defog|p2a: Dragonite\n|-unboost|p2a: Dragonite|evasion|1\n|-sideend|p2: LT92PF EMPIR3|Stealth Rock|[from] move: Defog|[of] p1a: Mandibuzz\n|-sideend|p1: MAVERICK SHOOTERS|Stealth Rock|[from] move: Defog|[of] p1a: Mandibuzz\n|\n|upkeep\n|turn|35\n|\n|t:|1659712651\n|move|p1a: Mandibuzz|U-turn|p2a: Dragonite\n|-resisted|p2a: Dragonite\n|-damage|p2a: Dragonite|98\/100\n|\n|t:|1659712657\n|switch|p1a: Ferrothorn|Ferrothorn, M|15\/100|[from]move: U-turn\n|move|p2a: Dragonite|Ice Beam|p1a: Ferrothorn\n|-damage|p1a: Ferrothorn|0 fnt\n|faint|p1a: Ferrothorn\n|\n|upkeep\n|\n|t:|1659712666\n|switch|p1a: Garchomp|Garchomp, M|100\/100\n|turn|36\n|\n|t:|1659712672\n|move|p1a: Garchomp|Scale Shot|p2a: Dragonite\n|-supereffective|p2a: Dragonite\n|-damage|p2a: Dragonite|67\/100\n|-supereffective|p2a: Dragonite\n|-damage|p2a: Dragonite|40\/100\n|-supereffective|p2a: Dragonite\n|-damage|p2a: Dragonite|9\/100\n|-hitcount|p2a: Dragonite|3\n|-unboost|p1a: Garchomp|def|1\n|-boost|p1a: Garchomp|spe|1\n|-damage|p1a: Garchomp|91\/100|[from] item: Life Orb\n|move|p2a: Dragonite|Ice Beam|p1a: Garchomp\n|-supereffective|p1a: Garchomp\n|-damage|p1a: Garchomp|3\/100\n|\n|upkeep\n|turn|37\n|\n|t:|1659712685\n|switch|p2a: Melmetal|Melmetal|23\/100\n|move|p1a: Garchomp|Earthquake|p2a: Melmetal\n|-supereffective|p2a: Melmetal\n|-damage|p2a: Melmetal|0 fnt\n|faint|p2a: Melmetal\n|-damage|p1a: Garchomp|0 fnt|[from] item: Life Orb\n|faint|p1a: Garchomp\n|\n|upkeep\n|\n|t:|1659712697\n|switch|p1a: Gengar|Gengar, F|100\/100\n|switch|p2a: Tornadus|Tornadus-Therian, M|76\/100\n|turn|38\n|\n|t:|1659712703\n|move|p2a: Tornadus|Knock Off|p1a: Gengar\n|-supereffective|p1a: Gengar\n|-damage|p1a: Gengar|18\/100\n|-enditem|p1a: Gengar|Life Orb|[from] move: Knock Off|[of] p2a: Tornadus\n|move|p1a: Gengar|Thunderbolt|p2a: Tornadus\n|-supereffective|p2a: Tornadus\n|-damage|p2a: Tornadus|17\/100\n|\n|upkeep\n|turn|39\n|\n|t:|1659712709\n|switch|p1a: Mandibuzz|Mandibuzz, F|94\/100\n|move|p2a: Tornadus|Knock Off|p1a: Mandibuzz\n|-resisted|p1a: Mandibuzz\n|-damage|p1a: Mandibuzz|90\/100\n|\n|upkeep\n|turn|40\n|\n|t:|1659712720\n|switch|p2a: Dragonite|Dragonite, F|9\/100\n|move|p1a: Mandibuzz|Foul Play|p2a: Dragonite\n|-damage|p2a: Dragonite|0 fnt\n|faint|p2a: Dragonite\n|\n|upkeep\n|\n|t:|1659712722\n|switch|p2a: Tornadus|Tornadus-Therian, M|50\/100\n|turn|41\n|\n|t:|1659712725\n|move|p2a: Tornadus|Hurricane|p1a: Mandibuzz\n|-damage|p1a: Mandibuzz|58\/100\n|-start|p1a: Mandibuzz|confusion\n|-activate|p1a: Mandibuzz|confusion\n|-damage|p1a: Mandibuzz|54\/100|[from] confusion\n|\n|upkeep\n|turn|42\n|\n|t:|1659712730\n|move|p2a: Tornadus|Taunt|p1a: Mandibuzz\n|-start|p1a: Mandibuzz|move: Taunt\n|cant|p1a: Mandibuzz|move: Taunt|Roost\n|\n|upkeep\n|turn|43\n|\n|t:|1659712733\n|switch|p1a: Gengar|Gengar, F|18\/100\n|move|p2a: Tornadus|Hurricane|p1a: Gengar|[miss]\n|-miss|p2a: Tornadus|p1a: Gengar\n|\n|upkeep\n|turn|44\n|\n|t:|1659712738\n|move|p2a: Tornadus|Knock Off|p1a: Gengar\n|-supereffective|p1a: Gengar\n|-damage|p1a: Gengar|0 fnt\n|faint|p1a: Gengar\n|\n|upkeep\n|\n|t:|1659712740\n|switch|p1a: Mandibuzz|Mandibuzz, F|54\/100\n|turn|45\n|\n|t:|1659712742\n|move|p2a: Tornadus|Taunt|p1a: Mandibuzz\n|-start|p1a: Mandibuzz|move: Taunt\n|move|p1a: Mandibuzz|Foul Play|p2a: Tornadus\n|-damage|p2a: Tornadus|20\/100\n|\n|upkeep\n|turn|46\n|\n|t:|1659712751\n|switch|p2a: Garchomp|Garchomp, F|100\/100\n|move|p1a: Mandibuzz|Foul Play|p2a: Garchomp\n|-damage|p2a: Garchomp|53\/100\n|-damage|p1a: Mandibuzz|42\/100|[from] ability: Rough Skin|[of] p2a: Garchomp\n|\n|-heal|p2a: Garchomp|59\/100|[from] item: Leftovers\n|upkeep\n|turn|47\n|\n|t:|1659712754\n|move|p2a: Garchomp|Scale Shot|p1a: Mandibuzz\n|-crit|p1a: Mandibuzz\n|-damage|p1a: Mandibuzz|30\/100\n|-damage|p1a: Mandibuzz|22\/100\n|-damage|p1a: Mandibuzz|15\/100\n|-hitcount|p1a: Mandibuzz|3\n|-unboost|p2a: Garchomp|def|1\n|-boost|p2a: Garchomp|spe|1\n|move|p1a: Mandibuzz|Foul Play|p2a: Garchomp\n|-damage|p2a: Garchomp|0 fnt\n|-damage|p1a: Mandibuzz|2\/100|[from] ability: Rough Skin|[of] p2a: Garchomp\n|faint|p2a: Garchomp\n|\n|-end|p1a: Mandibuzz|move: Taunt\n|upkeep\n|\n|t:|1659712756\n|switch|p2a: Kartana|Kartana|94\/100\n|turn|48\n|\n|t:|1659712760\n|move|p2a: Kartana|Smart Strike|p1a: Mandibuzz\n|-damage|p1a: Mandibuzz|0 fnt\n|faint|p1a: Mandibuzz\n|\n|win|LT92PF EMPIR3\n|raw|MAVERICK SHOOTERS's rating: 1605 &rarr; <strong>1587<\/strong><br \/>(-18 for losing)\n|raw|LT92PF EMPIR3's rating: 1647 &rarr; <strong>1665<\/strong><br \/>(+18 for winning)\n|l|\u2606MAVERICK SHOOTERS\n|l| Chesswifi\n||Ladder isn't responding, score probably updated but might not have (Request timeout).\n","uploadtime":1659712879,"views":59,"p1id":"maverickshooters","p2id":"lt92pfempir3","formatid":"gen8ou","rating":1587,"private":0,"password":null}