{"id":"gen8nationaldex-1706490930","p1":"Ferrothornail\u8349\u94a2\u7532","p2":"iopkj09","format":"gen8nationaldex","log":"|j|\u2606Ferrothornail\u8349\u94a2\u7532\n|j|\u2606iopkj09\n|t:|1667997577\n|gametype|singles\n|player|p1|Ferrothornail\u8349\u94a2\u7532|lillie|1817\n|player|p2|iopkj09|nate|1701\n|teamsize|p1|6\n|teamsize|p2|6\n|gen|8\n|tier|[Gen 8] National Dex\n|rated|\n|rule|HP Percentage Mod: HP is shown in percentages\n|rule|Endless Battle Clause: Forcing endless battles is banned\n|rule|OHKO Clause: OHKO moves are banned\n|rule|Evasion Moves Clause: Evasion moves are banned\n|rule|Species Clause: Limit one of each Pok\u00e9mon\n|rule|Dynamax Clause: You cannot dynamax\n|rule|Sleep Clause Mod: Limit one foe put to sleep\n|clearpoke\n|poke|p1|Pelipper, F|\n|poke|p1|Kingdra, F|\n|poke|p1|Ferrothorn, M|\n|poke|p1|Swampert, F|\n|poke|p1|Tapu Koko|\n|poke|p1|Gyarados, F|\n|poke|p2|Kyurem|\n|poke|p2|Zapdos|\n|poke|p2|Mawile, F|\n|poke|p2|Garchomp, M|\n|poke|p2|Tapu Lele|\n|poke|p2|Melmetal|\n|teampreview\n|inactive|Battle timer is ON: inactive players will automatically lose when time's up. (requested by iopkj09)\n|inactive|iopkj09 has 120 seconds left.\n|\n|t:|1667997621\n|start\n|switch|p1a: Pelipper|Pelipper, F|100\/100\n|switch|p2a: Kyurem|Kyurem, shiny|100\/100\n|-ability|p2a: Kyurem|Pressure\n|-weather|RainDance|[from] ability: Drizzle|[of] p1a: Pelipper\n|turn|1\n|\n|t:|1667997625\n|switch|p1a: Ferrothorn|Ferrothorn, M|100\/100\n|move|p2a: Kyurem|Freeze-Dry|p1a: Ferrothorn\n|-crit|p1a: Ferrothorn\n|-damage|p1a: Ferrothorn|67\/100\n|\n|-weather|RainDance|[upkeep]\n|upkeep\n|turn|2\n|\n|t:|1667997630\n|move|p2a: Kyurem|Hidden Power|p1a: Ferrothorn\n|-supereffective|p1a: Ferrothorn\n|-damage|p1a: Ferrothorn|38\/100\n|move|p1a: Ferrothorn|Leech Seed|p2a: Kyurem\n|-start|p2a: Kyurem|move: Leech Seed\n|\n|-weather|RainDance|[upkeep]\n|-damage|p2a: Kyurem|88\/100|[from] Leech Seed|[of] p1a: Ferrothorn\n|-heal|p1a: Ferrothorn|54\/100|[silent]\n|upkeep\n|turn|3\n|\n|t:|1667997635\n|switch|p2a: Mawile|Mawile, F|100\/100\n|-ability|p2a: Mawile|Intimidate|boost\n|-unboost|p1a: Ferrothorn|atk|1\n|move|p1a: Ferrothorn|Spikes|p2a: Mawile\n|-sidestart|p2: iopkj09|Spikes\n|\n|-weather|RainDance|[upkeep]\n|upkeep\n|turn|4\n|\n|t:|1667997643\n|switch|p1a: Gyarados|Gyarados, F|100\/100\n|-ability|p1a: Gyarados|Intimidate|boost\n|-unboost|p2a: Mawile|atk|1\n|detailschange|p2a: Mawile|Mawile-Mega, F\n|-mega|p2a: Mawile|Mawile|Mawilite\n|move|p2a: Mawile|Swords Dance|p2a: Mawile\n|-boost|p2a: Mawile|atk|2\n|\n|-weather|RainDance|[upkeep]\n|upkeep\n|turn|5\n|\n|t:|1667997651\n|move|p2a: Mawile|Sucker Punch|p1a: Gyarados\n|-damage|p1a: Gyarados|20\/100\n|move|p1a: Gyarados|Waterfall|p2a: Mawile\n|-damage|p2a: Mawile|42\/100\n|\n|-weather|RainDance|[upkeep]\n|upkeep\n|turn|6\n|\n|t:|1667997655\n|move|p1a: Gyarados|Dragon Dance|p1a: Gyarados\n|-boost|p1a: Gyarados|atk|1\n|-boost|p1a: Gyarados|spe|1\n|move|p2a: Mawile|Knock Off|p1a: Gyarados\n|-damage|p1a: Gyarados|0 fnt\n|faint|p1a: Gyarados\n|\n|-weather|RainDance|[upkeep]\n|upkeep\n|\n|t:|1667997658\n|switch|p1a: Tapu Koko|Tapu Koko|100\/100\n|-fieldstart|move: Electric Terrain|[from] ability: Electric Surge|[of] p1a: Tapu Koko\n|turn|7\n|\n|t:|1667997664\n|move|p2a: Mawile|Sucker Punch|p1a: Tapu Koko\n|-resisted|p1a: Tapu Koko\n|-damage|p1a: Tapu Koko|55\/100\n|move|p1a: Tapu Koko|Volt Switch|p2a: Mawile\n|-damage|p2a: Mawile|0 fnt\n|faint|p2a: Mawile\n|\n|t:|1667997670\n|switch|p1a: Swampert|Swampert, F|100\/100|[from]move: Volt Switch\n|\n|-weather|RainDance|[upkeep]\n|upkeep\n|\n|t:|1667997681\n|switch|p2a: Kyurem|Kyurem, shiny|88\/100\n|-damage|p2a: Kyurem|76\/100|[from] Spikes\n|-ability|p2a: Kyurem|Pressure\n|turn|8\n|\n|t:|1667997687\n|detailschange|p1a: Swampert|Swampert-Mega, F\n|-mega|p1a: Swampert|Swampert|Swampertite\n|move|p1a: Swampert|Earthquake|p2a: Kyurem\n|-damage|p2a: Kyurem|29\/100\n|move|p2a: Kyurem|Freeze-Dry|p1a: Swampert\n|-supereffective|p1a: Swampert\n|-damage|p1a: Swampert|0 fnt\n|faint|p1a: Swampert\n|\n|-weather|none\n|upkeep\n|\n|t:|1667997692\n|switch|p1a: Ferrothorn|Ferrothorn, M|54\/100\n|turn|9\n|\n|t:|1667997696\n|move|p2a: Kyurem|Hidden Power|p1a: Ferrothorn\n|-supereffective|p1a: Ferrothorn\n|-damage|p1a: Ferrothorn|0 fnt\n|faint|p1a: Ferrothorn\n|\n|upkeep\n|\n|t:|1667997699\n|switch|p1a: Pelipper|Pelipper, F|100\/100\n|-weather|RainDance|[from] ability: Drizzle|[of] p1a: Pelipper\n|turn|10\n|\n|t:|1667997703\n|switch|p1a: Tapu Koko|Tapu Koko|55\/100\n|move|p2a: Kyurem|Freeze-Dry|p1a: Tapu Koko\n|-damage|p1a: Tapu Koko|0 fnt\n|faint|p1a: Tapu Koko\n|\n|-weather|RainDance|[upkeep]\n|upkeep\n|\n|t:|1667997704\n|switch|p1a: Kingdra|Kingdra, F|100\/100\n|turn|11\n|\n|t:|1667997708\n|move|p1a: Kingdra|Hydro Pump|p2a: Kyurem\n|-resisted|p2a: Kyurem\n|-damage|p2a: Kyurem|0 fnt\n|faint|p2a: Kyurem\n|\n|-weather|RainDance|[upkeep]\n|-fieldend|move: Electric Terrain\n|upkeep\n|\n|t:|1667997722\n|switch|p2a: Melmetal|Melmetal, shiny|100\/100\n|-damage|p2a: Melmetal|88\/100|[from] Spikes\n|turn|12\n|\n|t:|1667997728\n|move|p1a: Kingdra|Hydro Pump|p2a: Melmetal\n|-damage|p2a: Melmetal|21\/100\n|move|p2a: Melmetal|Thunder Punch|p1a: Kingdra\n|-damage|p1a: Kingdra|60\/100\n|\n|-weather|RainDance|[upkeep]\n|upkeep\n|turn|13\n|\n|t:|1667997730\n|move|p1a: Kingdra|Hydro Pump|p2a: Melmetal\n|-damage|p2a: Melmetal|0 fnt\n|faint|p2a: Melmetal\n|\n|-weather|RainDance|[upkeep]\n|upkeep\n|\n|t:|1667997732\n|switch|p2a: Garchomp|Garchomp, M, shiny|100\/100\n|-damage|p2a: Garchomp|88\/100|[from] Spikes\n|turn|14\n|\n|t:|1667997739\n|move|p1a: Kingdra|Hydro Pump|p2a: Garchomp\n|-damage|p2a: Garchomp|0 fnt\n|faint|p2a: Garchomp\n|\n|-weather|RainDance|[upkeep]\n|upkeep\n|\n|t:|1667997742\n|switch|p2a: Zapdos|Zapdos, shiny|100\/100\n|turn|15\n|\n|t:|1667997745\n|move|p1a: Kingdra|Hydro Pump|p2a: Zapdos\n|-damage|p2a: Zapdos|0 fnt\n|faint|p2a: Zapdos\n|\n|-weather|RainDance|[upkeep]\n|upkeep\n|\n|t:|1667997748\n|switch|p2a: Tapu Lele|Tapu Lele|100\/100\n|-damage|p2a: Tapu Lele|88\/100|[from] Spikes\n|-fieldstart|move: Psychic Terrain|[from] ability: Psychic Surge|[of] p2a: Tapu Lele\n|turn|16\n|\n|t:|1667997751\n|switch|p1a: Pelipper|Pelipper, F|100\/100\n|move|p2a: Tapu Lele|Psychic|p1a: Pelipper\n|-damage|p1a: Pelipper|0 fnt\n|faint|p1a: Pelipper\n|\n|-weather|RainDance|[upkeep]\n|upkeep\n|\n|t:|1667997753\n|switch|p1a: Kingdra|Kingdra, F|60\/100\n|turn|17\n|\n|t:|1667997754\n|move|p1a: Kingdra|Surf|p2a: Tapu Lele\n|-damage|p2a: Tapu Lele|0 fnt\n|faint|p2a: Tapu Lele\n|\n|win|Ferrothornail\u8349\u94a2\u7532\n|raw|Ferrothornail\u8349\u94a2\u7532's rating: 1817 &rarr; <strong>1831<\/strong><br \/>(+14 for winning)\n|raw|iopkj09's rating: 1701 &rarr; <strong>1687<\/strong><br \/>(-14 for losing)\n|j| akarihikari\n|l|\u2606iopkj09\n|l|\u2606Ferrothornail\u8349\u94a2\u7532\n|l| akarihikari\n|j|\u2606Ferrothornail\u8349\u94a2\u7532\n|player|p1|Ferrothornail\u8349\u94a2\u7532|lillie\n|j|+taoke\n||Ladder isn't responding, score probably updated but might not have (Request timeout).\n","uploadtime":1667997790,"views":9,"p1id":"ferrothornail","p2id":"iopkj09","formatid":"gen8nationaldex","rating":1687,"private":0,"password":null}