{"id":"gen8ubers-1581482970","p1":"ULT9NS 369","p2":"rooopos","format":"gen8ubers","log":"|raw|<div class=\"broadcast-blue\"><strong>This battle is required to be public due to a player having a name starting with 'ult9ns'.<\/div>\n|j|\u2606ULT9NS 369\n|j|\u2606rooopos\n|t:|1653364237\n|gametype|singles\n|player|p1|ULT9NS 369|dawn|1599\n|player|p2|rooopos|169|1487\n|teamsize|p1|6\n|teamsize|p2|6\n|gen|8\n|tier|[Gen 8] Ubers\n|rated|\n|rule|Sleep Clause Mod: Limit one foe put to sleep\n|rule|Species Clause: Limit one of each Pok\u00e9mon\n|rule|OHKO Clause: OHKO moves are banned\n|rule|Evasion Moves Clause: Evasion moves are banned\n|rule|Endless Battle Clause: Forcing endless battles is banned\n|rule|HP Percentage Mod: HP is shown in percentages\n|rule|Dynamax Clause: You cannot dynamax\n|clearpoke\n|poke|p1|Toxapex, F|\n|poke|p1|Ho-Oh|\n|poke|p1|Tyranitar, M|\n|poke|p1|Blissey, F|\n|poke|p1|Ferrothorn, M|\n|poke|p1|Lunala|\n|poke|p2|Kyogre|\n|poke|p2|Marshadow|\n|poke|p2|Yveltal|\n|poke|p2|Eternatus|\n|poke|p2|Rayquaza|\n|poke|p2|Necrozma-Dusk-Mane|\n|teampreview\n|c|\u2606rooopos|some tour happening?\n|c|\u2606ULT9NS 369|yes\n|c|\u2606rooopos|which\n|c|\u2606ULT9NS 369|ult\n|c|\u2606rooopos|ic hf\n|c|\u2606ULT9NS 369|hf\n|\n|t:|1653364295\n|start\n|switch|p1a: Tyranitar|Tyranitar, M|100\/100\n|switch|p2a: Kyogre|Kyogre|100\/100\n|-weather|RainDance|[from] ability: Drizzle|[of] p2a: Kyogre\n|-weather|Sandstorm|[from] ability: Sand Stream|[of] p1a: Tyranitar\n|turn|1\n|\n|t:|1653364303\n|switch|p2a: Necrozma|Necrozma-Dusk-Mane|100\/100\n|switch|p1a: Toxapex|Toxapex, F|100\/100\n|-item|p1a: Toxapex|Air Balloon\n|\n|-weather|Sandstorm|[upkeep]\n|-damage|p1a: Toxapex|94\/100|[from] Sandstorm\n|upkeep\n|turn|2\n|\n|t:|1653364312\n|move|p2a: Necrozma|Knock Off|p1a: Toxapex\n|-damage|p1a: Toxapex|75\/100\n|-enditem|p1a: Toxapex|Air Balloon\n|move|p1a: Toxapex|Knock Off|p2a: Necrozma\n|-supereffective|p2a: Necrozma\n|-crit|p2a: Necrozma\n|-enditem|p2a: Necrozma|Colbur Berry|[eat]\n|-enditem|p2a: Necrozma|Colbur Berry|[weaken]\n|-damage|p2a: Necrozma|89\/100\n|\n|-weather|Sandstorm|[upkeep]\n|-damage|p1a: Toxapex|69\/100|[from] Sandstorm\n|upkeep\n|turn|3\n|\n|t:|1653364319\n|switch|p2a: Eternatus|Eternatus|100\/100\n|-ability|p2a: Eternatus|Pressure\n|move|p1a: Toxapex|Scald|p2a: Eternatus\n|-resisted|p2a: Eternatus\n|-damage|p2a: Eternatus|95\/100\n|\n|-weather|Sandstorm|[upkeep]\n|-damage|p2a: Eternatus|89\/100|[from] Sandstorm\n|-damage|p1a: Toxapex|62\/100|[from] Sandstorm\n|upkeep\n|turn|4\n|\n|t:|1653364333\n|switch|p1a: Blissey|Blissey, F|100\/100\n|move|p2a: Eternatus|Draco Meteor|p1a: Blissey\n|-damage|p1a: Blissey|80\/100\n|-unboost|p2a: Eternatus|spa|2\n|\n|-weather|Sandstorm|[upkeep]\n|-damage|p2a: Eternatus|82\/100|[from] Sandstorm\n|-damage|p1a: Blissey|74\/100|[from] Sandstorm\n|upkeep\n|turn|5\n|j| Ult9ns louisix\n|\n|t:|1653364346\n|switch|p2a: Yveltal|Yveltal|100\/100\n|-ability|p2a: Yveltal|Dark Aura\n|move|p1a: Blissey|Soft-Boiled|p1a: Blissey\n|-heal|p1a: Blissey|100\/100\n|\n|-weather|none\n|upkeep\n|turn|6\n|\n|t:|1653364363\n|switch|p1a: Toxapex|Toxapex, F|96\/100\n|move|p2a: Yveltal|U-turn|p1a: Toxapex\n|-resisted|p1a: Toxapex\n|-damage|p1a: Toxapex|89\/100\n|\n|t:|1653364369\n|switch|p2a: Kyogre|Kyogre|100\/100|[from]move: U-turn\n|-weather|RainDance|[from] ability: Drizzle|[of] p2a: Kyogre\n|\n|-weather|RainDance|[upkeep]\n|upkeep\n|turn|7\n|\n|t:|1653364378\n|switch|p1a: Blissey|Blissey, F|100\/100\n|move|p2a: Kyogre|Calm Mind|p2a: Kyogre\n|-boost|p2a: Kyogre|spa|1\n|-boost|p2a: Kyogre|spd|1\n|\n|-weather|RainDance|[upkeep]\n|upkeep\n|turn|8\n|\n|t:|1653364384\n|move|p2a: Kyogre|Origin Pulse|p1a: Blissey|[miss]\n|-miss|p2a: Kyogre|p1a: Blissey\n|move|p1a: Blissey|Confide|p2a: Kyogre\n|-unboost|p2a: Kyogre|spa|1\n|\n|-weather|RainDance|[upkeep]\n|upkeep\n|turn|9\n|\n|t:|1653364392\n|switch|p2a: Marshadow|Marshadow|100\/100\n|move|p1a: Blissey|Wish|p1a: Blissey\n|\n|-weather|RainDance|[upkeep]\n|upkeep\n|turn|10\n|\n|t:|1653364407\n|switch|p2a: Eternatus|Eternatus|82\/100\n|-ability|p2a: Eternatus|Pressure\n|switch|p1a: Toxapex|Toxapex, F|100\/100\n|\n|-weather|none\n|upkeep\n|turn|11\n|\n|t:|1653364416\n|move|p2a: Eternatus|Sludge Bomb|p1a: Toxapex\n|-resisted|p1a: Toxapex\n|-damage|p1a: Toxapex|83\/100\n|move|p1a: Toxapex|Knock Off|p2a: Eternatus\n|-damage|p2a: Eternatus|69\/100\n|-enditem|p2a: Eternatus|Expert Belt|[from] move: Knock Off|[of] p1a: Toxapex\n|\n|upkeep\n|turn|12\n|\n|t:|1653364424\n|move|p2a: Eternatus|Sludge Bomb|p1a: Toxapex\n|-resisted|p1a: Toxapex\n|-damage|p1a: Toxapex|62\/100\n|move|p1a: Toxapex|Scald|p2a: Eternatus\n|-resisted|p2a: Eternatus\n|-damage|p2a: Eternatus|64\/100\n|\n|upkeep\n|turn|13\n|\n|t:|1653364427\n|switch|p1a: Blissey|Blissey, F|100\/100\n|move|p2a: Eternatus|Sludge Bomb|p1a: Blissey\n|-damage|p1a: Blissey|87\/100\n|\n|upkeep\n|turn|14\n|\n|t:|1653364440\n|switch|p2a: Necrozma|Necrozma-Dusk-Mane|89\/100\n|switch|p1a: Ho-Oh|Ho-Oh|100\/100\n|\n|upkeep\n|turn|15\n|j| Acinonyx35\n|\n|t:|1653364454\n|switch|p2a: Eternatus|Eternatus|64\/100\n|-ability|p2a: Eternatus|Pressure\n|move|p1a: Ho-Oh|Sacred Fire|p2a: Eternatus\n|-resisted|p2a: Eternatus\n|-damage|p2a: Eternatus|46\/100\n|-status|p2a: Eternatus|brn\n|\n|-damage|p2a: Eternatus|40\/100 brn|[from] brn\n|upkeep\n|turn|16\n|\n|t:|1653364460\n|switch|p1a: Tyranitar|Tyranitar, M|100\/100\n|-weather|Sandstorm|[from] ability: Sand Stream|[of] p1a: Tyranitar\n|move|p2a: Eternatus|Recover|p2a: Eternatus\n|-heal|p2a: Eternatus|90\/100 brn\n|\n|-weather|Sandstorm|[upkeep]\n|-damage|p2a: Eternatus|84\/100 brn|[from] Sandstorm\n|-damage|p2a: Eternatus|78\/100 brn|[from] brn\n|upkeep\n|turn|17\n|\n|t:|1653364468\n|switch|p2a: Yveltal|Yveltal|100\/100\n|-ability|p2a: Yveltal|Dark Aura\n|move|p1a: Tyranitar|Stealth Rock|p2a: Yveltal\n|-sidestart|p2: rooopos|move: Stealth Rock\n|\n|-weather|Sandstorm|[upkeep]\n|-damage|p2a: Yveltal|94\/100|[from] Sandstorm\n|upkeep\n|turn|18\n|\n|t:|1653364474\n|switch|p1a: Toxapex|Toxapex, F|95\/100\n|move|p2a: Yveltal|Defog|p1a: Toxapex\n|-unboost|p1a: Toxapex|evasion|1\n|-sideend|p2: rooopos|Stealth Rock|[from] move: Defog|[of] p2a: Yveltal\n|\n|-weather|Sandstorm|[upkeep]\n|-damage|p2a: Yveltal|88\/100|[from] Sandstorm\n|-damage|p1a: Toxapex|89\/100|[from] Sandstorm\n|upkeep\n|turn|19\n|\n|t:|1653364478\n|switch|p2a: Eternatus|Eternatus|78\/100 brn\n|-ability|p2a: Eternatus|Pressure\n|move|p1a: Toxapex|Knock Off|p2a: Eternatus\n|-damage|p2a: Eternatus|70\/100 brn\n|\n|-weather|Sandstorm|[upkeep]\n|-damage|p2a: Eternatus|63\/100 brn|[from] Sandstorm\n|-damage|p1a: Toxapex|83\/100|[from] Sandstorm\n|-damage|p2a: Eternatus|57\/100 brn|[from] brn\n|upkeep\n|turn|20\n|\n|t:|1653364488\n|switch|p1a: Ho-Oh|Ho-Oh|100\/100\n|move|p2a: Eternatus|Draco Meteor|p1a: Ho-Oh\n|-damage|p1a: Ho-Oh|67\/100\n|-unboost|p2a: Eternatus|spa|2\n|\n|-weather|none\n|-damage|p2a: Eternatus|51\/100 brn|[from] brn\n|upkeep\n|turn|21\n|c| Ult9ns louisix|\u53d7\u903c\n|\n|t:|1653364505\n|move|p2a: Eternatus|Recover|p2a: Eternatus\n|-heal|p2a: Eternatus|100\/100 brn\n|move|p1a: Ho-Oh|Brave Bird|p2a: Eternatus\n|-damage|p2a: Eternatus|59\/100 brn\n|-damage|p1a: Ho-Oh|52\/100|[from] Recoil\n|\n|-damage|p2a: Eternatus|53\/100 brn|[from] brn\n|upkeep\n|turn|22\n|\n|t:|1653364514\n|switch|p1a: Tyranitar|Tyranitar, M|100\/100\n|-weather|Sandstorm|[from] ability: Sand Stream|[of] p1a: Tyranitar\n|move|p2a: Eternatus|Recover|p2a: Eternatus\n|-heal|p2a: Eternatus|100\/100 brn\n|\n|-weather|Sandstorm|[upkeep]\n|-damage|p2a: Eternatus|94\/100 brn|[from] Sandstorm\n|-damage|p2a: Eternatus|88\/100 brn|[from] brn\n|upkeep\n|turn|23\n|\n|t:|1653364517\n|switch|p2a: Kyogre|Kyogre|100\/100\n|-weather|RainDance|[from] ability: Drizzle|[of] p2a: Kyogre\n|move|p1a: Tyranitar|Stealth Rock|p2a: Kyogre\n|-sidestart|p2: rooopos|move: Stealth Rock\n|\n|-weather|RainDance|[upkeep]\n|upkeep\n|turn|24\n|\n|t:|1653364525\n|switch|p1a: Ferrothorn|Ferrothorn, M|100\/100\n|move|p2a: Kyogre|Calm Mind|p2a: Kyogre\n|-boost|p2a: Kyogre|spa|1\n|-boost|p2a: Kyogre|spd|1\n|\n|-weather|RainDance|[upkeep]\n|upkeep\n|turn|25\n|\n|t:|1653364532\n|move|p2a: Kyogre|Ice Beam|p1a: Ferrothorn\n|-damage|p1a: Ferrothorn|52\/100\n|move|p1a: Ferrothorn|Leech Seed|p2a: Kyogre\n|-start|p2a: Kyogre|move: Leech Seed\n|\n|-weather|RainDance|[upkeep]\n|-heal|p1a: Ferrothorn|58\/100|[from] item: Leftovers\n|-damage|p2a: Kyogre|88\/100|[from] Leech Seed|[of] p1a: Ferrothorn\n|-heal|p1a: Ferrothorn|71\/100|[silent]\n|upkeep\n|turn|26\n|\n|t:|1653364537\n|switch|p1a: Blissey|Blissey, F|87\/100\n|move|p2a: Kyogre|Ice Beam|p1a: Blissey\n|-damage|p1a: Blissey|67\/100\n|\n|-weather|RainDance|[upkeep]\n|-damage|p2a: Kyogre|76\/100|[from] Leech Seed|[of] p1a: Blissey\n|-heal|p1a: Blissey|73\/100|[silent]\n|upkeep\n|turn|27\n|\n|t:|1653364543\n|move|p2a: Kyogre|Origin Pulse|p1a: Blissey\n|-damage|p1a: Blissey|42\/100\n|move|p1a: Blissey|Soft-Boiled|p1a: Blissey\n|-heal|p1a: Blissey|92\/100\n|\n|-weather|none\n|-damage|p2a: Kyogre|63\/100|[from] Leech Seed|[of] p1a: Blissey\n|-heal|p1a: Blissey|99\/100|[silent]\n|upkeep\n|turn|28\n|\n|t:|1653364550\n|switch|p2a: Yveltal|Yveltal|88\/100\n|-ability|p2a: Yveltal|Dark Aura\n|move|p1a: Blissey|Wish|p1a: Blissey\n|\n|upkeep\n|turn|29\n|j| DBLT1 POKEMH\n|\n|t:|1653364557\n|switch|p1a: Toxapex|Toxapex, F|100\/100\n|move|p2a: Yveltal|Defog|p1a: Toxapex\n|-unboost|p1a: Toxapex|evasion|1\n|-sideend|p2: rooopos|Stealth Rock|[from] move: Defog|[of] p2a: Yveltal\n|\n|upkeep\n|turn|30\n|\n|t:|1653364564\n|switch|p2a: Eternatus|Eternatus|88\/100 brn\n|-ability|p2a: Eternatus|Pressure\n|move|p1a: Toxapex|Knock Off|p2a: Eternatus\n|-damage|p2a: Eternatus|80\/100 brn\n|\n|-damage|p2a: Eternatus|74\/100 brn|[from] brn\n|upkeep\n|turn|31\n|j| Dusk of Surtr\n|\n|t:|1653364587\n|switch|p1a: Tyranitar|Tyranitar, M|100\/100\n|-weather|Sandstorm|[from] ability: Sand Stream|[of] p1a: Tyranitar\n|move|p2a: Eternatus|Sludge Bomb|p1a: Tyranitar\n|-resisted|p1a: Tyranitar\n|-damage|p1a: Tyranitar|91\/100\n|\n|-weather|Sandstorm|[upkeep]\n|-damage|p2a: Eternatus|68\/100 brn|[from] Sandstorm\n|-heal|p1a: Tyranitar|97\/100|[from] item: Leftovers\n|-damage|p2a: Eternatus|61\/100 brn|[from] brn\n|upkeep\n|turn|32\n|\n|t:|1653364593\n|move|p2a: Eternatus|Sludge Bomb|p1a: Tyranitar\n|-resisted|p1a: Tyranitar\n|-damage|p1a: Tyranitar|87\/100\n|move|p1a: Tyranitar|Stealth Rock|p2a: Eternatus\n|-sidestart|p2: rooopos|move: Stealth Rock\n|\n|-weather|Sandstorm|[upkeep]\n|-damage|p2a: Eternatus|55\/100 brn|[from] Sandstorm\n|-heal|p1a: Tyranitar|93\/100|[from] item: Leftovers\n|-damage|p2a: Eternatus|49\/100 brn|[from] brn\n|upkeep\n|turn|33\n|c| Dusk of Surtr|\u5927\u53d7\u6bd4\uff08\u5618\u58f0\uff09\n|\n|t:|1653364599\n|switch|p2a: Yveltal|Yveltal|88\/100\n|-ability|p2a: Yveltal|Dark Aura\n|switch|p1a: Ho-Oh|Ho-Oh|86\/100\n|\n|-weather|Sandstorm|[upkeep]\n|-damage|p2a: Yveltal|82\/100|[from] Sandstorm\n|-damage|p1a: Ho-Oh|79\/100|[from] Sandstorm\n|upkeep\n|turn|34\n|\n|t:|1653364605\n|move|p2a: Yveltal|Defog|p1a: Ho-Oh\n|-unboost|p1a: Ho-Oh|evasion|1\n|-sideend|p2: rooopos|Stealth Rock|[from] move: Defog|[of] p2a: Yveltal\n|move|p1a: Ho-Oh|Sacred Fire|p2a: Yveltal\n|-damage|p2a: Yveltal|47\/100\n|-status|p2a: Yveltal|brn\n|\n|-weather|Sandstorm|[upkeep]\n|-damage|p2a: Yveltal|41\/100 brn|[from] Sandstorm\n|-damage|p1a: Ho-Oh|73\/100|[from] Sandstorm\n|-damage|p2a: Yveltal|35\/100 brn|[from] brn\n|upkeep\n|turn|35\n|\n|t:|1653364618\n|switch|p1a: Toxapex|Toxapex, F|100\/100\n|move|p2a: Yveltal|Roost|p2a: Yveltal\n|-heal|p2a: Yveltal|85\/100 brn\n|-singleturn|p2a: Yveltal|move: Roost\n|\n|-weather|none\n|-damage|p2a: Yveltal|79\/100 brn|[from] brn\n|upkeep\n|turn|36\n|\n|t:|1653364629\n|switch|p2a: Eternatus|Eternatus|49\/100 brn\n|-ability|p2a: Eternatus|Pressure\n|move|p1a: Toxapex|Knock Off|p2a: Eternatus\n|-damage|p2a: Eternatus|40\/100 brn\n|\n|-damage|p2a: Eternatus|34\/100 brn|[from] brn\n|upkeep\n|turn|37\n|\n|t:|1653364633\n|switch|p1a: Tyranitar|Tyranitar, M|93\/100\n|-weather|Sandstorm|[from] ability: Sand Stream|[of] p1a: Tyranitar\n|move|p2a: Eternatus|Recover|p2a: Eternatus\n|-heal|p2a: Eternatus|84\/100 brn\n|\n|-weather|Sandstorm|[upkeep]\n|-damage|p2a: Eternatus|78\/100 brn|[from] Sandstorm\n|-heal|p1a: Tyranitar|99\/100|[from] item: Leftovers\n|-damage|p2a: Eternatus|72\/100 brn|[from] brn\n|upkeep\n|turn|38\n|j| Ul nerd\n|\n|t:|1653364649\n|switch|p2a: Marshadow|Marshadow|100\/100\n|switch|p1a: Ferrothorn|Ferrothorn, M|71\/100\n|\n|-weather|Sandstorm|[upkeep]\n|-damage|p2a: Marshadow|94\/100|[from] Sandstorm\n|-heal|p1a: Ferrothorn|77\/100|[from] item: Leftovers\n|upkeep\n|turn|39\n|\n|t:|1653364661\n|switch|p1a: Toxapex|Toxapex, F|100\/100\n|move|p2a: Marshadow|Bulk Up|p2a: Marshadow\n|-boost|p2a: Marshadow|atk|1\n|-boost|p2a: Marshadow|def|1\n|\n|-weather|Sandstorm|[upkeep]\n|-damage|p2a: Marshadow|88\/100|[from] Sandstorm\n|-damage|p1a: Toxapex|94\/100|[from] Sandstorm\n|upkeep\n|turn|40\n|\n|t:|1653364666\n|move|p2a: Marshadow|Spectral Thief|p1a: Toxapex\n|-damage|p1a: Toxapex|46\/100\n|move|p1a: Toxapex|Scald|p2a: Marshadow\n|-damage|p2a: Marshadow|72\/100\n|\n|-weather|Sandstorm|[upkeep]\n|-damage|p2a: Marshadow|66\/100|[from] Sandstorm\n|-damage|p1a: Toxapex|39\/100|[from] Sandstorm\n|upkeep\n|turn|41\n|\n|t:|1653364674\n|switch|p1a: Ho-Oh|Ho-Oh|100\/100\n|move|p2a: Marshadow|Spectral Thief|p1a: Ho-Oh\n|-damage|p1a: Ho-Oh|36\/100\n|\n|-weather|none\n|upkeep\n|turn|42\n|\n|t:|1653364686\n|move|p2a: Marshadow|Spectral Thief|p1a: Ho-Oh\n|-damage|p1a: Ho-Oh|0 fnt\n|faint|p1a: Ho-Oh\n|\n|upkeep\n|\n|t:|1653364688\n|switch|p1a: Toxapex|Toxapex, F|73\/100\n|turn|43\n|\n|t:|1653364692\n|move|p2a: Marshadow|Spectral Thief|p1a: Toxapex\n|-damage|p1a: Toxapex|23\/100\n|move|p1a: Toxapex|Recover|p1a: Toxapex\n|-heal|p1a: Toxapex|73\/100\n|\n|upkeep\n|turn|44\n|\n|t:|1653364702\n|move|p2a: Marshadow|Bulk Up|p2a: Marshadow\n|-boost|p2a: Marshadow|atk|1\n|-boost|p2a: Marshadow|def|1\n|move|p1a: Toxapex|Toxic|p2a: Marshadow\n|-status|p2a: Marshadow|tox\n|\n|-damage|p2a: Marshadow|60\/100 tox|[from] psn\n|upkeep\n|turn|45\n|\n|t:|1653364719\n|switch|p1a: Blissey|Blissey, F|99\/100\n|move|p2a: Marshadow|Spectral Thief|p1a: Blissey\n|-immune|p1a: Blissey\n|\n|-damage|p2a: Marshadow|47\/100 tox|[from] psn\n|upkeep\n|turn|46\n|\n|t:|1653364732\n|switch|p1a: Toxapex|Toxapex, F|100\/100\n|move|p2a: Marshadow|Spectral Thief|p1a: Toxapex\n|-damage|p1a: Toxapex|29\/100\n|\n|-damage|p2a: Marshadow|29\/100 tox|[from] psn\n|upkeep\n|turn|47\n|\n|t:|1653364745\n|switch|p1a: Tyranitar|Tyranitar, M|99\/100\n|-weather|Sandstorm|[from] ability: Sand Stream|[of] p1a: Tyranitar\n|move|p2a: Marshadow|Low Kick|p1a: Tyranitar\n|-supereffective|p1a: Tyranitar\n|-damage|p1a: Tyranitar|0 fnt\n|faint|p1a: Tyranitar\n|\n|-weather|Sandstorm|[upkeep]\n|-damage|p2a: Marshadow|22\/100 tox|[from] Sandstorm\n|-damage|p2a: Marshadow|0 fnt|[from] psn\n|faint|p2a: Marshadow\n|upkeep\n|\n|t:|1653364754\n|switch|p2a: Kyogre|Kyogre|63\/100\n|switch|p1a: Toxapex|Toxapex, F|63\/100\n|-weather|RainDance|[from] ability: Drizzle|[of] p2a: Kyogre\n|turn|48\n|\n|t:|1653364761\n|switch|p1a: Blissey|Blissey, F|99\/100\n|move|p2a: Kyogre|Calm Mind|p2a: Kyogre\n|-boost|p2a: Kyogre|spa|1\n|-boost|p2a: Kyogre|spd|1\n|\n|-weather|RainDance|[upkeep]\n|upkeep\n|turn|49\n|\n|t:|1653364768\n|move|p2a: Kyogre|Origin Pulse|p1a: Blissey\n|-damage|p1a: Blissey|72\/100\n|move|p1a: Blissey|Confide|p2a: Kyogre\n|-unboost|p2a: Kyogre|spa|1\n|\n|-weather|RainDance|[upkeep]\n|upkeep\n|turn|50\n|\n|t:|1653364773\n|move|p2a: Kyogre|Origin Pulse|p1a: Blissey\n|-damage|p1a: Blissey|49\/100\n|move|p1a: Blissey|Soft-Boiled|p1a: Blissey\n|-heal|p1a: Blissey|99\/100\n|\n|-weather|RainDance|[upkeep]\n|upkeep\n|turn|51\n|\n|t:|1653364781\n|move|p2a: Kyogre|Origin Pulse|p1a: Blissey\n|-damage|p1a: Blissey|74\/100\n|move|p1a: Blissey|Wish|p1a: Blissey\n|\n|-weather|RainDance|[upkeep]\n|upkeep\n|turn|52\n|\n|t:|1653364788\n|switch|p2a: Eternatus|Eternatus|72\/100 brn\n|-ability|p2a: Eternatus|Pressure\n|move|p1a: Blissey|Confide|p2a: Eternatus\n|-unboost|p2a: Eternatus|spa|1\n|\n|-weather|none\n|-heal|p1a: Blissey|100\/100|[from] move: Wish|[wisher] Blissey\n|-damage|p2a: Eternatus|65\/100 brn|[from] brn\n|upkeep\n|turn|53\n|\n|t:|1653364792\n|switch|p1a: Toxapex|Toxapex, F|96\/100\n|move|p2a: Eternatus|Recover|p2a: Eternatus\n|-heal|p2a: Eternatus|100\/100 brn\n|\n|-damage|p2a: Eternatus|94\/100 brn|[from] brn\n|upkeep\n|turn|54\n|\n|t:|1653364803\n|move|p2a: Eternatus|Sludge Bomb|p1a: Toxapex\n|-resisted|p1a: Toxapex\n|-damage|p1a: Toxapex|83\/100\n|move|p1a: Toxapex|Knock Off|p2a: Eternatus\n|-damage|p2a: Eternatus|86\/100 brn\n|\n|-damage|p2a: Eternatus|80\/100 brn|[from] brn\n|upkeep\n|turn|55\n|\n|t:|1653364809\n|switch|p1a: Blissey|Blissey, F|100\/100\n|move|p2a: Eternatus|Sludge Bomb|p1a: Blissey\n|-damage|p1a: Blissey|91\/100\n|\n|-damage|p2a: Eternatus|74\/100 brn|[from] brn\n|upkeep\n|turn|56\n|\n|t:|1653364817\n|switch|p2a: Yveltal|Yveltal|79\/100 brn\n|-ability|p2a: Yveltal|Dark Aura\n|switch|p1a: Toxapex|Toxapex, F|100\/100\n|\n|-damage|p2a: Yveltal|73\/100 brn|[from] brn\n|upkeep\n|turn|57\n|\n|t:|1653364824\n|move|p2a: Yveltal|U-turn|p1a: Toxapex\n|-resisted|p1a: Toxapex\n|-damage|p1a: Toxapex|98\/100\n|\n|t:|1653364828\n|switch|p2a: Eternatus|Eternatus|74\/100 brn|[from]move: U-turn\n|-ability|p2a: Eternatus|Pressure\n|move|p1a: Toxapex|Knock Off|p2a: Eternatus\n|-damage|p2a: Eternatus|65\/100 brn\n|\n|-damage|p2a: Eternatus|58\/100 brn|[from] brn\n|upkeep\n|turn|58\n|\n|t:|1653364835\n|switch|p1a: Blissey|Blissey, F|91\/100\n|move|p2a: Eternatus|Recover|p2a: Eternatus\n|-heal|p2a: Eternatus|100\/100 brn\n|\n|-damage|p2a: Eternatus|94\/100 brn|[from] brn\n|upkeep\n|turn|59\n|\n|t:|1653364839\n|switch|p2a: Yveltal|Yveltal|73\/100 brn\n|-ability|p2a: Yveltal|Dark Aura\n|switch|p1a: Toxapex|Toxapex, F|100\/100\n|\n|-damage|p2a: Yveltal|67\/100 brn|[from] brn\n|upkeep\n|turn|60\n|\n|t:|1653364850\n|move|p2a: Yveltal|Roost|p2a: Yveltal\n|-heal|p2a: Yveltal|100\/100 brn\n|-singleturn|p2a: Yveltal|move: Roost\n|move|p1a: Toxapex|Toxic||[still]\n|-fail|p1a: Toxapex\n|\n|-damage|p2a: Yveltal|94\/100 brn|[from] brn\n|upkeep\n|turn|61\n|\n|t:|1653364855\n|move|p2a: Yveltal|Knock Off|p1a: Toxapex\n|-damage|p1a: Toxapex|90\/100\n|move|p1a: Toxapex|Scald|p2a: Yveltal\n|-damage|p2a: Yveltal|85\/100 brn\n|\n|-damage|p2a: Yveltal|79\/100 brn|[from] brn\n|upkeep\n|turn|62\n|\n|t:|1653364867\n|switch|p1a: Ferrothorn|Ferrothorn, M|77\/100\n|move|p2a: Yveltal|U-turn|p1a: Ferrothorn\n|-crit|p1a: Ferrothorn\n|-damage|p1a: Ferrothorn|69\/100\n|-damage|p2a: Yveltal|67\/100 brn|[from] ability: Iron Barbs|[of] p1a: Ferrothorn\n|\n|t:|1653364873\n|switch|p2a: Rayquaza|Rayquaza|100\/100|[from]move: U-turn\n|-ability|p2a: Rayquaza|Air Lock\n|\n|-heal|p1a: Ferrothorn|75\/100|[from] item: Leftovers\n|upkeep\n|turn|63\n|\n|t:|1653364878\n|switch|p1a: Lunala|Lunala|100\/100\n|move|p2a: Rayquaza|Dragon Dance|p2a: Rayquaza\n|-boost|p2a: Rayquaza|atk|1\n|-boost|p2a: Rayquaza|spe|1\n|\n|upkeep\n|turn|64\n|\n|t:|1653364885\n|switch|p2a: Necrozma|Necrozma-Dusk-Mane|89\/100\n|move|p1a: Lunala|Ice Beam|p2a: Necrozma\n|-resisted|p2a: Necrozma\n|-damage|p2a: Necrozma|80\/100\n|\n|upkeep\n|turn|65\n|\n|t:|1653364894\n|switch|p1a: Ferrothorn|Ferrothorn, M|75\/100\n|move|p2a: Necrozma|Knock Off|p1a: Ferrothorn\n|-damage|p1a: Ferrothorn|58\/100\n|-damage|p2a: Necrozma|67\/100|[from] ability: Iron Barbs|[of] p1a: Ferrothorn\n|-enditem|p1a: Ferrothorn|Leftovers|[from] move: Knock Off|[of] p2a: Necrozma\n|\n|upkeep\n|turn|66\n|\n|t:|1653364899\n|switch|p2a: Eternatus|Eternatus|94\/100 brn\n|-ability|p2a: Eternatus|Pressure\n|move|p1a: Ferrothorn|Spikes|p2a: Eternatus\n|-sidestart|p2: rooopos|Spikes\n|\n|-damage|p2a: Eternatus|88\/100 brn|[from] brn\n|upkeep\n|turn|67\n|\n|t:|1653364913\n|switch|p2a: Yveltal|Yveltal|67\/100 brn\n|-ability|p2a: Yveltal|Dark Aura\n|switch|p1a: Toxapex|Toxapex, F|100\/100\n|\n|-damage|p2a: Yveltal|61\/100 brn|[from] brn\n|upkeep\n|turn|68\n|\n|t:|1653364927\n|switch|p1a: Ferrothorn|Ferrothorn, M|58\/100\n|move|p2a: Yveltal|Defog|p1a: Ferrothorn\n|-unboost|p1a: Ferrothorn|evasion|1\n|-sideend|p2: rooopos|Spikes|[from] move: Defog|[of] p2a: Yveltal\n|\n|-damage|p2a: Yveltal|55\/100 brn|[from] brn\n|upkeep\n|turn|69\n|\n|t:|1653364962\n|move|p2a: Yveltal|Roost|p2a: Yveltal\n|-heal|p2a: Yveltal|100\/100 brn\n|-singleturn|p2a: Yveltal|move: Roost\n|move|p1a: Ferrothorn|Leech Seed|p2a: Yveltal|[miss]\n|-miss|p1a: Ferrothorn|p2a: Yveltal\n|\n|-damage|p2a: Yveltal|94\/100 brn|[from] brn\n|upkeep\n|turn|70\n|\n|t:|1653364967\n|switch|p2a: Eternatus|Eternatus|88\/100 brn\n|-ability|p2a: Eternatus|Pressure\n|move|p1a: Ferrothorn|Leech Seed|p2a: Eternatus\n|-start|p2a: Eternatus|move: Leech Seed\n|\n|-damage|p2a: Eternatus|76\/100 brn|[from] Leech Seed|[of] p1a: Ferrothorn\n|-heal|p1a: Ferrothorn|73\/100|[silent]\n|-damage|p2a: Eternatus|69\/100 brn|[from] brn\n|upkeep\n|turn|71\n|l| DBLT1 POKEMH\n|\n|t:|1653364976\n|switch|p2a: Rayquaza|Rayquaza|100\/100\n|-ability|p2a: Rayquaza|Air Lock\n|switch|p1a: Toxapex|Toxapex, F|100\/100\n|\n|upkeep\n|turn|72\n|\n|t:|1653364982\n|switch|p2a: Eternatus|Eternatus|69\/100 brn\n|-ability|p2a: Eternatus|Pressure\n|move|p1a: Toxapex|Toxic||[still]\n|-fail|p1a: Toxapex\n|\n|-damage|p2a: Eternatus|63\/100 brn|[from] brn\n|upkeep\n|turn|73\n|\n|t:|1653364991\n|switch|p1a: Lunala|Lunala|100\/100\n|move|p2a: Eternatus|Recover|p2a: Eternatus\n|-heal|p2a: Eternatus|100\/100 brn\n|\n|-damage|p2a: Eternatus|94\/100 brn|[from] brn\n|upkeep\n|turn|74\n|\n|t:|1653364997\n|switch|p2a: Yveltal|Yveltal|94\/100 brn\n|-ability|p2a: Yveltal|Dark Aura\n|move|p1a: Lunala|Ice Beam|p2a: Yveltal\n|-supereffective|p2a: Yveltal\n|-damage|p2a: Yveltal|63\/100 brn\n|\n|-damage|p2a: Yveltal|57\/100 brn|[from] brn\n|upkeep\n|turn|75\n|\n|t:|1653365005\n|switch|p1a: Toxapex|Toxapex, F|100\/100\n|move|p2a: Yveltal|Roost|p2a: Yveltal\n|-heal|p2a: Yveltal|100\/100 brn\n|-singleturn|p2a: Yveltal|move: Roost\n|\n|-damage|p2a: Yveltal|94\/100 brn|[from] brn\n|upkeep\n|turn|76\n|\n|t:|1653365013\n|switch|p2a: Eternatus|Eternatus|94\/100 brn\n|-ability|p2a: Eternatus|Pressure\n|switch|p1a: Ferrothorn|Ferrothorn, M|73\/100\n|\n|-damage|p2a: Eternatus|88\/100 brn|[from] brn\n|upkeep\n|turn|77\n|\n|t:|1653365022\n|switch|p1a: Toxapex|Toxapex, F|100\/100\n|move|p2a: Eternatus|Flamethrower|p1a: Toxapex\n|-resisted|p1a: Toxapex\n|-damage|p1a: Toxapex|87\/100\n|-status|p1a: Toxapex|brn\n|\n|-damage|p2a: Eternatus|82\/100 brn|[from] brn\n|-damage|p1a: Toxapex|80\/100 brn|[from] brn\n|upkeep\n|turn|78\n|\n|t:|1653365050\n|switch|p2a: Yveltal|Yveltal|94\/100 brn\n|-ability|p2a: Yveltal|Dark Aura\n|switch|p1a: Blissey|Blissey, F|91\/100\n|\n|-damage|p2a: Yveltal|88\/100 brn|[from] brn\n|upkeep\n|turn|79\n|\n|t:|1653365059\n|switch|p1a: Toxapex|Toxapex, F|100\/100 brn\n|move|p2a: Yveltal|U-turn|p1a: Toxapex\n|-resisted|p1a: Toxapex\n|-damage|p1a: Toxapex|98\/100 brn\n|\n|t:|1653365062\n|switch|p2a: Eternatus|Eternatus|82\/100 brn|[from]move: U-turn\n|-ability|p2a: Eternatus|Pressure\n|\n|-damage|p2a: Eternatus|76\/100 brn|[from] brn\n|-damage|p1a: Toxapex|91\/100 brn|[from] brn\n|upkeep\n|turn|80\n|\n|t:|1653365071\n|switch|p1a: Blissey|Blissey, F|91\/100\n|move|p2a: Eternatus|Sludge Bomb|p1a: Blissey\n|-damage|p1a: Blissey|78\/100\n|\n|-damage|p2a: Eternatus|69\/100 brn|[from] brn\n|upkeep\n|turn|81\n|\n|t:|1653365076\n|switch|p2a: Yveltal|Yveltal|88\/100 brn\n|-ability|p2a: Yveltal|Dark Aura\n|move|p1a: Blissey|Aromatherapy|p1a: Blissey\n|-activate|p1a: Blissey|move: Aromatherapy\n|-curestatus|p1: Toxapex|brn|[msg]\n|\n|-damage|p2a: Yveltal|82\/100 brn|[from] brn\n|upkeep\n|turn|82\n|\n|t:|1653365083\n|switch|p1a: Toxapex|Toxapex, F|100\/100\n|move|p2a: Yveltal|U-turn|p1a: Toxapex\n|-resisted|p1a: Toxapex\n|-damage|p1a: Toxapex|98\/100\n|\n|t:|1653365088\n|switch|p2a: Eternatus|Eternatus|69\/100 brn|[from]move: U-turn\n|-ability|p2a: Eternatus|Pressure\n|\n|-damage|p2a: Eternatus|63\/100 brn|[from] brn\n|upkeep\n|turn|83\n|\n|t:|1653365113\n|switch|p2a: Rayquaza|Rayquaza|100\/100\n|-ability|p2a: Rayquaza|Air Lock\n|switch|p1a: Lunala|Lunala|100\/100\n|\n|upkeep\n|turn|84\n|j| BasedWhat? \u266a\n|\n|t:|1653365125\n|switch|p2a: Necrozma|Necrozma-Dusk-Mane|67\/100\n|move|p1a: Lunala|Will-O-Wisp|p2a: Necrozma\n|-status|p2a: Necrozma|brn\n|\n|-damage|p2a: Necrozma|61\/100 brn|[from] brn\n|upkeep\n|turn|85\n|\n|t:|1653365129\n|switch|p1a: Toxapex|Toxapex, F|100\/100\n|move|p2a: Necrozma|Moonlight|p2a: Necrozma\n|-heal|p2a: Necrozma|100\/100 brn\n|\n|-damage|p2a: Necrozma|94\/100 brn|[from] brn\n|upkeep\n|turn|86\n|\n|t:|1653365135\n|switch|p2a: Eternatus|Eternatus|63\/100 brn\n|-ability|p2a: Eternatus|Pressure\n|switch|p1a: Ferrothorn|Ferrothorn, M|73\/100\n|\n|-damage|p2a: Eternatus|57\/100 brn|[from] brn\n|upkeep\n|turn|87\n|j| Pokedex-Galar\n|\n|t:|1653365140\n|switch|p1a: Toxapex|Toxapex, F|100\/100\n|move|p2a: Eternatus|Recover|p2a: Eternatus\n|-heal|p2a: Eternatus|100\/100 brn\n|\n|-damage|p2a: Eternatus|94\/100 brn|[from] brn\n|upkeep\n|turn|88\n|\n|t:|1653365144\n|switch|p2a: Necrozma|Necrozma-Dusk-Mane|94\/100 brn\n|switch|p1a: Lunala|Lunala|100\/100\n|\n|-damage|p2a: Necrozma|88\/100 brn|[from] brn\n|upkeep\n|turn|89\n|\n|t:|1653365149\n|switch|p1a: Ferrothorn|Ferrothorn, M|73\/100\n|switch|p2a: Eternatus|Eternatus|94\/100 brn\n|-ability|p2a: Eternatus|Pressure\n|\n|-damage|p2a: Eternatus|88\/100 brn|[from] brn\n|upkeep\n|turn|90\n|\n|t:|1653365153\n|switch|p2a: Necrozma|Necrozma-Dusk-Mane|88\/100 brn\n|switch|p1a: Toxapex|Toxapex, F|100\/100\n|\n|-damage|p2a: Necrozma|82\/100 brn|[from] brn\n|upkeep\n|turn|91\n|\n|t:|1653365159\n|switch|p2a: Eternatus|Eternatus|88\/100 brn\n|-ability|p2a: Eternatus|Pressure\n|switch|p1a: Ferrothorn|Ferrothorn, M|73\/100\n|\n|-damage|p2a: Eternatus|82\/100 brn|[from] brn\n|upkeep\n|turn|92\n|\n|t:|1653365184\n|switch|p2a: Necrozma|Necrozma-Dusk-Mane|82\/100 brn\n|switch|p1a: Toxapex|Toxapex, F|100\/100\n|\n|-damage|p2a: Necrozma|76\/100 brn|[from] brn\n|upkeep\n|turn|93\n|\n|t:|1653365189\n|switch|p1a: Ferrothorn|Ferrothorn, M|73\/100\n|move|p2a: Necrozma|Dragon Dance|p2a: Necrozma\n|-boost|p2a: Necrozma|atk|1\n|-boost|p2a: Necrozma|spe|1\n|\n|-damage|p2a: Necrozma|70\/100 brn|[from] brn\n|upkeep\n|turn|94\n|\n|t:|1653365195\n|switch|p2a: Eternatus|Eternatus|82\/100 brn\n|-ability|p2a: Eternatus|Pressure\n|move|p1a: Ferrothorn|Iron Defense|p1a: Ferrothorn\n|-boost|p1a: Ferrothorn|def|2\n|\n|-damage|p2a: Eternatus|76\/100 brn|[from] brn\n|upkeep\n|turn|95\n|\n|t:|1653365202\n|switch|p1a: Toxapex|Toxapex, F|100\/100\n|move|p2a: Eternatus|Flamethrower|p1a: Toxapex\n|-resisted|p1a: Toxapex\n|-damage|p1a: Toxapex|87\/100\n|\n|-damage|p2a: Eternatus|69\/100 brn|[from] brn\n|upkeep\n|turn|96\n|\n|t:|1653365216\n|switch|p2a: Necrozma|Necrozma-Dusk-Mane|70\/100 brn\n|switch|p1a: Blissey|Blissey, F|78\/100\n|\n|-damage|p2a: Necrozma|64\/100 brn|[from] brn\n|upkeep\n|turn|97\n|\n|t:|1653365226\n|switch|p2a: Eternatus|Eternatus|69\/100 brn\n|-ability|p2a: Eternatus|Pressure\n|switch|p1a: Ferrothorn|Ferrothorn, M|73\/100\n|\n|-damage|p2a: Eternatus|63\/100 brn|[from] brn\n|upkeep\n|turn|98\n|\n|t:|1653365230\n|switch|p2a: Necrozma|Necrozma-Dusk-Mane|64\/100 brn\n|switch|p1a: Toxapex|Toxapex, F|100\/100\n|\n|-damage|p2a: Necrozma|58\/100 brn|[from] brn\n|upkeep\n|turn|99\n|\n|t:|1653365243\n|switch|p2a: Eternatus|Eternatus|63\/100 brn\n|-ability|p2a: Eternatus|Pressure\n|switch|p1a: Ferrothorn|Ferrothorn, M|73\/100\n|\n|-damage|p2a: Eternatus|57\/100 brn|[from] brn\n|upkeep\n|turn|100\n|c|\u2606rooopos|wish i had rocks\n|\n|t:|1653365254\n|switch|p2a: Necrozma|Necrozma-Dusk-Mane|58\/100 brn\n|switch|p1a: Toxapex|Toxapex, F|100\/100\n|\n|-damage|p2a: Necrozma|52\/100 brn|[from] brn\n|upkeep\n|turn|101\n|\n|t:|1653365260\n|switch|p2a: Eternatus|Eternatus|57\/100 brn\n|-ability|p2a: Eternatus|Pressure\n|switch|p1a: Ferrothorn|Ferrothorn, M|73\/100\n|\n|-damage|p2a: Eternatus|51\/100 brn|[from] brn\n|upkeep\n|turn|102\n|\n|t:|1653365270\n|switch|p1a: Toxapex|Toxapex, F|100\/100\n|move|p2a: Eternatus|Recover|p2a: Eternatus\n|-heal|p2a: Eternatus|100\/100 brn\n|\n|-damage|p2a: Eternatus|94\/100 brn|[from] brn\n|upkeep\n|turn|103\n|\n|t:|1653365290\n|switch|p2a: Necrozma|Necrozma-Dusk-Mane|52\/100 brn\n|switch|p1a: Blissey|Blissey, F|78\/100\n|\n|-damage|p2a: Necrozma|46\/100 brn|[from] brn\n|upkeep\n|turn|104\n|\n|t:|1653365296\n|switch|p1a: Ferrothorn|Ferrothorn, M|73\/100\n|move|p2a: Necrozma|Moonlight|p2a: Necrozma\n|-heal|p2a: Necrozma|96\/100 brn\n|\n|-damage|p2a: Necrozma|90\/100 brn|[from] brn\n|upkeep\n|turn|105\n|\n|t:|1653365299\n|switch|p2a: Eternatus|Eternatus|94\/100 brn\n|-ability|p2a: Eternatus|Pressure\n|move|p1a: Ferrothorn|Spikes|p2a: Eternatus\n|-sidestart|p2: rooopos|Spikes\n|\n|-damage|p2a: Eternatus|88\/100 brn|[from] brn\n|upkeep\n|turn|106\n|\n|t:|1653365304\n|switch|p2a: Yveltal|Yveltal|82\/100 brn\n|-ability|p2a: Yveltal|Dark Aura\n|switch|p1a: Toxapex|Toxapex, F|100\/100\n|\n|-damage|p2a: Yveltal|76\/100 brn|[from] brn\n|upkeep\n|turn|107\n|\n|t:|1653365308\n|move|p2a: Yveltal|Defog|p1a: Toxapex\n|-unboost|p1a: Toxapex|evasion|1\n|-sideend|p2: rooopos|Spikes|[from] move: Defog|[of] p2a: Yveltal\n|move|p1a: Toxapex|Knock Off|p2a: Yveltal\n|-resisted|p2a: Yveltal\n|-damage|p2a: Yveltal|66\/100 brn\n|-enditem|p2a: Yveltal|Heavy-Duty Boots|[from] move: Knock Off|[of] p1a: Toxapex\n|\n|-damage|p2a: Yveltal|60\/100 brn|[from] brn\n|upkeep\n|turn|108\n|\n|t:|1653365315\n|move|p2a: Yveltal|Roost|p2a: Yveltal\n|-heal|p2a: Yveltal|100\/100 brn\n|-singleturn|p2a: Yveltal|move: Roost\n|move|p1a: Toxapex|Scald|p2a: Yveltal\n|-damage|p2a: Yveltal|91\/100 brn\n|\n|-damage|p2a: Yveltal|85\/100 brn|[from] brn\n|upkeep\n|turn|109\n|\n|t:|1653365320\n|switch|p1a: Ferrothorn|Ferrothorn, M|73\/100\n|move|p2a: Yveltal|U-turn|p1a: Ferrothorn\n|-damage|p1a: Ferrothorn|67\/100\n|-damage|p2a: Yveltal|73\/100 brn|[from] ability: Iron Barbs|[of] p1a: Ferrothorn\n|\n|t:|1653365324\n|switch|p2a: Eternatus|Eternatus|88\/100 brn|[from]move: U-turn\n|-ability|p2a: Eternatus|Pressure\n|\n|-damage|p2a: Eternatus|82\/100 brn|[from] brn\n|upkeep\n|turn|110\n|\n|t:|1653365335\n|switch|p2a: Rayquaza|Rayquaza|100\/100\n|-ability|p2a: Rayquaza|Air Lock\n|switch|p1a: Toxapex|Toxapex, F|100\/100\n|\n|upkeep\n|turn|111\n|\n|t:|1653365340\n|switch|p2a: Eternatus|Eternatus|82\/100 brn\n|-ability|p2a: Eternatus|Pressure\n|switch|p1a: Lunala|Lunala|100\/100\n|\n|-damage|p2a: Eternatus|76\/100 brn|[from] brn\n|upkeep\n|turn|112\n|\n|t:|1653365348\n|switch|p2a: Yveltal|Yveltal|73\/100 brn\n|-ability|p2a: Yveltal|Dark Aura\n|move|p1a: Lunala|Ice Beam|p2a: Yveltal\n|-supereffective|p2a: Yveltal\n|-damage|p2a: Yveltal|37\/100 brn\n|\n|-damage|p2a: Yveltal|31\/100 brn|[from] brn\n|upkeep\n|turn|113\n|\n|t:|1653365352\n|switch|p1a: Toxapex|Toxapex, F|100\/100\n|move|p2a: Yveltal|Roost|p2a: Yveltal\n|-heal|p2a: Yveltal|81\/100 brn\n|-singleturn|p2a: Yveltal|move: Roost\n|\n|-damage|p2a: Yveltal|75\/100 brn|[from] brn\n|upkeep\n|turn|114\n|\n|t:|1653365359\n|switch|p1a: Ferrothorn|Ferrothorn, M|67\/100\n|move|p2a: Yveltal|U-turn|p1a: Ferrothorn\n|-damage|p1a: Ferrothorn|61\/100\n|-damage|p2a: Yveltal|63\/100 brn|[from] ability: Iron Barbs|[of] p1a: Ferrothorn\n|\n|t:|1653365363\n|switch|p2a: Eternatus|Eternatus|76\/100 brn|[from]move: U-turn\n|-ability|p2a: Eternatus|Pressure\n|\n|-damage|p2a: Eternatus|69\/100 brn|[from] brn\n|upkeep\n|turn|115\n|c| Ult9ns louisix|\u6211\u9084\u5728\u60f3\u600e\u9ebc\u4e00\u76f4\u90fd\u6c92\u4f60\n|c| Ult9ns louisix|\u539f\u4f86\u9084\u5728\u6253\n|c|\u2606ULT9NS 369|1000turns\n|c|\u2606ULT9NS 369|go\n|\n|t:|1653365426\n|switch|p2a: Yveltal|Yveltal|63\/100 brn\n|-ability|p2a: Yveltal|Dark Aura\n|switch|p1a: Blissey|Blissey, F|78\/100\n|\n|-damage|p2a: Yveltal|56\/100 brn|[from] brn\n|upkeep\n|turn|116\n|\n|t:|1653365432\n|switch|p1a: Toxapex|Toxapex, F|100\/100\n|move|p2a: Yveltal|Roost|p2a: Yveltal\n|-heal|p2a: Yveltal|100\/100 brn\n|-singleturn|p2a: Yveltal|move: Roost\n|\n|-damage|p2a: Yveltal|94\/100 brn|[from] brn\n|upkeep\n|turn|117\n|\n|t:|1653365436\n|switch|p2a: Eternatus|Eternatus|69\/100 brn\n|-ability|p2a: Eternatus|Pressure\n|move|p1a: Toxapex|Knock Off|p2a: Eternatus\n|-damage|p2a: Eternatus|61\/100 brn\n|\n|-damage|p2a: Eternatus|55\/100 brn|[from] brn\n|upkeep\n|turn|118\n|\n|t:|1653365447\n|switch|p1a: Blissey|Blissey, F|78\/100\n|move|p2a: Eternatus|Recover|p2a: Eternatus\n|-heal|p2a: Eternatus|100\/100 brn\n|\n|-damage|p2a: Eternatus|94\/100 brn|[from] brn\n|upkeep\n|turn|119\n|\n|t:|1653365451\n|switch|p2a: Rayquaza|Rayquaza|100\/100\n|-ability|p2a: Rayquaza|Air Lock\n|move|p1a: Blissey|Wish|p1a: Blissey\n|\n|upkeep\n|turn|120\n|\n|t:|1653365455\n|switch|p1a: Lunala|Lunala|100\/100\n|move|p2a: Rayquaza|Dragon Dance|p2a: Rayquaza\n|-boost|p2a: Rayquaza|atk|1\n|-boost|p2a: Rayquaza|spe|1\n|\n|upkeep\n|turn|121\n|\n|t:|1653365459\n|switch|p2a: Eternatus|Eternatus|94\/100 brn\n|-ability|p2a: Eternatus|Pressure\n|move|p1a: Lunala|Ice Beam|p2a: Eternatus\n|-supereffective|p2a: Eternatus\n|-damage|p2a: Eternatus|54\/100 brn\n|\n|-damage|p2a: Eternatus|47\/100 brn|[from] brn\n|upkeep\n|turn|122\n|\n|t:|1653365465\n|switch|p1a: Blissey|Blissey, F|78\/100\n|move|p2a: Eternatus|Recover|p2a: Eternatus\n|-heal|p2a: Eternatus|97\/100 brn\n|\n|-damage|p2a: Eternatus|91\/100 brn|[from] brn\n|upkeep\n|turn|123\n|\n|t:|1653365472\n|switch|p2a: Rayquaza|Rayquaza|100\/100\n|-ability|p2a: Rayquaza|Air Lock\n|move|p1a: Blissey|Wish|p1a: Blissey\n|\n|upkeep\n|turn|124\n|\n|t:|1653365476\n|switch|p1a: Lunala|Lunala|100\/100\n|move|p2a: Rayquaza|Dragon Dance|p2a: Rayquaza\n|-boost|p2a: Rayquaza|atk|1\n|-boost|p2a: Rayquaza|spe|1\n|\n|upkeep\n|turn|125\n|\n|t:|1653365481\n|switch|p2a: Eternatus|Eternatus|91\/100 brn\n|-ability|p2a: Eternatus|Pressure\n|move|p1a: Lunala|Will-O-Wisp|p2a: Eternatus\n|-fail|p2a: Eternatus|brn\n|\n|-damage|p2a: Eternatus|85\/100 brn|[from] brn\n|upkeep\n|turn|126\n|\n|t:|1653365492\n|switch|p2a: Yveltal|Yveltal|94\/100 brn\n|-ability|p2a: Yveltal|Dark Aura\n|switch|p1a: Toxapex|Toxapex, F|100\/100\n|\n|-damage|p2a: Yveltal|88\/100 brn|[from] brn\n|upkeep\n|turn|127\n|\n|t:|1653365501\n|switch|p2a: Eternatus|Eternatus|85\/100 brn\n|-ability|p2a: Eternatus|Pressure\n|switch|p1a: Ferrothorn|Ferrothorn, M|61\/100\n|\n|-damage|p2a: Eternatus|79\/100 brn|[from] brn\n|upkeep\n|turn|128\n|\n|t:|1653365507\n|switch|p2a: Rayquaza|Rayquaza|100\/100\n|-ability|p2a: Rayquaza|Air Lock\n|switch|p1a: Toxapex|Toxapex, F|100\/100\n|\n|upkeep\n|turn|129\n|\n|t:|1653365514\n|switch|p2a: Eternatus|Eternatus|79\/100 brn\n|-ability|p2a: Eternatus|Pressure\n|switch|p1a: Lunala|Lunala|100\/100\n|\n|-damage|p2a: Eternatus|73\/100 brn|[from] brn\n|upkeep\n|turn|130\n|\n|t:|1653365519\n|switch|p2a: Necrozma|Necrozma-Dusk-Mane|90\/100 brn\n|switch|p1a: Toxapex|Toxapex, F|100\/100\n|\n|-damage|p2a: Necrozma|84\/100 brn|[from] brn\n|upkeep\n|turn|131\n|\n|t:|1653365530\n|switch|p2a: Eternatus|Eternatus|73\/100 brn\n|-ability|p2a: Eternatus|Pressure\n|move|p1a: Toxapex|Toxic||[still]\n|-fail|p1a: Toxapex\n|\n|-damage|p2a: Eternatus|66\/100 brn|[from] brn\n|upkeep\n|turn|132\n|\n|t:|1653365538\n|switch|p2a: Necrozma|Necrozma-Dusk-Mane|84\/100 brn\n|switch|p1a: Blissey|Blissey, F|78\/100\n|\n|-damage|p2a: Necrozma|78\/100 brn|[from] brn\n|upkeep\n|turn|133\n|\n|t:|1653365543\n|switch|p2a: Rayquaza|Rayquaza|100\/100\n|-ability|p2a: Rayquaza|Air Lock\n|switch|p1a: Ferrothorn|Ferrothorn, M|61\/100\n|\n|upkeep\n|turn|134\n|\n|t:|1653365548\n|switch|p1a: Lunala|Lunala|100\/100\n|move|p2a: Rayquaza|Dragon Dance|p2a: Rayquaza\n|-boost|p2a: Rayquaza|atk|1\n|-boost|p2a: Rayquaza|spe|1\n|\n|upkeep\n|turn|135\n|\n|t:|1653365552\n|switch|p2a: Yveltal|Yveltal|88\/100 brn\n|-ability|p2a: Yveltal|Dark Aura\n|move|p1a: Lunala|Will-O-Wisp|p2a: Yveltal\n|-fail|p2a: Yveltal|brn\n|\n|-damage|p2a: Yveltal|82\/100 brn|[from] brn\n|upkeep\n|turn|136\n|\n|t:|1653365560\n|switch|p1a: Toxapex|Toxapex, F|100\/100\n|switch|p2a: Eternatus|Eternatus|66\/100 brn\n|-ability|p2a: Eternatus|Pressure\n|\n|-damage|p2a: Eternatus|60\/100 brn|[from] brn\n|upkeep\n|turn|137\n|\n|t:|1653365566\n|switch|p2a: Necrozma|Necrozma-Dusk-Mane|78\/100 brn\n|switch|p1a: Blissey|Blissey, F|78\/100\n|\n|-damage|p2a: Necrozma|72\/100 brn|[from] brn\n|upkeep\n|turn|138\n|\n|t:|1653365571\n|switch|p2a: Rayquaza|Rayquaza|100\/100\n|-ability|p2a: Rayquaza|Air Lock\n|move|p1a: Blissey|Wish|p1a: Blissey\n|\n|upkeep\n|turn|139\n|\n|t:|1653365576\n|switch|p1a: Lunala|Lunala|100\/100\n|move|p2a: Rayquaza|Dragon Dance|p2a: Rayquaza\n|-boost|p2a: Rayquaza|atk|1\n|-boost|p2a: Rayquaza|spe|1\n|\n|upkeep\n|turn|140\n|\n|t:|1653365581\n|switch|p2a: Eternatus|Eternatus|60\/100 brn\n|-ability|p2a: Eternatus|Pressure\n|move|p1a: Lunala|Will-O-Wisp|p2a: Eternatus\n|-fail|p2a: Eternatus|brn\n|\n|-damage|p2a: Eternatus|54\/100 brn|[from] brn\n|upkeep\n|turn|141\n|\n|t:|1653365587\n|switch|p1a: Blissey|Blissey, F|78\/100\n|move|p2a: Eternatus|Recover|p2a: Eternatus\n|-heal|p2a: Eternatus|100\/100 brn\n|\n|-damage|p2a: Eternatus|94\/100 brn|[from] brn\n|upkeep\n|turn|142\n|\n|t:|1653365593\n|switch|p2a: Rayquaza|Rayquaza|100\/100\n|-ability|p2a: Rayquaza|Air Lock\n|move|p1a: Blissey|Soft-Boiled|p1a: Blissey\n|-heal|p1a: Blissey|100\/100\n|\n|upkeep\n|turn|143\n|\n|t:|1653365597\n|switch|p1a: Lunala|Lunala|100\/100\n|move|p2a: Rayquaza|Dragon Dance|p2a: Rayquaza\n|-boost|p2a: Rayquaza|atk|1\n|-boost|p2a: Rayquaza|spe|1\n|\n|upkeep\n|turn|144\n|\n|t:|1653365603\n|switch|p2a: Eternatus|Eternatus|94\/100 brn\n|-ability|p2a: Eternatus|Pressure\n|move|p1a: Lunala|Will-O-Wisp|p2a: Eternatus\n|-fail|p2a: Eternatus|brn\n|\n|-damage|p2a: Eternatus|88\/100 brn|[from] brn\n|upkeep\n|turn|145\n|\n|t:|1653365620\n|switch|p2a: Necrozma|Necrozma-Dusk-Mane|72\/100 brn\n|switch|p1a: Toxapex|Toxapex, F|100\/100\n|\n|-damage|p2a: Necrozma|66\/100 brn|[from] brn\n|upkeep\n|turn|146\n|\n|t:|1653365626\n|switch|p2a: Eternatus|Eternatus|88\/100 brn\n|-ability|p2a: Eternatus|Pressure\n|switch|p1a: Ferrothorn|Ferrothorn, M|61\/100\n|\n|-damage|p2a: Eternatus|82\/100 brn|[from] brn\n|upkeep\n|turn|147\n|\n|t:|1653365635\n|switch|p1a: Blissey|Blissey, F|100\/100\n|move|p2a: Eternatus|Flamethrower|p1a: Blissey\n|-damage|p1a: Blissey|92\/100\n|-status|p1a: Blissey|brn\n|\n|-damage|p2a: Eternatus|76\/100 brn|[from] brn\n|-damage|p1a: Blissey|86\/100 brn|[from] brn\n|upkeep\n|turn|148\n|\n|t:|1653365643\n|switch|p2a: Yveltal|Yveltal|82\/100 brn\n|-ability|p2a: Yveltal|Dark Aura\n|-curestatus|p1a: Blissey|brn|[from] ability: Natural Cure\n|switch|p1a: Toxapex|Toxapex, F|100\/100\n|\n|-damage|p2a: Yveltal|76\/100 brn|[from] brn\n|upkeep\n|turn|149\n|\n|t:|1653365649\n|move|p2a: Yveltal|Roost|p2a: Yveltal\n|-heal|p2a: Yveltal|100\/100 brn\n|-singleturn|p2a: Yveltal|move: Roost\n|move|p1a: Toxapex|Scald|p2a: Yveltal\n|-damage|p2a: Yveltal|92\/100 brn\n|\n|-damage|p2a: Yveltal|86\/100 brn|[from] brn\n|upkeep\n|turn|150\n|\n|t:|1653365657\n|switch|p1a: Ferrothorn|Ferrothorn, M|61\/100\n|move|p2a: Yveltal|U-turn|p1a: Ferrothorn\n|-damage|p1a: Ferrothorn|56\/100\n|-damage|p2a: Yveltal|73\/100 brn|[from] ability: Iron Barbs|[of] p1a: Ferrothorn\n|\n|t:|1653365661\n|switch|p2a: Eternatus|Eternatus|76\/100 brn|[from]move: U-turn\n|-ability|p2a: Eternatus|Pressure\n|\n|-damage|p2a: Eternatus|69\/100 brn|[from] brn\n|upkeep\n|turn|151\n|\n|t:|1653365673\n|switch|p2a: Kyogre|Kyogre|63\/100\n|-weather|RainDance|[from] ability: Drizzle|[of] p2a: Kyogre\n|switch|p1a: Toxapex|Toxapex, F|100\/100\n|\n|-weather|RainDance|[upkeep]\n|upkeep\n|turn|152\n|\n|t:|1653365680\n|switch|p2a: Rayquaza|Rayquaza|100\/100\n|-ability|p2a: Rayquaza|Air Lock\n|switch|p1a: Blissey|Blissey, F|86\/100\n|\n|-weather|RainDance|[upkeep]\n|upkeep\n|turn|153\n|\n|t:|1653365689\n|switch|p1a: Lunala|Lunala|100\/100\n|move|p2a: Rayquaza|Dragon Dance|p2a: Rayquaza\n|-boost|p2a: Rayquaza|atk|1\n|-boost|p2a: Rayquaza|spe|1\n|\n|-weather|RainDance|[upkeep]\n|upkeep\n|turn|154\n|\n|t:|1653365696\n|switch|p2a: Eternatus|Eternatus|69\/100 brn\n|-ability|p2a: Eternatus|Pressure\n|move|p1a: Lunala|Ice Beam|p2a: Eternatus\n|-supereffective|p2a: Eternatus\n|-damage|p2a: Eternatus|34\/100 brn\n|\n|-weather|RainDance|[upkeep]\n|-damage|p2a: Eternatus|28\/100 brn|[from] brn\n|upkeep\n|turn|155\n|\n|t:|1653365702\n|move|p2a: Eternatus|Recover|p2a: Eternatus\n|-heal|p2a: Eternatus|78\/100 brn\n|move|p1a: Lunala|Ice Beam|p2a: Eternatus\n|-supereffective|p2a: Eternatus\n|-damage|p2a: Eternatus|40\/100 brn\n|\n|-weather|none\n|-damage|p2a: Eternatus|34\/100 brn|[from] brn\n|upkeep\n|turn|156\n|\n|t:|1653365707\n|switch|p1a: Blissey|Blissey, F|86\/100\n|move|p2a: Eternatus|Recover|p2a: Eternatus\n|-heal|p2a: Eternatus|84\/100 brn\n|\n|-damage|p2a: Eternatus|77\/100 brn|[from] brn\n|upkeep\n|turn|157\n|\n|t:|1653365713\n|switch|p2a: Necrozma|Necrozma-Dusk-Mane|66\/100 brn\n|move|p1a: Blissey|Wish|p1a: Blissey\n|\n|-damage|p2a: Necrozma|60\/100 brn|[from] brn\n|upkeep\n|turn|158\n|\n|t:|1653365719\n|switch|p1a: Ferrothorn|Ferrothorn, M|56\/100\n|move|p2a: Necrozma|Moonlight|p2a: Necrozma\n|-heal|p2a: Necrozma|100\/100 brn\n|\n|-heal|p1a: Ferrothorn|100\/100|[from] move: Wish|[wisher] Blissey\n|-damage|p2a: Necrozma|94\/100 brn|[from] brn\n|upkeep\n|turn|159\n|\n|t:|1653365727\n|switch|p2a: Eternatus|Eternatus|77\/100 brn\n|-ability|p2a: Eternatus|Pressure\n|move|p1a: Ferrothorn|Spikes|p2a: Eternatus\n|-sidestart|p2: rooopos|Spikes\n|\n|-damage|p2a: Eternatus|71\/100 brn|[from] brn\n|upkeep\n|turn|160\n|\n|t:|1653365733\n|switch|p2a: Yveltal|Yveltal|73\/100 brn\n|-ability|p2a: Yveltal|Dark Aura\n|switch|p1a: Toxapex|Toxapex, F|100\/100\n|\n|-damage|p2a: Yveltal|67\/100 brn|[from] brn\n|upkeep\n|turn|161\n|\n|t:|1653365738\n|move|p2a: Yveltal|Defog|p1a: Toxapex\n|-unboost|p1a: Toxapex|evasion|1\n|-sideend|p2: rooopos|Spikes|[from] move: Defog|[of] p2a: Yveltal\n|move|p1a: Toxapex|Scald|p2a: Yveltal\n|-damage|p2a: Yveltal|58\/100 brn\n|\n|-damage|p2a: Yveltal|52\/100 brn|[from] brn\n|upkeep\n|turn|162\n|\n|t:|1653365742\n|switch|p1a: Ferrothorn|Ferrothorn, M|100\/100\n|move|p2a: Yveltal|Roost|p2a: Yveltal\n|-heal|p2a: Yveltal|100\/100 brn\n|-singleturn|p2a: Yveltal|move: Roost\n|\n|-damage|p2a: Yveltal|94\/100 brn|[from] brn\n|upkeep\n|turn|163\n|\n|t:|1653365747\n|switch|p2a: Eternatus|Eternatus|71\/100 brn\n|-ability|p2a: Eternatus|Pressure\n|move|p1a: Ferrothorn|Spikes|p2a: Eternatus\n|-sidestart|p2: rooopos|Spikes\n|\n|-damage|p2a: Eternatus|65\/100 brn|[from] brn\n|upkeep\n|turn|164\n|\n|t:|1653365754\n|switch|p2a: Yveltal|Yveltal|94\/100 brn\n|-ability|p2a: Yveltal|Dark Aura\n|switch|p1a: Toxapex|Toxapex, F|100\/100\n|\n|-damage|p2a: Yveltal|88\/100 brn|[from] brn\n|upkeep\n|turn|165\n|\n|t:|1653365757\n|move|p2a: Yveltal|Defog|p1a: Toxapex\n|-unboost|p1a: Toxapex|evasion|1\n|-sideend|p2: rooopos|Spikes|[from] move: Defog|[of] p2a: Yveltal\n|move|p1a: Toxapex|Scald|p2a: Yveltal\n|-damage|p2a: Yveltal|80\/100 brn\n|\n|-damage|p2a: Yveltal|73\/100 brn|[from] brn\n|upkeep\n|turn|166\n|\n|t:|1653365762\n|switch|p1a: Ferrothorn|Ferrothorn, M|100\/100\n|move|p2a: Yveltal|U-turn|p1a: Ferrothorn\n|-damage|p1a: Ferrothorn|95\/100\n|-damage|p2a: Yveltal|61\/100 brn|[from] ability: Iron Barbs|[of] p1a: Ferrothorn\n|\n|t:|1653365765\n|switch|p2a: Eternatus|Eternatus|65\/100 brn|[from]move: U-turn\n|-ability|p2a: Eternatus|Pressure\n|\n|-damage|p2a: Eternatus|59\/100 brn|[from] brn\n|upkeep\n|turn|167\n|\n|t:|1653365783\n|switch|p2a: Yveltal|Yveltal|61\/100 brn\n|-ability|p2a: Yveltal|Dark Aura\n|switch|p1a: Toxapex|Toxapex, F|100\/100\n|\n|-damage|p2a: Yveltal|55\/100 brn|[from] brn\n|upkeep\n|turn|168\n|\n|t:|1653365788\n|switch|p1a: Ferrothorn|Ferrothorn, M|95\/100\n|move|p2a: Yveltal|Roost|p2a: Yveltal\n|-heal|p2a: Yveltal|100\/100 brn\n|-singleturn|p2a: Yveltal|move: Roost\n|\n|-damage|p2a: Yveltal|94\/100 brn|[from] brn\n|upkeep\n|turn|169\n|\n|t:|1653365791\n|switch|p2a: Eternatus|Eternatus|59\/100 brn\n|-ability|p2a: Eternatus|Pressure\n|move|p1a: Ferrothorn|Spikes|p2a: Eternatus\n|-sidestart|p2: rooopos|Spikes\n|\n|-damage|p2a: Eternatus|52\/100 brn|[from] brn\n|upkeep\n|turn|170\n|\n|t:|1653365797\n|switch|p2a: Yveltal|Yveltal|94\/100 brn\n|-ability|p2a: Yveltal|Dark Aura\n|switch|p1a: Toxapex|Toxapex, F|100\/100\n|\n|-damage|p2a: Yveltal|88\/100 brn|[from] brn\n|upkeep\n|turn|171\n|\n|t:|1653365800\n|switch|p1a: Ferrothorn|Ferrothorn, M|95\/100\n|move|p2a: Yveltal|Defog|p1a: Ferrothorn\n|-unboost|p1a: Ferrothorn|evasion|1\n|-sideend|p2: rooopos|Spikes|[from] move: Defog|[of] p2a: Yveltal\n|\n|-damage|p2a: Yveltal|82\/100 brn|[from] brn\n|upkeep\n|turn|172\n|\n|t:|1653365806\n|switch|p2a: Eternatus|Eternatus|52\/100 brn\n|-ability|p2a: Eternatus|Pressure\n|move|p1a: Ferrothorn|Spikes|p2a: Eternatus\n|-sidestart|p2: rooopos|Spikes\n|\n|-damage|p2a: Eternatus|46\/100 brn|[from] brn\n|upkeep\n|turn|173\n|\n|t:|1653365810\n|switch|p1a: Blissey|Blissey, F|86\/100\n|move|p2a: Eternatus|Recover|p2a: Eternatus\n|-heal|p2a: Eternatus|96\/100 brn\n|\n|-damage|p2a: Eternatus|90\/100 brn|[from] brn\n|upkeep\n|turn|174\n|\n|t:|1653365813\n|switch|p2a: Rayquaza|Rayquaza|100\/100\n|-ability|p2a: Rayquaza|Air Lock\n|move|p1a: Blissey|Confide|p2a: Rayquaza\n|-unboost|p2a: Rayquaza|spa|1\n|\n|upkeep\n|turn|175\n|\n|t:|1653365818\n|switch|p1a: Lunala|Lunala|100\/100\n|move|p2a: Rayquaza|Dragon Dance|p2a: Rayquaza\n|-boost|p2a: Rayquaza|atk|1\n|-boost|p2a: Rayquaza|spe|1\n|\n|upkeep\n|turn|176\n|\n|t:|1653365823\n|switch|p2a: Necrozma|Necrozma-Dusk-Mane|94\/100 brn\n|-damage|p2a: Necrozma|82\/100 brn|[from] Spikes\n|move|p1a: Lunala|Ice Beam|p2a: Necrozma\n|-resisted|p2a: Necrozma\n|-damage|p2a: Necrozma|73\/100 brn\n|\n|-damage|p2a: Necrozma|67\/100 brn|[from] brn\n|upkeep\n|turn|177\n|\n|t:|1653365842\n|switch|p1a: Ferrothorn|Ferrothorn, M|95\/100\n|move|p2a: Necrozma|Moonlight|p2a: Necrozma\n|-heal|p2a: Necrozma|100\/100 brn\n|\n|-damage|p2a: Necrozma|94\/100 brn|[from] brn\n|upkeep\n|turn|178\n|\n|t:|1653365847\n|switch|p2a: Rayquaza|Rayquaza|100\/100\n|-ability|p2a: Rayquaza|Air Lock\n|move|p1a: Ferrothorn|Body Press|p2a: Rayquaza\n|-resisted|p2a: Rayquaza\n|-damage|p2a: Rayquaza|85\/100\n|\n|upkeep\n|turn|179\n|\n|t:|1653365855\n|switch|p1a: Lunala|Lunala|100\/100\n|move|p2a: Rayquaza|Dragon Dance|p2a: Rayquaza\n|-boost|p2a: Rayquaza|atk|1\n|-boost|p2a: Rayquaza|spe|1\n|\n|upkeep\n|turn|180\n|\n|t:|1653365859\n|switch|p2a: Yveltal|Yveltal|82\/100 brn\n|-ability|p2a: Yveltal|Dark Aura\n|move|p1a: Lunala|Will-O-Wisp|p2a: Yveltal\n|-fail|p2a: Yveltal|brn\n|\n|-damage|p2a: Yveltal|76\/100 brn|[from] brn\n|upkeep\n|turn|181\n|\n|t:|1653365865\n|switch|p1a: Ferrothorn|Ferrothorn, M|95\/100\n|move|p2a: Yveltal|Defog|p1a: Ferrothorn\n|-unboost|p1a: Ferrothorn|evasion|1\n|-sideend|p2: rooopos|Spikes|[from] move: Defog|[of] p2a: Yveltal\n|\n|-damage|p2a: Yveltal|70\/100 brn|[from] brn\n|upkeep\n|turn|182\n|\n|t:|1653365871\n|switch|p2a: Eternatus|Eternatus|90\/100 brn\n|-ability|p2a: Eternatus|Pressure\n|move|p1a: Ferrothorn|Spikes|p2a: Eternatus\n|-sidestart|p2: rooopos|Spikes\n|\n|-damage|p2a: Eternatus|84\/100 brn|[from] brn\n|upkeep\n|turn|183\n|\n|t:|1653365876\n|switch|p2a: Rayquaza|Rayquaza|85\/100\n|-ability|p2a: Rayquaza|Air Lock\n|switch|p1a: Toxapex|Toxapex, F|100\/100\n|\n|upkeep\n|turn|184\n|\n|t:|1653365880\n|switch|p2a: Eternatus|Eternatus|84\/100 brn\n|-damage|p2a: Eternatus|71\/100 brn|[from] Spikes\n|-ability|p2a: Eternatus|Pressure\n|switch|p1a: Lunala|Lunala|100\/100\n|\n|-damage|p2a: Eternatus|65\/100 brn|[from] brn\n|upkeep\n|turn|185\n|\n|t:|1653365889\n|switch|p2a: Necrozma|Necrozma-Dusk-Mane|94\/100 brn\n|-damage|p2a: Necrozma|82\/100 brn|[from] Spikes\n|switch|p1a: Toxapex|Toxapex, F|100\/100\n|\n|-damage|p2a: Necrozma|76\/100 brn|[from] brn\n|upkeep\n|turn|186\n|\n|t:|1653365898\n|switch|p2a: Yveltal|Yveltal|70\/100 brn\n|-ability|p2a: Yveltal|Dark Aura\n|switch|p1a: Ferrothorn|Ferrothorn, M|95\/100\n|\n|-damage|p2a: Yveltal|64\/100 brn|[from] brn\n|upkeep\n|turn|187\n|\n|t:|1653365903\n|move|p2a: Yveltal|Defog|p1a: Ferrothorn\n|-unboost|p1a: Ferrothorn|evasion|1\n|-sideend|p2: rooopos|Spikes|[from] move: Defog|[of] p2a: Yveltal\n|move|p1a: Ferrothorn|Iron Defense|p1a: Ferrothorn\n|-boost|p1a: Ferrothorn|def|2\n|\n|-damage|p2a: Yveltal|58\/100 brn|[from] brn\n|upkeep\n|turn|188\n|\n|t:|1653365908\n|switch|p2a: Eternatus|Eternatus|65\/100 brn\n|-ability|p2a: Eternatus|Pressure\n|move|p1a: Ferrothorn|Body Press|p2a: Eternatus\n|-resisted|p2a: Eternatus\n|-damage|p2a: Eternatus|38\/100 brn\n|\n|-damage|p2a: Eternatus|32\/100 brn|[from] brn\n|upkeep\n|turn|189\n|\n|t:|1653365914\n|switch|p1a: Toxapex|Toxapex, F|100\/100\n|move|p2a: Eternatus|Recover|p2a: Eternatus\n|-heal|p2a: Eternatus|82\/100 brn\n|\n|-damage|p2a: Eternatus|76\/100 brn|[from] brn\n|upkeep\n|turn|190\n|\n|t:|1653365919\n|switch|p2a: Necrozma|Necrozma-Dusk-Mane|76\/100 brn\n|switch|p1a: Blissey|Blissey, F|86\/100\n|\n|-damage|p2a: Necrozma|70\/100 brn|[from] brn\n|upkeep\n|turn|191\n|\n|t:|1653365922\n|switch|p1a: Ferrothorn|Ferrothorn, M|95\/100\n|move|p2a: Necrozma|Moonlight|p2a: Necrozma\n|-heal|p2a: Necrozma|100\/100 brn\n|\n|-damage|p2a: Necrozma|94\/100 brn|[from] brn\n|upkeep\n|turn|192\n|\n|t:|1653365926\n|switch|p2a: Rayquaza|Rayquaza|85\/100\n|-ability|p2a: Rayquaza|Air Lock\n|move|p1a: Ferrothorn|Spikes|p2a: Rayquaza\n|-sidestart|p2: rooopos|Spikes\n|\n|upkeep\n|turn|193\n|\n|t:|1653365931\n|switch|p1a: Lunala|Lunala|100\/100\n|move|p2a: Rayquaza|Dragon Dance|p2a: Rayquaza\n|-boost|p2a: Rayquaza|atk|1\n|-boost|p2a: Rayquaza|spe|1\n|\n|upkeep\n|turn|194\n|\n|t:|1653365936\n|switch|p2a: Yveltal|Yveltal|58\/100 brn\n|-ability|p2a: Yveltal|Dark Aura\n|move|p1a: Lunala|Will-O-Wisp|p2a: Yveltal\n|-fail|p2a: Yveltal|brn\n|\n|-damage|p2a: Yveltal|52\/100 brn|[from] brn\n|upkeep\n|turn|195\n|\n|t:|1653365942\n|switch|p1a: Ferrothorn|Ferrothorn, M|95\/100\n|move|p2a: Yveltal|Roost|p2a: Yveltal\n|-heal|p2a: Yveltal|100\/100 brn\n|-singleturn|p2a: Yveltal|move: Roost\n|\n|-damage|p2a: Yveltal|94\/100 brn|[from] brn\n|upkeep\n|turn|196\n|\n|t:|1653365949\n|move|p2a: Yveltal|Defog|p1a: Ferrothorn\n|-unboost|p1a: Ferrothorn|evasion|1\n|-sideend|p2: rooopos|Spikes|[from] move: Defog|[of] p2a: Yveltal\n|move|p1a: Ferrothorn|Leech Seed|p2a: Yveltal\n|-start|p2a: Yveltal|move: Leech Seed\n|\n|-damage|p2a: Yveltal|82\/100 brn|[from] Leech Seed|[of] p1a: Ferrothorn\n|-heal|p1a: Ferrothorn|100\/100|[silent]\n|-damage|p2a: Yveltal|76\/100 brn|[from] brn\n|upkeep\n|turn|197\n|\n|t:|1653365955\n|switch|p2a: Rayquaza|Rayquaza|85\/100\n|-ability|p2a: Rayquaza|Air Lock\n|move|p1a: Ferrothorn|Spikes|p2a: Rayquaza\n|-sidestart|p2: rooopos|Spikes\n|\n|upkeep\n|turn|198\n|\n|t:|1653365966\n|switch|p1a: Lunala|Lunala|100\/100\n|move|p2a: Rayquaza|Dragon Dance|p2a: Rayquaza\n|-boost|p2a: Rayquaza|atk|1\n|-boost|p2a: Rayquaza|spe|1\n|\n|upkeep\n|turn|199\n|\n|t:|1653365970\n|switch|p2a: Yveltal|Yveltal|76\/100 brn\n|-ability|p2a: Yveltal|Dark Aura\n|move|p1a: Lunala|Ice Beam|p2a: Yveltal\n|-supereffective|p2a: Yveltal\n|-damage|p2a: Yveltal|40\/100 brn\n|\n|-damage|p2a: Yveltal|34\/100 brn|[from] brn\n|upkeep\n|turn|200\n|\n|t:|1653365977\n|move|p1a: Lunala|Ice Beam|p2a: Yveltal\n|-supereffective|p2a: Yveltal\n|-damage|p2a: Yveltal|4\/100 brn\n|move|p2a: Yveltal|Roost|p2a: Yveltal\n|-heal|p2a: Yveltal|54\/100 brn\n|-singleturn|p2a: Yveltal|move: Roost\n|\n|-damage|p2a: Yveltal|48\/100 brn|[from] brn\n|upkeep\n|turn|201\n|\n|t:|1653365983\n|switch|p1a: Ferrothorn|Ferrothorn, M|100\/100\n|move|p2a: Yveltal|Roost|p2a: Yveltal\n|-heal|p2a: Yveltal|98\/100 brn\n|-singleturn|p2a: Yveltal|move: Roost\n|\n|-damage|p2a: Yveltal|92\/100 brn|[from] brn\n|upkeep\n|turn|202\n|\n|t:|1653365995\n|switch|p2a: Rayquaza|Rayquaza|85\/100\n|-ability|p2a: Rayquaza|Air Lock\n|move|p1a: Ferrothorn|Body Press|p2a: Rayquaza\n|-resisted|p2a: Rayquaza\n|-damage|p2a: Rayquaza|69\/100\n|\n|upkeep\n|turn|203\n|\n|t:|1653366015\n|switch|p2a: Yveltal|Yveltal|92\/100 brn\n|-ability|p2a: Yveltal|Dark Aura\n|switch|p1a: Lunala|Lunala|100\/100\n|\n|-damage|p2a: Yveltal|86\/100 brn|[from] brn\n|upkeep\n|turn|204\n|\n|t:|1653366019\n|switch|p1a: Toxapex|Toxapex, F|100\/100\n|move|p2a: Yveltal|Defog|p1a: Toxapex\n|-unboost|p1a: Toxapex|evasion|1\n|-sideend|p2: rooopos|Spikes|[from] move: Defog|[of] p2a: Yveltal\n|\n|-damage|p2a: Yveltal|80\/100 brn|[from] brn\n|upkeep\n|turn|205\n|\n|t:|1653366025\n|switch|p2a: Necrozma|Necrozma-Dusk-Mane|94\/100 brn\n|move|p1a: Toxapex|Knock Off|p2a: Necrozma\n|-supereffective|p2a: Necrozma\n|-damage|p2a: Necrozma|83\/100 brn\n|\n|-damage|p2a: Necrozma|77\/100 brn|[from] brn\n|upkeep\n|turn|206\n|\n|t:|1653366044\n|move|p2a: Necrozma|Dragon Dance|p2a: Necrozma\n|-boost|p2a: Necrozma|atk|1\n|-boost|p2a: Necrozma|spe|1\n|move|p1a: Toxapex|Scald|p2a: Necrozma\n|-damage|p2a: Necrozma|68\/100 brn\n|\n|-damage|p2a: Necrozma|62\/100 brn|[from] brn\n|upkeep\n|turn|207\n|\n|t:|1653366050\n|switch|p1a: Ferrothorn|Ferrothorn, M|100\/100\n|move|p2a: Necrozma|Dragon Dance|p2a: Necrozma\n|-boost|p2a: Necrozma|atk|1\n|-boost|p2a: Necrozma|spe|1\n|\n|-damage|p2a: Necrozma|56\/100 brn|[from] brn\n|upkeep\n|turn|208\n|\n|t:|1653366055\n|switch|p2a: Rayquaza|Rayquaza|69\/100\n|-ability|p2a: Rayquaza|Air Lock\n|move|p1a: Ferrothorn|Iron Defense|p1a: Ferrothorn\n|-boost|p1a: Ferrothorn|def|2\n|\n|upkeep\n|turn|209\n|\n|t:|1653366062\n|switch|p1a: Lunala|Lunala|100\/100\n|move|p2a: Rayquaza|V-create|p1a: Lunala\n|-damage|p1a: Lunala|68\/100\n|-unboost|p2a: Rayquaza|spe|1\n|-unboost|p2a: Rayquaza|def|1\n|-unboost|p2a: Rayquaza|spd|1\n|-damage|p2a: Rayquaza|59\/100|[from] item: Life Orb\n|\n|upkeep\n|turn|210\n|\n|t:|1653366078\n|switch|p2a: Yveltal|Yveltal|80\/100 brn\n|-ability|p2a: Yveltal|Dark Aura\n|move|p1a: Lunala|Roost|p1a: Lunala\n|-heal|p1a: Lunala|100\/100\n|-singleturn|p1a: Lunala|move: Roost\n|\n|-damage|p2a: Yveltal|74\/100 brn|[from] brn\n|upkeep\n|turn|211\n|\n|t:|1653366084\n|switch|p1a: Toxapex|Toxapex, F|100\/100\n|move|p2a: Yveltal|U-turn|p1a: Toxapex\n|-resisted|p1a: Toxapex\n|-damage|p1a: Toxapex|97\/100\n|\n|t:|1653366088\n|switch|p2a: Eternatus|Eternatus|76\/100 brn|[from]move: U-turn\n|-ability|p2a: Eternatus|Pressure\n|\n|-damage|p2a: Eternatus|70\/100 brn|[from] brn\n|upkeep\n|turn|212\n|\n|t:|1653366108\n|switch|p2a: Yveltal|Yveltal|74\/100 brn\n|-ability|p2a: Yveltal|Dark Aura\n|switch|p1a: Blissey|Blissey, F|86\/100\n|\n|-damage|p2a: Yveltal|68\/100 brn|[from] brn\n|upkeep\n|turn|213\n|\n|t:|1653366116\n|switch|p2a: Rayquaza|Rayquaza|59\/100\n|-ability|p2a: Rayquaza|Air Lock\n|switch|p1a: Ferrothorn|Ferrothorn, M|100\/100\n|\n|upkeep\n|turn|214\n|\n|t:|1653366125\n|switch|p1a: Lunala|Lunala|100\/100\n|move|p2a: Rayquaza|Dragon Dance|p2a: Rayquaza\n|-boost|p2a: Rayquaza|atk|1\n|-boost|p2a: Rayquaza|spe|1\n|\n|upkeep\n|turn|215\n|\n|t:|1653366133\n|switch|p2a: Eternatus|Eternatus|70\/100 brn\n|-ability|p2a: Eternatus|Pressure\n|move|p1a: Lunala|Will-O-Wisp|p2a: Eternatus|[miss]\n|-miss|p1a: Lunala|p2a: Eternatus\n|\n|-damage|p2a: Eternatus|63\/100 brn|[from] brn\n|upkeep\n|turn|216\n|\n|t:|1653366146\n|switch|p2a: Kyogre|Kyogre|63\/100\n|-weather|RainDance|[from] ability: Drizzle|[of] p2a: Kyogre\n|switch|p1a: Toxapex|Toxapex, F|100\/100\n|\n|-weather|RainDance|[upkeep]\n|upkeep\n|turn|217\n|\n|t:|1653366153\n|switch|p1a: Blissey|Blissey, F|86\/100\n|move|p2a: Kyogre|Thunder|p1a: Blissey|[miss]\n|-miss|p2a: Kyogre|p1a: Blissey\n|\n|-weather|RainDance|[upkeep]\n|upkeep\n|turn|218\n|\n|t:|1653366163\n|switch|p2a: Yveltal|Yveltal|68\/100 brn\n|-ability|p2a: Yveltal|Dark Aura\n|move|p1a: Blissey|Soft-Boiled|p1a: Blissey\n|-heal|p1a: Blissey|100\/100\n|\n|-weather|RainDance|[upkeep]\n|-damage|p2a: Yveltal|62\/100 brn|[from] brn\n|upkeep\n|turn|219\n|\n|t:|1653366169\n|switch|p2a: Rayquaza|Rayquaza|59\/100\n|-ability|p2a: Rayquaza|Air Lock\n|switch|p1a: Ferrothorn|Ferrothorn, M|100\/100\n|\n|-weather|RainDance|[upkeep]\n|upkeep\n|turn|220\n|\n|t:|1653366173\n|switch|p1a: Lunala|Lunala|100\/100\n|move|p2a: Rayquaza|Dragon Dance|p2a: Rayquaza\n|-boost|p2a: Rayquaza|atk|1\n|-boost|p2a: Rayquaza|spe|1\n|\n|-weather|none\n|upkeep\n|turn|221\n|\n|t:|1653366177\n|switch|p2a: Yveltal|Yveltal|62\/100 brn\n|-ability|p2a: Yveltal|Dark Aura\n|move|p1a: Lunala|Will-O-Wisp|p2a: Yveltal\n|-fail|p2a: Yveltal|brn\n|\n|-damage|p2a: Yveltal|56\/100 brn|[from] brn\n|upkeep\n|turn|222\n|\n|t:|1653366187\n|switch|p1a: Toxapex|Toxapex, F|100\/100\n|move|p2a: Yveltal|U-turn|p1a: Toxapex\n|-resisted|p1a: Toxapex\n|-damage|p1a: Toxapex|97\/100\n|\n|t:|1653366191\n|switch|p2a: Kyogre|Kyogre|63\/100|[from]move: U-turn\n|-weather|RainDance|[from] ability: Drizzle|[of] p2a: Kyogre\n|\n|-weather|RainDance|[upkeep]\n|upkeep\n|turn|223\n|\n|t:|1653366195\n|switch|p1a: Blissey|Blissey, F|100\/100\n|move|p2a: Kyogre|Thunder|p1a: Blissey\n|-damage|p1a: Blissey|87\/100\n|\n|-weather|RainDance|[upkeep]\n|upkeep\n|turn|224\n|\n|t:|1653366200\n|switch|p2a: Rayquaza|Rayquaza|59\/100\n|-ability|p2a: Rayquaza|Air Lock\n|move|p1a: Blissey|Wish|p1a: Blissey\n|\n|-weather|RainDance|[upkeep]\n|upkeep\n|turn|225\n|\n|t:|1653366208\n|switch|p1a: Lunala|Lunala|100\/100\n|move|p2a: Rayquaza|Dragon Dance|p2a: Rayquaza\n|-boost|p2a: Rayquaza|atk|1\n|-boost|p2a: Rayquaza|spe|1\n|\n|-weather|RainDance|[upkeep]\n|upkeep\n|turn|226\n|\n|t:|1653366219\n|switch|p2a: Eternatus|Eternatus|63\/100 brn\n|-ability|p2a: Eternatus|Pressure\n|move|p1a: Lunala|Ice Beam|p2a: Eternatus\n|-supereffective|p2a: Eternatus\n|-damage|p2a: Eternatus|23\/100 brn\n|\n|-weather|none\n|-damage|p2a: Eternatus|17\/100 brn|[from] brn\n|upkeep\n|turn|227\n|\n|t:|1653366225\n|switch|p1a: Toxapex|Toxapex, F|100\/100\n|move|p2a: Eternatus|Sludge Bomb|p1a: Toxapex\n|-resisted|p1a: Toxapex\n|-damage|p1a: Toxapex|82\/100\n|\n|-damage|p2a: Eternatus|11\/100 brn|[from] brn\n|upkeep\n|turn|228\n|\n|t:|1653366236\n|switch|p2a: Necrozma|Necrozma-Dusk-Mane|56\/100 brn\n|move|p1a: Toxapex|Toxic||[still]\n|-fail|p1a: Toxapex\n|\n|-damage|p2a: Necrozma|50\/100 brn|[from] brn\n|upkeep\n|turn|229\n|\n|t:|1653366244\n|move|p2a: Necrozma|Moonlight|p2a: Necrozma\n|-heal|p2a: Necrozma|99\/100 brn\n|move|p1a: Toxapex|Scald|p2a: Necrozma\n|-damage|p2a: Necrozma|90\/100 brn\n|\n|-damage|p2a: Necrozma|84\/100 brn|[from] brn\n|upkeep\n|turn|230\n|\n|t:|1653366252\n|move|p2a: Necrozma|Dragon Dance|p2a: Necrozma\n|-boost|p2a: Necrozma|atk|1\n|-boost|p2a: Necrozma|spe|1\n|move|p1a: Toxapex|Scald|p2a: Necrozma\n|-damage|p2a: Necrozma|74\/100 brn\n|\n|-damage|p2a: Necrozma|68\/100 brn|[from] brn\n|upkeep\n|turn|231\n|\n|t:|1653366255\n|switch|p1a: Ferrothorn|Ferrothorn, M|100\/100\n|move|p2a: Necrozma|Dragon Dance|p2a: Necrozma\n|-boost|p2a: Necrozma|atk|1\n|-boost|p2a: Necrozma|spe|1\n|\n|-damage|p2a: Necrozma|62\/100 brn|[from] brn\n|upkeep\n|turn|232\n|\n|t:|1653366260\n|switch|p2a: Rayquaza|Rayquaza|59\/100\n|-ability|p2a: Rayquaza|Air Lock\n|move|p1a: Ferrothorn|Leech Seed|p2a: Rayquaza\n|-start|p2a: Rayquaza|move: Leech Seed\n|\n|-damage|p2a: Rayquaza|47\/100|[from] Leech Seed|[of] p1a: Ferrothorn\n|upkeep\n|turn|233\n|\n|t:|1653366272\n|switch|p1a: Lunala|Lunala|100\/100\n|move|p2a: Rayquaza|V-create|p1a: Lunala\n|-damage|p1a: Lunala|72\/100\n|-unboost|p2a: Rayquaza|spe|1\n|-unboost|p2a: Rayquaza|def|1\n|-unboost|p2a: Rayquaza|spd|1\n|-damage|p2a: Rayquaza|37\/100|[from] item: Life Orb\n|\n|-damage|p2a: Rayquaza|25\/100|[from] Leech Seed|[of] p1a: Lunala\n|-heal|p1a: Lunala|81\/100|[silent]\n|upkeep\n|turn|234\n|\n|t:|1653366276\n|switch|p2a: Yveltal|Yveltal|56\/100 brn\n|-ability|p2a: Yveltal|Dark Aura\n|move|p1a: Lunala|Roost|p1a: Lunala\n|-heal|p1a: Lunala|100\/100\n|-singleturn|p1a: Lunala|move: Roost\n|\n|-damage|p2a: Yveltal|50\/100 brn|[from] brn\n|upkeep\n|turn|235\n|\n|t:|1653366284\n|switch|p1a: Ferrothorn|Ferrothorn, M|100\/100\n|move|p2a: Yveltal|Roost|p2a: Yveltal\n|-heal|p2a: Yveltal|99\/100 brn\n|-singleturn|p2a: Yveltal|move: Roost\n|\n|-damage|p2a: Yveltal|94\/100 brn|[from] brn\n|upkeep\n|turn|236\n|\n|t:|1653366289\n|move|p2a: Yveltal|Knock Off|p1a: Ferrothorn\n|-damage|p1a: Ferrothorn|89\/100\n|-damage|p2a: Yveltal|81\/100 brn|[from] ability: Iron Barbs|[of] p1a: Ferrothorn\n|move|p1a: Ferrothorn|Spikes|p2a: Yveltal\n|-sidestart|p2: rooopos|Spikes\n|\n|-damage|p2a: Yveltal|75\/100 brn|[from] brn\n|upkeep\n|turn|237\n|\n|t:|1653366297\n|move|p2a: Yveltal|Defog|p1a: Ferrothorn\n|-unboost|p1a: Ferrothorn|evasion|1\n|-sideend|p2: rooopos|Spikes|[from] move: Defog|[of] p2a: Yveltal\n|move|p1a: Ferrothorn|Iron Defense|p1a: Ferrothorn\n|-boost|p1a: Ferrothorn|def|2\n|\n|-damage|p2a: Yveltal|69\/100 brn|[from] brn\n|upkeep\n|turn|238\n|\n|t:|1653366300\n|switch|p2a: Eternatus|Eternatus|11\/100 brn\n|-ability|p2a: Eternatus|Pressure\n|move|p1a: Ferrothorn|Body Press|p2a: Eternatus\n|-resisted|p2a: Eternatus\n|-damage|p2a: Eternatus|0 fnt\n|faint|p2a: Eternatus\n|\n|upkeep\n|\n|t:|1653366304\n|switch|p2a: Rayquaza|Rayquaza|25\/100\n|-ability|p2a: Rayquaza|Air Lock\n|turn|239\n|\n|t:|1653366311\n|switch|p1a: Lunala|Lunala|100\/100\n|move|p2a: Rayquaza|Dragon Dance|p2a: Rayquaza\n|-boost|p2a: Rayquaza|atk|1\n|-boost|p2a: Rayquaza|spe|1\n|\n|upkeep\n|turn|240\n|\n|t:|1653366315\n|switch|p2a: Kyogre|Kyogre|63\/100\n|-weather|RainDance|[from] ability: Drizzle|[of] p2a: Kyogre\n|move|p1a: Lunala|Will-O-Wisp|p2a: Kyogre\n|-status|p2a: Kyogre|brn\n|\n|-weather|RainDance|[upkeep]\n|-damage|p2a: Kyogre|57\/100 brn|[from] brn\n|upkeep\n|turn|241\n|l|duskofsurtr\n|\n|t:|1653366331\n|switch|p1a: Blissey|Blissey, F|87\/100\n|switch|p2a: Rayquaza|Rayquaza|25\/100\n|-ability|p2a: Rayquaza|Air Lock\n|\n|-weather|RainDance|[upkeep]\n|upkeep\n|turn|242\n|\n|t:|1653366334\n|switch|p1a: Lunala|Lunala|100\/100\n|move|p2a: Rayquaza|Dragon Dance|p2a: Rayquaza\n|-boost|p2a: Rayquaza|atk|1\n|-boost|p2a: Rayquaza|spe|1\n|\n|-weather|RainDance|[upkeep]\n|upkeep\n|turn|243\n|\n|t:|1653366338\n|switch|p2a: Necrozma|Necrozma-Dusk-Mane|62\/100 brn\n|move|p1a: Lunala|Will-O-Wisp|p2a: Necrozma|[miss]\n|-miss|p1a: Lunala|p2a: Necrozma\n|\n|-weather|RainDance|[upkeep]\n|-damage|p2a: Necrozma|56\/100 brn|[from] brn\n|upkeep\n|turn|244\n|\n|t:|1653366346\n|switch|p1a: Ferrothorn|Ferrothorn, M|89\/100\n|move|p2a: Necrozma|Knock Off|p1a: Ferrothorn\n|-damage|p1a: Ferrothorn|83\/100\n|-damage|p2a: Necrozma|43\/100 brn|[from] ability: Iron Barbs|[of] p1a: Ferrothorn\n|\n|-weather|none\n|-damage|p2a: Necrozma|37\/100 brn|[from] brn\n|upkeep\n|turn|245\n|\n|t:|1653366355\n|switch|p2a: Kyogre|Kyogre|57\/100 brn\n|-weather|RainDance|[from] ability: Drizzle|[of] p2a: Kyogre\n|move|p1a: Ferrothorn|Iron Defense|p1a: Ferrothorn\n|-boost|p1a: Ferrothorn|def|2\n|\n|-weather|RainDance|[upkeep]\n|-damage|p2a: Kyogre|51\/100 brn|[from] brn\n|upkeep\n|turn|246\n|\n|t:|1653366358\n|move|p2a: Kyogre|Ice Beam|p1a: Ferrothorn\n|-damage|p1a: Ferrothorn|50\/100\n|move|p1a: Ferrothorn|Body Press|p2a: Kyogre\n|-damage|p2a: Kyogre|0 fnt\n|faint|p2a: Kyogre\n|\n|-weather|RainDance|[upkeep]\n|upkeep\n|\n|t:|1653366362\n|switch|p2a: Rayquaza|Rayquaza|25\/100\n|-ability|p2a: Rayquaza|Air Lock\n|turn|247\n|\n|t:|1653366368\n|switch|p1a: Lunala|Lunala|100\/100\n|move|p2a: Rayquaza|Dragon Dance|p2a: Rayquaza\n|-boost|p2a: Rayquaza|atk|1\n|-boost|p2a: Rayquaza|spe|1\n|\n|-weather|RainDance|[upkeep]\n|upkeep\n|turn|248\n|\n|t:|1653366374\n|move|p2a: Rayquaza|Dragon Ascent|p1a: Lunala\n|-damage|p1a: Lunala|53\/100\n|-unboost|p2a: Rayquaza|def|1\n|-unboost|p2a: Rayquaza|spd|1\n|-damage|p2a: Rayquaza|15\/100|[from] item: Life Orb\n|move|p1a: Lunala|Will-O-Wisp|p2a: Rayquaza\n|-status|p2a: Rayquaza|brn\n|\n|-weather|RainDance|[upkeep]\n|-damage|p2a: Rayquaza|9\/100 brn|[from] brn\n|upkeep\n|turn|249\n|\n|t:|1653366378\n|move|p2a: Rayquaza|Dragon Ascent|p1a: Lunala\n|-damage|p1a: Lunala|10\/100\n|-unboost|p2a: Rayquaza|def|1\n|-unboost|p2a: Rayquaza|spd|1\n|-damage|p2a: Rayquaza|0 fnt|[from] item: Life Orb\n|faint|p2a: Rayquaza\n|move|p1a: Lunala|Roost|p1a: Lunala\n|-heal|p1a: Lunala|60\/100\n|-singleturn|p1a: Lunala|move: Roost\n|\n|-weather|none\n|upkeep\n|c|\u2606rooopos|gg\n|c|\u2606ULT9NS 369|gg\n|-message|rooopos forfeited.\n|\n|win|ULT9NS 369\n|raw|ULT9NS 369's rating: 1599 &rarr; <strong>1613<\/strong><br \/>(+14 for winning)\n|raw|rooopos's rating: 1487 &rarr; <strong>1473<\/strong><br \/>(-14 for losing)\n|l|\u2606rooopos\n|l| Acinonyx35\n|l| Ult9ns louisix\n|l|\u2606ULT9NS 369\n","uploadtime":1653366395,"views":17,"p1id":"ult9ns369","p2id":"rooopos","formatid":"gen8ubers","rating":1473,"private":0,"password":null}