{"id":"gen8nationaldexuu-1609681699","p1":"SirFresh","p2":"CarefreeCrayon","format":"gen8nationaldexuu","log":"|j|\u2606SirFresh\n|j|\u2606CarefreeCrayon\n|t:|1656886496\n|gametype|singles\n|player|p1|SirFresh|palmer|\n|player|p2|CarefreeCrayon|winona|\n|teamsize|p1|6\n|teamsize|p2|6\n|gen|8\n|tier|[Gen 8] National Dex UU\n|rule|HP Percentage Mod: HP is shown in percentages\n|rule|Endless Battle Clause: Forcing endless battles is banned\n|rule|OHKO Clause: OHKO moves are banned\n|rule|Evasion Moves Clause: Evasion moves are banned\n|rule|Species Clause: Limit one of each Pok\u00e9mon\n|rule|Dynamax Clause: You cannot dynamax\n|rule|Sleep Clause Mod: Limit one foe put to sleep\n|clearpoke\n|poke|p1|Sceptile, M|\n|poke|p1|Milotic, F|\n|poke|p1|Doublade, M|\n|poke|p1|Gardevoir, F|\n|poke|p1|Claydol|\n|poke|p1|Jolteon, M|\n|poke|p2|Suicune|\n|poke|p2|Incineroar, F|\n|poke|p2|Duraludon, F|\n|poke|p2|Lycanroc, F|\n|poke|p2|Exeggutor, F|\n|poke|p2|Togetic, F|\n|teampreview\n|inactive|Battle timer is ON: inactive players will automatically lose when time's up. (requested by CarefreeCrayon)\n|c|\u2606SirFresh|Glhf\n|\n|t:|1656886506\n|start\n|switch|p1a: Zatch|Jolteon, M|100\/100\n|switch|p2a: Lycanroc|Lycanroc, F|100\/100\n|turn|1\n|\n|t:|1656886517\n|move|p1a: Zatch|Volt Switch|p2a: Lycanroc\n|-damage|p2a: Lycanroc|18\/100\n|c|\u2606CarefreeCrayon|glhf\n|\n|t:|1656886525\n|switch|p1a: Emiya|Doublade, M|100\/100|[from]move: Volt Switch\n|move|p2a: Lycanroc|Stealth Rock|p1a: Emiya\n|-sidestart|p1: SirFresh|move: Stealth Rock\n|\n|upkeep\n|turn|2\n|\n|t:|1656886543\n|switch|p2a: Incineroar|Incineroar, F|100\/100\n|-ability|p2a: Incineroar|Intimidate|boost\n|-unboost|p1a: Emiya|atk|1\n|move|p1a: Emiya|Shadow Sneak|p2a: Incineroar\n|-resisted|p2a: Incineroar\n|-damage|p2a: Incineroar|94\/100\n|\n|upkeep\n|turn|3\n|\n|t:|1656886550\n|switch|p1a: Inception|Claydol|100\/100\n|-damage|p1a: Inception|94\/100|[from] Stealth Rock\n|move|p2a: Incineroar|Knock Off|p1a: Inception\n|-supereffective|p1a: Inception\n|-enditem|p1a: Inception|Colbur Berry|[eat]\n|-enditem|p1a: Inception|Colbur Berry|[weaken]\n|-damage|p1a: Inception|47\/100\n|\n|upkeep\n|turn|4\n|\n|t:|1656886573\n|switch|p1a: Groot|Sceptile, M|100\/100\n|-damage|p1a: Groot|88\/100|[from] Stealth Rock\n|switch|p2a: Togetic|Togetic, F|100\/100\n|\n|upkeep\n|turn|5\n|\n|t:|1656886590\n|switch|p1a: Inception|Claydol|47\/100\n|-damage|p1a: Inception|41\/100|[from] Stealth Rock\n|switch|p2a: Incineroar|Incineroar, F|94\/100\n|-ability|p2a: Incineroar|Intimidate|boost\n|-unboost|p1a: Inception|atk|1\n|\n|upkeep\n|turn|6\n|\n|t:|1656886600\n|switch|p1a: Katara|Milotic, F|100\/100\n|-damage|p1a: Katara|88\/100|[from] Stealth Rock\n|move|p2a: Incineroar|Fake Out|p1a: Katara\n|-damage|p1a: Katara|77\/100\n|-damage|p2a: Incineroar|77\/100|[from] item: Rocky Helmet|[of] p1a: Katara\n|\n|upkeep\n|turn|7\n|inactive|CarefreeCrayon has 270 seconds left.\n|\n|t:|1656886622\n|switch|p2a: Togetic|Togetic, F|100\/100\n|move|p1a: Katara|Scald|p2a: Togetic\n|-damage|p2a: Togetic|86\/100\n|\n|upkeep\n|turn|8\n|inactive|CarefreeCrayon has 270 seconds left.\n|\n|t:|1656886633\n|move|p1a: Katara|Toxic|p2a: Togetic\n|-status|p2a: Togetic|tox\n|move|p2a: Togetic|Dazzling Gleam|p1a: Katara\n|-damage|p1a: Katara|60\/100\n|\n|-damage|p2a: Togetic|80\/100 tox|[from] psn\n|upkeep\n|turn|9\n|\n|t:|1656886642\n|move|p1a: Katara|Recover|p1a: Katara\n|-heal|p1a: Katara|100\/100\n|move|p2a: Togetic|Wish|p2a: Togetic\n|\n|-damage|p2a: Togetic|68\/100 tox|[from] psn\n|upkeep\n|turn|10\n|\n|t:|1656886652\n|move|p1a: Katara|Scald|p2a: Togetic\n|-damage|p2a: Togetic|54\/100 tox\n|move|p2a: Togetic|Heal Bell|p2a: Togetic\n|-activate|p2a: Togetic|move: Heal Bell\n|-curestatus|p2a: Togetic|tox|[msg]\n|\n|-heal|p2a: Togetic|100\/100|[from] move: Wish|[wisher] Togetic\n|upkeep\n|turn|11\n|\n|t:|1656886661\n|move|p2a: Togetic|Protect|p2a: Togetic\n|-singleturn|p2a: Togetic|Protect\n|move|p1a: Katara|Toxic|p2a: Togetic\n|-activate|p2a: Togetic|move: Protect\n|\n|upkeep\n|turn|12\n|\n|t:|1656886678\n|move|p1a: Katara|Scald|p2a: Togetic\n|-damage|p2a: Togetic|87\/100\n|move|p2a: Togetic|Dazzling Gleam|p1a: Katara\n|-damage|p1a: Katara|83\/100\n|\n|upkeep\n|turn|13\n|\n|t:|1656886697\n|move|p1a: Katara|Toxic|p2a: Togetic\n|-status|p2a: Togetic|tox\n|move|p2a: Togetic|Dazzling Gleam|p1a: Katara\n|-damage|p1a: Katara|65\/100\n|\n|-damage|p2a: Togetic|81\/100 tox|[from] psn\n|upkeep\n|turn|14\n|inactive|CarefreeCrayon has 270 seconds left.\n|\n|t:|1656886718\n|switch|p1a: Inception|Claydol|41\/100\n|-damage|p1a: Inception|35\/100|[from] Stealth Rock\n|move|p2a: Togetic|Dazzling Gleam|p1a: Inception\n|-damage|p1a: Inception|20\/100\n|\n|-damage|p2a: Togetic|69\/100 tox|[from] psn\n|upkeep\n|turn|15\n|inactive|CarefreeCrayon has 270 seconds left.\n|\n|t:|1656886748\n|move|p1a: Inception|Stealth Rock|p2a: Togetic\n|-sidestart|p2: CarefreeCrayon|move: Stealth Rock\n|move|p2a: Togetic|Wish|p2a: Togetic\n|\n|-damage|p2a: Togetic|50\/100 tox|[from] psn\n|upkeep\n|turn|16\n|\n|t:|1656886764\n|move|p1a: Inception|Rapid Spin|p2a: Togetic\n|-damage|p2a: Togetic|44\/100 tox\n|-boost|p1a: Inception|spe|1\n|-sideend|p1: SirFresh|Stealth Rock|[from] move: Rapid Spin|[of] p1a: Inception\n|move|p2a: Togetic|Heal Bell|p2a: Togetic\n|-activate|p2a: Togetic|move: Heal Bell\n|-curestatus|p2a: Togetic|tox|[msg]\n|\n|-heal|p2a: Togetic|94\/100|[from] move: Wish|[wisher] Togetic\n|upkeep\n|turn|17\n|inactive|CarefreeCrayon has 240 seconds left.\n|\n|t:|1656886797\n|switch|p2a: Suicune|Suicune|100\/100\n|-damage|p2a: Suicune|88\/100|[from] Stealth Rock\n|move|p1a: Inception|Light Screen|p1a: Inception\n|-sidestart|p1: SirFresh|move: Light Screen\n|\n|-heal|p2a: Suicune|94\/100|[from] item: Leftovers\n|upkeep\n|turn|18\n|\n|t:|1656886805\n|switch|p1a: Zatch|Jolteon, M|100\/100\n|move|p2a: Suicune|Substitute|p2a: Suicune\n|-start|p2a: Suicune|Substitute\n|-damage|p2a: Suicune|69\/100\n|\n|-heal|p2a: Suicune|76\/100|[from] item: Leftovers\n|upkeep\n|turn|19\n|\n|t:|1656886812\n|move|p1a: Zatch|Thunderbolt|p2a: Suicune\n|-supereffective|p2a: Suicune\n|-end|p2a: Suicune|Substitute\n|move|p2a: Suicune|Scald|p1a: Zatch\n|-damage|p1a: Zatch|80\/100\n|-status|p1a: Zatch|brn\n|\n|-heal|p2a: Suicune|82\/100|[from] item: Leftovers\n|-damage|p1a: Zatch|74\/100 brn|[from] brn\n|upkeep\n|turn|20\n|inactive|CarefreeCrayon has 240 seconds left.\n|\n|t:|1656886841\n|switch|p2a: Duraludon|Duraludon, F|100\/100\n|-damage|p2a: Duraludon|94\/100|[from] Stealth Rock\n|move|p1a: Zatch|Thunderbolt|p2a: Duraludon\n|-resisted|p2a: Duraludon\n|-damage|p2a: Duraludon|48\/100\n|\n|-damage|p1a: Zatch|68\/100 brn|[from] brn\n|upkeep\n|turn|21\n|\n|t:|1656886854\n|switch|p1a: Zelda|Gardevoir, F|100\/100\n|-ability|p1a: Zelda|Light Metal|[from] ability: Trace|[of] p2a: Duraludon\n|move|p2a: Duraludon|Draco Meteor|p1a: Zelda\n|-immune|p1a: Zelda\n|\n|-sideend|p1: SirFresh|move: Light Screen\n|upkeep\n|turn|22\n|j| Thrillho42069\n|\n|t:|1656886870\n|switch|p2a: Incineroar|Incineroar, F|77\/100\n|-damage|p2a: Incineroar|52\/100|[from] Stealth Rock\n|-ability|p2a: Incineroar|Intimidate|boost\n|-unboost|p1a: Zelda|atk|1\n|move|p1a: Zelda|Moonblast|p2a: Incineroar\n|-damage|p2a: Incineroar|7\/100\n|-enditem|p2a: Incineroar|Sitrus Berry|[eat]\n|-heal|p2a: Incineroar|32\/100|[from] item: Sitrus Berry\n|\n|upkeep\n|turn|23\n|inactive|CarefreeCrayon has 210 seconds left.\n|c|\u2606CarefreeCrayon|oops\n|\n|t:|1656886890\n|switch|p1a: Katara|Milotic, F|65\/100\n|move|p2a: Incineroar|Fake Out|p1a: Katara\n|-damage|p1a: Katara|55\/100\n|-damage|p2a: Incineroar|16\/100|[from] item: Rocky Helmet|[of] p1a: Katara\n|\n|upkeep\n|turn|24\n|inactive|CarefreeCrayon has 210 seconds left.\n|\n|t:|1656886900\n|switch|p2a: Exeggutor|Exeggutor, F|100\/100\n|-damage|p2a: Exeggutor|88\/100|[from] Stealth Rock\n|move|p1a: Katara|Recover|p1a: Katara\n|-heal|p1a: Katara|100\/100\n|\n|upkeep\n|turn|25\n|\n|t:|1656886911\n|switch|p1a: Inception|Claydol|20\/100\n|move|p2a: Exeggutor|Toxic|p1a: Inception\n|-status|p1a: Inception|tox\n|\n|-damage|p1a: Inception|14\/100 tox|[from] psn\n|upkeep\n|turn|26\n|\n|t:|1656886919\n|move|p2a: Exeggutor|Energy Ball|p1a: Inception\n|-supereffective|p1a: Inception\n|-damage|p1a: Inception|0 fnt\n|faint|p1a: Inception\n|\n|upkeep\n|\n|t:|1656886923\n|switch|p1a: Zelda|Gardevoir, F|100\/100\n|-ability|p1a: Zelda|Harvest|[from] ability: Trace|[of] p2a: Exeggutor\n|turn|27\n|\n|t:|1656886931\n|move|p1a: Zelda|Moonblast|p2a: Exeggutor\n|-damage|p2a: Exeggutor|24\/100\n|-enditem|p2a: Exeggutor|Aguav Berry|[eat]\n|-heal|p2a: Exeggutor|57\/100|[from] item: Aguav Berry\n|move|p2a: Exeggutor|Sleep Powder|p1a: Zelda\n|-status|p1a: Zelda|slp|[from] move: Sleep Powder\n|\n|-item|p2a: Exeggutor|Aguav Berry|[from] ability: Harvest\n|upkeep\n|turn|28\n|\n|t:|1656886944\n|switch|p1a: Emiya|Doublade, M|100\/100\n|move|p2a: Exeggutor|Energy Ball|p1a: Emiya\n|-resisted|p1a: Emiya\n|-damage|p1a: Emiya|67\/100\n|\n|upkeep\n|turn|29\n|\n|t:|1656886962\n|switch|p2a: Togetic|Togetic, F|94\/100\n|-damage|p2a: Togetic|69\/100|[from] Stealth Rock\n|move|p1a: Emiya|Swords Dance|p1a: Emiya\n|-boost|p1a: Emiya|atk|2\n|\n|upkeep\n|turn|30\n|\n|t:|1656886978\n|move|p2a: Togetic|Protect|p2a: Togetic\n|-singleturn|p2a: Togetic|Protect\n|move|p1a: Emiya|Swords Dance|p1a: Emiya\n|-boost|p1a: Emiya|atk|2\n|\n|upkeep\n|turn|31\n|inactive|CarefreeCrayon has 210 seconds left.\n|\n|t:|1656887006\n|switch|p2a: Incineroar|Incineroar, F|16\/100\n|-damage|p2a: Incineroar|0 fnt|[from] Stealth Rock\n|faint|p2a: Incineroar\n|move|p1a: Emiya|Shadow Claw|p2: Incineroar|[notarget]\n|-fail|p1a: Emiya\n|\n|upkeep\n|c|\u2606CarefreeCrayon|gg\n|c|\u2606CarefreeCrayon|I don't think I have counter play to that\n|\n|t:|1656887025\n|switch|p2a: Duraludon|Duraludon, F|48\/100\n|-damage|p2a: Duraludon|42\/100|[from] Stealth Rock\n|turn|32\n|\n|t:|1656887031\n|move|p1a: Emiya|Shadow Sneak|p2a: Duraludon\n|-damage|p2a: Duraludon|0 fnt\n|faint|p2a: Duraludon\n|\n|upkeep\n|\n|t:|1656887036\n|switch|p2a: Suicune|Suicune|82\/100\n|-damage|p2a: Suicune|69\/100|[from] Stealth Rock\n|turn|33\n|\n|t:|1656887041\n|move|p2a: Suicune|Scald|p1a: Emiya\n|-damage|p1a: Emiya|21\/100\n|move|p1a: Emiya|Shadow Claw|p2a: Suicune\n|-crit|p2a: Suicune\n|-damage|p2a: Suicune|0 fnt\n|faint|p2a: Suicune\n|\n|upkeep\n|inactive|CarefreeCrayon has 210 seconds left.\n|\n|t:|1656887050\n|switch|p2a: Exeggutor|Exeggutor, F|57\/100\n|-damage|p2a: Exeggutor|44\/100|[from] Stealth Rock\n|turn|34\n|\n|t:|1656887057\n|move|p1a: Emiya|Shadow Sneak|p2a: Exeggutor\n|-supereffective|p2a: Exeggutor\n|-damage|p2a: Exeggutor|0 fnt\n|faint|p2a: Exeggutor\n|\n|upkeep\n|\n|t:|1656887061\n|switch|p2a: Lycanroc|Lycanroc, F|18\/100\n|-damage|p2a: Lycanroc|5\/100|[from] Stealth Rock\n|turn|35\n|\n|t:|1656887065\n|move|p2a: Lycanroc|Accelerock|p1a: Emiya\n|-resisted|p1a: Emiya\n|-damage|p1a: Emiya|16\/100\n|move|p1a: Emiya|Shadow Sneak|p2a: Lycanroc\n|-damage|p2a: Lycanroc|0 fnt\n|faint|p2a: Lycanroc\n|\n|upkeep\n|\n|t:|1656887070\n|switch|p2a: Togetic|Togetic, F|69\/100\n|-damage|p2a: Togetic|44\/100|[from] Stealth Rock\n|turn|36\n|c|\u2606SirFresh|Gg\n|\n|t:|1656887074\n|move|p1a: Emiya|Shadow Sneak|p2a: Togetic\n|-damage|p2a: Togetic|0 fnt\n|faint|p2a: Togetic\n|\n|win|SirFresh\n|l| Thrillho42069\n","uploadtime":1656887081,"views":21,"p1id":"sirfresh","p2id":"carefreecrayon","formatid":"gen8nationaldexuu","rating":0,"private":0,"password":null}