{"id":"gen8ou-1533930002","p1":"daheatahfajita","p2":"big boss 447","format":"gen8ou","log":"|j|\u2606daheatahfajita\n|j|\u2606big boss 447\n|t:|1647673412\n|gametype|singles\n|player|p1|daheatahfajita|169|1741\n|player|p2|big boss 447|harlequin|1705\n|teamsize|p1|6\n|teamsize|p2|6\n|gen|8\n|tier|[Gen 8] OU\n|rated|\n|rule|Sleep Clause Mod: Limit one foe put to sleep\n|rule|Species Clause: Limit one of each Pok\u00e9mon\n|rule|OHKO Clause: OHKO moves are banned\n|rule|Evasion Moves Clause: Evasion moves are banned\n|rule|Endless Battle Clause: Forcing endless battles is banned\n|rule|HP Percentage Mod: HP is shown in percentages\n|rule|Dynamax Clause: You cannot dynamax\n|clearpoke\n|poke|p1|Aegislash, F|\n|poke|p1|Tapu Lele|\n|poke|p1|Tornadus-Therian, M|\n|poke|p1|Hippowdon, M|\n|poke|p1|Buzzwole|\n|poke|p1|Toxapex, F|\n|poke|p2|Tornadus-Therian, M|\n|poke|p2|Tapu Koko|\n|poke|p2|Urshifu-*, F|\n|poke|p2|Landorus-Therian, M|\n|poke|p2|Zapdos|\n|poke|p2|Ferrothorn, M|\n|teampreview\n|inactive|Battle timer is ON: inactive players will automatically lose when time's up. (requested by big boss 447)\n|\n|t:|1647673428\n|start\n|switch|p1a: Hippowdon|Hippowdon, M, shiny|100\/100\n|switch|p2a: Tornadus|Tornadus-Therian, M|100\/100\n|-weather|Sandstorm|[from] ability: Sand Stream|[of] p1a: Hippowdon\n|turn|1\n|\n|t:|1647673435\n|move|p2a: Tornadus|Knock Off|p1a: Hippowdon\n|-damage|p1a: Hippowdon|87\/100\n|-enditem|p1a: Hippowdon|Leftovers|[from] move: Knock Off|[of] p2a: Tornadus\n|move|p1a: Hippowdon|Stealth Rock|p2a: Tornadus\n|-sidestart|p2: big boss 447|move: Stealth Rock\n|\n|-weather|Sandstorm|[upkeep]\n|-damage|p2a: Tornadus|94\/100|[from] Sandstorm\n|upkeep\n|turn|2\n|\n|t:|1647673440\n|move|p2a: Tornadus|U-turn|p1a: Hippowdon\n|-damage|p1a: Hippowdon|78\/100\n|\n|t:|1647673442\n|switch|p2a: Ferrothorn|Ferrothorn, M|100\/100|[from]move: U-turn\n|-damage|p2a: Ferrothorn|94\/100|[from] Stealth Rock\n|move|p1a: Hippowdon|Toxic|p2a: Ferrothorn\n|-immune|p2a: Ferrothorn\n|\n|-weather|Sandstorm|[upkeep]\n|-heal|p2a: Ferrothorn|100\/100|[from] item: Leftovers\n|upkeep\n|turn|3\n|\n|t:|1647673458\n|switch|p1a: Buzzwole|Buzzwole|100\/100\n|move|p2a: Ferrothorn|Stealth Rock|p1a: Buzzwole\n|-sidestart|p1: daheatahfajita|move: Stealth Rock\n|\n|-weather|Sandstorm|[upkeep]\n|-damage|p1a: Buzzwole|94\/100|[from] Sandstorm\n|upkeep\n|turn|4\n|\n|t:|1647673470\n|switch|p2a: Landorus|Landorus-Therian, M|100\/100\n|-damage|p2a: Landorus|88\/100|[from] Stealth Rock\n|-ability|p2a: Landorus|Intimidate|boost\n|-unboost|p1a: Buzzwole|atk|1\n|move|p1a: Buzzwole|Ice Punch|p2a: Landorus\n|-supereffective|p2a: Landorus\n|-damage|p2a: Landorus|41\/100\n|-status|p2a: Landorus|frz\n|\n|-weather|Sandstorm|[upkeep]\n|-damage|p1a: Buzzwole|88\/100|[from] Sandstorm\n|-heal|p2a: Landorus|47\/100 frz|[from] item: Leftovers\n|upkeep\n|turn|5\n|c|\u2606daheatahfajita|im sorry bro\n|c|\u2606big boss 447|it\u2019s cool that\u2019s on me\n|\n|t:|1647673496\n|move|p1a: Buzzwole|Roost|p1a: Buzzwole\n|-heal|p1a: Buzzwole|100\/100\n|-singleturn|p1a: Buzzwole|move: Roost\n|cant|p2a: Landorus|frz\n|\n|-weather|none\n|-heal|p2a: Landorus|53\/100 frz|[from] item: Leftovers\n|upkeep\n|turn|6\n|\n|t:|1647673508\n|switch|p1a: Tornadus|Tornadus-Therian, M|100\/100\n|cant|p2a: Landorus|frz\n|\n|-heal|p2a: Landorus|59\/100 frz|[from] item: Leftovers\n|upkeep\n|turn|7\n|j| Nesnot\n|\n|t:|1647673512\n|move|p1a: Tornadus|Hurricane|p2a: Landorus|[miss]\n|-miss|p1a: Tornadus|p2a: Landorus\n|cant|p2a: Landorus|frz\n|\n|-heal|p2a: Landorus|65\/100 frz|[from] item: Leftovers\n|upkeep\n|turn|8\n|\n|t:|1647673515\n|move|p1a: Tornadus|Hurricane|p2a: Landorus\n|-damage|p2a: Landorus|26\/100 frz\n|-curestatus|p2a: Landorus|frz|[msg]\n|move|p2a: Landorus|Knock Off|p1a: Tornadus\n|-damage|p1a: Tornadus|71\/100\n|-enditem|p1a: Tornadus|Heavy-Duty Boots|[from] move: Knock Off|[of] p2a: Landorus\n|\n|-heal|p2a: Landorus|32\/100|[from] item: Leftovers\n|upkeep\n|turn|9\n|\n|t:|1647673530\n|move|p1a: Tornadus|Knock Off|p2a: Landorus\n|-damage|p2a: Landorus|19\/100\n|-enditem|p2a: Landorus|Leftovers|[from] move: Knock Off|[of] p1a: Tornadus\n|move|p2a: Landorus|Toxic|p1a: Tornadus\n|-status|p1a: Tornadus|tox\n|\n|-damage|p1a: Tornadus|64\/100 tox|[from] psn\n|upkeep\n|turn|10\n|\n|t:|1647673536\n|move|p1a: Tornadus|Defog|p2a: Landorus\n|-unboost|p2a: Landorus|evasion|1\n|-sideend|p2: big boss 447|Stealth Rock|[from] move: Defog|[of] p1a: Tornadus\n|-sideend|p1: daheatahfajita|Stealth Rock|[from] move: Defog|[of] p1a: Tornadus\n|move|p2a: Landorus|U-turn|p1a: Tornadus\n|-resisted|p1a: Tornadus\n|-damage|p1a: Tornadus|52\/100 tox\n|\n|t:|1647673541\n|switch|p2a: Tapu Koko|Tapu Koko|100\/100|[from]move: U-turn\n|-fieldstart|move: Electric Terrain|[from] ability: Electric Surge|[of] p2a: Tapu Koko\n|\n|-damage|p1a: Tornadus|40\/100 tox|[from] psn\n|upkeep\n|turn|11\n|\n|t:|1647673550\n|switch|p1a: Hippowdon|Hippowdon, M, shiny|78\/100\n|-weather|Sandstorm|[from] ability: Sand Stream|[of] p1a: Hippowdon\n|move|p2a: Tapu Koko|Dazzling Gleam|p1a: Hippowdon\n|-damage|p1a: Hippowdon|44\/100\n|\n|-weather|Sandstorm|[upkeep]\n|-damage|p2a: Tapu Koko|94\/100|[from] Sandstorm\n|upkeep\n|turn|12\n|\n|t:|1647673556\n|switch|p2a: Urshifu|Urshifu-Rapid-Strike, F|100\/100\n|move|p1a: Hippowdon|Slack Off|p1a: Hippowdon\n|-heal|p1a: Hippowdon|94\/100\n|\n|-weather|Sandstorm|[upkeep]\n|-damage|p2a: Urshifu|94\/100|[from] Sandstorm\n|upkeep\n|turn|13\n|\n|t:|1647673561\n|switch|p1a: Toxapex|Toxapex, F|100\/100\n|move|p2a: Urshifu|Thunder Punch|p1a: Toxapex\n|-supereffective|p1a: Toxapex\n|-damage|p1a: Toxapex|27\/100\n|\n|-weather|Sandstorm|[upkeep]\n|-damage|p2a: Urshifu|88\/100|[from] Sandstorm\n|-damage|p1a: Toxapex|21\/100|[from] Sandstorm\n|upkeep\n|turn|14\n|\n|t:|1647673568\n|switch|p2a: Zapdos|Zapdos|100\/100\n|switch|p1a: Hippowdon|Hippowdon, M, shiny|94\/100\n|\n|-weather|Sandstorm|[upkeep]\n|-damage|p2a: Zapdos|94\/100|[from] Sandstorm\n|-fieldend|move: Electric Terrain\n|upkeep\n|turn|15\n|\n|t:|1647673578\n|move|p2a: Zapdos|Hurricane|p1a: Hippowdon\n|-damage|p1a: Hippowdon|37\/100\n|move|p1a: Hippowdon|Stealth Rock|p2a: Zapdos\n|-sidestart|p2: big boss 447|move: Stealth Rock\n|\n|-weather|none\n|upkeep\n|turn|16\n|\n|t:|1647673605\n|switch|p1a: Aegislash|Aegislash, F|100\/100\n|move|p2a: Zapdos|Hurricane|p1a: Aegislash\n|-resisted|p1a: Aegislash\n|-damage|p1a: Aegislash|76\/100\n|\n|-heal|p1a: Aegislash|83\/100|[from] item: Leftovers\n|upkeep\n|turn|17\n|inactive|daheatahfajita has 120 seconds left.\n|inactive|big boss 447 has 120 seconds left.\n|\n|t:|1647673636\n|switch|p1a: Buzzwole|Buzzwole|100\/100\n|move|p2a: Zapdos|Hurricane|p1a: Buzzwole\n|-supereffective|p1a: Buzzwole\n|-damage|p1a: Buzzwole|0 fnt\n|faint|p1a: Buzzwole\n|\n|upkeep\n|c|\u2606daheatahfajita|you are the goat\n|\n|t:|1647673643\n|switch|p1a: Tapu Lele|Tapu Lele|100\/100\n|-fieldstart|move: Psychic Terrain|[from] ability: Psychic Surge|[of] p1a: Tapu Lele\n|turn|18\n|c|\u2606big boss 447|ty ty\n|c|\u2606daheatahfajita|i thought\n|\n|t:|1647673653\n|move|p2a: Zapdos|Hurricane|p1a: Tapu Lele\n|-damage|p1a: Tapu Lele|7\/100\n|move|p1a: Tapu Lele|Psychic|p2a: Zapdos\n|-damage|p2a: Zapdos|0 fnt\n|faint|p2a: Zapdos\n|\n|upkeep\n|l| Nesnot\n|inactive|big boss 447 has 120 seconds left.\n|\n|t:|1647673665\n|switch|p2a: Ferrothorn|Ferrothorn, M|100\/100\n|-damage|p2a: Ferrothorn|94\/100|[from] Stealth Rock\n|turn|19\n|\n|t:|1647673677\n|move|p1a: Tapu Lele|Psychic|p2a: Ferrothorn\n|-resisted|p2a: Ferrothorn\n|-damage|p2a: Ferrothorn|61\/100\n|move|p2a: Ferrothorn|Stealth Rock|p1a: Tapu Lele\n|-sidestart|p1: daheatahfajita|move: Stealth Rock\n|\n|-heal|p2a: Ferrothorn|68\/100|[from] item: Leftovers\n|upkeep\n|turn|20\n|\n|t:|1647673683\n|move|p1a: Tapu Lele|Psychic|p2a: Ferrothorn\n|-resisted|p2a: Ferrothorn\n|-damage|p2a: Ferrothorn|35\/100\n|move|p2a: Ferrothorn|Knock Off|p1a: Tapu Lele\n|-damage|p1a: Tapu Lele|0 fnt\n|-enditem|p1a: Tapu Lele|Choice Specs|[from] move: Knock Off|[of] p2a: Ferrothorn\n|faint|p1a: Tapu Lele\n|\n|-heal|p2a: Ferrothorn|41\/100|[from] item: Leftovers\n|upkeep\n|\n|t:|1647673692\n|switch|p1a: Hippowdon|Hippowdon, M, shiny|37\/100\n|-damage|p1a: Hippowdon|31\/100|[from] Stealth Rock\n|-weather|Sandstorm|[from] ability: Sand Stream|[of] p1a: Hippowdon\n|turn|21\n|\n|t:|1647673703\n|switch|p2a: Urshifu|Urshifu-Rapid-Strike, F|88\/100\n|-damage|p2a: Urshifu|82\/100|[from] Stealth Rock\n|move|p1a: Hippowdon|Slack Off|p1a: Hippowdon\n|-heal|p1a: Hippowdon|81\/100\n|\n|-weather|Sandstorm|[upkeep]\n|-damage|p2a: Urshifu|76\/100|[from] Sandstorm\n|upkeep\n|turn|22\n|\n|t:|1647673719\n|switch|p1a: Toxapex|Toxapex, F|55\/100\n|-damage|p1a: Toxapex|42\/100|[from] Stealth Rock\n|move|p2a: Urshifu|Surging Strikes|p1a: Toxapex\n|-resisted|p1a: Toxapex\n|-crit|p1a: Toxapex\n|-damage|p1a: Toxapex|33\/100\n|-resisted|p1a: Toxapex\n|-crit|p1a: Toxapex\n|-damage|p1a: Toxapex|22\/100\n|-resisted|p1a: Toxapex\n|-crit|p1a: Toxapex\n|-damage|p1a: Toxapex|12\/100\n|-hitcount|p1a: Toxapex|3\n|\n|-weather|Sandstorm|[upkeep]\n|-damage|p2a: Urshifu|70\/100|[from] Sandstorm\n|-damage|p1a: Toxapex|6\/100|[from] Sandstorm\n|-fieldend|move: Psychic Terrain\n|upkeep\n|turn|23\n|\n|t:|1647673733\n|move|p2a: Urshifu|Surging Strikes|p1a: Toxapex\n|-resisted|p1a: Toxapex\n|-crit|p1a: Toxapex\n|-damage|p1a: Toxapex|0 fnt\n|faint|p1a: Toxapex\n|-hitcount|p1: Toxapex|1\n|\n|-weather|Sandstorm|[upkeep]\n|-damage|p2a: Urshifu|64\/100|[from] Sandstorm\n|upkeep\n|\n|t:|1647673735\n|switch|p1a: Tornadus|Tornadus-Therian, M|73\/100 tox\n|-damage|p1a: Tornadus|48\/100 tox|[from] Stealth Rock\n|turn|24\n|\n|t:|1647673743\n|switch|p2a: Ferrothorn|Ferrothorn, M|41\/100\n|-damage|p2a: Ferrothorn|35\/100|[from] Stealth Rock\n|move|p1a: Tornadus|Defog|p2a: Ferrothorn\n|-unboost|p2a: Ferrothorn|evasion|1\n|-sideend|p2: big boss 447|Stealth Rock|[from] move: Defog|[of] p1a: Tornadus\n|-sideend|p1: daheatahfajita|Stealth Rock|[from] move: Defog|[of] p1a: Tornadus\n|\n|-weather|Sandstorm|[upkeep]\n|-damage|p1a: Tornadus|42\/100 tox|[from] Sandstorm\n|-heal|p2a: Ferrothorn|41\/100|[from] item: Leftovers\n|-damage|p1a: Tornadus|36\/100 tox|[from] psn\n|upkeep\n|turn|25\n|\n|t:|1647673749\n|move|p1a: Tornadus|Hurricane|p2a: Ferrothorn\n|-damage|p2a: Ferrothorn|15\/100\n|-start|p2a: Ferrothorn|confusion\n|-activate|p2a: Ferrothorn|confusion\n|-damage|p2a: Ferrothorn|8\/100|[from] confusion\n|\n|-weather|none\n|-heal|p2a: Ferrothorn|15\/100|[from] item: Leftovers\n|-damage|p1a: Tornadus|24\/100 tox|[from] psn\n|upkeep\n|turn|26\n|\n|t:|1647673755\n|move|p1a: Tornadus|Hurricane|p2a: Ferrothorn\n|-damage|p2a: Ferrothorn|0 fnt\n|faint|p2a: Ferrothorn\n|\n|-damage|p1a: Tornadus|6\/100 tox|[from] psn\n|upkeep\n|\n|t:|1647673758\n|switch|p2a: Tapu Koko|Tapu Koko|94\/100\n|-fieldstart|move: Electric Terrain|[from] ability: Electric Surge|[of] p2a: Tapu Koko\n|turn|27\n|\n|t:|1647673769\n|switch|p1a: Hippowdon|Hippowdon, M, shiny|81\/100\n|-weather|Sandstorm|[from] ability: Sand Stream|[of] p1a: Hippowdon\n|move|p2a: Tapu Koko|Thunderbolt|p1a: Hippowdon\n|-immune|p1a: Hippowdon\n|\n|-weather|Sandstorm|[upkeep]\n|-damage|p2a: Tapu Koko|88\/100|[from] Sandstorm\n|upkeep\n|turn|28\n|\n|t:|1647673781\n|switch|p2a: Urshifu|Urshifu-Rapid-Strike, F|64\/100\n|move|p1a: Hippowdon|Earthquake|p2a: Urshifu\n|-damage|p2a: Urshifu|24\/100\n|\n|-weather|Sandstorm|[upkeep]\n|-damage|p2a: Urshifu|18\/100|[from] Sandstorm\n|upkeep\n|turn|29\n|\n|t:|1647673800\n|move|p2a: Urshifu|Surging Strikes|p1a: Hippowdon\n|-supereffective|p1a: Hippowdon\n|-crit|p1a: Hippowdon\n|-damage|p1a: Hippowdon|31\/100\n|-supereffective|p1a: Hippowdon\n|-crit|p1a: Hippowdon\n|-damage|p1a: Hippowdon|0 fnt\n|faint|p1a: Hippowdon\n|-hitcount|p1: Hippowdon|2\n|\n|-weather|Sandstorm|[upkeep]\n|-damage|p2a: Urshifu|12\/100|[from] Sandstorm\n|upkeep\n|\n|t:|1647673804\n|switch|p1a: Tornadus|Tornadus-Therian, M|39\/100 tox\n|turn|30\n|\n|t:|1647673809\n|switch|p2a: Tornadus|Tornadus-Therian, M|100\/100\n|move|p1a: Tornadus|U-turn|p2a: Tornadus\n|-resisted|p2a: Tornadus\n|-crit|p2a: Tornadus\n|-damage|p2a: Tornadus|89\/100\n|\n|t:|1647673812\n|switch|p1a: Aegislash|Aegislash, F|83\/100|[from]move: U-turn\n|\n|-weather|Sandstorm|[upkeep]\n|-damage|p2a: Tornadus|83\/100|[from] Sandstorm\n|-heal|p1a: Aegislash|89\/100|[from] item: Leftovers\n|upkeep\n|turn|31\n|\n|t:|1647673817\n|move|p1a: Aegislash|King's Shield|p1a: Aegislash\n|-singleturn|p1a: Aegislash|Protect\n|move|p2a: Tornadus|Knock Off|p1a: Aegislash\n|-activate|p1a: Aegislash|move: Protect\n|-unboost|p2a: Tornadus|atk|1\n|\n|-weather|none\n|-heal|p1a: Aegislash|95\/100|[from] item: Leftovers\n|-fieldend|move: Electric Terrain\n|upkeep\n|turn|32\n|\n|t:|1647673824\n|move|p2a: Tornadus|Knock Off|p1a: Aegislash\n|-supereffective|p1a: Aegislash\n|-damage|p1a: Aegislash|73\/100\n|-enditem|p1a: Aegislash|Leftovers|[from] move: Knock Off|[of] p2a: Tornadus\n|move|p1a: Aegislash|Substitute|p1a: Aegislash\n|-start|p1a: Aegislash|Substitute\n|-damage|p1a: Aegislash|48\/100\n|\n|upkeep\n|turn|33\n|\n|t:|1647673840\n|move|p2a: Tornadus|Knock Off|p1a: Aegislash\n|-supereffective|p1a: Aegislash\n|-crit|p1a: Aegislash\n|-end|p1a: Aegislash|Substitute\n|-formechange|p1a: Aegislash|Aegislash-Blade||[from] ability: Stance Change\n|move|p1a: Aegislash|Shadow Ball|p2a: Tornadus\n|-damage|p2a: Tornadus|42\/100\n|\n|upkeep\n|turn|34\n|j| altmelmeddle\n|\n|t:|1647673851\n|switch|p2a: Urshifu|Urshifu-Rapid-Strike, F|12\/100\n|-formechange|p1a: Aegislash|Aegislash||[from] ability: Stance Change\n|move|p1a: Aegislash|King's Shield||[still]\n|-fail|p1a: Aegislash\n|\n|upkeep\n|turn|35\n|\n|t:|1647673858\n|move|p2a: Urshifu|Surging Strikes|p1a: Aegislash\n|-crit|p1a: Aegislash\n|-damage|p1a: Aegislash|25\/100\n|-crit|p1a: Aegislash\n|-damage|p1a: Aegislash|0 fnt\n|faint|p1a: Aegislash\n|-hitcount|p1: Aegislash|2\n|\n|upkeep\n|\n|t:|1647673860\n|switch|p1a: Tornadus|Tornadus-Therian, M|72\/100 tox\n|turn|36\n|\n|t:|1647673864\n|move|p1a: Tornadus|Hurricane|p2a: Urshifu|[miss]\n|-miss|p1a: Tornadus|p2a: Urshifu\n|move|p2a: Urshifu|Surging Strikes|p1a: Tornadus\n|-crit|p1a: Tornadus\n|-damage|p1a: Tornadus|41\/100 tox\n|-crit|p1a: Tornadus\n|-damage|p1a: Tornadus|10\/100 tox\n|-crit|p1a: Tornadus\n|-damage|p1a: Tornadus|0 fnt\n|faint|p1a: Tornadus\n|-hitcount|p1: Tornadus|3\n|\n|win|big boss 447\n|raw|daheatahfajita's rating: 1741 &rarr; <strong>1719<\/strong><br \/>(-22 for losing)\n|raw|big boss 447's rating: 1705 &rarr; <strong>1727<\/strong><br \/>(+22 for winning)\n|c|\u2606big boss 447|fg\n|c|\u2606daheatahfajita|gg\n|c|\u2606big boss 447|gg\n|j| Nesnot\n","uploadtime":1647673874,"views":41,"p1id":"daheatahfajita","p2id":"bigboss447","formatid":"gen8ou","rating":1719,"private":0,"password":null}