{"id":"gen8monotype-1538724491","p1":"AtraX Madara","p2":"Eclipse77","format":"gen8monotype","log":"|j|\u2606AtraX Madara\n|j|\u2606Eclipse77\n|inactive|Battle timer is ON: inactive players will automatically lose when time's up.\n|t:|1648237783\n|gametype|singles\n|player|p1|AtraX Madara|swimmer-gen1rb|\n|player|p2|Eclipse77|hilda-wonderlauncher|\n|teamsize|p1|6\n|teamsize|p2|6\n|gen|8\n|tier|[Gen 8] Monotype\n|rated|Tournament battle\n|rule|Same Type Clause: Pok\u00e9mon in a team must share a type\n|rule|Sleep Clause Mod: Limit one foe put to sleep\n|rule|Species Clause: Limit one of each Pok\u00e9mon\n|rule|OHKO Clause: OHKO moves are banned\n|rule|Evasion Moves Clause: Evasion moves are banned\n|rule|Endless Battle Clause: Forcing endless battles is banned\n|rule|HP Percentage Mod: HP is shown in percentages\n|rule|Dynamax Clause: You cannot dynamax\n|clearpoke\n|poke|p1|Garchomp, F|\n|poke|p1|Hydreigon, M|\n|poke|p1|Kyurem|\n|poke|p1|Dragalge, M|\n|poke|p1|Kommo-o, M|\n|poke|p1|Dragapult, F|\n|poke|p2|Slowking, F|\n|poke|p2|Urshifu-*, F|\n|poke|p2|Tapu Fini|\n|poke|p2|Toxapex, M|\n|poke|p2|Gastrodon, M|\n|poke|p2|Rotom-Wash|\n|teampreview\n|inactive|AtraX Madara also wants the timer to be on.\n|j| juleocesar\n|j| Yolej\n|c|\u2606Eclipse77|hf\n|c|\u2606AtraX Madara|Hf\n|j| a1012\n|\n|t:|1648237799\n|start\n|switch|p1a: Dragalge|Dragalge, M|100\/100\n|switch|p2a: Urshifu|Urshifu-Rapid-Strike, F|100\/100\n|turn|1\n|\n|t:|1648237805\n|move|p2a: Urshifu|U-turn|p1a: Dragalge\n|-resisted|p1a: Dragalge\n|-damage|p1a: Dragalge|80\/100\n|\n|t:|1648237807\n|switch|p2a: Slowking|Slowking, F|100\/100|[from]move: U-turn\n|move|p1a: Dragalge|Flip Turn|p2a: Slowking\n|-resisted|p2a: Slowking\n|-damage|p2a: Slowking|95\/100\n|\n|t:|1648237813\n|switch|p1a: Kyurem|Kyurem|100\/100|[from]move: Flip Turn\n|-ability|p1a: Kyurem|Pressure\n|\n|upkeep\n|turn|2\n|\n|t:|1648237816\n|move|p1a: Kyurem|Substitute|p1a: Kyurem\n|-start|p1a: Kyurem|Substitute\n|-damage|p1a: Kyurem|76\/100\n|move|p2a: Slowking|Teleport|p2a: Slowking\n|\n|t:|1648237818\n|switch|p2a: Urshifu|Urshifu-Rapid-Strike, F|100\/100|[from]move: Teleport\n|\n|-heal|p1a: Kyurem|82\/100|[from] item: Leftovers\n|upkeep\n|turn|3\n|\n|t:|1648237824\n|move|p2a: Urshifu|U-turn|p1a: Kyurem\n|-end|p1a: Kyurem|Substitute\n|\n|t:|1648237827\n|switch|p2a: Slowking|Slowking, F|100\/100|[from]move: U-turn\n|move|p1a: Kyurem|Freeze-Dry|p2a: Slowking\n|-supereffective|p2a: Slowking\n|-damage|p2a: Slowking|56\/100\n|\n|-heal|p1a: Kyurem|88\/100|[from] item: Leftovers\n|upkeep\n|turn|4\n|\n|t:|1648237831\n|move|p1a: Kyurem|Substitute|p1a: Kyurem\n|-start|p1a: Kyurem|Substitute\n|-damage|p1a: Kyurem|63\/100\n|move|p2a: Slowking|Slack Off|p2a: Slowking\n|-heal|p2a: Slowking|100\/100\n|\n|-heal|p1a: Kyurem|69\/100|[from] item: Leftovers\n|upkeep\n|turn|5\n|\n|t:|1648237838\n|move|p1a: Kyurem|Freeze-Dry|p2a: Slowking\n|-supereffective|p2a: Slowking\n|-damage|p2a: Slowking|59\/100\n|move|p2a: Slowking|Future Sight|p1a: Kyurem\n|-start|p2a: Slowking|move: Future Sight\n|\n|-heal|p1a: Kyurem|75\/100|[from] item: Leftovers\n|upkeep\n|turn|6\n|\n|t:|1648237843\n|move|p1a: Kyurem|Freeze-Dry|p2a: Slowking\n|-supereffective|p2a: Slowking\n|-damage|p2a: Slowking|16\/100\n|move|p2a: Slowking|Slack Off|p2a: Slowking\n|-heal|p2a: Slowking|66\/100\n|\n|-heal|p1a: Kyurem|81\/100|[from] item: Leftovers\n|upkeep\n|turn|7\n|\n|t:|1648237850\n|move|p1a: Kyurem|Freeze-Dry|p2a: Slowking\n|-supereffective|p2a: Slowking\n|-damage|p2a: Slowking|23\/100\n|move|p2a: Slowking|Teleport|p2a: Slowking\n|\n|t:|1648237855\n|switch|p2a: Urshifu|Urshifu-Rapid-Strike, F|100\/100|[from]move: Teleport\n|\n|-end|p1a: Kyurem|move: Future Sight\n|-end|p1a: Kyurem|Substitute\n|-heal|p1a: Kyurem|88\/100|[from] item: Leftovers\n|upkeep\n|turn|8\n|\n|t:|1648237865\n|switch|p1a: Garchomp|Garchomp, F|100\/100\n|move|p2a: Urshifu|U-turn|p1a: Garchomp\n|-damage|p1a: Garchomp|77\/100\n|-damage|p2a: Urshifu|88\/100|[from] ability: Rough Skin|[of] p1a: Garchomp\n|-damage|p2a: Urshifu|72\/100|[from] item: Rocky Helmet|[of] p1a: Garchomp\n|\n|t:|1648237881\n|switch|p2a: Rotom|Rotom-Wash|100\/100|[from]move: U-turn\n|\n|upkeep\n|turn|9\n|\n|t:|1648237886\n|move|p2a: Rotom|Hydro Pump|p1a: Garchomp\n|-damage|p1a: Garchomp|33\/100\n|move|p1a: Garchomp|Stealth Rock|p2a: Rotom\n|-sidestart|p2: Eclipse77|move: Stealth Rock\n|\n|upkeep\n|turn|10\n|\n|t:|1648237898\n|switch|p2a: Urshifu|Urshifu-Rapid-Strike, F|72\/100\n|-damage|p2a: Urshifu|66\/100|[from] Stealth Rock\n|switch|p1a: Dragalge|Dragalge, M|80\/100\n|\n|-heal|p1a: Dragalge|86\/100|[from] item: Black Sludge\n|upkeep\n|turn|11\n|\n|t:|1648237905\n|move|p2a: Urshifu|U-turn|p1a: Dragalge\n|-resisted|p1a: Dragalge\n|-damage|p1a: Dragalge|65\/100\n|\n|t:|1648237908\n|switch|p2a: Gastrodon|Gastrodon, M|100\/100|[from]move: U-turn\n|-damage|p2a: Gastrodon|94\/100|[from] Stealth Rock\n|move|p1a: Dragalge|Flip Turn|p2a: Gastrodon\n|-ability|p2a: Gastrodon|Storm Drain|boost\n|-boost|p2a: Gastrodon|spa|1\n|\n|-heal|p1a: Dragalge|71\/100|[from] item: Black Sludge\n|-heal|p2a: Gastrodon|100\/100|[from] item: Leftovers\n|upkeep\n|turn|12\n|\n|t:|1648237919\n|move|p1a: Dragalge|Toxic Spikes|p2a: Gastrodon\n|-sidestart|p2: Eclipse77|move: Toxic Spikes\n|move|p2a: Gastrodon|Toxic|p1a: Dragalge\n|-immune|p1a: Dragalge\n|\n|-heal|p1a: Dragalge|77\/100|[from] item: Black Sludge\n|upkeep\n|turn|13\n|j| Tigaelas\n|\n|t:|1648237932\n|switch|p1a: Kommo-o|Kommo-o, M|100\/100\n|move|p2a: Gastrodon|Toxic|p1a: Kommo-o\n|-status|p1a: Kommo-o|tox\n|\n|-damage|p1a: Kommo-o|94\/100 tox|[from] psn\n|upkeep\n|turn|14\n|\n|t:|1648237935\n|switch|p2a: Tapu Fini|Tapu Fini, shiny|100\/100\n|-damage|p2a: Tapu Fini|88\/100|[from] Stealth Rock\n|-status|p2a: Tapu Fini|psn\n|-fieldstart|move: Misty Terrain|[from] ability: Misty Surge|[of] p2a: Tapu Fini\n|move|p1a: Kommo-o|Body Press|p2a: Tapu Fini\n|-resisted|p2a: Tapu Fini\n|-damage|p2a: Tapu Fini|78\/100 psn\n|\n|-heal|p1a: Kommo-o|100\/100 tox|[from] item: Leftovers\n|-heal|p2a: Tapu Fini|84\/100 psn|[from] item: Leftovers\n|-damage|p1a: Kommo-o|88\/100 tox|[from] psn\n|-damage|p2a: Tapu Fini|71\/100 psn|[from] psn\n|upkeep\n|turn|15\n|\n|t:|1648237949\n|switch|p1a: Dragalge|Dragalge, M|77\/100\n|move|p2a: Tapu Fini|Defog|p1a: Dragalge\n|-unboost|p1a: Dragalge|evasion|1\n|-sideend|p2: Eclipse77|Toxic Spikes|[from] move: Defog|[of] p2a: Tapu Fini\n|-sideend|p2: Eclipse77|Stealth Rock|[from] move: Defog|[of] p2a: Tapu Fini\n|-fieldend|Misty Terrain\n|\n|-heal|p2a: Tapu Fini|78\/100 psn|[from] item: Leftovers\n|-heal|p1a: Dragalge|83\/100|[from] item: Black Sludge\n|-damage|p2a: Tapu Fini|65\/100 psn|[from] psn\n|upkeep\n|turn|16\n|\n|t:|1648237958\n|switch|p2a: Gastrodon|Gastrodon, M|100\/100\n|move|p1a: Dragalge|Toxic Spikes|p2a: Gastrodon\n|-sidestart|p2: Eclipse77|move: Toxic Spikes\n|\n|-heal|p1a: Dragalge|89\/100|[from] item: Black Sludge\n|upkeep\n|turn|17\n|\n|t:|1648237961\n|switch|p1a: Kommo-o|Kommo-o, M|88\/100 tox\n|move|p2a: Gastrodon|Earth Power|p1a: Kommo-o\n|-damage|p1a: Kommo-o|63\/100 tox\n|\n|-heal|p1a: Kommo-o|69\/100 tox|[from] item: Leftovers\n|-damage|p1a: Kommo-o|63\/100 tox|[from] psn\n|upkeep\n|turn|18\n|\n|t:|1648237966\n|move|p1a: Kommo-o|Body Press|p2a: Gastrodon\n|-damage|p2a: Gastrodon|76\/100\n|move|p2a: Gastrodon|Earth Power|p1a: Kommo-o\n|-damage|p1a: Kommo-o|36\/100 tox\n|\n|-heal|p1a: Kommo-o|42\/100 tox|[from] item: Leftovers\n|-heal|p2a: Gastrodon|82\/100|[from] item: Leftovers\n|-damage|p1a: Kommo-o|30\/100 tox|[from] psn\n|upkeep\n|turn|19\n|\n|t:|1648237975\n|move|p1a: Kommo-o|Earthquake|p2a: Gastrodon\n|-damage|p2a: Gastrodon|65\/100\n|move|p2a: Gastrodon|Toxic|p1a: Kommo-o\n|-fail|p1a: Kommo-o|tox\n|\n|-heal|p1a: Kommo-o|36\/100 tox|[from] item: Leftovers\n|-heal|p2a: Gastrodon|71\/100|[from] item: Leftovers\n|-damage|p1a: Kommo-o|17\/100 tox|[from] psn\n|upkeep\n|turn|20\n|\n|t:|1648237986\n|switch|p2a: Toxapex|Toxapex, M|100\/100\n|-sideend|p2: Eclipse77|move: Toxic Spikes|[of] p2a: Toxapex\n|move|p1a: Kommo-o|Body Press|p2a: Toxapex\n|-resisted|p2a: Toxapex\n|-damage|p2a: Toxapex|91\/100\n|\n|-heal|p1a: Kommo-o|24\/100 tox|[from] item: Leftovers\n|-heal|p2a: Toxapex|97\/100|[from] item: Black Sludge\n|-damage|p1a: Kommo-o|0 fnt|[from] psn\n|faint|p1a: Kommo-o\n|upkeep\n|\n|t:|1648237990\n|switch|p1a: Kyurem|Kyurem|88\/100\n|-ability|p1a: Kyurem|Pressure\n|turn|21\n|\n|t:|1648237993\n|switch|p2a: Slowking|Slowking, F|56\/100\n|move|p1a: Kyurem|Substitute|p1a: Kyurem\n|-start|p1a: Kyurem|Substitute\n|-damage|p1a: Kyurem|63\/100\n|\n|-heal|p1a: Kyurem|69\/100|[from] item: Leftovers\n|upkeep\n|turn|22\n|\n|t:|1648237997\n|move|p1a: Kyurem|Freeze-Dry|p2a: Slowking\n|-supereffective|p2a: Slowking\n|-damage|p2a: Slowking|13\/100\n|move|p2a: Slowking|Slack Off|p2a: Slowking\n|-heal|p2a: Slowking|63\/100\n|\n|-heal|p1a: Kyurem|75\/100|[from] item: Leftovers\n|upkeep\n|turn|23\n|\n|t:|1648238002\n|move|p1a: Kyurem|Freeze-Dry|p2a: Slowking\n|-supereffective|p2a: Slowking\n|-damage|p2a: Slowking|20\/100\n|-status|p2a: Slowking|frz\n|cant|p2a: Slowking|frz\n|\n|-heal|p1a: Kyurem|81\/100|[from] item: Leftovers\n|upkeep\n|turn|24\n|c|\u2606Eclipse77|bound to happen eventually ig\n|inactive|Eclipse77 has 120 seconds left.\n|c|\u2606AtraX Madara|Seems so\n|\n|t:|1648238051\n|switch|p2a: Rotom|Rotom-Wash|100\/100\n|move|p1a: Kyurem|Freeze-Dry|p2a: Rotom\n|-supereffective|p2a: Rotom\n|-damage|p2a: Rotom|10\/100\n|\n|-heal|p1a: Kyurem|87\/100|[from] item: Leftovers\n|upkeep\n|turn|25\n|\n|t:|1648238054\n|move|p2a: Rotom|Hydro Pump|p1a: Kyurem\n|-resisted|p1a: Kyurem\n|-activate|p1a: Kyurem|move: Substitute|[damage]\n|move|p1a: Kyurem|Freeze-Dry|p2a: Rotom\n|-supereffective|p2a: Rotom\n|-damage|p2a: Rotom|0 fnt\n|faint|p2a: Rotom\n|\n|-heal|p1a: Kyurem|94\/100|[from] item: Leftovers\n|upkeep\n|c|\u2606Eclipse77|gg\n|c|\u2606AtraX Madara|Gg\n|-message|Eclipse77 forfeited.\n|\n|win|AtraX Madara\n|n|\u2606AtraX Madara|atraxmadara\n|n|\u2606Eclipse77|eclipse77\n|n| juleocesar|juleocesar\n|n| Yolej|yolej\n|n| a1012|a1012\n|n| Tigaelas|tigaelas\n|l|\u2606Eclipse77\n|l| Yolej\n|l| a1012\n|l| Tigaelas\n|j| Forecast Champion\n","uploadtime":1648240137,"views":47,"p1id":"atraxmadara","p2id":"eclipse77","formatid":"gen8monotype","rating":0,"private":0,"password":null}