{"id":"gen8ou-1626580709","p1":"LT91BB animefan","p2":"LudwigFrog","format":"gen8ou","log":"|raw|<div class=\"broadcast-blue\"><strong>This battle is required to be public due to a player having a name starting with 'lt91bb'.<\/div>\n|j|\u2606LT91BB animefan\n|j|\u2606LudwigFrog\n|t:|1658952127\n|gametype|singles\n|player|p1|LT91BB animefan|170|1849\n|player|p2|LudwigFrog|hilbert-wonderlauncher|1768\n|teamsize|p1|6\n|teamsize|p2|6\n|gen|8\n|tier|[Gen 8] OU\n|rated|\n|rule|Sleep Clause Mod: Limit one foe put to sleep\n|rule|Species Clause: Limit one of each Pok\u00e9mon\n|rule|OHKO Clause: OHKO moves are banned\n|rule|Evasion Moves Clause: Evasion moves are banned\n|rule|Endless Battle Clause: Forcing endless battles is banned\n|rule|HP Percentage Mod: HP is shown in percentages\n|rule|Dynamax Clause: You cannot dynamax\n|clearpoke\n|poke|p1|Cresselia, F|\n|poke|p1|Clefable, M|\n|poke|p1|Quagsire, F|\n|poke|p1|Skarmory, M|\n|poke|p1|Zapdos|\n|poke|p1|Toxapex, F|\n|poke|p2|Dragonite, M|\n|poke|p2|Urshifu-*, F|\n|poke|p2|Dragapult, M|\n|poke|p2|Hydreigon, M|\n|poke|p2|Excadrill, F|\n|poke|p2|Ferrothorn, M|\n|teampreview\n|inactive|Battle timer is ON: inactive players will automatically lose when time's up. (requested by LudwigFrog)\n|inactive|LT91BB animefan also wants the timer to be on.\n|inactive|LT91BB animefan has 120 seconds left.\n|j| LT91BB 69\n|inactive|LT91BB animefan has 90 seconds left.\n|j| Pokemh \u2764\ufe0f\n|inactive|LT91BB animefan has 60 seconds left.\n|j| Barracades\n|l| Barracades\n|\n|t:|1658952243\n|start\n|switch|p1a: Toxapex|Toxapex, F|100\/100\n|switch|p2a: Ferrothorn|Ferrothorn, M|100\/100\n|turn|1\n|\n|t:|1658952246\n|move|p1a: Toxapex|Knock Off|p2a: Ferrothorn\n|-damage|p2a: Ferrothorn|92\/100\n|-damage|p1a: Toxapex|88\/100|[from] ability: Iron Barbs|[of] p2a: Ferrothorn\n|-enditem|p2a: Ferrothorn|Leftovers|[from] move: Knock Off|[of] p1a: Toxapex\n|move|p2a: Ferrothorn|Stealth Rock|p1a: Toxapex\n|-sidestart|p1: LT91BB animefan|move: Stealth Rock\n|\n|upkeep\n|turn|2\n|j| CallMePrimal\n|j| De la Bourdonnais\n|j| bobertSmalls1\n|inactive|LT91BB animefan has 90 seconds left.\n|j| kayflockupnext\n|j| LordDarkSkin\n|l| kayflockupnext\n|\n|t:|1658952278\n|switch|p1a: Clefable|Clefable, M|100\/100\n|move|p2a: Ferrothorn|Knock Off|p1a: Clefable\n|-resisted|p1a: Clefable\n|-damage|p1a: Clefable|91\/100\n|\n|-damage|p2a: Ferrothorn|80\/100|[from] item: Sticky Barb\n|upkeep\n|turn|3\n|inactive|LT91BB animefan has 90 seconds left.\n|\n|t:|1658952309\n|switch|p2a: Excadrill|Excadrill, F|100\/100\n|-ability|p2a: Excadrill|Mold Breaker\n|move|p1a: Clefable|Stealth Rock|p2a: Excadrill\n|-sidestart|p2: LudwigFrog|move: Stealth Rock\n|\n|upkeep\n|turn|4\n|j| tesla roadster\n|\n|t:|1658952317\n|switch|p1a: Skarmory|Skarmory, M|100\/100\n|move|p2a: Excadrill|Rapid Spin|p1a: Skarmory\n|-resisted|p1a: Skarmory\n|-damage|p1a: Skarmory|96\/100\n|-boost|p2a: Excadrill|spe|1\n|-sideend|p2: LudwigFrog|Stealth Rock|[from] move: Rapid Spin|[of] p2a: Excadrill\n|\n|upkeep\n|turn|5\n|\n|t:|1658952327\n|switch|p2a: Dragonite|Dragonite, M|100\/100\n|move|p1a: Skarmory|Spikes|p2a: Dragonite\n|-sidestart|p2: LudwigFrog|Spikes\n|\n|upkeep\n|turn|6\n|\n|t:|1658952331\n|switch|p1a: Clefable|Clefable, M|91\/100\n|move|p2a: Dragonite|Fire Blast|p1a: Clefable\n|-damage|p1a: Clefable|55\/100\n|\n|upkeep\n|turn|7\n|j| surfnbird\n|\n|t:|1658952337\n|switch|p2a: Excadrill|Excadrill, F|100\/100\n|-damage|p2a: Excadrill|88\/100|[from] Spikes\n|-ability|p2a: Excadrill|Mold Breaker\n|move|p1a: Clefable|Soft-Boiled|p1a: Clefable\n|-heal|p1a: Clefable|100\/100\n|\n|-heal|p2a: Excadrill|94\/100|[from] item: Leftovers\n|upkeep\n|turn|8\n|j| Bad Players\n|j| Mbouchon\n|\n|t:|1658952343\n|switch|p2a: Dragonite|Dragonite, M|100\/100\n|switch|p1a: Skarmory|Skarmory, M|96\/100\n|\n|upkeep\n|turn|9\n|\n|t:|1658952345\n|switch|p1a: Toxapex|Toxapex, F|100\/100\n|-damage|p1a: Toxapex|88\/100|[from] Stealth Rock\n|move|p2a: Dragonite|Hurricane|p1a: Toxapex\n|-damage|p1a: Toxapex|45\/100\n|\n|upkeep\n|turn|10\n|\n|t:|1658952352\n|switch|p1a: Zapdos|Zapdos|100\/100\n|-ability|p1a: Zapdos|Pressure\n|move|p2a: Dragonite|Hurricane|p1a: Zapdos\n|-resisted|p1a: Zapdos\n|-damage|p1a: Zapdos|75\/100\n|\n|upkeep\n|turn|11\n|inactive|LT91BB animefan has 120 seconds left.\n|\n|t:|1658952366\n|switch|p2a: Excadrill|Excadrill, F|94\/100\n|-damage|p2a: Excadrill|82\/100|[from] Spikes\n|-ability|p2a: Excadrill|Mold Breaker\n|move|p1a: Zapdos|Volt Switch|p2a: Excadrill\n|-immune|p2a: Excadrill\n|\n|-heal|p2a: Excadrill|88\/100|[from] item: Leftovers\n|upkeep\n|turn|12\n|\n|t:|1658952370\n|switch|p1a: Skarmory|Skarmory, M|96\/100\n|move|p2a: Excadrill|Rapid Spin|p1a: Skarmory\n|-resisted|p1a: Skarmory\n|-damage|p1a: Skarmory|92\/100\n|-boost|p2a: Excadrill|spe|1\n|-sideend|p2: LudwigFrog|Spikes|[from] move: Rapid Spin|[of] p2a: Excadrill\n|\n|-heal|p2a: Excadrill|94\/100|[from] item: Leftovers\n|upkeep\n|turn|13\n|\n|t:|1658952374\n|switch|p2a: Dragapult|Dragapult, M|100\/100\n|move|p1a: Skarmory|Toxic|p2a: Dragapult\n|-status|p2a: Dragapult|tox\n|\n|-damage|p2a: Dragapult|95\/100 tox|[from] psn\n|upkeep\n|turn|14\n|j| Cryofield\n|\n|t:|1658952382\n|switch|p1a: Clefable|Clefable, M|100\/100\n|move|p2a: Dragapult|Fire Blast|p1a: Clefable\n|-damage|p1a: Clefable|79\/100\n|\n|-damage|p2a: Dragapult|83\/100 tox|[from] psn\n|upkeep\n|turn|15\n|\n|t:|1658952386\n|switch|p2a: Excadrill|Excadrill, F|94\/100\n|-ability|p2a: Excadrill|Mold Breaker\n|move|p1a: Clefable|Soft-Boiled|p1a: Clefable\n|-heal|p1a: Clefable|100\/100\n|\n|-heal|p2a: Excadrill|99\/100|[from] item: Leftovers\n|upkeep\n|turn|16\n|j| Lunala\n|j| LT91BB EclipseY\n|\n|t:|1658952391\n|switch|p2a: Dragonite|Dragonite, M|100\/100\n|switch|p1a: Zapdos|Zapdos|75\/100\n|-ability|p1a: Zapdos|Pressure\n|\n|upkeep\n|turn|17\n|\n|t:|1658952394\n|move|p2a: Dragonite|Draco Meteor|p1a: Zapdos\n|-damage|p1a: Zapdos|8\/100\n|-unboost|p2a: Dragonite|spa|2\n|move|p1a: Zapdos|Roost|p1a: Zapdos\n|-heal|p1a: Zapdos|58\/100\n|-singleturn|p1a: Zapdos|move: Roost\n|\n|upkeep\n|turn|18\n|\n|t:|1658952398\n|switch|p2a: Hydreigon|Hydreigon, M|100\/100\n|move|p1a: Zapdos|Roost|p1a: Zapdos\n|-heal|p1a: Zapdos|100\/100\n|-singleturn|p1a: Zapdos|move: Roost\n|\n|upkeep\n|turn|19\n|\n|t:|1658952402\n|move|p2a: Hydreigon|Dark Pulse|p1a: Zapdos\n|-damage|p1a: Zapdos|74\/100\n|move|p1a: Zapdos|Volt Switch|p2a: Hydreigon\n|-resisted|p2a: Hydreigon\n|-damage|p2a: Hydreigon|86\/100\n|\n|t:|1658952404\n|switch|p1a: Clefable|Clefable, M|100\/100|[from]move: Volt Switch\n|\n|-heal|p2a: Hydreigon|92\/100|[from] item: Leftovers\n|upkeep\n|turn|20\n|\n|t:|1658952407\n|switch|p2a: Ferrothorn|Ferrothorn, M|80\/100\n|move|p1a: Clefable|Stealth Rock|p2a: Ferrothorn\n|-sidestart|p2: LudwigFrog|move: Stealth Rock\n|\n|-damage|p2a: Ferrothorn|67\/100|[from] item: Sticky Barb\n|upkeep\n|turn|21\n|\n|t:|1658952410\n|switch|p2a: Excadrill|Excadrill, F|99\/100\n|-damage|p2a: Excadrill|97\/100|[from] Stealth Rock\n|-ability|p2a: Excadrill|Mold Breaker\n|move|p1a: Clefable|Moonblast|p2a: Excadrill\n|-resisted|p2a: Excadrill\n|-damage|p2a: Excadrill|83\/100\n|\n|-heal|p2a: Excadrill|89\/100|[from] item: Leftovers\n|upkeep\n|turn|22\n|\n|t:|1658952412\n|switch|p1a: Skarmory|Skarmory, M|92\/100\n|move|p2a: Excadrill|Rapid Spin|p1a: Skarmory\n|-resisted|p1a: Skarmory\n|-damage|p1a: Skarmory|88\/100\n|-boost|p2a: Excadrill|spe|1\n|-sideend|p2: LudwigFrog|Stealth Rock|[from] move: Rapid Spin|[of] p2a: Excadrill\n|\n|-heal|p2a: Excadrill|95\/100|[from] item: Leftovers\n|upkeep\n|turn|23\n|\n|t:|1658952415\n|switch|p2a: Dragonite|Dragonite, M|100\/100\n|move|p1a: Skarmory|Spikes|p2a: Dragonite\n|-sidestart|p2: LudwigFrog|Spikes\n|\n|upkeep\n|turn|24\n|\n|t:|1658952420\n|switch|p1a: Cresselia|Cresselia, F|100\/100\n|-damage|p1a: Cresselia|88\/100|[from] Stealth Rock\n|move|p2a: Dragonite|Ice Beam|p1a: Cresselia\n|-damage|p1a: Cresselia|66\/100\n|\n|-heal|p1a: Cresselia|72\/100|[from] item: Leftovers\n|upkeep\n|turn|25\n|\n|t:|1658952426\n|move|p2a: Dragonite|Ice Beam|p1a: Cresselia\n|-damage|p1a: Cresselia|51\/100\n|move|p1a: Cresselia|Toxic|p2a: Dragonite\n|-status|p2a: Dragonite|tox\n|\n|-heal|p1a: Cresselia|57\/100|[from] item: Leftovers\n|-damage|p2a: Dragonite|94\/100 tox|[from] psn\n|upkeep\n|turn|26\n|-message|LudwigFrog forfeited.\n|\n|win|LT91BB animefan\n|raw|LT91BB animefan's rating: 1871 &rarr; <strong>1885<\/strong><br \/>(+14 for winning)\n|raw|LudwigFrog's rating: 1768 &rarr; <strong>1754<\/strong><br \/>(-14 for losing)\n|l|\u2606LudwigFrog\n|j| LT91BB Sakura\n|l| Mbouchon\n|l|\u2606LT91BB animefan\n||Ladder isn't responding, score probably updated but might not have (Request timeout).\n|l| LordDarkSkin\n|l| bobertSmalls1\n|l| Lunala\n|l| CallMePrimal\n|l| surfnbird\n|l| LT91BB EclipseY\n|l| Bad Players\n|l| Cryofield\n|l| tesla roadster\n|l| LT91BB Sakura\n|l| Pokemh \u2764\ufe0f\n|l| LT91BB 69\n","uploadtime":1658954555,"views":110,"p1id":"lt91bbanimefan","p2id":"ludwigfrog","formatid":"gen8ou","rating":1754,"private":0,"password":null}