{"id":"gen8bdspou-1499876439","p1":"smcekeldorf","p2":"stopthreat","format":"gen8bdspou","log":"|html|<div class=\"broadcast-blue\"><strong>[Gen 8 BDSP] OU is currently suspecting Gengar! For information on how to participate check out the <a href=\"https:\/\/www.smogon.com\/forums\/threads\/np-bdsp-ou-suspect-process-round-3-ghost-town.3696830\/\">suspect thread<\/a>.<\/strong><\/div>\n|j|\u2606smcekeldorf\n|j|\u2606stopthreat\n|t:|1643337212\n|gametype|singles\n|player|p1|smcekeldorf|iris-gen5bw2|1391\n|player|p2|stopthreat|bugcatcher-gen4dp|1566\n|teamsize|p1|6\n|teamsize|p2|6\n|gen|8\n|tier|[Gen 8 BDSP] OU\n|rated|\n|rule|Sleep Clause Mod: Limit one foe put to sleep\n|rule|Species Clause: Limit one of each Pok\u00e9mon\n|rule|OHKO Clause: OHKO moves are banned\n|rule|Evasion Moves Clause: Evasion moves are banned\n|rule|Endless Battle Clause: Forcing endless battles is banned\n|rule|HP Percentage Mod: HP is shown in percentages\n|clearpoke\n|poke|p1|Crawdaunt, M|\n|poke|p1|Umbreon, F|\n|poke|p1|Scizor, F|\n|poke|p1|Gliscor, F|\n|poke|p1|Heatran, M|\n|poke|p1|Dragonite, M|\n|poke|p2|Latios, M|\n|poke|p2|Garchomp, F|\n|poke|p2|Gengar, F|\n|poke|p2|Blissey, F|\n|poke|p2|Gliscor, M|\n|poke|p2|Magnezone|\n|teampreview\n|inactive|Battle timer is ON: inactive players will automatically lose when time's up. (requested by smcekeldorf)\n|\n|t:|1643337222\n|start\n|switch|p1a: Dragonite|Dragonite, M|100\/100\n|switch|p2a: Garchomp|Garchomp, F|100\/100\n|turn|1\n|\n|t:|1643337227\n|move|p2a: Garchomp|Dual Chop|p1a: Dragonite\n|-supereffective|p1a: Dragonite\n|-damage|p1a: Dragonite|65\/100\n|-supereffective|p1a: Dragonite\n|-damage|p1a: Dragonite|2\/100\n|-hitcount|p1a: Dragonite|2\n|move|p1a: Dragonite|Ice Beam|p2a: Garchomp\n|-supereffective|p2a: Garchomp\n|-damage|p2a: Garchomp|0 fnt\n|faint|p2a: Garchomp\n|\n|upkeep\n|\n|t:|1643337236\n|switch|p2a: Gengar|Gengar, F|100\/100\n|turn|2\n|\n|t:|1643337241\n|switch|p1a: Gliscor|Gliscor, F|100\/100\n|move|p2a: Gengar|Focus Blast|p1a: Gliscor\n|-resisted|p1a: Gliscor\n|-damage|p1a: Gliscor|74\/100\n|\n|-status|p1a: Gliscor|tox|[from] item: Toxic Orb\n|upkeep\n|turn|3\n|\n|t:|1643337245\n|switch|p2a: Gliscor|Gliscor, M|100\/100\n|move|p1a: Gliscor|Stealth Rock|p2a: Gliscor\n|-sidestart|p2: stopthreat|move: Stealth Rock\n|\n|-heal|p1a: Gliscor|86\/100 tox|[from] ability: Poison Heal\n|-status|p2a: Gliscor|tox|[from] item: Toxic Orb\n|upkeep\n|turn|4\n|\n|t:|1643337263\n|move|p2a: Gliscor|Swords Dance|p2a: Gliscor\n|-boost|p2a: Gliscor|atk|2\n|move|p1a: Gliscor|U-turn|p2a: Gliscor\n|-resisted|p2a: Gliscor\n|-damage|p2a: Gliscor|96\/100 tox\n|\n|t:|1643337271\n|switch|p1a: Umbreon|Umbreon, F|100\/100|[from]move: U-turn\n|\n|-heal|p2a: Gliscor|100\/100 tox|[from] ability: Poison Heal\n|upkeep\n|turn|5\n|\n|t:|1643337273\n|move|p2a: Gliscor|Swords Dance|p2a: Gliscor\n|-boost|p2a: Gliscor|atk|2\n|move|p1a: Umbreon|Foul Play|p2a: Gliscor\n|-damage|p2a: Gliscor|42\/100 tox\n|\n|-heal|p2a: Gliscor|54\/100 tox|[from] ability: Poison Heal\n|upkeep\n|turn|6\n|\n|t:|1643337281\n|move|p2a: Gliscor|Earthquake|p1a: Umbreon\n|-damage|p1a: Umbreon|39\/100\n|move|p1a: Umbreon|Wish|p1a: Umbreon\n|\n|-heal|p1a: Umbreon|45\/100|[from] item: Leftovers\n|-heal|p2a: Gliscor|67\/100 tox|[from] ability: Poison Heal\n|upkeep\n|turn|7\n|\n|t:|1643337287\n|move|p2a: Gliscor|Swords Dance|p2a: Gliscor\n|-boost|p2a: Gliscor|atk|2\n|move|p1a: Umbreon|Foul Play|p2a: Gliscor\n|-damage|p2a: Gliscor|0 fnt\n|faint|p2a: Gliscor\n|\n|-heal|p1a: Umbreon|95\/100|[from] move: Wish|[wisher] Umbreon\n|-heal|p1a: Umbreon|100\/100|[from] item: Leftovers\n|upkeep\n|\n|t:|1643337292\n|switch|p2a: Latios|Latios, M|100\/100\n|-damage|p2a: Latios|88\/100|[from] Stealth Rock\n|turn|8\n|\n|t:|1643337296\n|move|p1a: Umbreon|Protect|p1a: Umbreon\n|-singleturn|p1a: Umbreon|Protect\n|move|p2a: Latios|Defog|p1a: Umbreon\n|-activate|p1a: Umbreon|move: Protect\n|\n|upkeep\n|turn|9\n|\n|t:|1643337304\n|move|p2a: Latios|Defog|p1a: Umbreon\n|-unboost|p1a: Umbreon|evasion|1\n|-sideend|p2: stopthreat|Stealth Rock|[from] move: Defog|[of] p2a: Latios\n|move|p1a: Umbreon|Yawn|p2a: Latios\n|-start|p2a: Latios|move: Yawn|[of] p1a: Umbreon\n|\n|upkeep\n|turn|10\n|\n|t:|1643337309\n|switch|p2a: Magnezone|Magnezone|100\/100\n|move|p1a: Umbreon|Wish|p1a: Umbreon\n|\n|upkeep\n|turn|11\n|\n|t:|1643337319\n|move|p2a: Magnezone|Thunderbolt|p1a: Umbreon\n|-damage|p1a: Umbreon|45\/100\n|move|p1a: Umbreon|Yawn|p2a: Magnezone\n|-start|p2a: Magnezone|move: Yawn|[of] p1a: Umbreon\n|\n|-heal|p1a: Umbreon|95\/100|[from] move: Wish|[wisher] Umbreon\n|-heal|p1a: Umbreon|100\/100|[from] item: Leftovers\n|upkeep\n|turn|12\n|\n|t:|1643337326\n|switch|p2a: Blissey|Blissey, F|100\/100\n|move|p1a: Umbreon|Wish|p1a: Umbreon\n|\n|upkeep\n|turn|13\n|\n|t:|1643337330\n|move|p1a: Umbreon|Yawn|p2a: Blissey\n|-start|p2a: Blissey|move: Yawn|[of] p1a: Umbreon\n|move|p2a: Blissey|Thunder Wave|p1a: Umbreon\n|-status|p1a: Umbreon|par\n|-activate|p1a: Umbreon|ability: Synchronize\n|-status|p2a: Blissey|par\n|\n|upkeep\n|turn|14\n|\n|t:|1643337337\n|-curestatus|p2a: Blissey|par|[from] ability: Natural Cure\n|switch|p2a: Magnezone|Magnezone|100\/100\n|cant|p1a: Umbreon|par\n|\n|upkeep\n|turn|15\n|\n|t:|1643337345\n|switch|p1a: Gliscor|Gliscor, F|86\/100 tox\n|move|p2a: Magnezone|Flash Cannon|p1a: Gliscor\n|-damage|p1a: Gliscor|2\/100 tox\n|\n|-heal|p1a: Gliscor|14\/100 tox|[from] ability: Poison Heal\n|upkeep\n|turn|16\n|\n|t:|1643337351\n|switch|p1a: Heatran|Heatran, M, shiny|100\/100\n|switch|p2a: Latios|Latios, M|88\/100\n|\n|upkeep\n|turn|17\n|\n|t:|1643337357\n|switch|p2a: Blissey|Blissey, F|100\/100\n|switch|p1a: Umbreon|Umbreon, F|100\/100 par\n|\n|upkeep\n|turn|18\n|\n|t:|1643337369\n|move|p2a: Blissey|Seismic Toss|p1a: Umbreon\n|-damage|p1a: Umbreon|75\/100 par\n|move|p1a: Umbreon|Yawn|p2a: Blissey\n|-start|p2a: Blissey|move: Yawn|[of] p1a: Umbreon\n|\n|-heal|p1a: Umbreon|81\/100 par|[from] item: Leftovers\n|upkeep\n|turn|19\n|\n|t:|1643337374\n|switch|p2a: Magnezone|Magnezone|100\/100\n|move|p1a: Umbreon|Yawn|p2a: Magnezone\n|-start|p2a: Magnezone|move: Yawn|[of] p1a: Umbreon\n|\n|-heal|p1a: Umbreon|87\/100 par|[from] item: Leftovers\n|upkeep\n|turn|20\n|\n|t:|1643337377\n|move|p2a: Magnezone|Volt Switch|p1a: Umbreon\n|-damage|p1a: Umbreon|45\/100 par\n|\n|t:|1643337380\n|switch|p2a: Latios|Latios, M|88\/100|[from]move: Volt Switch\n|move|p1a: Umbreon|Wish|p1a: Umbreon\n|\n|-heal|p1a: Umbreon|51\/100 par|[from] item: Leftovers\n|upkeep\n|turn|21\n|\n|t:|1643337384\n|cant|p1a: Umbreon|par\n|move|p2a: Latios|Draco Meteor|p1a: Umbreon|[miss]\n|-miss|p2a: Latios|p1a: Umbreon\n|\n|-heal|p1a: Umbreon|100\/100 par|[from] move: Wish|[wisher] Umbreon\n|upkeep\n|turn|22\n|\n|t:|1643337388\n|move|p2a: Latios|Draco Meteor|p1a: Umbreon\n|-damage|p1a: Umbreon|49\/100 par\n|-unboost|p2a: Latios|spa|2\n|cant|p1a: Umbreon|par\n|\n|-heal|p1a: Umbreon|55\/100 par|[from] item: Leftovers\n|upkeep\n|turn|23\n|\n|t:|1643337395\n|switch|p2a: Magnezone|Magnezone|100\/100\n|move|p1a: Umbreon|Wish|p1a: Umbreon\n|\n|-heal|p1a: Umbreon|61\/100 par|[from] item: Leftovers\n|upkeep\n|turn|24\n|\n|t:|1643337399\n|cant|p1a: Umbreon|par\n|move|p2a: Magnezone|Flash Cannon|p1a: Umbreon\n|-damage|p1a: Umbreon|4\/100 par\n|-unboost|p1a: Umbreon|spd|1\n|\n|-heal|p1a: Umbreon|53\/100 par|[from] move: Wish|[wisher] Umbreon\n|-heal|p1a: Umbreon|60\/100 par|[from] item: Leftovers\n|upkeep\n|turn|25\n|\n|t:|1643337410\n|switch|p1a: Dragonite|Dragonite, M|2\/100\n|move|p2a: Magnezone|Flash Cannon|p1a: Dragonite\n|-damage|p1a: Dragonite|0 fnt\n|faint|p1a: Dragonite\n|\n|upkeep\n|\n|t:|1643337411\n|switch|p1a: Gliscor|Gliscor, F|14\/100 tox\n|turn|26\n|\n|t:|1643337413\n|switch|p2a: Latios|Latios, M|88\/100\n|move|p1a: Gliscor|Earthquake|p2a: Latios\n|-immune|p2a: Latios|[from] ability: Levitate\n|\n|-heal|p1a: Gliscor|27\/100 tox|[from] ability: Poison Heal\n|upkeep\n|turn|27\n|\n|t:|1643337418\n|switch|p1a: Scizor|Scizor, F|100\/100\n|move|p2a: Latios|Psychic|p1a: Scizor\n|-resisted|p1a: Scizor\n|-damage|p1a: Scizor|74\/100\n|-unboost|p1a: Scizor|spd|1\n|\n|-heal|p1a: Scizor|80\/100|[from] item: Leftovers\n|upkeep\n|turn|28\n|\n|t:|1643337422\n|switch|p2a: Magnezone|Magnezone|100\/100\n|move|p1a: Scizor|U-turn|p2a: Magnezone\n|-resisted|p2a: Magnezone\n|-damage|p2a: Magnezone|85\/100\n|\n|t:|1643337425\n|switch|p1a: Heatran|Heatran, M, shiny|100\/100|[from]move: U-turn\n|\n|upkeep\n|turn|29\n|\n|t:|1643337429\n|switch|p2a: Blissey|Blissey, F|100\/100\n|move|p1a: Heatran|Magma Storm|p2a: Blissey\n|-damage|p2a: Blissey|82\/100\n|-activate|p2a: Blissey|move: Magma Storm|[of] p1a: Heatran\n|\n|-heal|p2a: Blissey|89\/100|[from] item: Leftovers\n|-damage|p2a: Blissey|76\/100|[from] move: Magma Storm|[partiallytrapped]\n|upkeep\n|turn|30\n|\n|t:|1643337437\n|switch|p1a: Gliscor|Gliscor, F|27\/100 tox\n|move|p2a: Blissey|Seismic Toss|p1a: Gliscor\n|-damage|p1a: Gliscor|0 fnt\n|faint|p1a: Gliscor\n|\n|-heal|p2a: Blissey|82\/100|[from] item: Leftovers\n|-end|p2a: Blissey|Magma Storm|[partiallytrapped]|[silent]\n|upkeep\n|\n|t:|1643337439\n|switch|p1a: Crawdaunt|Crawdaunt, M|100\/100\n|turn|31\n|\n|t:|1643337458\n|move|p1a: Crawdaunt|Knock Off|p2a: Blissey\n|-damage|p2a: Blissey|0 fnt\n|-enditem|p2a: Blissey|Leftovers|[from] move: Knock Off|[of] p1a: Crawdaunt\n|faint|p2a: Blissey\n|\n|upkeep\n|\n|t:|1643337460\n|switch|p2a: Latios|Latios, M|88\/100\n|turn|32\n|\n|t:|1643337466\n|switch|p1a: Scizor|Scizor, F|80\/100\n|move|p2a: Latios|Draco Meteor|p1a: Scizor\n|-resisted|p1a: Scizor\n|-damage|p1a: Scizor|44\/100\n|-unboost|p2a: Latios|spa|2\n|\n|-heal|p1a: Scizor|50\/100|[from] item: Leftovers\n|upkeep\n|turn|33\n|\n|t:|1643337468\n|switch|p2a: Magnezone|Magnezone|85\/100\n|move|p1a: Scizor|Roost|p1a: Scizor\n|-heal|p1a: Scizor|99\/100\n|-singleturn|p1a: Scizor|move: Roost\n|\n|-heal|p1a: Scizor|100\/100|[from] item: Leftovers\n|upkeep\n|turn|34\n|\n|t:|1643337472\n|move|p2a: Magnezone|Thunderbolt|p1a: Scizor\n|-damage|p1a: Scizor|34\/100\n|move|p1a: Scizor|U-turn|p2a: Magnezone\n|-resisted|p2a: Magnezone\n|-damage|p2a: Magnezone|70\/100\n|\n|t:|1643337479\n|switch|p1a: Heatran|Heatran, M, shiny|100\/100|[from]move: U-turn\n|\n|upkeep\n|turn|35\n|\n|t:|1643337498\n|move|p1a: Heatran|Magma Storm|p2a: Magnezone\n|-supereffective|p2a: Magnezone\n|-damage|p2a: Magnezone|0 fnt\n|faint|p2a: Magnezone\n|\n|upkeep\n|\n|t:|1643337500\n|switch|p2a: Gengar|Gengar, F|100\/100\n|turn|36\n|\n|t:|1643337504\n|move|p2a: Gengar|Focus Blast|p1a: Heatran|[miss]\n|-miss|p2a: Gengar|p1a: Heatran\n|move|p1a: Heatran|Earth Power|p2a: Gengar\n|-supereffective|p2a: Gengar\n|-damage|p2a: Gengar|0 fnt\n|faint|p2a: Gengar\n|\n|upkeep\n|-message|stopthreat forfeited.\n|\n|win|smcekeldorf\n|raw|smcekeldorf's rating: 1391 &rarr; <strong>1419<\/strong><br \/>(+28 for winning)\n|raw|stopthreat's rating: 1545 &rarr; <strong>1517<\/strong><br \/>(-28 for losing)\n|l|\u2606stopthreat\n","uploadtime":1643337696,"views":5,"p1id":"smcekeldorf","p2id":"stopthreat","formatid":"gen8bdspou","rating":1419,"private":0,"password":null}