{"id":"gen8almostanyability-1671012409","p1":"beauts","p2":"Faygos","format":"gen8almostanyability","log":"|html|<div class=\"broadcast-blue\"><strong>[Gen 8] Almost Any Ability is currently suspecting Genesect! For information on how to participate check out the <a href=\"https:\/\/www.smogon.com\/forums\/threads\/ss-aaa-suspect-9-burning-red-genesect.3708014\/\">suspect thread<\/a>.<\/strong><\/div>\n|j|\u2606beauts\n|j|\u2606Faygos\n|t:|1664221381\n|gametype|singles\n|player|p1|beauts|jasmine|\n|player|p2|Faygos|101|\n|teamsize|p1|6\n|teamsize|p2|6\n|gen|8\n|tier|[Gen 8] Almost Any Ability\n|rule|Species Clause: Limit one of each Pok\u00e9mon\n|rule|OHKO Clause: OHKO moves are banned\n|rule|Evasion Moves Clause: Evasion moves are banned\n|rule|Endless Battle Clause: Forcing endless battles is banned\n|rule|Dynamax Clause: You cannot dynamax\n|rule|HP Percentage Mod: HP is shown in percentages\n|rule|2 Ability Clause: Limit two of each ability\n|rule|Sleep Clause: Sleep-inducing moves are banned\n|clearpoke\n|poke|p1|Heatran, M|\n|poke|p1|Mandibuzz, F|\n|poke|p1|Slowking-Galar, F|\n|poke|p1|Zygarde-10%|\n|poke|p1|Tapu Koko|\n|poke|p1|Suicune|\n|poke|p2|Mew|\n|poke|p2|Zapdos-Galar|\n|poke|p2|Tapu Koko|\n|poke|p2|Corviknight, M|\n|poke|p2|Jirachi|\n|poke|p2|Genesect-Douse|\n|teampreview\n|inactive|Battle timer is ON: inactive players will automatically lose when time's up. (requested by beauts)\n|inactive|Faygos also wants the timer to be on.\n|j| oaklies\n|c|\u2606beauts|\/\/publicroom\n|c|\u2606Faygos|\/log Faygos made this room public.\n|j| Tea Guzzler\n|j| Unviabriel\n|inactive|beauts has 270 seconds left.\n|inactive|Faygos has 270 seconds left.\n|\n|t:|1664221431\n|start\n|switch|p1a: Heatran|Heatran, M|100\/100\n|switch|p2a: Jirachi|Jirachi|100\/100\n|turn|1\n|\n|t:|1664221443\n|switch|p2a: Genesect|Genesect-Douse, shiny|100\/100\n|-weather|PrimordialSea|[from] ability: Primordial Sea|[of] p2a: Genesect\n|move|p1a: Heatran|Stealth Rock|p2a: Genesect\n|-sidestart|p2: Faygos|move: Stealth Rock\n|\n|-weather|PrimordialSea|[upkeep]\n|upkeep\n|turn|2\n|\n|t:|1664221453\n|switch|p1a: Zygarde|Zygarde-10%|100\/100\n|move|p2a: Genesect|Thunder|p1a: Zygarde\n|-immune|p1a: Zygarde\n|\n|-weather|PrimordialSea|[upkeep]\n|upkeep\n|turn|3\n|\n|t:|1664221462\n|-weather|none\n|switch|p2a: Corviknight|Corviknight, M|100\/100\n|-damage|p2a: Corviknight|88\/100|[from] Stealth Rock\n|-ability|p2a: Corviknight|Intimidate|boost\n|-unboost|p1a: Zygarde|atk|1\n|move|p1a: Zygarde|Coil|p1a: Zygarde\n|-boost|p1a: Zygarde|atk|1\n|-boost|p1a: Zygarde|def|1\n|-boost|p1a: Zygarde|accuracy|1\n|\n|-heal|p2a: Corviknight|94\/100|[from] item: Leftovers\n|upkeep\n|turn|4\n|\n|t:|1664221471\n|move|p1a: Zygarde|Coil|p1a: Zygarde\n|-boost|p1a: Zygarde|atk|1\n|-boost|p1a: Zygarde|def|1\n|-boost|p1a: Zygarde|accuracy|1\n|move|p2a: Corviknight|Defog|p1a: Zygarde\n|-unboost|p1a: Zygarde|evasion|1\n|-sideend|p2: Faygos|Stealth Rock|[from] move: Defog|[of] p2a: Corviknight\n|\n|-heal|p2a: Corviknight|100\/100|[from] item: Leftovers\n|upkeep\n|turn|5\n|\n|t:|1664221473\n|move|p1a: Zygarde|Coil|p1a: Zygarde\n|-boost|p1a: Zygarde|atk|1\n|-boost|p1a: Zygarde|def|1\n|-boost|p1a: Zygarde|accuracy|1\n|move|p2a: Corviknight|U-turn|p1a: Zygarde\n|-damage|p1a: Zygarde|90\/100\n|\n|t:|1664221484\n|switch|p2a: Tapu Koko|Tapu Koko|100\/100|[from]move: U-turn\n|\n|-heal|p1a: Zygarde|97\/100|[from] item: Leftovers\n|upkeep\n|turn|6\n|\n|t:|1664221488\n|move|p2a: Tapu Koko|Dazzling Gleam|p1a: Zygarde\n|-supereffective|p1a: Zygarde\n|-crit|p1a: Zygarde\n|-damage|p1a: Zygarde|0 fnt\n|faint|p1a: Zygarde\n|\n|upkeep\n|c|\u2606beauts|bruh\n|c|\u2606beauts|are you seirous\n|j| derpyboi\n|c|\u2606beauts|this is so trash\n|\n|t:|1664221500\n|switch|p1a: Heatran|Heatran, M|100\/100\n|turn|7\n|\n|t:|1664221503\n|move|p2a: Tapu Koko|U-turn|p1a: Heatran\n|-resisted|p1a: Heatran\n|-damage|p1a: Heatran|96\/100\n|\n|t:|1664221505\n|switch|p2a: Genesect|Genesect-Douse, shiny|100\/100|[from]move: U-turn\n|-weather|PrimordialSea|[from] ability: Primordial Sea|[of] p2a: Genesect\n|move|p1a: Heatran|Stealth Rock|p2a: Genesect\n|-sidestart|p2: Faygos|move: Stealth Rock\n|\n|-weather|PrimordialSea|[upkeep]\n|-heal|p1a: Heatran|100\/100|[from] item: Leftovers\n|upkeep\n|turn|8\n|\n|t:|1664221512\n|switch|p1a: Suicune|Suicune|100\/100\n|move|p2a: Genesect|Techno Blast|p1a: Suicune\n|-resisted|p1a: Suicune\n|-damage|p1a: Suicune|75\/100\n|\n|-weather|PrimordialSea|[upkeep]\n|-heal|p1a: Suicune|81\/100|[from] item: Leftovers\n|upkeep\n|turn|9\n|\n|t:|1664221518\n|switch|p1a: Tapu Koko|Tapu Koko|100\/100\n|move|p2a: Genesect|Thunder|p1a: Tapu Koko\n|-resisted|p1a: Tapu Koko\n|-damage|p1a: Tapu Koko|74\/100\n|\n|-weather|PrimordialSea|[upkeep]\n|upkeep\n|turn|10\n|\n|t:|1664221523\n|move|p1a: Tapu Koko|U-turn|p2a: Genesect\n|-resisted|p2a: Genesect\n|-damage|p2a: Genesect|85\/100\n|\n|t:|1664221525\n|switch|p1a: Slowking|Slowking-Galar, F|100\/100|[from]move: U-turn\n|-ability|p1a: Slowking|Dauntless Shield|boost\n|-boost|p1a: Slowking|def|1\n|move|p2a: Genesect|Techno Blast|p1a: Slowking\n|-damage|p1a: Slowking|61\/100\n|\n|-weather|PrimordialSea|[upkeep]\n|-heal|p1a: Slowking|67\/100|[from] item: Black Sludge\n|upkeep\n|turn|11\n|j|%UT\n|\n|t:|1664221532\n|move|p2a: Genesect|U-turn|p1a: Slowking\n|-damage|p1a: Slowking|51\/100\n|\n|t:|1664221536\n|-weather|none\n|switch|p2a: Jirachi|Jirachi|100\/100|[from]move: U-turn\n|-damage|p2a: Jirachi|94\/100|[from] Stealth Rock\n|move|p1a: Slowking|Slack Off|p1a: Slowking\n|-heal|p1a: Slowking|100\/100\n|\n|upkeep\n|turn|12\n|\n|t:|1664221545\n|switch|p1a: Heatran|Heatran, M|100\/100\n|move|p2a: Jirachi|Future Sight|p1a: Heatran\n|-start|p2a: Jirachi|move: Future Sight\n|\n|upkeep\n|turn|13\n|\n|t:|1664221550\n|switch|p2a: Genesect|Genesect-Douse, shiny|85\/100\n|-damage|p2a: Genesect|72\/100|[from] Stealth Rock\n|-weather|PrimordialSea|[from] ability: Primordial Sea|[of] p2a: Genesect\n|move|p1a: Heatran|Earth Power|p2a: Genesect\n|-damage|p2a: Genesect|37\/100\n|\n|-weather|PrimordialSea|[upkeep]\n|upkeep\n|turn|14\n|\n|t:|1664221558\n|switch|p1a: Suicune|Suicune|100\/100\n|move|p2a: Genesect|Thunder|p1a: Suicune\n|-supereffective|p1a: Suicune\n|-damage|p1a: Suicune|39\/100\n|\n|-weather|PrimordialSea|[upkeep]\n|-end|p1a: Suicune|move: Future Sight\n|-damage|p1a: Suicune|6\/100\n|-heal|p1a: Suicune|13\/100|[from] item: Leftovers\n|upkeep\n|turn|15\n|\n|t:|1664221564\n|switch|p1a: Slowking|Slowking-Galar, F|100\/100\n|-ability|p1a: Slowking|Dauntless Shield|boost\n|-boost|p1a: Slowking|def|1\n|move|p2a: Genesect|Techno Blast|p1a: Slowking\n|-damage|p1a: Slowking|58\/100\n|\n|-weather|PrimordialSea|[upkeep]\n|-heal|p1a: Slowking|64\/100|[from] item: Black Sludge\n|upkeep\n|turn|16\n|\n|t:|1664221568\n|move|p2a: Genesect|U-turn|p1a: Slowking\n|-damage|p1a: Slowking|47\/100\n|\n|t:|1664221571\n|-weather|none\n|switch|p2a: Corviknight|Corviknight, M|100\/100|[from]move: U-turn\n|-damage|p2a: Corviknight|88\/100|[from] Stealth Rock\n|-ability|p2a: Corviknight|Intimidate|boost\n|-unboost|p1a: Slowking|atk|1\n|move|p1a: Slowking|Slack Off|p1a: Slowking\n|-heal|p1a: Slowking|97\/100\n|\n|-heal|p2a: Corviknight|94\/100|[from] item: Leftovers\n|-heal|p1a: Slowking|100\/100|[from] item: Black Sludge\n|upkeep\n|turn|17\n|j| zioziotrip\n|\n|t:|1664221574\n|move|p2a: Corviknight|Defog|p1a: Slowking\n|-unboost|p1a: Slowking|evasion|1\n|-sideend|p2: Faygos|Stealth Rock|[from] move: Defog|[of] p2a: Corviknight\n|move|p1a: Slowking|Nasty Plot|p1a: Slowking\n|-boost|p1a: Slowking|spa|2\n|\n|-heal|p2a: Corviknight|100\/100|[from] item: Leftovers\n|upkeep\n|turn|18\n|\n|t:|1664221577\n|move|p2a: Corviknight|U-turn|p1a: Slowking\n|-damage|p1a: Slowking|93\/100\n|\n|t:|1664221579\n|switch|p2a: Jirachi|Jirachi|100\/100|[from]move: U-turn\n|move|p1a: Slowking|Scald|p2a: Jirachi\n|-damage|p2a: Jirachi|83\/100\n|\n|-heal|p1a: Slowking|99\/100|[from] item: Black Sludge\n|upkeep\n|turn|19\n|\n|t:|1664221583\n|move|p2a: Jirachi|Future Sight|p1a: Slowking\n|-start|p2a: Jirachi|move: Future Sight\n|move|p1a: Slowking|Nasty Plot|p1a: Slowking\n|-boost|p1a: Slowking|spa|2\n|\n|-heal|p1a: Slowking|100\/100|[from] item: Black Sludge\n|upkeep\n|turn|20\n|\n|t:|1664221584\n|move|p2a: Jirachi|Iron Head|p1a: Slowking\n|-damage|p1a: Slowking|83\/100\n|cant|p1a: Slowking|flinch\n|\n|-heal|p1a: Slowking|89\/100|[from] item: Black Sludge\n|upkeep\n|turn|21\n|\n|t:|1664221590\n|move|p2a: Jirachi|Iron Head|p1a: Slowking\n|-damage|p1a: Slowking|72\/100\n|move|p1a: Slowking|Scald|p2a: Jirachi\n|-damage|p2a: Jirachi|59\/100\n|\n|-end|p1a: Slowking|move: Future Sight\n|-damage|p1a: Slowking|47\/100\n|-heal|p1a: Slowking|53\/100|[from] item: Black Sludge\n|upkeep\n|turn|22\n|j| juicier than you\n|\n|t:|1664221593\n|move|p2a: Jirachi|U-turn|p1a: Slowking\n|-damage|p1a: Slowking|44\/100\n|\n|t:|1664221595\n|switch|p2a: Zapdos|Zapdos-Galar|100\/100|[from]move: U-turn\n|move|p1a: Slowking|Slack Off|p1a: Slowking\n|-heal|p1a: Slowking|94\/100\n|\n|-heal|p1a: Slowking|99\/100|[from] item: Black Sludge\n|upkeep\n|turn|23\n|\n|t:|1664221599\n|move|p2a: Zapdos|Brave Bird|p1a: Slowking\n|-damage|p1a: Slowking|23\/100\n|-damage|p2a: Zapdos|69\/100|[from] Recoil\n|move|p1a: Slowking|Slack Off|p1a: Slowking\n|-heal|p1a: Slowking|73\/100\n|\n|-heal|p1a: Slowking|79\/100|[from] item: Black Sludge\n|upkeep\n|turn|24\n|l| zioziotrip\n|j| zioziotrip\n|\n|t:|1664221605\n|switch|p1a: Heatran|Heatran, M|100\/100\n|move|p2a: Zapdos|Brave Bird|p1a: Heatran\n|-resisted|p1a: Heatran\n|-damage|p1a: Heatran|44\/100\n|-damage|p2a: Zapdos|47\/100|[from] Recoil\n|\n|-heal|p1a: Heatran|50\/100|[from] item: Leftovers\n|upkeep\n|turn|25\n|j|@isaiaH\n|\n|t:|1664221612\n|switch|p1a: Tapu Koko|Tapu Koko|74\/100\n|move|p2a: Zapdos|Brave Bird|p1a: Tapu Koko\n|-resisted|p1a: Tapu Koko\n|-damage|p1a: Tapu Koko|0 fnt\n|faint|p1a: Tapu Koko\n|-damage|p2a: Zapdos|23\/100|[from] Recoil\n|\n|upkeep\n|j|+Dragonillis\n|\n|t:|1664221618\n|switch|p1a: Heatran|Heatran, M|83\/100\n|turn|26\n|\n|t:|1664221620\n|switch|p2a: Genesect|Genesect-Douse, shiny|37\/100\n|-weather|PrimordialSea|[from] ability: Primordial Sea|[of] p2a: Genesect\n|move|p1a: Heatran|Lava Plume||[still]\n|-fail|p1a: Heatran|Lava Plume|[from] Primordial Sea\n|\n|-weather|PrimordialSea|[upkeep]\n|-heal|p1a: Heatran|90\/100|[from] item: Leftovers\n|upkeep\n|turn|27\n|\n|t:|1664221625\n|move|p2a: Genesect|Techno Blast|p1a: Heatran\n|-supereffective|p1a: Heatran\n|-damage|p1a: Heatran|5\/100\n|move|p1a: Heatran|Stealth Rock|p2a: Genesect\n|-sidestart|p2: Faygos|move: Stealth Rock\n|\n|-weather|PrimordialSea|[upkeep]\n|-heal|p1a: Heatran|11\/100|[from] item: Leftovers\n|upkeep\n|turn|28\n|c| zioziotrip|score?\n|\n|t:|1664221628\n|switch|p1a: Suicune|Suicune|46\/100\n|move|p2a: Genesect|Thunder|p1a: Suicune\n|-supereffective|p1a: Suicune\n|-damage|p1a: Suicune|0 fnt\n|faint|p1a: Suicune\n|\n|-weather|PrimordialSea|[upkeep]\n|upkeep\n|c|\u2606beauts|0-1\n|\n|t:|1664221632\n|switch|p1a: Slowking|Slowking-Galar, F|79\/100\n|-ability|p1a: Slowking|Dauntless Shield|boost\n|-boost|p1a: Slowking|def|1\n|turn|29\n|\n|t:|1664221635\n|move|p2a: Genesect|Thunder|p1a: Slowking\n|-damage|p1a: Slowking|53\/100\n|move|p1a: Slowking|Slack Off|p1a: Slowking\n|-heal|p1a: Slowking|100\/100\n|\n|-weather|PrimordialSea|[upkeep]\n|upkeep\n|turn|30\n|\n|t:|1664221640\n|move|p2a: Genesect|U-turn|p1a: Slowking\n|-damage|p1a: Slowking|85\/100\n|\n|t:|1664221642\n|-weather|none\n|switch|p2a: Jirachi|Jirachi|92\/100|[from]move: U-turn\n|-damage|p2a: Jirachi|86\/100|[from] Stealth Rock\n|move|p1a: Slowking|Scald|p2a: Jirachi\n|-damage|p2a: Jirachi|79\/100\n|-status|p2a: Jirachi|brn\n|\n|-heal|p1a: Slowking|91\/100|[from] item: Black Sludge\n|-damage|p2a: Jirachi|72\/100 brn|[from] brn\n|upkeep\n|turn|31\n|\n|t:|1664221645\n|move|p2a: Jirachi|Future Sight|p1a: Slowking\n|-start|p2a: Jirachi|move: Future Sight\n|move|p1a: Slowking|Nasty Plot|p1a: Slowking\n|-boost|p1a: Slowking|spa|2\n|\n|-heal|p1a: Slowking|97\/100|[from] item: Black Sludge\n|-damage|p2a: Jirachi|66\/100 brn|[from] brn\n|upkeep\n|turn|32\n|\n|t:|1664221647\n|move|p2a: Jirachi|U-turn|p1a: Slowking\n|-damage|p1a: Slowking|92\/100\n|\n|t:|1664221648\n|switch|p2a: Corviknight|Corviknight, M|100\/100|[from]move: U-turn\n|-damage|p2a: Corviknight|88\/100|[from] Stealth Rock\n|-ability|p2a: Corviknight|Intimidate|boost\n|-unboost|p1a: Slowking|atk|1\n|move|p1a: Slowking|Scald|p2a: Corviknight\n|-damage|p2a: Corviknight|48\/100\n|\n|-heal|p2a: Corviknight|55\/100|[from] item: Leftovers\n|-heal|p1a: Slowking|98\/100|[from] item: Black Sludge\n|upkeep\n|turn|33\n|\n|t:|1664221651\n|move|p2a: Corviknight|Defog|p1a: Slowking\n|-unboost|p1a: Slowking|evasion|1\n|-sideend|p2: Faygos|Stealth Rock|[from] move: Defog|[of] p2a: Corviknight\n|move|p1a: Slowking|Scald|p2a: Corviknight\n|-damage|p2a: Corviknight|13\/100\n|\n|-end|p1a: Slowking|move: Future Sight\n|-damage|p1a: Slowking|71\/100\n|-heal|p2a: Corviknight|20\/100|[from] item: Leftovers\n|-heal|p1a: Slowking|77\/100|[from] item: Black Sludge\n|upkeep\n|turn|34\n|\n|t:|1664221654\n|move|p2a: Corviknight|Roost|p2a: Corviknight\n|-heal|p2a: Corviknight|70\/100\n|-singleturn|p2a: Corviknight|move: Roost\n|move|p1a: Slowking|Nasty Plot|p1a: Slowking\n|-boost|p1a: Slowking|spa|2\n|\n|-heal|p2a: Corviknight|76\/100|[from] item: Leftovers\n|-heal|p1a: Slowking|83\/100|[from] item: Black Sludge\n|upkeep\n|turn|35\n|\n|t:|1664221656\n|move|p2a: Corviknight|U-turn|p1a: Slowking\n|-damage|p1a: Slowking|75\/100\n|\n|t:|1664221657\n|switch|p2a: Jirachi|Jirachi|99\/100 brn|[from]move: U-turn\n|move|p1a: Slowking|Scald|p2a: Jirachi\n|-damage|p2a: Jirachi|74\/100 brn\n|\n|-heal|p1a: Slowking|81\/100|[from] item: Black Sludge\n|-damage|p2a: Jirachi|68\/100 brn|[from] brn\n|upkeep\n|turn|36\n|\n|t:|1664221660\n|move|p2a: Jirachi|Future Sight|p1a: Slowking\n|-start|p2a: Jirachi|move: Future Sight\n|move|p1a: Slowking|Scald|p2a: Jirachi\n|-damage|p2a: Jirachi|46\/100 brn\n|\n|-heal|p1a: Slowking|87\/100|[from] item: Black Sludge\n|-damage|p2a: Jirachi|40\/100 brn|[from] brn\n|upkeep\n|turn|37\n|j|+The Number Man\n|\n|t:|1664221663\n|move|p2a: Jirachi|Iron Head|p1a: Slowking\n|-damage|p1a: Slowking|79\/100\n|move|p1a: Slowking|Scald|p2a: Jirachi\n|-damage|p2a: Jirachi|15\/100 brn\n|\n|-heal|p1a: Slowking|85\/100|[from] item: Black Sludge\n|-damage|p2a: Jirachi|9\/100 brn|[from] brn\n|upkeep\n|turn|38\n|\n|t:|1664221668\n|move|p2a: Jirachi|U-turn|p1a: Slowking\n|-damage|p1a: Slowking|80\/100\n|\n|t:|1664221672\n|switch|p2a: Mew|Mew|100\/100|[from]move: U-turn\n|move|p1a: Slowking|Slack Off|p1a: Slowking\n|-heal|p1a: Slowking|100\/100\n|\n|-end|p1a: Slowking|move: Future Sight\n|-damage|p1a: Slowking|74\/100\n|-heal|p1a: Slowking|80\/100|[from] item: Black Sludge\n|upkeep\n|turn|39\n|\n|t:|1664221677\n|switch|p1a: Heatran|Heatran, M|44\/100\n|move|p2a: Mew|Trick|p1a: Heatran\n|-activate|p2a: Mew|move: Trick|[of] p1a: Heatran\n|-item|p1a: Heatran|Choice Scarf|[from] move: Trick\n|-item|p2a: Mew|Leftovers|[from] move: Trick\n|\n|upkeep\n|turn|40\n|\n|t:|1664221684\n|move|p1a: Heatran|Stealth Rock|p2a: Mew\n|-sidestart|p2: Faygos|move: Stealth Rock\n|move|p2a: Mew|Spikes|p1a: Heatran\n|-sidestart|p1: beauts|Spikes\n|\n|upkeep\n|turn|41\n|\n|t:|1664221686\n|switch|p1a: Slowking|Slowking-Galar, F|80\/100\n|-damage|p1a: Slowking|68\/100|[from] Spikes\n|-ability|p1a: Slowking|Dauntless Shield|boost\n|-boost|p1a: Slowking|def|1\n|move|p2a: Mew|Spikes|p1a: Slowking\n|-sidestart|p1: beauts|Spikes\n|\n|-heal|p1a: Slowking|74\/100|[from] item: Black Sludge\n|upkeep\n|turn|42\n|\n|t:|1664221693\n|move|p2a: Mew|Will-O-Wisp|p1a: Slowking\n|-status|p1a: Slowking|brn\n|move|p1a: Slowking|Scald|p2a: Mew\n|-damage|p2a: Mew|82\/100\n|-status|p2a: Mew|brn\n|\n|-heal|p2a: Mew|88\/100 brn|[from] item: Leftovers\n|-heal|p1a: Slowking|80\/100 brn|[from] item: Black Sludge\n|-damage|p2a: Mew|82\/100 brn|[from] brn\n|-damage|p1a: Slowking|74\/100 brn|[from] brn\n|upkeep\n|turn|43\n|\n|t:|1664221699\n|move|p2a: Mew|Spikes|p1a: Slowking\n|-sidestart|p1: beauts|Spikes\n|move|p1a: Slowking|Slack Off|p1a: Slowking\n|-heal|p1a: Slowking|100\/100 brn\n|\n|-heal|p2a: Mew|88\/100 brn|[from] item: Leftovers\n|-damage|p2a: Mew|82\/100 brn|[from] brn\n|-damage|p1a: Slowking|94\/100 brn|[from] brn\n|upkeep\n|turn|44\n|\n|t:|1664221702\n|move|p2a: Mew|U-turn|p1a: Slowking\n|-damage|p1a: Slowking|90\/100 brn\n|\n|t:|1664221704\n|switch|p2a: Jirachi|Jirachi|42\/100 brn|[from]move: U-turn\n|-damage|p2a: Jirachi|36\/100 brn|[from] Stealth Rock\n|move|p1a: Slowking|Nasty Plot|p1a: Slowking\n|-boost|p1a: Slowking|spa|2\n|\n|-heal|p1a: Slowking|96\/100 brn|[from] item: Black Sludge\n|-damage|p2a: Jirachi|30\/100 brn|[from] brn\n|-damage|p1a: Slowking|90\/100 brn|[from] brn\n|upkeep\n|turn|45\n|\n|t:|1664221710\n|move|p2a: Jirachi|Future Sight|p1a: Slowking\n|-start|p2a: Jirachi|move: Future Sight\n|move|p1a: Slowking|Scald|p2a: Jirachi\n|-damage|p2a: Jirachi|14\/100 brn\n|\n|-heal|p1a: Slowking|96\/100 brn|[from] item: Black Sludge\n|-damage|p2a: Jirachi|7\/100 brn|[from] brn\n|-damage|p1a: Slowking|90\/100 brn|[from] brn\n|upkeep\n|turn|46\n|\n|t:|1664221713\n|move|p2a: Jirachi|U-turn|p1a: Slowking\n|-damage|p1a: Slowking|85\/100 brn\n|\n|t:|1664221725\n|switch|p2a: Mew|Mew|100\/100 brn|[from]move: U-turn\n|-damage|p2a: Mew|88\/100 brn|[from] Stealth Rock\n|move|p1a: Slowking|Slack Off|p1a: Slowking\n|-heal|p1a: Slowking|100\/100 brn\n|\n|-heal|p2a: Mew|94\/100 brn|[from] item: Leftovers\n|-damage|p2a: Mew|88\/100 brn|[from] brn\n|-damage|p1a: Slowking|94\/100 brn|[from] brn\n|upkeep\n|turn|47\n|\n|t:|1664221730\n|move|p2a: Mew|U-turn|p1a: Slowking\n|-damage|p1a: Slowking|90\/100 brn\n|\n|t:|1664221732\n|switch|p2a: Jirachi|Jirachi|41\/100 brn|[from]move: U-turn\n|-damage|p2a: Jirachi|34\/100 brn|[from] Stealth Rock\n|move|p1a: Slowking|Scald|p2a: Jirachi\n|-damage|p2a: Jirachi|18\/100 brn\n|\n|-end|p1a: Slowking|move: Future Sight\n|-damage|p1a: Slowking|65\/100 brn\n|-heal|p1a: Slowking|71\/100 brn|[from] item: Black Sludge\n|-damage|p2a: Jirachi|12\/100 brn|[from] brn\n|-damage|p1a: Slowking|65\/100 brn|[from] brn\n|upkeep\n|turn|48\n|\n|t:|1664221735\n|move|p2a: Jirachi|Future Sight|p1a: Slowking\n|-start|p2a: Jirachi|move: Future Sight\n|move|p1a: Slowking|Slack Off|p1a: Slowking\n|-heal|p1a: Slowking|100\/100 brn\n|\n|-damage|p2a: Jirachi|6\/100 brn|[from] brn\n|-damage|p1a: Slowking|94\/100 brn|[from] brn\n|upkeep\n|turn|49\n|\n|t:|1664221739\n|move|p2a: Jirachi|Iron Head|p1a: Slowking\n|-damage|p1a: Slowking|86\/100 brn\n|cant|p1a: Slowking|flinch\n|\n|-heal|p1a: Slowking|92\/100 brn|[from] item: Black Sludge\n|-damage|p2a: Jirachi|0 fnt|[from] brn\n|faint|p2a: Jirachi\n|-damage|p1a: Slowking|86\/100 brn|[from] brn\n|upkeep\n|\n|t:|1664221742\n|switch|p2a: Zapdos|Zapdos-Galar|23\/100\n|-damage|p2a: Zapdos|10\/100|[from] Stealth Rock\n|turn|50\n|\n|t:|1664221748\n|switch|p1a: Heatran|Heatran, M|77\/100\n|-damage|p1a: Heatran|52\/100|[from] Spikes\n|move|p2a: Zapdos|Brave Bird|p1a: Heatran\n|-resisted|p1a: Heatran\n|-damage|p1a: Heatran|0 fnt\n|faint|p1a: Heatran\n|-damage|p2a: Zapdos|0 fnt|[from] Recoil\n|faint|p2a: Zapdos\n|\n|-hint|Future Sight did not hit because the target is fainted.\n|upkeep\n|\n|t:|1664221757\n|switch|p2a: Genesect|Genesect-Douse, shiny|37\/100\n|switch|p1a: Slowking|Slowking-Galar, F|86\/100 brn\n|-damage|p2a: Genesect|25\/100|[from] Stealth Rock\n|-weather|PrimordialSea|[from] ability: Primordial Sea|[of] p2a: Genesect\n|-damage|p1a: Slowking|61\/100 brn|[from] Spikes\n|-ability|p1a: Slowking|Dauntless Shield|boost\n|-boost|p1a: Slowking|def|1\n|turn|51\n|\n|t:|1664221773\n|move|p2a: Genesect|Techno Blast|p1a: Slowking\n|-damage|p1a: Slowking|21\/100 brn\n|move|p1a: Slowking|Slack Off|p1a: Slowking\n|-heal|p1a: Slowking|71\/100 brn\n|\n|-weather|PrimordialSea|[upkeep]\n|-heal|p1a: Slowking|77\/100 brn|[from] item: Black Sludge\n|-damage|p1a: Slowking|71\/100 brn|[from] brn\n|upkeep\n|turn|52\n|\n|t:|1664221777\n|move|p2a: Genesect|Thunder|p1a: Slowking\n|-damage|p1a: Slowking|47\/100 brn\n|move|p1a: Slowking|Slack Off|p1a: Slowking\n|-heal|p1a: Slowking|97\/100 brn\n|\n|-weather|PrimordialSea|[upkeep]\n|-heal|p1a: Slowking|100\/100 brn|[from] item: Black Sludge\n|-damage|p1a: Slowking|94\/100 brn|[from] brn\n|upkeep\n|turn|53\n|\n|t:|1664221781\n|move|p2a: Genesect|Thunder|p1a: Slowking\n|-crit|p1a: Slowking\n|-damage|p1a: Slowking|52\/100 brn\n|move|p1a: Slowking|Scald|p2a: Genesect\n|-damage|p2a: Genesect|0 fnt\n|faint|p2a: Genesect\n|-weather|none\n|\n|-heal|p1a: Slowking|58\/100 brn|[from] item: Black Sludge\n|-damage|p1a: Slowking|52\/100 brn|[from] brn\n|upkeep\n|\n|t:|1664221791\n|switch|p2a: Tapu Koko|Tapu Koko|100\/100\n|turn|54\n|\n|t:|1664221799\n|move|p2a: Tapu Koko|Thunderbolt|p1a: Slowking\n|-damage|p1a: Slowking|21\/100 brn\n|move|p1a: Slowking|Slack Off|p1a: Slowking\n|-heal|p1a: Slowking|71\/100 brn\n|\n|-heal|p1a: Slowking|77\/100 brn|[from] item: Black Sludge\n|-damage|p1a: Slowking|71\/100 brn|[from] brn\n|upkeep\n|turn|55\n|j| TTTech_\n|\n|t:|1664221803\n|move|p2a: Tapu Koko|Thunderbolt|p1a: Slowking\n|-damage|p1a: Slowking|36\/100 brn\n|move|p1a: Slowking|Slack Off|p1a: Slowking\n|-heal|p1a: Slowking|86\/100 brn\n|\n|-heal|p1a: Slowking|92\/100 brn|[from] item: Black Sludge\n|-damage|p1a: Slowking|86\/100 brn|[from] brn\n|upkeep\n|turn|56\n|\n|t:|1664221809\n|move|p2a: Tapu Koko|Thunderbolt|p1a: Slowking\n|-damage|p1a: Slowking|53\/100 brn\n|move|p1a: Slowking|Psychic|p2a: Tapu Koko\n|-damage|p2a: Tapu Koko|47\/100\n|\n|-heal|p1a: Slowking|59\/100 brn|[from] item: Black Sludge\n|-damage|p1a: Slowking|53\/100 brn|[from] brn\n|upkeep\n|turn|57\n|\n|t:|1664221812\n|move|p2a: Tapu Koko|Roost|p2a: Tapu Koko\n|-heal|p2a: Tapu Koko|97\/100\n|-singleturn|p2a: Tapu Koko|move: Roost\n|move|p1a: Slowking|Slack Off|p1a: Slowking\n|-heal|p1a: Slowking|100\/100 brn\n|\n|-damage|p1a: Slowking|94\/100 brn|[from] brn\n|upkeep\n|turn|58\n|\n|t:|1664221817\n|move|p2a: Tapu Koko|Thunderbolt|p1a: Slowking\n|-damage|p1a: Slowking|63\/100 brn\n|move|p1a: Slowking|Nasty Plot|p1a: Slowking\n|-boost|p1a: Slowking|spa|2\n|\n|-heal|p1a: Slowking|70\/100 brn|[from] item: Black Sludge\n|-damage|p1a: Slowking|63\/100 brn|[from] brn\n|upkeep\n|turn|59\n|\n|t:|1664221821\n|move|p2a: Tapu Koko|U-turn|p1a: Slowking\n|-damage|p1a: Slowking|51\/100 brn\n|\n|t:|1664221823\n|switch|p2a: Mew|Mew|100\/100 brn|[from]move: U-turn\n|-damage|p2a: Mew|88\/100 brn|[from] Stealth Rock\n|move|p1a: Slowking|Slack Off|p1a: Slowking\n|-heal|p1a: Slowking|100\/100 brn\n|\n|-heal|p2a: Mew|94\/100 brn|[from] item: Leftovers\n|-damage|p2a: Mew|88\/100 brn|[from] brn\n|-damage|p1a: Slowking|94\/100 brn|[from] brn\n|upkeep\n|turn|60\n|\n|t:|1664221829\n|move|p2a: Mew|U-turn|p1a: Slowking\n|-damage|p1a: Slowking|90\/100 brn\n|\n|t:|1664221834\n|switch|p2a: Corviknight|Corviknight, M|76\/100|[from]move: U-turn\n|-damage|p2a: Corviknight|63\/100|[from] Stealth Rock\n|-ability|p2a: Corviknight|Intimidate|boost\n|-unboost|p1a: Slowking|atk|1\n|move|p1a: Slowking|Psychic|p2a: Corviknight\n|-resisted|p2a: Corviknight\n|-damage|p2a: Corviknight|30\/100\n|\n|-heal|p2a: Corviknight|37\/100|[from] item: Leftovers\n|-heal|p1a: Slowking|96\/100 brn|[from] item: Black Sludge\n|-damage|p1a: Slowking|90\/100 brn|[from] brn\n|upkeep\n|turn|61\n|j| Ivar57\n|\n|t:|1664221838\n|move|p2a: Corviknight|Brave Bird|p1a: Slowking\n|-damage|p1a: Slowking|66\/100 brn\n|-damage|p2a: Corviknight|29\/100|[from] Recoil\n|move|p1a: Slowking|Scald|p2a: Corviknight\n|-damage|p2a: Corviknight|0 fnt\n|faint|p2a: Corviknight\n|\n|-heal|p1a: Slowking|73\/100 brn|[from] item: Black Sludge\n|-damage|p1a: Slowking|66\/100 brn|[from] brn\n|upkeep\n|\n|t:|1664221846\n|switch|p2a: Tapu Koko|Tapu Koko|97\/100\n|turn|62\n|\n|t:|1664221851\n|move|p2a: Tapu Koko|Thunderbolt|p1a: Slowking\n|-damage|p1a: Slowking|37\/100 brn\n|move|p1a: Slowking|Psychic|p2a: Tapu Koko\n|-damage|p2a: Tapu Koko|0 fnt\n|faint|p2a: Tapu Koko\n|\n|-heal|p1a: Slowking|43\/100 brn|[from] item: Black Sludge\n|-damage|p1a: Slowking|37\/100 brn|[from] brn\n|upkeep\n|c|\u2606beauts|gg2\n|c|\u2606Faygos|gg\n|\n|t:|1664221858\n|switch|p2a: Mew|Mew|100\/100 brn\n|-damage|p2a: Mew|88\/100 brn|[from] Stealth Rock\n|turn|63\n|l| TTTech_\n|\n|t:|1664221862\n|move|p2a: Mew|U-turn|p1a: Slowking\n|-damage|p1a: Slowking|31\/100 brn\n|move|p1a: Slowking|Slack Off|p1a: Slowking\n|-heal|p1a: Slowking|81\/100 brn\n|\n|-heal|p2a: Mew|94\/100 brn|[from] item: Leftovers\n|-heal|p1a: Slowking|87\/100 brn|[from] item: Black Sludge\n|-damage|p2a: Mew|88\/100 brn|[from] brn\n|-damage|p1a: Slowking|81\/100 brn|[from] brn\n|upkeep\n|turn|64\n|\n|t:|1664221864\n|move|p2a: Mew|U-turn|p1a: Slowking\n|-damage|p1a: Slowking|76\/100 brn\n|move|p1a: Slowking|Scald|p2a: Mew\n|-damage|p2a: Mew|55\/100 brn\n|\n|-heal|p2a: Mew|61\/100 brn|[from] item: Leftovers\n|-heal|p1a: Slowking|82\/100 brn|[from] item: Black Sludge\n|-damage|p2a: Mew|55\/100 brn|[from] brn\n|-damage|p1a: Slowking|76\/100 brn|[from] brn\n|upkeep\n|turn|65\n|\n|t:|1664221875\n|move|p2a: Mew|U-turn|p1a: Slowking\n|-damage|p1a: Slowking|71\/100 brn\n|move|p1a: Slowking|Scald|p2a: Mew\n|-damage|p2a: Mew|21\/100 brn\n|\n|-heal|p2a: Mew|27\/100 brn|[from] item: Leftovers\n|-heal|p1a: Slowking|77\/100 brn|[from] item: Black Sludge\n|-damage|p2a: Mew|21\/100 brn|[from] brn\n|-damage|p1a: Slowking|71\/100 brn|[from] brn\n|upkeep\n|turn|66\n|\n|t:|1664221878\n|move|p2a: Mew|U-turn|p1a: Slowking\n|-damage|p1a: Slowking|66\/100 brn\n|move|p1a: Slowking|Scald|p2a: Mew\n|-damage|p2a: Mew|0 fnt\n|faint|p2a: Mew\n|\n|win|beauts\n|l|\u2606Faygos\n|l|@isaiaH\n|l| Ivar57\n|l| oaklies\n","uploadtime":1664221882,"views":5,"p1id":"beauts","p2id":"faygos","formatid":"gen8almostanyability","rating":0,"private":0,"password":null}