{"id":"gen8ubers-1490067895","p1":"SaltyGarbageWater","p2":"Ivyon","format":"gen8ubers","log":"|j|\u2606SaltyGarbageWater\n|j|\u2606Ivyon\n|t:|1641994355\n|gametype|singles\n|player|p1|SaltyGarbageWater|emmet|1492\n|player|p2|Ivyon|blue|1312\n|teamsize|p1|6\n|teamsize|p2|6\n|gen|8\n|tier|[Gen 8] Ubers\n|rated|\n|rule|Sleep Clause Mod: Limit one foe put to sleep\n|rule|Species Clause: Limit one of each Pok\u00e9mon\n|rule|OHKO Clause: OHKO moves are banned\n|rule|Evasion Moves Clause: Evasion moves are banned\n|rule|Endless Battle Clause: Forcing endless battles is banned\n|rule|HP Percentage Mod: HP is shown in percentages\n|rule|Dynamax Clause: You cannot dynamax\n|clearpoke\n|poke|p1|Calyrex-Shadow|\n|poke|p1|Kyogre|\n|poke|p1|Xerneas-*|\n|poke|p1|Yveltal|\n|poke|p1|Groudon|\n|poke|p1|Cinderace, F|\n|poke|p2|Sharpedo, M|\n|poke|p2|Dragonite, M|\n|poke|p2|Blaziken, M|\n|poke|p2|Cloyster, M|\n|poke|p2|Espeon, F|\n|poke|p2|Mimikyu, M|\n|teampreview\n|\n|t:|1641994382\n|start\n|switch|p1a: Yveltal|Yveltal|100\/100\n|switch|p2a: Sharpedo|Sharpedo, M|100\/100\n|-ability|p1a: Yveltal|Dark Aura\n|turn|1\n|\n|t:|1641994389\n|move|p1a: Yveltal|Knock Off|p2a: Sharpedo\n|-resisted|p2a: Sharpedo\n|-damage|p2a: Sharpedo|12\/100\n|-enditem|p2a: Sharpedo|Focus Sash|[from] move: Knock Off|[of] p1a: Yveltal\n|move|p2a: Sharpedo|Taunt|p1a: Yveltal\n|-start|p1a: Yveltal|move: Taunt\n|\n|-ability|p2a: Sharpedo|Speed Boost|boost\n|-boost|p2a: Sharpedo|spe|1\n|upkeep\n|turn|2\n|\n|t:|1641994397\n|move|p2a: Sharpedo|Destiny Bond|p2a: Sharpedo\n|-singlemove|p2a: Sharpedo|Destiny Bond\n|move|p1a: Yveltal|Knock Off|p2a: Sharpedo\n|-resisted|p2a: Sharpedo\n|-crit|p2a: Sharpedo\n|-damage|p2a: Sharpedo|0 fnt\n|faint|p2a: Sharpedo\n|-activate|p2a: Sharpedo|move: Destiny Bond\n|faint|p1a: Yveltal\n|\n|upkeep\n|\n|t:|1641994408\n|switch|p1a: Cinderace|Cinderace, F|100\/100\n|switch|p2a: Mimikyu|Mimikyu, M, shiny|100\/100\n|turn|3\n|\n|t:|1641994428\n|switch|p2a: Dragonite|Dragonite, M, shiny|100\/100\n|move|p1a: Cinderace|Pyro Ball|p2a: Dragonite\n|-resisted|p2a: Dragonite\n|-damage|p2a: Dragonite|85\/100\n|\n|upkeep\n|turn|4\n|\n|t:|1641994439\n|switch|p1a: Groudon|Groudon|100\/100\n|-weather|SunnyDay|[from] ability: Drought|[of] p1a: Groudon\n|move|p2a: Dragonite|Extreme Speed|p1a: Groudon\n|-damage|p1a: Groudon|78\/100\n|\n|-weather|SunnyDay|[upkeep]\n|-heal|p1a: Groudon|84\/100|[from] item: Leftovers\n|upkeep\n|turn|5\n|\n|t:|1641994447\n|move|p1a: Groudon|Rock Polish|p1a: Groudon\n|-boost|p1a: Groudon|spe|2\n|move|p2a: Dragonite|Dragon Dance|p2a: Dragonite\n|-boost|p2a: Dragonite|atk|1\n|-boost|p2a: Dragonite|spe|1\n|\n|-weather|SunnyDay|[upkeep]\n|-heal|p1a: Groudon|90\/100|[from] item: Leftovers\n|upkeep\n|turn|6\n|\n|t:|1641994454\n|move|p1a: Groudon|Swords Dance|p1a: Groudon\n|-boost|p1a: Groudon|atk|2\n|move|p2a: Dragonite|Dragon Claw|p1a: Groudon\n|-damage|p1a: Groudon|42\/100\n|\n|-weather|SunnyDay|[upkeep]\n|-heal|p1a: Groudon|48\/100|[from] item: Leftovers\n|upkeep\n|turn|7\n|\n|t:|1641994462\n|move|p2a: Dragonite|Extreme Speed|p1a: Groudon\n|-damage|p1a: Groudon|13\/100\n|move|p1a: Groudon|Rock Slide|p2a: Dragonite|[miss]\n|-miss|p1a: Groudon|p2a: Dragonite\n|\n|-weather|SunnyDay|[upkeep]\n|-heal|p1a: Groudon|19\/100|[from] item: Leftovers\n|upkeep\n|turn|8\n|\n|t:|1641994471\n|move|p2a: Dragonite|Extreme Speed|p1a: Groudon\n|-damage|p1a: Groudon|0 fnt\n|faint|p1a: Groudon\n|\n|-weather|none\n|upkeep\n|\n|t:|1641994475\n|switch|p1a: Calyrex|Calyrex-Shadow|100\/100\n|-ability|p1a: Calyrex|As One\n|-ability|p1a: Calyrex|Unnerve\n|turn|9\n|\n|t:|1641994480\n|move|p1a: Calyrex|Nasty Plot|p1a: Calyrex\n|-boost|p1a: Calyrex|spa|2\n|move|p2a: Dragonite|Dragon Claw|p1a: Calyrex\n|-damage|p1a: Calyrex|11\/100\n|\n|upkeep\n|turn|10\n|\n|t:|1641994489\n|move|p1a: Calyrex|Draining Kiss|p2a: Dragonite\n|-supereffective|p2a: Dragonite\n|-damage|p2a: Dragonite|3\/100\n|-heal|p1a: Calyrex|69\/100|[from] drain|[of] p2a: Dragonite\n|-enditem|p2a: Dragonite|Weakness Policy\n|-boost|p2a: Dragonite|atk|2|[from] item: Weakness Policy\n|-boost|p2a: Dragonite|spa|2|[from] item: Weakness Policy\n|move|p2a: Dragonite|Dragon Claw|p1a: Calyrex\n|-damage|p1a: Calyrex|0 fnt\n|faint|p1a: Calyrex\n|\n|upkeep\n|\n|t:|1641994494\n|switch|p1a: Cinderace|Cinderace, F|100\/100\n|turn|11\n|\n|t:|1641994503\n|move|p2a: Dragonite|Extreme Speed|p1a: Cinderace\n|-damage|p1a: Cinderace|0 fnt\n|faint|p1a: Cinderace\n|\n|upkeep\n|-message|SaltyGarbageWater forfeited.\n|\n|win|Ivyon\n|raw|SaltyGarbageWater's rating: 1492 &rarr; <strong>1462<\/strong><br \/>(-30 for losing)\n|raw|Ivyon's rating: 1312 &rarr; <strong>1342<\/strong><br \/>(+30 for winning)\n|l|\u2606SaltyGarbageWater\n","uploadtime":1641994520,"views":14,"p1id":"saltygarbagewater","p2id":"ivyon","formatid":"gen8ubers","rating":1342,"private":0,"password":null}