{"id":"gen8ou-1142530638","p1":"SpookyHard","p2":"Ho-scar-Oh","format":"gen8ou","log":"|j|\u2606SpookyHard\n|j|\u2606Ho-scar-Oh\n|player|p1|SpookyHard|101|1759\n|player|p2|Ho-scar-Oh|doctor|1738\n|teamsize|p1|6\n|teamsize|p2|6\n|gametype|singles\n|gen|8\n|tier|[Gen 8] OU\n|rated|\n|clearpoke\n|poke|p1|Rillaboom, F|\n|poke|p1|Hawlucha, F|\n|poke|p1|Volcarona, M|\n|poke|p1|Terrakion|\n|poke|p1|Azumarill, F|\n|poke|p1|Magearna|\n|poke|p2|Hawlucha, M|\n|poke|p2|Rillaboom, M|\n|poke|p2|Zeraora|\n|poke|p2|Magearna|\n|poke|p2|Accelgor, F|\n|poke|p2|Dragapult, M|\n|rule|Sleep Clause Mod: Limit one foe put to sleep\n|rule|Species Clause: Limit one of each Pok\u00e9mon\n|rule|OHKO Clause: OHKO moves are banned\n|rule|Evasion Moves Clause: Evasion moves are banned\n|rule|Endless Battle Clause: Forcing endless battles is banned\n|rule|HP Percentage Mod: HP is shown in percentages\n|rule|Dynamax Clause: You cannot dynamax\n|teampreview\n|\n|start\n|switch|p1a: Rillaboom|Rillaboom, F|100\/100\n|switch|p2a: Accelgor|Accelgor, F|100\/100\n|-fieldstart|move: Grassy Terrain|[from] ability: Grassy Surge|[of] p1a: Rillaboom\n|turn|1\n|\n|move|p1a: Rillaboom|Grassy Glide|p2a: Accelgor\n|-resisted|p2a: Accelgor\n|-damage|p2a: Accelgor|17\/100\n|move|p2a: Accelgor|Bug Buzz|p1a: Rillaboom\n|-supereffective|p1a: Rillaboom\n|-damage|p1a: Rillaboom|0 fnt\n|faint|p1a: Rillaboom\n|\n|-heal|p2a: Accelgor|23\/100|[from] Grassy Terrain\n|upkeep\n|\n|switch|p1a: Hawlucha|Hawlucha, F|100\/100\n|-enditem|p1a: Hawlucha|Grassy Seed\n|-boost|p1a: Hawlucha|def|1|[from] item: Grassy Seed\n|turn|2\n|\n|move|p1a: Hawlucha|Acrobatics|p2a: Accelgor\n|-supereffective|p2a: Accelgor\n|-damage|p2a: Accelgor|0 fnt\n|faint|p2a: Accelgor\n|\n|upkeep\n|\n|switch|p2a: Magearna|Magearna|100\/100\n|turn|3\n|\n|move|p1a: Hawlucha|Close Combat|p2a: Magearna\n|-damage|p2a: Magearna|53\/100\n|-unboost|p1a: Hawlucha|def|1\n|-unboost|p1a: Hawlucha|spd|1\n|move|p2a: Magearna|Draining Kiss|p1a: Hawlucha\n|-supereffective|p1a: Hawlucha\n|-damage|p1a: Hawlucha|0 fnt\n|-heal|p2a: Magearna|100\/100|[from] drain|[of] p1a: Hawlucha\n|faint|p1a: Hawlucha\n|-ability|p2a: Magearna|Soul-Heart|boost\n|-boost|p2a: Magearna|spa|1\n|\n|upkeep\n|\n|switch|p1a: Volcarona|Volcarona, M|100\/100\n|turn|4\n|\n|switch|p2a: Dragapult|Dragapult, M|100\/100\n|move|p1a: Volcarona|Quiver Dance|p1a: Volcarona\n|-boost|p1a: Volcarona|spa|1\n|-boost|p1a: Volcarona|spd|1\n|-boost|p1a: Volcarona|spe|1\n|\n|upkeep\n|turn|5\n|\n|move|p1a: Volcarona|Psychic|p2a: Dragapult\n|-damage|p2a: Dragapult|38\/100\n|move|p2a: Dragapult|Dragon Darts|p1a: Volcarona\n|-damage|p1a: Volcarona|42\/100\n|-anim|p2a: Dragapult|Dragon Darts|p1a: Volcarona\n|-damage|p1a: Volcarona|0 fnt\n|-damage|p2a: Dragapult|28\/100|[from] item: Life Orb\n|faint|p1a: Volcarona\n|\n|-heal|p2a: Dragapult|34\/100|[from] Grassy Terrain\n|-fieldend|move: Grassy Terrain\n|upkeep\n|\n|switch|p1a: Magearna|Magearna|100\/100\n|turn|6\n|\n|move|p2a: Dragapult|Fire Blast|p1a: Magearna\n|-supereffective|p1a: Magearna\n|-damage|p1a: Magearna|41\/100\n|-damage|p2a: Dragapult|24\/100|[from] item: Life Orb\n|move|p1a: Magearna|Calm Mind|p1a: Magearna\n|-boost|p1a: Magearna|spa|1\n|-boost|p1a: Magearna|spd|1\n|\n|-heal|p1a: Magearna|47\/100|[from] item: Leftovers\n|upkeep\n|turn|7\n|\n|move|p2a: Dragapult|Fire Blast|p1a: Magearna\n|-supereffective|p1a: Magearna\n|-damage|p1a: Magearna|11\/100\n|-damage|p2a: Dragapult|15\/100|[from] item: Life Orb\n|move|p1a: Magearna|Draining Kiss|p2a: Dragapult\n|-supereffective|p2a: Dragapult\n|-damage|p2a: Dragapult|0 fnt\n|-heal|p1a: Magearna|20\/100|[from] drain|[of] p2a: Dragapult\n|faint|p2a: Dragapult\n|-ability|p1a: Magearna|Soul-Heart|boost\n|-boost|p1a: Magearna|spa|1\n|\n|-heal|p1a: Magearna|26\/100|[from] item: Leftovers\n|upkeep\n|\n|switch|p2a: Zeraora|Zeraora|100\/100\n|turn|8\n|\n|move|p2a: Zeraora|Plasma Fists|p1a: Magearna\n|-damage|p1a: Magearna|0 fnt\n|-fieldactivate|move: Ion Deluge\n|-damage|p2a: Zeraora|91\/100|[from] item: Life Orb\n|faint|p1a: Magearna\n|\n|upkeep\n|\n|switch|p1a: Terrakion|Terrakion|100\/100\n|turn|9\n|\n|move|p2a: Zeraora|Close Combat|p1a: Terrakion\n|-supereffective|p1a: Terrakion\n|-enditem|p1a: Terrakion|Focus Sash\n|-damage|p1a: Terrakion|1\/100\n|-unboost|p2a: Zeraora|def|1\n|-unboost|p2a: Zeraora|spd|1\n|-damage|p2a: Zeraora|81\/100|[from] item: Life Orb\n|move|p1a: Terrakion|Bulldoze|p2a: Zeraora\n|-supereffective|p2a: Zeraora\n|-damage|p2a: Zeraora|0 fnt\n|faint|p2a: Zeraora\n|\n|upkeep\n|\n|switch|p2a: Rillaboom|Rillaboom, M|100\/100\n|-fieldstart|move: Grassy Terrain|[from] ability: Grassy Surge|[of] p2a: Rillaboom\n|turn|10\n|\n|move|p2a: Rillaboom|Grassy Glide|p1a: Terrakion\n|-supereffective|p1a: Terrakion\n|-damage|p1a: Terrakion|0 fnt\n|-damage|p2a: Rillaboom|91\/100|[from] item: Life Orb\n|faint|p1a: Terrakion\n|\n|-heal|p2a: Rillaboom|97\/100|[from] Grassy Terrain\n|upkeep\n|\n|switch|p1a: Azumarill|Azumarill, F|100\/100\n|turn|11\n|\n|move|p2a: Rillaboom|Grassy Glide|p1a: Azumarill\n|-supereffective|p1a: Azumarill\n|-damage|p1a: Azumarill|0 fnt\n|-damage|p2a: Rillaboom|87\/100|[from] item: Life Orb\n|faint|p1a: Azumarill\n|\n|win|Ho-scar-Oh\n|l|\u2606Ho-scar-Oh\n|raw|SpookyHard's rating: 1759 &rarr; <strong>1738<\/strong><br \/>(-21 for losing)\n|raw|Ho-scar-Oh's rating: 1738 &rarr; <strong>1759<\/strong><br \/>(+21 for winning)\n","uploadtime":1593523548,"views":8,"p1id":"spookyhard","p2id":"hoscaroh","formatid":"gen8ou","rating":1738,"private":0,"password":null}