{"id":"gen8doublesou-1681989792","p1":"HyperboreasCoyote","p2":"Darkman64","format":"gen8doublesou","log":"|j|\u2606HyperboreasCoyote\n|j|\u2606Darkman64\n|inactive|Battle timer is ON: inactive players will automatically lose when time's up.\n|t:|1665373768\n|gametype|doubles\n|player|p1|HyperboreasCoyote|veteran|\n|player|p2|Darkman64|juan|\n|teamsize|p1|6\n|teamsize|p2|6\n|gen|8\n|tier|[Gen 8] Doubles OU\n|rated|Tournament battle\n|rule|Species Clause: Limit one of each Pok\u00e9mon\n|rule|OHKO Clause: OHKO moves are banned\n|rule|Evasion Moves Clause: Evasion moves are banned\n|rule|Gravity Sleep Clause: The combination of sleep-inducing moves with imperfect accuracy and Gravity or Gigantamax Orbeetle are banned\n|rule|Endless Battle Clause: Forcing endless battles is banned\n|rule|HP Percentage Mod: HP is shown in percentages\n|rule|Dynamax Clause: You cannot dynamax\n|rule|Swagger Clause: Swagger is banned\n|clearpoke\n|poke|p1|Kingdra, F|\n|poke|p1|Ferrothorn, M|\n|poke|p1|Politoed, F|\n|poke|p1|Zapdos|\n|poke|p1|Urshifu-*, M|\n|poke|p1|Tsareena, F|\n|poke|p2|Genesect|\n|poke|p2|Naganadel|\n|poke|p2|Rillaboom, F|\n|poke|p2|Zygarde|\n|poke|p2|Urshifu-*, F|\n|poke|p2|Heatran, F|\n|teampreview\n|j|*Lady Monita \u263d\n|j| BB-8-NU\n|j| NoTollsNoRolls\n|j|@jack-o-jambino\n|j| CMCR2009\n|\n|t:|1665373778\n|start\n|switch|p1a: Politoed|Politoed, F|100\/100\n|switch|p1b: Kingdra|Kingdra, F|100\/100\n|switch|p2a: Heatran|Heatran, F|100\/100\n|switch|p2b: Rillaboom|Rillaboom, F|100\/100\n|-fieldstart|move: Grassy Terrain|[from] ability: Grassy Surge|[of] p2b: Rillaboom\n|-weather|RainDance|[from] ability: Drizzle|[of] p1a: Politoed\n|turn|1\n|l| CMCR2009\n|j| CMCR2009\n|j| SpookiestCactus63\n|inactive|HyperboreasCoyote has 120 seconds left.\n|inactive|HyperboreasCoyote has 90 seconds left.\n|\n|t:|1665373850\n|move|p2b: Rillaboom|Fake Out|p1b: Kingdra\n|-damage|p1b: Kingdra|86\/100\n|cant|p1b: Kingdra|flinch\n|move|p2a: Heatran|Stealth Rock|p1b: Kingdra\n|-sidestart|p1: HyperboreasCoyote|move: Stealth Rock\n|move|p1a: Politoed|Scald|p2a: Heatran\n|-supereffective|p2a: Heatran\n|-damage|p2a: Heatran|35\/100\n|\n|-weather|RainDance|[upkeep]\n|-heal|p1b: Kingdra|92\/100|[from] Grassy Terrain\n|-heal|p2a: Heatran|41\/100|[from] Grassy Terrain\n|upkeep\n|turn|2\n|\n|t:|1665373863\n|switch|p2a: Urshifu|Urshifu-Rapid-Strike, F|100\/100\n|move|p2b: Rillaboom|Grassy Glide|p1b: Kingdra\n|-damage|p1b: Kingdra|41\/100\n|move|p1b: Kingdra|Hurricane|p2b: Rillaboom\n|-supereffective|p2b: Rillaboom\n|-damage|p2b: Rillaboom|20\/100\n|move|p1a: Politoed|Scald|p2a: Urshifu\n|-resisted|p2a: Urshifu\n|-damage|p2a: Urshifu|71\/100\n|\n|-weather|RainDance|[upkeep]\n|-heal|p1b: Kingdra|48\/100|[from] Grassy Terrain\n|-heal|p2a: Urshifu|77\/100|[from] Grassy Terrain\n|-heal|p2b: Rillaboom|26\/100|[from] Grassy Terrain\n|upkeep\n|turn|3\n|inactive|HyperboreasCoyote has 120 seconds left.\n|j| spacevorp\n|\n|t:|1665373886\n|switch|p1b: Ferrothorn|Ferrothorn, M|100\/100\n|-damage|p1b: Ferrothorn|95\/100|[from] Stealth Rock\n|switch|p1a: Tsareena|Tsareena, F|100\/100\n|-damage|p1a: Tsareena|88\/100|[from] Stealth Rock\n|move|p2a: Urshifu|Close Combat|p1b: Ferrothorn\n|-supereffective|p1b: Ferrothorn\n|-damage|p1b: Ferrothorn|0 fnt\n|-unboost|p2a: Urshifu|def|1\n|-unboost|p2a: Urshifu|spd|1\n|-damage|p2a: Urshifu|64\/100|[from] ability: Iron Barbs|[of] p1b: Ferrothorn\n|faint|p1b: Ferrothorn\n|-damage|p2a: Urshifu|55\/100|[from] item: Life Orb\n|move|p2b: Rillaboom|U-turn|p1a: Tsareena\n|-supereffective|p1a: Tsareena\n|-damage|p1a: Tsareena|46\/100\n|j| Memedose46\n|inactive|Darkman64 has 120 seconds left.\n|l| Memedose46\n|l|\u2606HyperboreasCoyote\n|inactive|HyperboreasCoyote disconnected and has a minute to reconnect!\n|player|p1|\n|j|\u2606HyperboreasCoyote\n|inactive|HyperboreasCoyote reconnected.\n|player|p1|HyperboreasCoyote|veteran\n|\n|t:|1665373921\n|switch|p2b: Naganadel|Naganadel|100\/100|[from]move: U-turn\n|\n|-weather|RainDance|[upkeep]\n|-heal|p2a: Urshifu|61\/100|[from] Grassy Terrain\n|-heal|p1a: Tsareena|52\/100|[from] Grassy Terrain\n|upkeep\n|inactive|HyperboreasCoyote has 90 seconds left.\n|inactive|HyperboreasCoyote has 60 seconds left.\n|inactive|HyperboreasCoyote has 30 seconds left.\n|\n|t:|1665374015\n|switch|p1b: Kingdra|Kingdra, F|48\/100\n|-damage|p1b: Kingdra|35\/100|[from] Stealth Rock\n|turn|4\n|inactive|Darkman64 has 120 seconds left.\n|inactive|HyperboreasCoyote has 30 seconds left.\n|\n|t:|1665374045\n|move|p1b: Kingdra|Draco Meteor|p2b: Naganadel\n|-supereffective|p2b: Naganadel\n|-damage|p2b: Naganadel|0 fnt\n|-unboost|p1b: Kingdra|spa|2\n|faint|p2b: Naganadel\n|move|p2a: Urshifu|Close Combat|p1a: Tsareena\n|-damage|p1a: Tsareena|0 fnt\n|-unboost|p2a: Urshifu|def|1\n|-unboost|p2a: Urshifu|spd|1\n|faint|p1a: Tsareena\n|-damage|p2a: Urshifu|51\/100|[from] item: Life Orb\n|\n|-weather|RainDance|[upkeep]\n|-heal|p1b: Kingdra|41\/100|[from] Grassy Terrain\n|-heal|p2a: Urshifu|57\/100|[from] Grassy Terrain\n|upkeep\n|\n|t:|1665374050\n|switch|p2b: Rillaboom|Rillaboom, F|26\/100\n|switch|p1a: Zapdos|Zapdos|100\/100\n|-damage|p1a: Zapdos|76\/100|[from] Stealth Rock\n|turn|5\n|\n|t:|1665374058\n|switch|p2b: Heatran|Heatran, F|41\/100\n|move|p2a: Urshifu|Protect|p2a: Urshifu\n|-singleturn|p2a: Urshifu|Protect\n|move|p1b: Kingdra|Draco Meteor|p2a: Urshifu\n|-activate|p2a: Urshifu|move: Protect\n|move|p1a: Zapdos|Hurricane|p2b: Heatran\n|-resisted|p2b: Heatran\n|-damage|p2b: Heatran|17\/100\n|-start|p2b: Heatran|confusion\n|\n|-weather|none\n|-heal|p1b: Kingdra|48\/100|[from] Grassy Terrain\n|-heal|p2a: Urshifu|63\/100|[from] Grassy Terrain\n|-heal|p2b: Heatran|23\/100|[from] Grassy Terrain\n|-fieldend|move: Grassy Terrain\n|upkeep\n|turn|6\n|inactive|HyperboreasCoyote has 90 seconds left.\n|\n|t:|1665374087\n|switch|p2a: Genesect|Genesect, shiny|100\/100\n|-ability|p2a: Genesect|Download|boost\n|-boost|p2a: Genesect|atk|1\n|switch|p1b: Politoed|Politoed, F|100\/100\n|-damage|p1b: Politoed|88\/100|[from] Stealth Rock\n|-weather|RainDance|[from] ability: Drizzle|[of] p1b: Politoed\n|move|p1a: Zapdos|Protect|p1a: Zapdos\n|-singleturn|p1a: Zapdos|Protect\n|-activate|p2b: Heatran|confusion\n|move|p2b: Heatran|Heat Wave|p1b: Politoed|[spread] \n|-activate|p1a: Zapdos|move: Protect\n|-miss|p2b: Heatran|p1b: Politoed\n|\n|-weather|RainDance|[upkeep]\n|upkeep\n|turn|7\n|\n|t:|1665374107\n|move|p2a: Genesect|Ice Beam|p1a: Zapdos\n|-supereffective|p1a: Zapdos\n|-damage|p1a: Zapdos|12\/100\n|move|p1a: Zapdos|Thunder|p2a: Genesect\n|-damage|p2a: Genesect|29\/100\n|-status|p2a: Genesect|par\n|-activate|p2b: Heatran|confusion\n|move|p2b: Heatran|Taunt|p1b: Politoed\n|-start|p1b: Politoed|move: Taunt\n|move|p1b: Politoed|Scald|p2a: Genesect\n|-damage|p2a: Genesect|0 fnt\n|faint|p2a: Genesect\n|\n|-weather|RainDance|[upkeep]\n|upkeep\n|\n|t:|1665374114\n|switch|p2a: Zygarde|Zygarde|100\/100\n|-ability|p2a: Zygarde|Aura Break\n|turn|8\n|inactive|HyperboreasCoyote has 120 seconds left.\n|\n|t:|1665374126\n|move|p2a: Zygarde|Extreme Speed|p1a: Zapdos\n|-damage|p1a: Zapdos|0 fnt\n|faint|p1a: Zapdos\n|-end|p2b: Heatran|confusion\n|move|p2b: Heatran|Earth Power|p1b: Politoed\n|-damage|p1b: Politoed|62\/100\n|-enditem|p1b: Politoed|Eject Button\n|\n|t:|1665374129\n|switch|p1b: Kingdra|Kingdra, F|48\/100\n|-damage|p1b: Kingdra|35\/100|[from] Stealth Rock\n|\n|-weather|RainDance|[upkeep]\n|upkeep\n|\n|t:|1665374132\n|switch|p1a: Urshifu|Urshifu-Rapid-Strike, M|100\/100\n|-damage|p1a: Urshifu|94\/100|[from] Stealth Rock\n|turn|9\n|\n|t:|1665374140\n|move|p2a: Zygarde|Extreme Speed|p1b: Kingdra\n|-damage|p1b: Kingdra|0 fnt\n|faint|p1b: Kingdra\n|move|p1a: Urshifu|Surging Strikes|p2a: Zygarde\n|-crit|p2a: Zygarde\n|-damage|p2a: Zygarde|62\/100\n|-crit|p2a: Zygarde\n|-damage|p2a: Zygarde|25\/100\n|-crit|p2a: Zygarde\n|-damage|p2a: Zygarde|0 fnt\n|faint|p2a: Zygarde\n|-hitcount|p2: Zygarde|3\n|move|p2b: Heatran|Earth Power|p1a: Urshifu\n|-damage|p1a: Urshifu|53\/100\n|\n|-weather|RainDance|[upkeep]\n|upkeep\n|\n|t:|1665374147\n|switch|p2a: Rillaboom|Rillaboom, F|26\/100\n|switch|p1b: Politoed|Politoed, F|62\/100\n|-fieldstart|move: Grassy Terrain|[from] ability: Grassy Surge|[of] p2a: Rillaboom\n|-damage|p1b: Politoed|50\/100|[from] Stealth Rock\n|turn|10\n|c|\u2606Darkman64|gg\n|\n|t:|1665374157\n|move|p2a: Rillaboom|Grassy Glide|p1a: Urshifu\n|-supereffective|p1a: Urshifu\n|-damage|p1a: Urshifu|0 fnt\n|faint|p1a: Urshifu\n|move|p2b: Heatran|Earth Power|p1b: Politoed\n|-damage|p1b: Politoed|24\/100\n|move|p1b: Politoed|Scald|p2b: Heatran\n|-supereffective|p2b: Heatran\n|-damage|p2b: Heatran|0 fnt\n|faint|p2b: Heatran\n|\n|-weather|none\n|-heal|p2a: Rillaboom|33\/100|[from] Grassy Terrain\n|-heal|p1b: Politoed|30\/100|[from] Grassy Terrain\n|upkeep\n|\n|t:|1665374162\n|switch|p2b: Urshifu|Urshifu-Rapid-Strike, F|63\/100\n|turn|11\n|c|\u2606HyperboreasCoyote|Well played\n|\n|t:|1665374174\n|move|p1b: Politoed|Helping Hand|p1: Urshifu|[notarget]\n|-fail|p1b: Politoed\n|move|p2a: Rillaboom|Grassy Glide|p1b: Politoed\n|-supereffective|p1b: Politoed\n|-damage|p1b: Politoed|0 fnt\n|faint|p1b: Politoed\n|\n|win|Darkman64\n|n|\u2606Darkman64|darkman64\n|n|*Lady Monita \u263d|ladymonita\n|n| BB-8-NU|bb8nu\n|n| NoTollsNoRolls|notollsnorolls\n|n| jack-o-jambino|jackojambino\n|n| CMCR2009|cmcr2009\n|n| SpookiestCactus63|spookiestcactus63\n|n| spacevorp|spacevorp\n|n|\u2606HyperboreasCoyote|hyperboreascoyote\n|l|*Lady Monita \u263d\n|l| BB-8-NU\n|l| spacevorp\n|l| NoTollsNoRolls\n|l|\u2606Darkman64\n|l| SpookiestCactus63\n|j|\u2606Darkman64\n|player|p2|Darkman64|juan\n","uploadtime":1665374245,"views":12,"p1id":"hyperboreascoyote","p2id":"darkman64","formatid":"gen8doublesou","rating":0,"private":0,"password":null}