{"id":"gen8ou-1700210558","p1":"gameprom4","p2":"testingdriverio","format":"gen8ou","log":"|j|\u2606gameprom4\n|j|\u2606testingdriverio\n|t:|1667321910\n|gametype|singles\n|player|p1|gameprom4|giovanni|1613\n|player|p2|testingdriverio|170|1718\n|teamsize|p1|6\n|teamsize|p2|6\n|gen|8\n|tier|[Gen 8] OU\n|rated|\n|rule|Sleep Clause Mod: Limit one foe put to sleep\n|rule|Species Clause: Limit one of each Pok\u00e9mon\n|rule|OHKO Clause: OHKO moves are banned\n|rule|Evasion Items Clause: Evasion items are banned\n|rule|Evasion Moves Clause: Evasion moves are banned\n|rule|Endless Battle Clause: Forcing endless battles is banned\n|rule|HP Percentage Mod: HP is shown in percentages\n|rule|Dynamax Clause: You cannot dynamax\n|clearpoke\n|poke|p1|Bisharp, M|\n|poke|p1|Garchomp, F|\n|poke|p1|Tyranitar, M|\n|poke|p1|Rotom-Wash|\n|poke|p1|Blaziken, F|\n|poke|p1|Dragonite, F|\n|poke|p2|Gyarados, F|\n|poke|p2|Landorus-Therian, M|\n|poke|p2|Incineroar, M|\n|poke|p2|Dragonite, M|\n|poke|p2|Starmie|\n|poke|p2|Kartana|\n|teampreview\n|inactive|Battle timer is ON: inactive players will automatically lose when time's up. (requested by gameprom4)\n|\n|t:|1667321923\n|start\n|switch|p1a: Shredder|Bisharp, M, shiny|100\/100\n|switch|p2a: Kartana|Kartana|100\/100\n|turn|1\n|\n|t:|1667321932\n|move|p2a: Kartana|Knock Off|p1a: Shredder\n|-resisted|p1a: Shredder\n|-damage|p1a: Shredder|68\/100\n|-enditem|p1a: Shredder|Focus Sash|[from] move: Knock Off|[of] p2a: Kartana\n|-damage|p2a: Kartana|91\/100|[from] item: Life Orb\n|move|p1a: Shredder|Knock Off|p2a: Kartana\n|-damage|p2a: Kartana|42\/100\n|-enditem|p2a: Kartana|Life Orb|[from] move: Knock Off|[of] p1a: Shredder\n|\n|upkeep\n|turn|2\n|\n|t:|1667321949\n|move|p1a: Shredder|Sucker Punch|p2a: Kartana\n|-damage|p2a: Kartana|3\/100\n|move|p2a: Kartana|Knock Off|p1a: Shredder\n|-resisted|p1a: Shredder\n|-damage|p1a: Shredder|51\/100\n|\n|upkeep\n|turn|3\n|\n|t:|1667321957\n|switch|p2a: Incineroar|Incineroar, M|100\/100\n|-ability|p2a: Incineroar|Intimidate|boost\n|-unboost|p1a: Shredder|atk|1\n|-ability|p1a: Shredder|Defiant|boost\n|-boost|p1a: Shredder|atk|2\n|switch|p1a: Jaws|Garchomp, F, shiny|100\/100\n|\n|upkeep\n|turn|4\n|\n|t:|1667321962\n|move|p1a: Jaws|Swords Dance|p1a: Jaws\n|-boost|p1a: Jaws|atk|2\n|move|p2a: Incineroar|Will-O-Wisp|p1a: Jaws\n|-status|p1a: Jaws|brn\n|\n|-damage|p1a: Jaws|94\/100 brn|[from] brn\n|upkeep\n|turn|5\n|j| ackjh38\n|\n|t:|1667321964\n|switch|p2a: Gyarados|Gyarados, F|100\/100\n|-ability|p2a: Gyarados|Intimidate|boost\n|-unboost|p1a: Jaws|atk|1\n|move|p1a: Jaws|Swords Dance|p1a: Jaws\n|-boost|p1a: Jaws|atk|2\n|\n|-damage|p1a: Jaws|88\/100 brn|[from] brn\n|upkeep\n|turn|6\n|\n|t:|1667321966\n|switch|p2a: Landorus|Landorus-Therian, M|100\/100\n|-ability|p2a: Landorus|Intimidate|boost\n|-unboost|p1a: Jaws|atk|1\n|move|p1a: Jaws|Scale Shot|p2a: Landorus\n|-damage|p2a: Landorus|89\/100\n|-damage|p2a: Landorus|76\/100\n|-damage|p2a: Landorus|62\/100\n|-damage|p2a: Landorus|48\/100\n|-damage|p2a: Landorus|35\/100\n|-hitcount|p2a: Landorus|5\n|-unboost|p1a: Jaws|def|1\n|-boost|p1a: Jaws|spe|1\n|\n|-heal|p2a: Landorus|41\/100|[from] item: Leftovers\n|-damage|p1a: Jaws|82\/100 brn|[from] brn\n|upkeep\n|turn|7\n|\n|t:|1667321976\n|switch|p2a: Gyarados|Gyarados, F|100\/100\n|-ability|p2a: Gyarados|Intimidate|boost\n|-unboost|p1a: Jaws|atk|1\n|move|p1a: Jaws|Scale Shot|p2a: Gyarados\n|-damage|p2a: Gyarados|89\/100\n|-damage|p2a: Gyarados|76\/100\n|-damage|p2a: Gyarados|64\/100\n|-damage|p2a: Gyarados|52\/100\n|-hitcount|p2a: Gyarados|4\n|-unboost|p1a: Jaws|def|1\n|-boost|p1a: Jaws|spe|1\n|\n|-damage|p1a: Jaws|76\/100 brn|[from] brn\n|upkeep\n|turn|8\n|\n|t:|1667321989\n|move|p1a: Jaws|Scale Shot|p2a: Gyarados\n|-damage|p2a: Gyarados|38\/100\n|-damage|p2a: Gyarados|26\/100\n|-damage|p2a: Gyarados|13\/100\n|-hitcount|p2a: Gyarados|3\n|-unboost|p1a: Jaws|def|1\n|-boost|p1a: Jaws|spe|1\n|move|p2a: Gyarados|Earthquake|p1a: Jaws\n|-damage|p1a: Jaws|0 fnt\n|faint|p1a: Jaws\n|\n|upkeep\n|\n|t:|1667321997\n|switch|p1a: Draggin deez nutz|Dragonite, F, shiny|100\/100\n|turn|9\n|\n|t:|1667322007\n|move|p1a: Draggin deez nutz|Dragon Dance|p1a: Draggin deez nutz\n|-boost|p1a: Draggin deez nutz|atk|1\n|-boost|p1a: Draggin deez nutz|spe|1\n|move|p2a: Gyarados|Toxic|p1a: Draggin deez nutz\n|-status|p1a: Draggin deez nutz|tox\n|\n|-damage|p1a: Draggin deez nutz|94\/100 tox|[from] psn\n|upkeep\n|turn|10\n|\n|t:|1667322034\n|switch|p2a: Incineroar|Incineroar, M|100\/100\n|-ability|p2a: Incineroar|Intimidate|boost\n|-unboost|p1a: Draggin deez nutz|atk|1\n|move|p1a: Draggin deez nutz|Ice Punch|p2a: Incineroar\n|-resisted|p2a: Incineroar\n|-damage|p2a: Incineroar|90\/100\n|\n|-damage|p1a: Draggin deez nutz|82\/100 tox|[from] psn\n|upkeep\n|turn|11\n|\n|t:|1667322046\n|move|p1a: Draggin deez nutz|Earthquake|p2a: Incineroar\n|-supereffective|p2a: Incineroar\n|-damage|p2a: Incineroar|25\/100\n|move|p2a: Incineroar|Parting Shot|p1a: Draggin deez nutz\n|-unboost|p1a: Draggin deez nutz|atk|1\n|-unboost|p1a: Draggin deez nutz|spa|1\n|\n|t:|1667322052\n|switch|p2a: Dragonite|Dragonite, M|100\/100|[from]move: Parting Shot\n|\n|-damage|p1a: Draggin deez nutz|63\/100 tox|[from] psn\n|upkeep\n|turn|12\n|\n|t:|1667322055\n|move|p1a: Draggin deez nutz|Ice Punch|p2a: Dragonite\n|-supereffective|p2a: Dragonite\n|-crit|p2a: Dragonite\n|-damage|p2a: Dragonite|8\/100\n|-status|p2a: Dragonite|frz\n|-enditem|p2a: Dragonite|Weakness Policy\n|-boost|p2a: Dragonite|atk|2|[from] item: Weakness Policy\n|-boost|p2a: Dragonite|spa|2|[from] item: Weakness Policy\n|-curestatus|p2a: Dragonite|frz|[msg]\n|move|p2a: Dragonite|Agility|p2a: Dragonite\n|-boost|p2a: Dragonite|spe|2\n|\n|-damage|p1a: Draggin deez nutz|39\/100 tox|[from] psn\n|upkeep\n|turn|13\n|\n|t:|1667322067\n|move|p2a: Dragonite|Ice Beam|p1a: Draggin deez nutz\n|-supereffective|p1a: Draggin deez nutz\n|-damage|p1a: Draggin deez nutz|0 fnt\n|faint|p1a: Draggin deez nutz\n|\n|upkeep\n|c|\u2606testingdriverio|Nice CRIT\n|c|\u2606testingdriverio|Holy shit\n|\n|t:|1667322074\n|switch|p1a: Go Brrr|Rotom-Wash, shiny|100\/100\n|turn|14\n|c|\u2606testingdriverio|This idiot is dumb as fuck\n|\n|t:|1667322081\n|move|p2a: Dragonite|Thunder Punch|p1a: Go Brrr\n|-damage|p1a: Go Brrr|16\/100\n|move|p1a: Go Brrr|Thunderbolt|p2a: Dragonite\n|-damage|p2a: Dragonite|0 fnt\n|faint|p2a: Dragonite\n|\n|-heal|p1a: Go Brrr|22\/100|[from] item: Leftovers\n|upkeep\n|\n|t:|1667322092\n|switch|p2a: Kartana|Kartana|3\/100\n|turn|15\n|\n|t:|1667322100\n|move|p2a: Kartana|Leaf Blade|p1a: Go Brrr\n|-supereffective|p1a: Go Brrr\n|-damage|p1a: Go Brrr|0 fnt\n|faint|p1a: Go Brrr\n|-ability|p2a: Kartana|Beast Boost|boost\n|-boost|p2a: Kartana|atk|1\n|\n|upkeep\n|\n|t:|1667322113\n|switch|p1a: Shredder|Bisharp, M, shiny|51\/100\n|turn|16\n|\n|t:|1667322120\n|switch|p2a: Gyarados|Gyarados, F|13\/100\n|-ability|p2a: Gyarados|Intimidate|boost\n|-unboost|p1a: Shredder|atk|1\n|-ability|p1a: Shredder|Defiant|boost\n|-boost|p1a: Shredder|atk|2\n|move|p1a: Shredder|Knock Off|p2a: Gyarados\n|-damage|p2a: Gyarados|0 fnt\n|-enditem|p2a: Gyarados|Heavy-Duty Boots|[from] move: Knock Off|[of] p1a: Shredder\n|faint|p2a: Gyarados\n|\n|upkeep\n|\n|t:|1667322124\n|switch|p2a: Incineroar|Incineroar, M|25\/100\n|-ability|p2a: Incineroar|Intimidate|boost\n|-unboost|p1a: Shredder|atk|1\n|-ability|p1a: Shredder|Defiant|boost\n|-boost|p1a: Shredder|atk|2\n|turn|17\n|\n|t:|1667322131\n|move|p1a: Shredder|Sucker Punch||[still]\n|-fail|p1a: Shredder\n|move|p2a: Incineroar|Will-O-Wisp|p1a: Shredder\n|-status|p1a: Shredder|brn\n|\n|-damage|p1a: Shredder|45\/100 brn|[from] brn\n|upkeep\n|turn|18\n|\n|t:|1667322140\n|move|p1a: Shredder|Iron Head|p2a: Incineroar\n|-resisted|p2a: Incineroar\n|-damage|p2a: Incineroar|8\/100\n|move|p2a: Incineroar|Close Combat|p1a: Shredder\n|-supereffective|p1a: Shredder\n|-damage|p1a: Shredder|0 fnt\n|-unboost|p2a: Incineroar|def|1\n|-unboost|p2a: Incineroar|spd|1\n|faint|p1a: Shredder\n|\n|upkeep\n|\n|t:|1667322145\n|switch|p1a: Kentucky|Blaziken, F, shiny|100\/100\n|turn|19\n|\n|t:|1667322152\n|move|p1a: Kentucky|Swords Dance|p1a: Kentucky\n|-boost|p1a: Kentucky|atk|2\n|move|p2a: Incineroar|Parting Shot|p1a: Kentucky\n|-unboost|p1a: Kentucky|atk|1\n|-unboost|p1a: Kentucky|spa|1\n|\n|t:|1667322154\n|switch|p2a: Landorus|Landorus-Therian, M|41\/100|[from]move: Parting Shot\n|-ability|p2a: Landorus|Intimidate|boost\n|-unboost|p1a: Kentucky|atk|1\n|\n|-heal|p2a: Landorus|47\/100|[from] item: Leftovers\n|-ability|p1a: Kentucky|Speed Boost|boost\n|-boost|p1a: Kentucky|spe|1\n|upkeep\n|turn|20\n|\n|t:|1667322160\n|move|p1a: Kentucky|Fire Punch|p2a: Landorus\n|-damage|p2a: Landorus|3\/100\n|-status|p2a: Landorus|brn\n|-damage|p1a: Kentucky|91\/100|[from] item: Life Orb\n|move|p2a: Landorus|Earthquake|p1a: Kentucky\n|-supereffective|p1a: Kentucky\n|-damage|p1a: Kentucky|24\/100\n|\n|-heal|p2a: Landorus|9\/100 brn|[from] item: Leftovers\n|-damage|p2a: Landorus|3\/100 brn|[from] brn\n|-ability|p1a: Kentucky|Speed Boost|boost\n|-boost|p1a: Kentucky|spe|1\n|upkeep\n|turn|21\n|\n|t:|1667322168\n|move|p1a: Kentucky|Protect|p1a: Kentucky\n|-singleturn|p1a: Kentucky|Protect\n|move|p2a: Landorus|Earthquake|p1a: Kentucky\n|-activate|p1a: Kentucky|move: Protect\n|\n|-heal|p2a: Landorus|9\/100 brn|[from] item: Leftovers\n|-damage|p2a: Landorus|3\/100 brn|[from] brn\n|-ability|p1a: Kentucky|Speed Boost|boost\n|-boost|p1a: Kentucky|spe|1\n|upkeep\n|turn|22\n|\n|t:|1667322172\n|move|p1a: Kentucky|Fire Punch|p2a: Landorus\n|-damage|p2a: Landorus|0 fnt\n|faint|p2a: Landorus\n|-damage|p1a: Kentucky|14\/100|[from] item: Life Orb\n|\n|-ability|p1a: Kentucky|Speed Boost|boost\n|-boost|p1a: Kentucky|spe|1\n|upkeep\n|\n|t:|1667322175\n|switch|p2a: Starmie|Starmie|100\/100\n|turn|23\n|\n|t:|1667322177\n|switch|p1a: Godzirra|Tyranitar, M, shiny|100\/100\n|-weather|Sandstorm|[from] ability: Sand Stream|[of] p1a: Godzirra\n|move|p2a: Starmie|Scald|p1a: Godzirra\n|-supereffective|p1a: Godzirra\n|-damage|p1a: Godzirra|81\/100\n|-status|p1a: Godzirra|brn\n|\n|-weather|Sandstorm|[upkeep]\n|-damage|p2a: Starmie|94\/100|[from] Sandstorm\n|-damage|p1a: Godzirra|75\/100 brn|[from] brn\n|upkeep\n|turn|24\n|\n|t:|1667322187\n|move|p2a: Starmie|Scald|p1a: Godzirra\n|-supereffective|p1a: Godzirra\n|-damage|p1a: Godzirra|53\/100 brn\n|move|p1a: Godzirra|Crunch|p2a: Starmie\n|-supereffective|p2a: Starmie\n|-damage|p2a: Starmie|34\/100\n|-unboost|p2a: Starmie|def|1\n|\n|-weather|Sandstorm|[upkeep]\n|-damage|p2a: Starmie|28\/100|[from] Sandstorm\n|-damage|p1a: Godzirra|47\/100 brn|[from] brn\n|upkeep\n|turn|25\n|\n|t:|1667322198\n|switch|p2a: Incineroar|Incineroar, M|8\/100\n|-ability|p2a: Incineroar|Intimidate|boost\n|-unboost|p1a: Godzirra|atk|1\n|move|p1a: Godzirra|Crunch|p2a: Incineroar\n|-resisted|p2a: Incineroar\n|-damage|p2a: Incineroar|1\/100\n|\n|-weather|Sandstorm|[upkeep]\n|-damage|p2a: Incineroar|0 fnt|[from] Sandstorm\n|faint|p2a: Incineroar\n|-damage|p1a: Godzirra|41\/100 brn|[from] brn\n|upkeep\n|\n|t:|1667322203\n|switch|p2a: Kartana|Kartana|3\/100\n|turn|26\n|\n|t:|1667322206\n|move|p2a: Kartana|Leaf Blade|p1a: Godzirra\n|-supereffective|p1a: Godzirra\n|-damage|p1a: Godzirra|0 fnt\n|faint|p1a: Godzirra\n|-ability|p2a: Kartana|Beast Boost|boost\n|-boost|p2a: Kartana|atk|1\n|\n|-weather|Sandstorm|[upkeep]\n|upkeep\n|\n|t:|1667322209\n|switch|p1a: Kentucky|Blaziken, F, shiny|14\/100\n|turn|27\n|\n|t:|1667322216\n|move|p1a: Kentucky|Protect|p1a: Kentucky\n|-singleturn|p1a: Kentucky|Protect\n|move|p2a: Kartana|Leaf Blade|p1a: Kentucky\n|-activate|p1a: Kentucky|move: Protect\n|\n|-weather|none\n|-ability|p1a: Kentucky|Speed Boost|boost\n|-boost|p1a: Kentucky|spe|1\n|upkeep\n|turn|28\n|\n|t:|1667322223\n|move|p1a: Kentucky|Fire Punch|p2a: Kartana\n|-supereffective|p2a: Kartana\n|-damage|p2a: Kartana|0 fnt\n|faint|p2a: Kartana\n|-damage|p1a: Kentucky|4\/100|[from] item: Life Orb\n|\n|-ability|p1a: Kentucky|Speed Boost|boost\n|-boost|p1a: Kentucky|spe|1\n|upkeep\n|c|\u2606testingdriverio|The burn saved your ass\n|c|\u2606gameprom4|thats crazy\n|c|\u2606testingdriverio|What an idiot\n|c|\u2606gameprom4|ez\n|c|\u2606testingdriverio|Yeah\n|c|\u2606testingdriverio|Yup\n|c|\u2606testingdriverio|Ex to misplay the entire game\n|inactive|testingdriverio has 120 seconds left.\n|c|\u2606testingdriverio|And get two lucky game changing RNG\n|c|\u2606gameprom4|get good am i right\n|c|\u2606testingdriverio|Critical hax\n|c|\u2606testingdriverio|When you were at -1\n|inactive|testingdriverio has 90 seconds left.\n|c|\u2606testingdriverio|I literally won if you didn't CRIT there\n|c|\u2606testingdriverio|That was dumb as fuck from you\n|c| ackjh38|\u6c14\u6025\u8d25\u574f\n|c|\u2606testingdriverio|Then using sucker punch on slower incinerar\n|inactive|testingdriverio has 60 seconds left.\n|c| ackjh38|\u597dLOW\u7684\u5916\u56fd\u4eba\n|c|\u2606testingdriverio|The idiot is high level\n|\n|t:|1667322325\n|switch|p2a: Starmie|Starmie|28\/100\n|turn|29\n|\n|t:|1667322330\n|move|p1a: Kentucky|Close Combat|p2a: Starmie\n|-resisted|p2a: Starmie\n|-damage|p2a: Starmie|0 fnt\n|-unboost|p1a: Kentucky|def|1\n|-unboost|p1a: Kentucky|spd|1\n|faint|p2a: Starmie\n|-damage|p1a: Kentucky|0 fnt|[from] item: Life Orb\n|faint|p1a: Kentucky\n|\n|win|gameprom4\n|raw|gameprom4's rating: 1613 &rarr; <strong>1639<\/strong><br \/>(+26 for winning)\n|raw|testingdriverio's rating: 1718 &rarr; <strong>1692<\/strong><br \/>(-26 for losing)\n|c|\u2606gameprom4|i mean u still lost\n|c|\u2606gameprom4|ez\n|l| ackjh38\n|c|\u2606gameprom4|get good bro\n|c|\u2606testingdriverio|Well\n|c|\u2606testingdriverio|You should make better plays\n|c|\u2606testingdriverio|RNG\n|c|\u2606testingdriverio|Won't save your stupid ass every game\n|c|\u2606gameprom4|skill issue\n|c|\u2606testingdriverio|Get better\n|c|\u2606gameprom4|cry about it\n|c|\u2606testingdriverio|It's fine\n|c|\u2606gameprom4|ok so shush then\n||Ladder isn't responding, score probably updated but might not have (Request timeout).\n","uploadtime":1667322079,"views":9,"p1id":"gameprom4","p2id":"testingdriverio","formatid":"gen8ou","rating":1639,"private":0,"password":null}