{"id":"gen8randombattle-1239381810","p1":"Rheinmetal","p2":"Seguidor","format":"gen8randombattle","log":"|j|\u2606Rheinmetal\n|j|\u2606Seguidor\n|t:|1607406935\n|player|p1|Rheinmetal|cynthia|1504\n|player|p2|Seguidor|giovanni|1501\n|teamsize|p1|6\n|teamsize|p2|6\n|gametype|singles\n|gen|8\n|tier|[Gen 8] Random Battle\n|rated|\n|rule|Species Clause: Limit one of each Pok\u00e9mon\n|rule|HP Percentage Mod: HP is shown in percentages\n|rule|Sleep Clause Mod: Limit one foe put to sleep\n|\n|t:|1607406935\n|start\n|switch|p1a: Stonjourner|Stonjourner, L88, F|319\/319\n|switch|p2a: Moltres|Moltres, L80|275\/275\n|turn|1\n|\n|t:|1607406957\n|switch|p2a: Tapu Fini|Tapu Fini, L80|243\/243\n|-fieldstart|move: Misty Terrain|[from] ability: Misty Surge|[of] p2a: Tapu Fini\n|move|p1a: Stonjourner|Rock Polish|p1a: Stonjourner\n|-boost|p1a: Stonjourner|spe|2\n|\n|upkeep\n|turn|2\n|inactive|Battle timer is ON: inactive players will automatically lose when time's up. (requested by Rheinmetal)\n|\n|t:|1607406984\n|switch|p1a: Arctozolt|Arctozolt, L84|288\/288\n|move|p2a: Tapu Fini|Surf|p1a: Arctozolt\n|-damage|p1a: Arctozolt|200\/288\n|\n|upkeep\n|turn|3\n|\n|t:|1607406996\n|switch|p2a: Rotom|Rotom-Heat, L82|215\/215\n|move|p1a: Arctozolt|Bolt Beak|p2a: Rotom\n|-resisted|p2a: Rotom\n|-damage|p2a: Rotom|134\/215\n|\n|-heal|p2a: Rotom|147\/215|[from] item: Leftovers\n|upkeep\n|turn|4\n|inactive|Rheinmetal has 120 seconds left.\n|\n|t:|1607407029\n|switch|p1a: Dragapult|Dragapult, L80, F|272\/272\n|move|p2a: Rotom|Overheat|p1a: Dragapult\n|-resisted|p1a: Dragapult\n|-damage|p1a: Dragapult|192\/272\n|-unboost|p2a: Rotom|spa|2\n|\n|-heal|p2a: Rotom|160\/215|[from] item: Leftovers\n|upkeep\n|turn|5\n|\n|t:|1607407039\n|switch|p2a: Tapu Fini|Tapu Fini, L80|243\/243\n|move|p1a: Dragapult|Shadow Ball|p2a: Tapu Fini\n|-damage|p2a: Tapu Fini|153\/243\n|\n|-heal|p2a: Tapu Fini|168\/243|[from] item: Leftovers\n|-fieldend|Misty Terrain\n|upkeep\n|turn|6\n|inactive|Rheinmetal has 120 seconds left.\n|\n|t:|1607407062\n|switch|p1a: Arctozolt|Arctozolt, L84|200\/288\n|move|p2a: Tapu Fini|Moonblast|p1a: Arctozolt\n|-damage|p1a: Arctozolt|103\/288\n|-unboost|p1a: Arctozolt|spa|1\n|\n|-heal|p2a: Tapu Fini|183\/243|[from] item: Leftovers\n|upkeep\n|turn|7\n|\n|t:|1607407071\n|move|p2a: Tapu Fini|Moonblast|p1a: Arctozolt\n|-damage|p1a: Arctozolt|3\/288\n|move|p1a: Arctozolt|Thunder Wave|p2a: Tapu Fini\n|-status|p2a: Tapu Fini|par\n|\n|-heal|p2a: Tapu Fini|198\/243 par|[from] item: Leftovers\n|upkeep\n|turn|8\n|\n|t:|1607407078\n|switch|p1a: Dragapult|Dragapult, L80, F|192\/272\n|cant|p2a: Tapu Fini|par\n|\n|-heal|p2a: Tapu Fini|213\/243 par|[from] item: Leftovers\n|upkeep\n|turn|9\n|\n|t:|1607407091\n|switch|p1a: Stonjourner|Stonjourner, L88, F|319\/319\n|move|p2a: Tapu Fini|Moonblast|p1a: Stonjourner\n|-damage|p1a: Stonjourner|121\/319\n|-unboost|p1a: Stonjourner|spa|1\n|\n|-heal|p2a: Tapu Fini|228\/243 par|[from] item: Leftovers\n|upkeep\n|turn|10\n|\n|t:|1607407099\n|switch|p1a: Arctozolt|Arctozolt, L84|3\/288\n|move|p2a: Tapu Fini|Moonblast|p1a: Arctozolt\n|-damage|p1a: Arctozolt|0 fnt\n|faint|p1a: Arctozolt\n|\n|-heal|p2a: Tapu Fini|243\/243 par|[from] item: Leftovers\n|upkeep\n|\n|t:|1607407110\n|switch|p1a: Dusknoir|Dusknoir, L88, F|222\/222\n|-item|p2a: Tapu Fini|Leftovers|[from] ability: Frisk|[of] p1a: Dusknoir|[identify]\n|turn|11\n|\n|t:|1607407125\n|switch|p2a: Rotom|Rotom-Heat, L82|160\/215\n|move|p1a: Dusknoir|Substitute|p1a: Dusknoir\n|-start|p1a: Dusknoir|Substitute\n|-damage|p1a: Dusknoir|167\/222\n|\n|-heal|p2a: Rotom|173\/215|[from] item: Leftovers\n|-heal|p1a: Dusknoir|180\/222|[from] item: Leftovers\n|upkeep\n|turn|12\n|\n|t:|1607407133\n|move|p2a: Rotom|Thunderbolt|p1a: Dusknoir\n|-end|p1a: Dusknoir|Substitute\n|move|p1a: Dusknoir|Poltergeist|p2a: Rotom\n|-activate|p2a: Rotom|move: Poltergeist|Leftovers\n|-damage|p2a: Rotom|53\/215\n|\n|-heal|p2a: Rotom|66\/215|[from] item: Leftovers\n|-heal|p1a: Dusknoir|193\/222|[from] item: Leftovers\n|upkeep\n|turn|13\n|\n|t:|1607407142\n|move|p2a: Rotom|Thunderbolt|p1a: Dusknoir\n|-damage|p1a: Dusknoir|129\/222\n|move|p1a: Dusknoir|Poltergeist|p2a: Rotom\n|-activate|p2a: Rotom|move: Poltergeist|Leftovers\n|-damage|p2a: Rotom|0 fnt\n|faint|p2a: Rotom\n|\n|-heal|p1a: Dusknoir|142\/222|[from] item: Leftovers\n|upkeep\n|\n|t:|1607407153\n|switch|p2a: Passimian|Passimian, L84, F|305\/305\n|turn|14\n|\n|t:|1607407159\n|move|p2a: Passimian|Knock Off|p1a: Dusknoir\n|-supereffective|p1a: Dusknoir\n|-damage|p1a: Dusknoir|38\/222\n|-enditem|p1a: Dusknoir|Leftovers|[from] move: Knock Off|[of] p2a: Passimian\n|move|p1a: Dusknoir|Poltergeist|p2a: Passimian\n|-activate|p2a: Passimian|move: Poltergeist|Choice Scarf\n|-damage|p2a: Passimian|179\/305\n|\n|upkeep\n|turn|15\n|\n|t:|1607407168\n|switch|p1a: Comfey|Comfey, L88, M|233\/233\n|move|p2a: Passimian|Knock Off|p1a: Comfey\n|-resisted|p1a: Comfey\n|-damage|p1a: Comfey|194\/233\n|-enditem|p1a: Comfey|Leftovers|[from] move: Knock Off|[of] p2a: Passimian\n|\n|upkeep\n|turn|16\n|\n|t:|1607407178\n|-start|p2a: Passimian|Dynamax\n|-heal|p2a: Passimian|358\/610|[silent]\n|move|p1a: Comfey|U-turn|p2a: Passimian\n|-resisted|p2a: Passimian\n|-damage|p2a: Passimian|342\/610\n|\n|t:|1607407185\n|switch|p1a: Dusknoir|Dusknoir, L88, F|38\/222\n|-item|p2a: Passimian|Choice Scarf|[from] ability: Frisk|[of] p1a: Dusknoir|[identify]\n|move|p2a: Passimian|Max Ooze|p1a: Dusknoir\n|-resisted|p1a: Dusknoir\n|-damage|p1a: Dusknoir|12\/222\n|-boost|p2a: Passimian|spa|1\n|\n|upkeep\n|turn|17\n|\n|t:|1607407196\n|move|p2a: Passimian|Max Darkness|p1a: Dusknoir\n|-supereffective|p1a: Dusknoir\n|-damage|p1a: Dusknoir|0 fnt\n|faint|p1a: Dusknoir\n|\n|upkeep\n|\n|t:|1607407208\n|switch|p1a: Comfey|Comfey, L88, M|194\/233\n|turn|18\n|\n|t:|1607407212\n|switch|p1a: Stonjourner|Stonjourner, L88, F|121\/319\n|move|p2a: Passimian|Max Flutterby|p1a: Stonjourner\n|-crit|p1a: Stonjourner\n|-damage|p1a: Stonjourner|13\/319\n|-unboost|p1a: Stonjourner|spa|1\n|\n|-end|p2a: Passimian|Dynamax\n|-heal|p2a: Passimian|171\/305|[silent]\n|upkeep\n|turn|19\n|\n|t:|1607407221\n|switch|p1a: Comfey|Comfey, L88, M|194\/233\n|move|p2a: Passimian|Knock Off|p1a: Comfey\n|-resisted|p1a: Comfey\n|-damage|p1a: Comfey|167\/233\n|\n|upkeep\n|turn|20\n|\n|t:|1607407230\n|switch|p2a: Weezing|Weezing-Galar, L86, F|252\/252\n|-ability|p2a: Weezing|Neutralizing Gas\n|move|p1a: Comfey|U-turn|p2a: Weezing\n|-resisted|p2a: Weezing\n|-damage|p2a: Weezing|246\/252\n|\n|t:|1607407235\n|switch|p1a: Stonjourner|Stonjourner, L88, F|13\/319\n|\n|-heal|p2a: Weezing|252\/252|[from] item: Black Sludge\n|upkeep\n|turn|21\n|\n|t:|1607407244\n|move|p1a: Stonjourner|Earthquake|p2a: Weezing\n|-supereffective|p2a: Weezing\n|-damage|p2a: Weezing|54\/252\n|-damage|p1a: Stonjourner|0 fnt|[from] item: Life Orb\n|faint|p1a: Stonjourner\n|move|p2a: Weezing|Toxic Spikes|p1: Stonjourner\n|-sidestart|p1: Rheinmetal|move: Toxic Spikes\n|\n|-heal|p2a: Weezing|69\/252|[from] item: Black Sludge\n|upkeep\n|inactive|Rheinmetal has 120 seconds left.\n|\n|t:|1607407275\n|switch|p1a: Dragapult|Dragapult, L80, F|192\/272\n|-status|p1a: Dragapult|psn\n|turn|22\n|\n|t:|1607407280\n|move|p1a: Dragapult|Thunderbolt|p2a: Weezing\n|-damage|p2a: Weezing|0 fnt\n|faint|p2a: Weezing\n|\n|-damage|p1a: Dragapult|158\/272 psn|[from] psn\n|upkeep\n|\n|t:|1607407285\n|switch|p2a: Tapu Fini|Tapu Fini, L80|243\/243 par\n|-fieldstart|move: Misty Terrain|[from] ability: Misty Surge|[of] p2a: Tapu Fini\n|turn|23\n|\n|t:|1607407291\n|-start|p1a: Dragapult|Dynamax\n|-heal|p1a: Dragapult|316\/544 psn|[silent]\n|move|p1a: Dragapult|Max Lightning|p2a: Tapu Fini\n|-supereffective|p2a: Tapu Fini\n|-damage|p2a: Tapu Fini|109\/243 par\n|-fieldstart|move: Electric Terrain\n|move|p2a: Tapu Fini|Moonblast|p1a: Dragapult\n|-supereffective|p1a: Dragapult\n|-damage|p1a: Dragapult|80\/544 psn\n|\n|-heal|p2a: Tapu Fini|124\/243 par|[from] item: Leftovers\n|-damage|p1a: Dragapult|46\/544 psn|[from] psn\n|upkeep\n|turn|24\n|\n|t:|1607407305\n|switch|p2a: Cursola|Cursola, L88, M|249\/249\n|move|p1a: Dragapult|Max Lightning|p2a: Cursola\n|-damage|p2a: Cursola|170\/249\n|\n|-heal|p2a: Cursola|185\/249|[from] item: Leftovers\n|-damage|p1a: Dragapult|12\/544 psn|[from] psn\n|upkeep\n|turn|25\n|\n|t:|1607407318\n|switch|p2a: Tapu Fini|Tapu Fini, L80|124\/243 par\n|-fieldstart|move: Misty Terrain|[from] ability: Misty Surge|[of] p2a: Tapu Fini\n|move|p1a: Dragapult|Max Phantasm|p2a: Tapu Fini\n|-damage|p2a: Tapu Fini|19\/243 par\n|-unboost|p2a: Tapu Fini|def|1\n|\n|-heal|p2a: Tapu Fini|34\/243 par|[from] item: Leftovers\n|-damage|p1a: Dragapult|0 fnt|[from] psn\n|faint|p1a: Dragapult\n|upkeep\n|\n|t:|1607407321\n|switch|p1a: Darmanitan|Darmanitan-Galar, L78, M|291\/291\n|turn|26\n|\n|t:|1607407337\n|move|p1a: Darmanitan|Icicle Crash|p2a: Tapu Fini\n|-resisted|p2a: Tapu Fini\n|-damage|p2a: Tapu Fini|0 fnt\n|faint|p2a: Tapu Fini\n|\n|upkeep\n|\n|t:|1607407343\n|switch|p2a: Passimian|Passimian, L84, F|171\/305\n|turn|27\n|\n|t:|1607407351\n|switch|p1a: Comfey|Comfey, L88, M|167\/233\n|move|p2a: Passimian|Close Combat|p1a: Comfey\n|-resisted|p1a: Comfey\n|-damage|p1a: Comfey|101\/233\n|-unboost|p2a: Passimian|def|1\n|-unboost|p2a: Passimian|spd|1\n|\n|upkeep\n|turn|28\n|\n|t:|1607407359\n|switch|p2a: Cursola|Cursola, L88, M|185\/249\n|move|p1a: Comfey|Synthesis|p1a: Comfey\n|-heal|p1a: Comfey|217\/233\n|\n|-heal|p2a: Cursola|200\/249|[from] item: Leftovers\n|upkeep\n|turn|29\n|\n|t:|1607407369\n|move|p1a: Comfey|Taunt|p2a: Cursola\n|-start|p2a: Cursola|move: Taunt\n|cant|p2a: Cursola|move: Taunt|Stealth Rock\n|\n|-heal|p2a: Cursola|215\/249|[from] item: Leftovers\n|-fieldend|Misty Terrain\n|upkeep\n|turn|30\n|\n|t:|1607407376\n|move|p1a: Comfey|U-turn|p2a: Cursola\n|-resisted|p2a: Cursola\n|-damage|p2a: Cursola|192\/249\n|-ability|p2a: Cursola|Perish Body\n|\n|t:|1607407379\n|switch|p1a: Darmanitan|Darmanitan-Galar, L78, M|291\/291\n|-status|p1a: Darmanitan|psn\n|move|p2a: Cursola|Hydro Pump|p1a: Darmanitan\n|-damage|p1a: Darmanitan|129\/291 psn\n|\n|-heal|p2a: Cursola|207\/249|[from] item: Leftovers\n|-damage|p1a: Darmanitan|93\/291 psn|[from] psn\n|-start|p2a: Cursola|perish3\n|upkeep\n|turn|31\n|\n|t:|1607407391\n|move|p1a: Darmanitan|Icicle Crash|p2a: Cursola\n|-damage|p2a: Cursola|0 fnt\n|faint|p2a: Cursola\n|\n|-damage|p1a: Darmanitan|57\/291 psn|[from] psn\n|upkeep\n|\n|t:|1607407397\n|switch|p2a: Passimian|Passimian, L84, F|171\/305\n|turn|32\n|\n|t:|1607407401\n|switch|p1a: Comfey|Comfey, L88, M|217\/233\n|-status|p1a: Comfey|psn\n|move|p2a: Passimian|Gunk Shot|p1a: Comfey\n|-supereffective|p1a: Comfey\n|-damage|p1a: Comfey|31\/233 psn\n|\n|-damage|p1a: Comfey|2\/233 psn|[from] psn\n|upkeep\n|turn|33\n|\n|t:|1607407409\n|move|p2a: Passimian|Gunk Shot|p1a: Comfey\n|-supereffective|p1a: Comfey\n|-damage|p1a: Comfey|0 fnt\n|faint|p1a: Comfey\n|\n|upkeep\n|-message|Rheinmetal forfeited.\n|\n|win|Seguidor\n|l|\u2606Rheinmetal\n","inputlog":">version 0214c306bb4d40a866e5f850d6e33984770a9a90\n>start {\"formatid\":\"gen8randombattle\",\"seed\":[9724,53061,23133,22418],\"rated\":\"Rated battle\"}\n>player p1 {\"name\":\"Rheinmetal\",\"avatar\":\"cynthia\",\"team\":\"\",\"rating\":1504,\"seed\":[426,35235,52154,24372]}\n>player p2 {\"name\":\"Seguidor\",\"avatar\":\"giovanni\",\"team\":\"\",\"rating\":1501,\"seed\":[41443,27351,53062,49477]}\n>p1 move rockpolish\n>p2 switch 5\n>p1 switch 4\n>p2 move surf\n>p1 move boltbeak\n>p2 switch 3\n>p1 switch 2\n>p2 move overheat\n>p1 move shadowball\n>p2 switch 3\n>p1 switch 2\n>p2 move moonblast\n>p1 move thunderwave\n>p2 move moonblast\n>p1 switch 2\n>p2 move moonblast\n>p1 switch 4\n>p2 move moonblast\n>p1 switch 2\n>p2 move moonblast\n>p1 switch 5\n>p1 move substitute\n>p2 switch 3\n>p1 move poltergeist\n>p2 move thunderbolt\n>p1 move poltergeist\n>p2 move thunderbolt\n>p2 switch 4\n>p1 move poltergeist\n>p2 move knockoff\n>p1 switch 3\n>p2 move knockoff\n>p1 move uturn\n>p2 move gunkshot dynamax\n>p1 switch 3\n>p1 move poltergeist\n>p2 move knockoff dynamax\n>p1 switch 3\n>p1 switch 2\n>p2 move uturn dynamax\n>p1 switch 2\n>p2 move knockoff\n>p1 move uturn\n>p2 switch 2\n>p1 switch 2\n>p1 move earthquake\n>p2 move toxicspikes\n>p1 switch 4\n>p1 move thunderbolt\n>p2 move strangesteam\n>p2 switch 3\n>p1 move thunderbolt dynamax\n>p2 move moonblast\n>p1 move thunderbolt dynamax\n>p2 switch 6\n>p1 move shadowball dynamax\n>p2 switch 6\n>p1 switch 6\n>p1 move iciclecrash\n>p2 move taunt\n>p2 switch 2\n>p1 switch 2\n>p2 move closecombat\n>p1 move synthesis\n>p2 switch 6\n>p1 move taunt\n>p2 move stealthrock\n>p1 move uturn\n>p2 move hydropump\n>p1 switch 2\n>p1 move iciclecrash\n>p2 move hydropump\n>p2 switch 6\n>p1 switch 2\n>p2 move gunkshot\n>p1 move dazzlinggleam\n>p2 move gunkshot","uploadtime":1607407419,"views":5,"p1id":"rheinmetal","p2id":"seguidor","formatid":"gen8randombattle","rating":0,"private":0,"password":null}