{"id":"gen8ubers-1102160142","p1":"UFGG Clearque","p2":"Jakkkkkka","format":"gen8ubers","log":"|j|\u2606UFGG Clearque\n|j|\u2606Jakkkkkka\n|player|p1|UFGG Clearque|burglar-gen1rb|1413\n|player|p2|Jakkkkkka|norman|1551\n|teamsize|p1|6\n|teamsize|p2|6\n|gametype|singles\n|gen|8\n|tier|[Gen 8] Ubers\n|rated|\n|clearpoke\n|poke|p1|Snorlax, M|\n|poke|p1|Reshiram|\n|poke|p1|Torkoal, F|\n|poke|p1|Lunala|\n|poke|p1|Rotom-Wash|\n|poke|p1|Necrozma-Dusk-Mane|\n|poke|p2|Darmanitan-Galar, F|\n|poke|p2|Lunala|\n|poke|p2|Necrozma-Dusk-Mane|\n|poke|p2|Eternatus|\n|poke|p2|Mandibuzz, F|\n|poke|p2|Marshadow|\n|rule|Sleep Clause Mod: Limit one foe put to sleep\n|rule|Species Clause: Limit one of each Pok\u00e9mon\n|rule|OHKO Clause: OHKO moves are banned\n|rule|Evasion Moves Clause: Evasion moves are banned\n|rule|Endless Battle Clause: Forcing endless battles is banned\n|rule|HP Percentage Mod: HP is shown in percentages\n|html|Ubers Dynamax Clause: Pok\u00e9mon on the <a href=\"https:\/\/www.smogon.com\/dex\/ss\/formats\/uber\/\">Ubers Dynamax Banlist<\/a> cannot Dynamax.\n|teampreview\n|\n|start\n|switch|p1a: Reshiram|Reshiram|100\/100\n|switch|p2a: Darmanitan|Darmanitan-Galar, F|100\/100\n|-ability|p1a: Reshiram|Turboblaze\n|turn|1\n|inactive|Battle timer is ON: inactive players will automatically lose when time's up. (requested by UFGG Clearque)\n|\n|switch|p1a: Rotom|Rotom-Wash|100\/100\n|move|p2a: Darmanitan|U-turn|p1a: Rotom\n|-damage|p1a: Rotom|56\/100\n|\n|switch|p2a: Lunala|Lunala|100\/100|[from]move: U-turn\n|\n|upkeep\n|turn|2\n|\n|move|p2a: Lunala|Psychic|p1a: Rotom\n|-damage|p1a: Rotom|0 fnt\n|faint|p1a: Rotom\n|\n|upkeep\n|\n|switch|p1a: Lunala|Lunala|100\/100\n|turn|3\n|\n|switch|p2a: Mandibuzz|Mandibuzz, F|100\/100\n|move|p1a: Lunala|Thunder|p2a: Mandibuzz|[miss]\n|-miss|p1a: Lunala|p2a: Mandibuzz\n|\n|upkeep\n|turn|4\n|\n|move|p1a: Lunala|Thunder|p2a: Mandibuzz\n|-supereffective|p2a: Mandibuzz\n|-damage|p2a: Mandibuzz|5\/100\n|move|p2a: Mandibuzz|Foul Play|p1a: Lunala\n|-supereffective|p1a: Lunala\n|-damage|p1a: Lunala|51\/100\n|\n|upkeep\n|turn|5\n|\n|switch|p2a: Eternatus|Eternatus|100\/100\n|-ability|p2a: Eternatus|Pressure\n|move|p1a: Lunala|Thunder|p2a: Eternatus\n|-resisted|p2a: Eternatus\n|-damage|p2a: Eternatus|85\/100\n|-status|p2a: Eternatus|par\n|\n|-heal|p2a: Eternatus|92\/100 par|[from] item: Black Sludge\n|upkeep\n|turn|6\n|\n|switch|p1a: Snorlax|Snorlax, M|100\/100\n|cant|p2a: Eternatus|par\n|\n|-heal|p2a: Eternatus|98\/100 par|[from] item: Black Sludge\n|upkeep\n|turn|7\n|\n|switch|p2a: Marshadow|Marshadow|100\/100\n|move|p1a: Snorlax|Curse|p1a: Snorlax\n|-unboost|p1a: Snorlax|spe|1\n|-boost|p1a: Snorlax|atk|1\n|-boost|p1a: Snorlax|def|1\n|\n|upkeep\n|turn|8\n|\n|-start|p1a: Snorlax|Dynamax\n|-heal|p1a: Snorlax|100\/100|[silent]\n|move|p2a: Marshadow|Close Combat|p1a: Snorlax\n|-supereffective|p1a: Snorlax\n|-damage|p1a: Snorlax|64\/100\n|-unboost|p2a: Marshadow|def|1\n|-unboost|p2a: Marshadow|spd|1\n|move|p1a: Snorlax|Max Darkness|p2a: Marshadow\n|-damage|p2a: Marshadow|14\/100\n|-unboost|p2a: Marshadow|spd|1\n|\n|-heal|p1a: Snorlax|67\/100|[from] item: Leftovers\n|upkeep\n|turn|9\n|\n|move|p2a: Marshadow|Endeavor|p1a: Snorlax\n|-damage|p1a: Snorlax|38\/100\n|move|p1a: Snorlax|Max Darkness|p2a: Marshadow\n|-damage|p2a: Marshadow|0 fnt\n|faint|p2a: Marshadow\n|\n|-heal|p1a: Snorlax|41\/100|[from] item: Leftovers\n|upkeep\n|inactive|Jakkkkkka has 120 seconds left.\n|\n|switch|p2a: Darmanitan|Darmanitan-Galar, F|100\/100\n|turn|10\n|\n|move|p2a: Darmanitan|U-turn|p1a: Snorlax\n|-damage|p1a: Snorlax|28\/100\n|\n|switch|p2a: Mandibuzz|Mandibuzz, F|5\/100|[from]move: U-turn\n|move|p1a: Snorlax|Max Darkness|p2a: Mandibuzz\n|-resisted|p2a: Mandibuzz\n|-damage|p2a: Mandibuzz|0 fnt\n|faint|p2a: Mandibuzz\n|\n|-heal|p1a: Snorlax|32\/100|[from] item: Leftovers\n|-end|p1a: Snorlax|Dynamax\n|-heal|p1a: Snorlax|32\/100|[silent]\n|upkeep\n|\n|switch|p2a: Darmanitan|Darmanitan-Galar, F|100\/100\n|turn|11\n|\n|move|p2a: Darmanitan|Icicle Crash|p1a: Snorlax\n|-damage|p1a: Snorlax|11\/100\n|move|p1a: Snorlax|Rest|p1a: Snorlax\n|-status|p1a: Snorlax|slp|[from] move: Rest\n|-heal|p1a: Snorlax|100\/100 slp|[silent]\n|\n|upkeep\n|turn|12\n|\n|switch|p2a: Lunala|Lunala|100\/100\n|switch|p1a: Reshiram|Reshiram|100\/100\n|-ability|p1a: Reshiram|Turboblaze\n|\n|upkeep\n|turn|13\n|inactive|Jakkkkkka has 90 seconds left.\n|\n|switch|p2a: Eternatus|Eternatus|98\/100 par\n|-ability|p2a: Eternatus|Pressure\n|move|p1a: Reshiram|Blue Flare|p2a: Eternatus|[miss]\n|-miss|p1a: Reshiram|p2a: Eternatus\n|\n|-heal|p2a: Eternatus|100\/100 par|[from] item: Black Sludge\n|upkeep\n|turn|14\n|\n|move|p1a: Reshiram|Draco Meteor|p2a: Eternatus\n|-supereffective|p2a: Eternatus\n|-damage|p2a: Eternatus|0 fnt\n|-unboost|p1a: Reshiram|spa|2\n|-damage|p1a: Reshiram|91\/100|[from] item: Life Orb\n|faint|p2a: Eternatus\n|\n|upkeep\n|inactive|Jakkkkkka has 60 seconds left.\n|\n|switch|p2a: Darmanitan|Darmanitan-Galar, F|100\/100\n|turn|15\n|\n|move|p2a: Darmanitan|Earthquake|p1a: Reshiram\n|-supereffective|p1a: Reshiram\n|-crit|p1a: Reshiram\n|-damage|p1a: Reshiram|0 fnt\n|faint|p1a: Reshiram\n|\n|upkeep\n|inactive|UFGG Clearque has 120 seconds left.\n|\n|switch|p1a: Torkoal|Torkoal, F|100\/100\n|-weather|SunnyDay|[from] ability: Drought|[of] p1a: Torkoal\n|turn|16\n|\n|move|p2a: Darmanitan|Earthquake|p1a: Torkoal\n|-supereffective|p1a: Torkoal\n|-damage|p1a: Torkoal|37\/100\n|move|p1a: Torkoal|Stealth Rock|p2a: Darmanitan\n|-sidestart|p2: Jakkkkkka|move: Stealth Rock\n|\n|-weather|SunnyDay|[upkeep]\n|upkeep\n|turn|17\n|\n|move|p2a: Darmanitan|Earthquake|p1a: Torkoal\n|-supereffective|p1a: Torkoal\n|-damage|p1a: Torkoal|0 fnt\n|faint|p1a: Torkoal\n|\n|-weather|SunnyDay|[upkeep]\n|upkeep\n|\n|switch|p1a: Lunala|Lunala|51\/100\n|turn|18\n|inactive|Jakkkkkka has 90 seconds left.\n|\n|-start|p2a: Darmanitan|Dynamax\n|-heal|p2a: Darmanitan|100\/100|[silent]\n|move|p1a: Lunala|Moongeist Beam|p2a: Darmanitan\n|-damage|p2a: Darmanitan|33\/100\n|move|p2a: Darmanitan|Max Hailstorm|p1a: Lunala\n|-damage|p1a: Lunala|0 fnt\n|-weather|Hail\n|faint|p1a: Lunala\n|\n|-weather|Hail|[upkeep]\n|upkeep\n|\n|switch|p1a: Necrozma|Necrozma-Dusk-Mane|100\/100\n|turn|19\n|\n|move|p2a: Darmanitan|Max Quake|p1a: Necrozma\n|-supereffective|p1a: Necrozma\n|-damage|p1a: Necrozma|63\/100\n|-boost|p2a: Darmanitan|spd|1\n|move|p1a: Necrozma|Iron Defense|p1a: Necrozma\n|-boost|p1a: Necrozma|def|2\n|\n|-weather|Hail|[upkeep]\n|-damage|p1a: Necrozma|57\/100|[from] Hail\n|-heal|p1a: Necrozma|63\/100|[from] item: Leftovers\n|upkeep\n|turn|20\n|inactive|Jakkkkkka has 90 seconds left.\n|\n|move|p2a: Darmanitan|Max Quake|p1a: Necrozma\n|-supereffective|p1a: Necrozma\n|-damage|p1a: Necrozma|44\/100\n|-boost|p2a: Darmanitan|spd|1\n|move|p1a: Necrozma|Calm Mind|p1a: Necrozma\n|-boost|p1a: Necrozma|spa|1\n|-boost|p1a: Necrozma|spd|1\n|\n|-weather|Hail|[upkeep]\n|-damage|p1a: Necrozma|38\/100|[from] Hail\n|-heal|p1a: Necrozma|44\/100|[from] item: Leftovers\n|-end|p2a: Darmanitan|Dynamax\n|-heal|p2a: Darmanitan|33\/100|[silent]\n|upkeep\n|turn|21\n|inactive|Jakkkkkka has 90 seconds left.\n|\n|switch|p2a: Lunala|Lunala|100\/100\n|-damage|p2a: Lunala|88\/100|[from] Stealth Rock\n|move|p1a: Necrozma|Morning Sun|p1a: Necrozma\n|-heal|p1a: Necrozma|69\/100\n|\n|-weather|Hail|[upkeep]\n|-damage|p2a: Lunala|82\/100|[from] Hail\n|-damage|p1a: Necrozma|63\/100|[from] Hail\n|-heal|p1a: Necrozma|69\/100|[from] item: Leftovers\n|upkeep\n|turn|22\n|inactive|Jakkkkkka has 90 seconds left.\n|inactive|Jakkkkkka has 60 seconds left.\n|inactive|Jakkkkkka has 30 seconds left.\n|inactive|Jakkkkkka has 20 seconds left.\n|\n|switch|p1a: Snorlax|Snorlax, M|100\/100 slp\n|move|p2a: Lunala|Trick|p1a: Snorlax\n|-activate|p2a: Lunala|move: Trick|[of] p1a: Snorlax\n|-item|p1a: Snorlax|Choice Scarf|[from] move: Trick\n|-item|p2a: Lunala|Leftovers|[from] move: Trick\n|\n|-weather|none\n|-heal|p2a: Lunala|88\/100|[from] item: Leftovers\n|upkeep\n|turn|23\n|inactive|Jakkkkkka has 30 seconds left this turn.\n|\n|switch|p1a: Necrozma|Necrozma-Dusk-Mane|69\/100\n|move|p2a: Lunala|Focus Blast|p1a: Necrozma|[miss]\n|-miss|p2a: Lunala|p1a: Necrozma\n|\n|-heal|p2a: Lunala|94\/100|[from] item: Leftovers\n|-heal|p1a: Necrozma|75\/100|[from] item: Leftovers\n|upkeep\n|turn|24\n|inactive|Jakkkkkka has 30 seconds left.\n|\n|switch|p1a: Snorlax|Snorlax, M|100\/100 slp\n|move|p2a: Lunala|Moongeist Beam|p1a: Snorlax\n|-immune|p1a: Snorlax\n|\n|-heal|p2a: Lunala|99\/100|[from] item: Leftovers\n|upkeep\n|turn|25\n|inactive|Jakkkkkka has 30 seconds left.\n|inactive|Jakkkkkka has 20 seconds left.\n|inactive|Jakkkkkka has 15 seconds left.\n|\n|switch|p2a: Necrozma|Necrozma-Dusk-Mane|100\/100\n|-damage|p2a: Necrozma|94\/100|[from] Stealth Rock\n|cant|p1a: Snorlax|slp\n|\n|-heal|p2a: Necrozma|100\/100|[from] item: Leftovers\n|upkeep\n|turn|26\n|inactive|Jakkkkkka has 25 seconds left this turn.\n|inactive|Jakkkkkka has 20 seconds left.\n|\n|switch|p1a: Necrozma|Necrozma-Dusk-Mane|75\/100\n|move|p2a: Necrozma|Stealth Rock|p1a: Necrozma\n|-sidestart|p1: UFGG Clearque|move: Stealth Rock\n|\n|-heal|p1a: Necrozma|81\/100|[from] item: Leftovers\n|upkeep\n|turn|27\n|inactive|Jakkkkkka has 30 seconds left this turn.\n|\n|switch|p2a: Lunala|Lunala|99\/100\n|-damage|p2a: Lunala|88\/100|[from] Stealth Rock\n|move|p1a: Necrozma|Calm Mind|p1a: Necrozma\n|-boost|p1a: Necrozma|spa|1\n|-boost|p1a: Necrozma|spd|1\n|\n|-heal|p2a: Lunala|94\/100|[from] item: Leftovers\n|-heal|p1a: Necrozma|87\/100|[from] item: Leftovers\n|upkeep\n|turn|28\n|inactive|Jakkkkkka has 30 seconds left.\n|\n|move|p2a: Lunala|Moongeist Beam|p1a: Necrozma\n|-supereffective|p1a: Necrozma\n|-damage|p1a: Necrozma|41\/100\n|move|p1a: Necrozma|Calm Mind|p1a: Necrozma\n|-boost|p1a: Necrozma|spa|1\n|-boost|p1a: Necrozma|spd|1\n|\n|-heal|p2a: Lunala|99\/100|[from] item: Leftovers\n|-heal|p1a: Necrozma|47\/100|[from] item: Leftovers\n|upkeep\n|turn|29\n|inactive|Jakkkkkka has 30 seconds left.\n|\n|move|p2a: Lunala|Focus Blast|p1a: Necrozma\n|-damage|p1a: Necrozma|30\/100\n|move|p1a: Necrozma|Morning Sun|p1a: Necrozma\n|-heal|p1a: Necrozma|80\/100\n|\n|-heal|p2a: Lunala|100\/100|[from] item: Leftovers\n|-heal|p1a: Necrozma|86\/100|[from] item: Leftovers\n|upkeep\n|turn|30\n|inactive|Jakkkkkka has 30 seconds left.\n|\n|move|p2a: Lunala|Moongeist Beam|p1a: Necrozma\n|-supereffective|p1a: Necrozma\n|-crit|p1a: Necrozma\n|-damage|p1a: Necrozma|0 fnt\n|faint|p1a: Necrozma\n|\n|upkeep\n|\n|switch|p1a: Snorlax|Snorlax, M|100\/100 slp\n|-damage|p1a: Snorlax|88\/100 slp|[from] Stealth Rock\n|turn|31\n|\n|move|p2a: Lunala|Focus Blast|p1a: Snorlax|[miss]\n|-miss|p2a: Lunala|p1a: Snorlax\n|cant|p1a: Snorlax|slp\n|\n|upkeep\n|turn|32\n|\n|move|p2a: Lunala|Focus Blast|p1a: Snorlax\n|-supereffective|p1a: Snorlax\n|-damage|p1a: Snorlax|50\/100 slp\n|-curestatus|p1a: Snorlax|slp|[msg]\n|move|p1a: Snorlax|Darkest Lariat|p2a: Lunala\n|-supereffective|p2a: Lunala\n|-damage|p2a: Lunala|62\/100\n|\n|-heal|p2a: Lunala|68\/100|[from] item: Leftovers\n|upkeep\n|turn|33\n|\n|move|p2a: Lunala|Psychic|p1a: Snorlax\n|-damage|p1a: Snorlax|29\/100\n|move|p1a: Snorlax|Darkest Lariat|p2a: Lunala\n|-supereffective|p2a: Lunala\n|-damage|p2a: Lunala|0 fnt\n|faint|p2a: Lunala\n|\n|upkeep\n|\n|switch|p2a: Necrozma|Necrozma-Dusk-Mane|100\/100\n|-damage|p2a: Necrozma|94\/100|[from] Stealth Rock\n|turn|34\n|\n|move|p2a: Necrozma|Sunsteel Strike|p1a: Snorlax\n|-damage|p1a: Snorlax|0 fnt\n|faint|p1a: Snorlax\n|\n|win|Jakkkkkka\n","uploadtime":1587675975,"views":4,"p1id":"ufggclearque","p2id":"jakkkkkka","formatid":"gen8ubers","rating":0,"private":0,"password":null}