{"id":"gen8nationaldexag-1146241063","p1":"Blue chen","p2":"chichi going boii","format":"gen8nationaldexag","log":"|j|\u2606Blue chen\n|j|\u2606chichi going boii\n|player|p1|Blue chen|karen|1662\n|player|p2|chichi going boii|furisodegirl-black|1495\n|teamsize|p1|6\n|teamsize|p2|6\n|gametype|singles\n|gen|8\n|tier|[Gen 8] National Dex AG\n|rated|\n|clearpoke\n|poke|p1|Zygarde|\n|poke|p1|Zygarde|\n|poke|p1|Necrozma-Dusk-Mane|\n|poke|p1|Groudon|\n|poke|p1|Eternatus|\n|poke|p1|Yveltal|\n|poke|p2|Smeargle, F|\n|poke|p2|Rayquaza|\n|poke|p2|Yveltal|\n|poke|p2|Ditto|\n|poke|p2|Zacian-Crowned|\n|poke|p2|Kyurem-Black|\n|rule|HP Percentage Mod: HP is shown in percentages\n|rule|Endless Battle Clause: Forcing endless battles is banned\n|teampreview\n|\n|start\n|switch|p1a: Eternatus|Eternatus|100\/100\n|switch|p2a: im not moody :(|Smeargle, F, shiny|100\/100\n|-ability|p1a: Eternatus|Pressure\n|turn|1\n|\n|move|p1a: Eternatus|Substitute|p1a: Eternatus\n|-start|p1a: Eternatus|Substitute\n|-damage|p1a: Eternatus|76\/100\n|move|p2a: im not moody :(|Sticky Web|p1a: Eternatus\n|-sidestart|p1: Blue chen|move: Sticky Web\n|\n|-heal|p1a: Eternatus|82\/100|[from] item: Black Sludge\n|-ability|p2a: im not moody :(|Moody|boost\n|-boost|p2a: im not moody :(|spd|2\n|-unboost|p2a: im not moody :(|spe|1\n|upkeep\n|turn|2\n|\n|move|p1a: Eternatus|Toxic Spikes|p2a: im not moody :(\n|-sidestart|p2: chichi going boii|move: Toxic Spikes\n|move|p2a: im not moody :(|Rapid Spin|p1a: Eternatus\n|-activate|p1a: Eternatus|move: Substitute|[damage]\n|-sideend|p2: chichi going boii|Toxic Spikes|[from] move: Rapid Spin|[of] p2a: im not moody :(\n|-boost|p2a: im not moody :(|spe|1\n|\n|-heal|p1a: Eternatus|88\/100|[from] item: Black Sludge\n|-ability|p2a: im not moody :(|Moody|boost\n|-boost|p2a: im not moody :(|spa|2\n|-unboost|p2a: im not moody :(|atk|1\n|upkeep\n|turn|3\n|\n|move|p1a: Eternatus|Dynamax Cannon|p2a: im not moody :(\n|-damage|p2a: im not moody :(|38\/100\n|move|p2a: im not moody :(|Rapid Spin|p1a: Eternatus\n|-activate|p1a: Eternatus|move: Substitute|[damage]\n|-boost|p2a: im not moody :(|spe|1\n|\n|-heal|p1a: Eternatus|94\/100|[from] item: Black Sludge\n|-ability|p2a: im not moody :(|Moody|boost\n|-boost|p2a: im not moody :(|spa|2\n|-unboost|p2a: im not moody :(|def|1\n|upkeep\n|turn|4\n|\n|move|p2a: im not moody :(|Baton Pass|p2a: im not moody :(\n|\n|switch|p2a: bitenqueue|Yveltal, shiny|100\/100|[from]move: Baton Pass\n|-ability|p2a: bitenqueue|Dark Aura\n|move|p1a: Eternatus|Meteor Beam||[still]\n|-prepare|p1a: Eternatus|Meteor Beam|p2a: bitenqueue\n|-boost|p1a: Eternatus|spa|1\n|\n|-heal|p1a: Eternatus|99\/100|[from] item: Black Sludge\n|upkeep\n|turn|5\n|\n|move|p2a: bitenqueue|Dark Pulse|p1a: Eternatus\n|-end|p1a: Eternatus|Substitute\n|-damage|p2a: bitenqueue|91\/100|[from] item: Life Orb\n|move|p1a: Eternatus|Meteor Beam|p2a: bitenqueue|[from]lockedmove\n|-supereffective|p2a: bitenqueue\n|-damage|p2a: bitenqueue|27\/100\n|\n|-heal|p1a: Eternatus|100\/100|[from] item: Black Sludge\n|upkeep\n|turn|6\n|\n|-start|p2a: bitenqueue|Dynamax\n|-heal|p2a: bitenqueue|27\/100|[silent]\n|move|p2a: bitenqueue|Max Darkness|p1a: Eternatus\n|-damage|p1a: Eternatus|0 fnt\n|-damage|p2a: bitenqueue|23\/100|[from] item: Life Orb\n|faint|p1a: Eternatus\n|\n|upkeep\n|\n|switch|p1a: Yveltal|Yveltal|100\/100\n|-ability|p1a: Yveltal|Dark Aura\n|turn|7\n|\n|-start|p1a: Yveltal|Dynamax\n|-heal|p1a: Yveltal|100\/100|[silent]\n|move|p2a: bitenqueue|Max Airstream|p1a: Yveltal\n|-damage|p1a: Yveltal|0 fnt\n|-boost|p2a: bitenqueue|spe|1\n|-damage|p2a: bitenqueue|18\/100|[from] item: Life Orb\n|faint|p1a: Yveltal\n|\n|upkeep\n|-message|Blue chen forfeited.\n|\n|win|chichi going boii\n|l|\u2606Blue chen\n","uploadtime":1594056192,"views":15,"p1id":"bluechen","p2id":"chichigoingboii","formatid":"gen8nationaldexag","rating":0,"private":0,"password":null}