{"id":"gen8ou-1673040420","p1":"jrmcm10","p2":"machugen","format":"gen8ou","log":"|j|\u2606jrmcm10\n|j|\u2606machugen\n|t:|1664423442\n|gametype|singles\n|player|p1|jrmcm10|medium|1562\n|player|p2|machugen|elesa|1725\n|teamsize|p1|6\n|teamsize|p2|6\n|gen|8\n|tier|[Gen 8] OU\n|rated|\n|rule|Sleep Clause Mod: Limit one foe put to sleep\n|rule|Species Clause: Limit one of each Pok\u00e9mon\n|rule|OHKO Clause: OHKO moves are banned\n|rule|Evasion Items Clause: Evasion items are banned\n|rule|Evasion Moves Clause: Evasion moves are banned\n|rule|Endless Battle Clause: Forcing endless battles is banned\n|rule|HP Percentage Mod: HP is shown in percentages\n|rule|Dynamax Clause: You cannot dynamax\n|clearpoke\n|poke|p1|Nidoking, M|\n|poke|p1|Swampert, F|\n|poke|p1|Mandibuzz, F|\n|poke|p1|Dragapult, M|\n|poke|p1|Aegislash, M|\n|poke|p1|Tangrowth, F|\n|poke|p2|Nihilego|\n|poke|p2|Kartana|\n|poke|p2|Slowbro, F|\n|poke|p2|Tornadus-Therian, M|\n|poke|p2|Landorus-Therian, M|\n|poke|p2|Magnezone|\n|teampreview\n|inactive|Battle timer is ON: inactive players will automatically lose when time's up. (requested by jrmcm10)\n|\n|t:|1664423458\n|start\n|switch|p1a: Swampert|Swampert, F|100\/100\n|switch|p2a: Tornadus|Tornadus-Therian, M|100\/100\n|turn|1\n|\n|t:|1664423461\n|move|p2a: Tornadus|Knock Off|p1a: Swampert\n|-damage|p1a: Swampert|81\/100\n|-enditem|p1a: Swampert|Leftovers|[from] move: Knock Off|[of] p2a: Tornadus\n|move|p1a: Swampert|Yawn|p2a: Tornadus\n|-start|p2a: Tornadus|move: Yawn|[of] p1a: Swampert\n|\n|upkeep\n|turn|2\n|\n|t:|1664423463\n|move|p2a: Tornadus|U-turn|p1a: Swampert\n|-damage|p1a: Swampert|68\/100\n|\n|t:|1664423466\n|switch|p2a: Kartana|Kartana|100\/100|[from]move: U-turn\n|move|p1a: Swampert|Yawn|p2a: Kartana\n|-start|p2a: Kartana|move: Yawn|[of] p1a: Swampert\n|\n|upkeep\n|turn|3\n|\n|t:|1664423470\n|switch|p2a: Slowbro|Slowbro, F|100\/100\n|switch|p1a: Tangrowth|Tangrowth, F|100\/100\n|\n|upkeep\n|turn|4\n|\n|t:|1664423476\n|move|p1a: Tangrowth|Knock Off|p2a: Slowbro\n|-supereffective|p2a: Slowbro\n|-enditem|p2a: Slowbro|Colbur Berry|[eat]\n|-enditem|p2a: Slowbro|Colbur Berry|[weaken]\n|-damage|p2a: Slowbro|88\/100\n|move|p2a: Slowbro|Teleport|p2a: Slowbro\n|\n|t:|1664423479\n|switch|p2a: Nihilego|Nihilego|100\/100|[from]move: Teleport\n|\n|upkeep\n|turn|5\n|\n|t:|1664423483\n|switch|p1a: Aegislash|Aegislash, M|100\/100\n|move|p2a: Nihilego|Stealth Rock|p1a: Aegislash\n|-sidestart|p1: jrmcm10|move: Stealth Rock\n|\n|upkeep\n|turn|6\n|\n|t:|1664423487\n|switch|p2a: Landorus|Landorus-Therian, M|100\/100\n|-ability|p2a: Landorus|Intimidate|boost\n|-unboost|p1a: Aegislash|atk|1\n|-formechange|p1a: Aegislash|Aegislash-Blade||[from] ability: Stance Change\n|move|p1a: Aegislash|Shadow Ball|p2a: Landorus\n|-damage|p2a: Landorus|72\/100\n|\n|-heal|p2a: Landorus|78\/100|[from] item: Leftovers\n|upkeep\n|turn|7\n|\n|t:|1664423493\n|switch|p1a: Tangrowth|Tangrowth, F|100\/100\n|-damage|p1a: Tangrowth|88\/100|[from] Stealth Rock\n|move|p2a: Landorus|Toxic|p1a: Tangrowth\n|-status|p1a: Tangrowth|tox\n|\n|-heal|p2a: Landorus|84\/100|[from] item: Leftovers\n|-damage|p1a: Tangrowth|82\/100 tox|[from] psn\n|upkeep\n|turn|8\n|\n|t:|1664423498\n|switch|p2a: Slowbro|Slowbro, F|100\/100\n|move|p1a: Tangrowth|Knock Off|p2a: Slowbro\n|-supereffective|p2a: Slowbro\n|-damage|p2a: Slowbro|85\/100\n|\n|-damage|p1a: Tangrowth|70\/100 tox|[from] psn\n|upkeep\n|turn|9\n|\n|t:|1664423503\n|switch|p2a: Tornadus|Tornadus-Therian, M|100\/100\n|move|p1a: Tangrowth|Toxic|p2a: Tornadus\n|-status|p2a: Tornadus|tox\n|\n|-damage|p2a: Tornadus|94\/100 tox|[from] psn\n|-damage|p1a: Tangrowth|51\/100 tox|[from] psn\n|upkeep\n|turn|10\n|\n|t:|1664423512\n|switch|p1a: Swampert|Swampert, F|68\/100\n|-damage|p1a: Swampert|62\/100|[from] Stealth Rock\n|move|p2a: Tornadus|U-turn|p1a: Swampert\n|-damage|p1a: Swampert|49\/100\n|\n|t:|1664423519\n|switch|p2a: Kartana|Kartana|100\/100|[from]move: U-turn\n|\n|upkeep\n|turn|11\n|\n|t:|1664423521\n|switch|p1a: Mandibuzz|Mandibuzz, F|100\/100\n|move|p2a: Kartana|Knock Off|p1a: Mandibuzz\n|-resisted|p1a: Mandibuzz\n|-damage|p1a: Mandibuzz|83\/100\n|-enditem|p1a: Mandibuzz|Heavy-Duty Boots|[from] move: Knock Off|[of] p2a: Kartana\n|\n|upkeep\n|turn|12\n|\n|t:|1664423525\n|switch|p2a: Nihilego|Nihilego|100\/100\n|move|p1a: Mandibuzz|Defog|p2a: Nihilego\n|-unboost|p2a: Nihilego|evasion|1\n|-sideend|p1: jrmcm10|Stealth Rock|[from] move: Defog|[of] p1a: Mandibuzz\n|\n|upkeep\n|turn|13\n|\n|t:|1664423527\n|switch|p1a: Aegislash|Aegislash, M|100\/100\n|move|p2a: Nihilego|Stealth Rock|p1a: Aegislash\n|-sidestart|p1: jrmcm10|move: Stealth Rock\n|\n|upkeep\n|turn|14\n|\n|t:|1664423530\n|switch|p2a: Tornadus|Tornadus-Therian, M|100\/100 tox\n|-formechange|p1a: Aegislash|Aegislash-Blade||[from] ability: Stance Change\n|move|p1a: Aegislash|Shadow Ball|p2a: Tornadus\n|-damage|p2a: Tornadus|77\/100 tox\n|\n|-damage|p2a: Tornadus|71\/100 tox|[from] psn\n|upkeep\n|turn|15\n|\n|t:|1664423534\n|-formechange|p1a: Aegislash|Aegislash||[from] ability: Stance Change\n|move|p1a: Aegislash|King's Shield|p1a: Aegislash\n|-singleturn|p1a: Aegislash|Protect\n|move|p2a: Tornadus|U-turn|p1a: Aegislash\n|-activate|p1a: Aegislash|move: Protect\n|-unboost|p2a: Tornadus|atk|1\n|\n|-damage|p2a: Tornadus|59\/100 tox|[from] psn\n|upkeep\n|turn|16\n|\n|t:|1664423540\n|move|p2a: Tornadus|Knock Off|p1a: Aegislash\n|-supereffective|p1a: Aegislash\n|-damage|p1a: Aegislash|78\/100\n|-enditem|p1a: Aegislash|Leftovers|[from] move: Knock Off|[of] p2a: Tornadus\n|-formechange|p1a: Aegislash|Aegislash-Blade||[from] ability: Stance Change\n|move|p1a: Aegislash|Shadow Ball|p2a: Tornadus\n|-damage|p2a: Tornadus|33\/100 tox\n|-unboost|p2a: Tornadus|spd|1\n|\n|-damage|p2a: Tornadus|15\/100 tox|[from] psn\n|upkeep\n|turn|17\n|\n|t:|1664423545\n|switch|p2a: Landorus|Landorus-Therian, M|84\/100\n|-ability|p2a: Landorus|Intimidate|boost\n|-unboost|p1a: Aegislash|atk|1\n|move|p1a: Aegislash|Shadow Sneak|p2a: Landorus\n|-damage|p2a: Landorus|72\/100\n|\n|-heal|p2a: Landorus|78\/100|[from] item: Leftovers\n|upkeep\n|turn|18\n|\n|t:|1664423548\n|switch|p1a: Tangrowth|Tangrowth, F|84\/100 tox\n|-damage|p1a: Tangrowth|72\/100 tox|[from] Stealth Rock\n|move|p2a: Landorus|Earthquake|p1a: Tangrowth\n|-resisted|p1a: Tangrowth\n|-damage|p1a: Tangrowth|59\/100 tox\n|\n|-heal|p2a: Landorus|84\/100|[from] item: Leftovers\n|-damage|p1a: Tangrowth|53\/100 tox|[from] psn\n|upkeep\n|turn|19\n|\n|t:|1664423556\n|switch|p2a: Slowbro|Slowbro, F|100\/100\n|move|p1a: Tangrowth|Giga Drain|p2a: Slowbro\n|-supereffective|p2a: Slowbro\n|-damage|p2a: Slowbro|47\/100\n|-heal|p1a: Tangrowth|79\/100 tox|[from] drain|[of] p2a: Slowbro\n|\n|-damage|p1a: Tangrowth|67\/100 tox|[from] psn\n|upkeep\n|turn|20\n|\n|t:|1664423559\n|move|p1a: Tangrowth|Toxic|p2a: Slowbro\n|-status|p2a: Slowbro|tox\n|move|p2a: Slowbro|Teleport|p2a: Slowbro\n|\n|t:|1664423566\n|switch|p2a: Tornadus|Tornadus-Therian, M|48\/100 tox|[from]move: Teleport\n|\n|-damage|p2a: Tornadus|42\/100 tox|[from] psn\n|-damage|p1a: Tangrowth|48\/100 tox|[from] psn\n|upkeep\n|turn|21\n|\n|t:|1664423574\n|switch|p1a: Aegislash|Aegislash, M|78\/100\n|-damage|p1a: Aegislash|71\/100|[from] Stealth Rock\n|move|p2a: Tornadus|U-turn|p1a: Aegislash\n|-resisted|p1a: Aegislash\n|-damage|p1a: Aegislash|69\/100\n|\n|t:|1664423578\n|switch|p2a: Landorus|Landorus-Therian, M|84\/100|[from]move: U-turn\n|-ability|p2a: Landorus|Intimidate|boost\n|-unboost|p1a: Aegislash|atk|1\n|\n|-heal|p2a: Landorus|91\/100|[from] item: Leftovers\n|upkeep\n|turn|22\n|\n|t:|1664423582\n|move|p1a: Aegislash|King's Shield|p1a: Aegislash\n|-singleturn|p1a: Aegislash|Protect\n|move|p2a: Landorus|Earthquake|p1a: Aegislash\n|-activate|p1a: Aegislash|move: Protect\n|\n|-heal|p2a: Landorus|97\/100|[from] item: Leftovers\n|upkeep\n|turn|23\n|\n|t:|1664423587\n|switch|p1a: Mandibuzz|Mandibuzz, F|83\/100\n|-damage|p1a: Mandibuzz|58\/100|[from] Stealth Rock\n|move|p2a: Landorus|U-turn|p1a: Mandibuzz\n|-damage|p1a: Mandibuzz|45\/100\n|\n|t:|1664423589\n|switch|p2a: Nihilego|Nihilego|100\/100|[from]move: U-turn\n|\n|upkeep\n|turn|24\n|\n|t:|1664423605\n|switch|p1a: Nidoking|Nidoking, M|100\/100\n|-damage|p1a: Nidoking|95\/100|[from] Stealth Rock\n|move|p2a: Nihilego|Power Gem|p1a: Nidoking\n|-resisted|p1a: Nidoking\n|-damage|p1a: Nidoking|68\/100\n|\n|upkeep\n|turn|25\n|\n|t:|1664423612\n|switch|p2a: Tornadus|Tornadus-Therian, M|76\/100 tox\n|move|p1a: Nidoking|Ice Beam|p2a: Tornadus\n|-supereffective|p2a: Tornadus\n|-damage|p2a: Tornadus|30\/100 tox\n|\n|-damage|p2a: Tornadus|24\/100 tox|[from] psn\n|upkeep\n|turn|26\n|\n|t:|1664423630\n|move|p2a: Tornadus|U-turn|p1a: Nidoking\n|-resisted|p1a: Nidoking\n|-damage|p1a: Nidoking|58\/100\n|\n|t:|1664423632\n|switch|p2a: Slowbro|Slowbro, F|80\/100 tox|[from]move: U-turn\n|move|p1a: Nidoking|Ice Beam|p2a: Slowbro\n|-resisted|p2a: Slowbro\n|-damage|p2a: Slowbro|60\/100 tox\n|\n|-damage|p2a: Slowbro|54\/100 tox|[from] psn\n|upkeep\n|turn|27\n|\n|t:|1664423636\n|move|p1a: Nidoking|Sludge Wave|p2a: Slowbro\n|-damage|p2a: Slowbro|0 fnt\n|faint|p2a: Slowbro\n|\n|upkeep\n|j| 2e2e2e2\n|\n|t:|1664423645\n|switch|p2a: Kartana|Kartana|100\/100\n|turn|28\n|\n|t:|1664423649\n|switch|p1a: Tangrowth|Tangrowth, F|81\/100 tox\n|-damage|p1a: Tangrowth|69\/100 tox|[from] Stealth Rock\n|move|p2a: Kartana|Smart Strike|p1a: Tangrowth\n|-damage|p1a: Tangrowth|31\/100 tox\n|-damage|p2a: Kartana|84\/100|[from] item: Rocky Helmet|[of] p1a: Tangrowth\n|\n|-damage|p1a: Tangrowth|25\/100 tox|[from] psn\n|upkeep\n|turn|29\n|l| 2e2e2e2\n|\n|t:|1664423662\n|switch|p1a: Aegislash|Aegislash, M|69\/100\n|-damage|p1a: Aegislash|63\/100|[from] Stealth Rock\n|move|p2a: Kartana|Smart Strike|p1a: Aegislash\n|-resisted|p1a: Aegislash\n|-damage|p1a: Aegislash|34\/100\n|\n|upkeep\n|turn|30\n|\n|t:|1664423669\n|switch|p2a: Tornadus|Tornadus-Therian, M|57\/100 tox\n|-formechange|p1a: Aegislash|Aegislash-Blade||[from] ability: Stance Change\n|move|p1a: Aegislash|Shadow Ball|p2a: Tornadus\n|-damage|p2a: Tornadus|33\/100 tox\n|\n|-damage|p2a: Tornadus|27\/100 tox|[from] psn\n|upkeep\n|turn|31\n|\n|t:|1664423673\n|switch|p2a: Landorus|Landorus-Therian, M|97\/100\n|-ability|p2a: Landorus|Intimidate|boost\n|-unboost|p1a: Aegislash|atk|1\n|-formechange|p1a: Aegislash|Aegislash||[from] ability: Stance Change\n|move|p1a: Aegislash|King's Shield||[still]\n|-fail|p1a: Aegislash\n|\n|-heal|p2a: Landorus|100\/100|[from] item: Leftovers\n|upkeep\n|turn|32\n|\n|t:|1664423680\n|switch|p1a: Mandibuzz|Mandibuzz, F|45\/100\n|-damage|p1a: Mandibuzz|21\/100|[from] Stealth Rock\n|move|p2a: Landorus|U-turn|p1a: Mandibuzz\n|-damage|p1a: Mandibuzz|8\/100\n|\n|t:|1664423690\n|switch|p2a: Tornadus|Tornadus-Therian, M|60\/100 tox|[from]move: U-turn\n|\n|-damage|p2a: Tornadus|54\/100 tox|[from] psn\n|upkeep\n|turn|33\n|\n|t:|1664423697\n|switch|p1a: Tangrowth|Tangrowth, F|58\/100 tox\n|-damage|p1a: Tangrowth|45\/100 tox|[from] Stealth Rock\n|move|p2a: Tornadus|U-turn|p1a: Tangrowth\n|-supereffective|p1a: Tangrowth\n|-damage|p1a: Tangrowth|31\/100 tox\n|-damage|p2a: Tornadus|37\/100 tox|[from] item: Rocky Helmet|[of] p1a: Tangrowth\n|\n|t:|1664423705\n|switch|p2a: Kartana|Kartana|84\/100|[from]move: U-turn\n|\n|-damage|p1a: Tangrowth|25\/100 tox|[from] psn\n|upkeep\n|turn|34\n|\n|t:|1664423714\n|move|p2a: Kartana|Knock Off|p1a: Tangrowth\n|-damage|p1a: Tangrowth|0 fnt\n|-damage|p2a: Kartana|67\/100|[from] item: Rocky Helmet|[of] p1a: Tangrowth\n|-enditem|p1a: Tangrowth|Rocky Helmet|[from] move: Knock Off|[of] p2a: Kartana\n|faint|p1a: Tangrowth\n|-ability|p2a: Kartana|Beast Boost|boost\n|-boost|p2a: Kartana|atk|1\n|\n|upkeep\n|\n|t:|1664423716\n|switch|p1a: Dragapult|Dragapult, M|100\/100\n|-damage|p1a: Dragapult|88\/100|[from] Stealth Rock\n|turn|35\n|\n|t:|1664423722\n|switch|p2a: Magnezone|Magnezone|100\/100\n|move|p1a: Dragapult|Shadow Ball|p2a: Magnezone\n|-damage|p2a: Magnezone|40\/100\n|\n|-heal|p2a: Magnezone|46\/100|[from] item: Leftovers\n|upkeep\n|turn|36\n|\n|t:|1664423725\n|move|p1a: Dragapult|Shadow Ball|p2a: Magnezone\n|-damage|p2a: Magnezone|0 fnt\n|faint|p2a: Magnezone\n|\n|upkeep\n|\n|t:|1664423732\n|switch|p2a: Tornadus|Tornadus-Therian, M|71\/100 tox\n|turn|37\n|\n|t:|1664423736\n|move|p1a: Dragapult|Shadow Ball|p2a: Tornadus\n|-damage|p2a: Tornadus|40\/100 tox\n|move|p2a: Tornadus|U-turn|p1a: Dragapult\n|-resisted|p1a: Dragapult\n|-damage|p1a: Dragapult|77\/100\n|\n|t:|1664423738\n|switch|p2a: Landorus|Landorus-Therian, M|100\/100|[from]move: U-turn\n|-ability|p2a: Landorus|Intimidate|boost\n|-unboost|p1a: Dragapult|atk|1\n|\n|upkeep\n|turn|38\n|\n|t:|1664423745\n|switch|p1a: Mandibuzz|Mandibuzz, F|8\/100\n|-damage|p1a: Mandibuzz|0 fnt|[from] Stealth Rock\n|faint|p1a: Mandibuzz\n|move|p2a: Landorus|Earthquake|p1: Mandibuzz|[notarget]\n|-fail|p2a: Landorus\n|\n|upkeep\n|\n|t:|1664423749\n|switch|p1a: Swampert|Swampert, F|49\/100\n|-damage|p1a: Swampert|43\/100|[from] Stealth Rock\n|turn|39\n|\n|t:|1664423754\n|move|p2a: Landorus|Earthquake|p1a: Swampert\n|-damage|p1a: Swampert|0 fnt\n|faint|p1a: Swampert\n|\n|upkeep\n|\n|t:|1664423758\n|switch|p1a: Dragapult|Dragapult, M|77\/100\n|-damage|p1a: Dragapult|65\/100|[from] Stealth Rock\n|turn|40\n|\n|t:|1664423760\n|move|p1a: Dragapult|Draco Meteor|p2a: Landorus\n|-damage|p2a: Landorus|38\/100\n|-unboost|p1a: Dragapult|spa|2\n|move|p2a: Landorus|Earthquake|p1a: Dragapult\n|-damage|p1a: Dragapult|6\/100\n|\n|-heal|p2a: Landorus|44\/100|[from] item: Leftovers\n|upkeep\n|turn|41\n|\n|t:|1664423766\n|switch|p1a: Aegislash|Aegislash, M|34\/100\n|-damage|p1a: Aegislash|28\/100|[from] Stealth Rock\n|switch|p2a: Tornadus|Tornadus-Therian, M|73\/100 tox\n|\n|-damage|p2a: Tornadus|67\/100 tox|[from] psn\n|upkeep\n|turn|42\n|\n|t:|1664423771\n|switch|p1a: Nidoking|Nidoking, M|58\/100\n|-damage|p1a: Nidoking|52\/100|[from] Stealth Rock\n|move|p2a: Tornadus|Heat Wave|p1a: Nidoking\n|-damage|p1a: Nidoking|16\/100\n|\n|-damage|p2a: Tornadus|55\/100 tox|[from] psn\n|upkeep\n|turn|43\n|\n|t:|1664423776\n|move|p2a: Tornadus|Knock Off|p1a: Nidoking\n|-damage|p1a: Nidoking|0 fnt\n|-enditem|p1a: Nidoking|Life Orb|[from] move: Knock Off|[of] p2a: Tornadus\n|faint|p1a: Nidoking\n|\n|-damage|p2a: Tornadus|37\/100 tox|[from] psn\n|upkeep\n|\n|t:|1664423778\n|switch|p1a: Dragapult|Dragapult, M|6\/100\n|-damage|p1a: Dragapult|0 fnt|[from] Stealth Rock\n|faint|p1a: Dragapult\n|\n|t:|1664423781\n|switch|p1a: Aegislash|Aegislash, M|28\/100\n|-damage|p1a: Aegislash|21\/100|[from] Stealth Rock\n|turn|44\n|\n|t:|1664423784\n|switch|p2a: Landorus|Landorus-Therian, M|44\/100\n|-ability|p2a: Landorus|Intimidate|boost\n|-unboost|p1a: Aegislash|atk|1\n|-formechange|p1a: Aegislash|Aegislash-Blade||[from] ability: Stance Change\n|move|p1a: Aegislash|Shadow Sneak|p2a: Landorus\n|-damage|p2a: Landorus|32\/100\n|\n|-heal|p2a: Landorus|38\/100|[from] item: Leftovers\n|upkeep\n|turn|45\n|\n|t:|1664423788\n|move|p1a: Aegislash|Shadow Sneak|p2a: Landorus\n|-damage|p2a: Landorus|26\/100\n|move|p2a: Landorus|Earthquake|p1a: Aegislash\n|-supereffective|p1a: Aegislash\n|-damage|p1a: Aegislash|0 fnt\n|faint|p1a: Aegislash\n|\n|win|machugen\n|raw|jrmcm10's rating: 1562 &rarr; <strong>1550<\/strong><br \/>(-12 for losing)\n|raw|machugen's rating: 1705 &rarr; <strong>1717<\/strong><br \/>(+12 for winning)\n|l|\u2606jrmcm10\n||Ladder isn't responding, score probably updated but might not have (Request timeout).\n","uploadtime":1664423797,"views":17,"p1id":"jrmcm10","p2id":"machugen","formatid":"gen8ou","rating":1550,"private":0,"password":null}