{"id":"gen8randombattle-1686896129","p1":"Legendaryspam69","p2":"Darkman64","format":"gen8randombattle","log":"|j|\u2606Legendaryspam69\n|j|\u2606Darkman64\n|t:|1665895389\n|gametype|singles\n|player|p1|Legendaryspam69|galacticgrunt|1562\n|player|p2|Darkman64|juan|1544\n|teamsize|p1|6\n|teamsize|p2|6\n|gen|8\n|tier|[Gen 8] Random Battle\n|rated|\n|rule|Species Clause: Limit one of each Pok\u00e9mon\n|rule|HP Percentage Mod: HP is shown in percentages\n|rule|Sleep Clause Mod: Limit one foe put to sleep\n|\n|t:|1665895389\n|start\n|switch|p1a: Lickilicky|Lickilicky, L86, M|329\/329\n|switch|p2a: Relicanth|Relicanth, L86, M|312\/312\n|turn|1\n|\n|t:|1665895400\n|move|p2a: Relicanth|Yawn|p1a: Lickilicky\n|-start|p1a: Lickilicky|move: Yawn|[of] p2a: Relicanth\n|move|p1a: Lickilicky|Swords Dance|p1a: Lickilicky\n|-boost|p1a: Lickilicky|atk|2\n|\n|upkeep\n|turn|2\n|inactive|Battle timer is ON: inactive players will automatically lose when time's up. (requested by Legendaryspam69)\n|\n|t:|1665895423\n|move|p2a: Relicanth|Body Press|p1a: Lickilicky\n|-supereffective|p1a: Lickilicky\n|-damage|p1a: Lickilicky|197\/329\n|move|p1a: Lickilicky|Knock Off|p2a: Relicanth\n|-damage|p2a: Relicanth|226\/312\n|-enditem|p2a: Relicanth|Leftovers|[from] move: Knock Off|[of] p1a: Lickilicky\n|\n|-heal|p1a: Lickilicky|217\/329|[from] item: Leftovers\n|-end|p1a: Lickilicky|move: Yawn|[silent]\n|-status|p1a: Lickilicky|slp\n|upkeep\n|turn|3\n|\n|t:|1665895443\n|switch|p1a: Naganadel|Naganadel, L74|230\/230\n|move|p2a: Relicanth|Body Press|p1a: Naganadel\n|-resisted|p1a: Naganadel\n|-damage|p1a: Naganadel|185\/230\n|\n|upkeep\n|turn|4\n|inactive|Darkman64 has 120 seconds left.\n|inactive|Darkman64 has 90 seconds left.\n|\n|t:|1665895516\n|switch|p1a: Kartana|Kartana, L74|209\/209\n|move|p2a: Relicanth|Liquidation|p1a: Kartana\n|-resisted|p1a: Kartana\n|-damage|p1a: Kartana|173\/209\n|-unboost|p1a: Kartana|def|1\n|\n|upkeep\n|turn|5\n|\n|t:|1665895524\n|switch|p2a: Dragonite|Dragonite, L75, F|260\/260\n|move|p1a: Kartana|Leaf Blade|p2a: Dragonite\n|-resisted|p2a: Dragonite\n|-damage|p2a: Dragonite|238\/260\n|\n|upkeep\n|turn|6\n|inactive|Darkman64 has 90 seconds left.\n|\n|t:|1665895551\n|switch|p1a: Ribombee|Ribombee, L82, M|233\/233\n|move|p2a: Dragonite|Dragon Dance|p2a: Dragonite\n|-boost|p2a: Dragonite|atk|1\n|-boost|p2a: Dragonite|spe|1\n|\n|upkeep\n|turn|7\n|inactive|Darkman64 has 90 seconds left.\n|\n|t:|1665895557\n|move|p1a: Ribombee|Moonblast|p2a: Dragonite\n|-supereffective|p2a: Dragonite\n|-damage|p2a: Dragonite|58\/260\n|-unboost|p2a: Dragonite|spa|1\n|move|p2a: Dragonite|Dual Wingbeat|p1a: Ribombee\n|-supereffective|p1a: Ribombee\n|-damage|p1a: Ribombee|65\/233\n|-supereffective|p1a: Ribombee\n|-damage|p1a: Ribombee|0 fnt\n|faint|p1a: Ribombee\n|-hitcount|p1: Ribombee|2\n|\n|upkeep\n|\n|t:|1665895568\n|switch|p1a: Kartana|Kartana, L74|173\/209\n|turn|8\n|\n|t:|1665895577\n|switch|p2a: Cresselia|Cresselia, L80, F|323\/323\n|move|p1a: Kartana|Smart Strike|p2a: Cresselia\n|-damage|p2a: Cresselia|208\/323\n|\n|-heal|p2a: Cresselia|228\/323|[from] item: Leftovers\n|upkeep\n|turn|9\n|\n|t:|1665895587\n|switch|p1a: Lickilicky|Lickilicky, L86, M|217\/329 slp\n|move|p2a: Cresselia|Moonblast|p1a: Lickilicky\n|-damage|p1a: Lickilicky|173\/329 slp\n|\n|-heal|p2a: Cresselia|248\/323|[from] item: Leftovers\n|-heal|p1a: Lickilicky|193\/329 slp|[from] item: Leftovers\n|upkeep\n|turn|10\n|\n|t:|1665895597\n|switch|p2a: Gallade|Gallade, L82, M|246\/246\n|cant|p1a: Lickilicky|slp\n|\n|-heal|p1a: Lickilicky|213\/329 slp|[from] item: Leftovers\n|upkeep\n|turn|11\n|\n|t:|1665895604\n|switch|p1a: Naganadel|Naganadel, L74|185\/230\n|move|p2a: Gallade|Swords Dance|p2a: Gallade\n|-boost|p2a: Gallade|atk|2\n|\n|upkeep\n|turn|12\n|\n|t:|1665895611\n|move|p1a: Naganadel|Draco Meteor|p2a: Gallade\n|-damage|p2a: Gallade|113\/246\n|-unboost|p1a: Naganadel|spa|2\n|-damage|p1a: Naganadel|162\/230|[from] item: Life Orb\n|move|p2a: Gallade|Zen Headbutt|p1a: Naganadel\n|-supereffective|p1a: Naganadel\n|-damage|p1a: Naganadel|0 fnt\n|faint|p1a: Naganadel\n|-damage|p2a: Gallade|89\/246|[from] item: Life Orb\n|\n|upkeep\n|\n|t:|1665895618\n|switch|p1a: Kartana|Kartana, L74|173\/209\n|turn|13\n|\n|t:|1665895630\n|switch|p2a: Cresselia|Cresselia, L80, F|248\/323\n|-start|p1a: Kartana|Dynamax|\n|-heal|p1a: Kartana|346\/418|[silent]\n|move|p1a: Kartana|Max Steelspike|p2a: Cresselia\n|-damage|p2a: Cresselia|119\/323\n|-boost|p1a: Kartana|def|1\n|\n|-heal|p2a: Cresselia|139\/323|[from] item: Leftovers\n|upkeep\n|turn|14\n|\n|t:|1665895637\n|move|p1a: Kartana|Max Steelspike|p2a: Cresselia\n|-damage|p2a: Cresselia|3\/323\n|-boost|p1a: Kartana|def|1\n|move|p2a: Cresselia|Moonlight|p2a: Cresselia\n|-heal|p2a: Cresselia|164\/323\n|\n|-heal|p2a: Cresselia|184\/323|[from] item: Leftovers\n|upkeep\n|turn|15\n|\n|t:|1665895645\n|move|p1a: Kartana|Max Overgrowth|p2a: Cresselia\n|-damage|p2a: Cresselia|43\/323\n|-fieldstart|move: Grassy Terrain\n|move|p2a: Cresselia|Moonlight|p2a: Cresselia\n|-heal|p2a: Cresselia|204\/323\n|\n|-heal|p1a: Kartana|359\/418|[from] Grassy Terrain\n|-heal|p2a: Cresselia|224\/323|[from] item: Leftovers\n|upkeep\n|-end|p1a: Kartana|Dynamax\n|-heal|p1a: Kartana|180\/209|[silent]\n|turn|16\n|\n|t:|1665895660\n|move|p1a: Kartana|Knock Off|p2a: Cresselia\n|-supereffective|p2a: Cresselia\n|-damage|p2a: Cresselia|8\/323\n|-enditem|p2a: Cresselia|Leftovers|[from] move: Knock Off|[of] p1a: Kartana\n|move|p2a: Cresselia|Moonlight|p2a: Cresselia\n|-heal|p2a: Cresselia|169\/323\n|\n|-heal|p1a: Kartana|193\/209|[from] Grassy Terrain\n|upkeep\n|turn|17\n|\n|t:|1665895665\n|switch|p2a: Grapploct|Grapploct, L86, F|278\/278\n|move|p1a: Kartana|Knock Off|p2a: Grapploct\n|-resisted|p2a: Grapploct\n|-damage|p2a: Grapploct|215\/278\n|-enditem|p2a: Grapploct|Life Orb|[from] move: Knock Off|[of] p1a: Kartana\n|\n|-heal|p1a: Kartana|206\/209|[from] Grassy Terrain\n|-heal|p2a: Grapploct|232\/278|[from] Grassy Terrain\n|upkeep\n|turn|18\n|\n|t:|1665895670\n|switch|p1a: Lickilicky|Lickilicky, L86, M|213\/329 slp\n|move|p2a: Grapploct|Drain Punch|p1a: Lickilicky\n|-supereffective|p1a: Lickilicky\n|-damage|p1a: Lickilicky|33\/329 slp\n|-heal|p2a: Grapploct|278\/278|[from] drain|[of] p1a: Lickilicky\n|\n|-heal|p1a: Lickilicky|53\/329 slp|[from] Grassy Terrain\n|-heal|p1a: Lickilicky|73\/329 slp|[from] item: Leftovers\n|upkeep\n|turn|19\n|\n|t:|1665895673\n|-curestatus|p1a: Lickilicky|slp|[msg]\n|move|p1a: Lickilicky|Wish|p1a: Lickilicky\n|move|p2a: Grapploct|Bulk Up|p2a: Grapploct\n|-boost|p2a: Grapploct|atk|1\n|-boost|p2a: Grapploct|def|1\n|\n|-heal|p1a: Lickilicky|93\/329|[from] Grassy Terrain\n|-heal|p1a: Lickilicky|113\/329|[from] item: Leftovers\n|-fieldend|move: Grassy Terrain\n|upkeep\n|turn|20\n|\n|t:|1665895680\n|move|p1a: Lickilicky|Body Slam|p2a: Grapploct\n|-damage|p2a: Grapploct|226\/278\n|move|p2a: Grapploct|Drain Punch|p1a: Lickilicky\n|-supereffective|p1a: Lickilicky\n|-damage|p1a: Lickilicky|0 fnt\n|-heal|p2a: Grapploct|278\/278|[from] drain|[of] p1a: Lickilicky\n|faint|p1a: Lickilicky\n|\n|upkeep\n|\n|t:|1665895687\n|switch|p1a: Kartana|Kartana, L74|206\/209\n|turn|21\n|\n|t:|1665895703\n|move|p1a: Kartana|Leaf Blade|p2a: Grapploct\n|-damage|p2a: Grapploct|160\/278\n|move|p2a: Grapploct|Drain Punch|p1a: Kartana\n|-supereffective|p1a: Kartana\n|-damage|p1a: Kartana|0 fnt\n|-heal|p2a: Grapploct|263\/278|[from] drain|[of] p1a: Kartana\n|faint|p1a: Kartana\n|\n|upkeep\n|\n|t:|1665895710\n|switch|p1a: Sigilyph|Sigilyph, L83, M|255\/255\n|turn|22\n|-message|Legendaryspam69 forfeited.\n|\n|win|Darkman64\n|raw|Legendaryspam69's rating: 1562 &rarr; <strong>1539<\/strong><br \/>(-23 for losing)\n|raw|Darkman64's rating: 1508 &rarr; <strong>1531<\/strong><br \/>(+23 for winning)\n|l|\u2606Legendaryspam69\n","inputlog":">version ef613a9475d6dbd637653866edadf31f5286d49e\n>start {\"formatid\":\"gen8randombattle\",\"seed\":[23772,35262,42244,45435],\"rated\":\"Rated battle\"}\n>player p1 {\"name\":\"Legendaryspam69\",\"avatar\":\"galacticgrunt\",\"rating\":1562,\"seed\":[610,19458,1737,60436]}\n>player p2 {\"name\":\"Darkman64\",\"avatar\":\"juan\",\"rating\":1544,\"seed\":[27839,9153,55631,21161]}\n>p1 move swordsdance\n>p2 move yawn\n>p1 move knockoff\n>p2 move bodypress\n>p1 switch 5\n>p2 move bodypress\n>p1 switch 4\n>p2 move liquidation\n>p1 move leafblade\n>p2 switch 5\n>p1 switch 6\n>p2 move dragondance\n>p1 move moonblast\n>p2 move dualwingbeat\n>p1 switch 6\n>p1 move smartstrike\n>p2 switch 6\n>p1 switch 5\n>p2 move moonblast\n>p1 move wish\n>p2 switch 3\n>p1 switch 4\n>p2 move swordsdance\n>p1 move dracometeor\n>p2 move zenheadbutt\n>p1 switch 5\n>p1 move smartstrike dynamax\n>p2 switch 3\n>p1 move smartstrike dynamax\n>p2 move moonlight\n>p1 move leafblade dynamax\n>p2 move moonlight\n>p1 move knockoff\n>p2 move moonlight\n>p1 move knockoff\n>p2 switch 4\n>p1 switch 4\n>p2 move drainpunch\n>p1 move wish\n>p2 move bulkup\n>p1 move bodyslam\n>p2 move drainpunch\n>p1 switch 4\n>p1 move leafblade\n>p2 move drainpunch\n>p1 switch 3\n>forcelose p1","uploadtime":1665895721,"views":3,"p1id":"legendaryspam69","p2id":"darkman64","formatid":"gen8randombattle","rating":1531,"private":0,"password":null}