{"id":"gen8ou-1680407103","p1":"top 500 mainstay","p2":"RggV_YT","format":"gen8ou","log":"|j|\u2606top 500 mainstay\n|j|\u2606RggV_YT\n|t:|1665187923\n|gametype|singles\n|player|p1|top 500 mainstay|2|1789\n|player|p2|RggV_YT|scientist-gen4|1818\n|teamsize|p1|6\n|teamsize|p2|6\n|gen|8\n|tier|[Gen 8] OU\n|rated|\n|rule|Sleep Clause Mod: Limit one foe put to sleep\n|rule|Species Clause: Limit one of each Pok\u00e9mon\n|rule|OHKO Clause: OHKO moves are banned\n|rule|Evasion Items Clause: Evasion items are banned\n|rule|Evasion Moves Clause: Evasion moves are banned\n|rule|Endless Battle Clause: Forcing endless battles is banned\n|rule|HP Percentage Mod: HP is shown in percentages\n|rule|Dynamax Clause: You cannot dynamax\n|clearpoke\n|poke|p1|Azelf|\n|poke|p1|Blacephalon|\n|poke|p1|Rillaboom, M|\n|poke|p1|Bisharp, F|\n|poke|p1|Hawlucha, M|\n|poke|p1|Garchomp, F|\n|poke|p2|Snorlax, M|\n|poke|p2|Weavile, F|\n|poke|p2|Buzzwole|\n|poke|p2|Tapu Lele|\n|poke|p2|Seismitoad, F|\n|poke|p2|Corviknight, F|\n|teampreview\n|inactive|Battle timer is ON: inactive players will automatically lose when time's up. (requested by RggV_YT)\n|\n|t:|1665187954\n|start\n|switch|p1a: Azelf|Azelf|100\/100\n|switch|p2a: Zoro|Weavile, F|100\/100\n|-ability|p2a: Zoro|Pressure\n|turn|1\n|\n|t:|1665187968\n|move|p2a: Zoro|Swords Dance|p2a: Zoro\n|-boost|p2a: Zoro|atk|2\n|move|p1a: Azelf|Drain Punch|p2a: Zoro\n|-supereffective|p2a: Zoro\n|-damage|p2a: Zoro|0 fnt\n|faint|p2a: Zoro\n|\n|upkeep\n|c|\u2606top 500 mainstay|gg\n|\n|t:|1665187975\n|switch|p2a: Robin|Tapu Lele|100\/100\n|-fieldstart|move: Psychic Terrain|[from] ability: Psychic Surge|[of] p2a: Robin\n|turn|2\n|\n|t:|1665187978\n|move|p2a: Robin|Moonblast|p1a: Azelf\n|-damage|p1a: Azelf|20\/100\n|move|p1a: Azelf|Stealth Rock|p2a: Robin\n|-sidestart|p2: RggV_YT|move: Stealth Rock\n|\n|upkeep\n|turn|3\n|\n|t:|1665187982\n|switch|p1a: Blacephalon|Blacephalon|100\/100\n|move|p2a: Robin|Moonblast|p1a: Blacephalon\n|-resisted|p1a: Blacephalon\n|-crit|p1a: Blacephalon\n|-damage|p1a: Blacephalon|33\/100\n|\n|upkeep\n|turn|4\n|j| Kwaga\n|\n|t:|1665187989\n|move|p1a: Blacephalon|Trick|p2a: Robin\n|-activate|p1a: Blacephalon|move: Trick|[of] p2a: Robin\n|-item|p2a: Robin|Choice Scarf|[from] move: Trick\n|-item|p1a: Blacephalon|Choice Scarf|[from] move: Trick\n|move|p2a: Robin|Moonblast|p1a: Blacephalon\n|-resisted|p1a: Blacephalon\n|-damage|p1a: Blacephalon|0 fnt\n|faint|p1a: Blacephalon\n|\n|upkeep\n|\n|t:|1665187993\n|switch|p1a: Rillaboom|Rillaboom, M|100\/100\n|-fieldstart|move: Grassy Terrain|[from] ability: Grassy Surge|[of] p1a: Rillaboom\n|turn|5\n|c| Kwaga|nice 1 rgg\n|\n|t:|1665187999\n|switch|p2a: Sanji|Corviknight, F|100\/100\n|-damage|p2a: Sanji|88\/100|[from] Stealth Rock\n|-ability|p2a: Sanji|Pressure\n|move|p1a: Rillaboom|Swords Dance|p1a: Rillaboom\n|-boost|p1a: Rillaboom|atk|2\n|\n|upkeep\n|turn|6\n|\n|t:|1665188006\n|move|p1a: Rillaboom|Knock Off|p2a: Sanji\n|-damage|p2a: Sanji|28\/100\n|-damage|p1a: Rillaboom|84\/100|[from] item: Rocky Helmet|[of] p2a: Sanji\n|-enditem|p2a: Sanji|Rocky Helmet|[from] move: Knock Off|[of] p1a: Rillaboom\n|-damage|p1a: Rillaboom|74\/100|[from] item: Life Orb\n|move|p2a: Sanji|Brave Bird|p1a: Rillaboom\n|-supereffective|p1a: Rillaboom\n|-damage|p1a: Rillaboom|0 fnt\n|faint|p1a: Rillaboom\n|-damage|p2a: Sanji|8\/100|[from] Recoil\n|\n|upkeep\n|\n|t:|1665188011\n|switch|p1a: Hawlucha|Hawlucha, M|100\/100\n|-enditem|p1a: Hawlucha|Grassy Seed\n|-boost|p1a: Hawlucha|def|1|[from] item: Grassy Seed\n|turn|7\n|\n|t:|1665188019\n|move|p1a: Hawlucha|Close Combat|p2a: Sanji\n|-damage|p2a: Sanji|0 fnt\n|-unboost|p1a: Hawlucha|def|1\n|-unboost|p1a: Hawlucha|spd|1\n|faint|p2a: Sanji\n|\n|upkeep\n|\n|t:|1665188022\n|switch|p2a: Robin|Tapu Lele|100\/100\n|-damage|p2a: Robin|88\/100|[from] Stealth Rock\n|-fieldstart|move: Psychic Terrain|[from] ability: Psychic Surge|[of] p2a: Robin\n|turn|8\n|\n|t:|1665188025\n|move|p1a: Hawlucha|Acrobatics|p2a: Robin\n|-damage|p2a: Robin|9\/100\n|move|p2a: Robin|Moonblast|p1a: Hawlucha\n|-supereffective|p1a: Hawlucha\n|-damage|p1a: Hawlucha|0 fnt\n|faint|p1a: Hawlucha\n|\n|upkeep\n|\n|t:|1665188038\n|switch|p1a: Garchomp|Garchomp, F|100\/100\n|turn|9\n|\n|t:|1665188042\n|move|p2a: Robin|Moonblast|p1a: Garchomp\n|-supereffective|p1a: Garchomp\n|-damage|p1a: Garchomp|0 fnt\n|faint|p1a: Garchomp\n|\n|upkeep\n|\n|t:|1665188043\n|switch|p1a: Bisharp|Bisharp, F|100\/100\n|turn|10\n|\n|t:|1665188046\n|move|p2a: Robin|Moonblast|p1a: Bisharp\n|-damage|p1a: Bisharp|14\/100\n|move|p1a: Bisharp|Knock Off|p2a: Robin\n|-damage|p2a: Robin|0 fnt\n|-enditem|p2a: Robin|Choice Scarf|[from] move: Knock Off|[of] p1a: Bisharp\n|faint|p2a: Robin\n|\n|upkeep\n|c|\u2606top 500 mainstay|uh oh\n|\n|t:|1665188053\n|switch|p2a: Usopp|Buzzwole|100\/100\n|-damage|p2a: Usopp|88\/100|[from] Stealth Rock\n|turn|11\n|-message|top 500 mainstay forfeited.\n|\n|win|RggV_YT\n|raw|top 500 mainstay's rating: 1789 &rarr; <strong>1771<\/strong><br \/>(-18 for losing)\n|raw|RggV_YT's rating: 1818 &rarr; <strong>1836<\/strong><br \/>(+18 for winning)\n|l|\u2606top 500 mainstay\n|l| Kwaga\n|l|\u2606RggV_YT\n||Ladder isn't responding, score probably updated but might not have (Request timeout).\n|j|\u2606RggV_YT\n|player|p2|RggV_YT|scientist-gen4\n","uploadtime":1665188164,"views":26,"p1id":"top500mainstay","p2id":"rggvyt","formatid":"gen8ou","rating":1771,"private":0,"password":null}