{"id":"gen8ou-1549841092","p1":"OUTW Geomancy","p2":"Skip The Drip","format":"gen8ou","log":"|j|\u2606OUTW Geomancy\n|j|\u2606Skip The Drip\n|t:|1649537244\n|gametype|singles\n|player|p1|OUTW Geomancy|hiker-gen2|1730\n|player|p2|Skip The Drip|ash-sinnoh|1894\n|teamsize|p1|6\n|teamsize|p2|6\n|gen|8\n|tier|[Gen 8] OU\n|rated|\n|rule|Sleep Clause Mod: Limit one foe put to sleep\n|rule|Species Clause: Limit one of each Pok\u00e9mon\n|rule|OHKO Clause: OHKO moves are banned\n|rule|Evasion Moves Clause: Evasion moves are banned\n|rule|Endless Battle Clause: Forcing endless battles is banned\n|rule|HP Percentage Mod: HP is shown in percentages\n|rule|Dynamax Clause: You cannot dynamax\n|clearpoke\n|poke|p1|Tapu Bulu|\n|poke|p1|Rotom-Wash|\n|poke|p1|Heatran, M|\n|poke|p1|Slowking-Galar, M|\n|poke|p1|Landorus-Therian, M|\n|poke|p1|Weavile, M|\n|poke|p2|Incineroar, M|\n|poke|p2|Mew|\n|poke|p2|Slurpuff, M|\n|poke|p2|Tapu Fini|\n|poke|p2|Vanilluxe, M|\n|poke|p2|Corviknight, F|\n|teampreview\n|inactive|Battle timer is ON: inactive players will automatically lose when time's up. (requested by OUTW Geomancy)\n|c|\u2606Skip The Drip|lol\n|c|\u2606Skip The Drip|wtf\n|c|\u2606OUTW Geomancy|I load up 5 games\n|c|\u2606OUTW Geomancy|to climb ladder\n|\n|t:|1649537261\n|start\n|switch|p1a: Weavile|Weavile, M|100\/100\n|switch|p2a: Slurpuff|Slurpuff, M, shiny|100\/100\n|-ability|p1a: Weavile|Pressure\n|turn|1\n|c|\u2606Skip The Drip|brazy\n|c|\u2606Skip The Drip|and bad idea\n|j| A.V.Testing\n|\n|t:|1649537267\n|switch|p2a: Incineroar|Incineroar, M|100\/100\n|-ability|p2a: Incineroar|Intimidate|boost\n|-unboost|p1a: Weavile|atk|1\n|move|p1a: Weavile|Triple Axel|p2a: Incineroar\n|-resisted|p2a: Incineroar\n|-damage|p2a: Incineroar|96\/100\n|-resisted|p2a: Incineroar\n|-damage|p2a: Incineroar|87\/100\n|-resisted|p2a: Incineroar\n|-damage|p2a: Incineroar|72\/100\n|-hitcount|p2a: Incineroar|3\n|\n|upkeep\n|turn|2\n|\n|t:|1649537278\n|switch|p2a: Slurpuff|Slurpuff, M, shiny|100\/100\n|move|p1a: Weavile|Triple Axel|p2a: Slurpuff\n|-damage|p2a: Slurpuff|88\/100\n|-damage|p2a: Slurpuff|61\/100\n|-damage|p2a: Slurpuff|23\/100\n|-hitcount|p2a: Slurpuff|3\n|\n|upkeep\n|turn|3\n|c|\u2606OUTW Geomancy|stupid slurpuff\n|\n|t:|1649537287\n|switch|p2a: Vanilluxe|Vanilluxe, M|100\/100\n|-weather|Hail|[from] ability: Snow Warning|[of] p2a: Vanilluxe\n|move|p1a: Weavile|Triple Axel|p2a: Vanilluxe\n|-resisted|p2a: Vanilluxe\n|-damage|p2a: Vanilluxe|93\/100\n|-resisted|p2a: Vanilluxe\n|-damage|p2a: Vanilluxe|79\/100\n|-resisted|p2a: Vanilluxe\n|-damage|p2a: Vanilluxe|58\/100\n|-hitcount|p2a: Vanilluxe|3\n|\n|-weather|Hail|[upkeep]\n|upkeep\n|turn|4\n|\n|t:|1649537290\n|switch|p1a: Heatran|Heatran, M|100\/100\n|move|p2a: Vanilluxe|Aurora Veil|p2a: Vanilluxe\n|-sidestart|p2: Skip The Drip|move: Aurora Veil\n|\n|-weather|Hail|[upkeep]\n|-damage|p1a: Heatran|94\/100|[from] Hail\n|-heal|p1a: Heatran|100\/100|[from] item: Leftovers\n|upkeep\n|turn|5\n|\n|t:|1649537293\n|move|p2a: Vanilluxe|Taunt|p1a: Heatran\n|-start|p1a: Heatran|move: Taunt\n|cant|p1a: Heatran|move: Taunt|Stealth Rock\n|\n|-weather|Hail|[upkeep]\n|-damage|p1a: Heatran|94\/100|[from] Hail\n|-heal|p1a: Heatran|100\/100|[from] item: Leftovers\n|upkeep\n|turn|6\n|\n|t:|1649537297\n|move|p2a: Vanilluxe|Explosion|p1a: Heatran\n|-resisted|p1a: Heatran\n|-damage|p1a: Heatran|85\/100\n|faint|p2a: Vanilluxe\n|move|p1a: Heatran|Magma Storm|p2: Vanilluxe|[notarget]\n|-fail|p1a: Heatran\n|\n|-weather|Hail|[upkeep]\n|-damage|p1a: Heatran|79\/100|[from] Hail\n|-heal|p1a: Heatran|85\/100|[from] item: Leftovers\n|upkeep\n|\n|t:|1649537299\n|switch|p2a: Slurpuff|Slurpuff, M, shiny|23\/100\n|turn|7\n|\n|t:|1649537301\n|switch|p1a: Landorus|Landorus-Therian, M|100\/100\n|-ability|p1a: Landorus|Intimidate|boost\n|-unboost|p2a: Slurpuff|atk|1\n|move|p2a: Slurpuff|Sticky Web|p1a: Landorus\n|-sidestart|p1: OUTW Geomancy|move: Sticky Web\n|\n|-weather|none\n|upkeep\n|turn|8\n|\n|t:|1649537304\n|move|p2a: Slurpuff|Misty Explosion|p1a: Landorus\n|-damage|p1a: Landorus|55\/100\n|faint|p2a: Slurpuff\n|move|p1a: Landorus|Defog|p2: Slurpuff|[notarget]\n|-fail|p1a: Landorus\n|\n|upkeep\n|\n|t:|1649537309\n|switch|p2a: Incineroar|Incineroar, M|72\/100\n|-ability|p2a: Incineroar|Intimidate|boost\n|-unboost|p1a: Landorus|atk|1\n|turn|9\n|\n|t:|1649537323\n|move|p1a: Landorus|Defog|p2a: Incineroar\n|-unboost|p2a: Incineroar|evasion|1\n|-sideend|p2: Skip The Drip|move: Aurora Veil\n|-sideend|p1: OUTW Geomancy|Sticky Web|[from] move: Defog|[of] p1a: Landorus\n|move|p2a: Incineroar|Taunt|p1a: Landorus\n|-start|p1a: Landorus|move: Taunt\n|\n|upkeep\n|turn|10\n|c|\u2606Skip The Drip|what\n|c|\u2606Skip The Drip|ur the shitty smogon set\n|j| Fishyyism\n|\n|t:|1649537338\n|move|p1a: Landorus|U-turn|p2a: Incineroar\n|-damage|p2a: Incineroar|59\/100\n|\n|t:|1649537346\n|switch|p1a: Heatran|Heatran, M|85\/100|[from]move: U-turn\n|move|p2a: Incineroar|Flame Charge|p1a: Heatran\n|-damage|p1a: Heatran|72\/100\n|-boost|p2a: Incineroar|spe|1\n|\n|-heal|p1a: Heatran|78\/100|[from] item: Leftovers\n|upkeep\n|turn|11\n|\n|t:|1649537352\n|move|p2a: Incineroar|Bulk Up|p2a: Incineroar\n|-boost|p2a: Incineroar|atk|1\n|-boost|p2a: Incineroar|def|1\n|move|p1a: Heatran|Magma Storm|p2a: Incineroar\n|-resisted|p2a: Incineroar\n|-damage|p2a: Incineroar|38\/100\n|-activate|p2a: Incineroar|move: Magma Storm|[of] p1a: Heatran\n|\n|-heal|p1a: Heatran|84\/100|[from] item: Leftovers\n|-damage|p2a: Incineroar|26\/100|[from] move: Magma Storm|[partiallytrapped]\n|upkeep\n|turn|12\n|\n|t:|1649537357\n|move|p2a: Incineroar|Power Trip|p1a: Heatran\n|-damage|p1a: Heatran|53\/100\n|move|p1a: Heatran|Earth Power|p2a: Incineroar\n|-supereffective|p2a: Incineroar\n|-damage|p2a: Incineroar|0 fnt\n|faint|p2a: Incineroar\n|\n|-heal|p1a: Heatran|60\/100|[from] item: Leftovers\n|upkeep\n|\n|t:|1649537359\n|switch|p2a: Tapu Fini|Tapu Fini|100\/100\n|-fieldstart|move: Misty Terrain|[from] ability: Misty Surge|[of] p2a: Tapu Fini\n|turn|13\n|\n|t:|1649537363\n|switch|p1a: BOOLOo0|Tapu Bulu, shiny|100\/100\n|-fieldstart|move: Grassy Terrain|[from] ability: Grassy Surge|[of] p1a: BOOLOo0\n|move|p2a: Tapu Fini|Calm Mind|p2a: Tapu Fini\n|-boost|p2a: Tapu Fini|spa|1\n|-boost|p2a: Tapu Fini|spd|1\n|\n|upkeep\n|turn|14\n|\n|t:|1649537369\n|move|p2a: Tapu Fini|Taunt|p1a: BOOLOo0\n|-start|p1a: BOOLOo0|move: Taunt\n|cant|p1a: BOOLOo0|move: Taunt|Substitute\n|\n|upkeep\n|turn|15\n|\n|t:|1649537371\n|move|p2a: Tapu Fini|Calm Mind|p2a: Tapu Fini\n|-boost|p2a: Tapu Fini|spa|1\n|-boost|p2a: Tapu Fini|spd|1\n|move|p1a: BOOLOo0|Horn Leech|p2a: Tapu Fini\n|-supereffective|p2a: Tapu Fini\n|-damage|p2a: Tapu Fini|0 fnt\n|faint|p2a: Tapu Fini\n|-damage|p1a: BOOLOo0|91\/100|[from] item: Life Orb\n|\n|-heal|p1a: BOOLOo0|97\/100|[from] Grassy Terrain\n|upkeep\n|\n|t:|1649537373\n|switch|p2a: Corviknight|Corviknight, F|100\/100\n|turn|16\n|\n|t:|1649537378\n|switch|p1a: Rotom|Rotom-Wash|100\/100\n|move|p2a: Corviknight|Agility|p2a: Corviknight\n|-boost|p2a: Corviknight|spe|2\n|\n|upkeep\n|turn|17\n|\n|t:|1649537382\n|switch|p2a: Mew|Mew|100\/100\n|move|p1a: Rotom|Hydro Pump|p2a: Mew\n|-damage|p2a: Mew|59\/100\n|\n|-heal|p2a: Mew|65\/100|[from] Grassy Terrain\n|-fieldend|move: Grassy Terrain\n|upkeep\n|turn|18\n|\n|t:|1649537387\n|switch|p2a: Corviknight|Corviknight, F|100\/100\n|move|p1a: Rotom|Volt Switch|p2a: Corviknight\n|-supereffective|p2a: Corviknight\n|-damage|p2a: Corviknight|52\/100\n|-enditem|p2a: Corviknight|Weakness Policy\n|-boost|p2a: Corviknight|atk|2|[from] item: Weakness Policy\n|-boost|p2a: Corviknight|spa|2|[from] item: Weakness Policy\n|-message|Skip The Drip forfeited.\n|\n|win|OUTW Geomancy\n|raw|OUTW Geomancy's rating: 1730 &rarr; <strong>1759<\/strong><br \/>(+29 for winning)\n|raw|Skip The Drip's rating: 1894 &rarr; <strong>1865<\/strong><br \/>(-29 for losing)\n|l|\u2606Skip The Drip\n","uploadtime":1649537396,"views":51,"p1id":"outwgeomancy","p2id":"skipthedrip","formatid":"gen8ou","rating":1759,"private":0,"password":null}