{"id":"gen8ou-1554815762","p1":"SKIP THE DRIP","p2":"piando","format":"gen8ou","log":"|j|\u2606SKIP THE DRIP\n|j|\u2606piando\n|t:|1650132979\n|gametype|singles\n|player|p1|SKIP THE DRIP|wally|1665\n|player|p2|piando|hugh|1727\n|teamsize|p1|6\n|teamsize|p2|6\n|gen|8\n|tier|[Gen 8] OU\n|rated|\n|rule|Sleep Clause Mod: Limit one foe put to sleep\n|rule|Species Clause: Limit one of each Pok\u00e9mon\n|rule|OHKO Clause: OHKO moves are banned\n|rule|Evasion Moves Clause: Evasion moves are banned\n|rule|Endless Battle Clause: Forcing endless battles is banned\n|rule|HP Percentage Mod: HP is shown in percentages\n|rule|Dynamax Clause: You cannot dynamax\n|clearpoke\n|poke|p1|Tapu Koko|\n|poke|p1|Tornadus-Therian, M|\n|poke|p1|Slowking-Galar, F|\n|poke|p1|Gastrodon, M|\n|poke|p1|Heatran, F|\n|poke|p1|Buzzwole|\n|poke|p2|Mew|\n|poke|p2|Garchomp, M|\n|poke|p2|Keldeo-Resolute|\n|poke|p2|Melmetal|\n|poke|p2|Umbreon, F|\n|poke|p2|Togekiss, F|\n|teampreview\n|inactive|Battle timer is ON: inactive players will automatically lose when time's up. (requested by SKIP THE DRIP)\n|\n|t:|1650132995\n|start\n|switch|p1a: Tornadus|Tornadus-Therian, M|100\/100\n|switch|p2a: Togekiss|Togekiss, F|100\/100\n|turn|1\n|\n|t:|1650133004\n|move|p2a: Togekiss|Thunder Wave|p1a: Tornadus\n|-status|p1a: Tornadus|par\n|move|p1a: Tornadus|U-turn|p2a: Togekiss\n|-resisted|p2a: Togekiss\n|-damage|p2a: Togekiss|96\/100\n|\n|t:|1650133009\n|switch|p1a: Tapu Koko|Tapu Koko|100\/100|[from]move: U-turn\n|-fieldstart|move: Electric Terrain|[from] ability: Electric Surge|[of] p1a: Tapu Koko\n|\n|upkeep\n|turn|2\n|\n|t:|1650133015\n|switch|p2a: Melmetal|Melmetal|100\/100\n|move|p1a: Tapu Koko|Nature's Madness|p2a: Melmetal\n|-damage|p2a: Melmetal|51\/100\n|\n|upkeep\n|turn|3\n|\n|t:|1650133024\n|switch|p2a: Garchomp|Garchomp, M|100\/100\n|move|p1a: Tapu Koko|Volt Switch|p2a: Garchomp\n|-immune|p2a: Garchomp\n|\n|upkeep\n|turn|4\n|\n|t:|1650133030\n|switch|p1a: Tornadus|Tornadus-Therian, M|100\/100 par\n|move|p2a: Garchomp|Earthquake|p1a: Tornadus\n|-immune|p1a: Tornadus\n|\n|upkeep\n|turn|5\n|\n|t:|1650133033\n|move|p2a: Garchomp|Stealth Rock|p1a: Tornadus\n|-sidestart|p1: SKIP THE DRIP|move: Stealth Rock\n|move|p1a: Tornadus|Knock Off|p2a: Garchomp\n|-damage|p2a: Garchomp|81\/100\n|-damage|p1a: Tornadus|88\/100 par|[from] ability: Rough Skin|[of] p2a: Garchomp\n|-enditem|p2a: Garchomp|Expert Belt|[from] move: Knock Off|[of] p1a: Tornadus\n|\n|-fieldend|move: Electric Terrain\n|upkeep\n|turn|6\n|\n|t:|1650133040\n|switch|p2a: Umbreon|Umbreon, F|100\/100\n|move|p1a: Tornadus|U-turn|p2a: Umbreon\n|-supereffective|p2a: Umbreon\n|-damage|p2a: Umbreon|84\/100\n|-damage|p1a: Tornadus|71\/100 par|[from] item: Rocky Helmet|[of] p2a: Umbreon\n|\n|t:|1650133046\n|switch|p1a: Tapu Koko|Tapu Koko|100\/100|[from]move: U-turn\n|-fieldstart|move: Electric Terrain|[from] ability: Electric Surge|[of] p1a: Tapu Koko\n|\n|upkeep\n|turn|7\n|\n|t:|1650133050\n|move|p1a: Tapu Koko|Nature's Madness|p2a: Umbreon\n|-damage|p2a: Umbreon|42\/100\n|move|p2a: Umbreon|Toxic|p1a: Tapu Koko|[miss]\n|-miss|p2a: Umbreon|p1a: Tapu Koko\n|\n|upkeep\n|turn|8\n|\n|t:|1650133055\n|move|p2a: Umbreon|Protect|p2a: Umbreon\n|-singleturn|p2a: Umbreon|Protect\n|move|p1a: Tapu Koko|Dazzling Gleam|p2a: Umbreon\n|-activate|p2a: Umbreon|move: Protect\n|\n|upkeep\n|turn|9\n|\n|t:|1650133062\n|move|p1a: Tapu Koko|Dazzling Gleam|p2a: Umbreon\n|-supereffective|p2a: Umbreon\n|-damage|p2a: Umbreon|0 fnt\n|faint|p2a: Umbreon\n|\n|upkeep\n|\n|t:|1650133070\n|switch|p2a: Garchomp|Garchomp, M|81\/100\n|turn|10\n|\n|t:|1650133074\n|switch|p1a: Tornadus|Tornadus-Therian, M|100\/100 par\n|move|p2a: Garchomp|Fire Blast|p1a: Tornadus\n|-damage|p1a: Tornadus|68\/100 par\n|\n|-fieldend|move: Electric Terrain\n|upkeep\n|turn|11\n|\n|t:|1650133088\n|switch|p1a: Gastrodon|Gastrodon, M|100\/100\n|-damage|p1a: Gastrodon|94\/100|[from] Stealth Rock\n|move|p2a: Garchomp|Draco Meteor|p1a: Gastrodon\n|-damage|p1a: Gastrodon|57\/100\n|-unboost|p2a: Garchomp|spa|2\n|\n|-heal|p1a: Gastrodon|63\/100|[from] item: Leftovers\n|upkeep\n|turn|12\n|\n|t:|1650133094\n|move|p2a: Garchomp|Earthquake|p1a: Gastrodon\n|-damage|p1a: Gastrodon|14\/100\n|move|p1a: Gastrodon|Recover|p1a: Gastrodon\n|-heal|p1a: Gastrodon|64\/100\n|\n|-heal|p1a: Gastrodon|70\/100|[from] item: Leftovers\n|upkeep\n|turn|13\n|\n|t:|1650133099\n|switch|p2a: Keldeo|Keldeo-Resolute|100\/100\n|move|p1a: Gastrodon|Recover|p1a: Gastrodon\n|-heal|p1a: Gastrodon|100\/100\n|\n|upkeep\n|turn|14\n|\n|t:|1650133103\n|switch|p1a: Tapu Koko|Tapu Koko|100\/100\n|-fieldstart|move: Electric Terrain|[from] ability: Electric Surge|[of] p1a: Tapu Koko\n|move|p2a: Keldeo|Substitute|p2a: Keldeo\n|-start|p2a: Keldeo|Substitute\n|-damage|p2a: Keldeo|76\/100\n|\n|-heal|p2a: Keldeo|82\/100|[from] item: Leftovers\n|upkeep\n|turn|15\n|\n|t:|1650133108\n|move|p1a: Tapu Koko|Volt Switch|p2a: Keldeo\n|-supereffective|p2a: Keldeo\n|-end|p2a: Keldeo|Substitute\n|\n|t:|1650133109\n|switch|p1a: Gastrodon|Gastrodon, M|100\/100|[from]move: Volt Switch\n|-damage|p1a: Gastrodon|94\/100|[from] Stealth Rock\n|move|p2a: Keldeo|Substitute|p2a: Keldeo\n|-start|p2a: Keldeo|Substitute\n|-damage|p2a: Keldeo|57\/100\n|\n|-heal|p2a: Keldeo|63\/100|[from] item: Leftovers\n|-heal|p1a: Gastrodon|100\/100|[from] item: Leftovers\n|upkeep\n|turn|16\n|\n|t:|1650133115\n|switch|p1a: Tapu Koko|Tapu Koko|100\/100\n|move|p2a: Keldeo|Calm Mind|p2a: Keldeo\n|-boost|p2a: Keldeo|spa|1\n|-boost|p2a: Keldeo|spd|1\n|\n|-heal|p2a: Keldeo|70\/100|[from] item: Leftovers\n|upkeep\n|turn|17\n|\n|t:|1650133118\n|move|p1a: Tapu Koko|Dazzling Gleam|p2a: Keldeo\n|-supereffective|p2a: Keldeo\n|-end|p2a: Keldeo|Substitute\n|move|p2a: Keldeo|Substitute|p2a: Keldeo\n|-start|p2a: Keldeo|Substitute\n|-damage|p2a: Keldeo|45\/100\n|\n|-heal|p2a: Keldeo|51\/100|[from] item: Leftovers\n|upkeep\n|turn|18\n|\n|t:|1650133121\n|move|p1a: Tapu Koko|Volt Switch|p2a: Keldeo\n|-supereffective|p2a: Keldeo\n|-crit|p2a: Keldeo\n|-end|p2a: Keldeo|Substitute\n|\n|t:|1650133122\n|switch|p1a: Gastrodon|Gastrodon, M|100\/100|[from]move: Volt Switch\n|-damage|p1a: Gastrodon|94\/100|[from] Stealth Rock\n|move|p2a: Keldeo|Scald|p1a: Gastrodon\n|-ability|p1a: Gastrodon|Storm Drain|boost\n|-boost|p1a: Gastrodon|spa|1\n|\n|-heal|p2a: Keldeo|57\/100|[from] item: Leftovers\n|-heal|p1a: Gastrodon|100\/100|[from] item: Leftovers\n|-fieldend|move: Electric Terrain\n|upkeep\n|turn|19\n|\n|t:|1650133126\n|move|p2a: Keldeo|Substitute|p2a: Keldeo\n|-start|p2a: Keldeo|Substitute\n|-damage|p2a: Keldeo|32\/100\n|move|p1a: Gastrodon|Earth Power|p2a: Keldeo\n|-end|p2a: Keldeo|Substitute\n|\n|-heal|p2a: Keldeo|39\/100|[from] item: Leftovers\n|upkeep\n|turn|20\n|\n|t:|1650133129\n|move|p2a: Keldeo|Secret Sword|p1a: Gastrodon\n|-damage|p1a: Gastrodon|28\/100\n|move|p1a: Gastrodon|Earth Power|p2a: Keldeo\n|-damage|p2a: Keldeo|3\/100\n|\n|-heal|p2a: Keldeo|9\/100|[from] item: Leftovers\n|-heal|p1a: Gastrodon|34\/100|[from] item: Leftovers\n|upkeep\n|turn|21\n|\n|t:|1650133134\n|move|p2a: Keldeo|Secret Sword|p1a: Gastrodon\n|-damage|p1a: Gastrodon|0 fnt\n|faint|p1a: Gastrodon\n|\n|-heal|p2a: Keldeo|16\/100|[from] item: Leftovers\n|upkeep\n|\n|t:|1650133136\n|switch|p1a: Tapu Koko|Tapu Koko|100\/100\n|-fieldstart|move: Electric Terrain|[from] ability: Electric Surge|[of] p1a: Tapu Koko\n|turn|22\n|\n|t:|1650133142\n|switch|p2a: Garchomp|Garchomp, M|81\/100\n|move|p1a: Tapu Koko|Dazzling Gleam|p2a: Garchomp\n|-supereffective|p2a: Garchomp\n|-damage|p2a: Garchomp|0 fnt\n|faint|p2a: Garchomp\n|\n|upkeep\n|\n|t:|1650133150\n|switch|p2a: Togekiss|Togekiss, F|96\/100\n|turn|23\n|\n|t:|1650133156\n|move|p2a: Togekiss|Air Slash|p1a: Tapu Koko\n|-resisted|p1a: Tapu Koko\n|-damage|p1a: Tapu Koko|74\/100\n|cant|p1a: Tapu Koko|flinch\n|\n|upkeep\n|turn|24\n|\n|t:|1650133162\n|move|p2a: Togekiss|Air Slash|p1a: Tapu Koko\n|-resisted|p1a: Tapu Koko\n|-damage|p1a: Tapu Koko|47\/100\n|move|p1a: Tapu Koko|Volt Switch|p2a: Togekiss\n|-supereffective|p2a: Togekiss\n|-damage|p2a: Togekiss|24\/100\n|\n|t:|1650133164\n|switch|p1a: Heatran|Heatran, F|100\/100|[from]move: Volt Switch\n|-damage|p1a: Heatran|88\/100|[from] Stealth Rock\n|\n|-heal|p1a: Heatran|94\/100|[from] item: Leftovers\n|upkeep\n|turn|25\n|\n|t:|1650133170\n|switch|p2a: Keldeo|Keldeo-Resolute|16\/100\n|move|p1a: Heatran|Stealth Rock|p2a: Keldeo\n|-sidestart|p2: piando|move: Stealth Rock\n|\n|-heal|p2a: Keldeo|22\/100|[from] item: Leftovers\n|-heal|p1a: Heatran|100\/100|[from] item: Leftovers\n|upkeep\n|turn|26\n|\n|t:|1650133176\n|switch|p1a: Tornadus|Tornadus-Therian, M|100\/100 par\n|move|p2a: Keldeo|Scald|p1a: Tornadus\n|-damage|p1a: Tornadus|60\/100 par\n|\n|-heal|p2a: Keldeo|28\/100|[from] item: Leftovers\n|-fieldend|move: Electric Terrain\n|upkeep\n|turn|27\n|\n|t:|1650133182\n|move|p2a: Keldeo|Scald|p1a: Tornadus\n|-damage|p1a: Tornadus|17\/100 par\n|move|p1a: Tornadus|U-turn|p2a: Keldeo\n|-resisted|p2a: Keldeo\n|-damage|p2a: Keldeo|19\/100\n|\n|t:|1650133184\n|switch|p1a: Tapu Koko|Tapu Koko|47\/100|[from]move: U-turn\n|-fieldstart|move: Electric Terrain|[from] ability: Electric Surge|[of] p1a: Tapu Koko\n|\n|-heal|p2a: Keldeo|26\/100|[from] item: Leftovers\n|upkeep\n|turn|28\n|\n|t:|1650133189\n|move|p1a: Tapu Koko|Dazzling Gleam|p2a: Keldeo\n|-supereffective|p2a: Keldeo\n|-damage|p2a: Keldeo|0 fnt\n|faint|p2a: Keldeo\n|\n|upkeep\n|\n|t:|1650133194\n|switch|p2a: Mew|Mew|100\/100\n|-damage|p2a: Mew|88\/100|[from] Stealth Rock\n|turn|29\n|\n|t:|1650133200\n|move|p1a: Tapu Koko|Nature's Madness|p2a: Mew\n|-damage|p2a: Mew|44\/100\n|move|p2a: Mew|Cosmic Power|p2a: Mew\n|-boost|p2a: Mew|def|1\n|-boost|p2a: Mew|spd|1\n|\n|upkeep\n|turn|30\n|\n|t:|1650133203\n|move|p1a: Tapu Koko|Volt Switch|p2a: Mew\n|-damage|p2a: Mew|24\/100\n|\n|t:|1650133207\n|switch|p1a: Slowking|Slowking-Galar, F|100\/100|[from]move: Volt Switch\n|-damage|p1a: Slowking|88\/100|[from] Stealth Rock\n|move|p2a: Mew|Soft-Boiled|p2a: Mew\n|-heal|p2a: Mew|74\/100\n|\n|-heal|p1a: Slowking|94\/100|[from] item: Black Sludge\n|upkeep\n|turn|31\n|\n|t:|1650133215\n|move|p2a: Mew|Cosmic Power|p2a: Mew\n|-boost|p2a: Mew|def|1\n|-boost|p2a: Mew|spd|1\n|move|p1a: Slowking|Calm Mind|p1a: Slowking\n|-boost|p1a: Slowking|spa|1\n|-boost|p1a: Slowking|spd|1\n|\n|-heal|p1a: Slowking|99\/100|[from] item: Black Sludge\n|-fieldend|move: Electric Terrain\n|upkeep\n|turn|32\n|\n|t:|1650133220\n|move|p2a: Mew|Taunt|p1a: Slowking\n|-start|p1a: Slowking|move: Taunt\n|cant|p1a: Slowking|move: Taunt|Calm Mind\n|\n|-heal|p1a: Slowking|100\/100|[from] item: Black Sludge\n|upkeep\n|turn|33\n|\n|t:|1650133224\n|move|p2a: Mew|Cosmic Power|p2a: Mew\n|-boost|p2a: Mew|def|1\n|-boost|p2a: Mew|spd|1\n|move|p1a: Slowking|Sludge Bomb|p2a: Mew\n|-damage|p2a: Mew|55\/100\n|\n|upkeep\n|turn|34\n|\n|t:|1650133241\n|move|p2a: Mew|Soft-Boiled|p2a: Mew\n|-heal|p2a: Mew|100\/100\n|move|p1a: Slowking|Sludge Bomb|p2a: Mew\n|-damage|p2a: Mew|83\/100\n|\n|-end|p1a: Slowking|move: Taunt\n|upkeep\n|turn|35\n|\n|t:|1650133244\n|move|p2a: Mew|Taunt|p1a: Slowking\n|-start|p1a: Slowking|move: Taunt\n|cant|p1a: Slowking|move: Taunt|Calm Mind\n|\n|upkeep\n|turn|36\n|\n|t:|1650133247\n|move|p2a: Mew|Stored Power|p1a: Slowking\n|-damage|p1a: Slowking|75\/100\n|move|p1a: Slowking|Sludge Bomb|p2a: Mew\n|-damage|p2a: Mew|66\/100\n|\n|-heal|p1a: Slowking|81\/100|[from] item: Black Sludge\n|upkeep\n|turn|37\n|\n|t:|1650133250\n|move|p2a: Mew|Cosmic Power|p2a: Mew\n|-boost|p2a: Mew|def|1\n|-boost|p2a: Mew|spd|1\n|move|p1a: Slowking|Sludge Bomb|p2a: Mew\n|-damage|p2a: Mew|53\/100\n|\n|-heal|p1a: Slowking|87\/100|[from] item: Black Sludge\n|-end|p1a: Slowking|move: Taunt\n|upkeep\n|turn|38\n|\n|t:|1650133254\n|move|p2a: Mew|Taunt|p1a: Slowking\n|-start|p1a: Slowking|move: Taunt\n|move|p1a: Slowking|Sludge Bomb|p2a: Mew\n|-damage|p2a: Mew|37\/100\n|-status|p2a: Mew|psn\n|-activate|p2a: Mew|ability: Synchronize\n|-immune|p1a: Slowking\n|\n|-heal|p1a: Slowking|93\/100|[from] item: Black Sludge\n|-damage|p2a: Mew|25\/100 psn|[from] psn\n|upkeep\n|turn|39\n|\n|t:|1650133257\n|move|p2a: Mew|Soft-Boiled|p2a: Mew\n|-heal|p2a: Mew|75\/100 psn\n|move|p1a: Slowking|Sludge Bomb|p2a: Mew\n|-damage|p2a: Mew|60\/100 psn\n|\n|-heal|p1a: Slowking|99\/100|[from] item: Black Sludge\n|-damage|p2a: Mew|48\/100 psn|[from] psn\n|upkeep\n|turn|40\n|\n|t:|1650133260\n|move|p2a: Mew|Cosmic Power|p2a: Mew\n|-boost|p2a: Mew|def|1\n|-boost|p2a: Mew|spd|1\n|move|p1a: Slowking|Sludge Bomb|p2a: Mew\n|-damage|p2a: Mew|36\/100 psn\n|\n|-heal|p1a: Slowking|100\/100|[from] item: Black Sludge\n|-damage|p2a: Mew|24\/100 psn|[from] psn\n|-end|p1a: Slowking|move: Taunt\n|upkeep\n|turn|41\n|\n|t:|1650133264\n|move|p2a: Mew|Soft-Boiled|p2a: Mew\n|-heal|p2a: Mew|74\/100 psn\n|move|p1a: Slowking|Calm Mind|p1a: Slowking\n|-boost|p1a: Slowking|spa|1\n|-boost|p1a: Slowking|spd|1\n|\n|-damage|p2a: Mew|62\/100 psn|[from] psn\n|upkeep\n|turn|42\n|\n|t:|1650133266\n|move|p2a: Mew|Taunt|p1a: Slowking\n|-start|p1a: Slowking|move: Taunt\n|cant|p1a: Slowking|move: Taunt|Calm Mind\n|\n|-damage|p2a: Mew|49\/100 psn|[from] psn\n|upkeep\n|turn|43\n|\n|t:|1650133272\n|move|p2a: Mew|Cosmic Power|p2a: Mew\n|-boost|p2a: Mew|def|1\n|-boost|p2a: Mew|spd|1\n|move|p1a: Slowking|Scald|p2a: Mew\n|-damage|p2a: Mew|41\/100 psn\n|\n|-damage|p2a: Mew|28\/100 psn|[from] psn\n|upkeep\n|turn|44\n|\n|t:|1650133275\n|move|p2a: Mew|Soft-Boiled|p2a: Mew\n|-heal|p2a: Mew|78\/100 psn\n|move|p1a: Slowking|Scald|p2a: Mew\n|-crit|p2a: Mew\n|-damage|p2a: Mew|27\/100 psn\n|\n|-damage|p2a: Mew|14\/100 psn|[from] psn\n|-end|p1a: Slowking|move: Taunt\n|upkeep\n|turn|45\n|\n|t:|1650133282\n|move|p2a: Mew|Taunt|p1a: Slowking\n|-start|p1a: Slowking|move: Taunt\n|cant|p1a: Slowking|move: Taunt|Calm Mind\n|\n|-damage|p2a: Mew|2\/100 psn|[from] psn\n|upkeep\n|turn|46\n|\n|t:|1650133287\n|move|p2a: Mew|Soft-Boiled|p2a: Mew\n|-heal|p2a: Mew|52\/100 psn\n|move|p1a: Slowking|Sludge Bomb|p2a: Mew\n|-damage|p2a: Mew|37\/100 psn\n|\n|-damage|p2a: Mew|25\/100 psn|[from] psn\n|upkeep\n|turn|47\n|\n|t:|1650133293\n|move|p2a: Mew|Soft-Boiled|p2a: Mew\n|-heal|p2a: Mew|75\/100 psn\n|move|p1a: Slowking|Sludge Bomb|p2a: Mew\n|-damage|p2a: Mew|59\/100 psn\n|\n|-damage|p2a: Mew|47\/100 psn|[from] psn\n|-end|p1a: Slowking|move: Taunt\n|upkeep\n|turn|48\n|\n|t:|1650133299\n|move|p2a: Mew|Taunt|p1a: Slowking\n|-start|p1a: Slowking|move: Taunt\n|move|p1a: Slowking|Sludge Bomb|p2a: Mew\n|-damage|p2a: Mew|32\/100 psn\n|\n|-damage|p2a: Mew|20\/100 psn|[from] psn\n|upkeep\n|turn|49\n|\n|t:|1650133304\n|move|p2a: Mew|Soft-Boiled|p2a: Mew\n|-heal|p2a: Mew|70\/100 psn\n|move|p1a: Slowking|Sludge Bomb|p2a: Mew\n|-damage|p2a: Mew|56\/100 psn\n|\n|-damage|p2a: Mew|44\/100 psn|[from] psn\n|upkeep\n|turn|50\n|\n|t:|1650133306\n|move|p2a: Mew|Soft-Boiled|p2a: Mew\n|-heal|p2a: Mew|94\/100 psn\n|move|p1a: Slowking|Sludge Bomb|p2a: Mew\n|-damage|p2a: Mew|80\/100 psn\n|\n|-damage|p2a: Mew|68\/100 psn|[from] psn\n|-end|p1a: Slowking|move: Taunt\n|upkeep\n|turn|51\n|\n|t:|1650133309\n|move|p2a: Mew|Taunt|p1a: Slowking\n|-start|p1a: Slowking|move: Taunt\n|move|p1a: Slowking|Sludge Bomb|p2a: Mew\n|-damage|p2a: Mew|53\/100 psn\n|\n|-damage|p2a: Mew|41\/100 psn|[from] psn\n|upkeep\n|turn|52\n|\n|t:|1650133316\n|move|p2a: Mew|Soft-Boiled|p2a: Mew\n|-heal|p2a: Mew|91\/100 psn\n|move|p1a: Slowking|Sludge Bomb|p2a: Mew\n|-damage|p2a: Mew|76\/100 psn\n|\n|-damage|p2a: Mew|64\/100 psn|[from] psn\n|upkeep\n|turn|53\n|\n|t:|1650133319\n|move|p2a: Mew|Stored Power|p1a: Slowking\n|-damage|p1a: Slowking|67\/100\n|move|p1a: Slowking|Sludge Bomb|p2a: Mew\n|-damage|p2a: Mew|49\/100 psn\n|\n|-heal|p1a: Slowking|73\/100|[from] item: Black Sludge\n|-damage|p2a: Mew|37\/100 psn|[from] psn\n|-end|p1a: Slowking|move: Taunt\n|upkeep\n|turn|54\n|\n|t:|1650133325\n|move|p2a: Mew|Soft-Boiled|p2a: Mew\n|-heal|p2a: Mew|87\/100 psn\n|move|p1a: Slowking|Sludge Bomb|p2a: Mew\n|-damage|p2a: Mew|72\/100 psn\n|\n|-heal|p1a: Slowking|79\/100|[from] item: Black Sludge\n|-damage|p2a: Mew|59\/100 psn|[from] psn\n|upkeep\n|turn|55\n|\n|t:|1650133328\n|move|p2a: Mew|Stored Power|p1a: Slowking\n|-damage|p1a: Slowking|41\/100\n|move|p1a: Slowking|Scald|p2a: Mew\n|-damage|p2a: Mew|50\/100 psn\n|\n|-heal|p1a: Slowking|47\/100|[from] item: Black Sludge\n|-damage|p2a: Mew|38\/100 psn|[from] psn\n|upkeep\n|turn|56\n|\n|t:|1650133332\n|move|p2a: Mew|Taunt|p1a: Slowking\n|-start|p1a: Slowking|move: Taunt\n|move|p1a: Slowking|Scald|p2a: Mew\n|-damage|p2a: Mew|29\/100 psn\n|\n|-heal|p1a: Slowking|53\/100|[from] item: Black Sludge\n|-damage|p2a: Mew|17\/100 psn|[from] psn\n|upkeep\n|turn|57\n|\n|t:|1650133337\n|move|p2a: Mew|Soft-Boiled|p2a: Mew\n|-heal|p2a: Mew|67\/100 psn\n|move|p1a: Slowking|Scald|p2a: Mew\n|-damage|p2a: Mew|59\/100 psn\n|\n|-heal|p1a: Slowking|59\/100|[from] item: Black Sludge\n|-damage|p2a: Mew|46\/100 psn|[from] psn\n|upkeep\n|turn|58\n|\n|t:|1650133342\n|move|p2a: Mew|Soft-Boiled|p2a: Mew\n|-heal|p2a: Mew|96\/100 psn\n|move|p1a: Slowking|Scald|p2a: Mew\n|-damage|p2a: Mew|87\/100 psn\n|\n|-heal|p1a: Slowking|65\/100|[from] item: Black Sludge\n|-damage|p2a: Mew|75\/100 psn|[from] psn\n|-end|p1a: Slowking|move: Taunt\n|upkeep\n|turn|59\n|\n|t:|1650133346\n|move|p2a: Mew|Stored Power|p1a: Slowking\n|-damage|p1a: Slowking|31\/100\n|move|p1a: Slowking|Scald|p2a: Mew\n|-damage|p2a: Mew|67\/100 psn\n|\n|-heal|p1a: Slowking|37\/100|[from] item: Black Sludge\n|-damage|p2a: Mew|54\/100 psn|[from] psn\n|upkeep\n|turn|60\n|\n|t:|1650133352\n|move|p2a: Mew|Taunt|p1a: Slowking\n|-start|p1a: Slowking|move: Taunt\n|move|p1a: Slowking|Scald|p2a: Mew\n|-damage|p2a: Mew|46\/100 psn\n|\n|-heal|p1a: Slowking|43\/100|[from] item: Black Sludge\n|-damage|p2a: Mew|33\/100 psn|[from] psn\n|upkeep\n|turn|61\n|\n|t:|1650133355\n|move|p2a: Mew|Soft-Boiled|p2a: Mew\n|-heal|p2a: Mew|83\/100 psn\n|move|p1a: Slowking|Scald|p2a: Mew\n|-damage|p2a: Mew|75\/100 psn\n|\n|-heal|p1a: Slowking|49\/100|[from] item: Black Sludge\n|-damage|p2a: Mew|63\/100 psn|[from] psn\n|upkeep\n|turn|62\n|\n|t:|1650133358\n|move|p2a: Mew|Stored Power|p1a: Slowking\n|-damage|p1a: Slowking|14\/100\n|move|p1a: Slowking|Scald|p2a: Mew\n|-damage|p2a: Mew|55\/100 psn\n|\n|-heal|p1a: Slowking|20\/100|[from] item: Black Sludge\n|-damage|p2a: Mew|42\/100 psn|[from] psn\n|-end|p1a: Slowking|move: Taunt\n|upkeep\n|turn|63\n|\n|t:|1650133363\n|move|p2a: Mew|Stored Power|p1a: Slowking\n|-damage|p1a: Slowking|0 fnt\n|faint|p1a: Slowking\n|\n|-damage|p2a: Mew|30\/100 psn|[from] psn\n|upkeep\n|\n|t:|1650133365\n|switch|p1a: Heatran|Heatran, F|100\/100\n|-damage|p1a: Heatran|88\/100|[from] Stealth Rock\n|turn|64\n|\n|t:|1650133376\n|move|p2a: Mew|Soft-Boiled|p2a: Mew\n|-heal|p2a: Mew|80\/100 psn\n|move|p1a: Heatran|Taunt|p2a: Mew\n|-start|p2a: Mew|move: Taunt\n|\n|-heal|p1a: Heatran|94\/100|[from] item: Leftovers\n|-damage|p2a: Mew|68\/100 psn|[from] psn\n|upkeep\n|turn|65\n|\n|t:|1650133378\n|move|p2a: Mew|Stored Power|p1a: Heatran\n|-resisted|p1a: Heatran\n|-damage|p1a: Heatran|66\/100\n|move|p1a: Heatran|Magma Storm|p2a: Mew\n|-damage|p2a: Mew|59\/100 psn\n|-activate|p2a: Mew|move: Magma Storm|[of] p1a: Heatran\n|\n|-heal|p1a: Heatran|73\/100|[from] item: Leftovers\n|-damage|p2a: Mew|47\/100 psn|[from] psn\n|-damage|p2a: Mew|35\/100 psn|[from] move: Magma Storm|[partiallytrapped]\n|upkeep\n|turn|66\n|\n|t:|1650133384\n|move|p2a: Mew|Stored Power|p1a: Heatran\n|-resisted|p1a: Heatran\n|-damage|p1a: Heatran|42\/100\n|move|p1a: Heatran|Earth Power|p2a: Mew\n|-damage|p2a: Mew|30\/100 psn\n|\n|-heal|p1a: Heatran|48\/100|[from] item: Leftovers\n|-damage|p2a: Mew|17\/100 psn|[from] psn\n|-damage|p2a: Mew|5\/100 psn|[from] move: Magma Storm|[partiallytrapped]\n|upkeep\n|turn|67\n|\n|t:|1650133386\n|move|p2a: Mew|Stored Power|p1a: Heatran\n|-resisted|p1a: Heatran\n|-damage|p1a: Heatran|20\/100\n|move|p1a: Heatran|Earth Power|p2a: Mew\n|-damage|p2a: Mew|0 fnt\n|faint|p2a: Mew\n|\n|-heal|p1a: Heatran|27\/100|[from] item: Leftovers\n|upkeep\n|-message|piando forfeited.\n|\n|win|SKIP THE DRIP\n|raw|SKIP THE DRIP's rating: 1665 &rarr; <strong>1689<\/strong><br \/>(+24 for winning)\n|raw|piando's rating: 1727 &rarr; <strong>1703<\/strong><br \/>(-24 for losing)\n|l|\u2606piando\n|l|\u2606SKIP THE DRIP\n||Ladder isn't responding, score probably updated but might not have (Request timeout).\n","uploadtime":1650133483,"views":51,"p1id":"skipthedrip","p2id":"piando","formatid":"gen8ou","rating":1689,"private":0,"password":null}