{"id":"gen8nationaldex-1347823177","p1":"Rheinmetal","p2":"El Choro 37","format":"gen8nationaldex","log":"|j|\u2606Rheinmetal\n|j|\u2606El Choro 37\n|t:|1622046692\n|gametype|singles\n|player|p1|Rheinmetal|cynthia-gen4|1513\n|player|p2|El Choro 37|lucas|1709\n|teamsize|p1|6\n|teamsize|p2|6\n|gen|8\n|tier|[Gen 8] National Dex\n|rated|\n|rule|HP Percentage Mod: HP is shown in percentages\n|rule|Endless Battle Clause: Forcing endless battles is banned\n|rule|OHKO Clause: OHKO moves are banned\n|rule|Evasion Moves Clause: Evasion moves are banned\n|rule|Species Clause: Limit one of each Pok\u00e9mon\n|rule|Dynamax Clause: You cannot dynamax\n|rule|Sleep Clause Mod: Limit one foe put to sleep\n|clearpoke\n|poke|p1|Excadrill, M|\n|poke|p1|Garchomp, M|\n|poke|p1|Skarmory, M|\n|poke|p1|Tyranitar, M|\n|poke|p1|Alomomola, M|\n|poke|p1|Volcarona, M|\n|poke|p2|Pelipper, F|\n|poke|p2|Toxicroak, M|\n|poke|p2|Ferrothorn, F|\n|poke|p2|Greninja, M|\n|poke|p2|Rillaboom, F|\n|poke|p2|Landorus-Therian, M|\n|teampreview\n|inactive|Battle timer is ON: inactive players will automatically lose when time's up. (requested by Rheinmetal)\n|\n|t:|1622046702\n|start\n|switch|p1a: Tyranitar|Tyranitar, M|100\/100\n|switch|p2a: Lord Anus|Landorus-Therian, M|100\/100\n|-ability|p2a: Lord Anus|Intimidate|boost\n|-unboost|p1a: Tyranitar|atk|1\n|-weather|Sandstorm|[from] ability: Sand Stream|[of] p1a: Tyranitar\n|turn|1\n|\n|t:|1622046707\n|move|p2a: Lord Anus|Stealth Rock|p1a: Tyranitar\n|-sidestart|p1: Rheinmetal|move: Stealth Rock\n|move|p1a: Tyranitar|Ice Beam|p2a: Lord Anus\n|-supereffective|p2a: Lord Anus\n|-damage|p2a: Lord Anus|3\/100\n|\n|-weather|Sandstorm|[upkeep]\n|upkeep\n|turn|2\n|\n|t:|1622046713\n|switch|p1a: Skarmory|Skarmory, M|100\/100\n|-damage|p1a: Skarmory|88\/100|[from] Stealth Rock\n|move|p2a: Lord Anus|Earthquake|p1a: Skarmory\n|-immune|p1a: Skarmory\n|\n|-weather|Sandstorm|[upkeep]\n|upkeep\n|turn|3\n|\n|t:|1622046723\n|move|p2a: Lord Anus|Explosion|p1a: Skarmory\n|-resisted|p1a: Skarmory\n|-damage|p1a: Skarmory|61\/100\n|faint|p2a: Lord Anus\n|move|p1a: Skarmory|Whirlwind|p2: Lord Anus|[notarget]\n|-fail|p1a: Skarmory\n|\n|-weather|Sandstorm|[upkeep]\n|upkeep\n|l|\u2606El Choro 37\n|inactive|El Choro 37 disconnected and has a minute to reconnect!\n|player|p2|\n|j|\u2606El Choro 37\n|inactive|El Choro 37 reconnected and has 120 seconds left.\n|player|p2|El Choro 37|lucas\n|\n|t:|1622046768\n|switch|p2a: Janie RNG|Greninja, M|100\/100\n|turn|4\n|\n|t:|1622046773\n|switch|p1a: Alomomola|Alomomola, M|100\/100\n|-damage|p1a: Alomomola|88\/100|[from] Stealth Rock\n|move|p2a: Janie RNG|Surf|p1a: Alomomola\n|-resisted|p1a: Alomomola\n|-damage|p1a: Alomomola|61\/100\n|\n|-weather|Sandstorm|[upkeep]\n|-damage|p2a: Janie RNG|95\/100|[from] Sandstorm\n|-damage|p1a: Alomomola|55\/100|[from] Sandstorm\n|-heal|p1a: Alomomola|61\/100|[from] item: Leftovers\n|upkeep\n|turn|5\n|\n|t:|1622046779\n|switch|p2a: Il Pepper|Pelipper, F|100\/100\n|-weather|RainDance|[from] ability: Drizzle|[of] p2a: Il Pepper\n|move|p1a: Alomomola|Wish|p1a: Alomomola\n|\n|-weather|RainDance|[upkeep]\n|-heal|p1a: Alomomola|68\/100|[from] item: Leftovers\n|upkeep\n|turn|6\n|\n|t:|1622046784\n|switch|p1a: Tyranitar|Tyranitar, M|100\/100\n|-damage|p1a: Tyranitar|88\/100|[from] Stealth Rock\n|-weather|Sandstorm|[from] ability: Sand Stream|[of] p1a: Tyranitar\n|move|p2a: Il Pepper|U-turn|p1a: Tyranitar\n|-supereffective|p1a: Tyranitar\n|-damage|p1a: Tyranitar|73\/100\n|\n|t:|1622046789\n|switch|p2a: Cook a Trix|Toxicroak, M|100\/100|[from]move: U-turn\n|-item|p2a: Cook a Trix|Air Balloon\n|\n|-weather|Sandstorm|[upkeep]\n|-damage|p2a: Cook a Trix|94\/100|[from] Sandstorm\n|-heal|p1a: Tyranitar|100\/100|[from] move: Wish|[wisher] Alomomola\n|upkeep\n|turn|7\n|\n|t:|1622046797\n|switch|p1a: Volcarona|Volcarona, M|100\/100\n|move|p2a: Cook a Trix|Drain Punch|p1a: Volcarona\n|-resisted|p1a: Volcarona\n|-damage|p1a: Volcarona|76\/100\n|-heal|p2a: Cook a Trix|100\/100|[from] drain|[of] p1a: Volcarona\n|\n|-weather|Sandstorm|[upkeep]\n|-damage|p1a: Volcarona|69\/100|[from] Sandstorm\n|-damage|p2a: Cook a Trix|94\/100|[from] Sandstorm\n|upkeep\n|turn|8\n|inactive|El Choro 37 has 120 seconds left.\n|\n|t:|1622046828\n|switch|p1a: Garchomp|Garchomp, M|100\/100\n|-damage|p1a: Garchomp|94\/100|[from] Stealth Rock\n|move|p2a: Cook a Trix|Poison Jab|p1a: Garchomp\n|-resisted|p1a: Garchomp\n|-damage|p1a: Garchomp|76\/100\n|\n|-weather|Sandstorm|[upkeep]\n|-damage|p2a: Cook a Trix|88\/100|[from] Sandstorm\n|upkeep\n|turn|9\n|\n|t:|1622046837\n|detailschange|p1a: Garchomp|Garchomp-Mega, M\n|-mega|p1a: Garchomp|Garchomp|Garchompite\n|move|p1a: Garchomp|Stone Edge|p2a: Cook a Trix\n|-resisted|p2a: Cook a Trix\n|-damage|p2a: Cook a Trix|43\/100\n|-enditem|p2a: Cook a Trix|Air Balloon\n|move|p2a: Cook a Trix|Drain Punch|p1a: Garchomp\n|-damage|p1a: Garchomp|43\/100\n|-heal|p2a: Cook a Trix|63\/100|[from] drain|[of] p1a: Garchomp\n|\n|-weather|Sandstorm|[upkeep]\n|-damage|p2a: Cook a Trix|57\/100|[from] Sandstorm\n|upkeep\n|turn|10\n|\n|t:|1622046849\n|switch|p2a: Il Pepper|Pelipper, F|100\/100\n|-weather|RainDance|[from] ability: Drizzle|[of] p2a: Il Pepper\n|move|p1a: Garchomp|Earthquake|p2a: Il Pepper\n|-immune|p2a: Il Pepper\n|\n|-weather|RainDance|[upkeep]\n|upkeep\n|turn|11\n|\n|t:|1622046855\n|move|p1a: Garchomp|Stone Edge|p2a: Il Pepper\n|-supereffective|p2a: Il Pepper\n|-damage|p2a: Il Pepper|4\/100\n|move|p2a: Il Pepper|U-turn|p1a: Garchomp\n|-damage|p1a: Garchomp|35\/100\n|\n|t:|1622046860\n|switch|p2a: Janie RNG|Greninja, M|95\/100|[from]move: U-turn\n|\n|-weather|RainDance|[upkeep]\n|upkeep\n|turn|12\n|\n|t:|1622046865\n|switch|p1a: Alomomola|Alomomola, M|100\/100\n|-damage|p1a: Alomomola|88\/100|[from] Stealth Rock\n|move|p2a: Janie RNG|Surf|p1a: Alomomola\n|-resisted|p1a: Alomomola\n|-damage|p1a: Alomomola|42\/100\n|\n|-weather|RainDance|[upkeep]\n|-heal|p1a: Alomomola|49\/100|[from] item: Leftovers\n|upkeep\n|turn|13\n|\n|t:|1622046876\n|move|p1a: Alomomola|Protect|p1a: Alomomola\n|-singleturn|p1a: Alomomola|Protect\n|move|p2a: Janie RNG|Surf|p1a: Alomomola\n|-activate|p1a: Alomomola|move: Protect\n|\n|-weather|RainDance|[upkeep]\n|-heal|p1a: Alomomola|55\/100|[from] item: Leftovers\n|upkeep\n|turn|14\n|\n|t:|1622046879\n|move|p2a: Janie RNG|Surf|p1a: Alomomola\n|-resisted|p1a: Alomomola\n|-damage|p1a: Alomomola|11\/100\n|move|p1a: Alomomola|Wish|p1a: Alomomola\n|\n|-weather|RainDance|[upkeep]\n|-heal|p1a: Alomomola|18\/100|[from] item: Leftovers\n|upkeep\n|turn|15\n|\n|t:|1622046884\n|switch|p2a: A Lil' Broom|Rillaboom, F|100\/100\n|-fieldstart|move: Grassy Terrain|[from] ability: Grassy Surge|[of] p2a: A Lil' Broom\n|move|p1a: Alomomola|Protect||[still]\n|-fail|p1a: Alomomola\n|\n|-weather|RainDance|[upkeep]\n|-heal|p1a: Alomomola|67\/100|[from] move: Wish|[wisher] Alomomola\n|-heal|p1a: Alomomola|74\/100|[from] Grassy Terrain\n|-heal|p1a: Alomomola|80\/100|[from] item: Leftovers\n|upkeep\n|turn|16\n|\n|t:|1622046893\n|switch|p1a: Skarmory|Skarmory, M|61\/100\n|-damage|p1a: Skarmory|48\/100|[from] Stealth Rock\n|move|p2a: A Lil' Broom|Swords Dance|p2a: A Lil' Broom\n|-boost|p2a: A Lil' Broom|atk|2\n|\n|-weather|RainDance|[upkeep]\n|upkeep\n|turn|17\n|\n|t:|1622046901\n|move|p2a: A Lil' Broom|Superpower|p1a: Skarmory\n|-damage|p1a: Skarmory|0 fnt\n|-unboost|p2a: A Lil' Broom|atk|1\n|-unboost|p2a: A Lil' Broom|def|1\n|-damage|p2a: A Lil' Broom|84\/100|[from] item: Rocky Helmet|[of] p1a: Skarmory\n|faint|p1a: Skarmory\n|-damage|p2a: A Lil' Broom|74\/100|[from] item: Life Orb\n|\n|-weather|none\n|-heal|p2a: A Lil' Broom|80\/100|[from] Grassy Terrain\n|upkeep\n|\n|t:|1622046907\n|switch|p1a: Volcarona|Volcarona, M|69\/100\n|turn|18\n|\n|t:|1622046915\n|move|p1a: Volcarona|Flamethrower|p2a: A Lil' Broom\n|-supereffective|p2a: A Lil' Broom\n|-damage|p2a: A Lil' Broom|0 fnt\n|faint|p2a: A Lil' Broom\n|\n|-heal|p1a: Volcarona|76\/100|[from] Grassy Terrain\n|upkeep\n|\n|t:|1622046921\n|switch|p2a: Janie RNG|Greninja, M|95\/100\n|turn|19\n|\n|t:|1622046926\n|switch|p1a: Alomomola|Alomomola, M|100\/100\n|-damage|p1a: Alomomola|88\/100|[from] Stealth Rock\n|move|p2a: Janie RNG|Dark Pulse|p1a: Alomomola\n|-damage|p1a: Alomomola|32\/100\n|\n|-heal|p2a: Janie RNG|100\/100|[from] Grassy Terrain\n|-heal|p1a: Alomomola|38\/100|[from] Grassy Terrain\n|-heal|p1a: Alomomola|44\/100|[from] item: Leftovers\n|-fieldend|move: Grassy Terrain\n|upkeep\n|turn|20\n|\n|t:|1622046934\n|switch|p2a: Il Pepper|Pelipper, F|4\/100\n|-weather|RainDance|[from] ability: Drizzle|[of] p2a: Il Pepper\n|switch|p1a: Tyranitar|Tyranitar, M|100\/100\n|-damage|p1a: Tyranitar|88\/100|[from] Stealth Rock\n|-weather|Sandstorm|[from] ability: Sand Stream|[of] p1a: Tyranitar\n|\n|-weather|Sandstorm|[upkeep]\n|-damage|p2a: Il Pepper|0 fnt|[from] Sandstorm\n|faint|p2a: Il Pepper\n|upkeep\n|\n|t:|1622046945\n|switch|p2a: Cook a Trix|Toxicroak, M|57\/100\n|turn|21\n|\n|t:|1622046948\n|switch|p1a: Volcarona|Volcarona, M|76\/100\n|move|p2a: Cook a Trix|Swords Dance|p2a: Cook a Trix\n|-boost|p2a: Cook a Trix|atk|2\n|\n|-weather|Sandstorm|[upkeep]\n|-damage|p1a: Volcarona|69\/100|[from] Sandstorm\n|-damage|p2a: Cook a Trix|50\/100|[from] Sandstorm\n|upkeep\n|turn|22\n|\n|t:|1622046951\n|move|p2a: Cook a Trix|Sucker Punch|p1a: Volcarona\n|-damage|p1a: Volcarona|5\/100\n|-status|p2a: Cook a Trix|brn|[from] ability: Flame Body|[of] p1a: Volcarona\n|move|p1a: Volcarona|Psychic|p2a: Cook a Trix\n|-supereffective|p2a: Cook a Trix\n|-damage|p2a: Cook a Trix|0 fnt\n|faint|p2a: Cook a Trix\n|\n|-weather|Sandstorm|[upkeep]\n|-damage|p1a: Volcarona|0 fnt|[from] Sandstorm\n|faint|p1a: Volcarona\n|upkeep\n|\n|t:|1622046962\n|switch|p1a: Excadrill|Excadrill, M|100\/100\n|switch|p2a: Janie RNG|Greninja, M|100\/100\n|-damage|p1a: Excadrill|97\/100|[from] Stealth Rock\n|turn|23\n|\n|t:|1622046971\n|move|p1a: Excadrill|Earthquake|p2a: Janie RNG\n|-damage|p2a: Janie RNG|8\/100\n|move|p2a: Janie RNG|Surf|p1a: Excadrill\n|-supereffective|p1a: Excadrill\n|-damage|p1a: Excadrill|0 fnt\n|faint|p1a: Excadrill\n|-activate|p2a: Janie RNG|ability: Battle Bond\n|detailschange|p2a: Janie RNG|Greninja-Ash, M\n|\n|-weather|Sandstorm|[upkeep]\n|-damage|p2a: Janie RNG|2\/100|[from] Sandstorm\n|upkeep\n|\n|t:|1622046978\n|switch|p1a: Garchomp|Garchomp-Mega, M|35\/100\n|-damage|p1a: Garchomp|29\/100|[from] Stealth Rock\n|turn|24\n|\n|t:|1622046987\n|switch|p1a: Alomomola|Alomomola, M|78\/100\n|-damage|p1a: Alomomola|65\/100|[from] Stealth Rock\n|move|p2a: Janie RNG|Surf|p1a: Alomomola\n|-resisted|p1a: Alomomola\n|-damage|p1a: Alomomola|25\/100\n|\n|-weather|Sandstorm|[upkeep]\n|-damage|p2a: Janie RNG|0 fnt|[from] Sandstorm\n|-damage|p1a: Alomomola|19\/100|[from] Sandstorm\n|faint|p2a: Janie RNG\n|-heal|p1a: Alomomola|25\/100|[from] item: Leftovers\n|upkeep\n|\n|t:|1622046989\n|switch|p2a: Throne of Or|Ferrothorn, F, shiny|100\/100\n|turn|25\n|\n|t:|1622046997\n|move|p1a: Alomomola|Protect|p1a: Alomomola\n|-singleturn|p1a: Alomomola|Protect\n|move|p2a: Throne of Or|Leech Seed|p1a: Alomomola\n|-activate|p1a: Alomomola|move: Protect\n|\n|-weather|Sandstorm|[upkeep]\n|-damage|p1a: Alomomola|19\/100|[from] Sandstorm\n|-heal|p1a: Alomomola|25\/100|[from] item: Leftovers\n|upkeep\n|turn|26\n|\n|t:|1622047008\n|switch|p1a: Tyranitar|Tyranitar, M|88\/100\n|-damage|p1a: Tyranitar|76\/100|[from] Stealth Rock\n|move|p2a: Throne of Or|Leech Seed|p1a: Tyranitar\n|-start|p1a: Tyranitar|move: Leech Seed\n|\n|-weather|Sandstorm|[upkeep]\n|-damage|p1a: Tyranitar|63\/100|[from] Leech Seed|[of] p2a: Throne of Or\n|upkeep\n|turn|27\n|\n|t:|1622047019\n|switch|p1a: Alomomola|Alomomola, M|59\/100\n|-damage|p1a: Alomomola|46\/100|[from] Stealth Rock\n|move|p2a: Throne of Or|Thunder Wave|p1a: Alomomola\n|-status|p1a: Alomomola|par\n|\n|-weather|none\n|-heal|p1a: Alomomola|52\/100 par|[from] item: Leftovers\n|upkeep\n|turn|28\n|\n|t:|1622047027\n|switch|p1a: Tyranitar|Tyranitar, M|63\/100\n|-damage|p1a: Tyranitar|51\/100|[from] Stealth Rock\n|-weather|Sandstorm|[from] ability: Sand Stream|[of] p1a: Tyranitar\n|move|p2a: Throne of Or|Leech Seed|p1a: Tyranitar\n|-start|p1a: Tyranitar|move: Leech Seed\n|\n|-weather|Sandstorm|[upkeep]\n|-damage|p1a: Tyranitar|39\/100|[from] Leech Seed|[of] p2a: Throne of Or\n|upkeep\n|turn|29\n|\n|t:|1622047044\n|move|p1a: Tyranitar|Ice Beam|p2a: Throne of Or\n|-damage|p2a: Throne of Or|89\/100\n|move|p2a: Throne of Or|Spikes|p1a: Tyranitar\n|-sidestart|p1: Rheinmetal|Spikes\n|\n|-weather|Sandstorm|[upkeep]\n|-heal|p2a: Throne of Or|95\/100|[from] item: Leftovers\n|-damage|p1a: Tyranitar|26\/100|[from] Leech Seed|[of] p2a: Throne of Or\n|-heal|p2a: Throne of Or|100\/100|[silent]\n|upkeep\n|turn|30\n|\n|t:|1622047050\n|move|p1a: Tyranitar|Pursuit|p2a: Throne of Or\n|-damage|p2a: Throne of Or|87\/100\n|-damage|p1a: Tyranitar|14\/100|[from] ability: Iron Barbs|[of] p2a: Throne of Or\n|move|p2a: Throne of Or|Thunder Wave|p1a: Tyranitar\n|-status|p1a: Tyranitar|par\n|\n|-weather|Sandstorm|[upkeep]\n|-heal|p2a: Throne of Or|93\/100|[from] item: Leftovers\n|-damage|p1a: Tyranitar|1\/100 par|[from] Leech Seed|[of] p2a: Throne of Or\n|-heal|p2a: Throne of Or|100\/100|[silent]\n|upkeep\n|turn|31\n|\n|t:|1622047056\n|move|p1a: Tyranitar|Pursuit|p2a: Throne of Or\n|-damage|p2a: Throne of Or|87\/100\n|-damage|p1a: Tyranitar|0 fnt|[from] ability: Iron Barbs|[of] p2a: Throne of Or\n|faint|p1a: Tyranitar\n|move|p2a: Throne of Or|Spikes|p1: Tyranitar\n|-sidestart|p1: Rheinmetal|Spikes\n|\n|-weather|Sandstorm|[upkeep]\n|-heal|p2a: Throne of Or|94\/100|[from] item: Leftovers\n|upkeep\n|\n|t:|1622047059\n|switch|p1a: Alomomola|Alomomola, M|86\/100 par\n|-damage|p1a: Alomomola|73\/100 par|[from] Stealth Rock\n|-damage|p1a: Alomomola|56\/100 par|[from] Spikes\n|turn|32\n|\n|t:|1622047068\n|move|p1a: Alomomola|Scald|p2a: Throne of Or\n|-resisted|p2a: Throne of Or\n|-damage|p2a: Throne of Or|89\/100\n|-status|p2a: Throne of Or|brn\n|move|p2a: Throne of Or|Leech Seed|p1a: Alomomola\n|-start|p1a: Alomomola|move: Leech Seed\n|\n|-weather|Sandstorm|[upkeep]\n|-damage|p1a: Alomomola|50\/100 par|[from] Sandstorm\n|-heal|p1a: Alomomola|56\/100 par|[from] item: Leftovers\n|-heal|p2a: Throne of Or|96\/100 brn|[from] item: Leftovers\n|-damage|p1a: Alomomola|44\/100 par|[from] Leech Seed|[of] p2a: Throne of Or\n|-heal|p2a: Throne of Or|100\/100 brn|[silent]\n|-damage|p2a: Throne of Or|94\/100 brn|[from] brn\n|upkeep\n|turn|33\n|\n|t:|1622047079\n|cant|p1a: Alomomola|par\n|move|p2a: Throne of Or|Spikes|p1a: Alomomola\n|-sidestart|p1: Rheinmetal|Spikes\n|\n|-weather|Sandstorm|[upkeep]\n|-damage|p1a: Alomomola|38\/100 par|[from] Sandstorm\n|-heal|p1a: Alomomola|44\/100 par|[from] item: Leftovers\n|-heal|p2a: Throne of Or|100\/100 brn|[from] item: Leftovers\n|-damage|p1a: Alomomola|31\/100 par|[from] Leech Seed|[of] p2a: Throne of Or\n|-damage|p2a: Throne of Or|94\/100 brn|[from] brn\n|upkeep\n|turn|34\n|\n|t:|1622047087\n|move|p1a: Alomomola|Wish|p1a: Alomomola\n|move|p2a: Throne of Or|Knock Off|p1a: Alomomola\n|-damage|p1a: Alomomola|25\/100 par\n|-enditem|p1a: Alomomola|Leftovers|[from] move: Knock Off|[of] p2a: Throne of Or\n|\n|-weather|Sandstorm|[upkeep]\n|-damage|p1a: Alomomola|19\/100 par|[from] Sandstorm\n|-heal|p2a: Throne of Or|100\/100 brn|[from] item: Leftovers\n|-damage|p1a: Alomomola|7\/100 par|[from] Leech Seed|[of] p2a: Throne of Or\n|-damage|p2a: Throne of Or|94\/100 brn|[from] brn\n|upkeep\n|turn|35\n|\n|t:|1622047094\n|move|p1a: Alomomola|Protect|p1a: Alomomola\n|-singleturn|p1a: Alomomola|Protect\n|move|p2a: Throne of Or|Knock Off|p1a: Alomomola\n|-activate|p1a: Alomomola|move: Protect\n|\n|-weather|none\n|-heal|p1a: Alomomola|57\/100 par|[from] move: Wish|[wisher] Alomomola\n|-heal|p2a: Throne of Or|100\/100 brn|[from] item: Leftovers\n|-damage|p1a: Alomomola|44\/100 par|[from] Leech Seed|[of] p2a: Throne of Or\n|-damage|p2a: Throne of Or|94\/100 brn|[from] brn\n|upkeep\n|turn|36\n|\n|t:|1622047111\n|cant|p1a: Alomomola|par\n|move|p2a: Throne of Or|Knock Off|p1a: Alomomola\n|-damage|p1a: Alomomola|40\/100 par\n|\n|-heal|p2a: Throne of Or|100\/100 brn|[from] item: Leftovers\n|-damage|p1a: Alomomola|28\/100 par|[from] Leech Seed|[of] p2a: Throne of Or\n|-damage|p2a: Throne of Or|94\/100 brn|[from] brn\n|upkeep\n|turn|37\n|\n|t:|1622047114\n|move|p1a: Alomomola|Wish|p1a: Alomomola\n|move|p2a: Throne of Or|Knock Off|p1a: Alomomola\n|-damage|p1a: Alomomola|23\/100 par\n|\n|-heal|p2a: Throne of Or|100\/100 brn|[from] item: Leftovers\n|-damage|p1a: Alomomola|11\/100 par|[from] Leech Seed|[of] p2a: Throne of Or\n|-damage|p2a: Throne of Or|94\/100 brn|[from] brn\n|upkeep\n|turn|38\n|\n|t:|1622047122\n|cant|p1a: Alomomola|par\n|move|p2a: Throne of Or|Knock Off|p1a: Alomomola\n|-damage|p1a: Alomomola|7\/100 par\n|\n|-heal|p1a: Alomomola|57\/100 par|[from] move: Wish|[wisher] Alomomola\n|-heal|p2a: Throne of Or|100\/100 brn|[from] item: Leftovers\n|-damage|p1a: Alomomola|44\/100 par|[from] Leech Seed|[of] p2a: Throne of Or\n|-damage|p2a: Throne of Or|94\/100 brn|[from] brn\n|upkeep\n|turn|39\n|-message|Rheinmetal forfeited.\n|\n|win|El Choro 37\n|raw|Rheinmetal's rating: 1513 &rarr; <strong>1503<\/strong><br \/>(-10 for losing)\n|raw|El Choro 37's rating: 1709 &rarr; <strong>1719<\/strong><br \/>(+10 for winning)\n|l|\u2606Rheinmetal\n","uploadtime":1622047160,"views":19,"p1id":"rheinmetal","p2id":"elchoro37","formatid":"gen8nationaldex","rating":1503,"private":0,"password":null}