{"id":"gen8ubers-1142432729","p1":"Blue chen","p2":"LeBarBURR2","format":"gen8ubers","log":"|j|\u2606Blue chen\n|j|\u2606LeBarBURR2\n|player|p1|Blue chen|karen|1738\n|player|p2|LeBarBURR2|rancher|1530\n|teamsize|p1|6\n|teamsize|p2|6\n|gametype|singles\n|gen|8\n|tier|[Gen 8] Ubers\n|rated|\n|clearpoke\n|poke|p1|Pelipper, M|\n|poke|p1|Drednaw, M|\n|poke|p1|Eternatus|\n|poke|p1|Urshifu-*, M|\n|poke|p1|Necrozma-Dusk-Mane|\n|poke|p1|Zacian-Crowned|\n|poke|p2|Zacian-Crowned|\n|poke|p2|Slurpuff, M|\n|poke|p2|Kyurem-Black|\n|poke|p2|Polteageist-Antique|\n|poke|p2|Weezing-Galar, F|\n|poke|p2|Excadrill, M|\n|rule|Sleep Clause Mod: Limit one foe put to sleep\n|rule|Species Clause: Limit one of each Pok\u00e9mon\n|rule|OHKO Clause: OHKO moves are banned\n|rule|Evasion Moves Clause: Evasion moves are banned\n|rule|Endless Battle Clause: Forcing endless battles is banned\n|rule|HP Percentage Mod: HP is shown in percentages\n|html|Ubers Dynamax Clause: Pok\u00e9mon on the <a href=\"https:\/\/www.smogon.com\/dex\/ss\/formats\/uber\/\">Ubers Dynamax Banlist<\/a> cannot Dynamax.\n|teampreview\n|\n|start\n|switch|p1a: Urshifu|Urshifu, M|100\/100\n|switch|p2a: Polteageist|Polteageist-Antique|100\/100\n|turn|1\n|\n|move|p1a: Urshifu|Substitute|p1a: Urshifu\n|-start|p1a: Urshifu|Substitute\n|-damage|p1a: Urshifu|76\/100\n|move|p2a: Polteageist|Shell Smash|p2a: Polteageist\n|-unboost|p2a: Polteageist|def|1\n|-unboost|p2a: Polteageist|spd|1\n|-boost|p2a: Polteageist|atk|2\n|-boost|p2a: Polteageist|spa|2\n|-boost|p2a: Polteageist|spe|2\n|\n|-heal|p1a: Urshifu|82\/100|[from] item: Leftovers\n|upkeep\n|turn|2\n|\n|move|p2a: Polteageist|Shell Smash|p2a: Polteageist\n|-unboost|p2a: Polteageist|def|1\n|-unboost|p2a: Polteageist|spd|1\n|-boost|p2a: Polteageist|atk|2\n|-boost|p2a: Polteageist|spa|2\n|-boost|p2a: Polteageist|spe|2\n|move|p1a: Urshifu|Wicked Blow|p2a: Polteageist\n|-supereffective|p2a: Polteageist\n|-crit|p2a: Polteageist\n|-enditem|p2a: Polteageist|Focus Sash\n|-damage|p2a: Polteageist|1\/100\n|-ability|p2a: Polteageist|Weak Armor|boost\n|-unboost|p2a: Polteageist|def|1\n|-boost|p2a: Polteageist|spe|2\n|\n|-heal|p1a: Urshifu|88\/100|[from] item: Leftovers\n|upkeep\n|turn|3\n|\n|move|p2a: Polteageist|Baton Pass|p2a: Polteageist\n|\n|switch|p2a: Weezing|Weezing-Galar, F|100\/100|[from]move: Baton Pass\n|-enditem|p2a: Weezing|White Herb\n|-clearnegativeboost|p2a: Weezing|[silent]\n|-ability|p2a: Weezing|Neutralizing Gas\n|move|p1a: Urshifu|Wicked Blow|p2a: Weezing\n|-resisted|p2a: Weezing\n|-crit|p2a: Weezing\n|-damage|p2a: Weezing|67\/100\n|\n|-heal|p1a: Urshifu|94\/100|[from] item: Leftovers\n|upkeep\n|turn|4\n|\n|-start|p2a: Weezing|Dynamax\n|-heal|p2a: Weezing|67\/100|[silent]\n|move|p2a: Weezing|Max Flare|p1a: Urshifu\n|-crit|p1a: Urshifu\n|-end|p1a: Urshifu|Substitute\n|-weather|SunnyDay\n|move|p1a: Urshifu|Wicked Blow|p2a: Weezing\n|-resisted|p2a: Weezing\n|-crit|p2a: Weezing\n|-damage|p2a: Weezing|50\/100\n|\n|-weather|SunnyDay|[upkeep]\n|-heal|p1a: Urshifu|99\/100|[from] item: Leftovers\n|upkeep\n|turn|5\n|\n|switch|p1a: Eternatus|Eternatus|100\/100\n|move|p2a: Weezing|Max Starfall|p1a: Eternatus\n|-damage|p1a: Eternatus|0 fnt\n|-fieldstart|move: Misty Terrain\n|faint|p1a: Eternatus\n|\n|-weather|SunnyDay|[upkeep]\n|upkeep\n|\n|switch|p1a: Pelipper|Pelipper, M|100\/100\n|turn|6\n|\n|switch|p1a: Necrozma|Necrozma-Dusk-Mane|100\/100\n|move|p2a: Weezing|Max Lightning|p1a: Necrozma\n|-damage|p1a: Necrozma|17\/100\n|-fieldstart|move: Electric Terrain\n|\n|-weather|SunnyDay|[upkeep]\n|-heal|p1a: Necrozma|23\/100|[from] item: Leftovers\n|-end|p2a: Weezing|Dynamax\n|-heal|p2a: Weezing|50\/100|[silent]\n|upkeep\n|turn|7\n|\n|move|p2a: Weezing|Thunderbolt|p1a: Necrozma\n|-damage|p1a: Necrozma|0 fnt\n|faint|p1a: Necrozma\n|\n|-weather|SunnyDay|[upkeep]\n|upkeep\n|\n|switch|p1a: Zacian|Zacian-Crowned|100\/100\n|turn|8\n|\n|move|p2a: Weezing|Thunderbolt|p1a: Zacian\n|-damage|p1a: Zacian|12\/100\n|-status|p1a: Zacian|par\n|move|p1a: Zacian|Behemoth Blade|p2a: Weezing\n|-supereffective|p2a: Weezing\n|-damage|p2a: Weezing|0 fnt\n|faint|p2a: Weezing\n|-ability|p1a: Zacian|Intrepid Sword|boost\n|-boost|p1a: Zacian|atk|1\n|\n|-weather|none\n|upkeep\n|\n|switch|p2a: Kyurem|Kyurem-Black|100\/100\n|-ability|p2a: Kyurem|Teravolt\n|turn|9\n|\n|move|p2a: Kyurem|Dragon Dance|p2a: Kyurem\n|-boost|p2a: Kyurem|atk|1\n|-boost|p2a: Kyurem|spe|1\n|move|p1a: Zacian|Behemoth Blade|p2a: Kyurem\n|-supereffective|p2a: Kyurem\n|-damage|p2a: Kyurem|0 fnt\n|faint|p2a: Kyurem\n|\n|upkeep\n|\n|switch|p2a: Excadrill|Excadrill, M|100\/100\n|-ability|p2a: Excadrill|Mold Breaker\n|turn|10\n|\n|move|p2a: Excadrill|Rapid Spin|p1a: Zacian\n|-resisted|p1a: Zacian\n|-damage|p1a: Zacian|4\/100 par\n|-boost|p2a: Excadrill|spe|1\n|cant|p1a: Zacian|par\n|\n|-fieldend|move: Electric Terrain\n|upkeep\n|turn|11\n|\n|move|p2a: Excadrill|Rapid Spin|p1a: Zacian\n|-resisted|p1a: Zacian\n|-damage|p1a: Zacian|0 fnt\n|-boost|p2a: Excadrill|spe|1\n|faint|p1a: Zacian\n|\n|upkeep\n|\n|switch|p1a: Pelipper|Pelipper, M|100\/100\n|-weather|RainDance|[from] ability: Drizzle|[of] p1a: Pelipper\n|turn|12\n|\n|move|p2a: Excadrill|Stealth Rock|p1a: Pelipper\n|-sidestart|p1: Blue chen|move: Stealth Rock\n|move|p1a: Pelipper|Scald|p2a: Excadrill\n|-supereffective|p2a: Excadrill\n|-enditem|p2a: Excadrill|Focus Sash\n|-damage|p2a: Excadrill|1\/100\n|\n|-weather|RainDance|[upkeep]\n|upkeep\n|turn|13\n|\n|move|p2a: Excadrill|Rock Tomb|p1a: Pelipper\n|-supereffective|p1a: Pelipper\n|-damage|p1a: Pelipper|66\/100\n|-unboost|p1a: Pelipper|spe|1\n|move|p1a: Pelipper|U-turn|p2a: Excadrill\n|-resisted|p2a: Excadrill\n|-damage|p2a: Excadrill|0 fnt\n|faint|p2a: Excadrill\n|\n|switch|p1a: Drednaw|Drednaw, M|100\/100|[from]move: U-turn\n|-damage|p1a: Drednaw|88\/100|[from] Stealth Rock\n|\n|-weather|RainDance|[upkeep]\n|upkeep\n|\n|switch|p2a: Slurpuff|Slurpuff, M|100\/100\n|turn|14\n|\n|-start|p1a: Drednaw|Dynamax\n|-formechange|p1a: Drednaw|Drednaw-Gmax\n|-heal|p1a: Drednaw|88\/100|[silent]\n|move|p1a: Drednaw|G-Max Stonesurge|p2a: Slurpuff\n|-enditem|p2a: Slurpuff|Focus Sash\n|-damage|p2a: Slurpuff|1\/100\n|-sidestart|p2: LeBarBURR2|move: Stealth Rock\n|-damage|p1a: Drednaw|83\/100|[from] item: Life Orb\n|move|p2a: Slurpuff|Yawn|p1a: Drednaw\n|-start|p1a: Drednaw|move: Yawn|[of] p2a: Slurpuff\n|\n|-weather|RainDance|[upkeep]\n|upkeep\n|turn|15\n|\n|-end|p1a: Drednaw|Dynamax\n|-formechange|p1a: Drednaw|Drednaw\n|-heal|p1a: Drednaw|83\/100|[silent]\n|switch|p1a: Pelipper|Pelipper, M|66\/100\n|-damage|p1a: Pelipper|41\/100|[from] Stealth Rock\n|move|p2a: Slurpuff|Endeavor|p1a: Pelipper\n|-damage|p1a: Pelipper|1\/100\n|\n|-weather|RainDance|[upkeep]\n|upkeep\n|turn|16\n|\n|move|p2a: Slurpuff|Flamethrower|p1a: Pelipper\n|-resisted|p1a: Pelipper\n|-damage|p1a: Pelipper|0 fnt\n|faint|p1a: Pelipper\n|\n|-weather|RainDance|[upkeep]\n|upkeep\n|\n|switch|p1a: Drednaw|Drednaw, M|83\/100\n|-damage|p1a: Drednaw|71\/100|[from] Stealth Rock\n|turn|17\n|\n|move|p1a: Drednaw|Liquidation|p2a: Slurpuff\n|-damage|p2a: Slurpuff|0 fnt\n|-damage|p1a: Drednaw|61\/100|[from] item: Life Orb\n|faint|p2a: Slurpuff\n|\n|-weather|RainDance|[upkeep]\n|upkeep\n|\n|switch|p2a: Zacian|Zacian-Crowned|100\/100\n|-damage|p2a: Zacian|94\/100|[from] Stealth Rock\n|-ability|p2a: Zacian|Intrepid Sword|boost\n|-boost|p2a: Zacian|atk|1\n|turn|18\n|\n|move|p1a: Drednaw|Earthquake|p2a: Zacian\n|-supereffective|p2a: Zacian\n|-damage|p2a: Zacian|10\/100\n|-damage|p1a: Drednaw|51\/100|[from] item: Life Orb\n|move|p2a: Zacian|Behemoth Blade|p1a: Drednaw\n|-damage|p1a: Drednaw|0 fnt\n|faint|p1a: Drednaw\n|\n|-weather|RainDance|[upkeep]\n|upkeep\n|\n|switch|p1a: Urshifu|Urshifu, M|99\/100\n|-damage|p1a: Urshifu|94\/100|[from] Stealth Rock\n|turn|19\n|\n|move|p2a: Zacian|Close Combat|p1a: Urshifu\n|-supereffective|p1a: Urshifu\n|-damage|p1a: Urshifu|0 fnt\n|-unboost|p2a: Zacian|def|1\n|-unboost|p2a: Zacian|spd|1\n|faint|p1a: Urshifu\n|\n|win|LeBarBURR2\n|raw|Blue chen's rating: 1738 &rarr; <strong>1707<\/strong><br \/>(-31 for losing)\n|raw|LeBarBURR2's rating: 1530 &rarr; <strong>1561<\/strong><br \/>(+31 for winning)\n","uploadtime":1593505900,"views":23,"p1id":"bluechen","p2id":"lebarburr2","formatid":"gen8ubers","rating":1561,"private":0,"password":null}