{"id":"gen8ou-1611693703","p1":"Lil Plasma","p2":"bizarman","format":"gen8ou","log":"|j|\u2606Lil Plasma\n|j|\u2606bizarman\n|t:|1657133264\n|gametype|singles\n|player|p1|Lil Plasma|ghetsis|1758\n|player|p2|bizarman|scientist-gen4|1688\n|teamsize|p1|6\n|teamsize|p2|6\n|gen|8\n|tier|[Gen 8] OU\n|rated|\n|rule|Sleep Clause Mod: Limit one foe put to sleep\n|rule|Species Clause: Limit one of each Pok\u00e9mon\n|rule|OHKO Clause: OHKO moves are banned\n|rule|Evasion Moves Clause: Evasion moves are banned\n|rule|Endless Battle Clause: Forcing endless battles is banned\n|rule|HP Percentage Mod: HP is shown in percentages\n|rule|Dynamax Clause: You cannot dynamax\n|clearpoke\n|poke|p1|Mienshao, M|\n|poke|p1|Toxapex, F|\n|poke|p1|Reuniclus, M|\n|poke|p1|Scizor, M|\n|poke|p1|Landorus-Therian, M|\n|poke|p1|Tapu Koko|\n|poke|p2|Blacephalon|\n|poke|p2|Tapu Lele|\n|poke|p2|Garchomp, F|\n|poke|p2|Corviknight, M|\n|poke|p2|Clefable, F|\n|poke|p2|Urshifu-*, F|\n|teampreview\n|\n|t:|1657133277\n|start\n|switch|p1a: Rude Defazz|Mienshao, M|100\/100\n|switch|p2a: Clefable|Clefable, F|100\/100\n|turn|1\n|inactive|Battle timer is ON: inactive players will automatically lose when time's up. (requested by bizarman)\n|\n|t:|1657133283\n|move|p1a: Rude Defazz|U-turn|p2a: Clefable\n|-resisted|p2a: Clefable\n|-damage|p2a: Clefable|79\/100\n|\n|t:|1657133287\n|switch|p1a: Bwoidem|Toxapex, F|100\/100|[from]move: U-turn\n|move|p2a: Clefable|Stealth Rock|p1a: Bwoidem\n|-sidestart|p1: Lil Plasma|move: Stealth Rock\n|\n|upkeep\n|turn|2\n|\n|t:|1657133293\n|move|p2a: Clefable|Trick|p1a: Bwoidem\n|-activate|p2a: Clefable|move: Trick|[of] p1a: Bwoidem\n|-item|p1a: Bwoidem|Sticky Barb|[from] move: Trick\n|-item|p2a: Clefable|Shed Shell|[from] move: Trick\n|move|p1a: Bwoidem|Scald|p2a: Clefable\n|-damage|p2a: Clefable|68\/100\n|\n|-damage|p1a: Bwoidem|88\/100|[from] item: Sticky Barb\n|upkeep\n|turn|3\n|\n|t:|1657133301\n|switch|p2a: Tapu Lele|Tapu Lele|100\/100\n|-fieldstart|move: Psychic Terrain|[from] ability: Psychic Surge|[of] p2a: Tapu Lele\n|move|p1a: Bwoidem|Scald|p2a: Tapu Lele\n|-damage|p2a: Tapu Lele|82\/100\n|\n|-damage|p1a: Bwoidem|75\/100|[from] item: Sticky Barb\n|upkeep\n|turn|4\n|\n|t:|1657133313\n|switch|p2a: Blacephalon|Blacephalon|100\/100\n|switch|p1a: Truey Jacket|Reuniclus, M|100\/100\n|-damage|p1a: Truey Jacket|88\/100|[from] Stealth Rock\n|\n|upkeep\n|turn|5\n|\n|t:|1657133319\n|move|p2a: Blacephalon|Shadow Ball|p1a: Truey Jacket\n|-supereffective|p1a: Truey Jacket\n|-damage|p1a: Truey Jacket|47\/100\n|-unboost|p1a: Truey Jacket|spd|1\n|move|p1a: Truey Jacket|Knock Off|p2a: Blacephalon\n|-supereffective|p2a: Blacephalon\n|-damage|p2a: Blacephalon|36\/100\n|-enditem|p2a: Blacephalon|Choice Scarf|[from] move: Knock Off|[of] p1a: Truey Jacket\n|\n|upkeep\n|turn|6\n|\n|t:|1657133329\n|switch|p1a: Bwoidem|Toxapex, F|100\/100\n|-damage|p1a: Bwoidem|88\/100|[from] Stealth Rock\n|move|p2a: Blacephalon|Shadow Ball|p1a: Bwoidem\n|-damage|p1a: Bwoidem|56\/100\n|-unboost|p1a: Bwoidem|spd|1\n|\n|-damage|p1a: Bwoidem|44\/100|[from] item: Sticky Barb\n|upkeep\n|turn|7\n|\n|t:|1657133338\n|switch|p1a: AKA ITS NOT NICE|Landorus-Therian, M|100\/100\n|-damage|p1a: AKA ITS NOT NICE|88\/100|[from] Stealth Rock\n|-ability|p1a: AKA ITS NOT NICE|Intimidate|boost\n|-unboost|p2a: Blacephalon|atk|1\n|move|p2a: Blacephalon|Expanding Force|p1a: AKA ITS NOT NICE\n|-damage|p1a: AKA ITS NOT NICE|39\/100\n|\n|-heal|p1a: AKA ITS NOT NICE|45\/100|[from] item: Leftovers\n|-fieldend|move: Psychic Terrain\n|upkeep\n|turn|8\n|\n|t:|1657133348\n|switch|p2a: Corviknight|Corviknight, M|100\/100\n|-ability|p2a: Corviknight|Pressure\n|move|p1a: AKA ITS NOT NICE|Stealth Rock|p2a: Corviknight\n|-sidestart|p2: bizarman|move: Stealth Rock\n|\n|-heal|p1a: AKA ITS NOT NICE|51\/100|[from] item: Leftovers\n|upkeep\n|turn|9\n|\n|t:|1657133356\n|move|p1a: AKA ITS NOT NICE|U-turn|p2a: Corviknight\n|-resisted|p2a: Corviknight\n|-damage|p2a: Corviknight|97\/100\n|-damage|p1a: AKA ITS NOT NICE|35\/100|[from] item: Rocky Helmet|[of] p2a: Corviknight\n|\n|t:|1657133360\n|switch|p1a: Wozz Reciever|Tapu Koko|100\/100|[from]move: U-turn\n|-fieldstart|move: Electric Terrain|[from] ability: Electric Surge|[of] p1a: Wozz Reciever\n|move|p2a: Corviknight|U-turn|p1a: Wozz Reciever\n|-resisted|p1a: Wozz Reciever\n|-damage|p1a: Wozz Reciever|91\/100\n|\n|t:|1657133373\n|switch|p2a: Tapu Lele|Tapu Lele|82\/100|[from]move: U-turn\n|-damage|p2a: Tapu Lele|70\/100|[from] Stealth Rock\n|-fieldstart|move: Psychic Terrain|[from] ability: Psychic Surge|[of] p2a: Tapu Lele\n|\n|upkeep\n|turn|10\n|\n|t:|1657133379\n|switch|p1a: Truey Jacket|Reuniclus, M|80\/100\n|-damage|p1a: Truey Jacket|68\/100|[from] Stealth Rock\n|move|p2a: Tapu Lele|Psychic|p1a: Truey Jacket\n|-resisted|p1a: Truey Jacket\n|-damage|p1a: Truey Jacket|46\/100\n|\n|upkeep\n|turn|11\n|j| Edudoge\n|\n|t:|1657133393\n|switch|p2a: Urshifu|Urshifu-Rapid-Strike, F|100\/100\n|-damage|p2a: Urshifu|94\/100|[from] Stealth Rock\n|move|p1a: Truey Jacket|Future Sight|p2a: Urshifu\n|-start|p1a: Truey Jacket|move: Future Sight\n|\n|upkeep\n|turn|12\n|\n|t:|1657133399\n|switch|p1a: Bwoidem|Toxapex, F|77\/100\n|-damage|p1a: Bwoidem|64\/100|[from] Stealth Rock\n|move|p2a: Urshifu|U-turn|p1a: Bwoidem\n|-resisted|p1a: Bwoidem\n|-damage|p1a: Bwoidem|56\/100\n|l| Edudoge\n|\n|t:|1657133408\n|switch|p2a: Garchomp|Garchomp, F|100\/100|[from]move: U-turn\n|-damage|p2a: Garchomp|94\/100|[from] Stealth Rock\n|\n|-heal|p2a: Garchomp|100\/100|[from] item: Leftovers\n|-damage|p1a: Bwoidem|44\/100|[from] item: Sticky Barb\n|upkeep\n|turn|13\n|\n|t:|1657133416\n|switch|p1a: AKA ITS NOT NICE|Landorus-Therian, M|35\/100\n|-damage|p1a: AKA ITS NOT NICE|22\/100|[from] Stealth Rock\n|-ability|p1a: AKA ITS NOT NICE|Intimidate|boost\n|-unboost|p2a: Garchomp|atk|1\n|move|p2a: Garchomp|Scale Shot|p1a: AKA ITS NOT NICE\n|-damage|p1a: AKA ITS NOT NICE|15\/100\n|-damage|p1a: AKA ITS NOT NICE|6\/100\n|-damage|p1a: AKA ITS NOT NICE|0 fnt\n|faint|p1a: AKA ITS NOT NICE\n|-hitcount|p1: AKA ITS NOT NICE|3\n|-unboost|p2a: Garchomp|def|1\n|-boost|p2a: Garchomp|spe|1\n|\n|-end|p2a: Garchomp|move: Future Sight\n|-damage|p2a: Garchomp|25\/100\n|-heal|p2a: Garchomp|31\/100|[from] item: Leftovers\n|-fieldend|move: Psychic Terrain\n|upkeep\n|\n|t:|1657133428\n|switch|p1a: Black Timbs|Scizor, M|100\/100\n|turn|14\n|\n|t:|1657133438\n|switch|p2a: Corviknight|Corviknight, M|97\/100\n|-damage|p2a: Corviknight|85\/100|[from] Stealth Rock\n|-ability|p2a: Corviknight|Pressure\n|move|p1a: Black Timbs|U-turn|p2a: Corviknight\n|-resisted|p2a: Corviknight\n|-damage|p2a: Corviknight|80\/100\n|-damage|p1a: Black Timbs|84\/100|[from] item: Rocky Helmet|[of] p2a: Corviknight\n|\n|t:|1657133440\n|switch|p1a: Wozz Reciever|Tapu Koko|91\/100|[from]move: U-turn\n|-fieldstart|move: Electric Terrain|[from] ability: Electric Surge|[of] p1a: Wozz Reciever\n|\n|upkeep\n|turn|15\n|inactive|bizarman has 120 seconds left.\n|inactive|bizarman has 90 seconds left.\n|\n|t:|1657133508\n|switch|p2a: Garchomp|Garchomp, F|31\/100\n|-damage|p2a: Garchomp|25\/100|[from] Stealth Rock\n|move|p1a: Wozz Reciever|Thunderbolt|p2a: Garchomp\n|-immune|p2a: Garchomp\n|\n|-heal|p2a: Garchomp|31\/100|[from] item: Leftovers\n|upkeep\n|turn|16\n|inactive|bizarman has 90 seconds left.\n|\n|t:|1657133519\n|switch|p2a: Clefable|Clefable, F|68\/100\n|move|p1a: Wozz Reciever|Dazzling Gleam|p2a: Clefable\n|-damage|p2a: Clefable|45\/100\n|\n|upkeep\n|turn|17\n|inactive|bizarman has 90 seconds left.\n|\n|t:|1657133525\n|move|p1a: Wozz Reciever|Thunderbolt|p2a: Clefable\n|-damage|p2a: Clefable|13\/100\n|move|p2a: Clefable|Soft-Boiled|p2a: Clefable\n|-heal|p2a: Clefable|63\/100\n|\n|upkeep\n|turn|18\n|\n|t:|1657133531\n|move|p1a: Wozz Reciever|Thunderbolt|p2a: Clefable\n|-damage|p2a: Clefable|28\/100\n|move|p2a: Clefable|Soft-Boiled|p2a: Clefable\n|-heal|p2a: Clefable|78\/100\n|\n|-fieldend|move: Electric Terrain\n|upkeep\n|turn|19\n|\n|t:|1657133537\n|move|p1a: Wozz Reciever|U-turn|p2a: Clefable\n|-resisted|p2a: Clefable\n|-damage|p2a: Clefable|68\/100\n|\n|t:|1657133540\n|switch|p1a: Truey Jacket|Reuniclus, M|80\/100|[from]move: U-turn\n|-damage|p1a: Truey Jacket|67\/100|[from] Stealth Rock\n|move|p2a: Clefable|Moonblast|p1a: Truey Jacket\n|-damage|p1a: Truey Jacket|53\/100\n|-unboost|p1a: Truey Jacket|spa|1\n|\n|upkeep\n|turn|20\n|\n|t:|1657133553\n|switch|p2a: Urshifu|Urshifu-Rapid-Strike, F|94\/100\n|-damage|p2a: Urshifu|88\/100|[from] Stealth Rock\n|move|p1a: Truey Jacket|Knock Off|p2a: Urshifu\n|-resisted|p2a: Urshifu\n|-damage|p2a: Urshifu|81\/100\n|-enditem|p2a: Urshifu|Protective Pads|[from] move: Knock Off|[of] p1a: Truey Jacket\n|\n|upkeep\n|turn|21\n|\n|t:|1657133560\n|switch|p1a: Bwoidem|Toxapex, F|77\/100\n|-damage|p1a: Bwoidem|64\/100|[from] Stealth Rock\n|move|p2a: Urshifu|Surging Strikes|p1a: Bwoidem\n|-resisted|p1a: Bwoidem\n|-crit|p1a: Bwoidem\n|-damage|p1a: Bwoidem|57\/100\n|-resisted|p1a: Bwoidem\n|-crit|p1a: Bwoidem\n|-damage|p1a: Bwoidem|49\/100\n|-resisted|p1a: Bwoidem\n|-crit|p1a: Bwoidem\n|-damage|p1a: Bwoidem|42\/100\n|-hitcount|p1a: Bwoidem|3\n|\n|-damage|p2a: Urshifu|69\/100|[from] item: Sticky Barb\n|upkeep\n|turn|22\n|\n|t:|1657133577\n|move|p2a: Urshifu|U-turn|p1a: Bwoidem\n|-resisted|p1a: Bwoidem\n|-damage|p1a: Bwoidem|34\/100\n|\n|t:|1657133582\n|switch|p2a: Tapu Lele|Tapu Lele|70\/100|[from]move: U-turn\n|-damage|p2a: Tapu Lele|57\/100|[from] Stealth Rock\n|-fieldstart|move: Psychic Terrain|[from] ability: Psychic Surge|[of] p2a: Tapu Lele\n|move|p1a: Bwoidem|Recover|p1a: Bwoidem\n|-heal|p1a: Bwoidem|84\/100\n|\n|upkeep\n|turn|23\n|\n|t:|1657133595\n|switch|p1a: Truey Jacket|Reuniclus, M|87\/100\n|-damage|p1a: Truey Jacket|74\/100|[from] Stealth Rock\n|move|p2a: Tapu Lele|Psyshock|p1a: Truey Jacket\n|-resisted|p1a: Truey Jacket\n|-damage|p1a: Truey Jacket|36\/100\n|\n|upkeep\n|turn|24\n|\n|t:|1657133601\n|switch|p1a: Black Timbs|Scizor, M|84\/100\n|move|p2a: Tapu Lele|Psyshock|p1a: Black Timbs\n|-resisted|p1a: Black Timbs\n|-damage|p1a: Black Timbs|55\/100\n|\n|upkeep\n|turn|25\n|inactive|bizarman has 120 seconds left.\n|\n|t:|1657133610\n|switch|p2a: Corviknight|Corviknight, M|80\/100\n|-damage|p2a: Corviknight|68\/100|[from] Stealth Rock\n|-ability|p2a: Corviknight|Pressure\n|move|p1a: Black Timbs|Roost|p1a: Black Timbs\n|-heal|p1a: Black Timbs|100\/100\n|-singleturn|p1a: Black Timbs|move: Roost\n|\n|upkeep\n|turn|26\n|\n|t:|1657133618\n|switch|p1a: Wozz Reciever|Tapu Koko|91\/100\n|-fieldstart|move: Electric Terrain|[from] ability: Electric Surge|[of] p1a: Wozz Reciever\n|move|p2a: Corviknight|Defog|p1a: Wozz Reciever\n|-unboost|p1a: Wozz Reciever|evasion|1\n|-sideend|p1: Lil Plasma|Stealth Rock|[from] move: Defog|[of] p2a: Corviknight\n|-sideend|p2: bizarman|Stealth Rock|[from] move: Defog|[of] p2a: Corviknight\n|-fieldend|move: Electric Terrain\n|\n|upkeep\n|turn|27\n|\n|t:|1657133627\n|move|p1a: Wozz Reciever|Dazzling Gleam|p2a: Corviknight\n|-resisted|p2a: Corviknight\n|-damage|p2a: Corviknight|50\/100\n|move|p2a: Corviknight|U-turn|p1a: Wozz Reciever\n|-resisted|p1a: Wozz Reciever\n|-damage|p1a: Wozz Reciever|80\/100\n|\n|t:|1657133637\n|switch|p2a: Tapu Lele|Tapu Lele|57\/100|[from]move: U-turn\n|-fieldstart|move: Psychic Terrain|[from] ability: Psychic Surge|[of] p2a: Tapu Lele\n|\n|upkeep\n|turn|28\n|\n|t:|1657133643\n|switch|p1a: Truey Jacket|Reuniclus, M|69\/100\n|move|p2a: Tapu Lele|Psychic|p1a: Truey Jacket\n|-resisted|p1a: Truey Jacket\n|-damage|p1a: Truey Jacket|50\/100\n|\n|upkeep\n|turn|29\n|\n|t:|1657133653\n|switch|p2a: Blacephalon|Blacephalon|36\/100\n|move|p1a: Truey Jacket|Future Sight|p2a: Blacephalon\n|-start|p1a: Truey Jacket|move: Future Sight\n|\n|upkeep\n|turn|30\n|\n|t:|1657133666\n|switch|p1a: Bwoidem|Toxapex, F|100\/100\n|move|p2a: Blacephalon|Shadow Ball|p1a: Bwoidem\n|-damage|p1a: Bwoidem|69\/100\n|-unboost|p1a: Bwoidem|spd|1\n|\n|upkeep\n|turn|31\n|\n|t:|1657133674\n|switch|p2a: Corviknight|Corviknight, M|50\/100\n|-ability|p2a: Corviknight|Pressure\n|switch|p1a: Truey Jacket|Reuniclus, M|83\/100\n|\n|-end|p2a: Corviknight|move: Future Sight\n|-resisted|p2a: Corviknight\n|-damage|p2a: Corviknight|16\/100\n|-fieldend|move: Psychic Terrain\n|upkeep\n|turn|32\n|\n|t:|1657133683\n|move|p2a: Corviknight|Roost|p2a: Corviknight\n|-heal|p2a: Corviknight|66\/100\n|-singleturn|p2a: Corviknight|move: Roost\n|move|p1a: Truey Jacket|Focus Blast|p2a: Corviknight\n|-supereffective|p2a: Corviknight\n|-damage|p2a: Corviknight|3\/100\n|-unboost|p2a: Corviknight|spd|1\n|\n|upkeep\n|turn|33\n|c|\u2606bizarman|...\n|\n|t:|1657133695\n|move|p2a: Corviknight|U-turn|p1a: Truey Jacket\n|-supereffective|p1a: Truey Jacket\n|-damage|p1a: Truey Jacket|51\/100\n|\n|t:|1657133698\n|switch|p2a: Urshifu|Urshifu-Rapid-Strike, F|69\/100|[from]move: U-turn\n|move|p1a: Truey Jacket|Focus Blast|p2a: Urshifu|[miss]\n|-miss|p1a: Truey Jacket|p2a: Urshifu\n|\n|-damage|p2a: Urshifu|57\/100|[from] item: Sticky Barb\n|upkeep\n|turn|34\n|\n|t:|1657133705\n|switch|p1a: Bwoidem|Toxapex, F|100\/100\n|move|p2a: Urshifu|U-turn|p1a: Bwoidem\n|-resisted|p1a: Bwoidem\n|-damage|p1a: Bwoidem|92\/100\n|\n|t:|1657133717\n|switch|p2a: Garchomp|Garchomp, F|31\/100|[from]move: U-turn\n|\n|-heal|p2a: Garchomp|37\/100|[from] item: Leftovers\n|upkeep\n|turn|35\n|\n|t:|1657133722\n|move|p2a: Garchomp|Earthquake|p1a: Bwoidem\n|-supereffective|p1a: Bwoidem\n|-damage|p1a: Bwoidem|19\/100\n|move|p1a: Bwoidem|Scald|p2a: Garchomp\n|-damage|p2a: Garchomp|18\/100\n|\n|-heal|p2a: Garchomp|24\/100|[from] item: Leftovers\n|upkeep\n|turn|36\n|\n|t:|1657133730\n|switch|p1a: Black Timbs|Scizor, M|100\/100\n|move|p2a: Garchomp|Earthquake|p1a: Black Timbs\n|-damage|p1a: Black Timbs|64\/100\n|\n|-heal|p2a: Garchomp|30\/100|[from] item: Leftovers\n|upkeep\n|turn|37\n|\n|t:|1657133739\n|switch|p2a: Tapu Lele|Tapu Lele|57\/100\n|-fieldstart|move: Psychic Terrain|[from] ability: Psychic Surge|[of] p2a: Tapu Lele\n|move|p1a: Black Timbs|Bullet Punch|p2a: Tapu Lele\n|-activate|p2a: Tapu Lele|move: Psychic Terrain\n|\n|upkeep\n|turn|38\n|\n|t:|1657133751\n|switch|p2a: Urshifu|Urshifu-Rapid-Strike, F|57\/100\n|switch|p1a: Truey Jacket|Reuniclus, M|84\/100\n|\n|-damage|p2a: Urshifu|44\/100|[from] item: Sticky Barb\n|upkeep\n|turn|39\n|\n|t:|1657133758\n|switch|p1a: Bwoidem|Toxapex, F|52\/100\n|move|p2a: Urshifu|U-turn|p1a: Bwoidem\n|-resisted|p1a: Bwoidem\n|-damage|p1a: Bwoidem|43\/100\n|\n|t:|1657133763\n|switch|p2a: Garchomp|Garchomp, F|30\/100|[from]move: U-turn\n|\n|-heal|p2a: Garchomp|36\/100|[from] item: Leftovers\n|upkeep\n|turn|40\n|\n|t:|1657133768\n|switch|p1a: Black Timbs|Scizor, M|64\/100\n|move|p2a: Garchomp|Earthquake|p1a: Black Timbs\n|-damage|p1a: Black Timbs|25\/100\n|\n|-heal|p2a: Garchomp|43\/100|[from] item: Leftovers\n|upkeep\n|turn|41\n|\n|t:|1657133774\n|move|p1a: Black Timbs|Bullet Punch|p2a: Garchomp\n|-activate|p2a: Garchomp|move: Psychic Terrain\n|move|p2a: Garchomp|Earthquake|p1a: Black Timbs\n|-damage|p1a: Black Timbs|0 fnt\n|faint|p1a: Black Timbs\n|\n|-heal|p2a: Garchomp|49\/100|[from] item: Leftovers\n|-fieldend|move: Psychic Terrain\n|upkeep\n|\n|t:|1657133779\n|switch|p1a: Wozz Reciever|Tapu Koko|80\/100\n|-fieldstart|move: Electric Terrain|[from] ability: Electric Surge|[of] p1a: Wozz Reciever\n|turn|42\n|\n|t:|1657133790\n|switch|p2a: Corviknight|Corviknight, M|3\/100\n|-ability|p2a: Corviknight|Pressure\n|move|p1a: Wozz Reciever|Dazzling Gleam|p2a: Corviknight\n|-resisted|p2a: Corviknight\n|-damage|p2a: Corviknight|0 fnt\n|faint|p2a: Corviknight\n|\n|upkeep\n|\n|t:|1657133798\n|switch|p2a: Clefable|Clefable, F|68\/100\n|turn|43\n|\n|t:|1657133802\n|move|p1a: Wozz Reciever|Thunderbolt|p2a: Clefable\n|-damage|p2a: Clefable|38\/100\n|move|p2a: Clefable|Stealth Rock|p1a: Wozz Reciever\n|-sidestart|p1: Lil Plasma|move: Stealth Rock\n|\n|upkeep\n|turn|44\n|\n|t:|1657133809\n|move|p1a: Wozz Reciever|Thunderbolt|p2a: Clefable\n|-damage|p2a: Clefable|6\/100\n|move|p2a: Clefable|Soft-Boiled|p2a: Clefable\n|-heal|p2a: Clefable|56\/100\n|\n|upkeep\n|turn|45\n|\n|t:|1657133814\n|move|p1a: Wozz Reciever|Thunderbolt|p2a: Clefable\n|-damage|p2a: Clefable|25\/100\n|move|p2a: Clefable|Soft-Boiled|p2a: Clefable\n|-heal|p2a: Clefable|75\/100\n|\n|upkeep\n|turn|46\n|\n|t:|1657133821\n|move|p1a: Wozz Reciever|Thunderbolt|p2a: Clefable\n|-damage|p2a: Clefable|43\/100\n|-status|p2a: Clefable|par\n|move|p2a: Clefable|Trick|p1a: Wozz Reciever\n|-activate|p2a: Clefable|move: Trick|[of] p1a: Wozz Reciever\n|-item|p1a: Wozz Reciever|Shed Shell|[from] move: Trick\n|-item|p2a: Clefable|Heavy-Duty Boots|[from] move: Trick\n|\n|-fieldend|move: Electric Terrain\n|upkeep\n|turn|47\n|\n|t:|1657133830\n|move|p1a: Wozz Reciever|Dazzling Gleam|p2a: Clefable\n|-damage|p2a: Clefable|19\/100 par\n|move|p2a: Clefable|Soft-Boiled|p2a: Clefable\n|-heal|p2a: Clefable|69\/100 par\n|\n|upkeep\n|turn|48\n|\n|t:|1657133837\n|move|p1a: Wozz Reciever|Thunderbolt|p2a: Clefable\n|-damage|p2a: Clefable|42\/100 par\n|cant|p2a: Clefable|par\n|\n|upkeep\n|turn|49\n|\n|t:|1657133842\n|move|p1a: Wozz Reciever|Thunderbolt|p2a: Clefable\n|-damage|p2a: Clefable|18\/100 par\n|move|p2a: Clefable|Trick|p1a: Wozz Reciever\n|-activate|p2a: Clefable|move: Trick|[of] p1a: Wozz Reciever\n|-item|p1a: Wozz Reciever|Heavy-Duty Boots|[from] move: Trick\n|-item|p2a: Clefable|Shed Shell|[from] move: Trick\n|\n|upkeep\n|turn|50\n|c|\u2606bizarman|misclic of doom\n|c|\u2606Lil Plasma|tough\n|c|\u2606Lil Plasma|koko eats now\n|inactive|bizarman has 120 seconds left.\n|\n|t:|1657133876\n|move|p1a: Wozz Reciever|Dazzling Gleam|p2a: Clefable\n|-damage|p2a: Clefable|0 fnt\n|faint|p2a: Clefable\n|\n|upkeep\n|\n|t:|1657133880\n|switch|p2a: Tapu Lele|Tapu Lele|57\/100\n|-fieldstart|move: Psychic Terrain|[from] ability: Psychic Surge|[of] p2a: Tapu Lele\n|turn|51\n|\n|t:|1657133888\n|switch|p2a: Blacephalon|Blacephalon|36\/100\n|move|p1a: Wozz Reciever|U-turn|p2a: Blacephalon\n|-resisted|p2a: Blacephalon\n|-damage|p2a: Blacephalon|26\/100\n|\n|t:|1657133890\n|switch|p1a: Truey Jacket|Reuniclus, M|100\/100|[from]move: U-turn\n|-damage|p1a: Truey Jacket|88\/100|[from] Stealth Rock\n|\n|upkeep\n|turn|52\n|\n|t:|1657133898\n|move|p2a: Blacephalon|Trick|p1a: Truey Jacket\n|-activate|p2a: Blacephalon|move: Trick|[of] p1a: Truey Jacket\n|-enditem|p1a: Truey Jacket|Assault Vest|[silent]|[from] move: Trick\n|-item|p2a: Blacephalon|Assault Vest|[from] move: Trick\n|move|p1a: Truey Jacket|Psyshock|p2a: Blacephalon\n|-damage|p2a: Blacephalon|0 fnt\n|faint|p2a: Blacephalon\n|\n|upkeep\n|\n|t:|1657133905\n|switch|p2a: Tapu Lele|Tapu Lele|57\/100\n|turn|53\n|\n|t:|1657133908\n|move|p2a: Tapu Lele|Moonblast|p1a: Truey Jacket\n|-damage|p1a: Truey Jacket|38\/100\n|move|p1a: Truey Jacket|Knock Off|p2a: Tapu Lele\n|-damage|p2a: Tapu Lele|35\/100\n|-enditem|p2a: Tapu Lele|Choice Specs|[from] move: Knock Off|[of] p1a: Truey Jacket\n|\n|upkeep\n|turn|54\n|\n|t:|1657133921\n|move|p2a: Tapu Lele|Moonblast|p1a: Truey Jacket\n|-damage|p1a: Truey Jacket|6\/100\n|-unboost|p1a: Truey Jacket|spa|1\n|move|p1a: Truey Jacket|Psyshock|p2a: Tapu Lele\n|-resisted|p2a: Tapu Lele\n|-damage|p2a: Tapu Lele|11\/100\n|\n|upkeep\n|turn|55\n|\n|t:|1657133929\n|move|p2a: Tapu Lele|Moonblast|p1a: Truey Jacket\n|-damage|p1a: Truey Jacket|0 fnt\n|faint|p1a: Truey Jacket\n|\n|-fieldend|move: Psychic Terrain\n|upkeep\n|\n|t:|1657133931\n|switch|p1a: Wozz Reciever|Tapu Koko|80\/100\n|-fieldstart|move: Electric Terrain|[from] ability: Electric Surge|[of] p1a: Wozz Reciever\n|turn|56\n|\n|t:|1657133937\n|move|p1a: Wozz Reciever|U-turn|p2a: Tapu Lele\n|-damage|p2a: Tapu Lele|0 fnt\n|faint|p2a: Tapu Lele\n|\n|t:|1657133939\n|switch|p1a: Rude Defazz|Mienshao, M|100\/100|[from]move: U-turn\n|-damage|p1a: Rude Defazz|95\/100|[from] Stealth Rock\n|\n|upkeep\n|c|\u2606Lil Plasma|HIT EM WITH A RUDE DEFAZZ\n|\n|t:|1657133952\n|switch|p2a: Garchomp|Garchomp, F|49\/100\n|turn|57\n|c|\u2606Lil Plasma|RIGHT FUCKIN NOW\n|\n|t:|1657133957\n|move|p1a: Rude Defazz|Close Combat|p2a: Garchomp\n|-damage|p2a: Garchomp|0 fnt\n|-unboost|p1a: Rude Defazz|def|1\n|-unboost|p1a: Rude Defazz|spd|1\n|-damage|p1a: Rude Defazz|82\/100|[from] ability: Rough Skin|[of] p2a: Garchomp\n|faint|p2a: Garchomp\n|\n|upkeep\n|c|\u2606bizarman|gg\n|-message|bizarman forfeited.\n|\n|win|Lil Plasma\n|raw|Lil Plasma's rating: 1758 &rarr; <strong>1774<\/strong><br \/>(+16 for winning)\n|raw|bizarman's rating: 1688 &rarr; <strong>1672<\/strong><br \/>(-16 for losing)\n|c|\u2606Lil Plasma|gg\n|l|\u2606bizarman\n|j| Trailblazer324\n|j| TheQzertz\n|j| Shiox\n|j| Sir Yubus\n|j| Down$hift\n|j| 3ch09\n|l| Trailblazer324\n|l| Sir Yubus\n||Ladder isn't responding, score probably updated but might not have (Request timeout).\n","uploadtime":1657134004,"views":25,"p1id":"lilplasma","p2id":"bizarman","formatid":"gen8ou","rating":1672,"private":0,"password":null}