{"id":"gen8ou-1701318809","p1":"machugen","p2":"will-i-am2","format":"gen8ou","log":"|j|\u2606machugen\n|j|\u2606will-i-am2\n|t:|1667430580\n|gametype|singles\n|player|p1|machugen|brock-gen1rb|1680\n|player|p2|will-i-am2|2|1713\n|teamsize|p1|6\n|teamsize|p2|6\n|gen|8\n|tier|[Gen 8] OU\n|rated|\n|rule|Sleep Clause Mod: Limit one foe put to sleep\n|rule|Species Clause: Limit one of each Pok\u00e9mon\n|rule|OHKO Clause: OHKO moves are banned\n|rule|Evasion Items Clause: Evasion items are banned\n|rule|Evasion Moves Clause: Evasion moves are banned\n|rule|Endless Battle Clause: Forcing endless battles is banned\n|rule|HP Percentage Mod: HP is shown in percentages\n|rule|Dynamax Clause: You cannot dynamax\n|clearpoke\n|poke|p1|Urshifu-*, M|\n|poke|p1|Blacephalon|\n|poke|p1|Landorus-Therian, M|\n|poke|p1|Tapu Lele|\n|poke|p1|Gastrodon-East, F|\n|poke|p1|Corviknight, M|\n|poke|p2|Registeel|\n|poke|p2|Hydreigon, M|\n|poke|p2|Slowbro, M|\n|poke|p2|Mandibuzz, F|\n|poke|p2|Mamoswine, M|\n|poke|p2|Mimikyu, M|\n|teampreview\n|inactive|Battle timer is ON: inactive players will automatically lose when time's up. (requested by will-i-am2)\n|inactive|machugen also wants the timer to be on.\n|\n|t:|1667430586\n|start\n|switch|p1a: Urshifu|Urshifu-Rapid-Strike, M|100\/100\n|switch|p2a: Mamoswine|Mamoswine, M|100\/100\n|turn|1\n|\n|t:|1667430595\n|switch|p2a: Mandibuzz|Mandibuzz, F|100\/100\n|move|p1a: Urshifu|Surging Strikes|p2a: Mandibuzz\n|-crit|p2a: Mandibuzz\n|-damage|p2a: Mandibuzz|90\/100\n|-crit|p2a: Mandibuzz\n|-damage|p2a: Mandibuzz|78\/100\n|-crit|p2a: Mandibuzz\n|-damage|p2a: Mandibuzz|66\/100\n|-hitcount|p2a: Mandibuzz|3\n|\n|upkeep\n|turn|2\n|\n|t:|1667430605\n|move|p1a: Urshifu|U-turn|p2a: Mandibuzz\n|-crit|p2a: Mandibuzz\n|-damage|p2a: Mandibuzz|46\/100\n|\n|t:|1667430608\n|switch|p1a: Tapu Lele|Tapu Lele, shiny|100\/100|[from]move: U-turn\n|-fieldstart|move: Psychic Terrain|[from] ability: Psychic Surge|[of] p1a: Tapu Lele\n|move|p2a: Mandibuzz|Roost|p2a: Mandibuzz\n|-heal|p2a: Mandibuzz|96\/100\n|-singleturn|p2a: Mandibuzz|move: Roost\n|\n|upkeep\n|turn|3\n|\n|t:|1667430612\n|switch|p1a: Blacephalon|Blacephalon, shiny|100\/100\n|switch|p2a: Slowbro|Slowbro, M|100\/100\n|\n|upkeep\n|turn|4\n|\n|t:|1667430615\n|switch|p2a: Hydreigon|Hydreigon, M|100\/100\n|move|p1a: Blacephalon|Overheat|p2a: Hydreigon\n|-resisted|p2a: Hydreigon\n|-damage|p2a: Hydreigon|32\/100\n|-unboost|p1a: Blacephalon|spa|2\n|\n|upkeep\n|turn|5\n|\n|t:|1667430623\n|switch|p1a: Gastrodon|Gastrodon-East, F|100\/100\n|move|p2a: Hydreigon|Nasty Plot|p2a: Hydreigon\n|-boost|p2a: Hydreigon|spa|2\n|\n|upkeep\n|turn|6\n|\n|t:|1667430626\n|move|p2a: Hydreigon|Draco Meteor|p1a: Gastrodon\n|-damage|p1a: Gastrodon|0 fnt\n|-unboost|p2a: Hydreigon|spa|2\n|faint|p1a: Gastrodon\n|\n|-fieldend|move: Psychic Terrain\n|upkeep\n|\n|t:|1667430630\n|switch|p1a: Tapu Lele|Tapu Lele, shiny|100\/100\n|-fieldstart|move: Psychic Terrain|[from] ability: Psychic Surge|[of] p1a: Tapu Lele\n|turn|7\n|\n|t:|1667430639\n|switch|p1a: Urshifu|Urshifu-Rapid-Strike, M|100\/100\n|switch|p2a: Slowbro|Slowbro, M|100\/100\n|\n|upkeep\n|turn|8\n|\n|t:|1667430642\n|move|p1a: Urshifu|Taunt|p2a: Slowbro\n|-start|p2a: Slowbro|move: Taunt\n|move|p2a: Slowbro|Psychic|p1a: Urshifu\n|-supereffective|p1a: Urshifu\n|-damage|p1a: Urshifu|0 fnt\n|faint|p1a: Urshifu\n|\n|upkeep\n|\n|t:|1667430644\n|switch|p1a: Blacephalon|Blacephalon, shiny|100\/100\n|turn|9\n|\n|t:|1667430650\n|switch|p2a: Mandibuzz|Mandibuzz, F|96\/100\n|move|p1a: Blacephalon|Overheat|p2a: Mandibuzz\n|-damage|p2a: Mandibuzz|0 fnt\n|-unboost|p1a: Blacephalon|spa|2\n|faint|p2a: Mandibuzz\n|-ability|p1a: Blacephalon|Beast Boost|boost\n|-boost|p1a: Blacephalon|spa|1\n|\n|upkeep\n|\n|t:|1667430658\n|switch|p2a: Hydreigon|Hydreigon, M|32\/100\n|turn|10\n|\n|t:|1667430661\n|move|p1a: Blacephalon|Overheat|p2a: Hydreigon\n|-resisted|p2a: Hydreigon\n|-crit|p2a: Hydreigon\n|-damage|p2a: Hydreigon|0 fnt\n|-unboost|p1a: Blacephalon|spa|2\n|faint|p2a: Hydreigon\n|-ability|p1a: Blacephalon|Beast Boost|boost\n|-boost|p1a: Blacephalon|spa|1\n|\n|upkeep\n|\n|t:|1667430667\n|switch|p2a: Slowbro|Slowbro, M|100\/100\n|turn|11\n|\n|t:|1667430676\n|switch|p1a: Tapu Lele|Tapu Lele, shiny|100\/100\n|move|p2a: Slowbro|Trick Room|p2a: Slowbro\n|-fieldstart|move: Trick Room|[of] p2a: Slowbro\n|\n|-fieldend|move: Psychic Terrain\n|upkeep\n|turn|12\n|\n|t:|1667430679\n|move|p2a: Slowbro|Scald|p1a: Tapu Lele\n|-damage|p1a: Tapu Lele|57\/100\n|-status|p1a: Tapu Lele|brn\n|move|p1a: Tapu Lele|Moonblast|p2a: Slowbro\n|-damage|p2a: Slowbro|46\/100\n|-unboost|p2a: Slowbro|spa|1\n|\n|-heal|p2a: Slowbro|52\/100|[from] item: Leftovers\n|-damage|p1a: Tapu Lele|51\/100 brn|[from] brn\n|upkeep\n|turn|13\n|\n|t:|1667430689\n|switch|p2a: Registeel|Registeel|100\/100\n|switch|p1a: Corviknight|Corviknight, M|100\/100\n|-ability|p1a: Corviknight|Pressure\n|\n|upkeep\n|turn|14\n|j| KappaHalo\n|\n|t:|1667430695\n|move|p1a: Corviknight|U-turn|p2a: Registeel\n|-resisted|p2a: Registeel\n|-damage|p2a: Registeel|96\/100\n|\n|t:|1667430696\n|switch|p1a: Landorus|Landorus-Therian, M|100\/100|[from]move: U-turn\n|-ability|p1a: Landorus|Intimidate|boost\n|-fail|p2a: Registeel|unboost|[from] ability: Clear Body|[of] p2a: Registeel\n|move|p2a: Registeel|Stealth Rock|p1a: Landorus\n|-sidestart|p1: machugen|move: Stealth Rock\n|\n|-heal|p2a: Registeel|100\/100|[from] item: Leftovers\n|upkeep\n|turn|15\n|\n|t:|1667430704\n|switch|p2a: Mamoswine|Mamoswine, M|100\/100\n|move|p1a: Landorus|Earthquake|p2a: Mamoswine\n|-damage|p2a: Mamoswine|32\/100\n|\n|-fieldend|move: Trick Room\n|upkeep\n|turn|16\n|\n|t:|1667430709\n|move|p1a: Landorus|Earthquake|p2a: Mamoswine\n|-damage|p2a: Mamoswine|0 fnt\n|faint|p2a: Mamoswine\n|\n|upkeep\n|\n|t:|1667430714\n|switch|p2a: Slowbro|Slowbro, M|86\/100\n|turn|17\n|\n|t:|1667430730\n|move|p1a: Landorus|Knock Off|p2a: Slowbro\n|-supereffective|p2a: Slowbro\n|-damage|p2a: Slowbro|31\/100\n|-enditem|p2a: Slowbro|Leftovers|[from] move: Knock Off|[of] p1a: Landorus\n|move|p2a: Slowbro|Scald|p1a: Landorus\n|-supereffective|p1a: Landorus\n|-damage|p1a: Landorus|11\/100\n|-status|p1a: Landorus|brn\n|\n|-heal|p1a: Landorus|17\/100 brn|[from] item: Leftovers\n|-damage|p1a: Landorus|11\/100 brn|[from] brn\n|upkeep\n|turn|18\n|\n|t:|1667430744\n|switch|p2a: Registeel|Registeel|100\/100\n|move|p1a: Landorus|U-turn|p2a: Registeel\n|-resisted|p2a: Registeel\n|-damage|p2a: Registeel|96\/100\n|\n|t:|1667430749\n|switch|p1a: Blacephalon|Blacephalon, shiny|100\/100|[from]move: U-turn\n|-damage|p1a: Blacephalon|76\/100|[from] Stealth Rock\n|\n|-heal|p2a: Registeel|100\/100|[from] item: Leftovers\n|upkeep\n|turn|19\n|\n|t:|1667430757\n|switch|p2a: Mimikyu|Mimikyu, M|100\/100\n|move|p1a: Blacephalon|Flamethrower|p2a: Mimikyu\n|-activate|p2a: Mimikyu|ability: Disguise\n|-damage|p2a: Mimikyu|100\/100\n|detailschange|p2a: Mimikyu|Mimikyu-Busted, M\n|-damage|p2a: Mimikyu|88\/100|[from] pokemon: Mimikyu-Busted\n|\n|upkeep\n|turn|20\n|\n|t:|1667430767\n|switch|p1a: Landorus|Landorus-Therian, M|11\/100 brn\n|-damage|p1a: Landorus|0 fnt|[from] Stealth Rock\n|faint|p1a: Landorus\n|move|p2a: Mimikyu|Shadow Sneak|p1: Landorus|[notarget]\n|-fail|p2a: Mimikyu\n|\n|upkeep\n|\n|t:|1667430769\n|switch|p1a: Corviknight|Corviknight, M|100\/100\n|-damage|p1a: Corviknight|88\/100|[from] Stealth Rock\n|-ability|p1a: Corviknight|Pressure\n|turn|21\n|\n|t:|1667430772\n|switch|p2a: Slowbro|Slowbro, M|64\/100\n|move|p1a: Corviknight|Defog|p2a: Slowbro\n|-unboost|p2a: Slowbro|evasion|1\n|-sideend|p1: machugen|Stealth Rock|[from] move: Defog|[of] p1a: Corviknight\n|\n|upkeep\n|turn|22\n|\n|t:|1667430782\n|move|p1a: Corviknight|U-turn|p2a: Slowbro\n|-supereffective|p2a: Slowbro\n|-damage|p2a: Slowbro|42\/100\n|\n|t:|1667430784\n|switch|p1a: Tapu Lele|Tapu Lele, shiny|51\/100 brn|[from]move: U-turn\n|-fieldstart|move: Psychic Terrain|[from] ability: Psychic Surge|[of] p1a: Tapu Lele\n|move|p2a: Slowbro|Trick Room|p2a: Slowbro\n|-fieldstart|move: Trick Room|[of] p2a: Slowbro\n|\n|-damage|p1a: Tapu Lele|45\/100 brn|[from] brn\n|upkeep\n|turn|23\n|\n|t:|1667430796\n|switch|p2a: Registeel|Registeel|100\/100\n|move|p1a: Tapu Lele|Moonblast|p2a: Registeel\n|-resisted|p2a: Registeel\n|-damage|p2a: Registeel|87\/100\n|\n|-heal|p2a: Registeel|93\/100|[from] item: Leftovers\n|-damage|p1a: Tapu Lele|39\/100 brn|[from] brn\n|upkeep\n|turn|24\n|\n|t:|1667430801\n|switch|p2a: Slowbro|Slowbro, M|75\/100\n|switch|p1a: Blacephalon|Blacephalon, shiny|76\/100\n|\n|upkeep\n|turn|25\n|\n|t:|1667430805\n|switch|p1a: Corviknight|Corviknight, M|88\/100\n|-ability|p1a: Corviknight|Pressure\n|move|p2a: Slowbro|Scald|p1a: Corviknight\n|-damage|p1a: Corviknight|55\/100\n|-status|p1a: Corviknight|brn\n|\n|-damage|p1a: Corviknight|49\/100 brn|[from] brn\n|upkeep\n|turn|26\n|\n|t:|1667430812\n|move|p2a: Slowbro|Fire Blast|p1a: Corviknight|[miss]\n|-miss|p2a: Slowbro|p1a: Corviknight\n|move|p1a: Corviknight|U-turn|p2a: Slowbro\n|-supereffective|p2a: Slowbro\n|-damage|p2a: Slowbro|64\/100\n|c|\u2606machugen|amazing burn rate\n|\n|t:|1667430816\n|switch|p1a: Blacephalon|Blacephalon, shiny|76\/100|[from]move: U-turn\n|\n|-fieldend|move: Trick Room\n|-fieldend|move: Psychic Terrain\n|upkeep\n|turn|27\n|\n|t:|1667430829\n|switch|p2a: Registeel|Registeel|93\/100\n|move|p1a: Blacephalon|Shadow Ball|p2a: Registeel\n|-damage|p2a: Registeel|52\/100\n|\n|-heal|p2a: Registeel|58\/100|[from] item: Leftovers\n|upkeep\n|turn|28\n|\n|t:|1667430835\n|move|p1a: Blacephalon|Shadow Ball|p2a: Registeel\n|-damage|p2a: Registeel|23\/100\n|move|p2a: Registeel|Thunder Wave|p1a: Blacephalon\n|-status|p1a: Blacephalon|par\n|\n|-heal|p2a: Registeel|29\/100|[from] item: Leftovers\n|upkeep\n|turn|29\n|\n|t:|1667430840\n|move|p1a: Blacephalon|Shadow Ball|p2a: Registeel\n|-damage|p2a: Registeel|0 fnt\n|faint|p2a: Registeel\n|-ability|p1a: Blacephalon|Beast Boost|boost\n|-boost|p1a: Blacephalon|spa|1\n|\n|upkeep\n|\n|t:|1667430843\n|switch|p2a: Mimikyu|Mimikyu-Busted, M|88\/100\n|turn|30\n|\n|t:|1667430847\n|move|p2a: Mimikyu|Swords Dance|p2a: Mimikyu\n|-boost|p2a: Mimikyu|atk|2\n|move|p1a: Blacephalon|Shadow Ball|p2a: Mimikyu\n|-supereffective|p2a: Mimikyu\n|-damage|p2a: Mimikyu|0 fnt\n|faint|p2a: Mimikyu\n|-ability|p1a: Blacephalon|Beast Boost|boost\n|-boost|p1a: Blacephalon|spa|1\n|\n|upkeep\n|\n|t:|1667430852\n|switch|p2a: Slowbro|Slowbro, M|97\/100\n|turn|31\n|\n|t:|1667430854\n|move|p1a: Blacephalon|Shadow Ball|p2a: Slowbro\n|-supereffective|p2a: Slowbro\n|-damage|p2a: Slowbro|0 fnt\n|faint|p2a: Slowbro\n|\n|win|machugen\n|raw|machugen's rating: 1680 &rarr; <strong>1702<\/strong><br \/>(+22 for winning)\n|raw|will-i-am2's rating: 1713 &rarr; <strong>1691<\/strong><br \/>(-22 for losing)\n","uploadtime":1667430858,"views":5,"p1id":"machugen","p2id":"william2","formatid":"gen8ou","rating":1691,"private":0,"password":null}