{"id":"gen8nationaldex-1327137028","p1":"hauntersnightmare","p2":"PupperKun","format":"gen8nationaldex","log":"|j|\u2606hauntersnightmare\n|j|\u2606PupperKun\n|t:|1619152850\n|gametype|singles\n|player|p1|hauntersnightmare|265|1529\n|player|p2|PupperKun|143|1510\n|teamsize|p1|6\n|teamsize|p2|6\n|gen|8\n|tier|[Gen 8] National Dex\n|rated|\n|clearpoke\n|poke|p1|Greninja, M|\n|poke|p1|Swampert, F|\n|poke|p1|Pelipper, F|\n|poke|p1|Omastar, F|\n|poke|p1|Ferrothorn, M|\n|poke|p1|Volcarona, F|\n|poke|p2|Landorus-Therian, M|\n|poke|p2|Pinsir, M|\n|poke|p2|Kommo-o, F|\n|poke|p2|Greninja, M|\n|poke|p2|Corviknight, M|\n|poke|p2|Slowking-Galar, M|\n|rule|HP Percentage Mod: HP is shown in percentages\n|rule|Endless Battle Clause: Forcing endless battles is banned\n|rule|OHKO Clause: OHKO moves are banned\n|rule|Evasion Moves Clause: Evasion moves are banned\n|rule|Species Clause: Limit one of each Pok\u00e9mon\n|rule|Dynamax Clause: You cannot dynamax\n|rule|Sleep Clause Mod: Limit one foe put to sleep\n|teampreview\n|inactive|Battle timer is ON: inactive players will automatically lose when time's up. (requested by hauntersnightmare)\n|\n|t:|1619152872\n|start\n|switch|p1a: Pelipper|Pelipper, F|100\/100\n|switch|p2a: Slowking|Slowking-Galar, M|100\/100\n|-weather|RainDance|[from] ability: Drizzle|[of] p1a: Pelipper\n|turn|1\n|\n|t:|1619152878\n|move|p1a: Pelipper|U-turn|p2a: Slowking\n|-damage|p2a: Slowking|91\/100\n|\n|t:|1619152880\n|switch|p1a: Ferrothorn|Ferrothorn, M|100\/100|[from]move: U-turn\n|move|p2a: Slowking|Future Sight|p1a: Ferrothorn\n|-start|p2a: Slowking|move: Future Sight\n|\n|-weather|RainDance|[upkeep]\n|upkeep\n|turn|2\n|\n|t:|1619152902\n|switch|p2a: Kommo-o|Kommo-o, F|100\/100\n|move|p1a: Ferrothorn|Leech Seed|p2a: Kommo-o\n|-start|p2a: Kommo-o|move: Leech Seed\n|\n|-weather|RainDance|[upkeep]\n|-damage|p2a: Kommo-o|88\/100|[from] Leech Seed|[of] p1a: Ferrothorn\n|upkeep\n|turn|3\n|\n|t:|1619152908\n|move|p2a: Kommo-o|Close Combat|p1a: Ferrothorn\n|-supereffective|p1a: Ferrothorn\n|-enditem|p1a: Ferrothorn|Chople Berry|[eat]\n|-enditem|p1a: Ferrothorn|Chople Berry|[weaken]\n|-damage|p1a: Ferrothorn|64\/100\n|-unboost|p2a: Kommo-o|def|1\n|-unboost|p2a: Kommo-o|spd|1\n|-damage|p2a: Kommo-o|76\/100|[from] ability: Iron Barbs|[of] p1a: Ferrothorn\n|move|p1a: Ferrothorn|Stealth Rock|p2a: Kommo-o\n|-sidestart|p2: PupperKun|move: Stealth Rock\n|\n|-weather|RainDance|[upkeep]\n|-end|p1a: Ferrothorn|move: Future Sight\n|-resisted|p1a: Ferrothorn\n|-damage|p1a: Ferrothorn|43\/100\n|-damage|p2a: Kommo-o|63\/100|[from] Leech Seed|[of] p1a: Ferrothorn\n|-heal|p1a: Ferrothorn|53\/100|[silent]\n|upkeep\n|turn|4\n|\n|t:|1619152925\n|switch|p1a: Volcarona|Volcarona, F|100\/100\n|move|p2a: Kommo-o|Stealth Rock|p1a: Volcarona\n|-sidestart|p1: hauntersnightmare|move: Stealth Rock\n|\n|-weather|RainDance|[upkeep]\n|-damage|p2a: Kommo-o|51\/100|[from] Leech Seed|[of] p1a: Volcarona\n|upkeep\n|turn|5\n|\n|t:|1619152930\n|switch|p2a: Landorus|Landorus-Therian, M|100\/100\n|-damage|p2a: Landorus|88\/100|[from] Stealth Rock\n|-ability|p2a: Landorus|Intimidate|boost\n|-unboost|p1a: Volcarona|atk|1\n|move|p1a: Volcarona|Quiver Dance|p1a: Volcarona\n|-boost|p1a: Volcarona|spa|1\n|-boost|p1a: Volcarona|spd|1\n|-boost|p1a: Volcarona|spe|1\n|\n|-weather|RainDance|[upkeep]\n|upkeep\n|turn|6\n|\n|t:|1619152934\n|move|p2a: Landorus|Stone Edge|p1a: Volcarona\n|-supereffective|p1a: Volcarona\n|-damage|p1a: Volcarona|0 fnt\n|faint|p1a: Volcarona\n|\n|-weather|RainDance|[upkeep]\n|upkeep\n|\n|t:|1619152938\n|switch|p1a: Omastar|Omastar, F|100\/100\n|-damage|p1a: Omastar|88\/100|[from] Stealth Rock\n|turn|7\n|\n|t:|1619152949\n|move|p2a: Landorus|Stone Edge|p1a: Omastar\n|-damage|p1a: Omastar|51\/100\n|move|p1a: Omastar|Shell Smash|p1a: Omastar\n|-unboost|p1a: Omastar|def|1\n|-unboost|p1a: Omastar|spd|1\n|-boost|p1a: Omastar|atk|2\n|-boost|p1a: Omastar|spa|2\n|-boost|p1a: Omastar|spe|2\n|\n|-weather|RainDance|[upkeep]\n|upkeep\n|turn|8\n|inactive|PupperKun has 120 seconds left.\n|inactive|PupperKun has 90 seconds left.\n|\n|t:|1619153022\n|switch|p2a: Kommo-o|Kommo-o, F|51\/100\n|-damage|p2a: Kommo-o|45\/100|[from] Stealth Rock\n|move|p1a: Omastar|Meteor Beam||[still]\n|-prepare|p1a: Omastar|Meteor Beam\n|-boost|p1a: Omastar|spa|1\n|-enditem|p1a: Omastar|Power Herb\n|-anim|p1a: Omastar|Meteor Beam|p2a: Kommo-o|[miss]\n|-miss|p1a: Omastar|p2a: Kommo-o\n|\n|-weather|none\n|upkeep\n|turn|9\n|\n|t:|1619153031\n|move|p1a: Omastar|Ice Beam|p2a: Kommo-o\n|-supereffective|p2a: Kommo-o\n|-damage|p2a: Kommo-o|0 fnt\n|faint|p2a: Kommo-o\n|\n|upkeep\n|j| Natsuki Takaya\n|l| Natsuki Takaya\n|\n|t:|1619153040\n|switch|p2a: Greninja|Greninja, M|100\/100\n|-damage|p2a: Greninja|88\/100|[from] Stealth Rock\n|turn|10\n|\n|t:|1619153045\n|switch|p1a: Ferrothorn|Ferrothorn, M|53\/100\n|-damage|p1a: Ferrothorn|47\/100|[from] Stealth Rock\n|move|p2a: Greninja|Water Shuriken|p1a: Ferrothorn\n|-resisted|p1a: Ferrothorn\n|-damage|p1a: Ferrothorn|44\/100\n|-resisted|p1a: Ferrothorn\n|-damage|p1a: Ferrothorn|40\/100\n|-resisted|p1a: Ferrothorn\n|-damage|p1a: Ferrothorn|37\/100\n|-hitcount|p1a: Ferrothorn|3\n|\n|upkeep\n|turn|11\n|inactive|PupperKun has 90 seconds left.\n|\n|t:|1619153065\n|switch|p2a: Slowking|Slowking-Galar, M|100\/100\n|-damage|p2a: Slowking|88\/100|[from] Stealth Rock\n|move|p1a: Ferrothorn|Leech Seed|p2a: Slowking\n|-start|p2a: Slowking|move: Leech Seed\n|\n|-damage|p2a: Slowking|76\/100|[from] Leech Seed|[of] p1a: Ferrothorn\n|-heal|p1a: Ferrothorn|51\/100|[silent]\n|upkeep\n|turn|12\n|\n|t:|1619153071\n|switch|p1a: Pelipper|Pelipper, F|100\/100\n|-damage|p1a: Pelipper|75\/100|[from] Stealth Rock\n|-weather|RainDance|[from] ability: Drizzle|[of] p1a: Pelipper\n|move|p2a: Slowking|Future Sight|p1a: Pelipper\n|-start|p2a: Slowking|move: Future Sight\n|\n|-weather|RainDance|[upkeep]\n|-damage|p2a: Slowking|63\/100|[from] Leech Seed|[of] p1a: Pelipper\n|-heal|p1a: Pelipper|91\/100|[silent]\n|upkeep\n|turn|13\n|\n|t:|1619153076\n|move|p1a: Pelipper|Defog|p2a: Slowking\n|-unboost|p2a: Slowking|evasion|1\n|-sideend|p2: PupperKun|Stealth Rock|[from] move: Defog|[of] p1a: Pelipper\n|-sideend|p1: hauntersnightmare|Stealth Rock|[from] move: Defog|[of] p1a: Pelipper\n|move|p2a: Slowking|Sludge Bomb|p1a: Pelipper\n|-damage|p1a: Pelipper|28\/100\n|\n|-weather|RainDance|[upkeep]\n|-damage|p2a: Slowking|51\/100|[from] Leech Seed|[of] p1a: Pelipper\n|-heal|p1a: Pelipper|43\/100|[silent]\n|upkeep\n|turn|14\n|\n|t:|1619153084\n|move|p1a: Pelipper|U-turn|p2a: Slowking\n|-crit|p2a: Slowking\n|-damage|p2a: Slowking|37\/100\n|\n|t:|1619153088\n|switch|p1a: Ferrothorn|Ferrothorn, M|51\/100|[from]move: U-turn\n|move|p2a: Slowking|Flamethrower|p1a: Ferrothorn\n|-supereffective|p1a: Ferrothorn\n|-damage|p1a: Ferrothorn|5\/100\n|\n|-weather|RainDance|[upkeep]\n|-end|p1a: Ferrothorn|move: Future Sight\n|-resisted|p1a: Ferrothorn\n|-damage|p1a: Ferrothorn|0 fnt\n|faint|p1a: Ferrothorn\n|upkeep\n|\n|t:|1619153094\n|switch|p1a: Greninja|Greninja, M|100\/100\n|turn|15\n|inactive|PupperKun has 120 seconds left.\n|\n|t:|1619153116\n|switch|p2a: Landorus|Landorus-Therian, M|88\/100\n|-ability|p2a: Landorus|Intimidate|boost\n|-unboost|p1a: Greninja|atk|1\n|move|p1a: Greninja|Hydro Pump|p2a: Landorus|[miss]\n|-miss|p1a: Greninja|p2a: Landorus\n|\n|-weather|RainDance|[upkeep]\n|upkeep\n|turn|16\n|\n|t:|1619153125\n|switch|p1a: Swampert|Swampert, F|100\/100\n|move|p2a: Landorus|U-turn|p1a: Swampert\n|-damage|p1a: Swampert|75\/100\n|\n|t:|1619153131\n|switch|p2a: Corviknight|Corviknight, M|100\/100|[from]move: U-turn\n|-ability|p2a: Corviknight|Pressure\n|\n|-weather|RainDance|[upkeep]\n|upkeep\n|turn|17\n|\n|t:|1619153137\n|detailschange|p1a: Swampert|Swampert-Mega, F\n|-mega|p1a: Swampert|Swampert|Swampertite\n|move|p1a: Swampert|Bulk Up|p1a: Swampert\n|-boost|p1a: Swampert|atk|1\n|-boost|p1a: Swampert|def|1\n|move|p2a: Corviknight|Body Press|p1a: Swampert\n|-damage|p1a: Swampert|60\/100\n|\n|-weather|RainDance|[upkeep]\n|upkeep\n|turn|18\n|\n|t:|1619153152\n|move|p1a: Swampert|Bulk Up|p1a: Swampert\n|-boost|p1a: Swampert|atk|1\n|-boost|p1a: Swampert|def|1\n|move|p2a: Corviknight|Roost||[still]\n|-fail|p2a: Corviknight|heal\n|\n|-weather|RainDance|[upkeep]\n|upkeep\n|turn|19\n|\n|t:|1619153157\n|switch|p2a: Landorus|Landorus-Therian, M|88\/100\n|-ability|p2a: Landorus|Intimidate|boost\n|-unboost|p1a: Swampert|atk|1\n|move|p1a: Swampert|Liquidation|p2a: Landorus\n|-supereffective|p2a: Landorus\n|-damage|p2a: Landorus|0 fnt\n|faint|p2a: Landorus\n|\n|-weather|none\n|upkeep\n|\n|t:|1619153163\n|switch|p2a: Greninja|Greninja, M|88\/100\n|turn|20\n|\n|t:|1619153167\n|switch|p1a: Pelipper|Pelipper, F|43\/100\n|-weather|RainDance|[from] ability: Drizzle|[of] p1a: Pelipper\n|move|p2a: Greninja|Hydro Pump|p1a: Pelipper\n|-resisted|p1a: Pelipper\n|-damage|p1a: Pelipper|0 fnt\n|faint|p1a: Pelipper\n|-activate|p2a: Greninja|ability: Battle Bond\n|detailschange|p2a: Greninja|Greninja-Ash, M\n|\n|-weather|RainDance|[upkeep]\n|upkeep\n|\n|t:|1619153185\n|switch|p1a: Omastar|Omastar, F|51\/100\n|turn|21\n|\n|t:|1619153215\n|switch|p2a: Corviknight|Corviknight, M|100\/100\n|-ability|p2a: Corviknight|Pressure\n|move|p1a: Omastar|Surf|p2a: Corviknight\n|-damage|p2a: Corviknight|36\/100\n|\n|-weather|RainDance|[upkeep]\n|upkeep\n|turn|22\n|inactive|PupperKun has 120 seconds left.\n|\n|t:|1619153250\n|move|p1a: Omastar|Surf|p2a: Corviknight\n|-damage|p2a: Corviknight|0 fnt\n|faint|p2a: Corviknight\n|\n|-weather|RainDance|[upkeep]\n|upkeep\n|\n|t:|1619153254\n|switch|p2a: Greninja|Greninja-Ash, M|88\/100\n|turn|23\n|\n|t:|1619153262\n|switch|p1a: Greninja|Greninja, M|100\/100\n|move|p2a: Greninja|Water Shuriken|p1a: Greninja\n|-resisted|p1a: Greninja\n|-damage|p1a: Greninja|79\/100\n|-resisted|p1a: Greninja\n|-damage|p1a: Greninja|58\/100\n|-resisted|p1a: Greninja\n|-damage|p1a: Greninja|38\/100\n|-hitcount|p1a: Greninja|3\n|\n|-weather|RainDance|[upkeep]\n|upkeep\n|turn|24\n|\n|t:|1619153267\n|move|p2a: Greninja|Water Shuriken|p1a: Greninja\n|-resisted|p1a: Greninja\n|-damage|p1a: Greninja|19\/100\n|-resisted|p1a: Greninja\n|-damage|p1a: Greninja|0 fnt\n|-hitcount|p1a: Greninja|2\n|faint|p1a: Greninja\n|\n|-weather|RainDance|[upkeep]\n|upkeep\n|\n|t:|1619153272\n|switch|p1a: Swampert|Swampert-Mega, F|60\/100\n|turn|25\n|\n|t:|1619153284\n|move|p2a: Greninja|Water Shuriken|p1a: Swampert\n|-damage|p1a: Swampert|35\/100\n|-damage|p1a: Swampert|10\/100\n|-damage|p1a: Swampert|0 fnt\n|-hitcount|p1a: Swampert|3\n|faint|p1a: Swampert\n|\n|-weather|RainDance|[upkeep]\n|upkeep\n|\n|t:|1619153288\n|switch|p1a: Omastar|Omastar, F|51\/100\n|turn|26\n|\n|t:|1619153291\n|move|p2a: Greninja|Water Shuriken|p1a: Omastar\n|-damage|p1a: Omastar|8\/100\n|-damage|p1a: Omastar|0 fnt\n|-hitcount|p1a: Omastar|2\n|faint|p1a: Omastar\n|\n|win|PupperKun\n|raw|hauntersnightmare's rating: 1529 &rarr; <strong>1508<\/strong><br \/>(-21 for losing)\n|raw|PupperKun's rating: 1510 &rarr; <strong>1531<\/strong><br \/>(+21 for winning)\n|l|\u2606hauntersnightmare\n","uploadtime":1619153308,"views":25,"p1id":"hauntersnightmare","p2id":"pupperkun","formatid":"gen8nationaldex","rating":1508,"private":0,"password":null}