{"id":"gen8ou-1647282909","p1":"GeniusX","p2":"LT94JE F","format":"gen8ou","log":"|raw|<div class=\"broadcast-blue\"><strong>This battle is required to be public due to a player having a name starting with 'lt94je'.<\/div>\n|j|\u2606GeniusX\n|j|\u2606LT94JE F\n|t:|1661364581\n|gametype|singles\n|player|p1|GeniusX|elesa|1784\n|player|p2|LT94JE F|skyla-masters2|1845\n|teamsize|p1|6\n|teamsize|p2|6\n|gen|8\n|tier|[Gen 8] OU\n|rated|\n|rule|Sleep Clause Mod: Limit one foe put to sleep\n|rule|Species Clause: Limit one of each Pok\u00e9mon\n|rule|OHKO Clause: OHKO moves are banned\n|rule|Evasion Items Clause: Evasion items are banned\n|rule|Evasion Moves Clause: Evasion moves are banned\n|rule|Endless Battle Clause: Forcing endless battles is banned\n|rule|HP Percentage Mod: HP is shown in percentages\n|rule|Dynamax Clause: You cannot dynamax\n|clearpoke\n|poke|p1|Tornadus-Therian, M|\n|poke|p1|Bisharp, M|\n|poke|p1|Rillaboom, F|\n|poke|p1|Victini|\n|poke|p1|Swampert, M|\n|poke|p1|Kartana|\n|poke|p2|Landorus-Therian, M|\n|poke|p2|Ferrothorn, M|\n|poke|p2|Tapu Fini|\n|poke|p2|Zapdos|\n|poke|p2|Weavile, M|\n|poke|p2|Blacephalon|\n|teampreview\n|\n|t:|1661364589\n|start\n|switch|p1a: Bisharp|Bisharp, M|100\/100\n|switch|p2a: Bandit|Weavile, M, shiny|100\/100\n|-ability|p2a: Bandit|Pressure\n|turn|1\n|\n|t:|1661364595\n|switch|p1a: Swampert|Swampert, M|100\/100\n|move|p2a: Bandit|Triple Axel|p1a: Swampert\n|-damage|p1a: Swampert|86\/100\n|-damage|p1a: Swampert|57\/100\n|-damage|p1a: Swampert|9\/100\n|-hitcount|p1a: Swampert|3\n|\n|-heal|p1a: Swampert|16\/100|[from] item: Leftovers\n|upkeep\n|turn|2\n|\n|t:|1661364606\n|move|p2a: Bandit|Triple Axel|p1a: Swampert\n|-damage|p1a: Swampert|0 fnt\n|faint|p1a: Swampert\n|-hitcount|p1: Swampert|1\n|\n|upkeep\n|\n|t:|1661364607\n|switch|p1a: Victini|Victini|100\/100\n|turn|3\n|j| blessid blessid\n|\n|t:|1661364618\n|switch|p2a: Raven|Tapu Fini, shiny|100\/100\n|-fieldstart|move: Misty Terrain|[from] ability: Misty Surge|[of] p2a: Raven\n|move|p1a: Victini|Bolt Strike|p2a: Raven\n|-supereffective|p2a: Raven\n|-damage|p2a: Raven|43\/100\n|\n|-heal|p2a: Raven|49\/100|[from] item: Leftovers\n|upkeep\n|turn|4\n|\n|t:|1661364624\n|switch|p2a: Enten|Landorus-Therian, M, shiny|100\/100\n|-ability|p2a: Enten|Intimidate|boost\n|-unboost|p1a: Victini|atk|1\n|move|p1a: Victini|V-create|p2a: Enten\n|-damage|p2a: Enten|54\/100\n|-unboost|p1a: Victini|spe|1\n|-unboost|p1a: Victini|def|1\n|-unboost|p1a: Victini|spd|1\n|\n|-heal|p2a: Enten|60\/100|[from] item: Leftovers\n|upkeep\n|turn|5\n|\n|t:|1661364629\n|switch|p1a: Tornadus|Tornadus-Therian, M|100\/100\n|move|p2a: Enten|Knock Off|p1a: Tornadus\n|-damage|p1a: Tornadus|68\/100\n|-enditem|p1a: Tornadus|Heavy-Duty Boots|[from] move: Knock Off|[of] p2a: Enten\n|\n|-heal|p2a: Enten|66\/100|[from] item: Leftovers\n|upkeep\n|turn|6\n|\n|t:|1661364635\n|switch|p2a: Raven|Tapu Fini, shiny|49\/100\n|move|p1a: Tornadus|Icy Wind|p2a: Raven\n|-resisted|p2a: Raven\n|-damage|p2a: Raven|44\/100\n|-unboost|p2a: Raven|spe|1\n|\n|-heal|p2a: Raven|50\/100|[from] item: Leftovers\n|upkeep\n|turn|7\n|\n|t:|1661364639\n|move|p1a: Tornadus|U-turn|p2a: Raven\n|-resisted|p2a: Raven\n|-damage|p2a: Raven|44\/100\n|\n|t:|1661364641\n|switch|p1a: Rillaboom|Rillaboom, F|100\/100|[from]move: U-turn\n|-fieldstart|move: Grassy Terrain|[from] ability: Grassy Surge|[of] p1a: Rillaboom\n|move|p2a: Raven|Draining Kiss|p1a: Rillaboom\n|-damage|p1a: Rillaboom|78\/100\n|-heal|p2a: Raven|63\/100|[from] drain|[of] p1a: Rillaboom\n|\n|-heal|p1a: Rillaboom|84\/100|[from] Grassy Terrain\n|-heal|p2a: Raven|69\/100|[from] Grassy Terrain\n|-heal|p2a: Raven|75\/100|[from] item: Leftovers\n|upkeep\n|turn|8\n|j| LT94JEwangyu\n|\n|t:|1661364650\n|switch|p2a: Byakko|Zapdos, shiny|100\/100\n|move|p1a: Rillaboom|U-turn|p2a: Byakko\n|-resisted|p2a: Byakko\n|-damage|p2a: Byakko|77\/100\n|l| LT94JEwangyu\n|\n|t:|1661364653\n|switch|p1a: Victini|Victini|100\/100|[from]move: U-turn\n|\n|upkeep\n|turn|9\n|\n|t:|1661364657\n|move|p1a: Victini|V-create|p2a: Byakko\n|-damage|p2a: Byakko|0 fnt\n|-unboost|p1a: Victini|spe|1\n|-unboost|p1a: Victini|def|1\n|-unboost|p1a: Victini|spd|1\n|-status|p1a: Victini|par|[from] ability: Static|[of] p2a: Byakko\n|faint|p2a: Byakko\n|\n|upkeep\n|\n|t:|1661364659\n|switch|p2a: Bandit|Weavile, M, shiny|100\/100\n|-ability|p2a: Bandit|Pressure\n|turn|10\n|j| ionlyloseifyouwin\n|\n|t:|1661364663\n|switch|p1a: Bisharp|Bisharp, M|100\/100\n|move|p2a: Bandit|Knock Off|p1a: Bisharp\n|-resisted|p1a: Bisharp\n|-damage|p1a: Bisharp|53\/100\n|-enditem|p1a: Bisharp|Choice Band|[from] move: Knock Off|[of] p2a: Bandit\n|\n|-heal|p1a: Bisharp|58\/100|[from] Grassy Terrain\n|upkeep\n|turn|11\n|j| cassthetic\n|l| ionlyloseifyouwin\n|\n|t:|1661364676\n|switch|p2a: Raven|Tapu Fini, shiny|75\/100\n|-fieldstart|move: Misty Terrain|[from] ability: Misty Surge|[of] p2a: Raven\n|move|p1a: Bisharp|Iron Head|p2a: Raven\n|-damage|p2a: Raven|45\/100\n|\n|-heal|p2a: Raven|51\/100|[from] item: Leftovers\n|upkeep\n|turn|12\n|\n|t:|1661364682\n|move|p2a: Raven|Draining Kiss|p1a: Bisharp\n|-damage|p1a: Bisharp|29\/100\n|-heal|p2a: Raven|70\/100|[from] drain|[of] p1a: Bisharp\n|move|p1a: Bisharp|Knock Off|p2a: Raven\n|-resisted|p2a: Raven\n|-damage|p2a: Raven|51\/100\n|-enditem|p2a: Raven|Leftovers|[from] move: Knock Off|[of] p1a: Bisharp\n|\n|upkeep\n|turn|13\n|\n|t:|1661364686\n|switch|p1a: Rillaboom|Rillaboom, F|84\/100\n|-fieldstart|move: Grassy Terrain|[from] ability: Grassy Surge|[of] p1a: Rillaboom\n|move|p2a: Raven|Draining Kiss|p1a: Rillaboom\n|-damage|p1a: Rillaboom|61\/100\n|-heal|p2a: Raven|70\/100|[from] drain|[of] p1a: Rillaboom\n|\n|-heal|p1a: Rillaboom|68\/100|[from] Grassy Terrain\n|-heal|p2a: Raven|76\/100|[from] Grassy Terrain\n|upkeep\n|turn|14\n|j| LT_Alt1\n|l| cassthetic\n|\n|t:|1661364694\n|switch|p2a: Temple|Ferrothorn, M, shiny|100\/100\n|move|p1a: Rillaboom|Wood Hammer|p2a: Temple\n|-resisted|p2a: Temple\n|-damage|p2a: Temple|81\/100\n|-damage|p1a: Rillaboom|55\/100|[from] ability: Iron Barbs|[of] p2a: Temple\n|-damage|p1a: Rillaboom|39\/100|[from] item: Rocky Helmet|[of] p2a: Temple\n|-damage|p1a: Rillaboom|32\/100|[from] Recoil\n|\n|-heal|p1a: Rillaboom|38\/100|[from] Grassy Terrain\n|-heal|p2a: Temple|87\/100|[from] Grassy Terrain\n|upkeep\n|turn|15\n|\n|t:|1661364699\n|switch|p1a: Victini|Victini|100\/100 par\n|move|p2a: Temple|Stealth Rock|p1a: Victini\n|-sidestart|p1: GeniusX|move: Stealth Rock\n|\n|-heal|p2a: Temple|93\/100|[from] Grassy Terrain\n|upkeep\n|turn|16\n|\n|t:|1661364701\n|switch|p2a: Enten|Landorus-Therian, M, shiny|66\/100\n|-ability|p2a: Enten|Intimidate|boost\n|-unboost|p1a: Victini|atk|1\n|cant|p1a: Victini|par\n|\n|-heal|p2a: Enten|72\/100|[from] item: Leftovers\n|upkeep\n|turn|17\n|\n|t:|1661364705\n|switch|p1a: Tornadus|Tornadus-Therian, M|100\/100\n|-damage|p1a: Tornadus|76\/100|[from] Stealth Rock\n|move|p2a: Enten|Knock Off|p1a: Tornadus\n|-damage|p1a: Tornadus|55\/100\n|\n|-heal|p2a: Enten|78\/100|[from] item: Leftovers\n|-fieldend|move: Grassy Terrain\n|upkeep\n|turn|18\n|\n|t:|1661364708\n|switch|p2a: Raven|Tapu Fini, shiny|76\/100\n|-fieldstart|move: Misty Terrain|[from] ability: Misty Surge|[of] p2a: Raven\n|move|p1a: Tornadus|Defog|p2a: Raven\n|-unboost|p2a: Raven|evasion|1\n|-sideend|p1: GeniusX|Stealth Rock|[from] move: Defog|[of] p1a: Tornadus\n|-fieldend|Misty Terrain\n|\n|upkeep\n|turn|19\n|inactive|Battle timer is ON: inactive players will automatically lose when time's up. (requested by LT94JE F)\n|\n|t:|1661364722\n|switch|p1a: Victini|Victini|100\/100 par\n|move|p2a: Raven|Draining Kiss|p1a: Victini\n|-resisted|p1a: Victini\n|-damage|p1a: Victini|92\/100 par\n|-heal|p2a: Raven|83\/100|[from] drain|[of] p1a: Victini\n|\n|upkeep\n|turn|20\n|\n|t:|1661364726\n|switch|p1a: Rillaboom|Rillaboom, F|38\/100\n|-fieldstart|move: Grassy Terrain|[from] ability: Grassy Surge|[of] p1a: Rillaboom\n|move|p2a: Raven|Surf|p1a: Rillaboom\n|-resisted|p1a: Rillaboom\n|-damage|p1a: Rillaboom|19\/100\n|\n|-heal|p1a: Rillaboom|25\/100|[from] Grassy Terrain\n|-heal|p2a: Raven|89\/100|[from] Grassy Terrain\n|upkeep\n|turn|21\n|\n|t:|1661364730\n|switch|p2a: Temple|Ferrothorn, M, shiny|93\/100\n|move|p1a: Rillaboom|Superpower|p2a: Temple\n|-supereffective|p2a: Temple\n|-damage|p2a: Temple|14\/100\n|-unboost|p1a: Rillaboom|atk|1\n|-unboost|p1a: Rillaboom|def|1\n|-damage|p1a: Rillaboom|13\/100|[from] ability: Iron Barbs|[of] p2a: Temple\n|-damage|p1a: Rillaboom|0 fnt|[from] item: Rocky Helmet|[of] p2a: Temple\n|faint|p1a: Rillaboom\n|\n|-heal|p2a: Temple|20\/100|[from] Grassy Terrain\n|upkeep\n|\n|t:|1661364741\n|switch|p1a: Kartana|Kartana|100\/100\n|turn|22\n|\n|t:|1661364752\n|switch|p2a: Enten|Landorus-Therian, M, shiny|78\/100\n|-ability|p2a: Enten|Intimidate|boost\n|-unboost|p1a: Kartana|atk|1\n|move|p1a: Kartana|Knock Off|p2a: Enten\n|-damage|p2a: Enten|50\/100\n|-enditem|p2a: Enten|Leftovers|[from] move: Knock Off|[of] p1a: Kartana\n|\n|upkeep\n|turn|23\n|\n|t:|1661364757\n|switch|p1a: Tornadus|Tornadus-Therian, M|88\/100\n|move|p2a: Enten|U-turn|p1a: Tornadus\n|-resisted|p1a: Tornadus\n|-damage|p1a: Tornadus|76\/100\n|\n|t:|1661364760\n|switch|p2a: Bandit|Weavile, M, shiny|100\/100|[from]move: U-turn\n|-ability|p2a: Bandit|Pressure\n|\n|upkeep\n|turn|24\n|inactive|GeniusX has 120 seconds left.\n|\n|t:|1661364793\n|switch|p1a: Bisharp|Bisharp, M|29\/100\n|move|p2a: Bandit|Knock Off|p1a: Bisharp\n|-resisted|p1a: Bisharp\n|-damage|p1a: Bisharp|0 fnt\n|faint|p1a: Bisharp\n|\n|-fieldend|move: Grassy Terrain\n|upkeep\n|inactive|GeniusX has 120 seconds left.\n|\n|t:|1661364802\n|switch|p1a: Tornadus|Tornadus-Therian, M|100\/100\n|turn|25\n|\n|t:|1661364807\n|switch|p2a: Raven|Tapu Fini, shiny|89\/100\n|-fieldstart|move: Misty Terrain|[from] ability: Misty Surge|[of] p2a: Raven\n|move|p1a: Tornadus|U-turn|p2a: Raven\n|-resisted|p2a: Raven\n|-damage|p2a: Raven|84\/100\n|\n|t:|1661364809\n|switch|p1a: Kartana|Kartana|100\/100|[from]move: U-turn\n|\n|upkeep\n|turn|26\n|\n|t:|1661364815\n|switch|p2a: Enten|Landorus-Therian, M, shiny|50\/100\n|-ability|p2a: Enten|Intimidate|boost\n|-unboost|p1a: Kartana|atk|1\n|move|p1a: Kartana|Leaf Blade|p2a: Enten\n|-damage|p2a: Enten|12\/100\n|\n|upkeep\n|turn|27\n|j| Mreow\n|\n|t:|1661364821\n|switch|p1a: Tornadus|Tornadus-Therian, M|100\/100\n|move|p2a: Enten|U-turn|p1a: Tornadus\n|-resisted|p1a: Tornadus\n|-damage|p1a: Tornadus|90\/100\n|\n|t:|1661364828\n|switch|p2a: Bandit|Weavile, M, shiny|100\/100|[from]move: U-turn\n|-ability|p2a: Bandit|Pressure\n|\n|upkeep\n|turn|28\n|\n|t:|1661364831\n|switch|p1a: Victini|Victini|92\/100 par\n|move|p2a: Bandit|Triple Axel|p1a: Victini\n|-resisted|p1a: Victini\n|-damage|p1a: Victini|84\/100 par\n|-resisted|p1a: Victini\n|-damage|p1a: Victini|69\/100 par\n|-resisted|p1a: Victini\n|-damage|p1a: Victini|44\/100 par\n|-hitcount|p1a: Victini|3\n|\n|upkeep\n|turn|29\n|\n|t:|1661364835\n|move|p2a: Bandit|Triple Axel|p1a: Victini\n|-resisted|p1a: Victini\n|-crit|p1a: Victini\n|-damage|p1a: Victini|32\/100 par\n|-resisted|p1a: Victini\n|-damage|p1a: Victini|17\/100 par\n|-resisted|p1a: Victini\n|-damage|p1a: Victini|0 fnt\n|faint|p1a: Victini\n|-hitcount|p1: Victini|3\n|\n|-fieldend|Misty Terrain\n|upkeep\n|\n|t:|1661364837\n|switch|p1a: Kartana|Kartana|100\/100\n|turn|30\n|\n|t:|1661364844\n|switch|p2a: Enten|Landorus-Therian, M, shiny|12\/100\n|-ability|p2a: Enten|Intimidate|boost\n|-unboost|p1a: Kartana|atk|1\n|move|p1a: Kartana|Leaf Blade|p2a: Enten\n|-damage|p2a: Enten|0 fnt\n|faint|p2a: Enten\n|-ability|p1a: Kartana|Beast Boost|boost\n|-boost|p1a: Kartana|atk|1\n|\n|upkeep\n|\n|t:|1661364848\n|switch|p2a: Hyperspace|Blacephalon, shiny|100\/100\n|turn|31\n|\n|t:|1661364851\n|switch|p1a: Tornadus|Tornadus-Therian, M|100\/100\n|move|p2a: Hyperspace|Flamethrower|p1a: Tornadus\n|-damage|p1a: Tornadus|48\/100\n|\n|upkeep\n|turn|32\n|\n|t:|1661364856\n|move|p2a: Hyperspace|Flamethrower|p1a: Tornadus\n|-damage|p1a: Tornadus|0 fnt\n|faint|p1a: Tornadus\n|-ability|p2a: Hyperspace|Beast Boost|boost\n|-boost|p2a: Hyperspace|spa|1\n|\n|upkeep\n|\n|t:|1661364857\n|switch|p1a: Kartana|Kartana|100\/100\n|turn|33\n|\n|t:|1661364860\n|move|p1a: Kartana|Knock Off|p2a: Hyperspace\n|-supereffective|p2a: Hyperspace\n|-damage|p2a: Hyperspace|0 fnt\n|-enditem|p2a: Hyperspace|Choice Scarf|[from] move: Knock Off|[of] p1a: Kartana\n|faint|p2a: Hyperspace\n|-ability|p1a: Kartana|Beast Boost|boost\n|-boost|p1a: Kartana|atk|1\n|\n|upkeep\n|\n|t:|1661364863\n|switch|p2a: Raven|Tapu Fini, shiny|84\/100\n|-fieldstart|move: Misty Terrain|[from] ability: Misty Surge|[of] p2a: Raven\n|turn|34\n|\n|t:|1661364865\n|move|p1a: Kartana|Knock Off|p2a: Raven\n|-resisted|p2a: Raven\n|-damage|p2a: Raven|69\/100\n|move|p2a: Raven|Surf|p1a: Kartana\n|-resisted|p1a: Kartana\n|-damage|p1a: Kartana|51\/100\n|\n|upkeep\n|turn|35\n|-message|GeniusX forfeited.\n|\n|win|LT94JE F\n|raw|GeniusX's rating: 1784 &rarr; <strong>1767<\/strong><br \/>(-17 for losing)\n|raw|LT94JE F's rating: 1845 &rarr; <strong>1862<\/strong><br \/>(+17 for winning)\n|l|\u2606GeniusX\n|l|\u2606LT94JE F\n||Ladder isn't responding, score probably updated but might not have (Request timeout).\n|j| cassthetic\n|l| cassthetic\n","uploadtime":1661364954,"views":21,"p1id":"geniusx","p2id":"lt94jef","formatid":"gen8ou","rating":1767,"private":0,"password":null}