{"id":"gen8ou-1022391310","p1":"Generic OU Tryhard","p2":"Burnt Bright","format":"gen8ou","log":"|j|\u2606Generic OU Tryhard\n|j|\u2606Burnt Bright\n|player|p1|Generic OU Tryhard|192|1369\n|player|p2|Burnt Bright|226|1431\n|teamsize|p1|6\n|teamsize|p2|6\n|gametype|singles\n|gen|8\n|tier|[Gen 8] OU\n|rated|\n|rule|Sleep Clause Mod: Limit one foe put to sleep\n|rule|Species Clause: Limit one of each Pok\u00e9mon\n|rule|OHKO Clause: OHKO moves are banned\n|rule|Evasion Moves Clause: Evasion moves are banned\n|rule|Endless Battle Clause: Forcing endless battles is banned\n|rule|HP Percentage Mod: HP is shown in percentages\n|clearpoke\n|poke|p1|Mr. Mime, M|\n|poke|p1|Conkeldurr, M|\n|poke|p1|Seismitoad, M|\n|poke|p1|Ferrothorn, M|\n|poke|p1|Grimmsnarl, M|\n|poke|p1|Mr. Rime, M|\n|poke|p2|Toxtricity, M|\n|poke|p2|Cinderace, M|\n|poke|p2|Seismitoad, M|\n|poke|p2|Hydreigon, M|\n|poke|p2|Clefable, M|\n|poke|p2|Gengar, M|\n|teampreview\n|\n|start\n|switch|p1a: Mr. Rime|Mr. Rime, M|100\/100\n|switch|p2a: Hydreigon|Hydreigon, M|100\/100\n|turn|1\n|\n|switch|p2a: Cinderace|Cinderace, M|100\/100\n|switch|p1a: Grimmsnarl|Grimmsnarl, M|100\/100\n|\n|upkeep\n|turn|2\n|\n|move|p1a: Grimmsnarl|Thunder Wave|p2a: Cinderace\n|-status|p2a: Cinderace|par\n|cant|p2a: Cinderace|par\n|\n|upkeep\n|turn|3\n|\n|switch|p1a: Seismitoad|Seismitoad, M|100\/100\n|move|p2a: Cinderace|U-turn|p1a: Seismitoad\n|-damage|p1a: Seismitoad|83\/100\n|\n|switch|p2a: Hydreigon|Hydreigon, M|100\/100|[from]move: U-turn\n|\n|-heal|p1a: Seismitoad|89\/100|[from] item: Leftovers\n|upkeep\n|turn|4\n|\n|switch|p1a: Grimmsnarl|Grimmsnarl, M|100\/100\n|move|p2a: Hydreigon|Substitute|p2a: Hydreigon\n|-start|p2a: Hydreigon|Substitute\n|-damage|p2a: Hydreigon|76\/100\n|\n|-heal|p2a: Hydreigon|82\/100|[from] item: Leftovers\n|upkeep\n|turn|5\n|\n|move|p1a: Grimmsnarl|Substitute|p1a: Grimmsnarl\n|-start|p1a: Grimmsnarl|Substitute\n|-damage|p1a: Grimmsnarl|76\/100\n|move|p2a: Hydreigon|Nasty Plot|p2a: Hydreigon\n|-boost|p2a: Hydreigon|spa|2\n|\n|-heal|p2a: Hydreigon|88\/100|[from] item: Leftovers\n|-heal|p1a: Grimmsnarl|82\/100|[from] item: Leftovers\n|upkeep\n|turn|6\n|\n|move|p2a: Hydreigon|Flash Cannon|p1a: Grimmsnarl\n|-supereffective|p1a: Grimmsnarl\n|-end|p1a: Grimmsnarl|Substitute\n|move|p1a: Grimmsnarl|Spirit Break|p2a: Hydreigon\n|-supereffective|p2a: Hydreigon\n|-end|p2a: Hydreigon|Substitute\n|\n|-heal|p2a: Hydreigon|94\/100|[from] item: Leftovers\n|-heal|p1a: Grimmsnarl|88\/100|[from] item: Leftovers\n|upkeep\n|turn|7\n|\n|switch|p1a: Ferrothorn|Ferrothorn, M|100\/100\n|move|p2a: Hydreigon|Flash Cannon|p1a: Ferrothorn\n|-resisted|p1a: Ferrothorn\n|-damage|p1a: Ferrothorn|83\/100\n|-unboost|p1a: Ferrothorn|spd|1\n|\n|-heal|p2a: Hydreigon|99\/100|[from] item: Leftovers\n|-heal|p1a: Ferrothorn|89\/100|[from] item: Leftovers\n|upkeep\n|turn|8\n|\n|move|p2a: Hydreigon|Dark Pulse|p1a: Ferrothorn\n|-damage|p1a: Ferrothorn|15\/100\n|cant|p1a: Ferrothorn|flinch\n|\n|-heal|p2a: Hydreigon|100\/100|[from] item: Leftovers\n|-heal|p1a: Ferrothorn|22\/100|[from] item: Leftovers\n|upkeep\n|turn|9\n|\n|move|p2a: Hydreigon|Flash Cannon|p1a: Ferrothorn\n|-resisted|p1a: Ferrothorn\n|-damage|p1a: Ferrothorn|0 fnt\n|faint|p1a: Ferrothorn\n|\n|upkeep\n|\n|switch|p1a: Conkeldurr|Conkeldurr, M|100\/100\n|turn|10\n|\n|-start|p2a: Hydreigon|Dynamax\n|-heal|p2a: Hydreigon|100\/100|[silent]\n|move|p2a: Hydreigon|Max Steelspike|p1a: Conkeldurr\n|-damage|p1a: Conkeldurr|10\/100\n|-boost|p2a: Hydreigon|def|1\n|move|p1a: Conkeldurr|Drain Punch|p2a: Hydreigon\n|-supereffective|p2a: Hydreigon\n|-damage|p2a: Hydreigon|67\/100\n|-heal|p1a: Conkeldurr|40\/100|[from] drain|[of] p2a: Hydreigon\n|\n|-heal|p2a: Hydreigon|73\/100|[from] item: Leftovers\n|-heal|p1a: Conkeldurr|47\/100|[from] item: Leftovers\n|upkeep\n|turn|11\n|\n|move|p1a: Conkeldurr|Mach Punch|p2a: Hydreigon\n|-supereffective|p2a: Hydreigon\n|-damage|p2a: Hydreigon|54\/100\n|move|p2a: Hydreigon|Max Steelspike|p1a: Conkeldurr\n|-damage|p1a: Conkeldurr|0 fnt\n|-boost|p2a: Hydreigon|def|1\n|faint|p1a: Conkeldurr\n|\n|-heal|p2a: Hydreigon|60\/100|[from] item: Leftovers\n|upkeep\n|\n|switch|p1a: Mr. Mime|Mr. Mime, M|100\/100\n|turn|12\n|\n|-start|p1a: Mr. Mime|Dynamax\n|-heal|p1a: Mr. Mime|100\/100|[silent]\n|move|p1a: Mr. Mime|Max Guard|p1a: Mr. Mime\n|-singleturn|p1a: Mr. Mime|Max Guard\n|move|p2a: Hydreigon|Max Steelspike|p1a: Mr. Mime\n|-activate|p1a: Mr. Mime|move: Max Guard\n|\n|-heal|p2a: Hydreigon|66\/100|[from] item: Leftovers\n|-end|p2a: Hydreigon|Dynamax\n|-heal|p2a: Hydreigon|66\/100|[silent]\n|upkeep\n|turn|13\n|\n|move|p2a: Hydreigon|Substitute|p2a: Hydreigon\n|-start|p2a: Hydreigon|Substitute\n|-damage|p2a: Hydreigon|41\/100\n|move|p1a: Mr. Mime|Max Starfall|p2a: Hydreigon\n|-supereffective|p2a: Hydreigon\n|-end|p2a: Hydreigon|Substitute\n|-fieldstart|move: Misty Terrain\n|\n|-heal|p2a: Hydreigon|47\/100|[from] item: Leftovers\n|upkeep\n|turn|14\n|\n|move|p2a: Hydreigon|Substitute|p2a: Hydreigon\n|-start|p2a: Hydreigon|Substitute\n|-damage|p2a: Hydreigon|22\/100\n|move|p1a: Mr. Mime|Max Starfall|p2a: Hydreigon\n|-supereffective|p2a: Hydreigon\n|-end|p2a: Hydreigon|Substitute\n|\n|-heal|p2a: Hydreigon|29\/100|[from] item: Leftovers\n|-end|p1a: Mr. Mime|Dynamax\n|-heal|p1a: Mr. Mime|100\/100|[silent]\n|upkeep\n|turn|15\n|\n|move|p2a: Hydreigon|Flash Cannon|p1a: Mr. Mime\n|-supereffective|p1a: Mr. Mime\n|-damage|p1a: Mr. Mime|0 fnt\n|faint|p1a: Mr. Mime\n|\n|-heal|p2a: Hydreigon|35\/100|[from] item: Leftovers\n|upkeep\n|c|\u2606Generic OU Tryhard|Fuck off\n|-message|Generic OU Tryhard forfeited.\n|\n|win|Burnt Bright\n|l|\u2606Generic OU Tryhard\n||Ladder (probably) updated, but score could not be retrieved (Response not received).\n|error|Unexpected response null from ladder server.\n","uploadtime":1575421827,"views":22,"p1id":"genericoutryhard","p2id":"burntbright","formatid":"gen8ou","rating":0,"private":0,"password":null}