{"id":"gen8ou-1671193499","p1":"Daevank5","p2":"toomenator","format":"gen8ou","log":"|j|\u2606Daevank5\n|j|\u2606toomenator\n|t:|1663907072\n|gametype|singles\n|player|p1|Daevank5|workerice|1843\n|player|p2|toomenator|2|1829\n|teamsize|p1|6\n|teamsize|p2|6\n|gen|8\n|tier|[Gen 8] OU\n|rated|\n|rule|Sleep Clause Mod: Limit one foe put to sleep\n|rule|Species Clause: Limit one of each Pok\u00e9mon\n|rule|OHKO Clause: OHKO moves are banned\n|rule|Evasion Items Clause: Evasion items are banned\n|rule|Evasion Moves Clause: Evasion moves are banned\n|rule|Endless Battle Clause: Forcing endless battles is banned\n|rule|HP Percentage Mod: HP is shown in percentages\n|rule|Dynamax Clause: You cannot dynamax\n|clearpoke\n|poke|p1|Thundurus, M|\n|poke|p1|Toxapex, F|\n|poke|p1|Landorus-Therian, M|\n|poke|p1|Dragapult, M|\n|poke|p1|Heatran, M|\n|poke|p1|Mew|\n|poke|p2|Tapu Koko|\n|poke|p2|Hawlucha, M|\n|poke|p2|Victini|\n|poke|p2|Garchomp, F|\n|poke|p2|Melmetal|\n|poke|p2|Volcanion|\n|teampreview\n|inactive|Battle timer is ON: inactive players will automatically lose when time's up. (requested by toomenator)\n|\n|t:|1663907078\n|start\n|switch|p1a: ThunderMan|Thundurus, M|100\/100\n|switch|p2a: Victini|Victini|100\/100\n|turn|1\n|\n|t:|1663907081\n|move|p2a: Victini|Final Gambit|p1a: ThunderMan\n|-damage|p1a: ThunderMan|0 fnt\n|faint|p2a: Victini\n|faint|p1a: ThunderMan\n|\n|upkeep\n|\n|t:|1663907089\n|switch|p1a: \u00b5|Mew|100\/100\n|switch|p2a: Volcanion|Volcanion|100\/100\n|turn|2\n|\n|t:|1663907092\n|switch|p2a: Melmetal|Melmetal|100\/100\n|move|p1a: \u00b5|Earth Power|p2a: Melmetal\n|-supereffective|p2a: Melmetal\n|-damage|p2a: Melmetal|49\/100\n|-unboost|p2a: Melmetal|spd|1\n|\n|upkeep\n|turn|3\n|\n|t:|1663907096\n|switch|p2a: Hawlucha|Hawlucha, M|100\/100\n|move|p1a: \u00b5|Earth Power|p2a: Hawlucha\n|-immune|p2a: Hawlucha\n|\n|upkeep\n|turn|4\n|\n|t:|1663907101\n|switch|p2a: Tapu Koko|Tapu Koko|100\/100\n|-fieldstart|move: Electric Terrain|[from] ability: Electric Surge|[of] p2a: Tapu Koko\n|move|p1a: \u00b5|Will-O-Wisp|p2a: Tapu Koko\n|-status|p2a: Tapu Koko|brn\n|\n|-damage|p2a: Tapu Koko|94\/100 brn|[from] brn\n|upkeep\n|turn|5\n|\n|t:|1663907107\n|move|p2a: Tapu Koko|U-turn|p1a: \u00b5\n|-supereffective|p1a: \u00b5\n|-damage|p1a: \u00b5|86\/100\n|\n|t:|1663907117\n|switch|p2a: Volcanion|Volcanion|100\/100|[from]move: U-turn\n|move|p1a: \u00b5|Earth Power|p2a: Volcanion\n|-supereffective|p2a: Volcanion\n|-damage|p2a: Volcanion|52\/100\n|\n|-heal|p1a: \u00b5|92\/100|[from] item: Leftovers\n|upkeep\n|turn|6\n|j| CherN0ble\n|\n|t:|1663907120\n|move|p2a: Volcanion|Steam Eruption|p1a: \u00b5\n|-damage|p1a: \u00b5|54\/100\n|move|p1a: \u00b5|Earth Power|p2a: Volcanion\n|-supereffective|p2a: Volcanion\n|-damage|p2a: Volcanion|3\/100\n|\n|-heal|p1a: \u00b5|60\/100|[from] item: Leftovers\n|upkeep\n|turn|7\n|\n|t:|1663907126\n|move|p2a: Volcanion|Steam Eruption|p1a: \u00b5|[miss]\n|-miss|p2a: Volcanion|p1a: \u00b5\n|move|p1a: \u00b5|Soft-Boiled|p1a: \u00b5\n|-heal|p1a: \u00b5|100\/100\n|\n|upkeep\n|turn|8\n|\n|t:|1663907140\n|move|p2a: Volcanion|Steam Eruption|p1a: \u00b5\n|-damage|p1a: \u00b5|67\/100\n|-status|p1a: \u00b5|brn\n|-activate|p1a: \u00b5|ability: Synchronize\n|-immune|p2a: Volcanion\n|move|p1a: \u00b5|Earth Power|p2a: Volcanion\n|-supereffective|p2a: Volcanion\n|-damage|p2a: Volcanion|0 fnt\n|faint|p2a: Volcanion\n|\n|-heal|p1a: \u00b5|74\/100 brn|[from] item: Leftovers\n|-damage|p1a: \u00b5|67\/100 brn|[from] brn\n|-fieldend|move: Electric Terrain\n|upkeep\n|\n|t:|1663907157\n|switch|p2a: Tapu Koko|Tapu Koko|94\/100 brn\n|-fieldstart|move: Electric Terrain|[from] ability: Electric Surge|[of] p2a: Tapu Koko\n|turn|9\n|\n|t:|1663907163\n|move|p2a: Tapu Koko|Dazzling Gleam|p1a: \u00b5\n|-damage|p1a: \u00b5|36\/100 brn\n|move|p1a: \u00b5|Soft-Boiled|p1a: \u00b5\n|-heal|p1a: \u00b5|86\/100 brn\n|\n|-heal|p1a: \u00b5|93\/100 brn|[from] item: Leftovers\n|-damage|p2a: Tapu Koko|88\/100 brn|[from] brn\n|-damage|p1a: \u00b5|86\/100 brn|[from] brn\n|upkeep\n|turn|10\n|\n|t:|1663907167\n|move|p2a: Tapu Koko|Dazzling Gleam|p1a: \u00b5\n|-damage|p1a: \u00b5|55\/100 brn\n|move|p1a: \u00b5|Soft-Boiled|p1a: \u00b5\n|-heal|p1a: \u00b5|100\/100 brn\n|\n|-damage|p2a: Tapu Koko|82\/100 brn|[from] brn\n|-damage|p1a: \u00b5|94\/100 brn|[from] brn\n|upkeep\n|turn|11\n|j| wdz999\n|\n|t:|1663907172\n|move|p2a: Tapu Koko|Dazzling Gleam|p1a: \u00b5\n|-damage|p1a: \u00b5|64\/100 brn\n|move|p1a: \u00b5|Soft-Boiled|p1a: \u00b5\n|-heal|p1a: \u00b5|100\/100 brn\n|\n|-damage|p2a: Tapu Koko|76\/100 brn|[from] brn\n|-damage|p1a: \u00b5|94\/100 brn|[from] brn\n|upkeep\n|turn|12\n|\n|t:|1663907180\n|switch|p2a: Hawlucha|Hawlucha, M|100\/100\n|-enditem|p2a: Hawlucha|Electric Seed\n|-boost|p2a: Hawlucha|def|1|[from] item: Electric Seed\n|move|p1a: \u00b5|Earth Power|p2a: Hawlucha\n|-immune|p2a: Hawlucha\n|\n|-heal|p1a: \u00b5|100\/100 brn|[from] item: Leftovers\n|-damage|p1a: \u00b5|94\/100 brn|[from] brn\n|upkeep\n|turn|13\n|\n|t:|1663907185\n|move|p2a: Hawlucha|Taunt|p1a: \u00b5\n|-start|p1a: \u00b5|move: Taunt\n|cant|p1a: \u00b5|move: Taunt|Will-O-Wisp\n|\n|-heal|p1a: \u00b5|100\/100 brn|[from] item: Leftovers\n|-damage|p1a: \u00b5|94\/100 brn|[from] brn\n|-fieldend|move: Electric Terrain\n|upkeep\n|turn|14\n|\n|t:|1663907194\n|switch|p1a: Toxapex|Toxapex, F|100\/100\n|move|p2a: Hawlucha|Swords Dance|p2a: Hawlucha\n|-boost|p2a: Hawlucha|atk|2\n|\n|upkeep\n|turn|15\n|\n|t:|1663907201\n|move|p2a: Hawlucha|Acrobatics|p1a: Toxapex\n|-damage|p1a: Toxapex|44\/100\n|move|p1a: Toxapex|Scald|p2a: Hawlucha\n|-damage|p2a: Hawlucha|76\/100\n|-status|p2a: Hawlucha|brn\n|\n|-heal|p1a: Toxapex|50\/100|[from] item: Black Sludge\n|-damage|p2a: Hawlucha|70\/100 brn|[from] brn\n|upkeep\n|turn|16\n|\n|t:|1663907208\n|switch|p1a: Landorus|Landorus-Therian, M|100\/100\n|-ability|p1a: Landorus|Intimidate|boost\n|-unboost|p2a: Hawlucha|atk|1\n|move|p2a: Hawlucha|Swords Dance|p2a: Hawlucha\n|-boost|p2a: Hawlucha|atk|2\n|\n|-damage|p2a: Hawlucha|64\/100 brn|[from] brn\n|upkeep\n|turn|17\n|\n|t:|1663907218\n|switch|p1a: Toxapex|Toxapex, F|83\/100\n|move|p2a: Hawlucha|Swords Dance|p2a: Hawlucha\n|-boost|p2a: Hawlucha|atk|2\n|\n|-heal|p1a: Toxapex|90\/100|[from] item: Black Sludge\n|-damage|p2a: Hawlucha|58\/100 brn|[from] brn\n|upkeep\n|turn|18\n|\n|t:|1663907223\n|move|p2a: Hawlucha|Acrobatics|p1a: Toxapex\n|-damage|p1a: Toxapex|39\/100\n|move|p1a: Toxapex|Scald|p2a: Hawlucha\n|-damage|p2a: Hawlucha|36\/100 brn\n|\n|-heal|p1a: Toxapex|45\/100|[from] item: Black Sludge\n|-damage|p2a: Hawlucha|30\/100 brn|[from] brn\n|upkeep\n|turn|19\n|\n|t:|1663907232\n|switch|p1a: Heatran|Heatran, M|100\/100\n|move|p2a: Hawlucha|Acrobatics|p1a: Heatran\n|-resisted|p1a: Heatran\n|-damage|p1a: Heatran|63\/100\n|\n|-heal|p1a: Heatran|69\/100|[from] item: Leftovers\n|-damage|p2a: Hawlucha|24\/100 brn|[from] brn\n|upkeep\n|turn|20\n|\n|t:|1663907247\n|switch|p1a: Dragapult|Dragapult, M|100\/100\n|move|p2a: Hawlucha|Close Combat|p1a: Dragapult\n|-immune|p1a: Dragapult\n|\n|-damage|p2a: Hawlucha|18\/100 brn|[from] brn\n|upkeep\n|turn|21\n|\n|t:|1663907250\n|switch|p1a: Toxapex|Toxapex, F|78\/100\n|move|p2a: Hawlucha|Acrobatics|p1a: Toxapex\n|-damage|p1a: Toxapex|27\/100\n|\n|-heal|p1a: Toxapex|33\/100|[from] item: Black Sludge\n|-damage|p2a: Hawlucha|11\/100 brn|[from] brn\n|upkeep\n|turn|22\n|\n|t:|1663907254\n|switch|p1a: Heatran|Heatran, M|69\/100\n|move|p2a: Hawlucha|Acrobatics|p1a: Heatran\n|-resisted|p1a: Heatran\n|-damage|p1a: Heatran|31\/100\n|\n|-heal|p1a: Heatran|37\/100|[from] item: Leftovers\n|-damage|p2a: Hawlucha|5\/100 brn|[from] brn\n|upkeep\n|turn|23\n|\n|t:|1663907258\n|move|p2a: Hawlucha|Acrobatics|p1a: Heatran\n|-resisted|p1a: Heatran\n|-damage|p1a: Heatran|0 fnt\n|faint|p1a: Heatran\n|\n|-damage|p2a: Hawlucha|0 fnt|[from] brn\n|faint|p2a: Hawlucha\n|upkeep\n|\n|t:|1663907267\n|switch|p2a: Garchomp|Garchomp, F|100\/100\n|switch|p1a: Dragapult|Dragapult, M|100\/100\n|turn|24\n|\n|t:|1663907271\n|move|p1a: Dragapult|Draco Meteor|p2a: Garchomp\n|-supereffective|p2a: Garchomp\n|-damage|p2a: Garchomp|0 fnt\n|-unboost|p1a: Dragapult|spa|2\n|faint|p2a: Garchomp\n|\n|upkeep\n|\n|t:|1663907273\n|switch|p2a: Tapu Koko|Tapu Koko|76\/100 brn\n|-fieldstart|move: Electric Terrain|[from] ability: Electric Surge|[of] p2a: Tapu Koko\n|turn|25\n|j| bakuzc\n|\n|t:|1663907284\n|switch|p1a: Toxapex|Toxapex, F|66\/100\n|move|p2a: Tapu Koko|Thunderbolt|p1a: Toxapex\n|-supereffective|p1a: Toxapex\n|-damage|p1a: Toxapex|0 fnt\n|faint|p1a: Toxapex\n|\n|-damage|p2a: Tapu Koko|70\/100 brn|[from] brn\n|upkeep\n|\n|t:|1663907286\n|switch|p1a: Landorus|Landorus-Therian, M|100\/100\n|-ability|p1a: Landorus|Intimidate|boost\n|-unboost|p2a: Tapu Koko|atk|1\n|turn|26\n|j| baibaiats\n|j| AnJian\n|\n|t:|1663907289\n|move|p2a: Tapu Koko|Thunderbolt|p1a: Landorus\n|-immune|p1a: Landorus\n|move|p1a: Landorus|Earthquake|p2a: Tapu Koko\n|-supereffective|p2a: Tapu Koko\n|-damage|p2a: Tapu Koko|0 fnt\n|faint|p2a: Tapu Koko\n|\n|upkeep\n|\n|t:|1663907291\n|switch|p2a: Melmetal|Melmetal|49\/100\n|turn|27\n|\n|t:|1663907293\n|move|p1a: Landorus|Earthquake|p2a: Melmetal\n|-supereffective|p2a: Melmetal\n|-damage|p2a: Melmetal|0 fnt\n|faint|p2a: Melmetal\n|\n|win|Daevank5\n|raw|Daevank5's rating: 1843 &rarr; <strong>1862<\/strong><br \/>(+19 for winning)\n|raw|toomenator's rating: 1829 &rarr; <strong>1810<\/strong><br \/>(-19 for losing)\n|c|\u2606Daevank5|gg\n|c|\u2606toomenator|Gg\n|l|\u2606toomenator\n|l| wdz999\n","uploadtime":1663907300,"views":40,"p1id":"daevank5","p2id":"toomenator","formatid":"gen8ou","rating":1810,"private":0,"password":null}