{"id":"gen8ou-1699366617","p1":"DootHog","p2":"Shinjou Akane","format":"gen8ou","log":"|j|\u2606DootHog\n|j|\u2606Shinjou Akane\n|t:|1667231359\n|gametype|singles\n|player|p1|DootHog|pokekid|1644\n|player|p2|Shinjou Akane|elesa-gen5bw2|1581\n|teamsize|p1|6\n|teamsize|p2|6\n|gen|8\n|tier|[Gen 8] OU\n|rated|\n|rule|Sleep Clause Mod: Limit one foe put to sleep\n|rule|Species Clause: Limit one of each Pok\u00e9mon\n|rule|OHKO Clause: OHKO moves are banned\n|rule|Evasion Items Clause: Evasion items are banned\n|rule|Evasion Moves Clause: Evasion moves are banned\n|rule|Endless Battle Clause: Forcing endless battles is banned\n|rule|HP Percentage Mod: HP is shown in percentages\n|rule|Dynamax Clause: You cannot dynamax\n|clearpoke\n|poke|p1|Mamoswine, F|\n|poke|p1|Zapdos|\n|poke|p1|Kartana|\n|poke|p1|Tapu Fini|\n|poke|p1|Blacephalon|\n|poke|p1|Hawlucha, F|\n|poke|p2|Tornadus-Therian, M|\n|poke|p2|Garchomp, M|\n|poke|p2|Slowking-Galar, F|\n|poke|p2|Urshifu-*, M|\n|poke|p2|Zeraora|\n|poke|p2|Rillaboom, M|\n|teampreview\n|inactive|Battle timer is ON: inactive players will automatically lose when time's up. (requested by DootHog)\n|\n|t:|1667231372\n|start\n|switch|p1a: Tapu Fini|Tapu Fini|100\/100\n|switch|p2a: Urshifu|Urshifu-Rapid-Strike, M|100\/100\n|-fieldstart|move: Misty Terrain|[from] ability: Misty Surge|[of] p1a: Tapu Fini\n|turn|1\n|\n|t:|1667231378\n|switch|p1a: Mamoswine|Mamoswine, F|100\/100\n|move|p2a: Urshifu|U-turn|p1a: Mamoswine\n|-damage|p1a: Mamoswine|56\/100\n|\n|t:|1667231382\n|switch|p2a: Zeraora|Zeraora|100\/100|[from]move: U-turn\n|\n|upkeep\n|turn|2\n|\n|t:|1667231389\n|move|p2a: Zeraora|Close Combat|p1a: Mamoswine\n|-supereffective|p1a: Mamoswine\n|-damage|p1a: Mamoswine|0 fnt\n|-unboost|p2a: Zeraora|def|1\n|-unboost|p2a: Zeraora|spd|1\n|faint|p1a: Mamoswine\n|\n|upkeep\n|\n|t:|1667231394\n|switch|p1a: Blacephalon|Blacephalon|100\/100\n|turn|3\n|\n|t:|1667231402\n|switch|p2a: Slowking|Slowking-Galar, F|100\/100\n|move|p1a: Blacephalon|Shadow Ball|p2a: Slowking\n|-supereffective|p2a: Slowking\n|-damage|p2a: Slowking|57\/100\n|\n|upkeep\n|turn|4\n|\n|t:|1667231410\n|move|p1a: Blacephalon|Shadow Ball|p2a: Slowking\n|-supereffective|p2a: Slowking\n|-damage|p2a: Slowking|13\/100\n|move|p2a: Slowking|Sludge Bomb|p1a: Blacephalon\n|-resisted|p1a: Blacephalon\n|-damage|p1a: Blacephalon|69\/100\n|\n|upkeep\n|turn|5\n|\n|t:|1667231417\n|move|p1a: Blacephalon|Shadow Ball|p2a: Slowking\n|-supereffective|p2a: Slowking\n|-damage|p2a: Slowking|0 fnt\n|faint|p2a: Slowking\n|-ability|p1a: Blacephalon|Beast Boost|boost\n|-boost|p1a: Blacephalon|spa|1\n|\n|-fieldend|Misty Terrain\n|upkeep\n|\n|t:|1667231420\n|switch|p2a: Urshifu|Urshifu-Rapid-Strike, M|100\/100\n|turn|6\n|\n|t:|1667231424\n|switch|p1a: Tapu Fini|Tapu Fini|100\/100\n|-fieldstart|move: Misty Terrain|[from] ability: Misty Surge|[of] p1a: Tapu Fini\n|move|p2a: Urshifu|U-turn|p1a: Tapu Fini\n|-resisted|p1a: Tapu Fini\n|-damage|p1a: Tapu Fini|84\/100\n|\n|t:|1667231430\n|switch|p2a: Rillaboom|Rillaboom, M|100\/100|[from]move: U-turn\n|-fieldstart|move: Grassy Terrain|[from] ability: Grassy Surge|[of] p2a: Rillaboom\n|\n|-heal|p1a: Tapu Fini|91\/100|[from] Grassy Terrain\n|-heal|p1a: Tapu Fini|97\/100|[from] item: Leftovers\n|upkeep\n|turn|7\n|\n|t:|1667231434\n|switch|p1a: Zapdos|Zapdos|100\/100\n|move|p2a: Rillaboom|Swords Dance|p2a: Rillaboom\n|-boost|p2a: Rillaboom|atk|2\n|\n|upkeep\n|turn|8\n|\n|t:|1667231439\n|move|p1a: Zapdos|Hurricane|p2a: Rillaboom|[miss]\n|-miss|p1a: Zapdos|p2a: Rillaboom\n|move|p2a: Rillaboom|Knock Off|p1a: Zapdos\n|-damage|p1a: Zapdos|40\/100\n|-enditem|p1a: Zapdos|Heavy-Duty Boots|[from] move: Knock Off|[of] p2a: Rillaboom\n|\n|upkeep\n|turn|9\n|\n|t:|1667231447\n|switch|p2a: Garchomp|Garchomp, M|100\/100\n|move|p1a: Zapdos|Hurricane|p2a: Garchomp\n|-damage|p2a: Garchomp|59\/100\n|-start|p2a: Garchomp|confusion\n|\n|-heal|p2a: Garchomp|65\/100|[from] Grassy Terrain\n|-heal|p2a: Garchomp|71\/100|[from] item: Leftovers\n|upkeep\n|turn|10\n|\n|t:|1667231449\n|-activate|p2a: Garchomp|confusion\n|move|p2a: Garchomp|Toxic|p1a: Zapdos\n|-status|p1a: Zapdos|tox\n|move|p1a: Zapdos|Roost|p1a: Zapdos\n|-heal|p1a: Zapdos|90\/100 tox\n|-singleturn|p1a: Zapdos|move: Roost\n|\n|-heal|p2a: Garchomp|77\/100|[from] Grassy Terrain\n|-heal|p2a: Garchomp|84\/100|[from] item: Leftovers\n|-heal|p1a: Zapdos|96\/100 tox|[from] Grassy Terrain\n|-damage|p1a: Zapdos|90\/100 tox|[from] psn\n|-fieldend|move: Grassy Terrain\n|upkeep\n|turn|11\n|\n|t:|1667231456\n|switch|p1a: Tapu Fini|Tapu Fini|97\/100\n|-fieldstart|move: Misty Terrain|[from] ability: Misty Surge|[of] p1a: Tapu Fini\n|-activate|p2a: Garchomp|confusion\n|-damage|p2a: Garchomp|75\/100|[from] confusion\n|\n|-heal|p2a: Garchomp|81\/100|[from] item: Leftovers\n|-heal|p1a: Tapu Fini|100\/100|[from] item: Leftovers\n|upkeep\n|turn|12\n|\n|t:|1667231463\n|switch|p2a: Zeraora|Zeraora|100\/100\n|move|p1a: Tapu Fini|Moonblast|p2a: Zeraora\n|-damage|p2a: Zeraora|54\/100\n|-unboost|p2a: Zeraora|spa|1\n|\n|upkeep\n|turn|13\n|\n|t:|1667231482\n|move|p2a: Zeraora|Plasma Fists|p1a: Tapu Fini\n|-supereffective|p1a: Tapu Fini\n|-damage|p1a: Tapu Fini|15\/100\n|-fieldactivate|move: Ion Deluge\n|-hint|Normal-type moves become Electric-type after using Plasma Fists.\n|move|p1a: Tapu Fini|Moonblast|p2a: Zeraora\n|-damage|p2a: Zeraora|6\/100\n|-unboost|p2a: Zeraora|spa|1\n|\n|-heal|p1a: Tapu Fini|21\/100|[from] item: Leftovers\n|upkeep\n|turn|14\n|\n|t:|1667231489\n|move|p2a: Zeraora|Volt Switch|p1a: Tapu Fini\n|-supereffective|p1a: Tapu Fini\n|-damage|p1a: Tapu Fini|6\/100\n|\n|t:|1667231494\n|switch|p2a: Rillaboom|Rillaboom, M|100\/100|[from]move: Volt Switch\n|-fieldstart|move: Grassy Terrain|[from] ability: Grassy Surge|[of] p2a: Rillaboom\n|move|p1a: Tapu Fini|Moonblast|p2a: Rillaboom\n|-damage|p2a: Rillaboom|57\/100\n|-unboost|p2a: Rillaboom|spa|1\n|\n|-heal|p2a: Rillaboom|63\/100|[from] Grassy Terrain\n|-heal|p2a: Rillaboom|69\/100|[from] item: Leftovers\n|-heal|p1a: Tapu Fini|13\/100|[from] Grassy Terrain\n|-heal|p1a: Tapu Fini|19\/100|[from] item: Leftovers\n|upkeep\n|turn|15\n|\n|t:|1667231497\n|switch|p1a: Zapdos|Zapdos|90\/100 tox\n|move|p2a: Rillaboom|Grassy Glide|p1a: Zapdos\n|-resisted|p1a: Zapdos\n|-damage|p1a: Zapdos|71\/100 tox\n|-status|p2a: Rillaboom|par|[from] ability: Static|[of] p1a: Zapdos\n|\n|-heal|p2a: Rillaboom|75\/100 par|[from] Grassy Terrain\n|-heal|p2a: Rillaboom|82\/100 par|[from] item: Leftovers\n|-damage|p1a: Zapdos|65\/100 tox|[from] psn\n|upkeep\n|turn|16\n|\n|t:|1667231509\n|switch|p2a: Garchomp|Garchomp, M|81\/100\n|move|p1a: Zapdos|Hurricane|p2a: Garchomp|[miss]\n|-miss|p1a: Zapdos|p2a: Garchomp\n|\n|-heal|p2a: Garchomp|87\/100|[from] Grassy Terrain\n|-heal|p2a: Garchomp|93\/100|[from] item: Leftovers\n|-damage|p1a: Zapdos|53\/100 tox|[from] psn\n|upkeep\n|turn|17\n|\n|t:|1667231513\n|switch|p1a: Kartana|Kartana|100\/100\n|move|p2a: Garchomp|Stealth Rock|p1a: Kartana\n|-sidestart|p1: DootHog|move: Stealth Rock\n|\n|-heal|p2a: Garchomp|99\/100|[from] Grassy Terrain\n|-heal|p2a: Garchomp|100\/100|[from] item: Leftovers\n|upkeep\n|turn|18\n|\n|t:|1667231525\n|switch|p2a: Tornadus|Tornadus-Therian, M|100\/100\n|move|p1a: Kartana|Leaf Blade|p2a: Tornadus\n|-resisted|p2a: Tornadus\n|-damage|p2a: Tornadus|57\/100\n|\n|-fieldend|move: Grassy Terrain\n|upkeep\n|turn|19\n|\n|t:|1667231548\n|switch|p1a: Tapu Fini|Tapu Fini|19\/100\n|-damage|p1a: Tapu Fini|6\/100|[from] Stealth Rock\n|-fieldstart|move: Misty Terrain|[from] ability: Misty Surge|[of] p1a: Tapu Fini\n|move|p2a: Tornadus|Hurricane|p1a: Tapu Fini\n|-damage|p1a: Tapu Fini|0 fnt\n|faint|p1a: Tapu Fini\n|\n|upkeep\n|\n|t:|1667231555\n|switch|p1a: Hawlucha|Hawlucha, F|100\/100\n|-damage|p1a: Hawlucha|88\/100|[from] Stealth Rock\n|-enditem|p1a: Hawlucha|Misty Seed\n|-boost|p1a: Hawlucha|spd|1|[from] item: Misty Seed\n|turn|20\n|\n|t:|1667231558\n|move|p1a: Hawlucha|Acrobatics|p2a: Tornadus\n|-damage|p2a: Tornadus|0 fnt\n|faint|p2a: Tornadus\n|\n|upkeep\n|\n|t:|1667231563\n|switch|p2a: Garchomp|Garchomp, M|100\/100\n|turn|21\n|\n|t:|1667231567\n|move|p1a: Hawlucha|Swords Dance|p1a: Hawlucha\n|-boost|p1a: Hawlucha|atk|2\n|move|p2a: Garchomp|Toxic|p1a: Hawlucha\n|-status|p1a: Hawlucha|tox\n|\n|-damage|p1a: Hawlucha|82\/100 tox|[from] psn\n|upkeep\n|turn|22\n|\n|t:|1667231576\n|move|p2a: Garchomp|Protect|p2a: Garchomp\n|-singleturn|p2a: Garchomp|Protect\n|move|p1a: Hawlucha|Close Combat|p2a: Garchomp\n|-activate|p2a: Garchomp|move: Protect\n|\n|-damage|p1a: Hawlucha|70\/100 tox|[from] psn\n|upkeep\n|turn|23\n|\n|t:|1667231584\n|move|p2a: Garchomp|Protect||[still]\n|-fail|p2a: Garchomp\n|move|p1a: Hawlucha|Close Combat|p2a: Garchomp\n|-damage|p2a: Garchomp|20\/100\n|-unboost|p1a: Hawlucha|def|1\n|-unboost|p1a: Hawlucha|spd|1\n|-damage|p1a: Hawlucha|57\/100 tox|[from] ability: Rough Skin|[of] p2a: Garchomp\n|\n|-heal|p2a: Garchomp|27\/100|[from] item: Leftovers\n|-damage|p1a: Hawlucha|39\/100 tox|[from] psn\n|-fieldend|Misty Terrain\n|upkeep\n|turn|24\n|\n|t:|1667231591\n|move|p2a: Garchomp|Protect|p2a: Garchomp\n|-singleturn|p2a: Garchomp|Protect\n|move|p1a: Hawlucha|Acrobatics|p2a: Garchomp\n|-activate|p2a: Garchomp|move: Protect\n|\n|-heal|p2a: Garchomp|33\/100|[from] item: Leftovers\n|-damage|p1a: Hawlucha|15\/100 tox|[from] psn\n|upkeep\n|turn|25\n|\n|t:|1667231597\n|move|p1a: Hawlucha|Acrobatics|p2a: Garchomp\n|-damage|p2a: Garchomp|0 fnt\n|-damage|p1a: Hawlucha|3\/100 tox|[from] ability: Rough Skin|[of] p2a: Garchomp\n|faint|p2a: Garchomp\n|\n|-damage|p1a: Hawlucha|0 fnt|[from] psn\n|faint|p1a: Hawlucha\n|upkeep\n|\n|t:|1667231602\n|switch|p1a: Kartana|Kartana|100\/100\n|switch|p2a: Urshifu|Urshifu-Rapid-Strike, M|100\/100\n|-damage|p1a: Kartana|94\/100|[from] Stealth Rock\n|turn|26\n|\n|t:|1667231607\n|switch|p2a: Rillaboom|Rillaboom, M|82\/100 par\n|-fieldstart|move: Grassy Terrain|[from] ability: Grassy Surge|[of] p2a: Rillaboom\n|move|p1a: Kartana|Leaf Blade|p2a: Rillaboom\n|-resisted|p2a: Rillaboom\n|-damage|p2a: Rillaboom|43\/100 par\n|\n|-heal|p1a: Kartana|100\/100|[from] Grassy Terrain\n|-heal|p2a: Rillaboom|49\/100 par|[from] Grassy Terrain\n|-heal|p2a: Rillaboom|56\/100 par|[from] item: Leftovers\n|upkeep\n|turn|27\n|\n|t:|1667231614\n|switch|p1a: Zapdos|Zapdos|53\/100 tox\n|-damage|p1a: Zapdos|28\/100 tox|[from] Stealth Rock\n|move|p2a: Rillaboom|Drain Punch|p1a: Zapdos\n|-resisted|p1a: Zapdos\n|-damage|p1a: Zapdos|17\/100 tox\n|-heal|p2a: Rillaboom|61\/100 par|[from] drain|[of] p1a: Zapdos\n|\n|-heal|p2a: Rillaboom|67\/100 par|[from] Grassy Terrain\n|-heal|p2a: Rillaboom|73\/100 par|[from] item: Leftovers\n|-damage|p1a: Zapdos|11\/100 tox|[from] psn\n|upkeep\n|turn|28\n|\n|t:|1667231623\n|move|p2a: Rillaboom|Grassy Glide|p1a: Zapdos\n|-resisted|p1a: Zapdos\n|-crit|p1a: Zapdos\n|-damage|p1a: Zapdos|0 fnt\n|faint|p1a: Zapdos\n|\n|-heal|p2a: Rillaboom|80\/100 par|[from] Grassy Terrain\n|-heal|p2a: Rillaboom|86\/100 par|[from] item: Leftovers\n|upkeep\n|\n|t:|1667231626\n|switch|p1a: Blacephalon|Blacephalon|69\/100\n|-damage|p1a: Blacephalon|44\/100|[from] Stealth Rock\n|turn|29\n|\n|t:|1667231635\n|move|p2a: Rillaboom|Grassy Glide|p1a: Blacephalon\n|-resisted|p1a: Blacephalon\n|-damage|p1a: Blacephalon|0 fnt\n|faint|p1a: Blacephalon\n|\n|-heal|p2a: Rillaboom|92\/100 par|[from] Grassy Terrain\n|-heal|p2a: Rillaboom|98\/100 par|[from] item: Leftovers\n|upkeep\n|\n|t:|1667231639\n|switch|p1a: Kartana|Kartana|100\/100\n|-damage|p1a: Kartana|94\/100|[from] Stealth Rock\n|turn|30\n|\n|t:|1667231643\n|move|p1a: Kartana|Swords Dance|p1a: Kartana\n|-boost|p1a: Kartana|atk|2\n|move|p2a: Rillaboom|Drain Punch|p1a: Kartana\n|-supereffective|p1a: Kartana\n|-damage|p1a: Kartana|41\/100\n|-heal|p2a: Rillaboom|100\/100 par|[from] drain|[of] p1a: Kartana\n|\n|-heal|p1a: Kartana|47\/100|[from] Grassy Terrain\n|-fieldend|move: Grassy Terrain\n|upkeep\n|turn|31\n|\n|t:|1667231650\n|move|p1a: Kartana|Smart Strike|p2a: Rillaboom\n|-damage|p2a: Rillaboom|9\/100 par\n|move|p2a: Rillaboom|Drain Punch|p1a: Kartana\n|-supereffective|p1a: Kartana\n|-damage|p1a: Kartana|0 fnt\n|-heal|p2a: Rillaboom|24\/100 par|[from] drain|[of] p1a: Kartana\n|faint|p1a: Kartana\n|\n|win|Shinjou Akane\n|raw|DootHog's rating: 1644 &rarr; <strong>1620<\/strong><br \/>(-24 for losing)\n|raw|Shinjou Akane's rating: 1581 &rarr; <strong>1605<\/strong><br \/>(+24 for winning)\n|l|\u2606DootHog\n","uploadtime":1667231660,"views":9,"p1id":"doothog","p2id":"shinjouakane","formatid":"gen8ou","rating":1605,"private":0,"password":null}