{"id":"gen8bdspru-1518320752","p1":"Ill Leave","p2":"Scum party\u32db","format":"gen8bdspru","log":"|j|\u2606Ill Leave\n|j|\u2606Scum party\u32db\n|t:|1645761772\n|gametype|singles\n|player|p1|Ill Leave|janine|\n|player|p2|Scum party\u32db|maid|\n|teamsize|p1|6\n|teamsize|p2|6\n|gen|8\n|tier|[Gen 8 BDSP] RU\n|rule|Sleep Clause Mod: Limit one foe put to sleep\n|rule|Species Clause: Limit one of each Pok\u00e9mon\n|rule|OHKO Clause: OHKO moves are banned\n|rule|Evasion Moves Clause: Evasion moves are banned\n|rule|Endless Battle Clause: Forcing endless battles is banned\n|rule|HP Percentage Mod: HP is shown in percentages\n|clearpoke\n|poke|p1|Torterra, F|\n|poke|p1|Exploud, M|\n|poke|p1|Sableye, M|\n|poke|p1|Medicham, M|\n|poke|p1|Sharpedo, F|\n|poke|p1|Omastar, F|\n|poke|p2|Glalie, F|\n|poke|p2|Jolteon, F|\n|poke|p2|Exploud, M|\n|poke|p2|Nidoqueen, F|\n|poke|p2|Cacturne, F|\n|poke|p2|Spiritomb, F|\n|teampreview\n|c|\u2606Scum party\u32db|hf\n|c|\u2606Ill Leave|u2\n|\n|t:|1645761801\n|start\n|switch|p1a: Omastar|Omastar, F|100\/100\n|switch|p2a: Froslass is UU|Glalie, F|100\/100\n|turn|1\n|\n|t:|1645761806\n|move|p2a: Froslass is UU|Taunt|p1a: Omastar\n|-start|p1a: Omastar|move: Taunt\n|cant|p1a: Omastar|move: Taunt|Stealth Rock\n|\n|upkeep\n|turn|2\n|\n|t:|1645761812\n|move|p2a: Froslass is UU|Spikes|p1a: Omastar\n|-sidestart|p1: Ill Leave|Spikes\n|move|p1a: Omastar|Hydro Pump|p2a: Froslass is UU\n|-damage|p2a: Froslass is UU|23\/100\n|\n|upkeep\n|turn|3\n|\n|t:|1645761836\n|move|p2a: Froslass is UU|Spikes|p1a: Omastar\n|-sidestart|p1: Ill Leave|Spikes\n|move|p1a: Omastar|Hydro Pump|p2a: Froslass is UU\n|-damage|p2a: Froslass is UU|0 fnt\n|faint|p2a: Froslass is UU\n|\n|-end|p1a: Omastar|move: Taunt\n|upkeep\n|\n|t:|1645761869\n|switch|p2a: Checks aren't real|Exploud, M|100\/100\n|turn|4\n|\n|t:|1645761874\n|move|p1a: Omastar|Shell Smash|p1a: Omastar\n|-unboost|p1a: Omastar|def|1\n|-unboost|p1a: Omastar|spd|1\n|-boost|p1a: Omastar|atk|2\n|-boost|p1a: Omastar|spa|2\n|-boost|p1a: Omastar|spe|2\n|move|p2a: Checks aren't real|Circle Throw|p1a: Omastar\n|-supereffective|p1a: Omastar\n|-damage|p1a: Omastar|49\/100\n|-ability|p1a: Omastar|Weak Armor|boost\n|-unboost|p1a: Omastar|def|1\n|-boost|p1a: Omastar|spe|2\n|-damage|p2a: Checks aren't real|91\/100|[from] item: Life Orb\n|drag|p1a: Exploud|Exploud, M|100\/100\n|-damage|p1a: Exploud|84\/100|[from] Spikes\n|\n|upkeep\n|turn|5\n|\n|t:|1645761895\n|move|p1a: Exploud|Boomburst|p2a: Checks aren't real\n|-damage|p2a: Checks aren't real|0 fnt\n|faint|p2a: Checks aren't real\n|\n|upkeep\n|\n|t:|1645761906\n|switch|p2a: Nidoqueen|Nidoqueen, F, shiny|100\/100\n|turn|6\n|\n|t:|1645761916\n|move|p2a: Nidoqueen|Sludge Wave|p1a: Exploud\n|-damage|p1a: Exploud|7\/100\n|move|p1a: Exploud|Boomburst|p2a: Nidoqueen\n|-damage|p2a: Nidoqueen|9\/100\n|\n|upkeep\n|turn|7\n|\n|t:|1645761932\n|move|p2a: Nidoqueen|Sludge Wave|p1a: Exploud\n|-damage|p1a: Exploud|0 fnt\n|faint|p1a: Exploud\n|\n|upkeep\n|\n|t:|1645761935\n|switch|p1a: Sharpedo|Sharpedo, F|100\/100\n|-damage|p1a: Sharpedo|84\/100|[from] Spikes\n|turn|8\n|\n|t:|1645761941\n|switch|p2a: Sableye Check|Cacturne, F|100\/100\n|move|p1a: Sharpedo|Crunch|p2a: Sableye Check\n|-resisted|p2a: Sableye Check\n|-damage|p2a: Sableye Check|45\/100\n|-damage|p1a: Sharpedo|74\/100|[from] item: Life Orb\n|\n|-ability|p1a: Sharpedo|Speed Boost|boost\n|-boost|p1a: Sharpedo|spe|1\n|upkeep\n|turn|9\n|\n|t:|1645761964\n|move|p2a: Sableye Check|Sucker Punch|p1a: Sharpedo\n|-resisted|p1a: Sharpedo\n|-damage|p1a: Sharpedo|20\/100\n|-damage|p2a: Sableye Check|35\/100|[from] item: Life Orb\n|move|p1a: Sharpedo|Crunch|p2a: Sableye Check\n|-resisted|p2a: Sableye Check\n|-damage|p2a: Sableye Check|0 fnt\n|faint|p2a: Sableye Check\n|-damage|p1a: Sharpedo|10\/100|[from] item: Life Orb\n|\n|-ability|p1a: Sharpedo|Speed Boost|boost\n|-boost|p1a: Sharpedo|spe|1\n|upkeep\n|\n|t:|1645761975\n|switch|p2a: Redacted|Spiritomb, F|100\/100\n|turn|10\n|\n|t:|1645761985\n|move|p2a: Redacted|Shadow Sneak|p1a: Sharpedo\n|-resisted|p1a: Sharpedo\n|-damage|p1a: Sharpedo|0 fnt\n|faint|p1a: Sharpedo\n|\n|upkeep\n|\n|t:|1645761988\n|switch|p1a: Torterra|Torterra, F|100\/100\n|-damage|p1a: Torterra|84\/100|[from] Spikes\n|turn|11\n|\n|t:|1645762015\n|switch|p2a: Speed tier|Jolteon, F|100\/100\n|move|p1a: Torterra|Wood Hammer|p2a: Speed tier\n|-damage|p2a: Speed tier|0 fnt\n|faint|p2a: Speed tier\n|-damage|p1a: Torterra|58\/100|[from] Recoil\n|\n|upkeep\n|\n|t:|1645762020\n|switch|p2a: Nidoqueen|Nidoqueen, F, shiny|9\/100\n|turn|12\n|\n|t:|1645762075\n|switch|p1a: Omastar|Omastar, F|49\/100\n|-damage|p1a: Omastar|32\/100|[from] Spikes\n|move|p2a: Nidoqueen|Sludge Wave|p1a: Omastar\n|-resisted|p1a: Omastar\n|-damage|p1a: Omastar|0 fnt\n|faint|p1a: Omastar\n|\n|upkeep\n|\n|t:|1645762081\n|switch|p1a: Sableye|Sableye, M|100\/100\n|-damage|p1a: Sableye|84\/100|[from] Spikes\n|turn|13\n|\n|t:|1645762086\n|switch|p2a: Redacted|Spiritomb, F|100\/100\n|move|p1a: Sableye|Knock Off|p2a: Redacted\n|-damage|p2a: Redacted|67\/100\n|-enditem|p2a: Redacted|Black Glasses|[from] move: Knock Off|[of] p1a: Sableye\n|\n|-heal|p1a: Sableye|90\/100|[from] item: Leftovers\n|upkeep\n|turn|14\n|\n|t:|1645762098\n|move|p2a: Redacted|Shadow Sneak|p1a: Sableye\n|-damage|p1a: Sableye|73\/100\n|move|p1a: Sableye|Knock Off|p2a: Redacted\n|-damage|p2a: Redacted|46\/100\n|\n|-heal|p1a: Sableye|79\/100|[from] item: Leftovers\n|upkeep\n|turn|15\n|\n|t:|1645762104\n|move|p2a: Redacted|Shadow Sneak|p1a: Sableye\n|-damage|p1a: Sableye|61\/100\n|move|p1a: Sableye|Knock Off|p2a: Redacted\n|-damage|p2a: Redacted|27\/100\n|\n|-heal|p1a: Sableye|67\/100|[from] item: Leftovers\n|upkeep\n|turn|16\n|\n|t:|1645762118\n|move|p1a: Sableye|Recover|p1a: Sableye\n|-heal|p1a: Sableye|100\/100\n|move|p2a: Redacted|Shadow Sneak|p1a: Sableye\n|-damage|p1a: Sableye|81\/100\n|\n|-heal|p1a: Sableye|87\/100|[from] item: Leftovers\n|upkeep\n|turn|17\n|\n|t:|1645762124\n|move|p1a: Sableye|Knock Off|p2a: Redacted\n|-damage|p2a: Redacted|7\/100\n|move|p2a: Redacted|Pain Split|p1a: Sableye\n|-sethp|p1a: Sableye|47\/100|[from] move: Pain Split|[silent]\n|-sethp|p2a: Redacted|52\/100|[from] move: Pain Split\n|\n|-heal|p1a: Sableye|53\/100|[from] item: Leftovers\n|upkeep\n|turn|18\n|\n|t:|1645762165\n|move|p1a: Sableye|Knock Off|p2a: Redacted\n|-damage|p2a: Redacted|32\/100\n|move|p2a: Redacted|Taunt|p1a: Sableye\n|-start|p1a: Sableye|move: Taunt\n|\n|-heal|p1a: Sableye|59\/100|[from] item: Leftovers\n|upkeep\n|turn|19\n|\n|t:|1645762175\n|move|p1a: Sableye|Knock Off|p2a: Redacted\n|-damage|p2a: Redacted|9\/100\n|move|p2a: Redacted|Pain Split|p1a: Sableye\n|-sethp|p1a: Sableye|33\/100|[from] move: Pain Split|[silent]\n|-sethp|p2a: Redacted|37\/100|[from] move: Pain Split\n|\n|-heal|p1a: Sableye|39\/100|[from] item: Leftovers\n|upkeep\n|turn|20\n|\n|t:|1645762180\n|move|p2a: Redacted|Sucker Punch|p1a: Sableye\n|-damage|p1a: Sableye|9\/100\n|move|p1a: Sableye|Knock Off|p2a: Redacted\n|-damage|p2a: Redacted|17\/100\n|\n|-heal|p1a: Sableye|15\/100|[from] item: Leftovers\n|upkeep\n|turn|21\n|\n|t:|1645762187\n|move|p2a: Redacted|Shadow Sneak|p1a: Sableye\n|-damage|p1a: Sableye|0 fnt\n|faint|p1a: Sableye\n|\n|upkeep\n|\n|t:|1645762189\n|switch|p1a: Torterra|Torterra, F|58\/100\n|-damage|p1a: Torterra|41\/100|[from] Spikes\n|turn|22\n|\n|t:|1645762192\n|move|p2a: Redacted|Sucker Punch|p1a: Torterra\n|-damage|p1a: Torterra|10\/100\n|move|p1a: Torterra|Earthquake|p2a: Redacted\n|-damage|p2a: Redacted|0 fnt\n|faint|p2a: Redacted\n|\n|upkeep\n|\n|t:|1645762195\n|switch|p2a: Nidoqueen|Nidoqueen, F, shiny|9\/100\n|turn|23\n|c|\u2606Scum party\u32db|gg\n|\n|t:|1645762200\n|move|p2a: Nidoqueen|Sludge Wave|p1a: Torterra\n|-damage|p1a: Torterra|0 fnt\n|faint|p1a: Torterra\n|\n|upkeep\n|c|\u2606Ill Leave|gg\n|\n|t:|1645762205\n|switch|p1a: Medicham|Medicham, M|100\/100\n|-damage|p1a: Medicham|84\/100|[from] Spikes\n|turn|24\n|c|\u2606Scum party\u32db|I have 1 more team\n|\n|t:|1645762211\n|move|p1a: Medicham|Bullet Punch|p2a: Nidoqueen\n|-damage|p2a: Nidoqueen|0 fnt\n|faint|p2a: Nidoqueen\n|\n|win|Ill Leave\n|l|\u2606Scum party\u32db\n|j| Strongest man son\n|l| Strongest man son\n|j| Strongest man son\n","uploadtime":1645763689,"views":85,"p1id":"illleave","p2id":"scumparty","formatid":"gen8bdspru","rating":0,"private":0,"password":null}