{"id":"gen8ou-1583778156","p1":"Jamario Mariomario","p2":"Chokst du","format":"gen8ou","log":"|j|\u2606Jamario Mariomario\n|j|\u2606Chokst du\n|t:|1653636286\n|gametype|singles\n|player|p1|Jamario Mariomario|bugcatcher|1750\n|player|p2|Chokst du|1|1798\n|teamsize|p1|6\n|teamsize|p2|6\n|gen|8\n|tier|[Gen 8] OU\n|rated|\n|rule|Sleep Clause Mod: Limit one foe put to sleep\n|rule|Species Clause: Limit one of each Pok\u00e9mon\n|rule|OHKO Clause: OHKO moves are banned\n|rule|Evasion Moves Clause: Evasion moves are banned\n|rule|Endless Battle Clause: Forcing endless battles is banned\n|rule|HP Percentage Mod: HP is shown in percentages\n|rule|Dynamax Clause: You cannot dynamax\n|clearpoke\n|poke|p1|Volcanion|\n|poke|p1|Corviknight, M|\n|poke|p1|Mamoswine, F|\n|poke|p1|Blissey, F|\n|poke|p1|Rillaboom, F|\n|poke|p1|Hydreigon, F|\n|poke|p2|Dragapult, M|\n|poke|p2|Clefable, F|\n|poke|p2|Heatran, F|\n|poke|p2|Gastrodon, F|\n|poke|p2|Reuniclus, M|\n|poke|p2|Corviknight, F|\n|teampreview\n|inactive|Battle timer is ON: inactive players will automatically lose when time's up. (requested by Jamario Mariomario)\n|inactive|Chokst du has 120 seconds left.\n|\n|t:|1653636342\n|start\n|switch|p1a: Rillaboom|Rillaboom, F|100\/100\n|switch|p2a: Corviknight|Corviknight, F|100\/100\n|-fieldstart|move: Grassy Terrain|[from] ability: Grassy Surge|[of] p1a: Rillaboom\n|-ability|p2a: Corviknight|Pressure\n|turn|1\n|\n|t:|1653636346\n|move|p1a: Rillaboom|Knock Off|p2a: Corviknight\n|-crit|p2a: Corviknight\n|-damage|p2a: Corviknight|52\/100\n|-damage|p1a: Rillaboom|84\/100|[from] item: Rocky Helmet|[of] p2a: Corviknight\n|-enditem|p2a: Corviknight|Rocky Helmet|[from] move: Knock Off|[of] p1a: Rillaboom\n|move|p2a: Corviknight|U-turn|p1a: Rillaboom\n|-supereffective|p1a: Rillaboom\n|-damage|p1a: Rillaboom|52\/100\n|\n|t:|1653636349\n|switch|p2a: Dragapult|Dragapult, M|100\/100|[from]move: U-turn\n|\n|-heal|p1a: Rillaboom|59\/100|[from] Grassy Terrain\n|upkeep\n|turn|2\n|\n|t:|1653636362\n|switch|p1a: Corviknight|Corviknight, M|100\/100\n|-ability|p1a: Corviknight|Pressure\n|move|p2a: Dragapult|U-turn|p1a: Corviknight\n|-resisted|p1a: Corviknight\n|-damage|p1a: Corviknight|98\/100\n|-damage|p2a: Dragapult|84\/100|[from] item: Rocky Helmet|[of] p1a: Corviknight\n|\n|t:|1653636365\n|switch|p2a: Corviknight|Corviknight, F|52\/100|[from]move: U-turn\n|-ability|p2a: Corviknight|Pressure\n|\n|upkeep\n|turn|3\n|\n|t:|1653636369\n|move|p2a: Corviknight|Roost|p2a: Corviknight\n|-heal|p2a: Corviknight|100\/100\n|-singleturn|p2a: Corviknight|move: Roost\n|move|p1a: Corviknight|U-turn|p2a: Corviknight\n|-resisted|p2a: Corviknight\n|-damage|p2a: Corviknight|96\/100\n|inactive|Jamario Mariomario has 120 seconds left.\n|\n|t:|1653636400\n|switch|p1a: Volcanion|Volcanion|100\/100|[from]move: U-turn\n|\n|-heal|p2a: Corviknight|100\/100|[from] Grassy Terrain\n|upkeep\n|turn|4\n|inactive|Jamario Mariomario has 120 seconds left.\n|\n|t:|1653636423\n|switch|p1a: Blissey|Blissey, F|100\/100\n|switch|p2a: Gastrodon|Gastrodon, F|100\/100\n|\n|upkeep\n|turn|5\n|\n|t:|1653636427\n|switch|p2a: Heatran|Heatran, F|100\/100\n|move|p1a: Blissey|Toxic|p2a: Heatran\n|-immune|p2a: Heatran\n|\n|-fieldend|move: Grassy Terrain\n|upkeep\n|turn|6\n|\n|t:|1653636429\n|move|p2a: Heatran|Stealth Rock|p1a: Blissey\n|-sidestart|p1: Jamario Mariomario|move: Stealth Rock\n|move|p1a: Blissey|Teleport|p1a: Blissey\n|\n|t:|1653636434\n|switch|p1a: Hydreigon|Hydreigon, F|100\/100|[from]move: Teleport\n|-damage|p1a: Hydreigon|88\/100|[from] Stealth Rock\n|\n|upkeep\n|turn|7\n|\n|t:|1653636439\n|switch|p2a: Clefable|Clefable, F|100\/100\n|move|p1a: Hydreigon|Dark Pulse|p2a: Clefable\n|-resisted|p2a: Clefable\n|-damage|p2a: Clefable|75\/100\n|-damage|p1a: Hydreigon|78\/100|[from] item: Life Orb\n|\n|upkeep\n|turn|8\n|\n|t:|1653636445\n|switch|p1a: Blissey|Blissey, F|100\/100\n|move|p2a: Clefable|Moonblast|p1a: Blissey\n|-damage|p1a: Blissey|90\/100\n|\n|upkeep\n|turn|9\n|\n|t:|1653636456\n|move|p2a: Clefable|Soft-Boiled|p2a: Clefable\n|-heal|p2a: Clefable|100\/100\n|move|p1a: Blissey|Teleport|p1a: Blissey\n|\n|t:|1653636460\n|switch|p1a: Corviknight|Corviknight, M|98\/100|[from]move: Teleport\n|-damage|p1a: Corviknight|86\/100|[from] Stealth Rock\n|-ability|p1a: Corviknight|Pressure\n|\n|upkeep\n|turn|10\n|\n|t:|1653636462\n|move|p1a: Corviknight|Defog|p2a: Clefable\n|-unboost|p2a: Clefable|evasion|1\n|-sideend|p1: Jamario Mariomario|Stealth Rock|[from] move: Defog|[of] p1a: Corviknight\n|move|p2a: Clefable|Thunder Wave|p1a: Corviknight\n|-status|p1a: Corviknight|par\n|\n|upkeep\n|turn|11\n|\n|t:|1653636474\n|switch|p2a: Heatran|Heatran, F|100\/100\n|switch|p1a: Mamoswine|Mamoswine, F|100\/100\n|\n|upkeep\n|turn|12\n|\n|t:|1653636483\n|switch|p2a: Corviknight|Corviknight, F|100\/100\n|-ability|p2a: Corviknight|Pressure\n|move|p1a: Mamoswine|Stealth Rock|p2a: Corviknight\n|-sidestart|p2: Chokst du|move: Stealth Rock\n|\n|upkeep\n|turn|13\n|\n|t:|1653636485\n|move|p1a: Mamoswine|Icicle Crash|p2a: Corviknight|[miss]\n|-miss|p1a: Mamoswine|p2a: Corviknight\n|move|p2a: Corviknight|Defog|p1a: Mamoswine\n|-unboost|p1a: Mamoswine|evasion|1\n|-sideend|p2: Chokst du|Stealth Rock|[from] move: Defog|[of] p2a: Corviknight\n|\n|upkeep\n|turn|14\n|\n|t:|1653636487\n|switch|p1a: Volcanion|Volcanion|100\/100\n|move|p2a: Corviknight|Body Press|p1a: Volcanion\n|-damage|p1a: Volcanion|80\/100\n|\n|upkeep\n|turn|15\n|\n|t:|1653636505\n|switch|p1a: Rillaboom|Rillaboom, F|59\/100\n|-fieldstart|move: Grassy Terrain|[from] ability: Grassy Surge|[of] p1a: Rillaboom\n|switch|p2a: Gastrodon|Gastrodon, F|100\/100\n|\n|-heal|p1a: Rillaboom|65\/100|[from] Grassy Terrain\n|upkeep\n|turn|16\n|\n|t:|1653636508\n|switch|p2a: Corviknight|Corviknight, F|100\/100\n|-ability|p2a: Corviknight|Pressure\n|move|p1a: Rillaboom|Knock Off|p2a: Corviknight\n|-damage|p2a: Corviknight|78\/100\n|\n|-heal|p1a: Rillaboom|71\/100|[from] Grassy Terrain\n|upkeep\n|turn|17\n|\n|t:|1653636516\n|switch|p1a: Blissey|Blissey, F|90\/100\n|move|p2a: Corviknight|Roost|p2a: Corviknight\n|-heal|p2a: Corviknight|100\/100\n|-singleturn|p2a: Corviknight|move: Roost\n|\n|-heal|p1a: Blissey|96\/100|[from] Grassy Terrain\n|upkeep\n|turn|18\n|\n|t:|1653636519\n|move|p2a: Corviknight|Body Press|p1a: Blissey\n|-supereffective|p1a: Blissey\n|-damage|p1a: Blissey|48\/100\n|move|p1a: Blissey|Teleport|p1a: Blissey\n|\n|t:|1653636525\n|switch|p1a: Volcanion|Volcanion|80\/100|[from]move: Teleport\n|\n|-heal|p1a: Volcanion|86\/100|[from] Grassy Terrain\n|upkeep\n|turn|19\n|\n|t:|1653636534\n|switch|p2a: Gastrodon|Gastrodon, F|100\/100\n|move|p1a: Volcanion|Earth Power|p2a: Gastrodon\n|-damage|p2a: Gastrodon|51\/100\n|\n|-heal|p1a: Volcanion|93\/100|[from] Grassy Terrain\n|-heal|p2a: Gastrodon|57\/100|[from] Grassy Terrain\n|-fieldend|move: Grassy Terrain\n|upkeep\n|turn|20\n|\n|t:|1653636537\n|move|p1a: Volcanion|Earth Power|p2a: Gastrodon\n|-damage|p2a: Gastrodon|9\/100\n|move|p2a: Gastrodon|Recover|p2a: Gastrodon\n|-heal|p2a: Gastrodon|59\/100\n|\n|upkeep\n|turn|21\n|\n|t:|1653636540\n|move|p1a: Volcanion|Earth Power|p2a: Gastrodon\n|-damage|p2a: Gastrodon|12\/100\n|move|p2a: Gastrodon|Recover|p2a: Gastrodon\n|-heal|p2a: Gastrodon|62\/100\n|\n|upkeep\n|turn|22\n|\n|t:|1653636542\n|move|p1a: Volcanion|Earth Power|p2a: Gastrodon\n|-damage|p2a: Gastrodon|12\/100\n|move|p2a: Gastrodon|Recover|p2a: Gastrodon\n|-heal|p2a: Gastrodon|62\/100\n|\n|upkeep\n|turn|23\n|\n|t:|1653636545\n|move|p1a: Volcanion|Earth Power|p2a: Gastrodon\n|-damage|p2a: Gastrodon|12\/100\n|move|p2a: Gastrodon|Recover|p2a: Gastrodon\n|-heal|p2a: Gastrodon|62\/100\n|\n|upkeep\n|turn|24\n|\n|t:|1653636547\n|move|p1a: Volcanion|Earth Power|p2a: Gastrodon\n|-damage|p2a: Gastrodon|17\/100\n|move|p2a: Gastrodon|Recover|p2a: Gastrodon\n|-heal|p2a: Gastrodon|67\/100\n|\n|upkeep\n|turn|25\n|\n|t:|1653636549\n|move|p1a: Volcanion|Earth Power|p2a: Gastrodon\n|-damage|p2a: Gastrodon|18\/100\n|move|p2a: Gastrodon|Recover|p2a: Gastrodon\n|-heal|p2a: Gastrodon|68\/100\n|\n|upkeep\n|turn|26\n|\n|t:|1653636552\n|move|p1a: Volcanion|Earth Power|p2a: Gastrodon\n|-damage|p2a: Gastrodon|21\/100\n|move|p2a: Gastrodon|Recover|p2a: Gastrodon\n|-heal|p2a: Gastrodon|71\/100\n|\n|upkeep\n|turn|27\n|\n|t:|1653636555\n|move|p1a: Volcanion|Earth Power|p2a: Gastrodon\n|-damage|p2a: Gastrodon|20\/100\n|-unboost|p2a: Gastrodon|spd|1\n|move|p2a: Gastrodon|Recover|p2a: Gastrodon\n|-heal|p2a: Gastrodon|70\/100\n|\n|upkeep\n|turn|28\n|\n|t:|1653636559\n|switch|p2a: Dragapult|Dragapult, M|84\/100\n|move|p1a: Volcanion|Earth Power|p2a: Dragapult\n|-damage|p2a: Dragapult|11\/100\n|-unboost|p2a: Dragapult|spd|1\n|\n|upkeep\n|turn|29\n|\n|t:|1653636563\n|switch|p1a: Corviknight|Corviknight, M|86\/100 par\n|-ability|p1a: Corviknight|Pressure\n|move|p2a: Dragapult|Thunder Wave|p1a: Corviknight\n|-fail|p1a: Corviknight|par\n|\n|upkeep\n|turn|30\n|\n|t:|1653636569\n|switch|p1a: Blissey|Blissey, F|48\/100\n|move|p2a: Dragapult|Hex|p1a: Blissey\n|-immune|p1a: Blissey\n|\n|upkeep\n|turn|31\n|\n|t:|1653636577\n|switch|p2a: Heatran|Heatran, F|100\/100\n|switch|p1a: Corviknight|Corviknight, M|86\/100 par\n|-ability|p1a: Corviknight|Pressure\n|\n|upkeep\n|turn|32\n|\n|t:|1653636584\n|switch|p1a: Hydreigon|Hydreigon, F|78\/100\n|move|p2a: Heatran|Stealth Rock|p1a: Hydreigon\n|-sidestart|p1: Jamario Mariomario|move: Stealth Rock\n|\n|upkeep\n|turn|33\n|\n|t:|1653636588\n|switch|p1a: Blissey|Blissey, F|48\/100\n|switch|p2a: Clefable|Clefable, F|100\/100\n|\n|upkeep\n|turn|34\n|j| Hirasawayuii\n|\n|t:|1653636613\n|switch|p2a: Heatran|Heatran, F|100\/100\n|move|p1a: Blissey|Soft-Boiled|p1a: Blissey\n|-heal|p1a: Blissey|98\/100\n|\n|upkeep\n|turn|35\n|\n|t:|1653636618\n|move|p2a: Heatran|Taunt|p1a: Blissey\n|-start|p1a: Blissey|move: Taunt\n|cant|p1a: Blissey|move: Taunt|Teleport\n|\n|upkeep\n|turn|36\n|\n|t:|1653636624\n|switch|p1a: Hydreigon|Hydreigon, F|78\/100\n|-damage|p1a: Hydreigon|66\/100|[from] Stealth Rock\n|move|p2a: Heatran|Magma Storm|p1a: Hydreigon\n|-resisted|p1a: Hydreigon\n|-damage|p1a: Hydreigon|43\/100\n|-activate|p1a: Hydreigon|move: Magma Storm|[of] p2a: Heatran\n|\n|-damage|p1a: Hydreigon|31\/100|[from] move: Magma Storm|[partiallytrapped]\n|upkeep\n|turn|37\n|\n|t:|1653636627\n|switch|p2a: Clefable|Clefable, F|100\/100\n|move|p1a: Hydreigon|Roost|p1a: Hydreigon\n|-heal|p1a: Hydreigon|81\/100\n|-singleturn|p1a: Hydreigon|move: Roost\n|\n|-end|p1a: Hydreigon|Magma Storm|[partiallytrapped]|[silent]\n|upkeep\n|turn|38\n|\n|t:|1653636632\n|switch|p1a: Corviknight|Corviknight, M|86\/100 par\n|-damage|p1a: Corviknight|73\/100 par|[from] Stealth Rock\n|-ability|p1a: Corviknight|Pressure\n|switch|p2a: Heatran|Heatran, F|100\/100\n|\n|upkeep\n|turn|39\n|\n|t:|1653636645\n|switch|p2a: Dragapult|Dragapult, M|11\/100\n|switch|p1a: Volcanion|Volcanion|93\/100\n|-damage|p1a: Volcanion|68\/100|[from] Stealth Rock\n|\n|upkeep\n|turn|40\n|\n|t:|1653636649\n|switch|p1a: Blissey|Blissey, F|98\/100\n|move|p2a: Dragapult|Draco Meteor|p1a: Blissey\n|-damage|p1a: Blissey|76\/100\n|-unboost|p2a: Dragapult|spa|2\n|\n|upkeep\n|turn|41\n|\n|t:|1653636658\n|switch|p2a: Heatran|Heatran, F|100\/100\n|move|p1a: Blissey|Teleport|p1a: Blissey\n|\n|t:|1653636665\n|switch|p1a: Rillaboom|Rillaboom, F|71\/100|[from]move: Teleport\n|-damage|p1a: Rillaboom|59\/100|[from] Stealth Rock\n|-fieldstart|move: Grassy Terrain|[from] ability: Grassy Surge|[of] p1a: Rillaboom\n|\n|-heal|p1a: Rillaboom|65\/100|[from] Grassy Terrain\n|upkeep\n|turn|42\n|\n|t:|1653636668\n|switch|p2a: Corviknight|Corviknight, F|100\/100\n|-ability|p2a: Corviknight|Pressure\n|move|p1a: Rillaboom|High Horsepower|p2a: Corviknight\n|-immune|p2a: Corviknight\n|\n|-heal|p1a: Rillaboom|71\/100|[from] Grassy Terrain\n|upkeep\n|turn|43\n|\n|t:|1653636679\n|move|p1a: Rillaboom|High Horsepower|p2a: Corviknight\n|-immune|p2a: Corviknight\n|move|p2a: Corviknight|U-turn|p1a: Rillaboom\n|-supereffective|p1a: Rillaboom\n|-damage|p1a: Rillaboom|41\/100\n|\n|t:|1653636684\n|switch|p2a: Dragapult|Dragapult, M|11\/100|[from]move: U-turn\n|\n|-heal|p2a: Dragapult|17\/100|[from] Grassy Terrain\n|-heal|p1a: Rillaboom|47\/100|[from] Grassy Terrain\n|upkeep\n|turn|44\n|\n|t:|1653636688\n|switch|p1a: Blissey|Blissey, F|76\/100\n|move|p2a: Dragapult|Draco Meteor|p1a: Blissey\n|-damage|p1a: Blissey|55\/100\n|-unboost|p2a: Dragapult|spa|2\n|\n|-heal|p2a: Dragapult|23\/100|[from] Grassy Terrain\n|-heal|p1a: Blissey|61\/100|[from] Grassy Terrain\n|upkeep\n|turn|45\n|\n|t:|1653636695\n|move|p2a: Dragapult|U-turn|p1a: Blissey\n|-damage|p1a: Blissey|46\/100\n|\n|t:|1653636697\n|switch|p2a: Heatran|Heatran, F|100\/100|[from]move: U-turn\n|move|p1a: Blissey|Soft-Boiled|p1a: Blissey\n|-heal|p1a: Blissey|96\/100\n|\n|-heal|p1a: Blissey|100\/100|[from] Grassy Terrain\n|-fieldend|move: Grassy Terrain\n|upkeep\n|turn|46\n|\n|t:|1653636709\n|move|p2a: Heatran|Magma Storm|p1a: Blissey|[miss]\n|-miss|p2a: Heatran|p1a: Blissey\n|move|p1a: Blissey|Teleport|p1a: Blissey\n|\n|t:|1653636715\n|switch|p1a: Volcanion|Volcanion|68\/100|[from]move: Teleport\n|-damage|p1a: Volcanion|43\/100|[from] Stealth Rock\n|\n|upkeep\n|turn|47\n|\n|t:|1653636730\n|switch|p2a: Reuniclus|Reuniclus, M|100\/100\n|move|p1a: Volcanion|Earth Power|p2a: Reuniclus\n|-damage|p2a: Reuniclus|52\/100\n|\n|upkeep\n|turn|48\n|\n|t:|1653636735\n|switch|p2a: Corviknight|Corviknight, F|100\/100\n|-ability|p2a: Corviknight|Pressure\n|move|p1a: Volcanion|Earth Power|p2a: Corviknight\n|-immune|p2a: Corviknight\n|\n|upkeep\n|turn|49\n|\n|t:|1653636745\n|switch|p1a: Rillaboom|Rillaboom, F|47\/100\n|-damage|p1a: Rillaboom|35\/100|[from] Stealth Rock\n|-fieldstart|move: Grassy Terrain|[from] ability: Grassy Surge|[of] p1a: Rillaboom\n|move|p2a: Corviknight|U-turn|p1a: Rillaboom\n|-supereffective|p1a: Rillaboom\n|-damage|p1a: Rillaboom|5\/100\n|\n|t:|1653636748\n|switch|p2a: Dragapult|Dragapult, M|23\/100|[from]move: U-turn\n|\n|-heal|p2a: Dragapult|29\/100|[from] Grassy Terrain\n|-heal|p1a: Rillaboom|12\/100|[from] Grassy Terrain\n|upkeep\n|turn|50\n|\n|t:|1653636751\n|switch|p2a: Corviknight|Corviknight, F|100\/100\n|-ability|p2a: Corviknight|Pressure\n|move|p1a: Rillaboom|Knock Off|p2a: Corviknight\n|-damage|p2a: Corviknight|80\/100\n|\n|-heal|p1a: Rillaboom|18\/100|[from] Grassy Terrain\n|upkeep\n|turn|51\n|\n|t:|1653636758\n|switch|p1a: Blissey|Blissey, F|100\/100\n|move|p2a: Corviknight|U-turn|p1a: Blissey\n|-damage|p1a: Blissey|88\/100\n|\n|t:|1653636767\n|switch|p2a: Reuniclus|Reuniclus, M|52\/100|[from]move: U-turn\n|\n|-heal|p1a: Blissey|94\/100|[from] Grassy Terrain\n|-heal|p2a: Reuniclus|58\/100|[from] Grassy Terrain\n|upkeep\n|turn|52\n|\n|t:|1653636771\n|move|p1a: Blissey|Seismic Toss|p2a: Reuniclus\n|-damage|p2a: Reuniclus|34\/100\n|move|p2a: Reuniclus|Recover|p2a: Reuniclus\n|-heal|p2a: Reuniclus|84\/100\n|\n|-heal|p1a: Blissey|99\/100|[from] Grassy Terrain\n|-heal|p2a: Reuniclus|90\/100|[from] Grassy Terrain\n|upkeep\n|turn|53\n|\n|t:|1653636776\n|move|p1a: Blissey|Seismic Toss|p2a: Reuniclus\n|-damage|p2a: Reuniclus|67\/100\n|move|p2a: Reuniclus|Calm Mind|p2a: Reuniclus\n|-boost|p2a: Reuniclus|spa|1\n|-boost|p2a: Reuniclus|spd|1\n|\n|-heal|p1a: Blissey|100\/100|[from] Grassy Terrain\n|-heal|p2a: Reuniclus|73\/100|[from] Grassy Terrain\n|-fieldend|move: Grassy Terrain\n|upkeep\n|turn|54\n|\n|t:|1653636779\n|move|p2a: Reuniclus|Recover|p2a: Reuniclus\n|-heal|p2a: Reuniclus|100\/100\n|move|p1a: Blissey|Teleport|p1a: Blissey\n|\n|t:|1653636786\n|switch|p1a: Corviknight|Corviknight, M|73\/100 par|[from]move: Teleport\n|-damage|p1a: Corviknight|61\/100 par|[from] Stealth Rock\n|-ability|p1a: Corviknight|Pressure\n|\n|upkeep\n|turn|55\n|\n|t:|1653636790\n|move|p2a: Reuniclus|Calm Mind|p2a: Reuniclus\n|-boost|p2a: Reuniclus|spa|1\n|-boost|p2a: Reuniclus|spd|1\n|cant|p1a: Corviknight|par\n|\n|upkeep\n|turn|56\n|\n|t:|1653636793\n|move|p2a: Reuniclus|Focus Blast|p1a: Corviknight\n|-damage|p1a: Corviknight|0 fnt\n|faint|p1a: Corviknight\n|\n|upkeep\n|-message|Jamario Mariomario forfeited.\n|\n|win|Chokst du\n|raw|Jamario Mariomario's rating: 1750 &rarr; <strong>1733<\/strong><br \/>(-17 for losing)\n|raw|Chokst du's rating: 1798 &rarr; <strong>1815<\/strong><br \/>(+17 for winning)\n|l|\u2606Jamario Mariomario\n|l| Hirasawayuii\n|player|p2|Chokst du|1\n","uploadtime":1653637741,"views":30,"p1id":"jamariomariomario","p2id":"chokstdu","formatid":"gen8ou","rating":1733,"private":0,"password":null}