{"id":"gen8uu-1680422920","p1":"Huskothy","p2":"Joshua12343","format":"gen8uu","log":"|j|\u2606Huskothy\n|j|\u2606Joshua12343\n|t:|1665189633\n|gametype|singles\n|player|p1|Huskothy|lucas|1376\n|player|p2|Joshua12343|hilbert|1510\n|teamsize|p1|6\n|teamsize|p2|6\n|gen|8\n|tier|[Gen 8] UU\n|rated|\n|rule|Sleep Clause Mod: Limit one foe put to sleep\n|rule|Species Clause: Limit one of each Pok\u00e9mon\n|rule|OHKO Clause: OHKO moves are banned\n|rule|Evasion Items Clause: Evasion items are banned\n|rule|Evasion Moves Clause: Evasion moves are banned\n|rule|Endless Battle Clause: Forcing endless battles is banned\n|rule|HP Percentage Mod: HP is shown in percentages\n|rule|Dynamax Clause: You cannot dynamax\n|clearpoke\n|poke|p1|Regieleki|\n|poke|p1|Nidoking, M|\n|poke|p1|Cobalion|\n|poke|p1|Tangrowth, M|\n|poke|p1|Moltres|\n|poke|p1|Hydreigon, M|\n|poke|p2|Swampert, M|\n|poke|p2|Skarmory, F|\n|poke|p2|Slowbro-Galar, F|\n|poke|p2|Zarude|\n|poke|p2|Keldeo-Resolute|\n|poke|p2|Hitmontop, M|\n|teampreview\n|\n|t:|1665189664\n|start\n|switch|p1a: Hydreigon|Hydreigon, M|100\/100\n|switch|p2a: Swampert|Swampert, M|100\/100\n|turn|1\n|\n|t:|1665189681\n|move|p1a: Hydreigon|Draco Meteor|p2a: Swampert\n|-damage|p2a: Swampert|25\/100\n|-unboost|p1a: Hydreigon|spa|2\n|move|p2a: Swampert|Flip Turn|p1a: Hydreigon\n|-resisted|p1a: Hydreigon\n|-damage|p1a: Hydreigon|82\/100\n|\n|t:|1665189706\n|switch|p2a: Skarmory|Skarmory, F|100\/100|[from]move: Flip Turn\n|\n|upkeep\n|turn|2\n|\n|t:|1665189712\n|switch|p1a: Moltres|Moltres|100\/100\n|move|p2a: Skarmory|Spikes|p1a: Moltres\n|-sidestart|p1: Huskothy|Spikes\n|\n|upkeep\n|turn|3\n|\n|t:|1665189721\n|switch|p2a: Slowbro|Slowbro-Galar, F|100\/100\n|move|p1a: Moltres|Defog|p2a: Slowbro\n|-unboost|p2a: Slowbro|evasion|1\n|-sideend|p1: Huskothy|Spikes|[from] move: Defog|[of] p1a: Moltres\n|\n|upkeep\n|turn|4\n|\n|t:|1665189743\n|move|p1a: Moltres|Hurricane|p2a: Slowbro\n|-damage|p2a: Slowbro|66\/100\n|move|p2a: Slowbro|Shell Side Arm|p1a: Moltres|[anim] Shell Side Arm Special\n|-damage|p1a: Moltres|61\/100\n|-hint|Special Shell Side Arm\n|\n|upkeep\n|turn|5\n|\n|t:|1665189763\n|switch|p1a: Nidoking|Nidoking, M|100\/100\n|move|p2a: Slowbro|Shell Side Arm|p1a: Nidoking|[anim] Shell Side Arm Special\n|-resisted|p1a: Nidoking\n|-damage|p1a: Nidoking|88\/100\n|-hint|Special Shell Side Arm\n|\n|upkeep\n|turn|6\n|\n|t:|1665189799\n|switch|p2a: Skarmory|Skarmory, F|100\/100\n|move|p1a: Nidoking|Earth Power|p2a: Skarmory\n|-immune|p2a: Skarmory\n|\n|upkeep\n|turn|7\n|\n|t:|1665189809\n|switch|p2a: Keldeo|Keldeo-Resolute|100\/100\n|move|p1a: Nidoking|Thunderbolt|p2a: Keldeo\n|-supereffective|p2a: Keldeo\n|-damage|p2a: Keldeo|2\/100\n|\n|upkeep\n|turn|8\n|\n|t:|1665189817\n|switch|p1a: Tangrowth|Tangrowth, M|100\/100\n|move|p2a: Keldeo|Air Slash|p1a: Tangrowth\n|-supereffective|p1a: Tangrowth\n|-damage|p1a: Tangrowth|38\/100\n|\n|upkeep\n|turn|9\n|\n|t:|1665189832\n|switch|p2a: Slowbro|Slowbro-Galar, F|99\/100\n|switch|p1a: Regieleki|Regieleki|100\/100\n|\n|upkeep\n|turn|10\n|\n|t:|1665189841\n|switch|p1a: Hydreigon|Hydreigon, M|82\/100\n|move|p2a: Slowbro|Psyshock|p1a: Hydreigon\n|-immune|p1a: Hydreigon\n|\n|upkeep\n|turn|11\n|\n|t:|1665189853\n|move|p1a: Hydreigon|Dark Pulse|p2a: Slowbro\n|-supereffective|p2a: Slowbro\n|-damage|p2a: Slowbro|34\/100\n|move|p2a: Slowbro|Ice Beam|p1a: Hydreigon\n|-supereffective|p1a: Hydreigon\n|-damage|p1a: Hydreigon|29\/100\n|\n|upkeep\n|turn|12\n|\n|t:|1665189859\n|switch|p2a: Spitmontop|Hitmontop, M|100\/100\n|move|p1a: Hydreigon|Dark Pulse|p2a: Spitmontop\n|-resisted|p2a: Spitmontop\n|-damage|p2a: Spitmontop|81\/100\n|\n|upkeep\n|turn|13\n|\n|t:|1665189877\n|switch|p1a: Moltres|Moltres|61\/100\n|switch|p2a: Keldeo|Keldeo-Resolute|2\/100\n|\n|upkeep\n|turn|14\n|\n|t:|1665189887\n|switch|p1a: Tangrowth|Tangrowth, M|71\/100\n|move|p2a: Keldeo|Hydro Pump|p1a: Tangrowth\n|-resisted|p1a: Tangrowth\n|-damage|p1a: Tangrowth|40\/100\n|\n|upkeep\n|turn|15\n|\n|t:|1665189897\n|switch|p2a: Skarmory|Skarmory, F|100\/100\n|move|p1a: Tangrowth|Knock Off|p2a: Skarmory\n|-damage|p2a: Skarmory|87\/100\n|-damage|p1a: Tangrowth|24\/100|[from] item: Rocky Helmet|[of] p2a: Skarmory\n|-enditem|p2a: Skarmory|Rocky Helmet|[from] move: Knock Off|[of] p1a: Tangrowth\n|\n|upkeep\n|turn|16\n|\n|t:|1665189915\n|switch|p2a: Keldeo|Keldeo-Resolute|2\/100\n|switch|p1a: Cobalion|Cobalion|100\/100\n|\n|upkeep\n|turn|17\n|\n|t:|1665189924\n|move|p2a: Keldeo|Secret Sword|p1a: Cobalion\n|-supereffective|p1a: Cobalion\n|-damage|p1a: Cobalion|0 fnt\n|faint|p1a: Cobalion\n|\n|upkeep\n|\n|t:|1665189929\n|switch|p1a: Regieleki|Regieleki|100\/100\n|turn|18\n|\n|t:|1665189939\n|switch|p2a: Slowbro|Slowbro-Galar, F|67\/100\n|move|p1a: Regieleki|Assurance|p2a: Slowbro\n|-supereffective|p2a: Slowbro\n|-damage|p2a: Slowbro|12\/100\n|\n|upkeep\n|turn|19\n|\n|t:|1665189955\n|switch|p1a: Nidoking|Nidoking, M|88\/100\n|switch|p2a: Zarude|Zarude|100\/100\n|\n|upkeep\n|turn|20\n|\n|t:|1665189973\n|move|p2a: Zarude|U-turn|p1a: Nidoking\n|-resisted|p1a: Nidoking\n|-damage|p1a: Nidoking|73\/100\n|\n|t:|1665189991\n|switch|p2a: Spitmontop|Hitmontop, M|81\/100|[from]move: U-turn\n|move|p1a: Nidoking|Sludge Wave|p2a: Spitmontop\n|-damage|p2a: Spitmontop|34\/100\n|\n|upkeep\n|turn|21\n|\n|t:|1665190025\n|switch|p2a: Slowbro|Slowbro-Galar, F|46\/100\n|move|p1a: Nidoking|Sludge Wave|p2a: Slowbro\n|-resisted|p2a: Slowbro\n|-damage|p2a: Slowbro|26\/100\n|\n|upkeep\n|turn|22\n|\n|t:|1665190046\n|switch|p2a: Zarude|Zarude|100\/100\n|move|p1a: Nidoking|Thunderbolt|p2a: Zarude\n|-resisted|p2a: Zarude\n|-damage|p2a: Zarude|79\/100\n|\n|upkeep\n|turn|23\n|\n|t:|1665190052\n|switch|p1a: Moltres|Moltres|61\/100\n|move|p2a: Zarude|Power Whip|p1a: Moltres|[miss]\n|-miss|p2a: Zarude|p1a: Moltres\n|\n|upkeep\n|turn|24\n|\n|t:|1665190061\n|switch|p2a: Slowbro|Slowbro-Galar, F|59\/100\n|move|p1a: Moltres|Flamethrower|p2a: Slowbro\n|-crit|p2a: Slowbro\n|-damage|p2a: Slowbro|23\/100\n|\n|upkeep\n|turn|25\n|\n|t:|1665190085\n|switch|p2a: Swampert|Swampert, M|25\/100\n|move|p1a: Moltres|Flamethrower|p2a: Swampert\n|-resisted|p2a: Swampert\n|-damage|p2a: Swampert|7\/100\n|\n|-heal|p2a: Swampert|14\/100|[from] item: Leftovers\n|upkeep\n|turn|26\n|\n|t:|1665190096\n|switch|p2a: Slowbro|Slowbro-Galar, F|56\/100\n|move|p1a: Moltres|Flamethrower|p2a: Slowbro\n|-damage|p2a: Slowbro|28\/100\n|\n|upkeep\n|turn|27\n|\n|t:|1665190107\n|switch|p2a: Swampert|Swampert, M|14\/100\n|move|p1a: Moltres|Flamethrower|p2a: Swampert\n|-resisted|p2a: Swampert\n|-damage|p2a: Swampert|0 fnt\n|faint|p2a: Swampert\n|\n|upkeep\n|\n|t:|1665190125\n|switch|p2a: Keldeo|Keldeo-Resolute|2\/100\n|turn|28\n|\n|t:|1665190133\n|switch|p1a: Tangrowth|Tangrowth, M|57\/100\n|move|p2a: Keldeo|Hydro Pump|p1a: Tangrowth\n|-resisted|p1a: Tangrowth\n|-damage|p1a: Tangrowth|25\/100\n|\n|upkeep\n|turn|29\n|\n|t:|1665190144\n|switch|p1a: Hydreigon|Hydreigon, M|29\/100\n|move|p2a: Keldeo|Hydro Pump|p1a: Hydreigon\n|-resisted|p1a: Hydreigon\n|-damage|p1a: Hydreigon|0 fnt\n|faint|p1a: Hydreigon\n|\n|upkeep\n|\n|t:|1665190146\n|switch|p1a: Regieleki|Regieleki|100\/100\n|turn|30\n|\n|t:|1665190193\n|switch|p2a: Zarude|Zarude|79\/100\n|move|p1a: Regieleki|Wild Charge|p2a: Zarude\n|-resisted|p2a: Zarude\n|-damage|p2a: Zarude|32\/100\n|-damage|p1a: Regieleki|87\/100|[from] Recoil\n|\n|upkeep\n|turn|31\n|\n|t:|1665190203\n|switch|p2a: Keldeo|Keldeo-Resolute|2\/100\n|move|p1a: Regieleki|Wild Charge|p2a: Keldeo\n|-supereffective|p2a: Keldeo\n|-damage|p2a: Keldeo|0 fnt\n|faint|p2a: Keldeo\n|-damage|p1a: Regieleki|86\/100|[from] Recoil\n|\n|upkeep\n|\n|t:|1665190250\n|switch|p2a: Spitmontop|Hitmontop, M|34\/100\n|turn|32\n|\n|t:|1665190270\n|switch|p1a: Moltres|Moltres|61\/100\n|move|p2a: Spitmontop|Mach Punch|p1a: Moltres\n|-resisted|p1a: Moltres\n|-damage|p1a: Moltres|44\/100\n|\n|upkeep\n|turn|33\n|\n|t:|1665190280\n|switch|p2a: Slowbro|Slowbro-Galar, F|62\/100\n|move|p1a: Moltres|Flamethrower|p2a: Slowbro\n|-damage|p2a: Slowbro|34\/100\n|-status|p2a: Slowbro|brn\n|\n|-damage|p2a: Slowbro|28\/100 brn|[from] brn\n|upkeep\n|turn|34\n|\n|t:|1665190305\n|switch|p2a: Skarmory|Skarmory, F|87\/100\n|move|p1a: Moltres|Flamethrower|p2a: Skarmory\n|-supereffective|p2a: Skarmory\n|-damage|p2a: Skarmory|0 fnt\n|faint|p2a: Skarmory\n|\n|upkeep\n|\n|t:|1665190311\n|switch|p2a: Slowbro|Slowbro-Galar, F|61\/100 brn\n|turn|35\n|\n|t:|1665190341\n|move|p1a: Moltres|Hurricane|p2a: Slowbro|[miss]\n|-miss|p1a: Moltres|p2a: Slowbro\n|move|p2a: Slowbro|Shell Side Arm|p1a: Moltres|[anim] Shell Side Arm Special\n|-damage|p1a: Moltres|0 fnt\n|-hint|Special Shell Side Arm\n|faint|p1a: Moltres\n|\n|-damage|p2a: Slowbro|55\/100 brn|[from] brn\n|upkeep\n|\n|t:|1665190352\n|switch|p1a: Regieleki|Regieleki|86\/100\n|turn|36\n|\n|t:|1665190392\n|move|p1a: Regieleki|Wild Charge|p2a: Slowbro\n|-damage|p2a: Slowbro|0 fnt\n|faint|p2a: Slowbro\n|-damage|p1a: Regieleki|68\/100|[from] Recoil\n|\n|upkeep\n|\n|t:|1665190401\n|switch|p2a: Spitmontop|Hitmontop, M|34\/100\n|turn|37\n|\n|t:|1665190462\n|switch|p1a: Tangrowth|Tangrowth, M|59\/100\n|switch|p2a: Zarude|Zarude|32\/100\n|\n|upkeep\n|turn|38\n|\n|t:|1665190510\n|move|p2a: Zarude|U-turn|p1a: Tangrowth\n|-supereffective|p1a: Tangrowth\n|-damage|p1a: Tangrowth|33\/100\n|\n|t:|1665190513\n|switch|p2a: Spitmontop|Hitmontop, M|34\/100|[from]move: U-turn\n|move|p1a: Tangrowth|Sludge Bomb|p2a: Spitmontop\n|-damage|p2a: Spitmontop|19\/100\n|\n|upkeep\n|turn|39\n|\n|t:|1665190519\n|move|p2a: Spitmontop|Triple Axel|p1a: Tangrowth\n|-supereffective|p1a: Tangrowth\n|-damage|p1a: Tangrowth|22\/100\n|-supereffective|p1a: Tangrowth\n|-damage|p1a: Tangrowth|0 fnt\n|faint|p1a: Tangrowth\n|-hitcount|p1: Tangrowth|2\n|\n|upkeep\n|\n|t:|1665190523\n|switch|p1a: Nidoking|Nidoking, M|73\/100\n|turn|40\n|\n|t:|1665190541\n|move|p1a: Nidoking|Sludge Wave|p2a: Spitmontop\n|-damage|p2a: Spitmontop|0 fnt\n|faint|p2a: Spitmontop\n|\n|upkeep\n|\n|t:|1665190544\n|switch|p2a: Zarude|Zarude|32\/100\n|turn|41\n|\n|t:|1665190570\n|move|p2a: Zarude|Power Whip|p1a: Nidoking\n|-damage|p1a: Nidoking|0 fnt\n|faint|p1a: Nidoking\n|\n|upkeep\n|\n|t:|1665190572\n|switch|p1a: Regieleki|Regieleki|68\/100\n|turn|42\n|\n|t:|1665190577\n|move|p2a: Zarude|Power Whip|p1a: Regieleki|[miss]\n|-miss|p2a: Zarude|p1a: Regieleki\n|move|p1a: Regieleki|Wild Charge|p2a: Zarude\n|-resisted|p2a: Zarude\n|-damage|p2a: Zarude|0 fnt\n|faint|p2a: Zarude\n|-damage|p1a: Regieleki|59\/100|[from] Recoil\n|\n|win|Huskothy\n|raw|Huskothy's rating: 1382 &rarr; <strong>1409<\/strong><br \/>(+27 for winning)\n|raw|Joshua12343's rating: 1510 &rarr; <strong>1483<\/strong><br \/>(-27 for losing)\n|c|\u2606Joshua12343|Oh\n|c|\u2606Joshua12343|My\n|c|\u2606Joshua12343|God\n||Ladder isn't responding, score probably updated but might not have (Request timeout).\n","uploadtime":1665190613,"views":13,"p1id":"huskothy","p2id":"joshua12343","formatid":"gen8uu","rating":1409,"private":0,"password":null}