{"id":"gen8ou-1631273276","p1":"LT91BB Lil' Pois","p2":"dmt dreams","format":"gen8ou","log":"|raw|<div class=\"broadcast-blue\"><strong>This battle is required to be public due to a player having a name starting with 'lt91bb'.<\/div>\n|j|\u2606LT91BB Lil' Pois\n|j|\u2606dmt dreams\n|t:|1659524337\n|gametype|singles\n|player|p1|LT91BB Lil' Pois|1|1860\n|player|p2|dmt dreams|pokefan-gen4|1891\n|teamsize|p1|6\n|teamsize|p2|6\n|gen|8\n|tier|[Gen 8] OU\n|rated|\n|rule|Sleep Clause Mod: Limit one foe put to sleep\n|rule|Species Clause: Limit one of each Pok\u00e9mon\n|rule|OHKO Clause: OHKO moves are banned\n|rule|Evasion Moves Clause: Evasion moves are banned\n|rule|Endless Battle Clause: Forcing endless battles is banned\n|rule|HP Percentage Mod: HP is shown in percentages\n|rule|Dynamax Clause: You cannot dynamax\n|clearpoke\n|poke|p1|Dragapult, F|\n|poke|p1|Ferrothorn, M|\n|poke|p1|Heatran, F|\n|poke|p1|Nidoking, M|\n|poke|p1|Tapu Lele|\n|poke|p1|Landorus-Therian, M|\n|poke|p2|Mew|\n|poke|p2|Weavile, F|\n|poke|p2|Celesteela|\n|poke|p2|Crawdaunt, M|\n|poke|p2|Garchomp, F|\n|poke|p2|Blacephalon|\n|teampreview\n|inactive|Battle timer is ON: inactive players will automatically lose when time's up. (requested by LT91BB Lil' Pois)\n|\n|t:|1659524356\n|start\n|switch|p1a: Landorus|Landorus-Therian, M|100\/100\n|switch|p2a: Mew|Mew, shiny|100\/100\n|-ability|p1a: Landorus|Intimidate|boost\n|-unboost|p2a: Mew|atk|1\n|turn|1\n|\n|t:|1659524360\n|move|p2a: Mew|Stealth Rock|p1a: Landorus\n|-sidestart|p1: LT91BB Lil' Pois|move: Stealth Rock\n|move|p1a: Landorus|U-turn|p2a: Mew\n|-supereffective|p2a: Mew\n|-damage|p2a: Mew|64\/100\n|\n|t:|1659524370\n|switch|p1a: Dragapult|Dragapult, F|100\/100|[from]move: U-turn\n|-damage|p1a: Dragapult|88\/100|[from] Stealth Rock\n|\n|upkeep\n|turn|2\n|\n|t:|1659524384\n|move|p1a: Dragapult|Dragon Darts|p2a: Mew\n|-damage|p2a: Mew|33\/100\n|-anim|p1a: Dragapult|Dragon Darts|p2a: Mew\n|-damage|p2a: Mew|1\/100\n|-damage|p1a: Dragapult|78\/100|[from] item: Life Orb\n|move|p2a: Mew|Thunder Wave|p1a: Dragapult\n|-status|p1a: Dragapult|par\n|\n|upkeep\n|turn|3\n|\n|t:|1659524390\n|move|p2a: Mew|Spikes|p1a: Dragapult\n|-sidestart|p1: LT91BB Lil' Pois|Spikes\n|move|p1a: Dragapult|Dragon Darts|p2a: Mew\n|-damage|p2a: Mew|0 fnt\n|faint|p2a: Mew\n|-damage|p1a: Dragapult|69\/100 par|[from] item: Life Orb\n|\n|upkeep\n|\n|t:|1659524394\n|switch|p2a: Blacephalon|Blacephalon, shiny|100\/100\n|turn|4\n|\n|t:|1659524399\n|switch|p1a: Heatran|Heatran, F|100\/100\n|-damage|p1a: Heatran|88\/100|[from] Stealth Rock\n|-item|p1a: Heatran|Air Balloon\n|move|p2a: Blacephalon|Shadow Ball|p1a: Heatran\n|-damage|p1a: Heatran|54\/100\n|-enditem|p1a: Heatran|Air Balloon\n|\n|upkeep\n|turn|5\n|\n|t:|1659524408\n|move|p2a: Blacephalon|Shadow Ball|p1a: Heatran\n|-damage|p1a: Heatran|24\/100\n|move|p1a: Heatran|Earth Power|p2a: Blacephalon\n|-supereffective|p2a: Blacephalon\n|-damage|p2a: Blacephalon|20\/100\n|-unboost|p2a: Blacephalon|spd|1\n|\n|upkeep\n|turn|6\n|\n|t:|1659524424\n|move|p2a: Blacephalon|Shadow Ball|p1a: Heatran\n|-damage|p1a: Heatran|0 fnt\n|faint|p1a: Heatran\n|-ability|p2a: Blacephalon|Beast Boost|boost\n|-boost|p2a: Blacephalon|spa|1\n|\n|upkeep\n|\n|t:|1659524432\n|switch|p1a: Ferrothorn|Ferrothorn, M|100\/100\n|-damage|p1a: Ferrothorn|94\/100|[from] Stealth Rock\n|-damage|p1a: Ferrothorn|82\/100|[from] Spikes\n|turn|7\n|\n|t:|1659524435\n|move|p2a: Blacephalon|Shadow Ball|p1a: Ferrothorn\n|-damage|p1a: Ferrothorn|12\/100\n|-unboost|p1a: Ferrothorn|spd|1\n|move|p1a: Ferrothorn|Knock Off|p2a: Blacephalon\n|-supereffective|p2a: Blacephalon\n|-damage|p2a: Blacephalon|0 fnt\n|-enditem|p2a: Blacephalon|Choice Scarf|[from] move: Knock Off|[of] p1a: Ferrothorn\n|faint|p2a: Blacephalon\n|\n|-heal|p1a: Ferrothorn|19\/100|[from] item: Leftovers\n|upkeep\n|\n|t:|1659524439\n|switch|p2a: Weavile|Weavile, F, shiny|100\/100\n|-ability|p2a: Weavile|Pressure\n|turn|8\n|\n|t:|1659524443\n|move|p2a: Weavile|Knock Off|p1a: Ferrothorn\n|-damage|p1a: Ferrothorn|0 fnt\n|-damage|p2a: Weavile|88\/100|[from] ability: Iron Barbs|[of] p1a: Ferrothorn\n|-enditem|p1a: Ferrothorn|Leftovers|[from] move: Knock Off|[of] p2a: Weavile\n|faint|p1a: Ferrothorn\n|-damage|p2a: Weavile|78\/100|[from] item: Life Orb\n|\n|upkeep\n|\n|t:|1659524448\n|switch|p1a: Nidoking|Nidoking, M|100\/100\n|-damage|p1a: Nidoking|95\/100|[from] Stealth Rock\n|-damage|p1a: Nidoking|82\/100|[from] Spikes\n|turn|9\n|\n|t:|1659524450\n|switch|p2a: Crawdaunt|Crawdaunt, M, shiny|100\/100\n|move|p1a: Nidoking|Flamethrower|p2a: Crawdaunt\n|-resisted|p2a: Crawdaunt\n|-damage|p2a: Crawdaunt|71\/100\n|\n|upkeep\n|turn|10\n|\n|t:|1659524454\n|switch|p1a: Landorus|Landorus-Therian, M|100\/100\n|-damage|p1a: Landorus|88\/100|[from] Stealth Rock\n|-ability|p1a: Landorus|Intimidate|boost\n|-unboost|p2a: Crawdaunt|atk|1\n|move|p2a: Crawdaunt|Crabhammer|p1a: Landorus|[miss]\n|-miss|p2a: Crawdaunt|p1a: Landorus\n|\n|upkeep\n|turn|11\n|\n|t:|1659524457\n|move|p1a: Landorus|Defog|p2a: Crawdaunt\n|-unboost|p2a: Crawdaunt|evasion|1\n|-sideend|p1: LT91BB Lil' Pois|Spikes|[from] move: Defog|[of] p1a: Landorus\n|-sideend|p1: LT91BB Lil' Pois|Stealth Rock|[from] move: Defog|[of] p1a: Landorus\n|move|p2a: Crawdaunt|Crabhammer|p1a: Landorus\n|-supereffective|p1a: Landorus\n|-damage|p1a: Landorus|0 fnt\n|-damage|p2a: Crawdaunt|54\/100|[from] item: Rocky Helmet|[of] p1a: Landorus\n|faint|p1a: Landorus\n|-damage|p2a: Crawdaunt|45\/100|[from] item: Life Orb\n|\n|upkeep\n|\n|t:|1659524459\n|switch|p1a: Tapu Lele|Tapu Lele|100\/100\n|-fieldstart|move: Psychic Terrain|[from] ability: Psychic Surge|[of] p1a: Tapu Lele\n|turn|12\n|\n|t:|1659524465\n|move|p1a: Tapu Lele|Focus Blast|p2a: Crawdaunt\n|-supereffective|p2a: Crawdaunt\n|-damage|p2a: Crawdaunt|0 fnt\n|faint|p2a: Crawdaunt\n|\n|upkeep\n|\n|t:|1659524467\n|switch|p2a: Garchomp|Garchomp, F, shiny|100\/100\n|turn|13\n|\n|t:|1659524470\n|switch|p1a: Nidoking|Nidoking, M|82\/100\n|move|p2a: Garchomp|Earthquake|p1a: Nidoking\n|-supereffective|p1a: Nidoking\n|-damage|p1a: Nidoking|0 fnt\n|faint|p1a: Nidoking\n|\n|upkeep\n|-message|LT91BB Lil' Pois forfeited.\n|\n|win|dmt dreams\n|raw|LT91BB Lil&apos; Pois's rating: 1860 &rarr; <strong>1843<\/strong><br \/>(-17 for losing)\n|raw|dmt dreams's rating: 1909 &rarr; <strong>1926<\/strong><br \/>(+17 for winning)\n","uploadtime":1659524477,"views":117,"p1id":"lt91bblilpois","p2id":"dmtdreams","formatid":"gen8ou","rating":1843,"private":0,"password":null}