{"id":"gen8ou-1641267413","p1":"LT93OQ Highv0ltag3","p2":"kinetic chain","format":"gen8ou","log":"|raw|<div class=\"broadcast-blue\"><strong>This battle is required to be public due to a player having a name starting with 'lt93oq'.<\/div>\n|j|\u2606LT93OQ Highv0ltag3\n|j|\u203dkinetic chain\n|t:|1660686753\n|gametype|singles\n|player|p1|LT93OQ Highv0ltag3|volo|1949\n|player|p2|kinetic chain|silver-gen2|1988\n|teamsize|p1|6\n|teamsize|p2|6\n|gen|8\n|tier|[Gen 8] OU\n|rated|\n|rule|Sleep Clause Mod: Limit one foe put to sleep\n|rule|Species Clause: Limit one of each Pok\u00e9mon\n|rule|OHKO Clause: OHKO moves are banned\n|rule|Evasion Items Clause: Evasion items are banned\n|rule|Evasion Moves Clause: Evasion moves are banned\n|rule|Endless Battle Clause: Forcing endless battles is banned\n|rule|HP Percentage Mod: HP is shown in percentages\n|rule|Dynamax Clause: You cannot dynamax\n|clearpoke\n|poke|p1|Tornadus-Therian, M|\n|poke|p1|Hydreigon, F|\n|poke|p1|Corviknight, F|\n|poke|p1|Chansey, F|\n|poke|p1|Toxapex, M|\n|poke|p1|Hippowdon, F|\n|poke|p2|Dragapult, F|\n|poke|p2|Toxapex, F|\n|poke|p2|Weavile, F|\n|poke|p2|Heatran, F|\n|poke|p2|Landorus-Therian, M|\n|poke|p2|Zapdos|\n|teampreview\n|c|\u2606LT93OQ Highv0ltag3|gl\n|inactive|Battle timer is ON: inactive players will automatically lose when time's up. (requested by LT93OQ Highv0ltag3)\n|\n|t:|1660686786\n|start\n|switch|p1a: Tornadus|Tornadus-Therian, M|100\/100\n|switch|p2a: Toxapex|Toxapex, F|100\/100\n|turn|1\n|\n|t:|1660686789\n|move|p1a: Tornadus|Nasty Plot|p1a: Tornadus\n|-boost|p1a: Tornadus|spa|2\n|move|p2a: Toxapex|Toxic|p1a: Tornadus\n|-status|p1a: Tornadus|tox\n|\n|-damage|p1a: Tornadus|94\/100 tox|[from] psn\n|upkeep\n|turn|2\n|\n|t:|1660686798\n|move|p1a: Tornadus|Hurricane|p2a: Toxapex|[miss]\n|-miss|p1a: Tornadus|p2a: Toxapex\n|move|p2a: Toxapex|Knock Off|p1a: Tornadus\n|-damage|p1a: Tornadus|76\/100 tox\n|-enditem|p1a: Tornadus|Heavy-Duty Boots|[from] move: Knock Off|[of] p2a: Toxapex\n|\n|-damage|p1a: Tornadus|63\/100 tox|[from] psn\n|upkeep\n|turn|3\n|\n|t:|1660686809\n|switch|p2a: Heatran|Heatran, F|100\/100\n|move|p1a: Tornadus|Hurricane|p2a: Heatran\n|-resisted|p2a: Heatran\n|-damage|p2a: Heatran|69\/100\n|\n|-heal|p2a: Heatran|76\/100|[from] item: Leftovers\n|-damage|p1a: Tornadus|44\/100 tox|[from] psn\n|upkeep\n|turn|4\n|j| lt93oq ruby\n|\n|t:|1660686813\n|switch|p1a: Cameron|Hydreigon, F|100\/100\n|switch|p2a: Dragapult|Dragapult, F|100\/100\n|\n|upkeep\n|turn|5\n|j| sl0wkingjoe\n|j| LT93OQ TROP CHAUD\n|\n|t:|1660686819\n|switch|p2a: Landorus|Landorus-Therian, M|100\/100\n|-ability|p2a: Landorus|Intimidate|boost\n|-unboost|p1a: Cameron|atk|1\n|switch|p1a: Toxapex|Toxapex, M|100\/100\n|\n|upkeep\n|turn|6\n|j| paradise cove\n|\n|t:|1660686826\n|switch|p1a: Corviknight|Corviknight, F|100\/100\n|-ability|p1a: Corviknight|Pressure\n|move|p2a: Landorus|Stealth Rock|p1a: Corviknight\n|-sidestart|p1: LT93OQ Highv0ltag3|move: Stealth Rock\n|\n|upkeep\n|turn|7\n|\n|t:|1660686831\n|switch|p2a: Zapdos|Zapdos|100\/100\n|move|p1a: Corviknight|Defog|p2a: Zapdos\n|-unboost|p2a: Zapdos|evasion|1\n|-sideend|p1: LT93OQ Highv0ltag3|Stealth Rock|[from] move: Defog|[of] p1a: Corviknight\n|\n|upkeep\n|turn|8\n|\n|t:|1660686836\n|switch|p1a: Hippowdon|Hippowdon, F|100\/100\n|-weather|Sandstorm|[from] ability: Sand Stream|[of] p1a: Hippowdon\n|move|p2a: Zapdos|Toxic|p1a: Hippowdon|[miss]\n|-miss|p2a: Zapdos|p1a: Hippowdon\n|\n|-weather|Sandstorm|[upkeep]\n|-damage|p2a: Zapdos|94\/100|[from] Sandstorm\n|upkeep\n|turn|9\n|j|%Mihowk\n|j| pokeaimfan96\n|\n|t:|1660686846\n|switch|p1a: Tornadus|Tornadus-Therian, M|78\/100 tox\n|move|p2a: Zapdos|Toxic|p1a: Tornadus\n|-fail|p1a: Tornadus|tox\n|\n|-weather|Sandstorm|[upkeep]\n|-damage|p1a: Tornadus|72\/100 tox|[from] Sandstorm\n|-damage|p2a: Zapdos|88\/100|[from] Sandstorm\n|-damage|p1a: Tornadus|65\/100 tox|[from] psn\n|upkeep\n|turn|10\n|j| Trokenferno\n|\n|t:|1660686854\n|switch|p1a: Hippowdon|Hippowdon, F|100\/100\n|move|p2a: Zapdos|Volt Switch|p1a: Hippowdon\n|-immune|p1a: Hippowdon\n|\n|-weather|Sandstorm|[upkeep]\n|-damage|p2a: Zapdos|82\/100|[from] Sandstorm\n|upkeep\n|turn|11\n|\n|t:|1660686856\n|move|p2a: Zapdos|Toxic|p1a: Hippowdon\n|-status|p1a: Hippowdon|tox\n|move|p1a: Hippowdon|Toxic|p2a: Zapdos\n|-status|p2a: Zapdos|tox\n|\n|-weather|Sandstorm|[upkeep]\n|-damage|p2a: Zapdos|76\/100 tox|[from] Sandstorm\n|-damage|p2a: Zapdos|69\/100 tox|[from] psn\n|-damage|p1a: Hippowdon|94\/100 tox|[from] psn\n|upkeep\n|turn|12\n|\n|t:|1660686860\n|switch|p2a: Landorus|Landorus-Therian, M|100\/100\n|-ability|p2a: Landorus|Intimidate|boost\n|-unboost|p1a: Hippowdon|atk|1\n|switch|p1a: Chansey|Chansey, F|100\/100\n|\n|-weather|none\n|upkeep\n|turn|13\n|\n|t:|1660686864\n|switch|p1a: Corviknight|Corviknight, F|100\/100\n|-ability|p1a: Corviknight|Pressure\n|move|p2a: Landorus|Stealth Rock|p1a: Corviknight\n|-sidestart|p1: LT93OQ Highv0ltag3|move: Stealth Rock\n|\n|upkeep\n|turn|14\n|\n|t:|1660686868\n|switch|p2a: Heatran|Heatran, F|76\/100\n|move|p1a: Corviknight|Defog|p2a: Heatran\n|-unboost|p2a: Heatran|evasion|1\n|-sideend|p1: LT93OQ Highv0ltag3|Stealth Rock|[from] move: Defog|[of] p1a: Corviknight\n|\n|-heal|p2a: Heatran|82\/100|[from] item: Leftovers\n|upkeep\n|turn|15\n|j| myjava\n|\n|t:|1660686872\n|switch|p1a: Cameron|Hydreigon, F|100\/100\n|move|p2a: Heatran|Magma Storm|p1a: Cameron|[miss]\n|-miss|p2a: Heatran|p1a: Cameron\n|\n|-heal|p2a: Heatran|88\/100|[from] item: Leftovers\n|upkeep\n|turn|16\n|\n|t:|1660686876\n|switch|p2a: Landorus|Landorus-Therian, M|100\/100\n|-ability|p2a: Landorus|Intimidate|boost\n|-unboost|p1a: Cameron|atk|1\n|move|p1a: Cameron|Dark Pulse|p2a: Landorus\n|-damage|p2a: Landorus|75\/100\n|\n|-heal|p2a: Landorus|81\/100|[from] item: Leftovers\n|upkeep\n|turn|17\n|\n|t:|1660686884\n|switch|p1a: Corviknight|Corviknight, F|100\/100\n|-ability|p1a: Corviknight|Pressure\n|switch|p2a: Zapdos|Zapdos|69\/100 tox\n|\n|-damage|p2a: Zapdos|63\/100 tox|[from] psn\n|upkeep\n|turn|18\n|j|@ironwater\n|\n|t:|1660686888\n|switch|p1a: Chansey|Chansey, F|100\/100\n|move|p2a: Zapdos|Volt Switch|p1a: Chansey\n|-damage|p1a: Chansey|89\/100\n|\n|t:|1660686890\n|switch|p2a: Weavile|Weavile, F|100\/100|[from]move: Volt Switch\n|\n|upkeep\n|turn|19\n|j| LT92PF Black Lotus\n|\n|t:|1660686893\n|switch|p1a: Toxapex|Toxapex, M|100\/100\n|move|p2a: Weavile|Knock Off|p1a: Toxapex\n|-crit|p1a: Toxapex\n|-damage|p1a: Toxapex|61\/100\n|-damage|p2a: Weavile|84\/100|[from] item: Rocky Helmet|[of] p1a: Toxapex\n|-enditem|p1a: Toxapex|Rocky Helmet|[from] move: Knock Off|[of] p2a: Weavile\n|\n|upkeep\n|turn|20\n|j| JooshP\n|j| Acura RL\n|\n|t:|1660686907\n|switch|p2a: Landorus|Landorus-Therian, M|81\/100\n|-ability|p2a: Landorus|Intimidate|boost\n|-unboost|p1a: Toxapex|atk|1\n|move|p1a: Toxapex|Recover|p1a: Toxapex\n|-heal|p1a: Toxapex|100\/100\n|\n|-heal|p2a: Landorus|87\/100|[from] item: Leftovers\n|upkeep\n|turn|21\n|l| JooshP\n|\n|t:|1660686911\n|switch|p1a: Corviknight|Corviknight, F|100\/100\n|-ability|p1a: Corviknight|Pressure\n|move|p2a: Landorus|Earthquake|p1a: Corviknight\n|-immune|p1a: Corviknight\n|\n|-heal|p2a: Landorus|93\/100|[from] item: Leftovers\n|upkeep\n|turn|22\n|\n|t:|1660686913\n|move|p2a: Landorus|Stealth Rock|p1a: Corviknight\n|-sidestart|p1: LT93OQ Highv0ltag3|move: Stealth Rock\n|move|p1a: Corviknight|Iron Defense|p1a: Corviknight\n|-boost|p1a: Corviknight|def|2\n|\n|-heal|p2a: Landorus|99\/100|[from] item: Leftovers\n|upkeep\n|turn|23\n|\n|t:|1660686918\n|move|p2a: Landorus|U-turn|p1a: Corviknight\n|-resisted|p1a: Corviknight\n|-damage|p1a: Corviknight|99\/100\n|\n|t:|1660686920\n|switch|p2a: Dragapult|Dragapult, F|100\/100|[from]move: U-turn\n|move|p1a: Corviknight|Defog|p2a: Dragapult\n|-unboost|p2a: Dragapult|evasion|1\n|-sideend|p1: LT93OQ Highv0ltag3|Stealth Rock|[from] move: Defog|[of] p1a: Corviknight\n|\n|upkeep\n|turn|24\n|\n|t:|1660686925\n|switch|p2a: Heatran|Heatran, F|88\/100\n|switch|p1a: Chansey|Chansey, F|89\/100\n|\n|-heal|p2a: Heatran|94\/100|[from] item: Leftovers\n|upkeep\n|turn|25\n|\n|t:|1660686929\n|switch|p1a: Cameron|Hydreigon, F|100\/100\n|move|p2a: Heatran|Magma Storm|p1a: Cameron\n|-resisted|p1a: Cameron\n|-damage|p1a: Cameron|83\/100\n|-activate|p1a: Cameron|move: Magma Storm|[of] p2a: Heatran\n|\n|-heal|p1a: Cameron|90\/100|[from] item: Leftovers\n|-heal|p2a: Heatran|100\/100|[from] item: Leftovers\n|-damage|p1a: Cameron|77\/100|[from] move: Magma Storm|[partiallytrapped]\n|upkeep\n|turn|26\n|\n|t:|1660686933\n|move|p1a: Cameron|Earth Power|p2a: Heatran\n|-supereffective|p2a: Heatran\n|-damage|p2a: Heatran|38\/100\n|move|p2a: Heatran|Taunt|p1a: Cameron\n|-start|p1a: Cameron|move: Taunt\n|\n|-heal|p1a: Cameron|83\/100|[from] item: Leftovers\n|-heal|p2a: Heatran|44\/100|[from] item: Leftovers\n|-damage|p1a: Cameron|71\/100|[from] move: Magma Storm|[partiallytrapped]\n|upkeep\n|turn|27\n|\n|t:|1660686937\n|switch|p2a: Landorus|Landorus-Therian, M|99\/100\n|-ability|p2a: Landorus|Intimidate|boost\n|-unboost|p1a: Cameron|atk|1\n|move|p1a: Cameron|Earth Power|p2a: Landorus\n|-immune|p2a: Landorus\n|\n|-heal|p1a: Cameron|77\/100|[from] item: Leftovers\n|-heal|p2a: Landorus|100\/100|[from] item: Leftovers\n|-end|p1a: Cameron|Magma Storm|[partiallytrapped]|[silent]\n|upkeep\n|turn|28\n|\n|t:|1660686940\n|switch|p1a: Corviknight|Corviknight, F|99\/100\n|-ability|p1a: Corviknight|Pressure\n|move|p2a: Landorus|U-turn|p1a: Corviknight\n|-resisted|p1a: Corviknight\n|-damage|p1a: Corviknight|95\/100\n|\n|t:|1660686942\n|switch|p2a: Heatran|Heatran, F|44\/100|[from]move: U-turn\n|\n|-heal|p2a: Heatran|51\/100|[from] item: Leftovers\n|upkeep\n|turn|29\n|\n|t:|1660686946\n|switch|p1a: Cameron|Hydreigon, F|77\/100\n|move|p2a: Heatran|Heavy Slam|p1a: Cameron\n|-damage|p1a: Cameron|60\/100\n|\n|-heal|p1a: Cameron|66\/100|[from] item: Leftovers\n|-heal|p2a: Heatran|57\/100|[from] item: Leftovers\n|upkeep\n|turn|30\n|\n|t:|1660686953\n|switch|p2a: Landorus|Landorus-Therian, M|100\/100\n|-ability|p2a: Landorus|Intimidate|boost\n|-unboost|p1a: Cameron|atk|1\n|move|p1a: Cameron|Roost|p1a: Cameron\n|-heal|p1a: Cameron|100\/100\n|-singleturn|p1a: Cameron|move: Roost\n|\n|upkeep\n|turn|31\n|j| LT93OQ Uxilon\n|j| regnite \u25d5\u203f\u25d5\n|\n|t:|1660686956\n|switch|p1a: Corviknight|Corviknight, F|95\/100\n|-ability|p1a: Corviknight|Pressure\n|move|p2a: Landorus|U-turn|p1a: Corviknight\n|-resisted|p1a: Corviknight\n|-damage|p1a: Corviknight|91\/100\n|\n|t:|1660686959\n|switch|p2a: Heatran|Heatran, F|57\/100|[from]move: U-turn\n|\n|-heal|p2a: Heatran|63\/100|[from] item: Leftovers\n|upkeep\n|turn|32\n|\n|t:|1660686967\n|switch|p2a: Weavile|Weavile, F|84\/100\n|switch|p1a: Cameron|Hydreigon, F|100\/100\n|\n|upkeep\n|turn|33\n|l| Acura RL\n|j| jbfbapbpf\n|\n|t:|1660686977\n|switch|p1a: Toxapex|Toxapex, M|100\/100\n|move|p2a: Weavile|Swords Dance|p2a: Weavile\n|-boost|p2a: Weavile|atk|2\n|\n|upkeep\n|turn|34\n|\n|t:|1660686982\n|switch|p2a: Toxapex|Toxapex, F|100\/100\n|move|p1a: Toxapex|Toxic|p2a: Toxapex\n|-immune|p2a: Toxapex\n|\n|upkeep\n|turn|35\n|\n|t:|1660686986\n|move|p2a: Toxapex|Scald|p1a: Toxapex\n|-resisted|p1a: Toxapex\n|-damage|p1a: Toxapex|94\/100\n|move|p1a: Toxapex|Scald|p2a: Toxapex\n|-resisted|p2a: Toxapex\n|-damage|p2a: Toxapex|93\/100\n|\n|upkeep\n|turn|36\n|\n|t:|1660686991\n|switch|p1a: Tornadus|Tornadus-Therian, M|99\/100 tox\n|move|p2a: Toxapex|Scald|p1a: Tornadus\n|-damage|p1a: Tornadus|82\/100 tox\n|\n|-damage|p1a: Tornadus|76\/100 tox|[from] psn\n|upkeep\n|turn|37\n|\n|t:|1660686996\n|move|p1a: Tornadus|Sludge Bomb|p2a: Toxapex\n|-resisted|p2a: Toxapex\n|-crit|p2a: Toxapex\n|-damage|p2a: Toxapex|77\/100\n|move|p2a: Toxapex|Scald|p1a: Tornadus\n|-damage|p1a: Tornadus|59\/100 tox\n|\n|-damage|p1a: Tornadus|47\/100 tox|[from] psn\n|upkeep\n|turn|38\n|j| l TPH l\n|l| l TPH l\n|\n|t:|1660687002\n|switch|p1a: Toxapex|Toxapex, M|100\/100\n|move|p2a: Toxapex|Knock Off|p1a: Toxapex\n|-damage|p1a: Toxapex|95\/100\n|\n|upkeep\n|turn|39\n|\n|t:|1660687006\n|switch|p1a: Tornadus|Tornadus-Therian, M|80\/100 tox\n|move|p2a: Toxapex|Scald|p1a: Tornadus\n|-damage|p1a: Tornadus|62\/100 tox\n|\n|-damage|p1a: Tornadus|56\/100 tox|[from] psn\n|upkeep\n|turn|40\n|\n|t:|1660687008\n|switch|p1a: Toxapex|Toxapex, M|100\/100\n|move|p2a: Toxapex|Scald|p1a: Toxapex\n|-resisted|p1a: Toxapex\n|-damage|p1a: Toxapex|95\/100\n|\n|upkeep\n|turn|41\n|j| LT93OQ Scoptile\n|\n|t:|1660687018\n|switch|p1a: Tornadus|Tornadus-Therian, M|89\/100 tox\n|move|p2a: Toxapex|Scald|p1a: Tornadus\n|-damage|p1a: Tornadus|73\/100 tox\n|\n|-damage|p1a: Tornadus|67\/100 tox|[from] psn\n|upkeep\n|turn|42\n|\n|t:|1660687020\n|switch|p1a: Cameron|Hydreigon, F|100\/100\n|move|p2a: Toxapex|Scald|p1a: Cameron\n|-resisted|p1a: Cameron\n|-damage|p1a: Cameron|95\/100\n|-status|p1a: Cameron|brn\n|\n|-heal|p1a: Cameron|100\/100 brn|[from] item: Leftovers\n|-damage|p1a: Cameron|94\/100 brn|[from] brn\n|upkeep\n|turn|43\n|j| Spicyseaweed\n|\n|t:|1660687025\n|switch|p1a: Tornadus|Tornadus-Therian, M|99\/100 tox\n|move|p2a: Toxapex|Toxic|p1a: Tornadus\n|-fail|p1a: Tornadus|tox\n|\n|-damage|p1a: Tornadus|94\/100 tox|[from] psn\n|upkeep\n|turn|44\n|\n|t:|1660687029\n|switch|p2a: Landorus|Landorus-Therian, M|100\/100\n|-ability|p2a: Landorus|Intimidate|boost\n|-unboost|p1a: Tornadus|atk|1\n|move|p1a: Tornadus|Nasty Plot|p1a: Tornadus\n|-boost|p1a: Tornadus|spa|2\n|\n|-damage|p1a: Tornadus|81\/100 tox|[from] psn\n|upkeep\n|turn|45\n|\n|t:|1660687033\n|move|p1a: Tornadus|Hurricane|p2a: Landorus\n|-damage|p2a: Landorus|20\/100\n|-start|p2a: Landorus|confusion\n|-activate|p2a: Landorus|confusion\n|-damage|p2a: Landorus|9\/100|[from] confusion\n|\n|-heal|p2a: Landorus|15\/100|[from] item: Leftovers\n|-damage|p1a: Tornadus|63\/100 tox|[from] psn\n|upkeep\n|turn|46\n|\n|t:|1660687042\n|switch|p2a: Heatran|Heatran, F|63\/100\n|move|p1a: Tornadus|Hurricane|p2a: Heatran\n|-resisted|p2a: Heatran\n|-damage|p2a: Heatran|32\/100\n|\n|-heal|p2a: Heatran|39\/100|[from] item: Leftovers\n|-damage|p1a: Tornadus|38\/100 tox|[from] psn\n|upkeep\n|turn|47\n|\n|t:|1660687048\n|switch|p1a: Cameron|Hydreigon, F|94\/100 brn\n|switch|p2a: Landorus|Landorus-Therian, M|15\/100\n|-ability|p2a: Landorus|Intimidate|boost\n|-unboost|p1a: Cameron|atk|1\n|\n|-heal|p1a: Cameron|100\/100 brn|[from] item: Leftovers\n|-heal|p2a: Landorus|21\/100|[from] item: Leftovers\n|-damage|p1a: Cameron|94\/100 brn|[from] brn\n|upkeep\n|turn|48\n|j| arnavgupta\n|\n|t:|1660687052\n|switch|p2a: Toxapex|Toxapex, F|100\/100\n|move|p1a: Cameron|Dark Pulse|p2a: Toxapex\n|-damage|p2a: Toxapex|72\/100\n|\n|-heal|p1a: Cameron|100\/100 brn|[from] item: Leftovers\n|-damage|p1a: Cameron|94\/100 brn|[from] brn\n|upkeep\n|turn|49\n|\n|t:|1660687058\n|switch|p1a: Hippowdon|Hippowdon, F|94\/100 tox\n|-weather|Sandstorm|[from] ability: Sand Stream|[of] p1a: Hippowdon\n|move|p2a: Toxapex|Knock Off|p1a: Hippowdon\n|-damage|p1a: Hippowdon|85\/100 tox\n|-enditem|p1a: Hippowdon|Leftovers|[from] move: Knock Off|[of] p2a: Toxapex\n|\n|-weather|Sandstorm|[upkeep]\n|-damage|p2a: Toxapex|66\/100|[from] Sandstorm\n|-damage|p1a: Hippowdon|79\/100 tox|[from] psn\n|upkeep\n|turn|50\n|\n|t:|1660687062\n|switch|p2a: Landorus|Landorus-Therian, M|21\/100\n|-ability|p2a: Landorus|Intimidate|boost\n|-unboost|p1a: Hippowdon|atk|1\n|move|p1a: Hippowdon|Stealth Rock|p2a: Landorus\n|-sidestart|p2: kinetic chain|move: Stealth Rock\n|\n|-weather|Sandstorm|[upkeep]\n|-heal|p2a: Landorus|27\/100|[from] item: Leftovers\n|-damage|p1a: Hippowdon|67\/100 tox|[from] psn\n|upkeep\n|turn|51\n|\n|t:|1660687065\n|move|p2a: Landorus|Stealth Rock|p1a: Hippowdon\n|-sidestart|p1: LT93OQ Highv0ltag3|move: Stealth Rock\n|move|p1a: Hippowdon|Toxic|p2a: Landorus\n|-status|p2a: Landorus|tox\n|\n|-weather|Sandstorm|[upkeep]\n|-heal|p2a: Landorus|33\/100 tox|[from] item: Leftovers\n|-damage|p2a: Landorus|27\/100 tox|[from] psn\n|-damage|p1a: Hippowdon|48\/100 tox|[from] psn\n|upkeep\n|turn|52\n|\n|t:|1660687070\n|move|p2a: Landorus|U-turn|p1a: Hippowdon\n|-damage|p1a: Hippowdon|33\/100 tox\n|\n|t:|1660687074\n|switch|p2a: Dragapult|Dragapult, F|100\/100|[from]move: U-turn\n|-damage|p2a: Dragapult|88\/100|[from] Stealth Rock\n|move|p1a: Hippowdon|Slack Off|p1a: Hippowdon\n|-heal|p1a: Hippowdon|83\/100 tox\n|\n|-weather|Sandstorm|[upkeep]\n|-damage|p2a: Dragapult|82\/100|[from] Sandstorm\n|-damage|p1a: Hippowdon|58\/100 tox|[from] psn\n|upkeep\n|turn|53\n|j| SiTuM.\n|l| SiTuM.\n|\n|t:|1660687082\n|switch|p2a: Weavile|Weavile, F|84\/100\n|switch|p1a: Chansey|Chansey, F|89\/100\n|-damage|p1a: Chansey|77\/100|[from] Stealth Rock\n|\n|-weather|none\n|upkeep\n|turn|54\n|\n|t:|1660687097\n|switch|p2a: Zapdos|Zapdos|63\/100 tox\n|switch|p1a: Toxapex|Toxapex, M|100\/100\n|-damage|p1a: Toxapex|88\/100|[from] Stealth Rock\n|\n|-damage|p2a: Zapdos|57\/100 tox|[from] psn\n|upkeep\n|turn|55\n|\n|t:|1660687105\n|move|p2a: Zapdos|Volt Switch|p1a: Toxapex\n|-supereffective|p1a: Toxapex\n|-damage|p1a: Toxapex|34\/100\n|\n|t:|1660687113\n|switch|p2a: Toxapex|Toxapex, F|99\/100|[from]move: Volt Switch\n|-damage|p2a: Toxapex|87\/100|[from] Stealth Rock\n|move|p1a: Toxapex|Recover|p1a: Toxapex\n|-heal|p1a: Toxapex|84\/100\n|\n|upkeep\n|turn|56\n|j| Sc0rcha\n|\n|t:|1660687118\n|switch|p1a: Corviknight|Corviknight, F|91\/100\n|-damage|p1a: Corviknight|79\/100|[from] Stealth Rock\n|-ability|p1a: Corviknight|Pressure\n|move|p2a: Toxapex|Scald|p1a: Corviknight\n|-damage|p1a: Corviknight|65\/100\n|\n|upkeep\n|turn|57\n|\n|t:|1660687126\n|move|p1a: Corviknight|Defog|p2a: Toxapex\n|-unboost|p2a: Toxapex|evasion|1\n|-sideend|p2: kinetic chain|Stealth Rock|[from] move: Defog|[of] p1a: Corviknight\n|-sideend|p1: LT93OQ Highv0ltag3|Stealth Rock|[from] move: Defog|[of] p1a: Corviknight\n|move|p2a: Toxapex|Scald|p1a: Corviknight\n|-damage|p1a: Corviknight|52\/100\n|\n|upkeep\n|turn|58\n|\n|t:|1660687131\n|switch|p1a: Tornadus|Tornadus-Therian, M|71\/100 tox\n|move|p2a: Toxapex|Scald|p1a: Tornadus\n|-damage|p1a: Tornadus|53\/100 tox\n|\n|-damage|p1a: Tornadus|47\/100 tox|[from] psn\n|upkeep\n|turn|59\n|\n|t:|1660687137\n|switch|p1a: Toxapex|Toxapex, M|100\/100\n|switch|p2a: Landorus|Landorus-Therian, M|27\/100 tox\n|-ability|p2a: Landorus|Intimidate|boost\n|-unboost|p1a: Toxapex|atk|1\n|\n|-heal|p2a: Landorus|33\/100 tox|[from] item: Leftovers\n|-damage|p2a: Landorus|27\/100 tox|[from] psn\n|upkeep\n|turn|60\n|\n|t:|1660687140\n|switch|p1a: Corviknight|Corviknight, F|52\/100\n|-ability|p1a: Corviknight|Pressure\n|move|p2a: Landorus|U-turn|p1a: Corviknight\n|-resisted|p1a: Corviknight\n|-damage|p1a: Corviknight|49\/100\n|\n|t:|1660687142\n|switch|p2a: Zapdos|Zapdos|57\/100 tox|[from]move: U-turn\n|\n|-damage|p2a: Zapdos|51\/100 tox|[from] psn\n|upkeep\n|turn|61\n|l| Sc0rcha\n|\n|t:|1660687162\n|switch|p1a: Hippowdon|Hippowdon, F|58\/100 tox\n|-weather|Sandstorm|[from] ability: Sand Stream|[of] p1a: Hippowdon\n|move|p2a: Zapdos|Hurricane|p1a: Hippowdon\n|-damage|p1a: Hippowdon|17\/100 tox\n|\n|-weather|Sandstorm|[upkeep]\n|-damage|p2a: Zapdos|44\/100 tox|[from] Sandstorm\n|-damage|p2a: Zapdos|32\/100 tox|[from] psn\n|-damage|p1a: Hippowdon|11\/100 tox|[from] psn\n|upkeep\n|turn|62\n|\n|t:|1660687170\n|switch|p1a: Chansey|Chansey, F|77\/100\n|move|p2a: Zapdos|Hurricane|p1a: Chansey\n|-damage|p1a: Chansey|58\/100\n|\n|-weather|Sandstorm|[upkeep]\n|-damage|p2a: Zapdos|26\/100 tox|[from] Sandstorm\n|-damage|p1a: Chansey|52\/100|[from] Sandstorm\n|-damage|p2a: Zapdos|7\/100 tox|[from] psn\n|upkeep\n|turn|63\n|\n|t:|1660687175\n|move|p2a: Zapdos|Volt Switch|p1a: Chansey\n|-damage|p1a: Chansey|41\/100\n|\n|t:|1660687178\n|switch|p2a: Weavile|Weavile, F|84\/100|[from]move: Volt Switch\n|move|p1a: Chansey|Heal Bell|p1a: Chansey\n|-activate|p1a: Chansey|move: Heal Bell\n|-curestatus|p1: Hippowdon|tox|[msg]\n|-curestatus|p1: Tornadus|tox|[msg]\n|-curestatus|p1: Cameron|brn|[msg]\n|\n|-weather|Sandstorm|[upkeep]\n|-damage|p2a: Weavile|78\/100|[from] Sandstorm\n|-damage|p1a: Chansey|35\/100|[from] Sandstorm\n|upkeep\n|turn|64\n|j| climatechange=hoax\n|\n|t:|1660687190\n|switch|p2a: Landorus|Landorus-Therian, M|27\/100 tox\n|-ability|p2a: Landorus|Intimidate|boost\n|-unboost|p1a: Chansey|atk|1\n|switch|p1a: Toxapex|Toxapex, M|100\/100\n|\n|-weather|Sandstorm|[upkeep]\n|-damage|p1a: Toxapex|94\/100|[from] Sandstorm\n|-heal|p2a: Landorus|33\/100 tox|[from] item: Leftovers\n|-damage|p2a: Landorus|27\/100 tox|[from] psn\n|upkeep\n|turn|65\n|\n|t:|1660687197\n|switch|p1a: Corviknight|Corviknight, F|49\/100\n|-ability|p1a: Corviknight|Pressure\n|move|p2a: Landorus|U-turn|p1a: Corviknight\n|-resisted|p1a: Corviknight\n|-damage|p1a: Corviknight|45\/100\n|\n|t:|1660687209\n|switch|p2a: Heatran|Heatran, F|39\/100|[from]move: U-turn\n|\n|-weather|none\n|-heal|p2a: Heatran|45\/100|[from] item: Leftovers\n|upkeep\n|turn|66\n|\n|t:|1660687224\n|switch|p2a: Weavile|Weavile, F|78\/100\n|switch|p1a: Cameron|Hydreigon, F|94\/100\n|\n|-heal|p1a: Cameron|100\/100|[from] item: Leftovers\n|upkeep\n|turn|67\n|\n|t:|1660687228\n|switch|p2a: Landorus|Landorus-Therian, M|27\/100 tox\n|-ability|p2a: Landorus|Intimidate|boost\n|-unboost|p1a: Cameron|atk|1\n|switch|p1a: Toxapex|Toxapex, M|100\/100\n|\n|-heal|p2a: Landorus|33\/100 tox|[from] item: Leftovers\n|-damage|p2a: Landorus|27\/100 tox|[from] psn\n|upkeep\n|turn|68\n|l| lt93oq ruby\n|\n|t:|1660687233\n|move|p2a: Landorus|U-turn|p1a: Toxapex\n|-resisted|p1a: Toxapex\n|-damage|p1a: Toxapex|94\/100\n|\n|t:|1660687235\n|switch|p2a: Toxapex|Toxapex, F|100\/100|[from]move: U-turn\n|move|p1a: Toxapex|Scald|p2a: Toxapex\n|-resisted|p2a: Toxapex\n|-damage|p2a: Toxapex|94\/100\n|\n|upkeep\n|turn|69\n|j| Dr.Poopinstine\n|\n|t:|1660687248\n|switch|p2a: Landorus|Landorus-Therian, M|27\/100 tox\n|-ability|p2a: Landorus|Intimidate|boost\n|-unboost|p1a: Toxapex|atk|1\n|move|p1a: Toxapex|Scald|p2a: Landorus\n|-supereffective|p2a: Landorus\n|-damage|p2a: Landorus|1\/100 tox\n|\n|-heal|p2a: Landorus|7\/100 tox|[from] item: Leftovers\n|-damage|p2a: Landorus|1\/100 tox|[from] psn\n|upkeep\n|turn|70\n|\n|t:|1660687259\n|switch|p1a: Cameron|Hydreigon, F|100\/100\n|move|p2a: Landorus|Stealth Rock|p1a: Cameron\n|-sidestart|p1: LT93OQ Highv0ltag3|move: Stealth Rock\n|\n|-heal|p2a: Landorus|7\/100 tox|[from] item: Leftovers\n|-damage|p2a: Landorus|0 fnt|[from] psn\n|faint|p2a: Landorus\n|upkeep\n|\n|t:|1660687262\n|switch|p2a: Weavile|Weavile, F|78\/100\n|turn|71\n|\n|t:|1660687268\n|switch|p2a: Heatran|Heatran, F|45\/100\n|switch|p1a: Toxapex|Toxapex, M|100\/100\n|-damage|p1a: Toxapex|88\/100|[from] Stealth Rock\n|\n|-heal|p2a: Heatran|51\/100|[from] item: Leftovers\n|upkeep\n|turn|72\n|\n|t:|1660687271\n|switch|p1a: Cameron|Hydreigon, F|100\/100\n|-damage|p1a: Cameron|88\/100|[from] Stealth Rock\n|move|p2a: Heatran|Magma Storm|p1a: Cameron\n|-resisted|p1a: Cameron\n|-damage|p1a: Cameron|70\/100\n|-activate|p1a: Cameron|move: Magma Storm|[of] p2a: Heatran\n|\n|-heal|p1a: Cameron|76\/100|[from] item: Leftovers\n|-heal|p2a: Heatran|57\/100|[from] item: Leftovers\n|-damage|p1a: Cameron|64\/100|[from] move: Magma Storm|[partiallytrapped]\n|upkeep\n|turn|73\n|l| LT92PF Black Lotus\n|\n|t:|1660687279\n|switch|p2a: Weavile|Weavile, F|78\/100\n|move|p1a: Cameron|Defog|p2a: Weavile\n|-unboost|p2a: Weavile|evasion|1\n|-sideend|p1: LT93OQ Highv0ltag3|Stealth Rock|[from] move: Defog|[of] p1a: Cameron\n|\n|-heal|p1a: Cameron|70\/100|[from] item: Leftovers\n|-end|p1a: Cameron|Magma Storm|[partiallytrapped]|[silent]\n|upkeep\n|turn|74\n|j| Acura RL\n|\n|t:|1660687283\n|switch|p2a: Heatran|Heatran, F|57\/100\n|switch|p1a: Toxapex|Toxapex, M|100\/100\n|\n|-heal|p2a: Heatran|64\/100|[from] item: Leftovers\n|upkeep\n|turn|75\n|\n|t:|1660687289\n|switch|p2a: Weavile|Weavile, F|78\/100\n|switch|p1a: Cameron|Hydreigon, F|70\/100\n|\n|-heal|p1a: Cameron|76\/100|[from] item: Leftovers\n|upkeep\n|turn|76\n|\n|t:|1660687296\n|switch|p1a: Toxapex|Toxapex, M|100\/100\n|move|p2a: Weavile|Swords Dance|p2a: Weavile\n|-boost|p2a: Weavile|atk|2\n|\n|upkeep\n|turn|77\n|\n|t:|1660687299\n|move|p2a: Weavile|Swords Dance|p2a: Weavile\n|-boost|p2a: Weavile|atk|2\n|move|p1a: Toxapex|Haze|p1a: Toxapex\n|-clearallboost\n|\n|upkeep\n|turn|78\n|\n|t:|1660687303\n|switch|p2a: Heatran|Heatran, F|64\/100\n|move|p1a: Toxapex|Haze|p1a: Toxapex\n|-clearallboost\n|\n|-heal|p2a: Heatran|70\/100|[from] item: Leftovers\n|upkeep\n|turn|79\n|\n|t:|1660687308\n|switch|p2a: Weavile|Weavile, F|78\/100\n|switch|p1a: Cameron|Hydreigon, F|76\/100\n|\n|-heal|p1a: Cameron|82\/100|[from] item: Leftovers\n|upkeep\n|turn|80\n|j| god kawaiiii\n|\n|t:|1660687310\n|switch|p1a: Toxapex|Toxapex, M|100\/100\n|move|p2a: Weavile|Swords Dance|p2a: Weavile\n|-boost|p2a: Weavile|atk|2\n|\n|upkeep\n|turn|81\n|\n|t:|1660687312\n|move|p2a: Weavile|Knock Off|p1a: Toxapex\n|-damage|p1a: Toxapex|65\/100\n|move|p1a: Toxapex|Toxic|p2a: Weavile\n|-status|p2a: Weavile|tox\n|\n|-damage|p2a: Weavile|72\/100 tox|[from] psn\n|upkeep\n|turn|82\n|\n|t:|1660687315\n|move|p2a: Weavile|Swords Dance|p2a: Weavile\n|-boost|p2a: Weavile|atk|2\n|move|p1a: Toxapex|Recover|p1a: Toxapex\n|-heal|p1a: Toxapex|100\/100\n|\n|-damage|p2a: Weavile|60\/100 tox|[from] psn\n|upkeep\n|turn|83\n|l| god kawaiiii\n|\n|t:|1660687317\n|move|p2a: Weavile|Knock Off|p1a: Toxapex\n|-damage|p1a: Toxapex|46\/100\n|move|p1a: Toxapex|Haze|p1a: Toxapex\n|-clearallboost\n|\n|-damage|p2a: Weavile|42\/100 tox|[from] psn\n|upkeep\n|turn|84\n|-message|kinetic chain forfeited.\n|\n|win|LT93OQ Highv0ltag3\n|raw|LT93OQ Highv0ltag3's rating: 1949 &rarr; <strong>1971<\/strong><br \/>(+22 for winning)\n|raw|kinetic chain's rating: 1988 &rarr; <strong>1966<\/strong><br \/>(-22 for losing)\n|l|\u203dkinetic chain\n|c|\u2606LT93OQ Highv0ltag3|gg\n|l| LT93OQ Uxilon\n|l| myjava\n|j| LT93OQ Ash\n","uploadtime":1660687337,"views":79,"p1id":"lt93oqhighv0ltag3","p2id":"kineticchain","formatid":"gen8ou","rating":1966,"private":0,"password":null}