{"id":"gen8ou-1233487271","p1":"THRZ_Dayy","p2":"glaed13","format":"gen8ou","log":"|j|\u2606THRZ_Dayy\n|j|\u2606glaed13\n|t:|1606625717\n|player|p1|THRZ_Dayy|janitor|1431\n|player|p2|glaed13|cheren-gen5bw2|1487\n|teamsize|p1|6\n|teamsize|p2|6\n|gametype|singles\n|gen|8\n|tier|[Gen 8] OU\n|rated|\n|clearpoke\n|poke|p1|Slowking-Galar, M|\n|poke|p1|Kommo-o, F|\n|poke|p1|Clefable, F|\n|poke|p1|Moltres|\n|poke|p1|Excadrill, M|\n|poke|p1|Rillaboom, M|\n|poke|p2|Whimsicott, F|\n|poke|p2|Centiskorch, F|\n|poke|p2|Scizor, M|\n|poke|p2|Haxorus, M|\n|poke|p2|Zapdos-Galar|\n|poke|p2|Moltres|\n|rule|Sleep Clause Mod: Limit one foe put to sleep\n|rule|Species Clause: Limit one of each Pok\u00e9mon\n|rule|OHKO Clause: OHKO moves are banned\n|rule|Evasion Moves Clause: Evasion moves are banned\n|rule|Endless Battle Clause: Forcing endless battles is banned\n|rule|HP Percentage Mod: HP is shown in percentages\n|rule|Dynamax Clause: You cannot dynamax\n|teampreview\n|inactive|Battle timer is ON: inactive players will automatically lose when time's up. (requested by glaed13)\n|\n|t:|1606625729\n|start\n|switch|p1a: Claudia|Clefable, F|100\/100\n|switch|p2a: Moltres|Moltres|100\/100\n|turn|1\n|\n|t:|1606625737\n|move|p2a: Moltres|Flamethrower|p1a: Claudia\n|-damage|p1a: Claudia|71\/100\n|move|p1a: Claudia|Teleport|p1a: Claudia\n|\n|t:|1606625741\n|switch|p1a: Rajendra|Slowking-Galar, M|100\/100|[from]move: Teleport\n|\n|upkeep\n|turn|2\n|\n|t:|1606625746\n|move|p2a: Moltres|Scorching Sands|p1a: Rajendra\n|-supereffective|p1a: Rajendra\n|-damage|p1a: Rajendra|75\/100\n|move|p1a: Rajendra|Future Sight|p2a: Moltres\n|-start|p1a: Rajendra|move: Future Sight\n|\n|upkeep\n|turn|3\n|\n|t:|1606625753\n|move|p2a: Moltres|Scorching Sands|p1a: Rajendra\n|-supereffective|p1a: Rajendra\n|-damage|p1a: Rajendra|51\/100\n|move|p1a: Rajendra|Eerie Spell|p2a: Moltres\n|-damage|p2a: Moltres|64\/100\n|-activate|p2a: Moltres|move: Eerie Spell|Scorching Sands|3\n|\n|upkeep\n|turn|4\n|\n|t:|1606625762\n|switch|p1a: Macy|Moltres|100\/100\n|move|p2a: Moltres|Roost|p2a: Moltres\n|-heal|p2a: Moltres|100\/100\n|-singleturn|p2a: Moltres|move: Roost\n|\n|-end|p2a: Moltres|move: Future Sight\n|-damage|p2a: Moltres|53\/100\n|upkeep\n|turn|5\n|\n|t:|1606625773\n|move|p1a: Macy|Hurricane|p2a: Moltres|[miss]\n|-miss|p1a: Macy|p2a: Moltres\n|move|p2a: Moltres|Roost|p2a: Moltres\n|-heal|p2a: Moltres|100\/100\n|-singleturn|p2a: Moltres|move: Roost\n|\n|upkeep\n|turn|6\n|\n|t:|1606625800\n|switch|p2a: Whimsicott|Whimsicott, F|100\/100\n|move|p1a: Macy|Hurricane|p2a: Whimsicott|[miss]\n|-miss|p1a: Macy|p2a: Whimsicott\n|\n|upkeep\n|turn|7\n|\n|t:|1606625808\n|switch|p1a: Claudia|Clefable, F|71\/100\n|move|p2a: Whimsicott|Stun Spore|p1a: Claudia|[miss]\n|-miss|p2a: Whimsicott|p1a: Claudia\n|\n|-heal|p1a: Claudia|77\/100|[from] item: Leftovers\n|upkeep\n|turn|8\n|\n|t:|1606625814\n|move|p2a: Whimsicott|Stun Spore|p1a: Claudia\n|-status|p1a: Claudia|par\n|move|p1a: Claudia|Wish|p1a: Claudia\n|\n|-heal|p1a: Claudia|83\/100 par|[from] item: Leftovers\n|upkeep\n|turn|9\n|\n|t:|1606625831\n|switch|p2a: Centiskorch|Centiskorch, F|100\/100\n|switch|p1a: Rajendra|Slowking-Galar, M|84\/100\n|\n|-heal|p1a: Rajendra|100\/100|[from] move: Wish|[wisher] Claudia\n|upkeep\n|turn|10\n|\n|t:|1606625840\n|move|p2a: Centiskorch|Coil|p2a: Centiskorch\n|-boost|p2a: Centiskorch|atk|1\n|-boost|p2a: Centiskorch|def|1\n|-boost|p2a: Centiskorch|accuracy|1\n|move|p1a: Rajendra|Future Sight|p2a: Centiskorch\n|-start|p1a: Rajendra|move: Future Sight\n|\n|upkeep\n|turn|11\n|\n|t:|1606625847\n|switch|p1a: Macy|Moltres|100\/100\n|move|p2a: Centiskorch|Coil|p2a: Centiskorch\n|-boost|p2a: Centiskorch|atk|1\n|-boost|p2a: Centiskorch|def|1\n|-boost|p2a: Centiskorch|accuracy|1\n|\n|upkeep\n|turn|12\n|\n|t:|1606625853\n|move|p1a: Macy|Hurricane|p2a: Centiskorch\n|-supereffective|p2a: Centiskorch\n|-damage|p2a: Centiskorch|8\/100\n|-start|p2a: Centiskorch|confusion\n|-activate|p2a: Centiskorch|confusion\n|-damage|p2a: Centiskorch|0 fnt|[from] confusion\n|faint|p2a: Centiskorch\n|\n|-hint|Future Sight did not hit because the target is the user.\n|upkeep\n|\n|t:|1606625874\n|switch|p2a: Whimsicott|Whimsicott, F|100\/100\n|turn|13\n|\n|t:|1606625876\n|switch|p1a: Claudia|Clefable, F|83\/100 par\n|move|p2a: Whimsicott|Stun Spore|p1a: Claudia|[miss]\n|-miss|p2a: Whimsicott|p1a: Claudia\n|\n|-heal|p1a: Claudia|89\/100 par|[from] item: Leftovers\n|upkeep\n|turn|14\n|\n|t:|1606625882\n|move|p2a: Whimsicott|Moonblast|p1a: Claudia\n|-damage|p1a: Claudia|66\/100 par\n|move|p1a: Claudia|Moonblast|p2a: Whimsicott\n|-damage|p2a: Whimsicott|49\/100\n|\n|-heal|p1a: Claudia|72\/100 par|[from] item: Leftovers\n|upkeep\n|turn|15\n|\n|t:|1606625892\n|move|p2a: Whimsicott|Memento|p1a: Claudia\n|-unboost|p1a: Claudia|atk|2\n|-unboost|p1a: Claudia|spa|2\n|faint|p2a: Whimsicott\n|move|p1a: Claudia|Teleport|p1a: Claudia\n|\n|t:|1606625910\n|switch|p1a: Rajendra|Slowking-Galar, M|100\/100|[from]move: Teleport\n|\n|upkeep\n|\n|t:|1606625913\n|switch|p2a: Haxorus|Haxorus, M, shiny|100\/100\n|-ability|p2a: Haxorus|Mold Breaker\n|turn|16\n|\n|t:|1606625917\n|move|p2a: Haxorus|Swords Dance|p2a: Haxorus\n|-boost|p2a: Haxorus|atk|2\n|move|p1a: Rajendra|Future Sight|p2a: Haxorus\n|-start|p1a: Rajendra|move: Future Sight\n|\n|upkeep\n|turn|17\n|\n|t:|1606625931\n|move|p2a: Haxorus|Scale Shot|p1a: Rajendra\n|-damage|p1a: Rajendra|77\/100\n|-damage|p1a: Rajendra|53\/100\n|-damage|p1a: Rajendra|29\/100\n|-hitcount|p1a: Rajendra|3\n|-unboost|p2a: Haxorus|def|1\n|-boost|p2a: Haxorus|spe|1\n|move|p1a: Rajendra|Sludge Bomb|p2a: Haxorus\n|-damage|p2a: Haxorus|31\/100\n|\n|upkeep\n|turn|18\n|\n|t:|1606625940\n|switch|p2a: Scizor|Scizor, M|100\/100\n|switch|p1a: Claudia|Clefable, F|72\/100 par\n|\n|-end|p2a: Scizor|move: Future Sight\n|-resisted|p2a: Scizor\n|-damage|p2a: Scizor|65\/100\n|-heal|p1a: Claudia|78\/100 par|[from] item: Leftovers\n|upkeep\n|turn|19\n|\n|t:|1606625952\n|switch|p1a: Macy|Moltres|100\/100\n|move|p2a: Scizor|Knock Off|p1a: Macy\n|-damage|p1a: Macy|55\/100\n|-status|p2a: Scizor|brn|[from] ability: Flame Body|[of] p1a: Macy\n|-enditem|p1a: Macy|Heavy-Duty Boots|[from] move: Knock Off|[of] p2a: Scizor\n|\n|-damage|p2a: Scizor|59\/100 brn|[from] brn\n|upkeep\n|turn|20\n|\n|t:|1606625957\n|switch|p2a: Haxorus|Haxorus, M, shiny|31\/100\n|-ability|p2a: Haxorus|Mold Breaker\n|move|p1a: Macy|Flamethrower|p2a: Haxorus\n|-resisted|p2a: Haxorus\n|-damage|p2a: Haxorus|0 fnt\n|faint|p2a: Haxorus\n|\n|upkeep\n|\n|t:|1606625961\n|switch|p2a: Zapdos|Zapdos-Galar|100\/100\n|turn|21\n|\n|t:|1606625968\n|move|p2a: Zapdos|Taunt|p1a: Macy\n|-start|p1a: Macy|move: Taunt\n|move|p1a: Macy|Hurricane|p2a: Zapdos\n|-supereffective|p2a: Zapdos\n|-damage|p2a: Zapdos|0 fnt\n|faint|p2a: Zapdos\n|\n|upkeep\n|\n|t:|1606625971\n|switch|p2a: Moltres|Moltres|100\/100\n|turn|22\n|\n|t:|1606625975\n|switch|p1a: Claudia|Clefable, F|78\/100 par\n|move|p2a: Moltres|Flamethrower|p1a: Claudia\n|-damage|p1a: Claudia|47\/100 par\n|\n|-heal|p1a: Claudia|54\/100 par|[from] item: Leftovers\n|upkeep\n|turn|23\n|-message|glaed13 forfeited.\n|\n|win|THRZ_Dayy\n|l|\u2606glaed13\n|c|\u2606THRZ_Dayy|ggizzle\n|raw|THRZ_Dayy's rating: 1431 &rarr; <strong>1455<\/strong><br \/>(+24 for winning)\n|raw|glaed13's rating: 1487 &rarr; <strong>1464<\/strong><br \/>(-23 for losing)\n","uploadtime":1606625987,"views":9,"p1id":"thrzdayy","p2id":"glaed13","formatid":"gen8ou","rating":1455,"private":0,"password":null}