{"id":"gen8nationaldex-1179996131","p1":"premmalhotra","p2":"Del chef","format":"gen8nationaldex","log":"|j|\u2606premmalhotra\n|j|\u2606Del chef\n|t:|1599067375\n|player|p1|premmalhotra|ghetsis-gen5bw|\n|player|p2|Del chef|gentleman-gen2|\n|teamsize|p1|6\n|teamsize|p2|6\n|gametype|singles\n|gen|8\n|tier|[Gen 8] National Dex\n|rated|Tournament battle\n|clearpoke\n|poke|p1|Dialga|\n|poke|p1|Crobat, M|\n|poke|p1|Honchkrow, M|\n|poke|p1|Weavile, M|\n|poke|p1|Gyarados, M|\n|poke|p1|Houndoom, M|\n|poke|p2|Crobat, M|\n|poke|p2|Honchkrow, F|\n|poke|p2|Gyarados, M|\n|poke|p2|Weavile, F|\n|poke|p2|Dialga|\n|poke|p2|Houndoom, M|\n|rule|HP Percentage Mod: HP is shown in percentages\n|rule|Endless Battle Clause: Forcing endless battles is banned\n|rule|OHKO Clause: OHKO moves are banned\n|rule|Evasion Moves Clause: Evasion moves are banned\n|rule|Species Clause: Limit one of each Pok\u00e9mon\n|rule|Dynamax Clause: You cannot dynamax\n|rule|Sleep Clause Mod: Limit one foe put to sleep\n|teampreview\n|j|*Lady Monita\n|j| TeamCharm69\n|inactive|Battle timer is ON: inactive players will automatically lose when time's up. (requested by premmalhotra)\n|c|\u2606Del chef|nice team\n|j| oxjfhf\n|c|\u2606Del chef|glhf\n|\n|t:|1599067391\n|start\n|switch|p1a: Honchkrow|Honchkrow, M|100\/100\n|switch|p2a: Gyarados|Gyarados, M|100\/100\n|-ability|p2a: Gyarados|Intimidate|boost\n|-unboost|p1a: Honchkrow|atk|1\n|turn|1\n|\n|t:|1599067398\n|detailschange|p2a: Gyarados|Gyarados-Mega, M\n|-mega|p2a: Gyarados|Gyarados|Gyaradosite\n|-ability|p2a: Gyarados|Mold Breaker\n|move|p2a: Gyarados|Dragon Dance|p2a: Gyarados\n|-boost|p2a: Gyarados|atk|1\n|-boost|p2a: Gyarados|spe|1\n|move|p1a: Honchkrow|Brave Bird|p2a: Gyarados\n|-crit|p2a: Gyarados\n|-damage|p2a: Gyarados|0 fnt\n|-damage|p1a: Honchkrow|71\/100|[from] Recoil\n|-damage|p1a: Honchkrow|62\/100|[from] item: Life Orb\n|faint|p2a: Gyarados\n|\n|upkeep\n|\n|t:|1599067406\n|switch|p2a: Weavile|Weavile, F|100\/100\n|-ability|p2a: Weavile|Pressure\n|turn|2\n|\n|t:|1599067411\n|move|p1a: Honchkrow|Sucker Punch||[still]\n|-fail|p1a: Honchkrow\n|move|p2a: Weavile|Swords Dance|p2a: Weavile\n|-boost|p2a: Weavile|atk|2\n|\n|upkeep\n|turn|3\n|\n|t:|1599067416\n|move|p2a: Weavile|Ice Shard|p1a: Honchkrow\n|-supereffective|p1a: Honchkrow\n|-damage|p1a: Honchkrow|0 fnt\n|faint|p1a: Honchkrow\n|\n|upkeep\n|\n|t:|1599067421\n|switch|p1a: Houndoom|Houndoom, M|100\/100\n|turn|4\n|j| greenandgrey77\n|\n|t:|1599067426\n|switch|p2a: Houndoom|Houndoom, M|100\/100\n|move|p1a: Houndoom|Counter||[still]\n|-fail|p1a: Houndoom\n|\n|upkeep\n|turn|5\n|\n|t:|1599067433\n|switch|p1a: Crobat|Crobat, M|100\/100\n|move|p2a: Houndoom|Nasty Plot|p2a: Houndoom\n|-boost|p2a: Houndoom|spa|2\n|\n|upkeep\n|turn|6\n|\n|t:|1599067437\n|move|p1a: Crobat|Confuse Ray|p2a: Houndoom\n|-start|p2a: Houndoom|confusion\n|-activate|p2a: Houndoom|confusion\n|move|p2a: Houndoom|Dark Pulse|p1a: Crobat\n|-damage|p1a: Crobat|10\/100\n|\n|-heal|p1a: Crobat|17\/100|[from] item: Black Sludge\n|upkeep\n|turn|7\n|\n|t:|1599067440\n|move|p1a: Crobat|Brave Bird|p2a: Houndoom\n|-damage|p2a: Houndoom|10\/100\n|-damage|p1a: Crobat|0 fnt|[from] Recoil\n|faint|p1a: Crobat\n|-activate|p2a: Houndoom|confusion\n|move|p2a: Houndoom|Dark Pulse|p1: Crobat|[notarget]\n|-fail|p2a: Houndoom\n|\n|upkeep\n|\n|t:|1599067444\n|switch|p1a: Gyarados|Gyarados, M|100\/100\n|-ability|p1a: Gyarados|Intimidate|boost\n|-unboost|p2a: Houndoom|atk|1\n|turn|8\n|j| dubwooloo \u30c4\n|j| Grandmaster7890\n|j| gglrg\n|\n|t:|1599067449\n|detailschange|p1a: Gyarados|Gyarados-Mega, M\n|-mega|p1a: Gyarados|Gyarados|Gyaradosite\n|-ability|p1a: Gyarados|Mold Breaker\n|-activate|p2a: Houndoom|confusion\n|-damage|p2a: Houndoom|1\/100|[from] confusion\n|move|p1a: Gyarados|Dragon Dance|p1a: Gyarados\n|-boost|p1a: Gyarados|atk|1\n|-boost|p1a: Gyarados|spe|1\n|\n|upkeep\n|turn|9\n|\n|t:|1599067454\n|move|p1a: Gyarados|Dragon Dance|p1a: Gyarados\n|-boost|p1a: Gyarados|atk|1\n|-boost|p1a: Gyarados|spe|1\n|-activate|p2a: Houndoom|confusion\n|move|p2a: Houndoom|Will-O-Wisp|p1a: Gyarados\n|-status|p1a: Gyarados|brn\n|\n|-damage|p1a: Gyarados|94\/100 brn|[from] brn\n|upkeep\n|turn|10\n|\n|t:|1599067459\n|move|p1a: Gyarados|Dragon Dance|p1a: Gyarados\n|-boost|p1a: Gyarados|atk|1\n|-boost|p1a: Gyarados|spe|1\n|-end|p2a: Houndoom|confusion\n|move|p2a: Houndoom|Overheat|p1a: Gyarados\n|-resisted|p1a: Gyarados\n|-damage|p1a: Gyarados|43\/100 brn\n|-unboost|p2a: Houndoom|spa|2\n|\n|-damage|p1a: Gyarados|37\/100 brn|[from] brn\n|upkeep\n|turn|11\n|\n|t:|1599067466\n|move|p1a: Gyarados|Waterfall|p2a: Houndoom\n|-supereffective|p2a: Houndoom\n|-damage|p2a: Houndoom|0 fnt\n|faint|p2a: Houndoom\n|\n|-damage|p1a: Gyarados|31\/100 brn|[from] brn\n|upkeep\n|\n|t:|1599067476\n|switch|p2a: Dialga|Dialga|100\/100\n|-ability|p2a: Dialga|Pressure\n|turn|12\n|\n|t:|1599067479\n|switch|p2a: Crobat|Crobat, M|100\/100\n|move|p1a: Gyarados|Earthquake|p2a: Crobat\n|-immune|p2a: Crobat\n|\n|-damage|p1a: Gyarados|25\/100 brn|[from] brn\n|upkeep\n|turn|13\n|l| oxjfhf\n|j| IDaHAN\n|\n|t:|1599067508\n|move|p1a: Gyarados|Waterfall|p2a: Crobat\n|-damage|p2a: Crobat|37\/100\n|move|p2a: Crobat|Double-Edge|p1a: Gyarados\n|-damage|p1a: Gyarados|0 fnt\n|-damage|p2a: Crobat|30\/100|[from] Recoil\n|faint|p1a: Gyarados\n|\n|-heal|p2a: Crobat|36\/100|[from] item: Black Sludge\n|upkeep\n|\n|t:|1599067516\n|switch|p1a: Weavile|Weavile, M|100\/100\n|turn|14\n|\n|t:|1599067519\n|move|p1a: Weavile|Ice Shard|p2a: Crobat\n|-supereffective|p2a: Crobat\n|-damage|p2a: Crobat|0 fnt\n|faint|p2a: Crobat\n|\n|upkeep\n|\n|t:|1599067526\n|switch|p2a: Dialga|Dialga|100\/100\n|-ability|p2a: Dialga|Pressure\n|turn|15\n|\n|t:|1599067532\n|move|p1a: Weavile|Low Kick|p2a: Dialga\n|-supereffective|p2a: Dialga\n|-damage|p2a: Dialga|38\/100\n|move|p2a: Dialga|Aura Sphere|p1a: Weavile\n|-supereffective|p1a: Weavile\n|-enditem|p1a: Weavile|Focus Sash\n|-damage|p1a: Weavile|1\/100\n|\n|upkeep\n|turn|16\n|\n|t:|1599067540\n|move|p1a: Weavile|Low Kick|p2a: Dialga\n|-supereffective|p2a: Dialga\n|-crit|p2a: Dialga\n|-damage|p2a: Dialga|0 fnt\n|faint|p2a: Dialga\n|\n|upkeep\n|\n|t:|1599067555\n|switch|p2a: Weavile|Weavile, F|100\/100\n|-ability|p2a: Weavile|Pressure\n|turn|17\n|\n|t:|1599067558\n|move|p2a: Weavile|Ice Shard|p1a: Weavile\n|-resisted|p1a: Weavile\n|-damage|p1a: Weavile|0 fnt\n|faint|p1a: Weavile\n|\n|upkeep\n|\n|t:|1599067562\n|switch|p1a: Dialga|Dialga|100\/100\n|-ability|p1a: Dialga|Pressure\n|turn|18\n|j| FatFighter2\n|l| FatFighter2\n|\n|t:|1599067572\n|switch|p2a: Honchkrow|Honchkrow, F|100\/100\n|move|p1a: Dialga|Flash Cannon|p2a: Honchkrow\n|-damage|p2a: Honchkrow|27\/100\n|\n|upkeep\n|turn|19\n|\n|t:|1599067577\n|move|p2a: Honchkrow|Superpower|p1a: Dialga\n|-supereffective|p1a: Dialga\n|-damage|p1a: Dialga|51\/100\n|-unboost|p2a: Honchkrow|atk|1\n|-unboost|p2a: Honchkrow|def|1\n|move|p1a: Dialga|Flash Cannon|p2a: Honchkrow\n|-damage|p2a: Honchkrow|0 fnt\n|faint|p2a: Honchkrow\n|\n|-heal|p1a: Dialga|57\/100|[from] item: Leftovers\n|upkeep\n|\n|t:|1599067584\n|switch|p2a: Weavile|Weavile, F|100\/100\n|-ability|p2a: Weavile|Pressure\n|turn|20\n|\n|t:|1599067587\n|move|p2a: Weavile|Low Kick|p1a: Dialga\n|-supereffective|p1a: Dialga\n|-damage|p1a: Dialga|6\/100\n|move|p1a: Dialga|Flash Cannon|p2a: Weavile\n|-supereffective|p2a: Weavile\n|-crit|p2a: Weavile\n|-damage|p2a: Weavile|0 fnt\n|faint|p2a: Weavile\n|\n|win|premmalhotra\n","uploadtime":1599067590,"views":3,"p1id":"premmalhotra","p2id":"delchef","formatid":"gen8nationaldex","rating":0,"private":0,"password":null}