{"id":"gen8ou-1612241254","p1":"SKIP THE DRIP","p2":"bosmang 2184","format":"gen8ou","log":"|j|\u2606SKIP THE DRIP\n|j|\u2606bosmang 2184\n|t:|1657202343\n|gametype|singles\n|player|p1|SKIP THE DRIP|policeman-gen4|1739\n|player|p2|bosmang 2184|skierf-gen4dp|1735\n|teamsize|p1|6\n|teamsize|p2|6\n|gen|8\n|tier|[Gen 8] OU\n|rated|\n|rule|Sleep Clause Mod: Limit one foe put to sleep\n|rule|Species Clause: Limit one of each Pok\u00e9mon\n|rule|OHKO Clause: OHKO moves are banned\n|rule|Evasion Moves Clause: Evasion moves are banned\n|rule|Endless Battle Clause: Forcing endless battles is banned\n|rule|HP Percentage Mod: HP is shown in percentages\n|rule|Dynamax Clause: You cannot dynamax\n|clearpoke\n|poke|p1|Flygon, F|\n|poke|p1|Blissey, F|\n|poke|p1|Magnezone|\n|poke|p1|Clefable, F|\n|poke|p1|Cresselia, F|\n|poke|p1|Toxapex, F|\n|poke|p2|Corviknight, M|\n|poke|p2|Volcarona, F|\n|poke|p2|Swampert, M|\n|poke|p2|Weavile, F|\n|poke|p2|Slowking-Galar, M|\n|poke|p2|Dragonite, F|\n|teampreview\n|inactive|Battle timer is ON: inactive players will automatically lose when time's up. (requested by SKIP THE DRIP)\n|c|\u2606bosmang 2184|[09:58] SKIP THE DRIP: im goin back to stallin\n|c|\u2606bosmang 2184|wtf bro...\n|j| IstanGen4\n|c|\u2606SKIP THE DRIP|naw\n|c|\u2606SKIP THE DRIP|im sorry\n|\n|t:|1657202374\n|start\n|switch|p1a: Flygon|Flygon, F|100\/100\n|switch|p2a: Swampert|Swampert, M|100\/100\n|turn|1\n|\n|t:|1657202378\n|move|p1a: Flygon|Toxic|p2a: Swampert\n|-status|p2a: Swampert|tox\n|move|p2a: Swampert|Stealth Rock|p1a: Flygon\n|-sidestart|p1: SKIP THE DRIP|move: Stealth Rock\n|\n|-damage|p2a: Swampert|94\/100 tox|[from] psn\n|upkeep\n|turn|2\n|\n|t:|1657202381\n|move|p1a: Flygon|Defog|p2a: Swampert\n|-unboost|p2a: Swampert|evasion|1\n|-sideend|p1: SKIP THE DRIP|Stealth Rock|[from] move: Defog|[of] p1a: Flygon\n|move|p2a: Swampert|Flip Turn|p1a: Flygon\n|-damage|p1a: Flygon|74\/100\n|\n|t:|1657202384\n|switch|p2a: Weavile|Weavile, F|100\/100|[from]move: Flip Turn\n|-ability|p2a: Weavile|Pressure\n|\n|-heal|p1a: Flygon|80\/100|[from] item: Leftovers\n|upkeep\n|turn|3\n|\n|t:|1657202386\n|switch|p1a: Toxapex|Toxapex, F, shiny|100\/100\n|move|p2a: Weavile|Knock Off|p1a: Toxapex\n|-damage|p1a: Toxapex|54\/100\n|-damage|p2a: Weavile|84\/100|[from] item: Rocky Helmet|[of] p1a: Toxapex\n|-enditem|p1a: Toxapex|Rocky Helmet|[from] move: Knock Off|[of] p2a: Weavile\n|\n|upkeep\n|turn|4\n|\n|t:|1657202390\n|switch|p2a: Swampert|Swampert, M|94\/100 tox\n|move|p1a: Toxapex|Recover|p1a: Toxapex\n|-heal|p1a: Toxapex|100\/100\n|\n|-heal|p2a: Swampert|100\/100 tox|[from] item: Leftovers\n|-damage|p2a: Swampert|94\/100 tox|[from] psn\n|upkeep\n|turn|5\n|\n|t:|1657202393\n|switch|p1a: Flygon|Flygon, F|80\/100\n|move|p2a: Swampert|Stealth Rock|p1a: Flygon\n|-sidestart|p1: SKIP THE DRIP|move: Stealth Rock\n|\n|-heal|p1a: Flygon|86\/100|[from] item: Leftovers\n|-heal|p2a: Swampert|100\/100 tox|[from] item: Leftovers\n|-damage|p2a: Swampert|88\/100 tox|[from] psn\n|upkeep\n|turn|6\n|\n|t:|1657202396\n|move|p1a: Flygon|Defog|p2a: Swampert\n|-unboost|p2a: Swampert|evasion|1\n|-sideend|p1: SKIP THE DRIP|Stealth Rock|[from] move: Defog|[of] p1a: Flygon\n|move|p2a: Swampert|Yawn|p1a: Flygon\n|-start|p1a: Flygon|move: Yawn|[of] p2a: Swampert\n|\n|-heal|p1a: Flygon|92\/100|[from] item: Leftovers\n|-heal|p2a: Swampert|94\/100 tox|[from] item: Leftovers\n|-damage|p2a: Swampert|76\/100 tox|[from] psn\n|upkeep\n|turn|7\n|\n|t:|1657202400\n|switch|p1a: Blissey|Blissey, F|100\/100\n|move|p2a: Swampert|Stealth Rock|p1a: Blissey\n|-sidestart|p1: SKIP THE DRIP|move: Stealth Rock\n|\n|-heal|p2a: Swampert|82\/100 tox|[from] item: Leftovers\n|-damage|p2a: Swampert|57\/100 tox|[from] psn\n|upkeep\n|turn|8\n|\n|t:|1657202404\n|move|p2a: Swampert|Flip Turn|p1a: Blissey\n|-damage|p1a: Blissey|79\/100\n|-damage|p2a: Swampert|40\/100 tox|[from] item: Rocky Helmet|[of] p1a: Blissey\n|\n|t:|1657202407\n|switch|p2a: Weavile|Weavile, F|84\/100|[from]move: Flip Turn\n|-ability|p2a: Weavile|Pressure\n|move|p1a: Blissey|Stealth Rock|p2a: Weavile\n|-sidestart|p2: bosmang 2184|move: Stealth Rock\n|\n|upkeep\n|turn|9\n|j| kind of liked it\n|\n|t:|1657202413\n|switch|p2a: Slowking|Slowking-Galar, M|100\/100\n|-damage|p2a: Slowking|88\/100|[from] Stealth Rock\n|switch|p1a: Toxapex|Toxapex, F, shiny|100\/100\n|-damage|p1a: Toxapex|88\/100|[from] Stealth Rock\n|\n|upkeep\n|turn|10\n|\n|t:|1657202419\n|switch|p1a: Blissey|Blissey, F|79\/100\n|-damage|p1a: Blissey|67\/100|[from] Stealth Rock\n|move|p2a: Slowking|Future Sight|p1a: Blissey\n|-start|p2a: Slowking|move: Future Sight\n|\n|upkeep\n|turn|11\n|\n|t:|1657202428\n|switch|p2a: Corviknight|Corviknight, M, shiny|100\/100\n|-damage|p2a: Corviknight|88\/100|[from] Stealth Rock\n|-ability|p2a: Corviknight|Pressure\n|move|p1a: Blissey|Toxic|p2a: Corviknight\n|-immune|p2a: Corviknight\n|\n|upkeep\n|turn|12\n|j| deafy3\n|\n|t:|1657202441\n|switch|p1a: Cresselia|Cresselia, F, shiny|100\/100\n|-damage|p1a: Cresselia|88\/100|[from] Stealth Rock\n|move|p2a: Corviknight|Body Press|p1a: Cresselia\n|-resisted|p1a: Cresselia\n|-damage|p1a: Cresselia|81\/100\n|\n|-end|p1a: Cresselia|move: Future Sight\n|-resisted|p1a: Cresselia\n|-damage|p1a: Cresselia|63\/100\n|-heal|p1a: Cresselia|69\/100|[from] item: Leftovers\n|upkeep\n|turn|13\n|\n|t:|1657202446\n|switch|p1a: Toxapex|Toxapex, F, shiny|100\/100\n|-damage|p1a: Toxapex|88\/100|[from] Stealth Rock\n|move|p2a: Corviknight|U-turn|p1a: Toxapex\n|-resisted|p1a: Toxapex\n|-damage|p1a: Toxapex|84\/100\n|\n|t:|1657202449\n|switch|p2a: Slowking|Slowking-Galar, M|100\/100|[from]move: U-turn\n|-damage|p2a: Slowking|88\/100|[from] Stealth Rock\n|\n|upkeep\n|turn|14\n|\n|t:|1657202459\n|switch|p1a: Flygon|Flygon, F|92\/100\n|-damage|p1a: Flygon|86\/100|[from] Stealth Rock\n|move|p2a: Slowking|Future Sight|p1a: Flygon\n|-start|p2a: Slowking|move: Future Sight\n|\n|-heal|p1a: Flygon|92\/100|[from] item: Leftovers\n|upkeep\n|turn|15\n|\n|t:|1657202465\n|switch|p2a: Corviknight|Corviknight, M, shiny|88\/100\n|-damage|p2a: Corviknight|76\/100|[from] Stealth Rock\n|-ability|p2a: Corviknight|Pressure\n|move|p1a: Flygon|Defog|p2a: Corviknight\n|-unboost|p2a: Corviknight|evasion|1\n|-sideend|p2: bosmang 2184|Stealth Rock|[from] move: Defog|[of] p1a: Flygon\n|-sideend|p1: SKIP THE DRIP|Stealth Rock|[from] move: Defog|[of] p1a: Flygon\n|\n|-heal|p1a: Flygon|98\/100|[from] item: Leftovers\n|upkeep\n|turn|16\n|\n|t:|1657202477\n|switch|p1a: Cresselia|Cresselia, F, shiny|69\/100\n|move|p2a: Corviknight|U-turn|p1a: Cresselia\n|-supereffective|p1a: Cresselia\n|-damage|p1a: Cresselia|53\/100\n|\n|t:|1657202486\n|switch|p2a: Weavile|Weavile, F|84\/100|[from]move: U-turn\n|-ability|p2a: Weavile|Pressure\n|\n|-end|p1a: Cresselia|move: Future Sight\n|-resisted|p1a: Cresselia\n|-damage|p1a: Cresselia|35\/100\n|-heal|p1a: Cresselia|41\/100|[from] item: Leftovers\n|upkeep\n|turn|17\n|\n|t:|1657202490\n|switch|p2a: Slowking|Slowking-Galar, M|100\/100\n|switch|p1a: Toxapex|Toxapex, F, shiny|100\/100\n|\n|upkeep\n|turn|18\n|\n|t:|1657202497\n|switch|p1a: Blissey|Blissey, F|67\/100\n|move|p2a: Slowking|Future Sight|p1a: Blissey\n|-start|p2a: Slowking|move: Future Sight\n|\n|upkeep\n|turn|19\n|j| ash_won_kalos\n|\n|t:|1657202500\n|switch|p2a: Weavile|Weavile, F|84\/100\n|-ability|p2a: Weavile|Pressure\n|move|p1a: Blissey|Stealth Rock|p2a: Weavile\n|-sidestart|p2: bosmang 2184|move: Stealth Rock\n|\n|upkeep\n|turn|20\n|\n|t:|1657202510\n|move|p2a: Weavile|Triple Axel|p1a: Blissey\n|-damage|p1a: Blissey|55\/100\n|-damage|p2a: Weavile|68\/100|[from] item: Rocky Helmet|[of] p1a: Blissey\n|-hitcount|p1a: Blissey|1\n|move|p1a: Blissey|Toxic|p2a: Weavile|[miss]\n|-miss|p1a: Blissey|p2a: Weavile\n|\n|-end|p1a: Blissey|move: Future Sight\n|-damage|p1a: Blissey|31\/100\n|upkeep\n|turn|21\n|\n|t:|1657202519\n|switch|p2a: Swampert|Swampert, M|40\/100 tox\n|-damage|p2a: Swampert|34\/100 tox|[from] Stealth Rock\n|switch|p1a: Toxapex|Toxapex, F, shiny|100\/100\n|\n|-heal|p2a: Swampert|40\/100 tox|[from] item: Leftovers\n|-damage|p2a: Swampert|34\/100 tox|[from] psn\n|upkeep\n|turn|22\n|\n|t:|1657202527\n|switch|p1a: Blissey|Blissey, F|31\/100\n|move|p2a: Swampert|Stealth Rock|p1a: Blissey\n|-sidestart|p1: SKIP THE DRIP|move: Stealth Rock\n|\n|-heal|p2a: Swampert|40\/100 tox|[from] item: Leftovers\n|-damage|p2a: Swampert|28\/100 tox|[from] psn\n|upkeep\n|turn|23\n|\n|t:|1657202531\n|move|p2a: Swampert|Earthquake|p1a: Blissey\n|-damage|p1a: Blissey|0 fnt\n|faint|p1a: Blissey\n|\n|-heal|p2a: Swampert|34\/100 tox|[from] item: Leftovers\n|-damage|p2a: Swampert|16\/100 tox|[from] psn\n|upkeep\n|\n|t:|1657202534\n|switch|p1a: Clefable|Clefable, F|100\/100\n|-damage|p1a: Clefable|88\/100|[from] Stealth Rock\n|turn|24\n|c|\u2606bosmang 2184|clutch\n|\n|t:|1657202540\n|move|p1a: Clefable|Moonblast|p2a: Swampert\n|-damage|p2a: Swampert|0 fnt\n|faint|p2a: Swampert\n|\n|-heal|p1a: Clefable|94\/100|[from] item: Leftovers\n|upkeep\n|\n|t:|1657202543\n|switch|p2a: Slowking|Slowking-Galar, M|100\/100\n|-damage|p2a: Slowking|88\/100|[from] Stealth Rock\n|turn|25\n|\n|t:|1657202549\n|switch|p1a: Flygon|Flygon, F|98\/100\n|-damage|p1a: Flygon|92\/100|[from] Stealth Rock\n|move|p2a: Slowking|Future Sight|p1a: Flygon\n|-start|p2a: Slowking|move: Future Sight\n|\n|-heal|p1a: Flygon|98\/100|[from] item: Leftovers\n|upkeep\n|turn|26\n|\n|t:|1657202554\n|move|p1a: Flygon|Toxic|p2a: Slowking\n|-immune|p2a: Slowking\n|move|p2a: Slowking|Flamethrower|p1a: Flygon\n|-resisted|p1a: Flygon\n|-damage|p1a: Flygon|86\/100\n|\n|-heal|p1a: Flygon|92\/100|[from] item: Leftovers\n|upkeep\n|turn|27\n|\n|t:|1657202567\n|switch|p2a: Corviknight|Corviknight, M, shiny|76\/100\n|-damage|p2a: Corviknight|64\/100|[from] Stealth Rock\n|-ability|p2a: Corviknight|Pressure\n|move|p1a: Flygon|Defog|p2a: Corviknight\n|-unboost|p2a: Corviknight|evasion|1\n|-sideend|p2: bosmang 2184|Stealth Rock|[from] move: Defog|[of] p1a: Flygon\n|-sideend|p1: SKIP THE DRIP|Stealth Rock|[from] move: Defog|[of] p1a: Flygon\n|\n|-end|p1a: Flygon|move: Future Sight\n|-damage|p1a: Flygon|44\/100\n|-heal|p1a: Flygon|50\/100|[from] item: Leftovers\n|upkeep\n|turn|28\n|\n|t:|1657202570\n|move|p1a: Flygon|Roost|p1a: Flygon\n|-heal|p1a: Flygon|99\/100\n|-singleturn|p1a: Flygon|move: Roost\n|move|p2a: Corviknight|U-turn|p1a: Flygon\n|-damage|p1a: Flygon|84\/100\n|\n|t:|1657202575\n|switch|p2a: Slowking|Slowking-Galar, M|100\/100|[from]move: U-turn\n|\n|-heal|p1a: Flygon|90\/100|[from] item: Leftovers\n|upkeep\n|turn|29\n|\n|t:|1657202578\n|move|p1a: Flygon|Earthquake|p2a: Slowking\n|-supereffective|p2a: Slowking\n|-damage|p2a: Slowking|30\/100\n|move|p2a: Slowking|Future Sight|p1a: Flygon\n|-start|p2a: Slowking|move: Future Sight\n|\n|-heal|p1a: Flygon|96\/100|[from] item: Leftovers\n|upkeep\n|turn|30\n|\n|t:|1657202584\n|switch|p1a: Magnezone|Magnezone|100\/100\n|switch|p2a: Volcarona|Volcarona, F|100\/100\n|\n|upkeep\n|turn|31\n|\n|t:|1657202591\n|move|p2a: Volcarona|Fiery Dance|p1a: Magnezone\n|-supereffective|p1a: Magnezone\n|-damage|p1a: Magnezone|13\/100\n|move|p1a: Magnezone|Toxic|p2a: Volcarona\n|-status|p2a: Volcarona|tox\n|\n|-end|p1a: Magnezone|move: Future Sight\n|-resisted|p1a: Magnezone\n|-damage|p1a: Magnezone|0 fnt\n|faint|p1a: Magnezone\n|-damage|p2a: Volcarona|94\/100 tox|[from] psn\n|upkeep\n|\n|t:|1657202597\n|switch|p1a: Cresselia|Cresselia, F, shiny|41\/100\n|turn|32\n|\n|t:|1657202601\n|move|p2a: Volcarona|Bug Buzz|p1a: Cresselia\n|-supereffective|p1a: Cresselia\n|-damage|p1a: Cresselia|0 fnt\n|faint|p1a: Cresselia\n|\n|-damage|p2a: Volcarona|82\/100 tox|[from] psn\n|upkeep\n|\n|t:|1657202606\n|switch|p1a: Clefable|Clefable, F|94\/100\n|turn|33\n|\n|t:|1657202610\n|switch|p2a: Slowking|Slowking-Galar, M|63\/100\n|move|p1a: Clefable|Knock Off|p2a: Slowking\n|-supereffective|p2a: Slowking\n|-damage|p2a: Slowking|32\/100\n|-enditem|p2a: Slowking|Assault Vest|[from] move: Knock Off|[of] p1a: Clefable\n|\n|-heal|p1a: Clefable|99\/100|[from] item: Leftovers\n|upkeep\n|turn|34\n|\n|t:|1657202616\n|move|p1a: Clefable|Knock Off|p2a: Slowking\n|-supereffective|p2a: Slowking\n|-damage|p2a: Slowking|12\/100\n|move|p2a: Slowking|Sludge Bomb|p1a: Clefable\n|-supereffective|p1a: Clefable\n|-damage|p1a: Clefable|9\/100\n|\n|-heal|p1a: Clefable|15\/100|[from] item: Leftovers\n|upkeep\n|turn|35\n|\n|t:|1657202623\n|switch|p2a: Corviknight|Corviknight, M, shiny|64\/100\n|-ability|p2a: Corviknight|Pressure\n|move|p1a: Clefable|Moonblast|p2a: Corviknight\n|-resisted|p2a: Corviknight\n|-damage|p2a: Corviknight|48\/100\n|-unboost|p2a: Corviknight|spa|1\n|\n|-heal|p1a: Clefable|21\/100|[from] item: Leftovers\n|upkeep\n|turn|36\n|\n|t:|1657202626\n|move|p2a: Corviknight|Roost|p2a: Corviknight\n|-heal|p2a: Corviknight|98\/100\n|-singleturn|p2a: Corviknight|move: Roost\n|move|p1a: Clefable|Soft-Boiled|p1a: Clefable\n|-heal|p1a: Clefable|71\/100\n|\n|-heal|p1a: Clefable|77\/100|[from] item: Leftovers\n|upkeep\n|turn|37\n|\n|t:|1657202632\n|switch|p1a: Toxapex|Toxapex, F, shiny|100\/100\n|move|p2a: Corviknight|U-turn|p1a: Toxapex\n|-resisted|p1a: Toxapex\n|-damage|p1a: Toxapex|97\/100\n|\n|t:|1657202633\n|switch|p2a: Slowking|Slowking-Galar, M|46\/100|[from]move: U-turn\n|\n|upkeep\n|turn|38\n|\n|t:|1657202653\n|move|p1a: Toxapex|Block|p2a: Slowking\n|-activate|p2a: Slowking|trapped\n|move|p2a: Slowking|Future Sight|p1a: Toxapex\n|-start|p2a: Slowking|move: Future Sight\n|\n|upkeep\n|turn|39\n|\n|t:|1657202658\n|move|p1a: Toxapex|Spite|p2a: Slowking\n|-activate|p2a: Slowking|move: Spite|Future Sight|4\n|move|p2a: Slowking|Surf|p1a: Toxapex\n|-resisted|p1a: Toxapex\n|-damage|p1a: Toxapex|84\/100\n|\n|upkeep\n|turn|40\n|\n|t:|1657202665\n|switch|p1a: Flygon|Flygon, F|96\/100\n|move|p2a: Slowking|Sludge Bomb|p1a: Flygon\n|-resisted|p1a: Flygon\n|-damage|p1a: Flygon|79\/100\n|\n|-end|p1a: Flygon|move: Future Sight\n|-damage|p1a: Flygon|28\/100\n|-heal|p1a: Flygon|34\/100|[from] item: Leftovers\n|upkeep\n|turn|41\n|\n|t:|1657202670\n|switch|p2a: Corviknight|Corviknight, M, shiny|98\/100\n|-ability|p2a: Corviknight|Pressure\n|move|p1a: Flygon|Roost|p1a: Flygon\n|-heal|p1a: Flygon|84\/100\n|-singleturn|p1a: Flygon|move: Roost\n|\n|-heal|p1a: Flygon|90\/100|[from] item: Leftovers\n|upkeep\n|turn|42\n|\n|t:|1657202676\n|switch|p1a: Toxapex|Toxapex, F, shiny|100\/100\n|move|p2a: Corviknight|U-turn|p1a: Toxapex\n|-resisted|p1a: Toxapex\n|-damage|p1a: Toxapex|96\/100\n|\n|t:|1657202689\n|switch|p2a: Weavile|Weavile, F|68\/100|[from]move: U-turn\n|-ability|p2a: Weavile|Pressure\n|\n|upkeep\n|turn|43\n|\n|t:|1657202703\n|move|p2a: Weavile|Psycho Cut|p1a: Toxapex\n|-supereffective|p1a: Toxapex\n|-damage|p1a: Toxapex|53\/100\n|move|p1a: Toxapex|Toxic Spikes|p2a: Weavile\n|-sidestart|p2: bosmang 2184|move: Toxic Spikes\n|\n|upkeep\n|turn|44\n|\n|t:|1657202712\n|switch|p2a: Corviknight|Corviknight, M, shiny|98\/100\n|-ability|p2a: Corviknight|Pressure\n|move|p1a: Toxapex|Recover|p1a: Toxapex\n|-heal|p1a: Toxapex|100\/100\n|\n|upkeep\n|turn|45\n|\n|t:|1657202716\n|switch|p1a: Clefable|Clefable, F|77\/100\n|move|p2a: Corviknight|U-turn|p1a: Clefable\n|-resisted|p1a: Clefable\n|-damage|p1a: Clefable|72\/100\n|c|\u2606SKIP THE DRIP|ayo\n|\n|t:|1657202718\n|switch|p2a: Slowking|Slowking-Galar, M|79\/100|[from]move: U-turn\n|-sideend|p2: bosmang 2184|move: Toxic Spikes|[of] p2a: Slowking\n|\n|-heal|p1a: Clefable|78\/100|[from] item: Leftovers\n|upkeep\n|turn|46\n|j| tyt\u222fYui\u21bb\n|c|\u2606bosmang 2184|im trying to find a wincon\n|c|\u2606bosmang 2184|pex is really fat\n|\n|t:|1657202733\n|switch|p1a: Flygon|Flygon, F|90\/100\n|move|p2a: Slowking|Sludge Bomb|p1a: Flygon\n|-resisted|p1a: Flygon\n|-damage|p1a: Flygon|70\/100\n|\n|-heal|p1a: Flygon|76\/100|[from] item: Leftovers\n|upkeep\n|turn|47\n|c| deafy3|bosmang you can t win\n|\n|t:|1657202737\n|switch|p1a: Toxapex|Toxapex, F, shiny|100\/100\n|switch|p2a: Corviknight|Corviknight, M, shiny|98\/100\n|-ability|p2a: Corviknight|Pressure\n|\n|upkeep\n|turn|48\n|c|\u2606bosmang 2184|yes i can\n|c|\u2606bosmang 2184|by pp\n|c|\u2606bosmang 2184|like\n|c|\u2606bosmang 2184|its 5-3\n|n| tyt&Yui\u21bb|tytyui\n|\n|t:|1657202756\n|move|p2a: Corviknight|U-turn|p1a: Toxapex\n|-resisted|p1a: Toxapex\n|-damage|p1a: Toxapex|97\/100\n|\n|t:|1657202766\n|switch|p2a: Dragonite|Dragonite, F, shiny|100\/100|[from]move: U-turn\n|move|p1a: Toxapex|Block|p2a: Dragonite\n|-activate|p2a: Dragonite|trapped\n|\n|upkeep\n|turn|49\n|\n|t:|1657202771\n|move|p2a: Dragonite|Earthquake|p1a: Toxapex\n|-supereffective|p1a: Toxapex\n|-damage|p1a: Toxapex|55\/100\n|move|p1a: Toxapex|Spite|p2a: Dragonite\n|-activate|p2a: Dragonite|move: Spite|Earthquake|4\n|\n|upkeep\n|turn|50\n|\n|t:|1657202777\n|move|p2a: Dragonite|Dragon Dance|p2a: Dragonite\n|-boost|p2a: Dragonite|atk|1\n|-boost|p2a: Dragonite|spe|1\n|move|p1a: Toxapex|Spite|p2a: Dragonite\n|-activate|p2a: Dragonite|move: Spite|Dragon Dance|4\n|\n|upkeep\n|turn|51\n|j| Woody Fox\n|\n|t:|1657202782\n|switch|p1a: Clefable|Clefable, F|78\/100\n|move|p2a: Dragonite|Earthquake|p1a: Clefable\n|-crit|p1a: Clefable\n|-damage|p1a: Clefable|35\/100\n|\n|-heal|p1a: Clefable|41\/100|[from] item: Leftovers\n|upkeep\n|turn|52\n|l| Woody Fox\n|\n|t:|1657202790\n|switch|p2a: Slowking|Slowking-Galar, M|100\/100\n|move|p1a: Clefable|Soft-Boiled|p1a: Clefable\n|-heal|p1a: Clefable|91\/100\n|\n|-heal|p1a: Clefable|97\/100|[from] item: Leftovers\n|upkeep\n|turn|53\n|\n|t:|1657202792\n|switch|p1a: Toxapex|Toxapex, F, shiny|88\/100\n|move|p2a: Slowking|Future Sight|p1a: Toxapex\n|-start|p2a: Slowking|move: Future Sight\n|\n|upkeep\n|turn|54\n|\n|t:|1657202801\n|switch|p2a: Weavile|Weavile, F|68\/100\n|-ability|p2a: Weavile|Pressure\n|move|p1a: Toxapex|Spite||[still]\n|-fail|p1a: Toxapex\n|\n|upkeep\n|turn|55\n|inactive|SKIP THE DRIP has 120 seconds left.\n|\n|t:|1657202836\n|switch|p1a: Flygon|Flygon, F|76\/100\n|move|p2a: Weavile|Triple Axel|p1a: Flygon\n|-supereffective|p1a: Flygon\n|-damage|p1a: Flygon|9\/100\n|-supereffective|p1a: Flygon\n|-damage|p1a: Flygon|0 fnt\n|faint|p1a: Flygon\n|-hitcount|p1: Flygon|2\n|\n|-hint|Future Sight did not hit because the target is fainted.\n|upkeep\n|\n|t:|1657202838\n|switch|p1a: Toxapex|Toxapex, F, shiny|100\/100\n|turn|56\n|j| loking887\n|\n|t:|1657202844\n|switch|p2a: Dragonite|Dragonite, F, shiny|100\/100\n|move|p1a: Toxapex|Block|p2a: Dragonite\n|-activate|p2a: Dragonite|trapped\n|\n|upkeep\n|turn|57\n|c| deafy3|gg\n|\n|t:|1657202848\n|move|p2a: Dragonite|Dragon Dance|p2a: Dragonite\n|-boost|p2a: Dragonite|atk|1\n|-boost|p2a: Dragonite|spe|1\n|move|p1a: Toxapex|Spite|p2a: Dragonite\n|-activate|p2a: Dragonite|move: Spite|Dragon Dance|4\n|\n|upkeep\n|turn|58\n|c|\u2606bosmang 2184|gg\n|\n|t:|1657202852\n|switch|p1a: Clefable|Clefable, F|97\/100\n|move|p2a: Dragonite|Earthquake|p1a: Clefable\n|-damage|p1a: Clefable|68\/100\n|\n|-heal|p1a: Clefable|74\/100|[from] item: Leftovers\n|upkeep\n|turn|59\n|c|\u2606bosmang 2184|ugh\n|\n|t:|1657202861\n|switch|p2a: Corviknight|Corviknight, M, shiny|98\/100\n|-ability|p2a: Corviknight|Pressure\n|switch|p1a: Toxapex|Toxapex, F, shiny|100\/100\n|\n|upkeep\n|turn|60\n|\n|t:|1657202864\n|move|p2a: Corviknight|Defog|p1a: Toxapex\n|-unboost|p1a: Toxapex|evasion|1\n|move|p1a: Toxapex|Toxic Spikes|p2a: Corviknight\n|-sidestart|p2: bosmang 2184|move: Toxic Spikes\n|\n|upkeep\n|turn|61\n|\n|t:|1657202871\n|move|p2a: Corviknight|Defog|p1a: Toxapex\n|-unboost|p1a: Toxapex|evasion|1\n|-sideend|p2: bosmang 2184|Toxic Spikes|[from] move: Defog|[of] p2a: Corviknight\n|move|p1a: Toxapex|Spite|p2a: Corviknight\n|-activate|p2a: Corviknight|move: Spite|Defog|4\n|\n|upkeep\n|turn|62\n|\n|t:|1657202885\n|move|p2a: Corviknight|U-turn|p1a: Toxapex\n|-resisted|p1a: Toxapex\n|-damage|p1a: Toxapex|96\/100\n|\n|t:|1657202887\n|switch|p2a: Slowking|Slowking-Galar, M|100\/100|[from]move: U-turn\n|move|p1a: Toxapex|Toxic Spikes|p2a: Slowking\n|-sidestart|p2: bosmang 2184|move: Toxic Spikes\n|\n|upkeep\n|turn|63\n|\n|t:|1657202890\n|move|p1a: Toxapex|Block|p2a: Slowking\n|-activate|p2a: Slowking|trapped\n|move|p2a: Slowking|Sludge Bomb|p1a: Toxapex\n|-resisted|p1a: Toxapex\n|-damage|p1a: Toxapex|76\/100\n|\n|upkeep\n|turn|64\n|\n|t:|1657202898\n|move|p1a: Toxapex|Toxic Spikes|p2a: Slowking\n|-sidestart|p2: bosmang 2184|move: Toxic Spikes\n|move|p2a: Slowking|Future Sight|p1a: Toxapex\n|-start|p2a: Slowking|move: Future Sight\n|\n|upkeep\n|turn|65\n|\n|t:|1657202901\n|move|p1a: Toxapex|Spite|p2a: Slowking\n|-activate|p2a: Slowking|move: Spite|Future Sight|4\n|move|p2a: Slowking|Sludge Bomb|p1a: Toxapex\n|-resisted|p1a: Toxapex\n|-damage|p1a: Toxapex|57\/100\n|\n|upkeep\n|turn|66\n|\n|t:|1657202909\n|move|p1a: Toxapex|Recover|p1a: Toxapex\n|-heal|p1a: Toxapex|100\/100\n|move|p2a: Slowking|Sludge Bomb|p1a: Toxapex\n|-resisted|p1a: Toxapex\n|-damage|p1a: Toxapex|80\/100\n|\n|-end|p1a: Toxapex|move: Future Sight\n|-supereffective|p1a: Toxapex\n|-damage|p1a: Toxapex|0 fnt\n|faint|p1a: Toxapex\n|upkeep\n|c|\u2606bosmang 2184|gg\n|-message|SKIP THE DRIP forfeited.\n|\n|win|bosmang 2184\n|raw|SKIP THE DRIP's rating: 1739 &rarr; <strong>1719<\/strong><br \/>(-20 for losing)\n|raw|bosmang 2184's rating: 1735 &rarr; <strong>1755<\/strong><br \/>(+20 for winning)\n|l|\u2606SKIP THE DRIP\n","uploadtime":1657202922,"views":17,"p1id":"skipthedrip","p2id":"bosmang2184","formatid":"gen8ou","rating":1719,"private":0,"password":null}