{"id":"gen8ou-1554502465","p1":"fishy8995","p2":"xppp","format":"gen8ou","log":"|j|\u2606fishy8995\n|j|\u2606xppp\n|t:|1650087410\n|gametype|singles\n|player|p1|fishy8995|102|1358\n|player|p2|xppp|dawn-gen4pt|1355\n|teamsize|p1|6\n|teamsize|p2|6\n|gen|8\n|tier|[Gen 8] OU\n|rated|\n|rule|Sleep Clause Mod: Limit one foe put to sleep\n|rule|Species Clause: Limit one of each Pok\u00e9mon\n|rule|OHKO Clause: OHKO moves are banned\n|rule|Evasion Moves Clause: Evasion moves are banned\n|rule|Endless Battle Clause: Forcing endless battles is banned\n|rule|HP Percentage Mod: HP is shown in percentages\n|rule|Dynamax Clause: You cannot dynamax\n|clearpoke\n|poke|p1|Hippowdon, M|\n|poke|p1|Tyranitar, M|\n|poke|p1|Excadrill, M|\n|poke|p1|Togekiss, F|\n|poke|p1|Toxapex, M|\n|poke|p1|Dracozolt|\n|poke|p2|Excadrill, F|\n|poke|p2|Garchomp, M|\n|poke|p2|Kartana|\n|poke|p2|Toxapex, M|\n|poke|p2|Tyranitar, F|\n|poke|p2|Landorus-Therian, M|\n|teampreview\n|\n|t:|1650087419\n|start\n|switch|p1a: Tyranitar|Tyranitar, M|100\/100\n|switch|p2a: Tyranitar|Tyranitar, F|100\/100\n|-weather|Sandstorm|[from] ability: Sand Stream|[of] p1a: Tyranitar\n|turn|1\n|\n|t:|1650087424\n|move|p1a: Tyranitar|Dragon Dance|p1a: Tyranitar\n|-boost|p1a: Tyranitar|atk|1\n|-boost|p1a: Tyranitar|spe|1\n|move|p2a: Tyranitar|Toxic|p1a: Tyranitar|[miss]\n|-miss|p2a: Tyranitar|p1a: Tyranitar\n|\n|-weather|Sandstorm|[upkeep]\n|upkeep\n|turn|2\n|\n|t:|1650087434\n|move|p1a: Tyranitar|Ice Punch|p2a: Tyranitar\n|-damage|p2a: Tyranitar|68\/100\n|move|p2a: Tyranitar|Stealth Rock|p1a: Tyranitar\n|-sidestart|p1: fishy8995|move: Stealth Rock\n|\n|-weather|Sandstorm|[upkeep]\n|-heal|p2a: Tyranitar|75\/100|[from] item: Leftovers\n|upkeep\n|turn|3\n|\n|t:|1650087441\n|switch|p2a: Toxapex|Toxapex, M|100\/100\n|move|p1a: Tyranitar|Dragon Dance|p1a: Tyranitar\n|-boost|p1a: Tyranitar|atk|1\n|-boost|p1a: Tyranitar|spe|1\n|\n|-weather|Sandstorm|[upkeep]\n|-damage|p2a: Toxapex|95\/100|[from] Sandstorm\n|upkeep\n|turn|4\n|\n|t:|1650087449\n|switch|p2a: Landorus|Landorus-Therian, M|100\/100\n|-ability|p2a: Landorus|Intimidate|boost\n|-unboost|p1a: Tyranitar|atk|1\n|move|p1a: Tyranitar|Stone Edge|p2a: Landorus\n|-damage|p2a: Landorus|40\/100\n|\n|-weather|Sandstorm|[upkeep]\n|-heal|p2a: Landorus|46\/100|[from] item: Leftovers\n|upkeep\n|turn|5\n|\n|t:|1650087459\n|move|p1a: Tyranitar|Stone Edge|p2a: Landorus\n|-crit|p2a: Landorus\n|-damage|p2a: Landorus|0 fnt\n|faint|p2a: Landorus\n|\n|-weather|none\n|upkeep\n|\n|t:|1650087463\n|switch|p2a: Toxapex|Toxapex, M|100\/100\n|turn|6\n|\n|t:|1650087467\n|move|p1a: Tyranitar|Stone Edge|p2a: Toxapex|[miss]\n|-miss|p1a: Tyranitar|p2a: Toxapex\n|move|p2a: Toxapex|Toxic Spikes|p1a: Tyranitar\n|-sidestart|p1: fishy8995|move: Toxic Spikes\n|\n|upkeep\n|turn|7\n|\n|t:|1650087470\n|move|p1a: Tyranitar|Stone Edge|p2a: Toxapex\n|-damage|p2a: Toxapex|49\/100\n|move|p2a: Toxapex|Toxic Spikes|p1a: Tyranitar\n|-sidestart|p1: fishy8995|move: Toxic Spikes\n|\n|upkeep\n|turn|8\n|\n|t:|1650087480\n|switch|p2a: Tyranitar|Tyranitar, F|75\/100\n|-weather|Sandstorm|[from] ability: Sand Stream|[of] p2a: Tyranitar\n|move|p1a: Tyranitar|Dragon Dance|p1a: Tyranitar\n|-boost|p1a: Tyranitar|atk|1\n|-boost|p1a: Tyranitar|spe|1\n|\n|-weather|Sandstorm|[upkeep]\n|-heal|p2a: Tyranitar|81\/100|[from] item: Leftovers\n|upkeep\n|turn|9\n|\n|t:|1650087491\n|move|p1a: Tyranitar|Stone Edge|p2a: Tyranitar\n|-damage|p2a: Tyranitar|0 fnt\n|faint|p2a: Tyranitar\n|\n|-weather|Sandstorm|[upkeep]\n|upkeep\n|\n|t:|1650087495\n|switch|p2a: Kartana|Kartana|100\/100\n|turn|10\n|\n|t:|1650087500\n|move|p1a: Tyranitar|Fire Punch|p2a: Kartana\n|-supereffective|p2a: Kartana\n|-damage|p2a: Kartana|0 fnt\n|faint|p2a: Kartana\n|\n|-weather|Sandstorm|[upkeep]\n|upkeep\n|\n|t:|1650087508\n|switch|p2a: Excadrill|Excadrill, F|100\/100\n|turn|11\n|\n|t:|1650087514\n|move|p2a: Excadrill|Rapid Spin|p1a: Tyranitar\n|-resisted|p1a: Tyranitar\n|-damage|p1a: Tyranitar|93\/100\n|-boost|p2a: Excadrill|spe|1\n|move|p1a: Tyranitar|Fire Punch|p2a: Excadrill\n|-supereffective|p2a: Excadrill\n|-damage|p2a: Excadrill|0 fnt\n|faint|p2a: Excadrill\n|\n|-weather|Sandstorm|[upkeep]\n|upkeep\n|\n|t:|1650087521\n|switch|p2a: Garchomp|Garchomp, M|100\/100\n|turn|12\n|\n|t:|1650087523\n|move|p1a: Tyranitar|Ice Punch|p2a: Garchomp\n|-supereffective|p2a: Garchomp\n|-damage|p2a: Garchomp|0 fnt\n|-damage|p1a: Tyranitar|80\/100|[from] ability: Rough Skin|[of] p2a: Garchomp\n|faint|p2a: Garchomp\n|\n|-weather|none\n|upkeep\n|-message|xppp forfeited.\n|\n|win|fishy8995\n|raw|fishy8995's rating: 1358 &rarr; <strong>1378<\/strong><br \/>(+20 for winning)\n|raw|xppp's rating: 1355 &rarr; <strong>1335<\/strong><br \/>(-20 for losing)\n|l|\u2606xppp\n","uploadtime":1650087533,"views":23,"p1id":"fishy8995","p2id":"xppp","formatid":"gen8ou","rating":1335,"private":0,"password":null}