{"id":"gen8anythinggoes-1686393497","p1":"yokobaby","p2":"Aglt5txkukurpuwali","format":"gen8anythinggoes","log":"|j|\u2606yokobaby\n|j|\u2606Aglt5txkukurpuwali\n|t:|1665843350\n|gametype|singles\n|player|p1|yokobaby|cynthia-masters|1867\n|player|p2|Aglt5txkukurpuwali|266|1997\n|teamsize|p1|6\n|teamsize|p2|6\n|gen|8\n|tier|[Gen 8] Anything Goes\n|rated|\n|rule|HP Percentage Mod: HP is shown in percentages\n|rule|Endless Battle Clause: Forcing endless battles is banned\n|clearpoke\n|poke|p1|Calyrex-Shadow|\n|poke|p1|Ho-Oh|\n|poke|p1|Zekrom|\n|poke|p1|Eternatus|\n|poke|p1|Yveltal|\n|poke|p1|Necrozma-Dusk-Mane|\n|poke|p2|Ferrothorn, F|\n|poke|p2|Groudon|\n|poke|p2|Marshadow|\n|poke|p2|Blissey, F|\n|poke|p2|Yveltal|\n|poke|p2|Necrozma-Dusk-Mane|\n|teampreview\n|inactive|Battle timer is ON: inactive players will automatically lose when time's up. (requested by Aglt5txkukurpuwali)\n|\n|t:|1665843359\n|start\n|switch|p1a: Yveltal|Yveltal|100\/100\n|switch|p2a: Marshadow|Marshadow|100\/100\n|-ability|p1a: Yveltal|Dark Aura\n|turn|1\n|\n|t:|1665843362\n|move|p2a: Marshadow|Close Combat|p1a: Yveltal\n|-damage|p1a: Yveltal|6\/100\n|-unboost|p2a: Marshadow|def|1\n|-unboost|p2a: Marshadow|spd|1\n|move|p1a: Yveltal|U-turn|p2a: Marshadow\n|-resisted|p2a: Marshadow\n|-damage|p2a: Marshadow|84\/100\n|\n|t:|1665843368\n|switch|p1a: Eternatus|Eternatus|100\/100|[from]move: U-turn\n|-ability|p1a: Eternatus|Pressure\n|\n|upkeep\n|turn|2\n|\n|t:|1665843373\n|switch|p2a: Necrozma|Necrozma-Dusk-Mane|100\/100\n|move|p1a: Eternatus|Mystical Fire|p2a: Necrozma\n|-supereffective|p2a: Necrozma\n|-damage|p2a: Necrozma|72\/100\n|-unboost|p2a: Necrozma|spa|1\n|\n|upkeep\n|turn|3\n|\n|t:|1665843378\n|switch|p1a: Yveltal|Yveltal|6\/100\n|-ability|p1a: Yveltal|Dark Aura\n|switch|p2a: Groudon|Groudon|100\/100\n|-weather|SunnyDay|[from] ability: Drought|[of] p2a: Groudon\n|\n|-weather|SunnyDay|[upkeep]\n|upkeep\n|turn|4\n|\n|t:|1665843384\n|move|p1a: Yveltal|Foul Play|p2a: Groudon\n|-damage|p2a: Groudon|56\/100\n|move|p2a: Groudon|Toxic|p1a: Yveltal\n|-status|p1a: Yveltal|tox\n|\n|-weather|SunnyDay|[upkeep]\n|-heal|p2a: Groudon|62\/100|[from] item: Leftovers\n|-damage|p1a: Yveltal|0 fnt|[from] psn\n|faint|p1a: Yveltal\n|upkeep\n|\n|t:|1665843391\n|switch|p1a: Zekrom|Zekrom|100\/100\n|-ability|p1a: Zekrom|Teravolt\n|turn|5\n|\n|t:|1665843396\n|-start|p2a: Groudon|Dynamax|\n|-heal|p2a: Groudon|62\/100|[silent]\n|move|p1a: Zekrom|Draco Meteor|p2a: Groudon\n|-damage|p2a: Groudon|23\/100\n|-unboost|p1a: Zekrom|spa|2\n|-damage|p1a: Zekrom|91\/100|[from] item: Life Orb\n|move|p2a: Groudon|Max Quake|p1a: Zekrom\n|-supereffective|p1a: Zekrom\n|-damage|p1a: Zekrom|0 fnt\n|-boost|p2a: Groudon|spd|1\n|faint|p1a: Zekrom\n|\n|-weather|SunnyDay|[upkeep]\n|-heal|p2a: Groudon|26\/100|[from] item: Leftovers\n|upkeep\n|\n|t:|1665843405\n|switch|p1a: Calyrex|Calyrex-Shadow|100\/100\n|-ability|p1a: Calyrex|As One\n|-ability|p1a: Calyrex|Unnerve\n|turn|6\n|\n|t:|1665843411\n|switch|p1a: Ho-Oh|Ho-Oh|100\/100\n|-end|p2a: Groudon|Dynamax\n|-heal|p2a: Groudon|27\/100|[silent]\n|switch|p2a: Yveltal|Yveltal|100\/100\n|-ability|p2a: Yveltal|Dark Aura\n|\n|-weather|SunnyDay|[upkeep]\n|upkeep\n|turn|7\n|\n|t:|1665843418\n|switch|p1a: Eternatus|Eternatus|100\/100\n|-ability|p1a: Eternatus|Pressure\n|move|p2a: Yveltal|U-turn|p1a: Eternatus\n|-resisted|p1a: Eternatus\n|-damage|p1a: Eternatus|94\/100\n|\n|t:|1665843423\n|switch|p2a: Necrozma|Necrozma-Dusk-Mane|72\/100|[from]move: U-turn\n|\n|-weather|none\n|upkeep\n|turn|8\n|\n|t:|1665843427\n|switch|p1a: Ho-Oh|Ho-Oh|100\/100\n|move|p2a: Necrozma|Dragon Dance|p2a: Necrozma\n|-boost|p2a: Necrozma|atk|1\n|-boost|p2a: Necrozma|spe|1\n|\n|upkeep\n|turn|9\n|\n|t:|1665843433\n|move|p2a: Necrozma|Sunsteel Strike|p1a: Ho-Oh\n|-resisted|p1a: Ho-Oh\n|-crit|p1a: Ho-Oh\n|-damage|p1a: Ho-Oh|52\/100\n|move|p1a: Ho-Oh|Thunder Wave|p2a: Necrozma\n|-status|p2a: Necrozma|par\n|\n|upkeep\n|turn|10\n|\n|t:|1665843439\n|cant|p2a: Necrozma|par\n|move|p1a: Ho-Oh|Whirlwind|p2a: Necrozma\n|drag|p2a: Groudon|Groudon|27\/100\n|-weather|SunnyDay|[from] ability: Drought|[of] p2a: Groudon\n|\n|-weather|SunnyDay|[upkeep]\n|-heal|p2a: Groudon|33\/100|[from] item: Leftovers\n|upkeep\n|turn|11\n|\n|t:|1665843443\n|move|p2a: Groudon|Stone Edge|p1a: Ho-Oh|[miss]\n|-miss|p2a: Groudon|p1a: Ho-Oh\n|move|p1a: Ho-Oh|Sacred Fire|p2a: Groudon\n|-damage|p2a: Groudon|0 fnt\n|faint|p2a: Groudon\n|\n|-weather|SunnyDay|[upkeep]\n|upkeep\n|\n|t:|1665843446\n|switch|p2a: Yveltal|Yveltal|100\/100\n|-ability|p2a: Yveltal|Dark Aura\n|turn|12\n|\n|t:|1665843449\n|-start|p1a: Ho-Oh|Dynamax|\n|-heal|p1a: Ho-Oh|52\/100|[silent]\n|move|p2a: Yveltal|Knock Off|p1a: Ho-Oh\n|-damage|p1a: Ho-Oh|28\/100\n|-enditem|p1a: Ho-Oh|Heavy-Duty Boots|[from] move: Knock Off|[of] p2a: Yveltal\n|move|p1a: Ho-Oh|Max Flare|p2a: Yveltal\n|-damage|p2a: Yveltal|20\/100\n|\n|-weather|SunnyDay|[upkeep]\n|upkeep\n|turn|13\n|\n|t:|1665843454\n|switch|p2a: Necrozma|Necrozma-Dusk-Mane|72\/100 par\n|move|p1a: Ho-Oh|Max Flare|p2a: Necrozma\n|-supereffective|p2a: Necrozma\n|-damage|p2a: Necrozma|0 fnt\n|faint|p2a: Necrozma\n|\n|-weather|SunnyDay|[upkeep]\n|upkeep\n|\n|t:|1665843457\n|switch|p2a: Marshadow|Marshadow|84\/100\n|turn|14\n|\n|t:|1665843466\n|move|p2a: Marshadow|Spectral Thief|p1a: Ho-Oh\n|-damage|p1a: Ho-Oh|0 fnt\n|faint|p1a: Ho-Oh\n|\n|-weather|none\n|upkeep\n|\n|t:|1665843471\n|switch|p1a: Eternatus|Eternatus|94\/100\n|-ability|p1a: Eternatus|Pressure\n|turn|15\n|\n|t:|1665843475\n|switch|p2a: Blissey|Blissey, F|100\/100\n|move|p1a: Eternatus|Mystical Fire|p2a: Blissey\n|-damage|p2a: Blissey|94\/100\n|-unboost|p2a: Blissey|spa|1\n|\n|upkeep\n|turn|16\n|\n|t:|1665843479\n|switch|p1a: Calyrex|Calyrex-Shadow|100\/100\n|-ability|p1a: Calyrex|As One\n|-ability|p1a: Calyrex|Unnerve\n|move|p2a: Blissey|Teleport|p2a: Blissey\n|\n|t:|1665843487\n|switch|p2a: Marshadow|Marshadow|84\/100|[from]move: Teleport\n|\n|upkeep\n|turn|17\n|\n|t:|1665843495\n|switch|p1a: Necrozma|Necrozma-Dusk-Mane|100\/100\n|move|p2a: Marshadow|Shadow Sneak|p1a: Necrozma\n|-supereffective|p1a: Necrozma\n|-damage|p1a: Necrozma|62\/100\n|-damage|p2a: Marshadow|67\/100|[from] item: Rocky Helmet|[of] p1a: Necrozma\n|\n|upkeep\n|turn|18\n|\n|t:|1665843501\n|switch|p2a: Yveltal|Yveltal|20\/100\n|-ability|p2a: Yveltal|Dark Aura\n|move|p1a: Necrozma|Sunsteel Strike|p2a: Yveltal\n|-damage|p2a: Yveltal|0 fnt\n|faint|p2a: Yveltal\n|\n|upkeep\n|\n|t:|1665843504\n|switch|p2a: Ferrothorn|Ferrothorn, F|100\/100\n|turn|19\n|\n|t:|1665843506\n|switch|p1a: Eternatus|Eternatus|94\/100\n|-ability|p1a: Eternatus|Pressure\n|move|p2a: Ferrothorn|Spikes|p1a: Eternatus\n|-sidestart|p1: yokobaby|Spikes\n|\n|upkeep\n|turn|20\n|\n|t:|1665843509\n|switch|p2a: Blissey|Blissey, F|94\/100\n|move|p1a: Eternatus|Mystical Fire|p2a: Blissey\n|-damage|p2a: Blissey|86\/100\n|-unboost|p2a: Blissey|spa|1\n|\n|upkeep\n|turn|21\n|\n|t:|1665843514\n|move|p1a: Eternatus|Dynamax Cannon|p2a: Blissey\n|-damage|p2a: Blissey|72\/100\n|move|p2a: Blissey|Teleport|p2a: Blissey\n|\n|t:|1665843517\n|switch|p2a: Marshadow|Marshadow|67\/100|[from]move: Teleport\n|\n|upkeep\n|turn|22\n|\n|t:|1665843521\n|switch|p2a: Blissey|Blissey, F|72\/100\n|move|p1a: Eternatus|Dynamax Cannon|p2a: Blissey\n|-damage|p2a: Blissey|56\/100\n|\n|upkeep\n|turn|23\n|\n|t:|1665843525\n|switch|p1a: Necrozma|Necrozma-Dusk-Mane|62\/100\n|-damage|p1a: Necrozma|50\/100|[from] Spikes\n|move|p2a: Blissey|Soft-Boiled|p2a: Blissey\n|-heal|p2a: Blissey|100\/100\n|\n|upkeep\n|turn|24\n|\n|t:|1665843531\n|switch|p2a: Ferrothorn|Ferrothorn, F|100\/100\n|move|p1a: Necrozma|Knock Off|p2a: Ferrothorn\n|-damage|p2a: Ferrothorn|80\/100\n|-damage|p1a: Necrozma|37\/100|[from] ability: Iron Barbs|[of] p2a: Ferrothorn\n|-enditem|p2a: Ferrothorn|Leftovers|[from] move: Knock Off|[of] p1a: Necrozma\n|\n|upkeep\n|turn|25\n|\n|t:|1665843539\n|switch|p1a: Eternatus|Eternatus|94\/100\n|-ability|p1a: Eternatus|Pressure\n|move|p2a: Ferrothorn|Spikes|p1a: Eternatus\n|-sidestart|p1: yokobaby|Spikes\n|\n|upkeep\n|turn|26\n|\n|t:|1665843548\n|switch|p1a: Calyrex|Calyrex-Shadow|100\/100\n|-ability|p1a: Calyrex|As One\n|-ability|p1a: Calyrex|Unnerve\n|-damage|p1a: Calyrex|84\/100|[from] Spikes\n|switch|p2a: Blissey|Blissey, F|100\/100\n|\n|upkeep\n|turn|27\n|\n|t:|1665843551\n|switch|p2a: Ferrothorn|Ferrothorn, F|80\/100\n|move|p1a: Calyrex|Trick|p2a: Ferrothorn\n|-activate|p1a: Calyrex|move: Trick|[of] p2a: Ferrothorn\n|-item|p2a: Ferrothorn|Choice Scarf|[from] move: Trick\n|-enditem|p1a: Calyrex|Choice Scarf|[silent]|[from] move: Trick\n|\n|upkeep\n|turn|28\n|\n|t:|1665843557\n|switch|p1a: Necrozma|Necrozma-Dusk-Mane|37\/100\n|-damage|p1a: Necrozma|21\/100|[from] Spikes\n|move|p2a: Ferrothorn|Spikes|p1a: Necrozma\n|-sidestart|p1: yokobaby|Spikes\n|\n|upkeep\n|turn|29\n|\n|t:|1665843564\n|switch|p2a: Blissey|Blissey, F|100\/100\n|move|p1a: Necrozma|Moonlight|p1a: Necrozma\n|-heal|p1a: Necrozma|71\/100\n|\n|upkeep\n|turn|30\n|\n|t:|1665843567\n|switch|p2a: Ferrothorn|Ferrothorn, F|80\/100\n|move|p1a: Necrozma|Stealth Rock|p2a: Ferrothorn\n|-sidestart|p2: Aglt5txkukurpuwali|move: Stealth Rock\n|\n|upkeep\n|turn|31\n|\n|t:|1665843571\n|move|p1a: Necrozma|Moonlight|p1a: Necrozma\n|-heal|p1a: Necrozma|100\/100\n|move|p2a: Ferrothorn|Leech Seed|p1a: Necrozma\n|-start|p1a: Necrozma|move: Leech Seed\n|\n|-damage|p1a: Necrozma|88\/100|[from] Leech Seed|[of] p2a: Ferrothorn\n|-heal|p2a: Ferrothorn|94\/100|[silent]\n|upkeep\n|turn|32\n|\n|t:|1665843574\n|switch|p1a: Eternatus|Eternatus|94\/100\n|-ability|p1a: Eternatus|Pressure\n|move|p2a: Ferrothorn|Leech Seed|p1a: Eternatus\n|-start|p1a: Eternatus|move: Leech Seed\n|\n|-damage|p1a: Eternatus|82\/100|[from] Leech Seed|[of] p2a: Ferrothorn\n|-heal|p2a: Ferrothorn|100\/100|[silent]\n|upkeep\n|turn|33\n|\n|t:|1665843578\n|switch|p1a: Necrozma|Necrozma-Dusk-Mane|88\/100\n|-damage|p1a: Necrozma|63\/100|[from] Spikes\n|switch|p2a: Blissey|Blissey, F|100\/100\n|-damage|p2a: Blissey|88\/100|[from] Stealth Rock\n|\n|upkeep\n|turn|34\n|\n|t:|1665843587\n|switch|p2a: Ferrothorn|Ferrothorn, F|100\/100\n|-damage|p2a: Ferrothorn|95\/100|[from] Stealth Rock\n|move|p1a: Necrozma|Knock Off|p2a: Ferrothorn\n|-damage|p2a: Ferrothorn|75\/100\n|-damage|p1a: Necrozma|51\/100|[from] ability: Iron Barbs|[of] p2a: Ferrothorn\n|-enditem|p2a: Ferrothorn|Choice Scarf|[from] move: Knock Off|[of] p1a: Necrozma\n|\n|upkeep\n|turn|35\n|\n|t:|1665843591\n|move|p1a: Necrozma|Moonlight|p1a: Necrozma\n|-heal|p1a: Necrozma|100\/100\n|move|p2a: Ferrothorn|Leech Seed|p1a: Necrozma\n|-start|p1a: Necrozma|move: Leech Seed\n|\n|-damage|p1a: Necrozma|88\/100|[from] Leech Seed|[of] p2a: Ferrothorn\n|-heal|p2a: Ferrothorn|89\/100|[silent]\n|upkeep\n|turn|36\n|\n|t:|1665843594\n|move|p1a: Necrozma|Stealth Rock||[still]\n|-fail|p1a: Necrozma\n|move|p2a: Ferrothorn|Leech Seed||[still]\n|-fail|p2a: Ferrothorn\n|\n|-damage|p1a: Necrozma|76\/100|[from] Leech Seed|[of] p2a: Ferrothorn\n|-heal|p2a: Ferrothorn|100\/100|[silent]\n|upkeep\n|turn|37\n|\n|t:|1665843601\n|move|p1a: Necrozma|Stealth Rock||[still]\n|-fail|p1a: Necrozma\n|move|p2a: Ferrothorn|Iron Defense|p2a: Ferrothorn\n|-boost|p2a: Ferrothorn|def|2\n|\n|-damage|p1a: Necrozma|64\/100|[from] Leech Seed|[of] p2a: Ferrothorn\n|upkeep\n|turn|38\n|\n|t:|1665843621\n|move|p1a: Necrozma|Stealth Rock||[still]\n|-fail|p1a: Necrozma\n|move|p2a: Ferrothorn|Body Press|p1a: Necrozma\n|-damage|p1a: Necrozma|31\/100\n|-damage|p2a: Ferrothorn|84\/100|[from] item: Rocky Helmet|[of] p1a: Necrozma\n|\n|-damage|p1a: Necrozma|19\/100|[from] Leech Seed|[of] p2a: Ferrothorn\n|-heal|p2a: Ferrothorn|98\/100|[silent]\n|upkeep\n|turn|39\n|\n|t:|1665843628\n|move|p1a: Necrozma|Moonlight|p1a: Necrozma\n|-heal|p1a: Necrozma|69\/100\n|move|p2a: Ferrothorn|Body Press|p1a: Necrozma\n|-damage|p1a: Necrozma|36\/100\n|-damage|p2a: Ferrothorn|81\/100|[from] item: Rocky Helmet|[of] p1a: Necrozma\n|\n|-damage|p1a: Necrozma|24\/100|[from] Leech Seed|[of] p2a: Ferrothorn\n|-heal|p2a: Ferrothorn|95\/100|[silent]\n|upkeep\n|turn|40\n|\n|t:|1665843631\n|move|p1a: Necrozma|Moonlight|p1a: Necrozma\n|-heal|p1a: Necrozma|74\/100\n|move|p2a: Ferrothorn|Iron Defense|p2a: Ferrothorn\n|-boost|p2a: Ferrothorn|def|2\n|\n|-damage|p1a: Necrozma|62\/100|[from] Leech Seed|[of] p2a: Ferrothorn\n|-heal|p2a: Ferrothorn|100\/100|[silent]\n|upkeep\n|turn|41\n|\n|t:|1665843635\n|switch|p1a: Eternatus|Eternatus|82\/100\n|-ability|p1a: Eternatus|Pressure\n|move|p2a: Ferrothorn|Leech Seed|p1a: Eternatus\n|-start|p1a: Eternatus|move: Leech Seed\n|\n|-damage|p1a: Eternatus|69\/100|[from] Leech Seed|[of] p2a: Ferrothorn\n|upkeep\n|turn|42\n|\n|t:|1665843638\n|switch|p2a: Blissey|Blissey, F|88\/100\n|-damage|p2a: Blissey|76\/100|[from] Stealth Rock\n|move|p1a: Eternatus|Mystical Fire|p2a: Blissey\n|-damage|p2a: Blissey|68\/100\n|-unboost|p2a: Blissey|spa|1\n|\n|-damage|p1a: Eternatus|57\/100|[from] Leech Seed|[of] p2a: Blissey\n|-heal|p2a: Blissey|78\/100|[silent]\n|upkeep\n|turn|43\n|\n|t:|1665843641\n|switch|p1a: Necrozma|Necrozma-Dusk-Mane|62\/100\n|-damage|p1a: Necrozma|37\/100|[from] Spikes\n|move|p2a: Blissey|Teleport|p2a: Blissey\n|\n|t:|1665843643\n|switch|p2a: Marshadow|Marshadow|67\/100|[from]move: Teleport\n|-damage|p2a: Marshadow|61\/100|[from] Stealth Rock\n|\n|upkeep\n|turn|44\n|\n|t:|1665843645\n|move|p2a: Marshadow|Spectral Thief|p1a: Necrozma\n|-supereffective|p1a: Necrozma\n|-damage|p1a: Necrozma|0 fnt\n|-damage|p2a: Marshadow|44\/100|[from] item: Rocky Helmet|[of] p1a: Necrozma\n|faint|p1a: Necrozma\n|\n|upkeep\n|\n|t:|1665843647\n|switch|p1a: Calyrex|Calyrex-Shadow|84\/100\n|-ability|p1a: Calyrex|As One\n|-ability|p1a: Calyrex|Unnerve\n|-damage|p1a: Calyrex|59\/100|[from] Spikes\n|turn|45\n|\n|t:|1665843653\n|switch|p2a: Ferrothorn|Ferrothorn, F|100\/100\n|-damage|p2a: Ferrothorn|95\/100|[from] Stealth Rock\n|move|p1a: Calyrex|Astral Barrage|p2a: Ferrothorn\n|-damage|p2a: Ferrothorn|34\/100\n|\n|upkeep\n|turn|46\n|\n|t:|1665843657\n|move|p1a: Calyrex|Astral Barrage|p2a: Ferrothorn\n|-damage|p2a: Ferrothorn|0 fnt\n|faint|p2a: Ferrothorn\n|-ability|p1a: Calyrex|Grim Neigh|boost\n|-boost|p1a: Calyrex|spa|1\n|\n|upkeep\n|\n|t:|1665843660\n|switch|p2a: Marshadow|Marshadow|44\/100\n|-damage|p2a: Marshadow|38\/100|[from] Stealth Rock\n|turn|47\n|\n|t:|1665843681\n|move|p2a: Marshadow|Shadow Sneak|p1a: Calyrex\n|-supereffective|p1a: Calyrex\n|-damage|p1a: Calyrex|0 fnt\n|faint|p1a: Calyrex\n|\n|upkeep\n|\n|t:|1665843683\n|switch|p1a: Eternatus|Eternatus|57\/100\n|-ability|p1a: Eternatus|Pressure\n|turn|48\n|\n|t:|1665843690\n|switch|p2a: Blissey|Blissey, F|78\/100\n|-damage|p2a: Blissey|65\/100|[from] Stealth Rock\n|move|p1a: Eternatus|Recover|p1a: Eternatus\n|-heal|p1a: Eternatus|100\/100\n|\n|upkeep\n|turn|49\n|\n|t:|1665843694\n|move|p1a: Eternatus|Toxic|p2a: Blissey\n|-status|p2a: Blissey|tox\n|move|p2a: Blissey|Soft-Boiled|p2a: Blissey\n|-heal|p2a: Blissey|100\/100 tox\n|\n|-damage|p2a: Blissey|94\/100 tox|[from] psn\n|upkeep\n|turn|50\n|\n|t:|1665843699\n|move|p1a: Eternatus|Mystical Fire|p2a: Blissey\n|-damage|p2a: Blissey|87\/100 tox\n|-unboost|p2a: Blissey|spa|1\n|move|p2a: Blissey|Teleport|p2a: Blissey\n|\n|t:|1665843702\n|-curestatus|p2a: Blissey|tox|[from] ability: Natural Cure\n|switch|p2a: Marshadow|Marshadow|38\/100|[from]move: Teleport\n|-damage|p2a: Marshadow|32\/100|[from] Stealth Rock\n|\n|upkeep\n|turn|51\n|\n|t:|1665843707\n|switch|p2a: Blissey|Blissey, F|87\/100\n|-damage|p2a: Blissey|74\/100|[from] Stealth Rock\n|move|p1a: Eternatus|Dynamax Cannon|p2a: Blissey\n|-damage|p2a: Blissey|59\/100\n|\n|upkeep\n|turn|52\n|\n|t:|1665843709\n|move|p1a: Eternatus|Toxic|p2a: Blissey\n|-status|p2a: Blissey|tox\n|move|p2a: Blissey|Seismic Toss|p1a: Eternatus\n|-damage|p1a: Eternatus|80\/100\n|\n|-damage|p2a: Blissey|53\/100 tox|[from] psn\n|upkeep\n|turn|53\n|\n|t:|1665843714\n|move|p1a: Eternatus|Mystical Fire|p2a: Blissey\n|-damage|p2a: Blissey|45\/100 tox\n|-unboost|p2a: Blissey|spa|1\n|move|p2a: Blissey|Teleport|p2a: Blissey\n|\n|t:|1665843716\n|-curestatus|p2a: Blissey|tox|[from] ability: Natural Cure\n|switch|p2a: Marshadow|Marshadow|32\/100|[from]move: Teleport\n|-damage|p2a: Marshadow|26\/100|[from] Stealth Rock\n|\n|upkeep\n|turn|54\n|\n|t:|1665843719\n|move|p1a: Eternatus|Dynamax Cannon|p2a: Marshadow\n|-damage|p2a: Marshadow|0 fnt\n|faint|p2a: Marshadow\n|\n|upkeep\n|\n|t:|1665843722\n|switch|p2a: Blissey|Blissey, F|45\/100\n|-damage|p2a: Blissey|33\/100|[from] Stealth Rock\n|turn|55\n|\n|t:|1665843725\n|move|p1a: Eternatus|Toxic|p2a: Blissey\n|-status|p2a: Blissey|tox\n|move|p2a: Blissey|Soft-Boiled|p2a: Blissey\n|-heal|p2a: Blissey|83\/100 tox\n|\n|-damage|p2a: Blissey|77\/100 tox|[from] psn\n|upkeep\n|turn|56\n|\n|t:|1665843730\n|move|p1a: Eternatus|Dynamax Cannon|p2a: Blissey\n|-damage|p2a: Blissey|62\/100 tox\n|move|p2a: Blissey|Seismic Toss|p1a: Eternatus\n|-damage|p1a: Eternatus|59\/100\n|\n|-damage|p2a: Blissey|49\/100 tox|[from] psn\n|upkeep\n|turn|57\n|\n|t:|1665843749\n|move|p1a: Eternatus|Recover|p1a: Eternatus\n|-heal|p1a: Eternatus|100\/100\n|move|p2a: Blissey|Soft-Boiled|p2a: Blissey\n|-heal|p2a: Blissey|99\/100 tox\n|\n|-damage|p2a: Blissey|81\/100 tox|[from] psn\n|upkeep\n|turn|58\n|\n|t:|1665843754\n|move|p1a: Eternatus|Dynamax Cannon|p2a: Blissey\n|-crit|p2a: Blissey\n|-damage|p2a: Blissey|57\/100 tox\n|move|p2a: Blissey|Aromatherapy|p2a: Blissey\n|-activate|p2a: Blissey|move: Aromatherapy\n|-curestatus|p2a: Blissey|tox|[msg]\n|\n|upkeep\n|turn|59\n|\n|t:|1665843765\n|move|p1a: Eternatus|Toxic|p2a: Blissey\n|-status|p2a: Blissey|tox\n|move|p2a: Blissey|Teleport||[still]\n|-fail|p2a: Blissey\n|\n|-damage|p2a: Blissey|51\/100 tox|[from] psn\n|upkeep\n|turn|60\n|\n|t:|1665843770\n|move|p1a: Eternatus|Mystical Fire|p2a: Blissey\n|-damage|p2a: Blissey|44\/100 tox\n|-unboost|p2a: Blissey|spa|1\n|move|p2a: Blissey|Soft-Boiled|p2a: Blissey\n|-heal|p2a: Blissey|94\/100 tox\n|\n|-damage|p2a: Blissey|82\/100 tox|[from] psn\n|upkeep\n|turn|61\n|\n|t:|1665843774\n|move|p1a: Eternatus|Mystical Fire|p2a: Blissey\n|-damage|p2a: Blissey|75\/100 tox\n|-unboost|p2a: Blissey|spa|1\n|move|p2a: Blissey|Seismic Toss|p1a: Eternatus\n|-damage|p1a: Eternatus|80\/100\n|\n|-damage|p2a: Blissey|57\/100 tox|[from] psn\n|upkeep\n|turn|62\n|\n|t:|1665843780\n|move|p1a: Eternatus|Mystical Fire|p2a: Blissey\n|-damage|p2a: Blissey|50\/100 tox\n|-unboost|p2a: Blissey|spa|1\n|move|p2a: Blissey|Aromatherapy|p2a: Blissey\n|-activate|p2a: Blissey|move: Aromatherapy\n|-curestatus|p2a: Blissey|tox|[msg]\n|\n|upkeep\n|turn|63\n|\n|t:|1665843782\n|move|p1a: Eternatus|Toxic|p2a: Blissey\n|-status|p2a: Blissey|tox\n|move|p2a: Blissey|Soft-Boiled|p2a: Blissey\n|-heal|p2a: Blissey|99\/100 tox\n|\n|-damage|p2a: Blissey|93\/100 tox|[from] psn\n|upkeep\n|turn|64\n|\n|t:|1665843787\n|move|p1a: Eternatus|Recover|p1a: Eternatus\n|-heal|p1a: Eternatus|100\/100\n|move|p2a: Blissey|Teleport||[still]\n|-fail|p2a: Blissey\n|\n|-damage|p2a: Blissey|81\/100 tox|[from] psn\n|upkeep\n|turn|65\n|\n|t:|1665843790\n|move|p1a: Eternatus|Mystical Fire|p2a: Blissey\n|-damage|p2a: Blissey|74\/100 tox\n|-unboost|p2a: Blissey|spa|1\n|move|p2a: Blissey|Seismic Toss|p1a: Eternatus\n|-damage|p1a: Eternatus|80\/100\n|\n|-damage|p2a: Blissey|55\/100 tox|[from] psn\n|upkeep\n|turn|66\n|\n|t:|1665843793\n|move|p1a: Eternatus|Mystical Fire|p2a: Blissey\n|-damage|p2a: Blissey|48\/100 tox\n|-unboost|p2a: Blissey|spa|1\n|move|p2a: Blissey|Aromatherapy|p2a: Blissey\n|-activate|p2a: Blissey|move: Aromatherapy\n|-curestatus|p2a: Blissey|tox|[msg]\n|\n|upkeep\n|turn|67\n|\n|t:|1665843799\n|move|p1a: Eternatus|Toxic|p2a: Blissey\n|-status|p2a: Blissey|tox\n|move|p2a: Blissey|Soft-Boiled|p2a: Blissey\n|-heal|p2a: Blissey|98\/100 tox\n|\n|-damage|p2a: Blissey|92\/100 tox|[from] psn\n|upkeep\n|turn|68\n|\n|t:|1665843805\n|move|p1a: Eternatus|Dynamax Cannon|p2a: Blissey\n|-damage|p2a: Blissey|77\/100 tox\n|move|p2a: Blissey|Teleport||[still]\n|-fail|p2a: Blissey\n|\n|-damage|p2a: Blissey|64\/100 tox|[from] psn\n|upkeep\n|turn|69\n|\n|t:|1665843809\n|move|p1a: Eternatus|Mystical Fire|p2a: Blissey\n|-damage|p2a: Blissey|58\/100 tox\n|-unboost|p2a: Blissey|spa|1\n|move|p2a: Blissey|Seismic Toss|p1a: Eternatus\n|-damage|p1a: Eternatus|59\/100\n|\n|-damage|p2a: Blissey|39\/100 tox|[from] psn\n|upkeep\n|turn|70\n|\n|t:|1665843814\n|move|p1a: Eternatus|Recover|p1a: Eternatus\n|-heal|p1a: Eternatus|100\/100\n|move|p2a: Blissey|Soft-Boiled|p2a: Blissey\n|-heal|p2a: Blissey|89\/100 tox\n|\n|-damage|p2a: Blissey|65\/100 tox|[from] psn\n|upkeep\n|turn|71\n|\n|t:|1665843816\n|move|p1a: Eternatus|Dynamax Cannon|p2a: Blissey\n|-damage|p2a: Blissey|49\/100 tox\n|move|p2a: Blissey|Aromatherapy|p2a: Blissey\n|-activate|p2a: Blissey|move: Aromatherapy\n|-curestatus|p2a: Blissey|tox|[msg]\n|\n|upkeep\n|turn|72\n|\n|t:|1665843822\n|move|p1a: Eternatus|Toxic|p2a: Blissey\n|-status|p2a: Blissey|tox\n|move|p2a: Blissey|Soft-Boiled|p2a: Blissey\n|-heal|p2a: Blissey|99\/100 tox\n|\n|-damage|p2a: Blissey|93\/100 tox|[from] psn\n|upkeep\n|turn|73\n|\n|t:|1665843829\n|move|p1a: Eternatus|Mystical Fire|p2a: Blissey\n|-damage|p2a: Blissey|85\/100 tox\n|move|p2a: Blissey|Teleport||[still]\n|-fail|p2a: Blissey\n|\n|-damage|p2a: Blissey|73\/100 tox|[from] psn\n|upkeep\n|turn|74\n|\n|t:|1665843833\n|move|p1a: Eternatus|Mystical Fire|p2a: Blissey\n|-damage|p2a: Blissey|66\/100 tox\n|move|p2a: Blissey|Seismic Toss|p1a: Eternatus\n|-damage|p1a: Eternatus|80\/100\n|\n|-damage|p2a: Blissey|47\/100 tox|[from] psn\n|upkeep\n|turn|75\n|\n|t:|1665843837\n|move|p1a: Eternatus|Mystical Fire|p2a: Blissey\n|-damage|p2a: Blissey|40\/100 tox\n|move|p2a: Blissey|Aromatherapy|p2a: Blissey\n|-activate|p2a: Blissey|move: Aromatherapy\n|-curestatus|p2a: Blissey|tox|[msg]\n|\n|upkeep\n|turn|76\n|\n|t:|1665843840\n|move|p1a: Eternatus|Toxic|p2a: Blissey\n|-status|p2a: Blissey|tox\n|move|p2a: Blissey|Soft-Boiled|p2a: Blissey\n|-heal|p2a: Blissey|90\/100 tox\n|\n|-damage|p2a: Blissey|83\/100 tox|[from] psn\n|upkeep\n|turn|77\n|\n|t:|1665843844\n|move|p1a: Eternatus|Mystical Fire|p2a: Blissey\n|-damage|p2a: Blissey|76\/100 tox\n|move|p2a: Blissey|Teleport||[still]\n|-fail|p2a: Blissey\n|\n|-damage|p2a: Blissey|64\/100 tox|[from] psn\n|upkeep\n|turn|78\n|\n|t:|1665843846\n|move|p1a: Eternatus|Recover|p1a: Eternatus\n|-heal|p1a: Eternatus|100\/100\n|move|p2a: Blissey|Seismic Toss|p1a: Eternatus\n|-damage|p1a: Eternatus|80\/100\n|\n|-damage|p2a: Blissey|46\/100 tox|[from] psn\n|upkeep\n|turn|79\n|\n|t:|1665843852\n|move|p1a: Eternatus|Recover|p1a: Eternatus\n|-heal|p1a: Eternatus|100\/100\n|move|p2a: Blissey|Aromatherapy|p2a: Blissey\n|-activate|p2a: Blissey|move: Aromatherapy\n|-curestatus|p2a: Blissey|tox|[msg]\n|\n|upkeep\n|turn|80\n|\n|t:|1665843854\n|move|p1a: Eternatus|Toxic|p2a: Blissey\n|-status|p2a: Blissey|tox\n|move|p2a: Blissey|Soft-Boiled|p2a: Blissey\n|-heal|p2a: Blissey|96\/100 tox\n|\n|-damage|p2a: Blissey|90\/100 tox|[from] psn\n|upkeep\n|turn|81\n|\n|t:|1665843859\n|move|p1a: Eternatus|Toxic|p2a: Blissey\n|-fail|p2a: Blissey|tox\n|move|p2a: Blissey|Teleport||[still]\n|-fail|p2a: Blissey\n|\n|-damage|p2a: Blissey|77\/100 tox|[from] psn\n|upkeep\n|turn|82\n|\n|t:|1665843864\n|move|p1a: Eternatus|Recover||[still]\n|-fail|p1a: Eternatus|heal\n|move|p2a: Blissey|Teleport||[still]\n|-fail|p2a: Blissey\n|\n|-damage|p2a: Blissey|59\/100 tox|[from] psn\n|upkeep\n|turn|83\n|\n|t:|1665843871\n|move|p1a: Eternatus|Recover||[still]\n|-fail|p1a: Eternatus|heal\n|move|p2a: Blissey|Teleport||[still]\n|-fail|p2a: Blissey\n|\n|-damage|p2a: Blissey|34\/100 tox|[from] psn\n|upkeep\n|turn|84\n|\n|t:|1665843878\n|move|p1a: Eternatus|Recover||[still]\n|-fail|p1a: Eternatus|heal\n|move|p2a: Blissey|Aromatherapy|p2a: Blissey\n|-activate|p2a: Blissey|move: Aromatherapy\n|-curestatus|p2a: Blissey|tox|[msg]\n|\n|upkeep\n|turn|85\n|\n|t:|1665843882\n|move|p1a: Eternatus|Toxic|p2a: Blissey\n|-status|p2a: Blissey|tox\n|move|p2a: Blissey|Soft-Boiled|p2a: Blissey\n|-heal|p2a: Blissey|84\/100 tox\n|\n|-damage|p2a: Blissey|78\/100 tox|[from] psn\n|upkeep\n|turn|86\n|\n|t:|1665843886\n|move|p1a: Eternatus|Recover||[still]\n|-fail|p1a: Eternatus|heal\n|move|p2a: Blissey|Teleport||[still]\n|-fail|p2a: Blissey\n|\n|-damage|p2a: Blissey|66\/100 tox|[from] psn\n|upkeep\n|turn|87\n|\n|t:|1665843889\n|move|p1a: Eternatus|Toxic|p2a: Blissey\n|-fail|p2a: Blissey|tox\n|move|p2a: Blissey|Seismic Toss|p1a: Eternatus\n|-damage|p1a: Eternatus|80\/100\n|\n|-damage|p2a: Blissey|48\/100 tox|[from] psn\n|upkeep\n|turn|88\n|\n|t:|1665843894\n|move|p1a: Eternatus|Recover|p1a: Eternatus\n|-heal|p1a: Eternatus|100\/100\n|move|p2a: Blissey|Seismic Toss|p1a: Eternatus\n|-damage|p1a: Eternatus|80\/100\n|\n|-damage|p2a: Blissey|23\/100 tox|[from] psn\n|upkeep\n|turn|89\n|\n|t:|1665843898\n|move|p1a: Eternatus|Recover|p1a: Eternatus\n|-heal|p1a: Eternatus|100\/100\n|move|p2a: Blissey|Aromatherapy|p2a: Blissey\n|-activate|p2a: Blissey|move: Aromatherapy\n|-curestatus|p2a: Blissey|tox|[msg]\n|\n|upkeep\n|turn|90\n|\n|t:|1665843903\n|move|p1a: Eternatus|Toxic|p2a: Blissey\n|-status|p2a: Blissey|tox\n|move|p2a: Blissey|Soft-Boiled|p2a: Blissey\n|-heal|p2a: Blissey|73\/100 tox\n|\n|-damage|p2a: Blissey|67\/100 tox|[from] psn\n|upkeep\n|turn|91\n|\n|t:|1665843906\n|move|p1a: Eternatus|Toxic|p2a: Blissey\n|-fail|p2a: Blissey|tox\n|move|p2a: Blissey|Teleport||[still]\n|-fail|p2a: Blissey\n|\n|-damage|p2a: Blissey|55\/100 tox|[from] psn\n|upkeep\n|turn|92\n|\n|t:|1665843913\n|move|p1a: Eternatus|Recover||[still]\n|-fail|p1a: Eternatus|heal\n|move|p2a: Blissey|Seismic Toss|p1a: Eternatus\n|-damage|p1a: Eternatus|80\/100\n|\n|-damage|p2a: Blissey|36\/100 tox|[from] psn\n|upkeep\n|turn|93\n|\n|t:|1665843918\n|move|p1a: Eternatus|Toxic|p2a: Blissey\n|-fail|p2a: Blissey|tox\n|move|p2a: Blissey|Soft-Boiled|p2a: Blissey\n|-heal|p2a: Blissey|86\/100 tox\n|\n|-damage|p2a: Blissey|62\/100 tox|[from] psn\n|upkeep\n|turn|94\n|\n|t:|1665843920\n|move|p1a: Eternatus|Toxic|p2a: Blissey\n|-fail|p2a: Blissey|tox\n|move|p2a: Blissey|Soft-Boiled|p2a: Blissey\n|-heal|p2a: Blissey|100\/100 tox\n|\n|-damage|p2a: Blissey|70\/100 tox|[from] psn\n|upkeep\n|turn|95\n|\n|t:|1665843925\n|move|p1a: Eternatus|Recover|p1a: Eternatus\n|-heal|p1a: Eternatus|100\/100\n|move|p2a: Blissey|Seismic Toss|p1a: Eternatus\n|-damage|p1a: Eternatus|80\/100\n|\n|-damage|p2a: Blissey|33\/100 tox|[from] psn\n|upkeep\n|turn|96\n|\n|t:|1665843927\n|move|p1a: Eternatus|Recover|p1a: Eternatus\n|-heal|p1a: Eternatus|100\/100\n|move|p2a: Blissey|Soft-Boiled|p2a: Blissey\n|-heal|p2a: Blissey|83\/100 tox\n|\n|-damage|p2a: Blissey|40\/100 tox|[from] psn\n|upkeep\n|turn|97\n|\n|t:|1665843933\n|move|p1a: Eternatus|Recover||[still]\n|-fail|p1a: Eternatus|heal\n|move|p2a: Blissey|Seismic Toss|p1a: Eternatus\n|-damage|p1a: Eternatus|80\/100\n|\n|-damage|p2a: Blissey|0 fnt|[from] psn\n|faint|p2a: Blissey\n|\n|win|yokobaby\n|upkeep\n|raw|yokobaby's rating: 1867 &rarr; <strong>1894<\/strong><br \/>(+27 for winning)\n|raw|Aglt5txkukurpuwali's rating: 1997 &rarr; <strong>1970<\/strong><br \/>(-27 for losing)\n|l|\u2606Aglt5txkukurpuwali\n||Ladder isn't responding, score probably updated but might not have (Request timeout).\n","uploadtime":1665843972,"views":6,"p1id":"yokobaby","p2id":"aglt5txkukurpuwali","formatid":"gen8anythinggoes","rating":1894,"private":0,"password":null}