{"id":"gen8nationaldexag-1408339732","p1":"lebanesestinker","p2":"AtomicSpinach2","format":"gen8nationaldexag","log":"|j|\u2606lebanesestinker\n|j|\u2606AtomicSpinach2\n|t:|1630530249\n|gametype|singles\n|player|p1|lebanesestinker|policeman|1572\n|player|p2|AtomicSpinach2|xerosic|1702\n|teamsize|p1|6\n|teamsize|p2|6\n|gen|8\n|tier|[Gen 8] National Dex AG\n|rated|\n|rule|HP Percentage Mod: HP is shown in percentages\n|rule|Endless Battle Clause: Forcing endless battles is banned\n|clearpoke\n|poke|p1|Shuckle, M|\n|poke|p1|Kyogre|\n|poke|p1|Kyurem-White|\n|poke|p1|Groudon|\n|poke|p1|Absol, F|\n|poke|p1|Xerneas-*|\n|poke|p2|Necrozma-Dusk-Mane|\n|poke|p2|Zamazenta-*|\n|poke|p2|Groudon|\n|poke|p2|Rayquaza|\n|poke|p2|Tyranitar, M|\n|poke|p2|Mandibuzz, F|\n|teampreview\n|inactive|Battle timer is ON: inactive players will automatically lose when time's up. (requested by AtomicSpinach2)\n|\n|t:|1630530264\n|start\n|switch|p1a: Shuckle|Shuckle, M|100\/100\n|switch|p2a: Necrozma|Necrozma-Dusk-Mane|100\/100\n|turn|1\n|\n|t:|1630530269\n|move|p2a: Necrozma|Toxic|p1a: Shuckle\n|-status|p1a: Shuckle|tox\n|move|p1a: Shuckle|Encore|p2a: Necrozma\n|-start|p2a: Necrozma|Encore\n|\n|-damage|p1a: Shuckle|94\/100 tox|[from] psn\n|upkeep\n|turn|2\n|\n|t:|1630530276\n|switch|p2a: Groudon|Groudon|100\/100\n|detailschange|p2a: Groudon|Groudon-Primal\n|-primal|p2a: Groudon\n|-weather|DesolateLand|[from] ability: Desolate Land|[of] p2a: Groudon\n|move|p1a: Shuckle|Sticky Web|p2a: Groudon\n|-sidestart|p2: AtomicSpinach2|move: Sticky Web\n|\n|-weather|DesolateLand|[upkeep]\n|-damage|p1a: Shuckle|82\/100 tox|[from] psn\n|upkeep\n|turn|3\n|\n|t:|1630530285\n|move|p2a: Groudon|Stealth Rock|p1a: Shuckle\n|-sidestart|p1: lebanesestinker|move: Stealth Rock\n|move|p1a: Shuckle|Stealth Rock|p2a: Groudon\n|-sidestart|p2: AtomicSpinach2|move: Stealth Rock\n|\n|-weather|DesolateLand|[upkeep]\n|-damage|p1a: Shuckle|63\/100 tox|[from] psn\n|upkeep\n|turn|4\n|\n|t:|1630530291\n|-weather|none\n|switch|p2a: Mandibuzz|Mandibuzz, F|100\/100\n|move|p1a: Shuckle|Toxic|p2a: Mandibuzz\n|-status|p2a: Mandibuzz|tox\n|\n|-damage|p2a: Mandibuzz|94\/100 tox|[from] psn\n|-damage|p1a: Shuckle|39\/100 tox|[from] psn\n|upkeep\n|turn|5\n|\n|t:|1630530299\n|switch|p1a: Absol|Absol, F|100\/100\n|-damage|p1a: Absol|88\/100|[from] Stealth Rock\n|move|p2a: Mandibuzz|Defog|p1a: Absol\n|-unboost|p1a: Absol|evasion|1\n|-sideend|p1: lebanesestinker|Stealth Rock|[from] move: Defog|[of] p2a: Mandibuzz\n|-sideend|p2: AtomicSpinach2|Stealth Rock|[from] move: Defog|[of] p2a: Mandibuzz\n|-sideend|p2: AtomicSpinach2|Sticky Web|[from] move: Defog|[of] p2a: Mandibuzz\n|\n|-damage|p2a: Mandibuzz|82\/100 tox|[from] psn\n|upkeep\n|turn|6\n|\n|t:|1630530310\n|switch|p2a: Zamazenta|Zamazenta-Crowned|100\/100\n|-ability|p2a: Zamazenta|Dauntless Shield|boost\n|-boost|p2a: Zamazenta|def|1\n|detailschange|p1a: Absol|Absol-Mega, F\n|-mega|p1a: Absol|Absol|Absolite\n|move|p1a: Absol|Knock Off|p2a: Zamazenta\n|-resisted|p2a: Zamazenta\n|-damage|p2a: Zamazenta|94\/100\n|\n|upkeep\n|turn|7\n|\n|t:|1630530321\n|switch|p1a: Groudon|Groudon|100\/100\n|detailschange|p1a: Groudon|Groudon-Primal\n|-primal|p1a: Groudon\n|-weather|DesolateLand|[from] ability: Desolate Land|[of] p1a: Groudon\n|move|p2a: Zamazenta|Revenge|p1a: Groudon\n|-damage|p1a: Groudon|83\/100\n|\n|-weather|DesolateLand|[upkeep]\n|upkeep\n|turn|8\n|\n|t:|1630530330\n|switch|p2a: Rayquaza|Rayquaza, shiny|100\/100\n|-ability|p2a: Rayquaza|Air Lock\n|move|p1a: Groudon|Precipice Blades|p2a: Rayquaza\n|-immune|p2a: Rayquaza\n|\n|-weather|DesolateLand|[upkeep]\n|upkeep\n|turn|9\n|\n|t:|1630530338\n|detailschange|p2a: Rayquaza|Rayquaza-Mega, shiny\n|-mega|p2a: Rayquaza|Rayquaza|\n|-weather|DeltaStream|[from] ability: Delta Stream|[of] p2a: Rayquaza\n|move|p2a: Rayquaza|Waterfall|p1a: Groudon\n|-supereffective|p1a: Groudon\n|-damage|p1a: Groudon|0 fnt\n|faint|p1a: Groudon\n|\n|-weather|DeltaStream|[upkeep]\n|upkeep\n|\n|t:|1630530357\n|switch|p1a: Kyogre|Kyogre|100\/100\n|-ability|p1a: Kyogre|Drizzle|[from] deltastream|[fail]\n|turn|10\n|\n|t:|1630530364\n|-weather|none\n|switch|p2a: Groudon|Groudon-Primal|100\/100\n|-weather|DesolateLand|[from] ability: Desolate Land|[of] p2a: Groudon\n|move|p1a: Kyogre|Ice Beam|p2a: Groudon\n|-damage|p2a: Groudon|63\/100\n|\n|-weather|DesolateLand|[upkeep]\n|upkeep\n|turn|11\n|\n|t:|1630530373\n|switch|p1a: Absol|Absol-Mega, F|88\/100\n|move|p2a: Groudon|Earthquake|p1a: Absol\n|-damage|p1a: Absol|0 fnt\n|faint|p1a: Absol\n|\n|-weather|DesolateLand|[upkeep]\n|upkeep\n|\n|t:|1630530376\n|switch|p1a: Kyurem|Kyurem-White|100\/100\n|-ability|p1a: Kyurem|Turboblaze\n|turn|12\n|\n|t:|1630530384\n|-weather|none\n|switch|p2a: Tyranitar|Tyranitar, M|100\/100\n|-weather|Sandstorm|[from] ability: Sand Stream|[of] p2a: Tyranitar\n|move|p1a: Kyurem|Earth Power|p2a: Tyranitar\n|-supereffective|p2a: Tyranitar\n|-crit|p2a: Tyranitar\n|-damage|p2a: Tyranitar|54\/100\n|\n|-weather|Sandstorm|[upkeep]\n|-damage|p1a: Kyurem|94\/100|[from] Sandstorm\n|upkeep\n|turn|13\n|\n|t:|1630530394\n|switch|p1a: Shuckle|Shuckle, M|39\/100 tox\n|move|p2a: Tyranitar|Rock Blast|p1a: Shuckle\n|-supereffective|p1a: Shuckle\n|-damage|p1a: Shuckle|23\/100 tox\n|-supereffective|p1a: Shuckle\n|-damage|p1a: Shuckle|6\/100 tox\n|-supereffective|p1a: Shuckle\n|-damage|p1a: Shuckle|0 fnt\n|faint|p1a: Shuckle\n|-hitcount|p1: Shuckle|3\n|\n|-weather|Sandstorm|[upkeep]\n|upkeep\n|\n|t:|1630530401\n|switch|p1a: Xerneas|Xerneas|100\/100\n|-ability|p1a: Xerneas|Fairy Aura\n|turn|14\n|\n|t:|1630530407\n|switch|p2a: Necrozma|Necrozma-Dusk-Mane|100\/100\n|move|p1a: Xerneas|Geomancy||[still]\n|-prepare|p1a: Xerneas|Geomancy\n|-enditem|p1a: Xerneas|Power Herb\n|-anim|p1a: Xerneas|Geomancy|p1a: Xerneas\n|-boost|p1a: Xerneas|spa|2\n|-boost|p1a: Xerneas|spd|2\n|-boost|p1a: Xerneas|spe|2\n|\n|-weather|Sandstorm|[upkeep]\n|-damage|p1a: Xerneas|94\/100|[from] Sandstorm\n|upkeep\n|turn|15\n|\n|t:|1630530417\n|-start|p1a: Xerneas|Dynamax\n|-heal|p1a: Xerneas|94\/100|[silent]\n|-start|p2a: Necrozma|Dynamax\n|-heal|p2a: Necrozma|100\/100|[silent]\n|move|p1a: Xerneas|Max Starfall|p2a: Necrozma\n|-resisted|p2a: Necrozma\n|-damage|p2a: Necrozma|64\/100\n|-fieldstart|move: Misty Terrain\n|move|p2a: Necrozma|Max Steelspike|p1a: Xerneas\n|-supereffective|p1a: Xerneas\n|-damage|p1a: Xerneas|37\/100\n|-boost|p2a: Necrozma|def|1\n|\n|-weather|Sandstorm|[upkeep]\n|-damage|p1a: Xerneas|34\/100|[from] Sandstorm\n|upkeep\n|turn|16\n|\n|t:|1630530432\n|move|p1a: Xerneas|Max Guard|p1a: Xerneas\n|-singleturn|p1a: Xerneas|Max Guard\n|move|p2a: Necrozma|Max Steelspike|p1a: Xerneas\n|-activate|p1a: Xerneas|move: Max Guard\n|\n|-weather|none\n|upkeep\n|turn|17\n|\n|t:|1630530437\n|move|p1a: Xerneas|Max Starfall|p2a: Necrozma\n|-resisted|p2a: Necrozma\n|-damage|p2a: Necrozma|22\/100\n|move|p2a: Necrozma|Max Steelspike|p1a: Xerneas\n|-supereffective|p1a: Xerneas\n|-damage|p1a: Xerneas|0 fnt\n|-boost|p2a: Necrozma|def|1\n|faint|p1a: Xerneas\n|\n|-end|p2a: Necrozma|Dynamax\n|-heal|p2a: Necrozma|22\/100|[silent]\n|upkeep\n|\n|t:|1630530441\n|switch|p1a: Kyogre|Kyogre|100\/100\n|-weather|RainDance|[from] ability: Drizzle|[of] p1a: Kyogre\n|turn|18\n|\n|t:|1630530451\n|switch|p2a: Groudon|Groudon-Primal|63\/100\n|-weather|DesolateLand|[from] ability: Desolate Land|[of] p2a: Groudon\n|move|p1a: Kyogre|Water Spout||[still]\n|-fail|p1a: Kyogre|Water Spout|[from] Desolate Land\n|\n|-weather|DesolateLand|[upkeep]\n|upkeep\n|turn|19\n|\n|t:|1630530458\n|switch|p1a: Kyurem|Kyurem-White|94\/100\n|-ability|p1a: Kyurem|Turboblaze\n|move|p2a: Groudon|Earthquake|p1a: Kyurem\n|-damage|p1a: Kyurem|35\/100\n|\n|-weather|DesolateLand|[upkeep]\n|-fieldend|Misty Terrain\n|upkeep\n|turn|20\n|\n|t:|1630530467\n|-weather|none\n|switch|p2a: Tyranitar|Tyranitar, M|54\/100\n|-weather|Sandstorm|[from] ability: Sand Stream|[of] p2a: Tyranitar\n|move|p1a: Kyurem|Draco Meteor|p2a: Tyranitar\n|-damage|p2a: Tyranitar|17\/100\n|-unboost|p1a: Kyurem|spa|2\n|\n|-weather|Sandstorm|[upkeep]\n|-damage|p1a: Kyurem|28\/100|[from] Sandstorm\n|upkeep\n|turn|21\n|\n|t:|1630530478\n|move|p1a: Kyurem|Draco Meteor|p2a: Tyranitar\n|-damage|p2a: Tyranitar|0 fnt\n|-unboost|p1a: Kyurem|spa|2\n|faint|p2a: Tyranitar\n|\n|-weather|Sandstorm|[upkeep]\n|-damage|p1a: Kyurem|22\/100|[from] Sandstorm\n|upkeep\n|\n|t:|1630530486\n|switch|p2a: Rayquaza|Rayquaza-Mega, shiny|100\/100\n|-weather|DeltaStream|[from] ability: Delta Stream|[of] p2a: Rayquaza\n|turn|22\n|\n|t:|1630530492\n|move|p2a: Rayquaza|Extreme Speed|p1a: Kyurem\n|-damage|p1a: Kyurem|0 fnt\n|faint|p1a: Kyurem\n|\n|-weather|DeltaStream|[upkeep]\n|upkeep\n|\n|t:|1630530494\n|switch|p1a: Kyogre|Kyogre|100\/100\n|-ability|p1a: Kyogre|Drizzle|[from] deltastream|[fail]\n|turn|23\n|\n|t:|1630530501\n|-weather|none\n|switch|p2a: Necrozma|Necrozma-Dusk-Mane|22\/100\n|move|p1a: Kyogre|Ice Beam|p2a: Necrozma\n|-resisted|p2a: Necrozma\n|-damage|p2a: Necrozma|2\/100\n|\n|upkeep\n|turn|24\n|\n|t:|1630530507\n|move|p1a: Kyogre|Ice Beam|p2a: Necrozma\n|-resisted|p2a: Necrozma\n|-damage|p2a: Necrozma|0 fnt\n|faint|p2a: Necrozma\n|\n|upkeep\n|\n|t:|1630530513\n|switch|p2a: Groudon|Groudon-Primal|63\/100\n|-weather|DesolateLand|[from] ability: Desolate Land|[of] p2a: Groudon\n|turn|25\n|\n|t:|1630530518\n|move|p1a: Kyogre|Ice Beam|p2a: Groudon\n|-damage|p2a: Groudon|25\/100\n|move|p2a: Groudon|Earthquake|p1a: Kyogre\n|-damage|p1a: Kyogre|36\/100\n|\n|-weather|DesolateLand|[upkeep]\n|upkeep\n|turn|26\n|\n|t:|1630530524\n|move|p1a: Kyogre|Ice Beam|p2a: Groudon\n|-damage|p2a: Groudon|0 fnt\n|faint|p2a: Groudon\n|-weather|none\n|\n|upkeep\n|\n|t:|1630530528\n|switch|p2a: Rayquaza|Rayquaza-Mega, shiny|100\/100\n|-weather|DeltaStream|[from] ability: Delta Stream|[of] p2a: Rayquaza\n|turn|27\n|\n|t:|1630530532\n|move|p2a: Rayquaza|Extreme Speed|p1a: Kyogre\n|-damage|p1a: Kyogre|0 fnt\n|faint|p1a: Kyogre\n|\n|win|AtomicSpinach2\n|raw|lebanesestinker's rating: 1572 &rarr; <strong>1559<\/strong><br \/>(-13 for losing)\n|raw|AtomicSpinach2's rating: 1702 &rarr; <strong>1715<\/strong><br \/>(+13 for winning)\n|l|\u2606lebanesestinker\n|c|\u2606AtomicSpinach2|gg\n","uploadtime":1630530538,"views":7,"p1id":"lebanesestinker","p2id":"atomicspinach2","formatid":"gen8nationaldexag","rating":1559,"private":0,"password":null}