{"id":"gen8ou-1630744413","p1":"himynametay","p2":"LT91BB mimilimi \u266b\u262f","format":"gen8ou","log":"|raw|<div class=\"broadcast-blue\"><strong>This battle is required to be public due to a player having a name starting with 'lt91bb'.<\/div>\n|j|\u203dhimynametay\n|j|\u2606LT91BB mimilimi \u266b\u262f\n|t:|1659460963\n|gametype|singles\n|player|p1|himynametay|elesa|1561\n|player|p2|LT91BB mimilimi \u266b\u262f|juggler|1578\n|teamsize|p1|6\n|teamsize|p2|6\n|gen|8\n|tier|[Gen 8] OU\n|rated|\n|rule|Sleep Clause Mod: Limit one foe put to sleep\n|rule|Species Clause: Limit one of each Pok\u00e9mon\n|rule|OHKO Clause: OHKO moves are banned\n|rule|Evasion Moves Clause: Evasion moves are banned\n|rule|Endless Battle Clause: Forcing endless battles is banned\n|rule|HP Percentage Mod: HP is shown in percentages\n|rule|Dynamax Clause: You cannot dynamax\n|clearpoke\n|poke|p1|Landorus-Therian, M|\n|poke|p1|Ferrothorn, F|\n|poke|p1|Urshifu-*, M|\n|poke|p1|Tornadus-Therian, M|\n|poke|p1|Dragapult, M|\n|poke|p1|Tapu Lele|\n|poke|p2|Keldeo-Resolute|\n|poke|p2|Mandibuzz, F|\n|poke|p2|Clefable, M|\n|poke|p2|Zeraora|\n|poke|p2|Tapu Bulu|\n|poke|p2|Heatran, M|\n|teampreview\n|c|\u2606LT91BB mimilimi \u266b\u262f|Gl\n|inactive|Battle timer is ON: inactive players will automatically lose when time's up. (requested by himynametay)\n|\n|t:|1659461004\n|start\n|switch|p1a: Tapu Lele|Tapu Lele|100\/100\n|switch|p2a: Clefable|Clefable, M|100\/100\n|-fieldstart|move: Psychic Terrain|[from] ability: Psychic Surge|[of] p1a: Tapu Lele\n|turn|1\n|\n|t:|1659461009\n|switch|p1a: Ferrothorn|Ferrothorn, F|100\/100\n|move|p2a: Clefable|Thunder Wave|p1a: Ferrothorn\n|-status|p1a: Ferrothorn|par\n|\n|upkeep\n|turn|2\n|\n|t:|1659461013\n|move|p2a: Clefable|Knock Off|p1a: Ferrothorn\n|-damage|p1a: Ferrothorn|92\/100 par\n|-activate|p1a: Ferrothorn|ability: Iron Barbs\n|-enditem|p1a: Ferrothorn|Rocky Helmet|[from] move: Knock Off|[of] p2a: Clefable\n|move|p1a: Ferrothorn|Knock Off|p2a: Clefable\n|-resisted|p2a: Clefable\n|-damage|p2a: Clefable|91\/100\n|-enditem|p2a: Clefable|Leftovers|[from] move: Knock Off|[of] p1a: Ferrothorn\n|\n|upkeep\n|turn|3\n|\n|t:|1659461023\n|switch|p2a: Keldeo|Keldeo-Resolute|100\/100\n|cant|p1a: Ferrothorn|par\n|\n|upkeep\n|turn|4\n|\n|t:|1659461027\n|switch|p1a: Tornadus|Tornadus-Therian, M|100\/100\n|move|p2a: Keldeo|Substitute|p2a: Keldeo\n|-start|p2a: Keldeo|Substitute\n|-damage|p2a: Keldeo|76\/100\n|\n|-heal|p2a: Keldeo|82\/100|[from] item: Leftovers\n|upkeep\n|turn|5\n|\n|t:|1659461034\n|move|p1a: Tornadus|Hurricane|p2a: Keldeo\n|-supereffective|p2a: Keldeo\n|-end|p2a: Keldeo|Substitute\n|move|p2a: Keldeo|Scald|p1a: Tornadus\n|-damage|p1a: Tornadus|74\/100\n|-status|p1a: Tornadus|brn\n|\n|-heal|p2a: Keldeo|88\/100|[from] item: Leftovers\n|-damage|p1a: Tornadus|68\/100 brn|[from] brn\n|-fieldend|move: Psychic Terrain\n|upkeep\n|turn|6\n|\n|t:|1659461044\n|switch|p2a: Heatran|Heatran, M|100\/100\n|move|p1a: Tornadus|U-turn|p2a: Heatran\n|-resisted|p2a: Heatran\n|-damage|p2a: Heatran|99\/100\n|\n|t:|1659461048\n|switch|p1a: Landorus|Landorus-Therian, M|100\/100|[from]move: U-turn\n|-ability|p1a: Landorus|Intimidate|boost\n|-unboost|p2a: Heatran|atk|1\n|\n|-heal|p2a: Heatran|100\/100|[from] item: Leftovers\n|upkeep\n|turn|7\n|\n|t:|1659461053\n|move|p1a: Landorus|Earthquake|p2a: Heatran\n|-supereffective|p2a: Heatran\n|-damage|p2a: Heatran|0 fnt\n|faint|p2a: Heatran\n|\n|upkeep\n|\n|t:|1659461056\n|switch|p2a: Tapu Bulu|Tapu Bulu|100\/100\n|-fieldstart|move: Grassy Terrain|[from] ability: Grassy Surge|[of] p2a: Tapu Bulu\n|turn|8\n|\n|t:|1659461061\n|switch|p1a: Ferrothorn|Ferrothorn, F|92\/100 par\n|move|p2a: Tapu Bulu|Swords Dance|p2a: Tapu Bulu\n|-boost|p2a: Tapu Bulu|atk|2\n|\n|-heal|p1a: Ferrothorn|98\/100 par|[from] Grassy Terrain\n|upkeep\n|turn|9\n|\n|t:|1659461065\n|move|p2a: Tapu Bulu|Close Combat|p1a: Ferrothorn\n|-supereffective|p1a: Ferrothorn\n|-damage|p1a: Ferrothorn|0 fnt\n|-unboost|p2a: Tapu Bulu|def|1\n|-unboost|p2a: Tapu Bulu|spd|1\n|-damage|p2a: Tapu Bulu|88\/100|[from] ability: Iron Barbs|[of] p1a: Ferrothorn\n|faint|p1a: Ferrothorn\n|-damage|p2a: Tapu Bulu|78\/100|[from] item: Life Orb\n|\n|-heal|p2a: Tapu Bulu|84\/100|[from] Grassy Terrain\n|upkeep\n|\n|t:|1659461067\n|switch|p1a: Dragapult|Dragapult, M|100\/100\n|turn|10\n|\n|t:|1659461070\n|switch|p2a: Mandibuzz|Mandibuzz, F|100\/100\n|move|p1a: Dragapult|Flamethrower|p2a: Mandibuzz\n|-damage|p2a: Mandibuzz|72\/100\n|-status|p2a: Mandibuzz|brn\n|\n|-damage|p2a: Mandibuzz|66\/100 brn|[from] brn\n|upkeep\n|turn|11\n|\n|t:|1659461076\n|switch|p1a: Urshifu|Urshifu-Rapid-Strike, M|100\/100\n|move|p2a: Mandibuzz|U-turn|p1a: Urshifu\n|-resisted|p1a: Urshifu\n|-damage|p1a: Urshifu|98\/100\n|\n|t:|1659461078\n|switch|p2a: Tapu Bulu|Tapu Bulu|84\/100|[from]move: U-turn\n|\n|-heal|p1a: Urshifu|100\/100|[from] Grassy Terrain\n|-heal|p2a: Tapu Bulu|90\/100|[from] Grassy Terrain\n|upkeep\n|turn|12\n|\n|t:|1659461081\n|move|p1a: Urshifu|U-turn|p2a: Tapu Bulu\n|-damage|p2a: Tapu Bulu|59\/100\n|\n|t:|1659461082\n|switch|p1a: Dragapult|Dragapult, M|100\/100|[from]move: U-turn\n|move|p2a: Tapu Bulu|Horn Leech|p1a: Dragapult\n|-resisted|p1a: Dragapult\n|-damage|p1a: Dragapult|51\/100\n|-heal|p2a: Tapu Bulu|87\/100|[from] drain|[of] p1a: Dragapult\n|-damage|p2a: Tapu Bulu|77\/100|[from] item: Life Orb\n|\n|-heal|p1a: Dragapult|57\/100|[from] Grassy Terrain\n|-heal|p2a: Tapu Bulu|83\/100|[from] Grassy Terrain\n|-fieldend|move: Grassy Terrain\n|upkeep\n|turn|13\n|\n|t:|1659461095\n|switch|p2a: Clefable|Clefable, M|91\/100\n|move|p1a: Dragapult|U-turn|p2a: Clefable\n|-resisted|p2a: Clefable\n|-damage|p2a: Clefable|84\/100\n|\n|t:|1659461097\n|switch|p1a: Tapu Lele|Tapu Lele|100\/100|[from]move: U-turn\n|-fieldstart|move: Psychic Terrain|[from] ability: Psychic Surge|[of] p1a: Tapu Lele\n|\n|upkeep\n|turn|14\n|\n|t:|1659461105\n|switch|p1a: Landorus|Landorus-Therian, M|100\/100\n|-ability|p1a: Landorus|Intimidate|boost\n|-unboost|p2a: Clefable|atk|1\n|move|p2a: Clefable|Thunder Wave|p1a: Landorus\n|-immune|p1a: Landorus\n|\n|upkeep\n|turn|15\n|\n|t:|1659461111\n|move|p1a: Landorus|Earthquake|p2a: Clefable\n|-damage|p2a: Clefable|40\/100\n|move|p2a: Clefable|Knock Off|p1a: Landorus\n|-damage|p1a: Landorus|92\/100\n|-enditem|p1a: Landorus|Leftovers|[from] move: Knock Off|[of] p2a: Clefable\n|\n|upkeep\n|turn|16\n|\n|t:|1659461116\n|switch|p2a: Mandibuzz|Mandibuzz, F|66\/100 brn\n|move|p1a: Landorus|U-turn|p2a: Mandibuzz\n|-damage|p2a: Mandibuzz|51\/100 brn\n|\n|t:|1659461119\n|switch|p1a: Urshifu|Urshifu-Rapid-Strike, M|100\/100|[from]move: U-turn\n|\n|-damage|p2a: Mandibuzz|44\/100 brn|[from] brn\n|upkeep\n|turn|17\n|\n|t:|1659461123\n|move|p1a: Urshifu|Surging Strikes|p2a: Mandibuzz\n|-crit|p2a: Mandibuzz\n|-damage|p2a: Mandibuzz|30\/100 brn\n|-crit|p2a: Mandibuzz\n|-damage|p2a: Mandibuzz|16\/100 brn\n|-crit|p2a: Mandibuzz\n|-damage|p2a: Mandibuzz|0 fnt\n|faint|p2a: Mandibuzz\n|-hitcount|p2: Mandibuzz|3\n|\n|-fieldend|move: Psychic Terrain\n|upkeep\n|\n|t:|1659461128\n|switch|p2a: Tapu Bulu|Tapu Bulu|83\/100\n|-fieldstart|move: Grassy Terrain|[from] ability: Grassy Surge|[of] p2a: Tapu Bulu\n|turn|18\n|\n|t:|1659461130\n|move|p1a: Urshifu|U-turn|p2a: Tapu Bulu\n|-damage|p2a: Tapu Bulu|56\/100\n|\n|t:|1659461132\n|switch|p1a: Tornadus|Tornadus-Therian, M|100\/100 brn|[from]move: U-turn\n|move|p2a: Tapu Bulu|Horn Leech|p1a: Tornadus\n|-resisted|p1a: Tornadus\n|-damage|p1a: Tornadus|68\/100 brn\n|-heal|p2a: Tapu Bulu|77\/100|[from] drain|[of] p1a: Tornadus\n|-damage|p2a: Tapu Bulu|67\/100|[from] item: Life Orb\n|\n|-heal|p2a: Tapu Bulu|73\/100|[from] Grassy Terrain\n|-damage|p1a: Tornadus|62\/100 brn|[from] brn\n|upkeep\n|turn|19\n|\n|t:|1659461136\n|move|p1a: Tornadus|Hurricane|p2a: Tapu Bulu|[miss]\n|-miss|p1a: Tornadus|p2a: Tapu Bulu\n|move|p2a: Tapu Bulu|Stone Edge|p1a: Tornadus\n|-supereffective|p1a: Tornadus\n|-damage|p1a: Tornadus|0 fnt\n|faint|p1a: Tornadus\n|-damage|p2a: Tapu Bulu|63\/100|[from] item: Life Orb\n|\n|-heal|p2a: Tapu Bulu|69\/100|[from] Grassy Terrain\n|upkeep\n|\n|t:|1659461139\n|switch|p1a: Tapu Lele|Tapu Lele|100\/100\n|-fieldstart|move: Psychic Terrain|[from] ability: Psychic Surge|[of] p1a: Tapu Lele\n|turn|20\n|\n|t:|1659461143\n|switch|p2a: Clefable|Clefable, M|40\/100\n|move|p1a: Tapu Lele|Psyshock|p2a: Clefable\n|-damage|p2a: Clefable|0 fnt\n|faint|p2a: Clefable\n|\n|upkeep\n|\n|t:|1659461146\n|switch|p2a: Tapu Bulu|Tapu Bulu|69\/100\n|-fieldstart|move: Grassy Terrain|[from] ability: Grassy Surge|[of] p2a: Tapu Bulu\n|turn|21\n|\n|t:|1659461168\n|move|p1a: Tapu Lele|Psyshock|p2a: Tapu Bulu\n|-damage|p2a: Tapu Bulu|20\/100\n|move|p2a: Tapu Bulu|Horn Leech|p1a: Tapu Lele\n|-damage|p1a: Tapu Lele|0 fnt\n|-heal|p2a: Tapu Bulu|70\/100|[from] drain|[of] p1a: Tapu Lele\n|faint|p1a: Tapu Lele\n|-damage|p2a: Tapu Bulu|60\/100|[from] item: Life Orb\n|\n|-heal|p2a: Tapu Bulu|66\/100|[from] Grassy Terrain\n|upkeep\n|\n|t:|1659461172\n|switch|p1a: Dragapult|Dragapult, M|57\/100\n|turn|22\n|\n|t:|1659461183\n|switch|p2a: Keldeo|Keldeo-Resolute|88\/100\n|move|p1a: Dragapult|Shadow Ball|p2a: Keldeo\n|-damage|p2a: Keldeo|32\/100\n|\n|-heal|p1a: Dragapult|63\/100|[from] Grassy Terrain\n|-heal|p2a: Keldeo|39\/100|[from] Grassy Terrain\n|-heal|p2a: Keldeo|45\/100|[from] item: Leftovers\n|upkeep\n|turn|23\n|\n|t:|1659461189\n|switch|p2a: Zeraora|Zeraora|100\/100\n|move|p1a: Dragapult|Shadow Ball|p2a: Zeraora\n|-damage|p2a: Zeraora|31\/100\n|-unboost|p2a: Zeraora|spd|1\n|\n|-heal|p2a: Zeraora|37\/100|[from] Grassy Terrain\n|-heal|p1a: Dragapult|69\/100|[from] Grassy Terrain\n|upkeep\n|turn|24\n|\n|t:|1659461197\n|switch|p1a: Urshifu|Urshifu-Rapid-Strike, M|100\/100\n|move|p2a: Zeraora|Knock Off|p1a: Urshifu\n|-resisted|p1a: Urshifu\n|-damage|p1a: Urshifu|86\/100\n|-enditem|p1a: Urshifu|Protective Pads|[from] move: Knock Off|[of] p2a: Zeraora\n|\n|-heal|p2a: Zeraora|43\/100|[from] Grassy Terrain\n|-heal|p1a: Urshifu|92\/100|[from] Grassy Terrain\n|upkeep\n|turn|25\n|\n|t:|1659461201\n|switch|p1a: Landorus|Landorus-Therian, M|92\/100\n|-ability|p1a: Landorus|Intimidate|boost\n|-unboost|p2a: Zeraora|atk|1\n|move|p2a: Zeraora|Plasma Fists|p1a: Landorus\n|-immune|p1a: Landorus\n|\n|-heal|p2a: Zeraora|49\/100|[from] Grassy Terrain\n|-fieldend|move: Grassy Terrain\n|upkeep\n|turn|26\n|\n|t:|1659461209\n|move|p2a: Zeraora|Bulk Up|p2a: Zeraora\n|-boost|p2a: Zeraora|atk|1\n|-boost|p2a: Zeraora|def|1\n|move|p1a: Landorus|U-turn|p2a: Zeraora\n|-damage|p2a: Zeraora|30\/100\n|\n|t:|1659461212\n|switch|p1a: Dragapult|Dragapult, M|69\/100|[from]move: U-turn\n|\n|upkeep\n|turn|27\n|\n|t:|1659461220\n|switch|p2a: Tapu Bulu|Tapu Bulu|66\/100\n|-fieldstart|move: Grassy Terrain|[from] ability: Grassy Surge|[of] p2a: Tapu Bulu\n|switch|p1a: Landorus|Landorus-Therian, M|92\/100\n|-ability|p1a: Landorus|Intimidate|boost\n|-unboost|p2a: Tapu Bulu|atk|1\n|\n|-heal|p2a: Tapu Bulu|72\/100|[from] Grassy Terrain\n|upkeep\n|turn|28\n|\n|t:|1659461228\n|switch|p1a: Urshifu|Urshifu-Rapid-Strike, M|92\/100\n|move|p2a: Tapu Bulu|Horn Leech|p1a: Urshifu\n|-supereffective|p1a: Urshifu\n|-damage|p1a: Urshifu|3\/100\n|-heal|p2a: Tapu Bulu|100\/100|[from] drain|[of] p1a: Urshifu\n|-damage|p2a: Tapu Bulu|91\/100|[from] item: Life Orb\n|\n|-heal|p1a: Urshifu|9\/100|[from] Grassy Terrain\n|-heal|p2a: Tapu Bulu|97\/100|[from] Grassy Terrain\n|upkeep\n|turn|29\n|\n|t:|1659461235\n|move|p1a: Urshifu|Surging Strikes|p2a: Tapu Bulu\n|-resisted|p2a: Tapu Bulu\n|-crit|p2a: Tapu Bulu\n|-damage|p2a: Tapu Bulu|84\/100\n|-resisted|p2a: Tapu Bulu\n|-crit|p2a: Tapu Bulu\n|-damage|p2a: Tapu Bulu|72\/100\n|-resisted|p2a: Tapu Bulu\n|-crit|p2a: Tapu Bulu\n|-damage|p2a: Tapu Bulu|59\/100\n|-hitcount|p2a: Tapu Bulu|3\n|move|p2a: Tapu Bulu|Horn Leech|p1a: Urshifu\n|-supereffective|p1a: Urshifu\n|-damage|p1a: Urshifu|0 fnt\n|-heal|p2a: Tapu Bulu|65\/100|[from] drain|[of] p1a: Urshifu\n|faint|p1a: Urshifu\n|-damage|p2a: Tapu Bulu|55\/100|[from] item: Life Orb\n|\n|-heal|p2a: Tapu Bulu|61\/100|[from] Grassy Terrain\n|upkeep\n|\n|t:|1659461238\n|switch|p1a: Dragapult|Dragapult, M|69\/100\n|turn|30\n|\n|t:|1659461248\n|move|p1a: Dragapult|Shadow Ball|p2a: Tapu Bulu\n|-damage|p2a: Tapu Bulu|0 fnt\n|faint|p2a: Tapu Bulu\n|\n|-heal|p1a: Dragapult|75\/100|[from] Grassy Terrain\n|upkeep\n|\n|t:|1659461251\n|switch|p2a: Zeraora|Zeraora|30\/100\n|turn|31\n|j| Chose Truc\n|\n|t:|1659461259\n|switch|p2a: Keldeo|Keldeo-Resolute|45\/100\n|switch|p1a: Landorus|Landorus-Therian, M|92\/100\n|-ability|p1a: Landorus|Intimidate|boost\n|-unboost|p2a: Keldeo|atk|1\n|\n|-heal|p2a: Keldeo|51\/100|[from] Grassy Terrain\n|-heal|p2a: Keldeo|57\/100|[from] item: Leftovers\n|-fieldend|move: Grassy Terrain\n|upkeep\n|turn|32\n|\n|t:|1659461267\n|switch|p1a: Dragapult|Dragapult, M|75\/100\n|move|p2a: Keldeo|Scald|p1a: Dragapult\n|-resisted|p1a: Dragapult\n|-damage|p1a: Dragapult|46\/100\n|\n|-heal|p2a: Keldeo|63\/100|[from] item: Leftovers\n|upkeep\n|turn|33\n|\n|t:|1659461282\n|move|p1a: Dragapult|Draco Meteor|p2a: Keldeo\n|-damage|p2a: Keldeo|0 fnt\n|-unboost|p1a: Dragapult|spa|2\n|faint|p2a: Keldeo\n|\n|upkeep\n|-message|LT91BB mimilimi \u266b\u262f forfeited.\n|\n|win|himynametay\n|raw|himynametay's rating: 1561 &rarr; <strong>1583<\/strong><br \/>(+22 for winning)\n|raw|LT91BB mimilimi \u266b\u262f's rating: 1601 &rarr; <strong>1579<\/strong><br \/>(-22 for losing)\n|l|\u2606LT91BB mimilimi \u266b\u262f\n|l| Chose Truc\n||Ladder isn't responding, score probably updated but might not have (Request timeout).\n","uploadtime":1659461293,"views":9,"p1id":"himynametay","p2id":"lt91bbmimilimi","formatid":"gen8ou","rating":1579,"private":0,"password":null}