{"id":"gen8nationaldex-1693775903","p1":"Shinjou Akane","p2":"ginginess","format":"gen8nationaldex","log":"|j|\u2606Shinjou Akane\n|j|\u2606ginginess\n|t:|1666635273\n|gametype|singles\n|player|p1|Shinjou Akane|nurse|1331\n|player|p2|ginginess|youngn|1324\n|teamsize|p1|6\n|teamsize|p2|6\n|gen|8\n|tier|[Gen 8] National Dex\n|rated|\n|rule|HP Percentage Mod: HP is shown in percentages\n|rule|Endless Battle Clause: Forcing endless battles is banned\n|rule|OHKO Clause: OHKO moves are banned\n|rule|Evasion Moves Clause: Evasion moves are banned\n|rule|Species Clause: Limit one of each Pok\u00e9mon\n|rule|Dynamax Clause: You cannot dynamax\n|rule|Sleep Clause Mod: Limit one foe put to sleep\n|clearpoke\n|poke|p1|Kartana|\n|poke|p1|Victini|\n|poke|p1|Tapu Fini|\n|poke|p1|Landorus-Therian, M|\n|poke|p1|Weavile, F|\n|poke|p1|Charizard, M|\n|poke|p2|Kyurem|\n|poke|p2|Gliscor, M|\n|poke|p2|Lopunny, F|\n|poke|p2|Tapu Koko|\n|poke|p2|Greninja, M|\n|poke|p2|Magnezone|\n|teampreview\n|\n|t:|1666635291\n|start\n|switch|p1a: Weavile|Weavile, F|100\/100\n|switch|p2a: Greninja|Greninja, M|100\/100\n|-ability|p1a: Weavile|Pressure\n|turn|1\n|\n|t:|1666635304\n|switch|p1a: Tapu Fini|Tapu Fini|100\/100\n|-fieldstart|move: Misty Terrain|[from] ability: Misty Surge|[of] p1a: Tapu Fini\n|move|p2a: Greninja|U-turn|p1a: Tapu Fini\n|-start|p2a: Greninja|typechange|Bug|[from] ability: Protean\n|-resisted|p1a: Tapu Fini\n|-damage|p1a: Tapu Fini|91\/100\n|\n|t:|1666635322\n|switch|p2a: Kyurem|Kyurem|100\/100|[from]move: U-turn\n|-ability|p2a: Kyurem|Pressure\n|\n|-heal|p1a: Tapu Fini|98\/100|[from] item: Leftovers\n|upkeep\n|turn|2\n|\n|t:|1666635332\n|switch|p1a: Victini|Victini|100\/100\n|move|p2a: Kyurem|Freeze-Dry|p1a: Victini\n|-resisted|p1a: Victini\n|-damage|p1a: Victini|80\/100\n|\n|upkeep\n|turn|3\n|\n|t:|1666635344\n|switch|p2a: Greninja|Greninja, M|100\/100\n|move|p1a: Victini|V-create|p2a: Greninja\n|-resisted|p2a: Greninja\n|-damage|p2a: Greninja|34\/100\n|-unboost|p1a: Victini|spe|1\n|-unboost|p1a: Victini|def|1\n|-unboost|p1a: Victini|spd|1\n|\n|upkeep\n|turn|4\n|\n|t:|1666635350\n|switch|p1a: Tapu Fini|Tapu Fini|98\/100\n|move|p2a: Greninja|U-turn|p1a: Tapu Fini\n|-start|p2a: Greninja|typechange|Bug|[from] ability: Protean\n|-resisted|p1a: Tapu Fini\n|-damage|p1a: Tapu Fini|89\/100\n|\n|t:|1666635368\n|switch|p2a: Kyurem|Kyurem|100\/100|[from]move: U-turn\n|-ability|p2a: Kyurem|Pressure\n|\n|-heal|p1a: Tapu Fini|95\/100|[from] item: Leftovers\n|upkeep\n|turn|5\n|\n|t:|1666635375\n|move|p2a: Kyurem|Earth Power|p1a: Tapu Fini\n|-damage|p1a: Tapu Fini|73\/100\n|move|p1a: Tapu Fini|Moonblast|p2a: Kyurem\n|-supereffective|p2a: Kyurem\n|-crit|p2a: Kyurem\n|-damage|p2a: Kyurem|3\/100\n|\n|-heal|p1a: Tapu Fini|79\/100|[from] item: Leftovers\n|-fieldend|Misty Terrain\n|upkeep\n|turn|6\n|\n|t:|1666635383\n|move|p2a: Kyurem|Freeze-Dry|p1a: Tapu Fini\n|-supereffective|p1a: Tapu Fini\n|-damage|p1a: Tapu Fini|31\/100\n|move|p1a: Tapu Fini|Moonblast|p2a: Kyurem\n|-supereffective|p2a: Kyurem\n|-damage|p2a: Kyurem|0 fnt\n|faint|p2a: Kyurem\n|\n|-heal|p1a: Tapu Fini|37\/100|[from] item: Leftovers\n|upkeep\n|\n|t:|1666635395\n|switch|p2a: Greninja|Greninja, M|34\/100\n|turn|7\n|\n|t:|1666635398\n|move|p2a: Greninja|Gunk Shot|p1a: Tapu Fini|[miss]\n|-start|p2a: Greninja|typechange|Poison|[from] ability: Protean\n|-miss|p2a: Greninja|p1a: Tapu Fini\n|move|p1a: Tapu Fini|Moonblast|p2a: Greninja\n|-resisted|p2a: Greninja\n|-damage|p2a: Greninja|9\/100\n|\n|-heal|p1a: Tapu Fini|43\/100|[from] item: Leftovers\n|upkeep\n|turn|8\n|\n|t:|1666635404\n|switch|p1a: Kartana|Kartana|100\/100\n|move|p2a: Greninja|Gunk Shot|p1a: Kartana\n|-immune|p1a: Kartana\n|\n|upkeep\n|turn|9\n|\n|t:|1666635410\n|move|p2a: Greninja|U-turn|p1a: Kartana\n|-start|p2a: Greninja|typechange|Bug|[from] ability: Protean\n|-damage|p1a: Kartana|79\/100\n|\n|t:|1666635415\n|switch|p2a: Magnezone|Magnezone|100\/100|[from]move: U-turn\n|move|p1a: Kartana|Knock Off|p2a: Magnezone\n|-damage|p2a: Magnezone|59\/100\n|-enditem|p2a: Magnezone|Choice Specs|[from] move: Knock Off|[of] p1a: Kartana\n|\n|upkeep\n|turn|10\n|\n|t:|1666635419\n|move|p1a: Kartana|Knock Off|p2a: Magnezone\n|-damage|p2a: Magnezone|32\/100\n|move|p2a: Magnezone|Hidden Power|p1a: Kartana\n|-supereffective|p1a: Kartana\n|-damage|p1a: Kartana|0 fnt\n|faint|p1a: Kartana\n|\n|upkeep\n|\n|t:|1666635424\n|switch|p1a: Charizard|Charizard, M|100\/100\n|turn|11\n|\n|t:|1666635436\n|detailschange|p1a: Charizard|Charizard-Mega-Y, M\n|-mega|p1a: Charizard|Charizard|Charizardite Y\n|-weather|SunnyDay|[from] ability: Drought|[of] p1a: Charizard\n|move|p1a: Charizard|Weather Ball|p2a: Magnezone\n|-supereffective|p2a: Magnezone\n|-damage|p2a: Magnezone|0 fnt\n|faint|p2a: Magnezone\n|\n|-weather|SunnyDay|[upkeep]\n|upkeep\n|\n|t:|1666635448\n|switch|p2a: Greninja|Greninja, M|9\/100\n|turn|12\n|\n|t:|1666635452\n|switch|p1a: Landorus|Landorus-Therian, M|100\/100\n|-ability|p1a: Landorus|Intimidate|boost\n|-unboost|p2a: Greninja|atk|1\n|move|p2a: Greninja|Ice Beam|p1a: Landorus\n|-start|p2a: Greninja|typechange|Ice|[from] ability: Protean\n|-supereffective|p1a: Landorus\n|-crit|p1a: Landorus\n|-damage|p1a: Landorus|0 fnt\n|faint|p1a: Landorus\n|\n|-weather|SunnyDay|[upkeep]\n|upkeep\n|\n|t:|1666635462\n|switch|p1a: Victini|Victini|80\/100\n|turn|13\n|\n|t:|1666635466\n|move|p1a: Victini|U-turn|p2a: Greninja\n|-damage|p2a: Greninja|0 fnt\n|faint|p2a: Greninja\n|\n|t:|1666635472\n|switch|p1a: Charizard|Charizard-Mega-Y, M|100\/100|[from]move: U-turn\n|\n|-weather|SunnyDay|[upkeep]\n|upkeep\n|\n|t:|1666635481\n|switch|p2a: Lopunny|Lopunny, F|100\/100\n|turn|14\n|\n|t:|1666635484\n|detailschange|p2a: Lopunny|Lopunny-Mega, F\n|-mega|p2a: Lopunny|Lopunny|Lopunnite\n|move|p2a: Lopunny|Fake Out|p1a: Charizard\n|-damage|p1a: Charizard|69\/100\n|cant|p1a: Charizard|flinch\n|\n|-weather|SunnyDay|[upkeep]\n|upkeep\n|turn|15\n|\n|t:|1666635493\n|switch|p1a: Victini|Victini|80\/100\n|move|p2a: Lopunny|Return|p1a: Victini\n|-damage|p1a: Victini|21\/100\n|\n|-weather|none\n|upkeep\n|turn|16\n|\n|t:|1666635504\n|switch|p2a: Gliscor|Gliscor, M|100\/100\n|move|p1a: Victini|V-create|p2a: Gliscor\n|-damage|p2a: Gliscor|40\/100\n|-unboost|p1a: Victini|spe|1\n|-unboost|p1a: Victini|def|1\n|-unboost|p1a: Victini|spd|1\n|\n|-status|p2a: Gliscor|tox|[from] item: Toxic Orb\n|upkeep\n|turn|17\n|\n|t:|1666635514\n|move|p1a: Victini|V-create|p2a: Gliscor\n|-damage|p2a: Gliscor|0 fnt\n|-unboost|p1a: Victini|spe|1\n|-unboost|p1a: Victini|def|1\n|-unboost|p1a: Victini|spd|1\n|faint|p2a: Gliscor\n|\n|upkeep\n|\n|t:|1666635519\n|switch|p2a: Tapu Koko|Tapu Koko|100\/100\n|-fieldstart|move: Electric Terrain|[from] ability: Electric Surge|[of] p2a: Tapu Koko\n|turn|18\n|\n|t:|1666635524\n|switch|p1a: Weavile|Weavile, F|100\/100\n|-ability|p1a: Weavile|Pressure\n|move|p2a: Tapu Koko|Thunderbolt|p1a: Weavile\n|-damage|p1a: Weavile|35\/100\n|\n|upkeep\n|turn|19\n|\n|t:|1666635530\n|move|p1a: Weavile|Ice Shard|p2a: Tapu Koko\n|-damage|p2a: Tapu Koko|62\/100\n|move|p2a: Tapu Koko|Thunderbolt|p1a: Weavile\n|-damage|p1a: Weavile|0 fnt\n|faint|p1a: Weavile\n|\n|upkeep\n|\n|t:|1666635532\n|switch|p1a: Victini|Victini|21\/100\n|turn|20\n|\n|t:|1666635542\n|move|p1a: Victini|V-create|p2a: Tapu Koko\n|-damage|p2a: Tapu Koko|0 fnt\n|-unboost|p1a: Victini|spe|1\n|-unboost|p1a: Victini|def|1\n|-unboost|p1a: Victini|spd|1\n|faint|p2a: Tapu Koko\n|\n|upkeep\n|\n|t:|1666635544\n|switch|p2a: Lopunny|Lopunny-Mega, F|100\/100\n|turn|21\n|\n|t:|1666635550\n|switch|p1a: Charizard|Charizard-Mega-Y, M|69\/100\n|-weather|SunnyDay|[from] ability: Drought|[of] p1a: Charizard\n|move|p2a: Lopunny|Fake Out|p1a: Charizard\n|-damage|p1a: Charizard|39\/100\n|\n|-weather|SunnyDay|[upkeep]\n|upkeep\n|turn|22\n|\n|t:|1666635557\n|move|p2a: Lopunny|Return|p1a: Charizard\n|-damage|p1a: Charizard|0 fnt\n|faint|p1a: Charizard\n|\n|-weather|SunnyDay|[upkeep]\n|-fieldend|move: Electric Terrain\n|upkeep\n|\n|t:|1666635563\n|switch|p1a: Tapu Fini|Tapu Fini|43\/100\n|-fieldstart|move: Misty Terrain|[from] ability: Misty Surge|[of] p1a: Tapu Fini\n|turn|23\n|\n|t:|1666635570\n|move|p2a: Lopunny|Return|p1a: Tapu Fini\n|-damage|p1a: Tapu Fini|0 fnt\n|faint|p1a: Tapu Fini\n|\n|-weather|SunnyDay|[upkeep]\n|upkeep\n|\n|t:|1666635575\n|switch|p1a: Victini|Victini|21\/100\n|turn|24\n|\n|t:|1666635581\n|move|p1a: Victini|V-create|p2a: Lopunny\n|-damage|p2a: Lopunny|0 fnt\n|-unboost|p1a: Victini|spe|1\n|-unboost|p1a: Victini|def|1\n|-unboost|p1a: Victini|spd|1\n|faint|p2a: Lopunny\n|\n|win|Shinjou Akane\n|raw|Shinjou Akane's rating: 1331 &rarr; <strong>1351<\/strong><br \/>(+20 for winning)\n|raw|ginginess's rating: 1324 &rarr; <strong>1304<\/strong><br \/>(-20 for losing)\n","uploadtime":1666635589,"views":7,"p1id":"shinjouakane","p2id":"ginginess","formatid":"gen8nationaldex","rating":1304,"private":0,"password":null}