{"id":"gen8balancedhackmons-1698123869","p1":"Faygos","p2":"OM~!","format":"gen8balancedhackmons","log":"|j|\u2606Faygos\n|j|\u2606OM~!\n|t:|1667078378\n|gametype|singles\n|player|p1|Faygos|2|\n|player|p2|OM~!|#om|\n|teamsize|p1|6\n|teamsize|p2|6\n|gen|8\n|tier|[Gen 8] Balanced Hackmons\n|rule|OHKO Clause: OHKO moves are banned\n|rule|Evasion Moves Clause: Evasion moves are banned\n|rule|Forme Clause: Limit one of each forme of a Pok\u00e9mon\n|rule|HP Percentage Mod: HP is shown in percentages\n|rule|Dynamax Clause: You cannot dynamax\n|rule|Sleep Clause: Sleep-inducing moves are banned\n|rule|Endless Battle Clause: Forcing endless battles is banned\n|clearpoke\n|poke|p1|Kyurem-White|\n|poke|p1|Zamazenta-Crowned|\n|poke|p1|Zygarde-Complete|\n|poke|p1|Kyurem-Black|\n|poke|p1|Palkia|\n|poke|p1|Ferrothorn, M|\n|poke|p2|Xerneas-*|\n|poke|p2|Regigigas|\n|poke|p2|Eternatus|\n|poke|p2|Chansey, F|\n|poke|p2|Ho-Oh|\n|poke|p2|Giratina|\n|teampreview\n|inactive|Battle timer is ON: inactive players will automatically lose when time's up. (requested by Faygos)\n|c|\u2606Faygos|\/log Faygos made this room public.\n|j| MickeyMouseTier\n|j| derpyboi\n|c|\u2606OM~!|le mickey mouse tier\n|inactive|Faygos has 270 seconds left.\n|j| oaklies\n|c|\u2606Faygos|this is really a mickey mouse tier cant lie\n|c|\u2606OM~!|lmao\n|\n|t:|1667078432\n|start\n|switch|p1a: Ferrothorn|Ferrothorn, M|100\/100\n|switch|p2a: Giratina|Giratina|100\/100\n|turn|1\n|\n|t:|1667078446\n|move|p2a: Giratina|Nuzzle|p1a: Ferrothorn\n|-resisted|p1a: Ferrothorn\n|-damage|p1a: Ferrothorn|99\/100\n|-status|p1a: Ferrothorn|par\n|cant|p1a: Ferrothorn|par\n|\n|-heal|p1a: Ferrothorn|100\/100 par|[from] item: Leftovers\n|upkeep\n|turn|2\n|\n|t:|1667078463\n|move|p1a: Ferrothorn|Nuzzle|p2a: Giratina\n|-resisted|p2a: Giratina\n|-damage|p2a: Giratina|99\/100\n|-status|p2a: Giratina|par\n|-damage|p1a: Ferrothorn|84\/100 par|[from] item: Rocky Helmet|[of] p2a: Giratina\n|move|p2a: Giratina|Teleport|p2a: Giratina\n|\n|t:|1667078469\n|switch|p2a: Regigigas|Regigigas|100\/100|[from]move: Teleport\n|\n|-heal|p1a: Ferrothorn|90\/100 par|[from] item: Leftovers\n|-status|p2a: Regigigas|tox|[from] item: Toxic Orb\n|upkeep\n|turn|3\n|\n|t:|1667078485\n|switch|p2a: Giratina|Giratina|99\/100 par\n|switch|p1a: Zamazenta|Zamazenta-Crowned|100\/100\n|\n|upkeep\n|turn|4\n|\n|t:|1667078496\n|switch|p1a: Zygarde|Zygarde-Complete|100\/100\n|move|p2a: Giratina|Nuzzle|p1a: Zygarde\n|-immune|p1a: Zygarde\n|\n|upkeep\n|turn|5\n|\n|t:|1667078501\n|move|p1a: Zygarde|Substitute|p1a: Zygarde\n|-start|p1a: Zygarde|Substitute\n|-damage|p1a: Zygarde|75\/100\n|move|p2a: Giratina|Teleport|p2a: Giratina\n|\n|t:|1667078503\n|switch|p2a: Xerneas|Xerneas|100\/100|[from]move: Teleport\n|\n|-heal|p1a: Zygarde|82\/100|[from] item: Leftovers\n|upkeep\n|turn|6\n|\n|t:|1667078510\n|move|p2a: Xerneas|Boomburst|p1a: Zygarde\n|-immune|p1a: Zygarde|[from] ability: Soundproof\n|move|p1a: Zygarde|Baton Pass|p1a: Zygarde\n|c|\u2606OM~!|o\n|c|\u2606OM~!|le gross mon has arrived\n|\n|t:|1667078524\n|switch|p1a: Zamazenta|Zamazenta-Crowned|100\/100|[from]move: Baton Pass\n|\n|upkeep\n|turn|7\n|\n|t:|1667078543\n|move|p1a: Zamazenta|Wicked Blow|p2a: Xerneas\n|-resisted|p2a: Xerneas\n|-crit|p2a: Xerneas\n|-damage|p2a: Xerneas|81\/100\n|move|p2a: Xerneas|Boomburst|p1a: Zamazenta\n|-damage|p1a: Zamazenta|24\/100\n|\n|upkeep\n|turn|8\n|\n|t:|1667078553\n|switch|p2a: Giratina|Giratina|99\/100 par\n|move|p1a: Zamazenta|Sunsteel Strike|p2a: Giratina\n|-damage|p2a: Giratina|66\/100 par\n|-damage|p1a: Zamazenta|8\/100|[from] item: Rocky Helmet|[of] p2a: Giratina\n|\n|upkeep\n|turn|9\n|\n|t:|1667078562\n|move|p1a: Zamazenta|Wicked Blow|p2a: Giratina\n|-supereffective|p2a: Giratina\n|-crit|p2a: Giratina\n|-damage|p2a: Giratina|1\/100 par\n|-damage|p1a: Zamazenta|0 fnt|[from] item: Rocky Helmet|[of] p2a: Giratina\n|faint|p1a: Zamazenta\n|move|p2a: Giratina|Entrainment|p1: Zamazenta|[notarget]\n|-fail|p2a: Giratina\n|\n|upkeep\n|\n|t:|1667078571\n|switch|p1a: Kyurem|Kyurem-White|100\/100\n|turn|10\n|\n|t:|1667078599\n|switch|p2a: Chansey|Chansey, F|100\/100\n|-transform|p2a: Chansey|p1a: Kyurem|[from] ability: Imposter\n|move|p1a: Kyurem|Volt Switch|p2a: Chansey\n|-resisted|p2a: Chansey\n|-damage|p2a: Chansey|94\/100\n|\n|t:|1667078613\n|switch|p1a: Palkia|Palkia|100\/100|[from]move: Volt Switch\n|\n|upkeep\n|turn|11\n|\n|t:|1667078623\n|move|p1a: Palkia|Dragon Energy|p2a: Chansey\n|-supereffective|p2a: Chansey\n|-damage|p2a: Chansey|43\/100\n|move|p2a: Chansey|Boomburst|p1a: Palkia\n|-damage|p1a: Palkia|19\/100\n|\n|upkeep\n|turn|12\n|inactive|Faygos has 270 seconds left.\n|\n|t:|1667078661\n|switch|p1a: Ferrothorn|Ferrothorn, M|90\/100 par\n|switch|p2a: Xerneas|Xerneas|81\/100\n|\n|-heal|p1a: Ferrothorn|97\/100 par|[from] item: Leftovers\n|upkeep\n|turn|13\n|inactive|Faygos has 270 seconds left.\n|\n|t:|1667078667\n|switch|p1a: Zygarde|Zygarde-Complete|82\/100\n|move|p2a: Xerneas|Volt Switch|p1a: Zygarde\n|-immune|p1a: Zygarde\n|\n|-heal|p1a: Zygarde|88\/100|[from] item: Leftovers\n|upkeep\n|turn|14\n|\n|t:|1667078675\n|switch|p2a: Ho-Oh|Ho-Oh|100\/100\n|move|p1a: Zygarde|Wish|p1a: Zygarde\n|\n|-heal|p1a: Zygarde|94\/100|[from] item: Leftovers\n|upkeep\n|turn|15\n|\n|t:|1667078684\n|move|p2a: Ho-Oh|Glacial Lance|p1a: Zygarde\n|-supereffective|p1a: Zygarde\n|-damage|p1a: Zygarde|21\/100\n|move|p1a: Zygarde|Substitute|p1a: Zygarde\n|-fail|p1a: Zygarde|move: Substitute|[weak]\n|\n|-heal|p1a: Zygarde|71\/100|[from] move: Wish|[wisher] Zygarde\n|-heal|p1a: Zygarde|77\/100|[from] item: Leftovers\n|upkeep\n|turn|16\n|\n|t:|1667078700\n|move|p1a: Zygarde|Baneful Bunker|p1a: Zygarde\n|-singleturn|p1a: Zygarde|move: Protect\n|move|p2a: Ho-Oh|Fire Lash|p1a: Zygarde\n|-activate|p1a: Zygarde|move: Protect\n|-status|p2a: Ho-Oh|psn\n|\n|-heal|p1a: Zygarde|83\/100|[from] item: Leftovers\n|-damage|p2a: Ho-Oh|88\/100 psn|[from] psn\n|upkeep\n|turn|17\n|\n|t:|1667078706\n|move|p2a: Ho-Oh|Glacial Lance|p1a: Zygarde\n|-supereffective|p1a: Zygarde\n|-damage|p1a: Zygarde|18\/100\n|move|p1a: Zygarde|Wish|p1a: Zygarde\n|\n|-heal|p1a: Zygarde|24\/100|[from] item: Leftovers\n|-damage|p2a: Ho-Oh|75\/100 psn|[from] psn\n|upkeep\n|turn|18\n|\n|t:|1667078713\n|switch|p2a: Eternatus|Eternatus|100\/100\n|move|p1a: Zygarde|Baneful Bunker||[still]\n|-fail|p1a: Zygarde\n|\n|-heal|p1a: Zygarde|74\/100|[from] move: Wish|[wisher] Zygarde\n|-heal|p1a: Zygarde|80\/100|[from] item: Leftovers\n|upkeep\n|turn|19\n|c|\u2606Faygos|time to lose now\n|\n|t:|1667078728\n|switch|p1a: Ferrothorn|Ferrothorn, M|97\/100 par\n|move|p2a: Eternatus|Dragon Energy|p1a: Ferrothorn\n|-resisted|p1a: Ferrothorn\n|-damage|p1a: Ferrothorn|42\/100 par\n|\n|-heal|p1a: Ferrothorn|48\/100 par|[from] item: Leftovers\n|upkeep\n|turn|20\n|c|\u2606OM~!|etern is a dumb mon\n|c|\u2606Faygos|wrapped\n|c|\u2606Faygos|lol\n|\n|t:|1667078735\n|move|p2a: Eternatus|Dragon Energy|p1a: Ferrothorn\n|-resisted|p1a: Ferrothorn\n|-damage|p1a: Ferrothorn|0 fnt\n|faint|p1a: Ferrothorn\n|\n|upkeep\n|\n|t:|1667078741\n|switch|p1a: Kyurem|Kyurem-Black|100\/100\n|turn|21\n|\n|t:|1667078743\n|switch|p2a: Giratina|Giratina|1\/100 par\n|move|p1a: Kyurem|Glacial Lance|p2a: Giratina\n|-supereffective|p2a: Giratina\n|-damage|p2a: Giratina|0 fnt\n|faint|p2a: Giratina\n|\n|upkeep\n|\n|t:|1667078751\n|switch|p2a: Xerneas|Xerneas|81\/100\n|turn|22\n|\n|t:|1667078756\n|switch|p1a: Zygarde|Zygarde-Complete|80\/100\n|move|p2a: Xerneas|Boomburst|p1a: Zygarde\n|-immune|p1a: Zygarde|[from] ability: Soundproof\n|\n|-heal|p1a: Zygarde|86\/100|[from] item: Leftovers\n|upkeep\n|turn|23\n|\n|t:|1667078762\n|switch|p2a: Regigigas|Regigigas|100\/100 tox\n|move|p1a: Zygarde|Wish|p1a: Zygarde\n|\n|-heal|p1a: Zygarde|92\/100|[from] item: Leftovers\n|upkeep\n|turn|24\n|\n|t:|1667078768\n|move|p2a: Regigigas|Spikes|p1a: Zygarde\n|-sidestart|p1: Faygos|Spikes\n|move|p1a: Zygarde|Substitute|p1a: Zygarde\n|-start|p1a: Zygarde|Substitute\n|-damage|p1a: Zygarde|67\/100\n|\n|-heal|p1a: Zygarde|100\/100|[from] move: Wish|[wisher] Zygarde\n|upkeep\n|turn|25\n|\n|t:|1667078778\n|move|p2a: Regigigas|Facade|p1a: Zygarde\n|-end|p1a: Zygarde|Substitute\n|move|p1a: Zygarde|Baton Pass|p1a: Zygarde\n|\n|t:|1667078787\n|switch|p1a: Palkia|Palkia|19\/100|[from]move: Baton Pass\n|-damage|p1a: Palkia|6\/100|[from] Spikes\n|\n|upkeep\n|turn|26\n|\n|t:|1667078801\n|move|p1a: Palkia|Strength Sap|p2a: Regigigas\n|-unboost|p2a: Regigigas|atk|1\n|-heal|p1a: Palkia|100\/100\n|move|p2a: Regigigas|Flip Turn|p1a: Palkia\n|-resisted|p1a: Palkia\n|-damage|p1a: Palkia|99\/100\n|\n|t:|1667078808\n|switch|p2a: Xerneas|Xerneas|81\/100|[from]move: Flip Turn\n|\n|upkeep\n|turn|27\n|\n|t:|1667078815\n|switch|p1a: Zygarde|Zygarde-Complete|100\/100\n|-damage|p1a: Zygarde|88\/100|[from] Spikes\n|move|p2a: Xerneas|Extreme Speed|p1a: Zygarde\n|-supereffective|p1a: Zygarde\n|-damage|p1a: Zygarde|52\/100\n|\n|-heal|p1a: Zygarde|58\/100|[from] item: Leftovers\n|upkeep\n|turn|28\n|\n|t:|1667078819\n|switch|p2a: Eternatus|Eternatus|100\/100\n|move|p1a: Zygarde|Wish|p1a: Zygarde\n|\n|-heal|p1a: Zygarde|64\/100|[from] item: Leftovers\n|upkeep\n|turn|29\n|\n|t:|1667078838\n|move|p1a: Zygarde|Baneful Bunker|p1a: Zygarde\n|-singleturn|p1a: Zygarde|move: Protect\n|move|p2a: Eternatus|Sludge Bomb|p1a: Zygarde\n|-activate|p1a: Zygarde|move: Protect\n|\n|-heal|p1a: Zygarde|100\/100|[from] move: Wish|[wisher] Zygarde\n|upkeep\n|turn|30\n|\n|t:|1667078843\n|move|p2a: Eternatus|Dragon Energy|p1a: Zygarde\n|-supereffective|p1a: Zygarde\n|-damage|p1a: Zygarde|0 fnt\n|faint|p1a: Zygarde\n|\n|upkeep\n|\n|t:|1667078848\n|switch|p1a: Kyurem|Kyurem-Black|100\/100\n|-damage|p1a: Kyurem|88\/100|[from] Spikes\n|turn|31\n|\n|t:|1667078853\n|switch|p2a: Chansey|Chansey, F|43\/100\n|-transform|p2a: Chansey|p1a: Kyurem|[from] ability: Imposter\n|move|p1a: Kyurem|Glacial Lance|p2a: Chansey\n|-damage|p2a: Chansey|19\/100\n|\n|upkeep\n|turn|32\n|\n|t:|1667078860\n|move|p1a: Kyurem|Glacial Lance|p2a: Chansey\n|-damage|p2a: Chansey|0 fnt\n|faint|p2a: Chansey\n|\n|upkeep\n|\n|t:|1667078864\n|switch|p2a: Regigigas|Regigigas|100\/100 tox\n|turn|33\n|\n|t:|1667078869\n|switch|p1a: Palkia|Palkia|99\/100\n|-damage|p1a: Palkia|86\/100|[from] Spikes\n|move|p2a: Regigigas|Nuzzle|p1a: Palkia\n|-damage|p1a: Palkia|83\/100\n|-status|p1a: Palkia|par\n|\n|upkeep\n|turn|34\n|\n|t:|1667078875\n|move|p2a: Regigigas|Facade|p1a: Palkia\n|-crit|p1a: Palkia\n|-damage|p1a: Palkia|31\/100 par\n|cant|p1a: Palkia|par\n|\n|upkeep\n|turn|35\n|c|\u2606Faygos|ok\n|c|\u2606OM~!|apologies\n|c|\u2606Faygos|mickey mouse tier\n|\n|t:|1667078889\n|move|p2a: Regigigas|Facade|p1a: Palkia\n|-damage|p1a: Palkia|0 fnt\n|faint|p1a: Palkia\n|\n|upkeep\n|c|\u2606OM~!|paralysis is one of those things where it should be banned\n|\n|t:|1667078892\n|switch|p1a: Kyurem|Kyurem-White|100\/100\n|-damage|p1a: Kyurem|88\/100|[from] Spikes\n|turn|36\n|\n|t:|1667078897\n|move|p2a: Regigigas|Nuzzle|p1a: Kyurem\n|-resisted|p1a: Kyurem\n|-damage|p1a: Kyurem|85\/100\n|-status|p1a: Kyurem|par\n|cant|p1a: Kyurem|par\n|\n|upkeep\n|turn|37\n|c|\u2606Faygos|ok\n|\n|t:|1667078903\n|move|p2a: Regigigas|Facade|p1a: Kyurem\n|-damage|p1a: Kyurem|21\/100 par\n|move|p1a: Kyurem|Boomburst|p2a: Regigigas\n|-damage|p2a: Regigigas|0 fnt\n|faint|p2a: Regigigas\n|\n|upkeep\n|c|\u2606OM~!|as I said\n|\n|t:|1667078909\n|switch|p2a: Xerneas|Xerneas|81\/100\n|turn|38\n|\n|t:|1667078913\n|move|p2a: Xerneas|Extreme Speed|p1a: Kyurem\n|-supereffective|p1a: Kyurem\n|-damage|p1a: Kyurem|0 fnt\n|faint|p1a: Kyurem\n|\n|upkeep\n|\n|t:|1667078914\n|switch|p1a: Kyurem|Kyurem-Black|88\/100\n|-damage|p1a: Kyurem|76\/100|[from] Spikes\n|turn|39\n|\n|t:|1667078916\n|move|p2a: Xerneas|Extreme Speed|p1a: Kyurem\n|-supereffective|p1a: Kyurem\n|-damage|p1a: Kyurem|16\/100\n|move|p1a: Kyurem|Glacial Lance|p2a: Xerneas\n|-damage|p2a: Xerneas|29\/100\n|\n|upkeep\n|turn|40\n|c|\u2606OM~!|gg\n|\n|t:|1667078920\n|move|p2a: Xerneas|Extreme Speed|p1a: Kyurem\n|-supereffective|p1a: Kyurem\n|-damage|p1a: Kyurem|0 fnt\n|faint|p1a: Kyurem\n|\n|win|OM~!\n|c|\u2606Faygos|gg\n","uploadtime":1667078925,"views":29,"p1id":"faygos","p2id":"om","formatid":"gen8balancedhackmons","rating":0,"private":0,"password":null}