{"id":"gen8doublescustomgame-1706967608","p1":"Sasuskebukaki","p2":"illegalamigo1","format":"gen8doublescustomgame","log":"|j|\u2606Sasuskebukaki\n|j|\u2606illegalamigo1\n|t:|1668037255\n|gametype|doubles\n|player|p1|Sasuskebukaki|roughneck|\n|player|p2|illegalamigo1|swimmer|\n|teamsize|p1|6\n|teamsize|p2|6\n|gen|8\n|tier|[Gen 8] Doubles Custom Game\n|clearpoke\n|poke|p1|Mew|\n|poke|p1|Palkia|\n|poke|p1|Regieleki|\n|poke|p1|Marshadow|\n|poke|p1|Xerneas-*|\n|poke|p1|Kartana|\n|poke|p2|Klefki, M|\n|poke|p2|Blastoise, F|\n|poke|p2|Groudon|\n|poke|p2|Victini|\n|poke|p2|Porygon2|\n|poke|p2|Yveltal|\n|teampreview\n|j| punsmith\n|j| DONTBEFUKLIN\n|\n|t:|1668037277\n|start\n|switch|p1a: Xerneas|Xerneas, shiny|418\/418\n|switch|p1b: Mew|Mew, shiny|404\/404\n|switch|p2a: Groudon|Groudon|342\/342\n|switch|p2b: Victini|Victini|342\/342\n|-weather|SunnyDay|[from] ability: Drought|[of] p2a: Groudon\n|-ability|p1a: Xerneas|Fairy Aura\n|turn|1\n|\n|t:|1668037369\n|-start|p2b: Victini|Dynamax|\n|-heal|p2b: Victini|684\/684|[silent]\n|move|p2a: Groudon|Precipice Blades|p1a: Xerneas|[spread] p1a,p1b\n|debug|Spread modifier: 0.75\n|-crit|p1a: Xerneas\n|debug|Spread modifier: 0.75\n|-damage|p1a: Xerneas|133\/418\n|-damage|p1b: Mew|283\/404\n|move|p2b: Victini|Max Mindstorm|p1a: Xerneas\n|-damage|p1a: Xerneas|0 fnt\n|-fieldstart|move: Psychic Terrain\n|faint|p1a: Xerneas\n|move|p1b: Mew|Transform|p1: Xerneas|[notarget]\n|-fail|p1b: Mew\n|\n|-weather|SunnyDay|[upkeep]\n|upkeep\n|\n|t:|1668037401\n|switch|p1a: Palkia|Palkia, shiny|384\/384\n|turn|2\n|\n|t:|1668037416\n|-start|p1a: Palkia|Dynamax|\n|-heal|p1a: Palkia|768\/768|[silent]\n|move|p2a: Groudon|Precipice Blades|p1a: Palkia|[spread] p1a,p1b\n|debug|Spread modifier: 0.75\n|debug|Spread modifier: 0.75\n|-damage|p1a: Palkia|599\/768\n|-damage|p1b: Mew|147\/404\n|move|p2b: Victini|Max Starfall|p1a: Palkia\n|-supereffective|p1a: Palkia\n|-damage|p1a: Palkia|375\/768\n|-fieldstart|move: Misty Terrain\n|-enditem|p1a: Palkia|Weakness Policy\n|-boost|p1a: Palkia|atk|2|[from] item: Weakness Policy\n|-boost|p1a: Palkia|spa|2|[from] item: Weakness Policy\n|move|p1b: Mew|Tailwind|p1b: Mew\n|-sidestart|p1: Sasuskebukaki|move: Tailwind\n|move|p1a: Palkia|Max Geyser|p2a: Groudon\n|debug|Sunny Day water suppress\n|-supereffective|p2a: Groudon\n|-damage|p2a: Groudon|0 fnt\n|-weather|RainDance\n|faint|p2a: Groudon\n|\n|-weather|RainDance|[upkeep]\n|upkeep\n|\n|t:|1668037468\n|switch|p2a: Porygon2|Porygon2|312\/312\n|-ability|p2a: Porygon2|Telepathy|[from] ability: Trace|[of] p1a: Palkia\n|turn|3\n|\n|t:|1668037496\n|move|p2b: Victini|Max Guard|p2b: Victini\n|-singleturn|p2b: Victini|Max Guard\n|move|p1b: Mew|Ally Switch|p1b: Mew\n|swap|p1b: Mew|0|[from] move: Ally Switch\n|move|p1b: Palkia|Max Geyser|p2b: Victini\n|-activate|p2b: Victini|move: Max Guard\n|move|p2a: Porygon2|Eerie Impulse|p1a: Mew\n|-unboost|p1a: Mew|spa|2\n|\n|-weather|RainDance|[upkeep]\n|upkeep\n|-end|p2b: Victini|Dynamax\n|-heal|p2b: Victini|342\/342|[silent]\n|turn|4\n|\n|t:|1668037532\n|switch|p2b: Blast Boi|Blastoise, F|300\/300\n|move|p1a: Mew|Transform|p1b: Palkia\n|-transform|p1a: Mew|p1b: Palkia\n|move|p1b: Palkia|Max Geyser|p2b: Blast Boi\n|debug|rain water boost\n|-resisted|p2b: Blast Boi\n|-damage|p2b: Blast Boi|50\/300\n|move|p2a: Porygon2|Eerie Impulse|p1b: Palkia\n|-unboost|p1b: Palkia|spa|2\n|\n|-weather|RainDance|[upkeep]\n|upkeep\n|-end|p1b: Palkia|Dynamax\n|-heal|p1b: Palkia|188\/384|[silent]\n|turn|5\n|\n|t:|1668037575\n|move|p1a: Mew|Thunderbolt|p2b: Blast Boi\n|-supereffective|p2b: Blast Boi\n|-damage|p2b: Blast Boi|0 fnt\n|faint|p2b: Blast Boi\n|move|p1b: Palkia|Ice Beam|p2a: Porygon2\n|-damage|p2a: Porygon2|238\/312\n|move|p2a: Porygon2|Tri Attack|p1b: Palkia\n|-damage|p1b: Palkia|79\/384\n|debug|set status [frz] interrupted\n|\n|-weather|RainDance|[upkeep]\n|-sideend|p1: Sasuskebukaki|move: Tailwind\n|upkeep\n|\n|t:|1668037603\n|switch|p2b: Victini|Victini|342\/342\n|turn|6\n|\n|t:|1668037619\n|move|p2b: Victini|Dazzling Gleam|p1a: Mew|[spread] p1a,p1b\n|debug|Spread modifier: 0.75\n|-supereffective|p1a: Mew\n|debug|Spread modifier: 0.75\n|-supereffective|p1b: Palkia\n|-damage|p1a: Mew|43\/404\n|-damage|p1b: Palkia|0 fnt\n|faint|p1b: Palkia\n|move|p1a: Mew|Hydro Pump|p2b: Victini\n|debug|rain water boost\n|-supereffective|p2b: Victini\n|-damage|p2b: Victini|0 fnt\n|faint|p2b: Victini\n|move|p2a: Porygon2|Tri Attack|p1a: Mew\n|-damage|p1a: Mew|0 fnt\n|faint|p1a: Mew\n|\n|-weather|none\n|-fieldend|Misty Terrain\n|upkeep\n|\n|t:|1668037652\n|switch|p2b: Yveltal|Yveltal|394\/394\n|switch|p1a: Regieleki|Regieleki, shiny|301\/301\n|switch|p1b: Kartana|Kartana|322\/322\n|-ability|p2b: Yveltal|Dark Aura\n|turn|7\n|\n|t:|1668037684\n|move|p2b: Yveltal|Sucker Punch|p1a: Regieleki\n|-damage|p1a: Regieleki|0 fnt\n|faint|p1a: Regieleki\n|move|p1b: Kartana|Sacred Sword|p2b: Yveltal\n|debug|Negating (sp)def boost\/penalty.\n|-damage|p2b: Yveltal|229\/394\n|move|p2a: Porygon2|Reflect|p2a: Porygon2\n|-sidestart|p2: illegalamigo1|Reflect\n|\n|upkeep\n|\n|t:|1668037693\n|switch|p1a: Marshadow|Marshadow, shiny|356\/356\n|turn|8\n|\n|t:|1668037739\n|switch|p2b: Klefki|Klefki, M, shiny|256\/256\n|-item|p2b: Klefki|Air Balloon\n|move|p1b: Kartana|Protect|p1b: Kartana\n|-singleturn|p1b: Kartana|Protect\n|move|p1a: Marshadow|Shadow Sneak|p2b: Klefki\n|debug|Base Power: 40\n|debug|Technician boost\n|-crit|p2b: Klefki\n|-damage|p2b: Klefki|73\/256\n|-enditem|p2b: Klefki|Air Balloon\n|-damage|p1a: Marshadow|321\/356|[from] item: Life Orb\n|move|p2a: Porygon2|Tri Attack|p1b: Kartana\n|-activate|p1b: Kartana|move: Protect\n|\n|upkeep\n|turn|9\n|\n|t:|1668037770\n|move|p2b: Klefki|Metal Sound|p1b: Kartana\n|-unboost|p1b: Kartana|spd|2\n|move|p1a: Marshadow|Brick Break|p2a: Porygon2\n|-sideend|p2: illegalamigo1|Reflect\n|debug|Base Power: 75\n|-supereffective|p2a: Porygon2\n|-damage|p2a: Porygon2|0 fnt\n|faint|p2a: Porygon2\n|-damage|p1a: Marshadow|286\/356|[from] item: Life Orb\n|move|p1b: Kartana|Sacred Sword|p2b: Klefki\n|debug|Negating (sp)def boost\/penalty.\n|-damage|p2b: Klefki|0 fnt\n|faint|p2b: Klefki\n|-ability|p1b: Kartana|Beast Boost|boost\n|-boost|p1b: Kartana|atk|1\n|\n|upkeep\n|\n|t:|1668037784\n|switch|p2a: Yveltal|Yveltal|229\/394\n|-ability|p2a: Yveltal|Dark Aura\n|turn|10\n|\n|t:|1668037803\n|move|p1a: Marshadow|Shadow Sneak|p2a: Yveltal\n|debug|Base Power: 40\n|debug|Technician boost\n|-resisted|p2a: Yveltal\n|-damage|p2a: Yveltal|148\/394\n|-damage|p1a: Marshadow|251\/356|[from] item: Life Orb\n|move|p2a: Yveltal|Oblivion Wing|p1a: Marshadow\n|-supereffective|p1a: Marshadow\n|-damage|p1a: Marshadow|11\/356\n|-heal|p2a: Yveltal|328\/394|[from] drain|[of] p1a: Marshadow\n|move|p1b: Kartana|Sacred Sword|p2a: Yveltal\n|debug|Negating (sp)def boost\/penalty.\n|-damage|p2a: Yveltal|83\/394\n|\n|upkeep\n|turn|11\n|\n|t:|1668037819\n|move|p1a: Marshadow|Shadow Sneak|p2a: Yveltal\n|debug|Base Power: 40\n|debug|Technician boost\n|-resisted|p2a: Yveltal\n|-damage|p2a: Yveltal|2\/394\n|-damage|p1a: Marshadow|0 fnt|[from] item: Life Orb\n|faint|p1a: Marshadow\n|move|p2a: Yveltal|Sucker Punch|p1b: Kartana\n|-damage|p1b: Kartana|159\/322\n|move|p1b: Kartana|Sacred Sword|p2a: Yveltal\n|debug|Negating (sp)def boost\/penalty.\n|-damage|p2a: Yveltal|0 fnt\n|faint|p2a: Yveltal\n|\n|win|Sasuskebukaki\n|l|\u2606Sasuskebukaki\n|j|\u2606Sasuskebukaki\n|player|p1|Sasuskebukaki|roughneck\n","uploadtime":1668037839,"views":10,"p1id":"sasuskebukaki","p2id":"illegalamigo1","formatid":"gen8doublescustomgame","rating":0,"private":0,"password":null}