{"id":"gen8ou-1648395371","p1":"LT94JE Ahsan","p2":"Daevank5","format":"gen8ou","log":"|j|\u2606LT94JE Ahsan\n|j|\u2606Daevank5\n|t:|1661477913\n|gametype|singles\n|player|p1|LT94JE Ahsan|furisodegirl-blue|1841\n|player|p2|Daevank5|workerice|1806\n|teamsize|p1|6\n|teamsize|p2|6\n|gen|8\n|tier|[Gen 8] OU\n|rated|\n|rule|Sleep Clause Mod: Limit one foe put to sleep\n|rule|Species Clause: Limit one of each Pok\u00e9mon\n|rule|OHKO Clause: OHKO moves are banned\n|rule|Evasion Items Clause: Evasion items are banned\n|rule|Evasion Moves Clause: Evasion moves are banned\n|rule|Endless Battle Clause: Forcing endless battles is banned\n|rule|HP Percentage Mod: HP is shown in percentages\n|rule|Dynamax Clause: You cannot dynamax\n|clearpoke\n|poke|p1|Dragapult, F|\n|poke|p1|Kartana|\n|poke|p1|Volcarona, M|\n|poke|p1|Buzzwole|\n|poke|p1|Hatterene, F|\n|poke|p1|Landorus-Therian, M|\n|poke|p2|Thundurus, M|\n|poke|p2|Toxapex, F|\n|poke|p2|Landorus-Therian, M|\n|poke|p2|Dragapult, F|\n|poke|p2|Heatran, M|\n|poke|p2|Mew|\n|teampreview\n|inactive|Battle timer is ON: inactive players will automatically lose when time's up. (requested by LT94JE Ahsan)\n|\n|t:|1661477930\n|start\n|switch|p1a: Landorus|Landorus-Therian, M|100\/100\n|switch|p2a: Mew|Mew|100\/100\n|-ability|p1a: Landorus|Intimidate|boost\n|-unboost|p2a: Mew|atk|1\n|turn|1\n|\n|t:|1661477942\n|move|p2a: Mew|Will-O-Wisp|p1a: Landorus\n|-status|p1a: Landorus|brn\n|move|p1a: Landorus|Stealth Rock|p2a: Mew\n|-sidestart|p2: Daevank5|move: Stealth Rock\n|\n|-damage|p1a: Landorus|94\/100 brn|[from] brn\n|upkeep\n|turn|2\n|\n|t:|1661477949\n|move|p2a: Mew|Taunt|p1a: Landorus\n|-start|p1a: Landorus|move: Taunt\n|move|p1a: Landorus|U-turn|p2a: Mew\n|-supereffective|p2a: Mew\n|-damage|p2a: Mew|81\/100\n|\n|t:|1661477952\n|switch|p1a: Hatterene|Hatterene, F|100\/100|[from]move: U-turn\n|\n|-heal|p2a: Mew|87\/100|[from] item: Leftovers\n|upkeep\n|turn|3\n|\n|t:|1661477963\n|switch|p2a: Heatran|Heatran, M|100\/100\n|-damage|p2a: Heatran|88\/100|[from] Stealth Rock\n|move|p1a: Hatterene|Nuzzle|p2a: Heatran\n|-damage|p2a: Heatran|84\/100\n|-status|p2a: Heatran|par\n|\n|-heal|p2a: Heatran|90\/100 par|[from] item: Leftovers\n|upkeep\n|turn|4\n|\n|t:|1661477974\n|switch|p1a: Dragapult|Dragapult, F|100\/100\n|cant|p2a: Heatran|par\n|\n|-heal|p2a: Heatran|97\/100 par|[from] item: Leftovers\n|upkeep\n|turn|5\n|\n|t:|1661477979\n|switch|p2a: Toxapex|Toxapex, F|100\/100\n|-damage|p2a: Toxapex|88\/100|[from] Stealth Rock\n|move|p1a: Dragapult|Hydro Pump|p2a: Toxapex\n|-resisted|p2a: Toxapex\n|-damage|p2a: Toxapex|75\/100\n|\n|-heal|p2a: Toxapex|81\/100|[from] item: Black Sludge\n|upkeep\n|turn|6\n|\n|t:|1661477984\n|switch|p1a: Hatterene|Hatterene, F|100\/100\n|switch|p2a: Heatran|Heatran, M|97\/100 par\n|-damage|p2a: Heatran|84\/100 par|[from] Stealth Rock\n|\n|-heal|p2a: Heatran|90\/100 par|[from] item: Leftovers\n|upkeep\n|turn|7\n|\n|t:|1661477991\n|switch|p1a: Landorus|Landorus-Therian, M|94\/100 brn\n|-ability|p1a: Landorus|Intimidate|boost\n|-unboost|p2a: Heatran|atk|1\n|move|p2a: Heatran|Stealth Rock|p1a: Landorus\n|-sidestart|p1: LT94JE Ahsan|move: Stealth Rock\n|\n|-heal|p1a: Landorus|100\/100 brn|[from] item: Leftovers\n|-heal|p2a: Heatran|97\/100 par|[from] item: Leftovers\n|-damage|p1a: Landorus|94\/100 brn|[from] brn\n|upkeep\n|turn|8\n|\n|t:|1661478000\n|switch|p2a: Toxapex|Toxapex, F|100\/100\n|-damage|p2a: Toxapex|88\/100|[from] Stealth Rock\n|move|p1a: Landorus|U-turn|p2a: Toxapex\n|-resisted|p2a: Toxapex\n|-damage|p2a: Toxapex|84\/100\n|j| BabyPigsAreLaughin\n|\n|t:|1661478019\n|switch|p1a: Kartana|Kartana|100\/100|[from]move: U-turn\n|-damage|p1a: Kartana|94\/100|[from] Stealth Rock\n|\n|-heal|p2a: Toxapex|91\/100|[from] item: Black Sludge\n|upkeep\n|turn|9\n|\n|t:|1661478025\n|move|p1a: Kartana|Knock Off|p2a: Toxapex\n|-damage|p2a: Toxapex|51\/100\n|-enditem|p2a: Toxapex|Black Sludge|[from] move: Knock Off|[of] p1a: Kartana\n|move|p2a: Toxapex|Scald|p1a: Kartana\n|-resisted|p1a: Kartana\n|-damage|p1a: Kartana|67\/100\n|-status|p1a: Kartana|brn\n|\n|-damage|p1a: Kartana|60\/100 brn|[from] brn\n|upkeep\n|turn|10\n|\n|t:|1661478037\n|switch|p1a: Hatterene|Hatterene, F|100\/100\n|-damage|p1a: Hatterene|88\/100|[from] Stealth Rock\n|move|p2a: Toxapex|Recover|p2a: Toxapex\n|-heal|p2a: Toxapex|100\/100\n|\n|upkeep\n|turn|11\n|\n|t:|1661478042\n|switch|p2a: Heatran|Heatran, M|97\/100 par\n|-damage|p2a: Heatran|84\/100 par|[from] Stealth Rock\n|switch|p1a: Dragapult|Dragapult, F|100\/100\n|-damage|p1a: Dragapult|88\/100|[from] Stealth Rock\n|\n|-heal|p2a: Heatran|90\/100 par|[from] item: Leftovers\n|upkeep\n|turn|12\n|j| BrothaOptions\n|\n|t:|1661478045\n|switch|p2a: Toxapex|Toxapex, F|100\/100\n|-damage|p2a: Toxapex|88\/100|[from] Stealth Rock\n|move|p1a: Dragapult|Hydro Pump|p2a: Toxapex\n|-resisted|p2a: Toxapex\n|-damage|p2a: Toxapex|75\/100\n|\n|upkeep\n|turn|13\n|\n|t:|1661478048\n|move|p1a: Dragapult|Thunder|p2a: Toxapex\n|-supereffective|p2a: Toxapex\n|-damage|p2a: Toxapex|10\/100\n|move|p2a: Toxapex|Scald|p1a: Dragapult\n|-resisted|p1a: Dragapult\n|-damage|p1a: Dragapult|77\/100\n|\n|upkeep\n|turn|14\n|j| zeno420\n|j| Akany\n|inactive|Daevank5 has 120 seconds left.\n|\n|t:|1661478087\n|switch|p2a: ThunderMan|Thundurus, M|100\/100\n|move|p1a: Dragapult|Hydro Pump|p2a: ThunderMan\n|-damage|p2a: ThunderMan|60\/100\n|\n|upkeep\n|turn|15\n|\n|t:|1661478093\n|switch|p1a: Landorus|Landorus-Therian, M|94\/100 brn\n|-damage|p1a: Landorus|82\/100 brn|[from] Stealth Rock\n|-ability|p1a: Landorus|Intimidate|boost\n|-unboost|p2a: ThunderMan|atk|1\n|move|p2a: ThunderMan|Toxic||[still]\n|-fail|p2a: ThunderMan\n|\n|-heal|p1a: Landorus|88\/100 brn|[from] item: Leftovers\n|-damage|p1a: Landorus|82\/100 brn|[from] brn\n|upkeep\n|turn|16\n|\n|t:|1661478096\n|switch|p2a: Toxapex|Toxapex, F|43\/100\n|-damage|p2a: Toxapex|30\/100|[from] Stealth Rock\n|move|p1a: Landorus|U-turn|p2a: Toxapex\n|-resisted|p2a: Toxapex\n|-damage|p2a: Toxapex|27\/100\n|\n|t:|1661478098\n|switch|p1a: Dragapult|Dragapult, F|77\/100|[from]move: U-turn\n|-damage|p1a: Dragapult|65\/100|[from] Stealth Rock\n|\n|upkeep\n|turn|17\n|\n|t:|1661478100\n|move|p2a: Toxapex|Baneful Bunker|p2a: Toxapex\n|-singleturn|p2a: Toxapex|move: Protect\n|move|p1a: Dragapult|Shadow Ball|p2a: Toxapex\n|-activate|p2a: Toxapex|move: Protect\n|\n|upkeep\n|turn|18\n|\n|t:|1661478106\n|switch|p2a: ThunderMan|Thundurus, M|60\/100\n|move|p1a: Dragapult|Shadow Ball|p2a: ThunderMan\n|-damage|p2a: ThunderMan|14\/100\n|\n|upkeep\n|turn|19\n|\n|t:|1661478122\n|switch|p2a: Toxapex|Toxapex, F|60\/100\n|-damage|p2a: Toxapex|48\/100|[from] Stealth Rock\n|move|p1a: Dragapult|Shadow Ball|p2a: Toxapex\n|-damage|p2a: Toxapex|18\/100\n|\n|upkeep\n|turn|20\n|\n|t:|1661478127\n|switch|p2a: ThunderMan|Thundurus, M|14\/100\n|move|p1a: Dragapult|Shadow Ball|p2a: ThunderMan\n|-damage|p2a: ThunderMan|0 fnt\n|faint|p2a: ThunderMan\n|\n|upkeep\n|\n|t:|1661478128\n|switch|p2a: Landorus|Landorus-Therian, M|100\/100\n|-damage|p2a: Landorus|88\/100|[from] Stealth Rock\n|-ability|p2a: Landorus|Intimidate|boost\n|-unboost|p1a: Dragapult|atk|1\n|turn|21\n|\n|t:|1661478138\n|switch|p1a: Buzzwole|Buzzwole|100\/100\n|move|p2a: Landorus|Knock Off|p1a: Buzzwole\n|-resisted|p1a: Buzzwole\n|-damage|p1a: Buzzwole|92\/100\n|-enditem|p1a: Buzzwole|Heavy-Duty Boots|[from] move: Knock Off|[of] p2a: Landorus\n|\n|-heal|p2a: Landorus|94\/100|[from] item: Leftovers\n|upkeep\n|turn|22\n|\n|t:|1661478144\n|switch|p2a: Toxapex|Toxapex, F|51\/100\n|-damage|p2a: Toxapex|39\/100|[from] Stealth Rock\n|move|p1a: Buzzwole|Toxic|p2a: Toxapex\n|-immune|p2a: Toxapex\n|\n|upkeep\n|turn|23\n|\n|t:|1661478147\n|move|p1a: Buzzwole|Ice Punch|p2a: Toxapex\n|-resisted|p2a: Toxapex\n|-damage|p2a: Toxapex|31\/100\n|move|p2a: Toxapex|Toxic Spikes|p1a: Buzzwole\n|-sidestart|p1: LT94JE Ahsan|move: Toxic Spikes\n|\n|upkeep\n|turn|24\n|\n|t:|1661478151\n|switch|p1a: Landorus|Landorus-Therian, M|82\/100 brn\n|-damage|p1a: Landorus|70\/100 brn|[from] Stealth Rock\n|-ability|p1a: Landorus|Intimidate|boost\n|-unboost|p2a: Toxapex|atk|1\n|move|p2a: Toxapex|Recover|p2a: Toxapex\n|-heal|p2a: Toxapex|81\/100\n|\n|-heal|p1a: Landorus|76\/100 brn|[from] item: Leftovers\n|-damage|p1a: Landorus|70\/100 brn|[from] brn\n|upkeep\n|turn|25\n|\n|t:|1661478154\n|move|p1a: Landorus|Defog|p2a: Toxapex\n|-unboost|p2a: Toxapex|evasion|1\n|-sideend|p2: Daevank5|Stealth Rock|[from] move: Defog|[of] p1a: Landorus\n|-sideend|p1: LT94JE Ahsan|Toxic Spikes|[from] move: Defog|[of] p1a: Landorus\n|-sideend|p1: LT94JE Ahsan|Stealth Rock|[from] move: Defog|[of] p1a: Landorus\n|move|p2a: Toxapex|Toxic Spikes|p1a: Landorus\n|-sidestart|p1: LT94JE Ahsan|move: Toxic Spikes\n|\n|-heal|p1a: Landorus|76\/100 brn|[from] item: Leftovers\n|-damage|p1a: Landorus|70\/100 brn|[from] brn\n|upkeep\n|turn|26\n|\n|t:|1661478158\n|move|p1a: Landorus|Defog|p2a: Toxapex\n|-unboost|p2a: Toxapex|evasion|1\n|-sideend|p1: LT94JE Ahsan|Toxic Spikes|[from] move: Defog|[of] p1a: Landorus\n|move|p2a: Toxapex|Toxic Spikes|p1a: Landorus\n|-sidestart|p1: LT94JE Ahsan|move: Toxic Spikes\n|\n|-heal|p1a: Landorus|76\/100 brn|[from] item: Leftovers\n|-damage|p1a: Landorus|70\/100 brn|[from] brn\n|upkeep\n|turn|27\n|\n|t:|1661478164\n|move|p1a: Landorus|Defog|p2a: Toxapex\n|-unboost|p2a: Toxapex|evasion|1\n|-sideend|p1: LT94JE Ahsan|Toxic Spikes|[from] move: Defog|[of] p1a: Landorus\n|move|p2a: Toxapex|Scald|p1a: Landorus\n|-supereffective|p1a: Landorus\n|-damage|p1a: Landorus|43\/100 brn\n|\n|-heal|p1a: Landorus|49\/100 brn|[from] item: Leftovers\n|-damage|p1a: Landorus|43\/100 brn|[from] brn\n|upkeep\n|turn|28\n|l| Akany\n|\n|t:|1661478171\n|move|p1a: Landorus|Stealth Rock|p2a: Toxapex\n|-sidestart|p2: Daevank5|move: Stealth Rock\n|move|p2a: Toxapex|Recover|p2a: Toxapex\n|-heal|p2a: Toxapex|100\/100\n|\n|-heal|p1a: Landorus|49\/100 brn|[from] item: Leftovers\n|-damage|p1a: Landorus|43\/100 brn|[from] brn\n|upkeep\n|turn|29\n|\n|t:|1661478175\n|move|p1a: Landorus|U-turn|p2a: Toxapex\n|-resisted|p2a: Toxapex\n|-damage|p2a: Toxapex|97\/100\n|\n|t:|1661478176\n|switch|p1a: Hatterene|Hatterene, F|88\/100|[from]move: U-turn\n|move|p2a: Toxapex|Scald|p1a: Hatterene\n|-damage|p1a: Hatterene|76\/100\n|\n|upkeep\n|turn|30\n|\n|t:|1661478181\n|move|p2a: Toxapex|Baneful Bunker|p2a: Toxapex\n|-singleturn|p2a: Toxapex|move: Protect\n|move|p1a: Hatterene|Psyshock|p2a: Toxapex\n|-activate|p2a: Toxapex|move: Protect\n|\n|upkeep\n|turn|31\n|\n|t:|1661478183\n|switch|p2a: Heatran|Heatran, M|90\/100 par\n|-damage|p2a: Heatran|78\/100 par|[from] Stealth Rock\n|move|p1a: Hatterene|Psyshock|p2a: Heatran\n|-resisted|p2a: Heatran\n|-damage|p2a: Heatran|57\/100 par\n|\n|-heal|p2a: Heatran|63\/100 par|[from] item: Leftovers\n|upkeep\n|turn|32\n|\n|t:|1661478186\n|move|p2a: Heatran|Magma Storm|p1a: Hatterene\n|-damage|p1a: Hatterene|46\/100\n|-activate|p1a: Hatterene|move: Magma Storm|[of] p2a: Heatran\n|move|p1a: Hatterene|Psyshock|p2a: Heatran\n|-resisted|p2a: Heatran\n|-damage|p2a: Heatran|45\/100 par\n|\n|-heal|p2a: Heatran|51\/100 par|[from] item: Leftovers\n|-damage|p1a: Hatterene|34\/100|[from] move: Magma Storm|[partiallytrapped]\n|upkeep\n|turn|33\n|\n|t:|1661478193\n|move|p2a: Heatran|Earth Power|p1a: Hatterene\n|-damage|p1a: Hatterene|14\/100\n|move|p1a: Hatterene|Psyshock|p2a: Heatran\n|-resisted|p2a: Heatran\n|-damage|p2a: Heatran|30\/100 par\n|\n|-heal|p2a: Heatran|36\/100 par|[from] item: Leftovers\n|-damage|p1a: Hatterene|2\/100|[from] move: Magma Storm|[partiallytrapped]\n|upkeep\n|turn|34\n|\n|t:|1661478195\n|move|p2a: Heatran|Earth Power|p1a: Hatterene\n|-damage|p1a: Hatterene|0 fnt\n|faint|p1a: Hatterene\n|\n|-heal|p2a: Heatran|42\/100 par|[from] item: Leftovers\n|upkeep\n|\n|t:|1661478197\n|switch|p1a: Dragapult|Dragapult, F|65\/100\n|turn|35\n|\n|t:|1661478202\n|switch|p2a: Mew|Mew|87\/100\n|-damage|p2a: Mew|75\/100|[from] Stealth Rock\n|move|p1a: Dragapult|Thunder|p2a: Mew\n|-damage|p2a: Mew|55\/100\n|-status|p2a: Mew|par\n|-activate|p2a: Mew|ability: Synchronize\n|-status|p1a: Dragapult|par\n|\n|-heal|p2a: Mew|61\/100 par|[from] item: Leftovers\n|upkeep\n|turn|36\n|\n|t:|1661478214\n|move|p1a: Dragapult|Shadow Ball|p2a: Mew\n|-supereffective|p2a: Mew\n|-damage|p2a: Mew|13\/100 par\n|move|p2a: Mew|Soft-Boiled|p2a: Mew\n|-heal|p2a: Mew|63\/100 par\n|\n|-heal|p2a: Mew|69\/100 par|[from] item: Leftovers\n|upkeep\n|turn|37\n|\n|t:|1661478220\n|switch|p1a: Volcarona|Volcarona, M|100\/100\n|move|p2a: Mew|Soft-Boiled|p2a: Mew\n|-heal|p2a: Mew|100\/100 par\n|\n|upkeep\n|turn|38\n|\n|t:|1661478228\n|switch|p2a: Heatran|Heatran, M|42\/100 par\n|-damage|p2a: Heatran|30\/100 par|[from] Stealth Rock\n|move|p1a: Volcarona|Quiver Dance|p1a: Volcarona\n|-boost|p1a: Volcarona|spa|1\n|-boost|p1a: Volcarona|spd|1\n|-boost|p1a: Volcarona|spe|1\n|\n|-heal|p2a: Heatran|36\/100 par|[from] item: Leftovers\n|upkeep\n|turn|39\n|\n|t:|1661478231\n|move|p1a: Volcarona|Quiver Dance|p1a: Volcarona\n|-boost|p1a: Volcarona|spa|1\n|-boost|p1a: Volcarona|spd|1\n|-boost|p1a: Volcarona|spe|1\n|move|p2a: Heatran|Taunt|p1a: Volcarona\n|-start|p1a: Volcarona|move: Taunt\n|\n|-heal|p2a: Heatran|42\/100 par|[from] item: Leftovers\n|upkeep\n|turn|40\n|\n|t:|1661478233\n|move|p1a: Volcarona|Psychic|p2a: Heatran\n|-resisted|p2a: Heatran\n|-damage|p2a: Heatran|19\/100 par\n|move|p2a: Heatran|Magma Storm|p1a: Volcarona\n|-damage|p1a: Volcarona|76\/100\n|-activate|p1a: Volcarona|move: Magma Storm|[of] p2a: Heatran\n|\n|-heal|p2a: Heatran|26\/100 par|[from] item: Leftovers\n|-damage|p1a: Volcarona|64\/100|[from] move: Magma Storm|[partiallytrapped]\n|upkeep\n|turn|41\n|\n|t:|1661478238\n|move|p1a: Volcarona|Psychic|p2a: Heatran\n|-resisted|p2a: Heatran\n|-damage|p2a: Heatran|3\/100 par\n|move|p2a: Heatran|Magma Storm|p1a: Volcarona\n|-damage|p1a: Volcarona|41\/100\n|\n|-heal|p2a: Heatran|9\/100 par|[from] item: Leftovers\n|-damage|p1a: Volcarona|29\/100|[from] move: Magma Storm|[partiallytrapped]\n|upkeep\n|turn|42\n|\n|t:|1661478245\n|move|p1a: Volcarona|Psychic|p2a: Heatran\n|-resisted|p2a: Heatran\n|-damage|p2a: Heatran|0 fnt\n|faint|p2a: Heatran\n|\n|-end|p1a: Volcarona|Magma Storm|[partiallytrapped]|[silent]\n|-end|p1a: Volcarona|move: Taunt\n|upkeep\n|j| Wingdraa\n|j| rydeen ride\n|inactive|Daevank5 has 120 seconds left.\n|\n|t:|1661478277\n|switch|p2a: Dragapult|Dragapult, F|100\/100\n|-damage|p2a: Dragapult|88\/100|[from] Stealth Rock\n|turn|43\n|j| 1999dotaxj\n|l| 1999dotaxj\n|\n|t:|1661478289\n|move|p1a: Volcarona|Bug Buzz|p2a: Dragapult\n|-resisted|p2a: Dragapult\n|-damage|p2a: Dragapult|0 fnt\n|faint|p2a: Dragapult\n|\n|upkeep\n|j| I'll forfite\n|\n|t:|1661478294\n|switch|p2a: Landorus|Landorus-Therian, M|94\/100\n|-damage|p2a: Landorus|82\/100|[from] Stealth Rock\n|-ability|p2a: Landorus|Intimidate|boost\n|-unboost|p1a: Volcarona|atk|1\n|turn|44\n|l| Wingdraa\n|j| 1999dotaxj\n|l| 1999dotaxj\n|\n|t:|1661478319\n|move|p1a: Volcarona|Fire Blast|p2a: Landorus\n|-damage|p2a: Landorus|0 fnt\n|faint|p2a: Landorus\n|\n|upkeep\n|-message|Daevank5 forfeited.\n|\n|win|LT94JE Ahsan\n|raw|LT94JE Ahsan's rating: 1841 &rarr; <strong>1859<\/strong><br \/>(+18 for winning)\n|raw|Daevank5's rating: 1806 &rarr; <strong>1788<\/strong><br \/>(-18 for losing)\n|l|\u2606Daevank5\n|l|\u2606LT94JE Ahsan\n|l| zeno420\n||Ladder isn't responding, score probably updated but might not have (Request timeout).\n|l| rydeen ride\n|l| BabyPigsAreLaughin\n","uploadtime":1661478509,"views":43,"p1id":"lt94jeahsan","p2id":"daevank5","formatid":"gen8ou","rating":1788,"private":0,"password":null}