{"id":"gen8randombattle-1230654166","p1":"Pokefreak77","p2":"pbapali4","format":"gen8randombattle","log":"|j|\u2606Pokefreak77\n|j|\u2606pbapali4\n|t:|1606247953\n|player|p1|Pokefreak77|265|1877\n|player|p2|pbapali4|265|1903\n|teamsize|p1|6\n|teamsize|p2|6\n|gametype|singles\n|gen|8\n|tier|[Gen 8] Random Battle\n|rated|\n|rule|Species Clause: Limit one of each Pok\u00e9mon\n|rule|HP Percentage Mod: HP is shown in percentages\n|rule|Sleep Clause Mod: Limit one foe put to sleep\n|\n|t:|1606247953\n|start\n|switch|p1a: Sawk|Sawk, L88, M|275\/275\n|switch|p2a: Scyther|Scyther, L82, F|249\/249\n|-ability|p1a: Sawk|Mold Breaker\n|turn|1\n|inactive|Battle timer is ON: inactive players will automatically lose when time's up. (requested by pbapali4)\n|\n|t:|1606247975\n|switch|p1a: Carbink|Carbink, L88|231\/231\n|move|p2a: Scyther|Swords Dance|p2a: Scyther\n|-boost|p2a: Scyther|atk|2\n|\n|upkeep\n|turn|2\n|\n|t:|1606247983\n|move|p2a: Scyther|Knock Off|p1a: Carbink\n|-resisted|p1a: Carbink\n|-damage|p1a: Carbink|184\/231\n|-enditem|p1a: Carbink|Light Clay|[from] move: Knock Off|[of] p2a: Scyther\n|move|p1a: Carbink|Reflect|p1a: Carbink\n|-sidestart|p1: Pokefreak77|Reflect\n|\n|upkeep\n|turn|3\n|\n|t:|1606247999\n|switch|p2a: Melmetal|Melmetal, L76|330\/330\n|switch|p1a: Glastrier|Glastrier, L82|298\/298\n|\n|upkeep\n|turn|4\n|\n|t:|1606248011\n|switch|p1a: Sawk|Sawk, L88, M|275\/275\n|-ability|p1a: Sawk|Mold Breaker\n|move|p2a: Melmetal|Double Iron Bash|p1a: Sawk\n|-damage|p1a: Sawk|231\/275\n|-damage|p1a: Sawk|186\/275\n|-hitcount|p1a: Sawk|2\n|\n|upkeep\n|turn|5\n|\n|t:|1606248021\n|switch|p2a: Pelipper|Pelipper, L84, M|238\/238\n|-weather|RainDance|[from] ability: Drizzle|[of] p2a: Pelipper\n|move|p1a: Sawk|Bulk Up|p1a: Sawk\n|-boost|p1a: Sawk|atk|1\n|-boost|p1a: Sawk|def|1\n|\n|-weather|RainDance|[upkeep]\n|upkeep\n|turn|6\n|\n|t:|1606248029\n|-start|p1a: Sawk|Dynamax\n|-heal|p1a: Sawk|372\/550|[silent]\n|move|p1a: Sawk|Max Rockfall|p2a: Pelipper\n|-supereffective|p2a: Pelipper\n|-damage|p2a: Pelipper|0 fnt\n|-weather|Sandstorm\n|faint|p2a: Pelipper\n|\n|-weather|Sandstorm|[upkeep]\n|-damage|p1a: Sawk|355\/550|[from] Sandstorm\n|-sideend|p1: Pokefreak77|Reflect\n|upkeep\n|inactive|pbapali4 has 120 seconds left.\n|inactive|pbapali4 has 90 seconds left.\n|inactive|pbapali4 has 60 seconds left.\n|\n|t:|1606248124\n|switch|p2a: Hatterene|Hatterene, L82, F|228\/228\n|turn|7\n|\n|t:|1606248130\n|move|p1a: Sawk|Max Ooze|p2a: Hatterene\n|-supereffective|p2a: Hatterene\n|-damage|p2a: Hatterene|0 fnt\n|-boost|p1a: Sawk|spa|1\n|faint|p2a: Hatterene\n|\n|-weather|Sandstorm|[upkeep]\n|-damage|p1a: Sawk|338\/550|[from] Sandstorm\n|upkeep\n|inactive|pbapali4 has 60 seconds left.\n|\n|t:|1606248149\n|switch|p2a: Scyther|Scyther, L82, F|249\/249\n|turn|8\n|\n|t:|1606248156\n|switch|p2a: Solgaleo|Solgaleo, L74|325\/325\n|move|p1a: Sawk|Max Rockfall|p2a: Solgaleo\n|-resisted|p2a: Solgaleo\n|-damage|p2a: Solgaleo|237\/325\n|\n|-weather|Sandstorm|[upkeep]\n|-damage|p1a: Sawk|321\/550|[from] Sandstorm\n|-end|p1a: Sawk|Dynamax\n|-heal|p1a: Sawk|161\/275|[silent]\n|upkeep\n|turn|9\n|inactive|pbapali4 has 60 seconds left.\n|\n|t:|1606248172\n|move|p1a: Sawk|Bulk Up|p1a: Sawk\n|-boost|p1a: Sawk|atk|1\n|-boost|p1a: Sawk|def|1\n|move|p2a: Solgaleo|Psychic Fangs|p1a: Sawk\n|-supereffective|p1a: Sawk\n|-damage|p1a: Sawk|5\/275\n|\n|-weather|Sandstorm|[upkeep]\n|-damage|p1a: Sawk|0 fnt|[from] Sandstorm\n|faint|p1a: Sawk\n|upkeep\n|\n|t:|1606248184\n|switch|p1a: Ninjask|Ninjask, L86, M|245\/245\n|turn|10\n|\n|t:|1606248195\n|move|p1a: Ninjask|Swords Dance|p1a: Ninjask\n|-boost|p1a: Ninjask|atk|2\n|move|p2a: Solgaleo|Psychic Fangs|p1a: Ninjask\n|-damage|p1a: Ninjask|25\/245\n|\n|-weather|none\n|-ability|p1a: Ninjask|Speed Boost|boost\n|-boost|p1a: Ninjask|spe|1\n|upkeep\n|turn|11\n|inactive|pbapali4 has 60 seconds left.\n|\n|t:|1606248218\n|switch|p2a: Melmetal|Melmetal, L76|330\/330\n|move|p1a: Ninjask|Leech Life|p2a: Melmetal\n|-resisted|p2a: Melmetal\n|-damage|p2a: Melmetal|267\/330\n|-heal|p1a: Ninjask|57\/245|[from] drain|[of] p2a: Melmetal\n|\n|-heal|p2a: Melmetal|287\/330|[from] item: Leftovers\n|-ability|p1a: Ninjask|Speed Boost|boost\n|-boost|p1a: Ninjask|spe|1\n|upkeep\n|turn|12\n|inactive|pbapali4 has 60 seconds left.\n|\n|t:|1606248232\n|move|p1a: Ninjask|Acrobatics|p2a: Melmetal\n|-resisted|p2a: Melmetal\n|-damage|p2a: Melmetal|194\/330\n|move|p2a: Melmetal|Substitute|p2a: Melmetal\n|-start|p2a: Melmetal|Substitute\n|-damage|p2a: Melmetal|112\/330\n|\n|-heal|p2a: Melmetal|132\/330|[from] item: Leftovers\n|-ability|p1a: Ninjask|Speed Boost|boost\n|-boost|p1a: Ninjask|spe|1\n|upkeep\n|turn|13\n|inactive|pbapali4 has 60 seconds left.\n|\n|t:|1606248243\n|move|p1a: Ninjask|Acrobatics|p2a: Melmetal\n|-resisted|p2a: Melmetal\n|-end|p2a: Melmetal|Substitute\n|move|p2a: Melmetal|Double Iron Bash|p1a: Ninjask\n|-damage|p1a: Ninjask|0 fnt\n|-hitcount|p1a: Ninjask|1\n|faint|p1a: Ninjask\n|\n|-heal|p2a: Melmetal|152\/330|[from] item: Leftovers\n|upkeep\n|inactive|Pokefreak77 has 120 seconds left.\n|\n|t:|1606248284\n|switch|p1a: Glastrier|Glastrier, L82|298\/298\n|turn|14\n|inactive|pbapali4 has 60 seconds left.\n|\n|t:|1606248324\n|move|p2a: Melmetal|Double Iron Bash|p1a: Glastrier\n|-supereffective|p1a: Glastrier\n|-damage|p1a: Glastrier|172\/298\n|-supereffective|p1a: Glastrier\n|-damage|p1a: Glastrier|38\/298\n|-hitcount|p1a: Glastrier|2\n|move|p1a: Glastrier|High Horsepower|p2a: Melmetal\n|-supereffective|p2a: Melmetal\n|-damage|p2a: Melmetal|22\/330\n|\n|-heal|p2a: Melmetal|42\/330|[from] item: Leftovers\n|upkeep\n|turn|15\n|inactive|Pokefreak77 has 120 seconds left.\n|\n|t:|1606248335\n|move|p1a: Glastrier|Close Combat|p2a: Melmetal\n|-supereffective|p2a: Melmetal\n|-damage|p2a: Melmetal|0 fnt\n|-unboost|p1a: Glastrier|def|1\n|-unboost|p1a: Glastrier|spd|1\n|faint|p2a: Melmetal\n|-ability|p1a: Glastrier|Chilling Neigh|boost\n|-boost|p1a: Glastrier|atk|1\n|\n|upkeep\n|\n|t:|1606248343\n|switch|p2a: Scyther|Scyther, L82, F|249\/249\n|turn|16\n|\n|t:|1606248347\n|move|p2a: Scyther|Knock Off|p1a: Glastrier\n|-damage|p1a: Glastrier|0 fnt\n|-enditem|p1a: Glastrier|Heavy-Duty Boots|[from] move: Knock Off|[of] p2a: Scyther\n|faint|p1a: Glastrier\n|\n|upkeep\n|\n|t:|1606248353\n|switch|p1a: Carbink|Carbink, L88|184\/231\n|turn|17\n|\n|t:|1606248358\n|switch|p2a: Solgaleo|Solgaleo, L74|237\/325\n|move|p1a: Carbink|Reflect|p1a: Carbink\n|-sidestart|p1: Pokefreak77|Reflect\n|\n|upkeep\n|turn|18\n|\n|t:|1606248366\n|move|p2a: Solgaleo|Psychic Fangs|p1a: Carbink\n|-sideend|p1: Pokefreak77|Reflect\n|-damage|p1a: Carbink|97\/231\n|move|p1a: Carbink|Body Press|p2a: Solgaleo\n|-damage|p2a: Solgaleo|149\/325\n|\n|upkeep\n|turn|19\n|\n|t:|1606248372\n|move|p2a: Solgaleo|Psychic Fangs|p1a: Carbink\n|-damage|p1a: Carbink|7\/231\n|move|p1a: Carbink|Reflect|p1a: Carbink\n|-sidestart|p1: Pokefreak77|Reflect\n|\n|upkeep\n|turn|20\n|\n|t:|1606248380\n|move|p2a: Solgaleo|Psychic Fangs|p1a: Carbink\n|-sideend|p1: Pokefreak77|Reflect\n|-damage|p1a: Carbink|0 fnt\n|faint|p1a: Carbink\n|\n|upkeep\n|\n|t:|1606248388\n|switch|p1a: Delibird|Delibird, M|252\/252\n|turn|21\n|\n|t:|1606248394\n|move|p1a: Delibird|Spikes|p2a: Solgaleo\n|-sidestart|p2: pbapali4|Spikes\n|move|p2a: Solgaleo|Psychic Fangs|p1a: Delibird\n|-damage|p1a: Delibird|65\/252\n|\n|upkeep\n|turn|22\n|\n|t:|1606248403\n|move|p1a: Delibird|Freeze-Dry|p2a: Solgaleo\n|-resisted|p2a: Solgaleo\n|-damage|p2a: Solgaleo|104\/325\n|move|p2a: Solgaleo|Psychic Fangs|p1a: Delibird\n|-crit|p1a: Delibird\n|-damage|p1a: Delibird|0 fnt\n|faint|p1a: Delibird\n|\n|upkeep\n|\n|t:|1606248410\n|switch|p1a: Xerneas|Xerneas, L72|300\/300\n|-ability|p1a: Xerneas|Fairy Aura\n|turn|23\n|\n|t:|1606248421\n|switch|p2a: Liepard|Liepard, L88, F|256\/256\n|-damage|p2a: Liepard|224\/256|[from] Spikes\n|move|p1a: Xerneas|Geomancy||[still]\n|-prepare|p1a: Xerneas|Geomancy\n|-enditem|p1a: Xerneas|Power Herb\n|-anim|p1a: Xerneas|Geomancy|p1a: Xerneas\n|-boost|p1a: Xerneas|spa|2\n|-boost|p1a: Xerneas|spd|2\n|-boost|p1a: Xerneas|spe|2\n|\n|-heal|p2a: Liepard|240\/256|[from] item: Leftovers\n|upkeep\n|turn|24\n|\n|t:|1606248431\n|move|p2a: Liepard|Thunder Wave|p1a: Xerneas\n|-status|p1a: Xerneas|par\n|move|p1a: Xerneas|Moonblast|p2a: Liepard\n|-supereffective|p2a: Liepard\n|-damage|p2a: Liepard|0 fnt\n|faint|p2a: Liepard\n|\n|upkeep\n|\n|t:|1606248438\n|switch|p2a: Solgaleo|Solgaleo, L74|104\/325\n|-damage|p2a: Solgaleo|64\/325|[from] Spikes\n|turn|25\n|\n|t:|1606248445\n|move|p2a: Solgaleo|Sunsteel Strike|p1a: Xerneas\n|-supereffective|p1a: Xerneas\n|-damage|p1a: Xerneas|0 fnt\n|faint|p1a: Xerneas\n|\n|win|pbapali4\n|l|\u2606Pokefreak77\n","inputlog":">version fc3e398d897143cf99059fcd5cff38d1896c05af\n>start {\"formatid\":\"gen8randombattle\",\"seed\":[2457,20938,4157,2113],\"rated\":\"Rated battle\"}\n>player p1 {\"name\":\"Pokefreak77\",\"avatar\":\"265\",\"team\":\"\",\"rating\":1877,\"seed\":[23969,18534,58055,30391]}\n>player p2 {\"name\":\"pbapali4\",\"avatar\":\"265\",\"team\":\"\",\"rating\":1903,\"seed\":[61763,43525,57223,57163]}\n>p1 switch 2\n>p2 move swordsdance\n>p1 move reflect\n>p2 move knockoff\n>p1 switch 6\n>p2 switch 5\n>p1 switch 2\n>p2 move doubleironbash\n>p1 move bulkup\n>p2 switch 3\n>p1 move stoneedge dynamax\n>p2 move hurricane\n>p2 switch 4\n>p1 move poisonjab dynamax\n>p2 move trickroom\n>p2 switch 5\n>p1 move stoneedge dynamax\n>p2 switch 2\n>p1 move bulkup\n>p2 move psychicfangs\n>p1 switch 5\n>p1 move swordsdance\n>p2 move psychicfangs\n>p1 move leechlife\n>p2 switch 3\n>p1 move acrobatics\n>p2 move substitute\n>p1 move acrobatics\n>p2 move doubleironbash\n>p1 switch 2\n>p1 move highhorsepower\n>p2 move doubleironbash\n>p1 move closecombat\n>p2 move doubleironbash\n>p2 switch 2\n>p1 move iciclecrash\n>p2 move knockoff\n>p1 switch 6\n>p1 move reflect\n>p2 switch 3\n>p1 move bodypress\n>p2 move psychicfangs\n>p1 move reflect\n>p2 move psychicfangs\n>p1 move bodypress\n>p2 move psychicfangs\n>p1 switch 3\n>p1 move spikes\n>p2 move psychicfangs\n>p1 move freezedry\n>p2 move psychicfangs\n>p1 switch 4\n>p1 move geomancy\n>p2 switch 6\n>p1 move moonblast\n>p2 move thunderwave\n>p2 switch 6\n>p1 move moonblast\n>p2 move sunsteelstrike","uploadtime":1606248458,"views":12,"p1id":"pokefreak77","p2id":"pbapali4","formatid":"gen8randombattle","rating":0,"private":0,"password":null}