{"id":"gen8doublesou-1652494813","p1":"shx924","p2":"BiteSizeEgg","format":"gen8doublesou","log":"|j|\u2606shx924\n|j|\u2606BiteSizeEgg\n|t:|1661928767\n|gametype|doubles\n|player|p1|shx924|dawn|1487\n|player|p2|BiteSizeEgg|169|1296\n|teamsize|p1|6\n|teamsize|p2|6\n|gen|8\n|tier|[Gen 8] Doubles OU\n|rated|\n|rule|Species Clause: Limit one of each Pok\u00e9mon\n|rule|OHKO Clause: OHKO moves are banned\n|rule|Evasion Moves Clause: Evasion moves are banned\n|rule|Gravity Sleep Clause: The combination of sleep-inducing moves with imperfect accuracy and Gravity or Gigantamax Orbeetle are banned\n|rule|Endless Battle Clause: Forcing endless battles is banned\n|rule|HP Percentage Mod: HP is shown in percentages\n|rule|Dynamax Clause: You cannot dynamax\n|rule|Swagger Clause: Swagger is banned\n|clearpoke\n|poke|p1|Pelipper, F|\n|poke|p1|Seismitoad, M|\n|poke|p1|Scizor, F|\n|poke|p1|Rillaboom, F|\n|poke|p1|Ferrothorn, F|\n|poke|p1|Incineroar, M|\n|poke|p2|Urshifu-*, F|\n|poke|p2|Incineroar, M|\n|poke|p2|Rillaboom, M|\n|poke|p2|Celesteela|\n|poke|p2|Zygarde|\n|poke|p2|Mew|\n|teampreview\n|inactive|Battle timer is ON: inactive players will automatically lose when time's up. (requested by BiteSizeEgg)\n|inactive|shx924 also wants the timer to be on.\n|inactive|BiteSizeEgg has 120 seconds left.\n|\n|t:|1661928813\n|start\n|switch|p1a: Pelipper|Pelipper, F|100\/100\n|switch|p1b: Seismitoad|Seismitoad, M|100\/100\n|switch|p2a: Urshifu|Urshifu-Rapid-Strike, F|100\/100\n|switch|p2b: Rillaboom|Rillaboom, M|100\/100\n|-fieldstart|move: Grassy Terrain|[from] ability: Grassy Surge|[of] p2b: Rillaboom\n|-weather|RainDance|[from] ability: Drizzle|[of] p1a: Pelipper\n|turn|1\n|inactive|shx924 has 120 seconds left.\n|\n|t:|1661928859\n|switch|p1a: Ferrothorn|Ferrothorn, F|100\/100\n|move|p2b: Rillaboom|Fake Out|p1a: Ferrothorn\n|-resisted|p1a: Ferrothorn\n|-damage|p1a: Ferrothorn|97\/100\n|-damage|p2b: Rillaboom|88\/100|[from] ability: Iron Barbs|[of] p1a: Ferrothorn\n|move|p1b: Seismitoad|Grass Knot|p2a: Urshifu\n|-supereffective|p2a: Urshifu\n|-damage|p2a: Urshifu|0 fnt\n|faint|p2a: Urshifu\n|-damage|p1b: Seismitoad|91\/100|[from] item: Life Orb\n|\n|-weather|RainDance|[upkeep]\n|-heal|p1b: Seismitoad|97\/100|[from] Grassy Terrain\n|-heal|p2b: Rillaboom|94\/100|[from] Grassy Terrain\n|-heal|p1a: Ferrothorn|100\/100|[from] Grassy Terrain\n|upkeep\n|\n|t:|1661928881\n|switch|p2a: Celesteela|Celesteela|100\/100\n|turn|2\n|inactive|shx924 has 120 seconds left.\n|\n|t:|1661928899\n|switch|p1b: Incineroar|Incineroar, M|100\/100\n|-ability|p1b: Incineroar|Intimidate|boost\n|-unboost|p2a: Celesteela|atk|1\n|-unboost|p2b: Rillaboom|atk|1\n|move|p2b: Rillaboom|Grassy Glide|p1b: Incineroar\n|-resisted|p1b: Incineroar\n|-damage|p1b: Incineroar|88\/100\n|move|p2a: Celesteela|Meteor Beam||[still]\n|-prepare|p2a: Celesteela|Meteor Beam\n|-boost|p2a: Celesteela|spa|1\n|-enditem|p2a: Celesteela|Power Herb\n|-anim|p2a: Celesteela|Meteor Beam|p1b: Incineroar\n|-supereffective|p1b: Incineroar\n|-damage|p1b: Incineroar|0 fnt\n|faint|p1b: Incineroar\n|-ability|p2a: Celesteela|Beast Boost|boost\n|-boost|p2a: Celesteela|spa|1\n|move|p1a: Ferrothorn|Leech Seed|p2a: Celesteela|[miss]\n|-miss|p1a: Ferrothorn|p2a: Celesteela\n|\n|-weather|RainDance|[upkeep]\n|-heal|p2b: Rillaboom|100\/100|[from] Grassy Terrain\n|upkeep\n|inactive|shx924 has 120 seconds left.\n|inactive|shx924 has 90 seconds left.\n|\n|t:|1661928939\n|switch|p1b: Scizor|Scizor, F|100\/100\n|turn|3\n|\n|t:|1661928958\n|switch|p2b: Incineroar|Incineroar, M|100\/100\n|-ability|p2b: Incineroar|Intimidate|boost\n|-unboost|p1a: Ferrothorn|atk|1\n|-unboost|p1b: Scizor|atk|1\n|move|p2a: Celesteela|Flamethrower|p1a: Ferrothorn\n|-supereffective|p1a: Ferrothorn\n|-damage|p1a: Ferrothorn|6\/100\n|move|p1b: Scizor|Swords Dance|p1b: Scizor\n|-boost|p1b: Scizor|atk|2\n|move|p1a: Ferrothorn|Leech Seed|p2a: Celesteela\n|-start|p2a: Celesteela|move: Leech Seed\n|\n|-weather|RainDance|[upkeep]\n|-heal|p1a: Ferrothorn|12\/100|[from] Grassy Terrain\n|-heal|p1a: Ferrothorn|19\/100|[from] item: Leftovers\n|-damage|p2a: Celesteela|88\/100|[from] Leech Seed|[of] p1a: Ferrothorn\n|-heal|p1a: Ferrothorn|31\/100|[silent]\n|upkeep\n|turn|4\n|inactive|shx924 has 120 seconds left.\n|\n|t:|1661928996\n|switch|p1b: Seismitoad|Seismitoad, M|97\/100\n|move|p1a: Ferrothorn|Protect|p1a: Ferrothorn\n|-singleturn|p1a: Ferrothorn|Protect\n|move|p2a: Celesteela|Flamethrower|p1b: Seismitoad\n|-resisted|p1b: Seismitoad\n|-damage|p1b: Seismitoad|81\/100\n|move|p2b: Incineroar|Flare Blitz|p1a: Ferrothorn\n|-activate|p1a: Ferrothorn|move: Protect\n|\n|-weather|RainDance|[upkeep]\n|-heal|p1b: Seismitoad|87\/100|[from] Grassy Terrain\n|-heal|p1a: Ferrothorn|37\/100|[from] Grassy Terrain\n|-heal|p1a: Ferrothorn|43\/100|[from] item: Leftovers\n|-damage|p2a: Celesteela|76\/100|[from] Leech Seed|[of] p1a: Ferrothorn\n|-heal|p1a: Ferrothorn|56\/100|[silent]\n|upkeep\n|turn|5\n|inactive|shx924 has 90 seconds left.\n|inactive|BiteSizeEgg has 120 seconds left.\n|\n|t:|1661929044\n|switch|p2a: Mew|Mew|100\/100\n|switch|p2b: Rillaboom|Rillaboom, M|100\/100\n|switch|p1a: Pelipper|Pelipper, F|100\/100\n|move|p1b: Seismitoad|Muddy Water|p2a: Mew|[spread] p2a,p2b\n|-resisted|p2b: Rillaboom\n|-damage|p2a: Mew|51\/100\n|-damage|p2b: Rillaboom|84\/100\n|-damage|p1b: Seismitoad|78\/100|[from] item: Life Orb\n|\n|-weather|RainDance|[upkeep]\n|-heal|p1b: Seismitoad|84\/100|[from] Grassy Terrain\n|-heal|p2a: Mew|57\/100|[from] Grassy Terrain\n|-heal|p2b: Rillaboom|90\/100|[from] Grassy Terrain\n|-fieldend|move: Grassy Terrain\n|upkeep\n|turn|6\n|inactive|shx924 has 90 seconds left.\n|inactive|BiteSizeEgg has 120 seconds left.\n|\n|t:|1661929070\n|switch|p1b: Ferrothorn|Ferrothorn, F|56\/100\n|switch|p1a: Scizor|Scizor, F|100\/100\n|move|p2a: Mew|Tailwind|p2a: Mew\n|-sidestart|p2: BiteSizeEgg|move: Tailwind\n|move|p2b: Rillaboom|U-turn|p1b: Ferrothorn\n|-damage|p1b: Ferrothorn|39\/100\n|-damage|p2b: Rillaboom|78\/100|[from] ability: Iron Barbs|[of] p1b: Ferrothorn\n|inactive|BiteSizeEgg has 120 seconds left.\n|\n|t:|1661929081\n|switch|p2b: Incineroar|Incineroar, M|100\/100|[from]move: U-turn\n|-ability|p2b: Incineroar|Intimidate|boost\n|-unboost|p1a: Scizor|atk|1\n|-unboost|p1b: Ferrothorn|atk|1\n|\n|-weather|RainDance|[upkeep]\n|-heal|p1b: Ferrothorn|46\/100|[from] item: Leftovers\n|upkeep\n|turn|7\n|inactive|shx924 has 90 seconds left.\n|inactive|BiteSizeEgg has 120 seconds left.\n|\n|t:|1661929117\n|switch|p2a: Celesteela|Celesteela|76\/100\n|switch|p1b: Seismitoad|Seismitoad, M|84\/100\n|move|p2b: Incineroar|Knock Off|p1b: Seismitoad\n|-damage|p1b: Seismitoad|42\/100\n|-enditem|p1b: Seismitoad|Life Orb|[from] move: Knock Off|[of] p2b: Incineroar\n|move|p1a: Scizor|Bug Bite|p2a: Celesteela\n|-resisted|p2a: Celesteela\n|-damage|p2a: Celesteela|67\/100\n|\n|-weather|RainDance|[upkeep]\n|upkeep\n|turn|8\n|inactive|shx924 has 90 seconds left.\n|inactive|BiteSizeEgg has 120 seconds left.\n|\n|t:|1661929146\n|switch|p2a: Mew|Mew|57\/100\n|switch|p2b: Zygarde|Zygarde|100\/100\n|-ability|p2b: Zygarde|Aura Break\n|move|p1b: Seismitoad|Muddy Water|p2b: Zygarde|[spread] p2a,p2b\n|-damage|p2a: Mew|22\/100\n|-damage|p2b: Zygarde|59\/100\n|-unboost|p2b: Zygarde|accuracy|1\n|move|p1a: Scizor|Swords Dance|p1a: Scizor\n|-boost|p1a: Scizor|atk|2\n|\n|-weather|none\n|upkeep\n|turn|9\n|inactive|shx924 has 90 seconds left.\n|\n|t:|1661929179\n|switch|p2a: Incineroar|Incineroar, M|100\/100\n|-ability|p2a: Incineroar|Intimidate|boost\n|-unboost|p1a: Scizor|atk|1\n|-unboost|p1b: Seismitoad|atk|1\n|switch|p1b: Rillaboom|Rillaboom, F|100\/100\n|-fieldstart|move: Grassy Terrain|[from] ability: Grassy Surge|[of] p1b: Rillaboom\n|move|p1a: Scizor|Bullet Punch|p2a: Incineroar\n|-resisted|p2a: Incineroar\n|-damage|p2a: Incineroar|86\/100\n|move|p2b: Zygarde|Thousand Arrows|p1b: Rillaboom|[spread] p1a,p1b\n|-resisted|p1b: Rillaboom\n|-damage|p1a: Scizor|55\/100\n|-damage|p1b: Rillaboom|78\/100\n|\n|-heal|p2b: Zygarde|65\/100|[from] Grassy Terrain\n|-heal|p2a: Incineroar|92\/100|[from] Grassy Terrain\n|-heal|p1b: Rillaboom|84\/100|[from] Grassy Terrain\n|-heal|p1a: Scizor|61\/100|[from] Grassy Terrain\n|-heal|p1a: Scizor|67\/100|[from] item: Leftovers\n|-sideend|p2: BiteSizeEgg|move: Tailwind\n|upkeep\n|turn|10\n|inactive|shx924 has 90 seconds left.\n|inactive|BiteSizeEgg has 120 seconds left.\n|\n|t:|1661929222\n|move|p1b: Rillaboom|Fake Out|p2a: Incineroar\n|-damage|p2a: Incineroar|76\/100\n|move|p1a: Scizor|Bullet Punch|p2b: Zygarde\n|-damage|p2b: Zygarde|39\/100\n|move|p2b: Zygarde|Thousand Arrows|p1a: Scizor|[spread] p1a\n|-miss|p2b: Zygarde|p1b: Rillaboom\n|-damage|p1a: Scizor|19\/100\n|cant|p2a: Incineroar|flinch\n|\n|-heal|p2b: Zygarde|45\/100|[from] Grassy Terrain\n|-heal|p1b: Rillaboom|90\/100|[from] Grassy Terrain\n|-heal|p2a: Incineroar|82\/100|[from] Grassy Terrain\n|-heal|p1a: Scizor|25\/100|[from] Grassy Terrain\n|-heal|p1a: Scizor|31\/100|[from] item: Leftovers\n|upkeep\n|turn|11\n|\n|t:|1661929248\n|switch|p2b: Celesteela|Celesteela|67\/100\n|move|p1a: Scizor|Bullet Punch|p2b: Celesteela\n|-resisted|p2b: Celesteela\n|-damage|p2b: Celesteela|52\/100\n|move|p1b: Rillaboom|U-turn|p2a: Incineroar\n|-damage|p2a: Incineroar|58\/100\n|\n|t:|1661929256\n|switch|p1b: Pelipper|Pelipper, F|100\/100|[from]move: U-turn\n|-weather|RainDance|[from] ability: Drizzle|[of] p1b: Pelipper\n|move|p2a: Incineroar|Knock Off|p1a: Scizor\n|-damage|p1a: Scizor|0 fnt\n|-enditem|p1a: Scizor|Leftovers|[from] move: Knock Off|[of] p2a: Incineroar\n|faint|p1a: Scizor\n|\n|-weather|RainDance|[upkeep]\n|-heal|p2a: Incineroar|64\/100|[from] Grassy Terrain\n|upkeep\n|inactive|shx924 has 60 seconds left.\n|\n|t:|1661929270\n|switch|p1a: Seismitoad|Seismitoad, M|42\/100\n|turn|12\n|\n|t:|1661929277\n|move|p2b: Celesteela|Wide Guard|p2b: Celesteela\n|-singleturn|p2b: Celesteela|Wide Guard\n|move|p1a: Seismitoad|Muddy Water|p2b: Celesteela|[spread] \n|-activate|p2a: Incineroar|move: Wide Guard\n|-activate|p2b: Celesteela|move: Wide Guard\n|move|p1b: Pelipper|Scald|p2b: Celesteela\n|-damage|p2b: Celesteela|0 fnt\n|faint|p2b: Celesteela\n|move|p2a: Incineroar|Parting Shot|p1a: Seismitoad\n|-unboost|p1a: Seismitoad|atk|1\n|-unboost|p1a: Seismitoad|spa|1\n|\n|t:|1661929290\n|switch|p2a: Zygarde|Zygarde|45\/100|[from]move: Parting Shot\n|-ability|p2a: Zygarde|Aura Break\n|\n|-weather|RainDance|[upkeep]\n|-heal|p1a: Seismitoad|48\/100|[from] Grassy Terrain\n|-heal|p2a: Zygarde|51\/100|[from] Grassy Terrain\n|upkeep\n|\n|t:|1661929297\n|switch|p2b: Rillaboom|Rillaboom, M|78\/100\n|turn|13\n|inactive|shx924 has 90 seconds left.\n|\n|t:|1661929326\n|switch|p1b: Rillaboom|Rillaboom, F|90\/100\n|move|p2b: Rillaboom|Fake Out|p1b: Rillaboom\n|-crit|p1b: Rillaboom\n|-damage|p1b: Rillaboom|72\/100\n|move|p1a: Seismitoad|Grass Knot|p2a: Zygarde\n|-damage|p2a: Zygarde|22\/100\n|move|p2a: Zygarde|Thousand Arrows|p1a: Seismitoad|[spread] p1a,p1b\n|-resisted|p1b: Rillaboom\n|-damage|p1a: Seismitoad|0 fnt\n|-damage|p1b: Rillaboom|51\/100\n|faint|p1a: Seismitoad\n|\n|-weather|RainDance|[upkeep]\n|-heal|p2a: Zygarde|28\/100|[from] Grassy Terrain\n|-heal|p2b: Rillaboom|84\/100|[from] Grassy Terrain\n|-heal|p1b: Rillaboom|57\/100|[from] Grassy Terrain\n|-fieldend|move: Grassy Terrain\n|upkeep\n|inactive|shx924 has 90 seconds left.\n|\n|t:|1661929343\n|switch|p1a: Ferrothorn|Ferrothorn, F|46\/100\n|turn|14\n|inactive|shx924 has 90 seconds left.\n|\n|t:|1661929371\n|switch|p2a: Incineroar|Incineroar, M|64\/100\n|-ability|p2a: Incineroar|Intimidate|boost\n|-unboost|p1a: Ferrothorn|atk|1\n|-unboost|p1b: Rillaboom|atk|1\n|move|p1b: Rillaboom|Fake Out|p2a: Incineroar\n|-damage|p2a: Incineroar|55\/100\n|move|p2b: Rillaboom|U-turn|p1b: Rillaboom\n|-supereffective|p1b: Rillaboom\n|-damage|p1b: Rillaboom|12\/100\n|\n|t:|1661929379\n|switch|p2b: Zygarde|Zygarde|28\/100|[from]move: U-turn\n|-ability|p2b: Zygarde|Aura Break\n|move|p1a: Ferrothorn|Iron Defense|p1a: Ferrothorn\n|-boost|p1a: Ferrothorn|def|2\n|\n|-weather|RainDance|[upkeep]\n|-heal|p1a: Ferrothorn|52\/100|[from] item: Leftovers\n|upkeep\n|turn|15\n|\n|t:|1661929398\n|move|p2b: Zygarde|Thousand Arrows|p1a: Ferrothorn|[spread] p1a,p1b\n|-resisted|p1b: Rillaboom\n|-damage|p1a: Ferrothorn|37\/100\n|-damage|p1b: Rillaboom|0 fnt\n|faint|p1b: Rillaboom\n|move|p2a: Incineroar|Flare Blitz|p1a: Ferrothorn\n|-supereffective|p1a: Ferrothorn\n|-damage|p1a: Ferrothorn|8\/100\n|-damage|p2a: Incineroar|42\/100|[from] ability: Iron Barbs|[of] p1a: Ferrothorn\n|-damage|p2a: Incineroar|34\/100|[from] Recoil\n|move|p1a: Ferrothorn|Leech Seed|p2b: Zygarde\n|-start|p2b: Zygarde|move: Leech Seed\n|\n|-weather|RainDance|[upkeep]\n|-heal|p1a: Ferrothorn|14\/100|[from] item: Leftovers\n|-damage|p2b: Zygarde|16\/100|[from] Leech Seed|[of] p1a: Ferrothorn\n|-heal|p1a: Ferrothorn|27\/100|[silent]\n|upkeep\n|\n|t:|1661929412\n|switch|p1b: Pelipper|Pelipper, F|100\/100\n|turn|16\n|\n|t:|1661929430\n|switch|p2b: Mew|Mew|22\/100\n|switch|p2a: Rillaboom|Rillaboom, M|84\/100\n|-fieldstart|move: Grassy Terrain|[from] ability: Grassy Surge|[of] p2a: Rillaboom\n|move|p1b: Pelipper|Scald|p2a: Rillaboom\n|-resisted|p2a: Rillaboom\n|-damage|p2a: Rillaboom|67\/100\n|move|p1a: Ferrothorn|Iron Defense|p1a: Ferrothorn\n|-boost|p1a: Ferrothorn|def|2\n|\n|-weather|RainDance|[upkeep]\n|-heal|p2b: Mew|28\/100|[from] Grassy Terrain\n|-heal|p2a: Rillaboom|73\/100|[from] Grassy Terrain\n|-heal|p1a: Ferrothorn|33\/100|[from] Grassy Terrain\n|-heal|p1a: Ferrothorn|39\/100|[from] item: Leftovers\n|upkeep\n|turn|17\n|inactive|shx924 has 120 seconds left.\n|\n|t:|1661929456\n|move|p2a: Rillaboom|Fake Out|p1b: Pelipper\n|-crit|p1b: Pelipper\n|-damage|p1b: Pelipper|77\/100\n|move|p2b: Mew|Will-O-Wisp|p1a: Ferrothorn\n|-status|p1a: Ferrothorn|brn\n|cant|p1b: Pelipper|flinch\n|move|p1a: Ferrothorn|Leech Seed|p2b: Mew\n|-start|p2b: Mew|move: Leech Seed\n|\n|-weather|RainDance|[upkeep]\n|-heal|p2b: Mew|34\/100|[from] Grassy Terrain\n|-heal|p2a: Rillaboom|80\/100|[from] Grassy Terrain\n|-heal|p1a: Ferrothorn|46\/100 brn|[from] Grassy Terrain\n|-heal|p1a: Ferrothorn|52\/100 brn|[from] item: Leftovers\n|-damage|p2b: Mew|22\/100|[from] Leech Seed|[of] p1a: Ferrothorn\n|-heal|p1a: Ferrothorn|66\/100 brn|[silent]\n|-damage|p1a: Ferrothorn|60\/100 brn|[from] brn\n|upkeep\n|turn|18\n|inactive|shx924 has 120 seconds left.\n|\n|t:|1661929486\n|move|p2b: Mew|Coaching|p2a: Rillaboom\n|-boost|p2a: Rillaboom|atk|1\n|-boost|p2a: Rillaboom|def|1\n|move|p2a: Rillaboom|Wood Hammer|p1b: Pelipper\n|-damage|p1b: Pelipper|0 fnt\n|faint|p1b: Pelipper\n|-damage|p2a: Rillaboom|59\/100|[from] Recoil\n|move|p1a: Ferrothorn|Leech Seed||[still]\n|-fail|p1a: Ferrothorn\n|\n|-weather|none\n|-heal|p2b: Mew|28\/100|[from] Grassy Terrain\n|-heal|p2a: Rillaboom|66\/100|[from] Grassy Terrain\n|-heal|p1a: Ferrothorn|66\/100 brn|[from] Grassy Terrain\n|-heal|p1a: Ferrothorn|72\/100 brn|[from] item: Leftovers\n|-damage|p2b: Mew|16\/100|[from] Leech Seed|[of] p1a: Ferrothorn\n|-heal|p1a: Ferrothorn|87\/100 brn|[silent]\n|-damage|p1a: Ferrothorn|80\/100 brn|[from] brn\n|upkeep\n|turn|19\n|inactive|shx924 has 120 seconds left.\n|\n|t:|1661929507\n|switch|p2a: Incineroar|Incineroar, M|34\/100\n|-ability|p2a: Incineroar|Intimidate|boost\n|-unboost|p1a: Ferrothorn|atk|1\n|move|p2b: Mew|Coaching|p2a: Incineroar\n|-boost|p2a: Incineroar|atk|1\n|-boost|p2a: Incineroar|def|1\n|move|p1a: Ferrothorn|Body Press|p2a: Incineroar\n|-supereffective|p2a: Incineroar\n|-damage|p2a: Incineroar|0 fnt\n|faint|p2a: Incineroar\n|\n|-heal|p2b: Mew|22\/100|[from] Grassy Terrain\n|-heal|p1a: Ferrothorn|87\/100 brn|[from] Grassy Terrain\n|-heal|p1a: Ferrothorn|93\/100 brn|[from] item: Leftovers\n|-damage|p2b: Mew|9\/100|[from] Leech Seed|[of] p1a: Ferrothorn\n|-heal|p1a: Ferrothorn|100\/100 brn|[silent]\n|-damage|p1a: Ferrothorn|94\/100 brn|[from] brn\n|upkeep\n|\n|t:|1661929516\n|switch|p2a: Zygarde|Zygarde|16\/100\n|-ability|p2a: Zygarde|Aura Break\n|turn|20\n|\n|t:|1661929528\n|move|p2b: Mew|Coaching|p2a: Zygarde\n|-boost|p2a: Zygarde|atk|1\n|-boost|p2a: Zygarde|def|1\n|move|p2a: Zygarde|Superpower|p1a: Ferrothorn\n|-supereffective|p1a: Ferrothorn\n|-damage|p1a: Ferrothorn|56\/100 brn\n|-unboost|p2a: Zygarde|atk|1\n|-unboost|p2a: Zygarde|def|1\n|-damage|p2a: Zygarde|4\/100|[from] ability: Iron Barbs|[of] p1a: Ferrothorn\n|move|p1a: Ferrothorn|Iron Defense|p1a: Ferrothorn\n|-boost|p1a: Ferrothorn|def|2\n|\n|-heal|p2b: Mew|16\/100|[from] Grassy Terrain\n|-heal|p2a: Zygarde|10\/100|[from] Grassy Terrain\n|-heal|p1a: Ferrothorn|62\/100 brn|[from] Grassy Terrain\n|-heal|p1a: Ferrothorn|69\/100 brn|[from] item: Leftovers\n|-damage|p2b: Mew|3\/100|[from] Leech Seed|[of] p1a: Ferrothorn\n|-heal|p1a: Ferrothorn|83\/100 brn|[silent]\n|-damage|p1a: Ferrothorn|77\/100 brn|[from] brn\n|-fieldend|move: Grassy Terrain\n|upkeep\n|turn|21\n|\n|t:|1661929548\n|move|p2b: Mew|Coaching|p2a: Zygarde\n|-boost|p2a: Zygarde|atk|1\n|-boost|p2a: Zygarde|def|1\n|move|p2a: Zygarde|Superpower|p1a: Ferrothorn\n|-supereffective|p1a: Ferrothorn\n|-damage|p1a: Ferrothorn|47\/100 brn\n|-unboost|p2a: Zygarde|atk|1\n|-unboost|p2a: Zygarde|def|1\n|-damage|p2a: Zygarde|0 fnt|[from] ability: Iron Barbs|[of] p1a: Ferrothorn\n|faint|p2a: Zygarde\n|move|p1a: Ferrothorn|Body Press|p2b: Mew\n|-resisted|p2b: Mew\n|-damage|p2b: Mew|0 fnt\n|faint|p2b: Mew\n|\n|-heal|p1a: Ferrothorn|53\/100 brn|[from] item: Leftovers\n|-damage|p1a: Ferrothorn|47\/100 brn|[from] brn\n|upkeep\n|c|\u2606BiteSizeEgg|gg\n|-message|BiteSizeEgg forfeited.\n|\n|win|shx924\n|raw|shx924's rating: 1487 &rarr; <strong>1497<\/strong><br \/>(+10 for winning)\n|raw|BiteSizeEgg's rating: 1296 &rarr; <strong>1284<\/strong><br \/>(-12 for losing)\n|l|\u2606BiteSizeEgg\n|c|\u2606shx924|gg\n","uploadtime":1661929763,"views":3,"p1id":"shx924","p2id":"bitesizeegg","formatid":"gen8doublesou","rating":1284,"private":0,"password":null}