{"id":"gen8ou-1677948502","p1":"Diameter\u272fXtreme","p2":"minimax_ai","format":"gen8ou","log":"|j|\u2606Diameter\u272fXtreme\n|j|\u2606minimax_ai\n|t:|1664941000\n|gametype|singles\n|player|p1|Diameter\u272fXtreme|jasmine-gen2|1548\n|player|p2|minimax_ai|lusamine-nihilego|1537\n|teamsize|p1|6\n|teamsize|p2|6\n|gen|8\n|tier|[Gen 8] OU\n|rated|\n|rule|Sleep Clause Mod: Limit one foe put to sleep\n|rule|Species Clause: Limit one of each Pok\u00e9mon\n|rule|OHKO Clause: OHKO moves are banned\n|rule|Evasion Items Clause: Evasion items are banned\n|rule|Evasion Moves Clause: Evasion moves are banned\n|rule|Endless Battle Clause: Forcing endless battles is banned\n|rule|HP Percentage Mod: HP is shown in percentages\n|rule|Dynamax Clause: You cannot dynamax\n|clearpoke\n|poke|p1|Slowking, F|\n|poke|p1|Urshifu-*, F|\n|poke|p1|Hippowdon, M|\n|poke|p1|Volcanion|\n|poke|p1|Buzzwole|\n|poke|p1|Tornadus-Therian, M|\n|poke|p2|Rotom-Wash|\n|poke|p2|Weavile, M|\n|poke|p2|Landorus-Therian, M|\n|poke|p2|Heatran, M|\n|poke|p2|Tangrowth, M|\n|poke|p2|Melmetal|\n|teampreview\n|inactive|Battle timer is ON: inactive players will automatically lose when time's up. (requested by Diameter\u272fXtreme)\n|c|\u2606minimax_ai|hf\n|inactive|minimax_ai also wants the timer to be on.\n|\n|t:|1664941010\n|start\n|switch|p1a: Urshifu|Urshifu-Rapid-Strike, F|100\/100\n|switch|p2a: rotomwash|Rotom-Wash|100\/100\n|turn|1\n|\n|t:|1664941015\n|switch|p1a: Hippowdon|Hippowdon, M|100\/100\n|-weather|Sandstorm|[from] ability: Sand Stream|[of] p1a: Hippowdon\n|move|p2a: rotomwash|Pain Split|p1a: Hippowdon\n|-sethp|p1a: Hippowdon|87\/100|[from] move: Pain Split|[silent]\n|-sethp|p2a: rotomwash|100\/100|[from] move: Pain Split\n|\n|-weather|Sandstorm|[upkeep]\n|-damage|p2a: rotomwash|94\/100|[from] Sandstorm\n|-heal|p2a: rotomwash|100\/100|[from] item: Leftovers\n|-heal|p1a: Hippowdon|93\/100|[from] item: Leftovers\n|upkeep\n|turn|2\n|\n|t:|1664941022\n|switch|p1a: Slowking|Slowking, F|100\/100\n|move|p2a: rotomwash|Hydro Pump|p1a: Slowking\n|-resisted|p1a: Slowking\n|-damage|p1a: Slowking|88\/100\n|\n|-weather|Sandstorm|[upkeep]\n|-damage|p2a: rotomwash|94\/100|[from] Sandstorm\n|-damage|p1a: Slowking|82\/100|[from] Sandstorm\n|-heal|p2a: rotomwash|100\/100|[from] item: Leftovers\n|upkeep\n|turn|3\n|\n|t:|1664941030\n|move|p2a: rotomwash|Nasty Plot|p2a: rotomwash\n|-boost|p2a: rotomwash|spa|2\n|move|p1a: Slowking|Scald|p2a: rotomwash\n|-resisted|p2a: rotomwash\n|-damage|p2a: rotomwash|87\/100\n|-status|p2a: rotomwash|brn\n|\n|-weather|Sandstorm|[upkeep]\n|-damage|p2a: rotomwash|81\/100 brn|[from] Sandstorm\n|-damage|p1a: Slowking|76\/100|[from] Sandstorm\n|-heal|p2a: rotomwash|87\/100 brn|[from] item: Leftovers\n|-damage|p2a: rotomwash|81\/100 brn|[from] brn\n|upkeep\n|turn|4\n|\n|t:|1664941035\n|switch|p1a: Hippowdon|Hippowdon, M|93\/100\n|move|p2a: rotomwash|Thunderbolt|p1a: Hippowdon\n|-immune|p1a: Hippowdon\n|\n|-weather|Sandstorm|[upkeep]\n|-damage|p2a: rotomwash|75\/100 brn|[from] Sandstorm\n|-heal|p2a: rotomwash|81\/100 brn|[from] item: Leftovers\n|-heal|p1a: Hippowdon|99\/100|[from] item: Leftovers\n|-damage|p2a: rotomwash|75\/100 brn|[from] brn\n|upkeep\n|turn|5\n|\n|t:|1664941037\n|switch|p1a: Volcanion|Volcanion|100\/100\n|move|p2a: rotomwash|Hydro Pump|p1a: Volcanion\n|-immune|p1a: Volcanion|[from] ability: Water Absorb\n|\n|-weather|none\n|-heal|p2a: rotomwash|81\/100 brn|[from] item: Leftovers\n|-damage|p2a: rotomwash|75\/100 brn|[from] brn\n|upkeep\n|turn|6\n|\n|t:|1664941043\n|move|p2a: rotomwash|Thunderbolt|p1a: Volcanion\n|-supereffective|p1a: Volcanion\n|-damage|p1a: Volcanion|0 fnt\n|faint|p1a: Volcanion\n|\n|-heal|p2a: rotomwash|81\/100 brn|[from] item: Leftovers\n|-damage|p2a: rotomwash|75\/100 brn|[from] brn\n|upkeep\n|\n|t:|1664941048\n|switch|p1a: Urshifu|Urshifu-Rapid-Strike, F|100\/100\n|turn|7\n|\n|t:|1664941052\n|switch|p2a: Tangrowth|Tangrowth, M|100\/100\n|move|p1a: Urshifu|U-turn|p2a: Tangrowth\n|-supereffective|p2a: Tangrowth\n|-damage|p2a: Tangrowth|65\/100\n|-damage|p1a: Urshifu|84\/100|[from] item: Rocky Helmet|[of] p2a: Tangrowth\n|\n|t:|1664941056\n|switch|p1a: Tornadus|Tornadus-Therian, M|100\/100|[from]move: U-turn\n|\n|upkeep\n|turn|8\n|\n|t:|1664941058\n|switch|p2a: rotomwash|Rotom-Wash|75\/100 brn\n|move|p1a: Tornadus|Knock Off|p2a: rotomwash\n|-damage|p2a: rotomwash|52\/100 brn\n|-enditem|p2a: rotomwash|Leftovers|[from] move: Knock Off|[of] p1a: Tornadus\n|\n|-damage|p2a: rotomwash|46\/100 brn|[from] brn\n|upkeep\n|turn|9\n|\n|t:|1664941060\n|move|p1a: Tornadus|U-turn|p2a: rotomwash\n|-damage|p2a: rotomwash|32\/100 brn\n|\n|t:|1664941063\n|switch|p1a: Slowking|Slowking, F|100\/100|[from]move: U-turn\n|move|p2a: rotomwash|Pain Split|p1a: Slowking\n|-sethp|p1a: Slowking|62\/100|[from] move: Pain Split|[silent]\n|-sethp|p2a: rotomwash|81\/100 brn|[from] move: Pain Split\n|\n|-damage|p2a: rotomwash|75\/100 brn|[from] brn\n|upkeep\n|turn|10\n|\n|t:|1664941064\n|move|p2a: rotomwash|Nasty Plot|p2a: rotomwash\n|-boost|p2a: rotomwash|spa|2\n|move|p1a: Slowking|Future Sight|p2a: rotomwash\n|-start|p1a: Slowking|move: Future Sight\n|\n|-damage|p2a: rotomwash|68\/100 brn|[from] brn\n|upkeep\n|turn|11\n|\n|t:|1664941067\n|move|p2a: rotomwash|Pain Split|p1a: Slowking\n|-sethp|p1a: Slowking|58\/100|[from] move: Pain Split|[silent]\n|-sethp|p2a: rotomwash|75\/100 brn|[from] move: Pain Split\n|move|p1a: Slowking|Slack Off|p1a: Slowking\n|-heal|p1a: Slowking|100\/100\n|\n|-damage|p2a: rotomwash|68\/100 brn|[from] brn\n|upkeep\n|turn|12\n|\n|t:|1664941069\n|switch|p1a: Hippowdon|Hippowdon, M|99\/100\n|-weather|Sandstorm|[from] ability: Sand Stream|[of] p1a: Hippowdon\n|move|p2a: rotomwash|Thunderbolt|p1a: Hippowdon\n|-immune|p1a: Hippowdon\n|\n|-weather|Sandstorm|[upkeep]\n|-damage|p2a: rotomwash|62\/100 brn|[from] Sandstorm\n|-end|p2a: rotomwash|move: Future Sight\n|-damage|p2a: rotomwash|14\/100 brn\n|-heal|p1a: Hippowdon|100\/100|[from] item: Leftovers\n|-damage|p2a: rotomwash|8\/100 brn|[from] brn\n|upkeep\n|turn|13\n|\n|t:|1664941075\n|switch|p1a: Slowking|Slowking, F|100\/100\n|move|p2a: rotomwash|Pain Split|p1a: Slowking\n|-sethp|p1a: Slowking|53\/100|[from] move: Pain Split|[silent]\n|-sethp|p2a: rotomwash|69\/100 brn|[from] move: Pain Split\n|\n|-weather|Sandstorm|[upkeep]\n|-damage|p2a: rotomwash|63\/100 brn|[from] Sandstorm\n|-damage|p1a: Slowking|47\/100|[from] Sandstorm\n|-damage|p2a: rotomwash|56\/100 brn|[from] brn\n|upkeep\n|turn|14\n|\n|t:|1664941079\n|switch|p1a: Hippowdon|Hippowdon, M|100\/100\n|move|p2a: rotomwash|Thunderbolt|p1a: Hippowdon\n|-immune|p1a: Hippowdon\n|\n|-weather|Sandstorm|[upkeep]\n|-damage|p2a: rotomwash|50\/100 brn|[from] Sandstorm\n|-damage|p2a: rotomwash|44\/100 brn|[from] brn\n|upkeep\n|turn|15\n|-message|Diameter\u272fXtreme forfeited.\n|\n|win|minimax_ai\n|raw|Diameter\u272fXtreme's rating: 1548 &rarr; <strong>1527<\/strong><br \/>(-21 for losing)\n|raw|minimax_ai's rating: 1537 &rarr; <strong>1558<\/strong><br \/>(+21 for winning)\n|c|\u2606minimax_ai|gg\n","uploadtime":1664941086,"views":4,"p1id":"diameterxtreme","p2id":"minimaxai","formatid":"gen8ou","rating":1527,"private":0,"password":null}