{"id":"gen8nationaldexmonotype-1549403123","p1":"BabyWizard9875","p2":"Eclipse77","format":"gen8nationaldexmonotype","log":"|j|\u2606BabyWizard9875\n|j|\u2606Eclipse77\n|t:|1649477856\n|gametype|singles\n|player|p1|BabyWizard9875|iris|1312\n|player|p2|Eclipse77|hilda-wonderlauncher|1599\n|teamsize|p1|6\n|teamsize|p2|6\n|gen|8\n|tier|[Gen 8] National Dex Monotype\n|rated|\n|rule|HP Percentage Mod: HP is shown in percentages\n|rule|Endless Battle Clause: Forcing endless battles is banned\n|rule|Same Type Clause: Pok\u00e9mon in a team must share a type\n|rule|Species Clause: Limit one of each Pok\u00e9mon\n|rule|OHKO Clause: OHKO moves are banned\n|rule|Evasion Moves Clause: Evasion moves are banned\n|rule|Dynamax Clause: You cannot dynamax\n|rule|Sleep Clause Mod: Limit one foe put to sleep\n|clearpoke\n|poke|p1|Haxorus, M|\n|poke|p1|Kommo-o, M|\n|poke|p1|Dragonite, F|\n|poke|p1|Hydreigon, F|\n|poke|p1|Garchomp, F|\n|poke|p1|Latios, M|\n|poke|p2|Greninja, M|\n|poke|p2|Pelipper, F|\n|poke|p2|Toxapex, M|\n|poke|p2|Urshifu-*, M|\n|poke|p2|Slowking, M|\n|poke|p2|Swampert, M|\n|teampreview\n|inactive|Battle timer is ON: inactive players will automatically lose when time's up. (requested by BabyWizard9875)\n|inactive|BabyWizard9875 has 120 seconds left.\n|inactive|Eclipse77 has 120 seconds left.\n|inactive|BabyWizard9875 has 90 seconds left.\n|\n|t:|1649477942\n|start\n|switch|p1a: Kommo-o|Kommo-o, M|100\/100\n|switch|p2a: Greninja|Greninja, M|100\/100\n|turn|1\n|\n|t:|1649477953\n|move|p2a: Greninja|U-turn|p1a: Kommo-o\n|-start|p2a: Greninja|typechange|Bug|[from] ability: Protean\n|-resisted|p1a: Kommo-o\n|-damage|p1a: Kommo-o|90\/100\n|\n|t:|1649477959\n|switch|p2a: Slowking|Slowking, M|100\/100|[from]move: U-turn\n|move|p1a: Kommo-o|Drain Punch|p2a: Slowking\n|-resisted|p2a: Slowking\n|-damage|p2a: Slowking|84\/100\n|-heal|p1a: Kommo-o|100\/100|[from] drain|[of] p2a: Slowking\n|\n|upkeep\n|turn|2\n|\n|t:|1649477974\n|move|p1a: Kommo-o|Substitute|p1a: Kommo-o\n|-start|p1a: Kommo-o|Substitute\n|-damage|p1a: Kommo-o|75\/100\n|move|p2a: Slowking|Future Sight|p1a: Kommo-o\n|-start|p2a: Slowking|move: Future Sight\n|\n|upkeep\n|turn|3\n|\n|t:|1649477985\n|move|p1a: Kommo-o|Belly Drum|p1a: Kommo-o\n|-damage|p1a: Kommo-o|25\/100\n|-setboost|p1a: Kommo-o|atk|6|[from] move: Belly Drum\n|-enditem|p1a: Kommo-o|Salac Berry|[eat]\n|-boost|p1a: Kommo-o|spe|1|[from] item: Salac Berry\n|move|p2a: Slowking|Teleport|p2a: Slowking\n|\n|t:|1649477993\n|switch|p2a: Toxapex|Toxapex, M|100\/100|[from]move: Teleport\n|\n|upkeep\n|turn|4\n|\n|t:|1649478001\n|move|p1a: Kommo-o|Drain Punch|p2a: Toxapex\n|-resisted|p2a: Toxapex\n|-damage|p2a: Toxapex|58\/100\n|-heal|p1a: Kommo-o|48\/100|[from] drain|[of] p2a: Toxapex\n|move|p2a: Toxapex|Haze|p2a: Toxapex\n|-clearallboost\n|\n|-end|p1a: Kommo-o|move: Future Sight\n|-supereffective|p1a: Kommo-o\n|-end|p1a: Kommo-o|Substitute\n|-heal|p2a: Toxapex|64\/100|[from] item: Black Sludge\n|upkeep\n|turn|5\n|\n|t:|1649478008\n|move|p1a: Kommo-o|Substitute|p1a: Kommo-o\n|-start|p1a: Kommo-o|Substitute\n|-damage|p1a: Kommo-o|23\/100\n|move|p2a: Toxapex|Toxic||[still]\n|-fail|p2a: Toxapex\n|\n|-heal|p2a: Toxapex|71\/100|[from] item: Black Sludge\n|upkeep\n|turn|6\n|\n|t:|1649478012\n|switch|p2a: Slowking|Slowking, M|100\/100\n|move|p1a: Kommo-o|Drain Punch|p2a: Slowking\n|-resisted|p2a: Slowking\n|-damage|p2a: Slowking|82\/100\n|-heal|p1a: Kommo-o|35\/100|[from] drain|[of] p2a: Slowking\n|\n|upkeep\n|turn|7\n|\n|t:|1649478015\n|move|p1a: Kommo-o|Drain Punch|p2a: Slowking\n|-resisted|p2a: Slowking\n|-damage|p2a: Slowking|63\/100\n|-heal|p1a: Kommo-o|48\/100|[from] drain|[of] p2a: Slowking\n|move|p2a: Slowking|Future Sight|p1a: Kommo-o\n|-start|p2a: Slowking|move: Future Sight\n|\n|upkeep\n|turn|8\n|\n|t:|1649478019\n|move|p1a: Kommo-o|Drain Punch|p2a: Slowking\n|-resisted|p2a: Slowking\n|-damage|p2a: Slowking|46\/100\n|-heal|p1a: Kommo-o|60\/100|[from] drain|[of] p2a: Slowking\n|move|p2a: Slowking|Teleport|p2a: Slowking\n|\n|t:|1649478022\n|switch|p2a: Pelipper|Pelipper, F|100\/100|[from]move: Teleport\n|-weather|RainDance|[from] ability: Drizzle|[of] p2a: Pelipper\n|\n|-weather|RainDance|[upkeep]\n|upkeep\n|turn|9\n|\n|t:|1649478028\n|move|p1a: Kommo-o|Belly Drum|p1a: Kommo-o\n|-damage|p1a: Kommo-o|10\/100\n|-setboost|p1a: Kommo-o|atk|6|[from] move: Belly Drum\n|move|p2a: Pelipper|Hurricane|p1a: Kommo-o\n|-supereffective|p1a: Kommo-o\n|-end|p1a: Kommo-o|Substitute\n|\n|-weather|RainDance|[upkeep]\n|-end|p1a: Kommo-o|move: Future Sight\n|-supereffective|p1a: Kommo-o\n|-damage|p1a: Kommo-o|0 fnt\n|faint|p1a: Kommo-o\n|upkeep\n|\n|t:|1649478036\n|switch|p1a: Dragonite|Dragonite, F|100\/100\n|turn|10\n|\n|t:|1649478042\n|move|p1a: Dragonite|Dragon Dance|p1a: Dragonite\n|-boost|p1a: Dragonite|atk|1\n|-boost|p1a: Dragonite|spe|1\n|move|p2a: Pelipper|Hurricane|p1a: Dragonite\n|-damage|p1a: Dragonite|61\/100\n|\n|-weather|RainDance|[upkeep]\n|upkeep\n|turn|11\n|\n|t:|1649478046\n|switch|p2a: Toxapex|Toxapex, M|100\/100\n|move|p1a: Dragonite|Thunder Punch|p2a: Toxapex\n|-supereffective|p2a: Toxapex\n|-damage|p2a: Toxapex|48\/100\n|\n|-weather|RainDance|[upkeep]\n|-heal|p2a: Toxapex|54\/100|[from] item: Black Sludge\n|upkeep\n|turn|12\n|\n|t:|1649478053\n|switch|p2a: Swampert|Swampert, M|100\/100\n|move|p1a: Dragonite|Thunder Punch|p2a: Swampert\n|-immune|p2a: Swampert\n|\n|-weather|none\n|upkeep\n|turn|13\n|\n|t:|1649478057\n|detailschange|p2a: Swampert|Swampert-Mega, M\n|-mega|p2a: Swampert|Swampert|Swampertite\n|move|p1a: Dragonite|Dragon Claw|p2a: Swampert\n|-damage|p2a: Swampert|40\/100\n|move|p2a: Swampert|Ice Punch|p1a: Dragonite\n|-supereffective|p1a: Dragonite\n|-damage|p1a: Dragonite|0 fnt\n|faint|p1a: Dragonite\n|\n|upkeep\n|\n|t:|1649478064\n|switch|p1a: Latios|Latios, M|100\/100\n|turn|14\n|\n|t:|1649478068\n|switch|p2a: Slowking|Slowking, M|79\/100\n|move|p1a: Latios|Draco Meteor|p2a: Slowking\n|-damage|p2a: Slowking|44\/100\n|-unboost|p1a: Latios|spa|2\n|\n|upkeep\n|turn|15\n|\n|t:|1649478074\n|move|p1a: Latios|Tailwind|p1a: Latios\n|-sidestart|p1: BabyWizard9875|move: Tailwind\n|move|p2a: Slowking|Teleport|p2a: Slowking\n|\n|t:|1649478077\n|switch|p2a: Greninja|Greninja, M|100\/100|[from]move: Teleport\n|\n|upkeep\n|turn|16\n|\n|t:|1649478080\n|move|p1a: Latios|Memento|p2a: Greninja\n|-unboost|p2a: Greninja|atk|2\n|-unboost|p2a: Greninja|spa|2\n|faint|p1a: Latios\n|move|p2a: Greninja|Ice Beam|p1: Latios|[notarget]\n|-fail|p2a: Greninja\n|\n|upkeep\n|\n|t:|1649478088\n|switch|p1a: Haxorus|Haxorus, M, shiny|100\/100\n|turn|17\n|\n|t:|1649478092\n|switch|p2a: Toxapex|Toxapex, M|87\/100\n|move|p1a: Haxorus|Outrage|p2a: Toxapex\n|-damage|p2a: Toxapex|3\/100\n|\n|-heal|p2a: Toxapex|9\/100|[from] item: Black Sludge\n|upkeep\n|turn|18\n|\n|t:|1649478103\n|switch|p2a: Urshifu|Urshifu-Rapid-Strike, M|100\/100\n|move|p1a: Haxorus|Outrage|p2a: Urshifu|[from]lockedmove\n|-damage|p2a: Urshifu|0 fnt\n|faint|p2a: Urshifu\n|\n|-sideend|p1: BabyWizard9875|move: Tailwind\n|upkeep\n|\n|t:|1649478107\n|switch|p2a: Greninja|Greninja, M|100\/100\n|turn|19\n|\n|t:|1649478111\n|move|p2a: Greninja|Ice Beam|p1a: Haxorus\n|-start|p2a: Greninja|typechange|Ice|[from] ability: Protean\n|-supereffective|p1a: Haxorus\n|-damage|p1a: Haxorus|0 fnt\n|faint|p1a: Haxorus\n|\n|upkeep\n|\n|t:|1649478115\n|switch|p1a: Hydreigon|Hydreigon, F, shiny|100\/100\n|turn|20\n|\n|t:|1649478119\n|move|p2a: Greninja|Ice Beam|p1a: Hydreigon\n|-supereffective|p1a: Hydreigon\n|-damage|p1a: Hydreigon|1\/100\n|-status|p1a: Hydreigon|frz\n|cant|p1a: Hydreigon|frz\n|\n|upkeep\n|turn|21\n|c|\u2606Eclipse77|rip\n|c|\u2606BabyWizard9875|of couse\n|-message|BabyWizard9875 forfeited.\n|\n|win|Eclipse77\n|raw|BabyWizard9875's rating: 1312 &rarr; <strong>1306<\/strong><br \/>(-6 for losing)\n|raw|Eclipse77's rating: 1599 &rarr; <strong>1605<\/strong><br \/>(+6 for winning)\n|l|\u2606BabyWizard9875\n|l|\u2606Eclipse77\n","uploadtime":1649478344,"views":6,"p1id":"babywizard9875","p2id":"eclipse77","formatid":"gen8nationaldexmonotype","rating":1306,"private":0,"password":null}