{"id":"gen8ou-1642489319","p1":"lt93oq sakana","p2":"Mimikyu Stardust","format":"gen8ou","log":"|raw|<div class=\"broadcast-blue\"><strong>This battle is required to be public due to a player having a name starting with 'lt93oq'.<\/div>\n|j|\u2606lt93oq sakana\n|j|\u2606Mimikyu Stardust\n|t:|1660833257\n|gametype|singles\n|player|p1|lt93oq sakana|sabrina|1733\n|player|p2|Mimikyu Stardust|#wcop2022asia|1833\n|teamsize|p1|6\n|teamsize|p2|6\n|gen|8\n|tier|[Gen 8] OU\n|rated|\n|rule|Sleep Clause Mod: Limit one foe put to sleep\n|rule|Species Clause: Limit one of each Pok\u00e9mon\n|rule|OHKO Clause: OHKO moves are banned\n|rule|Evasion Items Clause: Evasion items are banned\n|rule|Evasion Moves Clause: Evasion moves are banned\n|rule|Endless Battle Clause: Forcing endless battles is banned\n|rule|HP Percentage Mod: HP is shown in percentages\n|rule|Dynamax Clause: You cannot dynamax\n|clearpoke\n|poke|p1|Slowbro-Galar, M|\n|poke|p1|Clefable, M|\n|poke|p1|Ninetales-Alola, M|\n|poke|p1|Magnezone|\n|poke|p1|Seismitoad, F|\n|poke|p1|Tornadus-Therian, M|\n|poke|p2|Mew|\n|poke|p2|Lycanroc-Dusk, F|\n|poke|p2|Garchomp, F|\n|poke|p2|Blacephalon|\n|poke|p2|Nihilego|\n|poke|p2|Kartana|\n|teampreview\n|inactive|Battle timer is ON: inactive players will automatically lose when time's up. (requested by lt93oq sakana)\n|\n|t:|1660833266\n|start\n|switch|p1a: Ninetales|Ninetales-Alola, M|100\/100\n|switch|p2a: Mew|Mew|100\/100\n|-weather|Hail|[from] ability: Snow Warning|[of] p1a: Ninetales\n|turn|1\n|j| Swag like Ohio\n|\n|t:|1660833273\n|move|p1a: Ninetales|Aurora Veil|p1a: Ninetales\n|-sidestart|p1: lt93oq sakana|move: Aurora Veil\n|move|p2a: Mew|Taunt|p1a: Ninetales\n|-start|p1a: Ninetales|move: Taunt\n|\n|-weather|Hail|[upkeep]\n|-damage|p2a: Mew|94\/100|[from] Hail\n|upkeep\n|turn|2\n|j| haxngg\n|inactive|lt93oq sakana has 120 seconds left.\n|\n|t:|1660833304\n|switch|p1a: Slowbro|Slowbro-Galar, M|100\/100\n|move|p2a: Mew|Stealth Rock|p1a: Slowbro\n|-sidestart|p1: lt93oq sakana|move: Stealth Rock\n|\n|-weather|Hail|[upkeep]\n|-damage|p2a: Mew|88\/100|[from] Hail\n|-damage|p1a: Slowbro|94\/100|[from] Hail\n|upkeep\n|turn|3\n|l| haxngg\n|\n|t:|1660833322\n|move|p2a: Mew|Taunt|p1a: Slowbro\n|-start|p1a: Slowbro|move: Taunt\n|cant|p1a: Slowbro|move: Taunt|Nasty Plot\n|\n|-weather|Hail|[upkeep]\n|-damage|p2a: Mew|82\/100|[from] Hail\n|-damage|p1a: Slowbro|88\/100|[from] Hail\n|upkeep\n|turn|4\n|\n|t:|1660833339\n|move|p2a: Mew|Spikes|p1a: Slowbro\n|-sidestart|p1: lt93oq sakana|Spikes\n|move|p1a: Slowbro|Ice Beam|p2a: Mew\n|-damage|p2a: Mew|54\/100\n|\n|-weather|Hail|[upkeep]\n|-damage|p2a: Mew|47\/100|[from] Hail\n|-damage|p1a: Slowbro|82\/100|[from] Hail\n|upkeep\n|turn|5\n|\n|t:|1660833347\n|move|p2a: Mew|Spikes|p1a: Slowbro\n|-sidestart|p1: lt93oq sakana|Spikes\n|move|p1a: Slowbro|Ice Beam|p2a: Mew\n|-damage|p2a: Mew|18\/100\n|-status|p2a: Mew|frz\n|\n|-weather|none\n|-end|p1a: Slowbro|move: Taunt\n|upkeep\n|turn|6\n|-activate|p1a: Slowbro|item: Quick Claw\n|\n|t:|1660833352\n|move|p1a: Slowbro|Nasty Plot|p1a: Slowbro\n|-boost|p1a: Slowbro|spa|2\n|-curestatus|p2a: Mew|frz|[msg]\n|move|p2a: Mew|Taunt|p1a: Slowbro\n|-start|p1a: Slowbro|move: Taunt\n|\n|upkeep\n|turn|7\n|-activate|p1a: Slowbro|item: Quick Claw\n|\n|t:|1660833356\n|move|p1a: Slowbro|Ice Beam|p2a: Mew\n|-crit|p2a: Mew\n|-damage|p2a: Mew|0 fnt\n|faint|p2a: Mew\n|\n|upkeep\n|j| antistalldestroye\n|\n|t:|1660833367\n|switch|p2a: Garchomp|Garchomp, F|100\/100\n|turn|8\n|-activate|p1a: Slowbro|item: Quick Claw\n|\n|t:|1660833368\n|move|p1a: Slowbro|Ice Beam|p2a: Garchomp\n|-supereffective|p2a: Garchomp\n|-enditem|p2a: Garchomp|Focus Sash\n|-damage|p2a: Garchomp|1\/100\n|move|p2a: Garchomp|Earthquake|p1a: Slowbro\n|-supereffective|p1a: Slowbro\n|-damage|p1a: Slowbro|35\/100\n|\n|-sideend|p1: lt93oq sakana|move: Aurora Veil\n|upkeep\n|turn|9\n|j| BBC Weather\n|\n|t:|1660833374\n|move|p2a: Garchomp|Earthquake|p1a: Slowbro\n|-supereffective|p1a: Slowbro\n|-damage|p1a: Slowbro|0 fnt\n|faint|p1a: Slowbro\n|\n|upkeep\n|\n|t:|1660833377\n|switch|p1a: Ninetales|Ninetales-Alola, M|100\/100\n|-damage|p1a: Ninetales|76\/100|[from] Stealth Rock\n|-damage|p1a: Ninetales|59\/100|[from] Spikes\n|-weather|Hail|[from] ability: Snow Warning|[of] p1a: Ninetales\n|turn|10\n|\n|t:|1660833380\n|move|p1a: Ninetales|Aurora Veil|p1a: Ninetales\n|-sidestart|p1: lt93oq sakana|move: Aurora Veil\n|move|p2a: Garchomp|Earthquake|p1a: Ninetales\n|-damage|p1a: Ninetales|28\/100\n|\n|-weather|Hail|[upkeep]\n|-damage|p2a: Garchomp|0 fnt|[from] Hail\n|faint|p2a: Garchomp\n|upkeep\n|\n|t:|1660833397\n|switch|p2a: Nihilego|Nihilego|100\/100\n|turn|11\n|j| LT93OQ Bee\n|\n|t:|1660833412\n|move|p1a: Ninetales|Hypnosis|p2a: Nihilego|[miss]\n|-miss|p1a: Ninetales|p2a: Nihilego\n|move|p2a: Nihilego|Power Gem|p1a: Ninetales\n|-supereffective|p1a: Ninetales\n|-damage|p1a: Ninetales|0 fnt\n|faint|p1a: Ninetales\n|-ability|p2a: Nihilego|Beast Boost|boost\n|-boost|p2a: Nihilego|spe|1\n|\n|-weather|Hail|[upkeep]\n|-damage|p2a: Nihilego|94\/100|[from] Hail\n|upkeep\n|\n|t:|1660833414\n|switch|p1a: Clefable|Clefable, M|100\/100\n|-damage|p1a: Clefable|88\/100|[from] Stealth Rock\n|-damage|p1a: Clefable|72\/100|[from] Spikes\n|turn|12\n|\n|t:|1660833421\n|move|p2a: Nihilego|Sludge Bomb|p1a: Clefable\n|-supereffective|p1a: Clefable\n|-damage|p1a: Clefable|36\/100\n|move|p1a: Clefable|Cosmic Power|p1a: Clefable\n|-boost|p1a: Clefable|def|1\n|-boost|p1a: Clefable|spd|1\n|\n|-weather|Hail|[upkeep]\n|-damage|p2a: Nihilego|88\/100|[from] Hail\n|-damage|p1a: Clefable|29\/100|[from] Hail\n|-heal|p1a: Clefable|36\/100|[from] item: Leftovers\n|upkeep\n|turn|13\n|\n|t:|1660833435\n|move|p2a: Nihilego|Sludge Bomb|p1a: Clefable\n|-supereffective|p1a: Clefable\n|-damage|p1a: Clefable|12\/100\n|-status|p1a: Clefable|psn\n|move|p1a: Clefable|Soft-Boiled|p1a: Clefable\n|-heal|p1a: Clefable|62\/100 psn\n|\n|-weather|Hail|[upkeep]\n|-damage|p2a: Nihilego|82\/100|[from] Hail\n|-damage|p1a: Clefable|56\/100 psn|[from] Hail\n|-heal|p1a: Clefable|62\/100 psn|[from] item: Leftovers\n|-damage|p1a: Clefable|49\/100 psn|[from] psn\n|upkeep\n|turn|14\n|\n|t:|1660833440\n|switch|p2a: Blacephalon|Blacephalon|100\/100\n|move|p1a: Clefable|Soft-Boiled|p1a: Clefable\n|-heal|p1a: Clefable|99\/100 psn\n|\n|-weather|none\n|-heal|p1a: Clefable|100\/100 psn|[from] item: Leftovers\n|-damage|p1a: Clefable|88\/100 psn|[from] psn\n|upkeep\n|turn|15\n|-message|lt93oq sakana forfeited.\n|\n|win|Mimikyu Stardust\n|raw|lt93oq sakana's rating: 1733 &rarr; <strong>1719<\/strong><br \/>(-14 for losing)\n|raw|Mimikyu Stardust's rating: 1833 &rarr; <strong>1847<\/strong><br \/>(+14 for winning)\n|l|\u2606lt93oq sakana\n|l|\u2606Mimikyu Stardust\n|j|\u2606Mimikyu Stardust\n|player|p2|Mimikyu Stardust|#wcop2022asia\n|l| LT93OQ Bee\n||Ladder isn't responding, score probably updated but might not have (Request timeout).\n","uploadtime":1660833457,"views":77,"p1id":"lt93oqsakana","p2id":"mimikyustardust","formatid":"gen8ou","rating":1719,"private":0,"password":null}