{"id":"gen8ou-1702361590","p1":"machugen","p2":"LordDarkSkin","format":"gen8ou","log":"|j|\u2606machugen\n|j|\u2606LordDarkSkin\n|t:|1667540154\n|gametype|singles\n|player|p1|machugen|brock-gen1rb|1707\n|player|p2|LordDarkSkin|dancer|1612\n|teamsize|p1|6\n|teamsize|p2|6\n|gen|8\n|tier|[Gen 8] OU\n|rated|\n|rule|Sleep Clause Mod: Limit one foe put to sleep\n|rule|Species Clause: Limit one of each Pok\u00e9mon\n|rule|OHKO Clause: OHKO moves are banned\n|rule|Evasion Items Clause: Evasion items are banned\n|rule|Evasion Moves Clause: Evasion moves are banned\n|rule|Endless Battle Clause: Forcing endless battles is banned\n|rule|HP Percentage Mod: HP is shown in percentages\n|rule|Dynamax Clause: You cannot dynamax\n|clearpoke\n|poke|p1|Tapu Koko|\n|poke|p1|Urshifu-*, M|\n|poke|p1|Slowking-Galar, M|\n|poke|p1|Ferrothorn, M|\n|poke|p1|Mandibuzz, F|\n|poke|p1|Landorus-Therian, M|\n|poke|p2|Blissey, F|\n|poke|p2|Dragapult, M|\n|poke|p2|Landorus-Therian, M|\n|poke|p2|Tapu Lele|\n|poke|p2|Ferrothorn, M|\n|poke|p2|Melmetal|\n|teampreview\n|inactive|Battle timer is ON: inactive players will automatically lose when time's up. (requested by LordDarkSkin)\n|inactive|LordDarkSkin has 120 seconds left.\n|\n|t:|1667540194\n|start\n|switch|p1a: Ferrothorn|Ferrothorn, M|100\/100\n|switch|p2a: Dragapult|Dragapult, M|100\/100\n|turn|1\n|\n|t:|1667540198\n|switch|p1a: Mandibuzz|Mandibuzz, F|100\/100\n|move|p2a: Dragapult|Fire Blast|p1a: Mandibuzz\n|-damage|p1a: Mandibuzz|64\/100\n|\n|upkeep\n|turn|2\n|j| wokhxrt\n|\n|t:|1667540207\n|switch|p2a: Blissey|Blissey, F|100\/100\n|move|p1a: Mandibuzz|Roost|p1a: Mandibuzz\n|-heal|p1a: Mandibuzz|100\/100\n|-singleturn|p1a: Mandibuzz|move: Roost\n|\n|upkeep\n|turn|3\n|\n|t:|1667540211\n|move|p1a: Mandibuzz|Taunt|p2a: Blissey\n|-start|p2a: Blissey|move: Taunt\n|cant|p2a: Blissey|move: Taunt|Teleport\n|\n|upkeep\n|turn|4\n|\n|t:|1667540213\n|move|p1a: Mandibuzz|U-turn|p2a: Blissey\n|-damage|p2a: Blissey|90\/100\n|\n|t:|1667540214\n|switch|p1a: Ferrothorn|Ferrothorn, M|100\/100|[from]move: U-turn\n|move|p2a: Blissey|Seismic Toss|p1a: Ferrothorn\n|-damage|p1a: Ferrothorn|72\/100\n|-damage|p2a: Blissey|78\/100|[from] ability: Iron Barbs|[of] p1a: Ferrothorn\n|\n|-heal|p1a: Ferrothorn|78\/100|[from] item: Leftovers\n|upkeep\n|turn|5\n|\n|t:|1667540219\n|switch|p2a: Landorus|Landorus-Therian, M|100\/100\n|-ability|p2a: Landorus|Intimidate|boost\n|-unboost|p1a: Ferrothorn|atk|1\n|move|p1a: Ferrothorn|Body Press|p2a: Landorus\n|-resisted|p2a: Landorus\n|-damage|p2a: Landorus|90\/100\n|\n|-heal|p2a: Landorus|96\/100|[from] item: Leftovers\n|-heal|p1a: Ferrothorn|84\/100|[from] item: Leftovers\n|upkeep\n|turn|6\n|\n|t:|1667540222\n|move|p2a: Landorus|Knock Off|p1a: Ferrothorn\n|-damage|p1a: Ferrothorn|67\/100\n|-damage|p2a: Landorus|83\/100|[from] ability: Iron Barbs|[of] p1a: Ferrothorn\n|-enditem|p1a: Ferrothorn|Leftovers|[from] move: Knock Off|[of] p2a: Landorus\n|move|p1a: Ferrothorn|Knock Off|p2a: Landorus\n|-damage|p2a: Landorus|73\/100\n|-enditem|p2a: Landorus|Leftovers|[from] move: Knock Off|[of] p1a: Ferrothorn\n|\n|upkeep\n|turn|7\n|\n|t:|1667540226\n|move|p2a: Landorus|Earthquake|p1a: Ferrothorn\n|-damage|p1a: Ferrothorn|40\/100\n|move|p1a: Ferrothorn|Leech Seed|p2a: Landorus\n|-start|p2a: Landorus|move: Leech Seed\n|\n|-damage|p2a: Landorus|60\/100|[from] Leech Seed|[of] p1a: Ferrothorn\n|-heal|p1a: Ferrothorn|53\/100|[silent]\n|upkeep\n|turn|8\n|\n|t:|1667540228\n|move|p2a: Landorus|U-turn|p1a: Ferrothorn\n|-damage|p1a: Ferrothorn|40\/100\n|-damage|p2a: Landorus|48\/100|[from] ability: Iron Barbs|[of] p1a: Ferrothorn\n|\n|t:|1667540235\n|switch|p2a: Melmetal|Melmetal|100\/100|[from]move: U-turn\n|move|p1a: Ferrothorn|Stealth Rock|p2a: Melmetal\n|-sidestart|p2: LordDarkSkin|move: Stealth Rock\n|\n|upkeep\n|turn|9\n|\n|t:|1667540239\n|switch|p1a: Urshifu|Urshifu-Rapid-Strike, M|100\/100\n|move|p2a: Melmetal|Double Iron Bash|p1a: Urshifu\n|-resisted|p1a: Urshifu\n|-damage|p1a: Urshifu|68\/100\n|-resisted|p1a: Urshifu\n|-damage|p1a: Urshifu|35\/100\n|-hitcount|p1a: Urshifu|2\n|\n|upkeep\n|turn|10\n|\n|t:|1667540245\n|switch|p2a: Ferrothorn|Ferrothorn, M|100\/100\n|-damage|p2a: Ferrothorn|95\/100|[from] Stealth Rock\n|move|p1a: Urshifu|Close Combat|p2a: Ferrothorn\n|-supereffective|p2a: Ferrothorn\n|-damage|p2a: Ferrothorn|0 fnt\n|-unboost|p1a: Urshifu|def|1\n|-unboost|p1a: Urshifu|spd|1\n|-damage|p1a: Urshifu|22\/100|[from] ability: Iron Barbs|[of] p2a: Ferrothorn\n|-damage|p1a: Urshifu|6\/100|[from] item: Rocky Helmet|[of] p2a: Ferrothorn\n|faint|p2a: Ferrothorn\n|\n|upkeep\n|\n|t:|1667540249\n|switch|p2a: Dragapult|Dragapult, M|100\/100\n|-damage|p2a: Dragapult|88\/100|[from] Stealth Rock\n|turn|11\n|\n|t:|1667540252\n|switch|p1a: Mandibuzz|Mandibuzz, F|100\/100\n|move|p2a: Dragapult|U-turn|p1a: Mandibuzz\n|-damage|p1a: Mandibuzz|89\/100\n|\n|t:|1667540255\n|switch|p2a: Tapu Lele|Tapu Lele|100\/100|[from]move: U-turn\n|-damage|p2a: Tapu Lele|88\/100|[from] Stealth Rock\n|-fieldstart|move: Psychic Terrain|[from] ability: Psychic Surge|[of] p2a: Tapu Lele\n|\n|upkeep\n|turn|12\n|\n|t:|1667540260\n|switch|p1a: Slowking|Slowking-Galar, M|100\/100\n|move|p2a: Tapu Lele|Moonblast|p1a: Slowking\n|-resisted|p1a: Slowking\n|-crit|p1a: Slowking\n|-damage|p1a: Slowking|70\/100\n|-unboost|p1a: Slowking|spa|1\n|\n|upkeep\n|turn|13\n|\n|t:|1667540268\n|switch|p2a: Melmetal|Melmetal|100\/100\n|-damage|p2a: Melmetal|94\/100|[from] Stealth Rock\n|switch|p1a: Urshifu|Urshifu-Rapid-Strike, M|6\/100\n|\n|upkeep\n|turn|14\n|j| cypherstest\n|\n|t:|1667540278\n|switch|p2a: Dragapult|Dragapult, M|88\/100\n|-damage|p2a: Dragapult|76\/100|[from] Stealth Rock\n|move|p1a: Urshifu|U-turn|p2a: Dragapult\n|-resisted|p2a: Dragapult\n|-damage|p2a: Dragapult|53\/100\n|\n|t:|1667540281\n|switch|p1a: Mandibuzz|Mandibuzz, F|89\/100|[from]move: U-turn\n|\n|upkeep\n|turn|15\n|\n|t:|1667540285\n|move|p2a: Dragapult|U-turn|p1a: Mandibuzz\n|-crit|p1a: Mandibuzz\n|-damage|p1a: Mandibuzz|70\/100\n|\n|t:|1667540288\n|switch|p2a: Landorus|Landorus-Therian, M|48\/100|[from]move: U-turn\n|-damage|p2a: Landorus|36\/100|[from] Stealth Rock\n|-ability|p2a: Landorus|Intimidate|boost\n|-unboost|p1a: Mandibuzz|atk|1\n|move|p1a: Mandibuzz|Roost|p1a: Mandibuzz\n|-heal|p1a: Mandibuzz|100\/100\n|-singleturn|p1a: Mandibuzz|move: Roost\n|\n|-fieldend|move: Psychic Terrain\n|upkeep\n|turn|16\n|\n|t:|1667540291\n|move|p1a: Mandibuzz|Taunt|p2a: Landorus\n|-start|p2a: Landorus|move: Taunt\n|cant|p2a: Landorus|move: Taunt|Defog\n|\n|upkeep\n|turn|17\n|\n|t:|1667540294\n|move|p1a: Mandibuzz|Foul Play|p2a: Landorus\n|-damage|p2a: Landorus|2\/100\n|move|p2a: Landorus|U-turn|p1a: Mandibuzz\n|-damage|p1a: Mandibuzz|85\/100\n|\n|t:|1667540298\n|switch|p2a: Tapu Lele|Tapu Lele|88\/100|[from]move: U-turn\n|-damage|p2a: Tapu Lele|76\/100|[from] Stealth Rock\n|-fieldstart|move: Psychic Terrain|[from] ability: Psychic Surge|[of] p2a: Tapu Lele\n|\n|upkeep\n|turn|18\n|\n|t:|1667540304\n|switch|p1a: Ferrothorn|Ferrothorn, M|40\/100\n|move|p2a: Tapu Lele|Psychic|p1a: Ferrothorn\n|-resisted|p1a: Ferrothorn\n|-damage|p1a: Ferrothorn|0 fnt\n|faint|p1a: Ferrothorn\n|\n|upkeep\n|\n|t:|1667540307\n|switch|p1a: Mandibuzz|Mandibuzz, F|85\/100\n|turn|19\n|\n|t:|1667540309\n|switch|p2a: Blissey|Blissey, F|78\/100\n|move|p1a: Mandibuzz|U-turn|p2a: Blissey\n|-damage|p2a: Blissey|68\/100\n|\n|t:|1667540311\n|switch|p1a: Urshifu|Urshifu-Rapid-Strike, M|6\/100|[from]move: U-turn\n|\n|upkeep\n|turn|20\n|\n|t:|1667540316\n|switch|p2a: Landorus|Landorus-Therian, M|2\/100\n|-damage|p2a: Landorus|0 fnt|[from] Stealth Rock\n|faint|p2a: Landorus\n|move|p1a: Urshifu|Surging Strikes|p2: Landorus|[notarget]\n|-fail|p1a: Urshifu\n|\n|upkeep\n|\n|t:|1667540318\n|switch|p2a: Dragapult|Dragapult, M|53\/100\n|-damage|p2a: Dragapult|41\/100|[from] Stealth Rock\n|turn|21\n|\n|t:|1667540322\n|switch|p1a: Slowking|Slowking-Galar, M|100\/100\n|move|p2a: Dragapult|Draco Meteor|p1a: Slowking\n|-damage|p1a: Slowking|55\/100\n|-unboost|p2a: Dragapult|spa|2\n|\n|-fieldend|move: Psychic Terrain\n|upkeep\n|turn|22\n|\n|t:|1667540335\n|switch|p1a: Landorus|Landorus-Therian, M|100\/100\n|-ability|p1a: Landorus|Intimidate|boost\n|-unboost|p2a: Dragapult|atk|1\n|move|p2a: Dragapult|Draco Meteor|p1a: Landorus\n|-damage|p1a: Landorus|69\/100\n|-unboost|p2a: Dragapult|spa|2\n|\n|-heal|p1a: Landorus|75\/100|[from] item: Leftovers\n|upkeep\n|turn|23\n|\n|t:|1667540338\n|switch|p2a: Melmetal|Melmetal|94\/100\n|-damage|p2a: Melmetal|88\/100|[from] Stealth Rock\n|move|p1a: Landorus|Earthquake|p2a: Melmetal\n|-supereffective|p2a: Melmetal\n|-damage|p2a: Melmetal|36\/100\n|\n|-heal|p1a: Landorus|81\/100|[from] item: Leftovers\n|upkeep\n|turn|24\n|\n|t:|1667540345\n|move|p1a: Landorus|Earthquake|p2a: Melmetal\n|-supereffective|p2a: Melmetal\n|-damage|p2a: Melmetal|0 fnt\n|faint|p2a: Melmetal\n|\n|-heal|p1a: Landorus|87\/100|[from] item: Leftovers\n|upkeep\n|\n|t:|1667540347\n|switch|p2a: Tapu Lele|Tapu Lele|76\/100\n|-damage|p2a: Tapu Lele|63\/100|[from] Stealth Rock\n|-fieldstart|move: Psychic Terrain|[from] ability: Psychic Surge|[of] p2a: Tapu Lele\n|turn|25\n|\n|t:|1667540352\n|switch|p1a: Slowking|Slowking-Galar, M|89\/100\n|move|p2a: Tapu Lele|Psychic|p1a: Slowking\n|-damage|p1a: Slowking|33\/100\n|\n|upkeep\n|turn|26\n|\n|t:|1667540354\n|switch|p1a: Mandibuzz|Mandibuzz, F|85\/100\n|move|p2a: Tapu Lele|Psychic|p1a: Mandibuzz\n|-immune|p1a: Mandibuzz\n|\n|upkeep\n|turn|27\n|\n|t:|1667540357\n|move|p2a: Tapu Lele|Psychic|p1a: Mandibuzz\n|-immune|p1a: Mandibuzz\n|move|p1a: Mandibuzz|U-turn|p2a: Tapu Lele\n|-damage|p2a: Tapu Lele|47\/100\n|\n|t:|1667540360\n|switch|p1a: Slowking|Slowking-Galar, M|67\/100|[from]move: U-turn\n|\n|upkeep\n|turn|28\n|\n|t:|1667540363\n|switch|p1a: Mandibuzz|Mandibuzz, F|85\/100\n|move|p2a: Tapu Lele|Psychic|p1a: Mandibuzz\n|-immune|p1a: Mandibuzz\n|\n|upkeep\n|turn|29\n|-message|LordDarkSkin forfeited.\n|\n|win|machugen\n|raw|machugen's rating: 1707 &rarr; <strong>1722<\/strong><br \/>(+15 for winning)\n|raw|LordDarkSkin's rating: 1612 &rarr; <strong>1597<\/strong><br \/>(-15 for losing)\n|l|\u2606LordDarkSkin\n|j| FENDINI\n|l|\u2606machugen\n|j|\u2606machugen\n|player|p1|machugen|brock-gen1rb\n","uploadtime":1667540368,"views":8,"p1id":"machugen","p2id":"lorddarkskin","formatid":"gen8ou","rating":1597,"private":0,"password":null}