{"id":"gen8ou-1704266774","p1":"FavMon=Garchomp","p2":"Kwaga","format":"gen8ou","log":"|j|\u2606FavMon=Garchomp\n|j|\u2606Kwaga\n|t:|1667759757\n|gametype|singles\n|player|p1|FavMon=Garchomp|hilbert|\n|player|p2|Kwaga|brock-gen1rb|\n|teamsize|p1|6\n|teamsize|p2|6\n|gen|8\n|tier|[Gen 8] OU\n|rule|Sleep Clause Mod: Limit one foe put to sleep\n|rule|Species Clause: Limit one of each Pok\u00e9mon\n|rule|OHKO Clause: OHKO moves are banned\n|rule|Evasion Items Clause: Evasion items are banned\n|rule|Evasion Moves Clause: Evasion moves are banned\n|rule|Endless Battle Clause: Forcing endless battles is banned\n|rule|HP Percentage Mod: HP is shown in percentages\n|rule|Dynamax Clause: You cannot dynamax\n|clearpoke\n|poke|p1|Mew|\n|poke|p1|Dragonite, F|\n|poke|p1|Bisharp, M|\n|poke|p1|Garchomp, F|\n|poke|p1|Rillaboom, M|\n|poke|p1|Hawlucha, M|\n|poke|p2|Mamoswine, M|\n|poke|p2|Obstagoon, M|\n|poke|p2|Volcanion|\n|poke|p2|Buzzwole|\n|poke|p2|Melmetal|\n|poke|p2|Zapdos|\n|teampreview\n|\n|t:|1667759766\n|start\n|switch|p1a: Mew|Mew|100\/100\n|switch|p2a: Mamoswine|Mamoswine, M|100\/100\n|turn|1\n|\n|t:|1667759774\n|move|p1a: Mew|Trick|p2a: Mamoswine\n|-activate|p1a: Mew|move: Trick|[of] p2a: Mamoswine\n|-item|p2a: Mamoswine|Choice Scarf|[from] move: Trick\n|-item|p1a: Mew|Focus Sash|[from] move: Trick\n|move|p2a: Mamoswine|Stealth Rock|p1a: Mew\n|-sidestart|p1: FavMon=Garchomp|move: Stealth Rock\n|\n|upkeep\n|turn|2\n|\n|t:|1667759785\n|switch|p2a: Obstagoon|Obstagoon, M|100\/100\n|move|p1a: Mew|Ice Beam|p2a: Obstagoon\n|-damage|p2a: Obstagoon|65\/100\n|\n|-status|p2a: Obstagoon|brn|[from] item: Flame Orb\n|upkeep\n|turn|3\n|\n|t:|1667759793\n|move|p2a: Obstagoon|Knock Off|p1a: Mew\n|-supereffective|p1a: Mew\n|-enditem|p1a: Mew|Focus Sash\n|-damage|p1a: Mew|1\/100\n|move|p1a: Mew|Volt Switch|p2a: Obstagoon\n|-damage|p2a: Obstagoon|39\/100 brn\n|\n|t:|1667759798\n|switch|p1a: Garchomp|Garchomp, F|100\/100|[from]move: Volt Switch\n|-damage|p1a: Garchomp|94\/100|[from] Stealth Rock\n|\n|-damage|p2a: Obstagoon|33\/100 brn|[from] brn\n|upkeep\n|turn|4\n|\n|t:|1667759812\n|switch|p1a: Mew|Mew|1\/100\n|-damage|p1a: Mew|0 fnt|[from] Stealth Rock\n|faint|p1a: Mew\n|move|p2a: Obstagoon|Facade|p1: Mew|[notarget]\n|-fail|p2a: Obstagoon\n|\n|-damage|p2a: Obstagoon|27\/100 brn|[from] brn\n|upkeep\n|\n|t:|1667759818\n|switch|p1a: Rillaboom|Rillaboom, M|100\/100\n|-damage|p1a: Rillaboom|88\/100|[from] Stealth Rock\n|-fieldstart|move: Grassy Terrain|[from] ability: Grassy Surge|[of] p1a: Rillaboom\n|turn|5\n|\n|t:|1667759821\n|switch|p2a: Zapdos|Zapdos|100\/100\n|-ability|p2a: Zapdos|Pressure\n|move|p1a: Rillaboom|Grassy Glide|p2a: Zapdos\n|-resisted|p2a: Zapdos\n|-damage|p2a: Zapdos|79\/100\n|-damage|p1a: Rillaboom|78\/100|[from] item: Life Orb\n|\n|-heal|p1a: Rillaboom|84\/100|[from] Grassy Terrain\n|upkeep\n|turn|6\n|\n|t:|1667759828\n|switch|p1a: Garchomp|Garchomp, F|94\/100\n|-damage|p1a: Garchomp|88\/100|[from] Stealth Rock\n|switch|p2a: Mamoswine|Mamoswine, M|100\/100\n|\n|-heal|p1a: Garchomp|94\/100|[from] Grassy Terrain\n|upkeep\n|turn|7\n|\n|t:|1667759833\n|move|p2a: Mamoswine|Ice Shard|p1a: Garchomp\n|-supereffective|p1a: Garchomp\n|-damage|p1a: Garchomp|37\/100\n|move|p1a: Garchomp|Stealth Rock|p2a: Mamoswine\n|-sidestart|p2: Kwaga|move: Stealth Rock\n|\n|-heal|p1a: Garchomp|43\/100|[from] Grassy Terrain\n|upkeep\n|turn|8\n|\n|t:|1667759857\n|switch|p1a: Bisharp|Bisharp, M|100\/100\n|-damage|p1a: Bisharp|95\/100|[from] Stealth Rock\n|move|p2a: Mamoswine|Ice Shard|p1a: Bisharp\n|-resisted|p1a: Bisharp\n|-damage|p1a: Bisharp|81\/100\n|\n|-heal|p1a: Bisharp|87\/100|[from] Grassy Terrain\n|upkeep\n|turn|9\n|\n|t:|1667759866\n|switch|p2a: Obstagoon|Obstagoon, M|27\/100 brn\n|-damage|p2a: Obstagoon|15\/100 brn|[from] Stealth Rock\n|move|p1a: Bisharp|Swords Dance|p1a: Bisharp\n|-boost|p1a: Bisharp|atk|2\n|\n|-heal|p2a: Obstagoon|21\/100 brn|[from] Grassy Terrain\n|-heal|p1a: Bisharp|93\/100|[from] Grassy Terrain\n|-damage|p2a: Obstagoon|15\/100 brn|[from] brn\n|-fieldend|move: Grassy Terrain\n|upkeep\n|turn|10\n|\n|t:|1667759869\n|move|p1a: Bisharp|Sucker Punch|p2a: Obstagoon\n|-resisted|p2a: Obstagoon\n|-damage|p2a: Obstagoon|0 fnt\n|faint|p2a: Obstagoon\n|\n|upkeep\n|\n|t:|1667759871\n|switch|p2a: Buzzwole|Buzzwole, shiny|100\/100\n|-damage|p2a: Buzzwole|88\/100|[from] Stealth Rock\n|turn|11\n|\n|t:|1667759876\n|switch|p1a: Garchomp|Garchomp, F|43\/100\n|-damage|p1a: Garchomp|37\/100|[from] Stealth Rock\n|move|p2a: Buzzwole|Close Combat|p1a: Garchomp\n|-damage|p1a: Garchomp|0 fnt\n|-unboost|p2a: Buzzwole|def|1\n|-unboost|p2a: Buzzwole|spd|1\n|-damage|p2a: Buzzwole|76\/100|[from] ability: Rough Skin|[of] p1a: Garchomp\n|-damage|p2a: Buzzwole|59\/100|[from] item: Rocky Helmet|[of] p1a: Garchomp\n|faint|p1a: Garchomp\n|-ability|p2a: Buzzwole|Beast Boost|boost\n|-boost|p2a: Buzzwole|atk|1\n|\n|upkeep\n|\n|t:|1667759880\n|switch|p1a: Dragonite|Dragonite, F|100\/100\n|turn|12\n|\n|t:|1667759887\n|switch|p2a: Melmetal|Melmetal|100\/100\n|-damage|p2a: Melmetal|94\/100|[from] Stealth Rock\n|move|p1a: Dragonite|Fire Punch|p2a: Melmetal\n|-supereffective|p2a: Melmetal\n|-damage|p2a: Melmetal|62\/100\n|\n|-heal|p2a: Melmetal|68\/100|[from] item: Leftovers\n|upkeep\n|turn|13\n|inactive|Battle timer is ON: inactive players will automatically lose when time's up. (requested by Kwaga)\n|inactive|FavMon=Garchomp has 270 seconds left.\n|\n|t:|1667760022\n|move|p1a: Dragonite|Dragon Dance|p1a: Dragonite\n|-boost|p1a: Dragonite|atk|1\n|-boost|p1a: Dragonite|spe|1\n|move|p2a: Melmetal|Double Iron Bash|p1a: Dragonite\n|-damage|p1a: Dragonite|74\/100\n|-damage|p1a: Dragonite|26\/100\n|-hitcount|p1a: Dragonite|2\n|\n|-heal|p2a: Melmetal|74\/100|[from] item: Leftovers\n|upkeep\n|turn|14\n|\n|t:|1667760024\n|move|p1a: Dragonite|Earthquake|p2a: Melmetal\n|-supereffective|p2a: Melmetal\n|-damage|p2a: Melmetal|8\/100\n|move|p2a: Melmetal|Double Iron Bash|p1a: Dragonite\n|-damage|p1a: Dragonite|0 fnt\n|faint|p1a: Dragonite\n|-hitcount|p1: Dragonite|1\n|\n|-heal|p2a: Melmetal|14\/100|[from] item: Leftovers\n|upkeep\n|\n|t:|1667760033\n|switch|p1a: Bisharp|Bisharp, M|93\/100\n|-damage|p1a: Bisharp|87\/100|[from] Stealth Rock\n|turn|15\n|\n|t:|1667760037\n|move|p1a: Bisharp|Knock Off|p2a: Melmetal\n|-damage|p2a: Melmetal|0 fnt\n|-enditem|p2a: Melmetal|Leftovers|[from] move: Knock Off|[of] p1a: Bisharp\n|faint|p2a: Melmetal\n|\n|upkeep\n|\n|t:|1667760040\n|switch|p2a: Buzzwole|Buzzwole, shiny|59\/100\n|-damage|p2a: Buzzwole|47\/100|[from] Stealth Rock\n|turn|16\n|\n|t:|1667760044\n|switch|p1a: Rillaboom|Rillaboom, M|84\/100\n|-damage|p1a: Rillaboom|72\/100|[from] Stealth Rock\n|-fieldstart|move: Grassy Terrain|[from] ability: Grassy Surge|[of] p1a: Rillaboom\n|move|p2a: Buzzwole|Leech Life|p1a: Rillaboom\n|-supereffective|p1a: Rillaboom\n|-damage|p1a: Rillaboom|0 fnt\n|-heal|p2a: Buzzwole|81\/100|[from] drain|[of] p1a: Rillaboom\n|faint|p1a: Rillaboom\n|-ability|p2a: Buzzwole|Beast Boost|boost\n|-boost|p2a: Buzzwole|atk|1\n|\n|-heal|p2a: Buzzwole|87\/100|[from] Grassy Terrain\n|upkeep\n|\n|t:|1667760047\n|switch|p1a: Hawlucha|Hawlucha, M|100\/100\n|-damage|p1a: Hawlucha|88\/100|[from] Stealth Rock\n|-enditem|p1a: Hawlucha|Grassy Seed\n|-boost|p1a: Hawlucha|def|1|[from] item: Grassy Seed\n|turn|17\n|\n|t:|1667760051\n|switch|p2a: Zapdos|Zapdos|79\/100\n|-ability|p2a: Zapdos|Pressure\n|move|p1a: Hawlucha|Swords Dance|p1a: Hawlucha\n|-boost|p1a: Hawlucha|atk|2\n|\n|upkeep\n|turn|18\n|\n|t:|1667760056\n|move|p1a: Hawlucha|Acrobatics|p2a: Zapdos\n|-resisted|p2a: Zapdos\n|-damage|p2a: Zapdos|41\/100\n|move|p2a: Zapdos|Volt Switch|p1a: Hawlucha\n|-supereffective|p1a: Hawlucha\n|-damage|p1a: Hawlucha|3\/100\n|\n|t:|1667760058\n|switch|p2a: Mamoswine|Mamoswine, M|100\/100|[from]move: Volt Switch\n|-damage|p2a: Mamoswine|88\/100|[from] Stealth Rock\n|\n|-heal|p2a: Mamoswine|94\/100|[from] Grassy Terrain\n|upkeep\n|turn|19\n|\n|t:|1667760060\n|move|p2a: Mamoswine|Ice Shard|p1a: Hawlucha\n|-supereffective|p1a: Hawlucha\n|-damage|p1a: Hawlucha|0 fnt\n|faint|p1a: Hawlucha\n|\n|-heal|p2a: Mamoswine|99\/100|[from] Grassy Terrain\n|upkeep\n|\n|t:|1667760064\n|switch|p1a: Bisharp|Bisharp, M|87\/100\n|-damage|p1a: Bisharp|81\/100|[from] Stealth Rock\n|turn|20\n|\n|t:|1667760067\n|switch|p2a: Zapdos|Zapdos|41\/100\n|-ability|p2a: Zapdos|Pressure\n|move|p1a: Bisharp|Swords Dance|p1a: Bisharp\n|-boost|p1a: Bisharp|atk|2\n|\n|-heal|p1a: Bisharp|87\/100|[from] Grassy Terrain\n|-fieldend|move: Grassy Terrain\n|upkeep\n|turn|21\n|\n|t:|1667760069\n|move|p2a: Zapdos|Heat Wave|p1a: Bisharp\n|-supereffective|p1a: Bisharp\n|-damage|p1a: Bisharp|0 fnt\n|faint|p1a: Bisharp\n|\n|win|Kwaga\n|c|\u2606Kwaga|gg\n|c|\u2606FavMon=Garchomp|roost?\n|c|\u2606Kwaga|huh?\n|c|\u2606Kwaga|ya i have roost\n|c|\u2606Kwaga|defog is on volcanion\n|c|\u2606FavMon=Garchomp|I expected roost\n|c|\u2606Kwaga|that woul dbe a choke\n|c|\u2606Kwaga|i just let this die then bring buzz in and cc\n","uploadtime":1667760094,"views":9,"p1id":"favmongarchomp","p2id":"kwaga","formatid":"gen8ou","rating":0,"private":0,"password":null}