{"id":"gen8nationaldex-1556189442","p1":"RTSG tests","p2":"Peanutluigi 2.0","format":"gen8nationaldex","log":"|j|\u2606RTSG tests\n|j|\u2606Peanutluigi 2.0\n|inactive|Battle timer is ON: inactive players will automatically lose when time's up.\n|t:|1650309333\n|gametype|singles\n|player|p1|RTSG tests|hilbert|\n|player|p2|Peanutluigi 2.0|leon|\n|teamsize|p1|6\n|teamsize|p2|6\n|gen|8\n|tier|[Gen 8] National Dex\n|rated|Tournament battle\n|rule|HP Percentage Mod: HP is shown in percentages\n|rule|Endless Battle Clause: Forcing endless battles is banned\n|rule|OHKO Clause: OHKO moves are banned\n|rule|Evasion Moves Clause: Evasion moves are banned\n|rule|Species Clause: Limit one of each Pok\u00e9mon\n|rule|Dynamax Clause: You cannot dynamax\n|rule|Sleep Clause Mod: Limit one foe put to sleep\n|clearpoke\n|poke|p1|Sceptile, M|\n|poke|p1|Rillaboom, M|\n|poke|p1|Tyranitar, F|\n|poke|p1|Magnezone|\n|poke|p1|Azumarill, F|\n|poke|p1|Landorus-Therian, M|\n|poke|p2|Greninja, M|\n|poke|p2|Gengar, F|\n|poke|p2|Cloyster, M|\n|poke|p2|Celesteela|\n|poke|p2|Zeraora|\n|poke|p2|Victini|\n|teampreview\n|j| tritonzon\n|\n|t:|1650309342\n|start\n|switch|p1a: Landorus|Landorus-Therian, M|100\/100\n|switch|p2a: Sushi|Cloyster, M|100\/100\n|-ability|p1a: Landorus|Intimidate|boost\n|-unboost|p2a: Sushi|atk|1\n|turn|1\n|\n|t:|1650309347\n|move|p1a: Landorus|U-turn|p2a: Sushi\n|-damage|p2a: Sushi|79\/100\n|\n|t:|1650309351\n|switch|p1a: Rillaboom|Rillaboom, M|100\/100|[from]move: U-turn\n|-fieldstart|move: Grassy Terrain|[from] ability: Grassy Surge|[of] p1a: Rillaboom\n|move|p2a: Sushi|Shell Smash|p2a: Sushi\n|-unboost|p2a: Sushi|def|1\n|-unboost|p2a: Sushi|spd|1\n|-boost|p2a: Sushi|atk|2\n|-boost|p2a: Sushi|spa|2\n|-boost|p2a: Sushi|spe|2\n|\n|-heal|p2a: Sushi|86\/100|[from] Grassy Terrain\n|upkeep\n|turn|2\n|\n|t:|1650309357\n|move|p1a: Rillaboom|Grassy Glide|p2a: Sushi\n|-supereffective|p2a: Sushi\n|-damage|p2a: Sushi|0 fnt\n|faint|p2a: Sushi\n|\n|upkeep\n|j| NXMBKN Lumen\n|j| justStef lol\n|\n|t:|1650309360\n|switch|p2a: Flying machine|Celesteela, shiny|100\/100\n|turn|3\n|c| tritonzon|wow\n|\n|t:|1650309363\n|switch|p1a: Magnezone|Magnezone|100\/100\n|move|p2a: Flying machine|Leech Seed|p1a: Magnezone\n|-start|p1a: Magnezone|move: Leech Seed\n|\n|-damage|p1a: Magnezone|88\/100|[from] Leech Seed|[of] p2a: Flying machine\n|upkeep\n|turn|4\n|c| tritonzon|\"claps\"\n|\n|t:|1650309369\n|move|p1a: Magnezone|Thunderbolt|p2a: Flying machine\n|-supereffective|p2a: Flying machine\n|-damage|p2a: Flying machine|16\/100\n|move|p2a: Flying machine|Substitute|p2a: Flying machine\n|-fail|p2a: Flying machine|move: Substitute|[weak]\n|\n|-heal|p1a: Magnezone|94\/100|[from] Grassy Terrain\n|-heal|p2a: Flying machine|22\/100|[from] item: Leftovers\n|-damage|p1a: Magnezone|82\/100|[from] Leech Seed|[of] p2a: Flying machine\n|-heal|p2a: Flying machine|31\/100|[silent]\n|upkeep\n|turn|5\n|c| tritonzon|*claps* *\n|\n|t:|1650309375\n|-zpower|p1a: Magnezone\n|move|p1a: Magnezone|Gigavolt Havoc|p2a: Flying machine|[zeffect]\n|-supereffective|p2a: Flying machine\n|-damage|p2a: Flying machine|0 fnt\n|faint|p2a: Flying machine\n|\n|-heal|p1a: Magnezone|88\/100|[from] Grassy Terrain\n|-fieldend|move: Grassy Terrain\n|upkeep\n|\n|t:|1650309379\n|switch|p2a: Electric fists|Zeraora|100\/100\n|turn|6\n|\n|t:|1650309384\n|switch|p1a: Landorus|Landorus-Therian, M|100\/100\n|-ability|p1a: Landorus|Intimidate|boost\n|-unboost|p2a: Electric fists|atk|1\n|move|p2a: Electric fists|Blaze Kick|p1a: Landorus\n|-damage|p1a: Landorus|73\/100\n|-damage|p2a: Electric fists|91\/100|[from] item: Life Orb\n|\n|upkeep\n|turn|7\n|l| tritonzon\n|\n|t:|1650309388\n|move|p1a: Landorus|Earthquake|p2a: Electric fists\n|-supereffective|p2a: Electric fists\n|-damage|p2a: Electric fists|0 fnt\n|faint|p2a: Electric fists\n|\n|upkeep\n|\n|t:|1650309390\n|switch|p2a: Purple testicle|Gengar, F|100\/100\n|turn|8\n|\n|t:|1650309394\n|move|p1a: Landorus|Earthquake|p2a: Purple testicle\n|-supereffective|p2a: Purple testicle\n|-crit|p2a: Purple testicle\n|-damage|p2a: Purple testicle|0 fnt\n|-start|p1a: Landorus|Disable|Earthquake|[from] ability: Cursed Body|[of] p2a: Purple testicle\n|faint|p2a: Purple testicle\n|\n|upkeep\n|\n|t:|1650309396\n|switch|p2a: Frog boi|Greninja, M, shiny|100\/100\n|turn|9\n|\n|t:|1650309400\n|switch|p1a: Azumarill|Azumarill, F|100\/100\n|move|p2a: Frog boi|Ice Beam|p1a: Azumarill\n|-start|p2a: Frog boi|typechange|Ice|[from] ability: Protean\n|-resisted|p1a: Azumarill\n|-damage|p1a: Azumarill|80\/100\n|-damage|p2a: Frog boi|91\/100|[from] item: Life Orb\n|\n|upkeep\n|turn|10\n|\n|t:|1650309406\n|switch|p1a: Landorus|Landorus-Therian, M|73\/100\n|-ability|p1a: Landorus|Intimidate|boost\n|-unboost|p2a: Frog boi|atk|1\n|move|p2a: Frog boi|Gunk Shot|p1a: Landorus|[miss]\n|-start|p2a: Frog boi|typechange|Poison|[from] ability: Protean\n|-miss|p2a: Frog boi|p1a: Landorus\n|\n|upkeep\n|turn|11\n|\n|t:|1650309410\n|move|p1a: Landorus|Earthquake|p2a: Frog boi\n|-supereffective|p2a: Frog boi\n|-damage|p2a: Frog boi|0 fnt\n|faint|p2a: Frog boi\n|\n|upkeep\n|\n|t:|1650309412\n|switch|p2a: Literal v|Victini|100\/100\n|turn|12\n|\n|t:|1650309415\n|move|p2a: Literal v|Energy Ball|p1a: Landorus\n|-damage|p1a: Landorus|49\/100\n|move|p1a: Landorus|Earthquake|p2a: Literal v\n|-supereffective|p2a: Literal v\n|-damage|p2a: Literal v|0 fnt\n|faint|p2a: Literal v\n|\n|win|RTSG tests\n|n|\u2606RTSG tests|rtsgtests\n|n|\u2606Peanutluigi 2.0|peanutluigi20\n|n| NXMBKN Lumen|nxmbknlumen\n|n| justStef lol|juststeflol\n|l|\u2606Peanutluigi 2.0\n|l| NXMBKN Lumen\n|l|\u2606RTSG tests\n|j|\u2606RTSG tests\n|player|p1|RTSG tests|hilbert\n","uploadtime":1650309422,"views":22,"p1id":"rtsgtests","p2id":"peanutluigi20","formatid":"gen8nationaldex","rating":0,"private":0,"password":null}