{"id":"gen8ou-1045409467","p1":"ogTFlame","p2":"Burnt Bright","format":"gen8ou","log":"|j|\u2606ogTFlame\n|j|\u2606Burnt Bright\n|player|p1|ogTFlame|lucas|1551\n|player|p2|Burnt Bright|226|1620\n|teamsize|p1|6\n|teamsize|p2|6\n|gametype|singles\n|gen|8\n|tier|[Gen 8] OU\n|rated|\n|clearpoke\n|poke|p1|Cinderace, M|\n|poke|p1|Grimmsnarl, M|\n|poke|p1|Rotom-Wash|\n|poke|p1|Aegislash, M|\n|poke|p1|Gyarados, F|\n|poke|p1|Conkeldurr, F|\n|poke|p2|Morpeko, M|\n|poke|p2|Corviknight, M|\n|poke|p2|Mew|\n|poke|p2|Gengar, F|\n|poke|p2|Ditto|\n|poke|p2|Grimmsnarl, M|\n|rule|Sleep Clause Mod: Limit one foe put to sleep\n|rule|Species Clause: Limit one of each Pok\u00e9mon\n|rule|OHKO Clause: OHKO moves are banned\n|rule|Evasion Moves Clause: Evasion moves are banned\n|rule|Endless Battle Clause: Forcing endless battles is banned\n|rule|HP Percentage Mod: HP is shown in percentages\n|rule|Dynamax Clause: You cannot dynamax\n|teampreview\n|inactive|Battle timer is ON: inactive players will automatically lose when time's up. (requested by ogTFlame)\n|\n|start\n|switch|p1a: CLEEEAN|Rotom-Wash|100\/100\n|switch|p2a: Gengar|Gengar, F|100\/100\n|turn|1\n|\n|switch|p2a: Mew|Mew|100\/100\n|move|p1a: CLEEEAN|Volt Switch|p2a: Mew\n|-damage|p2a: Mew|77\/100\n|\n|switch|p1a: Nesquik|Cinderace, M|100\/100|[from]move: Volt Switch\n|\n|upkeep\n|turn|2\n|\n|move|p1a: Nesquik|Pyro Ball|p2a: Mew\n|-crit|p2a: Mew\n|-damage|p2a: Mew|6\/100\n|move|p2a: Mew|Psychic|p1a: Nesquik\n|-damage|p1a: Nesquik|53\/100\n|\n|upkeep\n|turn|3\n|\n|move|p1a: Nesquik|Pyro Ball|p2a: Mew\n|-damage|p2a: Mew|0 fnt\n|faint|p2a: Mew\n|\n|upkeep\n|inactive|Burnt Bright has 120 seconds left.\n|\n|switch|p2a: Gengar|Gengar, F|100\/100\n|turn|4\n|\n|move|p1a: Nesquik|Sucker Punch|p2a: Gengar\n|-supereffective|p2a: Gengar\n|-damage|p2a: Gengar|18\/100\n|move|p2a: Gengar|Shadow Ball|p1a: Nesquik\n|-damage|p1a: Nesquik|0 fnt\n|faint|p1a: Nesquik\n|\n|-heal|p2a: Gengar|24\/100|[from] item: Black Sludge\n|upkeep\n|\n|switch|p1a: SLICE EM UP|Aegislash, M|100\/100\n|turn|5\n|\n|switch|p2a: Morpeko|Morpeko, M|100\/100\n|-formechange|p1a: SLICE EM UP|Aegislash-Blade||[from] ability: Stance Change\n|move|p1a: SLICE EM UP|Shadow Sneak|p2a: Morpeko\n|-resisted|p2a: Morpeko\n|-damage|p2a: Morpeko|76\/100\n|\n|-formechange|p2a: Morpeko|Morpeko-Hangry||[from] ability: Hunger Switch\n|upkeep\n|turn|6\n|\n|-formechange|p1a: SLICE EM UP|Aegislash||[from] ability: Stance Change\n|move|p1a: SLICE EM UP|King's Shield|p1a: SLICE EM UP\n|-singleturn|p1a: SLICE EM UP|Protect\n|move|p2a: Morpeko|Aura Wheel|p1a: SLICE EM UP\n|-activate|p1a: SLICE EM UP|move: Protect\n|\n|-formechange|p2a: Morpeko|Morpeko||[from] ability: Hunger Switch\n|upkeep\n|turn|7\n|inactive|ogTFlame has 120 seconds left.\n|\n|move|p2a: Morpeko|Aura Wheel|p1a: SLICE EM UP\n|-damage|p1a: SLICE EM UP|45\/100\n|-boost|p2a: Morpeko|spe|1\n|-damage|p2a: Morpeko|66\/100|[from] item: Life Orb\n|move|p1a: SLICE EM UP|Swords Dance|p1a: SLICE EM UP\n|-boost|p1a: SLICE EM UP|atk|2\n|\n|-heal|p1a: SLICE EM UP|51\/100|[from] item: Leftovers\n|-formechange|p2a: Morpeko|Morpeko-Hangry||[from] ability: Hunger Switch\n|upkeep\n|turn|8\n|\n|move|p1a: SLICE EM UP|King's Shield|p1a: SLICE EM UP\n|-singleturn|p1a: SLICE EM UP|Protect\n|move|p2a: Morpeko|Aura Wheel|p1a: SLICE EM UP\n|-activate|p1a: SLICE EM UP|move: Protect\n|\n|-heal|p1a: SLICE EM UP|58\/100|[from] item: Leftovers\n|-formechange|p2a: Morpeko|Morpeko||[from] ability: Hunger Switch\n|upkeep\n|turn|9\n|\n|move|p2a: Morpeko|Protect|p2a: Morpeko\n|-singleturn|p2a: Morpeko|Protect\n|-formechange|p1a: SLICE EM UP|Aegislash-Blade||[from] ability: Stance Change\n|move|p1a: SLICE EM UP|Iron Head|p2a: Morpeko\n|-activate|p2a: Morpeko|move: Protect\n|\n|-heal|p1a: SLICE EM UP|64\/100|[from] item: Leftovers\n|-formechange|p2a: Morpeko|Morpeko-Hangry||[from] ability: Hunger Switch\n|upkeep\n|turn|10\n|inactive|Burnt Bright has 120 seconds left.\n|\n|-formechange|p1a: SLICE EM UP|Aegislash||[from] ability: Stance Change\n|move|p1a: SLICE EM UP|King's Shield|p1a: SLICE EM UP\n|-singleturn|p1a: SLICE EM UP|Protect\n|move|p2a: Morpeko|Seed Bomb|p1a: SLICE EM UP\n|-activate|p1a: SLICE EM UP|move: Protect\n|\n|-heal|p1a: SLICE EM UP|70\/100|[from] item: Leftovers\n|-formechange|p2a: Morpeko|Morpeko||[from] ability: Hunger Switch\n|upkeep\n|turn|11\n|\n|move|p2a: Morpeko|Aura Wheel|p1a: SLICE EM UP\n|-damage|p1a: SLICE EM UP|21\/100\n|-boost|p2a: Morpeko|spe|1\n|-damage|p2a: Morpeko|57\/100|[from] item: Life Orb\n|-formechange|p1a: SLICE EM UP|Aegislash-Blade||[from] ability: Stance Change\n|move|p1a: SLICE EM UP|Iron Head|p2a: Morpeko\n|-resisted|p2a: Morpeko\n|-damage|p2a: Morpeko|0 fnt\n|faint|p2a: Morpeko\n|\n|-heal|p1a: SLICE EM UP|27\/100|[from] item: Leftovers\n|upkeep\n|\n|switch|p2a: Ditto|Ditto|100\/100\n|-transform|p2a: Ditto|p1a: SLICE EM UP|[from] ability: Imposter\n|turn|12\n|\n|-formechange|p1a: SLICE EM UP|Aegislash||[from] ability: Stance Change\n|move|p1a: SLICE EM UP|King's Shield|p1a: SLICE EM UP\n|-singleturn|p1a: SLICE EM UP|Protect\n|move|p2a: Ditto|Shadow Sneak|p1a: SLICE EM UP\n|-activate|p1a: SLICE EM UP|move: Protect\n|-unboost|p2a: Ditto|atk|1\n|\n|-heal|p1a: SLICE EM UP|33\/100|[from] item: Leftovers\n|upkeep\n|turn|13\n|\n|switch|p1a: SPREAD EM|Grimmsnarl, M|100\/100\n|move|p2a: Ditto|Shadow Sneak|p1a: SPREAD EM\n|-resisted|p1a: SPREAD EM\n|-damage|p1a: SPREAD EM|80\/100\n|\n|-heal|p1a: SPREAD EM|86\/100|[from] item: Leftovers\n|upkeep\n|turn|14\n|inactive|ogTFlame has 120 seconds left.\n|\n|switch|p2a: Corviknight|Corviknight, M|100\/100\n|-ability|p2a: Corviknight|Pressure\n|move|p1a: SPREAD EM|Bulk Up|p1a: SPREAD EM\n|-boost|p1a: SPREAD EM|atk|1\n|-boost|p1a: SPREAD EM|def|1\n|\n|-heal|p1a: SPREAD EM|92\/100|[from] item: Leftovers\n|upkeep\n|turn|15\n|\n|move|p1a: SPREAD EM|Thunder Wave|p2a: Corviknight\n|-status|p2a: Corviknight|par\n|move|p2a: Corviknight|Bulk Up|p2a: Corviknight\n|-boost|p2a: Corviknight|atk|1\n|-boost|p2a: Corviknight|def|1\n|\n|-heal|p1a: SPREAD EM|98\/100|[from] item: Leftovers\n|upkeep\n|turn|16\n|\n|switch|p1a: CLEEEAN|Rotom-Wash|100\/100\n|move|p2a: Corviknight|Substitute|p2a: Corviknight\n|-start|p2a: Corviknight|Substitute\n|-damage|p2a: Corviknight|76\/100 par\n|\n|-heal|p2a: Corviknight|82\/100 par|[from] item: Leftovers\n|upkeep\n|turn|17\n|\n|move|p1a: CLEEEAN|Hex|p2a: Corviknight\n|-activate|p2a: Corviknight|move: Substitute|[damage]\n|move|p2a: Corviknight|Brave Bird|p1a: CLEEEAN\n|-resisted|p1a: CLEEEAN\n|-damage|p1a: CLEEEAN|71\/100\n|-damage|p2a: Corviknight|74\/100 par|[from] Recoil\n|\n|-heal|p1a: CLEEEAN|77\/100|[from] item: Leftovers\n|-heal|p2a: Corviknight|80\/100 par|[from] item: Leftovers\n|upkeep\n|turn|18\n|\n|move|p1a: CLEEEAN|Hex|p2a: Corviknight\n|-end|p2a: Corviknight|Substitute\n|cant|p2a: Corviknight|par\n|\n|-heal|p1a: CLEEEAN|83\/100|[from] item: Leftovers\n|-heal|p2a: Corviknight|86\/100 par|[from] item: Leftovers\n|upkeep\n|turn|19\n|\n|move|p1a: CLEEEAN|Hex|p2a: Corviknight\n|-damage|p2a: Corviknight|62\/100 par\n|move|p2a: Corviknight|Brave Bird|p1a: CLEEEAN\n|-resisted|p1a: CLEEEAN\n|-damage|p1a: CLEEEAN|54\/100\n|-damage|p2a: Corviknight|55\/100 par|[from] Recoil\n|\n|-heal|p1a: CLEEEAN|61\/100|[from] item: Leftovers\n|-heal|p2a: Corviknight|61\/100 par|[from] item: Leftovers\n|upkeep\n|turn|20\n|\n|move|p1a: CLEEEAN|Volt Switch|p2a: Corviknight\n|-supereffective|p2a: Corviknight\n|-damage|p2a: Corviknight|22\/100 par\n|\n|switch|p1a: Brody|Conkeldurr, F|100\/100|[from]move: Volt Switch\n|move|p2a: Corviknight|Brave Bird|p1a: Brody\n|-supereffective|p1a: Brody\n|-crit|p1a: Brody\n|-damage|p1a: Brody|0 fnt\n|-damage|p2a: Corviknight|0 fnt|[from] Recoil\n|faint|p1a: Brody\n|faint|p2a: Corviknight\n|\n|upkeep\n|\n|switch|p2a: Grimmsnarl|Grimmsnarl, M|100\/100\n|switch|p1a: SPREAD EM|Grimmsnarl, M|98\/100\n|turn|21\n|\n|move|p2a: Grimmsnarl|Bulk Up|p2a: Grimmsnarl\n|-boost|p2a: Grimmsnarl|atk|1\n|-boost|p2a: Grimmsnarl|def|1\n|move|p1a: SPREAD EM|Spirit Break|p2a: Grimmsnarl\n|-supereffective|p2a: Grimmsnarl\n|-damage|p2a: Grimmsnarl|19\/100\n|-unboost|p2a: Grimmsnarl|spa|1\n|\n|-heal|p1a: SPREAD EM|100\/100|[from] item: Leftovers\n|upkeep\n|turn|22\n|inactive|ogTFlame has 120 seconds left.\n|inactive|ogTFlame has 90 seconds left.\n|inactive|ogTFlame has 60 seconds left.\n|\n|move|p1a: SPREAD EM|Bulk Up|p1a: SPREAD EM\n|-boost|p1a: SPREAD EM|atk|1\n|-boost|p1a: SPREAD EM|def|1\n|move|p2a: Grimmsnarl|Spirit Break|p1a: SPREAD EM\n|-supereffective|p1a: SPREAD EM\n|-damage|p1a: SPREAD EM|0 fnt\n|faint|p1a: SPREAD EM\n|\n|upkeep\n|inactive|ogTFlame has 60 seconds left.\n|\n|switch|p1a: CLEEEAN|Rotom-Wash|61\/100\n|turn|23\n|\n|move|p1a: CLEEEAN|Volt Switch|p2a: Grimmsnarl\n|-damage|p2a: Grimmsnarl|0 fnt\n|faint|p2a: Grimmsnarl\n|inactive|ogTFlame has 60 seconds left.\n|\n|switch|p1a: SLICE EM UP|Aegislash, M|33\/100|[from]move: Volt Switch\n|\n|-heal|p1a: SLICE EM UP|39\/100|[from] item: Leftovers\n|upkeep\n|\n|switch|p2a: Ditto|Ditto|100\/100\n|-transform|p2a: Ditto|p1a: SLICE EM UP|[from] ability: Imposter\n|turn|24\n|\n|move|p1a: SLICE EM UP|King's Shield|p1a: SLICE EM UP\n|-singleturn|p1a: SLICE EM UP|Protect\n|move|p2a: Ditto|Shadow Sneak|p1a: SLICE EM UP\n|-activate|p1a: SLICE EM UP|move: Protect\n|-unboost|p2a: Ditto|atk|1\n|\n|-heal|p1a: SLICE EM UP|45\/100|[from] item: Leftovers\n|upkeep\n|turn|25\n|inactive|ogTFlame has 60 seconds left.\n|\n|switch|p2a: Gengar|Gengar, F|24\/100\n|switch|p1a: CLEEEAN|Rotom-Wash|61\/100\n|\n|-heal|p2a: Gengar|30\/100|[from] item: Black Sludge\n|-heal|p1a: CLEEEAN|67\/100|[from] item: Leftovers\n|upkeep\n|turn|26\n|\n|move|p2a: Gengar|Shadow Ball|p1a: CLEEEAN\n|-damage|p1a: CLEEEAN|24\/100\n|move|p1a: CLEEEAN|Volt Switch|p2a: Gengar\n|-damage|p2a: Gengar|0 fnt\n|faint|p2a: Gengar\n|\n|switch|p1a: SLICE EM UP|Aegislash, M|45\/100|[from]move: Volt Switch\n|\n|-heal|p1a: SLICE EM UP|51\/100|[from] item: Leftovers\n|upkeep\n|\n|switch|p2a: Ditto|Ditto|100\/100\n|-transform|p2a: Ditto|p1a: SLICE EM UP|[from] ability: Imposter\n|turn|27\n|\n|move|p1a: SLICE EM UP|King's Shield|p1a: SLICE EM UP\n|-singleturn|p1a: SLICE EM UP|Protect\n|move|p2a: Ditto|Shadow Sneak|p1a: SLICE EM UP\n|-activate|p1a: SLICE EM UP|move: Protect\n|-unboost|p2a: Ditto|atk|1\n|\n|-heal|p1a: SLICE EM UP|58\/100|[from] item: Leftovers\n|upkeep\n|turn|28\n|-message|Burnt Bright forfeited.\n|\n|win|ogTFlame\n|l|\u2606Burnt Bright\n|raw|ogTFlame's rating: 1552 &rarr; <strong>1576<\/strong><br \/>(+24 for winning)\n|raw|Burnt Bright's rating: 1620 &rarr; <strong>1596<\/strong><br \/>(-24 for losing)\n","uploadtime":1578888973,"views":14,"p1id":"ogtflame","p2id":"burntbright","formatid":"gen8ou","rating":1576,"private":0,"password":null}