{"id":"gen8nationaldexag-1537882597","p1":"Rediyu","p2":"ArchangelEa","format":"gen8nationaldexag","log":"|j|\u2606Rediyu\n|j|\u2606ArchangelEa\n|t:|1648144909\n|gametype|singles\n|player|p1|Rediyu|guitarist|\n|player|p2|ArchangelEa|2|\n|teamsize|p1|6\n|teamsize|p2|6\n|gen|8\n|tier|[Gen 8] National Dex AG\n|rule|HP Percentage Mod: HP is shown in percentages\n|rule|Endless Battle Clause: Forcing endless battles is banned\n|clearpoke\n|poke|p1|Frosmoth, F|\n|poke|p1|Azumarill, F|\n|poke|p1|Clefable, F|\n|poke|p1|Raichu, F|\n|poke|p1|Snorlax, F|\n|poke|p1|Blissey, F|\n|poke|p2|Zapdos-Galar|\n|poke|p2|Venusaur, M|\n|poke|p2|Glastrier|\n|poke|p2|Suicune|\n|poke|p2|Mudsdale, M|\n|poke|p2|Rapidash-Galar, M|\n|teampreview\n|c|\u2606Rediyu|gl hf\n|c|\u2606ArchangelEa|gl hf\n|\n|t:|1648145031\n|start\n|switch|p1a: Liz|Raichu, F|100\/100\n|switch|p2a: Ethan|Mudsdale, M, shiny|100\/100\n|turn|1\n|\n|t:|1648145038\n|move|p1a: Liz|Grass Knot|p2a: Ethan\n|-supereffective|p2a: Ethan\n|-damage|p2a: Ethan|32\/100\n|-ability|p2a: Ethan|Stamina|boost\n|-boost|p2a: Ethan|def|1\n|move|p2a: Ethan|Stealth Rock|p1a: Liz\n|-sidestart|p1: Rediyu|move: Stealth Rock\n|\n|-heal|p2a: Ethan|38\/100|[from] item: Leftovers\n|upkeep\n|turn|2\n|\n|t:|1648145049\n|switch|p2a: Will|Venusaur, M, shiny|100\/100\n|move|p1a: Liz|Grass Knot|p2a: Will\n|-resisted|p2a: Will\n|-damage|p2a: Will|94\/100\n|\n|upkeep\n|turn|3\n|\n|t:|1648145060\n|switch|p1a: Sophie|Blissey, F|100\/100\n|-damage|p1a: Sophie|88\/100|[from] Stealth Rock\n|detailschange|p2a: Will|Venusaur-Mega, M, shiny\n|-mega|p2a: Will|Venusaur|Venusaurite\n|move|p2a: Will|Knock Off|p1a: Sophie\n|-damage|p1a: Sophie|70\/100\n|-enditem|p1a: Sophie|Leftovers|[from] move: Knock Off|[of] p2a: Will\n|\n|upkeep\n|turn|4\n|\n|t:|1648145070\n|move|p2a: Will|Leech Seed|p1a: Sophie\n|-start|p1a: Sophie|move: Leech Seed\n|move|p1a: Sophie|Stealth Rock|p2a: Will\n|-sidestart|p2: ArchangelEa|move: Stealth Rock\n|\n|-damage|p1a: Sophie|57\/100|[from] Leech Seed|[of] p2a: Will\n|-heal|p2a: Will|100\/100|[silent]\n|upkeep\n|turn|5\n|\n|t:|1648145079\n|move|p2a: Will|Energy Ball|p1a: Sophie\n|-damage|p1a: Sophie|39\/100\n|move|p1a: Sophie|Soft-Boiled|p1a: Sophie\n|-heal|p1a: Sophie|89\/100\n|\n|-damage|p1a: Sophie|76\/100|[from] Leech Seed|[of] p2a: Will\n|upkeep\n|turn|6\n|\n|t:|1648145090\n|switch|p2a: Jay|Suicune, shiny|100\/100\n|-damage|p2a: Jay|88\/100|[from] Stealth Rock\n|-ability|p2a: Jay|Pressure\n|move|p1a: Sophie|Soft-Boiled|p1a: Sophie\n|-heal|p1a: Sophie|100\/100\n|\n|-heal|p2a: Jay|94\/100|[from] item: Leftovers\n|-damage|p1a: Sophie|88\/100|[from] Leech Seed|[of] p2a: Jay\n|-heal|p2a: Jay|100\/100|[silent]\n|upkeep\n|turn|7\n|\n|t:|1648145102\n|move|p2a: Jay|Toxic|p1a: Sophie\n|-status|p1a: Sophie|tox\n|move|p1a: Sophie|Teleport|p1a: Sophie\n|\n|t:|1648145128\n|-curestatus|p1a: Sophie|tox|[from] ability: Natural Cure\n|switch|p1a: Paper|Frosmoth, F, shiny|100\/100|[from]move: Teleport\n|\n|upkeep\n|turn|8\n|\n|t:|1648145144\n|switch|p2a: Alvin|Glastrier|100\/100\n|-damage|p2a: Alvin|76\/100|[from] Stealth Rock\n|move|p1a: Paper|Substitute|p1a: Paper\n|-start|p1a: Paper|Substitute\n|-damage|p1a: Paper|76\/100\n|\n|upkeep\n|turn|9\n|\n|t:|1648145152\n|move|p1a: Paper|Bug Buzz|p2a: Alvin\n|-damage|p2a: Alvin|38\/100\n|move|p2a: Alvin|Body Press|p1a: Paper\n|-end|p1a: Paper|Substitute\n|\n|upkeep\n|turn|10\n|\n|t:|1648145180\n|move|p1a: Paper|Bug Buzz|p2a: Alvin\n|-damage|p2a: Alvin|0 fnt\n|faint|p2a: Alvin\n|\n|upkeep\n|\n|t:|1648145186\n|switch|p2a: Crockett|Rapidash-Galar, M, shiny|100\/100\n|-damage|p2a: Crockett|88\/100|[from] Stealth Rock\n|turn|11\n|\n|t:|1648145258\n|switch|p1a: Maru|Clefable, F|100\/100\n|-damage|p1a: Maru|88\/100|[from] Stealth Rock\n|move|p2a: Crockett|Double Kick|p1a: Maru\n|-resisted|p1a: Maru\n|-damage|p1a: Maru|85\/100\n|-resisted|p1a: Maru\n|-crit|p1a: Maru\n|-damage|p1a: Maru|79\/100\n|-hitcount|p1a: Maru|2\n|\n|upkeep\n|turn|12\n|\n|t:|1648145266\n|switch|p2a: Ethan|Mudsdale, M, shiny|38\/100\n|-damage|p2a: Ethan|32\/100|[from] Stealth Rock\n|move|p1a: Maru|Reflect|p1a: Maru\n|-sidestart|p1: Rediyu|Reflect\n|\n|-heal|p2a: Ethan|38\/100|[from] item: Leftovers\n|upkeep\n|turn|13\n|\n|t:|1648145273\n|move|p1a: Maru|Moonblast|p2a: Ethan\n|-damage|p2a: Ethan|7\/100\n|-unboost|p2a: Ethan|spa|1\n|-ability|p2a: Ethan|Stamina|boost\n|-boost|p2a: Ethan|def|1\n|move|p2a: Ethan|Iron Head|p1a: Maru\n|-supereffective|p1a: Maru\n|-damage|p1a: Maru|56\/100\n|\n|-heal|p2a: Ethan|13\/100|[from] item: Leftovers\n|upkeep\n|turn|14\n|\n|t:|1648145281\n|move|p1a: Maru|Soft-Boiled|p1a: Maru\n|-heal|p1a: Maru|100\/100\n|move|p2a: Ethan|Iron Head|p1a: Maru\n|-supereffective|p1a: Maru\n|-damage|p1a: Maru|76\/100\n|\n|-heal|p2a: Ethan|20\/100|[from] item: Leftovers\n|upkeep\n|turn|15\n|\n|t:|1648145292\n|move|p1a: Maru|Light Screen|p1a: Maru\n|-sidestart|p1: Rediyu|move: Light Screen\n|move|p2a: Ethan|Iron Head|p1a: Maru\n|-supereffective|p1a: Maru\n|-damage|p1a: Maru|53\/100\n|\n|-heal|p2a: Ethan|26\/100|[from] item: Leftovers\n|upkeep\n|turn|16\n|\n|t:|1648145297\n|move|p1a: Maru|Soft-Boiled|p1a: Maru\n|-heal|p1a: Maru|100\/100\n|move|p2a: Ethan|Iron Head|p1a: Maru\n|-supereffective|p1a: Maru\n|-damage|p1a: Maru|78\/100\n|\n|-heal|p2a: Ethan|32\/100|[from] item: Leftovers\n|upkeep\n|turn|17\n|\n|t:|1648145302\n|move|p1a: Maru|Moonblast|p2a: Ethan\n|-damage|p2a: Ethan|1\/100\n|-ability|p2a: Ethan|Stamina|boost\n|-boost|p2a: Ethan|def|1\n|move|p2a: Ethan|Iron Head|p1a: Maru\n|-supereffective|p1a: Maru\n|-damage|p1a: Maru|55\/100\n|\n|-heal|p2a: Ethan|7\/100|[from] item: Leftovers\n|upkeep\n|turn|18\n|\n|t:|1648145306\n|move|p1a: Maru|Moonblast|p2a: Ethan\n|-damage|p2a: Ethan|0 fnt\n|faint|p2a: Ethan\n|\n|upkeep\n|\n|t:|1648145313\n|switch|p2a: Will|Venusaur-Mega, M, shiny|100\/100\n|-damage|p2a: Will|88\/100|[from] Stealth Rock\n|turn|19\n|\n|t:|1648145320\n|move|p2a: Will|Leech Seed|p1a: Maru\n|-start|p1a: Maru|move: Leech Seed\n|move|p1a: Maru|Soft-Boiled|p1a: Maru\n|-heal|p1a: Maru|100\/100\n|\n|-damage|p1a: Maru|88\/100|[from] Leech Seed|[of] p2a: Will\n|-heal|p2a: Will|100\/100|[silent]\n|-sideend|p1: Rediyu|Reflect\n|upkeep\n|turn|20\n|\n|t:|1648145326\n|switch|p1a: Sophie|Blissey, F|88\/100\n|-damage|p1a: Sophie|76\/100|[from] Stealth Rock\n|move|p2a: Will|Knock Off|p1a: Sophie\n|-damage|p1a: Sophie|63\/100\n|\n|upkeep\n|turn|21\n|\n|t:|1648145329\n|move|p2a: Will|Leech Seed|p1a: Sophie\n|-start|p1a: Sophie|move: Leech Seed\n|move|p1a: Sophie|Teleport|p1a: Sophie\n|\n|t:|1648145337\n|switch|p1a: Vio|Snorlax, F|100\/100|[from]move: Teleport\n|-damage|p1a: Vio|88\/100|[from] Stealth Rock\n|\n|upkeep\n|turn|22\n|\n|t:|1648145354\n|switch|p1a: Sophie|Blissey, F|63\/100\n|-damage|p1a: Sophie|51\/100|[from] Stealth Rock\n|move|p2a: Will|Knock Off|p1a: Sophie\n|-damage|p1a: Sophie|39\/100\n|\n|-sideend|p1: Rediyu|move: Light Screen\n|upkeep\n|turn|23\n|\n|t:|1648145359\n|move|p2a: Will|Knock Off|p1a: Sophie\n|-damage|p1a: Sophie|27\/100\n|move|p1a: Sophie|Soft-Boiled|p1a: Sophie\n|-heal|p1a: Sophie|77\/100\n|\n|upkeep\n|turn|24\n|\n|t:|1648145362\n|move|p2a: Will|Leech Seed|p1a: Sophie\n|-start|p1a: Sophie|move: Leech Seed\n|move|p1a: Sophie|Soft-Boiled|p1a: Sophie\n|-heal|p1a: Sophie|100\/100\n|\n|-damage|p1a: Sophie|88\/100|[from] Leech Seed|[of] p2a: Will\n|upkeep\n|turn|25\n|\n|t:|1648145369\n|switch|p2a: Jay|Suicune, shiny|100\/100\n|-damage|p2a: Jay|88\/100|[from] Stealth Rock\n|-ability|p2a: Jay|Pressure\n|move|p1a: Sophie|Teleport|p1a: Sophie\n|\n|t:|1648145374\n|switch|p1a: Paper|Frosmoth, F, shiny|76\/100|[from]move: Teleport\n|\n|-heal|p2a: Jay|94\/100|[from] item: Leftovers\n|upkeep\n|turn|26\n|\n|t:|1648145380\n|move|p1a: Paper|Substitute|p1a: Paper\n|-start|p1a: Paper|Substitute\n|-damage|p1a: Paper|51\/100\n|move|p2a: Jay|Scald|p1a: Paper\n|-activate|p1a: Paper|move: Substitute|[damage]\n|\n|-heal|p2a: Jay|100\/100|[from] item: Leftovers\n|upkeep\n|turn|27\n|\n|t:|1648145383\n|move|p1a: Paper|Quiver Dance|p1a: Paper\n|-boost|p1a: Paper|spa|1\n|-boost|p1a: Paper|spd|1\n|-boost|p1a: Paper|spe|1\n|move|p2a: Jay|Scald|p1a: Paper\n|-crit|p1a: Paper\n|-end|p1a: Paper|Substitute\n|\n|upkeep\n|turn|28\n|\n|t:|1648145386\n|move|p1a: Paper|Substitute|p1a: Paper\n|-start|p1a: Paper|Substitute\n|-damage|p1a: Paper|26\/100\n|move|p2a: Jay|Toxic||[still]\n|-fail|p2a: Jay\n|\n|upkeep\n|turn|29\n|\n|t:|1648145390\n|move|p1a: Paper|Quiver Dance|p1a: Paper\n|-boost|p1a: Paper|spa|1\n|-boost|p1a: Paper|spd|1\n|-boost|p1a: Paper|spe|1\n|move|p2a: Jay|Scald|p1a: Paper\n|-activate|p1a: Paper|move: Substitute|[damage]\n|\n|upkeep\n|turn|30\n|\n|t:|1648145398\n|move|p1a: Paper|Quiver Dance|p1a: Paper\n|-boost|p1a: Paper|spa|1\n|-boost|p1a: Paper|spd|1\n|-boost|p1a: Paper|spe|1\n|move|p2a: Jay|Scald|p1a: Paper\n|-activate|p1a: Paper|move: Substitute|[damage]\n|\n|upkeep\n|turn|31\n|\n|t:|1648145401\n|move|p1a: Paper|Quiver Dance|p1a: Paper\n|-boost|p1a: Paper|spa|1\n|-boost|p1a: Paper|spd|1\n|-boost|p1a: Paper|spe|1\n|move|p2a: Jay|Scald|p1a: Paper\n|-activate|p1a: Paper|move: Substitute|[damage]\n|\n|upkeep\n|turn|32\n|\n|t:|1648145405\n|move|p1a: Paper|Bug Buzz|p2a: Jay\n|-damage|p2a: Jay|3\/100\n|-unboost|p2a: Jay|spd|1\n|move|p2a: Jay|Scald|p1a: Paper\n|-end|p1a: Paper|Substitute\n|\n|-heal|p2a: Jay|9\/100|[from] item: Leftovers\n|upkeep\n|turn|33\n|\n|t:|1648145410\n|move|p1a: Paper|Substitute|p1a: Paper\n|-start|p1a: Paper|Substitute\n|-damage|p1a: Paper|1\/100\n|move|p2a: Jay|Scald|p1a: Paper\n|-crit|p1a: Paper\n|-end|p1a: Paper|Substitute\n|\n|-heal|p2a: Jay|15\/100|[from] item: Leftovers\n|upkeep\n|turn|34\n|\n|t:|1648145416\n|move|p1a: Paper|Bug Buzz|p2a: Jay\n|-crit|p2a: Jay\n|-damage|p2a: Jay|0 fnt\n|faint|p2a: Jay\n|\n|upkeep\n|\n|t:|1648145418\n|switch|p2a: Crockett|Rapidash-Galar, M, shiny|88\/100\n|-damage|p2a: Crockett|76\/100|[from] Stealth Rock\n|turn|35\n|\n|t:|1648145420\n|move|p1a: Paper|Ice Beam|p2a: Crockett\n|-damage|p2a: Crockett|0 fnt\n|faint|p2a: Crockett\n|\n|upkeep\n|\n|t:|1648145424\n|switch|p2a: Adam|Zapdos-Galar|100\/100\n|-damage|p2a: Adam|88\/100|[from] Stealth Rock\n|turn|36\n|\n|t:|1648145427\n|move|p1a: Paper|Ice Beam|p2a: Adam\n|-supereffective|p2a: Adam\n|-damage|p2a: Adam|0 fnt\n|faint|p2a: Adam\n|\n|upkeep\n|\n|t:|1648145429\n|switch|p2a: Will|Venusaur-Mega, M, shiny|100\/100\n|-damage|p2a: Will|88\/100|[from] Stealth Rock\n|turn|37\n|\n|t:|1648145432\n|move|p1a: Paper|Ice Beam|p2a: Will\n|-supereffective|p2a: Will\n|-damage|p2a: Will|0 fnt\n|faint|p2a: Will\n|\n|win|Rediyu\n|c|\u2606Rediyu|gg\n|c|\u2606ArchangelEa|gg\n","uploadtime":1648145441,"views":10,"p1id":"rediyu","p2id":"archangelea","formatid":"gen8nationaldexag","rating":0,"private":0,"password":null}