{"id":"gen8bdspou-1461888680","p1":"beastyj157","p2":"Aahe","format":"gen8bdspou","log":"|j|\u2606beastyj157\n|j|\u2606Aahe\n|t:|1638004790\n|gametype|singles\n|player|p1|beastyj157|veteran|1222\n|player|p2|Aahe|psychic-gen2|1290\n|teamsize|p1|6\n|teamsize|p2|6\n|gen|8\n|tier|[Gen 8 BDSP] OU\n|rated|\n|rule|Sleep Clause Mod: Limit one foe put to sleep\n|rule|Species Clause: Limit one of each Pok\u00e9mon\n|rule|OHKO Clause: OHKO moves are banned\n|rule|Evasion Moves Clause: Evasion moves are banned\n|rule|Endless Battle Clause: Forcing endless battles is banned\n|rule|HP Percentage Mod: HP is shown in percentages\n|clearpoke\n|poke|p1|Magnezone|\n|poke|p1|Jirachi|\n|poke|p1|Azumarill, M|\n|poke|p1|Garchomp, M|\n|poke|p1|Latios, M|\n|poke|p1|Dragonite, F|\n|poke|p2|Feraligatr, M|\n|poke|p2|Breloom, M|\n|poke|p2|Heatran, M|\n|poke|p2|Donphan, M|\n|poke|p2|Magnezone|\n|poke|p2|Latias, F|\n|teampreview\n|inactive|Battle timer is ON: inactive players will automatically lose when time's up. (requested by beastyj157)\n|inactive|Aahe has 120 seconds left.\n|\n|t:|1638004843\n|start\n|switch|p1a: Jirachi|Jirachi|100\/100\n|switch|p2a: Magnet|Magnezone, shiny|100\/100\n|turn|1\n|\n|t:|1638004860\n|move|p1a: Jirachi|Stealth Rock|p2a: Magnet\n|-sidestart|p2: Aahe|move: Stealth Rock\n|move|p2a: Magnet|Thunderbolt|p1a: Jirachi\n|-damage|p1a: Jirachi|51\/100\n|\n|-heal|p1a: Jirachi|57\/100|[from] item: Leftovers\n|upkeep\n|turn|2\n|\n|t:|1638004867\n|move|p1a: Jirachi|U-turn|p2a: Magnet\n|-resisted|p2a: Magnet\n|-damage|p2a: Magnet|93\/100\n|\n|t:|1638004869\n|switch|p1a: Garchomp|Garchomp, M|100\/100|[from]move: U-turn\n|move|p2a: Magnet|Thunderbolt|p1a: Garchomp\n|-immune|p1a: Garchomp\n|\n|upkeep\n|turn|3\n|\n|t:|1638004883\n|switch|p2a: Dons|Donphan, M, shiny|100\/100\n|-damage|p2a: Dons|94\/100|[from] Stealth Rock\n|move|p1a: Garchomp|Swords Dance|p1a: Garchomp\n|-boost|p1a: Garchomp|atk|2\n|\n|-heal|p2a: Dons|100\/100|[from] item: Leftovers\n|upkeep\n|turn|4\n|\n|t:|1638004890\n|move|p2a: Dons|Ice Shard|p1a: Garchomp\n|-supereffective|p1a: Garchomp\n|-enditem|p1a: Garchomp|Yache Berry|[eat]\n|-enditem|p1a: Garchomp|Yache Berry|[weaken]\n|-damage|p1a: Garchomp|79\/100\n|move|p1a: Garchomp|Earthquake|p2a: Dons\n|-damage|p2a: Dons|36\/100\n|\n|-heal|p2a: Dons|43\/100|[from] item: Leftovers\n|upkeep\n|turn|5\n|\n|t:|1638004900\n|switch|p1a: Azumarill|Azumarill, M|100\/100\n|move|p2a: Dons|Rapid Spin|p1a: Azumarill\n|-damage|p1a: Azumarill|83\/100\n|-boost|p2a: Dons|spe|1\n|-sideend|p2: Aahe|Stealth Rock|[from] move: Rapid Spin|[of] p2a: Dons\n|\n|-heal|p2a: Dons|49\/100|[from] item: Leftovers\n|upkeep\n|turn|6\n|\n|t:|1638004916\n|switch|p2a: Magnet|Magnezone, shiny|93\/100\n|move|p1a: Azumarill|Waterfall|p2a: Magnet\n|-damage|p2a: Magnet|34\/100\n|\n|upkeep\n|turn|7\n|\n|t:|1638004931\n|switch|p1a: Jirachi|Jirachi|57\/100\n|move|p2a: Magnet|Flash Cannon|p1a: Jirachi\n|-resisted|p1a: Jirachi\n|-damage|p1a: Jirachi|34\/100\n|\n|-heal|p1a: Jirachi|40\/100|[from] item: Leftovers\n|upkeep\n|turn|8\n|\n|t:|1638004951\n|switch|p2a: Breloom|Breloom, M|100\/100\n|move|p1a: Jirachi|Stealth Rock|p2a: Breloom\n|-sidestart|p2: Aahe|move: Stealth Rock\n|\n|-heal|p1a: Jirachi|46\/100|[from] item: Leftovers\n|-status|p2a: Breloom|tox|[from] item: Toxic Orb\n|upkeep\n|turn|9\n|\n|t:|1638004955\n|move|p1a: Jirachi|Doom Desire|p2a: Breloom\n|-start|p1a: Jirachi|Doom Desire\n|move|p2a: Breloom|Spore|p1a: Jirachi\n|-status|p1a: Jirachi|slp|[from] move: Spore\n|\n|-heal|p1a: Jirachi|52\/100 slp|[from] item: Leftovers\n|upkeep\n|turn|10\n|\n|t:|1638004966\n|switch|p2a: Magnet|Magnezone, shiny|34\/100\n|-damage|p2a: Magnet|28\/100|[from] Stealth Rock\n|cant|p1a: Jirachi|slp\n|\n|-heal|p1a: Jirachi|59\/100 slp|[from] item: Leftovers\n|upkeep\n|turn|11\n|\n|t:|1638004980\n|-curestatus|p1a: Jirachi|slp|[msg]\n|move|p1a: Jirachi|U-turn|p2a: Magnet\n|-resisted|p2a: Magnet\n|-damage|p2a: Magnet|19\/100\n|\n|t:|1638004984\n|switch|p1a: Garchomp|Garchomp, M|79\/100|[from]move: U-turn\n|move|p2a: Magnet|Thunderbolt|p1a: Garchomp\n|-immune|p1a: Garchomp\n|\n|-end|p2a: Magnet|move: Doom Desire\n|-resisted|p2a: Magnet\n|-damage|p2a: Magnet|3\/100\n|upkeep\n|turn|12\n|c|\u2606Aahe|oh ofc right?\n|\n|t:|1638005012\n|switch|p2a: Dons|Donphan, M, shiny|49\/100\n|-damage|p2a: Dons|43\/100|[from] Stealth Rock\n|move|p1a: Garchomp|Earthquake|p2a: Dons\n|-crit|p2a: Dons\n|-damage|p2a: Dons|0 fnt\n|faint|p2a: Dons\n|\n|upkeep\n|\n|t:|1638005016\n|switch|p2a: Lori|Latias, F|100\/100\n|-damage|p2a: Lori|88\/100|[from] Stealth Rock\n|turn|13\n|\n|t:|1638005029\n|switch|p1a: Jirachi|Jirachi|59\/100\n|move|p2a: Lori|Draco Meteor|p1a: Jirachi\n|-resisted|p1a: Jirachi\n|-damage|p1a: Jirachi|38\/100\n|-unboost|p2a: Lori|spa|2\n|\n|-heal|p1a: Jirachi|44\/100|[from] item: Leftovers\n|upkeep\n|turn|14\n|\n|t:|1638005039\n|move|p2a: Lori|Thunder Wave|p1a: Jirachi\n|-status|p1a: Jirachi|par\n|move|p1a: Jirachi|U-turn|p2a: Lori\n|-supereffective|p2a: Lori\n|-damage|p2a: Lori|50\/100\n|\n|t:|1638005056\n|switch|p1a: Azumarill|Azumarill, M|83\/100|[from]move: U-turn\n|\n|upkeep\n|turn|15\n|\n|t:|1638005078\n|switch|p2a: Magnet|Magnezone, shiny|3\/100\n|-damage|p2a: Magnet|0 fnt|[from] Stealth Rock\n|faint|p2a: Magnet\n|move|p1a: Azumarill|Play Rough|p2: Magnet|[notarget]\n|-fail|p1a: Azumarill\n|\n|upkeep\n|\n|t:|1638005081\n|switch|p2a: Breloom|Breloom, M|100\/100 tox\n|-damage|p2a: Breloom|94\/100 tox|[from] Stealth Rock\n|turn|16\n|\n|t:|1638005090\n|switch|p1a: Jirachi|Jirachi|44\/100 par\n|move|p2a: Breloom|Spore||[still]\n|-fail|p2a: Breloom\n|\n|-heal|p1a: Jirachi|50\/100 par|[from] item: Leftovers\n|-heal|p2a: Breloom|100\/100 tox|[from] ability: Poison Heal\n|upkeep\n|turn|17\n|\n|t:|1638005096\n|move|p2a: Breloom|Swords Dance|p2a: Breloom\n|-boost|p2a: Breloom|atk|2\n|move|p1a: Jirachi|Doom Desire|p2a: Breloom\n|-start|p1a: Jirachi|Doom Desire\n|\n|-heal|p1a: Jirachi|57\/100 par|[from] item: Leftovers\n|upkeep\n|turn|18\n|\n|t:|1638005101\n|move|p2a: Breloom|Drain Punch|p1a: Jirachi\n|-damage|p1a: Jirachi|3\/100 par\n|move|p1a: Jirachi|U-turn|p2a: Breloom\n|-damage|p2a: Breloom|83\/100 tox\n|\n|t:|1638005109\n|switch|p1a: Latios|Latios, M|100\/100|[from]move: U-turn\n|\n|-heal|p2a: Breloom|95\/100 tox|[from] ability: Poison Heal\n|upkeep\n|turn|19\n|\n|t:|1638005115\n|switch|p2a: Mars|Heatran, M|100\/100\n|-damage|p2a: Mars|88\/100|[from] Stealth Rock\n|move|p1a: Latios|Surf|p2a: Mars\n|-supereffective|p2a: Mars\n|-damage|p2a: Mars|34\/100\n|\n|-end|p2a: Mars|move: Doom Desire\n|-resisted|p2a: Mars\n|-crit|p2a: Mars\n|-damage|p2a: Mars|24\/100\n|-heal|p2a: Mars|30\/100|[from] item: Leftovers\n|upkeep\n|turn|20\n|\n|t:|1638005139\n|move|p1a: Latios|Surf|p2a: Mars\n|-supereffective|p2a: Mars\n|-damage|p2a: Mars|0 fnt\n|faint|p2a: Mars\n|\n|upkeep\n|inactive|Aahe has 120 seconds left.\n|\n|t:|1638005161\n|switch|p2a: Lori|Latias, F|50\/100\n|-damage|p2a: Lori|38\/100|[from] Stealth Rock\n|turn|21\n|\n|t:|1638005166\n|switch|p1a: Jirachi|Jirachi|3\/100 par\n|move|p2a: Lori|Roost|p2a: Lori\n|-heal|p2a: Lori|88\/100\n|-singleturn|p2a: Lori|move: Roost\n|\n|-heal|p1a: Jirachi|9\/100 par|[from] item: Leftovers\n|upkeep\n|turn|22\n|\n|t:|1638005172\n|move|p2a: Lori|Psychic|p1a: Jirachi\n|-resisted|p1a: Jirachi\n|-damage|p1a: Jirachi|2\/100 par\n|-unboost|p1a: Jirachi|spd|1\n|move|p1a: Jirachi|Thunder Wave|p2a: Lori\n|-status|p2a: Lori|par\n|\n|-heal|p1a: Jirachi|8\/100 par|[from] item: Leftovers\n|upkeep\n|turn|23\n|\n|t:|1638005186\n|switch|p1a: Magnezone|Magnezone|100\/100\n|cant|p2a: Lori|par\n|\n|upkeep\n|turn|24\n|\n|t:|1638005196\n|move|p1a: Magnezone|Thunderbolt|p2a: Lori\n|-resisted|p2a: Lori\n|-damage|p2a: Lori|54\/100 par\n|move|p2a: Lori|Psychic|p1a: Magnezone\n|-resisted|p1a: Magnezone\n|-damage|p1a: Magnezone|69\/100\n|\n|upkeep\n|turn|25\n|\n|t:|1638005208\n|switch|p2a: Breloom|Breloom, M|95\/100 tox\n|-damage|p2a: Breloom|89\/100 tox|[from] Stealth Rock\n|move|p1a: Magnezone|Thunderbolt|p2a: Breloom\n|-resisted|p2a: Breloom\n|-damage|p2a: Breloom|53\/100 tox\n|\n|-heal|p2a: Breloom|66\/100 tox|[from] ability: Poison Heal\n|upkeep\n|turn|26\n|\n|t:|1638005217\n|switch|p1a: Jirachi|Jirachi|8\/100 par\n|move|p2a: Breloom|Drain Punch|p1a: Jirachi\n|-damage|p1a: Jirachi|0 fnt\n|-heal|p2a: Breloom|71\/100 tox|[from] drain|[of] p1a: Jirachi\n|faint|p1a: Jirachi\n|\n|-heal|p2a: Breloom|83\/100 tox|[from] ability: Poison Heal\n|upkeep\n|\n|t:|1638005222\n|switch|p1a: Latios|Latios, M|100\/100\n|turn|27\n|\n|t:|1638005227\n|switch|p2a: Lori|Latias, F|54\/100 par\n|-damage|p2a: Lori|42\/100 par|[from] Stealth Rock\n|move|p1a: Latios|Psychic|p2a: Lori\n|-resisted|p2a: Lori\n|-damage|p2a: Lori|11\/100 par\n|\n|upkeep\n|turn|28\n|\n|t:|1638005232\n|move|p1a: Latios|Psychic|p2a: Lori\n|-resisted|p2a: Lori\n|-damage|p2a: Lori|0 fnt\n|faint|p2a: Lori\n|\n|upkeep\n|\n|t:|1638005239\n|switch|p2a: Luke|Feraligatr, M|100\/100\n|-damage|p2a: Luke|88\/100|[from] Stealth Rock\n|turn|29\n|\n|t:|1638005244\n|switch|p1a: Dragonite|Dragonite, F|100\/100\n|move|p2a: Luke|Ice Punch|p1a: Dragonite\n|-supereffective|p1a: Dragonite\n|-damage|p1a: Dragonite|29\/100\n|\n|-heal|p1a: Dragonite|35\/100|[from] item: Leftovers\n|upkeep\n|turn|30\n|\n|t:|1638005252\n|move|p1a: Dragonite|Fly||[still]\n|-prepare|p1a: Dragonite|Fly\n|move|p2a: Luke|Dragon Dance|p2a: Luke\n|-boost|p2a: Luke|atk|1\n|-boost|p2a: Luke|spe|1\n|\n|-heal|p1a: Dragonite|41\/100|[from] item: Leftovers\n|upkeep\n|turn|31\n|\n|t:|1638005257\n|move|p2a: Luke|Dragon Dance|p2a: Luke\n|-boost|p2a: Luke|atk|1\n|-boost|p2a: Luke|spe|1\n|move|p1a: Dragonite|Fly|p2a: Luke|[from]lockedmove\n|-damage|p2a: Luke|47\/100\n|\n|-heal|p1a: Dragonite|48\/100|[from] item: Leftovers\n|upkeep\n|turn|32\n|\n|t:|1638005263\n|move|p2a: Luke|Ice Punch|p1a: Dragonite\n|-supereffective|p1a: Dragonite\n|-damage|p1a: Dragonite|0 fnt\n|faint|p1a: Dragonite\n|\n|upkeep\n|\n|t:|1638005268\n|switch|p1a: Magnezone|Magnezone|69\/100\n|turn|33\n|\n|t:|1638005272\n|move|p2a: Luke|Earthquake|p1a: Magnezone\n|-supereffective|p1a: Magnezone\n|-damage|p1a: Magnezone|0 fnt\n|faint|p1a: Magnezone\n|-damage|p2a: Luke|37\/100|[from] item: Life Orb\n|\n|upkeep\n|\n|t:|1638005279\n|switch|p1a: Garchomp|Garchomp, M|79\/100\n|turn|34\n|\n|t:|1638005286\n|move|p2a: Luke|Ice Punch|p1a: Garchomp\n|-supereffective|p1a: Garchomp\n|-damage|p1a: Garchomp|0 fnt\n|-damage|p2a: Luke|25\/100|[from] ability: Rough Skin|[of] p1a: Garchomp\n|faint|p1a: Garchomp\n|\n|upkeep\n|\n|t:|1638005288\n|switch|p1a: Azumarill|Azumarill, M|83\/100\n|turn|35\n|\n|t:|1638005310\n|move|p1a: Azumarill|Aqua Jet|p2a: Luke\n|-resisted|p2a: Luke\n|-damage|p2a: Luke|10\/100\n|move|p2a: Luke|Waterfall|p1a: Azumarill\n|-resisted|p1a: Azumarill\n|-damage|p1a: Azumarill|0 fnt\n|faint|p1a: Azumarill\n|\n|upkeep\n|c|\u2606Aahe|L.\n|c|\u2606beastyj157|Dang\n|c|\u2606beastyj157|gg\n|\n|t:|1638005331\n|switch|p1a: Latios|Latios, M|100\/100\n|turn|36\n|\n|t:|1638005336\n|move|p2a: Luke|Ice Punch|p1a: Latios\n|-supereffective|p1a: Latios\n|-damage|p1a: Latios|0 fnt\n|faint|p1a: Latios\n|\n|win|Aahe\n|raw|beastyj157's rating: 1222 &rarr; <strong>1202<\/strong><br \/>(-20 for losing)\n|raw|Aahe's rating: 1290 &rarr; <strong>1310<\/strong><br \/>(+20 for winning)\n|c|\u2606Aahe|gg bestie\n|l|\u2606beastyj157\n","uploadtime":1638005344,"views":14,"p1id":"beastyj157","p2id":"aahe","formatid":"gen8bdspou","rating":1202,"private":0,"password":null}