{"id":"gen8ou-1574676613","p1":"Algometeo","p2":"Scoots Mgee","format":"gen8ou","log":"|j|\u2606Algometeo\n|j|\u2606Scoots Mgee\n|t:|1652534805\n|gametype|singles\n|player|p1|Algometeo|266|1357\n|player|p2|Scoots Mgee|acetrainerf|1351\n|teamsize|p1|6\n|teamsize|p2|6\n|gen|8\n|tier|[Gen 8] OU\n|rated|\n|rule|Sleep Clause Mod: Limit one foe put to sleep\n|rule|Species Clause: Limit one of each Pok\u00e9mon\n|rule|OHKO Clause: OHKO moves are banned\n|rule|Evasion Moves Clause: Evasion moves are banned\n|rule|Endless Battle Clause: Forcing endless battles is banned\n|rule|HP Percentage Mod: HP is shown in percentages\n|rule|Dynamax Clause: You cannot dynamax\n|clearpoke\n|poke|p1|Grimmsnarl, M|\n|poke|p1|Klefki, F|\n|poke|p1|Volcarona, F|\n|poke|p1|Mew|\n|poke|p1|Kommo-o, F|\n|poke|p1|Corviknight, F|\n|poke|p2|Tapu Lele|\n|poke|p2|Dragapult, M|\n|poke|p2|Zeraora|\n|poke|p2|Ferrothorn, M|\n|poke|p2|Landorus-Therian, M|\n|poke|p2|Heatran, M|\n|teampreview\n|inactive|Battle timer is ON: inactive players will automatically lose when time's up. (requested by Algometeo)\n|\n|t:|1652534814\n|start\n|switch|p1a: Grimmsnarl|Grimmsnarl, M|100\/100\n|switch|p2a: Heatran|Heatran, M|100\/100\n|turn|1\n|\n|t:|1652534822\n|move|p1a: Grimmsnarl|Taunt|p2a: Heatran\n|-start|p2a: Heatran|move: Taunt\n|move|p2a: Heatran|Eruption|p1a: Grimmsnarl\n|-damage|p1a: Grimmsnarl|45\/100\n|\n|upkeep\n|turn|2\n|\n|t:|1652534828\n|move|p1a: Grimmsnarl|Light Screen|p1a: Grimmsnarl\n|-sidestart|p1: Algometeo|move: Light Screen\n|move|p2a: Heatran|Eruption|p1a: Grimmsnarl\n|-damage|p1a: Grimmsnarl|14\/100\n|\n|upkeep\n|turn|3\n|\n|t:|1652534835\n|move|p1a: Grimmsnarl|Thunder Wave|p2a: Heatran\n|-status|p2a: Heatran|par\n|move|p2a: Heatran|Eruption|p1a: Grimmsnarl\n|-damage|p1a: Grimmsnarl|0 fnt\n|faint|p1a: Grimmsnarl\n|\n|-end|p2a: Heatran|move: Taunt\n|upkeep\n|\n|t:|1652534841\n|switch|p1a: Mew|Mew|100\/100\n|turn|4\n|\n|t:|1652534847\n|switch|p2a: Zeraora|Zeraora|100\/100\n|move|p1a: Mew|Amnesia|p1a: Mew\n|-boost|p1a: Mew|spd|2\n|\n|upkeep\n|turn|5\n|\n|t:|1652534853\n|move|p2a: Zeraora|Knock Off|p1a: Mew\n|-supereffective|p1a: Mew\n|-damage|p1a: Mew|47\/100\n|-enditem|p1a: Mew|Weakness Policy\n|-boost|p1a: Mew|atk|2|[from] item: Weakness Policy\n|-boost|p1a: Mew|spa|2|[from] item: Weakness Policy\n|move|p1a: Mew|Iron Defense|p1a: Mew\n|-boost|p1a: Mew|def|2\n|\n|upkeep\n|turn|6\n|\n|t:|1652534860\n|move|p2a: Zeraora|Knock Off|p1a: Mew\n|-supereffective|p1a: Mew\n|-damage|p1a: Mew|29\/100\n|move|p1a: Mew|Stored Power|p2a: Zeraora\n|-damage|p2a: Zeraora|0 fnt\n|faint|p2a: Zeraora\n|\n|upkeep\n|\n|t:|1652534867\n|switch|p2a: Ferrothorn|Ferrothorn, M|100\/100\n|turn|7\n|\n|t:|1652534877\n|move|p1a: Mew|Body Press|p2a: Ferrothorn\n|-supereffective|p2a: Ferrothorn\n|-damage|p2a: Ferrothorn|21\/100\n|-damage|p1a: Mew|16\/100|[from] ability: Iron Barbs|[of] p2a: Ferrothorn\n|move|p2a: Ferrothorn|Gyro Ball|p1a: Mew\n|-damage|p1a: Mew|0 fnt\n|faint|p1a: Mew\n|\n|upkeep\n|\n|t:|1652534884\n|switch|p1a: Volcarona|Volcarona, F|100\/100\n|turn|8\n|\n|t:|1652534888\n|switch|p2a: Heatran|Heatran, M|100\/100 par\n|move|p1a: Volcarona|Quiver Dance|p1a: Volcarona\n|-boost|p1a: Volcarona|spa|1\n|-boost|p1a: Volcarona|spd|1\n|-boost|p1a: Volcarona|spe|1\n|\n|upkeep\n|turn|9\n|\n|t:|1652534891\n|move|p1a: Volcarona|Quiver Dance|p1a: Volcarona\n|-boost|p1a: Volcarona|spa|1\n|-boost|p1a: Volcarona|spd|1\n|-boost|p1a: Volcarona|spe|1\n|move|p2a: Heatran|Eruption|p1a: Volcarona\n|-damage|p1a: Volcarona|84\/100\n|\n|-heal|p1a: Volcarona|90\/100|[from] item: Leftovers\n|-sideend|p1: Algometeo|move: Light Screen\n|upkeep\n|turn|10\n|\n|t:|1652534898\n|move|p1a: Volcarona|Psychic|p2a: Heatran\n|-resisted|p2a: Heatran\n|-damage|p2a: Heatran|66\/100 par\n|cant|p2a: Heatran|par\n|\n|-heal|p1a: Volcarona|96\/100|[from] item: Leftovers\n|upkeep\n|turn|11\n|\n|t:|1652534905\n|move|p1a: Volcarona|Quiver Dance|p1a: Volcarona\n|-boost|p1a: Volcarona|spa|1\n|-boost|p1a: Volcarona|spd|1\n|-boost|p1a: Volcarona|spe|1\n|move|p2a: Heatran|Eruption|p1a: Volcarona\n|-damage|p1a: Volcarona|80\/100\n|\n|-heal|p1a: Volcarona|86\/100|[from] item: Leftovers\n|upkeep\n|turn|12\n|\n|t:|1652534916\n|move|p1a: Volcarona|Psychic|p2a: Heatran\n|-resisted|p2a: Heatran\n|-damage|p2a: Heatran|20\/100 par\n|cant|p2a: Heatran|par\n|\n|-heal|p1a: Volcarona|92\/100|[from] item: Leftovers\n|upkeep\n|turn|13\n|-message|Scoots Mgee forfeited.\n|\n|win|Algometeo\n|raw|Algometeo's rating: 1357 &rarr; <strong>1377<\/strong><br \/>(+20 for winning)\n|raw|Scoots Mgee's rating: 1351 &rarr; <strong>1331<\/strong><br \/>(-20 for losing)\n|l|\u2606Scoots Mgee\n||Ladder isn't responding, score probably updated but might not have (Request timeout).\n","uploadtime":1652534923,"views":7,"p1id":"algometeo","p2id":"scootsmgee","formatid":"gen8ou","rating":1331,"private":0,"password":null}