{"id":"gen8ou-1214092532","p1":"glaed13","p2":"Shigure05","format":"gen8ou","log":"|j|\u2606glaed13\n|j|\u2606Shigure05\n|t:|1604212942\n|player|p1|glaed13|cheren-gen5bw2|1427\n|player|p2|Shigure05|gambler|1400\n|teamsize|p1|6\n|teamsize|p2|6\n|gametype|singles\n|gen|8\n|tier|[Gen 8] OU\n|rated|\n|clearpoke\n|poke|p1|Klefki, F|\n|poke|p1|Blaziken, M|\n|poke|p1|Zeraora|\n|poke|p1|Dragapult, F|\n|poke|p1|Inteleon, M|\n|poke|p1|Volcarona, F|\n|poke|p2|Kartana|\n|poke|p2|Landorus-Therian, M|\n|poke|p2|Excadrill, M|\n|poke|p2|Pheromosa|\n|poke|p2|Aegislash, M|\n|poke|p2|Regieleki|\n|rule|Sleep Clause Mod: Limit one foe put to sleep\n|rule|Species Clause: Limit one of each Pok\u00e9mon\n|rule|OHKO Clause: OHKO moves are banned\n|rule|Evasion Moves Clause: Evasion moves are banned\n|rule|Endless Battle Clause: Forcing endless battles is banned\n|rule|HP Percentage Mod: HP is shown in percentages\n|rule|Dynamax Clause: You cannot dynamax\n|teampreview\n|inactive|Battle timer is ON: inactive players will automatically lose when time's up. (requested by glaed13)\n|\n|t:|1604212957\n|start\n|switch|p1a: Inteleon|Inteleon, M|100\/100\n|switch|p2a: Excadrill|Excadrill, M|100\/100\n|-ability|p2a: Excadrill|Mold Breaker\n|turn|1\n|\n|t:|1604212967\n|move|p1a: Inteleon|Snipe Shot|p2a: Excadrill\n|-supereffective|p2a: Excadrill\n|-crit|p2a: Excadrill\n|-enditem|p2a: Excadrill|Focus Sash\n|-damage|p2a: Excadrill|1\/100\n|move|p2a: Excadrill|Earthquake|p1a: Inteleon\n|-damage|p1a: Inteleon|5\/100\n|\n|upkeep\n|turn|2\n|\n|t:|1604212982\n|move|p1a: Inteleon|Snipe Shot|p2a: Excadrill\n|-supereffective|p2a: Excadrill\n|-damage|p2a: Excadrill|0 fnt\n|faint|p2a: Excadrill\n|\n|upkeep\n|\n|t:|1604212984\n|switch|p2a: Pheromosa|Pheromosa|100\/100\n|turn|3\n|\n|t:|1604212995\n|switch|p1a: Klefki|Klefki, F|100\/100\n|move|p2a: Pheromosa|U-turn|p1a: Klefki\n|-resisted|p1a: Klefki\n|-damage|p1a: Klefki|91\/100\n|\n|t:|1604213006\n|switch|p2a: Regieleki|Regieleki, shiny|100\/100|[from]move: U-turn\n|\n|upkeep\n|turn|4\n|\n|t:|1604213012\n|switch|p1a: Zeraora|Zeraora|100\/100\n|move|p2a: Regieleki|Thunder Cage|p1a: Zeraora\n|-immune|p1a: Zeraora|[from] ability: Volt Absorb\n|\n|upkeep\n|turn|5\n|\n|t:|1604213021\n|switch|p2a: Landorus|Landorus-Therian, M|100\/100\n|-ability|p2a: Landorus|Intimidate|boost\n|-unboost|p1a: Zeraora|atk|1\n|move|p1a: Zeraora|Knock Off|p2a: Landorus\n|-damage|p2a: Landorus|76\/100\n|-enditem|p2a: Landorus|Choice Scarf|[from] move: Knock Off|[of] p1a: Zeraora\n|\n|upkeep\n|turn|6\n|\n|t:|1604213039\n|switch|p1a: Inteleon|Inteleon, M|5\/100\n|move|p2a: Landorus|Earthquake|p1a: Inteleon\n|-damage|p1a: Inteleon|0 fnt\n|faint|p1a: Inteleon\n|\n|upkeep\n|\n|t:|1604213051\n|switch|p1a: Volcarona|Volcarona, F|100\/100\n|turn|7\n|\n|t:|1604213056\n|move|p1a: Volcarona|Quiver Dance|p1a: Volcarona\n|-boost|p1a: Volcarona|spa|1\n|-boost|p1a: Volcarona|spd|1\n|-boost|p1a: Volcarona|spe|1\n|move|p2a: Landorus|Rock Slide|p1a: Volcarona\n|-supereffective|p1a: Volcarona\n|-damage|p1a: Volcarona|0 fnt\n|faint|p1a: Volcarona\n|\n|upkeep\n|\n|t:|1604213081\n|switch|p1a: Dragapult|Dragapult, F|100\/100\n|turn|8\n|\n|t:|1604213091\n|switch|p2a: Kartana|Kartana, shiny|100\/100\n|move|p1a: Dragapult|Dragon Dance|p1a: Dragapult\n|-boost|p1a: Dragapult|atk|1\n|-boost|p1a: Dragapult|spe|1\n|\n|upkeep\n|turn|9\n|\n|t:|1604213111\n|move|p1a: Dragapult|Phantom Force||[still]\n|-prepare|p1a: Dragapult|Phantom Force\n|move|p2a: Kartana|Knock Off|p1a: Dragapult|[miss]\n|-miss|p2a: Kartana|p1a: Dragapult\n|\n|upkeep\n|turn|10\n|\n|t:|1604213116\n|move|p1a: Dragapult|Phantom Force|p2a: Kartana|[from]lockedmove\n|-damage|p2a: Kartana|26\/100\n|move|p2a: Kartana|Knock Off|p1a: Dragapult\n|-supereffective|p1a: Dragapult\n|-enditem|p1a: Dragapult|Focus Sash\n|-damage|p1a: Dragapult|1\/100\n|\n|upkeep\n|turn|11\n|\n|t:|1604213129\n|move|p1a: Dragapult|Phantom Force||[still]\n|-prepare|p1a: Dragapult|Phantom Force\n|move|p2a: Kartana|Knock Off|p1a: Dragapult|[miss]\n|-miss|p2a: Kartana|p1a: Dragapult\n|\n|upkeep\n|turn|12\n|\n|t:|1604213134\n|move|p1a: Dragapult|Phantom Force|p2a: Kartana|[from]lockedmove\n|-damage|p2a: Kartana|0 fnt\n|faint|p2a: Kartana\n|\n|upkeep\n|\n|t:|1604213144\n|switch|p2a: Pheromosa|Pheromosa|100\/100\n|turn|13\n|\n|t:|1604213151\n|move|p2a: Pheromosa|U-turn|p1a: Dragapult\n|-resisted|p1a: Dragapult\n|-damage|p1a: Dragapult|0 fnt\n|faint|p1a: Dragapult\n|-ability|p2a: Pheromosa|Beast Boost|boost\n|-boost|p2a: Pheromosa|spe|1\n|\n|t:|1604213156\n|switch|p2a: Landorus|Landorus-Therian, M|76\/100|[from]move: U-turn\n|\n|upkeep\n|\n|t:|1604213163\n|switch|p1a: Klefki|Klefki, F|91\/100\n|turn|14\n|\n|t:|1604213167\n|move|p1a: Klefki|Reflect|p1a: Klefki\n|-sidestart|p1: glaed13|Reflect\n|move|p2a: Landorus|Earthquake|p1a: Klefki\n|-supereffective|p1a: Klefki\n|-damage|p1a: Klefki|29\/100\n|\n|upkeep\n|turn|15\n|\n|t:|1604213173\n|move|p1a: Klefki|Light Screen|p1a: Klefki\n|-sidestart|p1: glaed13|move: Light Screen\n|move|p2a: Landorus|Earthquake|p1a: Klefki\n|-supereffective|p1a: Klefki\n|-damage|p1a: Klefki|0 fnt\n|faint|p1a: Klefki\n|\n|upkeep\n|\n|t:|1604213178\n|switch|p1a: Blaziken|Blaziken, M|100\/100\n|turn|16\n|\n|t:|1604213183\n|move|p2a: Landorus|Earthquake|p1a: Blaziken\n|-supereffective|p1a: Blaziken\n|-damage|p1a: Blaziken|26\/100\n|move|p1a: Blaziken|Blaze Kick|p2a: Landorus\n|-damage|p2a: Landorus|20\/100\n|\n|-ability|p1a: Blaziken|Speed Boost|boost\n|-boost|p1a: Blaziken|spe|1\n|upkeep\n|turn|17\n|\n|t:|1604213193\n|move|p1a: Blaziken|Blaze Kick|p2a: Landorus\n|-crit|p2a: Landorus\n|-damage|p2a: Landorus|0 fnt\n|faint|p2a: Landorus\n|\n|-ability|p1a: Blaziken|Speed Boost|boost\n|-boost|p1a: Blaziken|spe|1\n|upkeep\n|\n|t:|1604213197\n|switch|p2a: Pheromosa|Pheromosa|100\/100\n|turn|18\n|\n|t:|1604213205\n|move|p2a: Pheromosa|Drill Run|p1a: Blaziken\n|-supereffective|p1a: Blaziken\n|-damage|p1a: Blaziken|0 fnt\n|faint|p1a: Blaziken\n|-ability|p2a: Pheromosa|Beast Boost|boost\n|-boost|p2a: Pheromosa|spe|1\n|\n|upkeep\n|\n|t:|1604213208\n|switch|p1a: Zeraora|Zeraora|100\/100\n|turn|19\n|\n|t:|1604213216\n|move|p1a: Zeraora|Fake Out|p2a: Pheromosa\n|-damage|p2a: Pheromosa|62\/100\n|cant|p2a: Pheromosa|flinch\n|\n|upkeep\n|turn|20\n|\n|t:|1604213222\n|move|p2a: Pheromosa|Drill Run|p1a: Zeraora\n|-supereffective|p1a: Zeraora\n|-damage|p1a: Zeraora|61\/100\n|move|p1a: Zeraora|Plasma Fists|p2a: Pheromosa\n|-damage|p2a: Pheromosa|0 fnt\n|-fieldactivate|move: Ion Deluge\n|faint|p2a: Pheromosa\n|\n|upkeep\n|\n|t:|1604213229\n|switch|p2a: Aegislash|Aegislash, M, shiny|100\/100\n|-item|p2a: Aegislash|Air Balloon\n|turn|21\n|\n|t:|1604213236\n|move|p2a: Aegislash|King's Shield|p2a: Aegislash\n|-singleturn|p2a: Aegislash|Protect\n|move|p1a: Zeraora|Knock Off|p2a: Aegislash\n|-activate|p2a: Aegislash|move: Protect\n|-unboost|p1a: Zeraora|atk|1\n|\n|-sideend|p1: glaed13|Reflect\n|upkeep\n|turn|22\n|\n|t:|1604213244\n|move|p1a: Zeraora|Knock Off|p2a: Aegislash\n|-supereffective|p2a: Aegislash\n|-damage|p2a: Aegislash|60\/100\n|-enditem|p2a: Aegislash|Air Balloon\n|-formechange|p2a: Aegislash|Aegislash-Blade||[from] ability: Stance Change\n|move|p2a: Aegislash|Close Combat|p1a: Zeraora\n|-damage|p1a: Zeraora|0 fnt\n|-unboost|p2a: Aegislash|def|1\n|-unboost|p2a: Aegislash|spd|1\n|faint|p1a: Zeraora\n|\n|win|Shigure05\n|raw|glaed13's rating: 1427 &rarr; <strong>1405<\/strong><br \/>(-22 for losing)\n|raw|Shigure05's rating: 1400 &rarr; <strong>1421<\/strong><br \/>(+21 for winning)\n","uploadtime":1604213257,"views":4,"p1id":"glaed13","p2id":"shigure05","formatid":"gen8ou","rating":1405,"private":0,"password":null}