{"id":"gen8ou-1637558378","p1":"jeandonis02","p2":"lt92pfattr","format":"gen8ou","log":"|j|\u2606jeandonis02\n|j|\u2606lt92pfattr\n|t:|1660249729\n|gametype|singles\n|player|p1|jeandonis02|lucas|1712\n|player|p2|lt92pfattr|265|1759\n|teamsize|p1|6\n|teamsize|p2|6\n|gen|8\n|tier|[Gen 8] OU\n|rated|\n|rule|Sleep Clause Mod: Limit one foe put to sleep\n|rule|Species Clause: Limit one of each Pok\u00e9mon\n|rule|OHKO Clause: OHKO moves are banned\n|rule|Evasion Items Clause: Evasion items are banned\n|rule|Evasion Moves Clause: Evasion moves are banned\n|rule|Endless Battle Clause: Forcing endless battles is banned\n|rule|HP Percentage Mod: HP is shown in percentages\n|rule|Dynamax Clause: You cannot dynamax\n|clearpoke\n|poke|p1|Zeraora|\n|poke|p1|Toxapex, F|\n|poke|p1|Garchomp, M|\n|poke|p1|Rotom-Wash|\n|poke|p1|Ferrothorn, F|\n|poke|p1|Charizard, M|\n|poke|p2|Arctozolt|\n|poke|p2|Ninetales-Alola, F|\n|poke|p2|Corviknight, M|\n|poke|p2|Volcanion|\n|poke|p2|Landorus-Therian, M|\n|poke|p2|Tornadus-Therian, M|\n|teampreview\n|inactive|Battle timer is ON: inactive players will automatically lose when time's up. (requested by lt92pfattr)\n|\n|t:|1660249743\n|start\n|switch|p1a: Ferrothorn|Ferrothorn, F|100\/100\n|switch|p2a: Ninetales|Ninetales-Alola, F|100\/100\n|-weather|Hail|[from] ability: Snow Warning|[of] p2a: Ninetales\n|turn|1\n|l|\u2606jeandonis02\n|inactive|jeandonis02 disconnected and has a minute to reconnect!\n|player|p1|\n|j|\u2606jeandonis02\n|inactive|jeandonis02 reconnected and has 125 seconds left.\n|player|p1|jeandonis02|lucas\n|\n|t:|1660249771\n|switch|p2a: Tornadus|Tornadus-Therian, M|100\/100\n|move|p1a: Ferrothorn|Gyro Ball|p2a: Tornadus\n|-damage|p2a: Tornadus|44\/100\n|\n|-weather|Hail|[upkeep]\n|-damage|p2a: Tornadus|38\/100|[from] Hail\n|-damage|p1a: Ferrothorn|94\/100|[from] Hail\n|upkeep\n|turn|2\n|\n|t:|1660249774\n|switch|p1a: Toxapex|Toxapex, F|100\/100\n|move|p2a: Tornadus|Heat Wave|p1a: Toxapex\n|-resisted|p1a: Toxapex\n|-damage|p1a: Toxapex|92\/100\n|\n|-weather|Hail|[upkeep]\n|-damage|p2a: Tornadus|32\/100|[from] Hail\n|-damage|p1a: Toxapex|86\/100|[from] Hail\n|-heal|p1a: Toxapex|92\/100|[from] item: Black Sludge\n|upkeep\n|turn|3\n|\n|t:|1660249782\n|switch|p2a: Ninetales|Ninetales-Alola, F|100\/100\n|move|p1a: Toxapex|Toxic|p2a: Ninetales\n|-status|p2a: Ninetales|tox\n|\n|-weather|Hail|[upkeep]\n|-damage|p1a: Toxapex|86\/100|[from] Hail\n|-heal|p1a: Toxapex|92\/100|[from] item: Black Sludge\n|-damage|p2a: Ninetales|94\/100 tox|[from] psn\n|upkeep\n|turn|4\n|\n|t:|1660249785\n|switch|p2a: Arctozolt|Arctozolt|100\/100\n|switch|p1a: Ferrothorn|Ferrothorn, F|94\/100\n|\n|-weather|Hail|[upkeep]\n|-damage|p1a: Ferrothorn|88\/100|[from] Hail\n|upkeep\n|turn|5\n|\n|t:|1660249790\n|switch|p2a: Corviknight|Corviknight, M|100\/100\n|-ability|p2a: Corviknight|Pressure\n|move|p1a: Ferrothorn|Stealth Rock|p2a: Corviknight\n|-sidestart|p2: lt92pfattr|move: Stealth Rock\n|\n|-weather|Hail|[upkeep]\n|-damage|p2a: Corviknight|94\/100|[from] Hail\n|-damage|p1a: Ferrothorn|82\/100|[from] Hail\n|upkeep\n|turn|6\n|\n|t:|1660249793\n|move|p2a: Corviknight|Defog|p1a: Ferrothorn\n|-unboost|p1a: Ferrothorn|evasion|1\n|-sideend|p2: lt92pfattr|Stealth Rock|[from] move: Defog|[of] p2a: Corviknight\n|move|p1a: Ferrothorn|Thunder Wave|p2a: Corviknight\n|-status|p2a: Corviknight|par\n|\n|-weather|Hail|[upkeep]\n|-damage|p2a: Corviknight|88\/100 par|[from] Hail\n|-damage|p1a: Ferrothorn|75\/100|[from] Hail\n|upkeep\n|turn|7\n|\n|t:|1660249796\n|move|p2a: Corviknight|Body Press|p1a: Ferrothorn\n|-supereffective|p1a: Ferrothorn\n|-damage|p1a: Ferrothorn|47\/100\n|-damage|p2a: Corviknight|75\/100 par|[from] ability: Iron Barbs|[of] p1a: Ferrothorn\n|-damage|p2a: Corviknight|59\/100 par|[from] item: Rocky Helmet|[of] p1a: Ferrothorn\n|move|p1a: Ferrothorn|Stealth Rock|p2a: Corviknight\n|-sidestart|p2: lt92pfattr|move: Stealth Rock\n|\n|-weather|Hail|[upkeep]\n|-damage|p2a: Corviknight|53\/100 par|[from] Hail\n|-damage|p1a: Ferrothorn|40\/100|[from] Hail\n|upkeep\n|turn|8\n|\n|t:|1660249800\n|move|p2a: Corviknight|Defog|p1a: Ferrothorn\n|-unboost|p1a: Ferrothorn|evasion|1\n|-sideend|p2: lt92pfattr|Stealth Rock|[from] move: Defog|[of] p2a: Corviknight\n|move|p1a: Ferrothorn|Leech Seed|p2a: Corviknight\n|-start|p2a: Corviknight|move: Leech Seed\n|\n|-weather|none\n|-damage|p2a: Corviknight|40\/100 par|[from] Leech Seed|[of] p1a: Ferrothorn\n|-heal|p1a: Ferrothorn|54\/100|[silent]\n|upkeep\n|turn|9\n|\n|t:|1660249803\n|switch|p2a: Volcanion|Volcanion|100\/100\n|move|p1a: Ferrothorn|Stealth Rock|p2a: Volcanion\n|-sidestart|p2: lt92pfattr|move: Stealth Rock\n|\n|upkeep\n|turn|10\n|\n|t:|1660249806\n|switch|p1a: Rotom|Rotom-Wash|100\/100\n|move|p2a: Volcanion|Flamethrower|p1a: Rotom\n|-resisted|p1a: Rotom\n|-damage|p1a: Rotom|68\/100\n|\n|-heal|p1a: Rotom|75\/100|[from] item: Leftovers\n|upkeep\n|turn|11\n|\n|t:|1660249810\n|switch|p2a: Landorus|Landorus-Therian, M|100\/100\n|-damage|p2a: Landorus|88\/100|[from] Stealth Rock\n|-ability|p2a: Landorus|Intimidate|boost\n|-unboost|p1a: Rotom|atk|1\n|move|p1a: Rotom|Volt Switch|p2a: Landorus\n|-immune|p2a: Landorus\n|\n|-heal|p2a: Landorus|94\/100|[from] item: Leftovers\n|-heal|p1a: Rotom|81\/100|[from] item: Leftovers\n|upkeep\n|turn|12\n|\n|t:|1660249813\n|move|p2a: Landorus|Toxic|p1a: Rotom\n|-status|p1a: Rotom|tox\n|move|p1a: Rotom|Will-O-Wisp|p2a: Landorus|[miss]\n|-miss|p1a: Rotom|p2a: Landorus\n|\n|-heal|p2a: Landorus|99\/100|[from] item: Leftovers\n|-heal|p1a: Rotom|87\/100 tox|[from] item: Leftovers\n|-damage|p1a: Rotom|81\/100 tox|[from] psn\n|upkeep\n|turn|13\n|\n|t:|1660249815\n|move|p2a: Landorus|Defog|p1a: Rotom\n|-unboost|p1a: Rotom|evasion|1\n|-sideend|p2: lt92pfattr|Stealth Rock|[from] move: Defog|[of] p2a: Landorus\n|move|p1a: Rotom|Hydro Pump|p2a: Landorus|[miss]\n|-miss|p1a: Rotom|p2a: Landorus\n|\n|-heal|p2a: Landorus|100\/100|[from] item: Leftovers\n|-heal|p1a: Rotom|87\/100 tox|[from] item: Leftovers\n|-damage|p1a: Rotom|75\/100 tox|[from] psn\n|upkeep\n|turn|14\n|\n|t:|1660249821\n|move|p2a: Landorus|U-turn|p1a: Rotom\n|-damage|p1a: Rotom|56\/100 tox\n|\n|t:|1660249823\n|switch|p2a: Tornadus|Tornadus-Therian, M|65\/100|[from]move: U-turn\n|move|p1a: Rotom|Volt Switch|p2a: Tornadus\n|-supereffective|p2a: Tornadus\n|-damage|p2a: Tornadus|31\/100\n|\n|t:|1660249828\n|switch|p1a: Zeraora|Zeraora|100\/100|[from]move: Volt Switch\n|\n|upkeep\n|turn|15\n|\n|t:|1660249831\n|switch|p2a: Corviknight|Corviknight, M|40\/100 par\n|-ability|p2a: Corviknight|Pressure\n|move|p1a: Zeraora|Knock Off|p2a: Corviknight\n|-damage|p2a: Corviknight|23\/100 par\n|-damage|p1a: Zeraora|84\/100|[from] item: Rocky Helmet|[of] p2a: Corviknight\n|-enditem|p2a: Corviknight|Rocky Helmet|[from] move: Knock Off|[of] p1a: Zeraora\n|\n|upkeep\n|turn|16\n|\n|t:|1660249833\n|switch|p2a: Landorus|Landorus-Therian, M|100\/100\n|-ability|p2a: Landorus|Intimidate|boost\n|-unboost|p1a: Zeraora|atk|1\n|move|p1a: Zeraora|Knock Off|p2a: Landorus\n|-damage|p2a: Landorus|81\/100\n|-enditem|p2a: Landorus|Leftovers|[from] move: Knock Off|[of] p1a: Zeraora\n|\n|upkeep\n|turn|17\n|\n|t:|1660249838\n|switch|p1a: Ferrothorn|Ferrothorn, F|54\/100\n|move|p2a: Landorus|U-turn|p1a: Ferrothorn\n|-damage|p1a: Ferrothorn|43\/100\n|-damage|p2a: Landorus|69\/100|[from] ability: Iron Barbs|[of] p1a: Ferrothorn\n|-damage|p2a: Landorus|52\/100|[from] item: Rocky Helmet|[of] p1a: Ferrothorn\n|\n|t:|1660249840\n|switch|p2a: Volcanion|Volcanion|100\/100|[from]move: U-turn\n|\n|upkeep\n|turn|18\n|\n|t:|1660249842\n|switch|p1a: Toxapex|Toxapex, F|100\/100\n|move|p2a: Volcanion|Steam Eruption|p1a: Toxapex\n|-resisted|p1a: Toxapex\n|-damage|p1a: Toxapex|73\/100\n|-status|p1a: Toxapex|brn\n|\n|-heal|p1a: Toxapex|79\/100 brn|[from] item: Black Sludge\n|-damage|p1a: Toxapex|73\/100 brn|[from] brn\n|upkeep\n|turn|19\n|\n|t:|1660249846\n|switch|p2a: Ninetales|Ninetales-Alola, F|94\/100 tox\n|-weather|Hail|[from] ability: Snow Warning|[of] p2a: Ninetales\n|move|p1a: Toxapex|Scald|p2a: Ninetales\n|-damage|p2a: Ninetales|79\/100 tox\n|\n|-weather|Hail|[upkeep]\n|-damage|p1a: Toxapex|66\/100 brn|[from] Hail\n|-heal|p1a: Toxapex|73\/100 brn|[from] item: Black Sludge\n|-damage|p2a: Ninetales|73\/100 tox|[from] psn\n|-damage|p1a: Toxapex|66\/100 brn|[from] brn\n|upkeep\n|turn|20\n|\n|t:|1660249849\n|switch|p2a: Volcanion|Volcanion|100\/100\n|switch|p1a: Ferrothorn|Ferrothorn, F|43\/100\n|\n|-weather|Hail|[upkeep]\n|-damage|p2a: Volcanion|95\/100|[from] Hail\n|-damage|p1a: Ferrothorn|36\/100|[from] Hail\n|upkeep\n|turn|21\n|\n|t:|1660249854\n|switch|p2a: Arctozolt|Arctozolt|100\/100\n|switch|p1a: Toxapex|Toxapex, F|99\/100 brn\n|\n|-weather|Hail|[upkeep]\n|-damage|p1a: Toxapex|93\/100 brn|[from] Hail\n|-heal|p1a: Toxapex|99\/100 brn|[from] item: Black Sludge\n|-damage|p1a: Toxapex|93\/100 brn|[from] brn\n|upkeep\n|turn|22\n|\n|t:|1660249858\n|move|p2a: Arctozolt|Substitute|p2a: Arctozolt\n|-start|p2a: Arctozolt|Substitute\n|-damage|p2a: Arctozolt|76\/100\n|move|p1a: Toxapex|Scald|p2a: Arctozolt\n|-crit|p2a: Arctozolt\n|-end|p2a: Arctozolt|Substitute\n|\n|-weather|Hail|[upkeep]\n|-damage|p1a: Toxapex|87\/100 brn|[from] Hail\n|-heal|p2a: Arctozolt|82\/100|[from] item: Leftovers\n|-heal|p1a: Toxapex|93\/100 brn|[from] item: Black Sludge\n|-damage|p1a: Toxapex|87\/100 brn|[from] brn\n|upkeep\n|turn|23\n|\n|t:|1660249861\n|switch|p1a: Ferrothorn|Ferrothorn, F|36\/100\n|move|p2a: Arctozolt|Bolt Beak|p1a: Ferrothorn\n|-resisted|p1a: Ferrothorn\n|-damage|p1a: Ferrothorn|16\/100\n|-damage|p2a: Arctozolt|69\/100|[from] ability: Iron Barbs|[of] p1a: Ferrothorn\n|-damage|p2a: Arctozolt|53\/100|[from] item: Rocky Helmet|[of] p1a: Ferrothorn\n|\n|-weather|Hail|[upkeep]\n|-damage|p1a: Ferrothorn|10\/100|[from] Hail\n|-heal|p2a: Arctozolt|59\/100|[from] item: Leftovers\n|upkeep\n|turn|24\n|\n|t:|1660249865\n|move|p2a: Arctozolt|Blizzard|p1a: Ferrothorn\n|-damage|p1a: Ferrothorn|0 fnt\n|faint|p1a: Ferrothorn\n|\n|-weather|Hail|[upkeep]\n|-heal|p2a: Arctozolt|65\/100|[from] item: Leftovers\n|upkeep\n|\n|t:|1660249868\n|switch|p1a: Zeraora|Zeraora|84\/100\n|turn|25\n|\n|t:|1660249872\n|switch|p2a: Landorus|Landorus-Therian, M|52\/100\n|-ability|p2a: Landorus|Intimidate|boost\n|-unboost|p1a: Zeraora|atk|1\n|move|p1a: Zeraora|Knock Off|p2a: Landorus\n|-damage|p2a: Landorus|40\/100\n|\n|-weather|Hail|[upkeep]\n|-damage|p1a: Zeraora|78\/100|[from] Hail\n|-damage|p2a: Landorus|34\/100|[from] Hail\n|upkeep\n|turn|26\n|\n|t:|1660249875\n|switch|p1a: Rotom|Rotom-Wash|56\/100 tox\n|move|p2a: Landorus|U-turn|p1a: Rotom\n|-damage|p1a: Rotom|38\/100 tox\n|\n|t:|1660249881\n|switch|p2a: Volcanion|Volcanion|95\/100|[from]move: U-turn\n|\n|-weather|none\n|-heal|p1a: Rotom|44\/100 tox|[from] item: Leftovers\n|-damage|p1a: Rotom|38\/100 tox|[from] psn\n|upkeep\n|turn|27\n|\n|t:|1660249883\n|move|p2a: Volcanion|Sludge Wave|p1a: Rotom\n|-damage|p1a: Rotom|0 fnt\n|faint|p1a: Rotom\n|\n|upkeep\n|\n|t:|1660249886\n|switch|p1a: Garchomp|Garchomp, M|100\/100\n|turn|28\n|\n|t:|1660249888\n|switch|p2a: Ninetales|Ninetales-Alola, F|73\/100 tox\n|-weather|Hail|[from] ability: Snow Warning|[of] p2a: Ninetales\n|move|p1a: Garchomp|Iron Head|p2a: Ninetales\n|-supereffective|p2a: Ninetales\n|-damage|p2a: Ninetales|0 fnt\n|faint|p2a: Ninetales\n|\n|-weather|Hail|[upkeep]\n|-damage|p1a: Garchomp|94\/100|[from] Hail\n|upkeep\n|\n|t:|1660249890\n|switch|p2a: Arctozolt|Arctozolt|65\/100\n|turn|29\n|\n|t:|1660249896\n|switch|p1a: Toxapex|Toxapex, F|100\/100 brn\n|move|p2a: Arctozolt|Bolt Beak|p1a: Toxapex\n|-supereffective|p1a: Toxapex\n|-damage|p1a: Toxapex|0 fnt\n|faint|p1a: Toxapex\n|\n|-weather|Hail|[upkeep]\n|-heal|p2a: Arctozolt|72\/100|[from] item: Leftovers\n|upkeep\n|\n|t:|1660249901\n|switch|p1a: Zeraora|Zeraora|78\/100\n|turn|30\n|\n|t:|1660249904\n|switch|p2a: Landorus|Landorus-Therian, M|34\/100\n|-ability|p2a: Landorus|Intimidate|boost\n|-unboost|p1a: Zeraora|atk|1\n|move|p1a: Zeraora|Close Combat|p2a: Landorus\n|-resisted|p2a: Landorus\n|-damage|p2a: Landorus|22\/100\n|-unboost|p1a: Zeraora|def|1\n|-unboost|p1a: Zeraora|spd|1\n|\n|-weather|Hail|[upkeep]\n|-damage|p1a: Zeraora|72\/100|[from] Hail\n|-damage|p2a: Landorus|16\/100|[from] Hail\n|upkeep\n|turn|31\n|\n|t:|1660249910\n|move|p1a: Zeraora|Play Rough|p2a: Landorus\n|-damage|p2a: Landorus|0 fnt\n|faint|p2a: Landorus\n|\n|-weather|Hail|[upkeep]\n|-damage|p1a: Zeraora|66\/100|[from] Hail\n|upkeep\n|\n|t:|1660249912\n|switch|p2a: Arctozolt|Arctozolt|72\/100\n|turn|32\n|\n|t:|1660249918\n|switch|p1a: Charizard|Charizard, M|100\/100\n|move|p2a: Arctozolt|Blizzard|p1a: Charizard\n|-damage|p1a: Charizard|57\/100\n|\n|-weather|Hail|[upkeep]\n|-damage|p1a: Charizard|51\/100|[from] Hail\n|-heal|p2a: Arctozolt|78\/100|[from] item: Leftovers\n|upkeep\n|turn|33\n|\n|t:|1660249921\n|switch|p1a: Zeraora|Zeraora|66\/100\n|move|p2a: Arctozolt|Bolt Beak|p1a: Zeraora\n|-heal|p1a: Zeraora|91\/100|[from] ability: Volt Absorb|[of] p2a: Arctozolt\n|\n|-weather|Hail|[upkeep]\n|-damage|p1a: Zeraora|85\/100|[from] Hail\n|-heal|p2a: Arctozolt|84\/100|[from] item: Leftovers\n|upkeep\n|turn|34\n|\n|t:|1660249926\n|move|p2a: Arctozolt|Substitute|p2a: Arctozolt\n|-start|p2a: Arctozolt|Substitute\n|-damage|p2a: Arctozolt|59\/100\n|move|p1a: Zeraora|Close Combat|p2a: Arctozolt\n|-supereffective|p2a: Arctozolt\n|-end|p2a: Arctozolt|Substitute\n|-unboost|p1a: Zeraora|def|1\n|-unboost|p1a: Zeraora|spd|1\n|\n|-weather|Hail|[upkeep]\n|-damage|p1a: Zeraora|79\/100|[from] Hail\n|-heal|p2a: Arctozolt|65\/100|[from] item: Leftovers\n|upkeep\n|turn|35\n|\n|t:|1660249931\n|switch|p1a: Charizard|Charizard, M|51\/100\n|move|p2a: Arctozolt|Blizzard|p1a: Charizard\n|-damage|p1a: Charizard|10\/100\n|-enditem|p1a: Charizard|Sitrus Berry|[eat]\n|-heal|p1a: Charizard|35\/100|[from] item: Sitrus Berry\n|\n|-weather|none\n|-heal|p2a: Arctozolt|72\/100|[from] item: Leftovers\n|upkeep\n|turn|36\n|\n|t:|1660249934\n|switch|p2a: Corviknight|Corviknight, M|23\/100 par\n|-ability|p2a: Corviknight|Pressure\n|move|p1a: Charizard|Roost|p1a: Charizard\n|-heal|p1a: Charizard|85\/100\n|-singleturn|p1a: Charizard|move: Roost\n|\n|upkeep\n|turn|37\n|\n|t:|1660249936\n|move|p1a: Charizard|Belly Drum|p1a: Charizard\n|-damage|p1a: Charizard|35\/100\n|-setboost|p1a: Charizard|atk|6|[from] move: Belly Drum\n|move|p2a: Corviknight|U-turn|p1a: Charizard\n|-resisted|p1a: Charizard\n|-damage|p1a: Charizard|31\/100\n|\n|t:|1660249939\n|switch|p2a: Tornadus|Tornadus-Therian, M|64\/100|[from]move: U-turn\n|\n|upkeep\n|turn|38\n|\n|t:|1660249942\n|move|p2a: Tornadus|Hurricane|p1a: Charizard\n|-crit|p1a: Charizard\n|-damage|p1a: Charizard|0 fnt\n|faint|p1a: Charizard\n|\n|upkeep\n|\n|t:|1660249944\n|switch|p1a: Zeraora|Zeraora|79\/100\n|turn|39\n|\n|t:|1660249947\n|switch|p2a: Corviknight|Corviknight, M|23\/100 par\n|-ability|p2a: Corviknight|Pressure\n|move|p1a: Zeraora|Plasma Fists|p2a: Corviknight\n|-supereffective|p2a: Corviknight\n|-damage|p2a: Corviknight|0 fnt\n|-fieldactivate|move: Ion Deluge\n|-hint|Normal-type moves become Electric-type after using Plasma Fists.\n|faint|p2a: Corviknight\n|\n|upkeep\n|\n|t:|1660249948\n|switch|p2a: Volcanion|Volcanion|95\/100\n|turn|40\n|\n|t:|1660249956\n|move|p1a: Zeraora|Plasma Fists|p2a: Volcanion\n|-supereffective|p2a: Volcanion\n|-crit|p2a: Volcanion\n|-damage|p2a: Volcanion|0 fnt\n|-fieldactivate|move: Ion Deluge\n|-hint|Normal-type moves become Electric-type after using Plasma Fists.\n|faint|p2a: Volcanion\n|\n|upkeep\n|-message|lt92pfattr forfeited.\n|\n|win|jeandonis02\n|raw|jeandonis02's rating: 1712 &rarr; <strong>1735<\/strong><br \/>(+23 for winning)\n|raw|lt92pfattr's rating: 1759 &rarr; <strong>1736<\/strong><br \/>(-23 for losing)\n|l|\u2606lt92pfattr\n||Ladder isn't responding, score probably updated but might not have (Request timeout).\n","uploadtime":1660249971,"views":31,"p1id":"jeandonis02","p2id":"lt92pfattr","formatid":"gen8ou","rating":1735,"private":0,"password":null}