{"id":"gen8monotype-1557843625","p1":"Eclipse77","p2":"DreamPrince","format":"gen8monotype","log":"|j|\u2606Eclipse77\n|j|\u2606DreamPrince\n|t:|1650497821\n|gametype|singles\n|player|p1|Eclipse77|hilda|1631\n|player|p2|DreamPrince|falkner|1634\n|teamsize|p1|6\n|teamsize|p2|6\n|gen|8\n|tier|[Gen 8] Monotype\n|rated|\n|rule|Same Type Clause: Pok\u00e9mon in a team must share a type\n|rule|Sleep Clause Mod: Limit one foe put to sleep\n|rule|Species Clause: Limit one of each Pok\u00e9mon\n|rule|OHKO Clause: OHKO moves are banned\n|rule|Evasion Moves Clause: Evasion moves are banned\n|rule|Endless Battle Clause: Forcing endless battles is banned\n|rule|HP Percentage Mod: HP is shown in percentages\n|rule|Dynamax Clause: You cannot dynamax\n|clearpoke\n|poke|p1|Slowking, M|\n|poke|p1|Urshifu-*, M|\n|poke|p1|Tapu Fini|\n|poke|p1|Toxapex, M|\n|poke|p1|Gastrodon, M|\n|poke|p1|Rotom-Wash|\n|poke|p2|Froslass, F|\n|poke|p2|Runerigus, F|\n|poke|p2|Mimikyu, M|\n|poke|p2|Spectrier|\n|poke|p2|Dragapult, F|\n|poke|p2|Gengar, M|\n|teampreview\n|\n|t:|1650497883\n|start\n|switch|p1a: Take This Mantine|Rotom-Wash, shiny|100\/100\n|switch|p2a: Froslass|Froslass, F|100\/100\n|turn|1\n|inactive|Battle timer is ON: inactive players will automatically lose when time's up. (requested by Eclipse77)\n|\n|t:|1650497886\n|move|p1a: Take This Mantine|Thunderbolt|p2a: Froslass\n|-damage|p2a: Froslass|35\/100\n|-start|p1a: Take This Mantine|Disable|Thunderbolt|[from] ability: Cursed Body|[of] p2a: Froslass\n|move|p2a: Froslass|Spikes|p1a: Take This Mantine\n|-sidestart|p1: Eclipse77|Spikes\n|\n|upkeep\n|turn|2\n|\n|t:|1650497898\n|switch|p1a: JJ|Toxapex, M, shiny|100\/100\n|-damage|p1a: JJ|88\/100|[from] Spikes\n|move|p2a: Froslass|Spikes|p1a: JJ\n|-sidestart|p1: Eclipse77|Spikes\n|\n|-heal|p1a: JJ|94\/100|[from] item: Black Sludge\n|upkeep\n|turn|3\n|\n|t:|1650497917\n|move|p2a: Froslass|Taunt|p1a: JJ\n|-start|p1a: JJ|move: Taunt\n|cant|p1a: JJ|move: Taunt|Toxic\n|\n|-heal|p1a: JJ|100\/100|[from] item: Black Sludge\n|upkeep\n|turn|4\n|\n|t:|1650497922\n|move|p2a: Froslass|Spikes|p1a: JJ\n|-sidestart|p1: Eclipse77|Spikes\n|move|p1a: JJ|Scald|p2a: Froslass\n|-damage|p2a: Froslass|8\/100\n|\n|upkeep\n|turn|5\n|\n|t:|1650497929\n|switch|p1a: Tapu Fini|Tapu Fini, shiny|100\/100\n|-damage|p1a: Tapu Fini|75\/100|[from] Spikes\n|-fieldstart|move: Misty Terrain|[from] ability: Misty Surge|[of] p1a: Tapu Fini\n|move|p2a: Froslass|Destiny Bond|p2a: Froslass\n|-singlemove|p2a: Froslass|Destiny Bond\n|\n|-heal|p1a: Tapu Fini|82\/100|[from] item: Leftovers\n|upkeep\n|turn|6\n|\n|t:|1650497935\n|switch|p1a: Take This Mantine|Rotom-Wash, shiny|100\/100\n|move|p2a: Froslass|Taunt|p1a: Take This Mantine\n|-start|p1a: Take This Mantine|move: Taunt\n|\n|upkeep\n|turn|7\n|\n|t:|1650497941\n|move|p1a: Take This Mantine|Volt Switch|p2a: Froslass\n|-damage|p2a: Froslass|0 fnt\n|faint|p2a: Froslass\n|\n|t:|1650497954\n|switch|p1a: Crit Machine|Urshifu-Rapid-Strike, M|100\/100|[from]move: Volt Switch\n|-damage|p1a: Crit Machine|76\/100|[from] Spikes\n|\n|upkeep\n|\n|t:|1650497976\n|switch|p2a: Gengar|Gengar, M|100\/100\n|turn|8\n|\n|t:|1650497980\n|switch|p1a: JJ|Toxapex, M, shiny|100\/100\n|-damage|p1a: JJ|75\/100|[from] Spikes\n|move|p2a: Gengar|Sludge Wave|p1a: JJ\n|-resisted|p1a: JJ\n|-damage|p1a: JJ|51\/100\n|-damage|p2a: Gengar|91\/100|[from] item: Life Orb\n|\n|-heal|p1a: JJ|57\/100|[from] item: Black Sludge\n|upkeep\n|turn|9\n|\n|t:|1650497984\n|move|p2a: Gengar|Shadow Ball|p1a: JJ\n|-damage|p1a: JJ|16\/100\n|-damage|p2a: Gengar|81\/100|[from] item: Life Orb\n|move|p1a: JJ|Recover|p1a: JJ\n|-heal|p1a: JJ|66\/100\n|\n|-heal|p1a: JJ|72\/100|[from] item: Black Sludge\n|-fieldend|Misty Terrain\n|upkeep\n|turn|10\n|\n|t:|1650497991\n|move|p2a: Gengar|Shadow Ball|p1a: JJ\n|-damage|p1a: JJ|28\/100\n|-damage|p2a: Gengar|71\/100|[from] item: Life Orb\n|move|p1a: JJ|Recover|p1a: JJ\n|-heal|p1a: JJ|78\/100\n|\n|-heal|p1a: JJ|84\/100|[from] item: Black Sludge\n|upkeep\n|turn|11\n|\n|t:|1650497996\n|move|p2a: Gengar|Shadow Ball|p1a: JJ\n|-damage|p1a: JJ|39\/100\n|-damage|p2a: Gengar|61\/100|[from] item: Life Orb\n|move|p1a: JJ|Recover|p1a: JJ\n|-heal|p1a: JJ|89\/100\n|\n|-heal|p1a: JJ|96\/100|[from] item: Black Sludge\n|upkeep\n|turn|12\n|\n|t:|1650498001\n|move|p2a: Gengar|Shadow Ball|p1a: JJ\n|-damage|p1a: JJ|48\/100\n|-damage|p2a: Gengar|51\/100|[from] item: Life Orb\n|move|p1a: JJ|Scald|p2a: Gengar\n|-crit|p2a: Gengar\n|-damage|p2a: Gengar|10\/100\n|-status|p2a: Gengar|brn\n|-start|p1a: JJ|Disable|Scald|[from] ability: Cursed Body|[of] p2a: Gengar\n|\n|-heal|p1a: JJ|54\/100|[from] item: Black Sludge\n|-damage|p2a: Gengar|4\/100 brn|[from] brn\n|upkeep\n|turn|13\n|\n|t:|1650498010\n|move|p2a: Gengar|Shadow Ball|p1a: JJ\n|-crit|p1a: JJ\n|-damage|p1a: JJ|0 fnt\n|faint|p1a: JJ\n|-damage|p2a: Gengar|0 fnt|[from] item: Life Orb\n|faint|p2a: Gengar\n|\n|upkeep\n|c|\u2606Eclipse77|crit 4 crit\n|\n|t:|1650498021\n|switch|p2a: Spectrier|Spectrier|100\/100\n|switch|p1a: Take This Mantine|Rotom-Wash, shiny|100\/100\n|turn|14\n|c|\u2606DreamPrince|yes\n|\n|t:|1650498030\n|switch|p2a: Runerigus|Runerigus, F|100\/100\n|move|p1a: Take This Mantine|Thunderbolt|p2a: Runerigus\n|-immune|p2a: Runerigus\n|\n|upkeep\n|turn|15\n|\n|t:|1650498034\n|switch|p1a: Tapu Fini|Tapu Fini, shiny|82\/100\n|-damage|p1a: Tapu Fini|57\/100|[from] Spikes\n|-fieldstart|move: Misty Terrain|[from] ability: Misty Surge|[of] p1a: Tapu Fini\n|move|p2a: Runerigus|Toxic Spikes|p1a: Tapu Fini\n|-sidestart|p1: Eclipse77|move: Toxic Spikes\n|\n|-heal|p1a: Tapu Fini|63\/100|[from] item: Leftovers\n|upkeep\n|turn|16\n|\n|t:|1650498038\n|switch|p2a: Mimikyu|Mimikyu, M|100\/100\n|move|p1a: Tapu Fini|Defog|p2a: Mimikyu\n|-unboost|p2a: Mimikyu|evasion|1\n|-sideend|p1: Eclipse77|Spikes|[from] move: Defog|[of] p1a: Tapu Fini\n|-sideend|p1: Eclipse77|Toxic Spikes|[from] move: Defog|[of] p1a: Tapu Fini\n|-fieldend|Misty Terrain\n|\n|-heal|p1a: Tapu Fini|69\/100|[from] item: Leftovers\n|upkeep\n|turn|17\n|\n|t:|1650498041\n|switch|p1a: Crit Machine|Urshifu-Rapid-Strike, M|76\/100\n|move|p2a: Mimikyu|Swords Dance|p2a: Mimikyu\n|-boost|p2a: Mimikyu|atk|2\n|\n|upkeep\n|turn|18\n|\n|t:|1650498053\n|move|p1a: Crit Machine|Surging Strikes|p2a: Mimikyu\n|-activate|p2a: Mimikyu|ability: Disguise\n|-damage|p2a: Mimikyu|100\/100\n|detailschange|p2a: Mimikyu|Mimikyu-Busted, M\n|-damage|p2a: Mimikyu|88\/100|[from] pokemon: Mimikyu-Busted\n|-crit|p2a: Mimikyu\n|-damage|p2a: Mimikyu|44\/100\n|-crit|p2a: Mimikyu\n|-damage|p2a: Mimikyu|0 fnt\n|faint|p2a: Mimikyu\n|-hitcount|p2: Mimikyu|3\n|\n|upkeep\n|\n|t:|1650498059\n|switch|p2a: Dragapult|Dragapult, F|100\/100\n|turn|19\n|\n|t:|1650498072\n|switch|p1a: Tapu Fini|Tapu Fini, shiny|69\/100\n|-fieldstart|move: Misty Terrain|[from] ability: Misty Surge|[of] p1a: Tapu Fini\n|move|p2a: Dragapult|Dragon Darts|p1a: Tapu Fini\n|-immune|p1a: Tapu Fini\n|\n|-heal|p1a: Tapu Fini|75\/100|[from] item: Leftovers\n|upkeep\n|turn|20\n|\n|t:|1650498081\n|switch|p2a: Spectrier|Spectrier|100\/100\n|move|p1a: Tapu Fini|Scald|p2a: Spectrier\n|-damage|p2a: Spectrier|71\/100\n|\n|-heal|p2a: Spectrier|77\/100|[from] item: Leftovers\n|-heal|p1a: Tapu Fini|81\/100|[from] item: Leftovers\n|upkeep\n|turn|21\n|j| mmoonchilddd\n|\n|t:|1650498085\n|move|p2a: Spectrier|Calm Mind|p2a: Spectrier\n|-boost|p2a: Spectrier|spa|1\n|-boost|p2a: Spectrier|spd|1\n|move|p1a: Tapu Fini|Scald|p2a: Spectrier\n|-damage|p2a: Spectrier|58\/100\n|\n|-heal|p2a: Spectrier|64\/100|[from] item: Leftovers\n|-heal|p1a: Tapu Fini|87\/100|[from] item: Leftovers\n|upkeep\n|turn|22\n|\n|t:|1650498091\n|move|p2a: Spectrier|Substitute|p2a: Spectrier\n|-start|p2a: Spectrier|Substitute\n|-damage|p2a: Spectrier|39\/100\n|move|p1a: Tapu Fini|Haze|p1a: Tapu Fini\n|-clearallboost\n|\n|-heal|p2a: Spectrier|46\/100|[from] item: Leftovers\n|-heal|p1a: Tapu Fini|93\/100|[from] item: Leftovers\n|upkeep\n|turn|23\n|\n|t:|1650498094\n|move|p2a: Spectrier|Calm Mind|p2a: Spectrier\n|-boost|p2a: Spectrier|spa|1\n|-boost|p2a: Spectrier|spd|1\n|move|p1a: Tapu Fini|Scald|p2a: Spectrier\n|-activate|p2a: Spectrier|move: Substitute|[damage]\n|\n|-heal|p2a: Spectrier|52\/100|[from] item: Leftovers\n|-heal|p1a: Tapu Fini|99\/100|[from] item: Leftovers\n|-fieldend|Misty Terrain\n|upkeep\n|turn|24\n|\n|t:|1650498097\n|move|p2a: Spectrier|Shadow Ball|p1a: Tapu Fini\n|-damage|p1a: Tapu Fini|53\/100\n|-unboost|p1a: Tapu Fini|spd|1\n|move|p1a: Tapu Fini|Haze|p1a: Tapu Fini\n|-clearallboost\n|\n|-heal|p2a: Spectrier|58\/100|[from] item: Leftovers\n|-heal|p1a: Tapu Fini|59\/100|[from] item: Leftovers\n|upkeep\n|turn|25\n|\n|t:|1650498099\n|move|p2a: Spectrier|Shadow Ball|p1a: Tapu Fini\n|-damage|p1a: Tapu Fini|27\/100\n|move|p1a: Tapu Fini|Scald|p2a: Spectrier\n|-end|p2a: Spectrier|Substitute\n|\n|-heal|p2a: Spectrier|64\/100|[from] item: Leftovers\n|-heal|p1a: Tapu Fini|33\/100|[from] item: Leftovers\n|upkeep\n|turn|26\n|\n|t:|1650498107\n|switch|p1a: Crit Machine|Urshifu-Rapid-Strike, M|76\/100\n|move|p2a: Spectrier|Calm Mind|p2a: Spectrier\n|-boost|p2a: Spectrier|spa|1\n|-boost|p2a: Spectrier|spd|1\n|\n|-heal|p2a: Spectrier|71\/100|[from] item: Leftovers\n|upkeep\n|turn|27\n|\n|t:|1650498110\n|move|p2a: Spectrier|Shadow Ball|p1a: Crit Machine\n|-damage|p1a: Crit Machine|0 fnt\n|faint|p1a: Crit Machine\n|-ability|p2a: Spectrier|Grim Neigh|boost\n|-boost|p2a: Spectrier|spa|1\n|\n|-heal|p2a: Spectrier|77\/100|[from] item: Leftovers\n|upkeep\n|-message|Eclipse77 forfeited.\n|\n|win|DreamPrince\n|raw|Eclipse77's rating: 1631 &rarr; <strong>1612<\/strong><br \/>(-19 for losing)\n|raw|DreamPrince's rating: 1646 &rarr; <strong>1665<\/strong><br \/>(+19 for winning)\n|l|\u2606Eclipse77\n","uploadtime":1650498132,"views":9,"p1id":"eclipse77","p2id":"dreamprince","formatid":"gen8monotype","rating":1612,"private":0,"password":null}