{"id":"gen8ou-1648467120","p1":"minimax_ai","p2":"EVERYOPPSHOT","format":"gen8ou","log":"|j|\u2606minimax_ai\n|j|\u2606EVERYOPPSHOT\n|t:|1661485520\n|gametype|singles\n|player|p1|minimax_ai|lusamine-nihilego|1481\n|player|p2|EVERYOPPSHOT|wallace-gen3|1520\n|teamsize|p1|6\n|teamsize|p2|6\n|gen|8\n|tier|[Gen 8] OU\n|rated|\n|rule|Sleep Clause Mod: Limit one foe put to sleep\n|rule|Species Clause: Limit one of each Pok\u00e9mon\n|rule|OHKO Clause: OHKO moves are banned\n|rule|Evasion Items Clause: Evasion items are banned\n|rule|Evasion Moves Clause: Evasion moves are banned\n|rule|Endless Battle Clause: Forcing endless battles is banned\n|rule|HP Percentage Mod: HP is shown in percentages\n|rule|Dynamax Clause: You cannot dynamax\n|clearpoke\n|poke|p1|Rotom-Wash|\n|poke|p1|Weavile, F|\n|poke|p1|Landorus-Therian, M|\n|poke|p1|Heatran, M|\n|poke|p1|Tangrowth, M|\n|poke|p1|Melmetal|\n|poke|p2|Celesteela|\n|poke|p2|Tapu Lele|\n|poke|p2|Kommo-o, M|\n|poke|p2|Urshifu-*, F|\n|poke|p2|Excadrill, F|\n|poke|p2|Tornadus-Therian, M|\n|teampreview\n|c|\u2606minimax_ai|hf\n|inactive|Battle timer is ON: inactive players will automatically lose when time's up. (requested by minimax_ai)\n|inactive|EVERYOPPSHOT has 120 seconds left.\n|inactive|EVERYOPPSHOT has 90 seconds left.\n|\n|t:|1661485586\n|start\n|switch|p1a: landorustherian|Landorus-Therian, M|100\/100\n|switch|p2a: suiiiii|Excadrill, F|100\/100\n|-ability|p2a: suiiiii|Mold Breaker\n|-ability|p1a: landorustherian|Intimidate|boost\n|-unboost|p2a: suiiiii|atk|1\n|turn|1\n|\n|t:|1661485588\n|switch|p2a: big bird|Tornadus-Therian, M|100\/100\n|move|p1a: landorustherian|Defog|p2a: big bird\n|-unboost|p2a: big bird|evasion|1\n|\n|upkeep\n|turn|2\n|\n|t:|1661485590\n|move|p2a: big bird|Icy Wind|p1a: landorustherian\n|-supereffective|p1a: landorustherian\n|-damage|p1a: landorustherian|57\/100\n|-unboost|p1a: landorustherian|spe|1\n|move|p1a: landorustherian|U-turn|p2a: big bird\n|-resisted|p2a: big bird\n|-damage|p2a: big bird|89\/100\n|\n|t:|1661485591\n|switch|p1a: Heatran|Heatran, M|100\/100|[from]move: U-turn\n|-item|p1a: Heatran|Air Balloon\n|\n|upkeep\n|turn|3\n|\n|t:|1661485593\n|move|p2a: big bird|U-turn|p1a: Heatran\n|-resisted|p1a: Heatran\n|-damage|p1a: Heatran|97\/100\n|-enditem|p1a: Heatran|Air Balloon\n|\n|t:|1661485595\n|switch|p2a: suiiiii|Excadrill, F|100\/100|[from]move: U-turn\n|-ability|p2a: suiiiii|Mold Breaker\n|move|p1a: Heatran|Stealth Rock|p2a: suiiiii\n|-sidestart|p2: EVERYOPPSHOT|move: Stealth Rock\n|\n|upkeep\n|turn|4\n|\n|t:|1661485597\n|switch|p1a: Tangrowth|Tangrowth, M|100\/100\n|move|p2a: suiiiii|Earthquake|p1a: Tangrowth\n|-resisted|p1a: Tangrowth\n|-damage|p1a: Tangrowth|90\/100\n|\n|upkeep\n|turn|5\n|\n|t:|1661485599\n|move|p2a: suiiiii|Rapid Spin|p1a: Tangrowth\n|-damage|p1a: Tangrowth|82\/100\n|-boost|p2a: suiiiii|spe|1\n|-damage|p2a: suiiiii|84\/100|[from] item: Rocky Helmet|[of] p1a: Tangrowth\n|-sideend|p2: EVERYOPPSHOT|Stealth Rock|[from] move: Rapid Spin|[of] p2a: suiiiii\n|move|p1a: Tangrowth|Giga Drain|p2a: suiiiii\n|-damage|p2a: suiiiii|58\/100\n|-heal|p1a: Tangrowth|93\/100|[from] drain|[of] p2a: suiiiii\n|\n|-heal|p2a: suiiiii|64\/100|[from] item: Leftovers\n|upkeep\n|turn|6\n|\n|t:|1661485602\n|move|p2a: suiiiii|Stealth Rock|p1a: Tangrowth\n|-sidestart|p1: minimax_ai|move: Stealth Rock\n|move|p1a: Tangrowth|Knock Off|p2a: suiiiii\n|-damage|p2a: suiiiii|34\/100\n|-enditem|p2a: suiiiii|Leftovers|[from] move: Knock Off|[of] p1a: Tangrowth\n|\n|upkeep\n|turn|7\n|\n|t:|1661485604\n|switch|p2a: big bird|Tornadus-Therian, M|100\/100\n|move|p1a: Tangrowth|Sleep Powder|p2a: big bird|[miss]\n|-miss|p1a: Tangrowth|p2a: big bird\n|\n|upkeep\n|turn|8\n|\n|t:|1661485608\n|move|p2a: big bird|Hurricane|p1a: Tangrowth\n|-supereffective|p1a: Tangrowth\n|-damage|p1a: Tangrowth|0 fnt\n|faint|p1a: Tangrowth\n|\n|upkeep\n|\n|t:|1661485608\n|switch|p1a: Melmetal|Melmetal|100\/100\n|-damage|p1a: Melmetal|94\/100|[from] Stealth Rock\n|turn|9\n|\n|t:|1661485614\n|move|p2a: big bird|Knock Off|p1a: Melmetal\n|-damage|p1a: Melmetal|83\/100\n|-enditem|p1a: Melmetal|Assault Vest|[from] move: Knock Off|[of] p2a: big bird\n|move|p1a: Melmetal|Thunder Punch|p2a: big bird\n|-supereffective|p2a: big bird\n|-damage|p2a: big bird|37\/100\n|\n|upkeep\n|turn|10\n|\n|t:|1661485622\n|move|p2a: big bird|U-turn|p1a: Melmetal\n|-resisted|p1a: Melmetal\n|-damage|p1a: Melmetal|79\/100\n|\n|t:|1661485623\n|switch|p2a: suiiiii|Excadrill, F|34\/100|[from]move: U-turn\n|-ability|p2a: suiiiii|Mold Breaker\n|move|p1a: Melmetal|Thunder Punch|p2a: suiiiii\n|-immune|p2a: suiiiii\n|\n|upkeep\n|turn|11\n|\n|t:|1661485629\n|switch|p1a: landorustherian|Landorus-Therian, M|57\/100\n|-damage|p1a: landorustherian|45\/100|[from] Stealth Rock\n|-ability|p1a: landorustherian|Intimidate|boost\n|-unboost|p2a: suiiiii|atk|1\n|move|p2a: suiiiii|Iron Head|p1a: landorustherian\n|-damage|p1a: landorustherian|23\/100\n|\n|-heal|p1a: landorustherian|29\/100|[from] item: Leftovers\n|upkeep\n|turn|12\n|\n|t:|1661485631\n|move|p2a: suiiiii|Iron Head|p1a: landorustherian\n|-damage|p1a: landorustherian|5\/100\n|move|p1a: landorustherian|Defog|p2a: suiiiii\n|-unboost|p2a: suiiiii|evasion|1\n|-sideend|p1: minimax_ai|Stealth Rock|[from] move: Defog|[of] p1a: landorustherian\n|\n|-heal|p1a: landorustherian|11\/100|[from] item: Leftovers\n|upkeep\n|turn|13\n|\n|t:|1661485634\n|switch|p1a: Weavile|Weavile, F|100\/100\n|-ability|p1a: Weavile|Pressure\n|move|p2a: suiiiii|Stealth Rock|p1a: Weavile\n|-sidestart|p1: minimax_ai|move: Stealth Rock\n|\n|upkeep\n|turn|14\n|\n|t:|1661485636\n|switch|p2a: ishowspeed|Urshifu-Rapid-Strike, F|100\/100\n|move|p1a: Weavile|Knock Off|p2a: ishowspeed\n|-resisted|p2a: ishowspeed\n|-damage|p2a: ishowspeed|67\/100\n|-enditem|p2a: ishowspeed|Choice Scarf|[from] move: Knock Off|[of] p1a: Weavile\n|\n|upkeep\n|turn|15\n|\n|t:|1661485639\n|switch|p1a: landorustherian|Landorus-Therian, M|11\/100\n|-damage|p1a: landorustherian|0 fnt|[from] Stealth Rock\n|faint|p1a: landorustherian\n|move|p2a: ishowspeed|U-turn|p1: landorustherian|[notarget]\n|-fail|p2a: ishowspeed\n|\n|upkeep\n|\n|t:|1661485639\n|switch|p1a: Melmetal|Melmetal|79\/100\n|-damage|p1a: Melmetal|73\/100|[from] Stealth Rock\n|turn|16\n|\n|t:|1661485642\n|move|p2a: ishowspeed|U-turn|p1a: Melmetal\n|-resisted|p1a: Melmetal\n|-damage|p1a: Melmetal|66\/100\n|\n|t:|1661485643\n|switch|p2a: suiiiii|Excadrill, F|34\/100|[from]move: U-turn\n|-ability|p2a: suiiiii|Mold Breaker\n|move|p1a: Melmetal|Thunder Punch|p2a: suiiiii\n|-immune|p2a: suiiiii\n|\n|upkeep\n|turn|17\n|\n|t:|1661485646\n|move|p2a: suiiiii|Earthquake|p1a: Melmetal\n|-supereffective|p1a: Melmetal\n|-damage|p1a: Melmetal|13\/100\n|move|p1a: Melmetal|Double Iron Bash|p2a: suiiiii\n|-resisted|p2a: suiiiii\n|-damage|p2a: suiiiii|3\/100\n|-resisted|p2a: suiiiii\n|-damage|p2a: suiiiii|0 fnt\n|faint|p2a: suiiiii\n|-hitcount|p2: suiiiii|2\n|\n|upkeep\n|inactive|EVERYOPPSHOT has 120 seconds left.\n|\n|t:|1661485694\n|switch|p2a: big body benz|Celesteela|100\/100\n|turn|18\n|\n|t:|1661485695\n|switch|p1a: rotomwash|Rotom-Wash|100\/100\n|-damage|p1a: rotomwash|88\/100|[from] Stealth Rock\n|move|p2a: big body benz|Flamethrower|p1a: rotomwash\n|-resisted|p1a: rotomwash\n|-damage|p1a: rotomwash|73\/100\n|\n|-heal|p1a: rotomwash|79\/100|[from] item: Leftovers\n|upkeep\n|turn|19\n|\n|t:|1661485697\n|move|p1a: rotomwash|Nasty Plot|p1a: rotomwash\n|-boost|p1a: rotomwash|spa|2\n|move|p2a: big body benz|Meteor Beam||[still]\n|-prepare|p2a: big body benz|Meteor Beam\n|-boost|p2a: big body benz|spa|1\n|-enditem|p2a: big body benz|Power Herb\n|-anim|p2a: big body benz|Meteor Beam|p1a: rotomwash\n|-damage|p1a: rotomwash|18\/100\n|\n|-heal|p1a: rotomwash|25\/100|[from] item: Leftovers\n|upkeep\n|turn|20\n|\n|t:|1661485707\n|switch|p2a: wizerd|Tapu Lele|100\/100\n|-fieldstart|move: Psychic Terrain|[from] ability: Psychic Surge|[of] p2a: wizerd\n|move|p1a: rotomwash|Thunderbolt|p2a: wizerd\n|-damage|p2a: wizerd|23\/100\n|\n|-heal|p1a: rotomwash|31\/100|[from] item: Leftovers\n|upkeep\n|turn|21\n|\n|t:|1661485709\n|move|p2a: wizerd|Moonblast|p1a: rotomwash\n|-damage|p1a: rotomwash|0 fnt\n|faint|p1a: rotomwash\n|\n|upkeep\n|\n|t:|1661485709\n|switch|p1a: Heatran|Heatran, M|97\/100\n|-damage|p1a: Heatran|84\/100|[from] Stealth Rock\n|turn|22\n|\n|t:|1661485711\n|move|p2a: wizerd|Moonblast|p1a: Heatran\n|-resisted|p1a: Heatran\n|-damage|p1a: Heatran|66\/100\n|move|p1a: Heatran|Eruption|p2a: wizerd\n|-damage|p2a: wizerd|0 fnt\n|faint|p2a: wizerd\n|\n|upkeep\n|\n|t:|1661485715\n|switch|p2a: ishowspeed|Urshifu-Rapid-Strike, F|67\/100\n|turn|23\n|\n|t:|1661485716\n|switch|p1a: Melmetal|Melmetal|13\/100\n|-damage|p1a: Melmetal|7\/100|[from] Stealth Rock\n|move|p2a: ishowspeed|Surging Strikes|p1a: Melmetal\n|-crit|p1a: Melmetal\n|-damage|p1a: Melmetal|0 fnt\n|faint|p1a: Melmetal\n|-hitcount|p1: Melmetal|1\n|\n|upkeep\n|\n|t:|1661485716\n|switch|p1a: Weavile|Weavile, F|100\/100\n|-damage|p1a: Weavile|76\/100|[from] Stealth Rock\n|-ability|p1a: Weavile|Pressure\n|turn|24\n|\n|t:|1661485719\n|move|p1a: Weavile|Low Kick|p2a: ishowspeed\n|-damage|p2a: ishowspeed|14\/100\n|move|p2a: ishowspeed|Close Combat|p1a: Weavile\n|-supereffective|p1a: Weavile\n|-damage|p1a: Weavile|0 fnt\n|-unboost|p2a: ishowspeed|def|1\n|-unboost|p2a: ishowspeed|spd|1\n|faint|p1a: Weavile\n|\n|-fieldend|move: Psychic Terrain\n|upkeep\n|\n|t:|1661485719\n|switch|p1a: Heatran|Heatran, M|66\/100\n|-damage|p1a: Heatran|53\/100|[from] Stealth Rock\n|turn|25\n|\n|t:|1661485721\n|move|p2a: ishowspeed|Close Combat|p1a: Heatran\n|-supereffective|p1a: Heatran\n|-damage|p1a: Heatran|0 fnt\n|-unboost|p2a: ishowspeed|def|1\n|-unboost|p2a: ishowspeed|spd|1\n|faint|p1a: Heatran\n|\n|win|EVERYOPPSHOT\n|raw|minimax_ai's rating: 1481 &rarr; <strong>1463<\/strong><br \/>(-18 for losing)\n|raw|EVERYOPPSHOT's rating: 1520 &rarr; <strong>1538<\/strong><br \/>(+18 for winning)\n|c|\u2606minimax_ai|gg\n","uploadtime":1661485723,"views":6,"p1id":"minimaxai","p2id":"everyoppshot","formatid":"gen8ou","rating":1463,"private":0,"password":null}