{"id":"gen8ou-1706668045","p1":"Xx_CheckM8_xX","p2":"Jamario Mariomario","format":"gen8ou","log":"|j|\u2606Xx_CheckM8_xX\n|j|\u2606Jamario Mariomario\n|t:|1668012814\n|gametype|singles\n|player|p1|Xx_CheckM8_xX|102|1661\n|player|p2|Jamario Mariomario|bugcatcher|1708\n|teamsize|p1|6\n|teamsize|p2|6\n|gen|8\n|tier|[Gen 8] OU\n|rated|\n|rule|Sleep Clause Mod: Limit one foe put to sleep\n|rule|Species Clause: Limit one of each Pok\u00e9mon\n|rule|OHKO Clause: OHKO moves are banned\n|rule|Evasion Items Clause: Evasion items are banned\n|rule|Evasion Moves Clause: Evasion moves are banned\n|rule|Endless Battle Clause: Forcing endless battles is banned\n|rule|HP Percentage Mod: HP is shown in percentages\n|rule|Dynamax Clause: You cannot dynamax\n|clearpoke\n|poke|p1|Dragonite, F|\n|poke|p1|Toxapex, F|\n|poke|p1|Victini|\n|poke|p1|Tapu Koko|\n|poke|p1|Ferrothorn, M|\n|poke|p1|Landorus-Therian, M|\n|poke|p2|Volcanion|\n|poke|p2|Corviknight, F|\n|poke|p2|Mamoswine, M|\n|poke|p2|Blissey, F|\n|poke|p2|Rillaboom, F|\n|poke|p2|Hydreigon, M|\n|teampreview\n|inactive|Battle timer is ON: inactive players will automatically lose when time's up. (requested by Jamario Mariomario)\n|\n|t:|1668012836\n|start\n|switch|p1a: Victini|Victini|100\/100\n|switch|p2a: Volcanion|Volcanion|100\/100\n|turn|1\n|\n|t:|1668012845\n|switch|p1a: Toxapex|Toxapex, F, shiny|100\/100\n|move|p2a: Volcanion|Steam Eruption|p1a: Toxapex\n|-resisted|p1a: Toxapex\n|-damage|p1a: Toxapex|63\/100\n|-status|p1a: Toxapex|brn\n|\n|-damage|p1a: Toxapex|57\/100 brn|[from] brn\n|upkeep\n|turn|2\n|\n|t:|1668012864\n|switch|p2a: Hydreigon|Hydreigon, M|100\/100\n|move|p1a: Toxapex|Recover|p1a: Toxapex\n|-heal|p1a: Toxapex|100\/100 brn\n|\n|-damage|p1a: Toxapex|95\/100 brn|[from] brn\n|upkeep\n|turn|3\n|\n|t:|1668012880\n|move|p2a: Hydreigon|Nasty Plot|p2a: Hydreigon\n|-boost|p2a: Hydreigon|spa|2\n|move|p1a: Toxapex|Knock Off|p2a: Hydreigon\n|-resisted|p2a: Hydreigon\n|-damage|p2a: Hydreigon|97\/100\n|-enditem|p2a: Hydreigon|Life Orb|[from] move: Knock Off|[of] p1a: Toxapex\n|\n|-damage|p1a: Toxapex|89\/100 brn|[from] brn\n|upkeep\n|turn|4\n|\n|t:|1668012889\n|switch|p1a: Landorus|Landorus-Therian, M|100\/100\n|-ability|p1a: Landorus|Intimidate|boost\n|-unboost|p2a: Hydreigon|atk|1\n|move|p2a: Hydreigon|Draco Meteor|p1a: Landorus\n|-damage|p1a: Landorus|0 fnt\n|-unboost|p2a: Hydreigon|spa|2\n|faint|p1a: Landorus\n|\n|upkeep\n|\n|t:|1668012895\n|switch|p1a: Tapu Koko|Tapu Koko, shiny|100\/100\n|-fieldstart|move: Electric Terrain|[from] ability: Electric Surge|[of] p1a: Tapu Koko\n|turn|5\n|\n|t:|1668012901\n|switch|p2a: Blissey|Blissey, F|100\/100\n|move|p1a: Tapu Koko|U-turn|p2a: Blissey\n|-damage|p2a: Blissey|85\/100\n|\n|t:|1668012919\n|switch|p1a: Ferrothorn|Ferrothorn, M|100\/100|[from]move: U-turn\n|\n|upkeep\n|turn|6\n|\n|t:|1668012923\n|move|p1a: Ferrothorn|Spikes|p2a: Blissey\n|-sidestart|p2: Jamario Mariomario|Spikes\n|move|p2a: Blissey|Teleport|p2a: Blissey\n|\n|t:|1668012926\n|switch|p2a: Volcanion|Volcanion|100\/100|[from]move: Teleport\n|-damage|p2a: Volcanion|88\/100|[from] Spikes\n|\n|upkeep\n|turn|7\n|\n|t:|1668012930\n|switch|p1a: Toxapex|Toxapex, F, shiny|100\/100 brn\n|move|p2a: Volcanion|Earth Power|p1a: Toxapex\n|-supereffective|p1a: Toxapex\n|-damage|p1a: Toxapex|19\/100 brn\n|\n|-damage|p1a: Toxapex|13\/100 brn|[from] brn\n|upkeep\n|turn|8\n|\n|t:|1668012935\n|switch|p1a: Dragonite|Dragonite, F|100\/100\n|move|p2a: Volcanion|Earth Power|p1a: Dragonite\n|-immune|p1a: Dragonite\n|\n|upkeep\n|turn|9\n|\n|t:|1668012939\n|switch|p2a: Corviknight|Corviknight, F|100\/100\n|-ability|p2a: Corviknight|Pressure\n|move|p1a: Dragonite|Dragon Dance|p1a: Dragonite\n|-boost|p1a: Dragonite|atk|1\n|-boost|p1a: Dragonite|spe|1\n|\n|-fieldend|move: Electric Terrain\n|upkeep\n|turn|10\n|\n|t:|1668012955\n|move|p1a: Dragonite|Dragon Dance|p1a: Dragonite\n|-boost|p1a: Dragonite|atk|1\n|-boost|p1a: Dragonite|spe|1\n|move|p2a: Corviknight|Defog|p1a: Dragonite\n|-unboost|p1a: Dragonite|evasion|1\n|-sideend|p2: Jamario Mariomario|Spikes|[from] move: Defog|[of] p2a: Corviknight\n|\n|upkeep\n|turn|11\n|\n|t:|1668012962\n|move|p1a: Dragonite|Ice Punch|p2a: Corviknight\n|-damage|p2a: Corviknight|68\/100\n|-damage|p1a: Dragonite|84\/100|[from] item: Rocky Helmet|[of] p2a: Corviknight\n|move|p2a: Corviknight|U-turn|p1a: Dragonite\n|-resisted|p1a: Dragonite\n|-damage|p1a: Dragonite|76\/100\n|\n|t:|1668012965\n|switch|p2a: Mamoswine|Mamoswine, M|100\/100|[from]move: U-turn\n|\n|upkeep\n|turn|12\n|\n|t:|1668012973\n|switch|p1a: Ferrothorn|Ferrothorn, M|100\/100\n|move|p2a: Mamoswine|Ice Shard|p1a: Ferrothorn\n|-damage|p1a: Ferrothorn|88\/100\n|\n|-heal|p1a: Ferrothorn|94\/100|[from] item: Leftovers\n|upkeep\n|turn|13\n|\n|t:|1668012983\n|switch|p2a: Volcanion|Volcanion|88\/100\n|move|p1a: Ferrothorn|Leech Seed|p2a: Volcanion\n|-start|p2a: Volcanion|move: Leech Seed\n|\n|-heal|p1a: Ferrothorn|99\/100|[from] item: Leftovers\n|-damage|p2a: Volcanion|76\/100|[from] Leech Seed|[of] p1a: Ferrothorn\n|-heal|p1a: Ferrothorn|100\/100|[silent]\n|upkeep\n|turn|14\n|\n|t:|1668012987\n|switch|p1a: Dragonite|Dragonite, F|76\/100\n|move|p2a: Volcanion|Fire Blast|p1a: Dragonite\n|-resisted|p1a: Dragonite\n|-damage|p1a: Dragonite|30\/100\n|-status|p1a: Dragonite|brn\n|\n|-damage|p2a: Volcanion|64\/100|[from] Leech Seed|[of] p1a: Dragonite\n|-heal|p1a: Dragonite|42\/100 brn|[silent]\n|-damage|p1a: Dragonite|35\/100 brn|[from] brn\n|upkeep\n|turn|15\n|\n|t:|1668012993\n|switch|p2a: Corviknight|Corviknight, F|68\/100\n|-ability|p2a: Corviknight|Pressure\n|move|p1a: Dragonite|Roost|p1a: Dragonite\n|-heal|p1a: Dragonite|86\/100 brn\n|-singleturn|p1a: Dragonite|move: Roost\n|\n|-damage|p1a: Dragonite|79\/100 brn|[from] brn\n|upkeep\n|turn|16\n|\n|t:|1668012997\n|switch|p1a: Ferrothorn|Ferrothorn, M|100\/100\n|move|p2a: Corviknight|U-turn|p1a: Ferrothorn\n|-damage|p1a: Ferrothorn|91\/100\n|-damage|p2a: Corviknight|55\/100|[from] ability: Iron Barbs|[of] p1a: Ferrothorn\n|\n|t:|1668012999\n|switch|p2a: Volcanion|Volcanion|64\/100|[from]move: U-turn\n|\n|-heal|p1a: Ferrothorn|98\/100|[from] item: Leftovers\n|upkeep\n|turn|17\n|\n|t:|1668013005\n|switch|p1a: Dragonite|Dragonite, F|79\/100 brn\n|move|p2a: Volcanion|Fire Blast|p1a: Dragonite\n|-resisted|p1a: Dragonite\n|-damage|p1a: Dragonite|27\/100 brn\n|\n|-damage|p1a: Dragonite|21\/100 brn|[from] brn\n|upkeep\n|turn|18\n|\n|t:|1668013009\n|switch|p2a: Mamoswine|Mamoswine, M|100\/100\n|move|p1a: Dragonite|Roost|p1a: Dragonite\n|-heal|p1a: Dragonite|71\/100 brn\n|-singleturn|p1a: Dragonite|move: Roost\n|\n|-damage|p1a: Dragonite|65\/100 brn|[from] brn\n|upkeep\n|turn|19\n|\n|t:|1668013015\n|switch|p1a: Toxapex|Toxapex, F, shiny|46\/100 brn\n|move|p2a: Mamoswine|Icicle Crash|p1a: Toxapex\n|-resisted|p1a: Toxapex\n|-damage|p1a: Toxapex|33\/100 brn\n|\n|-damage|p1a: Toxapex|27\/100 brn|[from] brn\n|upkeep\n|turn|20\n|\n|t:|1668013023\n|switch|p1a: Ferrothorn|Ferrothorn, M|98\/100\n|move|p2a: Mamoswine|Icicle Crash|p1a: Ferrothorn\n|-damage|p1a: Ferrothorn|71\/100\n|\n|-heal|p1a: Ferrothorn|77\/100|[from] item: Leftovers\n|upkeep\n|turn|21\n|j| Ran Kob\n|\n|t:|1668013033\n|switch|p2a: Volcanion|Volcanion|64\/100\n|move|p1a: Ferrothorn|Knock Off|p2a: Volcanion\n|-damage|p2a: Volcanion|47\/100\n|-enditem|p2a: Volcanion|Choice Specs|[from] move: Knock Off|[of] p1a: Ferrothorn\n|\n|-heal|p1a: Ferrothorn|83\/100|[from] item: Leftovers\n|upkeep\n|turn|22\n|\n|t:|1668013041\n|switch|p2a: Hydreigon|Hydreigon, M|97\/100\n|switch|p1a: Dragonite|Dragonite, F|65\/100 brn\n|\n|-damage|p1a: Dragonite|59\/100 brn|[from] brn\n|upkeep\n|turn|23\n|\n|t:|1668013050\n|switch|p1a: Tapu Koko|Tapu Koko, shiny|100\/100\n|-fieldstart|move: Electric Terrain|[from] ability: Electric Surge|[of] p1a: Tapu Koko\n|move|p2a: Hydreigon|Dark Pulse|p1a: Tapu Koko\n|-resisted|p1a: Tapu Koko\n|-damage|p1a: Tapu Koko|68\/100\n|\n|upkeep\n|turn|24\n|\n|t:|1668013058\n|switch|p2a: Blissey|Blissey, F|85\/100\n|move|p1a: Tapu Koko|Dazzling Gleam|p2a: Blissey\n|-damage|p2a: Blissey|73\/100\n|\n|upkeep\n|turn|25\n|\n|t:|1668013059\n|move|p1a: Tapu Koko|U-turn|p2a: Blissey\n|-damage|p2a: Blissey|58\/100\n|\n|t:|1668013063\n|switch|p1a: Ferrothorn|Ferrothorn, M|83\/100|[from]move: U-turn\n|move|p2a: Blissey|Teleport|p2a: Blissey\n|\n|t:|1668013068\n|switch|p2a: Volcanion|Volcanion|47\/100|[from]move: Teleport\n|\n|-heal|p1a: Ferrothorn|90\/100|[from] item: Leftovers\n|upkeep\n|turn|26\n|\n|t:|1668013073\n|switch|p1a: Toxapex|Toxapex, F, shiny|61\/100 brn\n|move|p2a: Volcanion|Fire Blast|p1a: Toxapex|[miss]\n|-miss|p2a: Volcanion|p1a: Toxapex\n|\n|-damage|p1a: Toxapex|55\/100 brn|[from] brn\n|upkeep\n|turn|27\n|\n|t:|1668013077\n|switch|p1a: Dragonite|Dragonite, F|59\/100 brn\n|move|p2a: Volcanion|Earth Power|p1a: Dragonite\n|-immune|p1a: Dragonite\n|\n|-damage|p1a: Dragonite|53\/100 brn|[from] brn\n|-fieldend|move: Electric Terrain\n|upkeep\n|turn|28\n|\n|t:|1668013080\n|move|p1a: Dragonite|Roost|p1a: Dragonite\n|-heal|p1a: Dragonite|100\/100 brn\n|-singleturn|p1a: Dragonite|move: Roost\n|move|p2a: Volcanion|Steam Eruption|p1a: Dragonite\n|-resisted|p1a: Dragonite\n|-damage|p1a: Dragonite|83\/100 brn\n|\n|-damage|p1a: Dragonite|77\/100 brn|[from] brn\n|upkeep\n|turn|29\n|\n|t:|1668013087\n|switch|p2a: Mamoswine|Mamoswine, M|100\/100\n|move|p1a: Dragonite|Earthquake|p2a: Mamoswine\n|-damage|p2a: Mamoswine|78\/100\n|\n|-damage|p1a: Dragonite|71\/100 brn|[from] brn\n|upkeep\n|turn|30\n|\n|t:|1668013093\n|switch|p1a: Ferrothorn|Ferrothorn, M|90\/100\n|move|p2a: Mamoswine|Stealth Rock|p1a: Ferrothorn\n|-sidestart|p1: Xx_CheckM8_xX|move: Stealth Rock\n|\n|-heal|p1a: Ferrothorn|96\/100|[from] item: Leftovers\n|upkeep\n|turn|31\n|\n|t:|1668013102\n|switch|p2a: Volcanion|Volcanion|47\/100\n|move|p1a: Ferrothorn|Leech Seed|p2a: Volcanion\n|-start|p2a: Volcanion|move: Leech Seed\n|\n|-heal|p1a: Ferrothorn|100\/100|[from] item: Leftovers\n|-damage|p2a: Volcanion|35\/100|[from] Leech Seed|[of] p1a: Ferrothorn\n|upkeep\n|turn|32\n|\n|t:|1668013108\n|switch|p2a: Rillaboom|Rillaboom, F|100\/100\n|-fieldstart|move: Grassy Terrain|[from] ability: Grassy Surge|[of] p2a: Rillaboom\n|switch|p1a: Dragonite|Dragonite, F|71\/100 brn\n|\n|-damage|p1a: Dragonite|65\/100 brn|[from] brn\n|upkeep\n|turn|33\n|\n|t:|1668013112\n|move|p2a: Rillaboom|Knock Off|p1a: Dragonite\n|-damage|p1a: Dragonite|10\/100 brn\n|-enditem|p1a: Dragonite|Heavy-Duty Boots|[from] move: Knock Off|[of] p2a: Rillaboom\n|move|p1a: Dragonite|Ice Punch|p2a: Rillaboom\n|-supereffective|p2a: Rillaboom\n|-damage|p2a: Rillaboom|67\/100\n|\n|-heal|p2a: Rillaboom|73\/100|[from] Grassy Terrain\n|-damage|p1a: Dragonite|4\/100 brn|[from] brn\n|upkeep\n|turn|34\n|\n|t:|1668013118\n|move|p2a: Rillaboom|Knock Off|p1a: Dragonite\n|-damage|p1a: Dragonite|0 fnt\n|faint|p1a: Dragonite\n|\n|-heal|p2a: Rillaboom|79\/100|[from] Grassy Terrain\n|upkeep\n|\n|t:|1668013123\n|switch|p1a: Victini|Victini|100\/100\n|turn|35\n|\n|t:|1668013142\n|switch|p2a: Hydreigon|Hydreigon, M|97\/100\n|move|p1a: Victini|U-turn|p2a: Hydreigon\n|-supereffective|p2a: Hydreigon\n|-damage|p2a: Hydreigon|52\/100\n|\n|t:|1668013147\n|switch|p1a: Tapu Koko|Tapu Koko, shiny|68\/100|[from]move: U-turn\n|-fieldstart|move: Electric Terrain|[from] ability: Electric Surge|[of] p1a: Tapu Koko\n|\n|upkeep\n|turn|36\n|\n|t:|1668013152\n|switch|p2a: Corviknight|Corviknight, F|55\/100\n|-ability|p2a: Corviknight|Pressure\n|move|p1a: Tapu Koko|U-turn|p2a: Corviknight\n|-resisted|p2a: Corviknight\n|-damage|p2a: Corviknight|53\/100\n|-damage|p1a: Tapu Koko|52\/100|[from] item: Rocky Helmet|[of] p2a: Corviknight\n|\n|t:|1668013160\n|switch|p1a: Victini|Victini|100\/100|[from]move: U-turn\n|\n|upkeep\n|turn|37\n|\n|t:|1668013164\n|switch|p2a: Blissey|Blissey, F|58\/100\n|move|p1a: Victini|Bolt Strike|p2a: Blissey\n|-damage|p2a: Blissey|14\/100\n|\n|upkeep\n|turn|38\n|\n|t:|1668013170\n|switch|p2a: Mamoswine|Mamoswine, M|78\/100\n|move|p1a: Victini|U-turn|p2a: Mamoswine\n|-damage|p2a: Mamoswine|55\/100\n|\n|t:|1668013176\n|switch|p1a: Ferrothorn|Ferrothorn, M|100\/100|[from]move: U-turn\n|-damage|p1a: Ferrothorn|94\/100|[from] Stealth Rock\n|\n|-heal|p1a: Ferrothorn|100\/100|[from] item: Leftovers\n|upkeep\n|turn|39\n|\n|t:|1668013182\n|switch|p2a: Volcanion|Volcanion|35\/100\n|move|p1a: Ferrothorn|Leech Seed|p2a: Volcanion\n|-start|p2a: Volcanion|move: Leech Seed\n|\n|-damage|p2a: Volcanion|23\/100|[from] Leech Seed|[of] p1a: Ferrothorn\n|-fieldend|move: Electric Terrain\n|upkeep\n|turn|40\n|\n|t:|1668013186\n|switch|p1a: Toxapex|Toxapex, F, shiny|88\/100 brn\n|-damage|p1a: Toxapex|76\/100 brn|[from] Stealth Rock\n|move|p2a: Volcanion|Earth Power|p1a: Toxapex\n|-supereffective|p1a: Toxapex\n|-damage|p1a: Toxapex|23\/100 brn\n|\n|-damage|p2a: Volcanion|10\/100|[from] Leech Seed|[of] p1a: Toxapex\n|-heal|p1a: Toxapex|35\/100 brn|[silent]\n|-damage|p1a: Toxapex|29\/100 brn|[from] brn\n|upkeep\n|turn|41\n|\n|t:|1668013201\n|switch|p2a: Hydreigon|Hydreigon, M|52\/100\n|move|p1a: Toxapex|Recover|p1a: Toxapex\n|-heal|p1a: Toxapex|79\/100 brn\n|\n|-damage|p1a: Toxapex|73\/100 brn|[from] brn\n|upkeep\n|turn|42\n|\n|t:|1668013212\n|move|p2a: Hydreigon|Draco Meteor|p1a: Toxapex\n|-damage|p1a: Toxapex|18\/100 brn\n|-unboost|p2a: Hydreigon|spa|2\n|move|p1a: Toxapex|Toxic Spikes|p2a: Hydreigon\n|-sidestart|p2: Jamario Mariomario|move: Toxic Spikes\n|\n|-damage|p1a: Toxapex|12\/100 brn|[from] brn\n|upkeep\n|turn|43\n|\n|t:|1668013217\n|switch|p1a: Ferrothorn|Ferrothorn, M|100\/100\n|-damage|p1a: Ferrothorn|94\/100|[from] Stealth Rock\n|move|p2a: Hydreigon|Dark Pulse|p1a: Ferrothorn\n|-damage|p1a: Ferrothorn|77\/100\n|\n|-heal|p1a: Ferrothorn|83\/100|[from] item: Leftovers\n|upkeep\n|turn|44\n|\n|t:|1668013225\n|switch|p1a: Tapu Koko|Tapu Koko, shiny|52\/100\n|-fieldstart|move: Electric Terrain|[from] ability: Electric Surge|[of] p1a: Tapu Koko\n|move|p2a: Hydreigon|Nasty Plot|p2a: Hydreigon\n|-boost|p2a: Hydreigon|spa|2\n|\n|upkeep\n|turn|45\n|\n|t:|1668013231\n|switch|p2a: Blissey|Blissey, F|14\/100\n|move|p1a: Tapu Koko|Dazzling Gleam|p2a: Blissey\n|-damage|p2a: Blissey|1\/100\n|\n|upkeep\n|turn|46\n|\n|t:|1668013237\n|move|p1a: Tapu Koko|Thunderbolt|p2a: Blissey\n|-damage|p2a: Blissey|0 fnt\n|faint|p2a: Blissey\n|\n|upkeep\n|\n|t:|1668013239\n|switch|p2a: Rillaboom|Rillaboom, F|79\/100\n|-status|p2a: Rillaboom|psn\n|-fieldstart|move: Grassy Terrain|[from] ability: Grassy Surge|[of] p2a: Rillaboom\n|turn|47\n|\n|t:|1668013247\n|switch|p1a: Toxapex|Toxapex, F, shiny|45\/100 brn\n|-damage|p1a: Toxapex|33\/100 brn|[from] Stealth Rock\n|move|p2a: Rillaboom|U-turn|p1a: Toxapex\n|-resisted|p1a: Toxapex\n|-damage|p1a: Toxapex|22\/100 brn\n|-damage|p2a: Rillaboom|63\/100 psn|[from] item: Rocky Helmet|[of] p1a: Toxapex\n|\n|t:|1668013250\n|switch|p2a: Corviknight|Corviknight, F|53\/100|[from]move: U-turn\n|-ability|p2a: Corviknight|Pressure\n|\n|-heal|p1a: Toxapex|28\/100 brn|[from] Grassy Terrain\n|-damage|p1a: Toxapex|22\/100 brn|[from] brn\n|upkeep\n|turn|48\n|\n|t:|1668013255\n|move|p2a: Corviknight|Defog|p1a: Toxapex\n|-unboost|p1a: Toxapex|evasion|1\n|-sideend|p1: Xx_CheckM8_xX|Stealth Rock|[from] move: Defog|[of] p2a: Corviknight\n|-sideend|p2: Jamario Mariomario|Toxic Spikes|[from] move: Defog|[of] p2a: Corviknight\n|-fieldend|move: Grassy Terrain\n|move|p1a: Toxapex|Recover|p1a: Toxapex\n|-heal|p1a: Toxapex|72\/100 brn\n|\n|-damage|p1a: Toxapex|66\/100 brn|[from] brn\n|upkeep\n|turn|49\n|\n|t:|1668013263\n|move|p2a: Corviknight|U-turn|p1a: Toxapex\n|-resisted|p1a: Toxapex\n|-crit|p1a: Toxapex\n|-damage|p1a: Toxapex|60\/100 brn\n|-damage|p2a: Corviknight|37\/100|[from] item: Rocky Helmet|[of] p1a: Toxapex\n|\n|t:|1668013266\n|switch|p2a: Volcanion|Volcanion|10\/100|[from]move: U-turn\n|move|p1a: Toxapex|Scald|p2a: Volcanion\n|-heal|p2a: Volcanion|35\/100|[from] ability: Water Absorb|[of] p1a: Toxapex\n|\n|-damage|p1a: Toxapex|54\/100 brn|[from] brn\n|upkeep\n|turn|50\n|\n|t:|1668013272\n|move|p2a: Volcanion|Earth Power|p1a: Toxapex\n|-supereffective|p1a: Toxapex\n|-damage|p1a: Toxapex|1\/100 brn\n|move|p1a: Toxapex|Recover|p1a: Toxapex\n|-heal|p1a: Toxapex|51\/100 brn\n|\n|-damage|p1a: Toxapex|45\/100 brn|[from] brn\n|upkeep\n|turn|51\n|\n|t:|1668013280\n|move|p2a: Volcanion|Earth Power|p1a: Toxapex\n|-supereffective|p1a: Toxapex\n|-damage|p1a: Toxapex|0 fnt\n|faint|p1a: Toxapex\n|\n|upkeep\n|\n|t:|1668013283\n|switch|p1a: Tapu Koko|Tapu Koko, shiny|52\/100\n|-fieldstart|move: Electric Terrain|[from] ability: Electric Surge|[of] p1a: Tapu Koko\n|turn|52\n|inactive|Jamario Mariomario has 120 seconds left.\n|\n|t:|1668013313\n|switch|p2a: Rillaboom|Rillaboom, F|63\/100 psn\n|-fieldstart|move: Grassy Terrain|[from] ability: Grassy Surge|[of] p2a: Rillaboom\n|move|p1a: Tapu Koko|Thunderbolt|p2a: Rillaboom\n|-resisted|p2a: Rillaboom\n|-damage|p2a: Rillaboom|38\/100 psn\n|\n|-heal|p1a: Tapu Koko|58\/100|[from] Grassy Terrain\n|-heal|p2a: Rillaboom|44\/100 psn|[from] Grassy Terrain\n|-damage|p2a: Rillaboom|32\/100 psn|[from] psn\n|upkeep\n|turn|53\n|\n|t:|1668013324\n|switch|p1a: Ferrothorn|Ferrothorn, M|83\/100\n|move|p2a: Rillaboom|Grassy Glide|p1a: Ferrothorn\n|-resisted|p1a: Ferrothorn\n|-damage|p1a: Ferrothorn|72\/100\n|-damage|p2a: Rillaboom|20\/100 psn|[from] ability: Iron Barbs|[of] p1a: Ferrothorn\n|\n|-heal|p2a: Rillaboom|26\/100 psn|[from] Grassy Terrain\n|-heal|p1a: Ferrothorn|79\/100|[from] Grassy Terrain\n|-heal|p1a: Ferrothorn|85\/100|[from] item: Leftovers\n|-damage|p2a: Rillaboom|14\/100 psn|[from] psn\n|upkeep\n|turn|54\n|j| iziminite\n|\n|t:|1668013335\n|switch|p2a: Volcanion|Volcanion|35\/100\n|move|p1a: Ferrothorn|Spikes|p2a: Volcanion\n|-sidestart|p2: Jamario Mariomario|Spikes\n|\n|-heal|p2a: Volcanion|41\/100|[from] Grassy Terrain\n|-heal|p1a: Ferrothorn|91\/100|[from] Grassy Terrain\n|-heal|p1a: Ferrothorn|97\/100|[from] item: Leftovers\n|upkeep\n|turn|55\n|\n|t:|1668013342\n|switch|p1a: Victini|Victini|100\/100\n|move|p2a: Volcanion|Fire Blast|p1a: Victini\n|-resisted|p1a: Victini\n|-damage|p1a: Victini|70\/100\n|\n|-heal|p1a: Victini|76\/100|[from] Grassy Terrain\n|-heal|p2a: Volcanion|47\/100|[from] Grassy Terrain\n|upkeep\n|turn|56\n|\n|t:|1668013350\n|switch|p2a: Mamoswine|Mamoswine, M|55\/100\n|-damage|p2a: Mamoswine|43\/100|[from] Spikes\n|move|p1a: Victini|Bolt Strike|p2a: Mamoswine\n|-immune|p2a: Mamoswine\n|\n|-heal|p1a: Victini|82\/100|[from] Grassy Terrain\n|-heal|p2a: Mamoswine|49\/100|[from] Grassy Terrain\n|-fieldend|move: Grassy Terrain\n|upkeep\n|turn|57\n|\n|t:|1668013357\n|switch|p1a: Ferrothorn|Ferrothorn, M|97\/100\n|switch|p2a: Hydreigon|Hydreigon, M|52\/100\n|\n|-heal|p1a: Ferrothorn|100\/100|[from] item: Leftovers\n|upkeep\n|turn|58\n|\n|t:|1668013365\n|move|p2a: Hydreigon|Roost|p2a: Hydreigon\n|-heal|p2a: Hydreigon|100\/100\n|-singleturn|p2a: Hydreigon|move: Roost\n|move|p1a: Ferrothorn|Leech Seed|p2a: Hydreigon\n|-start|p2a: Hydreigon|move: Leech Seed\n|\n|-damage|p2a: Hydreigon|88\/100|[from] Leech Seed|[of] p1a: Ferrothorn\n|upkeep\n|turn|59\n|\n|t:|1668013370\n|switch|p2a: Volcanion|Volcanion|47\/100\n|-damage|p2a: Volcanion|35\/100|[from] Spikes\n|switch|p1a: Tapu Koko|Tapu Koko, shiny|58\/100\n|-fieldstart|move: Electric Terrain|[from] ability: Electric Surge|[of] p1a: Tapu Koko\n|\n|upkeep\n|turn|60\n|\n|t:|1668013383\n|switch|p2a: Mamoswine|Mamoswine, M|49\/100\n|-damage|p2a: Mamoswine|37\/100|[from] Spikes\n|move|p1a: Tapu Koko|Thunderbolt|p2a: Mamoswine\n|-immune|p2a: Mamoswine\n|\n|upkeep\n|turn|61\n|\n|t:|1668013402\n|switch|p1a: Ferrothorn|Ferrothorn, M|100\/100\n|move|p2a: Mamoswine|Ice Shard|p1a: Ferrothorn\n|-damage|p1a: Ferrothorn|88\/100\n|\n|-heal|p1a: Ferrothorn|94\/100|[from] item: Leftovers\n|upkeep\n|turn|62\n|\n|t:|1668013410\n|switch|p2a: Volcanion|Volcanion|35\/100\n|-damage|p2a: Volcanion|23\/100|[from] Spikes\n|move|p1a: Ferrothorn|Leech Seed|p2a: Volcanion\n|-start|p2a: Volcanion|move: Leech Seed\n|\n|-heal|p1a: Ferrothorn|99\/100|[from] item: Leftovers\n|-damage|p2a: Volcanion|10\/100|[from] Leech Seed|[of] p1a: Ferrothorn\n|-heal|p1a: Ferrothorn|100\/100|[silent]\n|upkeep\n|turn|63\n|\n|t:|1668013422\n|move|p2a: Volcanion|Steam Eruption|p1a: Ferrothorn\n|-resisted|p1a: Ferrothorn\n|-damage|p1a: Ferrothorn|76\/100\n|move|p1a: Ferrothorn|Spikes|p2a: Volcanion\n|-sidestart|p2: Jamario Mariomario|Spikes\n|\n|-heal|p1a: Ferrothorn|82\/100|[from] item: Leftovers\n|-damage|p2a: Volcanion|0 fnt|[from] Leech Seed|[of] p1a: Ferrothorn\n|-heal|p1a: Ferrothorn|91\/100|[silent]\n|faint|p2a: Volcanion\n|-fieldend|move: Electric Terrain\n|upkeep\n|-message|Jamario Mariomario forfeited.\n|\n|win|Xx_CheckM8_xX\n|raw|Xx_CheckM8_xX's rating: 1661 &rarr; <strong>1684<\/strong><br \/>(+23 for winning)\n|raw|Jamario Mariomario's rating: 1708 &rarr; <strong>1685<\/strong><br \/>(-23 for losing)\n|l|\u2606Jamario Mariomario\n||Ladder isn't responding, score probably updated but might not have (Request timeout).\n","uploadtime":1668013437,"views":8,"p1id":"xxcheckm8xx","p2id":"jamariomariomario","formatid":"gen8ou","rating":1684,"private":0,"password":null}