{"id":"gen8anythinggoes-1676863865","p1":"Down$hift","p2":"AGLT5TX Electro","format":"gen8anythinggoes","log":"|raw|<div class=\"broadcast-blue\"><strong>This battle is required to be public due to a player having a name starting with 'aglt5tx'.<\/div>\n|j|\u2606Down$hift\n|j|\u2606AGLT5TX Electro\n|t:|1664830183\n|gametype|singles\n|player|p1|Down$hift|teamrocket|1581\n|player|p2|AGLT5TX Electro|volkner-masters|1699\n|teamsize|p1|6\n|teamsize|p2|6\n|gen|8\n|tier|[Gen 8] Anything Goes\n|rated|\n|rule|HP Percentage Mod: HP is shown in percentages\n|rule|Endless Battle Clause: Forcing endless battles is banned\n|clearpoke\n|poke|p1|Ditto|\n|poke|p1|Ditto|\n|poke|p1|Ditto|\n|poke|p1|Ditto|\n|poke|p1|Ditto|\n|poke|p1|Ditto|\n|poke|p2|Aerodactyl, F|\n|poke|p2|Butterfree, F|\n|poke|p2|Calyrex-Shadow|\n|poke|p2|Yveltal|\n|poke|p2|Dialga|\n|poke|p2|Kyogre|\n|teampreview\n|c|\u2606Down$hift|hf\n|inactive|Battle timer is ON: inactive players will automatically lose when time's up. (requested by AGLT5TX Electro)\n|\n|t:|1664830192\n|start\n|switch|p1a: Ditto|Ditto, shiny|100\/100\n|switch|p2a: Butterfree|Butterfree, F|100\/100\n|-transform|p1a: Ditto|p2a: Butterfree|[from] ability: Imposter\n|turn|1\n|\n|t:|1664830197\n|move|p1a: Ditto|Sleep Powder|p2a: Butterfree\n|-status|p2a: Butterfree|slp|[from] move: Sleep Powder\n|cant|p2a: Butterfree|slp\n|\n|upkeep\n|turn|2\n|\n|t:|1664830214\n|move|p1a: Ditto|Quiver Dance|p1a: Ditto\n|-boost|p1a: Ditto|spa|1\n|-boost|p1a: Ditto|spd|1\n|-boost|p1a: Ditto|spe|1\n|cant|p2a: Butterfree|slp\n|\n|upkeep\n|turn|3\n|\n|t:|1664830222\n|move|p1a: Ditto|Quiver Dance|p1a: Ditto\n|-boost|p1a: Ditto|spa|1\n|-boost|p1a: Ditto|spd|1\n|-boost|p1a: Ditto|spe|1\n|cant|p2a: Butterfree|slp\n|\n|upkeep\n|turn|4\n|\n|t:|1664830225\n|move|p1a: Ditto|Substitute|p1a: Ditto\n|-start|p1a: Ditto|Substitute\n|-damage|p1a: Ditto|76\/100\n|-curestatus|p2a: Butterfree|slp|[msg]\n|move|p2a: Butterfree|Substitute|p2a: Butterfree\n|-start|p2a: Butterfree|Substitute\n|-damage|p2a: Butterfree|76\/100\n|\n|upkeep\n|turn|5\n|\n|t:|1664830230\n|move|p1a: Ditto|Quiver Dance|p1a: Ditto\n|-boost|p1a: Ditto|spa|1\n|-boost|p1a: Ditto|spd|1\n|-boost|p1a: Ditto|spe|1\n|move|p2a: Butterfree|Quiver Dance|p2a: Butterfree\n|-boost|p2a: Butterfree|spa|1\n|-boost|p2a: Butterfree|spd|1\n|-boost|p2a: Butterfree|spe|1\n|\n|upkeep\n|turn|6\n|\n|t:|1664830233\n|move|p1a: Ditto|Quiver Dance|p1a: Ditto\n|-boost|p1a: Ditto|spa|1\n|-boost|p1a: Ditto|spd|1\n|-boost|p1a: Ditto|spe|1\n|move|p2a: Butterfree|Quiver Dance|p2a: Butterfree\n|-boost|p2a: Butterfree|spa|1\n|-boost|p2a: Butterfree|spd|1\n|-boost|p2a: Butterfree|spe|1\n|\n|upkeep\n|turn|7\n|\n|t:|1664830235\n|move|p1a: Ditto|Quiver Dance|p1a: Ditto\n|-boost|p1a: Ditto|spa|1\n|-boost|p1a: Ditto|spd|1\n|-boost|p1a: Ditto|spe|1\n|move|p2a: Butterfree|Quiver Dance|p2a: Butterfree\n|-boost|p2a: Butterfree|spa|1\n|-boost|p2a: Butterfree|spd|1\n|-boost|p2a: Butterfree|spe|1\n|\n|upkeep\n|turn|8\n|\n|t:|1664830241\n|move|p1a: Ditto|Baton Pass|p1a: Ditto\n|\n|t:|1664830243\n|switch|p1a: Ditto|Ditto, shiny|100\/100|[from]move: Baton Pass\n|move|p2a: Butterfree|Quiver Dance|p2a: Butterfree\n|-boost|p2a: Butterfree|spa|1\n|-boost|p2a: Butterfree|spd|1\n|-boost|p2a: Butterfree|spe|1\n|\n|upkeep\n|turn|9\n|\n|t:|1664830247\n|move|p2a: Butterfree|Quiver Dance|p2a: Butterfree\n|-boost|p2a: Butterfree|spa|1\n|-boost|p2a: Butterfree|spd|1\n|-boost|p2a: Butterfree|spe|1\n|move|p1a: Ditto|Transform||[still]\n|-fail|p1a: Ditto\n|\n|upkeep\n|turn|10\n|\n|t:|1664830251\n|move|p2a: Butterfree|Quiver Dance|p2a: Butterfree\n|-boost|p2a: Butterfree|spa|1\n|-boost|p2a: Butterfree|spd|1\n|-boost|p2a: Butterfree|spe|1\n|move|p1a: Ditto|Transform||[still]\n|-fail|p1a: Ditto\n|\n|upkeep\n|turn|11\n|\n|t:|1664830253\n|move|p2a: Butterfree|Baton Pass|p2a: Butterfree\n|\n|t:|1664830255\n|switch|p2a: Yveltal|Yveltal|100\/100|[from]move: Baton Pass\n|-ability|p2a: Yveltal|Dark Aura\n|move|p1a: Ditto|Transform||[still]\n|-fail|p1a: Ditto\n|\n|upkeep\n|turn|12\n|\n|t:|1664830258\n|move|p2a: Yveltal|Oblivion Wing|p1a: Ditto\n|-end|p1a: Ditto|Substitute\n|move|p1a: Ditto|Transform||[still]\n|-fail|p1a: Ditto\n|\n|upkeep\n|turn|13\n|\n|t:|1664830262\n|move|p2a: Yveltal|Dark Pulse|p1a: Ditto\n|-damage|p1a: Ditto|0 fnt\n|faint|p1a: Ditto\n|\n|upkeep\n|c|\u2606Down$hift|gg\n|-message|Down$hift forfeited.\n|\n|win|AGLT5TX Electro\n|raw|Down$hift's rating: 1581 &rarr; <strong>1568<\/strong><br \/>(-13 for losing)\n|raw|AGLT5TX Electro's rating: 1699 &rarr; <strong>1712<\/strong><br \/>(+13 for winning)\n|l|\u2606Down$hift\n|c|\u2606AGLT5TX Electro|Gg\n","uploadtime":1664830276,"views":8,"p1id":"downhift","p2id":"aglt5txelectro","formatid":"gen8anythinggoes","rating":1568,"private":0,"password":null}