{"id":"gen8ou-1371535976","p1":"JoeyOwesMeMoney","p2":"LT81YL MDB2","format":"gen8ou","log":"|raw|<div class=\"broadcast-blue\"><strong>This battle is required to be public due to a player having a name starting with 'lt81yl'.<\/div>\n|j|\u2606JoeyOwesMeMoney\n|j|\u2606LT81YL MDB2\n|t:|1625566580\n|gametype|singles\n|player|p1|JoeyOwesMeMoney|lucas|1768\n|player|p2|LT81YL MDB2|benga|1970\n|teamsize|p1|6\n|teamsize|p2|6\n|gen|8\n|tier|[Gen 8] OU\n|rated|\n|rule|Sleep Clause Mod: Limit one foe put to sleep\n|rule|Species Clause: Limit one of each Pok\u00e9mon\n|rule|OHKO Clause: OHKO moves are banned\n|rule|Evasion Moves Clause: Evasion moves are banned\n|rule|Endless Battle Clause: Forcing endless battles is banned\n|rule|HP Percentage Mod: HP is shown in percentages\n|rule|Dynamax Clause: You cannot dynamax\n|clearpoke\n|poke|p1|Chansey, F|\n|poke|p1|Toxapex, F|\n|poke|p1|Clefable, F|\n|poke|p1|Skarmory, M|\n|poke|p1|Seismitoad, M|\n|poke|p1|Dragonite, M|\n|poke|p2|Dragapult, M|\n|poke|p2|Victini|\n|poke|p2|Tapu Bulu|\n|poke|p2|Scizor, M|\n|poke|p2|Mandibuzz, F|\n|poke|p2|Swampert, M|\n|teampreview\n|\n|t:|1625566609\n|start\n|switch|p1a: Toxapex|Toxapex, F, shiny|100\/100\n|switch|p2a: Swampert|Swampert, M|100\/100\n|turn|1\n|\n|t:|1625566637\n|move|p2a: Swampert|Stealth Rock|p1a: Toxapex\n|-sidestart|p1: JoeyOwesMeMoney|move: Stealth Rock\n|move|p1a: Toxapex|Toxic Spikes|p2a: Swampert\n|-sidestart|p2: LT81YL MDB2|move: Toxic Spikes\n|\n|upkeep\n|turn|2\n|\n|t:|1625566647\n|move|p2a: Swampert|Flip Turn|p1a: Toxapex\n|-resisted|p1a: Toxapex\n|-damage|p1a: Toxapex|94\/100\n|\n|t:|1625566650\n|switch|p2a: Mandibuzz|Mandibuzz, F|100\/100|[from]move: Flip Turn\n|move|p1a: Toxapex|Knock Off|p2a: Mandibuzz\n|-resisted|p2a: Mandibuzz\n|-damage|p2a: Mandibuzz|96\/100\n|-enditem|p2a: Mandibuzz|Heavy-Duty Boots|[from] move: Knock Off|[of] p1a: Toxapex\n|\n|-heal|p1a: Toxapex|99\/100|[from] item: Black Sludge\n|upkeep\n|turn|3\n|\n|t:|1625566660\n|move|p2a: Mandibuzz|U-turn|p1a: Toxapex\n|-resisted|p1a: Toxapex\n|-damage|p1a: Toxapex|96\/100\n|\n|t:|1625566662\n|switch|p2a: Scizor|Scizor, M|100\/100|[from]move: U-turn\n|move|p1a: Toxapex|Scald|p2a: Scizor\n|-damage|p2a: Scizor|81\/100\n|\n|-heal|p1a: Toxapex|100\/100|[from] item: Black Sludge\n|upkeep\n|turn|4\n|\n|t:|1625566671\n|switch|p1a: Skarmory|Skarmory, M|100\/100\n|-damage|p1a: Skarmory|88\/100|[from] Stealth Rock\n|move|p2a: Scizor|Knock Off|p1a: Skarmory\n|-damage|p1a: Skarmory|70\/100\n|-damage|p2a: Scizor|65\/100|[from] item: Rocky Helmet|[of] p1a: Skarmory\n|-enditem|p1a: Skarmory|Rocky Helmet|[from] move: Knock Off|[of] p2a: Scizor\n|\n|upkeep\n|turn|5\n|\n|t:|1625566679\n|switch|p2a: Victini|Victini|100\/100\n|move|p1a: Skarmory|Roost|p1a: Skarmory\n|-heal|p1a: Skarmory|100\/100\n|-singleturn|p1a: Skarmory|move: Roost\n|\n|upkeep\n|turn|6\n|\n|t:|1625566706\n|switch|p1a: Dragonite|Dragonite, M|100\/100\n|move|p2a: Victini|V-create|p1a: Dragonite\n|-resisted|p1a: Dragonite\n|-damage|p1a: Dragonite|88\/100\n|-unboost|p2a: Victini|spe|1\n|-unboost|p2a: Victini|def|1\n|-unboost|p2a: Victini|spd|1\n|\n|upkeep\n|turn|7\n|j|+Analytic\n|\n|t:|1625566713\n|switch|p2a: Mandibuzz|Mandibuzz, F|96\/100\n|move|p1a: Dragonite|Roost|p1a: Dragonite\n|-heal|p1a: Dragonite|100\/100\n|-singleturn|p1a: Dragonite|move: Roost\n|\n|upkeep\n|turn|8\n|\n|t:|1625566720\n|switch|p1a: Toxapex|Toxapex, F, shiny|100\/100\n|-damage|p1a: Toxapex|88\/100|[from] Stealth Rock\n|move|p2a: Mandibuzz|U-turn|p1a: Toxapex\n|-resisted|p1a: Toxapex\n|-damage|p1a: Toxapex|85\/100\n|\n|t:|1625566730\n|switch|p2a: Victini|Victini|100\/100|[from]move: U-turn\n|\n|-heal|p1a: Toxapex|91\/100|[from] item: Black Sludge\n|upkeep\n|turn|9\n|j| amimec\n|j| Gighgh6vjz\n|\n|t:|1625566737\n|switch|p1a: Dragonite|Dragonite, M|100\/100\n|move|p2a: Victini|Final Gambit|p1a: Dragonite\n|-damage|p1a: Dragonite|0 fnt\n|faint|p2a: Victini\n|faint|p1a: Dragonite\n|\n|upkeep\n|\n|t:|1625566750\n|switch|p2a: Mandibuzz|Mandibuzz, F|96\/100\n|switch|p1a: Toxapex|Toxapex, F, shiny|100\/100\n|-damage|p1a: Toxapex|88\/100|[from] Stealth Rock\n|turn|10\n|\n|t:|1625566756\n|move|p2a: Mandibuzz|Foul Play|p1a: Toxapex\n|-damage|p1a: Toxapex|74\/100\n|move|p1a: Toxapex|Scald|p2a: Mandibuzz\n|-damage|p2a: Mandibuzz|81\/100\n|\n|-heal|p1a: Toxapex|80\/100|[from] item: Black Sludge\n|upkeep\n|turn|11\n|j| Heracrossed Up\n|j| piled\n|\n|t:|1625566774\n|move|p2a: Mandibuzz|Foul Play|p1a: Toxapex\n|-damage|p1a: Toxapex|67\/100\n|move|p1a: Toxapex|Scald|p2a: Mandibuzz\n|-damage|p2a: Mandibuzz|68\/100\n|-status|p2a: Mandibuzz|brn\n|\n|-heal|p1a: Toxapex|73\/100|[from] item: Black Sludge\n|-damage|p2a: Mandibuzz|61\/100 brn|[from] brn\n|upkeep\n|turn|12\n|\n|t:|1625566780\n|move|p2a: Mandibuzz|Roost|p2a: Mandibuzz\n|-heal|p2a: Mandibuzz|100\/100 brn\n|-singleturn|p2a: Mandibuzz|move: Roost\n|move|p1a: Toxapex|Recover|p1a: Toxapex\n|-heal|p1a: Toxapex|100\/100\n|\n|-damage|p2a: Mandibuzz|94\/100 brn|[from] brn\n|upkeep\n|turn|13\n|\n|t:|1625566786\n|move|p2a: Mandibuzz|Defog|p1a: Toxapex\n|-unboost|p1a: Toxapex|evasion|1\n|-sideend|p1: JoeyOwesMeMoney|Stealth Rock|[from] move: Defog|[of] p2a: Mandibuzz\n|-sideend|p2: LT81YL MDB2|Toxic Spikes|[from] move: Defog|[of] p2a: Mandibuzz\n|move|p1a: Toxapex|Knock Off|p2a: Mandibuzz\n|-resisted|p2a: Mandibuzz\n|-crit|p2a: Mandibuzz\n|-damage|p2a: Mandibuzz|89\/100 brn\n|\n|-damage|p2a: Mandibuzz|83\/100 brn|[from] brn\n|upkeep\n|turn|14\n|\n|t:|1625566794\n|move|p2a: Mandibuzz|U-turn|p1a: Toxapex\n|-resisted|p1a: Toxapex\n|-damage|p1a: Toxapex|99\/100\n|\n|t:|1625566795\n|switch|p2a: Tapu Bulu|Tapu Bulu|100\/100|[from]move: U-turn\n|-fieldstart|move: Grassy Terrain|[from] ability: Grassy Surge|[of] p2a: Tapu Bulu\n|move|p1a: Toxapex|Knock Off|p2a: Tapu Bulu\n|-resisted|p2a: Tapu Bulu\n|-crit|p2a: Tapu Bulu\n|-damage|p2a: Tapu Bulu|90\/100\n|-enditem|p2a: Tapu Bulu|Leftovers|[from] move: Knock Off|[of] p1a: Toxapex\n|\n|-heal|p2a: Tapu Bulu|96\/100|[from] Grassy Terrain\n|-heal|p1a: Toxapex|100\/100|[from] Grassy Terrain\n|upkeep\n|turn|15\n|\n|t:|1625566805\n|move|p2a: Tapu Bulu|Swords Dance|p2a: Tapu Bulu\n|-boost|p2a: Tapu Bulu|atk|2\n|move|p1a: Toxapex|Scald|p2a: Tapu Bulu\n|-resisted|p2a: Tapu Bulu\n|-damage|p2a: Tapu Bulu|88\/100\n|-status|p2a: Tapu Bulu|brn\n|\n|-heal|p2a: Tapu Bulu|94\/100 brn|[from] Grassy Terrain\n|-damage|p2a: Tapu Bulu|88\/100 brn|[from] brn\n|upkeep\n|turn|16\n|\n|t:|1625566812\n|move|p2a: Tapu Bulu|Swords Dance|p2a: Tapu Bulu\n|-boost|p2a: Tapu Bulu|atk|2\n|move|p1a: Toxapex|Toxic Spikes|p2a: Tapu Bulu\n|-sidestart|p2: LT81YL MDB2|move: Toxic Spikes\n|\n|-heal|p2a: Tapu Bulu|94\/100 brn|[from] Grassy Terrain\n|-damage|p2a: Tapu Bulu|88\/100 brn|[from] brn\n|upkeep\n|turn|17\n|c|\u2606JoeyOwesMeMoney|gg 2 ez\n|\n|t:|1625566821\n|switch|p1a: Clefable|Clefable, F|100\/100\n|move|p2a: Tapu Bulu|Stone Edge|p1a: Clefable\n|-damage|p1a: Clefable|88\/100\n|\n|-heal|p2a: Tapu Bulu|94\/100 brn|[from] Grassy Terrain\n|-heal|p1a: Clefable|94\/100|[from] Grassy Terrain\n|-heal|p1a: Clefable|99\/100|[from] item: Leftovers\n|-damage|p2a: Tapu Bulu|88\/100 brn|[from] brn\n|upkeep\n|turn|18\n|-message|LT81YL MDB2 forfeited.\n|\n|win|JoeyOwesMeMoney\n|raw|JoeyOwesMeMoney's rating: 1768 &rarr; <strong>1798<\/strong><br \/>(+30 for winning)\n|raw|LT81YL MDB2's rating: 1970 &rarr; <strong>1940<\/strong><br \/>(-30 for losing)\n|l|\u2606LT81YL MDB2\n|l|+Analytic\n|l| Heracrossed Up\n|j|+Analytic\n|c|\u2606JoeyOwesMeMoney|https:\/\/replay.pokemonshowdown.com\/gen8ou-1371535976\n|l|+Analytic\n|l| piled\n","uploadtime":1625566833,"views":225,"p1id":"joeyowesmemoney","p2id":"lt81ylmdb2","formatid":"gen8ou","rating":1798,"private":0,"password":null}