{"id":"gen8mixandmega-1669690356","p1":"Faygos","p2":"RoFnA","format":"gen8mixandmega","log":"|j|\u2606Faygos\n|j|\u2606RoFnA\n|t:|1663762378\n|gametype|singles\n|player|p1|Faygos|266|\n|player|p2|RoFnA|giovanni-gen1|\n|teamsize|p1|6\n|teamsize|p2|6\n|gen|8\n|tier|[Gen 8] Mix and Mega\n|rated|Tournament battle\n|rule|Species Clause: Limit one of each Pok\u00e9mon\n|rule|OHKO Clause: OHKO moves are banned\n|rule|Evasion Moves Clause: Evasion moves are banned\n|rule|Endless Battle Clause: Forcing endless battles is banned\n|rule|Dynamax Clause: You cannot dynamax\n|rule|HP Percentage Mod: HP is shown in percentages\n|rule|Sleep Clause Mod: Limit one foe put to sleep\n|clearpoke\n|poke|p1|Landorus, M|\n|poke|p1|Mamoswine, F|\n|poke|p1|Mew|\n|poke|p1|Blissey, F|\n|poke|p1|Magearna|\n|poke|p1|Pheromosa|\n|poke|p2|Toxapex, M|\n|poke|p2|Blissey, F|\n|poke|p2|Ho-Oh|\n|poke|p2|Zapdos-Galar|\n|poke|p2|Regieleki|\n|poke|p2|Magearna|\n|teampreview\n|j|%Iolanthe\n|inactive|Battle timer is ON: inactive players will automatically lose when time's up. (requested by Faygos)\n|\n|t:|1663762388\n|start\n|switch|p1a: Mew|Mew|100\/100\n|switch|p2a: Magearna|Magearna|100\/100\n|turn|1\n|l|%Iolanthe\n|\n|t:|1663762394\n|detailschange|p1a: Mew|Mew\n|-mega|p1a: Mew|Mew|Manectite\n|-ability|p1a: Mew|Intimidate|boost\n|-unboost|p2a: Magearna|atk|1\n|-start|p1a: Mew|Manectite|[silent]\n|detailschange|p2a: Magearna|Magearna\n|-mega|p2a: Magearna|Magearna|Latiasite\n|-start|p2a: Magearna|Latiasite|[silent]\n|move|p2a: Magearna|Doom Desire|p1a: Mew\n|-start|p2a: Magearna|Doom Desire\n|move|p1a: Mew|Teleport|p1a: Mew\n|\n|t:|1663762397\n|-end|p1a: Mew|Manectite|[silent]\n|switch|p1a: Magearna|Magearna|100\/100|[from]move: Teleport\n|\n|upkeep\n|turn|2\n|\n|t:|1663762403\n|detailschange|p1a: Magearna|Magearna\n|-mega|p1a: Magearna|Magearna|Latiasite\n|-start|p1a: Magearna|Latiasite|[silent]\n|move|p1a: Magearna|Doom Desire|p2a: Magearna\n|-start|p1a: Magearna|Doom Desire\n|move|p2a: Magearna|Moonblast|p1a: Magearna\n|-resisted|p1a: Magearna\n|-damage|p1a: Magearna|80\/100\n|\n|upkeep\n|turn|3\n|\n|t:|1663762407\n|move|p2a: Magearna|Moonblast|p1a: Magearna\n|-resisted|p1a: Magearna\n|-damage|p1a: Magearna|57\/100\n|-unboost|p1a: Magearna|spa|1\n|move|p1a: Magearna|Volt Switch|p2a: Magearna\n|-damage|p2a: Magearna|88\/100\n|\n|t:|1663762408\n|-end|p1a: Magearna|Latiasite|[silent]\n|switch|p1a: Blissey|Blissey, F|100\/100|[from]move: Volt Switch\n|\n|-end|p1a: Blissey|move: Doom Desire\n|-damage|p1a: Blissey|66\/100\n|upkeep\n|turn|4\n|\n|t:|1663762411\n|detailschange|p1a: Blissey|Blissey, F\n|-mega|p1a: Blissey|Blissey|Sablenite\n|-start|p1a: Blissey|Sablenite|[silent]\n|move|p2a: Magearna|Doom Desire|p1a: Blissey\n|-start|p2a: Magearna|Doom Desire\n|move|p1a: Blissey|Teleport|p1a: Blissey\n|\n|t:|1663762417\n|-end|p1a: Blissey|Sablenite|[silent]\n|switch|p1a: Pheromosa|Pheromosa|100\/100|[from]move: Teleport\n|\n|-end|p2a: Magearna|move: Doom Desire\n|-damage|p2a: Magearna|37\/100\n|upkeep\n|turn|5\n|\n|t:|1663762422\n|-end|p2a: Magearna|Latiasite|[silent]\n|switch|p2a: Toxapex|Toxapex, M|100\/100\n|detailschange|p1a: Pheromosa|Pheromosa\n|-mega|p1a: Pheromosa|Pheromosa|Diancite\n|-start|p1a: Pheromosa|Diancite|[silent]\n|move|p1a: Pheromosa|U-turn|p2a: Toxapex\n|-resisted|p2a: Toxapex\n|-damage|p2a: Toxapex|83\/100\n|\n|t:|1663762428\n|-end|p1a: Pheromosa|Diancite|[silent]\n|switch|p1a: Blissey|Blissey, F|66\/100|[from]move: U-turn\n|-start|p1a: Blissey|Sablenite|[silent]\n|\n|upkeep\n|turn|6\n|\n|t:|1663762432\n|move|p2a: Toxapex|Poison Fang|p1a: Blissey\n|-damage|p1a: Blissey|61\/100\n|-status|p1a: Blissey|tox\n|move|p1a: Blissey|Soft-Boiled|p1a: Blissey\n|-heal|p1a: Blissey|100\/100 tox\n|\n|-end|p1a: Blissey|move: Doom Desire\n|-damage|p1a: Blissey|73\/100 tox\n|-damage|p1a: Blissey|67\/100 tox|[from] psn\n|upkeep\n|turn|7\n|\n|t:|1663762439\n|move|p2a: Toxapex|Flip Turn|p1a: Blissey\n|-damage|p1a: Blissey|61\/100 tox\n|\n|t:|1663762443\n|switch|p2a: Magearna|Magearna|37\/100|[from]move: Flip Turn\n|-start|p2a: Magearna|Latiasite|[silent]\n|move|p1a: Blissey|Teleport|p1a: Blissey\n|\n|t:|1663762450\n|-end|p1a: Blissey|Sablenite|[silent]\n|switch|p1a: Mew|Mew|100\/100|[from]move: Teleport\n|-start|p1a: Mew|Manectite|[silent]\n|-ability|p1a: Mew|Intimidate|boost\n|-unboost|p2a: Magearna|atk|1\n|\n|upkeep\n|turn|8\n|\n|t:|1663762453\n|move|p1a: Mew|Gravity|p1a: Mew\n|-fieldstart|move: Gravity\n|move|p2a: Magearna|Moonlight|p2a: Magearna\n|-heal|p2a: Magearna|87\/100\n|\n|upkeep\n|turn|9\n|\n|t:|1663762467\n|move|p2a: Magearna|Doom Desire|p1a: Mew\n|-start|p2a: Magearna|Doom Desire\n|move|p1a: Mew|Teleport|p1a: Mew\n|\n|t:|1663762474\n|-end|p1a: Mew|Manectite|[silent]\n|switch|p1a: Mamoswine|Mamoswine, F|100\/100|[from]move: Teleport\n|\n|upkeep\n|turn|10\n|\n|t:|1663762480\n|-end|p2a: Magearna|Latiasite|[silent]\n|switch|p2a: Ho-Oh|Ho-Oh|100\/100\n|detailschange|p1a: Mamoswine|Mamoswine, F\n|-mega|p1a: Mamoswine|Mamoswine|Scizorite\n|-start|p1a: Mamoswine|Scizorite|[silent]\n|move|p1a: Mamoswine|Bonemerang|p2a: Ho-Oh\n|-supereffective|p2a: Ho-Oh\n|-damage|p2a: Ho-Oh|19\/100\n|-supereffective|p2a: Ho-Oh\n|-damage|p2a: Ho-Oh|0 fnt\n|faint|p2a: Ho-Oh\n|-hitcount|p2: Ho-Oh|2\n|\n|upkeep\n|\n|t:|1663762491\n|switch|p2a: Blissey|Blissey, F|100\/100\n|turn|11\n|\n|t:|1663762496\n|-end|p1a: Mamoswine|Scizorite|[silent]\n|switch|p1a: Blissey|Blissey, F|61\/100 tox\n|-start|p1a: Blissey|Sablenite|[silent]\n|detailschange|p2a: Blissey|Blissey, F\n|-mega|p2a: Blissey|Blissey|Sablenite\n|-start|p2a: Blissey|Sablenite|[silent]\n|move|p2a: Blissey|Teleport|p2a: Blissey\n|\n|t:|1663762499\n|-end|p2a: Blissey|Sablenite|[silent]\n|switch|p2a: Zapdos|Zapdos-Galar|100\/100|[from]move: Teleport\n|\n|-end|p1a: Blissey|move: Doom Desire\n|-damage|p1a: Blissey|34\/100 tox\n|-damage|p1a: Blissey|28\/100 tox|[from] psn\n|upkeep\n|turn|12\n|\n|t:|1663762507\n|move|p2a: Zapdos|Thunderous Kick|p1a: Blissey\n|-supereffective|p1a: Blissey\n|-damage|p1a: Blissey|0 fnt\n|faint|p1a: Blissey\n|\n|-fieldend|move: Gravity\n|upkeep\n|\n|t:|1663762512\n|switch|p1a: Pheromosa|Pheromosa|100\/100\n|-start|p1a: Pheromosa|Diancite|[silent]\n|turn|13\n|\n|t:|1663762517\n|switch|p2a: Toxapex|Toxapex, M|100\/100\n|move|p1a: Pheromosa|Triple Axel|p2a: Toxapex\n|-resisted|p2a: Toxapex\n|-damage|p2a: Toxapex|98\/100\n|-hitcount|p2a: Toxapex|1\n|\n|upkeep\n|turn|14\n|\n|t:|1663762520\n|move|p1a: Pheromosa|U-turn|p2a: Toxapex\n|-resisted|p2a: Toxapex\n|-damage|p2a: Toxapex|81\/100\n|\n|t:|1663762522\n|-end|p1a: Pheromosa|Diancite|[silent]\n|switch|p1a: Mew|Mew|100\/100|[from]move: U-turn\n|-start|p1a: Mew|Manectite|[silent]\n|-ability|p1a: Mew|Intimidate|boost\n|-unboost|p2a: Toxapex|atk|1\n|move|p2a: Toxapex|Flip Turn|p1a: Mew\n|-damage|p1a: Mew|95\/100\n|\n|t:|1663762526\n|switch|p2a: Magearna|Magearna|87\/100|[from]move: Flip Turn\n|-start|p2a: Magearna|Latiasite|[silent]\n|\n|upkeep\n|turn|15\n|\n|t:|1663762528\n|move|p1a: Mew|Gravity|p1a: Mew\n|-fieldstart|move: Gravity\n|move|p2a: Magearna|Doom Desire|p1a: Mew\n|-start|p2a: Magearna|Doom Desire\n|\n|upkeep\n|turn|16\n|\n|t:|1663762534\n|-end|p2a: Magearna|Latiasite|[silent]\n|switch|p2a: Blissey|Blissey, F|100\/100\n|-start|p2a: Blissey|Sablenite|[silent]\n|move|p1a: Mew|Teleport|p1a: Mew\n|\n|t:|1663762553\n|-end|p1a: Mew|Manectite|[silent]\n|switch|p1a: Pheromosa|Pheromosa|100\/100|[from]move: Teleport\n|-start|p1a: Pheromosa|Diancite|[silent]\n|\n|upkeep\n|turn|17\n|\n|t:|1663762557\n|-end|p2a: Blissey|Sablenite|[silent]\n|switch|p2a: Toxapex|Toxapex, M|100\/100\n|move|p1a: Pheromosa|U-turn|p2a: Toxapex\n|-resisted|p2a: Toxapex\n|-damage|p2a: Toxapex|85\/100\n|\n|t:|1663762564\n|-end|p1a: Pheromosa|Diancite|[silent]\n|switch|p1a: Mew|Mew|95\/100|[from]move: U-turn\n|-start|p1a: Mew|Manectite|[silent]\n|-ability|p1a: Mew|Intimidate|boost\n|-unboost|p2a: Toxapex|atk|1\n|\n|-end|p1a: Mew|move: Doom Desire\n|-damage|p1a: Mew|31\/100\n|upkeep\n|turn|18\n|\n|t:|1663762569\n|move|p1a: Mew|Soft-Boiled|p1a: Mew\n|-heal|p1a: Mew|81\/100\n|move|p2a: Toxapex|Flip Turn|p1a: Mew\n|-damage|p1a: Mew|75\/100\n|\n|t:|1663762573\n|switch|p2a: Magearna|Magearna|87\/100|[from]move: Flip Turn\n|-start|p2a: Magearna|Latiasite|[silent]\n|\n|upkeep\n|turn|19\n|\n|t:|1663762579\n|move|p2a: Magearna|Doom Desire|p1a: Mew\n|-start|p2a: Magearna|Doom Desire\n|move|p1a: Mew|Teleport|p1a: Mew\n|\n|t:|1663762581\n|-end|p1a: Mew|Manectite|[silent]\n|switch|p1a: Magearna|Magearna|57\/100|[from]move: Teleport\n|-start|p1a: Magearna|Latiasite|[silent]\n|\n|-fieldend|move: Gravity\n|upkeep\n|turn|20\n|\n|t:|1663762585\n|move|p1a: Magearna|Moonlight|p1a: Magearna\n|-heal|p1a: Magearna|100\/100\n|move|p2a: Magearna|Moonblast|p1a: Magearna\n|-resisted|p1a: Magearna\n|-damage|p1a: Magearna|80\/100\n|-unboost|p1a: Magearna|spa|1\n|\n|upkeep\n|turn|21\n|\n|t:|1663762589\n|move|p1a: Magearna|Doom Desire|p2a: Magearna\n|-start|p1a: Magearna|Doom Desire\n|move|p2a: Magearna|Moonblast|p1a: Magearna\n|-resisted|p1a: Magearna\n|-damage|p1a: Magearna|58\/100\n|-unboost|p1a: Magearna|spa|1\n|\n|-end|p1a: Magearna|move: Doom Desire\n|-damage|p1a: Magearna|0 fnt\n|faint|p1a: Magearna\n|upkeep\n|\n|t:|1663762594\n|switch|p1a: Landorus|Landorus, M|100\/100\n|turn|22\n|\n|t:|1663762597\n|detailschange|p1a: Landorus|Landorus, M\n|-mega|p1a: Landorus|Landorus|Lucarionite\n|-start|p1a: Landorus|Lucarionite|[silent]\n|move|p1a: Landorus|Gravity|p1a: Landorus\n|-fieldstart|move: Gravity\n|move|p2a: Magearna|Doom Desire|p1a: Landorus\n|-start|p2a: Magearna|Doom Desire\n|\n|upkeep\n|turn|23\n|\n|t:|1663762601\n|-end|p2a: Magearna|Latiasite|[silent]\n|switch|p2a: Blissey|Blissey, F|100\/100\n|-start|p2a: Blissey|Sablenite|[silent]\n|move|p1a: Landorus|Earthquake|p2a: Blissey\n|-damage|p2a: Blissey|56\/100\n|\n|-end|p2a: Blissey|move: Doom Desire\n|-damage|p2a: Blissey|37\/100\n|upkeep\n|turn|24\n|\n|t:|1663762625\n|move|p1a: Landorus|Earthquake|p2a: Blissey\n|-damage|p2a: Blissey|0 fnt\n|faint|p2a: Blissey\n|\n|-end|p1a: Landorus|move: Doom Desire\n|-damage|p1a: Landorus|0 fnt\n|faint|p1a: Landorus\n|upkeep\n|\n|t:|1663762635\n|switch|p1a: Mamoswine|Mamoswine, F|100\/100\n|switch|p2a: Zapdos|Zapdos-Galar|100\/100\n|-start|p1a: Mamoswine|Scizorite|[silent]\n|turn|25\n|\n|t:|1663762640\n|switch|p2a: Toxapex|Toxapex, M|100\/100\n|move|p1a: Mamoswine|Triple Axel|p2a: Toxapex\n|-resisted|p2a: Toxapex\n|-damage|p2a: Toxapex|95\/100\n|-resisted|p2a: Toxapex\n|-damage|p2a: Toxapex|82\/100\n|-resisted|p2a: Toxapex\n|-damage|p2a: Toxapex|66\/100\n|-hitcount|p2a: Toxapex|3\n|\n|upkeep\n|turn|26\n|\n|t:|1663762658\n|move|p1a: Mamoswine|Bonemerang|p2a: Toxapex\n|-supereffective|p2a: Toxapex\n|-damage|p2a: Toxapex|6\/100\n|-supereffective|p2a: Toxapex\n|-damage|p2a: Toxapex|0 fnt\n|faint|p2a: Toxapex\n|-hitcount|p2: Toxapex|2\n|\n|-fieldend|move: Gravity\n|upkeep\n|\n|t:|1663762664\n|switch|p2a: Magearna|Magearna|87\/100\n|-start|p2a: Magearna|Latiasite|[silent]\n|turn|27\n|j| MustardNischal\n|\n|t:|1663762669\n|-end|p1a: Mamoswine|Scizorite|[silent]\n|switch|p1a: Mew|Mew|75\/100\n|-start|p1a: Mew|Manectite|[silent]\n|-ability|p1a: Mew|Intimidate|boost\n|-unboost|p2a: Magearna|atk|1\n|move|p2a: Magearna|Volt Switch|p1a: Mew\n|-damage|p1a: Mew|54\/100\n|\n|t:|1663762673\n|-end|p2a: Magearna|Latiasite|[silent]\n|switch|p2a: Zapdos|Zapdos-Galar|100\/100|[from]move: Volt Switch\n|\n|upkeep\n|turn|28\n|\n|t:|1663762678\n|detailschange|p2a: Zapdos|Zapdos-Galar\n|-mega|p2a: Zapdos|Zapdos|Metagrossite\n|-start|p2a: Zapdos|Metagrossite|[silent]\n|move|p2a: Zapdos|Dragon Ascent|p1a: Mew\n|-crit|p1a: Mew\n|-damage|p1a: Mew|0 fnt\n|-unboost|p2a: Zapdos|def|1\n|-unboost|p2a: Zapdos|spd|1\n|faint|p1a: Mew\n|\n|upkeep\n|\n|t:|1663762680\n|switch|p1a: Pheromosa|Pheromosa|100\/100\n|-start|p1a: Pheromosa|Diancite|[silent]\n|turn|29\n|\n|t:|1663762687\n|move|p1a: Pheromosa|Close Combat|p2a: Zapdos\n|-resisted|p2a: Zapdos\n|-damage|p2a: Zapdos|26\/100\n|-unboost|p1a: Pheromosa|def|1\n|-unboost|p1a: Pheromosa|spd|1\n|move|p2a: Zapdos|U-turn|p1a: Pheromosa\n|-resisted|p1a: Pheromosa\n|-damage|p1a: Pheromosa|0 fnt\n|faint|p1a: Pheromosa\n|-message|Faygos forfeited.\n|\n|win|RoFnA\n|n|\u2606Faygos|faygos\n|n|\u2606RoFnA|rofna\n|n| MustardNischal|mustardnischal\n","uploadtime":1663762692,"views":15,"p1id":"faygos","p2id":"rofna","formatid":"gen8mixandmega","rating":0,"private":0,"password":null}