{"id":"gen8ou-1626809915","p1":"pokeda","p2":"LT91BB Fc","format":"gen8ou","log":"|raw|<div class=\"broadcast-blue\"><strong>This battle is required to be public due to a player having a name starting with 'lt91bb'.<\/div>\n|j|\u2606pokeda\n|j|\u2606LT91BB Fc\n|t:|1658976163\n|gametype|singles\n|player|p1|pokeda|medium|1737\n|player|p2|LT91BB Fc|#wcop2022canada|1673\n|teamsize|p1|6\n|teamsize|p2|6\n|gen|8\n|tier|[Gen 8] OU\n|rated|\n|rule|Sleep Clause Mod: Limit one foe put to sleep\n|rule|Species Clause: Limit one of each Pok\u00e9mon\n|rule|OHKO Clause: OHKO moves are banned\n|rule|Evasion Moves Clause: Evasion moves are banned\n|rule|Endless Battle Clause: Forcing endless battles is banned\n|rule|HP Percentage Mod: HP is shown in percentages\n|rule|Dynamax Clause: You cannot dynamax\n|clearpoke\n|poke|p1|Glastrier|\n|poke|p1|Dragapult, M|\n|poke|p1|Ferrothorn, F|\n|poke|p1|Clefable, M|\n|poke|p1|Landorus-Therian, M|\n|poke|p1|Rotom-Wash|\n|poke|p2|Zapdos|\n|poke|p2|Weavile, F|\n|poke|p2|Kartana|\n|poke|p2|Landorus-Therian, M|\n|poke|p2|Volcanion|\n|poke|p2|Melmetal|\n|teampreview\n|inactive|Battle timer is ON: inactive players will automatically lose when time's up. (requested by LT91BB Fc)\n|j| LT91BB XKH\n|j| LT91BBEZ\n|l| LT91BB XKH\n|j| lt91bb bj\n|l| lt91bb bj\n|inactive|pokeda has 120 seconds left.\n|\n|t:|1658976197\n|start\n|switch|p1a: Rotom|Rotom-Wash|100\/100\n|switch|p2a: Zapdos|Zapdos|100\/100\n|turn|1\n|j| Xurem\n|\n|t:|1658976199\n|move|p2a: Zapdos|Toxic|p1a: Rotom\n|-status|p1a: Rotom|tox\n|move|p1a: Rotom|Toxic|p2a: Zapdos\n|-status|p2a: Zapdos|tox\n|\n|-damage|p2a: Zapdos|94\/100 tox|[from] psn\n|-damage|p1a: Rotom|94\/100 tox|[from] psn\n|upkeep\n|turn|2\n|j| raccs\n|j| isza\n|j| LT91BB cuzzie\n|\n|t:|1658976207\n|move|p2a: Zapdos|Volt Switch|p1a: Rotom\n|-damage|p1a: Rotom|61\/100 tox\n|\n|t:|1658976208\n|switch|p2a: Landorus|Landorus-Therian, M|100\/100|[from]move: Volt Switch\n|-ability|p2a: Landorus|Intimidate|boost\n|-unboost|p1a: Rotom|atk|1\n|move|p1a: Rotom|Hydro Pump|p2a: Landorus\n|-supereffective|p2a: Landorus\n|-damage|p2a: Landorus|10\/100\n|\n|-heal|p2a: Landorus|16\/100|[from] item: Leftovers\n|-heal|p1a: Rotom|68\/100 tox|[from] item: Leftovers\n|-damage|p1a: Rotom|55\/100 tox|[from] psn\n|upkeep\n|turn|3\n|\n|t:|1658976232\n|move|p2a: Landorus|Stealth Rock|p1a: Rotom\n|-sidestart|p1: pokeda|move: Stealth Rock\n|move|p1a: Rotom|Hydro Pump|p2a: Landorus|[miss]\n|-miss|p1a: Rotom|p2a: Landorus\n|\n|-heal|p2a: Landorus|22\/100|[from] item: Leftovers\n|-heal|p1a: Rotom|61\/100 tox|[from] item: Leftovers\n|-damage|p1a: Rotom|43\/100 tox|[from] psn\n|upkeep\n|turn|4\n|j| LT91BB pop smoke\n|j| PenguinEnthusiast\n|j| LT91BB XKH\n|l| LT91BB XKH\n|\n|t:|1658976244\n|switch|p1a: Ferrothorn|Ferrothorn, F|100\/100\n|-damage|p1a: Ferrothorn|94\/100|[from] Stealth Rock\n|move|p2a: Landorus|U-turn|p1a: Ferrothorn\n|-damage|p1a: Ferrothorn|82\/100\n|-damage|p2a: Landorus|10\/100|[from] ability: Iron Barbs|[of] p1a: Ferrothorn\n|\n|t:|1658976246\n|switch|p2a: Volcanion|Volcanion|100\/100|[from]move: U-turn\n|\n|-heal|p1a: Ferrothorn|88\/100|[from] item: Leftovers\n|upkeep\n|turn|5\n|\n|t:|1658976251\n|switch|p1a: Rotom|Rotom-Wash|43\/100 tox\n|-damage|p1a: Rotom|30\/100 tox|[from] Stealth Rock\n|move|p2a: Volcanion|Flamethrower|p1a: Rotom\n|-resisted|p1a: Rotom\n|-damage|p1a: Rotom|0 fnt\n|faint|p1a: Rotom\n|\n|upkeep\n|\n|t:|1658976262\n|switch|p1a: Dragapult|Dragapult, M|100\/100\n|-damage|p1a: Dragapult|88\/100|[from] Stealth Rock\n|turn|6\n|\n|t:|1658976266\n|switch|p2a: Landorus|Landorus-Therian, M|10\/100\n|-ability|p2a: Landorus|Intimidate|boost\n|-fail|p1a: Dragapult|unboost|[from] ability: Clear Body|[of] p1a: Dragapult\n|move|p1a: Dragapult|Shadow Ball|p2a: Landorus\n|-damage|p2a: Landorus|0 fnt\n|faint|p2a: Landorus\n|\n|upkeep\n|\n|t:|1658976268\n|switch|p2a: Weavile|Weavile, F|100\/100\n|-ability|p2a: Weavile|Pressure\n|turn|7\n|\n|t:|1658976289\n|switch|p1a: Clefable|Clefable, M|100\/100\n|move|p2a: Weavile|Triple Axel|p1a: Clefable\n|-crit|p1a: Clefable\n|-damage|p1a: Clefable|81\/100\n|-damage|p2a: Weavile|84\/100|[from] item: Rocky Helmet|[of] p1a: Clefable\n|-damage|p1a: Clefable|55\/100\n|-damage|p2a: Weavile|68\/100|[from] item: Rocky Helmet|[of] p1a: Clefable\n|-damage|p1a: Clefable|21\/100\n|-damage|p2a: Weavile|51\/100|[from] item: Rocky Helmet|[of] p1a: Clefable\n|-hitcount|p1a: Clefable|3\n|\n|upkeep\n|turn|8\n|\n|t:|1658976298\n|move|p2a: Weavile|Triple Axel|p1a: Clefable\n|-damage|p1a: Clefable|9\/100\n|-damage|p2a: Weavile|35\/100|[from] item: Rocky Helmet|[of] p1a: Clefable\n|-hitcount|p1a: Clefable|1\n|move|p1a: Clefable|Stealth Rock|p2a: Weavile\n|-sidestart|p2: LT91BB Fc|move: Stealth Rock\n|\n|upkeep\n|turn|9\n|l| Xurem\n|\n|t:|1658976308\n|move|p2a: Weavile|Triple Axel|p1a: Clefable\n|-damage|p1a: Clefable|0 fnt\n|-damage|p2a: Weavile|19\/100|[from] item: Rocky Helmet|[of] p1a: Clefable\n|faint|p1a: Clefable\n|-hitcount|p1: Clefable|1\n|\n|upkeep\n|\n|t:|1658976311\n|switch|p1a: Dragapult|Dragapult, M|88\/100\n|-damage|p1a: Dragapult|76\/100|[from] Stealth Rock\n|turn|10\n|\n|t:|1658976313\n|move|p1a: Dragapult|Shadow Ball|p2a: Weavile\n|-resisted|p2a: Weavile\n|-damage|p2a: Weavile|0 fnt\n|faint|p2a: Weavile\n|\n|upkeep\n|l| PenguinEnthusiast\n|\n|t:|1658976318\n|switch|p2a: Kartana|Kartana|100\/100\n|-damage|p2a: Kartana|94\/100|[from] Stealth Rock\n|turn|11\n|\n|t:|1658976325\n|switch|p1a: Landorus|Landorus-Therian, M|100\/100\n|-damage|p1a: Landorus|88\/100|[from] Stealth Rock\n|-ability|p1a: Landorus|Intimidate|boost\n|-unboost|p2a: Kartana|atk|1\n|move|p2a: Kartana|Knock Off|p1a: Landorus\n|-damage|p1a: Landorus|60\/100\n|-enditem|p1a: Landorus|Leftovers|[from] move: Knock Off|[of] p2a: Kartana\n|\n|upkeep\n|turn|12\n|\n|t:|1658976333\n|switch|p2a: Zapdos|Zapdos|94\/100 tox\n|move|p1a: Landorus|U-turn|p2a: Zapdos\n|-resisted|p2a: Zapdos\n|-damage|p2a: Zapdos|83\/100 tox\n|\n|t:|1658976337\n|switch|p1a: Dragapult|Dragapult, M|76\/100|[from]move: U-turn\n|-damage|p1a: Dragapult|64\/100|[from] Stealth Rock\n|\n|-damage|p2a: Zapdos|77\/100 tox|[from] psn\n|upkeep\n|turn|13\n|\n|t:|1658976349\n|move|p1a: Dragapult|Hex|p2a: Zapdos\n|-damage|p2a: Zapdos|0 fnt\n|faint|p2a: Zapdos\n|\n|upkeep\n|\n|t:|1658976355\n|switch|p2a: Melmetal|Melmetal, shiny|100\/100\n|-damage|p2a: Melmetal|94\/100|[from] Stealth Rock\n|turn|14\n|\n|t:|1658976360\n|switch|p1a: Ferrothorn|Ferrothorn, F|88\/100\n|-damage|p1a: Ferrothorn|82\/100|[from] Stealth Rock\n|move|p2a: Melmetal|Superpower|p1a: Ferrothorn\n|-supereffective|p1a: Ferrothorn\n|-damage|p1a: Ferrothorn|23\/100\n|-unboost|p2a: Melmetal|atk|1\n|-unboost|p2a: Melmetal|def|1\n|-damage|p2a: Melmetal|82\/100|[from] ability: Iron Barbs|[of] p1a: Ferrothorn\n|\n|-heal|p1a: Ferrothorn|29\/100|[from] item: Leftovers\n|upkeep\n|turn|15\n|\n|t:|1658976376\n|switch|p1a: Landorus|Landorus-Therian, M|60\/100\n|-damage|p1a: Landorus|48\/100|[from] Stealth Rock\n|-ability|p1a: Landorus|Intimidate|boost\n|-unboost|p2a: Melmetal|atk|1\n|move|p2a: Melmetal|Superpower|p1a: Landorus\n|-resisted|p1a: Landorus\n|-damage|p1a: Landorus|37\/100\n|-unboost|p2a: Melmetal|atk|1\n|-unboost|p2a: Melmetal|def|1\n|\n|upkeep\n|turn|16\n|inactive|pokeda has 120 seconds left.\n|inactive|LT91BB Fc has 120 seconds left.\n|\n|t:|1658976427\n|switch|p2a: Kartana|Kartana|94\/100\n|-damage|p2a: Kartana|88\/100|[from] Stealth Rock\n|move|p1a: Landorus|Earthquake|p2a: Kartana\n|-damage|p2a: Kartana|43\/100\n|\n|upkeep\n|turn|17\n|inactive|pokeda has 90 seconds left.\n|inactive|LT91BB Fc has 120 seconds left.\n|j| LT91BB 69\n|\n|t:|1658976486\n|switch|p1a: Ferrothorn|Ferrothorn, F|29\/100\n|-damage|p1a: Ferrothorn|23\/100|[from] Stealth Rock\n|move|p2a: Kartana|Smart Strike|p1a: Ferrothorn\n|-resisted|p1a: Ferrothorn\n|-damage|p1a: Ferrothorn|9\/100\n|-damage|p2a: Kartana|30\/100|[from] ability: Iron Barbs|[of] p1a: Ferrothorn\n|\n|-heal|p1a: Ferrothorn|15\/100|[from] item: Leftovers\n|upkeep\n|turn|18\n|\n|t:|1658976504\n|switch|p2a: Volcanion|Volcanion|100\/100\n|-damage|p2a: Volcanion|76\/100|[from] Stealth Rock\n|move|p1a: Ferrothorn|Body Press|p2a: Volcanion\n|-damage|p2a: Volcanion|47\/100\n|\n|-heal|p1a: Ferrothorn|22\/100|[from] item: Leftovers\n|upkeep\n|turn|19\n|l| LT91BB 69\n|inactive|pokeda has 60 seconds left.\n|\n|t:|1658976548\n|move|p2a: Volcanion|Steam Eruption|p1a: Ferrothorn\n|-resisted|p1a: Ferrothorn\n|-damage|p1a: Ferrothorn|0 fnt\n|faint|p1a: Ferrothorn\n|\n|upkeep\n|\n|t:|1658976557\n|switch|p1a: Dragapult|Dragapult, M|64\/100\n|-damage|p1a: Dragapult|51\/100|[from] Stealth Rock\n|turn|20\n|l| LT91BB pop smoke\n|inactive|LT91BB Fc has 90 seconds left.\n|\n|t:|1658976596\n|move|p1a: Dragapult|Shadow Ball|p2a: Volcanion\n|-damage|p2a: Volcanion|0 fnt\n|faint|p2a: Volcanion\n|\n|upkeep\n|\n|t:|1658976597\n|switch|p2a: Kartana|Kartana|30\/100\n|-damage|p2a: Kartana|24\/100|[from] Stealth Rock\n|turn|21\n|\n|t:|1658976600\n|switch|p1a: Landorus|Landorus-Therian, M|37\/100\n|-damage|p1a: Landorus|25\/100|[from] Stealth Rock\n|-ability|p1a: Landorus|Intimidate|boost\n|-unboost|p2a: Kartana|atk|1\n|move|p2a: Kartana|Smart Strike|p1a: Landorus\n|-damage|p1a: Landorus|0 fnt\n|faint|p1a: Landorus\n|-ability|p2a: Kartana|Beast Boost|boost\n|-boost|p2a: Kartana|atk|1\n|\n|upkeep\n|\n|t:|1658976602\n|switch|p1a: Glastrier|Glastrier|100\/100\n|-damage|p1a: Glastrier|75\/100|[from] Stealth Rock\n|turn|22\n|\n|t:|1658976607\n|switch|p2a: Melmetal|Melmetal, shiny|82\/100\n|-damage|p2a: Melmetal|76\/100|[from] Stealth Rock\n|move|p1a: Glastrier|High Horsepower|p2a: Melmetal\n|-supereffective|p2a: Melmetal\n|-damage|p2a: Melmetal|36\/100\n|\n|upkeep\n|turn|23\n|\n|t:|1658976614\n|move|p1a: Glastrier|High Horsepower|p2a: Melmetal\n|-supereffective|p2a: Melmetal\n|-damage|p2a: Melmetal|0 fnt\n|faint|p2a: Melmetal\n|-ability|p1a: Glastrier|Chilling Neigh|boost\n|-boost|p1a: Glastrier|atk|1\n|\n|upkeep\n|\n|t:|1658976616\n|switch|p2a: Kartana|Kartana|24\/100\n|-damage|p2a: Kartana|18\/100|[from] Stealth Rock\n|turn|24\n|\n|t:|1658976619\n|move|p2a: Kartana|Smart Strike|p1a: Glastrier\n|-supereffective|p1a: Glastrier\n|-damage|p1a: Glastrier|3\/100\n|move|p1a: Glastrier|High Horsepower|p2a: Kartana\n|-damage|p2a: Kartana|0 fnt\n|faint|p2a: Kartana\n|\n|win|pokeda\n|raw|pokeda's rating: 1737 &rarr; <strong>1753<\/strong><br \/>(+16 for winning)\n|raw|LT91BB Fc's rating: 1673 &rarr; <strong>1657<\/strong><br \/>(-16 for losing)\n|c| LT91BB cuzzie|nice team\n|l|\u2606LT91BB Fc\n|c|\u2606pokeda|ty\n||Ladder isn't responding, score probably updated but might not have (Request timeout).\n|l| LT91BBEZ\n|l| isza\n","uploadtime":1658976797,"views":81,"p1id":"pokeda","p2id":"lt91bbfc","formatid":"gen8ou","rating":1657,"private":0,"password":null}