{"id":"gen8ou-1115932778","p1":"Eltyyy","p2":"Burnt Bright","format":"gen8ou","log":"|j|\u2606Eltyyy\n|j|\u2606Burnt Bright\n|player|p1|Eltyyy|102|1860\n|player|p2|Burnt Bright|169|1832\n|teamsize|p1|6\n|teamsize|p2|6\n|gametype|singles\n|gen|8\n|tier|[Gen 8] OU\n|rated|\n|clearpoke\n|poke|p1|Rotom-Heat|\n|poke|p1|Ferrothorn, M|\n|poke|p1|Clefable, M|\n|poke|p1|Hippowdon, M|\n|poke|p1|Excadrill, M|\n|poke|p1|Gengar, M|\n|poke|p2|Zeraora|\n|poke|p2|Aegislash, M|\n|poke|p2|Seismitoad, F|\n|poke|p2|Mandibuzz, F|\n|poke|p2|Kommo-o, F|\n|poke|p2|Chandelure, M|\n|rule|Sleep Clause Mod: Limit one foe put to sleep\n|rule|Species Clause: Limit one of each Pok\u00e9mon\n|rule|OHKO Clause: OHKO moves are banned\n|rule|Evasion Moves Clause: Evasion moves are banned\n|rule|Endless Battle Clause: Forcing endless battles is banned\n|rule|HP Percentage Mod: HP is shown in percentages\n|rule|Dynamax Clause: You cannot dynamax\n|teampreview\n|inactive|Battle timer is ON: inactive players will automatically lose when time's up. (requested by Eltyyy)\n|inactive|Eltyyy has 120 seconds left.\n|\n|start\n|switch|p1a: Ferrothorn|Ferrothorn, M|100\/100\n|switch|p2a: Kommo-o|Kommo-o, F|100\/100\n|turn|1\n|\n|switch|p1a: Hippowdon|Hippowdon, M|100\/100\n|-weather|Sandstorm|[from] ability: Sand Stream|[of] p1a: Hippowdon\n|move|p2a: Kommo-o|Taunt|p1a: Hippowdon\n|-start|p1a: Hippowdon|move: Taunt\n|\n|-weather|Sandstorm|[upkeep]\n|-damage|p2a: Kommo-o|94\/100|[from] Sandstorm\n|-heal|p2a: Kommo-o|100\/100|[from] item: Leftovers\n|upkeep\n|turn|2\n|\n|move|p2a: Kommo-o|Iron Defense|p2a: Kommo-o\n|-boost|p2a: Kommo-o|def|2\n|move|p1a: Hippowdon|Earthquake|p2a: Kommo-o\n|-damage|p2a: Kommo-o|88\/100\n|\n|-weather|Sandstorm|[upkeep]\n|-damage|p2a: Kommo-o|82\/100|[from] Sandstorm\n|-heal|p2a: Kommo-o|88\/100|[from] item: Leftovers\n|upkeep\n|turn|3\n|\n|switch|p1a: Rotom|Rotom-Heat|100\/100\n|move|p2a: Kommo-o|Body Press|p1a: Rotom\n|-damage|p1a: Rotom|13\/100\n|\n|-weather|Sandstorm|[upkeep]\n|-damage|p1a: Rotom|7\/100|[from] Sandstorm\n|-damage|p2a: Kommo-o|82\/100|[from] Sandstorm\n|-heal|p2a: Kommo-o|88\/100|[from] item: Leftovers\n|upkeep\n|turn|4\n|\n|switch|p2a: Chandelure|Chandelure, M|100\/100\n|move|p1a: Rotom|Toxic|p2a: Chandelure\n|-status|p2a: Chandelure|tox\n|\n|-weather|Sandstorm|[upkeep]\n|-damage|p1a: Rotom|1\/100|[from] Sandstorm\n|-damage|p2a: Chandelure|94\/100 tox|[from] Sandstorm\n|-damage|p2a: Chandelure|88\/100 tox|[from] psn\n|upkeep\n|turn|5\n|\n|switch|p1a: Clefable|Clefable, M|100\/100\n|move|p2a: Chandelure|Shadow Ball|p1a: Clefable\n|-damage|p1a: Clefable|52\/100\n|\n|-weather|none\n|-heal|p1a: Clefable|58\/100|[from] item: Leftovers\n|-damage|p2a: Chandelure|76\/100 tox|[from] psn\n|upkeep\n|turn|6\n|\n|switch|p2a: Aegislash|Aegislash, M|100\/100\n|move|p1a: Clefable|Wish|p1a: Clefable\n|\n|-heal|p1a: Clefable|64\/100|[from] item: Leftovers\n|upkeep\n|turn|7\n|\n|move|p1a: Clefable|Protect|p1a: Clefable\n|-singleturn|p1a: Clefable|Protect\n|move|p2a: Aegislash|Substitute|p2a: Aegislash\n|-start|p2a: Aegislash|Substitute\n|-damage|p2a: Aegislash|76\/100\n|\n|-heal|p1a: Clefable|100\/100|[from] move: Wish|[wisher] Clefable\n|upkeep\n|turn|8\n|\n|switch|p1a: Hippowdon|Hippowdon, M|100\/100\n|-weather|Sandstorm|[from] ability: Sand Stream|[of] p1a: Hippowdon\n|-formechange|p2a: Aegislash|Aegislash-Blade||[from] ability: Stance Change\n|move|p2a: Aegislash|Flash Cannon|p1a: Hippowdon\n|-damage|p1a: Hippowdon|52\/100\n|\n|-weather|Sandstorm|[upkeep]\n|upkeep\n|turn|9\n|\n|move|p2a: Aegislash|Shadow Ball|p1a: Hippowdon\n|-damage|p1a: Hippowdon|0 fnt\n|faint|p1a: Hippowdon\n|\n|-weather|Sandstorm|[upkeep]\n|upkeep\n|\n|switch|p1a: Rotom|Rotom-Heat|1\/100\n|turn|10\n|\n|move|p2a: Aegislash|Shadow Sneak|p1a: Rotom\n|-damage|p1a: Rotom|0 fnt\n|faint|p1a: Rotom\n|\n|-weather|Sandstorm|[upkeep]\n|upkeep\n|\n|switch|p1a: Ferrothorn|Ferrothorn, M|100\/100\n|turn|11\n|\n|move|p2a: Aegislash|Shadow Ball|p1a: Ferrothorn\n|-damage|p1a: Ferrothorn|52\/100\n|-unboost|p1a: Ferrothorn|spd|1\n|move|p1a: Ferrothorn|Knock Off|p2a: Aegislash\n|-supereffective|p2a: Aegislash\n|-end|p2a: Aegislash|Substitute\n|\n|-weather|Sandstorm|[upkeep]\n|-heal|p1a: Ferrothorn|58\/100|[from] item: Leftovers\n|upkeep\n|turn|12\n|\n|switch|p1a: Excadrill|Excadrill, M|100\/100\n|move|p2a: Aegislash|Shadow Ball|p1a: Excadrill\n|-damage|p1a: Excadrill|28\/100\n|\n|-weather|none\n|upkeep\n|turn|13\n|\n|switch|p2a: Mandibuzz|Mandibuzz, F|100\/100\n|move|p1a: Excadrill|Earthquake|p2a: Mandibuzz\n|-immune|p2a: Mandibuzz\n|\n|upkeep\n|turn|14\n|\n|switch|p1a: Ferrothorn|Ferrothorn, M|58\/100\n|move|p2a: Mandibuzz|U-turn|p1a: Ferrothorn\n|-damage|p1a: Ferrothorn|51\/100\n|-damage|p2a: Mandibuzz|88\/100|[from] ability: Iron Barbs|[of] p1a: Ferrothorn\n|\n|switch|p2a: Chandelure|Chandelure, M|76\/100 tox|[from]move: U-turn\n|\n|-heal|p1a: Ferrothorn|57\/100|[from] item: Leftovers\n|-damage|p2a: Chandelure|70\/100 tox|[from] psn\n|upkeep\n|turn|15\n|\n|switch|p1a: Clefable|Clefable, M|100\/100\n|move|p2a: Chandelure|Flamethrower|p1a: Clefable\n|-damage|p1a: Clefable|46\/100\n|\n|-heal|p1a: Clefable|52\/100|[from] item: Leftovers\n|-damage|p2a: Chandelure|58\/100 tox|[from] psn\n|upkeep\n|turn|16\n|\n|switch|p2a: Aegislash|Aegislash, M|76\/100\n|move|p1a: Clefable|Protect||[still]\n|-fail|p1a: Clefable\n|\n|-heal|p1a: Clefable|58\/100|[from] item: Leftovers\n|upkeep\n|turn|17\n|\n|-formechange|p2a: Aegislash|Aegislash-Blade||[from] ability: Stance Change\n|move|p2a: Aegislash|Flash Cannon|p1a: Clefable\n|-supereffective|p1a: Clefable\n|-damage|p1a: Clefable|0 fnt\n|faint|p1a: Clefable\n|\n|upkeep\n|\n|switch|p1a: Excadrill|Excadrill, M|28\/100\n|turn|18\n|-message|Eltyyy forfeited.\n|\n|win|Burnt Bright\n|l|\u2606Eltyyy\n|raw|Eltyyy's rating: 1835 &rarr; <strong>1815<\/strong><br \/>(-20 for losing)\n|raw|Burnt Bright's rating: 1832 &rarr; <strong>1852<\/strong><br \/>(+20 for winning)\n","uploadtime":1589670217,"views":50,"p1id":"eltyyy","p2id":"burntbright","formatid":"gen8ou","rating":1815,"private":0,"password":null}