{"id":"gen8ou-1372021865","p1":"cows123p","p2":"high speed trash","format":"gen8ou","log":"|j|\u2606cows123p\n|j|\u2606high speed trash\n|t:|1625625019\n|gametype|singles\n|player|p1|cows123p|swimmerf|1560\n|player|p2|high speed trash|harlequin|1629\n|teamsize|p1|6\n|teamsize|p2|6\n|gen|8\n|tier|[Gen 8] OU\n|rated|\n|rule|Sleep Clause Mod: Limit one foe put to sleep\n|rule|Species Clause: Limit one of each Pok\u00e9mon\n|rule|OHKO Clause: OHKO moves are banned\n|rule|Evasion Moves Clause: Evasion moves are banned\n|rule|Endless Battle Clause: Forcing endless battles is banned\n|rule|HP Percentage Mod: HP is shown in percentages\n|rule|Dynamax Clause: You cannot dynamax\n|clearpoke\n|poke|p1|Clefable, M|\n|poke|p1|Jellicent, M|\n|poke|p1|Garchomp, F|\n|poke|p1|Tyranitar, M|\n|poke|p1|Scizor, M|\n|poke|p1|Tapu Lele|\n|poke|p2|Kartana|\n|poke|p2|Dragapult, M|\n|poke|p2|Tapu Fini|\n|poke|p2|Melmetal|\n|poke|p2|Clefable, F|\n|poke|p2|Landorus-Therian, M|\n|teampreview\n|inactive|Battle timer is ON: inactive players will automatically lose when time's up. (requested by high speed trash)\n|\n|t:|1625625039\n|start\n|switch|p1a: Jellicent|Jellicent, M|100\/100\n|switch|p2a: Dragapult|Dragapult, M|100\/100\n|turn|1\n|\n|t:|1625625054\n|move|p2a: Dragapult|U-turn|p1a: Jellicent\n|-resisted|p1a: Jellicent\n|-damage|p1a: Jellicent|84\/100\n|\n|t:|1625625056\n|switch|p2a: Clefable|Clefable, F|100\/100|[from]move: U-turn\n|move|p1a: Jellicent|Will-O-Wisp|p2a: Clefable|[miss]\n|-miss|p1a: Jellicent|p2a: Clefable\n|\n|-heal|p1a: Jellicent|91\/100|[from] item: Leftovers\n|upkeep\n|turn|2\n|\n|t:|1625625069\n|move|p1a: Jellicent|Taunt|p2a: Clefable\n|-start|p2a: Clefable|move: Taunt\n|move|p2a: Clefable|Knock Off|p1a: Jellicent\n|-supereffective|p1a: Jellicent\n|-damage|p1a: Jellicent|67\/100\n|-enditem|p1a: Jellicent|Leftovers|[from] move: Knock Off|[of] p2a: Clefable\n|\n|upkeep\n|turn|3\n|\n|t:|1625625079\n|move|p1a: Jellicent|Will-O-Wisp|p2a: Clefable\n|-status|p2a: Clefable|brn\n|move|p2a: Clefable|Moonblast|p1a: Jellicent\n|-damage|p1a: Jellicent|42\/100\n|-unboost|p1a: Jellicent|spa|1\n|\n|upkeep\n|turn|4\n|inactive|high speed trash has 120 seconds left.\n|\n|t:|1625625115\n|move|p1a: Jellicent|Recover|p1a: Jellicent\n|-heal|p1a: Jellicent|92\/100\n|move|p2a: Clefable|Moonblast|p1a: Jellicent\n|-damage|p1a: Jellicent|68\/100\n|\n|-end|p2a: Clefable|move: Taunt\n|upkeep\n|turn|5\n|inactive|high speed trash has 120 seconds left.\n|\n|t:|1625625125\n|move|p1a: Jellicent|Will-O-Wisp|p2a: Clefable\n|-fail|p2a: Clefable|brn\n|move|p2a: Clefable|Moonblast|p1a: Jellicent\n|-damage|p1a: Jellicent|43\/100\n|\n|upkeep\n|turn|6\n|inactive|high speed trash has 120 seconds left.\n|\n|t:|1625625134\n|move|p1a: Jellicent|Taunt|p2a: Clefable\n|-start|p2a: Clefable|move: Taunt\n|cant|p2a: Clefable|move: Taunt|Stealth Rock\n|\n|upkeep\n|turn|7\n|\n|t:|1625625139\n|move|p1a: Jellicent|Hex|p2a: Clefable\n|-damage|p2a: Clefable|82\/100 brn\n|move|p2a: Clefable|Moonblast|p1a: Jellicent\n|-damage|p1a: Jellicent|17\/100\n|\n|-heal|p2a: Clefable|88\/100 brn|[from] item: Leftovers\n|upkeep\n|turn|8\n|inactive|high speed trash has 120 seconds left.\n|\n|t:|1625625160\n|switch|p2a: Kartana|Kartana|100\/100\n|move|p1a: Jellicent|Recover|p1a: Jellicent\n|-heal|p1a: Jellicent|67\/100\n|\n|upkeep\n|turn|9\n|\n|t:|1625625169\n|switch|p2a: Dragapult|Dragapult, M|100\/100\n|switch|p1a: Scizor|Scizor, M|100\/100\n|\n|upkeep\n|turn|10\n|\n|t:|1625625175\n|switch|p1a: Tyranitar|Tyranitar, M|100\/100\n|-weather|Sandstorm|[from] ability: Sand Stream|[of] p1a: Tyranitar\n|move|p2a: Dragapult|U-turn|p1a: Tyranitar\n|-supereffective|p1a: Tyranitar\n|-damage|p1a: Tyranitar|28\/100\n|\n|t:|1625625194\n|switch|p2a: Tapu Fini|Tapu Fini|100\/100|[from]move: U-turn\n|-fieldstart|move: Misty Terrain|[from] ability: Misty Surge|[of] p2a: Tapu Fini\n|\n|-weather|Sandstorm|[upkeep]\n|-damage|p2a: Tapu Fini|94\/100|[from] Sandstorm\n|-heal|p2a: Tapu Fini|100\/100|[from] item: Leftovers\n|upkeep\n|turn|11\n|\n|t:|1625625202\n|move|p2a: Tapu Fini|Surf|p1a: Tyranitar\n|-supereffective|p1a: Tyranitar\n|-damage|p1a: Tyranitar|8\/100\n|move|p1a: Tyranitar|Stone Edge|p2a: Tapu Fini|[miss]\n|-miss|p1a: Tyranitar|p2a: Tapu Fini\n|\n|-weather|Sandstorm|[upkeep]\n|-damage|p2a: Tapu Fini|94\/100|[from] Sandstorm\n|-heal|p2a: Tapu Fini|100\/100|[from] item: Leftovers\n|upkeep\n|turn|12\n|\n|t:|1625625213\n|switch|p1a: Jellicent|Jellicent, M|67\/100\n|move|p2a: Tapu Fini|Surf|p1a: Jellicent\n|-heal|p1a: Jellicent|92\/100|[from] ability: Water Absorb|[of] p2a: Tapu Fini\n|\n|-weather|Sandstorm|[upkeep]\n|-damage|p2a: Tapu Fini|94\/100|[from] Sandstorm\n|-damage|p1a: Jellicent|86\/100|[from] Sandstorm\n|-heal|p2a: Tapu Fini|100\/100|[from] item: Leftovers\n|upkeep\n|turn|13\n|\n|t:|1625625223\n|move|p2a: Tapu Fini|Taunt|p1a: Jellicent\n|-start|p1a: Jellicent|move: Taunt\n|cant|p1a: Jellicent|move: Taunt|Taunt\n|\n|-weather|Sandstorm|[upkeep]\n|-damage|p2a: Tapu Fini|94\/100|[from] Sandstorm\n|-damage|p1a: Jellicent|80\/100|[from] Sandstorm\n|-heal|p2a: Tapu Fini|100\/100|[from] item: Leftovers\n|upkeep\n|turn|14\n|\n|t:|1625625230\n|move|p2a: Tapu Fini|Calm Mind|p2a: Tapu Fini\n|-boost|p2a: Tapu Fini|spa|1\n|-boost|p2a: Tapu Fini|spd|1\n|move|p1a: Jellicent|Hex|p2a: Tapu Fini\n|-damage|p2a: Tapu Fini|90\/100\n|\n|-weather|none\n|-heal|p2a: Tapu Fini|96\/100|[from] item: Leftovers\n|-fieldend|Misty Terrain\n|upkeep\n|turn|15\n|-message|cows123p forfeited.\n|\n|win|high speed trash\n|raw|cows123p's rating: 1560 &rarr; <strong>1544<\/strong><br \/>(-16 for losing)\n|raw|high speed trash's rating: 1629 &rarr; <strong>1645<\/strong><br \/>(+16 for winning)\n|l|\u2606cows123p\n","uploadtime":1625625236,"views":6,"p1id":"cows123p","p2id":"highspeedtrash","formatid":"gen8ou","rating":1544,"private":0,"password":null}