{"id":"gen8ou-1699872309","p1":"minimax_ai","p2":"Not Sarcasm","format":"gen8ou","log":"|j|\u203dminimax_ai\n|j|\u2606Not Sarcasm\n|t:|1667280638\n|gametype|singles\n|player|p1|minimax_ai|266|1553\n|player|p2|Not Sarcasm|102|1624\n|teamsize|p1|6\n|teamsize|p2|6\n|gen|8\n|tier|[Gen 8] OU\n|rated|\n|rule|Sleep Clause Mod: Limit one foe put to sleep\n|rule|Species Clause: Limit one of each Pok\u00e9mon\n|rule|OHKO Clause: OHKO moves are banned\n|rule|Evasion Items Clause: Evasion items are banned\n|rule|Evasion Moves Clause: Evasion moves are banned\n|rule|Endless Battle Clause: Forcing endless battles is banned\n|rule|HP Percentage Mod: HP is shown in percentages\n|rule|Dynamax Clause: You cannot dynamax\n|clearpoke\n|poke|p1|Rotom-Wash|\n|poke|p1|Weavile, F|\n|poke|p1|Landorus-Therian, M|\n|poke|p1|Heatran, M|\n|poke|p1|Tangrowth, F|\n|poke|p1|Melmetal|\n|poke|p2|Rillaboom, M|\n|poke|p2|Tornadus-Therian, M|\n|poke|p2|Blaziken, M|\n|poke|p2|Melmetal|\n|poke|p2|Garchomp, F|\n|poke|p2|Slowbro, M|\n|teampreview\n|inactive|Battle timer is ON: inactive players will automatically lose when time's up. (requested by Not Sarcasm)\n|inactive|minimax_ai also wants the timer to be on.\n|\n|t:|1667280643\n|start\n|switch|p1a: Landorus|Landorus-Therian, M|100\/100\n|switch|p2a: Blaziken|Blaziken, M|100\/100\n|-ability|p1a: Landorus|Intimidate|boost\n|-unboost|p2a: Blaziken|atk|1\n|turn|1\n|\n|t:|1667280649\n|switch|p2a: Tornadus|Tornadus-Therian, M|100\/100\n|move|p1a: Landorus|Earthquake|p2a: Tornadus\n|-immune|p2a: Tornadus\n|\n|upkeep\n|turn|2\n|\n|t:|1667280655\n|move|p2a: Tornadus|Knock Off|p1a: Landorus\n|-damage|p1a: Landorus|80\/100\n|-enditem|p1a: Landorus|Leftovers|[from] move: Knock Off|[of] p2a: Tornadus\n|move|p1a: Landorus|Earthquake|p2a: Tornadus\n|-immune|p2a: Tornadus\n|\n|upkeep\n|turn|3\n|\n|t:|1667280660\n|move|p2a: Tornadus|Heat Wave|p1a: Landorus\n|-damage|p1a: Landorus|61\/100\n|move|p1a: Landorus|Earthquake|p2a: Tornadus\n|-immune|p2a: Tornadus\n|\n|upkeep\n|turn|4\n|c|\u2606Not Sarcasm|flying type idiot\n|\n|t:|1667280670\n|move|p2a: Tornadus|Knock Off|p1a: Landorus\n|-damage|p1a: Landorus|46\/100\n|move|p1a: Landorus|Earthquake|p2a: Tornadus\n|-immune|p2a: Tornadus\n|\n|upkeep\n|turn|5\n|\n|t:|1667280675\n|move|p2a: Tornadus|Heat Wave|p1a: Landorus\n|-damage|p1a: Landorus|28\/100\n|move|p1a: Landorus|Earthquake|p2a: Tornadus\n|-immune|p2a: Tornadus\n|\n|upkeep\n|turn|6\n|\n|t:|1667280680\n|move|p2a: Tornadus|Heat Wave|p1a: Landorus\n|-damage|p1a: Landorus|10\/100\n|move|p1a: Landorus|Earthquake|p2a: Tornadus\n|-immune|p2a: Tornadus\n|\n|upkeep\n|turn|7\n|\n|t:|1667280685\n|switch|p1a: Rotom|Rotom-Wash|100\/100\n|move|p2a: Tornadus|Knock Off|p1a: Rotom\n|-damage|p1a: Rotom|80\/100\n|-enditem|p1a: Rotom|Leftovers|[from] move: Knock Off|[of] p2a: Tornadus\n|\n|upkeep\n|turn|8\n|\n|t:|1667280691\n|move|p2a: Tornadus|U-turn|p1a: Rotom\n|-damage|p1a: Rotom|66\/100\n|\n|t:|1667280693\n|switch|p2a: Garchomp|Garchomp, F|100\/100|[from]move: U-turn\n|move|p1a: Rotom|Hydro Pump|p2a: Garchomp\n|-damage|p2a: Garchomp|74\/100\n|\n|-heal|p2a: Garchomp|80\/100|[from] item: Leftovers\n|upkeep\n|turn|9\n|\n|t:|1667280700\n|move|p1a: Rotom|Pain Split|p2a: Garchomp\n|-sethp|p2a: Garchomp|64\/100|[from] move: Pain Split|[silent]\n|-sethp|p1a: Rotom|88\/100|[from] move: Pain Split\n|move|p2a: Garchomp|Stealth Rock|p1a: Rotom\n|-sidestart|p1: minimax_ai|move: Stealth Rock\n|\n|-heal|p2a: Garchomp|70\/100|[from] item: Leftovers\n|upkeep\n|turn|10\n|\n|t:|1667280707\n|move|p1a: Rotom|Hydro Pump|p2a: Garchomp|[miss]\n|-miss|p1a: Rotom|p2a: Garchomp\n|move|p2a: Garchomp|Toxic|p1a: Rotom\n|-status|p1a: Rotom|tox\n|\n|-heal|p2a: Garchomp|77\/100|[from] item: Leftovers\n|-damage|p1a: Rotom|81\/100 tox|[from] psn\n|upkeep\n|turn|11\n|\n|t:|1667280714\n|move|p2a: Garchomp|Protect|p2a: Garchomp\n|-singleturn|p2a: Garchomp|Protect\n|move|p1a: Rotom|Hydro Pump|p2a: Garchomp\n|-activate|p2a: Garchomp|move: Protect\n|\n|-heal|p2a: Garchomp|83\/100|[from] item: Leftovers\n|-damage|p1a: Rotom|69\/100 tox|[from] psn\n|upkeep\n|turn|12\n|\n|t:|1667280722\n|switch|p2a: Slowbro|Slowbro, M|100\/100\n|move|p1a: Rotom|Hydro Pump|p2a: Slowbro\n|-resisted|p2a: Slowbro\n|-damage|p2a: Slowbro|79\/100\n|\n|-damage|p1a: Rotom|50\/100 tox|[from] psn\n|upkeep\n|turn|13\n|\n|t:|1667280738\n|move|p1a: Rotom|Hydro Pump|p2a: Slowbro\n|-resisted|p2a: Slowbro\n|-damage|p2a: Slowbro|56\/100\n|move|p2a: Slowbro|Teleport|p2a: Slowbro\n|inactive|Not Sarcasm has 120 seconds left.\n|\n|t:|1667280764\n|switch|p2a: Rillaboom|Rillaboom, M|100\/100|[from]move: Teleport\n|-fieldstart|move: Grassy Terrain|[from] ability: Grassy Surge|[of] p2a: Rillaboom\n|\n|-damage|p1a: Rotom|25\/100 tox|[from] psn\n|upkeep\n|turn|14\n|inactive|Not Sarcasm has 120 seconds left.\n|\n|t:|1667280772\n|move|p2a: Rillaboom|Grassy Glide|p1a: Rotom\n|-supereffective|p1a: Rotom\n|-damage|p1a: Rotom|0 fnt\n|faint|p1a: Rotom\n|\n|upkeep\n|\n|t:|1667280772\n|switch|p1a: Melmetal|Melmetal|100\/100\n|-damage|p1a: Melmetal|94\/100|[from] Stealth Rock\n|turn|15\n|inactive|Not Sarcasm has 120 seconds left.\n|inactive|Not Sarcasm has 90 seconds left.\n|\n|t:|1667280828\n|move|p2a: Rillaboom|Knock Off|p1a: Melmetal\n|-damage|p1a: Melmetal|73\/100\n|-enditem|p1a: Melmetal|Assault Vest|[from] move: Knock Off|[of] p2a: Rillaboom\n|move|p1a: Melmetal|Double Iron Bash|p2a: Rillaboom\n|-damage|p2a: Rillaboom|64\/100\n|-damage|p2a: Rillaboom|27\/100\n|-hitcount|p2a: Rillaboom|2\n|\n|-heal|p2a: Rillaboom|33\/100|[from] Grassy Terrain\n|-heal|p2a: Rillaboom|40\/100|[from] item: Leftovers\n|-heal|p1a: Melmetal|79\/100|[from] Grassy Terrain\n|upkeep\n|turn|16\n|\n|t:|1667280841\n|switch|p2a: Slowbro|Slowbro, M|89\/100\n|move|p1a: Melmetal|Double Iron Bash|p2a: Slowbro\n|-resisted|p2a: Slowbro\n|-damage|p2a: Slowbro|77\/100\n|-damage|p1a: Melmetal|62\/100|[from] item: Rocky Helmet|[of] p2a: Slowbro\n|-resisted|p2a: Slowbro\n|-damage|p2a: Slowbro|65\/100\n|-damage|p1a: Melmetal|46\/100|[from] item: Rocky Helmet|[of] p2a: Slowbro\n|-hitcount|p2a: Slowbro|2\n|\n|-heal|p1a: Melmetal|52\/100|[from] Grassy Terrain\n|-heal|p2a: Slowbro|71\/100|[from] Grassy Terrain\n|upkeep\n|turn|17\n|\n|t:|1667280855\n|move|p1a: Melmetal|Double Iron Bash|p2a: Slowbro\n|-resisted|p2a: Slowbro\n|-damage|p2a: Slowbro|59\/100\n|-damage|p1a: Melmetal|35\/100|[from] item: Rocky Helmet|[of] p2a: Slowbro\n|-resisted|p2a: Slowbro\n|-damage|p2a: Slowbro|48\/100\n|-damage|p1a: Melmetal|19\/100|[from] item: Rocky Helmet|[of] p2a: Slowbro\n|-hitcount|p2a: Slowbro|2\n|move|p2a: Slowbro|Teleport|p2a: Slowbro\n|\n|t:|1667280864\n|switch|p2a: Blaziken|Blaziken, M|100\/100|[from]move: Teleport\n|\n|-heal|p1a: Melmetal|25\/100|[from] Grassy Terrain\n|-fieldend|move: Grassy Terrain\n|upkeep\n|turn|18\n|\n|t:|1667280869\n|switch|p1a: Landorus|Landorus-Therian, M|10\/100\n|-damage|p1a: Landorus|0 fnt|[from] Stealth Rock\n|faint|p1a: Landorus\n|move|p2a: Blaziken|Swords Dance|p2a: Blaziken\n|-boost|p2a: Blaziken|atk|2\n|\n|-ability|p2a: Blaziken|Speed Boost|boost\n|-boost|p2a: Blaziken|spe|1\n|upkeep\n|\n|t:|1667280869\n|switch|p1a: Melmetal|Melmetal|25\/100\n|-damage|p1a: Melmetal|19\/100|[from] Stealth Rock\n|turn|19\n|inactive|Not Sarcasm has 90 seconds left.\n|\n|t:|1667280880\n|move|p2a: Blaziken|Flare Blitz|p1a: Melmetal\n|-supereffective|p1a: Melmetal\n|-damage|p1a: Melmetal|0 fnt\n|faint|p1a: Melmetal\n|-damage|p2a: Blaziken|92\/100|[from] Recoil\n|\n|-heal|p2a: Blaziken|99\/100|[from] item: Leftovers\n|-ability|p2a: Blaziken|Speed Boost|boost\n|-boost|p2a: Blaziken|spe|1\n|upkeep\n|\n|t:|1667280880\n|switch|p1a: Tangrowth|Tangrowth, F|100\/100\n|-damage|p1a: Tangrowth|88\/100|[from] Stealth Rock\n|turn|20\n|inactive|Not Sarcasm has 90 seconds left.\n|\n|t:|1667280915\n|move|p2a: Blaziken|Flare Blitz|p1a: Tangrowth\n|-supereffective|p1a: Tangrowth\n|-damage|p1a: Tangrowth|0 fnt\n|-damage|p2a: Blaziken|82\/100|[from] item: Rocky Helmet|[of] p1a: Tangrowth\n|faint|p1a: Tangrowth\n|-damage|p2a: Blaziken|47\/100|[from] Recoil\n|\n|-heal|p2a: Blaziken|54\/100|[from] item: Leftovers\n|-ability|p2a: Blaziken|Speed Boost|boost\n|-boost|p2a: Blaziken|spe|1\n|upkeep\n|\n|t:|1667280915\n|switch|p1a: Heatran|Heatran, M|100\/100\n|-damage|p1a: Heatran|88\/100|[from] Stealth Rock\n|-item|p1a: Heatran|Air Balloon\n|turn|21\n|\n|t:|1667280945\n|move|p2a: Blaziken|Close Combat|p1a: Heatran\n|-supereffective|p1a: Heatran\n|-damage|p1a: Heatran|0 fnt\n|-unboost|p2a: Blaziken|def|1\n|-unboost|p2a: Blaziken|spd|1\n|-enditem|p1a: Heatran|Air Balloon\n|faint|p1a: Heatran\n|\n|-heal|p2a: Blaziken|60\/100|[from] item: Leftovers\n|-ability|p2a: Blaziken|Speed Boost|boost\n|-boost|p2a: Blaziken|spe|1\n|upkeep\n|\n|t:|1667280945\n|switch|p1a: Weavile|Weavile, F|100\/100\n|-damage|p1a: Weavile|76\/100|[from] Stealth Rock\n|-ability|p1a: Weavile|Pressure\n|turn|22\n|inactive|Not Sarcasm has 60 seconds left.\n|inactive|Not Sarcasm has 30 seconds left.\n|inactive|Not Sarcasm has 20 seconds left.\n|inactive|Not Sarcasm has 15 seconds left.\n|inactive|Not Sarcasm has 10 seconds left.\n|inactive|Not Sarcasm has 5 seconds left.\n|-message|Not Sarcasm lost due to inactivity.\n|\n|win|minimax_ai\n|raw|minimax_ai's rating: 1553 &rarr; <strong>1577<\/strong><br \/>(+24 for winning)\n|raw|Not Sarcasm's rating: 1624 &rarr; <strong>1600<\/strong><br \/>(-24 for losing)\n","uploadtime":1667281027,"views":9,"p1id":"minimaxai","p2id":"notsarcasm","formatid":"gen8ou","rating":1577,"private":0,"password":null}