{"id":"gen8nationaldex-1601482422","p1":"FIRE LORD AESON!","p2":"fishy8995","format":"gen8nationaldex","log":"|j|\u2606FIRE LORD AESON!\n|j|\u2606fishy8995\n|t:|1655859898\n|gametype|singles\n|player|p1|FIRE LORD AESON!|red-gen1|1697\n|player|p2|fishy8995|101|1641\n|teamsize|p1|6\n|teamsize|p2|6\n|gen|8\n|tier|[Gen 8] National Dex\n|rated|\n|rule|HP Percentage Mod: HP is shown in percentages\n|rule|Endless Battle Clause: Forcing endless battles is banned\n|rule|OHKO Clause: OHKO moves are banned\n|rule|Evasion Moves Clause: Evasion moves are banned\n|rule|Species Clause: Limit one of each Pok\u00e9mon\n|rule|Dynamax Clause: You cannot dynamax\n|rule|Sleep Clause Mod: Limit one foe put to sleep\n|clearpoke\n|poke|p1|Pikachu, F|\n|poke|p1|Charizard, M|\n|poke|p1|Blastoise, M|\n|poke|p1|Venusaur, M|\n|poke|p1|Torkoal, F|\n|poke|p1|Butterfree, M|\n|poke|p2|Hippowdon, F|\n|poke|p2|Tyranitar, M|\n|poke|p2|Excadrill, F|\n|poke|p2|Yanmega, M|\n|poke|p2|Toxapex, M|\n|poke|p2|Dracozolt|\n|teampreview\n|\n|t:|1655859919\n|start\n|switch|p1a: Butterfree|Butterfree, M|100\/100\n|switch|p2a: Tyranitar|Tyranitar, M|100\/100\n|-weather|Sandstorm|[from] ability: Sand Stream|[of] p2a: Tyranitar\n|turn|1\n|\n|t:|1655859939\n|move|p1a: Butterfree|Sleep Powder|p2a: Tyranitar\n|-status|p2a: Tyranitar|slp|[from] move: Sleep Powder\n|cant|p2a: Tyranitar|slp\n|\n|-weather|Sandstorm|[upkeep]\n|-damage|p1a: Butterfree|94\/100|[from] Sandstorm\n|upkeep\n|turn|2\n|\n|t:|1655859943\n|switch|p2a: Yanmega|Yanmega, M|100\/100\n|move|p1a: Butterfree|Quiver Dance|p1a: Butterfree\n|-boost|p1a: Butterfree|spa|1\n|-boost|p1a: Butterfree|spd|1\n|-boost|p1a: Butterfree|spe|1\n|\n|-weather|Sandstorm|[upkeep]\n|-damage|p1a: Butterfree|88\/100|[from] Sandstorm\n|-damage|p2a: Yanmega|94\/100|[from] Sandstorm\n|upkeep\n|turn|3\n|\n|t:|1655859953\n|move|p2a: Yanmega|Detect|p2a: Yanmega\n|-singleturn|p2a: Yanmega|Protect\n|move|p1a: Butterfree|Quiver Dance|p1a: Butterfree\n|-boost|p1a: Butterfree|spa|1\n|-boost|p1a: Butterfree|spd|1\n|-boost|p1a: Butterfree|spe|1\n|\n|-weather|Sandstorm|[upkeep]\n|-damage|p1a: Butterfree|82\/100|[from] Sandstorm\n|-damage|p2a: Yanmega|88\/100|[from] Sandstorm\n|-ability|p2a: Yanmega|Speed Boost|boost\n|-boost|p2a: Yanmega|spe|1\n|upkeep\n|turn|4\n|\n|t:|1655859964\n|move|p1a: Butterfree|Air Slash|p2a: Yanmega\n|-supereffective|p2a: Yanmega\n|-damage|p2a: Yanmega|0 fnt\n|faint|p2a: Yanmega\n|\n|-weather|Sandstorm|[upkeep]\n|-damage|p1a: Butterfree|76\/100|[from] Sandstorm\n|upkeep\n|\n|t:|1655859969\n|switch|p2a: Excadrill|Excadrill, F|100\/100\n|turn|5\n|\n|t:|1655859985\n|move|p2a: Excadrill|Rock Slide|p1a: Butterfree|[miss]\n|-miss|p2a: Excadrill|p1a: Butterfree\n|move|p1a: Butterfree|Bug Buzz|p2a: Excadrill\n|-resisted|p2a: Excadrill\n|-damage|p2a: Excadrill|50\/100\n|\n|-weather|none\n|upkeep\n|turn|6\n|\n|t:|1655859990\n|switch|p2a: Tyranitar|Tyranitar, M|100\/100 slp\n|-weather|Sandstorm|[from] ability: Sand Stream|[of] p2a: Tyranitar\n|move|p1a: Butterfree|Bug Buzz|p2a: Tyranitar\n|-supereffective|p2a: Tyranitar\n|-damage|p2a: Tyranitar|0 fnt\n|faint|p2a: Tyranitar\n|\n|-weather|Sandstorm|[upkeep]\n|-damage|p1a: Butterfree|70\/100|[from] Sandstorm\n|upkeep\n|\n|t:|1655859991\n|switch|p2a: Excadrill|Excadrill, F|50\/100\n|turn|7\n|\n|t:|1655859999\n|switch|p1a: Torkoal|Torkoal, F|100\/100\n|-weather|SunnyDay|[from] ability: Drought|[of] p1a: Torkoal\n|move|p2a: Excadrill|Rock Slide|p1a: Torkoal\n|-supereffective|p1a: Torkoal\n|-damage|p1a: Torkoal|63\/100\n|\n|-weather|SunnyDay|[upkeep]\n|upkeep\n|turn|8\n|\n|t:|1655860016\n|switch|p2a: Hippowdon|Hippowdon, F|100\/100\n|-weather|Sandstorm|[from] ability: Sand Stream|[of] p2a: Hippowdon\n|switch|p1a: Blastoise|Blastoise, M|100\/100\n|\n|-weather|Sandstorm|[upkeep]\n|-damage|p1a: Blastoise|94\/100|[from] Sandstorm\n|upkeep\n|turn|9\n|\n|t:|1655860025\n|move|p1a: Blastoise|Shell Smash|p1a: Blastoise\n|-unboost|p1a: Blastoise|def|1\n|-unboost|p1a: Blastoise|spd|1\n|-boost|p1a: Blastoise|atk|2\n|-boost|p1a: Blastoise|spa|2\n|-boost|p1a: Blastoise|spe|2\n|-enditem|p1a: Blastoise|White Herb\n|-clearnegativeboost|p1a: Blastoise|[silent]\n|move|p2a: Hippowdon|Whirlwind|p1a: Blastoise\n|drag|p1a: Butterfree|Butterfree, M|70\/100\n|\n|-weather|Sandstorm|[upkeep]\n|-damage|p1a: Butterfree|64\/100|[from] Sandstorm\n|upkeep\n|turn|10\n|\n|t:|1655860036\n|switch|p2a: Toxapex|Toxapex, M|100\/100\n|move|p1a: Butterfree|Sleep Powder|p2a: Toxapex\n|-status|p2a: Toxapex|slp|[from] move: Sleep Powder\n|\n|-weather|Sandstorm|[upkeep]\n|-damage|p1a: Butterfree|58\/100|[from] Sandstorm\n|-damage|p2a: Toxapex|94\/100 slp|[from] Sandstorm\n|-heal|p2a: Toxapex|100\/100 slp|[from] item: Black Sludge\n|upkeep\n|turn|11\n|\n|t:|1655860050\n|switch|p1a: Torkoal|Torkoal, F|63\/100\n|-weather|SunnyDay|[from] ability: Drought|[of] p1a: Torkoal\n|switch|p2a: Dracozolt|Dracozolt|100\/100\n|\n|-weather|SunnyDay|[upkeep]\n|upkeep\n|turn|12\n|\n|t:|1655860058\n|move|p2a: Dracozolt|Bolt Beak|p1a: Torkoal\n|-damage|p1a: Torkoal|0 fnt\n|faint|p1a: Torkoal\n|-damage|p2a: Dracozolt|91\/100|[from] item: Life Orb\n|\n|-weather|SunnyDay|[upkeep]\n|upkeep\n|\n|t:|1655860062\n|switch|p1a: Venusaur|Venusaur, M|100\/100\n|turn|13\n|\n|t:|1655860070\n|switch|p2a: Hippowdon|Hippowdon, F|100\/100\n|-weather|Sandstorm|[from] ability: Sand Stream|[of] p2a: Hippowdon\n|move|p1a: Venusaur|Earth Power|p2a: Hippowdon\n|-damage|p2a: Hippowdon|63\/100\n|-damage|p1a: Venusaur|91\/100|[from] item: Life Orb\n|\n|-weather|Sandstorm|[upkeep]\n|-damage|p1a: Venusaur|85\/100|[from] Sandstorm\n|upkeep\n|turn|14\n|\n|t:|1655860077\n|switch|p2a: Toxapex|Toxapex, M|100\/100 slp\n|move|p1a: Venusaur|Giga Drain|p2a: Toxapex\n|-damage|p2a: Toxapex|67\/100 slp\n|-heal|p1a: Venusaur|98\/100|[from] drain|[of] p2a: Toxapex\n|-damage|p1a: Venusaur|88\/100|[from] item: Life Orb\n|\n|-weather|Sandstorm|[upkeep]\n|-damage|p1a: Venusaur|82\/100|[from] Sandstorm\n|-damage|p2a: Toxapex|60\/100 slp|[from] Sandstorm\n|-heal|p2a: Toxapex|67\/100 slp|[from] item: Black Sludge\n|upkeep\n|turn|15\n|\n|t:|1655860085\n|move|p1a: Venusaur|Earth Power|p2a: Toxapex\n|-supereffective|p2a: Toxapex\n|-damage|p2a: Toxapex|13\/100 slp\n|-unboost|p2a: Toxapex|spd|1\n|-damage|p1a: Venusaur|72\/100|[from] item: Life Orb\n|cant|p2a: Toxapex|slp\n|\n|-weather|Sandstorm|[upkeep]\n|-damage|p1a: Venusaur|66\/100|[from] Sandstorm\n|-damage|p2a: Toxapex|7\/100 slp|[from] Sandstorm\n|-heal|p2a: Toxapex|13\/100 slp|[from] item: Black Sludge\n|upkeep\n|turn|16\n|\n|t:|1655860092\n|move|p1a: Venusaur|Giga Drain|p2a: Toxapex\n|-damage|p2a: Toxapex|0 fnt\n|-heal|p1a: Venusaur|71\/100|[from] drain|[of] p2a: Toxapex\n|faint|p2a: Toxapex\n|-damage|p1a: Venusaur|61\/100|[from] item: Life Orb\n|\n|-weather|Sandstorm|[upkeep]\n|-damage|p1a: Venusaur|55\/100|[from] Sandstorm\n|upkeep\n|\n|t:|1655860094\n|switch|p2a: Excadrill|Excadrill, F|50\/100\n|turn|17\n|\n|t:|1655860112\n|-zpower|p2a: Excadrill\n|move|p2a: Excadrill|Corkscrew Crash|p1a: Venusaur|[zeffect]\n|-damage|p1a: Venusaur|0 fnt\n|faint|p1a: Venusaur\n|\n|-weather|Sandstorm|[upkeep]\n|upkeep\n|\n|t:|1655860134\n|switch|p1a: Blastoise|Blastoise, M|94\/100\n|turn|18\n|\n|t:|1655860142\n|move|p2a: Excadrill|Rock Slide|p1a: Blastoise\n|-damage|p1a: Blastoise|61\/100\n|move|p1a: Blastoise|Hydro Pump|p2a: Excadrill\n|-supereffective|p2a: Excadrill\n|-damage|p2a: Excadrill|0 fnt\n|faint|p2a: Excadrill\n|\n|-weather|Sandstorm|[upkeep]\n|-damage|p1a: Blastoise|55\/100|[from] Sandstorm\n|upkeep\n|\n|t:|1655860146\n|switch|p2a: Dracozolt|Dracozolt|91\/100\n|turn|19\n|\n|t:|1655860154\n|switch|p1a: Pikachu|Pikachu, F|100\/100\n|move|p2a: Dracozolt|Bolt Beak|p1a: Pikachu\n|-ability|p1a: Pikachu|Lightning Rod|boost\n|-boost|p1a: Pikachu|spa|1\n|\n|-weather|Sandstorm|[upkeep]\n|-damage|p1a: Pikachu|94\/100|[from] Sandstorm\n|upkeep\n|turn|20\n|\n|t:|1655860168\n|switch|p1a: Butterfree|Butterfree, M|58\/100\n|move|p2a: Dracozolt|Earthquake|p1a: Butterfree\n|-immune|p1a: Butterfree\n|\n|-weather|none\n|upkeep\n|turn|21\n|\n|t:|1655860182\n|switch|p2a: Hippowdon|Hippowdon, F|63\/100\n|-weather|Sandstorm|[from] ability: Sand Stream|[of] p2a: Hippowdon\n|move|p1a: Butterfree|Sleep Powder|p2a: Hippowdon\n|-status|p2a: Hippowdon|slp|[from] move: Sleep Powder\n|\n|-weather|Sandstorm|[upkeep]\n|-damage|p1a: Butterfree|51\/100|[from] Sandstorm\n|upkeep\n|turn|22\n|\n|t:|1655860187\n|switch|p2a: Dracozolt|Dracozolt|91\/100\n|move|p1a: Butterfree|Bug Buzz|p2a: Dracozolt\n|-damage|p2a: Dracozolt|29\/100\n|\n|-weather|Sandstorm|[upkeep]\n|-damage|p1a: Butterfree|45\/100|[from] Sandstorm\n|upkeep\n|turn|23\n|\n|t:|1655860191\n|move|p2a: Dracozolt|Bolt Beak|p1a: Butterfree\n|-supereffective|p1a: Butterfree\n|-damage|p1a: Butterfree|0 fnt\n|faint|p1a: Butterfree\n|-damage|p2a: Dracozolt|20\/100|[from] item: Life Orb\n|\n|-weather|Sandstorm|[upkeep]\n|upkeep\n|\n|t:|1655860194\n|switch|p1a: Pikachu|Pikachu, F|94\/100\n|turn|24\n|\n|t:|1655860197\n|move|p1a: Pikachu|Fake Out|p2a: Dracozolt\n|-damage|p2a: Dracozolt|0 fnt\n|faint|p2a: Dracozolt\n|\n|-weather|Sandstorm|[upkeep]\n|-damage|p1a: Pikachu|88\/100|[from] Sandstorm\n|upkeep\n|\n|t:|1655860199\n|switch|p2a: Hippowdon|Hippowdon, F|63\/100 slp\n|turn|25\n|\n|t:|1655860202\n|switch|p1a: Blastoise|Blastoise, M|55\/100\n|cant|p2a: Hippowdon|slp\n|\n|-weather|Sandstorm|[upkeep]\n|-damage|p1a: Blastoise|49\/100|[from] Sandstorm\n|upkeep\n|turn|26\n|\n|t:|1655860206\n|move|p1a: Blastoise|Hydro Pump|p2a: Hippowdon\n|-supereffective|p2a: Hippowdon\n|-damage|p2a: Hippowdon|0 fnt\n|faint|p2a: Hippowdon\n|\n|win|FIRE LORD AESON!\n|raw|FIRE LORD AESON!'s rating: 1697 &rarr; <strong>1715<\/strong><br \/>(+18 for winning)\n|raw|fishy8995's rating: 1655 &rarr; <strong>1637<\/strong><br \/>(-18 for losing)\n|l|\u2606fishy8995\n||Ladder isn't responding, score probably updated but might not have (Request timeout).\n","uploadtime":1655860213,"views":40,"p1id":"firelordaeson","p2id":"fishy8995","formatid":"gen8nationaldex","rating":1637,"private":0,"password":null}