{"id":"gen8ou-1424748065","p1":"Vodyne","p2":"Envied","format":"gen8ou","log":"|j|\u203dVodyne\n|j|\u2606Envied\n|t:|1632748381\n|gametype|singles\n|player|p1|Vodyne|266|1678\n|player|p2|Envied|cynthia-gen4|1781\n|teamsize|p1|6\n|teamsize|p2|6\n|gen|8\n|tier|[Gen 8] OU\n|rated|\n|rule|Sleep Clause Mod: Limit one foe put to sleep\n|rule|Species Clause: Limit one of each Pok\u00e9mon\n|rule|OHKO Clause: OHKO moves are banned\n|rule|Evasion Moves Clause: Evasion moves are banned\n|rule|Endless Battle Clause: Forcing endless battles is banned\n|rule|HP Percentage Mod: HP is shown in percentages\n|rule|Dynamax Clause: You cannot dynamax\n|clearpoke\n|poke|p1|Snorlax, M|\n|poke|p1|Suicune|\n|poke|p1|Melmetal|\n|poke|p1|Victini|\n|poke|p1|Landorus-Therian, M|\n|poke|p1|Zapdos|\n|poke|p2|Hippowdon, F|\n|poke|p2|Blissey, F|\n|poke|p2|Slowbro, F|\n|poke|p2|Crawdaunt, M|\n|poke|p2|Zapdos|\n|poke|p2|Melmetal|\n|teampreview\n|j| Zzzhct\n|l| Zzzhct\n|inactive|Battle timer is ON: inactive players will automatically lose when time's up. (requested by Vodyne)\n|\n|t:|1632748411\n|start\n|switch|p1a: Victini|Victini|100\/100\n|switch|p2a: Hippowdon|Hippowdon, F|100\/100\n|-weather|Sandstorm|[from] ability: Sand Stream|[of] p2a: Hippowdon\n|turn|1\n|\n|t:|1632748418\n|move|p1a: Victini|V-create|p2a: Hippowdon\n|-damage|p2a: Hippowdon|39\/100\n|-unboost|p1a: Victini|spe|1\n|-unboost|p1a: Victini|def|1\n|-unboost|p1a: Victini|spd|1\n|move|p2a: Hippowdon|Stealth Rock|p1a: Victini\n|-sidestart|p1: Vodyne|move: Stealth Rock\n|\n|-weather|Sandstorm|[upkeep]\n|-damage|p1a: Victini|94\/100|[from] Sandstorm\n|upkeep\n|turn|2\n|\n|t:|1632748423\n|switch|p2a: Slowbro|Slowbro, F, shiny|100\/100\n|move|p1a: Victini|V-create|p2a: Slowbro\n|-resisted|p2a: Slowbro\n|-damage|p2a: Slowbro|65\/100\n|-unboost|p1a: Victini|spe|1\n|-unboost|p1a: Victini|def|1\n|-unboost|p1a: Victini|spd|1\n|-damage|p1a: Victini|78\/100|[from] item: Rocky Helmet|[of] p2a: Slowbro\n|\n|-weather|Sandstorm|[upkeep]\n|-damage|p1a: Victini|72\/100|[from] Sandstorm\n|-damage|p2a: Slowbro|59\/100|[from] Sandstorm\n|upkeep\n|turn|3\n|\n|t:|1632748430\n|switch|p1a: Zapdos|Zapdos|100\/100\n|move|p2a: Slowbro|Trick Room|p2a: Slowbro\n|-fieldstart|move: Trick Room|[of] p2a: Slowbro\n|\n|-weather|Sandstorm|[upkeep]\n|-damage|p2a: Slowbro|53\/100|[from] Sandstorm\n|-damage|p1a: Zapdos|94\/100|[from] Sandstorm\n|upkeep\n|turn|4\n|\n|t:|1632748436\n|switch|p2a: Hippowdon|Hippowdon, F|39\/100\n|move|p1a: Zapdos|Defog|p2a: Hippowdon\n|-unboost|p2a: Hippowdon|evasion|1\n|-sideend|p1: Vodyne|Stealth Rock|[from] move: Defog|[of] p1a: Zapdos\n|\n|-weather|Sandstorm|[upkeep]\n|-damage|p1a: Zapdos|88\/100|[from] Sandstorm\n|upkeep\n|turn|5\n|\n|t:|1632748441\n|move|p2a: Hippowdon|Toxic|p1a: Zapdos\n|-status|p1a: Zapdos|tox\n|move|p1a: Zapdos|Hurricane|p2a: Hippowdon\n|-damage|p2a: Hippowdon|0 fnt\n|faint|p2a: Hippowdon\n|\n|-weather|none\n|-damage|p1a: Zapdos|82\/100 tox|[from] psn\n|upkeep\n|\n|t:|1632748448\n|switch|p2a: Crawdaunt|Crawdaunt, M|100\/100\n|turn|6\n|\n|t:|1632748453\n|move|p2a: Crawdaunt|Knock Off|p1a: Zapdos\n|-damage|p1a: Zapdos|0 fnt\n|-status|p2a: Crawdaunt|par|[from] ability: Static|[of] p1a: Zapdos\n|-enditem|p1a: Zapdos|Heavy-Duty Boots|[from] move: Knock Off|[of] p2a: Crawdaunt\n|faint|p1a: Zapdos\n|\n|upkeep\n|\n|t:|1632748471\n|switch|p1a: Landorus|Landorus-Therian, M|100\/100\n|-ability|p1a: Landorus|Intimidate|boost\n|-unboost|p2a: Crawdaunt|atk|1\n|turn|7\n|\n|t:|1632748475\n|switch|p2a: Slowbro|Slowbro, F, shiny|86\/100\n|switch|p1a: Suicune|Suicune|100\/100\n|-ability|p1a: Suicune|Pressure\n|\n|-fieldend|move: Trick Room\n|upkeep\n|turn|8\n|\n|t:|1632748482\n|switch|p1a: Landorus|Landorus-Therian, M|100\/100\n|-ability|p1a: Landorus|Intimidate|boost\n|-unboost|p2a: Slowbro|atk|1\n|move|p2a: Slowbro|Trick Room|p2a: Slowbro\n|-fieldstart|move: Trick Room|[of] p2a: Slowbro\n|\n|upkeep\n|turn|9\n|\n|t:|1632748485\n|move|p1a: Landorus|Knock Off|p2a: Slowbro\n|-supereffective|p2a: Slowbro\n|-damage|p2a: Slowbro|42\/100\n|-damage|p1a: Landorus|84\/100|[from] item: Rocky Helmet|[of] p2a: Slowbro\n|-enditem|p2a: Slowbro|Rocky Helmet|[from] move: Knock Off|[of] p1a: Landorus\n|move|p2a: Slowbro|Teleport|p2a: Slowbro\n|\n|t:|1632748489\n|switch|p2a: Crawdaunt|Crawdaunt, M|100\/100 par|[from]move: Teleport\n|\n|upkeep\n|turn|10\n|\n|t:|1632748495\n|switch|p1a: Suicune|Suicune|100\/100\n|-ability|p1a: Suicune|Pressure\n|move|p2a: Crawdaunt|Knock Off|p1a: Suicune\n|-damage|p1a: Suicune|43\/100\n|-enditem|p1a: Suicune|Leftovers|[from] move: Knock Off|[of] p2a: Crawdaunt\n|\n|upkeep\n|turn|11\n|\n|t:|1632748503\n|move|p2a: Crawdaunt|Knock Off|p1a: Suicune\n|-damage|p1a: Suicune|2\/100\n|move|p1a: Suicune|Scald|p2a: Crawdaunt\n|-resisted|p2a: Crawdaunt\n|-damage|p2a: Crawdaunt|77\/100 par\n|\n|upkeep\n|turn|12\n|\n|t:|1632748512\n|move|p2a: Crawdaunt|Knock Off|p1a: Suicune\n|-damage|p1a: Suicune|0 fnt\n|faint|p1a: Suicune\n|\n|-fieldend|move: Trick Room\n|upkeep\n|\n|t:|1632748516\n|switch|p1a: Landorus|Landorus-Therian, M|84\/100\n|-ability|p1a: Landorus|Intimidate|boost\n|-unboost|p2a: Crawdaunt|atk|1\n|turn|13\n|\n|t:|1632748520\n|switch|p2a: Slowbro|Slowbro, F, shiny|75\/100\n|move|p1a: Landorus|U-turn|p2a: Slowbro\n|-supereffective|p2a: Slowbro\n|-crit|p2a: Slowbro\n|-damage|p2a: Slowbro|26\/100\n|\n|t:|1632748522\n|switch|p1a: Victini|Victini|72\/100|[from]move: U-turn\n|\n|upkeep\n|turn|14\n|\n|t:|1632748530\n|switch|p2a: Zapdos|Zapdos, shiny|100\/100\n|move|p1a: Victini|U-turn|p2a: Zapdos\n|-resisted|p2a: Zapdos\n|-damage|p2a: Zapdos|89\/100\n|-status|p1a: Victini|par|[from] ability: Static|[of] p2a: Zapdos\n|\n|t:|1632748533\n|switch|p1a: Landorus|Landorus-Therian, M|84\/100|[from]move: U-turn\n|-ability|p1a: Landorus|Intimidate|boost\n|-unboost|p2a: Zapdos|atk|1\n|\n|upkeep\n|turn|15\n|\n|t:|1632748542\n|move|p1a: Landorus|Stone Edge|p2a: Zapdos|[miss]\n|-miss|p1a: Landorus|p2a: Zapdos\n|move|p2a: Zapdos|Heat Wave|p1a: Landorus\n|-damage|p1a: Landorus|49\/100\n|\n|upkeep\n|turn|16\n|\n|t:|1632748546\n|switch|p2a: Slowbro|Slowbro, F, shiny|59\/100\n|move|p1a: Landorus|Stone Edge|p2a: Slowbro\n|-damage|p2a: Slowbro|38\/100\n|\n|upkeep\n|turn|17\n|\n|t:|1632748572\n|switch|p1a: Melmetal|Melmetal|100\/100\n|switch|p2a: Zapdos|Zapdos, shiny|89\/100\n|\n|upkeep\n|turn|18\n|\n|t:|1632748576\n|move|p2a: Zapdos|Heat Wave|p1a: Melmetal\n|-supereffective|p1a: Melmetal\n|-damage|p1a: Melmetal|64\/100\n|move|p1a: Melmetal|Ice Punch|p2a: Zapdos\n|-supereffective|p2a: Zapdos\n|-damage|p2a: Zapdos|35\/100\n|-status|p1a: Melmetal|par|[from] ability: Static|[of] p2a: Zapdos\n|\n|upkeep\n|turn|19\n|\n|t:|1632748582\n|move|p2a: Zapdos|Roost|p2a: Zapdos\n|-heal|p2a: Zapdos|85\/100\n|-singleturn|p2a: Zapdos|move: Roost\n|move|p1a: Melmetal|Earthquake|p2a: Zapdos\n|-supereffective|p2a: Zapdos\n|-damage|p2a: Zapdos|26\/100\n|\n|upkeep\n|turn|20\n|\n|t:|1632748593\n|switch|p1a: Victini|Victini|72\/100 par\n|move|p2a: Zapdos|Roost|p2a: Zapdos\n|-heal|p2a: Zapdos|76\/100\n|-singleturn|p2a: Zapdos|move: Roost\n|\n|upkeep\n|turn|21\n|\n|t:|1632748598\n|move|p2a: Zapdos|Volt Switch|p1a: Victini\n|-damage|p1a: Victini|42\/100 par\n|\n|t:|1632748600\n|switch|p2a: Slowbro|Slowbro, F, shiny|71\/100|[from]move: Volt Switch\n|move|p1a: Victini|V-create|p2a: Slowbro\n|-resisted|p2a: Slowbro\n|-damage|p2a: Slowbro|34\/100\n|-unboost|p1a: Victini|spe|1\n|-unboost|p1a: Victini|def|1\n|-unboost|p1a: Victini|spd|1\n|\n|upkeep\n|turn|22\n|\n|t:|1632748608\n|switch|p2a: Zapdos|Zapdos, shiny|76\/100\n|move|p1a: Victini|V-create|p2a: Zapdos\n|-damage|p2a: Zapdos|0 fnt\n|-unboost|p1a: Victini|spe|1\n|-unboost|p1a: Victini|def|1\n|-unboost|p1a: Victini|spd|1\n|faint|p2a: Zapdos\n|\n|upkeep\n|\n|t:|1632748614\n|switch|p2a: Slowbro|Slowbro, F, shiny|68\/100\n|turn|23\n|\n|t:|1632748617\n|move|p1a: Victini|V-create|p2a: Slowbro\n|-resisted|p2a: Slowbro\n|-damage|p2a: Slowbro|34\/100\n|-unboost|p1a: Victini|spe|1\n|-unboost|p1a: Victini|def|1\n|-unboost|p1a: Victini|spd|1\n|move|p2a: Slowbro|Trick Room|p2a: Slowbro\n|-fieldstart|move: Trick Room|[of] p2a: Slowbro\n|\n|upkeep\n|turn|24\n|\n|t:|1632748624\n|move|p1a: Victini|V-create|p2a: Slowbro\n|-resisted|p2a: Slowbro\n|-damage|p2a: Slowbro|3\/100\n|-unboost|p1a: Victini|spe|1\n|-unboost|p1a: Victini|def|1\n|-unboost|p1a: Victini|spd|1\n|move|p2a: Slowbro|Teleport|p2a: Slowbro\n|\n|t:|1632748639\n|switch|p2a: Melmetal|Melmetal|100\/100|[from]move: Teleport\n|\n|upkeep\n|turn|25\n|\n|t:|1632748641\n|move|p1a: Victini|V-create|p2a: Melmetal\n|-supereffective|p2a: Melmetal\n|-damage|p2a: Melmetal|0 fnt\n|-unboost|p1a: Victini|spe|1\n|-unboost|p1a: Victini|def|1\n|-unboost|p1a: Victini|spd|1\n|faint|p2a: Melmetal\n|\n|upkeep\n|c|\u2606Envied|Lmao\n|\n|t:|1632748656\n|switch|p2a: Slowbro|Slowbro, F, shiny|36\/100\n|turn|26\n|\n|t:|1632748662\n|move|p1a: Victini|V-create|p2a: Slowbro\n|-resisted|p2a: Slowbro\n|-damage|p2a: Slowbro|5\/100\n|-unboost|p1a: Victini|spe|1\n|-unboost|p1a: Victini|def|1\n|-unboost|p1a: Victini|spd|1\n|move|p2a: Slowbro|Slack Off|p2a: Slowbro\n|-heal|p2a: Slowbro|55\/100\n|\n|upkeep\n|turn|27\n|c|\u2606Envied|So slow\n|\n|t:|1632748674\n|switch|p1a: Landorus|Landorus-Therian, M|49\/100\n|-ability|p1a: Landorus|Intimidate|boost\n|-unboost|p2a: Slowbro|atk|1\n|move|p2a: Slowbro|Slack Off|p2a: Slowbro\n|-heal|p2a: Slowbro|100\/100\n|\n|-fieldend|move: Trick Room\n|upkeep\n|turn|28\n|\n|t:|1632748679\n|move|p1a: Landorus|Knock Off|p2a: Slowbro\n|-supereffective|p2a: Slowbro\n|-damage|p2a: Slowbro|72\/100\n|move|p2a: Slowbro|Trick Room|p2a: Slowbro\n|-fieldstart|move: Trick Room|[of] p2a: Slowbro\n|\n|upkeep\n|turn|29\n|\n|t:|1632748689\n|switch|p1a: Snorlax|Snorlax, M|100\/100\n|move|p2a: Slowbro|Teleport|p2a: Slowbro\n|\n|t:|1632748692\n|switch|p2a: Crawdaunt|Crawdaunt, M|77\/100 par|[from]move: Teleport\n|\n|upkeep\n|turn|30\n|\n|t:|1632748697\n|move|p2a: Crawdaunt|Knock Off|p1a: Snorlax\n|-damage|p1a: Snorlax|10\/100\n|-enditem|p1a: Snorlax|Leftovers|[from] move: Knock Off|[of] p2a: Crawdaunt\n|move|p1a: Snorlax|Body Slam|p2a: Crawdaunt\n|-damage|p2a: Crawdaunt|32\/100 par\n|\n|upkeep\n|turn|31\n|\n|t:|1632748703\n|move|p2a: Crawdaunt|Knock Off|p1a: Snorlax\n|-damage|p1a: Snorlax|0 fnt\n|faint|p1a: Snorlax\n|\n|upkeep\n|\n|t:|1632748709\n|switch|p1a: Victini|Victini|42\/100 par\n|turn|32\n|\n|t:|1632748711\n|move|p2a: Crawdaunt|Knock Off|p1a: Victini\n|-supereffective|p1a: Victini\n|-damage|p1a: Victini|0 fnt\n|-enditem|p1a: Victini|Choice Band|[from] move: Knock Off|[of] p2a: Crawdaunt\n|faint|p1a: Victini\n|\n|-fieldend|move: Trick Room\n|upkeep\n|\n|t:|1632748714\n|switch|p1a: Melmetal|Melmetal|64\/100 par\n|turn|33\n|\n|t:|1632748719\n|switch|p2a: Slowbro|Slowbro, F, shiny|100\/100\n|move|p1a: Melmetal|Thunder Punch|p2a: Slowbro\n|-supereffective|p2a: Slowbro\n|-damage|p2a: Slowbro|61\/100\n|\n|upkeep\n|turn|34\n|\n|t:|1632748724\n|move|p1a: Melmetal|Thunder Punch|p2a: Slowbro\n|-supereffective|p2a: Slowbro\n|-damage|p2a: Slowbro|18\/100\n|move|p2a: Slowbro|Slack Off|p2a: Slowbro\n|-heal|p2a: Slowbro|68\/100\n|\n|upkeep\n|turn|35\n|\n|t:|1632748732\n|move|p1a: Melmetal|Thunder Punch|p2a: Slowbro\n|-supereffective|p2a: Slowbro\n|-damage|p2a: Slowbro|28\/100\n|move|p2a: Slowbro|Slack Off|p2a: Slowbro\n|-heal|p2a: Slowbro|78\/100\n|\n|upkeep\n|turn|36\n|\n|t:|1632748738\n|cant|p1a: Melmetal|par\n|move|p2a: Slowbro|Slack Off|p2a: Slowbro\n|-heal|p2a: Slowbro|100\/100\n|\n|upkeep\n|turn|37\n|\n|t:|1632748742\n|move|p1a: Melmetal|Thunder Punch|p2a: Slowbro\n|-supereffective|p2a: Slowbro\n|-damage|p2a: Slowbro|58\/100\n|move|p2a: Slowbro|Trick Room|p2a: Slowbro\n|-fieldstart|move: Trick Room|[of] p2a: Slowbro\n|\n|upkeep\n|turn|38\n|\n|t:|1632748748\n|move|p2a: Slowbro|Slack Off|p2a: Slowbro\n|-heal|p2a: Slowbro|100\/100\n|move|p1a: Melmetal|Thunder Punch|p2a: Slowbro\n|-supereffective|p2a: Slowbro\n|-damage|p2a: Slowbro|55\/100\n|\n|upkeep\n|turn|39\n|\n|t:|1632748751\n|move|p2a: Slowbro|Scald|p1a: Melmetal\n|-damage|p1a: Melmetal|45\/100 par\n|move|p1a: Melmetal|Thunder Punch|p2a: Slowbro\n|-supereffective|p2a: Slowbro\n|-damage|p2a: Slowbro|14\/100\n|-status|p2a: Slowbro|par\n|\n|upkeep\n|turn|40\n|\n|t:|1632748759\n|move|p2a: Slowbro|Slack Off|p2a: Slowbro\n|-heal|p2a: Slowbro|64\/100 par\n|move|p1a: Melmetal|Thunder Punch|p2a: Slowbro\n|-supereffective|p2a: Slowbro\n|-damage|p2a: Slowbro|23\/100 par\n|\n|upkeep\n|turn|41\n|\n|t:|1632748763\n|cant|p2a: Slowbro|par\n|move|p1a: Melmetal|Thunder Punch|p2a: Slowbro\n|-supereffective|p2a: Slowbro\n|-damage|p2a: Slowbro|0 fnt\n|faint|p2a: Slowbro\n|\n|-fieldend|move: Trick Room\n|upkeep\n|\n|t:|1632748774\n|switch|p2a: Blissey|Blissey, F, shiny|100\/100\n|turn|42\n|\n|t:|1632748776\n|move|p2a: Blissey|Flamethrower|p1a: Melmetal\n|-supereffective|p1a: Melmetal\n|-damage|p1a: Melmetal|15\/100 par\n|cant|p1a: Melmetal|par\n|\n|upkeep\n|turn|43\n|\n|t:|1632748782\n|move|p2a: Blissey|Flamethrower|p1a: Melmetal\n|-supereffective|p1a: Melmetal\n|-damage|p1a: Melmetal|0 fnt\n|faint|p1a: Melmetal\n|\n|upkeep\n|\n|t:|1632748784\n|switch|p1a: Landorus|Landorus-Therian, M|49\/100\n|-ability|p1a: Landorus|Intimidate|boost\n|-unboost|p2a: Blissey|atk|1\n|turn|44\n|\n|t:|1632748786\n|move|p1a: Landorus|Earthquake|p2a: Blissey\n|-damage|p2a: Blissey|45\/100\n|move|p2a: Blissey|Tri Attack|p1a: Landorus\n|-damage|p1a: Landorus|12\/100\n|\n|-heal|p2a: Blissey|51\/100|[from] item: Leftovers\n|upkeep\n|turn|45\n|\n|t:|1632748790\n|move|p1a: Landorus|Earthquake|p2a: Blissey\n|-damage|p2a: Blissey|0 fnt\n|faint|p2a: Blissey\n|\n|upkeep\n|\n|t:|1632748792\n|switch|p2a: Crawdaunt|Crawdaunt, M|32\/100 par\n|turn|46\n|\n|t:|1632748795\n|move|p2a: Crawdaunt|Aqua Jet|p1a: Landorus\n|-supereffective|p1a: Landorus\n|-damage|p1a: Landorus|0 fnt\n|faint|p1a: Landorus\n|\n|win|Envied\n|raw|Vodyne's rating: 1678 &rarr; <strong>1664<\/strong><br \/>(-14 for losing)\n|raw|Envied's rating: 1781 &rarr; <strong>1795<\/strong><br \/>(+14 for winning)\n|l|\u2606Envied\n","uploadtime":1632748808,"views":21,"p1id":"vodyne","p2id":"envied","formatid":"gen8ou","rating":1664,"private":0,"password":null}