{"id":"gen8pu-1412194368","p1":"Purak","p2":"TheonReekGreyjoy","format":"gen8pu","log":"|j|\u2606Purak\n|j|\u2606TheonReekGreyjoy\n|t:|1631046613\n|gametype|singles\n|player|p1|Purak|roughneck-gen4|1348\n|player|p2|TheonReekGreyjoy|7|1447\n|teamsize|p1|6\n|teamsize|p2|6\n|gen|8\n|tier|[Gen 8] PU\n|rated|\n|rule|Sleep Clause Mod: Limit one foe put to sleep\n|rule|Species Clause: Limit one of each Pok\u00e9mon\n|rule|OHKO Clause: OHKO moves are banned\n|rule|Evasion Moves Clause: Evasion moves are banned\n|rule|Endless Battle Clause: Forcing endless battles is banned\n|rule|HP Percentage Mod: HP is shown in percentages\n|rule|Dynamax Clause: You cannot dynamax\n|clearpoke\n|poke|p1|Silvally-*|\n|poke|p1|Qwilfish, M|\n|poke|p1|Tsareena, F|\n|poke|p1|Aurorus, M|\n|poke|p1|Vikavolt, F|\n|poke|p1|Druddigon, M|\n|poke|p2|Arctozolt|\n|poke|p2|Arctovish|\n|poke|p2|Lanturn, F|\n|poke|p2|Hitmontop, M|\n|poke|p2|Silvally-*|\n|poke|p2|Weezing, M|\n|teampreview\n|\n|t:|1631046630\n|start\n|switch|p1a: Tsareena|Tsareena, F|100\/100\n|switch|p2a: Weezing|Weezing, M|100\/100\n|turn|1\n|\n|t:|1631046644\n|move|p1a: Tsareena|Knock Off|p2a: Weezing\n|-damage|p2a: Weezing|79\/100\n|-damage|p1a: Tsareena|84\/100|[from] item: Rocky Helmet|[of] p2a: Weezing\n|-enditem|p2a: Weezing|Rocky Helmet|[from] move: Knock Off|[of] p1a: Tsareena\n|move|p2a: Weezing|Will-O-Wisp|p1a: Tsareena\n|-status|p1a: Tsareena|brn\n|\n|-damage|p1a: Tsareena|78\/100 brn|[from] brn\n|upkeep\n|turn|2\n|inactive|Battle timer is ON: inactive players will automatically lose when time's up. (requested by Purak)\n|\n|t:|1631046654\n|switch|p1a: Aurorus|Aurorus, M|100\/100\n|move|p2a: Weezing|Sludge Bomb|p1a: Aurorus\n|-resisted|p1a: Aurorus\n|-damage|p1a: Aurorus|87\/100\n|\n|upkeep\n|turn|3\n|\n|t:|1631046662\n|switch|p2a: Lanturn|Lanturn, F|100\/100\n|move|p1a: Aurorus|Freeze-Dry|p2a: Lanturn\n|-supereffective|p2a: Lanturn\n|-damage|p2a: Lanturn|30\/100\n|\n|upkeep\n|turn|4\n|\n|t:|1631046674\n|switch|p2a: Hitmontop|Hitmontop, M|100\/100\n|move|p1a: Aurorus|Freeze-Dry|p2a: Hitmontop\n|-damage|p2a: Hitmontop|65\/100\n|\n|upkeep\n|turn|5\n|\n|t:|1631046682\n|switch|p1a: Druddigon|Druddigon, M|100\/100\n|move|p2a: Hitmontop|Triple Axel|p1a: Druddigon\n|-supereffective|p1a: Druddigon\n|-damage|p1a: Druddigon|85\/100\n|-damage|p2a: Hitmontop|53\/100|[from] ability: Rough Skin|[of] p1a: Druddigon\n|-damage|p2a: Hitmontop|36\/100|[from] item: Rocky Helmet|[of] p1a: Druddigon\n|-hitcount|p1a: Druddigon|1\n|\n|upkeep\n|turn|6\n|\n|t:|1631046694\n|switch|p2a: Silvally|Silvally-Fairy|100\/100\n|move|p1a: Druddigon|Stealth Rock|p2a: Silvally\n|-sidestart|p2: TheonReekGreyjoy|move: Stealth Rock\n|\n|upkeep\n|turn|7\n|\n|t:|1631046700\n|move|p2a: Silvally|Defog|p1a: Druddigon\n|-unboost|p1a: Druddigon|evasion|1\n|-sideend|p2: TheonReekGreyjoy|Stealth Rock|[from] move: Defog|[of] p2a: Silvally\n|move|p1a: Druddigon|Glare|p2a: Silvally\n|-status|p2a: Silvally|par\n|\n|upkeep\n|turn|8\n|\n|t:|1631046706\n|move|p1a: Druddigon|Stealth Rock|p2a: Silvally\n|-sidestart|p2: TheonReekGreyjoy|move: Stealth Rock\n|move|p2a: Silvally|Multi-Attack|p1a: Druddigon\n|-supereffective|p1a: Druddigon\n|-damage|p1a: Druddigon|31\/100\n|-damage|p2a: Silvally|88\/100 par|[from] ability: Rough Skin|[of] p1a: Druddigon\n|-damage|p2a: Silvally|71\/100 par|[from] item: Rocky Helmet|[of] p1a: Druddigon\n|\n|upkeep\n|turn|9\n|\n|t:|1631046712\n|move|p1a: Druddigon|Earthquake|p2a: Silvally\n|-damage|p2a: Silvally|54\/100 par\n|move|p2a: Silvally|Defog|p1a: Druddigon\n|-unboost|p1a: Druddigon|evasion|1\n|-sideend|p2: TheonReekGreyjoy|Stealth Rock|[from] move: Defog|[of] p2a: Silvally\n|\n|upkeep\n|turn|10\n|\n|t:|1631046719\n|move|p1a: Druddigon|Stealth Rock|p2a: Silvally\n|-sidestart|p2: TheonReekGreyjoy|move: Stealth Rock\n|move|p2a: Silvally|Hail|p2a: Silvally\n|-weather|Hail\n|\n|-weather|Hail|[upkeep]\n|-damage|p1a: Druddigon|25\/100|[from] Hail\n|-damage|p2a: Silvally|48\/100 par|[from] Hail\n|upkeep\n|turn|11\n|\n|t:|1631046730\n|move|p1a: Druddigon|Earthquake|p2a: Silvally\n|-damage|p2a: Silvally|30\/100 par\n|move|p2a: Silvally|Defog|p1a: Druddigon\n|-unboost|p1a: Druddigon|evasion|1\n|-sideend|p2: TheonReekGreyjoy|Stealth Rock|[from] move: Defog|[of] p2a: Silvally\n|\n|-weather|Hail|[upkeep]\n|-damage|p1a: Druddigon|19\/100|[from] Hail\n|-damage|p2a: Silvally|23\/100 par|[from] Hail\n|upkeep\n|turn|12\n|\n|t:|1631046736\n|switch|p2a: Arctovish|Arctovish|100\/100\n|move|p1a: Druddigon|Glare|p2a: Arctovish\n|-status|p2a: Arctovish|par\n|\n|-weather|Hail|[upkeep]\n|-damage|p1a: Druddigon|13\/100|[from] Hail\n|upkeep\n|turn|13\n|\n|t:|1631046744\n|move|p2a: Arctovish|Freeze-Dry|p1a: Druddigon\n|-supereffective|p1a: Druddigon\n|-damage|p1a: Druddigon|0 fnt\n|faint|p1a: Druddigon\n|\n|-weather|Hail|[upkeep]\n|upkeep\n|\n|t:|1631046749\n|switch|p1a: Vikavolt|Vikavolt, F|100\/100\n|turn|14\n|\n|t:|1631046754\n|move|p1a: Vikavolt|Agility|p1a: Vikavolt\n|-boost|p1a: Vikavolt|spe|2\n|move|p2a: Arctovish|Fishious Rend|p1a: Vikavolt\n|-damage|p1a: Vikavolt|53\/100\n|\n|-weather|none\n|upkeep\n|turn|15\n|\n|t:|1631046766\n|move|p1a: Vikavolt|Roost|p1a: Vikavolt\n|-heal|p1a: Vikavolt|100\/100\n|-singleturn|p1a: Vikavolt|move: Roost\n|move|p2a: Arctovish|Fishious Rend|p1a: Vikavolt\n|-damage|p1a: Vikavolt|50\/100\n|\n|upkeep\n|turn|16\n|\n|t:|1631046779\n|switch|p2a: Hitmontop|Hitmontop, M|36\/100\n|move|p1a: Vikavolt|Roost|p1a: Vikavolt\n|-heal|p1a: Vikavolt|100\/100\n|-singleturn|p1a: Vikavolt|move: Roost\n|\n|upkeep\n|turn|17\n|\n|t:|1631046787\n|move|p1a: Vikavolt|Thunderbolt|p2a: Hitmontop\n|-damage|p2a: Hitmontop|0 fnt\n|faint|p2a: Hitmontop\n|\n|upkeep\n|\n|t:|1631046798\n|switch|p2a: Lanturn|Lanturn, F|30\/100\n|turn|18\n|\n|t:|1631046802\n|move|p1a: Vikavolt|Bug Buzz|p2a: Lanturn\n|-damage|p2a: Lanturn|0 fnt\n|faint|p2a: Lanturn\n|\n|upkeep\n|-message|TheonReekGreyjoy forfeited.\n|\n|win|Purak\n|raw|Purak's rating: 1348 &rarr; <strong>1374<\/strong><br \/>(+26 for winning)\n|raw|TheonReekGreyjoy's rating: 1447 &rarr; <strong>1421<\/strong><br \/>(-26 for losing)\n|l|\u2606TheonReekGreyjoy\n|l|\u2606Purak\n||Ladder isn't responding, score probably updated but might not have (Request timeout).\n|j|\u2606Purak\n|player|p1|Purak|roughneck-gen4\n","uploadtime":1631046902,"views":16,"p1id":"purak","p2id":"theonreekgreyjoy","formatid":"gen8pu","rating":1374,"private":0,"password":null}