{"id":"gen8ou-1694893025","p1":"cows123p","p2":"minimax_ai","format":"gen8ou","log":"|html|<div class=\"broadcast-blue\"><strong>[Gen 8] OU is currently suspecting Melmetal! For information on how to participate check out the <a href=\"https:\/\/www.smogon.com\/forums\/threads\/np-ss-ou-suspect-process-round-12-monster-mash.3709234\/\">suspect thread<\/a>.<\/strong><\/div>\n|j|\u2606cows123p\n|j|\u203dminimax_ai\n|t:|1666740283\n|gametype|singles\n|player|p1|cows123p|acetrainercouple|1627\n|player|p2|minimax_ai|266|1526\n|teamsize|p1|6\n|teamsize|p2|6\n|gen|8\n|tier|[Gen 8] OU\n|rated|\n|rule|Sleep Clause Mod: Limit one foe put to sleep\n|rule|Species Clause: Limit one of each Pok\u00e9mon\n|rule|OHKO Clause: OHKO moves are banned\n|rule|Evasion Items Clause: Evasion items are banned\n|rule|Evasion Moves Clause: Evasion moves are banned\n|rule|Endless Battle Clause: Forcing endless battles is banned\n|rule|HP Percentage Mod: HP is shown in percentages\n|rule|Dynamax Clause: You cannot dynamax\n|clearpoke\n|poke|p1|Diggersby, M|\n|poke|p1|Tapu Lele|\n|poke|p1|Ribombee, F|\n|poke|p1|Urshifu-*, M|\n|poke|p1|Heatran, M|\n|poke|p1|Kartana|\n|poke|p2|Rotom-Wash|\n|poke|p2|Weavile, M|\n|poke|p2|Landorus-Therian, M|\n|poke|p2|Heatran, M|\n|poke|p2|Tangrowth, M|\n|poke|p2|Melmetal|\n|teampreview\n|inactive|Battle timer is ON: inactive players will automatically lose when time's up. (requested by minimax_ai)\n|inactive|cows123p has 120 seconds left.\n|inactive|cows123p has 90 seconds left.\n|\n|t:|1666740348\n|start\n|switch|p1a: Ribombee|Ribombee, F|100\/100\n|switch|p2a: Landorus|Landorus-Therian, M|100\/100\n|-ability|p2a: Landorus|Intimidate|boost\n|-unboost|p1a: Ribombee|atk|1\n|turn|1\n|\n|t:|1666740354\n|move|p1a: Ribombee|Sticky Web|p2a: Landorus\n|-sidestart|p2: minimax_ai|move: Sticky Web\n|move|p2a: Landorus|Earthquake|p1a: Ribombee\n|-resisted|p1a: Ribombee\n|-damage|p1a: Ribombee|53\/100\n|\n|upkeep\n|turn|2\n|\n|t:|1666740359\n|move|p1a: Ribombee|Toxic|p2a: Landorus\n|-status|p2a: Landorus|tox\n|move|p2a: Landorus|Defog|p1a: Ribombee\n|-unboost|p1a: Ribombee|evasion|1\n|-sideend|p2: minimax_ai|Sticky Web|[from] move: Defog|[of] p2a: Landorus\n|\n|-damage|p2a: Landorus|94\/100 tox|[from] psn\n|upkeep\n|turn|3\n|\n|t:|1666740366\n|move|p1a: Ribombee|Moonblast|p2a: Landorus\n|-damage|p2a: Landorus|64\/100 tox\n|move|p2a: Landorus|Earthquake|p1a: Ribombee\n|-resisted|p1a: Ribombee\n|-damage|p1a: Ribombee|7\/100\n|\n|-heal|p2a: Landorus|70\/100 tox|[from] item: Leftovers\n|-damage|p2a: Landorus|58\/100 tox|[from] psn\n|upkeep\n|turn|4\n|\n|t:|1666740374\n|move|p1a: Ribombee|Sticky Web|p2a: Landorus\n|-sidestart|p2: minimax_ai|move: Sticky Web\n|move|p2a: Landorus|Earthquake|p1a: Ribombee\n|-resisted|p1a: Ribombee\n|-damage|p1a: Ribombee|0 fnt\n|faint|p1a: Ribombee\n|\n|-heal|p2a: Landorus|64\/100 tox|[from] item: Leftovers\n|-damage|p2a: Landorus|46\/100 tox|[from] psn\n|upkeep\n|\n|t:|1666740385\n|switch|p1a: Tapu Lele|Tapu Lele|100\/100\n|-fieldstart|move: Psychic Terrain|[from] ability: Psychic Surge|[of] p1a: Tapu Lele\n|turn|5\n|\n|t:|1666740390\n|switch|p2a: Melmetal|Melmetal|100\/100\n|-activate|p2a: Melmetal|move: Sticky Web\n|-unboost|p2a: Melmetal|spe|1\n|move|p1a: Tapu Lele|Focus Blast|p2a: Melmetal\n|-supereffective|p2a: Melmetal\n|-damage|p2a: Melmetal|37\/100\n|\n|upkeep\n|turn|6\n|\n|t:|1666740397\n|move|p1a: Tapu Lele|Focus Blast|p2a: Melmetal|[miss]\n|-miss|p1a: Tapu Lele|p2a: Melmetal\n|move|p2a: Melmetal|Double Iron Bash|p1a: Tapu Lele\n|-supereffective|p1a: Tapu Lele\n|-damage|p1a: Tapu Lele|0 fnt\n|faint|p1a: Tapu Lele\n|-hitcount|p1: Tapu Lele|1\n|\n|upkeep\n|\n|t:|1666740405\n|switch|p1a: Heatran|Heatran, M|100\/100\n|-item|p1a: Heatran|Air Balloon\n|turn|7\n|\n|t:|1666740409\n|switch|p2a: Rotom|Rotom-Wash|100\/100\n|move|p1a: Heatran|Eruption|p2a: Rotom\n|-resisted|p2a: Rotom\n|-damage|p2a: Rotom|63\/100\n|\n|-heal|p2a: Rotom|69\/100|[from] item: Leftovers\n|upkeep\n|turn|8\n|\n|t:|1666740417\n|switch|p1a: Kartana|Kartana|100\/100\n|move|p2a: Rotom|Thunderbolt|p1a: Kartana\n|-resisted|p1a: Kartana\n|-damage|p1a: Kartana|45\/100\n|\n|-heal|p2a: Rotom|75\/100|[from] item: Leftovers\n|upkeep\n|turn|9\n|\n|t:|1666740424\n|switch|p2a: Tangrowth|Tangrowth, M|100\/100\n|-activate|p2a: Tangrowth|move: Sticky Web\n|-unboost|p2a: Tangrowth|spe|1\n|move|p1a: Kartana|Knock Off|p2a: Tangrowth\n|-damage|p2a: Tangrowth|79\/100\n|-damage|p1a: Kartana|28\/100|[from] item: Rocky Helmet|[of] p2a: Tangrowth\n|-enditem|p2a: Tangrowth|Rocky Helmet|[from] move: Knock Off|[of] p1a: Kartana\n|\n|-fieldend|move: Psychic Terrain\n|upkeep\n|turn|10\n|\n|t:|1666740438\n|switch|p1a: Heatran|Heatran, M|100\/100\n|-item|p1a: Heatran|Air Balloon\n|move|p2a: Tangrowth|Giga Drain|p1a: Heatran\n|-resisted|p1a: Heatran\n|-damage|p1a: Heatran|94\/100\n|-heal|p2a: Tangrowth|81\/100|[from] drain|[of] p1a: Heatran\n|-enditem|p1a: Heatran|Air Balloon\n|\n|upkeep\n|turn|11\n|\n|t:|1666740447\n|switch|p2a: Rotom|Rotom-Wash|75\/100\n|move|p1a: Heatran|Magma Storm|p2a: Rotom|[miss]\n|-miss|p1a: Heatran|p2a: Rotom\n|\n|-heal|p2a: Rotom|81\/100|[from] item: Leftovers\n|upkeep\n|turn|12\n|\n|t:|1666740453\n|move|p1a: Heatran|Magma Storm|p2a: Rotom\n|-resisted|p2a: Rotom\n|-damage|p2a: Rotom|54\/100\n|-activate|p2a: Rotom|move: Magma Storm|[of] p1a: Heatran\n|move|p2a: Rotom|Thunderbolt|p1a: Heatran\n|-damage|p1a: Heatran|57\/100\n|\n|-heal|p2a: Rotom|60\/100|[from] item: Leftovers\n|-damage|p2a: Rotom|48\/100|[from] move: Magma Storm|[partiallytrapped]\n|upkeep\n|turn|13\n|\n|t:|1666740462\n|move|p1a: Heatran|Stealth Rock|p2a: Rotom\n|-sidestart|p2: minimax_ai|move: Stealth Rock\n|move|p2a: Rotom|Thunderbolt|p1a: Heatran\n|-damage|p1a: Heatran|21\/100\n|\n|-heal|p2a: Rotom|54\/100|[from] item: Leftovers\n|-damage|p2a: Rotom|42\/100|[from] move: Magma Storm|[partiallytrapped]\n|upkeep\n|turn|14\n|\n|t:|1666740470\n|move|p1a: Heatran|Magma Storm|p2a: Rotom\n|-resisted|p2a: Rotom\n|-damage|p2a: Rotom|14\/100\n|move|p2a: Rotom|Thunderbolt|p1a: Heatran\n|-damage|p1a: Heatran|0 fnt\n|faint|p1a: Heatran\n|\n|-heal|p2a: Rotom|21\/100|[from] item: Leftovers\n|-end|p2a: Rotom|Magma Storm|[partiallytrapped]|[silent]\n|upkeep\n|\n|t:|1666740479\n|switch|p1a: Urshifu|Urshifu-Rapid-Strike, M|100\/100\n|turn|15\n|\n|t:|1666740483\n|switch|p2a: Tangrowth|Tangrowth, M|100\/100\n|-activate|p2a: Tangrowth|move: Sticky Web\n|-unboost|p2a: Tangrowth|spe|1\n|-damage|p2a: Tangrowth|88\/100|[from] Stealth Rock\n|move|p1a: Urshifu|U-turn|p2a: Tangrowth\n|-supereffective|p2a: Tangrowth\n|-damage|p2a: Tangrowth|52\/100\n|\n|t:|1666740493\n|switch|p1a: Diggersby|Diggersby, M|100\/100|[from]move: U-turn\n|\n|upkeep\n|turn|16\n|\n|t:|1666740497\n|switch|p2a: Heatran|Heatran, M|100\/100\n|-damage|p2a: Heatran|88\/100|[from] Stealth Rock\n|-item|p2a: Heatran|Air Balloon\n|move|p1a: Diggersby|Fire Punch|p2a: Heatran\n|-start|p2a: Heatran|ability: Flash Fire\n|\n|upkeep\n|turn|17\n|\n|t:|1666740505\n|switch|p1a: Kartana|Kartana|28\/100\n|move|p2a: Heatran|Eruption|p1a: Kartana\n|-supereffective|p1a: Kartana\n|-damage|p1a: Kartana|0 fnt\n|faint|p1a: Kartana\n|\n|upkeep\n|\n|t:|1666740512\n|switch|p1a: Urshifu|Urshifu-Rapid-Strike, M|100\/100\n|turn|18\n|\n|t:|1666740515\n|-end|p2a: Heatran|ability: Flash Fire|[silent]\n|switch|p2a: Tangrowth|Tangrowth, M|86\/100\n|-activate|p2a: Tangrowth|move: Sticky Web\n|-unboost|p2a: Tangrowth|spe|1\n|-damage|p2a: Tangrowth|73\/100|[from] Stealth Rock\n|move|p1a: Urshifu|Close Combat|p2a: Tangrowth\n|-damage|p2a: Tangrowth|25\/100\n|-unboost|p1a: Urshifu|def|1\n|-unboost|p1a: Urshifu|spd|1\n|\n|upkeep\n|turn|19\n|\n|t:|1666740524\n|switch|p2a: Landorus|Landorus-Therian, M|46\/100 tox\n|-damage|p2a: Landorus|34\/100 tox|[from] Stealth Rock\n|-ability|p2a: Landorus|Intimidate|boost\n|-unboost|p1a: Urshifu|atk|1\n|move|p1a: Urshifu|Close Combat|p2a: Landorus\n|-resisted|p2a: Landorus\n|-damage|p2a: Landorus|3\/100 tox\n|-unboost|p1a: Urshifu|def|1\n|-unboost|p1a: Urshifu|spd|1\n|\n|-heal|p2a: Landorus|9\/100 tox|[from] item: Leftovers\n|-damage|p2a: Landorus|3\/100 tox|[from] psn\n|upkeep\n|turn|20\n|\n|t:|1666740536\n|move|p1a: Urshifu|Close Combat|p2a: Landorus\n|-resisted|p2a: Landorus\n|-damage|p2a: Landorus|0 fnt\n|-unboost|p1a: Urshifu|def|1\n|-unboost|p1a: Urshifu|spd|1\n|faint|p2a: Landorus\n|\n|upkeep\n|\n|t:|1666740536\n|switch|p2a: Tangrowth|Tangrowth, M|58\/100\n|-activate|p2a: Tangrowth|move: Sticky Web\n|-unboost|p2a: Tangrowth|spe|1\n|-damage|p2a: Tangrowth|46\/100|[from] Stealth Rock\n|turn|21\n|\n|t:|1666740558\n|switch|p1a: Diggersby|Diggersby, M|100\/100\n|move|p2a: Tangrowth|Giga Drain|p1a: Diggersby\n|-supereffective|p1a: Diggersby\n|-damage|p1a: Diggersby|25\/100\n|-heal|p2a: Tangrowth|75\/100|[from] drain|[of] p1a: Diggersby\n|\n|upkeep\n|turn|22\n|\n|t:|1666740565\n|move|p1a: Diggersby|Body Slam|p2a: Tangrowth\n|-damage|p2a: Tangrowth|32\/100\n|move|p2a: Tangrowth|Giga Drain|p1a: Diggersby\n|-supereffective|p1a: Diggersby\n|-damage|p1a: Diggersby|0 fnt\n|-heal|p2a: Tangrowth|41\/100|[from] drain|[of] p1a: Diggersby\n|faint|p1a: Diggersby\n|\n|upkeep\n|\n|t:|1666740572\n|switch|p1a: Urshifu|Urshifu-Rapid-Strike, M|100\/100\n|turn|23\n|\n|t:|1666740575\n|switch|p2a: Rotom|Rotom-Wash|21\/100\n|-damage|p2a: Rotom|8\/100|[from] Stealth Rock\n|move|p1a: Urshifu|Close Combat|p2a: Rotom\n|-damage|p2a: Rotom|0 fnt\n|-unboost|p1a: Urshifu|def|1\n|-unboost|p1a: Urshifu|spd|1\n|faint|p2a: Rotom\n|\n|upkeep\n|\n|t:|1666740575\n|switch|p2a: Tangrowth|Tangrowth, M|74\/100\n|-activate|p2a: Tangrowth|move: Sticky Web\n|-unboost|p2a: Tangrowth|spe|1\n|-damage|p2a: Tangrowth|62\/100|[from] Stealth Rock\n|turn|24\n|\n|t:|1666740588\n|move|p1a: Urshifu|Close Combat|p2a: Tangrowth\n|-damage|p2a: Tangrowth|15\/100\n|-unboost|p1a: Urshifu|def|1\n|-unboost|p1a: Urshifu|spd|1\n|move|p2a: Tangrowth|Giga Drain|p1a: Urshifu\n|-supereffective|p1a: Urshifu\n|-damage|p1a: Urshifu|0 fnt\n|-heal|p2a: Tangrowth|57\/100|[from] drain|[of] p1a: Urshifu\n|faint|p1a: Urshifu\n|\n|win|minimax_ai\n|raw|cows123p's rating: 1627 &rarr; <strong>1601<\/strong><br \/>(-26 for losing)\n|raw|minimax_ai's rating: 1526 &rarr; <strong>1552<\/strong><br \/>(+26 for winning)\n","uploadtime":1666740590,"views":2,"p1id":"cows123p","p2id":"minimaxai","formatid":"gen8ou","rating":1552,"private":0,"password":null}