{"id":"gen8ou-1647086944","p1":"minimax_ai","p2":"Free Wifi Hotspot","format":"gen8ou","log":"|j|\u2606minimax_ai\n|j|\u2606Free Wifi Hotspot\n|t:|1661348171\n|gametype|singles\n|player|p1|minimax_ai|lusamine-nihilego|1501\n|player|p2|Free Wifi Hotspot|lucas|1542\n|teamsize|p1|6\n|teamsize|p2|6\n|gen|8\n|tier|[Gen 8] OU\n|rated|\n|rule|Sleep Clause Mod: Limit one foe put to sleep\n|rule|Species Clause: Limit one of each Pok\u00e9mon\n|rule|OHKO Clause: OHKO moves are banned\n|rule|Evasion Items Clause: Evasion items are banned\n|rule|Evasion Moves Clause: Evasion moves are banned\n|rule|Endless Battle Clause: Forcing endless battles is banned\n|rule|HP Percentage Mod: HP is shown in percentages\n|rule|Dynamax Clause: You cannot dynamax\n|clearpoke\n|poke|p1|Rotom-Wash|\n|poke|p1|Weavile, F|\n|poke|p1|Landorus-Therian, M|\n|poke|p1|Heatran, M|\n|poke|p1|Tangrowth, F|\n|poke|p1|Melmetal|\n|poke|p2|Urshifu-*, M|\n|poke|p2|Zapdos|\n|poke|p2|Slowking-Galar, M|\n|poke|p2|Weavile, F|\n|poke|p2|Ferrothorn, F|\n|poke|p2|Rillaboom, F|\n|teampreview\n|inactive|Battle timer is ON: inactive players will automatically lose when time's up. (requested by Free Wifi Hotspot)\n|c|\u2606minimax_ai|hf\n|inactive|minimax_ai also wants the timer to be on.\n|\n|t:|1661348178\n|start\n|switch|p1a: landorustherian|Landorus-Therian, M|100\/100\n|switch|p2a: Zapdos|Zapdos|100\/100\n|-ability|p1a: landorustherian|Intimidate|boost\n|-unboost|p2a: Zapdos|atk|1\n|turn|1\n|\n|t:|1661348181\n|move|p2a: Zapdos|Heat Wave|p1a: landorustherian\n|-damage|p1a: landorustherian|82\/100\n|move|p1a: landorustherian|Earthquake|p2a: Zapdos\n|-immune|p2a: Zapdos\n|\n|-heal|p1a: landorustherian|88\/100|[from] item: Leftovers\n|upkeep\n|turn|2\n|\n|t:|1661348186\n|switch|p2a: Urshifu|Urshifu-Rapid-Strike, M|100\/100\n|move|p1a: landorustherian|Earthquake|p2a: Urshifu\n|-damage|p2a: Urshifu|54\/100\n|\n|-heal|p1a: landorustherian|94\/100|[from] item: Leftovers\n|upkeep\n|turn|3\n|\n|t:|1661348191\n|switch|p1a: Tangrowth|Tangrowth, F|100\/100\n|move|p2a: Urshifu|Surging Strikes|p1a: Tangrowth\n|-resisted|p1a: Tangrowth\n|-crit|p1a: Tangrowth\n|-damage|p1a: Tangrowth|95\/100\n|-resisted|p1a: Tangrowth\n|-crit|p1a: Tangrowth\n|-damage|p1a: Tangrowth|90\/100\n|-resisted|p1a: Tangrowth\n|-crit|p1a: Tangrowth\n|-damage|p1a: Tangrowth|85\/100\n|-hitcount|p1a: Tangrowth|3\n|\n|upkeep\n|turn|4\n|\n|t:|1661348193\n|switch|p2a: Zapdos|Zapdos|100\/100\n|move|p1a: Tangrowth|Giga Drain|p2a: Zapdos\n|-resisted|p2a: Zapdos\n|-damage|p2a: Zapdos|88\/100\n|-heal|p1a: Tangrowth|91\/100|[from] drain|[of] p2a: Zapdos\n|\n|upkeep\n|turn|5\n|\n|t:|1661348196\n|switch|p1a: landorustherian|Landorus-Therian, M|94\/100\n|-ability|p1a: landorustherian|Intimidate|boost\n|-unboost|p2a: Zapdos|atk|1\n|move|p2a: Zapdos|Heat Wave|p1a: landorustherian\n|-damage|p1a: landorustherian|74\/100\n|\n|-heal|p1a: landorustherian|80\/100|[from] item: Leftovers\n|upkeep\n|turn|6\n|\n|t:|1661348199\n|switch|p2a: Ferrothorn|Ferrothorn, F|100\/100\n|switch|p1a: Heatran|Heatran, M|100\/100\n|-item|p1a: Heatran|Air Balloon\n|\n|upkeep\n|turn|7\n|\n|t:|1661348201\n|switch|p2a: Urshifu|Urshifu-Rapid-Strike, M|54\/100\n|move|p1a: Heatran|Magma Storm|p2a: Urshifu\n|-resisted|p2a: Urshifu\n|-damage|p2a: Urshifu|15\/100\n|-activate|p2a: Urshifu|move: Magma Storm|[of] p1a: Heatran\n|\n|-damage|p2a: Urshifu|3\/100|[from] move: Magma Storm|[partiallytrapped]\n|upkeep\n|turn|8\n|\n|t:|1661348203\n|switch|p1a: Tangrowth|Tangrowth, F|100\/100\n|move|p2a: Urshifu|Surging Strikes|p1a: Tangrowth\n|-resisted|p1a: Tangrowth\n|-crit|p1a: Tangrowth\n|-damage|p1a: Tangrowth|95\/100\n|-resisted|p1a: Tangrowth\n|-crit|p1a: Tangrowth\n|-damage|p1a: Tangrowth|91\/100\n|-resisted|p1a: Tangrowth\n|-crit|p1a: Tangrowth\n|-damage|p1a: Tangrowth|85\/100\n|-hitcount|p1a: Tangrowth|3\n|\n|-end|p2a: Urshifu|Magma Storm|[partiallytrapped]|[silent]\n|upkeep\n|turn|9\n|\n|t:|1661348204\n|switch|p2a: Ferrothorn|Ferrothorn, F|100\/100\n|move|p1a: Tangrowth|Giga Drain|p2a: Ferrothorn\n|-resisted|p2a: Ferrothorn\n|-damage|p2a: Ferrothorn|94\/100\n|-heal|p1a: Tangrowth|88\/100|[from] drain|[of] p2a: Ferrothorn\n|\n|upkeep\n|turn|10\n|\n|t:|1661348206\n|switch|p1a: Heatran|Heatran, M|100\/100\n|-item|p1a: Heatran|Air Balloon\n|move|p2a: Ferrothorn|Spikes|p1a: Heatran\n|-sidestart|p1: minimax_ai|Spikes\n|\n|upkeep\n|turn|11\n|\n|t:|1661348208\n|switch|p2a: Urshifu|Urshifu-Rapid-Strike, M|3\/100\n|move|p1a: Heatran|Magma Storm|p2a: Urshifu\n|-resisted|p2a: Urshifu\n|-damage|p2a: Urshifu|0 fnt\n|faint|p2a: Urshifu\n|\n|upkeep\n|\n|t:|1661348214\n|switch|p2a: Rillaboom|Rillaboom, F|100\/100\n|-fieldstart|move: Grassy Terrain|[from] ability: Grassy Surge|[of] p2a: Rillaboom\n|turn|12\n|\n|t:|1661348216\n|switch|p1a: landorustherian|Landorus-Therian, M|80\/100\n|-ability|p1a: landorustherian|Intimidate|boost\n|-unboost|p2a: Rillaboom|atk|1\n|move|p2a: Rillaboom|Superpower|p1a: landorustherian\n|-resisted|p1a: landorustherian\n|-damage|p1a: landorustherian|60\/100\n|-unboost|p2a: Rillaboom|atk|1\n|-unboost|p2a: Rillaboom|def|1\n|-damage|p2a: Rillaboom|91\/100|[from] item: Life Orb\n|\n|-heal|p2a: Rillaboom|97\/100|[from] Grassy Terrain\n|-heal|p1a: landorustherian|66\/100|[from] item: Leftovers\n|upkeep\n|turn|13\n|\n|t:|1661348219\n|switch|p2a: Zapdos|Zapdos|88\/100\n|move|p1a: landorustherian|U-turn|p2a: Zapdos\n|-resisted|p2a: Zapdos\n|-damage|p2a: Zapdos|81\/100\n|-status|p1a: landorustherian|par|[from] ability: Static|[of] p2a: Zapdos\n|\n|t:|1661348219\n|switch|p1a: Heatran|Heatran, M|100\/100|[from]move: U-turn\n|-item|p1a: Heatran|Air Balloon\n|\n|upkeep\n|turn|14\n|\n|t:|1661348222\n|move|p1a: Heatran|Magma Storm|p2a: Zapdos\n|-damage|p2a: Zapdos|34\/100\n|-activate|p2a: Zapdos|move: Magma Storm|[of] p1a: Heatran\n|move|p2a: Zapdos|Discharge|p1a: Heatran\n|-crit|p1a: Heatran\n|-damage|p1a: Heatran|48\/100\n|-enditem|p1a: Heatran|Air Balloon\n|\n|-heal|p1a: Heatran|55\/100|[from] Grassy Terrain\n|-damage|p2a: Zapdos|21\/100|[from] move: Magma Storm|[partiallytrapped]\n|upkeep\n|turn|15\n|\n|t:|1661348224\n|move|p1a: Heatran|Magma Storm|p2a: Zapdos\n|-damage|p2a: Zapdos|0 fnt\n|faint|p2a: Zapdos\n|\n|-heal|p1a: Heatran|61\/100|[from] Grassy Terrain\n|upkeep\n|\n|t:|1661348228\n|switch|p2a: Rillaboom|Rillaboom, F|97\/100\n|turn|16\n|\n|t:|1661348229\n|move|p1a: Heatran|Magma Storm|p2a: Rillaboom|[miss]\n|-miss|p1a: Heatran|p2a: Rillaboom\n|move|p2a: Rillaboom|Swords Dance|p2a: Rillaboom\n|-boost|p2a: Rillaboom|atk|2\n|\n|-heal|p1a: Heatran|67\/100|[from] Grassy Terrain\n|-heal|p2a: Rillaboom|100\/100|[from] Grassy Terrain\n|-fieldend|move: Grassy Terrain\n|upkeep\n|turn|17\n|\n|t:|1661348231\n|move|p1a: Heatran|Magma Storm|p2a: Rillaboom\n|-supereffective|p2a: Rillaboom\n|-damage|p2a: Rillaboom|0 fnt\n|faint|p2a: Rillaboom\n|\n|upkeep\n|\n|t:|1661348234\n|switch|p2a: Weavile|Weavile, F|100\/100\n|-ability|p2a: Weavile|Pressure\n|turn|18\n|\n|t:|1661348236\n|switch|p1a: landorustherian|Landorus-Therian, M|66\/100 par\n|-ability|p1a: landorustherian|Intimidate|boost\n|-unboost|p2a: Weavile|atk|1\n|move|p2a: Weavile|Swords Dance|p2a: Weavile\n|-boost|p2a: Weavile|atk|2\n|\n|-heal|p1a: landorustherian|72\/100 par|[from] item: Leftovers\n|upkeep\n|turn|19\n|\n|t:|1661348237\n|switch|p1a: Melmetal|Melmetal|100\/100\n|-damage|p1a: Melmetal|88\/100|[from] Spikes\n|move|p2a: Weavile|Ice Shard|p1a: Melmetal\n|-resisted|p1a: Melmetal\n|-damage|p1a: Melmetal|79\/100\n|\n|upkeep\n|turn|20\n|\n|t:|1661348239\n|move|p2a: Weavile|Low Kick|p1a: Melmetal\n|-supereffective|p1a: Melmetal\n|-damage|p1a: Melmetal|18\/100\n|move|p1a: Melmetal|Ice Punch|p2a: Weavile\n|-resisted|p2a: Weavile\n|-damage|p2a: Weavile|73\/100\n|\n|upkeep\n|turn|21\n|\n|t:|1661348243\n|switch|p1a: Tangrowth|Tangrowth, F|100\/100\n|-damage|p1a: Tangrowth|88\/100|[from] Spikes\n|move|p2a: Weavile|Low Kick|p1a: Tangrowth\n|-damage|p1a: Tangrowth|63\/100\n|-damage|p2a: Weavile|57\/100|[from] item: Rocky Helmet|[of] p1a: Tangrowth\n|\n|upkeep\n|turn|22\n|\n|t:|1661348245\n|move|p2a: Weavile|Knock Off|p1a: Tangrowth\n|-damage|p1a: Tangrowth|27\/100\n|-damage|p2a: Weavile|40\/100|[from] item: Rocky Helmet|[of] p1a: Tangrowth\n|-enditem|p1a: Tangrowth|Rocky Helmet|[from] move: Knock Off|[of] p2a: Weavile\n|move|p1a: Tangrowth|Giga Drain|p2a: Weavile\n|-damage|p2a: Weavile|4\/100\n|-heal|p1a: Tangrowth|40\/100|[from] drain|[of] p2a: Weavile\n|\n|upkeep\n|turn|23\n|\n|t:|1661348247\n|move|p2a: Weavile|Ice Shard|p1a: Tangrowth\n|-supereffective|p1a: Tangrowth\n|-damage|p1a: Tangrowth|12\/100\n|move|p1a: Tangrowth|Knock Off|p2a: Weavile\n|-resisted|p2a: Weavile\n|-damage|p2a: Weavile|0 fnt\n|-enditem|p2a: Weavile|Heavy-Duty Boots|[from] move: Knock Off|[of] p1a: Tangrowth\n|faint|p2a: Weavile\n|\n|upkeep\n|-message|Free Wifi Hotspot forfeited.\n|\n|win|minimax_ai\n|raw|minimax_ai's rating: 1501 &rarr; <strong>1523<\/strong><br \/>(+22 for winning)\n|raw|Free Wifi Hotspot's rating: 1542 &rarr; <strong>1520<\/strong><br \/>(-22 for losing)\n|c|\u2606minimax_ai|gg\n|l|\u2606Free Wifi Hotspot\n","uploadtime":1661348253,"views":15,"p1id":"minimaxai","p2id":"freewifihotspot","formatid":"gen8ou","rating":1520,"private":0,"password":null}