{"id":"gen8ou-1697718542","p1":"UnknownDeviant","p2":"Shinjou Akane","format":"gen8ou","log":"|j|\u2606UnknownDeviant\n|j|\u2606Shinjou Akane\n|t:|1667031802\n|gametype|singles\n|player|p1|UnknownDeviant|furisodegirl-black|1413\n|player|p2|Shinjou Akane|elesa-gen5bw2|1458\n|teamsize|p1|6\n|teamsize|p2|6\n|gen|8\n|tier|[Gen 8] OU\n|rated|\n|rule|Sleep Clause Mod: Limit one foe put to sleep\n|rule|Species Clause: Limit one of each Pok\u00e9mon\n|rule|OHKO Clause: OHKO moves are banned\n|rule|Evasion Items Clause: Evasion items are banned\n|rule|Evasion Moves Clause: Evasion moves are banned\n|rule|Endless Battle Clause: Forcing endless battles is banned\n|rule|HP Percentage Mod: HP is shown in percentages\n|rule|Dynamax Clause: You cannot dynamax\n|clearpoke\n|poke|p1|Ninetales-Alola, M|\n|poke|p1|Heatran, M|\n|poke|p1|Landorus-Therian, M|\n|poke|p1|Tapu Fini|\n|poke|p1|Arctozolt|\n|poke|p1|Kartana|\n|poke|p2|Klefki, M|\n|poke|p2|Nidoking, M|\n|poke|p2|Urshifu-*, F|\n|poke|p2|Kartana|\n|poke|p2|Tapu Fini|\n|poke|p2|Landorus-Therian, M|\n|teampreview\n|\n|t:|1667031815\n|start\n|switch|p1a: BurstofTerror|Heatran, M|100\/100\n|switch|p2a: Klefki|Klefki, M|100\/100\n|-item|p1a: BurstofTerror|Air Balloon\n|turn|1\n|\n|t:|1667031820\n|move|p2a: Klefki|Fairy Lock|p2a: Klefki\n|-fieldactivate|move: Fairy Lock\n|move|p1a: BurstofTerror|Magma Storm|p2a: Klefki\n|-supereffective|p2a: Klefki\n|-damage|p2a: Klefki|0 fnt\n|faint|p2a: Klefki\n|\n|upkeep\n|\n|t:|1667031825\n|switch|p2a: Urshifu|Urshifu-Rapid-Strike, F|100\/100\n|turn|2\n|\n|t:|1667031834\n|move|p2a: Urshifu|Close Combat|p1a: BurstofTerror\n|-supereffective|p1a: BurstofTerror\n|-damage|p1a: BurstofTerror|0 fnt\n|-unboost|p2a: Urshifu|def|1\n|-unboost|p2a: Urshifu|spd|1\n|-enditem|p1a: BurstofTerror|Air Balloon\n|faint|p1a: BurstofTerror\n|\n|upkeep\n|\n|t:|1667031838\n|switch|p1a: GlacialCore|Ninetales-Alola, M, shiny|100\/100\n|-weather|Hail|[from] ability: Snow Warning|[of] p1a: GlacialCore\n|turn|3\n|\n|t:|1667031848\n|switch|p2a: Kartana|Kartana|100\/100\n|move|p1a: GlacialCore|Aurora Veil|p1a: GlacialCore\n|-sidestart|p1: UnknownDeviant|move: Aurora Veil\n|\n|-weather|Hail|[upkeep]\n|-damage|p2a: Kartana|94\/100|[from] Hail\n|upkeep\n|turn|4\n|\n|t:|1667031851\n|move|p2a: Kartana|Smart Strike|p1a: GlacialCore\n|-supereffective|p1a: GlacialCore\n|-damage|p1a: GlacialCore|0 fnt\n|faint|p1a: GlacialCore\n|-ability|p2a: Kartana|Beast Boost|boost\n|-boost|p2a: Kartana|atk|1\n|\n|-weather|Hail|[upkeep]\n|-damage|p2a: Kartana|88\/100|[from] Hail\n|upkeep\n|\n|t:|1667031857\n|switch|p1a: RippedtoShreds|Kartana, shiny|100\/100\n|turn|5\n|\n|t:|1667031860\n|switch|p2a: Landorus|Landorus-Therian, M|100\/100\n|-ability|p2a: Landorus|Intimidate|boost\n|-unboost|p1a: RippedtoShreds|atk|1\n|move|p1a: RippedtoShreds|Knock Off|p2a: Landorus\n|-damage|p2a: Landorus|74\/100\n|-damage|p1a: RippedtoShreds|84\/100|[from] item: Rocky Helmet|[of] p2a: Landorus\n|-enditem|p2a: Landorus|Rocky Helmet|[from] move: Knock Off|[of] p1a: RippedtoShreds\n|\n|-weather|Hail|[upkeep]\n|-damage|p1a: RippedtoShreds|78\/100|[from] Hail\n|-damage|p2a: Landorus|68\/100|[from] Hail\n|upkeep\n|turn|6\n|\n|t:|1667031867\n|switch|p1a: SunlitScatter|Landorus-Therian, M, shiny|100\/100\n|-ability|p1a: SunlitScatter|Intimidate|boost\n|-unboost|p2a: Landorus|atk|1\n|move|p2a: Landorus|U-turn|p1a: SunlitScatter\n|-resisted|p1a: SunlitScatter\n|-damage|p1a: SunlitScatter|97\/100\n|\n|t:|1667031874\n|switch|p2a: Urshifu|Urshifu-Rapid-Strike, F|100\/100|[from]move: U-turn\n|\n|-weather|Hail|[upkeep]\n|-damage|p2a: Urshifu|94\/100|[from] Hail\n|-damage|p1a: SunlitScatter|91\/100|[from] Hail\n|-heal|p1a: SunlitScatter|97\/100|[from] item: Leftovers\n|upkeep\n|turn|7\n|\n|t:|1667031879\n|switch|p1a: RefinedWonder|Tapu Fini, shiny|100\/100\n|-fieldstart|move: Misty Terrain|[from] ability: Misty Surge|[of] p1a: RefinedWonder\n|move|p2a: Urshifu|U-turn|p1a: RefinedWonder\n|-resisted|p1a: RefinedWonder\n|-damage|p1a: RefinedWonder|94\/100\n|\n|t:|1667031887\n|switch|p2a: Nidoking|Nidoking, M|100\/100|[from]move: U-turn\n|\n|-weather|Hail|[upkeep]\n|-damage|p2a: Nidoking|95\/100|[from] Hail\n|-damage|p1a: RefinedWonder|88\/100|[from] Hail\n|-heal|p1a: RefinedWonder|94\/100|[from] item: Leftovers\n|-sideend|p1: UnknownDeviant|move: Aurora Veil\n|upkeep\n|turn|8\n|\n|t:|1667031896\n|switch|p1a: SunlitScatter|Landorus-Therian, M, shiny|97\/100\n|-ability|p1a: SunlitScatter|Intimidate|boost\n|-unboost|p2a: Nidoking|atk|1\n|move|p2a: Nidoking|Earth Power|p1a: SunlitScatter\n|-immune|p1a: SunlitScatter\n|\n|-weather|Hail|[upkeep]\n|-damage|p1a: SunlitScatter|91\/100|[from] Hail\n|-damage|p2a: Nidoking|89\/100|[from] Hail\n|-heal|p1a: SunlitScatter|97\/100|[from] item: Leftovers\n|upkeep\n|turn|9\n|\n|t:|1667031900\n|move|p1a: SunlitScatter|U-turn|p2a: Nidoking\n|-resisted|p2a: Nidoking\n|-damage|p2a: Nidoking|74\/100\n|\n|t:|1667031904\n|switch|p1a: RefinedWonder|Tapu Fini, shiny|94\/100|[from]move: U-turn\n|move|p2a: Nidoking|Ice Beam|p1a: RefinedWonder\n|-resisted|p1a: RefinedWonder\n|-damage|p1a: RefinedWonder|74\/100\n|\n|-weather|Hail|[upkeep]\n|-damage|p2a: Nidoking|68\/100|[from] Hail\n|-damage|p1a: RefinedWonder|67\/100|[from] Hail\n|-heal|p1a: RefinedWonder|74\/100|[from] item: Leftovers\n|upkeep\n|turn|10\n|\n|t:|1667031908\n|switch|p1a: SunlitScatter|Landorus-Therian, M, shiny|97\/100\n|-ability|p1a: SunlitScatter|Intimidate|boost\n|-unboost|p2a: Nidoking|atk|1\n|move|p2a: Nidoking|Sludge Wave|p1a: SunlitScatter\n|-resisted|p1a: SunlitScatter\n|-damage|p1a: SunlitScatter|68\/100\n|\n|-weather|none\n|-heal|p1a: SunlitScatter|74\/100|[from] item: Leftovers\n|upkeep\n|turn|11\n|\n|t:|1667031913\n|switch|p2a: Landorus|Landorus-Therian, M|68\/100\n|-ability|p2a: Landorus|Intimidate|boost\n|-unboost|p1a: SunlitScatter|atk|1\n|move|p1a: SunlitScatter|Earthquake|p2a: Landorus\n|-immune|p2a: Landorus\n|\n|-heal|p1a: SunlitScatter|80\/100|[from] item: Leftovers\n|-fieldend|Misty Terrain\n|upkeep\n|turn|12\n|\n|t:|1667031916\n|move|p1a: SunlitScatter|Knock Off|p2a: Landorus\n|-damage|p2a: Landorus|55\/100\n|move|p2a: Landorus|Stealth Rock|p1a: SunlitScatter\n|-sidestart|p1: UnknownDeviant|move: Stealth Rock\n|\n|-heal|p1a: SunlitScatter|86\/100|[from] item: Leftovers\n|upkeep\n|turn|13\n|\n|t:|1667031919\n|move|p1a: SunlitScatter|U-turn|p2a: Landorus\n|-resisted|p2a: Landorus\n|-damage|p2a: Landorus|48\/100\n|\n|t:|1667031926\n|switch|p1a: SorrowfulCastaway|Arctozolt, shiny|100\/100|[from]move: U-turn\n|move|p2a: Landorus|U-turn|p1a: SorrowfulCastaway\n|-damage|p1a: SorrowfulCastaway|73\/100\n|\n|t:|1667031933\n|switch|p2a: Nidoking|Nidoking, M|68\/100|[from]move: U-turn\n|\n|upkeep\n|turn|14\n|\n|t:|1667031944\n|switch|p1a: SunlitScatter|Landorus-Therian, M, shiny|86\/100\n|-damage|p1a: SunlitScatter|73\/100|[from] Stealth Rock\n|-ability|p1a: SunlitScatter|Intimidate|boost\n|-unboost|p2a: Nidoking|atk|1\n|move|p2a: Nidoking|Sludge Wave|p1a: SunlitScatter\n|-resisted|p1a: SunlitScatter\n|-crit|p1a: SunlitScatter\n|-damage|p1a: SunlitScatter|27\/100\n|\n|-heal|p1a: SunlitScatter|33\/100|[from] item: Leftovers\n|upkeep\n|turn|15\n|\n|t:|1667031948\n|move|p1a: SunlitScatter|Earthquake|p2a: Nidoking\n|-supereffective|p2a: Nidoking\n|-damage|p2a: Nidoking|0 fnt\n|faint|p2a: Nidoking\n|\n|-heal|p1a: SunlitScatter|39\/100|[from] item: Leftovers\n|upkeep\n|\n|t:|1667031951\n|switch|p2a: Urshifu|Urshifu-Rapid-Strike, F|94\/100\n|turn|16\n|\n|t:|1667031955\n|move|p2a: Urshifu|U-turn|p1a: SunlitScatter\n|-resisted|p1a: SunlitScatter\n|-damage|p1a: SunlitScatter|20\/100\n|\n|t:|1667031957\n|switch|p2a: Landorus|Landorus-Therian, M|48\/100|[from]move: U-turn\n|-ability|p2a: Landorus|Intimidate|boost\n|-unboost|p1a: SunlitScatter|atk|1\n|move|p1a: SunlitScatter|U-turn|p2a: Landorus\n|-resisted|p2a: Landorus\n|-damage|p2a: Landorus|41\/100\n|\n|t:|1667031962\n|switch|p1a: RippedtoShreds|Kartana, shiny|78\/100|[from]move: U-turn\n|-damage|p1a: RippedtoShreds|72\/100|[from] Stealth Rock\n|\n|upkeep\n|turn|17\n|\n|t:|1667031969\n|switch|p2a: Kartana|Kartana|88\/100\n|move|p1a: RippedtoShreds|Leaf Blade|p2a: Kartana\n|-resisted|p2a: Kartana\n|-damage|p2a: Kartana|72\/100\n|\n|upkeep\n|turn|18\n|\n|t:|1667031975\n|switch|p1a: SunlitScatter|Landorus-Therian, M, shiny|20\/100\n|-damage|p1a: SunlitScatter|8\/100|[from] Stealth Rock\n|-ability|p1a: SunlitScatter|Intimidate|boost\n|-unboost|p2a: Kartana|atk|1\n|move|p2a: Kartana|Leaf Blade|p1a: SunlitScatter\n|-damage|p1a: SunlitScatter|0 fnt\n|faint|p1a: SunlitScatter\n|-ability|p2a: Kartana|Beast Boost|boost\n|-boost|p2a: Kartana|atk|1\n|\n|upkeep\n|\n|t:|1667031984\n|switch|p1a: RippedtoShreds|Kartana, shiny|72\/100\n|-damage|p1a: RippedtoShreds|65\/100|[from] Stealth Rock\n|turn|19\n|\n|t:|1667031988\n|switch|p2a: Landorus|Landorus-Therian, M|41\/100\n|-ability|p2a: Landorus|Intimidate|boost\n|-unboost|p1a: RippedtoShreds|atk|1\n|move|p1a: RippedtoShreds|Sacred Sword|p2a: Landorus\n|-resisted|p2a: Landorus\n|-damage|p2a: Landorus|29\/100\n|\n|upkeep\n|turn|20\n|\n|t:|1667031993\n|switch|p1a: RefinedWonder|Tapu Fini, shiny|74\/100\n|-damage|p1a: RefinedWonder|61\/100|[from] Stealth Rock\n|-fieldstart|move: Misty Terrain|[from] ability: Misty Surge|[of] p1a: RefinedWonder\n|move|p2a: Landorus|Earthquake|p1a: RefinedWonder\n|-damage|p1a: RefinedWonder|26\/100\n|\n|-heal|p1a: RefinedWonder|32\/100|[from] item: Leftovers\n|upkeep\n|turn|21\n|\n|t:|1667032000\n|move|p1a: RefinedWonder|Surf|p2a: Landorus\n|-supereffective|p2a: Landorus\n|-damage|p2a: Landorus|0 fnt\n|faint|p2a: Landorus\n|\n|-heal|p1a: RefinedWonder|38\/100|[from] item: Leftovers\n|upkeep\n|\n|t:|1667032007\n|switch|p2a: Kartana|Kartana|72\/100\n|turn|22\n|\n|t:|1667032011\n|move|p2a: Kartana|Leaf Blade|p1a: RefinedWonder\n|-supereffective|p1a: RefinedWonder\n|-damage|p1a: RefinedWonder|0 fnt\n|faint|p1a: RefinedWonder\n|-ability|p2a: Kartana|Beast Boost|boost\n|-boost|p2a: Kartana|atk|1\n|\n|upkeep\n|\n|t:|1667032014\n|switch|p1a: RippedtoShreds|Kartana, shiny|65\/100\n|-damage|p1a: RippedtoShreds|59\/100|[from] Stealth Rock\n|turn|23\n|\n|t:|1667032022\n|move|p1a: RippedtoShreds|Leaf Blade|p2a: Kartana\n|-resisted|p2a: Kartana\n|-damage|p2a: Kartana|57\/100\n|move|p2a: Kartana|Leaf Blade|p1a: RippedtoShreds\n|-resisted|p1a: RippedtoShreds\n|-damage|p1a: RippedtoShreds|36\/100\n|\n|upkeep\n|turn|24\n|\n|t:|1667032027\n|move|p2a: Kartana|Leaf Blade|p1a: RippedtoShreds\n|-resisted|p1a: RippedtoShreds\n|-damage|p1a: RippedtoShreds|11\/100\n|move|p1a: RippedtoShreds|Leaf Blade|p2a: Kartana\n|-resisted|p2a: Kartana\n|-damage|p2a: Kartana|40\/100\n|\n|-fieldend|Misty Terrain\n|upkeep\n|turn|25\n|\n|t:|1667032030\n|move|p2a: Kartana|Leaf Blade|p1a: RippedtoShreds\n|-resisted|p1a: RippedtoShreds\n|-damage|p1a: RippedtoShreds|0 fnt\n|faint|p1a: RippedtoShreds\n|-ability|p2a: Kartana|Beast Boost|boost\n|-boost|p2a: Kartana|atk|1\n|\n|upkeep\n|-message|UnknownDeviant forfeited.\n|\n|win|Shinjou Akane\n|raw|UnknownDeviant's rating: 1413 &rarr; <strong>1396<\/strong><br \/>(-17 for losing)\n|raw|Shinjou Akane's rating: 1458 &rarr; <strong>1475<\/strong><br \/>(+17 for winning)\n|l|\u2606UnknownDeviant\n","uploadtime":1667032040,"views":9,"p1id":"unknowndeviant","p2id":"shinjouakane","formatid":"gen8ou","rating":1396,"private":0,"password":null}