{"id":"gen8nationaldexag-1703242033","p1":"jushu114514","p2":"cpooi","format":"gen8nationaldexag","log":"|j|\u2606jushu114514\n|j|\u2606cpooi\n|t:|1667635036\n|gametype|singles\n|player|p1|jushu114514|101|1400\n|player|p2|cpooi|169|1292\n|teamsize|p1|6\n|teamsize|p2|6\n|gen|8\n|tier|[Gen 8] National Dex AG\n|rated|\n|rule|HP Percentage Mod: HP is shown in percentages\n|rule|Endless Battle Clause: Forcing endless battles is banned\n|clearpoke\n|poke|p1|Kyogre|\n|poke|p1|Groudon|\n|poke|p1|Rayquaza|\n|poke|p1|Arceus-*|\n|poke|p1|Shuckle, F|\n|poke|p1|Xerneas-*|\n|poke|p2|Zapdos|\n|poke|p2|Groudon|\n|poke|p2|Zacian-*|\n|poke|p2|Yveltal|\n|poke|p2|Cinderace, M|\n|poke|p2|Slowbro, M|\n|teampreview\n|inactive|Battle timer is ON: inactive players will automatically lose when time's up. (requested by cpooi)\n|\n|t:|1667635054\n|start\n|switch|p1a: Shuckle|Shuckle, F|100\/100\n|switch|p2a: Cinderace|Cinderace, M|100\/100\n|turn|1\n|\n|t:|1667635056\n|move|p2a: Cinderace|Pyro Ball|p1a: Shuckle|[miss]\n|-miss|p2a: Cinderace|p1a: Shuckle\n|move|p1a: Shuckle|Encore|p2a: Cinderace\n|-start|p2a: Cinderace|Encore\n|\n|upkeep\n|turn|2\n|\n|t:|1667635060\n|move|p2a: Cinderace|Pyro Ball|p1a: Shuckle\n|-damage|p1a: Shuckle|67\/100\n|-enditem|p1a: Shuckle|Red Card|[of] p2a: Cinderace\n|drag|p2a: Zapdos|Zapdos|100\/100\n|move|p1a: Shuckle|Sticky Web|p2a: Zapdos\n|-sidestart|p2: cpooi|move: Sticky Web\n|\n|upkeep\n|turn|3\n|\n|t:|1667635065\n|switch|p2a: Cinderace|Cinderace, M|100\/100\n|move|p1a: Shuckle|Stealth Rock|p2a: Cinderace\n|-sidestart|p2: cpooi|move: Stealth Rock\n|\n|upkeep\n|turn|4\n|\n|t:|1667635070\n|move|p2a: Cinderace|Pyro Ball|p1a: Shuckle\n|-damage|p1a: Shuckle|38\/100\n|move|p1a: Shuckle|Encore|p2a: Cinderace\n|-start|p2a: Cinderace|Encore\n|\n|upkeep\n|turn|5\n|\n|t:|1667635074\n|switch|p1a: Kyogre|Kyogre|100\/100\n|detailschange|p1a: Kyogre|Kyogre-Primal\n|-primal|p1a: Kyogre\n|-weather|PrimordialSea|[from] ability: Primordial Sea|[of] p1a: Kyogre\n|move|p2a: Cinderace|Pyro Ball||[still]\n|-fail|p2a: Cinderace|Pyro Ball|[from] Primordial Sea\n|\n|-weather|PrimordialSea|[upkeep]\n|upkeep\n|turn|6\n|\n|t:|1667635077\n|switch|p2a: Groudon|Groudon|100\/100\n|-activate|p2a: Groudon|move: Sticky Web\n|-unboost|p2a: Groudon|spe|1\n|-damage|p2a: Groudon|94\/100|[from] Stealth Rock\n|detailschange|p2a: Groudon|Groudon-Primal\n|-primal|p2a: Groudon\n|-weather|DesolateLand|[from] ability: Desolate Land|[of] p2a: Groudon\n|move|p1a: Kyogre|Water Spout||[still]\n|-fail|p1a: Kyogre|Water Spout|[from] Desolate Land\n|\n|-weather|DesolateLand|[upkeep]\n|upkeep\n|turn|7\n|\n|t:|1667635086\n|switch|p1a: Shuckle|Shuckle, F|38\/100\n|-weather|none\n|switch|p2a: Cinderace|Cinderace, M|100\/100\n|\n|upkeep\n|turn|8\n|\n|t:|1667635094\n|move|p2a: Cinderace|U-turn|p1a: Shuckle\n|-start|p2a: Cinderace|typechange|Bug|[from] ability: Libero\n|-damage|p1a: Shuckle|20\/100\n|\n|t:|1667635098\n|switch|p2a: Yveltal|Yveltal|100\/100|[from]move: U-turn\n|-ability|p2a: Yveltal|Dark Aura\n|move|p1a: Shuckle|Encore||[still]\n|-fail|p1a: Shuckle\n|\n|upkeep\n|turn|9\n|\n|t:|1667635105\n|move|p2a: Yveltal|Knock Off|p1a: Shuckle\n|-damage|p1a: Shuckle|0 fnt\n|faint|p1a: Shuckle\n|\n|upkeep\n|\n|t:|1667635117\n|switch|p1a: Xerneas|Xerneas|100\/100\n|-ability|p1a: Xerneas|Fairy Aura\n|turn|10\n|\n|t:|1667635120\n|move|p2a: Yveltal|Taunt|p1a: Xerneas\n|-start|p1a: Xerneas|move: Taunt\n|cant|p1a: Xerneas|move: Taunt|Geomancy\n|\n|upkeep\n|turn|11\n|\n|t:|1667635131\n|switch|p2a: Cinderace|Cinderace, M|100\/100\n|move|p1a: Xerneas|Moonblast|p2a: Cinderace\n|-resisted|p2a: Cinderace\n|-damage|p2a: Cinderace|45\/100\n|\n|upkeep\n|turn|12\n|\n|t:|1667635134\n|move|p2a: Cinderace|Court Change|p2a: Cinderace\n|-start|p2a: Cinderace|typechange|Normal|[from] ability: Libero\n|-swapsideconditions\n|-activate|p2a: Cinderace|move: Court Change\n|move|p1a: Xerneas|Moonblast|p2a: Cinderace\n|-crit|p2a: Cinderace\n|-damage|p2a: Cinderace|0 fnt\n|faint|p2a: Cinderace\n|\n|-end|p1a: Xerneas|move: Taunt\n|upkeep\n|\n|t:|1667635154\n|switch|p2a: Yveltal|Yveltal|100\/100\n|-ability|p2a: Yveltal|Dark Aura\n|turn|13\n|-message|jushu114514 forfeited.\n|\n|win|cpooi\n|raw|jushu114514's rating: 1400 &rarr; <strong>1374<\/strong><br \/>(-26 for losing)\n|raw|cpooi's rating: 1292 &rarr; <strong>1325<\/strong><br \/>(+33 for winning)\n|l|\u2606jushu114514\n","uploadtime":1667635162,"views":6,"p1id":"jushu114514","p2id":"cpooi","formatid":"gen8nationaldexag","rating":1325,"private":0,"password":null}