{"id":"gen8battlefactory-1682693645","p1":"Sww-Suwa","p2":"clifford","format":"gen8battlefactory","log":"|j|\u2606Sww-Suwa\n|j|\u2606clifford\n|inactive|Battle timer is ON: inactive players will automatically lose when time's up.\n|t:|1665448247\n|gametype|singles\n|player|p1|Sww-Suwa|lass-gen6|\n|player|p2|clifford|boarder|\n|teamsize|p1|6\n|teamsize|p2|6\n|gen|8\n|tier|[Gen 8] Battle Factory\n|rated|Tournament battle\n|rule|Sleep Clause Mod: Limit one foe put to sleep\n|rule|Species Clause: Limit one of each Pok\u00e9mon\n|rule|OHKO Clause: OHKO moves are banned\n|rule|Evasion Items Clause: Evasion items are banned\n|rule|Evasion Moves Clause: Evasion moves are banned\n|rule|Endless Battle Clause: Forcing endless battles is banned\n|rule|HP Percentage Mod: HP is shown in percentages\n|rule|Dynamax Clause: You cannot dynamax\n|clearpoke\n|poke|p1|Amoonguss, F|\n|poke|p1|Salamence, M|\n|poke|p1|Crobat, M|\n|poke|p1|Hippowdon, F|\n|poke|p1|Excadrill, M|\n|poke|p1|Keldeo|\n|poke|p2|Scizor, F|\n|poke|p2|Zarude|\n|poke|p2|Slowking, F|\n|poke|p2|Lycanroc-Dusk, F|\n|poke|p2|Salamence, M|\n|poke|p2|Swampert, F|\n|teampreview\n|c|\u2606Sww-Suwa|hf\n|j| Weaselfie\n|j| pickin up pieces\n|inactive|Sww-Suwa has 120 seconds left.\n|inactive|Sww-Suwa has 90 seconds left.\n|\n|t:|1665448329\n|start\n|switch|p1a: Amoonguss|Amoonguss, F|432\/432\n|switch|p2a: Swampert|Swampert, F|404\/404\n|turn|1\n|\n|t:|1665448339\n|switch|p2a: Zarude|Zarude|351\/351\n|move|p1a: Amoonguss|Spore|p2a: Zarude\n|-immune|p2a: Zarude\n|\n|upkeep\n|turn|2\n|\n|t:|1665448343\n|move|p2a: Zarude|U-turn|p1a: Amoonguss\n|-damage|p1a: Amoonguss|359\/432\n|-damage|p2a: Zarude|293\/351|[from] item: Rocky Helmet|[of] p1a: Amoonguss\n|\n|t:|1665448346\n|switch|p2a: Salamence|Salamence, M|394\/394\n|-ability|p2a: Salamence|Intimidate|boost\n|-unboost|p1a: Amoonguss|atk|1\n|move|p1a: Amoonguss|Sludge Bomb|p2a: Salamence\n|-damage|p2a: Salamence|292\/394\n|\n|upkeep\n|turn|3\n|\n|t:|1665448352\n|switch|p1a: Hippowdon|Hippowdon, F|420\/420\n|-weather|Sandstorm|[from] ability: Sand Stream|[of] p1a: Hippowdon\n|move|p2a: Salamence|Flamethrower|p1a: Hippowdon\n|-damage|p1a: Hippowdon|348\/420\n|\n|-weather|Sandstorm|[upkeep]\n|-damage|p2a: Salamence|268\/394|[from] Sandstorm\n|upkeep\n|turn|4\n|\n|t:|1665448357\n|move|p2a: Salamence|Toxic|p1a: Hippowdon\n|-status|p1a: Hippowdon|tox\n|move|p1a: Hippowdon|Toxic|p2a: Salamence|[miss]\n|-miss|p1a: Hippowdon|p2a: Salamence\n|\n|-weather|Sandstorm|[upkeep]\n|-damage|p2a: Salamence|244\/394|[from] Sandstorm\n|-damage|p1a: Hippowdon|322\/420 tox|[from] psn\n|upkeep\n|turn|5\n|\n|t:|1665448363\n|switch|p2a: Swampert|Swampert, F|404\/404\n|move|p1a: Hippowdon|Stealth Rock|p2a: Swampert\n|-sidestart|p2: clifford|move: Stealth Rock\n|\n|-weather|Sandstorm|[upkeep]\n|-damage|p1a: Hippowdon|270\/420 tox|[from] psn\n|upkeep\n|turn|6\n|\n|t:|1665448367\n|switch|p1a: Keldeo|Keldeo|323\/323\n|move|p2a: Swampert|Stealth Rock|p1a: Keldeo\n|-sidestart|p1: Sww-Suwa|move: Stealth Rock\n|\n|-weather|Sandstorm|[upkeep]\n|-damage|p1a: Keldeo|303\/323|[from] Sandstorm\n|upkeep\n|turn|7\n|\n|t:|1665448374\n|switch|p1a: Amoonguss|Amoonguss, F|432\/432\n|-damage|p1a: Amoonguss|378\/432|[from] Stealth Rock\n|move|p2a: Swampert|Yawn|p1a: Amoonguss\n|-start|p1a: Amoonguss|move: Yawn|[of] p2a: Swampert\n|\n|-weather|none\n|upkeep\n|turn|8\n|\n|t:|1665448379\n|switch|p1a: Keldeo|Keldeo|303\/323\n|-damage|p1a: Keldeo|283\/323|[from] Stealth Rock\n|move|p2a: Swampert|Flip Turn|p1a: Keldeo\n|-resisted|p1a: Keldeo\n|-damage|p1a: Keldeo|244\/323\n|\n|t:|1665448382\n|switch|p2a: Zarude|Zarude|293\/351\n|-damage|p2a: Zarude|250\/351|[from] Stealth Rock\n|\n|upkeep\n|turn|9\n|\n|t:|1665448385\n|switch|p1a: Amoonguss|Amoonguss, F|432\/432\n|-damage|p1a: Amoonguss|378\/432|[from] Stealth Rock\n|move|p2a: Zarude|Power Whip|p1a: Amoonguss\n|-resisted|p1a: Amoonguss\n|-damage|p1a: Amoonguss|333\/432\n|-damage|p2a: Zarude|192\/351|[from] item: Rocky Helmet|[of] p1a: Amoonguss\n|\n|upkeep\n|turn|10\n|\n|t:|1665448391\n|switch|p2a: Scizor|Scizor, F|343\/343\n|-damage|p2a: Scizor|301\/343|[from] Stealth Rock\n|move|p1a: Amoonguss|Spore|p2a: Scizor\n|-status|p2a: Scizor|slp|[from] move: Spore\n|\n|upkeep\n|turn|11\n|\n|t:|1665448394\n|cant|p2a: Scizor|slp\n|move|p1a: Amoonguss|Foul Play|p2a: Scizor\n|-damage|p2a: Scizor|201\/343 slp\n|-damage|p1a: Amoonguss|261\/432|[from] item: Rocky Helmet|[of] p2a: Scizor\n|\n|upkeep\n|turn|12\n|\n|t:|1665448399\n|switch|p1a: Keldeo|Keldeo|244\/323\n|-damage|p1a: Keldeo|224\/323|[from] Stealth Rock\n|cant|p2a: Scizor|slp\n|\n|upkeep\n|turn|13\n|\n|t:|1665448403\n|switch|p2a: Slowking|Slowking, F|393\/393\n|-damage|p2a: Slowking|344\/393|[from] Stealth Rock\n|move|p1a: Keldeo|Scald|p2a: Slowking\n|-resisted|p2a: Slowking\n|-damage|p2a: Slowking|248\/393\n|\n|upkeep\n|turn|14\n|\n|t:|1665448406\n|move|p1a: Keldeo|Scald|p2a: Slowking\n|-resisted|p2a: Slowking\n|-damage|p2a: Slowking|145\/393\n|move|p2a: Slowking|Future Sight|p1a: Keldeo\n|-start|p2a: Slowking|move: Future Sight\n|\n|upkeep\n|turn|15\n|\n|t:|1665448417\n|switch|p1a: Salamence|Salamence, M|331\/331\n|-ability|p1a: Salamence|Intimidate|boost\n|-unboost|p2a: Slowking|atk|1\n|move|p2a: Slowking|Scald|p1a: Salamence\n|-resisted|p1a: Salamence\n|-damage|p1a: Salamence|274\/331\n|\n|upkeep\n|turn|16\n|\n|t:|1665448425\n|move|p1a: Salamence|Draco Meteor|p2a: Slowking\n|-damage|p2a: Slowking|0 fnt\n|-unboost|p1a: Salamence|spa|2\n|faint|p2a: Slowking\n|\n|-end|p1a: Salamence|move: Future Sight\n|-damage|p1a: Salamence|103\/331\n|upkeep\n|\n|t:|1665448430\n|switch|p2a: Lycanroc|Lycanroc-Dusk, F|292\/292\n|-damage|p2a: Lycanroc|256\/292|[from] Stealth Rock\n|turn|17\n|j|+myjava\n|\n|t:|1665448451\n|switch|p2a: Swampert|Swampert, F|404\/404\n|-damage|p2a: Swampert|379\/404|[from] Stealth Rock\n|move|p1a: Salamence|Draco Meteor|p2a: Swampert\n|-damage|p2a: Swampert|288\/404\n|-unboost|p1a: Salamence|spa|2\n|\n|-heal|p2a: Swampert|313\/404|[from] item: Leftovers\n|upkeep\n|turn|18\n|\n|t:|1665448461\n|switch|p1a: Amoonguss|Amoonguss, F|405\/432\n|-damage|p1a: Amoonguss|351\/432|[from] Stealth Rock\n|move|p2a: Swampert|Yawn|p1a: Amoonguss\n|-start|p1a: Amoonguss|move: Yawn|[of] p2a: Swampert\n|\n|-heal|p2a: Swampert|338\/404|[from] item: Leftovers\n|upkeep\n|turn|19\n|\n|t:|1665448468\n|switch|p2a: Salamence|Salamence, M|244\/394\n|-ability|p2a: Salamence|Intimidate|boost\n|-unboost|p1a: Amoonguss|atk|1\n|switch|p1a: Crobat|Crobat, M|316\/316\n|\n|upkeep\n|turn|20\n|\n|t:|1665448473\n|move|p1a: Crobat|Taunt|p2a: Salamence\n|-start|p2a: Salamence|move: Taunt\n|cant|p2a: Salamence|move: Taunt|Roost\n|\n|upkeep\n|turn|21\n|\n|t:|1665448477\n|move|p1a: Crobat|Brave Bird|p2a: Salamence\n|-damage|p2a: Salamence|96\/394\n|-damage|p1a: Crobat|267\/316|[from] Recoil\n|move|p2a: Salamence|Flamethrower|p1a: Crobat\n|-damage|p1a: Crobat|173\/316\n|\n|upkeep\n|turn|22\n|\n|t:|1665448482\n|switch|p2a: Scizor|Scizor, F|201\/343 slp\n|-damage|p2a: Scizor|159\/343 slp|[from] Stealth Rock\n|move|p1a: Crobat|Brave Bird|p2a: Scizor\n|-damage|p2a: Scizor|27\/343 slp\n|-damage|p1a: Crobat|121\/316|[from] item: Rocky Helmet|[of] p2a: Scizor\n|-damage|p1a: Crobat|77\/316|[from] Recoil\n|\n|upkeep\n|turn|23\n|\n|t:|1665448486\n|move|p1a: Crobat|Roost|p1a: Crobat\n|-heal|p1a: Crobat|235\/316\n|-singleturn|p1a: Crobat|move: Roost\n|-curestatus|p2a: Scizor|slp|[msg]\n|move|p2a: Scizor|Knock Off|p1a: Crobat\n|-damage|p1a: Crobat|136\/316\n|-enditem|p1a: Crobat|Heavy-Duty Boots|[from] move: Knock Off|[of] p2a: Scizor\n|\n|upkeep\n|turn|24\n|\n|t:|1665448491\n|switch|p1a: Amoonguss|Amoonguss, F|432\/432\n|-damage|p1a: Amoonguss|378\/432|[from] Stealth Rock\n|move|p2a: Scizor|Bullet Punch|p1a: Amoonguss\n|-damage|p1a: Amoonguss|291\/432\n|-damage|p2a: Scizor|0 fnt|[from] item: Rocky Helmet|[of] p1a: Amoonguss\n|faint|p2a: Scizor\n|\n|upkeep\n|\n|t:|1665448496\n|switch|p2a: Lycanroc|Lycanroc-Dusk, F|256\/292\n|-damage|p2a: Lycanroc|220\/292|[from] Stealth Rock\n|turn|25\n|\n|t:|1665448523\n|move|p2a: Lycanroc|Psychic Fangs|p1a: Amoonguss\n|-supereffective|p1a: Amoonguss\n|-damage|p1a: Amoonguss|0 fnt\n|-damage|p2a: Lycanroc|172\/292|[from] item: Rocky Helmet|[of] p1a: Amoonguss\n|faint|p1a: Amoonguss\n|\n|upkeep\n|\n|t:|1665448530\n|switch|p1a: Salamence|Salamence, M|103\/331\n|-ability|p1a: Salamence|Intimidate|boost\n|-unboost|p2a: Lycanroc|atk|1\n|turn|26\n|\n|t:|1665448537\n|switch|p2a: Swampert|Swampert, F|338\/404\n|-damage|p2a: Swampert|313\/404|[from] Stealth Rock\n|switch|p1a: Crobat|Crobat, M|136\/316\n|-damage|p1a: Crobat|57\/316|[from] Stealth Rock\n|\n|-heal|p2a: Swampert|338\/404|[from] item: Leftovers\n|upkeep\n|turn|27\n|\n|t:|1665448543\n|move|p1a: Crobat|U-turn|p2a: Swampert\n|-damage|p2a: Swampert|278\/404\n|\n|t:|1665448545\n|switch|p1a: Keldeo|Keldeo|224\/323\n|-damage|p1a: Keldeo|204\/323|[from] Stealth Rock\n|move|p2a: Swampert|Earthquake|p1a: Keldeo\n|-damage|p1a: Keldeo|71\/323\n|\n|-heal|p2a: Swampert|303\/404|[from] item: Leftovers\n|upkeep\n|turn|28\n|\n|t:|1665448549\n|move|p1a: Keldeo|Hydro Pump|p2a: Swampert\n|-damage|p2a: Swampert|42\/404\n|move|p2a: Swampert|Earthquake|p1a: Keldeo\n|-damage|p1a: Keldeo|0 fnt\n|faint|p1a: Keldeo\n|\n|-heal|p2a: Swampert|67\/404|[from] item: Leftovers\n|upkeep\n|\n|t:|1665448558\n|switch|p1a: Excadrill|Excadrill, M|362\/362\n|-damage|p1a: Excadrill|351\/362|[from] Stealth Rock\n|-ability|p1a: Excadrill|Mold Breaker\n|turn|29\n|\n|t:|1665448562\n|move|p1a: Excadrill|Earthquake|p2a: Swampert\n|-damage|p2a: Swampert|0 fnt\n|faint|p2a: Swampert\n|\n|-heal|p1a: Excadrill|362\/362|[from] item: Leftovers\n|upkeep\n|\n|t:|1665448571\n|switch|p2a: Zarude|Zarude|192\/351\n|-damage|p2a: Zarude|149\/351|[from] Stealth Rock\n|turn|30\n|\n|t:|1665448575\n|switch|p1a: Crobat|Crobat, M|57\/316\n|-damage|p1a: Crobat|0 fnt|[from] Stealth Rock\n|faint|p1a: Crobat\n|move|p2a: Zarude|Close Combat|p1: Crobat|[notarget]\n|-fail|p2a: Zarude\n|\n|upkeep\n|\n|t:|1665448577\n|switch|p1a: Salamence|Salamence, M|103\/331\n|-ability|p1a: Salamence|Intimidate|boost\n|-unboost|p2a: Zarude|atk|1\n|turn|31\n|\n|t:|1665448585\n|switch|p2a: Salamence|Salamence, M|96\/394\n|-ability|p2a: Salamence|Intimidate|boost\n|-unboost|p1a: Salamence|atk|1\n|move|p1a: Salamence|Draco Meteor|p2a: Salamence|[miss]\n|-miss|p1a: Salamence|p2a: Salamence\n|\n|upkeep\n|turn|32\n|\n|t:|1665448596\n|move|p1a: Salamence|Draco Meteor|p2a: Salamence\n|-supereffective|p2a: Salamence\n|-damage|p2a: Salamence|0 fnt\n|-unboost|p1a: Salamence|spa|2\n|faint|p2a: Salamence\n|\n|upkeep\n|\n|t:|1665448599\n|switch|p2a: Lycanroc|Lycanroc-Dusk, F|172\/292\n|-damage|p2a: Lycanroc|136\/292|[from] Stealth Rock\n|turn|33\n|\n|t:|1665448609\n|switch|p1a: Hippowdon|Hippowdon, F|270\/420 tox\n|-damage|p1a: Hippowdon|244\/420 tox|[from] Stealth Rock\n|-weather|Sandstorm|[from] ability: Sand Stream|[of] p1a: Hippowdon\n|move|p2a: Lycanroc|Close Combat|p1a: Hippowdon\n|-damage|p1a: Hippowdon|37\/420 tox\n|-unboost|p2a: Lycanroc|def|1\n|-unboost|p2a: Lycanroc|spd|1\n|-damage|p2a: Lycanroc|88\/292|[from] item: Rocky Helmet|[of] p1a: Hippowdon\n|\n|-weather|Sandstorm|[upkeep]\n|-damage|p1a: Hippowdon|11\/420 tox|[from] psn\n|upkeep\n|turn|34\n|\n|t:|1665448615\n|move|p2a: Lycanroc|Close Combat|p1a: Hippowdon\n|-damage|p1a: Hippowdon|0 fnt\n|-unboost|p2a: Lycanroc|def|1\n|-unboost|p2a: Lycanroc|spd|1\n|-damage|p2a: Lycanroc|40\/292|[from] item: Rocky Helmet|[of] p1a: Hippowdon\n|faint|p1a: Hippowdon\n|\n|-weather|Sandstorm|[upkeep]\n|upkeep\n|\n|t:|1665448618\n|switch|p1a: Excadrill|Excadrill, M|362\/362\n|-damage|p1a: Excadrill|351\/362|[from] Stealth Rock\n|-ability|p1a: Excadrill|Mold Breaker\n|turn|35\n|\n|t:|1665448623\n|switch|p1a: Salamence|Salamence, M|103\/331\n|-ability|p1a: Salamence|Intimidate|boost\n|-unboost|p2a: Lycanroc|atk|1\n|move|p2a: Lycanroc|Close Combat|p1a: Salamence\n|-resisted|p1a: Salamence\n|-damage|p1a: Salamence|0 fnt\n|-unboost|p2a: Lycanroc|def|1\n|-unboost|p2a: Lycanroc|spd|1\n|faint|p1a: Salamence\n|\n|-weather|Sandstorm|[upkeep]\n|upkeep\n|\n|t:|1665448630\n|switch|p1a: Excadrill|Excadrill, M|351\/362\n|-damage|p1a: Excadrill|340\/362|[from] Stealth Rock\n|-ability|p1a: Excadrill|Mold Breaker\n|turn|36\n|\n|t:|1665448634\n|move|p2a: Lycanroc|Close Combat|p1a: Excadrill\n|-supereffective|p1a: Excadrill\n|-damage|p1a: Excadrill|0 fnt\n|-unboost|p2a: Lycanroc|def|1\n|-unboost|p2a: Lycanroc|spd|1\n|faint|p1a: Excadrill\n|\n|win|clifford\n|n|\u2606Sww-Suwa|swwsuwa\n|n|\u2606clifford|clifford\n|n| Weaselfie|weaselfie\n|n| pickin up pieces|pickinuppieces\n|n| myjava|myjava\n","uploadtime":1665448635,"views":10,"p1id":"swwsuwa","p2id":"clifford","formatid":"gen8battlefactory","rating":0,"private":0,"password":null}