{"id":"gen8camomons-1374688051","p1":"Xasah\u2764\ufe0eBae","p2":"RichardPepper","format":"gen8camomons","log":"|j|\u2606Xasah\u2764\ufe0eBae\n|j|\u2606RichardPepper\n|inactive|Battle timer is ON: inactive players will automatically lose when time's up.\n|t:|1625990957\n|gametype|singles\n|player|p1|Xasah\u2764\ufe0eBae|lass-gen4dp|\n|player|p2|RichardPepper|steven|\n|teamsize|p1|6\n|teamsize|p2|6\n|gen|8\n|tier|[Gen 8] Camomons\n|rated|Tournament battle\n|rule|Species Clause: Limit one of each Pok\u00e9mon\n|rule|OHKO Clause: OHKO moves are banned\n|rule|Evasion Moves Clause: Evasion moves are banned\n|rule|HP Percentage Mod: HP is shown in percentages\n|rule|Dynamax Clause: You cannot dynamax\n|rule|Sleep Clause Mod: Limit one foe put to sleep\n|rule|Endless Battle Clause: Forcing endless battles is banned\n|clearpoke\n|poke|p1|Toxapex, F|\n|poke|p1|Skarmory, F|\n|poke|p1|Chansey, F|\n|poke|p1|Avalugg, M|\n|poke|p1|Tangrowth, M|\n|poke|p1|Slowbro, F|\n|poke|p2|Volcanion|\n|poke|p2|Toxapex, F|\n|poke|p2|Urshifu-*, M|\n|poke|p2|Pelipper, M|\n|poke|p2|Barraskewda, M|\n|poke|p2|Vaporeon, F|\n|teampreview\n|j|*Lady Monita\n|\n|t:|1625990974\n|start\n|switch|p1a: Toxapex|Toxapex, F|100\/100\n|switch|p2a: Pelipper|Pelipper, M|100\/100\n|-start|p2a: Pelipper|typechange|Flying|[silent]\n|-weather|RainDance|[from] ability: Drizzle|[of] p2a: Pelipper\n|-start|p1a: Toxapex|typechange|Poison\/Dark|[silent]\n|-start|p1a: Toxapex|typechange|Poison\/Dark|[silent]\n|-start|p2a: Pelipper|typechange|Flying|[silent]\n|turn|1\n|j| Champfernape\n|\n|t:|1625990983\n|move|p2a: Pelipper|U-turn|p1a: Toxapex\n|-damage|p1a: Toxapex|93\/100\n|l| Champfernape\n|\n|t:|1625990996\n|switch|p2a: Volcanion|Volcanion|100\/100|[from]move: U-turn\n|-start|p2a: Volcanion|typechange|Fire\/Ground|[silent]\n|move|p1a: Toxapex|Toxic Spikes|p2a: Volcanion\n|-sidestart|p2: RichardPepper|move: Toxic Spikes\n|\n|-weather|RainDance|[upkeep]\n|-heal|p1a: Toxapex|99\/100|[from] item: Black Sludge\n|upkeep\n|-start|p2a: Volcanion|typechange|Fire\/Ground|[silent]\n|turn|2\n|\n|t:|1625991006\n|switch|p1a: Chansey|Chansey, F|100\/100\n|-start|p1a: Chansey|typechange|Normal|[silent]\n|move|p2a: Volcanion|Earth Power|p1a: Chansey\n|-damage|p1a: Chansey|89\/100\n|\n|-weather|RainDance|[upkeep]\n|upkeep\n|turn|3\n|j| Luiw\n|\n|t:|1625991012\n|switch|p2a: Urshifu|Urshifu-Rapid-Strike, M|100\/100\n|-start|p2a: Urshifu|typechange|Poison\/Water|[silent]\n|-sideend|p2: RichardPepper|move: Toxic Spikes|[of] p2a: Urshifu\n|move|p1a: Chansey|Seismic Toss|p2a: Urshifu\n|-damage|p2a: Urshifu|71\/100\n|\n|-weather|RainDance|[upkeep]\n|upkeep\n|-start|p2a: Urshifu|typechange|Poison\/Water|[silent]\n|turn|4\n|l| Luiw\n|\n|t:|1625991026\n|switch|p1a: Tangrowth|Tangrowth, M|100\/100\n|-start|p1a: Tangrowth|typechange|Grass\/Poison|[silent]\n|move|p2a: Urshifu|Surging Strikes|p1a: Tangrowth\n|-resisted|p1a: Tangrowth\n|-crit|p1a: Tangrowth\n|-damage|p1a: Tangrowth|93\/100\n|-damage|p2a: Urshifu|55\/100|[from] item: Rocky Helmet|[of] p1a: Tangrowth\n|-resisted|p1a: Tangrowth\n|-crit|p1a: Tangrowth\n|-damage|p1a: Tangrowth|86\/100\n|-damage|p2a: Urshifu|38\/100|[from] item: Rocky Helmet|[of] p1a: Tangrowth\n|-resisted|p1a: Tangrowth\n|-crit|p1a: Tangrowth\n|-damage|p1a: Tangrowth|78\/100\n|-damage|p2a: Urshifu|21\/100|[from] item: Rocky Helmet|[of] p1a: Tangrowth\n|-hitcount|p1a: Tangrowth|3\n|\n|-weather|RainDance|[upkeep]\n|upkeep\n|-start|p1a: Tangrowth|typechange|Grass\/Poison|[silent]\n|turn|5\n|\n|t:|1625991036\n|switch|p2a: Volcanion|Volcanion|100\/100\n|-start|p2a: Volcanion|typechange|Fire\/Ground|[silent]\n|move|p1a: Tangrowth|Knock Off|p2a: Volcanion\n|-damage|p2a: Volcanion|79\/100\n|-enditem|p2a: Volcanion|Leftovers|[from] move: Knock Off|[of] p1a: Tangrowth\n|\n|-weather|RainDance|[upkeep]\n|upkeep\n|-start|p2a: Volcanion|typechange|Fire\/Ground|[silent]\n|turn|6\n|\n|t:|1625991045\n|switch|p1a: Chansey|Chansey, F|89\/100\n|-start|p1a: Chansey|typechange|Normal|[silent]\n|move|p2a: Volcanion|Earth Power|p1a: Chansey\n|-crit|p1a: Chansey\n|-damage|p1a: Chansey|68\/100\n|\n|-weather|RainDance|[upkeep]\n|upkeep\n|turn|7\n|j| lcaby 03\n|\n|t:|1625991050\n|switch|p2a: Toxapex|Toxapex, F|100\/100\n|-start|p2a: Toxapex|typechange|Poison\/Dark|[silent]\n|move|p1a: Chansey|Soft-Boiled|p1a: Chansey\n|-heal|p1a: Chansey|100\/100\n|\n|-weather|RainDance|[upkeep]\n|upkeep\n|-start|p2a: Toxapex|typechange|Poison\/Dark|[silent]\n|turn|8\n|\n|t:|1625991067\n|switch|p1a: Slowbro|Slowbro, F|100\/100\n|-start|p1a: Slowbro|typechange|Water\/Ground|[silent]\n|move|p2a: Toxapex|Knock Off|p1a: Slowbro\n|-damage|p1a: Slowbro|82\/100\n|-enditem|p1a: Slowbro|Assault Vest|[from] move: Knock Off|[of] p2a: Toxapex\n|\n|-weather|none\n|upkeep\n|-start|p1a: Slowbro|typechange|Water\/Ground|[silent]\n|turn|9\n|\n|t:|1625991079\n|move|p2a: Toxapex|Toxic|p1a: Slowbro\n|-status|p1a: Slowbro|tox\n|move|p1a: Slowbro|Mud Shot|p2a: Toxapex\n|-supereffective|p2a: Toxapex\n|-damage|p2a: Toxapex|68\/100\n|-unboost|p2a: Toxapex|spe|1\n|\n|-heal|p2a: Toxapex|75\/100|[from] item: Black Sludge\n|-damage|p1a: Slowbro|76\/100 tox|[from] psn\n|upkeep\n|turn|10\n|\n|t:|1625991088\n|move|p1a: Slowbro|Scald|p2a: Toxapex\n|-damage|p2a: Toxapex|52\/100\n|move|p2a: Toxapex|Knock Off|p1a: Slowbro\n|-damage|p1a: Slowbro|64\/100 tox\n|\n|-heal|p2a: Toxapex|59\/100|[from] item: Black Sludge\n|-damage|p1a: Slowbro|52\/100 tox|[from] psn\n|upkeep\n|turn|11\n|\n|t:|1625991099\n|switch|p1a: Toxapex|Toxapex, F|100\/100\n|-start|p1a: Toxapex|typechange|Poison\/Dark|[silent]\n|move|p2a: Toxapex|Knock Off|p1a: Toxapex\n|-resisted|p1a: Toxapex\n|-damage|p1a: Toxapex|92\/100\n|-enditem|p1a: Toxapex|Black Sludge|[from] move: Knock Off|[of] p2a: Toxapex\n|\n|-heal|p2a: Toxapex|65\/100|[from] item: Black Sludge\n|upkeep\n|-start|p1a: Toxapex|typechange|Poison\/Dark|[silent]\n|turn|12\n|\n|t:|1625991108\n|switch|p2a: Volcanion|Volcanion|79\/100\n|-start|p2a: Volcanion|typechange|Fire\/Ground|[silent]\n|move|p1a: Toxapex|Knock Off|p2a: Volcanion\n|-damage|p2a: Volcanion|67\/100\n|\n|upkeep\n|-start|p2a: Volcanion|typechange|Fire\/Ground|[silent]\n|turn|13\n|\n|t:|1625991126\n|move|p2a: Volcanion|Steam Eruption|p1a: Toxapex\n|-damage|p1a: Toxapex|67\/100\n|move|p1a: Toxapex|Knock Off|p2a: Volcanion\n|-damage|p2a: Volcanion|54\/100\n|\n|upkeep\n|turn|14\n|\n|t:|1625991131\n|switch|p1a: Chansey|Chansey, F|100\/100\n|-start|p1a: Chansey|typechange|Normal|[silent]\n|move|p2a: Volcanion|Earth Power|p1a: Chansey\n|-damage|p1a: Chansey|87\/100\n|\n|upkeep\n|turn|15\n|\n|t:|1625991136\n|switch|p2a: Vaporeon|Vaporeon, F|100\/100\n|-start|p2a: Vaporeon|typechange|Normal|[silent]\n|move|p1a: Chansey|Seismic Toss|p2a: Vaporeon\n|-damage|p2a: Vaporeon|79\/100\n|\n|-heal|p2a: Vaporeon|85\/100|[from] item: Leftovers\n|upkeep\n|-start|p2a: Vaporeon|typechange|Normal|[silent]\n|turn|16\n|\n|t:|1625991141\n|move|p1a: Chansey|Toxic|p2a: Vaporeon\n|-status|p2a: Vaporeon|tox\n|move|p2a: Vaporeon|Wish|p2a: Vaporeon\n|\n|-heal|p2a: Vaporeon|91\/100 tox|[from] item: Leftovers\n|-damage|p2a: Vaporeon|85\/100 tox|[from] psn\n|upkeep\n|turn|17\n|\n|t:|1625991146\n|move|p1a: Chansey|Heal Bell|p1a: Chansey\n|-activate|p1a: Chansey|move: Heal Bell\n|-curestatus|p1: Slowbro|tox|[msg]\n|move|p2a: Vaporeon|Flip Turn|p1a: Chansey\n|-damage|p1a: Chansey|81\/100\n|\n|t:|1625991151\n|switch|p2a: Urshifu|Urshifu-Rapid-Strike, M|21\/100|[from]move: Flip Turn\n|-start|p2a: Urshifu|typechange|Poison\/Water|[silent]\n|\n|-heal|p2a: Urshifu|89\/100|[from] move: Wish|[wisher] Vaporeon\n|upkeep\n|-start|p2a: Urshifu|typechange|Poison\/Water|[silent]\n|turn|18\n|\n|t:|1625991161\n|switch|p1a: Tangrowth|Tangrowth, M|100\/100\n|-start|p1a: Tangrowth|typechange|Grass\/Poison|[silent]\n|move|p2a: Urshifu|U-turn|p1a: Tangrowth\n|-damage|p1a: Tangrowth|86\/100\n|-damage|p2a: Urshifu|72\/100|[from] item: Rocky Helmet|[of] p1a: Tangrowth\n|\n|t:|1625991164\n|switch|p2a: Toxapex|Toxapex, F|98\/100|[from]move: U-turn\n|-start|p2a: Toxapex|typechange|Poison\/Dark|[silent]\n|\n|-heal|p2a: Toxapex|100\/100|[from] item: Black Sludge\n|upkeep\n|-start|p1a: Tangrowth|typechange|Grass\/Poison|[silent]\n|-start|p2a: Toxapex|typechange|Poison\/Dark|[silent]\n|turn|19\n|\n|t:|1625991169\n|switch|p1a: Toxapex|Toxapex, F|100\/100\n|-start|p1a: Toxapex|typechange|Poison\/Dark|[silent]\n|move|p2a: Toxapex|Knock Off|p1a: Toxapex\n|-resisted|p1a: Toxapex\n|-damage|p1a: Toxapex|95\/100\n|\n|upkeep\n|-start|p1a: Toxapex|typechange|Poison\/Dark|[silent]\n|turn|20\n|j| invinsible ray\n|\n|t:|1625991192\n|switch|p2a: Vaporeon|Vaporeon, F|85\/100 tox\n|-start|p2a: Vaporeon|typechange|Normal|[silent]\n|move|p1a: Toxapex|Toxic Spikes|p2a: Vaporeon\n|-sidestart|p2: RichardPepper|move: Toxic Spikes\n|\n|-heal|p2a: Vaporeon|91\/100 tox|[from] item: Leftovers\n|-damage|p2a: Vaporeon|85\/100 tox|[from] psn\n|upkeep\n|-start|p2a: Vaporeon|typechange|Normal|[silent]\n|turn|21\n|\n|t:|1625991198\n|move|p2a: Vaporeon|Wish|p2a: Vaporeon\n|move|p1a: Toxapex|Knock Off|p2a: Vaporeon\n|-damage|p2a: Vaporeon|69\/100 tox\n|-enditem|p2a: Vaporeon|Leftovers|[from] move: Knock Off|[of] p1a: Toxapex\n|\n|-damage|p2a: Vaporeon|57\/100 tox|[from] psn\n|upkeep\n|turn|22\n|j| rohit khandelwal\n|\n|t:|1625991203\n|move|p2a: Vaporeon|Heal Bell|p2a: Vaporeon\n|-activate|p2a: Vaporeon|move: Heal Bell\n|-curestatus|p2a: Vaporeon|tox|[msg]\n|move|p1a: Toxapex|Toxic Spikes|p2a: Vaporeon\n|-sidestart|p2: RichardPepper|move: Toxic Spikes\n|\n|-heal|p2a: Vaporeon|100\/100|[from] move: Wish|[wisher] Vaporeon\n|upkeep\n|turn|23\n|\n|t:|1625991213\n|switch|p1a: Avalugg|Avalugg, M|100\/100\n|-start|p1a: Avalugg|typechange|Ghost\/Fighting|[silent]\n|move|p2a: Vaporeon|Wish|p2a: Vaporeon\n|\n|upkeep\n|-start|p1a: Avalugg|typechange|Ghost\/Fighting|[silent]\n|turn|24\n|\n|t:|1625991219\n|move|p2a: Vaporeon|Flip Turn|p1a: Avalugg\n|-damage|p1a: Avalugg|96\/100\n|\n|t:|1625991222\n|switch|p2a: Toxapex|Toxapex, F|100\/100|[from]move: Flip Turn\n|-sideend|p2: RichardPepper|move: Toxic Spikes|[of] p2a: Toxapex\n|-start|p2a: Toxapex|typechange|Poison\/Dark|[silent]\n|move|p1a: Avalugg|Body Press|p2a: Toxapex\n|-damage|p2a: Toxapex|67\/100\n|\n|-heal|p2a: Toxapex|100\/100|[from] move: Wish|[wisher] Vaporeon\n|-heal|p1a: Avalugg|100\/100|[from] item: Leftovers\n|upkeep\n|-start|p2a: Toxapex|typechange|Poison\/Dark|[silent]\n|turn|25\n|\n|t:|1625991230\n|switch|p1a: Toxapex|Toxapex, F|100\/100\n|-start|p1a: Toxapex|typechange|Poison\/Dark|[silent]\n|move|p2a: Toxapex|Knock Off|p1a: Toxapex\n|-resisted|p1a: Toxapex\n|-damage|p1a: Toxapex|95\/100\n|\n|upkeep\n|-start|p1a: Toxapex|typechange|Poison\/Dark|[silent]\n|turn|26\n|j| Archdukebreloom\n|l| rohit khandelwal\n|\n|t:|1625991235\n|switch|p2a: Vaporeon|Vaporeon, F|100\/100\n|-start|p2a: Vaporeon|typechange|Normal|[silent]\n|move|p1a: Toxapex|Knock Off|p2a: Vaporeon\n|-damage|p2a: Vaporeon|91\/100\n|\n|upkeep\n|-start|p2a: Vaporeon|typechange|Normal|[silent]\n|turn|27\n|\n|t:|1625991238\n|move|p2a: Vaporeon|Wish|p2a: Vaporeon\n|move|p1a: Toxapex|Toxic Spikes|p2a: Vaporeon\n|-sidestart|p2: RichardPepper|move: Toxic Spikes\n|\n|upkeep\n|turn|28\n|\n|t:|1625991245\n|move|p2a: Vaporeon|Flip Turn|p1a: Toxapex\n|-damage|p1a: Toxapex|87\/100\n|\n|t:|1625991248\n|switch|p2a: Volcanion|Volcanion|54\/100|[from]move: Flip Turn\n|-start|p2a: Volcanion|typechange|Fire\/Ground|[silent]\n|-status|p2a: Volcanion|psn\n|move|p1a: Toxapex|Knock Off|p2a: Volcanion\n|-damage|p2a: Volcanion|40\/100 psn\n|\n|-heal|p2a: Volcanion|100\/100 psn|[from] move: Wish|[wisher] Vaporeon\n|-damage|p2a: Volcanion|88\/100 psn|[from] psn\n|upkeep\n|-start|p2a: Volcanion|typechange|Fire\/Ground|[silent]\n|turn|29\n|j| aaaaaaaaaaablk\n|\n|t:|1625991255\n|switch|p2a: Toxapex|Toxapex, F|100\/100\n|-start|p2a: Toxapex|typechange|Poison\/Dark|[silent]\n|-sideend|p2: RichardPepper|move: Toxic Spikes|[of] p2a: Toxapex\n|switch|p1a: Chansey|Chansey, F|81\/100\n|-start|p1a: Chansey|typechange|Normal|[silent]\n|\n|upkeep\n|-start|p2a: Toxapex|typechange|Poison\/Dark|[silent]\n|turn|30\n|\n|t:|1625991265\n|switch|p1a: Toxapex|Toxapex, F|100\/100\n|-start|p1a: Toxapex|typechange|Poison\/Dark|[silent]\n|move|p2a: Toxapex|Knock Off|p1a: Toxapex\n|-resisted|p1a: Toxapex\n|-damage|p1a: Toxapex|94\/100\n|\n|upkeep\n|-start|p1a: Toxapex|typechange|Poison\/Dark|[silent]\n|turn|31\n|l| aaaaaaaaaaablk\n|\n|t:|1625991277\n|switch|p2a: Pelipper|Pelipper, M|100\/100\n|-start|p2a: Pelipper|typechange|Flying|[silent]\n|-weather|RainDance|[from] ability: Drizzle|[of] p2a: Pelipper\n|move|p1a: Toxapex|Toxic Spikes|p2a: Pelipper\n|-sidestart|p2: RichardPepper|move: Toxic Spikes\n|\n|-weather|RainDance|[upkeep]\n|upkeep\n|-start|p2a: Pelipper|typechange|Flying|[silent]\n|turn|32\n|\n|t:|1625991282\n|move|p2a: Pelipper|U-turn|p1a: Toxapex\n|-damage|p1a: Toxapex|88\/100\n|\n|t:|1625991288\n|switch|p2a: Toxapex|Toxapex, F|100\/100|[from]move: U-turn\n|-start|p2a: Toxapex|typechange|Poison\/Dark|[silent]\n|-sideend|p2: RichardPepper|move: Toxic Spikes|[of] p2a: Toxapex\n|move|p1a: Toxapex|Knock Off|p2a: Toxapex\n|-resisted|p2a: Toxapex\n|-damage|p2a: Toxapex|94\/100\n|-enditem|p2a: Toxapex|Black Sludge|[from] move: Knock Off|[of] p1a: Toxapex\n|\n|-weather|RainDance|[upkeep]\n|upkeep\n|-start|p2a: Toxapex|typechange|Poison\/Dark|[silent]\n|turn|33\n|\n|t:|1625991294\n|move|p1a: Toxapex|Toxic Spikes|p2a: Toxapex\n|-sidestart|p2: RichardPepper|move: Toxic Spikes\n|move|p2a: Toxapex|Knock Off|p1a: Toxapex\n|-resisted|p1a: Toxapex\n|-damage|p1a: Toxapex|82\/100\n|\n|-weather|RainDance|[upkeep]\n|upkeep\n|turn|34\n|\n|t:|1625991299\n|switch|p2a: Urshifu|Urshifu-Rapid-Strike, M|72\/100\n|-start|p2a: Urshifu|typechange|Poison\/Water|[silent]\n|-sideend|p2: RichardPepper|move: Toxic Spikes|[of] p2a: Urshifu\n|move|p1a: Toxapex|Knock Off|p2a: Urshifu\n|-damage|p2a: Urshifu|50\/100\n|-enditem|p2a: Urshifu|Choice Scarf|[from] move: Knock Off|[of] p1a: Toxapex\n|\n|-weather|RainDance|[upkeep]\n|upkeep\n|-start|p2a: Urshifu|typechange|Poison\/Water|[silent]\n|turn|35\n|\n|t:|1625991314\n|switch|p2a: Vaporeon|Vaporeon, F|91\/100\n|-start|p2a: Vaporeon|typechange|Normal|[silent]\n|switch|p1a: Tangrowth|Tangrowth, M|100\/100\n|-start|p1a: Tangrowth|typechange|Grass\/Poison|[silent]\n|\n|-weather|RainDance|[upkeep]\n|upkeep\n|-start|p1a: Tangrowth|typechange|Grass\/Poison|[silent]\n|-start|p2a: Vaporeon|typechange|Normal|[silent]\n|turn|36\n|\n|t:|1625991322\n|move|p1a: Tangrowth|Sludge Bomb|p2a: Vaporeon\n|-damage|p2a: Vaporeon|63\/100\n|move|p2a: Vaporeon|Flip Turn|p1a: Tangrowth\n|-resisted|p1a: Tangrowth\n|-damage|p1a: Tangrowth|97\/100\n|-damage|p2a: Vaporeon|46\/100|[from] item: Rocky Helmet|[of] p1a: Tangrowth\n|\n|t:|1625991331\n|switch|p2a: Pelipper|Pelipper, M|100\/100|[from]move: Flip Turn\n|-start|p2a: Pelipper|typechange|Flying|[silent]\n|\n|-weather|RainDance|[upkeep]\n|upkeep\n|-start|p2a: Pelipper|typechange|Flying|[silent]\n|turn|37\n|\n|t:|1625991336\n|switch|p1a: Slowbro|Slowbro, F|86\/100\n|-start|p1a: Slowbro|typechange|Water\/Ground|[silent]\n|move|p2a: Pelipper|U-turn|p1a: Slowbro\n|-damage|p1a: Slowbro|78\/100\n|\n|t:|1625991345\n|switch|p2a: Barraskewda|Barraskewda, M|100\/100|[from]move: U-turn\n|-start|p2a: Barraskewda|typechange|Water\/Fighting|[silent]\n|\n|-weather|RainDance|[upkeep]\n|upkeep\n|-start|p1a: Slowbro|typechange|Water\/Ground|[silent]\n|-start|p2a: Barraskewda|typechange|Water\/Fighting|[silent]\n|turn|38\n|\n|t:|1625991350\n|switch|p1a: Tangrowth|Tangrowth, M|100\/100\n|-start|p1a: Tangrowth|typechange|Grass\/Poison|[silent]\n|move|p2a: Barraskewda|Flip Turn|p1a: Tangrowth\n|-resisted|p1a: Tangrowth\n|-damage|p1a: Tangrowth|82\/100\n|-damage|p2a: Barraskewda|84\/100|[from] item: Rocky Helmet|[of] p1a: Tangrowth\n|\n|t:|1625991354\n|switch|p2a: Toxapex|Toxapex, F|100\/100|[from]move: Flip Turn\n|-start|p2a: Toxapex|typechange|Poison\/Dark|[silent]\n|\n|-weather|none\n|upkeep\n|-start|p1a: Tangrowth|typechange|Grass\/Poison|[silent]\n|-start|p2a: Toxapex|typechange|Poison\/Dark|[silent]\n|turn|39\n|\n|t:|1625991363\n|switch|p1a: Toxapex|Toxapex, F|100\/100\n|-start|p1a: Toxapex|typechange|Poison\/Dark|[silent]\n|move|p2a: Toxapex|Knock Off|p1a: Toxapex\n|-resisted|p1a: Toxapex\n|-damage|p1a: Toxapex|95\/100\n|\n|upkeep\n|-start|p1a: Toxapex|typechange|Poison\/Dark|[silent]\n|turn|40\n|\n|t:|1625991371\n|switch|p2a: Vaporeon|Vaporeon, F|46\/100\n|-start|p2a: Vaporeon|typechange|Normal|[silent]\n|switch|p1a: Avalugg|Avalugg, M|100\/100\n|-start|p1a: Avalugg|typechange|Ghost\/Fighting|[silent]\n|\n|upkeep\n|-start|p1a: Avalugg|typechange|Ghost\/Fighting|[silent]\n|-start|p2a: Vaporeon|typechange|Normal|[silent]\n|turn|41\n|\n|t:|1625991377\n|switch|p2a: Toxapex|Toxapex, F|100\/100\n|-start|p2a: Toxapex|typechange|Poison\/Dark|[silent]\n|move|p1a: Avalugg|Body Press|p2a: Toxapex\n|-damage|p2a: Toxapex|62\/100\n|\n|upkeep\n|-start|p2a: Toxapex|typechange|Poison\/Dark|[silent]\n|turn|42\n|\n|t:|1625991385\n|switch|p1a: Toxapex|Toxapex, F|100\/100\n|-start|p1a: Toxapex|typechange|Poison\/Dark|[silent]\n|move|p2a: Toxapex|Toxic|p1a: Toxapex\n|-immune|p1a: Toxapex\n|\n|upkeep\n|-start|p1a: Toxapex|typechange|Poison\/Dark|[silent]\n|turn|43\n|\n|t:|1625991391\n|switch|p2a: Vaporeon|Vaporeon, F|46\/100\n|-start|p2a: Vaporeon|typechange|Normal|[silent]\n|switch|p1a: Skarmory|Skarmory, F|100\/100\n|-start|p1a: Skarmory|typechange|Steel\/Flying|[silent]\n|\n|upkeep\n|-start|p2a: Vaporeon|typechange|Normal|[silent]\n|turn|44\n|\n|t:|1625991396\n|move|p2a: Vaporeon|Wish|p2a: Vaporeon\n|move|p1a: Skarmory|Whirlwind|p2a: Vaporeon\n|drag|p2a: Pelipper|Pelipper, M|100\/100\n|-start|p2a: Pelipper|typechange|Flying|[silent]\n|-weather|RainDance|[from] ability: Drizzle|[of] p2a: Pelipper\n|\n|-weather|RainDance|[upkeep]\n|upkeep\n|-start|p2a: Pelipper|typechange|Flying|[silent]\n|turn|45\n|\n|t:|1625991403\n|move|p1a: Skarmory|Stealth Rock|p2a: Pelipper\n|-sidestart|p2: RichardPepper|move: Stealth Rock\n|move|p2a: Pelipper|U-turn|p1a: Skarmory\n|-resisted|p1a: Skarmory\n|-damage|p1a: Skarmory|99\/100\n|\n|t:|1625991406\n|switch|p2a: Vaporeon|Vaporeon, F|46\/100|[from]move: U-turn\n|-start|p2a: Vaporeon|typechange|Normal|[silent]\n|-damage|p2a: Vaporeon|34\/100|[from] Stealth Rock\n|\n|-weather|RainDance|[upkeep]\n|-heal|p2a: Vaporeon|84\/100|[from] move: Wish|[wisher] Vaporeon\n|-heal|p1a: Skarmory|100\/100|[from] item: Leftovers\n|upkeep\n|-start|p2a: Vaporeon|typechange|Normal|[silent]\n|turn|46\n|\n|t:|1625991416\n|switch|p1a: Tangrowth|Tangrowth, M|100\/100\n|-start|p1a: Tangrowth|typechange|Grass\/Poison|[silent]\n|move|p2a: Vaporeon|Flip Turn|p1a: Tangrowth\n|-resisted|p1a: Tangrowth\n|-damage|p1a: Tangrowth|97\/100\n|-damage|p2a: Vaporeon|67\/100|[from] item: Rocky Helmet|[of] p1a: Tangrowth\n|\n|t:|1625991429\n|switch|p2a: Toxapex|Toxapex, F|95\/100|[from]move: Flip Turn\n|-start|p2a: Toxapex|typechange|Poison\/Dark|[silent]\n|-damage|p2a: Toxapex|82\/100|[from] Stealth Rock\n|\n|-weather|RainDance|[upkeep]\n|upkeep\n|-start|p1a: Tangrowth|typechange|Grass\/Poison|[silent]\n|-start|p2a: Toxapex|typechange|Poison\/Dark|[silent]\n|turn|47\n|j| Oj99981\n|\n|t:|1625991434\n|switch|p1a: Toxapex|Toxapex, F|100\/100\n|-start|p1a: Toxapex|typechange|Poison\/Dark|[silent]\n|move|p2a: Toxapex|Knock Off|p1a: Toxapex\n|-resisted|p1a: Toxapex\n|-damage|p1a: Toxapex|95\/100\n|\n|-weather|RainDance|[upkeep]\n|upkeep\n|-start|p1a: Toxapex|typechange|Poison\/Dark|[silent]\n|turn|48\n|\n|t:|1625991444\n|move|p2a: Toxapex|Haze|p2a: Toxapex\n|-clearallboost\n|move|p1a: Toxapex|Knock Off|p2a: Toxapex\n|-resisted|p2a: Toxapex\n|-damage|p2a: Toxapex|78\/100\n|\n|-weather|RainDance|[upkeep]\n|upkeep\n|turn|49\n|\n|t:|1625991447\n|move|p2a: Toxapex|Haze|p2a: Toxapex\n|-clearallboost\n|move|p1a: Toxapex|Knock Off|p2a: Toxapex\n|-resisted|p2a: Toxapex\n|-damage|p2a: Toxapex|74\/100\n|\n|-weather|RainDance|[upkeep]\n|upkeep\n|turn|50\n|\n|t:|1625991451\n|move|p1a: Toxapex|Knock Off|p2a: Toxapex\n|-resisted|p2a: Toxapex\n|-damage|p2a: Toxapex|70\/100\n|move|p2a: Toxapex|Haze|p2a: Toxapex\n|-clearallboost\n|\n|-weather|RainDance|[upkeep]\n|upkeep\n|turn|51\n|\n|t:|1625991459\n|switch|p1a: Slowbro|Slowbro, F|100\/100\n|-start|p1a: Slowbro|typechange|Water\/Ground|[silent]\n|move|p2a: Toxapex|Haze|p2a: Toxapex\n|-clearallboost\n|\n|-weather|none\n|upkeep\n|-start|p1a: Slowbro|typechange|Water\/Ground|[silent]\n|turn|52\n|\n|t:|1625991465\n|move|p2a: Toxapex|Toxic|p1a: Slowbro\n|-status|p1a: Slowbro|tox\n|move|p1a: Slowbro|Scald|p2a: Toxapex\n|-damage|p2a: Toxapex|45\/100\n|\n|-damage|p1a: Slowbro|94\/100 tox|[from] psn\n|upkeep\n|turn|53\n|\n|t:|1625991473\n|switch|p2a: Vaporeon|Vaporeon, F|67\/100\n|-start|p2a: Vaporeon|typechange|Normal|[silent]\n|-damage|p2a: Vaporeon|55\/100|[from] Stealth Rock\n|switch|p1a: Tangrowth|Tangrowth, M|100\/100\n|-start|p1a: Tangrowth|typechange|Grass\/Poison|[silent]\n|\n|upkeep\n|-start|p1a: Tangrowth|typechange|Grass\/Poison|[silent]\n|-start|p2a: Vaporeon|typechange|Normal|[silent]\n|turn|54\n|\n|t:|1625991481\n|move|p1a: Tangrowth|Sludge Bomb|p2a: Vaporeon\n|-damage|p2a: Vaporeon|27\/100\n|move|p2a: Vaporeon|Wish|p2a: Vaporeon\n|\n|upkeep\n|turn|55\n|\n|t:|1625991489\n|move|p2a: Vaporeon|Protect|p2a: Vaporeon\n|-singleturn|p2a: Vaporeon|Protect\n|move|p1a: Tangrowth|Sludge Bomb|p2a: Vaporeon\n|-activate|p2a: Vaporeon|move: Protect\n|\n|-heal|p2a: Vaporeon|77\/100|[from] move: Wish|[wisher] Vaporeon\n|upkeep\n|turn|56\n|\n|t:|1625991496\n|switch|p2a: Toxapex|Toxapex, F|78\/100\n|-damage|p2a: Toxapex|66\/100|[from] Stealth Rock\n|-start|p2a: Toxapex|typechange|Poison\/Dark|[silent]\n|move|p1a: Tangrowth|Leech Seed|p2a: Toxapex\n|-start|p2a: Toxapex|move: Leech Seed\n|\n|-damage|p2a: Toxapex|53\/100|[from] Leech Seed|[of] p1a: Tangrowth\n|upkeep\n|-start|p2a: Toxapex|typechange|Poison\/Dark|[silent]\n|turn|57\n|\n|t:|1625991505\n|switch|p1a: Slowbro|Slowbro, F|100\/100 tox\n|-start|p1a: Slowbro|typechange|Water\/Ground|[silent]\n|switch|p2a: Pelipper|Pelipper, M|100\/100\n|-start|p2a: Pelipper|typechange|Flying|[silent]\n|-damage|p2a: Pelipper|75\/100|[from] Stealth Rock\n|-weather|RainDance|[from] ability: Drizzle|[of] p2a: Pelipper\n|\n|-weather|RainDance|[upkeep]\n|-damage|p1a: Slowbro|94\/100 tox|[from] psn\n|upkeep\n|-start|p1a: Slowbro|typechange|Water\/Ground|[silent]\n|-start|p2a: Pelipper|typechange|Flying|[silent]\n|turn|58\n|inactive|RichardPepper has 120 seconds left.\n|inactive|RichardPepper has 90 seconds left.\n|\n|t:|1625991569\n|switch|p1a: Chansey|Chansey, F|81\/100\n|-start|p1a: Chansey|typechange|Normal|[silent]\n|move|p2a: Pelipper|Defog|p1a: Chansey\n|-unboost|p1a: Chansey|evasion|1\n|-sideend|p2: RichardPepper|Stealth Rock|[from] move: Defog|[of] p2a: Pelipper\n|\n|-weather|RainDance|[upkeep]\n|upkeep\n|turn|59\n|\n|t:|1625991597\n|move|p2a: Pelipper|U-turn|p1a: Chansey\n|-damage|p1a: Chansey|74\/100\n|\n|t:|1625991610\n|switch|p2a: Barraskewda|Barraskewda, M|84\/100|[from]move: U-turn\n|-start|p2a: Barraskewda|typechange|Water\/Fighting|[silent]\n|move|p1a: Chansey|Seismic Toss|p2a: Barraskewda\n|-damage|p2a: Barraskewda|46\/100\n|\n|-weather|RainDance|[upkeep]\n|upkeep\n|-start|p2a: Barraskewda|typechange|Water\/Fighting|[silent]\n|turn|60\n|\n|t:|1625991623\n|switch|p2a: Vaporeon|Vaporeon, F|77\/100\n|-start|p2a: Vaporeon|typechange|Normal|[silent]\n|switch|p1a: Tangrowth|Tangrowth, M|100\/100\n|-start|p1a: Tangrowth|typechange|Grass\/Poison|[silent]\n|\n|-weather|RainDance|[upkeep]\n|upkeep\n|-start|p1a: Tangrowth|typechange|Grass\/Poison|[silent]\n|-start|p2a: Vaporeon|typechange|Normal|[silent]\n|turn|61\n|\n|t:|1625991628\n|move|p1a: Tangrowth|Sludge Bomb|p2a: Vaporeon\n|-damage|p2a: Vaporeon|54\/100\n|move|p2a: Vaporeon|Heal Bell|p2a: Vaporeon\n|-activate|p2a: Vaporeon|move: Heal Bell\n|-curestatus|p2: Volcanion|psn|[msg]\n|\n|-weather|RainDance|[upkeep]\n|upkeep\n|turn|62\n|\n|t:|1625991638\n|switch|p1a: Skarmory|Skarmory, F|100\/100\n|-start|p1a: Skarmory|typechange|Steel\/Flying|[silent]\n|switch|p2a: Toxapex|Toxapex, F|86\/100\n|-start|p2a: Toxapex|typechange|Poison\/Dark|[silent]\n|\n|-weather|RainDance|[upkeep]\n|upkeep\n|-start|p2a: Toxapex|typechange|Poison\/Dark|[silent]\n|turn|63\n|\n|t:|1625991644\n|switch|p2a: Volcanion|Volcanion|88\/100\n|-start|p2a: Volcanion|typechange|Fire\/Ground|[silent]\n|move|p1a: Skarmory|Stealth Rock|p2a: Volcanion\n|-sidestart|p2: RichardPepper|move: Stealth Rock\n|\n|-weather|RainDance|[upkeep]\n|upkeep\n|-start|p2a: Volcanion|typechange|Fire\/Ground|[silent]\n|turn|64\n|inactive|RichardPepper has 120 seconds left.\n|\n|t:|1625991651\n|switch|p1a: Chansey|Chansey, F|74\/100\n|-start|p1a: Chansey|typechange|Normal|[silent]\n|move|p2a: Volcanion|Steam Eruption|p1a: Chansey\n|-damage|p1a: Chansey|58\/100\n|\n|-weather|none\n|upkeep\n|turn|65\n|inactive|RichardPepper has 120 seconds left.\n|j| cornerius\n|c|\u2606RichardPepper|have u fun?\n|l| Oj99981\n|c|\u2606Xasah\u2764\ufe0eBae|just playing candy crush on the side\n|c|\u2606Xasah\u2764\ufe0eBae|so yeah\n|inactive|RichardPepper has 90 seconds left.\n|c|\u2606RichardPepper|it's a shit tour where have fun\n|c|\u2606RichardPepper|what's the sense of stall\n|-message|RichardPepper forfeited.\n|\n|win|Xasah\u2764\ufe0eBae\n|n|\u2606Xasah\u2764\ufe0eBae|xasahbae\n|n|\u2606RichardPepper|richardpepper\n|n|*Lady Monita|ladymonita\n|n| lcaby 03|lcaby03\n|n| invinsible ray|invinsibleray\n|n| Archdukebreloom|archdukebreloom\n|n| cornerius|cornerius\n","uploadtime":1625991713,"views":9,"p1id":"xasahbae","p2id":"richardpepper","formatid":"gen8camomons","rating":0,"private":0,"password":null}