{"id":"gen8ou-1417532526","p1":"Normal thu ii","p2":"Not Sarcasm","format":"gen8ou","log":"|j|\u2606Normal thu ii\n|j|\u2606Not Sarcasm\n|t:|1631743912\n|gametype|singles\n|player|p1|Normal thu ii|266|1669\n|player|p2|Not Sarcasm|2|1665\n|teamsize|p1|6\n|teamsize|p2|6\n|gen|8\n|tier|[Gen 8] OU\n|rated|\n|rule|Sleep Clause Mod: Limit one foe put to sleep\n|rule|Species Clause: Limit one of each Pok\u00e9mon\n|rule|OHKO Clause: OHKO moves are banned\n|rule|Evasion Moves Clause: Evasion moves are banned\n|rule|Endless Battle Clause: Forcing endless battles is banned\n|rule|HP Percentage Mod: HP is shown in percentages\n|rule|Dynamax Clause: You cannot dynamax\n|clearpoke\n|poke|p1|Dragapult, M|\n|poke|p1|Clefable, F|\n|poke|p1|Corviknight, M|\n|poke|p1|Heatran, F|\n|poke|p1|Landorus-Therian, M|\n|poke|p1|Blacephalon|\n|poke|p2|Weavile, M|\n|poke|p2|Blacephalon|\n|poke|p2|Ferrothorn, F|\n|poke|p2|Landorus-Therian, M|\n|poke|p2|Heatran, M|\n|poke|p2|Dragapult, F|\n|teampreview\n|inactive|Battle timer is ON: inactive players will automatically lose when time's up. (requested by Not Sarcasm)\n|j| vepp\n|j| ISimpForKlara\n|inactive|Normal thu ii has 120 seconds left.\n|inactive|Not Sarcasm has 120 seconds left.\n|j| ekles\n|l| ekles\n|j| nimbus cloak\n|\n|t:|1631743963\n|start\n|switch|p1a: Landorus|Landorus-Therian, M|100\/100\n|switch|p2a: Ferrothorn|Ferrothorn, F|100\/100\n|-ability|p1a: Landorus|Intimidate|boost\n|-unboost|p2a: Ferrothorn|atk|1\n|turn|1\n|\n|t:|1631743969\n|move|p1a: Landorus|Knock Off|p2a: Ferrothorn\n|-damage|p2a: Ferrothorn|81\/100\n|-damage|p1a: Landorus|88\/100|[from] ability: Iron Barbs|[of] p2a: Ferrothorn\n|-enditem|p2a: Ferrothorn|Leftovers|[from] move: Knock Off|[of] p1a: Landorus\n|move|p2a: Ferrothorn|Knock Off|p1a: Landorus\n|-damage|p1a: Landorus|72\/100\n|-enditem|p1a: Landorus|Choice Scarf|[from] move: Knock Off|[of] p2a: Ferrothorn\n|\n|upkeep\n|turn|2\n|\n|t:|1631743978\n|move|p1a: Landorus|Earthquake|p2a: Ferrothorn\n|-damage|p2a: Ferrothorn|49\/100\n|move|p2a: Ferrothorn|Spikes|p1a: Landorus\n|-sidestart|p1: Normal thu ii|Spikes\n|\n|upkeep\n|turn|3\n|\n|t:|1631743984\n|move|p1a: Landorus|Earthquake|p2a: Ferrothorn\n|-damage|p2a: Ferrothorn|17\/100\n|move|p2a: Ferrothorn|Leech Seed|p1a: Landorus\n|-start|p1a: Landorus|move: Leech Seed\n|\n|-damage|p1a: Landorus|60\/100|[from] Leech Seed|[of] p2a: Ferrothorn\n|-heal|p2a: Ferrothorn|28\/100|[silent]\n|upkeep\n|turn|4\n|\n|t:|1631743990\n|switch|p1a: Corviknight|Corviknight, M|100\/100\n|-ability|p1a: Corviknight|Pressure\n|move|p2a: Ferrothorn|Spikes|p1a: Corviknight\n|-sidestart|p1: Normal thu ii|Spikes\n|\n|upkeep\n|turn|5\n|\n|t:|1631743998\n|move|p1a: Corviknight|Body Press|p2a: Ferrothorn\n|-supereffective|p2a: Ferrothorn\n|-damage|p2a: Ferrothorn|0 fnt\n|-damage|p1a: Corviknight|88\/100|[from] ability: Iron Barbs|[of] p2a: Ferrothorn\n|faint|p2a: Ferrothorn\n|\n|upkeep\n|inactive|Not Sarcasm has 120 seconds left.\n|\n|t:|1631744034\n|switch|p2a: Blacephalon|Blacephalon|100\/100\n|turn|6\n|j| Ctannn\n|\n|t:|1631744041\n|move|p2a: Blacephalon|Shadow Ball|p1a: Corviknight\n|-crit|p1a: Corviknight\n|-damage|p1a: Corviknight|0 fnt\n|faint|p1a: Corviknight\n|-ability|p2a: Blacephalon|Beast Boost|boost\n|-boost|p2a: Blacephalon|spa|1\n|\n|upkeep\n|\n|t:|1631744047\n|switch|p1a: Blacephalon|Blacephalon|100\/100\n|-damage|p1a: Blacephalon|84\/100|[from] Spikes\n|turn|7\n|\n|t:|1631744052\n|switch|p2a: Weavile|Weavile, M|100\/100\n|-ability|p2a: Weavile|Pressure\n|move|p1a: Blacephalon|Shadow Ball|p2a: Weavile\n|-resisted|p2a: Weavile\n|-damage|p2a: Weavile|68\/100\n|\n|upkeep\n|turn|8\n|\n|t:|1631744062\n|switch|p1a: Clefable|Clefable, F|100\/100\n|-damage|p1a: Clefable|84\/100|[from] Spikes\n|move|p2a: Weavile|Knock Off|p1a: Clefable\n|-resisted|p1a: Clefable\n|-damage|p1a: Clefable|62\/100\n|-enditem|p1a: Clefable|Leftovers|[from] move: Knock Off|[of] p2a: Weavile\n|-damage|p2a: Weavile|58\/100|[from] item: Life Orb\n|\n|upkeep\n|turn|9\n|\n|t:|1631744072\n|move|p2a: Weavile|Triple Axel|p1a: Clefable\n|-damage|p1a: Clefable|52\/100\n|-damage|p1a: Clefable|31\/100\n|-hitcount|p1a: Clefable|2\n|-damage|p2a: Weavile|48\/100|[from] item: Life Orb\n|move|p1a: Clefable|Soft-Boiled|p1a: Clefable\n|-heal|p1a: Clefable|81\/100\n|\n|upkeep\n|turn|10\n|\n|t:|1631744082\n|move|p2a: Weavile|Triple Axel|p1a: Clefable\n|-damage|p1a: Clefable|71\/100\n|-damage|p1a: Clefable|50\/100\n|-damage|p1a: Clefable|21\/100\n|-hitcount|p1a: Clefable|3\n|-damage|p2a: Weavile|38\/100|[from] item: Life Orb\n|move|p1a: Clefable|Moonblast|p2a: Weavile\n|-supereffective|p2a: Weavile\n|-damage|p2a: Weavile|0 fnt\n|faint|p2a: Weavile\n|\n|upkeep\n|\n|t:|1631744093\n|switch|p2a: Dragapult|Dragapult, F|100\/100\n|turn|11\n|\n|t:|1631744096\n|move|p2a: Dragapult|Dragon Darts|p1a: Clefable\n|-immune|p1a: Clefable\n|move|p1a: Clefable|Soft-Boiled|p1a: Clefable\n|-heal|p1a: Clefable|71\/100\n|\n|upkeep\n|turn|12\n|c|\u2606Not Sarcasm|misclicked ...\n|\n|t:|1631744103\n|switch|p2a: Blacephalon|Blacephalon|100\/100\n|move|p1a: Clefable|Soft-Boiled|p1a: Clefable\n|-heal|p1a: Clefable|100\/100\n|\n|upkeep\n|turn|13\n|\n|t:|1631744109\n|move|p2a: Blacephalon|Shadow Ball|p1a: Clefable\n|-crit|p1a: Clefable\n|-damage|p1a: Clefable|6\/100\n|-unboost|p1a: Clefable|spd|1\n|move|p1a: Clefable|Soft-Boiled|p1a: Clefable\n|-heal|p1a: Clefable|56\/100\n|\n|upkeep\n|turn|14\n|\n|t:|1631744116\n|move|p2a: Blacephalon|Shadow Ball|p1a: Clefable\n|-crit|p1a: Clefable\n|-damage|p1a: Clefable|0 fnt\n|faint|p1a: Clefable\n|-ability|p2a: Blacephalon|Beast Boost|boost\n|-boost|p2a: Blacephalon|spa|1\n|\n|upkeep\n|\n|t:|1631744123\n|switch|p1a: Blacephalon|Blacephalon|84\/100\n|-damage|p1a: Blacephalon|67\/100|[from] Spikes\n|turn|15\n|\n|t:|1631744127\n|switch|p2a: Chaos|Heatran, M, shiny|100\/100\n|-item|p2a: Chaos|Air Balloon\n|move|p1a: Blacephalon|Shadow Ball|p2a: Chaos\n|-damage|p2a: Chaos|71\/100\n|-enditem|p2a: Chaos|Air Balloon\n|\n|upkeep\n|turn|16\n|\n|t:|1631744139\n|switch|p1a: Landorus|Landorus-Therian, M|60\/100\n|-ability|p1a: Landorus|Intimidate|boost\n|-unboost|p2a: Chaos|atk|1\n|move|p2a: Chaos|Magma Storm|p1a: Landorus\n|-damage|p1a: Landorus|8\/100\n|-activate|p1a: Landorus|move: Magma Storm|[of] p2a: Chaos\n|\n|-damage|p1a: Landorus|0 fnt|[from] move: Magma Storm|[partiallytrapped]\n|faint|p1a: Landorus\n|upkeep\n|\n|t:|1631744148\n|switch|p1a: Dragapult|Dragapult, M|100\/100\n|-damage|p1a: Dragapult|84\/100|[from] Spikes\n|turn|17\n|\n|t:|1631744156\n|switch|p2a: Enten|Landorus-Therian, M, shiny|100\/100\n|-ability|p2a: Enten|Intimidate|boost\n|-unboost|p1a: Dragapult|atk|1\n|move|p1a: Dragapult|Shadow Ball|p2a: Enten\n|-damage|p2a: Enten|40\/100\n|\n|upkeep\n|turn|18\n|\n|t:|1631744163\n|move|p2a: Enten|Earthquake|p1a: Dragapult\n|-damage|p1a: Dragapult|11\/100\n|move|p1a: Dragapult|Shadow Ball|p2a: Enten\n|-damage|p2a: Enten|0 fnt\n|faint|p2a: Enten\n|\n|upkeep\n|\n|t:|1631744173\n|switch|p2a: Dragapult|Dragapult, F|100\/100\n|turn|19\n|\n|t:|1631744176\n|move|p2a: Dragapult|Sucker Punch|p1a: Dragapult\n|-supereffective|p1a: Dragapult\n|-damage|p1a: Dragapult|0 fnt\n|faint|p1a: Dragapult\n|\n|upkeep\n|\n|t:|1631744180\n|switch|p1a: Blacephalon|Blacephalon|67\/100\n|-damage|p1a: Blacephalon|51\/100|[from] Spikes\n|turn|20\n|\n|t:|1631744185\n|move|p2a: Dragapult|Sucker Punch|p1a: Blacephalon\n|-supereffective|p1a: Blacephalon\n|-damage|p1a: Blacephalon|0 fnt\n|faint|p1a: Blacephalon\n|\n|upkeep\n|\n|t:|1631744190\n|switch|p1a: Heatran|Heatran, F|100\/100\n|-damage|p1a: Heatran|84\/100|[from] Spikes\n|turn|21\n|\n|t:|1631744195\n|move|p2a: Dragapult|Sucker Punch||[still]\n|-fail|p2a: Dragapult\n|move|p1a: Heatran|Substitute|p1a: Heatran\n|-start|p1a: Heatran|Substitute\n|-damage|p1a: Heatran|59\/100\n|\n|-heal|p1a: Heatran|65\/100|[from] item: Leftovers\n|upkeep\n|turn|22\n|\n|t:|1631744202\n|move|p2a: Dragapult|Sucker Punch||[still]\n|-fail|p2a: Dragapult\n|move|p1a: Heatran|Toxic|p2a: Dragapult\n|-status|p2a: Dragapult|tox\n|\n|-heal|p1a: Heatran|71\/100|[from] item: Leftovers\n|-damage|p2a: Dragapult|95\/100 tox|[from] psn\n|upkeep\n|turn|23\n|\n|t:|1631744210\n|move|p2a: Dragapult|Sucker Punch|p1a: Heatran\n|-end|p1a: Heatran|Substitute\n|move|p1a: Heatran|Magma Storm|p2a: Dragapult|[miss]\n|-miss|p1a: Heatran|p2a: Dragapult\n|\n|-heal|p1a: Heatran|78\/100|[from] item: Leftovers\n|-damage|p2a: Dragapult|83\/100 tox|[from] psn\n|upkeep\n|turn|24\n|\n|t:|1631744219\n|switch|p2a: Chaos|Heatran, M, shiny|71\/100\n|move|p1a: Heatran|Earth Power|p2a: Chaos\n|-supereffective|p2a: Chaos\n|-damage|p2a: Chaos|7\/100\n|\n|-heal|p1a: Heatran|84\/100|[from] item: Leftovers\n|upkeep\n|turn|25\n|\n|t:|1631744226\n|move|p2a: Chaos|Earth Power|p1a: Heatran\n|-supereffective|p1a: Heatran\n|-damage|p1a: Heatran|16\/100\n|move|p1a: Heatran|Earth Power|p2a: Chaos\n|-supereffective|p2a: Chaos\n|-damage|p2a: Chaos|0 fnt\n|faint|p2a: Chaos\n|\n|-heal|p1a: Heatran|22\/100|[from] item: Leftovers\n|upkeep\n|-message|Normal thu ii forfeited.\n|\n|win|Not Sarcasm\n|l|\u2606Normal thu ii\n|raw|Normal thu ii's rating: 1669 &rarr; <strong>1649<\/strong><br \/>(-20 for losing)\n|raw|Not Sarcasm's rating: 1665 &rarr; <strong>1685<\/strong><br \/>(+20 for winning)\n|l| Ctannn\n|l|\u2606Not Sarcasm\n|l| nimbus cloak\n","uploadtime":1631744276,"views":26,"p1id":"normalthuii","p2id":"notsarcasm","formatid":"gen8ou","rating":1649,"private":0,"password":null}