{"id":"gen8customgame-1668906573","p1":"Elon Musk Rusk","p2":"Pisschu","format":"gen8customgame","log":"|j|\u2606Elon Musk Rusk\n|j|\u2606Pisschu\n|t:|1663682245\n|gametype|singles\n|player|p1|Elon Musk Rusk|169|\n|player|p2|Pisschu|mira|\n|teamsize|p1|6\n|teamsize|p2|6\n|gen|8\n|tier|[Gen 8] Custom Game\n|clearpoke\n|poke|p1|Arceus-*|\n|poke|p1|Suicune|\n|poke|p1|Steelix-Mega, M|\n|poke|p1|Kommo-o, F|\n|poke|p1|Cinderace, M|\n|poke|p1|Xurkitree|\n|poke|p2|Garchomp, M|\n|poke|p2|Diancie|\n|poke|p2|Rotom-Wash|\n|poke|p2|Houndoom, F|\n|poke|p2|Vileplume, F|\n|poke|p2|Misdreavus, F|\n|teampreview\n|c|\u2606Pisschu|glhd\n|c|\u2606Elon Musk Rusk|have duck!\n|c|\u2606Pisschu|oops wrong mvoe on one mon\n|c|\u2606Pisschu|nevr mind its ok\n|c|\u2606Elon Musk Rusk|play fast if you can please I got exams tomorrow and gotta prepare\n|\n|t:|1663682305\n|start\n|switch|p1a: Arceus|Arceus-Bug|407\/407\n|switch|p2a: Vileplume|Vileplume, F|354\/354\n|turn|1\n|c|\u2606Pisschu|ok same\n|\n|t:|1663682314\n|move|p1a: Arceus|Ice Beam|p2a: Vileplume\n|-supereffective|p2a: Vileplume\n|-damage|p2a: Vileplume|194\/354\n|move|p2a: Vileplume|Spore|p1a: Arceus\n|-status|p1a: Arceus|slp|[from] move: Spore\n|\n|-heal|p2a: Vileplume|216\/354|[from] item: Black Sludge\n|upkeep\n|turn|2\n|\n|t:|1663682324\n|switch|p1a: Cinderace|Cinderace, M|328\/328\n|switch|p2a: Misdreavus|Misdreavus, F|323\/323\n|\n|upkeep\n|turn|3\n|\n|t:|1663682339\n|switch|p2a: Rotom|Rotom-Wash|304\/304\n|move|p1a: Cinderace|U-turn|p2a: Rotom\n|-start|p1a: Cinderace|typechange|Bug|[from] ability: Libero\n|-damage|p2a: Rotom|219\/304\n|\n|t:|1663682346\n|switch|p1a: Xurkitree|Xurkitree|343\/343\n|\n|-heal|p2a: Rotom|238\/304|[from] item: Leftovers\n|upkeep\n|turn|4\n|\n|t:|1663682354\n|move|p1a: Xurkitree|Hypnosis|p2a: Rotom|[miss]\n|-miss|p1a: Xurkitree|p2a: Rotom\n|-enditem|p1a: Xurkitree|Blunder Policy\n|-boost|p1a: Xurkitree|spe|2\n|move|p2a: Rotom|Pain Split|p1a: Xurkitree\n|-sethp|p1a: Xurkitree|290\/343|[from] move: Pain Split|[silent]\n|-sethp|p2a: Rotom|290\/304|[from] move: Pain Split\n|\n|-heal|p2a: Rotom|304\/304|[from] item: Leftovers\n|upkeep\n|turn|5\n|\n|t:|1663682365\n|move|p1a: Xurkitree|Tail Glow|p1a: Xurkitree\n|-boost|p1a: Xurkitree|spa|3\n|move|p2a: Rotom|Volt Switch|p1a: Xurkitree\n|-resisted|p1a: Xurkitree\n|-damage|p1a: Xurkitree|231\/343\n|\n|t:|1663682371\n|switch|p2a: Diancie|Diancie|304\/304\n|\n|upkeep\n|turn|6\n|\n|t:|1663682375\n|move|p1a: Xurkitree|Thunderbolt|p2a: Diancie\n|-crit|p2a: Diancie\n|-damage|p2a: Diancie|0 fnt\n|faint|p2a: Diancie\n|-ability|p1a: Xurkitree|Beast Boost|boost\n|-boost|p1a: Xurkitree|spa|1\n|\n|upkeep\n|\n|t:|1663682378\n|switch|p2a: Vileplume|Vileplume, F|216\/354\n|turn|7\n|\n|t:|1663682383\n|move|p1a: Xurkitree|Hidden Power|p2a: Vileplume\n|-supereffective|p2a: Vileplume\n|-damage|p2a: Vileplume|0 fnt\n|faint|p2a: Vileplume\n|-ability|p1a: Xurkitree|Beast Boost|boost\n|-boost|p1a: Xurkitree|spa|1\n|\n|upkeep\n|c|\u2606Pisschu|isnt hp banned\n|c|\u2606Elon Musk Rusk|its allowed\n|c|\u2606Pisschu|ok\n|\n|t:|1663682420\n|switch|p2a: Houndoom|Houndoom, F|291\/291\n|-weather|DesolateLand|[from] ability: Desolate Land|[of] p2a: Houndoom\n|turn|8\n|c|\u2606Pisschu|ggwp\n|\n|t:|1663682425\n|move|p1a: Xurkitree|Thunderbolt|p2a: Houndoom\n|-damage|p2a: Houndoom|0 fnt\n|faint|p2a: Houndoom\n|-weather|none\n|-ability|p1a: Xurkitree|Beast Boost|boost\n|-boost|p1a: Xurkitree|spa|1\n|\n|upkeep\n|\n|t:|1663682429\n|switch|p2a: Garchomp|Garchomp, M|357\/357\n|turn|9\n|c|\u2606Elon Musk Rusk|gg man\n|\n|t:|1663682434\n|move|p1a: Xurkitree|Hidden Power|p2a: Garchomp\n|-supereffective|p2a: Garchomp\n|-damage|p2a: Garchomp|0 fnt\n|faint|p2a: Garchomp\n|\n|upkeep\n|c|\u2606Pisschu|dont john next time thanks\n|\n|t:|1663682448\n|switch|p2a: Misdreavus|Misdreavus, F|323\/323\n|turn|10\n|-message|Pisschu forfeited.\n|\n|win|Elon Musk Rusk\n|c|\u2606Elon Musk Rusk|Sorry \ud83d\ude41\n|l|\u2606Pisschu\n|l|\u2606Elon Musk Rusk\n|j|\u2606Elon Musk Rusk\n|player|p1|Elon Musk Rusk|169\n","uploadtime":1663682534,"views":9,"p1id":"elonmuskrusk","p2id":"pisschu","formatid":"gen8customgame","rating":0,"private":0,"password":null}