{"id":"gen8nationaldex-1674572293","p1":"MurderousMantyke","p2":"Malika Haqq","format":"gen8nationaldex","log":"|j|\u2606MurderousMantyke\n|j|\u203dMalika Haqq\n|inactive|Battle timer is ON: inactive players will automatically lose when time's up.\n|t:|1664577423\n|gametype|singles\n|player|p1|MurderousMantyke|#helpstaffxmas|\n|player|p2|Malika Haqq|dawn-masters2|\n|teamsize|p1|6\n|teamsize|p2|6\n|gen|8\n|tier|[Gen 8] National Dex\n|rated|Tournament battle\n|rule|HP Percentage Mod: HP is shown in percentages\n|rule|Endless Battle Clause: Forcing endless battles is banned\n|rule|OHKO Clause: OHKO moves are banned\n|rule|Evasion Moves Clause: Evasion moves are banned\n|rule|Species Clause: Limit one of each Pok\u00e9mon\n|rule|Dynamax Clause: You cannot dynamax\n|rule|Sleep Clause Mod: Limit one foe put to sleep\n|clearpoke\n|poke|p1|Kartana|\n|poke|p1|Rotom-Wash|\n|poke|p1|Nihilego|\n|poke|p1|Bisharp, F|\n|poke|p1|Landorus-Therian, M|\n|poke|p1|Volcarona, F|\n|poke|p2|Minior|\n|poke|p2|Polteageist|\n|poke|p2|Tapu Lele|\n|poke|p2|Hawlucha, M|\n|poke|p2|Landorus-Therian, M|\n|poke|p2|Regieleki|\n|teampreview\n|inactive|MurderousMantyke also wants the timer to be on.\n|j| muistall\n|j| Oh Man da CRIT 86\n|c|\u2606MurderousMantyke|hf\n|j| sealoo\n|\n|t:|1664577437\n|start\n|switch|p1a: Landorus|Landorus-Therian, M|100\/100\n|switch|p2a: Landorus|Landorus-Therian, M|100\/100\n|-ability|p2a: Landorus|Intimidate|boost\n|-unboost|p1a: Landorus|atk|1\n|-ability|p1a: Landorus|Intimidate|boost\n|-unboost|p2a: Landorus|atk|1\n|turn|1\n|\n|t:|1664577440\n|move|p2a: Landorus|Stealth Rock|p1a: Landorus\n|-sidestart|p1: MurderousMantyke|move: Stealth Rock\n|move|p1a: Landorus|Stealth Rock|p2a: Landorus\n|-sidestart|p2: Malika Haqq|move: Stealth Rock\n|\n|upkeep\n|turn|2\n|j| Daellio\n|\n|t:|1664577443\n|move|p2a: Landorus|Swords Dance|p2a: Landorus\n|-boost|p2a: Landorus|atk|2\n|move|p1a: Landorus|Toxic|p2a: Landorus\n|-status|p2a: Landorus|tox\n|\n|-damage|p2a: Landorus|94\/100 tox|[from] psn\n|upkeep\n|turn|3\n|\n|t:|1664577446\n|move|p2a: Landorus|Explosion|p1a: Landorus\n|-enditem|p2a: Landorus|Normal Gem|[from] gem\n|-damage|p1a: Landorus|0 fnt\n|faint|p2a: Landorus\n|faint|p1a: Landorus\n|\n|upkeep\n|\n|t:|1664577457\n|switch|p2a: Regieleki|Regieleki|100\/100\n|switch|p1a: Kartana|Kartana|100\/100\n|-damage|p1a: Kartana|94\/100|[from] Stealth Rock\n|turn|4\n|\n|t:|1664577462\n|move|p1a: Kartana|Leaf Blade|p2a: Regieleki\n|-damage|p2a: Regieleki|0 fnt\n|faint|p2a: Regieleki\n|-ability|p1a: Kartana|Beast Boost|boost\n|-boost|p1a: Kartana|atk|1\n|\n|upkeep\n|\n|t:|1664577479\n|switch|p2a: Tapu Lele|Tapu Lele, shiny|100\/100\n|-damage|p2a: Tapu Lele|88\/100|[from] Stealth Rock\n|-fieldstart|move: Psychic Terrain|[from] ability: Psychic Surge|[of] p2a: Tapu Lele\n|turn|5\n|\n|t:|1664577492\n|switch|p2a: Polteageist|Polteageist, shiny|100\/100\n|-damage|p2a: Polteageist|88\/100|[from] Stealth Rock\n|move|p1a: Kartana|Leaf Blade|p2a: Polteageist\n|-damage|p2a: Polteageist|0 fnt\n|faint|p2a: Polteageist\n|-ability|p1a: Kartana|Beast Boost|boost\n|-boost|p1a: Kartana|atk|1\n|\n|upkeep\n|\n|t:|1664577494\n|switch|p2a: Hawlucha|Hawlucha, M|100\/100\n|-damage|p2a: Hawlucha|88\/100|[from] Stealth Rock\n|-enditem|p2a: Hawlucha|Psychic Seed\n|-boost|p2a: Hawlucha|spd|1|[from] item: Psychic Seed\n|turn|6\n|\n|t:|1664577499\n|move|p2a: Hawlucha|Close Combat|p1a: Kartana\n|-supereffective|p1a: Kartana\n|-damage|p1a: Kartana|0 fnt\n|-unboost|p2a: Hawlucha|def|1\n|-unboost|p2a: Hawlucha|spd|1\n|faint|p1a: Kartana\n|\n|upkeep\n|\n|t:|1664577505\n|switch|p1a: Rotom|Rotom-Wash|100\/100\n|-damage|p1a: Rotom|88\/100|[from] Stealth Rock\n|turn|7\n|\n|t:|1664577517\n|move|p2a: Hawlucha|Swords Dance|p2a: Hawlucha\n|-boost|p2a: Hawlucha|atk|2\n|move|p1a: Rotom|Volt Switch|p2a: Hawlucha\n|-supereffective|p2a: Hawlucha\n|-damage|p2a: Hawlucha|9\/100\n|\n|t:|1664577522\n|switch|p1a: Bisharp|Bisharp, F|100\/100|[from]move: Volt Switch\n|-damage|p1a: Bisharp|95\/100|[from] Stealth Rock\n|\n|upkeep\n|turn|8\n|\n|t:|1664577527\n|move|p1a: Bisharp|Sucker Punch|p2a: Hawlucha\n|-hint|Psychic Terrain doesn't affect Pok\u00e9mon immune to Ground.\n|-resisted|p2a: Hawlucha\n|-damage|p2a: Hawlucha|0 fnt\n|faint|p2a: Hawlucha\n|\n|upkeep\n|\n|t:|1664577539\n|switch|p2a: Tapu Lele|Tapu Lele, shiny|88\/100\n|-damage|p2a: Tapu Lele|76\/100|[from] Stealth Rock\n|turn|9\n|\n|t:|1664577542\n|-zpower|p2a: Tapu Lele\n|move|p2a: Tapu Lele|All-Out Pummeling|p1a: Bisharp|[zeffect]\n|-supereffective|p1a: Bisharp\n|-damage|p1a: Bisharp|0 fnt\n|faint|p1a: Bisharp\n|\n|-fieldend|move: Psychic Terrain\n|upkeep\n|\n|t:|1664577547\n|switch|p1a: Nihilego|Nihilego|100\/100\n|-damage|p1a: Nihilego|88\/100|[from] Stealth Rock\n|turn|10\n|\n|t:|1664577553\n|move|p1a: Nihilego|Meteor Beam||[still]\n|-prepare|p1a: Nihilego|Meteor Beam\n|-boost|p1a: Nihilego|spa|1\n|-enditem|p1a: Nihilego|Power Herb\n|-anim|p1a: Nihilego|Meteor Beam|p2a: Tapu Lele\n|-damage|p2a: Tapu Lele|0 fnt\n|faint|p2a: Tapu Lele\n|-ability|p1a: Nihilego|Beast Boost|boost\n|-boost|p1a: Nihilego|spe|1\n|\n|upkeep\n|\n|t:|1664577556\n|switch|p2a: Minior|Minior, shiny|100\/100\n|-damage|p2a: Minior|76\/100|[from] Stealth Rock\n|-formechange|p2a: Minior|Minior-Meteor||[from] ability: Shields Down\n|turn|11\n|-message|Malika Haqq forfeited.\n|\n|win|MurderousMantyke\n|n|\u2606MurderousMantyke|murderousmantyke\n|n|\u203dMalika Haqq|malikahaqq\n|n| muistall|muistall\n|n| Oh Man da CRIT 86|ohmandacrit86\n|n| sealoo|sealoo\n|n| Daellio|daellio\n","uploadtime":1664577558,"views":6,"p1id":"murderousmantyke","p2id":"malikahaqq","formatid":"gen8nationaldex","rating":0,"private":0,"password":null}