{"id":"gen8nationaldexag-1100725447","p1":"85792195wwww","p2":"willcoxw","format":"gen8nationaldexag","log":"|j|\u260685792195wwww\n|j|\u2606willcoxw\n|player|p1|85792195wwww|lady|1813\n|player|p2|willcoxw|clair|1696\n|teamsize|p1|6\n|teamsize|p2|6\n|gametype|singles\n|gen|8\n|tier|[Gen 8] National Dex AG\n|rated|\n|clearpoke\n|poke|p1|Zacian-Crowned|\n|poke|p1|Rayquaza|\n|poke|p1|Arceus-*|\n|poke|p1|Arceus-*|\n|poke|p1|Kyogre|\n|poke|p1|Ditto|\n|poke|p2|Zygarde|\n|poke|p2|Zygarde|\n|poke|p2|Necrozma-Dusk-Mane|\n|poke|p2|Necrozma-Dawn-Wings|\n|poke|p2|Eternatus|\n|poke|p2|Yveltal|\n|rule|HP Percentage Mod: HP is shown in percentages\n|rule|Endless Battle Clause: Forcing endless battles is banned\n|teampreview\n|\n|start\n|switch|p1a: Arceus|Arceus-Ground|100\/100\n|switch|p2a: Eternatus|Eternatus|100\/100\n|-ability|p2a: Eternatus|Pressure\n|turn|1\n|\n|move|p2a: Eternatus|Toxic Spikes|p1a: Arceus\n|-sidestart|p1: 85792195wwww|move: Toxic Spikes\n|move|p1a: Arceus|Calm Mind|p1a: Arceus\n|-boost|p1a: Arceus|spa|1\n|-boost|p1a: Arceus|spd|1\n|\n|upkeep\n|turn|2\n|\n|move|p2a: Eternatus|Dynamax Cannon|p1a: Arceus\n|-damage|p1a: Arceus|71\/100\n|move|p1a: Arceus|Judgment|p2a: Eternatus\n|-supereffective|p2a: Eternatus\n|-damage|p2a: Eternatus|0 fnt\n|faint|p2a: Eternatus\n|\n|upkeep\n|\n|switch|p2a: Yveltal|Yveltal|100\/100\n|-ability|p2a: Yveltal|Dark Aura\n|turn|3\n|\n|-start|p1a: Arceus|Dynamax\n|-heal|p1a: Arceus|71\/100|[silent]\n|-start|p2a: Yveltal|Dynamax\n|-heal|p2a: Yveltal|100\/100|[silent]\n|move|p1a: Arceus|Max Hailstorm|p2a: Yveltal\n|-supereffective|p2a: Yveltal\n|-damage|p2a: Yveltal|48\/100\n|-weather|Hail\n|move|p2a: Yveltal|Max Airstream|p1a: Arceus\n|-damage|p1a: Arceus|50\/100\n|-boost|p2a: Yveltal|spe|1\n|-damage|p2a: Yveltal|43\/100|[from] item: Life Orb\n|\n|-weather|Hail|[upkeep]\n|-damage|p2a: Yveltal|40\/100|[from] Hail\n|-damage|p1a: Arceus|47\/100|[from] Hail\n|upkeep\n|turn|4\n|\n|move|p2a: Yveltal|Max Darkness|p1a: Arceus\n|-damage|p1a: Arceus|17\/100\n|-unboost|p1a: Arceus|spd|1\n|-damage|p2a: Yveltal|35\/100|[from] item: Life Orb\n|move|p1a: Arceus|Max Rockfall|p2a: Yveltal\n|-supereffective|p2a: Yveltal\n|-damage|p2a: Yveltal|0 fnt\n|-weather|Sandstorm\n|faint|p2a: Yveltal\n|\n|-weather|Sandstorm|[upkeep]\n|upkeep\n|\n|switch|p2a: Necrozma-Dawn-Wing|Necrozma-Dawn-Wings|100\/100\n|turn|5\n|l|\u260685792195wwww\n|player|p1|\n|j|\u260685792195wwww\n|player|p1|85792195wwww|lady\n|\n|detailschange|p2a: Necrozma-Dawn-Wing|Necrozma-Ultra\n|-burst|p2a: Necrozma-Dawn-Wing|Necrozma|Ultranecrozium Z\n|move|p2a: Necrozma-Dawn-Wing|Photon Geyser|p1a: Arceus\n|-damage|p1a: Arceus|0 fnt\n|faint|p1a: Arceus\n|\n|-weather|Sandstorm|[upkeep]\n|-damage|p2a: Necrozma-Dawn-Wing|94\/100|[from] Sandstorm\n|upkeep\n|\n|switch|p1a: Zacian|Zacian-Crowned|100\/100\n|-ability|p1a: Zacian|Intrepid Sword|boost\n|-boost|p1a: Zacian|atk|1\n|turn|6\n|\n|switch|p2a: Necrozma|Necrozma-Dusk-Mane|100\/100\n|move|p1a: Zacian|Behemoth Blade|p2a: Necrozma\n|-resisted|p2a: Necrozma\n|-damage|p2a: Necrozma|74\/100\n|\n|-weather|Sandstorm|[upkeep]\n|-heal|p2a: Necrozma|80\/100|[from] item: Leftovers\n|upkeep\n|turn|7\n|\n|move|p1a: Zacian|Close Combat|p2a: Necrozma\n|-damage|p2a: Necrozma|36\/100\n|-unboost|p1a: Zacian|def|1\n|-unboost|p1a: Zacian|spd|1\n|move|p2a: Necrozma|Stealth Rock|p1a: Zacian\n|-sidestart|p1: 85792195wwww|move: Stealth Rock\n|\n|-weather|Sandstorm|[upkeep]\n|-heal|p2a: Necrozma|42\/100|[from] item: Leftovers\n|upkeep\n|turn|8\n|\n|move|p1a: Zacian|Close Combat|p2a: Necrozma\n|-damage|p2a: Necrozma|0 fnt\n|-unboost|p1a: Zacian|def|1\n|-unboost|p1a: Zacian|spd|1\n|faint|p2a: Necrozma\n|\n|-weather|none\n|upkeep\n|\n|switch|p2a: Zygarde|Zygarde|100\/100\n|turn|9\n|\n|move|p1a: Zacian|Substitute|p1a: Zacian\n|-start|p1a: Zacian|Substitute\n|-damage|p1a: Zacian|76\/100\n|move|p2a: Zygarde|Substitute|p2a: Zygarde\n|-start|p2a: Zygarde|Substitute\n|-damage|p2a: Zygarde|76\/100\n|\n|-heal|p2a: Zygarde|82\/100|[from] item: Leftovers\n|upkeep\n|turn|10\n|j| ghgfhghfghgf\n|\n|move|p1a: Zacian|Behemoth Blade|p2a: Zygarde\n|-end|p2a: Zygarde|Substitute\n|move|p2a: Zygarde|Thousand Arrows|p1a: Zacian\n|-supereffective|p1a: Zacian\n|-end|p1a: Zacian|Substitute\n|\n|-heal|p2a: Zygarde|88\/100|[from] item: Leftovers\n|upkeep\n|turn|11\n|\n|move|p1a: Zacian|Behemoth Blade|p2a: Zygarde\n|-damage|p2a: Zygarde|38\/100\n|move|p2a: Zygarde|Thousand Arrows|p1a: Zacian\n|-supereffective|p1a: Zacian\n|-damage|p1a: Zacian|0 fnt\n|faint|p1a: Zacian\n|\n|-heal|p2a: Zygarde|44\/100|[from] item: Leftovers\n|-activate|p2a: Zygarde|ability: Power Construct\n|detailschange|p2a: Zygarde|Zygarde-Complete\n|-heal|p2a: Zygarde|63\/100|[silent]\n|upkeep\n|\n|switch|p1a: Rayquaza|Rayquaza|100\/100\n|-damage|p1a: Rayquaza|76\/100|[from] Stealth Rock\n|-ability|p1a: Rayquaza|Air Lock\n|turn|12\n|inactive|Battle timer is ON: inactive players will automatically lose when time's up. (requested by 85792195wwww)\n|\n|detailschange|p1a: Rayquaza|Rayquaza-Mega\n|-mega|p1a: Rayquaza|Rayquaza|\n|-weather|DeltaStream|[from] ability: Delta Stream|[of] p1a: Rayquaza\n|move|p1a: Rayquaza|Dragon Ascent|p2a: Zygarde\n|-damage|p2a: Zygarde|24\/100\n|-unboost|p1a: Rayquaza|def|1\n|-unboost|p1a: Rayquaza|spd|1\n|-damage|p1a: Rayquaza|66\/100|[from] item: Life Orb\n|move|p2a: Zygarde|Glare|p1a: Rayquaza\n|-status|p1a: Rayquaza|par\n|\n|-weather|DeltaStream|[upkeep]\n|-heal|p2a: Zygarde|30\/100|[from] item: Leftovers\n|upkeep\n|turn|13\n|\n|move|p1a: Rayquaza|Extreme Speed|p2a: Zygarde\n|-damage|p2a: Zygarde|11\/100\n|-damage|p1a: Rayquaza|56\/100 par|[from] item: Life Orb\n|move|p2a: Zygarde|Thousand Arrows|p1a: Rayquaza\n|-damage|p1a: Rayquaza|10\/100 par\n|-start|p1a: Rayquaza|Smack Down\n|\n|-weather|DeltaStream|[upkeep]\n|-heal|p2a: Zygarde|17\/100|[from] item: Leftovers\n|upkeep\n|turn|14\n|\n|move|p1a: Rayquaza|Extreme Speed|p2a: Zygarde\n|-damage|p2a: Zygarde|0 fnt\n|-damage|p1a: Rayquaza|0 fnt|[from] item: Life Orb\n|faint|p2a: Zygarde\n|faint|p1a: Rayquaza\n|-weather|none\n|\n|upkeep\n|\n|switch|p1a: Ditto|Ditto|100\/100\n|switch|p2a: Necrozma-Dawn-Wing|Necrozma-Ultra|94\/100\n|-status|p1a: Ditto|psn\n|-damage|p1a: Ditto|88\/100 psn|[from] Stealth Rock\n|-transform|p1a: Ditto|p2a: Necrozma-Dawn-Wing|[from] ability: Imposter\n|turn|15\n|\n|move|p1a: Ditto|Photon Geyser|p2a: Necrozma-Dawn-Wing\n|-resisted|p2a: Necrozma-Dawn-Wing\n|-damage|p2a: Necrozma-Dawn-Wing|63\/100\n|-zpower|p2a: Necrozma-Dawn-Wing\n|move|p2a: Necrozma-Dawn-Wing|Light That Burns the Sky|p1a: Ditto|[zeffect]\n|-resisted|p1a: Ditto\n|-damage|p1a: Ditto|10\/100 psn\n|\n|-damage|p1a: Ditto|0 fnt|[from] psn\n|faint|p1a: Ditto\n|upkeep\n|\n|switch|p1a: Arceus|Arceus|100\/100\n|-damage|p1a: Arceus|88\/100|[from] Stealth Rock\n|-status|p1a: Arceus|psn\n|turn|16\n|j| MittensISaKilla\n|\n|move|p2a: Necrozma-Dawn-Wing|Photon Geyser|p1a: Arceus\n|-damage|p1a: Arceus|41\/100 psn\n|move|p1a: Arceus|Swords Dance|p1a: Arceus\n|-boost|p1a: Arceus|atk|2\n|\n|-damage|p1a: Arceus|29\/100 psn|[from] psn\n|upkeep\n|turn|17\n|inactive|willcoxw has 120 seconds left.\n|\n|move|p1a: Arceus|Extreme Speed|p2a: Necrozma-Dawn-Wing\n|-damage|p2a: Necrozma-Dawn-Wing|0 fnt\n|-damage|p1a: Arceus|19\/100 psn|[from] item: Life Orb\n|faint|p2a: Necrozma-Dawn-Wing\n|\n|-damage|p1a: Arceus|7\/100 psn|[from] psn\n|upkeep\n|inactive|willcoxw has 90 seconds left.\n|inactive|willcoxw has 60 seconds left.\n|inactive|willcoxw has 30 seconds left.\n|inactive|willcoxw has 20 seconds left.\n|inactive|willcoxw has 15 seconds left.\n|l| MittensISaKilla\n|inactive|willcoxw has 10 seconds left.\n|inactive|willcoxw has 5 seconds left.\n|-message|willcoxw lost due to inactivity.\n|\n|win|85792195wwww\n","uploadtime":1587484297,"views":11,"p1id":"85792195wwww","p2id":"willcoxw","formatid":"gen8nationaldexag","rating":0,"private":0,"password":null}