{"id":"gen8ou-1312952775","p1":"mongwong","p2":"memedealerr","format":"gen8ou","log":"|j|\u2606mongwong\n|j|\u2606memedealerr\n|t:|1617238678\n|player|p1|mongwong|silver|1498\n|player|p2|memedealerr|roughneck-gen4|1427\n|teamsize|p1|6\n|teamsize|p2|6\n|gametype|singles\n|gen|8\n|tier|[Gen 8] OU\n|rated|\n|clearpoke\n|poke|p1|Pelipper, F|\n|poke|p1|Barraskewda, M|\n|poke|p1|Keldeo-Resolute|\n|poke|p1|Magnezone|\n|poke|p1|Nidoking, M|\n|poke|p1|Rillaboom, F|\n|poke|p2|Melmetal|\n|poke|p2|Dragapult, F|\n|poke|p2|Garchomp, M|\n|poke|p2|Corviknight, F|\n|poke|p2|Kyurem|\n|poke|p2|Crawdaunt, F|\n|rule|Sleep Clause Mod: Limit one foe put to sleep\n|rule|Species Clause: Limit one of each Pok\u00e9mon\n|rule|OHKO Clause: OHKO moves are banned\n|rule|Evasion Moves Clause: Evasion moves are banned\n|rule|Endless Battle Clause: Forcing endless battles is banned\n|rule|HP Percentage Mod: HP is shown in percentages\n|rule|Dynamax Clause: You cannot dynamax\n|teampreview\n|\n|t:|1617238698\n|start\n|switch|p1a: Pelipper|Pelipper, F|100\/100\n|switch|p2a: Kyurem|Kyurem|100\/100\n|-ability|p2a: Kyurem|Pressure\n|-weather|RainDance|[from] ability: Drizzle|[of] p1a: Pelipper\n|turn|1\n|\n|t:|1617238722\n|switch|p1a: Magnezone|Magnezone|100\/100\n|move|p2a: Kyurem|Focus Blast|p1a: Magnezone\n|-supereffective|p1a: Magnezone\n|-damage|p1a: Magnezone|0 fnt\n|faint|p1a: Magnezone\n|\n|-weather|RainDance|[upkeep]\n|upkeep\n|\n|t:|1617238726\n|switch|p1a: Keldeo|Keldeo-Resolute|100\/100\n|turn|2\n|j| shaiapoufff\n|\n|t:|1617238735\n|switch|p2a: Dragapult|Dragapult, F|100\/100\n|move|p1a: Keldeo|Substitute|p1a: Keldeo\n|-start|p1a: Keldeo|Substitute\n|-damage|p1a: Keldeo|76\/100\n|\n|-weather|RainDance|[upkeep]\n|-heal|p1a: Keldeo|82\/100|[from] item: Leftovers\n|upkeep\n|turn|3\n|\n|t:|1617238738\n|move|p2a: Dragapult|Draco Meteor|p1a: Keldeo\n|-damage|p1a: Keldeo|0 fnt\n|-unboost|p2a: Dragapult|spa|2\n|faint|p1a: Keldeo\n|\n|-weather|RainDance|[upkeep]\n|upkeep\n|\n|t:|1617238745\n|switch|p1a: Barraskewda|Barraskewda, M|100\/100\n|turn|4\n|\n|t:|1617238746\n|switch|p2a: Garchomp|Garchomp, M|100\/100\n|move|p1a: Barraskewda|Liquidation|p2a: Garchomp\n|-damage|p2a: Garchomp|35\/100\n|-damage|p1a: Barraskewda|88\/100|[from] ability: Rough Skin|[of] p2a: Garchomp\n|-damage|p1a: Barraskewda|72\/100|[from] item: Rocky Helmet|[of] p2a: Garchomp\n|\n|-weather|RainDance|[upkeep]\n|upkeep\n|turn|5\n|\n|t:|1617238751\n|move|p1a: Barraskewda|Liquidation|p2a: Garchomp\n|-damage|p2a: Garchomp|0 fnt\n|-damage|p1a: Barraskewda|60\/100|[from] ability: Rough Skin|[of] p2a: Garchomp\n|-damage|p1a: Barraskewda|43\/100|[from] item: Rocky Helmet|[of] p2a: Garchomp\n|faint|p2a: Garchomp\n|\n|-weather|RainDance|[upkeep]\n|upkeep\n|\n|t:|1617238753\n|switch|p2a: Crawdaunt|Crawdaunt, F|100\/100\n|turn|6\n|\n|t:|1617238762\n|move|p2a: Crawdaunt|Aqua Jet|p1a: Barraskewda\n|-resisted|p1a: Barraskewda\n|-damage|p1a: Barraskewda|0 fnt\n|faint|p1a: Barraskewda\n|\n|-weather|RainDance|[upkeep]\n|upkeep\n|\n|t:|1617238767\n|switch|p1a: Rillaboom|Rillaboom, F|100\/100\n|-fieldstart|move: Grassy Terrain|[from] ability: Grassy Surge|[of] p1a: Rillaboom\n|turn|7\n|\n|t:|1617238768\n|switch|p2a: Corviknight|Corviknight, F|100\/100\n|-ability|p2a: Corviknight|Pressure\n|move|p1a: Rillaboom|U-turn|p2a: Corviknight\n|-resisted|p2a: Corviknight\n|-damage|p2a: Corviknight|93\/100\n|\n|t:|1617238772\n|switch|p1a: Pelipper|Pelipper, F|100\/100|[from]move: U-turn\n|\n|-weather|RainDance|[upkeep]\n|-heal|p2a: Corviknight|99\/100|[from] item: Leftovers\n|upkeep\n|turn|8\n|\n|t:|1617238776\n|move|p2a: Corviknight|U-turn|p1a: Pelipper\n|-resisted|p1a: Pelipper\n|-damage|p1a: Pelipper|95\/100\n|\n|t:|1617238781\n|switch|p2a: Kyurem|Kyurem|100\/100|[from]move: U-turn\n|-ability|p2a: Kyurem|Pressure\n|move|p1a: Pelipper|Weather Ball|p2a: Kyurem\n|-resisted|p2a: Kyurem\n|-damage|p2a: Kyurem|76\/100\n|\n|-weather|none\n|-heal|p2a: Kyurem|82\/100|[from] Grassy Terrain\n|upkeep\n|turn|9\n|\n|t:|1617238799\n|move|p2a: Kyurem|Freeze-Dry|p1a: Pelipper\n|-supereffective|p1a: Pelipper\n|-damage|p1a: Pelipper|0 fnt\n|faint|p1a: Pelipper\n|\n|-heal|p2a: Kyurem|88\/100|[from] Grassy Terrain\n|upkeep\n|\n|t:|1617238803\n|switch|p1a: Nidoking|Nidoking, M|100\/100\n|turn|10\n|\n|t:|1617238805\n|move|p2a: Kyurem|Freeze-Dry|p1a: Nidoking\n|-supereffective|p1a: Nidoking\n|-damage|p1a: Nidoking|0 fnt\n|faint|p1a: Nidoking\n|\n|-heal|p2a: Kyurem|94\/100|[from] Grassy Terrain\n|upkeep\n|c|\u2606memedealerr|gg\n|inactive|Battle timer is ON: inactive players will automatically lose when time's up. (requested by memedealerr)\n|\n|t:|1617238817\n|switch|p1a: Rillaboom|Rillaboom, F|100\/100\n|turn|11\n|\n|t:|1617238820\n|move|p2a: Kyurem|Freeze-Dry|p1a: Rillaboom\n|-supereffective|p1a: Rillaboom\n|-damage|p1a: Rillaboom|0 fnt\n|faint|p1a: Rillaboom\n|\n|win|memedealerr\n|raw|mongwong's rating: 1479 &rarr; <strong>1456<\/strong><br \/>(-23 for losing)\n|raw|memedealerr's rating: 1427 &rarr; <strong>1450<\/strong><br \/>(+23 for winning)\n|l|\u2606mongwong\n","uploadtime":1617238825,"views":33,"p1id":"mongwong","p2id":"memedealerr","formatid":"gen8ou","rating":1450,"private":0,"password":null}