{"id":"gen8ru-1305244875","p1":"Chickpiee","p2":"Feliburn","format":"gen8ru","log":"|j|\u2606Chickpiee\n|j|\u2606Feliburn\n|t:|1616241107\n|player|p1|Chickpiee|caitlin|\n|player|p2|Feliburn|#feliburn|\n|teamsize|p1|6\n|teamsize|p2|6\n|gametype|singles\n|gen|8\n|tier|[Gen 8] RU\n|rated|Tournament battle\n|clearpoke\n|poke|p1|Snorlax, M|\n|poke|p1|Porygon-Z|\n|poke|p1|Gurdurr, M|\n|poke|p1|Doublade, F|\n|poke|p1|Sandaconda, M|\n|poke|p1|Togekiss, M|\n|poke|p2|Gardevoir, F|\n|poke|p2|Magnezone|\n|poke|p2|Rhyperior, M|\n|poke|p2|Noivern, M|\n|poke|p2|Golisopod, M|\n|poke|p2|Zarude|\n|rule|Sleep Clause Mod: Limit one foe put to sleep\n|rule|Species Clause: Limit one of each Pok\u00e9mon\n|rule|OHKO Clause: OHKO moves are banned\n|rule|Evasion Moves Clause: Evasion moves are banned\n|rule|Endless Battle Clause: Forcing endless battles is banned\n|rule|HP Percentage Mod: HP is shown in percentages\n|rule|Dynamax Clause: You cannot dynamax\n|teampreview\n|j|*Lady Monita\n|c|\u2606Feliburn|hf\n|j| Bankodrong\n|j| MagicalXerneas\n|inactive|Battle timer is ON: inactive players will automatically lose when time's up. (requested by Chickpiee)\n|c|\u2606Chickpiee|u 2\n|c| Bankodrong|VAMOS TAREK\n|inactive|Chickpiee has 120 seconds left.\n|\n|t:|1616241158\n|start\n|switch|p1a: Tarek|Snorlax, M|100\/100\n|switch|p2a: Golisopod|Golisopod, M|100\/100\n|turn|1\n|j| TheGreenRoman\n|j| stareal\n|inactive|Feliburn has 120 seconds left.\n|j| Lucky6294\n|\n|t:|1616241202\n|switch|p2a: Magnezone|Magnezone|100\/100\n|move|p1a: Tarek|Body Slam|p2a: Magnezone\n|-resisted|p2a: Magnezone\n|-damage|p2a: Magnezone|88\/100\n|\n|-heal|p2a: Magnezone|94\/100|[from] item: Leftovers\n|upkeep\n|turn|2\n|l| stareal\n|\n|t:|1616241215\n|switch|p1a: Skadoodle|Sandaconda, M, shiny|100\/100\n|move|p2a: Magnezone|Iron Defense|p2a: Magnezone\n|-boost|p2a: Magnezone|def|2\n|\n|-heal|p2a: Magnezone|100\/100|[from] item: Leftovers\n|upkeep\n|turn|3\n|\n|t:|1616241222\n|switch|p2a: Zarude|Zarude|100\/100\n|move|p1a: Skadoodle|Earthquake|p2a: Zarude\n|-resisted|p2a: Zarude\n|-damage|p2a: Zarude|85\/100\n|\n|upkeep\n|turn|4\n|\n|t:|1616241233\n|move|p2a: Zarude|Power Whip|p1a: Skadoodle\n|-supereffective|p1a: Skadoodle\n|-damage|p1a: Skadoodle|33\/100\n|move|p1a: Skadoodle|Body Press|p2a: Zarude\n|-supereffective|p2a: Zarude\n|-damage|p2a: Zarude|26\/100\n|\n|-heal|p1a: Skadoodle|39\/100|[from] item: Leftovers\n|upkeep\n|turn|5\n|\n|t:|1616241248\n|switch|p1a: Nothing|Togekiss, M|100\/100\n|move|p2a: Zarude|Jungle Healing|p2a: Zarude\n|-heal|p2a: Zarude|51\/100\n|\n|upkeep\n|turn|6\n|\n|t:|1616241262\n|move|p1a: Nothing|Trick|p2a: Zarude\n|-activate|p1a: Nothing|move: Trick|[of] p2a: Zarude\n|-item|p2a: Zarude|Choice Scarf|[from] move: Trick\n|-item|p1a: Nothing|Heavy-Duty Boots|[from] move: Trick\n|move|p2a: Zarude|U-turn|p1a: Nothing\n|-resisted|p1a: Nothing\n|-damage|p1a: Nothing|94\/100\n|l| Lucky6294\n|l| TheGreenRoman\n|\n|t:|1616241270\n|switch|p2a: Rhyperior|Rhyperior, M|100\/100|[from]move: U-turn\n|\n|upkeep\n|turn|7\n|\n|t:|1616241276\n|move|p1a: Nothing|Air Slash|p2a: Rhyperior\n|-resisted|p2a: Rhyperior\n|-damage|p2a: Rhyperior|84\/100\n|cant|p2a: Rhyperior|flinch\n|\n|-heal|p2a: Rhyperior|90\/100|[from] item: Leftovers\n|upkeep\n|turn|8\n|\n|t:|1616241280\n|switch|p1a: Rush|Gurdurr, M|100\/100\n|move|p2a: Rhyperior|Stone Edge|p1a: Rush\n|-resisted|p1a: Rush\n|-damage|p1a: Rush|85\/100\n|\n|-heal|p2a: Rhyperior|96\/100|[from] item: Leftovers\n|upkeep\n|turn|9\n|\n|t:|1616241291\n|move|p2a: Rhyperior|Stealth Rock|p1a: Rush\n|-sidestart|p1: Chickpiee|move: Stealth Rock\n|move|p1a: Rush|Knock Off|p2a: Rhyperior\n|-damage|p2a: Rhyperior|74\/100\n|-enditem|p2a: Rhyperior|Leftovers|[from] move: Knock Off|[of] p1a: Rush\n|\n|upkeep\n|turn|10\n|\n|t:|1616241296\n|switch|p2a: Noivern|Noivern, M|100\/100\n|move|p1a: Rush|Defog|p2a: Noivern\n|-unboost|p2a: Noivern|evasion|1\n|-sideend|p1: Chickpiee|Stealth Rock|[from] move: Defog|[of] p1a: Rush\n|\n|upkeep\n|turn|11\n|\n|t:|1616241301\n|switch|p1a: Tarek|Snorlax, M|100\/100\n|move|p2a: Noivern|Toxic|p1a: Tarek\n|-status|p1a: Tarek|tox\n|\n|-damage|p1a: Tarek|94\/100 tox|[from] psn\n|upkeep\n|turn|12\n|\n|t:|1616241312\n|switch|p2a: Rhyperior|Rhyperior, M|74\/100\n|move|p1a: Tarek|Ice Punch|p2a: Rhyperior\n|-supereffective|p2a: Rhyperior\n|-damage|p2a: Rhyperior|55\/100\n|\n|-damage|p1a: Tarek|82\/100 tox|[from] psn\n|upkeep\n|turn|13\n|inactive|Chickpiee has 120 seconds left.\n|l| MagicalXerneas\n|inactive|Chickpiee has 90 seconds left.\n|\n|t:|1616241387\n|switch|p1a: Rush|Gurdurr, M|85\/100\n|move|p2a: Rhyperior|Earthquake|p1a: Rush\n|-damage|p1a: Rush|55\/100\n|\n|upkeep\n|turn|14\n|j| MagicalXerneas\n|j| King Yugon\n|inactive|Feliburn has 120 seconds left.\n|l| King Yugon\n|j| strafeolympus\n|l| strafeolympus\n|inactive|Feliburn has 90 seconds left.\n|\n|t:|1616241448\n|switch|p2a: Golisopod|Golisopod, M|100\/100\n|switch|p1a: Shroud|Porygon-Z|100\/100\n|\n|upkeep\n|turn|15\n|inactive|Chickpiee has 90 seconds left.\n|\n|t:|1616241454\n|move|p2a: Golisopod|First Impression|p1a: Shroud\n|-damage|p1a: Shroud|20\/100\n|move|p1a: Shroud|Tri Attack|p2a: Golisopod\n|-damage|p2a: Golisopod|12\/100\n|-activate|p2a: Golisopod|ability: Emergency Exit\n|\n|t:|1616241462\n|switch|p2a: Gardevoir|Gardevoir, F|100\/100\n|-ability|p2a: Gardevoir|Adaptability|[from] ability: Trace|[of] p1a: Shroud\n|\n|upkeep\n|turn|16\n|inactive|Chickpiee has 90 seconds left.\n|\n|t:|1616241492\n|move|p2a: Gardevoir|Moonblast|p1a: Shroud\n|-damage|p1a: Shroud|0 fnt\n|faint|p1a: Shroud\n|\n|upkeep\n|\n|t:|1616241497\n|switch|p1a: Stewie 2k|Doublade, F|100\/100\n|turn|17\n|\n|t:|1616241502\n|switch|p2a: Magnezone|Magnezone|100\/100\n|move|p1a: Stewie 2k|Swords Dance|p1a: Stewie 2k\n|-boost|p1a: Stewie 2k|atk|2\n|\n|upkeep\n|turn|18\n|\n|t:|1616241507\n|move|p2a: Magnezone|Iron Defense|p2a: Magnezone\n|-boost|p2a: Magnezone|def|2\n|move|p1a: Stewie 2k|Sacred Sword|p2a: Magnezone\n|-supereffective|p2a: Magnezone\n|-damage|p2a: Magnezone|17\/100\n|\n|-heal|p2a: Magnezone|23\/100|[from] item: Leftovers\n|upkeep\n|turn|19\n|\n|t:|1616241512\n|move|p2a: Magnezone|Thunderbolt|p1a: Stewie 2k\n|-damage|p1a: Stewie 2k|58\/100\n|move|p1a: Stewie 2k|Sacred Sword|p2a: Magnezone\n|-supereffective|p2a: Magnezone\n|-damage|p2a: Magnezone|0 fnt\n|faint|p2a: Magnezone\n|\n|upkeep\n|\n|t:|1616241517\n|switch|p2a: Noivern|Noivern, M|100\/100\n|turn|20\n|\n|t:|1616241521\n|switch|p1a: Tarek|Snorlax, M|82\/100 tox\n|move|p2a: Noivern|Flamethrower|p1a: Tarek\n|-damage|p1a: Tarek|76\/100 tox\n|\n|-damage|p1a: Tarek|70\/100 tox|[from] psn\n|upkeep\n|turn|21\n|\n|t:|1616241530\n|switch|p2a: Rhyperior|Rhyperior, M|55\/100\n|move|p1a: Tarek|Body Slam|p2a: Rhyperior\n|-resisted|p2a: Rhyperior\n|-damage|p2a: Rhyperior|46\/100\n|-status|p2a: Rhyperior|par\n|\n|-damage|p1a: Tarek|58\/100 tox|[from] psn\n|upkeep\n|turn|22\n|\n|t:|1616241542\n|switch|p1a: Rush|Gurdurr, M|55\/100\n|cant|p2a: Rhyperior|par\n|\n|upkeep\n|turn|23\n|\n|t:|1616241554\n|switch|p2a: Noivern|Noivern, M|100\/100\n|move|p1a: Rush|Knock Off|p2a: Noivern\n|-damage|p2a: Noivern|62\/100\n|-enditem|p2a: Noivern|Heavy-Duty Boots|[from] move: Knock Off|[of] p1a: Rush\n|\n|upkeep\n|turn|24\n|\n|t:|1616241560\n|switch|p1a: Skadoodle|Sandaconda, M, shiny|39\/100\n|move|p2a: Noivern|Draco Meteor|p1a: Skadoodle|[miss]\n|-miss|p2a: Noivern|p1a: Skadoodle\n|\n|-heal|p1a: Skadoodle|45\/100|[from] item: Leftovers\n|upkeep\n|turn|25\n|c|\u2606Chickpiee|sorry\n|\n|t:|1616241568\n|move|p2a: Noivern|Draco Meteor|p1a: Skadoodle\n|-damage|p1a: Skadoodle|0 fnt\n|-unboost|p2a: Noivern|spa|2\n|faint|p1a: Skadoodle\n|\n|upkeep\n|\n|t:|1616241570\n|switch|p1a: Tarek|Snorlax, M|58\/100 tox\n|turn|26\n|\n|t:|1616241574\n|move|p2a: Noivern|Roost|p2a: Noivern\n|-heal|p2a: Noivern|100\/100\n|-singleturn|p2a: Noivern|move: Roost\n|move|p1a: Tarek|Rest|p1a: Tarek\n|-status|p1a: Tarek|slp|[from] move: Rest\n|-heal|p1a: Tarek|100\/100 slp|[silent]\n|-enditem|p1a: Tarek|Chesto Berry|[eat]\n|-curestatus|p1a: Tarek|slp|[msg]\n|\n|upkeep\n|turn|27\n|\n|t:|1616241583\n|switch|p2a: Golisopod|Golisopod, M|12\/100\n|move|p1a: Tarek|Curse|p1a: Tarek\n|-unboost|p1a: Tarek|spe|1\n|-boost|p1a: Tarek|atk|1\n|-boost|p1a: Tarek|def|1\n|\n|upkeep\n|turn|28\n|c| Bankodrong|VAMOS TAAAAREEEEEEEEEEK\n|\n|t:|1616241600\n|move|p2a: Golisopod|Spikes|p1a: Tarek\n|-sidestart|p1: Chickpiee|Spikes\n|move|p1a: Tarek|Body Slam|p2a: Golisopod\n|-damage|p2a: Golisopod|0 fnt\n|faint|p2a: Golisopod\n|\n|upkeep\n|\n|t:|1616241604\n|switch|p2a: Gardevoir|Gardevoir, F|100\/100\n|-ability|p2a: Gardevoir|Thick Fat|[from] ability: Trace|[of] p1a: Tarek\n|turn|29\n|\n|t:|1616241610\n|switch|p1a: Nothing|Togekiss, M|94\/100\n|move|p2a: Gardevoir|Trick|p1a: Nothing\n|-activate|p2a: Gardevoir|move: Trick|[of] p1a: Nothing\n|-item|p1a: Nothing|Choice Scarf|[from] move: Trick\n|-item|p2a: Gardevoir|Heavy-Duty Boots|[from] move: Trick\n|\n|upkeep\n|turn|30\n|\n|t:|1616241621\n|move|p1a: Nothing|Air Slash|p2a: Gardevoir\n|-damage|p2a: Gardevoir|57\/100\n|cant|p2a: Gardevoir|flinch\n|\n|upkeep\n|turn|31\n|\n|t:|1616241626\n|move|p1a: Nothing|Air Slash|p2a: Gardevoir\n|-damage|p2a: Gardevoir|17\/100\n|cant|p2a: Gardevoir|flinch\n|\n|upkeep\n|turn|32\n|\n|t:|1616241629\n|move|p1a: Nothing|Air Slash|p2a: Gardevoir\n|-damage|p2a: Gardevoir|0 fnt\n|faint|p2a: Gardevoir\n|\n|upkeep\n|c|\u2606Feliburn|skillfull mon\n|j| Luxray553\n|c|\u2606Feliburn|v fun\n|\n|t:|1616241637\n|switch|p2a: Rhyperior|Rhyperior, M|46\/100 par\n|turn|33\n|c|\u2606Chickpiee|do you wanna add\n|c|\u2606Chickpiee|Skillfull plays\n|c|\u2606Feliburn|sure\n|j| stareal\n|c|\u2606Chickpiee|thanks\n|\n|t:|1616241666\n|switch|p1a: Rush|Gurdurr, M|55\/100\n|-damage|p1a: Rush|43\/100|[from] Spikes\n|move|p2a: Rhyperior|Earthquake|p1a: Rush\n|-damage|p1a: Rush|13\/100\n|\n|upkeep\n|turn|34\n|\n|t:|1616241676\n|switch|p2a: Noivern|Noivern, M|100\/100\n|move|p1a: Rush|Defog|p2a: Noivern\n|-unboost|p2a: Noivern|evasion|1\n|-sideend|p1: Chickpiee|Spikes|[from] move: Defog|[of] p1a: Rush\n|\n|upkeep\n|turn|35\n|\n|t:|1616241685\n|move|p1a: Rush|Mach Punch|p2a: Noivern\n|-resisted|p2a: Noivern\n|-damage|p2a: Noivern|87\/100\n|move|p2a: Noivern|Toxic|p1a: Rush\n|-status|p1a: Rush|tox\n|\n|-damage|p1a: Rush|6\/100 tox|[from] psn\n|upkeep\n|turn|36\n|\n|t:|1616241689\n|move|p1a: Rush|Mach Punch|p2a: Noivern\n|-resisted|p2a: Noivern\n|-damage|p2a: Noivern|66\/100\n|move|p2a: Noivern|Flamethrower|p1a: Rush\n|-damage|p1a: Rush|0 fnt\n|faint|p1a: Rush\n|\n|upkeep\n|\n|t:|1616241692\n|switch|p1a: Nothing|Togekiss, M|94\/100\n|turn|37\n|\n|t:|1616241694\n|move|p1a: Nothing|Air Slash|p2a: Noivern\n|-damage|p2a: Noivern|16\/100\n|cant|p2a: Noivern|flinch\n|\n|upkeep\n|turn|38\n|\n|t:|1616241697\n|move|p1a: Nothing|Air Slash|p2a: Noivern\n|-damage|p2a: Noivern|0 fnt\n|faint|p2a: Noivern\n|\n|upkeep\n|\n|t:|1616241699\n|switch|p2a: Rhyperior|Rhyperior, M|46\/100 par\n|turn|39\n|\n|t:|1616241702\n|switch|p1a: Stewie 2k|Doublade, F|58\/100\n|move|p2a: Rhyperior|Earthquake|p1a: Stewie 2k\n|-supereffective|p1a: Stewie 2k\n|-damage|p1a: Stewie 2k|16\/100\n|\n|upkeep\n|turn|40\n|j| Maunjacke\n|\n|t:|1616241706\n|move|p1a: Stewie 2k|Sacred Sword|p2a: Rhyperior\n|-supereffective|p2a: Rhyperior\n|-damage|p2a: Rhyperior|21\/100 par\n|move|p2a: Rhyperior|Earthquake|p1a: Stewie 2k\n|-supereffective|p1a: Stewie 2k\n|-damage|p1a: Stewie 2k|0 fnt\n|faint|p1a: Stewie 2k\n|\n|upkeep\n|\n|t:|1616241711\n|switch|p1a: Tarek|Snorlax, M|100\/100\n|turn|41\n|\n|t:|1616241714\n|move|p1a: Tarek|Ice Punch|p2a: Rhyperior\n|-supereffective|p2a: Rhyperior\n|-damage|p2a: Rhyperior|3\/100 par\n|cant|p2a: Rhyperior|par\n|\n|upkeep\n|turn|42\n|c|\u2606Feliburn|gg\n|l| stareal\n|-message|Feliburn forfeited.\n|\n|win|Chickpiee\n|n|\u2606Chickpiee|chickpiee\n|n|\u2606Feliburn|feliburn\n|n|*Lady Monita|ladymonita\n|n| Bankodrong|bankodrong\n|n| MagicalXerneas|magicalxerneas\n|n| Luxray553|luxray553\n|n| Maunjacke|maunjacke\n|l|*Lady Monita\n|l|\u2606Feliburn\n|c|\u2606Chickpiee|gg\n","uploadtime":1616241727,"views":192,"p1id":"chickpiee","p2id":"feliburn","formatid":"gen8ru","rating":0,"private":0,"password":null}