{"id":"gen8nationaldexag-1588488268","p1":"SOS Kilthane","p2":"Rediyu","format":"gen8nationaldexag","log":"|j|\u2606SOS Kilthane\n|j|\u2606Rediyu\n|t:|1654269383\n|gametype|singles\n|player|p1|SOS Kilthane|aaron|\n|player|p2|Rediyu|guitarist|\n|teamsize|p1|6\n|teamsize|p2|6\n|gen|8\n|tier|[Gen 8] National Dex AG\n|rule|HP Percentage Mod: HP is shown in percentages\n|rule|Endless Battle Clause: Forcing endless battles is banned\n|clearpoke\n|poke|p1|Taillow, L5, M|\n|poke|p1|Abra, L5, M|\n|poke|p1|Snivy, L5, F|\n|poke|p1|Froakie, L5, M|\n|poke|p1|Clauncher, L5, M|\n|poke|p1|Blitzle, L5, F|\n|poke|p2|Drifloon, L5, F|\n|poke|p2|Koffing, L5, M|\n|poke|p2|Solosis, L5, F|\n|poke|p2|Chinchou, L5, F|\n|poke|p2|Aron, L5, M|\n|poke|p2|Sandile, L5, M|\n|teampreview\n|c|\u2606SOS Kilthane|gl hf\n|c|\u2606Rediyu|u2\n|\n|t:|1654269449\n|start\n|switch|p1a: Birdramon|Taillow, L5, M, shiny|100\/100\n|switch|p2a: Zero Jr.|Sandile, L5, M|100\/100\n|turn|1\n|\n|t:|1654269470\n|move|p2a: Zero Jr.|Beat Up|p1a: Birdramon\n|-damage|p1a: Birdramon|86\/100\n|-damage|p1a: Birdramon|72\/100\n|-damage|p1a: Birdramon|58\/100\n|-damage|p1a: Birdramon|43\/100\n|-damage|p1a: Birdramon|29\/100\n|-damage|p1a: Birdramon|15\/100\n|-hitcount|p1a: Birdramon|6\n|move|p1a: Birdramon|Boomburst|p2a: Zero Jr.\n|-damage|p2a: Zero Jr.|0 fnt\n|faint|p2a: Zero Jr.\n|\n|upkeep\n|\n|t:|1654269479\n|switch|p2a: Uber Killer|Aron, L5, M|100\/100\n|turn|2\n|\n|t:|1654269494\n|move|p1a: Birdramon|Boomburst|p2a: Uber Killer\n|-resisted|p2a: Uber Killer\n|-damage|p2a: Uber Killer|72\/100\n|move|p2a: Uber Killer|Stealth Rock|p1a: Birdramon\n|-sidestart|p1: SOS Kilthane|move: Stealth Rock\n|\n|upkeep\n|turn|3\n|\n|t:|1654269514\n|move|p1a: Birdramon|Boomburst|p2a: Uber Killer\n|-resisted|p2a: Uber Killer\n|-damage|p2a: Uber Killer|39\/100\n|-enditem|p2a: Uber Killer|Berry Juice\n|-heal|p2a: Uber Killer|100\/100|[from] item: Berry Juice\n|move|p2a: Uber Killer|Iron Head|p1a: Birdramon\n|-damage|p1a: Birdramon|0 fnt\n|faint|p1a: Birdramon\n|\n|upkeep\n|\n|t:|1654269542\n|switch|p1a: Kiwi|Snivy, L5, F|100\/100\n|-damage|p1a: Kiwi|91\/100|[from] Stealth Rock\n|turn|4\n|\n|t:|1654269551\n|move|p1a: Kiwi|Leaf Storm|p2a: Uber Killer\n|-damage|p2a: Uber Killer|10\/100\n|-boost|p1a: Kiwi|spa|2\n|move|p2a: Uber Killer|Iron Head|p1a: Kiwi\n|-damage|p1a: Kiwi|43\/100\n|\n|upkeep\n|turn|5\n|\n|t:|1654269558\n|switch|p2a: Smogon|Koffing, L5, M|100\/100\n|move|p1a: Kiwi|Leaf Storm|p2a: Smogon\n|-resisted|p2a: Smogon\n|-crit|p2a: Smogon\n|-damage|p2a: Smogon|0 fnt\n|-boost|p1a: Kiwi|spa|2\n|faint|p2a: Smogon\n|\n|upkeep\n|\n|t:|1654269569\n|switch|p2a: Creepypasta#1|Drifloon, L5, F|100\/100\n|turn|6\n|\n|t:|1654269573\n|move|p1a: Kiwi|Hidden Power|p2a: Creepypasta#1\n|-supereffective|p2a: Creepypasta#1\n|-damage|p2a: Creepypasta#1|0 fnt\n|faint|p2a: Creepypasta#1\n|\n|upkeep\n|\n|t:|1654269577\n|switch|p2a: Creepypasta#2|Chinchou, L5, F|100\/100\n|turn|7\n|\n|t:|1654269580\n|move|p1a: Kiwi|Giga Drain|p2a: Creepypasta#2\n|-supereffective|p2a: Creepypasta#2\n|-damage|p2a: Creepypasta#2|0 fnt\n|-heal|p1a: Kiwi|100\/100|[from] drain|[of] p2a: Creepypasta#2\n|faint|p2a: Creepypasta#2\n|\n|upkeep\n|\n|t:|1654269583\n|switch|p2a: Asexuell|Solosis, L5, F|100\/100\n|turn|8\n|\n|t:|1654269589\n|move|p1a: Kiwi|Leaf Storm|p2a: Asexuell|[miss]\n|-miss|p1a: Kiwi|p2a: Asexuell\n|move|p2a: Asexuell|Psychic|p1a: Kiwi\n|-damage|p1a: Kiwi|43\/100\n|\n|upkeep\n|turn|9\n|\n|t:|1654269592\n|move|p1a: Kiwi|Giga Drain|p2a: Asexuell\n|-damage|p2a: Asexuell|10\/100\n|-heal|p1a: Kiwi|91\/100|[from] drain|[of] p2a: Asexuell\n|move|p2a: Asexuell|Psychic|p1a: Kiwi\n|-damage|p1a: Kiwi|29\/100\n|\n|upkeep\n|turn|10\n|\n|t:|1654269595\n|move|p1a: Kiwi|Giga Drain|p2a: Asexuell\n|-damage|p2a: Asexuell|0 fnt\n|-heal|p1a: Kiwi|34\/100|[from] drain|[of] p2a: Asexuell\n|faint|p2a: Asexuell\n|\n|upkeep\n|\n|t:|1654269596\n|switch|p2a: Uber Killer|Aron, L5, M|10\/100\n|turn|11\n|\n|t:|1654269597\n|move|p1a: Kiwi|Giga Drain|p2a: Uber Killer\n|-damage|p2a: Uber Killer|0 fnt\n|-heal|p1a: Kiwi|39\/100|[from] drain|[of] p2a: Uber Killer\n|faint|p2a: Uber Killer\n|\n|win|SOS Kilthane\n|c|\u2606SOS Kilthane|gg\n|c|\u2606Rediyu|gg\n","uploadtime":1654269606,"views":28,"p1id":"soskilthane","p2id":"rediyu","formatid":"gen8nationaldexag","rating":0,"private":0,"password":null}