{"id":"gen8ou-1148454644","p1":"AD Gekkouga","p2":"GORAN EL DRACO","format":"gen8ou","log":"|j|\u2606AD Gekkouga\n|j|\u2606GORAN EL DRACO\n|player|p1|AD Gekkouga|steven|1856\n|player|p2|GORAN EL DRACO|candice|1780\n|teamsize|p1|6\n|teamsize|p2|6\n|gametype|singles\n|gen|8\n|tier|[Gen 8] OU\n|rated|\n|clearpoke\n|poke|p1|Rillaboom, F|\n|poke|p1|Hawlucha, M|\n|poke|p1|Kommo-o, F|\n|poke|p1|Gengar, M|\n|poke|p1|Cinderace, F|\n|poke|p1|Magearna|\n|poke|p2|Golurk|\n|poke|p2|Kingdra, M|\n|poke|p2|Crawdaunt, M|\n|poke|p2|Pelipper, F|\n|poke|p2|Ferrothorn, F|\n|poke|p2|Magearna|\n|rule|Sleep Clause Mod: Limit one foe put to sleep\n|rule|Species Clause: Limit one of each Pok\u00e9mon\n|rule|OHKO Clause: OHKO moves are banned\n|rule|Evasion Moves Clause: Evasion moves are banned\n|rule|Endless Battle Clause: Forcing endless battles is banned\n|rule|HP Percentage Mod: HP is shown in percentages\n|rule|Dynamax Clause: You cannot dynamax\n|teampreview\n|inactive|Battle timer is ON: inactive players will automatically lose when time's up. (requested by GORAN EL DRACO)\n|inactive|AD Gekkouga has 120 seconds left.\n|\n|start\n|switch|p1a: Cinderace|Cinderace, F|100\/100\n|switch|p2a: Magearna|Magearna|100\/100\n|turn|1\n|\n|move|p1a: Cinderace|Pyro Ball|p2a: Magearna\n|-supereffective|p2a: Magearna\n|-damage|p2a: Magearna|0 fnt\n|faint|p2a: Magearna\n|\n|upkeep\n|\n|switch|p2a: Pelipper|Pelipper, F|100\/100\n|-weather|RainDance|[from] ability: Drizzle|[of] p2a: Pelipper\n|turn|2\n|\n|move|p1a: Cinderace|U-turn|p2a: Pelipper\n|-start|p1a: Cinderace|typechange|Bug|[from] ability: Libero\n|-resisted|p2a: Pelipper\n|-damage|p2a: Pelipper|88\/100\n|\n|switch|p1a: Magearna|Magearna|100\/100|[from]move: U-turn\n|move|p2a: Pelipper|U-turn|p1a: Magearna\n|-resisted|p1a: Magearna\n|-damage|p1a: Magearna|99\/100\n|\n|switch|p2a: Crawdaunt|Crawdaunt, M|100\/100|[from]move: U-turn\n|\n|-weather|RainDance|[upkeep]\n|upkeep\n|turn|3\n|\n|switch|p1a: Kommo-o|Kommo-o, F|100\/100\n|move|p2a: Crawdaunt|Liquidation|p1a: Kommo-o\n|-resisted|p1a: Kommo-o\n|-damage|p1a: Kommo-o|65\/100\n|-unboost|p1a: Kommo-o|def|1\n|-damage|p2a: Crawdaunt|91\/100|[from] item: Life Orb\n|\n|-weather|RainDance|[upkeep]\n|-heal|p1a: Kommo-o|71\/100|[from] item: Leftovers\n|upkeep\n|turn|4\n|\n|switch|p2a: Golurk|Golurk|100\/100\n|move|p1a: Kommo-o|Body Press|p2a: Golurk\n|-immune|p2a: Golurk\n|\n|-weather|RainDance|[upkeep]\n|-heal|p1a: Kommo-o|78\/100|[from] item: Leftovers\n|upkeep\n|turn|5\n|\n|move|p2a: Golurk|Poltergeist|p1a: Kommo-o\n|-activate|p1a: Kommo-o|move: Poltergeist|Leftovers\n|-damage|p1a: Kommo-o|1\/100\n|move|p1a: Kommo-o|Stealth Rock|p2a: Golurk\n|-sidestart|p2: GORAN EL DRACO|move: Stealth Rock\n|\n|-weather|RainDance|[upkeep]\n|-heal|p1a: Kommo-o|8\/100|[from] item: Leftovers\n|upkeep\n|turn|6\n|\n|move|p2a: Golurk|Poltergeist|p1a: Kommo-o\n|-activate|p1a: Kommo-o|move: Poltergeist|Leftovers\n|-damage|p1a: Kommo-o|0 fnt\n|faint|p1a: Kommo-o\n|\n|-weather|RainDance|[upkeep]\n|upkeep\n|j| marshallwu\n|inactive|AD Gekkouga has 120 seconds left.\n|\n|switch|p1a: Gengar|Gengar, M|100\/100\n|turn|7\n|inactive|AD Gekkouga has 120 seconds left.\n|j| I like ghosts\n|\n|switch|p2a: Ferrothorn|Ferrothorn, F|100\/100\n|-damage|p2a: Ferrothorn|94\/100|[from] Stealth Rock\n|move|p1a: Gengar|Shadow Ball|p2a: Ferrothorn\n|-damage|p2a: Ferrothorn|67\/100\n|\n|-weather|RainDance|[upkeep]\n|-heal|p2a: Ferrothorn|73\/100|[from] item: Leftovers\n|upkeep\n|turn|8\n|\n|move|p1a: Gengar|Nasty Plot|p1a: Gengar\n|-boost|p1a: Gengar|spa|2\n|move|p2a: Ferrothorn|Knock Off|p1a: Gengar\n|-supereffective|p1a: Gengar\n|-damage|p1a: Gengar|22\/100\n|-start|p2a: Ferrothorn|Disable|Knock Off|[from] ability: Cursed Body|[of] p1a: Gengar\n|-enditem|p1a: Gengar|Black Sludge|[from] move: Knock Off|[of] p2a: Ferrothorn\n|\n|-weather|RainDance|[upkeep]\n|-heal|p2a: Ferrothorn|79\/100|[from] item: Leftovers\n|upkeep\n|turn|9\n|\n|move|p1a: Gengar|Shadow Ball|p2a: Ferrothorn\n|-damage|p2a: Ferrothorn|26\/100\n|move|p2a: Ferrothorn|Stealth Rock|p1a: Gengar\n|-sidestart|p1: AD Gekkouga|move: Stealth Rock\n|\n|-weather|none\n|-heal|p2a: Ferrothorn|33\/100|[from] item: Leftovers\n|upkeep\n|turn|10\n|\n|switch|p2a: Pelipper|Pelipper, F|88\/100\n|-damage|p2a: Pelipper|63\/100|[from] Stealth Rock\n|-weather|RainDance|[from] ability: Drizzle|[of] p2a: Pelipper\n|move|p1a: Gengar|Shadow Ball|p2a: Pelipper\n|-damage|p2a: Pelipper|0 fnt\n|faint|p2a: Pelipper\n|\n|-weather|RainDance|[upkeep]\n|upkeep\n|\n|switch|p2a: Kingdra|Kingdra, M|100\/100\n|-damage|p2a: Kingdra|88\/100|[from] Stealth Rock\n|turn|11\n|\n|move|p2a: Kingdra|Surf|p1a: Gengar\n|-damage|p1a: Gengar|0 fnt\n|-start|p2a: Kingdra|Disable|Surf|[from] ability: Cursed Body|[of] p1a: Gengar\n|faint|p1a: Gengar\n|\n|-weather|RainDance|[upkeep]\n|upkeep\n|\n|switch|p1a: Magearna|Magearna|99\/100\n|-damage|p1a: Magearna|93\/100|[from] Stealth Rock\n|turn|12\n|\n|switch|p2a: Golurk|Golurk|100\/100\n|-damage|p2a: Golurk|94\/100|[from] Stealth Rock\n|move|p1a: Magearna|Aura Sphere|p2a: Golurk\n|-immune|p2a: Golurk\n|\n|-weather|RainDance|[upkeep]\n|upkeep\n|turn|13\n|\n|switch|p1a: Rillaboom|Rillaboom, F|100\/100\n|-damage|p1a: Rillaboom|88\/100|[from] Stealth Rock\n|-fieldstart|move: Grassy Terrain|[from] ability: Grassy Surge|[of] p1a: Rillaboom\n|move|p2a: Golurk|Dynamic Punch|p1a: Rillaboom\n|-damage|p1a: Rillaboom|37\/100\n|-start|p1a: Rillaboom|confusion\n|\n|-weather|RainDance|[upkeep]\n|-heal|p2a: Golurk|100\/100|[from] Grassy Terrain\n|-heal|p1a: Rillaboom|43\/100|[from] Grassy Terrain\n|upkeep\n|turn|14\n|\n|switch|p2a: Ferrothorn|Ferrothorn, F|33\/100\n|-damage|p2a: Ferrothorn|26\/100|[from] Stealth Rock\n|-activate|p1a: Rillaboom|confusion\n|move|p1a: Rillaboom|Grassy Glide|p2a: Ferrothorn\n|-resisted|p2a: Ferrothorn\n|-damage|p2a: Ferrothorn|14\/100\n|-damage|p1a: Rillaboom|30\/100|[from] ability: Iron Barbs|[of] p2a: Ferrothorn\n|-damage|p1a: Rillaboom|21\/100|[from] item: Life Orb\n|\n|-weather|RainDance|[upkeep]\n|-heal|p1a: Rillaboom|27\/100|[from] Grassy Terrain\n|-heal|p2a: Ferrothorn|21\/100|[from] item: Leftovers\n|-heal|p2a: Ferrothorn|27\/100|[from] Grassy Terrain\n|upkeep\n|turn|15\n|\n|-activate|p1a: Rillaboom|confusion\n|-damage|p1a: Rillaboom|8\/100|[from] confusion\n|move|p2a: Ferrothorn|Steel Roller|p1a: Rillaboom\n|-damage|p1a: Rillaboom|0 fnt\n|-fieldend|move: Grassy Terrain\n|faint|p1a: Rillaboom\n|\n|-weather|RainDance|[upkeep]\n|-heal|p2a: Ferrothorn|33\/100|[from] item: Leftovers\n|upkeep\n|\n|switch|p1a: Hawlucha|Hawlucha, M|100\/100\n|-damage|p1a: Hawlucha|88\/100|[from] Stealth Rock\n|turn|16\n|\n|move|p1a: Hawlucha|Taunt|p2a: Ferrothorn\n|-start|p2a: Ferrothorn|move: Taunt\n|move|p2a: Ferrothorn|Power Whip|p1a: Hawlucha\n|-resisted|p1a: Hawlucha\n|-damage|p1a: Hawlucha|61\/100\n|\n|-weather|RainDance|[upkeep]\n|-heal|p2a: Ferrothorn|39\/100|[from] item: Leftovers\n|upkeep\n|turn|17\n|\n|move|p1a: Hawlucha|Swords Dance|p1a: Hawlucha\n|-boost|p1a: Hawlucha|atk|2\n|move|p2a: Ferrothorn|Power Whip|p1a: Hawlucha|[miss]\n|-miss|p2a: Ferrothorn|p1a: Hawlucha\n|\n|-weather|none\n|-heal|p2a: Ferrothorn|46\/100|[from] item: Leftovers\n|upkeep\n|turn|18\n|\n|move|p1a: Hawlucha|Acrobatics|p2a: Ferrothorn\n|-damage|p2a: Ferrothorn|12\/100\n|-damage|p1a: Hawlucha|49\/100|[from] ability: Iron Barbs|[of] p2a: Ferrothorn\n|move|p2a: Ferrothorn|Power Whip|p1a: Hawlucha|[miss]\n|-miss|p2a: Ferrothorn|p1a: Hawlucha\n|\n|-heal|p2a: Ferrothorn|19\/100|[from] item: Leftovers\n|-end|p2a: Ferrothorn|move: Taunt\n|upkeep\n|turn|19\n|\n|move|p1a: Hawlucha|Acrobatics|p2a: Ferrothorn\n|-damage|p2a: Ferrothorn|0 fnt\n|-damage|p1a: Hawlucha|36\/100|[from] ability: Iron Barbs|[of] p2a: Ferrothorn\n|faint|p2a: Ferrothorn\n|\n|upkeep\n|\n|switch|p2a: Crawdaunt|Crawdaunt, M|91\/100\n|-damage|p2a: Crawdaunt|78\/100|[from] Stealth Rock\n|turn|20\n|\n|move|p2a: Crawdaunt|Aqua Jet|p1a: Hawlucha\n|-damage|p1a: Hawlucha|0 fnt\n|-damage|p2a: Crawdaunt|69\/100|[from] item: Life Orb\n|faint|p1a: Hawlucha\n|\n|upkeep\n|\n|switch|p1a: Magearna|Magearna|93\/100\n|-damage|p1a: Magearna|87\/100|[from] Stealth Rock\n|turn|21\n|\n|move|p2a: Crawdaunt|Aqua Jet|p1a: Magearna\n|-damage|p1a: Magearna|56\/100\n|-damage|p2a: Crawdaunt|59\/100|[from] item: Life Orb\n|move|p1a: Magearna|Draining Kiss|p2a: Crawdaunt\n|-supereffective|p2a: Crawdaunt\n|-damage|p2a: Crawdaunt|0 fnt\n|-heal|p1a: Magearna|88\/100|[from] drain|[of] p2a: Crawdaunt\n|faint|p2a: Crawdaunt\n|-ability|p1a: Magearna|Soul-Heart|boost\n|-boost|p1a: Magearna|spa|1\n|\n|upkeep\n|\n|switch|p2a: Golurk|Golurk|100\/100\n|-damage|p2a: Golurk|94\/100|[from] Stealth Rock\n|turn|22\n|\n|move|p2a: Golurk|Earthquake|p1a: Magearna\n|-supereffective|p1a: Magearna\n|-damage|p1a: Magearna|0 fnt\n|faint|p1a: Magearna\n|\n|upkeep\n|\n|switch|p1a: Cinderace|Cinderace, F|100\/100\n|turn|23\n|\n|move|p1a: Cinderace|Zen Headbutt|p2a: Golurk\n|-start|p1a: Cinderace|typechange|Psychic|[from] ability: Libero\n|-damage|p2a: Golurk|45\/100\n|move|p2a: Golurk|Earthquake|p1a: Cinderace\n|-damage|p1a: Cinderace|0 fnt\n|faint|p1a: Cinderace\n|\n|win|GORAN EL DRACO\n|raw|AD Gekkouga's rating: 1856 &rarr; <strong>1832<\/strong><br \/>(-24 for losing)\n|raw|GORAN EL DRACO's rating: 1780 &rarr; <strong>1805<\/strong><br \/>(+25 for winning)\n|l|\u2606AD Gekkouga\n|l| I like ghosts\n","uploadtime":1594355741,"views":132,"p1id":"adgekkouga","p2id":"goraneldraco","formatid":"gen8ou","rating":1805,"private":0,"password":null}