{"id":"gen8bdspou-1520731851","p1":"TektTest","p2":"comp233","format":"gen8bdspou","log":"|j|\u203dTektTest\n|j|\u2606comp233\n|t:|1646083837\n|gametype|singles\n|player|p1|TektTest|blue|1439\n|player|p2|comp233|rosa|1589\n|teamsize|p1|6\n|teamsize|p2|6\n|gen|8\n|tier|[Gen 8 BDSP] OU\n|rated|\n|rule|Sleep Clause Mod: Limit one foe put to sleep\n|rule|Species Clause: Limit one of each Pok\u00e9mon\n|rule|OHKO Clause: OHKO moves are banned\n|rule|Evasion Moves Clause: Evasion moves are banned\n|rule|Endless Battle Clause: Forcing endless battles is banned\n|rule|HP Percentage Mod: HP is shown in percentages\n|clearpoke\n|poke|p1|Garchomp, F|\n|poke|p1|Blissey, F|\n|poke|p1|Tyranitar, F|\n|poke|p1|Latios, M|\n|poke|p1|Arcanine, F|\n|poke|p1|Starmie|\n|poke|p2|Staraptor, M|\n|poke|p2|Mamoswine, F|\n|poke|p2|Lucario, M|\n|poke|p2|Scizor, F|\n|poke|p2|Infernape, M|\n|poke|p2|Weavile, M|\n|teampreview\n|inactive|Battle timer is ON: inactive players will automatically lose when time's up. (requested by TektTest)\n|\n|t:|1646083886\n|start\n|switch|p1a: Arcanine|Arcanine, F|100\/100\n|switch|p2a: Mamoswine|Mamoswine, F, shiny|100\/100\n|-ability|p1a: Arcanine|Intimidate|boost\n|-unboost|p2a: Mamoswine|atk|1\n|turn|1\n|\n|t:|1646083891\n|switch|p2a: Infernape|Infernape, M|100\/100\n|move|p1a: Arcanine|Will-O-Wisp|p2a: Infernape\n|-immune|p2a: Infernape\n|\n|upkeep\n|turn|2\n|\n|t:|1646083911\n|move|p2a: Infernape|Close Combat|p1a: Arcanine\n|-damage|p1a: Arcanine|53\/100\n|-unboost|p2a: Infernape|def|1\n|-unboost|p2a: Infernape|spd|1\n|move|p1a: Arcanine|Flare Blitz|p2a: Infernape\n|-resisted|p2a: Infernape\n|-damage|p2a: Infernape|50\/100\n|-damage|p1a: Arcanine|41\/100|[from] Recoil\n|\n|-heal|p1a: Arcanine|47\/100|[from] item: Leftovers\n|upkeep\n|turn|3\n|\n|t:|1646083924\n|switch|p1a: Starmie|Starmie|100\/100\n|move|p2a: Infernape|Close Combat|p1a: Starmie\n|-resisted|p1a: Starmie\n|-damage|p1a: Starmie|67\/100\n|-unboost|p2a: Infernape|def|1\n|-unboost|p2a: Infernape|spd|1\n|\n|upkeep\n|turn|4\n|j| BBaelax\n|\n|t:|1646083934\n|switch|p2a: Scizor|Scizor, F|100\/100\n|move|p1a: Starmie|Hydro Pump|p2a: Scizor|[miss]\n|-miss|p1a: Starmie|p2a: Scizor\n|\n|upkeep\n|turn|5\n|l| BBaelax\n|\n|t:|1646083940\n|switch|p1a: Arcanine|Arcanine, F|47\/100\n|-ability|p1a: Arcanine|Intimidate|boost\n|-unboost|p2a: Scizor|atk|1\n|move|p2a: Scizor|U-turn|p1a: Arcanine\n|-resisted|p1a: Arcanine\n|-crit|p1a: Arcanine\n|-damage|p1a: Arcanine|28\/100\n|\n|t:|1646083949\n|switch|p2a: Infernape|Infernape, M|50\/100|[from]move: U-turn\n|\n|-heal|p1a: Arcanine|35\/100|[from] item: Leftovers\n|upkeep\n|turn|6\n|\n|t:|1646083956\n|move|p1a: Arcanine|Extreme Speed|p2a: Infernape\n|-damage|p2a: Infernape|19\/100\n|move|p2a: Infernape|Close Combat|p1a: Arcanine\n|-damage|p1a: Arcanine|0 fnt\n|-unboost|p2a: Infernape|def|1\n|-unboost|p2a: Infernape|spd|1\n|faint|p1a: Arcanine\n|\n|upkeep\n|\n|t:|1646083960\n|switch|p1a: Starmie|Starmie|67\/100\n|turn|7\n|\n|t:|1646083967\n|switch|p2a: Scizor|Scizor, F|100\/100\n|move|p1a: Starmie|Hydro Pump|p2a: Scizor\n|-damage|p2a: Scizor|47\/100\n|-damage|p1a: Starmie|57\/100|[from] item: Life Orb\n|\n|-heal|p2a: Scizor|53\/100|[from] item: Leftovers\n|upkeep\n|turn|8\n|\n|t:|1646083985\n|switch|p1a: Garchomp|Garchomp, F|100\/100\n|move|p2a: Scizor|Roost|p2a: Scizor\n|-heal|p2a: Scizor|100\/100\n|-singleturn|p2a: Scizor|move: Roost\n|\n|upkeep\n|turn|9\n|\n|t:|1646083995\n|switch|p2a: Staraptor|Staraptor, M|100\/100\n|move|p1a: Garchomp|Outrage|p2a: Staraptor\n|-damage|p2a: Staraptor|0 fnt\n|faint|p2a: Staraptor\n|\n|upkeep\n|\n|t:|1646083998\n|switch|p2a: Mamoswine|Mamoswine, F, shiny|100\/100\n|turn|10\n|\n|t:|1646084002\n|move|p2a: Mamoswine|Ice Shard|p1a: Garchomp\n|-supereffective|p1a: Garchomp\n|-damage|p1a: Garchomp|0 fnt\n|faint|p1a: Garchomp\n|-damage|p2a: Mamoswine|91\/100|[from] item: Life Orb\n|\n|upkeep\n|\n|t:|1646084006\n|switch|p1a: Starmie|Starmie|57\/100\n|turn|11\n|\n|t:|1646084021\n|switch|p2a: Scizor|Scizor, F|100\/100\n|move|p1a: Starmie|Hydro Pump|p2a: Scizor\n|-damage|p2a: Scizor|39\/100\n|-damage|p1a: Starmie|47\/100|[from] item: Life Orb\n|\n|-heal|p2a: Scizor|45\/100|[from] item: Leftovers\n|upkeep\n|turn|12\n|\n|t:|1646084028\n|move|p2a: Scizor|Bullet Punch|p1a: Starmie\n|-resisted|p1a: Starmie\n|-damage|p1a: Starmie|31\/100\n|move|p1a: Starmie|Hydro Pump|p2a: Scizor\n|-damage|p2a: Scizor|0 fnt\n|faint|p2a: Scizor\n|-damage|p1a: Starmie|21\/100|[from] item: Life Orb\n|\n|upkeep\n|\n|t:|1646084041\n|switch|p2a: Mamoswine|Mamoswine, F, shiny|91\/100\n|turn|13\n|\n|t:|1646084046\n|move|p2a: Mamoswine|Ice Shard|p1a: Starmie\n|-resisted|p1a: Starmie\n|-damage|p1a: Starmie|4\/100\n|-damage|p2a: Mamoswine|81\/100|[from] item: Life Orb\n|move|p1a: Starmie|Recover|p1a: Starmie\n|-heal|p1a: Starmie|54\/100\n|\n|upkeep\n|turn|14\n|\n|t:|1646084053\n|move|p1a: Starmie|Hydro Pump|p2a: Mamoswine\n|-supereffective|p2a: Mamoswine\n|-damage|p2a: Mamoswine|0 fnt\n|faint|p2a: Mamoswine\n|-damage|p1a: Starmie|44\/100|[from] item: Life Orb\n|\n|upkeep\n|\n|t:|1646084059\n|switch|p2a: Lucario|Lucario, M|100\/100\n|turn|15\n|\n|t:|1646084068\n|move|p1a: Starmie|Hydro Pump|p2a: Lucario\n|-damage|p2a: Lucario|24\/100\n|-damage|p1a: Starmie|34\/100|[from] item: Life Orb\n|move|p2a: Lucario|Close Combat|p1a: Starmie\n|-resisted|p1a: Starmie\n|-damage|p1a: Starmie|0 fnt\n|-unboost|p2a: Lucario|def|1\n|-unboost|p2a: Lucario|spd|1\n|faint|p1a: Starmie\n|-damage|p2a: Lucario|14\/100|[from] item: Life Orb\n|\n|upkeep\n|\n|t:|1646084075\n|switch|p1a: Latios|Latios, M|100\/100\n|turn|16\n|\n|t:|1646084086\n|switch|p2a: Weavile|Weavile, M|100\/100\n|-ability|p2a: Weavile|Pressure\n|move|p1a: Latios|Surf|p2a: Weavile\n|-damage|p2a: Weavile|32\/100\n|\n|upkeep\n|turn|17\n|\n|t:|1646084090\n|switch|p2a: Infernape|Infernape, M|19\/100\n|move|p1a: Latios|Surf|p2a: Infernape\n|-supereffective|p2a: Infernape\n|-damage|p2a: Infernape|0 fnt\n|faint|p2a: Infernape\n|\n|upkeep\n|\n|t:|1646084093\n|switch|p2a: Weavile|Weavile, M|32\/100\n|-ability|p2a: Weavile|Pressure\n|turn|18\n|\n|t:|1646084098\n|switch|p1a: Blissey|Blissey, F|100\/100\n|move|p2a: Weavile|Throat Chop|p1a: Blissey\n|-damage|p1a: Blissey|60\/100\n|-start|p1a: Blissey|Throat Chop|[silent]\n|\n|-heal|p1a: Blissey|66\/100|[from] item: Leftovers\n|upkeep\n|turn|19\n|\n|t:|1646084106\n|move|p2a: Weavile|Icicle Crash|p1a: Blissey\n|-damage|p1a: Blissey|29\/100\n|move|p1a: Blissey|Stealth Rock|p2a: Weavile\n|-sidestart|p2: comp233|move: Stealth Rock\n|\n|-heal|p1a: Blissey|35\/100|[from] item: Leftovers\n|-end|p1a: Blissey|Throat Chop|[silent]\n|upkeep\n|turn|20\n|\n|t:|1646084114\n|move|p2a: Weavile|Throat Chop|p1a: Blissey\n|-damage|p1a: Blissey|0 fnt\n|faint|p1a: Blissey\n|\n|upkeep\n|\n|t:|1646084116\n|switch|p1a: Tyranitar|Tyranitar, F|100\/100\n|-weather|Sandstorm|[from] ability: Sand Stream|[of] p1a: Tyranitar\n|turn|21\n|\n|t:|1646084125\n|move|p2a: Weavile|Icicle Crash|p1a: Tyranitar\n|-damage|p1a: Tyranitar|63\/100\n|move|p1a: Tyranitar|Crunch|p2a: Weavile\n|-resisted|p2a: Weavile\n|-damage|p2a: Weavile|0 fnt\n|faint|p2a: Weavile\n|\n|-weather|Sandstorm|[upkeep]\n|upkeep\n|\n|t:|1646084126\n|switch|p2a: Lucario|Lucario, M|14\/100\n|-damage|p2a: Lucario|11\/100|[from] Stealth Rock\n|turn|22\n|\n|t:|1646084132\n|move|p2a: Lucario|Swords Dance|p2a: Lucario\n|-boost|p2a: Lucario|atk|2\n|move|p1a: Tyranitar|Crunch|p2a: Lucario\n|-resisted|p2a: Lucario\n|-damage|p2a: Lucario|0 fnt\n|faint|p2a: Lucario\n|\n|win|TektTest\n|raw|TektTest's rating: 1439 &rarr; <strong>1467<\/strong><br \/>(+28 for winning)\n|raw|comp233's rating: 1589 &rarr; <strong>1561<\/strong><br \/>(-28 for losing)\n|l|\u2606comp233\n","uploadtime":1646084136,"views":9,"p1id":"tekttest","p2id":"comp233","formatid":"gen8bdspou","rating":1467,"private":0,"password":null}