{"id":"gen8monotype-1392709688","p1":"BaddyGames","p2":"MLT7M2 TT","format":"gen8monotype","log":"|raw|<div class=\"broadcast-blue\"><strong>This battle is required to be public due to a player having a name starting with 'mlt7m2'.<\/div>\n|j|\u2606BaddyGames\n|j|\u2606MLT7M2 TT\n|t:|1628446025\n|gametype|singles\n|player|p1|BaddyGames|275|1432\n|player|p2|MLT7M2 TT|265|1413\n|teamsize|p1|6\n|teamsize|p2|6\n|gen|8\n|tier|[Gen 8] Monotype\n|rated|\n|rule|Same Type Clause: Pok\u00e9mon in a team must share a type\n|rule|Sleep Clause Mod: Limit one foe put to sleep\n|rule|Species Clause: Limit one of each Pok\u00e9mon\n|rule|OHKO Clause: OHKO moves are banned\n|rule|Evasion Moves Clause: Evasion moves are banned\n|rule|Endless Battle Clause: Forcing endless battles is banned\n|rule|HP Percentage Mod: HP is shown in percentages\n|rule|Dynamax Clause: You cannot dynamax\n|clearpoke\n|poke|p1|Spectrier|\n|poke|p1|Dragapult, M|\n|poke|p1|Aegislash, M|\n|poke|p1|Blacephalon|\n|poke|p1|Corsola-Galar, F|\n|poke|p1|Mimikyu, F|\n|poke|p2|Ferrothorn, F|\n|poke|p2|Aegislash, F|\n|poke|p2|Heatran, M|\n|poke|p2|Excadrill, M|\n|poke|p2|Corviknight, F|\n|poke|p2|Melmetal|\n|teampreview\n|inactive|Battle timer is ON: inactive players will automatically lose when time's up. (requested by BaddyGames)\n|\n|t:|1628446054\n|start\n|switch|p1a: Spectrier|Spectrier|100\/100\n|switch|p2a: Ferrothorn|Ferrothorn, F|100\/100\n|turn|1\n|\n|t:|1628446061\n|move|p1a: Spectrier|Substitute|p1a: Spectrier\n|-start|p1a: Spectrier|Substitute\n|-damage|p1a: Spectrier|76\/100\n|move|p2a: Ferrothorn|Knock Off|p1a: Spectrier\n|-supereffective|p1a: Spectrier\n|-end|p1a: Spectrier|Substitute\n|\n|-heal|p1a: Spectrier|82\/100|[from] item: Leftovers\n|upkeep\n|turn|2\n|\n|t:|1628446063\n|move|p1a: Spectrier|Will-O-Wisp|p2a: Ferrothorn|[miss]\n|-miss|p1a: Spectrier|p2a: Ferrothorn\n|move|p2a: Ferrothorn|Spikes|p1a: Spectrier\n|-sidestart|p1: BaddyGames|Spikes\n|\n|-heal|p1a: Spectrier|88\/100|[from] item: Leftovers\n|upkeep\n|turn|3\n|\n|t:|1628446067\n|move|p1a: Spectrier|Will-O-Wisp|p2a: Ferrothorn\n|-status|p2a: Ferrothorn|brn\n|move|p2a: Ferrothorn|Leech Seed|p1a: Spectrier\n|-start|p1a: Spectrier|move: Leech Seed\n|\n|-heal|p1a: Spectrier|94\/100|[from] item: Leftovers\n|-damage|p1a: Spectrier|82\/100|[from] Leech Seed|[of] p2a: Ferrothorn\n|-damage|p2a: Ferrothorn|94\/100 brn|[from] brn\n|upkeep\n|turn|4\n|\n|t:|1628446071\n|switch|p1a: Corsola|Corsola-Galar, F|100\/100\n|-damage|p1a: Corsola|88\/100|[from] Spikes\n|move|p2a: Ferrothorn|Knock Off|p1a: Corsola\n|-supereffective|p1a: Corsola\n|-damage|p1a: Corsola|76\/100\n|-enditem|p1a: Corsola|Eviolite|[from] move: Knock Off|[of] p2a: Ferrothorn\n|\n|-heal|p2a: Ferrothorn|100\/100 brn|[from] item: Leftovers\n|-damage|p2a: Ferrothorn|94\/100 brn|[from] brn\n|upkeep\n|turn|5\n|\n|t:|1628446080\n|move|p1a: Corsola|Stealth Rock|p2a: Ferrothorn\n|-sidestart|p2: MLT7M2 TT|move: Stealth Rock\n|move|p2a: Ferrothorn|Spikes|p1a: Corsola\n|-sidestart|p1: BaddyGames|Spikes\n|\n|-heal|p2a: Ferrothorn|100\/100 brn|[from] item: Leftovers\n|-damage|p2a: Ferrothorn|94\/100 brn|[from] brn\n|upkeep\n|turn|6\n|\n|t:|1628446085\n|switch|p1a: Blacephalon|Blacephalon|100\/100\n|-damage|p1a: Blacephalon|84\/100|[from] Spikes\n|move|p2a: Ferrothorn|Spikes|p1a: Blacephalon\n|-sidestart|p1: BaddyGames|Spikes\n|\n|-heal|p2a: Ferrothorn|100\/100 brn|[from] item: Leftovers\n|-damage|p2a: Ferrothorn|94\/100 brn|[from] brn\n|upkeep\n|turn|7\n|\n|t:|1628446106\n|switch|p2a: Heatran|Heatran, M|100\/100\n|-damage|p2a: Heatran|88\/100|[from] Stealth Rock\n|move|p1a: Blacephalon|Shadow Ball|p2a: Heatran\n|-damage|p2a: Heatran|40\/100\n|\n|upkeep\n|turn|8\n|\n|t:|1628446112\n|move|p1a: Blacephalon|Shadow Ball|p2a: Heatran\n|-damage|p2a: Heatran|0 fnt\n|faint|p2a: Heatran\n|-ability|p1a: Blacephalon|Beast Boost|boost\n|-boost|p1a: Blacephalon|spa|1\n|\n|upkeep\n|\n|t:|1628446118\n|switch|p2a: Melmetal|Melmetal|100\/100\n|-damage|p2a: Melmetal|94\/100|[from] Stealth Rock\n|turn|9\n|\n|t:|1628446123\n|switch|p1a: Corsola|Corsola-Galar, F|76\/100\n|-damage|p1a: Corsola|51\/100|[from] Spikes\n|move|p2a: Melmetal|Earthquake|p1a: Corsola\n|-damage|p1a: Corsola|21\/100\n|\n|-heal|p2a: Melmetal|100\/100|[from] item: Leftovers\n|upkeep\n|turn|10\n|\n|t:|1628446129\n|move|p2a: Melmetal|Substitute|p2a: Melmetal\n|-start|p2a: Melmetal|Substitute\n|-damage|p2a: Melmetal|76\/100\n|move|p1a: Corsola|Strength Sap||[still]\n|-fail|p1a: Corsola\n|\n|-heal|p2a: Melmetal|82\/100|[from] item: Leftovers\n|upkeep\n|turn|11\n|\n|t:|1628446134\n|move|p2a: Melmetal|Earthquake|p1a: Corsola\n|-damage|p1a: Corsola|0 fnt\n|faint|p1a: Corsola\n|\n|-heal|p2a: Melmetal|88\/100|[from] item: Leftovers\n|upkeep\n|\n|t:|1628446146\n|switch|p1a: Dragapult|Dragapult, M|100\/100\n|-damage|p1a: Dragapult|76\/100|[from] Spikes\n|turn|12\n|\n|t:|1628446151\n|move|p1a: Dragapult|Phantom Force||[still]\n|-prepare|p1a: Dragapult|Phantom Force\n|move|p2a: Melmetal|Double Iron Bash|p1a: Dragapult|[miss]\n|-miss|p2a: Melmetal|p1a: Dragapult\n|\n|-heal|p2a: Melmetal|94\/100|[from] item: Leftovers\n|upkeep\n|turn|13\n|\n|t:|1628446153\n|move|p1a: Dragapult|Phantom Force|p2a: Melmetal|[from]lockedmove\n|-damage|p2a: Melmetal|53\/100\n|move|p2a: Melmetal|Double Iron Bash|p1a: Dragapult\n|-crit|p1a: Dragapult\n|-damage|p1a: Dragapult|0 fnt\n|faint|p1a: Dragapult\n|-hitcount|p1: Dragapult|1\n|\n|-heal|p2a: Melmetal|59\/100|[from] item: Leftovers\n|upkeep\n|\n|t:|1628446168\n|switch|p1a: Spectrier|Spectrier|82\/100\n|-damage|p1a: Spectrier|57\/100|[from] Spikes\n|turn|14\n|\n|t:|1628446186\n|move|p1a: Spectrier|Hex|p2a: Melmetal\n|-crit|p2a: Melmetal\n|-end|p2a: Melmetal|Substitute\n|move|p2a: Melmetal|Double Iron Bash|p1a: Spectrier\n|-damage|p1a: Spectrier|0 fnt\n|faint|p1a: Spectrier\n|-hitcount|p1: Spectrier|1\n|\n|-heal|p2a: Melmetal|65\/100|[from] item: Leftovers\n|upkeep\n|\n|t:|1628446201\n|switch|p1a: Blacephalon|Blacephalon|84\/100\n|-damage|p1a: Blacephalon|59\/100|[from] Spikes\n|turn|15\n|inactive|MLT7M2 TT has 120 seconds left.\n|\n|t:|1628446233\n|move|p1a: Blacephalon|Flamethrower|p2a: Melmetal\n|-supereffective|p2a: Melmetal\n|-damage|p2a: Melmetal|0 fnt\n|faint|p2a: Melmetal\n|-ability|p1a: Blacephalon|Beast Boost|boost\n|-boost|p1a: Blacephalon|spa|1\n|\n|upkeep\n|inactive|MLT7M2 TT has 120 seconds left.\n|\n|t:|1628446245\n|switch|p2a: Aegislash|Aegislash, F|100\/100\n|-damage|p2a: Aegislash|94\/100|[from] Stealth Rock\n|turn|16\n|\n|t:|1628446250\n|switch|p1a: Aegislash|Aegislash, M|100\/100\n|-damage|p1a: Aegislash|76\/100|[from] Spikes\n|move|p2a: Aegislash|King's Shield||[still]\n|-fail|p2a: Aegislash\n|\n|-heal|p1a: Aegislash|82\/100|[from] item: Leftovers\n|-heal|p2a: Aegislash|100\/100|[from] item: Leftovers\n|upkeep\n|turn|17\n|\n|t:|1628446253\n|-formechange|p1a: Aegislash|Aegislash-Blade||[from] ability: Stance Change\n|move|p1a: Aegislash|Shadow Ball|p2a: Aegislash\n|-supereffective|p2a: Aegislash\n|-damage|p2a: Aegislash|57\/100\n|-formechange|p2a: Aegislash|Aegislash-Blade||[from] ability: Stance Change\n|move|p2a: Aegislash|Shadow Ball|p1a: Aegislash\n|-supereffective|p1a: Aegislash\n|-damage|p1a: Aegislash|0 fnt\n|faint|p1a: Aegislash\n|\n|-heal|p2a: Aegislash|63\/100|[from] item: Leftovers\n|upkeep\n|\n|t:|1628446258\n|switch|p1a: Blacephalon|Blacephalon|59\/100\n|-damage|p1a: Blacephalon|35\/100|[from] Spikes\n|turn|18\n|\n|t:|1628446260\n|move|p2a: Aegislash|Shadow Sneak|p1a: Blacephalon\n|-supereffective|p1a: Blacephalon\n|-damage|p1a: Blacephalon|0 fnt\n|faint|p1a: Blacephalon\n|\n|-heal|p2a: Aegislash|70\/100|[from] item: Leftovers\n|upkeep\n|\n|t:|1628446264\n|switch|p1a: Mimikyu|Mimikyu, F|100\/100\n|-damage|p1a: Mimikyu|76\/100|[from] Spikes\n|turn|19\n|\n|t:|1628446266\n|move|p2a: Aegislash|Shadow Sneak|p1a: Mimikyu\n|-activate|p1a: Mimikyu|ability: Disguise\n|-damage|p1a: Mimikyu|76\/100\n|detailschange|p1a: Mimikyu|Mimikyu-Busted, F\n|-damage|p1a: Mimikyu|63\/100|[from] pokemon: Mimikyu-Busted\n|move|p1a: Mimikyu|Swords Dance|p1a: Mimikyu\n|-boost|p1a: Mimikyu|atk|2\n|\n|-heal|p2a: Aegislash|76\/100|[from] item: Leftovers\n|upkeep\n|turn|20\n|\n|t:|1628446272\n|-formechange|p2a: Aegislash|Aegislash||[from] ability: Stance Change\n|move|p2a: Aegislash|King's Shield|p2a: Aegislash\n|-singleturn|p2a: Aegislash|Protect\n|move|p1a: Mimikyu|Swords Dance|p1a: Mimikyu\n|-boost|p1a: Mimikyu|atk|2\n|\n|-heal|p2a: Aegislash|82\/100|[from] item: Leftovers\n|upkeep\n|turn|21\n|\n|t:|1628446274\n|move|p1a: Mimikyu|Shadow Sneak|p2a: Aegislash\n|-supereffective|p2a: Aegislash\n|-damage|p2a: Aegislash|0 fnt\n|faint|p2a: Aegislash\n|-damage|p1a: Mimikyu|53\/100|[from] item: Life Orb\n|\n|upkeep\n|\n|t:|1628446277\n|switch|p2a: Ferrothorn|Ferrothorn, F|94\/100 brn\n|-damage|p2a: Ferrothorn|88\/100 brn|[from] Stealth Rock\n|turn|22\n|\n|t:|1628446283\n|move|p1a: Mimikyu|Drain Punch|p2a: Ferrothorn\n|-supereffective|p2a: Ferrothorn\n|-damage|p2a: Ferrothorn|0 fnt\n|-heal|p1a: Mimikyu|100\/100|[from] drain|[of] p2a: Ferrothorn\n|-damage|p1a: Mimikyu|88\/100|[from] ability: Iron Barbs|[of] p2a: Ferrothorn\n|faint|p2a: Ferrothorn\n|-damage|p1a: Mimikyu|78\/100|[from] item: Life Orb\n|\n|upkeep\n|\n|t:|1628446286\n|switch|p2a: Excadrill|Excadrill, M|100\/100\n|-damage|p2a: Excadrill|97\/100|[from] Stealth Rock\n|-ability|p2a: Excadrill|Mold Breaker\n|turn|23\n|\n|t:|1628446289\n|move|p1a: Mimikyu|Drain Punch|p2a: Excadrill\n|-supereffective|p2a: Excadrill\n|-damage|p2a: Excadrill|0 fnt\n|-heal|p1a: Mimikyu|100\/100|[from] drain|[of] p2a: Excadrill\n|faint|p2a: Excadrill\n|-damage|p1a: Mimikyu|91\/100|[from] item: Life Orb\n|\n|upkeep\n|\n|t:|1628446292\n|switch|p2a: Corviknight|Corviknight, F|100\/100\n|-damage|p2a: Corviknight|88\/100|[from] Stealth Rock\n|-ability|p2a: Corviknight|Pressure\n|turn|24\n|\n|t:|1628446295\n|move|p1a: Mimikyu|Drain Punch|p2a: Corviknight\n|-damage|p2a: Corviknight|19\/100\n|-heal|p1a: Mimikyu|100\/100|[from] drain|[of] p2a: Corviknight\n|-damage|p1a: Mimikyu|91\/100|[from] item: Life Orb\n|move|p2a: Corviknight|Brave Bird|p1a: Mimikyu\n|-damage|p1a: Mimikyu|28\/100\n|-damage|p2a: Corviknight|6\/100|[from] Recoil\n|\n|-heal|p2a: Corviknight|13\/100|[from] item: Leftovers\n|upkeep\n|turn|25\n|\n|t:|1628446302\n|move|p1a: Mimikyu|Drain Punch|p2a: Corviknight\n|-damage|p2a: Corviknight|0 fnt\n|-heal|p1a: Mimikyu|38\/100|[from] drain|[of] p2a: Corviknight\n|faint|p2a: Corviknight\n|-damage|p1a: Mimikyu|28\/100|[from] item: Life Orb\n|\n|win|BaddyGames\n|raw|BaddyGames's rating: 1432 &rarr; <strong>1453<\/strong><br \/>(+21 for winning)\n|raw|MLT7M2 TT's rating: 1453 &rarr; <strong>1432<\/strong><br \/>(-21 for losing)\n|l|\u2606MLT7M2 TT\n","uploadtime":1628446309,"views":31,"p1id":"baddygames","p2id":"mlt7m2tt","formatid":"gen8monotype","rating":1432,"private":0,"password":null}