{"id":"gen8nationaldex-1604953393","p1":"johngalt149","p2":"FleetFoxxx","format":"gen8nationaldex","log":"|j|\u2606johngalt149\n|j|\u2606FleetFoxxx\n|t:|1656292899\n|gametype|singles\n|player|p1|johngalt149|fisherman-gen4|\n|player|p2|FleetFoxxx|flannery|\n|teamsize|p1|6\n|teamsize|p2|6\n|gen|8\n|tier|[Gen 8] National Dex\n|rule|HP Percentage Mod: HP is shown in percentages\n|rule|Endless Battle Clause: Forcing endless battles is banned\n|rule|OHKO Clause: OHKO moves are banned\n|rule|Evasion Moves Clause: Evasion moves are banned\n|rule|Species Clause: Limit one of each Pok\u00e9mon\n|rule|Dynamax Clause: You cannot dynamax\n|rule|Sleep Clause Mod: Limit one foe put to sleep\n|clearpoke\n|poke|p1|Steelix, F|\n|poke|p1|Scrafty, F|\n|poke|p1|Audino, M|\n|poke|p1|Corsola-Galar, F|\n|poke|p1|Sigilyph, F|\n|poke|p1|Cryogonal|\n|poke|p2|Bisharp, F|\n|poke|p2|Togetic, F|\n|poke|p2|Galvantula, F|\n|poke|p2|Runerigus, M|\n|poke|p2|Banette, M|\n|poke|p2|Whimsicott, F|\n|teampreview\n|c|\u2606johngalt149|hf\n|c|\u2606FleetFoxxx|glhf!\n|\n|t:|1656292921\n|start\n|switch|p1a: Gwydion|Corsola-Galar, F|100\/100\n|switch|p2a: Runerigus|Runerigus, M|100\/100\n|turn|1\n|\n|t:|1656292935\n|move|p1a: Gwydion|Will-O-Wisp|p2a: Runerigus\n|-status|p2a: Runerigus|brn\n|move|p2a: Runerigus|Poltergeist|p1a: Gwydion\n|-activate|p1a: Gwydion|move: Poltergeist|Eviolite\n|-supereffective|p1a: Gwydion\n|-damage|p1a: Gwydion|82\/100\n|\n|-damage|p2a: Runerigus|95\/100 brn|[from] brn\n|upkeep\n|turn|2\n|\n|t:|1656292943\n|move|p1a: Gwydion|Stealth Rock|p2a: Runerigus\n|-sidestart|p2: FleetFoxxx|move: Stealth Rock\n|move|p2a: Runerigus|Toxic Spikes|p1a: Gwydion\n|-sidestart|p1: johngalt149|move: Toxic Spikes\n|\n|-heal|p2a: Runerigus|100\/100 brn|[from] item: Leftovers\n|-damage|p2a: Runerigus|95\/100 brn|[from] brn\n|upkeep\n|turn|3\n|\n|t:|1656292949\n|switch|p1a: Lord Maddock|Cryogonal|100\/100\n|move|p2a: Runerigus|Toxic Spikes|p1a: Lord Maddock\n|-sidestart|p1: johngalt149|move: Toxic Spikes\n|\n|-heal|p2a: Runerigus|100\/100 brn|[from] item: Leftovers\n|-damage|p2a: Runerigus|95\/100 brn|[from] brn\n|upkeep\n|turn|4\n|\n|t:|1656292953\n|move|p1a: Lord Maddock|Ice Beam|p2a: Runerigus\n|-supereffective|p2a: Runerigus\n|-damage|p2a: Runerigus|36\/100 brn\n|move|p2a: Runerigus|Body Press|p1a: Lord Maddock\n|-supereffective|p1a: Lord Maddock\n|-crit|p1a: Lord Maddock\n|-damage|p1a: Lord Maddock|42\/100\n|\n|-heal|p2a: Runerigus|42\/100 brn|[from] item: Leftovers\n|-damage|p2a: Runerigus|36\/100 brn|[from] brn\n|upkeep\n|turn|5\n|\n|t:|1656292964\n|move|p1a: Lord Maddock|Recover|p1a: Lord Maddock\n|-heal|p1a: Lord Maddock|92\/100\n|move|p2a: Runerigus|Body Press|p1a: Lord Maddock\n|-supereffective|p1a: Lord Maddock\n|-damage|p1a: Lord Maddock|53\/100\n|\n|-heal|p2a: Runerigus|42\/100 brn|[from] item: Leftovers\n|-damage|p2a: Runerigus|36\/100 brn|[from] brn\n|upkeep\n|turn|6\n|\n|t:|1656292977\n|move|p1a: Lord Maddock|Recover|p1a: Lord Maddock\n|-heal|p1a: Lord Maddock|100\/100\n|move|p2a: Runerigus|Body Press|p1a: Lord Maddock\n|-supereffective|p1a: Lord Maddock\n|-damage|p1a: Lord Maddock|60\/100\n|\n|-heal|p2a: Runerigus|42\/100 brn|[from] item: Leftovers\n|-damage|p2a: Runerigus|36\/100 brn|[from] brn\n|upkeep\n|turn|7\n|\n|t:|1656292982\n|move|p1a: Lord Maddock|Ice Beam|p2a: Runerigus\n|-supereffective|p2a: Runerigus\n|-crit|p2a: Runerigus\n|-damage|p2a: Runerigus|0 fnt\n|faint|p2a: Runerigus\n|\n|upkeep\n|\n|t:|1656293002\n|switch|p2a: Galvantula|Galvantula, F|100\/100\n|turn|8\n|\n|t:|1656293006\n|move|p2a: Galvantula|Hidden Power|p1a: Lord Maddock\n|-supereffective|p1a: Lord Maddock\n|-damage|p1a: Lord Maddock|35\/100\n|move|p1a: Lord Maddock|Rapid Spin|p2a: Galvantula\n|-damage|p2a: Galvantula|89\/100\n|-boost|p1a: Lord Maddock|spe|1\n|-sideend|p1: johngalt149|Toxic Spikes|[from] move: Rapid Spin|[of] p1a: Lord Maddock\n|\n|upkeep\n|turn|9\n|\n|t:|1656293013\n|move|p1a: Lord Maddock|Recover|p1a: Lord Maddock\n|-heal|p1a: Lord Maddock|85\/100\n|move|p2a: Galvantula|Sticky Web|p1a: Lord Maddock\n|-sidestart|p1: johngalt149|move: Sticky Web\n|\n|upkeep\n|turn|10\n|\n|t:|1656293022\n|move|p1a: Lord Maddock|Rapid Spin|p2a: Galvantula\n|-damage|p2a: Galvantula|78\/100\n|-boost|p1a: Lord Maddock|spe|1\n|-sideend|p1: johngalt149|Sticky Web|[from] move: Rapid Spin|[of] p1a: Lord Maddock\n|move|p2a: Galvantula|Thunder|p1a: Lord Maddock\n|-damage|p1a: Lord Maddock|49\/100\n|-status|p1a: Lord Maddock|par\n|\n|upkeep\n|turn|11\n|\n|t:|1656293028\n|move|p2a: Galvantula|Sticky Web|p1a: Lord Maddock\n|-sidestart|p1: johngalt149|move: Sticky Web\n|move|p1a: Lord Maddock|Recover|p1a: Lord Maddock\n|-heal|p1a: Lord Maddock|99\/100 par\n|\n|upkeep\n|turn|12\n|\n|t:|1656293030\n|move|p2a: Galvantula|Thunder|p1a: Lord Maddock\n|-damage|p1a: Lord Maddock|64\/100 par\n|move|p1a: Lord Maddock|Rapid Spin|p2a: Galvantula\n|-damage|p2a: Galvantula|67\/100\n|-boost|p1a: Lord Maddock|spe|1\n|-sideend|p1: johngalt149|Sticky Web|[from] move: Rapid Spin|[of] p1a: Lord Maddock\n|\n|upkeep\n|turn|13\n|\n|t:|1656293038\n|move|p1a: Lord Maddock|Ice Beam|p2a: Galvantula\n|-damage|p2a: Galvantula|0 fnt\n|faint|p2a: Galvantula\n|\n|upkeep\n|\n|t:|1656293049\n|switch|p2a: Banette|Banette, M|100\/100\n|-damage|p2a: Banette|88\/100|[from] Stealth Rock\n|-item|p1a: Lord Maddock|Heavy-Duty Boots|[from] ability: Frisk|[of] p2a: Banette|[identify]\n|turn|14\n|\n|t:|1656293067\n|switch|p1a: Gwydion|Corsola-Galar, F|82\/100\n|detailschange|p2a: Banette|Banette-Mega, M\n|-mega|p2a: Banette|Banette|Banettite\n|move|p2a: Banette|Gunk Shot|p1a: Gwydion\n|-resisted|p1a: Gwydion\n|-damage|p1a: Gwydion|67\/100\n|\n|upkeep\n|turn|15\n|j| yes munchlax\n|\n|t:|1656293074\n|switch|p2a: Whimsicott|Whimsicott, F|100\/100\n|-damage|p2a: Whimsicott|88\/100|[from] Stealth Rock\n|move|p1a: Gwydion|Will-O-Wisp|p2a: Whimsicott\n|-status|p2a: Whimsicott|brn\n|\n|-heal|p2a: Whimsicott|94\/100 brn|[from] item: Leftovers\n|-damage|p2a: Whimsicott|88\/100 brn|[from] brn\n|upkeep\n|turn|16\n|c| yes munchlax|sng\n|c| yes munchlax|smh\n|c| yes munchlax|link ur gane\n|\n|t:|1656293080\n|move|p2a: Whimsicott|Leech Seed|p1a: Gwydion\n|-start|p1a: Gwydion|move: Leech Seed\n|move|p1a: Gwydion|Strength Sap|p2a: Whimsicott\n|-unboost|p2a: Whimsicott|atk|1\n|-heal|p1a: Gwydion|100\/100\n|\n|-heal|p2a: Whimsicott|94\/100 brn|[from] item: Leftovers\n|-damage|p1a: Gwydion|88\/100|[from] Leech Seed|[of] p2a: Whimsicott\n|-heal|p2a: Whimsicott|100\/100 brn|[silent]\n|-damage|p2a: Whimsicott|94\/100 brn|[from] brn\n|upkeep\n|turn|17\n|\n|t:|1656293090\n|move|p2a: Whimsicott|Substitute|p2a: Whimsicott\n|-start|p2a: Whimsicott|Substitute\n|-damage|p2a: Whimsicott|70\/100 brn\n|move|p1a: Gwydion|Night Shade|p2a: Whimsicott\n|-end|p2a: Whimsicott|Substitute\n|\n|-heal|p2a: Whimsicott|76\/100 brn|[from] item: Leftovers\n|-damage|p1a: Gwydion|76\/100|[from] Leech Seed|[of] p2a: Whimsicott\n|-heal|p2a: Whimsicott|88\/100 brn|[silent]\n|-damage|p2a: Whimsicott|82\/100 brn|[from] brn\n|upkeep\n|turn|18\n|j|+andrew\n|\n|t:|1656293095\n|switch|p1a: Helicrom|Sigilyph, F|100\/100\n|move|p2a: Whimsicott|Toxic|p1a: Helicrom\n|-status|p1a: Helicrom|tox\n|\n|-heal|p2a: Whimsicott|88\/100 brn|[from] item: Leftovers\n|-damage|p2a: Whimsicott|82\/100 brn|[from] brn\n|upkeep\n|turn|19\n|j| sh0shin2\n|j| DerpyDots\n|j| bugsileus\n|\n|t:|1656293102\n|switch|p2a: Togetic|Togetic, F|100\/100\n|-damage|p2a: Togetic|76\/100|[from] Stealth Rock\n|move|p1a: Helicrom|Heat Wave|p2a: Togetic\n|-damage|p2a: Togetic|56\/100\n|\n|upkeep\n|turn|20\n|\n|t:|1656293112\n|switch|p1a: Novus|Steelix, F|100\/100\n|move|p2a: Togetic|Roost|p2a: Togetic\n|-heal|p2a: Togetic|100\/100\n|-singleturn|p2a: Togetic|move: Roost\n|\n|upkeep\n|turn|21\n|j| RedSF71\n|\n|t:|1656293120\n|switch|p2a: Whimsicott|Whimsicott, F|82\/100 brn\n|-damage|p2a: Whimsicott|70\/100 brn|[from] Stealth Rock\n|move|p1a: Novus|Heavy Slam|p2a: Whimsicott\n|-supereffective|p2a: Whimsicott\n|-damage|p2a: Whimsicott|0 fnt\n|faint|p2a: Whimsicott\n|\n|upkeep\n|\n|t:|1656293124\n|switch|p2a: Bisharp|Bisharp, F|100\/100\n|-damage|p2a: Bisharp|95\/100|[from] Stealth Rock\n|turn|22\n|\n|t:|1656293127\n|move|p2a: Bisharp|Knock Off|p1a: Novus\n|-damage|p1a: Novus|69\/100\n|-enditem|p1a: Novus|Lum Berry|[from] move: Knock Off|[of] p2a: Bisharp\n|move|p1a: Novus|Earthquake|p2a: Bisharp\n|-supereffective|p2a: Bisharp\n|-damage|p2a: Bisharp|4\/100\n|\n|upkeep\n|turn|23\n|\n|t:|1656293152\n|-zpower|p2a: Bisharp\n|move|p2a: Bisharp|All-Out Pummeling|p1a: Novus|[zeffect]\n|-supereffective|p1a: Novus\n|-damage|p1a: Novus|0 fnt\n|faint|p1a: Novus\n|\n|upkeep\n|\n|t:|1656293174\n|switch|p1a: Relana|Audino, M|100\/100\n|turn|24\n|\n|t:|1656293182\n|move|p2a: Bisharp|Swords Dance|p2a: Bisharp\n|-boost|p2a: Bisharp|atk|2\n|move|p1a: Relana|Flamethrower|p2a: Bisharp\n|-supereffective|p2a: Bisharp\n|-damage|p2a: Bisharp|0 fnt\n|faint|p2a: Bisharp\n|\n|upkeep\n|\n|t:|1656293188\n|switch|p2a: Banette|Banette-Mega, M|88\/100\n|-damage|p2a: Banette|76\/100|[from] Stealth Rock\n|turn|25\n|\n|t:|1656293192\n|move|p2a: Banette|Gunk Shot|p1a: Relana\n|-damage|p1a: Relana|50\/100\n|move|p1a: Relana|Toxic|p2a: Banette\n|-status|p2a: Banette|tox\n|\n|-damage|p2a: Banette|70\/100 tox|[from] psn\n|upkeep\n|turn|26\n|\n|t:|1656293199\n|switch|p1a: Gwydion|Corsola-Galar, F|76\/100\n|move|p2a: Banette|Gunk Shot|p1a: Gwydion|[miss]\n|-miss|p2a: Banette|p1a: Gwydion\n|\n|-damage|p2a: Banette|58\/100 tox|[from] psn\n|upkeep\n|turn|27\n|\n|t:|1656293207\n|move|p2a: Banette|Shadow Sneak|p1a: Gwydion\n|-supereffective|p1a: Gwydion\n|-damage|p1a: Gwydion|49\/100\n|move|p1a: Gwydion|Strength Sap|p2a: Banette\n|-unboost|p2a: Banette|atk|1\n|-heal|p1a: Gwydion|100\/100\n|\n|-damage|p2a: Banette|40\/100 tox|[from] psn\n|upkeep\n|turn|28\n|\n|t:|1656293215\n|move|p2a: Banette|Shadow Sneak|p1a: Gwydion\n|-supereffective|p1a: Gwydion\n|-damage|p1a: Gwydion|81\/100\n|-start|p2a: Banette|Disable|Shadow Sneak|[from] ability: Cursed Body|[of] p1a: Gwydion\n|move|p1a: Gwydion|Night Shade|p2a: Banette\n|-damage|p2a: Banette|10\/100 tox\n|\n|-damage|p2a: Banette|0 fnt|[from] psn\n|faint|p2a: Banette\n|upkeep\n|\n|t:|1656293223\n|switch|p2a: Togetic|Togetic, F|100\/100\n|-damage|p2a: Togetic|76\/100|[from] Stealth Rock\n|turn|29\n|\n|t:|1656293231\n|move|p2a: Togetic|Dazzling Gleam|p1a: Gwydion\n|-damage|p1a: Gwydion|66\/100\n|move|p1a: Gwydion|Night Shade|p2a: Togetic\n|-damage|p2a: Togetic|44\/100\n|\n|upkeep\n|turn|30\n|l| RedSF71\n|\n|t:|1656293244\n|switch|p1a: Relana|Audino, M|83\/100\n|move|p2a: Togetic|Dazzling Gleam|p1a: Relana\n|-damage|p1a: Relana|68\/100\n|\n|upkeep\n|turn|31\n|\n|t:|1656293248\n|move|p1a: Relana|Toxic|p2a: Togetic\n|-status|p2a: Togetic|tox\n|move|p2a: Togetic|Dazzling Gleam|p1a: Relana\n|-damage|p1a: Relana|53\/100\n|\n|-damage|p2a: Togetic|38\/100 tox|[from] psn\n|upkeep\n|turn|32\n|\n|t:|1656293252\n|move|p1a: Relana|Wish|p1a: Relana\n|move|p2a: Togetic|Dazzling Gleam|p1a: Relana\n|-damage|p1a: Relana|37\/100\n|\n|-damage|p2a: Togetic|25\/100 tox|[from] psn\n|upkeep\n|turn|33\n|\n|t:|1656293258\n|move|p1a: Relana|Heal Bell|p1a: Relana\n|-activate|p1a: Relana|move: Heal Bell\n|-curestatus|p1: Helicrom|tox|[msg]\n|-curestatus|p1: Lord Maddock|par|[msg]\n|move|p2a: Togetic|Dazzling Gleam|p1a: Relana\n|-damage|p1a: Relana|23\/100\n|\n|-heal|p1a: Relana|73\/100|[from] move: Wish|[wisher] Relana\n|-damage|p2a: Togetic|7\/100 tox|[from] psn\n|upkeep\n|turn|34\n|\n|t:|1656293268\n|switch|p1a: Lord Maddock|Cryogonal|64\/100\n|move|p2a: Togetic|Dazzling Gleam|p1a: Lord Maddock\n|-damage|p1a: Lord Maddock|48\/100\n|\n|-damage|p2a: Togetic|0 fnt|[from] psn\n|faint|p2a: Togetic\n|\n|win|johngalt149\n|upkeep\n|c|\u2606johngalt149|ggs\n","uploadtime":1656293278,"views":20,"p1id":"johngalt149","p2id":"fleetfoxxx","formatid":"gen8nationaldex","rating":0,"private":0,"password":null}