{"id":"gen8monotype-1614705542","p1":"jzxcvbn","p2":"Arcangel666","format":"gen8monotype","log":"|j|\u2606jzxcvbn\n|j|\u2606Arcangel666\n|t:|1657507988\n|gametype|singles\n|player|p1|jzxcvbn|akari|1575\n|player|p2|Arcangel666|piers|1556\n|teamsize|p1|6\n|teamsize|p2|6\n|gen|8\n|tier|[Gen 8] Monotype\n|rated|\n|rule|Same Type Clause: Pok\u00e9mon in a team must share a type\n|rule|Sleep Clause Mod: Limit one foe put to sleep\n|rule|Species Clause: Limit one of each Pok\u00e9mon\n|rule|OHKO Clause: OHKO moves are banned\n|rule|Evasion Moves Clause: Evasion moves are banned\n|rule|Endless Battle Clause: Forcing endless battles is banned\n|rule|HP Percentage Mod: HP is shown in percentages\n|rule|Dynamax Clause: You cannot dynamax\n|clearpoke\n|poke|p1|Froslass, F|\n|poke|p1|Spectrier|\n|poke|p1|Mimikyu, F|\n|poke|p1|Aegislash, M|\n|poke|p1|Blacephalon|\n|poke|p1|Dragapult, F|\n|poke|p2|Bisharp, M|\n|poke|p2|Grimmsnarl, M|\n|poke|p2|Hydreigon, M|\n|poke|p2|Scrafty, M|\n|poke|p2|Sableye, M|\n|poke|p2|Moltres-Galar|\n|teampreview\n|inactive|Battle timer is ON: inactive players will automatically lose when time's up. (requested by jzxcvbn)\n|j| USED TO KNOW ME 7\n|\n|t:|1657508005\n|start\n|switch|p1a: Froslass|Froslass, F|100\/100\n|switch|p2a: Sableye|Sableye, M|100\/100\n|turn|1\n|j| NoseWrecky\n|\n|t:|1657508010\n|move|p2a: Sableye|Taunt|p1a: Froslass\n|-start|p1a: Froslass|move: Taunt\n|move|p1a: Froslass|Triple Axel|p2a: Sableye|[miss]\n|-miss|p1a: Froslass|p2a: Sableye\n|\n|upkeep\n|turn|2\n|\n|t:|1657508018\n|move|p2a: Sableye|Will-O-Wisp|p1a: Froslass|[miss]\n|-miss|p2a: Sableye|p1a: Froslass\n|move|p1a: Froslass|Triple Axel|p2a: Sableye|[miss]\n|-miss|p1a: Froslass|p2a: Sableye\n|\n|upkeep\n|turn|3\n|\n|t:|1657508042\n|switch|p1a: Blacephalon|Blacephalon|100\/100\n|move|p2a: Sableye|Will-O-Wisp|p1a: Blacephalon\n|-immune|p1a: Blacephalon\n|\n|upkeep\n|turn|4\n|\n|t:|1657508056\n|move|p1a: Blacephalon|Flamethrower|p2a: Sableye\n|-damage|p2a: Sableye|47\/100\n|-enditem|p2a: Sableye|Sitrus Berry|[eat]\n|-heal|p2a: Sableye|72\/100|[from] item: Sitrus Berry\n|move|p2a: Sableye|Foul Play|p1a: Blacephalon\n|-supereffective|p1a: Blacephalon\n|-damage|p1a: Blacephalon|0 fnt\n|faint|p1a: Blacephalon\n|\n|upkeep\n|\n|t:|1657508064\n|switch|p1a: Froslass|Froslass, F|100\/100\n|turn|5\n|j| just like hunny\n|\n|t:|1657508069\n|move|p2a: Sableye|Will-O-Wisp|p1a: Froslass\n|-status|p1a: Froslass|brn\n|move|p1a: Froslass|Triple Axel|p2a: Sableye|[miss]\n|-miss|p1a: Froslass|p2a: Sableye\n|\n|-damage|p1a: Froslass|94\/100 brn|[from] brn\n|upkeep\n|turn|6\n|l| just like hunny\n|inactive|jzxcvbn has 120 seconds left.\n|c|\u2606jzxcvbn|I'm already screwed now\n|\n|t:|1657508107\n|switch|p2a: Bisharp|Bisharp, M, shiny|100\/100\n|move|p1a: Froslass|Triple Axel|p2a: Bisharp\n|-resisted|p2a: Bisharp\n|-damage|p2a: Bisharp|98\/100\n|-resisted|p2a: Bisharp\n|-damage|p2a: Bisharp|94\/100\n|-resisted|p2a: Bisharp\n|-damage|p2a: Bisharp|87\/100\n|-hitcount|p2a: Bisharp|3\n|\n|-damage|p1a: Froslass|88\/100 brn|[from] brn\n|upkeep\n|turn|7\n|\n|t:|1657508113\n|move|p1a: Froslass|Spikes|p2a: Bisharp\n|-sidestart|p2: Arcangel666|Spikes\n|move|p2a: Bisharp|Knock Off|p1a: Froslass\n|-supereffective|p1a: Froslass\n|-damage|p1a: Froslass|0 fnt\n|-start|p2a: Bisharp|Disable|Knock Off|[from] ability: Cursed Body|[of] p1a: Froslass\n|-enditem|p1a: Froslass|Focus Sash|[from] move: Knock Off|[of] p2a: Bisharp\n|faint|p1a: Froslass\n|-damage|p2a: Bisharp|77\/100|[from] item: Life Orb\n|\n|upkeep\n|inactive|jzxcvbn has 120 seconds left.\n|\n|t:|1657508133\n|switch|p1a: Mimikyu|Mimikyu, F|100\/100\n|turn|8\n|\n|t:|1657508140\n|move|p1a: Mimikyu|Drain Punch|p2a: Bisharp\n|-supereffective|p2a: Bisharp\n|-damage|p2a: Bisharp|0 fnt\n|faint|p2a: Bisharp\n|-damage|p1a: Mimikyu|91\/100|[from] item: Life Orb\n|\n|upkeep\n|\n|t:|1657508143\n|switch|p2a: Sableye|Sableye, M|72\/100\n|-damage|p2a: Sableye|59\/100|[from] Spikes\n|turn|9\n|\n|t:|1657508145\n|switch|p1a: Spectrier|Spectrier|100\/100\n|move|p2a: Sableye|Will-O-Wisp|p1a: Spectrier\n|-status|p1a: Spectrier|brn\n|\n|-damage|p1a: Spectrier|94\/100 brn|[from] brn\n|upkeep\n|turn|10\n|\n|t:|1657508150\n|switch|p2a: Grimmsnarl|Grimmsnarl, M, shiny|100\/100\n|-damage|p2a: Grimmsnarl|88\/100|[from] Spikes\n|move|p1a: Spectrier|Nasty Plot|p1a: Spectrier\n|-boost|p1a: Spectrier|spa|2\n|\n|-damage|p1a: Spectrier|88\/100 brn|[from] brn\n|upkeep\n|turn|11\n|\n|t:|1657508159\n|move|p2a: Grimmsnarl|Light Screen|p2a: Grimmsnarl\n|-sidestart|p2: Arcangel666|move: Light Screen\n|move|p1a: Spectrier|Shadow Ball|p2a: Grimmsnarl\n|-resisted|p2a: Grimmsnarl\n|-damage|p2a: Grimmsnarl|64\/100\n|\n|-damage|p1a: Spectrier|82\/100 brn|[from] brn\n|upkeep\n|turn|12\n|\n|t:|1657508164\n|move|p2a: Grimmsnarl|Sucker Punch|p1a: Spectrier\n|-supereffective|p1a: Spectrier\n|-damage|p1a: Spectrier|0 fnt\n|faint|p1a: Spectrier\n|\n|upkeep\n|\n|t:|1657508174\n|switch|p1a: Aegislash|Aegislash, M|100\/100\n|-item|p1a: Aegislash|Air Balloon\n|turn|13\n|\n|t:|1657508180\n|switch|p2a: Scrafty|Scrafty, M|100\/100\n|-damage|p2a: Scrafty|88\/100|[from] Spikes\n|move|p1a: Aegislash|Swords Dance|p1a: Aegislash\n|-boost|p1a: Aegislash|atk|2\n|\n|-heal|p2a: Scrafty|94\/100|[from] item: Leftovers\n|upkeep\n|turn|14\n|\n|t:|1657508191\n|-formechange|p1a: Aegislash|Aegislash-Blade||[from] ability: Stance Change\n|move|p1a: Aegislash|Close Combat|p2a: Scrafty\n|-supereffective|p2a: Scrafty\n|-damage|p2a: Scrafty|0 fnt\n|-unboost|p1a: Aegislash|def|1\n|-unboost|p1a: Aegislash|spd|1\n|faint|p2a: Scrafty\n|\n|upkeep\n|\n|t:|1657508194\n|switch|p2a: Hydreigon|Hydreigon, M, shiny|100\/100\n|turn|15\n|\n|t:|1657508203\n|move|p1a: Aegislash|Shadow Sneak|p2a: Hydreigon\n|-resisted|p2a: Hydreigon\n|-damage|p2a: Hydreigon|74\/100\n|move|p2a: Hydreigon|Flamethrower|p1a: Aegislash\n|-supereffective|p1a: Aegislash\n|-damage|p1a: Aegislash|0 fnt\n|-enditem|p1a: Aegislash|Air Balloon\n|faint|p1a: Aegislash\n|\n|-heal|p2a: Hydreigon|80\/100|[from] item: Leftovers\n|upkeep\n|\n|t:|1657508206\n|switch|p1a: Dragapult|Dragapult, F|100\/100\n|turn|16\n|\n|t:|1657508209\n|switch|p2a: Moltres|Moltres-Galar, shiny|100\/100\n|move|p1a: Dragapult|Substitute|p1a: Dragapult\n|-start|p1a: Dragapult|Substitute\n|-damage|p1a: Dragapult|76\/100\n|\n|-heal|p1a: Dragapult|82\/100|[from] item: Leftovers\n|upkeep\n|turn|17\n|\n|t:|1657508213\n|move|p1a: Dragapult|Dragon Dance|p1a: Dragapult\n|-boost|p1a: Dragapult|atk|1\n|-boost|p1a: Dragapult|spe|1\n|move|p2a: Moltres|Agility|p2a: Moltres\n|-boost|p2a: Moltres|spe|2\n|\n|-heal|p1a: Dragapult|88\/100|[from] item: Leftovers\n|upkeep\n|turn|18\n|\n|t:|1657508222\n|move|p1a: Dragapult|Dragon Dance|p1a: Dragapult\n|-boost|p1a: Dragapult|atk|1\n|-boost|p1a: Dragapult|spe|1\n|move|p2a: Moltres|Fiery Wrath|p1a: Dragapult\n|-supereffective|p1a: Dragapult\n|-end|p1a: Dragapult|Substitute\n|\n|-heal|p1a: Dragapult|94\/100|[from] item: Leftovers\n|-sideend|p2: Arcangel666|move: Light Screen\n|upkeep\n|turn|19\n|\n|t:|1657508227\n|move|p1a: Dragapult|Dragon Darts|p2a: Moltres\n|-crit|p2a: Moltres\n|-damage|p2a: Moltres|14\/100\n|-anim|p1a: Dragapult|Dragon Darts|p2a: Moltres\n|-damage|p2a: Moltres|0 fnt\n|faint|p2a: Moltres\n|\n|-heal|p1a: Dragapult|99\/100|[from] item: Leftovers\n|upkeep\n|\n|t:|1657508232\n|switch|p2a: Grimmsnarl|Grimmsnarl, M, shiny|64\/100\n|-damage|p2a: Grimmsnarl|51\/100|[from] Spikes\n|turn|20\n|\n|t:|1657508235\n|move|p1a: Dragapult|Substitute|p1a: Dragapult\n|-start|p1a: Dragapult|Substitute\n|-damage|p1a: Dragapult|75\/100\n|move|p2a: Grimmsnarl|Spirit Break|p1a: Dragapult\n|-supereffective|p1a: Dragapult\n|-end|p1a: Dragapult|Substitute\n|\n|-heal|p1a: Dragapult|81\/100|[from] item: Leftovers\n|upkeep\n|turn|21\n|\n|t:|1657508243\n|move|p1a: Dragapult|Substitute|p1a: Dragapult\n|-start|p1a: Dragapult|Substitute\n|-damage|p1a: Dragapult|56\/100\n|move|p2a: Grimmsnarl|Spirit Break|p1a: Dragapult\n|-supereffective|p1a: Dragapult\n|-end|p1a: Dragapult|Substitute\n|\n|-heal|p1a: Dragapult|62\/100|[from] item: Leftovers\n|upkeep\n|turn|22\n|\n|t:|1657508245\n|move|p1a: Dragapult|Phantom Force||[still]\n|-prepare|p1a: Dragapult|Phantom Force\n|move|p2a: Grimmsnarl|Spirit Break|p1a: Dragapult|[miss]\n|-miss|p2a: Grimmsnarl|p1a: Dragapult\n|\n|-heal|p1a: Dragapult|68\/100|[from] item: Leftovers\n|upkeep\n|turn|23\n|\n|t:|1657508248\n|move|p1a: Dragapult|Phantom Force|p2a: Grimmsnarl|[from]lockedmove\n|-resisted|p2a: Grimmsnarl\n|-damage|p2a: Grimmsnarl|0 fnt\n|faint|p2a: Grimmsnarl\n|\n|-heal|p1a: Dragapult|74\/100|[from] item: Leftovers\n|upkeep\n|\n|t:|1657508251\n|switch|p2a: Sableye|Sableye, M|59\/100\n|-damage|p2a: Sableye|47\/100|[from] Spikes\n|turn|24\n|\n|t:|1657508255\n|move|p2a: Sableye|Will-O-Wisp|p1a: Dragapult\n|-status|p1a: Dragapult|brn\n|move|p1a: Dragapult|Dragon Darts|p2a: Sableye\n|-crit|p2a: Sableye\n|-damage|p2a: Sableye|0 fnt\n|faint|p2a: Sableye\n|\n|-heal|p1a: Dragapult|80\/100 brn|[from] item: Leftovers\n|-damage|p1a: Dragapult|74\/100 brn|[from] brn\n|upkeep\n|\n|t:|1657508258\n|switch|p2a: Hydreigon|Hydreigon, M, shiny|80\/100\n|turn|25\n|\n|t:|1657508261\n|move|p1a: Dragapult|Dragon Darts|p2a: Hydreigon\n|-supereffective|p2a: Hydreigon\n|-damage|p2a: Hydreigon|23\/100\n|-anim|p1a: Dragapult|Dragon Darts|p2a: Hydreigon\n|-supereffective|p2a: Hydreigon\n|-damage|p2a: Hydreigon|0 fnt\n|faint|p2a: Hydreigon\n|\n|win|jzxcvbn\n|raw|jzxcvbn's rating: 1575 &rarr; <strong>1594<\/strong><br \/>(+19 for winning)\n|raw|Arcangel666's rating: 1556 &rarr; <strong>1537<\/strong><br \/>(-19 for losing)\n|l|\u2606Arcangel666\n||Ladder isn't responding, score probably updated but might not have (Request timeout).\n|l| NoseWrecky\n","uploadtime":1657508269,"views":7,"p1id":"jzxcvbn","p2id":"arcangel666","formatid":"gen8monotype","rating":1537,"private":0,"password":null}