{"id":"gen8nationaldex-1298913856","p1":"wsdfg","p2":"comradesquidwar","format":"gen8nationaldex","log":"|html|<div class=\"broadcast-blue\"><strong>[Gen 8] National Dex is currently suspecting Cinderace! For information on how to participate check out the <a href=\"https:\/\/www.smogon.com\/forums\/threads\/national-dex-suspect-10-one-more-time.3679480\/\">suspect thread<\/a>.<\/strong><\/div>\n|j|\u2606wsdfg\n|j|\u2606comradesquidwar\n|t:|1615431928\n|player|p1|wsdfg|burglar|1530\n|player|p2|comradesquidwar|janitor|1706\n|teamsize|p1|6\n|teamsize|p2|6\n|gametype|singles\n|gen|8\n|tier|[Gen 8] National Dex\n|rated|\n|clearpoke\n|poke|p1|Gliscor, M|\n|poke|p1|Clefable, F|\n|poke|p1|Cinderace, M|\n|poke|p1|Zapdos|\n|poke|p1|Slowbro, F|\n|poke|p1|Latias, F|\n|poke|p2|Gliscor, M|\n|poke|p2|Altaria, M|\n|poke|p2|Slowbro, M|\n|poke|p2|Corviknight, F|\n|poke|p2|Toxapex, M|\n|poke|p2|Heatran, M|\n|rule|HP Percentage Mod: HP is shown in percentages\n|rule|Endless Battle Clause: Forcing endless battles is banned\n|rule|OHKO Clause: OHKO moves are banned\n|rule|Evasion Moves Clause: Evasion moves are banned\n|rule|Species Clause: Limit one of each Pok\u00e9mon\n|rule|Dynamax Clause: You cannot dynamax\n|rule|Sleep Clause Mod: Limit one foe put to sleep\n|teampreview\n|inactive|Battle timer is ON: inactive players will automatically lose when time's up. (requested by comradesquidwar)\n|\n|t:|1615431945\n|start\n|switch|p1a: Clefable|Clefable, F|100\/100\n|switch|p2a: Heatran|Heatran, M|100\/100\n|turn|1\n|\n|t:|1615431947\n|move|p2a: Heatran|Taunt|p1a: Clefable\n|-start|p1a: Clefable|move: Taunt\n|cant|p1a: Clefable|move: Taunt|Stealth Rock\n|\n|upkeep\n|turn|2\n|\n|t:|1615431966\n|switch|p1a: Latias|Latias, F|100\/100\n|move|p2a: Heatran|Stealth Rock|p1a: Latias\n|-sidestart|p1: wsdfg|move: Stealth Rock\n|\n|upkeep\n|turn|3\n|\n|t:|1615431971\n|switch|p2a: Altaria|Altaria, M|100\/100\n|detailschange|p1a: Latias|Latias-Mega, F\n|-mega|p1a: Latias|Latias|Latiasite\n|move|p1a: Latias|Calm Mind|p1a: Latias\n|-boost|p1a: Latias|spa|1\n|-boost|p1a: Latias|spd|1\n|\n|upkeep\n|turn|4\n|\n|t:|1615431974\n|detailschange|p2a: Altaria|Altaria-Mega, M\n|-mega|p2a: Altaria|Altaria|Altarianite\n|move|p1a: Latias|Psyshock|p2a: Altaria\n|-damage|p2a: Altaria|50\/100\n|move|p2a: Altaria|Frustration|p1a: Latias\n|-supereffective|p1a: Latias\n|-damage|p1a: Latias|31\/100\n|\n|upkeep\n|turn|5\n|j| Nxace2 Quechua\n|\n|t:|1615431983\n|switch|p2a: Heatran|Heatran, M|100\/100\n|move|p1a: Latias|Psyshock|p2a: Heatran\n|-resisted|p2a: Heatran\n|-damage|p2a: Heatran|77\/100\n|\n|-heal|p2a: Heatran|83\/100|[from] item: Leftovers\n|upkeep\n|turn|6\n|\n|t:|1615431986\n|move|p1a: Latias|Roost|p1a: Latias\n|-heal|p1a: Latias|81\/100\n|-singleturn|p1a: Latias|move: Roost\n|move|p2a: Heatran|Magma Storm|p1a: Latias\n|-resisted|p1a: Latias\n|-damage|p1a: Latias|72\/100\n|-activate|p1a: Latias|move: Magma Storm|[of] p2a: Heatran\n|\n|-heal|p2a: Heatran|89\/100|[from] item: Leftovers\n|-damage|p1a: Latias|59\/100|[from] move: Magma Storm|[partiallytrapped]\n|upkeep\n|turn|7\n|\n|t:|1615431993\n|move|p1a: Latias|Aura Sphere|p2a: Heatran\n|-supereffective|p2a: Heatran\n|-damage|p2a: Heatran|36\/100\n|move|p2a: Heatran|Taunt|p1a: Latias\n|-start|p1a: Latias|move: Taunt\n|\n|-heal|p2a: Heatran|42\/100|[from] item: Leftovers\n|-damage|p1a: Latias|47\/100|[from] move: Magma Storm|[partiallytrapped]\n|upkeep\n|turn|8\n|\n|t:|1615431997\n|switch|p2a: Slowbro|Slowbro, M|100\/100\n|move|p1a: Latias|Aura Sphere|p2a: Slowbro\n|-resisted|p2a: Slowbro\n|-damage|p2a: Slowbro|82\/100\n|\n|-end|p1a: Latias|Magma Storm|[partiallytrapped]|[silent]\n|upkeep\n|turn|9\n|\n|t:|1615432001\n|move|p1a: Latias|Psyshock|p2a: Slowbro\n|-resisted|p2a: Slowbro\n|-damage|p2a: Slowbro|65\/100\n|move|p2a: Slowbro|Thunder Wave|p1a: Latias\n|-status|p1a: Latias|par\n|\n|upkeep\n|turn|10\n|\n|t:|1615432004\n|move|p1a: Latias|Psyshock|p2a: Slowbro\n|-resisted|p2a: Slowbro\n|-damage|p2a: Slowbro|49\/100\n|move|p2a: Slowbro|Teleport|p2a: Slowbro\n|\n|t:|1615432005\n|switch|p2a: Altaria|Altaria-Mega, M|50\/100|[from]move: Teleport\n|\n|-end|p1a: Latias|move: Taunt\n|upkeep\n|turn|11\n|\n|t:|1615432011\n|switch|p1a: Gliscor|Gliscor, M|100\/100\n|-damage|p1a: Gliscor|88\/100|[from] Stealth Rock\n|move|p2a: Altaria|Roost|p2a: Altaria\n|-heal|p2a: Altaria|100\/100\n|-singleturn|p2a: Altaria|move: Roost\n|\n|-status|p1a: Gliscor|tox|[from] item: Toxic Orb\n|upkeep\n|turn|12\n|\n|t:|1615432014\n|move|p2a: Altaria|Dragon Dance|p2a: Altaria\n|-boost|p2a: Altaria|atk|1\n|-boost|p2a: Altaria|spe|1\n|move|p1a: Gliscor|Swords Dance|p1a: Gliscor\n|-boost|p1a: Gliscor|atk|2\n|\n|-heal|p1a: Gliscor|100\/100 tox|[from] ability: Poison Heal\n|upkeep\n|turn|13\n|\n|t:|1615432017\n|switch|p2a: Corviknight|Corviknight, F, shiny|100\/100\n|-ability|p2a: Corviknight|Pressure\n|move|p1a: Gliscor|Earthquake|p2a: Corviknight\n|-immune|p2a: Corviknight\n|\n|upkeep\n|turn|14\n|\n|t:|1615432019\n|move|p1a: Gliscor|Swords Dance|p1a: Gliscor\n|-boost|p1a: Gliscor|atk|2\n|move|p2a: Corviknight|Iron Defense|p2a: Corviknight\n|-boost|p2a: Corviknight|def|2\n|\n|upkeep\n|turn|15\n|\n|t:|1615432026\n|switch|p1a: Zapdos|Zapdos|100\/100\n|move|p2a: Corviknight|Iron Defense|p2a: Corviknight\n|-boost|p2a: Corviknight|def|2\n|\n|upkeep\n|turn|16\n|\n|t:|1615432032\n|switch|p2a: Toxapex|Toxapex, M|100\/100\n|move|p1a: Zapdos|Thunderbolt|p2a: Toxapex\n|-supereffective|p2a: Toxapex\n|-damage|p2a: Toxapex|53\/100\n|\n|-heal|p2a: Toxapex|59\/100|[from] item: Black Sludge\n|upkeep\n|turn|17\n|\n|t:|1615432036\n|move|p1a: Zapdos|Defog|p2a: Toxapex\n|-unboost|p2a: Toxapex|evasion|1\n|-sideend|p1: wsdfg|Stealth Rock|[from] move: Defog|[of] p1a: Zapdos\n|move|p2a: Toxapex|Recover|p2a: Toxapex\n|-heal|p2a: Toxapex|100\/100\n|\n|upkeep\n|turn|18\n|\n|t:|1615432041\n|switch|p1a: Gliscor|Gliscor, M|100\/100 tox\n|move|p2a: Toxapex|Toxic|p1a: Gliscor\n|-fail|p1a: Gliscor|tox\n|\n|upkeep\n|turn|19\n|\n|t:|1615432045\n|switch|p2a: Corviknight|Corviknight, F, shiny|100\/100\n|-ability|p2a: Corviknight|Pressure\n|move|p1a: Gliscor|Swords Dance|p1a: Gliscor\n|-boost|p1a: Gliscor|atk|2\n|\n|upkeep\n|turn|20\n|\n|t:|1615432051\n|switch|p1a: Zapdos|Zapdos|100\/100\n|switch|p2a: Altaria|Altaria-Mega, M|100\/100\n|\n|upkeep\n|turn|21\n|\n|t:|1615432055\n|switch|p1a: Gliscor|Gliscor, M|100\/100 tox\n|move|p2a: Altaria|Dragon Dance|p2a: Altaria\n|-boost|p2a: Altaria|atk|1\n|-boost|p2a: Altaria|spe|1\n|\n|upkeep\n|turn|22\n|\n|t:|1615432058\n|move|p2a: Altaria|Frustration|p1a: Gliscor\n|-damage|p1a: Gliscor|56\/100 tox\n|move|p1a: Gliscor|Swords Dance|p1a: Gliscor\n|-boost|p1a: Gliscor|atk|2\n|\n|-heal|p1a: Gliscor|68\/100 tox|[from] ability: Poison Heal\n|upkeep\n|turn|23\n|\n|t:|1615432061\n|switch|p2a: Corviknight|Corviknight, F, shiny|100\/100\n|-ability|p2a: Corviknight|Pressure\n|move|p1a: Gliscor|Roost|p1a: Gliscor\n|-heal|p1a: Gliscor|100\/100 tox\n|-singleturn|p1a: Gliscor|move: Roost\n|\n|upkeep\n|turn|24\n|j| Alan Sapinsly\n|\n|t:|1615432069\n|switch|p1a: Zapdos|Zapdos|100\/100\n|move|p2a: Corviknight|Iron Defense|p2a: Corviknight\n|-boost|p2a: Corviknight|def|2\n|\n|upkeep\n|turn|25\n|\n|t:|1615432071\n|switch|p2a: Gliscor|Gliscor, M, shiny|100\/100\n|move|p1a: Zapdos|Thunderbolt|p2a: Gliscor\n|-immune|p2a: Gliscor\n|\n|-status|p2a: Gliscor|tox|[from] item: Toxic Orb\n|upkeep\n|turn|26\n|\n|t:|1615432075\n|switch|p1a: Gliscor|Gliscor, M|100\/100 tox\n|move|p2a: Gliscor|Swords Dance|p2a: Gliscor\n|-boost|p2a: Gliscor|atk|2\n|\n|upkeep\n|turn|27\n|\n|t:|1615432078\n|move|p2a: Gliscor|Facade|p1a: Gliscor\n|-damage|p1a: Gliscor|63\/100 tox\n|move|p1a: Gliscor|Swords Dance|p1a: Gliscor\n|-boost|p1a: Gliscor|atk|2\n|\n|-heal|p1a: Gliscor|76\/100 tox|[from] ability: Poison Heal\n|upkeep\n|turn|28\n|\n|t:|1615432081\n|switch|p2a: Corviknight|Corviknight, F, shiny|100\/100\n|-ability|p2a: Corviknight|Pressure\n|move|p1a: Gliscor|Roost|p1a: Gliscor\n|-heal|p1a: Gliscor|100\/100 tox\n|-singleturn|p1a: Gliscor|move: Roost\n|\n|upkeep\n|turn|29\n|\n|t:|1615432086\n|switch|p1a: Zapdos|Zapdos|100\/100\n|switch|p2a: Slowbro|Slowbro, M|83\/100\n|\n|upkeep\n|turn|30\n|\n|t:|1615432108\n|switch|p2a: Gliscor|Gliscor, M, shiny|100\/100 tox\n|move|p1a: Zapdos|Hurricane|p2a: Gliscor\n|-damage|p2a: Gliscor|59\/100 tox\n|\n|-heal|p2a: Gliscor|71\/100 tox|[from] ability: Poison Heal\n|upkeep\n|turn|31\n|\n|t:|1615432114\n|switch|p1a: Gliscor|Gliscor, M|100\/100 tox\n|move|p2a: Gliscor|Roost|p2a: Gliscor\n|-heal|p2a: Gliscor|100\/100 tox\n|-singleturn|p2a: Gliscor|move: Roost\n|\n|upkeep\n|turn|32\n|\n|t:|1615432118\n|switch|p2a: Slowbro|Slowbro, M|100\/100\n|move|p1a: Gliscor|Swords Dance|p1a: Gliscor\n|-boost|p1a: Gliscor|atk|2\n|\n|upkeep\n|turn|33\n|\n|t:|1615432120\n|move|p1a: Gliscor|Earthquake|p2a: Slowbro\n|-damage|p2a: Slowbro|65\/100\n|move|p2a: Slowbro|Scald|p1a: Gliscor\n|-supereffective|p1a: Gliscor\n|-damage|p1a: Gliscor|23\/100 tox\n|\n|-heal|p1a: Gliscor|36\/100 tox|[from] ability: Poison Heal\n|upkeep\n|turn|34\n|\n|t:|1615432127\n|switch|p1a: Clefable|Clefable, F|100\/100\n|move|p2a: Slowbro|Scald|p1a: Clefable\n|-damage|p1a: Clefable|82\/100\n|\n|-heal|p1a: Clefable|88\/100|[from] item: Leftovers\n|upkeep\n|turn|35\n|\n|t:|1615432129\n|move|p1a: Clefable|Stealth Rock|p2a: Slowbro\n|-sidestart|p2: comradesquidwar|move: Stealth Rock\n|move|p2a: Slowbro|Thunder Wave|p1a: Clefable\n|-status|p1a: Clefable|par\n|\n|-heal|p1a: Clefable|94\/100 par|[from] item: Leftovers\n|upkeep\n|turn|36\n|\n|t:|1615432141\n|switch|p1a: Gliscor|Gliscor, M|36\/100 tox\n|move|p2a: Slowbro|Teleport|p2a: Slowbro\n|\n|t:|1615432143\n|switch|p2a: Corviknight|Corviknight, F, shiny|100\/100|[from]move: Teleport\n|-damage|p2a: Corviknight|88\/100|[from] Stealth Rock\n|-ability|p2a: Corviknight|Pressure\n|\n|-heal|p2a: Corviknight|94\/100|[from] item: Leftovers\n|-heal|p1a: Gliscor|48\/100 tox|[from] ability: Poison Heal\n|upkeep\n|turn|37\n|\n|t:|1615432145\n|move|p1a: Gliscor|Roost|p1a: Gliscor\n|-heal|p1a: Gliscor|98\/100 tox\n|-singleturn|p1a: Gliscor|move: Roost\n|move|p2a: Corviknight|Defog|p1a: Gliscor\n|-unboost|p1a: Gliscor|evasion|1\n|-sideend|p2: comradesquidwar|Stealth Rock|[from] move: Defog|[of] p2a: Corviknight\n|\n|-heal|p2a: Corviknight|100\/100|[from] item: Leftovers\n|-heal|p1a: Gliscor|100\/100 tox|[from] ability: Poison Heal\n|upkeep\n|turn|38\n|\n|t:|1615432169\n|switch|p1a: Zapdos|Zapdos|100\/100\n|switch|p2a: Gliscor|Gliscor, M, shiny|100\/100 tox\n|\n|upkeep\n|turn|39\n|\n|t:|1615432172\n|switch|p1a: Slowbro|Slowbro, F|100\/100\n|move|p2a: Gliscor|Swords Dance|p2a: Gliscor\n|-boost|p2a: Gliscor|atk|2\n|\n|upkeep\n|turn|40\n|\n|t:|1615432175\n|switch|p2a: Toxapex|Toxapex, M|100\/100\n|move|p1a: Slowbro|Scald|p2a: Toxapex\n|-resisted|p2a: Toxapex\n|-damage|p2a: Toxapex|91\/100\n|-status|p2a: Toxapex|brn\n|\n|-heal|p2a: Toxapex|97\/100 brn|[from] item: Black Sludge\n|-damage|p2a: Toxapex|91\/100 brn|[from] brn\n|upkeep\n|turn|41\n|\n|t:|1615432178\n|move|p2a: Toxapex|Toxic|p1a: Slowbro\n|-status|p1a: Slowbro|tox\n|move|p1a: Slowbro|Future Sight|p2a: Toxapex\n|-start|p1a: Slowbro|move: Future Sight\n|\n|-heal|p2a: Toxapex|97\/100 brn|[from] item: Black Sludge\n|-damage|p2a: Toxapex|91\/100 brn|[from] brn\n|-damage|p1a: Slowbro|94\/100 tox|[from] psn\n|upkeep\n|turn|42\n|\n|t:|1615432180\n|move|p2a: Toxapex|Knock Off|p1a: Slowbro\n|-supereffective|p1a: Slowbro\n|-damage|p1a: Slowbro|87\/100 tox\n|-enditem|p1a: Slowbro|Heavy-Duty Boots|[from] move: Knock Off|[of] p2a: Toxapex\n|move|p1a: Slowbro|Slack Off|p1a: Slowbro\n|-heal|p1a: Slowbro|100\/100 tox\n|\n|-heal|p2a: Toxapex|97\/100 brn|[from] item: Black Sludge\n|-damage|p2a: Toxapex|91\/100 brn|[from] brn\n|-damage|p1a: Slowbro|88\/100 tox|[from] psn\n|upkeep\n|turn|43\n|\n|t:|1615432184\n|switch|p2a: Slowbro|Slowbro, M|98\/100\n|move|p1a: Slowbro|Teleport|p1a: Slowbro\n|\n|t:|1615432188\n|switch|p1a: Latias|Latias-Mega, F|47\/100 par|[from]move: Teleport\n|\n|-end|p2a: Slowbro|move: Future Sight\n|-resisted|p2a: Slowbro\n|-damage|p2a: Slowbro|75\/100\n|upkeep\n|turn|44\n|\n|t:|1615432191\n|switch|p2a: Altaria|Altaria-Mega, M|100\/100\n|move|p1a: Latias|Roost|p1a: Latias\n|-heal|p1a: Latias|97\/100 par\n|-singleturn|p1a: Latias|move: Roost\n|\n|upkeep\n|turn|45\n|\n|t:|1615432194\n|switch|p1a: Gliscor|Gliscor, M|100\/100 tox\n|move|p2a: Altaria|Dragon Dance|p2a: Altaria\n|-boost|p2a: Altaria|atk|1\n|-boost|p2a: Altaria|spe|1\n|\n|upkeep\n|turn|46\n|\n|t:|1615432197\n|switch|p2a: Slowbro|Slowbro, M|100\/100\n|move|p1a: Gliscor|Facade|p2a: Slowbro\n|-damage|p2a: Slowbro|83\/100\n|-damage|p1a: Gliscor|84\/100 tox|[from] item: Rocky Helmet|[of] p2a: Slowbro\n|\n|-heal|p1a: Gliscor|96\/100 tox|[from] ability: Poison Heal\n|upkeep\n|turn|47\n|\n|t:|1615432202\n|switch|p1a: Clefable|Clefable, F|94\/100 par\n|move|p2a: Slowbro|Teleport|p2a: Slowbro\n|\n|t:|1615432203\n|switch|p2a: Heatran|Heatran, M|42\/100|[from]move: Teleport\n|\n|-heal|p2a: Heatran|48\/100|[from] item: Leftovers\n|-heal|p1a: Clefable|100\/100 par|[from] item: Leftovers\n|upkeep\n|turn|48\n|\n|t:|1615432209\n|move|p2a: Heatran|Taunt|p1a: Clefable\n|-start|p1a: Clefable|move: Taunt\n|cant|p1a: Clefable|move: Taunt|Stealth Rock\n|\n|-heal|p2a: Heatran|55\/100|[from] item: Leftovers\n|upkeep\n|turn|49\n|\n|t:|1615432213\n|switch|p1a: Gliscor|Gliscor, M|96\/100 tox\n|move|p2a: Heatran|Stealth Rock|p1a: Gliscor\n|-sidestart|p1: wsdfg|move: Stealth Rock\n|\n|-heal|p2a: Heatran|61\/100|[from] item: Leftovers\n|-heal|p1a: Gliscor|100\/100 tox|[from] ability: Poison Heal\n|upkeep\n|turn|50\n|\n|t:|1615432221\n|switch|p1a: Zapdos|Zapdos|100\/100\n|switch|p2a: Slowbro|Slowbro, M|100\/100\n|\n|upkeep\n|turn|51\n|\n|t:|1615432225\n|move|p1a: Zapdos|Defog|p2a: Slowbro\n|-unboost|p2a: Slowbro|evasion|1\n|-sideend|p1: wsdfg|Stealth Rock|[from] move: Defog|[of] p1a: Zapdos\n|move|p2a: Slowbro|Teleport|p2a: Slowbro\n|\n|t:|1615432227\n|switch|p2a: Altaria|Altaria-Mega, M|100\/100|[from]move: Teleport\n|\n|upkeep\n|turn|52\n|\n|t:|1615432241\n|switch|p1a: Gliscor|Gliscor, M|100\/100 tox\n|move|p2a: Altaria|Dragon Dance|p2a: Altaria\n|-boost|p2a: Altaria|atk|1\n|-boost|p2a: Altaria|spe|1\n|\n|upkeep\n|turn|53\n|\n|t:|1615432246\n|move|p2a: Altaria|Frustration|p1a: Gliscor\n|-damage|p1a: Gliscor|58\/100 tox\n|move|p1a: Gliscor|Swords Dance|p1a: Gliscor\n|-boost|p1a: Gliscor|atk|2\n|\n|-heal|p1a: Gliscor|71\/100 tox|[from] ability: Poison Heal\n|upkeep\n|turn|54\n|\n|t:|1615432251\n|switch|p2a: Slowbro|Slowbro, M|100\/100\n|move|p1a: Gliscor|Earthquake|p2a: Slowbro\n|-damage|p2a: Slowbro|59\/100\n|\n|-heal|p1a: Gliscor|83\/100 tox|[from] ability: Poison Heal\n|upkeep\n|turn|55\n|\n|t:|1615432253\n|move|p1a: Gliscor|Earthquake|p2a: Slowbro\n|-damage|p2a: Slowbro|18\/100\n|move|p2a: Slowbro|Scald|p1a: Gliscor\n|-supereffective|p1a: Gliscor\n|-damage|p1a: Gliscor|12\/100 tox\n|\n|-heal|p1a: Gliscor|25\/100 tox|[from] ability: Poison Heal\n|upkeep\n|turn|56\n|\n|t:|1615432258\n|switch|p2a: Corviknight|Corviknight, F, shiny|100\/100\n|-ability|p2a: Corviknight|Pressure\n|move|p1a: Gliscor|Roost|p1a: Gliscor\n|-heal|p1a: Gliscor|75\/100 tox\n|-singleturn|p1a: Gliscor|move: Roost\n|\n|-heal|p1a: Gliscor|87\/100 tox|[from] ability: Poison Heal\n|upkeep\n|turn|57\n|\n|t:|1615432266\n|switch|p1a: Zapdos|Zapdos|100\/100\n|switch|p2a: Gliscor|Gliscor, M, shiny|100\/100 tox\n|\n|upkeep\n|turn|58\n|\n|t:|1615432272\n|switch|p1a: Slowbro|Slowbro, F|100\/100 tox\n|move|p2a: Gliscor|Swords Dance|p2a: Gliscor\n|-boost|p2a: Gliscor|atk|2\n|\n|-damage|p1a: Slowbro|94\/100 tox|[from] psn\n|upkeep\n|turn|59\n|\n|t:|1615432277\n|move|p2a: Gliscor|Swords Dance|p2a: Gliscor\n|-boost|p2a: Gliscor|atk|2\n|move|p1a: Slowbro|Future Sight|p2a: Gliscor\n|-start|p1a: Slowbro|move: Future Sight\n|\n|-damage|p1a: Slowbro|82\/100 tox|[from] psn\n|upkeep\n|turn|60\n|\n|t:|1615432278\n|move|p2a: Gliscor|Earthquake|p1a: Slowbro\n|-damage|p1a: Slowbro|29\/100 tox\n|move|p1a: Slowbro|Scald|p2a: Gliscor\n|-supereffective|p2a: Gliscor\n|-damage|p2a: Gliscor|49\/100 tox\n|\n|-heal|p2a: Gliscor|62\/100 tox|[from] ability: Poison Heal\n|-damage|p1a: Slowbro|10\/100 tox|[from] psn\n|upkeep\n|turn|61\n|\n|t:|1615432283\n|switch|p1a: Gliscor|Gliscor, M|87\/100 tox\n|move|p2a: Gliscor|Roost|p2a: Gliscor\n|-heal|p2a: Gliscor|100\/100 tox\n|-singleturn|p2a: Gliscor|move: Roost\n|\n|-end|p2a: Gliscor|move: Future Sight\n|-damage|p2a: Gliscor|59\/100 tox\n|-heal|p2a: Gliscor|72\/100 tox|[from] ability: Poison Heal\n|-heal|p1a: Gliscor|99\/100 tox|[from] ability: Poison Heal\n|upkeep\n|turn|62\n|\n|t:|1615432290\n|move|p2a: Gliscor|Facade|p1a: Gliscor\n|-damage|p1a: Gliscor|38\/100 tox\n|move|p1a: Gliscor|Swords Dance|p1a: Gliscor\n|-boost|p1a: Gliscor|atk|2\n|\n|-heal|p2a: Gliscor|84\/100 tox|[from] ability: Poison Heal\n|-heal|p1a: Gliscor|51\/100 tox|[from] ability: Poison Heal\n|upkeep\n|turn|63\n|\n|t:|1615432293\n|move|p2a: Gliscor|Facade|p1a: Gliscor\n|-damage|p1a: Gliscor|0 fnt\n|faint|p1a: Gliscor\n|\n|-heal|p2a: Gliscor|97\/100 tox|[from] ability: Poison Heal\n|upkeep\n|-message|wsdfg forfeited.\n|\n|win|comradesquidwar\n|raw|wsdfg's rating: 1485 &rarr; <strong>1476<\/strong><br \/>(-9 for losing)\n|raw|comradesquidwar's rating: 1708 &rarr; <strong>1715<\/strong><br \/>(+7 for winning)\n|l|\u2606wsdfg\n|c|\u2606comradesquidwar|gg\n","uploadtime":1615432304,"views":17,"p1id":"wsdfg","p2id":"comradesquidwar","formatid":"gen8nationaldex","rating":1476,"private":0,"password":null}