{"id":"gen8ou-1335235299","p1":"Hidaddi","p2":"I'M AT MY LIMIT","format":"gen8ou","log":"|j|\u2606Hidaddi\n|j|\u2606I'M AT MY LIMIT\n|t:|1620275293\n|gametype|singles\n|player|p1|Hidaddi|265|1502\n|player|p2|I'M AT MY LIMIT|rosa|1503\n|teamsize|p1|6\n|teamsize|p2|6\n|gen|8\n|tier|[Gen 8] OU\n|rated|\n|clearpoke\n|poke|p1|Garchomp, F|\n|poke|p1|Heatran, F|\n|poke|p1|Mandibuzz, F|\n|poke|p1|Melmetal|\n|poke|p1|Slowbro, F|\n|poke|p1|Rillaboom, M|\n|poke|p2|Corviknight, M|\n|poke|p2|Slowbro, F|\n|poke|p2|Garchomp, M|\n|poke|p2|Volcarona, M|\n|poke|p2|Audino, F|\n|poke|p2|Melmetal|\n|rule|Sleep Clause Mod: Limit one foe put to sleep\n|rule|Species Clause: Limit one of each Pok\u00e9mon\n|rule|OHKO Clause: OHKO moves are banned\n|rule|Evasion Moves Clause: Evasion moves are banned\n|rule|Endless Battle Clause: Forcing endless battles is banned\n|rule|HP Percentage Mod: HP is shown in percentages\n|rule|Dynamax Clause: You cannot dynamax\n|teampreview\n|inactive|Battle timer is ON: inactive players will automatically lose when time's up. (requested by I'M AT MY LIMIT)\n|j| fgdfgdfgdgfd\n|inactive|I'M AT MY LIMIT has 120 seconds left.\n|\n|t:|1620275345\n|start\n|switch|p1a: Garchomp|Garchomp, F|100\/100\n|switch|p2a: Slowbruh \ud83c\udfc3|Slowbro, F|100\/100\n|turn|1\n|l|\u2606Hidaddi\n|inactive|Hidaddi disconnected and has a minute to reconnect!\n|player|p1|\n|j|\u2606Hidaddi\n|inactive|Hidaddi reconnected and has 135 seconds left.\n|player|p1|Hidaddi|265\n|\n|t:|1620275375\n|switch|p1a: Heatran|Heatran, F|100\/100\n|move|p2a: Slowbruh \ud83c\udfc3|Ice Beam|p1a: Heatran\n|-resisted|p1a: Heatran\n|-damage|p1a: Heatran|96\/100\n|\n|-heal|p1a: Heatran|100\/100|[from] item: Leftovers\n|upkeep\n|turn|2\n|\n|t:|1620275383\n|move|p1a: Heatran|Toxic|p2a: Slowbruh \ud83c\udfc3\n|-status|p2a: Slowbruh \ud83c\udfc3|tox\n|move|p2a: Slowbruh \ud83c\udfc3|Teleport|p2a: Slowbruh \ud83c\udfc3\n|\n|t:|1620275385\n|switch|p2a: Land shark \ud83c\udf0a\u2600|Garchomp, M|100\/100|[from]move: Teleport\n|\n|upkeep\n|turn|3\n|\n|t:|1620275390\n|move|p1a: Heatran|Taunt|p2a: Land shark \ud83c\udf0a\u2600\n|-start|p2a: Land shark \ud83c\udf0a\u2600|move: Taunt\n|cant|p2a: Land shark \ud83c\udf0a\u2600|move: Taunt|Stealth Rock\n|\n|upkeep\n|turn|4\n|\n|t:|1620275397\n|switch|p1a: Garchomp|Garchomp, F|100\/100\n|move|p2a: Land shark \ud83c\udf0a\u2600|Earthquake|p1a: Garchomp\n|-damage|p1a: Garchomp|62\/100\n|\n|-heal|p1a: Garchomp|68\/100|[from] item: Leftovers\n|upkeep\n|turn|5\n|\n|t:|1620275405\n|switch|p2a: Slowbruh \ud83c\udfc3|Slowbro, F|100\/100 tox\n|move|p1a: Garchomp|Stealth Rock|p2a: Slowbruh \ud83c\udfc3\n|-sidestart|p2: I'M AT MY LIMIT|move: Stealth Rock\n|\n|-heal|p1a: Garchomp|74\/100|[from] item: Leftovers\n|-damage|p2a: Slowbruh \ud83c\udfc3|94\/100 tox|[from] psn\n|upkeep\n|turn|6\n|\n|t:|1620275413\n|move|p1a: Garchomp|Breaking Swipe|p2a: Slowbruh \ud83c\udfc3\n|-damage|p2a: Slowbruh \ud83c\udfc3|80\/100 tox\n|-unboost|p2a: Slowbruh \ud83c\udfc3|atk|1\n|move|p2a: Slowbruh \ud83c\udfc3|Teleport|p2a: Slowbruh \ud83c\udfc3\n|\n|t:|1620275421\n|switch|p2a: Amazon prime|Corviknight, M, shiny|100\/100|[from]move: Teleport\n|-damage|p2a: Amazon prime|88\/100|[from] Stealth Rock\n|-ability|p2a: Amazon prime|Pressure\n|\n|-heal|p1a: Garchomp|80\/100|[from] item: Leftovers\n|upkeep\n|turn|7\n|\n|t:|1620275431\n|move|p1a: Garchomp|Stealth Rock||[still]\n|-fail|p1a: Garchomp\n|move|p2a: Amazon prime|Defog|p1a: Garchomp\n|-unboost|p1a: Garchomp|evasion|1\n|-sideend|p2: I'M AT MY LIMIT|Stealth Rock|[from] move: Defog|[of] p2a: Amazon prime\n|\n|-heal|p1a: Garchomp|86\/100|[from] item: Leftovers\n|upkeep\n|turn|8\n|\n|t:|1620275438\n|switch|p2a: Slowbruh \ud83c\udfc3|Slowbro, F|100\/100 tox\n|move|p1a: Garchomp|Stealth Rock|p2a: Slowbruh \ud83c\udfc3\n|-sidestart|p2: I'M AT MY LIMIT|move: Stealth Rock\n|\n|-heal|p1a: Garchomp|93\/100|[from] item: Leftovers\n|-damage|p2a: Slowbruh \ud83c\udfc3|94\/100 tox|[from] psn\n|upkeep\n|turn|9\n|\n|t:|1620275445\n|switch|p1a: Slowbro|Slowbro, F|100\/100\n|move|p2a: Slowbruh \ud83c\udfc3|Ice Beam|p1a: Slowbro\n|-resisted|p1a: Slowbro\n|-damage|p1a: Slowbro|90\/100\n|\n|-heal|p1a: Slowbro|96\/100|[from] item: Leftovers\n|-damage|p2a: Slowbruh \ud83c\udfc3|82\/100 tox|[from] psn\n|upkeep\n|turn|10\n|\n|t:|1620275454\n|move|p1a: Slowbro|Calm Mind|p1a: Slowbro\n|-boost|p1a: Slowbro|spa|1\n|-boost|p1a: Slowbro|spd|1\n|move|p2a: Slowbruh \ud83c\udfc3|Teleport|p2a: Slowbruh \ud83c\udfc3\n|\n|t:|1620275468\n|switch|p2a: BlissClefPex \ud83c\udf20|Audino, F|100\/100|[from]move: Teleport\n|-damage|p2a: BlissClefPex \ud83c\udf20|88\/100|[from] Stealth Rock\n|\n|-heal|p2a: BlissClefPex \ud83c\udf20|94\/100|[from] item: Leftovers\n|-heal|p1a: Slowbro|100\/100|[from] item: Leftovers\n|upkeep\n|turn|11\n|\n|t:|1620275478\n|switch|p1a: Heatran|Heatran, F|100\/100\n|move|p2a: BlissClefPex \ud83c\udf20|Knock Off|p1a: Heatran\n|-damage|p1a: Heatran|87\/100\n|-enditem|p1a: Heatran|Leftovers|[from] move: Knock Off|[of] p2a: BlissClefPex \ud83c\udf20\n|\n|-heal|p2a: BlissClefPex \ud83c\udf20|99\/100|[from] item: Leftovers\n|upkeep\n|turn|12\n|\n|t:|1620275489\n|switch|p2a: Land shark \ud83c\udf0a\u2600|Garchomp, M|100\/100\n|-damage|p2a: Land shark \ud83c\udf0a\u2600|94\/100|[from] Stealth Rock\n|move|p1a: Heatran|Toxic|p2a: Land shark \ud83c\udf0a\u2600\n|-status|p2a: Land shark \ud83c\udf0a\u2600|tox\n|\n|-heal|p2a: Land shark \ud83c\udf0a\u2600|100\/100 tox|[from] item: Leftovers\n|-damage|p2a: Land shark \ud83c\udf0a\u2600|94\/100 tox|[from] psn\n|upkeep\n|turn|13\n|\n|t:|1620275499\n|switch|p1a: Mandibuzz|Mandibuzz, F|100\/100\n|move|p2a: Land shark \ud83c\udf0a\u2600|Stealth Rock|p1a: Mandibuzz\n|-sidestart|p1: Hidaddi|move: Stealth Rock\n|\n|-heal|p2a: Land shark \ud83c\udf0a\u2600|100\/100 tox|[from] item: Leftovers\n|-damage|p2a: Land shark \ud83c\udf0a\u2600|88\/100 tox|[from] psn\n|upkeep\n|turn|14\n|\n|t:|1620275510\n|switch|p2a: Amazon prime|Corviknight, M, shiny|88\/100\n|-damage|p2a: Amazon prime|75\/100|[from] Stealth Rock\n|-ability|p2a: Amazon prime|Pressure\n|move|p1a: Mandibuzz|Defog|p2a: Amazon prime\n|-unboost|p2a: Amazon prime|evasion|1\n|-sideend|p2: I'M AT MY LIMIT|Stealth Rock|[from] move: Defog|[of] p1a: Mandibuzz\n|-sideend|p1: Hidaddi|Stealth Rock|[from] move: Defog|[of] p1a: Mandibuzz\n|\n|upkeep\n|turn|15\n|\n|t:|1620275519\n|switch|p1a: Heatran|Heatran, F|87\/100\n|switch|p2a: BlissClefPex \ud83c\udf20|Audino, F|100\/100\n|\n|upkeep\n|turn|16\n|\n|t:|1620275524\n|switch|p2a: Land shark \ud83c\udf0a\u2600|Garchomp, M|88\/100 tox\n|move|p1a: Heatran|Taunt|p2a: Land shark \ud83c\udf0a\u2600\n|-start|p2a: Land shark \ud83c\udf0a\u2600|move: Taunt\n|\n|-heal|p2a: Land shark \ud83c\udf0a\u2600|94\/100 tox|[from] item: Leftovers\n|-damage|p2a: Land shark \ud83c\udf0a\u2600|88\/100 tox|[from] psn\n|upkeep\n|turn|17\n|\n|t:|1620275537\n|switch|p1a: Slowbro|Slowbro, F|100\/100\n|switch|p2a: BlissClefPex \ud83c\udf20|Audino, F|100\/100\n|\n|upkeep\n|turn|18\n|\n|t:|1620275546\n|switch|p1a: Heatran|Heatran, F|87\/100\n|move|p2a: BlissClefPex \ud83c\udf20|Heal Bell|p2a: BlissClefPex \ud83c\udf20\n|-activate|p2a: BlissClefPex \ud83c\udf20|move: Heal Bell\n|-curestatus|p2: Land shark \ud83c\udf0a\u2600|tox|[msg]\n|-curestatus|p2: Slowbruh \ud83c\udfc3|tox|[msg]\n|\n|upkeep\n|turn|19\n|\n|t:|1620275554\n|switch|p2a: IRON GIANT \ud83d\udd27|Melmetal|100\/100\n|move|p1a: Heatran|Magma Storm|p2a: IRON GIANT \ud83d\udd27|[miss]\n|-miss|p1a: Heatran|p2a: IRON GIANT \ud83d\udd27\n|\n|upkeep\n|turn|20\n|\n|t:|1620275563\n|switch|p1a: Garchomp|Garchomp, F|93\/100\n|move|p2a: IRON GIANT \ud83d\udd27|Earthquake|p1a: Garchomp\n|-damage|p1a: Garchomp|60\/100\n|\n|-heal|p1a: Garchomp|66\/100|[from] item: Leftovers\n|upkeep\n|turn|21\n|\n|t:|1620275571\n|switch|p2a: Amazon prime|Corviknight, M, shiny|75\/100\n|-ability|p2a: Amazon prime|Pressure\n|move|p1a: Garchomp|Breaking Swipe|p2a: Amazon prime\n|-resisted|p2a: Amazon prime\n|-damage|p2a: Amazon prime|67\/100\n|-unboost|p2a: Amazon prime|atk|1\n|\n|-heal|p1a: Garchomp|72\/100|[from] item: Leftovers\n|upkeep\n|turn|22\n|\n|t:|1620275581\n|move|p2a: Amazon prime|Roost|p2a: Amazon prime\n|-heal|p2a: Amazon prime|100\/100\n|-singleturn|p2a: Amazon prime|move: Roost\n|move|p1a: Garchomp|Roar|p2a: Amazon prime\n|drag|p2a: Slowbruh \ud83c\udfc3|Slowbro, F|100\/100\n|\n|-heal|p1a: Garchomp|78\/100|[from] item: Leftovers\n|upkeep\n|turn|23\n|\n|t:|1620275589\n|switch|p1a: Heatran|Heatran, F|87\/100\n|switch|p2a: Amazon prime|Corviknight, M, shiny|100\/100\n|-ability|p2a: Amazon prime|Pressure\n|\n|upkeep\n|turn|24\n|\n|t:|1620275598\n|switch|p2a: Land shark \ud83c\udf0a\u2600|Garchomp, M|88\/100\n|move|p1a: Heatran|Magma Storm|p2a: Land shark \ud83c\udf0a\u2600|[miss]\n|-miss|p1a: Heatran|p2a: Land shark \ud83c\udf0a\u2600\n|\n|-heal|p2a: Land shark \ud83c\udf0a\u2600|94\/100|[from] item: Leftovers\n|upkeep\n|turn|25\n|\n|t:|1620275606\n|switch|p1a: Slowbro|Slowbro, F|100\/100\n|move|p2a: Land shark \ud83c\udf0a\u2600|Earthquake|p1a: Slowbro\n|-damage|p1a: Slowbro|74\/100\n|\n|-heal|p2a: Land shark \ud83c\udf0a\u2600|100\/100|[from] item: Leftovers\n|-heal|p1a: Slowbro|80\/100|[from] item: Leftovers\n|upkeep\n|turn|26\n|\n|t:|1620275615\n|switch|p2a: BlissClefPex \ud83c\udf20|Audino, F|100\/100\n|move|p1a: Slowbro|Scald|p2a: BlissClefPex \ud83c\udf20\n|-damage|p2a: BlissClefPex \ud83c\udf20|83\/100\n|\n|-heal|p2a: BlissClefPex \ud83c\udf20|89\/100|[from] item: Leftovers\n|-heal|p1a: Slowbro|86\/100|[from] item: Leftovers\n|upkeep\n|turn|27\n|\n|t:|1620275629\n|switch|p1a: Heatran|Heatran, F|87\/100\n|move|p2a: BlissClefPex \ud83c\udf20|Knock Off|p1a: Heatran\n|-damage|p1a: Heatran|78\/100\n|\n|-heal|p2a: BlissClefPex \ud83c\udf20|95\/100|[from] item: Leftovers\n|upkeep\n|turn|28\n|\n|t:|1620275636\n|move|p2a: BlissClefPex \ud83c\udf20|Protect|p2a: BlissClefPex \ud83c\udf20\n|-singleturn|p2a: BlissClefPex \ud83c\udf20|Protect\n|move|p1a: Heatran|Toxic|p2a: BlissClefPex \ud83c\udf20\n|-activate|p2a: BlissClefPex \ud83c\udf20|move: Protect\n|\n|-heal|p2a: BlissClefPex \ud83c\udf20|100\/100|[from] item: Leftovers\n|upkeep\n|turn|29\n|\n|t:|1620275642\n|switch|p2a: Land shark \ud83c\udf0a\u2600|Garchomp, M|100\/100\n|move|p1a: Heatran|Magma Storm|p2a: Land shark \ud83c\udf0a\u2600\n|-resisted|p2a: Land shark \ud83c\udf0a\u2600\n|-damage|p2a: Land shark \ud83c\udf0a\u2600|85\/100\n|-activate|p2a: Land shark \ud83c\udf0a\u2600|move: Magma Storm|[of] p1a: Heatran\n|\n|-heal|p2a: Land shark \ud83c\udf0a\u2600|91\/100|[from] item: Leftovers\n|-damage|p2a: Land shark \ud83c\udf0a\u2600|78\/100|[from] move: Magma Storm|[partiallytrapped]\n|upkeep\n|turn|30\n|\n|t:|1620275651\n|move|p1a: Heatran|Toxic|p2a: Land shark \ud83c\udf0a\u2600\n|-status|p2a: Land shark \ud83c\udf0a\u2600|tox\n|move|p2a: Land shark \ud83c\udf0a\u2600|Earthquake|p1a: Heatran\n|-supereffective|p1a: Heatran\n|-damage|p1a: Heatran|0 fnt\n|faint|p1a: Heatran\n|\n|-heal|p2a: Land shark \ud83c\udf0a\u2600|85\/100 tox|[from] item: Leftovers\n|-damage|p2a: Land shark \ud83c\udf0a\u2600|78\/100 tox|[from] psn\n|-end|p2a: Land shark \ud83c\udf0a\u2600|Magma Storm|[partiallytrapped]|[silent]\n|upkeep\n|\n|t:|1620275667\n|switch|p1a: Slowbro|Slowbro, F|86\/100\n|turn|31\n|\n|t:|1620275694\n|switch|p2a: BlissClefPex \ud83c\udf20|Audino, F|100\/100\n|move|p1a: Slowbro|Calm Mind|p1a: Slowbro\n|-boost|p1a: Slowbro|spa|1\n|-boost|p1a: Slowbro|spd|1\n|\n|-heal|p1a: Slowbro|93\/100|[from] item: Leftovers\n|upkeep\n|turn|32\n|\n|t:|1620275706\n|move|p2a: BlissClefPex \ud83c\udf20|Knock Off|p1a: Slowbro\n|-supereffective|p1a: Slowbro\n|-damage|p1a: Slowbro|73\/100\n|-enditem|p1a: Slowbro|Leftovers|[from] move: Knock Off|[of] p2a: BlissClefPex \ud83c\udf20\n|move|p1a: Slowbro|Calm Mind|p1a: Slowbro\n|-boost|p1a: Slowbro|spa|1\n|-boost|p1a: Slowbro|spd|1\n|\n|upkeep\n|turn|33\n|\n|t:|1620275713\n|move|p2a: BlissClefPex \ud83c\udf20|Heal Bell|p2a: BlissClefPex \ud83c\udf20\n|-activate|p2a: BlissClefPex \ud83c\udf20|move: Heal Bell\n|-curestatus|p2: Land shark \ud83c\udf0a\u2600|tox|[msg]\n|move|p1a: Slowbro|Calm Mind|p1a: Slowbro\n|-boost|p1a: Slowbro|spa|1\n|-boost|p1a: Slowbro|spd|1\n|\n|upkeep\n|turn|34\n|\n|t:|1620275719\n|switch|p2a: Slowbruh \ud83c\udfc3|Slowbro, F|100\/100\n|move|p1a: Slowbro|Calm Mind|p1a: Slowbro\n|-boost|p1a: Slowbro|spa|1\n|-boost|p1a: Slowbro|spd|1\n|\n|upkeep\n|turn|35\n|\n|t:|1620275728\n|move|p1a: Slowbro|Calm Mind|p1a: Slowbro\n|-boost|p1a: Slowbro|spa|1\n|-boost|p1a: Slowbro|spd|1\n|move|p2a: Slowbruh \ud83c\udfc3|Teleport|p2a: Slowbruh \ud83c\udfc3\n|\n|t:|1620275729\n|switch|p2a: Land shark \ud83c\udf0a\u2600|Garchomp, M|78\/100|[from]move: Teleport\n|\n|-heal|p2a: Land shark \ud83c\udf0a\u2600|85\/100|[from] item: Leftovers\n|upkeep\n|turn|36\n|\n|t:|1620275740\n|move|p1a: Slowbro|Slack Off|p1a: Slowbro\n|-heal|p1a: Slowbro|100\/100\n|move|p2a: Land shark \ud83c\udf0a\u2600|Dragon Tail|p1a: Slowbro\n|-damage|p1a: Slowbro|83\/100\n|drag|p1a: Melmetal|Melmetal|100\/100\n|\n|-heal|p2a: Land shark \ud83c\udf0a\u2600|91\/100|[from] item: Leftovers\n|upkeep\n|turn|37\n|\n|t:|1620275748\n|switch|p2a: KYUREJ \ud83e\udd19|Volcarona, M, shiny|100\/100\n|move|p1a: Melmetal|Ice Punch|p2a: KYUREJ \ud83e\udd19\n|-resisted|p2a: KYUREJ \ud83e\udd19\n|-damage|p2a: KYUREJ \ud83e\udd19|85\/100\n|\n|upkeep\n|turn|38\n|\n|t:|1620275761\n|move|p2a: KYUREJ \ud83e\udd19|Quiver Dance|p2a: KYUREJ \ud83e\udd19\n|-boost|p2a: KYUREJ \ud83e\udd19|spa|1\n|-boost|p2a: KYUREJ \ud83e\udd19|spd|1\n|-boost|p2a: KYUREJ \ud83e\udd19|spe|1\n|move|p1a: Melmetal|Double Iron Bash|p2a: KYUREJ \ud83e\udd19\n|-resisted|p2a: KYUREJ \ud83e\udd19\n|-damage|p2a: KYUREJ \ud83e\udd19|63\/100\n|-resisted|p2a: KYUREJ \ud83e\udd19\n|-damage|p2a: KYUREJ \ud83e\udd19|43\/100\n|-hitcount|p2a: KYUREJ \ud83e\udd19|2\n|\n|upkeep\n|turn|39\n|\n|t:|1620275769\n|move|p2a: KYUREJ \ud83e\udd19|Roost|p2a: KYUREJ \ud83e\udd19\n|-heal|p2a: KYUREJ \ud83e\udd19|93\/100\n|-singleturn|p2a: KYUREJ \ud83e\udd19|move: Roost\n|move|p1a: Melmetal|Double Iron Bash|p2a: KYUREJ \ud83e\udd19\n|-resisted|p2a: KYUREJ \ud83e\udd19\n|-damage|p2a: KYUREJ \ud83e\udd19|73\/100\n|-status|p1a: Melmetal|brn|[from] ability: Flame Body|[of] p2a: KYUREJ \ud83e\udd19\n|-resisted|p2a: KYUREJ \ud83e\udd19\n|-damage|p2a: KYUREJ \ud83e\udd19|64\/100\n|-hitcount|p2a: KYUREJ \ud83e\udd19|2\n|\n|-damage|p1a: Melmetal|94\/100 brn|[from] brn\n|upkeep\n|turn|40\n|-message|Hidaddi forfeited.\n|\n|win|I'M AT MY LIMIT\n|raw|Hidaddi's rating: 1502 &rarr; <strong>1482<\/strong><br \/>(-20 for losing)\n|raw|I&apos;M AT MY LIMIT's rating: 1503 &rarr; <strong>1523<\/strong><br \/>(+20 for winning)\n|l|\u2606Hidaddi\n|c|\u2606I'M AT MY LIMIT|?\n","uploadtime":1620276155,"views":21,"p1id":"hidaddi","p2id":"imatmylimit","formatid":"gen8ou","rating":1482,"private":0,"password":null}