{"id":"gen8uu-1315000151","p1":"Diameter\u272fXtreme","p2":"Andehit","format":"gen8uu","log":"|j|\u2606Diameter\u272fXtreme\n|j|\u2606Andehit\n|t:|1617550366\n|gametype|singles\n|player|p1|Diameter\u272fXtreme|jasmine-gen2|\n|player|p2|Andehit|backersf|\n|teamsize|p1|6\n|teamsize|p2|6\n|gen|8\n|tier|[Gen 8] UU\n|rated|Tournament battle\n|clearpoke\n|poke|p1|Charizard, F|\n|poke|p1|Hatterene, F|\n|poke|p1|Venusaur, F|\n|poke|p1|Darmanitan, M|\n|poke|p1|Slowbro-Galar, F|\n|poke|p1|Torkoal, F|\n|poke|p2|Amoonguss, F|\n|poke|p2|Azumarill, M|\n|poke|p2|Metagross|\n|poke|p2|Kommo-o, M|\n|poke|p2|Rotom-Heat|\n|poke|p2|Shuckle, M|\n|rule|Sleep Clause Mod: Limit one foe put to sleep\n|rule|Species Clause: Limit one of each Pok\u00e9mon\n|rule|OHKO Clause: OHKO moves are banned\n|rule|Evasion Moves Clause: Evasion moves are banned\n|rule|Endless Battle Clause: Forcing endless battles is banned\n|rule|HP Percentage Mod: HP is shown in percentages\n|rule|Dynamax Clause: You cannot dynamax\n|teampreview\n|j|*Lady Monita\n|j| inertialinitiative\n|c|\u2606Andehit|hf\n|j| Kilu190\n|c|\u2606Diameter\u272fXtreme|u2\n|j| myjava\u203d\n|j| MythicalDeerling\n|j| Rafaella210599\n|\n|t:|1617550391\n|start\n|switch|p1a: Torkoal|Torkoal, F|100\/100\n|switch|p2a: Azumarill|Azumarill, M|100\/100\n|-weather|SunnyDay|[from] ability: Drought|[of] p1a: Torkoal\n|turn|1\n|\n|t:|1617550396\n|move|p2a: Azumarill|Belly Drum|p2a: Azumarill\n|-damage|p2a: Azumarill|50\/100\n|-setboost|p2a: Azumarill|atk|6|[from] move: Belly Drum\n|-enditem|p2a: Azumarill|Sitrus Berry|[eat]\n|-heal|p2a: Azumarill|75\/100|[from] item: Sitrus Berry\n|move|p1a: Torkoal|Yawn|p2a: Azumarill\n|-start|p2a: Azumarill|move: Yawn|[of] p1a: Torkoal\n|\n|-weather|SunnyDay|[upkeep]\n|upkeep\n|turn|2\n|\n|t:|1617550400\n|move|p2a: Azumarill|Aqua Jet|p1a: Torkoal\n|-supereffective|p1a: Torkoal\n|-damage|p1a: Torkoal|46\/100\n|move|p1a: Torkoal|Stealth Rock|p2a: Azumarill\n|-sidestart|p2: Andehit|move: Stealth Rock\n|\n|-weather|SunnyDay|[upkeep]\n|-end|p2a: Azumarill|move: Yawn|[silent]\n|-status|p2a: Azumarill|slp\n|upkeep\n|turn|3\n|\n|t:|1617550404\n|switch|p1a: Venusaur|Venusaur, F|100\/100\n|cant|p2a: Azumarill|slp\n|\n|-weather|SunnyDay|[upkeep]\n|upkeep\n|turn|4\n|\n|t:|1617550407\n|move|p1a: Venusaur|Growth|p1a: Venusaur\n|-boost|p1a: Venusaur|atk|2\n|-boost|p1a: Venusaur|spa|2\n|cant|p2a: Azumarill|slp\n|\n|-weather|SunnyDay|[upkeep]\n|upkeep\n|turn|5\n|\n|t:|1617550410\n|move|p1a: Venusaur|Sludge Bomb|p2a: Azumarill\n|-supereffective|p2a: Azumarill\n|-damage|p2a: Azumarill|0 fnt\n|-damage|p1a: Venusaur|91\/100|[from] item: Life Orb\n|faint|p2a: Azumarill\n|\n|-weather|SunnyDay|[upkeep]\n|upkeep\n|c|\u2606Andehit|And i messed up\n|\n|t:|1617550430\n|switch|p2a: Rotom|Rotom-Heat|100\/100\n|turn|6\n|\n|t:|1617550432\n|move|p1a: Venusaur|Sludge Bomb|p2a: Rotom\n|-damage|p2a: Rotom|0 fnt\n|-damage|p1a: Venusaur|81\/100|[from] item: Life Orb\n|faint|p2a: Rotom\n|\n|-weather|SunnyDay|[upkeep]\n|upkeep\n|\n|t:|1617550440\n|switch|p2a: Amoonguss|Amoonguss, F|100\/100\n|-damage|p2a: Amoonguss|88\/100|[from] Stealth Rock\n|turn|7\n|j| TheGreenRoman\n|\n|t:|1617550445\n|move|p1a: Venusaur|Weather Ball|p2a: Amoonguss\n|-supereffective|p2a: Amoonguss\n|-damage|p2a: Amoonguss|0 fnt\n|-damage|p1a: Venusaur|71\/100|[from] item: Life Orb\n|faint|p2a: Amoonguss\n|\n|-weather|SunnyDay|[upkeep]\n|upkeep\n|c| TheGreenRoman|let's go diameter!\n|\n|t:|1617550452\n|switch|p2a: Metagross|Metagross|100\/100\n|-damage|p2a: Metagross|95\/100|[from] Stealth Rock\n|turn|8\n|\n|t:|1617550454\n|move|p1a: Venusaur|Weather Ball|p2a: Metagross\n|-supereffective|p2a: Metagross\n|-damage|p2a: Metagross|0 fnt\n|-damage|p1a: Venusaur|61\/100|[from] item: Life Orb\n|faint|p2a: Metagross\n|\n|-weather|none\n|upkeep\n|\n|t:|1617550457\n|switch|p2a: Kommo-o|Kommo-o, M|100\/100\n|-damage|p2a: Kommo-o|94\/100|[from] Stealth Rock\n|turn|9\n|\n|t:|1617550461\n|switch|p1a: Hatterene|Hatterene, F|100\/100\n|move|p2a: Kommo-o|Substitute|p2a: Kommo-o\n|-start|p2a: Kommo-o|Substitute\n|-damage|p2a: Kommo-o|69\/100\n|\n|upkeep\n|turn|10\n|l| Rafaella210599\n|\n|t:|1617550470\n|move|p2a: Kommo-o|Belly Drum|p2a: Kommo-o\n|-damage|p2a: Kommo-o|19\/100\n|-setboost|p2a: Kommo-o|atk|6|[from] move: Belly Drum\n|-enditem|p2a: Kommo-o|Salac Berry|[eat]\n|-boost|p2a: Kommo-o|spe|1|[from] item: Salac Berry\n|move|p1a: Hatterene|Draining Kiss|p2a: Kommo-o\n|-supereffective|p2a: Kommo-o\n|-crit|p2a: Kommo-o\n|-end|p2a: Kommo-o|Substitute\n|\n|upkeep\n|turn|11\n|\n|t:|1617550473\n|move|p2a: Kommo-o|Thunder Punch|p1a: Hatterene\n|-damage|p1a: Hatterene|25\/100\n|move|p1a: Hatterene|Draining Kiss|p2a: Kommo-o\n|-supereffective|p2a: Kommo-o\n|-damage|p2a: Kommo-o|0 fnt\n|-heal|p1a: Hatterene|38\/100|[from] drain|[of] p2a: Kommo-o\n|faint|p2a: Kommo-o\n|\n|-heal|p1a: Hatterene|44\/100|[from] item: Leftovers\n|upkeep\n|j| Wubben\n|c|\u2606Andehit|gg\n|\n|t:|1617550477\n|switch|p2a: Shuckle|Shuckle, M|100\/100\n|-damage|p2a: Shuckle|76\/100|[from] Stealth Rock\n|turn|12\n|c|\u2606Diameter\u272fXtreme|gg\n|c|\u2606Diameter\u272fXtreme|thanks roman!!\n|c|\u2606Andehit|i messed up early on there\n|c|\u2606Andehit|Well played\n|l| TheGreenRoman\n|\n|t:|1617550497\n|move|p1a: Hatterene|Calm Mind|p1a: Hatterene\n|-boost|p1a: Hatterene|spa|1\n|-boost|p1a: Hatterene|spd|1\n|move|p2a: Shuckle|Encore|p1a: Hatterene\n|move|p1a: Hatterene|Encore||[from]ability: Magic Bounce|[still]\n|-fail|p1a: Hatterene\n|\n|-heal|p1a: Hatterene|50\/100|[from] item: Leftovers\n|upkeep\n|turn|13\n|c|\u2606Andehit|this will be funny but\n|c|\u2606Andehit|i have nothing\n|\n|t:|1617550517\n|move|p1a: Hatterene|Draining Kiss|p2a: Shuckle\n|-damage|p2a: Shuckle|54\/100\n|-heal|p1a: Hatterene|62\/100|[from] drain|[of] p2a: Shuckle\n|move|p2a: Shuckle|Sticky Web|p1a: Hatterene\n|move|p1a: Hatterene|Sticky Web|p2a: Shuckle|[from]ability: Magic Bounce\n|-sidestart|p2: Andehit|move: Sticky Web\n|\n|-heal|p1a: Hatterene|68\/100|[from] item: Leftovers\n|upkeep\n|turn|14\n|\n|t:|1617550523\n|move|p1a: Hatterene|Draining Kiss|p2a: Shuckle\n|-damage|p2a: Shuckle|33\/100\n|-heal|p1a: Hatterene|80\/100|[from] drain|[of] p2a: Shuckle\n|move|p2a: Shuckle|Toxic|p1a: Hatterene\n|move|p1a: Hatterene|Toxic|p2a: Shuckle|[from]ability: Magic Bounce\n|-status|p2a: Shuckle|tox\n|\n|-heal|p1a: Hatterene|86\/100|[from] item: Leftovers\n|-damage|p2a: Shuckle|27\/100 tox|[from] psn\n|upkeep\n|turn|15\n|c|\u2606Andehit|xd\n|\n|t:|1617550528\n|move|p1a: Hatterene|Draining Kiss|p2a: Shuckle\n|-damage|p2a: Shuckle|7\/100 tox\n|-heal|p1a: Hatterene|98\/100|[from] drain|[of] p2a: Shuckle\n|move|p2a: Shuckle|Stealth Rock|p1a: Hatterene\n|move|p1a: Hatterene|Stealth Rock||[from]ability: Magic Bounce|[still]\n|-fail|p1a: Hatterene\n|\n|-heal|p1a: Hatterene|100\/100|[from] item: Leftovers\n|-damage|p2a: Shuckle|0 fnt|[from] psn\n|faint|p2a: Shuckle\n|\n|win|Diameter\u272fXtreme\n|upkeep\n|n|\u2606Diameter\u272fXtreme|diameterxtreme\n|n|\u2606Andehit|andehit\n|n|*Lady Monita|ladymonita\n|n| inertialinitiative|inertialinitiative\n|n| Kilu190|kilu190\n|n| myjava\u203d|myjava\n|n| MythicalDeerling|mythicaldeerling\n|n| Wubben|wubben\n","uploadtime":1617550529,"views":18,"p1id":"diameterxtreme","p2id":"andehit","formatid":"gen8uu","rating":0,"private":0,"password":null}