{"id":"gen8ou-1698480426","p1":"Shinjou Akane","p2":"Mel0nL0rd","format":"gen8ou","log":"|j|\u2606Shinjou Akane\n|j|\u2606Mel0nL0rd\n|t:|1667128939\n|gametype|singles\n|player|p1|Shinjou Akane|nurse|1634\n|player|p2|Mel0nL0rd|n|1605\n|teamsize|p1|6\n|teamsize|p2|6\n|gen|8\n|tier|[Gen 8] OU\n|rated|\n|rule|Sleep Clause Mod: Limit one foe put to sleep\n|rule|Species Clause: Limit one of each Pok\u00e9mon\n|rule|OHKO Clause: OHKO moves are banned\n|rule|Evasion Items Clause: Evasion items are banned\n|rule|Evasion Moves Clause: Evasion moves are banned\n|rule|Endless Battle Clause: Forcing endless battles is banned\n|rule|HP Percentage Mod: HP is shown in percentages\n|rule|Dynamax Clause: You cannot dynamax\n|clearpoke\n|poke|p1|Klefki, F|\n|poke|p1|Nidoking, M|\n|poke|p1|Urshifu-*, M|\n|poke|p1|Kartana|\n|poke|p1|Tapu Fini|\n|poke|p1|Landorus-Therian, M|\n|poke|p2|Ninetales-Alola, M|\n|poke|p2|Heatran, M|\n|poke|p2|Landorus-Therian, M|\n|poke|p2|Tapu Fini|\n|poke|p2|Arctozolt|\n|poke|p2|Kartana|\n|teampreview\n|inactive|Battle timer is ON: inactive players will automatically lose when time's up. (requested by Mel0nL0rd)\n|j| Kainser\n|\n|t:|1667128955\n|start\n|switch|p1a: Kartana|Kartana|100\/100\n|switch|p2a: Chaos|Heatran, M|100\/100\n|-item|p2a: Chaos|Air Balloon\n|turn|1\n|\n|t:|1667128963\n|move|p1a: Kartana|Sacred Sword|p2a: Chaos\n|-supereffective|p2a: Chaos\n|-damage|p2a: Chaos|16\/100\n|-enditem|p2a: Chaos|Air Balloon\n|move|p2a: Chaos|Magma Storm|p1a: Kartana|[miss]\n|-miss|p2a: Chaos|p1a: Kartana\n|\n|upkeep\n|turn|2\n|l| Kainser\n|\n|t:|1667128983\n|switch|p1a: Nidoking|Nidoking, M|100\/100\n|switch|p2a: Raven|Tapu Fini, shiny|100\/100\n|-fieldstart|move: Misty Terrain|[from] ability: Misty Surge|[of] p2a: Raven\n|\n|upkeep\n|turn|3\n|\n|t:|1667128995\n|switch|p2a: Chaos|Heatran, M|16\/100\n|move|p1a: Nidoking|Sludge Wave|p2a: Chaos\n|-immune|p2a: Chaos\n|\n|upkeep\n|turn|4\n|\n|t:|1667129003\n|switch|p2a: Enten|Landorus-Therian, M, shiny|100\/100\n|-ability|p2a: Enten|Intimidate|boost\n|-unboost|p1a: Nidoking|atk|1\n|move|p1a: Nidoking|Earth Power|p2a: Enten\n|-immune|p2a: Enten\n|\n|upkeep\n|turn|5\n|\n|t:|1667129006\n|move|p2a: Enten|Earthquake|p1a: Nidoking\n|-supereffective|p1a: Nidoking\n|-damage|p1a: Nidoking|0 fnt\n|faint|p1a: Nidoking\n|\n|upkeep\n|\n|t:|1667129009\n|switch|p1a: Urshifu|Urshifu-Rapid-Strike, M|100\/100\n|turn|6\n|\n|t:|1667129014\n|switch|p2a: Chaos|Heatran, M|16\/100\n|move|p1a: Urshifu|Surging Strikes|p2a: Chaos\n|-supereffective|p2a: Chaos\n|-crit|p2a: Chaos\n|-damage|p2a: Chaos|0 fnt\n|faint|p2a: Chaos\n|-hitcount|p2: Chaos|1\n|\n|-fieldend|Misty Terrain\n|upkeep\n|\n|t:|1667129020\n|switch|p2a: Deathstroke|Kartana, shiny|100\/100\n|turn|7\n|\n|t:|1667129032\n|switch|p2a: Frozen Soul|Ninetales-Alola, M, shiny|100\/100\n|-weather|Hail|[from] ability: Snow Warning|[of] p2a: Frozen Soul\n|switch|p1a: Landorus|Landorus-Therian, M|100\/100\n|-ability|p1a: Landorus|Intimidate|boost\n|-unboost|p2a: Frozen Soul|atk|1\n|\n|-weather|Hail|[upkeep]\n|-damage|p1a: Landorus|94\/100|[from] Hail\n|upkeep\n|turn|8\n|\n|t:|1667129041\n|switch|p1a: Tapu Fini|Tapu Fini, shiny|100\/100\n|-fieldstart|move: Misty Terrain|[from] ability: Misty Surge|[of] p1a: Tapu Fini\n|move|p2a: Frozen Soul|Aurora Veil|p2a: Frozen Soul\n|-sidestart|p2: Mel0nL0rd|move: Aurora Veil\n|\n|-weather|Hail|[upkeep]\n|-damage|p1a: Tapu Fini|94\/100|[from] Hail\n|upkeep\n|turn|9\n|\n|t:|1667129044\n|move|p1a: Tapu Fini|Defog|p2a: Frozen Soul\n|-unboost|p2a: Frozen Soul|evasion|1\n|-sideend|p2: Mel0nL0rd|move: Aurora Veil\n|-fieldend|Misty Terrain\n|move|p2a: Frozen Soul|Freeze-Dry|p1a: Tapu Fini\n|-supereffective|p1a: Tapu Fini\n|-damage|p1a: Tapu Fini|54\/100\n|\n|-weather|Hail|[upkeep]\n|-damage|p1a: Tapu Fini|48\/100|[from] Hail\n|upkeep\n|turn|10\n|\n|t:|1667129053\n|switch|p1a: Kartana|Kartana|100\/100\n|switch|p2a: Destroyer|Arctozolt, shiny|100\/100\n|\n|-weather|Hail|[upkeep]\n|-damage|p1a: Kartana|94\/100|[from] Hail\n|upkeep\n|turn|11\n|\n|t:|1667129058\n|switch|p2a: Enten|Landorus-Therian, M, shiny|100\/100\n|-ability|p2a: Enten|Intimidate|boost\n|-unboost|p1a: Kartana|atk|1\n|move|p1a: Kartana|Smart Strike|p2a: Enten\n|-damage|p2a: Enten|69\/100\n|\n|-weather|Hail|[upkeep]\n|-damage|p1a: Kartana|88\/100|[from] Hail\n|-damage|p2a: Enten|63\/100|[from] Hail\n|-heal|p2a: Enten|69\/100|[from] item: Leftovers\n|upkeep\n|turn|12\n|\n|t:|1667129063\n|switch|p1a: Landorus|Landorus-Therian, M|94\/100\n|-ability|p1a: Landorus|Intimidate|boost\n|-unboost|p2a: Enten|atk|1\n|move|p2a: Enten|U-turn|p1a: Landorus\n|-resisted|p1a: Landorus\n|-damage|p1a: Landorus|87\/100\n|-damage|p2a: Enten|52\/100|[from] item: Rocky Helmet|[of] p1a: Landorus\n|\n|t:|1667129066\n|switch|p2a: Destroyer|Arctozolt, shiny|100\/100|[from]move: U-turn\n|\n|-weather|Hail|[upkeep]\n|-damage|p1a: Landorus|81\/100|[from] Hail\n|upkeep\n|turn|13\n|\n|t:|1667129071\n|move|p2a: Destroyer|Freeze-Dry|p1a: Landorus\n|-supereffective|p1a: Landorus\n|-damage|p1a: Landorus|12\/100\n|move|p1a: Landorus|Earthquake|p2a: Destroyer\n|-supereffective|p2a: Destroyer\n|-crit|p2a: Destroyer\n|-damage|p2a: Destroyer|0 fnt\n|faint|p2a: Destroyer\n|\n|-weather|Hail|[upkeep]\n|-damage|p1a: Landorus|5\/100|[from] Hail\n|upkeep\n|\n|t:|1667129090\n|switch|p2a: Deathstroke|Kartana, shiny|100\/100\n|turn|14\n|\n|t:|1667129098\n|move|p2a: Deathstroke|Smart Strike|p1a: Landorus\n|-damage|p1a: Landorus|0 fnt\n|-damage|p2a: Deathstroke|84\/100|[from] item: Rocky Helmet|[of] p1a: Landorus\n|faint|p1a: Landorus\n|-ability|p2a: Deathstroke|Beast Boost|boost\n|-boost|p2a: Deathstroke|atk|1\n|\n|-weather|none\n|upkeep\n|\n|t:|1667129102\n|switch|p1a: Urshifu|Urshifu-Rapid-Strike, M|100\/100\n|turn|15\n|\n|t:|1667129107\n|switch|p2a: Raven|Tapu Fini, shiny|100\/100\n|-fieldstart|move: Misty Terrain|[from] ability: Misty Surge|[of] p2a: Raven\n|move|p1a: Urshifu|U-turn|p2a: Raven\n|-resisted|p2a: Raven\n|-crit|p2a: Raven\n|-damage|p2a: Raven|82\/100\n|\n|t:|1667129110\n|switch|p1a: Kartana|Kartana|88\/100|[from]move: U-turn\n|\n|-heal|p2a: Raven|88\/100|[from] item: Leftovers\n|upkeep\n|turn|16\n|\n|t:|1667129130\n|move|p1a: Kartana|Leaf Blade|p2a: Raven\n|-supereffective|p2a: Raven\n|-damage|p2a: Raven|0 fnt\n|faint|p2a: Raven\n|-ability|p1a: Kartana|Beast Boost|boost\n|-boost|p1a: Kartana|atk|1\n|\n|upkeep\n|\n|t:|1667129131\n|switch|p2a: Deathstroke|Kartana, shiny|84\/100\n|turn|17\n|\n|t:|1667129140\n|move|p2a: Deathstroke|Smart Strike|p1a: Kartana\n|-resisted|p1a: Kartana\n|-damage|p1a: Kartana|62\/100\n|move|p1a: Kartana|Leaf Blade|p2a: Deathstroke\n|-resisted|p2a: Deathstroke\n|-damage|p2a: Deathstroke|61\/100\n|\n|upkeep\n|turn|18\n|\n|t:|1667129144\n|move|p1a: Kartana|Leaf Blade|p2a: Deathstroke\n|-resisted|p2a: Deathstroke\n|-crit|p2a: Deathstroke\n|-damage|p2a: Deathstroke|25\/100\n|move|p2a: Deathstroke|Smart Strike|p1a: Kartana\n|-resisted|p1a: Kartana\n|-damage|p1a: Kartana|37\/100\n|\n|upkeep\n|turn|19\n|\n|t:|1667129154\n|switch|p2a: Frozen Soul|Ninetales-Alola, M, shiny|100\/100\n|-weather|Hail|[from] ability: Snow Warning|[of] p2a: Frozen Soul\n|move|p1a: Kartana|Leaf Blade|p2a: Frozen Soul\n|-damage|p2a: Frozen Soul|0 fnt\n|faint|p2a: Frozen Soul\n|-ability|p1a: Kartana|Beast Boost|boost\n|-boost|p1a: Kartana|atk|1\n|\n|-weather|Hail|[upkeep]\n|-damage|p1a: Kartana|31\/100|[from] Hail\n|-fieldend|Misty Terrain\n|upkeep\n|\n|t:|1667129161\n|switch|p2a: Deathstroke|Kartana, shiny|25\/100\n|turn|20\n|\n|t:|1667129163\n|move|p1a: Kartana|Leaf Blade|p2a: Deathstroke\n|-resisted|p2a: Deathstroke\n|-damage|p2a: Deathstroke|0 fnt\n|faint|p2a: Deathstroke\n|-ability|p1a: Kartana|Beast Boost|boost\n|-boost|p1a: Kartana|atk|1\n|\n|-weather|Hail|[upkeep]\n|-damage|p1a: Kartana|25\/100|[from] Hail\n|upkeep\n|c|\u2606Mel0nL0rd|gg\n|-message|Mel0nL0rd forfeited.\n|\n|win|Shinjou Akane\n|raw|Shinjou Akane's rating: 1634 &rarr; <strong>1652<\/strong><br \/>(+18 for winning)\n|raw|Mel0nL0rd's rating: 1605 &rarr; <strong>1587<\/strong><br \/>(-18 for losing)\n|l|\u2606Mel0nL0rd\n|c|\u2606Shinjou Akane|gg\n","uploadtime":1667129175,"views":8,"p1id":"shinjouakane","p2id":"mel0nl0rd","formatid":"gen8ou","rating":1587,"private":0,"password":null}