{"id":"gen8nationaldex-1568430232","p1":"cump2","p2":"FairyLandAlice","format":"gen8nationaldex","log":"|j|\u2606cump2\n|j|\u2606FairyLandAlice\n|t:|1651775480\n|gametype|singles\n|player|p1|cump2|2|1611\n|player|p2|FairyLandAlice|caitlin|1650\n|teamsize|p1|6\n|teamsize|p2|6\n|gen|8\n|tier|[Gen 8] National Dex\n|rated|\n|rule|HP Percentage Mod: HP is shown in percentages\n|rule|Endless Battle Clause: Forcing endless battles is banned\n|rule|OHKO Clause: OHKO moves are banned\n|rule|Evasion Moves Clause: Evasion moves are banned\n|rule|Species Clause: Limit one of each Pok\u00e9mon\n|rule|Dynamax Clause: You cannot dynamax\n|rule|Sleep Clause Mod: Limit one foe put to sleep\n|clearpoke\n|poke|p1|Sableye, M|\n|poke|p1|Chansey, F|\n|poke|p1|Toxapex, M|\n|poke|p1|Quagsire, M|\n|poke|p1|Corviknight, F|\n|poke|p1|Clefable, F|\n|poke|p2|Diancie|\n|poke|p2|Tapu Lele|\n|poke|p2|Landorus-Therian, M|\n|poke|p2|Kartana|\n|poke|p2|Tapu Fini|\n|poke|p2|Ferrothorn, M|\n|teampreview\n|\n|t:|1651775506\n|start\n|switch|p1a: Sableye|Sableye, M|100\/100\n|switch|p2a: Kimiko|Diancie|100\/100\n|turn|1\n|\n|t:|1651775519\n|detailschange|p2a: Kimiko|Diancie-Mega\n|-mega|p2a: Kimiko|Diancie|Diancite\n|detailschange|p1a: Sableye|Sableye-Mega, M\n|-mega|p1a: Sableye|Sableye|Sablenite\n|move|p1a: Sableye|Protect|p1a: Sableye\n|-singleturn|p1a: Sableye|Protect\n|move|p2a: Kimiko|Moonblast|p1a: Sableye\n|-activate|p1a: Sableye|move: Protect\n|\n|upkeep\n|turn|2\n|\n|t:|1651775545\n|switch|p2a: Mar|Tapu Fini|100\/100\n|-fieldstart|move: Misty Terrain|[from] ability: Misty Surge|[of] p2a: Mar\n|switch|p1a: Chansey|Chansey, F|100\/100\n|\n|upkeep\n|turn|3\n|\n|t:|1651775562\n|switch|p1a: Sableye|Sableye-Mega, M|100\/100\n|move|p2a: Mar|Taunt|p1a: Sableye\n|move|p1a: Sableye|Taunt|p2a: Mar|[from]ability: Magic Bounce\n|-start|p2a: Mar|move: Taunt\n|\n|upkeep\n|turn|4\n|\n|t:|1651775581\n|switch|p1a: Toxapex|Toxapex, M, shiny|100\/100\n|move|p2a: Mar|Moonblast|p1a: Toxapex\n|-resisted|p1a: Toxapex\n|-damage|p1a: Toxapex|88\/100\n|-unboost|p1a: Toxapex|spa|1\n|\n|upkeep\n|turn|5\n|\n|t:|1651775593\n|switch|p2a: Anna|Kartana|100\/100\n|move|p1a: Toxapex|Poison Jab|p2a: Anna\n|-immune|p2a: Anna\n|\n|upkeep\n|turn|6\n|\n|t:|1651775607\n|switch|p1a: Corviknight|Corviknight, F, shiny|100\/100\n|-ability|p1a: Corviknight|Pressure\n|move|p2a: Anna|Swords Dance|p2a: Anna\n|-boost|p2a: Anna|atk|2\n|\n|-fieldend|Misty Terrain\n|upkeep\n|turn|7\n|\n|t:|1651775617\n|move|p2a: Anna|Swords Dance|p2a: Anna\n|-boost|p2a: Anna|atk|2\n|move|p1a: Corviknight|Body Press|p2a: Anna\n|-supereffective|p2a: Anna\n|-damage|p2a: Anna|48\/100\n|\n|upkeep\n|turn|8\n|\n|t:|1651775625\n|switch|p1a: Sableye|Sableye-Mega, M|100\/100\n|move|p2a: Anna|Sacred Sword|p1a: Sableye\n|-immune|p1a: Sableye\n|\n|upkeep\n|turn|9\n|\n|t:|1651775630\n|move|p1a: Sableye|Protect|p1a: Sableye\n|-singleturn|p1a: Sableye|Protect\n|move|p2a: Anna|Leaf Blade|p1a: Sableye\n|-activate|p1a: Sableye|move: Protect\n|\n|upkeep\n|turn|10\n|\n|t:|1651775648\n|switch|p1a: Quagsire|Quagsire, M, shiny|100\/100\n|move|p2a: Anna|Sacred Sword|p1a: Quagsire\n|-damage|p1a: Quagsire|74\/100\n|\n|-heal|p1a: Quagsire|80\/100|[from] item: Leftovers\n|upkeep\n|turn|11\n|\n|t:|1651775656\n|move|p2a: Anna|Leaf Blade|p1a: Quagsire\n|-supereffective|p1a: Quagsire\n|-crit|p1a: Quagsire\n|-damage|p1a: Quagsire|0 fnt\n|faint|p1a: Quagsire\n|-ability|p2a: Anna|Beast Boost|boost\n|-boost|p2a: Anna|atk|1\n|\n|upkeep\n|\n|t:|1651775660\n|switch|p1a: Clefable|Clefable, F|100\/100\n|turn|12\n|\n|t:|1651775666\n|-zpower|p2a: Anna\n|move|p2a: Anna|Breakneck Blitz|p1a: Clefable|[zeffect]\n|-damage|p1a: Clefable|0 fnt\n|faint|p1a: Clefable\n|-ability|p2a: Anna|Beast Boost|boost\n|-boost|p2a: Anna|atk|1\n|\n|upkeep\n|\n|t:|1651775675\n|switch|p1a: Corviknight|Corviknight, F, shiny|100\/100\n|-ability|p1a: Corviknight|Pressure\n|turn|13\n|\n|t:|1651775679\n|switch|p1a: Sableye|Sableye-Mega, M|100\/100\n|move|p2a: Anna|Sacred Sword|p1a: Sableye\n|-immune|p1a: Sableye\n|\n|upkeep\n|turn|14\n|-message|cump2 forfeited.\n|\n|win|FairyLandAlice\n|raw|cump2's rating: 1611 &rarr; <strong>1593<\/strong><br \/>(-18 for losing)\n|raw|FairyLandAlice's rating: 1650 &rarr; <strong>1668<\/strong><br \/>(+18 for winning)\n|l|\u2606cump2\n||Ladder isn't responding, score probably updated but might not have (Request timeout).\n","uploadtime":1651775747,"views":11,"p1id":"cump2","p2id":"fairylandalice","formatid":"gen8nationaldex","rating":1593,"private":0,"password":null}