{"id":"gen8ou-1705273371","p1":"alvar03","p2":"minimax_ai","format":"gen8ou","log":"|j|\u2606alvar03\n|j|\u2606minimax_ai\n|t:|1667861978\n|gametype|singles\n|player|p1|alvar03|alder|1747\n|player|p2|minimax_ai|169|1716\n|teamsize|p1|6\n|teamsize|p2|6\n|gen|8\n|tier|[Gen 8] OU\n|rated|\n|rule|Sleep Clause Mod: Limit one foe put to sleep\n|rule|Species Clause: Limit one of each Pok\u00e9mon\n|rule|OHKO Clause: OHKO moves are banned\n|rule|Evasion Items Clause: Evasion items are banned\n|rule|Evasion Moves Clause: Evasion moves are banned\n|rule|Endless Battle Clause: Forcing endless battles is banned\n|rule|HP Percentage Mod: HP is shown in percentages\n|rule|Dynamax Clause: You cannot dynamax\n|clearpoke\n|poke|p1|Clefable, M|\n|poke|p1|Toxapex, F|\n|poke|p1|Tornadus-Therian, M|\n|poke|p1|Garchomp, M|\n|poke|p1|Jirachi|\n|poke|p1|Dragapult, M|\n|poke|p2|Rotom-Wash|\n|poke|p2|Weavile, M|\n|poke|p2|Landorus-Therian, M|\n|poke|p2|Heatran, M|\n|poke|p2|Tangrowth, F|\n|poke|p2|Melmetal|\n|teampreview\n|c|\u2606minimax_ai|hf\n|inactive|Battle timer is ON: inactive players will automatically lose when time's up. (requested by minimax_ai)\n|c|\u2606alvar03|hf\n|\n|t:|1667861986\n|start\n|switch|p1a: Toxapex|Toxapex, F|100\/100\n|switch|p2a: Melmetal|Melmetal|100\/100\n|turn|1\n|\n|t:|1667861987\n|switch|p2a: Heatran|Heatran, M|100\/100\n|-item|p2a: Heatran|Air Balloon\n|move|p1a: Toxapex|Knock Off|p2a: Heatran\n|-damage|p2a: Heatran|86\/100\n|-enditem|p2a: Heatran|Air Balloon\n|\n|upkeep\n|turn|2\n|\n|t:|1667861993\n|switch|p1a: Garchomp|Garchomp, M|100\/100\n|move|p2a: Heatran|Stealth Rock|p1a: Garchomp\n|-sidestart|p1: alvar03|move: Stealth Rock\n|\n|upkeep\n|turn|3\n|\n|t:|1667861996\n|switch|p1a: Tornadus|Tornadus-Therian, M|100\/100\n|switch|p2a: landorustherian|Landorus-Therian, M|100\/100\n|-ability|p2a: landorustherian|Intimidate|boost\n|-unboost|p1a: Tornadus|atk|1\n|\n|upkeep\n|turn|4\n|\n|t:|1667861998\n|move|p1a: Tornadus|Defog|p2a: landorustherian\n|-unboost|p2a: landorustherian|evasion|1\n|-sideend|p1: alvar03|Stealth Rock|[from] move: Defog|[of] p1a: Tornadus\n|move|p2a: landorustherian|Toxic|p1a: Tornadus\n|-status|p1a: Tornadus|tox\n|\n|-damage|p1a: Tornadus|94\/100 tox|[from] psn\n|upkeep\n|turn|5\n|\n|t:|1667862000\n|switch|p2a: Melmetal|Melmetal|100\/100\n|move|p1a: Tornadus|Knock Off|p2a: Melmetal\n|-damage|p2a: Melmetal|93\/100\n|-enditem|p2a: Melmetal|Assault Vest|[from] move: Knock Off|[of] p1a: Tornadus\n|\n|-damage|p1a: Tornadus|82\/100 tox|[from] psn\n|upkeep\n|turn|6\n|\n|t:|1667862003\n|move|p1a: Tornadus|U-turn|p2a: Melmetal\n|-resisted|p2a: Melmetal\n|-damage|p2a: Melmetal|90\/100\n|\n|t:|1667862004\n|switch|p1a: Toxapex|Toxapex, F|100\/100|[from]move: U-turn\n|move|p2a: Melmetal|Earthquake|p1a: Toxapex\n|-supereffective|p1a: Toxapex\n|-crit|p1a: Toxapex\n|-damage|p1a: Toxapex|36\/100\n|\n|upkeep\n|turn|7\n|\n|t:|1667862010\n|switch|p1a: Tornadus|Tornadus-Therian, M|100\/100 tox\n|move|p2a: Melmetal|Double Iron Bash|p1a: Tornadus\n|-damage|p1a: Tornadus|52\/100 tox\n|-damage|p1a: Tornadus|10\/100 tox\n|-hitcount|p1a: Tornadus|2\n|\n|-damage|p1a: Tornadus|4\/100 tox|[from] psn\n|upkeep\n|turn|8\n|j| Jongruenwald\n|\n|t:|1667862015\n|move|p1a: Tornadus|U-turn|p2a: Melmetal\n|-resisted|p2a: Melmetal\n|-damage|p2a: Melmetal|86\/100\n|\n|t:|1667862018\n|switch|p1a: Garchomp|Garchomp, M|100\/100|[from]move: U-turn\n|move|p2a: Melmetal|Earthquake|p1a: Garchomp\n|-damage|p1a: Garchomp|64\/100\n|\n|-heal|p1a: Garchomp|70\/100|[from] item: Leftovers\n|upkeep\n|turn|9\n|\n|t:|1667862022\n|move|p1a: Garchomp|Earthquake|p2a: Melmetal\n|-supereffective|p2a: Melmetal\n|-damage|p2a: Melmetal|30\/100\n|move|p2a: Melmetal|Ice Punch|p1a: Garchomp\n|-supereffective|p1a: Garchomp\n|-damage|p1a: Garchomp|0 fnt\n|-damage|p2a: Melmetal|17\/100|[from] ability: Rough Skin|[of] p1a: Garchomp\n|faint|p1a: Garchomp\n|\n|upkeep\n|\n|t:|1667862029\n|switch|p1a: Dragapult|Dragapult, M|100\/100\n|turn|10\n|\n|t:|1667862035\n|switch|p2a: Heatran|Heatran, M|86\/100\n|move|p1a: Dragapult|Hex|p2a: Heatran\n|-damage|p2a: Heatran|59\/100\n|\n|upkeep\n|turn|11\n|\n|t:|1667862041\n|switch|p2a: landorustherian|Landorus-Therian, M|100\/100\n|-ability|p2a: landorustherian|Intimidate|boost\n|-unboost|p1a: Dragapult|atk|1\n|move|p1a: Dragapult|Hex|p2a: landorustherian\n|-damage|p2a: landorustherian|79\/100\n|\n|-heal|p2a: landorustherian|85\/100|[from] item: Leftovers\n|upkeep\n|turn|12\n|\n|t:|1667862043\n|move|p1a: Dragapult|U-turn|p2a: landorustherian\n|-resisted|p2a: landorustherian\n|-damage|p2a: landorustherian|80\/100\n|\n|t:|1667862045\n|switch|p1a: Tornadus|Tornadus-Therian, M|37\/100 tox|[from]move: U-turn\n|move|p2a: landorustherian|Earthquake|p1a: Tornadus\n|-immune|p1a: Tornadus\n|\n|-heal|p2a: landorustherian|86\/100|[from] item: Leftovers\n|-damage|p1a: Tornadus|31\/100 tox|[from] psn\n|upkeep\n|turn|13\n|\n|t:|1667862047\n|move|p1a: Tornadus|U-turn|p2a: landorustherian\n|-resisted|p2a: landorustherian\n|-damage|p2a: landorustherian|79\/100\n|\n|t:|1667862048\n|switch|p1a: Clefable|Clefable, M|100\/100|[from]move: U-turn\n|move|p2a: landorustherian|Earthquake|p1a: Clefable\n|-damage|p1a: Clefable|45\/100\n|\n|-heal|p2a: landorustherian|85\/100|[from] item: Leftovers\n|upkeep\n|turn|14\n|\n|t:|1667862051\n|switch|p1a: Tornadus|Tornadus-Therian, M|64\/100 tox\n|move|p2a: landorustherian|Earthquake|p1a: Tornadus\n|-immune|p1a: Tornadus\n|\n|-heal|p2a: landorustherian|91\/100|[from] item: Leftovers\n|-damage|p1a: Tornadus|58\/100 tox|[from] psn\n|upkeep\n|turn|15\n|\n|t:|1667862053\n|move|p1a: Tornadus|Knock Off|p2a: landorustherian\n|-damage|p2a: landorustherian|71\/100\n|-enditem|p2a: landorustherian|Leftovers|[from] move: Knock Off|[of] p1a: Tornadus\n|move|p2a: landorustherian|Earthquake|p1a: Tornadus\n|-immune|p1a: Tornadus\n|\n|-damage|p1a: Tornadus|46\/100 tox|[from] psn\n|upkeep\n|turn|16\n|\n|t:|1667862055\n|move|p1a: Tornadus|Hurricane|p2a: landorustherian\n|-damage|p2a: landorustherian|42\/100\n|move|p2a: landorustherian|Earthquake|p1a: Tornadus\n|-immune|p1a: Tornadus\n|\n|-damage|p1a: Tornadus|27\/100 tox|[from] psn\n|upkeep\n|turn|17\n|\n|t:|1667862058\n|move|p1a: Tornadus|Hurricane|p2a: landorustherian\n|-damage|p2a: landorustherian|13\/100\n|-start|p2a: landorustherian|confusion\n|-activate|p2a: landorustherian|confusion\n|-damage|p2a: landorustherian|2\/100|[from] confusion\n|\n|-damage|p1a: Tornadus|3\/100 tox|[from] psn\n|upkeep\n|turn|18\n|\n|t:|1667862060\n|switch|p2a: Heatran|Heatran, M|59\/100\n|move|p1a: Tornadus|U-turn|p2a: Heatran\n|-resisted|p2a: Heatran\n|-damage|p2a: Heatran|55\/100\n|\n|t:|1667862066\n|switch|p1a: Dragapult|Dragapult, M|100\/100|[from]move: U-turn\n|\n|upkeep\n|turn|19\n|\n|t:|1667862068\n|move|p1a: Dragapult|Hex|p2a: Heatran\n|-damage|p2a: Heatran|25\/100\n|move|p2a: Heatran|Magma Storm|p1a: Dragapult\n|-resisted|p1a: Dragapult\n|-damage|p1a: Dragapult|65\/100\n|-activate|p1a: Dragapult|move: Magma Storm|[of] p2a: Heatran\n|\n|-heal|p1a: Dragapult|71\/100|[from] item: Leftovers\n|-damage|p1a: Dragapult|58\/100|[from] move: Magma Storm|[partiallytrapped]\n|upkeep\n|turn|20\n|\n|t:|1667862073\n|switch|p2a: rotomwash|Rotom-Wash|100\/100\n|move|p1a: Dragapult|U-turn|p2a: rotomwash\n|-damage|p2a: rotomwash|81\/100\n|\n|t:|1667862075\n|switch|p1a: Clefable|Clefable, M|45\/100|[from]move: U-turn\n|\n|-heal|p2a: rotomwash|87\/100|[from] item: Leftovers\n|upkeep\n|turn|21\n|\n|t:|1667862077\n|move|p2a: rotomwash|Nasty Plot|p2a: rotomwash\n|-boost|p2a: rotomwash|spa|2\n|move|p1a: Clefable|Soft-Boiled|p1a: Clefable\n|-heal|p1a: Clefable|95\/100\n|\n|-heal|p2a: rotomwash|93\/100|[from] item: Leftovers\n|upkeep\n|turn|22\n|\n|t:|1667862079\n|move|p2a: rotomwash|Thunderbolt|p1a: Clefable\n|-damage|p1a: Clefable|30\/100\n|move|p1a: Clefable|Moonblast|p2a: rotomwash\n|-damage|p2a: rotomwash|36\/100\n|-unboost|p2a: rotomwash|spa|1\n|\n|-heal|p2a: rotomwash|42\/100|[from] item: Leftovers\n|upkeep\n|turn|23\n|\n|t:|1667862083\n|move|p2a: rotomwash|Thunderbolt|p1a: Clefable\n|-damage|p1a: Clefable|0 fnt\n|faint|p1a: Clefable\n|\n|-heal|p2a: rotomwash|48\/100|[from] item: Leftovers\n|upkeep\n|\n|t:|1667862085\n|switch|p1a: Dragapult|Dragapult, M|58\/100\n|turn|24\n|\n|t:|1667862086\n|switch|p2a: landorustherian|Landorus-Therian, M|2\/100\n|-ability|p2a: landorustherian|Intimidate|boost\n|-unboost|p1a: Dragapult|atk|1\n|move|p1a: Dragapult|Draco Meteor|p2a: landorustherian\n|-damage|p2a: landorustherian|0 fnt\n|-unboost|p1a: Dragapult|spa|2\n|faint|p2a: landorustherian\n|\n|-heal|p1a: Dragapult|64\/100|[from] item: Leftovers\n|upkeep\n|\n|t:|1667862086\n|switch|p2a: Heatran|Heatran, M|25\/100\n|turn|25\n|\n|t:|1667862092\n|move|p1a: Dragapult|U-turn|p2a: Heatran\n|-resisted|p2a: Heatran\n|-damage|p2a: Heatran|22\/100\n|\n|t:|1667862096\n|switch|p1a: Tornadus|Tornadus-Therian, M|36\/100 tox|[from]move: U-turn\n|move|p2a: Heatran|Earth Power|p1a: Tornadus\n|-immune|p1a: Tornadus\n|\n|-damage|p1a: Tornadus|30\/100 tox|[from] psn\n|upkeep\n|turn|26\n|\n|t:|1667862099\n|move|p1a: Tornadus|Knock Off|p2a: Heatran\n|-damage|p2a: Heatran|8\/100\n|move|p2a: Heatran|Magma Storm|p1a: Tornadus\n|-damage|p1a: Tornadus|0 fnt\n|faint|p1a: Tornadus\n|\n|upkeep\n|\n|t:|1667862101\n|switch|p1a: Dragapult|Dragapult, M|64\/100\n|turn|27\n|\n|t:|1667862102\n|move|p1a: Dragapult|Hex|p2a: Heatran\n|-damage|p2a: Heatran|0 fnt\n|faint|p2a: Heatran\n|\n|-heal|p1a: Dragapult|70\/100|[from] item: Leftovers\n|upkeep\n|\n|t:|1667862102\n|switch|p2a: Weavile|Weavile, M|100\/100\n|-ability|p2a: Weavile|Pressure\n|turn|28\n|\n|t:|1667862105\n|move|p1a: Dragapult|U-turn|p2a: Weavile\n|-supereffective|p2a: Weavile\n|-damage|p2a: Weavile|44\/100\n|\n|t:|1667862107\n|switch|p1a: Toxapex|Toxapex, F|69\/100|[from]move: U-turn\n|move|p2a: Weavile|Knock Off|p1a: Toxapex\n|-damage|p1a: Toxapex|28\/100\n|-damage|p2a: Weavile|27\/100|[from] item: Rocky Helmet|[of] p1a: Toxapex\n|-enditem|p1a: Toxapex|Rocky Helmet|[from] move: Knock Off|[of] p2a: Weavile\n|\n|upkeep\n|turn|29\n|\n|t:|1667862109\n|move|p2a: Weavile|Knock Off|p1a: Toxapex\n|-damage|p1a: Toxapex|0 fnt\n|faint|p1a: Toxapex\n|\n|upkeep\n|\n|t:|1667862113\n|switch|p1a: Dragapult|Dragapult, M|70\/100\n|turn|30\n|\n|t:|1667862115\n|switch|p2a: rotomwash|Rotom-Wash|48\/100\n|move|p1a: Dragapult|Hex|p2a: rotomwash\n|-damage|p2a: rotomwash|20\/100\n|\n|-heal|p1a: Dragapult|76\/100|[from] item: Leftovers\n|-heal|p2a: rotomwash|26\/100|[from] item: Leftovers\n|upkeep\n|turn|31\n|\n|t:|1667862116\n|switch|p2a: Melmetal|Melmetal|17\/100\n|move|p1a: Dragapult|Hex|p2a: Melmetal\n|-damage|p2a: Melmetal|0 fnt\n|faint|p2a: Melmetal\n|\n|-heal|p1a: Dragapult|82\/100|[from] item: Leftovers\n|upkeep\n|\n|t:|1667862117\n|switch|p2a: Tangrowth|Tangrowth, F|100\/100\n|turn|32\n|\n|t:|1667862119\n|move|p1a: Dragapult|U-turn|p2a: Tangrowth\n|-supereffective|p2a: Tangrowth\n|-damage|p2a: Tangrowth|82\/100\n|-damage|p1a: Dragapult|66\/100|[from] item: Rocky Helmet|[of] p2a: Tangrowth\n|\n|t:|1667862121\n|switch|p1a: Jirachi|Jirachi|100\/100|[from]move: U-turn\n|move|p2a: Tangrowth|Knock Off|p1a: Jirachi\n|-supereffective|p1a: Jirachi\n|-damage|p1a: Jirachi|60\/100\n|-enditem|p1a: Jirachi|Leftovers|[from] move: Knock Off|[of] p2a: Tangrowth\n|\n|upkeep\n|turn|33\n|\n|t:|1667862122\n|move|p1a: Jirachi|Stealth Rock|p2a: Tangrowth\n|-sidestart|p2: minimax_ai|move: Stealth Rock\n|move|p2a: Tangrowth|Sleep Powder|p1a: Jirachi\n|-status|p1a: Jirachi|slp|[from] move: Sleep Powder\n|\n|upkeep\n|turn|34\n|\n|t:|1667862128\n|switch|p2a: Weavile|Weavile, M|27\/100\n|-damage|p2a: Weavile|2\/100|[from] Stealth Rock\n|-ability|p2a: Weavile|Pressure\n|cant|p1a: Jirachi|slp\n|\n|upkeep\n|turn|35\n|\n|t:|1667862130\n|move|p2a: Weavile|Knock Off|p1a: Jirachi\n|-supereffective|p1a: Jirachi\n|-damage|p1a: Jirachi|0 fnt\n|faint|p1a: Jirachi\n|\n|upkeep\n|\n|t:|1667862132\n|switch|p1a: Dragapult|Dragapult, M|66\/100\n|turn|36\n|\n|t:|1667862133\n|move|p1a: Dragapult|Hex|p2a: Weavile\n|-resisted|p2a: Weavile\n|-damage|p2a: Weavile|0 fnt\n|faint|p2a: Weavile\n|\n|-heal|p1a: Dragapult|72\/100|[from] item: Leftovers\n|upkeep\n|\n|t:|1667862133\n|switch|p2a: Tangrowth|Tangrowth, F|100\/100\n|-damage|p2a: Tangrowth|88\/100|[from] Stealth Rock\n|turn|37\n|\n|t:|1667862136\n|move|p1a: Dragapult|Thunder Wave|p2a: Tangrowth\n|-status|p2a: Tangrowth|par\n|move|p2a: Tangrowth|Knock Off|p1a: Dragapult\n|-supereffective|p1a: Dragapult\n|-damage|p1a: Dragapult|10\/100\n|-enditem|p1a: Dragapult|Leftovers|[from] move: Knock Off|[of] p2a: Tangrowth\n|\n|upkeep\n|turn|38\n|\n|t:|1667862140\n|move|p1a: Dragapult|Hex|p2a: Tangrowth\n|-damage|p2a: Tangrowth|7\/100 par\n|cant|p2a: Tangrowth|par\n|\n|upkeep\n|turn|39\n|\n|t:|1667862142\n|move|p1a: Dragapult|Hex|p2a: Tangrowth\n|-damage|p2a: Tangrowth|0 fnt\n|faint|p2a: Tangrowth\n|\n|upkeep\n|\n|t:|1667862142\n|switch|p2a: rotomwash|Rotom-Wash|26\/100\n|-damage|p2a: rotomwash|13\/100|[from] Stealth Rock\n|turn|40\n|\n|t:|1667862144\n|move|p1a: Dragapult|Hex|p2a: rotomwash\n|-damage|p2a: rotomwash|0 fnt\n|faint|p2a: rotomwash\n|\n|win|alvar03\n|raw|alvar03's rating: 1747 &rarr; <strong>1765<\/strong><br \/>(+18 for winning)\n|raw|minimax_ai's rating: 1716 &rarr; <strong>1698<\/strong><br \/>(-18 for losing)\n|c|\u2606minimax_ai|gg\n","uploadtime":1667862146,"views":5,"p1id":"alvar03","p2id":"minimaxai","formatid":"gen8ou","rating":1698,"private":0,"password":null}