{"id":"gen8monotype-1682183179","p1":"Siegfried","p2":"Oryen","format":"gen8monotype","log":"|j|\u2606Siegfried\n|j|\u2606Oryen\n|inactive|Battle timer is ON: inactive players will automatically lose when time's up.\n|t:|1665402872\n|gametype|singles\n|player|p1|Siegfried|ethan|\n|player|p2|Oryen|lucas|\n|teamsize|p1|6\n|teamsize|p2|6\n|gen|8\n|tier|[Gen 8] Monotype\n|rated|Tournament battle\n|rule|Same Type Clause: Pok\u00e9mon in a team must share a type\n|rule|Sleep Clause Mod: Limit one foe put to sleep\n|rule|Species Clause: Limit one of each Pok\u00e9mon\n|rule|OHKO Clause: OHKO moves are banned\n|rule|Evasion Items Clause: Evasion items are banned\n|rule|Evasion Moves Clause: Evasion moves are banned\n|rule|Endless Battle Clause: Forcing endless battles is banned\n|rule|HP Percentage Mod: HP is shown in percentages\n|rule|Dynamax Clause: You cannot dynamax\n|clearpoke\n|poke|p1|Klefki, F|\n|poke|p1|Tapu Bulu|\n|poke|p1|Clefable, F|\n|poke|p1|Tapu Fini|\n|poke|p1|Tapu Koko|\n|poke|p1|Tapu Lele|\n|poke|p2|Porygon2|\n|poke|p2|Blissey, F|\n|poke|p2|Bewear, M|\n|poke|p2|Diggersby, M|\n|poke|p2|Heliolisk, F|\n|poke|p2|Ditto|\n|teampreview\n|j|*Lady Monita \u263d\n|inactive|Siegfried also wants the timer to be on.\n|\n|t:|1665402885\n|start\n|switch|p1a: Clefable|Clefable, F|100\/100\n|switch|p2a: Heliolisk|Heliolisk, F|100\/100\n|turn|1\n|\n|t:|1665402892\n|move|p2a: Heliolisk|Thunderbolt|p1a: Clefable\n|-damage|p1a: Clefable|45\/100\n|move|p1a: Clefable|Stealth Rock|p2a: Heliolisk\n|-sidestart|p2: Oryen|move: Stealth Rock\n|\n|upkeep\n|turn|2\n|\n|t:|1665402897\n|switch|p1a: Tapu Bulu|Tapu Bulu|100\/100\n|-fieldstart|move: Grassy Terrain|[from] ability: Grassy Surge|[of] p1a: Tapu Bulu\n|move|p2a: Heliolisk|Thunderbolt|p1a: Tapu Bulu\n|-resisted|p1a: Tapu Bulu\n|-damage|p1a: Tapu Bulu|60\/100\n|\n|-heal|p1a: Tapu Bulu|66\/100|[from] Grassy Terrain\n|-heal|p1a: Tapu Bulu|72\/100|[from] item: Leftovers\n|upkeep\n|turn|3\n|\n|t:|1665402903\n|switch|p2a: Bewear|Bewear, M|100\/100\n|-damage|p2a: Bewear|94\/100|[from] Stealth Rock\n|move|p1a: Tapu Bulu|Close Combat|p2a: Bewear\n|-supereffective|p2a: Bewear\n|-enditem|p2a: Bewear|Chople Berry|[eat]\n|-enditem|p2a: Bewear|Chople Berry|[weaken]\n|-damage|p2a: Bewear|79\/100\n|-unboost|p1a: Tapu Bulu|def|1\n|-unboost|p1a: Tapu Bulu|spd|1\n|\n|-heal|p1a: Tapu Bulu|78\/100|[from] Grassy Terrain\n|-heal|p1a: Tapu Bulu|83\/100|[from] item: Leftovers\n|-heal|p2a: Bewear|85\/100|[from] Grassy Terrain\n|upkeep\n|turn|4\n|\n|t:|1665402918\n|switch|p1a: Tapu Fini|Tapu Fini|100\/100\n|-fieldstart|move: Misty Terrain|[from] ability: Misty Surge|[of] p1a: Tapu Fini\n|switch|p2a: Diggersby|Diggersby, M|100\/100\n|-damage|p2a: Diggersby|94\/100|[from] Stealth Rock\n|\n|upkeep\n|turn|5\n|\n|t:|1665402938\n|switch|p2a: Heliolisk|Heliolisk, F|100\/100\n|-damage|p2a: Heliolisk|88\/100|[from] Stealth Rock\n|move|p1a: Tapu Fini|Substitute|p1a: Tapu Fini\n|-start|p1a: Tapu Fini|Substitute\n|-damage|p1a: Tapu Fini|75\/100\n|\n|-heal|p1a: Tapu Fini|82\/100|[from] item: Leftovers\n|upkeep\n|turn|6\n|\n|t:|1665402941\n|move|p2a: Heliolisk|Thunderbolt|p1a: Tapu Fini\n|-supereffective|p1a: Tapu Fini\n|-end|p1a: Tapu Fini|Substitute\n|move|p1a: Tapu Fini|Draining Kiss|p2a: Heliolisk\n|-damage|p2a: Heliolisk|64\/100\n|-heal|p1a: Tapu Fini|95\/100|[from] drain|[of] p2a: Heliolisk\n|\n|-heal|p1a: Tapu Fini|100\/100|[from] item: Leftovers\n|upkeep\n|turn|7\n|\n|t:|1665402953\n|switch|p2a: Porygon2|Porygon2|100\/100\n|-damage|p2a: Porygon2|88\/100|[from] Stealth Rock\n|-ability|p2a: Porygon2|Download|boost\n|-boost|p2a: Porygon2|spa|1\n|switch|p1a: Tapu Koko|Tapu Koko|100\/100\n|-fieldstart|move: Electric Terrain|[from] ability: Electric Surge|[of] p1a: Tapu Koko\n|\n|upkeep\n|turn|8\n|\n|t:|1665402958\n|move|p1a: Tapu Koko|Thunderbolt|p2a: Porygon2\n|-damage|p2a: Porygon2|47\/100\n|-damage|p1a: Tapu Koko|91\/100|[from] item: Life Orb\n|move|p2a: Porygon2|Ice Beam|p1a: Tapu Koko\n|-damage|p1a: Tapu Koko|40\/100\n|\n|upkeep\n|turn|9\n|\n|t:|1665402961\n|move|p1a: Tapu Koko|Roost|p1a: Tapu Koko\n|-heal|p1a: Tapu Koko|91\/100\n|-singleturn|p1a: Tapu Koko|move: Roost\n|move|p2a: Porygon2|Recover|p2a: Porygon2\n|-heal|p2a: Porygon2|97\/100\n|\n|upkeep\n|turn|10\n|\n|t:|1665402973\n|switch|p1a: Tapu Fini|Tapu Fini|100\/100\n|-fieldstart|move: Misty Terrain|[from] ability: Misty Surge|[of] p1a: Tapu Fini\n|move|p2a: Porygon2|Ice Beam|p1a: Tapu Fini\n|-resisted|p1a: Tapu Fini\n|-damage|p1a: Tapu Fini|89\/100\n|\n|-heal|p1a: Tapu Fini|95\/100|[from] item: Leftovers\n|upkeep\n|turn|11\n|\n|t:|1665402978\n|switch|p1a: Klefki|Klefki, F|100\/100\n|move|p2a: Porygon2|Thunderbolt|p1a: Klefki\n|-damage|p1a: Klefki|61\/100\n|\n|upkeep\n|turn|12\n|\n|t:|1665402981\n|move|p1a: Klefki|Light Screen|p1a: Klefki\n|-sidestart|p1: Siegfried|move: Light Screen\n|move|p2a: Porygon2|Thunderbolt|p1a: Klefki\n|-damage|p1a: Klefki|41\/100\n|\n|upkeep\n|turn|13\n|\n|t:|1665402991\n|move|p1a: Klefki|Spikes|p2a: Porygon2\n|-sidestart|p2: Oryen|Spikes\n|move|p2a: Porygon2|Substitute|p2a: Porygon2\n|-start|p2a: Porygon2|Substitute\n|-damage|p2a: Porygon2|72\/100\n|\n|upkeep\n|turn|14\n|\n|t:|1665402997\n|switch|p1a: Tapu Lele|Tapu Lele|100\/100\n|-fieldstart|move: Psychic Terrain|[from] ability: Psychic Surge|[of] p1a: Tapu Lele\n|move|p2a: Porygon2|Thunderbolt|p1a: Tapu Lele\n|-damage|p1a: Tapu Lele|84\/100\n|\n|upkeep\n|turn|15\n|\n|t:|1665403005\n|move|p1a: Tapu Lele|Psychic|p2a: Porygon2\n|-end|p2a: Porygon2|Substitute\n|move|p2a: Porygon2|Thunderbolt|p1a: Tapu Lele\n|-damage|p1a: Tapu Lele|67\/100\n|\n|upkeep\n|turn|16\n|\n|t:|1665403007\n|switch|p2a: Blissey|Blissey, F|100\/100\n|move|p1a: Tapu Lele|Psychic|p2a: Blissey\n|-damage|p2a: Blissey|80\/100\n|\n|upkeep\n|turn|17\n|\n|t:|1665403010\n|switch|p1a: Tapu Bulu|Tapu Bulu|83\/100\n|-fieldstart|move: Grassy Terrain|[from] ability: Grassy Surge|[of] p1a: Tapu Bulu\n|move|p2a: Blissey|Teleport|p2a: Blissey\n|\n|t:|1665403019\n|switch|p2a: Bewear|Bewear, M|85\/100|[from]move: Teleport\n|-damage|p2a: Bewear|79\/100|[from] Stealth Rock\n|-damage|p2a: Bewear|67\/100|[from] Spikes\n|\n|-heal|p1a: Tapu Bulu|89\/100|[from] Grassy Terrain\n|-heal|p1a: Tapu Bulu|95\/100|[from] item: Leftovers\n|-heal|p2a: Bewear|73\/100|[from] Grassy Terrain\n|upkeep\n|turn|18\n|\n|t:|1665403024\n|switch|p1a: Tapu Fini|Tapu Fini|95\/100\n|-fieldstart|move: Misty Terrain|[from] ability: Misty Surge|[of] p1a: Tapu Fini\n|move|p2a: Bewear|Drain Punch|p1a: Tapu Fini\n|-resisted|p1a: Tapu Fini\n|-damage|p1a: Tapu Fini|83\/100\n|-heal|p2a: Bewear|78\/100|[from] drain|[of] p1a: Tapu Fini\n|\n|-heal|p1a: Tapu Fini|89\/100|[from] item: Leftovers\n|upkeep\n|turn|19\n|\n|t:|1665403032\n|switch|p2a: Blissey|Blissey, F|80\/100\n|move|p1a: Tapu Fini|Calm Mind|p1a: Tapu Fini\n|-boost|p1a: Tapu Fini|spa|1\n|-boost|p1a: Tapu Fini|spd|1\n|\n|-heal|p1a: Tapu Fini|95\/100|[from] item: Leftovers\n|-sideend|p1: Siegfried|move: Light Screen\n|upkeep\n|turn|20\n|\n|t:|1665403043\n|move|p1a: Tapu Fini|Substitute|p1a: Tapu Fini\n|-start|p1a: Tapu Fini|Substitute\n|-damage|p1a: Tapu Fini|70\/100\n|move|p2a: Blissey|Teleport|p2a: Blissey\n|\n|t:|1665403046\n|switch|p2a: Heliolisk|Heliolisk, F|64\/100|[from]move: Teleport\n|-damage|p2a: Heliolisk|52\/100|[from] Stealth Rock\n|-damage|p2a: Heliolisk|39\/100|[from] Spikes\n|\n|-heal|p1a: Tapu Fini|76\/100|[from] item: Leftovers\n|upkeep\n|turn|21\n|\n|t:|1665403050\n|move|p2a: Heliolisk|Volt Switch|p1a: Tapu Fini\n|-supereffective|p1a: Tapu Fini\n|-end|p1a: Tapu Fini|Substitute\n|\n|t:|1665403057\n|switch|p2a: Porygon2|Porygon2|72\/100|[from]move: Volt Switch\n|-damage|p2a: Porygon2|60\/100|[from] Stealth Rock\n|-damage|p2a: Porygon2|48\/100|[from] Spikes\n|-ability|p2a: Porygon2|Download|boost\n|-boost|p2a: Porygon2|atk|1\n|move|p1a: Tapu Fini|Draining Kiss|p2a: Porygon2\n|-damage|p2a: Porygon2|33\/100\n|-heal|p1a: Tapu Fini|88\/100|[from] drain|[of] p2a: Porygon2\n|\n|-heal|p1a: Tapu Fini|94\/100|[from] item: Leftovers\n|upkeep\n|turn|22\n|inactive|Siegfried has 120 seconds left.\n|inactive|Siegfried has 90 seconds left.\n|\n|t:|1665403126\n|switch|p2a: Heliolisk|Heliolisk, F|39\/100\n|-damage|p2a: Heliolisk|27\/100|[from] Stealth Rock\n|-damage|p2a: Heliolisk|14\/100|[from] Spikes\n|move|p1a: Tapu Fini|Substitute|p1a: Tapu Fini\n|-start|p1a: Tapu Fini|Substitute\n|-damage|p1a: Tapu Fini|69\/100\n|\n|-heal|p1a: Tapu Fini|75\/100|[from] item: Leftovers\n|-fieldend|Misty Terrain\n|upkeep\n|turn|23\n|\n|t:|1665403142\n|move|p2a: Heliolisk|Thunderbolt|p1a: Tapu Fini\n|-supereffective|p1a: Tapu Fini\n|-end|p1a: Tapu Fini|Substitute\n|move|p1a: Tapu Fini|Draining Kiss|p2a: Heliolisk\n|-damage|p2a: Heliolisk|0 fnt\n|-heal|p1a: Tapu Fini|84\/100|[from] drain|[of] p2a: Heliolisk\n|faint|p2a: Heliolisk\n|\n|-heal|p1a: Tapu Fini|90\/100|[from] item: Leftovers\n|upkeep\n|\n|t:|1665403146\n|switch|p2a: Diggersby|Diggersby, M|94\/100\n|-damage|p2a: Diggersby|88\/100|[from] Stealth Rock\n|-damage|p2a: Diggersby|76\/100|[from] Spikes\n|turn|24\n|\n|t:|1665403151\n|move|p2a: Diggersby|Body Slam|p1a: Tapu Fini\n|-damage|p1a: Tapu Fini|31\/100\n|move|p1a: Tapu Fini|Scald|p2a: Diggersby\n|-supereffective|p2a: Diggersby\n|-damage|p2a: Diggersby|0 fnt\n|faint|p2a: Diggersby\n|\n|-heal|p1a: Tapu Fini|37\/100|[from] item: Leftovers\n|upkeep\n|\n|t:|1665403158\n|switch|p2a: Blissey|Blissey, F|80\/100\n|turn|25\n|inactive|Siegfried has 120 seconds left.\n|\n|t:|1665403163\n|switch|p1a: Clefable|Clefable, F|45\/100\n|move|p2a: Blissey|Seismic Toss|p1a: Clefable\n|-damage|p1a: Clefable|19\/100\n|-damage|p2a: Blissey|63\/100|[from] item: Rocky Helmet|[of] p1a: Clefable\n|\n|upkeep\n|turn|26\n|inactive|Oryen has 120 seconds left.\n|\n|t:|1665403197\n|move|p1a: Clefable|Soft-Boiled|p1a: Clefable\n|-heal|p1a: Clefable|69\/100\n|move|p2a: Blissey|Stealth Rock|p1a: Clefable\n|-sidestart|p1: Siegfried|move: Stealth Rock\n|\n|upkeep\n|turn|27\n|\n|t:|1665403202\n|move|p1a: Clefable|Knock Off|p2a: Blissey\n|-damage|p2a: Blissey|50\/100\n|-enditem|p2a: Blissey|Heavy-Duty Boots|[from] move: Knock Off|[of] p1a: Clefable\n|move|p2a: Blissey|Soft-Boiled|p2a: Blissey\n|-heal|p2a: Blissey|99\/100\n|\n|upkeep\n|turn|28\n|\n|t:|1665403209\n|move|p1a: Clefable|Soft-Boiled|p1a: Clefable\n|-heal|p1a: Clefable|100\/100\n|move|p2a: Blissey|Teleport|p2a: Blissey\n|\n|t:|1665403215\n|switch|p2a: Porygon2|Porygon2|33\/100|[from]move: Teleport\n|-damage|p2a: Porygon2|21\/100|[from] Stealth Rock\n|-damage|p2a: Porygon2|9\/100|[from] Spikes\n|-ability|p2a: Porygon2|Download|boost\n|-boost|p2a: Porygon2|spa|1\n|\n|upkeep\n|turn|29\n|\n|t:|1665403220\n|move|p1a: Clefable|Knock Off|p2a: Porygon2\n|-damage|p2a: Porygon2|1\/100\n|-enditem|p2a: Porygon2|Eviolite|[from] move: Knock Off|[of] p1a: Clefable\n|move|p2a: Porygon2|Recover|p2a: Porygon2\n|-heal|p2a: Porygon2|51\/100\n|\n|upkeep\n|turn|30\n|\n|t:|1665403225\n|switch|p1a: Tapu Lele|Tapu Lele|67\/100\n|-damage|p1a: Tapu Lele|55\/100|[from] Stealth Rock\n|-fieldstart|move: Psychic Terrain|[from] ability: Psychic Surge|[of] p1a: Tapu Lele\n|move|p2a: Porygon2|Recover|p2a: Porygon2\n|-heal|p2a: Porygon2|100\/100\n|\n|upkeep\n|turn|31\n|\n|t:|1665403230\n|switch|p2a: Blissey|Blissey, F|99\/100\n|-damage|p2a: Blissey|88\/100|[from] Stealth Rock\n|-damage|p2a: Blissey|75\/100|[from] Spikes\n|move|p1a: Tapu Lele|Focus Blast|p2a: Blissey\n|-supereffective|p2a: Blissey\n|-damage|p2a: Blissey|44\/100\n|\n|upkeep\n|turn|32\n|\n|t:|1665403235\n|switch|p1a: Tapu Bulu|Tapu Bulu|95\/100\n|-damage|p1a: Tapu Bulu|83\/100|[from] Stealth Rock\n|-fieldstart|move: Grassy Terrain|[from] ability: Grassy Surge|[of] p1a: Tapu Bulu\n|move|p2a: Blissey|Soft-Boiled|p2a: Blissey\n|-heal|p2a: Blissey|94\/100\n|\n|-heal|p1a: Tapu Bulu|89\/100|[from] Grassy Terrain\n|-heal|p1a: Tapu Bulu|95\/100|[from] item: Leftovers\n|-heal|p2a: Blissey|99\/100|[from] Grassy Terrain\n|upkeep\n|turn|33\n|\n|t:|1665403259\n|switch|p1a: Tapu Lele|Tapu Lele|55\/100\n|-damage|p1a: Tapu Lele|42\/100|[from] Stealth Rock\n|-fieldstart|move: Psychic Terrain|[from] ability: Psychic Surge|[of] p1a: Tapu Lele\n|switch|p2a: Ditto|Ditto|100\/100\n|-damage|p2a: Ditto|88\/100|[from] Stealth Rock\n|-damage|p2a: Ditto|76\/100|[from] Spikes\n|-transform|p2a: Ditto|p1a: Tapu Lele|[from] ability: Imposter\n|\n|upkeep\n|turn|34\n|\n|t:|1665403273\n|move|p2a: Ditto|Moonblast|p1a: Tapu Lele\n|-damage|p1a: Tapu Lele|0 fnt\n|faint|p1a: Tapu Lele\n|\n|upkeep\n|\n|t:|1665403278\n|switch|p1a: Klefki|Klefki, F|41\/100\n|-damage|p1a: Klefki|35\/100|[from] Stealth Rock\n|turn|35\n|\n|t:|1665403283\n|switch|p2a: Blissey|Blissey, F|99\/100\n|-damage|p2a: Blissey|88\/100|[from] Stealth Rock\n|-damage|p2a: Blissey|75\/100|[from] Spikes\n|move|p1a: Klefki|Light Screen|p1a: Klefki\n|-sidestart|p1: Siegfried|move: Light Screen\n|\n|upkeep\n|turn|36\n|\n|t:|1665403286\n|move|p1a: Klefki|Reflect|p1a: Klefki\n|-sidestart|p1: Siegfried|Reflect\n|move|p2a: Blissey|Seismic Toss|p1a: Klefki\n|-damage|p1a: Klefki|4\/100\n|\n|upkeep\n|turn|37\n|\n|t:|1665403291\n|move|p1a: Klefki|Spikes|p2a: Blissey\n|-sidestart|p2: Oryen|Spikes\n|move|p2a: Blissey|Soft-Boiled|p2a: Blissey\n|-heal|p2a: Blissey|100\/100\n|\n|-fieldend|move: Psychic Terrain\n|upkeep\n|turn|38\n|\n|t:|1665403300\n|move|p1a: Klefki|Spikes|p2a: Blissey\n|-sidestart|p2: Oryen|Spikes\n|move|p2a: Blissey|Teleport|p2a: Blissey\n|\n|t:|1665403302\n|switch|p2a: Ditto|Ditto|76\/100|[from]move: Teleport\n|-damage|p2a: Ditto|63\/100|[from] Stealth Rock\n|-damage|p2a: Ditto|39\/100|[from] Spikes\n|-transform|p2a: Ditto|p1a: Klefki|[from] ability: Imposter\n|\n|upkeep\n|turn|39\n|\n|t:|1665403307\n|switch|p1a: Tapu Koko|Tapu Koko|91\/100\n|-damage|p1a: Tapu Koko|78\/100|[from] Stealth Rock\n|-fieldstart|move: Electric Terrain|[from] ability: Electric Surge|[of] p1a: Tapu Koko\n|move|p2a: Ditto|Spikes|p1a: Tapu Koko\n|-sidestart|p1: Siegfried|Spikes\n|\n|upkeep\n|turn|40\n|\n|t:|1665403314\n|switch|p2a: Blissey|Blissey, F|100\/100\n|-damage|p2a: Blissey|88\/100|[from] Stealth Rock\n|-damage|p2a: Blissey|63\/100|[from] Spikes\n|move|p1a: Tapu Koko|Thunderbolt|p2a: Blissey\n|-damage|p2a: Blissey|39\/100\n|-status|p2a: Blissey|par\n|-damage|p1a: Tapu Koko|68\/100|[from] item: Life Orb\n|\n|upkeep\n|turn|41\n|\n|t:|1665403319\n|switch|p1a: Tapu Bulu|Tapu Bulu|95\/100\n|-damage|p1a: Tapu Bulu|83\/100|[from] Stealth Rock\n|-damage|p1a: Tapu Bulu|71\/100|[from] Spikes\n|-fieldstart|move: Grassy Terrain|[from] ability: Grassy Surge|[of] p1a: Tapu Bulu\n|move|p2a: Blissey|Soft-Boiled|p2a: Blissey\n|-heal|p2a: Blissey|89\/100 par\n|\n|-heal|p1a: Tapu Bulu|76\/100|[from] Grassy Terrain\n|-heal|p1a: Tapu Bulu|82\/100|[from] item: Leftovers\n|-heal|p2a: Blissey|95\/100 par|[from] Grassy Terrain\n|upkeep\n|turn|42\n|\n|t:|1665403328\n|-curestatus|p2a: Blissey|par|[from] ability: Natural Cure\n|switch|p2a: Bewear|Bewear, M|78\/100\n|-damage|p2a: Bewear|72\/100|[from] Stealth Rock\n|-damage|p2a: Bewear|47\/100|[from] Spikes\n|move|p1a: Tapu Bulu|Horn Leech|p2a: Bewear\n|-damage|p2a: Bewear|27\/100\n|-heal|p1a: Tapu Bulu|96\/100|[from] drain|[of] p2a: Bewear\n|\n|-heal|p1a: Tapu Bulu|100\/100|[from] Grassy Terrain\n|-heal|p2a: Bewear|33\/100|[from] Grassy Terrain\n|-sideend|p1: Siegfried|move: Light Screen\n|upkeep\n|turn|43\n|\n|t:|1665403332\n|move|p1a: Tapu Bulu|Close Combat|p2a: Bewear\n|-supereffective|p2a: Bewear\n|-damage|p2a: Bewear|2\/100\n|-unboost|p1a: Tapu Bulu|def|1\n|-unboost|p1a: Tapu Bulu|spd|1\n|move|p2a: Bewear|Bulk Up|p2a: Bewear\n|-boost|p2a: Bewear|atk|1\n|-boost|p2a: Bewear|def|1\n|\n|-heal|p2a: Bewear|8\/100|[from] Grassy Terrain\n|-sideend|p1: Siegfried|Reflect\n|upkeep\n|turn|44\n|\n|t:|1665403337\n|move|p1a: Tapu Bulu|Close Combat|p2a: Bewear\n|-supereffective|p2a: Bewear\n|-damage|p2a: Bewear|0 fnt\n|-unboost|p1a: Tapu Bulu|def|1\n|-unboost|p1a: Tapu Bulu|spd|1\n|faint|p2a: Bewear\n|\n|upkeep\n|\n|t:|1665403344\n|switch|p2a: Ditto|Ditto|39\/100\n|-damage|p2a: Ditto|26\/100|[from] Stealth Rock\n|-damage|p2a: Ditto|2\/100|[from] Spikes\n|-transform|p2a: Ditto|p1a: Tapu Bulu|[from] ability: Imposter\n|turn|45\n|\n|t:|1665403351\n|switch|p1a: Klefki|Klefki, F|4\/100\n|-damage|p1a: Klefki|0 fnt|[from] Stealth Rock\n|faint|p1a: Klefki\n|move|p2a: Ditto|Horn Leech|p1: Klefki|[notarget]\n|-fail|p2a: Ditto\n|\n|-heal|p2a: Ditto|8\/100|[from] Grassy Terrain\n|-fieldend|move: Grassy Terrain\n|upkeep\n|\n|t:|1665403355\n|switch|p1a: Tapu Koko|Tapu Koko|68\/100\n|-damage|p1a: Tapu Koko|56\/100|[from] Stealth Rock\n|-damage|p1a: Tapu Koko|43\/100|[from] Spikes\n|-fieldstart|move: Electric Terrain|[from] ability: Electric Surge|[of] p1a: Tapu Koko\n|turn|46\n|\n|t:|1665403360\n|move|p1a: Tapu Koko|Dazzling Gleam|p2a: Ditto\n|-damage|p2a: Ditto|0 fnt\n|faint|p2a: Ditto\n|-damage|p1a: Tapu Koko|33\/100|[from] item: Life Orb\n|\n|upkeep\n|c|\u2606Oryen|gg siggy\n|c|\u2606Siegfried|gg\n|-message|Oryen forfeited.\n|\n|win|Siegfried\n|n|\u2606Siegfried|siegfried\n|n|\u2606Oryen|oryen\n|n|*Lady Monita \u263d|ladymonita\n|l|*Lady Monita \u263d\n|l|\u2606Oryen\n","uploadtime":1665403372,"views":10,"p1id":"siegfried","p2id":"oryen","formatid":"gen8monotype","rating":0,"private":0,"password":null}