{"id":"gen8ou-1012981971","p1":"hauntersnightmare","p2":"asdfrsdgfsg","format":"gen8ou","log":"|j|\u2606hauntersnightmare\n|j|\u2606asdfrsdgfsg\n|player|p1|hauntersnightmare|101|1239\n|player|p2|asdfrsdgfsg|lass-gen4dp|1158\n|teamsize|p1|6\n|teamsize|p2|6\n|gametype|singles\n|gen|8\n|tier|[Gen 8] OU\n|rated|\n|rule|Sleep Clause Mod: Limit one foe put to sleep\n|rule|Species Clause: Limit one of each Pok\u00e9mon\n|rule|OHKO Clause: OHKO moves are banned\n|rule|Moody Clause: Moody is banned\n|rule|Evasion Moves Clause: Evasion moves are banned\n|rule|Endless Battle Clause: Forcing endless battles is banned\n|rule|HP Percentage Mod: HP is shown in percentages\n|clearpoke\n|poke|p1|Barraskewda, F|item\n|poke|p1|Excadrill, M|item\n|poke|p1|Gyarados, M|item\n|poke|p1|Darmanitan-Galar, F|item\n|poke|p1|Aegislash, F|item\n|poke|p1|Cinderace, F|item\n|poke|p2|Dracovish|item\n|poke|p2|Ferrothorn, F|item\n|poke|p2|Pelipper, M|item\n|poke|p2|Dragapult, M|item\n|poke|p2|Whimsicott, M|item\n|poke|p2|Barraskewda, M|item\n|teampreview\n|inactive|Battle timer is ON: inactive players will automatically lose when time's up. (requested by hauntersnightmare)\n|\n|start\n|switch|p1a: Barraskewda|Barraskewda, F|100\/100\n|switch|p2a: Pelipper|Pelipper, M|100\/100\n|-weather|RainDance|[from] ability: Drizzle|[of] p2a: Pelipper\n|turn|1\n|\n|move|p1a: Barraskewda|Liquidation|p2a: Pelipper\n|-resisted|p2a: Pelipper\n|-damage|p2a: Pelipper|58\/100\n|move|p2a: Pelipper|U-turn|p1a: Barraskewda\n|-damage|p1a: Barraskewda|83\/100\n|\n|switch|p2a: Ferrothorn|Ferrothorn, F|100\/100|[from]move: U-turn\n|\n|-weather|RainDance|[upkeep]\n|upkeep\n|turn|2\n|\n|switch|p1a: Cinderace|Cinderace, F|100\/100\n|move|p2a: Ferrothorn|Stealth Rock|p1a: Cinderace\n|-sidestart|p1: hauntersnightmare|move: Stealth Rock\n|\n|-weather|RainDance|[upkeep]\n|upkeep\n|turn|3\n|\n|switch|p2a: Dragapult|Dragapult, M|100\/100\n|move|p1a: Cinderace|Court Change|p1a: Cinderace\n|-sideend|p1: hauntersnightmare|Stealth Rock|[from] move: Court Change|[of] p1a: Cinderace\n|-sidestart|p2: asdfrsdgfsg|move: Stealth Rock\n|\n|-weather|RainDance|[upkeep]\n|upkeep\n|turn|4\n|\n|-start|p1a: Cinderace|Dynamax\n|-heal|p1a: Cinderace|100\/100|[from] Dynamax\n|move|p2a: Dragapult|Shadow Ball|p1a: Cinderace\n|-damage|p1a: Cinderace|62\/100\n|move|p1a: Cinderace|Max Airstream|p2a: Dragapult\n|-damage|p2a: Dragapult|39\/100\n|-boost|p1a: Cinderace|spe|1\n|\n|-weather|RainDance|[upkeep]\n|upkeep\n|turn|5\n|\n|switch|p2a: Ferrothorn|Ferrothorn, F|100\/100\n|-damage|p2a: Ferrothorn|95\/100|[from] Stealth Rock\n|move|p1a: Cinderace|Max Flare|p2a: Ferrothorn\n|-supereffective|p2a: Ferrothorn\n|-damage|p2a: Ferrothorn|22\/100\n|-weather|SunnyDay\n|\n|-weather|SunnyDay|[upkeep]\n|upkeep\n|turn|6\n|-enditem|p2a: Ferrothorn|Custap Berry|[eat]\n|-activate|p2a: Ferrothorn|item: Custap Berry|[consumed]\n|\n|move|p2a: Ferrothorn|Stealth Rock|p1a: Cinderace\n|-sidestart|p1: hauntersnightmare|move: Stealth Rock\n|move|p1a: Cinderace|Max Knuckle|p2a: Ferrothorn\n|-supereffective|p2a: Ferrothorn\n|-damage|p2a: Ferrothorn|0 fnt\n|-boost|p1a: Cinderace|atk|1\n|faint|p2a: Ferrothorn\n|\n|-weather|SunnyDay|[upkeep]\n|-end|p1a: Cinderace|Dynamax\n|-heal|p1a: Cinderace|62\/100|[from] Dynamax\n|upkeep\n|\n|switch|p2a: Pelipper|Pelipper, M|58\/100\n|-damage|p2a: Pelipper|33\/100|[from] Stealth Rock\n|-weather|RainDance|[from] ability: Drizzle|[of] p2a: Pelipper\n|turn|7\n|\n|move|p1a: Cinderace|Bounce||[still]\n|-prepare|p1a: Cinderace|Bounce|p2a: Pelipper\n|move|p2a: Pelipper|Roost|p2a: Pelipper\n|-heal|p2a: Pelipper|83\/100\n|-singleturn|p2a: Pelipper|move: Roost\n|\n|-weather|RainDance|[upkeep]\n|upkeep\n|turn|8\n|\n|move|p1a: Cinderace|Bounce|p2a: Pelipper|[from]lockedmove\n|-damage|p2a: Pelipper|52\/100\n|-status|p2a: Pelipper|par\n|cant|p2a: Pelipper|par\n|\n|-weather|RainDance|[upkeep]\n|upkeep\n|turn|9\n|\n|move|p1a: Cinderace|Pyro Ball|p2a: Pelipper\n|-resisted|p2a: Pelipper\n|-damage|p2a: Pelipper|36\/100 par\n|cant|p2a: Pelipper|par\n|\n|-weather|RainDance|[upkeep]\n|upkeep\n|turn|10\n|c|\u2606asdfrsdgfsg|...\n|\n|move|p1a: Cinderace|High Jump Kick|p2a: Pelipper\n|-resisted|p2a: Pelipper\n|-damage|p2a: Pelipper|11\/100 par\n|move|p2a: Pelipper|Roost|p2a: Pelipper\n|-heal|p2a: Pelipper|61\/100 par\n|-singleturn|p2a: Pelipper|move: Roost\n|\n|-weather|RainDance|[upkeep]\n|upkeep\n|turn|11\n|\n|switch|p1a: Excadrill|Excadrill, M|100\/100\n|-damage|p1a: Excadrill|97\/100|[from] Stealth Rock\n|-ability|p1a: Excadrill|Mold Breaker\n|cant|p2a: Pelipper|par\n|\n|-weather|RainDance|[upkeep]\n|upkeep\n|turn|12\n|\n|switch|p2a: Dragapult|Dragapult, M|39\/100\n|-damage|p2a: Dragapult|27\/100|[from] Stealth Rock\n|move|p1a: Excadrill|Rapid Spin|p2a: Dragapult\n|-immune|p2a: Dragapult\n|\n|-weather|RainDance|[upkeep]\n|upkeep\n|turn|13\n|\n|switch|p1a: Aegislash|Aegislash, F|100\/100\n|-damage|p1a: Aegislash|95\/100|[from] Stealth Rock\n|move|p2a: Dragapult|Shadow Ball|p1a: Aegislash\n|-supereffective|p1a: Aegislash\n|-damage|p1a: Aegislash|4\/100\n|-unboost|p1a: Aegislash|spd|1\n|\n|-weather|RainDance|[upkeep]\n|upkeep\n|turn|14\n|\n|-formechange|p1a: Aegislash|Aegislash-Blade||[from] ability: Stance Change\n|move|p1a: Aegislash|Shadow Sneak|p2a: Dragapult\n|-supereffective|p2a: Dragapult\n|-damage|p2a: Dragapult|0 fnt\n|faint|p2a: Dragapult\n|\n|-weather|none\n|upkeep\n|\n|switch|p2a: Pelipper|Pelipper, M|61\/100 par\n|-damage|p2a: Pelipper|37\/100 par|[from] Stealth Rock\n|-weather|RainDance|[from] ability: Drizzle|[of] p2a: Pelipper\n|turn|15\n|\n|move|p1a: Aegislash|Shadow Ball|p2a: Pelipper\n|-damage|p2a: Pelipper|0 fnt\n|faint|p2a: Pelipper\n|\n|-weather|RainDance|[upkeep]\n|upkeep\n|\n|switch|p2a: Whimsicott|Whimsicott, M|100\/100\n|-damage|p2a: Whimsicott|88\/100|[from] Stealth Rock\n|turn|16\n|\n|move|p1a: Aegislash|Shadow Sneak|p2a: Whimsicott\n|-damage|p2a: Whimsicott|69\/100\n|move|p2a: Whimsicott|Moonblast|p1a: Aegislash\n|-resisted|p1a: Aegislash\n|-damage|p1a: Aegislash|0 fnt\n|faint|p1a: Aegislash\n|\n|-weather|RainDance|[upkeep]\n|-heal|p2a: Whimsicott|75\/100|[from] item: Leftovers\n|upkeep\n|\n|switch|p1a: Excadrill|Excadrill, M|97\/100\n|-damage|p1a: Excadrill|94\/100|[from] Stealth Rock\n|-ability|p1a: Excadrill|Mold Breaker\n|turn|17\n|\n|move|p2a: Whimsicott|Memento|p1a: Excadrill\n|-unboost|p1a: Excadrill|atk|2\n|-unboost|p1a: Excadrill|spa|2\n|faint|p2a: Whimsicott\n|move|p1a: Excadrill|Rapid Spin|p2: Whimsicott|[notarget]\n|-fail|p1a: Excadrill\n|\n|-weather|RainDance|[upkeep]\n|upkeep\n|\n|switch|p2a: Barraskewda|Barraskewda, M|100\/100\n|-damage|p2a: Barraskewda|88\/100|[from] Stealth Rock\n|turn|18\n|\n|-start|p2a: Barraskewda|Dynamax\n|-heal|p2a: Barraskewda|88\/100|[from] Dynamax\n|move|p2a: Barraskewda|Max Knuckle|p1a: Excadrill\n|-supereffective|p1a: Excadrill\n|-damage|p1a: Excadrill|0 fnt\n|-boost|p2a: Barraskewda|atk|1\n|faint|p1a: Excadrill\n|\n|-weather|RainDance|[upkeep]\n|upkeep\n|\n|switch|p1a: Gyarados|Gyarados, M|100\/100\n|-damage|p1a: Gyarados|76\/100|[from] Stealth Rock\n|turn|19\n|\n|move|p2a: Barraskewda|Max Geyser|p1a: Gyarados\n|-resisted|p1a: Gyarados\n|-damage|p1a: Gyarados|0 fnt\n|faint|p1a: Gyarados\n|\n|-weather|RainDance|[upkeep]\n|upkeep\n|\n|switch|p1a: Barraskewda|Barraskewda, F|83\/100\n|-damage|p1a: Barraskewda|71\/100|[from] Stealth Rock\n|turn|20\n|\n|move|p1a: Barraskewda|Aqua Jet|p2a: Barraskewda\n|-resisted|p2a: Barraskewda\n|-crit|p2a: Barraskewda\n|-damage|p2a: Barraskewda|55\/100\n|move|p2a: Barraskewda|Max Knuckle|p1a: Barraskewda\n|-damage|p1a: Barraskewda|0 fnt\n|-boost|p2a: Barraskewda|atk|1\n|faint|p1a: Barraskewda\n|\n|-weather|RainDance|[upkeep]\n|-end|p2a: Barraskewda|Dynamax\n|-heal|p2a: Barraskewda|55\/100|[from] Dynamax\n|upkeep\n|-message|hauntersnightmare forfeited.\n|\n|win|asdfrsdgfsg\n|l|\u2606hauntersnightmare\n|raw|hauntersnightmare's rating: 1206 &rarr; <strong>1179<\/strong><br \/>(-27 for losing)\n|raw|asdfrsdgfsg's rating: 1178 &rarr; <strong>1205<\/strong><br \/>(+27 for winning)\n","uploadtime":1574220134,"views":14,"p1id":"hauntersnightmare","p2id":"asdfrsdgfsg","formatid":"gen8ou","rating":1179,"private":0,"password":null}