{"id":"gen8ou-1703844160","p1":"ChuXin2","p2":"superrouchuan","format":"gen8ou","log":"|j|\u2606ChuXin2\n|j|\u2606superrouchuan\n|t:|1667702610\n|gametype|singles\n|player|p1|ChuXin2|steven|1529\n|player|p2|superrouchuan|clown|1632\n|teamsize|p1|6\n|teamsize|p2|6\n|gen|8\n|tier|[Gen 8] OU\n|rated|\n|rule|Sleep Clause Mod: Limit one foe put to sleep\n|rule|Species Clause: Limit one of each Pok\u00e9mon\n|rule|OHKO Clause: OHKO moves are banned\n|rule|Evasion Items Clause: Evasion items are banned\n|rule|Evasion Moves Clause: Evasion moves are banned\n|rule|Endless Battle Clause: Forcing endless battles is banned\n|rule|HP Percentage Mod: HP is shown in percentages\n|rule|Dynamax Clause: You cannot dynamax\n|clearpoke\n|poke|p1|Tapu Lele|\n|poke|p1|Urshifu-*, F|\n|poke|p1|Garchomp, F|\n|poke|p1|Ferrothorn, M|\n|poke|p1|Zapdos|\n|poke|p1|Clefable, F|\n|poke|p2|Snorlax, M|\n|poke|p2|Tapu Lele|\n|poke|p2|Tyranitar, F|\n|poke|p2|Zapdos|\n|poke|p2|Garchomp, F|\n|poke|p2|Buzzwole|\n|teampreview\n|j| GalarianN00b3\n|c|\u2606ChuXin2|\u8089\u4e32\u54e5\uff1f\n|inactive|Battle timer is ON: inactive players will automatically lose when time's up. (requested by ChuXin2)\n|\n|t:|1667702656\n|start\n|switch|p1a: Tapu Lele|Tapu Lele|100\/100\n|switch|p2a: \u9f99\u9f99\u9f99\u9f99\u821e\u8d77\u6765\uff01\uff01|Garchomp, F|100\/100\n|-fieldstart|move: Psychic Terrain|[from] ability: Psychic Surge|[of] p1a: Tapu Lele\n|turn|1\n|\n|t:|1667702674\n|move|p1a: Tapu Lele|Moonblast|p2a: \u9f99\u9f99\u9f99\u9f99\u821e\u8d77\u6765\uff01\uff01\n|-supereffective|p2a: \u9f99\u9f99\u9f99\u9f99\u821e\u8d77\u6765\uff01\uff01\n|-damage|p2a: \u9f99\u9f99\u9f99\u9f99\u821e\u8d77\u6765\uff01\uff01|0 fnt\n|faint|p2a: \u9f99\u9f99\u9f99\u9f99\u821e\u8d77\u6765\uff01\uff01\n|\n|upkeep\n|c|\u2606superrouchuan|\uff1f\n|c|\u2606superrouchuan|\u4ed6\u5988\u9884\u77e5\u8fde\u653b\u961f\n|c|\u2606superrouchuan|\u638f\u51fa\u4e2a\u56f4\u5dfe\u662f\u5427\n|\n|t:|1667702701\n|switch|p2a: \u6c38\u8fdc\u7684\u5361\u5723|Snorlax, M, shiny|100\/100\n|turn|2\n|c|\u2606ChuXin2|\u8ddf\u4f60\u6253\u4e0d\u80fd\u4ee5\u5e38\u89c4\u601d\u7ef4\n|c|\u2606ChuXin2|\u800c\u4e14\u8fd9\u5bf9\u4e5f\u4e0d\u662f\u6211\u7ec4\u7684hhh\n|inactive|ChuXin2 has 120 seconds left.\n|\n|t:|1667702742\n|switch|p1a: Garchomp|Garchomp, F|100\/100\n|move|p2a: \u6c38\u8fdc\u7684\u5361\u5723|Heat Crash|p1a: Garchomp\n|-resisted|p1a: Garchomp\n|-damage|p1a: Garchomp|83\/100\n|-damage|p2a: \u6c38\u8fdc\u7684\u5361\u5723|88\/100|[from] ability: Rough Skin|[of] p1a: Garchomp\n|\n|-heal|p1a: Garchomp|89\/100|[from] item: Leftovers\n|upkeep\n|turn|3\n|\n|t:|1667702748\n|switch|p2a: \u868a\u5927\u7237|Buzzwole|100\/100\n|move|p1a: Garchomp|Swords Dance|p1a: Garchomp\n|-boost|p1a: Garchomp|atk|2\n|\n|-heal|p1a: Garchomp|95\/100|[from] item: Leftovers\n|upkeep\n|turn|4\n|inactive|ChuXin2 has 120 seconds left.\n|\n|t:|1667702763\n|move|p1a: Garchomp|Scale Shot|p2a: \u868a\u5927\u7237|[miss]\n|-miss|p1a: Garchomp|p2a: \u868a\u5927\u7237\n|move|p2a: \u868a\u5927\u7237|Ice Punch|p1a: Garchomp\n|-supereffective|p1a: Garchomp\n|-damage|p1a: Garchomp|0 fnt\n|-damage|p2a: \u868a\u5927\u7237|88\/100|[from] ability: Rough Skin|[of] p1a: Garchomp\n|faint|p1a: Garchomp\n|-ability|p2a: \u868a\u5927\u7237|Beast Boost|boost\n|-boost|p2a: \u868a\u5927\u7237|atk|1\n|\n|upkeep\n|\n|t:|1667702770\n|switch|p1a: Tapu Lele|Tapu Lele|100\/100\n|turn|5\n|\n|t:|1667702778\n|switch|p2a: \u6c38\u8fdc\u7684\u5361\u5723|Snorlax, M, shiny|88\/100\n|move|p1a: Tapu Lele|Moonblast|p2a: \u6c38\u8fdc\u7684\u5361\u5723\n|-damage|p2a: \u6c38\u8fdc\u7684\u5361\u5723|56\/100\n|\n|-fieldend|move: Psychic Terrain\n|upkeep\n|turn|6\n|inactive|ChuXin2 has 120 seconds left.\n|inactive|ChuXin2 has 90 seconds left.\n|\n|t:|1667702815\n|switch|p1a: Urshifu|Urshifu-Rapid-Strike, F|100\/100\n|move|p2a: \u6c38\u8fdc\u7684\u5361\u5723|Heavy Slam|p1a: Urshifu\n|-resisted|p1a: Urshifu\n|-damage|p1a: Urshifu|85\/100\n|\n|upkeep\n|turn|7\n|inactive|ChuXin2 has 90 seconds left.\n|\n|t:|1667702837\n|move|p1a: Urshifu|Surging Strikes|p2a: \u6c38\u8fdc\u7684\u5361\u5723\n|-crit|p2a: \u6c38\u8fdc\u7684\u5361\u5723\n|-damage|p2a: \u6c38\u8fdc\u7684\u5361\u5723|29\/100\n|-crit|p2a: \u6c38\u8fdc\u7684\u5361\u5723\n|-damage|p2a: \u6c38\u8fdc\u7684\u5361\u5723|3\/100\n|-crit|p2a: \u6c38\u8fdc\u7684\u5361\u5723\n|-damage|p2a: \u6c38\u8fdc\u7684\u5361\u5723|0 fnt\n|faint|p2a: \u6c38\u8fdc\u7684\u5361\u5723\n|-hitcount|p2: \u6c38\u8fdc\u7684\u5361\u5723|3\n|\n|upkeep\n|\n|t:|1667702841\n|switch|p2a: \u5927\u5c06\u548b\u666e\u591a\u65af|Zapdos, shiny|100\/100\n|turn|8\n|inactive|ChuXin2 has 90 seconds left.\n|\n|t:|1667702857\n|switch|p1a: Zapdos|Zapdos|100\/100\n|move|p2a: \u5927\u5c06\u548b\u666e\u591a\u65af|Volt Switch|p1a: Zapdos\n|-damage|p1a: Zapdos|39\/100\n|\n|t:|1667702860\n|switch|p2a: \u8776\u8776|Tapu Lele|100\/100|[from]move: Volt Switch\n|-fieldstart|move: Psychic Terrain|[from] ability: Psychic Surge|[of] p2a: \u8776\u8776\n|\n|upkeep\n|turn|9\n|\n|t:|1667702869\n|switch|p2a: \u868a\u5927\u7237|Buzzwole|88\/100\n|switch|p1a: Ferrothorn|Ferrothorn, M|100\/100\n|\n|upkeep\n|turn|10\n|inactive|ChuXin2 has 90 seconds left.\n|\n|t:|1667702889\n|move|p2a: \u868a\u5927\u7237|Close Combat|p1a: Ferrothorn\n|-supereffective|p1a: Ferrothorn\n|-damage|p1a: Ferrothorn|0 fnt\n|-unboost|p2a: \u868a\u5927\u7237|def|1\n|-unboost|p2a: \u868a\u5927\u7237|spd|1\n|-damage|p2a: \u868a\u5927\u7237|76\/100|[from] ability: Iron Barbs|[of] p1a: Ferrothorn\n|faint|p1a: Ferrothorn\n|-ability|p2a: \u868a\u5927\u7237|Beast Boost|boost\n|-boost|p2a: \u868a\u5927\u7237|atk|1\n|\n|upkeep\n|inactive|ChuXin2 has 90 seconds left.\n|\n|t:|1667702897\n|switch|p1a: Tapu Lele|Tapu Lele|100\/100\n|turn|11\n|\n|t:|1667702904\n|switch|p2a: \u8001\u73ed|Tyranitar, F, shiny|100\/100\n|-weather|Sandstorm|[from] ability: Sand Stream|[of] p2a: \u8001\u73ed\n|move|p1a: Tapu Lele|Moonblast|p2a: \u8001\u73ed\n|-supereffective|p2a: \u8001\u73ed\n|-damage|p2a: \u8001\u73ed|41\/100\n|-unboost|p2a: \u8001\u73ed|spa|1\n|\n|-weather|Sandstorm|[upkeep]\n|-damage|p1a: Tapu Lele|94\/100|[from] Sandstorm\n|-heal|p2a: \u8001\u73ed|47\/100|[from] item: Leftovers\n|upkeep\n|turn|12\n|\n|t:|1667702911\n|move|p1a: Tapu Lele|Moonblast|p2a: \u8001\u73ed\n|-supereffective|p2a: \u8001\u73ed\n|-damage|p2a: \u8001\u73ed|0 fnt\n|faint|p2a: \u8001\u73ed\n|\n|-weather|Sandstorm|[upkeep]\n|-damage|p1a: Tapu Lele|88\/100|[from] Sandstorm\n|-fieldend|move: Psychic Terrain\n|upkeep\n|\n|t:|1667702914\n|switch|p2a: \u8776\u8776|Tapu Lele|100\/100\n|-fieldstart|move: Psychic Terrain|[from] ability: Psychic Surge|[of] p2a: \u8776\u8776\n|turn|13\n|\n|t:|1667702918\n|switch|p1a: Clefable|Clefable, F|100\/100\n|move|p2a: \u8776\u8776|Moonblast|p1a: Clefable\n|-damage|p1a: Clefable|57\/100\n|\n|-weather|Sandstorm|[upkeep]\n|-damage|p2a: \u8776\u8776|94\/100|[from] Sandstorm\n|-heal|p1a: Clefable|64\/100|[from] item: Leftovers\n|upkeep\n|turn|14\n|\n|t:|1667702921\n|move|p2a: \u8776\u8776|Moonblast|p1a: Clefable\n|-damage|p1a: Clefable|15\/100\n|move|p1a: Clefable|Thunder Wave|p2a: \u8776\u8776\n|-status|p2a: \u8776\u8776|par\n|\n|-weather|Sandstorm|[upkeep]\n|-damage|p2a: \u8776\u8776|88\/100 par|[from] Sandstorm\n|-heal|p1a: Clefable|21\/100|[from] item: Leftovers\n|upkeep\n|turn|15\n|\n|t:|1667702925\n|move|p2a: \u8776\u8776|Moonblast|p1a: Clefable\n|-damage|p1a: Clefable|0 fnt\n|faint|p1a: Clefable\n|\n|-weather|none\n|upkeep\n|inactive|ChuXin2 has 120 seconds left.\n|\n|t:|1667702951\n|switch|p1a: Tapu Lele|Tapu Lele|88\/100\n|turn|16\n|\n|t:|1667702954\n|move|p1a: Tapu Lele|Moonblast|p2a: \u8776\u8776\n|-damage|p2a: \u8776\u8776|33\/100 par\n|move|p2a: \u8776\u8776|Moonblast|p1a: Tapu Lele\n|-damage|p1a: Tapu Lele|30\/100\n|\n|upkeep\n|turn|17\n|\n|t:|1667702960\n|move|p1a: Tapu Lele|Moonblast|p2a: \u8776\u8776\n|-damage|p2a: \u8776\u8776|0 fnt\n|faint|p2a: \u8776\u8776\n|\n|-fieldend|move: Psychic Terrain\n|upkeep\n|\n|t:|1667702963\n|switch|p2a: \u5927\u5c06\u548b\u666e\u591a\u65af|Zapdos, shiny|100\/100\n|turn|18\n|\n|t:|1667702973\n|move|p1a: Tapu Lele|Moonblast|p2a: \u5927\u5c06\u548b\u666e\u591a\u65af\n|-damage|p2a: \u5927\u5c06\u548b\u666e\u591a\u65af|33\/100\n|move|p2a: \u5927\u5c06\u548b\u666e\u591a\u65af|Volt Switch|p1a: Tapu Lele\n|-damage|p1a: Tapu Lele|0 fnt\n|faint|p1a: Tapu Lele\n|\n|t:|1667702975\n|switch|p2a: \u868a\u5927\u7237|Buzzwole|76\/100|[from]move: Volt Switch\n|\n|upkeep\n|\n|t:|1667702979\n|switch|p1a: Zapdos|Zapdos|39\/100\n|turn|19\n|\n|t:|1667702993\n|move|p2a: \u868a\u5927\u7237|Ice Punch|p1a: Zapdos\n|-supereffective|p1a: Zapdos\n|-damage|p1a: Zapdos|0 fnt\n|-status|p2a: \u868a\u5927\u7237|par|[from] ability: Static|[of] p1a: Zapdos\n|faint|p1a: Zapdos\n|-ability|p2a: \u868a\u5927\u7237|Beast Boost|boost\n|-boost|p2a: \u868a\u5927\u7237|atk|1\n|\n|upkeep\n|\n|t:|1667702997\n|switch|p1a: Urshifu|Urshifu-Rapid-Strike, F|85\/100\n|turn|20\n|c|\u2606superrouchuan|\u5c3c\u739b\n|c|\u2606superrouchuan|\u53c8\u6765\n|\n|t:|1667703006\n|switch|p2a: \u5927\u5c06\u548b\u666e\u591a\u65af|Zapdos, shiny|33\/100\n|move|p1a: Urshifu|Surging Strikes|p2a: \u5927\u5c06\u548b\u666e\u591a\u65af\n|-crit|p2a: \u5927\u5c06\u548b\u666e\u591a\u65af\n|-damage|p2a: \u5927\u5c06\u548b\u666e\u591a\u65af|0 fnt\n|faint|p2a: \u5927\u5c06\u548b\u666e\u591a\u65af\n|-hitcount|p2: \u5927\u5c06\u548b\u666e\u591a\u65af|1\n|\n|upkeep\n|\n|t:|1667703010\n|switch|p2a: \u868a\u5927\u7237|Buzzwole|76\/100 par\n|turn|21\n|\n|t:|1667703013\n|move|p1a: Urshifu|Surging Strikes|p2a: \u868a\u5927\u7237\n|-crit|p2a: \u868a\u5927\u7237\n|-damage|p2a: \u868a\u5927\u7237|56\/100 par\n|-crit|p2a: \u868a\u5927\u7237\n|-damage|p2a: \u868a\u5927\u7237|37\/100 par\n|-crit|p2a: \u868a\u5927\u7237\n|-damage|p2a: \u868a\u5927\u7237|14\/100 par\n|-hitcount|p2a: \u868a\u5927\u7237|3\n|cant|p2a: \u868a\u5927\u7237|par\n|\n|upkeep\n|turn|22\n|c|\u2606superrouchuan|\u3002\u3002\u3002\u3002\u3002\u3002\u3002\u3002\u3002\u3002\u3002\n|c|\u2606superrouchuan|6\n|-message|superrouchuan forfeited.\n|\n|win|ChuXin2\n|raw|ChuXin2's rating: 1529 &rarr; <strong>1555<\/strong><br \/>(+26 for winning)\n|raw|superrouchuan's rating: 1632 &rarr; <strong>1606<\/strong><br \/>(-26 for losing)\n|l|\u2606superrouchuan\n|j|\u2606superrouchuan\n|player|p2|superrouchuan|clown\n||Ladder isn't responding, score probably updated but might not have (Request timeout).\n","uploadtime":1667703066,"views":4,"p1id":"chuxin2","p2id":"superrouchuan","formatid":"gen8ou","rating":1555,"private":0,"password":null}