{"id":"gen8ou-1570558401","p1":"quixana","p2":"bakaboure","format":"gen8ou","log":"|j|\u2606quixana\n|j|\u2606bakaboure\n|t:|1652046538\n|gametype|singles\n|player|p1|quixana|ethan-pokeathlon|1666\n|player|p2|bakaboure|bellelba|1662\n|teamsize|p1|6\n|teamsize|p2|6\n|gen|8\n|tier|[Gen 8] OU\n|rated|\n|rule|Sleep Clause Mod: Limit one foe put to sleep\n|rule|Species Clause: Limit one of each Pok\u00e9mon\n|rule|OHKO Clause: OHKO moves are banned\n|rule|Evasion Moves Clause: Evasion moves are banned\n|rule|Endless Battle Clause: Forcing endless battles is banned\n|rule|HP Percentage Mod: HP is shown in percentages\n|rule|Dynamax Clause: You cannot dynamax\n|clearpoke\n|poke|p1|Xatu, M|\n|poke|p1|Corviknight, F|\n|poke|p1|Mandibuzz, F|\n|poke|p1|Quagsire, M|\n|poke|p1|Toxapex, M|\n|poke|p1|Reuniclus, M|\n|poke|p2|Hatterene, F|\n|poke|p2|Crawdaunt, M|\n|poke|p2|Melmetal|\n|poke|p2|Marowak-Alola, M|\n|poke|p2|Cresselia, F|\n|poke|p2|Porygon2|\n|teampreview\n|inactive|Battle timer is ON: inactive players will automatically lose when time's up. (requested by bakaboure)\n|inactive|quixana has 120 seconds left.\n|\n|t:|1652046580\n|start\n|switch|p1a: Reuniclus|Reuniclus, M|100\/100\n|switch|p2a: Marowak|Marowak-Alola, M|100\/100\n|turn|1\n|\n|t:|1652046593\n|move|p1a: Reuniclus|Knock Off|p2a: Marowak\n|-supereffective|p2a: Marowak\n|-damage|p2a: Marowak|70\/100\n|-enditem|p2a: Marowak|Thick Club|[from] move: Knock Off|[of] p1a: Reuniclus\n|move|p2a: Marowak|Swords Dance|p2a: Marowak\n|-boost|p2a: Marowak|atk|2\n|\n|upkeep\n|turn|2\n|\n|t:|1652046603\n|switch|p1a: Quagsire|Quagsire, M|100\/100\n|move|p2a: Marowak|Poltergeist|p1a: Quagsire\n|-activate|p1a: Quagsire|move: Poltergeist|Leftovers\n|-damage|p1a: Quagsire|65\/100\n|\n|-heal|p1a: Quagsire|71\/100|[from] item: Leftovers\n|upkeep\n|turn|3\n|\n|t:|1652046614\n|switch|p2a: Crawdaunt|Crawdaunt, M|100\/100\n|move|p1a: Quagsire|Scald|p2a: Crawdaunt\n|-resisted|p2a: Crawdaunt\n|-damage|p2a: Crawdaunt|84\/100\n|-status|p2a: Crawdaunt|brn\n|\n|-heal|p1a: Quagsire|77\/100|[from] item: Leftovers\n|-damage|p2a: Crawdaunt|77\/100 brn|[from] brn\n|upkeep\n|turn|4\n|\n|t:|1652046630\n|move|p1a: Quagsire|Recover|p1a: Quagsire\n|-heal|p1a: Quagsire|100\/100\n|move|p2a: Crawdaunt|Knock Off|p1a: Quagsire\n|-damage|p1a: Quagsire|66\/100\n|-enditem|p1a: Quagsire|Leftovers|[from] move: Knock Off|[of] p2a: Crawdaunt\n|-damage|p2a: Crawdaunt|67\/100 brn|[from] item: Life Orb\n|\n|-damage|p2a: Crawdaunt|61\/100 brn|[from] brn\n|upkeep\n|turn|5\n|\n|t:|1652046642\n|switch|p2a: Hatterene|Hatterene, F|100\/100\n|move|p1a: Quagsire|Recover|p1a: Quagsire\n|-heal|p1a: Quagsire|100\/100\n|\n|upkeep\n|turn|6\n|\n|t:|1652046660\n|switch|p1a: Reuniclus|Reuniclus, M|100\/100\n|move|p2a: Hatterene|Mystical Fire|p1a: Reuniclus\n|-damage|p1a: Reuniclus|88\/100\n|-unboost|p1a: Reuniclus|spa|1\n|\n|upkeep\n|turn|7\n|\n|t:|1652046666\n|move|p1a: Reuniclus|Night Shade|p2a: Hatterene\n|-damage|p2a: Hatterene|69\/100\n|move|p2a: Hatterene|Mystical Fire|p1a: Reuniclus\n|-damage|p1a: Reuniclus|74\/100\n|-unboost|p1a: Reuniclus|spa|1\n|\n|upkeep\n|turn|8\n|\n|t:|1652046674\n|switch|p2a: Crawdaunt|Crawdaunt, M|61\/100 brn\n|move|p1a: Reuniclus|Infestation|p2a: Crawdaunt\n|-supereffective|p2a: Crawdaunt\n|-damage|p2a: Crawdaunt|51\/100 brn\n|-activate|p2a: Crawdaunt|move: Infestation|[of] p1a: Reuniclus\n|\n|-damage|p2a: Crawdaunt|45\/100 brn|[from] brn\n|-damage|p2a: Crawdaunt|33\/100 brn|[from] move: Infestation|[partiallytrapped]\n|upkeep\n|turn|9\n|\n|t:|1652046684\n|switch|p1a: Quagsire|Quagsire, M|100\/100\n|move|p2a: Crawdaunt|Knock Off|p1a: Quagsire\n|-damage|p1a: Quagsire|79\/100\n|-damage|p2a: Crawdaunt|23\/100 brn|[from] item: Life Orb\n|\n|-damage|p2a: Crawdaunt|17\/100 brn|[from] brn\n|-end|p2a: Crawdaunt|Infestation|[partiallytrapped]|[silent]\n|upkeep\n|turn|10\n|\n|t:|1652046698\n|switch|p2a: Hatterene|Hatterene, F|69\/100\n|move|p1a: Quagsire|Earthquake|p2a: Hatterene\n|-damage|p2a: Hatterene|36\/100\n|\n|upkeep\n|turn|11\n|\n|t:|1652046705\n|switch|p1a: Reuniclus|Reuniclus, M|100\/100\n|move|p2a: Hatterene|Healing Wish|p2a: Hatterene\n|faint|p2a: Hatterene\n|\n|upkeep\n|\n|t:|1652046711\n|switch|p2a: Melmetal|Melmetal|100\/100\n|turn|12\n|\n|t:|1652046727\n|switch|p2a: Porygon2|Porygon2|100\/100\n|-ability|p2a: Porygon2|Regenerator|[from] ability: Trace|[of] p1a: Reuniclus\n|move|p1a: Reuniclus|Knock Off|p2a: Porygon2\n|-damage|p2a: Porygon2|92\/100\n|-enditem|p2a: Porygon2|Eviolite|[from] move: Knock Off|[of] p1a: Reuniclus\n|\n|upkeep\n|turn|13\n|\n|t:|1652046735\n|move|p2a: Porygon2|Ice Beam|p1a: Reuniclus\n|-damage|p1a: Reuniclus|91\/100\n|move|p1a: Reuniclus|Infestation|p2a: Porygon2\n|-damage|p2a: Porygon2|87\/100\n|-activate|p2a: Porygon2|move: Infestation|[of] p1a: Reuniclus\n|\n|-damage|p2a: Porygon2|75\/100|[from] move: Infestation|[partiallytrapped]\n|upkeep\n|turn|14\n|\n|t:|1652046742\n|move|p1a: Reuniclus|Psyshock|p2a: Porygon2\n|-damage|p2a: Porygon2|43\/100\n|move|p2a: Porygon2|Trick Room|p2a: Porygon2\n|-fieldstart|move: Trick Room|[of] p2a: Porygon2\n|\n|-damage|p2a: Porygon2|31\/100|[from] move: Infestation|[partiallytrapped]\n|upkeep\n|turn|15\n|\n|t:|1652046755\n|move|p1a: Reuniclus|Psyshock|p2a: Porygon2\n|-damage|p2a: Porygon2|0 fnt\n|faint|p2a: Porygon2\n|\n|upkeep\n|\n|t:|1652046763\n|switch|p2a: Crawdaunt|Crawdaunt, M|17\/100 brn\n|-heal|p2a: Crawdaunt|100\/100|[from] move: Healing Wish\n|turn|16\n|inactive|quixana has 120 seconds left.\n|\n|t:|1652046820\n|move|p2a: Crawdaunt|Knock Off|p1a: Reuniclus\n|-supereffective|p1a: Reuniclus\n|-crit|p1a: Reuniclus\n|-damage|p1a: Reuniclus|0 fnt\n|-enditem|p1a: Reuniclus|Assault Vest|[from] move: Knock Off|[of] p2a: Crawdaunt\n|faint|p1a: Reuniclus\n|-damage|p2a: Crawdaunt|90\/100|[from] item: Life Orb\n|\n|upkeep\n|\n|t:|1652046826\n|switch|p1a: Quagsire|Quagsire, M|79\/100\n|turn|17\n|\n|t:|1652046832\n|move|p2a: Crawdaunt|Crabhammer|p1a: Quagsire\n|-damage|p1a: Quagsire|9\/100\n|-damage|p2a: Crawdaunt|80\/100|[from] item: Life Orb\n|move|p1a: Quagsire|Recover|p1a: Quagsire\n|-heal|p1a: Quagsire|59\/100\n|\n|upkeep\n|turn|18\n|\n|t:|1652046839\n|switch|p1a: Toxapex|Toxapex, M|100\/100\n|move|p2a: Crawdaunt|Crabhammer|p1a: Toxapex|[miss]\n|-miss|p2a: Crawdaunt|p1a: Toxapex\n|\n|-fieldend|move: Trick Room\n|upkeep\n|turn|19\n|\n|t:|1652046856\n|move|p1a: Toxapex|Baneful Bunker|p1a: Toxapex\n|-singleturn|p1a: Toxapex|move: Protect\n|move|p2a: Crawdaunt|Knock Off|p1a: Toxapex\n|-activate|p1a: Toxapex|move: Protect\n|-status|p2a: Crawdaunt|psn\n|\n|-damage|p2a: Crawdaunt|68\/100 psn|[from] psn\n|upkeep\n|turn|20\n|inactive|quixana has 90 seconds left.\n|\n|t:|1652046884\n|move|p1a: Toxapex|Substitute|p1a: Toxapex\n|-start|p1a: Toxapex|Substitute\n|-damage|p1a: Toxapex|75\/100\n|move|p2a: Crawdaunt|Knock Off|p1a: Toxapex\n|-end|p1a: Toxapex|Substitute\n|-damage|p2a: Crawdaunt|58\/100 psn|[from] item: Life Orb\n|\n|-heal|p1a: Toxapex|82\/100|[from] item: Black Sludge\n|-damage|p2a: Crawdaunt|46\/100 psn|[from] psn\n|upkeep\n|turn|21\n|\n|t:|1652046894\n|switch|p2a: Marowak|Marowak-Alola, M|70\/100\n|move|p1a: Toxapex|Baneful Bunker||[still]\n|-fail|p1a: Toxapex\n|\n|-heal|p1a: Toxapex|88\/100|[from] item: Black Sludge\n|upkeep\n|turn|22\n|\n|t:|1652046909\n|switch|p1a: Quagsire|Quagsire, M|59\/100\n|move|p2a: Marowak|Earthquake|p1a: Quagsire\n|-damage|p1a: Quagsire|37\/100\n|\n|upkeep\n|turn|23\n|\n|t:|1652046916\n|move|p1a: Quagsire|Recover|p1a: Quagsire\n|-heal|p1a: Quagsire|87\/100\n|move|p2a: Marowak|Poltergeist||[still]\n|-fail|p2a: Marowak\n|\n|upkeep\n|turn|24\n|\n|t:|1652046926\n|switch|p2a: Cresselia|Cresselia, F|100\/100\n|move|p1a: Quagsire|Toxic|p2a: Cresselia\n|-status|p2a: Cresselia|tox\n|\n|-damage|p2a: Cresselia|94\/100 tox|[from] psn\n|upkeep\n|turn|25\n|\n|t:|1652046937\n|switch|p1a: Toxapex|Toxapex, M|100\/100\n|move|p2a: Cresselia|Ice Beam|p1a: Toxapex\n|-resisted|p1a: Toxapex\n|-damage|p1a: Toxapex|94\/100\n|\n|-heal|p1a: Toxapex|99\/100|[from] item: Black Sludge\n|-damage|p2a: Cresselia|82\/100 tox|[from] psn\n|upkeep\n|turn|26\n|\n|t:|1652046962\n|switch|p2a: Marowak|Marowak-Alola, M|70\/100\n|move|p1a: Toxapex|Baneful Bunker||[still]\n|-fail|p1a: Toxapex\n|\n|-heal|p1a: Toxapex|100\/100|[from] item: Black Sludge\n|upkeep\n|turn|27\n|\n|t:|1652046973\n|switch|p1a: Quagsire|Quagsire, M|87\/100\n|move|p2a: Marowak|Swords Dance|p2a: Marowak\n|-boost|p2a: Marowak|atk|2\n|\n|upkeep\n|turn|28\n|\n|t:|1652046978\n|switch|p2a: Cresselia|Cresselia, F|82\/100 tox\n|move|p1a: Quagsire|Scald|p2a: Cresselia\n|-damage|p2a: Cresselia|71\/100 tox\n|\n|-damage|p2a: Cresselia|65\/100 tox|[from] psn\n|upkeep\n|turn|29\n|inactive|quixana has 120 seconds left.\n|\n|t:|1652046988\n|move|p1a: Quagsire|Recover|p1a: Quagsire\n|-heal|p1a: Quagsire|100\/100\n|move|p2a: Cresselia|Trick Room|p2a: Cresselia\n|-fieldstart|move: Trick Room|[of] p2a: Cresselia\n|\n|-damage|p2a: Cresselia|53\/100 tox|[from] psn\n|upkeep\n|turn|30\n|j| AndreThaGiiant\n|inactive|quixana has 120 seconds left.\n|inactive|quixana has 90 seconds left.\n|\n|t:|1652047039\n|switch|p1a: Mandibuzz|Mandibuzz, F|100\/100\n|move|p2a: Cresselia|Lunar Dance|p2a: Cresselia\n|faint|p2a: Cresselia\n|\n|upkeep\n|\n|t:|1652047046\n|switch|p2a: Crawdaunt|Crawdaunt, M|46\/100 psn\n|-heal|p2a: Crawdaunt|100\/100|[from] move: Lunar Dance\n|turn|31\n|inactive|quixana has 90 seconds left.\n|\n|t:|1652047068\n|move|p2a: Crawdaunt|Swords Dance|p2a: Crawdaunt\n|-boost|p2a: Crawdaunt|atk|2\n|move|p1a: Mandibuzz|Knock Off|p2a: Crawdaunt\n|-resisted|p2a: Crawdaunt\n|-damage|p2a: Crawdaunt|87\/100\n|-enditem|p2a: Crawdaunt|Life Orb|[from] move: Knock Off|[of] p1a: Mandibuzz\n|\n|upkeep\n|turn|32\n|\n|t:|1652047079\n|switch|p1a: Highv0ltag3|Xatu, M|100\/100\n|move|p2a: Crawdaunt|Crabhammer|p1a: Highv0ltag3\n|-damage|p1a: Highv0ltag3|0 fnt\n|faint|p1a: Highv0ltag3\n|\n|upkeep\n|\n|t:|1652047084\n|switch|p1a: Toxapex|Toxapex, M|100\/100\n|turn|33\n|\n|t:|1652047097\n|move|p1a: Toxapex|Baneful Bunker|p1a: Toxapex\n|-singleturn|p1a: Toxapex|move: Protect\n|move|p2a: Crawdaunt|Swords Dance|p2a: Crawdaunt\n|-boost|p2a: Crawdaunt|atk|2\n|\n|-fieldend|move: Trick Room\n|upkeep\n|turn|34\n|\n|t:|1652047102\n|move|p1a: Toxapex|Haze|p1a: Toxapex\n|-clearallboost\n|move|p2a: Crawdaunt|Knock Off|p1a: Toxapex\n|-damage|p1a: Toxapex|58\/100\n|-enditem|p1a: Toxapex|Black Sludge|[from] move: Knock Off|[of] p2a: Crawdaunt\n|\n|upkeep\n|turn|35\n|inactive|quixana has 90 seconds left.\n|\n|t:|1652047113\n|switch|p1a: Corviknight|Corviknight, F|100\/100\n|-ability|p1a: Corviknight|Pressure\n|switch|p2a: Melmetal|Melmetal|100\/100\n|\n|upkeep\n|turn|36\n|\n|t:|1652047124\n|move|p1a: Corviknight|Iron Defense|p1a: Corviknight\n|-boost|p1a: Corviknight|def|2\n|move|p2a: Melmetal|Double Iron Bash|p1a: Corviknight\n|-resisted|p1a: Corviknight\n|-damage|p1a: Corviknight|91\/100\n|-resisted|p1a: Corviknight\n|-damage|p1a: Corviknight|81\/100\n|-hitcount|p1a: Corviknight|2\n|\n|upkeep\n|turn|37\n|-message|bakaboure forfeited.\n|\n|win|quixana\n|raw|quixana's rating: 1666 &rarr; <strong>1686<\/strong><br \/>(+20 for winning)\n|raw|bakaboure's rating: 1662 &rarr; <strong>1642<\/strong><br \/>(-20 for losing)\n|l|\u2606bakaboure\n|c|\u2606quixana|gg\n||Ladder isn't responding, score probably updated but might not have (Request timeout).\n","uploadtime":1652047133,"views":227,"p1id":"quixana","p2id":"bakaboure","formatid":"gen8ou","rating":1642,"private":0,"password":null}