{"id":"gen8battlefactory-1669847171","p1":"Sp0onl0rd","p2":"Terror Fang\u30c4","format":"gen8battlefactory","log":"|j|\u2606Sp0onl0rd\n|j|\u2606Terror Fang\u30c4\n|inactive|Battle timer is ON: inactive players will automatically lose when time's up.\n|t:|1663775066\n|gametype|singles\n|player|p1|Sp0onl0rd|102|\n|player|p2|Terror Fang\u30c4|caitlin-masters|\n|teamsize|p1|6\n|teamsize|p2|6\n|gen|8\n|tier|[Gen 8] Battle Factory\n|rated|Tournament battle\n|rule|Sleep Clause Mod: Limit one foe put to sleep\n|rule|Species Clause: Limit one of each Pok\u00e9mon\n|rule|OHKO Clause: OHKO moves are banned\n|rule|Evasion Items Clause: Evasion items are banned\n|rule|Evasion Moves Clause: Evasion moves are banned\n|rule|Endless Battle Clause: Forcing endless battles is banned\n|rule|HP Percentage Mod: HP is shown in percentages\n|rule|Dynamax Clause: You cannot dynamax\n|clearpoke\n|poke|p1|Celesteela|\n|poke|p1|Rotom-Wash|\n|poke|p1|Slowking, F|\n|poke|p1|Moltres|\n|poke|p1|Krookodile, M|\n|poke|p1|Hydreigon, M|\n|poke|p2|Necrozma|\n|poke|p2|Nidoking, M|\n|poke|p2|Salazzle, F|\n|poke|p2|Suicune|\n|poke|p2|Mandibuzz, F|\n|poke|p2|Crobat, F|\n|teampreview\n|inactive|Sp0onl0rd also wants the timer to be on.\n|inactive|Terror Fang\u30c4 also wants the timer to be on.\n|j| Matt1248\n|j| notazigzagoon\n|c|\u2606Terror Fang\u30c4|gl\n|c|\u2606Terror Fang\u30c4|wtf will i do against rotom\n|inactive|Sp0onl0rd has 120 seconds left.\n|inactive|Terror Fang\u30c4 has 120 seconds left.\n|\n|t:|1663775115\n|start\n|switch|p1a: Krookodile|Krookodile, M|351\/351\n|switch|p2a: Crobat|Crobat, F|316\/316\n|-ability|p1a: Krookodile|Intimidate|boost\n|-fail|p2a: Crobat|unboost|Attack|[from] ability: Inner Focus|[of] p2a: Crobat\n|turn|1\n|j| kashbird\n|\n|t:|1663775120\n|move|p2a: Crobat|Taunt|p1a: Krookodile\n|-start|p1a: Krookodile|move: Taunt\n|move|p1a: Krookodile|Knock Off|p2a: Crobat\n|-damage|p2a: Crobat|177\/316\n|-enditem|p2a: Crobat|Heavy-Duty Boots|[from] move: Knock Off|[of] p1a: Krookodile\n|\n|upkeep\n|turn|2\n|\n|t:|1663775125\n|switch|p1a: Rotom|Rotom-Wash|304\/304\n|move|p2a: Crobat|U-turn|p1a: Rotom\n|-damage|p1a: Rotom|248\/304\n|\n|t:|1663775131\n|switch|p2a: Necrozma|Necrozma|336\/336\n|\n|upkeep\n|turn|3\n|\n|t:|1663775136\n|move|p1a: Rotom|Trick|p2a: Necrozma\n|-activate|p1a: Rotom|move: Trick|[of] p2a: Necrozma\n|-item|p2a: Necrozma|Choice Scarf|[from] move: Trick\n|-item|p1a: Rotom|Power Herb|[from] move: Trick\n|move|p2a: Necrozma|Stealth Rock|p1a: Rotom\n|-sidestart|p1: Sp0onl0rd|move: Stealth Rock\n|\n|upkeep\n|turn|4\n|j|%Sww-Suwa\n|\n|t:|1663775148\n|move|p2a: Necrozma|Stealth Rock||[still]\n|-fail|p2a: Necrozma\n|move|p1a: Rotom|Defog|p2a: Necrozma\n|-unboost|p2a: Necrozma|evasion|1\n|-sideend|p1: Sp0onl0rd|Stealth Rock|[from] move: Defog|[of] p1a: Rotom\n|\n|upkeep\n|turn|5\n|\n|t:|1663775154\n|move|p2a: Necrozma|Stealth Rock|p1a: Rotom\n|-sidestart|p1: Sp0onl0rd|move: Stealth Rock\n|move|p1a: Rotom|Hydro Pump|p2a: Necrozma\n|-damage|p2a: Necrozma|180\/336\n|\n|upkeep\n|turn|6\n|j| zapthotz\n|j| 2006m\n|l| kashbird\n|j| Togenium Z~\n|\n|t:|1663775173\n|switch|p2a: Suicune|Suicune|404\/404\n|-ability|p2a: Suicune|Pressure\n|move|p1a: Rotom|Defog|p2a: Suicune\n|-unboost|p2a: Suicune|evasion|1\n|-sideend|p1: Sp0onl0rd|Stealth Rock|[from] move: Defog|[of] p1a: Rotom\n|\n|upkeep\n|turn|7\n|\n|t:|1663775180\n|move|p1a: Rotom|Volt Switch|p2a: Suicune\n|-supereffective|p2a: Suicune\n|-damage|p2a: Suicune|242\/404\n|j| blooclipse\n|c| zapthotz|is this rly what uu looks like\n|\n|t:|1663775184\n|switch|p1a: Hydreigon|Hydreigon, M|326\/326\n|move|p2a: Suicune|Calm Mind|p2a: Suicune\n|-boost|p2a: Suicune|spa|1\n|-boost|p2a: Suicune|spd|1\n|\n|-heal|p2a: Suicune|267\/404|[from] item: Leftovers\n|upkeep\n|turn|8\n|\n|t:|1663775193\n|move|p1a: Hydreigon|U-turn|p2a: Suicune\n|-damage|p2a: Suicune|235\/404\n|j| kurkury\n|\n|t:|1663775195\n|switch|p1a: Celesteela|Celesteela|398\/398\n|move|p2a: Suicune|Calm Mind|p2a: Suicune\n|-boost|p2a: Suicune|spa|1\n|-boost|p2a: Suicune|spd|1\n|\n|-heal|p2a: Suicune|260\/404|[from] item: Leftovers\n|upkeep\n|turn|9\n|c|\u2606Terror Fang\u30c4|pretty sure it isnt\n|\n|t:|1663775204\n|move|p2a: Suicune|Calm Mind|p2a: Suicune\n|-boost|p2a: Suicune|spa|1\n|-boost|p2a: Suicune|spd|1\n|move|p1a: Celesteela|Toxic|p2a: Suicune\n|-status|p2a: Suicune|tox\n|\n|-heal|p2a: Suicune|285\/404 tox|[from] item: Leftovers\n|-damage|p2a: Suicune|260\/404 tox|[from] psn\n|upkeep\n|turn|10\n|\n|t:|1663775210\n|move|p2a: Suicune|Scald|p1a: Celesteela\n|-damage|p1a: Celesteela|242\/398\n|move|p1a: Celesteela|Leech Seed|p2a: Suicune\n|-start|p2a: Suicune|move: Leech Seed\n|\n|-heal|p2a: Suicune|285\/404 tox|[from] item: Leftovers\n|-heal|p1a: Celesteela|266\/398|[from] item: Leftovers\n|-damage|p2a: Suicune|235\/404 tox|[from] Leech Seed|[of] p1a: Celesteela\n|-heal|p1a: Celesteela|316\/398|[silent]\n|-damage|p2a: Suicune|185\/404 tox|[from] psn\n|upkeep\n|turn|11\n|\n|t:|1663775216\n|switch|p1a: Rotom|Rotom-Wash|248\/304\n|move|p2a: Suicune|Rest|p2a: Suicune\n|-status|p2a: Suicune|slp|[from] move: Rest\n|-heal|p2a: Suicune|404\/404 slp|[silent]\n|\n|-damage|p2a: Suicune|354\/404 slp|[from] Leech Seed|[of] p1a: Rotom\n|-heal|p1a: Rotom|298\/304|[silent]\n|upkeep\n|turn|12\n|\n|t:|1663775221\n|move|p1a: Rotom|Trick|p2a: Suicune\n|-activate|p1a: Rotom|move: Trick|[of] p2a: Suicune\n|-item|p2a: Suicune|Power Herb|[from] move: Trick\n|-item|p1a: Rotom|Leftovers|[from] move: Trick\n|cant|p2a: Suicune|slp\n|\n|-heal|p1a: Rotom|304\/304|[from] item: Leftovers\n|-damage|p2a: Suicune|304\/404 slp|[from] Leech Seed|[of] p1a: Rotom\n|upkeep\n|turn|13\n|\n|t:|1663775230\n|move|p1a: Rotom|Volt Switch|p2a: Suicune\n|-supereffective|p2a: Suicune\n|-damage|p2a: Suicune|244\/404 slp\n|c|\u2606Sp0onl0rd|Oh wait I should read my sets\n|\n|t:|1663775235\n|switch|p1a: Slowking|Slowking, F|393\/393\n|cant|p2a: Suicune|slp\n|move|p2a: Suicune|Sleep Talk|p2a: Suicune\n|move|p2a: Suicune|Rest||[from]move: Sleep Talk|[still]\n|-fail|p2a: Suicune\n|\n|-damage|p2a: Suicune|194\/404 slp|[from] Leech Seed|[of] p1a: Slowking\n|upkeep\n|turn|14\n|j| HotPichu\n|\n|t:|1663775245\n|-curestatus|p2a: Suicune|slp|[msg]\n|move|p2a: Suicune|Calm Mind|p2a: Suicune\n|-boost|p2a: Suicune|spa|1\n|-boost|p2a: Suicune|spd|1\n|move|p1a: Slowking|Calm Mind|p1a: Slowking\n|-boost|p1a: Slowking|spa|1\n|-boost|p1a: Slowking|spd|1\n|\n|-damage|p2a: Suicune|144\/404|[from] Leech Seed|[of] p1a: Slowking\n|upkeep\n|turn|15\n|c| zapthotz|power herb rotom wash, damn\n|c| blooclipse|power herb rotom???\n|c| blooclipse|wtf is that\n|\n|t:|1663775254\n|move|p2a: Suicune|Rest|p2a: Suicune\n|-status|p2a: Suicune|slp|[from] move: Rest\n|-heal|p2a: Suicune|404\/404 slp|[silent]\n|move|p1a: Slowking|Scald|p2a: Suicune\n|-resisted|p2a: Suicune\n|-damage|p2a: Suicune|382\/404 slp\n|\n|-damage|p2a: Suicune|332\/404 slp|[from] Leech Seed|[of] p1a: Slowking\n|upkeep\n|turn|16\n|c|\u2606Terror Fang\u30c4|lmfao\n|c| zapthotz|does it even get solar beam\n|c|\u2606Sp0onl0rd|I stole it\n|c| notazigzagoon|power herb from necrozma\n|c| zapthotz|oh\n|c|\u2606Sp0onl0rd|From nihilego\n|c| blooclipse|oh\n|c|\u2606Sp0onl0rd|*necroMa\n|\n|t:|1663775272\n|switch|p2a: Mandibuzz|Mandibuzz, F|423\/423\n|move|p1a: Slowking|Calm Mind|p1a: Slowking\n|-boost|p1a: Slowking|spa|1\n|-boost|p1a: Slowking|spd|1\n|\n|upkeep\n|turn|17\n|\n|t:|1663775281\n|switch|p1a: Celesteela|Celesteela|316\/398\n|move|p2a: Mandibuzz|Foul Play|p1a: Celesteela\n|-damage|p1a: Celesteela|214\/398\n|\n|-heal|p1a: Celesteela|238\/398|[from] item: Leftovers\n|upkeep\n|turn|18\n|\n|t:|1663775287\n|move|p2a: Mandibuzz|U-turn|p1a: Celesteela\n|-resisted|p1a: Celesteela\n|-damage|p1a: Celesteela|232\/398\n|\n|t:|1663775292\n|switch|p2a: Salazzle|Salazzle, F|278\/278\n|move|p1a: Celesteela|Leech Seed|p2a: Salazzle\n|-start|p2a: Salazzle|move: Leech Seed\n|\n|-heal|p1a: Celesteela|256\/398|[from] item: Leftovers\n|-damage|p2a: Salazzle|244\/278|[from] Leech Seed|[of] p1a: Celesteela\n|-heal|p1a: Celesteela|290\/398|[silent]\n|upkeep\n|turn|19\n|\n|t:|1663775297\n|switch|p1a: Hydreigon|Hydreigon, M|326\/326\n|move|p2a: Salazzle|Toxic|p1a: Hydreigon\n|-status|p1a: Hydreigon|tox\n|\n|-damage|p2a: Salazzle|210\/278|[from] Leech Seed|[of] p1a: Hydreigon\n|-damage|p1a: Hydreigon|306\/326 tox|[from] psn\n|upkeep\n|turn|20\n|\n|t:|1663775308\n|switch|p2a: Suicune|Suicune|332\/404 slp\n|-ability|p2a: Suicune|Pressure\n|move|p1a: Hydreigon|U-turn|p2a: Suicune\n|-damage|p2a: Suicune|301\/404 slp\n|\n|t:|1663775311\n|switch|p1a: Slowking|Slowking, F|393\/393\n|\n|upkeep\n|turn|21\n|\n|t:|1663775316\n|switch|p2a: Mandibuzz|Mandibuzz, F|423\/423\n|switch|p1a: Krookodile|Krookodile, M|351\/351\n|-ability|p1a: Krookodile|Intimidate|boost\n|-unboost|p2a: Mandibuzz|atk|1\n|\n|upkeep\n|turn|22\n|l| blooclipse\n|\n|t:|1663775324\n|move|p1a: Krookodile|Stealth Rock|p2a: Mandibuzz\n|-sidestart|p2: Terror Fang\u30c4|move: Stealth Rock\n|move|p2a: Mandibuzz|U-turn|p1a: Krookodile\n|-supereffective|p1a: Krookodile\n|-damage|p1a: Krookodile|311\/351\n|-damage|p2a: Mandibuzz|353\/423|[from] item: Rocky Helmet|[of] p1a: Krookodile\n|\n|t:|1663775336\n|switch|p2a: Suicune|Suicune|301\/404 slp\n|-damage|p2a: Suicune|251\/404 slp|[from] Stealth Rock\n|-ability|p2a: Suicune|Pressure\n|\n|upkeep\n|turn|23\n|\n|t:|1663775340\n|move|p1a: Krookodile|Earthquake|p2a: Suicune\n|-damage|p2a: Suicune|167\/404 slp\n|cant|p2a: Suicune|slp\n|\n|upkeep\n|turn|24\n|\n|t:|1663775344\n|move|p1a: Krookodile|Taunt|p2a: Suicune\n|-start|p2a: Suicune|move: Taunt\n|cant|p2a: Suicune|slp\n|cant|p2a: Suicune|move: Taunt|Sleep Talk\n|\n|upkeep\n|turn|25\n|\n|t:|1663775351\n|switch|p1a: Rotom|Rotom-Wash|304\/304\n|-curestatus|p2a: Suicune|slp|[msg]\n|move|p2a: Suicune|Scald|p1a: Rotom\n|-resisted|p1a: Rotom\n|-damage|p1a: Rotom|264\/304\n|\n|-heal|p1a: Rotom|283\/304|[from] item: Leftovers\n|upkeep\n|turn|26\n|\n|t:|1663775362\n|switch|p2a: Necrozma|Necrozma|180\/336\n|-damage|p2a: Necrozma|138\/336|[from] Stealth Rock\n|move|p1a: Rotom|Volt Switch|p2a: Necrozma\n|-damage|p2a: Necrozma|48\/336\n|\n|t:|1663775366\n|switch|p1a: Hydreigon|Hydreigon, M|306\/326 tox\n|\n|-damage|p1a: Hydreigon|286\/326 tox|[from] psn\n|upkeep\n|turn|27\n|\n|t:|1663775370\n|move|p1a: Hydreigon|U-turn|p2a: Necrozma\n|-supereffective|p2a: Necrozma\n|-damage|p2a: Necrozma|0 fnt\n|faint|p2a: Necrozma\n|c|\u2606Terror Fang\u30c4|struggling my ass\n|\n|t:|1663775379\n|switch|p1a: Rotom|Rotom-Wash|283\/304\n|\n|-heal|p1a: Rotom|302\/304|[from] item: Leftovers\n|upkeep\n|l| HotPichu\n|\n|t:|1663775392\n|switch|p2a: Nidoking|Nidoking, M|303\/303\n|-damage|p2a: Nidoking|285\/303|[from] Stealth Rock\n|turn|28\n|\n|t:|1663775401\n|move|p1a: Rotom|Hydro Pump|p2a: Nidoking\n|-supereffective|p2a: Nidoking\n|-damage|p2a: Nidoking|0 fnt\n|faint|p2a: Nidoking\n|\n|-heal|p1a: Rotom|304\/304|[from] item: Leftovers\n|upkeep\n|c|\u2606Terror Fang\u30c4|gg\n|-message|Terror Fang\u30c4 forfeited.\n|\n|win|Sp0onl0rd\n|n|\u2606Sp0onl0rd|sp0onl0rd\n|n|\u2606Terror Fang\u30c4|terrorfang\n|n| Matt1248|matt1248\n|n| notazigzagoon|notazigzagoon\n|n| Sww-Suwa|swwsuwa\n|n| zapthotz|zapthotz\n|n| 2006m|2006m\n|n| Togenium Z~|togeniumz\n|n| kurkury|kurkury\n","uploadtime":1663775411,"views":5,"p1id":"sp0onl0rd","p2id":"terrorfang","formatid":"gen8battlefactory","rating":0,"private":0,"password":null}