{"id":"gen8pu-1620793590","p1":"JoJo Reference #10","p2":"PedroGreg","format":"gen8pu","log":"|j|\u2606JoJo Reference #10\n|j|\u2606PedroGreg\n|t:|1658255496\n|gametype|singles\n|player|p1|JoJo Reference #10|169|1432\n|player|p2|PedroGreg|#wcop2022brazil|1419\n|teamsize|p1|6\n|teamsize|p2|6\n|gen|8\n|tier|[Gen 8] PU\n|rated|\n|rule|Sleep Clause Mod: Limit one foe put to sleep\n|rule|Species Clause: Limit one of each Pok\u00e9mon\n|rule|OHKO Clause: OHKO moves are banned\n|rule|Evasion Moves Clause: Evasion moves are banned\n|rule|Endless Battle Clause: Forcing endless battles is banned\n|rule|HP Percentage Mod: HP is shown in percentages\n|rule|Dynamax Clause: You cannot dynamax\n|clearpoke\n|poke|p1|Wailord, M|\n|poke|p1|Druddigon, M|\n|poke|p1|Haunter, M|\n|poke|p1|Absol, F|\n|poke|p1|Gallade, M|\n|poke|p1|Kabutops, F|\n|poke|p2|Aggron, F|\n|poke|p2|Charizard, F|\n|poke|p2|Lanturn, F|\n|poke|p2|Scrafty, F|\n|poke|p2|Mesprit|\n|poke|p2|Raboot, F|\n|teampreview\n|c|\u2606JoJo Reference #10|gl\n|c|\u2606PedroGreg|hf\n|\n|t:|1658255512\n|start\n|switch|p1a: Druddigon|Druddigon, M|100\/100\n|switch|p2a: Mesprit|Mesprit|100\/100\n|turn|1\n|\n|t:|1658255517\n|move|p2a: Mesprit|Dazzling Gleam|p1a: Druddigon\n|-supereffective|p1a: Druddigon\n|-damage|p1a: Druddigon|50\/100\n|move|p1a: Druddigon|Stealth Rock|p2a: Mesprit\n|-sidestart|p2: PedroGreg|move: Stealth Rock\n|\n|upkeep\n|turn|2\n|\n|t:|1658255524\n|switch|p1a: Kabutops|Kabutops, F|100\/100\n|move|p2a: Mesprit|Dazzling Gleam|p1a: Kabutops\n|-damage|p1a: Kabutops|60\/100\n|\n|upkeep\n|turn|3\n|\n|t:|1658255530\n|move|p2a: Mesprit|Dazzling Gleam|p1a: Kabutops\n|-damage|p1a: Kabutops|20\/100\n|move|p1a: Kabutops|Liquidation|p2a: Mesprit\n|-damage|p2a: Mesprit|58\/100\n|\n|upkeep\n|turn|4\n|\n|t:|1658255535\n|move|p2a: Mesprit|Dazzling Gleam|p1a: Kabutops\n|-damage|p1a: Kabutops|0 fnt\n|faint|p1a: Kabutops\n|\n|upkeep\n|\n|t:|1658255538\n|switch|p1a: Haunter|Haunter, M|100\/100\n|turn|5\n|\n|t:|1658255543\n|switch|p2a: Aggron|Aggron, F|100\/100\n|-damage|p2a: Aggron|94\/100|[from] Stealth Rock\n|move|p1a: Haunter|Shadow Ball|p2a: Aggron\n|-damage|p2a: Aggron|44\/100\n|-unboost|p2a: Aggron|spd|1\n|-damage|p1a: Haunter|91\/100|[from] item: Life Orb\n|\n|-heal|p2a: Aggron|50\/100|[from] item: Leftovers\n|upkeep\n|turn|6\n|\n|t:|1658255547\n|move|p2a: Aggron|Protect|p2a: Aggron\n|-singleturn|p2a: Aggron|Protect\n|move|p1a: Haunter|Shadow Ball|p2a: Aggron\n|-activate|p2a: Aggron|move: Protect\n|\n|-heal|p2a: Aggron|56\/100|[from] item: Leftovers\n|upkeep\n|turn|7\n|\n|t:|1658255551\n|switch|p2a: Scrafty|Scrafty, F|100\/100\n|-damage|p2a: Scrafty|95\/100|[from] Stealth Rock\n|move|p1a: Haunter|Shadow Ball|p2a: Scrafty\n|-resisted|p2a: Scrafty\n|-damage|p2a: Scrafty|64\/100\n|-damage|p1a: Haunter|81\/100|[from] item: Life Orb\n|\n|upkeep\n|turn|8\n|j| JA4sen\n|\n|t:|1658255557\n|switch|p1a: Druddigon|Druddigon, M|50\/100\n|move|p2a: Scrafty|Knock Off|p1a: Druddigon\n|-damage|p1a: Druddigon|22\/100\n|-damage|p2a: Scrafty|52\/100|[from] ability: Rough Skin|[of] p1a: Druddigon\n|-damage|p2a: Scrafty|36\/100|[from] item: Rocky Helmet|[of] p1a: Druddigon\n|-enditem|p1a: Druddigon|Rocky Helmet|[from] move: Knock Off|[of] p2a: Scrafty\n|\n|upkeep\n|turn|9\n|\n|t:|1658255562\n|move|p2a: Scrafty|Close Combat|p1a: Druddigon\n|-damage|p1a: Druddigon|0 fnt\n|-unboost|p2a: Scrafty|def|1\n|-unboost|p2a: Scrafty|spd|1\n|-damage|p2a: Scrafty|23\/100|[from] ability: Rough Skin|[of] p1a: Druddigon\n|faint|p1a: Druddigon\n|-ability|p2a: Scrafty|Moxie|boost\n|-boost|p2a: Scrafty|atk|1\n|\n|upkeep\n|\n|t:|1658255564\n|switch|p1a: Haunter|Haunter, M|81\/100\n|turn|10\n|\n|t:|1658255568\n|move|p1a: Haunter|Sludge Wave|p2a: Scrafty\n|-damage|p2a: Scrafty|0 fnt\n|faint|p2a: Scrafty\n|-damage|p1a: Haunter|71\/100|[from] item: Life Orb\n|\n|upkeep\n|\n|t:|1658255579\n|switch|p2a: Charizard|Charizard, F|100\/100\n|turn|11\n|\n|t:|1658255584\n|switch|p1a: Wailord|Wailord, M|100\/100\n|move|p2a: Charizard|Defog|p1a: Wailord\n|-unboost|p1a: Wailord|evasion|1\n|-sideend|p2: PedroGreg|Stealth Rock|[from] move: Defog|[of] p2a: Charizard\n|\n|upkeep\n|turn|12\n|\n|t:|1658255590\n|switch|p2a: Lanturn|Lanturn, F|100\/100\n|move|p1a: Wailord|Water Spout|p2a: Lanturn\n|-resisted|p2a: Lanturn\n|-damage|p2a: Lanturn|77\/100\n|\n|-heal|p2a: Lanturn|83\/100|[from] item: Leftovers\n|upkeep\n|turn|13\n|\n|t:|1658255595\n|switch|p1a: Gallade|Gallade, M|100\/100\n|move|p2a: Lanturn|Volt Switch|p1a: Gallade\n|-damage|p1a: Gallade|80\/100\n|\n|t:|1658255601\n|switch|p2a: Aggron|Aggron, F|56\/100|[from]move: Volt Switch\n|\n|-heal|p2a: Aggron|62\/100|[from] item: Leftovers\n|upkeep\n|turn|14\n|\n|t:|1658255605\n|move|p2a: Aggron|Protect|p2a: Aggron\n|-singleturn|p2a: Aggron|Protect\n|move|p1a: Gallade|Close Combat|p2a: Aggron\n|-activate|p2a: Aggron|move: Protect\n|\n|-heal|p2a: Aggron|68\/100|[from] item: Leftovers\n|upkeep\n|turn|15\n|\n|t:|1658255613\n|switch|p2a: Charizard|Charizard, F|100\/100\n|move|p1a: Gallade|Close Combat|p2a: Charizard\n|-resisted|p2a: Charizard\n|-damage|p2a: Charizard|60\/100\n|-unboost|p1a: Gallade|def|1\n|-unboost|p1a: Gallade|spd|1\n|\n|upkeep\n|turn|16\n|\n|t:|1658255618\n|switch|p1a: Wailord|Wailord, M|100\/100\n|move|p2a: Charizard|Roost|p2a: Charizard\n|-heal|p2a: Charizard|100\/100\n|-singleturn|p2a: Charizard|move: Roost\n|\n|upkeep\n|turn|17\n|\n|t:|1658255624\n|switch|p2a: Lanturn|Lanturn, F|83\/100\n|switch|p1a: Haunter|Haunter, M|71\/100\n|\n|-heal|p2a: Lanturn|89\/100|[from] item: Leftovers\n|upkeep\n|turn|18\n|\n|t:|1658255629\n|switch|p2a: Aggron|Aggron, F|68\/100\n|move|p1a: Haunter|Shadow Ball|p2a: Aggron\n|-damage|p2a: Aggron|18\/100\n|-damage|p1a: Haunter|61\/100|[from] item: Life Orb\n|\n|-heal|p2a: Aggron|24\/100|[from] item: Leftovers\n|upkeep\n|turn|19\n|\n|t:|1658255632\n|move|p1a: Haunter|Giga Drain|p2a: Aggron\n|-damage|p2a: Aggron|0 fnt\n|-heal|p1a: Haunter|78\/100|[from] drain|[of] p2a: Aggron\n|faint|p2a: Aggron\n|-damage|p1a: Haunter|68\/100|[from] item: Life Orb\n|\n|upkeep\n|\n|t:|1658255642\n|switch|p2a: Charizard|Charizard, F|100\/100\n|turn|20\n|\n|t:|1658255645\n|switch|p1a: Wailord|Wailord, M|100\/100\n|move|p2a: Charizard|Hurricane|p1a: Wailord|[miss]\n|-miss|p2a: Charizard|p1a: Wailord\n|\n|upkeep\n|turn|21\n|\n|t:|1658255649\n|move|p1a: Wailord|Water Spout|p2a: Charizard\n|-supereffective|p2a: Charizard\n|-damage|p2a: Charizard|0 fnt\n|faint|p2a: Charizard\n|\n|upkeep\n|\n|t:|1658255651\n|switch|p2a: Lanturn|Lanturn, F|89\/100\n|turn|22\n|\n|t:|1658255657\n|switch|p1a: Gallade|Gallade, M|80\/100\n|move|p2a: Lanturn|Volt Switch|p1a: Gallade\n|-damage|p1a: Gallade|58\/100\n|\n|t:|1658255662\n|switch|p2a: Raboot|Raboot, F|100\/100|[from]move: Volt Switch\n|\n|upkeep\n|turn|23\n|\n|t:|1658255669\n|move|p1a: Gallade|Trick|p2a: Raboot\n|-activate|p1a: Gallade|move: Trick|[of] p2a: Raboot\n|-item|p2a: Raboot|Choice Scarf|[from] move: Trick\n|-item|p1a: Gallade|Heavy-Duty Boots|[from] move: Trick\n|move|p2a: Raboot|Gunk Shot|p1a: Gallade|[miss]\n|-start|p2a: Raboot|typechange|Poison|[from] ability: Libero\n|-miss|p2a: Raboot|p1a: Gallade\n|\n|upkeep\n|turn|24\n|\n|t:|1658255685\n|move|p2a: Raboot|Gunk Shot|p1a: Gallade\n|-damage|p1a: Gallade|0 fnt\n|faint|p1a: Gallade\n|\n|upkeep\n|\n|t:|1658255687\n|switch|p1a: Haunter|Haunter, M|68\/100\n|turn|25\n|\n|t:|1658255692\n|move|p2a: Raboot|Gunk Shot|p1a: Haunter\n|-resisted|p1a: Haunter\n|-damage|p1a: Haunter|37\/100\n|move|p1a: Haunter|Shadow Ball|p2a: Raboot\n|-crit|p2a: Raboot\n|-damage|p2a: Raboot|0 fnt\n|faint|p2a: Raboot\n|-damage|p1a: Haunter|27\/100|[from] item: Life Orb\n|\n|upkeep\n|\n|t:|1658255698\n|switch|p2a: Mesprit|Mesprit|58\/100\n|turn|26\n|\n|t:|1658255705\n|move|p2a: Mesprit|Psychic|p1a: Haunter\n|-supereffective|p1a: Haunter\n|-damage|p1a: Haunter|0 fnt\n|faint|p1a: Haunter\n|\n|upkeep\n|\n|t:|1658255707\n|switch|p1a: Absol|Absol, F|100\/100\n|-ability|p1a: Absol|Pressure\n|turn|27\n|\n|t:|1658255709\n|switch|p2a: Lanturn|Lanturn, F|89\/100\n|move|p1a: Absol|Swords Dance|p1a: Absol\n|-boost|p1a: Absol|atk|2\n|\n|-heal|p2a: Lanturn|95\/100|[from] item: Leftovers\n|upkeep\n|turn|28\n|\n|t:|1658255712\n|move|p1a: Absol|Knock Off|p2a: Lanturn\n|-damage|p2a: Lanturn|0 fnt\n|-enditem|p2a: Lanturn|Leftovers|[from] move: Knock Off|[of] p1a: Absol\n|faint|p2a: Lanturn\n|\n|upkeep\n|\n|t:|1658255713\n|switch|p2a: Mesprit|Mesprit|58\/100\n|turn|29\n|\n|t:|1658255715\n|move|p1a: Absol|Sucker Punch|p2a: Mesprit\n|-supereffective|p2a: Mesprit\n|-damage|p2a: Mesprit|0 fnt\n|faint|p2a: Mesprit\n|\n|win|JoJo Reference #10\n|raw|JoJo Reference #10's rating: 1432 &rarr; <strong>1451<\/strong><br \/>(+19 for winning)\n|raw|PedroGreg's rating: 1419 &rarr; <strong>1400<\/strong><br \/>(-19 for losing)\n|l|\u2606PedroGreg\n|c|\u2606JoJo Reference #10|gg\n|l| JA4sen\n||Ladder isn't responding, score probably updated but might not have (Request timeout).\n","uploadtime":1658255726,"views":4,"p1id":"jojoreference10","p2id":"pedrogreg","formatid":"gen8pu","rating":1400,"private":0,"password":null}