{"id":"gen8almostanyability-1671006569","p1":"beauts","p2":"Faygos","format":"gen8almostanyability","log":"|html|<div class=\"broadcast-blue\"><strong>[Gen 8] Almost Any Ability is currently suspecting Genesect! For information on how to participate check out the <a href=\"https:\/\/www.smogon.com\/forums\/threads\/ss-aaa-suspect-9-burning-red-genesect.3708014\/\">suspect thread<\/a>.<\/strong><\/div>\n|j|\u2606beauts\n|j|\u2606Faygos\n|t:|1664220943\n|gametype|singles\n|player|p1|beauts|jasmine|\n|player|p2|Faygos|101|\n|teamsize|p1|6\n|teamsize|p2|6\n|gen|8\n|tier|[Gen 8] Almost Any Ability\n|rule|Species Clause: Limit one of each Pok\u00e9mon\n|rule|OHKO Clause: OHKO moves are banned\n|rule|Evasion Moves Clause: Evasion moves are banned\n|rule|Endless Battle Clause: Forcing endless battles is banned\n|rule|Dynamax Clause: You cannot dynamax\n|rule|HP Percentage Mod: HP is shown in percentages\n|rule|2 Ability Clause: Limit two of each ability\n|rule|Sleep Clause: Sleep-inducing moves are banned\n|clearpoke\n|poke|p1|Heatran, F|\n|poke|p1|Zygarde-10%|\n|poke|p1|Tapu Koko|\n|poke|p1|Ferrothorn, F|\n|poke|p1|Suicune|\n|poke|p1|Mandibuzz, F|\n|poke|p2|Zygarde-10%|\n|poke|p2|Registeel|\n|poke|p2|Mew|\n|poke|p2|Drampa, F|\n|poke|p2|Tapu Koko|\n|poke|p2|Genesect|\n|teampreview\n|inactive|Battle timer is ON: inactive players will automatically lose when time's up. (requested by beauts)\n|inactive|Faygos also wants the timer to be on.\n|c|\u2606beauts|\/\/publicroom\n|c|\u2606Faygos|\/log Faygos made this room public.\n|inactive|beauts has 270 seconds left.\n|inactive|Faygos has 270 seconds left.\n|j| oaklies\n|inactive|beauts has 240 seconds left.\n|inactive|Faygos has 240 seconds left.\n|\n|t:|1664221004\n|start\n|switch|p1a: Tapu Koko|Tapu Koko|100\/100\n|switch|p2a: Mew|Mew|100\/100\n|turn|1\n|\n|t:|1664221010\n|move|p2a: Mew|Stealth Rock|p1a: Tapu Koko\n|-sidestart|p1: beauts|move: Stealth Rock\n|move|p1a: Tapu Koko|Discharge|p2a: Mew\n|-damage|p2a: Mew|61\/100\n|\n|upkeep\n|turn|2\n|\n|t:|1664221018\n|switch|p1a: Ferrothorn|Ferrothorn, F|100\/100\n|-damage|p1a: Ferrothorn|94\/100|[from] Stealth Rock\n|move|p2a: Mew|Spikes|p1a: Ferrothorn\n|-sidestart|p1: beauts|Spikes\n|\n|upkeep\n|turn|3\n|j|%UT\n|\n|t:|1664221023\n|move|p2a: Mew|Taunt|p1a: Ferrothorn\n|-start|p1a: Ferrothorn|move: Taunt\n|cant|p1a: Ferrothorn|move: Taunt|Spikes\n|\n|upkeep\n|turn|4\n|\n|t:|1664221026\n|move|p2a: Mew|Spikes|p1a: Ferrothorn\n|-sidestart|p1: beauts|Spikes\n|move|p1a: Ferrothorn|Knock Off|p2a: Mew\n|-supereffective|p2a: Mew\n|-damage|p2a: Mew|17\/100\n|-enditem|p2a: Mew|Focus Sash|[from] move: Knock Off|[of] p1a: Ferrothorn\n|\n|upkeep\n|turn|5\n|\n|t:|1664221033\n|move|p2a: Mew|Spikes|p1a: Ferrothorn\n|-sidestart|p1: beauts|Spikes\n|move|p1a: Ferrothorn|Knock Off|p2a: Mew\n|-supereffective|p2a: Mew\n|-damage|p2a: Mew|0 fnt\n|faint|p2a: Mew\n|\n|-end|p1a: Ferrothorn|move: Taunt\n|upkeep\n|j|@isaiaH\n|\n|t:|1664221049\n|switch|p2a: Drampa|Drampa, F|100\/100\n|turn|6\n|\n|t:|1664221057\n|move|p2a: Drampa|Flamethrower|p1a: Ferrothorn\n|-supereffective|p1a: Ferrothorn\n|-damage|p1a: Ferrothorn|8\/100\n|move|p1a: Ferrothorn|Body Press|p2a: Drampa\n|-supereffective|p2a: Drampa\n|-damage|p2a: Drampa|55\/100\n|\n|-heal|p2a: Drampa|61\/100|[from] item: Leftovers\n|upkeep\n|turn|7\n|\n|t:|1664221063\n|switch|p1a: Mandibuzz|Mandibuzz, F|100\/100\n|-ability|p1a: Mandibuzz|Dauntless Shield|boost\n|-boost|p1a: Mandibuzz|def|1\n|move|p2a: Drampa|Flamethrower|p1a: Mandibuzz\n|-damage|p1a: Mandibuzz|74\/100\n|\n|-heal|p2a: Drampa|67\/100|[from] item: Leftovers\n|upkeep\n|turn|8\n|j| Unviabriel\n|\n|t:|1664221069\n|move|p2a: Drampa|Calm Mind|p2a: Drampa\n|-boost|p2a: Drampa|spa|1\n|-boost|p2a: Drampa|spd|1\n|move|p1a: Mandibuzz|Defog|p2a: Drampa\n|-unboost|p2a: Drampa|evasion|1\n|-sideend|p1: beauts|Spikes|[from] move: Defog|[of] p1a: Mandibuzz\n|-sideend|p1: beauts|Stealth Rock|[from] move: Defog|[of] p1a: Mandibuzz\n|\n|-heal|p2a: Drampa|73\/100|[from] item: Leftovers\n|upkeep\n|turn|9\n|\n|t:|1664221072\n|move|p2a: Drampa|Calm Mind|p2a: Drampa\n|-boost|p2a: Drampa|spa|1\n|-boost|p2a: Drampa|spd|1\n|move|p1a: Mandibuzz|U-turn|p2a: Drampa\n|-crit|p2a: Drampa\n|-damage|p2a: Drampa|58\/100\n|\n|t:|1664221075\n|switch|p1a: Zygarde|Zygarde-10%|100\/100|[from]move: U-turn\n|\n|-heal|p2a: Drampa|64\/100|[from] item: Leftovers\n|upkeep\n|turn|10\n|\n|t:|1664221077\n|move|p2a: Drampa|Nature Power|p1a: Zygarde\n|move|p2a: Drampa|Tri Attack|p1a: Zygarde|[from]move: Nature Power\n|-damage|p1a: Zygarde|27\/100\n|move|p1a: Zygarde|Toxic|p2a: Drampa\n|-status|p2a: Drampa|tox\n|\n|-heal|p1a: Zygarde|33\/100|[from] item: Leftovers\n|-heal|p2a: Drampa|70\/100 tox|[from] item: Leftovers\n|-damage|p2a: Drampa|64\/100 tox|[from] psn\n|-activate|p1a: Zygarde|ability: Power Construct\n|detailschange|p1a: Zygarde|Zygarde-Complete\n|-heal|p1a: Zygarde|69\/100|[silent]\n|upkeep\n|turn|11\n|\n|t:|1664221083\n|move|p2a: Drampa|Nature Power|p1a: Zygarde\n|move|p2a: Drampa|Tri Attack|p1a: Zygarde|[from]move: Nature Power\n|-damage|p1a: Zygarde|32\/100\n|move|p1a: Zygarde|Coil|p1a: Zygarde\n|-boost|p1a: Zygarde|atk|1\n|-boost|p1a: Zygarde|def|1\n|-boost|p1a: Zygarde|accuracy|1\n|\n|-heal|p1a: Zygarde|38\/100|[from] item: Leftovers\n|-heal|p2a: Drampa|70\/100 tox|[from] item: Leftovers\n|-damage|p2a: Drampa|58\/100 tox|[from] psn\n|upkeep\n|turn|12\n|c|\u2606Faygos|this\n|\n|t:|1664221091\n|move|p2a: Drampa|Nature Power|p1a: Zygarde\n|move|p2a: Drampa|Tri Attack|p1a: Zygarde|[from]move: Nature Power\n|-damage|p1a: Zygarde|4\/100\n|move|p1a: Zygarde|Rest|p1a: Zygarde\n|-status|p1a: Zygarde|slp|[from] move: Rest\n|-heal|p1a: Zygarde|100\/100 slp|[silent]\n|\n|-heal|p2a: Drampa|64\/100 tox|[from] item: Leftovers\n|-damage|p2a: Drampa|45\/100 tox|[from] psn\n|upkeep\n|turn|13\n|\n|t:|1664221099\n|switch|p2a: Zygarde|Zygarde-10%|100\/100\n|cant|p1a: Zygarde|slp\n|\n|upkeep\n|turn|14\n|\n|t:|1664221107\n|move|p2a: Zygarde|Outrage|p1a: Zygarde\n|-supereffective|p1a: Zygarde\n|-crit|p1a: Zygarde\n|-damage|p1a: Zygarde|0 fnt\n|faint|p1a: Zygarde\n|\n|upkeep\n|\n|t:|1664221112\n|switch|p1a: Tapu Koko|Tapu Koko|100\/100\n|turn|15\n|\n|t:|1664221114\n|move|p1a: Tapu Koko|Dazzling Gleam|p2a: Zygarde\n|-supereffective|p2a: Zygarde\n|-crit|p2a: Zygarde\n|-damage|p2a: Zygarde|0 fnt\n|faint|p2a: Zygarde\n|\n|upkeep\n|\n|t:|1664221120\n|switch|p2a: Genesect|Genesect, shiny|100\/100\n|turn|16\n|\n|t:|1664221122\n|move|p1a: Tapu Koko|Discharge|p2a: Genesect\n|-damage|p2a: Genesect|43\/100\n|move|p2a: Genesect|Shift Gear|p2a: Genesect\n|-boost|p2a: Genesect|spe|2\n|-boost|p2a: Genesect|atk|1\n|\n|-status|p2a: Genesect|brn|[from] item: Flame Orb\n|upkeep\n|turn|17\n|\n|t:|1664221132\n|switch|p1a: Ferrothorn|Ferrothorn, F|41\/100\n|move|p2a: Genesect|Facade|p1a: Ferrothorn\n|-resisted|p1a: Ferrothorn\n|-damage|p1a: Ferrothorn|0 fnt\n|faint|p1a: Ferrothorn\n|\n|-damage|p2a: Genesect|37\/100 brn|[from] brn\n|upkeep\n|\n|t:|1664221161\n|switch|p1a: Mandibuzz|Mandibuzz, F|74\/100\n|-ability|p1a: Mandibuzz|Dauntless Shield|boost\n|-boost|p1a: Mandibuzz|def|1\n|turn|18\n|\n|t:|1664221166\n|move|p2a: Genesect|Facade|p1a: Mandibuzz\n|-damage|p1a: Mandibuzz|35\/100\n|move|p1a: Mandibuzz|Roost|p1a: Mandibuzz\n|-heal|p1a: Mandibuzz|85\/100\n|-singleturn|p1a: Mandibuzz|move: Roost\n|\n|-damage|p2a: Genesect|31\/100 brn|[from] brn\n|upkeep\n|turn|19\n|\n|t:|1664221170\n|move|p2a: Genesect|Leech Life|p1a: Mandibuzz\n|-damage|p1a: Mandibuzz|47\/100\n|-heal|p2a: Genesect|59\/100 brn|[from] drain|[of] p1a: Mandibuzz\n|move|p1a: Mandibuzz|Foul Play|p2a: Genesect\n|-damage|p2a: Genesect|0 fnt\n|faint|p2a: Genesect\n|\n|upkeep\n|\n|t:|1664221176\n|switch|p2a: Registeel|Registeel|100\/100\n|turn|20\n|\n|t:|1664221188\n|switch|p1a: Heatran|Heatran, F|100\/100\n|move|p2a: Registeel|Iron Defense|p2a: Registeel\n|-boost|p2a: Registeel|def|2\n|\n|upkeep\n|turn|21\n|\n|t:|1664221193\n|move|p1a: Heatran|Fire Spin|p2a: Registeel\n|-start|p2a: Registeel|ability: Flash Fire\n|move|p2a: Registeel|Body Press|p1a: Heatran\n|-supereffective|p1a: Heatran\n|-damage|p1a: Heatran|1\/100\n|\n|-heal|p1a: Heatran|7\/100|[from] item: Leftovers\n|upkeep\n|turn|22\n|\n|t:|1664221197\n|move|p1a: Heatran|Taunt|p2a: Registeel\n|-start|p2a: Registeel|move: Taunt\n|move|p2a: Registeel|Body Press|p1a: Heatran\n|-supereffective|p1a: Heatran\n|-damage|p1a: Heatran|0 fnt\n|faint|p1a: Heatran\n|\n|upkeep\n|\n|t:|1664221199\n|switch|p1a: Suicune|Suicune|100\/100\n|turn|23\n|\n|t:|1664221201\n|-end|p2a: Registeel|ability: Flash Fire|[silent]\n|switch|p2a: Tapu Koko|Tapu Koko|100\/100\n|move|p1a: Suicune|Scald|p2a: Tapu Koko\n|-damage|p2a: Tapu Koko|65\/100\n|\n|upkeep\n|turn|24\n|\n|t:|1664221207\n|switch|p1a: Tapu Koko|Tapu Koko|100\/100\n|move|p2a: Tapu Koko|Work Up|p2a: Tapu Koko\n|-boost|p2a: Tapu Koko|atk|1\n|-boost|p2a: Tapu Koko|spa|1\n|\n|upkeep\n|turn|25\n|c|@isaiaH|No way\n|\n|t:|1664221220\n|move|p2a: Tapu Koko|Wild Charge|p1a: Tapu Koko\n|-resisted|p1a: Tapu Koko\n|-damage|p1a: Tapu Koko|38\/100\n|move|p1a: Tapu Koko|Dazzling Gleam|p2a: Tapu Koko\n|-damage|p2a: Tapu Koko|0 fnt\n|faint|p2a: Tapu Koko\n|\n|upkeep\n|c|%UT|way\n|\n|t:|1664221225\n|switch|p2a: Drampa|Drampa, F|45\/100 tox\n|turn|26\n|\n|t:|1664221229\n|switch|p1a: Suicune|Suicune|100\/100\n|move|p2a: Drampa|Nature Power|p1a: Suicune\n|move|p2a: Drampa|Tri Attack|p1a: Suicune|[from]move: Nature Power\n|-damage|p1a: Suicune|72\/100\n|\n|-heal|p1a: Suicune|78\/100|[from] item: Leftovers\n|-heal|p2a: Drampa|52\/100 tox|[from] item: Leftovers\n|-damage|p2a: Drampa|45\/100 tox|[from] psn\n|upkeep\n|turn|27\n|\n|t:|1664221234\n|switch|p2a: Registeel|Registeel|100\/100\n|move|p1a: Suicune|Calm Mind|p1a: Suicune\n|-boost|p1a: Suicune|spa|1\n|-boost|p1a: Suicune|spd|1\n|\n|-heal|p1a: Suicune|84\/100|[from] item: Leftovers\n|upkeep\n|turn|28\n|\n|t:|1664221241\n|move|p1a: Suicune|Calm Mind|p1a: Suicune\n|-boost|p1a: Suicune|spa|1\n|-boost|p1a: Suicune|spd|1\n|move|p2a: Registeel|Toxic|p1a: Suicune\n|-status|p1a: Suicune|tox\n|\n|-heal|p1a: Suicune|90\/100 tox|[from] item: Leftovers\n|-damage|p1a: Suicune|84\/100 tox|[from] psn\n|upkeep\n|turn|29\n|\n|t:|1664221250\n|move|p1a: Suicune|Scald|p2a: Registeel\n|-damage|p2a: Registeel|74\/100\n|move|p2a: Registeel|Iron Defense|p2a: Registeel\n|-boost|p2a: Registeel|def|2\n|\n|-heal|p1a: Suicune|90\/100 tox|[from] item: Leftovers\n|-heal|p2a: Registeel|80\/100|[from] item: Leftovers\n|-damage|p1a: Suicune|78\/100 tox|[from] psn\n|upkeep\n|turn|30\n|\n|t:|1664221253\n|move|p2a: Registeel|Protect|p2a: Registeel\n|-singleturn|p2a: Registeel|Protect\n|move|p1a: Suicune|Scald|p2a: Registeel\n|-activate|p2a: Registeel|move: Protect\n|\n|-heal|p1a: Suicune|84\/100 tox|[from] item: Leftovers\n|-heal|p2a: Registeel|86\/100|[from] item: Leftovers\n|-damage|p1a: Suicune|65\/100 tox|[from] psn\n|upkeep\n|turn|31\n|\n|t:|1664221255\n|move|p1a: Suicune|Scald|p2a: Registeel\n|-damage|p2a: Registeel|57\/100\n|move|p2a: Registeel|Body Press|p1a: Suicune\n|-damage|p1a: Suicune|22\/100 tox\n|\n|-heal|p1a: Suicune|28\/100 tox|[from] item: Leftovers\n|-heal|p2a: Registeel|63\/100|[from] item: Leftovers\n|-damage|p1a: Suicune|3\/100 tox|[from] psn\n|upkeep\n|turn|32\n|\n|t:|1664221261\n|switch|p1a: Mandibuzz|Mandibuzz, F|47\/100\n|-ability|p1a: Mandibuzz|Dauntless Shield|boost\n|-boost|p1a: Mandibuzz|def|1\n|move|p2a: Registeel|Protect||[still]\n|-fail|p2a: Registeel\n|\n|-heal|p2a: Registeel|69\/100|[from] item: Leftovers\n|upkeep\n|turn|33\n|\n|t:|1664221264\n|move|p1a: Mandibuzz|Roost|p1a: Mandibuzz\n|-heal|p1a: Mandibuzz|97\/100\n|-singleturn|p1a: Mandibuzz|move: Roost\n|move|p2a: Registeel|Toxic|p1a: Mandibuzz\n|-status|p1a: Mandibuzz|tox\n|\n|-heal|p2a: Registeel|75\/100|[from] item: Leftovers\n|-damage|p1a: Mandibuzz|91\/100 tox|[from] psn\n|upkeep\n|turn|34\n|\n|t:|1664221266\n|switch|p1a: Tapu Koko|Tapu Koko|38\/100\n|move|p2a: Registeel|Iron Defense|p2a: Registeel\n|-boost|p2a: Registeel|def|2\n|\n|-heal|p2a: Registeel|81\/100|[from] item: Leftovers\n|upkeep\n|turn|35\n|j| Tea Guzzler\n|\n|t:|1664221268\n|move|p2a: Registeel|Protect|p2a: Registeel\n|-singleturn|p2a: Registeel|Protect\n|move|p1a: Tapu Koko|Roost|p1a: Tapu Koko\n|-heal|p1a: Tapu Koko|88\/100\n|-singleturn|p1a: Tapu Koko|move: Roost\n|\n|-heal|p2a: Registeel|87\/100|[from] item: Leftovers\n|upkeep\n|turn|36\n|\n|t:|1664221270\n|move|p1a: Tapu Koko|Discharge|p2a: Registeel\n|-damage|p2a: Registeel|65\/100\n|move|p2a: Registeel|Body Press|p1a: Tapu Koko\n|-resisted|p1a: Tapu Koko\n|-damage|p1a: Tapu Koko|29\/100\n|\n|-heal|p2a: Registeel|71\/100|[from] item: Leftovers\n|upkeep\n|turn|37\n|\n|t:|1664221276\n|move|p1a: Tapu Koko|Roost|p1a: Tapu Koko\n|-heal|p1a: Tapu Koko|80\/100\n|-singleturn|p1a: Tapu Koko|move: Roost\n|move|p2a: Registeel|Body Press|p1a: Tapu Koko\n|-resisted|p1a: Tapu Koko\n|-damage|p1a: Tapu Koko|18\/100\n|\n|-heal|p2a: Registeel|77\/100|[from] item: Leftovers\n|upkeep\n|turn|38\n|\n|t:|1664221278\n|switch|p1a: Mandibuzz|Mandibuzz, F|91\/100 tox\n|-ability|p1a: Mandibuzz|Dauntless Shield|boost\n|-boost|p1a: Mandibuzz|def|1\n|move|p2a: Registeel|Body Press|p1a: Mandibuzz\n|-damage|p1a: Mandibuzz|61\/100 tox\n|\n|-heal|p2a: Registeel|83\/100|[from] item: Leftovers\n|-damage|p1a: Mandibuzz|55\/100 tox|[from] psn\n|upkeep\n|turn|39\n|\n|t:|1664221281\n|move|p1a: Mandibuzz|U-turn|p2a: Registeel\n|-resisted|p2a: Registeel\n|-damage|p2a: Registeel|82\/100\n|\n|t:|1664221283\n|switch|p1a: Suicune|Suicune|37\/100 tox|[from]move: U-turn\n|move|p2a: Registeel|Iron Defense|p2a: Registeel\n|-boost|p2a: Registeel|def|2\n|\n|-heal|p1a: Suicune|43\/100 tox|[from] item: Leftovers\n|-heal|p2a: Registeel|88\/100|[from] item: Leftovers\n|-damage|p1a: Suicune|37\/100 tox|[from] psn\n|upkeep\n|turn|40\n|\n|t:|1664221285\n|move|p1a: Suicune|Scald|p2a: Registeel\n|-damage|p2a: Registeel|73\/100\n|move|p2a: Registeel|Body Press|p1a: Suicune\n|-damage|p1a: Suicune|0 fnt\n|faint|p1a: Suicune\n|\n|-heal|p2a: Registeel|79\/100|[from] item: Leftovers\n|upkeep\n|c|\u2606beauts|no 30%?\n|c|\u2606beauts|lame\n|c|\u2606beauts|gg\n|c|\u2606Faygos|no\n|c|\u2606Faygos|gg\n|-message|beauts forfeited.\n|\n|win|Faygos\n|c|\u2606beauts|gg1\n|l|\u2606beauts\n|l| Tea Guzzler\n|l| oaklies\n|j|&Bidoof \u2764 Princess\n|l|&Bidoof \u2764 Princess\n|j| armin@!\n|j| Potatochan789\n|l|@isaiaH\n|j|+astralydia\n|l| armin\n|l| Unviabriel\n|l| Potatochan789\n|l|%UT\n|l|+astralydia\n|j|+The Number Man\n|j|+Dragonillis\n|l|+The Number Man\n|j| Ivar57\n|l| Ivar57\n","uploadtime":1664221296,"views":88,"p1id":"beauts","p2id":"faygos","formatid":"gen8almostanyability","rating":0,"private":0,"password":null}