{"id":"gen8uu-1669539426","p1":"skibsthekid","p2":"misplayin","format":"gen8uu","log":"|j|\u2606skibsthekid\n|j|\u2606misplayin\n|t:|1664061008\n|gametype|singles\n|player|p1|skibsthekid|lady-gen4|\n|player|p2|misplayin|bugsy|\n|teamsize|p1|6\n|teamsize|p2|6\n|gen|8\n|tier|[Gen 8] UU\n|rule|Sleep Clause Mod: Limit one foe put to sleep\n|rule|Species Clause: Limit one of each Pok\u00e9mon\n|rule|OHKO Clause: OHKO moves are banned\n|rule|Evasion Items Clause: Evasion items are banned\n|rule|Evasion Moves Clause: Evasion moves are banned\n|rule|Endless Battle Clause: Forcing endless battles is banned\n|rule|HP Percentage Mod: HP is shown in percentages\n|rule|Dynamax Clause: You cannot dynamax\n|clearpoke\n|poke|p1|Excadrill, M|\n|poke|p1|Chandelure, F|\n|poke|p1|Incineroar, F|\n|poke|p1|Tapu Bulu|\n|poke|p1|Celesteela|\n|poke|p1|Ditto|\n|poke|p2|Conkeldurr, F|\n|poke|p2|Chandelure, M|\n|poke|p2|Swampert, F|\n|poke|p2|Rotom-Mow|\n|poke|p2|Durant, M|\n|poke|p2|Hydreigon, F|\n|teampreview\n|inactive|Battle timer is ON: inactive players will automatically lose when time's up. (requested by skibsthekid)\n|inactive|misplayin also wants the timer to be on.\n|c|\u2606misplayin|gl friend\n|c|\u2606skibsthekid|you too mate\n|inactive|misplayin has 270 seconds left.\n|\n|t:|1664061057\n|start\n|switch|p1a: Chandelure|Chandelure, F, shiny|100\/100\n|switch|p2a: Swampert|Swampert, F|100\/100\n|turn|1\n|j| Rubiaa\n|\n|t:|1664061083\n|switch|p2a: Hydreigon|Hydreigon, F|100\/100\n|move|p1a: Chandelure|Energy Ball|p2a: Hydreigon\n|-resisted|p2a: Hydreigon\n|-damage|p2a: Hydreigon|81\/100\n|-unboost|p2a: Hydreigon|spd|1\n|\n|-heal|p2a: Hydreigon|87\/100|[from] item: Leftovers\n|upkeep\n|turn|2\n|\n|t:|1664061087\n|switch|p1a: Tapu Bulu|Tapu Bulu|100\/100\n|-fieldstart|move: Grassy Terrain|[from] ability: Grassy Surge|[of] p1a: Tapu Bulu\n|move|p2a: Hydreigon|U-turn|p1a: Tapu Bulu\n|-damage|p1a: Tapu Bulu|88\/100\n|\n|t:|1664061094\n|switch|p2a: Chandelure|Chandelure, M|100\/100|[from]move: U-turn\n|\n|-heal|p1a: Tapu Bulu|94\/100|[from] Grassy Terrain\n|-heal|p1a: Tapu Bulu|99\/100|[from] item: Leftovers\n|upkeep\n|turn|3\n|\n|t:|1664061098\n|switch|p1a: Incineroar|Incineroar, F|100\/100\n|-ability|p1a: Incineroar|Intimidate|boost\n|-unboost|p2a: Chandelure|atk|1\n|move|p2a: Chandelure|Trick|p1a: Incineroar\n|-activate|p2a: Chandelure|move: Trick|[of] p1a: Incineroar\n|-item|p1a: Incineroar|Choice Specs|[from] move: Trick\n|-item|p2a: Chandelure|Choice Band|[from] move: Trick\n|\n|upkeep\n|turn|4\n|c| Rubiaa|LOL\n|\n|t:|1664061110\n|switch|p2a: Hydreigon|Hydreigon, F|87\/100\n|move|p1a: Incineroar|U-turn|p2a: Hydreigon\n|-supereffective|p2a: Hydreigon\n|-damage|p2a: Hydreigon|45\/100\n|\n|t:|1664061123\n|switch|p1a: Ditto|Ditto|100\/100|[from]move: U-turn\n|-transform|p1a: Ditto|p2a: Hydreigon|[from] ability: Imposter\n|\n|-heal|p2a: Hydreigon|51\/100|[from] item: Leftovers\n|upkeep\n|turn|5\n|\n|t:|1664061136\n|switch|p2a: Conkeldurr|Conkeldurr, F|100\/100\n|move|p1a: Ditto|Draco Meteor|p2a: Conkeldurr\n|-damage|p2a: Conkeldurr|64\/100\n|-unboost|p1a: Ditto|spa|2\n|\n|-heal|p2a: Conkeldurr|70\/100|[from] Grassy Terrain\n|upkeep\n|turn|6\n|\n|t:|1664061153\n|switch|p1a: Chandelure|Chandelure, F, shiny|100\/100\n|move|p2a: Conkeldurr|Knock Off|p1a: Chandelure\n|-supereffective|p1a: Chandelure\n|-damage|p1a: Chandelure|0 fnt\n|-enditem|p1a: Chandelure|Choice Specs|[from] move: Knock Off|[of] p2a: Conkeldurr\n|faint|p1a: Chandelure\n|\n|-heal|p2a: Conkeldurr|76\/100|[from] Grassy Terrain\n|-fieldend|move: Grassy Terrain\n|upkeep\n|\n|t:|1664061161\n|switch|p1a: Tapu Bulu|Tapu Bulu|99\/100\n|-fieldstart|move: Grassy Terrain|[from] ability: Grassy Surge|[of] p1a: Tapu Bulu\n|turn|7\n|\n|t:|1664061170\n|switch|p2a: Durant|Durant, M|100\/100\n|move|p1a: Tapu Bulu|Leech Seed|p2a: Durant\n|-start|p2a: Durant|move: Leech Seed\n|\n|-heal|p1a: Tapu Bulu|100\/100|[from] Grassy Terrain\n|-damage|p2a: Durant|88\/100|[from] Leech Seed|[of] p1a: Tapu Bulu\n|upkeep\n|turn|8\n|\n|t:|1664061178\n|switch|p1a: Excadrill|Excadrill, M|100\/100\n|-ability|p1a: Excadrill|Mold Breaker\n|move|p2a: Durant|Iron Head|p1a: Excadrill\n|-resisted|p1a: Excadrill\n|-damage|p1a: Excadrill|52\/100\n|-damage|p2a: Durant|78\/100|[from] item: Life Orb\n|\n|-heal|p2a: Durant|85\/100|[from] Grassy Terrain\n|-heal|p1a: Excadrill|59\/100|[from] Grassy Terrain\n|-heal|p1a: Excadrill|65\/100|[from] item: Leftovers\n|-damage|p2a: Durant|72\/100|[from] Leech Seed|[of] p1a: Excadrill\n|-heal|p1a: Excadrill|73\/100|[silent]\n|upkeep\n|turn|9\n|\n|t:|1664061188\n|switch|p2a: Rotom|Rotom-Mow|100\/100\n|switch|p1a: Celesteela|Celesteela, shiny|100\/100\n|\n|upkeep\n|turn|10\n|\n|t:|1664061193\n|switch|p1a: Excadrill|Excadrill, M|73\/100\n|-ability|p1a: Excadrill|Mold Breaker\n|move|p2a: Rotom|Volt Switch|p1a: Excadrill\n|-immune|p1a: Excadrill\n|\n|-heal|p1a: Excadrill|80\/100|[from] Grassy Terrain\n|-heal|p1a: Excadrill|86\/100|[from] item: Leftovers\n|upkeep\n|turn|11\n|\n|t:|1664061196\n|move|p1a: Excadrill|Stomping Tantrum|p2a: Rotom\n|-damage|p2a: Rotom|66\/100\n|move|p2a: Rotom|Leaf Storm|p1a: Excadrill\n|-damage|p1a: Excadrill|23\/100\n|-unboost|p2a: Rotom|spa|2\n|\n|-heal|p1a: Excadrill|29\/100|[from] Grassy Terrain\n|-heal|p1a: Excadrill|35\/100|[from] item: Leftovers\n|-heal|p2a: Rotom|72\/100|[from] item: Leftovers\n|-fieldend|move: Grassy Terrain\n|upkeep\n|turn|12\n|\n|t:|1664061204\n|switch|p1a: Tapu Bulu|Tapu Bulu|100\/100\n|-fieldstart|move: Grassy Terrain|[from] ability: Grassy Surge|[of] p1a: Tapu Bulu\n|switch|p2a: Swampert|Swampert, F|100\/100\n|\n|upkeep\n|turn|13\n|\n|t:|1664061210\n|switch|p1a: Excadrill|Excadrill, M|35\/100\n|-ability|p1a: Excadrill|Mold Breaker\n|switch|p2a: Durant|Durant, M|72\/100\n|\n|-heal|p2a: Durant|78\/100|[from] Grassy Terrain\n|-heal|p1a: Excadrill|41\/100|[from] Grassy Terrain\n|-heal|p1a: Excadrill|47\/100|[from] item: Leftovers\n|upkeep\n|turn|14\n|\n|t:|1664061220\n|switch|p1a: Tapu Bulu|Tapu Bulu|100\/100\n|move|p2a: Durant|Iron Head|p1a: Tapu Bulu\n|-supereffective|p1a: Tapu Bulu\n|-damage|p1a: Tapu Bulu|0 fnt\n|faint|p1a: Tapu Bulu\n|-damage|p2a: Durant|69\/100|[from] item: Life Orb\n|\n|-heal|p2a: Durant|75\/100|[from] Grassy Terrain\n|upkeep\n|\n|t:|1664061222\n|switch|p1a: Celesteela|Celesteela, shiny|100\/100\n|turn|15\n|\n|t:|1664061234\n|switch|p2a: Rotom|Rotom-Mow|72\/100\n|move|p1a: Celesteela|Autotomize|p1a: Celesteela\n|-boost|p1a: Celesteela|spe|2\n|-start|p1a: Celesteela|Autotomize\n|\n|-heal|p2a: Rotom|78\/100|[from] item: Leftovers\n|upkeep\n|turn|16\n|\n|t:|1664061239\n|move|p1a: Celesteela|Air Slash|p2a: Rotom\n|-damage|p2a: Rotom|35\/100\n|move|p2a: Rotom|Volt Switch|p1a: Celesteela\n|-supereffective|p1a: Celesteela\n|-damage|p1a: Celesteela|45\/100\n|\n|t:|1664061243\n|switch|p2a: Chandelure|Chandelure, M|100\/100|[from]move: Volt Switch\n|\n|-fieldend|move: Grassy Terrain\n|upkeep\n|turn|17\n|\n|t:|1664061246\n|switch|p2a: Swampert|Swampert, F|100\/100\n|move|p1a: Celesteela|Meteor Beam||[still]\n|-prepare|p1a: Celesteela|Meteor Beam\n|-boost|p1a: Celesteela|spa|1\n|-enditem|p1a: Celesteela|Power Herb\n|-anim|p1a: Celesteela|Meteor Beam|p2a: Swampert\n|-resisted|p2a: Swampert\n|-damage|p2a: Swampert|82\/100\n|\n|-heal|p2a: Swampert|89\/100|[from] item: Leftovers\n|upkeep\n|turn|18\n|\n|t:|1664061249\n|move|p1a: Celesteela|Energy Ball|p2a: Swampert\n|-supereffective|p2a: Swampert\n|-damage|p2a: Swampert|0 fnt\n|faint|p2a: Swampert\n|-ability|p1a: Celesteela|Beast Boost|boost\n|-boost|p1a: Celesteela|spa|1\n|\n|upkeep\n|\n|t:|1664061253\n|switch|p2a: Chandelure|Chandelure, M|100\/100\n|turn|19\n|\n|t:|1664061292\n|move|p1a: Celesteela|Air Slash|p2a: Chandelure\n|-damage|p2a: Chandelure|0 fnt\n|faint|p2a: Chandelure\n|-ability|p1a: Celesteela|Beast Boost|boost\n|-boost|p1a: Celesteela|spa|1\n|\n|upkeep\n|inactive|misplayin has 270 seconds left.\n|\n|t:|1664061313\n|switch|p2a: Durant|Durant, M|75\/100\n|turn|20\n|\n|t:|1664061317\n|move|p2a: Durant|First Impression|p1a: Celesteela\n|-resisted|p1a: Celesteela\n|-damage|p1a: Celesteela|25\/100\n|-damage|p2a: Durant|65\/100|[from] item: Life Orb\n|move|p1a: Celesteela|Air Slash|p2a: Durant\n|-damage|p2a: Durant|0 fnt\n|faint|p2a: Durant\n|-ability|p1a: Celesteela|Beast Boost|boost\n|-boost|p1a: Celesteela|spa|1\n|\n|upkeep\n|\n|t:|1664061321\n|switch|p2a: Conkeldurr|Conkeldurr, F|76\/100\n|turn|21\n|inactive|skibsthekid has 270 seconds left.\n|\n|t:|1664061379\n|switch|p1a: Incineroar|Incineroar, F|100\/100\n|-ability|p1a: Incineroar|Intimidate|boost\n|-unboost|p2a: Conkeldurr|atk|1\n|move|p2a: Conkeldurr|Mach Punch|p1a: Incineroar\n|-supereffective|p1a: Incineroar\n|-damage|p1a: Incineroar|65\/100\n|\n|upkeep\n|turn|22\n|\n|t:|1664061386\n|switch|p1a: Excadrill|Excadrill, M|47\/100\n|-ability|p1a: Excadrill|Mold Breaker\n|move|p2a: Conkeldurr|Drain Punch|p1a: Excadrill\n|-supereffective|p1a: Excadrill\n|-damage|p1a: Excadrill|0 fnt\n|-heal|p2a: Conkeldurr|97\/100|[from] drain|[of] p1a: Excadrill\n|faint|p1a: Excadrill\n|\n|upkeep\n|\n|t:|1664061390\n|switch|p1a: Celesteela|Celesteela, shiny|25\/100\n|turn|23\n|inactive|misplayin has 270 seconds left.\n|inactive|misplayin has 240 seconds left.\n|\n|t:|1664061452\n|switch|p2a: Hydreigon|Hydreigon, F|51\/100\n|move|p1a: Celesteela|Air Slash|p2a: Hydreigon\n|-damage|p2a: Hydreigon|21\/100\n|\n|-heal|p2a: Hydreigon|27\/100|[from] item: Leftovers\n|upkeep\n|turn|24\n|inactive|skibsthekid has 270 seconds left.\n|\n|t:|1664061481\n|move|p2a: Hydreigon|Roost|p2a: Hydreigon\n|-heal|p2a: Hydreigon|77\/100\n|-singleturn|p2a: Hydreigon|move: Roost\n|move|p1a: Celesteela|Autotomize|p1a: Celesteela\n|-boost|p1a: Celesteela|spe|2\n|-start|p1a: Celesteela|Autotomize\n|\n|-heal|p2a: Hydreigon|83\/100|[from] item: Leftovers\n|upkeep\n|turn|25\n|\n|t:|1664061484\n|move|p1a: Celesteela|Air Slash|p2a: Hydreigon\n|-damage|p2a: Hydreigon|57\/100\n|cant|p2a: Hydreigon|flinch\n|\n|-heal|p2a: Hydreigon|63\/100|[from] item: Leftovers\n|upkeep\n|turn|26\n|inactive|skibsthekid has 270 seconds left.\n|\n|t:|1664061494\n|switch|p1a: Ditto|Ditto|100\/100\n|-transform|p1a: Ditto|p2a: Hydreigon|[from] ability: Imposter\n|move|p2a: Hydreigon|Flamethrower|p1a: Ditto\n|-resisted|p1a: Ditto\n|-damage|p1a: Ditto|88\/100\n|-status|p1a: Ditto|brn\n|\n|-heal|p2a: Hydreigon|69\/100|[from] item: Leftovers\n|-damage|p1a: Ditto|82\/100 brn|[from] brn\n|upkeep\n|turn|27\n|c| Rubiaa|lol not like dis\n|inactive|skibsthekid has 270 seconds left.\n|c|\u2606misplayin|thats big\n|\n|t:|1664061520\n|switch|p2a: Conkeldurr|Conkeldurr, F|97\/100\n|move|p1a: Ditto|U-turn|p2a: Conkeldurr\n|-resisted|p2a: Conkeldurr\n|-damage|p2a: Conkeldurr|94\/100\n|\n|t:|1664061522\n|switch|p1a: Incineroar|Incineroar, F|65\/100|[from]move: U-turn\n|-ability|p1a: Incineroar|Intimidate|boost\n|-unboost|p2a: Conkeldurr|atk|1\n|\n|upkeep\n|turn|28\n|\n|t:|1664061526\n|move|p1a: Incineroar|Flare Blitz|p2a: Conkeldurr\n|-damage|p2a: Conkeldurr|42\/100\n|-damage|p1a: Incineroar|46\/100|[from] Recoil\n|move|p2a: Conkeldurr|Drain Punch|p1a: Incineroar\n|-supereffective|p1a: Incineroar\n|-crit|p1a: Incineroar\n|-damage|p1a: Incineroar|0 fnt\n|-heal|p2a: Conkeldurr|62\/100|[from] drain|[of] p1a: Incineroar\n|faint|p1a: Incineroar\n|\n|upkeep\n|inactive|skibsthekid has 270 seconds left.\n|\n|t:|1664061533\n|switch|p1a: Celesteela|Celesteela, shiny|25\/100\n|turn|29\n|c| Rubiaa|didnt matter much tho considering conk is back to claim one\n|inactive|skibsthekid has 270 seconds left.\n|\n|t:|1664061548\n|switch|p2a: Hydreigon|Hydreigon, F|69\/100\n|move|p1a: Celesteela|Autotomize|p1a: Celesteela\n|-boost|p1a: Celesteela|spe|2\n|-start|p1a: Celesteela|Autotomize\n|\n|-heal|p2a: Hydreigon|75\/100|[from] item: Leftovers\n|upkeep\n|turn|30\n|\n|t:|1664061550\n|move|p1a: Celesteela|Air Slash|p2a: Hydreigon\n|-damage|p2a: Hydreigon|46\/100\n|move|p2a: Hydreigon|Flamethrower|p1a: Celesteela\n|-supereffective|p1a: Celesteela\n|-damage|p1a: Celesteela|0 fnt\n|faint|p1a: Celesteela\n|\n|-heal|p2a: Hydreigon|52\/100|[from] item: Leftovers\n|upkeep\n|\n|t:|1664061553\n|switch|p1a: Ditto|Ditto|82\/100 brn\n|-transform|p1a: Ditto|p2a: Hydreigon|[from] ability: Imposter\n|turn|31\n|\n|t:|1664061558\n|move|p1a: Ditto|Roost|p1a: Ditto\n|-heal|p1a: Ditto|100\/100 brn\n|-singleturn|p1a: Ditto|move: Roost\n|move|p2a: Hydreigon|Draco Meteor|p1a: Ditto\n|-supereffective|p1a: Ditto\n|-damage|p1a: Ditto|0 fnt\n|-unboost|p2a: Hydreigon|spa|2\n|faint|p1a: Ditto\n|\n|win|misplayin\n|c|\u2606skibsthekid|gg\n|c|\u2606skibsthekid|wp\n|c| Rubiaa|cool teams to da both of yall\n|c|\u2606misplayin|gg u2\n|c|\u2606skibsthekid|was conk vestd?\n|l| Rubiaa\n|j| UnstoppableUg\n|c|\u2606misplayin|yh\n|c|\u2606skibsthekid|vest iron fist right\n|c|\u2606skibsthekid|nice\n|c|\u2606misplayin|yhh\n|c|\u2606misplayin|i'll send team\n|c| UnstoppableUg|It just ended\n|c| UnstoppableUg|Lmao\n|c|\u2606skibsthekid|dw ug just g1\n|c|\u2606skibsthekid|ill post my team in spreads too\n|c| UnstoppableUg|U gotta be FUCKING KIDDING\n|c| UnstoppableUg|I MISSED UU\n|c| UnstoppableUg|LIVE\n|c| UnstoppableUg|FUUUUUCKKKKKKK\n|c|\u2606skibsthekid|hahaaha\n|c|\u2606skibsthekid|its a cool set watch it\n|c| UnstoppableUg|Always is\n|c|\u2606misplayin|facts\n|c| UnstoppableUg|That why I came to watch\n|c| UnstoppableUg|:]\n|c| UnstoppableUg|Gl y'all!\n|c|\u2606misplayin|tyty\n|c|\u2606skibsthekid|ty\n|c|\u2606skibsthekid|for g2\n|c|\u2606skibsthekid|lets do OU\n|c|\u2606misplayin|aight\n|l| UnstoppableUg\n|l|\u2606skibsthekid\n|j| UnstoppableUg\n|l|\u2606misplayin\n|l| UnstoppableUg\n|j|\u2606misplayin\n|player|p2|misplayin|bugsy\n","uploadtime":1664061577,"views":15,"p1id":"skibsthekid","p2id":"misplayin","formatid":"gen8uu","rating":0,"private":0,"password":null}