{"id":"gen8battlefactory-1669434415","p1":"Irly","p2":"H4WT \u2605","format":"gen8battlefactory","log":"|j|\u2606Irly\n|j|\u2606H4WT \u2605\n|inactive|Battle timer is ON: inactive players will automatically lose when time's up.\n|t:|1663727141\n|gametype|singles\n|player|p1|Irly|fennel|\n|player|p2|H4WT \u2605|nate|\n|teamsize|p1|6\n|teamsize|p2|6\n|gen|8\n|tier|[Gen 8] Battle Factory\n|rated|Tournament battle\n|rule|Sleep Clause Mod: Limit one foe put to sleep\n|rule|Species Clause: Limit one of each Pok\u00e9mon\n|rule|OHKO Clause: OHKO moves are banned\n|rule|Evasion Items Clause: Evasion items are banned\n|rule|Evasion Moves Clause: Evasion moves are banned\n|rule|Endless Battle Clause: Forcing endless battles is banned\n|rule|HP Percentage Mod: HP is shown in percentages\n|rule|Dynamax Clause: You cannot dynamax\n|clearpoke\n|poke|p1|Starmie|\n|poke|p1|Thundurus-Therian, M|\n|poke|p1|Entei|\n|poke|p1|Suicune|\n|poke|p1|Rotom-Heat|\n|poke|p1|Swampert, F|\n|poke|p2|Crawdaunt, M|\n|poke|p2|Zarude|\n|poke|p2|Rhyperior, F|\n|poke|p2|Lycanroc-Dusk, M|\n|poke|p2|Skarmory, F|\n|poke|p2|Salamence, F|\n|teampreview\n|inactive|Irly also wants the timer to be on.\n|c|\u2606H4WT \u2605|hf\n|j| Pipoca 007\n|c|\u2606Irly|u2\n|inactive|Irly has 120 seconds left.\n|inactive|H4WT \u2605 has 120 seconds left.\n|\n|t:|1663727191\n|start\n|switch|p1a: Starmie|Starmie|262\/262\n|switch|p2a: Crawdaunt|Crawdaunt, M|267\/267\n|turn|1\n|\n|t:|1663727209\n|switch|p2a: Zarude|Zarude|352\/352\n|move|p1a: Starmie|Thunderbolt|p2a: Zarude\n|-resisted|p2a: Zarude\n|-damage|p2a: Zarude|271\/352\n|-damage|p1a: Starmie|236\/262|[from] item: Life Orb\n|\n|upkeep\n|turn|2\n|j| UTJohn\n|\n|t:|1663727217\n|switch|p1a: Rotom|Rotom-Heat|304\/304\n|move|p2a: Zarude|U-turn|p1a: Rotom\n|-resisted|p1a: Rotom\n|-damage|p1a: Rotom|270\/304\n|\n|t:|1663727221\n|switch|p2a: Rhyperior|Rhyperior, F|434\/434\n|\n|upkeep\n|turn|3\n|\n|t:|1663727225\n|switch|p1a: Swampert|Swampert, F|404\/404\n|move|p2a: Rhyperior|Stealth Rock|p1a: Swampert\n|-sidestart|p1: Irly|move: Stealth Rock\n|\n|upkeep\n|turn|4\n|\n|t:|1663727246\n|switch|p2a: Crawdaunt|Crawdaunt, M|267\/267\n|move|p1a: Swampert|Stealth Rock|p2a: Crawdaunt\n|-sidestart|p2: H4WT \u2605|move: Stealth Rock\n|\n|upkeep\n|turn|5\n|\n|t:|1663727250\n|move|p2a: Crawdaunt|Crabhammer|p1a: Swampert\n|-damage|p1a: Swampert|60\/404\n|move|p1a: Swampert|Flip Turn|p2a: Crawdaunt\n|-resisted|p2a: Crawdaunt\n|-damage|p2a: Crawdaunt|207\/267\n|\n|t:|1663727257\n|switch|p1a: Starmie|Starmie|236\/262\n|-damage|p1a: Starmie|204\/262|[from] Stealth Rock\n|\n|upkeep\n|turn|6\n|\n|t:|1663727267\n|move|p1a: Starmie|Thunderbolt|p2a: Crawdaunt\n|-supereffective|p2a: Crawdaunt\n|-damage|p2a: Crawdaunt|0 fnt\n|faint|p2a: Crawdaunt\n|-damage|p1a: Starmie|178\/262|[from] item: Life Orb\n|\n|upkeep\n|\n|t:|1663727270\n|switch|p2a: Zarude|Zarude|271\/352\n|-damage|p2a: Zarude|227\/352|[from] Stealth Rock\n|turn|7\n|\n|t:|1663727277\n|switch|p1a: Swampert|Swampert, F|60\/404\n|-damage|p1a: Swampert|35\/404|[from] Stealth Rock\n|move|p2a: Zarude|Darkest Lariat|p1a: Swampert\n|-crit|p1a: Swampert\n|-damage|p1a: Swampert|0 fnt\n|faint|p1a: Swampert\n|\n|upkeep\n|\n|t:|1663727287\n|switch|p1a: Thundurus|Thundurus-Therian, M|299\/299\n|turn|8\n|\n|t:|1663727298\n|switch|p2a: Rhyperior|Rhyperior, F|434\/434\n|-damage|p2a: Rhyperior|407\/434|[from] Stealth Rock\n|move|p1a: Thundurus|Nasty Plot|p1a: Thundurus\n|-boost|p1a: Thundurus|spa|2\n|\n|-heal|p2a: Rhyperior|434\/434|[from] item: Leftovers\n|upkeep\n|turn|9\n|\n|t:|1663727308\n|switch|p2a: Salamence|Salamence, F|331\/331\n|-ability|p2a: Salamence|Intimidate|boost\n|-unboost|p1a: Thundurus|atk|1\n|move|p1a: Thundurus|Focus Blast|p2a: Salamence\n|-resisted|p2a: Salamence\n|-damage|p2a: Salamence|157\/331\n|\n|upkeep\n|turn|10\n|\n|t:|1663727312\n|move|p1a: Thundurus|Psychic|p2a: Salamence\n|-damage|p2a: Salamence|0 fnt\n|faint|p2a: Salamence\n|\n|upkeep\n|\n|t:|1663727315\n|switch|p2a: Lycanroc|Lycanroc-Dusk, M|292\/292\n|-damage|p2a: Lycanroc|256\/292|[from] Stealth Rock\n|turn|11\n|\n|t:|1663727330\n|move|p2a: Lycanroc|Stone Edge|p1a: Thundurus\n|-supereffective|p1a: Thundurus\n|-damage|p1a: Thundurus|0 fnt\n|faint|p1a: Thundurus\n|\n|upkeep\n|\n|t:|1663727335\n|switch|p1a: Suicune|Suicune|404\/404\n|-damage|p1a: Suicune|354\/404|[from] Stealth Rock\n|-ability|p1a: Suicune|Pressure\n|turn|12\n|\n|t:|1663727339\n|switch|p2a: Zarude|Zarude|227\/352\n|-damage|p2a: Zarude|183\/352|[from] Stealth Rock\n|move|p1a: Suicune|Scald|p2a: Zarude\n|-resisted|p2a: Zarude\n|-crit|p2a: Zarude\n|-damage|p2a: Zarude|109\/352\n|-status|p2a: Zarude|brn\n|\n|-heal|p1a: Suicune|379\/404|[from] item: Leftovers\n|-damage|p2a: Zarude|87\/352 brn|[from] brn\n|upkeep\n|turn|13\n|\n|t:|1663727349\n|move|p2a: Zarude|Power Whip|p1a: Suicune\n|-supereffective|p1a: Suicune\n|-damage|p1a: Suicune|255\/404\n|move|p1a: Suicune|Scald|p2a: Zarude\n|-resisted|p2a: Zarude\n|-damage|p2a: Zarude|45\/352 brn\n|\n|-heal|p1a: Suicune|280\/404|[from] item: Leftovers\n|-damage|p2a: Zarude|23\/352 brn|[from] brn\n|upkeep\n|turn|14\n|\n|t:|1663727357\n|move|p2a: Zarude|Power Whip|p1a: Suicune\n|-supereffective|p1a: Suicune\n|-damage|p1a: Suicune|138\/404\n|move|p1a: Suicune|Calm Mind|p1a: Suicune\n|-boost|p1a: Suicune|spa|1\n|-boost|p1a: Suicune|spd|1\n|\n|-heal|p1a: Suicune|163\/404|[from] item: Leftovers\n|-damage|p2a: Zarude|1\/352 brn|[from] brn\n|upkeep\n|turn|15\n|\n|t:|1663727360\n|move|p2a: Zarude|Power Whip|p1a: Suicune\n|-supereffective|p1a: Suicune\n|-damage|p1a: Suicune|36\/404\n|move|p1a: Suicune|Rest|p1a: Suicune\n|-status|p1a: Suicune|slp|[from] move: Rest\n|-heal|p1a: Suicune|404\/404 slp|[silent]\n|\n|-damage|p2a: Zarude|0 fnt|[from] brn\n|faint|p2a: Zarude\n|upkeep\n|\n|t:|1663727362\n|switch|p2a: Lycanroc|Lycanroc-Dusk, M|256\/292\n|-damage|p2a: Lycanroc|220\/292|[from] Stealth Rock\n|turn|16\n|j| Fotossintese\n|\n|t:|1663727382\n|move|p2a: Lycanroc|Close Combat|p1a: Suicune\n|-damage|p1a: Suicune|243\/404 slp\n|-unboost|p2a: Lycanroc|def|1\n|-unboost|p2a: Lycanroc|spd|1\n|cant|p1a: Suicune|slp\n|move|p1a: Suicune|Sleep Talk|p1a: Suicune\n|move|p1a: Suicune|Rest||[from]move: Sleep Talk|[still]\n|-fail|p1a: Suicune\n|\n|-heal|p1a: Suicune|268\/404 slp|[from] item: Leftovers\n|upkeep\n|turn|17\n|\n|t:|1663727387\n|move|p2a: Lycanroc|Close Combat|p1a: Suicune\n|-damage|p1a: Suicune|100\/404 slp\n|-unboost|p2a: Lycanroc|def|1\n|-unboost|p2a: Lycanroc|spd|1\n|cant|p1a: Suicune|slp\n|move|p1a: Suicune|Sleep Talk|p1a: Suicune\n|move|p1a: Suicune|Scald|p2a: Lycanroc|[from]move: Sleep Talk\n|-supereffective|p2a: Lycanroc\n|-damage|p2a: Lycanroc|0 fnt\n|faint|p2a: Lycanroc\n|\n|-heal|p1a: Suicune|125\/404 slp|[from] item: Leftovers\n|upkeep\n|c|\u2606H4WT \u2605|gg]\n|c|\u2606Irly|gg\n|-message|H4WT \u2605 forfeited.\n|\n|win|Irly\n|n|\u2606Irly|irly\n|n|\u2606H4WT \u2605|h4wt\n|n| Pipoca 007|pipoca007\n|n| UTJohn|utjohn\n|n| Fotossintese|fotossintese\n","uploadtime":1663727398,"views":6,"p1id":"irly","p2id":"h4wt","formatid":"gen8battlefactory","rating":0,"private":0,"password":null}