{"id":"gen8ou-1493595969","p1":"Foolish Shogun","p2":"you have homework","format":"gen8ou","log":"|j|\u2606Foolish Shogun\n|j|\u2606you have homework\n|t:|1642487253\n|gametype|singles\n|player|p1|Foolish Shogun|ghetsis-gen5bw|1566\n|player|p2|you have homework|2|1691\n|teamsize|p1|6\n|teamsize|p2|6\n|gen|8\n|tier|[Gen 8] OU\n|rated|\n|rule|Sleep Clause Mod: Limit one foe put to sleep\n|rule|Species Clause: Limit one of each Pok\u00e9mon\n|rule|OHKO Clause: OHKO moves are banned\n|rule|Evasion Moves Clause: Evasion moves are banned\n|rule|Endless Battle Clause: Forcing endless battles is banned\n|rule|HP Percentage Mod: HP is shown in percentages\n|rule|Dynamax Clause: You cannot dynamax\n|clearpoke\n|poke|p1|Araquanid, F|\n|poke|p1|Nidoking, M|\n|poke|p1|Urshifu-*, F|\n|poke|p1|Zapdos-Galar|\n|poke|p1|Heatran, M|\n|poke|p1|Dragapult, M|\n|poke|p2|Slowking-Galar, M|\n|poke|p2|Buzzwole|\n|poke|p2|Heatran, M|\n|poke|p2|Garchomp, F|\n|poke|p2|Cobalion|\n|poke|p2|Mandibuzz, F|\n|teampreview\n|\n|t:|1642487290\n|start\n|switch|p1a: Araquanid|Araquanid, F|100\/100\n|switch|p2a: Mandibuzz|Mandibuzz, F|100\/100\n|turn|1\n|\n|t:|1642487326\n|move|p2a: Mandibuzz|Toxic|p1a: Araquanid\n|-status|p1a: Araquanid|tox\n|move|p1a: Araquanid|Liquidation|p2a: Mandibuzz\n|-damage|p2a: Mandibuzz|45\/100\n|\n|-damage|p1a: Araquanid|94\/100 tox|[from] psn\n|upkeep\n|turn|2\n|\n|t:|1642487335\n|move|p2a: Mandibuzz|Roost|p2a: Mandibuzz\n|-heal|p2a: Mandibuzz|95\/100\n|-singleturn|p2a: Mandibuzz|move: Roost\n|move|p1a: Araquanid|Liquidation|p2a: Mandibuzz\n|-damage|p2a: Mandibuzz|36\/100\n|-unboost|p2a: Mandibuzz|def|1\n|\n|-damage|p1a: Araquanid|82\/100 tox|[from] psn\n|upkeep\n|turn|3\n|\n|t:|1642487346\n|switch|p2a: Cobalion|Cobalion|100\/100\n|move|p1a: Araquanid|Liquidation|p2a: Cobalion\n|-damage|p2a: Cobalion|44\/100\n|-unboost|p2a: Cobalion|def|1\n|\n|-heal|p2a: Cobalion|50\/100|[from] item: Leftovers\n|-damage|p1a: Araquanid|63\/100 tox|[from] psn\n|upkeep\n|turn|4\n|\n|t:|1642487358\n|move|p2a: Cobalion|Stealth Rock|p1a: Araquanid\n|-sidestart|p1: Foolish Shogun|move: Stealth Rock\n|move|p1a: Araquanid|Liquidation|p2a: Cobalion\n|-damage|p2a: Cobalion|0 fnt\n|faint|p2a: Cobalion\n|\n|-damage|p1a: Araquanid|38\/100 tox|[from] psn\n|upkeep\n|\n|t:|1642487367\n|switch|p2a: Garchomp|Garchomp, F|100\/100\n|turn|5\n|\n|t:|1642487371\n|move|p2a: Garchomp|Dragon Claw|p1a: Araquanid\n|-damage|p1a: Araquanid|0 fnt\n|faint|p1a: Araquanid\n|\n|upkeep\n|\n|t:|1642487380\n|switch|p1a: Dragapult|Dragapult, M|100\/100\n|-damage|p1a: Dragapult|88\/100|[from] Stealth Rock\n|turn|6\n|\n|t:|1642487386\n|switch|p1a: Urshifu|Urshifu-Rapid-Strike, F|100\/100\n|-damage|p1a: Urshifu|94\/100|[from] Stealth Rock\n|switch|p2a: Heatran|Heatran, M|100\/100\n|\n|upkeep\n|turn|7\n|\n|t:|1642487394\n|switch|p1a: Heatran|Heatran, M|100\/100\n|-damage|p1a: Heatran|88\/100|[from] Stealth Rock\n|switch|p2a: Buzzwole|Buzzwole|100\/100\n|\n|-heal|p1a: Heatran|94\/100|[from] item: Leftovers\n|upkeep\n|turn|8\n|\n|t:|1642487402\n|move|p1a: Heatran|Magma Storm|p2a: Buzzwole|[miss]\n|-miss|p1a: Heatran|p2a: Buzzwole\n|move|p2a: Buzzwole|Earthquake|p1a: Heatran\n|-supereffective|p1a: Heatran\n|-damage|p1a: Heatran|0 fnt\n|faint|p1a: Heatran\n|-ability|p2a: Buzzwole|Beast Boost|boost\n|-boost|p2a: Buzzwole|def|1\n|\n|upkeep\n|c|\u2606Foolish Shogun|man\n|\n|t:|1642487418\n|switch|p1a: Nidoking|Nidoking, M|100\/100\n|-damage|p1a: Nidoking|95\/100|[from] Stealth Rock\n|turn|9\n|\n|t:|1642487433\n|switch|p2a: Slowking|Slowking-Galar, M|100\/100\n|move|p1a: Nidoking|Flamethrower|p2a: Slowking\n|-damage|p2a: Slowking|78\/100\n|\n|upkeep\n|turn|10\n|\n|t:|1642487440\n|move|p1a: Nidoking|Earth Power|p2a: Slowking\n|-supereffective|p2a: Slowking\n|-damage|p2a: Slowking|11\/100\n|move|p2a: Slowking|Future Sight|p1a: Nidoking\n|-start|p2a: Slowking|move: Future Sight\n|\n|upkeep\n|turn|11\n|\n|t:|1642487459\n|switch|p2a: Mandibuzz|Mandibuzz, F|36\/100\n|move|p1a: Nidoking|Sludge Wave|p2a: Mandibuzz\n|-damage|p2a: Mandibuzz|0 fnt\n|faint|p2a: Mandibuzz\n|\n|upkeep\n|\n|t:|1642487476\n|switch|p2a: Garchomp|Garchomp, F|100\/100\n|turn|12\n|\n|t:|1642487491\n|switch|p1a: Urshifu|Urshifu-Rapid-Strike, F|94\/100\n|-damage|p1a: Urshifu|88\/100|[from] Stealth Rock\n|move|p2a: Garchomp|Earthquake|p1a: Urshifu\n|-damage|p1a: Urshifu|36\/100\n|\n|-end|p1a: Urshifu|move: Future Sight\n|-supereffective|p1a: Urshifu\n|-crit|p1a: Urshifu\n|-damage|p1a: Urshifu|0 fnt\n|faint|p1a: Urshifu\n|upkeep\n|\n|t:|1642487499\n|switch|p1a: Dragapult|Dragapult, M|88\/100\n|-damage|p1a: Dragapult|76\/100|[from] Stealth Rock\n|turn|13\n|\n|t:|1642487505\n|switch|p2a: Heatran|Heatran, M|100\/100\n|move|p1a: Dragapult|Shadow Ball|p2a: Heatran\n|-damage|p2a: Heatran|56\/100\n|\n|-heal|p2a: Heatran|62\/100|[from] item: Leftovers\n|upkeep\n|turn|14\n|\n|t:|1642487513\n|move|p1a: Dragapult|Shadow Ball|p2a: Heatran\n|-damage|p2a: Heatran|11\/100\n|move|p2a: Heatran|Flash Cannon|p1a: Dragapult\n|-damage|p1a: Dragapult|15\/100\n|\n|-heal|p2a: Heatran|17\/100|[from] item: Leftovers\n|upkeep\n|turn|15\n|\n|t:|1642487522\n|move|p1a: Dragapult|Shadow Ball|p2a: Heatran\n|-damage|p2a: Heatran|0 fnt\n|faint|p2a: Heatran\n|\n|upkeep\n|\n|t:|1642487528\n|switch|p2a: Buzzwole|Buzzwole|100\/100\n|turn|16\n|\n|t:|1642487532\n|switch|p1a: Nidoking|Nidoking, M|95\/100\n|-damage|p1a: Nidoking|89\/100|[from] Stealth Rock\n|move|p2a: Buzzwole|Toxic|p1a: Nidoking\n|-immune|p1a: Nidoking\n|\n|upkeep\n|turn|17\n|\n|t:|1642487540\n|move|p1a: Nidoking|Earth Power|p2a: Buzzwole\n|-resisted|p2a: Buzzwole\n|-damage|p2a: Buzzwole|63\/100\n|move|p2a: Buzzwole|Earthquake|p1a: Nidoking\n|-supereffective|p1a: Nidoking\n|-damage|p1a: Nidoking|4\/100\n|\n|upkeep\n|turn|18\n|\n|t:|1642487548\n|switch|p2a: Garchomp|Garchomp, F|100\/100\n|move|p1a: Nidoking|Flamethrower|p2a: Garchomp\n|-resisted|p2a: Garchomp\n|-damage|p2a: Garchomp|79\/100\n|\n|-heal|p2a: Garchomp|86\/100|[from] item: Leftovers\n|upkeep\n|turn|19\n|\n|t:|1642487556\n|move|p2a: Garchomp|Dragon Claw|p1a: Nidoking\n|-damage|p1a: Nidoking|0 fnt\n|faint|p1a: Nidoking\n|\n|-heal|p2a: Garchomp|92\/100|[from] item: Leftovers\n|upkeep\n|\n|t:|1642487559\n|switch|p1a: Dragapult|Dragapult, M|15\/100\n|-damage|p1a: Dragapult|3\/100|[from] Stealth Rock\n|turn|20\n|\n|t:|1642487566\n|switch|p2a: Slowking|Slowking-Galar, M|44\/100\n|move|p1a: Dragapult|Shadow Ball|p2a: Slowking\n|-supereffective|p2a: Slowking\n|-damage|p2a: Slowking|0 fnt\n|faint|p2a: Slowking\n|\n|upkeep\n|\n|t:|1642487573\n|switch|p2a: Garchomp|Garchomp, F|92\/100\n|turn|21\n|\n|t:|1642487577\n|move|p1a: Dragapult|Shadow Ball|p2a: Garchomp\n|-damage|p2a: Garchomp|33\/100\n|move|p2a: Garchomp|Dragon Claw|p1a: Dragapult\n|-supereffective|p1a: Dragapult\n|-damage|p1a: Dragapult|0 fnt\n|faint|p1a: Dragapult\n|\n|-heal|p2a: Garchomp|39\/100|[from] item: Leftovers\n|upkeep\n|\n|t:|1642487579\n|switch|p1a: Zapdos|Zapdos-Galar|100\/100\n|-damage|p1a: Zapdos|88\/100|[from] Stealth Rock\n|turn|22\n|c|\u2606Foolish Shogun|gg\n|\n|t:|1642487588\n|move|p1a: Zapdos|Brave Bird|p2a: Garchomp\n|-damage|p2a: Garchomp|0 fnt\n|-damage|p1a: Zapdos|76\/100|[from] ability: Rough Skin|[of] p2a: Garchomp\n|faint|p2a: Garchomp\n|-damage|p1a: Zapdos|61\/100|[from] Recoil\n|\n|upkeep\n|-message|you have homework forfeited.\n|\n|win|Foolish Shogun\n|raw|Foolish Shogun's rating: 1566 &rarr; <strong>1593<\/strong><br \/>(+27 for winning)\n|raw|you have homework's rating: 1691 &rarr; <strong>1664<\/strong><br \/>(-27 for losing)\n|l|\u2606you have homework\n","uploadtime":1642487609,"views":41,"p1id":"foolishshogun","p2id":"youhavehomework","formatid":"gen8ou","rating":1593,"private":0,"password":null}