{"id":"gen8battlestadiumsingles-1054408452","p1":"nd221","p2":"PokeDa","format":"gen8battlestadiumsingles","log":"|j|\u2606nd221\n|j|\u2606PokeDa\n|player|p1|nd221|lucian|1314\n|player|p2|PokeDa|wallace|1382\n|teamsize|p1|6\n|teamsize|p2|6\n|gametype|singles\n|gen|8\n|tier|[Gen 8] Battle Stadium Singles\n|rated|\n|clearpoke\n|poke|p1|Excadrill, L50, M|\n|poke|p1|Sirfetch'd, L50, F|\n|poke|p1|Grimmsnarl, L50, M|\n|poke|p1|Togekiss, L50, M|\n|poke|p1|Duraludon, L50, F|\n|poke|p1|Cinderace, L50, F|\n|poke|p2|Excadrill, L50, F|\n|poke|p2|Rotom-Heat, L50|\n|poke|p2|Mimikyu, L50, F|\n|poke|p2|Rhyperior, L50, F|\n|poke|p2|Whimsicott, L50, M|\n|poke|p2|Ditto, L50|\n|rule|Species Clause: Limit one of each Pok\u00e9mon\n|rule|Item Clause: Limit one of each item\n|teampreview|3\n|\n|start\n|switch|p1a: Grimmsnarl|Grimmsnarl, L50, M|48\/48\n|switch|p2a: Excadrill|Excadrill, L50, F|48\/48\n|-ability|p2a: Excadrill|Mold Breaker\n|turn|1\n|\n|move|p1a: Grimmsnarl|Reflect|p1a: Grimmsnarl\n|-sidestart|p1: nd221|Reflect\n|move|p2a: Excadrill|Iron Head|p1a: Grimmsnarl\n|-supereffective|p1a: Grimmsnarl\n|-damage|p1a: Grimmsnarl|32\/48\n|\n|upkeep\n|turn|2\n|\n|move|p2a: Excadrill|Iron Head|p1a: Grimmsnarl\n|-supereffective|p1a: Grimmsnarl\n|-damage|p1a: Grimmsnarl|15\/48\n|move|p1a: Grimmsnarl|Spirit Break|p2a: Excadrill\n|-resisted|p2a: Excadrill\n|-damage|p2a: Excadrill|37\/48\n|-unboost|p2a: Excadrill|spa|1\n|\n|upkeep\n|turn|3\n|\n|move|p1a: Grimmsnarl|Trick|p2a: Excadrill\n|-activate|p1a: Grimmsnarl|move: Trick|[of] p2a: Excadrill\n|-item|p2a: Excadrill|Lagging Tail|[from] move: Trick\n|-item|p1a: Grimmsnarl|Focus Sash|[from] move: Trick\n|move|p2a: Excadrill|Swords Dance|p2a: Excadrill\n|-boost|p2a: Excadrill|atk|2\n|\n|upkeep\n|turn|4\n|\n|move|p1a: Grimmsnarl|Spirit Break|p2a: Excadrill\n|-resisted|p2a: Excadrill\n|-damage|p2a: Excadrill|27\/48\n|-unboost|p2a: Excadrill|spa|1\n|move|p2a: Excadrill|Swords Dance|p2a: Excadrill\n|-boost|p2a: Excadrill|atk|2\n|\n|upkeep\n|turn|5\n|\n|move|p1a: Grimmsnarl|Spirit Break|p2a: Excadrill\n|-resisted|p2a: Excadrill\n|-damage|p2a: Excadrill|17\/48\n|-unboost|p2a: Excadrill|spa|1\n|move|p2a: Excadrill|Rock Slide|p1a: Grimmsnarl\n|-damage|p1a: Grimmsnarl|1\/48\n|\n|-sideend|p1: nd221|Reflect\n|upkeep\n|turn|6\n|\n|move|p1a: Grimmsnarl|Reflect|p1a: Grimmsnarl\n|-sidestart|p1: nd221|Reflect\n|move|p2a: Excadrill|Iron Head|p1a: Grimmsnarl\n|-supereffective|p1a: Grimmsnarl\n|-damage|p1a: Grimmsnarl|0 fnt\n|faint|p1a: Grimmsnarl\n|\n|upkeep\n|\n|switch|p1a: Sirfetch'd|Sirfetch'd, L50, F|48\/48\n|turn|7\n|\n|-start|p1a: Sirfetch'd|Dynamax\n|-heal|p1a: Sirfetch'd|48\/48|[silent]\n|move|p1a: Sirfetch'd|Max Knuckle|p2a: Excadrill\n|-supereffective|p2a: Excadrill\n|-damage|p2a: Excadrill|0 fnt\n|-boost|p1a: Sirfetch'd|atk|1\n|faint|p2a: Excadrill\n|\n|upkeep\n|\n|switch|p2a: Mimikyu|Mimikyu, L50, F|48\/48\n|turn|8\n|\n|move|p1a: Sirfetch'd|Max Airstream|p2a: Mimikyu\n|-activate|p2a: Mimikyu|ability: Disguise\n|-damage|p2a: Mimikyu|48\/48\n|-boost|p1a: Sirfetch'd|spe|1\n|detailschange|p2a: Mimikyu|Mimikyu-Busted, L50, F\n|-damage|p2a: Mimikyu|42\/48|[from] pokemon: mimikyubusted\n|move|p2a: Mimikyu|Trick Room|p2a: Mimikyu\n|-fieldstart|move: Trick Room|[of] p2a: Mimikyu\n|\n|upkeep\n|turn|9\n|\n|move|p2a: Mimikyu|Curse|p1a: Sirfetch'd\n|-start|p1a: Sirfetch'd|Curse|[of] p2a: Mimikyu\n|-damage|p2a: Mimikyu|18\/48\n|move|p1a: Sirfetch'd|Max Airstream|p2a: Mimikyu\n|-crit|p2a: Mimikyu\n|-damage|p2a: Mimikyu|0 fnt\n|-boost|p1a: Sirfetch'd|spe|1\n|faint|p2a: Mimikyu\n|\n|-damage|p1a: Sirfetch'd|42\/48|[from] Curse\n|-end|p1a: Sirfetch'd|Dynamax\n|-heal|p1a: Sirfetch'd|42\/48|[silent]\n|upkeep\n|\n|switch|p2a: Rhyperior|Rhyperior, L50, F|48\/48\n|turn|10\n|\n|-start|p2a: Rhyperior|Dynamax\n|-heal|p2a: Rhyperior|48\/48|[silent]\n|move|p2a: Rhyperior|Max Quake|p1a: Sirfetch'd\n|-damage|p1a: Sirfetch'd|17\/48\n|-boost|p2a: Rhyperior|spd|1\n|move|p1a: Sirfetch'd|Leaf Blade|p2a: Rhyperior\n|-supereffective|p2a: Rhyperior\n|-crit|p2a: Rhyperior\n|-damage|p2a: Rhyperior|12\/48\n|-enditem|p2a: Rhyperior|Weakness Policy\n|-boost|p2a: Rhyperior|atk|2\n|-boost|p2a: Rhyperior|spa|2\n|\n|-damage|p1a: Sirfetch'd|6\/48|[from] Curse\n|-sideend|p1: nd221|Reflect\n|upkeep\n|turn|11\n|c|\u2606nd221|gg\n|\n|move|p2a: Rhyperior|Max Rockfall|p1a: Sirfetch'd\n|-resisted|p1a: Sirfetch'd\n|-damage|p1a: Sirfetch'd|0 fnt\n|-weather|Sandstorm\n|faint|p1a: Sirfetch'd\n|\n|-weather|Sandstorm|[upkeep]\n|upkeep\n|\n|switch|p1a: Cinderace|Cinderace, L50, F|48\/48\n|turn|12\n|\n|move|p2a: Rhyperior|Max Quake|p1a: Cinderace\n|-supereffective|p1a: Cinderace\n|-enditem|p1a: Cinderace|Focus Sash\n|-damage|p1a: Cinderace|1\/48\n|-boost|p2a: Rhyperior|spd|1\n|move|p1a: Cinderace|Counter|p2a: Rhyperior\n|-damage|p2a: Rhyperior|0 fnt\n|faint|p2a: Rhyperior\n|\n|win|nd221\n|l|\u2606PokeDa\n|raw|nd221's rating: 1314 &rarr; <strong>1338<\/strong><br \/>(+24 for winning)\n|raw|PokeDa's rating: 1382 &rarr; <strong>1358<\/strong><br \/>(-24 for losing)\n","uploadtime":1580269669,"views":10,"p1id":"nd221","p2id":"pokeda","formatid":"gen8battlestadiumsingles","rating":1338,"private":0,"password":null}