{"id":"gen8ou-1422783269","p1":"Vodyne","p2":"WarioNear","format":"gen8ou","log":"|j|\u203dVodyne\n|j|\u2606WarioNear\n|t:|1632446130\n|gametype|singles\n|player|p1|Vodyne|101|1640\n|player|p2|WarioNear|101|1941\n|teamsize|p1|6\n|teamsize|p2|6\n|gen|8\n|tier|[Gen 8] OU\n|rated|\n|rule|Sleep Clause Mod: Limit one foe put to sleep\n|rule|Species Clause: Limit one of each Pok\u00e9mon\n|rule|OHKO Clause: OHKO moves are banned\n|rule|Evasion Moves Clause: Evasion moves are banned\n|rule|Endless Battle Clause: Forcing endless battles is banned\n|rule|HP Percentage Mod: HP is shown in percentages\n|rule|Dynamax Clause: You cannot dynamax\n|clearpoke\n|poke|p1|Snorlax, F|\n|poke|p1|Suicune|\n|poke|p1|Melmetal|\n|poke|p1|Victini|\n|poke|p1|Landorus-Therian, M|\n|poke|p1|Zapdos|\n|poke|p2|Pelipper, F|\n|poke|p2|Zapdos|\n|poke|p2|Ferrothorn, M|\n|poke|p2|Garchomp, M|\n|poke|p2|Kingdra, M|\n|poke|p2|Barraskewda, M|\n|teampreview\n|j| alansapinsly\n|c|\u2606WarioNear|hf\n|\n|t:|1632446152\n|start\n|switch|p1a: Melmetal|Melmetal|100\/100\n|switch|p2a: Grand Gosier|Pelipper, F|100\/100\n|-weather|RainDance|[from] ability: Drizzle|[of] p2a: Grand Gosier\n|turn|1\n|\n|t:|1632446155\n|switch|p2a: Durian|Ferrothorn, M|100\/100\n|move|p1a: Melmetal|Thunder Punch|p2a: Durian\n|-resisted|p2a: Durian\n|-damage|p2a: Durian|88\/100\n|-status|p2a: Durian|par\n|-damage|p1a: Melmetal|88\/100|[from] ability: Iron Barbs|[of] p2a: Durian\n|\n|-weather|RainDance|[upkeep]\n|-heal|p2a: Durian|94\/100 par|[from] item: Leftovers\n|upkeep\n|turn|2\n|\n|t:|1632446160\n|switch|p1a: Zapdos|Zapdos|100\/100\n|cant|p2a: Durian|par\n|\n|-weather|RainDance|[upkeep]\n|-heal|p2a: Durian|99\/100 par|[from] item: Leftovers\n|upkeep\n|turn|3\n|\n|t:|1632446165\n|move|p1a: Zapdos|Hurricane|p2a: Durian\n|-damage|p2a: Durian|62\/100 par\n|-start|p2a: Durian|confusion\n|-activate|p2a: Durian|confusion\n|-damage|p2a: Durian|55\/100 par|[from] confusion\n|\n|-weather|RainDance|[upkeep]\n|-heal|p2a: Durian|62\/100 par|[from] item: Leftovers\n|upkeep\n|turn|4\n|\n|t:|1632446171\n|switch|p2a: Majestou|Kingdra, M|100\/100\n|move|p1a: Zapdos|Hurricane|p2a: Majestou\n|-damage|p2a: Majestou|22\/100\n|-start|p2a: Majestou|confusion\n|\n|-weather|RainDance|[upkeep]\n|upkeep\n|turn|5\n|\n|t:|1632446178\n|switch|p1a: Snorlax|Snorlax, F|100\/100\n|-activate|p2a: Majestou|confusion\n|move|p2a: Majestou|Hydro Pump|p1a: Snorlax|[miss]\n|-miss|p2a: Majestou|p1a: Snorlax\n|\n|-weather|RainDance|[upkeep]\n|upkeep\n|turn|6\n|j| stacksats\n|c|\u2606WarioNear|what a start XD\n|\n|t:|1632446197\n|switch|p2a: Durian|Ferrothorn, M|62\/100 par\n|move|p1a: Snorlax|Body Slam|p2a: Durian\n|-resisted|p2a: Durian\n|-crit|p2a: Durian\n|-damage|p2a: Durian|46\/100 par\n|-damage|p1a: Snorlax|88\/100|[from] ability: Iron Barbs|[of] p2a: Durian\n|\n|-weather|RainDance|[upkeep]\n|-heal|p1a: Snorlax|94\/100|[from] item: Leftovers\n|-heal|p2a: Durian|52\/100 par|[from] item: Leftovers\n|upkeep\n|turn|7\n|\n|t:|1632446216\n|switch|p1a: Zapdos|Zapdos|100\/100\n|move|p2a: Durian|Leech Seed|p1a: Zapdos\n|-start|p1a: Zapdos|move: Leech Seed\n|\n|-weather|RainDance|[upkeep]\n|-heal|p2a: Durian|58\/100 par|[from] item: Leftovers\n|-damage|p1a: Zapdos|88\/100|[from] Leech Seed|[of] p2a: Durian\n|-heal|p2a: Durian|71\/100 par|[silent]\n|upkeep\n|turn|8\n|\n|t:|1632446224\n|move|p1a: Zapdos|Hurricane|p2a: Durian\n|-damage|p2a: Durian|31\/100 par\n|move|p2a: Durian|Stealth Rock|p1a: Zapdos\n|-sidestart|p1: Vodyne|move: Stealth Rock\n|\n|-weather|none\n|-heal|p2a: Durian|37\/100 par|[from] item: Leftovers\n|-damage|p1a: Zapdos|76\/100|[from] Leech Seed|[of] p2a: Durian\n|-heal|p2a: Durian|50\/100 par|[silent]\n|upkeep\n|turn|9\n|\n|t:|1632446230\n|move|p1a: Zapdos|Heat Wave|p2a: Durian\n|-supereffective|p2a: Durian\n|-damage|p2a: Durian|0 fnt\n|faint|p2a: Durian\n|\n|upkeep\n|\n|t:|1632446233\n|switch|p2a: Dassault Rafale|Garchomp, M|100\/100\n|turn|10\n|\n|t:|1632446235\n|switch|p1a: Suicune|Suicune|100\/100\n|-damage|p1a: Suicune|88\/100|[from] Stealth Rock\n|-ability|p1a: Suicune|Pressure\n|move|p2a: Dassault Rafale|Swords Dance|p2a: Dassault Rafale\n|-boost|p2a: Dassault Rafale|atk|2\n|\n|-heal|p1a: Suicune|94\/100|[from] item: Leftovers\n|upkeep\n|turn|11\n|\n|t:|1632446242\n|move|p2a: Dassault Rafale|Scale Shot|p1a: Suicune\n|-damage|p1a: Suicune|77\/100\n|-damage|p1a: Suicune|58\/100\n|-damage|p1a: Suicune|40\/100\n|-hitcount|p1a: Suicune|3\n|-unboost|p2a: Dassault Rafale|def|1\n|-boost|p2a: Dassault Rafale|spe|1\n|-damage|p2a: Dassault Rafale|91\/100|[from] item: Life Orb\n|move|p1a: Suicune|Ice Beam|p2a: Dassault Rafale\n|-supereffective|p2a: Dassault Rafale\n|-damage|p2a: Dassault Rafale|11\/100\n|\n|-heal|p1a: Suicune|46\/100|[from] item: Leftovers\n|upkeep\n|turn|12\n|j| die\u2665inside\n|\n|t:|1632446262\n|move|p2a: Dassault Rafale|Earthquake|p1a: Suicune\n|-damage|p1a: Suicune|0 fnt\n|faint|p1a: Suicune\n|-damage|p2a: Dassault Rafale|1\/100|[from] item: Life Orb\n|\n|upkeep\n|j| Hella Rare Pepe\n|j| wy129333\n|\n|t:|1632446302\n|switch|p1a: Landorus|Landorus-Therian, M|100\/100\n|-damage|p1a: Landorus|88\/100|[from] Stealth Rock\n|-ability|p1a: Landorus|Intimidate|boost\n|-unboost|p2a: Dassault Rafale|atk|1\n|turn|13\n|j| markhongyifan\n|\n|t:|1632446376\n|switch|p1a: Victini|Victini|100\/100\n|-damage|p1a: Victini|76\/100|[from] Stealth Rock\n|move|p2a: Dassault Rafale|Scale Shot|p1a: Victini\n|-damage|p1a: Victini|49\/100\n|-damage|p1a: Victini|22\/100\n|-hitcount|p1a: Victini|2\n|-unboost|p2a: Dassault Rafale|def|1\n|-boost|p2a: Dassault Rafale|spe|1\n|-damage|p2a: Dassault Rafale|0 fnt|[from] item: Life Orb\n|faint|p2a: Dassault Rafale\n|\n|upkeep\n|\n|t:|1632446385\n|switch|p2a: Barrakacude|Barraskewda, M|100\/100\n|turn|14\n|\n|t:|1632446389\n|move|p2a: Barrakacude|Aqua Jet|p1a: Victini\n|-supereffective|p1a: Victini\n|-damage|p1a: Victini|0 fnt\n|faint|p1a: Victini\n|\n|upkeep\n|\n|t:|1632446394\n|switch|p1a: Landorus|Landorus-Therian, M|88\/100\n|-damage|p1a: Landorus|76\/100|[from] Stealth Rock\n|-ability|p1a: Landorus|Intimidate|boost\n|-unboost|p2a: Barrakacude|atk|1\n|turn|15\n|\n|t:|1632446399\n|switch|p2a: Grand Gosier|Pelipper, F|100\/100\n|-weather|RainDance|[from] ability: Drizzle|[of] p2a: Grand Gosier\n|move|p1a: Landorus|Earthquake|p2a: Grand Gosier\n|-immune|p2a: Grand Gosier\n|\n|-weather|RainDance|[upkeep]\n|upkeep\n|turn|16\n|\n|t:|1632446402\n|switch|p1a: Zapdos|Zapdos|76\/100\n|move|p2a: Grand Gosier|U-turn|p1a: Zapdos\n|-resisted|p1a: Zapdos\n|-crit|p1a: Zapdos\n|-damage|p1a: Zapdos|69\/100\n|\n|t:|1632446404\n|switch|p2a: Majestou|Kingdra, M|22\/100|[from]move: U-turn\n|\n|-weather|RainDance|[upkeep]\n|upkeep\n|turn|17\n|\n|t:|1632446409\n|switch|p1a: Snorlax|Snorlax, F|94\/100\n|-damage|p1a: Snorlax|82\/100|[from] Stealth Rock\n|move|p2a: Majestou|Surf|p1a: Snorlax\n|-damage|p1a: Snorlax|38\/100\n|\n|-weather|RainDance|[upkeep]\n|-heal|p1a: Snorlax|44\/100|[from] item: Leftovers\n|upkeep\n|turn|18\n|\n|t:|1632446429\n|move|p2a: Majestou|Surf|p1a: Snorlax\n|-damage|p1a: Snorlax|2\/100\n|move|p1a: Snorlax|Body Slam|p2a: Majestou\n|-damage|p2a: Majestou|0 fnt\n|faint|p2a: Majestou\n|\n|-weather|RainDance|[upkeep]\n|-heal|p1a: Snorlax|9\/100|[from] item: Leftovers\n|upkeep\n|\n|t:|1632446437\n|switch|p2a: ElecPAF!|Zapdos, shiny|100\/100\n|turn|19\n|c|\u2606WarioNear|even the rolls betray me XD\n|\n|t:|1632446459\n|move|p2a: ElecPAF!|Weather Ball|p1a: Snorlax\n|-damage|p1a: Snorlax|0 fnt\n|faint|p1a: Snorlax\n|\n|-weather|RainDance|[upkeep]\n|upkeep\n|\n|t:|1632446469\n|switch|p1a: Melmetal|Melmetal|88\/100\n|-damage|p1a: Melmetal|82\/100|[from] Stealth Rock\n|turn|20\n|j| Lord Vecause\n|\n|t:|1632446473\n|move|p2a: ElecPAF!|Thunder|p1a: Melmetal\n|-damage|p1a: Melmetal|45\/100\n|move|p1a: Melmetal|Ice Punch|p2a: ElecPAF!\n|-supereffective|p2a: ElecPAF!\n|-damage|p2a: ElecPAF!|15\/100\n|\n|-weather|RainDance|[upkeep]\n|upkeep\n|turn|21\n|\n|t:|1632446483\n|move|p2a: ElecPAF!|Weather Ball|p1a: Melmetal\n|-damage|p1a: Melmetal|10\/100\n|move|p1a: Melmetal|Thunder Punch|p2a: ElecPAF!\n|-damage|p2a: ElecPAF!|0 fnt\n|faint|p2a: ElecPAF!\n|\n|-weather|RainDance|[upkeep]\n|upkeep\n|\n|t:|1632446489\n|switch|p2a: Barrakacude|Barraskewda, M|100\/100\n|turn|22\n|\n|t:|1632446492\n|move|p2a: Barrakacude|Liquidation|p1a: Melmetal\n|-damage|p1a: Melmetal|0 fnt\n|faint|p1a: Melmetal\n|\n|-weather|none\n|upkeep\n|\n|t:|1632446495\n|switch|p1a: Landorus|Landorus-Therian, M|76\/100\n|-damage|p1a: Landorus|64\/100|[from] Stealth Rock\n|-ability|p1a: Landorus|Intimidate|boost\n|-unboost|p2a: Barrakacude|atk|1\n|turn|23\n|\n|t:|1632446507\n|switch|p2a: Grand Gosier|Pelipper, F|100\/100\n|-weather|RainDance|[from] ability: Drizzle|[of] p2a: Grand Gosier\n|move|p1a: Landorus|U-turn|p2a: Grand Gosier\n|-resisted|p2a: Grand Gosier\n|-damage|p2a: Grand Gosier|91\/100\n|\n|t:|1632446509\n|switch|p1a: Zapdos|Zapdos|69\/100|[from]move: U-turn\n|\n|-weather|RainDance|[upkeep]\n|upkeep\n|turn|24\n|\n|t:|1632446513\n|move|p1a: Zapdos|Discharge|p2a: Grand Gosier\n|-supereffective|p2a: Grand Gosier\n|-damage|p2a: Grand Gosier|0 fnt\n|faint|p2a: Grand Gosier\n|\n|-weather|RainDance|[upkeep]\n|upkeep\n|\n|t:|1632446515\n|switch|p2a: Barrakacude|Barraskewda, M|100\/100\n|turn|25\n|\n|t:|1632446522\n|move|p2a: Barrakacude|Liquidation|p1a: Zapdos\n|-damage|p1a: Zapdos|0 fnt\n|-status|p2a: Barrakacude|par|[from] ability: Static|[of] p1a: Zapdos\n|faint|p1a: Zapdos\n|\n|-weather|RainDance|[upkeep]\n|upkeep\n|\n|t:|1632446525\n|switch|p1a: Landorus|Landorus-Therian, M|64\/100\n|-damage|p1a: Landorus|52\/100|[from] Stealth Rock\n|-ability|p1a: Landorus|Intimidate|boost\n|-unboost|p2a: Barrakacude|atk|1\n|turn|26\n|\n|t:|1632446531\n|move|p1a: Landorus|Earthquake|p2a: Barrakacude\n|-damage|p2a: Barrakacude|0 fnt\n|faint|p2a: Barrakacude\n|\n|win|Vodyne\n|raw|Vodyne's rating: 1640 &rarr; <strong>1674<\/strong><br \/>(+34 for winning)\n|raw|WarioNear's rating: 1941 &rarr; <strong>1907<\/strong><br \/>(-34 for losing)\n|c|\u2606WarioNear|yeah\n|l| wy129333\n|c| Hella Rare Pepe|betrayed\n|c|\u2606WarioNear|crazy\n|c|\u2606WarioNear|haxed from beggining till the end\n|c|\u2606WarioNear|-34 x)\n|c| Hella Rare Pepe|:(\n|l| Lord Vecause\n","uploadtime":1632446546,"views":65,"p1id":"vodyne","p2id":"warionear","formatid":"gen8ou","rating":1674,"private":0,"password":null}