{"id":"gen8ou-1028489629","p1":"Del chef","p2":"Just comin back","format":"gen8ou","log":"|j|\u2606Del chef\n|j|\u2606Just comin back\n|player|p1|Del chef|266|1467\n|player|p2|Just comin back|170|1394\n|teamsize|p1|6\n|teamsize|p2|6\n|gametype|singles\n|gen|8\n|tier|[Gen 8] OU\n|rated|\n|rule|Sleep Clause Mod: Limit one foe put to sleep\n|rule|Species Clause: Limit one of each Pok\u00e9mon\n|rule|OHKO Clause: OHKO moves are banned\n|rule|Evasion Moves Clause: Evasion moves are banned\n|rule|Endless Battle Clause: Forcing endless battles is banned\n|rule|HP Percentage Mod: HP is shown in percentages\n|clearpoke\n|poke|p1|Jolteon, M|\n|poke|p1|Darmanitan-Galar, M|\n|poke|p1|Silvally-*|\n|poke|p1|Seismitoad, M|\n|poke|p1|Milotic, F|\n|poke|p1|Corsola-Galar, F|\n|poke|p2|Rotom-Heat|\n|poke|p2|Kingler, M|\n|poke|p2|Ferrothorn, M|\n|poke|p2|Mandibuzz, F|\n|poke|p2|Hatterene, F|\n|poke|p2|Dragapult, M|\n|teampreview\n|inactive|Battle timer is ON: inactive players will automatically lose when time's up. (requested by Del chef)\n|\n|start\n|switch|p1a: Darmanitan|Darmanitan-Galar, M|100\/100\n|switch|p2a: Rotom|Rotom-Heat|100\/100\n|turn|1\n|inactive|Del chef has 120 seconds left.\n|\n|switch|p1a: Jolteon|Jolteon, M|100\/100\n|move|p2a: Rotom|Nasty Plot|p2a: Rotom\n|-boost|p2a: Rotom|spa|2\n|\n|upkeep\n|turn|2\n|inactive|Del chef has 120 seconds left.\n|\n|move|p1a: Jolteon|Yawn|p2a: Rotom\n|-start|p2a: Rotom|move: Yawn|[of] p1a: Jolteon\n|move|p2a: Rotom|Shadow Ball|p1a: Jolteon\n|-damage|p1a: Jolteon|51\/100\n|\n|upkeep\n|turn|3\n|inactive|Del chef has 120 seconds left.\n|\n|switch|p2a: Hatterene|Hatterene, F|100\/100\n|move|p1a: Jolteon|Volt Switch|p2a: Hatterene\n|-damage|p2a: Hatterene|65\/100\n|\n|switch|p1a: Darmanitan|Darmanitan-Galar, M|100\/100|[from]move: Volt Switch\n|\n|upkeep\n|turn|4\n|\n|switch|p2a: Rotom|Rotom-Heat|100\/100\n|move|p1a: Darmanitan|U-turn|p2a: Rotom\n|-resisted|p2a: Rotom\n|-damage|p2a: Rotom|72\/100\n|\n|switch|p1a: Seismitoad|Seismitoad, M|100\/100|[from]move: U-turn\n|\n|upkeep\n|turn|5\n|\n|switch|p2a: Hatterene|Hatterene, F|65\/100\n|move|p1a: Seismitoad|Toxic|p2a: Hatterene\n|move|p2a: Hatterene|Toxic|p1a: Seismitoad|[from]Magic Bounce\n|-status|p1a: Seismitoad|tox\n|\n|-damage|p1a: Seismitoad|94\/100 tox|[from] psn\n|upkeep\n|turn|6\n|\n|switch|p1a: Darmanitan|Darmanitan-Galar, M|100\/100\n|move|p2a: Hatterene|Trick Room|p2a: Hatterene\n|-fieldstart|move: Trick Room|[of] p2a: Hatterene\n|\n|upkeep\n|turn|7\n|\n|-start|p2a: Hatterene|Dynamax\n|-heal|p2a: Hatterene|65\/100|[silent]\n|-start|p1a: Darmanitan|Dynamax\n|-heal|p1a: Darmanitan|100\/100|[silent]\n|move|p2a: Hatterene|Max Flare|p1a: Darmanitan\n|-supereffective|p1a: Darmanitan\n|-damage|p1a: Darmanitan|8\/100\n|-weather|SunnyDay\n|move|p1a: Darmanitan|Max Hailstorm|p2a: Hatterene\n|-damage|p2a: Hatterene|27\/100\n|-weather|Hail\n|\n|-weather|Hail|[upkeep]\n|-damage|p2a: Hatterene|24\/100|[from] Hail\n|upkeep\n|turn|8\n|\n|-end|p1a: Darmanitan|Dynamax\n|-heal|p1a: Darmanitan|8\/100|[silent]\n|switch|p1a: Corsola|Corsola-Galar, F|100\/100\n|move|p2a: Hatterene|Max Mindstorm|p1a: Corsola\n|-damage|p1a: Corsola|50\/100\n|-fieldstart|move: Psychic Terrain\n|\n|-weather|Hail|[upkeep]\n|-damage|p2a: Hatterene|21\/100|[from] Hail\n|-damage|p1a: Corsola|44\/100|[from] Hail\n|upkeep\n|turn|9\n|\n|move|p2a: Hatterene|Max Mindstorm|p1a: Corsola\n|-damage|p1a: Corsola|0 fnt\n|faint|p1a: Corsola\n|\n|-weather|Hail|[upkeep]\n|-damage|p2a: Hatterene|18\/100|[from] Hail\n|-end|p2a: Hatterene|Dynamax\n|-heal|p2a: Hatterene|18\/100|[silent]\n|upkeep\n|\n|switch|p1a: Milotic|Milotic, F|100\/100\n|turn|10\n|\n|move|p2a: Hatterene|Dazzling Gleam|p1a: Milotic\n|-damage|p1a: Milotic|65\/100\n|move|p1a: Milotic|Recover|p1a: Milotic\n|-heal|p1a: Milotic|100\/100\n|\n|-weather|Hail|[upkeep]\n|-damage|p2a: Hatterene|12\/100|[from] Hail\n|-damage|p1a: Milotic|94\/100|[from] Hail\n|-heal|p1a: Milotic|100\/100|[from] item: Leftovers\n|-fieldend|move: Trick Room\n|upkeep\n|turn|11\n|\n|move|p1a: Milotic|Scald|p2a: Hatterene\n|-damage|p2a: Hatterene|0 fnt\n|faint|p2a: Hatterene\n|\n|-weather|none\n|upkeep\n|\n|switch|p2a: Rotom|Rotom-Heat|72\/100\n|turn|12\n|\n|switch|p1a: Jolteon|Jolteon, M|51\/100\n|move|p2a: Rotom|Nasty Plot|p2a: Rotom\n|-boost|p2a: Rotom|spa|2\n|\n|-fieldend|move: Psychic Terrain\n|upkeep\n|turn|13\n|\n|move|p1a: Jolteon|Yawn|p2a: Rotom\n|-start|p2a: Rotom|move: Yawn|[of] p1a: Jolteon\n|move|p2a: Rotom|Shadow Ball|p1a: Jolteon\n|-damage|p1a: Jolteon|0 fnt\n|faint|p1a: Jolteon\n|\n|upkeep\n|\n|switch|p1a: Seismitoad|Seismitoad, M|94\/100 tox\n|turn|14\n|\n|switch|p2a: Ferrothorn|Ferrothorn, M|100\/100\n|move|p1a: Seismitoad|Stealth Rock|p2a: Ferrothorn\n|-sidestart|p2: Just comin back|move: Stealth Rock\n|\n|-heal|p1a: Seismitoad|100\/100 tox|[from] item: Leftovers\n|-damage|p1a: Seismitoad|94\/100 tox|[from] psn\n|upkeep\n|turn|15\n|\n|switch|p1a: Darmanitan|Darmanitan-Galar, M|8\/100\n|move|p2a: Ferrothorn|Stealth Rock|p1a: Darmanitan\n|-sidestart|p1: Del chef|move: Stealth Rock\n|\n|upkeep\n|turn|16\n|\n|switch|p2a: Kingler|Kingler, M|100\/100\n|-damage|p2a: Kingler|88\/100|[from] Stealth Rock\n|move|p1a: Darmanitan|Icicle Crash|p2a: Kingler\n|-resisted|p2a: Kingler\n|-damage|p2a: Kingler|28\/100\n|\n|upkeep\n|turn|17\n|\n|move|p1a: Darmanitan|Icicle Crash|p2a: Kingler\n|-resisted|p2a: Kingler\n|-damage|p2a: Kingler|0 fnt\n|faint|p2a: Kingler\n|\n|upkeep\n|\n|switch|p2a: Dragapult|Dragapult, M|100\/100\n|-damage|p2a: Dragapult|88\/100|[from] Stealth Rock\n|turn|18\n|\n|move|p2a: Dragapult|Sucker Punch|p1a: Darmanitan\n|-damage|p1a: Darmanitan|0 fnt\n|faint|p1a: Darmanitan\n|\n|upkeep\n|\n|switch|p1a: Silvally|Silvally-Flying|100\/100\n|-damage|p1a: Silvally|76\/100|[from] Stealth Rock\n|turn|19\n|\n|switch|p2a: Rotom|Rotom-Heat|72\/100\n|move|p1a: Silvally|Thunder Wave|p2a: Rotom\n|-immune|p2a: Rotom\n|\n|upkeep\n|turn|20\n|\n|move|p2a: Rotom|Nasty Plot|p2a: Rotom\n|-boost|p2a: Rotom|spa|2\n|move|p1a: Silvally|Parting Shot|p2a: Rotom\n|-unboost|p2a: Rotom|atk|1\n|-unboost|p2a: Rotom|spa|1\n|\n|switch|p1a: Seismitoad|Seismitoad, M|94\/100 tox|[from]move: Parting Shot\n|-damage|p1a: Seismitoad|88\/100 tox|[from] Stealth Rock\n|\n|-heal|p1a: Seismitoad|94\/100 tox|[from] item: Leftovers\n|-damage|p1a: Seismitoad|88\/100 tox|[from] psn\n|upkeep\n|turn|21\n|\n|switch|p2a: Mandibuzz|Mandibuzz, F|100\/100\n|-damage|p2a: Mandibuzz|76\/100|[from] Stealth Rock\n|switch|p1a: Silvally|Silvally-Flying|76\/100\n|-damage|p1a: Silvally|51\/100|[from] Stealth Rock\n|\n|upkeep\n|turn|22\n|\n|switch|p2a: Rotom|Rotom-Heat|72\/100\n|move|p1a: Silvally|Parting Shot|p2a: Rotom\n|-unboost|p2a: Rotom|atk|1\n|-unboost|p2a: Rotom|spa|1\n|\n|switch|p1a: Milotic|Milotic, F|100\/100|[from]move: Parting Shot\n|-damage|p1a: Milotic|88\/100|[from] Stealth Rock\n|\n|-heal|p1a: Milotic|94\/100|[from] item: Leftovers\n|upkeep\n|turn|23\n|\n|move|p2a: Rotom|Volt Switch|p1a: Milotic\n|-supereffective|p1a: Milotic\n|-damage|p1a: Milotic|69\/100\n|\n|switch|p2a: Mandibuzz|Mandibuzz, F|76\/100|[from]move: Volt Switch\n|-damage|p2a: Mandibuzz|51\/100|[from] Stealth Rock\n|move|p1a: Milotic|Hypnosis|p2a: Mandibuzz\n|-status|p2a: Mandibuzz|slp|[from] move: Hypnosis\n|\n|-heal|p1a: Milotic|75\/100|[from] item: Leftovers\n|upkeep\n|turn|24\n|\n|move|p1a: Milotic|Scald|p2a: Mandibuzz\n|-damage|p2a: Mandibuzz|26\/100 slp\n|cant|p2a: Mandibuzz|slp\n|\n|-heal|p1a: Milotic|81\/100|[from] item: Leftovers\n|upkeep\n|turn|25\n|\n|move|p1a: Milotic|Scald|p2a: Mandibuzz\n|-damage|p2a: Mandibuzz|4\/100 slp\n|cant|p2a: Mandibuzz|slp\n|\n|-heal|p1a: Milotic|88\/100|[from] item: Leftovers\n|upkeep\n|turn|26\n|\n|move|p1a: Milotic|Scald|p2a: Mandibuzz\n|-damage|p2a: Mandibuzz|0 fnt\n|faint|p2a: Mandibuzz\n|\n|-heal|p1a: Milotic|94\/100|[from] item: Leftovers\n|upkeep\n|\n|switch|p2a: Ferrothorn|Ferrothorn, M|100\/100\n|-damage|p2a: Ferrothorn|94\/100|[from] Stealth Rock\n|turn|27\n|\n|move|p1a: Milotic|Hypnosis|p2a: Ferrothorn\n|-status|p2a: Ferrothorn|slp|[from] move: Hypnosis\n|cant|p2a: Ferrothorn|slp\n|\n|-heal|p1a: Milotic|99\/100|[from] item: Leftovers\n|-heal|p2a: Ferrothorn|100\/100 slp|[from] item: Leftovers\n|upkeep\n|turn|28\n|\n|switch|p1a: Silvally|Silvally-Flying|51\/100\n|-damage|p1a: Silvally|26\/100|[from] Stealth Rock\n|-curestatus|p2a: Ferrothorn|slp|[msg]\n|move|p2a: Ferrothorn|Power Whip|p1a: Silvally|[miss]\n|-miss|p2a: Ferrothorn|p1a: Silvally\n|\n|upkeep\n|turn|29\n|\n|move|p1a: Silvally|Flamethrower|p2a: Ferrothorn\n|-supereffective|p2a: Ferrothorn\n|-damage|p2a: Ferrothorn|32\/100\n|move|p2a: Ferrothorn|Gyro Ball|p1a: Silvally\n|-damage|p1a: Silvally|0 fnt\n|faint|p1a: Silvally\n|\n|-heal|p2a: Ferrothorn|39\/100|[from] item: Leftovers\n|upkeep\n|\n|switch|p1a: Milotic|Milotic, F|99\/100\n|-damage|p1a: Milotic|87\/100|[from] Stealth Rock\n|turn|30\n|\n|move|p1a: Milotic|Hypnosis|p2a: Ferrothorn\n|-status|p2a: Ferrothorn|slp|[from] move: Hypnosis\n|cant|p2a: Ferrothorn|slp\n|\n|-heal|p1a: Milotic|93\/100|[from] item: Leftovers\n|-heal|p2a: Ferrothorn|45\/100 slp|[from] item: Leftovers\n|upkeep\n|turn|31\n|\n|move|p1a: Milotic|Scald|p2a: Ferrothorn\n|-resisted|p2a: Ferrothorn\n|-damage|p2a: Ferrothorn|34\/100 slp\n|-curestatus|p2a: Ferrothorn|slp|[msg]\n|move|p2a: Ferrothorn|Leech Seed|p1a: Milotic\n|-start|p1a: Milotic|move: Leech Seed\n|\n|-heal|p1a: Milotic|99\/100|[from] item: Leftovers\n|-heal|p2a: Ferrothorn|41\/100|[from] item: Leftovers\n|-damage|p1a: Milotic|87\/100|[from] Leech Seed|[of] p2a: Ferrothorn\n|-heal|p2a: Ferrothorn|54\/100|[silent]\n|upkeep\n|turn|32\n|-message|Del chef forfeited.\n|\n|win|Just comin back\n|l|\u2606Del chef\n||Ladder (probably) updated, but score could not be retrieved (Response not received).\n","uploadtime":1576165163,"views":7,"p1id":"delchef","p2id":"justcominback","formatid":"gen8ou","rating":0,"private":0,"password":null}