{"id":"gen8ou-1591227062","p1":"Cubielubie","p2":"cucumber22","format":"gen8ou","log":"|j|\u2606Cubielubie\n|j|\u2606cucumber22\n|t:|1654620005\n|gametype|singles\n|player|p1|Cubielubie|266|1601\n|player|p2|cucumber22|dancer|1604\n|teamsize|p1|6\n|teamsize|p2|6\n|gen|8\n|tier|[Gen 8] OU\n|rated|\n|rule|Sleep Clause Mod: Limit one foe put to sleep\n|rule|Species Clause: Limit one of each Pok\u00e9mon\n|rule|OHKO Clause: OHKO moves are banned\n|rule|Evasion Moves Clause: Evasion moves are banned\n|rule|Endless Battle Clause: Forcing endless battles is banned\n|rule|HP Percentage Mod: HP is shown in percentages\n|rule|Dynamax Clause: You cannot dynamax\n|clearpoke\n|poke|p1|Pelipper, M|\n|poke|p1|Barraskewda, M|\n|poke|p1|Porygon-Z|\n|poke|p1|Ferrothorn, M|\n|poke|p1|Tapu Lele|\n|poke|p1|Seismitoad, M|\n|poke|p2|Pelipper, M|\n|poke|p2|Ferrothorn, F|\n|poke|p2|Urshifu-*, M|\n|poke|p2|Kingdra, F|\n|poke|p2|Garchomp, M|\n|poke|p2|Zapdos|\n|teampreview\n|\n|t:|1654620013\n|start\n|switch|p1a: Ferrothorn|Ferrothorn, M|100\/100\n|switch|p2a: Ferrothorn|Ferrothorn, F|100\/100\n|turn|1\n|\n|t:|1654620015\n|move|p1a: Ferrothorn|Body Press|p2a: Ferrothorn\n|-supereffective|p2a: Ferrothorn\n|-damage|p2a: Ferrothorn|50\/100\n|-damage|p1a: Ferrothorn|88\/100|[from] ability: Iron Barbs|[of] p2a: Ferrothorn\n|move|p2a: Ferrothorn|Knock Off|p1a: Ferrothorn\n|-damage|p1a: Ferrothorn|76\/100\n|-damage|p2a: Ferrothorn|38\/100|[from] ability: Iron Barbs|[of] p1a: Ferrothorn\n|-damage|p2a: Ferrothorn|22\/100|[from] item: Rocky Helmet|[of] p1a: Ferrothorn\n|-enditem|p1a: Ferrothorn|Rocky Helmet|[from] move: Knock Off|[of] p2a: Ferrothorn\n|\n|-heal|p2a: Ferrothorn|28\/100|[from] item: Leftovers\n|upkeep\n|turn|2\n|\n|t:|1654620025\n|move|p1a: Ferrothorn|Stealth Rock|p2a: Ferrothorn\n|-sidestart|p2: cucumber22|move: Stealth Rock\n|move|p2a: Ferrothorn|Spikes|p1a: Ferrothorn\n|-sidestart|p1: Cubielubie|Spikes\n|\n|-heal|p2a: Ferrothorn|34\/100|[from] item: Leftovers\n|upkeep\n|turn|3\n|\n|t:|1654620039\n|switch|p2a: Zapdos|Zapdos, shiny|100\/100\n|move|p1a: Ferrothorn|Body Press|p2a: Zapdos\n|-resisted|p2a: Zapdos\n|-damage|p2a: Zapdos|81\/100\n|\n|upkeep\n|turn|4\n|\n|t:|1654620056\n|move|p2a: Zapdos|Hurricane|p1a: Ferrothorn\n|-damage|p1a: Ferrothorn|25\/100\n|move|p1a: Ferrothorn|Knock Off|p2a: Zapdos\n|-damage|p2a: Zapdos|55\/100\n|-enditem|p2a: Zapdos|Heavy-Duty Boots|[from] move: Knock Off|[of] p1a: Ferrothorn\n|\n|upkeep\n|turn|5\n|\n|t:|1654620062\n|move|p2a: Zapdos|Hurricane|p1a: Ferrothorn\n|-damage|p1a: Ferrothorn|0 fnt\n|faint|p1a: Ferrothorn\n|\n|upkeep\n|\n|t:|1654620065\n|switch|p1a: Barraskewda|Barraskewda, M|100\/100\n|-damage|p1a: Barraskewda|88\/100|[from] Spikes\n|turn|6\n|\n|t:|1654620080\n|switch|p2a: Urshifu|Urshifu-Rapid-Strike, M|100\/100\n|-damage|p2a: Urshifu|94\/100|[from] Stealth Rock\n|move|p1a: Barraskewda|Liquidation|p2a: Urshifu\n|-resisted|p2a: Urshifu\n|-damage|p2a: Urshifu|60\/100\n|-unboost|p2a: Urshifu|def|1\n|\n|upkeep\n|turn|7\n|\n|t:|1654620086\n|switch|p1a: Pelipper|Pelipper, M|100\/100\n|-weather|RainDance|[from] ability: Drizzle|[of] p1a: Pelipper\n|move|p2a: Urshifu|U-turn|p1a: Pelipper\n|-resisted|p1a: Pelipper\n|-damage|p1a: Pelipper|86\/100\n|\n|t:|1654620090\n|switch|p2a: Zapdos|Zapdos, shiny|55\/100|[from]move: U-turn\n|-damage|p2a: Zapdos|30\/100|[from] Stealth Rock\n|\n|-weather|RainDance|[upkeep]\n|upkeep\n|turn|8\n|\n|t:|1654620126\n|switch|p1a: Porygon-Z|Porygon-Z|100\/100\n|-damage|p1a: Porygon-Z|88\/100|[from] Spikes\n|-ability|p1a: Porygon-Z|Download|boost\n|-boost|p1a: Porygon-Z|atk|1\n|move|p2a: Zapdos|Hurricane|p1a: Porygon-Z\n|-damage|p1a: Porygon-Z|18\/100\n|\n|-weather|RainDance|[upkeep]\n|upkeep\n|turn|9\n|\n|t:|1654620132\n|move|p2a: Zapdos|Hurricane|p1a: Porygon-Z\n|-damage|p1a: Porygon-Z|0 fnt\n|faint|p1a: Porygon-Z\n|\n|-weather|RainDance|[upkeep]\n|upkeep\n|\n|t:|1654620179\n|switch|p1a: Tapu Lele|Tapu Lele|100\/100\n|-damage|p1a: Tapu Lele|88\/100|[from] Spikes\n|-fieldstart|move: Psychic Terrain|[from] ability: Psychic Surge|[of] p1a: Tapu Lele\n|turn|10\n|\n|t:|1654620198\n|move|p1a: Tapu Lele|Moonblast|p2a: Zapdos\n|-damage|p2a: Zapdos|0 fnt\n|faint|p2a: Zapdos\n|\n|-weather|RainDance|[upkeep]\n|upkeep\n|\n|t:|1654620200\n|switch|p2a: Kingdra|Kingdra, F|100\/100\n|-damage|p2a: Kingdra|88\/100|[from] Stealth Rock\n|turn|11\n|\n|t:|1654620220\n|switch|p1a: Pelipper|Pelipper, M|86\/100\n|move|p2a: Kingdra|Surf|p1a: Pelipper\n|-resisted|p1a: Pelipper\n|-damage|p1a: Pelipper|42\/100\n|\n|-weather|RainDance|[upkeep]\n|upkeep\n|turn|12\n|\n|t:|1654620229\n|move|p2a: Kingdra|Surf|p1a: Pelipper\n|-resisted|p1a: Pelipper\n|-damage|p1a: Pelipper|0 fnt\n|faint|p1a: Pelipper\n|\n|-weather|RainDance|[upkeep]\n|upkeep\n|\n|t:|1654620232\n|switch|p1a: Barraskewda|Barraskewda, M|88\/100\n|-damage|p1a: Barraskewda|76\/100|[from] Spikes\n|turn|13\n|\n|t:|1654620243\n|switch|p2a: Ferrothorn|Ferrothorn, F|34\/100\n|-damage|p2a: Ferrothorn|28\/100|[from] Stealth Rock\n|move|p1a: Barraskewda|Flip Turn|p2a: Ferrothorn\n|-resisted|p2a: Ferrothorn\n|-damage|p2a: Ferrothorn|0 fnt\n|-damage|p1a: Barraskewda|64\/100|[from] ability: Iron Barbs|[of] p2a: Ferrothorn\n|faint|p2a: Ferrothorn\n|\n|t:|1654620251\n|switch|p1a: Seismitoad|Seismitoad, M|100\/100|[from]move: Flip Turn\n|-damage|p1a: Seismitoad|88\/100|[from] Spikes\n|\n|-weather|RainDance|[upkeep]\n|upkeep\n|\n|t:|1654620257\n|switch|p2a: Pelipper|Pelipper, M|100\/100\n|-damage|p2a: Pelipper|76\/100|[from] Stealth Rock\n|turn|14\n|\n|t:|1654620262\n|move|p1a: Seismitoad|Weather Ball|p2a: Pelipper\n|-resisted|p2a: Pelipper\n|-damage|p2a: Pelipper|14\/100\n|move|p2a: Pelipper|Roost|p2a: Pelipper\n|-heal|p2a: Pelipper|64\/100\n|-singleturn|p2a: Pelipper|move: Roost\n|\n|-weather|none\n|-fieldend|move: Psychic Terrain\n|upkeep\n|turn|15\n|\n|t:|1654620269\n|switch|p1a: Tapu Lele|Tapu Lele|88\/100\n|-damage|p1a: Tapu Lele|76\/100|[from] Spikes\n|-fieldstart|move: Psychic Terrain|[from] ability: Psychic Surge|[of] p1a: Tapu Lele\n|move|p2a: Pelipper|U-turn|p1a: Tapu Lele\n|-damage|p1a: Tapu Lele|63\/100\n|\n|t:|1654620284\n|switch|p2a: Urshifu|Urshifu-Rapid-Strike, M|60\/100|[from]move: U-turn\n|-damage|p2a: Urshifu|54\/100|[from] Stealth Rock\n|\n|upkeep\n|turn|16\n|\n|t:|1654620293\n|switch|p2a: Pelipper|Pelipper, M|64\/100\n|-damage|p2a: Pelipper|39\/100|[from] Stealth Rock\n|-weather|RainDance|[from] ability: Drizzle|[of] p2a: Pelipper\n|move|p1a: Tapu Lele|Moonblast|p2a: Pelipper\n|-damage|p2a: Pelipper|0 fnt\n|faint|p2a: Pelipper\n|\n|-weather|RainDance|[upkeep]\n|upkeep\n|\n|t:|1654620295\n|switch|p2a: Kingdra|Kingdra, F|88\/100\n|-damage|p2a: Kingdra|76\/100|[from] Stealth Rock\n|turn|17\n|\n|t:|1654620306\n|switch|p1a: Seismitoad|Seismitoad, M|88\/100\n|-damage|p1a: Seismitoad|76\/100|[from] Spikes\n|move|p2a: Kingdra|Surf|p1a: Seismitoad\n|-damage|p1a: Seismitoad|0 fnt\n|faint|p1a: Seismitoad\n|\n|-weather|RainDance|[upkeep]\n|upkeep\n|\n|t:|1654620308\n|switch|p1a: Barraskewda|Barraskewda, M|64\/100\n|-damage|p1a: Barraskewda|52\/100|[from] Spikes\n|turn|18\n|\n|t:|1654620317\n|switch|p2a: Garchomp|Garchomp, M, shiny|100\/100\n|-damage|p2a: Garchomp|94\/100|[from] Stealth Rock\n|move|p1a: Barraskewda|Close Combat|p2a: Garchomp\n|-damage|p2a: Garchomp|35\/100\n|-unboost|p1a: Barraskewda|def|1\n|-unboost|p1a: Barraskewda|spd|1\n|-damage|p1a: Barraskewda|40\/100|[from] ability: Rough Skin|[of] p2a: Garchomp\n|\n|-weather|RainDance|[upkeep]\n|-heal|p2a: Garchomp|41\/100|[from] item: Leftovers\n|upkeep\n|turn|19\n|\n|t:|1654620323\n|move|p1a: Barraskewda|Close Combat|p2a: Garchomp\n|-damage|p2a: Garchomp|0 fnt\n|-unboost|p1a: Barraskewda|def|1\n|-unboost|p1a: Barraskewda|spd|1\n|-damage|p1a: Barraskewda|27\/100|[from] ability: Rough Skin|[of] p2a: Garchomp\n|faint|p2a: Garchomp\n|\n|-weather|RainDance|[upkeep]\n|-fieldend|move: Psychic Terrain\n|upkeep\n|-message|cucumber22 forfeited.\n|\n|win|Cubielubie\n|raw|Cubielubie's rating: 1601 &rarr; <strong>1621<\/strong><br \/>(+20 for winning)\n|raw|cucumber22's rating: 1604 &rarr; <strong>1584<\/strong><br \/>(-20 for losing)\n|l|\u2606cucumber22\n||Ladder isn't responding, score probably updated but might not have (Request timeout).\n|player|p1|Cubielubie|266\n","uploadtime":1654620362,"views":19,"p1id":"cubielubie","p2id":"cucumber22","formatid":"gen8ou","rating":1584,"private":0,"password":null}