{"id":"gen8nationaldexag-1569016408","p1":"B0ldandbrash","p2":"Rediyu","format":"gen8nationaldexag","log":"|j|\u2606B0ldandbrash\n|j|\u2606Rediyu\n|t:|1651849040\n|gametype|singles\n|player|p1|B0ldandbrash|sailor|\n|player|p2|Rediyu|guitarist|\n|teamsize|p1|6\n|teamsize|p2|6\n|gen|8\n|tier|[Gen 8] National Dex AG\n|rule|HP Percentage Mod: HP is shown in percentages\n|rule|Endless Battle Clause: Forcing endless battles is banned\n|clearpoke\n|poke|p1|Tyrunt, L5, F|\n|poke|p1|Grookey, L5, M|\n|poke|p1|Minccino, L5, M|\n|poke|p1|Dewpider, L5, M|\n|poke|p1|Voltorb, L5|\n|poke|p1|Sandshrew, L5, F|\n|poke|p2|Solosis, L5, F|\n|poke|p2|Drifloon, L5, M|\n|poke|p2|Chinchou, L5, F|\n|poke|p2|Wooloo, L5, F|\n|poke|p2|Aron, L5, M|\n|poke|p2|Sandshrew-Alola, L5, M|\n|teampreview\n|c|\u2606Rediyu|gl hf euch\n|c|\u2606B0ldandbrash|u2\n|\n|t:|1651849150\n|start\n|switch|p1a: Leon|Tyrunt, L5, F, shiny|100\/100\n|switch|p2a: Creepypasta#2|Chinchou, L5, F|100\/100\n|turn|1\n|\n|t:|1651849201\n|move|p2a: Creepypasta#2|Ice Beam|p1a: Leon\n|-supereffective|p1a: Leon\n|-damage|p1a: Leon|15\/100\n|-enditem|p1a: Leon|Berry Juice\n|-heal|p1a: Leon|100\/100|[from] item: Berry Juice\n|move|p1a: Leon|Dragon Claw|p2a: Creepypasta#2\n|-damage|p2a: Creepypasta#2|34\/100\n|\n|upkeep\n|turn|2\n|\n|t:|1651849218\n|switch|p1a: Schumi|Dewpider, L5, M, shiny|100\/100\n|move|p2a: Creepypasta#2|Ice Beam|p1a: Schumi\n|-resisted|p1a: Schumi\n|-damage|p1a: Schumi|92\/100\n|-status|p1a: Schumi|frz\n|\n|upkeep\n|turn|3\n|\n|t:|1651849230\n|switch|p2a: Uber Killer|Aron, L5, M|100\/100\n|-curestatus|p1a: Schumi|frz|[from] move: Scald\n|move|p1a: Schumi|Scald|p2a: Uber Killer\n|-supereffective|p2a: Uber Killer\n|-ability|p2a: Uber Killer|Sturdy\n|-damage|p2a: Uber Killer|5\/100\n|-status|p2a: Uber Killer|brn\n|-enditem|p2a: Uber Killer|Berry Juice\n|-heal|p2a: Uber Killer|100\/100 brn|[from] item: Berry Juice\n|\n|-damage|p2a: Uber Killer|96\/100 brn|[from] brn\n|upkeep\n|turn|4\n|\n|t:|1651849269\n|switch|p1a: Nisi|Sandshrew, L5, F, shiny|100\/100\n|move|p2a: Uber Killer|Stealth Rock|p1a: Nisi\n|-sidestart|p1: B0ldandbrash|move: Stealth Rock\n|\n|-damage|p2a: Uber Killer|91\/100 brn|[from] brn\n|upkeep\n|turn|5\n|\n|t:|1651849292\n|switch|p2a: better sandshrew|Sandshrew-Alola, L5, M|100\/100\n|move|p1a: Nisi|Knock Off|p2a: better sandshrew\n|-damage|p2a: better sandshrew|62\/100\n|-enditem|p2a: better sandshrew|Life Orb|[from] move: Knock Off|[of] p1a: Nisi\n|\n|upkeep\n|turn|6\n|\n|t:|1651849373\n|move|p1a: Nisi|Rapid Spin|p2a: better sandshrew\n|-resisted|p2a: better sandshrew\n|-damage|p2a: better sandshrew|53\/100\n|-boost|p1a: Nisi|spe|1\n|-sideend|p1: B0ldandbrash|Stealth Rock|[from] move: Rapid Spin|[of] p1a: Nisi\n|move|p2a: better sandshrew|Triple Axel|p1a: Nisi\n|-supereffective|p1a: Nisi\n|-damage|p1a: Nisi|74\/100\n|-supereffective|p1a: Nisi\n|-damage|p1a: Nisi|22\/100\n|-supereffective|p1a: Nisi\n|-damage|p1a: Nisi|0 fnt\n|faint|p1a: Nisi\n|-hitcount|p1: Nisi|3\n|\n|upkeep\n|\n|t:|1651849393\n|switch|p1a: Schumi|Dewpider, L5, M, shiny|92\/100\n|turn|7\n|\n|t:|1651849398\n|move|p2a: better sandshrew|Knock Off|p1a: Schumi\n|-damage|p1a: Schumi|57\/100\n|-enditem|p1a: Schumi|Eviolite|[from] move: Knock Off|[of] p2a: better sandshrew\n|move|p1a: Schumi|Sticky Web|p2a: better sandshrew\n|-sidestart|p2: Rediyu|move: Sticky Web\n|\n|upkeep\n|turn|8\n|\n|t:|1651849414\n|move|p2a: better sandshrew|Rapid Spin|p1a: Schumi\n|-damage|p1a: Schumi|27\/100\n|-boost|p2a: better sandshrew|spe|1\n|-sideend|p2: Rediyu|Sticky Web|[from] move: Rapid Spin|[of] p2a: better sandshrew\n|move|p1a: Schumi|Scald|p2a: better sandshrew\n|-damage|p2a: better sandshrew|0 fnt\n|faint|p2a: better sandshrew\n|\n|upkeep\n|\n|t:|1651849429\n|switch|p2a: Creepypasta#2|Chinchou, L5, F|34\/100\n|turn|9\n|\n|t:|1651849452\n|switch|p1a: Andre|Grookey, L5, M|100\/100\n|-fieldstart|move: Grassy Terrain|[from] ability: Grassy Surge|[of] p1a: Andre\n|move|p2a: Creepypasta#2|Volt Switch|p1a: Andre\n|-resisted|p1a: Andre\n|-damage|p1a: Andre|87\/100\n|\n|t:|1651849459\n|switch|p2a: Creepypasta|Drifloon, L5, M|100\/100|[from]move: Volt Switch\n|\n|-heal|p1a: Andre|92\/100|[from] Grassy Terrain\n|upkeep\n|turn|10\n|\n|t:|1651849470\n|switch|p1a: Joel|Voltorb, L5, shiny|100\/100\n|move|p2a: Creepypasta|Will-O-Wisp|p1a: Joel\n|-status|p1a: Joel|brn\n|\n|-damage|p1a: Joel|96\/100 brn|[from] brn\n|upkeep\n|turn|11\n|\n|t:|1651849509\n|switch|p1a: Andre|Grookey, L5, M|92\/100\n|move|p2a: Creepypasta|Shadow Ball|p1a: Andre\n|-damage|p1a: Andre|53\/100\n|-unboost|p1a: Andre|spd|1\n|\n|-heal|p1a: Andre|57\/100|[from] Grassy Terrain\n|upkeep\n|turn|12\n|\n|t:|1651849521\n|switch|p1a: Joel|Voltorb, L5, shiny|96\/100 brn\n|move|p2a: Creepypasta|Shadow Ball|p1a: Joel\n|-damage|p1a: Joel|37\/100 brn\n|\n|-heal|p1a: Joel|41\/100 brn|[from] Grassy Terrain\n|-damage|p1a: Joel|37\/100 brn|[from] brn\n|upkeep\n|turn|13\n|\n|t:|1651849535\n|switch|p2a: Creepypasta#2|Chinchou, L5, F|34\/100\n|move|p1a: Joel|Volt Switch|p2a: Creepypasta#2\n|-heal|p2a: Creepypasta#2|59\/100|[from] ability: Volt Absorb|[of] p1a: Joel\n|\n|-heal|p2a: Creepypasta#2|63\/100|[from] Grassy Terrain\n|-heal|p1a: Joel|41\/100 brn|[from] Grassy Terrain\n|-damage|p1a: Joel|37\/100 brn|[from] brn\n|-fieldend|move: Grassy Terrain\n|upkeep\n|turn|14\n|\n|t:|1651849596\n|switch|p1a: Schumi|Dewpider, L5, M, shiny|27\/100\n|move|p2a: Creepypasta#2|Thunderbolt|p1a: Schumi\n|-supereffective|p1a: Schumi\n|-damage|p1a: Schumi|0 fnt\n|faint|p1a: Schumi\n|\n|upkeep\n|\n|t:|1651849620\n|switch|p1a: Andre|Grookey, L5, M|57\/100\n|-fieldstart|move: Grassy Terrain|[from] ability: Grassy Surge|[of] p1a: Andre\n|turn|15\n|\n|t:|1651849672\n|switch|p2a: Uber Killer|Aron, L5, M|91\/100 brn\n|move|p1a: Andre|Knock Off|p2a: Uber Killer\n|-damage|p2a: Uber Killer|72\/100 brn\n|\n|-heal|p1a: Andre|61\/100|[from] Grassy Terrain\n|-heal|p2a: Uber Killer|77\/100 brn|[from] Grassy Terrain\n|-damage|p2a: Uber Killer|72\/100 brn|[from] brn\n|upkeep\n|turn|16\n|\n|t:|1651849682\n|move|p1a: Andre|Drain Punch|p2a: Uber Killer\n|-supereffective|p2a: Uber Killer\n|-damage|p2a: Uber Killer|0 fnt\n|-heal|p1a: Andre|96\/100|[from] drain|[of] p2a: Uber Killer\n|faint|p2a: Uber Killer\n|\n|-heal|p1a: Andre|100\/100|[from] Grassy Terrain\n|upkeep\n|\n|t:|1651849691\n|switch|p2a: Creepypasta|Drifloon, L5, M|100\/100\n|turn|17\n|\n|t:|1651849709\n|move|p2a: Creepypasta|Substitute|p2a: Creepypasta\n|-start|p2a: Creepypasta|Substitute\n|-damage|p2a: Creepypasta|77\/100\n|move|p1a: Andre|Knock Off|p2a: Creepypasta\n|-supereffective|p2a: Creepypasta\n|-end|p2a: Creepypasta|Substitute\n|\n|upkeep\n|turn|18\n|\n|t:|1651849719\n|move|p2a: Creepypasta|Substitute|p2a: Creepypasta\n|-start|p2a: Creepypasta|Substitute\n|-damage|p2a: Creepypasta|54\/100\n|move|p1a: Andre|Knock Off|p2a: Creepypasta\n|-supereffective|p2a: Creepypasta\n|-end|p2a: Creepypasta|Substitute\n|\n|upkeep\n|turn|19\n|\n|t:|1651849783\n|move|p2a: Creepypasta|Substitute|p2a: Creepypasta\n|-start|p2a: Creepypasta|Substitute\n|-damage|p2a: Creepypasta|31\/100\n|-enditem|p2a: Creepypasta|Berry Juice\n|-heal|p2a: Creepypasta|100\/100|[from] item: Berry Juice\n|move|p1a: Andre|Knock Off|p2a: Creepypasta\n|-supereffective|p2a: Creepypasta\n|-crit|p2a: Creepypasta\n|-end|p2a: Creepypasta|Substitute\n|\n|-fieldend|move: Grassy Terrain\n|upkeep\n|turn|20\n|\n|t:|1651849798\n|move|p2a: Creepypasta|Will-O-Wisp|p1a: Andre\n|-status|p1a: Andre|brn\n|move|p1a: Andre|Knock Off|p2a: Creepypasta\n|-supereffective|p2a: Creepypasta\n|-damage|p2a: Creepypasta|70\/100\n|\n|-damage|p1a: Andre|96\/100 brn|[from] brn\n|upkeep\n|turn|21\n|\n|t:|1651849811\n|move|p2a: Creepypasta|Shadow Ball|p1a: Andre\n|-damage|p1a: Andre|57\/100 brn\n|-unboost|p1a: Andre|spd|1\n|move|p1a: Andre|Knock Off|p2a: Creepypasta\n|-supereffective|p2a: Creepypasta\n|-crit|p2a: Creepypasta\n|-damage|p2a: Creepypasta|27\/100\n|\n|-damage|p1a: Andre|53\/100 brn|[from] brn\n|upkeep\n|turn|22\n|\n|t:|1651849847\n|switch|p1a: Joel|Voltorb, L5, shiny|37\/100 brn\n|move|p2a: Creepypasta|Shadow Ball|p1a: Joel\n|-damage|p1a: Joel|0 fnt\n|faint|p1a: Joel\n|\n|upkeep\n|\n|t:|1651849881\n|switch|p1a: Andre|Grookey, L5, M|53\/100 brn\n|-fieldstart|move: Grassy Terrain|[from] ability: Grassy Surge|[of] p1a: Andre\n|turn|23\n|\n|t:|1651849887\n|move|p2a: Creepypasta|Shadow Ball|p1a: Andre\n|-damage|p1a: Andre|14\/100 brn\n|-unboost|p1a: Andre|spd|1\n|move|p1a: Andre|Knock Off|p2a: Creepypasta\n|-supereffective|p2a: Creepypasta\n|-damage|p2a: Creepypasta|0 fnt\n|faint|p2a: Creepypasta\n|\n|-heal|p1a: Andre|18\/100 brn|[from] Grassy Terrain\n|-damage|p1a: Andre|14\/100 brn|[from] brn\n|upkeep\n|\n|t:|1651849961\n|switch|p2a: Asexuell|Solosis, L5, F|100\/100\n|turn|24\n|\n|t:|1651850014\n|move|p1a: Andre|Knock Off|p2a: Asexuell\n|-supereffective|p2a: Asexuell\n|-damage|p2a: Asexuell|67\/100\n|-enditem|p2a: Asexuell|Eviolite|[from] move: Knock Off|[of] p1a: Andre\n|move|p2a: Asexuell|Acid Armor|p2a: Asexuell\n|-boost|p2a: Asexuell|def|2\n|\n|-heal|p1a: Andre|18\/100 brn|[from] Grassy Terrain\n|-heal|p2a: Asexuell|72\/100|[from] Grassy Terrain\n|-damage|p1a: Andre|14\/100 brn|[from] brn\n|upkeep\n|turn|25\n|\n|t:|1651850061\n|move|p1a: Andre|U-turn|p2a: Asexuell\n|-supereffective|p2a: Asexuell\n|-damage|p2a: Asexuell|53\/100\n|\n|t:|1651850067\n|switch|p1a: Bobo|Minccino, L5, M, shiny|100\/100|[from]move: U-turn\n|move|p2a: Asexuell|Acid Armor|p2a: Asexuell\n|-boost|p2a: Asexuell|def|2\n|\n|-heal|p2a: Asexuell|58\/100|[from] Grassy Terrain\n|upkeep\n|turn|26\n|\n|t:|1651850083\n|move|p1a: Bobo|Triple Axel|p2a: Asexuell\n|-damage|p2a: Asexuell|53\/100\n|-damage|p2a: Asexuell|39\/100\n|-hitcount|p2a: Asexuell|2\n|-damage|p1a: Bobo|91\/100|[from] item: Life Orb\n|move|p2a: Asexuell|Trick Room|p2a: Asexuell\n|-fieldstart|move: Trick Room|[of] p2a: Asexuell\n|\n|-heal|p2a: Asexuell|43\/100|[from] Grassy Terrain\n|-heal|p1a: Bobo|96\/100|[from] Grassy Terrain\n|upkeep\n|turn|27\n|\n|t:|1651850110\n|move|p2a: Asexuell|Recover|p2a: Asexuell\n|-heal|p2a: Asexuell|96\/100\n|move|p1a: Bobo|Triple Axel|p2a: Asexuell\n|-damage|p2a: Asexuell|91\/100\n|-hitcount|p2a: Asexuell|1\n|-damage|p1a: Bobo|87\/100|[from] item: Life Orb\n|\n|-heal|p2a: Asexuell|96\/100|[from] Grassy Terrain\n|-heal|p1a: Bobo|91\/100|[from] Grassy Terrain\n|-fieldend|move: Grassy Terrain\n|upkeep\n|turn|28\n|\n|t:|1651850132\n|move|p2a: Asexuell|Psychic|p1a: Bobo\n|-damage|p1a: Bobo|0 fnt\n|faint|p1a: Bobo\n|\n|upkeep\n|\n|t:|1651850183\n|switch|p1a: Andre|Grookey, L5, M|14\/100 brn\n|-fieldstart|move: Grassy Terrain|[from] ability: Grassy Surge|[of] p1a: Andre\n|turn|29\n|\n|t:|1651850188\n|move|p1a: Andre|Grassy Glide|p2a: Asexuell\n|-crit|p2a: Asexuell\n|-damage|p2a: Asexuell|48\/100\n|move|p2a: Asexuell|Psychic|p1a: Andre\n|-damage|p1a: Andre|0 fnt\n|faint|p1a: Andre\n|\n|-heal|p2a: Asexuell|53\/100|[from] Grassy Terrain\n|upkeep\n|\n|t:|1651850194\n|switch|p1a: Leon|Tyrunt, L5, F, shiny|100\/100\n|turn|30\n|\n|t:|1651850213\n|move|p2a: Asexuell|Psychic|p1a: Leon\n|-damage|p1a: Leon|10\/100\n|move|p1a: Leon|Dragon Dance|p1a: Leon\n|-boost|p1a: Leon|atk|1\n|-boost|p1a: Leon|spe|1\n|\n|-heal|p2a: Asexuell|58\/100|[from] Grassy Terrain\n|-heal|p1a: Leon|15\/100|[from] Grassy Terrain\n|-fieldend|move: Trick Room\n|upkeep\n|turn|31\n|\n|t:|1651850227\n|move|p1a: Leon|Stone Edge|p2a: Asexuell\n|-damage|p2a: Asexuell|15\/100\n|move|p2a: Asexuell|Psychic|p1a: Leon\n|-damage|p1a: Leon|0 fnt\n|faint|p1a: Leon\n|\n|win|Rediyu\n|c|\u2606Rediyu|gg\n|c|\u2606B0ldandbrash|gg\n|c|\u2606Rediyu|!showteam\n|c| Rediyu|\/raw <div class=\"infobox\"><details><summary>View team<\/summary>Asexuell (Solosis) (F) @ Eviolite  <br \/>Ability: Magic Guard  <br \/>Level: 5  <br \/>EVs: 196 Def &#x2f; 236 SpA &#x2f; 36 SpD  <br \/>Quiet Nature  <br \/>IVs: 0 Atk &#x2f; 0 Spe  <br \/>- Psychic  <br \/>- Trick Room  <br \/>- Recover  <br \/>- Acid Armor  <br \/><br \/>Creepypasta (Drifloon) @ Berry Juice  <br \/>Ability: Unburden  <br \/>Level: 5  <br \/>EVs: 36 HP &#x2f; 4 Def &#x2f; 196 SpA &#x2f; 4 SpD &#x2f; 196 Spe  <br \/>Modest Nature  <br \/>IVs: 0 Atk  <br \/>- Calm Mind  <br \/>- Shadow Ball  <br \/>- Substitute  <br \/>- Will-O-Wisp  <br \/><br \/>Creepypasta#2 (Chinchou) @ Choice Scarf  <br \/>Ability: Volt Absorb  <br \/>Level: 5  <br \/>EVs: 52 Def &#x2f; 228 SpA &#x2f; 220 Spe  <br \/>Timid Nature  <br \/>IVs: 0 Atk  <br \/>- Volt Switch  <br \/>- Ice Beam  <br \/>- Scald  <br \/>- Thunderbolt  <br \/><br \/>Body Press (Wooloo) (F) @ Eviolite  <br \/>Ability: Fluffy  <br \/>Level: 5  <br \/>EVs: 20 HP &#x2f; 36 Atk &#x2f; 236 Def &#x2f; 156 SpD &#x2f; 52 Spe  <br \/>Impish Nature  <br \/>- Cotton Guard  <br \/>- Facade  <br \/>- Rest  <br \/>- Sleep Talk  <br \/><br \/>Uber Killer (Aron) (M) @ Berry Juice  <br \/>Ability: Sturdy  <br \/>Level: 5  <br \/>EVs: 116 Atk &#x2f; 196 Def &#x2f; 196 SpD  <br \/>Impish Nature  <br \/>- Stealth Rock  <br \/>- Iron Head  <br \/>- Iron Defense  <br \/>- Body Press  <br \/><br \/>better sandshrew (Sandshrew-Alola) @ Life Orb  <br \/>Ability: Slush Rush  <br \/>Level: 5  <br \/>EVs: 236 Atk &#x2f; 36 Def &#x2f; 196 Spe  <br \/>Adamant Nature  <br \/>- Rapid Spin  <br \/>- Triple Axel  <br \/>- Bulldoze  <br \/>- Knock Off  <br \/><br \/><\/details><\/div>\n","uploadtime":1651850233,"views":24,"p1id":"b0ldandbrash","p2id":"rediyu","formatid":"gen8nationaldexag","rating":0,"private":0,"password":null}