{"id":"gen8ou-1125128485","p1":"Doggo Smit","p2":"Walletinspector62","format":"gen8ou","log":"|j|\u2606Doggo Smit\n|j|\u2606Walletinspector62\n|player|p1|Doggo Smit|cheren|1311\n|player|p2|Walletinspector62|102|1347\n|teamsize|p1|6\n|teamsize|p2|6\n|gametype|singles\n|gen|8\n|tier|[Gen 8] OU\n|rated|\n|html|<div class=\"broadcast-blue\"><strong>OU is currently suspecting Dracovish! For information on how to participate check out the <a href=\"https:\/\/www.smogon.com\/forums\/threads\/3664521\/\">suspect thread<\/a>.<\/strong><\/div>\n|clearpoke\n|poke|p1|Dragapult, F|\n|poke|p1|Zeraora|\n|poke|p1|Gengar, M|\n|poke|p1|Mew|\n|poke|p1|Clefable, M|\n|poke|p1|Crawdaunt, M|\n|poke|p2|Cloyster, M|\n|poke|p2|Kyurem|\n|poke|p2|Clefable, M|\n|poke|p2|Tyranitar, M|\n|poke|p2|Cinderace, F|\n|poke|p2|Corviknight, M|\n|rule|Sleep Clause Mod: Limit one foe put to sleep\n|rule|Species Clause: Limit one of each Pok\u00e9mon\n|rule|OHKO Clause: OHKO moves are banned\n|rule|Evasion Moves Clause: Evasion moves are banned\n|rule|Endless Battle Clause: Forcing endless battles is banned\n|rule|HP Percentage Mod: HP is shown in percentages\n|rule|Dynamax Clause: You cannot dynamax\n|teampreview\n|\n|start\n|switch|p1a: Mew who?|Mew|100\/100\n|switch|p2a: Cloyster|Cloyster, M|100\/100\n|turn|1\n|\n|move|p1a: Mew who?|Cosmic Power|p1a: Mew who?\n|-boost|p1a: Mew who?|def|1\n|-boost|p1a: Mew who?|spd|1\n|move|p2a: Cloyster|Spikes|p1a: Mew who?\n|-sidestart|p1: Doggo Smit|Spikes\n|\n|upkeep\n|turn|2\n|\n|move|p1a: Mew who?|Cosmic Power|p1a: Mew who?\n|-boost|p1a: Mew who?|def|1\n|-boost|p1a: Mew who?|spd|1\n|move|p2a: Cloyster|Teleport|p2a: Cloyster\n|\n|switch|p2a: Tyranitar|Tyranitar, M|100\/100|[from]move: Teleport\n|-weather|Sandstorm|[from] ability: Sand Stream|[of] p2a: Tyranitar\n|\n|-weather|Sandstorm|[upkeep]\n|-damage|p1a: Mew who?|94\/100|[from] Sandstorm\n|upkeep\n|turn|3\n|\n|move|p2a: Tyranitar|Crunch|p1a: Mew who?\n|-supereffective|p1a: Mew who?\n|-damage|p1a: Mew who?|68\/100\n|-enditem|p1a: Mew who?|Weakness Policy\n|-boost|p1a: Mew who?|atk|2|[from] item: Weakness Policy\n|-boost|p1a: Mew who?|spa|2|[from] item: Weakness Policy\n|move|p1a: Mew who?|Body Press|p2a: Tyranitar\n|-supereffective|p2a: Tyranitar\n|-damage|p2a: Tyranitar|0 fnt\n|faint|p2a: Tyranitar\n|\n|-weather|Sandstorm|[upkeep]\n|-damage|p1a: Mew who?|61\/100|[from] Sandstorm\n|upkeep\n|\n|switch|p2a: Cinderace|Cinderace, F|100\/100\n|turn|4\n|\n|move|p2a: Cinderace|Shadow Ball|p1a: Mew who?\n|-supereffective|p1a: Mew who?\n|-damage|p1a: Mew who?|37\/100\n|-unboost|p1a: Mew who?|spd|1\n|move|p1a: Mew who?|Roost|p1a: Mew who?\n|-heal|p1a: Mew who?|87\/100\n|-singleturn|p1a: Mew who?|move: Roost\n|\n|-weather|Sandstorm|[upkeep]\n|-damage|p2a: Cinderace|95\/100|[from] Sandstorm\n|-damage|p1a: Mew who?|81\/100|[from] Sandstorm\n|upkeep\n|turn|5\n|\n|move|p2a: Cinderace|Shadow Ball|p1a: Mew who?\n|-supereffective|p1a: Mew who?\n|-damage|p1a: Mew who?|49\/100\n|move|p1a: Mew who?|Stored Power|p2a: Cinderace\n|-damage|p2a: Cinderace|0 fnt\n|faint|p2a: Cinderace\n|\n|-weather|Sandstorm|[upkeep]\n|-damage|p1a: Mew who?|43\/100|[from] Sandstorm\n|upkeep\n|\n|switch|p2a: Clefable|Clefable, M|100\/100\n|turn|6\n|c|\u2606Doggo Smit|Special cinderace?New meta\n|\n|move|p2a: Clefable|Moonblast|p1a: Mew who?\n|-damage|p1a: Mew who?|19\/100\n|move|p1a: Mew who?|Roost|p1a: Mew who?\n|-heal|p1a: Mew who?|69\/100\n|-singleturn|p1a: Mew who?|move: Roost\n|\n|-weather|none\n|upkeep\n|turn|7\n|\n|move|p2a: Clefable|Moonblast|p1a: Mew who?\n|-damage|p1a: Mew who?|45\/100\n|move|p1a: Mew who?|Cosmic Power|p1a: Mew who?\n|-boost|p1a: Mew who?|def|1\n|-boost|p1a: Mew who?|spd|1\n|\n|upkeep\n|turn|8\n|\n|move|p2a: Clefable|Moonblast|p1a: Mew who?\n|-damage|p1a: Mew who?|26\/100\n|-unboost|p1a: Mew who?|spa|1\n|move|p1a: Mew who?|Cosmic Power|p1a: Mew who?\n|-boost|p1a: Mew who?|def|1\n|-boost|p1a: Mew who?|spd|1\n|\n|upkeep\n|turn|9\n|\n|move|p2a: Clefable|Moonblast|p1a: Mew who?\n|-damage|p1a: Mew who?|12\/100\n|move|p1a: Mew who?|Roost|p1a: Mew who?\n|-heal|p1a: Mew who?|62\/100\n|-singleturn|p1a: Mew who?|move: Roost\n|\n|upkeep\n|turn|10\n|\n|move|p2a: Clefable|Moonblast|p1a: Mew who?\n|-damage|p1a: Mew who?|48\/100\n|move|p1a: Mew who?|Stored Power|p2a: Clefable\n|-damage|p2a: Clefable|0 fnt\n|faint|p2a: Clefable\n|\n|upkeep\n|\n|switch|p2a: Corviknight|Corviknight, M|100\/100\n|-ability|p2a: Corviknight|Pressure\n|turn|11\n|\n|move|p1a: Mew who?|Body Press|p2a: Corviknight\n|-damage|p2a: Corviknight|43\/100\n|move|p2a: Corviknight|Bulk Up|p2a: Corviknight\n|-boost|p2a: Corviknight|atk|1\n|-boost|p2a: Corviknight|def|1\n|\n|-heal|p2a: Corviknight|49\/100|[from] item: Leftovers\n|upkeep\n|turn|12\n|\n|move|p1a: Mew who?|Roost|p1a: Mew who?\n|-heal|p1a: Mew who?|98\/100\n|-singleturn|p1a: Mew who?|move: Roost\n|move|p2a: Corviknight|Roost|p2a: Corviknight\n|-heal|p2a: Corviknight|99\/100\n|-singleturn|p2a: Corviknight|move: Roost\n|\n|-heal|p2a: Corviknight|100\/100|[from] item: Leftovers\n|upkeep\n|turn|13\n|\n|move|p1a: Mew who?|Cosmic Power|p1a: Mew who?\n|-boost|p1a: Mew who?|def|1\n|-boost|p1a: Mew who?|spd|1\n|move|p2a: Corviknight|Bulk Up|p2a: Corviknight\n|-boost|p2a: Corviknight|atk|1\n|-boost|p2a: Corviknight|def|1\n|\n|upkeep\n|turn|14\n|\n|move|p1a: Mew who?|Stored Power|p2a: Corviknight\n|-resisted|p2a: Corviknight\n|-damage|p2a: Corviknight|54\/100\n|move|p2a: Corviknight|Bulk Up|p2a: Corviknight\n|-boost|p2a: Corviknight|atk|1\n|-boost|p2a: Corviknight|def|1\n|\n|-heal|p2a: Corviknight|60\/100|[from] item: Leftovers\n|upkeep\n|turn|15\n|\n|move|p1a: Mew who?|Stored Power|p2a: Corviknight\n|-resisted|p2a: Corviknight\n|-damage|p2a: Corviknight|15\/100\n|move|p2a: Corviknight|Roost|p2a: Corviknight\n|-heal|p2a: Corviknight|65\/100\n|-singleturn|p2a: Corviknight|move: Roost\n|\n|-heal|p2a: Corviknight|71\/100|[from] item: Leftovers\n|upkeep\n|turn|16\n|\n|move|p1a: Mew who?|Body Press|p2a: Corviknight\n|-damage|p2a: Corviknight|40\/100\n|move|p2a: Corviknight|Roost|p2a: Corviknight\n|-heal|p2a: Corviknight|90\/100\n|-singleturn|p2a: Corviknight|move: Roost\n|\n|-heal|p2a: Corviknight|97\/100|[from] item: Leftovers\n|upkeep\n|turn|17\n|\n|move|p1a: Mew who?|Body Press|p2a: Corviknight\n|-damage|p2a: Corviknight|69\/100\n|move|p2a: Corviknight|Bulk Up|p2a: Corviknight\n|-boost|p2a: Corviknight|atk|1\n|-boost|p2a: Corviknight|def|1\n|\n|-heal|p2a: Corviknight|75\/100|[from] item: Leftovers\n|upkeep\n|turn|18\n|\n|move|p1a: Mew who?|Cosmic Power|p1a: Mew who?\n|-boost|p1a: Mew who?|def|1\n|-boost|p1a: Mew who?|spd|1\n|move|p2a: Corviknight|Bulk Up|p2a: Corviknight\n|-boost|p2a: Corviknight|atk|1\n|-boost|p2a: Corviknight|def|1\n|\n|-heal|p2a: Corviknight|82\/100|[from] item: Leftovers\n|upkeep\n|turn|19\n|\n|move|p1a: Mew who?|Cosmic Power|p1a: Mew who?\n|-boost|p1a: Mew who?|def|0\n|-boost|p1a: Mew who?|spd|1\n|move|p2a: Corviknight|Roost|p2a: Corviknight\n|-heal|p2a: Corviknight|100\/100\n|-singleturn|p2a: Corviknight|move: Roost\n|\n|upkeep\n|turn|20\n|\n|move|p1a: Mew who?|Stored Power|p2a: Corviknight\n|-resisted|p2a: Corviknight\n|-damage|p2a: Corviknight|45\/100\n|move|p2a: Corviknight|Bulk Up|p2a: Corviknight\n|-boost|p2a: Corviknight|atk|1\n|-boost|p2a: Corviknight|def|1\n|\n|-heal|p2a: Corviknight|51\/100|[from] item: Leftovers\n|upkeep\n|turn|21\n|\n|move|p1a: Mew who?|Stored Power|p2a: Corviknight\n|-resisted|p2a: Corviknight\n|-damage|p2a: Corviknight|0 fnt\n|faint|p2a: Corviknight\n|\n|upkeep\n|-message|Walletinspector62 forfeited.\n|\n|win|Doggo Smit\n|l|\u2606Walletinspector62\n|raw|Doggo Smit's rating: 1311 &rarr; <strong>1332<\/strong><br \/>(+21 for winning)\n|raw|Walletinspector62's rating: 1328 &rarr; <strong>1307<\/strong><br \/>(-21 for losing)\n","uploadtime":1591055856,"views":8,"p1id":"doggosmit","p2id":"walletinspector62","formatid":"gen8ou","rating":1307,"private":0,"password":null}