{"id":"gen8ou-1626157851","p1":"hotdogbathwater","p2":"TryHonesty","format":"gen8ou","log":"|j|\u2606hotdogbathwater\n|j|\u2606TryHonesty\n|t:|1658899623\n|gametype|singles\n|player|p1|hotdogbathwater|flannery|1326\n|player|p2|TryHonesty|266|1370\n|teamsize|p1|6\n|teamsize|p2|6\n|gen|8\n|tier|[Gen 8] OU\n|rated|\n|rule|Sleep Clause Mod: Limit one foe put to sleep\n|rule|Species Clause: Limit one of each Pok\u00e9mon\n|rule|OHKO Clause: OHKO moves are banned\n|rule|Evasion Moves Clause: Evasion moves are banned\n|rule|Endless Battle Clause: Forcing endless battles is banned\n|rule|HP Percentage Mod: HP is shown in percentages\n|rule|Dynamax Clause: You cannot dynamax\n|clearpoke\n|poke|p1|Inteleon, F|\n|poke|p1|Landorus-Therian, M|\n|poke|p1|Heatran, F|\n|poke|p1|Tangrowth, M|\n|poke|p1|Zapdos|\n|poke|p1|Tapu Fini|\n|poke|p2|Accelgor, M|\n|poke|p2|Excadrill, F|\n|poke|p2|Zapdos-Galar|\n|poke|p2|Jellicent, M|\n|poke|p2|Hydreigon, M|\n|poke|p2|Bisharp, F|\n|teampreview\n|inactive|Battle timer is ON: inactive players will automatically lose when time's up. (requested by TryHonesty)\n|\n|t:|1658899644\n|start\n|switch|p1a: Tapu Fini|Tapu Fini|100\/100\n|switch|p2a: Accelgor|Accelgor, M|100\/100\n|-fieldstart|move: Misty Terrain|[from] ability: Misty Surge|[of] p1a: Tapu Fini\n|turn|1\n|\n|t:|1658899655\n|move|p1a: Tapu Fini|Taunt|p2a: Accelgor\n|-start|p2a: Accelgor|move: Taunt\n|cant|p2a: Accelgor|move: Taunt|Spikes\n|\n|upkeep\n|turn|2\n|\n|t:|1658899661\n|switch|p1a: Zapdos|Zapdos|100\/100\n|switch|p2a: Excadrill|Excadrill, F|100\/100\n|-ability|p2a: Excadrill|Mold Breaker\n|\n|upkeep\n|turn|3\n|\n|t:|1658899667\n|switch|p1a: Tangrowth|Tangrowth, M|100\/100\n|move|p2a: Excadrill|Stealth Rock|p1a: Tangrowth\n|-sidestart|p1: hotdogbathwater|move: Stealth Rock\n|\n|upkeep\n|turn|4\n|\n|t:|1658899675\n|switch|p2a: Accelgor|Accelgor, M|100\/100\n|move|p1a: Tangrowth|Knock Off|p2a: Accelgor\n|-damage|p2a: Accelgor|61\/100\n|-enditem|p2a: Accelgor|Focus Sash|[from] move: Knock Off|[of] p1a: Tangrowth\n|\n|upkeep\n|turn|5\n|\n|t:|1658899681\n|switch|p1a: Zapdos|Zapdos|100\/100\n|move|p2a: Accelgor|Spikes|p1a: Zapdos\n|-sidestart|p1: hotdogbathwater|Spikes\n|\n|-fieldend|Misty Terrain\n|upkeep\n|turn|6\n|\n|t:|1658899685\n|switch|p2a: Bisharp|Bisharp, F|100\/100\n|move|p1a: Zapdos|Roost||[still]\n|-fail|p1a: Zapdos|heal\n|\n|upkeep\n|turn|7\n|c|\u2606hotdogbathwater|oops\n|c|\u2606hotdogbathwater|but not\n|\n|t:|1658899696\n|move|p2a: Bisharp|Knock Off|p1a: Zapdos\n|-damage|p1a: Zapdos|51\/100\n|-enditem|p1a: Zapdos|Heavy-Duty Boots|[from] move: Knock Off|[of] p2a: Bisharp\n|move|p1a: Zapdos|Hurricane|p2a: Bisharp\n|-resisted|p2a: Bisharp\n|-damage|p2a: Bisharp|61\/100\n|\n|upkeep\n|turn|8\n|\n|t:|1658899706\n|switch|p2a: Hydreigon|Hydreigon, M|100\/100\n|switch|p1a: Tangrowth|Tangrowth, M|100\/100\n|-damage|p1a: Tangrowth|88\/100|[from] Stealth Rock\n|-damage|p1a: Tangrowth|76\/100|[from] Spikes\n|\n|upkeep\n|turn|9\n|\n|t:|1658899711\n|switch|p1a: Tapu Fini|Tapu Fini|100\/100\n|-damage|p1a: Tapu Fini|88\/100|[from] Stealth Rock\n|-damage|p1a: Tapu Fini|76\/100|[from] Spikes\n|-fieldstart|move: Misty Terrain|[from] ability: Misty Surge|[of] p1a: Tapu Fini\n|move|p2a: Hydreigon|Dark Pulse|p1a: Tapu Fini\n|-resisted|p1a: Tapu Fini\n|-damage|p1a: Tapu Fini|56\/100\n|\n|upkeep\n|turn|10\n|\n|t:|1658899716\n|switch|p2a: Jellicent|Jellicent, M|100\/100\n|move|p1a: Tapu Fini|Moonblast|p2a: Jellicent\n|-damage|p2a: Jellicent|79\/100\n|\n|upkeep\n|turn|11\n|\n|t:|1658899722\n|switch|p1a: Zapdos|Zapdos|51\/100\n|-damage|p1a: Zapdos|26\/100|[from] Stealth Rock\n|move|p2a: Jellicent|Will-O-Wisp|p1a: Zapdos\n|-status|p1a: Zapdos|brn\n|\n|-damage|p1a: Zapdos|20\/100 brn|[from] brn\n|upkeep\n|turn|12\n|\n|t:|1658899729\n|switch|p2a: Bisharp|Bisharp, F|61\/100\n|move|p1a: Zapdos|Roost|p1a: Zapdos\n|-heal|p1a: Zapdos|70\/100 brn\n|-singleturn|p1a: Zapdos|move: Roost\n|\n|-damage|p1a: Zapdos|64\/100 brn|[from] brn\n|upkeep\n|turn|13\n|\n|t:|1658899740\n|switch|p2a: Hydreigon|Hydreigon, M|100\/100\n|move|p1a: Zapdos|Volt Switch|p2a: Hydreigon\n|-resisted|p2a: Hydreigon\n|-damage|p2a: Hydreigon|86\/100\n|\n|t:|1658899745\n|switch|p1a: Tapu Fini|Tapu Fini|56\/100|[from]move: Volt Switch\n|-damage|p1a: Tapu Fini|44\/100|[from] Stealth Rock\n|-damage|p1a: Tapu Fini|31\/100|[from] Spikes\n|\n|-heal|p2a: Hydreigon|92\/100|[from] item: Leftovers\n|-fieldend|Misty Terrain\n|upkeep\n|turn|14\n|\n|t:|1658899748\n|switch|p2a: Jellicent|Jellicent, M|79\/100\n|move|p1a: Tapu Fini|Moonblast|p2a: Jellicent\n|-damage|p2a: Jellicent|56\/100\n|-unboost|p2a: Jellicent|spa|1\n|\n|upkeep\n|turn|15\n|\n|t:|1658899764\n|switch|p1a: Zapdos|Zapdos|64\/100 brn\n|-damage|p1a: Zapdos|40\/100 brn|[from] Stealth Rock\n|move|p2a: Jellicent|Recover|p2a: Jellicent\n|-heal|p2a: Jellicent|100\/100\n|\n|-damage|p1a: Zapdos|34\/100 brn|[from] brn\n|upkeep\n|turn|16\n|\n|t:|1658899774\n|switch|p2a: Bisharp|Bisharp, F|61\/100\n|move|p1a: Zapdos|Volt Switch|p2a: Bisharp\n|-damage|p2a: Bisharp|7\/100\n|\n|t:|1658899779\n|switch|p1a: Tangrowth|Tangrowth, M|100\/100|[from]move: Volt Switch\n|-damage|p1a: Tangrowth|88\/100|[from] Stealth Rock\n|-damage|p1a: Tangrowth|76\/100|[from] Spikes\n|\n|upkeep\n|turn|17\n|\n|t:|1658899792\n|move|p2a: Bisharp|Knock Off|p1a: Tangrowth\n|-damage|p1a: Tangrowth|40\/100\n|-damage|p2a: Bisharp|0 fnt|[from] item: Rocky Helmet|[of] p1a: Tangrowth\n|faint|p2a: Bisharp\n|move|p1a: Tangrowth|Knock Off|p2: Bisharp|[notarget]\n|-fail|p1a: Tangrowth\n|\n|upkeep\n|\n|t:|1658899799\n|switch|p2a: Hydreigon|Hydreigon, M|92\/100\n|turn|18\n|\n|t:|1658899818\n|switch|p1a: Heatran|Heatran, F|100\/100\n|-damage|p1a: Heatran|88\/100|[from] Stealth Rock\n|-item|p1a: Heatran|Air Balloon\n|move|p2a: Hydreigon|Dark Pulse|p1a: Heatran\n|-damage|p1a: Heatran|50\/100\n|-enditem|p1a: Heatran|Air Balloon\n|\n|-heal|p2a: Hydreigon|98\/100|[from] item: Leftovers\n|upkeep\n|turn|19\n|inactive|TryHonesty has 120 seconds left.\n|inactive|TryHonesty has 90 seconds left.\n|\n|t:|1658899897\n|move|p2a: Hydreigon|Taunt|p1a: Heatran\n|-start|p1a: Heatran|move: Taunt\n|move|p1a: Heatran|Magma Storm|p2a: Hydreigon\n|-resisted|p2a: Hydreigon\n|-damage|p2a: Hydreigon|73\/100\n|-activate|p2a: Hydreigon|move: Magma Storm|[of] p1a: Heatran\n|\n|-heal|p2a: Hydreigon|79\/100|[from] item: Leftovers\n|-damage|p2a: Hydreigon|67\/100|[from] move: Magma Storm|[partiallytrapped]\n|upkeep\n|turn|20\n|\n|t:|1658899907\n|move|p2a: Hydreigon|Dark Pulse|p1a: Heatran\n|-damage|p1a: Heatran|12\/100\n|move|p1a: Heatran|Magma Storm|p2a: Hydreigon|[miss]\n|-miss|p1a: Heatran|p2a: Hydreigon\n|\n|-heal|p2a: Hydreigon|73\/100|[from] item: Leftovers\n|-damage|p2a: Hydreigon|61\/100|[from] move: Magma Storm|[partiallytrapped]\n|upkeep\n|turn|21\n|inactive|TryHonesty has 90 seconds left.\n|\n|t:|1658899913\n|move|p2a: Hydreigon|Dark Pulse|p1a: Heatran\n|-damage|p1a: Heatran|0 fnt\n|faint|p1a: Heatran\n|\n|-heal|p2a: Hydreigon|67\/100|[from] item: Leftovers\n|-end|p2a: Hydreigon|Magma Storm|[partiallytrapped]|[silent]\n|upkeep\n|\n|t:|1658899923\n|switch|p1a: Inteleon|Inteleon, F|100\/100\n|-damage|p1a: Inteleon|88\/100|[from] Stealth Rock\n|-damage|p1a: Inteleon|76\/100|[from] Spikes\n|turn|22\n|\n|t:|1658899938\n|switch|p2a: Jellicent|Jellicent, M|100\/100\n|move|p1a: Inteleon|Focus Energy|p1a: Inteleon\n|-start|p1a: Inteleon|move: Focus Energy\n|\n|upkeep\n|turn|23\n|\n|t:|1658899944\n|move|p1a: Inteleon|Dark Pulse|p2a: Jellicent\n|-supereffective|p2a: Jellicent\n|-crit|p2a: Jellicent\n|-damage|p2a: Jellicent|32\/100\n|move|p2a: Jellicent|Hex|p1a: Inteleon\n|-damage|p1a: Inteleon|39\/100\n|\n|upkeep\n|turn|24\n|\n|t:|1658899965\n|move|p1a: Inteleon|Dark Pulse|p2a: Jellicent\n|-supereffective|p2a: Jellicent\n|-crit|p2a: Jellicent\n|-damage|p2a: Jellicent|0 fnt\n|faint|p2a: Jellicent\n|\n|upkeep\n|\n|t:|1658899968\n|switch|p2a: Zapdos|Zapdos-Galar|100\/100\n|turn|25\n|\n|t:|1658899980\n|switch|p1a: Zapdos|Zapdos|34\/100 brn\n|-damage|p1a: Zapdos|9\/100 brn|[from] Stealth Rock\n|move|p2a: Zapdos|Brave Bird|p1a: Zapdos\n|-resisted|p1a: Zapdos\n|-damage|p1a: Zapdos|0 fnt\n|faint|p1a: Zapdos\n|-damage|p2a: Zapdos|97\/100|[from] Recoil\n|\n|upkeep\n|\n|t:|1658900005\n|switch|p1a: Tangrowth|Tangrowth, M|73\/100\n|-damage|p1a: Tangrowth|61\/100|[from] Stealth Rock\n|-damage|p1a: Tangrowth|49\/100|[from] Spikes\n|turn|26\n|\n|t:|1658900011\n|move|p2a: Zapdos|Brave Bird|p1a: Tangrowth\n|-supereffective|p1a: Tangrowth\n|-damage|p1a: Tangrowth|0 fnt\n|-damage|p2a: Zapdos|81\/100|[from] item: Rocky Helmet|[of] p1a: Tangrowth\n|faint|p1a: Tangrowth\n|-damage|p2a: Zapdos|61\/100|[from] Recoil\n|\n|upkeep\n|\n|t:|1658900021\n|switch|p1a: Landorus|Landorus-Therian, M|100\/100\n|-damage|p1a: Landorus|88\/100|[from] Stealth Rock\n|-ability|p1a: Landorus|Intimidate|boost\n|-unboost|p2a: Zapdos|atk|1\n|-ability|p2a: Zapdos|Defiant\n|-boost|p2a: Zapdos|atk|2\n|turn|27\n|inactive|TryHonesty has 120 seconds left.\n|\n|t:|1658900045\n|switch|p2a: Accelgor|Accelgor, M|61\/100\n|move|p1a: Landorus|Gravity|p1a: Landorus\n|-fieldstart|move: Gravity\n|\n|-heal|p1a: Landorus|94\/100|[from] item: Leftovers\n|upkeep\n|turn|28\n|inactive|hotdogbathwater has 120 seconds left.\n|\n|t:|1658900083\n|move|p2a: Accelgor|Encore|p1a: Landorus\n|-start|p1a: Landorus|Encore\n|move|p1a: Landorus|Gravity||[still]\n|-fail|p1a: Landorus\n|\n|-heal|p1a: Landorus|99\/100|[from] item: Leftovers\n|upkeep\n|turn|29\n|inactive|hotdogbathwater has 120 seconds left.\n|\n|t:|1658900092\n|switch|p1a: Tapu Fini|Tapu Fini|31\/100\n|-damage|p1a: Tapu Fini|19\/100|[from] Stealth Rock\n|-damage|p1a: Tapu Fini|6\/100|[from] Spikes\n|-fieldstart|move: Misty Terrain|[from] ability: Misty Surge|[of] p1a: Tapu Fini\n|move|p2a: Accelgor|Spikes|p1a: Tapu Fini\n|-sidestart|p1: hotdogbathwater|Spikes\n|\n|upkeep\n|turn|30\n|\n|t:|1658900108\n|move|p1a: Tapu Fini|Moonblast|p2a: Accelgor\n|-damage|p2a: Accelgor|6\/100\n|move|p2a: Accelgor|Spikes|p1a: Tapu Fini\n|-sidestart|p1: hotdogbathwater|Spikes\n|\n|upkeep\n|turn|31\n|\n|t:|1658900119\n|switch|p1a: Inteleon|Inteleon, F|39\/100\n|-damage|p1a: Inteleon|27\/100|[from] Stealth Rock\n|-damage|p1a: Inteleon|2\/100|[from] Spikes\n|move|p2a: Accelgor|Toxic Spikes|p1a: Inteleon\n|-sidestart|p1: hotdogbathwater|move: Toxic Spikes\n|\n|-fieldend|move: Gravity\n|upkeep\n|turn|32\n|\n|t:|1658900131\n|switch|p1a: Landorus|Landorus-Therian, M|99\/100\n|-damage|p1a: Landorus|88\/100|[from] Stealth Rock\n|-ability|p1a: Landorus|Intimidate|boost\n|-unboost|p2a: Accelgor|atk|1\n|move|p2a: Accelgor|Yawn|p1a: Landorus\n|-start|p1a: Landorus|move: Yawn|[of] p2a: Accelgor\n|\n|-heal|p1a: Landorus|94\/100|[from] item: Leftovers\n|upkeep\n|turn|33\n|\n|t:|1658900144\n|move|p2a: Accelgor|Toxic Spikes|p1a: Landorus\n|-sidestart|p1: hotdogbathwater|move: Toxic Spikes\n|move|p1a: Landorus|Bulk Up|p1a: Landorus\n|-boost|p1a: Landorus|atk|1\n|-boost|p1a: Landorus|def|1\n|\n|-heal|p1a: Landorus|99\/100|[from] item: Leftovers\n|-end|p1a: Landorus|move: Yawn|[silent]\n|-status|p1a: Landorus|slp\n|-fieldend|Misty Terrain\n|upkeep\n|turn|34\n|\n|t:|1658900153\n|switch|p2a: Hydreigon|Hydreigon, M|67\/100\n|cant|p1a: Landorus|slp\n|\n|-heal|p1a: Landorus|100\/100 slp|[from] item: Leftovers\n|-heal|p2a: Hydreigon|73\/100|[from] item: Leftovers\n|upkeep\n|turn|35\n|\n|t:|1658900157\n|-curestatus|p1a: Landorus|slp|[msg]\n|move|p1a: Landorus|Gravity|p1a: Landorus\n|-fieldstart|move: Gravity\n|move|p2a: Hydreigon|Taunt|p1a: Landorus\n|-start|p1a: Landorus|move: Taunt\n|\n|-heal|p2a: Hydreigon|79\/100|[from] item: Leftovers\n|upkeep\n|turn|36\n|\n|t:|1658900162\n|switch|p2a: Accelgor|Accelgor, M|6\/100\n|move|p1a: Landorus|Earthquake|p2a: Accelgor\n|-resisted|p2a: Accelgor\n|-damage|p2a: Accelgor|0 fnt\n|faint|p2a: Accelgor\n|\n|upkeep\n|\n|t:|1658900168\n|switch|p2a: Hydreigon|Hydreigon, M|79\/100\n|turn|37\n|\n|t:|1658900171\n|move|p1a: Landorus|Earthquake|p2a: Hydreigon\n|-damage|p2a: Hydreigon|1\/100\n|move|p2a: Hydreigon|Dark Pulse|p1a: Landorus\n|-damage|p1a: Landorus|46\/100\n|\n|-heal|p1a: Landorus|52\/100|[from] item: Leftovers\n|-heal|p2a: Hydreigon|7\/100|[from] item: Leftovers\n|upkeep\n|turn|38\n|\n|t:|1658900177\n|move|p1a: Landorus|Earthquake|p2a: Hydreigon\n|-damage|p2a: Hydreigon|0 fnt\n|faint|p2a: Hydreigon\n|\n|-heal|p1a: Landorus|58\/100|[from] item: Leftovers\n|-end|p1a: Landorus|move: Taunt\n|upkeep\n|\n|t:|1658900179\n|switch|p2a: Zapdos|Zapdos-Galar|61\/100\n|turn|39\n|\n|t:|1658900182\n|move|p2a: Zapdos|Brave Bird|p1a: Landorus\n|-damage|p1a: Landorus|14\/100\n|-damage|p2a: Zapdos|46\/100|[from] Recoil\n|move|p1a: Landorus|Earthquake|p2a: Zapdos\n|-crit|p2a: Zapdos\n|-damage|p2a: Zapdos|0 fnt\n|faint|p2a: Zapdos\n|\n|-heal|p1a: Landorus|20\/100|[from] item: Leftovers\n|-fieldend|move: Gravity\n|upkeep\n|\n|t:|1658900186\n|switch|p2a: Excadrill|Excadrill, F|100\/100\n|-ability|p2a: Excadrill|Mold Breaker\n|turn|40\n|\n|t:|1658900189\n|move|p1a: Landorus|Earthquake|p2a: Excadrill\n|-supereffective|p2a: Excadrill\n|-damage|p2a: Excadrill|0 fnt\n|faint|p2a: Excadrill\n|\n|win|hotdogbathwater\n|raw|hotdogbathwater's rating: 1326 &rarr; <strong>1349<\/strong><br \/>(+23 for winning)\n|raw|TryHonesty's rating: 1370 &rarr; <strong>1347<\/strong><br \/>(-23 for losing)\n|l|\u2606TryHonesty\n|c|\u2606hotdogbathwater|gg\n","uploadtime":1658900196,"views":44,"p1id":"hotdogbathwater","p2id":"tryhonesty","formatid":"gen8ou","rating":1347,"private":0,"password":null}