{"id":"gen8ou-1702272926","p1":"minimax_ai","p2":"dracaufeu shiny","format":"gen8ou","log":"|j|\u2606minimax_ai\n|j|\u2606dracaufeu shiny\n|t:|1667528172\n|gametype|singles\n|player|p1|minimax_ai|lusamine-nihilego|1594\n|player|p2|dracaufeu shiny|red|1623\n|teamsize|p1|6\n|teamsize|p2|6\n|gen|8\n|tier|[Gen 8] OU\n|rated|\n|rule|Sleep Clause Mod: Limit one foe put to sleep\n|rule|Species Clause: Limit one of each Pok\u00e9mon\n|rule|OHKO Clause: OHKO moves are banned\n|rule|Evasion Items Clause: Evasion items are banned\n|rule|Evasion Moves Clause: Evasion moves are banned\n|rule|Endless Battle Clause: Forcing endless battles is banned\n|rule|HP Percentage Mod: HP is shown in percentages\n|rule|Dynamax Clause: You cannot dynamax\n|clearpoke\n|poke|p1|Rotom-Wash|\n|poke|p1|Weavile, M|\n|poke|p1|Landorus-Therian, M|\n|poke|p1|Heatran, M|\n|poke|p1|Tangrowth, F|\n|poke|p1|Melmetal|\n|poke|p2|Pelipper, M|\n|poke|p2|Tyranitar, M|\n|poke|p2|Ferrothorn, F|\n|poke|p2|Zapdos|\n|poke|p2|Urshifu-*, M|\n|poke|p2|Excadrill, M|\n|teampreview\n|c|\u2606minimax_ai|hf\n|inactive|Battle timer is ON: inactive players will automatically lose when time's up. (requested by minimax_ai)\n|\n|t:|1667528182\n|start\n|switch|p1a: Tangrowth|Tangrowth, F|100\/100\n|switch|p2a: Ferrothorn|Ferrothorn, F|100\/100\n|turn|1\n|\n|t:|1667528185\n|move|p1a: Tangrowth|Focus Blast|p2a: Ferrothorn\n|-supereffective|p2a: Ferrothorn\n|-damage|p2a: Ferrothorn|47\/100\n|-unboost|p2a: Ferrothorn|spd|1\n|move|p2a: Ferrothorn|Knock Off|p1a: Tangrowth\n|-damage|p1a: Tangrowth|89\/100\n|-damage|p2a: Ferrothorn|31\/100|[from] item: Rocky Helmet|[of] p1a: Tangrowth\n|-enditem|p1a: Tangrowth|Rocky Helmet|[from] move: Knock Off|[of] p2a: Ferrothorn\n|\n|-heal|p2a: Ferrothorn|37\/100|[from] item: Leftovers\n|upkeep\n|turn|2\n|\n|t:|1667528189\n|switch|p2a: Zapdos|Zapdos|100\/100\n|move|p1a: Tangrowth|Focus Blast|p2a: Zapdos|[miss]\n|-miss|p1a: Tangrowth|p2a: Zapdos\n|\n|upkeep\n|turn|3\n|\n|t:|1667528193\n|switch|p1a: landorustherian|Landorus-Therian, M|100\/100\n|-ability|p1a: landorustherian|Intimidate|boost\n|-unboost|p2a: Zapdos|atk|1\n|move|p2a: Zapdos|Volt Switch|p1a: landorustherian\n|-immune|p1a: landorustherian\n|\n|upkeep\n|turn|4\n|\n|t:|1667528197\n|switch|p2a: Pelipper|Pelipper, M|100\/100\n|-weather|RainDance|[from] ability: Drizzle|[of] p2a: Pelipper\n|move|p1a: landorustherian|Earthquake|p2a: Pelipper\n|-immune|p2a: Pelipper\n|\n|-weather|RainDance|[upkeep]\n|upkeep\n|turn|5\n|\n|t:|1667528205\n|move|p2a: Pelipper|Weather Ball|p1a: landorustherian\n|-supereffective|p1a: landorustherian\n|-damage|p1a: landorustherian|0 fnt\n|faint|p1a: landorustherian\n|\n|-weather|RainDance|[upkeep]\n|upkeep\n|\n|t:|1667528205\n|switch|p1a: Weavile|Weavile, M|100\/100\n|-ability|p1a: Weavile|Pressure\n|turn|6\n|\n|t:|1667528210\n|switch|p2a: Tyranitar|Tyranitar, M|100\/100\n|-weather|Sandstorm|[from] ability: Sand Stream|[of] p2a: Tyranitar\n|move|p1a: Weavile|Knock Off|p2a: Tyranitar\n|-resisted|p2a: Tyranitar\n|-damage|p2a: Tyranitar|69\/100\n|-enditem|p2a: Tyranitar|Choice Band|[from] move: Knock Off|[of] p1a: Weavile\n|\n|-weather|Sandstorm|[upkeep]\n|-damage|p1a: Weavile|94\/100|[from] Sandstorm\n|upkeep\n|turn|7\n|\n|t:|1667528213\n|switch|p1a: Melmetal|Melmetal|100\/100\n|move|p2a: Tyranitar|Crunch|p1a: Melmetal\n|-damage|p1a: Melmetal|73\/100\n|\n|-weather|Sandstorm|[upkeep]\n|upkeep\n|turn|8\n|\n|t:|1667528220\n|switch|p2a: Ferrothorn|Ferrothorn, F|37\/100\n|move|p1a: Melmetal|Double Iron Bash|p2a: Ferrothorn\n|-resisted|p2a: Ferrothorn\n|-damage|p2a: Ferrothorn|25\/100\n|-damage|p1a: Melmetal|61\/100|[from] ability: Iron Barbs|[of] p2a: Ferrothorn\n|-resisted|p2a: Ferrothorn\n|-damage|p2a: Ferrothorn|12\/100\n|-damage|p1a: Melmetal|48\/100|[from] ability: Iron Barbs|[of] p2a: Ferrothorn\n|-hitcount|p2a: Ferrothorn|2\n|\n|-weather|Sandstorm|[upkeep]\n|-heal|p2a: Ferrothorn|19\/100|[from] item: Leftovers\n|upkeep\n|turn|9\n|\n|t:|1667528224\n|move|p1a: Melmetal|Double Iron Bash|p2a: Ferrothorn\n|-resisted|p2a: Ferrothorn\n|-damage|p2a: Ferrothorn|7\/100\n|-damage|p1a: Melmetal|36\/100|[from] ability: Iron Barbs|[of] p2a: Ferrothorn\n|-resisted|p2a: Ferrothorn\n|-damage|p2a: Ferrothorn|0 fnt\n|-damage|p1a: Melmetal|23\/100|[from] ability: Iron Barbs|[of] p2a: Ferrothorn\n|faint|p2a: Ferrothorn\n|-hitcount|p2: Ferrothorn|2\n|\n|-weather|Sandstorm|[upkeep]\n|upkeep\n|\n|t:|1667528229\n|switch|p2a: Pelipper|Pelipper, M|100\/100\n|-weather|RainDance|[from] ability: Drizzle|[of] p2a: Pelipper\n|turn|10\n|\n|t:|1667528232\n|switch|p1a: rotomwash|Rotom-Wash|100\/100\n|move|p2a: Pelipper|Weather Ball|p1a: rotomwash\n|-resisted|p1a: rotomwash\n|-damage|p1a: rotomwash|44\/100\n|\n|-weather|RainDance|[upkeep]\n|-heal|p1a: rotomwash|50\/100|[from] item: Leftovers\n|upkeep\n|turn|11\n|\n|t:|1667528243\n|switch|p2a: Excadrill|Excadrill, M|100\/100\n|move|p1a: rotomwash|Thunderbolt|p2a: Excadrill\n|-immune|p2a: Excadrill\n|\n|-weather|RainDance|[upkeep]\n|-heal|p1a: rotomwash|57\/100|[from] item: Leftovers\n|upkeep\n|turn|12\n|\n|t:|1667528248\n|move|p2a: Excadrill|Iron Head|p1a: rotomwash\n|-resisted|p1a: rotomwash\n|-damage|p1a: rotomwash|45\/100\n|move|p1a: rotomwash|Hydro Pump|p2a: Excadrill\n|-supereffective|p2a: Excadrill\n|-crit|p2a: Excadrill\n|-damage|p2a: Excadrill|0 fnt\n|faint|p2a: Excadrill\n|\n|-weather|RainDance|[upkeep]\n|-heal|p1a: rotomwash|51\/100|[from] item: Leftovers\n|upkeep\n|\n|t:|1667528256\n|switch|p2a: Zapdos|Zapdos|100\/100\n|turn|13\n|\n|t:|1667528258\n|move|p2a: Zapdos|Volt Switch|p1a: rotomwash\n|-damage|p1a: rotomwash|19\/100\n|\n|t:|1667528262\n|switch|p2a: Tyranitar|Tyranitar, M|69\/100|[from]move: Volt Switch\n|-weather|Sandstorm|[from] ability: Sand Stream|[of] p2a: Tyranitar\n|move|p1a: rotomwash|Pain Split|p2a: Tyranitar\n|-sethp|p2a: Tyranitar|43\/100|[from] move: Pain Split|[silent]\n|-sethp|p1a: rotomwash|48\/100|[from] move: Pain Split\n|\n|-weather|Sandstorm|[upkeep]\n|-damage|p1a: rotomwash|42\/100|[from] Sandstorm\n|-heal|p1a: rotomwash|48\/100|[from] item: Leftovers\n|upkeep\n|turn|14\n|\n|t:|1667528267\n|move|p1a: rotomwash|Hydro Pump|p2a: Tyranitar\n|-supereffective|p2a: Tyranitar\n|-damage|p2a: Tyranitar|0 fnt\n|faint|p2a: Tyranitar\n|\n|-weather|Sandstorm|[upkeep]\n|-damage|p1a: rotomwash|42\/100|[from] Sandstorm\n|-heal|p1a: rotomwash|48\/100|[from] item: Leftovers\n|upkeep\n|\n|t:|1667528272\n|switch|p2a: Urshifu|Urshifu-Rapid-Strike, M|100\/100\n|turn|15\n|\n|t:|1667528274\n|switch|p1a: Tangrowth|Tangrowth, F|100\/100\n|move|p2a: Urshifu|Close Combat|p1a: Tangrowth\n|-damage|p1a: Tangrowth|66\/100\n|-unboost|p2a: Urshifu|def|1\n|-unboost|p2a: Urshifu|spd|1\n|\n|-weather|Sandstorm|[upkeep]\n|-damage|p2a: Urshifu|94\/100|[from] Sandstorm\n|-damage|p1a: Tangrowth|60\/100|[from] Sandstorm\n|upkeep\n|turn|16\n|\n|t:|1667528278\n|switch|p2a: Pelipper|Pelipper, M|100\/100\n|-weather|RainDance|[from] ability: Drizzle|[of] p2a: Pelipper\n|move|p1a: Tangrowth|Sleep Powder|p2a: Pelipper\n|-status|p2a: Pelipper|slp|[from] move: Sleep Powder\n|\n|-weather|RainDance|[upkeep]\n|upkeep\n|turn|17\n|\n|t:|1667528280\n|switch|p2a: Zapdos|Zapdos|100\/100\n|switch|p1a: rotomwash|Rotom-Wash|48\/100\n|\n|-weather|RainDance|[upkeep]\n|-heal|p1a: rotomwash|54\/100|[from] item: Leftovers\n|upkeep\n|turn|18\n|\n|t:|1667528282\n|move|p2a: Zapdos|Discharge|p1a: rotomwash\n|-damage|p1a: rotomwash|17\/100\n|move|p1a: rotomwash|Pain Split|p2a: Zapdos\n|-sethp|p2a: Zapdos|57\/100|[from] move: Pain Split|[silent]\n|-sethp|p1a: rotomwash|72\/100|[from] move: Pain Split\n|\n|-weather|RainDance|[upkeep]\n|-heal|p1a: rotomwash|78\/100|[from] item: Leftovers\n|upkeep\n|turn|19\n|\n|t:|1667528284\n|move|p2a: Zapdos|Discharge|p1a: rotomwash\n|-damage|p1a: rotomwash|42\/100\n|move|p1a: rotomwash|Pain Split|p2a: Zapdos\n|-sethp|p2a: Zapdos|45\/100|[from] move: Pain Split|[silent]\n|-sethp|p1a: rotomwash|57\/100|[from] move: Pain Split\n|\n|-weather|RainDance|[upkeep]\n|-heal|p1a: rotomwash|63\/100|[from] item: Leftovers\n|upkeep\n|turn|20\n|\n|t:|1667528286\n|move|p2a: Zapdos|Discharge|p1a: rotomwash\n|-damage|p1a: rotomwash|27\/100\n|move|p1a: rotomwash|Pain Split|p2a: Zapdos\n|-sethp|p2a: Zapdos|33\/100|[from] move: Pain Split|[silent]\n|-sethp|p1a: rotomwash|42\/100|[from] move: Pain Split\n|\n|-weather|none\n|-heal|p1a: rotomwash|48\/100|[from] item: Leftovers\n|upkeep\n|turn|21\n|\n|t:|1667528288\n|move|p2a: Zapdos|Discharge|p1a: rotomwash\n|-damage|p1a: rotomwash|11\/100\n|move|p1a: rotomwash|Pain Split|p2a: Zapdos\n|-sethp|p2a: Zapdos|21\/100|[from] move: Pain Split|[silent]\n|-sethp|p1a: rotomwash|26\/100|[from] move: Pain Split\n|\n|-heal|p1a: rotomwash|32\/100|[from] item: Leftovers\n|upkeep\n|turn|22\n|\n|t:|1667528290\n|switch|p1a: Heatran|Heatran, M|100\/100\n|-item|p1a: Heatran|Air Balloon\n|move|p2a: Zapdos|Discharge|p1a: Heatran\n|-damage|p1a: Heatran|65\/100\n|-enditem|p1a: Heatran|Air Balloon\n|\n|upkeep\n|turn|23\n|\n|t:|1667528292\n|move|p2a: Zapdos|Roost|p2a: Zapdos\n|-heal|p2a: Zapdos|71\/100\n|-singleturn|p2a: Zapdos|move: Roost\n|move|p1a: Heatran|Magma Storm|p2a: Zapdos\n|-damage|p2a: Zapdos|21\/100\n|-activate|p2a: Zapdos|move: Magma Storm|[of] p1a: Heatran\n|\n|-damage|p2a: Zapdos|9\/100|[from] move: Magma Storm|[partiallytrapped]\n|upkeep\n|turn|24\n|\n|t:|1667528294\n|move|p2a: Zapdos|Volt Switch|p1a: Heatran\n|-damage|p1a: Heatran|34\/100\n|\n|t:|1667528296\n|switch|p2a: Urshifu|Urshifu-Rapid-Strike, M|94\/100|[from]move: Volt Switch\n|move|p1a: Heatran|Magma Storm|p2a: Urshifu\n|-resisted|p2a: Urshifu\n|-damage|p2a: Urshifu|57\/100\n|-activate|p2a: Urshifu|move: Magma Storm|[of] p1a: Heatran\n|\n|-damage|p2a: Urshifu|44\/100|[from] move: Magma Storm|[partiallytrapped]\n|upkeep\n|turn|25\n|\n|t:|1667528299\n|switch|p1a: Tangrowth|Tangrowth, F|93\/100\n|move|p2a: Urshifu|Close Combat|p1a: Tangrowth\n|-damage|p1a: Tangrowth|59\/100\n|-unboost|p2a: Urshifu|def|1\n|-unboost|p2a: Urshifu|spd|1\n|\n|-end|p2a: Urshifu|Magma Storm|[partiallytrapped]|[silent]\n|upkeep\n|turn|26\n|\n|t:|1667528303\n|move|p2a: Urshifu|Close Combat|p1a: Tangrowth\n|-damage|p1a: Tangrowth|26\/100\n|-unboost|p2a: Urshifu|def|1\n|-unboost|p2a: Urshifu|spd|1\n|move|p1a: Tangrowth|Giga Drain|p2a: Urshifu\n|-supereffective|p2a: Urshifu\n|-damage|p2a: Urshifu|0 fnt\n|-heal|p1a: Tangrowth|45\/100|[from] drain|[of] p2a: Urshifu\n|faint|p2a: Urshifu\n|\n|upkeep\n|\n|t:|1667528304\n|switch|p2a: Pelipper|Pelipper, M|100\/100 slp\n|-weather|RainDance|[from] ability: Drizzle|[of] p2a: Pelipper\n|turn|27\n|\n|t:|1667528306\n|switch|p1a: rotomwash|Rotom-Wash|32\/100\n|cant|p2a: Pelipper|slp\n|\n|-weather|RainDance|[upkeep]\n|-heal|p1a: rotomwash|39\/100|[from] item: Leftovers\n|upkeep\n|turn|28\n|\n|t:|1667528307\n|move|p1a: rotomwash|Thunderbolt|p2a: Pelipper\n|-supereffective|p2a: Pelipper\n|-damage|p2a: Pelipper|0 fnt\n|faint|p2a: Pelipper\n|\n|-weather|RainDance|[upkeep]\n|-heal|p1a: rotomwash|45\/100|[from] item: Leftovers\n|upkeep\n|\n|t:|1667528309\n|switch|p2a: Zapdos|Zapdos|9\/100\n|turn|29\n|\n|t:|1667528312\n|move|p2a: Zapdos|Roost|p2a: Zapdos\n|-heal|p2a: Zapdos|59\/100\n|-singleturn|p2a: Zapdos|move: Roost\n|move|p1a: rotomwash|Hydro Pump|p2a: Zapdos\n|-damage|p2a: Zapdos|0 fnt\n|faint|p2a: Zapdos\n|\n|win|minimax_ai\n|raw|minimax_ai's rating: 1594 &rarr; <strong>1616<\/strong><br \/>(+22 for winning)\n|raw|dracaufeu shiny's rating: 1623 &rarr; <strong>1601<\/strong><br \/>(-22 for losing)\n|c|\u2606minimax_ai|gg\n","uploadtime":1667528313,"views":8,"p1id":"minimaxai","p2id":"dracaufeushiny","formatid":"gen8ou","rating":1601,"private":0,"password":null}