{"id":"gen8nationaldex-1600544271","p1":"EnzoIII","p2":"LECH24","format":"gen8nationaldex","log":"|j|\u2606EnzoIII\n|j|\u2606LECH24\n|t:|1655753007\n|gametype|singles\n|player|p1|EnzoIII|1|1581\n|player|p2|LECH24|266|1676\n|teamsize|p1|6\n|teamsize|p2|6\n|gen|8\n|tier|[Gen 8] National Dex\n|rated|\n|rule|HP Percentage Mod: HP is shown in percentages\n|rule|Endless Battle Clause: Forcing endless battles is banned\n|rule|OHKO Clause: OHKO moves are banned\n|rule|Evasion Moves Clause: Evasion moves are banned\n|rule|Species Clause: Limit one of each Pok\u00e9mon\n|rule|Dynamax Clause: You cannot dynamax\n|rule|Sleep Clause Mod: Limit one foe put to sleep\n|clearpoke\n|poke|p1|Shaymin|\n|poke|p1|Heatran, M|\n|poke|p1|Landorus-Therian, M|\n|poke|p1|Tapu Fini|\n|poke|p1|Weavile, M|\n|poke|p1|Charizard, M|\n|poke|p2|Houndoom, M|\n|poke|p2|Tapu Lele|\n|poke|p2|Deoxys-Defense|\n|poke|p2|Heatran, M|\n|poke|p2|Rillaboom, F|\n|poke|p2|Gliscor, M|\n|teampreview\n|\n|t:|1655753020\n|start\n|switch|p1a: Weavile|Weavile, M|100\/100\n|switch|p2a: Deoxys|Deoxys-Defense|100\/100\n|-ability|p1a: Weavile|Pressure\n|-ability|p2a: Deoxys|Pressure\n|turn|1\n|\n|t:|1655753028\n|move|p1a: Weavile|Swords Dance|p1a: Weavile\n|-boost|p1a: Weavile|atk|2\n|move|p2a: Deoxys|Spikes|p1a: Weavile\n|-sidestart|p1: EnzoIII|Spikes\n|\n|upkeep\n|turn|2\n|\n|t:|1655753032\n|move|p1a: Weavile|Knock Off|p2a: Deoxys\n|-supereffective|p2a: Deoxys\n|-damage|p2a: Deoxys|0 fnt\n|-damage|p1a: Weavile|84\/100|[from] item: Rocky Helmet|[of] p2a: Deoxys\n|-enditem|p2a: Deoxys|Rocky Helmet|[from] move: Knock Off|[of] p1a: Weavile\n|faint|p2a: Deoxys\n|\n|upkeep\n|\n|t:|1655753034\n|switch|p2a: Tapu Lele|Tapu Lele|100\/100\n|-fieldstart|move: Psychic Terrain|[from] ability: Psychic Surge|[of] p2a: Tapu Lele\n|turn|3\n|\n|t:|1655753041\n|switch|p2a: Gliscor|Gliscor, M|100\/100\n|switch|p1a: Heatran|Heatran, M|100\/100\n|-damage|p1a: Heatran|88\/100|[from] Spikes\n|\n|-heal|p1a: Heatran|94\/100|[from] item: Leftovers\n|-status|p2a: Gliscor|tox|[from] item: Toxic Orb\n|upkeep\n|turn|4\n|\n|t:|1655753052\n|switch|p1a: Landorus|Landorus-Therian, M|100\/100\n|-ability|p1a: Landorus|Intimidate|boost\n|-unboost|p2a: Gliscor|atk|1\n|move|p2a: Gliscor|Earthquake|p1a: Landorus\n|-immune|p1a: Landorus\n|\n|upkeep\n|turn|5\n|\n|t:|1655753057\n|switch|p1a: Tapu Fini|Tapu Fini|100\/100\n|-damage|p1a: Tapu Fini|88\/100|[from] Spikes\n|-fieldstart|move: Misty Terrain|[from] ability: Misty Surge|[of] p1a: Tapu Fini\n|move|p2a: Gliscor|Stealth Rock|p1a: Tapu Fini\n|-sidestart|p1: EnzoIII|move: Stealth Rock\n|\n|-heal|p1a: Tapu Fini|94\/100|[from] item: Leftovers\n|upkeep\n|turn|6\n|\n|t:|1655753063\n|move|p2a: Gliscor|Earthquake|p1a: Tapu Fini\n|-damage|p1a: Tapu Fini|77\/100\n|move|p1a: Tapu Fini|Defog|p2a: Gliscor\n|-unboost|p2a: Gliscor|evasion|1\n|-sideend|p1: EnzoIII|Spikes|[from] move: Defog|[of] p1a: Tapu Fini\n|-sideend|p1: EnzoIII|Stealth Rock|[from] move: Defog|[of] p1a: Tapu Fini\n|-fieldend|Misty Terrain\n|\n|-heal|p1a: Tapu Fini|83\/100|[from] item: Leftovers\n|upkeep\n|turn|7\n|\n|t:|1655753068\n|move|p2a: Gliscor|Earthquake|p1a: Tapu Fini\n|-damage|p1a: Tapu Fini|63\/100\n|move|p1a: Tapu Fini|Scald|p2a: Gliscor\n|-supereffective|p2a: Gliscor\n|-damage|p2a: Gliscor|49\/100 tox\n|\n|-heal|p1a: Tapu Fini|69\/100|[from] item: Leftovers\n|-heal|p2a: Gliscor|61\/100 tox|[from] ability: Poison Heal\n|upkeep\n|turn|8\n|\n|t:|1655753076\n|move|p2a: Gliscor|U-turn|p1a: Tapu Fini\n|-resisted|p1a: Tapu Fini\n|-damage|p1a: Tapu Fini|65\/100\n|\n|t:|1655753078\n|switch|p2a: Tapu Lele|Tapu Lele|100\/100|[from]move: U-turn\n|-fieldstart|move: Psychic Terrain|[from] ability: Psychic Surge|[of] p2a: Tapu Lele\n|move|p1a: Tapu Fini|Scald|p2a: Tapu Lele\n|-crit|p2a: Tapu Lele\n|-damage|p2a: Tapu Lele|55\/100\n|-status|p2a: Tapu Lele|brn\n|\n|-heal|p1a: Tapu Fini|71\/100|[from] item: Leftovers\n|-damage|p2a: Tapu Lele|49\/100 brn|[from] brn\n|upkeep\n|turn|9\n|\n|t:|1655753088\n|switch|p1a: Heatran|Heatran, M|94\/100\n|move|p2a: Tapu Lele|Moonblast|p1a: Heatran\n|-resisted|p1a: Heatran\n|-damage|p1a: Heatran|86\/100\n|\n|-heal|p1a: Heatran|92\/100|[from] item: Leftovers\n|-damage|p2a: Tapu Lele|43\/100 brn|[from] brn\n|upkeep\n|turn|10\n|\n|t:|1655753095\n|switch|p2a: Heatran|Heatran, M|100\/100\n|move|p1a: Heatran|Magma Storm|p2a: Heatran\n|-start|p2a: Heatran|ability: Flash Fire\n|\n|-heal|p1a: Heatran|98\/100|[from] item: Leftovers\n|upkeep\n|turn|11\n|\n|t:|1655753099\n|move|p2a: Heatran|Earth Power|p1a: Heatran\n|-supereffective|p1a: Heatran\n|-damage|p1a: Heatran|19\/100\n|move|p1a: Heatran|Earth Power|p2a: Heatran\n|-supereffective|p2a: Heatran\n|-damage|p2a: Heatran|4\/100\n|\n|-heal|p1a: Heatran|26\/100|[from] item: Leftovers\n|upkeep\n|turn|12\n|\n|t:|1655753105\n|move|p2a: Heatran|Earth Power|p1a: Heatran\n|-supereffective|p1a: Heatran\n|-damage|p1a: Heatran|0 fnt\n|faint|p1a: Heatran\n|\n|-fieldend|move: Psychic Terrain\n|upkeep\n|\n|t:|1655753120\n|switch|p1a: Weavile|Weavile, M|84\/100\n|-ability|p1a: Weavile|Pressure\n|turn|13\n|\n|t:|1655753124\n|move|p1a: Weavile|Knock Off|p2a: Heatran\n|-damage|p2a: Heatran|0 fnt\n|faint|p2a: Heatran\n|\n|upkeep\n|\n|t:|1655753128\n|switch|p2a: Houndoom|Houndoom, M|100\/100\n|turn|14\n|\n|t:|1655753143\n|switch|p2a: Rillaboom|Rillaboom, F|100\/100\n|-fieldstart|move: Grassy Terrain|[from] ability: Grassy Surge|[of] p2a: Rillaboom\n|move|p1a: Weavile|Triple Axel|p2a: Rillaboom\n|-supereffective|p2a: Rillaboom\n|-damage|p2a: Rillaboom|79\/100\n|-supereffective|p2a: Rillaboom\n|-damage|p2a: Rillaboom|38\/100\n|-supereffective|p2a: Rillaboom\n|-damage|p2a: Rillaboom|0 fnt\n|faint|p2a: Rillaboom\n|-hitcount|p2: Rillaboom|3\n|\n|-heal|p1a: Weavile|90\/100|[from] Grassy Terrain\n|upkeep\n|-message|LECH24 forfeited.\n|\n|win|EnzoIII\n|raw|EnzoIII's rating: 1581 &rarr; <strong>1606<\/strong><br \/>(+25 for winning)\n|raw|LECH24's rating: 1676 &rarr; <strong>1651<\/strong><br \/>(-25 for losing)\n|l|\u2606LECH24\n","uploadtime":1655753153,"views":9,"p1id":"enzoiii","p2id":"lech24","formatid":"gen8nationaldex","rating":1606,"private":0,"password":null}