{"id":"gen8uu-1038624079","p1":"TryHonesty","p2":"SenorRojo227","format":"gen8uu","log":"|j|\u2606TryHonesty\n|j|\u2606SenorRojo227\n|player|p1|TryHonesty|2|1265\n|player|p2|SenorRojo227|flint|1353\n|teamsize|p1|6\n|teamsize|p2|6\n|gametype|singles\n|gen|8\n|tier|[Gen 8] UU\n|rated|\n|rule|Sleep Clause Mod: Limit one foe put to sleep\n|rule|Species Clause: Limit one of each Pok\u00e9mon\n|rule|OHKO Clause: OHKO moves are banned\n|rule|Evasion Moves Clause: Evasion moves are banned\n|rule|Endless Battle Clause: Forcing endless battles is banned\n|rule|HP Percentage Mod: HP is shown in percentages\n|clearpoke\n|poke|p1|Flygon, M|\n|poke|p1|Passimian, F|\n|poke|p1|Froslass, F|\n|poke|p1|Eiscue, F|\n|poke|p1|Duraludon, M|\n|poke|p1|Weavile, M|\n|poke|p2|Lucario, M|\n|poke|p2|Dhelmise|\n|poke|p2|Rhyperior, F|\n|poke|p2|Weezing-Galar, M|\n|poke|p2|Obstagoon, M|\n|poke|p2|Milotic, M|\n|rule|Dynamax Clause: You cannot dynamax\n|teampreview\n|c|\u2606SenorRojo227|glhf\n|inactive|Battle timer is ON: inactive players will automatically lose when time's up. (requested by TryHonesty)\n|c|\u2606TryHonesty|Don't tell me what to do fascist\n|c|\u2606TryHonesty|Another day in Trump's America\n|inactive|TryHonesty has 120 seconds left.\n|c|\u2606SenorRojo227|Stop pretending you have free will\n|c|\u2606SenorRojo227|You will have fun\n|inactive|TryHonesty has 90 seconds left.\n|\n|start\n|switch|p1a: Froslass|Froslass, F|100\/100\n|switch|p2a: Obstagoon|Obstagoon, M|100\/100\n|turn|1\n|\n|move|p1a: Froslass|Ice Beam|p2a: Obstagoon\n|-damage|p2a: Obstagoon|49\/100\n|-damage|p1a: Froslass|91\/100|[from] item: Life Orb\n|move|p2a: Obstagoon|Knock Off|p1a: Froslass\n|-supereffective|p1a: Froslass\n|-damage|p1a: Froslass|0 fnt\n|-enditem|p1a: Froslass|Life Orb|[from] move: Knock Off|[of] p2a: Obstagoon\n|faint|p1a: Froslass\n|\n|-status|p2a: Obstagoon|brn|[from] item: Flame Orb\n|upkeep\n|\n|switch|p1a: Eiscue|Eiscue, F|100\/100\n|turn|2\n|\n|move|p2a: Obstagoon|Taunt|p1a: Eiscue\n|-start|p1a: Eiscue|move: Taunt\n|cant|p1a: Eiscue|move: Taunt|Belly Drum\n|\n|-damage|p2a: Obstagoon|43\/100 brn|[from] brn\n|upkeep\n|turn|3\n|\n|switch|p1a: Duraludon|Duraludon, M|100\/100\n|move|p2a: Obstagoon|Knock Off|p1a: Duraludon\n|-damage|p1a: Duraludon|40\/100\n|-enditem|p1a: Duraludon|Life Orb|[from] move: Knock Off|[of] p2a: Obstagoon\n|\n|-damage|p2a: Obstagoon|37\/100 brn|[from] brn\n|upkeep\n|turn|4\n|\n|move|p2a: Obstagoon|Close Combat|p1a: Duraludon\n|-supereffective|p1a: Duraludon\n|-damage|p1a: Duraludon|0 fnt\n|-unboost|p2a: Obstagoon|def|1\n|-unboost|p2a: Obstagoon|spd|1\n|faint|p1a: Duraludon\n|\n|-damage|p2a: Obstagoon|30\/100 brn|[from] brn\n|upkeep\n|\n|switch|p1a: Weavile|Weavile, M|100\/100\n|turn|5\n|\n|switch|p2a: Weezing|Weezing-Galar, M|100\/100\n|move|p1a: Weavile|Ice Punch|p2a: Weezing\n|-damage|p2a: Weezing|63\/100\n|-damage|p1a: Weavile|84\/100|[from] item: Rocky Helmet|[of] p2a: Weezing\n|-damage|p1a: Weavile|74\/100|[from] item: Life Orb\n|\n|upkeep\n|turn|6\n|\n|move|p1a: Weavile|Ice Punch|p2a: Weezing\n|-damage|p2a: Weezing|30\/100\n|-damage|p1a: Weavile|58\/100|[from] item: Rocky Helmet|[of] p2a: Weezing\n|-damage|p1a: Weavile|48\/100|[from] item: Life Orb\n|move|p2a: Weezing|Flamethrower|p1a: Weavile\n|-supereffective|p1a: Weavile\n|-damage|p1a: Weavile|0 fnt\n|faint|p1a: Weavile\n|\n|upkeep\n|\n|switch|p1a: Flygon|Flygon, M|100\/100\n|turn|7\n|\n|move|p1a: Flygon|Steel Wing|p2a: Weezing\n|-supereffective|p2a: Weezing\n|-damage|p2a: Weezing|0 fnt\n|-damage|p1a: Flygon|84\/100|[from] item: Rocky Helmet|[of] p2a: Weezing\n|-damage|p1a: Flygon|74\/100|[from] item: Life Orb\n|faint|p2a: Weezing\n|\n|upkeep\n|\n|switch|p2a: Milotic|Milotic, M|100\/100\n|turn|8\n|\n|move|p1a: Flygon|Dragon Dance|p1a: Flygon\n|-boost|p1a: Flygon|atk|1\n|-boost|p1a: Flygon|spe|1\n|move|p2a: Milotic|Ice Beam|p1a: Flygon\n|-supereffective|p1a: Flygon\n|-damage|p1a: Flygon|0 fnt\n|faint|p1a: Flygon\n|\n|upkeep\n|\n|switch|p1a: Eiscue|Eiscue, F|100\/100\n|turn|9\n|\n|move|p1a: Eiscue|Belly Drum|p1a: Eiscue\n|-damage|p1a: Eiscue|50\/100\n|-setboost|p1a: Eiscue|atk|6|[from] move: Belly Drum\n|move|p2a: Milotic|Haze|p2a: Milotic\n|-clearallboost\n|\n|upkeep\n|turn|10\n|\n|move|p1a: Eiscue|Belly Drum||[still]\n|-fail|p1a: Eiscue\n|move|p2a: Milotic|Scald|p1a: Eiscue\n|-damage|p1a: Eiscue|16\/100\n|-enditem|p1a: Eiscue|Salac Berry|[eat]\n|-boost|p1a: Eiscue|spe|1\n|\n|upkeep\n|turn|11\n|-message|TryHonesty forfeited.\n|\n|win|SenorRojo227\n|l|\u2606TryHonesty\n|raw|TryHonesty's rating: 1265 &rarr; <strong>1246<\/strong><br \/>(-19 for losing)\n|raw|SenorRojo227's rating: 1353 &rarr; <strong>1368<\/strong><br \/>(+15 for winning)\n","uploadtime":1577797171,"views":5,"p1id":"tryhonesty","p2id":"senorrojo227","formatid":"gen8uu","rating":1246,"private":0,"password":null}