{"id":"gen8ou-1670504576","p1":"machugen","p2":"Exxxn","format":"gen8ou","log":"|j|\u2606machugen\n|j|\u2606Exxxn\n|t:|1664170471\n|gametype|singles\n|player|p1|machugen|byron|1656\n|player|p2|Exxxn|swimmerf-gen4|1609\n|teamsize|p1|6\n|teamsize|p2|6\n|gen|8\n|tier|[Gen 8] OU\n|rated|\n|rule|Sleep Clause Mod: Limit one foe put to sleep\n|rule|Species Clause: Limit one of each Pok\u00e9mon\n|rule|OHKO Clause: OHKO moves are banned\n|rule|Evasion Items Clause: Evasion items are banned\n|rule|Evasion Moves Clause: Evasion moves are banned\n|rule|Endless Battle Clause: Forcing endless battles is banned\n|rule|HP Percentage Mod: HP is shown in percentages\n|rule|Dynamax Clause: You cannot dynamax\n|clearpoke\n|poke|p1|Nihilego|\n|poke|p1|Kartana|\n|poke|p1|Magnezone|\n|poke|p1|Slowbro, M|\n|poke|p1|Tornadus-Therian, M|\n|poke|p1|Hippowdon, M|\n|poke|p2|Landorus-Therian, M|\n|poke|p2|Ninetales-Alola, M|\n|poke|p2|Slowking-Galar, F|\n|poke|p2|Zapdos|\n|poke|p2|Volcanion|\n|poke|p2|Kartana|\n|teampreview\n|\n|t:|1664170478\n|start\n|switch|p1a: Tornadus|Tornadus-Therian, M|100\/100\n|switch|p2a: Ninetales|Ninetales-Alola, M|100\/100\n|-weather|Hail|[from] ability: Snow Warning|[of] p2a: Ninetales\n|turn|1\n|\n|t:|1664170492\n|move|p1a: Tornadus|U-turn|p2a: Ninetales\n|-resisted|p2a: Ninetales\n|-damage|p2a: Ninetales|89\/100\n|\n|t:|1664170493\n|switch|p1a: Hippowdon|Hippowdon, M|100\/100|[from]move: U-turn\n|-weather|Sandstorm|[from] ability: Sand Stream|[of] p1a: Hippowdon\n|move|p2a: Ninetales|Aurora Veil||[still]\n|-fail|p2a: Ninetales\n|\n|-weather|Sandstorm|[upkeep]\n|-damage|p2a: Ninetales|83\/100|[from] Sandstorm\n|upkeep\n|turn|2\n|\n|t:|1664170498\n|move|p2a: Ninetales|Blizzard|p1a: Hippowdon\n|-supereffective|p1a: Hippowdon\n|-damage|p1a: Hippowdon|44\/100\n|move|p1a: Hippowdon|Stealth Rock|p2a: Ninetales\n|-sidestart|p2: Exxxn|move: Stealth Rock\n|\n|-weather|Sandstorm|[upkeep]\n|-damage|p2a: Ninetales|78\/100|[from] Sandstorm\n|-heal|p1a: Hippowdon|50\/100|[from] item: Leftovers\n|upkeep\n|turn|3\n|\n|t:|1664170504\n|switch|p2a: Landorus|Landorus-Therian, M|100\/100\n|-damage|p2a: Landorus|88\/100|[from] Stealth Rock\n|-ability|p2a: Landorus|Intimidate|boost\n|-unboost|p1a: Hippowdon|atk|1\n|move|p1a: Hippowdon|Slack Off|p1a: Hippowdon\n|-heal|p1a: Hippowdon|100\/100\n|\n|-weather|Sandstorm|[upkeep]\n|-heal|p2a: Landorus|94\/100|[from] item: Leftovers\n|upkeep\n|turn|4\n|\n|t:|1664170508\n|move|p2a: Landorus|Swords Dance|p2a: Landorus\n|-boost|p2a: Landorus|atk|2\n|move|p1a: Hippowdon|Toxic|p2a: Landorus\n|-status|p2a: Landorus|tox\n|\n|-weather|Sandstorm|[upkeep]\n|-heal|p2a: Landorus|99\/100 tox|[from] item: Leftovers\n|-damage|p2a: Landorus|94\/100 tox|[from] psn\n|upkeep\n|turn|5\n|\n|t:|1664170513\n|switch|p1a: Slowbro|Slowbro, M|100\/100\n|move|p2a: Landorus|Rock Polish|p2a: Landorus\n|-boost|p2a: Landorus|spe|2\n|\n|-weather|none\n|-heal|p2a: Landorus|99\/100 tox|[from] item: Leftovers\n|-damage|p2a: Landorus|88\/100 tox|[from] psn\n|upkeep\n|turn|6\n|\n|t:|1664170516\n|move|p2a: Landorus|Earthquake|p1a: Slowbro\n|-damage|p1a: Slowbro|26\/100\n|move|p1a: Slowbro|Ice Beam|p2a: Landorus\n|-supereffective|p2a: Landorus\n|-damage|p2a: Landorus|0 fnt\n|faint|p2a: Landorus\n|\n|upkeep\n|\n|t:|1664170519\n|switch|p2a: Zapdos|Zapdos|100\/100\n|turn|7\n|\n|t:|1664170523\n|switch|p1a: Hippowdon|Hippowdon, M|100\/100\n|-weather|Sandstorm|[from] ability: Sand Stream|[of] p1a: Hippowdon\n|move|p2a: Zapdos|Defog|p1a: Hippowdon\n|-unboost|p1a: Hippowdon|evasion|1\n|-sideend|p2: Exxxn|Stealth Rock|[from] move: Defog|[of] p2a: Zapdos\n|\n|-weather|Sandstorm|[upkeep]\n|-damage|p2a: Zapdos|94\/100|[from] Sandstorm\n|upkeep\n|turn|8\n|\n|t:|1664170526\n|move|p2a: Zapdos|Hurricane|p1a: Hippowdon\n|-damage|p1a: Hippowdon|60\/100\n|move|p1a: Hippowdon|Stealth Rock|p2a: Zapdos\n|-sidestart|p2: Exxxn|move: Stealth Rock\n|\n|-weather|Sandstorm|[upkeep]\n|-damage|p2a: Zapdos|88\/100|[from] Sandstorm\n|-heal|p1a: Hippowdon|66\/100|[from] item: Leftovers\n|upkeep\n|turn|9\n|\n|t:|1664170530\n|move|p2a: Zapdos|Hurricane|p1a: Hippowdon\n|-crit|p1a: Hippowdon\n|-damage|p1a: Hippowdon|2\/100\n|move|p1a: Hippowdon|Slack Off|p1a: Hippowdon\n|-heal|p1a: Hippowdon|52\/100\n|\n|-weather|Sandstorm|[upkeep]\n|-damage|p2a: Zapdos|82\/100|[from] Sandstorm\n|-heal|p1a: Hippowdon|58\/100|[from] item: Leftovers\n|upkeep\n|turn|10\n|\n|t:|1664170540\n|switch|p1a: Nihilego|Nihilego|100\/100\n|move|p2a: Zapdos|Hurricane|p1a: Nihilego\n|-resisted|p1a: Nihilego\n|-damage|p1a: Nihilego|87\/100\n|-start|p1a: Nihilego|confusion\n|\n|-weather|Sandstorm|[upkeep]\n|-damage|p2a: Zapdos|76\/100|[from] Sandstorm\n|upkeep\n|turn|11\n|\n|t:|1664170544\n|switch|p1a: Hippowdon|Hippowdon, M|58\/100\n|move|p2a: Zapdos|Defog|p1a: Hippowdon\n|-unboost|p1a: Hippowdon|evasion|1\n|-sideend|p2: Exxxn|Stealth Rock|[from] move: Defog|[of] p2a: Zapdos\n|\n|-weather|none\n|-heal|p1a: Hippowdon|64\/100|[from] item: Leftovers\n|upkeep\n|turn|12\n|\n|t:|1664170549\n|move|p2a: Zapdos|Hurricane|p1a: Hippowdon\n|-damage|p1a: Hippowdon|25\/100\n|-start|p1a: Hippowdon|confusion\n|-activate|p1a: Hippowdon|confusion\n|move|p1a: Hippowdon|Slack Off|p1a: Hippowdon\n|-heal|p1a: Hippowdon|75\/100\n|\n|-heal|p1a: Hippowdon|81\/100|[from] item: Leftovers\n|upkeep\n|turn|13\n|\n|t:|1664170559\n|switch|p2a: Kartana|Kartana|100\/100\n|switch|p1a: Nihilego|Nihilego|87\/100\n|\n|upkeep\n|turn|14\n|\n|t:|1664170562\n|switch|p1a: Tornadus|Tornadus-Therian, M|100\/100\n|move|p2a: Kartana|Smart Strike|p1a: Tornadus\n|-damage|p1a: Tornadus|35\/100\n|-damage|p2a: Kartana|91\/100|[from] item: Life Orb\n|\n|upkeep\n|turn|15\n|\n|t:|1664170586\n|switch|p2a: Slowking|Slowking-Galar, F|100\/100\n|move|p1a: Tornadus|U-turn|p2a: Slowking\n|-damage|p2a: Slowking|84\/100\n|\n|t:|1664170588\n|switch|p1a: Hippowdon|Hippowdon, M|81\/100|[from]move: U-turn\n|-weather|Sandstorm|[from] ability: Sand Stream|[of] p1a: Hippowdon\n|\n|-weather|Sandstorm|[upkeep]\n|-damage|p2a: Slowking|78\/100|[from] Sandstorm\n|-heal|p1a: Hippowdon|87\/100|[from] item: Leftovers\n|-heal|p2a: Slowking|84\/100|[from] item: Leftovers\n|upkeep\n|turn|16\n|\n|t:|1664170593\n|move|p1a: Hippowdon|Earthquake|p2a: Slowking\n|-supereffective|p2a: Slowking\n|-crit|p2a: Slowking\n|-damage|p2a: Slowking|0 fnt\n|faint|p2a: Slowking\n|\n|-weather|Sandstorm|[upkeep]\n|-heal|p1a: Hippowdon|94\/100|[from] item: Leftovers\n|upkeep\n|\n|t:|1664170597\n|switch|p2a: Volcanion|Volcanion|100\/100\n|turn|17\n|\n|t:|1664170598\n|switch|p1a: Slowbro|Slowbro, M|60\/100\n|move|p2a: Volcanion|Steam Eruption|p1a: Slowbro\n|-resisted|p1a: Slowbro\n|-damage|p1a: Slowbro|25\/100\n|\n|-weather|Sandstorm|[upkeep]\n|-damage|p2a: Volcanion|94\/100|[from] Sandstorm\n|-damage|p1a: Slowbro|19\/100|[from] Sandstorm\n|upkeep\n|turn|18\n|\n|t:|1664170603\n|move|p2a: Volcanion|Steam Eruption|p1a: Slowbro\n|-resisted|p1a: Slowbro\n|-damage|p1a: Slowbro|0 fnt\n|faint|p1a: Slowbro\n|\n|-weather|Sandstorm|[upkeep]\n|-damage|p2a: Volcanion|88\/100|[from] Sandstorm\n|upkeep\n|\n|t:|1664170605\n|switch|p1a: Nihilego|Nihilego|87\/100\n|turn|19\n|\n|t:|1664170611\n|move|p1a: Nihilego|Meteor Beam||[still]\n|-prepare|p1a: Nihilego|Meteor Beam\n|-boost|p1a: Nihilego|spa|1\n|-enditem|p1a: Nihilego|Power Herb\n|-anim|p1a: Nihilego|Meteor Beam|p2a: Volcanion\n|-supereffective|p2a: Volcanion\n|-damage|p2a: Volcanion|0 fnt\n|faint|p2a: Volcanion\n|-ability|p1a: Nihilego|Beast Boost|boost\n|-boost|p1a: Nihilego|spa|1\n|\n|-weather|none\n|upkeep\n|j| Uncletdog99\n|\n|t:|1664170618\n|switch|p2a: Kartana|Kartana|91\/100\n|turn|20\n|\n|t:|1664170622\n|switch|p1a: Tornadus|Tornadus-Therian, M|69\/100\n|move|p2a: Kartana|Leaf Blade|p1a: Tornadus\n|-resisted|p1a: Tornadus\n|-damage|p1a: Tornadus|28\/100\n|-damage|p2a: Kartana|81\/100|[from] item: Life Orb\n|\n|upkeep\n|turn|21\n|\n|t:|1664170629\n|move|p1a: Tornadus|U-turn|p2a: Kartana\n|-damage|p2a: Kartana|67\/100\n|\n|t:|1664170631\n|switch|p1a: Magnezone|Magnezone|100\/100|[from]move: U-turn\n|-item|p1a: Magnezone|Air Balloon\n|move|p2a: Kartana|Smart Strike|p1a: Magnezone\n|-resisted|p1a: Magnezone\n|-damage|p1a: Magnezone|90\/100\n|-enditem|p1a: Magnezone|Air Balloon\n|-damage|p2a: Kartana|58\/100|[from] item: Life Orb\n|\n|upkeep\n|turn|22\n|\n|t:|1664170633\n|move|p2a: Kartana|Sacred Sword|p1a: Magnezone\n|-supereffective|p1a: Magnezone\n|-damage|p1a: Magnezone|20\/100\n|-damage|p2a: Kartana|48\/100|[from] item: Life Orb\n|move|p1a: Magnezone|Iron Defense|p1a: Magnezone\n|-boost|p1a: Magnezone|def|2\n|\n|upkeep\n|turn|23\n|\n|t:|1664170637\n|move|p2a: Kartana|Sacred Sword|p1a: Magnezone\n|-supereffective|p1a: Magnezone\n|-damage|p1a: Magnezone|0 fnt\n|faint|p1a: Magnezone\n|-ability|p2a: Kartana|Beast Boost|boost\n|-boost|p2a: Kartana|atk|1\n|-damage|p2a: Kartana|38\/100|[from] item: Life Orb\n|\n|upkeep\n|\n|t:|1664170640\n|switch|p1a: Tornadus|Tornadus-Therian, M|61\/100\n|turn|24\n|\n|t:|1664170645\n|switch|p2a: Zapdos|Zapdos|76\/100\n|move|p1a: Tornadus|Hurricane|p2a: Zapdos\n|-resisted|p2a: Zapdos\n|-damage|p2a: Zapdos|51\/100\n|\n|upkeep\n|turn|25\n|\n|t:|1664170650\n|switch|p1a: Nihilego|Nihilego|87\/100\n|move|p2a: Zapdos|Roost|p2a: Zapdos\n|-heal|p2a: Zapdos|100\/100\n|-singleturn|p2a: Zapdos|move: Roost\n|\n|upkeep\n|turn|26\n|\n|t:|1664170656\n|switch|p2a: Kartana|Kartana|38\/100\n|move|p1a: Nihilego|Power Gem|p2a: Kartana\n|-resisted|p2a: Kartana\n|-damage|p2a: Kartana|0 fnt\n|faint|p2a: Kartana\n|-ability|p1a: Nihilego|Beast Boost|boost\n|-boost|p1a: Nihilego|spa|1\n|\n|upkeep\n|\n|t:|1664170667\n|switch|p2a: Zapdos|Zapdos|100\/100\n|turn|27\n|\n|t:|1664170669\n|move|p1a: Nihilego|Power Gem|p2a: Zapdos\n|-supereffective|p2a: Zapdos\n|-crit|p2a: Zapdos\n|-damage|p2a: Zapdos|0 fnt\n|faint|p2a: Zapdos\n|-ability|p1a: Nihilego|Beast Boost|boost\n|-boost|p1a: Nihilego|spa|1\n|\n|upkeep\n|-message|Exxxn forfeited.\n|\n|win|machugen\n|raw|machugen's rating: 1656 &rarr; <strong>1673<\/strong><br \/>(+17 for winning)\n|raw|Exxxn's rating: 1609 &rarr; <strong>1592<\/strong><br \/>(-17 for losing)\n|l|\u2606Exxxn\n","uploadtime":1664170676,"views":23,"p1id":"machugen","p2id":"exxxn","formatid":"gen8ou","rating":1592,"private":0,"password":null}