{"id":"gen8ou-1644866168","p1":"Ban lando t guy jk","p2":"LT94JE Amy","format":"gen8ou","log":"|raw|<div class=\"broadcast-blue\"><strong>This battle is required to be public due to a player having a name starting with 'lt94je'.<\/div>\n|j|\u2606Ban lando t guy jk\n|j|\u2606LT94JE Amy\n|t:|1661106244\n|gametype|singles\n|player|p1|Ban lando t guy jk|silver|1670\n|player|p2|LT94JE Amy|dawn-gen4pt|1674\n|teamsize|p1|6\n|teamsize|p2|6\n|gen|8\n|tier|[Gen 8] OU\n|rated|\n|rule|Sleep Clause Mod: Limit one foe put to sleep\n|rule|Species Clause: Limit one of each Pok\u00e9mon\n|rule|OHKO Clause: OHKO moves are banned\n|rule|Evasion Items Clause: Evasion items are banned\n|rule|Evasion Moves Clause: Evasion moves are banned\n|rule|Endless Battle Clause: Forcing endless battles is banned\n|rule|HP Percentage Mod: HP is shown in percentages\n|rule|Dynamax Clause: You cannot dynamax\n|clearpoke\n|poke|p1|Pelipper, M|\n|poke|p1|Barraskewda, F|\n|poke|p1|Ferrothorn, M|\n|poke|p1|Seismitoad, F|\n|poke|p1|Tapu Koko|\n|poke|p1|Tornadus-Therian, M|\n|poke|p2|Landorus-Therian, M|\n|poke|p2|Corviknight, M|\n|poke|p2|Volcanion|\n|poke|p2|Ninetales-Alola, F|\n|poke|p2|Arctozolt|\n|poke|p2|Tornadus-Therian, M|\n|teampreview\n|inactive|Battle timer is ON: inactive players will automatically lose when time's up. (requested by Ban lando t guy jk)\n|\n|t:|1661106252\n|start\n|switch|p1a: Speed Overdose|Tapu Koko|100\/100\n|switch|p2a: Arctozolt|Arctozolt|100\/100\n|-fieldstart|move: Electric Terrain|[from] ability: Electric Surge|[of] p1a: Speed Overdose\n|turn|1\n|\n|t:|1661106257\n|switch|p2a: Landorus|Landorus-Therian, M|100\/100\n|-ability|p2a: Landorus|Intimidate|boost\n|-unboost|p1a: Speed Overdose|atk|1\n|move|p1a: Speed Overdose|Dazzling Gleam|p2a: Landorus\n|-damage|p2a: Landorus|65\/100\n|\n|-heal|p2a: Landorus|71\/100|[from] item: Leftovers\n|upkeep\n|turn|2\n|\n|t:|1661106262\n|move|p1a: Speed Overdose|Dazzling Gleam|p2a: Landorus\n|-damage|p2a: Landorus|34\/100\n|move|p2a: Landorus|U-turn|p1a: Speed Overdose\n|-resisted|p1a: Speed Overdose\n|-damage|p1a: Speed Overdose|85\/100\n|\n|t:|1661106267\n|switch|p2a: Ninetales|Ninetales-Alola, F|100\/100|[from]move: U-turn\n|-weather|Hail|[from] ability: Snow Warning|[of] p2a: Ninetales\n|\n|-weather|Hail|[upkeep]\n|-damage|p1a: Speed Overdose|79\/100|[from] Hail\n|upkeep\n|turn|3\n|\n|t:|1661106271\n|move|p1a: Speed Overdose|Dazzling Gleam|p2a: Ninetales\n|-damage|p2a: Ninetales|46\/100\n|move|p2a: Ninetales|Blizzard|p1a: Speed Overdose\n|-damage|p1a: Speed Overdose|15\/100\n|\n|-weather|Hail|[upkeep]\n|-damage|p1a: Speed Overdose|9\/100|[from] Hail\n|upkeep\n|turn|4\n|\n|t:|1661106278\n|switch|p1a: Lando Black sheep|Tornadus-Therian, M|100\/100\n|switch|p2a: Corviknight|Corviknight, M|100\/100\n|-ability|p2a: Corviknight|Pressure\n|\n|-weather|Hail|[upkeep]\n|-damage|p1a: Lando Black sheep|94\/100|[from] Hail\n|-damage|p2a: Corviknight|94\/100|[from] Hail\n|upkeep\n|turn|5\n|\n|t:|1661106282\n|move|p1a: Lando Black sheep|Knock Off|p2a: Corviknight\n|-crit|p2a: Corviknight\n|-damage|p2a: Corviknight|78\/100\n|-damage|p1a: Lando Black sheep|78\/100|[from] item: Rocky Helmet|[of] p2a: Corviknight\n|-enditem|p2a: Corviknight|Rocky Helmet|[from] move: Knock Off|[of] p1a: Lando Black sheep\n|move|p2a: Corviknight|U-turn|p1a: Lando Black sheep\n|-resisted|p1a: Lando Black sheep\n|-damage|p1a: Lando Black sheep|70\/100\n|\n|t:|1661106284\n|switch|p2a: Arctozolt|Arctozolt|100\/100|[from]move: U-turn\n|\n|-weather|Hail|[upkeep]\n|-damage|p1a: Lando Black sheep|64\/100|[from] Hail\n|-fieldend|move: Electric Terrain\n|upkeep\n|turn|6\n|\n|t:|1661106287\n|switch|p1a: Hates rain|Ferrothorn, M|100\/100\n|move|p2a: Arctozolt|Blizzard|p1a: Hates rain\n|-damage|p1a: Hates rain|67\/100\n|\n|-weather|Hail|[upkeep]\n|-damage|p1a: Hates rain|61\/100|[from] Hail\n|-heal|p1a: Hates rain|67\/100|[from] item: Leftovers\n|upkeep\n|turn|7\n|\n|t:|1661106290\n|switch|p2a: Volcanion|Volcanion|100\/100\n|move|p1a: Hates rain|Gyro Ball|p2a: Volcanion\n|-resisted|p2a: Volcanion\n|-damage|p2a: Volcanion|90\/100\n|\n|-weather|Hail|[upkeep]\n|-damage|p2a: Volcanion|84\/100|[from] Hail\n|-damage|p1a: Hates rain|61\/100|[from] Hail\n|-heal|p1a: Hates rain|67\/100|[from] item: Leftovers\n|upkeep\n|turn|8\n|\n|t:|1661106294\n|switch|p1a: Lando Black sheep|Tornadus-Therian, M|97\/100\n|move|p2a: Volcanion|Steam Eruption|p1a: Lando Black sheep\n|-damage|p1a: Lando Black sheep|7\/100\n|\n|-weather|Hail|[upkeep]\n|-damage|p1a: Lando Black sheep|1\/100|[from] Hail\n|-damage|p2a: Volcanion|78\/100|[from] Hail\n|upkeep\n|turn|9\n|\n|t:|1661106296\n|move|p1a: Lando Black sheep|Knock Off|p2a: Volcanion\n|-damage|p2a: Volcanion|58\/100\n|-enditem|p2a: Volcanion|Choice Specs|[from] move: Knock Off|[of] p1a: Lando Black sheep\n|move|p2a: Volcanion|Steam Eruption|p1a: Lando Black sheep\n|-damage|p1a: Lando Black sheep|0 fnt\n|faint|p1a: Lando Black sheep\n|\n|-weather|none\n|upkeep\n|\n|t:|1661106304\n|switch|p1a: Speed Overdose|Tapu Koko|9\/100\n|-fieldstart|move: Electric Terrain|[from] ability: Electric Surge|[of] p1a: Speed Overdose\n|turn|10\n|\n|t:|1661106306\n|move|p1a: Speed Overdose|Dazzling Gleam|p2a: Volcanion\n|-resisted|p2a: Volcanion\n|-damage|p2a: Volcanion|25\/100\n|move|p2a: Volcanion|Earth Power|p1a: Speed Overdose\n|-supereffective|p1a: Speed Overdose\n|-damage|p1a: Speed Overdose|0 fnt\n|faint|p1a: Speed Overdose\n|\n|upkeep\n|\n|t:|1661106313\n|switch|p1a: One fish two fish|Barraskewda, F|100\/100\n|turn|11\n|\n|t:|1661106317\n|switch|p2a: Tornadus|Tornadus-Therian, M|100\/100\n|move|p1a: One fish two fish|Close Combat|p2a: Tornadus\n|-resisted|p2a: Tornadus\n|-damage|p2a: Tornadus|60\/100\n|-unboost|p1a: One fish two fish|def|1\n|-unboost|p1a: One fish two fish|spd|1\n|\n|upkeep\n|turn|12\n|\n|t:|1661106320\n|move|p1a: One fish two fish|Close Combat|p2a: Tornadus\n|-resisted|p2a: Tornadus\n|-damage|p2a: Tornadus|24\/100\n|-unboost|p1a: One fish two fish|def|1\n|-unboost|p1a: One fish two fish|spd|1\n|move|p2a: Tornadus|U-turn|p1a: One fish two fish\n|-damage|p1a: One fish two fish|43\/100\n|\n|t:|1661106325\n|switch|p2a: Corviknight|Corviknight, M|78\/100|[from]move: U-turn\n|-ability|p2a: Corviknight|Pressure\n|\n|upkeep\n|turn|13\n|\n|t:|1661106329\n|switch|p1a: Big Gulp sponsor|Pelipper, M|100\/100\n|-weather|RainDance|[from] ability: Drizzle|[of] p1a: Big Gulp sponsor\n|move|p2a: Corviknight|U-turn|p1a: Big Gulp sponsor\n|-resisted|p1a: Big Gulp sponsor\n|-damage|p1a: Big Gulp sponsor|95\/100\n|\n|t:|1661106332\n|switch|p2a: Arctozolt|Arctozolt|100\/100|[from]move: U-turn\n|\n|-weather|RainDance|[upkeep]\n|upkeep\n|turn|14\n|\n|t:|1661106335\n|switch|p1a: Hates rain|Ferrothorn, M|67\/100\n|move|p2a: Arctozolt|Freeze-Dry|p1a: Hates rain\n|-damage|p1a: Hates rain|47\/100\n|\n|-weather|RainDance|[upkeep]\n|-heal|p1a: Hates rain|54\/100|[from] item: Leftovers\n|-fieldend|move: Electric Terrain\n|upkeep\n|turn|15\n|\n|t:|1661106341\n|switch|p2a: Volcanion|Volcanion|25\/100\n|move|p1a: Hates rain|Spikes|p2a: Volcanion\n|-sidestart|p2: LT94JE Amy|Spikes\n|\n|-weather|RainDance|[upkeep]\n|-heal|p1a: Hates rain|60\/100|[from] item: Leftovers\n|upkeep\n|turn|16\n|j| lopunny-mega-x\n|\n|t:|1661106344\n|move|p2a: Volcanion|Flamethrower|p1a: Hates rain\n|-supereffective|p1a: Hates rain\n|-damage|p1a: Hates rain|0 fnt\n|faint|p1a: Hates rain\n|\n|-weather|RainDance|[upkeep]\n|upkeep\n|\n|t:|1661106347\n|switch|p1a: Agent \u00a5|Seismitoad, F, shiny|100\/100\n|turn|17\n|\n|t:|1661106351\n|move|p1a: Agent \u00a5|Earth Power|p2a: Volcanion\n|-supereffective|p2a: Volcanion\n|-damage|p2a: Volcanion|0 fnt\n|faint|p2a: Volcanion\n|-damage|p1a: Agent \u00a5|91\/100|[from] item: Life Orb\n|\n|-weather|RainDance|[upkeep]\n|upkeep\n|\n|t:|1661106353\n|switch|p2a: Ninetales|Ninetales-Alola, F|46\/100\n|-damage|p2a: Ninetales|34\/100|[from] Spikes\n|-weather|Hail|[from] ability: Snow Warning|[of] p2a: Ninetales\n|turn|18\n|\n|t:|1661106357\n|switch|p1a: Big Gulp sponsor|Pelipper, M|95\/100\n|-weather|RainDance|[from] ability: Drizzle|[of] p1a: Big Gulp sponsor\n|move|p2a: Ninetales|Freeze-Dry|p1a: Big Gulp sponsor\n|-supereffective|p1a: Big Gulp sponsor\n|-damage|p1a: Big Gulp sponsor|0 fnt\n|faint|p1a: Big Gulp sponsor\n|\n|-weather|RainDance|[upkeep]\n|upkeep\n|\n|t:|1661106361\n|switch|p1a: Agent \u00a5|Seismitoad, F, shiny|91\/100\n|turn|19\n|\n|t:|1661106364\n|switch|p2a: Landorus|Landorus-Therian, M|34\/100\n|-ability|p2a: Landorus|Intimidate|boost\n|-unboost|p1a: Agent \u00a5|atk|1\n|move|p1a: Agent \u00a5|Stealth Rock|p2a: Landorus\n|-sidestart|p2: LT94JE Amy|move: Stealth Rock\n|\n|-weather|RainDance|[upkeep]\n|-heal|p2a: Landorus|40\/100|[from] item: Leftovers\n|upkeep\n|turn|20\n|\n|t:|1661106367\n|move|p1a: Agent \u00a5|Weather Ball|p2a: Landorus\n|-supereffective|p2a: Landorus\n|-damage|p2a: Landorus|0 fnt\n|faint|p2a: Landorus\n|-damage|p1a: Agent \u00a5|81\/100|[from] item: Life Orb\n|\n|-weather|RainDance|[upkeep]\n|upkeep\n|\n|t:|1661106370\n|switch|p2a: Ninetales|Ninetales-Alola, F|34\/100\n|-damage|p2a: Ninetales|21\/100|[from] Spikes\n|-damage|p2a: Ninetales|0 fnt|[from] Stealth Rock\n|faint|p2a: Ninetales\n|\n|t:|1661106372\n|switch|p2a: Corviknight|Corviknight, M|78\/100\n|-damage|p2a: Corviknight|65\/100|[from] Stealth Rock\n|-ability|p2a: Corviknight|Pressure\n|turn|21\n|\n|t:|1661106379\n|move|p1a: Agent \u00a5|Weather Ball|p2a: Corviknight\n|-damage|p2a: Corviknight|0 fnt\n|faint|p2a: Corviknight\n|-damage|p1a: Agent \u00a5|71\/100|[from] item: Life Orb\n|\n|-weather|RainDance|[upkeep]\n|upkeep\n|\n|t:|1661106385\n|switch|p2a: Tornadus|Tornadus-Therian, M|57\/100\n|-damage|p2a: Tornadus|32\/100|[from] Stealth Rock\n|turn|22\n|\n|t:|1661106389\n|move|p1a: Agent \u00a5|Weather Ball|p2a: Tornadus\n|-damage|p2a: Tornadus|0 fnt\n|faint|p2a: Tornadus\n|-damage|p1a: Agent \u00a5|61\/100|[from] item: Life Orb\n|\n|-weather|RainDance|[upkeep]\n|upkeep\n|-message|LT94JE Amy forfeited.\n|\n|win|Ban lando t guy jk\n|raw|Ban lando t guy jk's rating: 1670 &rarr; <strong>1690<\/strong><br \/>(+20 for winning)\n|raw|LT94JE Amy's rating: 1674 &rarr; <strong>1654<\/strong><br \/>(-20 for losing)\n|l|\u2606LT94JE Amy\n|l| lopunny-mega-x\n||Ladder isn't responding, score probably updated but might not have (Request timeout).\n","uploadtime":1661106401,"views":17,"p1id":"banlandotguyjk","p2id":"lt94jeamy","formatid":"gen8ou","rating":1654,"private":0,"password":null}