{"id":"gen8oublitz-1131788352","p1":"oaklies","p2":"Ban Lando t guy jk","format":"gen8oublitz","log":"|inactive|Battle timer is ON: inactive players will automatically lose when time's up.\n|j|\u2606oaklies\n|j|\u2606Ban Lando t guy jk\n|player|p1|oaklies|caitlin|1313\n|player|p2|Ban Lando t guy jk|164|1081\n|teamsize|p1|6\n|teamsize|p2|6\n|gametype|singles\n|gen|8\n|tier|[Gen 8] OU (Blitz)\n|rated|\n|clearpoke\n|poke|p1|Primarina, F|\n|poke|p1|Zeraora|\n|poke|p1|Corviknight, F|\n|poke|p1|Aegislash, F|\n|poke|p1|Grimmsnarl, M|\n|poke|p1|Celebi|\n|poke|p2|Cinderace, M|\n|poke|p2|Corviknight, M|\n|poke|p2|Kommo-o, M|\n|poke|p2|Hydreigon, M|\n|poke|p2|Zeraora|\n|poke|p2|Clefable, F|\n|rule|Sleep Clause Mod: Limit one foe put to sleep\n|rule|Species Clause: Limit one of each Pok\u00e9mon\n|rule|OHKO Clause: OHKO moves are banned\n|rule|Evasion Moves Clause: Evasion moves are banned\n|rule|Endless Battle Clause: Forcing endless battles is banned\n|rule|HP Percentage Mod: HP is shown in percentages\n|rule|Dynamax Clause: You cannot dynamax\n|rule|Blitz: Super-fast timer\n|teampreview\n|\n|start\n|switch|p1a: Primarina|Primarina, F|100\/100\n|switch|p2a: Kommo-o|Kommo-o, M|100\/100\n|turn|1\n|\n|move|p2a: Kommo-o|Stealth Rock|p1a: Primarina\n|-sidestart|p1: oaklies|move: Stealth Rock\n|move|p1a: Primarina|Calm Mind|p1a: Primarina\n|-boost|p1a: Primarina|spa|1\n|-boost|p1a: Primarina|spd|1\n|\n|upkeep\n|turn|2\n|\n|move|p2a: Kommo-o|Toxic|p1a: Primarina\n|-status|p1a: Primarina|tox\n|move|p1a: Primarina|Draining Kiss|p2a: Kommo-o\n|-supereffective|p2a: Kommo-o\n|-damage|p2a: Kommo-o|0 fnt\n|faint|p2a: Kommo-o\n|\n|-damage|p1a: Primarina|94\/100 tox|[from] psn\n|upkeep\n|inactive|Ban Lando t guy jk has 10 seconds left.\n|\n|switch|p2a: Clefable|Clefable, F|100\/100\n|turn|3\n|\n|move|p2a: Clefable|Protect|p2a: Clefable\n|-singleturn|p2a: Clefable|Protect\n|move|p1a: Primarina|Scald|p2a: Clefable\n|-activate|p2a: Clefable|move: Protect\n|\n|-heal|p1a: Primarina|100\/100 tox|[from] item: Leftovers\n|-damage|p1a: Primarina|88\/100 tox|[from] psn\n|upkeep\n|turn|4\n|\n|move|p1a: Primarina|Scald|p2a: Clefable\n|-damage|p2a: Clefable|57\/100\n|-status|p2a: Clefable|brn\n|move|p2a: Clefable|Wish|p2a: Clefable\n|\n|-heal|p1a: Primarina|94\/100 tox|[from] item: Leftovers\n|-heal|p2a: Clefable|63\/100 brn|[from] item: Leftovers\n|-damage|p1a: Primarina|76\/100 tox|[from] psn\n|upkeep\n|turn|5\n|inactive|Ban Lando t guy jk has 10 seconds left.\n|\n|move|p1a: Primarina|Calm Mind|p1a: Primarina\n|-boost|p1a: Primarina|spa|1\n|-boost|p1a: Primarina|spd|1\n|move|p2a: Clefable|Moonblast|p1a: Primarina\n|-damage|p1a: Primarina|61\/100 tox\n|\n|-heal|p2a: Clefable|100\/100 brn|[from] move: Wish|[wisher] Clefable\n|-heal|p1a: Primarina|67\/100 tox|[from] item: Leftovers\n|-damage|p1a: Primarina|42\/100 tox|[from] psn\n|upkeep\n|turn|6\n|inactive|Ban Lando t guy jk has 10 seconds left.\n|\n|move|p2a: Clefable|Protect|p2a: Clefable\n|-singleturn|p2a: Clefable|Protect\n|move|p1a: Primarina|Calm Mind|p1a: Primarina\n|-boost|p1a: Primarina|spa|1\n|-boost|p1a: Primarina|spd|1\n|\n|-heal|p1a: Primarina|49\/100 tox|[from] item: Leftovers\n|-damage|p1a: Primarina|18\/100 tox|[from] psn\n|upkeep\n|turn|7\n|\n|move|p2a: Clefable|Protect||[still]\n|-fail|p2a: Clefable\n|move|p1a: Primarina|Scald|p2a: Clefable\n|-damage|p2a: Clefable|0 fnt\n|faint|p2a: Clefable\n|\n|-heal|p1a: Primarina|24\/100 tox|[from] item: Leftovers\n|-damage|p1a: Primarina|0 fnt|[from] psn\n|faint|p1a: Primarina\n|upkeep\n|inactive|oaklies has 10 seconds left.\n|inactive|Ban Lando t guy jk has 10 seconds left.\n|\n|switch|p1a: Zeraora|Zeraora|100\/100\n|switch|p2a: Cinderace|Cinderace, M|100\/100\n|-damage|p1a: Zeraora|88\/100|[from] Stealth Rock\n|turn|8\n|\n|move|p1a: Zeraora|Knock Off|p2a: Cinderace\n|-damage|p2a: Cinderace|57\/100\n|-enditem|p2a: Cinderace|Heavy-Duty Boots|[from] move: Knock Off|[of] p1a: Zeraora\n|move|p2a: Cinderace|Bulk Up|p2a: Cinderace\n|-start|p2a: Cinderace|typechange|Fighting|[from] ability: Libero\n|-boost|p2a: Cinderace|atk|1\n|-boost|p2a: Cinderace|def|1\n|\n|-heal|p1a: Zeraora|94\/100|[from] item: Leftovers\n|upkeep\n|turn|9\n|\n|move|p2a: Cinderace|Sucker Punch|p1a: Zeraora\n|-start|p2a: Cinderace|typechange|Dark|[from] ability: Libero\n|-damage|p1a: Zeraora|27\/100\n|move|p1a: Zeraora|Plasma Fists|p2a: Cinderace\n|-damage|p2a: Cinderace|11\/100\n|-fieldactivate|move: Ion Deluge\n|\n|-heal|p1a: Zeraora|33\/100|[from] item: Leftovers\n|upkeep\n|turn|10\n|\n|move|p2a: Cinderace|Sucker Punch||[still]\n|-fail|p2a: Cinderace\n|move|p1a: Zeraora|Bulk Up|p1a: Zeraora\n|-boost|p1a: Zeraora|atk|1\n|-boost|p1a: Zeraora|def|1\n|\n|-heal|p1a: Zeraora|39\/100|[from] item: Leftovers\n|upkeep\n|turn|11\n|\n|move|p2a: Cinderace|Sucker Punch|p1a: Zeraora\n|-damage|p1a: Zeraora|0 fnt\n|faint|p1a: Zeraora\n|\n|upkeep\n|inactive|oaklies has 10 seconds left.\n|\n|switch|p1a: Aegislash|Aegislash, F|100\/100\n|-damage|p1a: Aegislash|95\/100|[from] Stealth Rock\n|turn|12\n|\n|move|p1a: Aegislash|King's Shield|p1a: Aegislash\n|-singleturn|p1a: Aegislash|Protect\n|move|p2a: Cinderace|Pyro Ball|p1a: Aegislash\n|-start|p2a: Cinderace|typechange|Fire|[from] ability: Libero\n|-activate|p1a: Aegislash|move: Protect\n|\n|-heal|p1a: Aegislash|100\/100|[from] item: Leftovers\n|upkeep\n|turn|13\n|\n|-formechange|p1a: Aegislash|Aegislash-Blade||[from] ability: Stance Change\n|move|p1a: Aegislash|Shadow Sneak|p2a: Cinderace\n|-damage|p2a: Cinderace|0 fnt\n|faint|p2a: Cinderace\n|\n|upkeep\n|inactive|Ban Lando t guy jk has 10 seconds left.\n|\n|switch|p2a: Hydreigon|Hydreigon, M|100\/100\n|turn|14\n|\n|switch|p1a: Grimmsnarl|Grimmsnarl, M|100\/100\n|-damage|p1a: Grimmsnarl|88\/100|[from] Stealth Rock\n|move|p2a: Hydreigon|Nasty Plot|p2a: Hydreigon\n|-boost|p2a: Hydreigon|spa|2\n|\n|-heal|p1a: Grimmsnarl|94\/100|[from] item: Leftovers\n|upkeep\n|turn|15\n|\n|move|p2a: Hydreigon|Flash Cannon|p1a: Grimmsnarl\n|-supereffective|p1a: Grimmsnarl\n|-damage|p1a: Grimmsnarl|0 fnt\n|-damage|p2a: Hydreigon|91\/100|[from] item: Life Orb\n|faint|p1a: Grimmsnarl\n|\n|upkeep\n|\n|switch|p1a: Corviknight|Corviknight, F|100\/100\n|-damage|p1a: Corviknight|88\/100|[from] Stealth Rock\n|-ability|p1a: Corviknight|Pressure\n|turn|16\n|\n|move|p2a: Hydreigon|Flamethrower|p1a: Corviknight\n|-supereffective|p1a: Corviknight\n|-damage|p1a: Corviknight|0 fnt\n|-damage|p2a: Hydreigon|81\/100|[from] item: Life Orb\n|faint|p1a: Corviknight\n|\n|upkeep\n|\n|switch|p1a: Celebi|Celebi|100\/100\n|-damage|p1a: Celebi|88\/100|[from] Stealth Rock\n|turn|17\n|\n|move|p2a: Hydreigon|Flamethrower|p1a: Celebi\n|-supereffective|p1a: Celebi\n|-damage|p1a: Celebi|0 fnt\n|-damage|p2a: Hydreigon|71\/100|[from] item: Life Orb\n|faint|p1a: Celebi\n|\n|upkeep\n|\n|switch|p1a: Aegislash|Aegislash, F|100\/100\n|-damage|p1a: Aegislash|95\/100|[from] Stealth Rock\n|turn|18\n|\n|move|p2a: Hydreigon|Flamethrower|p1a: Aegislash\n|-supereffective|p1a: Aegislash\n|-damage|p1a: Aegislash|0 fnt\n|-damage|p2a: Hydreigon|61\/100|[from] item: Life Orb\n|faint|p1a: Aegislash\n|\n|win|Ban Lando t guy jk\n|l|\u2606oaklies\n|raw|oaklies's rating: 1313 &rarr; <strong>1281<\/strong><br \/>(-32 for losing)\n|raw|Ban Lando t guy jk's rating: 1082 &rarr; <strong>1126<\/strong><br \/>(+44 for winning)\n","uploadtime":1592018950,"views":2,"p1id":"oaklies","p2id":"banlandotguyjk","formatid":"gen8oublitz","rating":1126,"private":0,"password":null}