{"id":"gen8ou-1677140347","p1":"Djpablix","p2":"Daevank5","format":"gen8ou","log":"|j|\u2606Djpablix\n|j|\u2606Daevank5\n|t:|1664858105\n|gametype|singles\n|player|p1|Djpablix|hilbert|1819\n|player|p2|Daevank5|workerice|1786\n|teamsize|p1|6\n|teamsize|p2|6\n|gen|8\n|tier|[Gen 8] OU\n|rated|\n|rule|Sleep Clause Mod: Limit one foe put to sleep\n|rule|Species Clause: Limit one of each Pok\u00e9mon\n|rule|OHKO Clause: OHKO moves are banned\n|rule|Evasion Items Clause: Evasion items are banned\n|rule|Evasion Moves Clause: Evasion moves are banned\n|rule|Endless Battle Clause: Forcing endless battles is banned\n|rule|HP Percentage Mod: HP is shown in percentages\n|rule|Dynamax Clause: You cannot dynamax\n|clearpoke\n|poke|p1|Gengar, M|\n|poke|p1|Dragapult, M|\n|poke|p1|Blaziken, M|\n|poke|p1|Landorus-Therian, M|\n|poke|p1|Kartana|\n|poke|p1|Latias, F|\n|poke|p2|Tyranitar, M|\n|poke|p2|Zeraora|\n|poke|p2|Buzzwole|\n|poke|p2|Zapdos|\n|poke|p2|Heatran, M|\n|poke|p2|Slowking, F|\n|teampreview\n|\n|t:|1664858113\n|start\n|switch|p1a: Gengar|Gengar, M|100\/100\n|switch|p2a: Zapdos|Zapdos|100\/100\n|turn|1\n|j| Ctannn\n|\n|t:|1664858126\n|move|p1a: Gengar|Trick|p2a: Zapdos\n|-activate|p1a: Gengar|move: Trick|[of] p2a: Zapdos\n|-item|p2a: Zapdos|Choice Scarf|[from] move: Trick\n|-item|p1a: Gengar|Heavy-Duty Boots|[from] move: Trick\n|move|p2a: Zapdos|Discharge|p1a: Gengar\n|-crit|p1a: Gengar\n|-damage|p1a: Gengar|25\/100\n|-start|p2a: Zapdos|Disable|Discharge|[from] ability: Cursed Body|[of] p1a: Gengar\n|\n|upkeep\n|turn|2\n|inactive|Battle timer is ON: inactive players will automatically lose when time's up. (requested by Daevank5)\n|\n|t:|1664858139\n|switch|p2a: Slowking|Slowking, F|100\/100\n|move|p1a: Gengar|Icy Wind|p2a: Slowking\n|-resisted|p2a: Slowking\n|-damage|p2a: Slowking|95\/100\n|-unboost|p2a: Slowking|spe|1\n|\n|upkeep\n|turn|3\n|\n|t:|1664858142\n|switch|p2a: Tyranitar|Tyranitar, M|100\/100\n|-weather|Sandstorm|[from] ability: Sand Stream|[of] p2a: Tyranitar\n|move|p1a: Gengar|Shadow Ball|p2a: Tyranitar\n|-resisted|p2a: Tyranitar\n|-damage|p2a: Tyranitar|92\/100\n|-unboost|p2a: Tyranitar|spd|1\n|\n|-weather|Sandstorm|[upkeep]\n|-damage|p1a: Gengar|18\/100|[from] Sandstorm\n|-heal|p2a: Tyranitar|98\/100|[from] item: Leftovers\n|upkeep\n|turn|4\n|\n|t:|1664858148\n|switch|p2a: Zapdos|Zapdos|100\/100\n|move|p1a: Gengar|Icy Wind|p2a: Zapdos\n|-supereffective|p2a: Zapdos\n|-damage|p2a: Zapdos|61\/100\n|-unboost|p2a: Zapdos|spe|1\n|\n|-weather|Sandstorm|[upkeep]\n|-damage|p1a: Gengar|12\/100|[from] Sandstorm\n|-damage|p2a: Zapdos|55\/100|[from] Sandstorm\n|upkeep\n|turn|5\n|\n|t:|1664858154\n|switch|p2a: Tyranitar|Tyranitar, M|98\/100\n|move|p1a: Gengar|Destiny Bond|p1a: Gengar\n|-singlemove|p1a: Gengar|Destiny Bond\n|\n|-weather|Sandstorm|[upkeep]\n|-damage|p1a: Gengar|6\/100|[from] Sandstorm\n|-heal|p2a: Tyranitar|100\/100|[from] item: Leftovers\n|upkeep\n|turn|6\n|\n|t:|1664858157\n|move|p1a: Gengar|Icy Wind|p2a: Tyranitar\n|-damage|p2a: Tyranitar|93\/100\n|-unboost|p2a: Tyranitar|spe|1\n|move|p2a: Tyranitar|Stealth Rock|p1a: Gengar\n|-sidestart|p1: Djpablix|move: Stealth Rock\n|\n|-weather|Sandstorm|[upkeep]\n|-damage|p1a: Gengar|0 fnt|[from] Sandstorm\n|faint|p1a: Gengar\n|-heal|p2a: Tyranitar|99\/100|[from] item: Leftovers\n|upkeep\n|l| Ctannn\n|\n|t:|1664858162\n|switch|p1a: Landorus|Landorus-Therian, M|100\/100\n|-damage|p1a: Landorus|88\/100|[from] Stealth Rock\n|-ability|p1a: Landorus|Intimidate|boost\n|-unboost|p2a: Tyranitar|atk|1\n|turn|7\n|\n|t:|1664858166\n|switch|p2a: Buzzwole|Buzzwole|100\/100\n|move|p1a: Landorus|Rock Polish|p1a: Landorus\n|-boost|p1a: Landorus|spe|2\n|\n|-weather|none\n|upkeep\n|turn|8\n|\n|t:|1664858169\n|move|p1a: Landorus|Swords Dance|p1a: Landorus\n|-boost|p1a: Landorus|atk|2\n|move|p2a: Buzzwole|Ice Punch|p1a: Landorus\n|-supereffective|p1a: Landorus\n|-enditem|p1a: Landorus|Yache Berry|[eat]\n|-enditem|p1a: Landorus|Yache Berry|[weaken]\n|-damage|p1a: Landorus|26\/100\n|\n|upkeep\n|turn|9\n|\n|t:|1664858183\n|move|p1a: Landorus|Smack Down|p2a: Buzzwole\n|-damage|p2a: Buzzwole|74\/100\n|move|p2a: Buzzwole|Ice Punch|p1a: Landorus\n|-supereffective|p1a: Landorus\n|-damage|p1a: Landorus|0 fnt\n|faint|p1a: Landorus\n|-ability|p2a: Buzzwole|Beast Boost|boost\n|-boost|p2a: Buzzwole|atk|1\n|\n|upkeep\n|\n|t:|1664858191\n|switch|p1a: Blaziken|Blaziken, M|100\/100\n|-damage|p1a: Blaziken|88\/100|[from] Stealth Rock\n|turn|10\n|\n|t:|1664858202\n|move|p2a: Buzzwole|Close Combat|p1a: Blaziken\n|-damage|p1a: Blaziken|0 fnt\n|-unboost|p2a: Buzzwole|def|1\n|-unboost|p2a: Buzzwole|spd|1\n|faint|p1a: Blaziken\n|-ability|p2a: Buzzwole|Beast Boost|boost\n|-boost|p2a: Buzzwole|atk|1\n|\n|upkeep\n|\n|t:|1664858207\n|switch|p1a: Dragapult|Dragapult, M|100\/100\n|-damage|p1a: Dragapult|88\/100|[from] Stealth Rock\n|turn|11\n|\n|t:|1664858210\n|switch|p2a: Tyranitar|Tyranitar, M|99\/100\n|-weather|Sandstorm|[from] ability: Sand Stream|[of] p2a: Tyranitar\n|move|p1a: Dragapult|Dragon Darts|p2a: Tyranitar\n|-damage|p2a: Tyranitar|74\/100\n|-anim|p1a: Dragapult|Dragon Darts|p2a: Tyranitar\n|-damage|p2a: Tyranitar|46\/100\n|-damage|p1a: Dragapult|78\/100|[from] item: Life Orb\n|\n|-weather|Sandstorm|[upkeep]\n|-damage|p1a: Dragapult|72\/100|[from] Sandstorm\n|-heal|p2a: Tyranitar|52\/100|[from] item: Leftovers\n|upkeep\n|turn|12\n|\n|t:|1664858221\n|move|p1a: Dragapult|Steel Wing|p2a: Tyranitar\n|-supereffective|p2a: Tyranitar\n|-damage|p2a: Tyranitar|0 fnt\n|faint|p2a: Tyranitar\n|-damage|p1a: Dragapult|63\/100|[from] item: Life Orb\n|\n|-weather|Sandstorm|[upkeep]\n|-damage|p1a: Dragapult|57\/100|[from] Sandstorm\n|upkeep\n|\n|t:|1664858225\n|switch|p2a: Zeraora|Zeraora|100\/100\n|turn|13\n|\n|t:|1664858228\n|move|p2a: Zeraora|Knock Off|p1a: Dragapult\n|-supereffective|p1a: Dragapult\n|-damage|p1a: Dragapult|0 fnt\n|-enditem|p1a: Dragapult|Life Orb|[from] move: Knock Off|[of] p2a: Zeraora\n|faint|p1a: Dragapult\n|\n|-weather|Sandstorm|[upkeep]\n|-damage|p2a: Zeraora|95\/100|[from] Sandstorm\n|-heal|p2a: Zeraora|100\/100|[from] item: Leftovers\n|upkeep\n|\n|t:|1664858230\n|switch|p1a: Latias|Latias, F|100\/100\n|-damage|p1a: Latias|88\/100|[from] Stealth Rock\n|turn|14\n|\n|t:|1664858241\n|move|p2a: Zeraora|Bulk Up|p2a: Zeraora\n|-boost|p2a: Zeraora|atk|1\n|-boost|p2a: Zeraora|def|1\n|move|p1a: Latias|Agility|p1a: Latias\n|-boost|p1a: Latias|spe|2\n|\n|-weather|Sandstorm|[upkeep]\n|-damage|p1a: Latias|82\/100|[from] Sandstorm\n|-damage|p2a: Zeraora|95\/100|[from] Sandstorm\n|-heal|p2a: Zeraora|100\/100|[from] item: Leftovers\n|upkeep\n|turn|15\n|\n|t:|1664858246\n|move|p1a: Latias|Calm Mind|p1a: Latias\n|-boost|p1a: Latias|spa|1\n|-boost|p1a: Latias|spd|1\n|move|p2a: Zeraora|Knock Off|p1a: Latias\n|-supereffective|p1a: Latias\n|-damage|p1a: Latias|0 fnt\n|-enditem|p1a: Latias|Weakness Policy|[from] move: Knock Off|[of] p2a: Zeraora\n|faint|p1a: Latias\n|\n|-weather|none\n|upkeep\n|\n|t:|1664858248\n|switch|p1a: Kartana|Kartana|100\/100\n|-damage|p1a: Kartana|94\/100|[from] Stealth Rock\n|turn|16\n|\n|t:|1664858250\n|move|p2a: Zeraora|Close Combat|p1a: Kartana\n|-supereffective|p1a: Kartana\n|-damage|p1a: Kartana|0 fnt\n|-unboost|p2a: Zeraora|def|1\n|-unboost|p2a: Zeraora|spd|1\n|faint|p1a: Kartana\n|\n|win|Daevank5\n|raw|Djpablix's rating: 1819 &rarr; <strong>1797<\/strong><br \/>(-22 for losing)\n|raw|Daevank5's rating: 1786 &rarr; <strong>1808<\/strong><br \/>(+22 for winning)\n|l|\u2606Djpablix\n","uploadtime":1664858257,"views":12,"p1id":"djpablix","p2id":"daevank5","formatid":"gen8ou","rating":1797,"private":0,"password":null}