{"id":"gen81v1-1648936739","p1":"Highv0ltag3","p2":"Farties","format":"gen81v1","log":"|j|\u2606Highv0ltag3\n|j|\u2606Farties\n|t:|1661538634\n|gametype|singles\n|player|p1|Highv0ltag3|ingo|1476\n|player|p2|Farties|li|1480\n|teamsize|p1|3\n|teamsize|p2|3\n|gen|8\n|tier|[Gen 8] 1v1\n|rated|\n|rule|Species Clause: Limit one of each Pok\u00e9mon\n|rule|OHKO Clause: OHKO moves are banned\n|rule|Evasion Moves Clause: Evasion moves are banned\n|rule|Accuracy Moves Clause: Accuracy-lowering moves are banned\n|rule|HP Percentage Mod: HP is shown in percentages\n|rule|Dynamax Clause: You cannot dynamax\n|rule|Endless Battle Clause: Forcing endless battles is banned\n|clearpoke\n|poke|p1|Leafeon, M|\n|poke|p1|Crustle, M|\n|poke|p1|Cresselia, F|\n|poke|p2|Zeraora|\n|poke|p2|Primarina, M|\n|poke|p2|Corviknight, F|\n|teampreview|1\n|inactive|Battle timer is ON: inactive players will automatically lose when time's up. (requested by Farties)\n|\n|t:|1661538644\n|start\n|switch|p1a: Leafeon|Leafeon, M|100\/100\n|switch|p2a: BURD BURD|Corviknight, F|100\/100\n|-ability|p2a: BURD BURD|Pressure\n|turn|1\n|\n|t:|1661538650\n|move|p1a: Leafeon|Yawn|p2a: BURD BURD\n|-start|p2a: BURD BURD|move: Yawn|[of] p1a: Leafeon\n|move|p2a: BURD BURD|Iron Defense|p2a: BURD BURD\n|-boost|p2a: BURD BURD|def|2\n|\n|upkeep\n|turn|2\n|\n|t:|1661538656\n|move|p1a: Leafeon|Leech Seed|p2a: BURD BURD\n|-start|p2a: BURD BURD|move: Leech Seed\n|move|p2a: BURD BURD|Iron Defense|p2a: BURD BURD\n|-boost|p2a: BURD BURD|def|2\n|\n|-damage|p2a: BURD BURD|88\/100|[from] Leech Seed|[of] p1a: Leafeon\n|-end|p2a: BURD BURD|move: Yawn|[silent]\n|-status|p2a: BURD BURD|slp\n|upkeep\n|turn|3\n|\n|t:|1661538663\n|move|p1a: Leafeon|Substitute|p1a: Leafeon\n|-start|p1a: Leafeon|Substitute\n|-damage|p1a: Leafeon|76\/100\n|cant|p2a: BURD BURD|slp\n|\n|-heal|p1a: Leafeon|82\/100|[from] item: Leftovers\n|-damage|p2a: BURD BURD|76\/100 slp|[from] Leech Seed|[of] p1a: Leafeon\n|-heal|p1a: Leafeon|96\/100|[silent]\n|upkeep\n|turn|4\n|\n|t:|1661538670\n|move|p1a: Leafeon|Yawn||[still]\n|-fail|p1a: Leafeon\n|cant|p2a: BURD BURD|slp\n|\n|-heal|p1a: Leafeon|100\/100|[from] item: Leftovers\n|-damage|p2a: BURD BURD|64\/100 slp|[from] Leech Seed|[of] p1a: Leafeon\n|upkeep\n|turn|5\n|\n|t:|1661538676\n|move|p1a: Leafeon|Protect|p1a: Leafeon\n|-singleturn|p1a: Leafeon|Protect\n|-curestatus|p2a: BURD BURD|slp|[msg]\n|move|p2a: BURD BURD|Taunt|p1a: Leafeon\n|-activate|p1a: Leafeon|move: Protect\n|\n|-damage|p2a: BURD BURD|51\/100|[from] Leech Seed|[of] p1a: Leafeon\n|upkeep\n|turn|6\n|\n|t:|1661538684\n|move|p1a: Leafeon|Yawn|p2a: BURD BURD\n|-start|p2a: BURD BURD|move: Yawn|[of] p1a: Leafeon\n|move|p2a: BURD BURD|Taunt|p1a: Leafeon\n|-start|p1a: Leafeon|move: Taunt\n|\n|-damage|p2a: BURD BURD|39\/100|[from] Leech Seed|[of] p1a: Leafeon\n|upkeep\n|-enditem|p2a: BURD BURD|Sitrus Berry|[eat]\n|-heal|p2a: BURD BURD|64\/100|[from] item: Sitrus Berry\n|turn|7\n|\n|t:|1661538694\n|-activate|p1a: Leafeon|move: Struggle\n|move|p1a: Leafeon|Struggle|p2a: BURD BURD\n|-damage|p2a: BURD BURD|62\/100\n|-damage|p1a: Leafeon|75\/100|[from] recoil\n|move|p2a: BURD BURD|Roost|p2a: BURD BURD\n|-heal|p2a: BURD BURD|100\/100\n|-singleturn|p2a: BURD BURD|move: Roost\n|\n|-heal|p1a: Leafeon|81\/100|[from] item: Leftovers\n|-damage|p2a: BURD BURD|88\/100|[from] Leech Seed|[of] p1a: Leafeon\n|-heal|p1a: Leafeon|96\/100|[silent]\n|-end|p2a: BURD BURD|move: Yawn|[silent]\n|-status|p2a: BURD BURD|slp\n|upkeep\n|turn|8\n|\n|t:|1661538707\n|-activate|p1a: Leafeon|move: Struggle\n|move|p1a: Leafeon|Struggle|p2a: BURD BURD\n|-damage|p2a: BURD BURD|86\/100 slp\n|-damage|p1a: Leafeon|71\/100|[from] recoil\n|cant|p2a: BURD BURD|slp\n|\n|-heal|p1a: Leafeon|77\/100|[from] item: Leftovers\n|-damage|p2a: BURD BURD|73\/100 slp|[from] Leech Seed|[of] p1a: Leafeon\n|-heal|p1a: Leafeon|92\/100|[silent]\n|upkeep\n|turn|9\n|\n|t:|1661538716\n|-activate|p1a: Leafeon|move: Struggle\n|move|p1a: Leafeon|Struggle|p2a: BURD BURD\n|-damage|p2a: BURD BURD|71\/100 slp\n|-damage|p1a: Leafeon|66\/100|[from] recoil\n|cant|p2a: BURD BURD|slp\n|\n|-heal|p1a: Leafeon|72\/100|[from] item: Leftovers\n|-damage|p2a: BURD BURD|59\/100 slp|[from] Leech Seed|[of] p1a: Leafeon\n|-heal|p1a: Leafeon|87\/100|[silent]\n|-end|p1a: Leafeon|move: Taunt\n|upkeep\n|turn|10\n|\n|t:|1661538727\n|move|p1a: Leafeon|Protect|p1a: Leafeon\n|-singleturn|p1a: Leafeon|Protect\n|cant|p2a: BURD BURD|slp\n|\n|-heal|p1a: Leafeon|93\/100|[from] item: Leftovers\n|-damage|p2a: BURD BURD|46\/100 slp|[from] Leech Seed|[of] p1a: Leafeon\n|-heal|p1a: Leafeon|100\/100|[silent]\n|upkeep\n|turn|11\n|\n|t:|1661538735\n|move|p1a: Leafeon|Protect||[still]\n|-fail|p1a: Leafeon\n|-curestatus|p2a: BURD BURD|slp|[msg]\n|move|p2a: BURD BURD|Roost|p2a: BURD BURD\n|-heal|p2a: BURD BURD|96\/100\n|-singleturn|p2a: BURD BURD|move: Roost\n|\n|-damage|p2a: BURD BURD|84\/100|[from] Leech Seed|[of] p1a: Leafeon\n|upkeep\n|turn|12\n|\n|t:|1661538744\n|move|p1a: Leafeon|Yawn|p2a: BURD BURD\n|-start|p2a: BURD BURD|move: Yawn|[of] p1a: Leafeon\n|move|p2a: BURD BURD|Taunt|p1a: Leafeon\n|-start|p1a: Leafeon|move: Taunt\n|\n|-damage|p2a: BURD BURD|72\/100|[from] Leech Seed|[of] p1a: Leafeon\n|upkeep\n|turn|13\n|\n|t:|1661538760\n|-activate|p1a: Leafeon|move: Struggle\n|move|p1a: Leafeon|Struggle|p2a: BURD BURD\n|-damage|p2a: BURD BURD|69\/100\n|-damage|p1a: Leafeon|75\/100|[from] recoil\n|move|p2a: BURD BURD|Iron Head|p1a: Leafeon\n|-activate|p1a: Leafeon|move: Substitute|[damage]\n|\n|-heal|p1a: Leafeon|81\/100|[from] item: Leftovers\n|-damage|p2a: BURD BURD|57\/100|[from] Leech Seed|[of] p1a: Leafeon\n|-heal|p1a: Leafeon|96\/100|[silent]\n|-end|p2a: BURD BURD|move: Yawn|[silent]\n|-status|p2a: BURD BURD|slp\n|upkeep\n|turn|14\n|\n|t:|1661538772\n|-activate|p1a: Leafeon|move: Struggle\n|move|p1a: Leafeon|Struggle|p2a: BURD BURD\n|-damage|p2a: BURD BURD|55\/100 slp\n|-damage|p1a: Leafeon|71\/100|[from] recoil\n|cant|p2a: BURD BURD|slp\n|\n|-heal|p1a: Leafeon|77\/100|[from] item: Leftovers\n|-damage|p2a: BURD BURD|43\/100 slp|[from] Leech Seed|[of] p1a: Leafeon\n|-heal|p1a: Leafeon|92\/100|[silent]\n|upkeep\n|turn|15\n|\n|t:|1661538781\n|-activate|p1a: Leafeon|move: Struggle\n|move|p1a: Leafeon|Struggle|p2a: BURD BURD\n|-damage|p2a: BURD BURD|40\/100 slp\n|-damage|p1a: Leafeon|66\/100|[from] recoil\n|-curestatus|p2a: BURD BURD|slp|[msg]\n|move|p2a: BURD BURD|Roost|p2a: BURD BURD\n|-heal|p2a: BURD BURD|90\/100\n|-singleturn|p2a: BURD BURD|move: Roost\n|\n|-heal|p1a: Leafeon|72\/100|[from] item: Leftovers\n|-damage|p2a: BURD BURD|78\/100|[from] Leech Seed|[of] p1a: Leafeon\n|-heal|p1a: Leafeon|87\/100|[silent]\n|-end|p1a: Leafeon|move: Taunt\n|upkeep\n|turn|16\n|\n|t:|1661538800\n|move|p1a: Leafeon|Substitute|p1a: Leafeon\n|-fail|p1a: Leafeon|move: Substitute\n|move|p2a: BURD BURD|Taunt|p1a: Leafeon\n|-start|p1a: Leafeon|move: Taunt\n|\n|-heal|p1a: Leafeon|93\/100|[from] item: Leftovers\n|-damage|p2a: BURD BURD|66\/100|[from] Leech Seed|[of] p1a: Leafeon\n|-heal|p1a: Leafeon|100\/100|[silent]\n|upkeep\n|turn|17\n|\n|t:|1661538807\n|-activate|p1a: Leafeon|move: Struggle\n|move|p1a: Leafeon|Struggle|p2a: BURD BURD\n|-damage|p2a: BURD BURD|63\/100\n|-damage|p1a: Leafeon|75\/100|[from] recoil\n|move|p2a: BURD BURD|Iron Head|p1a: Leafeon\n|-end|p1a: Leafeon|Substitute\n|\n|-heal|p1a: Leafeon|81\/100|[from] item: Leftovers\n|-damage|p2a: BURD BURD|51\/100|[from] Leech Seed|[of] p1a: Leafeon\n|-heal|p1a: Leafeon|96\/100|[silent]\n|upkeep\n|turn|18\n|\n|t:|1661538819\n|-activate|p1a: Leafeon|move: Struggle\n|move|p1a: Leafeon|Struggle|p2a: BURD BURD\n|-damage|p2a: BURD BURD|49\/100\n|-damage|p1a: Leafeon|71\/100|[from] recoil\n|move|p2a: BURD BURD|Iron Head|p1a: Leafeon\n|-damage|p1a: Leafeon|52\/100\n|\n|-heal|p1a: Leafeon|58\/100|[from] item: Leftovers\n|-damage|p2a: BURD BURD|36\/100|[from] Leech Seed|[of] p1a: Leafeon\n|-heal|p1a: Leafeon|72\/100|[silent]\n|upkeep\n|turn|19\n|\n|t:|1661538828\n|-activate|p1a: Leafeon|move: Struggle\n|move|p1a: Leafeon|Struggle|p2a: BURD BURD\n|-damage|p2a: BURD BURD|34\/100\n|-damage|p1a: Leafeon|47\/100|[from] recoil\n|move|p2a: BURD BURD|Roost|p2a: BURD BURD\n|-heal|p2a: BURD BURD|84\/100\n|-singleturn|p2a: BURD BURD|move: Roost\n|\n|-heal|p1a: Leafeon|53\/100|[from] item: Leftovers\n|-damage|p2a: BURD BURD|72\/100|[from] Leech Seed|[of] p1a: Leafeon\n|-heal|p1a: Leafeon|68\/100|[silent]\n|-end|p1a: Leafeon|move: Taunt\n|upkeep\n|turn|20\n|\n|t:|1661538840\n|move|p1a: Leafeon|Yawn|p2a: BURD BURD\n|-start|p2a: BURD BURD|move: Yawn|[of] p1a: Leafeon\n|move|p2a: BURD BURD|Taunt|p1a: Leafeon\n|-start|p1a: Leafeon|move: Taunt\n|\n|-heal|p1a: Leafeon|74\/100|[from] item: Leftovers\n|-damage|p2a: BURD BURD|60\/100|[from] Leech Seed|[of] p1a: Leafeon\n|-heal|p1a: Leafeon|89\/100|[silent]\n|upkeep\n|turn|21\n|\n|t:|1661538849\n|-activate|p1a: Leafeon|move: Struggle\n|move|p1a: Leafeon|Struggle|p2a: BURD BURD\n|-damage|p2a: BURD BURD|57\/100\n|-damage|p1a: Leafeon|63\/100|[from] recoil\n|move|p2a: BURD BURD|Roost|p2a: BURD BURD\n|-heal|p2a: BURD BURD|100\/100\n|-singleturn|p2a: BURD BURD|move: Roost\n|\n|-heal|p1a: Leafeon|69\/100|[from] item: Leftovers\n|-damage|p2a: BURD BURD|88\/100|[from] Leech Seed|[of] p1a: Leafeon\n|-heal|p1a: Leafeon|84\/100|[silent]\n|-end|p2a: BURD BURD|move: Yawn|[silent]\n|-status|p2a: BURD BURD|slp\n|upkeep\n|turn|22\n|\n|t:|1661538866\n|-activate|p1a: Leafeon|move: Struggle\n|move|p1a: Leafeon|Struggle|p2a: BURD BURD\n|-damage|p2a: BURD BURD|86\/100 slp\n|-damage|p1a: Leafeon|59\/100|[from] recoil\n|cant|p2a: BURD BURD|slp\n|\n|-heal|p1a: Leafeon|65\/100|[from] item: Leftovers\n|-damage|p2a: BURD BURD|73\/100 slp|[from] Leech Seed|[of] p1a: Leafeon\n|-heal|p1a: Leafeon|80\/100|[silent]\n|upkeep\n|turn|23\n|\n|t:|1661538877\n|-activate|p1a: Leafeon|move: Struggle\n|move|p1a: Leafeon|Struggle|p2a: BURD BURD\n|-damage|p2a: BURD BURD|71\/100 slp\n|-damage|p1a: Leafeon|54\/100|[from] recoil\n|cant|p2a: BURD BURD|slp\n|\n|-heal|p1a: Leafeon|60\/100|[from] item: Leftovers\n|-damage|p2a: BURD BURD|58\/100 slp|[from] Leech Seed|[of] p1a: Leafeon\n|-heal|p1a: Leafeon|75\/100|[silent]\n|-end|p1a: Leafeon|move: Taunt\n|upkeep\n|turn|24\n|\n|t:|1661538891\n|move|p1a: Leafeon|Substitute|p1a: Leafeon\n|-start|p1a: Leafeon|Substitute\n|-damage|p1a: Leafeon|50\/100\n|cant|p2a: BURD BURD|slp\n|\n|-heal|p1a: Leafeon|56\/100|[from] item: Leftovers\n|-damage|p2a: BURD BURD|46\/100 slp|[from] Leech Seed|[of] p1a: Leafeon\n|-heal|p1a: Leafeon|71\/100|[silent]\n|upkeep\n|turn|25\n|\n|t:|1661538899\n|move|p1a: Leafeon|Substitute|p1a: Leafeon\n|-fail|p1a: Leafeon|move: Substitute\n|-curestatus|p2a: BURD BURD|slp|[msg]\n|move|p2a: BURD BURD|Roost|p2a: BURD BURD\n|-heal|p2a: BURD BURD|96\/100\n|-singleturn|p2a: BURD BURD|move: Roost\n|\n|-heal|p1a: Leafeon|77\/100|[from] item: Leftovers\n|-damage|p2a: BURD BURD|84\/100|[from] Leech Seed|[of] p1a: Leafeon\n|-heal|p1a: Leafeon|92\/100|[silent]\n|upkeep\n|turn|26\n|\n|t:|1661538909\n|move|p1a: Leafeon|Leech Seed||[still]\n|-fail|p1a: Leafeon\n|move|p2a: BURD BURD|Taunt|p1a: Leafeon\n|-start|p1a: Leafeon|move: Taunt\n|\n|-heal|p1a: Leafeon|98\/100|[from] item: Leftovers\n|-damage|p2a: BURD BURD|72\/100|[from] Leech Seed|[of] p1a: Leafeon\n|-heal|p1a: Leafeon|100\/100|[silent]\n|upkeep\n|turn|27\n|\n|t:|1661538919\n|-activate|p1a: Leafeon|move: Struggle\n|move|p1a: Leafeon|Struggle|p2a: BURD BURD\n|-damage|p2a: BURD BURD|69\/100\n|-damage|p1a: Leafeon|75\/100|[from] recoil\n|move|p2a: BURD BURD|Iron Head|p1a: Leafeon\n|-activate|p1a: Leafeon|move: Substitute|[damage]\n|\n|-heal|p1a: Leafeon|81\/100|[from] item: Leftovers\n|-damage|p2a: BURD BURD|57\/100|[from] Leech Seed|[of] p1a: Leafeon\n|-heal|p1a: Leafeon|96\/100|[silent]\n|upkeep\n|turn|28\n|\n|t:|1661538933\n|-activate|p1a: Leafeon|move: Struggle\n|move|p1a: Leafeon|Struggle|p2a: BURD BURD\n|-damage|p2a: BURD BURD|55\/100\n|-damage|p1a: Leafeon|71\/100|[from] recoil\n|move|p2a: BURD BURD|Iron Head|p1a: Leafeon\n|-end|p1a: Leafeon|Substitute\n|\n|-heal|p1a: Leafeon|77\/100|[from] item: Leftovers\n|-damage|p2a: BURD BURD|42\/100|[from] Leech Seed|[of] p1a: Leafeon\n|-heal|p1a: Leafeon|92\/100|[silent]\n|upkeep\n|turn|29\n|\n|t:|1661538946\n|-activate|p1a: Leafeon|move: Struggle\n|move|p1a: Leafeon|Struggle|p2a: BURD BURD\n|-damage|p2a: BURD BURD|40\/100\n|-damage|p1a: Leafeon|66\/100|[from] recoil\n|move|p2a: BURD BURD|Roost|p2a: BURD BURD\n|-heal|p2a: BURD BURD|90\/100\n|-singleturn|p2a: BURD BURD|move: Roost\n|\n|-heal|p1a: Leafeon|72\/100|[from] item: Leftovers\n|-damage|p2a: BURD BURD|78\/100|[from] Leech Seed|[of] p1a: Leafeon\n|-heal|p1a: Leafeon|87\/100|[silent]\n|-end|p1a: Leafeon|move: Taunt\n|upkeep\n|turn|30\n|\n|t:|1661538958\n|move|p1a: Leafeon|Protect|p1a: Leafeon\n|-singleturn|p1a: Leafeon|Protect\n|move|p2a: BURD BURD|Iron Head|p1a: Leafeon\n|-activate|p1a: Leafeon|move: Protect\n|\n|-heal|p1a: Leafeon|93\/100|[from] item: Leftovers\n|-damage|p2a: BURD BURD|65\/100|[from] Leech Seed|[of] p1a: Leafeon\n|-heal|p1a: Leafeon|100\/100|[silent]\n|upkeep\n|turn|31\n|\n|t:|1661538973\n|move|p1a: Leafeon|Substitute|p1a: Leafeon\n|-start|p1a: Leafeon|Substitute\n|-damage|p1a: Leafeon|76\/100\n|move|p2a: BURD BURD|Iron Head|p1a: Leafeon\n|-activate|p1a: Leafeon|move: Substitute|[damage]\n|\n|-heal|p1a: Leafeon|82\/100|[from] item: Leftovers\n|-damage|p2a: BURD BURD|53\/100|[from] Leech Seed|[of] p1a: Leafeon\n|-heal|p1a: Leafeon|96\/100|[silent]\n|upkeep\n|turn|32\n|\n|t:|1661538983\n|move|p1a: Leafeon|Leech Seed||[still]\n|-fail|p1a: Leafeon\n|move|p2a: BURD BURD|Iron Head|p1a: Leafeon\n|-end|p1a: Leafeon|Substitute\n|\n|-heal|p1a: Leafeon|100\/100|[from] item: Leftovers\n|-damage|p2a: BURD BURD|41\/100|[from] Leech Seed|[of] p1a: Leafeon\n|upkeep\n|turn|33\n|\n|t:|1661538990\n|move|p1a: Leafeon|Substitute|p1a: Leafeon\n|-start|p1a: Leafeon|Substitute\n|-damage|p1a: Leafeon|76\/100\n|move|p2a: BURD BURD|Roost|p2a: BURD BURD\n|-heal|p2a: BURD BURD|91\/100\n|-singleturn|p2a: BURD BURD|move: Roost\n|\n|-heal|p1a: Leafeon|82\/100|[from] item: Leftovers\n|-damage|p2a: BURD BURD|79\/100|[from] Leech Seed|[of] p1a: Leafeon\n|-heal|p1a: Leafeon|96\/100|[silent]\n|upkeep\n|turn|34\n|\n|t:|1661539006\n|move|p1a: Leafeon|Leech Seed|p2a: BURD BURD|[miss]\n|-miss|p1a: Leafeon|p2a: BURD BURD\n|move|p2a: BURD BURD|Iron Head|p1a: Leafeon\n|-activate|p1a: Leafeon|move: Substitute|[damage]\n|\n|-heal|p1a: Leafeon|100\/100|[from] item: Leftovers\n|-damage|p2a: BURD BURD|66\/100|[from] Leech Seed|[of] p1a: Leafeon\n|upkeep\n|turn|35\n|\n|t:|1661539015\n|move|p1a: Leafeon|Protect|p1a: Leafeon\n|-singleturn|p1a: Leafeon|Protect\n|move|p2a: BURD BURD|Iron Head|p1a: Leafeon\n|-activate|p1a: Leafeon|move: Protect\n|\n|-damage|p2a: BURD BURD|54\/100|[from] Leech Seed|[of] p1a: Leafeon\n|upkeep\n|turn|36\n|\n|t:|1661539022\n|move|p1a: Leafeon|Leech Seed||[still]\n|-fail|p1a: Leafeon\n|move|p2a: BURD BURD|Iron Head|p1a: Leafeon\n|-end|p1a: Leafeon|Substitute\n|\n|-damage|p2a: BURD BURD|42\/100|[from] Leech Seed|[of] p1a: Leafeon\n|upkeep\n|turn|37\n|\n|t:|1661539040\n|move|p1a: Leafeon|Yawn|p2a: BURD BURD\n|-start|p2a: BURD BURD|move: Yawn|[of] p1a: Leafeon\n|move|p2a: BURD BURD|Roost|p2a: BURD BURD\n|-heal|p2a: BURD BURD|92\/100\n|-singleturn|p2a: BURD BURD|move: Roost\n|\n|-damage|p2a: BURD BURD|80\/100|[from] Leech Seed|[of] p1a: Leafeon\n|upkeep\n|turn|38\n|\n|t:|1661539050\n|move|p1a: Leafeon|Substitute|p1a: Leafeon\n|-start|p1a: Leafeon|Substitute\n|-damage|p1a: Leafeon|76\/100\n|move|p2a: BURD BURD|Taunt|p1a: Leafeon\n|-start|p1a: Leafeon|move: Taunt\n|\n|-heal|p1a: Leafeon|82\/100|[from] item: Leftovers\n|-damage|p2a: BURD BURD|67\/100|[from] Leech Seed|[of] p1a: Leafeon\n|-heal|p1a: Leafeon|96\/100|[silent]\n|-end|p2a: BURD BURD|move: Yawn|[silent]\n|-status|p2a: BURD BURD|slp\n|upkeep\n|turn|39\n|\n|t:|1661539060\n|-activate|p1a: Leafeon|move: Struggle\n|move|p1a: Leafeon|Struggle|p2a: BURD BURD\n|-crit|p2a: BURD BURD\n|-damage|p2a: BURD BURD|58\/100 slp\n|-damage|p1a: Leafeon|71\/100|[from] recoil\n|cant|p2a: BURD BURD|slp\n|\n|-heal|p1a: Leafeon|77\/100|[from] item: Leftovers\n|-damage|p2a: BURD BURD|45\/100 slp|[from] Leech Seed|[of] p1a: Leafeon\n|-heal|p1a: Leafeon|92\/100|[silent]\n|upkeep\n|turn|40\n|\n|t:|1661539070\n|-activate|p1a: Leafeon|move: Struggle\n|move|p1a: Leafeon|Struggle|p2a: BURD BURD\n|-damage|p2a: BURD BURD|43\/100 slp\n|-damage|p1a: Leafeon|67\/100|[from] recoil\n|-curestatus|p2a: BURD BURD|slp|[msg]\n|move|p2a: BURD BURD|Roost|p2a: BURD BURD\n|-heal|p2a: BURD BURD|93\/100\n|-singleturn|p2a: BURD BURD|move: Roost\n|\n|-heal|p1a: Leafeon|73\/100|[from] item: Leftovers\n|-damage|p2a: BURD BURD|81\/100|[from] Leech Seed|[of] p1a: Leafeon\n|-heal|p1a: Leafeon|87\/100|[silent]\n|upkeep\n|turn|41\n|\n|t:|1661539084\n|-activate|p1a: Leafeon|move: Struggle\n|move|p1a: Leafeon|Struggle|p2a: BURD BURD\n|-damage|p2a: BURD BURD|78\/100\n|-damage|p1a: Leafeon|62\/100|[from] recoil\n|move|p2a: BURD BURD|Iron Defense|p2a: BURD BURD\n|-boost|p2a: BURD BURD|def|2\n|\n|-heal|p1a: Leafeon|68\/100|[from] item: Leftovers\n|-damage|p2a: BURD BURD|66\/100|[from] Leech Seed|[of] p1a: Leafeon\n|-heal|p1a: Leafeon|83\/100|[silent]\n|-end|p1a: Leafeon|move: Taunt\n|upkeep\n|turn|42\n|\n|t:|1661539097\n|move|p1a: Leafeon|Leech Seed||[still]\n|-fail|p1a: Leafeon\n|move|p2a: BURD BURD|Iron Head|p1a: Leafeon\n|-activate|p1a: Leafeon|move: Substitute|[damage]\n|\n|-heal|p1a: Leafeon|89\/100|[from] item: Leftovers\n|-damage|p2a: BURD BURD|54\/100|[from] Leech Seed|[of] p1a: Leafeon\n|-heal|p1a: Leafeon|100\/100|[silent]\n|upkeep\n|turn|43\n|\n|t:|1661539106\n|move|p1a: Leafeon|Leech Seed||[still]\n|-fail|p1a: Leafeon\n|move|p2a: BURD BURD|Iron Defense|p2a: BURD BURD\n|-boost|p2a: BURD BURD|def|0\n|\n|-damage|p2a: BURD BURD|41\/100|[from] Leech Seed|[of] p1a: Leafeon\n|upkeep\n|turn|44\n|\n|t:|1661539112\n|move|p1a: Leafeon|Leech Seed||[still]\n|-fail|p1a: Leafeon\n|move|p2a: BURD BURD|Roost|p2a: BURD BURD\n|-heal|p2a: BURD BURD|91\/100\n|-singleturn|p2a: BURD BURD|move: Roost\n|\n|-damage|p2a: BURD BURD|79\/100|[from] Leech Seed|[of] p1a: Leafeon\n|upkeep\n|turn|45\n|\n|t:|1661539121\n|move|p1a: Leafeon|Protect|p1a: Leafeon\n|-singleturn|p1a: Leafeon|Protect\n|move|p2a: BURD BURD|Iron Defense|p2a: BURD BURD\n|-boost|p2a: BURD BURD|def|0\n|\n|-damage|p2a: BURD BURD|67\/100|[from] Leech Seed|[of] p1a: Leafeon\n|upkeep\n|turn|46\n|\n|t:|1661539140\n|move|p1a: Leafeon|Yawn|p2a: BURD BURD\n|-start|p2a: BURD BURD|move: Yawn|[of] p1a: Leafeon\n|move|p2a: BURD BURD|Iron Defense|p2a: BURD BURD\n|-boost|p2a: BURD BURD|def|0\n|\n|-damage|p2a: BURD BURD|55\/100|[from] Leech Seed|[of] p1a: Leafeon\n|upkeep\n|turn|47\n|\n|t:|1661539149\n|move|p1a: Leafeon|Protect|p1a: Leafeon\n|-singleturn|p1a: Leafeon|Protect\n|move|p2a: BURD BURD|Roost|p2a: BURD BURD\n|-heal|p2a: BURD BURD|100\/100\n|-singleturn|p2a: BURD BURD|move: Roost\n|\n|-damage|p2a: BURD BURD|88\/100|[from] Leech Seed|[of] p1a: Leafeon\n|-end|p2a: BURD BURD|move: Yawn|[silent]\n|-status|p2a: BURD BURD|slp\n|upkeep\n|turn|48\n|\n|t:|1661539160\n|move|p1a: Leafeon|Substitute|p1a: Leafeon\n|-fail|p1a: Leafeon|move: Substitute\n|cant|p2a: BURD BURD|slp\n|\n|-damage|p2a: BURD BURD|76\/100 slp|[from] Leech Seed|[of] p1a: Leafeon\n|upkeep\n|turn|49\n|\n|t:|1661539171\n|move|p1a: Leafeon|Protect|p1a: Leafeon\n|-singleturn|p1a: Leafeon|Protect\n|cant|p2a: BURD BURD|slp\n|\n|-damage|p2a: BURD BURD|64\/100 slp|[from] Leech Seed|[of] p1a: Leafeon\n|upkeep\n|turn|50\n|\n|t:|1661539177\n|move|p1a: Leafeon|Substitute|p1a: Leafeon\n|-fail|p1a: Leafeon|move: Substitute\n|-curestatus|p2a: BURD BURD|slp|[msg]\n|move|p2a: BURD BURD|Iron Defense|p2a: BURD BURD\n|-boost|p2a: BURD BURD|def|0\n|\n|-damage|p2a: BURD BURD|51\/100|[from] Leech Seed|[of] p1a: Leafeon\n|upkeep\n|turn|51\n|\n|t:|1661539185\n|move|p1a: Leafeon|Yawn|p2a: BURD BURD\n|-start|p2a: BURD BURD|move: Yawn|[of] p1a: Leafeon\n|move|p2a: BURD BURD|Iron Defense|p2a: BURD BURD\n|-boost|p2a: BURD BURD|def|0\n|\n|-damage|p2a: BURD BURD|39\/100|[from] Leech Seed|[of] p1a: Leafeon\n|upkeep\n|turn|52\n|\n|t:|1661539196\n|move|p1a: Leafeon|Protect|p1a: Leafeon\n|-singleturn|p1a: Leafeon|Protect\n|move|p2a: BURD BURD|Roost|p2a: BURD BURD\n|-heal|p2a: BURD BURD|89\/100\n|-singleturn|p2a: BURD BURD|move: Roost\n|\n|-damage|p2a: BURD BURD|77\/100|[from] Leech Seed|[of] p1a: Leafeon\n|-end|p2a: BURD BURD|move: Yawn|[silent]\n|-status|p2a: BURD BURD|slp\n|upkeep\n|turn|53\n|\n|t:|1661539206\n|move|p1a: Leafeon|Substitute|p1a: Leafeon\n|-fail|p1a: Leafeon|move: Substitute\n|cant|p2a: BURD BURD|slp\n|\n|-damage|p2a: BURD BURD|65\/100 slp|[from] Leech Seed|[of] p1a: Leafeon\n|upkeep\n|turn|54\n|\n|t:|1661539214\n|move|p1a: Leafeon|Protect|p1a: Leafeon\n|-singleturn|p1a: Leafeon|Protect\n|cant|p2a: BURD BURD|slp\n|\n|-damage|p2a: BURD BURD|52\/100 slp|[from] Leech Seed|[of] p1a: Leafeon\n|upkeep\n|turn|55\n|\n|t:|1661539222\n|move|p1a: Leafeon|Substitute|p1a: Leafeon\n|-fail|p1a: Leafeon|move: Substitute\n|cant|p2a: BURD BURD|slp\n|\n|-damage|p2a: BURD BURD|40\/100 slp|[from] Leech Seed|[of] p1a: Leafeon\n|upkeep\n|turn|56\n|\n|t:|1661539228\n|move|p1a: Leafeon|Protect|p1a: Leafeon\n|-singleturn|p1a: Leafeon|Protect\n|-curestatus|p2a: BURD BURD|slp|[msg]\n|move|p2a: BURD BURD|Roost|p2a: BURD BURD\n|-heal|p2a: BURD BURD|90\/100\n|-singleturn|p2a: BURD BURD|move: Roost\n|\n|-damage|p2a: BURD BURD|78\/100|[from] Leech Seed|[of] p1a: Leafeon\n|upkeep\n|turn|57\n|\n|t:|1661539240\n|move|p1a: Leafeon|Protect||[still]\n|-fail|p1a: Leafeon\n|move|p2a: BURD BURD|Iron Defense|p2a: BURD BURD\n|-boost|p2a: BURD BURD|def|0\n|\n|-damage|p2a: BURD BURD|66\/100|[from] Leech Seed|[of] p1a: Leafeon\n|upkeep\n|turn|58\n|\n|t:|1661539247\n|move|p1a: Leafeon|Substitute|p1a: Leafeon\n|-fail|p1a: Leafeon|move: Substitute\n|move|p2a: BURD BURD|Iron Defense|p2a: BURD BURD\n|-boost|p2a: BURD BURD|def|0\n|\n|-damage|p2a: BURD BURD|53\/100|[from] Leech Seed|[of] p1a: Leafeon\n|upkeep\n|turn|59\n|\n|t:|1661539254\n|move|p1a: Leafeon|Protect|p1a: Leafeon\n|-singleturn|p1a: Leafeon|Protect\n|move|p2a: BURD BURD|Iron Defense|p2a: BURD BURD\n|-boost|p2a: BURD BURD|def|0\n|\n|-damage|p2a: BURD BURD|41\/100|[from] Leech Seed|[of] p1a: Leafeon\n|upkeep\n|turn|60\n|\n|t:|1661539264\n|move|p1a: Leafeon|Substitute|p1a: Leafeon\n|-fail|p1a: Leafeon|move: Substitute\n|move|p2a: BURD BURD|Roost|p2a: BURD BURD\n|-heal|p2a: BURD BURD|91\/100\n|-singleturn|p2a: BURD BURD|move: Roost\n|\n|-damage|p2a: BURD BURD|79\/100|[from] Leech Seed|[of] p1a: Leafeon\n|upkeep\n|turn|61\n|\n|t:|1661539271\n|move|p1a: Leafeon|Protect|p1a: Leafeon\n|-singleturn|p1a: Leafeon|Protect\n|move|p2a: BURD BURD|Roost|p2a: BURD BURD\n|-heal|p2a: BURD BURD|100\/100\n|-singleturn|p2a: BURD BURD|move: Roost\n|\n|-damage|p2a: BURD BURD|88\/100|[from] Leech Seed|[of] p1a: Leafeon\n|upkeep\n|turn|62\n|\n|t:|1661539286\n|move|p1a: Leafeon|Substitute|p1a: Leafeon\n|-fail|p1a: Leafeon|move: Substitute\n|move|p2a: BURD BURD|Taunt|p1a: Leafeon\n|-start|p1a: Leafeon|move: Taunt\n|\n|-damage|p2a: BURD BURD|76\/100|[from] Leech Seed|[of] p1a: Leafeon\n|upkeep\n|turn|63\n|\n|t:|1661539293\n|-activate|p1a: Leafeon|move: Struggle\n|move|p1a: Leafeon|Struggle|p2a: BURD BURD\n|-damage|p2a: BURD BURD|74\/100\n|-damage|p1a: Leafeon|75\/100|[from] recoil\n|move|p2a: BURD BURD|Iron Head|p1a: Leafeon\n|-end|p1a: Leafeon|Substitute\n|\n|-heal|p1a: Leafeon|81\/100|[from] item: Leftovers\n|-damage|p2a: BURD BURD|62\/100|[from] Leech Seed|[of] p1a: Leafeon\n|-heal|p1a: Leafeon|96\/100|[silent]\n|upkeep\n|turn|64\n|\n|t:|1661539303\n|-activate|p1a: Leafeon|move: Struggle\n|move|p1a: Leafeon|Struggle|p2a: BURD BURD\n|-damage|p2a: BURD BURD|60\/100\n|-damage|p1a: Leafeon|71\/100|[from] recoil\n|move|p2a: BURD BURD|Iron Head|p1a: Leafeon\n|-crit|p1a: Leafeon\n|-damage|p1a: Leafeon|45\/100\n|\n|-heal|p1a: Leafeon|51\/100|[from] item: Leftovers\n|-damage|p2a: BURD BURD|47\/100|[from] Leech Seed|[of] p1a: Leafeon\n|-heal|p1a: Leafeon|65\/100|[silent]\n|upkeep\n|turn|65\n|\n|t:|1661539313\n|-activate|p1a: Leafeon|move: Struggle\n|move|p1a: Leafeon|Struggle|p2a: BURD BURD\n|-damage|p2a: BURD BURD|45\/100\n|-damage|p1a: Leafeon|40\/100|[from] recoil\n|move|p2a: BURD BURD|Iron Head|p1a: Leafeon\n|-damage|p1a: Leafeon|23\/100\n|\n|-heal|p1a: Leafeon|29\/100|[from] item: Leftovers\n|-damage|p2a: BURD BURD|33\/100|[from] Leech Seed|[of] p1a: Leafeon\n|-heal|p1a: Leafeon|44\/100|[silent]\n|-end|p1a: Leafeon|move: Taunt\n|upkeep\n|turn|66\n|\n|t:|1661539323\n|move|p1a: Leafeon|Protect|p1a: Leafeon\n|-singleturn|p1a: Leafeon|Protect\n|move|p2a: BURD BURD|Taunt|p1a: Leafeon\n|-activate|p1a: Leafeon|move: Protect\n|\n|-heal|p1a: Leafeon|50\/100|[from] item: Leftovers\n|-damage|p2a: BURD BURD|21\/100|[from] Leech Seed|[of] p1a: Leafeon\n|-heal|p1a: Leafeon|64\/100|[silent]\n|upkeep\n|turn|67\n|\n|t:|1661539334\n|move|p1a: Leafeon|Protect||[still]\n|-fail|p1a: Leafeon\n|move|p2a: BURD BURD|Taunt|p1a: Leafeon\n|-start|p1a: Leafeon|move: Taunt\n|\n|-heal|p1a: Leafeon|70\/100|[from] item: Leftovers\n|-damage|p2a: BURD BURD|9\/100|[from] Leech Seed|[of] p1a: Leafeon\n|-heal|p1a: Leafeon|85\/100|[silent]\n|upkeep\n|turn|68\n|c|\u2606Highv0ltag3|gg\n|\n|t:|1661539342\n|-activate|p1a: Leafeon|move: Struggle\n|move|p1a: Leafeon|Struggle|p2a: BURD BURD\n|-damage|p2a: BURD BURD|7\/100\n|-damage|p1a: Leafeon|60\/100|[from] recoil\n|move|p2a: BURD BURD|Iron Head|p1a: Leafeon\n|-damage|p1a: Leafeon|40\/100\n|\n|-heal|p1a: Leafeon|46\/100|[from] item: Leftovers\n|-damage|p2a: BURD BURD|0 fnt|[from] Leech Seed|[of] p1a: Leafeon\n|-heal|p1a: Leafeon|53\/100|[silent]\n|faint|p2a: BURD BURD\n|\n|win|Highv0ltag3\n|upkeep\n|raw|Highv0ltag3's rating: 1476 &rarr; <strong>1496<\/strong><br \/>(+20 for winning)\n|raw|Farties's rating: 1480 &rarr; <strong>1460<\/strong><br \/>(-20 for losing)\n|l|\u2606Farties\n|j| 18.arnav\n||Ladder isn't responding, score probably updated but might not have (Request timeout).\n","uploadtime":1661539345,"views":9,"p1id":"highv0ltag3","p2id":"farties","formatid":"gen81v1","rating":1460,"private":0,"password":null}