{"id":"gen8ou-1644356671","p1":"himynametay","p2":"toxagoat","format":"gen8ou","log":"|j|\u203dhimynametay\n|j|\u2606toxagoat\n|t:|1661042380\n|gametype|singles\n|player|p1|himynametay|elesa-masters|1612\n|player|p2|toxagoat|ethan-pokeathlon|1673\n|teamsize|p1|6\n|teamsize|p2|6\n|gen|8\n|tier|[Gen 8] OU\n|rated|\n|rule|Sleep Clause Mod: Limit one foe put to sleep\n|rule|Species Clause: Limit one of each Pok\u00e9mon\n|rule|OHKO Clause: OHKO moves are banned\n|rule|Evasion Items Clause: Evasion items are banned\n|rule|Evasion Moves Clause: Evasion moves are banned\n|rule|Endless Battle Clause: Forcing endless battles is banned\n|rule|HP Percentage Mod: HP is shown in percentages\n|rule|Dynamax Clause: You cannot dynamax\n|clearpoke\n|poke|p1|Tapu Fini|\n|poke|p1|Magnezone|\n|poke|p1|Tapu Lele|\n|poke|p1|Kartana|\n|poke|p1|Hawlucha, F|\n|poke|p1|Landorus-Therian, M|\n|poke|p2|Perrserker, M|\n|poke|p2|Jirachi|\n|poke|p2|Buzzwole|\n|poke|p2|Umbreon, F|\n|poke|p2|Landorus-Therian, M|\n|poke|p2|Tapu Fini|\n|teampreview\n|inactive|Battle timer is ON: inactive players will automatically lose when time's up. (requested by himynametay)\n|c|\u2606toxagoat|knock knock\n|inactive|toxagoat has 120 seconds left.\n|c|\u2606toxagoat|ehem\n|j| WishfulClefable\n|c|\u2606toxagoat|*cough cough\n|inactive|toxagoat has 90 seconds left.\n|c|\u2606toxagoat|knock\n|c|\u2606toxagoat|knock\n|j| Celtis\n|\n|t:|1661042476\n|start\n|switch|p1a: Magnezone|Magnezone|100\/100\n|switch|p2a: Buzzwole|Buzzwole|100\/100\n|turn|1\n|\n|t:|1661042484\n|switch|p1a: Tapu Fini|Tapu Fini|100\/100\n|-fieldstart|move: Misty Terrain|[from] ability: Misty Surge|[of] p1a: Tapu Fini\n|move|p2a: Buzzwole|Ice Punch|p1a: Tapu Fini\n|-resisted|p1a: Tapu Fini\n|-damage|p1a: Tapu Fini|86\/100\n|\n|upkeep\n|turn|2\n|\n|t:|1661042491\n|switch|p1a: Magnezone|Magnezone|100\/100\n|switch|p2a: Jirachi|Jirachi, shiny|100\/100\n|\n|upkeep\n|turn|3\n|\n|t:|1661042496\n|move|p2a: Jirachi|Aura Sphere|p1a: Magnezone\n|-supereffective|p1a: Magnezone\n|-damage|p1a: Magnezone|4\/100\n|move|p1a: Magnezone|Body Press|p2a: Jirachi\n|-damage|p2a: Jirachi|73\/100\n|\n|upkeep\n|turn|4\n|\n|t:|1661042501\n|switch|p1a: Tapu Lele|Tapu Lele|100\/100\n|-fieldstart|move: Psychic Terrain|[from] ability: Psychic Surge|[of] p1a: Tapu Lele\n|move|p2a: Jirachi|Aura Sphere|p1a: Tapu Lele\n|-resisted|p1a: Tapu Lele\n|-damage|p1a: Tapu Lele|90\/100\n|\n|upkeep\n|turn|5\n|\n|t:|1661042513\n|switch|p2a: Perrserker|Perrserker, M, shiny|100\/100\n|move|p1a: Tapu Lele|Moonblast|p2a: Perrserker\n|-resisted|p2a: Perrserker\n|-damage|p2a: Perrserker|52\/100\n|\n|upkeep\n|turn|6\n|\n|t:|1661042527\n|switch|p1a: Magnezone|Magnezone|4\/100\n|move|p2a: Perrserker|Iron Head|p1a: Magnezone\n|-resisted|p1a: Magnezone\n|-damage|p1a: Magnezone|0 fnt\n|-damage|p2a: Perrserker|35\/100|[from] item: Rocky Helmet|[of] p1a: Magnezone\n|faint|p1a: Magnezone\n|\n|upkeep\n|\n|t:|1661042531\n|switch|p1a: Tapu Lele|Tapu Lele|90\/100\n|turn|7\n|\n|t:|1661042545\n|move|p1a: Tapu Lele|Moonblast|p2a: Perrserker\n|-resisted|p2a: Perrserker\n|-damage|p2a: Perrserker|0 fnt\n|faint|p2a: Perrserker\n|\n|upkeep\n|\n|t:|1661042557\n|switch|p2a: Jirachi|Jirachi, shiny|73\/100\n|turn|8\n|j| Ninjack Testing\n|\n|t:|1661042576\n|switch|p1a: Tapu Fini|Tapu Fini|86\/100\n|-fieldstart|move: Misty Terrain|[from] ability: Misty Surge|[of] p1a: Tapu Fini\n|move|p2a: Jirachi|Psyshock|p1a: Tapu Fini\n|-damage|p1a: Tapu Fini|28\/100\n|\n|upkeep\n|turn|9\n|inactive|toxagoat has 120 seconds left.\n|l| Ninjack Testing\n|\n|t:|1661042605\n|switch|p1a: Landorus|Landorus-Therian, M|100\/100\n|-ability|p1a: Landorus|Intimidate|boost\n|-unboost|p2a: Jirachi|atk|1\n|switch|p2a: Umbreon|Umbreon, F, shiny|100\/100\n|\n|upkeep\n|turn|10\n|inactive|toxagoat has 120 seconds left.\n|\n|t:|1661042619\n|move|p1a: Landorus|Stealth Rock|p2a: Umbreon\n|-sidestart|p2: toxagoat|move: Stealth Rock\n|move|p2a: Umbreon|Foul Play|p1a: Landorus\n|-damage|p1a: Landorus|53\/100\n|\n|-heal|p1a: Landorus|59\/100|[from] item: Leftovers\n|upkeep\n|turn|11\n|inactive|toxagoat has 120 seconds left.\n|\n|t:|1661042625\n|move|p1a: Landorus|U-turn|p2a: Umbreon\n|-supereffective|p2a: Umbreon\n|-damage|p2a: Umbreon|71\/100\n|\n|t:|1661042628\n|switch|p1a: Tapu Fini|Tapu Fini|28\/100|[from]move: U-turn\n|move|p2a: Umbreon|Foul Play|p1a: Tapu Fini\n|-resisted|p1a: Tapu Fini\n|-damage|p1a: Tapu Fini|18\/100\n|\n|-heal|p2a: Umbreon|77\/100|[from] item: Leftovers\n|upkeep\n|turn|12\n|\n|t:|1661042637\n|switch|p1a: Landorus|Landorus-Therian, M|59\/100\n|-ability|p1a: Landorus|Intimidate|boost\n|-unboost|p2a: Umbreon|atk|1\n|move|p2a: Umbreon|Protect||[still]\n|-fail|p2a: Umbreon\n|\n|-heal|p1a: Landorus|65\/100|[from] item: Leftovers\n|-heal|p2a: Umbreon|84\/100|[from] item: Leftovers\n|-fieldend|Misty Terrain\n|upkeep\n|turn|13\n|\n|t:|1661042646\n|move|p1a: Landorus|U-turn|p2a: Umbreon\n|-supereffective|p2a: Umbreon\n|-damage|p2a: Umbreon|56\/100\n|\n|t:|1661042653\n|switch|p1a: Tapu Fini|Tapu Fini|18\/100|[from]move: U-turn\n|-fieldstart|move: Misty Terrain|[from] ability: Misty Surge|[of] p1a: Tapu Fini\n|move|p2a: Umbreon|Foul Play|p1a: Tapu Fini\n|-resisted|p1a: Tapu Fini\n|-damage|p1a: Tapu Fini|8\/100\n|\n|-heal|p2a: Umbreon|62\/100|[from] item: Leftovers\n|upkeep\n|turn|14\n|\n|t:|1661042665\n|move|p1a: Tapu Fini|Moonblast|p2a: Umbreon\n|-supereffective|p2a: Umbreon\n|-damage|p2a: Umbreon|13\/100\n|move|p2a: Umbreon|Wish|p2a: Umbreon\n|\n|-heal|p2a: Umbreon|19\/100|[from] item: Leftovers\n|upkeep\n|turn|15\n|\n|t:|1661042676\n|switch|p1a: Tapu Lele|Tapu Lele|90\/100\n|-fieldstart|move: Psychic Terrain|[from] ability: Psychic Surge|[of] p1a: Tapu Lele\n|move|p2a: Umbreon|Protect||[still]\n|-fail|p2a: Umbreon\n|\n|-heal|p2a: Umbreon|69\/100|[from] move: Wish|[wisher] Umbreon\n|-heal|p2a: Umbreon|75\/100|[from] item: Leftovers\n|upkeep\n|turn|16\n|\n|t:|1661042682\n|move|p2a: Umbreon|Protect|p2a: Umbreon\n|-singleturn|p2a: Umbreon|Protect\n|move|p1a: Tapu Lele|Moonblast|p2a: Umbreon\n|-activate|p2a: Umbreon|move: Protect\n|\n|-heal|p2a: Umbreon|81\/100|[from] item: Leftovers\n|upkeep\n|turn|17\n|\n|t:|1661042687\n|switch|p2a: Jirachi|Jirachi, shiny|73\/100\n|-damage|p2a: Jirachi|67\/100|[from] Stealth Rock\n|move|p1a: Tapu Lele|Moonblast|p2a: Jirachi\n|-resisted|p2a: Jirachi\n|-damage|p2a: Jirachi|31\/100\n|\n|upkeep\n|turn|18\n|l| WishfulClefable\n|\n|t:|1661042702\n|switch|p1a: Landorus|Landorus-Therian, M|65\/100\n|-ability|p1a: Landorus|Intimidate|boost\n|-unboost|p2a: Jirachi|atk|1\n|move|p2a: Jirachi|Doom Desire|p1a: Landorus\n|-start|p2a: Jirachi|Doom Desire\n|\n|-heal|p1a: Landorus|71\/100|[from] item: Leftovers\n|upkeep\n|turn|19\n|j| pisslax\n|\n|t:|1661042726\n|switch|p2a: Landorus|Landorus-Therian, M, shiny|100\/100\n|-damage|p2a: Landorus|88\/100|[from] Stealth Rock\n|-ability|p2a: Landorus|Intimidate|boost\n|-unboost|p1a: Landorus|atk|1\n|move|p1a: Landorus|U-turn|p2a: Landorus\n|-resisted|p2a: Landorus\n|-damage|p2a: Landorus|80\/100\n|-damage|p1a: Landorus|55\/100|[from] item: Rocky Helmet|[of] p2a: Landorus\n|\n|t:|1661042737\n|switch|p1a: Tapu Fini|Tapu Fini|8\/100|[from]move: U-turn\n|-fieldstart|move: Misty Terrain|[from] ability: Misty Surge|[of] p1a: Tapu Fini\n|\n|upkeep\n|turn|20\n|\n|t:|1661042743\n|switch|p1a: Landorus|Landorus-Therian, M|55\/100\n|-ability|p1a: Landorus|Intimidate|boost\n|-unboost|p2a: Landorus|atk|1\n|move|p2a: Landorus|Stealth Rock|p1a: Landorus\n|-sidestart|p1: himynametay|move: Stealth Rock\n|\n|-end|p1a: Landorus|move: Doom Desire\n|-damage|p1a: Landorus|9\/100\n|-heal|p1a: Landorus|15\/100|[from] item: Leftovers\n|upkeep\n|turn|21\n|\n|t:|1661042749\n|move|p2a: Landorus|Rock Tomb|p1a: Landorus\n|-damage|p1a: Landorus|4\/100\n|-unboost|p1a: Landorus|spe|1\n|move|p1a: Landorus|Toxic|p2a: Landorus|[miss]\n|-miss|p1a: Landorus|p2a: Landorus\n|\n|-heal|p1a: Landorus|10\/100|[from] item: Leftovers\n|upkeep\n|turn|22\n|\n|t:|1661042759\n|move|p2a: Landorus|Rock Tomb|p1a: Landorus\n|-damage|p1a: Landorus|0 fnt\n|faint|p1a: Landorus\n|\n|upkeep\n|\n|t:|1661042762\n|switch|p1a: Hawlucha|Hawlucha, F|100\/100\n|-damage|p1a: Hawlucha|88\/100|[from] Stealth Rock\n|-enditem|p1a: Hawlucha|Misty Seed\n|-boost|p1a: Hawlucha|spd|1|[from] item: Misty Seed\n|turn|23\n|\n|t:|1661042778\n|move|p1a: Hawlucha|Swords Dance|p1a: Hawlucha\n|-boost|p1a: Hawlucha|atk|2\n|move|p2a: Landorus|Rock Tomb|p1a: Hawlucha\n|-damage|p1a: Hawlucha|70\/100\n|-unboost|p1a: Hawlucha|spe|1\n|\n|-fieldend|Misty Terrain\n|upkeep\n|turn|24\n|inactive|toxagoat has 120 seconds left.\n|\n|t:|1661042805\n|move|p1a: Hawlucha|Substitute|p1a: Hawlucha\n|-start|p1a: Hawlucha|Substitute\n|-damage|p1a: Hawlucha|45\/100\n|move|p2a: Landorus|Rock Tomb|p1a: Hawlucha\n|-activate|p1a: Hawlucha|move: Substitute|[damage]\n|\n|upkeep\n|turn|25\n|inactive|toxagoat has 120 seconds left.\n|\n|t:|1661042817\n|move|p1a: Hawlucha|Acrobatics|p2a: Landorus\n|-damage|p2a: Landorus|0 fnt\n|-damage|p1a: Hawlucha|29\/100|[from] item: Rocky Helmet|[of] p2a: Landorus\n|faint|p2a: Landorus\n|\n|upkeep\n|inactive|toxagoat has 120 seconds left.\n|\n|t:|1661042825\n|switch|p2a: Tapu Fini|Tapu Fini, shiny|100\/100\n|-damage|p2a: Tapu Fini|88\/100|[from] Stealth Rock\n|-fieldstart|move: Misty Terrain|[from] ability: Misty Surge|[of] p2a: Tapu Fini\n|turn|26\n|\n|t:|1661042832\n|move|p1a: Hawlucha|Acrobatics|p2a: Tapu Fini\n|-damage|p2a: Tapu Fini|20\/100\n|move|p2a: Tapu Fini|Scald|p1a: Hawlucha\n|-end|p1a: Hawlucha|Substitute\n|\n|-heal|p2a: Tapu Fini|26\/100|[from] item: Leftovers\n|upkeep\n|turn|27\n|\n|t:|1661042840\n|move|p1a: Hawlucha|Acrobatics|p2a: Tapu Fini\n|-damage|p2a: Tapu Fini|0 fnt\n|faint|p2a: Tapu Fini\n|\n|upkeep\n|\n|t:|1661042843\n|switch|p2a: Buzzwole|Buzzwole|100\/100\n|-damage|p2a: Buzzwole|88\/100|[from] Stealth Rock\n|turn|28\n|\n|t:|1661042867\n|move|p2a: Buzzwole|Leech Life|p1a: Hawlucha\n|-resisted|p1a: Hawlucha\n|-damage|p1a: Hawlucha|15\/100\n|-heal|p2a: Buzzwole|95\/100|[from] drain|[of] p1a: Hawlucha\n|move|p1a: Hawlucha|Acrobatics|p2a: Buzzwole\n|-supereffective|p2a: Buzzwole\n|-damage|p2a: Buzzwole|0 fnt\n|faint|p2a: Buzzwole\n|\n|upkeep\n|-message|toxagoat forfeited.\n|\n|win|himynametay\n|raw|himynametay's rating: 1612 &rarr; <strong>1635<\/strong><br \/>(+23 for winning)\n|raw|toxagoat's rating: 1673 &rarr; <strong>1650<\/strong><br \/>(-23 for losing)\n||Ladder isn't responding, score probably updated but might not have (Request timeout).\n","uploadtime":1661042881,"views":9,"p1id":"himynametay","p2id":"toxagoat","formatid":"gen8ou","rating":1635,"private":0,"password":null}