{"id":"gen8pu-1293425708","p1":"PedroGreg","p2":"BBB papillon","format":"gen8pu","log":"|j|\u2606PedroGreg\n|j|\u2606BBB papillon\n|t:|1614751853\n|player|p1|PedroGreg|elesa|1529\n|player|p2|BBB papillon|dawn|1381\n|teamsize|p1|6\n|teamsize|p2|6\n|gametype|singles\n|gen|8\n|tier|[Gen 8] PU\n|rated|\n|clearpoke\n|poke|p1|Silvally-*|\n|poke|p1|Regirock|\n|poke|p1|Vaporeon, M|\n|poke|p1|Whimsicott, F|\n|poke|p1|Talonflame, F|\n|poke|p1|Mesprit|\n|poke|p2|Calyrex|\n|poke|p2|Jolteon, F|\n|poke|p2|Sandaconda, F|\n|poke|p2|Perrserker, F|\n|poke|p2|Silvally-*|\n|poke|p2|Frosmoth, M|\n|rule|Sleep Clause Mod: Limit one foe put to sleep\n|rule|Species Clause: Limit one of each Pok\u00e9mon\n|rule|OHKO Clause: OHKO moves are banned\n|rule|Evasion Moves Clause: Evasion moves are banned\n|rule|Endless Battle Clause: Forcing endless battles is banned\n|rule|HP Percentage Mod: HP is shown in percentages\n|rule|Dynamax Clause: You cannot dynamax\n|teampreview\n|inactive|Battle timer is ON: inactive players will automatically lose when time's up. (requested by BBB papillon)\n|\n|t:|1614751875\n|start\n|switch|p1a: Vaporeon|Vaporeon, M|100\/100\n|switch|p2a: Sandaconda|Sandaconda, F, shiny|100\/100\n|turn|1\n|\n|t:|1614751881\n|switch|p2a: Calyrex|Calyrex|100\/100\n|-ability|p2a: Calyrex|Unnerve|p1: PedroGreg\n|move|p1a: Vaporeon|Scald|p2a: Calyrex\n|-resisted|p2a: Calyrex\n|-damage|p2a: Calyrex|84\/100\n|-status|p2a: Calyrex|brn\n|\n|-damage|p2a: Calyrex|78\/100 brn|[from] brn\n|upkeep\n|turn|2\n|\n|t:|1614751890\n|switch|p1a: Whimsicott|Whimsicott, F|100\/100\n|move|p2a: Calyrex|Psychic|p1a: Whimsicott\n|-damage|p1a: Whimsicott|38\/100\n|\n|-damage|p2a: Calyrex|71\/100 brn|[from] brn\n|upkeep\n|turn|3\n|\n|t:|1614751897\n|switch|p2a: Perrserker|Perrserker, F, shiny|100\/100\n|move|p1a: Whimsicott|U-turn|p2a: Perrserker\n|-resisted|p2a: Perrserker\n|-damage|p2a: Perrserker|94\/100\n|\n|t:|1614751905\n|switch|p1a: Silvally|Silvally-Ground|100\/100|[from]move: U-turn\n|\n|upkeep\n|turn|4\n|\n|t:|1614751911\n|switch|p2a: Sandaconda|Sandaconda, F, shiny|100\/100\n|move|p1a: Silvally|U-turn|p2a: Sandaconda\n|-damage|p2a: Sandaconda|88\/100\n|-damage|p1a: Silvally|84\/100|[from] item: Rocky Helmet|[of] p2a: Sandaconda\n|\n|t:|1614751918\n|switch|p1a: Vaporeon|Vaporeon, M|100\/100|[from]move: U-turn\n|\n|upkeep\n|turn|5\n|\n|t:|1614751924\n|switch|p2a: Calyrex|Calyrex|71\/100 brn\n|-ability|p2a: Calyrex|Unnerve|p1: PedroGreg\n|move|p1a: Vaporeon|Wish|p1a: Vaporeon\n|\n|-damage|p2a: Calyrex|65\/100 brn|[from] brn\n|upkeep\n|turn|6\n|\n|t:|1614751931\n|switch|p1a: Mesprit|Mesprit|100\/100\n|move|p2a: Calyrex|Leaf Storm|p1a: Mesprit\n|-damage|p1a: Mesprit|26\/100\n|-unboost|p2a: Calyrex|spa|2\n|\n|-heal|p1a: Mesprit|100\/100|[from] move: Wish|[wisher] Vaporeon\n|-damage|p2a: Calyrex|59\/100 brn|[from] brn\n|upkeep\n|turn|7\n|\n|t:|1614751939\n|switch|p2a: Sandaconda|Sandaconda, F, shiny|88\/100\n|move|p1a: Mesprit|U-turn|p2a: Sandaconda\n|-damage|p2a: Sandaconda|79\/100\n|-damage|p1a: Mesprit|84\/100|[from] item: Rocky Helmet|[of] p2a: Sandaconda\n|\n|t:|1614751947\n|switch|p1a: Whimsicott|Whimsicott, F|38\/100|[from]move: U-turn\n|\n|upkeep\n|turn|8\n|\n|t:|1614751950\n|switch|p2a: Perrserker|Perrserker, F, shiny|94\/100\n|move|p1a: Whimsicott|Knock Off|p2a: Perrserker\n|-damage|p2a: Perrserker|76\/100\n|-enditem|p2a: Perrserker|Choice Band|[from] move: Knock Off|[of] p1a: Whimsicott\n|\n|upkeep\n|turn|9\n|\n|t:|1614751959\n|move|p1a: Whimsicott|U-turn|p2a: Perrserker\n|-resisted|p2a: Perrserker\n|-damage|p2a: Perrserker|70\/100\n|\n|t:|1614751962\n|switch|p1a: Vaporeon|Vaporeon, M|100\/100|[from]move: U-turn\n|move|p2a: Perrserker|Seed Bomb|p1a: Vaporeon\n|-supereffective|p1a: Vaporeon\n|-damage|p1a: Vaporeon|60\/100\n|\n|-heal|p1a: Vaporeon|66\/100|[from] item: Leftovers\n|upkeep\n|turn|10\n|\n|t:|1614751969\n|move|p2a: Perrserker|U-turn|p1a: Vaporeon\n|-damage|p1a: Vaporeon|48\/100\n|\n|t:|1614751973\n|switch|p2a: Jolteon|Jolteon, F, shiny|100\/100|[from]move: U-turn\n|move|p1a: Vaporeon|Scald|p2a: Jolteon\n|-damage|p2a: Jolteon|62\/100\n|\n|-heal|p1a: Vaporeon|54\/100|[from] item: Leftovers\n|upkeep\n|turn|11\n|\n|t:|1614751976\n|move|p1a: Vaporeon|Protect|p1a: Vaporeon\n|-singleturn|p1a: Vaporeon|Protect\n|move|p2a: Jolteon|Heal Bell|p2a: Jolteon\n|-activate|p2a: Jolteon|move: Heal Bell\n|-curestatus|p2: Calyrex|brn|[msg]\n|\n|-heal|p1a: Vaporeon|60\/100|[from] item: Leftovers\n|upkeep\n|turn|12\n|\n|t:|1614751981\n|switch|p2a: Calyrex|Calyrex|59\/100\n|-ability|p2a: Calyrex|Unnerve|p1: PedroGreg\n|switch|p1a: Silvally|Silvally-Ground|84\/100\n|\n|upkeep\n|turn|13\n|\n|t:|1614751988\n|switch|p1a: Vaporeon|Vaporeon, M|60\/100\n|move|p2a: Calyrex|Leaf Storm|p1a: Vaporeon\n|-supereffective|p1a: Vaporeon\n|-damage|p1a: Vaporeon|0 fnt\n|-unboost|p2a: Calyrex|spa|2\n|faint|p1a: Vaporeon\n|\n|upkeep\n|\n|t:|1614751993\n|switch|p1a: Talonflame|Talonflame, F|100\/100\n|turn|14\n|\n|t:|1614751996\n|switch|p2a: Sandaconda|Sandaconda, F, shiny|79\/100\n|move|p1a: Talonflame|Will-O-Wisp|p2a: Sandaconda\n|-status|p2a: Sandaconda|brn\n|\n|-damage|p2a: Sandaconda|73\/100 brn|[from] brn\n|upkeep\n|turn|15\n|\n|t:|1614752011\n|switch|p1a: Regirock|Regirock|100\/100\n|move|p2a: Sandaconda|Stealth Rock|p1a: Regirock\n|-sidestart|p1: PedroGreg|move: Stealth Rock\n|\n|-damage|p2a: Sandaconda|66\/100 brn|[from] brn\n|upkeep\n|turn|16\n|\n|t:|1614752017\n|switch|p2a: Calyrex|Calyrex|59\/100\n|-ability|p2a: Calyrex|Unnerve|p1: PedroGreg\n|move|p1a: Regirock|Stealth Rock|p2a: Calyrex\n|-sidestart|p2: BBB papillon|move: Stealth Rock\n|\n|upkeep\n|turn|17\n|\n|t:|1614752020\n|move|p2a: Calyrex|Psychic|p1a: Regirock\n|-damage|p1a: Regirock|50\/100\n|move|p1a: Regirock|Body Press|p2a: Calyrex\n|-resisted|p2a: Calyrex\n|-damage|p2a: Calyrex|32\/100\n|\n|-heal|p1a: Regirock|56\/100|[from] item: Leftovers\n|upkeep\n|turn|18\n|\n|t:|1614752027\n|move|p1a: Regirock|Protect|p1a: Regirock\n|-singleturn|p1a: Regirock|Protect\n|move|p2a: Calyrex|Psychic|p1a: Regirock\n|-activate|p1a: Regirock|move: Protect\n|\n|-heal|p1a: Regirock|62\/100|[from] item: Leftovers\n|upkeep\n|turn|19\n|\n|t:|1614752031\n|switch|p1a: Talonflame|Talonflame, F|100\/100\n|move|p2a: Calyrex|Psychic|p1a: Talonflame\n|-damage|p1a: Talonflame|36\/100\n|\n|upkeep\n|turn|20\n|\n|t:|1614752036\n|switch|p2a: Sandaconda|Sandaconda, F, shiny|66\/100 brn\n|-damage|p2a: Sandaconda|60\/100 brn|[from] Stealth Rock\n|move|p1a: Talonflame|Roost|p1a: Talonflame\n|-heal|p1a: Talonflame|86\/100\n|-singleturn|p1a: Talonflame|move: Roost\n|\n|-damage|p2a: Sandaconda|54\/100 brn|[from] brn\n|upkeep\n|turn|21\n|\n|t:|1614752045\n|switch|p1a: Mesprit|Mesprit|84\/100\n|-damage|p1a: Mesprit|72\/100|[from] Stealth Rock\n|move|p2a: Sandaconda|Glare|p1a: Mesprit\n|-status|p1a: Mesprit|par\n|\n|-activate|p2a: Sandaconda|ability: Shed Skin\n|-curestatus|p2a: Sandaconda|brn|[msg]\n|upkeep\n|turn|22\n|\n|t:|1614752050\n|move|p1a: Mesprit|Trick|p2a: Sandaconda\n|-activate|p1a: Mesprit|move: Trick|[of] p2a: Sandaconda\n|-item|p2a: Sandaconda|Choice Scarf|[from] move: Trick\n|-item|p1a: Mesprit|Rocky Helmet|[from] move: Trick\n|move|p2a: Sandaconda|Rest|p2a: Sandaconda\n|-status|p2a: Sandaconda|slp|[from] move: Rest\n|-heal|p2a: Sandaconda|100\/100 slp|[silent]\n|\n|upkeep\n|turn|23\n|\n|t:|1614752057\n|switch|p2a: Perrserker|Perrserker, F, shiny|70\/100\n|-damage|p2a: Perrserker|64\/100|[from] Stealth Rock\n|cant|p1a: Mesprit|par\n|\n|upkeep\n|turn|24\n|\n|t:|1614752067\n|switch|p1a: Talonflame|Talonflame, F|86\/100\n|move|p2a: Perrserker|Iron Head|p1a: Talonflame\n|-resisted|p1a: Talonflame\n|-damage|p1a: Talonflame|46\/100\n|\n|upkeep\n|turn|25\n|\n|t:|1614752073\n|switch|p2a: Jolteon|Jolteon, F, shiny|62\/100\n|-damage|p2a: Jolteon|50\/100|[from] Stealth Rock\n|move|p1a: Talonflame|Will-O-Wisp|p2a: Jolteon\n|-status|p2a: Jolteon|brn\n|\n|-damage|p2a: Jolteon|44\/100 brn|[from] brn\n|upkeep\n|turn|26\n|\n|t:|1614752079\n|move|p2a: Jolteon|Shadow Ball|p1a: Talonflame\n|-damage|p1a: Talonflame|0 fnt\n|faint|p1a: Talonflame\n|\n|-damage|p2a: Jolteon|39\/100 brn|[from] brn\n|upkeep\n|\n|t:|1614752086\n|switch|p1a: Silvally|Silvally-Ground|84\/100\n|-damage|p1a: Silvally|78\/100|[from] Stealth Rock\n|turn|27\n|\n|t:|1614752090\n|move|p2a: Jolteon|Shadow Ball|p1a: Silvally\n|-damage|p1a: Silvally|38\/100\n|-unboost|p1a: Silvally|spd|1\n|move|p1a: Silvally|Swords Dance|p1a: Silvally\n|-boost|p1a: Silvally|atk|2\n|\n|-damage|p2a: Jolteon|33\/100 brn|[from] brn\n|upkeep\n|turn|28\n|\n|t:|1614752095\n|switch|p1a: Whimsicott|Whimsicott, F|38\/100\n|move|p2a: Jolteon|Shadow Ball|p1a: Whimsicott\n|-damage|p1a: Whimsicott|0 fnt\n|faint|p1a: Whimsicott\n|\n|-damage|p2a: Jolteon|27\/100 brn|[from] brn\n|upkeep\n|\n|t:|1614752097\n|switch|p1a: Regirock|Regirock|62\/100\n|-damage|p1a: Regirock|50\/100|[from] Stealth Rock\n|turn|29\n|\n|t:|1614752099\n|move|p1a: Regirock|Protect|p1a: Regirock\n|-singleturn|p1a: Regirock|Protect\n|move|p2a: Jolteon|Shadow Ball|p1a: Regirock\n|-activate|p1a: Regirock|move: Protect\n|\n|-heal|p1a: Regirock|56\/100|[from] item: Leftovers\n|-damage|p2a: Jolteon|21\/100 brn|[from] brn\n|upkeep\n|turn|30\n|\n|t:|1614752102\n|move|p2a: Jolteon|Shadow Ball|p1a: Regirock\n|-damage|p1a: Regirock|23\/100\n|move|p1a: Regirock|Body Press|p2a: Jolteon\n|-damage|p2a: Jolteon|0 fnt\n|faint|p2a: Jolteon\n|\n|-heal|p1a: Regirock|29\/100|[from] item: Leftovers\n|upkeep\n|\n|t:|1614752110\n|switch|p2a: Perrserker|Perrserker, F, shiny|64\/100\n|-damage|p2a: Perrserker|58\/100|[from] Stealth Rock\n|turn|31\n|\n|t:|1614752122\n|switch|p1a: Mesprit|Mesprit|72\/100 par\n|-damage|p1a: Mesprit|59\/100 par|[from] Stealth Rock\n|move|p2a: Perrserker|Iron Head|p1a: Mesprit\n|-damage|p1a: Mesprit|0 fnt\n|-damage|p2a: Perrserker|41\/100|[from] item: Rocky Helmet|[of] p1a: Mesprit\n|faint|p1a: Mesprit\n|\n|upkeep\n|\n|t:|1614752124\n|switch|p1a: Silvally|Silvally-Ground|38\/100\n|-damage|p1a: Silvally|32\/100|[from] Stealth Rock\n|turn|32\n|\n|t:|1614752128\n|move|p1a: Silvally|Multi-Attack|p2a: Perrserker\n|-supereffective|p2a: Perrserker\n|-damage|p2a: Perrserker|0 fnt\n|faint|p2a: Perrserker\n|\n|upkeep\n|\n|t:|1614752134\n|switch|p2a: Frosmoth|Frosmoth, M|100\/100\n|turn|33\n|\n|t:|1614752137\n|move|p1a: Silvally|Rock Slide|p2a: Frosmoth\n|-supereffective|p2a: Frosmoth\n|-damage|p2a: Frosmoth|0 fnt\n|faint|p2a: Frosmoth\n|\n|upkeep\n|\n|t:|1614752142\n|switch|p2a: Sandaconda|Sandaconda, F, shiny|100\/100 slp\n|-damage|p2a: Sandaconda|94\/100 slp|[from] Stealth Rock\n|turn|34\n|\n|t:|1614752154\n|move|p1a: Silvally|Swords Dance|p1a: Silvally\n|-boost|p1a: Silvally|atk|2\n|cant|p2a: Sandaconda|slp\n|\n|upkeep\n|turn|35\n|\n|t:|1614752156\n|move|p1a: Silvally|Multi-Attack|p2a: Sandaconda\n|-damage|p2a: Sandaconda|28\/100 slp\n|cant|p2a: Sandaconda|slp\n|\n|-activate|p2a: Sandaconda|ability: Shed Skin\n|-curestatus|p2a: Sandaconda|slp|[msg]\n|upkeep\n|turn|36\n|\n|t:|1614752160\n|move|p1a: Silvally|Multi-Attack|p2a: Sandaconda\n|-damage|p2a: Sandaconda|0 fnt\n|faint|p2a: Sandaconda\n|\n|upkeep\n|c|\u2606BBB papillon|gg\n|\n|t:|1614752169\n|switch|p2a: Silvally|Silvally-Poison|100\/100\n|-damage|p2a: Silvally|88\/100|[from] Stealth Rock\n|turn|37\n|\n|t:|1614752172\n|move|p1a: Silvally|Multi-Attack|p2a: Silvally\n|-supereffective|p2a: Silvally\n|-crit|p2a: Silvally\n|-damage|p2a: Silvally|0 fnt\n|faint|p2a: Silvally\n|\n|upkeep\n|-message|BBB papillon forfeited.\n|\n|win|PedroGreg\n|l|\u2606BBB papillon\n|c|\u2606PedroGreg|gg\n|raw|PedroGreg's rating: 1529 &rarr; <strong>1541<\/strong><br \/>(+12 for winning)\n|raw|BBB papillon's rating: 1381 &rarr; <strong>1369<\/strong><br \/>(-12 for losing)\n","uploadtime":1614752483,"views":23,"p1id":"pedrogreg","p2id":"bbbpapillon","formatid":"gen8pu","rating":1369,"private":0,"password":null}