{"id":"gen8ou-1682883129","p1":"Firelord0zaii","p2":"VivaHonduras","format":"gen8ou","log":"|j|\u2606Firelord0zaii\n|j|\u2606VivaHonduras\n|t:|1665472518\n|gametype|singles\n|player|p1|Firelord0zaii|gambler|1655\n|player|p2|VivaHonduras|scientist-gen4|1673\n|teamsize|p1|6\n|teamsize|p2|6\n|gen|8\n|tier|[Gen 8] OU\n|rated|\n|rule|Sleep Clause Mod: Limit one foe put to sleep\n|rule|Species Clause: Limit one of each Pok\u00e9mon\n|rule|OHKO Clause: OHKO moves are banned\n|rule|Evasion Items Clause: Evasion items are banned\n|rule|Evasion Moves Clause: Evasion moves are banned\n|rule|Endless Battle Clause: Forcing endless battles is banned\n|rule|HP Percentage Mod: HP is shown in percentages\n|rule|Dynamax Clause: You cannot dynamax\n|clearpoke\n|poke|p1|Diggersby, F|\n|poke|p1|Tornadus-Therian, M|\n|poke|p1|Reuniclus, F|\n|poke|p1|Ferrothorn, F|\n|poke|p1|Toxapex, M|\n|poke|p1|Hydreigon, F|\n|poke|p2|Unfezant, M|\n|poke|p2|Torkoal, F|\n|poke|p2|Venusaur, F|\n|poke|p2|Xatu, F|\n|poke|p2|Heatran, M|\n|poke|p2|Landorus-Therian, M|\n|teampreview\n|inactive|Battle timer is ON: inactive players will automatically lose when time's up. (requested by VivaHonduras)\n|j| call the crew\n|\n|t:|1665472535\n|start\n|switch|p1a: Tornadus|Tornadus-Therian, M|100\/100\n|switch|p2a: Landorus|Landorus-Therian, M|100\/100\n|-ability|p2a: Landorus|Intimidate|boost\n|-unboost|p1a: Tornadus|atk|1\n|turn|1\n|\n|t:|1665472538\n|move|p2a: Landorus|Knock Off|p1a: Tornadus\n|-damage|p1a: Tornadus|62\/100\n|-enditem|p1a: Tornadus|Heavy-Duty Boots|[from] move: Knock Off|[of] p2a: Landorus\n|move|p1a: Tornadus|Toxic|p2a: Landorus\n|-status|p2a: Landorus|tox\n|\n|-damage|p2a: Landorus|95\/100 tox|[from] psn\n|upkeep\n|turn|2\n|\n|t:|1665472547\n|move|p2a: Landorus|Knock Off|p1a: Tornadus\n|-damage|p1a: Tornadus|36\/100\n|move|p1a: Tornadus|Knock Off|p2a: Landorus\n|-damage|p2a: Landorus|78\/100 tox\n|-enditem|p2a: Landorus|Choice Scarf|[from] move: Knock Off|[of] p1a: Tornadus\n|\n|-damage|p2a: Landorus|66\/100 tox|[from] psn\n|upkeep\n|turn|3\n|\n|t:|1665472555\n|move|p1a: Tornadus|U-turn|p2a: Landorus\n|-resisted|p2a: Landorus\n|-damage|p2a: Landorus|60\/100 tox\n|\n|t:|1665472560\n|switch|p1a: Toxapex|Toxapex, M|100\/100|[from]move: U-turn\n|move|p2a: Landorus|U-turn|p1a: Toxapex\n|-resisted|p1a: Toxapex\n|-damage|p1a: Toxapex|93\/100\n|-damage|p2a: Landorus|43\/100 tox|[from] item: Rocky Helmet|[of] p1a: Toxapex\n|\n|t:|1665472563\n|switch|p2a: Torkoal|Torkoal, F|100\/100|[from]move: U-turn\n|-weather|SunnyDay|[from] ability: Drought|[of] p2a: Torkoal\n|\n|-weather|SunnyDay|[upkeep]\n|upkeep\n|turn|4\n|\n|t:|1665472579\n|switch|p1a: Hydreigon|Hydreigon, F|100\/100\n|move|p2a: Torkoal|Stealth Rock|p1a: Hydreigon\n|-sidestart|p1: Firelord0zaii|move: Stealth Rock\n|\n|-weather|SunnyDay|[upkeep]\n|upkeep\n|turn|5\n|\n|t:|1665472586\n|move|p1a: Hydreigon|Nasty Plot|p1a: Hydreigon\n|-boost|p1a: Hydreigon|spa|2\n|move|p2a: Torkoal|Body Press|p1a: Hydreigon\n|-supereffective|p1a: Hydreigon\n|-damage|p1a: Hydreigon|27\/100\n|\n|-weather|SunnyDay|[upkeep]\n|-heal|p1a: Hydreigon|33\/100|[from] item: Leftovers\n|upkeep\n|turn|6\n|\n|t:|1665472603\n|switch|p2a: Landorus|Landorus-Therian, M|43\/100 tox\n|-ability|p2a: Landorus|Intimidate|boost\n|-unboost|p1a: Hydreigon|atk|1\n|move|p1a: Hydreigon|Dark Pulse|p2a: Landorus\n|-damage|p2a: Landorus|0 fnt\n|faint|p2a: Landorus\n|\n|-weather|SunnyDay|[upkeep]\n|-heal|p1a: Hydreigon|40\/100|[from] item: Leftovers\n|upkeep\n|\n|t:|1665472611\n|switch|p2a: Heatran|Heatran, M|100\/100\n|-item|p2a: Heatran|Air Balloon\n|turn|7\n|\n|t:|1665472620\n|move|p1a: Hydreigon|Dark Pulse|p2a: Heatran\n|-damage|p2a: Heatran|15\/100\n|-enditem|p2a: Heatran|Air Balloon\n|move|p2a: Heatran|Magma Storm|p1a: Hydreigon\n|-resisted|p1a: Hydreigon\n|-damage|p1a: Hydreigon|0 fnt\n|faint|p1a: Hydreigon\n|\n|-weather|SunnyDay|[upkeep]\n|upkeep\n|j| HaxxIsPain\n|\n|t:|1665472633\n|switch|p1a: Tornadus|Tornadus-Therian, M|70\/100\n|-damage|p1a: Tornadus|45\/100|[from] Stealth Rock\n|turn|8\n|\n|t:|1665472643\n|move|p1a: Tornadus|Knock Off|p2a: Heatran\n|-damage|p2a: Heatran|3\/100\n|move|p2a: Heatran|Magma Storm|p1a: Tornadus\n|-damage|p1a: Tornadus|0 fnt\n|faint|p1a: Tornadus\n|\n|-weather|SunnyDay|[upkeep]\n|upkeep\n|\n|t:|1665472649\n|switch|p1a: Toxapex|Toxapex, M|100\/100\n|-damage|p1a: Toxapex|88\/100|[from] Stealth Rock\n|turn|9\n|\n|t:|1665472652\n|move|p2a: Heatran|Earth Power|p1a: Toxapex\n|-supereffective|p1a: Toxapex\n|-damage|p1a: Toxapex|34\/100\n|move|p1a: Toxapex|Scald|p2a: Heatran\n|-supereffective|p2a: Heatran\n|-damage|p2a: Heatran|0 fnt\n|faint|p2a: Heatran\n|\n|-weather|SunnyDay|[upkeep]\n|upkeep\n|\n|t:|1665472655\n|switch|p2a: Venusaur|Venusaur, F, shiny|100\/100\n|turn|10\n|\n|t:|1665472662\n|move|p2a: Venusaur|Earth Power|p1a: Toxapex\n|-supereffective|p1a: Toxapex\n|-damage|p1a: Toxapex|0 fnt\n|faint|p1a: Toxapex\n|-damage|p2a: Venusaur|91\/100|[from] item: Life Orb\n|\n|-weather|none\n|upkeep\n|\n|t:|1665472667\n|switch|p1a: Reuniclus|Reuniclus, F, shiny|100\/100\n|turn|11\n|\n|t:|1665472671\n|switch|p2a: Unfezant|Unfezant, M|100\/100\n|move|p1a: Reuniclus|Calm Mind|p1a: Reuniclus\n|-boost|p1a: Reuniclus|spa|1\n|-boost|p1a: Reuniclus|spd|1\n|\n|upkeep\n|turn|12\n|\n|t:|1665472675\n|move|p2a: Unfezant|Work Up|p2a: Unfezant\n|-boost|p2a: Unfezant|atk|1\n|-boost|p2a: Unfezant|spa|1\n|move|p1a: Reuniclus|Acid Armor|p1a: Reuniclus\n|-boost|p1a: Reuniclus|def|2\n|\n|upkeep\n|turn|13\n|\n|t:|1665472678\n|move|p2a: Unfezant|Night Slash|p1a: Reuniclus\n|-supereffective|p1a: Reuniclus\n|-crit|p1a: Reuniclus\n|-damage|p1a: Reuniclus|24\/100\n|move|p1a: Reuniclus|Calm Mind|p1a: Reuniclus\n|-boost|p1a: Reuniclus|spa|1\n|-boost|p1a: Reuniclus|spd|1\n|\n|-heal|p1a: Reuniclus|30\/100|[from] item: Leftovers\n|upkeep\n|turn|14\n|\n|t:|1665472682\n|move|p2a: Unfezant|Night Slash|p1a: Reuniclus\n|-supereffective|p1a: Reuniclus\n|-crit|p1a: Reuniclus\n|-damage|p1a: Reuniclus|0 fnt\n|faint|p1a: Reuniclus\n|\n|upkeep\n|\n|t:|1665472691\n|switch|p1a: Diggersby|Diggersby, F|100\/100\n|-damage|p1a: Diggersby|94\/100|[from] Stealth Rock\n|turn|15\n|\n|t:|1665472693\n|move|p2a: Unfezant|Brave Bird|p1a: Diggersby\n|-crit|p1a: Diggersby\n|-damage|p1a: Diggersby|0 fnt\n|faint|p1a: Diggersby\n|-damage|p2a: Unfezant|69\/100|[from] Recoil\n|\n|upkeep\n|j| Marcodemon\n|c|\u2606VivaHonduras|Gg\n|c|\u2606Firelord0zaii|Is it supposed to crit every turn?\n|l| Marcodemon\n|inactive|Firelord0zaii has 120 seconds left.\n|c|\u2606VivaHonduras|Ye\n|c|\u2606VivaHonduras|Super luck scope lens\n|c|\u2606Firelord0zaii|What is the matj\n|c|\u2606Firelord0zaii|Math\n|c|\u2606VivaHonduras|66%\n|c|\u2606VivaHonduras|Or wait\n|c|\u2606VivaHonduras|50% i think\n|c|\u2606VivaHonduras|Nigh slash is guaranteed tho\n|c|\u2606Firelord0zaii|Oh ok\n|c|\u2606VivaHonduras|For that one it is 100%\n|inactive|Firelord0zaii has 90 seconds left.\n|-message|Firelord0zaii forfeited.\n|\n|win|VivaHonduras\n|raw|Firelord0zaii's rating: 1655 &rarr; <strong>1636<\/strong><br \/>(-19 for losing)\n|raw|VivaHonduras's rating: 1673 &rarr; <strong>1692<\/strong><br \/>(+19 for winning)\n|l|\u2606Firelord0zaii\n|l| HaxxIsPain\n","uploadtime":1665472769,"views":9,"p1id":"firelord0zaii","p2id":"vivahonduras","formatid":"gen8ou","rating":1636,"private":0,"password":null}