{"id":"gen8ou-1254757521","p1":"human owner","p2":"Burnt Bright","format":"gen8ou","log":"|html|<div class=\"broadcast-blue\"><strong>[Gen 8] OU is currently suspecting Urshifu-S! For information on how to participate check out the <a href=\"https:\/\/www.smogon.com\/forums\/threads\/np-ss-ou-suspect-process-round-8-aint-no-rest-for-the-wicked.3675310\/\">suspect thread<\/a>.<\/strong><\/div>\n|j|\u2606human owner\n|j|\u2606Burnt Bright\n|t:|1609626852\n|player|p1|human owner|cueball-gen1|1566\n|player|p2|Burnt Bright|parasollady-gen4|1529\n|teamsize|p1|6\n|teamsize|p2|6\n|gametype|singles\n|gen|8\n|tier|[Gen 8] OU\n|rated|\n|clearpoke\n|poke|p1|Magnezone|\n|poke|p1|Tornadus-Therian, M|\n|poke|p1|Obstagoon, M|\n|poke|p1|Slowking-Galar, M|\n|poke|p1|Landorus-Therian, M|\n|poke|p1|Tapu Fini|\n|poke|p2|Rillaboom, F|\n|poke|p2|Magnezone|\n|poke|p2|Krookodile, M|\n|poke|p2|Corviknight, F|\n|poke|p2|Keldeo-Resolute|\n|poke|p2|Swampert, F|\n|rule|Sleep Clause Mod: Limit one foe put to sleep\n|rule|Species Clause: Limit one of each Pok\u00e9mon\n|rule|OHKO Clause: OHKO moves are banned\n|rule|Evasion Moves Clause: Evasion moves are banned\n|rule|Endless Battle Clause: Forcing endless battles is banned\n|rule|HP Percentage Mod: HP is shown in percentages\n|rule|Dynamax Clause: You cannot dynamax\n|teampreview\n|\n|t:|1609626859\n|start\n|switch|p1a: Tom|Landorus-Therian, M|100\/100\n|switch|p2a: Swampert|Swampert, F|100\/100\n|-ability|p1a: Tom|Intimidate|boost\n|-unboost|p2a: Swampert|atk|1\n|turn|1\n|\n|t:|1609626864\n|move|p1a: Tom|Stealth Rock|p2a: Swampert\n|-sidestart|p2: Burnt Bright|move: Stealth Rock\n|move|p2a: Swampert|Toxic|p1a: Tom\n|-status|p1a: Tom|tox\n|\n|-damage|p1a: Tom|95\/100 tox|[from] psn\n|upkeep\n|turn|2\n|\n|t:|1609626868\n|move|p1a: Tom|Swords Dance|p1a: Tom\n|-boost|p1a: Tom|atk|2\n|move|p2a: Swampert|Stealth Rock|p1a: Tom\n|-sidestart|p1: human owner|move: Stealth Rock\n|\n|-damage|p1a: Tom|83\/100 tox|[from] psn\n|upkeep\n|turn|3\n|\n|t:|1609626878\n|move|p1a: Tom|Explosion|p2a: Swampert\n|-crit|p2a: Swampert\n|-damage|p2a: Swampert|0 fnt\n|faint|p1a: Tom\n|faint|p2a: Swampert\n|\n|upkeep\n|\n|t:|1609626904\n|switch|p1a: blusta|Tornadus-Therian, M|100\/100\n|switch|p2a: Corviknight|Corviknight, F|100\/100\n|-damage|p2a: Corviknight|88\/100|[from] Stealth Rock\n|-ability|p2a: Corviknight|Pressure\n|turn|4\n|\n|t:|1609626908\n|move|p1a: blusta|Nasty Plot|p1a: blusta\n|-boost|p1a: blusta|spa|2\n|move|p2a: Corviknight|U-turn|p1a: blusta\n|-resisted|p1a: blusta\n|-damage|p1a: blusta|90\/100\n|\n|t:|1609626939\n|switch|p2a: Rillaboom|Rillaboom, F|100\/100|[from]move: U-turn\n|-damage|p2a: Rillaboom|88\/100|[from] Stealth Rock\n|-fieldstart|move: Grassy Terrain|[from] ability: Grassy Surge|[of] p2a: Rillaboom\n|\n|-heal|p2a: Rillaboom|94\/100|[from] Grassy Terrain\n|upkeep\n|turn|5\n|\n|t:|1609626988\n|move|p2a: Rillaboom|Grassy Glide|p1a: blusta\n|-resisted|p1a: blusta\n|-damage|p1a: blusta|41\/100\n|move|p1a: blusta|Heat Wave|p2a: Rillaboom\n|-supereffective|p2a: Rillaboom\n|-damage|p2a: Rillaboom|0 fnt\n|faint|p2a: Rillaboom\n|\n|upkeep\n|\n|t:|1609626997\n|switch|p2a: Krookodile|Krookodile, M|100\/100\n|-damage|p2a: Krookodile|94\/100|[from] Stealth Rock\n|turn|6\n|\n|t:|1609627004\n|switch|p1a: bosque|Tapu Fini, shiny|100\/100\n|-damage|p1a: bosque|88\/100|[from] Stealth Rock\n|-fieldstart|move: Misty Terrain|[from] ability: Misty Surge|[of] p1a: bosque\n|move|p2a: Krookodile|Knock Off|p1a: bosque\n|-resisted|p1a: bosque\n|-damage|p1a: bosque|66\/100\n|-enditem|p1a: bosque|Leftovers|[from] move: Knock Off|[of] p2a: Krookodile\n|\n|upkeep\n|turn|7\n|\n|t:|1609627012\n|switch|p2a: Magnezone|Magnezone|100\/100\n|-damage|p2a: Magnezone|94\/100|[from] Stealth Rock\n|move|p1a: bosque|Surf|p2a: Magnezone\n|-damage|p2a: Magnezone|40\/100\n|\n|upkeep\n|turn|8\n|\n|t:|1609627021\n|move|p2a: Magnezone|Thunderbolt|p1a: bosque\n|-supereffective|p1a: bosque\n|-damage|p1a: bosque|0 fnt\n|faint|p1a: bosque\n|\n|upkeep\n|\n|t:|1609627046\n|switch|p1a: Bike Helmet|Slowking-Galar, M|100\/100\n|-damage|p1a: Bike Helmet|88\/100|[from] Stealth Rock\n|turn|9\n|\n|t:|1609627054\n|move|p2a: Magnezone|Thunderbolt|p1a: Bike Helmet\n|-damage|p1a: Bike Helmet|49\/100\n|move|p1a: Bike Helmet|Flamethrower|p2a: Magnezone\n|-supereffective|p2a: Magnezone\n|-damage|p2a: Magnezone|0 fnt\n|faint|p2a: Magnezone\n|\n|upkeep\n|\n|t:|1609627059\n|switch|p2a: Krookodile|Krookodile, M|94\/100\n|-damage|p2a: Krookodile|88\/100|[from] Stealth Rock\n|turn|10\n|\n|t:|1609627067\n|switch|p1a: blusta|Tornadus-Therian, M|74\/100\n|move|p2a: Krookodile|Knock Off|p1a: blusta\n|-damage|p1a: blusta|13\/100\n|-enditem|p1a: blusta|Heavy-Duty Boots|[from] move: Knock Off|[of] p2a: Krookodile\n|\n|-fieldend|Misty Terrain\n|upkeep\n|turn|11\n|\n|t:|1609627083\n|switch|p1a: BB7|Magnezone, shiny|100\/100\n|-damage|p1a: BB7|94\/100|[from] Stealth Rock\n|move|p2a: Krookodile|Knock Off|p1a: BB7\n|-damage|p1a: BB7|53\/100\n|-enditem|p1a: BB7|Choice Specs|[from] move: Knock Off|[of] p2a: Krookodile\n|\n|upkeep\n|turn|12\n|inactive|Battle timer is ON: inactive players will automatically lose when time's up. (requested by human owner)\n|\n|t:|1609627107\n|switch|p2a: Keldeo|Keldeo-Resolute|100\/100\n|-damage|p2a: Keldeo|94\/100|[from] Stealth Rock\n|move|p1a: BB7|Tri Attack|p2a: Keldeo\n|-damage|p2a: Keldeo|50\/100\n|\n|-heal|p2a: Keldeo|57\/100|[from] item: Leftovers\n|upkeep\n|turn|13\n|\n|t:|1609627120\n|move|p2a: Keldeo|Scald|p1a: BB7\n|-damage|p1a: BB7|7\/100\n|move|p1a: BB7|Volt Switch|p2a: Keldeo\n|-supereffective|p2a: Keldeo\n|-damage|p2a: Keldeo|0 fnt\n|faint|p2a: Keldeo\n|\n|t:|1609627139\n|switch|p1a: blusta|Tornadus-Therian, M|46\/100|[from]move: Volt Switch\n|-damage|p1a: blusta|21\/100|[from] Stealth Rock\n|\n|upkeep\n|\n|t:|1609627144\n|switch|p2a: Krookodile|Krookodile, M|88\/100\n|-damage|p2a: Krookodile|82\/100|[from] Stealth Rock\n|turn|14\n|j| wish3s\n|n|\u2606human owner|humanowner\n|l| wish3s\n|inactive|human owner has 120 seconds left.\n|inactive|human owner has 90 seconds left.\n|\n|t:|1609627207\n|move|p2a: Krookodile|Knock Off|p1a: blusta\n|-damage|p1a: blusta|0 fnt\n|faint|p1a: blusta\n|-ability|p2a: Krookodile|Moxie|boost\n|-boost|p2a: Krookodile|atk|1\n|\n|upkeep\n|inactive|human owner has 90 seconds left.\n|\n|t:|1609627220\n|switch|p1a: Rascal|Obstagoon, M|100\/100\n|-damage|p1a: Rascal|88\/100|[from] Stealth Rock\n|turn|15\n|\n|t:|1609627226\n|switch|p2a: Corviknight|Corviknight, F|88\/100\n|-damage|p2a: Corviknight|75\/100|[from] Stealth Rock\n|-ability|p2a: Corviknight|Pressure\n|move|p1a: Rascal|Close Combat|p2a: Corviknight\n|-damage|p2a: Corviknight|57\/100\n|-unboost|p1a: Rascal|def|1\n|-unboost|p1a: Rascal|spd|1\n|\n|-heal|p2a: Corviknight|63\/100|[from] item: Leftovers\n|-status|p1a: Rascal|brn|[from] item: Flame Orb\n|upkeep\n|turn|16\n|\n|t:|1609627239\n|move|p1a: Rascal|Parting Shot|p2a: Corviknight\n|-unboost|p2a: Corviknight|atk|1\n|-unboost|p2a: Corviknight|spa|1\n|\n|t:|1609627241\n|switch|p1a: Bike Helmet|Slowking-Galar, M|82\/100|[from]move: Parting Shot\n|-damage|p1a: Bike Helmet|70\/100|[from] Stealth Rock\n|move|p2a: Corviknight|Brave Bird|p1a: Bike Helmet\n|-damage|p1a: Bike Helmet|42\/100\n|-damage|p2a: Corviknight|54\/100|[from] Recoil\n|\n|-heal|p2a: Corviknight|60\/100|[from] item: Leftovers\n|upkeep\n|turn|17\n|\n|t:|1609627251\n|move|p2a: Corviknight|U-turn|p1a: Bike Helmet\n|-damage|p1a: Bike Helmet|31\/100\n|\n|t:|1609627253\n|switch|p2a: Krookodile|Krookodile, M|82\/100|[from]move: U-turn\n|-damage|p2a: Krookodile|76\/100|[from] Stealth Rock\n|move|p1a: Bike Helmet|Scald|p2a: Krookodile\n|-supereffective|p2a: Krookodile\n|-damage|p2a: Krookodile|2\/100\n|\n|upkeep\n|turn|18\n|\n|t:|1609627264\n|switch|p1a: BB7|Magnezone, shiny|7\/100\n|-damage|p1a: BB7|1\/100|[from] Stealth Rock\n|move|p2a: Krookodile|High Horsepower|p1a: BB7\n|-supereffective|p1a: BB7\n|-damage|p1a: BB7|0 fnt\n|faint|p1a: BB7\n|-ability|p2a: Krookodile|Moxie|boost\n|-boost|p2a: Krookodile|atk|1\n|\n|upkeep\n|\n|t:|1609627270\n|switch|p1a: Rascal|Obstagoon, M|88\/100 brn\n|-damage|p1a: Rascal|76\/100 brn|[from] Stealth Rock\n|turn|19\n|j| Vessev\n|c|\u2606human owner|if i lose\n|\n|t:|1609627279\n|move|p2a: Krookodile|High Horsepower|p1a: Rascal\n|-damage|p1a: Rascal|0 fnt\n|faint|p1a: Rascal\n|-ability|p2a: Krookodile|Moxie|boost\n|-boost|p2a: Krookodile|atk|1\n|\n|upkeep\n|c|\u2606human owner|because of that\n|c|\u2606Burnt Bright|?\n|c|\u2606human owner|fuck u i deserved this win\n|-message|human owner forfeited.\n|\n|win|Burnt Bright\n|l|\u2606human owner\n|c|\u2606Burnt Bright|30% chance?\n|c|\u2606Burnt Bright|idk about deserved\n|l|\u2606Burnt Bright\n||Ladder (probably) updated, but score could not be retrieved (Request timeout).\n","uploadtime":1609627418,"views":17,"p1id":"humanowner","p2id":"burntbright","formatid":"gen8ou","rating":0,"private":0,"password":null}