{"id":"gen8ou-1375486421","p1":"Specs KD","p2":"LT82ZW G14","format":"gen8ou","log":"|raw|<div class=\"broadcast-blue\"><strong>This battle is required to be public due to a player having a name starting with 'lt82zw'.<\/div>\n|j|\u2606Specs KD\n|j|\u2606LT82ZW G14\n|t:|1626104089\n|gametype|singles\n|player|p1|Specs KD|swimmerf|1576\n|player|p2|LT82ZW G14|gambler|1551\n|teamsize|p1|6\n|teamsize|p2|6\n|gen|8\n|tier|[Gen 8] OU\n|rated|\n|rule|Sleep Clause Mod: Limit one foe put to sleep\n|rule|Species Clause: Limit one of each Pok\u00e9mon\n|rule|OHKO Clause: OHKO moves are banned\n|rule|Evasion Moves Clause: Evasion moves are banned\n|rule|Endless Battle Clause: Forcing endless battles is banned\n|rule|HP Percentage Mod: HP is shown in percentages\n|rule|Dynamax Clause: You cannot dynamax\n|clearpoke\n|poke|p1|Garchomp, F|\n|poke|p1|Heatran, F|\n|poke|p1|Tornadus-Therian, M|\n|poke|p1|Tapu Koko|\n|poke|p1|Buzzwole|\n|poke|p1|Slowking-Galar, M|\n|poke|p2|Melmetal|\n|poke|p2|Clefable, M|\n|poke|p2|Dragonite, F|\n|poke|p2|Swampert, M|\n|poke|p2|Rotom-Heat|\n|poke|p2|Zarude|\n|teampreview\n|\n|t:|1626104180\n|start\n|switch|p1a: Cynthia|Garchomp, F|100\/100\n|switch|p2a: Swampert|Swampert, M|100\/100\n|turn|1\n|\n|t:|1626104183\n|move|p1a: Cynthia|Toxic|p2a: Swampert\n|-status|p2a: Swampert|tox\n|move|p2a: Swampert|Ice Beam|p1a: Cynthia\n|-supereffective|p1a: Cynthia\n|-damage|p1a: Cynthia|27\/100\n|\n|-damage|p2a: Swampert|94\/100 tox|[from] psn\n|upkeep\n|turn|2\n|\n|t:|1626104189\n|move|p1a: Cynthia|Stealth Rock|p2a: Swampert\n|-sidestart|p2: LT82ZW G14|move: Stealth Rock\n|move|p2a: Swampert|Stealth Rock|p1a: Cynthia\n|-sidestart|p1: Specs KD|move: Stealth Rock\n|\n|-heal|p2a: Swampert|100\/100 tox|[from] item: Leftovers\n|-damage|p2a: Swampert|88\/100 tox|[from] psn\n|upkeep\n|turn|3\n|\n|t:|1626104192\n|move|p1a: Cynthia|Endure|p1a: Cynthia\n|-singleturn|p1a: Cynthia|move: Endure\n|move|p2a: Swampert|Ice Beam|p1a: Cynthia\n|-supereffective|p1a: Cynthia\n|-activate|p1a: Cynthia|move: Endure\n|-damage|p1a: Cynthia|1\/100\n|-status|p1a: Cynthia|frz\n|\n|-heal|p2a: Swampert|94\/100 tox|[from] item: Leftovers\n|-damage|p2a: Swampert|76\/100 tox|[from] psn\n|upkeep\n|turn|4\n|\n|t:|1626104196\n|cant|p1a: Cynthia|frz\n|move|p2a: Swampert|Ice Beam|p1a: Cynthia\n|-supereffective|p1a: Cynthia\n|-damage|p1a: Cynthia|0 fnt\n|faint|p1a: Cynthia\n|\n|-heal|p2a: Swampert|82\/100 tox|[from] item: Leftovers\n|-damage|p2a: Swampert|57\/100 tox|[from] psn\n|upkeep\n|\n|t:|1626104209\n|switch|p1a: Vilgax|Buzzwole|100\/100\n|-damage|p1a: Vilgax|88\/100|[from] Stealth Rock\n|turn|5\n|\n|t:|1626104213\n|switch|p2a: Clefable|Clefable, M|100\/100\n|move|p1a: Vilgax|Ice Punch|p2a: Clefable\n|-crit|p2a: Clefable\n|-damage|p2a: Clefable|67\/100\n|-status|p2a: Clefable|frz\n|\n|-heal|p2a: Clefable|73\/100 frz|[from] item: Leftovers\n|upkeep\n|turn|6\n|\n|t:|1626104224\n|switch|p1a: Blacksmith|Heatran, F|100\/100\n|-damage|p1a: Blacksmith|88\/100|[from] Stealth Rock\n|switch|p2a: Rotom|Rotom-Heat|100\/100\n|\n|-heal|p1a: Blacksmith|94\/100|[from] item: Leftovers\n|upkeep\n|turn|7\n|\n|t:|1626104236\n|move|p2a: Rotom|Volt Switch|p1a: Blacksmith\n|-damage|p1a: Blacksmith|77\/100\n|\n|t:|1626104240\n|switch|p2a: Dragonite|Dragonite, F|100\/100|[from]move: Volt Switch\n|move|p1a: Blacksmith|Toxic|p2a: Dragonite|[miss]\n|-miss|p1a: Blacksmith|p2a: Dragonite\n|\n|-heal|p1a: Blacksmith|83\/100|[from] item: Leftovers\n|upkeep\n|turn|8\n|\n|t:|1626104246\n|switch|p1a: Twinkie|Tornadus-Therian, M|100\/100\n|move|p2a: Dragonite|Heal Bell|p2a: Dragonite\n|-activate|p2a: Dragonite|move: Heal Bell\n|-curestatus|p2: Swampert|tox|[msg]\n|-curestatus|p2: Clefable|frz|[msg]\n|\n|upkeep\n|turn|9\n|\n|t:|1626104268\n|switch|p2a: Melmetal|Melmetal|100\/100\n|-damage|p2a: Melmetal|94\/100|[from] Stealth Rock\n|move|p1a: Twinkie|Knock Off|p2a: Melmetal\n|-damage|p2a: Melmetal|82\/100\n|-enditem|p2a: Melmetal|Assault Vest|[from] move: Knock Off|[of] p1a: Twinkie\n|\n|upkeep\n|turn|10\n|\n|t:|1626104275\n|move|p1a: Twinkie|U-turn|p2a: Melmetal\n|-resisted|p2a: Melmetal\n|-damage|p2a: Melmetal|78\/100\n|\n|t:|1626104278\n|switch|p1a: Blacksmith|Heatran, F|83\/100|[from]move: U-turn\n|-damage|p1a: Blacksmith|71\/100|[from] Stealth Rock\n|move|p2a: Melmetal|Double Iron Bash|p1a: Blacksmith\n|-resisted|p1a: Blacksmith\n|-damage|p1a: Blacksmith|63\/100\n|-resisted|p1a: Blacksmith\n|-damage|p1a: Blacksmith|56\/100\n|-hitcount|p1a: Blacksmith|2\n|\n|-heal|p1a: Blacksmith|62\/100|[from] item: Leftovers\n|upkeep\n|turn|11\n|\n|t:|1626104295\n|switch|p2a: Dragonite|Dragonite, F|100\/100\n|move|p1a: Blacksmith|Magma Storm|p2a: Dragonite|[miss]\n|-miss|p1a: Blacksmith|p2a: Dragonite\n|\n|-heal|p1a: Blacksmith|68\/100|[from] item: Leftovers\n|upkeep\n|turn|12\n|\n|t:|1626104303\n|switch|p1a: Twinkie|Tornadus-Therian, M|100\/100\n|switch|p2a: Rotom|Rotom-Heat|100\/100\n|\n|upkeep\n|turn|13\n|\n|t:|1626104308\n|move|p1a: Twinkie|U-turn|p2a: Rotom\n|-resisted|p2a: Rotom\n|-damage|p2a: Rotom|93\/100\n|\n|t:|1626104312\n|switch|p1a: Shakaraka|Tapu Koko, shiny|100\/100|[from]move: U-turn\n|-fieldstart|move: Electric Terrain|[from] ability: Electric Surge|[of] p1a: Shakaraka\n|move|p2a: Rotom|Volt Switch|p1a: Shakaraka\n|-resisted|p1a: Shakaraka\n|-damage|p1a: Shakaraka|82\/100\n|\n|t:|1626104358\n|switch|p2a: Swampert|Swampert, M|57\/100|[from]move: Volt Switch\n|-damage|p2a: Swampert|51\/100|[from] Stealth Rock\n|\n|-heal|p2a: Swampert|57\/100|[from] item: Leftovers\n|upkeep\n|turn|14\n|\n|t:|1626104367\n|move|p1a: Shakaraka|U-turn|p2a: Swampert\n|-damage|p2a: Swampert|46\/100\n|\n|t:|1626104370\n|switch|p1a: Twinkie|Tornadus-Therian, M|100\/100|[from]move: U-turn\n|move|p2a: Swampert|Flip Turn|p1a: Twinkie\n|-damage|p1a: Twinkie|76\/100\n|\n|t:|1626104384\n|switch|p2a: Clefable|Clefable, M|73\/100|[from]move: Flip Turn\n|\n|-heal|p2a: Clefable|79\/100|[from] item: Leftovers\n|upkeep\n|turn|15\n|\n|t:|1626104388\n|move|p1a: Twinkie|Knock Off|p2a: Clefable\n|-resisted|p2a: Clefable\n|-damage|p2a: Clefable|72\/100\n|-enditem|p2a: Clefable|Leftovers|[from] move: Knock Off|[of] p1a: Twinkie\n|move|p2a: Clefable|Knock Off|p1a: Twinkie\n|-damage|p1a: Twinkie|60\/100\n|-enditem|p1a: Twinkie|Heavy-Duty Boots|[from] move: Knock Off|[of] p2a: Clefable\n|\n|upkeep\n|turn|16\n|\n|t:|1626104418\n|move|p1a: Twinkie|Defog|p2a: Clefable\n|-unboost|p2a: Clefable|evasion|1\n|-sideend|p2: LT82ZW G14|Stealth Rock|[from] move: Defog|[of] p1a: Twinkie\n|-sideend|p1: Specs KD|Stealth Rock|[from] move: Defog|[of] p1a: Twinkie\n|-fieldend|move: Electric Terrain\n|move|p2a: Clefable|Wish|p2a: Clefable\n|\n|upkeep\n|turn|17\n|\n|t:|1626104423\n|move|p1a: Twinkie|Hurricane|p2a: Clefable\n|-damage|p2a: Clefable|35\/100\n|move|p2a: Clefable|Knock Off|p1a: Twinkie\n|-damage|p1a: Twinkie|48\/100\n|\n|-heal|p2a: Clefable|85\/100|[from] move: Wish|[wisher] Clefable\n|upkeep\n|turn|18\n|\n|t:|1626104447\n|move|p1a: Twinkie|Hurricane|p2a: Clefable|[miss]\n|-miss|p1a: Twinkie|p2a: Clefable\n|move|p2a: Clefable|Knock Off|p1a: Twinkie\n|-damage|p1a: Twinkie|37\/100\n|\n|upkeep\n|turn|19\n|\n|t:|1626104451\n|move|p1a: Twinkie|U-turn|p2a: Clefable\n|-resisted|p2a: Clefable\n|-damage|p2a: Clefable|79\/100\n|\n|t:|1626104456\n|switch|p1a: Blacksmith|Heatran, F|68\/100|[from]move: U-turn\n|move|p2a: Clefable|Moonblast|p1a: Blacksmith\n|-resisted|p1a: Blacksmith\n|-damage|p1a: Blacksmith|64\/100\n|\n|-heal|p1a: Blacksmith|70\/100|[from] item: Leftovers\n|upkeep\n|turn|20\n|\n|t:|1626104478\n|switch|p2a: Dragonite|Dragonite, F|100\/100\n|move|p1a: Blacksmith|Toxic|p2a: Dragonite\n|-status|p2a: Dragonite|tox\n|\n|-heal|p1a: Blacksmith|76\/100|[from] item: Leftovers\n|-damage|p2a: Dragonite|94\/100 tox|[from] psn\n|upkeep\n|turn|21\n|\n|t:|1626104483\n|move|p1a: Blacksmith|Taunt|p2a: Dragonite\n|-start|p2a: Dragonite|move: Taunt\n|move|p2a: Dragonite|Earthquake|p1a: Blacksmith\n|-supereffective|p1a: Blacksmith\n|-damage|p1a: Blacksmith|0 fnt\n|faint|p1a: Blacksmith\n|\n|-damage|p2a: Dragonite|82\/100 tox|[from] psn\n|upkeep\n|\n|t:|1626104490\n|switch|p1a: Shakaraka|Tapu Koko, shiny|82\/100\n|-fieldstart|move: Electric Terrain|[from] ability: Electric Surge|[of] p1a: Shakaraka\n|turn|22\n|\n|t:|1626104499\n|switch|p2a: Rotom|Rotom-Heat|93\/100\n|move|p1a: Shakaraka|U-turn|p2a: Rotom\n|-resisted|p2a: Rotom\n|-damage|p2a: Rotom|84\/100\n|\n|t:|1626104504\n|switch|p1a: L. Frieza|Slowking-Galar, M|100\/100|[from]move: U-turn\n|\n|upkeep\n|turn|23\n|\n|t:|1626104509\n|move|p2a: Rotom|Volt Switch|p1a: L. Frieza\n|-damage|p1a: L. Frieza|81\/100\n|\n|t:|1626104512\n|switch|p2a: Swampert|Swampert, M|46\/100|[from]move: Volt Switch\n|move|p1a: L. Frieza|Calm Mind|p1a: L. Frieza\n|-boost|p1a: L. Frieza|spa|1\n|-boost|p1a: L. Frieza|spd|1\n|\n|-heal|p2a: Swampert|52\/100|[from] item: Leftovers\n|upkeep\n|turn|24\n|\n|t:|1626104519\n|move|p2a: Swampert|Earthquake|p1a: L. Frieza\n|-supereffective|p1a: L. Frieza\n|-damage|p1a: L. Frieza|31\/100\n|move|p1a: L. Frieza|Scald|p2a: Swampert\n|-damage|p2a: Swampert|23\/100\n|\n|-heal|p2a: Swampert|29\/100|[from] item: Leftovers\n|upkeep\n|turn|25\n|\n|t:|1626104545\n|switch|p1a: Vilgax|Buzzwole|88\/100\n|move|p2a: Swampert|Earthquake|p1a: Vilgax\n|-resisted|p1a: Vilgax\n|-damage|p1a: Vilgax|74\/100\n|\n|-heal|p2a: Swampert|35\/100|[from] item: Leftovers\n|upkeep\n|turn|26\n|\n|t:|1626104548\n|switch|p2a: Clefable|Clefable, M|79\/100\n|move|p1a: Vilgax|Close Combat|p2a: Clefable\n|-resisted|p2a: Clefable\n|-damage|p2a: Clefable|52\/100\n|-unboost|p1a: Vilgax|def|1\n|-unboost|p1a: Vilgax|spd|1\n|\n|-fieldend|move: Electric Terrain\n|upkeep\n|turn|27\n|\n|t:|1626104592\n|switch|p1a: L. Frieza|Slowking-Galar, M|65\/100\n|move|p2a: Clefable|Soft-Boiled|p2a: Clefable\n|-heal|p2a: Clefable|100\/100\n|\n|upkeep\n|turn|28\n|\n|t:|1626104625\n|move|p2a: Clefable|Wish|p2a: Clefable\n|move|p1a: L. Frieza|Calm Mind|p1a: L. Frieza\n|-boost|p1a: L. Frieza|spa|1\n|-boost|p1a: L. Frieza|spd|1\n|\n|upkeep\n|turn|29\n|\n|t:|1626104636\n|switch|p2a: Melmetal|Melmetal|78\/100\n|move|p1a: L. Frieza|Scald|p2a: Melmetal\n|-damage|p2a: Melmetal|57\/100\n|\n|-heal|p2a: Melmetal|100\/100|[from] move: Wish|[wisher] Clefable\n|upkeep\n|turn|30\n|\n|t:|1626104641\n|move|p2a: Melmetal|Double Iron Bash|p1a: L. Frieza\n|-damage|p1a: L. Frieza|37\/100\n|-damage|p1a: L. Frieza|8\/100\n|-hitcount|p1a: L. Frieza|2\n|move|p1a: L. Frieza|Scald|p2a: Melmetal\n|-damage|p2a: Melmetal|77\/100\n|\n|upkeep\n|turn|31\n|\n|t:|1626104647\n|switch|p1a: Vilgax|Buzzwole|74\/100\n|move|p2a: Melmetal|Double Iron Bash|p1a: Vilgax\n|-damage|p1a: Vilgax|47\/100\n|-damage|p1a: Vilgax|22\/100\n|-hitcount|p1a: Vilgax|2\n|\n|upkeep\n|turn|32\n|\n|t:|1626104650\n|switch|p1a: L. Frieza|Slowking-Galar, M|42\/100\n|switch|p2a: Clefable|Clefable, M|100\/100\n|\n|upkeep\n|turn|33\n|\n|t:|1626104653\n|move|p2a: Clefable|Knock Off|p1a: L. Frieza\n|-supereffective|p1a: L. Frieza\n|-enditem|p1a: L. Frieza|Colbur Berry|[eat]\n|-enditem|p1a: L. Frieza|Colbur Berry|[weaken]\n|-damage|p1a: L. Frieza|31\/100\n|move|p1a: L. Frieza|Slack Off|p1a: L. Frieza\n|-heal|p1a: L. Frieza|81\/100\n|\n|upkeep\n|turn|34\n|\n|t:|1626104657\n|move|p2a: Clefable|Wish|p2a: Clefable\n|move|p1a: L. Frieza|Calm Mind|p1a: L. Frieza\n|-boost|p1a: L. Frieza|spa|1\n|-boost|p1a: L. Frieza|spd|1\n|\n|upkeep\n|turn|35\n|\n|t:|1626104660\n|switch|p2a: Swampert|Swampert, M|35\/100\n|move|p1a: L. Frieza|Scald|p2a: Swampert\n|-damage|p2a: Swampert|8\/100\n|-status|p2a: Swampert|brn\n|\n|-heal|p2a: Swampert|57\/100 brn|[from] move: Wish|[wisher] Clefable\n|-heal|p2a: Swampert|63\/100 brn|[from] item: Leftovers\n|-damage|p2a: Swampert|57\/100 brn|[from] brn\n|upkeep\n|turn|36\n|\n|t:|1626104664\n|move|p2a: Swampert|Flip Turn|p1a: L. Frieza\n|-crit|p1a: L. Frieza\n|-damage|p1a: L. Frieza|70\/100\n|\n|t:|1626104667\n|switch|p2a: Zarude|Zarude|100\/100|[from]move: Flip Turn\n|move|p1a: L. Frieza|Calm Mind|p1a: L. Frieza\n|-boost|p1a: L. Frieza|spa|1\n|-boost|p1a: L. Frieza|spd|1\n|\n|upkeep\n|turn|37\n|\n|t:|1626104675\n|switch|p1a: Vilgax|Buzzwole|22\/100\n|move|p2a: Zarude|Darkest Lariat|p1a: Vilgax\n|-resisted|p1a: Vilgax\n|-damage|p1a: Vilgax|8\/100\n|\n|upkeep\n|turn|38\n|\n|t:|1626104679\n|move|p1a: Vilgax|Close Combat|p2a: Zarude\n|-supereffective|p2a: Zarude\n|-damage|p2a: Zarude|0 fnt\n|-unboost|p1a: Vilgax|def|1\n|-unboost|p1a: Vilgax|spd|1\n|faint|p2a: Zarude\n|-ability|p1a: Vilgax|Beast Boost|boost\n|-boost|p1a: Vilgax|atk|1\n|\n|upkeep\n|\n|t:|1626104694\n|switch|p2a: Dragonite|Dragonite, F|82\/100 tox\n|turn|39\n|\n|t:|1626104715\n|switch|p1a: Shakaraka|Tapu Koko, shiny|82\/100\n|-fieldstart|move: Electric Terrain|[from] ability: Electric Surge|[of] p1a: Shakaraka\n|move|p2a: Dragonite|Heal Bell|p2a: Dragonite\n|-activate|p2a: Dragonite|move: Heal Bell\n|-curestatus|p2a: Dragonite|tox|[msg]\n|-curestatus|p2: Swampert|brn|[msg]\n|\n|upkeep\n|turn|40\n|\n|t:|1626104721\n|switch|p2a: Rotom|Rotom-Heat|84\/100\n|move|p1a: Shakaraka|U-turn|p2a: Rotom\n|-resisted|p2a: Rotom\n|-damage|p2a: Rotom|74\/100\n|\n|t:|1626104725\n|switch|p1a: Vilgax|Buzzwole|8\/100|[from]move: U-turn\n|\n|upkeep\n|turn|41\n|\n|t:|1626104728\n|switch|p1a: L. Frieza|Slowking-Galar, M|100\/100\n|switch|p2a: Clefable|Clefable, M|100\/100\n|\n|upkeep\n|turn|42\n|\n|t:|1626104737\n|switch|p2a: Melmetal|Melmetal|77\/100\n|move|p1a: L. Frieza|Calm Mind|p1a: L. Frieza\n|-boost|p1a: L. Frieza|spa|1\n|-boost|p1a: L. Frieza|spd|1\n|\n|upkeep\n|turn|43\n|\n|t:|1626104742\n|move|p2a: Melmetal|Double Iron Bash|p1a: L. Frieza\n|-damage|p1a: L. Frieza|73\/100\n|-damage|p1a: L. Frieza|44\/100\n|-hitcount|p1a: L. Frieza|2\n|move|p1a: L. Frieza|Scald|p2a: Melmetal\n|-damage|p2a: Melmetal|54\/100\n|-status|p2a: Melmetal|brn\n|\n|-damage|p2a: Melmetal|48\/100 brn|[from] brn\n|-fieldend|move: Electric Terrain\n|upkeep\n|turn|44\n|\n|t:|1626104748\n|switch|p2a: Dragonite|Dragonite, F|82\/100\n|move|p1a: L. Frieza|Slack Off|p1a: L. Frieza\n|-heal|p1a: L. Frieza|94\/100\n|\n|upkeep\n|turn|45\n|\n|t:|1626104753\n|move|p2a: Dragonite|Earthquake|p1a: L. Frieza\n|-supereffective|p1a: L. Frieza\n|-damage|p1a: L. Frieza|53\/100\n|move|p1a: L. Frieza|Sludge Bomb|p2a: Dragonite\n|-damage|p2a: Dragonite|36\/100\n|\n|upkeep\n|turn|46\n|\n|t:|1626104768\n|move|p2a: Dragonite|Heal Bell|p2a: Dragonite\n|-activate|p2a: Dragonite|move: Heal Bell\n|-curestatus|p2: Melmetal|brn|[msg]\n|move|p1a: L. Frieza|Slack Off|p1a: L. Frieza\n|-heal|p1a: L. Frieza|100\/100\n|\n|upkeep\n|turn|47\n|\n|t:|1626104773\n|move|p2a: Dragonite|Earthquake|p1a: L. Frieza\n|-supereffective|p1a: L. Frieza\n|-damage|p1a: L. Frieza|58\/100\n|move|p1a: L. Frieza|Sludge Bomb|p2a: Dragonite\n|-damage|p2a: Dragonite|0 fnt\n|faint|p2a: Dragonite\n|\n|upkeep\n|\n|t:|1626104776\n|switch|p2a: Melmetal|Melmetal|48\/100\n|turn|48\n|\n|t:|1626104781\n|switch|p1a: Vilgax|Buzzwole|8\/100\n|move|p2a: Melmetal|Double Iron Bash|p1a: Vilgax\n|-damage|p1a: Vilgax|0 fnt\n|faint|p1a: Vilgax\n|-hitcount|p1: Vilgax|1\n|\n|upkeep\n|\n|t:|1626104790\n|switch|p1a: Shakaraka|Tapu Koko, shiny|82\/100\n|-fieldstart|move: Electric Terrain|[from] ability: Electric Surge|[of] p1a: Shakaraka\n|turn|49\n|\n|t:|1626104799\n|move|p1a: Shakaraka|Thunderbolt|p2a: Melmetal\n|-crit|p2a: Melmetal\n|-damage|p2a: Melmetal|0 fnt\n|faint|p2a: Melmetal\n|\n|upkeep\n|\n|t:|1626104802\n|switch|p2a: Swampert|Swampert, M|57\/100\n|turn|50\n|\n|t:|1626104810\n|move|p1a: Shakaraka|Dazzling Gleam|p2a: Swampert\n|-damage|p2a: Swampert|25\/100\n|move|p2a: Swampert|Ice Beam|p1a: Shakaraka\n|-damage|p1a: Shakaraka|56\/100\n|\n|-heal|p2a: Swampert|31\/100|[from] item: Leftovers\n|upkeep\n|turn|51\n|\n|t:|1626104815\n|switch|p2a: Clefable|Clefable, M|100\/100\n|move|p1a: Shakaraka|U-turn|p2a: Clefable\n|-resisted|p2a: Clefable\n|-damage|p2a: Clefable|94\/100\n|\n|t:|1626104817\n|switch|p1a: L. Frieza|Slowking-Galar, M|91\/100|[from]move: U-turn\n|\n|upkeep\n|turn|52\n|\n|t:|1626104821\n|move|p2a: Clefable|Wish|p2a: Clefable\n|move|p1a: L. Frieza|Calm Mind|p1a: L. Frieza\n|-boost|p1a: L. Frieza|spa|1\n|-boost|p1a: L. Frieza|spd|1\n|\n|upkeep\n|turn|53\n|\n|t:|1626104826\n|switch|p2a: Swampert|Swampert, M|31\/100\n|move|p1a: L. Frieza|Scald|p2a: Swampert\n|-damage|p2a: Swampert|2\/100\n|\n|-heal|p2a: Swampert|51\/100|[from] move: Wish|[wisher] Clefable\n|-heal|p2a: Swampert|57\/100|[from] item: Leftovers\n|-fieldend|move: Electric Terrain\n|upkeep\n|turn|54\n|\n|t:|1626104830\n|move|p2a: Swampert|Earthquake|p1a: L. Frieza\n|-supereffective|p1a: L. Frieza\n|-damage|p1a: L. Frieza|34\/100\n|move|p1a: L. Frieza|Scald|p2a: Swampert\n|-damage|p2a: Swampert|27\/100\n|\n|-heal|p2a: Swampert|33\/100|[from] item: Leftovers\n|upkeep\n|turn|55\n|\n|t:|1626104835\n|switch|p1a: Twinkie|Tornadus-Therian, M|70\/100\n|move|p2a: Swampert|Earthquake|p1a: Twinkie\n|-immune|p1a: Twinkie\n|\n|-heal|p2a: Swampert|40\/100|[from] item: Leftovers\n|upkeep\n|turn|56\n|\n|t:|1626104840\n|switch|p2a: Rotom|Rotom-Heat|74\/100\n|move|p1a: Twinkie|Hurricane|p2a: Rotom|[miss]\n|-miss|p1a: Twinkie|p2a: Rotom\n|\n|upkeep\n|turn|57\n|\n|t:|1626104844\n|move|p1a: Twinkie|Knock Off|p2a: Rotom\n|-damage|p2a: Rotom|54\/100\n|-enditem|p2a: Rotom|Heavy-Duty Boots|[from] move: Knock Off|[of] p1a: Twinkie\n|move|p2a: Rotom|Volt Switch|p1a: Twinkie\n|-supereffective|p1a: Twinkie\n|-damage|p1a: Twinkie|20\/100\n|\n|t:|1626104848\n|switch|p2a: Clefable|Clefable, M|94\/100|[from]move: Volt Switch\n|\n|upkeep\n|turn|58\n|\n|t:|1626104853\n|move|p1a: Twinkie|Hurricane|p2a: Clefable|[miss]\n|-miss|p1a: Twinkie|p2a: Clefable\n|move|p2a: Clefable|Wish|p2a: Clefable\n|\n|upkeep\n|turn|59\n|\n|t:|1626104859\n|move|p1a: Twinkie|Hurricane|p2a: Clefable|[miss]\n|-miss|p1a: Twinkie|p2a: Clefable\n|move|p2a: Clefable|Moonblast|p1a: Twinkie\n|-damage|p1a: Twinkie|0 fnt\n|faint|p1a: Twinkie\n|\n|-heal|p2a: Clefable|100\/100|[from] move: Wish|[wisher] Clefable\n|upkeep\n|\n|t:|1626104862\n|switch|p1a: L. Frieza|Slowking-Galar, M|68\/100\n|turn|60\n|\n|t:|1626104864\n|switch|p2a: Swampert|Swampert, M|40\/100\n|move|p1a: L. Frieza|Calm Mind|p1a: L. Frieza\n|-boost|p1a: L. Frieza|spa|1\n|-boost|p1a: L. Frieza|spd|1\n|\n|-heal|p2a: Swampert|46\/100|[from] item: Leftovers\n|upkeep\n|turn|61\n|\n|t:|1626104868\n|move|p2a: Swampert|Earthquake|p1a: L. Frieza\n|-supereffective|p1a: L. Frieza\n|-damage|p1a: L. Frieza|12\/100\n|move|p1a: L. Frieza|Scald|p2a: Swampert\n|-damage|p2a: Swampert|19\/100\n|-status|p2a: Swampert|brn\n|\n|-heal|p2a: Swampert|25\/100 brn|[from] item: Leftovers\n|-damage|p2a: Swampert|19\/100 brn|[from] brn\n|upkeep\n|turn|62\n|\n|t:|1626104886\n|switch|p1a: Shakaraka|Tapu Koko, shiny|56\/100\n|-fieldstart|move: Electric Terrain|[from] ability: Electric Surge|[of] p1a: Shakaraka\n|move|p2a: Swampert|Earthquake|p1a: Shakaraka\n|-supereffective|p1a: Shakaraka\n|-damage|p1a: Shakaraka|4\/100\n|\n|-heal|p2a: Swampert|25\/100 brn|[from] item: Leftovers\n|-damage|p2a: Swampert|19\/100 brn|[from] brn\n|upkeep\n|turn|63\n|\n|t:|1626104897\n|move|p1a: Shakaraka|Dazzling Gleam|p2a: Swampert\n|-damage|p2a: Swampert|0 fnt\n|faint|p2a: Swampert\n|\n|upkeep\n|\n|t:|1626104902\n|switch|p2a: Rotom|Rotom-Heat|54\/100\n|turn|64\n|\n|t:|1626104906\n|move|p1a: Shakaraka|Roost|p1a: Shakaraka\n|-heal|p1a: Shakaraka|55\/100\n|-singleturn|p1a: Shakaraka|move: Roost\n|move|p2a: Rotom|Toxic|p1a: Shakaraka\n|-status|p1a: Shakaraka|tox\n|\n|-damage|p1a: Shakaraka|49\/100 tox|[from] psn\n|upkeep\n|turn|65\n|\n|t:|1626104923\n|move|p1a: Shakaraka|Thunderbolt|p2a: Rotom\n|-resisted|p2a: Rotom\n|-damage|p2a: Rotom|34\/100\n|move|p2a: Rotom|Pain Split|p1a: Shakaraka\n|-sethp|p1a: Shakaraka|42\/100 tox|[from] move: Pain Split|[silent]\n|-sethp|p2a: Rotom|39\/100|[from] move: Pain Split\n|\n|-damage|p1a: Shakaraka|30\/100 tox|[from] psn\n|upkeep\n|turn|66\n|\n|t:|1626104929\n|move|p1a: Shakaraka|Roost|p1a: Shakaraka\n|-heal|p1a: Shakaraka|81\/100 tox\n|-singleturn|p1a: Shakaraka|move: Roost\n|move|p2a: Rotom|Overheat|p1a: Shakaraka\n|-damage|p1a: Shakaraka|6\/100 tox\n|-unboost|p2a: Rotom|spa|2\n|\n|-damage|p1a: Shakaraka|0 fnt|[from] psn\n|faint|p1a: Shakaraka\n|-fieldend|move: Electric Terrain\n|upkeep\n|\n|t:|1626104933\n|switch|p1a: L. Frieza|Slowking-Galar, M|45\/100\n|turn|67\n|\n|t:|1626104935\n|move|p2a: Rotom|Volt Switch|p1a: L. Frieza\n|-damage|p1a: L. Frieza|35\/100\n|\n|t:|1626104937\n|switch|p2a: Clefable|Clefable, M|100\/100|[from]move: Volt Switch\n|move|p1a: L. Frieza|Slack Off|p1a: L. Frieza\n|-heal|p1a: L. Frieza|85\/100\n|\n|upkeep\n|turn|68\n|\n|t:|1626104941\n|switch|p2a: Rotom|Rotom-Heat|39\/100\n|move|p1a: L. Frieza|Calm Mind|p1a: L. Frieza\n|-boost|p1a: L. Frieza|spa|1\n|-boost|p1a: L. Frieza|spd|1\n|\n|upkeep\n|turn|69\n|\n|t:|1626104946\n|move|p2a: Rotom|Overheat|p1a: L. Frieza\n|-damage|p1a: L. Frieza|62\/100\n|-unboost|p2a: Rotom|spa|2\n|move|p1a: L. Frieza|Calm Mind|p1a: L. Frieza\n|-boost|p1a: L. Frieza|spa|1\n|-boost|p1a: L. Frieza|spd|1\n|\n|upkeep\n|turn|70\n|\n|t:|1626104952\n|move|p2a: Rotom|Volt Switch|p1a: L. Frieza\n|-damage|p1a: L. Frieza|56\/100\n|-message|LT82ZW G14 forfeited.\n|\n|win|Specs KD\n|raw|Specs KD's rating: 1576 &rarr; <strong>1596<\/strong><br \/>(+20 for winning)\n|raw|LT82ZW G14's rating: 1572 &rarr; <strong>1552<\/strong><br \/>(-20 for losing)\n|l|\u2606LT82ZW G14\n","uploadtime":1626104977,"views":6,"p1id":"specskd","p2id":"lt82zwg14","formatid":"gen8ou","rating":1552,"private":0,"password":null}