{"id":"gen8nationaldex-1592584516","p1":"SirFresh","p2":"TrasheBoi","format":"gen8nationaldex","log":"|j|\u2606SirFresh\n|j|\u2606TrasheBoi\n|t:|1654781955\n|gametype|singles\n|player|p1|SirFresh|palmer|\n|player|p2|TrasheBoi|richboy|\n|teamsize|p1|6\n|teamsize|p2|6\n|gen|8\n|tier|[Gen 8] National Dex\n|rule|HP Percentage Mod: HP is shown in percentages\n|rule|Endless Battle Clause: Forcing endless battles is banned\n|rule|OHKO Clause: OHKO moves are banned\n|rule|Evasion Moves Clause: Evasion moves are banned\n|rule|Species Clause: Limit one of each Pok\u00e9mon\n|rule|Dynamax Clause: You cannot dynamax\n|rule|Sleep Clause Mod: Limit one foe put to sleep\n|clearpoke\n|poke|p1|Politoed, M|\n|poke|p1|Swampert, M|\n|poke|p1|Corviknight, M|\n|poke|p1|Serperior, M|\n|poke|p1|Heliolisk, F|\n|poke|p1|Manaphy|\n|poke|p2|Pelipper, F|\n|poke|p2|Greninja, M|\n|poke|p2|Barraskewda, F|\n|poke|p2|Kyurem|\n|poke|p2|Kartana|\n|poke|p2|Magnezone|\n|teampreview\n|c|\u2606TrasheBoi|glhf\n|\n|t:|1654781965\n|start\n|switch|p1a: Heliolisk|Heliolisk, F|100\/100\n|switch|p2a: Magnezone|Magnezone|100\/100\n|turn|1\n|c|\u2606SirFresh|Glhf\n|\n|t:|1654781972\n|move|p1a: Heliolisk|Focus Blast|p2a: Magnezone|[miss]\n|-miss|p1a: Heliolisk|p2a: Magnezone\n|move|p2a: Magnezone|Body Press|p1a: Heliolisk\n|-supereffective|p1a: Heliolisk\n|-damage|p1a: Heliolisk|0 fnt\n|faint|p1a: Heliolisk\n|-damage|p2a: Magnezone|91\/100|[from] item: Life Orb\n|\n|upkeep\n|c|\u2606TrasheBoi|bruh it happened again\n|\n|t:|1654781984\n|switch|p1a: Swampert|Swampert, M|100\/100\n|turn|2\n|\n|t:|1654782008\n|switch|p2a: Pelipper|Pelipper, F|100\/100\n|-weather|RainDance|[from] ability: Drizzle|[of] p2a: Pelipper\n|detailschange|p1a: Swampert|Swampert-Mega, M\n|-mega|p1a: Swampert|Swampert|Swampertite\n|move|p1a: Swampert|Earthquake|p2a: Pelipper\n|-immune|p2a: Pelipper\n|\n|-weather|RainDance|[upkeep]\n|upkeep\n|turn|3\n|\n|t:|1654782020\n|move|p1a: Swampert|Bulk Up|p1a: Swampert\n|-boost|p1a: Swampert|atk|1\n|-boost|p1a: Swampert|def|1\n|move|p2a: Pelipper|U-turn|p1a: Swampert\n|-damage|p1a: Swampert|96\/100\n|\n|t:|1654782028\n|switch|p2a: Kartana|Kartana|100\/100|[from]move: U-turn\n|\n|-weather|RainDance|[upkeep]\n|upkeep\n|turn|4\n|c|\u2606SirFresh|Game just loves to hax me\n|\n|t:|1654782043\n|switch|p1a: Serperior|Serperior, M|100\/100\n|move|p2a: Kartana|Leaf Blade|p1a: Serperior\n|-resisted|p1a: Serperior\n|-damage|p1a: Serperior|60\/100\n|\n|-weather|RainDance|[upkeep]\n|upkeep\n|turn|5\n|\n|t:|1654782049\n|move|p1a: Serperior|Glare|p2a: Kartana\n|-status|p2a: Kartana|par\n|move|p2a: Kartana|Leaf Blade|p1a: Serperior\n|-resisted|p1a: Serperior\n|-damage|p1a: Serperior|21\/100\n|\n|-weather|RainDance|[upkeep]\n|upkeep\n|turn|6\n|c|\u2606TrasheBoi|everyone bet that you would win\n|\n|t:|1654782066\n|switch|p1a: Corviknight|Corviknight, M|100\/100\n|-ability|p1a: Corviknight|Pressure\n|move|p2a: Kartana|Leaf Blade|p1a: Corviknight\n|-resisted|p1a: Corviknight\n|-damage|p1a: Corviknight|89\/100\n|\n|-weather|none\n|upkeep\n|turn|7\n|\n|t:|1654782078\n|switch|p2a: Magnezone|Magnezone|91\/100\n|move|p1a: Corviknight|Iron Defense|p1a: Corviknight\n|-boost|p1a: Corviknight|def|2\n|\n|upkeep\n|turn|8\n|\n|t:|1654782082\n|move|p1a: Corviknight|Body Press|p2a: Magnezone\n|-supereffective|p2a: Magnezone\n|-damage|p2a: Magnezone|42\/100\n|move|p2a: Magnezone|Thunderbolt|p1a: Corviknight\n|-supereffective|p1a: Corviknight\n|-damage|p1a: Corviknight|13\/100\n|-damage|p2a: Magnezone|32\/100|[from] item: Life Orb\n|\n|upkeep\n|turn|9\n|\n|t:|1654782089\n|move|p1a: Corviknight|Body Press|p2a: Magnezone\n|-supereffective|p2a: Magnezone\n|-damage|p2a: Magnezone|0 fnt\n|faint|p2a: Magnezone\n|\n|upkeep\n|\n|t:|1654782111\n|switch|p2a: Greninja|Greninja, M|100\/100\n|turn|10\n|\n|t:|1654782155\n|switch|p1a: Manaphy|Manaphy|100\/100\n|move|p2a: Greninja|Dark Pulse|p1a: Manaphy\n|-damage|p1a: Manaphy|61\/100\n|-damage|p2a: Greninja|91\/100|[from] item: Life Orb\n|\n|upkeep\n|turn|11\n|\n|t:|1654782180\n|switch|p2a: Kartana|Kartana|100\/100 par\n|move|p1a: Manaphy|Energy Ball|p2a: Kartana\n|-resisted|p2a: Kartana\n|-damage|p2a: Kartana|78\/100 par\n|\n|upkeep\n|turn|12\n|c|\u2606TrasheBoi|idk what manaphy does\n|\n|t:|1654782202\n|switch|p1a: Corviknight|Corviknight, M|13\/100\n|-ability|p1a: Corviknight|Pressure\n|move|p2a: Kartana|Leaf Blade|p1a: Corviknight\n|-resisted|p1a: Corviknight\n|-crit|p1a: Corviknight\n|-damage|p1a: Corviknight|0 fnt\n|faint|p1a: Corviknight\n|-ability|p2a: Kartana|Beast Boost|boost\n|-boost|p2a: Kartana|atk|1\n|\n|upkeep\n|c|\u2606TrasheBoi|can i get the manaphy set after the bo3\n|\n|t:|1654782244\n|switch|p1a: Serperior|Serperior, M|21\/100\n|turn|13\n|\n|t:|1654782266\n|move|p1a: Serperior|Hidden Power|p2a: Kartana\n|-supereffective|p2a: Kartana\n|-damage|p2a: Kartana|0 fnt\n|faint|p2a: Kartana\n|\n|upkeep\n|\n|t:|1654782280\n|switch|p2a: Barraskewda|Barraskewda, F|100\/100\n|turn|14\n|\n|t:|1654782284\n|switch|p1a: Politoed|Politoed, M|100\/100\n|-weather|RainDance|[from] ability: Drizzle|[of] p1a: Politoed\n|move|p2a: Barraskewda|Close Combat|p1a: Politoed\n|-damage|p1a: Politoed|38\/100\n|-unboost|p2a: Barraskewda|def|1\n|-unboost|p2a: Barraskewda|spd|1\n|-damage|p2a: Barraskewda|91\/100|[from] item: Life Orb\n|\n|-weather|RainDance|[upkeep]\n|upkeep\n|turn|15\n|\n|t:|1654782293\n|move|p2a: Barraskewda|Close Combat|p1a: Politoed\n|-damage|p1a: Politoed|0 fnt\n|-unboost|p2a: Barraskewda|def|1\n|-unboost|p2a: Barraskewda|spd|1\n|faint|p1a: Politoed\n|-damage|p2a: Barraskewda|81\/100|[from] item: Life Orb\n|\n|-weather|RainDance|[upkeep]\n|upkeep\n|\n|t:|1654782298\n|switch|p1a: Manaphy|Manaphy|61\/100\n|turn|16\n|\n|t:|1654782330\n|switch|p2a: Pelipper|Pelipper, F|100\/100\n|move|p1a: Manaphy|Rest|p1a: Manaphy\n|-status|p1a: Manaphy|slp|[from] move: Rest\n|-heal|p1a: Manaphy|100\/100 slp|[silent]\n|\n|-weather|RainDance|[upkeep]\n|-activate|p1a: Manaphy|ability: Hydration\n|-curestatus|p1a: Manaphy|slp|[msg]\n|upkeep\n|turn|17\n|\n|t:|1654782335\n|move|p1a: Manaphy|Tail Glow|p1a: Manaphy\n|-boost|p1a: Manaphy|spa|3\n|move|p2a: Pelipper|Hurricane|p1a: Manaphy\n|-damage|p1a: Manaphy|72\/100\n|\n|-weather|RainDance|[upkeep]\n|upkeep\n|turn|18\n|c|\u2606TrasheBoi|oh that's what it does\n|\n|t:|1654782344\n|move|p1a: Manaphy|Energy Ball|p2a: Pelipper\n|-damage|p2a: Pelipper|0 fnt\n|faint|p2a: Pelipper\n|\n|-weather|RainDance|[upkeep]\n|upkeep\n|\n|t:|1654782354\n|switch|p2a: Barraskewda|Barraskewda, F|81\/100\n|turn|19\n|\n|t:|1654782358\n|move|p2a: Barraskewda|Close Combat|p1a: Manaphy\n|-damage|p1a: Manaphy|20\/100\n|-unboost|p2a: Barraskewda|def|1\n|-unboost|p2a: Barraskewda|spd|1\n|-damage|p2a: Barraskewda|71\/100|[from] item: Life Orb\n|move|p1a: Manaphy|Rest|p1a: Manaphy\n|-status|p1a: Manaphy|slp|[from] move: Rest\n|-heal|p1a: Manaphy|100\/100 slp|[silent]\n|\n|-weather|RainDance|[upkeep]\n|-activate|p1a: Manaphy|ability: Hydration\n|-curestatus|p1a: Manaphy|slp|[msg]\n|upkeep\n|turn|20\n|\n|t:|1654782369\n|move|p2a: Barraskewda|Close Combat|p1a: Manaphy\n|-damage|p1a: Manaphy|54\/100\n|-unboost|p2a: Barraskewda|def|1\n|-unboost|p2a: Barraskewda|spd|1\n|-damage|p2a: Barraskewda|61\/100|[from] item: Life Orb\n|move|p1a: Manaphy|Energy Ball|p2a: Barraskewda\n|-supereffective|p2a: Barraskewda\n|-damage|p2a: Barraskewda|0 fnt\n|faint|p2a: Barraskewda\n|\n|-weather|RainDance|[upkeep]\n|upkeep\n|\n|t:|1654782376\n|switch|p2a: Greninja|Greninja, M|91\/100\n|turn|21\n|\n|t:|1654782386\n|move|p2a: Greninja|Dark Pulse|p1a: Manaphy\n|-damage|p1a: Manaphy|16\/100\n|-damage|p2a: Greninja|81\/100|[from] item: Life Orb\n|move|p1a: Manaphy|Energy Ball|p2a: Greninja\n|-supereffective|p2a: Greninja\n|-damage|p2a: Greninja|0 fnt\n|faint|p2a: Greninja\n|\n|-weather|none\n|upkeep\n|\n|t:|1654782389\n|switch|p2a: Kyurem|Kyurem|100\/100\n|-ability|p2a: Kyurem|Pressure\n|turn|22\n|\n|t:|1654782396\n|move|p2a: Kyurem|Freeze-Dry|p1a: Manaphy\n|-supereffective|p1a: Manaphy\n|-damage|p1a: Manaphy|0 fnt\n|faint|p1a: Manaphy\n|\n|upkeep\n|c|\u2606TrasheBoi|gg\n|\n|t:|1654782401\n|switch|p1a: Serperior|Serperior, M|21\/100\n|turn|23\n|\n|t:|1654782406\n|move|p1a: Serperior|Glare|p2a: Kyurem\n|-status|p2a: Kyurem|par\n|cant|p2a: Kyurem|par\n|\n|upkeep\n|turn|24\n|c|\u2606TrasheBoi|okay i deserved that\n|\n|t:|1654782417\n|move|p1a: Serperior|Glare|p2a: Kyurem\n|-fail|p2a: Kyurem|par\n|move|p2a: Kyurem|Freeze-Dry|p1a: Serperior\n|-supereffective|p1a: Serperior\n|-damage|p1a: Serperior|0 fnt\n|faint|p1a: Serperior\n|\n|upkeep\n|\n|t:|1654782419\n|switch|p1a: Swampert|Swampert-Mega, M|96\/100\n|turn|25\n|\n|t:|1654782426\n|move|p1a: Swampert|Brick Break|p2a: Kyurem\n|-supereffective|p2a: Kyurem\n|-damage|p2a: Kyurem|38\/100 par\n|move|p2a: Kyurem|Freeze-Dry|p1a: Swampert\n|-supereffective|p1a: Swampert\n|-damage|p1a: Swampert|0 fnt\n|faint|p1a: Swampert\n|\n|win|TrasheBoi\n|c|\u2606SirFresh|Gg\n|l|\u2606SirFresh\n","uploadtime":1654782437,"views":9,"p1id":"sirfresh","p2id":"trasheboi","formatid":"gen8nationaldex","rating":0,"private":0,"password":null}