{"id":"gen8ubers-1303937106","p1":"DiameterXtreme","p2":"Rcook","format":"gen8ubers","log":"|html|<div class=\"broadcast-blue\"><strong>[Gen 8] Ubers is currently suspecting Shadow Tag! For information on how to participate check out the <a href=\"https:\/\/www.smogon.com\/forums\/threads\/np-ss-ubers-stage-6-tag-youre-it.3679546\/\">suspect thread<\/a>.<\/strong><\/div>\n|j|\u2606DiameterXtreme\n|j|\u2606Rcook\n|t:|1616072970\n|player|p1|DiameterXtreme|jasmine-gen2|\n|player|p2|Rcook|hilbert|\n|teamsize|p1|6\n|teamsize|p2|6\n|gametype|singles\n|gen|8\n|tier|[Gen 8] Ubers\n|rated|Tournament battle\n|clearpoke\n|poke|p1|Hatterene, F|\n|poke|p1|Porygon2|\n|poke|p1|Magearna|\n|poke|p1|Dracovish|\n|poke|p1|Calyrex-Ice|\n|poke|p1|Necrozma-Dusk-Mane|\n|poke|p2|Gothitelle, M|\n|poke|p2|Zacian|\n|poke|p2|Ho-Oh|\n|poke|p2|Calyrex-Shadow|\n|poke|p2|Yveltal|\n|poke|p2|Kyogre|\n|rule|Sleep Clause Mod: Limit one foe put to sleep\n|rule|Species Clause: Limit one of each Pok\u00e9mon\n|rule|OHKO Clause: OHKO moves are banned\n|rule|Evasion Moves Clause: Evasion moves are banned\n|rule|Endless Battle Clause: Forcing endless battles is banned\n|rule|HP Percentage Mod: HP is shown in percentages\n|rule|Dynamax Clause: You cannot dynamax\n|teampreview\n|j| CartiWins\n|\n|t:|1616072978\n|start\n|switch|p1a: Hatterene|Hatterene, F|100\/100\n|switch|p2a: Gothitelle|Gothitelle, M|100\/100\n|turn|1\n|inactive|Battle timer is ON: inactive players will automatically lose when time's up. (requested by Rcook)\n|\n|t:|1616072986\n|move|p2a: Gothitelle|Cosmic Power|p2a: Gothitelle\n|-boost|p2a: Gothitelle|def|1\n|-boost|p2a: Gothitelle|spd|1\n|move|p1a: Hatterene|Misty Explosion|p2a: Gothitelle\n|-damage|p2a: Gothitelle|62\/100\n|faint|p1a: Hatterene\n|\n|-heal|p2a: Gothitelle|68\/100|[from] item: Leftovers\n|upkeep\n|\n|t:|1616072997\n|switch|p1a: Necrozma|Necrozma-Dusk-Mane|100\/100\n|turn|2\n|\n|t:|1616073000\n|move|p2a: Gothitelle|Charm|p1a: Necrozma\n|-unboost|p1a: Necrozma|atk|2\n|move|p1a: Necrozma|Trick Room|p1a: Necrozma\n|-fieldstart|move: Trick Room|[of] p1a: Necrozma\n|\n|-heal|p2a: Gothitelle|74\/100|[from] item: Leftovers\n|upkeep\n|turn|3\n|\n|t:|1616073002\n|move|p1a: Necrozma|Swords Dance|p1a: Necrozma\n|-boost|p1a: Necrozma|atk|2\n|move|p2a: Gothitelle|Taunt|p1a: Necrozma\n|-start|p1a: Necrozma|move: Taunt\n|\n|-heal|p2a: Gothitelle|80\/100|[from] item: Leftovers\n|upkeep\n|turn|4\n|\n|t:|1616073005\n|move|p1a: Necrozma|Sunsteel Strike|p2a: Gothitelle\n|-damage|p2a: Gothitelle|42\/100\n|move|p2a: Gothitelle|Charm|p1a: Necrozma\n|-unboost|p1a: Necrozma|atk|2\n|\n|-heal|p2a: Gothitelle|49\/100|[from] item: Leftovers\n|upkeep\n|turn|5\n|\n|t:|1616073008\n|move|p1a: Necrozma|Sunsteel Strike|p2a: Gothitelle\n|-damage|p2a: Gothitelle|27\/100\n|move|p2a: Gothitelle|Cosmic Power|p2a: Gothitelle\n|-boost|p2a: Gothitelle|def|1\n|-boost|p2a: Gothitelle|spd|1\n|\n|-heal|p2a: Gothitelle|33\/100|[from] item: Leftovers\n|upkeep\n|turn|6\n|\n|t:|1616073010\n|move|p1a: Necrozma|Sunsteel Strike|p2a: Gothitelle\n|-damage|p2a: Gothitelle|19\/100\n|move|p2a: Gothitelle|Cosmic Power|p2a: Gothitelle\n|-boost|p2a: Gothitelle|def|1\n|-boost|p2a: Gothitelle|spd|1\n|\n|-heal|p2a: Gothitelle|26\/100|[from] item: Leftovers\n|-end|p1a: Necrozma|move: Taunt\n|-fieldend|move: Trick Room\n|upkeep\n|turn|7\n|\n|t:|1616073014\n|move|p2a: Gothitelle|Rest|p2a: Gothitelle\n|-status|p2a: Gothitelle|slp|[from] move: Rest\n|-heal|p2a: Gothitelle|100\/100 slp|[silent]\n|move|p1a: Necrozma|Swords Dance|p1a: Necrozma\n|-boost|p1a: Necrozma|atk|2\n|\n|upkeep\n|turn|8\n|-message|DiameterXtreme forfeited.\n|\n|win|Rcook\n|n|\u2606DiameterXtreme|diameterxtreme\n|n|\u2606Rcook|rcook\n|n| CartiWins|cartiwins\n","uploadtime":1616073017,"views":14,"p1id":"diameterxtreme","p2id":"rcook","formatid":"gen8ubers","rating":0,"private":0,"password":null}