{"id":"gen8ou-1441491043","p1":"IandyMalou","p2":"soap776","format":"gen8ou","log":"|j|\u2606IandyMalou\n|j|\u2606soap776\n|t:|1635093761\n|gametype|singles\n|player|p1|IandyMalou|170|1530\n|player|p2|soap776|nate|1522\n|teamsize|p1|6\n|teamsize|p2|6\n|gen|8\n|tier|[Gen 8] OU\n|rated|\n|rule|Sleep Clause Mod: Limit one foe put to sleep\n|rule|Species Clause: Limit one of each Pok\u00e9mon\n|rule|OHKO Clause: OHKO moves are banned\n|rule|Evasion Moves Clause: Evasion moves are banned\n|rule|Endless Battle Clause: Forcing endless battles is banned\n|rule|HP Percentage Mod: HP is shown in percentages\n|rule|Dynamax Clause: You cannot dynamax\n|clearpoke\n|poke|p1|Slowbro, M|\n|poke|p1|Landorus-Therian, M|\n|poke|p1|Excadrill, M|\n|poke|p1|Buzzwole|\n|poke|p1|Gigalith, F|\n|poke|p1|Dracozolt|\n|poke|p2|Barraskewda, F|\n|poke|p2|Garchomp, F|\n|poke|p2|Ferrothorn, M|\n|poke|p2|Pelipper, F|\n|poke|p2|Tornadus, M|\n|poke|p2|Tapu Fini|\n|teampreview\n|\n|t:|1635093770\n|start\n|switch|p1a: Gigalith|Gigalith, F|100\/100\n|switch|p2a: Pelipper|Pelipper, F|100\/100\n|-weather|RainDance|[from] ability: Drizzle|[of] p2a: Pelipper\n|-weather|Sandstorm|[from] ability: Sand Stream|[of] p1a: Gigalith\n|turn|1\n|\n|t:|1635093782\n|switch|p2a: Garchomp|Garchomp, F|100\/100\n|move|p1a: Gigalith|Stealth Rock|p2a: Garchomp\n|-sidestart|p2: soap776|move: Stealth Rock\n|\n|-weather|Sandstorm|[upkeep]\n|upkeep\n|turn|2\n|j| Zombini62\n|\n|t:|1635093792\n|switch|p1a: Landorus|Landorus-Therian, M|100\/100\n|-ability|p1a: Landorus|Intimidate|boost\n|-unboost|p2a: Garchomp|atk|1\n|move|p2a: Garchomp|Swords Dance|p2a: Garchomp\n|-boost|p2a: Garchomp|atk|2\n|\n|-weather|Sandstorm|[upkeep]\n|upkeep\n|turn|3\n|\n|t:|1635093819\n|switch|p1a: Buzzwole|Buzzwole|100\/100\n|move|p2a: Garchomp|Aqua Tail|p1a: Buzzwole\n|-damage|p1a: Buzzwole|66\/100\n|\n|-weather|Sandstorm|[upkeep]\n|-damage|p1a: Buzzwole|60\/100|[from] Sandstorm\n|upkeep\n|turn|4\n|\n|t:|1635093829\n|switch|p2a: Ferrothorn|Ferrothorn, M|100\/100\n|-damage|p2a: Ferrothorn|94\/100|[from] Stealth Rock\n|move|p1a: Buzzwole|Ice Punch|p2a: Ferrothorn\n|-damage|p2a: Ferrothorn|72\/100\n|-damage|p1a: Buzzwole|47\/100|[from] ability: Iron Barbs|[of] p2a: Ferrothorn\n|\n|-weather|Sandstorm|[upkeep]\n|-damage|p1a: Buzzwole|41\/100|[from] Sandstorm\n|-heal|p2a: Ferrothorn|78\/100|[from] item: Leftovers\n|upkeep\n|turn|5\n|\n|t:|1635093843\n|switch|p2a: Tapu Fini|Tapu Fini|100\/100\n|-damage|p2a: Tapu Fini|88\/100|[from] Stealth Rock\n|-fieldstart|move: Misty Terrain|[from] ability: Misty Surge|[of] p2a: Tapu Fini\n|move|p1a: Buzzwole|Close Combat|p2a: Tapu Fini\n|-resisted|p2a: Tapu Fini\n|-damage|p2a: Tapu Fini|46\/100\n|-unboost|p1a: Buzzwole|def|1\n|-unboost|p1a: Buzzwole|spd|1\n|\n|-weather|Sandstorm|[upkeep]\n|-damage|p2a: Tapu Fini|40\/100|[from] Sandstorm\n|-damage|p1a: Buzzwole|35\/100|[from] Sandstorm\n|upkeep\n|turn|6\n|\n|t:|1635093873\n|switch|p1a: Slowbro|Slowbro, M|100\/100\n|move|p2a: Tapu Fini|Moonblast|p1a: Slowbro\n|-damage|p1a: Slowbro|57\/100\n|-unboost|p1a: Slowbro|spa|1\n|-enditem|p1a: Slowbro|Eject Button\n|\n|t:|1635093881\n|switch|p1a: Landorus|Landorus-Therian, M|100\/100\n|-ability|p1a: Landorus|Intimidate|boost\n|-unboost|p2a: Tapu Fini|atk|1\n|\n|-weather|Sandstorm|[upkeep]\n|-damage|p2a: Tapu Fini|34\/100|[from] Sandstorm\n|upkeep\n|turn|7\n|\n|t:|1635093898\n|switch|p2a: Pelipper|Pelipper, F|100\/100\n|-damage|p2a: Pelipper|75\/100|[from] Stealth Rock\n|-weather|RainDance|[from] ability: Drizzle|[of] p2a: Pelipper\n|move|p1a: Landorus|Gravity|p1a: Landorus\n|-fieldstart|move: Gravity\n|\n|-weather|RainDance|[upkeep]\n|upkeep\n|turn|8\n|l| Zombini62\n|inactive|Battle timer is ON: inactive players will automatically lose when time's up. (requested by IandyMalou)\n|j| Zombini62\n|\n|t:|1635093931\n|switch|p2a: Garchomp|Garchomp, F|100\/100\n|-damage|p2a: Garchomp|94\/100|[from] Stealth Rock\n|move|p1a: Landorus|U-turn|p2a: Garchomp\n|-damage|p2a: Garchomp|71\/100\n|-damage|p1a: Landorus|88\/100|[from] ability: Rough Skin|[of] p2a: Garchomp\n|\n|t:|1635093954\n|switch|p1a: Gigalith|Gigalith, F|100\/100|[from]move: U-turn\n|-weather|Sandstorm|[from] ability: Sand Stream|[of] p1a: Gigalith\n|\n|-weather|Sandstorm|[upkeep]\n|-heal|p2a: Garchomp|77\/100|[from] item: Leftovers\n|upkeep\n|turn|9\n|\n|t:|1635093965\n|switch|p1a: Landorus|Landorus-Therian, M|88\/100\n|-ability|p1a: Landorus|Intimidate|boost\n|-unboost|p2a: Garchomp|atk|1\n|move|p2a: Garchomp|Earthquake|p1a: Landorus\n|-damage|p1a: Landorus|53\/100\n|\n|-weather|Sandstorm|[upkeep]\n|-heal|p2a: Garchomp|83\/100|[from] item: Leftovers\n|-heal|p1a: Landorus|59\/100|[from] item: Leftovers\n|-fieldend|Misty Terrain\n|upkeep\n|turn|10\n|\n|t:|1635093984\n|move|p2a: Garchomp|Swords Dance|p2a: Garchomp\n|-boost|p2a: Garchomp|atk|2\n|move|p1a: Landorus|U-turn|p2a: Garchomp\n|-damage|p2a: Garchomp|63\/100\n|-damage|p1a: Landorus|47\/100|[from] ability: Rough Skin|[of] p2a: Garchomp\n|\n|t:|1635093990\n|switch|p1a: Excadrill|Excadrill, M|100\/100|[from]move: U-turn\n|\n|-weather|Sandstorm|[upkeep]\n|-heal|p2a: Garchomp|69\/100|[from] item: Leftovers\n|upkeep\n|turn|11\n|inactive|soap776 has 120 seconds left.\n|inactive|soap776 has 90 seconds left.\n|\n|t:|1635094078\n|move|p1a: Excadrill|Earthquake|p2a: Garchomp\n|-damage|p2a: Garchomp|0 fnt\n|faint|p2a: Garchomp\n|\n|-weather|Sandstorm|[upkeep]\n|-fieldend|move: Gravity\n|upkeep\n|inactive|soap776 has 60 seconds left.\n|l| Zombini62\n|\n|t:|1635094113\n|switch|p2a: Pelipper|Pelipper, F|75\/100\n|-damage|p2a: Pelipper|50\/100|[from] Stealth Rock\n|-weather|RainDance|[from] ability: Drizzle|[of] p2a: Pelipper\n|turn|12\n|\n|t:|1635094123\n|switch|p1a: Gigalith|Gigalith, F|100\/100\n|-weather|Sandstorm|[from] ability: Sand Stream|[of] p1a: Gigalith\n|switch|p2a: Ferrothorn|Ferrothorn, M|78\/100\n|-damage|p2a: Ferrothorn|72\/100|[from] Stealth Rock\n|\n|-weather|Sandstorm|[upkeep]\n|-heal|p2a: Ferrothorn|78\/100|[from] item: Leftovers\n|upkeep\n|turn|13\n|\n|t:|1635094144\n|move|p1a: Gigalith|Gravity|p1a: Gigalith\n|-fieldstart|move: Gravity\n|move|p2a: Ferrothorn|Leech Seed|p1a: Gigalith\n|-start|p1a: Gigalith|move: Leech Seed\n|\n|-weather|Sandstorm|[upkeep]\n|-heal|p2a: Ferrothorn|84\/100|[from] item: Leftovers\n|-damage|p1a: Gigalith|88\/100|[from] Leech Seed|[of] p2a: Ferrothorn\n|-heal|p2a: Ferrothorn|97\/100|[silent]\n|upkeep\n|turn|14\n|\n|t:|1635094153\n|switch|p1a: Dracozolt|Dracozolt|100\/100\n|move|p2a: Ferrothorn|Leech Seed|p1a: Dracozolt\n|-start|p1a: Dracozolt|move: Leech Seed\n|\n|-weather|Sandstorm|[upkeep]\n|-heal|p2a: Ferrothorn|100\/100|[from] item: Leftovers\n|-damage|p1a: Dracozolt|88\/100|[from] Leech Seed|[of] p2a: Ferrothorn\n|upkeep\n|turn|15\n|\n|t:|1635094163\n|move|p1a: Dracozolt|Fire Blast|p2a: Ferrothorn\n|-supereffective|p2a: Ferrothorn\n|-damage|p2a: Ferrothorn|0 fnt\n|faint|p2a: Ferrothorn\n|-damage|p1a: Dracozolt|78\/100|[from] item: Life Orb\n|\n|-weather|Sandstorm|[upkeep]\n|upkeep\n|\n|t:|1635094172\n|switch|p2a: Pelipper|Pelipper, F|50\/100\n|-damage|p2a: Pelipper|25\/100|[from] Stealth Rock\n|-weather|RainDance|[from] ability: Drizzle|[of] p2a: Pelipper\n|turn|16\n|\n|t:|1635094182\n|move|p1a: Dracozolt|Bolt Beak|p2a: Pelipper\n|-supereffective|p2a: Pelipper\n|-damage|p2a: Pelipper|0 fnt\n|faint|p2a: Pelipper\n|-damage|p1a: Dracozolt|68\/100|[from] item: Life Orb\n|\n|-weather|RainDance|[upkeep]\n|upkeep\n|inactive|soap776 has 60 seconds left.\n|\n|t:|1635094203\n|switch|p2a: Tapu Fini|Tapu Fini|34\/100\n|-damage|p2a: Tapu Fini|21\/100|[from] Stealth Rock\n|-fieldstart|move: Misty Terrain|[from] ability: Misty Surge|[of] p2a: Tapu Fini\n|turn|17\n|\n|t:|1635094219\n|switch|p1a: Gigalith|Gigalith, F|88\/100\n|-weather|Sandstorm|[from] ability: Sand Stream|[of] p1a: Gigalith\n|move|p2a: Tapu Fini|Moonblast|p1a: Gigalith\n|-damage|p1a: Gigalith|69\/100\n|-unboost|p1a: Gigalith|spa|1\n|\n|-weather|Sandstorm|[upkeep]\n|-damage|p2a: Tapu Fini|15\/100|[from] Sandstorm\n|-fieldend|move: Gravity\n|upkeep\n|turn|18\n|c|\u2606soap776|gg\n|inactive|soap776 has 60 seconds left.\n|-message|soap776 forfeited.\n|\n|win|IandyMalou\n|raw|IandyMalou's rating: 1530 &rarr; <strong>1550<\/strong><br \/>(+20 for winning)\n|raw|soap776's rating: 1522 &rarr; <strong>1502<\/strong><br \/>(-20 for losing)\n|l|\u2606soap776\n||Ladder isn't responding, score probably updated but might not have (Request timeout).\n","uploadtime":1635094237,"views":62,"p1id":"iandymalou","p2id":"soap776","formatid":"gen8ou","rating":1502,"private":0,"password":null}