{"id":"gen8nationaldex-1669712064","p1":"Ferrothornail\u8349\u94a2\u7532","p2":"whitegx","format":"gen8nationaldex","log":"|j|\u2606Ferrothornail\u8349\u94a2\u7532\n|j|\u2606whitegx\n|t:|1664080170\n|gametype|singles\n|player|p1|Ferrothornail\u8349\u94a2\u7532|lillie|1442\n|player|p2|whitegx|102|1587\n|teamsize|p1|6\n|teamsize|p2|6\n|gen|8\n|tier|[Gen 8] National Dex\n|rated|\n|rule|HP Percentage Mod: HP is shown in percentages\n|rule|Endless Battle Clause: Forcing endless battles is banned\n|rule|OHKO Clause: OHKO moves are banned\n|rule|Evasion Moves Clause: Evasion moves are banned\n|rule|Species Clause: Limit one of each Pok\u00e9mon\n|rule|Dynamax Clause: You cannot dynamax\n|rule|Sleep Clause Mod: Limit one foe put to sleep\n|clearpoke\n|poke|p1|Hatterene, F|\n|poke|p1|Cresselia, F|\n|poke|p1|Porygon2|\n|poke|p1|Aegislash, F|\n|poke|p1|Melmetal|\n|poke|p1|Camerupt, M|\n|poke|p2|Tapu Lele|\n|poke|p2|Ninetales-Alola, M|\n|poke|p2|Gallade, M|\n|poke|p2|Magnezone|\n|poke|p2|Mew|\n|poke|p2|Jirachi|\n|teampreview\n|inactive|Battle timer is ON: inactive players will automatically lose when time's up. (requested by Ferrothornail\u8349\u94a2\u7532)\n|c|\u2606whitegx|nice trick room team\n|c|\u2606whitegx|\u54e6\u662f\u8349\u94a2\u7532\u554a\n|\n|t:|1664080207\n|start\n|switch|p1a: Hatterene|Hatterene, F|100\/100\n|switch|p2a: \u810f\u5e7b|Mew, shiny|100\/100\n|turn|1\n|\n|t:|1664080211\n|move|p2a: \u810f\u5e7b|Taunt|p1a: Hatterene\n|move|p1a: Hatterene|Taunt|p2a: \u810f\u5e7b|[from]ability: Magic Bounce\n|-start|p2a: \u810f\u5e7b|move: Taunt\n|move|p1a: Hatterene|Trick Room|p1a: Hatterene\n|-fieldstart|move: Trick Room|[of] p1a: Hatterene\n|\n|upkeep\n|turn|2\n|c|\u2606Ferrothornail\u8349\u94a2\u7532|\u662f\u554a\n|c|\u2606whitegx|\u8349\n|c|\u2606whitegx|\u592a\u4e45\u4e0d\u78b0\u5e03\u91cc\u59c6\u6e29\u90fd\u5fd8\u4e86\u9b54\u6cd5\u955c\n|inactive|whitegx has 120 seconds left.\n|\n|t:|1664080249\n|switch|p1a: Camerupt|Camerupt, M|100\/100\n|switch|p2a: \u6709\u5996\u7cbe\uff01|Ninetales-Alola, M, shiny|100\/100\n|-weather|Hail|[from] ability: Snow Warning|[of] p2a: \u6709\u5996\u7cbe\uff01\n|\n|-weather|Hail|[upkeep]\n|-damage|p1a: Camerupt|94\/100|[from] Hail\n|upkeep\n|turn|3\n|inactive|whitegx has 120 seconds left.\n|\n|t:|1664080257\n|switch|p2a: \u810f\u5e7b|Mew, shiny|100\/100\n|detailschange|p1a: Camerupt|Camerupt-Mega, M\n|-mega|p1a: Camerupt|Camerupt|Cameruptite\n|move|p1a: Camerupt|Substitute|p1a: Camerupt\n|-start|p1a: Camerupt|Substitute\n|-damage|p1a: Camerupt|70\/100\n|\n|-weather|Hail|[upkeep]\n|-damage|p1a: Camerupt|63\/100|[from] Hail\n|-damage|p2a: \u810f\u5e7b|94\/100|[from] Hail\n|-heal|p2a: \u810f\u5e7b|100\/100|[from] item: Leftovers\n|upkeep\n|turn|4\n|c|\u2606Ferrothornail\u8349\u94a2\u7532|\u5168\u961f\u4e0d\u6297\u706b\n|inactive|whitegx has 120 seconds left.\n|\n|t:|1664080270\n|move|p1a: Camerupt|Fire Blast|p2a: \u810f\u5e7b\n|-damage|p2a: \u810f\u5e7b|18\/100\n|move|p2a: \u810f\u5e7b|Stealth Rock|p1a: Camerupt\n|-sidestart|p1: Ferrothornail\u8349\u94a2\u7532|move: Stealth Rock\n|\n|-weather|Hail|[upkeep]\n|-damage|p1a: Camerupt|57\/100|[from] Hail\n|-damage|p2a: \u810f\u5e7b|12\/100|[from] Hail\n|-heal|p2a: \u810f\u5e7b|18\/100|[from] item: Leftovers\n|upkeep\n|turn|5\n|\n|t:|1664080274\n|move|p1a: Camerupt|Earth Power|p2a: \u810f\u5e7b\n|-crit|p2a: \u810f\u5e7b\n|-damage|p2a: \u810f\u5e7b|0 fnt\n|faint|p2a: \u810f\u5e7b\n|\n|-weather|Hail|[upkeep]\n|-damage|p1a: Camerupt|51\/100|[from] Hail\n|-fieldend|move: Trick Room\n|upkeep\n|\n|t:|1664080287\n|switch|p2a: \u53ef\u522b\u88ab\u6211\u902e\u7740\u4e86\u55f7|Magnezone, shiny|100\/100\n|turn|6\n|\n|t:|1664080295\n|move|p2a: \u53ef\u522b\u88ab\u6211\u902e\u7740\u4e86\u55f7|Volt Switch|p1a: Camerupt\n|-immune|p1a: Camerupt\n|move|p1a: Camerupt|Earth Power|p2a: \u53ef\u522b\u88ab\u6211\u902e\u7740\u4e86\u55f7\n|-supereffective|p2a: \u53ef\u522b\u88ab\u6211\u902e\u7740\u4e86\u55f7\n|-damage|p2a: \u53ef\u522b\u88ab\u6211\u902e\u7740\u4e86\u55f7|0 fnt\n|faint|p2a: \u53ef\u522b\u88ab\u6211\u902e\u7740\u4e86\u55f7\n|\n|-weather|none\n|upkeep\n|c|\u2606Ferrothornail\u8349\u94a2\u7532|\uff1f\n|c|\u2606whitegx|\u5b8c\u4e86\n|c|\u2606Ferrothornail\u8349\u94a2\u7532|\u70b9\u9519\u4e86\uff1f\n|c|\u2606whitegx|\u6211\u5728\u5e72\u561b\n|c|\u2606whitegx|\u70b9\u9519\u4e86\n|inactive|whitegx has 120 seconds left.\n|\n|t:|1664080320\n|switch|p2a: \u6709\u5996\u7cbe\uff01|Ninetales-Alola, M, shiny|100\/100\n|-weather|Hail|[from] ability: Snow Warning|[of] p2a: \u6709\u5996\u7cbe\uff01\n|turn|7\n|inactive|whitegx has 120 seconds left.\n|\n|t:|1664080328\n|move|p2a: \u6709\u5996\u7cbe\uff01|Encore|p1a: Camerupt\n|-start|p1a: Camerupt|Encore\n|move|p1a: Camerupt|Earth Power|p2a: \u6709\u5996\u7cbe\uff01\n|-damage|p2a: \u6709\u5996\u7cbe\uff01|15\/100\n|\n|-weather|Hail|[upkeep]\n|-damage|p1a: Camerupt|45\/100|[from] Hail\n|upkeep\n|turn|8\n|\n|t:|1664080330\n|move|p2a: \u6709\u5996\u7cbe\uff01|Aurora Veil|p2a: \u6709\u5996\u7cbe\uff01\n|-sidestart|p2: whitegx|move: Aurora Veil\n|move|p1a: Camerupt|Earth Power|p2a: \u6709\u5996\u7cbe\uff01\n|-damage|p2a: \u6709\u5996\u7cbe\uff01|0 fnt\n|faint|p2a: \u6709\u5996\u7cbe\uff01\n|\n|-weather|Hail|[upkeep]\n|-damage|p1a: Camerupt|39\/100|[from] Hail\n|upkeep\n|\n|t:|1664080343\n|switch|p2a: \u5427\u592b\u4eba|Tapu Lele, shiny|100\/100\n|-fieldstart|move: Psychic Terrain|[from] ability: Psychic Surge|[of] p2a: \u5427\u592b\u4eba\n|turn|9\n|\n|t:|1664080351\n|move|p2a: \u5427\u592b\u4eba|Psychic|p1a: Camerupt\n|-end|p1a: Camerupt|Substitute\n|move|p1a: Camerupt|Earth Power|p2a: \u5427\u592b\u4eba\n|-damage|p2a: \u5427\u592b\u4eba|60\/100\n|\n|-weather|Hail|[upkeep]\n|-damage|p2a: \u5427\u592b\u4eba|54\/100|[from] Hail\n|-damage|p1a: Camerupt|33\/100|[from] Hail\n|-end|p1a: Camerupt|Encore\n|upkeep\n|turn|10\n|c|\u2606whitegx|\u75db \u592a\u75db\u4e86\n|\n|t:|1664080361\n|switch|p1a: Cresselia|Cresselia, F|100\/100\n|-damage|p1a: Cresselia|88\/100|[from] Stealth Rock\n|move|p2a: \u5427\u592b\u4eba|Psychic|p1a: Cresselia\n|-resisted|p1a: Cresselia\n|-damage|p1a: Cresselia|70\/100\n|\n|-weather|Hail|[upkeep]\n|-damage|p2a: \u5427\u592b\u4eba|48\/100|[from] Hail\n|-damage|p1a: Cresselia|64\/100|[from] Hail\n|upkeep\n|turn|11\n|\n|t:|1664080369\n|switch|p2a: \u6025\u62c9\u5947|Jirachi, shiny|100\/100\n|move|p1a: Cresselia|Trick Room|p1a: Cresselia\n|-fieldstart|move: Trick Room|[of] p1a: Cresselia\n|\n|-weather|none\n|upkeep\n|turn|12\n|\n|t:|1664080374\n|move|p1a: Cresselia|Lunar Dance|p1a: Cresselia\n|faint|p1a: Cresselia\n|-zpower|p2a: \u6025\u62c9\u5947\n|move|p2a: \u6025\u62c9\u5947|Z-Happy Hour|p2a: \u6025\u62c9\u5947|[anim]Happy Hour\n|-boost|p2a: \u6025\u62c9\u5947|atk|1|[zeffect]\n|-boost|p2a: \u6025\u62c9\u5947|def|1|[zeffect]\n|-boost|p2a: \u6025\u62c9\u5947|spa|1|[zeffect]\n|-boost|p2a: \u6025\u62c9\u5947|spd|1|[zeffect]\n|-boost|p2a: \u6025\u62c9\u5947|spe|1|[zeffect]\n|\n|upkeep\n|\n|t:|1664080378\n|switch|p1a: Camerupt|Camerupt-Mega, M|33\/100\n|-heal|p1a: Camerupt|100\/100|[from] move: Lunar Dance\n|-damage|p1a: Camerupt|88\/100|[from] Stealth Rock\n|turn|13\n|\n|t:|1664080386\n|move|p1a: Camerupt|Fire Blast|p2a: \u6025\u62c9\u5947\n|-supereffective|p2a: \u6025\u62c9\u5947\n|-damage|p2a: \u6025\u62c9\u5947|46\/100\n|move|p2a: \u6025\u62c9\u5947|Zen Headbutt|p1a: Camerupt\n|-damage|p1a: Camerupt|12\/100\n|\n|upkeep\n|turn|14\n|\n|t:|1664080397\n|move|p1a: Camerupt|Fire Blast|p2a: \u6025\u62c9\u5947|[miss]\n|-miss|p1a: Camerupt|p2a: \u6025\u62c9\u5947\n|move|p2a: \u6025\u62c9\u5947|Drain Punch|p1a: Camerupt\n|-damage|p1a: Camerupt|0 fnt\n|-heal|p2a: \u6025\u62c9\u5947|52\/100|[from] drain|[of] p1a: Camerupt\n|faint|p1a: Camerupt\n|\n|upkeep\n|\n|t:|1664080402\n|switch|p1a: Aegislash|Aegislash, F|100\/100\n|-damage|p1a: Aegislash|94\/100|[from] Stealth Rock\n|turn|15\n|\n|t:|1664080408\n|-zpower|p1a: Aegislash\n|-formechange|p1a: Aegislash|Aegislash-Blade||[from] ability: Stance Change\n|move|p1a: Aegislash|Never-Ending Nightmare|p2a: \u6025\u62c9\u5947|[zeffect]\n|-supereffective|p2a: \u6025\u62c9\u5947\n|-damage|p2a: \u6025\u62c9\u5947|0 fnt\n|faint|p2a: \u6025\u62c9\u5947\n|\n|-sideend|p2: whitegx|move: Aurora Veil\n|-fieldend|move: Trick Room\n|upkeep\n|\n|t:|1664080416\n|switch|p2a: \u6765\u667a\u4f1f|Gallade, M, shiny|100\/100\n|turn|16\n|\n|t:|1664080419\n|detailschange|p2a: \u6765\u667a\u4f1f|Gallade-Mega, M, shiny\n|-mega|p2a: \u6765\u667a\u4f1f|Gallade|Galladite\n|move|p2a: \u6765\u667a\u4f1f|Swords Dance|p2a: \u6765\u667a\u4f1f\n|-boost|p2a: \u6765\u667a\u4f1f|atk|2\n|move|p1a: Aegislash|Shadow Claw|p2a: \u6765\u667a\u4f1f\n|-supereffective|p2a: \u6765\u667a\u4f1f\n|-damage|p2a: \u6765\u667a\u4f1f|0 fnt\n|faint|p2a: \u6765\u667a\u4f1f\n|\n|-fieldend|move: Psychic Terrain\n|upkeep\n|c|\u2606whitegx|oh\n|c|\u2606whitegx|\u6211\u8bfb\u738b\u76fe\u5931\u8d25\n|\n|t:|1664080435\n|switch|p2a: \u5427\u592b\u4eba|Tapu Lele, shiny|48\/100\n|-fieldstart|move: Psychic Terrain|[from] ability: Psychic Surge|[of] p2a: \u5427\u592b\u4eba\n|turn|17\n|\n|t:|1664080439\n|-formechange|p1a: Aegislash|Aegislash||[from] ability: Stance Change\n|move|p1a: Aegislash|King's Shield|p1a: Aegislash\n|-singleturn|p1a: Aegislash|Protect\n|move|p2a: \u5427\u592b\u4eba|Psychic|p1a: Aegislash\n|-activate|p1a: Aegislash|move: Protect\n|\n|upkeep\n|turn|18\n|c|\u2606whitegx|\u5bc4\n|\n|t:|1664080445\n|move|p2a: \u5427\u592b\u4eba|Psychic|p1a: Aegislash\n|-resisted|p1a: Aegislash\n|-damage|p1a: Aegislash|71\/100\n|-formechange|p1a: Aegislash|Aegislash-Blade||[from] ability: Stance Change\n|move|p1a: Aegislash|Shadow Claw|p2a: \u5427\u592b\u4eba\n|-supereffective|p2a: \u5427\u592b\u4eba\n|-crit|p2a: \u5427\u592b\u4eba\n|-damage|p2a: \u5427\u592b\u4eba|0 fnt\n|faint|p2a: \u5427\u592b\u4eba\n|\n|win|Ferrothornail\u8349\u94a2\u7532\n|raw|Ferrothornail\u8349\u94a2\u7532's rating: 1442 &rarr; <strong>1470<\/strong><br \/>(+28 for winning)\n|raw|whitegx's rating: 1587 &rarr; <strong>1559<\/strong><br \/>(-28 for losing)\n|l|\u2606whitegx\n|j| sleepdrawrnig\n|j| a common people\n|l| sleepdrawrnig\n|j| Tofucubeswithcrab\n|l| Tofucubeswithcrab\n|j| zibuyu\n|l| a common people\n||Ladder isn't responding, score probably updated but might not have (Request timeout).\n","uploadtime":1664080450,"views":9,"p1id":"ferrothornail","p2id":"whitegx","formatid":"gen8nationaldex","rating":1470,"private":0,"password":null}