{"id":"gen8ou-1652379230","p1":"RggV_YT","p2":"NotMyCousin","format":"gen8ou","log":"|j|\u2606RggV_YT\n|j|\u2606NotMyCousin\n|t:|1661913196\n|gametype|singles\n|player|p1|RggV_YT|scientist-gen4|1510\n|player|p2|NotMyCousin|265|1479\n|teamsize|p1|6\n|teamsize|p2|6\n|gen|8\n|tier|[Gen 8] OU\n|rated|\n|rule|Sleep Clause Mod: Limit one foe put to sleep\n|rule|Species Clause: Limit one of each Pok\u00e9mon\n|rule|OHKO Clause: OHKO moves are banned\n|rule|Evasion Items Clause: Evasion items are banned\n|rule|Evasion Moves Clause: Evasion moves are banned\n|rule|Endless Battle Clause: Forcing endless battles is banned\n|rule|HP Percentage Mod: HP is shown in percentages\n|rule|Dynamax Clause: You cannot dynamax\n|clearpoke\n|poke|p1|Rotom-Wash|\n|poke|p1|Cobalion|\n|poke|p1|Hitmonlee, M|\n|poke|p1|Landorus-Therian, M|\n|poke|p1|Volcarona, F|\n|poke|p1|Dragapult, M|\n|poke|p2|Heatran, M|\n|poke|p2|Ferrothorn, M|\n|poke|p2|Primarina, F|\n|poke|p2|Dragapult, M|\n|poke|p2|Buzzwole|\n|poke|p2|Landorus-Therian, M|\n|teampreview\n|inactive|Battle timer is ON: inactive players will automatically lose when time's up. (requested by RggV_YT)\n|\n|t:|1661913205\n|start\n|switch|p1a: Rotom|Rotom-Wash|100\/100\n|switch|p2a: Dragapult|Dragapult, M|100\/100\n|turn|1\n|\n|t:|1661913217\n|move|p2a: Dragapult|Draco Meteor|p1a: Rotom\n|-damage|p1a: Rotom|27\/100\n|-unboost|p2a: Dragapult|spa|2\n|move|p1a: Rotom|Pain Split|p2a: Dragapult\n|-sethp|p2a: Dragapult|63\/100|[from] move: Pain Split|[silent]\n|-sethp|p1a: Rotom|66\/100|[from] move: Pain Split\n|\n|-heal|p1a: Rotom|72\/100|[from] item: Leftovers\n|upkeep\n|turn|2\n|\n|t:|1661913232\n|switch|p2a: Ferrothorn|Ferrothorn, M|100\/100\n|move|p1a: Rotom|Pain Split|p2a: Ferrothorn\n|-sethp|p2a: Ferrothorn|85\/100|[from] move: Pain Split|[silent]\n|-sethp|p1a: Rotom|87\/100|[from] move: Pain Split\n|\n|-heal|p1a: Rotom|94\/100|[from] item: Leftovers\n|upkeep\n|turn|3\n|\n|t:|1661913240\n|move|p1a: Rotom|Volt Switch|p2a: Ferrothorn\n|-resisted|p2a: Ferrothorn\n|-damage|p2a: Ferrothorn|75\/100\n|\n|t:|1661913244\n|switch|p1a: Cobalion|Cobalion|100\/100|[from]move: Volt Switch\n|move|p2a: Ferrothorn|Leech Seed|p1a: Cobalion\n|-start|p1a: Cobalion|move: Leech Seed\n|\n|-damage|p1a: Cobalion|88\/100|[from] Leech Seed|[of] p2a: Ferrothorn\n|-heal|p2a: Ferrothorn|88\/100|[silent]\n|upkeep\n|turn|4\n|\n|t:|1661913256\n|switch|p2a: Landorus|Landorus-Therian, M|100\/100\n|-ability|p2a: Landorus|Intimidate|boost\n|-unboost|p1a: Cobalion|atk|1\n|move|p1a: Cobalion|Stealth Rock|p2a: Landorus\n|-sidestart|p2: NotMyCousin|move: Stealth Rock\n|\n|-damage|p1a: Cobalion|76\/100|[from] Leech Seed|[of] p2a: Landorus\n|upkeep\n|turn|5\n|\n|t:|1661913271\n|switch|p1a: Rotom|Rotom-Wash|94\/100\n|move|p2a: Landorus|Defog|p1a: Rotom\n|-unboost|p1a: Rotom|evasion|1\n|-sideend|p2: NotMyCousin|Stealth Rock|[from] move: Defog|[of] p2a: Landorus\n|\n|-heal|p1a: Rotom|99\/100|[from] item: Leftovers\n|upkeep\n|turn|6\n|\n|t:|1661913293\n|switch|p2a: Ferrothorn|Ferrothorn, M|88\/100\n|move|p1a: Rotom|Volt Switch|p2a: Ferrothorn\n|-resisted|p2a: Ferrothorn\n|-damage|p2a: Ferrothorn|77\/100\n|\n|t:|1661913302\n|switch|p1a: Cobalion|Cobalion|76\/100|[from]move: Volt Switch\n|\n|upkeep\n|turn|7\n|\n|t:|1661913312\n|switch|p2a: Primarina|Primarina, F|100\/100\n|move|p1a: Cobalion|Close Combat|p2a: Primarina\n|-resisted|p2a: Primarina\n|-damage|p2a: Primarina|71\/100\n|-unboost|p1a: Cobalion|def|1\n|-unboost|p1a: Cobalion|spd|1\n|\n|upkeep\n|turn|8\n|\n|t:|1661913316\n|move|p1a: Cobalion|Volt Switch|p2a: Primarina\n|-supereffective|p2a: Primarina\n|-damage|p2a: Primarina|58\/100\n|\n|t:|1661913322\n|switch|p1a: Rotom|Rotom-Wash|99\/100|[from]move: Volt Switch\n|move|p2a: Primarina|Draining Kiss|p1a: Rotom\n|-damage|p1a: Rotom|78\/100\n|-heal|p2a: Primarina|73\/100|[from] drain|[of] p1a: Rotom\n|\n|-heal|p1a: Rotom|84\/100|[from] item: Leftovers\n|upkeep\n|turn|9\n|\n|t:|1661913339\n|move|p1a: Rotom|Volt Switch|p2a: Primarina\n|-supereffective|p2a: Primarina\n|-damage|p2a: Primarina|47\/100\n|\n|t:|1661913355\n|switch|p1a: Landorus|Landorus-Therian, M|100\/100|[from]move: Volt Switch\n|-ability|p1a: Landorus|Intimidate|boost\n|-unboost|p2a: Primarina|atk|1\n|move|p2a: Primarina|Draining Kiss|p1a: Landorus\n|-damage|p1a: Landorus|68\/100\n|-heal|p2a: Primarina|71\/100|[from] drain|[of] p1a: Landorus\n|\n|upkeep\n|turn|10\n|\n|t:|1661913364\n|switch|p2a: Landorus|Landorus-Therian, M|100\/100\n|-ability|p2a: Landorus|Intimidate|boost\n|-unboost|p1a: Landorus|atk|1\n|move|p1a: Landorus|Earthquake|p2a: Landorus\n|-immune|p2a: Landorus\n|\n|upkeep\n|turn|11\n|\n|t:|1661913368\n|switch|p1a: Rotom|Rotom-Wash|84\/100\n|move|p2a: Landorus|Toxic|p1a: Rotom\n|-status|p1a: Rotom|tox\n|\n|-heal|p1a: Rotom|91\/100 tox|[from] item: Leftovers\n|-damage|p1a: Rotom|84\/100 tox|[from] psn\n|upkeep\n|turn|12\n|\n|t:|1661913379\n|switch|p2a: Dragapult|Dragapult, M|63\/100\n|move|p1a: Rotom|Hydro Pump|p2a: Dragapult\n|-resisted|p2a: Dragapult\n|-damage|p2a: Dragapult|38\/100\n|\n|-heal|p1a: Rotom|91\/100 tox|[from] item: Leftovers\n|-damage|p1a: Rotom|78\/100 tox|[from] psn\n|upkeep\n|turn|13\n|\n|t:|1661913385\n|switch|p1a: Cobalion|Cobalion|76\/100\n|move|p2a: Dragapult|Draco Meteor|p1a: Cobalion\n|-resisted|p1a: Cobalion\n|-damage|p1a: Cobalion|18\/100\n|-unboost|p2a: Dragapult|spa|2\n|\n|upkeep\n|turn|14\n|\n|t:|1661913391\n|switch|p1a: Volcarona|Volcarona, F|100\/100\n|move|p2a: Dragapult|Draco Meteor|p1a: Volcarona\n|-damage|p1a: Volcarona|66\/100\n|-unboost|p2a: Dragapult|spa|2\n|\n|upkeep\n|turn|15\n|\n|t:|1661913394\n|switch|p2a: Primarina|Primarina, F|71\/100\n|move|p1a: Volcarona|Roost|p1a: Volcarona\n|-heal|p1a: Volcarona|100\/100\n|-singleturn|p1a: Volcarona|move: Roost\n|\n|upkeep\n|turn|16\n|\n|t:|1661913400\n|switch|p1a: Rotom|Rotom-Wash|78\/100 tox\n|move|p2a: Primarina|Draining Kiss|p1a: Rotom\n|-damage|p1a: Rotom|56\/100 tox\n|-heal|p2a: Primarina|87\/100|[from] drain|[of] p1a: Rotom\n|\n|-heal|p1a: Rotom|62\/100 tox|[from] item: Leftovers\n|-damage|p1a: Rotom|56\/100 tox|[from] psn\n|upkeep\n|turn|17\n|\n|t:|1661913409\n|switch|p2a: Ferrothorn|Ferrothorn, M|77\/100\n|move|p1a: Rotom|Volt Switch|p2a: Ferrothorn\n|-resisted|p2a: Ferrothorn\n|-damage|p2a: Ferrothorn|66\/100\n|\n|t:|1661913425\n|switch|p1a: Volcarona|Volcarona, F|100\/100|[from]move: Volt Switch\n|\n|upkeep\n|turn|18\n|inactive|RggV_YT has 120 seconds left.\n|inactive|NotMyCousin has 120 seconds left.\n|inactive|RggV_YT has 90 seconds left.\n|\n|t:|1661913503\n|switch|p1a: Hitmonlee|Hitmonlee, M|100\/100\n|switch|p2a: Primarina|Primarina, F|87\/100\n|\n|upkeep\n|turn|19\n|\n|t:|1661913511\n|switch|p1a: Rotom|Rotom-Wash|56\/100 tox\n|move|p2a: Primarina|Draining Kiss|p1a: Rotom\n|-damage|p1a: Rotom|34\/100 tox\n|-heal|p2a: Primarina|100\/100|[from] drain|[of] p1a: Rotom\n|\n|-heal|p1a: Rotom|40\/100 tox|[from] item: Leftovers\n|-damage|p1a: Rotom|34\/100 tox|[from] psn\n|upkeep\n|turn|20\n|\n|t:|1661913516\n|move|p1a: Rotom|Volt Switch|p2a: Primarina\n|-supereffective|p2a: Primarina\n|-damage|p2a: Primarina|70\/100\n|\n|t:|1661913520\n|switch|p1a: Volcarona|Volcarona, F|100\/100|[from]move: Volt Switch\n|move|p2a: Primarina|Draining Kiss|p1a: Volcarona\n|-resisted|p1a: Volcarona\n|-damage|p1a: Volcarona|89\/100\n|-heal|p2a: Primarina|80\/100|[from] drain|[of] p1a: Volcarona\n|\n|upkeep\n|turn|21\n|\n|t:|1661913526\n|switch|p1a: Rotom|Rotom-Wash|34\/100 tox\n|move|p2a: Primarina|Hydro Pump|p1a: Rotom\n|-resisted|p1a: Rotom\n|-damage|p1a: Rotom|11\/100 tox\n|\n|-heal|p1a: Rotom|18\/100 tox|[from] item: Leftovers\n|-damage|p1a: Rotom|11\/100 tox|[from] psn\n|upkeep\n|turn|22\n|\n|t:|1661913534\n|move|p1a: Rotom|Pain Split|p2a: Primarina\n|-sethp|p2a: Primarina|45\/100|[from] move: Pain Split|[silent]\n|-sethp|p1a: Rotom|48\/100 tox|[from] move: Pain Split\n|move|p2a: Primarina|Draining Kiss|p1a: Rotom\n|-damage|p1a: Rotom|27\/100 tox\n|-heal|p2a: Primarina|60\/100|[from] drain|[of] p1a: Rotom\n|\n|-heal|p1a: Rotom|33\/100 tox|[from] item: Leftovers\n|-damage|p1a: Rotom|21\/100 tox|[from] psn\n|upkeep\n|turn|23\n|\n|t:|1661913544\n|move|p1a: Rotom|Pain Split|p2a: Primarina\n|-sethp|p2a: Primarina|40\/100|[from] move: Pain Split|[silent]\n|-sethp|p1a: Rotom|42\/100 tox|[from] move: Pain Split\n|move|p2a: Primarina|Draining Kiss|p1a: Rotom\n|-damage|p1a: Rotom|18\/100 tox\n|-heal|p2a: Primarina|57\/100|[from] drain|[of] p1a: Rotom\n|\n|-heal|p1a: Rotom|25\/100 tox|[from] item: Leftovers\n|-damage|p1a: Rotom|6\/100 tox|[from] psn\n|upkeep\n|turn|24\n|\n|t:|1661913560\n|switch|p2a: Dragapult|Dragapult, M|38\/100\n|move|p1a: Rotom|Volt Switch|p2a: Dragapult\n|-resisted|p2a: Dragapult\n|-damage|p2a: Dragapult|21\/100\n|\n|t:|1661913563\n|switch|p1a: Landorus|Landorus-Therian, M|68\/100|[from]move: Volt Switch\n|-ability|p1a: Landorus|Intimidate|boost\n|-unboost|p2a: Dragapult|atk|1\n|\n|upkeep\n|turn|25\n|\n|t:|1661913567\n|move|p1a: Landorus|Knock Off|p2a: Dragapult\n|-supereffective|p2a: Dragapult\n|-damage|p2a: Dragapult|0 fnt\n|-enditem|p2a: Dragapult|Choice Specs|[from] move: Knock Off|[of] p1a: Landorus\n|faint|p2a: Dragapult\n|\n|upkeep\n|\n|t:|1661913577\n|switch|p2a: Buzzwole|Buzzwole|100\/100\n|turn|26\n|\n|t:|1661913581\n|switch|p1a: Cobalion|Cobalion|18\/100\n|move|p2a: Buzzwole|Substitute|p2a: Buzzwole\n|-start|p2a: Buzzwole|Substitute\n|-damage|p2a: Buzzwole|75\/100\n|\n|-heal|p2a: Buzzwole|82\/100|[from] item: Leftovers\n|upkeep\n|turn|27\n|\n|t:|1661913589\n|move|p1a: Cobalion|Volt Switch|p2a: Buzzwole\n|-activate|p2a: Buzzwole|move: Substitute|[damage]\n|\n|t:|1661913591\n|switch|p1a: Volcarona|Volcarona, F|89\/100|[from]move: Volt Switch\n|move|p2a: Buzzwole|Substitute|p2a: Buzzwole\n|-fail|p2a: Buzzwole|move: Substitute\n|\n|-heal|p2a: Buzzwole|88\/100|[from] item: Leftovers\n|upkeep\n|turn|28\n|\n|t:|1661913597\n|switch|p2a: Heatran|Heatran, M|100\/100\n|move|p1a: Volcarona|Psychic|p2a: Heatran\n|-resisted|p2a: Heatran\n|-damage|p2a: Heatran|88\/100\n|-unboost|p2a: Heatran|spd|1\n|\n|upkeep\n|turn|29\n|\n|t:|1661913604\n|switch|p2a: Primarina|Primarina, F|57\/100\n|switch|p1a: Cobalion|Cobalion|18\/100\n|\n|upkeep\n|turn|30\n|\n|t:|1661913610\n|switch|p2a: Landorus|Landorus-Therian, M|100\/100\n|-ability|p2a: Landorus|Intimidate|boost\n|-unboost|p1a: Cobalion|atk|1\n|move|p1a: Cobalion|Iron Head|p2a: Landorus\n|-damage|p2a: Landorus|77\/100\n|-damage|p1a: Cobalion|1\/100|[from] item: Rocky Helmet|[of] p2a: Landorus\n|\n|upkeep\n|turn|31\n|\n|t:|1661913615\n|move|p1a: Cobalion|Stealth Rock|p2a: Landorus\n|-sidestart|p2: NotMyCousin|move: Stealth Rock\n|move|p2a: Landorus|Knock Off|p1a: Cobalion\n|-resisted|p1a: Cobalion\n|-damage|p1a: Cobalion|0 fnt\n|-damage|p2a: Landorus|61\/100|[from] item: Rocky Helmet|[of] p1a: Cobalion\n|-enditem|p1a: Cobalion|Rocky Helmet|[from] move: Knock Off|[of] p2a: Landorus\n|faint|p1a: Cobalion\n|\n|upkeep\n|\n|t:|1661913624\n|switch|p1a: Dragapult|Dragapult, M|100\/100\n|turn|32\n|\n|t:|1661913645\n|switch|p2a: Ferrothorn|Ferrothorn, M|66\/100\n|-damage|p2a: Ferrothorn|60\/100|[from] Stealth Rock\n|move|p1a: Dragapult|U-turn|p2a: Ferrothorn\n|-damage|p2a: Ferrothorn|35\/100\n|-damage|p1a: Dragapult|88\/100|[from] ability: Iron Barbs|[of] p2a: Ferrothorn\n|-damage|p1a: Dragapult|72\/100|[from] item: Rocky Helmet|[of] p2a: Ferrothorn\n|\n|t:|1661913657\n|switch|p1a: Hitmonlee|Hitmonlee, M|100\/100|[from]move: U-turn\n|\n|upkeep\n|turn|33\n|\n|t:|1661913661\n|switch|p2a: Landorus|Landorus-Therian, M|61\/100\n|-damage|p2a: Landorus|48\/100|[from] Stealth Rock\n|-ability|p2a: Landorus|Intimidate|boost\n|-unboost|p1a: Hitmonlee|atk|1\n|move|p1a: Hitmonlee|Bulk Up|p1a: Hitmonlee\n|-boost|p1a: Hitmonlee|atk|1\n|-boost|p1a: Hitmonlee|def|1\n|\n|upkeep\n|turn|34\n|\n|t:|1661913664\n|move|p2a: Landorus|Defog|p1a: Hitmonlee\n|-unboost|p1a: Hitmonlee|evasion|1\n|-sideend|p2: NotMyCousin|Stealth Rock|[from] move: Defog|[of] p2a: Landorus\n|move|p1a: Hitmonlee|Bulk Up|p1a: Hitmonlee\n|-boost|p1a: Hitmonlee|atk|1\n|-boost|p1a: Hitmonlee|def|1\n|\n|upkeep\n|turn|35\n|\n|t:|1661913669\n|move|p2a: Landorus|Toxic|p1a: Hitmonlee\n|-status|p1a: Hitmonlee|tox\n|move|p1a: Hitmonlee|Bulk Up|p1a: Hitmonlee\n|-boost|p1a: Hitmonlee|atk|1\n|-boost|p1a: Hitmonlee|def|1\n|\n|-damage|p1a: Hitmonlee|94\/100 tox|[from] psn\n|upkeep\n|turn|36\n|\n|t:|1661913680\n|switch|p2a: Buzzwole|Buzzwole|88\/100\n|move|p1a: Hitmonlee|High Jump Kick|p2a: Buzzwole\n|-resisted|p2a: Buzzwole\n|-damage|p2a: Buzzwole|50\/100\n|\n|-heal|p2a: Buzzwole|56\/100|[from] item: Leftovers\n|-damage|p1a: Hitmonlee|82\/100 tox|[from] psn\n|upkeep\n|turn|37\n|\n|t:|1661913685\n|move|p1a: Hitmonlee|Bounce||[still]\n|-prepare|p1a: Hitmonlee|Bounce\n|-enditem|p1a: Hitmonlee|Power Herb\n|-anim|p1a: Hitmonlee|Bounce|p2a: Buzzwole\n|-supereffective|p2a: Buzzwole\n|-damage|p2a: Buzzwole|0 fnt\n|faint|p2a: Buzzwole\n|\n|-damage|p1a: Hitmonlee|63\/100 tox|[from] psn\n|upkeep\n|\n|t:|1661913697\n|switch|p2a: Landorus|Landorus-Therian, M|48\/100\n|-ability|p2a: Landorus|Intimidate|boost\n|-unboost|p1a: Hitmonlee|atk|1\n|turn|38\n|\n|t:|1661913709\n|move|p1a: Hitmonlee|Bounce||[still]\n|-prepare|p1a: Hitmonlee|Bounce\n|move|p2a: Landorus|Earthquake|p1a: Hitmonlee|[miss]\n|-miss|p2a: Landorus|p1a: Hitmonlee\n|\n|-damage|p1a: Hitmonlee|38\/100 tox|[from] psn\n|upkeep\n|turn|39\n|\n|t:|1661913715\n|switch|p2a: Ferrothorn|Ferrothorn, M|35\/100\n|move|p1a: Hitmonlee|Bounce|p2a: Ferrothorn|[from]lockedmove|[miss]\n|-miss|p1a: Hitmonlee|p2a: Ferrothorn\n|\n|-damage|p1a: Hitmonlee|7\/100 tox|[from] psn\n|upkeep\n|turn|40\n|\n|t:|1661913719\n|switch|p2a: Landorus|Landorus-Therian, M|48\/100\n|-ability|p2a: Landorus|Intimidate|boost\n|-unboost|p1a: Hitmonlee|atk|1\n|move|p1a: Hitmonlee|High Jump Kick|p2a: Landorus\n|-resisted|p2a: Landorus\n|-damage|p2a: Landorus|13\/100\n|-damage|p1a: Hitmonlee|0 fnt|[from] item: Rocky Helmet|[of] p2a: Landorus\n|faint|p1a: Hitmonlee\n|\n|upkeep\n|\n|t:|1661913730\n|switch|p1a: Dragapult|Dragapult, M|72\/100\n|turn|41\n|\n|t:|1661913733\n|move|p1a: Dragapult|U-turn|p2a: Landorus\n|-resisted|p2a: Landorus\n|-damage|p2a: Landorus|0 fnt\n|-damage|p1a: Dragapult|55\/100|[from] item: Rocky Helmet|[of] p2a: Landorus\n|faint|p2a: Landorus\n|\n|t:|1661913737\n|switch|p1a: Landorus|Landorus-Therian, M|68\/100|[from]move: U-turn\n|\n|upkeep\n|\n|t:|1661913739\n|switch|p2a: Heatran|Heatran, M|88\/100\n|turn|42\n|\n|t:|1661913741\n|move|p1a: Landorus|Earthquake|p2a: Heatran\n|-supereffective|p2a: Heatran\n|-damage|p2a: Heatran|0 fnt\n|faint|p2a: Heatran\n|\n|upkeep\n|-message|NotMyCousin forfeited.\n|\n|win|RggV_YT\n|raw|RggV_YT's rating: 1510 &rarr; <strong>1528<\/strong><br \/>(+18 for winning)\n|raw|NotMyCousin's rating: 1479 &rarr; <strong>1461<\/strong><br \/>(-18 for losing)\n|l|\u2606NotMyCousin\n","uploadtime":1661913756,"views":44,"p1id":"rggvyt","p2id":"notmycousin","formatid":"gen8ou","rating":1461,"private":0,"password":null}