{"id":"gen8mixandmega-1653999069","p1":"Unviabriel","p2":"Andyboy","format":"gen8mixandmega","log":"|j|\u2606Unviabriel\n|j|\u2606Andyboy\n|t:|1662082488\n|gametype|singles\n|player|p1|Unviabriel|shauntal|\n|player|p2|Andyboy|lillie-masters2|\n|teamsize|p1|6\n|teamsize|p2|6\n|gen|8\n|tier|[Gen 8] Mix and Mega\n|rule|Species Clause: Limit one of each Pok\u00e9mon\n|rule|OHKO Clause: OHKO moves are banned\n|rule|Evasion Moves Clause: Evasion moves are banned\n|rule|Endless Battle Clause: Forcing endless battles is banned\n|rule|Dynamax Clause: You cannot dynamax\n|rule|HP Percentage Mod: HP is shown in percentages\n|rule|Sleep Clause Mod: Limit one foe put to sleep\n|clearpoke\n|poke|p1|Solgaleo|\n|poke|p1|Victini|\n|poke|p1|Regieleki|\n|poke|p1|Groudon|\n|poke|p1|Milotic, F|\n|poke|p1|Mew|\n|poke|p2|Mew|\n|poke|p2|Regieleki|\n|poke|p2|Entei|\n|poke|p2|Magearna|\n|poke|p2|Xerneas-*|\n|poke|p2|Lunala|\n|teampreview\n|j| armin@!\n|c|\u2606Unviabriel|glhf\n|c| armin|score\n|c|\u2606Andyboy|u2\n|j| quojova\n|\n|t:|1662082520\n|start\n|switch|p1a: Groudon|Groudon|100\/100\n|switch|p2a: Mew|Mew|100\/100\n|-weather|SunnyDay|[from] ability: Drought|[of] p1a: Groudon\n|turn|1\n|j| pannuracotta\n|\n|t:|1662082592\n|move|p2a: Mew|Taunt|p1a: Groudon\n|-start|p1a: Groudon|move: Taunt\n|move|p1a: Groudon|Precipice Blades|p2a: Mew\n|-damage|p2a: Mew|57\/100\n|\n|-weather|SunnyDay|[upkeep]\n|upkeep\n|turn|2\n|\n|t:|1662082607\n|switch|p1a: Regieleki|Regieleki|100\/100\n|detailschange|p2a: Mew|Mew\n|-mega|p2a: Mew|Mew|Ampharosite\n|-ability|p2a: Mew|Mold Breaker\n|-start|p2a: Mew|Ampharosite|[silent]\n|-start|p2a: Mew|typechange|Psychic\/Dragon|[silent]\n|move|p2a: Mew|Toxic Spikes|p1a: Regieleki\n|-sidestart|p1: Unviabriel|move: Toxic Spikes\n|\n|-weather|SunnyDay|[upkeep]\n|upkeep\n|turn|3\n|\n|t:|1662082616\n|detailschange|p1a: Regieleki|Regieleki\n|-mega|p1a: Regieleki|Regieleki|Altarianite\n|-start|p1a: Regieleki|Altarianite|[silent]\n|-start|p1a: Regieleki|typechange|Electric\/Fairy|[silent]\n|move|p1a: Regieleki|Rapid Spin|p2a: Mew\n|-supereffective|p2a: Mew\n|-damage|p2a: Mew|15\/100\n|-boost|p1a: Regieleki|spe|1\n|-sideend|p1: Unviabriel|Toxic Spikes|[from] move: Rapid Spin|[of] p1a: Regieleki\n|move|p2a: Mew|Earth Power|p1a: Regieleki\n|-supereffective|p1a: Regieleki\n|-damage|p1a: Regieleki|0 fnt\n|faint|p1a: Regieleki\n|\n|-weather|SunnyDay|[upkeep]\n|upkeep\n|\n|t:|1662082636\n|switch|p1a: Victini|Victini|100\/100\n|turn|4\n|\n|t:|1662082701\n|-end|p2a: Mew|Ampharosite|[silent]\n|switch|p2a: Entei|Entei, shiny|100\/100\n|detailschange|p1a: Victini|Victini\n|-mega|p1a: Victini|Victini|Metagrossite\n|-start|p1a: Victini|Metagrossite|[silent]\n|move|p1a: Victini|U-turn|p2a: Entei\n|-resisted|p2a: Entei\n|-damage|p2a: Entei|86\/100\n|\n|t:|1662082756\n|-end|p1a: Victini|Metagrossite|[silent]\n|switch|p1a: Milotic|Milotic, F|100\/100|[from]move: U-turn\n|\n|-weather|SunnyDay|[upkeep]\n|upkeep\n|turn|5\n|\n|t:|1662082791\n|detailschange|p2a: Entei|Entei, shiny\n|-mega|p2a: Entei|Entei|Altarianite\n|-start|p2a: Entei|Altarianite|[silent]\n|-start|p2a: Entei|typechange|Fire\/Fairy|[silent]\n|detailschange|p1a: Milotic|Milotic, F\n|-mega|p1a: Milotic|Milotic|Sablenite\n|-start|p1a: Milotic|Sablenite|[silent]\n|move|p2a: Entei|Sacred Fire|p1a: Milotic\n|-resisted|p1a: Milotic\n|-damage|p1a: Milotic|73\/100\n|move|p1a: Milotic|Flip Turn|p2a: Entei\n|-supereffective|p2a: Entei\n|-damage|p2a: Entei|73\/100\n|\n|t:|1662082826\n|-end|p1a: Milotic|Sablenite|[silent]\n|switch|p1a: Mew|Mew|100\/100|[from]move: Flip Turn\n|\n|-weather|none\n|upkeep\n|turn|6\n|\n|t:|1662082850\n|detailschange|p1a: Mew|Mew\n|-mega|p1a: Mew|Mew|Manectite\n|-ability|p1a: Mew|Intimidate|boost\n|-unboost|p2a: Entei|atk|1\n|-start|p1a: Mew|Manectite|[silent]\n|move|p1a: Mew|Volt Switch|p2a: Entei\n|-damage|p2a: Entei|49\/100\n|j|@Isaiah\n|j| Talonflame\n|\n|t:|1662082886\n|-end|p1a: Mew|Manectite|[silent]\n|switch|p1a: Victini|Victini|100\/100|[from]move: Volt Switch\n|-start|p1a: Victini|Metagrossite|[silent]\n|move|p2a: Entei|Sacred Fire|p1a: Victini\n|-resisted|p1a: Victini\n|-damage|p1a: Victini|81\/100\n|\n|upkeep\n|turn|7\n|j| lt91bb bj\n|\n|t:|1662082905\n|move|p1a: Victini|Bolt Strike|p2a: Entei\n|-damage|p2a: Entei|0 fnt\n|faint|p2a: Entei\n|\n|upkeep\n|\n|t:|1662082920\n|switch|p2a: Lunala|Lunala|100\/100\n|turn|8\n|l| Talonflame\n|j| clefable886 \u273f\n|j| Talonflame\n|\n|t:|1662082977\n|move|p1a: Victini|U-turn|p2a: Lunala\n|-damage|p2a: Lunala|88\/100\n|\n|t:|1662082998\n|-end|p1a: Victini|Metagrossite|[silent]\n|switch|p1a: Groudon|Groudon|100\/100|[from]move: U-turn\n|-weather|SunnyDay|[from] ability: Drought|[of] p1a: Groudon\n|move|p2a: Lunala|Moongeist Beam|p1a: Groudon\n|-damage|p1a: Groudon|45\/100\n|\n|-weather|SunnyDay|[upkeep]\n|-heal|p1a: Groudon|51\/100|[from] item: Leftovers\n|upkeep\n|turn|9\n|\n|t:|1662083018\n|move|p2a: Lunala|Moongeist Beam|p1a: Groudon\n|-damage|p1a: Groudon|0 fnt\n|faint|p1a: Groudon\n|\n|-weather|SunnyDay|[upkeep]\n|upkeep\n|l| Talonflame\n|\n|t:|1662083052\n|switch|p1a: Milotic|Milotic, F|73\/100\n|-start|p1a: Milotic|Sablenite|[silent]\n|turn|10\n|\n|t:|1662083071\n|move|p2a: Lunala|Moongeist Beam|p1a: Milotic\n|-damage|p1a: Milotic|44\/100\n|move|p1a: Milotic|Recover|p1a: Milotic\n|-heal|p1a: Milotic|94\/100\n|\n|-weather|SunnyDay|[upkeep]\n|upkeep\n|turn|11\n|\n|t:|1662083081\n|move|p2a: Lunala|Moongeist Beam|p1a: Milotic\n|-damage|p1a: Milotic|63\/100\n|move|p1a: Milotic|Flip Turn|p2a: Lunala\n|-damage|p2a: Lunala|82\/100\n|j| Potatochan789\n|\n|t:|1662083102\n|-end|p1a: Milotic|Sablenite|[silent]\n|switch|p1a: Victini|Victini|81\/100|[from]move: Flip Turn\n|-start|p1a: Victini|Metagrossite|[silent]\n|\n|-weather|SunnyDay|[upkeep]\n|upkeep\n|turn|12\n|j| career ended\n|\n|t:|1662083115\n|switch|p2a: Mew|Mew|15\/100\n|-start|p2a: Mew|Ampharosite|[silent]\n|-start|p2a: Mew|typechange|Psychic\/Dragon|[silent]\n|-ability|p2a: Mew|Mold Breaker\n|move|p1a: Victini|U-turn|p2a: Mew\n|-supereffective|p2a: Mew\n|-damage|p2a: Mew|0 fnt\n|faint|p2a: Mew\n|\n|t:|1662083151\n|-end|p1a: Victini|Metagrossite|[silent]\n|switch|p1a: Milotic|Milotic, F|63\/100|[from]move: U-turn\n|-start|p1a: Milotic|Sablenite|[silent]\n|\n|-weather|none\n|upkeep\n|\n|t:|1662083189\n|switch|p2a: Regieleki|Regieleki|100\/100\n|turn|13\n|\n|t:|1662083212\n|-end|p1a: Milotic|Sablenite|[silent]\n|switch|p1a: Solgaleo|Solgaleo|100\/100\n|move|p2a: Regieleki|Wild Charge|p1a: Solgaleo\n|-damage|p1a: Solgaleo|69\/100\n|-damage|p2a: Regieleki|88\/100|[from] Recoil\n|\n|upkeep\n|turn|14\n|\n|t:|1662083225\n|switch|p2a: Lunala|Lunala|82\/100\n|detailschange|p1a: Solgaleo|Solgaleo\n|-mega|p1a: Solgaleo|Solgaleo|Venusaurite\n|-start|p1a: Solgaleo|Venusaurite|[silent]\n|move|p1a: Solgaleo|Morning Sun|p1a: Solgaleo\n|-heal|p1a: Solgaleo|100\/100\n|\n|upkeep\n|turn|15\n|\n|t:|1662083270\n|-end|p1a: Solgaleo|Venusaurite|[silent]\n|switch|p1a: Milotic|Milotic, F|63\/100\n|-start|p1a: Milotic|Sablenite|[silent]\n|move|p2a: Lunala|Calm Mind|p2a: Lunala\n|-boost|p2a: Lunala|spa|1\n|-boost|p2a: Lunala|spd|1\n|\n|upkeep\n|turn|16\n|\n|t:|1662083296\n|move|p2a: Lunala|Moongeist Beam|p1a: Milotic\n|-damage|p1a: Milotic|20\/100\n|move|p1a: Milotic|Flip Turn|p2a: Lunala\n|-damage|p2a: Lunala|68\/100\n|\n|t:|1662083308\n|-end|p1a: Milotic|Sablenite|[silent]\n|switch|p1a: Victini|Victini|81\/100|[from]move: Flip Turn\n|-start|p1a: Victini|Metagrossite|[silent]\n|\n|upkeep\n|turn|17\n|\n|t:|1662083383\n|switch|p2a: Magearna|Magearna|100\/100\n|move|p1a: Victini|V-create|p2a: Magearna\n|-supereffective|p2a: Magearna\n|-crit|p2a: Magearna\n|-damage|p2a: Magearna|0 fnt\n|-unboost|p1a: Victini|spe|1\n|-unboost|p1a: Victini|def|1\n|-unboost|p1a: Victini|spd|1\n|faint|p2a: Magearna\n|\n|upkeep\n|\n|t:|1662083386\n|switch|p2a: Lunala|Lunala|68\/100\n|turn|18\n|\n|t:|1662083394\n|-end|p1a: Victini|Metagrossite|[silent]\n|switch|p1a: Milotic|Milotic, F|20\/100\n|-start|p1a: Milotic|Sablenite|[silent]\n|move|p2a: Lunala|Moongeist Beam|p1a: Milotic\n|-damage|p1a: Milotic|0 fnt\n|faint|p1a: Milotic\n|\n|upkeep\n|\n|t:|1662083415\n|switch|p1a: Victini|Victini|81\/100\n|-start|p1a: Victini|Metagrossite|[silent]\n|turn|19\n|\n|t:|1662083423\n|switch|p2a: Regieleki|Regieleki|88\/100\n|move|p1a: Victini|V-create|p2a: Regieleki|[miss]\n|-miss|p1a: Victini|p2a: Regieleki\n|\n|upkeep\n|turn|20\n|c|\u2606Unviabriel|no\n|c|\u2606Unviabriel|not like this\n|\n|t:|1662083466\n|-end|p1a: Victini|Metagrossite|[silent]\n|switch|p1a: Solgaleo|Solgaleo|100\/100\n|-start|p1a: Solgaleo|Venusaurite|[silent]\n|move|p2a: Regieleki|Wild Charge|p1a: Solgaleo\n|-damage|p1a: Solgaleo|72\/100\n|-damage|p2a: Regieleki|77\/100|[from] Recoil\n|\n|upkeep\n|turn|21\n|j| Ren\n|j| IceBreaker11\n|\n|t:|1662083483\n|switch|p2a: Lunala|Lunala|68\/100\n|move|p1a: Solgaleo|Morning Sun|p1a: Solgaleo\n|-heal|p1a: Solgaleo|100\/100\n|\n|upkeep\n|turn|22\n|\n|t:|1662083511\n|-end|p1a: Solgaleo|Venusaurite|[silent]\n|switch|p1a: Mew|Mew|100\/100\n|-start|p1a: Mew|Manectite|[silent]\n|-ability|p1a: Mew|Intimidate|boost\n|-unboost|p2a: Lunala|atk|1\n|move|p2a: Lunala|Calm Mind|p2a: Lunala\n|-boost|p2a: Lunala|spa|1\n|-boost|p2a: Lunala|spd|1\n|\n|upkeep\n|turn|23\n|\n|t:|1662083526\n|move|p1a: Mew|Ice Beam|p2a: Lunala\n|-damage|p2a: Lunala|54\/100\n|move|p2a: Lunala|Moongeist Beam|p1a: Mew\n|-supereffective|p1a: Mew\n|-damage|p1a: Mew|0 fnt\n|faint|p1a: Mew\n|\n|upkeep\n|\n|t:|1662083540\n|switch|p1a: Victini|Victini|81\/100\n|-start|p1a: Victini|Metagrossite|[silent]\n|turn|24\n|\n|t:|1662083550\n|switch|p2a: Regieleki|Regieleki|77\/100\n|move|p1a: Victini|V-create|p2a: Regieleki\n|-damage|p2a: Regieleki|0 fnt\n|-unboost|p1a: Victini|spe|1\n|-unboost|p1a: Victini|def|1\n|-unboost|p1a: Victini|spd|1\n|faint|p2a: Regieleki\n|\n|upkeep\n|\n|t:|1662083581\n|switch|p2a: Lunala|Lunala|54\/100\n|turn|25\n|l| Potatochan789\n|j| Potatochan789\n|l| IceBreaker11\n|l| Potatochan789\n|j| Potatochan789\n|\n|t:|1662083660\n|-end|p1a: Victini|Metagrossite|[silent]\n|switch|p1a: Solgaleo|Solgaleo|100\/100\n|-start|p1a: Solgaleo|Venusaurite|[silent]\n|move|p2a: Lunala|Meteor Beam||[still]\n|-prepare|p2a: Lunala|Meteor Beam\n|-boost|p2a: Lunala|spa|1\n|-enditem|p2a: Lunala|Power Herb\n|-anim|p2a: Lunala|Meteor Beam|p1a: Solgaleo|[miss]\n|-miss|p2a: Lunala|p1a: Solgaleo\n|\n|upkeep\n|turn|26\n|c| Potatochan789|holy shit i lost\n|l| lt91bb bj\n|j| lt91bb bj\n|\n|t:|1662083743\n|switch|p2a: Xerneas|Xerneas|100\/100\n|-ability|p2a: Xerneas|Fairy Aura\n|-end|p1a: Solgaleo|Venusaurite|[silent]\n|switch|p1a: Victini|Victini|81\/100\n|-start|p1a: Victini|Metagrossite|[silent]\n|\n|upkeep\n|turn|27\n|c| career ended|potato u goofball ur not playing\n|\n|t:|1662083788\n|move|p1a: Victini|U-turn|p2a: Xerneas\n|-resisted|p2a: Xerneas\n|-damage|p2a: Xerneas|89\/100\n|\n|t:|1662083794\n|-end|p1a: Victini|Metagrossite|[silent]\n|switch|p1a: Solgaleo|Solgaleo|100\/100|[from]move: U-turn\n|-start|p1a: Solgaleo|Venusaurite|[silent]\n|move|p2a: Xerneas|Geomancy||[still]\n|-prepare|p2a: Xerneas|Geomancy\n|-enditem|p2a: Xerneas|Power Herb\n|-anim|p2a: Xerneas|Geomancy|p2a: Xerneas\n|-boost|p2a: Xerneas|spa|2\n|-boost|p2a: Xerneas|spd|2\n|-boost|p2a: Xerneas|spe|2\n|\n|upkeep\n|turn|28\n|\n|t:|1662083808\n|move|p2a: Xerneas|Thunder|p1a: Solgaleo|[miss]\n|-miss|p2a: Xerneas|p1a: Solgaleo\n|move|p1a: Solgaleo|Calm Mind|p1a: Solgaleo\n|-boost|p1a: Solgaleo|spa|1\n|-boost|p1a: Solgaleo|spd|1\n|\n|upkeep\n|turn|29\n|\n|t:|1662083817\n|move|p2a: Xerneas|Thunder|p1a: Solgaleo\n|-damage|p1a: Solgaleo|67\/100\n|move|p1a: Solgaleo|Calm Mind|p1a: Solgaleo\n|-boost|p1a: Solgaleo|spa|1\n|-boost|p1a: Solgaleo|spd|1\n|\n|upkeep\n|turn|30\n|\n|t:|1662083826\n|move|p2a: Xerneas|Thunder|p1a: Solgaleo|[miss]\n|-miss|p2a: Xerneas|p1a: Solgaleo\n|move|p1a: Solgaleo|Morning Sun|p1a: Solgaleo\n|-heal|p1a: Solgaleo|100\/100\n|\n|upkeep\n|turn|31\n|\n|t:|1662083842\n|move|p2a: Xerneas|Thunder|p1a: Solgaleo\n|-damage|p1a: Solgaleo|76\/100\n|move|p1a: Solgaleo|Psyshock|p2a: Xerneas\n|-damage|p2a: Xerneas|28\/100\n|\n|upkeep\n|turn|32\n|l| lt91bb bj\n|\n|t:|1662083887\n|move|p2a: Xerneas|Thunder|p1a: Solgaleo\n|-damage|p1a: Solgaleo|50\/100\n|-status|p1a: Solgaleo|par\n|move|p1a: Solgaleo|Psyshock|p2a: Xerneas\n|-damage|p2a: Xerneas|0 fnt\n|faint|p2a: Xerneas\n|\n|upkeep\n|\n|t:|1662083893\n|switch|p2a: Lunala|Lunala|54\/100\n|turn|33\n|\n|t:|1662083904\n|move|p2a: Lunala|Calm Mind|p2a: Lunala\n|-boost|p2a: Lunala|spa|1\n|-boost|p2a: Lunala|spd|1\n|cant|p1a: Solgaleo|par\n|\n|upkeep\n|turn|34\n|\n|t:|1662083910\n|move|p2a: Lunala|Moongeist Beam|p1a: Solgaleo\n|-supereffective|p1a: Solgaleo\n|-damage|p1a: Solgaleo|0 fnt\n|faint|p1a: Solgaleo\n|\n|upkeep\n|\n|t:|1662083913\n|switch|p1a: Victini|Victini|81\/100\n|-start|p1a: Victini|Metagrossite|[silent]\n|turn|35\n|\n|t:|1662083918\n|move|p1a: Victini|V-create|p2a: Lunala\n|-damage|p2a: Lunala|0 fnt\n|-unboost|p1a: Victini|spe|1\n|-unboost|p1a: Victini|def|1\n|-unboost|p1a: Victini|spd|1\n|faint|p2a: Lunala\n|\n|win|Unviabriel\n|c|\u2606Andyboy|gg\n|c|\u2606Unviabriel|gg\n","uploadtime":1662083924,"views":130,"p1id":"unviabriel","p2id":"andyboy","formatid":"gen8mixandmega","rating":0,"private":0,"password":null}