{"id":"gen8ou-1383997968","p1":"LT84JM Mole","p2":"BestixL","format":"gen8ou","log":"|raw|<div class=\"broadcast-blue\"><strong>This battle is required to be public due to a player having a name starting with 'lt84jm'.<\/div>\n|j|\u2606LT84JM Mole\n|j|\u2606BestixL\n|t:|1627252484\n|gametype|singles\n|player|p1|LT84JM Mole|pokekid|1738\n|player|p2|BestixL|flannery|1920\n|teamsize|p1|6\n|teamsize|p2|6\n|gen|8\n|tier|[Gen 8] OU\n|rated|\n|rule|Sleep Clause Mod: Limit one foe put to sleep\n|rule|Species Clause: Limit one of each Pok\u00e9mon\n|rule|OHKO Clause: OHKO moves are banned\n|rule|Evasion Moves Clause: Evasion moves are banned\n|rule|Endless Battle Clause: Forcing endless battles is banned\n|rule|HP Percentage Mod: HP is shown in percentages\n|rule|Dynamax Clause: You cannot dynamax\n|clearpoke\n|poke|p1|Landorus-Therian, M|\n|poke|p1|Tapu Lele|\n|poke|p1|Heatran, M|\n|poke|p1|Kartana|\n|poke|p1|Rillaboom, M|\n|poke|p1|Urshifu-*, F|\n|poke|p2|Melmetal|\n|poke|p2|Tornadus-Therian, M|\n|poke|p2|Corviknight, M|\n|poke|p2|Tapu Koko|\n|poke|p2|Garchomp, M|\n|poke|p2|Toxapex, M|\n|teampreview\n|j| LT84JM reje\n|j| 2019 pajeros room\n|\n|t:|1627252510\n|start\n|switch|p1a: Tapu Lele|Tapu Lele|100\/100\n|switch|p2a: no space|Tornadus-Therian, M, shiny|100\/100\n|-fieldstart|move: Psychic Terrain|[from] ability: Psychic Surge|[of] p1a: Tapu Lele\n|turn|1\n|\n|t:|1627252522\n|move|p1a: Tapu Lele|Future Sight|p2a: no space\n|-start|p1a: Tapu Lele|move: Future Sight\n|move|p2a: no space|Knock Off|p1a: Tapu Lele\n|-damage|p1a: Tapu Lele|70\/100\n|-enditem|p1a: Tapu Lele|Choice Scarf|[from] move: Knock Off|[of] p2a: no space\n|\n|upkeep\n|turn|2\n|j| kisian\n|\n|t:|1627252531\n|move|p2a: no space|U-turn|p1a: Tapu Lele\n|-damage|p1a: Tapu Lele|46\/100\n|j| a1012\n|l| a1012\n|\n|t:|1627252547\n|switch|p2a: Night Market|Melmetal|100\/100|[from]move: U-turn\n|move|p1a: Tapu Lele|Focus Blast|p2a: Night Market\n|-supereffective|p2a: Night Market\n|-damage|p2a: Night Market|24\/100\n|\n|-heal|p2a: Night Market|30\/100|[from] item: Leftovers\n|upkeep\n|turn|3\n|j| SandBaggers\n|l| SandBaggers\n|j| Licking Baltoys\n|\n|t:|1627252562\n|move|p2a: Night Market|Protect|p2a: Night Market\n|-singleturn|p2a: Night Market|Protect\n|move|p1a: Tapu Lele|Focus Blast|p2a: Night Market\n|-activate|p2a: Night Market|move: Protect\n|\n|-end|p2a: Night Market|move: Future Sight\n|-resisted|p2a: Night Market\n|-crit|p2a: Night Market\n|-damage|p2a: Night Market|0 fnt\n|faint|p2a: Night Market\n|upkeep\n|j| storm zone\n|\n|t:|1627252569\n|switch|p2a: no space|Tornadus-Therian, M, shiny|100\/100\n|turn|4\n|j| Nezloe\n|j| apple water apple\n|\n|t:|1627252589\n|switch|p1a: Heatran|Heatran, M|100\/100\n|move|p2a: no space|Hurricane|p1a: Heatran\n|-resisted|p1a: Heatran\n|-crit|p1a: Heatran\n|-damage|p1a: Heatran|78\/100\n|-start|p1a: Heatran|confusion\n|\n|-heal|p1a: Heatran|84\/100|[from] item: Leftovers\n|upkeep\n|turn|5\n|\n|t:|1627252592\n|move|p2a: no space|Knock Off|p1a: Heatran\n|-damage|p1a: Heatran|68\/100\n|-enditem|p1a: Heatran|Leftovers|[from] move: Knock Off|[of] p2a: no space\n|-activate|p1a: Heatran|confusion\n|-damage|p1a: Heatran|62\/100|[from] confusion\n|\n|-fieldend|move: Psychic Terrain\n|upkeep\n|turn|6\n|\n|t:|1627252595\n|move|p2a: no space|U-turn|p1a: Heatran\n|-resisted|p1a: Heatran\n|-damage|p1a: Heatran|59\/100\n|\n|t:|1627252598\n|switch|p2a: 2 soon|Garchomp, M|100\/100|[from]move: U-turn\n|-activate|p1a: Heatran|confusion\n|-damage|p1a: Heatran|54\/100|[from] confusion\n|\n|upkeep\n|turn|7\n|l| apple water apple\n|j| LT84JM xtra\n|\n|t:|1627252621\n|switch|p1a: Landorus|Landorus-Therian, M|100\/100\n|-ability|p1a: Landorus|Intimidate|boost\n|-unboost|p2a: 2 soon|atk|1\n|move|p2a: 2 soon|Stealth Rock|p1a: Landorus\n|-sidestart|p1: LT84JM Mole|move: Stealth Rock\n|\n|upkeep\n|turn|8\n|\n|t:|1627252624\n|move|p2a: 2 soon|Toxic|p1a: Landorus\n|-status|p1a: Landorus|tox\n|move|p1a: Landorus|Toxic|p2a: 2 soon\n|-status|p2a: 2 soon|tox\n|\n|-damage|p2a: 2 soon|94\/100 tox|[from] psn\n|-damage|p1a: Landorus|94\/100 tox|[from] psn\n|upkeep\n|turn|9\n|j| Pikablu007\n|\n|t:|1627252637\n|switch|p2a: the reaper|Corviknight, M, shiny|100\/100\n|-ability|p2a: the reaper|Pressure\n|move|p1a: Landorus|Defog|p2a: the reaper\n|-unboost|p2a: the reaper|evasion|1\n|-sideend|p1: LT84JM Mole|Stealth Rock|[from] move: Defog|[of] p1a: Landorus\n|\n|-heal|p1a: Landorus|100\/100 tox|[from] item: Leftovers\n|-damage|p1a: Landorus|88\/100 tox|[from] psn\n|upkeep\n|turn|10\n|l| Pikablu007\n|\n|t:|1627252656\n|switch|p1a: Urshifu|Urshifu-Rapid-Strike, F|100\/100\n|move|p2a: the reaper|Body Press|p1a: Urshifu\n|-damage|p1a: Urshifu|73\/100\n|\n|upkeep\n|turn|11\n|l| Nezloe\n|\n|t:|1627252663\n|move|p1a: Urshifu|U-turn|p2a: the reaper\n|-resisted|p2a: the reaper\n|-damage|p2a: the reaper|95\/100\n|\n|t:|1627252713\n|switch|p1a: Heatran|Heatran, M|54\/100|[from]move: U-turn\n|move|p2a: the reaper|Body Press|p1a: Heatran\n|-supereffective|p1a: Heatran\n|-damage|p1a: Heatran|8\/100\n|\n|-heal|p2a: the reaper|100\/100|[from] item: Leftovers\n|upkeep\n|turn|12\n|\n|t:|1627252719\n|switch|p2a: 2 soon|Garchomp, M|94\/100 tox\n|move|p1a: Heatran|Stealth Rock|p2a: 2 soon\n|-sidestart|p2: BestixL|move: Stealth Rock\n|\n|-heal|p2a: 2 soon|100\/100 tox|[from] item: Leftovers\n|-damage|p2a: 2 soon|94\/100 tox|[from] psn\n|upkeep\n|turn|13\n|\n|t:|1627252724\n|switch|p1a: Rillaboom|Rillaboom, M|100\/100\n|-fieldstart|move: Grassy Terrain|[from] ability: Grassy Surge|[of] p1a: Rillaboom\n|move|p2a: 2 soon|Stealth Rock|p1a: Rillaboom\n|-sidestart|p1: LT84JM Mole|move: Stealth Rock\n|\n|-heal|p2a: 2 soon|100\/100 tox|[from] Grassy Terrain\n|-damage|p2a: 2 soon|88\/100 tox|[from] psn\n|upkeep\n|turn|14\n|j| lamentaciones\n|\n|t:|1627252734\n|move|p1a: Rillaboom|Swords Dance|p1a: Rillaboom\n|-boost|p1a: Rillaboom|atk|2\n|move|p2a: 2 soon|Toxic|p1a: Rillaboom\n|-status|p1a: Rillaboom|tox\n|\n|-heal|p2a: 2 soon|94\/100 tox|[from] Grassy Terrain\n|-heal|p2a: 2 soon|100\/100 tox|[from] item: Leftovers\n|-damage|p1a: Rillaboom|94\/100 tox|[from] psn\n|-damage|p2a: 2 soon|82\/100 tox|[from] psn\n|upkeep\n|turn|15\n|j| andrethagiiant\n|j| Torn Up Art\n|\n|t:|1627252743\n|move|p2a: 2 soon|Protect|p2a: 2 soon\n|-singleturn|p2a: 2 soon|Protect\n|move|p1a: Rillaboom|Grassy Glide|p2a: 2 soon\n|-activate|p2a: 2 soon|move: Protect\n|\n|-heal|p1a: Rillaboom|100\/100 tox|[from] Grassy Terrain\n|-heal|p2a: 2 soon|88\/100 tox|[from] Grassy Terrain\n|-heal|p2a: 2 soon|94\/100 tox|[from] item: Leftovers\n|-damage|p1a: Rillaboom|88\/100 tox|[from] psn\n|-damage|p2a: 2 soon|69\/100 tox|[from] psn\n|upkeep\n|turn|16\n|j| lt8^4j%m#cu z*z!ie\n|\n|t:|1627252771\n|move|p1a: Rillaboom|Grassy Glide|p2a: 2 soon\n|-damage|p2a: 2 soon|0 fnt\n|-damage|p1a: Rillaboom|76\/100 tox|[from] ability: Rough Skin|[of] p2a: 2 soon\n|faint|p2a: 2 soon\n|-damage|p1a: Rillaboom|66\/100 tox|[from] item: Life Orb\n|\n|-heal|p1a: Rillaboom|72\/100 tox|[from] Grassy Terrain\n|-damage|p1a: Rillaboom|54\/100 tox|[from] psn\n|upkeep\n|\n|t:|1627252788\n|switch|p2a: no space|Tornadus-Therian, M, shiny|100\/100\n|turn|17\n|inactive|Battle timer is ON: inactive players will automatically lose when time's up. (requested by BestixL)\n|\n|t:|1627252839\n|move|p1a: Rillaboom|Grassy Glide|p2a: no space\n|-resisted|p2a: no space\n|-damage|p2a: no space|29\/100\n|-damage|p1a: Rillaboom|44\/100 tox|[from] item: Life Orb\n|move|p2a: no space|U-turn|p1a: Rillaboom\n|-supereffective|p1a: Rillaboom\n|-damage|p1a: Rillaboom|11\/100 tox\n|\n|t:|1627252848\n|switch|p2a: Itsuki|Tapu Koko, shiny|100\/100|[from]move: U-turn\n|-fieldstart|move: Electric Terrain|[from] ability: Electric Surge|[of] p2a: Itsuki\n|\n|-damage|p1a: Rillaboom|0 fnt|[from] psn\n|faint|p1a: Rillaboom\n|upkeep\n|\n|t:|1627252868\n|switch|p1a: Landorus|Landorus-Therian, M|88\/100 tox\n|-damage|p1a: Landorus|76\/100 tox|[from] Stealth Rock\n|-ability|p1a: Landorus|Intimidate|boost\n|-unboost|p2a: Itsuki|atk|1\n|turn|18\n|\n|t:|1627252877\n|move|p2a: Itsuki|Dazzling Gleam|p1a: Landorus\n|-damage|p1a: Landorus|48\/100 tox\n|move|p1a: Landorus|U-turn|p2a: Itsuki\n|-resisted|p2a: Itsuki\n|-damage|p2a: Itsuki|87\/100\n|\n|t:|1627252896\n|switch|p1a: Kartana|Kartana|100\/100|[from]move: U-turn\n|-damage|p1a: Kartana|94\/100|[from] Stealth Rock\n|\n|upkeep\n|turn|19\n|\n|t:|1627252904\n|switch|p2a: just friends|Toxapex, M, shiny|100\/100\n|-damage|p2a: just friends|88\/100|[from] Stealth Rock\n|move|p1a: Kartana|Leaf Blade|p2a: just friends\n|-damage|p2a: just friends|23\/100\n|\n|-heal|p2a: just friends|29\/100|[from] item: Black Sludge\n|upkeep\n|turn|20\n|\n|t:|1627252908\n|switch|p2a: the reaper|Corviknight, M, shiny|100\/100\n|-damage|p2a: the reaper|88\/100|[from] Stealth Rock\n|-ability|p2a: the reaper|Pressure\n|move|p1a: Kartana|Leaf Blade|p2a: the reaper\n|-resisted|p2a: the reaper\n|-damage|p2a: the reaper|76\/100\n|\n|-heal|p2a: the reaper|82\/100|[from] item: Leftovers\n|upkeep\n|turn|21\n|j| yacht\n|\n|t:|1627252927\n|switch|p1a: Heatran|Heatran, M|8\/100\n|-damage|p1a: Heatran|0 fnt|[from] Stealth Rock\n|faint|p1a: Heatran\n|move|p2a: the reaper|Body Press|p1: Heatran|[notarget]\n|-fail|p2a: the reaper\n|\n|-heal|p2a: the reaper|88\/100|[from] item: Leftovers\n|-fieldend|move: Electric Terrain\n|upkeep\n|\n|t:|1627252931\n|switch|p1a: Urshifu|Urshifu-Rapid-Strike, F|73\/100\n|-damage|p1a: Urshifu|67\/100|[from] Stealth Rock\n|turn|22\n|\n|t:|1627252941\n|move|p1a: Urshifu|Surging Strikes|p2a: the reaper\n|-crit|p2a: the reaper\n|-damage|p2a: the reaper|71\/100\n|-crit|p2a: the reaper\n|-damage|p2a: the reaper|54\/100\n|-crit|p2a: the reaper\n|-damage|p2a: the reaper|37\/100\n|-hitcount|p2a: the reaper|3\n|move|p2a: the reaper|Roost|p2a: the reaper\n|-heal|p2a: the reaper|87\/100\n|-singleturn|p2a: the reaper|move: Roost\n|\n|-heal|p2a: the reaper|93\/100|[from] item: Leftovers\n|upkeep\n|turn|23\n|\n|t:|1627252949\n|move|p1a: Urshifu|Surging Strikes|p2a: the reaper\n|-crit|p2a: the reaper\n|-damage|p2a: the reaper|74\/100\n|-crit|p2a: the reaper\n|-damage|p2a: the reaper|57\/100\n|-crit|p2a: the reaper\n|-damage|p2a: the reaper|37\/100\n|-hitcount|p2a: the reaper|3\n|move|p2a: the reaper|Roost|p2a: the reaper\n|-heal|p2a: the reaper|87\/100\n|-singleturn|p2a: the reaper|move: Roost\n|\n|-heal|p2a: the reaper|93\/100|[from] item: Leftovers\n|upkeep\n|turn|24\n|\n|t:|1627252968\n|switch|p1a: Tapu Lele|Tapu Lele|46\/100\n|-damage|p1a: Tapu Lele|34\/100|[from] Stealth Rock\n|-fieldstart|move: Psychic Terrain|[from] ability: Psychic Surge|[of] p1a: Tapu Lele\n|move|p2a: the reaper|Roost|p2a: the reaper\n|-heal|p2a: the reaper|100\/100\n|-singleturn|p2a: the reaper|move: Roost\n|\n|upkeep\n|turn|25\n|\n|t:|1627252972\n|switch|p2a: Itsuki|Tapu Koko, shiny|87\/100\n|-fieldstart|move: Electric Terrain|[from] ability: Electric Surge|[of] p2a: Itsuki\n|move|p1a: Tapu Lele|Future Sight|p2a: Itsuki\n|-start|p1a: Tapu Lele|move: Future Sight\n|\n|upkeep\n|turn|26\n|\n|t:|1627252978\n|switch|p1a: Landorus|Landorus-Therian, M|48\/100 tox\n|-damage|p1a: Landorus|36\/100 tox|[from] Stealth Rock\n|-ability|p1a: Landorus|Intimidate|boost\n|-unboost|p2a: Itsuki|atk|1\n|move|p2a: Itsuki|Dazzling Gleam|p1a: Landorus\n|-damage|p1a: Landorus|10\/100 tox\n|\n|-heal|p1a: Landorus|16\/100 tox|[from] item: Leftovers\n|-damage|p1a: Landorus|10\/100 tox|[from] psn\n|upkeep\n|turn|27\n|\n|t:|1627252991\n|move|p2a: Itsuki|Dazzling Gleam|p1a: Landorus\n|-damage|p1a: Landorus|0 fnt\n|faint|p1a: Landorus\n|\n|-end|p2a: Itsuki|move: Future Sight\n|-damage|p2a: Itsuki|0 fnt\n|faint|p2a: Itsuki\n|upkeep\n|l| Licking Baltoys\n|\n|t:|1627253009\n|switch|p2a: no space|Tornadus-Therian, M, shiny|63\/100\n|switch|p1a: Kartana|Kartana|94\/100\n|-damage|p1a: Kartana|88\/100|[from] Stealth Rock\n|turn|28\n|\n|t:|1627253022\n|move|p2a: no space|U-turn|p1a: Kartana\n|-damage|p1a: Kartana|72\/100\n|\n|t:|1627253025\n|switch|p2a: the reaper|Corviknight, M, shiny|100\/100|[from]move: U-turn\n|-damage|p2a: the reaper|88\/100|[from] Stealth Rock\n|-ability|p2a: the reaper|Pressure\n|move|p1a: Kartana|Knock Off|p2a: the reaper\n|-damage|p2a: the reaper|49\/100\n|-enditem|p2a: the reaper|Leftovers|[from] move: Knock Off|[of] p1a: Kartana\n|\n|upkeep\n|turn|29\n|\n|t:|1627253030\n|switch|p1a: Urshifu|Urshifu-Rapid-Strike, F|67\/100\n|-damage|p1a: Urshifu|61\/100|[from] Stealth Rock\n|move|p2a: the reaper|Roost|p2a: the reaper\n|-heal|p2a: the reaper|99\/100\n|-singleturn|p2a: the reaper|move: Roost\n|\n|-fieldend|move: Electric Terrain\n|upkeep\n|turn|30\n|j| Don't Blink Pls\n|l| Don't Blink Pls\n|\n|t:|1627253034\n|move|p1a: Urshifu|Close Combat|p2a: the reaper\n|-damage|p2a: the reaper|43\/100\n|-unboost|p1a: Urshifu|def|1\n|-unboost|p1a: Urshifu|spd|1\n|move|p2a: the reaper|Roost|p2a: the reaper\n|-heal|p2a: the reaper|93\/100\n|-singleturn|p2a: the reaper|move: Roost\n|\n|upkeep\n|turn|31\n|\n|t:|1627253037\n|move|p1a: Urshifu|Close Combat|p2a: the reaper\n|-damage|p2a: the reaper|36\/100\n|-unboost|p1a: Urshifu|def|1\n|-unboost|p1a: Urshifu|spd|1\n|move|p2a: the reaper|Roost|p2a: the reaper\n|-heal|p2a: the reaper|86\/100\n|-singleturn|p2a: the reaper|move: Roost\n|\n|upkeep\n|turn|32\n|\n|t:|1627253040\n|move|p1a: Urshifu|Close Combat|p2a: the reaper\n|-damage|p2a: the reaper|29\/100\n|-unboost|p1a: Urshifu|def|1\n|-unboost|p1a: Urshifu|spd|1\n|move|p2a: the reaper|Roost|p2a: the reaper\n|-heal|p2a: the reaper|79\/100\n|-singleturn|p2a: the reaper|move: Roost\n|\n|upkeep\n|turn|33\n|\n|t:|1627253052\n|move|p1a: Urshifu|Close Combat|p2a: the reaper\n|-damage|p2a: the reaper|24\/100\n|-unboost|p1a: Urshifu|def|1\n|-unboost|p1a: Urshifu|spd|1\n|move|p2a: the reaper|Roost|p2a: the reaper\n|-heal|p2a: the reaper|74\/100\n|-singleturn|p2a: the reaper|move: Roost\n|\n|upkeep\n|turn|34\n|\n|t:|1627253055\n|switch|p1a: Tapu Lele|Tapu Lele|34\/100\n|-damage|p1a: Tapu Lele|21\/100|[from] Stealth Rock\n|-fieldstart|move: Psychic Terrain|[from] ability: Psychic Surge|[of] p1a: Tapu Lele\n|move|p2a: the reaper|Roost|p2a: the reaper\n|-heal|p2a: the reaper|100\/100\n|-singleturn|p2a: the reaper|move: Roost\n|\n|upkeep\n|turn|35\n|\n|t:|1627253070\n|switch|p2a: no space|Tornadus-Therian, M, shiny|96\/100\n|move|p1a: Tapu Lele|Future Sight|p2a: no space\n|-start|p1a: Tapu Lele|move: Future Sight\n|\n|upkeep\n|turn|36\n|\n|t:|1627253078\n|move|p2a: no space|U-turn|p1a: Tapu Lele\n|-damage|p1a: Tapu Lele|0 fnt\n|faint|p1a: Tapu Lele\n|\n|t:|1627253082\n|switch|p2a: just friends|Toxapex, M, shiny|62\/100|[from]move: U-turn\n|-damage|p2a: just friends|50\/100|[from] Stealth Rock\n|\n|-heal|p2a: just friends|56\/100|[from] item: Black Sludge\n|upkeep\n|\n|t:|1627253086\n|switch|p1a: Kartana|Kartana|72\/100\n|-damage|p1a: Kartana|66\/100|[from] Stealth Rock\n|turn|37\n|\n|t:|1627253093\n|move|p1a: Kartana|Knock Off|p2a: just friends\n|-damage|p2a: just friends|6\/100\n|-enditem|p2a: just friends|Black Sludge|[from] move: Knock Off|[of] p1a: Kartana\n|move|p2a: just friends|Knock Off|p1a: Kartana\n|-damage|p1a: Kartana|49\/100\n|-enditem|p1a: Kartana|Choice Band|[from] move: Knock Off|[of] p2a: just friends\n|\n|-end|p2a: just friends|move: Future Sight\n|-supereffective|p2a: just friends\n|-damage|p2a: just friends|0 fnt\n|faint|p2a: just friends\n|upkeep\n|\n|t:|1627253112\n|switch|p2a: no space|Tornadus-Therian, M, shiny|100\/100\n|turn|38\n|\n|t:|1627253120\n|move|p2a: no space|Hurricane|p1a: Kartana\n|-damage|p1a: Kartana|0 fnt\n|faint|p1a: Kartana\n|\n|-fieldend|move: Psychic Terrain\n|upkeep\n|\n|t:|1627253122\n|switch|p1a: Urshifu|Urshifu-Rapid-Strike, F|61\/100\n|-damage|p1a: Urshifu|55\/100|[from] Stealth Rock\n|turn|39\n|\n|t:|1627253127\n|move|p2a: no space|Toxic|p1a: Urshifu\n|-status|p1a: Urshifu|tox\n|move|p1a: Urshifu|Surging Strikes|p2a: no space\n|-crit|p2a: no space\n|-damage|p2a: no space|69\/100\n|-crit|p2a: no space\n|-damage|p2a: no space|37\/100\n|-crit|p2a: no space\n|-damage|p2a: no space|1\/100\n|-hitcount|p2a: no space|3\n|\n|-damage|p1a: Urshifu|49\/100 tox|[from] psn\n|upkeep\n|turn|40\n|\n|t:|1627253142\n|move|p2a: no space|U-turn|p1a: Urshifu\n|-resisted|p1a: Urshifu\n|-damage|p1a: Urshifu|41\/100 tox\n|\n|t:|1627253144\n|switch|p2a: the reaper|Corviknight, M, shiny|100\/100|[from]move: U-turn\n|-damage|p2a: the reaper|88\/100|[from] Stealth Rock\n|-ability|p2a: the reaper|Pressure\n|move|p1a: Urshifu|Surging Strikes|p2a: the reaper\n|-crit|p2a: the reaper\n|-damage|p2a: the reaper|69\/100\n|-crit|p2a: the reaper\n|-damage|p2a: the reaper|53\/100\n|-crit|p2a: the reaper\n|-damage|p2a: the reaper|36\/100\n|-hitcount|p2a: the reaper|3\n|\n|-damage|p1a: Urshifu|29\/100 tox|[from] psn\n|upkeep\n|turn|41\n|inactive|LT84JM Mole has 120 seconds left.\n|\n|t:|1627253178\n|switch|p2a: no space|Tornadus-Therian, M, shiny|34\/100\n|move|p1a: Urshifu|Surging Strikes|p2a: no space\n|-crit|p2a: no space\n|-damage|p2a: no space|2\/100\n|-crit|p2a: no space\n|-damage|p2a: no space|0 fnt\n|faint|p2a: no space\n|-hitcount|p2: no space|2\n|\n|-damage|p1a: Urshifu|10\/100 tox|[from] psn\n|upkeep\n|\n|t:|1627253180\n|switch|p2a: the reaper|Corviknight, M, shiny|36\/100\n|-damage|p2a: the reaper|24\/100|[from] Stealth Rock\n|-ability|p2a: the reaper|Pressure\n|turn|42\n|j| LT84JM US East OG\n|\n|t:|1627253182\n|-activate|p1a: Urshifu|move: Struggle\n|move|p1a: Urshifu|Struggle|p2a: the reaper\n|-damage|p2a: the reaper|9\/100\n|-damage|p1a: Urshifu|0 fnt|[from] recoil\n|faint|p1a: Urshifu\n|\n|win|BestixL\n|raw|LT84JM Mole's rating: 1721 &rarr; <strong>1711<\/strong><br \/>(-10 for losing)\n|raw|BestixL's rating: 1920 &rarr; <strong>1930<\/strong><br \/>(+10 for winning)\n|c| Torn Up Art|umm\n|c| lt8^4j%m#cu z*z!ie|im dying\n|l| LT84JM US East OG\n|l| lamentaciones\n|l| Torn Up Art\n","uploadtime":1627253217,"views":83,"p1id":"lt84jmmole","p2id":"bestixl","formatid":"gen8ou","rating":1711,"private":0,"password":null}