{"id":"gen8ou-1631170947","p1":"Daevank5","p2":"baigu","format":"gen8ou","log":"|j|\u2606Daevank5\n|j|\u2606baigu\n|t:|1659507280\n|gametype|singles\n|player|p1|Daevank5|101|1570\n|player|p2|baigu|265|1607\n|teamsize|p1|6\n|teamsize|p2|6\n|gen|8\n|tier|[Gen 8] OU\n|rated|\n|rule|Sleep Clause Mod: Limit one foe put to sleep\n|rule|Species Clause: Limit one of each Pok\u00e9mon\n|rule|OHKO Clause: OHKO moves are banned\n|rule|Evasion Moves Clause: Evasion moves are banned\n|rule|Endless Battle Clause: Forcing endless battles is banned\n|rule|HP Percentage Mod: HP is shown in percentages\n|rule|Dynamax Clause: You cannot dynamax\n|clearpoke\n|poke|p1|Sirfetch\u2019d, M|\n|poke|p1|Slowbro, F|\n|poke|p1|Nidoking, M|\n|poke|p1|Corviknight, M|\n|poke|p1|Weavile, F|\n|poke|p1|Blissey, F|\n|poke|p2|Barraskewda, M|\n|poke|p2|Pelipper, M|\n|poke|p2|Ferrothorn, F|\n|poke|p2|Tornadus-Therian, M|\n|poke|p2|Swampert, F|\n|poke|p2|Volcanion|\n|teampreview\n|j| iulic\n|l| iulic\n|\n|t:|1659507294\n|start\n|switch|p1a: Sirfetch\u2019d|Sirfetch\u2019d, M|100\/100\n|switch|p2a: Swampert|Swampert, F|100\/100\n|turn|1\n|j| Pacmanz\n|inactive|Battle timer is ON: inactive players will automatically lose when time's up. (requested by Daevank5)\n|\n|t:|1659507303\n|move|p1a: Sirfetch\u2019d|Close Combat|p2a: Swampert\n|-damage|p2a: Swampert|5\/100\n|-unboost|p1a: Sirfetch\u2019d|def|1\n|-unboost|p1a: Sirfetch\u2019d|spd|1\n|move|p2a: Swampert|Toxic|p1a: Sirfetch\u2019d\n|-status|p1a: Sirfetch\u2019d|tox\n|\n|-heal|p2a: Swampert|12\/100|[from] item: Leftovers\n|-damage|p1a: Sirfetch\u2019d|94\/100 tox|[from] psn\n|upkeep\n|turn|2\n|\n|t:|1659507308\n|switch|p2a: Tornadus|Tornadus-Therian, M, shiny|100\/100\n|move|p1a: Sirfetch\u2019d|Close Combat|p2a: Tornadus\n|-resisted|p2a: Tornadus\n|-damage|p2a: Tornadus|43\/100\n|-unboost|p1a: Sirfetch\u2019d|def|1\n|-unboost|p1a: Sirfetch\u2019d|spd|1\n|\n|-damage|p1a: Sirfetch\u2019d|82\/100 tox|[from] psn\n|upkeep\n|turn|3\n|\n|t:|1659507317\n|move|p2a: Tornadus|Hurricane|p1a: Sirfetch\u2019d\n|-supereffective|p1a: Sirfetch\u2019d\n|-damage|p1a: Sirfetch\u2019d|0 fnt\n|faint|p1a: Sirfetch\u2019d\n|\n|upkeep\n|\n|t:|1659507320\n|switch|p1a: Weavile|Weavile, F|100\/100\n|-ability|p1a: Weavile|Pressure\n|turn|4\n|\n|t:|1659507336\n|switch|p2a: Pelipper|Pelipper, M|100\/100\n|-weather|RainDance|[from] ability: Drizzle|[of] p2a: Pelipper\n|move|p1a: Weavile|Knock Off|p2a: Pelipper\n|-damage|p2a: Pelipper|63\/100\n|-enditem|p2a: Pelipper|Damp Rock|[from] move: Knock Off|[of] p1a: Weavile\n|\n|-weather|RainDance|[upkeep]\n|upkeep\n|turn|5\n|\n|t:|1659507351\n|switch|p2a: Swampert|Swampert, F|12\/100\n|move|p1a: Weavile|Triple Axel|p2a: Swampert\n|-damage|p2a: Swampert|2\/100\n|-damage|p2a: Swampert|0 fnt\n|faint|p2a: Swampert\n|-hitcount|p2: Swampert|2\n|\n|-weather|RainDance|[upkeep]\n|upkeep\n|\n|t:|1659507357\n|switch|p2a: Barraskewda|Barraskewda, M, shiny|100\/100\n|turn|6\n|\n|t:|1659507360\n|switch|p1a: Slowbro|Slowbro, F|100\/100\n|move|p2a: Barraskewda|Flip Turn|p1a: Slowbro\n|-resisted|p1a: Slowbro\n|-damage|p1a: Slowbro|79\/100\n|\n|t:|1659507362\n|switch|p2a: Volcanion|Volcanion|100\/100|[from]move: Flip Turn\n|\n|-weather|RainDance|[upkeep]\n|upkeep\n|turn|7\n|\n|t:|1659507368\n|move|p2a: Volcanion|Steam Eruption|p1a: Slowbro\n|-resisted|p1a: Slowbro\n|-damage|p1a: Slowbro|5\/100\n|move|p1a: Slowbro|Slack Off|p1a: Slowbro\n|-heal|p1a: Slowbro|55\/100\n|\n|-weather|RainDance|[upkeep]\n|upkeep\n|turn|8\n|\n|t:|1659507372\n|switch|p1a: Blissey|Blissey, F|100\/100\n|move|p2a: Volcanion|Steam Eruption|p1a: Blissey\n|-damage|p1a: Blissey|45\/100\n|\n|-weather|RainDance|[upkeep]\n|upkeep\n|turn|9\n|\n|t:|1659507376\n|move|p2a: Volcanion|Steam Eruption|p1a: Blissey\n|-damage|p1a: Blissey|0 fnt\n|faint|p1a: Blissey\n|\n|-weather|RainDance|[upkeep]\n|upkeep\n|\n|t:|1659507378\n|switch|p1a: Nidoking|Nidoking, M|100\/100\n|turn|10\n|\n|t:|1659507394\n|switch|p2a: Tornadus|Tornadus-Therian, M, shiny|76\/100\n|move|p1a: Nidoking|Sludge Wave|p2a: Tornadus\n|-damage|p2a: Tornadus|5\/100\n|\n|-weather|RainDance|[upkeep]\n|upkeep\n|turn|11\n|\n|t:|1659507416\n|move|p2a: Tornadus|Hurricane|p1a: Nidoking\n|-damage|p1a: Nidoking|42\/100\n|move|p1a: Nidoking|Stealth Rock|p2a: Tornadus\n|-sidestart|p2: baigu|move: Stealth Rock\n|\n|-weather|none\n|upkeep\n|turn|12\n|inactive|baigu has 120 seconds left.\n|\n|t:|1659507431\n|move|p2a: Tornadus|Defog|p1a: Nidoking\n|-unboost|p1a: Nidoking|evasion|1\n|-sideend|p2: baigu|Stealth Rock|[from] move: Defog|[of] p2a: Tornadus\n|move|p1a: Nidoking|Sludge Wave|p2a: Tornadus\n|-damage|p2a: Tornadus|0 fnt\n|faint|p2a: Tornadus\n|\n|upkeep\n|inactive|baigu has 120 seconds left.\n|\n|t:|1659507439\n|switch|p2a: Pelipper|Pelipper, M|63\/100\n|-weather|RainDance|[from] ability: Drizzle|[of] p2a: Pelipper\n|turn|13\n|\n|t:|1659507443\n|switch|p2a: Ferrothorn|Ferrothorn, F|100\/100\n|move|p1a: Nidoking|Sludge Wave|p2a: Ferrothorn\n|-immune|p2a: Ferrothorn\n|\n|-weather|RainDance|[upkeep]\n|upkeep\n|turn|14\n|\n|t:|1659507453\n|move|p1a: Nidoking|Stealth Rock|p2a: Ferrothorn\n|-sidestart|p2: baigu|move: Stealth Rock\n|move|p2a: Ferrothorn|Power Whip|p1a: Nidoking\n|-damage|p1a: Nidoking|0 fnt\n|faint|p1a: Nidoking\n|\n|-weather|RainDance|[upkeep]\n|upkeep\n|\n|t:|1659507459\n|switch|p1a: Slowbro|Slowbro, F|89\/100\n|turn|15\n|\n|t:|1659507465\n|move|p2a: Ferrothorn|Knock Off|p1a: Slowbro\n|-supereffective|p1a: Slowbro\n|-damage|p1a: Slowbro|61\/100\n|-enditem|p1a: Slowbro|Heavy-Duty Boots|[from] move: Knock Off|[of] p2a: Ferrothorn\n|move|p1a: Slowbro|Future Sight|p2a: Ferrothorn\n|-start|p1a: Slowbro|move: Future Sight\n|\n|-weather|RainDance|[upkeep]\n|upkeep\n|turn|16\n|\n|t:|1659507475\n|move|p2a: Ferrothorn|Power Whip|p1a: Slowbro|[miss]\n|-miss|p2a: Ferrothorn|p1a: Slowbro\n|move|p1a: Slowbro|Slack Off|p1a: Slowbro\n|-heal|p1a: Slowbro|100\/100\n|\n|-weather|RainDance|[upkeep]\n|upkeep\n|turn|17\n|\n|t:|1659507479\n|move|p2a: Ferrothorn|Leech Seed|p1a: Slowbro\n|-start|p1a: Slowbro|move: Leech Seed\n|move|p1a: Slowbro|Scald|p2a: Ferrothorn\n|-resisted|p2a: Ferrothorn\n|-damage|p2a: Ferrothorn|82\/100\n|-status|p2a: Ferrothorn|brn\n|\n|-weather|none\n|-end|p2a: Ferrothorn|move: Future Sight\n|-resisted|p2a: Ferrothorn\n|-damage|p2a: Ferrothorn|64\/100 brn\n|-heal|p2a: Ferrothorn|70\/100 brn|[from] item: Leftovers\n|-damage|p1a: Slowbro|88\/100|[from] Leech Seed|[of] p2a: Ferrothorn\n|-heal|p2a: Ferrothorn|84\/100 brn|[silent]\n|-damage|p2a: Ferrothorn|78\/100 brn|[from] brn\n|upkeep\n|turn|18\n|\n|t:|1659507487\n|move|p2a: Ferrothorn|Spikes|p1a: Slowbro\n|-sidestart|p1: Daevank5|Spikes\n|move|p1a: Slowbro|Teleport|p1a: Slowbro\n|\n|t:|1659507490\n|switch|p1a: Corviknight|Corviknight, M|100\/100|[from]move: Teleport\n|-ability|p1a: Corviknight|Pressure\n|\n|-heal|p2a: Ferrothorn|84\/100 brn|[from] item: Leftovers\n|-damage|p2a: Ferrothorn|78\/100 brn|[from] brn\n|upkeep\n|turn|19\n|\n|t:|1659507498\n|move|p1a: Corviknight|Body Press|p2a: Ferrothorn\n|-supereffective|p2a: Ferrothorn\n|-damage|p2a: Ferrothorn|50\/100 brn\n|-damage|p1a: Corviknight|88\/100|[from] ability: Iron Barbs|[of] p2a: Ferrothorn\n|move|p2a: Ferrothorn|Spikes|p1a: Corviknight\n|-sidestart|p1: Daevank5|Spikes\n|\n|-heal|p1a: Corviknight|94\/100|[from] item: Leftovers\n|-heal|p2a: Ferrothorn|56\/100 brn|[from] item: Leftovers\n|-damage|p2a: Ferrothorn|50\/100 brn|[from] brn\n|upkeep\n|turn|20\n|\n|t:|1659507508\n|switch|p2a: Pelipper|Pelipper, M|63\/100\n|-damage|p2a: Pelipper|38\/100|[from] Stealth Rock\n|-weather|RainDance|[from] ability: Drizzle|[of] p2a: Pelipper\n|move|p1a: Corviknight|Body Press|p2a: Pelipper\n|-resisted|p2a: Pelipper\n|-damage|p2a: Pelipper|30\/100\n|\n|-weather|RainDance|[upkeep]\n|-heal|p1a: Corviknight|100\/100|[from] item: Leftovers\n|upkeep\n|turn|21\n|\n|t:|1659507517\n|switch|p1a: Slowbro|Slowbro, F|100\/100\n|-damage|p1a: Slowbro|84\/100|[from] Spikes\n|move|p2a: Pelipper|U-turn|p1a: Slowbro\n|-supereffective|p1a: Slowbro\n|-damage|p1a: Slowbro|74\/100\n|\n|t:|1659507519\n|switch|p2a: Volcanion|Volcanion|100\/100|[from]move: U-turn\n|-damage|p2a: Volcanion|76\/100|[from] Stealth Rock\n|\n|-weather|RainDance|[upkeep]\n|upkeep\n|turn|22\n|\n|t:|1659507523\n|move|p2a: Volcanion|Steam Eruption|p1a: Slowbro\n|-resisted|p1a: Slowbro\n|-damage|p1a: Slowbro|0 fnt\n|faint|p1a: Slowbro\n|\n|-weather|RainDance|[upkeep]\n|upkeep\n|\n|t:|1659507526\n|switch|p1a: Corviknight|Corviknight, M|100\/100\n|-ability|p1a: Corviknight|Pressure\n|turn|23\n|\n|t:|1659507530\n|move|p2a: Volcanion|Steam Eruption|p1a: Corviknight\n|-damage|p1a: Corviknight|0 fnt\n|faint|p1a: Corviknight\n|\n|-weather|RainDance|[upkeep]\n|upkeep\n|\n|t:|1659507533\n|switch|p1a: Weavile|Weavile, F|100\/100\n|-ability|p1a: Weavile|Pressure\n|turn|24\n|\n|t:|1659507535\n|move|p1a: Weavile|Knock Off|p2a: Volcanion\n|-damage|p2a: Volcanion|32\/100\n|-enditem|p2a: Volcanion|Choice Specs|[from] move: Knock Off|[of] p1a: Weavile\n|move|p2a: Volcanion|Steam Eruption|p1a: Weavile\n|-damage|p1a: Weavile|0 fnt\n|faint|p1a: Weavile\n|\n|win|baigu\n|raw|Daevank5's rating: 1570 &rarr; <strong>1552<\/strong><br \/>(-18 for losing)\n|raw|baigu's rating: 1607 &rarr; <strong>1625<\/strong><br \/>(+18 for winning)\n|l|\u2606Daevank5\n","uploadtime":1659507543,"views":38,"p1id":"daevank5","p2id":"baigu","formatid":"gen8ou","rating":1552,"private":0,"password":null}