{"id":"gen8anythinggoes-1706972313","p1":"rtfghb","p2":"Zorric","format":"gen8anythinggoes","log":"|j|\u2606rtfghb\n|j|\u2606Zorric\n|t:|1668037721\n|gametype|singles\n|player|p1|rtfghb|biker|1055\n|player|p2|Zorric|byron|1097\n|teamsize|p1|6\n|teamsize|p2|6\n|gen|8\n|tier|[Gen 8] Anything Goes\n|rated|\n|rule|HP Percentage Mod: HP is shown in percentages\n|rule|Endless Battle Clause: Forcing endless battles is banned\n|clearpoke\n|poke|p1|Mr. Rime, M|\n|poke|p1|Ninjask, M|\n|poke|p1|Dragapult, F|\n|poke|p1|Snorlax, M|\n|poke|p1|Cinderace, F|\n|poke|p1|Sableye, M|\n|poke|p2|Dracozolt|\n|poke|p2|Volcarona, M|\n|poke|p2|Quagsire, M|\n|poke|p2|Ferrothorn, F|\n|poke|p2|Mimikyu, M|\n|poke|p2|Dunsparce, M|\n|teampreview\n|\n|t:|1668037726\n|start\n|switch|p1a: Ninjask|Ninjask, M|100\/100\n|switch|p2a: Dunsparce|Dunsparce, M|100\/100\n|turn|1\n|\n|t:|1668037734\n|move|p1a: Ninjask|Substitute|p1a: Ninjask\n|-start|p1a: Ninjask|Substitute\n|-damage|p1a: Ninjask|76\/100\n|move|p2a: Dunsparce|Substitute|p2a: Dunsparce\n|-start|p2a: Dunsparce|Substitute\n|-damage|p2a: Dunsparce|76\/100\n|\n|-ability|p1a: Ninjask|Speed Boost|boost\n|-boost|p1a: Ninjask|spe|1\n|upkeep\n|turn|2\n|\n|t:|1668037744\n|move|p1a: Ninjask|Roost|p1a: Ninjask\n|-heal|p1a: Ninjask|100\/100\n|-singleturn|p1a: Ninjask|move: Roost\n|move|p2a: Dunsparce|Coil|p2a: Dunsparce\n|-boost|p2a: Dunsparce|atk|1\n|-boost|p2a: Dunsparce|def|1\n|-boost|p2a: Dunsparce|accuracy|1\n|\n|-ability|p1a: Ninjask|Speed Boost|boost\n|-boost|p1a: Ninjask|spe|1\n|upkeep\n|turn|3\n|\n|t:|1668037756\n|move|p1a: Ninjask|Baton Pass|p1a: Ninjask\n|\n|t:|1668037758\n|switch|p1a: Mr. Rime|Mr. Rime, M, shiny|100\/100|[from]move: Baton Pass\n|move|p2a: Dunsparce|Coil|p2a: Dunsparce\n|-boost|p2a: Dunsparce|atk|1\n|-boost|p2a: Dunsparce|def|1\n|-boost|p2a: Dunsparce|accuracy|1\n|\n|upkeep\n|turn|4\n|\n|t:|1668037769\n|move|p1a: Mr. Rime|Calm Mind|p1a: Mr. Rime\n|-boost|p1a: Mr. Rime|spa|1\n|-boost|p1a: Mr. Rime|spd|1\n|move|p2a: Dunsparce|Coil|p2a: Dunsparce\n|-boost|p2a: Dunsparce|atk|1\n|-boost|p2a: Dunsparce|def|1\n|-boost|p2a: Dunsparce|accuracy|1\n|\n|upkeep\n|turn|5\n|\n|t:|1668037777\n|move|p1a: Mr. Rime|Iron Defense|p1a: Mr. Rime\n|-boost|p1a: Mr. Rime|def|2\n|move|p2a: Dunsparce|Coil|p2a: Dunsparce\n|-boost|p2a: Dunsparce|atk|1\n|-boost|p2a: Dunsparce|def|1\n|-boost|p2a: Dunsparce|accuracy|1\n|\n|upkeep\n|turn|6\n|\n|t:|1668037788\n|move|p1a: Mr. Rime|Iron Defense|p1a: Mr. Rime\n|-boost|p1a: Mr. Rime|def|2\n|move|p2a: Dunsparce|Baton Pass|p2a: Dunsparce\n|\n|t:|1668037797\n|switch|p2a: Dracozolt|Dracozolt|100\/100|[from]move: Baton Pass\n|\n|upkeep\n|turn|7\n|\n|t:|1668037805\n|move|p1a: Mr. Rime|Iron Defense|p1a: Mr. Rime\n|-boost|p1a: Mr. Rime|def|2\n|move|p2a: Dracozolt|Bolt Beak|p1a: Mr. Rime\n|-end|p1a: Mr. Rime|Substitute\n|\n|upkeep\n|turn|8\n|\n|t:|1668037815\n|move|p1a: Mr. Rime|Calm Mind|p1a: Mr. Rime\n|-boost|p1a: Mr. Rime|spa|1\n|-boost|p1a: Mr. Rime|spd|1\n|move|p2a: Dracozolt|Bolt Beak|p1a: Mr. Rime\n|-damage|p1a: Mr. Rime|78\/100\n|\n|upkeep\n|turn|9\n|\n|t:|1668037822\n|move|p1a: Mr. Rime|Calm Mind|p1a: Mr. Rime\n|-boost|p1a: Mr. Rime|spa|1\n|-boost|p1a: Mr. Rime|spd|1\n|move|p2a: Dracozolt|Fire Blast|p1a: Mr. Rime\n|-supereffective|p1a: Mr. Rime\n|-damage|p1a: Mr. Rime|62\/100\n|\n|upkeep\n|turn|10\n|\n|t:|1668037831\n|move|p1a: Mr. Rime|Calm Mind|p1a: Mr. Rime\n|-boost|p1a: Mr. Rime|spa|1\n|-boost|p1a: Mr. Rime|spd|1\n|move|p2a: Dracozolt|Dragon Tail|p1a: Mr. Rime\n|-damage|p1a: Mr. Rime|46\/100\n|drag|p1a: Cinderace|Cinderace, F|100\/100\n|\n|upkeep\n|turn|11\n|\n|t:|1668037849\n|move|p1a: Cinderace|Court Change||[still]\n|-start|p1a: Cinderace|typechange|Normal|[from] ability: Libero\n|-swapsideconditions\n|-fail|p1a: Cinderace\n|move|p2a: Dracozolt|Dragon Tail|p1a: Cinderace\n|-damage|p1a: Cinderace|3\/100\n|drag|p1a: Snorlax|Snorlax, M|100\/100\n|\n|upkeep\n|turn|12\n|\n|t:|1668037860\n|move|p1a: Snorlax|Yawn||[still]\n|-fail|p1a: Snorlax\n|move|p2a: Dracozolt|Dragon Tail|p1a: Snorlax\n|-damage|p1a: Snorlax|56\/100\n|drag|p1a: Mr. Rime|Mr. Rime, M, shiny|46\/100\n|\n|upkeep\n|turn|13\n|\n|t:|1668037869\n|move|p1a: Mr. Rime|Slack Off|p1a: Mr. Rime\n|-heal|p1a: Mr. Rime|96\/100\n|move|p2a: Dracozolt|Dragon Tail|p1a: Mr. Rime\n|-damage|p1a: Mr. Rime|33\/100\n|drag|p1a: Dragapult|Dragapult, F|100\/100\n|\n|upkeep\n|turn|14\n|\n|t:|1668037880\n|move|p1a: Dragapult|Dragon Darts|p2a: Dracozolt\n|-supereffective|p2a: Dracozolt\n|-damage|p2a: Dracozolt|88\/100\n|-anim|p1a: Dragapult|Dragon Darts|p2a: Dracozolt\n|-supereffective|p2a: Dracozolt\n|-damage|p2a: Dracozolt|76\/100\n|move|p2a: Dracozolt|Dragon Tail|p1a: Dragapult\n|-supereffective|p1a: Dragapult\n|-damage|p1a: Dragapult|0 fnt\n|faint|p1a: Dragapult\n|\n|upkeep\n|-message|rtfghb forfeited.\n|\n|win|Zorric\n|raw|rtfghb's rating: 1055 &rarr; <strong>1039<\/strong><br \/>(-16 for losing)\n|raw|Zorric's rating: 1097 &rarr; <strong>1119<\/strong><br \/>(+22 for winning)\n|l|\u2606rtfghb\n","uploadtime":1668037914,"views":4,"p1id":"rtfghb","p2id":"zorric","formatid":"gen8anythinggoes","rating":1039,"private":0,"password":null}