{"id":"gen8ou-1174477141","p1":"ranitidine","p2":"LT73IU YAKO","format":"gen8ou","log":"|raw|<div class=\"broadcast-blue\"><strong>This battle is required to be public due to a player having a name starting with 'LT73IU'.<\/div>\n|j|\u2606ranitidine\n|j|\u2606LT73IU YAKO\n|t:|1598278816\n|player|p1|ranitidine|169|1638\n|player|p2|LT73IU YAKO|guitarist-gen4|1665\n|teamsize|p1|6\n|teamsize|p2|6\n|gametype|singles\n|gen|8\n|tier|[Gen 8] OU\n|rated|\n|clearpoke\n|poke|p1|Kommo-o, F|\n|poke|p1|Mimikyu, M|\n|poke|p1|Dragapult, M|\n|poke|p1|Bisharp, M|\n|poke|p1|Azumarill, M|\n|poke|p1|Hydreigon, M|\n|poke|p2|Rillaboom, F|\n|poke|p2|Volcarona, M|\n|poke|p2|Urshifu-*, M|\n|poke|p2|Shuckle, M|\n|poke|p2|Zeraora|\n|poke|p2|Dragapult, M|\n|rule|Sleep Clause Mod: Limit one foe put to sleep\n|rule|Species Clause: Limit one of each Pok\u00e9mon\n|rule|OHKO Clause: OHKO moves are banned\n|rule|Evasion Moves Clause: Evasion moves are banned\n|rule|Endless Battle Clause: Forcing endless battles is banned\n|rule|HP Percentage Mod: HP is shown in percentages\n|rule|Dynamax Clause: You cannot dynamax\n|teampreview\n|inactive|Battle timer is ON: inactive players will automatically lose when time's up. (requested by ranitidine)\n|\n|t:|1598278835\n|start\n|switch|p1a: Bisharp|Bisharp, M|100\/100\n|switch|p2a: Shuckle|Shuckle, M|100\/100\n|turn|1\n|\n|t:|1598278849\n|move|p1a: Bisharp|Iron Head|p2a: Shuckle\n|-supereffective|p2a: Shuckle\n|-damage|p2a: Shuckle|39\/100\n|-damage|p1a: Bisharp|91\/100|[from] item: Life Orb\n|cant|p2a: Shuckle|flinch\n|\n|upkeep\n|turn|2\n|\n|t:|1598278861\n|move|p1a: Bisharp|Knock Off|p2a: Shuckle\n|-damage|p2a: Shuckle|2\/100\n|-enditem|p2a: Shuckle|Mental Herb|[from] move: Knock Off|[of] p1a: Bisharp\n|-damage|p1a: Bisharp|81\/100|[from] item: Life Orb\n|move|p2a: Shuckle|Sticky Web|p1a: Bisharp\n|-sidestart|p1: ranitidine|move: Sticky Web\n|\n|upkeep\n|turn|3\n|\n|t:|1598278868\n|move|p1a: Bisharp|Iron Head|p2a: Shuckle\n|-supereffective|p2a: Shuckle\n|-damage|p2a: Shuckle|0 fnt\n|-damage|p1a: Bisharp|71\/100|[from] item: Life Orb\n|faint|p2a: Shuckle\n|\n|upkeep\n|\n|t:|1598278879\n|switch|p2a: Urshifu|Urshifu, M|100\/100\n|turn|4\n|\n|t:|1598278889\n|switch|p1a: Kommo-o|Kommo-o, F|100\/100\n|-activate|p1a: Kommo-o|move: Sticky Web\n|-unboost|p1a: Kommo-o|spe|1\n|move|p2a: Urshifu|Bulk Up|p2a: Urshifu\n|-boost|p2a: Urshifu|atk|1\n|-boost|p2a: Urshifu|def|1\n|\n|upkeep\n|turn|5\n|\n|t:|1598278897\n|move|p2a: Urshifu|Close Combat|p1a: Kommo-o\n|-damage|p1a: Kommo-o|0 fnt\n|-unboost|p2a: Urshifu|def|1\n|-unboost|p2a: Urshifu|spd|1\n|-damage|p2a: Urshifu|91\/100|[from] item: Life Orb\n|faint|p1a: Kommo-o\n|\n|upkeep\n|\n|t:|1598278905\n|switch|p1a: Hydreigon|Hydreigon, M|100\/100\n|turn|6\n|\n|t:|1598278921\n|move|p1a: Hydreigon|Draco Meteor|p2a: Urshifu\n|-damage|p2a: Urshifu|0 fnt\n|-unboost|p1a: Hydreigon|spa|2\n|-damage|p1a: Hydreigon|91\/100|[from] item: Life Orb\n|faint|p2a: Urshifu\n|\n|upkeep\n|\n|t:|1598278937\n|switch|p2a: Volcarona|Volcarona, M|100\/100\n|turn|7\n|\n|t:|1598278948\n|switch|p1a: Azumarill|Azumarill, M|100\/100\n|-activate|p1a: Azumarill|move: Sticky Web\n|-unboost|p1a: Azumarill|spe|1\n|move|p2a: Volcarona|Quiver Dance|p2a: Volcarona\n|-boost|p2a: Volcarona|spa|1\n|-boost|p2a: Volcarona|spd|1\n|-boost|p2a: Volcarona|spe|1\n|\n|upkeep\n|turn|8\n|\n|t:|1598278951\n|move|p1a: Azumarill|Aqua Jet|p2a: Volcarona\n|-supereffective|p2a: Volcarona\n|-damage|p2a: Volcarona|24\/100\n|-status|p1a: Azumarill|brn|[from] ability: Flame Body|[of] p2a: Volcarona\n|move|p2a: Volcarona|Giga Drain|p1a: Azumarill\n|-supereffective|p1a: Azumarill\n|-damage|p1a: Azumarill|0 fnt\n|-heal|p2a: Volcarona|83\/100|[from] drain|[of] p1a: Azumarill\n|faint|p1a: Azumarill\n|\n|upkeep\n|\n|t:|1598278966\n|switch|p1a: Dragapult|Dragapult, M|100\/100\n|-activate|p1a: Dragapult|move: Sticky Web\n|-unboost|p1a: Dragapult|spe|1\n|turn|9\n|\n|t:|1598278971\n|move|p2a: Volcarona|Giga Drain|p1a: Dragapult\n|-resisted|p1a: Dragapult\n|-damage|p1a: Dragapult|71\/100\n|-heal|p2a: Volcarona|97\/100|[from] drain|[of] p1a: Dragapult\n|move|p1a: Dragapult|Dragon Darts|p2a: Volcarona\n|-damage|p2a: Volcarona|40\/100\n|-anim|p1a: Dragapult|Dragon Darts|p2a: Volcarona\n|-damage|p2a: Volcarona|0 fnt\n|-damage|p1a: Dragapult|62\/100|[from] item: Life Orb\n|faint|p2a: Volcarona\n|\n|upkeep\n|\n|t:|1598278989\n|switch|p2a: Zeraora|Zeraora|100\/100\n|turn|10\n|\n|t:|1598278993\n|move|p2a: Zeraora|Knock Off|p1a: Dragapult\n|-supereffective|p1a: Dragapult\n|-damage|p1a: Dragapult|0 fnt\n|-enditem|p1a: Dragapult|Life Orb|[from] move: Knock Off|[of] p2a: Zeraora\n|faint|p1a: Dragapult\n|\n|upkeep\n|\n|t:|1598279008\n|switch|p1a: Bisharp|Bisharp, M|71\/100\n|-activate|p1a: Bisharp|move: Sticky Web\n|-unboost|p1a: Bisharp|spe|1\n|-ability|p1a: Bisharp|Defiant\n|-boost|p1a: Bisharp|atk|2\n|turn|11\n|\n|t:|1598279020\n|move|p2a: Zeraora|Bulk Up|p2a: Zeraora\n|-boost|p2a: Zeraora|atk|1\n|-boost|p2a: Zeraora|def|1\n|move|p1a: Bisharp|Knock Off|p2a: Zeraora\n|-damage|p2a: Zeraora|0 fnt\n|-enditem|p2a: Zeraora|Heavy-Duty Boots|[from] move: Knock Off|[of] p1a: Bisharp\n|-damage|p1a: Bisharp|61\/100|[from] item: Life Orb\n|faint|p2a: Zeraora\n|\n|upkeep\n|\n|t:|1598279039\n|switch|p2a: Rillaboom|Rillaboom, F|100\/100\n|-fieldstart|move: Grassy Terrain|[from] ability: Grassy Surge|[of] p2a: Rillaboom\n|turn|12\n|\n|t:|1598279044\n|move|p2a: Rillaboom|Superpower|p1a: Bisharp\n|-supereffective|p1a: Bisharp\n|-damage|p1a: Bisharp|0 fnt\n|-unboost|p2a: Rillaboom|atk|1\n|-unboost|p2a: Rillaboom|def|1\n|-damage|p2a: Rillaboom|91\/100|[from] item: Life Orb\n|faint|p1a: Bisharp\n|\n|-heal|p2a: Rillaboom|97\/100|[from] Grassy Terrain\n|upkeep\n|\n|t:|1598279048\n|switch|p1a: Hydreigon|Hydreigon, M|91\/100\n|turn|13\n|\n|t:|1598279061\n|move|p1a: Hydreigon|Draco Meteor|p2a: Rillaboom\n|-damage|p2a: Rillaboom|6\/100\n|-unboost|p1a: Hydreigon|spa|2\n|-damage|p1a: Hydreigon|81\/100|[from] item: Life Orb\n|move|p2a: Rillaboom|Superpower|p1a: Hydreigon\n|-supereffective|p1a: Hydreigon\n|-damage|p1a: Hydreigon|0 fnt\n|-unboost|p2a: Rillaboom|atk|1\n|-unboost|p2a: Rillaboom|def|1\n|-damage|p2a: Rillaboom|0 fnt|[from] item: Life Orb\n|faint|p1a: Hydreigon\n|faint|p2a: Rillaboom\n|\n|upkeep\n|\n|t:|1598279066\n|switch|p1a: Mimikyu|Mimikyu, M|100\/100\n|switch|p2a: Dragapult|Dragapult, M|100\/100\n|-activate|p1a: Mimikyu|move: Sticky Web\n|-unboost|p1a: Mimikyu|spe|1\n|turn|14\n|\n|t:|1598279075\n|move|p2a: Dragapult|Steel Wing|p1a: Mimikyu\n|-activate|p1a: Mimikyu|ability: Disguise\n|-damage|p1a: Mimikyu|100\/100\n|detailschange|p1a: Mimikyu|Mimikyu-Busted, M\n|-damage|p1a: Mimikyu|88\/100|[from] pokemon: Mimikyu-Busted\n|-damage|p2a: Dragapult|91\/100|[from] item: Life Orb\n|move|p1a: Mimikyu|Shadow Claw|p2a: Dragapult\n|-supereffective|p2a: Dragapult\n|-damage|p2a: Dragapult|0 fnt\n|-damage|p1a: Mimikyu|78\/100|[from] item: Life Orb\n|faint|p2a: Dragapult\n|\n|win|ranitidine\n|c|\u2606ranitidine|gg\n|raw|ranitidine's rating: 1663 &rarr; <strong>1683<\/strong><br \/>(+20 for winning)\n|raw|LT73IU YAKO's rating: 1665 &rarr; <strong>1645<\/strong><br \/>(-20 for losing)\n","uploadtime":1598279082,"views":53,"p1id":"ranitidine","p2id":"lt73iuyako","formatid":"gen8ou","rating":1645,"private":0,"password":null}