{"id":"gen8nationaldexag-1152361183","p1":"BugCatcherWeevil","p2":"Pokemontani","format":"gen8nationaldexag","log":"|j|\u2606BugCatcherWeevil\n|j|\u2606Pokemontani\n|player|p1|BugCatcherWeevil|7|\n|player|p2|Pokemontani|101|\n|teamsize|p1|6\n|teamsize|p2|6\n|gametype|singles\n|gen|8\n|tier|[Gen 8] National Dex AG\n|clearpoke\n|poke|p1|Magnezone|\n|poke|p1|Tornadus-Therian, M|\n|poke|p1|Victini|\n|poke|p1|Palossand, M|\n|poke|p1|Garchomp, F|\n|poke|p1|Primarina, M|\n|poke|p2|Magneton|\n|poke|p2|Ninetales-Alola, M|\n|poke|p2|Blissey, F|\n|poke|p2|Gyarados, M|\n|poke|p2|Forretress, F|\n|poke|p2|Krookodile, M|\n|rule|HP Percentage Mod: HP is shown in percentages\n|rule|Endless Battle Clause: Forcing endless battles is banned\n|teampreview\n|c|\u2606BugCatcherWeevil|gl hf!\n|c|\u2606Pokemontani|you too!\n|\n|start\n|switch|p1a: Victini|Victini|100\/100\n|switch|p2a: Clam Chowder|Forretress, F|100\/100\n|turn|1\n|\n|move|p1a: Victini|U-turn|p2a: Clam Chowder\n|-resisted|p2a: Clam Chowder\n|-damage|p2a: Clam Chowder|94\/100\n|\n|switch|p1a: Tornadus|Tornadus-Therian, M|100\/100|[from]move: U-turn\n|move|p2a: Clam Chowder|Stealth Rock|p1a: Tornadus\n|-sidestart|p1: BugCatcherWeevil|move: Stealth Rock\n|\n|-heal|p2a: Clam Chowder|100\/100|[from] item: Leftovers\n|upkeep\n|turn|2\n|\n|move|p1a: Tornadus|Defog|p2a: Clam Chowder\n|-unboost|p2a: Clam Chowder|evasion|1\n|-sideend|p1: BugCatcherWeevil|Stealth Rock|[from] move: Defog|[of] p1a: Tornadus\n|move|p2a: Clam Chowder|Gyro Ball|p1a: Tornadus\n|-damage|p1a: Tornadus|58\/100\n|\n|upkeep\n|turn|3\n|\n|move|p1a: Tornadus|Taunt|p2a: Clam Chowder\n|-start|p2a: Clam Chowder|move: Taunt\n|cant|p2a: Clam Chowder|move: Taunt|Stealth Rock\n|\n|upkeep\n|turn|4\n|\n|move|p1a: Tornadus|U-turn|p2a: Clam Chowder\n|-resisted|p2a: Clam Chowder\n|-damage|p2a: Clam Chowder|96\/100\n|\n|switch|p1a: Magnezone|Magnezone|100\/100|[from]move: U-turn\n|move|p2a: Clam Chowder|Gyro Ball|p1a: Magnezone\n|-resisted|p1a: Magnezone\n|-damage|p1a: Magnezone|96\/100\n|\n|-heal|p1a: Magnezone|100\/100|[from] item: Leftovers\n|-heal|p2a: Clam Chowder|100\/100|[from] item: Leftovers\n|upkeep\n|turn|5\n|\n|move|p1a: Magnezone|Substitute|p1a: Magnezone\n|-start|p1a: Magnezone|Substitute\n|-damage|p1a: Magnezone|76\/100\n|move|p2a: Clam Chowder|Earthquake|p1a: Magnezone\n|-supereffective|p1a: Magnezone\n|-end|p1a: Magnezone|Substitute\n|\n|-heal|p1a: Magnezone|82\/100|[from] item: Leftovers\n|-end|p2a: Clam Chowder|move: Taunt\n|upkeep\n|turn|6\n|\n|switch|p1a: Palossand|Palossand, M|100\/100\n|move|p2a: Clam Chowder|Earthquake|p1a: Palossand\n|-damage|p1a: Palossand|87\/100\n|\n|upkeep\n|turn|7\n|\n|move|p1a: Palossand|Stealth Rock|p2a: Clam Chowder\n|-sidestart|p2: Pokemontani|move: Stealth Rock\n|move|p2a: Clam Chowder|Stealth Rock|p1a: Palossand\n|-sidestart|p1: BugCatcherWeevil|move: Stealth Rock\n|\n|upkeep\n|turn|8\n|\n|move|p1a: Palossand|Scorching Sands|p2a: Clam Chowder\n|-damage|p2a: Clam Chowder|67\/100\n|-status|p2a: Clam Chowder|brn\n|move|p2a: Clam Chowder|Earthquake|p1a: Palossand\n|-damage|p1a: Palossand|81\/100\n|\n|-heal|p2a: Clam Chowder|73\/100 brn|[from] item: Leftovers\n|-damage|p2a: Clam Chowder|67\/100 brn|[from] brn\n|upkeep\n|turn|9\n|\n|switch|p1a: Tornadus|Tornadus-Therian, M|91\/100\n|move|p2a: Clam Chowder|Earthquake|p1a: Tornadus\n|-immune|p1a: Tornadus\n|\n|-heal|p2a: Clam Chowder|73\/100 brn|[from] item: Leftovers\n|-damage|p2a: Clam Chowder|67\/100 brn|[from] brn\n|upkeep\n|turn|10\n|\n|move|p1a: Tornadus|Taunt|p2a: Clam Chowder\n|-start|p2a: Clam Chowder|move: Taunt\n|move|p2a: Clam Chowder|Volt Switch|p1a: Tornadus\n|-supereffective|p1a: Tornadus\n|-damage|p1a: Tornadus|70\/100\n|\n|switch|p2a: Magnetony|Magneton|100\/100|[from]move: Volt Switch\n|-damage|p2a: Magnetony|94\/100|[from] Stealth Rock\n|\n|upkeep\n|turn|11\n|\n|switch|p1a: Magnezone|Magnezone|82\/100\n|-damage|p1a: Magnezone|76\/100|[from] Stealth Rock\n|move|p2a: Magnetony|Flash Cannon|p1a: Magnezone\n|-resisted|p1a: Magnezone\n|-damage|p1a: Magnezone|59\/100\n|\n|-heal|p1a: Magnezone|65\/100|[from] item: Leftovers\n|upkeep\n|turn|12\n|\n|move|p1a: Magnezone|Substitute|p1a: Magnezone\n|-start|p1a: Magnezone|Substitute\n|-damage|p1a: Magnezone|40\/100\n|move|p2a: Magnetony|Thunderbolt|p1a: Magnezone\n|-resisted|p1a: Magnezone\n|-end|p1a: Magnezone|Substitute\n|\n|-heal|p1a: Magnezone|47\/100|[from] item: Leftovers\n|upkeep\n|turn|13\n|\n|move|p1a: Magnezone|Body Press|p2a: Magnetony\n|-supereffective|p2a: Magnetony\n|-damage|p2a: Magnetony|27\/100\n|move|p2a: Magnetony|Volt Switch|p1a: Magnezone\n|-resisted|p1a: Magnezone\n|-damage|p1a: Magnezone|19\/100\n|\n|switch|p2a: Gyarados|Gyarados, M, shiny|100\/100|[from]move: Volt Switch\n|-damage|p2a: Gyarados|75\/100|[from] Stealth Rock\n|\n|-heal|p1a: Magnezone|25\/100|[from] item: Leftovers\n|upkeep\n|turn|14\n|\n|switch|p1a: Garchomp|Garchomp, F|100\/100\n|-damage|p1a: Garchomp|94\/100|[from] Stealth Rock\n|move|p2a: Gyarados|Earthquake|p1a: Garchomp\n|-damage|p1a: Garchomp|64\/100\n|-damage|p2a: Gyarados|66\/100|[from] item: Life Orb\n|\n|upkeep\n|turn|15\n|\n|switch|p2a: Blissey|Blissey, F|100\/100\n|-damage|p2a: Blissey|88\/100|[from] Stealth Rock\n|move|p1a: Garchomp|Dragon Tail|p2a: Blissey\n|-damage|p2a: Blissey|64\/100\n|drag|p2a: Magnetony|Magneton|27\/100\n|-damage|p2a: Magnetony|21\/100|[from] Stealth Rock\n|\n|upkeep\n|turn|16\n|\n|switch|p1a: Magnezone|Magnezone|25\/100\n|-damage|p1a: Magnezone|19\/100|[from] Stealth Rock\n|move|p2a: Magnetony|Volt Switch|p1a: Magnezone\n|-resisted|p1a: Magnezone\n|-damage|p1a: Magnezone|0 fnt\n|faint|p1a: Magnezone\n|\n|switch|p2a: Ninetales|Ninetales-Alola, M, shiny|100\/100|[from]move: Volt Switch\n|-damage|p2a: Ninetales|76\/100|[from] Stealth Rock\n|-weather|Hail|[from] ability: Snow Warning|[of] p2a: Ninetales\n|\n|-weather|Hail|[upkeep]\n|upkeep\n|\n|switch|p1a: Victini|Victini|100\/100\n|-damage|p1a: Victini|76\/100|[from] Stealth Rock\n|turn|17\n|\n|move|p2a: Ninetales|Aurora Veil|p2a: Ninetales\n|-sidestart|p2: Pokemontani|move: Aurora Veil\n|move|p1a: Victini|Brick Break|p2a: Ninetales\n|-sideend|p2: Pokemontani|move: Aurora Veil\n|-damage|p2a: Ninetales|45\/100\n|\n|-weather|Hail|[upkeep]\n|-damage|p1a: Victini|69\/100|[from] Hail\n|upkeep\n|turn|18\n|\n|move|p2a: Ninetales|Blizzard|p1a: Victini\n|-resisted|p1a: Victini\n|-damage|p1a: Victini|43\/100\n|-damage|p2a: Ninetales|35\/100|[from] item: Life Orb\n|move|p1a: Victini|Brick Break|p2a: Ninetales\n|-damage|p2a: Ninetales|4\/100\n|\n|-weather|Hail|[upkeep]\n|-damage|p1a: Victini|37\/100|[from] Hail\n|upkeep\n|turn|19\n|\n|move|p2a: Ninetales|Blizzard|p1a: Victini\n|-resisted|p1a: Victini\n|-damage|p1a: Victini|11\/100\n|-damage|p2a: Ninetales|0 fnt|[from] item: Life Orb\n|faint|p2a: Ninetales\n|move|p1a: Victini|Brick Break|p2: Ninetales|[notarget]\n|-fail|p1a: Victini\n|\n|-weather|Hail|[upkeep]\n|-damage|p1a: Victini|5\/100|[from] Hail\n|upkeep\n|\n|switch|p2a: Blissey|Blissey, F|64\/100\n|-damage|p2a: Blissey|52\/100|[from] Stealth Rock\n|turn|20\n|\n|move|p2a: Blissey|Protect|p2a: Blissey\n|-singleturn|p2a: Blissey|Protect\n|move|p1a: Victini|V-create|p2a: Blissey\n|-activate|p2a: Blissey|move: Protect\n|\n|-weather|none\n|-heal|p2a: Blissey|58\/100|[from] item: Leftovers\n|upkeep\n|turn|21\n|\n|move|p1a: Victini|V-create|p2a: Blissey\n|-damage|p2a: Blissey|0 fnt\n|-unboost|p1a: Victini|spe|1\n|-unboost|p1a: Victini|def|1\n|-unboost|p1a: Victini|spd|1\n|faint|p2a: Blissey\n|\n|upkeep\n|\n|switch|p2a: Krookodile|Krookodile, M|100\/100\n|-damage|p2a: Krookodile|94\/100|[from] Stealth Rock\n|-ability|p2a: Krookodile|Intimidate|boost\n|-unboost|p1a: Victini|atk|1\n|turn|22\n|\n|switch|p1a: Palossand|Palossand, M|81\/100\n|-damage|p1a: Palossand|75\/100|[from] Stealth Rock\n|move|p2a: Krookodile|Earthquake|p1a: Palossand\n|-damage|p1a: Palossand|29\/100\n|\n|upkeep\n|turn|23\n|\n|switch|p1a: Tornadus|Tornadus-Therian, M|100\/100\n|move|p2a: Krookodile|Earthquake|p1a: Tornadus\n|-immune|p1a: Tornadus\n|\n|upkeep\n|turn|24\n|\n|switch|p2a: Magnetony|Magneton|21\/100\n|-damage|p2a: Magnetony|15\/100|[from] Stealth Rock\n|move|p1a: Tornadus|Defog|p2a: Magnetony\n|-unboost|p2a: Magnetony|evasion|1\n|-sideend|p2: Pokemontani|Stealth Rock|[from] move: Defog|[of] p1a: Tornadus\n|-sideend|p1: BugCatcherWeevil|Stealth Rock|[from] move: Defog|[of] p1a: Tornadus\n|\n|upkeep\n|turn|25\n|\n|move|p1a: Tornadus|Knock Off|p2a: Magnetony\n|-damage|p2a: Magnetony|0 fnt\n|-enditem|p2a: Magnetony|Shuca Berry|[from] move: Knock Off|[of] p1a: Tornadus\n|faint|p2a: Magnetony\n|\n|upkeep\n|\n|switch|p2a: Gyarados|Gyarados, M, shiny|66\/100\n|turn|26\n|\n|move|p1a: Tornadus|Taunt|p2a: Gyarados\n|-start|p2a: Gyarados|move: Taunt\n|cant|p2a: Gyarados|move: Taunt|Dragon Dance\n|\n|upkeep\n|turn|27\n|\n|move|p1a: Tornadus|U-turn|p2a: Gyarados\n|-resisted|p2a: Gyarados\n|-damage|p2a: Gyarados|55\/100\n|\n|switch|p1a: Garchomp|Garchomp, F|64\/100|[from]move: U-turn\n|move|p2a: Gyarados|Waterfall|p1a: Garchomp\n|-damage|p1a: Garchomp|28\/100\n|-damage|p2a: Gyarados|42\/100|[from] ability: Rough Skin|[of] p1a: Garchomp\n|-damage|p2a: Gyarados|26\/100|[from] item: Rocky Helmet|[of] p1a: Garchomp\n|-damage|p2a: Gyarados|16\/100|[from] item: Life Orb\n|\n|upkeep\n|turn|28\n|\n|move|p2a: Gyarados|Waterfall|p1a: Garchomp\n|-damage|p1a: Garchomp|0 fnt\n|-damage|p2a: Gyarados|4\/100|[from] ability: Rough Skin|[of] p1a: Garchomp\n|-damage|p2a: Gyarados|0 fnt|[from] item: Rocky Helmet|[of] p1a: Garchomp\n|faint|p1a: Garchomp\n|faint|p2a: Gyarados\n|\n|upkeep\n|\n|switch|p2a: Clam Chowder|Forretress, F|67\/100 brn\n|switch|p1a: Tornadus|Tornadus-Therian, M|100\/100\n|turn|29\n|\n|move|p1a: Tornadus|Taunt|p2a: Clam Chowder\n|-start|p2a: Clam Chowder|move: Taunt\n|move|p2a: Clam Chowder|Gyro Ball|p1a: Tornadus\n|-damage|p1a: Tornadus|79\/100\n|\n|-heal|p2a: Clam Chowder|73\/100 brn|[from] item: Leftovers\n|-damage|p2a: Clam Chowder|67\/100 brn|[from] brn\n|upkeep\n|turn|30\n|\n|move|p1a: Tornadus|U-turn|p2a: Clam Chowder\n|-resisted|p2a: Clam Chowder\n|-damage|p2a: Clam Chowder|63\/100 brn\n|\n|switch|p1a: Palossand|Palossand, M|29\/100|[from]move: U-turn\n|move|p2a: Clam Chowder|Gyro Ball|p1a: Palossand\n|-damage|p1a: Palossand|26\/100\n|\n|-heal|p2a: Clam Chowder|69\/100 brn|[from] item: Leftovers\n|-damage|p2a: Clam Chowder|63\/100 brn|[from] brn\n|upkeep\n|turn|31\n|\n|move|p1a: Palossand|Shore Up|p1a: Palossand\n|-heal|p1a: Palossand|76\/100\n|move|p2a: Clam Chowder|Volt Switch|p1a: Palossand\n|-immune|p1a: Palossand\n|\n|-heal|p2a: Clam Chowder|69\/100 brn|[from] item: Leftovers\n|-damage|p2a: Clam Chowder|63\/100 brn|[from] brn\n|-end|p2a: Clam Chowder|move: Taunt\n|upkeep\n|turn|32\n|c|\u2606Pokemontani|oops\n|\n|switch|p1a: Tornadus|Tornadus-Therian, M|100\/100\n|move|p2a: Clam Chowder|Stealth Rock|p1a: Tornadus\n|-sidestart|p1: BugCatcherWeevil|move: Stealth Rock\n|\n|-heal|p2a: Clam Chowder|69\/100 brn|[from] item: Leftovers\n|-damage|p2a: Clam Chowder|63\/100 brn|[from] brn\n|upkeep\n|turn|33\n|\n|move|p1a: Tornadus|Defog|p2a: Clam Chowder\n|-unboost|p2a: Clam Chowder|evasion|1\n|-sideend|p1: BugCatcherWeevil|Stealth Rock|[from] move: Defog|[of] p1a: Tornadus\n|move|p2a: Clam Chowder|Gyro Ball|p1a: Tornadus\n|-damage|p1a: Tornadus|80\/100\n|\n|-heal|p2a: Clam Chowder|69\/100 brn|[from] item: Leftovers\n|-damage|p2a: Clam Chowder|63\/100 brn|[from] brn\n|upkeep\n|turn|34\n|\n|move|p1a: Tornadus|Taunt|p2a: Clam Chowder\n|-start|p2a: Clam Chowder|move: Taunt\n|move|p2a: Clam Chowder|Gyro Ball|p1a: Tornadus\n|-crit|p1a: Tornadus\n|-damage|p1a: Tornadus|49\/100\n|\n|-heal|p2a: Clam Chowder|69\/100 brn|[from] item: Leftovers\n|-damage|p2a: Clam Chowder|63\/100 brn|[from] brn\n|upkeep\n|turn|35\n|\n|move|p1a: Tornadus|U-turn|p2a: Clam Chowder\n|-resisted|p2a: Clam Chowder\n|-damage|p2a: Clam Chowder|59\/100 brn\n|\n|switch|p1a: Primarina|Primarina, M|100\/100|[from]move: U-turn\n|move|p2a: Clam Chowder|Gyro Ball|p1a: Primarina\n|-damage|p1a: Primarina|93\/100\n|\n|-heal|p1a: Primarina|99\/100|[from] item: Leftovers\n|-heal|p2a: Clam Chowder|65\/100 brn|[from] item: Leftovers\n|-damage|p2a: Clam Chowder|59\/100 brn|[from] brn\n|upkeep\n|turn|36\n|\n|move|p1a: Primarina|Encore|p2a: Clam Chowder\n|-start|p2a: Clam Chowder|Encore\n|move|p2a: Clam Chowder|Gyro Ball|p1a: Primarina\n|-damage|p1a: Primarina|92\/100\n|\n|-heal|p1a: Primarina|98\/100|[from] item: Leftovers\n|-heal|p2a: Clam Chowder|65\/100 brn|[from] item: Leftovers\n|-damage|p2a: Clam Chowder|59\/100 brn|[from] brn\n|-end|p2a: Clam Chowder|move: Taunt\n|-end|p2a: Clam Chowder|Encore\n|upkeep\n|turn|37\n|\n|move|p1a: Primarina|Encore||[still]\n|-fail|p1a: Primarina\n|move|p2a: Clam Chowder|Stealth Rock|p1a: Primarina\n|-sidestart|p1: BugCatcherWeevil|move: Stealth Rock\n|\n|-heal|p1a: Primarina|100\/100|[from] item: Leftovers\n|-heal|p2a: Clam Chowder|65\/100 brn|[from] item: Leftovers\n|-damage|p2a: Clam Chowder|59\/100 brn|[from] brn\n|upkeep\n|turn|38\n|\n|move|p1a: Primarina|Scald|p2a: Clam Chowder\n|-damage|p2a: Clam Chowder|7\/100 brn\n|move|p2a: Clam Chowder|Volt Switch|p1a: Primarina\n|-supereffective|p1a: Primarina\n|-damage|p1a: Primarina|84\/100\n|\n|switch|p2a: Krookodile|Krookodile, M|94\/100|[from]move: Volt Switch\n|-ability|p2a: Krookodile|Intimidate|boost\n|-unboost|p1a: Primarina|atk|1\n|\n|-heal|p1a: Primarina|90\/100|[from] item: Leftovers\n|upkeep\n|turn|39\n|\n|move|p2a: Krookodile|Pursuit|p1a: Primarina\n|-resisted|p1a: Primarina\n|-damage|p1a: Primarina|78\/100\n|move|p1a: Primarina|Moonblast|p2a: Krookodile\n|-supereffective|p2a: Krookodile\n|-damage|p2a: Krookodile|0 fnt\n|faint|p2a: Krookodile\n|\n|-heal|p1a: Primarina|84\/100|[from] item: Leftovers\n|upkeep\n|c|\u2606Pokemontani|damn\n|c|\u2606BugCatcherWeevil|gg\n|c|\u2606Pokemontani|yeah gg\n|\n|switch|p2a: Clam Chowder|Forretress, F|7\/100 brn\n|turn|40\n|c|\u2606BugCatcherWeevil|gyarados was such a  scary menace to deal with\n|c|\u2606BugCatcherWeevil|that was a really good trade\n|c|\u2606Pokemontani|yeah, hes gonna be good for me this season i think\n|c|\u2606Pokemontani|I wanted him originally\n|c|\u2606Pokemontani|But he was taken\n|c|\u2606BugCatcherWeevil|definitely with veil support and his insane coverage\n|c|\u2606BugCatcherWeevil|yeah i see\n|c|\u2606Pokemontani|I messed up this game letting blissey die, i needed to heal up the gyarados and set up\n|c|\u2606Pokemontani|but alas, well played\n|c|\u2606BugCatcherWeevil|you were also so well prepared for my zone (unfortunately) xD\n|c|\u2606BugCatcherWeevil|u too\n|\n|move|p1a: Primarina|Scald|p2a: Clam Chowder\n|-damage|p2a: Clam Chowder|0 fnt\n|faint|p2a: Clam Chowder\n|\n|win|BugCatcherWeevil\n|c|\u2606BugCatcherWeevil|yeah that would have been the way to go\n|c|\u2606BugCatcherWeevil|good for me hal tuns were to end\n","uploadtime":1594927227,"views":82,"p1id":"bugcatcherweevil","p2id":"pokemontani","formatid":"gen8nationaldexag","rating":0,"private":0,"password":null}