{"id":"gen8waterparadise-1371146337","p1":"Jshehs an","p2":"lebanesestinker","format":"gen8waterparadise","log":"|j|\u2606Jshehs an\n|j|\u2606lebanesestinker\n|t:|1625511800\n|gametype|singles\n|player|p1|Jshehs an|265|1109\n|player|p2|lebanesestinker|policeman|1141\n|teamsize|p1|6\n|teamsize|p2|6\n|gen|8\n|tier|[Gen 8] Water Paradise\n|rated|\n|rule|Species Clause: Limit one of each Pok\u00e9mon\n|rule|Item Clause: Limit one of each item\n|clearpoke\n|poke|p1|Lapras, L50, M|\n|poke|p1|Gyarados, L50, M|\n|poke|p1|Lanturn, L50, M|\n|poke|p1|Swampert, L50, F|\n|poke|p1|Dracovish, L50|\n|poke|p1|Starmie, L50|\n|poke|p2|Barbaracle, L50, F|\n|poke|p2|Ludicolo, L50, F|\n|poke|p2|Starmie, L50|\n|poke|p2|Lanturn, L50, F|\n|poke|p2|Sharpedo, L50, F|\n|poke|p2|Gyarados, L50, F|\n|teampreview|3\n|inactive|Battle timer is ON: inactive players will automatically lose when time's up. (requested by Jshehs an)\n|\n|t:|1625511830\n|start\n|switch|p1a: Swampert|Swampert, L50, F|100\/100\n|switch|p2a: Barbaracle|Barbaracle, L50, F|100\/100\n|turn|1\n|\n|t:|1625511842\n|move|p2a: Barbaracle|Earthquake|p1a: Swampert\n|-damage|p1a: Swampert|71\/100\n|move|p1a: Swampert|Earthquake|p2a: Barbaracle\n|-supereffective|p2a: Barbaracle\n|-enditem|p2a: Barbaracle|Focus Sash\n|-damage|p2a: Barbaracle|1\/100\n|\n|upkeep\n|turn|2\n|\n|t:|1625511871\n|move|p2a: Barbaracle|Grass Knot|p1a: Swampert\n|-supereffective|p1a: Swampert\n|-damage|p1a: Swampert|15\/100\n|move|p1a: Swampert|Earthquake|p2a: Barbaracle\n|-supereffective|p2a: Barbaracle\n|-damage|p2a: Barbaracle|0 fnt\n|faint|p2a: Barbaracle\n|\n|upkeep\n|\n|t:|1625511876\n|switch|p2a: Sharpedo|Sharpedo, L50, F|100\/100\n|turn|3\n|\n|t:|1625511895\n|move|p2a: Sharpedo|Crunch|p1a: Swampert\n|-damage|p1a: Swampert|0 fnt\n|faint|p1a: Swampert\n|\n|-ability|p2a: Sharpedo|Speed Boost|boost\n|-boost|p2a: Sharpedo|spe|1\n|upkeep\n|inactive|Jshehs an has 120 seconds left.\n|\n|t:|1625511909\n|switch|p1a: Dracovish|Dracovish, L50|100\/100\n|turn|4\n|\n|t:|1625511914\n|move|p2a: Sharpedo|Crunch|p1a: Dracovish\n|-damage|p1a: Dracovish|45\/100\n|-unboost|p1a: Dracovish|def|1\n|move|p1a: Dracovish|Fishious Rend|p2a: Sharpedo\n|-resisted|p2a: Sharpedo\n|-damage|p2a: Sharpedo|0 fnt\n|faint|p2a: Sharpedo\n|\n|upkeep\n|\n|t:|1625511919\n|switch|p2a: Lanturn|Lanturn, L50, F|100\/100\n|turn|5\n|\n|t:|1625511925\n|move|p1a: Dracovish|Fishious Rend|p2a: Lanturn\n|-resisted|p2a: Lanturn\n|-damage|p2a: Lanturn|39\/100\n|-damage|p1a: Dracovish|29\/100|[from] item: Rocky Helmet|[of] p2a: Lanturn\n|move|p2a: Lanturn|Dazzling Gleam|p1a: Dracovish\n|-supereffective|p1a: Dracovish\n|-damage|p1a: Dracovish|0 fnt\n|faint|p1a: Dracovish\n|\n|upkeep\n|\n|t:|1625511934\n|switch|p1a: Starmie|Starmie, L50|100\/100\n|turn|6\n|\n|t:|1625511943\n|-start|p1a: Starmie|Dynamax\n|-heal|p1a: Starmie|100\/100|[silent]\n|-start|p2a: Lanturn|Dynamax\n|-heal|p2a: Lanturn|39\/100|[silent]\n|move|p1a: Starmie|Max Overgrowth|p2a: Lanturn\n|-supereffective|p2a: Lanturn\n|-damage|p2a: Lanturn|6\/100\n|-fieldstart|move: Grassy Terrain\n|move|p2a: Lanturn|Max Lightning|p1a: Starmie\n|-supereffective|p1a: Starmie\n|-damage|p1a: Starmie|49\/100\n|-fieldstart|move: Electric Terrain\n|\n|upkeep\n|turn|7\n|\n|t:|1625511957\n|move|p1a: Starmie|Max Overgrowth|p2a: Lanturn\n|-supereffective|p2a: Lanturn\n|-damage|p2a: Lanturn|0 fnt\n|-fieldstart|move: Grassy Terrain\n|faint|p2a: Lanturn\n|\n|win|Jshehs an\n|raw|Jshehs an's rating: 1109 &rarr; <strong>1136<\/strong><br \/>(+27 for winning)\n|raw|lebanesestinker's rating: 1141 &rarr; <strong>1114<\/strong><br \/>(-27 for losing)\n|l|\u2606lebanesestinker\n|l|\u2606Jshehs an\n||Ladder isn't responding, score probably updated but might not have (Request timeout).\n","uploadtime":1625512108,"views":1,"p1id":"jshehsan","p2id":"lebanesestinker","formatid":"gen8waterparadise","rating":1114,"private":0,"password":null}