{"id":"gen8ou-1036482584","p1":"Del chef","p2":"Cyyru","format":"gen8ou","log":"|j|\u2606Del chef\n|j|\u2606Cyyru\n|player|p1|Del chef|266|1484\n|player|p2|Cyyru|cyrus|1506\n|teamsize|p1|6\n|teamsize|p2|6\n|gametype|singles\n|gen|8\n|tier|[Gen 8] OU\n|rated|\n|rule|Sleep Clause Mod: Limit one foe put to sleep\n|rule|Species Clause: Limit one of each Pok\u00e9mon\n|rule|OHKO Clause: OHKO moves are banned\n|rule|Evasion Moves Clause: Evasion moves are banned\n|rule|Endless Battle Clause: Forcing endless battles is banned\n|rule|HP Percentage Mod: HP is shown in percentages\n|clearpoke\n|poke|p1|Runerigus, F|\n|poke|p1|Avalugg, M|\n|poke|p1|Ferrothorn, M|\n|poke|p1|Dragapult, M|\n|poke|p1|Milotic, F|\n|poke|p1|Salazzle, F|\n|poke|p2|Hatterene, F|\n|poke|p2|Vaporeon, M|\n|poke|p2|Aegislash, M|\n|poke|p2|Mandibuzz, F|\n|poke|p2|Goodra, F|\n|poke|p2|Dugtrio, M|\n|rule|Dynamax Clause: You cannot dynamax\n|teampreview\n|j| Zakkenwasser22\n|\n|start\n|switch|p1a: Milotic|Milotic, F|100\/100\n|switch|p2a: Aegislash|Aegislash, M|100\/100\n|turn|1\n|\n|switch|p2a: Vaporeon|Vaporeon, M|100\/100\n|move|p1a: Milotic|Scald|p2a: Vaporeon\n|-immune|p2a: Vaporeon|[from] ability: Water Absorb\n|\n|upkeep\n|turn|2\n|\n|switch|p1a: Ferrothorn|Ferrothorn, M|100\/100\n|switch|p2a: Aegislash|Aegislash, M|100\/100\n|\n|upkeep\n|turn|3\n|\n|move|p2a: Aegislash|Swords Dance|p2a: Aegislash\n|-boost|p2a: Aegislash|atk|2\n|move|p1a: Ferrothorn|Leech Seed|p2a: Aegislash\n|-start|p2a: Aegislash|move: Leech Seed\n|\n|-damage|p2a: Aegislash|88\/100|[from] Leech Seed|[of] p1a: Ferrothorn\n|upkeep\n|turn|4\n|\n|switch|p1a: Runerigus|Runerigus, F|100\/100\n|move|p2a: Aegislash|Swords Dance|p2a: Aegislash\n|-boost|p2a: Aegislash|atk|2\n|\n|-damage|p2a: Aegislash|76\/100|[from] Leech Seed|[of] p1a: Runerigus\n|upkeep\n|turn|5\n|\n|-formechange|p2a: Aegislash|Aegislash-Blade||[from] ability: Stance Change\n|move|p2a: Aegislash|Shadow Claw|p1a: Runerigus\n|-supereffective|p1a: Runerigus\n|-damage|p1a: Runerigus|0 fnt\n|-damage|p2a: Aegislash|66\/100|[from] item: Life Orb\n|faint|p1a: Runerigus\n|\n|upkeep\n|\n|switch|p1a: Salazzle|Salazzle, F|100\/100\n|turn|6\n|\n|move|p1a: Salazzle|Protect|p1a: Salazzle\n|-singleturn|p1a: Salazzle|Protect\n|move|p2a: Aegislash|Shadow Sneak|p1a: Salazzle\n|-activate|p1a: Salazzle|move: Protect\n|\n|-damage|p2a: Aegislash|54\/100|[from] Leech Seed|[of] p1a: Salazzle\n|upkeep\n|turn|7\n|\n|switch|p1a: Avalugg|Avalugg, M|100\/100\n|move|p2a: Aegislash|Iron Head|p1a: Avalugg\n|-supereffective|p1a: Avalugg\n|-damage|p1a: Avalugg|0 fnt\n|-damage|p2a: Aegislash|44\/100|[from] item: Life Orb\n|faint|p1a: Avalugg\n|\n|upkeep\n|\n|switch|p1a: Milotic|Milotic, F|100\/100\n|turn|8\n|\n|move|p2a: Aegislash|Shadow Claw|p1a: Milotic\n|-damage|p1a: Milotic|0 fnt\n|-damage|p2a: Aegislash|34\/100|[from] item: Life Orb\n|faint|p1a: Milotic\n|\n|upkeep\n|\n|switch|p1a: Ferrothorn|Ferrothorn, M|100\/100\n|turn|9\n|\n|move|p2a: Aegislash|Shadow Claw|p1a: Ferrothorn\n|-damage|p1a: Ferrothorn|8\/100\n|-damage|p2a: Aegislash|22\/100|[from] ability: Iron Barbs|[of] p1a: Ferrothorn\n|-damage|p2a: Aegislash|12\/100|[from] item: Life Orb\n|move|p1a: Ferrothorn|Power Whip|p2a: Aegislash\n|-resisted|p2a: Aegislash\n|-crit|p2a: Aegislash\n|-damage|p2a: Aegislash|0 fnt\n|faint|p2a: Aegislash\n|\n|-heal|p1a: Ferrothorn|14\/100|[from] item: Leftovers\n|upkeep\n|\n|switch|p2a: Dugtrio|Dugtrio, M|100\/100\n|turn|10\n|\n|move|p1a: Ferrothorn|Protect|p1a: Ferrothorn\n|-singleturn|p1a: Ferrothorn|Protect\n|move|p2a: Dugtrio|Earthquake|p1a: Ferrothorn\n|-activate|p1a: Ferrothorn|move: Protect\n|\n|-heal|p1a: Ferrothorn|21\/100|[from] item: Leftovers\n|upkeep\n|turn|11\n|\n|move|p2a: Dugtrio|Earthquake|p1a: Ferrothorn\n|-damage|p1a: Ferrothorn|0 fnt\n|faint|p1a: Ferrothorn\n|\n|upkeep\n|\n|switch|p1a: Dragapult|Dragapult, M|100\/100\n|turn|12\n|\n|move|p1a: Dragapult|Substitute|p1a: Dragapult\n|-start|p1a: Dragapult|Substitute\n|-damage|p1a: Dragapult|76\/100\n|move|p2a: Dugtrio|Stealth Rock|p1a: Dragapult\n|-sidestart|p1: Del chef|move: Stealth Rock\n|\n|-heal|p1a: Dragapult|82\/100|[from] item: Leftovers\n|upkeep\n|turn|13\n|\n|switch|p2a: Hatterene|Hatterene, F|100\/100\n|move|p1a: Dragapult|Will-O-Wisp|p2a: Hatterene\n|move|p2a: Hatterene|Will-O-Wisp||[from]Magic Bounce|[still]\n|-fail|p2a: Hatterene\n|\n|-heal|p1a: Dragapult|88\/100|[from] item: Leftovers\n|upkeep\n|turn|14\n|\n|move|p1a: Dragapult|Hex|p2a: Hatterene\n|-supereffective|p2a: Hatterene\n|-damage|p2a: Hatterene|39\/100\n|move|p2a: Hatterene|Draining Kiss|p1a: Dragapult\n|-supereffective|p1a: Dragapult\n|-end|p1a: Dragapult|Substitute\n|-heal|p2a: Hatterene|60\/100|[from] drain|[of] p1a: Dragapult\n|\n|-heal|p1a: Dragapult|94\/100|[from] item: Leftovers\n|-heal|p2a: Hatterene|66\/100|[from] item: Leftovers\n|upkeep\n|turn|15\n|\n|move|p1a: Dragapult|Hex|p2a: Hatterene\n|-supereffective|p2a: Hatterene\n|-damage|p2a: Hatterene|9\/100\n|move|p2a: Hatterene|Draining Kiss|p1a: Dragapult\n|-supereffective|p1a: Dragapult\n|-damage|p1a: Dragapult|35\/100\n|-heal|p2a: Hatterene|56\/100|[from] drain|[of] p1a: Dragapult\n|\n|-heal|p1a: Dragapult|42\/100|[from] item: Leftovers\n|-heal|p2a: Hatterene|62\/100|[from] item: Leftovers\n|upkeep\n|turn|16\n|\n|move|p1a: Dragapult|Hex|p2a: Hatterene\n|-supereffective|p2a: Hatterene\n|-damage|p2a: Hatterene|7\/100\n|move|p2a: Hatterene|Draining Kiss|p1a: Dragapult\n|-supereffective|p1a: Dragapult\n|-damage|p1a: Dragapult|0 fnt\n|-heal|p2a: Hatterene|40\/100|[from] drain|[of] p1a: Dragapult\n|faint|p1a: Dragapult\n|\n|-heal|p2a: Hatterene|46\/100|[from] item: Leftovers\n|upkeep\n|\n|switch|p1a: Salazzle|Salazzle, F|100\/100\n|-damage|p1a: Salazzle|76\/100|[from] Stealth Rock\n|turn|17\n|\n|switch|p2a: Dugtrio|Dugtrio, M|100\/100\n|move|p1a: Salazzle|Flamethrower|p2a: Dugtrio\n|-damage|p2a: Dugtrio|32\/100\n|\n|-heal|p1a: Salazzle|82\/100|[from] item: Black Sludge\n|upkeep\n|turn|18\n|c|\u2606Cyyru|gg\n|\n|move|p1a: Salazzle|Protect|p1a: Salazzle\n|-singleturn|p1a: Salazzle|Protect\n|move|p2a: Dugtrio|Earthquake|p1a: Salazzle\n|-activate|p1a: Salazzle|move: Protect\n|\n|-heal|p1a: Salazzle|88\/100|[from] item: Black Sludge\n|upkeep\n|turn|19\n|\n|move|p2a: Dugtrio|Earthquake|p1a: Salazzle\n|-supereffective|p1a: Salazzle\n|-damage|p1a: Salazzle|0 fnt\n|faint|p1a: Salazzle\n|\n|win|Cyyru\n|l|\u2606Del chef\n|raw|Del chef's rating: 1484 &rarr; <strong>1465<\/strong><br \/>(-19 for losing)\n|raw|Cyyru's rating: 1506 &rarr; <strong>1525<\/strong><br \/>(+19 for winning)\n","uploadtime":1577450752,"views":24,"p1id":"delchef","p2id":"cyyru","formatid":"gen8ou","rating":1465,"private":0,"password":null}