{"id":"gen8ou-1647246816","p1":"lt94jeqw","p2":"Goootzinho","format":"gen8ou","log":"|raw|<div class=\"broadcast-blue\"><strong>This battle is required to be public due to a player having a name starting with 'lt94je'.<\/div>\n|j|\u2606lt94jeqw\n|j|\u2606Goootzinho\n|t:|1661361660\n|gametype|singles\n|player|p1|lt94jeqw|dawn|1786\n|player|p2|Goootzinho|richboy|1686\n|teamsize|p1|6\n|teamsize|p2|6\n|gen|8\n|tier|[Gen 8] OU\n|rated|\n|rule|Sleep Clause Mod: Limit one foe put to sleep\n|rule|Species Clause: Limit one of each Pok\u00e9mon\n|rule|OHKO Clause: OHKO moves are banned\n|rule|Evasion Items Clause: Evasion items are banned\n|rule|Evasion Moves Clause: Evasion moves are banned\n|rule|Endless Battle Clause: Forcing endless battles is banned\n|rule|HP Percentage Mod: HP is shown in percentages\n|rule|Dynamax Clause: You cannot dynamax\n|clearpoke\n|poke|p1|Volcanion|\n|poke|p1|Ninetales-Alola, F|\n|poke|p1|Corviknight, M|\n|poke|p1|Arctozolt|\n|poke|p1|Landorus-Therian, M|\n|poke|p1|Tornadus-Therian, M|\n|poke|p2|Heracross, M|\n|poke|p2|Clefable, M|\n|poke|p2|Dragapult, M|\n|poke|p2|Landorus-Therian, M|\n|poke|p2|Rotom-Wash|\n|poke|p2|Ferrothorn, M|\n|teampreview\n|inactive|Battle timer is ON: inactive players will automatically lose when time's up. (requested by lt94jeqw)\n|inactive|Goootzinho has 120 seconds left.\n|\n|t:|1661361722\n|start\n|switch|p1a: Tornadus|Tornadus-Therian, M|100\/100\n|switch|p2a: Rotom|Rotom-Wash|100\/100\n|turn|1\n|\n|t:|1661361732\n|switch|p2a: Clefable|Clefable, M|100\/100\n|move|p1a: Tornadus|U-turn|p2a: Clefable\n|-resisted|p2a: Clefable\n|-damage|p2a: Clefable|95\/100\n|-damage|p1a: Tornadus|84\/100|[from] item: Rocky Helmet|[of] p2a: Clefable\n|\n|t:|1661361738\n|switch|p1a: Volcanion|Volcanion|100\/100|[from]move: U-turn\n|\n|upkeep\n|turn|2\n|\n|t:|1661361742\n|move|p1a: Volcanion|Sludge Bomb|p2a: Clefable\n|-supereffective|p2a: Clefable\n|-damage|p2a: Clefable|0 fnt\n|faint|p2a: Clefable\n|\n|upkeep\n|\n|t:|1661361744\n|switch|p2a: Ferrothorn|Ferrothorn, M|100\/100\n|turn|3\n|\n|t:|1661361747\n|switch|p1a: Corviknight|Corviknight, M|100\/100\n|-ability|p1a: Corviknight|Pressure\n|move|p2a: Ferrothorn|Stealth Rock|p1a: Corviknight\n|-sidestart|p1: lt94jeqw|move: Stealth Rock\n|\n|upkeep\n|turn|4\n|\n|t:|1661361749\n|move|p1a: Corviknight|Defog|p2a: Ferrothorn\n|-unboost|p2a: Ferrothorn|evasion|1\n|-sideend|p1: lt94jeqw|Stealth Rock|[from] move: Defog|[of] p1a: Corviknight\n|move|p2a: Ferrothorn|Leech Seed|p1a: Corviknight\n|-start|p1a: Corviknight|move: Leech Seed\n|\n|-damage|p1a: Corviknight|88\/100|[from] Leech Seed|[of] p2a: Ferrothorn\n|upkeep\n|turn|5\n|\n|t:|1661361753\n|switch|p1a: Volcanion|Volcanion|100\/100\n|move|p2a: Ferrothorn|Stealth Rock|p1a: Volcanion\n|-sidestart|p1: lt94jeqw|move: Stealth Rock\n|\n|upkeep\n|turn|6\n|j| marsandback\n|\n|t:|1661361759\n|switch|p2a: Rotom|Rotom-Wash|100\/100\n|move|p1a: Volcanion|Steam Eruption|p2a: Rotom\n|-resisted|p2a: Rotom\n|-damage|p2a: Rotom|67\/100\n|\n|-heal|p2a: Rotom|73\/100|[from] item: Leftovers\n|upkeep\n|turn|7\n|l| marsandback\n|\n|t:|1661361785\n|move|p1a: Volcanion|Steam Eruption|p2a: Rotom\n|-resisted|p2a: Rotom\n|-damage|p2a: Rotom|34\/100\n|-status|p2a: Rotom|brn\n|move|p2a: Rotom|Pain Split|p1a: Volcanion\n|-sethp|p1a: Volcanion|67\/100|[from] move: Pain Split|[silent]\n|-sethp|p2a: Rotom|67\/100 brn|[from] move: Pain Split\n|\n|-heal|p2a: Rotom|73\/100 brn|[from] item: Leftovers\n|-damage|p2a: Rotom|67\/100 brn|[from] brn\n|upkeep\n|turn|8\n|\n|t:|1661361792\n|move|p1a: Volcanion|Steam Eruption|p2a: Rotom\n|-resisted|p2a: Rotom\n|-damage|p2a: Rotom|27\/100 brn\n|move|p2a: Rotom|Volt Switch|p1a: Volcanion\n|-supereffective|p1a: Volcanion\n|-damage|p1a: Volcanion|3\/100\n|inactive|Goootzinho has 120 seconds left.\n|\n|t:|1661361819\n|switch|p2a: Dragapult|Dragapult, M|100\/100|[from]move: Volt Switch\n|\n|upkeep\n|turn|9\n|\n|t:|1661361829\n|move|p2a: Dragapult|Flamethrower|p1a: Volcanion\n|-resisted|p1a: Volcanion\n|-damage|p1a: Volcanion|0 fnt\n|faint|p1a: Volcanion\n|\n|upkeep\n|\n|t:|1661361831\n|switch|p1a: Tornadus|Tornadus-Therian, M|100\/100\n|-damage|p1a: Tornadus|76\/100|[from] Stealth Rock\n|turn|10\n|\n|t:|1661361835\n|move|p2a: Dragapult|Dragon Darts|p1a: Tornadus\n|-damage|p1a: Tornadus|46\/100\n|-anim|p2a: Dragapult|Dragon Darts|p1a: Tornadus\n|-damage|p1a: Tornadus|16\/100\n|move|p1a: Tornadus|Knock Off|p2a: Dragapult\n|-supereffective|p2a: Dragapult\n|-damage|p2a: Dragapult|48\/100\n|-enditem|p2a: Dragapult|Heavy-Duty Boots|[from] move: Knock Off|[of] p1a: Tornadus\n|\n|upkeep\n|turn|11\n|\n|t:|1661361859\n|switch|p1a: Ninetales|Ninetales-Alola, F|100\/100\n|-damage|p1a: Ninetales|76\/100|[from] Stealth Rock\n|-weather|Hail|[from] ability: Snow Warning|[of] p1a: Ninetales\n|move|p2a: Dragapult|Flamethrower|p1a: Ninetales\n|-supereffective|p1a: Ninetales\n|-damage|p1a: Ninetales|42\/100\n|\n|-weather|Hail|[upkeep]\n|-damage|p2a: Dragapult|42\/100|[from] Hail\n|upkeep\n|turn|12\n|\n|t:|1661361877\n|move|p2a: Dragapult|Flamethrower|p1a: Ninetales\n|-supereffective|p1a: Ninetales\n|-damage|p1a: Ninetales|5\/100\n|move|p1a: Ninetales|Hypnosis|p2a: Dragapult|[miss]\n|-miss|p1a: Ninetales|p2a: Dragapult\n|\n|-weather|Hail|[upkeep]\n|-damage|p2a: Dragapult|36\/100|[from] Hail\n|upkeep\n|turn|13\n|\n|t:|1661361884\n|switch|p1a: Landorus|Landorus-Therian, M|100\/100\n|-damage|p1a: Landorus|88\/100|[from] Stealth Rock\n|-ability|p1a: Landorus|Intimidate|boost\n|-fail|p2a: Dragapult|unboost|[from] ability: Clear Body|[of] p2a: Dragapult\n|move|p2a: Dragapult|Flamethrower|p1a: Landorus\n|-damage|p1a: Landorus|74\/100\n|\n|-weather|Hail|[upkeep]\n|-damage|p2a: Dragapult|30\/100|[from] Hail\n|-damage|p1a: Landorus|68\/100|[from] Hail\n|-heal|p1a: Landorus|74\/100|[from] item: Leftovers\n|upkeep\n|turn|14\n|\n|t:|1661361896\n|switch|p2a: Landorus|Landorus-Therian, M|100\/100\n|-ability|p2a: Landorus|Intimidate|boost\n|-unboost|p1a: Landorus|atk|1\n|move|p1a: Landorus|Earthquake|p2a: Landorus\n|-immune|p2a: Landorus\n|\n|-weather|Hail|[upkeep]\n|-damage|p2a: Landorus|94\/100|[from] Hail\n|-damage|p1a: Landorus|68\/100|[from] Hail\n|-heal|p2a: Landorus|100\/100|[from] item: Leftovers\n|-heal|p1a: Landorus|74\/100|[from] item: Leftovers\n|upkeep\n|turn|15\n|\n|t:|1661361900\n|move|p2a: Landorus|Substitute|p2a: Landorus\n|-start|p2a: Landorus|Substitute\n|-damage|p2a: Landorus|76\/100\n|move|p1a: Landorus|Defog|p2a: Landorus\n|-sideend|p1: lt94jeqw|Stealth Rock|[from] move: Defog|[of] p1a: Landorus\n|\n|-weather|Hail|[upkeep]\n|-damage|p2a: Landorus|70\/100|[from] Hail\n|-damage|p1a: Landorus|68\/100|[from] Hail\n|-heal|p2a: Landorus|76\/100|[from] item: Leftovers\n|-heal|p1a: Landorus|74\/100|[from] item: Leftovers\n|upkeep\n|turn|16\n|\n|t:|1661361905\n|move|p2a: Landorus|Bulk Up|p2a: Landorus\n|-boost|p2a: Landorus|atk|1\n|-boost|p2a: Landorus|def|1\n|move|p1a: Landorus|U-turn|p2a: Landorus\n|-resisted|p2a: Landorus\n|-activate|p2a: Landorus|move: Substitute|[damage]\n|\n|t:|1661361909\n|switch|p1a: Ninetales|Ninetales-Alola, F|5\/100|[from]move: U-turn\n|\n|-weather|Hail|[upkeep]\n|-damage|p2a: Landorus|70\/100|[from] Hail\n|-heal|p2a: Landorus|76\/100|[from] item: Leftovers\n|upkeep\n|turn|17\n|\n|t:|1661361911\n|move|p1a: Ninetales|Encore|p2a: Landorus\n|-start|p2a: Landorus|Encore\n|move|p2a: Landorus|Bulk Up|p2a: Landorus\n|-boost|p2a: Landorus|atk|1\n|-boost|p2a: Landorus|def|1\n|\n|-weather|Hail|[upkeep]\n|-damage|p2a: Landorus|70\/100|[from] Hail\n|-heal|p2a: Landorus|76\/100|[from] item: Leftovers\n|upkeep\n|turn|18\n|\n|t:|1661361917\n|move|p1a: Ninetales|Freeze-Dry|p2a: Landorus\n|-supereffective|p2a: Landorus\n|-end|p2a: Landorus|Substitute\n|move|p2a: Landorus|Bulk Up|p2a: Landorus\n|-boost|p2a: Landorus|atk|1\n|-boost|p2a: Landorus|def|1\n|\n|-weather|none\n|-heal|p2a: Landorus|82\/100|[from] item: Leftovers\n|upkeep\n|turn|19\n|\n|t:|1661361924\n|switch|p2a: Ferrothorn|Ferrothorn, M|100\/100\n|move|p1a: Ninetales|Freeze-Dry|p2a: Ferrothorn\n|-damage|p2a: Ferrothorn|83\/100\n|\n|-heal|p2a: Ferrothorn|89\/100|[from] item: Leftovers\n|upkeep\n|turn|20\n|\n|t:|1661361935\n|move|p1a: Ninetales|Hypnosis|p2a: Ferrothorn\n|-status|p2a: Ferrothorn|slp|[from] move: Hypnosis\n|cant|p2a: Ferrothorn|slp\n|\n|-heal|p2a: Ferrothorn|95\/100 slp|[from] item: Leftovers\n|upkeep\n|turn|21\n|\n|t:|1661361946\n|switch|p1a: Tornadus|Tornadus-Therian, M|49\/100\n|switch|p2a: Landorus|Landorus-Therian, M|82\/100\n|-ability|p2a: Landorus|Intimidate|boost\n|-unboost|p1a: Tornadus|atk|1\n|\n|-heal|p2a: Landorus|88\/100|[from] item: Leftovers\n|upkeep\n|turn|22\n|\n|t:|1661361954\n|switch|p2a: Ferrothorn|Ferrothorn, M|95\/100 slp\n|move|p1a: Tornadus|U-turn|p2a: Ferrothorn\n|-damage|p2a: Ferrothorn|89\/100 slp\n|-damage|p1a: Tornadus|37\/100|[from] ability: Iron Barbs|[of] p2a: Ferrothorn\n|\n|t:|1661361967\n|switch|p1a: Landorus|Landorus-Therian, M|74\/100|[from]move: U-turn\n|-ability|p1a: Landorus|Intimidate|boost\n|-unboost|p2a: Ferrothorn|atk|1\n|\n|-heal|p1a: Landorus|80\/100|[from] item: Leftovers\n|-heal|p2a: Ferrothorn|95\/100 slp|[from] item: Leftovers\n|upkeep\n|turn|23\n|\n|t:|1661361971\n|move|p1a: Landorus|Earthquake|p2a: Ferrothorn\n|-damage|p2a: Ferrothorn|67\/100 slp\n|cant|p2a: Ferrothorn|slp\n|\n|-heal|p1a: Landorus|86\/100|[from] item: Leftovers\n|-heal|p2a: Ferrothorn|73\/100 slp|[from] item: Leftovers\n|upkeep\n|turn|24\n|\n|t:|1661361976\n|switch|p2a: Landorus|Landorus-Therian, M|88\/100\n|-ability|p2a: Landorus|Intimidate|boost\n|-unboost|p1a: Landorus|atk|1\n|move|p1a: Landorus|U-turn|p2a: Landorus\n|-resisted|p2a: Landorus\n|-damage|p2a: Landorus|80\/100\n|\n|t:|1661361982\n|switch|p1a: Ninetales|Ninetales-Alola, F|5\/100|[from]move: U-turn\n|-weather|Hail|[from] ability: Snow Warning|[of] p1a: Ninetales\n|\n|-weather|Hail|[upkeep]\n|-damage|p2a: Landorus|74\/100|[from] Hail\n|-heal|p2a: Landorus|80\/100|[from] item: Leftovers\n|upkeep\n|turn|25\n|\n|t:|1661361988\n|switch|p2a: Ferrothorn|Ferrothorn, M|73\/100 slp\n|move|p1a: Ninetales|Freeze-Dry|p2a: Ferrothorn\n|-damage|p2a: Ferrothorn|53\/100 slp\n|\n|-weather|Hail|[upkeep]\n|-damage|p2a: Ferrothorn|48\/100 slp|[from] Hail\n|-heal|p2a: Ferrothorn|53\/100 slp|[from] item: Leftovers\n|upkeep\n|turn|26\n|\n|t:|1661361994\n|switch|p1a: Tornadus|Tornadus-Therian, M|70\/100\n|-curestatus|p2a: Ferrothorn|slp|[msg]\n|move|p2a: Ferrothorn|Leech Seed|p1a: Tornadus\n|-start|p1a: Tornadus|move: Leech Seed\n|\n|-weather|Hail|[upkeep]\n|-damage|p1a: Tornadus|64\/100|[from] Hail\n|-damage|p2a: Ferrothorn|48\/100|[from] Hail\n|-heal|p2a: Ferrothorn|53\/100|[from] item: Leftovers\n|-damage|p1a: Tornadus|51\/100|[from] Leech Seed|[of] p2a: Ferrothorn\n|-heal|p2a: Ferrothorn|66\/100|[silent]\n|upkeep\n|turn|27\n|\n|t:|1661362005\n|switch|p1a: Landorus|Landorus-Therian, M|86\/100\n|-ability|p1a: Landorus|Intimidate|boost\n|-unboost|p2a: Ferrothorn|atk|1\n|switch|p2a: Rotom|Rotom-Wash|27\/100 brn\n|\n|-weather|Hail|[upkeep]\n|-damage|p2a: Rotom|21\/100 brn|[from] Hail\n|-damage|p1a: Landorus|80\/100|[from] Hail\n|-heal|p2a: Rotom|27\/100 brn|[from] item: Leftovers\n|-heal|p1a: Landorus|86\/100|[from] item: Leftovers\n|-damage|p2a: Rotom|21\/100 brn|[from] brn\n|upkeep\n|turn|28\n|\n|t:|1661362012\n|switch|p1a: Arctozolt|Arctozolt|100\/100\n|move|p2a: Rotom|Hydro Pump|p1a: Arctozolt\n|-damage|p1a: Arctozolt|47\/100\n|\n|-weather|Hail|[upkeep]\n|-damage|p2a: Rotom|15\/100 brn|[from] Hail\n|-heal|p1a: Arctozolt|53\/100|[from] item: Leftovers\n|-heal|p2a: Rotom|21\/100 brn|[from] item: Leftovers\n|-damage|p2a: Rotom|15\/100 brn|[from] brn\n|upkeep\n|turn|29\n|\n|t:|1661362021\n|move|p1a: Arctozolt|Blizzard|p2a: Rotom\n|-resisted|p2a: Rotom\n|-damage|p2a: Rotom|2\/100 brn\n|move|p2a: Rotom|Volt Switch|p1a: Arctozolt\n|-resisted|p1a: Arctozolt\n|-damage|p1a: Arctozolt|36\/100\n|\n|t:|1661362025\n|switch|p2a: Landorus|Landorus-Therian, M|80\/100|[from]move: Volt Switch\n|-ability|p2a: Landorus|Intimidate|boost\n|-unboost|p1a: Arctozolt|atk|1\n|\n|-weather|Hail|[upkeep]\n|-damage|p2a: Landorus|74\/100|[from] Hail\n|-heal|p1a: Arctozolt|43\/100|[from] item: Leftovers\n|-heal|p2a: Landorus|80\/100|[from] item: Leftovers\n|upkeep\n|turn|30\n|\n|t:|1661362036\n|switch|p2a: Rotom|Rotom-Wash|2\/100 brn\n|move|p1a: Arctozolt|Blizzard|p2a: Rotom\n|-resisted|p2a: Rotom\n|-damage|p2a: Rotom|0 fnt\n|faint|p2a: Rotom\n|\n|-weather|Hail|[upkeep]\n|-heal|p1a: Arctozolt|49\/100|[from] item: Leftovers\n|upkeep\n|\n|t:|1661362049\n|switch|p2a: Ferrothorn|Ferrothorn, M|66\/100\n|turn|31\n|\n|t:|1661362056\n|switch|p1a: Tornadus|Tornadus-Therian, M|84\/100\n|move|p2a: Ferrothorn|Stealth Rock|p1a: Tornadus\n|-sidestart|p1: lt94jeqw|move: Stealth Rock\n|\n|-weather|none\n|-heal|p2a: Ferrothorn|72\/100|[from] item: Leftovers\n|upkeep\n|turn|32\n|\n|t:|1661362058\n|move|p1a: Tornadus|Heat Wave|p2a: Ferrothorn\n|-supereffective|p2a: Ferrothorn\n|-damage|p2a: Ferrothorn|0 fnt\n|faint|p2a: Ferrothorn\n|\n|upkeep\n|\n|t:|1661362079\n|switch|p2a: Dragapult|Dragapult, M|30\/100\n|turn|33\n|\n|t:|1661362082\n|move|p2a: Dragapult|Dragon Darts|p1a: Tornadus\n|-damage|p1a: Tornadus|53\/100\n|-anim|p2a: Dragapult|Dragon Darts|p1a: Tornadus\n|-damage|p1a: Tornadus|20\/100\n|move|p1a: Tornadus|Knock Off|p2a: Dragapult\n|-supereffective|p2a: Dragapult\n|-damage|p2a: Dragapult|0 fnt\n|faint|p2a: Dragapult\n|\n|upkeep\n|\n|t:|1661362087\n|switch|p2a: Landorus|Landorus-Therian, M|80\/100\n|-ability|p2a: Landorus|Intimidate|boost\n|-unboost|p1a: Tornadus|atk|1\n|turn|34\n|\n|t:|1661362092\n|move|p1a: Tornadus|U-turn|p2a: Landorus\n|-resisted|p2a: Landorus\n|-damage|p2a: Landorus|75\/100\n|\n|t:|1661362095\n|switch|p1a: Corviknight|Corviknight, M|88\/100|[from]move: U-turn\n|-damage|p1a: Corviknight|76\/100|[from] Stealth Rock\n|-ability|p1a: Corviknight|Pressure\n|move|p2a: Landorus|Substitute|p2a: Landorus\n|-start|p2a: Landorus|Substitute\n|-damage|p2a: Landorus|50\/100\n|\n|-heal|p2a: Landorus|56\/100|[from] item: Leftovers\n|upkeep\n|turn|35\n|\n|t:|1661362097\n|move|p2a: Landorus|Smack Down|p1a: Corviknight\n|-damage|p1a: Corviknight|65\/100\n|-start|p1a: Corviknight|Smack Down\n|move|p1a: Corviknight|Defog|p2a: Landorus\n|-sideend|p1: lt94jeqw|Stealth Rock|[from] move: Defog|[of] p1a: Corviknight\n|\n|-heal|p2a: Landorus|62\/100|[from] item: Leftovers\n|upkeep\n|turn|36\n|\n|t:|1661362105\n|switch|p1a: Landorus|Landorus-Therian, M|86\/100\n|-ability|p1a: Landorus|Intimidate|boost\n|-immune|p2a: Landorus\n|move|p2a: Landorus|Bulk Up|p2a: Landorus\n|-boost|p2a: Landorus|atk|1\n|-boost|p2a: Landorus|def|1\n|\n|-heal|p2a: Landorus|68\/100|[from] item: Leftovers\n|-heal|p1a: Landorus|92\/100|[from] item: Leftovers\n|upkeep\n|turn|37\n|\n|t:|1661362114\n|move|p2a: Landorus|Smack Down|p1a: Landorus\n|-damage|p1a: Landorus|70\/100\n|-start|p1a: Landorus|Smack Down\n|move|p1a: Landorus|U-turn|p2a: Landorus\n|-resisted|p2a: Landorus\n|-activate|p2a: Landorus|move: Substitute|[damage]\n|\n|t:|1661362119\n|switch|p1a: Ninetales|Ninetales-Alola, F|5\/100|[from]move: U-turn\n|-weather|Hail|[from] ability: Snow Warning|[of] p1a: Ninetales\n|\n|-weather|Hail|[upkeep]\n|-damage|p2a: Landorus|62\/100|[from] Hail\n|-heal|p2a: Landorus|68\/100|[from] item: Leftovers\n|upkeep\n|turn|38\n|\n|t:|1661362132\n|move|p1a: Ninetales|Freeze-Dry|p2a: Landorus\n|-supereffective|p2a: Landorus\n|-end|p2a: Landorus|Substitute\n|move|p2a: Landorus|Substitute|p2a: Landorus\n|-start|p2a: Landorus|Substitute\n|-damage|p2a: Landorus|44\/100\n|\n|-weather|Hail|[upkeep]\n|-damage|p2a: Landorus|38\/100|[from] Hail\n|-heal|p2a: Landorus|44\/100|[from] item: Leftovers\n|upkeep\n|turn|39\n|\n|t:|1661362143\n|move|p1a: Ninetales|Encore|p2a: Landorus\n|-start|p2a: Landorus|Encore\n|move|p2a: Landorus|Substitute|p2a: Landorus\n|-fail|p2a: Landorus|move: Substitute\n|\n|-weather|Hail|[upkeep]\n|-damage|p2a: Landorus|38\/100|[from] Hail\n|-heal|p2a: Landorus|44\/100|[from] item: Leftovers\n|upkeep\n|turn|40\n|\n|t:|1661362149\n|switch|p1a: Tornadus|Tornadus-Therian, M|53\/100\n|move|p2a: Landorus|Substitute|p2a: Landorus\n|-fail|p2a: Landorus|move: Substitute\n|\n|-weather|Hail|[upkeep]\n|-damage|p1a: Tornadus|47\/100|[from] Hail\n|-damage|p2a: Landorus|38\/100|[from] Hail\n|-heal|p2a: Landorus|44\/100|[from] item: Leftovers\n|upkeep\n|turn|41\n|\n|t:|1661362153\n|move|p1a: Tornadus|U-turn|p2a: Landorus\n|-resisted|p2a: Landorus\n|-activate|p2a: Landorus|move: Substitute|[damage]\n|\n|t:|1661362156\n|switch|p1a: Ninetales|Ninetales-Alola, F|5\/100|[from]move: U-turn\n|move|p2a: Landorus|Substitute|p2a: Landorus\n|-fail|p2a: Landorus|move: Substitute\n|\n|-weather|Hail|[upkeep]\n|-damage|p2a: Landorus|38\/100|[from] Hail\n|-heal|p2a: Landorus|44\/100|[from] item: Leftovers\n|-end|p2a: Landorus|Encore\n|upkeep\n|turn|42\n|\n|t:|1661362167\n|move|p1a: Ninetales|Encore|p2a: Landorus\n|-start|p2a: Landorus|Encore\n|move|p2a: Landorus|Substitute|p2a: Landorus\n|-fail|p2a: Landorus|move: Substitute\n|\n|-weather|Hail|[upkeep]\n|-damage|p2a: Landorus|38\/100|[from] Hail\n|-heal|p2a: Landorus|44\/100|[from] item: Leftovers\n|upkeep\n|turn|43\n|\n|t:|1661362171\n|move|p1a: Ninetales|Moonblast|p2a: Landorus\n|-end|p2a: Landorus|Substitute\n|move|p2a: Landorus|Substitute|p2a: Landorus\n|-start|p2a: Landorus|Substitute\n|-damage|p2a: Landorus|19\/100\n|\n|-weather|Hail|[upkeep]\n|-damage|p2a: Landorus|13\/100|[from] Hail\n|-heal|p2a: Landorus|19\/100|[from] item: Leftovers\n|upkeep\n|turn|44\n|\n|t:|1661362181\n|move|p1a: Ninetales|Moonblast|p2a: Landorus\n|-end|p2a: Landorus|Substitute\n|move|p2a: Landorus|Substitute|p2a: Landorus\n|-fail|p2a: Landorus|move: Substitute|[weak]\n|\n|-weather|none\n|-heal|p2a: Landorus|25\/100|[from] item: Leftovers\n|-end|p2a: Landorus|Encore\n|upkeep\n|turn|45\n|\n|t:|1661362185\n|move|p1a: Ninetales|Freeze-Dry|p2a: Landorus\n|-supereffective|p2a: Landorus\n|-damage|p2a: Landorus|0 fnt\n|faint|p2a: Landorus\n|\n|upkeep\n|\n|t:|1661362187\n|switch|p2a: Kingpin|Heracross, M|100\/100\n|turn|46\n|\n|t:|1661362189\n|switch|p1a: Landorus|Landorus-Therian, M|70\/100\n|-ability|p1a: Landorus|Intimidate|boost\n|-unboost|p2a: Kingpin|atk|1\n|move|p2a: Kingpin|Knock Off|p1a: Landorus\n|-damage|p1a: Landorus|46\/100\n|-enditem|p1a: Landorus|Leftovers|[from] move: Knock Off|[of] p2a: Kingpin\n|\n|-status|p2a: Kingpin|brn|[from] item: Flame Orb\n|upkeep\n|turn|47\n|-message|Goootzinho forfeited.\n|\n|win|lt94jeqw\n|raw|lt94jeqw's rating: 1786 &rarr; <strong>1799<\/strong><br \/>(+13 for winning)\n|raw|Goootzinho's rating: 1667 &rarr; <strong>1654<\/strong><br \/>(-13 for losing)\n|l|\u2606Goootzinho\n|l|\u2606lt94jeqw\n|j| LT94JE Ornstein\n|l| LT94JE Ornstein\n||Ladder isn't responding, score probably updated but might not have (Request timeout).\n","uploadtime":1661362758,"views":59,"p1id":"lt94jeqw","p2id":"goootzinho","formatid":"gen8ou","rating":1654,"private":0,"password":null}