{"id":"gen8ou-1688470281","p1":"Vodyne","p2":"tracing your ip","format":"gen8ou","log":"|html|<div class=\"broadcast-blue\"><strong>[Gen 8] OU is currently suspecting Melmetal! For information on how to participate check out the <a href=\"https:\/\/www.smogon.com\/forums\/threads\/np-ss-ou-suspect-process-round-12-monster-mash.3709234\/\">suspect thread<\/a>.<\/strong><\/div>\n|j|\u2606Vodyne\n|j|\u2606tracing your ip\n|t:|1666070923\n|gametype|singles\n|player|p1|Vodyne|169|1529\n|player|p2|tracing your ip|266|1596\n|teamsize|p1|6\n|teamsize|p2|6\n|gen|8\n|tier|[Gen 8] OU\n|rated|\n|rule|Sleep Clause Mod: Limit one foe put to sleep\n|rule|Species Clause: Limit one of each Pok\u00e9mon\n|rule|OHKO Clause: OHKO moves are banned\n|rule|Evasion Items Clause: Evasion items are banned\n|rule|Evasion Moves Clause: Evasion moves are banned\n|rule|Endless Battle Clause: Forcing endless battles is banned\n|rule|HP Percentage Mod: HP is shown in percentages\n|rule|Dynamax Clause: You cannot dynamax\n|clearpoke\n|poke|p1|Snorlax, M|\n|poke|p1|Suicune|\n|poke|p1|Melmetal|\n|poke|p1|Victini|\n|poke|p1|Landorus-Therian, M|\n|poke|p1|Zapdos|\n|poke|p2|Weavile, M|\n|poke|p2|Zapdos|\n|poke|p2|Dragapult, M|\n|poke|p2|Toxapex, M|\n|poke|p2|Landorus-Therian, M|\n|poke|p2|Ferrothorn, M|\n|teampreview\n|\n|t:|1666070991\n|start\n|switch|p1a: Suicune|Suicune|100\/100\n|switch|p2a: Landorus|Landorus-Therian, M|100\/100\n|-ability|p2a: Landorus|Intimidate|boost\n|-unboost|p1a: Suicune|atk|1\n|-ability|p1a: Suicune|Pressure\n|turn|1\n|\n|t:|1666071017\n|switch|p2a: Toxapex|Toxapex, M|100\/100\n|move|p1a: Suicune|Ice Beam|p2a: Toxapex\n|-resisted|p2a: Toxapex\n|-crit|p2a: Toxapex\n|-damage|p2a: Toxapex|88\/100\n|\n|-heal|p2a: Toxapex|94\/100|[from] item: Black Sludge\n|upkeep\n|turn|2\n|\n|t:|1666071037\n|switch|p1a: Zapdos|Zapdos|100\/100\n|move|p2a: Toxapex|Scald|p1a: Zapdos\n|-damage|p1a: Zapdos|83\/100\n|\n|-heal|p2a: Toxapex|99\/100|[from] item: Black Sludge\n|upkeep\n|turn|3\n|\n|t:|1666071057\n|switch|p2a: Landorus|Landorus-Therian, M|100\/100\n|-ability|p2a: Landorus|Intimidate|boost\n|-unboost|p1a: Zapdos|atk|1\n|move|p1a: Zapdos|Hurricane|p2a: Landorus|[miss]\n|-miss|p1a: Zapdos|p2a: Landorus\n|\n|upkeep\n|turn|4\n|\n|t:|1666071061\n|move|p1a: Zapdos|Hurricane|p2a: Landorus|[miss]\n|-miss|p1a: Zapdos|p2a: Landorus\n|move|p2a: Landorus|U-turn|p1a: Zapdos\n|-resisted|p1a: Zapdos\n|-damage|p1a: Zapdos|72\/100\n|\n|t:|1666071064\n|switch|p2a: Weavile|Weavile, M|100\/100|[from]move: U-turn\n|-ability|p2a: Weavile|Pressure\n|\n|upkeep\n|turn|5\n|\n|t:|1666071068\n|switch|p1a: Suicune|Suicune|100\/100\n|-ability|p1a: Suicune|Pressure\n|move|p2a: Weavile|Knock Off|p1a: Suicune\n|-damage|p1a: Suicune|61\/100\n|-enditem|p1a: Suicune|Leftovers|[from] move: Knock Off|[of] p2a: Weavile\n|\n|upkeep\n|turn|6\n|\n|t:|1666071073\n|switch|p2a: Zapdos|Zapdos|100\/100\n|move|p1a: Suicune|Scald|p2a: Zapdos\n|-damage|p2a: Zapdos|76\/100\n|-status|p2a: Zapdos|brn\n|\n|-damage|p2a: Zapdos|70\/100 brn|[from] brn\n|upkeep\n|turn|7\n|\n|t:|1666071076\n|switch|p1a: Snorlax|Snorlax, M|100\/100\n|move|p2a: Zapdos|Hurricane|p1a: Snorlax\n|-damage|p1a: Snorlax|58\/100\n|\n|-heal|p1a: Snorlax|64\/100|[from] item: Leftovers\n|-damage|p2a: Zapdos|64\/100 brn|[from] brn\n|upkeep\n|turn|8\n|\n|t:|1666071081\n|switch|p2a: Dragapult|Dragapult, M|100\/100\n|move|p1a: Snorlax|Curse|p1a: Snorlax\n|-unboost|p1a: Snorlax|spe|1\n|-boost|p1a: Snorlax|atk|1\n|-boost|p1a: Snorlax|def|1\n|\n|-heal|p1a: Snorlax|70\/100|[from] item: Leftovers\n|upkeep\n|turn|9\n|\n|t:|1666071084\n|move|p2a: Dragapult|Substitute|p2a: Dragapult\n|-start|p2a: Dragapult|Substitute\n|-damage|p2a: Dragapult|76\/100\n|move|p1a: Snorlax|Curse|p1a: Snorlax\n|-unboost|p1a: Snorlax|spe|1\n|-boost|p1a: Snorlax|atk|1\n|-boost|p1a: Snorlax|def|1\n|\n|-heal|p2a: Dragapult|82\/100|[from] item: Leftovers\n|-heal|p1a: Snorlax|76\/100|[from] item: Leftovers\n|upkeep\n|turn|10\n|\n|t:|1666071088\n|move|p2a: Dragapult|Dragon Dance|p2a: Dragapult\n|-boost|p2a: Dragapult|atk|1\n|-boost|p2a: Dragapult|spe|1\n|move|p1a: Snorlax|Curse|p1a: Snorlax\n|-unboost|p1a: Snorlax|spe|1\n|-boost|p1a: Snorlax|atk|1\n|-boost|p1a: Snorlax|def|1\n|\n|-heal|p2a: Dragapult|88\/100|[from] item: Leftovers\n|-heal|p1a: Snorlax|82\/100|[from] item: Leftovers\n|upkeep\n|turn|11\n|\n|t:|1666071092\n|move|p2a: Dragapult|Dragon Dance|p2a: Dragapult\n|-boost|p2a: Dragapult|atk|1\n|-boost|p2a: Dragapult|spe|1\n|move|p1a: Snorlax|Curse|p1a: Snorlax\n|-unboost|p1a: Snorlax|spe|1\n|-boost|p1a: Snorlax|atk|1\n|-boost|p1a: Snorlax|def|1\n|\n|-heal|p2a: Dragapult|94\/100|[from] item: Leftovers\n|-heal|p1a: Snorlax|88\/100|[from] item: Leftovers\n|upkeep\n|turn|12\n|\n|t:|1666071096\n|move|p2a: Dragapult|Dragon Dance|p2a: Dragapult\n|-boost|p2a: Dragapult|atk|1\n|-boost|p2a: Dragapult|spe|1\n|move|p1a: Snorlax|Curse|p1a: Snorlax\n|-unboost|p1a: Snorlax|spe|1\n|-boost|p1a: Snorlax|atk|1\n|-boost|p1a: Snorlax|def|1\n|\n|-heal|p2a: Dragapult|99\/100|[from] item: Leftovers\n|-heal|p1a: Snorlax|95\/100|[from] item: Leftovers\n|upkeep\n|turn|13\n|\n|t:|1666071101\n|move|p2a: Dragapult|Dragon Dance|p2a: Dragapult\n|-boost|p2a: Dragapult|atk|1\n|-boost|p2a: Dragapult|spe|1\n|move|p1a: Snorlax|Heat Crash|p2a: Dragapult\n|-resisted|p2a: Dragapult\n|-end|p2a: Dragapult|Substitute\n|\n|-heal|p2a: Dragapult|100\/100|[from] item: Leftovers\n|-heal|p1a: Snorlax|100\/100|[from] item: Leftovers\n|upkeep\n|turn|14\n|\n|t:|1666071104\n|move|p2a: Dragapult|Dragon Darts|p1a: Snorlax\n|-damage|p1a: Snorlax|79\/100\n|-anim|p2a: Dragapult|Dragon Darts|p1a: Snorlax\n|-damage|p1a: Snorlax|55\/100\n|move|p1a: Snorlax|Heat Crash|p2a: Dragapult\n|-resisted|p2a: Dragapult\n|-damage|p2a: Dragapult|25\/100\n|\n|-heal|p2a: Dragapult|31\/100|[from] item: Leftovers\n|-heal|p1a: Snorlax|62\/100|[from] item: Leftovers\n|upkeep\n|turn|15\n|\n|t:|1666071122\n|move|p2a: Dragapult|Dragon Darts|p1a: Snorlax\n|-damage|p1a: Snorlax|42\/100\n|-anim|p2a: Dragapult|Dragon Darts|p1a: Snorlax\n|-damage|p1a: Snorlax|18\/100\n|move|p1a: Snorlax|Heat Crash|p2a: Dragapult\n|-resisted|p2a: Dragapult\n|-damage|p2a: Dragapult|0 fnt\n|faint|p2a: Dragapult\n|\n|-heal|p1a: Snorlax|25\/100|[from] item: Leftovers\n|upkeep\n|\n|t:|1666071127\n|switch|p2a: Ferrothorn|Ferrothorn, M|100\/100\n|turn|16\n|\n|t:|1666071135\n|move|p2a: Ferrothorn|Leech Seed|p1a: Snorlax\n|-start|p1a: Snorlax|move: Leech Seed\n|move|p1a: Snorlax|Rest|p1a: Snorlax\n|-status|p1a: Snorlax|slp|[from] move: Rest\n|-heal|p1a: Snorlax|100\/100 slp|[silent]\n|\n|-damage|p1a: Snorlax|88\/100 slp|[from] Leech Seed|[of] p2a: Ferrothorn\n|upkeep\n|turn|17\n|\n|t:|1666071140\n|move|p2a: Ferrothorn|Iron Defense|p2a: Ferrothorn\n|-boost|p2a: Ferrothorn|def|2\n|cant|p1a: Snorlax|slp\n|\n|-heal|p1a: Snorlax|94\/100 slp|[from] item: Leftovers\n|-damage|p1a: Snorlax|82\/100 slp|[from] Leech Seed|[of] p2a: Ferrothorn\n|upkeep\n|turn|18\n|\n|t:|1666071145\n|move|p2a: Ferrothorn|Body Press|p1a: Snorlax\n|-supereffective|p1a: Snorlax\n|-damage|p1a: Snorlax|55\/100 slp\n|cant|p1a: Snorlax|slp\n|\n|-heal|p1a: Snorlax|62\/100 slp|[from] item: Leftovers\n|-damage|p1a: Snorlax|49\/100 slp|[from] Leech Seed|[of] p2a: Ferrothorn\n|upkeep\n|turn|19\n|\n|t:|1666071150\n|move|p2a: Ferrothorn|Body Press|p1a: Snorlax\n|-supereffective|p1a: Snorlax\n|-damage|p1a: Snorlax|22\/100 slp\n|-curestatus|p1a: Snorlax|slp|[msg]\n|move|p1a: Snorlax|Heat Crash|p2a: Ferrothorn\n|-supereffective|p2a: Ferrothorn\n|-damage|p2a: Ferrothorn|0 fnt\n|-damage|p1a: Snorlax|10\/100|[from] ability: Iron Barbs|[of] p2a: Ferrothorn\n|-damage|p1a: Snorlax|0 fnt|[from] item: Rocky Helmet|[of] p2a: Ferrothorn\n|faint|p2a: Ferrothorn\n|faint|p1a: Snorlax\n|\n|upkeep\n|\n|t:|1666071165\n|switch|p1a: Melmetal|Melmetal|100\/100\n|switch|p2a: Weavile|Weavile, M|100\/100\n|-ability|p2a: Weavile|Pressure\n|turn|20\n|\n|t:|1666071187\n|switch|p2a: Toxapex|Toxapex, M|100\/100\n|move|p1a: Melmetal|Ice Punch|p2a: Toxapex\n|-resisted|p2a: Toxapex\n|-damage|p2a: Toxapex|89\/100\n|\n|-heal|p2a: Toxapex|95\/100|[from] item: Black Sludge\n|upkeep\n|turn|21\n|\n|t:|1666071205\n|switch|p1a: Zapdos|Zapdos|72\/100\n|move|p2a: Toxapex|Scald|p1a: Zapdos\n|-damage|p1a: Zapdos|55\/100\n|\n|-heal|p2a: Toxapex|100\/100|[from] item: Black Sludge\n|upkeep\n|turn|22\n|\n|t:|1666071212\n|switch|p2a: Zapdos|Zapdos|64\/100 brn\n|move|p1a: Zapdos|Hurricane|p2a: Zapdos\n|-resisted|p2a: Zapdos\n|-damage|p2a: Zapdos|34\/100 brn\n|\n|-damage|p2a: Zapdos|28\/100 brn|[from] brn\n|upkeep\n|turn|23\n|\n|t:|1666071216\n|move|p1a: Zapdos|Volt Switch|p2a: Zapdos\n|-damage|p2a: Zapdos|0 fnt\n|faint|p2a: Zapdos\n|\n|t:|1666071222\n|switch|p1a: Melmetal|Melmetal|100\/100|[from]move: Volt Switch\n|\n|upkeep\n|\n|t:|1666071225\n|switch|p2a: Landorus|Landorus-Therian, M|100\/100\n|-ability|p2a: Landorus|Intimidate|boost\n|-unboost|p1a: Melmetal|atk|1\n|turn|24\n|\n|t:|1666071231\n|switch|p1a: Suicune|Suicune|61\/100\n|-ability|p1a: Suicune|Pressure\n|move|p2a: Landorus|Earthquake|p1a: Suicune\n|-damage|p1a: Suicune|34\/100\n|\n|upkeep\n|turn|25\n|\n|t:|1666071237\n|move|p2a: Landorus|Stealth Rock|p1a: Suicune\n|-sidestart|p1: Vodyne|move: Stealth Rock\n|move|p1a: Suicune|Ice Beam|p2a: Landorus\n|-supereffective|p2a: Landorus\n|-damage|p2a: Landorus|40\/100\n|\n|upkeep\n|turn|26\n|\n|t:|1666071241\n|move|p2a: Landorus|U-turn|p1a: Suicune\n|-damage|p1a: Suicune|20\/100\n|\n|t:|1666071243\n|switch|p2a: Toxapex|Toxapex, M|100\/100|[from]move: U-turn\n|move|p1a: Suicune|Scald|p2a: Toxapex\n|-resisted|p2a: Toxapex\n|-damage|p2a: Toxapex|90\/100\n|\n|-heal|p2a: Toxapex|96\/100|[from] item: Black Sludge\n|upkeep\n|turn|27\n|\n|t:|1666071250\n|move|p1a: Suicune|Calm Mind|p1a: Suicune\n|-boost|p1a: Suicune|spa|1\n|-boost|p1a: Suicune|spd|1\n|move|p2a: Toxapex|Scald|p1a: Suicune\n|-resisted|p1a: Suicune\n|-damage|p1a: Suicune|16\/100\n|-status|p1a: Suicune|brn\n|\n|-heal|p2a: Toxapex|100\/100|[from] item: Black Sludge\n|-damage|p1a: Suicune|10\/100 brn|[from] brn\n|upkeep\n|turn|28\n|\n|t:|1666071254\n|move|p1a: Suicune|Rest|p1a: Suicune\n|-status|p1a: Suicune|slp|[from] move: Rest\n|-heal|p1a: Suicune|100\/100 slp|[silent]\n|move|p2a: Toxapex|Scald|p1a: Suicune\n|-resisted|p1a: Suicune\n|-damage|p1a: Suicune|96\/100 slp\n|\n|upkeep\n|turn|29\n|\n|t:|1666071259\n|switch|p2a: Weavile|Weavile, M|100\/100\n|-ability|p2a: Weavile|Pressure\n|cant|p1a: Suicune|slp\n|\n|upkeep\n|turn|30\n|\n|t:|1666071265\n|move|p2a: Weavile|Knock Off|p1a: Suicune\n|-damage|p1a: Suicune|71\/100 slp\n|cant|p1a: Suicune|slp\n|\n|upkeep\n|turn|31\n|\n|t:|1666071268\n|switch|p2a: Toxapex|Toxapex, M|100\/100\n|-curestatus|p1a: Suicune|slp|[msg]\n|move|p1a: Suicune|Scald|p2a: Toxapex\n|-resisted|p2a: Toxapex\n|-damage|p2a: Toxapex|86\/100\n|\n|-heal|p2a: Toxapex|92\/100|[from] item: Black Sludge\n|upkeep\n|turn|32\n|\n|t:|1666071271\n|move|p1a: Suicune|Calm Mind|p1a: Suicune\n|-boost|p1a: Suicune|spa|1\n|-boost|p1a: Suicune|spd|1\n|move|p2a: Toxapex|Haze|p2a: Toxapex\n|-clearallboost\n|\n|-heal|p2a: Toxapex|98\/100|[from] item: Black Sludge\n|upkeep\n|turn|33\n|\n|t:|1666071274\n|switch|p1a: Zapdos|Zapdos|55\/100\n|move|p2a: Toxapex|Toxic|p1a: Zapdos\n|-status|p1a: Zapdos|tox\n|\n|-heal|p2a: Toxapex|100\/100|[from] item: Black Sludge\n|-damage|p1a: Zapdos|48\/100 tox|[from] psn\n|upkeep\n|turn|34\n|\n|t:|1666071278\n|move|p1a: Zapdos|Defog|p2a: Toxapex\n|-unboost|p2a: Toxapex|evasion|1\n|-sideend|p1: Vodyne|Stealth Rock|[from] move: Defog|[of] p1a: Zapdos\n|move|p2a: Toxapex|Scald|p1a: Zapdos\n|-damage|p1a: Zapdos|30\/100 tox\n|\n|-damage|p1a: Zapdos|18\/100 tox|[from] psn\n|upkeep\n|turn|35\n|\n|t:|1666071284\n|switch|p2a: Landorus|Landorus-Therian, M|40\/100\n|-ability|p2a: Landorus|Intimidate|boost\n|-unboost|p1a: Zapdos|atk|1\n|move|p1a: Zapdos|Hurricane|p2a: Landorus\n|-damage|p2a: Landorus|0 fnt\n|faint|p2a: Landorus\n|\n|-damage|p1a: Zapdos|0 fnt|[from] psn\n|faint|p1a: Zapdos\n|upkeep\n|\n|t:|1666071291\n|switch|p1a: Melmetal|Melmetal|100\/100\n|switch|p2a: Toxapex|Toxapex, M|100\/100\n|turn|36\n|\n|t:|1666071295\n|move|p1a: Melmetal|Earthquake|p2a: Toxapex\n|-supereffective|p2a: Toxapex\n|-damage|p2a: Toxapex|53\/100\n|move|p2a: Toxapex|Scald|p1a: Melmetal\n|-damage|p1a: Melmetal|90\/100\n|\n|-heal|p2a: Toxapex|59\/100|[from] item: Black Sludge\n|upkeep\n|turn|37\n|\n|t:|1666071304\n|move|p1a: Melmetal|Double Iron Bash|p2a: Toxapex\n|-resisted|p2a: Toxapex\n|-damage|p2a: Toxapex|45\/100\n|-resisted|p2a: Toxapex\n|-damage|p2a: Toxapex|31\/100\n|-hitcount|p2a: Toxapex|2\n|move|p2a: Toxapex|Recover|p2a: Toxapex\n|-heal|p2a: Toxapex|81\/100\n|\n|-heal|p2a: Toxapex|87\/100|[from] item: Black Sludge\n|upkeep\n|turn|38\n|\n|t:|1666071311\n|move|p1a: Melmetal|Double Iron Bash|p2a: Toxapex\n|-resisted|p2a: Toxapex\n|-damage|p2a: Toxapex|73\/100\n|-resisted|p2a: Toxapex\n|-damage|p2a: Toxapex|60\/100\n|-hitcount|p2a: Toxapex|2\n|cant|p2a: Toxapex|flinch\n|\n|-heal|p2a: Toxapex|66\/100|[from] item: Black Sludge\n|upkeep\n|turn|39\n|\n|t:|1666071319\n|switch|p1a: Victini|Victini|100\/100\n|move|p2a: Toxapex|Recover|p2a: Toxapex\n|-heal|p2a: Toxapex|100\/100\n|\n|upkeep\n|turn|40\n|\n|t:|1666071323\n|move|p1a: Victini|Bolt Strike|p2a: Toxapex\n|-supereffective|p2a: Toxapex\n|-damage|p2a: Toxapex|33\/100\n|move|p2a: Toxapex|Scald|p1a: Victini\n|-supereffective|p1a: Victini\n|-damage|p1a: Victini|68\/100\n|\n|-heal|p2a: Toxapex|38\/100|[from] item: Black Sludge\n|upkeep\n|turn|41\n|\n|t:|1666071331\n|move|p1a: Victini|Bolt Strike|p2a: Toxapex\n|-supereffective|p2a: Toxapex\n|-damage|p2a: Toxapex|0 fnt\n|faint|p2a: Toxapex\n|\n|upkeep\n|\n|t:|1666071333\n|switch|p2a: Weavile|Weavile, M|100\/100\n|-ability|p2a: Weavile|Pressure\n|turn|42\n|\n|t:|1666071335\n|move|p2a: Weavile|Knock Off|p1a: Victini\n|-supereffective|p1a: Victini\n|-damage|p1a: Victini|0 fnt\n|-enditem|p1a: Victini|Choice Band|[from] move: Knock Off|[of] p2a: Weavile\n|faint|p1a: Victini\n|\n|upkeep\n|\n|t:|1666071340\n|switch|p1a: Melmetal|Melmetal|90\/100\n|turn|43\n|\n|t:|1666071342\n|move|p2a: Weavile|Knock Off|p1a: Melmetal\n|-damage|p1a: Melmetal|44\/100\n|-enditem|p1a: Melmetal|Assault Vest|[from] move: Knock Off|[of] p2a: Weavile\n|move|p1a: Melmetal|Double Iron Bash|p2a: Weavile\n|-supereffective|p2a: Weavile\n|-damage|p2a: Weavile|0 fnt\n|faint|p2a: Weavile\n|-hitcount|p2: Weavile|1\n|\n|win|Vodyne\n|raw|Vodyne's rating: 1529 &rarr; <strong>1553<\/strong><br \/>(+24 for winning)\n|raw|tracing your ip's rating: 1596 &rarr; <strong>1572<\/strong><br \/>(-24 for losing)\n|c|\u2606Vodyne|gg\n|l|\u2606tracing your ip\n","uploadtime":1666071353,"views":18,"p1id":"vodyne","p2id":"tracingyourip","formatid":"gen8ou","rating":1553,"private":0,"password":null}