{"id":"gen8almostanyability-1648180147","p1":"Redflix","p2":"Osake","format":"gen8almostanyability","log":"|j|\u2606Redflix\n|j|\u2606Osake\n|inactive|Battle timer is ON: inactive players will automatically lose when time's up.\n|t:|1661457431\n|gametype|singles\n|player|p1|Redflix|erika|\n|player|p2|Osake|petrel|\n|teamsize|p1|6\n|teamsize|p2|6\n|gen|8\n|tier|[Gen 8] Almost Any Ability\n|rated|Tournament battle\n|rule|Species Clause: Limit one of each Pok\u00e9mon\n|rule|OHKO Clause: OHKO moves are banned\n|rule|Evasion Moves Clause: Evasion moves are banned\n|rule|Endless Battle Clause: Forcing endless battles is banned\n|rule|Dynamax Clause: You cannot dynamax\n|rule|HP Percentage Mod: HP is shown in percentages\n|rule|2 Ability Clause: Limit two of each ability\n|rule|Sleep Clause: Sleep-inducing moves are banned\n|clearpoke\n|poke|p1|Chansey, F|\n|poke|p1|Hippowdon, F|\n|poke|p1|Corviknight, M|\n|poke|p1|Ferrothorn, M|\n|poke|p1|Toxapex, M|\n|poke|p1|Skarmory, M|\n|poke|p2|Stakataka|\n|poke|p2|Tapu Fini|\n|poke|p2|Mew|\n|poke|p2|Blissey, F|\n|poke|p2|Corviknight, F|\n|poke|p2|Genesect|\n|teampreview\n|inactive|Osake also wants the timer to be on.\n|c|\u2606Osake|lol\n|j| Denji mentality\n|c|\u2606Osake|no way\n|c|\u2606Osake|im playing this\n|c| Denji mentality|osake arent u retired\n|c|\u2606Osake|i am\n|j|+Dragonillis\n|c|\u2606Redflix|he will be\n|c|\u2606Redflix|after losing this game\n|c| Denji mentality|go back to retirement home bruh\n|c|+Dragonillis|retired = no smogon competition\n|inactive|Redflix has 120 seconds left.\n|inactive|Osake has 120 seconds left.\n|c|\u2606Osake|i was playing with a friend\n|c|+Dragonillis|by exemple\n|c| Denji mentality|or sign up for omwc (france is in europe so play for me)\n|c|\u2606Osake|training for nfepl\n|c|+Dragonillis|Osake is retired\n|c|\u2606Osake|got bored\n|c|+Dragonillis|siamato isn't retired\n|c|+Dragonillis|Osake is young\n|c|+Dragonillis|Siamato is old\n|inactive|Redflix has 90 seconds left.\n|inactive|Osake has 90 seconds left.\n|c|\u2606Osake|nah i dont sign up for wcup\n|c|\u2606Redflix|he is signing up\n|c|\u2606Osake|school is important\n|c|\u2606Redflix|for next ompl\n|j| Givra no bi \u262f\n|c|\u2606Osake|you'll all finish jobless so you dont care\n|c|\u2606Osake|esp 16yo flix\n|c|\u2606Osake|i wont\n|inactive|Osake has 60 seconds left.\n|c|\u2606Osake|unless i leave school\n|c|\u2606Osake|but in that case\n|j| daddy4207\n|c|\u2606Redflix|play noob\n|c|\u2606Osake|no\n|c|\u2606Redflix|i need to go sleep\n|c|\u2606Osake|i'll time stall u\n|c|\u2606Redflix|,\n|c|\u2606Osake|thats cool and all\n|c|\u2606Redflix|reported\n|c|\u2606Osake|but idr asking\n|inactive|Osake has 30 seconds left.\n|c|\u2606Osake|who banned mbounce btw\n|inactive|Osake has 20 seconds left.\n|c|\u2606Osake|it would've been\n|c|\u2606Osake|easier\n|c|\u2606Redflix|ikr\n|c|\u2606Osake|with\n|inactive|Osake has 15 seconds left.\n|c|\u2606Osake|it\n|\n|t:|1661457568\n|start\n|switch|p1a: Never gonna run|Ferrothorn, M|100\/100\n|switch|p2a: COMME MANAUDOU|Genesect, shiny|100\/100\n|turn|1\n|\n|t:|1661457578\n|switch|p2a: ELLE TE CHUCHOTTE|Stakataka|100\/100\n|switch|p1a: Around &desert you|Toxapex, M|100\/100\n|\n|upkeep\n|turn|2\n|\n|t:|1661457586\n|switch|p1a: Never gonna let|Hippowdon, F|100\/100\n|-ability|p1a: Never gonna let|Dauntless Shield|boost\n|-boost|p1a: Never gonna let|def|1\n|move|p2a: ELLE TE CHUCHOTTE|Stealth Rock|p1a: Never gonna let\n|-sidestart|p1: Redflix|move: Stealth Rock\n|\n|upkeep\n|turn|3\n|c|\u2606Osake|wait\n|c|\u2606Osake|where is my own pex\n|c|\u2606Osake|who built this shit team\n|c|\u2606Redflix|is this the atha team\n|\n|t:|1661457612\n|switch|p2a: PARCE QUE CHACUNE|Mew|100\/100\n|-ability|p2a: PARCE QUE CHACUNE|Intimidate|boost\n|-unboost|p1a: Never gonna let|atk|1\n|move|p1a: Never gonna let|Stealth Rock|p2a: PARCE QUE CHACUNE\n|-sidestart|p2: Osake|move: Stealth Rock\n|\n|upkeep\n|turn|4\n|c|\u2606Redflix|send paste\n|c|\u2606Osake|are u dumb\n|c|\u2606Osake|yes u are\n|c|\u2606Osake|idk why im askig\n|c|\u2606Redflix|ok ur obv gonna trick\n|c|\u2606Redflix|hmm\n|c|\u2606Osake|fuck\n|inactive|Redflix has 120 seconds left.\n|c|\u2606Osake|how do u know\n|c|\u2606Osake|lol\n|\n|t:|1661457655\n|switch|p1a: Never gonna run|Ferrothorn, M|100\/100\n|-damage|p1a: Never gonna run|95\/100|[from] Stealth Rock\n|move|p2a: PARCE QUE CHACUNE|Spikes|p1a: Never gonna run\n|-sidestart|p1: Redflix|Spikes\n|\n|upkeep\n|turn|5\n|c|\u2606Osake|who\n|c|\u2606Osake|banned\n|c|\u2606Osake|magic bounce\n|c|\u2606Osake|pls\n|c|\u2606Osake|answer\n|inactive|Osake has 60 seconds left.\n|c|\u2606Osake|i want to guillotine them\n|\n|t:|1661457689\n|switch|p2a: ELLE TE CHUCHOTTE|Stakataka|100\/100\n|-damage|p2a: ELLE TE CHUCHOTTE|94\/100|[from] Stealth Rock\n|move|p1a: Never gonna run|Knock Off|p2a: ELLE TE CHUCHOTTE\n|-damage|p2a: ELLE TE CHUCHOTTE|83\/100\n|-enditem|p2a: ELLE TE CHUCHOTTE|Bright Powder|[from] move: Knock Off|[of] p1a: Never gonna run\n|\n|upkeep\n|turn|6\n|c|\u2606Redflix|wtf is that\n|inactive|Redflix has 120 seconds left.\n|c|\u2606Osake|ur mom\n|c|\u2606Osake|fat\n|c|\u2606Osake|and slow\n|c|\u2606Osake|(never loved u)\n|c|\u2606Redflix|4x weak to ground too\n|\n|t:|1661457727\n|switch|p1a: Skarmory|Skarmory, M|100\/100\n|-damage|p1a: Skarmory|88\/100|[from] Stealth Rock\n|-ability|p1a: Skarmory|Dauntless Shield|boost\n|-boost|p1a: Skarmory|def|1\n|move|p2a: ELLE TE CHUCHOTTE|Body Press|p1a: Skarmory\n|-damage|p1a: Skarmory|73\/100\n|\n|-heal|p1a: Skarmory|79\/100|[from] item: Leftovers\n|upkeep\n|turn|7\n|c|\u2606Osake|facts\n|c|\u2606Osake|and bad\n|\n|t:|1661457738\n|switch|p2a: COMME MANAUDOU|Genesect, shiny|100\/100\n|-damage|p2a: COMME MANAUDOU|88\/100|[from] Stealth Rock\n|move|p1a: Skarmory|Spikes|p2a: COMME MANAUDOU\n|-sidestart|p2: Osake|Spikes\n|\n|-heal|p1a: Skarmory|85\/100|[from] item: Leftovers\n|upkeep\n|turn|8\n|c|\u2606Osake|wait\n|\n|t:|1661457746\n|switch|p1a: Give you up|Chansey, F|100\/100\n|-damage|p1a: Give you up|88\/100|[from] Stealth Rock\n|-damage|p1a: Give you up|76\/100|[from] Spikes\n|move|p2a: COMME MANAUDOU|Flamethrower|p1a: Give you up\n|-damage|p1a: Give you up|60\/100\n|\n|upkeep\n|turn|9\n|\n|t:|1661457759\n|switch|p2a: DES MOTS DOUX|Tapu Fini|100\/100\n|-damage|p2a: DES MOTS DOUX|88\/100|[from] Stealth Rock\n|-damage|p2a: DES MOTS DOUX|75\/100|[from] Spikes\n|move|p1a: Give you up|Teleport|p1a: Give you up\n|\n|t:|1661457762\n|switch|p1a: Never gonna run|Ferrothorn, M|100\/100|[from]move: Teleport\n|-damage|p1a: Never gonna run|95\/100|[from] Stealth Rock\n|-damage|p1a: Never gonna run|82\/100|[from] Spikes\n|\n|upkeep\n|turn|10\n|c|\u2606Redflix|o\n|c|\u2606Redflix|im dumb\n|\n|t:|1661457775\n|move|p2a: DES MOTS DOUX|Knock Off|p1a: Never gonna run\n|-damage|p1a: Never gonna run|71\/100\n|-damage|p2a: DES MOTS DOUX|59\/100|[from] item: Rocky Helmet|[of] p1a: Never gonna run\n|-enditem|p1a: Never gonna run|Rocky Helmet|[from] move: Knock Off|[of] p2a: DES MOTS DOUX\n|move|p1a: Never gonna run|Knock Off|p2a: DES MOTS DOUX\n|-resisted|p2a: DES MOTS DOUX\n|-damage|p2a: DES MOTS DOUX|52\/100\n|-damage|p1a: Never gonna run|54\/100|[from] item: Rocky Helmet|[of] p2a: DES MOTS DOUX\n|-enditem|p2a: DES MOTS DOUX|Rocky Helmet|[from] move: Knock Off|[of] p1a: Never gonna run\n|\n|upkeep\n|turn|11\n|\n|t:|1661457781\n|switch|p2a: PARCE QUE CHACUNE|Mew|100\/100\n|-ability|p2a: PARCE QUE CHACUNE|Intimidate|boost\n|-unboost|p1a: Never gonna run|atk|1\n|move|p1a: Never gonna run|Spikes|p2a: PARCE QUE CHACUNE\n|-sidestart|p2: Osake|Spikes\n|\n|upkeep\n|turn|12\n|\n|t:|1661457788\n|switch|p2a: DES MOTS DOUX|Tapu Fini|85\/100\n|-damage|p2a: DES MOTS DOUX|73\/100|[from] Stealth Rock\n|-damage|p2a: DES MOTS DOUX|56\/100|[from] Spikes\n|move|p1a: Never gonna run|Thunder Wave|p2a: DES MOTS DOUX\n|-status|p2a: DES MOTS DOUX|par\n|\n|upkeep\n|turn|13\n|\n|t:|1661457791\n|move|p2a: DES MOTS DOUX|Scald|p1a: Never gonna run\n|-resisted|p1a: Never gonna run\n|-damage|p1a: Never gonna run|46\/100\n|move|p1a: Never gonna run|Power Whip|p2a: DES MOTS DOUX\n|-supereffective|p2a: DES MOTS DOUX\n|-damage|p2a: DES MOTS DOUX|22\/100 par\n|\n|upkeep\n|turn|14\n|l| Denji mentality\n|\n|t:|1661457802\n|move|p2a: DES MOTS DOUX|Defog|p1a: Never gonna run\n|-unboost|p1a: Never gonna run|evasion|1\n|-sideend|p1: Redflix|Spikes|[from] move: Defog|[of] p2a: DES MOTS DOUX\n|-sideend|p1: Redflix|Stealth Rock|[from] move: Defog|[of] p2a: DES MOTS DOUX\n|-sideend|p2: Osake|Spikes|[from] move: Defog|[of] p2a: DES MOTS DOUX\n|-sideend|p2: Osake|Stealth Rock|[from] move: Defog|[of] p2a: DES MOTS DOUX\n|move|p1a: Never gonna run|Spikes|p2a: DES MOTS DOUX\n|-sidestart|p2: Osake|Spikes\n|\n|upkeep\n|turn|15\n|\n|t:|1661457809\n|switch|p2a: ELLE TE CHUCHOTTE|Stakataka|100\/100\n|-damage|p2a: ELLE TE CHUCHOTTE|88\/100|[from] Spikes\n|move|p1a: Never gonna run|Power Whip|p2a: ELLE TE CHUCHOTTE\n|-damage|p2a: ELLE TE CHUCHOTTE|75\/100\n|\n|upkeep\n|turn|16\n|\n|t:|1661457812\n|switch|p1a: Skarmory|Skarmory, M|85\/100\n|-ability|p1a: Skarmory|Dauntless Shield|boost\n|-boost|p1a: Skarmory|def|1\n|move|p2a: ELLE TE CHUCHOTTE|Stealth Rock|p1a: Skarmory\n|-sidestart|p1: Redflix|move: Stealth Rock\n|\n|-heal|p1a: Skarmory|91\/100|[from] item: Leftovers\n|upkeep\n|turn|17\n|c| daddy4207|t wave on a stall team wut\n|\n|t:|1661457818\n|switch|p1a: Never gonna let|Hippowdon, F|100\/100\n|-damage|p1a: Never gonna let|94\/100|[from] Stealth Rock\n|-ability|p1a: Never gonna let|Dauntless Shield|boost\n|-boost|p1a: Never gonna let|def|1\n|switch|p2a: DES MOTS DOUX|Tapu Fini|55\/100 par\n|-damage|p2a: DES MOTS DOUX|43\/100 par|[from] Spikes\n|\n|upkeep\n|turn|18\n|\n|t:|1661457822\n|move|p1a: Never gonna let|Stealth Rock|p2a: DES MOTS DOUX\n|-sidestart|p2: Osake|move: Stealth Rock\n|cant|p2a: DES MOTS DOUX|par\n|\n|upkeep\n|turn|19\n|\n|t:|1661457829\n|switch|p2a: VAUT DE L'OR|Corviknight, F|100\/100\n|-damage|p2a: VAUT DE L'OR|88\/100|[from] Stealth Rock\n|move|p1a: Never gonna let|Earthquake|p2a: VAUT DE L'OR\n|-immune|p2a: VAUT DE L'OR\n|\n|-heal|p2a: VAUT DE L'OR|94\/100|[from] item: Leftovers\n|upkeep\n|turn|20\n|\n|t:|1661457836\n|switch|p1a: Around &desert you|Toxapex, M|100\/100\n|-damage|p1a: Around &desert you|88\/100|[from] Stealth Rock\n|move|p2a: VAUT DE L'OR|Defog|p1a: Around &desert you\n|-unboost|p1a: Around &desert you|evasion|1\n|-sideend|p1: Redflix|Stealth Rock|[from] move: Defog|[of] p2a: VAUT DE L'OR\n|-sideend|p2: Osake|Spikes|[from] move: Defog|[of] p2a: VAUT DE L'OR\n|-sideend|p2: Osake|Stealth Rock|[from] move: Defog|[of] p2a: VAUT DE L'OR\n|\n|-heal|p2a: VAUT DE L'OR|100\/100|[from] item: Leftovers\n|upkeep\n|turn|21\n|\n|t:|1661457842\n|switch|p2a: DES MOTS DOUX|Tapu Fini|76\/100 par\n|move|p1a: Around &desert you|Toxic Spikes|p2a: DES MOTS DOUX\n|-sidestart|p2: Osake|move: Toxic Spikes\n|\n|upkeep\n|turn|22\n|\n|t:|1661457845\n|move|p1a: Around &desert you|Toxic Spikes|p2a: DES MOTS DOUX\n|-sidestart|p2: Osake|move: Toxic Spikes\n|move|p2a: DES MOTS DOUX|Knock Off|p1a: Around &desert you\n|-damage|p1a: Around &desert you|79\/100\n|-damage|p2a: DES MOTS DOUX|60\/100 par|[from] item: Rocky Helmet|[of] p1a: Around &desert you\n|-enditem|p1a: Around &desert you|Rocky Helmet|[from] move: Knock Off|[of] p2a: DES MOTS DOUX\n|\n|upkeep\n|turn|23\n|\n|t:|1661457851\n|switch|p1a: Never gonna run|Ferrothorn, M|79\/100\n|move|p2a: DES MOTS DOUX|Scald|p1a: Never gonna run\n|-resisted|p1a: Never gonna run\n|-damage|p1a: Never gonna run|71\/100\n|\n|upkeep\n|turn|24\n|\n|t:|1661457857\n|switch|p2a: ELLE TE CHUCHOTTE|Stakataka|100\/100\n|move|p1a: Never gonna run|Power Whip|p2a: ELLE TE CHUCHOTTE\n|-damage|p2a: ELLE TE CHUCHOTTE|79\/100\n|\n|upkeep\n|turn|25\n|\n|t:|1661457861\n|move|p1a: Never gonna run|Spikes|p2a: ELLE TE CHUCHOTTE\n|-sidestart|p2: Osake|Spikes\n|move|p2a: ELLE TE CHUCHOTTE|Stealth Rock|p1a: Never gonna run\n|-sidestart|p1: Redflix|move: Stealth Rock\n|\n|upkeep\n|turn|26\n|c|+Dragonillis|Redflix, it's not like 2:34 AM for you ?\n|\n|t:|1661457866\n|move|p1a: Never gonna run|Knock Off|p2a: ELLE TE CHUCHOTTE\n|-damage|p2a: ELLE TE CHUCHOTTE|71\/100\n|move|p2a: ELLE TE CHUCHOTTE|Body Press|p1a: Never gonna run\n|-supereffective|p1a: Never gonna run\n|-damage|p1a: Never gonna run|21\/100\n|\n|upkeep\n|turn|27\n|c|\u2606Redflix|1:34\n|c|\u2606Redflix|also\n|c|\u2606Redflix|this gotta be a tie man\n|c|\u2606Osake|nah\n|c|\u2606Osake|i will forfeit\n|c|\u2606Osake|first\n|c|\u2606Osake|i dont want to play that shit\n|c|\u2606Osake|im too old\n|c|\u2606Osake|for this\n|\n|t:|1661457891\n|switch|p1a: Skarmory|Skarmory, M|91\/100\n|-damage|p1a: Skarmory|78\/100|[from] Stealth Rock\n|-ability|p1a: Skarmory|Dauntless Shield|boost\n|-boost|p1a: Skarmory|def|1\n|switch|p2a: DES MOTS DOUX|Tapu Fini|93\/100 par\n|-damage|p2a: DES MOTS DOUX|80\/100 par|[from] Spikes\n|\n|-heal|p1a: Skarmory|84\/100|[from] item: Leftovers\n|upkeep\n|turn|28\n|c|\u2606Redflix|17yo\n|\n|t:|1661457903\n|cant|p2a: DES MOTS DOUX|par\n|move|p1a: Skarmory|Whirlwind|p2a: DES MOTS DOUX\n|drag|p2a: PARCE QUE CHACUNE|Mew|100\/100\n|-ability|p2a: PARCE QUE CHACUNE|Intimidate|boost\n|-unboost|p1a: Skarmory|atk|1\n|\n|-heal|p1a: Skarmory|90\/100|[from] item: Leftovers\n|upkeep\n|turn|29\n|c|\u2606Redflix|hdb\n|c|+Dragonillis|you can't buy alcool Osake\n|c|\u2606Osake|ah\n|c|\u2606Osake|too late\n|inactive|Redflix has 120 seconds left.\n|c|\u2606Redflix|i wonder how he still ends up drunk\n|\n|t:|1661457934\n|switch|p1a: Never gonna run|Ferrothorn, M|55\/100\n|-damage|p1a: Never gonna run|49\/100|[from] Stealth Rock\n|move|p2a: PARCE QUE CHACUNE|Spikes|p1a: Never gonna run\n|-sidestart|p1: Redflix|Spikes\n|\n|upkeep\n|turn|30\n|c|\u2606Osake|cuz i have a gf\n|c|\u2606Osake|and you dont\n|c|\u2606Osake|e_z\n|c|\u2606Osake|owned\n|\n|t:|1661457943\n|switch|p2a: ELLE TE CHUCHOTTE|Stakataka|100\/100\n|-damage|p2a: ELLE TE CHUCHOTTE|88\/100|[from] Spikes\n|move|p1a: Never gonna run|Knock Off|p2a: ELLE TE CHUCHOTTE\n|-crit|p2a: ELLE TE CHUCHOTTE\n|-damage|p2a: ELLE TE CHUCHOTTE|77\/100\n|\n|upkeep\n|turn|31\n|c|+Dragonillis|osake with a girlfriend ?\n|inactive|Redflix has 120 seconds left.\n|\n|t:|1661457962\n|switch|p1a: You down|Corviknight, M|100\/100\n|-damage|p1a: You down|88\/100|[from] Stealth Rock\n|switch|p2a: DES MOTS DOUX|Tapu Fini|100\/100 par\n|-damage|p2a: DES MOTS DOUX|88\/100 par|[from] Spikes\n|\n|-heal|p1a: You down|94\/100|[from] item: Leftovers\n|upkeep\n|turn|32\n|inactive|Redflix has 120 seconds left.\n|\n|t:|1661457968\n|switch|p1a: Never gonna run|Ferrothorn, M|82\/100\n|-damage|p1a: Never gonna run|76\/100|[from] Stealth Rock\n|-damage|p1a: Never gonna run|64\/100|[from] Spikes\n|move|p2a: DES MOTS DOUX|Scald|p1a: Never gonna run\n|-resisted|p1a: Never gonna run\n|-damage|p1a: Never gonna run|55\/100\n|\n|upkeep\n|turn|33\n|c|+Dragonillis|did you broke gman's heart when he will learn that ?\n|c|\u2606Osake|gman will be fine\n|c|\u2606Redflix|do u wanna coinflip\n|inactive|Redflix has 120 seconds left.\n|c|\u2606Osake|no\n|c|\u2606Redflix|i gotta go\n|c|\u2606Redflix|aight then\n|c|\u2606Osake|then ff\n|-message|Redflix forfeited.\n|\n|win|Osake\n|n|\u2606Redflix|redflix\n|n|\u2606Osake|osake\n|n|+Dragonillis|dragonillis\n|n| Givra no bi \u262f|givranobi\n|n| daddy4207|daddy4207\n|l|\u2606Redflix\n|l| daddy4207\n|c|\u2606Osake|ez 6-0\n|j| t3 cynthia simp\n","uploadtime":1661457986,"views":30,"p1id":"redflix","p2id":"osake","formatid":"gen8almostanyability","rating":0,"private":0,"password":null}