{"id":"gen8ou-1692420157","p1":"cucumber22","p2":"LT94JE Allistair","format":"gen8ou","log":"|html|<div class=\"broadcast-blue\"><strong>[Gen 8] OU is currently suspecting Melmetal! For information on how to participate check out the <a href=\"https:\/\/www.smogon.com\/forums\/threads\/np-ss-ou-suspect-process-round-12-monster-mash.3709234\/\">suspect thread<\/a>.<\/strong><\/div>\n|j|\u2606cucumber22\n|j|\u2606LT94JE Allistair\n|t:|1666482964\n|gametype|singles\n|player|p1|cucumber22|dancer|1788\n|player|p2|LT94JE Allistair|2|1703\n|teamsize|p1|6\n|teamsize|p2|6\n|gen|8\n|tier|[Gen 8] OU\n|rated|\n|rule|Sleep Clause Mod: Limit one foe put to sleep\n|rule|Species Clause: Limit one of each Pok\u00e9mon\n|rule|OHKO Clause: OHKO moves are banned\n|rule|Evasion Items Clause: Evasion items are banned\n|rule|Evasion Moves Clause: Evasion moves are banned\n|rule|Endless Battle Clause: Forcing endless battles is banned\n|rule|HP Percentage Mod: HP is shown in percentages\n|rule|Dynamax Clause: You cannot dynamax\n|clearpoke\n|poke|p1|Aegislash, M|\n|poke|p1|Buzzwole|\n|poke|p1|Landorus-Therian, M|\n|poke|p1|Slowking-Galar, F|\n|poke|p1|Hydreigon, F|\n|poke|p1|Tapu Fini|\n|poke|p2|Mew|\n|poke|p2|Slurpuff, M|\n|poke|p2|Vanilluxe, M|\n|poke|p2|Jirachi|\n|poke|p2|Heatran, F|\n|poke|p2|Slowking-Galar, M|\n|teampreview\n|\n|t:|1666482976\n|start\n|switch|p1a: Aegislash|Aegislash, M|100\/100\n|switch|p2a: Slurpuff|Slurpuff, M|100\/100\n|turn|1\n|\n|t:|1666482981\n|move|p2a: Slurpuff|Sticky Web|p1a: Aegislash\n|-sidestart|p1: cucumber22|move: Sticky Web\n|-formechange|p1a: Aegislash|Aegislash-Blade||[from] ability: Stance Change\n|move|p1a: Aegislash|Iron Head|p2a: Slurpuff\n|-supereffective|p2a: Slurpuff\n|-damage|p2a: Slurpuff|4\/100\n|\n|upkeep\n|turn|2\n|\n|t:|1666482984\n|move|p1a: Aegislash|Shadow Sneak|p2a: Slurpuff\n|-damage|p2a: Slurpuff|0 fnt\n|faint|p2a: Slurpuff\n|\n|upkeep\n|\n|t:|1666482991\n|switch|p2a: Vanilluxe|Vanilluxe, M|100\/100\n|-weather|Hail|[from] ability: Snow Warning|[of] p2a: Vanilluxe\n|turn|3\n|\n|t:|1666482998\n|switch|p1a: Tapu Fini|Tapu Fini|100\/100\n|-activate|p1a: Tapu Fini|move: Sticky Web\n|-unboost|p1a: Tapu Fini|spe|1\n|-fieldstart|move: Misty Terrain|[from] ability: Misty Surge|[of] p1a: Tapu Fini\n|move|p2a: Vanilluxe|Aurora Veil|p2a: Vanilluxe\n|-sidestart|p2: LT94JE Allistair|move: Aurora Veil\n|\n|-weather|Hail|[upkeep]\n|-damage|p1a: Tapu Fini|94\/100|[from] Hail\n|upkeep\n|turn|4\n|\n|t:|1666483000\n|move|p1a: Tapu Fini|Defog|p2a: Vanilluxe\n|-unboost|p2a: Vanilluxe|evasion|1\n|-sideend|p2: LT94JE Allistair|move: Aurora Veil\n|-sideend|p1: cucumber22|Sticky Web|[from] move: Defog|[of] p1a: Tapu Fini\n|-fieldend|Misty Terrain\n|move|p2a: Vanilluxe|Taunt|p1a: Tapu Fini\n|-start|p1a: Tapu Fini|move: Taunt\n|\n|-weather|Hail|[upkeep]\n|-damage|p1a: Tapu Fini|88\/100|[from] Hail\n|upkeep\n|turn|5\n|\n|t:|1666483005\n|switch|p1a: Slowking|Slowking-Galar, F|100\/100\n|move|p2a: Vanilluxe|Aurora Veil|p2a: Vanilluxe\n|-sidestart|p2: LT94JE Allistair|move: Aurora Veil\n|\n|-weather|Hail|[upkeep]\n|-damage|p1a: Slowking|94\/100|[from] Hail\n|upkeep\n|turn|6\n|j| Ctannn\n|\n|t:|1666483013\n|move|p2a: Vanilluxe|Explosion|p1a: Slowking\n|-damage|p1a: Slowking|12\/100\n|faint|p2a: Vanilluxe\n|move|p1a: Slowking|Scald|p2: Vanilluxe|[notarget]\n|-fail|p1a: Slowking\n|\n|-weather|Hail|[upkeep]\n|-damage|p1a: Slowking|6\/100|[from] Hail\n|upkeep\n|\n|t:|1666483021\n|switch|p2a: Jirachi|Jirachi|100\/100\n|turn|7\n|\n|t:|1666483024\n|switch|p1a: Aegislash|Aegislash, M|100\/100\n|move|p2a: Jirachi|Cosmic Power|p2a: Jirachi\n|-boost|p2a: Jirachi|def|1\n|-boost|p2a: Jirachi|spd|1\n|\n|-weather|none\n|upkeep\n|turn|8\n|\n|t:|1666483028\n|move|p2a: Jirachi|Cosmic Power|p2a: Jirachi\n|-boost|p2a: Jirachi|def|1\n|-boost|p2a: Jirachi|spd|1\n|move|p1a: Aegislash|Swords Dance|p1a: Aegislash\n|-boost|p1a: Aegislash|atk|2\n|\n|upkeep\n|turn|9\n|\n|t:|1666483030\n|move|p2a: Jirachi|Encore|p1a: Aegislash\n|-start|p1a: Aegislash|Encore\n|move|p1a: Aegislash|Swords Dance|p1a: Aegislash\n|-boost|p1a: Aegislash|atk|2\n|\n|upkeep\n|turn|10\n|\n|t:|1666483037\n|switch|p1a: Hydreigon|Hydreigon, F|100\/100\n|move|p2a: Jirachi|Cosmic Power|p2a: Jirachi\n|-boost|p2a: Jirachi|def|1\n|-boost|p2a: Jirachi|spd|1\n|\n|upkeep\n|turn|11\n|\n|t:|1666483042\n|move|p2a: Jirachi|Cosmic Power|p2a: Jirachi\n|-boost|p2a: Jirachi|def|1\n|-boost|p2a: Jirachi|spd|1\n|move|p1a: Hydreigon|Dark Pulse|p2a: Jirachi\n|-supereffective|p2a: Jirachi\n|-damage|p2a: Jirachi|86\/100\n|-enditem|p2a: Jirachi|Weakness Policy\n|-boost|p2a: Jirachi|atk|2|[from] item: Weakness Policy\n|-boost|p2a: Jirachi|spa|2|[from] item: Weakness Policy\n|\n|upkeep\n|turn|12\n|\n|t:|1666483049\n|move|p2a: Jirachi|Cosmic Power|p2a: Jirachi\n|-boost|p2a: Jirachi|def|1\n|-boost|p2a: Jirachi|spd|1\n|move|p1a: Hydreigon|Dark Pulse|p2a: Jirachi\n|-supereffective|p2a: Jirachi\n|-damage|p2a: Jirachi|74\/100\n|\n|-sideend|p2: LT94JE Allistair|move: Aurora Veil\n|upkeep\n|turn|13\n|\n|t:|1666483054\n|move|p2a: Jirachi|Wish|p2a: Jirachi\n|move|p1a: Hydreigon|Dark Pulse|p2a: Jirachi\n|-supereffective|p2a: Jirachi\n|-damage|p2a: Jirachi|47\/100\n|\n|upkeep\n|turn|14\n|\n|t:|1666483059\n|move|p2a: Jirachi|Cosmic Power|p2a: Jirachi\n|-boost|p2a: Jirachi|def|1\n|-boost|p2a: Jirachi|spd|1\n|move|p1a: Hydreigon|Dark Pulse|p2a: Jirachi\n|-supereffective|p2a: Jirachi\n|-damage|p2a: Jirachi|28\/100\n|\n|-heal|p2a: Jirachi|78\/100|[from] move: Wish|[wisher] Jirachi\n|upkeep\n|turn|15\n|j| Jongruenwald\n|\n|t:|1666483066\n|move|p2a: Jirachi|Wish|p2a: Jirachi\n|move|p1a: Hydreigon|Nasty Plot|p1a: Hydreigon\n|-boost|p1a: Hydreigon|spa|2\n|\n|upkeep\n|turn|16\n|\n|t:|1666483070\n|switch|p1a: Slowking|Slowking-Galar, F|40\/100\n|move|p2a: Jirachi|Encore||[still]\n|-fail|p2a: Jirachi\n|\n|-heal|p2a: Jirachi|100\/100|[from] move: Wish|[wisher] Jirachi\n|upkeep\n|turn|17\n|\n|t:|1666483073\n|switch|p1a: Hydreigon|Hydreigon, F|100\/100\n|move|p2a: Jirachi|Stored Power|p1a: Hydreigon\n|-immune|p1a: Hydreigon\n|\n|upkeep\n|turn|18\n|\n|t:|1666483075\n|move|p2a: Jirachi|Encore||[still]\n|-fail|p2a: Jirachi\n|move|p1a: Hydreigon|Nasty Plot|p1a: Hydreigon\n|-boost|p1a: Hydreigon|spa|2\n|\n|upkeep\n|turn|19\n|\n|t:|1666483078\n|move|p2a: Jirachi|Encore|p1a: Hydreigon\n|-start|p1a: Hydreigon|Encore\n|move|p1a: Hydreigon|Nasty Plot|p1a: Hydreigon\n|-boost|p1a: Hydreigon|spa|2\n|\n|upkeep\n|turn|20\n|\n|t:|1666483082\n|move|p2a: Jirachi|Cosmic Power|p2a: Jirachi\n|-boost|p2a: Jirachi|def|0\n|-boost|p2a: Jirachi|spd|0\n|move|p1a: Hydreigon|Nasty Plot|p1a: Hydreigon\n|-boost|p1a: Hydreigon|spa|2\n|\n|upkeep\n|turn|21\n|\n|t:|1666483084\n|move|p2a: Jirachi|Stored Power|p1a: Hydreigon\n|-immune|p1a: Hydreigon\n|move|p1a: Hydreigon|Nasty Plot|p1a: Hydreigon\n|-boost|p1a: Hydreigon|spa|0\n|\n|-end|p1a: Hydreigon|Encore\n|upkeep\n|turn|22\n|\n|t:|1666483088\n|switch|p1a: Slowking|Slowking-Galar, F|73\/100\n|move|p2a: Jirachi|Encore||[still]\n|-fail|p2a: Jirachi\n|\n|upkeep\n|turn|23\n|\n|t:|1666483091\n|switch|p1a: Hydreigon|Hydreigon, F|100\/100\n|move|p2a: Jirachi|Cosmic Power|p2a: Jirachi\n|-boost|p2a: Jirachi|def|0\n|-boost|p2a: Jirachi|spd|0\n|\n|upkeep\n|turn|24\n|\n|t:|1666483092\n|move|p2a: Jirachi|Cosmic Power|p2a: Jirachi\n|-boost|p2a: Jirachi|def|0\n|-boost|p2a: Jirachi|spd|0\n|move|p1a: Hydreigon|Nasty Plot|p1a: Hydreigon\n|-boost|p1a: Hydreigon|spa|2\n|\n|upkeep\n|turn|25\n|\n|t:|1666483094\n|move|p2a: Jirachi|Encore|p1a: Hydreigon\n|-start|p1a: Hydreigon|Encore\n|move|p1a: Hydreigon|Nasty Plot|p1a: Hydreigon\n|-boost|p1a: Hydreigon|spa|2\n|\n|upkeep\n|turn|26\n|\n|t:|1666483100\n|move|p2a: Jirachi|Cosmic Power|p2a: Jirachi\n|-boost|p2a: Jirachi|def|0\n|-boost|p2a: Jirachi|spd|0\n|move|p1a: Hydreigon|Nasty Plot|p1a: Hydreigon\n|-boost|p1a: Hydreigon|spa|2\n|\n|upkeep\n|turn|27\n|\n|t:|1666483103\n|move|p2a: Jirachi|Cosmic Power|p2a: Jirachi\n|-boost|p2a: Jirachi|def|0\n|-boost|p2a: Jirachi|spd|0\n|move|p1a: Hydreigon|Nasty Plot|p1a: Hydreigon\n|-boost|p1a: Hydreigon|spa|0\n|\n|-end|p1a: Hydreigon|Encore\n|upkeep\n|turn|28\n|\n|t:|1666483106\n|move|p2a: Jirachi|Encore|p1a: Hydreigon\n|-start|p1a: Hydreigon|Encore\n|move|p1a: Hydreigon|Nasty Plot|p1a: Hydreigon\n|-boost|p1a: Hydreigon|spa|0\n|\n|upkeep\n|turn|29\n|\n|t:|1666483119\n|switch|p2a: Heatran|Heatran, F|100\/100\n|move|p1a: Hydreigon|Nasty Plot|p1a: Hydreigon\n|-boost|p1a: Hydreigon|spa|0\n|\n|upkeep\n|turn|30\n|\n|t:|1666483131\n|switch|p1a: Landorus|Landorus-Therian, M|100\/100\n|-ability|p1a: Landorus|Intimidate|boost\n|-unboost|p2a: Heatran|atk|1\n|move|p2a: Heatran|Will-O-Wisp|p1a: Landorus\n|-status|p1a: Landorus|brn\n|\n|-damage|p1a: Landorus|94\/100 brn|[from] brn\n|upkeep\n|turn|31\n|\n|t:|1666483142\n|switch|p2a: Mew|Mew|100\/100\n|move|p1a: Landorus|Stealth Rock|p2a: Mew\n|-sidestart|p2: LT94JE Allistair|move: Stealth Rock\n|\n|-heal|p1a: Landorus|100\/100 brn|[from] item: Leftovers\n|-damage|p1a: Landorus|94\/100 brn|[from] brn\n|upkeep\n|turn|32\n|\n|t:|1666483146\n|switch|p1a: Tapu Fini|Tapu Fini|88\/100\n|-fieldstart|move: Misty Terrain|[from] ability: Misty Surge|[of] p1a: Tapu Fini\n|move|p2a: Mew|Cosmic Power|p2a: Mew\n|-boost|p2a: Mew|def|1\n|-boost|p2a: Mew|spd|1\n|\n|upkeep\n|turn|33\n|\n|t:|1666483149\n|switch|p2a: Jirachi|Jirachi|100\/100\n|-damage|p2a: Jirachi|94\/100|[from] Stealth Rock\n|move|p1a: Tapu Fini|Trick|p2a: Jirachi\n|-activate|p1a: Tapu Fini|move: Trick|[of] p2a: Jirachi\n|-item|p2a: Jirachi|Choice Scarf|[from] move: Trick\n|-enditem|p1a: Tapu Fini|Choice Scarf|[silent]|[from] move: Trick\n|\n|upkeep\n|turn|34\n|\n|t:|1666483157\n|switch|p2a: Slowking|Slowking-Galar, M|100\/100\n|-damage|p2a: Slowking|88\/100|[from] Stealth Rock\n|switch|p1a: Hydreigon|Hydreigon, F|100\/100\n|\n|-heal|p2a: Slowking|94\/100|[from] item: Black Sludge\n|upkeep\n|turn|35\n|\n|t:|1666483162\n|switch|p1a: Landorus|Landorus-Therian, M|94\/100 brn\n|-ability|p1a: Landorus|Intimidate|boost\n|-unboost|p2a: Slowking|atk|1\n|switch|p2a: Jirachi|Jirachi|94\/100\n|-damage|p2a: Jirachi|88\/100|[from] Stealth Rock\n|\n|-heal|p1a: Landorus|100\/100 brn|[from] item: Leftovers\n|-damage|p1a: Landorus|94\/100 brn|[from] brn\n|upkeep\n|turn|36\n|\n|t:|1666483170\n|move|p2a: Jirachi|Wish|p2a: Jirachi\n|move|p1a: Landorus|U-turn|p2a: Jirachi\n|-damage|p2a: Jirachi|79\/100\n|\n|t:|1666483172\n|switch|p1a: Hydreigon|Hydreigon, F|100\/100|[from]move: U-turn\n|\n|-fieldend|Misty Terrain\n|upkeep\n|turn|37\n|\n|t:|1666483180\n|switch|p2a: Heatran|Heatran, F|100\/100\n|-damage|p2a: Heatran|88\/100|[from] Stealth Rock\n|move|p1a: Hydreigon|Nasty Plot|p1a: Hydreigon\n|-boost|p1a: Hydreigon|spa|2\n|\n|-heal|p2a: Heatran|100\/100|[from] move: Wish|[wisher] Jirachi\n|upkeep\n|turn|38\n|\n|t:|1666483185\n|switch|p1a: Landorus|Landorus-Therian, M|94\/100 brn\n|-ability|p1a: Landorus|Intimidate|boost\n|-unboost|p2a: Heatran|atk|1\n|move|p2a: Heatran|Will-O-Wisp|p1a: Landorus\n|-fail|p1a: Landorus|brn\n|\n|-heal|p1a: Landorus|100\/100 brn|[from] item: Leftovers\n|-damage|p1a: Landorus|94\/100 brn|[from] brn\n|upkeep\n|turn|39\n|\n|t:|1666483189\n|move|p2a: Heatran|Taunt|p1a: Landorus\n|-start|p1a: Landorus|move: Taunt\n|move|p1a: Landorus|Earthquake|p2a: Heatran\n|-supereffective|p2a: Heatran\n|-damage|p2a: Heatran|9\/100\n|\n|-heal|p1a: Landorus|100\/100 brn|[from] item: Leftovers\n|-damage|p1a: Landorus|94\/100 brn|[from] brn\n|upkeep\n|turn|40\n|\n|t:|1666483191\n|move|p2a: Heatran|Flamethrower|p1a: Landorus\n|-damage|p1a: Landorus|59\/100 brn\n|move|p1a: Landorus|U-turn|p2a: Heatran\n|-resisted|p2a: Heatran\n|-damage|p2a: Heatran|6\/100\n|\n|t:|1666483193\n|switch|p1a: Hydreigon|Hydreigon, F|100\/100|[from]move: U-turn\n|\n|upkeep\n|turn|41\n|\n|t:|1666483195\n|move|p1a: Hydreigon|Dark Pulse|p2a: Heatran\n|-damage|p2a: Heatran|0 fnt\n|faint|p2a: Heatran\n|\n|upkeep\n|\n|t:|1666483204\n|switch|p2a: Mew|Mew|100\/100\n|-damage|p2a: Mew|88\/100|[from] Stealth Rock\n|turn|42\n|\n|t:|1666483208\n|move|p2a: Mew|Cosmic Power|p2a: Mew\n|-boost|p2a: Mew|def|1\n|-boost|p2a: Mew|spd|1\n|move|p1a: Hydreigon|Nasty Plot|p1a: Hydreigon\n|-boost|p1a: Hydreigon|spa|2\n|\n|upkeep\n|turn|43\n|\n|t:|1666483213\n|move|p2a: Mew|Body Press|p1a: Hydreigon\n|-supereffective|p1a: Hydreigon\n|-damage|p1a: Hydreigon|22\/100\n|move|p1a: Hydreigon|Dark Pulse|p2a: Mew\n|-supereffective|p2a: Mew\n|-damage|p2a: Mew|0 fnt\n|faint|p2a: Mew\n|\n|upkeep\n|c|\u2606cucumber22|nah\n|-message|LT94JE Allistair forfeited.\n|\n|win|cucumber22\n|raw|cucumber22's rating: 1788 &rarr; <strong>1803<\/strong><br \/>(+15 for winning)\n|raw|LT94JE Allistair's rating: 1703 &rarr; <strong>1688<\/strong><br \/>(-15 for losing)\n|l|\u2606LT94JE Allistair\n||Ladder isn't responding, score probably updated but might not have (Request timeout).\n","uploadtime":1666483222,"views":23,"p1id":"cucumber22","p2id":"lt94jeallistair","formatid":"gen8ou","rating":1688,"private":0,"password":null}