{"id":"gen8ou-1257107362","p1":"CarlyBae","p2":"CELL 94","format":"gen8ou","log":"|html|<div class=\"broadcast-blue\"><strong>[Gen 8] OU is currently suspecting Urshifu-S! For information on how to participate check out the <a href=\"https:\/\/www.smogon.com\/forums\/threads\/np-ss-ou-suspect-process-round-8-aint-no-rest-for-the-wicked.3675310\/\">suspect thread<\/a>.<\/strong><\/div>\n|raw|<div class=\"broadcast-red\"><strong>This battle is invite-only!<\/strong><br \/>Users must be invited with <code>\/invite<\/code> (or be staff) to join<\/div>\n|j|\u2606CarlyBae\n|j|\u2606CELL 94\n|t:|1609958859\n|player|p1|CarlyBae|dawn-gen4pt|1586\n|player|p2|CELL 94|102|1590\n|teamsize|p1|6\n|teamsize|p2|6\n|gametype|singles\n|gen|8\n|tier|[Gen 8] OU\n|rated|\n|clearpoke\n|poke|p1|Urshifu-*, M|\n|poke|p1|Slowbro, M|\n|poke|p1|Excadrill, M|\n|poke|p1|Togekiss, F|\n|poke|p1|Tyranitar, M|\n|poke|p1|Amoonguss, M|\n|poke|p2|Dragapult, M|\n|poke|p2|Heatran, M|\n|poke|p2|Kyurem|\n|poke|p2|Volcanion|\n|poke|p2|Urshifu-*, F|\n|poke|p2|Corviknight, F|\n|rule|Sleep Clause Mod: Limit one foe put to sleep\n|rule|Species Clause: Limit one of each Pok\u00e9mon\n|rule|OHKO Clause: OHKO moves are banned\n|rule|Evasion Moves Clause: Evasion moves are banned\n|rule|Endless Battle Clause: Forcing endless battles is banned\n|rule|HP Percentage Mod: HP is shown in percentages\n|rule|Dynamax Clause: You cannot dynamax\n|teampreview\n|\n|t:|1609958905\n|start\n|switch|p1a: Slowbro|Slowbro, M|100\/100\n|switch|p2a: Urshifu|Urshifu-Rapid-Strike, F|100\/100\n|turn|1\n|\n|t:|1609958911\n|move|p2a: Urshifu|U-turn|p1a: Slowbro\n|-supereffective|p1a: Slowbro\n|-damage|p1a: Slowbro|57\/100\n|\n|t:|1609958914\n|switch|p2a: Heatran|Heatran, M|100\/100|[from]move: U-turn\n|move|p1a: Slowbro|Future Sight|p2a: Heatran\n|-start|p1a: Slowbro|move: Future Sight\n|\n|upkeep\n|turn|2\n|\n|t:|1609958919\n|switch|p1a: Tyranitar|Tyranitar, M|100\/100\n|-weather|Sandstorm|[from] ability: Sand Stream|[of] p1a: Tyranitar\n|move|p2a: Heatran|Stealth Rock|p1a: Tyranitar\n|-sidestart|p1: CarlyBae|move: Stealth Rock\n|\n|-weather|Sandstorm|[upkeep]\n|upkeep\n|turn|3\n|\n|t:|1609958926\n|switch|p2a: Corviknight|Corviknight, F|100\/100\n|-ability|p2a: Corviknight|Pressure\n|move|p1a: Tyranitar|Thunder Wave|p2a: Corviknight\n|-status|p2a: Corviknight|par\n|\n|-weather|Sandstorm|[upkeep]\n|-end|p2a: Corviknight|move: Future Sight\n|-resisted|p2a: Corviknight\n|-damage|p2a: Corviknight|80\/100 par\n|upkeep\n|turn|4\n|\n|t:|1609958938\n|switch|p1a: Slowbro|Slowbro, M|91\/100\n|move|p2a: Corviknight|Body Press|p1a: Slowbro\n|-resisted|p1a: Slowbro\n|-damage|p1a: Slowbro|82\/100\n|\n|-weather|Sandstorm|[upkeep]\n|-damage|p1a: Slowbro|76\/100|[from] Sandstorm\n|upkeep\n|turn|5\n|\n|t:|1609958952\n|switch|p2a: Volcanion|Volcanion|100\/100\n|move|p1a: Slowbro|Future Sight|p2a: Volcanion\n|-start|p1a: Slowbro|move: Future Sight\n|\n|-weather|Sandstorm|[upkeep]\n|-damage|p2a: Volcanion|95\/100|[from] Sandstorm\n|-damage|p1a: Slowbro|70\/100|[from] Sandstorm\n|upkeep\n|turn|6\n|\n|t:|1609958962\n|move|p2a: Volcanion|Steam Eruption|p1a: Slowbro|[miss]\n|-miss|p2a: Volcanion|p1a: Slowbro\n|move|p1a: Slowbro|Teleport|p1a: Slowbro\n|\n|t:|1609958984\n|switch|p1a: Urshifu|Urshifu, M|100\/100|[from]move: Teleport\n|-damage|p1a: Urshifu|94\/100|[from] Stealth Rock\n|\n|-weather|none\n|upkeep\n|turn|7\n|\n|t:|1609958992\n|switch|p2a: Corviknight|Corviknight, F|80\/100 par\n|-ability|p2a: Corviknight|Pressure\n|move|p1a: Urshifu|Close Combat|p2a: Corviknight\n|-damage|p2a: Corviknight|26\/100 par\n|-unboost|p1a: Urshifu|def|1\n|-unboost|p1a: Urshifu|spd|1\n|-damage|p1a: Urshifu|78\/100|[from] item: Rocky Helmet|[of] p2a: Corviknight\n|\n|-end|p2a: Corviknight|move: Future Sight\n|-resisted|p2a: Corviknight\n|-damage|p2a: Corviknight|4\/100 par\n|upkeep\n|turn|8\n|\n|t:|1609959010\n|switch|p2a: Dragapult|Dragapult, M|100\/100\n|move|p1a: Urshifu|Close Combat|p2a: Dragapult\n|-immune|p2a: Dragapult\n|\n|upkeep\n|turn|9\n|\n|t:|1609959021\n|switch|p1a: Togekiss|Togekiss, F|100\/100\n|move|p2a: Dragapult|Substitute|p2a: Dragapult\n|-start|p2a: Dragapult|Substitute\n|-damage|p2a: Dragapult|76\/100\n|\n|upkeep\n|turn|10\n|\n|t:|1609959055\n|move|p2a: Dragapult|Dragon Dance|p2a: Dragapult\n|-boost|p2a: Dragapult|atk|1\n|-boost|p2a: Dragapult|spe|1\n|move|p1a: Togekiss|Air Slash|p2a: Dragapult|[miss]\n|-miss|p1a: Togekiss|p2a: Dragapult\n|\n|upkeep\n|turn|11\n|\n|t:|1609959061\n|move|p2a: Dragapult|Phantom Force||[still]\n|-prepare|p2a: Dragapult|Phantom Force\n|move|p1a: Togekiss|Air Slash|p2a: Dragapult|[miss]\n|-miss|p1a: Togekiss|p2a: Dragapult\n|\n|upkeep\n|turn|12\n|\n|t:|1609959066\n|move|p2a: Dragapult|Phantom Force|p1a: Togekiss|[from]lockedmove\n|-damage|p1a: Togekiss|30\/100\n|-damage|p2a: Dragapult|66\/100|[from] item: Life Orb\n|move|p1a: Togekiss|Roost|p1a: Togekiss\n|-heal|p1a: Togekiss|80\/100\n|-singleturn|p1a: Togekiss|move: Roost\n|\n|upkeep\n|turn|13\n|\n|t:|1609959073\n|move|p2a: Dragapult|Dragon Dance|p2a: Dragapult\n|-boost|p2a: Dragapult|atk|1\n|-boost|p2a: Dragapult|spe|1\n|move|p1a: Togekiss|Air Slash|p2a: Dragapult|[miss]\n|-miss|p1a: Togekiss|p2a: Dragapult\n|\n|upkeep\n|turn|14\n|\n|t:|1609959080\n|move|p2a: Dragapult|Phantom Force||[still]\n|-prepare|p2a: Dragapult|Phantom Force\n|move|p1a: Togekiss|Roost|p1a: Togekiss\n|-heal|p1a: Togekiss|100\/100\n|-singleturn|p1a: Togekiss|move: Roost\n|\n|upkeep\n|turn|15\n|\n|t:|1609959085\n|move|p2a: Dragapult|Phantom Force|p1a: Togekiss|[from]lockedmove\n|-damage|p1a: Togekiss|2\/100\n|-damage|p2a: Dragapult|56\/100|[from] item: Life Orb\n|move|p1a: Togekiss|Roost|p1a: Togekiss\n|-heal|p1a: Togekiss|52\/100\n|-singleturn|p1a: Togekiss|move: Roost\n|\n|upkeep\n|turn|16\n|\n|t:|1609959093\n|move|p2a: Dragapult|Phantom Force||[still]\n|-prepare|p2a: Dragapult|Phantom Force\n|move|p1a: Togekiss|Air Slash|p2a: Dragapult|[miss]\n|-miss|p1a: Togekiss|p2a: Dragapult\n|\n|upkeep\n|turn|17\n|\n|t:|1609959097\n|switch|p1a: Tyranitar|Tyranitar, M|100\/100\n|-damage|p1a: Tyranitar|88\/100|[from] Stealth Rock\n|-weather|Sandstorm|[from] ability: Sand Stream|[of] p1a: Tyranitar\n|move|p2a: Dragapult|Phantom Force|p1a: Tyranitar|[from]lockedmove\n|-resisted|p1a: Tyranitar\n|-damage|p1a: Tyranitar|41\/100\n|-damage|p2a: Dragapult|46\/100|[from] item: Life Orb\n|\n|-weather|Sandstorm|[upkeep]\n|-damage|p2a: Dragapult|40\/100|[from] Sandstorm\n|-heal|p1a: Tyranitar|47\/100|[from] item: Leftovers\n|upkeep\n|turn|18\n|\n|t:|1609959109\n|switch|p1a: Togekiss|Togekiss, F|52\/100\n|move|p2a: Dragapult|Dragon Darts|p1a: Togekiss\n|-immune|p1a: Togekiss\n|\n|-weather|Sandstorm|[upkeep]\n|-damage|p2a: Dragapult|34\/100|[from] Sandstorm\n|-damage|p1a: Togekiss|45\/100|[from] Sandstorm\n|upkeep\n|turn|19\n|\n|t:|1609959117\n|move|p2a: Dragapult|Phantom Force||[still]\n|-prepare|p2a: Dragapult|Phantom Force\n|move|p1a: Togekiss|Roost|p1a: Togekiss\n|-heal|p1a: Togekiss|95\/100\n|-singleturn|p1a: Togekiss|move: Roost\n|\n|-weather|Sandstorm|[upkeep]\n|-damage|p2a: Dragapult|28\/100|[from] Sandstorm\n|-damage|p1a: Togekiss|89\/100|[from] Sandstorm\n|upkeep\n|turn|20\n|\n|t:|1609959135\n|switch|p1a: Amoonguss|Amoonguss, M|100\/100\n|-damage|p1a: Amoonguss|88\/100|[from] Stealth Rock\n|move|p2a: Dragapult|Phantom Force|p1a: Amoonguss|[from]lockedmove\n|-damage|p1a: Amoonguss|4\/100\n|-damage|p2a: Dragapult|12\/100|[from] item: Rocky Helmet|[of] p1a: Amoonguss\n|-damage|p2a: Dragapult|2\/100|[from] item: Life Orb\n|\n|-weather|Sandstorm|[upkeep]\n|-damage|p2a: Dragapult|0 fnt|[from] Sandstorm\n|-damage|p1a: Amoonguss|0 fnt|[from] Sandstorm\n|faint|p2a: Dragapult\n|faint|p1a: Amoonguss\n|upkeep\n|\n|t:|1609959153\n|switch|p2a: Urshifu|Urshifu-Rapid-Strike, F|100\/100\n|switch|p1a: Urshifu|Urshifu, M|78\/100\n|-damage|p1a: Urshifu|72\/100|[from] Stealth Rock\n|turn|21\n|inactive|Battle timer is ON: inactive players will automatically lose when time's up. (requested by CELL 94)\n|\n|t:|1609959295\n|switch|p2a: Kyurem|Kyurem|100\/100\n|-ability|p2a: Kyurem|Pressure\n|switch|p1a: Slowbro|Slowbro, M|100\/100\n|\n|-weather|none\n|upkeep\n|turn|22\n|\n|t:|1609959304\n|switch|p1a: Tyranitar|Tyranitar, M|47\/100\n|-damage|p1a: Tyranitar|35\/100|[from] Stealth Rock\n|-weather|Sandstorm|[from] ability: Sand Stream|[of] p1a: Tyranitar\n|move|p2a: Kyurem|Focus Blast|p1a: Tyranitar\n|-supereffective|p1a: Tyranitar\n|-damage|p1a: Tyranitar|0 fnt\n|faint|p1a: Tyranitar\n|\n|-weather|Sandstorm|[upkeep]\n|-damage|p2a: Kyurem|94\/100|[from] Sandstorm\n|upkeep\n|\n|t:|1609959308\n|switch|p1a: Slowbro|Slowbro, M|100\/100\n|turn|23\n|\n|t:|1609959329\n|switch|p2a: Heatran|Heatran, M|100\/100\n|move|p1a: Slowbro|Teleport|p1a: Slowbro\n|\n|t:|1609959333\n|switch|p1a: Urshifu|Urshifu, M|72\/100|[from]move: Teleport\n|-damage|p1a: Urshifu|66\/100|[from] Stealth Rock\n|\n|-weather|Sandstorm|[upkeep]\n|-damage|p1a: Urshifu|59\/100|[from] Sandstorm\n|upkeep\n|turn|24\n|\n|t:|1609959344\n|switch|p2a: Corviknight|Corviknight, F|4\/100 par\n|-ability|p2a: Corviknight|Pressure\n|move|p1a: Urshifu|Close Combat|p2a: Corviknight\n|-damage|p2a: Corviknight|0 fnt\n|-unboost|p1a: Urshifu|def|1\n|-unboost|p1a: Urshifu|spd|1\n|-damage|p1a: Urshifu|43\/100|[from] item: Rocky Helmet|[of] p2a: Corviknight\n|faint|p2a: Corviknight\n|\n|-weather|Sandstorm|[upkeep]\n|-damage|p1a: Urshifu|37\/100|[from] Sandstorm\n|upkeep\n|inactive|CELL 94 has 120 seconds left.\n|inactive|CELL 94 has 90 seconds left.\n|\n|t:|1609959395\n|switch|p2a: Urshifu|Urshifu-Rapid-Strike, F|100\/100\n|turn|25\n|\n|t:|1609959406\n|switch|p1a: Excadrill|Excadrill, M|100\/100\n|-damage|p1a: Excadrill|97\/100|[from] Stealth Rock\n|move|p2a: Urshifu|U-turn|p1a: Excadrill\n|-resisted|p1a: Excadrill\n|-damage|p1a: Excadrill|71\/100\n|inactive|CELL 94 has 90 seconds left.\n|\n|t:|1609959424\n|switch|p2a: Kyurem|Kyurem|94\/100|[from]move: U-turn\n|-ability|p2a: Kyurem|Pressure\n|\n|-weather|Sandstorm|[upkeep]\n|-damage|p2a: Kyurem|88\/100|[from] Sandstorm\n|-heal|p1a: Excadrill|77\/100|[from] item: Leftovers\n|upkeep\n|turn|26\n|\n|t:|1609959433\n|switch|p2a: Urshifu|Urshifu-Rapid-Strike, F|100\/100\n|move|p1a: Excadrill|Iron Head|p2a: Urshifu\n|-resisted|p2a: Urshifu\n|-damage|p2a: Urshifu|79\/100\n|\n|-weather|none\n|-heal|p1a: Excadrill|83\/100|[from] item: Leftovers\n|upkeep\n|turn|27\n|\n|t:|1609959445\n|move|p2a: Urshifu|U-turn|p1a: Excadrill\n|-resisted|p1a: Excadrill\n|-damage|p1a: Excadrill|59\/100\n|\n|t:|1609959451\n|switch|p2a: Kyurem|Kyurem|88\/100|[from]move: U-turn\n|-ability|p2a: Kyurem|Pressure\n|move|p1a: Excadrill|Iron Head|p2a: Kyurem\n|-supereffective|p2a: Kyurem\n|-damage|p2a: Kyurem|11\/100\n|\n|-heal|p1a: Excadrill|65\/100|[from] item: Leftovers\n|upkeep\n|turn|28\n|\n|t:|1609959460\n|switch|p2a: Urshifu|Urshifu-Rapid-Strike, F|79\/100\n|move|p1a: Excadrill|Rapid Spin|p2a: Urshifu\n|-damage|p2a: Urshifu|61\/100\n|-boost|p1a: Excadrill|spe|1\n|-sideend|p1: CarlyBae|Stealth Rock|[from] move: Rapid Spin|[of] p1a: Excadrill\n|\n|-heal|p1a: Excadrill|71\/100|[from] item: Leftovers\n|upkeep\n|turn|29\n|\n|t:|1609959472\n|switch|p1a: Slowbro|Slowbro, M|100\/100\n|move|p2a: Urshifu|Surging Strikes|p1a: Slowbro\n|-resisted|p1a: Slowbro\n|-crit|p1a: Slowbro\n|-damage|p1a: Slowbro|92\/100\n|-resisted|p1a: Slowbro\n|-crit|p1a: Slowbro\n|-damage|p1a: Slowbro|83\/100\n|-resisted|p1a: Slowbro\n|-crit|p1a: Slowbro\n|-damage|p1a: Slowbro|74\/100\n|-hitcount|p1a: Slowbro|3\n|\n|upkeep\n|turn|30\n|inactive|CELL 94 has 90 seconds left.\n|inactive|CELL 94 has 60 seconds left.\n|\n|t:|1609959544\n|switch|p2a: Volcanion|Volcanion|95\/100\n|move|p1a: Slowbro|Teleport|p1a: Slowbro\n|\n|t:|1609959552\n|switch|p1a: Excadrill|Excadrill, M|71\/100|[from]move: Teleport\n|\n|-heal|p1a: Excadrill|77\/100|[from] item: Leftovers\n|upkeep\n|turn|31\n|\n|t:|1609959559\n|move|p1a: Excadrill|Earthquake|p2a: Volcanion\n|-supereffective|p2a: Volcanion\n|-damage|p2a: Volcanion|0 fnt\n|faint|p2a: Volcanion\n|\n|-heal|p1a: Excadrill|83\/100|[from] item: Leftovers\n|upkeep\n|\n|t:|1609959570\n|switch|p2a: Kyurem|Kyurem|11\/100\n|-ability|p2a: Kyurem|Pressure\n|turn|32\n|\n|t:|1609959576\n|switch|p1a: Togekiss|Togekiss, F|89\/100\n|move|p2a: Kyurem|Ice Beam|p1a: Togekiss\n|-supereffective|p1a: Togekiss\n|-damage|p1a: Togekiss|0 fnt\n|faint|p1a: Togekiss\n|\n|upkeep\n|inactive|CarlyBae has 120 seconds left.\n|inactive|CarlyBae has 90 seconds left.\n|\n|t:|1609959651\n|switch|p1a: Slowbro|Slowbro, M|100\/100\n|turn|33\n|inactive|CELL 94 has 60 seconds left.\n|\n|t:|1609959672\n|move|p2a: Kyurem|Ice Beam|p1a: Slowbro\n|-resisted|p1a: Slowbro\n|-damage|p1a: Slowbro|62\/100\n|move|p1a: Slowbro|Scald|p2a: Kyurem\n|-resisted|p2a: Kyurem\n|-damage|p2a: Kyurem|0 fnt\n|faint|p2a: Kyurem\n|\n|upkeep\n|\n|t:|1609959680\n|switch|p2a: Urshifu|Urshifu-Rapid-Strike, F|61\/100\n|turn|34\n|\n|t:|1609959690\n|move|p2a: Urshifu|U-turn|p1a: Slowbro\n|-supereffective|p1a: Slowbro\n|-damage|p1a: Slowbro|22\/100\n|-message|CELL 94 forfeited.\n|\n|win|CarlyBae\n|l|\u2606CELL 94\n|c|\u2606CarlyBae|\/log CarlyBae made this room public.\n||Ladder (probably) updated, but score could not be retrieved (Request timeout).\n","uploadtime":1609959719,"views":28,"p1id":"carlybae","p2id":"cell94","formatid":"gen8ou","rating":0,"private":0,"password":null}