{"id":"gen8ou-1384542213","p1":"Glaed13","p2":"Le-Perpetrator","format":"gen8ou","log":"|j|\u2606Glaed13\n|j|\u2606Le-Perpetrator\n|t:|1627329295\n|gametype|singles\n|player|p1|Glaed13|cheren-gen5bw2|1722\n|player|p2|Le-Perpetrator|266|1911\n|teamsize|p1|6\n|teamsize|p2|6\n|gen|8\n|tier|[Gen 8] OU\n|rated|\n|rule|Sleep Clause Mod: Limit one foe put to sleep\n|rule|Species Clause: Limit one of each Pok\u00e9mon\n|rule|OHKO Clause: OHKO moves are banned\n|rule|Evasion Moves Clause: Evasion moves are banned\n|rule|Endless Battle Clause: Forcing endless battles is banned\n|rule|HP Percentage Mod: HP is shown in percentages\n|rule|Dynamax Clause: You cannot dynamax\n|clearpoke\n|poke|p1|Klefki, F|\n|poke|p1|Blaziken, M|\n|poke|p1|Swampert, M|\n|poke|p1|Ferrothorn, M|\n|poke|p1|Hatterene, F|\n|poke|p1|Dragonite, M|\n|poke|p2|Hatterene, F|\n|poke|p2|Ferrothorn, F|\n|poke|p2|Crawdaunt, F|\n|poke|p2|Kyurem|\n|poke|p2|Tapu Koko|\n|poke|p2|Landorus-Therian, M|\n|teampreview\n|inactive|Battle timer is ON: inactive players will automatically lose when time's up. (requested by Glaed13)\n|inactive|Le-Perpetrator has 120 seconds left.\n|j| watercooling\n|inactive|Le-Perpetrator has 90 seconds left.\n|inactive|Le-Perpetrator has 60 seconds left.\n|\n|t:|1627329416\n|start\n|switch|p1a: Ferrothorn|Ferrothorn, M|100\/100\n|switch|p2a: Kyurem|Kyurem|100\/100\n|-ability|p2a: Kyurem|Pressure\n|turn|1\n|\n|t:|1627329436\n|switch|p2a: Ferrothorn|Ferrothorn, F|100\/100\n|move|p1a: Ferrothorn|Gyro Ball|p2a: Ferrothorn\n|-resisted|p2a: Ferrothorn\n|-damage|p2a: Ferrothorn|97\/100\n|-damage|p1a: Ferrothorn|88\/100|[from] ability: Iron Barbs|[of] p2a: Ferrothorn\n|-damage|p1a: Ferrothorn|71\/100|[from] item: Rocky Helmet|[of] p2a: Ferrothorn\n|\n|upkeep\n|turn|2\n|\n|t:|1627329449\n|switch|p2a: Hatterene|Hatterene, F|100\/100\n|move|p1a: Ferrothorn|Body Press|p2a: Hatterene\n|-resisted|p2a: Hatterene\n|-damage|p2a: Hatterene|93\/100\n|\n|upkeep\n|turn|3\n|\n|t:|1627329456\n|switch|p1a: Swampert|Swampert, M|100\/100\n|move|p2a: Hatterene|Mystical Fire|p1a: Swampert\n|-resisted|p1a: Swampert\n|-damage|p1a: Swampert|82\/100\n|-unboost|p1a: Swampert|spa|1\n|\n|-heal|p1a: Swampert|88\/100|[from] item: Leftovers\n|upkeep\n|turn|4\n|\n|t:|1627329467\n|switch|p2a: Landorus|Landorus-Therian, M|100\/100\n|-ability|p2a: Landorus|Intimidate|boost\n|-unboost|p1a: Swampert|atk|1\n|move|p1a: Swampert|Earthquake|p2a: Landorus\n|-immune|p2a: Landorus\n|\n|-heal|p1a: Swampert|95\/100|[from] item: Leftovers\n|upkeep\n|turn|5\n|\n|t:|1627329489\n|move|p2a: Landorus|U-turn|p1a: Swampert\n|-damage|p1a: Swampert|69\/100\n|\n|t:|1627329492\n|switch|p2a: Hatterene|Hatterene, F|93\/100|[from]move: U-turn\n|move|p1a: Swampert|Ice Punch|p2a: Hatterene\n|-damage|p2a: Hatterene|74\/100\n|\n|-heal|p1a: Swampert|75\/100|[from] item: Leftovers\n|upkeep\n|turn|6\n|\n|t:|1627329499\n|move|p1a: Swampert|Flip Turn|p2a: Hatterene\n|-damage|p2a: Hatterene|55\/100\n|\n|t:|1627329503\n|switch|p1a: Klefki|Klefki, F|100\/100|[from]move: Flip Turn\n|move|p2a: Hatterene|Draining Kiss|p1a: Klefki\n|-resisted|p1a: Klefki\n|-damage|p1a: Klefki|77\/100\n|-heal|p2a: Hatterene|73\/100|[from] drain|[of] p1a: Klefki\n|\n|upkeep\n|turn|7\n|inactive|Le-Perpetrator has 120 seconds left.\n|\n|t:|1627329512\n|move|p1a: Klefki|Light Screen|p1a: Klefki\n|-sidestart|p1: Glaed13|move: Light Screen\n|move|p2a: Hatterene|Draining Kiss|p1a: Klefki\n|-resisted|p1a: Klefki\n|-damage|p1a: Klefki|66\/100\n|-heal|p2a: Hatterene|81\/100|[from] drain|[of] p1a: Klefki\n|\n|upkeep\n|turn|8\n|\n|t:|1627329522\n|switch|p1a: Swampert|Swampert, M|75\/100\n|switch|p2a: Ferrothorn|Ferrothorn, F|97\/100\n|\n|-heal|p1a: Swampert|81\/100|[from] item: Leftovers\n|upkeep\n|turn|9\n|\n|t:|1627329545\n|switch|p1a: Blaziken|Blaziken, M|100\/100\n|switch|p2a: Crawdaunt|Crawdaunt, F|100\/100\n|\n|upkeep\n|turn|10\n|\n|t:|1627329562\n|switch|p2a: Landorus|Landorus-Therian, M|100\/100\n|-ability|p2a: Landorus|Intimidate|boost\n|-unboost|p1a: Blaziken|atk|1\n|move|p1a: Blaziken|Close Combat|p2a: Landorus\n|-resisted|p2a: Landorus\n|-damage|p2a: Landorus|73\/100\n|-unboost|p1a: Blaziken|def|1\n|-unboost|p1a: Blaziken|spd|1\n|\n|-ability|p1a: Blaziken|Speed Boost|boost\n|-boost|p1a: Blaziken|spe|1\n|upkeep\n|turn|11\n|inactive|Le-Perpetrator has 120 seconds left.\n|\n|t:|1627329585\n|switch|p1a: Ferrothorn|Ferrothorn, M|71\/100\n|move|p2a: Landorus|U-turn|p1a: Ferrothorn\n|-damage|p1a: Ferrothorn|52\/100\n|-damage|p2a: Landorus|61\/100|[from] ability: Iron Barbs|[of] p1a: Ferrothorn\n|-damage|p2a: Landorus|44\/100|[from] item: Rocky Helmet|[of] p1a: Ferrothorn\n|inactive|Le-Perpetrator has 120 seconds left.\n|\n|t:|1627329592\n|switch|p2a: Crawdaunt|Crawdaunt, F|100\/100|[from]move: U-turn\n|\n|upkeep\n|turn|12\n|\n|t:|1627329603\n|move|p2a: Crawdaunt|Knock Off|p1a: Ferrothorn\n|-damage|p1a: Ferrothorn|0 fnt\n|-damage|p2a: Crawdaunt|88\/100|[from] ability: Iron Barbs|[of] p1a: Ferrothorn\n|-damage|p2a: Crawdaunt|72\/100|[from] item: Rocky Helmet|[of] p1a: Ferrothorn\n|-enditem|p1a: Ferrothorn|Rocky Helmet|[from] move: Knock Off|[of] p2a: Crawdaunt\n|faint|p1a: Ferrothorn\n|\n|upkeep\n|\n|t:|1627329619\n|switch|p1a: Klefki|Klefki, F|66\/100\n|turn|13\n|\n|t:|1627329629\n|switch|p2a: Hatterene|Hatterene, F|81\/100\n|move|p1a: Klefki|Reflect|p1a: Klefki\n|-sidestart|p1: Glaed13|Reflect\n|\n|upkeep\n|turn|14\n|\n|t:|1627329638\n|switch|p1a: Swampert|Swampert, M|81\/100\n|move|p2a: Hatterene|Draining Kiss|p1a: Swampert\n|-damage|p1a: Swampert|61\/100\n|-heal|p2a: Hatterene|99\/100|[from] drain|[of] p1a: Swampert\n|\n|-heal|p1a: Swampert|67\/100|[from] item: Leftovers\n|-sideend|p1: Glaed13|move: Light Screen\n|upkeep\n|turn|15\n|\n|t:|1627329648\n|move|p1a: Swampert|Flip Turn|p2a: Hatterene\n|-crit|p2a: Hatterene\n|-damage|p2a: Hatterene|55\/100\n|\n|t:|1627329654\n|switch|p1a: Klefki|Klefki, F|66\/100|[from]move: Flip Turn\n|move|p2a: Hatterene|Draining Kiss|p1a: Klefki\n|-resisted|p1a: Klefki\n|-damage|p1a: Klefki|45\/100\n|-heal|p2a: Hatterene|71\/100|[from] drain|[of] p1a: Klefki\n|\n|upkeep\n|turn|16\n|\n|t:|1627329661\n|move|p1a: Klefki|Light Screen|p1a: Klefki\n|-sidestart|p1: Glaed13|move: Light Screen\n|move|p2a: Hatterene|Draining Kiss|p1a: Klefki\n|-resisted|p1a: Klefki\n|-damage|p1a: Klefki|34\/100\n|-heal|p2a: Hatterene|79\/100|[from] drain|[of] p1a: Klefki\n|\n|upkeep\n|turn|17\n|\n|t:|1627329673\n|switch|p1a: Hatterene|Hatterene, F, shiny|100\/100\n|move|p2a: Hatterene|Draining Kiss|p1a: Hatterene\n|-damage|p1a: Hatterene|75\/100\n|-heal|p2a: Hatterene|98\/100|[from] drain|[of] p1a: Hatterene\n|\n|-heal|p1a: Hatterene|81\/100|[from] item: Leftovers\n|upkeep\n|turn|18\n|\n|t:|1627329682\n|switch|p2a: Landorus|Landorus-Therian, M|44\/100\n|-ability|p2a: Landorus|Intimidate|boost\n|-unboost|p1a: Hatterene|atk|1\n|move|p1a: Hatterene|Calm Mind|p1a: Hatterene\n|-boost|p1a: Hatterene|spa|1\n|-boost|p1a: Hatterene|spd|1\n|\n|-heal|p1a: Hatterene|87\/100|[from] item: Leftovers\n|upkeep\n|turn|19\n|\n|t:|1627329699\n|move|p2a: Landorus|U-turn|p1a: Hatterene\n|-damage|p1a: Hatterene|74\/100\n|\n|t:|1627329702\n|switch|p2a: Ferrothorn|Ferrothorn, F|97\/100|[from]move: U-turn\n|move|p1a: Hatterene|Calm Mind|p1a: Hatterene\n|-boost|p1a: Hatterene|spa|1\n|-boost|p1a: Hatterene|spd|1\n|\n|-heal|p1a: Hatterene|81\/100|[from] item: Leftovers\n|upkeep\n|turn|20\n|\n|t:|1627329709\n|switch|p2a: Crawdaunt|Crawdaunt, F|72\/100\n|move|p1a: Hatterene|Mystical Fire|p2a: Crawdaunt\n|-resisted|p2a: Crawdaunt\n|-damage|p2a: Crawdaunt|28\/100\n|-unboost|p2a: Crawdaunt|spa|1\n|\n|-heal|p1a: Hatterene|87\/100|[from] item: Leftovers\n|-sideend|p1: Glaed13|Reflect\n|upkeep\n|turn|21\n|\n|t:|1627329727\n|switch|p1a: Swampert|Swampert, M|67\/100\n|move|p2a: Crawdaunt|Knock Off|p1a: Swampert\n|-damage|p1a: Swampert|0 fnt\n|-enditem|p1a: Swampert|Leftovers|[from] move: Knock Off|[of] p2a: Crawdaunt\n|faint|p1a: Swampert\n|\n|upkeep\n|\n|t:|1627329732\n|switch|p1a: Blaziken|Blaziken, M|100\/100\n|turn|22\n|\n|t:|1627329758\n|switch|p2a: Landorus|Landorus-Therian, M|44\/100\n|-ability|p2a: Landorus|Intimidate|boost\n|-unboost|p1a: Blaziken|atk|1\n|move|p1a: Blaziken|Swords Dance|p1a: Blaziken\n|-boost|p1a: Blaziken|atk|2\n|\n|-ability|p1a: Blaziken|Speed Boost|boost\n|-boost|p1a: Blaziken|spe|1\n|upkeep\n|turn|23\n|\n|t:|1627329769\n|move|p2a: Landorus|Earthquake|p1a: Blaziken\n|-supereffective|p1a: Blaziken\n|-damage|p1a: Blaziken|0 fnt\n|faint|p1a: Blaziken\n|\n|-sideend|p1: Glaed13|move: Light Screen\n|upkeep\n|\n|t:|1627329785\n|switch|p1a: Dragonite|Dragonite, M|100\/100\n|turn|24\n|\n|t:|1627329788\n|switch|p2a: Kyurem|Kyurem|100\/100\n|-ability|p2a: Kyurem|Pressure\n|move|p1a: Dragonite|Dragon Dance|p1a: Dragonite\n|-boost|p1a: Dragonite|atk|1\n|-boost|p1a: Dragonite|spe|1\n|\n|upkeep\n|turn|25\n|\n|t:|1627329800\n|switch|p1a: Klefki|Klefki, F|34\/100\n|move|p2a: Kyurem|Ice Beam|p1a: Klefki\n|-resisted|p1a: Klefki\n|-damage|p1a: Klefki|0 fnt\n|faint|p1a: Klefki\n|\n|upkeep\n|\n|t:|1627329805\n|switch|p1a: Hatterene|Hatterene, F, shiny|87\/100\n|turn|26\n|\n|t:|1627329816\n|switch|p2a: Hatterene|Hatterene, F|98\/100\n|move|p1a: Hatterene|Draining Kiss|p2a: Hatterene\n|-damage|p2a: Hatterene|72\/100\n|-heal|p1a: Hatterene|100\/100|[from] drain|[of] p2a: Hatterene\n|\n|upkeep\n|turn|27\n|\n|t:|1627329823\n|move|p1a: Hatterene|Calm Mind|p1a: Hatterene\n|-boost|p1a: Hatterene|spa|1\n|-boost|p1a: Hatterene|spd|1\n|move|p2a: Hatterene|Draining Kiss|p1a: Hatterene\n|-damage|p1a: Hatterene|67\/100\n|-heal|p2a: Hatterene|96\/100|[from] drain|[of] p1a: Hatterene\n|\n|-heal|p1a: Hatterene|73\/100|[from] item: Leftovers\n|upkeep\n|turn|28\n|\n|t:|1627329834\n|switch|p2a: Crawdaunt|Crawdaunt, F|28\/100\n|move|p1a: Hatterene|Mystical Fire|p2a: Crawdaunt\n|-resisted|p2a: Crawdaunt\n|-damage|p2a: Crawdaunt|0 fnt\n|faint|p2a: Crawdaunt\n|\n|-heal|p1a: Hatterene|79\/100|[from] item: Leftovers\n|upkeep\n|\n|t:|1627329842\n|switch|p2a: Landorus|Landorus-Therian, M|44\/100\n|-ability|p2a: Landorus|Intimidate|boost\n|-unboost|p1a: Hatterene|atk|1\n|turn|29\n|\n|t:|1627329849\n|switch|p1a: Dragonite|Dragonite, M|100\/100\n|move|p2a: Landorus|Explosion|p1a: Dragonite\n|-damage|p1a: Dragonite|45\/100\n|faint|p2a: Landorus\n|\n|upkeep\n|\n|t:|1627329856\n|switch|p2a: Tapu Koko|Tapu Koko|100\/100\n|-fieldstart|move: Electric Terrain|[from] ability: Electric Surge|[of] p2a: Tapu Koko\n|turn|30\n|\n|t:|1627329862\n|move|p2a: Tapu Koko|Thunderbolt|p1a: Dragonite\n|-damage|p1a: Dragonite|0 fnt\n|faint|p1a: Dragonite\n|\n|upkeep\n|\n|t:|1627329865\n|switch|p1a: Hatterene|Hatterene, F, shiny|79\/100\n|turn|31\n|\n|t:|1627329868\n|move|p2a: Tapu Koko|Thunderbolt|p1a: Hatterene\n|-damage|p1a: Hatterene|1\/100\n|move|p1a: Hatterene|Calm Mind|p1a: Hatterene\n|-boost|p1a: Hatterene|spa|1\n|-boost|p1a: Hatterene|spd|1\n|\n|-heal|p1a: Hatterene|8\/100|[from] item: Leftovers\n|upkeep\n|turn|32\n|\n|t:|1627329875\n|move|p2a: Tapu Koko|Thunderbolt|p1a: Hatterene\n|-damage|p1a: Hatterene|0 fnt\n|faint|p1a: Hatterene\n|\n|win|Le-Perpetrator\n|raw|Glaed13's rating: 1722 &rarr; <strong>1712<\/strong><br \/>(-10 for losing)\n|raw|Le-Perpetrator's rating: 1911 &rarr; <strong>1921<\/strong><br \/>(+10 for winning)\n|l|\u2606Glaed13\n","uploadtime":1627329889,"views":41,"p1id":"glaed13","p2id":"leperpetrator","formatid":"gen8ou","rating":1712,"private":0,"password":null}