{"id":"gen8ou-1138688385","p1":"Goootzinho","p2":"keep bad","format":"gen8ou","log":"|j|\u2606Goootzinho\n|j|\u2606keep bad\n|player|p1|Goootzinho|galacticgrunt|1411\n|player|p2|keep bad|guitarist|1379\n|teamsize|p1|6\n|teamsize|p2|6\n|gametype|singles\n|gen|8\n|tier|[Gen 8] OU\n|rated|\n|clearpoke\n|poke|p1|Pelipper, F|\n|poke|p1|Ferrothorn, F|\n|poke|p1|Magearna|\n|poke|p1|Kingdra, F|\n|poke|p1|Seismitoad, M|\n|poke|p1|Barraskewda, M|\n|poke|p2|Cinderace, F|\n|poke|p2|Alakazam, F|\n|poke|p2|Dragapult, M|\n|poke|p2|Ferrothorn, M|\n|poke|p2|Azumarill, F|\n|poke|p2|Togekiss, M|\n|rule|Sleep Clause Mod: Limit one foe put to sleep\n|rule|Species Clause: Limit one of each Pok\u00e9mon\n|rule|OHKO Clause: OHKO moves are banned\n|rule|Evasion Moves Clause: Evasion moves are banned\n|rule|Endless Battle Clause: Forcing endless battles is banned\n|rule|HP Percentage Mod: HP is shown in percentages\n|rule|Dynamax Clause: You cannot dynamax\n|teampreview\n|\n|start\n|switch|p1a: Magearna|Magearna|100\/100\n|switch|p2a: Dragapult|Dragapult, M|100\/100\n|turn|1\n|inactive|Battle timer is ON: inactive players will automatically lose when time's up. (requested by keep bad)\n|\n|move|p2a: Dragapult|Fire Blast|p1a: Magearna\n|-supereffective|p1a: Magearna\n|-damage|p1a: Magearna|24\/100\n|move|p1a: Magearna|Trick|p2a: Dragapult\n|-activate|p1a: Magearna|move: Trick|[of] p2a: Dragapult\n|-item|p2a: Dragapult|Choice Specs|[from] move: Trick\n|-item|p1a: Magearna|Choice Specs|[from] move: Trick\n|\n|upkeep\n|turn|2\n|\n|switch|p1a: Kingdra|Kingdra, F|100\/100\n|move|p2a: Dragapult|Thunderbolt|p1a: Kingdra\n|-damage|p1a: Kingdra|55\/100\n|\n|upkeep\n|turn|3\n|\n|switch|p1a: Seismitoad|Seismitoad, M|100\/100\n|move|p2a: Dragapult|Thunderbolt|p1a: Seismitoad\n|-immune|p1a: Seismitoad\n|\n|upkeep\n|turn|4\n|\n|switch|p2a: Ferrothorn|Ferrothorn, M|100\/100\n|switch|p1a: Ferrothorn|Ferrothorn, F|100\/100\n|\n|upkeep\n|turn|5\n|\n|move|p1a: Ferrothorn|Knock Off|p2a: Ferrothorn\n|-damage|p2a: Ferrothorn|84\/100\n|-damage|p1a: Ferrothorn|88\/100|[from] ability: Iron Barbs|[of] p2a: Ferrothorn\n|-enditem|p2a: Ferrothorn|Leftovers|[from] move: Knock Off|[of] p1a: Ferrothorn\n|move|p2a: Ferrothorn|Stealth Rock|p1a: Ferrothorn\n|-sidestart|p1: Goootzinho|move: Stealth Rock\n|\n|upkeep\n|turn|6\n|\n|move|p1a: Ferrothorn|Stealth Rock|p2a: Ferrothorn\n|-sidestart|p2: keep bad|move: Stealth Rock\n|move|p2a: Ferrothorn|Iron Defense|p2a: Ferrothorn\n|-boost|p2a: Ferrothorn|def|2\n|\n|upkeep\n|turn|7\n|\n|move|p1a: Ferrothorn|Thunder Wave|p2a: Ferrothorn\n|-status|p2a: Ferrothorn|par\n|move|p2a: Ferrothorn|Body Press|p1a: Ferrothorn\n|-supereffective|p1a: Ferrothorn\n|-enditem|p1a: Ferrothorn|Chople Berry|[eat]\n|-enditem|p1a: Ferrothorn|Chople Berry|[weaken]\n|-damage|p1a: Ferrothorn|58\/100\n|-damage|p2a: Ferrothorn|72\/100 par|[from] ability: Iron Barbs|[of] p1a: Ferrothorn\n|\n|upkeep\n|turn|8\n|\n|move|p1a: Ferrothorn|Body Press|p2a: Ferrothorn\n|-supereffective|p2a: Ferrothorn\n|-damage|p2a: Ferrothorn|52\/100 par\n|-damage|p1a: Ferrothorn|46\/100|[from] ability: Iron Barbs|[of] p2a: Ferrothorn\n|move|p2a: Ferrothorn|Body Press|p1a: Ferrothorn\n|-supereffective|p1a: Ferrothorn\n|-damage|p1a: Ferrothorn|0 fnt\n|-damage|p2a: Ferrothorn|40\/100 par|[from] ability: Iron Barbs|[of] p1a: Ferrothorn\n|faint|p1a: Ferrothorn\n|\n|upkeep\n|\n|switch|p1a: Magearna|Magearna|24\/100\n|-damage|p1a: Magearna|18\/100|[from] Stealth Rock\n|turn|9\n|\n|move|p1a: Magearna|Fleur Cannon|p2a: Ferrothorn\n|-resisted|p2a: Ferrothorn\n|-damage|p2a: Ferrothorn|8\/100 par\n|-unboost|p1a: Magearna|spa|2\n|cant|p2a: Ferrothorn|par\n|\n|upkeep\n|turn|10\n|\n|move|p1a: Magearna|Fleur Cannon|p2a: Ferrothorn\n|-resisted|p2a: Ferrothorn\n|-damage|p2a: Ferrothorn|0 fnt\n|-unboost|p1a: Magearna|spa|2\n|faint|p2a: Ferrothorn\n|-ability|p1a: Magearna|Soul-Heart|boost\n|-boost|p1a: Magearna|spa|1\n|\n|upkeep\n|\n|switch|p2a: Togekiss|Togekiss, M|100\/100\n|-damage|p2a: Togekiss|75\/100|[from] Stealth Rock\n|turn|11\n|\n|move|p2a: Togekiss|Air Slash|p1a: Magearna\n|-resisted|p1a: Magearna\n|-damage|p1a: Magearna|2\/100\n|cant|p1a: Magearna|flinch\n|\n|upkeep\n|turn|12\n|\n|move|p2a: Togekiss|Air Slash|p1a: Magearna\n|-resisted|p1a: Magearna\n|-damage|p1a: Magearna|0 fnt\n|faint|p1a: Magearna\n|\n|upkeep\n|\n|switch|p1a: Pelipper|Pelipper, F|100\/100\n|-damage|p1a: Pelipper|76\/100|[from] Stealth Rock\n|-weather|RainDance|[from] ability: Drizzle|[of] p1a: Pelipper\n|turn|13\n|\n|move|p2a: Togekiss|Air Slash|p1a: Pelipper\n|-damage|p1a: Pelipper|25\/100\n|move|p1a: Pelipper|Roost|p1a: Pelipper\n|-heal|p1a: Pelipper|75\/100\n|-singleturn|p1a: Pelipper|move: Roost\n|\n|-weather|RainDance|[upkeep]\n|upkeep\n|turn|14\n|\n|switch|p1a: Seismitoad|Seismitoad, M|100\/100\n|-damage|p1a: Seismitoad|95\/100|[from] Stealth Rock\n|move|p2a: Togekiss|Air Slash|p1a: Seismitoad\n|-damage|p1a: Seismitoad|46\/100\n|\n|-weather|RainDance|[upkeep]\n|upkeep\n|turn|15\n|\n|move|p1a: Seismitoad|Weather Ball|p2a: Togekiss\n|-damage|p2a: Togekiss|0 fnt\n|-damage|p1a: Seismitoad|36\/100|[from] item: Life Orb\n|faint|p2a: Togekiss\n|\n|-weather|RainDance|[upkeep]\n|upkeep\n|\n|switch|p2a: Azumarill|Azumarill, F|100\/100\n|-damage|p2a: Azumarill|88\/100|[from] Stealth Rock\n|turn|16\n|\n|move|p1a: Seismitoad|Earth Power|p2a: Azumarill\n|-damage|p2a: Azumarill|26\/100\n|-enditem|p2a: Azumarill|Sitrus Berry|[eat]\n|-heal|p2a: Azumarill|51\/100|[from] item: Sitrus Berry\n|-damage|p1a: Seismitoad|26\/100|[from] item: Life Orb\n|move|p2a: Azumarill|Knock Off|p1a: Seismitoad\n|-damage|p1a: Seismitoad|0 fnt\n|-enditem|p1a: Seismitoad|Life Orb|[from] move: Knock Off|[of] p2a: Azumarill\n|faint|p1a: Seismitoad\n|\n|-weather|RainDance|[upkeep]\n|upkeep\n|\n|switch|p1a: Barraskewda|Barraskewda, M|100\/100\n|-damage|p1a: Barraskewda|88\/100|[from] Stealth Rock\n|turn|17\n|\n|move|p2a: Azumarill|Aqua Jet|p1a: Barraskewda\n|-resisted|p1a: Barraskewda\n|-damage|p1a: Barraskewda|50\/100\n|move|p1a: Barraskewda|Liquidation|p2a: Azumarill\n|-resisted|p2a: Azumarill\n|-damage|p2a: Azumarill|0 fnt\n|faint|p2a: Azumarill\n|\n|-weather|RainDance|[upkeep]\n|upkeep\n|\n|switch|p2a: Cinderace|Cinderace, F|100\/100\n|turn|18\n|\n|switch|p1a: Pelipper|Pelipper, F|75\/100\n|-damage|p1a: Pelipper|50\/100|[from] Stealth Rock\n|move|p2a: Cinderace|Zen Headbutt|p1a: Pelipper\n|-start|p2a: Cinderace|typechange|Psychic|[from] ability: Libero\n|-damage|p1a: Pelipper|19\/100\n|\n|-weather|RainDance|[upkeep]\n|upkeep\n|turn|19\n|\n|move|p2a: Cinderace|Zen Headbutt|p1a: Pelipper\n|-damage|p1a: Pelipper|0 fnt\n|faint|p1a: Pelipper\n|\n|-weather|RainDance|[upkeep]\n|upkeep\n|\n|switch|p1a: Barraskewda|Barraskewda, M|50\/100\n|-damage|p1a: Barraskewda|38\/100|[from] Stealth Rock\n|turn|20\n|\n|move|p1a: Barraskewda|Flip Turn|p2a: Cinderace\n|-damage|p2a: Cinderace|0 fnt\n|faint|p2a: Cinderace\n|\n|switch|p1a: Kingdra|Kingdra, F|55\/100|[from]move: Flip Turn\n|-damage|p1a: Kingdra|43\/100|[from] Stealth Rock\n|\n|-weather|none\n|upkeep\n|\n|switch|p2a: Dragapult|Dragapult, M|100\/100\n|-damage|p2a: Dragapult|88\/100|[from] Stealth Rock\n|turn|21\n|\n|move|p2a: Dragapult|Thunderbolt|p1a: Kingdra\n|-damage|p1a: Kingdra|0 fnt\n|faint|p1a: Kingdra\n|\n|upkeep\n|\n|switch|p1a: Barraskewda|Barraskewda, M|38\/100\n|-damage|p1a: Barraskewda|26\/100|[from] Stealth Rock\n|turn|22\n|\n|move|p2a: Dragapult|Thunderbolt|p1a: Barraskewda\n|-supereffective|p1a: Barraskewda\n|-crit|p1a: Barraskewda\n|-damage|p1a: Barraskewda|0 fnt\n|faint|p1a: Barraskewda\n|\n|win|keep bad\n|l|\u2606Goootzinho\n|raw|Goootzinho's rating: 1411 &rarr; <strong>1389<\/strong><br \/>(-22 for losing)\n|raw|keep bad's rating: 1380 &rarr; <strong>1401<\/strong><br \/>(+21 for winning)\n","uploadtime":1593000798,"views":8,"p1id":"goootzinho","p2id":"keepbad","formatid":"gen8ou","rating":1389,"private":0,"password":null}