{"id":"gen8ou-1604907720","p1":"RonaldWilsonRegen","p2":"andrewm0n","format":"gen8ou","log":"|j|\u2606RonaldWilsonRegen\n|j|\u2606andrewm0n\n|t:|1656287475\n|gametype|singles\n|player|p1|RonaldWilsonRegen|fisherman-gen2jp|1597\n|player|p2|andrewm0n|swimmerf|1708\n|teamsize|p1|6\n|teamsize|p2|6\n|gen|8\n|tier|[Gen 8] OU\n|rated|\n|rule|Sleep Clause Mod: Limit one foe put to sleep\n|rule|Species Clause: Limit one of each Pok\u00e9mon\n|rule|OHKO Clause: OHKO moves are banned\n|rule|Evasion Moves Clause: Evasion moves are banned\n|rule|Endless Battle Clause: Forcing endless battles is banned\n|rule|HP Percentage Mod: HP is shown in percentages\n|rule|Dynamax Clause: You cannot dynamax\n|clearpoke\n|poke|p1|Hippowdon, F|\n|poke|p1|Toxapex, M|\n|poke|p1|Tornadus-Therian, M|\n|poke|p1|Slowking-Galar, F|\n|poke|p1|Audino, M|\n|poke|p1|Tangrowth, F|\n|poke|p2|Blaziken, M|\n|poke|p2|Clefable, F|\n|poke|p2|Slowbro-Galar, M|\n|poke|p2|Corviknight, M|\n|poke|p2|Seismitoad, M|\n|poke|p2|Grimmsnarl, M|\n|teampreview\n|inactive|Battle timer is ON: inactive players will automatically lose when time's up. (requested by RonaldWilsonRegen)\n|\n|t:|1656287491\n|start\n|switch|p1a: Hippie|Hippowdon, F|100\/100\n|switch|p2a: Grimmsnarl|Grimmsnarl, M|100\/100\n|-weather|Sandstorm|[from] ability: Sand Stream|[of] p1a: Hippie\n|turn|1\n|\n|t:|1656287494\n|move|p2a: Grimmsnarl|Substitute|p2a: Grimmsnarl\n|-start|p2a: Grimmsnarl|Substitute\n|-damage|p2a: Grimmsnarl|76\/100\n|move|p1a: Hippie|Stealth Rock|p2a: Grimmsnarl\n|-sidestart|p2: andrewm0n|move: Stealth Rock\n|\n|-weather|Sandstorm|[upkeep]\n|-damage|p2a: Grimmsnarl|70\/100|[from] Sandstorm\n|-heal|p2a: Grimmsnarl|76\/100|[from] item: Leftovers\n|upkeep\n|turn|2\n|\n|t:|1656287497\n|move|p2a: Grimmsnarl|Bulk Up|p2a: Grimmsnarl\n|-boost|p2a: Grimmsnarl|atk|1\n|-boost|p2a: Grimmsnarl|def|1\n|move|p1a: Hippie|Earthquake|p2a: Grimmsnarl\n|-end|p2a: Grimmsnarl|Substitute\n|\n|-weather|Sandstorm|[upkeep]\n|-damage|p2a: Grimmsnarl|70\/100|[from] Sandstorm\n|-heal|p2a: Grimmsnarl|76\/100|[from] item: Leftovers\n|upkeep\n|turn|3\n|\n|t:|1656287500\n|move|p2a: Grimmsnarl|Bulk Up|p2a: Grimmsnarl\n|-boost|p2a: Grimmsnarl|atk|1\n|-boost|p2a: Grimmsnarl|def|1\n|move|p1a: Hippie|Whirlwind|p2a: Grimmsnarl\n|drag|p2a: Slowbro|Slowbro-Galar, M|100\/100\n|-damage|p2a: Slowbro|88\/100|[from] Stealth Rock\n|\n|-weather|Sandstorm|[upkeep]\n|-damage|p2a: Slowbro|82\/100|[from] Sandstorm\n|upkeep\n|turn|4\n|\n|t:|1656287502\n|move|p1a: Hippie|Earthquake|p2a: Slowbro\n|-supereffective|p2a: Slowbro\n|-damage|p2a: Slowbro|20\/100\n|move|p2a: Slowbro|Future Sight|p1a: Hippie\n|-start|p2a: Slowbro|move: Future Sight\n|\n|-weather|Sandstorm|[upkeep]\n|-damage|p2a: Slowbro|13\/100|[from] Sandstorm\n|upkeep\n|turn|5\n|\n|t:|1656287515\n|switch|p1a: SlowPOTUS|Slowking-Galar, F|100\/100\n|switch|p2a: Corviknight|Corviknight, M|100\/100\n|-damage|p2a: Corviknight|88\/100|[from] Stealth Rock\n|\n|-weather|none\n|upkeep\n|turn|6\n|\n|t:|1656287519\n|move|p2a: Corviknight|Defog|p1a: SlowPOTUS\n|-unboost|p1a: SlowPOTUS|evasion|1\n|-sideend|p2: andrewm0n|Stealth Rock|[from] move: Defog|[of] p2a: Corviknight\n|move|p1a: SlowPOTUS|Flamethrower|p2a: Corviknight\n|-supereffective|p2a: Corviknight\n|-damage|p2a: Corviknight|50\/100\n|\n|-end|p1a: SlowPOTUS|move: Future Sight\n|-damage|p1a: SlowPOTUS|81\/100\n|upkeep\n|turn|7\n|\n|t:|1656287524\n|move|p2a: Corviknight|U-turn|p1a: SlowPOTUS\n|-damage|p1a: SlowPOTUS|65\/100\n|\n|t:|1656287526\n|switch|p2a: Slowbro|Slowbro-Galar, M|47\/100|[from]move: U-turn\n|move|p1a: SlowPOTUS|Future Sight|p2a: Slowbro\n|-start|p1a: SlowPOTUS|move: Future Sight\n|\n|upkeep\n|turn|8\n|\n|t:|1656287540\n|switch|p1a: Starfish Wars|Toxapex, M|100\/100\n|move|p2a: Slowbro|Earthquake|p1a: Starfish Wars\n|-supereffective|p1a: Starfish Wars\n|-damage|p1a: Starfish Wars|67\/100\n|\n|upkeep\n|turn|9\n|\n|t:|1656287545\n|move|p1a: Starfish Wars|Knock Off|p2a: Slowbro\n|-supereffective|p2a: Slowbro\n|-damage|p2a: Slowbro|22\/100\n|-enditem|p2a: Slowbro|Assault Vest|[from] move: Knock Off|[of] p1a: Starfish Wars\n|move|p2a: Slowbro|Future Sight|p1a: Starfish Wars\n|-start|p2a: Slowbro|move: Future Sight\n|\n|-end|p2a: Slowbro|move: Future Sight\n|-damage|p2a: Slowbro|0 fnt\n|faint|p2a: Slowbro\n|upkeep\n|\n|t:|1656287546\n|switch|p2a: Grimmsnarl|Grimmsnarl, M|76\/100\n|turn|10\n|\n|t:|1656287552\n|switch|p1a: Hippie|Hippowdon, F|100\/100\n|-weather|Sandstorm|[from] ability: Sand Stream|[of] p1a: Hippie\n|move|p2a: Grimmsnarl|Substitute|p2a: Grimmsnarl\n|-start|p2a: Grimmsnarl|Substitute\n|-damage|p2a: Grimmsnarl|51\/100\n|\n|-weather|Sandstorm|[upkeep]\n|-damage|p2a: Grimmsnarl|45\/100|[from] Sandstorm\n|-heal|p2a: Grimmsnarl|51\/100|[from] item: Leftovers\n|upkeep\n|turn|11\n|\n|t:|1656287561\n|move|p2a: Grimmsnarl|Spirit Break|p1a: Hippie\n|-damage|p1a: Hippie|70\/100\n|-unboost|p1a: Hippie|spa|1\n|move|p1a: Hippie|Whirlwind|p2a: Grimmsnarl\n|drag|p2a: Seismitoad|Seismitoad, M|100\/100\n|\n|-weather|Sandstorm|[upkeep]\n|-end|p1a: Hippie|move: Future Sight\n|-damage|p1a: Hippie|39\/100\n|-heal|p1a: Hippie|45\/100|[from] item: Leftovers\n|upkeep\n|turn|12\n|\n|t:|1656287568\n|switch|p1a: Single Men who...|Tangrowth, F|100\/100\n|move|p2a: Seismitoad|Toxic|p1a: Single Men who...\n|-status|p1a: Single Men who...|tox\n|\n|-weather|Sandstorm|[upkeep]\n|-damage|p1a: Single Men who...|94\/100 tox|[from] Sandstorm\n|-damage|p1a: Single Men who...|88\/100 tox|[from] psn\n|upkeep\n|turn|13\n|\n|t:|1656287571\n|switch|p2a: Corviknight|Corviknight, M|50\/100\n|move|p1a: Single Men who...|Giga Drain|p2a: Corviknight\n|-resisted|p2a: Corviknight\n|-damage|p2a: Corviknight|45\/100\n|-heal|p1a: Single Men who...|91\/100 tox|[from] drain|[of] p2a: Corviknight\n|\n|-weather|Sandstorm|[upkeep]\n|-damage|p1a: Single Men who...|85\/100 tox|[from] Sandstorm\n|-damage|p1a: Single Men who...|72\/100 tox|[from] psn\n|upkeep\n|turn|14\n|\n|t:|1656287577\n|switch|p1a: Hippie|Hippowdon, F|45\/100\n|move|p2a: Corviknight|U-turn|p1a: Hippie\n|-damage|p1a: Hippie|35\/100\n|\n|t:|1656287583\n|switch|p2a: Blaziken|Blaziken, M|100\/100|[from]move: U-turn\n|\n|-weather|none\n|-heal|p1a: Hippie|41\/100|[from] item: Leftovers\n|upkeep\n|turn|15\n|\n|t:|1656287591\n|move|p2a: Blaziken|Close Combat|p1a: Hippie\n|-damage|p1a: Hippie|0 fnt\n|-unboost|p2a: Blaziken|def|1\n|-unboost|p2a: Blaziken|spd|1\n|faint|p1a: Hippie\n|\n|-ability|p2a: Blaziken|Speed Boost|boost\n|-boost|p2a: Blaziken|spe|1\n|upkeep\n|\n|t:|1656287598\n|switch|p1a: Mustachioed Eagle|Tornadus-Therian, M|100\/100\n|turn|16\n|\n|t:|1656287603\n|move|p2a: Blaziken|Protect|p2a: Blaziken\n|-singleturn|p2a: Blaziken|Protect\n|move|p1a: Mustachioed Eagle|Hurricane|p2a: Blaziken\n|-activate|p2a: Blaziken|move: Protect\n|\n|-ability|p2a: Blaziken|Speed Boost|boost\n|-boost|p2a: Blaziken|spe|1\n|upkeep\n|turn|17\n|\n|t:|1656287607\n|switch|p2a: Corviknight|Corviknight, M|45\/100\n|move|p1a: Mustachioed Eagle|Hurricane|p2a: Corviknight\n|-resisted|p2a: Corviknight\n|-damage|p2a: Corviknight|30\/100\n|\n|upkeep\n|turn|18\n|\n|t:|1656287610\n|move|p1a: Mustachioed Eagle|Heat Wave|p2a: Corviknight\n|-supereffective|p2a: Corviknight\n|-damage|p2a: Corviknight|0 fnt\n|faint|p2a: Corviknight\n|\n|upkeep\n|\n|t:|1656287613\n|switch|p2a: Clefable|Clefable, F|100\/100\n|turn|19\n|\n|t:|1656287617\n|switch|p1a: SlowPOTUS|Slowking-Galar, F|98\/100\n|move|p2a: Clefable|Wish|p2a: Clefable\n|\n|upkeep\n|turn|20\n|\n|t:|1656287621\n|switch|p2a: Seismitoad|Seismitoad, M|100\/100\n|move|p1a: SlowPOTUS|Sludge Bomb|p2a: Seismitoad\n|-resisted|p2a: Seismitoad\n|-damage|p2a: Seismitoad|83\/100\n|-status|p2a: Seismitoad|psn\n|\n|-heal|p2a: Seismitoad|100\/100 psn|[from] move: Wish|[wisher] Clefable\n|-damage|p2a: Seismitoad|88\/100 psn|[from] psn\n|upkeep\n|turn|21\n|\n|t:|1656287624\n|switch|p1a: Single Men who...|Tangrowth, F|100\/100 tox\n|move|p2a: Seismitoad|Stealth Rock|p1a: Single Men who...\n|-sidestart|p1: RonaldWilsonRegen|move: Stealth Rock\n|\n|-heal|p2a: Seismitoad|94\/100 psn|[from] item: Leftovers\n|-damage|p2a: Seismitoad|82\/100 psn|[from] psn\n|-damage|p1a: Single Men who...|94\/100 tox|[from] psn\n|upkeep\n|turn|22\n|\n|t:|1656287632\n|switch|p2a: Clefable|Clefable, F|100\/100\n|move|p1a: Single Men who...|Knock Off|p2a: Clefable\n|-resisted|p2a: Clefable\n|-crit|p2a: Clefable\n|-damage|p2a: Clefable|89\/100\n|-enditem|p2a: Clefable|Leftovers|[from] move: Knock Off|[of] p1a: Single Men who...\n|\n|-damage|p1a: Single Men who...|82\/100 tox|[from] psn\n|upkeep\n|turn|23\n|\n|t:|1656287638\n|switch|p1a: SlowPOTUS|Slowking-Galar, F|100\/100\n|-damage|p1a: SlowPOTUS|88\/100|[from] Stealth Rock\n|move|p2a: Clefable|Wish|p2a: Clefable\n|\n|upkeep\n|turn|24\n|\n|t:|1656287659\n|switch|p2a: Grimmsnarl|Grimmsnarl, M|51\/100\n|move|p1a: SlowPOTUS|Future Sight|p2a: Grimmsnarl\n|-start|p1a: SlowPOTUS|move: Future Sight\n|\n|-heal|p2a: Grimmsnarl|100\/100|[from] move: Wish|[wisher] Clefable\n|upkeep\n|turn|25\n|\n|t:|1656287663\n|switch|p2a: Seismitoad|Seismitoad, M|82\/100 psn\n|move|p1a: SlowPOTUS|Sludge Bomb|p2a: Seismitoad\n|-resisted|p2a: Seismitoad\n|-crit|p2a: Seismitoad\n|-damage|p2a: Seismitoad|56\/100 psn\n|\n|-heal|p2a: Seismitoad|62\/100 psn|[from] item: Leftovers\n|-damage|p2a: Seismitoad|49\/100 psn|[from] psn\n|upkeep\n|turn|26\n|\n|t:|1656287668\n|switch|p1a: Single Men who...|Tangrowth, F|100\/100 tox\n|-damage|p1a: Single Men who...|88\/100 tox|[from] Stealth Rock\n|move|p2a: Seismitoad|Knock Off|p1a: Single Men who...\n|-damage|p1a: Single Men who...|76\/100 tox\n|-damage|p2a: Seismitoad|33\/100 psn|[from] item: Rocky Helmet|[of] p1a: Single Men who...\n|-enditem|p1a: Single Men who...|Rocky Helmet|[from] move: Knock Off|[of] p2a: Seismitoad\n|\n|-end|p2a: Seismitoad|move: Future Sight\n|-damage|p2a: Seismitoad|0 fnt\n|faint|p2a: Seismitoad\n|-damage|p1a: Single Men who...|70\/100 tox|[from] psn\n|upkeep\n|\n|t:|1656287673\n|switch|p2a: Grimmsnarl|Grimmsnarl, M|100\/100\n|turn|27\n|j| Fitzcarraldo\n|\n|t:|1656287683\n|switch|p1a: SlowPOTUS|Slowking-Galar, F|100\/100\n|-damage|p1a: SlowPOTUS|88\/100|[from] Stealth Rock\n|move|p2a: Grimmsnarl|Substitute|p2a: Grimmsnarl\n|-start|p2a: Grimmsnarl|Substitute\n|-damage|p2a: Grimmsnarl|76\/100\n|\n|-heal|p2a: Grimmsnarl|82\/100|[from] item: Leftovers\n|upkeep\n|turn|28\n|\n|t:|1656287687\n|move|p2a: Grimmsnarl|Bulk Up|p2a: Grimmsnarl\n|-boost|p2a: Grimmsnarl|atk|1\n|-boost|p2a: Grimmsnarl|def|1\n|move|p1a: SlowPOTUS|Sludge Bomb|p2a: Grimmsnarl\n|-supereffective|p2a: Grimmsnarl\n|-end|p2a: Grimmsnarl|Substitute\n|\n|-heal|p2a: Grimmsnarl|88\/100|[from] item: Leftovers\n|upkeep\n|turn|29\n|\n|t:|1656287690\n|switch|p1a: Starfish Wars|Toxapex, M|99\/100\n|-damage|p1a: Starfish Wars|88\/100|[from] Stealth Rock\n|move|p2a: Grimmsnarl|Sucker Punch||[still]\n|-fail|p2a: Grimmsnarl\n|\n|-heal|p2a: Grimmsnarl|94\/100|[from] item: Leftovers\n|upkeep\n|turn|30\n|\n|t:|1656287694\n|move|p2a: Grimmsnarl|Substitute|p2a: Grimmsnarl\n|-start|p2a: Grimmsnarl|Substitute\n|-damage|p2a: Grimmsnarl|69\/100\n|move|p1a: Starfish Wars|Haze|p1a: Starfish Wars\n|-clearallboost\n|\n|-heal|p2a: Grimmsnarl|75\/100|[from] item: Leftovers\n|upkeep\n|turn|31\n|\n|t:|1656287699\n|switch|p1a: SlowPOTUS|Slowking-Galar, F|100\/100\n|-damage|p1a: SlowPOTUS|88\/100|[from] Stealth Rock\n|move|p2a: Grimmsnarl|Bulk Up|p2a: Grimmsnarl\n|-boost|p2a: Grimmsnarl|atk|1\n|-boost|p2a: Grimmsnarl|def|1\n|\n|-heal|p2a: Grimmsnarl|81\/100|[from] item: Leftovers\n|upkeep\n|turn|32\n|\n|t:|1656287702\n|switch|p1a: Starfish Wars|Toxapex, M|100\/100\n|-damage|p1a: Starfish Wars|88\/100|[from] Stealth Rock\n|move|p2a: Grimmsnarl|Spirit Break|p1a: Starfish Wars\n|-resisted|p1a: Starfish Wars\n|-damage|p1a: Starfish Wars|70\/100\n|-unboost|p1a: Starfish Wars|spa|1\n|-damage|p2a: Grimmsnarl|65\/100|[from] item: Rocky Helmet|[of] p1a: Starfish Wars\n|\n|-heal|p2a: Grimmsnarl|71\/100|[from] item: Leftovers\n|upkeep\n|turn|33\n|\n|t:|1656287707\n|switch|p1a: SlowPOTUS|Slowking-Galar, F|100\/100\n|-damage|p1a: SlowPOTUS|88\/100|[from] Stealth Rock\n|move|p2a: Grimmsnarl|Spirit Break|p1a: SlowPOTUS\n|-resisted|p1a: SlowPOTUS\n|-damage|p1a: SlowPOTUS|58\/100\n|-unboost|p1a: SlowPOTUS|spa|1\n|\n|-heal|p2a: Grimmsnarl|77\/100|[from] item: Leftovers\n|upkeep\n|turn|34\n|\n|t:|1656287709\n|switch|p1a: Starfish Wars|Toxapex, M|100\/100\n|-damage|p1a: Starfish Wars|88\/100|[from] Stealth Rock\n|move|p2a: Grimmsnarl|Bulk Up|p2a: Grimmsnarl\n|-boost|p2a: Grimmsnarl|atk|1\n|-boost|p2a: Grimmsnarl|def|1\n|\n|-heal|p2a: Grimmsnarl|83\/100|[from] item: Leftovers\n|upkeep\n|turn|35\n|-message|andrewm0n forfeited.\n|\n|win|RonaldWilsonRegen\n|raw|RonaldWilsonRegen's rating: 1597 &rarr; <strong>1623<\/strong><br \/>(+26 for winning)\n|raw|andrewm0n's rating: 1708 &rarr; <strong>1682<\/strong><br \/>(-26 for losing)\n|l|\u2606andrewm0n\n|j| baelished\n||Ladder isn't responding, score probably updated but might not have (Request timeout).\n","uploadtime":1656287773,"views":38,"p1id":"ronaldwilsonregen","p2id":"andrewm0n","formatid":"gen8ou","rating":1623,"private":0,"password":null}