{"id":"gen8ou-1638656904","p1":"LT93OQ SaveBees","p2":"OldBoyASM","format":"gen8ou","log":"|raw|<div class=\"broadcast-blue\"><strong>This battle is required to be public due to a player having a name starting with 'lt93oq'.<\/div>\n|j|\u2606LT93OQ SaveBees\n|j|\u2606OldBoyASM\n|t:|1660378964\n|gametype|singles\n|player|p1|LT93OQ SaveBees|pokekid|1700\n|player|p2|OldBoyASM|101|1753\n|teamsize|p1|6\n|teamsize|p2|6\n|gen|8\n|tier|[Gen 8] OU\n|rated|\n|rule|Sleep Clause Mod: Limit one foe put to sleep\n|rule|Species Clause: Limit one of each Pok\u00e9mon\n|rule|OHKO Clause: OHKO moves are banned\n|rule|Evasion Items Clause: Evasion items are banned\n|rule|Evasion Moves Clause: Evasion moves are banned\n|rule|Endless Battle Clause: Forcing endless battles is banned\n|rule|HP Percentage Mod: HP is shown in percentages\n|rule|Dynamax Clause: You cannot dynamax\n|clearpoke\n|poke|p1|Heatran, M|\n|poke|p1|Scizor, M|\n|poke|p1|Rillaboom, M|\n|poke|p1|Hippowdon, M|\n|poke|p1|Mew|\n|poke|p1|Hitmontop, M|\n|poke|p2|Blaziken, M|\n|poke|p2|Tapu Koko|\n|poke|p2|Latios, M|\n|poke|p2|Landorus-Therian, M|\n|poke|p2|Dragapult, F|\n|poke|p2|Azumarill, M|\n|teampreview\n|inactive|Battle timer is ON: inactive players will automatically lose when time's up. (requested by OldBoyASM)\n|j| Chiwis Del Norte\n|\n|t:|1660378972\n|start\n|switch|p1a: Hitmontop|Hitmontop, M|100\/100\n|switch|p2a: Landeau Russe|Landorus-Therian, M|100\/100\n|-ability|p2a: Landeau Russe|Intimidate|boost\n|-unboost|p1a: Hitmontop|atk|1\n|turn|1\n|\n|t:|1660378983\n|switch|p2a: Marill Le Pen|Azumarill, M|100\/100\n|move|p1a: Hitmontop|Triple Axel|p2a: Marill Le Pen\n|-resisted|p2a: Marill Le Pen\n|-damage|p2a: Marill Le Pen|96\/100\n|-hitcount|p2a: Marill Le Pen|1\n|\n|upkeep\n|turn|2\n|\n|t:|1660378991\n|switch|p1a: Mew|Mew|100\/100\n|move|p2a: Marill Le Pen|Play Rough|p1a: Mew\n|-damage|p1a: Mew|49\/100\n|-unboost|p1a: Mew|atk|1\n|\n|-heal|p1a: Mew|55\/100|[from] item: Leftovers\n|upkeep\n|turn|3\n|\n|t:|1660379001\n|move|p1a: Mew|Will-O-Wisp|p2a: Marill Le Pen|[miss]\n|-miss|p1a: Mew|p2a: Marill Le Pen\n|move|p2a: Marill Le Pen|Belly Drum|p2a: Marill Le Pen\n|-damage|p2a: Marill Le Pen|46\/100\n|-setboost|p2a: Marill Le Pen|atk|6|[from] move: Belly Drum\n|-enditem|p2a: Marill Le Pen|Sitrus Berry|[eat]\n|-heal|p2a: Marill Le Pen|71\/100|[from] item: Sitrus Berry\n|\n|-heal|p1a: Mew|62\/100|[from] item: Leftovers\n|upkeep\n|turn|4\n|\n|t:|1660379005\n|move|p2a: Marill Le Pen|Aqua Jet|p1a: Mew\n|-damage|p1a: Mew|0 fnt\n|faint|p1a: Mew\n|\n|upkeep\n|\n|t:|1660379007\n|switch|p1a: Rillaboom|Rillaboom, M|100\/100\n|-fieldstart|move: Grassy Terrain|[from] ability: Grassy Surge|[of] p1a: Rillaboom\n|turn|5\n|j| LT92PF nagoL\n|\n|t:|1660379014\n|switch|p2a: Super Jet|Latios, M|100\/100\n|move|p1a: Rillaboom|Grassy Glide|p2a: Super Jet\n|-resisted|p2a: Super Jet\n|-damage|p2a: Super Jet|47\/100\n|\n|upkeep\n|turn|6\n|\n|t:|1660379022\n|switch|p2a: Eric Tokk\u00e9ommour|Tapu Koko|100\/100\n|-fieldstart|move: Electric Terrain|[from] ability: Electric Surge|[of] p2a: Eric Tokk\u00e9ommour\n|move|p1a: Rillaboom|Grassy Glide|p2a: Eric Tokk\u00e9ommour\n|-damage|p2a: Eric Tokk\u00e9ommour|26\/100\n|\n|upkeep\n|turn|7\n|\n|t:|1660379026\n|switch|p1a: Hippowdon|Hippowdon, M|100\/100\n|-weather|Sandstorm|[from] ability: Sand Stream|[of] p1a: Hippowdon\n|move|p2a: Eric Tokk\u00e9ommour|U-turn|p1a: Hippowdon\n|-damage|p1a: Hippowdon|92\/100\n|-damage|p2a: Eric Tokk\u00e9ommour|9\/100|[from] item: Rocky Helmet|[of] p1a: Hippowdon\n|\n|t:|1660379032\n|switch|p2a: Landeau Russe|Landorus-Therian, M|100\/100|[from]move: U-turn\n|-ability|p2a: Landeau Russe|Intimidate|boost\n|-unboost|p1a: Hippowdon|atk|1\n|\n|-weather|Sandstorm|[upkeep]\n|upkeep\n|turn|8\n|\n|t:|1660379035\n|move|p2a: Landeau Russe|Stealth Rock|p1a: Hippowdon\n|-sidestart|p1: LT93OQ SaveBees|move: Stealth Rock\n|move|p1a: Hippowdon|Toxic|p2a: Landeau Russe|[miss]\n|-miss|p1a: Hippowdon|p2a: Landeau Russe\n|\n|-weather|Sandstorm|[upkeep]\n|upkeep\n|turn|9\n|\n|t:|1660379039\n|move|p2a: Landeau Russe|Explosion|p1a: Hippowdon\n|-damage|p1a: Hippowdon|47\/100\n|faint|p2a: Landeau Russe\n|move|p1a: Hippowdon|Stealth Rock|p2: Landeau Russe\n|-sidestart|p2: OldBoyASM|move: Stealth Rock\n|\n|-weather|Sandstorm|[upkeep]\n|upkeep\n|\n|t:|1660379043\n|switch|p2a: Super Jet|Latios, M|47\/100\n|-damage|p2a: Super Jet|34\/100|[from] Stealth Rock\n|turn|10\n|\n|t:|1660379047\n|switch|p1a: Scizor|Scizor, M|100\/100\n|-damage|p1a: Scizor|88\/100|[from] Stealth Rock\n|move|p2a: Super Jet|Ice Beam|p1a: Scizor\n|-resisted|p1a: Scizor\n|-damage|p1a: Scizor|71\/100\n|\n|-weather|Sandstorm|[upkeep]\n|-damage|p2a: Super Jet|28\/100|[from] Sandstorm\n|-heal|p1a: Scizor|77\/100|[from] item: Leftovers\n|-fieldend|move: Electric Terrain\n|upkeep\n|turn|11\n|\n|t:|1660379050\n|move|p1a: Scizor|Bullet Punch|p2a: Super Jet\n|-damage|p2a: Super Jet|0 fnt\n|faint|p2a: Super Jet\n|\n|-weather|none\n|-heal|p1a: Scizor|83\/100|[from] item: Leftovers\n|upkeep\n|j| Fenrir120\n|\n|t:|1660379052\n|switch|p2a: Sanders' Bird|Blaziken, M|100\/100\n|-damage|p2a: Sanders' Bird|88\/100|[from] Stealth Rock\n|turn|12\n|\n|t:|1660379056\n|move|p2a: Sanders' Bird|Flare Blitz|p1a: Scizor\n|-supereffective|p1a: Scizor\n|-crit|p1a: Scizor\n|-damage|p1a: Scizor|0 fnt\n|faint|p1a: Scizor\n|-damage|p2a: Sanders' Bird|57\/100|[from] Recoil\n|\n|-heal|p2a: Sanders' Bird|63\/100|[from] item: Leftovers\n|-ability|p2a: Sanders' Bird|Speed Boost|boost\n|-boost|p2a: Sanders' Bird|spe|1\n|upkeep\n|\n|t:|1660379059\n|switch|p1a: Hippowdon|Hippowdon, M|47\/100\n|-damage|p1a: Hippowdon|41\/100|[from] Stealth Rock\n|-weather|Sandstorm|[from] ability: Sand Stream|[of] p1a: Hippowdon\n|turn|13\n|\n|t:|1660379061\n|move|p2a: Sanders' Bird|Close Combat|p1a: Hippowdon\n|-damage|p1a: Hippowdon|10\/100\n|-unboost|p2a: Sanders' Bird|def|1\n|-unboost|p2a: Sanders' Bird|spd|1\n|-damage|p2a: Sanders' Bird|46\/100|[from] item: Rocky Helmet|[of] p1a: Hippowdon\n|move|p1a: Hippowdon|Slack Off|p1a: Hippowdon\n|-heal|p1a: Hippowdon|60\/100\n|\n|-weather|Sandstorm|[upkeep]\n|-damage|p2a: Sanders' Bird|40\/100|[from] Sandstorm\n|-heal|p2a: Sanders' Bird|46\/100|[from] item: Leftovers\n|-ability|p2a: Sanders' Bird|Speed Boost|boost\n|-boost|p2a: Sanders' Bird|spe|1\n|upkeep\n|turn|14\n|\n|t:|1660379067\n|move|p2a: Sanders' Bird|Close Combat|p1a: Hippowdon\n|-damage|p1a: Hippowdon|30\/100\n|-unboost|p2a: Sanders' Bird|def|1\n|-unboost|p2a: Sanders' Bird|spd|1\n|-damage|p2a: Sanders' Bird|30\/100|[from] item: Rocky Helmet|[of] p1a: Hippowdon\n|move|p1a: Hippowdon|High Horsepower|p2a: Sanders' Bird\n|-supereffective|p2a: Sanders' Bird\n|-crit|p2a: Sanders' Bird\n|-damage|p2a: Sanders' Bird|0 fnt\n|faint|p2a: Sanders' Bird\n|\n|-weather|Sandstorm|[upkeep]\n|upkeep\n|\n|t:|1660379070\n|switch|p2a: Henry Ledore|Dragapult, F|100\/100\n|-damage|p2a: Henry Ledore|88\/100|[from] Stealth Rock\n|turn|15\n|\n|t:|1660379072\n|move|p2a: Henry Ledore|Shadow Ball|p1a: Hippowdon\n|-damage|p1a: Hippowdon|0 fnt\n|faint|p1a: Hippowdon\n|\n|-weather|Sandstorm|[upkeep]\n|-damage|p2a: Henry Ledore|82\/100|[from] Sandstorm\n|upkeep\n|\n|t:|1660379074\n|switch|p1a: Heatran|Heatran, M|100\/100\n|-damage|p1a: Heatran|88\/100|[from] Stealth Rock\n|turn|16\n|j| joeding\n|j| ripreckful\n|\n|t:|1660379080\n|switch|p2a: Eric Tokk\u00e9ommour|Tapu Koko|9\/100\n|-damage|p2a: Eric Tokk\u00e9ommour|0 fnt|[from] Stealth Rock\n|faint|p2a: Eric Tokk\u00e9ommour\n|move|p1a: Heatran|Flash Cannon|p2: Eric Tokk\u00e9ommour|[notarget]\n|-fail|p1a: Heatran\n|\n|-weather|Sandstorm|[upkeep]\n|upkeep\n|j| osonnenuntergango\n|\n|t:|1660379081\n|switch|p2a: Marill Le Pen|Azumarill, M|71\/100\n|-damage|p2a: Marill Le Pen|59\/100|[from] Stealth Rock\n|turn|17\n|\n|t:|1660379085\n|move|p2a: Marill Le Pen|Aqua Jet|p1a: Heatran\n|-supereffective|p1a: Heatran\n|-damage|p1a: Heatran|41\/100\n|move|p1a: Heatran|Flash Cannon|p2a: Marill Le Pen\n|-damage|p2a: Marill Le Pen|8\/100\n|\n|-weather|none\n|upkeep\n|turn|18\n|\n|t:|1660379090\n|move|p2a: Marill Le Pen|Aqua Jet|p1a: Heatran\n|-supereffective|p1a: Heatran\n|-damage|p1a: Heatran|0 fnt\n|faint|p1a: Heatran\n|\n|upkeep\n|\n|t:|1660379092\n|switch|p1a: Hitmontop|Hitmontop, M|100\/100\n|-damage|p1a: Hitmontop|95\/100|[from] Stealth Rock\n|turn|19\n|\n|t:|1660379095\n|move|p2a: Marill Le Pen|Aqua Jet|p1a: Hitmontop\n|-damage|p1a: Hitmontop|63\/100\n|move|p1a: Hitmontop|Mach Punch|p2a: Marill Le Pen\n|-resisted|p2a: Marill Le Pen\n|-crit|p2a: Marill Le Pen\n|-damage|p2a: Marill Le Pen|0 fnt\n|faint|p2a: Marill Le Pen\n|\n|upkeep\n|\n|t:|1660379098\n|switch|p2a: Henry Ledore|Dragapult, F|82\/100\n|-damage|p2a: Henry Ledore|70\/100|[from] Stealth Rock\n|turn|20\n|\n|t:|1660379100\n|move|p1a: Hitmontop|Sucker Punch|p2a: Henry Ledore\n|-supereffective|p2a: Henry Ledore\n|-crit|p2a: Henry Ledore\n|-damage|p2a: Henry Ledore|0 fnt\n|faint|p2a: Henry Ledore\n|\n|win|LT93OQ SaveBees\n|raw|LT93OQ SaveBees's rating: 1700 &rarr; <strong>1723<\/strong><br \/>(+23 for winning)\n|raw|OldBoyASM's rating: 1753 &rarr; <strong>1730<\/strong><br \/>(-23 for losing)\n|l|\u2606OldBoyASM\n|l| Fenrir120\n|l| ripreckful\n|l|\u2606LT93OQ SaveBees\n|l| osonnenuntergango\n|l| joeding\n","uploadtime":1660379152,"views":17,"p1id":"lt93oqsavebees","p2id":"oldboyasm","formatid":"gen8ou","rating":1723,"private":0,"password":null}