{"id":"gen8ou-1644430348","p1":"EEEEEvolto\u6df1\u6eba","p2":"Nivelmaster","format":"gen8ou","log":"|j|\u2606EEEEEvolto\u6df1\u6eba\n|j|\u2606Nivelmaster\n|t:|1661050601\n|gametype|singles\n|player|p1|EEEEEvolto\u6df1\u6eba|2|1563\n|player|p2|Nivelmaster|barry|1564\n|teamsize|p1|6\n|teamsize|p2|6\n|gen|8\n|tier|[Gen 8] OU\n|rated|\n|rule|Sleep Clause Mod: Limit one foe put to sleep\n|rule|Species Clause: Limit one of each Pok\u00e9mon\n|rule|OHKO Clause: OHKO moves are banned\n|rule|Evasion Items Clause: Evasion items are banned\n|rule|Evasion Moves Clause: Evasion moves are banned\n|rule|Endless Battle Clause: Forcing endless battles is banned\n|rule|HP Percentage Mod: HP is shown in percentages\n|rule|Dynamax Clause: You cannot dynamax\n|clearpoke\n|poke|p1|Druddigon, M|\n|poke|p1|Togekiss, M|\n|poke|p1|Melmetal|\n|poke|p1|Volcarona, F|\n|poke|p1|Hydreigon, M|\n|poke|p1|Zeraora|\n|poke|p2|Regieleki|\n|poke|p2|Zapdos-Galar|\n|poke|p2|Toxapex, M|\n|poke|p2|Heatran, M|\n|poke|p2|Landorus-Therian, M|\n|poke|p2|Tornadus-Therian, M|\n|teampreview\n|inactive|Battle timer is ON: inactive players will automatically lose when time's up. (requested by Nivelmaster)\n|\n|t:|1661050622\n|start\n|switch|p1a: Druddigon|Druddigon, M|100\/100\n|switch|p2a: Regieleki|Regieleki|100\/100\n|-ability|p1a: Druddigon|Mold Breaker\n|turn|1\n|\n|t:|1661050625\n|move|p2a: Regieleki|Substitute|p2a: Regieleki\n|-start|p2a: Regieleki|Substitute\n|-damage|p2a: Regieleki|76\/100\n|move|p1a: Druddigon|Stealth Rock|p2a: Regieleki\n|-sidestart|p2: Nivelmaster|move: Stealth Rock\n|\n|-heal|p2a: Regieleki|82\/100|[from] item: Leftovers\n|upkeep\n|turn|2\n|\n|t:|1661050630\n|switch|p1a: Zeraora|Zeraora|100\/100\n|move|p2a: Regieleki|Rapid Spin|p1a: Zeraora\n|-damage|p1a: Zeraora|85\/100\n|-boost|p2a: Regieleki|spe|1\n|-sideend|p2: Nivelmaster|Stealth Rock|[from] move: Rapid Spin|[of] p2a: Regieleki\n|\n|-heal|p2a: Regieleki|88\/100|[from] item: Leftovers\n|upkeep\n|turn|3\n|\n|t:|1661050636\n|switch|p2a: Landorus|Landorus-Therian, M|100\/100\n|-ability|p2a: Landorus|Intimidate|boost\n|-unboost|p1a: Zeraora|atk|1\n|move|p1a: Zeraora|Knock Off|p2a: Landorus\n|-damage|p2a: Landorus|82\/100\n|-enditem|p2a: Landorus|Leftovers|[from] move: Knock Off|[of] p1a: Zeraora\n|\n|upkeep\n|turn|4\n|\n|t:|1661050641\n|switch|p1a: Druddigon|Druddigon, M|100\/100\n|-ability|p1a: Druddigon|Mold Breaker\n|move|p2a: Landorus|Stealth Rock|p1a: Druddigon\n|-sidestart|p1: EEEEEvolto\u6df1\u6eba|move: Stealth Rock\n|\n|upkeep\n|turn|5\n|\n|t:|1661050644\n|switch|p2a: Regieleki|Regieleki|88\/100\n|move|p1a: Druddigon|Glare|p2a: Regieleki\n|-immune|p2a: Regieleki\n|\n|-heal|p2a: Regieleki|94\/100|[from] item: Leftovers\n|upkeep\n|turn|6\n|\n|t:|1661050649\n|move|p2a: Regieleki|Protect|p2a: Regieleki\n|-singleturn|p2a: Regieleki|Protect\n|move|p1a: Druddigon|Gunk Shot|p2a: Regieleki\n|-activate|p2a: Regieleki|move: Protect\n|\n|-heal|p2a: Regieleki|99\/100|[from] item: Leftovers\n|upkeep\n|turn|7\n|\n|t:|1661050656\n|move|p2a: Regieleki|Substitute|p2a: Regieleki\n|-start|p2a: Regieleki|Substitute\n|-damage|p2a: Regieleki|75\/100\n|move|p1a: Druddigon|Stealth Rock|p2a: Regieleki\n|-sidestart|p2: Nivelmaster|move: Stealth Rock\n|\n|-heal|p2a: Regieleki|81\/100|[from] item: Leftovers\n|upkeep\n|turn|8\n|\n|t:|1661050660\n|move|p2a: Regieleki|Protect|p2a: Regieleki\n|-singleturn|p2a: Regieleki|Protect\n|move|p1a: Druddigon|Gunk Shot|p2a: Regieleki\n|-activate|p2a: Regieleki|move: Protect\n|\n|-heal|p2a: Regieleki|87\/100|[from] item: Leftovers\n|upkeep\n|turn|9\n|\n|t:|1661050663\n|move|p2a: Regieleki|Rapid Spin|p1a: Druddigon\n|-damage|p1a: Druddigon|89\/100\n|-boost|p2a: Regieleki|spe|1\n|-sideend|p2: Nivelmaster|Stealth Rock|[from] move: Rapid Spin|[of] p2a: Regieleki\n|move|p1a: Druddigon|Gunk Shot|p2a: Regieleki\n|-end|p2a: Regieleki|Substitute\n|\n|-heal|p2a: Regieleki|93\/100|[from] item: Leftovers\n|upkeep\n|turn|10\n|\n|t:|1661050674\n|move|p2a: Regieleki|Protect|p2a: Regieleki\n|-singleturn|p2a: Regieleki|Protect\n|move|p1a: Druddigon|Taunt|p2a: Regieleki\n|-activate|p2a: Regieleki|move: Protect\n|\n|-heal|p2a: Regieleki|99\/100|[from] item: Leftovers\n|upkeep\n|turn|11\n|\n|t:|1661050678\n|move|p2a: Regieleki|Substitute|p2a: Regieleki\n|-start|p2a: Regieleki|Substitute\n|-damage|p2a: Regieleki|74\/100\n|move|p1a: Druddigon|Stealth Rock|p2a: Regieleki\n|-sidestart|p2: Nivelmaster|move: Stealth Rock\n|\n|-heal|p2a: Regieleki|80\/100|[from] item: Leftovers\n|upkeep\n|turn|12\n|\n|t:|1661050683\n|switch|p1a: Volcarona|Volcarona, F|100\/100\n|move|p2a: Regieleki|Protect||[still]\n|-fail|p2a: Regieleki\n|\n|-heal|p2a: Regieleki|86\/100|[from] item: Leftovers\n|upkeep\n|turn|13\n|\n|t:|1661050686\n|switch|p2a: Heatran|Heatran, M|100\/100\n|-damage|p2a: Heatran|88\/100|[from] Stealth Rock\n|move|p1a: Volcarona|Quiver Dance|p1a: Volcarona\n|-boost|p1a: Volcarona|spa|1\n|-boost|p1a: Volcarona|spd|1\n|-boost|p1a: Volcarona|spe|1\n|\n|-heal|p2a: Heatran|94\/100|[from] item: Leftovers\n|upkeep\n|turn|14\n|\n|t:|1661050688\n|move|p1a: Volcarona|Quiver Dance|p1a: Volcarona\n|-boost|p1a: Volcarona|spa|1\n|-boost|p1a: Volcarona|spd|1\n|-boost|p1a: Volcarona|spe|1\n|move|p2a: Heatran|Toxic|p1a: Volcarona\n|-status|p1a: Volcarona|tox\n|\n|-heal|p2a: Heatran|100\/100|[from] item: Leftovers\n|-damage|p1a: Volcarona|94\/100 tox|[from] psn\n|upkeep\n|turn|15\n|\n|t:|1661050691\n|move|p1a: Volcarona|Psychic|p2a: Heatran\n|-resisted|p2a: Heatran\n|-damage|p2a: Heatran|83\/100\n|move|p2a: Heatran|Taunt|p1a: Volcarona\n|-start|p1a: Volcarona|move: Taunt\n|\n|-heal|p2a: Heatran|89\/100|[from] item: Leftovers\n|-damage|p1a: Volcarona|82\/100 tox|[from] psn\n|upkeep\n|turn|16\n|\n|t:|1661050693\n|move|p1a: Volcarona|Psychic|p2a: Heatran\n|-resisted|p2a: Heatran\n|-damage|p2a: Heatran|72\/100\n|move|p2a: Heatran|Magma Storm|p1a: Volcarona\n|-damage|p1a: Volcarona|62\/100 tox\n|-activate|p1a: Volcarona|move: Magma Storm|[of] p2a: Heatran\n|\n|-heal|p2a: Heatran|78\/100|[from] item: Leftovers\n|-damage|p1a: Volcarona|43\/100 tox|[from] psn\n|-damage|p1a: Volcarona|31\/100 tox|[from] move: Magma Storm|[partiallytrapped]\n|upkeep\n|turn|17\n|\n|t:|1661050696\n|move|p2a: Heatran|Protect|p2a: Heatran\n|-singleturn|p2a: Heatran|Protect\n|move|p1a: Volcarona|Psychic|p2a: Heatran\n|-activate|p2a: Heatran|move: Protect\n|\n|-heal|p2a: Heatran|85\/100|[from] item: Leftovers\n|-damage|p1a: Volcarona|6\/100 tox|[from] psn\n|-damage|p1a: Volcarona|0 fnt|[from] move: Magma Storm|[partiallytrapped]\n|faint|p1a: Volcarona\n|upkeep\n|\n|t:|1661050701\n|switch|p1a: Hydreigon|Hydreigon, M|100\/100\n|-damage|p1a: Hydreigon|88\/100|[from] Stealth Rock\n|turn|18\n|\n|t:|1661050705\n|switch|p2a: Tornadus|Tornadus-Therian, M|100\/100\n|-damage|p2a: Tornadus|76\/100|[from] Stealth Rock\n|move|p1a: Hydreigon|Earth Power|p2a: Tornadus\n|-immune|p2a: Tornadus\n|\n|upkeep\n|turn|19\n|\n|t:|1661050707\n|move|p2a: Tornadus|U-turn|p1a: Hydreigon\n|-supereffective|p1a: Hydreigon\n|-damage|p1a: Hydreigon|49\/100\n|\n|t:|1661050714\n|switch|p2a: Zapdos|Zapdos-Galar|100\/100|[from]move: U-turn\n|-damage|p2a: Zapdos|88\/100|[from] Stealth Rock\n|move|p1a: Hydreigon|Dark Pulse|p2a: Zapdos\n|-resisted|p2a: Zapdos\n|-damage|p2a: Zapdos|55\/100\n|-damage|p1a: Hydreigon|39\/100|[from] item: Life Orb\n|\n|upkeep\n|turn|20\n|\n|t:|1661050719\n|switch|p1a: Togekiss|Togekiss, M|100\/100\n|-damage|p1a: Togekiss|75\/100|[from] Stealth Rock\n|move|p2a: Zapdos|U-turn|p1a: Togekiss\n|-resisted|p1a: Togekiss\n|-damage|p1a: Togekiss|65\/100\n|\n|t:|1661050723\n|switch|p2a: Regieleki|Regieleki|86\/100|[from]move: U-turn\n|-damage|p2a: Regieleki|73\/100|[from] Stealth Rock\n|\n|-heal|p2a: Regieleki|79\/100|[from] item: Leftovers\n|upkeep\n|turn|21\n|\n|t:|1661050728\n|move|p2a: Regieleki|Rapid Spin|p1a: Togekiss\n|-damage|p1a: Togekiss|53\/100\n|-boost|p2a: Regieleki|spe|1\n|-sideend|p2: Nivelmaster|Stealth Rock|[from] move: Rapid Spin|[of] p2a: Regieleki\n|move|p1a: Togekiss|Air Slash|p2a: Regieleki\n|-resisted|p2a: Regieleki\n|-damage|p2a: Regieleki|45\/100\n|\n|-heal|p2a: Regieleki|50\/100|[from] item: Leftovers\n|upkeep\n|turn|22\n|\n|t:|1661050734\n|move|p2a: Regieleki|Protect|p2a: Regieleki\n|-singleturn|p2a: Regieleki|Protect\n|move|p1a: Togekiss|Air Slash|p2a: Regieleki\n|-activate|p2a: Regieleki|move: Protect\n|\n|-heal|p2a: Regieleki|56\/100|[from] item: Leftovers\n|upkeep\n|turn|23\n|\n|t:|1661050737\n|move|p2a: Regieleki|Electro Ball|p1a: Togekiss\n|-supereffective|p1a: Togekiss\n|-damage|p1a: Togekiss|0 fnt\n|faint|p1a: Togekiss\n|\n|-heal|p2a: Regieleki|62\/100|[from] item: Leftovers\n|upkeep\n|\n|t:|1661050739\n|switch|p1a: Zeraora|Zeraora|85\/100\n|turn|24\n|\n|t:|1661050744\n|switch|p1a: Melmetal|Melmetal|100\/100\n|-damage|p1a: Melmetal|94\/100|[from] Stealth Rock\n|move|p2a: Regieleki|Protect||[still]\n|-fail|p2a: Regieleki\n|\n|-heal|p2a: Regieleki|68\/100|[from] item: Leftovers\n|upkeep\n|turn|25\n|\n|t:|1661050747\n|move|p2a: Regieleki|Electro Ball|p1a: Melmetal\n|-damage|p1a: Melmetal|0 fnt\n|faint|p1a: Melmetal\n|\n|-heal|p2a: Regieleki|74\/100|[from] item: Leftovers\n|upkeep\n|-message|EEEEEvolto\u6df1\u6eba forfeited.\n|\n|win|Nivelmaster\n|raw|EEEEEvolto\u6df1\u6eba's rating: 1563 &rarr; <strong>1543<\/strong><br \/>(-20 for losing)\n|raw|Nivelmaster's rating: 1564 &rarr; <strong>1584<\/strong><br \/>(+20 for winning)\n|l|\u2606EEEEEvolto\u6df1\u6eba\n","uploadtime":1661050773,"views":41,"p1id":"eeeeevolto","p2id":"nivelmaster","formatid":"gen8ou","rating":1543,"private":0,"password":null}