{"id":"gen8ou-1625698824","p1":"Not Sarcasm","p2":"thought so","format":"gen8ou","log":"|j|\u2606Not Sarcasm\n|j|\u2606thought so\n|t:|1658852297\n|gametype|singles\n|player|p1|Not Sarcasm|169|1448\n|player|p2|thought so|1|1397\n|teamsize|p1|6\n|teamsize|p2|6\n|gen|8\n|tier|[Gen 8] OU\n|rated|\n|rule|Sleep Clause Mod: Limit one foe put to sleep\n|rule|Species Clause: Limit one of each Pok\u00e9mon\n|rule|OHKO Clause: OHKO moves are banned\n|rule|Evasion Moves Clause: Evasion moves are banned\n|rule|Endless Battle Clause: Forcing endless battles is banned\n|rule|HP Percentage Mod: HP is shown in percentages\n|rule|Dynamax Clause: You cannot dynamax\n|clearpoke\n|poke|p1|Tapu Lele|\n|poke|p1|Dragapult, F|\n|poke|p1|Landorus-Therian, M|\n|poke|p1|Weavile, M|\n|poke|p1|Tapu Fini|\n|poke|p1|Melmetal|\n|poke|p2|Weavile, F|\n|poke|p2|Ferrothorn, M|\n|poke|p2|Dragonite, F|\n|poke|p2|Tapu Fini|\n|poke|p2|Krookodile, M|\n|poke|p2|Slowbro-Galar, M|\n|teampreview\n|inactive|Battle timer is ON: inactive players will automatically lose when time's up. (requested by Not Sarcasm)\n|\n|t:|1658852320\n|start\n|switch|p1a: Melmetal|Melmetal|100\/100\n|switch|p2a: Krookodile|Krookodile, M|100\/100\n|-ability|p2a: Krookodile|Intimidate|boost\n|-unboost|p1a: Melmetal|atk|1\n|turn|1\n|\n|t:|1658852329\n|move|p2a: Krookodile|Earthquake|p1a: Melmetal\n|-supereffective|p1a: Melmetal\n|-damage|p1a: Melmetal|46\/100\n|move|p1a: Melmetal|Superpower|p2a: Krookodile\n|-supereffective|p2a: Krookodile\n|-crit|p2a: Krookodile\n|-damage|p2a: Krookodile|0 fnt\n|-unboost|p1a: Melmetal|atk|1\n|-unboost|p1a: Melmetal|def|1\n|faint|p2a: Krookodile\n|\n|upkeep\n|\n|t:|1658852340\n|switch|p2a: Tapu Fini|Tapu Fini|100\/100\n|-fieldstart|move: Misty Terrain|[from] ability: Misty Surge|[of] p2a: Tapu Fini\n|turn|2\n|\n|t:|1658852344\n|switch|p1a: Tapu Fini|Tapu Fini|100\/100\n|move|p2a: Tapu Fini|Surf|p1a: Tapu Fini\n|-resisted|p1a: Tapu Fini\n|-damage|p1a: Tapu Fini|88\/100\n|\n|-heal|p1a: Tapu Fini|94\/100|[from] item: Leftovers\n|upkeep\n|turn|3\n|\n|t:|1658852351\n|switch|p1a: Melmetal|Melmetal|46\/100\n|switch|p2a: Ferrothorn|Ferrothorn, M|100\/100\n|\n|upkeep\n|turn|4\n|\n|t:|1658852356\n|move|p1a: Melmetal|Superpower|p2a: Ferrothorn\n|-supereffective|p2a: Ferrothorn\n|-damage|p2a: Ferrothorn|22\/100\n|-unboost|p1a: Melmetal|atk|1\n|-unboost|p1a: Melmetal|def|1\n|-damage|p1a: Melmetal|33\/100|[from] ability: Iron Barbs|[of] p2a: Ferrothorn\n|-damage|p1a: Melmetal|17\/100|[from] item: Rocky Helmet|[of] p2a: Ferrothorn\n|move|p2a: Ferrothorn|Leech Seed|p1a: Melmetal\n|-start|p1a: Melmetal|move: Leech Seed\n|\n|-damage|p1a: Melmetal|4\/100|[from] Leech Seed|[of] p2a: Ferrothorn\n|-heal|p2a: Ferrothorn|37\/100|[silent]\n|upkeep\n|turn|5\n|\n|t:|1658852368\n|switch|p1a: Dragapult|Dragapult, F|100\/100\n|move|p2a: Ferrothorn|Protect||[still]\n|-fail|p2a: Ferrothorn\n|\n|upkeep\n|turn|6\n|\n|t:|1658852372\n|move|p2a: Ferrothorn|Protect|p2a: Ferrothorn\n|-singleturn|p2a: Ferrothorn|Protect\n|move|p1a: Dragapult|Shadow Ball|p2a: Ferrothorn\n|-activate|p2a: Ferrothorn|move: Protect\n|\n|-fieldend|Misty Terrain\n|upkeep\n|turn|7\n|\n|t:|1658852380\n|switch|p2a: Tapu Fini|Tapu Fini|100\/100\n|-fieldstart|move: Misty Terrain|[from] ability: Misty Surge|[of] p2a: Tapu Fini\n|move|p1a: Dragapult|Shadow Ball|p2a: Tapu Fini\n|-damage|p2a: Tapu Fini|59\/100\n|\n|-heal|p2a: Tapu Fini|65\/100|[from] item: Leftovers\n|upkeep\n|turn|8\n|\n|t:|1658852388\n|switch|p1a: Melmetal|Melmetal|4\/100\n|move|p2a: Tapu Fini|Moonblast|p1a: Melmetal\n|-resisted|p1a: Melmetal\n|-damage|p1a: Melmetal|0 fnt\n|faint|p1a: Melmetal\n|\n|-heal|p2a: Tapu Fini|71\/100|[from] item: Leftovers\n|upkeep\n|\n|t:|1658852396\n|switch|p1a: Tapu Lele|Tapu Lele|100\/100\n|-fieldstart|move: Psychic Terrain|[from] ability: Psychic Surge|[of] p1a: Tapu Lele\n|turn|9\n|inactive|thought so has 120 seconds left.\n|\n|t:|1658852427\n|move|p1a: Tapu Lele|Moonblast|p2a: Tapu Fini\n|-damage|p2a: Tapu Fini|14\/100\n|move|p2a: Tapu Fini|Moonblast|p1a: Tapu Lele\n|-damage|p1a: Tapu Lele|65\/100\n|\n|-heal|p2a: Tapu Fini|20\/100|[from] item: Leftovers\n|upkeep\n|turn|10\n|\n|t:|1658852434\n|switch|p2a: Slowbro|Slowbro-Galar, M|100\/100\n|move|p1a: Tapu Lele|Moonblast|p2a: Slowbro\n|-resisted|p2a: Slowbro\n|-damage|p2a: Slowbro|62\/100\n|-unboost|p2a: Slowbro|spa|1\n|\n|-heal|p2a: Slowbro|68\/100|[from] item: Black Sludge\n|upkeep\n|turn|11\n|\n|t:|1658852445\n|move|p1a: Tapu Lele|Moonblast|p2a: Slowbro\n|-resisted|p2a: Slowbro\n|-damage|p2a: Slowbro|30\/100\n|move|p2a: Slowbro|Shell Side Arm|p1a: Tapu Lele|[anim] Shell Side Arm Physical\n|-supereffective|p1a: Tapu Lele\n|-damage|p1a: Tapu Lele|0 fnt\n|-hint|Physical Shell Side Arm\n|faint|p1a: Tapu Lele\n|\n|-heal|p2a: Slowbro|36\/100|[from] item: Black Sludge\n|upkeep\n|\n|t:|1658852456\n|switch|p1a: Weavile|Weavile, M|100\/100\n|-ability|p1a: Weavile|Pressure\n|turn|12\n|\n|t:|1658852464\n|move|p1a: Weavile|Knock Off|p2a: Slowbro\n|-supereffective|p2a: Slowbro\n|-damage|p2a: Slowbro|0 fnt\n|-enditem|p2a: Slowbro|Black Sludge|[from] move: Knock Off|[of] p1a: Weavile\n|faint|p2a: Slowbro\n|\n|upkeep\n|\n|t:|1658852467\n|switch|p2a: Ferrothorn|Ferrothorn, M|37\/100\n|turn|13\n|\n|t:|1658852476\n|move|p1a: Weavile|Knock Off|p2a: Ferrothorn\n|-damage|p2a: Ferrothorn|0 fnt\n|-damage|p1a: Weavile|88\/100|[from] ability: Iron Barbs|[of] p2a: Ferrothorn\n|-damage|p1a: Weavile|72\/100|[from] item: Rocky Helmet|[of] p2a: Ferrothorn\n|-enditem|p2a: Ferrothorn|Rocky Helmet|[from] move: Knock Off|[of] p1a: Weavile\n|faint|p2a: Ferrothorn\n|\n|-fieldend|move: Psychic Terrain\n|upkeep\n|\n|t:|1658852484\n|switch|p2a: Tapu Fini|Tapu Fini|20\/100\n|-fieldstart|move: Misty Terrain|[from] ability: Misty Surge|[of] p2a: Tapu Fini\n|turn|14\n|\n|t:|1658852487\n|move|p1a: Weavile|Knock Off|p2a: Tapu Fini\n|-resisted|p2a: Tapu Fini\n|-damage|p2a: Tapu Fini|0 fnt\n|-enditem|p2a: Tapu Fini|Leftovers|[from] move: Knock Off|[of] p1a: Weavile\n|faint|p2a: Tapu Fini\n|\n|upkeep\n|\n|t:|1658852496\n|switch|p2a: Weavile|Weavile, F|100\/100\n|-ability|p2a: Weavile|Pressure\n|turn|15\n|\n|t:|1658852502\n|switch|p1a: Tapu Fini|Tapu Fini|94\/100\n|move|p2a: Weavile|Triple Axel|p1a: Tapu Fini\n|-resisted|p1a: Tapu Fini\n|-damage|p1a: Tapu Fini|91\/100\n|-resisted|p1a: Tapu Fini\n|-damage|p1a: Tapu Fini|84\/100\n|-resisted|p1a: Tapu Fini\n|-damage|p1a: Tapu Fini|74\/100\n|-hitcount|p1a: Tapu Fini|3\n|\n|-heal|p1a: Tapu Fini|80\/100|[from] item: Leftovers\n|upkeep\n|turn|16\n|\n|t:|1658852513\n|move|p2a: Weavile|Knock Off|p1a: Tapu Fini\n|-resisted|p1a: Tapu Fini\n|-damage|p1a: Tapu Fini|61\/100\n|-enditem|p1a: Tapu Fini|Leftovers|[from] move: Knock Off|[of] p2a: Weavile\n|move|p1a: Tapu Fini|Scald|p2a: Weavile\n|-crit|p2a: Weavile\n|-damage|p2a: Weavile|40\/100\n|\n|upkeep\n|turn|17\n|\n|t:|1658852520\n|move|p2a: Weavile|Triple Axel|p1a: Tapu Fini\n|-resisted|p1a: Tapu Fini\n|-damage|p1a: Tapu Fini|58\/100\n|-resisted|p1a: Tapu Fini\n|-damage|p1a: Tapu Fini|50\/100\n|-resisted|p1a: Tapu Fini\n|-damage|p1a: Tapu Fini|39\/100\n|-hitcount|p1a: Tapu Fini|3\n|move|p1a: Tapu Fini|Draining Kiss|p2a: Weavile\n|-supereffective|p2a: Weavile\n|-damage|p2a: Weavile|0 fnt\n|-heal|p1a: Tapu Fini|63\/100|[from] drain|[of] p2a: Weavile\n|faint|p2a: Weavile\n|\n|upkeep\n|\n|t:|1658852522\n|switch|p2a: Dragonite|Dragonite, F|100\/100\n|turn|18\n|\n|t:|1658852533\n|move|p1a: Tapu Fini|Scald|p2a: Dragonite\n|-resisted|p2a: Dragonite\n|-damage|p2a: Dragonite|94\/100\n|move|p2a: Dragonite|Dragon Dance|p2a: Dragonite\n|-boost|p2a: Dragonite|atk|1\n|-boost|p2a: Dragonite|spe|1\n|\n|-fieldend|Misty Terrain\n|upkeep\n|turn|19\n|\n|t:|1658852540\n|move|p2a: Dragonite|Dragon Dance|p2a: Dragonite\n|-boost|p2a: Dragonite|atk|1\n|-boost|p2a: Dragonite|spe|1\n|move|p1a: Tapu Fini|Draining Kiss|p2a: Dragonite\n|-supereffective|p2a: Dragonite\n|-damage|p2a: Dragonite|64\/100\n|-heal|p1a: Tapu Fini|85\/100|[from] drain|[of] p2a: Dragonite\n|\n|upkeep\n|turn|20\n|\n|t:|1658852546\n|move|p2a: Dragonite|Dual Wingbeat|p1a: Tapu Fini\n|-damage|p1a: Tapu Fini|50\/100\n|-damage|p1a: Tapu Fini|19\/100\n|-hitcount|p1a: Tapu Fini|2\n|move|p1a: Tapu Fini|Scald|p2a: Dragonite\n|-resisted|p2a: Dragonite\n|-damage|p2a: Dragonite|50\/100\n|\n|upkeep\n|turn|21\n|\n|t:|1658852554\n|move|p2a: Dragonite|Dual Wingbeat|p1a: Tapu Fini\n|-damage|p1a: Tapu Fini|0 fnt\n|faint|p1a: Tapu Fini\n|-hitcount|p1: Tapu Fini|1\n|\n|upkeep\n|\n|t:|1658852559\n|switch|p1a: Weavile|Weavile, M|72\/100\n|-ability|p1a: Weavile|Pressure\n|turn|22\n|\n|t:|1658852563\n|move|p2a: Dragonite|Extreme Speed|p1a: Weavile\n|-damage|p1a: Weavile|0 fnt\n|faint|p1a: Weavile\n|\n|upkeep\n|\n|t:|1658852567\n|switch|p1a: Landorus|Landorus-Therian, M|100\/100\n|-ability|p1a: Landorus|Intimidate|boost\n|-unboost|p2a: Dragonite|atk|1\n|turn|23\n|\n|t:|1658852571\n|move|p2a: Dragonite|Dual Wingbeat|p1a: Landorus\n|-damage|p1a: Landorus|66\/100\n|-damage|p1a: Landorus|33\/100\n|-hitcount|p1a: Landorus|2\n|move|p1a: Landorus|Knock Off|p2a: Dragonite\n|-damage|p2a: Dragonite|16\/100\n|-enditem|p2a: Dragonite|Heavy-Duty Boots|[from] move: Knock Off|[of] p1a: Landorus\n|\n|upkeep\n|turn|24\n|\n|t:|1658852579\n|move|p2a: Dragonite|Dual Wingbeat|p1a: Landorus\n|-damage|p1a: Landorus|2\/100\n|-damage|p1a: Landorus|0 fnt\n|faint|p1a: Landorus\n|-hitcount|p1: Landorus|2\n|\n|upkeep\n|\n|t:|1658852584\n|switch|p1a: Dragapult|Dragapult, F|100\/100\n|turn|25\n|\n|t:|1658852587\n|move|p2a: Dragonite|Dragon Claw|p1a: Dragapult\n|-supereffective|p1a: Dragapult\n|-damage|p1a: Dragapult|0 fnt\n|faint|p1a: Dragapult\n|\n|win|thought so\n|raw|Not Sarcasm's rating: 1448 &rarr; <strong>1425<\/strong><br \/>(-23 for losing)\n|raw|thought so's rating: 1397 &rarr; <strong>1420<\/strong><br \/>(+23 for winning)\n|l|\u2606Not Sarcasm\n","uploadtime":1658852595,"views":10,"p1id":"notsarcasm","p2id":"thoughtso","formatid":"gen8ou","rating":1420,"private":0,"password":null}