{"id":"gen8uu-1241713772","p1":"TryHonesty","p2":"Ixtam","format":"gen8uu","log":"|j|\u2606TryHonesty\n|j|\u2606Ixtam\n|t:|1607706418\n|player|p1|TryHonesty|266|1369\n|player|p2|Ixtam|hugh|1457\n|teamsize|p1|6\n|teamsize|p2|6\n|gametype|singles\n|gen|8\n|tier|[Gen 8] UU\n|rated|\n|clearpoke\n|poke|p1|Primarina, F|\n|poke|p1|Zeraora|\n|poke|p1|Gyarados, F|\n|poke|p1|Slowbro-Galar, F|\n|poke|p1|Mew|\n|poke|p1|Latias, F|\n|poke|p2|Jirachi|\n|poke|p2|Kommo-o, M|\n|poke|p2|Roserade, F|\n|poke|p2|Scizor, F|\n|poke|p2|Latias, F|\n|poke|p2|Rotom-Heat|\n|rule|Sleep Clause Mod: Limit one foe put to sleep\n|rule|Species Clause: Limit one of each Pok\u00e9mon\n|rule|OHKO Clause: OHKO moves are banned\n|rule|Evasion Moves Clause: Evasion moves are banned\n|rule|Endless Battle Clause: Forcing endless battles is banned\n|rule|HP Percentage Mod: HP is shown in percentages\n|rule|Dynamax Clause: You cannot dynamax\n|teampreview\n|inactive|Battle timer is ON: inactive players will automatically lose when time's up. (requested by TryHonesty)\n|\n|t:|1607706435\n|start\n|switch|p1a: Mew|Mew|100\/100\n|switch|p2a: Scizor|Scizor, F|100\/100\n|turn|1\n|j| DrPepperDude\n|\n|t:|1607706445\n|move|p1a: Mew|Dragon Dance|p1a: Mew\n|-boost|p1a: Mew|atk|1\n|-boost|p1a: Mew|spe|1\n|move|p2a: Scizor|U-turn|p1a: Mew\n|-supereffective|p1a: Mew\n|-damage|p1a: Mew|0 fnt\n|faint|p1a: Mew\n|\n|t:|1607706458\n|switch|p2a: Roserade|Roserade, F|100\/100|[from]move: U-turn\n|\n|upkeep\n|\n|t:|1607706465\n|switch|p1a: Latias|Latias, F|100\/100\n|turn|2\n|\n|t:|1607706472\n|switch|p2a: Jirachi|Jirachi|100\/100\n|move|p1a: Latias|Substitute|p1a: Latias\n|-start|p1a: Latias|Substitute\n|-damage|p1a: Latias|76\/100\n|\n|-heal|p1a: Latias|82\/100|[from] item: Leftovers\n|upkeep\n|turn|3\n|\n|t:|1607706476\n|move|p2a: Jirachi|U-turn|p1a: Latias\n|-supereffective|p1a: Latias\n|-activate|p1a: Latias|move: Substitute|[damage]\n|\n|t:|1607706481\n|switch|p2a: Latias|Latias, F|100\/100|[from]move: U-turn\n|move|p1a: Latias|Calm Mind|p1a: Latias\n|-boost|p1a: Latias|spa|1\n|-boost|p1a: Latias|spd|1\n|\n|-heal|p1a: Latias|88\/100|[from] item: Leftovers\n|upkeep\n|turn|4\n|\n|t:|1607706487\n|switch|p2a: Jirachi|Jirachi|100\/100\n|move|p1a: Latias|Calm Mind|p1a: Latias\n|-boost|p1a: Latias|spa|1\n|-boost|p1a: Latias|spd|1\n|\n|-heal|p1a: Latias|94\/100|[from] item: Leftovers\n|upkeep\n|turn|5\n|\n|t:|1607706491\n|move|p2a: Jirachi|U-turn|p1a: Latias\n|-supereffective|p1a: Latias\n|-end|p1a: Latias|Substitute\n|\n|t:|1607706493\n|switch|p2a: Scizor|Scizor, F|100\/100|[from]move: U-turn\n|move|p1a: Latias|Substitute|p1a: Latias\n|-start|p1a: Latias|Substitute\n|-damage|p1a: Latias|69\/100\n|\n|-heal|p1a: Latias|75\/100|[from] item: Leftovers\n|upkeep\n|turn|6\n|\n|t:|1607706499\n|move|p1a: Latias|Substitute|p1a: Latias\n|-fail|p1a: Latias|move: Substitute\n|move|p2a: Scizor|Knock Off|p1a: Latias\n|-supereffective|p1a: Latias\n|-end|p1a: Latias|Substitute\n|\n|-heal|p1a: Latias|81\/100|[from] item: Leftovers\n|upkeep\n|turn|7\n|\n|t:|1607706505\n|move|p1a: Latias|Recover|p1a: Latias\n|-heal|p1a: Latias|100\/100\n|move|p2a: Scizor|Knock Off|p1a: Latias\n|-supereffective|p1a: Latias\n|-damage|p1a: Latias|22\/100\n|-enditem|p1a: Latias|Leftovers|[from] move: Knock Off|[of] p2a: Scizor\n|\n|upkeep\n|turn|8\n|\n|t:|1607706507\n|move|p1a: Latias|Recover|p1a: Latias\n|-heal|p1a: Latias|72\/100\n|move|p2a: Scizor|Knock Off|p1a: Latias\n|-supereffective|p1a: Latias\n|-damage|p1a: Latias|18\/100\n|\n|upkeep\n|turn|9\n|\n|t:|1607706511\n|move|p1a: Latias|Stored Power|p2a: Scizor\n|-resisted|p2a: Scizor\n|-damage|p2a: Scizor|57\/100\n|move|p2a: Scizor|Knock Off|p1a: Latias\n|-supereffective|p1a: Latias\n|-damage|p1a: Latias|0 fnt\n|faint|p1a: Latias\n|\n|upkeep\n|\n|t:|1607706519\n|switch|p1a: Gyarados|Gyarados, F|100\/100\n|-ability|p1a: Gyarados|Intimidate|boost\n|-unboost|p2a: Scizor|atk|1\n|turn|10\n|\n|t:|1607706526\n|move|p1a: Gyarados|Dragon Dance|p1a: Gyarados\n|-boost|p1a: Gyarados|atk|1\n|-boost|p1a: Gyarados|spe|1\n|move|p2a: Scizor|Knock Off|p1a: Gyarados\n|-damage|p1a: Gyarados|58\/100\n|-enditem|p1a: Gyarados|Leftovers|[from] move: Knock Off|[of] p2a: Scizor\n|\n|upkeep\n|turn|11\n|\n|t:|1607706533\n|move|p1a: Gyarados|Dragon Dance|p1a: Gyarados\n|-boost|p1a: Gyarados|atk|1\n|-boost|p1a: Gyarados|spe|1\n|move|p2a: Scizor|Knock Off|p1a: Gyarados\n|-damage|p1a: Gyarados|27\/100\n|\n|upkeep\n|turn|12\n|\n|t:|1607706551\n|switch|p2a: Rotom|Rotom-Heat|100\/100\n|move|p1a: Gyarados|Waterfall|p2a: Rotom\n|-supereffective|p2a: Rotom\n|-damage|p2a: Rotom|0 fnt\n|faint|p2a: Rotom\n|\n|upkeep\n|inactive|Ixtam has 120 seconds left.\n|\n|t:|1607706596\n|switch|p2a: Scizor|Scizor, F|57\/100\n|turn|13\n|\n|t:|1607706599\n|move|p2a: Scizor|Bullet Punch|p1a: Gyarados\n|-resisted|p1a: Gyarados\n|-damage|p1a: Gyarados|0 fnt\n|faint|p1a: Gyarados\n|\n|upkeep\n|\n|t:|1607706602\n|switch|p1a: Zeraora|Zeraora|100\/100\n|turn|14\n|\n|t:|1607706606\n|switch|p2a: Kommo-o|Kommo-o, M|100\/100\n|move|p1a: Zeraora|Bulk Up|p1a: Zeraora\n|-boost|p1a: Zeraora|atk|1\n|-boost|p1a: Zeraora|def|1\n|\n|upkeep\n|turn|15\n|\n|t:|1607706611\n|switch|p1a: Slowbro|Slowbro-Galar, F|100\/100\n|move|p2a: Kommo-o|Toxic|p1a: Slowbro\n|-immune|p1a: Slowbro\n|\n|upkeep\n|turn|16\n|\n|t:|1607706616\n|switch|p2a: Jirachi|Jirachi|100\/100\n|move|p1a: Slowbro|Nasty Plot|p1a: Slowbro\n|-boost|p1a: Slowbro|spa|2\n|\n|upkeep\n|turn|17\n|-activate|p1a: Slowbro|ability: Quick Draw\n|\n|t:|1607706623\n|move|p1a: Slowbro|Flamethrower|p2a: Jirachi\n|-supereffective|p2a: Jirachi\n|-damage|p2a: Jirachi|29\/100\n|move|p2a: Jirachi|U-turn|p1a: Slowbro\n|-damage|p1a: Slowbro|85\/100\n|\n|t:|1607706629\n|switch|p2a: Scizor|Scizor, F|57\/100|[from]move: U-turn\n|\n|upkeep\n|turn|18\n|\n|t:|1607706633\n|move|p2a: Scizor|Knock Off|p1a: Slowbro\n|-supereffective|p1a: Slowbro\n|-damage|p1a: Slowbro|0 fnt\n|-enditem|p1a: Slowbro|Quick Claw|[from] move: Knock Off|[of] p2a: Scizor\n|faint|p1a: Slowbro\n|\n|upkeep\n|\n|t:|1607706637\n|switch|p1a: Primarina|Primarina, F|100\/100\n|turn|19\n|\n|t:|1607706641\n|switch|p2a: Roserade|Roserade, F|100\/100\n|move|p1a: Primarina|Calm Mind|p1a: Primarina\n|-boost|p1a: Primarina|spa|1\n|-boost|p1a: Primarina|spd|1\n|\n|upkeep\n|turn|20\n|l|\u2606TryHonesty\n|inactive|TryHonesty disconnected and has a minute to reconnect!\n|player|p1|\n|inactive|TryHonesty has 30 seconds to reconnect!\n|inactive|TryHonesty has 20 seconds to reconnect!\n|inactive|TryHonesty has 15 seconds to reconnect!\n|inactive|TryHonesty has 10 seconds to reconnect!\n|inactive|TryHonesty has 5 seconds to reconnect!\n|-message|TryHonesty lost due to inactivity.\n|\n|win|Ixtam\n||Ladder (probably) updated, but score could not be retrieved (Request timeout).\n","uploadtime":1607706710,"views":8,"p1id":"tryhonesty","p2id":"ixtam","formatid":"gen8uu","rating":0,"private":0,"password":null}