{"id":"gen8ou-1231548477","p1":"glaed13","p2":"TheNorthernBlade2","format":"gen8ou","log":"|j|\u2606glaed13\n|j|\u2606TheNorthernBlade2\n|t:|1606354759\n|player|p1|glaed13|cheren-gen5bw2|1835\n|player|p2|TheNorthernBlade2|169|1753\n|teamsize|p1|6\n|teamsize|p2|6\n|gametype|singles\n|gen|8\n|tier|[Gen 8] OU\n|rated|\n|clearpoke\n|poke|p1|Blaziken, M|\n|poke|p1|Klefki, F|\n|poke|p1|Ninetales, M|\n|poke|p1|Zapdos-Galar|\n|poke|p1|Cinderace, F|\n|poke|p1|Garchomp, F|\n|poke|p2|Grimmsnarl, M|\n|poke|p2|Magearna|\n|poke|p2|Blaziken, M|\n|poke|p2|Landorus-Therian, M|\n|poke|p2|Dragonite, M|\n|poke|p2|Pheromosa|\n|rule|Sleep Clause Mod: Limit one foe put to sleep\n|rule|Species Clause: Limit one of each Pok\u00e9mon\n|rule|OHKO Clause: OHKO moves are banned\n|rule|Evasion Moves Clause: Evasion moves are banned\n|rule|Endless Battle Clause: Forcing endless battles is banned\n|rule|HP Percentage Mod: HP is shown in percentages\n|rule|Dynamax Clause: You cannot dynamax\n|teampreview\n|inactive|Battle timer is ON: inactive players will automatically lose when time's up. (requested by TheNorthernBlade2)\n|inactive|glaed13 also wants the timer to be on.\n|\n|t:|1606354764\n|start\n|switch|p1a: Zapdos|Zapdos-Galar|100\/100\n|switch|p2a: Grimmsnarl|Grimmsnarl, M|100\/100\n|turn|1\n|\n|t:|1606354775\n|move|p2a: Grimmsnarl|Taunt|p1a: Zapdos\n|-start|p1a: Zapdos|move: Taunt\n|cant|p1a: Zapdos|move: Taunt|Taunt\n|\n|upkeep\n|turn|2\n|j| Rakkoh\n|\n|t:|1606354783\n|move|p2a: Grimmsnarl|Reflect|p2a: Grimmsnarl\n|-sidestart|p2: TheNorthernBlade2|Reflect\n|move|p1a: Zapdos|Thunderous Kick|p2a: Grimmsnarl\n|-damage|p2a: Grimmsnarl|69\/100\n|-unboost|p2a: Grimmsnarl|def|1\n|\n|upkeep\n|turn|3\n|\n|t:|1606354803\n|switch|p2a: Landorus|Landorus-Therian, M|100\/100\n|-ability|p2a: Landorus|Intimidate|boost\n|-unboost|p1a: Zapdos|atk|1\n|-ability|p1a: Zapdos|Defiant\n|-boost|p1a: Zapdos|atk|2\n|move|p1a: Zapdos|Thunderous Kick|p2a: Landorus\n|-resisted|p2a: Landorus\n|-damage|p2a: Landorus|79\/100\n|-unboost|p2a: Landorus|def|1\n|\n|-end|p1a: Zapdos|move: Taunt\n|upkeep\n|turn|4\n|j| I'M AT MY LIMIT!\n|\n|t:|1606354818\n|move|p1a: Zapdos|Acrobatics|p2a: Landorus\n|-damage|p2a: Landorus|1\/100\n|move|p2a: Landorus|Stone Edge|p1a: Zapdos\n|-damage|p1a: Zapdos|59\/100\n|\n|upkeep\n|turn|5\n|\n|t:|1606354825\n|move|p1a: Zapdos|Thunderous Kick|p2a: Landorus\n|-resisted|p2a: Landorus\n|-damage|p2a: Landorus|0 fnt\n|faint|p2a: Landorus\n|\n|upkeep\n|\n|t:|1606354831\n|switch|p2a: Pheromosa|Pheromosa|100\/100\n|turn|6\n|\n|t:|1606354837\n|switch|p1a: Klefki|Klefki, F, shiny|100\/100\n|move|p2a: Pheromosa|Close Combat|p1a: Klefki\n|-damage|p1a: Klefki|26\/100\n|-unboost|p2a: Pheromosa|def|1\n|-unboost|p2a: Pheromosa|spd|1\n|\n|upkeep\n|turn|7\n|l| I'M AT MY LIMIT!\n|\n|t:|1606354844\n|move|p1a: Klefki|Thunder Wave|p2a: Pheromosa\n|-status|p2a: Pheromosa|par\n|move|p2a: Pheromosa|Close Combat|p1a: Klefki\n|-damage|p1a: Klefki|0 fnt\n|-unboost|p2a: Pheromosa|def|1\n|-unboost|p2a: Pheromosa|spd|1\n|faint|p1a: Klefki\n|-ability|p2a: Pheromosa|Beast Boost|boost\n|-boost|p2a: Pheromosa|spa|1\n|\n|upkeep\n|\n|t:|1606354855\n|switch|p1a: Zapdos|Zapdos-Galar|59\/100\n|turn|8\n|\n|t:|1606354859\n|move|p1a: Zapdos|Acrobatics|p2a: Pheromosa\n|-supereffective|p2a: Pheromosa\n|-damage|p2a: Pheromosa|0 fnt\n|faint|p2a: Pheromosa\n|\n|upkeep\n|\n|t:|1606354862\n|switch|p2a: Grimmsnarl|Grimmsnarl, M|69\/100\n|turn|9\n|\n|t:|1606354869\n|move|p2a: Grimmsnarl|Light Screen|p2a: Grimmsnarl\n|-sidestart|p2: TheNorthernBlade2|move: Light Screen\n|move|p1a: Zapdos|Thunderous Kick|p2a: Grimmsnarl\n|-damage|p2a: Grimmsnarl|37\/100\n|-unboost|p2a: Grimmsnarl|def|1\n|\n|-sideend|p2: TheNorthernBlade2|Reflect\n|upkeep\n|turn|10\n|\n|t:|1606354884\n|move|p2a: Grimmsnarl|Reflect|p2a: Grimmsnarl\n|-sidestart|p2: TheNorthernBlade2|Reflect\n|move|p1a: Zapdos|Thunderous Kick|p2a: Grimmsnarl\n|-damage|p2a: Grimmsnarl|0 fnt\n|faint|p2a: Grimmsnarl\n|\n|upkeep\n|\n|t:|1606354894\n|switch|p2a: Dragonite|Dragonite, M|100\/100\n|turn|11\n|\n|t:|1606354901\n|move|p1a: Zapdos|Taunt|p2a: Dragonite\n|-start|p2a: Dragonite|move: Taunt\n|move|p2a: Dragonite|Fire Punch|p1a: Zapdos\n|-damage|p1a: Zapdos|27\/100\n|-status|p1a: Zapdos|brn\n|\n|-damage|p1a: Zapdos|20\/100 brn|[from] brn\n|upkeep\n|turn|12\n|j| Limited_Toolkit\n|\n|t:|1606354923\n|switch|p2a: Blaziken|Blaziken, M|100\/100\n|move|p1a: Zapdos|Thunderous Kick|p2a: Blaziken\n|-damage|p2a: Blaziken|84\/100\n|-unboost|p2a: Blaziken|def|1\n|\n|-damage|p1a: Zapdos|14\/100 brn|[from] brn\n|upkeep\n|turn|13\n|\n|t:|1606354933\n|move|p1a: Zapdos|Taunt|p2a: Blaziken\n|-start|p2a: Blaziken|move: Taunt\n|cant|p2a: Blaziken|move: Taunt|Swords Dance\n|\n|-damage|p1a: Zapdos|8\/100 brn|[from] brn\n|-ability|p2a: Blaziken|Speed Boost|boost\n|-boost|p2a: Blaziken|spe|1\n|upkeep\n|turn|14\n|j| Promii\n|\n|t:|1606354942\n|move|p2a: Blaziken|Flare Blitz|p1a: Zapdos\n|-damage|p1a: Zapdos|0 fnt\n|-damage|p2a: Blaziken|81\/100|[from] Recoil\n|-damage|p2a: Blaziken|71\/100|[from] item: Life Orb\n|faint|p1a: Zapdos\n|\n|-ability|p2a: Blaziken|Speed Boost|boost\n|-boost|p2a: Blaziken|spe|1\n|upkeep\n|\n|t:|1606354953\n|switch|p1a: Garchomp|Garchomp, F|100\/100\n|turn|15\n|\n|t:|1606354958\n|move|p2a: Blaziken|Close Combat|p1a: Garchomp\n|-damage|p1a: Garchomp|23\/100\n|-unboost|p2a: Blaziken|def|1\n|-unboost|p2a: Blaziken|spd|1\n|-damage|p2a: Blaziken|59\/100|[from] ability: Rough Skin|[of] p1a: Garchomp\n|-damage|p2a: Blaziken|49\/100|[from] item: Life Orb\n|move|p1a: Garchomp|Swords Dance|p1a: Garchomp\n|-boost|p1a: Garchomp|atk|2\n|\n|-end|p2a: Blaziken|move: Taunt\n|-ability|p2a: Blaziken|Speed Boost|boost\n|-boost|p2a: Blaziken|spe|1\n|upkeep\n|turn|16\n|\n|t:|1606354966\n|move|p2a: Blaziken|Close Combat|p1a: Garchomp\n|-damage|p1a: Garchomp|0 fnt\n|-unboost|p2a: Blaziken|def|1\n|-unboost|p2a: Blaziken|spd|1\n|-damage|p2a: Blaziken|36\/100|[from] ability: Rough Skin|[of] p1a: Garchomp\n|-damage|p2a: Blaziken|26\/100|[from] item: Life Orb\n|faint|p1a: Garchomp\n|\n|-sideend|p2: TheNorthernBlade2|move: Light Screen\n|-ability|p2a: Blaziken|Speed Boost|boost\n|-boost|p2a: Blaziken|spe|1\n|upkeep\n|c| Promii|is klefki really worth it with blaziken?\n|\n|t:|1606354977\n|switch|p1a: Ninetales|Ninetales, M|100\/100\n|-weather|SunnyDay|[from] ability: Drought|[of] p1a: Ninetales\n|turn|17\n|\n|t:|1606354982\n|move|p2a: Blaziken|Close Combat|p1a: Ninetales\n|-enditem|p1a: Ninetales|Focus Sash\n|-damage|p1a: Ninetales|1\/100\n|-unboost|p2a: Blaziken|def|1\n|-unboost|p2a: Blaziken|spd|1\n|-damage|p2a: Blaziken|16\/100|[from] item: Life Orb\n|move|p1a: Ninetales|Flamethrower|p2a: Blaziken\n|-resisted|p2a: Blaziken\n|-damage|p2a: Blaziken|0 fnt\n|faint|p2a: Blaziken\n|\n|-weather|SunnyDay|[upkeep]\n|-sideend|p2: TheNorthernBlade2|Reflect\n|upkeep\n|\n|t:|1606354985\n|switch|p2a: Dragonite|Dragonite, M|100\/100\n|turn|18\n|\n|t:|1606354990\n|move|p1a: Ninetales|Memento|p2a: Dragonite\n|-unboost|p2a: Dragonite|atk|2\n|-unboost|p2a: Dragonite|spa|2\n|faint|p1a: Ninetales\n|move|p2a: Dragonite|Dragon Dance|p2a: Dragonite\n|-boost|p2a: Dragonite|atk|1\n|-boost|p2a: Dragonite|spe|1\n|\n|-weather|SunnyDay|[upkeep]\n|upkeep\n|\n|t:|1606355000\n|switch|p1a: Cinderace|Cinderace, F|100\/100\n|turn|19\n|\n|t:|1606355006\n|move|p2a: Dragonite|Dragon Dance|p2a: Dragonite\n|-boost|p2a: Dragonite|atk|1\n|-boost|p2a: Dragonite|spe|1\n|move|p1a: Cinderace|Bulk Up|p1a: Cinderace\n|-start|p1a: Cinderace|typechange|Fighting|[from] ability: Libero\n|-boost|p1a: Cinderace|atk|1\n|-boost|p1a: Cinderace|def|1\n|\n|-weather|SunnyDay|[upkeep]\n|upkeep\n|turn|20\n|l| Promii\n|\n|t:|1606355013\n|move|p2a: Dragonite|Dragon Dance|p2a: Dragonite\n|-boost|p2a: Dragonite|atk|1\n|-boost|p2a: Dragonite|spe|1\n|move|p1a: Cinderace|Gunk Shot|p2a: Dragonite\n|-start|p1a: Cinderace|typechange|Poison|[from] ability: Libero\n|-damage|p2a: Dragonite|50\/100\n|-status|p2a: Dragonite|psn\n|\n|-weather|SunnyDay|[upkeep]\n|-damage|p2a: Dragonite|38\/100 psn|[from] psn\n|upkeep\n|turn|21\n|\n|t:|1606355034\n|move|p2a: Dragonite|Earthquake|p1a: Cinderace\n|-supereffective|p1a: Cinderace\n|-damage|p1a: Cinderace|6\/100\n|move|p1a: Cinderace|Pyro Ball|p2a: Dragonite\n|-start|p1a: Cinderace|typechange|Fire|[from] ability: Libero\n|-resisted|p2a: Dragonite\n|-damage|p2a: Dragonite|0 fnt\n|faint|p2a: Dragonite\n|\n|-weather|none\n|upkeep\n|\n|t:|1606355039\n|switch|p2a: Magearna|Magearna|100\/100\n|turn|22\n|\n|t:|1606355049\n|move|p1a: Cinderace|Pyro Ball|p2a: Magearna\n|-supereffective|p2a: Magearna\n|-damage|p2a: Magearna|0 fnt\n|faint|p2a: Magearna\n|\n|win|glaed13\n|l|\u2606glaed13\n|l| Rakkoh\n|l| Limited_Toolkit\n||Ladder (probably) updated, but score could not be retrieved (Request timeout).\n","uploadtime":1606355249,"views":8,"p1id":"glaed13","p2id":"thenorthernblade2","formatid":"gen8ou","rating":0,"private":0,"password":null}