{"id":"gen8balancedhackmons-1665073063","p1":"Tea Guzzler","p2":"Redflix","format":"gen8balancedhackmons","log":"|j|\u2606Tea Guzzler\n|j|\u2606Redflix\n|t:|1663262753\n|gametype|singles\n|player|p1|Tea Guzzler|madame|\n|player|p2|Redflix|erika|\n|teamsize|p1|6\n|teamsize|p2|6\n|gen|8\n|tier|[Gen 8] Balanced Hackmons\n|rule|OHKO Clause: OHKO moves are banned\n|rule|Evasion Moves Clause: Evasion moves are banned\n|rule|Forme Clause: Limit one of each forme of a Pok\u00e9mon\n|rule|HP Percentage Mod: HP is shown in percentages\n|rule|Dynamax Clause: You cannot dynamax\n|rule|Sleep Clause: Sleep-inducing moves are banned\n|rule|Endless Battle Clause: Forcing endless battles is banned\n|clearpoke\n|poke|p1|Regigigas|\n|poke|p1|Palkia|\n|poke|p1|Ferrothorn, F|\n|poke|p1|Xerneas-*|\n|poke|p1|Groudon|\n|poke|p1|Eternatus|\n|poke|p2|Groudon|\n|poke|p2|Ho-Oh|\n|poke|p2|Giratina|\n|poke|p2|Type: Null|\n|poke|p2|Xerneas-*|\n|poke|p2|Zamazenta-Crowned|\n|teampreview\n|inactive|Battle timer is ON: inactive players will automatically lose when time's up. (requested by Tea Guzzler)\n|c|\u2606Tea Guzzler|gl\n|j| Osake\n|c|\u2606Redflix|hf\n|c| Osake|go go rednub\n|inactive|Redflix has 270 seconds left.\n|j| mudkipbowl\n|inactive|Redflix has 240 seconds left.\n|inactive|Redflix has 210 seconds left.\n|j|+Dragonillis\n|inactive|Redflix has 180 seconds left.\n|j| Itchy \u2664 ~~\n|inactiveoff|Battle timer is now OFF.\n|j| cityscapes\n|j| Rat Tactics\n|j| Dialga del fbi\n|\n|t:|1663262897\n|start\n|switch|p1a: Groudon|Groudon|100\/100\n|switch|p2a: Type: Null|Type: Null|100\/100\n|turn|1\n|c| cityscapes|get em mister guzzler\n|\n|t:|1663262905\n|switch|p1a: Ferrothorn|Ferrothorn, F|100\/100\n|move|p2a: Type: Null|Flip Turn|p1a: Ferrothorn\n|-resisted|p1a: Ferrothorn\n|-damage|p1a: Ferrothorn|95\/100\n|\n|t:|1663262910\n|switch|p2a: Groudon|Groudon|100\/100|[from]move: Flip Turn\n|\n|-heal|p1a: Ferrothorn|100\/100|[from] item: Leftovers\n|-status|p2a: Groudon|tox|[from] item: Toxic Orb\n|upkeep\n|turn|2\n|\n|t:|1663262929\n|move|p2a: Groudon|Swords Dance|p2a: Groudon\n|-boost|p2a: Groudon|atk|2\n|move|p1a: Ferrothorn|U-turn|p2a: Groudon\n|-damage|p2a: Groudon|91\/100 tox\n|\n|t:|1663262931\n|switch|p1a: Palkia|Palkia|100\/100|[from]move: U-turn\n|\n|-heal|p2a: Groudon|100\/100 tox|[from] ability: Poison Heal\n|upkeep\n|turn|3\n|inactive|Battle timer is ON: inactive players will automatically lose when time's up. (requested by Redflix)\n|l| Rat Tactics\n|\n|t:|1663262980\n|switch|p2a: Xerneas|Xerneas|100\/100\n|move|p1a: Palkia|Fishious Rend|p2a: Xerneas\n|-damage|p2a: Xerneas|12\/100\n|\n|upkeep\n|turn|4\n|\n|t:|1663262983\n|move|p2a: Xerneas|Extreme Speed|p1a: Palkia\n|-supereffective|p1a: Palkia\n|-damage|p1a: Palkia|25\/100\n|move|p1a: Palkia|Fishious Rend|p2a: Xerneas\n|-damage|p2a: Xerneas|0 fnt\n|faint|p2a: Xerneas\n|\n|upkeep\n|\n|t:|1663262988\n|switch|p2a: Zamazenta|Zamazenta-Crowned|100\/100\n|turn|5\n|j| Rat Tactics\n|inactive|Redflix has 240 seconds left.\n|\n|t:|1663263001\n|switch|p1a: Eternatus|Eternatus|100\/100\n|move|p2a: Zamazenta|Swords Dance|p2a: Zamazenta\n|-boost|p2a: Zamazenta|atk|2\n|\n|upkeep\n|turn|6\n|inactive|Redflix has 240 seconds left.\n|c| cityscapes|aww not this bozo\n|\n|t:|1663263016\n|switch|p2a: Groudon|Groudon|100\/100 tox\n|move|p1a: Eternatus|Final Gambit|p2a: Groudon\n|-damage|p2a: Groudon|0 fnt\n|faint|p1a: Eternatus\n|faint|p2a: Groudon\n|\n|upkeep\n|\n|t:|1663263023\n|switch|p1a: Groudon|Groudon|100\/100\n|switch|p2a: Ho-Oh|Ho-Oh|100\/100\n|-weather|DesolateLand|[from] ability: Desolate Land|[of] p2a: Ho-Oh\n|turn|7\n|inactive|Redflix has 240 seconds left.\n|c| cityscapes|average\n|\n|t:|1663263040\n|move|p1a: Groudon|Glare|p2a: Ho-Oh\n|-status|p2a: Ho-Oh|par\n|move|p2a: Ho-Oh|Glacial Lance|p1a: Groudon\n|-supereffective|p1a: Groudon\n|-damage|p1a: Groudon|45\/100\n|\n|-weather|DesolateLand|[upkeep]\n|upkeep\n|turn|8\n|\n|t:|1663263045\n|move|p1a: Groudon|Shore Up|p1a: Groudon\n|-heal|p1a: Groudon|95\/100\n|move|p2a: Ho-Oh|Spikes|p1a: Groudon\n|-sidestart|p1: Tea Guzzler|Spikes\n|\n|-weather|DesolateLand|[upkeep]\n|upkeep\n|turn|9\n|\n|t:|1663263050\n|switch|p1a: Xerneas|Xerneas|100\/100\n|-weather|none\n|switch|p2a: Giratina|Giratina|100\/100\n|\n|upkeep\n|turn|10\n|\n|t:|1663263058\n|move|p1a: Xerneas|Rapid Spin|p2a: Giratina\n|-supereffective|p2a: Giratina\n|-damage|p2a: Giratina|91\/100\n|-boost|p1a: Xerneas|spe|1\n|-damage|p1a: Xerneas|84\/100|[from] item: Rocky Helmet|[of] p2a: Giratina\n|-sideend|p1: Tea Guzzler|Spikes|[from] move: Rapid Spin|[of] p1a: Xerneas\n|move|p2a: Giratina|Knock Off|p1a: Xerneas\n|-resisted|p1a: Xerneas\n|-damage|p1a: Xerneas|75\/100\n|-enditem|p1a: Xerneas|Heavy-Duty Boots|[from] move: Knock Off|[of] p2a: Giratina\n|\n|upkeep\n|turn|11\n|j|%UT@!\n|\n|t:|1663263063\n|switch|p2a: Type: Null|Type: Null|100\/100\n|move|p1a: Xerneas|Volt Switch|p2a: Type: Null\n|-damage|p2a: Type: Null|95\/100\n|j|+Greybaum\n|\n|t:|1663263065\n|switch|p1a: Regigigas|Regigigas|100\/100|[from]move: Volt Switch\n|\n|-status|p1a: Regigigas|tox|[from] item: Toxic Orb\n|upkeep\n|turn|12\n|\n|t:|1663263070\n|switch|p2a: Giratina|Giratina|91\/100\n|move|p1a: Regigigas|Nuzzle|p2a: Giratina\n|-resisted|p2a: Giratina\n|-damage|p2a: Giratina|90\/100\n|-status|p2a: Giratina|par\n|-damage|p1a: Regigigas|84\/100 tox|[from] item: Rocky Helmet|[of] p2a: Giratina\n|\n|-heal|p1a: Regigigas|96\/100 tox|[from] ability: Poison Heal\n|upkeep\n|turn|13\n|inactive|Redflix has 270 seconds left.\n|\n|t:|1663263077\n|switch|p1a: Xerneas|Xerneas|75\/100\n|switch|p2a: Type: Null|Type: Null|95\/100\n|\n|upkeep\n|turn|14\n|\n|t:|1663263080\n|move|p1a: Xerneas|Volt Switch|p2a: Type: Null\n|-damage|p2a: Type: Null|90\/100\n|\n|t:|1663263082\n|switch|p1a: Ferrothorn|Ferrothorn, F|100\/100|[from]move: Volt Switch\n|move|p2a: Type: Null|Flip Turn|p1a: Ferrothorn\n|-resisted|p1a: Ferrothorn\n|-damage|p1a: Ferrothorn|95\/100\n|\n|t:|1663263084\n|switch|p2a: Ho-Oh|Ho-Oh|100\/100 par|[from]move: Flip Turn\n|-weather|DesolateLand|[from] ability: Desolate Land|[of] p2a: Ho-Oh\n|\n|-weather|DesolateLand|[upkeep]\n|-heal|p1a: Ferrothorn|100\/100|[from] item: Leftovers\n|upkeep\n|turn|15\n|\n|t:|1663263090\n|switch|p1a: Groudon|Groudon|95\/100\n|move|p2a: Ho-Oh|V-create|p1a: Groudon|[miss]\n|-miss|p2a: Ho-Oh|p1a: Groudon\n|\n|-weather|DesolateLand|[upkeep]\n|upkeep\n|turn|16\n|c|\u2606Tea Guzzler|sry\n|c|\u2606Redflix|,\n|c|\u2606Redflix|amazing\n|\n|t:|1663263108\n|move|p1a: Groudon|Thousand Arrows|p2a: Ho-Oh\n|-damage|p2a: Ho-Oh|50\/100 par\n|-start|p2a: Ho-Oh|Smack Down\n|cant|p2a: Ho-Oh|par\n|\n|-weather|DesolateLand|[upkeep]\n|upkeep\n|turn|17\n|c|\u2606Tea Guzzler|...\n|\n|t:|1663263122\n|-weather|none\n|switch|p2a: Giratina|Giratina|90\/100 par\n|move|p1a: Groudon|Thousand Arrows|p2a: Giratina\n|-damage|p2a: Giratina|75\/100 par\n|\n|upkeep\n|turn|18\n|\n|t:|1663263129\n|switch|p1a: Ferrothorn|Ferrothorn, F|100\/100\n|switch|p2a: Ho-Oh|Ho-Oh|50\/100 par\n|-weather|DesolateLand|[from] ability: Desolate Land|[of] p2a: Ho-Oh\n|\n|-weather|DesolateLand|[upkeep]\n|upkeep\n|turn|19\n|\n|t:|1663263138\n|cant|p2a: Ho-Oh|par\n|move|p1a: Ferrothorn|U-turn|p2a: Ho-Oh\n|-resisted|p2a: Ho-Oh\n|-damage|p2a: Ho-Oh|47\/100 par\n|c|\u2606Tea Guzzler|balanced move\n|\n|t:|1663263162\n|switch|p1a: Palkia|Palkia|25\/100|[from]move: U-turn\n|\n|-weather|DesolateLand|[upkeep]\n|upkeep\n|turn|20\n|\n|t:|1663263179\n|move|p1a: Palkia|Strength Sap|p2a: Ho-Oh\n|-unboost|p2a: Ho-Oh|atk|1\n|-heal|p1a: Palkia|100\/100\n|cant|p2a: Ho-Oh|par\n|\n|-weather|DesolateLand|[upkeep]\n|upkeep\n|turn|21\n|\n|t:|1663263190\n|-weather|none\n|switch|p2a: Zamazenta|Zamazenta-Crowned|100\/100\n|move|p1a: Palkia|Dragon Energy|p2a: Zamazenta\n|-resisted|p2a: Zamazenta\n|-damage|p2a: Zamazenta|66\/100\n|\n|upkeep\n|turn|22\n|\n|t:|1663263193\n|move|p2a: Zamazenta|Swords Dance|p2a: Zamazenta\n|-boost|p2a: Zamazenta|atk|2\n|move|p1a: Palkia|Volt Switch|p2a: Zamazenta\n|-damage|p2a: Zamazenta|50\/100\n|\n|t:|1663263196\n|switch|p1a: Groudon|Groudon|95\/100|[from]move: Volt Switch\n|\n|upkeep\n|turn|23\n|\n|t:|1663263201\n|move|p1a: Groudon|Glare|p2a: Zamazenta\n|-status|p2a: Zamazenta|par\n|move|p2a: Zamazenta|Multi-Attack|p1a: Groudon\n|-damage|p1a: Groudon|0 fnt\n|faint|p1a: Groudon\n|\n|upkeep\n|\n|t:|1663263203\n|switch|p1a: Regigigas|Regigigas|96\/100 tox\n|turn|24\n|\n|t:|1663263214\n|move|p1a: Regigigas|Flip Turn|p2a: Zamazenta\n|-damage|p2a: Zamazenta|38\/100 par\n|c|\u2606Tea Guzzler|misclick\n|\n|t:|1663263217\n|switch|p1a: Xerneas|Xerneas|75\/100|[from]move: Flip Turn\n|cant|p2a: Zamazenta|par\n|\n|upkeep\n|turn|25\n|c|\u2606Redflix|and rewarded\n|c|\u2606Redflix|funny game we play\n|\n|t:|1663263232\n|switch|p2a: Type: Null|Type: Null|90\/100\n|move|p1a: Xerneas|Boomburst|p2a: Type: Null\n|-damage|p2a: Type: Null|73\/100\n|\n|upkeep\n|turn|26\n|l| Rat Tactics\n|\n|t:|1663263239\n|move|p1a: Xerneas|Boomburst|p2a: Type: Null\n|-damage|p2a: Type: Null|55\/100\n|move|p2a: Type: Null|Flip Turn|p1a: Xerneas\n|-damage|p1a: Xerneas|65\/100\n|\n|t:|1663263242\n|switch|p2a: Ho-Oh|Ho-Oh|47\/100 par|[from]move: Flip Turn\n|-weather|DesolateLand|[from] ability: Desolate Land|[of] p2a: Ho-Oh\n|\n|-weather|DesolateLand|[upkeep]\n|upkeep\n|turn|27\n|\n|t:|1663263248\n|move|p1a: Xerneas|Volt Switch|p2a: Ho-Oh\n|-supereffective|p2a: Ho-Oh\n|-damage|p2a: Ho-Oh|24\/100 par\n|\n|t:|1663263250\n|switch|p1a: Palkia|Palkia|100\/100|[from]move: Volt Switch\n|move|p2a: Ho-Oh|Spikes|p1a: Palkia\n|-sidestart|p1: Tea Guzzler|Spikes\n|\n|-weather|DesolateLand|[upkeep]\n|upkeep\n|turn|28\n|\n|t:|1663263260\n|move|p1a: Palkia|Dragon Energy|p2a: Ho-Oh\n|-damage|p2a: Ho-Oh|0 fnt\n|faint|p2a: Ho-Oh\n|-weather|none\n|\n|upkeep\n|\n|t:|1663263265\n|switch|p2a: Zamazenta|Zamazenta-Crowned|38\/100 par\n|turn|29\n|\n|t:|1663263267\n|switch|p2a: Giratina|Giratina|75\/100 par\n|move|p1a: Palkia|Fishious Rend|p2a: Giratina\n|-resisted|p2a: Giratina\n|-damage|p2a: Giratina|61\/100 par\n|-damage|p1a: Palkia|84\/100|[from] item: Rocky Helmet|[of] p2a: Giratina\n|\n|upkeep\n|turn|30\n|j| Rat Tactics\n|c| cityscapes|bh players love running the most para weak team in existence so they can complain when they lose\n|c| Dialga del fbi|A\n|c| cityscapes|see i only made that mistake once\n|l| Dialga del fbi\n|j| Dialga del fbi\n|inactive|Redflix has 270 seconds left.\n|c|+Dragonillis|or nuzzle need to be banned :]\n|c|\u2606Tea Guzzler|to be fair there was supposed to be a whole ground type\n|j| scusa da para\n|c|\u2606Redflix|atleast these players dont go into rage mode when someone beats them fair and square\n|c|\u2606Tea Guzzler|but it sort of\n|c|\u2606Tea Guzzler|exploded\n|c|\u2606Redflix|but what do i know erin\n|inactive|Redflix has 240 seconds left.\n|c| cityscapes|lol\n|c| cityscapes|welcome to bh\n|inactive|Redflix has 210 seconds left.\n|c| cityscapes|the land where nothing ever changes\n|inactive|Redflix has 180 seconds left.\n|l|scusadapara\n|l| Dialga del fbi\n|l| mudkipbowl\n|inactive|Tea Guzzler has 270 seconds left.\n|inactive|Redflix has 150 seconds left.\n|\n|t:|1663263433\n|switch|p2a: Zamazenta|Zamazenta-Crowned|38\/100 par\n|move|p1a: Palkia|Dragon Energy|p2a: Zamazenta\n|-resisted|p2a: Zamazenta\n|-damage|p2a: Zamazenta|7\/100 par\n|\n|upkeep\n|turn|31\n|\n|t:|1663263436\n|move|p1a: Palkia|Dragon Energy|p2a: Zamazenta\n|-resisted|p2a: Zamazenta\n|-damage|p2a: Zamazenta|0 fnt\n|faint|p2a: Zamazenta\n|\n|upkeep\n|\n|t:|1663263438\n|switch|p2a: Type: Null|Type: Null|55\/100\n|turn|32\n|\n|t:|1663263441\n|move|p1a: Palkia|Fishious Rend|p2a: Type: Null\n|-damage|p2a: Type: Null|0 fnt\n|faint|p2a: Type: Null\n|\n|upkeep\n|-message|Redflix forfeited.\n|\n|win|Tea Guzzler\n|c|\u2606Tea Guzzler|gg ig\n|l| Itchy \u2664 ~~\n|l| Rat Tactics\n|l|%UT\n|j| beauts\n|l|+Greybaum\n|l| Osake\n|l| beauts\n|j| palapapop\n|l| palapapop\n|l|\u2606Redflix\n|j| palapapop\n|l| palapapop\n|l|\u2606Tea Guzzler\n","uploadtime":1663263458,"views":134,"p1id":"teaguzzler","p2id":"redflix","formatid":"gen8balancedhackmons","rating":0,"private":0,"password":null}