{"id":"gen8ou-1651340304","p1":"minimax_ai","p2":"Boltreaver","format":"gen8ou","log":"|j|\u2606minimax_ai\n|j|\u203dBoltreaver\n|t:|1661806885\n|gametype|singles\n|player|p1|minimax_ai|lusamine-nihilego|1476\n|player|p2|Boltreaver|unknown|1495\n|teamsize|p1|6\n|teamsize|p2|6\n|gen|8\n|tier|[Gen 8] OU\n|rated|\n|rule|Sleep Clause Mod: Limit one foe put to sleep\n|rule|Species Clause: Limit one of each Pok\u00e9mon\n|rule|OHKO Clause: OHKO moves are banned\n|rule|Evasion Items Clause: Evasion items are banned\n|rule|Evasion Moves Clause: Evasion moves are banned\n|rule|Endless Battle Clause: Forcing endless battles is banned\n|rule|HP Percentage Mod: HP is shown in percentages\n|rule|Dynamax Clause: You cannot dynamax\n|clearpoke\n|poke|p1|Rotom-Wash|\n|poke|p1|Weavile, M|\n|poke|p1|Landorus-Therian, M|\n|poke|p1|Heatran, M|\n|poke|p1|Tangrowth, F|\n|poke|p1|Melmetal|\n|poke|p2|Kartana|\n|poke|p2|Melmetal|\n|poke|p2|Regieleki|\n|poke|p2|Blacephalon|\n|poke|p2|Landorus-Therian, M|\n|poke|p2|Tapu Fini|\n|teampreview\n|inactive|Battle timer is ON: inactive players will automatically lose when time's up. (requested by Boltreaver)\n|c|\u2606minimax_ai|hf\n|inactive|minimax_ai also wants the timer to be on.\n|\n|t:|1661806893\n|start\n|switch|p1a: Melmetal|Melmetal|100\/100\n|switch|p2a: Blacephalon|Blacephalon, shiny|100\/100\n|turn|1\n|\n|t:|1661806903\n|switch|p1a: landorustherian|Landorus-Therian, M|100\/100\n|-ability|p1a: landorustherian|Intimidate|boost\n|-unboost|p2a: Blacephalon|atk|1\n|move|p2a: Blacephalon|Shadow Ball|p1a: landorustherian\n|-damage|p1a: landorustherian|50\/100\n|-unboost|p1a: landorustherian|spd|1\n|\n|-heal|p1a: landorustherian|56\/100|[from] item: Leftovers\n|upkeep\n|turn|2\n|\n|t:|1661806906\n|switch|p1a: Melmetal|Melmetal|100\/100\n|move|p2a: Blacephalon|Shadow Ball|p1a: Melmetal\n|-damage|p1a: Melmetal|61\/100\n|\n|upkeep\n|turn|3\n|\n|t:|1661806912\n|switch|p2a: Landorus|Landorus-Therian, M|100\/100\n|-ability|p2a: Landorus|Intimidate|boost\n|-unboost|p1a: Melmetal|atk|1\n|move|p1a: Melmetal|Double Iron Bash|p2a: Landorus\n|-damage|p2a: Landorus|78\/100\n|-damage|p2a: Landorus|56\/100\n|-hitcount|p2a: Landorus|2\n|\n|-heal|p2a: Landorus|62\/100|[from] item: Leftovers\n|upkeep\n|turn|4\n|\n|t:|1661806914\n|switch|p1a: rotomwash|Rotom-Wash|100\/100\n|move|p2a: Landorus|Earthquake|p1a: rotomwash\n|-immune|p1a: rotomwash|[from] ability: Levitate\n|\n|-heal|p2a: Landorus|68\/100|[from] item: Leftovers\n|upkeep\n|turn|5\n|\n|t:|1661806918\n|switch|p2a: Tapu Fini|Tapu Fini, shiny|100\/100\n|-fieldstart|move: Misty Terrain|[from] ability: Misty Surge|[of] p2a: Tapu Fini\n|move|p1a: rotomwash|Hydro Pump|p2a: Tapu Fini\n|-resisted|p2a: Tapu Fini\n|-damage|p2a: Tapu Fini|85\/100\n|\n|-heal|p2a: Tapu Fini|91\/100|[from] item: Leftovers\n|upkeep\n|turn|6\n|\n|t:|1661806920\n|move|p1a: rotomwash|Nasty Plot|p1a: rotomwash\n|-boost|p1a: rotomwash|spa|2\n|move|p2a: Tapu Fini|Moonblast|p1a: rotomwash\n|-damage|p1a: rotomwash|69\/100\n|\n|-heal|p1a: rotomwash|75\/100|[from] item: Leftovers\n|-heal|p2a: Tapu Fini|97\/100|[from] item: Leftovers\n|upkeep\n|turn|7\n|\n|t:|1661806924\n|move|p1a: rotomwash|Thunderbolt|p2a: Tapu Fini\n|-supereffective|p2a: Tapu Fini\n|-damage|p2a: Tapu Fini|0 fnt\n|faint|p2a: Tapu Fini\n|\n|-heal|p1a: rotomwash|81\/100|[from] item: Leftovers\n|upkeep\n|\n|t:|1661806928\n|switch|p2a: Blacephalon|Blacephalon, shiny|100\/100\n|turn|8\n|\n|t:|1661806929\n|move|p2a: Blacephalon|Shadow Ball|p1a: rotomwash\n|-damage|p1a: rotomwash|5\/100\n|move|p1a: rotomwash|Hydro Pump|p2a: Blacephalon\n|-supereffective|p2a: Blacephalon\n|-damage|p2a: Blacephalon|0 fnt\n|faint|p2a: Blacephalon\n|\n|-heal|p1a: rotomwash|12\/100|[from] item: Leftovers\n|upkeep\n|\n|t:|1661806936\n|switch|p2a: Kartana|Kartana, shiny|100\/100\n|turn|9\n|\n|t:|1661806938\n|switch|p1a: Tangrowth|Tangrowth, F|100\/100\n|move|p2a: Kartana|Knock Off|p1a: Tangrowth\n|-damage|p1a: Tangrowth|76\/100\n|-damage|p2a: Kartana|84\/100|[from] item: Rocky Helmet|[of] p1a: Tangrowth\n|-enditem|p1a: Tangrowth|Rocky Helmet|[from] move: Knock Off|[of] p2a: Kartana\n|\n|-fieldend|Misty Terrain\n|upkeep\n|turn|10\n|\n|t:|1661806940\n|switch|p2a: Landorus|Landorus-Therian, M|68\/100\n|-ability|p2a: Landorus|Intimidate|boost\n|-unboost|p1a: Tangrowth|atk|1\n|switch|p1a: Melmetal|Melmetal|61\/100\n|\n|-heal|p2a: Landorus|74\/100|[from] item: Leftovers\n|upkeep\n|turn|11\n|\n|t:|1661806942\n|switch|p1a: Heatran|Heatran, M|100\/100\n|-item|p1a: Heatran|Air Balloon\n|move|p2a: Landorus|Stealth Rock|p1a: Heatran\n|-sidestart|p1: minimax_ai|move: Stealth Rock\n|\n|-heal|p2a: Landorus|80\/100|[from] item: Leftovers\n|upkeep\n|turn|12\n|\n|t:|1661806945\n|move|p1a: Heatran|Eruption|p2a: Landorus\n|-damage|p2a: Landorus|0 fnt\n|faint|p2a: Landorus\n|\n|upkeep\n|\n|t:|1661806950\n|switch|p2a: Regieleki|Regieleki|100\/100\n|turn|13\n|\n|t:|1661806952\n|move|p2a: Regieleki|Volt Switch|p1a: Heatran\n|-damage|p1a: Heatran|48\/100\n|-enditem|p1a: Heatran|Air Balloon\n|\n|t:|1661806956\n|switch|p2a: Melmetal|Melmetal|100\/100|[from]move: Volt Switch\n|move|p1a: Heatran|Magma Storm|p2a: Melmetal\n|-supereffective|p2a: Melmetal\n|-damage|p2a: Melmetal|39\/100\n|-activate|p2a: Melmetal|move: Magma Storm|[of] p1a: Heatran\n|\n|-damage|p2a: Melmetal|27\/100|[from] move: Magma Storm|[partiallytrapped]\n|upkeep\n|turn|14\n|\n|t:|1661806958\n|move|p1a: Heatran|Eruption|p2a: Melmetal\n|-supereffective|p2a: Melmetal\n|-damage|p2a: Melmetal|0 fnt\n|faint|p2a: Melmetal\n|\n|upkeep\n|\n|t:|1661806960\n|switch|p2a: Kartana|Kartana, shiny|84\/100\n|turn|15\n|\n|t:|1661806964\n|switch|p1a: Tangrowth|Tangrowth, F|100\/100\n|-damage|p1a: Tangrowth|88\/100|[from] Stealth Rock\n|move|p2a: Kartana|Sacred Sword|p1a: Tangrowth\n|-damage|p1a: Tangrowth|66\/100\n|\n|upkeep\n|turn|16\n|\n|t:|1661806968\n|switch|p1a: landorustherian|Landorus-Therian, M|56\/100\n|-damage|p1a: landorustherian|44\/100|[from] Stealth Rock\n|-ability|p1a: landorustherian|Intimidate|boost\n|-unboost|p2a: Kartana|atk|1\n|move|p2a: Kartana|Sacred Sword|p1a: landorustherian\n|-resisted|p1a: landorustherian\n|-damage|p1a: landorustherian|30\/100\n|\n|-heal|p1a: landorustherian|36\/100|[from] item: Leftovers\n|upkeep\n|turn|17\n|\n|t:|1661806971\n|switch|p2a: Regieleki|Regieleki|100\/100\n|move|p1a: landorustherian|Earthquake|p2a: Regieleki\n|-supereffective|p2a: Regieleki\n|-damage|p2a: Regieleki|0 fnt\n|faint|p2a: Regieleki\n|\n|-heal|p1a: landorustherian|42\/100|[from] item: Leftovers\n|upkeep\n|\n|t:|1661806973\n|switch|p2a: Kartana|Kartana, shiny|84\/100\n|turn|18\n|\n|t:|1661806974\n|switch|p1a: Tangrowth|Tangrowth, F|99\/100\n|-damage|p1a: Tangrowth|87\/100|[from] Stealth Rock\n|move|p2a: Kartana|Leaf Blade|p1a: Tangrowth\n|-resisted|p1a: Tangrowth\n|-damage|p1a: Tangrowth|71\/100\n|\n|upkeep\n|turn|19\n|\n|t:|1661806977\n|move|p2a: Kartana|Leaf Blade|p1a: Tangrowth\n|-resisted|p1a: Tangrowth\n|-damage|p1a: Tangrowth|55\/100\n|move|p1a: Tangrowth|Focus Blast|p2a: Kartana\n|-supereffective|p2a: Kartana\n|-crit|p2a: Kartana\n|-damage|p2a: Kartana|0 fnt\n|faint|p2a: Kartana\n|\n|win|minimax_ai\n|raw|minimax_ai's rating: 1476 &rarr; <strong>1497<\/strong><br \/>(+21 for winning)\n|raw|Boltreaver's rating: 1495 &rarr; <strong>1474<\/strong><br \/>(-21 for losing)\n|c|\u2606minimax_ai|gg\n","uploadtime":1661806978,"views":12,"p1id":"minimaxai","p2id":"boltreaver","formatid":"gen8ou","rating":1474,"private":0,"password":null}