{"id":"gen8nationaldex-1679910505","p1":"eloyaso","p2":"AlphaTherai","format":"gen8nationaldex","log":"|j|\u2606eloyaso\n|j|\u2606AlphaTherai\n|t:|1665145503\n|gametype|singles\n|player|p1|eloyaso|266|1315\n|player|p2|AlphaTherai|pokekid|1421\n|teamsize|p1|6\n|teamsize|p2|6\n|gen|8\n|tier|[Gen 8] National Dex\n|rated|\n|rule|HP Percentage Mod: HP is shown in percentages\n|rule|Endless Battle Clause: Forcing endless battles is banned\n|rule|OHKO Clause: OHKO moves are banned\n|rule|Evasion Moves Clause: Evasion moves are banned\n|rule|Species Clause: Limit one of each Pok\u00e9mon\n|rule|Dynamax Clause: You cannot dynamax\n|rule|Sleep Clause Mod: Limit one foe put to sleep\n|clearpoke\n|poke|p1|Gyarados, F|\n|poke|p1|Kommo-o, F|\n|poke|p1|Scizor, M|\n|poke|p1|Zeraora|\n|poke|p1|Ambipom, F|\n|poke|p1|Excadrill, F|\n|poke|p2|Tyranitar, F|\n|poke|p2|Excadrill, M|\n|poke|p2|Dracozolt|\n|poke|p2|Corviknight, M|\n|poke|p2|Ferrothorn, F|\n|poke|p2|Blissey, F|\n|teampreview\n|inactive|Battle timer is ON: inactive players will automatically lose when time's up. (requested by AlphaTherai)\n|\n|t:|1665145526\n|start\n|switch|p1a: Ambipom|Ambipom, F|100\/100\n|switch|p2a: Corviknight|Corviknight, M|100\/100\n|-ability|p2a: Corviknight|Pressure\n|turn|1\n|\n|t:|1665145534\n|move|p1a: Ambipom|Fake Out|p2a: Corviknight\n|-resisted|p2a: Corviknight\n|-damage|p2a: Corviknight|91\/100\n|cant|p2a: Corviknight|flinch\n|\n|-heal|p2a: Corviknight|98\/100|[from] item: Leftovers\n|upkeep\n|turn|2\n|\n|t:|1665145541\n|switch|p1a: Kommo-o|Kommo-o, F|100\/100\n|move|p2a: Corviknight|U-turn|p1a: Kommo-o\n|-resisted|p1a: Kommo-o\n|-damage|p1a: Kommo-o|93\/100\n|\n|t:|1665145547\n|switch|p2a: Excadrill|Excadrill, M|100\/100|[from]move: U-turn\n|\n|upkeep\n|turn|3\n|\n|t:|1665145555\n|move|p1a: Kommo-o|Flamethrower|p2a: Excadrill\n|-supereffective|p2a: Excadrill\n|-damage|p2a: Excadrill|35\/100\n|move|p2a: Excadrill|Earthquake|p1a: Kommo-o\n|-damage|p1a: Kommo-o|31\/100\n|\n|upkeep\n|turn|4\n|\n|t:|1665145561\n|switch|p2a: Corviknight|Corviknight, M|98\/100\n|-ability|p2a: Corviknight|Pressure\n|move|p1a: Kommo-o|Flamethrower|p2a: Corviknight\n|-supereffective|p2a: Corviknight\n|-damage|p2a: Corviknight|42\/100\n|\n|-heal|p2a: Corviknight|48\/100|[from] item: Leftovers\n|upkeep\n|turn|5\n|\n|t:|1665145577\n|switch|p2a: Tyranitar|Tyranitar, F|100\/100\n|-weather|Sandstorm|[from] ability: Sand Stream|[of] p2a: Tyranitar\n|move|p1a: Kommo-o|Flamethrower|p2a: Tyranitar\n|-resisted|p2a: Tyranitar\n|-damage|p2a: Tyranitar|94\/100\n|\n|-weather|Sandstorm|[upkeep]\n|-damage|p1a: Kommo-o|25\/100|[from] Sandstorm\n|upkeep\n|turn|6\n|\n|t:|1665145585\n|switch|p2a: Dracozolt|Dracozolt|100\/100\n|move|p1a: Kommo-o|Aura Sphere|p2a: Dracozolt\n|-damage|p2a: Dracozolt|45\/100\n|\n|-weather|Sandstorm|[upkeep]\n|-damage|p1a: Kommo-o|19\/100|[from] Sandstorm\n|-heal|p2a: Dracozolt|51\/100|[from] item: Leftovers\n|upkeep\n|turn|7\n|\n|t:|1665145597\n|move|p2a: Dracozolt|Substitute|p2a: Dracozolt\n|-start|p2a: Dracozolt|Substitute\n|-damage|p2a: Dracozolt|26\/100\n|move|p1a: Kommo-o|Aura Sphere|p2a: Dracozolt\n|-end|p2a: Dracozolt|Substitute\n|\n|-weather|Sandstorm|[upkeep]\n|-damage|p1a: Kommo-o|13\/100|[from] Sandstorm\n|-heal|p2a: Dracozolt|33\/100|[from] item: Leftovers\n|upkeep\n|turn|8\n|\n|t:|1665145605\n|move|p2a: Dracozolt|Dragon Claw|p1a: Kommo-o\n|-supereffective|p1a: Kommo-o\n|-damage|p1a: Kommo-o|0 fnt\n|faint|p1a: Kommo-o\n|\n|-weather|Sandstorm|[upkeep]\n|-heal|p2a: Dracozolt|39\/100|[from] item: Leftovers\n|upkeep\n|\n|t:|1665145629\n|switch|p1a: Excadrill|Excadrill, F|100\/100\n|-ability|p1a: Excadrill|Mold Breaker\n|turn|9\n|\n|t:|1665145636\n|switch|p2a: Corviknight|Corviknight, M|48\/100\n|-ability|p2a: Corviknight|Pressure\n|move|p1a: Excadrill|Earthquake|p2a: Corviknight\n|-immune|p2a: Corviknight\n|\n|-weather|none\n|-heal|p2a: Corviknight|55\/100|[from] item: Leftovers\n|upkeep\n|turn|10\n|\n|t:|1665145647\n|switch|p1a: Zeraora|Zeraora|100\/100\n|move|p2a: Corviknight|Roost|p2a: Corviknight\n|-heal|p2a: Corviknight|100\/100\n|-singleturn|p2a: Corviknight|move: Roost\n|\n|upkeep\n|turn|11\n|\n|t:|1665145658\n|switch|p2a: Tyranitar|Tyranitar, F|94\/100\n|-weather|Sandstorm|[from] ability: Sand Stream|[of] p2a: Tyranitar\n|move|p1a: Zeraora|Plasma Fists|p2a: Tyranitar\n|-damage|p2a: Tyranitar|56\/100\n|-fieldactivate|move: Ion Deluge\n|-hint|Normal-type moves become Electric-type after using Plasma Fists.\n|-damage|p1a: Zeraora|91\/100|[from] item: Life Orb\n|\n|-weather|Sandstorm|[upkeep]\n|-damage|p1a: Zeraora|85\/100|[from] Sandstorm\n|upkeep\n|turn|12\n|\n|t:|1665145669\n|switch|p2a: Corviknight|Corviknight, M|100\/100\n|-ability|p2a: Corviknight|Pressure\n|move|p1a: Zeraora|Drain Punch|p2a: Corviknight\n|-damage|p2a: Corviknight|81\/100\n|-heal|p1a: Zeraora|97\/100|[from] drain|[of] p2a: Corviknight\n|-damage|p1a: Zeraora|87\/100|[from] item: Life Orb\n|\n|-weather|Sandstorm|[upkeep]\n|-damage|p1a: Zeraora|81\/100|[from] Sandstorm\n|-heal|p2a: Corviknight|87\/100|[from] item: Leftovers\n|upkeep\n|turn|13\n|\n|t:|1665145681\n|switch|p2a: Ferrothorn|Ferrothorn, F|100\/100\n|move|p1a: Zeraora|Blaze Kick|p2a: Ferrothorn\n|-supereffective|p2a: Ferrothorn\n|-damage|p2a: Ferrothorn|0 fnt\n|-damage|p1a: Zeraora|69\/100|[from] ability: Iron Barbs|[of] p2a: Ferrothorn\n|faint|p2a: Ferrothorn\n|-damage|p1a: Zeraora|59\/100|[from] item: Life Orb\n|\n|-weather|Sandstorm|[upkeep]\n|-damage|p1a: Zeraora|53\/100|[from] Sandstorm\n|upkeep\n|\n|t:|1665145689\n|switch|p2a: Dracozolt|Dracozolt|39\/100\n|turn|14\n|\n|t:|1665145696\n|move|p2a: Dracozolt|Substitute|p2a: Dracozolt\n|-start|p2a: Dracozolt|Substitute\n|-damage|p2a: Dracozolt|14\/100\n|move|p1a: Zeraora|Play Rough|p2a: Dracozolt\n|-supereffective|p2a: Dracozolt\n|-end|p2a: Dracozolt|Substitute\n|-damage|p1a: Zeraora|43\/100|[from] item: Life Orb\n|\n|-weather|Sandstorm|[upkeep]\n|-damage|p1a: Zeraora|37\/100|[from] Sandstorm\n|-heal|p2a: Dracozolt|20\/100|[from] item: Leftovers\n|upkeep\n|turn|15\n|\n|t:|1665145708\n|move|p2a: Dracozolt|Dragon Claw|p1a: Zeraora\n|-damage|p1a: Zeraora|0 fnt\n|faint|p1a: Zeraora\n|\n|-weather|none\n|-heal|p2a: Dracozolt|26\/100|[from] item: Leftovers\n|upkeep\n|\n|t:|1665145731\n|switch|p1a: Gyarados|Gyarados, F|100\/100\n|-ability|p1a: Gyarados|Intimidate|boost\n|-unboost|p2a: Dracozolt|atk|1\n|turn|16\n|inactive|eloyaso has 120 seconds left.\n|\n|t:|1665145770\n|switch|p2a: Tyranitar|Tyranitar, F|56\/100\n|-weather|Sandstorm|[from] ability: Sand Stream|[of] p2a: Tyranitar\n|move|p1a: Gyarados|Waterfall|p2a: Tyranitar\n|-supereffective|p2a: Tyranitar\n|-damage|p2a: Tyranitar|0 fnt\n|faint|p2a: Tyranitar\n|\n|-weather|Sandstorm|[upkeep]\n|-damage|p1a: Gyarados|94\/100|[from] Sandstorm\n|-heal|p1a: Gyarados|100\/100|[from] item: Leftovers\n|upkeep\n|\n|t:|1665145774\n|switch|p2a: Dracozolt|Dracozolt|26\/100\n|turn|17\n|\n|t:|1665145786\n|move|p2a: Dracozolt|Bolt Beak|p1a: Gyarados\n|-supereffective|p1a: Gyarados\n|-damage|p1a: Gyarados|0 fnt\n|faint|p1a: Gyarados\n|\n|-weather|Sandstorm|[upkeep]\n|-heal|p2a: Dracozolt|33\/100|[from] item: Leftovers\n|upkeep\n|\n|t:|1665145793\n|switch|p1a: Scizor|Scizor, M|100\/100\n|turn|18\n|\n|t:|1665145798\n|detailschange|p1a: Scizor|Scizor-Mega, M\n|-mega|p1a: Scizor|Scizor|Scizorite\n|move|p1a: Scizor|Bullet Punch|p2a: Dracozolt\n|-resisted|p2a: Dracozolt\n|-damage|p2a: Dracozolt|10\/100\n|move|p2a: Dracozolt|Fire Blast|p1a: Scizor\n|-supereffective|p1a: Scizor\n|-damage|p1a: Scizor|20\/100\n|\n|-weather|Sandstorm|[upkeep]\n|-heal|p2a: Dracozolt|17\/100|[from] item: Leftovers\n|upkeep\n|turn|19\n|\n|t:|1665145808\n|move|p1a: Scizor|Bullet Punch|p2a: Dracozolt\n|-resisted|p2a: Dracozolt\n|-damage|p2a: Dracozolt|0 fnt\n|faint|p2a: Dracozolt\n|\n|-weather|Sandstorm|[upkeep]\n|upkeep\n|\n|t:|1665145810\n|switch|p2a: Excadrill|Excadrill, M|35\/100\n|turn|20\n|\n|t:|1665145817\n|move|p1a: Scizor|Bullet Punch|p2a: Excadrill\n|-resisted|p2a: Excadrill\n|-damage|p2a: Excadrill|5\/100\n|move|p2a: Excadrill|Earthquake|p1a: Scizor\n|-crit|p1a: Scizor\n|-damage|p1a: Scizor|0 fnt\n|faint|p1a: Scizor\n|\n|-weather|none\n|upkeep\n|\n|t:|1665145826\n|switch|p1a: Ambipom|Ambipom, F|100\/100\n|turn|21\n|\n|t:|1665145829\n|switch|p2a: Corviknight|Corviknight, M|87\/100\n|-ability|p2a: Corviknight|Pressure\n|move|p1a: Ambipom|Fake Out|p2a: Corviknight\n|-resisted|p2a: Corviknight\n|-damage|p2a: Corviknight|79\/100\n|\n|-heal|p2a: Corviknight|85\/100|[from] item: Leftovers\n|upkeep\n|turn|22\n|\n|t:|1665145839\n|move|p1a: Ambipom|Knock Off|p2a: Corviknight\n|-damage|p2a: Corviknight|67\/100\n|-enditem|p2a: Corviknight|Leftovers|[from] move: Knock Off|[of] p1a: Ambipom\n|move|p2a: Corviknight|Brave Bird|p1a: Ambipom\n|-damage|p1a: Ambipom|43\/100\n|-damage|p2a: Corviknight|53\/100|[from] Recoil\n|\n|upkeep\n|turn|23\n|\n|t:|1665145846\n|move|p1a: Ambipom|Double Hit|p2a: Corviknight\n|-resisted|p2a: Corviknight\n|-damage|p2a: Corviknight|44\/100\n|-resisted|p2a: Corviknight\n|-damage|p2a: Corviknight|36\/100\n|-hitcount|p2a: Corviknight|2\n|move|p2a: Corviknight|Roost|p2a: Corviknight\n|-heal|p2a: Corviknight|86\/100\n|-singleturn|p2a: Corviknight|move: Roost\n|\n|upkeep\n|turn|24\n|\n|t:|1665145856\n|move|p1a: Ambipom|Double Hit|p2a: Corviknight\n|-resisted|p2a: Corviknight\n|-damage|p2a: Corviknight|78\/100\n|-resisted|p2a: Corviknight\n|-damage|p2a: Corviknight|70\/100\n|-hitcount|p2a: Corviknight|2\n|move|p2a: Corviknight|Brave Bird|p1a: Ambipom\n|-crit|p1a: Ambipom\n|-damage|p1a: Ambipom|0 fnt\n|faint|p1a: Ambipom\n|-damage|p2a: Corviknight|59\/100|[from] Recoil\n|\n|upkeep\n|\n|t:|1665145868\n|switch|p1a: Excadrill|Excadrill, F|100\/100\n|-ability|p1a: Excadrill|Mold Breaker\n|turn|25\n|\n|t:|1665145873\n|move|p1a: Excadrill|Rock Slide|p2a: Corviknight\n|-damage|p2a: Corviknight|43\/100\n|cant|p2a: Corviknight|flinch\n|\n|upkeep\n|turn|26\n|\n|t:|1665145878\n|move|p1a: Excadrill|Rock Slide|p2a: Corviknight\n|-damage|p2a: Corviknight|27\/100\n|cant|p2a: Corviknight|flinch\n|\n|upkeep\n|turn|27\n|\n|t:|1665145883\n|move|p1a: Excadrill|Rock Slide|p2a: Corviknight\n|-damage|p2a: Corviknight|10\/100\n|cant|p2a: Corviknight|flinch\n|\n|upkeep\n|turn|28\n|\n|t:|1665145888\n|move|p1a: Excadrill|Rock Slide|p2a: Corviknight|[miss]\n|-miss|p1a: Excadrill|p2a: Corviknight\n|move|p2a: Corviknight|Roost|p2a: Corviknight\n|-heal|p2a: Corviknight|60\/100\n|-singleturn|p2a: Corviknight|move: Roost\n|\n|upkeep\n|turn|29\n|c|\u2606AlphaTherai|HAHAHAHAHAHAHAHAHAHA\n|-message|eloyaso forfeited.\n|\n|win|AlphaTherai\n|raw|eloyaso's rating: 1315 &rarr; <strong>1301<\/strong><br \/>(-14 for losing)\n|raw|AlphaTherai's rating: 1421 &rarr; <strong>1435<\/strong><br \/>(+14 for winning)\n|l|\u2606eloyaso\n||Ladder isn't responding, score probably updated but might not have (Request timeout).\n","uploadtime":1665145903,"views":3,"p1id":"eloyaso","p2id":"alphatherai","formatid":"gen8nationaldex","rating":1301,"private":0,"password":null}