{"id":"gen8ou-1143059878","p1":"Newbie_Meta99","p2":"Trogba Trogba","format":"gen8ou","log":"|j|\u2606Newbie_Meta99\n|j|\u2606Trogba Trogba\n|player|p1|Newbie_Meta99|colress|1502\n|player|p2|Trogba Trogba|lance|1459\n|teamsize|p1|6\n|teamsize|p2|6\n|gametype|singles\n|gen|8\n|tier|[Gen 8] OU\n|rated|\n|clearpoke\n|poke|p1|Urshifu-*, M|\n|poke|p1|Haxorus, M|\n|poke|p1|Marowak-Alola, M|\n|poke|p1|Tangrowth, F|\n|poke|p1|Magearna|\n|poke|p1|Tentacruel, M|\n|poke|p2|Pelipper, M|\n|poke|p2|Clefable, M|\n|poke|p2|Barraskewda, M|\n|poke|p2|Kingdra, M|\n|poke|p2|Tangrowth, M|\n|poke|p2|Magearna|\n|rule|Sleep Clause Mod: Limit one foe put to sleep\n|rule|Species Clause: Limit one of each Pok\u00e9mon\n|rule|OHKO Clause: OHKO moves are banned\n|rule|Evasion Moves Clause: Evasion moves are banned\n|rule|Endless Battle Clause: Forcing endless battles is banned\n|rule|HP Percentage Mod: HP is shown in percentages\n|rule|Dynamax Clause: You cannot dynamax\n|teampreview\n|inactive|Battle timer is ON: inactive players will automatically lose when time's up. (requested by Newbie_Meta99)\n|\n|start\n|switch|p1a: Iron Maiden|Magearna|100\/100\n|switch|p2a: Pelipper|Pelipper, M|100\/100\n|-weather|RainDance|[from] ability: Drizzle|[of] p2a: Pelipper\n|turn|1\n|\n|switch|p2a: Clefable|Clefable, M|100\/100\n|move|p1a: Iron Maiden|Volt Switch|p2a: Clefable\n|-damage|p2a: Clefable|87\/100\n|\n|switch|p1a: Tangles|Tangrowth, F, shiny|100\/100|[from]move: Volt Switch\n|\n|-weather|RainDance|[upkeep]\n|-heal|p2a: Clefable|93\/100|[from] item: Leftovers\n|upkeep\n|turn|2\n|\n|move|p2a: Clefable|Moonblast|p1a: Tangles\n|-damage|p1a: Tangles|52\/100\n|move|p1a: Tangles|Sleep Powder|p2a: Clefable\n|-status|p2a: Clefable|slp|[from] move: Sleep Powder\n|\n|-weather|RainDance|[upkeep]\n|-heal|p2a: Clefable|99\/100 slp|[from] item: Leftovers\n|upkeep\n|turn|3\n|\n|switch|p2a: Kingdra|Kingdra, M|100\/100\n|move|p1a: Tangles|Knock Off|p2a: Kingdra\n|-damage|p2a: Kingdra|71\/100\n|-enditem|p2a: Kingdra|Choice Specs|[from] move: Knock Off|[of] p1a: Tangles\n|\n|-weather|RainDance|[upkeep]\n|upkeep\n|turn|4\n|\n|switch|p1a: Iron Maiden|Magearna|100\/100\n|move|p2a: Kingdra|Hurricane|p1a: Iron Maiden\n|-resisted|p1a: Iron Maiden\n|-damage|p1a: Iron Maiden|94\/100\n|\n|-weather|RainDance|[upkeep]\n|upkeep\n|turn|5\n|\n|move|p2a: Kingdra|Flip Turn|p1a: Iron Maiden\n|-damage|p1a: Iron Maiden|69\/100\n|\n|switch|p2a: Clefable|Clefable, M|99\/100 slp|[from]move: Flip Turn\n|move|p1a: Iron Maiden|Flash Cannon|p2a: Clefable\n|-supereffective|p2a: Clefable\n|-damage|p2a: Clefable|50\/100 slp\n|\n|-weather|RainDance|[upkeep]\n|-heal|p2a: Clefable|56\/100 slp|[from] item: Leftovers\n|upkeep\n|turn|6\n|\n|move|p1a: Iron Maiden|Flash Cannon|p2a: Clefable\n|-supereffective|p2a: Clefable\n|-damage|p2a: Clefable|7\/100 slp\n|cant|p2a: Clefable|slp\n|\n|-weather|RainDance|[upkeep]\n|-heal|p2a: Clefable|13\/100 slp|[from] item: Leftovers\n|upkeep\n|turn|7\n|\n|-curestatus|p2a: Clefable|slp|[msg]\n|move|p2a: Clefable|Protect|p2a: Clefable\n|-singleturn|p2a: Clefable|Protect\n|move|p1a: Iron Maiden|Flash Cannon|p2a: Clefable\n|-activate|p2a: Clefable|move: Protect\n|\n|-weather|RainDance|[upkeep]\n|-heal|p2a: Clefable|19\/100|[from] item: Leftovers\n|upkeep\n|turn|8\n|\n|move|p1a: Iron Maiden|Flash Cannon|p2a: Clefable\n|-supereffective|p2a: Clefable\n|-damage|p2a: Clefable|0 fnt\n|faint|p2a: Clefable\n|-ability|p1a: Iron Maiden|Soul-Heart|boost\n|-boost|p1a: Iron Maiden|spa|1\n|\n|-weather|none\n|upkeep\n|\n|switch|p2a: Pelipper|Pelipper, M|100\/100\n|-weather|RainDance|[from] ability: Drizzle|[of] p2a: Pelipper\n|turn|9\n|\n|switch|p2a: Tangrowth|Tangrowth, M|100\/100\n|move|p1a: Iron Maiden|Flash Cannon|p2a: Tangrowth\n|-damage|p2a: Tangrowth|23\/100\n|-unboost|p2a: Tangrowth|spd|1\n|\n|-weather|RainDance|[upkeep]\n|upkeep\n|turn|10\n|\n|move|p1a: Iron Maiden|Draining Kiss|p2a: Tangrowth\n|-damage|p2a: Tangrowth|0 fnt\n|-heal|p1a: Iron Maiden|88\/100|[from] drain|[of] p2a: Tangrowth\n|-damage|p1a: Iron Maiden|71\/100|[from] item: Rocky Helmet|[of] p2a: Tangrowth\n|faint|p2a: Tangrowth\n|-ability|p1a: Iron Maiden|Soul-Heart|boost\n|-boost|p1a: Iron Maiden|spa|1\n|\n|-weather|RainDance|[upkeep]\n|upkeep\n|\n|switch|p2a: Barraskewda|Barraskewda, M|100\/100\n|turn|11\n|\n|switch|p1a: Tangles|Tangrowth, F, shiny|85\/100\n|move|p2a: Barraskewda|Liquidation|p1a: Tangles\n|-resisted|p1a: Tangles\n|-damage|p1a: Tangles|58\/100\n|-damage|p2a: Barraskewda|84\/100|[from] item: Rocky Helmet|[of] p1a: Tangles\n|\n|-weather|RainDance|[upkeep]\n|upkeep\n|turn|12\n|\n|switch|p2a: Kingdra|Kingdra, M|71\/100\n|move|p1a: Tangles|Sleep Powder|p2a: Kingdra\n|-status|p2a: Kingdra|slp|[from] move: Sleep Powder\n|\n|-weather|RainDance|[upkeep]\n|upkeep\n|turn|13\n|\n|cant|p2a: Kingdra|slp\n|move|p1a: Tangles|Giga Drain|p2a: Kingdra\n|-damage|p2a: Kingdra|39\/100 slp\n|-heal|p1a: Tangles|70\/100|[from] drain|[of] p2a: Kingdra\n|\n|-weather|RainDance|[upkeep]\n|upkeep\n|turn|14\n|\n|switch|p1a: Iron Maiden|Magearna|71\/100\n|cant|p2a: Kingdra|slp\n|\n|-weather|RainDance|[upkeep]\n|upkeep\n|turn|15\n|\n|-curestatus|p2a: Kingdra|slp|[msg]\n|move|p2a: Kingdra|Hydro Pump|p1a: Iron Maiden\n|-damage|p1a: Iron Maiden|42\/100\n|move|p1a: Iron Maiden|Draining Kiss|p2a: Kingdra\n|-supereffective|p2a: Kingdra\n|-damage|p2a: Kingdra|0 fnt\n|-heal|p1a: Iron Maiden|65\/100|[from] drain|[of] p2a: Kingdra\n|faint|p2a: Kingdra\n|-ability|p1a: Iron Maiden|Soul-Heart|boost\n|-boost|p1a: Iron Maiden|spa|1\n|\n|-weather|RainDance|[upkeep]\n|upkeep\n|\n|switch|p2a: Barraskewda|Barraskewda, M|84\/100\n|turn|16\n|\n|switch|p1a: Jelly Jam|Tentacruel, M, shiny|100\/100\n|move|p2a: Barraskewda|Flip Turn|p1a: Jelly Jam\n|-resisted|p1a: Jelly Jam\n|-damage|p1a: Jelly Jam|66\/100\n|\n|switch|p2a: Magearna|Magearna|100\/100|[from]move: Flip Turn\n|\n|-weather|none\n|-heal|p1a: Jelly Jam|72\/100|[from] item: Black Sludge\n|upkeep\n|turn|17\n|\n|switch|p1a: Sans|Marowak-Alola, M, shiny|100\/100\n|move|p2a: Magearna|Calm Mind|p2a: Magearna\n|-boost|p2a: Magearna|spa|1\n|-boost|p2a: Magearna|spd|1\n|\n|upkeep\n|turn|18\n|\n|switch|p2a: Pelipper|Pelipper, M|100\/100\n|-weather|RainDance|[from] ability: Drizzle|[of] p2a: Pelipper\n|move|p1a: Sans|Bonemerang|p2a: Pelipper\n|-immune|p2a: Pelipper\n|\n|-weather|RainDance|[upkeep]\n|upkeep\n|turn|19\n|\n|switch|p1a: Iron Maiden|Magearna|65\/100\n|move|p2a: Pelipper|Scald|p1a: Iron Maiden\n|-damage|p1a: Iron Maiden|49\/100\n|\n|-weather|RainDance|[upkeep]\n|upkeep\n|turn|20\n|\n|move|p2a: Pelipper|Scald|p1a: Iron Maiden\n|-damage|p1a: Iron Maiden|32\/100\n|move|p1a: Iron Maiden|Volt Switch|p2a: Pelipper\n|-supereffective|p2a: Pelipper\n|-damage|p2a: Pelipper|0 fnt\n|faint|p2a: Pelipper\n|-ability|p1a: Iron Maiden|Soul-Heart|boost\n|-boost|p1a: Iron Maiden|spa|1\n|\n|switch|p1a: Tangles|Tangrowth, F, shiny|100\/100|[from]move: Volt Switch\n|\n|-weather|RainDance|[upkeep]\n|upkeep\n|\n|switch|p2a: Magearna|Magearna|100\/100\n|turn|21\n|\n|switch|p2a: Barraskewda|Barraskewda, M|84\/100\n|move|p1a: Tangles|Sleep Powder|p2a: Barraskewda\n|-status|p2a: Barraskewda|slp|[from] move: Sleep Powder\n|\n|-weather|RainDance|[upkeep]\n|upkeep\n|turn|22\n|\n|switch|p2a: Magearna|Magearna|100\/100\n|move|p1a: Tangles|Giga Drain|p2a: Magearna\n|-resisted|p2a: Magearna\n|-damage|p2a: Magearna|90\/100\n|\n|-weather|RainDance|[upkeep]\n|-heal|p2a: Magearna|96\/100|[from] item: Leftovers\n|upkeep\n|turn|23\n|\n|move|p2a: Magearna|Calm Mind|p2a: Magearna\n|-boost|p2a: Magearna|spa|1\n|-boost|p2a: Magearna|spd|1\n|move|p1a: Tangles|Knock Off|p2a: Magearna\n|-resisted|p2a: Magearna\n|-crit|p2a: Magearna\n|-damage|p2a: Magearna|86\/100\n|-enditem|p2a: Magearna|Leftovers|[from] move: Knock Off|[of] p1a: Tangles\n|\n|-weather|RainDance|[upkeep]\n|upkeep\n|turn|24\n|\n|move|p2a: Magearna|Iron Defense|p2a: Magearna\n|-boost|p2a: Magearna|def|2\n|move|p1a: Tangles|Earthquake|p2a: Magearna\n|-supereffective|p2a: Magearna\n|-damage|p2a: Magearna|72\/100\n|\n|-weather|RainDance|[upkeep]\n|upkeep\n|turn|25\n|c|\u2606Trogba Trogba|is this emvee's team with haxorus instead of flygon\n|inactive|Trogba Trogba has 120 seconds left.\n|c|\u2606Newbie_Meta99|No\n|\n|move|p2a: Magearna|Calm Mind|p2a: Magearna\n|-boost|p2a: Magearna|spa|1\n|-boost|p2a: Magearna|spd|1\n|move|p1a: Tangles|Earthquake|p2a: Magearna\n|-supereffective|p2a: Magearna\n|-damage|p2a: Magearna|58\/100\n|\n|-weather|none\n|upkeep\n|turn|26\n|\n|move|p2a: Magearna|Draining Kiss|p1a: Tangles\n|-damage|p1a: Tangles|39\/100\n|-heal|p2a: Magearna|100\/100|[from] drain|[of] p1a: Tangles\n|-damage|p2a: Magearna|84\/100|[from] item: Rocky Helmet|[of] p1a: Tangles\n|move|p1a: Tangles|Earthquake|p2a: Magearna\n|-supereffective|p2a: Magearna\n|-damage|p2a: Magearna|70\/100\n|\n|upkeep\n|turn|27\n|\n|switch|p1a: Jelly Jam|Tentacruel, M, shiny|72\/100\n|move|p2a: Magearna|Draining Kiss|p1a: Jelly Jam\n|-resisted|p1a: Jelly Jam\n|-damage|p1a: Jelly Jam|56\/100\n|-heal|p2a: Magearna|83\/100|[from] drain|[of] p1a: Jelly Jam\n|\n|-heal|p1a: Jelly Jam|62\/100|[from] item: Black Sludge\n|upkeep\n|turn|28\n|\n|move|p1a: Jelly Jam|Haze|p1a: Jelly Jam\n|-clearallboost\n|move|p2a: Magearna|Stored Power|p1a: Jelly Jam\n|-supereffective|p1a: Jelly Jam\n|-damage|p1a: Jelly Jam|52\/100\n|\n|-heal|p1a: Jelly Jam|58\/100|[from] item: Black Sludge\n|upkeep\n|turn|29\n|\n|switch|p2a: Barraskewda|Barraskewda, M|84\/100 slp\n|move|p1a: Jelly Jam|Scald|p2a: Barraskewda\n|-resisted|p2a: Barraskewda\n|-damage|p2a: Barraskewda|60\/100 slp\n|\n|-heal|p1a: Jelly Jam|64\/100|[from] item: Black Sludge\n|upkeep\n|turn|30\n|\n|cant|p2a: Barraskewda|slp\n|move|p1a: Jelly Jam|Sludge Wave|p2a: Barraskewda\n|-damage|p2a: Barraskewda|1\/100 slp\n|\n|-heal|p1a: Jelly Jam|70\/100|[from] item: Black Sludge\n|upkeep\n|turn|31\n|\n|cant|p2a: Barraskewda|slp\n|move|p1a: Jelly Jam|Sludge Wave|p2a: Barraskewda\n|-damage|p2a: Barraskewda|0 fnt\n|faint|p2a: Barraskewda\n|\n|-heal|p1a: Jelly Jam|77\/100|[from] item: Black Sludge\n|upkeep\n|-message|Trogba Trogba forfeited.\n|\n|win|Newbie_Meta99\n|c|\u2606Newbie_Meta99|GG\n|raw|Newbie_Meta99's rating: 1480 &rarr; <strong>1497<\/strong><br \/>(+17 for winning)\n|raw|Trogba Trogba's rating: 1442 &rarr; <strong>1424<\/strong><br \/>(-18 for losing)\n","uploadtime":1593594559,"views":20,"p1id":"newbiemeta99","p2id":"trogbatrogba","formatid":"gen8ou","rating":1424,"private":0,"password":null}