{"id":"gen8nationaldex-1669930193","p1":"Ferrothornail\u8349\u94a2\u7532","p2":"Toon_13_Test","format":"gen8nationaldex","log":"|j|\u2606Ferrothornail\u8349\u94a2\u7532\n|j|\u2606Toon_13_Test\n|t:|1664113064\n|gametype|singles\n|player|p1|Ferrothornail\u8349\u94a2\u7532|lillie|1501\n|player|p2|Toon_13_Test|lyra|1508\n|teamsize|p1|6\n|teamsize|p2|6\n|gen|8\n|tier|[Gen 8] National Dex\n|rated|\n|rule|HP Percentage Mod: HP is shown in percentages\n|rule|Endless Battle Clause: Forcing endless battles is banned\n|rule|OHKO Clause: OHKO moves are banned\n|rule|Evasion Moves Clause: Evasion moves are banned\n|rule|Species Clause: Limit one of each Pok\u00e9mon\n|rule|Dynamax Clause: You cannot dynamax\n|rule|Sleep Clause Mod: Limit one foe put to sleep\n|clearpoke\n|poke|p1|Lopunny, F|\n|poke|p1|Celesteela|\n|poke|p1|Mew|\n|poke|p1|Toxapex, M|\n|poke|p1|Tapu Bulu|\n|poke|p1|Garchomp, F|\n|poke|p2|Meloetta|\n|poke|p2|Tapu Fini|\n|poke|p2|Jirachi|\n|poke|p2|Vikavolt, F|\n|poke|p2|Garchomp, F|\n|poke|p2|Mew|\n|teampreview\n|\n|t:|1664113074\n|start\n|switch|p1a: Lopunny|Lopunny, F|100\/100\n|switch|p2a: Jirachi|Jirachi|100\/100\n|turn|1\n|\n|t:|1664113080\n|detailschange|p1a: Lopunny|Lopunny-Mega, F\n|-mega|p1a: Lopunny|Lopunny|Lopunnite\n|move|p2a: Jirachi|Protect|p2a: Jirachi\n|-singleturn|p2a: Jirachi|Protect\n|move|p1a: Lopunny|Fake Out|p2a: Jirachi\n|-activate|p2a: Jirachi|move: Protect\n|\n|upkeep\n|turn|2\n|\n|t:|1664113089\n|switch|p1a: Mew|Mew|100\/100\n|move|p2a: Jirachi|Doom Desire|p1a: Mew\n|-start|p2a: Jirachi|Doom Desire\n|\n|upkeep\n|turn|3\n|\n|t:|1664113094\n|move|p1a: Mew|Will-O-Wisp|p2a: Jirachi\n|-status|p2a: Jirachi|brn\n|move|p2a: Jirachi|U-turn|p1a: Mew\n|-supereffective|p1a: Mew\n|-damage|p1a: Mew|92\/100\n|\n|t:|1664113102\n|switch|p2a: Mew|Mew|100\/100|[from]move: U-turn\n|\n|upkeep\n|turn|4\n|\n|t:|1664113108\n|switch|p1a: Celesteela|Celesteela|100\/100\n|move|p2a: Mew|Spikes|p1a: Celesteela\n|-sidestart|p1: Ferrothornail\u8349\u94a2\u7532|Spikes\n|\n|-end|p1a: Celesteela|move: Doom Desire\n|-resisted|p1a: Celesteela\n|-damage|p1a: Celesteela|85\/100\n|-heal|p1a: Celesteela|91\/100|[from] item: Leftovers\n|upkeep\n|turn|5\n|\n|t:|1664113120\n|switch|p2a: Vikavolt|Vikavolt, F|100\/100\n|move|p1a: Celesteela|Leech Seed|p2a: Vikavolt\n|-start|p2a: Vikavolt|move: Leech Seed\n|\n|-heal|p1a: Celesteela|97\/100|[from] item: Leftovers\n|-damage|p2a: Vikavolt|88\/100|[from] Leech Seed|[of] p1a: Celesteela\n|-heal|p1a: Celesteela|100\/100|[silent]\n|upkeep\n|turn|6\n|\n|t:|1664113127\n|switch|p1a: Tapu Bulu|Tapu Bulu|100\/100\n|-damage|p1a: Tapu Bulu|88\/100|[from] Spikes\n|-fieldstart|move: Grassy Terrain|[from] ability: Grassy Surge|[of] p1a: Tapu Bulu\n|move|p2a: Vikavolt|Volt Switch|p1a: Tapu Bulu\n|-resisted|p1a: Tapu Bulu\n|-damage|p1a: Tapu Bulu|72\/100\n|\n|t:|1664113137\n|switch|p2a: Jirachi|Jirachi|100\/100 brn|[from]move: Volt Switch\n|\n|-heal|p1a: Tapu Bulu|78\/100|[from] Grassy Terrain\n|-heal|p1a: Tapu Bulu|84\/100|[from] item: Leftovers\n|-damage|p2a: Jirachi|94\/100 brn|[from] brn\n|upkeep\n|turn|7\n|\n|t:|1664113146\n|switch|p1a: Mew|Mew|92\/100\n|move|p2a: Jirachi|Doom Desire|p1a: Mew\n|-start|p2a: Jirachi|Doom Desire\n|\n|-heal|p1a: Mew|98\/100|[from] Grassy Terrain\n|-heal|p2a: Jirachi|100\/100 brn|[from] Grassy Terrain\n|-damage|p2a: Jirachi|94\/100 brn|[from] brn\n|upkeep\n|turn|8\n|\n|t:|1664113154\n|move|p1a: Mew|Defog|p2a: Jirachi\n|-unboost|p2a: Jirachi|evasion|1\n|-sideend|p1: Ferrothornail\u8349\u94a2\u7532|Spikes|[from] move: Defog|[of] p1a: Mew\n|-fieldend|move: Grassy Terrain\n|move|p2a: Jirachi|U-turn|p1a: Mew\n|-supereffective|p1a: Mew\n|-damage|p1a: Mew|88\/100\n|\n|t:|1664113161\n|switch|p2a: Vikavolt|Vikavolt, F|88\/100|[from]move: U-turn\n|\n|upkeep\n|turn|9\n|\n|t:|1664113170\n|switch|p1a: Tapu Bulu|Tapu Bulu|84\/100\n|-fieldstart|move: Grassy Terrain|[from] ability: Grassy Surge|[of] p1a: Tapu Bulu\n|move|p2a: Vikavolt|Volt Switch|p1a: Tapu Bulu\n|-resisted|p1a: Tapu Bulu\n|-damage|p1a: Tapu Bulu|67\/100\n|\n|t:|1664113178\n|switch|p2a: Garchomp|Garchomp, F|100\/100|[from]move: Volt Switch\n|\n|-end|p1a: Tapu Bulu|move: Doom Desire\n|-supereffective|p1a: Tapu Bulu\n|-damage|p1a: Tapu Bulu|0 fnt\n|faint|p1a: Tapu Bulu\n|upkeep\n|\n|t:|1664113189\n|switch|p1a: Lopunny|Lopunny-Mega, F|100\/100\n|turn|10\n|\n|t:|1664113193\n|switch|p2a: Jirachi|Jirachi|94\/100 brn\n|move|p1a: Lopunny|Close Combat|p2a: Jirachi\n|-damage|p2a: Jirachi|48\/100 brn\n|-unboost|p1a: Lopunny|def|1\n|-unboost|p1a: Lopunny|spd|1\n|\n|-heal|p2a: Jirachi|54\/100 brn|[from] Grassy Terrain\n|-heal|p2a: Jirachi|61\/100 brn|[from] item: Leftovers\n|-damage|p2a: Jirachi|54\/100 brn|[from] brn\n|upkeep\n|turn|11\n|\n|t:|1664113204\n|move|p1a: Lopunny|Close Combat|p2a: Jirachi\n|-damage|p2a: Jirachi|6\/100 brn\n|-unboost|p1a: Lopunny|def|1\n|-unboost|p1a: Lopunny|spd|1\n|move|p2a: Jirachi|Wish|p2a: Jirachi\n|\n|-heal|p2a: Jirachi|12\/100 brn|[from] Grassy Terrain\n|-heal|p2a: Jirachi|18\/100 brn|[from] item: Leftovers\n|-damage|p2a: Jirachi|12\/100 brn|[from] brn\n|upkeep\n|turn|12\n|\n|t:|1664113213\n|switch|p1a: Garchomp|Garchomp, F|100\/100\n|move|p2a: Jirachi|Protect||[still]\n|-fail|p2a: Jirachi\n|\n|-heal|p2a: Jirachi|62\/100 brn|[from] move: Wish|[wisher] Jirachi\n|-heal|p2a: Jirachi|68\/100 brn|[from] Grassy Terrain\n|-heal|p2a: Jirachi|75\/100 brn|[from] item: Leftovers\n|-damage|p2a: Jirachi|68\/100 brn|[from] brn\n|upkeep\n|turn|13\n|\n|t:|1664113228\n|switch|p2a: Vikavolt|Vikavolt, F|88\/100\n|move|p1a: Garchomp|Stealth Rock|p2a: Vikavolt\n|-sidestart|p2: Toon_13_Test|move: Stealth Rock\n|\n|-fieldend|move: Grassy Terrain\n|upkeep\n|turn|14\n|\n|t:|1664113235\n|-zpower|p1a: Garchomp\n|move|p1a: Garchomp|Continental Crush|p2a: Vikavolt|[zeffect]\n|-supereffective|p2a: Vikavolt\n|-damage|p2a: Vikavolt|0 fnt\n|faint|p2a: Vikavolt\n|\n|upkeep\n|\n|t:|1664113243\n|switch|p2a: Tapu Fini|Tapu Fini|100\/100\n|-damage|p2a: Tapu Fini|88\/100|[from] Stealth Rock\n|-fieldstart|move: Misty Terrain|[from] ability: Misty Surge|[of] p2a: Tapu Fini\n|turn|15\n|\n|t:|1664113250\n|switch|p1a: Celesteela|Celesteela|100\/100\n|move|p2a: Tapu Fini|Taunt|p1a: Celesteela\n|-start|p1a: Celesteela|move: Taunt\n|\n|-heal|p2a: Tapu Fini|94\/100|[from] item: Leftovers\n|upkeep\n|turn|16\n|\n|t:|1664113258\n|switch|p1a: Lopunny|Lopunny-Mega, F|100\/100\n|move|p2a: Tapu Fini|Nature's Madness|p1a: Lopunny\n|-damage|p1a: Lopunny|51\/100\n|\n|-heal|p2a: Tapu Fini|100\/100|[from] item: Leftovers\n|upkeep\n|turn|17\n|\n|t:|1664113270\n|move|p1a: Lopunny|Fake Out|p2a: Tapu Fini\n|-damage|p2a: Tapu Fini|82\/100\n|cant|p2a: Tapu Fini|flinch\n|\n|-heal|p2a: Tapu Fini|88\/100|[from] item: Leftovers\n|upkeep\n|turn|18\n|\n|t:|1664113276\n|move|p1a: Lopunny|Return|p2a: Tapu Fini\n|-damage|p2a: Tapu Fini|39\/100\n|move|p2a: Tapu Fini|Moonblast|p1a: Lopunny\n|-supereffective|p1a: Lopunny\n|-crit|p1a: Lopunny\n|-damage|p1a: Lopunny|0 fnt\n|faint|p1a: Lopunny\n|\n|-heal|p2a: Tapu Fini|45\/100|[from] item: Leftovers\n|upkeep\n|\n|t:|1664113292\n|switch|p1a: Garchomp|Garchomp, F|100\/100\n|turn|19\n|\n|t:|1664113305\n|switch|p2a: Jirachi|Jirachi|68\/100 brn\n|-damage|p2a: Jirachi|62\/100 brn|[from] Stealth Rock\n|move|p1a: Garchomp|Earthquake|p2a: Jirachi\n|-supereffective|p2a: Jirachi\n|-damage|p2a: Jirachi|0 fnt\n|faint|p2a: Jirachi\n|\n|-fieldend|Misty Terrain\n|upkeep\n|\n|t:|1664113329\n|switch|p2a: Mew|Mew|100\/100\n|-damage|p2a: Mew|88\/100|[from] Stealth Rock\n|turn|20\n|\n|t:|1664113339\n|move|p1a: Garchomp|Swords Dance|p1a: Garchomp\n|-boost|p1a: Garchomp|atk|2\n|move|p2a: Mew|Imprison|p2a: Mew\n|-start|p2a: Mew|move: Imprison\n|\n|upkeep\n|turn|21\n|\n|t:|1664113345\n|move|p1a: Garchomp|Earthquake|p2a: Mew\n|-damage|p2a: Mew|16\/100\n|move|p2a: Mew|Transform|p1a: Garchomp\n|-transform|p2a: Mew|p1a: Garchomp\n|\n|upkeep\n|turn|22\n|-enditem|p2a: Mew|Custap Berry|[eat]\n|-activate|p2a: Mew|item: Custap Berry|[consumed]\n|\n|t:|1664113357\n|move|p2a: Mew|Earthquake|p1a: Garchomp\n|-damage|p1a: Garchomp|0 fnt\n|faint|p1a: Garchomp\n|\n|upkeep\n|\n|t:|1664113370\n|switch|p1a: Celesteela|Celesteela|100\/100\n|turn|23\n|\n|t:|1664113377\n|move|p2a: Mew|Stone Edge|p1a: Celesteela\n|-crit|p1a: Celesteela\n|-damage|p1a: Celesteela|27\/100\n|move|p1a: Celesteela|Leech Seed|p2a: Mew\n|-start|p2a: Mew|move: Leech Seed\n|\n|-heal|p1a: Celesteela|33\/100|[from] item: Leftovers\n|-damage|p2a: Mew|3\/100|[from] Leech Seed|[of] p1a: Celesteela\n|-heal|p1a: Celesteela|45\/100|[silent]\n|upkeep\n|turn|24\n|\n|t:|1664113391\n|switch|p2a: Tapu Fini|Tapu Fini|45\/100\n|-damage|p2a: Tapu Fini|33\/100|[from] Stealth Rock\n|-fieldstart|move: Misty Terrain|[from] ability: Misty Surge|[of] p2a: Tapu Fini\n|move|p1a: Celesteela|Protect||[still]\n|-fail|p1a: Celesteela\n|\n|-heal|p2a: Tapu Fini|39\/100|[from] item: Leftovers\n|-heal|p1a: Celesteela|51\/100|[from] item: Leftovers\n|upkeep\n|turn|25\n|\n|t:|1664113401\n|move|p2a: Tapu Fini|Taunt|p1a: Celesteela\n|-start|p1a: Celesteela|move: Taunt\n|move|p1a: Celesteela|Earthquake|p2a: Tapu Fini\n|-damage|p2a: Tapu Fini|19\/100\n|\n|-heal|p2a: Tapu Fini|26\/100|[from] item: Leftovers\n|-heal|p1a: Celesteela|57\/100|[from] item: Leftovers\n|upkeep\n|turn|26\n|\n|t:|1664113409\n|move|p2a: Tapu Fini|Nature's Madness|p1a: Celesteela\n|-damage|p1a: Celesteela|29\/100\n|move|p1a: Celesteela|Earthquake|p2a: Tapu Fini\n|-damage|p2a: Tapu Fini|4\/100\n|\n|-heal|p2a: Tapu Fini|10\/100|[from] item: Leftovers\n|-heal|p1a: Celesteela|35\/100|[from] item: Leftovers\n|upkeep\n|turn|27\n|\n|t:|1664113420\n|move|p2a: Tapu Fini|Knock Off|p1a: Celesteela\n|-damage|p1a: Celesteela|23\/100\n|-enditem|p1a: Celesteela|Leftovers|[from] move: Knock Off|[of] p2a: Tapu Fini\n|move|p1a: Celesteela|Earthquake|p2a: Tapu Fini\n|-damage|p2a: Tapu Fini|0 fnt\n|faint|p2a: Tapu Fini\n|-ability|p1a: Celesteela|Beast Boost|boost\n|-boost|p1a: Celesteela|spd|1\n|\n|-end|p1a: Celesteela|move: Taunt\n|upkeep\n|\n|t:|1664113430\n|switch|p2a: Garchomp|Garchomp, F|100\/100\n|-damage|p2a: Garchomp|94\/100|[from] Stealth Rock\n|turn|28\n|\n|t:|1664113434\n|switch|p1a: Mew|Mew|88\/100\n|move|p2a: Garchomp|Swords Dance|p2a: Garchomp\n|-boost|p2a: Garchomp|atk|2\n|\n|-fieldend|Misty Terrain\n|upkeep\n|turn|29\n|\n|t:|1664113444\n|-zpower|p2a: Garchomp\n|move|p2a: Garchomp|Continental Crush|p1a: Mew|[zeffect]\n|-damage|p1a: Mew|13\/100\n|move|p1a: Mew|Will-O-Wisp|p2a: Garchomp\n|-status|p2a: Garchomp|brn\n|\n|-damage|p2a: Garchomp|88\/100 brn|[from] brn\n|upkeep\n|turn|30\n|j| PauloLuchiari\n|\n|t:|1664113461\n|switch|p1a: Celesteela|Celesteela|23\/100\n|move|p2a: Garchomp|Swords Dance|p2a: Garchomp\n|-boost|p2a: Garchomp|atk|2\n|\n|-damage|p2a: Garchomp|82\/100 brn|[from] brn\n|upkeep\n|turn|31\n|\n|t:|1664113467\n|move|p2a: Garchomp|Stone Edge|p1a: Celesteela\n|-damage|p1a: Celesteela|0 fnt\n|faint|p1a: Celesteela\n|\n|-damage|p2a: Garchomp|76\/100 brn|[from] brn\n|upkeep\n|-message|Ferrothornail\u8349\u94a2\u7532 forfeited.\n|\n|win|Toon_13_Test\n|raw|Ferrothornail\u8349\u94a2\u7532's rating: 1501 &rarr; <strong>1481<\/strong><br \/>(-20 for losing)\n|raw|Toon_13_Test's rating: 1508 &rarr; <strong>1528<\/strong><br \/>(+20 for winning)\n|l| PauloLuchiari\n","uploadtime":1664113491,"views":8,"p1id":"ferrothornail","p2id":"toon13test","formatid":"gen8nationaldex","rating":1481,"private":0,"password":null}