{"id":"gen8anythinggoes-1680389783","p1":"yokobaby","p2":"aglt5tx farmer","format":"gen8anythinggoes","log":"|j|\u2606yokobaby\n|j|\u2606aglt5tx farmer\n|t:|1665186040\n|gametype|singles\n|player|p1|yokobaby|101|1817\n|player|p2|aglt5tx farmer|fantina|1908\n|teamsize|p1|6\n|teamsize|p2|6\n|gen|8\n|tier|[Gen 8] Anything Goes\n|rated|\n|rule|HP Percentage Mod: HP is shown in percentages\n|rule|Endless Battle Clause: Forcing endless battles is banned\n|clearpoke\n|poke|p1|Excadrill, F|\n|poke|p1|Necrozma-Dusk-Mane|\n|poke|p1|Yveltal|\n|poke|p1|Xerneas-*|\n|poke|p1|Calyrex-Shadow|\n|poke|p1|Kyogre|\n|poke|p2|Zekrom|\n|poke|p2|Necrozma-Dusk-Mane|\n|poke|p2|Zacian-*|\n|poke|p2|Yveltal|\n|poke|p2|Marshadow|\n|poke|p2|Kyogre|\n|teampreview\n|inactive|Battle timer is ON: inactive players will automatically lose when time's up. (requested by aglt5tx farmer)\n|\n|t:|1665186057\n|start\n|switch|p1a: Excadrill|Excadrill, F|100\/100\n|switch|p2a: Necrozma|Necrozma-Dusk-Mane|100\/100\n|-ability|p1a: Excadrill|Mold Breaker\n|turn|1\n|\n|t:|1665186062\n|move|p1a: Excadrill|Stealth Rock|p2a: Necrozma\n|-sidestart|p2: aglt5tx farmer|move: Stealth Rock\n|move|p2a: Necrozma|Heat Wave|p1a: Excadrill\n|-supereffective|p1a: Excadrill\n|-damage|p1a: Excadrill|46\/100\n|\n|upkeep\n|turn|2\n|\n|t:|1665186065\n|move|p1a: Excadrill|Earthquake|p2a: Necrozma\n|-supereffective|p2a: Necrozma\n|-damage|p2a: Necrozma|62\/100\n|move|p2a: Necrozma|Stealth Rock|p1a: Excadrill\n|-sidestart|p1: yokobaby|move: Stealth Rock\n|\n|upkeep\n|turn|3\n|\n|t:|1665186068\n|move|p1a: Excadrill|Rapid Spin|p2a: Necrozma\n|-resisted|p2a: Necrozma\n|-damage|p2a: Necrozma|57\/100\n|-boost|p1a: Excadrill|spe|1\n|-damage|p1a: Excadrill|30\/100|[from] item: Rocky Helmet|[of] p2a: Necrozma\n|-sideend|p1: yokobaby|Stealth Rock|[from] move: Rapid Spin|[of] p1a: Excadrill\n|move|p2a: Necrozma|Morning Sun|p2a: Necrozma\n|-heal|p2a: Necrozma|100\/100\n|\n|upkeep\n|turn|4\n|j| aglt5tx smoolic\n|\n|t:|1665186072\n|move|p1a: Excadrill|Earthquake|p2a: Necrozma\n|-supereffective|p2a: Necrozma\n|-damage|p2a: Necrozma|61\/100\n|move|p2a: Necrozma|Stealth Rock|p1a: Excadrill\n|-sidestart|p1: yokobaby|move: Stealth Rock\n|\n|upkeep\n|turn|5\n|\n|t:|1665186074\n|move|p1a: Excadrill|Rapid Spin|p2a: Necrozma\n|-resisted|p2a: Necrozma\n|-damage|p2a: Necrozma|56\/100\n|-boost|p1a: Excadrill|spe|1\n|-damage|p1a: Excadrill|13\/100|[from] item: Rocky Helmet|[of] p2a: Necrozma\n|-sideend|p1: yokobaby|Stealth Rock|[from] move: Rapid Spin|[of] p1a: Excadrill\n|move|p2a: Necrozma|Morning Sun|p2a: Necrozma\n|-heal|p2a: Necrozma|100\/100\n|\n|upkeep\n|turn|6\n|j| AGLT5TX Protege\n|\n|t:|1665186079\n|move|p1a: Excadrill|Earthquake|p2a: Necrozma\n|-supereffective|p2a: Necrozma\n|-damage|p2a: Necrozma|57\/100\n|move|p2a: Necrozma|Stealth Rock|p1a: Excadrill\n|-sidestart|p1: yokobaby|move: Stealth Rock\n|\n|upkeep\n|turn|7\n|\n|t:|1665186081\n|move|p1a: Excadrill|Rapid Spin|p2a: Necrozma\n|-resisted|p2a: Necrozma\n|-damage|p2a: Necrozma|53\/100\n|-boost|p1a: Excadrill|spe|1\n|-damage|p1a: Excadrill|0 fnt|[from] item: Rocky Helmet|[of] p2a: Necrozma\n|faint|p1a: Excadrill\n|move|p2a: Necrozma|Morning Sun|p2a: Necrozma\n|-heal|p2a: Necrozma|100\/100\n|\n|upkeep\n|\n|t:|1665186086\n|switch|p1a: Kyogre|Kyogre|100\/100\n|-damage|p1a: Kyogre|88\/100|[from] Stealth Rock\n|-weather|RainDance|[from] ability: Drizzle|[of] p1a: Kyogre\n|turn|8\n|\n|t:|1665186097\n|switch|p2a: Kyogre|Kyogre|100\/100\n|-damage|p2a: Kyogre|88\/100|[from] Stealth Rock\n|move|p1a: Kyogre|Water Spout|p2a: Kyogre\n|-resisted|p2a: Kyogre\n|-damage|p2a: Kyogre|47\/100\n|\n|-weather|RainDance|[upkeep]\n|upkeep\n|turn|9\n|\n|t:|1665186101\n|move|p2a: Kyogre|Thunder|p1a: Kyogre\n|-supereffective|p1a: Kyogre\n|-damage|p1a: Kyogre|25\/100\n|-status|p1a: Kyogre|par\n|cant|p1a: Kyogre|par\n|\n|-weather|RainDance|[upkeep]\n|upkeep\n|turn|10\n|\n|t:|1665186104\n|move|p2a: Kyogre|Thunder|p1a: Kyogre\n|-supereffective|p1a: Kyogre\n|-damage|p1a: Kyogre|0 fnt\n|faint|p1a: Kyogre\n|\n|-weather|RainDance|[upkeep]\n|upkeep\n|\n|t:|1665186111\n|switch|p1a: Calyrex|Calyrex-Shadow|100\/100\n|-ability|p1a: Calyrex|As One\n|-ability|p1a: Calyrex|Unnerve\n|-damage|p1a: Calyrex|88\/100|[from] Stealth Rock\n|turn|11\n|\n|t:|1665186115\n|switch|p2a: Yveltal|Yveltal|100\/100\n|-ability|p2a: Yveltal|Dark Aura\n|move|p1a: Calyrex|Nasty Plot|p1a: Calyrex\n|-boost|p1a: Calyrex|spa|2\n|\n|-weather|RainDance|[upkeep]\n|upkeep\n|turn|12\n|\n|t:|1665186119\n|move|p1a: Calyrex|Baton Pass|p1a: Calyrex\n|\n|t:|1665186120\n|switch|p1a: Xerneas|Xerneas|100\/100|[from]move: Baton Pass\n|-damage|p1a: Xerneas|88\/100|[from] Stealth Rock\n|-ability|p1a: Xerneas|Fairy Aura\n|move|p2a: Yveltal|U-turn|p1a: Xerneas\n|-resisted|p1a: Xerneas\n|-damage|p1a: Xerneas|79\/100\n|l| aglt5tx smoolic\n|\n|t:|1665186124\n|switch|p2a: Zacian|Zacian-Crowned|100\/100|[from]move: U-turn\n|-damage|p2a: Zacian|94\/100|[from] Stealth Rock\n|-ability|p2a: Zacian|Intrepid Sword|boost\n|-boost|p2a: Zacian|atk|1\n|\n|-weather|none\n|upkeep\n|turn|13\n|\n|t:|1665186127\n|switch|p1a: Necrozma|Necrozma-Dusk-Mane|100\/100\n|-damage|p1a: Necrozma|95\/100|[from] Stealth Rock\n|move|p2a: Zacian|Behemoth Blade|p1a: Necrozma\n|-resisted|p1a: Necrozma\n|-damage|p1a: Necrozma|54\/100\n|\n|upkeep\n|turn|14\n|\n|t:|1665186136\n|move|p2a: Zacian|Close Combat|p1a: Necrozma\n|-damage|p1a: Necrozma|0 fnt\n|-unboost|p2a: Zacian|def|1\n|-unboost|p2a: Zacian|spd|1\n|faint|p1a: Necrozma\n|\n|upkeep\n|\n|t:|1665186138\n|switch|p1a: Calyrex|Calyrex-Shadow|88\/100\n|-ability|p1a: Calyrex|As One\n|-ability|p1a: Calyrex|Unnerve\n|-damage|p1a: Calyrex|76\/100|[from] Stealth Rock\n|turn|15\n|\n|t:|1665186140\n|switch|p2a: Yveltal|Yveltal|100\/100\n|-ability|p2a: Yveltal|Dark Aura\n|move|p1a: Calyrex|Nasty Plot|p1a: Calyrex\n|-boost|p1a: Calyrex|spa|2\n|\n|upkeep\n|turn|16\n|\n|t:|1665186146\n|move|p1a: Calyrex|Astral Barrage|p2a: Yveltal\n|-resisted|p2a: Yveltal\n|-damage|p2a: Yveltal|57\/100\n|move|p2a: Yveltal|U-turn|p1a: Calyrex\n|-damage|p1a: Calyrex|53\/100\n|\n|t:|1665186148\n|switch|p2a: Marshadow|Marshadow|100\/100|[from]move: U-turn\n|-damage|p2a: Marshadow|94\/100|[from] Stealth Rock\n|\n|upkeep\n|turn|17\n|\n|t:|1665186153\n|switch|p1a: Yveltal|Yveltal|100\/100\n|-damage|p1a: Yveltal|76\/100|[from] Stealth Rock\n|-ability|p1a: Yveltal|Dark Aura\n|move|p2a: Marshadow|Shadow Sneak|p1a: Yveltal\n|-resisted|p1a: Yveltal\n|-damage|p1a: Yveltal|53\/100\n|-damage|p2a: Marshadow|84\/100|[from] item: Life Orb\n|\n|upkeep\n|turn|18\n|\n|t:|1665186156\n|-start|p1a: Yveltal|Dynamax|\n|-heal|p1a: Yveltal|53\/100|[silent]\n|move|p2a: Marshadow|Rock Tomb|p1a: Yveltal\n|-supereffective|p1a: Yveltal\n|-damage|p1a: Yveltal|8\/100\n|-unboost|p1a: Yveltal|spe|1\n|-damage|p2a: Marshadow|74\/100|[from] item: Life Orb\n|move|p1a: Yveltal|Max Airstream|p2a: Marshadow\n|-supereffective|p2a: Marshadow\n|-damage|p2a: Marshadow|0 fnt\n|-boost|p1a: Yveltal|spe|1\n|faint|p2a: Marshadow\n|-damage|p1a: Yveltal|3\/100|[from] item: Life Orb\n|\n|upkeep\n|c| AGLT5TX Protege|I see your still watching out for that BP user lop\n|\n|t:|1665186159\n|switch|p2a: Zacian|Zacian-Crowned|94\/100\n|-damage|p2a: Zacian|88\/100|[from] Stealth Rock\n|-ability|p2a: Zacian|Intrepid Sword|boost\n|-boost|p2a: Zacian|atk|1\n|turn|19\n|\n|t:|1665186161\n|move|p2a: Zacian|Behemoth Blade|p1a: Yveltal\n|-damage|p1a: Yveltal|0 fnt\n|faint|p1a: Yveltal\n|\n|upkeep\n|\n|t:|1665186166\n|switch|p1a: Calyrex|Calyrex-Shadow|53\/100\n|-ability|p1a: Calyrex|As One\n|-ability|p1a: Calyrex|Unnerve\n|-damage|p1a: Calyrex|40\/100|[from] Stealth Rock\n|turn|20\n|j| zacians brother\n|\n|t:|1665186172\n|move|p1a: Calyrex|Astral Barrage|p2a: Zacian\n|-damage|p2a: Zacian|30\/100\n|move|p2a: Zacian|Behemoth Blade|p1a: Calyrex\n|-damage|p1a: Calyrex|0 fnt\n|faint|p1a: Calyrex\n|\n|upkeep\n|\n|t:|1665186174\n|switch|p1a: Xerneas|Xerneas|79\/100\n|-damage|p1a: Xerneas|66\/100|[from] Stealth Rock\n|-ability|p1a: Xerneas|Fairy Aura\n|turn|21\n|\n|t:|1665186176\n|move|p2a: Zacian|Behemoth Blade|p1a: Xerneas\n|-supereffective|p1a: Xerneas\n|-damage|p1a: Xerneas|0 fnt\n|faint|p1a: Xerneas\n|\n|win|aglt5tx farmer\n|raw|yokobaby's rating: 1817 &rarr; <strong>1802<\/strong><br \/>(-15 for losing)\n|raw|aglt5tx farmer's rating: 1908 &rarr; <strong>1923<\/strong><br \/>(+15 for winning)\n|l|\u2606aglt5tx farmer\n|l| AGLT5TX Protege\n||Ladder isn't responding, score probably updated but might not have (Request timeout).\n|l| zacians brother\n|j| AGLT5TX Protege\n|j| hump\n|j| AGLT5TX poke\n|l| AGLT5TX poke\n|j| aglt5tx handsoap\n|l| aglt5tx handsoap\n|l| hump\n|l| AGLT5TX Protege\n|l|\u2606yokobaby\n|j|%Seldanna\n","uploadtime":1665186704,"views":14,"p1id":"yokobaby","p2id":"aglt5txfarmer","formatid":"gen8anythinggoes","rating":1802,"private":0,"password":null}