{"id":"gen8ou-1409981036","p1":"YT ugh how","p2":"brifye","format":"gen8ou","log":"|j|\u2606YT ugh how\n|j|\u2606brifye\n|t:|1630749983\n|gametype|singles\n|player|p1|YT ugh how|swimmerf|1487\n|player|p2|brifye|2|1492\n|teamsize|p1|6\n|teamsize|p2|6\n|gen|8\n|tier|[Gen 8] OU\n|rated|\n|rule|Sleep Clause Mod: Limit one foe put to sleep\n|rule|Species Clause: Limit one of each Pok\u00e9mon\n|rule|OHKO Clause: OHKO moves are banned\n|rule|Evasion Moves Clause: Evasion moves are banned\n|rule|Endless Battle Clause: Forcing endless battles is banned\n|rule|HP Percentage Mod: HP is shown in percentages\n|rule|Dynamax Clause: You cannot dynamax\n|clearpoke\n|poke|p1|Zoroark, F|\n|poke|p1|Landorus-Therian, M|\n|poke|p1|Ferrothorn, F|\n|poke|p1|Garchomp, M|\n|poke|p1|Tapu Fini|\n|poke|p1|Kartana|\n|poke|p2|Torkoal, F|\n|poke|p2|Heatran, M|\n|poke|p2|Landorus-Therian, M|\n|poke|p2|Dragapult, M|\n|poke|p2|Venusaur, F|\n|poke|p2|Kyurem|\n|teampreview\n|j| Locc000\n|l| Locc000\n|inactive|Battle timer is ON: inactive players will automatically lose when time's up. (requested by YT ugh how)\n|inactive|YT ugh how has 120 seconds left.\n|\n|t:|1630750018\n|start\n|switch|p1a: Landorus|Landorus-Therian, M|100\/100\n|switch|p2a: Torkoal|Torkoal, F|100\/100\n|-ability|p1a: Landorus|Intimidate|boost\n|-unboost|p2a: Torkoal|atk|1\n|-weather|SunnyDay|[from] ability: Drought|[of] p2a: Torkoal\n|turn|1\n|\n|t:|1630750025\n|switch|p2a: Landorus|Landorus-Therian, M|100\/100\n|-ability|p2a: Landorus|Intimidate|boost\n|-unboost|p1a: Landorus|atk|1\n|move|p1a: Landorus|Substitute|p1a: Landorus\n|-start|p1a: Landorus|Substitute\n|-damage|p1a: Landorus|76\/100\n|\n|-weather|SunnyDay|[upkeep]\n|-heal|p1a: Landorus|82\/100|[from] item: Leftovers\n|upkeep\n|turn|2\n|\n|t:|1630750036\n|move|p1a: Landorus|Bulk Up|p1a: Landorus\n|-boost|p1a: Landorus|atk|1\n|-boost|p1a: Landorus|def|1\n|move|p2a: Landorus|U-turn|p1a: Landorus\n|-resisted|p1a: Landorus\n|-activate|p1a: Landorus|move: Substitute|[damage]\n|\n|t:|1630750044\n|switch|p2a: Kyurem|Kyurem|100\/100|[from]move: U-turn\n|-ability|p2a: Kyurem|Pressure\n|\n|-weather|SunnyDay|[upkeep]\n|-heal|p1a: Landorus|88\/100|[from] item: Leftovers\n|upkeep\n|turn|3\n|\n|t:|1630750050\n|move|p2a: Kyurem|Freeze-Dry|p1a: Landorus\n|-supereffective|p1a: Landorus\n|-end|p1a: Landorus|Substitute\n|move|p1a: Landorus|Stone Edge|p2a: Kyurem\n|-supereffective|p2a: Kyurem\n|-damage|p2a: Kyurem|26\/100\n|\n|-weather|SunnyDay|[upkeep]\n|-heal|p1a: Landorus|94\/100|[from] item: Leftovers\n|upkeep\n|turn|4\n|\n|t:|1630750058\n|switch|p1a: Ferrothorn|Ferrothorn, F|100\/100\n|move|p2a: Kyurem|Freeze-Dry|p1a: Ferrothorn\n|-damage|p1a: Ferrothorn|51\/100\n|\n|-weather|SunnyDay|[upkeep]\n|-heal|p1a: Ferrothorn|57\/100|[from] item: Leftovers\n|upkeep\n|turn|5\n|\n|t:|1630750068\n|move|p2a: Kyurem|Freeze-Dry|p1a: Ferrothorn\n|-damage|p1a: Ferrothorn|7\/100\n|move|p1a: Ferrothorn|Knock Off|p2a: Kyurem\n|-damage|p2a: Kyurem|7\/100\n|-enditem|p2a: Kyurem|Choice Specs|[from] move: Knock Off|[of] p1a: Ferrothorn\n|\n|-weather|SunnyDay|[upkeep]\n|-heal|p1a: Ferrothorn|13\/100|[from] item: Leftovers\n|upkeep\n|turn|6\n|\n|t:|1630750078\n|move|p2a: Kyurem|Ice Beam|p1a: Ferrothorn\n|-damage|p1a: Ferrothorn|0 fnt\n|faint|p1a: Ferrothorn\n|\n|-weather|SunnyDay|[upkeep]\n|upkeep\n|\n|t:|1630750085\n|switch|p1a: Kartana|Kartana|100\/100\n|turn|7\n|\n|t:|1630750093\n|switch|p2a: Landorus|Landorus-Therian, M|100\/100\n|-ability|p2a: Landorus|Intimidate|boost\n|-unboost|p1a: Kartana|atk|1\n|move|p1a: Kartana|Knock Off|p2a: Landorus\n|-crit|p2a: Landorus\n|-damage|p2a: Landorus|42\/100\n|-enditem|p2a: Landorus|Leftovers|[from] move: Knock Off|[of] p1a: Kartana\n|\n|-weather|SunnyDay|[upkeep]\n|upkeep\n|turn|8\n|\n|t:|1630750106\n|move|p1a: Kartana|Knock Off|p2a: Landorus\n|-damage|p2a: Landorus|23\/100\n|move|p2a: Landorus|Stealth Rock|p1a: Kartana\n|-sidestart|p1: YT ugh how|move: Stealth Rock\n|\n|-weather|none\n|upkeep\n|turn|9\n|\n|t:|1630750111\n|move|p1a: Kartana|Knock Off|p2a: Landorus\n|-damage|p2a: Landorus|4\/100\n|move|p2a: Landorus|U-turn|p1a: Kartana\n|-crit|p1a: Kartana\n|-damage|p1a: Kartana|67\/100\n|\n|t:|1630750117\n|switch|p2a: Torkoal|Torkoal, F|100\/100|[from]move: U-turn\n|-weather|SunnyDay|[from] ability: Drought|[of] p2a: Torkoal\n|\n|-weather|SunnyDay|[upkeep]\n|upkeep\n|turn|10\n|\n|t:|1630750122\n|switch|p1a: Tapu Fini|Tapu Fini|100\/100\n|-damage|p1a: Tapu Fini|88\/100|[from] Stealth Rock\n|-fieldstart|move: Misty Terrain|[from] ability: Misty Surge|[of] p1a: Tapu Fini\n|move|p2a: Torkoal|Lava Plume|p1a: Tapu Fini\n|-resisted|p1a: Tapu Fini\n|-damage|p1a: Tapu Fini|77\/100\n|\n|-weather|SunnyDay|[upkeep]\n|-heal|p1a: Tapu Fini|83\/100|[from] item: Leftovers\n|upkeep\n|turn|11\n|\n|t:|1630750132\n|switch|p2a: Venusaur|Venusaur, F|100\/100\n|move|p1a: Tapu Fini|Defog|p2a: Venusaur\n|-unboost|p2a: Venusaur|evasion|1\n|-sideend|p1: YT ugh how|Stealth Rock|[from] move: Defog|[of] p1a: Tapu Fini\n|-fieldend|Misty Terrain\n|\n|-weather|SunnyDay|[upkeep]\n|-heal|p1a: Tapu Fini|89\/100|[from] item: Leftovers\n|upkeep\n|turn|12\n|\n|t:|1630750140\n|move|p2a: Venusaur|Growth|p2a: Venusaur\n|-boost|p2a: Venusaur|atk|2\n|-boost|p2a: Venusaur|spa|2\n|move|p1a: Tapu Fini|Haze|p1a: Tapu Fini\n|-clearallboost\n|\n|-weather|SunnyDay|[upkeep]\n|-heal|p1a: Tapu Fini|95\/100|[from] item: Leftovers\n|upkeep\n|turn|13\n|\n|t:|1630750150\n|move|p2a: Venusaur|Giga Drain|p1a: Tapu Fini\n|-supereffective|p1a: Tapu Fini\n|-damage|p1a: Tapu Fini|42\/100\n|-damage|p2a: Venusaur|91\/100|[from] item: Life Orb\n|move|p1a: Tapu Fini|Haze|p1a: Tapu Fini\n|-clearallboost\n|\n|-weather|SunnyDay|[upkeep]\n|-heal|p1a: Tapu Fini|48\/100|[from] item: Leftovers\n|upkeep\n|turn|14\n|\n|t:|1630750158\n|switch|p1a: Landorus|Landorus-Therian, M|100\/100\n|move|p2a: Venusaur|Giga Drain|p1a: Landorus\n|-damage|p1a: Landorus|18\/100\n|-heal|p2a: Venusaur|100\/100|[from] drain|[of] p1a: Landorus\n|replace|p1a: Zoroark|Zoroark, F\n|-end|p1a: Zoroark|Illusion\n|-damage|p2a: Venusaur|91\/100|[from] item: Life Orb\n|\n|-weather|SunnyDay|[upkeep]\n|upkeep\n|turn|15\n|\n|t:|1630750167\n|move|p1a: Zoroark|Flamethrower|p2a: Venusaur\n|-supereffective|p2a: Venusaur\n|-damage|p2a: Venusaur|0 fnt\n|faint|p2a: Venusaur\n|\n|-weather|SunnyDay|[upkeep]\n|upkeep\n|\n|t:|1630750185\n|switch|p2a: Heatran|Heatran, M|100\/100\n|turn|16\n|\n|t:|1630750189\n|switch|p1a: Tapu Fini|Tapu Fini|48\/100\n|-fieldstart|move: Misty Terrain|[from] ability: Misty Surge|[of] p1a: Tapu Fini\n|move|p2a: Heatran|Eruption|p1a: Tapu Fini\n|-resisted|p1a: Tapu Fini\n|-damage|p1a: Tapu Fini|15\/100\n|\n|-weather|none\n|-heal|p1a: Tapu Fini|21\/100|[from] item: Leftovers\n|upkeep\n|turn|17\n|\n|t:|1630750198\n|move|p2a: Heatran|Eruption|p1a: Tapu Fini\n|-resisted|p1a: Tapu Fini\n|-damage|p1a: Tapu Fini|0 fnt\n|faint|p1a: Tapu Fini\n|\n|upkeep\n|\n|t:|1630750202\n|switch|p1a: Garchomp|Garchomp, M|100\/100\n|turn|18\n|\n|t:|1630750207\n|switch|p2a: Landorus|Landorus-Therian, M|4\/100\n|-ability|p2a: Landorus|Intimidate|boost\n|-unboost|p1a: Garchomp|atk|1\n|move|p1a: Garchomp|Swords Dance|p1a: Garchomp\n|-boost|p1a: Garchomp|atk|2\n|\n|upkeep\n|turn|19\n|\n|t:|1630750219\n|switch|p2a: Torkoal|Torkoal, F|100\/100\n|-weather|SunnyDay|[from] ability: Drought|[of] p2a: Torkoal\n|move|p1a: Garchomp|Scale Shot|p2a: Torkoal\n|-crit|p2a: Torkoal\n|-damage|p2a: Torkoal|92\/100\n|-damage|p2a: Torkoal|86\/100\n|-damage|p2a: Torkoal|80\/100\n|-damage|p2a: Torkoal|75\/100\n|-damage|p2a: Torkoal|68\/100\n|-hitcount|p2a: Torkoal|5\n|-unboost|p1a: Garchomp|def|1\n|-boost|p1a: Garchomp|spe|1\n|\n|-weather|SunnyDay|[upkeep]\n|upkeep\n|turn|20\n|\n|t:|1630750233\n|switch|p2a: Landorus|Landorus-Therian, M|4\/100\n|-ability|p2a: Landorus|Intimidate|boost\n|-unboost|p1a: Garchomp|atk|1\n|move|p1a: Garchomp|Earthquake|p2a: Landorus\n|-immune|p2a: Landorus\n|\n|-weather|SunnyDay|[upkeep]\n|-fieldend|Misty Terrain\n|upkeep\n|turn|21\n|\n|t:|1630750242\n|move|p1a: Garchomp|Swords Dance|p1a: Garchomp\n|-boost|p1a: Garchomp|atk|2\n|move|p2a: Landorus|Earthquake|p1a: Garchomp\n|-damage|p1a: Garchomp|30\/100\n|\n|-weather|SunnyDay|[upkeep]\n|-heal|p1a: Garchomp|37\/100|[from] item: Leftovers\n|upkeep\n|turn|22\n|\n|t:|1630750258\n|move|p1a: Garchomp|Fire Fang|p2a: Landorus\n|-damage|p2a: Landorus|0 fnt\n|faint|p2a: Landorus\n|\n|-weather|SunnyDay|[upkeep]\n|-heal|p1a: Garchomp|43\/100|[from] item: Leftovers\n|upkeep\n|\n|t:|1630750264\n|switch|p2a: Dragapult|Dragapult, M|100\/100\n|turn|23\n|\n|t:|1630750270\n|move|p1a: Garchomp|Scale Shot|p2a: Dragapult\n|-supereffective|p2a: Dragapult\n|-damage|p2a: Dragapult|23\/100\n|-supereffective|p2a: Dragapult\n|-damage|p2a: Dragapult|0 fnt\n|faint|p2a: Dragapult\n|-hitcount|p2: Dragapult|2\n|-unboost|p1a: Garchomp|def|1\n|-boost|p1a: Garchomp|spe|1\n|\n|-weather|SunnyDay|[upkeep]\n|-heal|p1a: Garchomp|49\/100|[from] item: Leftovers\n|upkeep\n|\n|t:|1630750279\n|switch|p2a: Kyurem|Kyurem|7\/100\n|-ability|p2a: Kyurem|Pressure\n|turn|24\n|c|\u2606brifye|gg\n|-message|brifye forfeited.\n|\n|win|YT ugh how\n|raw|YT ugh how's rating: 1487 &rarr; <strong>1507<\/strong><br \/>(+20 for winning)\n|raw|brifye's rating: 1492 &rarr; <strong>1472<\/strong><br \/>(-20 for losing)\n|l|\u2606brifye\n|c|\u2606YT ugh how|Gg\n","uploadtime":1630750303,"views":30,"p1id":"ytughhow","p2id":"brifye","formatid":"gen8ou","rating":1472,"private":0,"password":null}