{"id":"gen8ubers-1500347769","p1":"uber driver guy","p2":"Ivyon","format":"gen8ubers","log":"|j|\u2606uber driver guy\n|j|\u2606Ivyon\n|t:|1643402641\n|gametype|singles\n|player|p1|uber driver guy|266|1050\n|player|p2|Ivyon|blue|1315\n|teamsize|p1|6\n|teamsize|p2|6\n|gen|8\n|tier|[Gen 8] Ubers\n|rated|\n|rule|Sleep Clause Mod: Limit one foe put to sleep\n|rule|Species Clause: Limit one of each Pok\u00e9mon\n|rule|OHKO Clause: OHKO moves are banned\n|rule|Evasion Moves Clause: Evasion moves are banned\n|rule|Endless Battle Clause: Forcing endless battles is banned\n|rule|HP Percentage Mod: HP is shown in percentages\n|rule|Dynamax Clause: You cannot dynamax\n|clearpoke\n|poke|p1|Calyrex-Shadow|\n|poke|p1|Palkia|\n|poke|p1|Groudon|\n|poke|p1|Marshadow|\n|poke|p1|Lugia|\n|poke|p1|Necrozma-Dusk-Mane|\n|poke|p2|Blaziken, M|\n|poke|p2|Cloyster, M|\n|poke|p2|Dragonite, M|\n|poke|p2|Shuckle, M|\n|poke|p2|Regieleki|\n|poke|p2|Melmetal|\n|teampreview\n|\n|t:|1643402657\n|start\n|switch|p1a: Necrozma|Necrozma-Dusk-Mane|100\/100\n|switch|p2a: Cloyster|Cloyster, M|100\/100\n|turn|1\n|\n|t:|1643402662\n|move|p2a: Cloyster|Shell Smash|p2a: Cloyster\n|-unboost|p2a: Cloyster|def|1\n|-unboost|p2a: Cloyster|spd|1\n|-boost|p2a: Cloyster|atk|2\n|-boost|p2a: Cloyster|spa|2\n|-boost|p2a: Cloyster|spe|2\n|move|p1a: Necrozma|Swords Dance|p1a: Necrozma\n|-boost|p1a: Necrozma|atk|2\n|\n|upkeep\n|turn|2\n|\n|t:|1643402666\n|move|p2a: Cloyster|Liquidation|p1a: Necrozma\n|-damage|p1a: Necrozma|50\/100\n|move|p1a: Necrozma|Autotomize|p1a: Necrozma\n|-boost|p1a: Necrozma|spe|2\n|-start|p1a: Necrozma|Autotomize\n|\n|upkeep\n|turn|3\n|\n|t:|1643402673\n|move|p2a: Cloyster|Liquidation|p1a: Necrozma\n|-damage|p1a: Necrozma|0 fnt\n|faint|p1a: Necrozma\n|\n|upkeep\n|\n|t:|1643402677\n|switch|p1a: Marshadow|Marshadow|100\/100\n|turn|4\n|\n|t:|1643402680\n|move|p2a: Cloyster|Icicle Spear|p1a: Marshadow\n|-damage|p1a: Marshadow|73\/100\n|-damage|p1a: Marshadow|41\/100\n|-damage|p1a: Marshadow|12\/100\n|-damage|p1a: Marshadow|0 fnt\n|faint|p1a: Marshadow\n|-hitcount|p1: Marshadow|4\n|\n|upkeep\n|\n|t:|1643402689\n|switch|p1a: Calyrex|Calyrex-Shadow|100\/100\n|-ability|p1a: Calyrex|As One\n|-ability|p1a: Calyrex|Unnerve\n|turn|5\n|\n|t:|1643402696\n|move|p2a: Cloyster|Icicle Spear|p1a: Calyrex\n|-damage|p1a: Calyrex|72\/100\n|-damage|p1a: Calyrex|46\/100\n|-damage|p1a: Calyrex|17\/100\n|-damage|p1a: Calyrex|0 fnt\n|faint|p1a: Calyrex\n|-hitcount|p1: Calyrex|4\n|\n|upkeep\n|\n|t:|1643402701\n|switch|p1a: Lugia|Lugia|100\/100\n|turn|6\n|\n|t:|1643402708\n|move|p1a: Lugia|Protect|p1a: Lugia\n|-singleturn|p1a: Lugia|Protect\n|move|p2a: Cloyster|Icicle Spear|p1a: Lugia\n|-activate|p1a: Lugia|move: Protect\n|\n|upkeep\n|turn|7\n|\n|t:|1643402714\n|move|p2a: Cloyster|Icicle Spear|p1a: Lugia\n|-supereffective|p1a: Lugia\n|-damage|p1a: Lugia|86\/100\n|-supereffective|p1a: Lugia\n|-damage|p1a: Lugia|54\/100\n|-supereffective|p1a: Lugia\n|-damage|p1a: Lugia|22\/100\n|-supereffective|p1a: Lugia\n|-damage|p1a: Lugia|0 fnt\n|faint|p1a: Lugia\n|-hitcount|p1: Lugia|4\n|\n|upkeep\n|\n|t:|1643402726\n|switch|p1a: Palkia|Palkia|100\/100\n|turn|8\n|\n|t:|1643402732\n|move|p2a: Cloyster|Icicle Spear|p1a: Palkia\n|-damage|p1a: Palkia|77\/100\n|-damage|p1a: Palkia|52\/100\n|-damage|p1a: Palkia|26\/100\n|-damage|p1a: Palkia|2\/100\n|-damage|p1a: Palkia|0 fnt\n|faint|p1a: Palkia\n|-hitcount|p1: Palkia|5\n|\n|upkeep\n|\n|t:|1643402735\n|switch|p1a: Groudon|Groudon|100\/100\n|-weather|SunnyDay|[from] ability: Drought|[of] p1a: Groudon\n|turn|9\n|\n|t:|1643402743\n|move|p2a: Cloyster|Icicle Spear|p1a: Groudon\n|-supereffective|p1a: Groudon\n|-damage|p1a: Groudon|65\/100\n|-supereffective|p1a: Groudon\n|-crit|p1a: Groudon\n|-damage|p1a: Groudon|16\/100\n|-supereffective|p1a: Groudon\n|-damage|p1a: Groudon|0 fnt\n|faint|p1a: Groudon\n|-hitcount|p1: Groudon|3\n|\n|win|Ivyon\n|raw|uber driver guy's rating: 1050 &rarr; <strong>1044<\/strong><br \/>(-6 for losing)\n|raw|Ivyon's rating: 1315 &rarr; <strong>1322<\/strong><br \/>(+7 for winning)\n|c|\u2606Ivyon|gg\n","uploadtime":1643402755,"views":13,"p1id":"uberdriverguy","p2id":"ivyon","formatid":"gen8ubers","rating":1044,"private":0,"password":null}