{"id":"gen8ubers-1312557235","p1":"U alek","p2":"Diameter\u272fXtreme","format":"gen8ubers","log":"|j|\u2606U alek\n|j|\u2606Diameter\u272fXtreme\n|t:|1617197435\n|player|p1|U alek|lass-gen4|\n|player|p2|Diameter\u272fXtreme|jasmine-gen2|\n|teamsize|p1|6\n|teamsize|p2|6\n|gametype|singles\n|gen|8\n|tier|[Gen 8] Ubers\n|rated|Tournament battle\n|clearpoke\n|poke|p1|Necrozma-Dusk-Mane|\n|poke|p1|Zygarde|\n|poke|p1|Zacian|\n|poke|p1|Ho-Oh|\n|poke|p1|Yveltal|\n|poke|p1|Eternatus|\n|poke|p2|Yveltal|\n|poke|p2|Eternatus|\n|poke|p2|Necrozma-Dusk-Mane|\n|poke|p2|Ho-Oh|\n|poke|p2|Kyogre|\n|poke|p2|Zygarde|\n|rule|Sleep Clause Mod: Limit one foe put to sleep\n|rule|Species Clause: Limit one of each Pok\u00e9mon\n|rule|OHKO Clause: OHKO moves are banned\n|rule|Evasion Moves Clause: Evasion moves are banned\n|rule|Endless Battle Clause: Forcing endless battles is banned\n|rule|HP Percentage Mod: HP is shown in percentages\n|rule|Dynamax Clause: You cannot dynamax\n|teampreview\n|inactive|Battle timer is ON: inactive players will automatically lose when time's up. (requested by U alek)\n|c|\u2606Diameter\u272fXtreme|hf\n|c|\u2606U alek|u2\n|\n|t:|1617197449\n|start\n|switch|p1a: Eternatus|Eternatus|100\/100\n|switch|p2a: Zygarde|Zygarde|100\/100\n|-ability|p1a: Eternatus|Pressure\n|turn|1\n|\n|t:|1617197455\n|move|p1a: Eternatus|Toxic Spikes|p2a: Zygarde\n|-sidestart|p2: Diameter\u272fXtreme|move: Toxic Spikes\n|move|p2a: Zygarde|Glare|p1a: Eternatus\n|-status|p1a: Eternatus|par\n|\n|upkeep\n|turn|2\n|\n|t:|1617197464\n|switch|p2a: Ho-Oh|Ho-Oh|100\/100\n|move|p1a: Eternatus|Dynamax Cannon|p2a: Ho-Oh\n|-damage|p2a: Ho-Oh|76\/100\n|\n|upkeep\n|turn|3\n|j| rng loser\n|j| trolllordeeerr\n|\n|t:|1617197471\n|switch|p1a: Zygarde|Zygarde|100\/100\n|move|p2a: Ho-Oh|Defog|p1a: Zygarde\n|-unboost|p1a: Zygarde|evasion|1\n|-sideend|p2: Diameter\u272fXtreme|Toxic Spikes|[from] move: Defog|[of] p2a: Ho-Oh\n|\n|upkeep\n|turn|4\n|\n|t:|1617197476\n|move|p1a: Zygarde|Glare|p2a: Ho-Oh\n|-status|p2a: Ho-Oh|par\n|move|p2a: Ho-Oh|Sacred Fire|p1a: Zygarde\n|-resisted|p1a: Zygarde\n|-damage|p1a: Zygarde|89\/100\n|\n|-heal|p1a: Zygarde|96\/100|[from] item: Leftovers\n|upkeep\n|turn|5\n|\n|t:|1617197479\n|move|p1a: Zygarde|Coil|p1a: Zygarde\n|-boost|p1a: Zygarde|atk|1\n|-boost|p1a: Zygarde|def|1\n|-boost|p1a: Zygarde|accuracy|1\n|cant|p2a: Ho-Oh|par\n|\n|-heal|p1a: Zygarde|100\/100|[from] item: Leftovers\n|upkeep\n|turn|6\n|\n|t:|1617197482\n|switch|p2a: Kyogre|Kyogre|100\/100\n|-weather|RainDance|[from] ability: Drizzle|[of] p2a: Kyogre\n|move|p1a: Zygarde|Glare|p2a: Kyogre\n|-status|p2a: Kyogre|par\n|\n|-weather|RainDance|[upkeep]\n|upkeep\n|turn|7\n|\n|t:|1617197487\n|switch|p1a: Eternatus|Eternatus|100\/100 par\n|-ability|p1a: Eternatus|Pressure\n|move|p2a: Kyogre|Ice Beam|p1a: Eternatus\n|-supereffective|p1a: Eternatus\n|-damage|p1a: Eternatus|37\/100 par\n|\n|-weather|RainDance|[upkeep]\n|-heal|p1a: Eternatus|44\/100 par|[from] item: Black Sludge\n|upkeep\n|turn|8\n|\n|t:|1617197494\n|switch|p1a: Necrozma|Necrozma-Dusk-Mane|100\/100\n|move|p2a: Kyogre|Ice Beam|p1a: Necrozma\n|-resisted|p1a: Necrozma\n|-crit|p1a: Necrozma\n|-damage|p1a: Necrozma|67\/100\n|\n|-weather|RainDance|[upkeep]\n|-heal|p1a: Necrozma|73\/100|[from] item: Leftovers\n|upkeep\n|turn|9\n|\n|t:|1617197497\n|switch|p2a: Zygarde|Zygarde|100\/100\n|move|p1a: Necrozma|Stealth Rock|p2a: Zygarde\n|-sidestart|p2: Diameter\u272fXtreme|move: Stealth Rock\n|\n|-weather|RainDance|[upkeep]\n|-heal|p1a: Necrozma|79\/100|[from] item: Leftovers\n|upkeep\n|turn|10\n|j| Caua lisboa\n|\n|t:|1617197505\n|switch|p1a: Zygarde|Zygarde|100\/100\n|move|p2a: Zygarde|Glare|p1a: Zygarde\n|-status|p1a: Zygarde|par\n|\n|-weather|none\n|upkeep\n|turn|11\n|\n|t:|1617197516\n|switch|p2a: Ho-Oh|Ho-Oh|100\/100 par\n|move|p1a: Zygarde|Glare|p2a: Ho-Oh\n|-fail|p2a: Ho-Oh|par\n|\n|upkeep\n|turn|12\n|\n|t:|1617197519\n|move|p1a: Zygarde|Coil|p1a: Zygarde\n|-boost|p1a: Zygarde|atk|1\n|-boost|p1a: Zygarde|def|1\n|-boost|p1a: Zygarde|accuracy|1\n|cant|p2a: Ho-Oh|par\n|\n|upkeep\n|turn|13\n|c| Caua lisboa|oi\n|\n|t:|1617197521\n|move|p1a: Zygarde|Coil|p1a: Zygarde\n|-boost|p1a: Zygarde|atk|1\n|-boost|p1a: Zygarde|def|1\n|-boost|p1a: Zygarde|accuracy|1\n|move|p2a: Ho-Oh|Defog|p1a: Zygarde\n|-unboost|p1a: Zygarde|evasion|1\n|-sideend|p2: Diameter\u272fXtreme|Stealth Rock|[from] move: Defog|[of] p2a: Ho-Oh\n|\n|upkeep\n|turn|14\n|c|\u2606U alek|oi\n|j| Steven Stone 007\n|\n|t:|1617197533\n|switch|p2a: Zygarde|Zygarde|100\/100\n|move|p1a: Zygarde|Thousand Arrows|p2a: Zygarde\n|-damage|p2a: Zygarde|69\/100\n|\n|-heal|p2a: Zygarde|75\/100|[from] item: Leftovers\n|upkeep\n|turn|15\n|\n|t:|1617197538\n|switch|p2a: Kyogre|Kyogre|100\/100 par\n|-weather|RainDance|[from] ability: Drizzle|[of] p2a: Kyogre\n|move|p1a: Zygarde|Coil|p1a: Zygarde\n|-boost|p1a: Zygarde|atk|1\n|-boost|p1a: Zygarde|def|1\n|-boost|p1a: Zygarde|accuracy|1\n|\n|-weather|RainDance|[upkeep]\n|upkeep\n|turn|16\n|\n|t:|1617197546\n|switch|p1a: Ho-Oh|Ho-Oh|100\/100\n|move|p2a: Kyogre|Water Spout|p1a: Ho-Oh\n|-supereffective|p1a: Ho-Oh\n|-crit|p1a: Ho-Oh\n|-damage|p1a: Ho-Oh|0 fnt\n|faint|p1a: Ho-Oh\n|\n|-weather|RainDance|[upkeep]\n|upkeep\n|\n|t:|1617197554\n|switch|p1a: Zacian|Zacian|100\/100\n|-ability|p1a: Zacian|Intrepid Sword|boost\n|-boost|p1a: Zacian|atk|1\n|turn|17\n|\n|t:|1617197557\n|switch|p2a: Alkaline|Necrozma-Dusk-Mane|100\/100\n|move|p1a: Zacian|Crunch|p2a: Alkaline\n|-supereffective|p2a: Alkaline\n|-damage|p2a: Alkaline|44\/100\n|-unboost|p2a: Alkaline|def|1\n|\n|-weather|RainDance|[upkeep]\n|-heal|p2a: Alkaline|50\/100|[from] item: Leftovers\n|upkeep\n|turn|18\n|\n|t:|1617197562\n|switch|p2a: Synthesis|Yveltal, shiny|100\/100\n|-ability|p2a: Synthesis|Dark Aura\n|move|p1a: Zacian|Crunch|p2a: Synthesis\n|-resisted|p2a: Synthesis\n|-damage|p2a: Synthesis|65\/100\n|\n|-weather|RainDance|[upkeep]\n|upkeep\n|turn|19\n|\n|t:|1617197568\n|switch|p1a: Yveltal|Yveltal|100\/100\n|-ability|p1a: Yveltal|Dark Aura\n|move|p2a: Synthesis|Roost|p2a: Synthesis\n|-heal|p2a: Synthesis|100\/100\n|-singleturn|p2a: Synthesis|move: Roost\n|\n|-weather|none\n|upkeep\n|turn|20\n|\n|t:|1617197570\n|move|p1a: Yveltal|U-turn|p2a: Synthesis\n|-damage|p2a: Synthesis|87\/100\n|\n|t:|1617197574\n|switch|p1a: Zacian|Zacian|100\/100|[from]move: U-turn\n|-ability|p1a: Zacian|Intrepid Sword|boost\n|-boost|p1a: Zacian|atk|1\n|move|p2a: Synthesis|U-turn|p1a: Zacian\n|-resisted|p1a: Zacian\n|-damage|p1a: Zacian|91\/100\n|\n|t:|1617197599\n|switch|p2a: Alkaline|Necrozma-Dusk-Mane|50\/100|[from]move: U-turn\n|\n|-heal|p2a: Alkaline|56\/100|[from] item: Leftovers\n|upkeep\n|turn|21\n|\n|t:|1617197609\n|switch|p2a: Ho-Oh|Ho-Oh|100\/100 par\n|move|p1a: Zacian|Crunch|p2a: Ho-Oh\n|-damage|p2a: Ho-Oh|58\/100 par\n|-unboost|p2a: Ho-Oh|def|1\n|\n|upkeep\n|turn|22\n|\n|t:|1617197612\n|switch|p2a: Synthesis|Yveltal, shiny|87\/100\n|-ability|p2a: Synthesis|Dark Aura\n|move|p1a: Zacian|Crunch|p2a: Synthesis\n|-resisted|p2a: Synthesis\n|-damage|p2a: Synthesis|49\/100\n|\n|upkeep\n|turn|23\n|\n|t:|1617197615\n|move|p1a: Zacian|Crunch|p2a: Synthesis\n|-resisted|p2a: Synthesis\n|-damage|p2a: Synthesis|13\/100\n|move|p2a: Synthesis|Roost|p2a: Synthesis\n|-heal|p2a: Synthesis|63\/100\n|-singleturn|p2a: Synthesis|move: Roost\n|\n|upkeep\n|turn|24\n|\n|t:|1617197618\n|move|p1a: Zacian|Crunch|p2a: Synthesis\n|-resisted|p2a: Synthesis\n|-damage|p2a: Synthesis|27\/100\n|-unboost|p2a: Synthesis|def|1\n|move|p2a: Synthesis|Roost|p2a: Synthesis\n|-heal|p2a: Synthesis|77\/100\n|-singleturn|p2a: Synthesis|move: Roost\n|\n|upkeep\n|turn|25\n|\n|t:|1617197621\n|switch|p2a: Zygarde|Zygarde|75\/100\n|move|p1a: Zacian|Crunch|p2a: Zygarde\n|-damage|p2a: Zygarde|36\/100\n|\n|-heal|p2a: Zygarde|42\/100|[from] item: Leftovers\n|-activate|p2a: Zygarde|ability: Power Construct\n|detailschange|p2a: Zygarde|Zygarde-Complete\n|-heal|p2a: Zygarde|62\/100|[silent]\n|upkeep\n|turn|26\n|\n|t:|1617197633\n|switch|p1a: Zygarde|Zygarde|100\/100 par\n|move|p2a: Zygarde|Thousand Arrows|p1a: Zygarde\n|-damage|p1a: Zygarde|84\/100 par\n|\n|-heal|p2a: Zygarde|68\/100|[from] item: Leftovers\n|-heal|p1a: Zygarde|90\/100 par|[from] item: Leftovers\n|upkeep\n|turn|27\n|\n|t:|1617197638\n|switch|p2a: Kyogre|Kyogre|100\/100 par\n|-weather|RainDance|[from] ability: Drizzle|[of] p2a: Kyogre\n|move|p1a: Zygarde|Coil|p1a: Zygarde\n|-boost|p1a: Zygarde|atk|1\n|-boost|p1a: Zygarde|def|1\n|-boost|p1a: Zygarde|accuracy|1\n|\n|-weather|RainDance|[upkeep]\n|-heal|p1a: Zygarde|96\/100 par|[from] item: Leftovers\n|upkeep\n|turn|28\n|\n|t:|1617197643\n|switch|p1a: Eternatus|Eternatus|44\/100 par\n|-ability|p1a: Eternatus|Pressure\n|cant|p2a: Kyogre|par\n|\n|-weather|RainDance|[upkeep]\n|-heal|p1a: Eternatus|50\/100 par|[from] item: Black Sludge\n|upkeep\n|turn|29\n|\n|t:|1617197646\n|move|p1a: Eternatus|Toxic Spikes|p2a: Kyogre\n|-sidestart|p2: Diameter\u272fXtreme|move: Toxic Spikes\n|move|p2a: Kyogre|Ice Beam|p1a: Eternatus\n|-supereffective|p1a: Eternatus\n|-damage|p1a: Eternatus|0 fnt\n|faint|p1a: Eternatus\n|\n|-weather|RainDance|[upkeep]\n|upkeep\n|\n|t:|1617197650\n|switch|p1a: Zacian|Zacian|91\/100\n|-ability|p1a: Zacian|Intrepid Sword|boost\n|-boost|p1a: Zacian|atk|1\n|turn|30\n|\n|t:|1617197665\n|switch|p2a: Alkaline|Necrozma-Dusk-Mane|56\/100\n|move|p1a: Zacian|Wild Charge|p2a: Alkaline\n|-damage|p2a: Alkaline|14\/100\n|-damage|p1a: Zacian|78\/100|[from] Recoil\n|\n|-weather|RainDance|[upkeep]\n|-heal|p2a: Alkaline|20\/100|[from] item: Leftovers\n|upkeep\n|turn|31\n|\n|t:|1617197674\n|move|p1a: Zacian|Wild Charge|p2a: Alkaline\n|-damage|p2a: Alkaline|0 fnt\n|-damage|p1a: Zacian|72\/100|[from] Recoil\n|faint|p2a: Alkaline\n|\n|-weather|none\n|upkeep\n|\n|t:|1617197683\n|switch|p2a: Exo|Eternatus|100\/100\n|-sideend|p2: Diameter\u272fXtreme|move: Toxic Spikes|[of] p2a: Exo\n|-ability|p2a: Exo|Pressure\n|turn|32\n|\n|t:|1617197696\n|switch|p1a: Necrozma|Necrozma-Dusk-Mane|79\/100\n|switch|p2a: Synthesis|Yveltal, shiny|77\/100\n|-ability|p2a: Synthesis|Dark Aura\n|\n|-heal|p1a: Necrozma|85\/100|[from] item: Leftovers\n|upkeep\n|turn|33\n|\n|t:|1617197701\n|switch|p1a: Zacian|Zacian|72\/100\n|-ability|p1a: Zacian|Intrepid Sword|boost\n|-boost|p1a: Zacian|atk|1\n|move|p2a: Synthesis|Knock Off|p1a: Zacian\n|-resisted|p1a: Zacian\n|-damage|p1a: Zacian|43\/100\n|-enditem|p1a: Zacian|Choice Band|[from] move: Knock Off|[of] p2a: Synthesis\n|\n|upkeep\n|turn|34\n|\n|t:|1617197711\n|switch|p2a: Ho-Oh|Ho-Oh|91\/100 par\n|move|p1a: Zacian|Play Rough|p2a: Ho-Oh\n|-resisted|p2a: Ho-Oh\n|-damage|p2a: Ho-Oh|63\/100 par\n|\n|upkeep\n|turn|35\n|\n|t:|1617197718\n|switch|p2a: Exo|Eternatus|100\/100\n|-ability|p2a: Exo|Pressure\n|move|p1a: Zacian|Wild Charge|p2a: Exo\n|-resisted|p2a: Exo\n|-damage|p2a: Exo|81\/100\n|-damage|p1a: Zacian|36\/100|[from] Recoil\n|\n|upkeep\n|turn|36\n|\n|t:|1617197721\n|move|p1a: Zacian|Play Rough|p2a: Exo\n|-damage|p2a: Exo|20\/100\n|move|p2a: Exo|Recover|p2a: Exo\n|-heal|p2a: Exo|70\/100\n|\n|upkeep\n|turn|37\n|\n|t:|1617197723\n|move|p1a: Zacian|Play Rough|p2a: Exo\n|-damage|p2a: Exo|14\/100\n|move|p2a: Exo|Sludge Bomb|p1a: Zacian\n|-supereffective|p1a: Zacian\n|-damage|p1a: Zacian|0 fnt\n|faint|p1a: Zacian\n|\n|upkeep\n|\n|t:|1617197727\n|switch|p1a: Yveltal|Yveltal|100\/100\n|-ability|p1a: Yveltal|Dark Aura\n|turn|38\n|\n|t:|1617197733\n|move|p1a: Yveltal|Oblivion Wing|p2a: Exo\n|-damage|p2a: Exo|0 fnt\n|faint|p2a: Exo\n|\n|upkeep\n|\n|t:|1617197742\n|switch|p2a: Kyogre|Kyogre|100\/100 par\n|-weather|RainDance|[from] ability: Drizzle|[of] p2a: Kyogre\n|turn|39\n|\n|t:|1617197746\n|move|p1a: Yveltal|Oblivion Wing|p2a: Kyogre\n|-damage|p2a: Kyogre|76\/100 par\n|move|p2a: Kyogre|Ice Beam|p1a: Yveltal\n|-supereffective|p1a: Yveltal\n|-damage|p1a: Yveltal|14\/100\n|\n|-weather|RainDance|[upkeep]\n|upkeep\n|turn|40\n|\n|t:|1617197750\n|switch|p1a: Necrozma|Necrozma-Dusk-Mane|85\/100\n|cant|p2a: Kyogre|par\n|\n|-weather|RainDance|[upkeep]\n|-heal|p1a: Necrozma|91\/100|[from] item: Leftovers\n|upkeep\n|turn|41\n|\n|t:|1617197752\n|switch|p2a: Zygarde|Zygarde-Complete|68\/100\n|move|p1a: Necrozma|Stealth Rock|p2a: Zygarde\n|-sidestart|p2: Diameter\u272fXtreme|move: Stealth Rock\n|\n|-weather|RainDance|[upkeep]\n|-heal|p2a: Zygarde|75\/100|[from] item: Leftovers\n|-heal|p1a: Necrozma|97\/100|[from] item: Leftovers\n|upkeep\n|turn|42\n|\n|t:|1617197758\n|switch|p2a: Kyogre|Kyogre|76\/100 par\n|-damage|p2a: Kyogre|64\/100 par|[from] Stealth Rock\n|switch|p1a: Zygarde|Zygarde|96\/100 par\n|\n|-weather|RainDance|[upkeep]\n|-heal|p1a: Zygarde|100\/100 par|[from] item: Leftovers\n|upkeep\n|turn|43\n|\n|t:|1617197763\n|switch|p1a: Necrozma|Necrozma-Dusk-Mane|97\/100\n|move|p2a: Kyogre|Origin Pulse|p1a: Necrozma\n|-damage|p1a: Necrozma|0 fnt\n|faint|p1a: Necrozma\n|\n|-weather|none\n|upkeep\n|\n|t:|1617197767\n|switch|p1a: Zygarde|Zygarde|100\/100 par\n|turn|44\n|\n|t:|1617197776\n|move|p2a: Kyogre|Origin Pulse|p1a: Zygarde\n|-damage|p1a: Zygarde|14\/100 par\n|move|p1a: Zygarde|Rest|p1a: Zygarde\n|-status|p1a: Zygarde|slp|[from] move: Rest\n|-heal|p1a: Zygarde|100\/100 slp|[silent]\n|\n|upkeep\n|turn|45\n|\n|t:|1617197787\n|switch|p2a: Synthesis|Yveltal, shiny|77\/100\n|-ability|p2a: Synthesis|Dark Aura\n|cant|p1a: Zygarde|slp\n|\n|upkeep\n|turn|46\n|\n|t:|1617197797\n|cant|p1a: Zygarde|slp\n|move|p2a: Synthesis|U-turn|p1a: Zygarde\n|-crit|p1a: Zygarde\n|-damage|p1a: Zygarde|83\/100 slp\n|\n|t:|1617197799\n|switch|p2a: Kyogre|Kyogre|64\/100 par|[from]move: U-turn\n|-damage|p2a: Kyogre|52\/100 par|[from] Stealth Rock\n|-weather|RainDance|[from] ability: Drizzle|[of] p2a: Kyogre\n|\n|-weather|RainDance|[upkeep]\n|-heal|p1a: Zygarde|89\/100 slp|[from] item: Leftovers\n|upkeep\n|turn|47\n|\n|t:|1617197808\n|-curestatus|p1a: Zygarde|slp|[msg]\n|move|p1a: Zygarde|Thousand Arrows|p2a: Kyogre\n|-damage|p2a: Kyogre|18\/100 par\n|cant|p2a: Kyogre|par\n|\n|-weather|RainDance|[upkeep]\n|-heal|p1a: Zygarde|95\/100|[from] item: Leftovers\n|upkeep\n|turn|48\n|\n|t:|1617197813\n|move|p1a: Zygarde|Thousand Arrows|p2a: Kyogre\n|-damage|p2a: Kyogre|0 fnt\n|faint|p2a: Kyogre\n|\n|-weather|RainDance|[upkeep]\n|-heal|p1a: Zygarde|100\/100|[from] item: Leftovers\n|upkeep\n|\n|t:|1617197816\n|switch|p2a: Zygarde|Zygarde-Complete|75\/100\n|-damage|p2a: Zygarde|68\/100|[from] Stealth Rock\n|turn|49\n|\n|t:|1617197821\n|move|p1a: Zygarde|Glare|p2a: Zygarde\n|-status|p2a: Zygarde|par\n|move|p2a: Zygarde|Glare|p1a: Zygarde\n|-status|p1a: Zygarde|par\n|\n|-weather|RainDance|[upkeep]\n|-heal|p2a: Zygarde|75\/100 par|[from] item: Leftovers\n|upkeep\n|turn|50\n|\n|t:|1617197826\n|move|p1a: Zygarde|Coil|p1a: Zygarde\n|-boost|p1a: Zygarde|atk|1\n|-boost|p1a: Zygarde|def|1\n|-boost|p1a: Zygarde|accuracy|1\n|cant|p2a: Zygarde|par\n|\n|-weather|none\n|-heal|p2a: Zygarde|81\/100 par|[from] item: Leftovers\n|upkeep\n|turn|51\n|\n|t:|1617197829\n|cant|p1a: Zygarde|par\n|move|p2a: Zygarde|Coil|p2a: Zygarde\n|-boost|p2a: Zygarde|atk|1\n|-boost|p2a: Zygarde|def|1\n|-boost|p2a: Zygarde|accuracy|1\n|\n|-heal|p2a: Zygarde|87\/100 par|[from] item: Leftovers\n|upkeep\n|turn|52\n|\n|t:|1617197831\n|cant|p1a: Zygarde|par\n|move|p2a: Zygarde|Coil|p2a: Zygarde\n|-boost|p2a: Zygarde|atk|1\n|-boost|p2a: Zygarde|def|1\n|-boost|p2a: Zygarde|accuracy|1\n|\n|-heal|p2a: Zygarde|93\/100 par|[from] item: Leftovers\n|upkeep\n|turn|53\n|\n|t:|1617197833\n|move|p1a: Zygarde|Coil|p1a: Zygarde\n|-boost|p1a: Zygarde|atk|1\n|-boost|p1a: Zygarde|def|1\n|-boost|p1a: Zygarde|accuracy|1\n|cant|p2a: Zygarde|par\n|\n|-heal|p2a: Zygarde|99\/100 par|[from] item: Leftovers\n|upkeep\n|turn|54\n|\n|t:|1617197835\n|cant|p1a: Zygarde|par\n|move|p2a: Zygarde|Coil|p2a: Zygarde\n|-boost|p2a: Zygarde|atk|1\n|-boost|p2a: Zygarde|def|1\n|-boost|p2a: Zygarde|accuracy|1\n|\n|-heal|p2a: Zygarde|100\/100 par|[from] item: Leftovers\n|upkeep\n|turn|55\n|\n|t:|1617197839\n|move|p1a: Zygarde|Coil|p1a: Zygarde\n|-boost|p1a: Zygarde|atk|1\n|-boost|p1a: Zygarde|def|1\n|-boost|p1a: Zygarde|accuracy|1\n|move|p2a: Zygarde|Coil|p2a: Zygarde\n|-boost|p2a: Zygarde|atk|1\n|-boost|p2a: Zygarde|def|1\n|-boost|p2a: Zygarde|accuracy|1\n|\n|upkeep\n|turn|56\n|\n|t:|1617197843\n|move|p1a: Zygarde|Coil|p1a: Zygarde\n|-boost|p1a: Zygarde|atk|1\n|-boost|p1a: Zygarde|def|1\n|-boost|p1a: Zygarde|accuracy|1\n|move|p2a: Zygarde|Coil|p2a: Zygarde\n|-boost|p2a: Zygarde|atk|1\n|-boost|p2a: Zygarde|def|1\n|-boost|p2a: Zygarde|accuracy|1\n|\n|upkeep\n|turn|57\n|\n|t:|1617197846\n|move|p1a: Zygarde|Coil|p1a: Zygarde\n|-boost|p1a: Zygarde|atk|1\n|-boost|p1a: Zygarde|def|1\n|-boost|p1a: Zygarde|accuracy|1\n|move|p2a: Zygarde|Coil|p2a: Zygarde\n|-boost|p2a: Zygarde|atk|1\n|-boost|p2a: Zygarde|def|1\n|-boost|p2a: Zygarde|accuracy|1\n|\n|upkeep\n|turn|58\n|\n|t:|1617197849\n|move|p1a: Zygarde|Coil|p1a: Zygarde\n|-boost|p1a: Zygarde|atk|1\n|-boost|p1a: Zygarde|def|1\n|-boost|p1a: Zygarde|accuracy|1\n|move|p2a: Zygarde|Glare|p1a: Zygarde\n|-fail|p1a: Zygarde|par\n|\n|upkeep\n|turn|59\n|\n|t:|1617197853\n|move|p1a: Zygarde|Thousand Arrows|p2a: Zygarde\n|-damage|p2a: Zygarde|90\/100 par\n|move|p2a: Zygarde|Glare|p1a: Zygarde\n|-fail|p1a: Zygarde|par\n|\n|-heal|p2a: Zygarde|97\/100 par|[from] item: Leftovers\n|upkeep\n|turn|60\n|\n|t:|1617197856\n|cant|p1a: Zygarde|par\n|move|p2a: Zygarde|Rest|p2a: Zygarde\n|-status|p2a: Zygarde|slp|[from] move: Rest\n|-heal|p2a: Zygarde|100\/100 slp|[silent]\n|\n|upkeep\n|turn|61\n|\n|t:|1617197866\n|cant|p2a: Zygarde|slp\n|cant|p1a: Zygarde|par\n|\n|upkeep\n|turn|62\n|\n|t:|1617197870\n|cant|p2a: Zygarde|slp\n|move|p1a: Zygarde|Rest|p1a: Zygarde\n|-fail|p1a: Zygarde|heal\n|\n|upkeep\n|turn|63\n|\n|t:|1617197877\n|-curestatus|p2a: Zygarde|slp|[msg]\n|move|p2a: Zygarde|Glare|p1a: Zygarde\n|-fail|p1a: Zygarde|par\n|move|p1a: Zygarde|Glare|p2a: Zygarde\n|-status|p2a: Zygarde|par\n|\n|upkeep\n|turn|64\n|\n|t:|1617197881\n|cant|p1a: Zygarde|par\n|move|p2a: Zygarde|Thousand Arrows|p1a: Zygarde\n|-damage|p1a: Zygarde|84\/100 par\n|\n|-heal|p1a: Zygarde|90\/100 par|[from] item: Leftovers\n|upkeep\n|turn|65\n|\n|t:|1617197883\n|move|p1a: Zygarde|Rest|p1a: Zygarde\n|-status|p1a: Zygarde|slp|[from] move: Rest\n|-heal|p1a: Zygarde|100\/100 slp|[silent]\n|cant|p2a: Zygarde|par\n|\n|upkeep\n|turn|66\n|\n|t:|1617197888\n|cant|p1a: Zygarde|slp\n|move|p2a: Zygarde|Glare||[still]\n|-fail|p2a: Zygarde\n|\n|upkeep\n|turn|67\n|\n|t:|1617197890\n|cant|p1a: Zygarde|slp\n|move|p2a: Zygarde|Glare||[still]\n|-fail|p2a: Zygarde\n|\n|upkeep\n|turn|68\n|\n|t:|1617197908\n|-curestatus|p1a: Zygarde|slp|[msg]\n|move|p1a: Zygarde|Thousand Arrows|p2a: Zygarde\n|-damage|p2a: Zygarde|89\/100 par\n|move|p2a: Zygarde|Glare|p1a: Zygarde\n|-status|p1a: Zygarde|par\n|\n|-heal|p2a: Zygarde|95\/100 par|[from] item: Leftovers\n|upkeep\n|turn|69\n|l| trolllordeeerr\n|c| rng loser|what\n|-message|U alek forfeited.\n|\n|win|Diameter\u272fXtreme\n|n|\u2606U alek|ualek\n|n|\u2606Diameter\u272fXtreme|diameterxtreme\n|n| rng loser|rngloser\n|n| Caua lisboa|caualisboa\n|n| Steven Stone 007|stevenstone007\n","uploadtime":1617197920,"views":20,"p1id":"ualek","p2id":"diameterxtreme","formatid":"gen8ubers","rating":0,"private":0,"password":null}