{"id":"gen8nationaldexmonotype-1318006053","p1":"Platinum Winds","p2":"mongwong","format":"gen8nationaldexmonotype","log":"|j|\u2606Platinum Winds\n|j|\u2606mongwong\n|t:|1617942407\n|gametype|singles\n|player|p1|Platinum Winds|205|1417\n|player|p2|mongwong|silver|1274\n|teamsize|p1|6\n|teamsize|p2|6\n|gen|8\n|tier|[Gen 8] National Dex Monotype\n|rated|\n|clearpoke\n|poke|p1|Tapu Koko|\n|poke|p1|Klefki, F|\n|poke|p1|Sylveon, F|\n|poke|p1|Diancie|\n|poke|p1|Togekiss, F|\n|poke|p1|Azumarill, F|\n|poke|p2|Swampert, M|\n|poke|p2|Pelipper, M|\n|poke|p2|Kingdra, M|\n|poke|p2|Marill, M|\n|poke|p2|Barraskewda, F|\n|poke|p2|Feraligatr, M|\n|rule|HP Percentage Mod: HP is shown in percentages\n|rule|Endless Battle Clause: Forcing endless battles is banned\n|rule|Same Type Clause: Pok\u00e9mon in a team must share a type\n|rule|Species Clause: Limit one of each Pok\u00e9mon\n|rule|OHKO Clause: OHKO moves are banned\n|rule|Evasion Moves Clause: Evasion moves are banned\n|rule|Dynamax Clause: You cannot dynamax\n|rule|Sleep Clause Mod: Limit one foe put to sleep\n|teampreview\n|inactive|Battle timer is ON: inactive players will automatically lose when time's up. (requested by Platinum Winds)\n|\n|t:|1617942422\n|start\n|switch|p1a: Warra|Klefki, F|100\/100\n|switch|p2a: Barraskewda|Barraskewda, F|100\/100\n|turn|1\n|\n|t:|1617942426\n|switch|p2a: Pelipper|Pelipper, M|100\/100\n|-weather|RainDance|[from] ability: Drizzle|[of] p2a: Pelipper\n|move|p1a: Warra|Thunder Wave|p2a: Pelipper\n|-status|p2a: Pelipper|par\n|\n|-weather|RainDance|[upkeep]\n|upkeep\n|turn|2\n|\n|t:|1617942434\n|switch|p1a: Orlaith|Tapu Koko|100\/100\n|-fieldstart|move: Electric Terrain|[from] ability: Electric Surge|[of] p1a: Orlaith\n|move|p2a: Pelipper|U-turn|p1a: Orlaith\n|-resisted|p1a: Orlaith\n|-damage|p1a: Orlaith|95\/100\n|j| SUNNY BOI 0\n|\n|t:|1617942438\n|switch|p2a: Swampert|Swampert, M|100\/100|[from]move: U-turn\n|\n|-weather|RainDance|[upkeep]\n|-heal|p1a: Orlaith|100\/100|[from] item: Leftovers\n|upkeep\n|turn|3\n|\n|t:|1617942443\n|switch|p1a: Sivanya|Togekiss, F|100\/100\n|detailschange|p2a: Swampert|Swampert-Mega, M\n|-mega|p2a: Swampert|Swampert|Swampertite\n|move|p2a: Swampert|Liquidation|p1a: Sivanya\n|-damage|p1a: Sivanya|40\/100\n|\n|-weather|RainDance|[upkeep]\n|-heal|p1a: Sivanya|46\/100|[from] item: Leftovers\n|upkeep\n|turn|4\n|\n|t:|1617942450\n|switch|p1a: Ilayda|Azumarill, F|100\/100\n|move|p2a: Swampert|Liquidation|p1a: Ilayda\n|-resisted|p1a: Ilayda\n|-damage|p1a: Ilayda|56\/100\n|\n|-weather|RainDance|[upkeep]\n|upkeep\n|turn|5\n|\n|t:|1617942456\n|move|p2a: Swampert|Earthquake|p1a: Ilayda\n|-damage|p1a: Ilayda|0 fnt\n|faint|p1a: Ilayda\n|\n|-weather|none\n|upkeep\n|\n|t:|1617942466\n|switch|p1a: Warra|Klefki, F|100\/100\n|turn|6\n|\n|t:|1617942480\n|move|p1a: Warra|Magnet Rise|p1a: Warra\n|-start|p1a: Warra|Magnet Rise\n|move|p2a: Swampert|Earthquake|p1a: Warra\n|-immune|p1a: Warra\n|\n|-fieldend|move: Electric Terrain\n|upkeep\n|turn|7\n|\n|t:|1617942483\n|switch|p2a: Pelipper|Pelipper, M|100\/100 par\n|-weather|RainDance|[from] ability: Drizzle|[of] p2a: Pelipper\n|move|p1a: Warra|Foul Play|p2a: Pelipper\n|-damage|p2a: Pelipper|92\/100 par\n|\n|-weather|RainDance|[upkeep]\n|upkeep\n|turn|8\n|\n|t:|1617942490\n|move|p1a: Warra|Foul Play|p2a: Pelipper\n|-damage|p2a: Pelipper|83\/100 par\n|cant|p2a: Pelipper|par\n|\n|-weather|RainDance|[upkeep]\n|upkeep\n|turn|9\n|\n|t:|1617942494\n|move|p1a: Warra|Foul Play|p2a: Pelipper\n|-damage|p2a: Pelipper|74\/100 par\n|cant|p2a: Pelipper|par\n|\n|-weather|RainDance|[upkeep]\n|upkeep\n|turn|10\n|\n|t:|1617942497\n|move|p1a: Warra|Foul Play|p2a: Pelipper\n|-damage|p2a: Pelipper|66\/100 par\n|move|p2a: Pelipper|U-turn|p1a: Warra\n|-resisted|p1a: Warra\n|-damage|p1a: Warra|99\/100\n|\n|t:|1617942499\n|switch|p2a: Kingdra|Kingdra, M|100\/100|[from]move: U-turn\n|\n|-weather|RainDance|[upkeep]\n|-heal|p1a: Warra|100\/100|[from] item: Leftovers\n|-end|p1a: Warra|Magnet Rise\n|upkeep\n|turn|11\n|\n|t:|1617942503\n|move|p1a: Warra|Thunder Wave|p2a: Kingdra\n|-status|p2a: Kingdra|par\n|move|p2a: Kingdra|Hydro Pump|p1a: Warra\n|-damage|p1a: Warra|0 fnt\n|faint|p1a: Warra\n|\n|-weather|none\n|upkeep\n|\n|t:|1617942511\n|switch|p1a: Sivanya|Togekiss, F|46\/100\n|turn|12\n|\n|t:|1617942516\n|switch|p2a: Marill|Marill, M|100\/100\n|move|p1a: Sivanya|Roost|p1a: Sivanya\n|-heal|p1a: Sivanya|96\/100\n|-singleturn|p1a: Sivanya|move: Roost\n|\n|-heal|p1a: Sivanya|100\/100|[from] item: Leftovers\n|upkeep\n|turn|13\n|\n|t:|1617942519\n|move|p1a: Sivanya|Thunder Wave|p2a: Marill\n|-status|p2a: Marill|par\n|move|p2a: Marill|Whirlpool|p1a: Sivanya\n|-damage|p1a: Sivanya|97\/100\n|-activate|p1a: Sivanya|move: Whirlpool|[of] p2a: Marill\n|\n|-heal|p1a: Sivanya|100\/100|[from] item: Leftovers\n|-damage|p1a: Sivanya|88\/100|[from] move: Whirlpool|[partiallytrapped]\n|upkeep\n|turn|14\n|\n|t:|1617942524\n|move|p1a: Sivanya|Air Slash|p2a: Marill\n|-damage|p2a: Marill|79\/100 par\n|cant|p2a: Marill|flinch\n|\n|-heal|p1a: Sivanya|94\/100|[from] item: Leftovers\n|-damage|p1a: Sivanya|82\/100|[from] move: Whirlpool|[partiallytrapped]\n|upkeep\n|turn|15\n|\n|t:|1617942528\n|move|p1a: Sivanya|Air Slash|p2a: Marill\n|-damage|p2a: Marill|57\/100 par\n|cant|p2a: Marill|flinch\n|\n|-heal|p1a: Sivanya|88\/100|[from] item: Leftovers\n|-damage|p1a: Sivanya|76\/100|[from] move: Whirlpool|[partiallytrapped]\n|upkeep\n|turn|16\n|\n|t:|1617942530\n|move|p1a: Sivanya|Air Slash|p2a: Marill\n|-damage|p2a: Marill|36\/100 par\n|cant|p2a: Marill|flinch\n|\n|-heal|p1a: Sivanya|82\/100|[from] item: Leftovers\n|-damage|p1a: Sivanya|70\/100|[from] move: Whirlpool|[partiallytrapped]\n|upkeep\n|turn|17\n|\n|t:|1617942533\n|move|p2a: Marill|Protect|p2a: Marill\n|-singleturn|p2a: Marill|Protect\n|move|p1a: Sivanya|Air Slash|p2a: Marill\n|-activate|p2a: Marill|move: Protect\n|\n|-heal|p1a: Sivanya|76\/100|[from] item: Leftovers\n|-damage|p1a: Sivanya|64\/100|[from] move: Whirlpool|[partiallytrapped]\n|upkeep\n|turn|18\n|\n|t:|1617942537\n|switch|p2a: Pelipper|Pelipper, M|66\/100 par\n|-weather|RainDance|[from] ability: Drizzle|[of] p2a: Pelipper\n|move|p1a: Sivanya|Air Slash|p2a: Pelipper|[miss]\n|-miss|p1a: Sivanya|p2a: Pelipper\n|\n|-weather|RainDance|[upkeep]\n|-heal|p1a: Sivanya|70\/100|[from] item: Leftovers\n|-end|p1a: Sivanya|Whirlpool|[partiallytrapped]\n|upkeep\n|turn|19\n|\n|t:|1617942544\n|switch|p2a: Marill|Marill, M|36\/100 par\n|move|p1a: Sivanya|Air Slash|p2a: Marill\n|-damage|p2a: Marill|13\/100 par\n|\n|-weather|RainDance|[upkeep]\n|-heal|p1a: Sivanya|76\/100|[from] item: Leftovers\n|upkeep\n|turn|20\n|\n|t:|1617942547\n|move|p1a: Sivanya|Air Slash|p2a: Marill\n|-damage|p2a: Marill|0 fnt\n|faint|p2a: Marill\n|\n|-weather|RainDance|[upkeep]\n|-heal|p1a: Sivanya|82\/100|[from] item: Leftovers\n|upkeep\n|\n|t:|1617942549\n|switch|p2a: Swampert|Swampert-Mega, M|100\/100\n|turn|21\n|\n|t:|1617942551\n|move|p2a: Swampert|Liquidation|p1a: Sivanya\n|-damage|p1a: Sivanya|26\/100\n|-unboost|p1a: Sivanya|def|1\n|move|p1a: Sivanya|Roost|p1a: Sivanya\n|-heal|p1a: Sivanya|76\/100\n|-singleturn|p1a: Sivanya|move: Roost\n|\n|-weather|RainDance|[upkeep]\n|-heal|p1a: Sivanya|82\/100|[from] item: Leftovers\n|upkeep\n|turn|22\n|\n|t:|1617942581\n|move|p2a: Swampert|Liquidation|p1a: Sivanya\n|-damage|p1a: Sivanya|0 fnt\n|faint|p1a: Sivanya\n|\n|-weather|none\n|upkeep\n|\n|t:|1617942601\n|switch|p1a: Thorice|Sylveon, F|100\/100\n|turn|23\n|\n|t:|1617942606\n|switch|p2a: Pelipper|Pelipper, M|66\/100 par\n|-weather|RainDance|[from] ability: Drizzle|[of] p2a: Pelipper\n|move|p1a: Thorice|Hyper Voice|p2a: Pelipper\n|-damage|p2a: Pelipper|8\/100 par\n|\n|-weather|RainDance|[upkeep]\n|upkeep\n|turn|24\n|\n|t:|1617942610\n|switch|p2a: Kingdra|Kingdra, M|100\/100 par\n|move|p1a: Thorice|Wish|p1a: Thorice\n|\n|-weather|RainDance|[upkeep]\n|upkeep\n|turn|25\n|\n|t:|1617942614\n|move|p2a: Kingdra|Hydro Pump|p1a: Thorice\n|-damage|p1a: Thorice|38\/100\n|move|p1a: Thorice|Calm Mind|p1a: Thorice\n|-boost|p1a: Thorice|spa|1\n|-boost|p1a: Thorice|spd|1\n|\n|-weather|RainDance|[upkeep]\n|-heal|p1a: Thorice|88\/100|[from] move: Wish|[wisher] Thorice\n|-heal|p1a: Thorice|94\/100|[from] item: Leftovers\n|upkeep\n|turn|26\n|\n|t:|1617942619\n|move|p2a: Kingdra|Hydro Pump|p1a: Thorice\n|-damage|p1a: Thorice|50\/100\n|move|p1a: Thorice|Wish|p1a: Thorice\n|\n|-weather|RainDance|[upkeep]\n|-heal|p1a: Thorice|57\/100|[from] item: Leftovers\n|upkeep\n|turn|27\n|\n|t:|1617942624\n|switch|p2a: Barraskewda|Barraskewda, F|100\/100\n|move|p1a: Thorice|Calm Mind|p1a: Thorice\n|-boost|p1a: Thorice|spa|1\n|-boost|p1a: Thorice|spd|1\n|\n|-weather|none\n|-heal|p1a: Thorice|100\/100|[from] move: Wish|[wisher] Thorice\n|upkeep\n|turn|28\n|\n|t:|1617942627\n|move|p2a: Barraskewda|Flip Turn|p1a: Thorice\n|-damage|p1a: Thorice|36\/100\n|\n|t:|1617942631\n|switch|p2a: Pelipper|Pelipper, M|8\/100 par|[from]move: Flip Turn\n|-weather|RainDance|[from] ability: Drizzle|[of] p2a: Pelipper\n|move|p1a: Thorice|Hyper Voice|p2a: Pelipper\n|-damage|p2a: Pelipper|0 fnt\n|faint|p2a: Pelipper\n|\n|-weather|RainDance|[upkeep]\n|-heal|p1a: Thorice|42\/100|[from] item: Leftovers\n|upkeep\n|\n|t:|1617942635\n|switch|p2a: Barraskewda|Barraskewda, F|100\/100\n|turn|29\n|\n|t:|1617942653\n|move|p2a: Barraskewda|Liquidation|p1a: Thorice\n|-damage|p1a: Thorice|0 fnt\n|faint|p1a: Thorice\n|\n|-weather|RainDance|[upkeep]\n|upkeep\n|\n|t:|1617942655\n|switch|p1a: Orlaith|Tapu Koko|100\/100\n|-fieldstart|move: Electric Terrain|[from] ability: Electric Surge|[of] p1a: Orlaith\n|turn|30\n|j| BoysOurRoy\n|inactive|mongwong has 120 seconds left.\n|\n|t:|1617942691\n|move|p2a: Barraskewda|Liquidation|p1a: Orlaith\n|-damage|p1a: Orlaith|0 fnt\n|faint|p1a: Orlaith\n|\n|-weather|RainDance|[upkeep]\n|upkeep\n|\n|t:|1617942697\n|switch|p1a: Aine|Diancie|100\/100\n|turn|31\n|\n|t:|1617942702\n|detailschange|p1a: Aine|Diancie-Mega\n|-mega|p1a: Aine|Diancie|Diancite\n|move|p2a: Barraskewda|Liquidation|p1a: Aine\n|-supereffective|p1a: Aine\n|-damage|p1a: Aine|0 fnt\n|faint|p1a: Aine\n|\n|win|mongwong\n|raw|Platinum Winds's rating: 1417 &rarr; <strong>1389<\/strong><br \/>(-28 for losing)\n|raw|mongwong's rating: 1274 &rarr; <strong>1309<\/strong><br \/>(+35 for winning)\n","uploadtime":1617942706,"views":11,"p1id":"platinumwinds","p2id":"mongwong","formatid":"gen8nationaldexmonotype","rating":1309,"private":0,"password":null}