{"id":"gen8bdspuu-1466113302","p1":"VirginJimmy99","p2":"FlameUnbroken","format":"gen8bdspuu","log":"|j|\u2606VirginJimmy99\n|j|\u2606FlameUnbroken\n|t:|1638570822\n|gametype|singles\n|player|p1|VirginJimmy99|rocketgrunt|1201\n|player|p2|FlameUnbroken|169|1068\n|teamsize|p1|6\n|teamsize|p2|6\n|gen|8\n|tier|[Gen 8 BDSP] UU\n|rated|\n|rule|Sleep Clause Mod: Limit one foe put to sleep\n|rule|Species Clause: Limit one of each Pok\u00e9mon\n|rule|OHKO Clause: OHKO moves are banned\n|rule|Evasion Moves Clause: Evasion moves are banned\n|rule|Endless Battle Clause: Forcing endless battles is banned\n|rule|HP Percentage Mod: HP is shown in percentages\n|clearpoke\n|poke|p1|Shuckle, M|\n|poke|p1|Mismagius, F|\n|poke|p1|Primeape, F|\n|poke|p1|Sneasel, M|\n|poke|p1|Blastoise, F|\n|poke|p1|Ursaring, M|\n|poke|p2|Zangoose, M|\n|poke|p2|Smeargle, M|\n|poke|p2|Gardevoir, M|\n|poke|p2|Quagsire, F|\n|poke|p2|Salamence, F|\n|poke|p2|Nidoking, M|\n|teampreview\n|\n|t:|1638570861\n|start\n|switch|p1a: Shuckle|Shuckle, M|100\/100\n|switch|p2a: Smeargle|Smeargle, M|100\/100\n|turn|1\n|\n|t:|1638570865\n|move|p2a: Smeargle|Spore|p1a: Shuckle\n|-status|p1a: Shuckle|slp|[from] move: Spore\n|cant|p1a: Shuckle|slp\n|\n|upkeep\n|turn|2\n|\n|t:|1638570871\n|move|p2a: Smeargle|Sticky Web|p1a: Shuckle\n|-sidestart|p1: VirginJimmy99|move: Sticky Web\n|cant|p1a: Shuckle|slp\n|\n|upkeep\n|turn|3\n|\n|t:|1638570873\n|move|p2a: Smeargle|Stealth Rock|p1a: Shuckle\n|-sidestart|p1: VirginJimmy99|move: Stealth Rock\n|-curestatus|p1a: Shuckle|slp|[msg]\n|move|p1a: Shuckle|Sticky Web|p2a: Smeargle\n|-sidestart|p2: FlameUnbroken|move: Sticky Web\n|\n|upkeep\n|turn|4\n|\n|t:|1638570881\n|move|p2a: Smeargle|Spore|p1a: Shuckle\n|-status|p1a: Shuckle|slp|[from] move: Spore\n|cant|p1a: Shuckle|slp\n|\n|upkeep\n|turn|5\n|\n|t:|1638570886\n|switch|p2a: Zangoose|Zangoose, M|100\/100\n|-activate|p2a: Zangoose|move: Sticky Web\n|-unboost|p2a: Zangoose|spe|1\n|cant|p1a: Shuckle|slp\n|\n|-status|p2a: Zangoose|tox|[from] item: Toxic Orb\n|upkeep\n|turn|6\n|\n|t:|1638570889\n|move|p2a: Zangoose|Swords Dance|p2a: Zangoose\n|-boost|p2a: Zangoose|atk|2\n|cant|p1a: Shuckle|slp\n|\n|-damage|p2a: Zangoose|95\/100 tox|[from] psn\n|upkeep\n|turn|7\n|\n|t:|1638570891\n|move|p2a: Zangoose|Close Combat|p1a: Shuckle\n|-damage|p1a: Shuckle|21\/100 slp\n|-unboost|p2a: Zangoose|def|1\n|-unboost|p2a: Zangoose|spd|1\n|-curestatus|p1a: Shuckle|slp|[msg]\n|move|p1a: Shuckle|Stealth Rock|p2a: Zangoose\n|-sidestart|p2: FlameUnbroken|move: Stealth Rock\n|\n|-damage|p2a: Zangoose|83\/100 tox|[from] psn\n|upkeep\n|turn|8\n|\n|t:|1638570897\n|move|p2a: Zangoose|Facade|p1a: Shuckle\n|-resisted|p1a: Shuckle\n|-damage|p1a: Shuckle|0 fnt\n|faint|p1a: Shuckle\n|\n|-damage|p2a: Zangoose|65\/100 tox|[from] psn\n|upkeep\n|\n|t:|1638570911\n|switch|p1a: Primeape|Primeape, F|100\/100\n|-damage|p1a: Primeape|95\/100|[from] Stealth Rock\n|-activate|p1a: Primeape|move: Sticky Web\n|-unboost|p1a: Primeape|spe|1\n|-ability|p1a: Primeape|Defiant\n|-boost|p1a: Primeape|atk|2\n|turn|9\n|\n|t:|1638570915\n|move|p2a: Zangoose|Quick Attack|p1a: Primeape\n|-damage|p1a: Primeape|0 fnt\n|faint|p1a: Primeape\n|\n|-damage|p2a: Zangoose|41\/100 tox|[from] psn\n|upkeep\n|\n|t:|1638570920\n|switch|p1a: Mismagius|Mismagius, F|100\/100\n|-damage|p1a: Mismagius|88\/100|[from] Stealth Rock\n|turn|10\n|\n|t:|1638570924\n|switch|p2a: Smeargle|Smeargle, M|100\/100\n|-activate|p2a: Smeargle|move: Sticky Web\n|-unboost|p2a: Smeargle|spe|1\n|-damage|p2a: Smeargle|88\/100|[from] Stealth Rock\n|move|p1a: Mismagius|Nasty Plot|p1a: Mismagius\n|-boost|p1a: Mismagius|spa|2\n|\n|-heal|p1a: Mismagius|94\/100|[from] item: Leftovers\n|upkeep\n|turn|11\n|\n|t:|1638570926\n|move|p1a: Mismagius|Substitute|p1a: Mismagius\n|-start|p1a: Mismagius|Substitute\n|-damage|p1a: Mismagius|69\/100\n|move|p2a: Smeargle|Spore||[still]\n|-fail|p2a: Smeargle\n|\n|-heal|p1a: Mismagius|76\/100|[from] item: Leftovers\n|upkeep\n|turn|12\n|\n|t:|1638570929\n|switch|p2a: Quagsire|Quagsire, F|100\/100\n|-activate|p2a: Quagsire|move: Sticky Web\n|-unboost|p2a: Quagsire|spe|1\n|-damage|p2a: Quagsire|94\/100|[from] Stealth Rock\n|move|p1a: Mismagius|Nasty Plot|p1a: Mismagius\n|-boost|p1a: Mismagius|spa|2\n|\n|-heal|p1a: Mismagius|82\/100|[from] item: Leftovers\n|-heal|p2a: Quagsire|100\/100|[from] item: Leftovers\n|upkeep\n|turn|13\n|\n|t:|1638570932\n|move|p1a: Mismagius|Shadow Ball|p2a: Quagsire\n|-damage|p2a: Quagsire|59\/100\n|-unboost|p2a: Quagsire|spd|1\n|move|p2a: Quagsire|Scald|p1a: Mismagius\n|-end|p1a: Mismagius|Substitute\n|\n|-heal|p1a: Mismagius|88\/100|[from] item: Leftovers\n|-heal|p2a: Quagsire|65\/100|[from] item: Leftovers\n|upkeep\n|turn|14\n|\n|t:|1638570941\n|switch|p2a: Smeargle|Smeargle, M|88\/100\n|-damage|p2a: Smeargle|76\/100|[from] Stealth Rock\n|-activate|p2a: Smeargle|move: Sticky Web\n|-unboost|p2a: Smeargle|spe|1\n|move|p1a: Mismagius|Shadow Ball|p2a: Smeargle\n|-immune|p2a: Smeargle\n|\n|-heal|p1a: Mismagius|94\/100|[from] item: Leftovers\n|upkeep\n|turn|15\n|\n|t:|1638570945\n|switch|p2a: Quagsire|Quagsire, F|65\/100\n|-damage|p2a: Quagsire|59\/100|[from] Stealth Rock\n|-activate|p2a: Quagsire|move: Sticky Web\n|-unboost|p2a: Quagsire|spe|1\n|move|p1a: Mismagius|Substitute|p1a: Mismagius\n|-start|p1a: Mismagius|Substitute\n|-damage|p1a: Mismagius|69\/100\n|\n|-heal|p1a: Mismagius|75\/100|[from] item: Leftovers\n|-heal|p2a: Quagsire|65\/100|[from] item: Leftovers\n|upkeep\n|turn|16\n|\n|t:|1638570948\n|move|p1a: Mismagius|Shadow Ball|p2a: Quagsire\n|-damage|p2a: Quagsire|22\/100\n|-unboost|p2a: Quagsire|spd|1\n|move|p2a: Quagsire|Recover|p2a: Quagsire\n|-heal|p2a: Quagsire|72\/100\n|\n|-heal|p1a: Mismagius|81\/100|[from] item: Leftovers\n|-heal|p2a: Quagsire|78\/100|[from] item: Leftovers\n|upkeep\n|turn|17\n|\n|t:|1638570965\n|switch|p2a: Smeargle|Smeargle, M|76\/100\n|-damage|p2a: Smeargle|63\/100|[from] Stealth Rock\n|-activate|p2a: Smeargle|move: Sticky Web\n|-unboost|p2a: Smeargle|spe|1\n|move|p1a: Mismagius|Shadow Ball|p2a: Smeargle\n|-immune|p2a: Smeargle\n|\n|-heal|p1a: Mismagius|87\/100|[from] item: Leftovers\n|upkeep\n|turn|18\n|\n|t:|1638570974\n|move|p1a: Mismagius|Shadow Ball|p2a: Smeargle\n|-immune|p2a: Smeargle\n|move|p2a: Smeargle|Sticky Web||[still]\n|-fail|p2a: Smeargle\n|\n|-heal|p1a: Mismagius|94\/100|[from] item: Leftovers\n|upkeep\n|turn|19\n|\n|t:|1638570979\n|move|p1a: Mismagius|Nasty Plot|p1a: Mismagius\n|-boost|p1a: Mismagius|spa|2\n|move|p2a: Smeargle|Sticky Web||[still]\n|-fail|p2a: Smeargle\n|\n|-heal|p1a: Mismagius|99\/100|[from] item: Leftovers\n|upkeep\n|turn|20\n|\n|t:|1638570982\n|move|p1a: Mismagius|Dazzling Gleam|p2a: Smeargle\n|-damage|p2a: Smeargle|0 fnt\n|faint|p2a: Smeargle\n|\n|-heal|p1a: Mismagius|100\/100|[from] item: Leftovers\n|upkeep\n|\n|t:|1638570989\n|switch|p2a: Quagsire|Quagsire, F|78\/100\n|-damage|p2a: Quagsire|72\/100|[from] Stealth Rock\n|-activate|p2a: Quagsire|move: Sticky Web\n|-unboost|p2a: Quagsire|spe|1\n|turn|21\n|\n|t:|1638570991\n|switch|p2a: Zangoose|Zangoose, M|41\/100 tox\n|-activate|p2a: Zangoose|move: Sticky Web\n|-unboost|p2a: Zangoose|spe|1\n|-damage|p2a: Zangoose|29\/100 tox|[from] Stealth Rock\n|move|p1a: Mismagius|Shadow Ball|p2a: Zangoose\n|-immune|p2a: Zangoose\n|\n|-damage|p2a: Zangoose|23\/100 tox|[from] psn\n|upkeep\n|turn|22\n|\n|t:|1638570995\n|move|p1a: Mismagius|Dazzling Gleam|p2a: Zangoose\n|-damage|p2a: Zangoose|0 fnt\n|faint|p2a: Zangoose\n|\n|upkeep\n|\n|t:|1638571002\n|switch|p2a: Quagsire|Quagsire, F|72\/100\n|-damage|p2a: Quagsire|66\/100|[from] Stealth Rock\n|-activate|p2a: Quagsire|move: Sticky Web\n|-unboost|p2a: Quagsire|spe|1\n|turn|23\n|\n|t:|1638571003\n|move|p1a: Mismagius|Shadow Ball|p2a: Quagsire\n|-damage|p2a: Quagsire|18\/100\n|move|p2a: Quagsire|Scald|p1a: Mismagius\n|-end|p1a: Mismagius|Substitute\n|\n|-heal|p2a: Quagsire|24\/100|[from] item: Leftovers\n|upkeep\n|turn|24\n|\n|t:|1638571017\n|move|p1a: Mismagius|Shadow Ball|p2a: Quagsire\n|-damage|p2a: Quagsire|0 fnt\n|faint|p2a: Quagsire\n|\n|upkeep\n|\n|t:|1638571022\n|switch|p2a: Gardevoir|Gardevoir, M|100\/100\n|-damage|p2a: Gardevoir|88\/100|[from] Stealth Rock\n|-activate|p2a: Gardevoir|move: Sticky Web\n|-unboost|p2a: Gardevoir|spe|1\n|-ability|p2a: Gardevoir|Levitate|[from] ability: Trace|[of] p1a: Mismagius\n|turn|25\n|\n|t:|1638571029\n|move|p1a: Mismagius|Shadow Ball|p2a: Gardevoir\n|-supereffective|p2a: Gardevoir\n|-damage|p2a: Gardevoir|0 fnt\n|faint|p2a: Gardevoir\n|\n|upkeep\n|\n|t:|1638571031\n|switch|p2a: Salamence|Salamence, F|100\/100\n|-damage|p2a: Salamence|76\/100|[from] Stealth Rock\n|turn|26\n|\n|t:|1638571034\n|move|p2a: Salamence|Outrage|p1a: Mismagius\n|-damage|p1a: Mismagius|0 fnt\n|faint|p1a: Mismagius\n|-ability|p2a: Salamence|Moxie|boost\n|-boost|p2a: Salamence|atk|1\n|\n|upkeep\n|\n|t:|1638571038\n|switch|p1a: Sneasel|Sneasel, M|100\/100\n|-activate|p1a: Sneasel|move: Sticky Web\n|-unboost|p1a: Sneasel|spe|1\n|-damage|p1a: Sneasel|76\/100|[from] Stealth Rock\n|turn|27\n|\n|t:|1638571042\n|move|p1a: Sneasel|Ice Shard|p2a: Salamence\n|-supereffective|p2a: Salamence\n|-damage|p2a: Salamence|0 fnt\n|faint|p2a: Salamence\n|-damage|p1a: Sneasel|66\/100|[from] item: Life Orb\n|\n|upkeep\n|\n|t:|1638571044\n|switch|p2a: Nidoking|Nidoking, M|100\/100\n|-damage|p2a: Nidoking|95\/100|[from] Stealth Rock\n|-activate|p2a: Nidoking|move: Sticky Web\n|-unboost|p2a: Nidoking|spe|1\n|turn|28\n|\n|t:|1638571049\n|move|p1a: Sneasel|Ice Shard|p2a: Nidoking\n|-supereffective|p2a: Nidoking\n|-damage|p2a: Nidoking|35\/100\n|-damage|p1a: Sneasel|56\/100|[from] item: Life Orb\n|move|p2a: Nidoking|Sludge Wave|p1a: Sneasel\n|-damage|p1a: Sneasel|0 fnt\n|faint|p1a: Sneasel\n|\n|upkeep\n|\n|t:|1638571052\n|switch|p1a: Blastoise|Blastoise, F|100\/100\n|-activate|p1a: Blastoise|move: Sticky Web\n|-unboost|p1a: Blastoise|spe|1\n|-damage|p1a: Blastoise|88\/100|[from] Stealth Rock\n|-enditem|p1a: Blastoise|White Herb\n|-clearnegativeboost|p1a: Blastoise|[silent]\n|turn|29\n|\n|t:|1638571054\n|move|p1a: Blastoise|Ice Beam|p2a: Nidoking\n|-supereffective|p2a: Nidoking\n|-damage|p2a: Nidoking|0 fnt\n|faint|p2a: Nidoking\n|\n|win|VirginJimmy99\n|raw|VirginJimmy99's rating: 1201 &rarr; <strong>1217<\/strong><br \/>(+16 for winning)\n|raw|FlameUnbroken's rating: 1068 &rarr; <strong>1055<\/strong><br \/>(-13 for losing)\n|l|\u2606FlameUnbroken\n||Ladder isn't responding, score probably updated but might not have (Request timeout).\n","uploadtime":1638571074,"views":6,"p1id":"virginjimmy99","p2id":"flameunbroken","formatid":"gen8bdspuu","rating":1055,"private":0,"password":null}