{"id":"gen8ou-1249922813","p1":"Not Sarcasm","p2":"Vodyne","format":"gen8ou","log":"|j|\u2606Not Sarcasm\n|j|\u2606Vodyne\n|t:|1608860784\n|player|p1|Not Sarcasm|266|\n|player|p2|Vodyne|265|\n|teamsize|p1|6\n|teamsize|p2|6\n|gametype|singles\n|gen|8\n|tier|[Gen 8] OU\n|rated|Tournament battle\n|clearpoke\n|poke|p1|Garchomp, M|\n|poke|p1|Kartana|\n|poke|p1|Landorus-Therian, M|\n|poke|p1|Rillaboom, F|\n|poke|p1|Hydreigon, F|\n|poke|p1|Nidoking, M|\n|poke|p2|Snorlax, F|\n|poke|p2|Suicune|\n|poke|p2|Melmetal|\n|poke|p2|Victini|\n|poke|p2|Landorus-Therian, M|\n|poke|p2|Talonflame, F|\n|rule|Sleep Clause Mod: Limit one foe put to sleep\n|rule|Species Clause: Limit one of each Pok\u00e9mon\n|rule|OHKO Clause: OHKO moves are banned\n|rule|Evasion Moves Clause: Evasion moves are banned\n|rule|Endless Battle Clause: Forcing endless battles is banned\n|rule|HP Percentage Mod: HP is shown in percentages\n|rule|Dynamax Clause: You cannot dynamax\n|teampreview\n|inactive|Battle timer is ON: inactive players will automatically lose when time's up. (requested by Not Sarcasm)\n|j| Daymo\n|j| pootiness\n|\n|t:|1608860796\n|start\n|switch|p1a: Landorus|Landorus-Therian, M|100\/100\n|switch|p2a: Suicune|Suicune|100\/100\n|-ability|p2a: Suicune|Pressure\n|-ability|p1a: Landorus|Intimidate|boost\n|-unboost|p2a: Suicune|atk|1\n|turn|1\n|\n|t:|1608860803\n|move|p2a: Suicune|Ice Beam|p1a: Landorus\n|-supereffective|p1a: Landorus\n|-damage|p1a: Landorus|21\/100\n|move|p1a: Landorus|Knock Off|p2a: Suicune\n|-damage|p2a: Suicune|84\/100\n|-enditem|p2a: Suicune|Leftovers|[from] move: Knock Off|[of] p1a: Landorus\n|\n|upkeep\n|turn|2\n|j| Mikirae\n|\n|t:|1608860812\n|switch|p1a: Hydreigon|Hydreigon, F|100\/100\n|move|p2a: Suicune|Ice Beam|p1a: Hydreigon\n|-supereffective|p1a: Hydreigon\n|-damage|p1a: Hydreigon|66\/100\n|\n|-heal|p1a: Hydreigon|73\/100|[from] item: Leftovers\n|upkeep\n|turn|3\n|j| msk930\n|\n|t:|1608860819\n|switch|p2a: Snorlax|Snorlax, F|100\/100\n|move|p1a: Hydreigon|Nasty Plot|p1a: Hydreigon\n|-boost|p1a: Hydreigon|spa|2\n|\n|-heal|p1a: Hydreigon|79\/100|[from] item: Leftovers\n|upkeep\n|turn|4\n|\n|t:|1608860825\n|move|p1a: Hydreigon|Dark Pulse|p2a: Snorlax\n|-damage|p2a: Snorlax|71\/100\n|move|p2a: Snorlax|Body Slam|p1a: Hydreigon\n|-damage|p1a: Hydreigon|46\/100\n|-status|p1a: Hydreigon|par\n|\n|-heal|p1a: Hydreigon|52\/100 par|[from] item: Leftovers\n|-heal|p2a: Snorlax|77\/100|[from] item: Leftovers\n|upkeep\n|turn|5\n|l| msk930\n|c|\u2606Not Sarcasm|awwh\n|\n|t:|1608860834\n|move|p1a: Hydreigon|Roost|p1a: Hydreigon\n|-heal|p1a: Hydreigon|100\/100 par\n|-singleturn|p1a: Hydreigon|move: Roost\n|move|p2a: Snorlax|Body Slam|p1a: Hydreigon\n|-damage|p1a: Hydreigon|67\/100 par\n|\n|-heal|p1a: Hydreigon|73\/100 par|[from] item: Leftovers\n|-heal|p2a: Snorlax|83\/100|[from] item: Leftovers\n|upkeep\n|turn|6\n|\n|t:|1608860842\n|move|p1a: Hydreigon|Nasty Plot|p1a: Hydreigon\n|-boost|p1a: Hydreigon|spa|2\n|move|p2a: Snorlax|Body Slam|p1a: Hydreigon\n|-damage|p1a: Hydreigon|42\/100 par\n|\n|-heal|p1a: Hydreigon|49\/100 par|[from] item: Leftovers\n|-heal|p2a: Snorlax|89\/100|[from] item: Leftovers\n|upkeep\n|turn|7\n|l| Daymo\n|\n|t:|1608860850\n|move|p1a: Hydreigon|Roost|p1a: Hydreigon\n|-heal|p1a: Hydreigon|99\/100 par\n|-singleturn|p1a: Hydreigon|move: Roost\n|move|p2a: Snorlax|Body Slam|p1a: Hydreigon\n|-damage|p1a: Hydreigon|67\/100 par\n|\n|-heal|p1a: Hydreigon|73\/100 par|[from] item: Leftovers\n|-heal|p2a: Snorlax|96\/100|[from] item: Leftovers\n|upkeep\n|turn|8\n|\n|t:|1608860858\n|cant|p1a: Hydreigon|par\n|move|p2a: Snorlax|Curse|p2a: Snorlax\n|-unboost|p2a: Snorlax|spe|1\n|-boost|p2a: Snorlax|atk|1\n|-boost|p2a: Snorlax|def|1\n|\n|-heal|p1a: Hydreigon|79\/100 par|[from] item: Leftovers\n|-heal|p2a: Snorlax|100\/100|[from] item: Leftovers\n|upkeep\n|turn|9\n|\n|t:|1608860866\n|cant|p1a: Hydreigon|par\n|move|p2a: Snorlax|Body Slam|p1a: Hydreigon\n|-damage|p1a: Hydreigon|31\/100 par\n|\n|-heal|p1a: Hydreigon|37\/100 par|[from] item: Leftovers\n|upkeep\n|turn|10\n|\n|t:|1608860871\n|move|p1a: Hydreigon|Dark Pulse|p2a: Snorlax\n|-damage|p2a: Snorlax|53\/100\n|move|p2a: Snorlax|Body Slam|p1a: Hydreigon\n|-damage|p1a: Hydreigon|0 fnt\n|faint|p1a: Hydreigon\n|\n|-heal|p2a: Snorlax|59\/100|[from] item: Leftovers\n|upkeep\n|\n|t:|1608860879\n|switch|p1a: Garchomp|Garchomp, M|100\/100\n|turn|11\n|\n|t:|1608860885\n|switch|p2a: Suicune|Suicune|84\/100\n|-ability|p2a: Suicune|Pressure\n|move|p1a: Garchomp|Swords Dance|p1a: Garchomp\n|-boost|p1a: Garchomp|atk|2\n|\n|upkeep\n|turn|12\n|\n|t:|1608860893\n|move|p1a: Garchomp|Scale Shot|p2a: Suicune\n|-damage|p2a: Suicune|69\/100\n|-damage|p2a: Suicune|54\/100\n|-damage|p2a: Suicune|41\/100\n|-hitcount|p2a: Suicune|3\n|-unboost|p1a: Garchomp|def|1\n|-boost|p1a: Garchomp|spe|1\n|move|p2a: Suicune|Ice Beam|p1a: Garchomp\n|-supereffective|p1a: Garchomp\n|-damage|p1a: Garchomp|14\/100\n|\n|upkeep\n|turn|13\n|\n|t:|1608860905\n|move|p1a: Garchomp|Earthquake|p2a: Suicune\n|-damage|p2a: Suicune|0 fnt\n|faint|p2a: Suicune\n|\n|upkeep\n|\n|t:|1608860909\n|switch|p2a: Landorus|Landorus-Therian, M|100\/100\n|-ability|p2a: Landorus|Intimidate|boost\n|-unboost|p1a: Garchomp|atk|1\n|turn|14\n|\n|t:|1608860916\n|move|p1a: Garchomp|Scale Shot|p2a: Landorus\n|-crit|p2a: Landorus\n|-damage|p2a: Landorus|65\/100\n|-damage|p2a: Landorus|43\/100\n|-damage|p2a: Landorus|20\/100\n|-damage|p2a: Landorus|0 fnt\n|-hitcount|p2a: Landorus|4\n|-unboost|p1a: Garchomp|def|1\n|-boost|p1a: Garchomp|spe|1\n|faint|p2a: Landorus\n|\n|upkeep\n|c|\u2606Not Sarcasm|I am awesome\n|c|\u2606Vodyne|yep\n|inactive|Vodyne has 120 seconds left.\n|c| pootiness|just get crits, with massive skill\n|c|\u2606Not Sarcasm|I mean he haxed me to death\n|l| pootiness\n|c|\u2606Not Sarcasm|it's sweet, sweet justice\n|inactive|Vodyne has 90 seconds left.\n|\n|t:|1608860989\n|switch|p2a: Talonflame|Talonflame, F|100\/100\n|turn|15\n|\n|t:|1608860993\n|move|p1a: Garchomp|Scale Shot|p2a: Talonflame\n|-damage|p2a: Talonflame|72\/100\n|-damage|p2a: Talonflame|40\/100\n|-damage|p2a: Talonflame|12\/100\n|-crit|p2a: Talonflame\n|-damage|p2a: Talonflame|0 fnt\n|-hitcount|p2a: Talonflame|4\n|-unboost|p1a: Garchomp|def|1\n|-boost|p1a: Garchomp|spe|1\n|faint|p2a: Talonflame\n|\n|upkeep\n|inactive|Vodyne has 90 seconds left.\n|c|\u2606Not Sarcasm|crit mattered\n|\n|t:|1608861016\n|switch|p2a: Melmetal|Melmetal|100\/100\n|turn|16\n|\n|t:|1608861022\n|move|p1a: Garchomp|Earthquake|p2a: Melmetal\n|-supereffective|p2a: Melmetal\n|-damage|p2a: Melmetal|4\/100\n|move|p2a: Melmetal|Ice Punch|p1a: Garchomp\n|-supereffective|p1a: Garchomp\n|-damage|p1a: Garchomp|0 fnt\n|-damage|p2a: Melmetal|0 fnt|[from] ability: Rough Skin|[of] p1a: Garchomp\n|faint|p1a: Garchomp\n|faint|p2a: Melmetal\n|\n|upkeep\n|c|\u2606Not Sarcasm|I am awesome\n|\n|t:|1608861031\n|switch|p1a: Landorus|Landorus-Therian, M|21\/100\n|switch|p2a: Victini|Victini|100\/100\n|-ability|p1a: Landorus|Intimidate|boost\n|-unboost|p2a: Victini|atk|1\n|turn|17\n|j|%pastagirl\n|inactive|Vodyne has 90 seconds left.\n|j| SweetPatata\n|\n|t:|1608861039\n|switch|p2a: Snorlax|Snorlax, F|59\/100\n|move|p1a: Landorus|Knock Off|p2a: Snorlax\n|-damage|p2a: Snorlax|29\/100\n|-enditem|p2a: Snorlax|Leftovers|[from] move: Knock Off|[of] p1a: Landorus\n|\n|upkeep\n|turn|18\n|\n|t:|1608861047\n|move|p1a: Landorus|Earthquake|p2a: Snorlax\n|-damage|p2a: Snorlax|0 fnt\n|faint|p2a: Snorlax\n|\n|upkeep\n|\n|t:|1608861049\n|switch|p2a: Victini|Victini|100\/100\n|turn|19\n|c|\u2606Not Sarcasm|baby baby baby\n|c|\u2606Not Sarcasm|baby baby\n|\n|t:|1608861060\n|move|p2a: Victini|V-create|p1a: Landorus\n|-damage|p1a: Landorus|0 fnt\n|-unboost|p2a: Victini|spe|1\n|-unboost|p2a: Victini|def|1\n|-unboost|p2a: Victini|spd|1\n|-damage|p2a: Victini|84\/100|[from] item: Rocky Helmet|[of] p1a: Landorus\n|faint|p1a: Landorus\n|\n|upkeep\n|c|\u2606Not Sarcasm|i am awesaome\n|\n|t:|1608861067\n|switch|p1a: Rillaboom|Rillaboom, F|100\/100\n|-fieldstart|move: Grassy Terrain|[from] ability: Grassy Surge|[of] p1a: Rillaboom\n|turn|20\n|\n|t:|1608861071\n|move|p1a: Rillaboom|Grassy Glide|p2a: Victini\n|-resisted|p2a: Victini\n|-damage|p2a: Victini|23\/100\n|move|p2a: Victini|V-create|p1a: Rillaboom\n|-supereffective|p1a: Rillaboom\n|-damage|p1a: Rillaboom|0 fnt\n|-unboost|p2a: Victini|spe|1\n|-unboost|p2a: Victini|def|1\n|-unboost|p2a: Victini|spd|1\n|faint|p1a: Rillaboom\n|\n|-heal|p2a: Victini|29\/100|[from] Grassy Terrain\n|upkeep\n|c|\u2606Not Sarcasm|baby\n|c|\u2606Not Sarcasm|babby baby\n|c|\u2606Not Sarcasm|baby baby\n|c|\u2606Not Sarcasm|I am awesaome\n|\n|t:|1608861086\n|switch|p1a: Nidoking|Nidoking, M|100\/100\n|turn|21\n|c|\u2606Vodyne|why are you saying baby?\n|\n|t:|1608861090\n|move|p1a: Nidoking|Earth Power|p2a: Victini\n|-supereffective|p2a: Victini\n|-damage|p2a: Victini|0 fnt\n|faint|p2a: Victini\n|\n|win|Not Sarcasm\n|n|\u2606Not Sarcasm|notsarcasm\n|n|\u2606Vodyne|vodyne\n|n| Mikirae|mikirae\n|n| pastagirl|pastagirl\n|n| SweetPatata|sweetpatata\n|c|\u2606Not Sarcasm|bbay bbababy bbay\n|c|\u2606Not Sarcasm|gg idiot\n|l|\u2606Not Sarcasm\n|c|\u2606Vodyne|okay..\n|l| SweetPatata\n","uploadtime":1608861112,"views":25,"p1id":"notsarcasm","p2id":"vodyne","formatid":"gen8ou","rating":0,"private":0,"password":null}