{"id":"gen8bdspou-1466639698","p1":"LaprisuLazuli","p2":"stopthreat","format":"gen8bdspou","log":"|html|<div class=\"broadcast-blue\"><strong>[Gen 8 BDSP] OU is currently suspecting Latios! For information on how to participate check out the <a href=\"https:\/\/www.smogon.com\/forums\/threads\/np-bdsp-ou-suspect-process-round-1-mr-blue-sky.3694109\/\">suspect thread<\/a>.<\/strong><\/div>\n|j|\u2606LaprisuLazuli\n|j|\u2606stopthreat\n|t:|1638649049\n|gametype|singles\n|player|p1|LaprisuLazuli|hilbert|1122\n|player|p2|stopthreat|bugcatcher-gen4dp|1179\n|teamsize|p1|6\n|teamsize|p2|6\n|gen|8\n|tier|[Gen 8 BDSP] OU\n|rated|\n|rule|Sleep Clause Mod: Limit one foe put to sleep\n|rule|Species Clause: Limit one of each Pok\u00e9mon\n|rule|OHKO Clause: OHKO moves are banned\n|rule|Evasion Moves Clause: Evasion moves are banned\n|rule|Endless Battle Clause: Forcing endless battles is banned\n|rule|HP Percentage Mod: HP is shown in percentages\n|clearpoke\n|poke|p1|Breloom, F|\n|poke|p1|Gliscor, M|\n|poke|p1|Starmie|\n|poke|p1|Scizor, F|\n|poke|p1|Garchomp, M|\n|poke|p1|Clefable, F|\n|poke|p2|Nidoking, M|\n|poke|p2|Crawdaunt, F|\n|poke|p2|Gliscor, M|\n|poke|p2|Empoleon, F|\n|poke|p2|Feraligatr, M|\n|poke|p2|Smeargle, F|\n|teampreview\n|inactive|Battle timer is ON: inactive players will automatically lose when time's up. (requested by LaprisuLazuli)\n|\n|t:|1638649066\n|start\n|switch|p1a: Jade|Breloom, F|100\/100\n|switch|p2a: Smeargle|Smeargle, F|100\/100\n|turn|1\n|\n|t:|1638649095\n|move|p2a: Smeargle|Sticky Web|p1a: Jade\n|-sidestart|p1: LaprisuLazuli|move: Sticky Web\n|move|p1a: Jade|Substitute|p1a: Jade\n|-start|p1a: Jade|Substitute\n|-damage|p1a: Jade|75\/100\n|\n|-status|p1a: Jade|tox|[from] item: Toxic Orb\n|upkeep\n|turn|2\n|\n|t:|1638649102\n|move|p1a: Jade|Mach Punch|p2a: Smeargle\n|-supereffective|p2a: Smeargle\n|-enditem|p2a: Smeargle|Focus Sash\n|-damage|p2a: Smeargle|1\/100\n|move|p2a: Smeargle|Stealth Rock|p1a: Jade\n|-sidestart|p1: LaprisuLazuli|move: Stealth Rock\n|\n|-heal|p1a: Jade|88\/100 tox|[from] ability: Poison Heal\n|upkeep\n|turn|3\n|\n|t:|1638649115\n|move|p1a: Jade|Mach Punch|p2a: Smeargle\n|-supereffective|p2a: Smeargle\n|-damage|p2a: Smeargle|0 fnt\n|faint|p2a: Smeargle\n|\n|-heal|p1a: Jade|100\/100 tox|[from] ability: Poison Heal\n|upkeep\n|inactive|stopthreat has 120 seconds left.\n|\n|t:|1638649138\n|switch|p2a: Gliscor|Gliscor, M|100\/100\n|turn|4\n|\n|t:|1638649146\n|switch|p2a: Nidoking|Nidoking, M|100\/100\n|move|p1a: Jade|Spore|p2a: Nidoking\n|-status|p2a: Nidoking|slp|[from] move: Spore\n|\n|upkeep\n|turn|5\n|\n|t:|1638649155\n|-singleturn|p1a: Jade|move: Focus Punch\n|cant|p2a: Nidoking|slp\n|move|p1a: Jade|Focus Punch|p2a: Nidoking\n|-resisted|p2a: Nidoking\n|-damage|p2a: Nidoking|41\/100 slp\n|\n|upkeep\n|turn|6\n|\n|t:|1638649164\n|-singleturn|p1a: Jade|move: Focus Punch\n|switch|p2a: Gliscor|Gliscor, M|100\/100\n|move|p1a: Jade|Focus Punch|p2a: Gliscor\n|-resisted|p2a: Gliscor\n|-damage|p2a: Gliscor|65\/100\n|\n|-status|p2a: Gliscor|tox|[from] item: Toxic Orb\n|upkeep\n|turn|7\n|\n|t:|1638649175\n|-singleturn|p1a: Jade|move: Focus Punch\n|move|p2a: Gliscor|Swords Dance|p2a: Gliscor\n|-boost|p2a: Gliscor|atk|2\n|move|p1a: Jade|Focus Punch|p2a: Gliscor\n|-resisted|p2a: Gliscor\n|-damage|p2a: Gliscor|31\/100 tox\n|\n|-heal|p2a: Gliscor|44\/100 tox|[from] ability: Poison Heal\n|upkeep\n|turn|8\n|inactive|stopthreat has 120 seconds left.\n|inactive|LaprisuLazuli has 120 seconds left.\n|\n|t:|1638649228\n|-singleturn|p1a: Jade|move: Focus Punch\n|move|p2a: Gliscor|Roost|p2a: Gliscor\n|-heal|p2a: Gliscor|94\/100 tox\n|-singleturn|p2a: Gliscor|move: Roost\n|move|p1a: Jade|Focus Punch|p2a: Gliscor\n|-damage|p2a: Gliscor|26\/100 tox\n|\n|-heal|p2a: Gliscor|38\/100 tox|[from] ability: Poison Heal\n|upkeep\n|turn|9\n|inactive|LaprisuLazuli has 120 seconds left.\n|\n|t:|1638649240\n|-singleturn|p1a: Jade|move: Focus Punch\n|move|p2a: Gliscor|Ice Fang|p1a: Jade\n|-supereffective|p1a: Jade\n|-end|p1a: Jade|Substitute\n|move|p1a: Jade|Focus Punch|p2a: Gliscor\n|-resisted|p2a: Gliscor\n|-damage|p2a: Gliscor|1\/100 tox\n|\n|-heal|p2a: Gliscor|14\/100 tox|[from] ability: Poison Heal\n|upkeep\n|turn|10\n|inactive|LaprisuLazuli has 120 seconds left.\n|\n|t:|1638649258\n|switch|p1a: Miku|Clefable, F|100\/100\n|-damage|p1a: Miku|88\/100|[from] Stealth Rock\n|-activate|p1a: Miku|move: Sticky Web\n|-unboost|p1a: Miku|spe|1\n|move|p2a: Gliscor|Roost|p2a: Gliscor\n|-heal|p2a: Gliscor|64\/100 tox\n|-singleturn|p2a: Gliscor|move: Roost\n|\n|-heal|p1a: Miku|94\/100|[from] item: Leftovers\n|-heal|p2a: Gliscor|76\/100 tox|[from] ability: Poison Heal\n|upkeep\n|turn|11\n|inactive|LaprisuLazuli has 120 seconds left.\n|\n|t:|1638649271\n|move|p2a: Gliscor|Earthquake|p1a: Miku\n|-damage|p1a: Miku|57\/100\n|move|p1a: Miku|Calm Mind|p1a: Miku\n|-boost|p1a: Miku|spa|1\n|-boost|p1a: Miku|spd|1\n|\n|-heal|p1a: Miku|63\/100|[from] item: Leftovers\n|-heal|p2a: Gliscor|89\/100 tox|[from] ability: Poison Heal\n|upkeep\n|turn|12\n|inactive|LaprisuLazuli has 120 seconds left.\n|\n|t:|1638649281\n|move|p2a: Gliscor|Earthquake|p1a: Miku\n|-damage|p1a: Miku|25\/100\n|move|p1a: Miku|Wish|p1a: Miku\n|\n|-heal|p1a: Miku|31\/100|[from] item: Leftovers\n|-heal|p2a: Gliscor|100\/100 tox|[from] ability: Poison Heal\n|upkeep\n|turn|13\n|\n|t:|1638649289\n|switch|p2a: Crawdaunt|Crawdaunt, F|100\/100\n|move|p1a: Miku|Protect||[still]\n|-fail|p1a: Miku\n|\n|-heal|p1a: Miku|81\/100|[from] move: Wish|[wisher] Miku\n|-heal|p1a: Miku|87\/100|[from] item: Leftovers\n|upkeep\n|turn|14\n|inactive|stopthreat has 120 seconds left.\n|\n|t:|1638649312\n|move|p1a: Miku|Protect|p1a: Miku\n|-singleturn|p1a: Miku|Protect\n|move|p2a: Crawdaunt|Crabhammer|p1a: Miku\n|-activate|p1a: Miku|move: Protect\n|\n|-heal|p1a: Miku|93\/100|[from] item: Leftovers\n|upkeep\n|turn|15\n|\n|t:|1638649321\n|move|p2a: Crawdaunt|Crabhammer|p1a: Miku\n|-damage|p1a: Miku|23\/100\n|-damage|p2a: Crawdaunt|91\/100|[from] item: Life Orb\n|move|p1a: Miku|Moonblast|p2a: Crawdaunt\n|-supereffective|p2a: Crawdaunt\n|-damage|p2a: Crawdaunt|0 fnt\n|faint|p2a: Crawdaunt\n|\n|-heal|p1a: Miku|29\/100|[from] item: Leftovers\n|upkeep\n|inactive|stopthreat has 120 seconds left.\n|\n|t:|1638649345\n|switch|p2a: Gliscor|Gliscor, M|100\/100 tox\n|turn|16\n|\n|t:|1638649348\n|move|p1a: Miku|Protect|p1a: Miku\n|-singleturn|p1a: Miku|Protect\n|move|p2a: Gliscor|Earthquake|p1a: Miku\n|-activate|p1a: Miku|move: Protect\n|\n|-heal|p1a: Miku|35\/100|[from] item: Leftovers\n|upkeep\n|turn|17\n|\n|t:|1638649356\n|move|p2a: Gliscor|Earthquake|p1a: Miku\n|-damage|p1a: Miku|1\/100\n|move|p1a: Miku|Wish|p1a: Miku\n|\n|-heal|p1a: Miku|7\/100|[from] item: Leftovers\n|upkeep\n|turn|18\n|\n|t:|1638649367\n|switch|p2a: Feraligatr|Feraligatr, M|100\/100\n|move|p1a: Miku|Protect||[still]\n|-fail|p1a: Miku\n|\n|-heal|p1a: Miku|57\/100|[from] move: Wish|[wisher] Miku\n|-heal|p1a: Miku|63\/100|[from] item: Leftovers\n|upkeep\n|turn|19\n|\n|t:|1638649377\n|move|p2a: Feraligatr|Waterfall|p1a: Miku\n|-damage|p1a: Miku|11\/100\n|move|p1a: Miku|Wish|p1a: Miku\n|\n|-heal|p1a: Miku|18\/100|[from] item: Leftovers\n|upkeep\n|turn|20\n|\n|t:|1638649385\n|move|p1a: Miku|Protect|p1a: Miku\n|-singleturn|p1a: Miku|Protect\n|move|p2a: Feraligatr|Waterfall|p1a: Miku\n|-activate|p1a: Miku|move: Protect\n|\n|-heal|p1a: Miku|68\/100|[from] move: Wish|[wisher] Miku\n|-heal|p1a: Miku|74\/100|[from] item: Leftovers\n|upkeep\n|turn|21\n|\n|t:|1638649395\n|switch|p2a: Empoleon|Empoleon, F|100\/100\n|move|p1a: Miku|Wish|p1a: Miku\n|\n|-heal|p1a: Miku|80\/100|[from] item: Leftovers\n|upkeep\n|turn|22\n|\n|t:|1638649413\n|move|p2a: Empoleon|Flash Cannon|p1a: Miku\n|-supereffective|p1a: Miku\n|-damage|p1a: Miku|43\/100\n|move|p1a: Miku|Calm Mind|p1a: Miku\n|-boost|p1a: Miku|spa|1\n|-boost|p1a: Miku|spd|1\n|\n|-heal|p1a: Miku|93\/100|[from] move: Wish|[wisher] Miku\n|-heal|p1a: Miku|99\/100|[from] item: Leftovers\n|upkeep\n|turn|23\n|\n|t:|1638649424\n|move|p2a: Empoleon|Flash Cannon|p1a: Miku\n|-supereffective|p1a: Miku\n|-damage|p1a: Miku|67\/100\n|move|p1a: Miku|Calm Mind|p1a: Miku\n|-boost|p1a: Miku|spa|1\n|-boost|p1a: Miku|spd|1\n|\n|-heal|p1a: Miku|73\/100|[from] item: Leftovers\n|upkeep\n|turn|24\n|\n|t:|1638649446\n|move|p2a: Empoleon|Flash Cannon|p1a: Miku\n|-supereffective|p1a: Miku\n|-damage|p1a: Miku|50\/100\n|move|p1a: Miku|Wish|p1a: Miku\n|\n|-heal|p1a: Miku|56\/100|[from] item: Leftovers\n|upkeep\n|turn|25\n|\n|t:|1638649453\n|move|p2a: Empoleon|Flash Cannon|p1a: Miku\n|-supereffective|p1a: Miku\n|-damage|p1a: Miku|33\/100\n|move|p1a: Miku|Calm Mind|p1a: Miku\n|-boost|p1a: Miku|spa|1\n|-boost|p1a: Miku|spd|1\n|\n|-heal|p1a: Miku|83\/100|[from] move: Wish|[wisher] Miku\n|-heal|p1a: Miku|89\/100|[from] item: Leftovers\n|upkeep\n|turn|26\n|c|\u2606LaprisuLazuli|Miku best waifu\n|\n|t:|1638649469\n|move|p2a: Empoleon|Flash Cannon|p1a: Miku\n|-supereffective|p1a: Miku\n|-damage|p1a: Miku|69\/100\n|-unboost|p1a: Miku|spd|1\n|move|p1a: Miku|Calm Mind|p1a: Miku\n|-boost|p1a: Miku|spa|1\n|-boost|p1a: Miku|spd|1\n|\n|-heal|p1a: Miku|75\/100|[from] item: Leftovers\n|upkeep\n|turn|27\n|\n|t:|1638649479\n|move|p2a: Empoleon|Flash Cannon|p1a: Miku\n|-supereffective|p1a: Miku\n|-damage|p1a: Miku|57\/100\n|move|p1a: Miku|Wish|p1a: Miku\n|\n|-heal|p1a: Miku|63\/100|[from] item: Leftovers\n|upkeep\n|turn|28\n|\n|t:|1638649506\n|move|p1a: Miku|Protect|p1a: Miku\n|-singleturn|p1a: Miku|Protect\n|move|p2a: Empoleon|Flash Cannon|p1a: Miku\n|-activate|p1a: Miku|move: Protect\n|\n|-heal|p1a: Miku|100\/100|[from] move: Wish|[wisher] Miku\n|upkeep\n|turn|29\n|\n|t:|1638649514\n|move|p2a: Empoleon|Flash Cannon|p1a: Miku\n|-supereffective|p1a: Miku\n|-damage|p1a: Miku|82\/100\n|move|p1a: Miku|Calm Mind|p1a: Miku\n|-boost|p1a: Miku|spa|1\n|-boost|p1a: Miku|spd|1\n|\n|-heal|p1a: Miku|88\/100|[from] item: Leftovers\n|upkeep\n|turn|30\n|\n|t:|1638649523\n|move|p2a: Empoleon|Flash Cannon|p1a: Miku\n|-supereffective|p1a: Miku\n|-damage|p1a: Miku|72\/100\n|move|p1a: Miku|Calm Mind|p1a: Miku\n|-boost|p1a: Miku|spa|0\n|-boost|p1a: Miku|spd|1\n|\n|-heal|p1a: Miku|78\/100|[from] item: Leftovers\n|upkeep\n|turn|31\n|\n|t:|1638649534\n|move|p2a: Empoleon|Flash Cannon|p1a: Miku\n|-supereffective|p1a: Miku\n|-damage|p1a: Miku|62\/100\n|move|p1a: Miku|Wish|p1a: Miku\n|\n|-heal|p1a: Miku|69\/100|[from] item: Leftovers\n|upkeep\n|turn|32\n|\n|t:|1638649541\n|move|p2a: Empoleon|Flash Cannon|p1a: Miku\n|-supereffective|p1a: Miku\n|-damage|p1a: Miku|53\/100\n|move|p1a: Miku|Moonblast|p2a: Empoleon\n|-resisted|p2a: Empoleon\n|-damage|p2a: Empoleon|63\/100\n|\n|-heal|p1a: Miku|100\/100|[from] move: Wish|[wisher] Miku\n|-heal|p2a: Empoleon|69\/100|[from] item: Leftovers\n|upkeep\n|turn|33\n|inactive|stopthreat has 120 seconds left.\n|\n|t:|1638649589\n|move|p2a: Empoleon|Flash Cannon|p1a: Miku\n|-supereffective|p1a: Miku\n|-damage|p1a: Miku|85\/100\n|move|p1a: Miku|Moonblast|p2a: Empoleon\n|-resisted|p2a: Empoleon\n|-damage|p2a: Empoleon|30\/100\n|\n|-heal|p2a: Empoleon|36\/100|[from] item: Leftovers\n|-heal|p1a: Miku|91\/100|[from] item: Leftovers\n|upkeep\n|turn|34\n|\n|t:|1638649600\n|move|p2a: Empoleon|Flash Cannon|p1a: Miku\n|-supereffective|p1a: Miku\n|-damage|p1a: Miku|75\/100\n|move|p1a: Miku|Wish|p1a: Miku\n|\n|-heal|p2a: Empoleon|42\/100|[from] item: Leftovers\n|-heal|p1a: Miku|81\/100|[from] item: Leftovers\n|upkeep\n|turn|35\n|\n|t:|1638649612\n|move|p2a: Empoleon|Flash Cannon|p1a: Miku\n|-supereffective|p1a: Miku\n|-damage|p1a: Miku|65\/100\n|-unboost|p1a: Miku|spd|1\n|move|p1a: Miku|Moonblast|p2a: Empoleon\n|-resisted|p2a: Empoleon\n|-damage|p2a: Empoleon|2\/100\n|\n|-heal|p1a: Miku|100\/100|[from] move: Wish|[wisher] Miku\n|-heal|p2a: Empoleon|8\/100|[from] item: Leftovers\n|upkeep\n|turn|36\n|\n|t:|1638649624\n|move|p2a: Empoleon|Flash Cannon|p1a: Miku\n|-supereffective|p1a: Miku\n|-damage|p1a: Miku|83\/100\n|-unboost|p1a: Miku|spd|1\n|move|p1a: Miku|Wish|p1a: Miku\n|\n|-heal|p2a: Empoleon|14\/100|[from] item: Leftovers\n|-heal|p1a: Miku|89\/100|[from] item: Leftovers\n|upkeep\n|turn|37\n|\n|t:|1638649633\n|move|p2a: Empoleon|Flash Cannon|p1a: Miku\n|-supereffective|p1a: Miku\n|-damage|p1a: Miku|70\/100\n|move|p1a: Miku|Moonblast|p2a: Empoleon\n|-resisted|p2a: Empoleon\n|-damage|p2a: Empoleon|0 fnt\n|faint|p2a: Empoleon\n|\n|-heal|p1a: Miku|100\/100|[from] move: Wish|[wisher] Miku\n|upkeep\n|\n|t:|1638649638\n|switch|p2a: Nidoking|Nidoking, M|41\/100 slp\n|turn|38\n|\n|t:|1638649645\n|cant|p2a: Nidoking|slp\n|move|p1a: Miku|Moonblast|p2a: Nidoking\n|-resisted|p2a: Nidoking\n|-damage|p2a: Nidoking|0 fnt\n|faint|p2a: Nidoking\n|\n|upkeep\n|inactive|stopthreat has 120 seconds left.\n|\n|t:|1638649670\n|switch|p2a: Feraligatr|Feraligatr, M|100\/100\n|turn|39\n|\n|t:|1638649673\n|move|p2a: Feraligatr|Waterfall|p1a: Miku\n|-damage|p1a: Miku|48\/100\n|move|p1a: Miku|Moonblast|p2a: Feraligatr\n|-damage|p2a: Feraligatr|0 fnt\n|faint|p2a: Feraligatr\n|\n|-heal|p1a: Miku|54\/100|[from] item: Leftovers\n|upkeep\n|-message|stopthreat forfeited.\n|\n|win|LaprisuLazuli\n|raw|LaprisuLazuli's rating: 1122 &rarr; <strong>1149<\/strong><br \/>(+27 for winning)\n|raw|stopthreat's rating: 1144 &rarr; <strong>1117<\/strong><br \/>(-27 for losing)\n|l|\u2606stopthreat\n||Ladder isn't responding, score probably updated but might not have (Request timeout).\n","uploadtime":1638649689,"views":10,"p1id":"laprisulazuli","p2id":"stopthreat","formatid":"gen8bdspou","rating":1117,"private":0,"password":null}