{"id":"gen8nationaldex-1581912174","p1":"TestingTesting1","p2":"FIRE LORD AESON!","format":"gen8nationaldex","log":"|j|\u2606TestingTesting1\n|j|\u2606FIRE LORD AESON!\n|t:|1653416029\n|gametype|singles\n|player|p1|TestingTesting1|265|1705\n|player|p2|FIRE LORD AESON!|red-gen1|1778\n|teamsize|p1|6\n|teamsize|p2|6\n|gen|8\n|tier|[Gen 8] National Dex\n|rated|\n|rule|HP Percentage Mod: HP is shown in percentages\n|rule|Endless Battle Clause: Forcing endless battles is banned\n|rule|OHKO Clause: OHKO moves are banned\n|rule|Evasion Moves Clause: Evasion moves are banned\n|rule|Species Clause: Limit one of each Pok\u00e9mon\n|rule|Dynamax Clause: You cannot dynamax\n|rule|Sleep Clause Mod: Limit one foe put to sleep\n|clearpoke\n|poke|p1|Mawile, F|\n|poke|p1|Garchomp, M|\n|poke|p1|Blacephalon|\n|poke|p1|Gliscor, M|\n|poke|p1|Tapu Koko|\n|poke|p1|Rillaboom, M|\n|poke|p2|Victini|\n|poke|p2|Torkoal, M|\n|poke|p2|Shiftry, M|\n|poke|p2|Heatran, F|\n|poke|p2|Charizard, M|\n|poke|p2|Stakataka|\n|teampreview\n|\n|t:|1653416051\n|start\n|switch|p1a: Blacephalon|Blacephalon|100\/100\n|switch|p2a: Stakataka|Stakataka|100\/100\n|turn|1\n|\n|t:|1653416058\n|move|p1a: Blacephalon|Overheat|p2a: Stakataka\n|-damage|p2a: Stakataka|26\/100\n|-unboost|p1a: Blacephalon|spa|2\n|move|p2a: Stakataka|Trick Room|p2a: Stakataka\n|-fieldstart|move: Trick Room|[of] p2a: Stakataka\n|\n|upkeep\n|turn|2\n|\n|t:|1653416072\n|switch|p1a: Rillaboom|Rillaboom, M|100\/100\n|-fieldstart|move: Grassy Terrain|[from] ability: Grassy Surge|[of] p1a: Rillaboom\n|move|p2a: Stakataka|Stone Edge|p1a: Rillaboom\n|-damage|p1a: Rillaboom|42\/100\n|\n|-heal|p2a: Stakataka|32\/100|[from] Grassy Terrain\n|-heal|p1a: Rillaboom|48\/100|[from] Grassy Terrain\n|upkeep\n|turn|3\n|\n|t:|1653416102\n|switch|p2a: Torkoal|Torkoal, M|100\/100\n|-weather|SunnyDay|[from] ability: Drought|[of] p2a: Torkoal\n|move|p1a: Rillaboom|Grassy Glide|p2a: Torkoal\n|-resisted|p2a: Torkoal\n|-damage|p2a: Torkoal|73\/100\n|\n|-weather|SunnyDay|[upkeep]\n|-heal|p2a: Torkoal|79\/100|[from] Grassy Terrain\n|-heal|p1a: Rillaboom|54\/100|[from] Grassy Terrain\n|upkeep\n|turn|4\n|\n|t:|1653416112\n|switch|p1a: Gliscor|Gliscor, M|100\/100\n|move|p2a: Torkoal|Stealth Rock|p1a: Gliscor\n|-sidestart|p1: TestingTesting1|move: Stealth Rock\n|\n|-weather|SunnyDay|[upkeep]\n|-heal|p2a: Torkoal|85\/100|[from] Grassy Terrain\n|-status|p1a: Gliscor|tox|[from] item: Toxic Orb\n|upkeep\n|turn|5\n|\n|t:|1653416123\n|switch|p2a: Charizard|Charizard, M|100\/100\n|move|p1a: Gliscor|Defog|p2a: Charizard\n|-unboost|p2a: Charizard|evasion|1\n|-sideend|p1: TestingTesting1|Stealth Rock|[from] move: Defog|[of] p1a: Gliscor\n|-fieldend|move: Grassy Terrain\n|\n|-weather|SunnyDay|[upkeep]\n|-damage|p2a: Charizard|88\/100|[from] ability: Solar Power|[of] p2a: Charizard\n|-fieldend|move: Trick Room\n|upkeep\n|turn|6\n|\n|t:|1653416131\n|move|p2a: Charizard|Flame Charge|p1a: Gliscor\n|-damage|p1a: Gliscor|83\/100 tox\n|-boost|p2a: Charizard|spe|1\n|move|p1a: Gliscor|U-turn|p2a: Charizard\n|-resisted|p2a: Charizard\n|-damage|p2a: Charizard|82\/100\n|\n|t:|1653416138\n|switch|p1a: Blacephalon|Blacephalon|100\/100|[from]move: U-turn\n|\n|-weather|SunnyDay|[upkeep]\n|-damage|p2a: Charizard|70\/100|[from] ability: Solar Power|[of] p2a: Charizard\n|upkeep\n|turn|7\n|\n|t:|1653416176\n|move|p1a: Blacephalon|Overheat|p2a: Charizard\n|-resisted|p2a: Charizard\n|-damage|p2a: Charizard|0 fnt\n|-unboost|p1a: Blacephalon|spa|2\n|faint|p2a: Charizard\n|-ability|p1a: Blacephalon|Beast Boost|boost\n|-boost|p1a: Blacephalon|spa|1\n|\n|-weather|SunnyDay|[upkeep]\n|upkeep\n|\n|t:|1653416181\n|switch|p2a: Shiftry|Shiftry, M|100\/100\n|turn|8\n|\n|t:|1653416190\n|switch|p1a: Tapu Koko|Tapu Koko|100\/100\n|-fieldstart|move: Electric Terrain|[from] ability: Electric Surge|[of] p1a: Tapu Koko\n|move|p2a: Shiftry|Knock Off|p1a: Tapu Koko\n|-resisted|p1a: Tapu Koko\n|-damage|p1a: Tapu Koko|68\/100\n|-enditem|p1a: Tapu Koko|Heavy-Duty Boots|[from] move: Knock Off|[of] p2a: Shiftry\n|-damage|p2a: Shiftry|91\/100|[from] item: Life Orb\n|\n|-weather|SunnyDay|[upkeep]\n|upkeep\n|turn|9\n|\n|t:|1653416199\n|move|p2a: Shiftry|Heat Wave|p1a: Tapu Koko\n|-damage|p1a: Tapu Koko|0 fnt\n|faint|p1a: Tapu Koko\n|-damage|p2a: Shiftry|81\/100|[from] item: Life Orb\n|\n|-weather|SunnyDay|[upkeep]\n|upkeep\n|\n|t:|1653416209\n|switch|p1a: Gliscor|Gliscor, M|83\/100 tox\n|turn|10\n|\n|t:|1653416242\n|switch|p2a: Stakataka|Stakataka|32\/100\n|move|p1a: Gliscor|U-turn|p2a: Stakataka\n|-resisted|p2a: Stakataka\n|-damage|p2a: Stakataka|27\/100\n|\n|t:|1653416248\n|switch|p1a: Blacephalon|Blacephalon|100\/100|[from]move: U-turn\n|\n|-weather|none\n|upkeep\n|turn|11\n|\n|t:|1653416261\n|switch|p2a: Torkoal|Torkoal, M|85\/100\n|-weather|SunnyDay|[from] ability: Drought|[of] p2a: Torkoal\n|move|p1a: Blacephalon|Shadow Ball|p2a: Torkoal\n|-crit|p2a: Torkoal\n|-damage|p2a: Torkoal|14\/100\n|\n|-weather|SunnyDay|[upkeep]\n|upkeep\n|turn|12\n|\n|t:|1653416269\n|switch|p2a: Shiftry|Shiftry, M|81\/100\n|move|p1a: Blacephalon|Shadow Ball|p2a: Shiftry\n|-resisted|p2a: Shiftry\n|-damage|p2a: Shiftry|41\/100\n|\n|-weather|SunnyDay|[upkeep]\n|-fieldend|move: Electric Terrain\n|upkeep\n|turn|13\n|\n|t:|1653416281\n|switch|p1a: Garchomp|Garchomp, M|100\/100\n|move|p2a: Shiftry|Growth|p2a: Shiftry\n|-boost|p2a: Shiftry|atk|2\n|-boost|p2a: Shiftry|spa|2\n|\n|-weather|SunnyDay|[upkeep]\n|upkeep\n|turn|14\n|\n|t:|1653416289\n|move|p2a: Shiftry|Giga Drain|p1a: Garchomp\n|-damage|p1a: Garchomp|16\/100\n|-heal|p2a: Shiftry|88\/100|[from] drain|[of] p1a: Garchomp\n|-damage|p2a: Shiftry|78\/100|[from] item: Life Orb\n|-zpower|p1a: Garchomp\n|move|p1a: Garchomp|Devastating Drake|p2a: Shiftry|[zeffect]\n|-damage|p2a: Shiftry|0 fnt\n|faint|p2a: Shiftry\n|\n|-weather|SunnyDay|[upkeep]\n|upkeep\n|\n|t:|1653416314\n|switch|p2a: Heatran|Heatran, F|100\/100\n|-item|p2a: Heatran|Air Balloon\n|turn|15\n|\n|t:|1653416319\n|move|p1a: Garchomp|Outrage|p2a: Heatran\n|-resisted|p2a: Heatran\n|-damage|p2a: Heatran|72\/100\n|-enditem|p2a: Heatran|Air Balloon\n|move|p2a: Heatran|Flash Cannon|p1a: Garchomp\n|-damage|p1a: Garchomp|0 fnt\n|faint|p1a: Garchomp\n|\n|-weather|SunnyDay|[upkeep]\n|upkeep\n|\n|t:|1653416331\n|switch|p1a: Gliscor|Gliscor, M|83\/100 tox\n|turn|16\n|\n|t:|1653416336\n|switch|p2a: Torkoal|Torkoal, M|14\/100\n|move|p1a: Gliscor|Earthquake|p2a: Torkoal\n|-supereffective|p2a: Torkoal\n|-damage|p2a: Torkoal|0 fnt\n|faint|p2a: Torkoal\n|\n|-weather|SunnyDay|[upkeep]\n|-heal|p1a: Gliscor|96\/100 tox|[from] ability: Poison Heal\n|upkeep\n|\n|t:|1653416338\n|switch|p2a: Victini|Victini|100\/100\n|turn|17\n|\n|t:|1653416352\n|switch|p1a: Mawile|Mawile, F|100\/100\n|-ability|p1a: Mawile|Intimidate|boost\n|-unboost|p2a: Victini|atk|1\n|move|p2a: Victini|Trick Room|p2a: Victini\n|-fieldstart|move: Trick Room|[of] p2a: Victini\n|\n|-weather|SunnyDay|[upkeep]\n|upkeep\n|turn|18\n|\n|t:|1653416360\n|detailschange|p1a: Mawile|Mawile-Mega, F\n|-mega|p1a: Mawile|Mawile|Mawilite\n|move|p1a: Mawile|Sucker Punch|p2a: Victini\n|-supereffective|p2a: Victini\n|-damage|p2a: Victini|32\/100\n|move|p2a: Victini|V-create|p1a: Mawile\n|-supereffective|p1a: Mawile\n|-damage|p1a: Mawile|0 fnt\n|-unboost|p2a: Victini|spe|1\n|-unboost|p2a: Victini|def|1\n|-unboost|p2a: Victini|spd|1\n|faint|p1a: Mawile\n|\n|-weather|none\n|upkeep\n|\n|t:|1653416372\n|switch|p1a: Gliscor|Gliscor, M|96\/100 tox\n|turn|19\n|\n|t:|1653416384\n|move|p2a: Victini|V-create|p1a: Gliscor\n|-crit|p1a: Gliscor\n|-damage|p1a: Gliscor|0 fnt\n|-unboost|p2a: Victini|spe|1\n|-unboost|p2a: Victini|def|1\n|-unboost|p2a: Victini|spd|1\n|faint|p1a: Gliscor\n|\n|upkeep\n|\n|t:|1653416391\n|switch|p1a: Rillaboom|Rillaboom, M|54\/100\n|-fieldstart|move: Grassy Terrain|[from] ability: Grassy Surge|[of] p1a: Rillaboom\n|turn|20\n|\n|t:|1653416404\n|switch|p2a: Stakataka|Stakataka|27\/100\n|move|p1a: Rillaboom|Grassy Glide|p2a: Stakataka\n|-damage|p2a: Stakataka|0 fnt\n|faint|p2a: Stakataka\n|\n|-heal|p1a: Rillaboom|61\/100|[from] Grassy Terrain\n|upkeep\n|\n|t:|1653416405\n|switch|p2a: Victini|Victini|32\/100\n|turn|21\n|\n|t:|1653416413\n|move|p1a: Rillaboom|Grassy Glide|p2a: Victini\n|-resisted|p2a: Victini\n|-damage|p2a: Victini|0 fnt\n|faint|p2a: Victini\n|\n|-heal|p1a: Rillaboom|67\/100|[from] Grassy Terrain\n|-fieldend|move: Trick Room\n|upkeep\n|\n|t:|1653416416\n|switch|p2a: Heatran|Heatran, F|72\/100\n|turn|22\n|\n|t:|1653416421\n|move|p1a: Rillaboom|Grassy Glide|p2a: Heatran\n|-resisted|p2a: Heatran\n|-crit|p2a: Heatran\n|-damage|p2a: Heatran|46\/100\n|move|p2a: Heatran|Magma Storm|p1a: Rillaboom\n|-supereffective|p1a: Rillaboom\n|-damage|p1a: Rillaboom|0 fnt\n|faint|p1a: Rillaboom\n|\n|-heal|p2a: Heatran|52\/100|[from] Grassy Terrain\n|upkeep\n|\n|t:|1653416429\n|switch|p1a: Blacephalon|Blacephalon|100\/100\n|turn|23\n|\n|t:|1653416433\n|move|p1a: Blacephalon|Shadow Ball|p2a: Heatran\n|-damage|p2a: Heatran|11\/100\n|move|p2a: Heatran|Earth Power|p1a: Blacephalon\n|-supereffective|p1a: Blacephalon\n|-damage|p1a: Blacephalon|0 fnt\n|faint|p1a: Blacephalon\n|\n|win|FIRE LORD AESON!\n|raw|TestingTesting1's rating: 1705 &rarr; <strong>1689<\/strong><br \/>(-16 for losing)\n|raw|FIRE LORD AESON!'s rating: 1778 &rarr; <strong>1794<\/strong><br \/>(+16 for winning)\n|l|\u2606TestingTesting1\n||Ladder isn't responding, score probably updated but might not have (Request timeout).\n","uploadtime":1653416443,"views":14,"p1id":"testingtesting1","p2id":"firelordaeson","formatid":"gen8nationaldex","rating":1689,"private":0,"password":null}