{"id":"gen8ou-1636191498","p1":"Verdas1128","p2":"dracaufeu shiny","format":"gen8ou","log":"|j|\u2606Verdas1128\n|j|\u2606dracaufeu shiny\n|t:|1660093277\n|gametype|singles\n|player|p1|Verdas1128|caitlin|1367\n|player|p2|dracaufeu shiny|red|1438\n|teamsize|p1|6\n|teamsize|p2|6\n|gen|8\n|tier|[Gen 8] OU\n|rated|\n|rule|Sleep Clause Mod: Limit one foe put to sleep\n|rule|Species Clause: Limit one of each Pok\u00e9mon\n|rule|OHKO Clause: OHKO moves are banned\n|rule|Evasion Items Clause: Evasion items are banned\n|rule|Evasion Moves Clause: Evasion moves are banned\n|rule|Endless Battle Clause: Forcing endless battles is banned\n|rule|HP Percentage Mod: HP is shown in percentages\n|rule|Dynamax Clause: You cannot dynamax\n|clearpoke\n|poke|p1|Clefable, M|\n|poke|p1|Rillaboom, M|\n|poke|p1|Gastrodon-East, F|\n|poke|p1|Kartana|\n|poke|p1|Heatran, M|\n|poke|p1|Zapdos|\n|poke|p2|Charizard, M|\n|poke|p2|Latios, M|\n|poke|p2|Dragapult, F|\n|poke|p2|Latias, F|\n|poke|p2|Xatu, F|\n|poke|p2|Dragonite, M|\n|teampreview\n|\n|t:|1660093285\n|start\n|switch|p1a: Clefable|Clefable, M, shiny|100\/100\n|switch|p2a: Xatu|Xatu, F|100\/100\n|turn|1\n|\n|t:|1660093288\n|move|p2a: Xatu|Light Screen|p2a: Xatu\n|-sidestart|p2: dracaufeu shiny|move: Light Screen\n|move|p1a: Clefable|Knock Off|p2a: Xatu\n|-supereffective|p2a: Xatu\n|-damage|p2a: Xatu|69\/100\n|-enditem|p2a: Xatu|Focus Sash|[from] move: Knock Off|[of] p1a: Clefable\n|\n|upkeep\n|turn|2\n|\n|t:|1660093293\n|switch|p1a: Zapdos|Zapdos, shiny|100\/100\n|move|p2a: Xatu|Reflect|p2a: Xatu\n|-sidestart|p2: dracaufeu shiny|Reflect\n|\n|upkeep\n|turn|3\n|\n|t:|1660093297\n|move|p1a: Zapdos|Defog|p2a: Xatu\n|move|p2a: Xatu|Defog|p1a: Zapdos|[from]ability: Magic Bounce\n|-unboost|p1a: Zapdos|evasion|1\n|move|p2a: Xatu|Tailwind|p2a: Xatu\n|-sidestart|p2: dracaufeu shiny|move: Tailwind\n|\n|upkeep\n|turn|4\n|\n|t:|1660093302\n|move|p1a: Zapdos|Volt Switch|p2a: Xatu\n|-supereffective|p2a: Xatu\n|-damage|p2a: Xatu|26\/100\n|\n|t:|1660093307\n|switch|p1a: Rillaboom|Rillaboom, M, shiny|100\/100|[from]move: Volt Switch\n|-fieldstart|move: Grassy Terrain|[from] ability: Grassy Surge|[of] p1a: Rillaboom\n|move|p2a: Xatu|Teleport|p2a: Xatu\n|\n|t:|1660093312\n|switch|p2a: Charizard|Charizard, M, shiny|100\/100|[from]move: Teleport\n|\n|upkeep\n|turn|5\n|\n|t:|1660093317\n|switch|p1a: Gastrodon|Gastrodon-East, F, shiny|100\/100\n|move|p2a: Charizard|Belly Drum|p2a: Charizard\n|-damage|p2a: Charizard|50\/100\n|-setboost|p2a: Charizard|atk|6|[from] move: Belly Drum\n|-enditem|p2a: Charizard|Sitrus Berry|[eat]\n|-heal|p2a: Charizard|75\/100|[from] item: Sitrus Berry\n|\n|-sideend|p2: dracaufeu shiny|move: Light Screen\n|upkeep\n|turn|6\n|\n|t:|1660093324\n|move|p2a: Charizard|Acrobatics|p1a: Gastrodon\n|-damage|p1a: Gastrodon|0 fnt\n|faint|p1a: Gastrodon\n|\n|-sideend|p2: dracaufeu shiny|Reflect\n|-sideend|p2: dracaufeu shiny|move: Tailwind\n|upkeep\n|\n|t:|1660093331\n|switch|p1a: Zapdos|Zapdos, shiny|100\/100\n|turn|7\n|\n|t:|1660093332\n|move|p2a: Charizard|Flame Charge|p1a: Zapdos\n|-damage|p1a: Zapdos|25\/100\n|-boost|p2a: Charizard|spe|1\n|move|p1a: Zapdos|Volt Switch|p2a: Charizard\n|-supereffective|p2a: Charizard\n|-damage|p2a: Charizard|0 fnt\n|faint|p2a: Charizard\n|\n|t:|1660093345\n|switch|p1a: Heatran|Heatran, M, shiny|100\/100|[from]move: Volt Switch\n|\n|upkeep\n|\n|t:|1660093352\n|switch|p2a: Dragonite|Dragonite, M|100\/100\n|turn|8\n|\n|t:|1660093356\n|switch|p1a: Clefable|Clefable, M, shiny|100\/100\n|move|p2a: Dragonite|Dragon Dance|p2a: Dragonite\n|-boost|p2a: Dragonite|atk|1\n|-boost|p2a: Dragonite|spe|1\n|\n|upkeep\n|turn|9\n|\n|t:|1660093371\n|move|p2a: Dragonite|Dragon Dance|p2a: Dragonite\n|-boost|p2a: Dragonite|atk|1\n|-boost|p2a: Dragonite|spe|1\n|move|p1a: Clefable|Thunder Wave|p2a: Dragonite|[miss]\n|-miss|p1a: Clefable|p2a: Dragonite\n|\n|upkeep\n|turn|10\n|\n|t:|1660093379\n|move|p2a: Dragonite|Dragon Dance|p2a: Dragonite\n|-boost|p2a: Dragonite|atk|1\n|-boost|p2a: Dragonite|spe|1\n|move|p1a: Clefable|Moonblast|p2a: Dragonite\n|-supereffective|p2a: Dragonite\n|-damage|p2a: Dragonite|45\/100\n|\n|-heal|p2a: Dragonite|51\/100|[from] item: Leftovers\n|upkeep\n|turn|11\n|\n|t:|1660093384\n|move|p2a: Dragonite|Roost|p2a: Dragonite\n|-heal|p2a: Dragonite|100\/100\n|-singleturn|p2a: Dragonite|move: Roost\n|move|p1a: Clefable|Moonblast|p2a: Dragonite\n|-supereffective|p2a: Dragonite\n|-damage|p2a: Dragonite|38\/100\n|\n|-heal|p2a: Dragonite|45\/100|[from] Grassy Terrain\n|-heal|p2a: Dragonite|51\/100|[from] item: Leftovers\n|-fieldend|move: Grassy Terrain\n|upkeep\n|turn|12\n|\n|t:|1660093388\n|move|p2a: Dragonite|Dual Wingbeat|p1a: Clefable\n|-damage|p1a: Clefable|55\/100\n|-damage|p2a: Dragonite|34\/100|[from] item: Rocky Helmet|[of] p1a: Clefable\n|-damage|p1a: Clefable|11\/100\n|-damage|p2a: Dragonite|18\/100|[from] item: Rocky Helmet|[of] p1a: Clefable\n|-hitcount|p1a: Clefable|2\n|move|p1a: Clefable|Moonblast|p2a: Dragonite\n|-supereffective|p2a: Dragonite\n|-damage|p2a: Dragonite|0 fnt\n|faint|p2a: Dragonite\n|\n|upkeep\n|\n|t:|1660093402\n|switch|p2a: Dragapult|Dragapult, F|100\/100\n|turn|13\n|\n|t:|1660093408\n|move|p2a: Dragapult|Dragon Dance|p2a: Dragapult\n|-boost|p2a: Dragapult|atk|1\n|-boost|p2a: Dragapult|spe|1\n|move|p1a: Clefable|Moonblast|p2a: Dragapult\n|-supereffective|p2a: Dragapult\n|-damage|p2a: Dragapult|9\/100\n|\n|-heal|p2a: Dragapult|15\/100|[from] item: Leftovers\n|upkeep\n|turn|14\n|\n|t:|1660093411\n|move|p2a: Dragapult|Phantom Force||[still]\n|-prepare|p2a: Dragapult|Phantom Force\n|move|p1a: Clefable|Moonblast|p2a: Dragapult|[miss]\n|-miss|p1a: Clefable|p2a: Dragapult\n|\n|-heal|p2a: Dragapult|21\/100|[from] item: Leftovers\n|upkeep\n|turn|15\n|\n|t:|1660093415\n|move|p2a: Dragapult|Phantom Force|p1a: Clefable|[from]lockedmove\n|-damage|p1a: Clefable|0 fnt\n|-damage|p2a: Dragapult|5\/100|[from] item: Rocky Helmet|[of] p1a: Clefable\n|faint|p1a: Clefable\n|\n|-heal|p2a: Dragapult|11\/100|[from] item: Leftovers\n|upkeep\n|\n|t:|1660093417\n|switch|p1a: Rillaboom|Rillaboom, M, shiny|100\/100\n|-fieldstart|move: Grassy Terrain|[from] ability: Grassy Surge|[of] p1a: Rillaboom\n|turn|16\n|\n|t:|1660093420\n|move|p1a: Rillaboom|Grassy Glide|p2a: Dragapult\n|-resisted|p2a: Dragapult\n|-damage|p2a: Dragapult|0 fnt\n|faint|p2a: Dragapult\n|\n|upkeep\n|\n|t:|1660093425\n|switch|p2a: Latios|Latios, M|100\/100\n|turn|17\n|\n|t:|1660093427\n|move|p2a: Latios|Reflect|p2a: Latios\n|-sidestart|p2: dracaufeu shiny|Reflect\n|move|p1a: Rillaboom|Knock Off|p2a: Latios\n|-supereffective|p2a: Latios\n|-damage|p2a: Latios|60\/100\n|-enditem|p2a: Latios|Light Clay|[from] move: Knock Off|[of] p1a: Rillaboom\n|\n|upkeep\n|turn|18\n|\n|t:|1660093431\n|move|p2a: Latios|Light Screen|p2a: Latios\n|-sidestart|p2: dracaufeu shiny|move: Light Screen\n|move|p1a: Rillaboom|Swords Dance|p1a: Rillaboom\n|-boost|p1a: Rillaboom|atk|2\n|\n|upkeep\n|turn|19\n|\n|t:|1660093434\n|move|p2a: Latios|Memento|p1a: Rillaboom\n|-unboost|p1a: Rillaboom|atk|2\n|-unboost|p1a: Rillaboom|spa|2\n|faint|p2a: Latios\n|move|p1a: Rillaboom|Swords Dance|p1a: Rillaboom\n|-boost|p1a: Rillaboom|atk|2\n|\n|upkeep\n|\n|t:|1660093438\n|switch|p2a: Latias|Latias, F|100\/100\n|turn|20\n|\n|t:|1660093450\n|move|p2a: Latias|Agility|p2a: Latias\n|-boost|p2a: Latias|spe|2\n|move|p1a: Rillaboom|Swords Dance|p1a: Rillaboom\n|-boost|p1a: Rillaboom|atk|2\n|\n|upkeep\n|turn|21\n|\n|t:|1660093458\n|move|p1a: Rillaboom|Grassy Glide|p2a: Latias\n|-resisted|p2a: Latias\n|-damage|p2a: Latias|58\/100\n|move|p2a: Latias|Calm Mind|p2a: Latias\n|-boost|p2a: Latias|spa|1\n|-boost|p2a: Latias|spd|1\n|\n|upkeep\n|turn|22\n|\n|t:|1660093462\n|move|p1a: Rillaboom|Grassy Glide|p2a: Latias\n|-resisted|p2a: Latias\n|-damage|p2a: Latias|16\/100\n|move|p2a: Latias|Stored Power|p1a: Rillaboom\n|-damage|p1a: Rillaboom|21\/100\n|\n|-heal|p1a: Rillaboom|27\/100|[from] Grassy Terrain\n|-sideend|p2: dracaufeu shiny|move: Light Screen\n|upkeep\n|turn|23\n|\n|t:|1660093472\n|move|p1a: Rillaboom|Grassy Glide|p2a: Latias\n|-resisted|p2a: Latias\n|-damage|p2a: Latias|0 fnt\n|faint|p2a: Latias\n|\n|-heal|p1a: Rillaboom|33\/100|[from] Grassy Terrain\n|-fieldend|move: Grassy Terrain\n|upkeep\n|-message|dracaufeu shiny forfeited.\n|\n|win|Verdas1128\n|raw|Verdas1128's rating: 1367 &rarr; <strong>1391<\/strong><br \/>(+24 for winning)\n|raw|dracaufeu shiny's rating: 1438 &rarr; <strong>1414<\/strong><br \/>(-24 for losing)\n|l|\u2606dracaufeu shiny\n","uploadtime":1660093481,"views":11,"p1id":"verdas1128","p2id":"dracaufeushiny","formatid":"gen8ou","rating":1391,"private":0,"password":null}