{"id":"gen8ou-1627837802","p1":"LT91BB animefan","p2":"rigmortus","format":"gen8ou","log":"|raw|<div class=\"broadcast-blue\"><strong>This battle is required to be public due to a player having a name starting with 'lt91bb'.<\/div>\n|j|\u2606LT91BB animefan\n|j|\u2606rigmortus\n|t:|1659104933\n|gametype|singles\n|player|p1|LT91BB animefan|170|2012\n|player|p2|rigmortus|2|1901\n|teamsize|p1|6\n|teamsize|p2|6\n|gen|8\n|tier|[Gen 8] OU\n|rated|\n|rule|Sleep Clause Mod: Limit one foe put to sleep\n|rule|Species Clause: Limit one of each Pok\u00e9mon\n|rule|OHKO Clause: OHKO moves are banned\n|rule|Evasion Moves Clause: Evasion moves are banned\n|rule|Endless Battle Clause: Forcing endless battles is banned\n|rule|HP Percentage Mod: HP is shown in percentages\n|rule|Dynamax Clause: You cannot dynamax\n|clearpoke\n|poke|p1|Cresselia, F|\n|poke|p1|Clefable, F|\n|poke|p1|Quagsire, M|\n|poke|p1|Skarmory, F|\n|poke|p1|Zapdos|\n|poke|p1|Toxapex, M|\n|poke|p2|Slowbro, M|\n|poke|p2|Garchomp, M|\n|poke|p2|Weavile, M|\n|poke|p2|Tornadus-Therian, M|\n|poke|p2|Landorus-Therian, M|\n|poke|p2|Melmetal|\n|teampreview\n|inactive|Battle timer is ON: inactive players will automatically lose when time's up. (requested by LT91BB animefan)\n|j| acttdxby\n|l| acttdxby\n|\n|t:|1659104945\n|start\n|switch|p1a: Toxapex|Toxapex, M|100\/100\n|switch|p2a: Landorus|Landorus-Therian, M|100\/100\n|-ability|p2a: Landorus|Intimidate|boost\n|-unboost|p1a: Toxapex|atk|1\n|turn|1\n|\n|t:|1659104949\n|move|p2a: Landorus|U-turn|p1a: Toxapex\n|-resisted|p1a: Toxapex\n|-damage|p1a: Toxapex|92\/100\n|\n|t:|1659104954\n|switch|p2a: Slowbro|Slowbro, M|100\/100|[from]move: U-turn\n|move|p1a: Toxapex|Toxic|p2a: Slowbro\n|-status|p2a: Slowbro|tox\n|\n|-damage|p2a: Slowbro|94\/100 tox|[from] psn\n|upkeep\n|turn|2\n|\n|t:|1659104956\n|move|p1a: Toxapex|Toxic Spikes|p2a: Slowbro\n|-sidestart|p2: rigmortus|move: Toxic Spikes\n|move|p2a: Slowbro|Future Sight|p1a: Toxapex\n|-start|p2a: Slowbro|move: Future Sight\n|\n|-damage|p2a: Slowbro|82\/100 tox|[from] psn\n|upkeep\n|turn|3\n|j| IDM silk\n|j| cityfolk\n|j| Barracades\n|\n|t:|1659104967\n|switch|p1a: Cresselia|Cresselia, F|100\/100\n|move|p2a: Slowbro|Teleport|p2a: Slowbro\n|j| antarctozolt\n|j| LT91BB FustJranco\n|\n|t:|1659104975\n|switch|p2a: Melmetal|Melmetal|100\/100|[from]move: Teleport\n|\n|upkeep\n|turn|4\n|j| yovan33321\n|\n|t:|1659104981\n|move|p1a: Cresselia|Protect|p1a: Cresselia\n|-singleturn|p1a: Cresselia|Protect\n|move|p2a: Melmetal|Double Iron Bash|p1a: Cresselia\n|-activate|p1a: Cresselia|move: Protect\n|\n|-end|p1a: Cresselia|move: Future Sight\n|-resisted|p1a: Cresselia\n|-damage|p1a: Cresselia|91\/100\n|-heal|p1a: Cresselia|97\/100|[from] item: Leftovers\n|upkeep\n|turn|5\n|j| Gdayfellowfriend\n|\n|t:|1659104989\n|switch|p1a: Skarmory|Skarmory, F|100\/100\n|move|p2a: Melmetal|Toxic|p1a: Skarmory\n|-immune|p1a: Skarmory\n|\n|upkeep\n|turn|6\n|j| LT91BB Mimi\n|j| Buraq\n|\n|t:|1659104996\n|switch|p2a: Slowbro|Slowbro, M|100\/100 tox\n|move|p1a: Skarmory|Spikes|p2a: Slowbro\n|-sidestart|p2: rigmortus|Spikes\n|\n|-damage|p2a: Slowbro|94\/100 tox|[from] psn\n|upkeep\n|turn|7\n|\n|t:|1659105000\n|switch|p1a: Zapdos|Zapdos|100\/100\n|-ability|p1a: Zapdos|Pressure\n|move|p2a: Slowbro|Teleport|p2a: Slowbro\n|\n|t:|1659105003\n|switch|p2a: Landorus|Landorus-Therian, M|100\/100|[from]move: Teleport\n|-ability|p2a: Landorus|Intimidate|boost\n|-unboost|p1a: Zapdos|atk|1\n|\n|upkeep\n|turn|8\n|\n|t:|1659105009\n|switch|p1a: Skarmory|Skarmory, F|100\/100\n|move|p2a: Landorus|Toxic|p1a: Skarmory\n|-immune|p1a: Skarmory\n|\n|upkeep\n|turn|9\n|j| zhuaba\n|\n|t:|1659105014\n|switch|p2a: Slowbro|Slowbro, M|100\/100 tox\n|-damage|p2a: Slowbro|88\/100 tox|[from] Spikes\n|move|p1a: Skarmory|Toxic|p2a: Slowbro\n|-fail|p2a: Slowbro|tox\n|\n|-damage|p2a: Slowbro|82\/100 tox|[from] psn\n|upkeep\n|turn|10\n|\n|t:|1659105017\n|switch|p1a: Toxapex|Toxapex, M|100\/100\n|move|p2a: Slowbro|Teleport|p2a: Slowbro\n|\n|t:|1659105023\n|switch|p2a: Landorus|Landorus-Therian, M|100\/100|[from]move: Teleport\n|-ability|p2a: Landorus|Intimidate|boost\n|-unboost|p1a: Toxapex|atk|1\n|\n|upkeep\n|turn|11\n|\n|t:|1659105027\n|move|p2a: Landorus|U-turn|p1a: Toxapex\n|-resisted|p1a: Toxapex\n|-damage|p1a: Toxapex|92\/100\n|j| LT91BB Tace\n|j| Bad Players\n|j| crosschampion\n|\n|t:|1659105032\n|switch|p2a: Slowbro|Slowbro, M|100\/100 tox|[from]move: U-turn\n|-damage|p2a: Slowbro|88\/100 tox|[from] Spikes\n|move|p1a: Toxapex|Knock Off|p2a: Slowbro\n|-supereffective|p2a: Slowbro\n|-enditem|p2a: Slowbro|Colbur Berry|[eat]\n|-enditem|p2a: Slowbro|Colbur Berry|[weaken]\n|-damage|p2a: Slowbro|81\/100 tox\n|\n|-damage|p2a: Slowbro|75\/100 tox|[from] psn\n|upkeep\n|turn|12\n|j| aaykk\n|\n|t:|1659105040\n|switch|p1a: Cresselia|Cresselia, F|97\/100\n|move|p2a: Slowbro|Future Sight|p1a: Cresselia\n|-start|p2a: Slowbro|move: Future Sight\n|\n|-heal|p1a: Cresselia|100\/100|[from] item: Leftovers\n|-damage|p2a: Slowbro|63\/100 tox|[from] psn\n|upkeep\n|turn|13\n|\n|t:|1659105048\n|move|p1a: Cresselia|Toxic|p2a: Slowbro|[miss]\n|-miss|p1a: Cresselia|p2a: Slowbro\n|move|p2a: Slowbro|Teleport|p2a: Slowbro\n|\n|t:|1659105053\n|switch|p2a: Melmetal|Melmetal|100\/100|[from]move: Teleport\n|-damage|p2a: Melmetal|88\/100|[from] Spikes\n|\n|-heal|p2a: Melmetal|94\/100|[from] item: Leftovers\n|upkeep\n|turn|14\n|l| LT91BB Mimi\n|\n|t:|1659105058\n|move|p1a: Cresselia|Protect|p1a: Cresselia\n|-singleturn|p1a: Cresselia|Protect\n|move|p2a: Melmetal|Double Iron Bash|p1a: Cresselia\n|-activate|p1a: Cresselia|move: Protect\n|\n|-end|p1a: Cresselia|move: Future Sight\n|-resisted|p1a: Cresselia\n|-damage|p1a: Cresselia|90\/100\n|-heal|p1a: Cresselia|96\/100|[from] item: Leftovers\n|-heal|p2a: Melmetal|100\/100|[from] item: Leftovers\n|upkeep\n|turn|15\n|\n|t:|1659105060\n|switch|p1a: Toxapex|Toxapex, M|100\/100\n|move|p2a: Melmetal|Toxic|p1a: Toxapex\n|-immune|p1a: Toxapex\n|\n|upkeep\n|turn|16\n|j| LT91BB Dasmer\n|\n|t:|1659105075\n|switch|p2a: Slowbro|Slowbro, M|96\/100 tox\n|-damage|p2a: Slowbro|83\/100 tox|[from] Spikes\n|move|p1a: Toxapex|Knock Off|p2a: Slowbro\n|-supereffective|p2a: Slowbro\n|-damage|p2a: Slowbro|69\/100 tox\n|\n|-damage|p2a: Slowbro|63\/100 tox|[from] psn\n|upkeep\n|turn|17\n|\n|t:|1659105081\n|switch|p1a: Cresselia|Cresselia, F|96\/100\n|move|p2a: Slowbro|Teleport|p2a: Slowbro\n|\n|t:|1659105084\n|switch|p2a: Melmetal|Melmetal|100\/100|[from]move: Teleport\n|-damage|p2a: Melmetal|88\/100|[from] Spikes\n|\n|-heal|p1a: Cresselia|100\/100|[from] item: Leftovers\n|-heal|p2a: Melmetal|94\/100|[from] item: Leftovers\n|upkeep\n|turn|18\n|\n|t:|1659105088\n|switch|p1a: Toxapex|Toxapex, M|100\/100\n|move|p2a: Melmetal|Toxic|p1a: Toxapex\n|-immune|p1a: Toxapex\n|\n|-heal|p2a: Melmetal|100\/100|[from] item: Leftovers\n|upkeep\n|turn|19\n|\n|t:|1659105095\n|switch|p2a: Tornadus|Tornadus-Therian, M|100\/100\n|move|p1a: Toxapex|Toxic Spikes|p2a: Tornadus\n|-sidestart|p2: rigmortus|move: Toxic Spikes\n|\n|upkeep\n|turn|20\n|l| zhuaba\n|\n|t:|1659105101\n|move|p2a: Tornadus|Defog|p1a: Toxapex\n|-unboost|p1a: Toxapex|evasion|1\n|-sideend|p2: rigmortus|Spikes|[from] move: Defog|[of] p2a: Tornadus\n|-sideend|p2: rigmortus|Toxic Spikes|[from] move: Defog|[of] p2a: Tornadus\n|move|p1a: Toxapex|Toxic|p2a: Tornadus\n|-status|p2a: Tornadus|tox\n|\n|-damage|p2a: Tornadus|94\/100 tox|[from] psn\n|upkeep\n|turn|21\n|\n|t:|1659105109\n|switch|p2a: Slowbro|Slowbro, M|96\/100 tox\n|move|p1a: Toxapex|Toxic Spikes|p2a: Slowbro\n|-sidestart|p2: rigmortus|move: Toxic Spikes\n|\n|-damage|p2a: Slowbro|90\/100 tox|[from] psn\n|upkeep\n|turn|22\n|j| Amelza\n|j| CALL THE CREW\n|\n|t:|1659105115\n|switch|p1a: Zapdos|Zapdos|100\/100\n|-ability|p1a: Zapdos|Pressure\n|move|p2a: Slowbro|Teleport|p2a: Slowbro\n|j| Beka\n|\n|t:|1659105117\n|switch|p2a: Landorus|Landorus-Therian, M|100\/100|[from]move: Teleport\n|-ability|p2a: Landorus|Intimidate|boost\n|-unboost|p1a: Zapdos|atk|1\n|\n|upkeep\n|turn|23\n|\n|t:|1659105121\n|switch|p1a: Skarmory|Skarmory, F|100\/100\n|move|p2a: Landorus|Stealth Rock|p1a: Skarmory\n|-sidestart|p1: LT91BB animefan|move: Stealth Rock\n|\n|upkeep\n|turn|24\n|l| Beka\n|\n|t:|1659105125\n|move|p2a: Landorus|U-turn|p1a: Skarmory\n|-resisted|p1a: Skarmory\n|-damage|p1a: Skarmory|97\/100\n|\n|t:|1659105126\n|switch|p2a: Tornadus|Tornadus-Therian, M|100\/100 tox|[from]move: U-turn\n|move|p1a: Skarmory|Spikes|p2a: Tornadus\n|-sidestart|p2: rigmortus|Spikes\n|\n|-damage|p2a: Tornadus|94\/100 tox|[from] psn\n|upkeep\n|turn|25\n|\n|t:|1659105130\n|switch|p1a: Toxapex|Toxapex, M|100\/100\n|-damage|p1a: Toxapex|88\/100|[from] Stealth Rock\n|move|p2a: Tornadus|Knock Off|p1a: Toxapex\n|-damage|p1a: Toxapex|72\/100\n|-enditem|p1a: Toxapex|Shed Shell|[from] move: Knock Off|[of] p2a: Tornadus\n|\n|-damage|p2a: Tornadus|82\/100 tox|[from] psn\n|upkeep\n|turn|26\n|\n|t:|1659105135\n|move|p2a: Tornadus|U-turn|p1a: Toxapex\n|-resisted|p1a: Toxapex\n|-damage|p1a: Toxapex|66\/100\n|\n|t:|1659105136\n|switch|p2a: Slowbro|Slowbro, M|100\/100 tox|[from]move: U-turn\n|-damage|p2a: Slowbro|88\/100 tox|[from] Spikes\n|move|p1a: Toxapex|Recover|p1a: Toxapex\n|-heal|p1a: Toxapex|100\/100\n|\n|-damage|p2a: Slowbro|82\/100 tox|[from] psn\n|upkeep\n|turn|27\n|\n|t:|1659105141\n|switch|p1a: Zapdos|Zapdos|100\/100\n|-ability|p1a: Zapdos|Pressure\n|move|p2a: Slowbro|Future Sight|p1a: Zapdos\n|-start|p2a: Slowbro|move: Future Sight\n|\n|-damage|p2a: Slowbro|70\/100 tox|[from] psn\n|upkeep\n|turn|28\n|\n|t:|1659105144\n|switch|p1a: Cresselia|Cresselia, F|100\/100\n|-damage|p1a: Cresselia|88\/100|[from] Stealth Rock\n|switch|p2a: Landorus|Landorus-Therian, M|100\/100\n|-ability|p2a: Landorus|Intimidate|boost\n|-unboost|p1a: Cresselia|atk|1\n|\n|-heal|p1a: Cresselia|94\/100|[from] item: Leftovers\n|upkeep\n|turn|29\n|\n|t:|1659105149\n|move|p1a: Cresselia|Toxic|p2a: Landorus\n|-status|p2a: Landorus|tox\n|move|p2a: Landorus|Toxic|p1a: Cresselia\n|-status|p1a: Cresselia|tox\n|\n|-end|p1a: Cresselia|move: Future Sight\n|-resisted|p1a: Cresselia\n|-damage|p1a: Cresselia|83\/100 tox\n|-heal|p1a: Cresselia|89\/100 tox|[from] item: Leftovers\n|-damage|p1a: Cresselia|83\/100 tox|[from] psn\n|-damage|p2a: Landorus|94\/100 tox|[from] psn\n|upkeep\n|turn|30\n|\n|t:|1659105156\n|move|p1a: Cresselia|Ice Beam|p2a: Landorus\n|-supereffective|p2a: Landorus\n|-damage|p2a: Landorus|44\/100 tox\n|move|p2a: Landorus|U-turn|p1a: Cresselia\n|-supereffective|p1a: Cresselia\n|-damage|p1a: Cresselia|57\/100 tox\n|\n|t:|1659105162\n|switch|p2a: Tornadus|Tornadus-Therian, M|100\/100 tox|[from]move: U-turn\n|\n|-heal|p1a: Cresselia|63\/100 tox|[from] item: Leftovers\n|-damage|p2a: Tornadus|94\/100 tox|[from] psn\n|-damage|p1a: Cresselia|51\/100 tox|[from] psn\n|upkeep\n|turn|31\n|j| LT91BB Isza\n|j| Bobert Smalls\n|\n|t:|1659105168\n|switch|p1a: Clefable|Clefable, F|100\/100\n|move|p2a: Tornadus|U-turn|p1a: Clefable\n|-resisted|p1a: Clefable\n|-damage|p1a: Clefable|94\/100\n|\n|t:|1659105172\n|switch|p2a: Melmetal|Melmetal|100\/100|[from]move: U-turn\n|-damage|p2a: Melmetal|88\/100|[from] Spikes\n|\n|-heal|p2a: Melmetal|94\/100|[from] item: Leftovers\n|upkeep\n|turn|32\n|j| Sagiri I\n|\n|t:|1659105175\n|switch|p1a: Toxapex|Toxapex, M|100\/100\n|-damage|p1a: Toxapex|88\/100|[from] Stealth Rock\n|switch|p2a: Tornadus|Tornadus-Therian, M|100\/100 tox\n|\n|-damage|p2a: Tornadus|94\/100 tox|[from] psn\n|upkeep\n|turn|33\n|\n|t:|1659105179\n|move|p2a: Tornadus|U-turn|p1a: Toxapex\n|-resisted|p1a: Toxapex\n|-damage|p1a: Toxapex|83\/100\n|\n|t:|1659105181\n|switch|p2a: Slowbro|Slowbro, M|100\/100 tox|[from]move: U-turn\n|-damage|p2a: Slowbro|88\/100 tox|[from] Spikes\n|move|p1a: Toxapex|Knock Off|p2a: Slowbro\n|-supereffective|p2a: Slowbro\n|-damage|p2a: Slowbro|75\/100 tox\n|\n|-damage|p2a: Slowbro|69\/100 tox|[from] psn\n|upkeep\n|turn|34\n|\n|t:|1659105185\n|move|p1a: Toxapex|Recover|p1a: Toxapex\n|-heal|p1a: Toxapex|100\/100\n|move|p2a: Slowbro|Teleport|p2a: Slowbro\n|\n|t:|1659105187\n|switch|p2a: Tornadus|Tornadus-Therian, M|100\/100 tox|[from]move: Teleport\n|\n|-damage|p2a: Tornadus|94\/100 tox|[from] psn\n|upkeep\n|turn|35\n|\n|t:|1659105191\n|switch|p1a: Zapdos|Zapdos|100\/100\n|-ability|p1a: Zapdos|Pressure\n|move|p2a: Tornadus|U-turn|p1a: Zapdos\n|-resisted|p1a: Zapdos\n|-damage|p1a: Zapdos|94\/100\n|\n|t:|1659105196\n|switch|p2a: Landorus|Landorus-Therian, M|44\/100 tox|[from]move: U-turn\n|-ability|p2a: Landorus|Intimidate|boost\n|-unboost|p1a: Zapdos|atk|1\n|\n|-heal|p2a: Landorus|50\/100 tox|[from] item: Leftovers\n|-damage|p2a: Landorus|44\/100 tox|[from] psn\n|upkeep\n|turn|36\n|\n|t:|1659105199\n|move|p1a: Zapdos|Hurricane|p2a: Landorus\n|-damage|p2a: Landorus|12\/100 tox\n|move|p2a: Landorus|Toxic|p1a: Zapdos\n|-status|p1a: Zapdos|tox\n|\n|-heal|p2a: Landorus|18\/100 tox|[from] item: Leftovers\n|-damage|p1a: Zapdos|88\/100 tox|[from] psn\n|-damage|p2a: Landorus|6\/100 tox|[from] psn\n|upkeep\n|turn|37\n|j| LT91BB Ahsan\n|l| LT91BB Tace\n|\n|t:|1659105204\n|switch|p2a: Melmetal|Melmetal|94\/100\n|-damage|p2a: Melmetal|82\/100|[from] Spikes\n|move|p1a: Zapdos|Hurricane|p2a: Melmetal|[miss]\n|-miss|p1a: Zapdos|p2a: Melmetal\n|\n|-heal|p2a: Melmetal|88\/100|[from] item: Leftovers\n|-damage|p1a: Zapdos|76\/100 tox|[from] psn\n|upkeep\n|turn|38\n|j| LT91BB Raizen\n|\n|t:|1659105212\n|switch|p1a: Toxapex|Toxapex, M|100\/100\n|-damage|p1a: Toxapex|88\/100|[from] Stealth Rock\n|switch|p2a: Tornadus|Tornadus-Therian, M|100\/100 tox\n|\n|-damage|p2a: Tornadus|94\/100 tox|[from] psn\n|upkeep\n|turn|39\n|j| dpultfan69 uwu\n|\n|t:|1659105217\n|move|p2a: Tornadus|U-turn|p1a: Toxapex\n|-resisted|p1a: Toxapex\n|-damage|p1a: Toxapex|83\/100\n|\n|t:|1659105219\n|switch|p2a: Slowbro|Slowbro, M|100\/100 tox|[from]move: U-turn\n|-damage|p2a: Slowbro|88\/100 tox|[from] Spikes\n|move|p1a: Toxapex|Knock Off|p2a: Slowbro\n|-supereffective|p2a: Slowbro\n|-damage|p2a: Slowbro|75\/100 tox\n|\n|-damage|p2a: Slowbro|69\/100 tox|[from] psn\n|upkeep\n|turn|40\n|j| LT91BB Tace\n|j| Venositile\n|\n|t:|1659105224\n|move|p1a: Toxapex|Knock Off|p2a: Slowbro\n|-supereffective|p2a: Slowbro\n|-damage|p2a: Slowbro|55\/100 tox\n|move|p2a: Slowbro|Teleport|p2a: Slowbro\n|j| arbok13\n|\n|t:|1659105225\n|switch|p2a: Tornadus|Tornadus-Therian, M|100\/100 tox|[from]move: Teleport\n|\n|-damage|p2a: Tornadus|94\/100 tox|[from] psn\n|upkeep\n|turn|41\n|j| LT91BB AlI\n|\n|t:|1659105228\n|move|p2a: Tornadus|U-turn|p1a: Toxapex\n|-resisted|p1a: Toxapex\n|-damage|p1a: Toxapex|77\/100\n|\n|t:|1659105229\n|switch|p2a: Slowbro|Slowbro, M|88\/100 tox|[from]move: U-turn\n|-damage|p2a: Slowbro|75\/100 tox|[from] Spikes\n|move|p1a: Toxapex|Knock Off|p2a: Slowbro\n|-supereffective|p2a: Slowbro\n|-damage|p2a: Slowbro|62\/100 tox\n|\n|-damage|p2a: Slowbro|56\/100 tox|[from] psn\n|upkeep\n|turn|42\n|\n|t:|1659105233\n|switch|p1a: Clefable|Clefable, F|94\/100\n|move|p2a: Slowbro|Future Sight|p1a: Clefable\n|-start|p2a: Slowbro|move: Future Sight\n|\n|-damage|p2a: Slowbro|44\/100 tox|[from] psn\n|upkeep\n|turn|43\n|\n|t:|1659105238\n|move|p1a: Clefable|Aromatherapy|p1a: Clefable\n|-activate|p1a: Clefable|move: Aromatherapy\n|-curestatus|p1: Cresselia|tox|[msg]\n|-curestatus|p1: Zapdos|tox|[msg]\n|move|p2a: Slowbro|Teleport|p2a: Slowbro\n|\n|t:|1659105240\n|switch|p2a: Melmetal|Melmetal|88\/100|[from]move: Teleport\n|-damage|p2a: Melmetal|76\/100|[from] Spikes\n|\n|-heal|p2a: Melmetal|82\/100|[from] item: Leftovers\n|upkeep\n|turn|44\n|\n|t:|1659105248\n|switch|p1a: Skarmory|Skarmory, F|97\/100\n|-damage|p1a: Skarmory|85\/100|[from] Stealth Rock\n|move|p2a: Melmetal|Double Iron Bash|p1a: Skarmory\n|-resisted|p1a: Skarmory\n|-damage|p1a: Skarmory|72\/100\n|-resisted|p1a: Skarmory\n|-damage|p1a: Skarmory|58\/100\n|-hitcount|p1a: Skarmory|2\n|\n|-end|p1a: Skarmory|move: Future Sight\n|-resisted|p1a: Skarmory\n|-damage|p1a: Skarmory|29\/100\n|-heal|p2a: Melmetal|88\/100|[from] item: Leftovers\n|upkeep\n|turn|45\n|l| LT91BB Tace\n|\n|t:|1659105260\n|move|p1a: Skarmory|Roost|p1a: Skarmory\n|-heal|p1a: Skarmory|79\/100\n|-singleturn|p1a: Skarmory|move: Roost\n|move|p2a: Melmetal|Superpower|p1a: Skarmory\n|-supereffective|p1a: Skarmory\n|-damage|p1a: Skarmory|24\/100\n|-unboost|p2a: Melmetal|atk|1\n|-unboost|p2a: Melmetal|def|1\n|\n|-heal|p2a: Melmetal|94\/100|[from] item: Leftovers\n|upkeep\n|turn|46\n|\n|t:|1659105263\n|move|p1a: Skarmory|Roost|p1a: Skarmory\n|-heal|p1a: Skarmory|74\/100\n|-singleturn|p1a: Skarmory|move: Roost\n|move|p2a: Melmetal|Superpower|p1a: Skarmory\n|-supereffective|p1a: Skarmory\n|-damage|p1a: Skarmory|34\/100\n|-unboost|p2a: Melmetal|atk|1\n|-unboost|p2a: Melmetal|def|1\n|\n|-heal|p2a: Melmetal|100\/100|[from] item: Leftovers\n|upkeep\n|turn|47\n|\n|t:|1659105265\n|move|p1a: Skarmory|Roost|p1a: Skarmory\n|-heal|p1a: Skarmory|84\/100\n|-singleturn|p1a: Skarmory|move: Roost\n|move|p2a: Melmetal|Superpower|p1a: Skarmory\n|-supereffective|p1a: Skarmory\n|-damage|p1a: Skarmory|55\/100\n|-unboost|p2a: Melmetal|atk|1\n|-unboost|p2a: Melmetal|def|1\n|\n|upkeep\n|turn|48\n|\n|t:|1659105268\n|switch|p2a: Tornadus|Tornadus-Therian, M|100\/100 tox\n|move|p1a: Skarmory|Roost|p1a: Skarmory\n|-heal|p1a: Skarmory|100\/100\n|-singleturn|p1a: Skarmory|move: Roost\n|\n|-damage|p2a: Tornadus|94\/100 tox|[from] psn\n|upkeep\n|turn|49\n|\n|t:|1659105280\n|switch|p1a: Toxapex|Toxapex, M|100\/100\n|-damage|p1a: Toxapex|88\/100|[from] Stealth Rock\n|move|p2a: Tornadus|U-turn|p1a: Toxapex\n|-resisted|p1a: Toxapex\n|-damage|p1a: Toxapex|83\/100\n|\n|t:|1659105283\n|switch|p2a: Slowbro|Slowbro, M|77\/100 tox|[from]move: U-turn\n|-damage|p2a: Slowbro|65\/100 tox|[from] Spikes\n|\n|-damage|p2a: Slowbro|59\/100 tox|[from] psn\n|upkeep\n|turn|50\n|\n|t:|1659105289\n|switch|p1a: Clefable|Clefable, F|94\/100\n|move|p2a: Slowbro|Future Sight|p1a: Clefable\n|-start|p2a: Slowbro|move: Future Sight\n|\n|-damage|p2a: Slowbro|46\/100 tox|[from] psn\n|upkeep\n|turn|51\n|\n|t:|1659105292\n|switch|p1a: Cresselia|Cresselia, F|51\/100\n|-damage|p1a: Cresselia|38\/100|[from] Stealth Rock\n|move|p2a: Slowbro|Teleport|p2a: Slowbro\n|j| loking87\n|j| LT91BB Tace\n|j|+keys\n|\n|t:|1659105299\n|switch|p2a: Melmetal|Melmetal|100\/100|[from]move: Teleport\n|-damage|p2a: Melmetal|88\/100|[from] Spikes\n|\n|-heal|p1a: Cresselia|44\/100|[from] item: Leftovers\n|-heal|p2a: Melmetal|94\/100|[from] item: Leftovers\n|upkeep\n|turn|52\n|j| ArianaBlonde\n|\n|t:|1659105302\n|move|p1a: Cresselia|Protect|p1a: Cresselia\n|-singleturn|p1a: Cresselia|Protect\n|move|p2a: Melmetal|Toxic|p1a: Cresselia\n|-activate|p1a: Cresselia|move: Protect\n|\n|-end|p1a: Cresselia|move: Future Sight\n|-resisted|p1a: Cresselia\n|-damage|p1a: Cresselia|33\/100\n|-heal|p1a: Cresselia|39\/100|[from] item: Leftovers\n|-heal|p2a: Melmetal|100\/100|[from] item: Leftovers\n|upkeep\n|turn|53\n|\n|t:|1659105310\n|switch|p1a: Toxapex|Toxapex, M|100\/100\n|-damage|p1a: Toxapex|88\/100|[from] Stealth Rock\n|move|p2a: Melmetal|Toxic|p1a: Toxapex\n|-immune|p1a: Toxapex\n|\n|upkeep\n|turn|54\n|\n|t:|1659105315\n|move|p1a: Toxapex|Knock Off|p2a: Melmetal\n|-damage|p2a: Melmetal|92\/100\n|-enditem|p2a: Melmetal|Leftovers|[from] move: Knock Off|[of] p1a: Toxapex\n|move|p2a: Melmetal|Double Iron Bash|p1a: Toxapex\n|-resisted|p1a: Toxapex\n|-damage|p1a: Toxapex|71\/100\n|-resisted|p1a: Toxapex\n|-damage|p1a: Toxapex|55\/100\n|-hitcount|p1a: Toxapex|2\n|\n|upkeep\n|turn|55\n|-message|rigmortus forfeited.\n|\n|win|LT91BB animefan\n|raw|LT91BB animefan's rating: 2012 &rarr; <strong>2026<\/strong><br \/>(+14 for winning)\n|raw|rigmortus's rating: 1901 &rarr; <strong>1887<\/strong><br \/>(-14 for losing)\n|l|\u2606rigmortus\n|l| LT91BB FustJranco\n|l| cityfolk\n|l| LT91BB Tace\n|j| leflop lamess\n|l| arbok13\n|l| Buraq\n|j| LT91BB rejeff\n||Ladder isn't responding, score probably updated but might not have (Request timeout).\n|l| LT91BB rejeff\n|l| LT91BB Ahsan\n|l| leflop lamess\n|l| Venositile\n|l| ArianaBlonde\n|l| antarctozolt\n|l| dpultfan69 uwu\n|l| Bobert Smalls\n|l|+keys\n|l| IDM silk\n|j| LT91BB Ahsan\n","uploadtime":1659105497,"views":181,"p1id":"lt91bbanimefan","p2id":"rigmortus","formatid":"gen8ou","rating":1887,"private":0,"password":null}