{"id":"gen8ou-1567166518","p1":"fishy8995","p2":"Smash BrOUs","format":"gen8ou","log":"|j|\u2606fishy8995\n|j|\u2606Smash BrOUs\n|t:|1651627734\n|gametype|singles\n|player|p1|fishy8995|102|1787\n|player|p2|Smash BrOUs|musician|1773\n|teamsize|p1|6\n|teamsize|p2|6\n|gen|8\n|tier|[Gen 8] OU\n|rated|\n|rule|Sleep Clause Mod: Limit one foe put to sleep\n|rule|Species Clause: Limit one of each Pok\u00e9mon\n|rule|OHKO Clause: OHKO moves are banned\n|rule|Evasion Moves Clause: Evasion moves are banned\n|rule|Endless Battle Clause: Forcing endless battles is banned\n|rule|HP Percentage Mod: HP is shown in percentages\n|rule|Dynamax Clause: You cannot dynamax\n|clearpoke\n|poke|p1|Hippowdon, M|\n|poke|p1|Tyranitar, M|\n|poke|p1|Excadrill, M|\n|poke|p1|Mew|\n|poke|p1|Toxapex, M|\n|poke|p1|Dracozolt|\n|poke|p2|Turtonator, M|\n|poke|p2|Blastoise, F|\n|poke|p2|Barbaracle, M|\n|poke|p2|Cloyster, F|\n|poke|p2|Polteageist|\n|poke|p2|Carracosta, M|\n|teampreview\n|inactive|Battle timer is ON: inactive players will automatically lose when time's up. (requested by Smash BrOUs)\n|inactive|Smash BrOUs has 120 seconds left.\n|\n|t:|1651627774\n|start\n|switch|p1a: Tyranitar|Tyranitar, M|100\/100\n|switch|p2a: Kirby|Polteageist|100\/100\n|-weather|Sandstorm|[from] ability: Sand Stream|[of] p1a: Tyranitar\n|turn|1\n|\n|t:|1651627784\n|switch|p2a: Ridley|Cloyster, F|100\/100\n|move|p1a: Tyranitar|Dark Pulse|p2a: Ridley\n|-enditem|p2a: Ridley|Focus Sash\n|-damage|p2a: Ridley|1\/100\n|\n|-weather|Sandstorm|[upkeep]\n|-damage|p2a: Ridley|0 fnt|[from] Sandstorm\n|faint|p2a: Ridley\n|upkeep\n|\n|t:|1651627794\n|switch|p2a: Ganondorf|Carracosta, M|100\/100\n|turn|2\n|j| Narwhale37\n|\n|t:|1651627805\n|move|p2a: Ganondorf|Shell Smash|p2a: Ganondorf\n|-unboost|p2a: Ganondorf|def|1\n|-unboost|p2a: Ganondorf|spd|1\n|-boost|p2a: Ganondorf|atk|2\n|-boost|p2a: Ganondorf|spa|2\n|-boost|p2a: Ganondorf|spe|2\n|move|p1a: Tyranitar|Thunderbolt|p2a: Ganondorf\n|-supereffective|p2a: Ganondorf\n|-ability|p2a: Ganondorf|Sturdy\n|-damage|p2a: Ganondorf|1\/100\n|\n|-weather|Sandstorm|[upkeep]\n|upkeep\n|turn|3\n|\n|t:|1651627810\n|switch|p1a: Mew|Mew|100\/100\n|move|p2a: Ganondorf|Liquidation|p1a: Mew\n|-damage|p1a: Mew|48\/100\n|\n|-weather|Sandstorm|[upkeep]\n|-damage|p1a: Mew|42\/100|[from] Sandstorm\n|upkeep\n|turn|4\n|\n|t:|1651627830\n|move|p2a: Ganondorf|Liquidation|p1a: Mew\n|-damage|p1a: Mew|0 fnt\n|faint|p1a: Mew\n|\n|-weather|Sandstorm|[upkeep]\n|upkeep\n|\n|t:|1651627834\n|switch|p1a: Excadrill|Excadrill, M|100\/100\n|turn|5\n|j| skylink42\\\n|\n|t:|1651627856\n|move|p1a: Excadrill|Iron Head|p2a: Ganondorf\n|-crit|p2a: Ganondorf\n|-damage|p2a: Ganondorf|0 fnt\n|faint|p2a: Ganondorf\n|\n|-weather|none\n|upkeep\n|\n|t:|1651627868\n|switch|p2a: Bowser|Blastoise, F|100\/100\n|turn|6\n|j| kglow\n|\n|t:|1651627878\n|move|p2a: Bowser|Shell Smash|p2a: Bowser\n|-unboost|p2a: Bowser|def|1\n|-unboost|p2a: Bowser|spd|1\n|-boost|p2a: Bowser|atk|2\n|-boost|p2a: Bowser|spa|2\n|-boost|p2a: Bowser|spe|2\n|move|p1a: Excadrill|Earthquake|p2a: Bowser\n|-enditem|p2a: Bowser|Focus Sash\n|-damage|p2a: Bowser|1\/100\n|\n|upkeep\n|turn|7\n|\n|t:|1651627883\n|switch|p1a: Hippowdon|Hippowdon, M|100\/100\n|-weather|Sandstorm|[from] ability: Sand Stream|[of] p1a: Hippowdon\n|move|p2a: Bowser|Surf|p1a: Hippowdon\n|-supereffective|p1a: Hippowdon\n|-damage|p1a: Hippowdon|0 fnt\n|faint|p1a: Hippowdon\n|\n|-weather|Sandstorm|[upkeep]\n|-damage|p2a: Bowser|0 fnt|[from] Sandstorm\n|faint|p2a: Bowser\n|upkeep\n|\n|t:|1651627891\n|switch|p2a: Little Mac|Barbaracle, M|100\/100\n|switch|p1a: Excadrill|Excadrill, M|100\/100\n|turn|8\n|\n|t:|1651627897\n|move|p1a: Excadrill|Swords Dance|p1a: Excadrill\n|-boost|p1a: Excadrill|atk|2\n|move|p2a: Little Mac|Liquidation|p1a: Excadrill\n|-supereffective|p1a: Excadrill\n|-enditem|p1a: Excadrill|Focus Sash\n|-damage|p1a: Excadrill|1\/100\n|\n|-weather|Sandstorm|[upkeep]\n|upkeep\n|turn|9\n|\n|t:|1651627901\n|move|p1a: Excadrill|Earthquake|p2a: Little Mac\n|-supereffective|p2a: Little Mac\n|-enditem|p2a: Little Mac|Focus Sash\n|-damage|p2a: Little Mac|1\/100\n|move|p2a: Little Mac|Liquidation|p1a: Excadrill\n|-supereffective|p1a: Excadrill\n|-damage|p1a: Excadrill|0 fnt\n|faint|p1a: Excadrill\n|\n|-weather|Sandstorm|[upkeep]\n|upkeep\n|\n|t:|1651627905\n|switch|p1a: Dracozolt|Dracozolt|100\/100\n|turn|10\n|\n|t:|1651627910\n|move|p1a: Dracozolt|Bolt Beak|p2a: Little Mac\n|-supereffective|p2a: Little Mac\n|-crit|p2a: Little Mac\n|-damage|p2a: Little Mac|0 fnt\n|faint|p2a: Little Mac\n|-damage|p1a: Dracozolt|91\/100|[from] item: Life Orb\n|\n|-weather|Sandstorm|[upkeep]\n|upkeep\n|l| skylink42\\\n|\n|t:|1651627917\n|switch|p2a: King K Rool|Turtonator, M|100\/100\n|turn|11\n|\n|t:|1651627926\n|move|p1a: Dracozolt|Draco Meteor|p2a: King K Rool\n|-supereffective|p2a: King K Rool\n|-enditem|p2a: King K Rool|Focus Sash\n|-damage|p2a: King K Rool|1\/100\n|-unboost|p1a: Dracozolt|spa|2\n|-damage|p1a: Dracozolt|81\/100|[from] item: Life Orb\n|move|p2a: King K Rool|Draco Meteor|p1a: Dracozolt\n|-supereffective|p1a: Dracozolt\n|-damage|p1a: Dracozolt|0 fnt\n|-unboost|p2a: King K Rool|spa|2\n|faint|p1a: Dracozolt\n|\n|-weather|Sandstorm|[upkeep]\n|-damage|p2a: King K Rool|0 fnt|[from] Sandstorm\n|faint|p2a: King K Rool\n|upkeep\n|j| ppev\n|\n|t:|1651627931\n|switch|p1a: Tyranitar|Tyranitar, M|100\/100\n|switch|p2a: Kirby|Polteageist|100\/100\n|turn|12\n|\n|t:|1651627934\n|move|p2a: Kirby|Shell Smash|p2a: Kirby\n|-unboost|p2a: Kirby|def|1\n|-unboost|p2a: Kirby|spd|1\n|-boost|p2a: Kirby|atk|2\n|-boost|p2a: Kirby|spa|2\n|-boost|p2a: Kirby|spe|2\n|move|p1a: Tyranitar|Dark Pulse|p2a: Kirby\n|-supereffective|p2a: Kirby\n|-enditem|p2a: Kirby|Focus Sash\n|-damage|p2a: Kirby|1\/100\n|\n|-weather|Sandstorm|[upkeep]\n|-damage|p2a: Kirby|0 fnt|[from] Sandstorm\n|faint|p2a: Kirby\n|\n|win|fishy8995\n|upkeep\n|raw|fishy8995's rating: 1762 &rarr; <strong>1783<\/strong><br \/>(+21 for winning)\n|raw|Smash BrOUs's rating: 1773 &rarr; <strong>1752<\/strong><br \/>(-21 for losing)\n|l|\u2606Smash BrOUs\n|l|\u2606fishy8995\n|l| kglow\n||Ladder isn't responding, score probably updated but might not have (Request timeout).\n","uploadtime":1651627968,"views":57,"p1id":"fishy8995","p2id":"smashbrous","formatid":"gen8ou","rating":1752,"private":0,"password":null}