{"id":"gen8ubers-1612504710","p1":"cump2","p2":"UBCSCrimsonDragon","format":"gen8ubers","log":"|html|<div class=\"broadcast-blue\"><strong>[Gen 8] Ubers is currently suspecting Calyrex-Shadow! For information on how to participate check out the <a href=\"https:\/\/www.smogon.com\/forums\/threads\/np-ss-ubers-stage-8-ridin-dirty-calyrex-shadow-suspect-test.3704200\/\">suspect thread<\/a>.<\/strong><\/div>\n|j|\u2606cump2\n|j|\u2606UBCSCrimsonDragon\n|t:|1657228176\n|gametype|singles\n|player|p1|cump2|doctor|1305\n|player|p2|UBCSCrimsonDragon|unknownf|1330\n|teamsize|p1|6\n|teamsize|p2|6\n|gen|8\n|tier|[Gen 8] Ubers\n|rated|\n|rule|Sleep Clause Mod: Limit one foe put to sleep\n|rule|Species Clause: Limit one of each Pok\u00e9mon\n|rule|OHKO Clause: OHKO moves are banned\n|rule|Evasion Moves Clause: Evasion moves are banned\n|rule|Endless Battle Clause: Forcing endless battles is banned\n|rule|HP Percentage Mod: HP is shown in percentages\n|rule|Dynamax Clause: You cannot dynamax\n|clearpoke\n|poke|p1|Kyogre|\n|poke|p1|Calyrex-Shadow|\n|poke|p1|Eternatus|\n|poke|p1|Necrozma-Dusk-Mane|\n|poke|p1|Zygarde|\n|poke|p1|Yveltal|\n|poke|p2|Shuckle, M|\n|poke|p2|Weavile, M|\n|poke|p2|Yveltal|\n|poke|p2|Calyrex-Shadow|\n|poke|p2|Necrozma-Dusk-Mane|\n|poke|p2|Zekrom|\n|teampreview\n|c|\u2606cump2|hf\n|inactive|Battle timer is ON: inactive players will automatically lose when time's up. (requested by cump2)\n|inactive|UBCSCrimsonDragon has 120 seconds left.\n|\n|t:|1657228269\n|start\n|switch|p1a: Yveltal|Yveltal|100\/100\n|switch|p2a: Yveltal|Yveltal|100\/100\n|-ability|p2a: Yveltal|Dark Aura\n|-ability|p1a: Yveltal|Dark Aura\n|turn|1\n|\n|t:|1657228296\n|move|p2a: Yveltal|Oblivion Wing|p1a: Yveltal\n|-damage|p1a: Yveltal|67\/100\n|-damage|p2a: Yveltal|91\/100|[from] item: Life Orb\n|move|p1a: Yveltal|Knock Off|p2a: Yveltal\n|-resisted|p2a: Yveltal\n|-damage|p2a: Yveltal|67\/100\n|-enditem|p2a: Yveltal|Life Orb|[from] move: Knock Off|[of] p1a: Yveltal\n|\n|upkeep\n|turn|2\n|inactive|UBCSCrimsonDragon has 120 seconds left.\n|\n|t:|1657228332\n|switch|p1a: Eternatus|Eternatus|100\/100\n|-ability|p1a: Eternatus|Pressure\n|move|p2a: Yveltal|Oblivion Wing|p1a: Eternatus\n|-damage|p1a: Eternatus|77\/100\n|-heal|p2a: Yveltal|89\/100|[from] drain|[of] p1a: Eternatus\n|\n|upkeep\n|turn|3\n|inactive|cump2 has 120 seconds left.\n|inactive|cump2 has 90 seconds left.\n|inactive|cump2 has 60 seconds left.\n|inactive|cump2 has 30 seconds left.\n|\n|t:|1657228449\n|switch|p2a: Necrozma|Necrozma-Dusk-Mane|100\/100\n|move|p1a: Eternatus|Toxic|p2a: Necrozma\n|-immune|p2a: Necrozma\n|\n|upkeep\n|turn|4\n|\n|t:|1657228456\n|switch|p1a: Zygarde|Zygarde|100\/100\n|move|p2a: Necrozma|Dragon Dance|p2a: Necrozma\n|-boost|p2a: Necrozma|atk|1\n|-boost|p2a: Necrozma|spe|1\n|\n|upkeep\n|turn|5\n|\n|t:|1657228459\n|move|p2a: Necrozma|Knock Off|p1a: Zygarde\n|-damage|p1a: Zygarde|55\/100\n|-enditem|p1a: Zygarde|Leftovers|[from] move: Knock Off|[of] p2a: Necrozma\n|-damage|p2a: Necrozma|91\/100|[from] item: Life Orb\n|move|p1a: Zygarde|Coil|p1a: Zygarde\n|-boost|p1a: Zygarde|atk|1\n|-boost|p1a: Zygarde|def|1\n|-boost|p1a: Zygarde|accuracy|1\n|\n|upkeep\n|turn|6\n|inactive|UBCSCrimsonDragon has 120 seconds left.\n|\n|t:|1657228470\n|move|p2a: Necrozma|Sunsteel Strike|p1a: Zygarde\n|-damage|p1a: Zygarde|7\/100\n|-damage|p2a: Necrozma|81\/100|[from] item: Life Orb\n|move|p1a: Zygarde|Coil|p1a: Zygarde\n|-boost|p1a: Zygarde|atk|1\n|-boost|p1a: Zygarde|def|1\n|-boost|p1a: Zygarde|accuracy|1\n|\n|-activate|p1a: Zygarde|ability: Power Construct\n|detailschange|p1a: Zygarde|Zygarde-Complete\n|-heal|p1a: Zygarde|39\/100|[silent]\n|upkeep\n|turn|7\n|\n|t:|1657228475\n|move|p2a: Necrozma|Sunsteel Strike|p1a: Zygarde\n|-damage|p1a: Zygarde|18\/100\n|-damage|p2a: Necrozma|71\/100|[from] item: Life Orb\n|move|p1a: Zygarde|Glare|p2a: Necrozma\n|-status|p2a: Necrozma|par\n|\n|upkeep\n|turn|8\n|\n|t:|1657228477\n|move|p1a: Zygarde|Rest|p1a: Zygarde\n|-status|p1a: Zygarde|slp|[from] move: Rest\n|-heal|p1a: Zygarde|100\/100 slp|[silent]\n|cant|p2a: Necrozma|par\n|\n|upkeep\n|turn|9\n|\n|t:|1657228483\n|switch|p2a: Zekrom|Zekrom|100\/100\n|-ability|p2a: Zekrom|Teravolt\n|cant|p1a: Zygarde|slp\n|\n|upkeep\n|turn|10\n|\n|t:|1657228486\n|move|p2a: Zekrom|Dragon Dance|p2a: Zekrom\n|-boost|p2a: Zekrom|atk|1\n|-boost|p2a: Zekrom|spe|1\n|cant|p1a: Zygarde|slp\n|\n|upkeep\n|turn|11\n|\n|t:|1657228491\n|move|p2a: Zekrom|Dragon Claw|p1a: Zygarde\n|-supereffective|p1a: Zygarde\n|-damage|p1a: Zygarde|72\/100 slp\n|-curestatus|p1a: Zygarde|slp|[msg]\n|move|p1a: Zygarde|Thousand Arrows|p2a: Zekrom\n|-supereffective|p2a: Zekrom\n|-damage|p2a: Zekrom|0 fnt\n|faint|p2a: Zekrom\n|\n|upkeep\n|\n|t:|1657228498\n|switch|p2a: Weavile|Weavile, M|100\/100\n|turn|12\n|\n|t:|1657228505\n|switch|p1a: Necrozma|Necrozma-Dusk-Mane|100\/100\n|move|p2a: Weavile|Swords Dance|p2a: Weavile\n|-boost|p2a: Weavile|atk|2\n|\n|upkeep\n|turn|13\n|\n|t:|1657228509\n|move|p2a: Weavile|Knock Off|p1a: Necrozma\n|-supereffective|p1a: Necrozma\n|-damage|p1a: Necrozma|0 fnt\n|-enditem|p1a: Necrozma|Leftovers|[from] move: Knock Off|[of] p2a: Weavile\n|faint|p1a: Necrozma\n|\n|upkeep\n|inactive|cump2 has 120 seconds left.\n|\n|t:|1657228523\n|switch|p1a: Calyrex|Calyrex-Shadow|100\/100\n|-ability|p1a: Calyrex|As One\n|-ability|p1a: Calyrex|Unnerve\n|turn|14\n|inactive|UBCSCrimsonDragon has 120 seconds left.\n|\n|t:|1657228559\n|move|p1a: Calyrex|Astral Barrage|p2a: Weavile\n|-resisted|p2a: Weavile\n|-damage|p2a: Weavile|46\/100\n|move|p2a: Weavile|Triple Axel|p1a: Calyrex\n|-damage|p1a: Calyrex|75\/100\n|-damage|p1a: Calyrex|24\/100\n|-damage|p1a: Calyrex|0 fnt\n|faint|p1a: Calyrex\n|-hitcount|p1: Calyrex|3\n|\n|upkeep\n|inactive|cump2 has 120 seconds left.\n|\n|t:|1657228593\n|switch|p1a: Yveltal|Yveltal|67\/100\n|-ability|p1a: Yveltal|Dark Aura\n|turn|15\n|\n|t:|1657228605\n|move|p2a: Weavile|Triple Axel|p1a: Yveltal\n|-supereffective|p1a: Yveltal\n|-crit|p1a: Yveltal\n|-damage|p1a: Yveltal|9\/100\n|-supereffective|p1a: Yveltal\n|-damage|p1a: Yveltal|0 fnt\n|faint|p1a: Yveltal\n|-hitcount|p1: Yveltal|2\n|\n|upkeep\n|-message|cump2 forfeited.\n|\n|win|UBCSCrimsonDragon\n|raw|cump2's rating: 1305 &rarr; <strong>1286<\/strong><br \/>(-19 for losing)\n|raw|UBCSCrimsonDragon's rating: 1330 &rarr; <strong>1349<\/strong><br \/>(+19 for winning)\n|l|\u2606cump2\n","uploadtime":1657228617,"views":3,"p1id":"cump2","p2id":"ubcscrimsondragon","formatid":"gen8ubers","rating":1286,"private":0,"password":null}