{"id":"gen8ou-1659119578","p1":"RggV_YT","p2":"Lemon Ginger","format":"gen8ou","log":"|j|\u2606RggV_YT\n|j|\u2606Lemon Ginger\n|t:|1662641336\n|gametype|singles\n|player|p1|RggV_YT|scientist-gen4|1607\n|player|p2|Lemon Ginger|101|1542\n|teamsize|p1|6\n|teamsize|p2|6\n|gen|8\n|tier|[Gen 8] OU\n|rated|\n|rule|Sleep Clause Mod: Limit one foe put to sleep\n|rule|Species Clause: Limit one of each Pok\u00e9mon\n|rule|OHKO Clause: OHKO moves are banned\n|rule|Evasion Items Clause: Evasion items are banned\n|rule|Evasion Moves Clause: Evasion moves are banned\n|rule|Endless Battle Clause: Forcing endless battles is banned\n|rule|HP Percentage Mod: HP is shown in percentages\n|rule|Dynamax Clause: You cannot dynamax\n|clearpoke\n|poke|p1|Regigigas|\n|poke|p1|Victini|\n|poke|p1|Slowbro, M|\n|poke|p1|Dragapult, F|\n|poke|p1|Rhyperior, F|\n|poke|p1|Tornadus-Therian, M|\n|poke|p2|Grimmsnarl, M|\n|poke|p2|Excadrill, M|\n|poke|p2|Dragapult, F|\n|poke|p2|Claydol|\n|poke|p2|Blacephalon|\n|poke|p2|Tapu Lele|\n|teampreview\n|inactive|Battle timer is ON: inactive players will automatically lose when time's up. (requested by RggV_YT)\n|\n|t:|1662641352\n|start\n|switch|p1a: V|Victini|100\/100\n|switch|p2a: Grimmsnarl|Grimmsnarl, M|100\/100\n|turn|1\n|j| mario12113\n|\n|t:|1662641359\n|switch|p2a: Dragapult|Dragapult, F|100\/100\n|move|p1a: V|Trick Room|p1a: V\n|-fieldstart|move: Trick Room|[of] p1a: V\n|\n|upkeep\n|turn|2\n|\n|t:|1662641366\n|move|p1a: V|Bolt Strike|p2a: Dragapult\n|-resisted|p2a: Dragapult\n|-damage|p2a: Dragapult|70\/100\n|move|p2a: Dragapult|Dragon Darts|p1a: V\n|-damage|p1a: V|79\/100\n|-anim|p2a: Dragapult|Dragon Darts|p1a: V\n|-crit|p1a: V\n|-damage|p1a: V|46\/100\n|\n|upkeep\n|turn|3\n|\n|t:|1662641377\n|move|p1a: V|V-create|p2a: Dragapult\n|-resisted|p2a: Dragapult\n|-damage|p2a: Dragapult|10\/100\n|-unboost|p1a: V|spe|1\n|-unboost|p1a: V|def|1\n|-unboost|p1a: V|spd|1\n|move|p2a: Dragapult|Dragon Darts|p1a: V\n|-damage|p1a: V|11\/100\n|-anim|p2a: Dragapult|Dragon Darts|p1a: V\n|-damage|p1a: V|0 fnt\n|faint|p1a: V\n|\n|upkeep\n|\n|t:|1662641384\n|switch|p1a: Rgg|Regigigas|100\/100\n|-start|p1a: Rgg|ability: Slow Start\n|turn|4\n|\n|t:|1662641390\n|switch|p2a: Grimmsnarl|Grimmsnarl, M|100\/100\n|move|p1a: Rgg|Knock Off|p2a: Grimmsnarl\n|-resisted|p2a: Grimmsnarl\n|-damage|p2a: Grimmsnarl|94\/100\n|-enditem|p2a: Grimmsnarl|Light Clay|[from] move: Knock Off|[of] p1a: Rgg\n|\n|upkeep\n|turn|5\n|\n|t:|1662641395\n|move|p2a: Grimmsnarl|Taunt|p1a: Rgg\n|-start|p1a: Rgg|move: Taunt\n|move|p1a: Rgg|Power-Up Punch|p2a: Grimmsnarl\n|-damage|p2a: Grimmsnarl|84\/100\n|-boost|p1a: Rgg|atk|1\n|\n|-fieldend|move: Trick Room\n|upkeep\n|turn|6\n|\n|t:|1662641401\n|move|p2a: Grimmsnarl|Reflect|p2a: Grimmsnarl\n|-sidestart|p2: Lemon Ginger|Reflect\n|move|p1a: Rgg|Power-Up Punch|p2a: Grimmsnarl\n|-damage|p2a: Grimmsnarl|75\/100\n|-boost|p1a: Rgg|atk|1\n|\n|upkeep\n|turn|7\n|\n|t:|1662641406\n|switch|p2a: Dragapult|Dragapult, F|10\/100\n|move|p1a: Rgg|Knock Off|p2a: Dragapult\n|-supereffective|p2a: Dragapult\n|-damage|p2a: Dragapult|0 fnt\n|-enditem|p2a: Dragapult|Weakness Policy|[from] move: Knock Off|[of] p1a: Rgg\n|faint|p2a: Dragapult\n|\n|-end|p1a: Rgg|move: Taunt\n|upkeep\n|\n|t:|1662641408\n|switch|p2a: LAMOOOOO|Claydol|100\/100\n|turn|8\n|\n|t:|1662641411\n|move|p2a: LAMOOOOO|Rock Polish|p2a: LAMOOOOO\n|-boost|p2a: LAMOOOOO|spe|2\n|move|p1a: Rgg|Body Slam|p2a: LAMOOOOO\n|-damage|p2a: LAMOOOOO|66\/100\n|\n|-end|p1a: Rgg|Slow Start\n|upkeep\n|turn|9\n|\n|t:|1662641415\n|move|p2a: LAMOOOOO|Ice Beam|p1a: Rgg\n|-damage|p1a: Rgg|89\/100\n|move|p1a: Rgg|Body Slam|p2a: LAMOOOOO\n|-damage|p2a: LAMOOOOO|0 fnt\n|faint|p2a: LAMOOOOO\n|\n|upkeep\n|\n|t:|1662641418\n|switch|p2a: Tapu Lele|Tapu Lele|100\/100\n|-fieldstart|move: Psychic Terrain|[from] ability: Psychic Surge|[of] p2a: Tapu Lele\n|turn|10\n|\n|t:|1662641421\n|move|p2a: Tapu Lele|Focus Blast|p1a: Rgg\n|-supereffective|p1a: Rgg\n|-damage|p1a: Rgg|50\/100\n|-unboost|p1a: Rgg|spd|1\n|move|p1a: Rgg|Knock Off|p2a: Tapu Lele\n|-damage|p2a: Tapu Lele|37\/100\n|-enditem|p2a: Tapu Lele|Terrain Extender|[from] move: Knock Off|[of] p1a: Rgg\n|\n|-sideend|p2: Lemon Ginger|Reflect\n|upkeep\n|turn|11\n|\n|t:|1662641427\n|move|p2a: Tapu Lele|Psychic|p1a: Rgg\n|-damage|p1a: Rgg|5\/100\n|-unboost|p1a: Rgg|spd|1\n|move|p1a: Rgg|Body Slam|p2a: Tapu Lele\n|-damage|p2a: Tapu Lele|0 fnt\n|faint|p2a: Tapu Lele\n|\n|upkeep\n|\n|t:|1662641430\n|switch|p2a: Blacephalon|Blacephalon|100\/100\n|turn|12\n|\n|t:|1662641437\n|move|p2a: Blacephalon|Flamethrower|p1a: Rgg\n|-damage|p1a: Rgg|0 fnt\n|faint|p1a: Rgg\n|-end|p1a: Rgg|Slow Start|[silent]\n|-ability|p2a: Blacephalon|Beast Boost|boost\n|-boost|p2a: Blacephalon|spe|1\n|\n|upkeep\n|\n|t:|1662641446\n|switch|p1a: Rhyperior|Rhyperior, F|100\/100\n|turn|13\n|\n|t:|1662641449\n|switch|p2a: Grimmsnarl|Grimmsnarl, M|75\/100\n|move|p1a: Rhyperior|Earthquake|p2a: Grimmsnarl\n|-damage|p2a: Grimmsnarl|0 fnt\n|faint|p2a: Grimmsnarl\n|-damage|p1a: Rhyperior|91\/100|[from] item: Life Orb\n|\n|upkeep\n|\n|t:|1662641452\n|switch|p2a: Excadrill|Excadrill, M|100\/100\n|-ability|p2a: Excadrill|Mold Breaker\n|turn|14\n|\n|t:|1662641454\n|switch|p1a: Slowbro|Slowbro, M|100\/100\n|move|p2a: Excadrill|Iron Head|p1a: Slowbro\n|-resisted|p1a: Slowbro\n|-damage|p1a: Slowbro|89\/100\n|\n|upkeep\n|turn|15\n|\n|t:|1662641460\n|move|p2a: Excadrill|Rapid Spin|p1a: Slowbro\n|-damage|p1a: Slowbro|79\/100\n|-boost|p2a: Excadrill|spe|1\n|move|p1a: Slowbro|Trick Room|p1a: Slowbro\n|-fieldstart|move: Trick Room|[of] p1a: Slowbro\n|\n|upkeep\n|turn|16\n|l| mario12113\n|\n|t:|1662641464\n|move|p2a: Excadrill|Rapid Spin|p1a: Slowbro\n|-damage|p1a: Slowbro|69\/100\n|-boost|p2a: Excadrill|spe|1\n|move|p1a: Slowbro|Teleport|p1a: Slowbro\n|\n|t:|1662641466\n|switch|p1a: Rhyperior|Rhyperior, F|91\/100|[from]move: Teleport\n|\n|upkeep\n|turn|17\n|\n|t:|1662641469\n|move|p1a: Rhyperior|Earthquake|p2a: Excadrill\n|-supereffective|p2a: Excadrill\n|-damage|p2a: Excadrill|0 fnt\n|faint|p2a: Excadrill\n|-damage|p1a: Rhyperior|81\/100|[from] item: Life Orb\n|\n|-fieldend|move: Psychic Terrain\n|upkeep\n|-message|Lemon Ginger forfeited.\n|\n|win|RggV_YT\n|raw|RggV_YT's rating: 1607 &rarr; <strong>1623<\/strong><br \/>(+16 for winning)\n|raw|Lemon Ginger's rating: 1542 &rarr; <strong>1526<\/strong><br \/>(-16 for losing)\n|l|\u2606Lemon Ginger\n","uploadtime":1662641477,"views":53,"p1id":"rggvyt","p2id":"lemonginger","formatid":"gen8ou","rating":1526,"private":0,"password":null}