{"id":"gen8ou-1641291037","p1":"himynametay","p2":"LT93OQ Strat","format":"gen8ou","log":"|j|\u203dhimynametay\n|j|\u2606LT93OQ Strat\n|t:|1660689190\n|gametype|singles\n|player|p1|himynametay|elesa-masters|1713\n|player|p2|LT93OQ Strat|ghetsis|1685\n|teamsize|p1|6\n|teamsize|p2|6\n|gen|8\n|tier|[Gen 8] OU\n|rated|\n|rule|Sleep Clause Mod: Limit one foe put to sleep\n|rule|Species Clause: Limit one of each Pok\u00e9mon\n|rule|OHKO Clause: OHKO moves are banned\n|rule|Evasion Items Clause: Evasion items are banned\n|rule|Evasion Moves Clause: Evasion moves are banned\n|rule|Endless Battle Clause: Forcing endless battles is banned\n|rule|HP Percentage Mod: HP is shown in percentages\n|rule|Dynamax Clause: You cannot dynamax\n|clearpoke\n|poke|p1|Landorus-Therian, M|\n|poke|p1|Ferrothorn, F|\n|poke|p1|Urshifu-*, M|\n|poke|p1|Tornadus-Therian, M|\n|poke|p1|Dragapult, M|\n|poke|p1|Tapu Lele|\n|poke|p2|Slowbro, M|\n|poke|p2|Jirachi|\n|poke|p2|Landorus-Therian, M|\n|poke|p2|Blacephalon|\n|poke|p2|Tyranitar, M|\n|poke|p2|Buzzwole|\n|teampreview\n|inactive|Battle timer is ON: inactive players will automatically lose when time's up. (requested by LT93OQ Strat)\n|\n|t:|1660689225\n|start\n|switch|p1a: Urshifu|Urshifu-Rapid-Strike, M|100\/100\n|switch|p2a: Slowbro|Slowbro, M|100\/100\n|turn|1\n|\n|t:|1660689230\n|move|p1a: Urshifu|U-turn|p2a: Slowbro\n|-supereffective|p2a: Slowbro\n|-damage|p2a: Slowbro|55\/100\n|\n|t:|1660689246\n|switch|p1a: Tornadus|Tornadus-Therian, M|100\/100|[from]move: U-turn\n|move|p2a: Slowbro|Future Sight|p1a: Tornadus\n|-start|p2a: Slowbro|move: Future Sight\n|\n|upkeep\n|turn|2\n|\n|t:|1660689251\n|switch|p2a: Jirachi|Jirachi, shiny|100\/100\n|move|p1a: Tornadus|U-turn|p2a: Jirachi\n|-crit|p2a: Jirachi\n|-damage|p2a: Jirachi|81\/100\n|\n|t:|1660689262\n|switch|p1a: Ferrothorn|Ferrothorn, F|100\/100|[from]move: U-turn\n|\n|upkeep\n|turn|3\n|\n|t:|1660689273\n|move|p2a: Jirachi|Aura Sphere|p1a: Ferrothorn\n|-supereffective|p1a: Ferrothorn\n|-damage|p1a: Ferrothorn|54\/100\n|move|p1a: Ferrothorn|Stealth Rock|p2a: Jirachi\n|-sidestart|p2: LT93OQ Strat|move: Stealth Rock\n|\n|-end|p1a: Ferrothorn|move: Future Sight\n|-resisted|p1a: Ferrothorn\n|-damage|p1a: Ferrothorn|30\/100\n|upkeep\n|turn|4\n|\n|t:|1660689295\n|switch|p1a: Dragapult|Dragapult, M|100\/100\n|move|p2a: Jirachi|Aura Sphere|p1a: Dragapult\n|-immune|p1a: Dragapult\n|\n|upkeep\n|turn|5\n|\n|t:|1660689305\n|switch|p2a: Tyranitar|Tyranitar, M|100\/100\n|-damage|p2a: Tyranitar|88\/100|[from] Stealth Rock\n|-weather|Sandstorm|[from] ability: Sand Stream|[of] p2a: Tyranitar\n|move|p1a: Dragapult|U-turn|p2a: Tyranitar\n|-supereffective|p2a: Tyranitar\n|-damage|p2a: Tyranitar|57\/100\n|inactive|himynametay has 120 seconds left.\n|\n|t:|1660689357\n|switch|p1a: Urshifu|Urshifu-Rapid-Strike, M|100\/100|[from]move: U-turn\n|\n|-weather|Sandstorm|[upkeep]\n|-damage|p1a: Urshifu|94\/100|[from] Sandstorm\n|upkeep\n|turn|6\n|\n|t:|1660689368\n|switch|p2a: Landorus|Landorus-Therian, M|100\/100\n|-damage|p2a: Landorus|88\/100|[from] Stealth Rock\n|-ability|p2a: Landorus|Intimidate|boost\n|-unboost|p1a: Urshifu|atk|1\n|move|p1a: Urshifu|Surging Strikes|p2a: Landorus\n|-supereffective|p2a: Landorus\n|-crit|p2a: Landorus\n|-damage|p2a: Landorus|50\/100\n|-supereffective|p2a: Landorus\n|-crit|p2a: Landorus\n|-damage|p2a: Landorus|14\/100\n|-supereffective|p2a: Landorus\n|-crit|p2a: Landorus\n|-damage|p2a: Landorus|0 fnt\n|faint|p2a: Landorus\n|-hitcount|p2: Landorus|3\n|\n|-weather|Sandstorm|[upkeep]\n|-damage|p1a: Urshifu|88\/100|[from] Sandstorm\n|upkeep\n|\n|t:|1660689374\n|switch|p2a: Slowbro|Slowbro, M|88\/100\n|-damage|p2a: Slowbro|76\/100|[from] Stealth Rock\n|turn|7\n|\n|t:|1660689378\n|move|p1a: Urshifu|U-turn|p2a: Slowbro\n|-supereffective|p2a: Slowbro\n|-damage|p2a: Slowbro|44\/100\n|\n|t:|1660689384\n|switch|p1a: Tornadus|Tornadus-Therian, M|100\/100|[from]move: U-turn\n|move|p2a: Slowbro|Ice Beam|p1a: Tornadus\n|-supereffective|p1a: Tornadus\n|-damage|p1a: Tornadus|59\/100\n|\n|-weather|Sandstorm|[upkeep]\n|-damage|p1a: Tornadus|53\/100|[from] Sandstorm\n|-damage|p2a: Slowbro|38\/100|[from] Sandstorm\n|upkeep\n|turn|8\n|\n|t:|1660689391\n|move|p1a: Tornadus|Knock Off|p2a: Slowbro\n|-supereffective|p2a: Slowbro\n|-damage|p2a: Slowbro|4\/100\n|-enditem|p2a: Slowbro|Assault Vest|[from] move: Knock Off|[of] p1a: Tornadus\n|move|p2a: Slowbro|Future Sight|p1a: Tornadus\n|-start|p2a: Slowbro|move: Future Sight\n|\n|-weather|Sandstorm|[upkeep]\n|-damage|p1a: Tornadus|47\/100|[from] Sandstorm\n|-damage|p2a: Slowbro|0 fnt|[from] Sandstorm\n|faint|p2a: Slowbro\n|upkeep\n|-message|LT93OQ Strat forfeited.\n|\n|win|himynametay\n|raw|himynametay's rating: 1691 &rarr; <strong>1711<\/strong><br \/>(+20 for winning)\n|raw|LT93OQ Strat's rating: 1685 &rarr; <strong>1665<\/strong><br \/>(-20 for losing)\n|l|\u2606LT93OQ Strat\n||Ladder isn't responding, score probably updated but might not have (Request timeout).\n","uploadtime":1660689404,"views":21,"p1id":"himynametay","p2id":"lt93oqstrat","formatid":"gen8ou","rating":1665,"private":0,"password":null}