{"id":"gen8nationaldex-1672450545","p1":"Ferrothornail\u8349\u94a2\u7532","p2":"Velocista","format":"gen8nationaldex","log":"|j|\u2606Ferrothornail\u8349\u94a2\u7532\n|j|\u2606Velocista\n|t:|1664372557\n|gametype|singles\n|player|p1|Ferrothornail\u8349\u94a2\u7532|lillie|1498\n|player|p2|Velocista|teamrocket|1475\n|teamsize|p1|6\n|teamsize|p2|6\n|gen|8\n|tier|[Gen 8] National Dex\n|rated|\n|rule|HP Percentage Mod: HP is shown in percentages\n|rule|Endless Battle Clause: Forcing endless battles is banned\n|rule|OHKO Clause: OHKO moves are banned\n|rule|Evasion Moves Clause: Evasion moves are banned\n|rule|Species Clause: Limit one of each Pok\u00e9mon\n|rule|Dynamax Clause: You cannot dynamax\n|rule|Sleep Clause Mod: Limit one foe put to sleep\n|clearpoke\n|poke|p1|Lopunny, F|\n|poke|p1|Celesteela|\n|poke|p1|Mew|\n|poke|p1|Toxapex, F|\n|poke|p1|Tapu Bulu|\n|poke|p1|Garchomp, M|\n|poke|p2|Venusaur, M|\n|poke|p2|Tyranitar, M|\n|poke|p2|Corviknight, M|\n|poke|p2|Tapu Koko|\n|poke|p2|Zapdos-Galar|\n|poke|p2|Garchomp, M|\n|teampreview\n|\n|t:|1664372577\n|start\n|switch|p1a: Garchomp|Garchomp, M|100\/100\n|switch|p2a: Personnalit\u00e9|Tapu Koko, shiny|100\/100\n|-fieldstart|move: Electric Terrain|[from] ability: Electric Surge|[of] p2a: Personnalit\u00e9\n|turn|1\n|inactive|Battle timer is ON: inactive players will automatically lose when time's up. (requested by Velocista)\n|\n|t:|1664372594\n|switch|p2a: MetaCavaleiro|Corviknight, M, shiny|100\/100\n|-ability|p2a: MetaCavaleiro|Pressure\n|move|p1a: Garchomp|Earthquake|p2a: MetaCavaleiro\n|-immune|p2a: MetaCavaleiro\n|\n|upkeep\n|turn|2\n|\n|t:|1664372601\n|move|p1a: Garchomp|Swords Dance|p1a: Garchomp\n|-boost|p1a: Garchomp|atk|2\n|move|p2a: MetaCavaleiro|U-turn|p1a: Garchomp\n|-damage|p1a: Garchomp|86\/100\n|-damage|p2a: MetaCavaleiro|88\/100|[from] ability: Rough Skin|[of] p1a: Garchomp\n|\n|t:|1664372606\n|switch|p2a: Personnalit\u00e9|Tapu Koko, shiny|100\/100|[from]move: U-turn\n|\n|upkeep\n|turn|3\n|\n|t:|1664372612\n|switch|p1a: Tapu Bulu|Tapu Bulu|100\/100\n|-fieldstart|move: Grassy Terrain|[from] ability: Grassy Surge|[of] p1a: Tapu Bulu\n|move|p2a: Personnalit\u00e9|Hidden Power|p1a: Tapu Bulu\n|-supereffective|p1a: Tapu Bulu\n|-damage|p1a: Tapu Bulu|64\/100\n|\n|-heal|p1a: Tapu Bulu|70\/100|[from] Grassy Terrain\n|-heal|p1a: Tapu Bulu|77\/100|[from] item: Leftovers\n|upkeep\n|turn|4\n|\n|t:|1664372617\n|switch|p2a: menin\u00e3o pac\u00edfico|Venusaur, M|100\/100\n|switch|p1a: Celesteela|Celesteela|100\/100\n|\n|upkeep\n|turn|5\n|\n|t:|1664372624\n|switch|p1a: Mew|Mew|100\/100\n|detailschange|p2a: menin\u00e3o pac\u00edfico|Venusaur-Mega, M\n|-mega|p2a: menin\u00e3o pac\u00edfico|Venusaur|Venusaurite\n|move|p2a: menin\u00e3o pac\u00edfico|Hidden Power|p1a: Mew\n|-damage|p1a: Mew|86\/100\n|\n|-heal|p1a: Mew|93\/100|[from] Grassy Terrain\n|upkeep\n|turn|6\n|\n|t:|1664372627\n|move|p1a: Mew|Will-O-Wisp|p2a: menin\u00e3o pac\u00edfico\n|-status|p2a: menin\u00e3o pac\u00edfico|brn\n|move|p2a: menin\u00e3o pac\u00edfico|Sludge Bomb|p1a: Mew\n|-damage|p1a: Mew|61\/100\n|\n|-heal|p1a: Mew|67\/100|[from] Grassy Terrain\n|-damage|p2a: menin\u00e3o pac\u00edfico|94\/100 brn|[from] brn\n|upkeep\n|turn|7\n|\n|t:|1664372634\n|switch|p1a: Celesteela|Celesteela|100\/100\n|switch|p2a: Contramedidas|Tyranitar, M|100\/100\n|-weather|Sandstorm|[from] ability: Sand Stream|[of] p2a: Contramedidas\n|\n|-weather|Sandstorm|[upkeep]\n|-fieldend|move: Grassy Terrain\n|upkeep\n|turn|8\n|\n|t:|1664372637\n|move|p2a: Contramedidas|Thunder Wave|p1a: Celesteela\n|-status|p1a: Celesteela|par\n|move|p1a: Celesteela|Leech Seed|p2a: Contramedidas\n|-start|p2a: Contramedidas|move: Leech Seed\n|\n|-weather|Sandstorm|[upkeep]\n|-damage|p2a: Contramedidas|88\/100|[from] Leech Seed|[of] p1a: Celesteela\n|upkeep\n|turn|9\n|\n|t:|1664372640\n|move|p2a: Contramedidas|Stealth Rock|p1a: Celesteela\n|-sidestart|p1: Ferrothornail\u8349\u94a2\u7532|move: Stealth Rock\n|move|p1a: Celesteela|Earthquake|p2a: Contramedidas\n|-supereffective|p2a: Contramedidas\n|-damage|p2a: Contramedidas|50\/100\n|\n|-weather|Sandstorm|[upkeep]\n|-heal|p2a: Contramedidas|56\/100|[from] item: Leftovers\n|-damage|p2a: Contramedidas|44\/100|[from] Leech Seed|[of] p1a: Celesteela\n|upkeep\n|turn|10\n|\n|t:|1664372645\n|switch|p2a: MetaCavaleiro|Corviknight, M, shiny|88\/100\n|-ability|p2a: MetaCavaleiro|Pressure\n|move|p1a: Celesteela|Flamethrower|p2a: MetaCavaleiro\n|-supereffective|p2a: MetaCavaleiro\n|-damage|p2a: MetaCavaleiro|48\/100\n|-status|p2a: MetaCavaleiro|brn\n|\n|-weather|Sandstorm|[upkeep]\n|-damage|p2a: MetaCavaleiro|42\/100 brn|[from] brn\n|upkeep\n|turn|11\n|\n|t:|1664372648\n|move|p2a: MetaCavaleiro|Roost|p2a: MetaCavaleiro\n|-heal|p2a: MetaCavaleiro|92\/100 brn\n|-singleturn|p2a: MetaCavaleiro|move: Roost\n|cant|p1a: Celesteela|par\n|\n|-weather|none\n|-damage|p2a: MetaCavaleiro|86\/100 brn|[from] brn\n|upkeep\n|turn|12\n|\n|t:|1664372652\n|move|p2a: MetaCavaleiro|U-turn|p1a: Celesteela\n|-resisted|p1a: Celesteela\n|-damage|p1a: Celesteela|99\/100 par\n|\n|t:|1664372657\n|switch|p2a: menin\u00e3o pac\u00edfico|Venusaur-Mega, M|94\/100 brn|[from]move: U-turn\n|move|p1a: Celesteela|Flamethrower|p2a: menin\u00e3o pac\u00edfico\n|-supereffective|p2a: menin\u00e3o pac\u00edfico\n|-damage|p2a: menin\u00e3o pac\u00edfico|78\/100 brn\n|\n|-heal|p1a: Celesteela|100\/100 par|[from] item: Leftovers\n|-damage|p2a: menin\u00e3o pac\u00edfico|72\/100 brn|[from] brn\n|upkeep\n|turn|13\n|\n|t:|1664372662\n|move|p2a: menin\u00e3o pac\u00edfico|Hidden Power|p1a: Celesteela\n|-supereffective|p1a: Celesteela\n|-crit|p1a: Celesteela\n|-damage|p1a: Celesteela|66\/100 par\n|cant|p1a: Celesteela|par\n|\n|-heal|p1a: Celesteela|72\/100 par|[from] item: Leftovers\n|-damage|p2a: menin\u00e3o pac\u00edfico|66\/100 brn|[from] brn\n|upkeep\n|turn|14\n|\n|t:|1664372665\n|move|p2a: menin\u00e3o pac\u00edfico|Synthesis|p2a: menin\u00e3o pac\u00edfico\n|-heal|p2a: menin\u00e3o pac\u00edfico|100\/100 brn\n|move|p1a: Celesteela|Earthquake|p2a: menin\u00e3o pac\u00edfico\n|-damage|p2a: menin\u00e3o pac\u00edfico|87\/100 brn\n|\n|-heal|p1a: Celesteela|78\/100 par|[from] item: Leftovers\n|-damage|p2a: menin\u00e3o pac\u00edfico|81\/100 brn|[from] brn\n|upkeep\n|turn|15\n|\n|t:|1664372669\n|move|p1a: Celesteela|Protect|p1a: Celesteela\n|-singleturn|p1a: Celesteela|Protect\n|move|p2a: menin\u00e3o pac\u00edfico|Hidden Power|p1a: Celesteela\n|-activate|p1a: Celesteela|move: Protect\n|\n|-heal|p1a: Celesteela|84\/100 par|[from] item: Leftovers\n|-damage|p2a: menin\u00e3o pac\u00edfico|75\/100 brn|[from] brn\n|upkeep\n|turn|16\n|\n|t:|1664372674\n|move|p2a: menin\u00e3o pac\u00edfico|Hidden Power|p1a: Celesteela\n|-supereffective|p1a: Celesteela\n|-damage|p1a: Celesteela|62\/100 par\n|cant|p1a: Celesteela|par\n|\n|-heal|p1a: Celesteela|68\/100 par|[from] item: Leftovers\n|-damage|p2a: menin\u00e3o pac\u00edfico|69\/100 brn|[from] brn\n|upkeep\n|turn|17\n|\n|t:|1664372679\n|move|p1a: Celesteela|Protect|p1a: Celesteela\n|-singleturn|p1a: Celesteela|Protect\n|move|p2a: menin\u00e3o pac\u00edfico|Hidden Power|p1a: Celesteela\n|-activate|p1a: Celesteela|move: Protect\n|\n|-heal|p1a: Celesteela|74\/100 par|[from] item: Leftovers\n|-damage|p2a: menin\u00e3o pac\u00edfico|63\/100 brn|[from] brn\n|upkeep\n|turn|18\n|\n|t:|1664372683\n|move|p2a: menin\u00e3o pac\u00edfico|Synthesis|p2a: menin\u00e3o pac\u00edfico\n|-heal|p2a: menin\u00e3o pac\u00edfico|100\/100 brn\n|move|p1a: Celesteela|Earthquake|p2a: menin\u00e3o pac\u00edfico\n|-damage|p2a: menin\u00e3o pac\u00edfico|86\/100 brn\n|\n|-heal|p1a: Celesteela|80\/100 par|[from] item: Leftovers\n|-damage|p2a: menin\u00e3o pac\u00edfico|80\/100 brn|[from] brn\n|upkeep\n|turn|19\n|\n|t:|1664372687\n|move|p1a: Celesteela|Protect|p1a: Celesteela\n|-singleturn|p1a: Celesteela|Protect\n|move|p2a: menin\u00e3o pac\u00edfico|Hidden Power|p1a: Celesteela\n|-activate|p1a: Celesteela|move: Protect\n|\n|-heal|p1a: Celesteela|86\/100 par|[from] item: Leftovers\n|-damage|p2a: menin\u00e3o pac\u00edfico|74\/100 brn|[from] brn\n|upkeep\n|turn|20\n|\n|t:|1664372690\n|move|p2a: menin\u00e3o pac\u00edfico|Hidden Power|p1a: Celesteela\n|-supereffective|p1a: Celesteela\n|-damage|p1a: Celesteela|64\/100 par\n|move|p1a: Celesteela|Earthquake|p2a: menin\u00e3o pac\u00edfico\n|-damage|p2a: menin\u00e3o pac\u00edfico|59\/100 brn\n|\n|-heal|p1a: Celesteela|70\/100 par|[from] item: Leftovers\n|-damage|p2a: menin\u00e3o pac\u00edfico|53\/100 brn|[from] brn\n|upkeep\n|turn|21\n|\n|t:|1664372696\n|switch|p2a: Personnalit\u00e9|Tapu Koko, shiny|100\/100\n|-fieldstart|move: Electric Terrain|[from] ability: Electric Surge|[of] p2a: Personnalit\u00e9\n|cant|p1a: Celesteela|par\n|\n|-heal|p1a: Celesteela|76\/100 par|[from] item: Leftovers\n|upkeep\n|turn|22\n|\n|t:|1664372703\n|move|p1a: Celesteela|Protect|p1a: Celesteela\n|-singleturn|p1a: Celesteela|Protect\n|move|p2a: Personnalit\u00e9|Volt Switch|p1a: Celesteela\n|-activate|p1a: Celesteela|move: Protect\n|\n|-heal|p1a: Celesteela|82\/100 par|[from] item: Leftovers\n|upkeep\n|turn|23\n|\n|t:|1664372710\n|switch|p1a: Garchomp|Garchomp, M|86\/100\n|-damage|p1a: Garchomp|79\/100|[from] Stealth Rock\n|move|p2a: Personnalit\u00e9|Volt Switch|p1a: Garchomp\n|-immune|p1a: Garchomp\n|\n|upkeep\n|turn|24\n|\n|t:|1664372717\n|switch|p2a: MetaCavaleiro|Corviknight, M, shiny|86\/100 brn\n|-ability|p2a: MetaCavaleiro|Pressure\n|switch|p1a: Tapu Bulu|Tapu Bulu|77\/100\n|-damage|p1a: Tapu Bulu|64\/100|[from] Stealth Rock\n|-fieldstart|move: Grassy Terrain|[from] ability: Grassy Surge|[of] p1a: Tapu Bulu\n|\n|-heal|p1a: Tapu Bulu|70\/100|[from] Grassy Terrain\n|-heal|p1a: Tapu Bulu|77\/100|[from] item: Leftovers\n|-damage|p2a: MetaCavaleiro|80\/100 brn|[from] brn\n|upkeep\n|turn|25\n|\n|t:|1664372723\n|switch|p1a: Mew|Mew|67\/100\n|move|p2a: MetaCavaleiro|U-turn|p1a: Mew\n|-supereffective|p1a: Mew\n|-damage|p1a: Mew|57\/100\n|\n|t:|1664372729\n|switch|p2a: oh f\u00e9|Zapdos-Galar, shiny|100\/100|[from]move: U-turn\n|\n|-heal|p1a: Mew|64\/100|[from] Grassy Terrain\n|upkeep\n|turn|26\n|\n|t:|1664372732\n|move|p2a: oh f\u00e9|U-turn|p1a: Mew\n|-supereffective|p1a: Mew\n|-damage|p1a: Mew|31\/100\n|\n|t:|1664372737\n|switch|p2a: Contramedidas|Tyranitar, M|44\/100|[from]move: U-turn\n|-weather|Sandstorm|[from] ability: Sand Stream|[of] p2a: Contramedidas\n|move|p1a: Mew|Will-O-Wisp|p2a: Contramedidas\n|-status|p2a: Contramedidas|brn\n|\n|-weather|Sandstorm|[upkeep]\n|-damage|p1a: Mew|24\/100|[from] Sandstorm\n|-heal|p1a: Mew|31\/100|[from] Grassy Terrain\n|-heal|p2a: Contramedidas|50\/100 brn|[from] Grassy Terrain\n|-heal|p2a: Contramedidas|56\/100 brn|[from] item: Leftovers\n|-damage|p2a: Contramedidas|50\/100 brn|[from] brn\n|upkeep\n|turn|27\n|\n|t:|1664372743\n|move|p1a: Mew|Roost|p1a: Mew\n|-heal|p1a: Mew|81\/100\n|-singleturn|p1a: Mew|move: Roost\n|move|p2a: Contramedidas|Pursuit|p1a: Mew\n|-supereffective|p1a: Mew\n|-damage|p1a: Mew|69\/100\n|\n|-weather|Sandstorm|[upkeep]\n|-damage|p1a: Mew|63\/100|[from] Sandstorm\n|-heal|p1a: Mew|69\/100|[from] Grassy Terrain\n|-heal|p2a: Contramedidas|56\/100 brn|[from] Grassy Terrain\n|-heal|p2a: Contramedidas|62\/100 brn|[from] item: Leftovers\n|-damage|p2a: Contramedidas|56\/100 brn|[from] brn\n|upkeep\n|turn|28\n|\n|t:|1664372747\n|switch|p2a: Personnalit\u00e9|Tapu Koko, shiny|100\/100\n|-fieldstart|move: Electric Terrain|[from] ability: Electric Surge|[of] p2a: Personnalit\u00e9\n|move|p1a: Mew|Defog|p2a: Personnalit\u00e9\n|-unboost|p2a: Personnalit\u00e9|evasion|1\n|-sideend|p1: Ferrothornail\u8349\u94a2\u7532|Stealth Rock|[from] move: Defog|[of] p1a: Mew\n|-fieldend|move: Electric Terrain\n|\n|-weather|Sandstorm|[upkeep]\n|-damage|p2a: Personnalit\u00e9|94\/100|[from] Sandstorm\n|-damage|p1a: Mew|63\/100|[from] Sandstorm\n|upkeep\n|turn|29\n|\n|t:|1664372750\n|move|p2a: Personnalit\u00e9|Thunderbolt|p1a: Mew\n|-damage|p1a: Mew|18\/100\n|move|p1a: Mew|Roost|p1a: Mew\n|-heal|p1a: Mew|68\/100\n|-singleturn|p1a: Mew|move: Roost\n|\n|-weather|Sandstorm|[upkeep]\n|-damage|p2a: Personnalit\u00e9|88\/100|[from] Sandstorm\n|-damage|p1a: Mew|62\/100|[from] Sandstorm\n|upkeep\n|turn|30\n|\n|t:|1664372755\n|move|p2a: Personnalit\u00e9|Thunderbolt|p1a: Mew\n|-damage|p1a: Mew|19\/100\n|move|p1a: Mew|Roost|p1a: Mew\n|-heal|p1a: Mew|69\/100\n|-singleturn|p1a: Mew|move: Roost\n|\n|-weather|none\n|upkeep\n|turn|31\n|\n|t:|1664372758\n|move|p2a: Personnalit\u00e9|Thunderbolt|p1a: Mew\n|-damage|p1a: Mew|23\/100\n|move|p1a: Mew|Roost|p1a: Mew\n|-heal|p1a: Mew|74\/100\n|-singleturn|p1a: Mew|move: Roost\n|\n|upkeep\n|turn|32\n|\n|t:|1664372762\n|move|p2a: Personnalit\u00e9|Thunderbolt|p1a: Mew\n|-damage|p1a: Mew|28\/100\n|move|p1a: Mew|Roost|p1a: Mew\n|-heal|p1a: Mew|78\/100\n|-singleturn|p1a: Mew|move: Roost\n|\n|upkeep\n|turn|33\n|\n|t:|1664372769\n|switch|p1a: Garchomp|Garchomp, M|79\/100\n|move|p2a: Personnalit\u00e9|Thunderbolt|p1a: Garchomp\n|-immune|p1a: Garchomp\n|\n|upkeep\n|turn|34\n|\n|t:|1664372773\n|move|p2a: Personnalit\u00e9|Thunderbolt|p1a: Garchomp\n|-immune|p1a: Garchomp\n|move|p1a: Garchomp|Stealth Rock|p2a: Personnalit\u00e9\n|-sidestart|p2: Velocista|move: Stealth Rock\n|\n|upkeep\n|turn|35\n|\n|t:|1664372778\n|switch|p2a: MetaCavaleiro|Corviknight, M, shiny|80\/100 brn\n|-damage|p2a: MetaCavaleiro|67\/100 brn|[from] Stealth Rock\n|-ability|p2a: MetaCavaleiro|Pressure\n|switch|p1a: Tapu Bulu|Tapu Bulu|77\/100\n|-fieldstart|move: Grassy Terrain|[from] ability: Grassy Surge|[of] p1a: Tapu Bulu\n|\n|-heal|p1a: Tapu Bulu|83\/100|[from] Grassy Terrain\n|-heal|p1a: Tapu Bulu|89\/100|[from] item: Leftovers\n|-damage|p2a: MetaCavaleiro|61\/100 brn|[from] brn\n|upkeep\n|turn|36\n|\n|t:|1664372785\n|move|p1a: Tapu Bulu|Swords Dance|p1a: Tapu Bulu\n|-boost|p1a: Tapu Bulu|atk|2\n|move|p2a: MetaCavaleiro|Defog|p1a: Tapu Bulu\n|-unboost|p1a: Tapu Bulu|evasion|1\n|-sideend|p2: Velocista|Stealth Rock|[from] move: Defog|[of] p2a: MetaCavaleiro\n|-fieldend|move: Grassy Terrain\n|\n|-heal|p1a: Tapu Bulu|95\/100|[from] item: Leftovers\n|-damage|p2a: MetaCavaleiro|55\/100 brn|[from] brn\n|upkeep\n|turn|37\n|\n|t:|1664372787\n|move|p1a: Tapu Bulu|Close Combat|p2a: MetaCavaleiro\n|-damage|p2a: MetaCavaleiro|11\/100 brn\n|-unboost|p1a: Tapu Bulu|def|1\n|-unboost|p1a: Tapu Bulu|spd|1\n|-damage|p1a: Tapu Bulu|78\/100|[from] item: Rocky Helmet|[of] p2a: MetaCavaleiro\n|move|p2a: MetaCavaleiro|Roost|p2a: MetaCavaleiro\n|-heal|p2a: MetaCavaleiro|61\/100 brn\n|-singleturn|p2a: MetaCavaleiro|move: Roost\n|\n|-heal|p1a: Tapu Bulu|84\/100|[from] item: Leftovers\n|-damage|p2a: MetaCavaleiro|55\/100 brn|[from] brn\n|upkeep\n|turn|38\n|\n|t:|1664372791\n|move|p1a: Tapu Bulu|Close Combat|p2a: MetaCavaleiro\n|-damage|p2a: MetaCavaleiro|9\/100 brn\n|-unboost|p1a: Tapu Bulu|def|1\n|-unboost|p1a: Tapu Bulu|spd|1\n|-damage|p1a: Tapu Bulu|68\/100|[from] item: Rocky Helmet|[of] p2a: MetaCavaleiro\n|move|p2a: MetaCavaleiro|Roost|p2a: MetaCavaleiro\n|-heal|p2a: MetaCavaleiro|59\/100 brn\n|-singleturn|p2a: MetaCavaleiro|move: Roost\n|\n|-heal|p1a: Tapu Bulu|74\/100|[from] item: Leftovers\n|-damage|p2a: MetaCavaleiro|53\/100 brn|[from] brn\n|upkeep\n|turn|39\n|\n|t:|1664372796\n|move|p1a: Tapu Bulu|Close Combat|p2a: MetaCavaleiro\n|-damage|p2a: MetaCavaleiro|7\/100 brn\n|-unboost|p1a: Tapu Bulu|def|1\n|-unboost|p1a: Tapu Bulu|spd|1\n|-damage|p1a: Tapu Bulu|57\/100|[from] item: Rocky Helmet|[of] p2a: MetaCavaleiro\n|move|p2a: MetaCavaleiro|Roost|p2a: MetaCavaleiro\n|-heal|p2a: MetaCavaleiro|57\/100 brn\n|-singleturn|p2a: MetaCavaleiro|move: Roost\n|\n|-heal|p1a: Tapu Bulu|63\/100|[from] item: Leftovers\n|-damage|p2a: MetaCavaleiro|51\/100 brn|[from] brn\n|upkeep\n|turn|40\n|\n|t:|1664372800\n|move|p1a: Tapu Bulu|Close Combat|p2a: MetaCavaleiro\n|-damage|p2a: MetaCavaleiro|7\/100 brn\n|-unboost|p1a: Tapu Bulu|def|1\n|-unboost|p1a: Tapu Bulu|spd|1\n|-damage|p1a: Tapu Bulu|47\/100|[from] item: Rocky Helmet|[of] p2a: MetaCavaleiro\n|move|p2a: MetaCavaleiro|Roost|p2a: MetaCavaleiro\n|-heal|p2a: MetaCavaleiro|57\/100 brn\n|-singleturn|p2a: MetaCavaleiro|move: Roost\n|\n|-heal|p1a: Tapu Bulu|53\/100|[from] item: Leftovers\n|-damage|p2a: MetaCavaleiro|51\/100 brn|[from] brn\n|upkeep\n|turn|41\n|\n|t:|1664372811\n|move|p1a: Tapu Bulu|Swords Dance|p1a: Tapu Bulu\n|-boost|p1a: Tapu Bulu|atk|2\n|move|p2a: MetaCavaleiro|Roost|p2a: MetaCavaleiro\n|-heal|p2a: MetaCavaleiro|100\/100 brn\n|-singleturn|p2a: MetaCavaleiro|move: Roost\n|\n|-heal|p1a: Tapu Bulu|59\/100|[from] item: Leftovers\n|-damage|p2a: MetaCavaleiro|94\/100 brn|[from] brn\n|upkeep\n|turn|42\n|\n|t:|1664372814\n|move|p1a: Tapu Bulu|Stone Edge|p2a: MetaCavaleiro\n|-damage|p2a: MetaCavaleiro|38\/100 brn\n|move|p2a: MetaCavaleiro|U-turn|p1a: Tapu Bulu\n|-damage|p1a: Tapu Bulu|40\/100\n|\n|t:|1664372822\n|switch|p2a: Assault (Angra)|Garchomp, M, shiny|100\/100|[from]move: U-turn\n|\n|-heal|p1a: Tapu Bulu|46\/100|[from] item: Leftovers\n|upkeep\n|turn|43\n|\n|t:|1664372828\n|move|p2a: Assault (Angra)|Fire Fang|p1a: Tapu Bulu\n|-supereffective|p1a: Tapu Bulu\n|-damage|p1a: Tapu Bulu|0 fnt\n|faint|p1a: Tapu Bulu\n|\n|upkeep\n|\n|t:|1664372831\n|switch|p1a: Lopunny|Lopunny, F|100\/100\n|turn|44\n|\n|t:|1664372839\n|switch|p2a: MetaCavaleiro|Corviknight, M, shiny|38\/100 brn\n|-ability|p2a: MetaCavaleiro|Pressure\n|detailschange|p1a: Lopunny|Lopunny-Mega, F\n|-mega|p1a: Lopunny|Lopunny|Lopunnite\n|move|p1a: Lopunny|Triple Axel|p2a: MetaCavaleiro\n|-damage|p2a: MetaCavaleiro|34\/100 brn\n|-damage|p1a: Lopunny|84\/100|[from] item: Rocky Helmet|[of] p2a: MetaCavaleiro\n|-hitcount|p2a: MetaCavaleiro|1\n|\n|-damage|p2a: MetaCavaleiro|27\/100 brn|[from] brn\n|upkeep\n|turn|45\n|\n|t:|1664372845\n|switch|p2a: menin\u00e3o pac\u00edfico|Venusaur-Mega, M|53\/100 brn\n|move|p1a: Lopunny|Close Combat|p2a: menin\u00e3o pac\u00edfico\n|-resisted|p2a: menin\u00e3o pac\u00edfico\n|-damage|p2a: menin\u00e3o pac\u00edfico|33\/100 brn\n|-unboost|p1a: Lopunny|def|1\n|-unboost|p1a: Lopunny|spd|1\n|\n|-damage|p2a: menin\u00e3o pac\u00edfico|27\/100 brn|[from] brn\n|upkeep\n|turn|46\n|\n|t:|1664372850\n|move|p1a: Lopunny|Return|p2a: menin\u00e3o pac\u00edfico\n|-crit|p2a: menin\u00e3o pac\u00edfico\n|-damage|p2a: menin\u00e3o pac\u00edfico|0 fnt\n|faint|p2a: menin\u00e3o pac\u00edfico\n|\n|upkeep\n|\n|t:|1664372854\n|switch|p2a: oh f\u00e9|Zapdos-Galar, shiny|100\/100\n|turn|47\n|\n|t:|1664372865\n|switch|p1a: Garchomp|Garchomp, M|79\/100\n|move|p2a: oh f\u00e9|Thunderous Kick|p1a: Garchomp\n|-damage|p1a: Garchomp|31\/100\n|-unboost|p1a: Garchomp|def|1\n|-damage|p2a: oh f\u00e9|88\/100|[from] ability: Rough Skin|[of] p1a: Garchomp\n|\n|upkeep\n|turn|48\n|\n|t:|1664372871\n|move|p2a: oh f\u00e9|Thunderous Kick|p1a: Garchomp\n|-damage|p1a: Garchomp|0 fnt\n|-damage|p2a: oh f\u00e9|76\/100|[from] ability: Rough Skin|[of] p1a: Garchomp\n|faint|p1a: Garchomp\n|\n|upkeep\n|\n|t:|1664372873\n|switch|p1a: Lopunny|Lopunny-Mega, F|84\/100\n|turn|49\n|\n|t:|1664372877\n|move|p1a: Lopunny|Fake Out|p2a: oh f\u00e9\n|-damage|p2a: oh f\u00e9|49\/100\n|cant|p2a: oh f\u00e9|flinch\n|\n|upkeep\n|turn|50\n|\n|t:|1664372881\n|switch|p1a: Mew|Mew|78\/100\n|move|p2a: oh f\u00e9|Thunderous Kick|p1a: Mew\n|-resisted|p1a: Mew\n|-damage|p1a: Mew|63\/100\n|-unboost|p1a: Mew|def|1\n|\n|upkeep\n|turn|51\n|\n|t:|1664372885\n|switch|p2a: MetaCavaleiro|Corviknight, M, shiny|27\/100 brn\n|-ability|p2a: MetaCavaleiro|Pressure\n|move|p1a: Mew|Roar|p2a: MetaCavaleiro\n|drag|p2a: oh f\u00e9|Zapdos-Galar, shiny|49\/100\n|\n|upkeep\n|turn|52\n|\n|t:|1664372893\n|switch|p1a: Toxapex|Toxapex, F|100\/100\n|move|p2a: oh f\u00e9|U-turn|p1a: Toxapex\n|-resisted|p1a: Toxapex\n|-damage|p1a: Toxapex|92\/100\n|\n|t:|1664372896\n|switch|p2a: MetaCavaleiro|Corviknight, M, shiny|27\/100 brn|[from]move: U-turn\n|-ability|p2a: MetaCavaleiro|Pressure\n|\n|-heal|p1a: Toxapex|98\/100|[from] item: Black Sludge\n|-damage|p2a: MetaCavaleiro|21\/100 brn|[from] brn\n|upkeep\n|turn|53\n|\n|t:|1664372904\n|move|p2a: MetaCavaleiro|Roost|p2a: MetaCavaleiro\n|-heal|p2a: MetaCavaleiro|71\/100 brn\n|-singleturn|p2a: MetaCavaleiro|move: Roost\n|move|p1a: Toxapex|Scald|p2a: MetaCavaleiro\n|-damage|p2a: MetaCavaleiro|56\/100 brn\n|\n|-heal|p1a: Toxapex|100\/100|[from] item: Black Sludge\n|-damage|p2a: MetaCavaleiro|50\/100 brn|[from] brn\n|upkeep\n|turn|54\n|\n|t:|1664372906\n|move|p2a: MetaCavaleiro|Roost|p2a: MetaCavaleiro\n|-heal|p2a: MetaCavaleiro|99\/100 brn\n|-singleturn|p2a: MetaCavaleiro|move: Roost\n|move|p1a: Toxapex|Scald|p2a: MetaCavaleiro\n|-damage|p2a: MetaCavaleiro|86\/100 brn\n|\n|-damage|p2a: MetaCavaleiro|80\/100 brn|[from] brn\n|upkeep\n|turn|55\n|\n|t:|1664372912\n|switch|p2a: Personnalit\u00e9|Tapu Koko, shiny|88\/100\n|-fieldstart|move: Electric Terrain|[from] ability: Electric Surge|[of] p2a: Personnalit\u00e9\n|move|p1a: Toxapex|Scald|p2a: Personnalit\u00e9\n|-crit|p2a: Personnalit\u00e9\n|-damage|p2a: Personnalit\u00e9|48\/100\n|-status|p2a: Personnalit\u00e9|brn\n|\n|-damage|p2a: Personnalit\u00e9|42\/100 brn|[from] brn\n|upkeep\n|turn|56\n|\n|t:|1664372921\n|switch|p1a: Mew|Mew|63\/100\n|move|p2a: Personnalit\u00e9|Thunderbolt|p1a: Mew\n|-damage|p1a: Mew|5\/100\n|\n|-damage|p2a: Personnalit\u00e9|36\/100 brn|[from] brn\n|upkeep\n|turn|57\n|\n|t:|1664372924\n|move|p2a: Personnalit\u00e9|Thunderbolt|p1a: Mew\n|-damage|p1a: Mew|0 fnt\n|faint|p1a: Mew\n|\n|-damage|p2a: Personnalit\u00e9|30\/100 brn|[from] brn\n|upkeep\n|\n|t:|1664372925\n|switch|p1a: Lopunny|Lopunny-Mega, F|84\/100\n|turn|58\n|\n|t:|1664372930\n|switch|p2a: MetaCavaleiro|Corviknight, M, shiny|80\/100 brn\n|-ability|p2a: MetaCavaleiro|Pressure\n|move|p1a: Lopunny|Close Combat|p2a: MetaCavaleiro\n|-damage|p2a: MetaCavaleiro|37\/100 brn\n|-unboost|p1a: Lopunny|def|1\n|-unboost|p1a: Lopunny|spd|1\n|-damage|p1a: Lopunny|68\/100|[from] item: Rocky Helmet|[of] p2a: MetaCavaleiro\n|\n|-damage|p2a: MetaCavaleiro|31\/100 brn|[from] brn\n|upkeep\n|turn|59\n|\n|t:|1664372938\n|move|p1a: Lopunny|Close Combat|p2a: MetaCavaleiro\n|-damage|p2a: MetaCavaleiro|0 fnt\n|-unboost|p1a: Lopunny|def|1\n|-unboost|p1a: Lopunny|spd|1\n|-damage|p1a: Lopunny|51\/100|[from] item: Rocky Helmet|[of] p2a: MetaCavaleiro\n|faint|p2a: MetaCavaleiro\n|\n|-fieldend|move: Electric Terrain\n|upkeep\n|\n|t:|1664372940\n|switch|p2a: oh f\u00e9|Zapdos-Galar, shiny|49\/100\n|turn|60\n|\n|t:|1664372944\n|switch|p1a: Toxapex|Toxapex, F|100\/100\n|move|p2a: oh f\u00e9|U-turn|p1a: Toxapex\n|-resisted|p1a: Toxapex\n|-damage|p1a: Toxapex|91\/100\n|\n|t:|1664372946\n|switch|p2a: Personnalit\u00e9|Tapu Koko, shiny|30\/100 brn|[from]move: U-turn\n|-fieldstart|move: Electric Terrain|[from] ability: Electric Surge|[of] p2a: Personnalit\u00e9\n|\n|-heal|p1a: Toxapex|97\/100|[from] item: Black Sludge\n|-damage|p2a: Personnalit\u00e9|24\/100 brn|[from] brn\n|upkeep\n|turn|61\n|\n|t:|1664372954\n|move|p2a: Personnalit\u00e9|Volt Switch|p1a: Toxapex\n|-supereffective|p1a: Toxapex\n|-damage|p1a: Toxapex|17\/100\n|\n|t:|1664372961\n|switch|p2a: Contramedidas|Tyranitar, M|56\/100 brn|[from]move: Volt Switch\n|-weather|Sandstorm|[from] ability: Sand Stream|[of] p2a: Contramedidas\n|move|p1a: Toxapex|Scald|p2a: Contramedidas\n|-supereffective|p2a: Contramedidas\n|-damage|p2a: Contramedidas|41\/100 brn\n|\n|-weather|Sandstorm|[upkeep]\n|-damage|p1a: Toxapex|11\/100|[from] Sandstorm\n|-heal|p2a: Contramedidas|48\/100 brn|[from] item: Leftovers\n|-heal|p1a: Toxapex|17\/100|[from] item: Black Sludge\n|-damage|p2a: Contramedidas|41\/100 brn|[from] brn\n|upkeep\n|turn|62\n|\n|t:|1664372966\n|move|p2a: Contramedidas|Rock Blast|p1a: Toxapex\n|-damage|p1a: Toxapex|12\/100\n|-damage|p1a: Toxapex|8\/100\n|-hitcount|p1a: Toxapex|2\n|move|p1a: Toxapex|Recover|p1a: Toxapex\n|-heal|p1a: Toxapex|59\/100\n|\n|-weather|Sandstorm|[upkeep]\n|-damage|p1a: Toxapex|53\/100|[from] Sandstorm\n|-heal|p2a: Contramedidas|48\/100 brn|[from] item: Leftovers\n|-heal|p1a: Toxapex|59\/100|[from] item: Black Sludge\n|-damage|p2a: Contramedidas|41\/100 brn|[from] brn\n|upkeep\n|turn|63\n|\n|t:|1664372972\n|move|p2a: Contramedidas|Thunder Wave|p1a: Toxapex\n|-status|p1a: Toxapex|par\n|move|p1a: Toxapex|Recover|p1a: Toxapex\n|-heal|p1a: Toxapex|100\/100 par\n|\n|-weather|Sandstorm|[upkeep]\n|-damage|p1a: Toxapex|95\/100 par|[from] Sandstorm\n|-heal|p2a: Contramedidas|48\/100 brn|[from] item: Leftovers\n|-heal|p1a: Toxapex|100\/100 par|[from] item: Black Sludge\n|-damage|p2a: Contramedidas|41\/100 brn|[from] brn\n|upkeep\n|turn|64\n|\n|t:|1664372976\n|move|p2a: Contramedidas|Stealth Rock|p1a: Toxapex\n|-sidestart|p1: Ferrothornail\u8349\u94a2\u7532|move: Stealth Rock\n|move|p1a: Toxapex|Scald|p2a: Contramedidas\n|-supereffective|p2a: Contramedidas\n|-damage|p2a: Contramedidas|27\/100 brn\n|\n|-weather|Sandstorm|[upkeep]\n|-damage|p1a: Toxapex|95\/100 par|[from] Sandstorm\n|-heal|p2a: Contramedidas|34\/100 brn|[from] item: Leftovers\n|-heal|p1a: Toxapex|100\/100 par|[from] item: Black Sludge\n|-damage|p2a: Contramedidas|27\/100 brn|[from] brn\n|-fieldend|move: Electric Terrain\n|upkeep\n|turn|65\n|\n|t:|1664372979\n|move|p2a: Contramedidas|Pursuit|p1a: Toxapex\n|-damage|p1a: Toxapex|94\/100 par\n|move|p1a: Toxapex|Scald|p2a: Contramedidas\n|-supereffective|p2a: Contramedidas\n|-damage|p2a: Contramedidas|13\/100 brn\n|\n|-weather|none\n|-heal|p2a: Contramedidas|19\/100 brn|[from] item: Leftovers\n|-heal|p1a: Toxapex|99\/100 par|[from] item: Black Sludge\n|-damage|p2a: Contramedidas|13\/100 brn|[from] brn\n|upkeep\n|turn|66\n|\n|t:|1664372982\n|move|p2a: Contramedidas|Pursuit|p1a: Toxapex\n|-damage|p1a: Toxapex|92\/100 par\n|move|p1a: Toxapex|Scald|p2a: Contramedidas\n|-supereffective|p2a: Contramedidas\n|-damage|p2a: Contramedidas|0 fnt\n|faint|p2a: Contramedidas\n|\n|-heal|p1a: Toxapex|98\/100 par|[from] item: Black Sludge\n|upkeep\n|\n|t:|1664372988\n|switch|p2a: Personnalit\u00e9|Tapu Koko, shiny|24\/100 brn\n|-fieldstart|move: Electric Terrain|[from] ability: Electric Surge|[of] p2a: Personnalit\u00e9\n|turn|67\n|\n|t:|1664372993\n|move|p2a: Personnalit\u00e9|Thunderbolt|p1a: Toxapex\n|-supereffective|p1a: Toxapex\n|-damage|p1a: Toxapex|12\/100 par\n|move|p1a: Toxapex|Scald|p2a: Personnalit\u00e9\n|-damage|p2a: Personnalit\u00e9|0 fnt\n|faint|p2a: Personnalit\u00e9\n|\n|-heal|p1a: Toxapex|18\/100 par|[from] item: Black Sludge\n|upkeep\n|\n|t:|1664373001\n|switch|p2a: Assault (Angra)|Garchomp, M, shiny|100\/100\n|turn|68\n|\n|t:|1664373008\n|-zpower|p2a: Assault (Angra)\n|move|p2a: Assault (Angra)|Continental Crush|p1a: Toxapex|[zeffect]\n|-damage|p1a: Toxapex|0 fnt\n|faint|p1a: Toxapex\n|\n|upkeep\n|\n|t:|1664373010\n|switch|p1a: Lopunny|Lopunny-Mega, F|51\/100\n|-damage|p1a: Lopunny|45\/100|[from] Stealth Rock\n|turn|69\n|\n|t:|1664373019\n|move|p1a: Lopunny|Triple Axel|p2a: Assault (Angra)\n|-supereffective|p2a: Assault (Angra)\n|-damage|p2a: Assault (Angra)|70\/100\n|-damage|p1a: Lopunny|32\/100|[from] ability: Rough Skin|[of] p2a: Assault (Angra)\n|-hitcount|p2a: Assault (Angra)|1\n|move|p2a: Assault (Angra)|Earthquake|p1a: Lopunny\n|-damage|p1a: Lopunny|0 fnt\n|faint|p1a: Lopunny\n|\n|upkeep\n|\n|t:|1664373026\n|switch|p1a: Celesteela|Celesteela|82\/100 par\n|-damage|p1a: Celesteela|70\/100 par|[from] Stealth Rock\n|turn|70\n|\n|t:|1664373030\n|cant|p1a: Celesteela|par\n|move|p2a: Assault (Angra)|Swords Dance|p2a: Assault (Angra)\n|-boost|p2a: Assault (Angra)|atk|2\n|\n|-heal|p1a: Celesteela|76\/100 par|[from] item: Leftovers\n|upkeep\n|turn|71\n|-message|Ferrothornail\u8349\u94a2\u7532 forfeited.\n|\n|win|Velocista\n|raw|Ferrothornail\u8349\u94a2\u7532's rating: 1498 &rarr; <strong>1477<\/strong><br \/>(-21 for losing)\n|raw|Velocista's rating: 1475 &rarr; <strong>1496<\/strong><br \/>(+21 for winning)\n","uploadtime":1664373037,"views":15,"p1id":"ferrothornail","p2id":"velocista","formatid":"gen8nationaldex","rating":1477,"private":0,"password":null}