{"id":"gen8ou-1694222640","p1":"kokoukohiro","p2":"minimax_ai","format":"gen8ou","log":"|html|<div class=\"broadcast-blue\"><strong>[Gen 8] OU is currently suspecting Melmetal! For information on how to participate check out the <a href=\"https:\/\/www.smogon.com\/forums\/threads\/np-ss-ou-suspect-process-round-12-monster-mash.3709234\/\">suspect thread<\/a>.<\/strong><\/div>\n|j|\u2606kokoukohiro\n|j|\u2606minimax_ai\n|t:|1666680361\n|gametype|singles\n|player|p1|kokoukohiro|dawn-gen4pt|1644\n|player|p2|minimax_ai|lusamine-nihilego|1640\n|teamsize|p1|6\n|teamsize|p2|6\n|gen|8\n|tier|[Gen 8] OU\n|rated|\n|rule|Sleep Clause Mod: Limit one foe put to sleep\n|rule|Species Clause: Limit one of each Pok\u00e9mon\n|rule|OHKO Clause: OHKO moves are banned\n|rule|Evasion Items Clause: Evasion items are banned\n|rule|Evasion Moves Clause: Evasion moves are banned\n|rule|Endless Battle Clause: Forcing endless battles is banned\n|rule|HP Percentage Mod: HP is shown in percentages\n|rule|Dynamax Clause: You cannot dynamax\n|clearpoke\n|poke|p1|Jirachi|\n|poke|p1|Quagsire, F|\n|poke|p1|Blissey, F|\n|poke|p1|Toxapex, F|\n|poke|p1|Skarmory, F|\n|poke|p1|Tornadus-Therian, M|\n|poke|p2|Rotom-Wash|\n|poke|p2|Weavile, M|\n|poke|p2|Landorus-Therian, M|\n|poke|p2|Heatran, M|\n|poke|p2|Tangrowth, F|\n|poke|p2|Melmetal|\n|teampreview\n|c|\u2606minimax_ai|hf\n|inactive|Battle timer is ON: inactive players will automatically lose when time's up. (requested by minimax_ai)\n|\n|t:|1666680375\n|start\n|switch|p1a: Toxapex|Toxapex, F|100\/100\n|switch|p2a: Heatran|Heatran, M|100\/100\n|-item|p2a: Heatran|Air Balloon\n|turn|1\n|\n|t:|1666680378\n|move|p2a: Heatran|Stealth Rock|p1a: Toxapex\n|-sidestart|p1: kokoukohiro|move: Stealth Rock\n|move|p1a: Toxapex|Scald|p2a: Heatran\n|-supereffective|p2a: Heatran\n|-damage|p2a: Heatran|66\/100\n|-enditem|p2a: Heatran|Air Balloon\n|\n|upkeep\n|turn|2\n|\n|t:|1666680381\n|move|p2a: Heatran|Magma Storm|p1a: Toxapex\n|-resisted|p1a: Toxapex\n|-damage|p1a: Toxapex|79\/100\n|-activate|p1a: Toxapex|move: Magma Storm|[of] p2a: Heatran\n|move|p1a: Toxapex|Toxic Spikes|p2a: Heatran\n|-sidestart|p2: minimax_ai|move: Toxic Spikes\n|\n|-damage|p1a: Toxapex|66\/100|[from] move: Magma Storm|[partiallytrapped]\n|upkeep\n|turn|3\n|\n|t:|1666680383\n|switch|p1a: Tornadus|Tornadus-Therian, M|100\/100\n|move|p2a: Heatran|Magma Storm|p1a: Tornadus|[miss]\n|-miss|p2a: Heatran|p1a: Tornadus\n|\n|upkeep\n|turn|4\n|\n|t:|1666680390\n|move|p1a: Tornadus|U-turn|p2a: Heatran\n|-resisted|p2a: Heatran\n|-damage|p2a: Heatran|63\/100\n|\n|t:|1666680392\n|switch|p1a: Toxapex|Toxapex, F|99\/100|[from]move: U-turn\n|-damage|p1a: Toxapex|87\/100|[from] Stealth Rock\n|move|p2a: Heatran|Magma Storm|p1a: Toxapex\n|-resisted|p1a: Toxapex\n|-damage|p1a: Toxapex|67\/100\n|-activate|p1a: Toxapex|move: Magma Storm|[of] p2a: Heatran\n|\n|-damage|p1a: Toxapex|54\/100|[from] move: Magma Storm|[partiallytrapped]\n|upkeep\n|turn|5\n|\n|t:|1666680394\n|switch|p1a: Tornadus|Tornadus-Therian, M|100\/100\n|move|p2a: Heatran|Magma Storm|p1a: Tornadus|[miss]\n|-miss|p2a: Heatran|p1a: Tornadus\n|\n|upkeep\n|turn|6\n|\n|t:|1666680401\n|move|p1a: Tornadus|Defog|p2a: Heatran\n|-unboost|p2a: Heatran|evasion|1\n|-sideend|p2: minimax_ai|Toxic Spikes|[from] move: Defog|[of] p1a: Tornadus\n|-sideend|p1: kokoukohiro|Stealth Rock|[from] move: Defog|[of] p1a: Tornadus\n|move|p2a: Heatran|Magma Storm|p1a: Tornadus\n|-damage|p1a: Tornadus|48\/100\n|-activate|p1a: Tornadus|move: Magma Storm|[of] p2a: Heatran\n|\n|-damage|p1a: Tornadus|36\/100|[from] move: Magma Storm|[partiallytrapped]\n|upkeep\n|turn|7\n|\n|t:|1666680403\n|move|p1a: Tornadus|U-turn|p2a: Heatran\n|-resisted|p2a: Heatran\n|-damage|p2a: Heatran|59\/100\n|\n|t:|1666680405\n|switch|p1a: Toxapex|Toxapex, F|88\/100|[from]move: U-turn\n|move|p2a: Heatran|Stealth Rock|p1a: Toxapex\n|-sidestart|p1: kokoukohiro|move: Stealth Rock\n|\n|upkeep\n|turn|8\n|\n|t:|1666680408\n|move|p2a: Heatran|Magma Storm|p1a: Toxapex\n|-resisted|p1a: Toxapex\n|-damage|p1a: Toxapex|68\/100\n|-activate|p1a: Toxapex|move: Magma Storm|[of] p2a: Heatran\n|move|p1a: Toxapex|Toxic Spikes|p2a: Heatran\n|-sidestart|p2: minimax_ai|move: Toxic Spikes\n|\n|-damage|p1a: Toxapex|55\/100|[from] move: Magma Storm|[partiallytrapped]\n|upkeep\n|turn|9\n|\n|t:|1666680415\n|switch|p1a: Tornadus|Tornadus-Therian, M|69\/100\n|move|p2a: Heatran|Magma Storm|p1a: Tornadus\n|-damage|p1a: Tornadus|18\/100\n|-activate|p1a: Tornadus|move: Magma Storm|[of] p2a: Heatran\n|\n|-damage|p1a: Tornadus|5\/100|[from] move: Magma Storm|[partiallytrapped]\n|upkeep\n|turn|10\n|\n|t:|1666680417\n|move|p1a: Tornadus|U-turn|p2a: Heatran\n|-resisted|p2a: Heatran\n|-damage|p2a: Heatran|56\/100\n|\n|t:|1666680420\n|switch|p1a: Toxapex|Toxapex, F|88\/100|[from]move: U-turn\n|-damage|p1a: Toxapex|76\/100|[from] Stealth Rock\n|move|p2a: Heatran|Magma Storm|p1a: Toxapex|[miss]\n|-miss|p2a: Heatran|p1a: Toxapex\n|\n|upkeep\n|turn|11\n|j| Drasuk\n|\n|t:|1666680428\n|switch|p1a: Tornadus|Tornadus-Therian, M|38\/100\n|move|p2a: Heatran|Earth Power|p1a: Tornadus\n|-immune|p1a: Tornadus\n|\n|upkeep\n|turn|12\n|\n|t:|1666680430\n|move|p1a: Tornadus|Defog|p2a: Heatran\n|-unboost|p2a: Heatran|evasion|1\n|-sideend|p2: minimax_ai|Toxic Spikes|[from] move: Defog|[of] p1a: Tornadus\n|-sideend|p1: kokoukohiro|Stealth Rock|[from] move: Defog|[of] p1a: Tornadus\n|move|p2a: Heatran|Eruption|p1a: Tornadus\n|-damage|p1a: Tornadus|0 fnt\n|faint|p1a: Tornadus\n|\n|upkeep\n|\n|t:|1666680437\n|switch|p1a: Blissey|Blissey, F|100\/100\n|turn|13\n|\n|t:|1666680442\n|move|p2a: Heatran|Stealth Rock|p1a: Blissey\n|-sidestart|p1: kokoukohiro|move: Stealth Rock\n|move|p1a: Blissey|Seismic Toss|p2a: Heatran\n|-damage|p2a: Heatran|25\/100\n|\n|upkeep\n|turn|14\n|\n|t:|1666680444\n|switch|p2a: Melmetal|Melmetal|100\/100\n|move|p1a: Blissey|Seismic Toss|p2a: Melmetal\n|-damage|p2a: Melmetal|78\/100\n|\n|upkeep\n|turn|15\n|\n|t:|1666680446\n|switch|p1a: Skarmory|Skarmory, F|100\/100\n|-damage|p1a: Skarmory|88\/100|[from] Stealth Rock\n|move|p2a: Melmetal|Ice Punch|p1a: Skarmory\n|-damage|p1a: Skarmory|68\/100\n|\n|upkeep\n|turn|16\n|\n|t:|1666680448\n|switch|p2a: rotomwash|Rotom-Wash|100\/100\n|move|p1a: Skarmory|Spikes|p2a: rotomwash\n|-sidestart|p2: minimax_ai|Spikes\n|\n|upkeep\n|turn|17\n|\n|t:|1666680450\n|switch|p1a: Blissey|Blissey, F|100\/100\n|move|p2a: rotomwash|Nasty Plot|p2a: rotomwash\n|-boost|p2a: rotomwash|spa|2\n|\n|upkeep\n|turn|18\n|\n|t:|1666680454\n|move|p2a: rotomwash|Nasty Plot|p2a: rotomwash\n|-boost|p2a: rotomwash|spa|2\n|move|p1a: Blissey|Toxic|p2a: rotomwash\n|-status|p2a: rotomwash|tox\n|\n|-damage|p2a: rotomwash|94\/100 tox|[from] psn\n|upkeep\n|turn|19\n|\n|t:|1666680456\n|move|p2a: rotomwash|Thunderbolt|p1a: Blissey\n|-damage|p1a: Blissey|71\/100\n|move|p1a: Blissey|Seismic Toss|p2a: rotomwash\n|-damage|p2a: rotomwash|61\/100 tox\n|\n|-heal|p2a: rotomwash|68\/100 tox|[from] item: Leftovers\n|-damage|p2a: rotomwash|55\/100 tox|[from] psn\n|upkeep\n|turn|20\n|\n|t:|1666680459\n|move|p2a: rotomwash|Nasty Plot|p2a: rotomwash\n|-boost|p2a: rotomwash|spa|2\n|move|p1a: Blissey|Seismic Toss|p2a: rotomwash\n|-damage|p2a: rotomwash|22\/100 tox\n|\n|-heal|p2a: rotomwash|28\/100 tox|[from] item: Leftovers\n|-damage|p2a: rotomwash|10\/100 tox|[from] psn\n|upkeep\n|turn|21\n|\n|t:|1666680461\n|move|p2a: rotomwash|Pain Split|p1a: Blissey\n|-sethp|p1a: Blissey|38\/100|[from] move: Pain Split|[silent]\n|-sethp|p2a: rotomwash|88\/100 tox|[from] move: Pain Split\n|move|p1a: Blissey|Soft-Boiled|p1a: Blissey\n|-heal|p1a: Blissey|88\/100\n|\n|-heal|p2a: rotomwash|94\/100 tox|[from] item: Leftovers\n|-damage|p2a: rotomwash|69\/100 tox|[from] psn\n|upkeep\n|turn|22\n|\n|t:|1666680463\n|move|p2a: rotomwash|Thunderbolt|p1a: Blissey\n|-damage|p1a: Blissey|50\/100\n|move|p1a: Blissey|Soft-Boiled|p1a: Blissey\n|-heal|p1a: Blissey|100\/100\n|\n|-heal|p2a: rotomwash|75\/100 tox|[from] item: Leftovers\n|-damage|p2a: rotomwash|44\/100 tox|[from] psn\n|upkeep\n|turn|23\n|\n|t:|1666680465\n|move|p2a: rotomwash|Pain Split|p1a: Blissey\n|-sethp|p1a: Blissey|60\/100|[from] move: Pain Split|[silent]\n|-sethp|p2a: rotomwash|100\/100 tox|[from] move: Pain Split\n|move|p1a: Blissey|Seismic Toss|p2a: rotomwash\n|-damage|p2a: rotomwash|68\/100 tox\n|\n|-heal|p2a: rotomwash|74\/100 tox|[from] item: Leftovers\n|-damage|p2a: rotomwash|36\/100 tox|[from] psn\n|upkeep\n|turn|24\n|\n|t:|1666680467\n|move|p2a: rotomwash|Pain Split|p1a: Blissey\n|-sethp|p1a: Blissey|38\/100|[from] move: Pain Split|[silent]\n|-sethp|p2a: rotomwash|88\/100 tox|[from] move: Pain Split\n|move|p1a: Blissey|Seismic Toss|p2a: rotomwash\n|-damage|p2a: rotomwash|55\/100 tox\n|\n|-heal|p2a: rotomwash|61\/100 tox|[from] item: Leftovers\n|-damage|p2a: rotomwash|18\/100 tox|[from] psn\n|upkeep\n|turn|25\n|\n|t:|1666680469\n|move|p2a: rotomwash|Pain Split|p1a: Blissey\n|-sethp|p1a: Blissey|23\/100|[from] move: Pain Split|[silent]\n|-sethp|p2a: rotomwash|53\/100 tox|[from] move: Pain Split\n|move|p1a: Blissey|Soft-Boiled|p1a: Blissey\n|-heal|p1a: Blissey|73\/100\n|\n|-heal|p2a: rotomwash|59\/100 tox|[from] item: Leftovers\n|-damage|p2a: rotomwash|9\/100 tox|[from] psn\n|upkeep\n|turn|26\n|\n|t:|1666680471\n|move|p2a: rotomwash|Pain Split|p1a: Blissey\n|-sethp|p1a: Blissey|38\/100|[from] move: Pain Split|[silent]\n|-sethp|p2a: rotomwash|90\/100 tox|[from] move: Pain Split\n|move|p1a: Blissey|Soft-Boiled|p1a: Blissey\n|-heal|p1a: Blissey|88\/100\n|\n|-heal|p2a: rotomwash|96\/100 tox|[from] item: Leftovers\n|-damage|p2a: rotomwash|40\/100 tox|[from] psn\n|upkeep\n|turn|27\n|\n|t:|1666680473\n|move|p2a: rotomwash|Pain Split|p1a: Blissey\n|-sethp|p1a: Blissey|53\/100|[from] move: Pain Split|[silent]\n|-sethp|p2a: rotomwash|100\/100 tox|[from] move: Pain Split\n|move|p1a: Blissey|Seismic Toss|p2a: rotomwash\n|-damage|p2a: rotomwash|68\/100 tox\n|\n|-heal|p2a: rotomwash|74\/100 tox|[from] item: Leftovers\n|-damage|p2a: rotomwash|11\/100 tox|[from] psn\n|upkeep\n|turn|28\n|\n|t:|1666680475\n|move|p2a: rotomwash|Pain Split|p1a: Blissey\n|-sethp|p1a: Blissey|29\/100|[from] move: Pain Split|[silent]\n|-sethp|p2a: rotomwash|67\/100 tox|[from] move: Pain Split\n|move|p1a: Blissey|Soft-Boiled|p1a: Blissey\n|-heal|p1a: Blissey|79\/100\n|\n|-heal|p2a: rotomwash|74\/100 tox|[from] item: Leftovers\n|-damage|p2a: rotomwash|5\/100 tox|[from] psn\n|upkeep\n|turn|29\n|\n|t:|1666680477\n|move|p2a: rotomwash|Pain Split|p1a: Blissey\n|-sethp|p1a: Blissey|41\/100|[from] move: Pain Split|[silent]\n|-sethp|p2a: rotomwash|95\/100 tox|[from] move: Pain Split\n|move|p1a: Blissey|Seismic Toss|p2a: rotomwash\n|-damage|p2a: rotomwash|62\/100 tox\n|\n|-heal|p2a: rotomwash|68\/100 tox|[from] item: Leftovers\n|-damage|p2a: rotomwash|0 fnt|[from] psn\n|faint|p2a: rotomwash\n|upkeep\n|\n|t:|1666680478\n|switch|p2a: Weavile|Weavile, M|100\/100\n|-damage|p2a: Weavile|88\/100|[from] Spikes\n|-ability|p2a: Weavile|Pressure\n|turn|30\n|\n|t:|1666680481\n|switch|p1a: Toxapex|Toxapex, F|100\/100\n|-damage|p1a: Toxapex|88\/100|[from] Stealth Rock\n|move|p2a: Weavile|Knock Off|p1a: Toxapex\n|-crit|p1a: Toxapex\n|-damage|p1a: Toxapex|29\/100\n|-enditem|p1a: Toxapex|Shed Shell|[from] move: Knock Off|[of] p2a: Weavile\n|\n|upkeep\n|turn|31\n|\n|t:|1666680485\n|switch|p1a: Quagsire|Quagsire, F|100\/100\n|-damage|p1a: Quagsire|94\/100|[from] Stealth Rock\n|move|p2a: Weavile|Knock Off|p1a: Quagsire\n|-damage|p1a: Quagsire|46\/100\n|-enditem|p1a: Quagsire|Leftovers|[from] move: Knock Off|[of] p2a: Weavile\n|\n|upkeep\n|turn|32\n|\n|t:|1666680486\n|switch|p2a: Tangrowth|Tangrowth, F|100\/100\n|-damage|p2a: Tangrowth|88\/100|[from] Spikes\n|move|p1a: Quagsire|Recover|p1a: Quagsire\n|-heal|p1a: Quagsire|96\/100\n|\n|upkeep\n|turn|33\n|\n|t:|1666680491\n|switch|p1a: Toxapex|Toxapex, F|62\/100\n|-damage|p1a: Toxapex|50\/100|[from] Stealth Rock\n|move|p2a: Tangrowth|Sleep Powder|p1a: Toxapex\n|-status|p1a: Toxapex|slp|[from] move: Sleep Powder\n|\n|upkeep\n|turn|34\n|\n|t:|1666680498\n|switch|p1a: Skarmory|Skarmory, F|68\/100\n|-damage|p1a: Skarmory|55\/100|[from] Stealth Rock\n|move|p2a: Tangrowth|Focus Blast|p1a: Skarmory|[miss]\n|-miss|p2a: Tangrowth|p1a: Skarmory\n|\n|upkeep\n|turn|35\n|\n|t:|1666680501\n|move|p1a: Skarmory|Roost|p1a: Skarmory\n|-heal|p1a: Skarmory|100\/100\n|-singleturn|p1a: Skarmory|move: Roost\n|move|p2a: Tangrowth|Focus Blast|p1a: Skarmory\n|-supereffective|p1a: Skarmory\n|-damage|p1a: Skarmory|16\/100\n|\n|upkeep\n|turn|36\n|\n|t:|1666680510\n|switch|p1a: Toxapex|Toxapex, F|83\/100 slp\n|-damage|p1a: Toxapex|70\/100 slp|[from] Stealth Rock\n|move|p2a: Tangrowth|Focus Blast|p1a: Toxapex\n|-resisted|p1a: Toxapex\n|-damage|p1a: Toxapex|58\/100 slp\n|\n|upkeep\n|turn|37\n|\n|t:|1666680512\n|move|p2a: Tangrowth|Giga Drain|p1a: Toxapex\n|-damage|p1a: Toxapex|33\/100 slp\n|-heal|p2a: Tangrowth|98\/100|[from] drain|[of] p1a: Toxapex\n|cant|p1a: Toxapex|slp\n|\n|upkeep\n|turn|38\n|\n|t:|1666680514\n|move|p2a: Tangrowth|Giga Drain|p1a: Toxapex\n|-damage|p1a: Toxapex|9\/100 slp\n|-heal|p2a: Tangrowth|100\/100|[from] drain|[of] p1a: Toxapex\n|cant|p1a: Toxapex|slp\n|\n|upkeep\n|turn|39\n|\n|t:|1666680518\n|switch|p1a: Blissey|Blissey, F|41\/100\n|move|p2a: Tangrowth|Knock Off|p1a: Blissey\n|-damage|p1a: Blissey|0 fnt\n|-enditem|p1a: Blissey|Heavy-Duty Boots|[from] move: Knock Off|[of] p2a: Tangrowth\n|faint|p1a: Blissey\n|\n|upkeep\n|\n|t:|1666680529\n|switch|p1a: Toxapex|Toxapex, F|42\/100 slp\n|-damage|p1a: Toxapex|30\/100 slp|[from] Stealth Rock\n|turn|40\n|\n|t:|1666680532\n|move|p2a: Tangrowth|Giga Drain|p1a: Toxapex\n|-damage|p1a: Toxapex|8\/100 slp\n|cant|p1a: Toxapex|slp\n|\n|upkeep\n|turn|41\n|\n|t:|1666680537\n|switch|p1a: Jirachi|Jirachi|100\/100\n|-damage|p1a: Jirachi|94\/100|[from] Stealth Rock\n|move|p2a: Tangrowth|Knock Off|p1a: Jirachi\n|-supereffective|p1a: Jirachi\n|-damage|p1a: Jirachi|57\/100\n|-enditem|p1a: Jirachi|Leftovers|[from] move: Knock Off|[of] p2a: Tangrowth\n|\n|upkeep\n|turn|42\n|\n|t:|1666680539\n|move|p1a: Jirachi|Wish|p1a: Jirachi\n|move|p2a: Tangrowth|Knock Off|p1a: Jirachi\n|-supereffective|p1a: Jirachi\n|-damage|p1a: Jirachi|31\/100\n|\n|upkeep\n|turn|43\n|\n|t:|1666680542\n|move|p1a: Jirachi|Protect|p1a: Jirachi\n|-singleturn|p1a: Jirachi|Protect\n|move|p2a: Tangrowth|Focus Blast|p1a: Jirachi\n|-activate|p1a: Jirachi|move: Protect\n|\n|-heal|p1a: Jirachi|81\/100|[from] move: Wish|[wisher] Jirachi\n|upkeep\n|turn|44\n|\n|t:|1666680543\n|move|p1a: Jirachi|Wish|p1a: Jirachi\n|move|p2a: Tangrowth|Knock Off|p1a: Jirachi\n|-supereffective|p1a: Jirachi\n|-damage|p1a: Jirachi|55\/100\n|\n|upkeep\n|turn|45\n|\n|t:|1666680545\n|move|p1a: Jirachi|Protect|p1a: Jirachi\n|-singleturn|p1a: Jirachi|Protect\n|move|p2a: Tangrowth|Knock Off|p1a: Jirachi\n|-activate|p1a: Jirachi|move: Protect\n|\n|-heal|p1a: Jirachi|100\/100|[from] move: Wish|[wisher] Jirachi\n|upkeep\n|turn|46\n|\n|t:|1666680547\n|move|p1a: Jirachi|Wish|p1a: Jirachi\n|move|p2a: Tangrowth|Knock Off|p1a: Jirachi\n|-supereffective|p1a: Jirachi\n|-damage|p1a: Jirachi|74\/100\n|\n|upkeep\n|turn|47\n|\n|t:|1666680548\n|move|p1a: Jirachi|U-turn|p2a: Tangrowth\n|-supereffective|p2a: Tangrowth\n|-damage|p2a: Tangrowth|83\/100\n|-damage|p1a: Jirachi|57\/100|[from] item: Rocky Helmet|[of] p2a: Tangrowth\n|\n|t:|1666680550\n|switch|p1a: Toxapex|Toxapex, F|41\/100 slp|[from]move: U-turn\n|-damage|p1a: Toxapex|29\/100 slp|[from] Stealth Rock\n|move|p2a: Tangrowth|Knock Off|p1a: Toxapex\n|-damage|p1a: Toxapex|19\/100 slp\n|\n|-heal|p1a: Toxapex|86\/100 slp|[from] move: Wish|[wisher] Jirachi\n|upkeep\n|turn|48\n|\n|t:|1666680553\n|move|p2a: Tangrowth|Giga Drain|p1a: Toxapex\n|-damage|p1a: Toxapex|61\/100 slp\n|-heal|p2a: Tangrowth|93\/100|[from] drain|[of] p1a: Toxapex\n|-curestatus|p1a: Toxapex|slp|[msg]\n|move|p1a: Toxapex|Toxic Spikes|p2a: Tangrowth\n|-sidestart|p2: minimax_ai|move: Toxic Spikes\n|\n|upkeep\n|turn|49\n|\n|t:|1666680557\n|switch|p1a: Skarmory|Skarmory, F|16\/100\n|-damage|p1a: Skarmory|4\/100|[from] Stealth Rock\n|move|p2a: Tangrowth|Sleep Powder|p1a: Skarmory\n|-status|p1a: Skarmory|slp|[from] move: Sleep Powder\n|\n|upkeep\n|turn|50\n|\n|t:|1666680561\n|switch|p1a: Toxapex|Toxapex, F|94\/100\n|-damage|p1a: Toxapex|82\/100|[from] Stealth Rock\n|move|p2a: Tangrowth|Giga Drain|p1a: Toxapex\n|-damage|p1a: Toxapex|60\/100\n|-heal|p2a: Tangrowth|100\/100|[from] drain|[of] p1a: Toxapex\n|\n|upkeep\n|turn|51\n|\n|t:|1666680563\n|switch|p2a: landorustherian|Landorus-Therian, M|100\/100\n|-ability|p2a: landorustherian|Intimidate|boost\n|-unboost|p1a: Toxapex|atk|1\n|move|p1a: Toxapex|Toxic Spikes|p2a: landorustherian\n|-sidestart|p2: minimax_ai|move: Toxic Spikes\n|\n|upkeep\n|turn|52\n|\n|t:|1666680568\n|switch|p1a: Quagsire|Quagsire, F|96\/100\n|-damage|p1a: Quagsire|90\/100|[from] Stealth Rock\n|move|p2a: landorustherian|Earthquake|p1a: Quagsire\n|-damage|p1a: Quagsire|60\/100\n|\n|upkeep\n|turn|53\n|\n|t:|1666680571\n|move|p2a: landorustherian|Toxic|p1a: Quagsire\n|-status|p1a: Quagsire|tox\n|move|p1a: Quagsire|Recover|p1a: Quagsire\n|-heal|p1a: Quagsire|100\/100 tox\n|\n|-damage|p1a: Quagsire|94\/100 tox|[from] psn\n|upkeep\n|turn|54\n|\n|t:|1666680574\n|move|p2a: landorustherian|Earthquake|p1a: Quagsire\n|-damage|p1a: Quagsire|59\/100 tox\n|move|p1a: Quagsire|Scald|p2a: landorustherian\n|-supereffective|p2a: landorustherian\n|-damage|p2a: landorustherian|72\/100\n|\n|-heal|p2a: landorustherian|78\/100|[from] item: Leftovers\n|-damage|p1a: Quagsire|47\/100 tox|[from] psn\n|upkeep\n|turn|55\n|\n|t:|1666680576\n|move|p2a: landorustherian|Earthquake|p1a: Quagsire\n|-damage|p1a: Quagsire|14\/100 tox\n|move|p1a: Quagsire|Recover|p1a: Quagsire\n|-heal|p1a: Quagsire|64\/100 tox\n|\n|-heal|p2a: landorustherian|84\/100|[from] item: Leftovers\n|-damage|p1a: Quagsire|46\/100 tox|[from] psn\n|upkeep\n|turn|56\n|\n|t:|1666680580\n|switch|p1a: Skarmory|Skarmory, F|4\/100 slp\n|-damage|p1a: Skarmory|0 fnt|[from] Stealth Rock\n|faint|p1a: Skarmory\n|move|p2a: landorustherian|Earthquake|p1: Skarmory|[notarget]\n|-fail|p2a: landorustherian\n|\n|-heal|p2a: landorustherian|90\/100|[from] item: Leftovers\n|upkeep\n|\n|t:|1666680584\n|switch|p1a: Toxapex|Toxapex, F|93\/100\n|-damage|p1a: Toxapex|80\/100|[from] Stealth Rock\n|turn|57\n|\n|t:|1666680586\n|move|p2a: landorustherian|Earthquake|p1a: Toxapex\n|-supereffective|p1a: Toxapex\n|-damage|p1a: Toxapex|27\/100\n|move|p1a: Toxapex|Scald|p2a: landorustherian\n|-supereffective|p2a: landorustherian\n|-damage|p2a: landorustherian|66\/100\n|\n|-heal|p2a: landorustherian|72\/100|[from] item: Leftovers\n|upkeep\n|turn|58\n|-message|kokoukohiro forfeited.\n|\n|win|minimax_ai\n|raw|kokoukohiro's rating: 1644 &rarr; <strong>1624<\/strong><br \/>(-20 for losing)\n|raw|minimax_ai's rating: 1640 &rarr; <strong>1660<\/strong><br \/>(+20 for winning)\n|c|\u2606minimax_ai|gg\n|l|\u2606kokoukohiro\n","uploadtime":1666680592,"views":5,"p1id":"kokoukohiro","p2id":"minimaxai","formatid":"gen8ou","rating":1624,"private":0,"password":null}