{"id":"gen8uu-1130706010","p1":"monokage","p2":"Goootzinho","format":"gen8uu","log":"|j|\u2606monokage\n|j|\u2606Goootzinho\n|player|p1|monokage|youngathlete|1226\n|player|p2|Goootzinho|galacticgrunt|1237\n|teamsize|p1|6\n|teamsize|p2|6\n|gametype|singles\n|gen|8\n|tier|[Gen 8] UU\n|rated|\n|clearpoke\n|poke|p1|Passimian, F|\n|poke|p1|Bronzong|\n|poke|p1|Incineroar, F|\n|poke|p1|Roserade, M|\n|poke|p1|Rotom-Wash|\n|poke|p1|Sylveon, F|\n|poke|p2|Vileplume, M|\n|poke|p2|Incineroar, M|\n|poke|p2|Rhyperior, F|\n|poke|p2|Noivern, M|\n|poke|p2|Cobalion|\n|poke|p2|Sylveon, F|\n|rule|Sleep Clause Mod: Limit one foe put to sleep\n|rule|Species Clause: Limit one of each Pok\u00e9mon\n|rule|OHKO Clause: OHKO moves are banned\n|rule|Evasion Moves Clause: Evasion moves are banned\n|rule|Endless Battle Clause: Forcing endless battles is banned\n|rule|HP Percentage Mod: HP is shown in percentages\n|rule|Dynamax Clause: You cannot dynamax\n|teampreview\n|c|\u2606monokage|glhf\n|inactive|Battle timer is ON: inactive players will automatically lose when time's up. (requested by Goootzinho)\n|\n|start\n|switch|p1a: Passimian|Passimian, F|100\/100\n|switch|p2a: Incineroar|Incineroar, M|100\/100\n|-ability|p2a: Incineroar|Intimidate|boost\n|-unboost|p1a: Passimian|atk|1\n|-ability|p1a: Passimian|Defiant\n|-boost|p1a: Passimian|atk|2\n|turn|1\n|c|\u2606Goootzinho|u2\n|\n|switch|p2a: Noivern|Noivern, M|100\/100\n|move|p1a: Passimian|Knock Off|p2a: Noivern\n|-damage|p2a: Noivern|42\/100\n|-enditem|p2a: Noivern|Heavy-Duty Boots|[from] move: Knock Off|[of] p1a: Passimian\n|\n|upkeep\n|turn|2\n|\n|switch|p1a: Bronzong|Bronzong|100\/100\n|move|p2a: Noivern|Roost|p2a: Noivern\n|-heal|p2a: Noivern|92\/100\n|-singleturn|p2a: Noivern|move: Roost\n|\n|upkeep\n|turn|3\n|\n|move|p2a: Noivern|Flamethrower|p1a: Bronzong\n|-supereffective|p1a: Bronzong\n|-damage|p1a: Bronzong|66\/100\n|move|p1a: Bronzong|Stealth Rock|p2a: Noivern\n|-sidestart|p2: Goootzinho|move: Stealth Rock\n|\n|-heal|p1a: Bronzong|72\/100|[from] item: Leftovers\n|upkeep\n|turn|4\n|\n|move|p2a: Noivern|Defog|p1a: Bronzong\n|-unboost|p1a: Bronzong|evasion|1\n|-sideend|p2: Goootzinho|Stealth Rock|[from] move: Defog|[of] p2a: Noivern\n|move|p1a: Bronzong|Toxic|p2a: Noivern|[miss]\n|-miss|p1a: Bronzong|p2a: Noivern\n|\n|-heal|p1a: Bronzong|78\/100|[from] item: Leftovers\n|upkeep\n|turn|5\n|\n|switch|p1a: Sylveon|Sylveon, F|100\/100\n|move|p2a: Noivern|Flamethrower|p1a: Sylveon\n|-damage|p1a: Sylveon|79\/100\n|-status|p1a: Sylveon|brn\n|\n|-damage|p1a: Sylveon|73\/100 brn|[from] brn\n|upkeep\n|turn|6\n|\n|switch|p2a: Vileplume|Vileplume, M|100\/100\n|move|p1a: Sylveon|Hyper Voice|p2a: Vileplume\n|-resisted|p2a: Vileplume\n|-damage|p2a: Vileplume|60\/100\n|\n|-heal|p2a: Vileplume|67\/100|[from] item: Black Sludge\n|-damage|p1a: Sylveon|67\/100 brn|[from] brn\n|upkeep\n|turn|7\n|\n|switch|p1a: Roserade|Roserade, M|100\/100\n|move|p2a: Vileplume|Leech Seed|p1a: Roserade\n|-immune|p1a: Roserade\n|\n|-heal|p2a: Vileplume|73\/100|[from] item: Black Sludge\n|upkeep\n|turn|8\n|\n|switch|p2a: Incineroar|Incineroar, M|100\/100\n|-ability|p2a: Incineroar|Intimidate|boost\n|-unboost|p1a: Roserade|atk|1\n|move|p1a: Roserade|Spikes|p2a: Incineroar\n|-sidestart|p2: Goootzinho|Spikes\n|\n|upkeep\n|turn|9\n|\n|switch|p1a: Incineroar|Incineroar, F|100\/100\n|-ability|p1a: Incineroar|Intimidate|boost\n|-unboost|p2a: Incineroar|atk|1\n|move|p2a: Incineroar|Knock Off|p1a: Incineroar\n|-resisted|p1a: Incineroar\n|-crit|p1a: Incineroar\n|-damage|p1a: Incineroar|77\/100\n|-enditem|p1a: Incineroar|Heavy-Duty Boots|[from] move: Knock Off|[of] p2a: Incineroar\n|\n|upkeep\n|turn|10\n|\n|switch|p2a: Noivern|Noivern, M|92\/100\n|move|p1a: Incineroar|Knock Off|p2a: Noivern\n|-damage|p2a: Noivern|61\/100\n|\n|upkeep\n|turn|11\n|\n|move|p2a: Noivern|Roost|p2a: Noivern\n|-heal|p2a: Noivern|100\/100\n|-singleturn|p2a: Noivern|move: Roost\n|move|p1a: Incineroar|Toxic|p2a: Noivern\n|-status|p2a: Noivern|tox\n|\n|-damage|p2a: Noivern|94\/100 tox|[from] psn\n|upkeep\n|turn|12\n|\n|move|p2a: Noivern|Draco Meteor|p1a: Incineroar\n|-damage|p1a: Incineroar|36\/100\n|-unboost|p2a: Noivern|spa|2\n|move|p1a: Incineroar|Parting Shot|p2a: Noivern\n|-unboost|p2a: Noivern|atk|1\n|-unboost|p2a: Noivern|spa|1\n|\n|switch|p1a: Sylveon|Sylveon, F|67\/100 brn|[from]move: Parting Shot\n|\n|-damage|p2a: Noivern|82\/100 tox|[from] psn\n|-damage|p1a: Sylveon|61\/100 brn|[from] brn\n|upkeep\n|turn|13\n|\n|switch|p2a: Vileplume|Vileplume, M|73\/100\n|-damage|p2a: Vileplume|60\/100|[from] Spikes\n|move|p1a: Sylveon|Hyper Voice|p2a: Vileplume\n|-resisted|p2a: Vileplume\n|-damage|p2a: Vileplume|14\/100\n|\n|-heal|p2a: Vileplume|20\/100|[from] item: Black Sludge\n|-damage|p1a: Sylveon|55\/100 brn|[from] brn\n|upkeep\n|turn|14\n|\n|move|p1a: Sylveon|Hyper Voice|p2a: Vileplume\n|-resisted|p2a: Vileplume\n|-damage|p2a: Vileplume|0 fnt\n|faint|p2a: Vileplume\n|\n|-damage|p1a: Sylveon|49\/100 brn|[from] brn\n|upkeep\n|\n|switch|p2a: Cobalion|Cobalion|100\/100\n|-damage|p2a: Cobalion|88\/100|[from] Spikes\n|turn|15\n|\n|switch|p1a: Rotom|Rotom-Wash|100\/100\n|move|p2a: Cobalion|Swords Dance|p2a: Cobalion\n|-boost|p2a: Cobalion|atk|2\n|\n|upkeep\n|turn|16\n|\n|switch|p1a: Incineroar|Incineroar, F|36\/100\n|-ability|p1a: Incineroar|Intimidate|boost\n|-unboost|p2a: Cobalion|atk|1\n|move|p2a: Cobalion|Close Combat|p1a: Incineroar\n|-supereffective|p1a: Incineroar\n|-damage|p1a: Incineroar|0 fnt\n|-unboost|p2a: Cobalion|def|1\n|-unboost|p2a: Cobalion|spd|1\n|faint|p1a: Incineroar\n|\n|upkeep\n|\n|switch|p1a: Passimian|Passimian, F|100\/100\n|turn|17\n|\n|switch|p2a: Incineroar|Incineroar, M|100\/100\n|-ability|p2a: Incineroar|Intimidate|boost\n|-unboost|p1a: Passimian|atk|1\n|-ability|p1a: Passimian|Defiant\n|-boost|p1a: Passimian|atk|2\n|move|p1a: Passimian|Close Combat|p2a: Incineroar\n|-supereffective|p2a: Incineroar\n|-damage|p2a: Incineroar|0 fnt\n|-unboost|p1a: Passimian|def|1\n|-unboost|p1a: Passimian|spd|1\n|faint|p2a: Incineroar\n|\n|upkeep\n|\n|switch|p2a: Noivern|Noivern, M|82\/100 tox\n|turn|18\n|\n|switch|p1a: Bronzong|Bronzong|78\/100\n|move|p2a: Noivern|Flamethrower|p1a: Bronzong\n|-supereffective|p1a: Bronzong\n|-damage|p1a: Bronzong|44\/100\n|\n|-heal|p1a: Bronzong|50\/100|[from] item: Leftovers\n|-damage|p2a: Noivern|76\/100 tox|[from] psn\n|upkeep\n|turn|19\n|\n|switch|p2a: Rhyperior|Rhyperior, F|100\/100\n|-damage|p2a: Rhyperior|88\/100|[from] Spikes\n|move|p1a: Bronzong|Gyro Ball|p2a: Rhyperior\n|-supereffective|p2a: Rhyperior\n|-damage|p2a: Rhyperior|73\/100\n|\n|-heal|p2a: Rhyperior|79\/100|[from] item: Leftovers\n|-heal|p1a: Bronzong|57\/100|[from] item: Leftovers\n|upkeep\n|turn|20\n|\n|switch|p1a: Rotom|Rotom-Wash|100\/100\n|move|p2a: Rhyperior|Stealth Rock|p1a: Rotom\n|-sidestart|p1: monokage|move: Stealth Rock\n|\n|-heal|p2a: Rhyperior|85\/100|[from] item: Leftovers\n|upkeep\n|turn|21\n|\n|switch|p2a: Sylveon|Sylveon, F|100\/100\n|-damage|p2a: Sylveon|88\/100|[from] Spikes\n|move|p1a: Rotom|Hydro Pump|p2a: Sylveon\n|-damage|p2a: Sylveon|56\/100\n|\n|upkeep\n|turn|22\n|\n|switch|p1a: Bronzong|Bronzong|57\/100\n|-damage|p1a: Bronzong|50\/100|[from] Stealth Rock\n|move|p2a: Sylveon|Hyper Voice|p1a: Bronzong\n|-resisted|p1a: Bronzong\n|-crit|p1a: Bronzong\n|-damage|p1a: Bronzong|12\/100\n|\n|-heal|p1a: Bronzong|18\/100|[from] item: Leftovers\n|upkeep\n|turn|23\n|\n|move|p2a: Sylveon|Hyper Voice|p1a: Bronzong\n|-resisted|p1a: Bronzong\n|-damage|p1a: Bronzong|0 fnt\n|faint|p1a: Bronzong\n|\n|upkeep\n|\n|switch|p1a: Roserade|Roserade, M|100\/100\n|-damage|p1a: Roserade|88\/100|[from] Stealth Rock\n|turn|24\n|\n|switch|p2a: Cobalion|Cobalion|88\/100\n|-damage|p2a: Cobalion|76\/100|[from] Spikes\n|move|p1a: Roserade|Sludge Bomb|p2a: Cobalion\n|-immune|p2a: Cobalion\n|\n|-heal|p1a: Roserade|94\/100|[from] item: Black Sludge\n|upkeep\n|turn|25\n|\n|switch|p1a: Passimian|Passimian, F|100\/100\n|-damage|p1a: Passimian|94\/100|[from] Stealth Rock\n|move|p2a: Cobalion|Iron Head|p1a: Passimian\n|-damage|p1a: Passimian|57\/100\n|\n|upkeep\n|turn|26\n|\n|switch|p2a: Noivern|Noivern, M|76\/100 tox\n|move|p1a: Passimian|U-turn|p2a: Noivern\n|-resisted|p2a: Noivern\n|-damage|p2a: Noivern|60\/100 tox\n|\n|switch|p1a: Sylveon|Sylveon, F|49\/100 brn|[from]move: U-turn\n|-damage|p1a: Sylveon|37\/100 brn|[from] Stealth Rock\n|\n|-damage|p2a: Noivern|54\/100 tox|[from] psn\n|-damage|p1a: Sylveon|31\/100 brn|[from] brn\n|upkeep\n|turn|27\n|\n|switch|p2a: Rhyperior|Rhyperior, F|85\/100\n|-damage|p2a: Rhyperior|72\/100|[from] Spikes\n|move|p1a: Sylveon|Hyper Voice|p2a: Rhyperior\n|-damage|p2a: Rhyperior|0 fnt\n|faint|p2a: Rhyperior\n|\n|-damage|p1a: Sylveon|25\/100 brn|[from] brn\n|upkeep\n|\n|switch|p2a: Cobalion|Cobalion|76\/100\n|-damage|p2a: Cobalion|63\/100|[from] Spikes\n|turn|28\n|\n|move|p2a: Cobalion|Iron Head|p1a: Sylveon\n|-supereffective|p1a: Sylveon\n|-damage|p1a: Sylveon|0 fnt\n|faint|p1a: Sylveon\n|\n|upkeep\n|\n|switch|p1a: Passimian|Passimian, F|57\/100\n|-damage|p1a: Passimian|51\/100|[from] Stealth Rock\n|turn|29\n|\n|switch|p2a: Noivern|Noivern, M|54\/100 tox\n|move|p1a: Passimian|Close Combat|p2a: Noivern\n|-resisted|p2a: Noivern\n|-damage|p2a: Noivern|13\/100 tox\n|-unboost|p1a: Passimian|def|1\n|-unboost|p1a: Passimian|spd|1\n|\n|-damage|p2a: Noivern|7\/100 tox|[from] psn\n|upkeep\n|turn|30\n|\n|move|p1a: Passimian|Close Combat|p2a: Noivern\n|-resisted|p2a: Noivern\n|-damage|p2a: Noivern|0 fnt\n|-unboost|p1a: Passimian|def|1\n|-unboost|p1a: Passimian|spd|1\n|faint|p2a: Noivern\n|\n|upkeep\n|\n|switch|p2a: Sylveon|Sylveon, F|56\/100\n|-damage|p2a: Sylveon|44\/100|[from] Spikes\n|turn|31\n|\n|switch|p1a: Roserade|Roserade, M|94\/100\n|-damage|p1a: Roserade|82\/100|[from] Stealth Rock\n|move|p2a: Sylveon|Psyshock|p1a: Roserade\n|-supereffective|p1a: Roserade\n|-damage|p1a: Roserade|0 fnt\n|faint|p1a: Roserade\n|\n|upkeep\n|\n|switch|p1a: Rotom|Rotom-Wash|100\/100\n|-damage|p1a: Rotom|88\/100|[from] Stealth Rock\n|turn|32\n|\n|switch|p2a: Cobalion|Cobalion|63\/100\n|-damage|p2a: Cobalion|51\/100|[from] Spikes\n|move|p1a: Rotom|Hydro Pump|p2a: Cobalion|[miss]\n|-miss|p1a: Rotom|p2a: Cobalion\n|\n|-heal|p1a: Rotom|94\/100|[from] item: Leftovers\n|upkeep\n|turn|33\n|\n|move|p2a: Cobalion|Swords Dance|p2a: Cobalion\n|-boost|p2a: Cobalion|atk|2\n|move|p1a: Rotom|Volt Switch|p2a: Cobalion\n|-damage|p2a: Cobalion|19\/100\n|\n|switch|p1a: Passimian|Passimian, F|51\/100|[from]move: Volt Switch\n|-damage|p1a: Passimian|45\/100|[from] Stealth Rock\n|\n|upkeep\n|turn|34\n|\n|move|p1a: Passimian|Earthquake|p2a: Cobalion\n|-supereffective|p2a: Cobalion\n|-damage|p2a: Cobalion|0 fnt\n|faint|p2a: Cobalion\n|\n|upkeep\n|\n|switch|p2a: Sylveon|Sylveon, F|44\/100\n|-damage|p2a: Sylveon|32\/100|[from] Spikes\n|turn|35\n|\n|move|p1a: Passimian|Earthquake|p2a: Sylveon\n|-damage|p2a: Sylveon|0 fnt\n|faint|p2a: Sylveon\n|\n|win|monokage\n|c|\u2606monokage|gg\n|l|\u2606Goootzinho\n","uploadtime":1591867007,"views":6,"p1id":"monokage","p2id":"goootzinho","formatid":"gen8uu","rating":0,"private":0,"password":null}