{"id":"gen8ou-1226086959","p1":"tomahawk2k","p2":"madness10","format":"gen8ou","log":"|j|\u2606tomahawk2k\n|j|\u2606madness10\n|t:|1605685435\n|player|p1|tomahawk2k|preschooler|1591\n|player|p2|madness10|169|1564\n|teamsize|p1|6\n|teamsize|p2|6\n|gametype|singles\n|gen|8\n|tier|[Gen 8] OU\n|rated|\n|clearpoke\n|poke|p1|Pheromosa|\n|poke|p1|Mamoswine, M|\n|poke|p1|Moltres|\n|poke|p1|Melmetal|\n|poke|p1|Tapu Fini|\n|poke|p1|Blissey, F|\n|poke|p2|Dragonite, M|\n|poke|p2|Blissey, F|\n|poke|p2|Toxapex, M|\n|poke|p2|Tangrowth, F|\n|poke|p2|Skarmory, M|\n|poke|p2|Quagsire, F|\n|rule|Sleep Clause Mod: Limit one foe put to sleep\n|rule|Species Clause: Limit one of each Pok\u00e9mon\n|rule|OHKO Clause: OHKO moves are banned\n|rule|Evasion Moves Clause: Evasion moves are banned\n|rule|Endless Battle Clause: Forcing endless battles is banned\n|rule|HP Percentage Mod: HP is shown in percentages\n|rule|Dynamax Clause: You cannot dynamax\n|teampreview\n|\n|t:|1605685472\n|start\n|switch|p1a: Blissey|Blissey, F|100\/100\n|switch|p2a: Quagsire|Quagsire, F|100\/100\n|turn|1\n|\n|t:|1605685483\n|switch|p2a: Skarmory|Skarmory, M|100\/100\n|move|p1a: Blissey|Seismic Toss|p2a: Skarmory\n|-damage|p2a: Skarmory|71\/100\n|-damage|p1a: Blissey|84\/100|[from] item: Rocky Helmet|[of] p2a: Skarmory\n|\n|upkeep\n|turn|2\n|\n|t:|1605685491\n|switch|p1a: Moltres|Moltres|100\/100\n|move|p2a: Skarmory|Stealth Rock|p1a: Moltres\n|-sidestart|p1: tomahawk2k|move: Stealth Rock\n|\n|upkeep\n|turn|3\n|\n|t:|1605685499\n|switch|p2a: Toxapex|Toxapex, M|100\/100\n|move|p1a: Moltres|Defog|p2a: Toxapex\n|-unboost|p2a: Toxapex|evasion|1\n|-sideend|p1: tomahawk2k|Stealth Rock|[from] move: Defog|[of] p1a: Moltres\n|\n|upkeep\n|turn|4\n|\n|t:|1605685507\n|switch|p1a: Tapu Fini|Tapu Fini|100\/100\n|-fieldstart|move: Misty Terrain|[from] ability: Misty Surge|[of] p1a: Tapu Fini\n|move|p2a: Toxapex|Knock Off|p1a: Tapu Fini\n|-resisted|p1a: Tapu Fini\n|-damage|p1a: Tapu Fini|96\/100\n|-enditem|p1a: Tapu Fini|Leftovers|[from] move: Knock Off|[of] p2a: Toxapex\n|\n|upkeep\n|turn|5\n|\n|t:|1605685522\n|switch|p2a: Blissey|Blissey, F|100\/100\n|move|p1a: Tapu Fini|Taunt|p2a: Blissey\n|-start|p2a: Blissey|move: Taunt\n|\n|upkeep\n|turn|6\n|\n|t:|1605685535\n|switch|p1a: Blissey|Blissey, F|84\/100\n|switch|p2a: Toxapex|Toxapex, M|100\/100\n|\n|upkeep\n|turn|7\n|\n|t:|1605685542\n|move|p1a: Blissey|Stealth Rock|p2a: Toxapex\n|-sidestart|p2: madness10|move: Stealth Rock\n|move|p2a: Toxapex|Knock Off|p1a: Blissey\n|-damage|p1a: Blissey|67\/100\n|-enditem|p1a: Blissey|Heavy-Duty Boots|[from] move: Knock Off|[of] p2a: Toxapex\n|\n|upkeep\n|turn|8\n|\n|t:|1605685556\n|switch|p1a: Mamoswine|Mamoswine, M|100\/100\n|switch|p2a: Dragonite|Dragonite, M|100\/100\n|\n|-fieldend|Misty Terrain\n|upkeep\n|turn|9\n|\n|t:|1605685567\n|move|p1a: Mamoswine|Icicle Crash|p2a: Dragonite|[miss]\n|-miss|p1a: Mamoswine|p2a: Dragonite\n|move|p2a: Dragonite|Defog|p1a: Mamoswine\n|-unboost|p1a: Mamoswine|evasion|1\n|-sideend|p2: madness10|Stealth Rock|[from] move: Defog|[of] p2a: Dragonite\n|\n|upkeep\n|turn|10\n|\n|t:|1605685578\n|move|p1a: Mamoswine|Icicle Crash|p2a: Dragonite\n|-supereffective|p2a: Dragonite\n|-damage|p2a: Dragonite|19\/100\n|move|p2a: Dragonite|Toxic|p1a: Mamoswine\n|-status|p1a: Mamoswine|tox\n|\n|-damage|p1a: Mamoswine|94\/100 tox|[from] psn\n|upkeep\n|turn|11\n|\n|t:|1605685590\n|switch|p2a: Toxapex|Toxapex, M|100\/100\n|move|p1a: Mamoswine|Ice Shard|p2a: Toxapex\n|-resisted|p2a: Toxapex\n|-damage|p2a: Toxapex|92\/100\n|\n|-heal|p2a: Toxapex|98\/100|[from] item: Black Sludge\n|-damage|p1a: Mamoswine|82\/100 tox|[from] psn\n|upkeep\n|turn|12\n|\n|t:|1605685601\n|move|p1a: Mamoswine|Earthquake|p2a: Toxapex\n|-supereffective|p2a: Toxapex\n|-damage|p2a: Toxapex|5\/100\n|move|p2a: Toxapex|Knock Off|p1a: Mamoswine\n|-damage|p1a: Mamoswine|68\/100 tox\n|-enditem|p1a: Mamoswine|Assault Vest|[from] move: Knock Off|[of] p2a: Toxapex\n|\n|-heal|p2a: Toxapex|11\/100|[from] item: Black Sludge\n|-damage|p1a: Mamoswine|49\/100 tox|[from] psn\n|upkeep\n|turn|13\n|\n|t:|1605685613\n|switch|p1a: Moltres|Moltres|100\/100\n|switch|p2a: Skarmory|Skarmory, M|71\/100\n|\n|upkeep\n|turn|14\n|\n|t:|1605685622\n|switch|p2a: Toxapex|Toxapex, M|44\/100\n|move|p1a: Moltres|Mystical Fire|p2a: Toxapex\n|-resisted|p2a: Toxapex\n|-damage|p2a: Toxapex|34\/100\n|-unboost|p2a: Toxapex|spa|1\n|\n|-heal|p2a: Toxapex|41\/100|[from] item: Black Sludge\n|upkeep\n|turn|15\n|\n|t:|1605685633\n|switch|p1a: Tapu Fini|Tapu Fini|96\/100\n|-fieldstart|move: Misty Terrain|[from] ability: Misty Surge|[of] p1a: Tapu Fini\n|move|p2a: Toxapex|Recover|p2a: Toxapex\n|-heal|p2a: Toxapex|91\/100\n|\n|-heal|p2a: Toxapex|97\/100|[from] item: Black Sludge\n|upkeep\n|turn|16\n|\n|t:|1605685646\n|switch|p1a: Moltres|Moltres|100\/100\n|switch|p2a: Blissey|Blissey, F|100\/100\n|\n|upkeep\n|turn|17\n|\n|t:|1605685653\n|switch|p1a: Melmetal|Melmetal|100\/100\n|move|p2a: Blissey|Stealth Rock|p1a: Melmetal\n|-sidestart|p1: tomahawk2k|move: Stealth Rock\n|\n|upkeep\n|turn|18\n|\n|t:|1605685660\n|switch|p2a: Tangrowth|Tangrowth, F|100\/100\n|switch|p1a: Pheromosa|Pheromosa|100\/100\n|-damage|p1a: Pheromosa|88\/100|[from] Stealth Rock\n|\n|upkeep\n|turn|19\n|\n|t:|1605685669\n|switch|p2a: Toxapex|Toxapex, M|100\/100\n|move|p1a: Pheromosa|Ice Beam|p2a: Toxapex\n|-resisted|p2a: Toxapex\n|-damage|p2a: Toxapex|85\/100\n|-damage|p1a: Pheromosa|78\/100|[from] item: Life Orb\n|\n|-heal|p2a: Toxapex|91\/100|[from] item: Black Sludge\n|-fieldend|Misty Terrain\n|upkeep\n|turn|20\n|\n|t:|1605685679\n|switch|p1a: Tapu Fini|Tapu Fini|96\/100\n|-damage|p1a: Tapu Fini|83\/100|[from] Stealth Rock\n|-fieldstart|move: Misty Terrain|[from] ability: Misty Surge|[of] p1a: Tapu Fini\n|move|p2a: Toxapex|Scald|p1a: Tapu Fini\n|-resisted|p1a: Tapu Fini\n|-damage|p1a: Tapu Fini|76\/100\n|\n|-heal|p2a: Toxapex|97\/100|[from] item: Black Sludge\n|upkeep\n|turn|21\n|\n|t:|1605685689\n|switch|p2a: Blissey|Blissey, F|100\/100\n|move|p1a: Tapu Fini|Draining Kiss|p2a: Blissey\n|-damage|p2a: Blissey|94\/100\n|-heal|p1a: Tapu Fini|86\/100|[from] drain|[of] p2a: Blissey\n|\n|upkeep\n|turn|22\n|\n|t:|1605685700\n|move|p1a: Tapu Fini|Taunt|p2a: Blissey\n|-start|p2a: Blissey|move: Taunt\n|move|p2a: Blissey|Seismic Toss|p1a: Tapu Fini\n|-damage|p1a: Tapu Fini|56\/100\n|\n|upkeep\n|turn|23\n|\n|t:|1605685710\n|switch|p1a: Melmetal|Melmetal|100\/100\n|-damage|p1a: Melmetal|94\/100|[from] Stealth Rock\n|move|p2a: Blissey|Seismic Toss|p1a: Melmetal\n|-damage|p1a: Melmetal|70\/100\n|\n|-heal|p1a: Melmetal|76\/100|[from] item: Leftovers\n|upkeep\n|turn|24\n|\n|t:|1605685720\n|switch|p2a: Tangrowth|Tangrowth, F|100\/100\n|switch|p1a: Moltres|Moltres|100\/100\n|\n|-fieldend|Misty Terrain\n|upkeep\n|turn|25\n|\n|t:|1605685727\n|move|p1a: Moltres|Scorching Sands|p2a: Tangrowth\n|-resisted|p2a: Tangrowth\n|-damage|p2a: Tangrowth|86\/100\n|-status|p2a: Tangrowth|brn\n|move|p2a: Tangrowth|Knock Off|p1a: Moltres\n|-damage|p1a: Moltres|92\/100\n|-enditem|p1a: Moltres|Heavy-Duty Boots|[from] move: Knock Off|[of] p2a: Tangrowth\n|\n|-damage|p2a: Tangrowth|80\/100 brn|[from] brn\n|upkeep\n|turn|26\n|\n|t:|1605685739\n|switch|p2a: Blissey|Blissey, F|94\/100\n|move|p1a: Moltres|Defog|p2a: Blissey\n|-unboost|p2a: Blissey|evasion|1\n|-sideend|p1: tomahawk2k|Stealth Rock|[from] move: Defog|[of] p1a: Moltres\n|\n|upkeep\n|turn|27\n|\n|t:|1605685745\n|switch|p1a: Melmetal|Melmetal|76\/100\n|move|p2a: Blissey|Stealth Rock|p1a: Melmetal\n|-sidestart|p1: tomahawk2k|move: Stealth Rock\n|\n|-heal|p1a: Melmetal|82\/100|[from] item: Leftovers\n|upkeep\n|turn|28\n|\n|t:|1605685752\n|switch|p2a: Tangrowth|Tangrowth, F|100\/100 brn\n|move|p1a: Melmetal|Ice Punch|p2a: Tangrowth\n|-supereffective|p2a: Tangrowth\n|-damage|p2a: Tangrowth|61\/100 brn\n|-damage|p1a: Melmetal|66\/100|[from] item: Rocky Helmet|[of] p2a: Tangrowth\n|\n|-heal|p1a: Melmetal|72\/100|[from] item: Leftovers\n|-damage|p2a: Tangrowth|55\/100 brn|[from] brn\n|upkeep\n|turn|29\n|\n|t:|1605685765\n|switch|p2a: Skarmory|Skarmory, M|71\/100\n|move|p1a: Melmetal|Protect||[still]\n|-fail|p1a: Melmetal\n|\n|-heal|p1a: Melmetal|78\/100|[from] item: Leftovers\n|upkeep\n|turn|30\n|\n|t:|1605685772\n|switch|p1a: Moltres|Moltres|92\/100\n|-damage|p1a: Moltres|42\/100|[from] Stealth Rock\n|move|p2a: Skarmory|Spikes|p1a: Moltres\n|-sidestart|p1: tomahawk2k|Spikes\n|\n|upkeep\n|turn|31\n|\n|t:|1605685779\n|switch|p2a: Blissey|Blissey, F|94\/100\n|move|p1a: Moltres|Defog|p2a: Blissey\n|-unboost|p2a: Blissey|evasion|1\n|-sideend|p1: tomahawk2k|Spikes|[from] move: Defog|[of] p1a: Moltres\n|-sideend|p1: tomahawk2k|Stealth Rock|[from] move: Defog|[of] p1a: Moltres\n|\n|upkeep\n|turn|32\n|\n|t:|1605685787\n|move|p1a: Moltres|Roost|p1a: Moltres\n|-heal|p1a: Moltres|93\/100\n|-singleturn|p1a: Moltres|move: Roost\n|move|p2a: Blissey|Stealth Rock|p1a: Moltres\n|-sidestart|p1: tomahawk2k|move: Stealth Rock\n|\n|upkeep\n|turn|33\n|\n|t:|1605685802\n|move|p1a: Moltres|Scorching Sands|p2a: Blissey\n|-damage|p2a: Blissey|87\/100\n|move|p2a: Blissey|Seismic Toss|p1a: Moltres\n|-damage|p1a: Moltres|66\/100\n|\n|upkeep\n|turn|34\n|\n|t:|1605685809\n|move|p1a: Moltres|Defog|p2a: Blissey\n|-unboost|p2a: Blissey|evasion|1\n|-sideend|p1: tomahawk2k|Stealth Rock|[from] move: Defog|[of] p1a: Moltres\n|move|p2a: Blissey|Aromatherapy|p2a: Blissey\n|-activate|p2a: Blissey|move: Aromatherapy\n|-curestatus|p2: Tangrowth|brn|[msg]\n|\n|upkeep\n|turn|35\n|\n|t:|1605685817\n|switch|p1a: Melmetal|Melmetal|78\/100\n|move|p2a: Blissey|Stealth Rock|p1a: Melmetal\n|-sidestart|p1: tomahawk2k|move: Stealth Rock\n|\n|-heal|p1a: Melmetal|84\/100|[from] item: Leftovers\n|upkeep\n|turn|36\n|\n|t:|1605685825\n|switch|p2a: Tangrowth|Tangrowth, F|88\/100\n|move|p1a: Melmetal|Ice Punch|p2a: Tangrowth\n|-supereffective|p2a: Tangrowth\n|-damage|p2a: Tangrowth|49\/100\n|-status|p2a: Tangrowth|frz\n|-damage|p1a: Melmetal|67\/100|[from] item: Rocky Helmet|[of] p2a: Tangrowth\n|\n|-heal|p1a: Melmetal|73\/100|[from] item: Leftovers\n|upkeep\n|turn|37\n|\n|t:|1605685837\n|switch|p2a: Skarmory|Skarmory, M|71\/100\n|switch|p1a: Pheromosa|Pheromosa|78\/100\n|-damage|p1a: Pheromosa|66\/100|[from] Stealth Rock\n|\n|upkeep\n|turn|38\n|\n|t:|1605685849\n|switch|p2a: Toxapex|Toxapex, M|100\/100\n|move|p1a: Pheromosa|Shock Wave|p2a: Toxapex\n|-supereffective|p2a: Toxapex\n|-damage|p2a: Toxapex|60\/100\n|-damage|p1a: Pheromosa|56\/100|[from] item: Life Orb\n|\n|-heal|p2a: Toxapex|67\/100|[from] item: Black Sludge\n|upkeep\n|turn|39\n|\n|t:|1605685860\n|switch|p1a: Tapu Fini|Tapu Fini|56\/100\n|-damage|p1a: Tapu Fini|44\/100|[from] Stealth Rock\n|-fieldstart|move: Misty Terrain|[from] ability: Misty Surge|[of] p1a: Tapu Fini\n|move|p2a: Toxapex|Recover|p2a: Toxapex\n|-heal|p2a: Toxapex|100\/100\n|\n|upkeep\n|turn|40\n|inactive|Battle timer is ON: inactive players will automatically lose when time's up. (requested by madness10)\n|c|\u2606madness10|\u3002\n|\n|t:|1605685906\n|switch|p2a: Blissey|Blissey, F|87\/100\n|move|p1a: Tapu Fini|Draining Kiss|p2a: Blissey\n|-crit|p2a: Blissey\n|-damage|p2a: Blissey|79\/100\n|-heal|p1a: Tapu Fini|58\/100|[from] drain|[of] p2a: Blissey\n|\n|upkeep\n|turn|41\n|\n|t:|1605685917\n|switch|p1a: Moltres|Moltres|66\/100\n|-damage|p1a: Moltres|17\/100|[from] Stealth Rock\n|move|p2a: Blissey|Aromatherapy|p2a: Blissey\n|-activate|p2a: Blissey|move: Aromatherapy\n|-curestatus|p2: Tangrowth|frz|[msg]\n|\n|upkeep\n|turn|42\n|\n|t:|1605685925\n|switch|p2a: Dragonite|Dragonite, M|19\/100\n|move|p1a: Moltres|Roost|p1a: Moltres\n|-heal|p1a: Moltres|67\/100\n|-singleturn|p1a: Moltres|move: Roost\n|\n|upkeep\n|turn|43\n|\n|t:|1605685933\n|move|p1a: Moltres|Defog|p2a: Dragonite\n|-unboost|p2a: Dragonite|evasion|1\n|-sideend|p1: tomahawk2k|Stealth Rock|[from] move: Defog|[of] p1a: Moltres\n|-fieldend|Misty Terrain\n|move|p2a: Dragonite|Roost|p2a: Dragonite\n|-heal|p2a: Dragonite|69\/100\n|-singleturn|p2a: Dragonite|move: Roost\n|\n|upkeep\n|turn|44\n|\n|t:|1605685947\n|switch|p1a: Mamoswine|Mamoswine, M|49\/100 tox\n|move|p2a: Dragonite|Dragon Tail|p1a: Mamoswine|[miss]\n|-miss|p2a: Dragonite|p1a: Mamoswine\n|\n|-damage|p1a: Mamoswine|43\/100 tox|[from] psn\n|upkeep\n|turn|45\n|\n|t:|1605685960\n|switch|p2a: Quagsire|Quagsire, F|100\/100\n|move|p1a: Mamoswine|Earthquake|p2a: Quagsire\n|-damage|p2a: Quagsire|62\/100\n|\n|-heal|p2a: Quagsire|68\/100|[from] item: Leftovers\n|-damage|p1a: Mamoswine|31\/100 tox|[from] psn\n|upkeep\n|turn|46\n|\n|t:|1605685970\n|move|p1a: Mamoswine|Icicle Crash|p2a: Quagsire\n|-damage|p2a: Quagsire|34\/100\n|cant|p2a: Quagsire|flinch\n|\n|-heal|p2a: Quagsire|40\/100|[from] item: Leftovers\n|-damage|p1a: Mamoswine|12\/100 tox|[from] psn\n|upkeep\n|turn|47\n|\n|t:|1605685985\n|move|p2a: Quagsire|Protect|p2a: Quagsire\n|-singleturn|p2a: Quagsire|Protect\n|move|p1a: Mamoswine|Earthquake|p2a: Quagsire\n|-activate|p2a: Quagsire|move: Protect\n|\n|-heal|p2a: Quagsire|46\/100|[from] item: Leftovers\n|-damage|p1a: Mamoswine|0 fnt|[from] psn\n|faint|p1a: Mamoswine\n|upkeep\n|\n|t:|1605685989\n|switch|p1a: Pheromosa|Pheromosa|56\/100\n|turn|48\n|\n|t:|1605686000\n|move|p2a: Quagsire|Protect||[still]\n|-fail|p2a: Quagsire\n|move|p1a: Pheromosa|Quiver Dance|p1a: Pheromosa\n|-boost|p1a: Pheromosa|spa|1\n|-boost|p1a: Pheromosa|spd|1\n|-boost|p1a: Pheromosa|spe|1\n|\n|-heal|p2a: Quagsire|52\/100|[from] item: Leftovers\n|upkeep\n|turn|49\n|\n|t:|1605686010\n|move|p1a: Pheromosa|Focus Blast|p2a: Quagsire\n|-damage|p2a: Quagsire|0 fnt\n|-damage|p1a: Pheromosa|46\/100|[from] item: Life Orb\n|faint|p2a: Quagsire\n|-ability|p1a: Pheromosa|Beast Boost|boost\n|-boost|p1a: Pheromosa|spa|1\n|\n|upkeep\n|\n|t:|1605686036\n|switch|p2a: Blissey|Blissey, F|79\/100\n|turn|50\n|\n|t:|1605686040\n|move|p1a: Pheromosa|Focus Blast|p2a: Blissey\n|-supereffective|p2a: Blissey\n|-damage|p2a: Blissey|0 fnt\n|-damage|p1a: Pheromosa|36\/100|[from] item: Life Orb\n|faint|p2a: Blissey\n|-ability|p1a: Pheromosa|Beast Boost|boost\n|-boost|p1a: Pheromosa|spa|1\n|\n|upkeep\n|\n|t:|1605686048\n|switch|p2a: Toxapex|Toxapex, M|100\/100\n|turn|51\n|\n|t:|1605686055\n|move|p1a: Pheromosa|Shock Wave|p2a: Toxapex\n|-supereffective|p2a: Toxapex\n|-damage|p2a: Toxapex|0 fnt\n|-damage|p1a: Pheromosa|26\/100|[from] item: Life Orb\n|faint|p2a: Toxapex\n|-ability|p1a: Pheromosa|Beast Boost|boost\n|-boost|p1a: Pheromosa|spa|1\n|\n|upkeep\n|\n|t:|1605686066\n|switch|p2a: Skarmory|Skarmory, M|71\/100\n|turn|52\n|\n|t:|1605686071\n|move|p1a: Pheromosa|Ice Beam|p2a: Skarmory\n|-damage|p2a: Skarmory|0 fnt\n|-damage|p1a: Pheromosa|16\/100|[from] item: Life Orb\n|faint|p2a: Skarmory\n|-ability|p1a: Pheromosa|Beast Boost|boost\n|-boost|p1a: Pheromosa|spa|1\n|\n|upkeep\n|-message|madness10 forfeited.\n|\n|win|tomahawk2k\n|l|\u2606madness10\n|raw|tomahawk2k's rating: 1591 &rarr; <strong>1610<\/strong><br \/>(+19 for winning)\n|raw|madness10's rating: 1564 &rarr; <strong>1545<\/strong><br \/>(-19 for losing)\n","uploadtime":1605686078,"views":28,"p1id":"tomahawk2k","p2id":"madness10","formatid":"gen8ou","rating":1545,"private":0,"password":null}