{"id":"gen8monotype-1691624892","p1":"Stealhumi_chan","p2":"LoSconosciuto","format":"gen8monotype","log":"|j|\u2606Stealhumi_chan\n|j|\u2606LoSconosciuto\n|t:|1666389390\n|gametype|singles\n|player|p1|Stealhumi_chan|karen|1685\n|player|p2|LoSconosciuto|#teamgapdos|1666\n|teamsize|p1|6\n|teamsize|p2|6\n|gen|8\n|tier|[Gen 8] Monotype\n|rated|\n|rule|Same Type Clause: Pok\u00e9mon in a team must share a type\n|rule|Sleep Clause Mod: Limit one foe put to sleep\n|rule|Species Clause: Limit one of each Pok\u00e9mon\n|rule|OHKO Clause: OHKO moves are banned\n|rule|Evasion Items Clause: Evasion items are banned\n|rule|Evasion Moves Clause: Evasion moves are banned\n|rule|Endless Battle Clause: Forcing endless battles is banned\n|rule|HP Percentage Mod: HP is shown in percentages\n|rule|Dynamax Clause: You cannot dynamax\n|clearpoke\n|poke|p1|Heatran, M|\n|poke|p1|Ferrothorn, F|\n|poke|p1|Corviknight, M|\n|poke|p1|Aegislash, M|\n|poke|p1|Melmetal|\n|poke|p1|Excadrill, F|\n|poke|p2|Amoonguss, M|\n|poke|p2|Cradily, F|\n|poke|p2|Ferrothorn, M|\n|poke|p2|Rillaboom, M|\n|poke|p2|Whimsicott, F|\n|poke|p2|Zarude-Dada|\n|teampreview\n|inactive|Battle timer is ON: inactive players will automatically lose when time's up. (requested by LoSconosciuto)\n|j| paolode99\n|j| bitterknickers\n|inactive|LoSconosciuto has 120 seconds left.\n|inactive|LoSconosciuto has 90 seconds left.\n|inactive|LoSconosciuto has 60 seconds left.\n|\n|t:|1666389495\n|start\n|switch|p1a: Link|Aegislash, M|100\/100\n|switch|p2a: Ferrothorn|Ferrothorn, M|100\/100\n|turn|1\n|j| AndreyVGC\n|\n|t:|1666389509\n|switch|p1a: BoulePiquante|Ferrothorn, F|100\/100\n|move|p2a: Ferrothorn|Spikes|p1a: BoulePiquante\n|-sidestart|p1: Stealhumi_chan|Spikes\n|\n|upkeep\n|turn|2\n|\n|t:|1666389515\n|move|p1a: BoulePiquante|Stealth Rock|p2a: Ferrothorn\n|-sidestart|p2: LoSconosciuto|move: Stealth Rock\n|move|p2a: Ferrothorn|Body Press|p1a: BoulePiquante\n|-supereffective|p1a: BoulePiquante\n|-damage|p1a: BoulePiquante|65\/100\n|-damage|p2a: Ferrothorn|88\/100|[from] ability: Iron Barbs|[of] p1a: BoulePiquante\n|\n|-heal|p1a: BoulePiquante|72\/100|[from] item: Leftovers\n|-heal|p2a: Ferrothorn|94\/100|[from] item: Leftovers\n|upkeep\n|turn|3\n|\n|t:|1666389531\n|switch|p1a: HotDog|Heatran, M|100\/100\n|-item|p1a: HotDog|Air Balloon\n|move|p2a: Ferrothorn|Body Press|p1a: HotDog\n|-supereffective|p1a: HotDog\n|-damage|p1a: HotDog|43\/100\n|-enditem|p1a: HotDog|Air Balloon\n|\n|-heal|p2a: Ferrothorn|100\/100|[from] item: Leftovers\n|upkeep\n|turn|4\n|l| paolode99\n|\n|t:|1666389545\n|move|p2a: Ferrothorn|Protect|p2a: Ferrothorn\n|-singleturn|p2a: Ferrothorn|Protect\n|move|p1a: HotDog|Magma Storm|p2a: Ferrothorn\n|-activate|p2a: Ferrothorn|move: Protect\n|\n|upkeep\n|turn|5\n|\n|t:|1666389550\n|switch|p2a: Cradily|Cradily, F|100\/100\n|-damage|p2a: Cradily|88\/100|[from] Stealth Rock\n|move|p1a: HotDog|Magma Storm|p2a: Cradily\n|-damage|p2a: Cradily|57\/100\n|-activate|p2a: Cradily|move: Magma Storm|[of] p1a: HotDog\n|\n|-heal|p2a: Cradily|63\/100|[from] item: Leftovers\n|-damage|p2a: Cradily|50\/100|[from] move: Magma Storm|[partiallytrapped]\n|upkeep\n|turn|6\n|\n|t:|1666389561\n|move|p1a: HotDog|Magma Storm|p2a: Cradily\n|-damage|p2a: Cradily|15\/100\n|move|p2a: Cradily|Earthquake|p1a: HotDog\n|-supereffective|p1a: HotDog\n|-damage|p1a: HotDog|0 fnt\n|faint|p1a: HotDog\n|\n|-heal|p2a: Cradily|22\/100|[from] item: Leftovers\n|-end|p2a: Cradily|Magma Storm|[partiallytrapped]|[silent]\n|upkeep\n|\n|t:|1666389578\n|switch|p1a: C'estUnOiseauQuoi|Corviknight, M|100\/100\n|-ability|p1a: C'estUnOiseauQuoi|Pressure\n|turn|7\n|\n|t:|1666389592\n|switch|p2a: Ferrothorn|Ferrothorn, M|100\/100\n|-damage|p2a: Ferrothorn|94\/100|[from] Stealth Rock\n|move|p1a: C'estUnOiseauQuoi|Bulk Up|p1a: C'estUnOiseauQuoi\n|-boost|p1a: C'estUnOiseauQuoi|atk|1\n|-boost|p1a: C'estUnOiseauQuoi|def|1\n|\n|-heal|p2a: Ferrothorn|100\/100|[from] item: Leftovers\n|upkeep\n|turn|8\n|\n|t:|1666389600\n|switch|p2a: Whimsicott|Whimsicott, F|100\/100\n|move|p1a: C'estUnOiseauQuoi|Taunt|p2a: Whimsicott\n|-start|p2a: Whimsicott|move: Taunt\n|\n|upkeep\n|turn|9\n|\n|t:|1666389605\n|move|p2a: Whimsicott|Knock Off|p1a: C'estUnOiseauQuoi\n|-damage|p1a: C'estUnOiseauQuoi|92\/100\n|-enditem|p1a: C'estUnOiseauQuoi|Leftovers|[from] move: Knock Off|[of] p2a: Whimsicott\n|move|p1a: C'estUnOiseauQuoi|Bulk Up|p1a: C'estUnOiseauQuoi\n|-boost|p1a: C'estUnOiseauQuoi|atk|1\n|-boost|p1a: C'estUnOiseauQuoi|def|1\n|\n|upkeep\n|turn|10\n|\n|t:|1666389611\n|move|p2a: Whimsicott|U-turn|p1a: C'estUnOiseauQuoi\n|-resisted|p1a: C'estUnOiseauQuoi\n|-damage|p1a: C'estUnOiseauQuoi|91\/100\n|\n|t:|1666389614\n|switch|p2a: Amoonguss|Amoonguss, M|100\/100|[from]move: U-turn\n|-damage|p2a: Amoonguss|88\/100|[from] Stealth Rock\n|move|p1a: C'estUnOiseauQuoi|Brave Bird|p2a: Amoonguss\n|-supereffective|p2a: Amoonguss\n|-damage|p2a: Amoonguss|0 fnt\n|faint|p2a: Amoonguss\n|-damage|p1a: C'estUnOiseauQuoi|60\/100|[from] Recoil\n|\n|upkeep\n|\n|t:|1666389621\n|switch|p2a: Whimsicott|Whimsicott, F|100\/100\n|turn|11\n|\n|t:|1666389626\n|move|p2a: Whimsicott|Stun Spore|p1a: C'estUnOiseauQuoi|[miss]\n|-miss|p2a: Whimsicott|p1a: C'estUnOiseauQuoi\n|move|p1a: C'estUnOiseauQuoi|Brave Bird|p2a: Whimsicott\n|-supereffective|p2a: Whimsicott\n|-damage|p2a: Whimsicott|0 fnt\n|faint|p2a: Whimsicott\n|-damage|p1a: C'estUnOiseauQuoi|38\/100|[from] Recoil\n|\n|upkeep\n|\n|t:|1666389632\n|switch|p2a: Zarude|Zarude-Dada|100\/100\n|-damage|p2a: Zarude|88\/100|[from] Stealth Rock\n|turn|12\n|\n|t:|1666389635\n|move|p2a: Zarude|Bulk Up|p2a: Zarude\n|-boost|p2a: Zarude|atk|1\n|-boost|p2a: Zarude|def|1\n|move|p1a: C'estUnOiseauQuoi|Roost|p1a: C'estUnOiseauQuoi\n|-heal|p1a: C'estUnOiseauQuoi|88\/100\n|-singleturn|p1a: C'estUnOiseauQuoi|move: Roost\n|\n|-heal|p2a: Zarude|94\/100|[from] item: Leftovers\n|upkeep\n|turn|13\n|\n|t:|1666389637\n|move|p2a: Zarude|Bulk Up|p2a: Zarude\n|-boost|p2a: Zarude|atk|1\n|-boost|p2a: Zarude|def|1\n|move|p1a: C'estUnOiseauQuoi|Brave Bird|p2a: Zarude\n|-supereffective|p2a: Zarude\n|-damage|p2a: Zarude|27\/100\n|-damage|p1a: C'estUnOiseauQuoi|67\/100|[from] Recoil\n|\n|-heal|p2a: Zarude|33\/100|[from] item: Leftovers\n|upkeep\n|turn|14\n|\n|t:|1666389642\n|move|p2a: Zarude|Darkest Lariat|p1a: C'estUnOiseauQuoi\n|-damage|p1a: C'estUnOiseauQuoi|3\/100\n|move|p1a: C'estUnOiseauQuoi|Brave Bird|p2a: Zarude\n|-supereffective|p2a: Zarude\n|-damage|p2a: Zarude|0 fnt\n|faint|p2a: Zarude\n|-damage|p1a: C'estUnOiseauQuoi|0 fnt|[from] Recoil\n|faint|p1a: C'estUnOiseauQuoi\n|\n|upkeep\n|\n|t:|1666389660\n|switch|p2a: Ferrothorn|Ferrothorn, M|100\/100\n|switch|p1a: BlingBling|Melmetal|100\/100\n|-damage|p1a: BlingBling|88\/100|[from] Spikes\n|-damage|p2a: Ferrothorn|94\/100|[from] Stealth Rock\n|turn|15\n|\n|t:|1666389669\n|switch|p1a: Link|Aegislash, M|100\/100\n|-damage|p1a: Link|88\/100|[from] Spikes\n|move|p2a: Ferrothorn|Leech Seed|p1a: Link\n|-start|p1a: Link|move: Leech Seed\n|\n|-heal|p2a: Ferrothorn|100\/100|[from] item: Leftovers\n|-damage|p1a: Link|76\/100|[from] Leech Seed|[of] p2a: Ferrothorn\n|upkeep\n|turn|16\n|\n|t:|1666389678\n|switch|p1a: BoulePiquante|Ferrothorn, F|72\/100\n|-damage|p1a: BoulePiquante|59\/100|[from] Spikes\n|move|p2a: Ferrothorn|Spikes|p1a: BoulePiquante\n|-sidestart|p1: Stealhumi_chan|Spikes\n|\n|-heal|p1a: BoulePiquante|65\/100|[from] item: Leftovers\n|upkeep\n|turn|17\n|\n|t:|1666389687\n|move|p1a: BoulePiquante|Power Whip|p2a: Ferrothorn\n|-resisted|p2a: Ferrothorn\n|-damage|p2a: Ferrothorn|95\/100\n|-damage|p1a: BoulePiquante|53\/100|[from] ability: Iron Barbs|[of] p2a: Ferrothorn\n|move|p2a: Ferrothorn|Body Press|p1a: BoulePiquante\n|-supereffective|p1a: BoulePiquante\n|-damage|p1a: BoulePiquante|15\/100\n|-damage|p2a: Ferrothorn|83\/100|[from] ability: Iron Barbs|[of] p1a: BoulePiquante\n|\n|-heal|p1a: BoulePiquante|22\/100|[from] item: Leftovers\n|-heal|p2a: Ferrothorn|89\/100|[from] item: Leftovers\n|upkeep\n|turn|18\n|\n|t:|1666389695\n|move|p1a: BoulePiquante|Power Whip|p2a: Ferrothorn|[miss]\n|-miss|p1a: BoulePiquante|p2a: Ferrothorn\n|move|p2a: Ferrothorn|Spikes|p1a: BoulePiquante\n|-sidestart|p1: Stealhumi_chan|Spikes\n|\n|-heal|p1a: BoulePiquante|28\/100|[from] item: Leftovers\n|-heal|p2a: Ferrothorn|95\/100|[from] item: Leftovers\n|upkeep\n|turn|19\n|\n|t:|1666389698\n|move|p1a: BoulePiquante|Power Whip|p2a: Ferrothorn|[miss]\n|-miss|p1a: BoulePiquante|p2a: Ferrothorn\n|move|p2a: Ferrothorn|Body Press|p1a: BoulePiquante\n|-supereffective|p1a: BoulePiquante\n|-damage|p1a: BoulePiquante|0 fnt\n|-damage|p2a: Ferrothorn|83\/100|[from] ability: Iron Barbs|[of] p1a: BoulePiquante\n|faint|p1a: BoulePiquante\n|\n|-heal|p2a: Ferrothorn|89\/100|[from] item: Leftovers\n|upkeep\n|\n|t:|1666389707\n|switch|p1a: Tobba|Excadrill, F|100\/100\n|-damage|p1a: Tobba|76\/100|[from] Spikes\n|-ability|p1a: Tobba|Mold Breaker\n|turn|20\n|\n|t:|1666389710\n|move|p1a: Tobba|Rapid Spin|p2a: Ferrothorn\n|-resisted|p2a: Ferrothorn\n|-damage|p2a: Ferrothorn|84\/100\n|-boost|p1a: Tobba|spe|1\n|-damage|p1a: Tobba|63\/100|[from] ability: Iron Barbs|[of] p2a: Ferrothorn\n|-sideend|p1: Stealhumi_chan|Spikes|[from] move: Rapid Spin|[of] p1a: Tobba\n|move|p2a: Ferrothorn|Body Press|p1a: Tobba\n|-supereffective|p1a: Tobba\n|-damage|p1a: Tobba|0 fnt\n|faint|p1a: Tobba\n|\n|-heal|p2a: Ferrothorn|90\/100|[from] item: Leftovers\n|upkeep\n|\n|t:|1666389714\n|switch|p1a: Link|Aegislash, M|76\/100\n|turn|21\n|\n|t:|1666389716\n|-formechange|p1a: Link|Aegislash-Blade||[from] ability: Stance Change\n|move|p1a: Link|Shadow Ball|p2a: Ferrothorn\n|-damage|p2a: Ferrothorn|54\/100\n|move|p2a: Ferrothorn|Leech Seed|p1a: Link\n|-start|p1a: Link|move: Leech Seed\n|\n|-heal|p2a: Ferrothorn|60\/100|[from] item: Leftovers\n|-damage|p1a: Link|63\/100|[from] Leech Seed|[of] p2a: Ferrothorn\n|-heal|p2a: Ferrothorn|72\/100|[silent]\n|upkeep\n|turn|22\n|\n|t:|1666389725\n|switch|p1a: BlingBling|Melmetal|88\/100\n|move|p2a: Ferrothorn|Protect||[still]\n|-fail|p2a: Ferrothorn\n|\n|-heal|p2a: Ferrothorn|78\/100|[from] item: Leftovers\n|upkeep\n|turn|23\n|\n|t:|1666389727\n|move|p1a: BlingBling|Ice Punch|p2a: Ferrothorn\n|-damage|p2a: Ferrothorn|57\/100\n|-damage|p1a: BlingBling|76\/100|[from] ability: Iron Barbs|[of] p2a: Ferrothorn\n|move|p2a: Ferrothorn|Leech Seed|p1a: BlingBling\n|-start|p1a: BlingBling|move: Leech Seed\n|\n|-heal|p2a: Ferrothorn|63\/100|[from] item: Leftovers\n|-damage|p1a: BlingBling|63\/100|[from] Leech Seed|[of] p2a: Ferrothorn\n|-heal|p2a: Ferrothorn|77\/100|[silent]\n|upkeep\n|turn|24\n|\n|t:|1666389733\n|switch|p1a: Link|Aegislash, M|63\/100\n|move|p2a: Ferrothorn|Spikes|p1a: Link\n|-sidestart|p1: Stealhumi_chan|Spikes\n|\n|-heal|p2a: Ferrothorn|84\/100|[from] item: Leftovers\n|upkeep\n|turn|25\n|\n|t:|1666389736\n|-formechange|p1a: Link|Aegislash-Blade||[from] ability: Stance Change\n|move|p1a: Link|Shadow Ball|p2a: Ferrothorn\n|-damage|p2a: Ferrothorn|48\/100\n|move|p2a: Ferrothorn|Leech Seed|p1a: Link\n|-start|p1a: Link|move: Leech Seed\n|\n|-heal|p2a: Ferrothorn|54\/100|[from] item: Leftovers\n|-damage|p1a: Link|51\/100|[from] Leech Seed|[of] p2a: Ferrothorn\n|-heal|p2a: Ferrothorn|65\/100|[silent]\n|upkeep\n|turn|26\n|\n|t:|1666389739\n|move|p2a: Ferrothorn|Protect|p2a: Ferrothorn\n|-singleturn|p2a: Ferrothorn|Protect\n|move|p1a: Link|Shadow Ball|p2a: Ferrothorn\n|-activate|p2a: Ferrothorn|move: Protect\n|\n|-heal|p2a: Ferrothorn|72\/100|[from] item: Leftovers\n|-damage|p1a: Link|39\/100|[from] Leech Seed|[of] p2a: Ferrothorn\n|-heal|p2a: Ferrothorn|83\/100|[silent]\n|upkeep\n|turn|27\n|\n|t:|1666389741\n|switch|p1a: BlingBling|Melmetal|63\/100\n|-damage|p1a: BlingBling|51\/100|[from] Spikes\n|move|p2a: Ferrothorn|Body Press|p1a: BlingBling\n|-supereffective|p1a: BlingBling\n|-damage|p1a: BlingBling|14\/100\n|\n|-heal|p2a: Ferrothorn|89\/100|[from] item: Leftovers\n|upkeep\n|turn|28\n|\n|t:|1666389748\n|move|p1a: BlingBling|Ice Punch|p2a: Ferrothorn\n|-damage|p2a: Ferrothorn|69\/100\n|-damage|p1a: BlingBling|1\/100|[from] ability: Iron Barbs|[of] p2a: Ferrothorn\n|move|p2a: Ferrothorn|Body Press|p1a: BlingBling\n|-supereffective|p1a: BlingBling\n|-damage|p1a: BlingBling|0 fnt\n|faint|p1a: BlingBling\n|\n|-heal|p2a: Ferrothorn|75\/100|[from] item: Leftovers\n|upkeep\n|-message|Stealhumi_chan forfeited.\n|\n|win|LoSconosciuto\n|raw|Stealhumi_chan's rating: 1685 &rarr; <strong>1664<\/strong><br \/>(-21 for losing)\n|raw|LoSconosciuto's rating: 1666 &rarr; <strong>1687<\/strong><br \/>(+21 for winning)\n|l|\u2606Stealhumi_chan\n||Ladder isn't responding, score probably updated but might not have (Request timeout).\n","uploadtime":1666389793,"views":4,"p1id":"stealhumichan","p2id":"losconosciuto","formatid":"gen8monotype","rating":1664,"private":0,"password":null}