{"id":"gen8nationaldex-1669919054","p1":"Hungsolo68","p2":"Ferrothornail\u8349\u94a2\u7532","format":"gen8nationaldex","log":"|j|\u2606Hungsolo68\n|j|\u2606Ferrothornail\u8349\u94a2\u7532\n|t:|1664111778\n|gametype|singles\n|player|p1|Hungsolo68|skyla|1372\n|player|p2|Ferrothornail\u8349\u94a2\u7532|lillie|1453\n|teamsize|p1|6\n|teamsize|p2|6\n|gen|8\n|tier|[Gen 8] National Dex\n|rated|\n|rule|HP Percentage Mod: HP is shown in percentages\n|rule|Endless Battle Clause: Forcing endless battles is banned\n|rule|OHKO Clause: OHKO moves are banned\n|rule|Evasion Moves Clause: Evasion moves are banned\n|rule|Species Clause: Limit one of each Pok\u00e9mon\n|rule|Dynamax Clause: You cannot dynamax\n|rule|Sleep Clause Mod: Limit one foe put to sleep\n|clearpoke\n|poke|p1|Landorus-Therian, M|\n|poke|p1|Ferrothorn, M|\n|poke|p1|Kyurem|\n|poke|p1|Blissey, F|\n|poke|p1|Greninja, M|\n|poke|p1|Charizard, F|\n|poke|p2|Lopunny, F|\n|poke|p2|Celesteela|\n|poke|p2|Mew|\n|poke|p2|Toxapex, M|\n|poke|p2|Tapu Bulu|\n|poke|p2|Garchomp, F|\n|teampreview\n|\n|t:|1664111787\n|start\n|switch|p1a: Ferrothorn|Ferrothorn, M|100\/100\n|switch|p2a: Mew|Mew|100\/100\n|turn|1\n|inactive|Battle timer is ON: inactive players will automatically lose when time's up. (requested by Hungsolo68)\n|\n|t:|1664111797\n|move|p2a: Mew|Will-O-Wisp|p1a: Ferrothorn\n|-status|p1a: Ferrothorn|brn\n|move|p1a: Ferrothorn|Stealth Rock|p2a: Mew\n|-sidestart|p2: Ferrothornail\u8349\u94a2\u7532|move: Stealth Rock\n|\n|-damage|p1a: Ferrothorn|94\/100 brn|[from] brn\n|upkeep\n|turn|2\n|\n|t:|1664111806\n|move|p2a: Mew|Defog|p1a: Ferrothorn\n|-unboost|p1a: Ferrothorn|evasion|1\n|-sideend|p2: Ferrothornail\u8349\u94a2\u7532|Stealth Rock|[from] move: Defog|[of] p2a: Mew\n|move|p1a: Ferrothorn|Thunder Wave||[still]\n|-status|p2a: Mew|par\n|-activate|p2a: Mew|ability: Synchronize\n|-fail|p2a: Mew\n|\n|-heal|p1a: Ferrothorn|100\/100 brn|[from] item: Leftovers\n|-damage|p1a: Ferrothorn|94\/100 brn|[from] brn\n|upkeep\n|turn|3\n|\n|t:|1664111811\n|switch|p2a: Lopunny|Lopunny, F|100\/100\n|move|p1a: Ferrothorn|Knock Off|p2a: Lopunny\n|-damage|p2a: Lopunny|91\/100\n|\n|-heal|p1a: Ferrothorn|100\/100 brn|[from] item: Leftovers\n|-damage|p1a: Ferrothorn|94\/100 brn|[from] brn\n|upkeep\n|turn|4\n|\n|t:|1664111824\n|detailschange|p2a: Lopunny|Lopunny-Mega, F\n|-mega|p2a: Lopunny|Lopunny|Lopunnite\n|move|p2a: Lopunny|Close Combat|p1a: Ferrothorn\n|-supereffective|p1a: Ferrothorn\n|-damage|p1a: Ferrothorn|0 fnt\n|-unboost|p2a: Lopunny|def|1\n|-unboost|p2a: Lopunny|spd|1\n|-damage|p2a: Lopunny|78\/100|[from] ability: Iron Barbs|[of] p1a: Ferrothorn\n|faint|p1a: Ferrothorn\n|\n|upkeep\n|\n|t:|1664111830\n|switch|p1a: Landorus|Landorus-Therian, M|100\/100\n|-ability|p1a: Landorus|Intimidate|boost\n|-fail|p2a: Lopunny|unboost|Attack|[from] ability: Scrappy|[of] p2a: Lopunny\n|turn|5\n|\n|t:|1664111834\n|move|p1a: Landorus|Earthquake|p2a: Lopunny\n|-damage|p2a: Lopunny|0 fnt\n|faint|p2a: Lopunny\n|\n|upkeep\n|\n|t:|1664111841\n|switch|p2a: Tapu Bulu|Tapu Bulu|100\/100\n|-fieldstart|move: Grassy Terrain|[from] ability: Grassy Surge|[of] p2a: Tapu Bulu\n|turn|6\n|\n|t:|1664111850\n|switch|p1a: Charizard|Charizard, F|100\/100\n|move|p2a: Tapu Bulu|Stone Edge|p1a: Charizard\n|-supereffective|p1a: Charizard\n|-damage|p1a: Charizard|0 fnt\n|faint|p1a: Charizard\n|\n|upkeep\n|\n|t:|1664111858\n|switch|p1a: Kyurem|Kyurem, shiny|100\/100\n|-ability|p1a: Kyurem|Pressure\n|turn|7\n|\n|t:|1664111865\n|switch|p2a: Toxapex|Toxapex, M|100\/100\n|move|p1a: Kyurem|Ice Beam|p2a: Toxapex\n|-resisted|p2a: Toxapex\n|-damage|p2a: Toxapex|82\/100\n|\n|-heal|p2a: Toxapex|88\/100|[from] Grassy Terrain\n|-heal|p2a: Toxapex|94\/100|[from] item: Black Sludge\n|upkeep\n|turn|8\n|\n|t:|1664111869\n|move|p1a: Kyurem|Freeze-Dry|p2a: Toxapex\n|-supereffective|p2a: Toxapex\n|-damage|p2a: Toxapex|30\/100\n|move|p2a: Toxapex|Toxic|p1a: Kyurem\n|-status|p1a: Kyurem|tox\n|\n|-heal|p2a: Toxapex|36\/100|[from] Grassy Terrain\n|-heal|p2a: Toxapex|42\/100|[from] item: Black Sludge\n|-damage|p1a: Kyurem|94\/100 tox|[from] psn\n|upkeep\n|turn|9\n|\n|t:|1664111876\n|switch|p2a: Celesteela|Celesteela|100\/100\n|move|p1a: Kyurem|Freeze-Dry|p2a: Celesteela\n|-crit|p2a: Celesteela\n|-damage|p2a: Celesteela|56\/100\n|\n|-heal|p1a: Kyurem|100\/100 tox|[from] Grassy Terrain\n|-heal|p2a: Celesteela|62\/100|[from] item: Leftovers\n|-damage|p1a: Kyurem|88\/100 tox|[from] psn\n|upkeep\n|turn|10\n|\n|t:|1664111884\n|switch|p1a: Blissey|Blissey, F|100\/100\n|move|p2a: Celesteela|Leech Seed|p1a: Blissey\n|-start|p1a: Blissey|move: Leech Seed\n|\n|-heal|p2a: Celesteela|69\/100|[from] item: Leftovers\n|-damage|p1a: Blissey|88\/100|[from] Leech Seed|[of] p2a: Celesteela\n|-heal|p2a: Celesteela|91\/100|[silent]\n|-fieldend|move: Grassy Terrain\n|upkeep\n|turn|11\n|\n|t:|1664111893\n|switch|p2a: Garchomp|Garchomp, F|100\/100\n|move|p1a: Blissey|Seismic Toss|p2a: Garchomp\n|-damage|p2a: Garchomp|72\/100\n|-damage|p1a: Blissey|76\/100|[from] ability: Rough Skin|[of] p2a: Garchomp\n|\n|-damage|p1a: Blissey|63\/100|[from] Leech Seed|[of] p2a: Garchomp\n|-heal|p2a: Garchomp|97\/100|[silent]\n|upkeep\n|turn|12\n|\n|t:|1664111900\n|switch|p1a: Landorus|Landorus-Therian, M|100\/100\n|-ability|p1a: Landorus|Intimidate|boost\n|-unboost|p2a: Garchomp|atk|1\n|move|p2a: Garchomp|Stealth Rock|p1a: Landorus\n|-sidestart|p1: Hungsolo68|move: Stealth Rock\n|\n|upkeep\n|turn|13\n|\n|t:|1664111909\n|switch|p2a: Tapu Bulu|Tapu Bulu|100\/100\n|-fieldstart|move: Grassy Terrain|[from] ability: Grassy Surge|[of] p2a: Tapu Bulu\n|move|p1a: Landorus|Defog|p2a: Tapu Bulu\n|-unboost|p2a: Tapu Bulu|evasion|1\n|-sideend|p1: Hungsolo68|Stealth Rock|[from] move: Defog|[of] p1a: Landorus\n|-fieldend|move: Grassy Terrain\n|\n|upkeep\n|turn|14\n|\n|t:|1664111926\n|switch|p1a: Greninja|Greninja, M, shiny|100\/100\n|move|p2a: Tapu Bulu|Close Combat|p1a: Greninja\n|-supereffective|p1a: Greninja\n|-crit|p1a: Greninja\n|-damage|p1a: Greninja|0 fnt\n|-unboost|p2a: Tapu Bulu|def|1\n|-unboost|p2a: Tapu Bulu|spd|1\n|faint|p1a: Greninja\n|\n|upkeep\n|\n|t:|1664111932\n|switch|p1a: Kyurem|Kyurem, shiny|88\/100 tox\n|-ability|p1a: Kyurem|Pressure\n|turn|15\n|\n|t:|1664111935\n|switch|p2a: Celesteela|Celesteela|91\/100\n|move|p1a: Kyurem|Ice Beam|p2a: Celesteela\n|-damage|p2a: Celesteela|48\/100\n|\n|-heal|p2a: Celesteela|54\/100|[from] item: Leftovers\n|-damage|p1a: Kyurem|82\/100 tox|[from] psn\n|upkeep\n|turn|16\n|\n|t:|1664111949\n|move|p1a: Kyurem|Ice Beam|p2a: Celesteela\n|-damage|p2a: Celesteela|10\/100\n|move|p2a: Celesteela|Leech Seed|p1a: Kyurem\n|-start|p1a: Kyurem|move: Leech Seed\n|\n|-heal|p2a: Celesteela|16\/100|[from] item: Leftovers\n|-damage|p1a: Kyurem|70\/100 tox|[from] Leech Seed|[of] p2a: Celesteela\n|-heal|p2a: Celesteela|30\/100|[silent]\n|-damage|p1a: Kyurem|57\/100 tox|[from] psn\n|upkeep\n|turn|17\n|\n|t:|1664111954\n|move|p2a: Celesteela|Protect|p2a: Celesteela\n|-singleturn|p2a: Celesteela|Protect\n|move|p1a: Kyurem|Ice Beam|p2a: Celesteela\n|-activate|p2a: Celesteela|move: Protect\n|\n|-heal|p2a: Celesteela|36\/100|[from] item: Leftovers\n|-damage|p1a: Kyurem|45\/100 tox|[from] Leech Seed|[of] p2a: Celesteela\n|-heal|p2a: Celesteela|50\/100|[silent]\n|-damage|p1a: Kyurem|26\/100 tox|[from] psn\n|upkeep\n|turn|18\n|-message|Hungsolo68 forfeited.\n|\n|win|Ferrothornail\u8349\u94a2\u7532\n|raw|Hungsolo68's rating: 1372 &rarr; <strong>1357<\/strong><br \/>(-15 for losing)\n|raw|Ferrothornail\u8349\u94a2\u7532's rating: 1453 &rarr; <strong>1468<\/strong><br \/>(+15 for winning)\n|l|\u2606Hungsolo68\n|j| miaogg\n|j| OuoouoouO\n|j| sleepdrawrnig\n||Ladder isn't responding, score probably updated but might not have (Request timeout).\n","uploadtime":1664111963,"views":6,"p1id":"hungsolo68","p2id":"ferrothornail","formatid":"gen8nationaldex","rating":1357,"private":0,"password":null}