{"id":"gen8ou-1646111889","p1":"minimax_ai","p2":"kokoukohiro","format":"gen8ou","log":"|j|\u2606minimax_ai\n|j|\u2606kokoukohiro\n|t:|1661241640\n|gametype|singles\n|player|p1|minimax_ai|lusamine-nihilego|1493\n|player|p2|kokoukohiro|dawn|1470\n|teamsize|p1|6\n|teamsize|p2|6\n|gen|8\n|tier|[Gen 8] OU\n|rated|\n|rule|Sleep Clause Mod: Limit one foe put to sleep\n|rule|Species Clause: Limit one of each Pok\u00e9mon\n|rule|OHKO Clause: OHKO moves are banned\n|rule|Evasion Items Clause: Evasion items are banned\n|rule|Evasion Moves Clause: Evasion moves are banned\n|rule|Endless Battle Clause: Forcing endless battles is banned\n|rule|HP Percentage Mod: HP is shown in percentages\n|rule|Dynamax Clause: You cannot dynamax\n|clearpoke\n|poke|p1|Rotom-Wash|\n|poke|p1|Weavile, M|\n|poke|p1|Landorus-Therian, M|\n|poke|p1|Heatran, M|\n|poke|p1|Tangrowth, M|\n|poke|p1|Melmetal|\n|poke|p2|Jirachi|\n|poke|p2|Quagsire, F|\n|poke|p2|Blissey, F|\n|poke|p2|Toxapex, F|\n|poke|p2|Skarmory, M|\n|poke|p2|Tornadus-Therian, M|\n|teampreview\n|c|\u2606minimax_ai|hf\n|\n|t:|1661241643\n|start\n|switch|p1a: Heatran|Heatran, M|100\/100\n|switch|p2a: Skarmory|Skarmory, M|100\/100\n|-item|p1a: Heatran|Air Balloon\n|turn|1\n|inactive|Battle timer is ON: inactive players will automatically lose when time's up. (requested by minimax_ai)\n|\n|t:|1661241648\n|switch|p2a: Toxapex|Toxapex, F|100\/100\n|move|p1a: Heatran|Magma Storm|p2a: Toxapex\n|-resisted|p2a: Toxapex\n|-damage|p2a: Toxapex|79\/100\n|-activate|p2a: Toxapex|move: Magma Storm|[of] p1a: Heatran\n|\n|-damage|p2a: Toxapex|66\/100|[from] move: Magma Storm|[partiallytrapped]\n|upkeep\n|turn|2\n|\n|t:|1661241651\n|move|p1a: Heatran|Magma Storm|p2a: Toxapex\n|-resisted|p2a: Toxapex\n|-damage|p2a: Toxapex|46\/100\n|move|p2a: Toxapex|Scald|p1a: Heatran\n|-supereffective|p1a: Heatran\n|-damage|p1a: Heatran|65\/100\n|-enditem|p1a: Heatran|Air Balloon\n|\n|-damage|p2a: Toxapex|33\/100|[from] move: Magma Storm|[partiallytrapped]\n|upkeep\n|turn|3\n|\n|t:|1661241654\n|switch|p2a: Tornadus|Tornadus-Therian, M|100\/100\n|move|p1a: Heatran|Stealth Rock|p2a: Tornadus\n|-sidestart|p2: kokoukohiro|move: Stealth Rock\n|\n|upkeep\n|turn|4\n|\n|t:|1661241656\n|move|p2a: Tornadus|U-turn|p1a: Heatran\n|-resisted|p1a: Heatran\n|-damage|p1a: Heatran|61\/100\n|\n|t:|1661241658\n|switch|p2a: Toxapex|Toxapex, F|66\/100|[from]move: U-turn\n|-damage|p2a: Toxapex|54\/100|[from] Stealth Rock\n|move|p1a: Heatran|Magma Storm|p2a: Toxapex|[miss]\n|-miss|p1a: Heatran|p2a: Toxapex\n|\n|upkeep\n|turn|5\n|\n|t:|1661241660\n|move|p1a: Heatran|Magma Storm|p2a: Toxapex\n|-resisted|p2a: Toxapex\n|-damage|p2a: Toxapex|32\/100\n|-activate|p2a: Toxapex|move: Magma Storm|[of] p1a: Heatran\n|move|p2a: Toxapex|Recover|p2a: Toxapex\n|-heal|p2a: Toxapex|82\/100\n|\n|-damage|p2a: Toxapex|70\/100|[from] move: Magma Storm|[partiallytrapped]\n|upkeep\n|turn|6\n|\n|t:|1661241662\n|switch|p2a: Tornadus|Tornadus-Therian, M|100\/100\n|move|p1a: Heatran|Magma Storm|p2a: Tornadus|[miss]\n|-miss|p1a: Heatran|p2a: Tornadus\n|\n|upkeep\n|turn|7\n|\n|t:|1661241664\n|move|p2a: Tornadus|U-turn|p1a: Heatran\n|-resisted|p1a: Heatran\n|-crit|p1a: Heatran\n|-damage|p1a: Heatran|57\/100\n|\n|t:|1661241666\n|switch|p2a: Toxapex|Toxapex, F|100\/100|[from]move: U-turn\n|-damage|p2a: Toxapex|88\/100|[from] Stealth Rock\n|move|p1a: Heatran|Magma Storm|p2a: Toxapex\n|-resisted|p2a: Toxapex\n|-damage|p2a: Toxapex|65\/100\n|-activate|p2a: Toxapex|move: Magma Storm|[of] p1a: Heatran\n|\n|-damage|p2a: Toxapex|52\/100|[from] move: Magma Storm|[partiallytrapped]\n|upkeep\n|turn|8\n|\n|t:|1661241668\n|move|p1a: Heatran|Magma Storm|p2a: Toxapex|[miss]\n|-miss|p1a: Heatran|p2a: Toxapex\n|move|p2a: Toxapex|Recover|p2a: Toxapex\n|-heal|p2a: Toxapex|100\/100\n|\n|-damage|p2a: Toxapex|88\/100|[from] move: Magma Storm|[partiallytrapped]\n|upkeep\n|turn|9\n|\n|t:|1661241671\n|move|p1a: Heatran|Magma Storm|p2a: Toxapex\n|-resisted|p2a: Toxapex\n|-damage|p2a: Toxapex|67\/100\n|move|p2a: Toxapex|Scald|p1a: Heatran\n|-supereffective|p1a: Heatran\n|-damage|p1a: Heatran|23\/100\n|\n|-damage|p2a: Toxapex|55\/100|[from] move: Magma Storm|[partiallytrapped]\n|upkeep\n|turn|10\n|\n|t:|1661241673\n|switch|p2a: Tornadus|Tornadus-Therian, M|100\/100\n|move|p1a: Heatran|Earth Power|p2a: Tornadus\n|-immune|p2a: Tornadus\n|\n|upkeep\n|turn|11\n|\n|t:|1661241675\n|switch|p1a: rotomwash|Rotom-Wash|100\/100\n|move|p2a: Tornadus|U-turn|p1a: rotomwash\n|-damage|p1a: rotomwash|85\/100\n|\n|t:|1661241684\n|switch|p2a: Blissey|Blissey, F|100\/100|[from]move: U-turn\n|\n|-heal|p1a: rotomwash|91\/100|[from] item: Leftovers\n|upkeep\n|turn|12\n|\n|t:|1661241691\n|switch|p1a: Weavile|Weavile, M|100\/100\n|-ability|p1a: Weavile|Pressure\n|move|p2a: Blissey|Seismic Toss|p1a: Weavile\n|-damage|p1a: Weavile|65\/100\n|\n|upkeep\n|turn|13\n|\n|t:|1661241695\n|switch|p2a: Toxapex|Toxapex, F|88\/100\n|-damage|p2a: Toxapex|75\/100|[from] Stealth Rock\n|move|p1a: Weavile|Knock Off|p2a: Toxapex\n|-damage|p2a: Toxapex|34\/100\n|-enditem|p2a: Toxapex|Shed Shell|[from] move: Knock Off|[of] p1a: Weavile\n|\n|upkeep\n|turn|14\n|\n|t:|1661241698\n|switch|p1a: rotomwash|Rotom-Wash|91\/100\n|switch|p2a: Tornadus|Tornadus-Therian, M|100\/100\n|\n|-heal|p1a: rotomwash|97\/100|[from] item: Leftovers\n|upkeep\n|turn|15\n|\n|t:|1661241700\n|move|p2a: Tornadus|U-turn|p1a: rotomwash\n|-damage|p1a: rotomwash|83\/100\n|\n|t:|1661241704\n|switch|p2a: Blissey|Blissey, F|100\/100|[from]move: U-turn\n|move|p1a: rotomwash|Thunderbolt|p2a: Blissey\n|-damage|p2a: Blissey|91\/100\n|\n|-heal|p1a: rotomwash|89\/100|[from] item: Leftovers\n|upkeep\n|turn|16\n|\n|t:|1661241710\n|switch|p1a: Melmetal|Melmetal|100\/100\n|move|p2a: Blissey|Toxic|p1a: Melmetal\n|-immune|p1a: Melmetal\n|\n|upkeep\n|turn|17\n|\n|t:|1661241712\n|switch|p2a: Skarmory|Skarmory, M|100\/100\n|-damage|p2a: Skarmory|88\/100|[from] Stealth Rock\n|move|p1a: Melmetal|Ice Punch|p2a: Skarmory\n|-damage|p2a: Skarmory|68\/100\n|\n|upkeep\n|turn|18\n|\n|t:|1661241714\n|move|p2a: Skarmory|Roost|p2a: Skarmory\n|-heal|p2a: Skarmory|100\/100\n|-singleturn|p2a: Skarmory|move: Roost\n|move|p1a: Melmetal|Thunder Punch|p2a: Skarmory\n|-damage|p2a: Skarmory|80\/100\n|\n|upkeep\n|turn|19\n|\n|t:|1661241717\n|switch|p1a: rotomwash|Rotom-Wash|89\/100\n|move|p2a: Skarmory|Spikes|p1a: rotomwash\n|-sidestart|p1: minimax_ai|Spikes\n|\n|-heal|p1a: rotomwash|96\/100|[from] item: Leftovers\n|upkeep\n|turn|20\n|\n|t:|1661241721\n|switch|p2a: Blissey|Blissey, F|91\/100\n|move|p1a: rotomwash|Nasty Plot|p1a: rotomwash\n|-boost|p1a: rotomwash|spa|2\n|\n|-heal|p1a: rotomwash|100\/100|[from] item: Leftovers\n|upkeep\n|turn|21\n|\n|t:|1661241723\n|move|p1a: rotomwash|Nasty Plot|p1a: rotomwash\n|-boost|p1a: rotomwash|spa|2\n|move|p2a: Blissey|Toxic|p1a: rotomwash\n|-status|p1a: rotomwash|tox\n|\n|-damage|p1a: rotomwash|94\/100 tox|[from] psn\n|upkeep\n|turn|22\n|\n|t:|1661241725\n|move|p1a: rotomwash|Thunderbolt|p2a: Blissey\n|-damage|p2a: Blissey|63\/100\n|move|p2a: Blissey|Seismic Toss|p1a: rotomwash\n|-damage|p1a: rotomwash|61\/100 tox\n|\n|-heal|p1a: rotomwash|68\/100 tox|[from] item: Leftovers\n|-damage|p1a: rotomwash|55\/100 tox|[from] psn\n|upkeep\n|turn|23\n|\n|t:|1661241727\n|move|p1a: rotomwash|Thunderbolt|p2a: Blissey\n|-damage|p2a: Blissey|33\/100\n|move|p2a: Blissey|Soft-Boiled|p2a: Blissey\n|-heal|p2a: Blissey|83\/100\n|\n|-heal|p1a: rotomwash|61\/100 tox|[from] item: Leftovers\n|-damage|p1a: rotomwash|43\/100 tox|[from] psn\n|upkeep\n|turn|24\n|\n|t:|1661241729\n|move|p1a: rotomwash|Pain Split|p2a: Blissey\n|-sethp|p2a: Blissey|51\/100|[from] move: Pain Split|[silent]\n|-sethp|p1a: rotomwash|100\/100 tox|[from] move: Pain Split\n|move|p2a: Blissey|Seismic Toss|p1a: rotomwash\n|-damage|p1a: rotomwash|68\/100 tox\n|\n|-heal|p1a: rotomwash|74\/100 tox|[from] item: Leftovers\n|-damage|p1a: rotomwash|49\/100 tox|[from] psn\n|upkeep\n|turn|25\n|\n|t:|1661241731\n|move|p1a: rotomwash|Pain Split|p2a: Blissey\n|-sethp|p2a: Blissey|36\/100|[from] move: Pain Split|[silent]\n|-sethp|p1a: rotomwash|83\/100 tox|[from] move: Pain Split\n|move|p2a: Blissey|Soft-Boiled|p2a: Blissey\n|-heal|p2a: Blissey|86\/100\n|\n|-heal|p1a: rotomwash|90\/100 tox|[from] item: Leftovers\n|-damage|p1a: rotomwash|58\/100 tox|[from] psn\n|upkeep\n|turn|26\n|\n|t:|1661241733\n|move|p1a: rotomwash|Pain Split|p2a: Blissey\n|-sethp|p2a: Blissey|55\/100|[from] move: Pain Split|[silent]\n|-sethp|p1a: rotomwash|100\/100 tox|[from] move: Pain Split\n|move|p2a: Blissey|Seismic Toss|p1a: rotomwash\n|-damage|p1a: rotomwash|68\/100 tox\n|\n|-heal|p1a: rotomwash|74\/100 tox|[from] item: Leftovers\n|-damage|p1a: rotomwash|36\/100 tox|[from] psn\n|upkeep\n|turn|27\n|\n|t:|1661241736\n|move|p1a: rotomwash|Pain Split|p2a: Blissey\n|-sethp|p2a: Blissey|36\/100|[from] move: Pain Split|[silent]\n|-sethp|p1a: rotomwash|83\/100 tox|[from] move: Pain Split\n|move|p2a: Blissey|Soft-Boiled|p2a: Blissey\n|-heal|p2a: Blissey|86\/100\n|\n|-heal|p1a: rotomwash|89\/100 tox|[from] item: Leftovers\n|-damage|p1a: rotomwash|45\/100 tox|[from] psn\n|upkeep\n|turn|28\n|\n|t:|1661241738\n|move|p1a: rotomwash|Pain Split|p2a: Blissey\n|-sethp|p2a: Blissey|52\/100|[from] move: Pain Split|[silent]\n|-sethp|p1a: rotomwash|100\/100 tox|[from] move: Pain Split\n|move|p2a: Blissey|Seismic Toss|p1a: rotomwash\n|-damage|p1a: rotomwash|68\/100 tox\n|\n|-heal|p1a: rotomwash|74\/100 tox|[from] item: Leftovers\n|-damage|p1a: rotomwash|24\/100 tox|[from] psn\n|upkeep\n|turn|29\n|\n|t:|1661241739\n|move|p1a: rotomwash|Pain Split|p2a: Blissey\n|-sethp|p2a: Blissey|31\/100|[from] move: Pain Split|[silent]\n|-sethp|p1a: rotomwash|73\/100 tox|[from] move: Pain Split\n|move|p2a: Blissey|Seismic Toss|p1a: rotomwash\n|-damage|p1a: rotomwash|40\/100 tox\n|\n|-heal|p1a: rotomwash|47\/100 tox|[from] item: Leftovers\n|-damage|p1a: rotomwash|0 fnt|[from] psn\n|faint|p1a: rotomwash\n|upkeep\n|\n|t:|1661241739\n|switch|p1a: Weavile|Weavile, M|65\/100\n|-damage|p1a: Weavile|52\/100|[from] Spikes\n|-ability|p1a: Weavile|Pressure\n|turn|30\n|\n|t:|1661241746\n|switch|p2a: Toxapex|Toxapex, F|67\/100\n|-damage|p2a: Toxapex|55\/100|[from] Stealth Rock\n|move|p1a: Weavile|Knock Off|p2a: Toxapex\n|-damage|p2a: Toxapex|27\/100\n|\n|upkeep\n|turn|31\n|\n|t:|1661241751\n|switch|p2a: Quagsire|Quagsire, F|100\/100\n|-damage|p2a: Quagsire|94\/100|[from] Stealth Rock\n|move|p1a: Weavile|Knock Off|p2a: Quagsire\n|-damage|p2a: Quagsire|45\/100\n|-enditem|p2a: Quagsire|Leftovers|[from] move: Knock Off|[of] p1a: Weavile\n|\n|upkeep\n|turn|32\n|\n|t:|1661241753\n|switch|p1a: landorustherian|Landorus-Therian, M|100\/100\n|-ability|p1a: landorustherian|Intimidate|boost\n|-unboost|p2a: Quagsire|atk|1\n|move|p2a: Quagsire|Recover|p2a: Quagsire\n|-heal|p2a: Quagsire|95\/100\n|\n|upkeep\n|turn|33\n|\n|t:|1661241755\n|switch|p2a: Toxapex|Toxapex, F|60\/100\n|-damage|p2a: Toxapex|48\/100|[from] Stealth Rock\n|move|p1a: landorustherian|U-turn|p2a: Toxapex\n|-resisted|p2a: Toxapex\n|-damage|p2a: Toxapex|41\/100\n|\n|t:|1661241755\n|switch|p1a: Melmetal|Melmetal|100\/100|[from]move: U-turn\n|-damage|p1a: Melmetal|88\/100|[from] Spikes\n|\n|upkeep\n|turn|34\n|\n|t:|1661241759\n|switch|p2a: Skarmory|Skarmory, M|80\/100\n|-damage|p2a: Skarmory|68\/100|[from] Stealth Rock\n|move|p1a: Melmetal|Double Iron Bash|p2a: Skarmory\n|-resisted|p2a: Skarmory\n|-damage|p2a: Skarmory|57\/100\n|-resisted|p2a: Skarmory\n|-damage|p2a: Skarmory|44\/100\n|-hitcount|p2a: Skarmory|2\n|\n|upkeep\n|turn|35\n|\n|t:|1661241762\n|move|p2a: Skarmory|Roost|p2a: Skarmory\n|-heal|p2a: Skarmory|94\/100\n|-singleturn|p2a: Skarmory|move: Roost\n|move|p1a: Melmetal|Thunder Punch|p2a: Skarmory\n|-crit|p2a: Skarmory\n|-damage|p2a: Skarmory|63\/100\n|\n|upkeep\n|turn|36\n|\n|t:|1661241764\n|move|p2a: Skarmory|Spikes|p1a: Melmetal\n|-sidestart|p1: minimax_ai|Spikes\n|move|p1a: Melmetal|Thunder Punch|p2a: Skarmory\n|-supereffective|p2a: Skarmory\n|-damage|p2a: Skarmory|25\/100\n|\n|upkeep\n|turn|37\n|\n|t:|1661241766\n|move|p2a: Skarmory|Roost|p2a: Skarmory\n|-heal|p2a: Skarmory|75\/100\n|-singleturn|p2a: Skarmory|move: Roost\n|move|p1a: Melmetal|Thunder Punch|p2a: Skarmory\n|-damage|p2a: Skarmory|56\/100\n|\n|upkeep\n|turn|38\n|\n|t:|1661241767\n|move|p2a: Skarmory|Roost|p2a: Skarmory\n|-heal|p2a: Skarmory|100\/100\n|-singleturn|p2a: Skarmory|move: Roost\n|move|p1a: Melmetal|Thunder Punch|p2a: Skarmory\n|-damage|p2a: Skarmory|82\/100\n|\n|upkeep\n|turn|39\n|\n|t:|1661241769\n|move|p1a: Melmetal|Ice Punch|p2a: Skarmory\n|-damage|p2a: Skarmory|61\/100\n|move|p2a: Skarmory|Roar|p1a: Melmetal\n|drag|p1a: Heatran|Heatran, M|23\/100\n|-damage|p1a: Heatran|7\/100|[from] Spikes\n|\n|upkeep\n|turn|40\n|\n|t:|1661241772\n|switch|p1a: landorustherian|Landorus-Therian, M|100\/100\n|-ability|p1a: landorustherian|Intimidate|boost\n|-unboost|p2a: Skarmory|atk|1\n|move|p2a: Skarmory|Body Press|p1a: landorustherian\n|-resisted|p1a: landorustherian\n|-damage|p1a: landorustherian|84\/100\n|\n|-heal|p1a: landorustherian|90\/100|[from] item: Leftovers\n|upkeep\n|turn|41\n|\n|t:|1661241775\n|move|p1a: landorustherian|Defog|p2a: Skarmory\n|-unboost|p2a: Skarmory|evasion|1\n|-sideend|p2: kokoukohiro|Stealth Rock|[from] move: Defog|[of] p1a: landorustherian\n|-sideend|p1: minimax_ai|Spikes|[from] move: Defog|[of] p1a: landorustherian\n|move|p2a: Skarmory|Spikes|p1a: landorustherian\n|-sidestart|p1: minimax_ai|Spikes\n|\n|-heal|p1a: landorustherian|96\/100|[from] item: Leftovers\n|upkeep\n|turn|42\n|\n|t:|1661241777\n|move|p1a: landorustherian|Defog|p2a: Skarmory\n|-unboost|p2a: Skarmory|evasion|1\n|-sideend|p1: minimax_ai|Spikes|[from] move: Defog|[of] p1a: landorustherian\n|move|p2a: Skarmory|Roost|p2a: Skarmory\n|-heal|p2a: Skarmory|100\/100\n|-singleturn|p2a: Skarmory|move: Roost\n|\n|-heal|p1a: landorustherian|100\/100|[from] item: Leftovers\n|upkeep\n|turn|43\n|\n|t:|1661241778\n|move|p1a: landorustherian|U-turn|p2a: Skarmory\n|-resisted|p2a: Skarmory\n|-damage|p2a: Skarmory|97\/100\n|\n|t:|1661241779\n|switch|p1a: Tangrowth|Tangrowth, M|100\/100|[from]move: U-turn\n|move|p2a: Skarmory|Spikes|p1a: Tangrowth\n|-sidestart|p1: minimax_ai|Spikes\n|\n|upkeep\n|turn|44\n|\n|t:|1661241782\n|move|p1a: Tangrowth|Sleep Powder|p2a: Skarmory\n|-status|p2a: Skarmory|slp|[from] move: Sleep Powder\n|cant|p2a: Skarmory|slp\n|\n|upkeep\n|turn|45\n|\n|t:|1661241791\n|switch|p2a: Jirachi|Jirachi|100\/100\n|move|p1a: Tangrowth|Giga Drain|p2a: Jirachi\n|-resisted|p2a: Jirachi\n|-damage|p2a: Jirachi|92\/100\n|\n|-heal|p2a: Jirachi|98\/100|[from] item: Leftovers\n|upkeep\n|turn|46\n|\n|t:|1661241793\n|switch|p1a: landorustherian|Landorus-Therian, M|100\/100\n|-ability|p1a: landorustherian|Intimidate|boost\n|-unboost|p2a: Jirachi|atk|1\n|move|p2a: Jirachi|Wish|p2a: Jirachi\n|\n|-heal|p2a: Jirachi|100\/100|[from] item: Leftovers\n|upkeep\n|turn|47\n|\n|t:|1661241804\n|switch|p2a: Toxapex|Toxapex, F|74\/100\n|move|p1a: landorustherian|Earthquake|p2a: Toxapex\n|-supereffective|p2a: Toxapex\n|-damage|p2a: Toxapex|14\/100\n|\n|-heal|p2a: Toxapex|80\/100|[from] move: Wish|[wisher] Jirachi\n|upkeep\n|turn|48\n|\n|t:|1661241809\n|switch|p2a: Skarmory|Skarmory, M|97\/100 slp\n|move|p1a: landorustherian|Earthquake|p2a: Skarmory\n|-immune|p2a: Skarmory\n|\n|upkeep\n|turn|49\n|\n|t:|1661241811\n|move|p1a: landorustherian|Defog|p2a: Skarmory\n|-unboost|p2a: Skarmory|evasion|1\n|-sideend|p1: minimax_ai|Spikes|[from] move: Defog|[of] p1a: landorustherian\n|cant|p2a: Skarmory|slp\n|\n|upkeep\n|turn|50\n|\n|t:|1661241813\n|switch|p1a: Heatran|Heatran, M|7\/100\n|-curestatus|p2a: Skarmory|slp|[msg]\n|move|p2a: Skarmory|Spikes|p1a: Heatran\n|-sidestart|p1: minimax_ai|Spikes\n|\n|upkeep\n|turn|51\n|\n|t:|1661241817\n|switch|p2a: Toxapex|Toxapex, F|100\/100\n|move|p1a: Heatran|Stealth Rock|p2a: Toxapex\n|-sidestart|p2: kokoukohiro|move: Stealth Rock\n|\n|upkeep\n|turn|52\n|\n|t:|1661241820\n|move|p1a: Heatran|Earth Power|p2a: Toxapex\n|-supereffective|p2a: Toxapex\n|-damage|p2a: Toxapex|47\/100\n|move|p2a: Toxapex|Scald|p1a: Heatran\n|-supereffective|p1a: Heatran\n|-damage|p1a: Heatran|0 fnt\n|faint|p1a: Heatran\n|\n|upkeep\n|\n|t:|1661241820\n|switch|p1a: Melmetal|Melmetal|88\/100\n|-damage|p1a: Melmetal|76\/100|[from] Spikes\n|turn|53\n|\n|t:|1661241824\n|switch|p2a: Skarmory|Skarmory, M|97\/100\n|-damage|p2a: Skarmory|85\/100|[from] Stealth Rock\n|move|p1a: Melmetal|Earthquake|p2a: Skarmory\n|-immune|p2a: Skarmory\n|\n|upkeep\n|turn|54\n|\n|t:|1661241826\n|move|p2a: Skarmory|Spikes|p1a: Melmetal\n|-sidestart|p1: minimax_ai|Spikes\n|move|p1a: Melmetal|Thunder Punch|p2a: Skarmory\n|-supereffective|p2a: Skarmory\n|-damage|p2a: Skarmory|44\/100\n|\n|upkeep\n|turn|55\n|\n|t:|1661241828\n|move|p2a: Skarmory|Roost|p2a: Skarmory\n|-heal|p2a: Skarmory|94\/100\n|-singleturn|p2a: Skarmory|move: Roost\n|move|p1a: Melmetal|Thunder Punch|p2a: Skarmory\n|-damage|p2a: Skarmory|75\/100\n|\n|upkeep\n|turn|56\n|\n|t:|1661241830\n|move|p2a: Skarmory|Body Press|p1a: Melmetal\n|-supereffective|p1a: Melmetal\n|-damage|p1a: Melmetal|37\/100\n|move|p1a: Melmetal|Thunder Punch|p2a: Skarmory\n|-supereffective|p2a: Skarmory\n|-damage|p2a: Skarmory|34\/100\n|\n|upkeep\n|turn|57\n|\n|t:|1661241832\n|switch|p1a: landorustherian|Landorus-Therian, M|100\/100\n|-ability|p1a: landorustherian|Intimidate|boost\n|-unboost|p2a: Skarmory|atk|1\n|move|p2a: Skarmory|Roost|p2a: Skarmory\n|-heal|p2a: Skarmory|84\/100\n|-singleturn|p2a: Skarmory|move: Roost\n|\n|upkeep\n|turn|58\n|\n|t:|1661241835\n|move|p1a: landorustherian|Defog|p2a: Skarmory\n|-unboost|p2a: Skarmory|evasion|1\n|-sideend|p2: kokoukohiro|Stealth Rock|[from] move: Defog|[of] p1a: landorustherian\n|-sideend|p1: minimax_ai|Spikes|[from] move: Defog|[of] p1a: landorustherian\n|move|p2a: Skarmory|Roar|p1a: landorustherian\n|drag|p1a: Tangrowth|Tangrowth, M|100\/100\n|\n|upkeep\n|turn|59\n|\n|t:|1661241844\n|move|p2a: Skarmory|Spikes|p1a: Tangrowth\n|-sidestart|p1: minimax_ai|Spikes\n|move|p1a: Tangrowth|Sleep Powder|p2a: Skarmory\n|-status|p2a: Skarmory|slp|[from] move: Sleep Powder\n|\n|upkeep\n|turn|60\n|\n|t:|1661241849\n|switch|p2a: Jirachi|Jirachi|100\/100\n|move|p1a: Tangrowth|Giga Drain|p2a: Jirachi\n|-resisted|p2a: Jirachi\n|-damage|p2a: Jirachi|92\/100\n|\n|-heal|p2a: Jirachi|98\/100|[from] item: Leftovers\n|upkeep\n|turn|61\n|\n|t:|1661241852\n|move|p2a: Jirachi|Wish|p2a: Jirachi\n|move|p1a: Tangrowth|Knock Off|p2a: Jirachi\n|-supereffective|p2a: Jirachi\n|-damage|p2a: Jirachi|61\/100\n|-enditem|p2a: Jirachi|Leftovers|[from] move: Knock Off|[of] p1a: Tangrowth\n|\n|upkeep\n|turn|62\n|\n|t:|1661241854\n|switch|p1a: landorustherian|Landorus-Therian, M|100\/100\n|-ability|p1a: landorustherian|Intimidate|boost\n|-unboost|p2a: Jirachi|atk|1\n|move|p2a: Jirachi|U-turn|p1a: landorustherian\n|-resisted|p1a: landorustherian\n|-damage|p1a: landorustherian|95\/100\n|\n|t:|1661241856\n|switch|p2a: Blissey|Blissey, F|31\/100|[from]move: U-turn\n|\n|-heal|p2a: Blissey|60\/100|[from] move: Wish|[wisher] Jirachi\n|-heal|p1a: landorustherian|100\/100|[from] item: Leftovers\n|upkeep\n|turn|63\n|\n|t:|1661241863\n|switch|p2a: Skarmory|Skarmory, M|84\/100 slp\n|move|p1a: landorustherian|Earthquake|p2a: Skarmory\n|-immune|p2a: Skarmory\n|\n|upkeep\n|turn|64\n|\n|t:|1661241865\n|move|p1a: landorustherian|Defog|p2a: Skarmory\n|-unboost|p2a: Skarmory|evasion|1\n|-sideend|p1: minimax_ai|Spikes|[from] move: Defog|[of] p1a: landorustherian\n|cant|p2a: Skarmory|slp\n|\n|upkeep\n|turn|65\n|\n|t:|1661241867\n|switch|p1a: Tangrowth|Tangrowth, M|100\/100\n|cant|p2a: Skarmory|slp\n|\n|upkeep\n|turn|66\n|\n|t:|1661241870\n|cant|p2a: Skarmory|slp\n|move|p1a: Tangrowth|Giga Drain|p2a: Skarmory\n|-resisted|p2a: Skarmory\n|-damage|p2a: Skarmory|74\/100 slp\n|\n|upkeep\n|turn|67\n|\n|t:|1661241872\n|-curestatus|p2a: Skarmory|slp|[msg]\n|move|p2a: Skarmory|Spikes|p1a: Tangrowth\n|-sidestart|p1: minimax_ai|Spikes\n|move|p1a: Tangrowth|Giga Drain|p2a: Skarmory\n|-resisted|p2a: Skarmory\n|-damage|p2a: Skarmory|64\/100\n|\n|upkeep\n|turn|68\n|\n|t:|1661241884\n|move|p2a: Skarmory|Body Press|p1a: Tangrowth\n|-damage|p1a: Tangrowth|84\/100\n|-damage|p2a: Skarmory|48\/100|[from] item: Rocky Helmet|[of] p1a: Tangrowth\n|move|p1a: Tangrowth|Sleep Powder|p2a: Skarmory\n|-status|p2a: Skarmory|slp|[from] move: Sleep Powder\n|\n|upkeep\n|turn|69\n|\n|t:|1661241887\n|switch|p1a: landorustherian|Landorus-Therian, M|100\/100\n|-ability|p1a: landorustherian|Intimidate|boost\n|-unboost|p2a: Skarmory|atk|1\n|cant|p2a: Skarmory|slp\n|\n|upkeep\n|turn|70\n|\n|t:|1661241888\n|move|p1a: landorustherian|Defog|p2a: Skarmory\n|-unboost|p2a: Skarmory|evasion|1\n|-sideend|p1: minimax_ai|Spikes|[from] move: Defog|[of] p1a: landorustherian\n|-curestatus|p2a: Skarmory|slp|[msg]\n|move|p2a: Skarmory|Roost|p2a: Skarmory\n|-heal|p2a: Skarmory|98\/100\n|-singleturn|p2a: Skarmory|move: Roost\n|\n|upkeep\n|turn|71\n|\n|t:|1661241891\n|move|p1a: landorustherian|Earthquake|p2a: Skarmory\n|-immune|p2a: Skarmory\n|move|p2a: Skarmory|Spikes|p1a: landorustherian\n|-sidestart|p1: minimax_ai|Spikes\n|\n|upkeep\n|turn|72\n|\n|t:|1661241893\n|move|p1a: landorustherian|Earthquake|p2a: Skarmory\n|-immune|p2a: Skarmory\n|move|p2a: Skarmory|Roar|p1a: landorustherian\n|drag|p1a: Weavile|Weavile, M|52\/100\n|-damage|p1a: Weavile|40\/100|[from] Spikes\n|-ability|p1a: Weavile|Pressure\n|\n|upkeep\n|turn|73\n|\n|t:|1661241896\n|switch|p1a: landorustherian|Landorus-Therian, M|100\/100\n|-ability|p1a: landorustherian|Intimidate|boost\n|-unboost|p2a: Skarmory|atk|1\n|move|p2a: Skarmory|Body Press|p1a: landorustherian\n|-resisted|p1a: landorustherian\n|-damage|p1a: landorustherian|84\/100\n|\n|-heal|p1a: landorustherian|91\/100|[from] item: Leftovers\n|upkeep\n|turn|74\n|\n|t:|1661241898\n|move|p1a: landorustherian|Earthquake|p2a: Skarmory\n|-immune|p2a: Skarmory\n|move|p2a: Skarmory|Spikes|p1a: landorustherian\n|-sidestart|p1: minimax_ai|Spikes\n|\n|-heal|p1a: landorustherian|97\/100|[from] item: Leftovers\n|upkeep\n|turn|75\n|\n|t:|1661241900\n|move|p1a: landorustherian|Defog|p2a: Skarmory\n|-unboost|p2a: Skarmory|evasion|1\n|-sideend|p1: minimax_ai|Spikes|[from] move: Defog|[of] p1a: landorustherian\n|move|p2a: Skarmory|Roar|p1a: landorustherian\n|drag|p1a: Weavile|Weavile, M|40\/100\n|-ability|p1a: Weavile|Pressure\n|\n|upkeep\n|turn|76\n|\n|t:|1661241902\n|switch|p1a: Tangrowth|Tangrowth, M|100\/100\n|move|p2a: Skarmory|Body Press|p1a: Tangrowth\n|-damage|p1a: Tangrowth|83\/100\n|-damage|p2a: Skarmory|81\/100|[from] item: Rocky Helmet|[of] p1a: Tangrowth\n|\n|upkeep\n|turn|77\n|\n|t:|1661241913\n|switch|p2a: Tornadus|Tornadus-Therian, M|100\/100\n|move|p1a: Tangrowth|Giga Drain|p2a: Tornadus\n|-resisted|p2a: Tornadus\n|-damage|p2a: Tornadus|86\/100\n|-heal|p1a: Tangrowth|90\/100|[from] drain|[of] p2a: Tornadus\n|\n|upkeep\n|turn|78\n|\n|t:|1661241918\n|switch|p1a: Melmetal|Melmetal|37\/100\n|move|p2a: Tornadus|Knock Off|p1a: Melmetal\n|-damage|p1a: Melmetal|25\/100\n|-enditem|p1a: Melmetal|Assault Vest|[from] move: Knock Off|[of] p2a: Tornadus\n|\n|upkeep\n|turn|79\n|\n|t:|1661241920\n|move|p2a: Tornadus|Heat Wave|p1a: Melmetal\n|-supereffective|p1a: Melmetal\n|-damage|p1a: Melmetal|0 fnt\n|faint|p1a: Melmetal\n|\n|upkeep\n|\n|t:|1661241920\n|switch|p1a: Weavile|Weavile, M|40\/100\n|-ability|p1a: Weavile|Pressure\n|turn|80\n|\n|t:|1661241925\n|switch|p2a: Toxapex|Toxapex, F|80\/100\n|move|p1a: Weavile|Triple Axel|p2a: Toxapex\n|-resisted|p2a: Toxapex\n|-damage|p2a: Toxapex|76\/100\n|-resisted|p2a: Toxapex\n|-damage|p2a: Toxapex|67\/100\n|-resisted|p2a: Toxapex\n|-damage|p2a: Toxapex|52\/100\n|-hitcount|p2a: Toxapex|3\n|\n|upkeep\n|turn|81\n|\n|t:|1661241928\n|switch|p1a: Tangrowth|Tangrowth, M|100\/100\n|move|p2a: Toxapex|Recover|p2a: Toxapex\n|-heal|p2a: Toxapex|100\/100\n|\n|upkeep\n|turn|82\n|\n|t:|1661241933\n|switch|p2a: Blissey|Blissey, F|60\/100\n|move|p1a: Tangrowth|Sleep Powder|p2a: Blissey\n|-status|p2a: Blissey|slp|[from] move: Sleep Powder\n|\n|upkeep\n|turn|83\n|\n|t:|1661241936\n|-curestatus|p2a: Blissey|slp|[from] ability: Natural Cure\n|switch|p2a: Tornadus|Tornadus-Therian, M|100\/100\n|move|p1a: Tangrowth|Sleep Powder|p2a: Tornadus\n|-status|p2a: Tornadus|slp|[from] move: Sleep Powder\n|\n|upkeep\n|turn|84\n|\n|t:|1661241938\n|cant|p2a: Tornadus|slp\n|move|p1a: Tangrowth|Sleep Powder|p2a: Tornadus\n|-fail|p2a: Tornadus|slp\n|\n|upkeep\n|turn|85\n|\n|t:|1661241940\n|cant|p2a: Tornadus|slp\n|move|p1a: Tangrowth|Sleep Powder|p2a: Tornadus\n|-fail|p2a: Tornadus|slp\n|\n|upkeep\n|turn|86\n|\n|t:|1661241942\n|cant|p2a: Tornadus|slp\n|move|p1a: Tangrowth|Sleep Powder|p2a: Tornadus\n|-fail|p2a: Tornadus|slp\n|\n|upkeep\n|turn|87\n|c|\u2606kokoukohiro|\u7d20\u8d28\n|\n|t:|1661241956\n|-curestatus|p2a: Tornadus|slp|[msg]\n|move|p2a: Tornadus|U-turn|p1a: Tangrowth\n|-supereffective|p1a: Tangrowth\n|-damage|p1a: Tangrowth|85\/100\n|-damage|p2a: Tornadus|84\/100|[from] item: Rocky Helmet|[of] p1a: Tangrowth\n|\n|t:|1661241965\n|switch|p2a: Toxapex|Toxapex, F|100\/100|[from]move: U-turn\n|move|p1a: Tangrowth|Sleep Powder|p2a: Toxapex\n|-status|p2a: Toxapex|slp|[from] move: Sleep Powder\n|\n|upkeep\n|turn|88\n|\n|t:|1661241973\n|switch|p2a: Skarmory|Skarmory, M|81\/100\n|move|p1a: Tangrowth|Knock Off|p2a: Skarmory\n|-damage|p2a: Skarmory|68\/100\n|-enditem|p2a: Skarmory|Shed Shell|[from] move: Knock Off|[of] p1a: Tangrowth\n|\n|upkeep\n|turn|89\n|\n|t:|1661241975\n|move|p2a: Skarmory|Spikes|p1a: Tangrowth\n|-sidestart|p1: minimax_ai|Spikes\n|move|p1a: Tangrowth|Focus Blast|p2a: Skarmory|[miss]\n|-miss|p1a: Tangrowth|p2a: Skarmory\n|\n|upkeep\n|turn|90\n|\n|t:|1661241977\n|switch|p1a: landorustherian|Landorus-Therian, M|97\/100\n|-ability|p1a: landorustherian|Intimidate|boost\n|-unboost|p2a: Skarmory|atk|1\n|move|p2a: Skarmory|Spikes|p1a: landorustherian\n|-sidestart|p1: minimax_ai|Spikes\n|\n|-heal|p1a: landorustherian|100\/100|[from] item: Leftovers\n|upkeep\n|turn|91\n|\n|t:|1661241981\n|move|p1a: landorustherian|Defog|p2a: Skarmory\n|-unboost|p2a: Skarmory|evasion|1\n|-sideend|p1: minimax_ai|Spikes|[from] move: Defog|[of] p1a: landorustherian\n|move|p2a: Skarmory|Roar|p1a: landorustherian\n|drag|p1a: Weavile|Weavile, M|40\/100\n|-ability|p1a: Weavile|Pressure\n|\n|upkeep\n|turn|92\n|\n|t:|1661241984\n|switch|p1a: Tangrowth|Tangrowth, M|100\/100\n|move|p2a: Skarmory|Roost|p2a: Skarmory\n|-heal|p2a: Skarmory|100\/100\n|-singleturn|p2a: Skarmory|move: Roost\n|\n|upkeep\n|turn|93\n|\n|t:|1661241987\n|move|p2a: Skarmory|Spikes|p1a: Tangrowth\n|-sidestart|p1: minimax_ai|Spikes\n|move|p1a: Tangrowth|Knock Off|p2a: Skarmory\n|-damage|p2a: Skarmory|92\/100\n|\n|upkeep\n|turn|94\n|\n|t:|1661241989\n|switch|p1a: landorustherian|Landorus-Therian, M|100\/100\n|-ability|p1a: landorustherian|Intimidate|boost\n|-unboost|p2a: Skarmory|atk|1\n|move|p2a: Skarmory|Spikes|p1a: landorustherian\n|-sidestart|p1: minimax_ai|Spikes\n|\n|upkeep\n|turn|95\n|\n|t:|1661241992\n|move|p1a: landorustherian|Defog|p2a: Skarmory\n|-unboost|p2a: Skarmory|evasion|1\n|-sideend|p1: minimax_ai|Spikes|[from] move: Defog|[of] p1a: landorustherian\n|move|p2a: Skarmory|Roar|p1a: landorustherian\n|drag|p1a: Tangrowth|Tangrowth, M|100\/100\n|\n|upkeep\n|turn|96\n|\n|t:|1661241995\n|move|p2a: Skarmory|Spikes|p1a: Tangrowth\n|-sidestart|p1: minimax_ai|Spikes\n|move|p1a: Tangrowth|Knock Off|p2a: Skarmory\n|-damage|p2a: Skarmory|84\/100\n|\n|upkeep\n|turn|97\n|\n|t:|1661241996\n|switch|p1a: landorustherian|Landorus-Therian, M|100\/100\n|-ability|p1a: landorustherian|Intimidate|boost\n|-unboost|p2a: Skarmory|atk|1\n|move|p2a: Skarmory|Roar|p1a: landorustherian\n|drag|p1a: Tangrowth|Tangrowth, M|100\/100\n|-damage|p1a: Tangrowth|88\/100|[from] Spikes\n|\n|upkeep\n|turn|98\n|\n|t:|1661241998\n|switch|p1a: landorustherian|Landorus-Therian, M|100\/100\n|-ability|p1a: landorustherian|Intimidate|boost\n|-unboost|p2a: Skarmory|atk|1\n|move|p2a: Skarmory|Spikes|p1a: landorustherian\n|-sidestart|p1: minimax_ai|Spikes\n|\n|upkeep\n|turn|99\n|\n|t:|1661242000\n|move|p1a: landorustherian|Defog|p2a: Skarmory\n|-unboost|p2a: Skarmory|evasion|1\n|-sideend|p1: minimax_ai|Spikes|[from] move: Defog|[of] p1a: landorustherian\n|move|p2a: Skarmory|Roar|p1a: landorustherian\n|drag|p1a: Tangrowth|Tangrowth, M|100\/100\n|\n|upkeep\n|turn|100\n|\n|t:|1661242006\n|move|p2a: Skarmory|Spikes|p1a: Tangrowth\n|-sidestart|p1: minimax_ai|Spikes\n|move|p1a: Tangrowth|Knock Off|p2a: Skarmory\n|-damage|p2a: Skarmory|75\/100\n|\n|upkeep\n|turn|101\n|\n|t:|1661242008\n|switch|p1a: landorustherian|Landorus-Therian, M|100\/100\n|-ability|p1a: landorustherian|Intimidate|boost\n|-unboost|p2a: Skarmory|atk|1\n|move|p2a: Skarmory|Roar|p1a: landorustherian\n|drag|p1a: Tangrowth|Tangrowth, M|100\/100\n|-damage|p1a: Tangrowth|88\/100|[from] Spikes\n|\n|upkeep\n|turn|102\n|\n|t:|1661242016\n|switch|p2a: Tornadus|Tornadus-Therian, M|100\/100\n|switch|p1a: landorustherian|Landorus-Therian, M|100\/100\n|-ability|p1a: landorustherian|Intimidate|boost\n|-unboost|p2a: Tornadus|atk|1\n|\n|upkeep\n|turn|103\n|\n|t:|1661242018\n|move|p2a: Tornadus|U-turn|p1a: landorustherian\n|-resisted|p1a: landorustherian\n|-damage|p1a: landorustherian|96\/100\n|\n|t:|1661242021\n|switch|p2a: Skarmory|Skarmory, M|75\/100|[from]move: U-turn\n|move|p1a: landorustherian|Defog|p2a: Skarmory\n|-unboost|p2a: Skarmory|evasion|1\n|-sideend|p1: minimax_ai|Spikes|[from] move: Defog|[of] p1a: landorustherian\n|\n|-heal|p1a: landorustherian|100\/100|[from] item: Leftovers\n|upkeep\n|turn|104\n|\n|t:|1661242023\n|move|p1a: landorustherian|U-turn|p2a: Skarmory\n|-resisted|p2a: Skarmory\n|-crit|p2a: Skarmory\n|-damage|p2a: Skarmory|70\/100\n|\n|t:|1661242023\n|switch|p1a: Tangrowth|Tangrowth, M|100\/100|[from]move: U-turn\n|move|p2a: Skarmory|Spikes|p1a: Tangrowth\n|-sidestart|p1: minimax_ai|Spikes\n|\n|upkeep\n|turn|105\n|\n|t:|1661242026\n|switch|p2a: Tornadus|Tornadus-Therian, M|100\/100\n|switch|p1a: landorustherian|Landorus-Therian, M|100\/100\n|-ability|p1a: landorustherian|Intimidate|boost\n|-unboost|p2a: Tornadus|atk|1\n|\n|upkeep\n|turn|106\n|\n|t:|1661242029\n|move|p2a: Tornadus|U-turn|p1a: landorustherian\n|-resisted|p1a: landorustherian\n|-damage|p1a: landorustherian|96\/100\n|\n|t:|1661242031\n|switch|p2a: Skarmory|Skarmory, M|70\/100|[from]move: U-turn\n|move|p1a: landorustherian|Defog|p2a: Skarmory\n|-unboost|p2a: Skarmory|evasion|1\n|-sideend|p1: minimax_ai|Spikes|[from] move: Defog|[of] p1a: landorustherian\n|\n|-heal|p1a: landorustherian|100\/100|[from] item: Leftovers\n|upkeep\n|turn|107\n|\n|t:|1661242034\n|move|p1a: landorustherian|U-turn|p2a: Skarmory\n|-resisted|p2a: Skarmory\n|-damage|p2a: Skarmory|67\/100\n|\n|t:|1661242034\n|switch|p1a: Tangrowth|Tangrowth, M|100\/100|[from]move: U-turn\n|move|p2a: Skarmory|Spikes|p1a: Tangrowth\n|-sidestart|p1: minimax_ai|Spikes\n|\n|upkeep\n|turn|108\n|\n|t:|1661242038\n|move|p2a: Skarmory|Roost|p2a: Skarmory\n|-heal|p2a: Skarmory|100\/100\n|-singleturn|p2a: Skarmory|move: Roost\n|move|p1a: Tangrowth|Focus Blast|p2a: Skarmory\n|-supereffective|p2a: Skarmory\n|-damage|p2a: Skarmory|23\/100\n|\n|upkeep\n|turn|109\n|\n|t:|1661242042\n|move|p2a: Skarmory|Roost|p2a: Skarmory\n|-heal|p2a: Skarmory|73\/100\n|-singleturn|p2a: Skarmory|move: Roost\n|move|p1a: Tangrowth|Focus Blast|p2a: Skarmory\n|-supereffective|p2a: Skarmory\n|-damage|p2a: Skarmory|0 fnt\n|faint|p2a: Skarmory\n|\n|upkeep\n|\n|t:|1661242047\n|switch|p2a: Tornadus|Tornadus-Therian, M|100\/100\n|turn|110\n|\n|t:|1661242048\n|switch|p1a: landorustherian|Landorus-Therian, M|100\/100\n|-ability|p1a: landorustherian|Intimidate|boost\n|-unboost|p2a: Tornadus|atk|1\n|move|p2a: Tornadus|Heat Wave|p1a: landorustherian\n|-damage|p1a: landorustherian|81\/100\n|\n|-heal|p1a: landorustherian|87\/100|[from] item: Leftovers\n|upkeep\n|turn|111\n|\n|t:|1661242051\n|move|p2a: Tornadus|Knock Off|p1a: landorustherian\n|-damage|p1a: landorustherian|74\/100\n|-enditem|p1a: landorustherian|Leftovers|[from] move: Knock Off|[of] p2a: Tornadus\n|move|p1a: landorustherian|Defog|p2a: Tornadus\n|-unboost|p2a: Tornadus|evasion|1\n|-sideend|p1: minimax_ai|Spikes|[from] move: Defog|[of] p1a: landorustherian\n|\n|upkeep\n|turn|112\n|\n|t:|1661242054\n|move|p2a: Tornadus|Heat Wave|p1a: landorustherian\n|-damage|p1a: landorustherian|56\/100\n|move|p1a: landorustherian|U-turn|p2a: Tornadus\n|-resisted|p2a: Tornadus\n|-damage|p2a: Tornadus|89\/100\n|\n|t:|1661242054\n|switch|p1a: Weavile|Weavile, M|40\/100|[from]move: U-turn\n|-ability|p1a: Weavile|Pressure\n|\n|upkeep\n|turn|113\n|\n|t:|1661242059\n|switch|p2a: Quagsire|Quagsire, F|95\/100\n|move|p1a: Weavile|Triple Axel|p2a: Quagsire\n|-damage|p2a: Quagsire|84\/100\n|-damage|p2a: Quagsire|63\/100\n|-hitcount|p2a: Quagsire|2\n|\n|upkeep\n|turn|114\n|\n|t:|1661242062\n|switch|p1a: Tangrowth|Tangrowth, M|100\/100\n|move|p2a: Quagsire|Recover|p2a: Quagsire\n|-heal|p2a: Quagsire|100\/100\n|\n|upkeep\n|turn|115\n|\n|t:|1661242069\n|switch|p2a: Tornadus|Tornadus-Therian, M|100\/100\n|move|p1a: Tangrowth|Focus Blast|p2a: Tornadus|[miss]\n|-miss|p1a: Tangrowth|p2a: Tornadus\n|\n|upkeep\n|turn|116\n|\n|t:|1661242071\n|switch|p1a: landorustherian|Landorus-Therian, M|56\/100\n|-ability|p1a: landorustherian|Intimidate|boost\n|-unboost|p2a: Tornadus|atk|1\n|move|p2a: Tornadus|Heat Wave|p1a: landorustherian\n|-damage|p1a: landorustherian|40\/100\n|\n|upkeep\n|turn|117\n|\n|t:|1661242073\n|move|p2a: Tornadus|U-turn|p1a: landorustherian\n|-resisted|p1a: landorustherian\n|-damage|p1a: landorustherian|36\/100\n|\n|t:|1661242079\n|switch|p2a: Quagsire|Quagsire, F|100\/100|[from]move: U-turn\n|move|p1a: landorustherian|U-turn|p2a: Quagsire\n|-damage|p2a: Quagsire|85\/100\n|\n|t:|1661242079\n|switch|p1a: Tangrowth|Tangrowth, M|100\/100|[from]move: U-turn\n|\n|upkeep\n|turn|118\n|\n|t:|1661242083\n|switch|p2a: Tornadus|Tornadus-Therian, M|100\/100\n|move|p1a: Tangrowth|Focus Blast|p2a: Tornadus\n|-resisted|p2a: Tornadus\n|-damage|p2a: Tornadus|84\/100\n|\n|upkeep\n|turn|119\n|\n|t:|1661242086\n|move|p2a: Tornadus|Heat Wave|p1a: Tangrowth\n|-supereffective|p1a: Tangrowth\n|-damage|p1a: Tangrowth|32\/100\n|move|p1a: Tangrowth|Giga Drain|p2a: Tornadus\n|-resisted|p2a: Tornadus\n|-damage|p2a: Tornadus|69\/100\n|-heal|p1a: Tangrowth|39\/100|[from] drain|[of] p2a: Tornadus\n|\n|upkeep\n|turn|120\n|\n|t:|1661242088\n|switch|p1a: landorustherian|Landorus-Therian, M|36\/100\n|-ability|p1a: landorustherian|Intimidate|boost\n|-unboost|p2a: Tornadus|atk|1\n|move|p2a: Tornadus|Heat Wave|p1a: landorustherian\n|-damage|p1a: landorustherian|19\/100\n|\n|upkeep\n|turn|121\n|\n|t:|1661242092\n|move|p2a: Tornadus|U-turn|p1a: landorustherian\n|-resisted|p1a: landorustherian\n|-damage|p1a: landorustherian|14\/100\n|\n|t:|1661242095\n|switch|p2a: Quagsire|Quagsire, F|85\/100|[from]move: U-turn\n|move|p1a: landorustherian|U-turn|p2a: Quagsire\n|-damage|p2a: Quagsire|70\/100\n|\n|t:|1661242095\n|switch|p1a: Tangrowth|Tangrowth, M|73\/100|[from]move: U-turn\n|\n|upkeep\n|turn|122\n|\n|t:|1661242098\n|switch|p2a: Tornadus|Tornadus-Therian, M|100\/100\n|move|p1a: Tangrowth|Knock Off|p2a: Tornadus\n|-damage|p2a: Tornadus|75\/100\n|-enditem|p2a: Tornadus|Heavy-Duty Boots|[from] move: Knock Off|[of] p1a: Tangrowth\n|\n|upkeep\n|turn|123\n|\n|t:|1661242100\n|switch|p1a: landorustherian|Landorus-Therian, M|14\/100\n|-ability|p1a: landorustherian|Intimidate|boost\n|-unboost|p2a: Tornadus|atk|1\n|move|p2a: Tornadus|Heat Wave|p1a: landorustherian\n|-damage|p1a: landorustherian|0 fnt\n|faint|p1a: landorustherian\n|\n|upkeep\n|\n|t:|1661242100\n|switch|p1a: Weavile|Weavile, M|40\/100\n|-ability|p1a: Weavile|Pressure\n|turn|124\n|\n|t:|1661242104\n|switch|p2a: Toxapex|Toxapex, F|100\/100 slp\n|move|p1a: Weavile|Triple Axel|p2a: Toxapex\n|-resisted|p2a: Toxapex\n|-damage|p2a: Toxapex|96\/100 slp\n|-resisted|p2a: Toxapex\n|-damage|p2a: Toxapex|87\/100 slp\n|-resisted|p2a: Toxapex\n|-damage|p2a: Toxapex|75\/100 slp\n|-hitcount|p2a: Toxapex|3\n|\n|upkeep\n|turn|125\n|\n|t:|1661242107\n|move|p1a: Weavile|Triple Axel|p2a: Toxapex\n|-resisted|p2a: Toxapex\n|-damage|p2a: Toxapex|70\/100 slp\n|-resisted|p2a: Toxapex\n|-crit|p2a: Toxapex\n|-damage|p2a: Toxapex|56\/100 slp\n|-resisted|p2a: Toxapex\n|-damage|p2a: Toxapex|43\/100 slp\n|-hitcount|p2a: Toxapex|3\n|cant|p2a: Toxapex|slp\n|\n|upkeep\n|turn|126\n|\n|t:|1661242110\n|switch|p2a: Tornadus|Tornadus-Therian, M|100\/100\n|move|p1a: Weavile|Triple Axel|p2a: Tornadus\n|-supereffective|p2a: Tornadus\n|-damage|p2a: Tornadus|67\/100\n|-supereffective|p2a: Tornadus\n|-damage|p2a: Tornadus|3\/100\n|-supereffective|p2a: Tornadus\n|-damage|p2a: Tornadus|0 fnt\n|faint|p2a: Tornadus\n|-hitcount|p2: Tornadus|3\n|\n|upkeep\n|\n|t:|1661242114\n|switch|p2a: Quagsire|Quagsire, F|70\/100\n|turn|127\n|\n|t:|1661242115\n|switch|p1a: Tangrowth|Tangrowth, M|100\/100\n|move|p2a: Quagsire|Recover|p2a: Quagsire\n|-heal|p2a: Quagsire|100\/100\n|\n|upkeep\n|turn|128\n|\n|t:|1661242120\n|switch|p2a: Toxapex|Toxapex, F|76\/100 slp\n|move|p1a: Tangrowth|Focus Blast|p2a: Toxapex\n|-resisted|p2a: Toxapex\n|-damage|p2a: Toxapex|65\/100 slp\n|\n|upkeep\n|turn|129\n|\n|t:|1661242123\n|move|p1a: Tangrowth|Focus Blast|p2a: Toxapex\n|-resisted|p2a: Toxapex\n|-damage|p2a: Toxapex|52\/100 slp\n|cant|p2a: Toxapex|slp\n|\n|upkeep\n|turn|130\n|\n|t:|1661242125\n|move|p1a: Tangrowth|Focus Blast|p2a: Toxapex|[miss]\n|-miss|p1a: Tangrowth|p2a: Toxapex\n|cant|p2a: Toxapex|slp\n|\n|upkeep\n|turn|131\n|\n|t:|1661242127\n|move|p1a: Tangrowth|Knock Off|p2a: Toxapex\n|-damage|p2a: Toxapex|42\/100 slp\n|-curestatus|p2a: Toxapex|slp|[msg]\n|move|p2a: Toxapex|Recover|p2a: Toxapex\n|-heal|p2a: Toxapex|92\/100\n|\n|upkeep\n|turn|132\n|\n|t:|1661242130\n|move|p1a: Tangrowth|Sleep Powder|p2a: Toxapex\n|-status|p2a: Toxapex|slp|[from] move: Sleep Powder\n|cant|p2a: Toxapex|slp\n|\n|upkeep\n|turn|133\n|\n|t:|1661242142\n|move|p1a: Tangrowth|Knock Off|p2a: Toxapex\n|-damage|p2a: Toxapex|83\/100 slp\n|cant|p2a: Toxapex|slp\n|\n|upkeep\n|turn|134\n|\n|t:|1661242144\n|move|p1a: Tangrowth|Knock Off|p2a: Toxapex\n|-damage|p2a: Toxapex|74\/100 slp\n|-curestatus|p2a: Toxapex|slp|[msg]\n|move|p2a: Toxapex|Toxic Spikes|p1a: Tangrowth\n|-sidestart|p1: minimax_ai|move: Toxic Spikes\n|\n|upkeep\n|turn|135\n|\n|t:|1661242146\n|switch|p2a: Jirachi|Jirachi|61\/100\n|move|p1a: Tangrowth|Sleep Powder|p2a: Jirachi\n|-status|p2a: Jirachi|slp|[from] move: Sleep Powder\n|\n|upkeep\n|turn|136\n|\n|t:|1661242148\n|switch|p2a: Toxapex|Toxapex, F|100\/100\n|move|p1a: Tangrowth|Knock Off|p2a: Toxapex\n|-damage|p2a: Toxapex|91\/100\n|\n|upkeep\n|turn|137\n|\n|t:|1661242150\n|move|p1a: Tangrowth|Knock Off|p2a: Toxapex\n|-damage|p2a: Toxapex|82\/100\n|move|p2a: Toxapex|Toxic Spikes|p1a: Tangrowth\n|-sidestart|p1: minimax_ai|move: Toxic Spikes\n|\n|upkeep\n|turn|138\n|\n|t:|1661242152\n|move|p1a: Tangrowth|Knock Off|p2a: Toxapex\n|-damage|p2a: Toxapex|72\/100\n|move|p2a: Toxapex|Scald|p1a: Tangrowth\n|-resisted|p1a: Tangrowth\n|-damage|p1a: Tangrowth|89\/100\n|\n|upkeep\n|turn|139\n|\n|t:|1661242154\n|move|p1a: Tangrowth|Giga Drain|p2a: Toxapex\n|-damage|p2a: Toxapex|47\/100\n|-heal|p1a: Tangrowth|98\/100|[from] drain|[of] p2a: Toxapex\n|move|p2a: Toxapex|Scald|p1a: Tangrowth\n|-resisted|p1a: Tangrowth\n|-damage|p1a: Tangrowth|86\/100\n|\n|upkeep\n|turn|140\n|\n|t:|1661242156\n|move|p1a: Tangrowth|Giga Drain|p2a: Toxapex\n|-damage|p2a: Toxapex|25\/100\n|-heal|p1a: Tangrowth|94\/100|[from] drain|[of] p2a: Toxapex\n|move|p2a: Toxapex|Recover|p2a: Toxapex\n|-heal|p2a: Toxapex|75\/100\n|\n|upkeep\n|turn|141\n|\n|t:|1661242158\n|move|p1a: Tangrowth|Giga Drain|p2a: Toxapex\n|-damage|p2a: Toxapex|50\/100\n|-heal|p1a: Tangrowth|100\/100|[from] drain|[of] p2a: Toxapex\n|move|p2a: Toxapex|Scald|p1a: Tangrowth\n|-resisted|p1a: Tangrowth\n|-damage|p1a: Tangrowth|89\/100\n|-status|p1a: Tangrowth|brn\n|\n|-damage|p1a: Tangrowth|83\/100 brn|[from] brn\n|upkeep\n|turn|142\n|\n|t:|1661242160\n|move|p1a: Tangrowth|Giga Drain|p2a: Toxapex\n|-damage|p2a: Toxapex|27\/100\n|-heal|p1a: Tangrowth|92\/100 brn|[from] drain|[of] p2a: Toxapex\n|move|p2a: Toxapex|Scald|p1a: Tangrowth\n|-resisted|p1a: Tangrowth\n|-damage|p1a: Tangrowth|78\/100 brn\n|\n|-damage|p1a: Tangrowth|72\/100 brn|[from] brn\n|upkeep\n|turn|143\n|\n|t:|1661242162\n|move|p1a: Tangrowth|Giga Drain|p2a: Toxapex\n|-damage|p2a: Toxapex|4\/100\n|-heal|p1a: Tangrowth|81\/100 brn|[from] drain|[of] p2a: Toxapex\n|move|p2a: Toxapex|Recover|p2a: Toxapex\n|-heal|p2a: Toxapex|54\/100\n|\n|-damage|p1a: Tangrowth|75\/100 brn|[from] brn\n|upkeep\n|turn|144\n|\n|t:|1661242163\n|move|p1a: Tangrowth|Giga Drain|p2a: Toxapex\n|-damage|p2a: Toxapex|31\/100\n|-heal|p1a: Tangrowth|83\/100 brn|[from] drain|[of] p2a: Toxapex\n|move|p2a: Toxapex|Recover|p2a: Toxapex\n|-heal|p2a: Toxapex|81\/100\n|\n|-damage|p1a: Tangrowth|77\/100 brn|[from] brn\n|upkeep\n|turn|145\n|\n|t:|1661242173\n|switch|p2a: Blissey|Blissey, F|60\/100\n|move|p1a: Tangrowth|Giga Drain|p2a: Blissey\n|-damage|p2a: Blissey|52\/100\n|-heal|p1a: Tangrowth|84\/100 brn|[from] drain|[of] p2a: Blissey\n|\n|-damage|p1a: Tangrowth|78\/100 brn|[from] brn\n|upkeep\n|turn|146\n|\n|t:|1661242175\n|move|p2a: Blissey|Soft-Boiled|p2a: Blissey\n|-heal|p2a: Blissey|100\/100\n|move|p1a: Tangrowth|Giga Drain|p2a: Blissey\n|-damage|p2a: Blissey|93\/100\n|-heal|p1a: Tangrowth|85\/100 brn|[from] drain|[of] p2a: Blissey\n|\n|-damage|p1a: Tangrowth|78\/100 brn|[from] brn\n|upkeep\n|turn|147\n|\n|t:|1661242177\n|move|p2a: Blissey|Seismic Toss|p1a: Tangrowth\n|-damage|p1a: Tangrowth|54\/100 brn\n|-damage|p2a: Blissey|76\/100|[from] item: Rocky Helmet|[of] p1a: Tangrowth\n|move|p1a: Tangrowth|Giga Drain|p2a: Blissey\n|-damage|p2a: Blissey|69\/100\n|-heal|p1a: Tangrowth|60\/100 brn|[from] drain|[of] p2a: Blissey\n|\n|-damage|p1a: Tangrowth|54\/100 brn|[from] brn\n|upkeep\n|turn|148\n|\n|t:|1661242179\n|move|p2a: Blissey|Seismic Toss|p1a: Tangrowth\n|-damage|p1a: Tangrowth|29\/100 brn\n|-damage|p2a: Blissey|52\/100|[from] item: Rocky Helmet|[of] p1a: Tangrowth\n|move|p1a: Tangrowth|Giga Drain|p2a: Blissey\n|-damage|p2a: Blissey|44\/100\n|-heal|p1a: Tangrowth|36\/100 brn|[from] drain|[of] p2a: Blissey\n|\n|-damage|p1a: Tangrowth|30\/100 brn|[from] brn\n|upkeep\n|turn|149\n|\n|t:|1661242180\n|switch|p1a: Weavile|Weavile, M|40\/100\n|-status|p1a: Weavile|tox\n|-ability|p1a: Weavile|Pressure\n|move|p2a: Blissey|Seismic Toss|p1a: Weavile\n|-damage|p1a: Weavile|4\/100 tox\n|\n|-damage|p1a: Weavile|0 fnt|[from] psn\n|faint|p1a: Weavile\n|upkeep\n|\n|t:|1661242180\n|switch|p1a: Tangrowth|Tangrowth, M|63\/100 brn\n|turn|150\n|\n|t:|1661242185\n|move|p2a: Blissey|Soft-Boiled|p2a: Blissey\n|-heal|p2a: Blissey|94\/100\n|move|p1a: Tangrowth|Sleep Powder|p2a: Blissey|[miss]\n|-miss|p1a: Tangrowth|p2a: Blissey\n|\n|-damage|p1a: Tangrowth|57\/100 brn|[from] brn\n|upkeep\n|turn|151\n|\n|t:|1661242186\n|move|p2a: Blissey|Seismic Toss|p1a: Tangrowth\n|-damage|p1a: Tangrowth|32\/100 brn\n|-damage|p2a: Blissey|78\/100|[from] item: Rocky Helmet|[of] p1a: Tangrowth\n|move|p1a: Tangrowth|Knock Off|p2a: Blissey\n|-damage|p2a: Blissey|55\/100\n|-enditem|p2a: Blissey|Heavy-Duty Boots|[from] move: Knock Off|[of] p1a: Tangrowth\n|\n|-damage|p1a: Tangrowth|26\/100 brn|[from] brn\n|upkeep\n|turn|152\n|\n|t:|1661242188\n|move|p2a: Blissey|Seismic Toss|p1a: Tangrowth\n|-damage|p1a: Tangrowth|1\/100 brn\n|-damage|p2a: Blissey|38\/100|[from] item: Rocky Helmet|[of] p1a: Tangrowth\n|move|p1a: Tangrowth|Knock Off|p2a: Blissey\n|-crit|p2a: Blissey\n|-damage|p2a: Blissey|15\/100\n|\n|-damage|p1a: Tangrowth|0 fnt|[from] brn\n|faint|p1a: Tangrowth\n|\n|win|kokoukohiro\n|upkeep\n|raw|minimax_ai's rating: 1493 &rarr; <strong>1472<\/strong><br \/>(-21 for losing)\n|raw|kokoukohiro's rating: 1470 &rarr; <strong>1491<\/strong><br \/>(+21 for winning)\n|c|\u2606minimax_ai|gg\n|l|\u2606minimax_ai\n","uploadtime":1661242189,"views":6,"p1id":"minimaxai","p2id":"kokoukohiro","formatid":"gen8ou","rating":1472,"private":0,"password":null}