{"id":"gen8nationaldex-1588185332","p1":"Speectrum","p2":"fishy8995","format":"gen8nationaldex","log":"|j|\u2606Speectrum\n|j|\u2606fishy8995\n|t:|1654225997\n|gametype|singles\n|player|p1|Speectrum|palmer|1519\n|player|p2|fishy8995|2|1620\n|teamsize|p1|6\n|teamsize|p2|6\n|gen|8\n|tier|[Gen 8] National Dex\n|rated|\n|rule|HP Percentage Mod: HP is shown in percentages\n|rule|Endless Battle Clause: Forcing endless battles is banned\n|rule|OHKO Clause: OHKO moves are banned\n|rule|Evasion Moves Clause: Evasion moves are banned\n|rule|Species Clause: Limit one of each Pok\u00e9mon\n|rule|Dynamax Clause: You cannot dynamax\n|rule|Sleep Clause Mod: Limit one foe put to sleep\n|clearpoke\n|poke|p1|Landorus-Therian, M|\n|poke|p1|Latios, M|\n|poke|p1|Kartana|\n|poke|p1|Heatran, M|\n|poke|p1|Toxapex, F|\n|poke|p1|Clefable, M|\n|poke|p2|Hippowdon, M|\n|poke|p2|Tyranitar, F|\n|poke|p2|Excadrill, M|\n|poke|p2|Yanmega, M|\n|poke|p2|Toxapex, F|\n|poke|p2|Dracozolt|\n|teampreview\n|\n|t:|1654226010\n|start\n|switch|p1a: Kartana|Kartana|100\/100\n|switch|p2a: Tyranitar|Tyranitar, F|100\/100\n|-weather|Sandstorm|[from] ability: Sand Stream|[of] p2a: Tyranitar\n|turn|1\n|\n|t:|1654226021\n|detailschange|p2a: Tyranitar|Tyranitar-Mega, F\n|-mega|p2a: Tyranitar|Tyranitar|Tyranitarite\n|move|p1a: Kartana|Swords Dance|p1a: Kartana\n|-boost|p1a: Kartana|atk|2\n|move|p2a: Tyranitar|Fire Punch|p1a: Kartana\n|-supereffective|p1a: Kartana\n|-damage|p1a: Kartana|0 fnt\n|faint|p1a: Kartana\n|\n|-weather|Sandstorm|[upkeep]\n|upkeep\n|\n|t:|1654226034\n|switch|p1a: Landorus|Landorus-Therian, M|100\/100\n|-ability|p1a: Landorus|Intimidate|boost\n|-unboost|p2a: Tyranitar|atk|1\n|turn|2\n|\n|t:|1654226038\n|move|p1a: Landorus|U-turn|p2a: Tyranitar\n|-supereffective|p2a: Tyranitar\n|-damage|p2a: Tyranitar|63\/100\n|\n|t:|1654226042\n|switch|p1a: Toxapex|Toxapex, F|100\/100|[from]move: U-turn\n|move|p2a: Tyranitar|Ice Punch|p1a: Toxapex\n|-resisted|p1a: Toxapex\n|-damage|p1a: Toxapex|93\/100\n|-status|p1a: Toxapex|frz\n|\n|-weather|Sandstorm|[upkeep]\n|-damage|p1a: Toxapex|87\/100 frz|[from] Sandstorm\n|-heal|p1a: Toxapex|93\/100 frz|[from] item: Black Sludge\n|upkeep\n|turn|3\n|\n|t:|1654226044\n|move|p2a: Tyranitar|Dragon Dance|p2a: Tyranitar\n|-boost|p2a: Tyranitar|atk|1\n|-boost|p2a: Tyranitar|spe|1\n|-curestatus|p1a: Toxapex|frz|[from] move: Scald\n|move|p1a: Toxapex|Scald|p2a: Tyranitar\n|-supereffective|p2a: Tyranitar\n|-damage|p2a: Tyranitar|44\/100\n|\n|-weather|Sandstorm|[upkeep]\n|-damage|p1a: Toxapex|87\/100|[from] Sandstorm\n|-heal|p1a: Toxapex|93\/100|[from] item: Black Sludge\n|upkeep\n|turn|4\n|\n|t:|1654226053\n|move|p2a: Tyranitar|Stone Edge|p1a: Toxapex\n|-damage|p1a: Toxapex|53\/100\n|move|p1a: Toxapex|Scald|p2a: Tyranitar\n|-supereffective|p2a: Tyranitar\n|-damage|p2a: Tyranitar|27\/100\n|-status|p2a: Tyranitar|brn\n|\n|-weather|Sandstorm|[upkeep]\n|-damage|p1a: Toxapex|47\/100|[from] Sandstorm\n|-heal|p1a: Toxapex|53\/100|[from] item: Black Sludge\n|-damage|p2a: Tyranitar|20\/100 brn|[from] brn\n|upkeep\n|turn|5\n|\n|t:|1654226058\n|switch|p2a: Excadrill|Excadrill, M|100\/100\n|switch|p1a: Clefable|Clefable, M|100\/100\n|\n|-weather|none\n|upkeep\n|turn|6\n|\n|t:|1654226061\n|switch|p1a: Landorus|Landorus-Therian, M|100\/100\n|-ability|p1a: Landorus|Intimidate|boost\n|-unboost|p2a: Excadrill|atk|1\n|move|p2a: Excadrill|Swords Dance|p2a: Excadrill\n|-boost|p2a: Excadrill|atk|2\n|\n|upkeep\n|turn|7\n|\n|t:|1654226065\n|move|p1a: Landorus|Earthquake|p2a: Excadrill\n|-supereffective|p2a: Excadrill\n|-damage|p2a: Excadrill|0 fnt\n|faint|p2a: Excadrill\n|\n|upkeep\n|\n|t:|1654226069\n|switch|p2a: Yanmega|Yanmega, M|100\/100\n|turn|8\n|\n|t:|1654226072\n|switch|p1a: Toxapex|Toxapex, F|86\/100\n|switch|p2a: Tyranitar|Tyranitar-Mega, F|20\/100 brn\n|-weather|Sandstorm|[from] ability: Sand Stream|[of] p2a: Tyranitar\n|\n|-weather|Sandstorm|[upkeep]\n|-damage|p1a: Toxapex|80\/100|[from] Sandstorm\n|-heal|p1a: Toxapex|86\/100|[from] item: Black Sludge\n|-damage|p2a: Tyranitar|14\/100 brn|[from] brn\n|upkeep\n|turn|9\n|\n|t:|1654226079\n|move|p2a: Tyranitar|Stone Edge|p1a: Toxapex\n|-damage|p1a: Toxapex|64\/100\n|move|p1a: Toxapex|Scald|p2a: Tyranitar\n|-supereffective|p2a: Tyranitar\n|-damage|p2a: Tyranitar|0 fnt\n|faint|p2a: Tyranitar\n|\n|-weather|Sandstorm|[upkeep]\n|-damage|p1a: Toxapex|58\/100|[from] Sandstorm\n|-heal|p1a: Toxapex|64\/100|[from] item: Black Sludge\n|upkeep\n|\n|t:|1654226084\n|switch|p2a: Dracozolt|Dracozolt|100\/100\n|turn|10\n|\n|t:|1654226087\n|switch|p1a: Latios|Latios, M|100\/100\n|move|p2a: Dracozolt|Dragon Rush|p1a: Latios\n|-supereffective|p1a: Latios\n|-damage|p1a: Latios|0 fnt\n|faint|p1a: Latios\n|-damage|p2a: Dracozolt|91\/100|[from] item: Life Orb\n|\n|-weather|Sandstorm|[upkeep]\n|upkeep\n|\n|t:|1654226090\n|switch|p1a: Landorus|Landorus-Therian, M|100\/100\n|-ability|p1a: Landorus|Intimidate|boost\n|-unboost|p2a: Dracozolt|atk|1\n|turn|11\n|\n|t:|1654226093\n|switch|p2a: Yanmega|Yanmega, M|100\/100\n|move|p1a: Landorus|U-turn|p2a: Yanmega\n|-resisted|p2a: Yanmega\n|-damage|p2a: Yanmega|84\/100\n|\n|t:|1654226095\n|switch|p1a: Heatran|Heatran, M|100\/100|[from]move: U-turn\n|\n|-weather|Sandstorm|[upkeep]\n|-damage|p2a: Yanmega|78\/100|[from] Sandstorm\n|upkeep\n|turn|12\n|\n|t:|1654226101\n|move|p2a: Yanmega|Air Slash|p1a: Heatran\n|-resisted|p1a: Heatran\n|-damage|p1a: Heatran|82\/100\n|move|p1a: Heatran|Magma Storm|p2a: Yanmega\n|-supereffective|p2a: Yanmega\n|-damage|p2a: Yanmega|0 fnt\n|faint|p2a: Yanmega\n|\n|-weather|none\n|-heal|p1a: Heatran|88\/100|[from] item: Leftovers\n|upkeep\n|\n|t:|1654226105\n|switch|p2a: Hippowdon|Hippowdon, M|100\/100\n|-weather|Sandstorm|[from] ability: Sand Stream|[of] p2a: Hippowdon\n|turn|13\n|\n|t:|1654226107\n|move|p1a: Heatran|Stealth Rock|p2a: Hippowdon\n|-sidestart|p2: fishy8995|move: Stealth Rock\n|move|p2a: Hippowdon|Stealth Rock|p1a: Heatran\n|-sidestart|p1: Speectrum|move: Stealth Rock\n|\n|-weather|Sandstorm|[upkeep]\n|-heal|p1a: Heatran|95\/100|[from] item: Leftovers\n|upkeep\n|turn|14\n|\n|t:|1654226111\n|switch|p1a: Landorus|Landorus-Therian, M|100\/100\n|-damage|p1a: Landorus|88\/100|[from] Stealth Rock\n|-ability|p1a: Landorus|Intimidate|boost\n|-unboost|p2a: Hippowdon|atk|1\n|move|p2a: Hippowdon|Whirlwind|p1a: Landorus\n|drag|p1a: Heatran|Heatran, M|95\/100\n|-damage|p1a: Heatran|82\/100|[from] Stealth Rock\n|\n|-weather|Sandstorm|[upkeep]\n|-heal|p1a: Heatran|88\/100|[from] item: Leftovers\n|upkeep\n|turn|15\n|\n|t:|1654226117\n|switch|p1a: Clefable|Clefable, M|100\/100\n|move|p2a: Hippowdon|Whirlwind|p1a: Clefable\n|drag|p1a: Toxapex|Toxapex, F|97\/100\n|-damage|p1a: Toxapex|85\/100|[from] Stealth Rock\n|\n|-weather|Sandstorm|[upkeep]\n|-damage|p1a: Toxapex|78\/100|[from] Sandstorm\n|-heal|p1a: Toxapex|85\/100|[from] item: Black Sludge\n|upkeep\n|turn|16\n|j| dauidupiodauidau\n|\n|t:|1654226126\n|move|p2a: Hippowdon|Toxic|p1a: Toxapex\n|-immune|p1a: Toxapex\n|move|p1a: Toxapex|Toxic|p2a: Hippowdon\n|-status|p2a: Hippowdon|tox\n|\n|-weather|Sandstorm|[upkeep]\n|-damage|p1a: Toxapex|78\/100|[from] Sandstorm\n|-heal|p1a: Toxapex|85\/100|[from] item: Black Sludge\n|-damage|p2a: Hippowdon|94\/100 tox|[from] psn\n|upkeep\n|turn|17\n|\n|t:|1654226129\n|switch|p2a: Dracozolt|Dracozolt|91\/100\n|-damage|p2a: Dracozolt|78\/100|[from] Stealth Rock\n|move|p1a: Toxapex|Knock Off|p2a: Dracozolt\n|-damage|p2a: Dracozolt|62\/100\n|-enditem|p2a: Dracozolt|Life Orb|[from] move: Knock Off|[of] p1a: Toxapex\n|\n|-weather|Sandstorm|[upkeep]\n|-damage|p1a: Toxapex|78\/100|[from] Sandstorm\n|-heal|p1a: Toxapex|85\/100|[from] item: Black Sludge\n|upkeep\n|turn|18\n|\n|t:|1654226134\n|switch|p1a: Landorus|Landorus-Therian, M|88\/100\n|-damage|p1a: Landorus|76\/100|[from] Stealth Rock\n|-ability|p1a: Landorus|Intimidate|boost\n|-unboost|p2a: Dracozolt|atk|1\n|move|p2a: Dracozolt|Dragon Rush|p1a: Landorus\n|-damage|p1a: Landorus|38\/100\n|\n|-weather|Sandstorm|[upkeep]\n|upkeep\n|turn|19\n|\n|t:|1654226139\n|move|p2a: Dracozolt|Bolt Beak|p1a: Landorus\n|-immune|p1a: Landorus\n|move|p1a: Landorus|Earthquake|p2a: Dracozolt\n|-supereffective|p2a: Dracozolt\n|-damage|p2a: Dracozolt|0 fnt\n|faint|p2a: Dracozolt\n|\n|-weather|Sandstorm|[upkeep]\n|upkeep\n|\n|t:|1654226141\n|switch|p2a: Toxapex|Toxapex, F|100\/100\n|-damage|p2a: Toxapex|88\/100|[from] Stealth Rock\n|turn|20\n|\n|t:|1654226144\n|move|p1a: Landorus|Earthquake|p2a: Toxapex\n|-supereffective|p2a: Toxapex\n|-damage|p2a: Toxapex|0 fnt\n|faint|p2a: Toxapex\n|\n|-weather|none\n|upkeep\n|\n|t:|1654226146\n|switch|p2a: Hippowdon|Hippowdon, M|94\/100 tox\n|-damage|p2a: Hippowdon|88\/100 tox|[from] Stealth Rock\n|-weather|Sandstorm|[from] ability: Sand Stream|[of] p2a: Hippowdon\n|turn|21\n|\n|t:|1654226147\n|move|p1a: Landorus|Earthquake|p2a: Hippowdon\n|-damage|p2a: Hippowdon|59\/100 tox\n|move|p2a: Hippowdon|Toxic|p1a: Landorus\n|-status|p1a: Landorus|tox\n|\n|-weather|Sandstorm|[upkeep]\n|-damage|p1a: Landorus|32\/100 tox|[from] psn\n|-damage|p2a: Hippowdon|53\/100 tox|[from] psn\n|upkeep\n|turn|22\n|\n|t:|1654226149\n|move|p1a: Landorus|Earthquake|p2a: Hippowdon\n|-damage|p2a: Hippowdon|26\/100 tox\n|move|p2a: Hippowdon|Slack Off|p2a: Hippowdon\n|-heal|p2a: Hippowdon|76\/100 tox\n|\n|-weather|Sandstorm|[upkeep]\n|-damage|p1a: Landorus|21\/100 tox|[from] psn\n|-damage|p2a: Hippowdon|63\/100 tox|[from] psn\n|upkeep\n|turn|23\n|j| wtmzjqf\n|\n|t:|1654226151\n|move|p1a: Landorus|Earthquake|p2a: Hippowdon\n|-damage|p2a: Hippowdon|32\/100 tox\n|move|p2a: Hippowdon|Slack Off|p2a: Hippowdon\n|-heal|p2a: Hippowdon|82\/100 tox\n|\n|-weather|Sandstorm|[upkeep]\n|-damage|p1a: Landorus|3\/100 tox|[from] psn\n|-damage|p2a: Hippowdon|63\/100 tox|[from] psn\n|upkeep\n|turn|24\n|\n|t:|1654226152\n|move|p1a: Landorus|Earthquake|p2a: Hippowdon\n|-damage|p2a: Hippowdon|34\/100 tox\n|move|p2a: Hippowdon|Slack Off|p2a: Hippowdon\n|-heal|p2a: Hippowdon|84\/100 tox\n|\n|-weather|Sandstorm|[upkeep]\n|-damage|p1a: Landorus|0 fnt|[from] psn\n|faint|p1a: Landorus\n|-damage|p2a: Hippowdon|60\/100 tox|[from] psn\n|upkeep\n|\n|t:|1654226154\n|switch|p1a: Heatran|Heatran, M|88\/100\n|-damage|p1a: Heatran|76\/100|[from] Stealth Rock\n|turn|25\n|\n|t:|1654226156\n|move|p1a: Heatran|Magma Storm|p2a: Hippowdon\n|-damage|p2a: Hippowdon|7\/100 tox\n|-activate|p2a: Hippowdon|move: Magma Storm|[of] p1a: Heatran\n|move|p2a: Hippowdon|Slack Off|p2a: Hippowdon\n|-heal|p2a: Hippowdon|57\/100 tox\n|\n|-weather|Sandstorm|[upkeep]\n|-heal|p1a: Heatran|82\/100|[from] item: Leftovers\n|-damage|p2a: Hippowdon|26\/100 tox|[from] psn\n|-damage|p2a: Hippowdon|14\/100 tox|[from] move: Magma Storm|[partiallytrapped]\n|upkeep\n|turn|26\n|\n|t:|1654226159\n|move|p1a: Heatran|Earth Power|p2a: Hippowdon\n|-damage|p2a: Hippowdon|0 fnt\n|faint|p2a: Hippowdon\n|\n|win|Speectrum\n|raw|Speectrum's rating: 1535 &rarr; <strong>1560<\/strong><br \/>(+25 for winning)\n|raw|fishy8995's rating: 1620 &rarr; <strong>1595<\/strong><br \/>(-25 for losing)\n|l|\u2606fishy8995\n|c|\u2606Speectrum|gg\n","uploadtime":1654226165,"views":10,"p1id":"speectrum","p2id":"fishy8995","formatid":"gen8nationaldex","rating":1560,"private":0,"password":null}