{"id":"gen8nationaldex-1525539598","p1":"Scywave","p2":"Hikari-miyako","format":"gen8nationaldex","log":"|html|<div class=\"broadcast-blue\"><strong>[Gen 8] National Dex is currently suspecting Dragapult! For information on how to participate check out the <a href=\"https:\/\/www.smogon.com\/forums\/threads\/national-dex-suspect-test-14-ghost-girl.3697927\/\">suspect thread<\/a>.<\/strong><\/div>\n|j|\u2606Scywave\n|j|\u2606Hikari-miyako\n|t:|1646671692\n|gametype|singles\n|player|p1|Scywave|ash|1829\n|player|p2|Hikari-miyako|ariana|1854\n|teamsize|p1|6\n|teamsize|p2|6\n|gen|8\n|tier|[Gen 8] National Dex\n|rated|\n|rule|HP Percentage Mod: HP is shown in percentages\n|rule|Endless Battle Clause: Forcing endless battles is banned\n|rule|OHKO Clause: OHKO moves are banned\n|rule|Evasion Moves Clause: Evasion moves are banned\n|rule|Species Clause: Limit one of each Pok\u00e9mon\n|rule|Dynamax Clause: You cannot dynamax\n|rule|Sleep Clause Mod: Limit one foe put to sleep\n|clearpoke\n|poke|p1|Latios, M|\n|poke|p1|Magnezone|\n|poke|p1|Weavile, F|\n|poke|p1|Tapu Fini|\n|poke|p1|Landorus-Therian, M|\n|poke|p1|Kommo-o, M|\n|poke|p2|Aegislash, M|\n|poke|p2|Diancie|\n|poke|p2|Thundurus, M|\n|poke|p2|Bisharp, F|\n|poke|p2|Serperior, F|\n|poke|p2|Dragapult, F|\n|teampreview\n|inactive|Battle timer is ON: inactive players will automatically lose when time's up. (requested by Hikari-miyako)\n|\n|t:|1646671724\n|start\n|switch|p1a: Landorus|Landorus-Therian, M|100\/100\n|switch|p2a: Bisharp|Bisharp, F|100\/100\n|-ability|p1a: Landorus|Intimidate|boost\n|-unboost|p2a: Bisharp|atk|1\n|-ability|p2a: Bisharp|Defiant\n|-boost|p2a: Bisharp|atk|2\n|turn|1\n|\n|t:|1646671733\n|move|p1a: Landorus|Earthquake|p2a: Bisharp\n|-supereffective|p2a: Bisharp\n|-crit|p2a: Bisharp\n|-enditem|p2a: Bisharp|Focus Sash\n|-damage|p2a: Bisharp|1\/100\n|move|p2a: Bisharp|Knock Off|p1a: Landorus\n|-damage|p1a: Landorus|7\/100\n|-enditem|p1a: Landorus|Choice Scarf|[from] move: Knock Off|[of] p2a: Bisharp\n|\n|upkeep\n|turn|2\n|\n|t:|1646671747\n|move|p1a: Landorus|U-turn|p2a: Bisharp\n|-damage|p2a: Bisharp|0 fnt\n|faint|p2a: Bisharp\n|\n|t:|1646671754\n|switch|p1a: Weavile|Weavile, F|100\/100|[from]move: U-turn\n|-ability|p1a: Weavile|Pressure\n|\n|upkeep\n|\n|t:|1646671757\n|switch|p2a: Diancie|Diancie|100\/100\n|turn|3\n|\n|t:|1646671762\n|switch|p1a: Landorus|Landorus-Therian, M|7\/100\n|-ability|p1a: Landorus|Intimidate|boost\n|-fail|p2a: Diancie|unboost|[from] ability: Clear Body|[of] p2a: Diancie\n|detailschange|p2a: Diancie|Diancie-Mega\n|-mega|p2a: Diancie|Diancie|Diancite\n|move|p2a: Diancie|Diamond Storm|p1a: Landorus\n|-damage|p1a: Landorus|0 fnt\n|-boost|p2a: Diancie|def|2\n|faint|p1a: Landorus\n|\n|upkeep\n|\n|t:|1646671768\n|switch|p1a: Tapu Fini|Tapu Fini|100\/100\n|-fieldstart|move: Misty Terrain|[from] ability: Misty Surge|[of] p1a: Tapu Fini\n|turn|4\n|\n|t:|1646671774\n|switch|p2a: Thundurus|Thundurus, M|100\/100\n|switch|p1a: Weavile|Weavile, F|100\/100\n|-ability|p1a: Weavile|Pressure\n|\n|upkeep\n|turn|5\n|\n|t:|1646671782\n|switch|p2a: Aegislash|Aegislash, M|100\/100\n|move|p1a: Weavile|Triple Axel|p2a: Aegislash\n|-resisted|p2a: Aegislash\n|-damage|p2a: Aegislash|94\/100\n|-resisted|p2a: Aegislash\n|-damage|p2a: Aegislash|81\/100\n|-resisted|p2a: Aegislash\n|-damage|p2a: Aegislash|64\/100\n|-hitcount|p2a: Aegislash|3\n|\n|upkeep\n|turn|6\n|\n|t:|1646671791\n|switch|p1a: Magnezone|Magnezone|100\/100\n|-formechange|p2a: Aegislash|Aegislash-Blade||[from] ability: Stance Change\n|move|p2a: Aegislash|Shadow Ball|p1a: Magnezone\n|-damage|p1a: Magnezone|38\/100\n|\n|upkeep\n|turn|7\n|\n|t:|1646671795\n|switch|p1a: Kommo-o|Kommo-o, M|100\/100\n|-formechange|p2a: Aegislash|Aegislash||[from] ability: Stance Change\n|move|p2a: Aegislash|King's Shield||[still]\n|-fail|p2a: Aegislash\n|\n|upkeep\n|turn|8\n|\n|t:|1646671809\n|switch|p2a: Diancie|Diancie-Mega|100\/100\n|move|p1a: Kommo-o|Close Combat|p2a: Diancie\n|-damage|p2a: Diancie|35\/100\n|-unboost|p1a: Kommo-o|def|1\n|-unboost|p1a: Kommo-o|spd|1\n|\n|-fieldend|Misty Terrain\n|upkeep\n|turn|9\n|\n|t:|1646671817\n|switch|p1a: Tapu Fini|Tapu Fini|100\/100\n|-fieldstart|move: Misty Terrain|[from] ability: Misty Surge|[of] p1a: Tapu Fini\n|move|p2a: Diancie|Moonblast|p1a: Tapu Fini\n|-damage|p1a: Tapu Fini|58\/100\n|\n|-heal|p1a: Tapu Fini|64\/100|[from] item: Leftovers\n|upkeep\n|turn|10\n|\n|t:|1646671822\n|move|p2a: Diancie|Diamond Storm|p1a: Tapu Fini\n|-damage|p1a: Tapu Fini|17\/100\n|-boost|p2a: Diancie|def|2\n|move|p1a: Tapu Fini|Scald|p2a: Diancie\n|-supereffective|p2a: Diancie\n|-damage|p2a: Diancie|0 fnt\n|faint|p2a: Diancie\n|\n|-heal|p1a: Tapu Fini|23\/100|[from] item: Leftovers\n|upkeep\n|\n|t:|1646671829\n|switch|p2a: Serperior|Serperior, F|100\/100\n|turn|11\n|\n|t:|1646671833\n|move|p2a: Serperior|Leaf Storm|p1a: Tapu Fini\n|-supereffective|p1a: Tapu Fini\n|-damage|p1a: Tapu Fini|0 fnt\n|-boost|p2a: Serperior|spa|2\n|faint|p1a: Tapu Fini\n|\n|upkeep\n|\n|t:|1646671838\n|switch|p1a: Latios|Latios, M|100\/100\n|turn|12\n|\n|t:|1646671842\n|switch|p2a: Aegislash|Aegislash, M|64\/100\n|detailschange|p1a: Latios|Latios-Mega, M\n|-mega|p1a: Latios|Latios|Latiosite\n|move|p1a: Latios|Ice Beam|p2a: Aegislash\n|-resisted|p2a: Aegislash\n|-damage|p2a: Aegislash|51\/100\n|\n|upkeep\n|turn|13\n|\n|t:|1646671846\n|switch|p1a: Magnezone|Magnezone|38\/100\n|-formechange|p2a: Aegislash|Aegislash-Blade||[from] ability: Stance Change\n|move|p2a: Aegislash|Shadow Ball|p1a: Magnezone\n|-damage|p1a: Magnezone|0 fnt\n|faint|p1a: Magnezone\n|\n|-fieldend|Misty Terrain\n|upkeep\n|\n|t:|1646671852\n|switch|p1a: Weavile|Weavile, F|100\/100\n|-ability|p1a: Weavile|Pressure\n|turn|14\n|\n|t:|1646671856\n|-formechange|p2a: Aegislash|Aegislash||[from] ability: Stance Change\n|move|p2a: Aegislash|King's Shield|p2a: Aegislash\n|-singleturn|p2a: Aegislash|Protect\n|move|p1a: Weavile|Knock Off|p2a: Aegislash\n|-activate|p2a: Aegislash|move: Protect\n|-unboost|p1a: Weavile|atk|1\n|\n|upkeep\n|turn|15\n|\n|t:|1646671864\n|move|p1a: Weavile|Knock Off|p2a: Aegislash\n|-supereffective|p2a: Aegislash\n|-damage|p2a: Aegislash|0 fnt\n|-enditem|p2a: Aegislash|Weakness Policy|[from] move: Knock Off|[of] p1a: Weavile\n|faint|p2a: Aegislash\n|\n|upkeep\n|\n|t:|1646671868\n|switch|p2a: Dragapult|Dragapult, F|100\/100\n|turn|16\n|\n|t:|1646671869\n|move|p2a: Dragapult|U-turn|p1a: Weavile\n|-supereffective|p1a: Weavile\n|-damage|p1a: Weavile|0 fnt\n|faint|p1a: Weavile\n|-damage|p2a: Dragapult|91\/100|[from] item: Life Orb\n|\n|t:|1646671874\n|switch|p2a: Thundurus|Thundurus, M|100\/100|[from]move: U-turn\n|\n|upkeep\n|\n|t:|1646671880\n|switch|p1a: Kommo-o|Kommo-o, M|100\/100\n|turn|17\n|\n|t:|1646671883\n|move|p2a: Thundurus|Thunder Wave|p1a: Kommo-o\n|-status|p1a: Kommo-o|par\n|-zpower|p1a: Kommo-o\n|move|p1a: Kommo-o|Clangorous Soulblaze|p2a: Thundurus|[zeffect]\n|-damage|p2a: Thundurus|0 fnt\n|faint|p2a: Thundurus\n|-boost|p1a: Kommo-o|atk|1\n|-boost|p1a: Kommo-o|def|1\n|-boost|p1a: Kommo-o|spa|1\n|-boost|p1a: Kommo-o|spd|1\n|-boost|p1a: Kommo-o|spe|1\n|\n|upkeep\n|inactive|Hikari-miyako has 120 seconds left.\n|inactive|Hikari-miyako has 90 seconds left.\n|\n|t:|1646671944\n|switch|p2a: Dragapult|Dragapult, F|91\/100\n|turn|18\n|\n|t:|1646671947\n|move|p2a: Dragapult|U-turn|p1a: Kommo-o\n|-resisted|p1a: Kommo-o\n|-damage|p1a: Kommo-o|91\/100 par\n|-damage|p2a: Dragapult|81\/100|[from] item: Life Orb\n|\n|t:|1646671949\n|switch|p2a: Serperior|Serperior, F|100\/100|[from]move: U-turn\n|move|p1a: Kommo-o|Clanging Scales|p2a: Serperior\n|-damage|p2a: Serperior|19\/100\n|-unboost|p1a: Kommo-o|def|1\n|\n|upkeep\n|turn|19\n|\n|t:|1646671954\n|move|p2a: Serperior|Leaf Storm|p1a: Kommo-o\n|-resisted|p1a: Kommo-o\n|-damage|p1a: Kommo-o|69\/100 par\n|-boost|p2a: Serperior|spa|2\n|move|p1a: Kommo-o|Clanging Scales|p2a: Serperior\n|-damage|p2a: Serperior|0 fnt\n|faint|p2a: Serperior\n|-unboost|p1a: Kommo-o|def|1\n|\n|upkeep\n|\n|t:|1646671956\n|switch|p2a: Dragapult|Dragapult, F|81\/100\n|turn|20\n|\n|t:|1646671958\n|move|p2a: Dragapult|Dragon Darts|p1a: Kommo-o\n|-supereffective|p1a: Kommo-o\n|-damage|p1a: Kommo-o|0 fnt\n|faint|p1a: Kommo-o\n|-damage|p2a: Dragapult|71\/100|[from] item: Life Orb\n|\n|upkeep\n|\n|t:|1646671961\n|switch|p1a: Latios|Latios-Mega, M|100\/100\n|turn|21\n|\n|t:|1646671963\n|move|p2a: Dragapult|Dragon Darts|p1a: Latios\n|-supereffective|p1a: Latios\n|-damage|p1a: Latios|30\/100\n|-anim|p2a: Dragapult|Dragon Darts|p1a: Latios\n|-supereffective|p1a: Latios\n|-crit|p1a: Latios\n|-damage|p1a: Latios|0 fnt\n|faint|p1a: Latios\n|-damage|p2a: Dragapult|61\/100|[from] item: Life Orb\n|\n|win|Hikari-miyako\n|raw|Scywave's rating: 1829 &rarr; <strong>1810<\/strong><br \/>(-19 for losing)\n|raw|Hikari-miyako's rating: 1854 &rarr; <strong>1873<\/strong><br \/>(+19 for winning)\n|l|\u2606Scywave\n","uploadtime":1646671969,"views":47,"p1id":"scywave","p2id":"hikarimiyako","formatid":"gen8nationaldex","rating":1810,"private":0,"password":null}