{"id":"gen8ou-1570375097","p1":"andrewm0n","p2":"z1x2c3","format":"gen8ou","log":"|j|\u2606andrewm0n\n|j|\u203dz1x2c3\n|t:|1652026869\n|gametype|singles\n|player|p1|andrewm0n|swimmerf|1701\n|player|p2|z1x2c3|170|1654\n|teamsize|p1|6\n|teamsize|p2|6\n|gen|8\n|tier|[Gen 8] OU\n|rated|\n|rule|Sleep Clause Mod: Limit one foe put to sleep\n|rule|Species Clause: Limit one of each Pok\u00e9mon\n|rule|OHKO Clause: OHKO moves are banned\n|rule|Evasion Moves Clause: Evasion moves are banned\n|rule|Endless Battle Clause: Forcing endless battles is banned\n|rule|HP Percentage Mod: HP is shown in percentages\n|rule|Dynamax Clause: You cannot dynamax\n|clearpoke\n|poke|p1|Blaziken, M|\n|poke|p1|Clefable, F|\n|poke|p1|Slowbro-Galar, M|\n|poke|p1|Corviknight, M|\n|poke|p1|Seismitoad, M|\n|poke|p1|Bisharp, M|\n|poke|p2|Tapu Fini|\n|poke|p2|Magnezone|\n|poke|p2|Tapu Lele|\n|poke|p2|Kartana|\n|poke|p2|Hawlucha, F|\n|poke|p2|Landorus-Therian, M|\n|teampreview\n|inactive|Battle timer is ON: inactive players will automatically lose when time's up. (requested by z1x2c3)\n|\n|t:|1652026884\n|start\n|switch|p1a: Bisharp|Bisharp, M|100\/100\n|switch|p2a: Landorus|Landorus-Therian, M|100\/100\n|-ability|p2a: Landorus|Intimidate|boost\n|-unboost|p1a: Bisharp|atk|1\n|-ability|p1a: Bisharp|Defiant\n|-boost|p1a: Bisharp|atk|2\n|turn|1\n|\n|t:|1652026888\n|switch|p1a: Corviknight|Corviknight, M|100\/100\n|-ability|p1a: Corviknight|Pressure\n|switch|p2a: Tapu Fini|Tapu Fini|100\/100\n|-fieldstart|move: Misty Terrain|[from] ability: Misty Surge|[of] p2a: Tapu Fini\n|\n|upkeep\n|turn|2\n|\n|t:|1652026891\n|move|p2a: Tapu Fini|Surf|p1a: Corviknight\n|-damage|p1a: Corviknight|69\/100\n|move|p1a: Corviknight|U-turn|p2a: Tapu Fini\n|-resisted|p2a: Tapu Fini\n|-damage|p2a: Tapu Fini|93\/100\n|\n|t:|1652026897\n|switch|p1a: Slowbro|Slowbro-Galar, M|100\/100|[from]move: U-turn\n|\n|upkeep\n|turn|3\n|\n|t:|1652026898\n|switch|p2a: Landorus|Landorus-Therian, M|100\/100\n|-ability|p2a: Landorus|Intimidate|boost\n|-unboost|p1a: Slowbro|atk|1\n|move|p1a: Slowbro|Future Sight|p2a: Landorus\n|-start|p1a: Slowbro|move: Future Sight\n|\n|upkeep\n|turn|4\n|\n|t:|1652026915\n|move|p2a: Landorus|Earthquake|p1a: Slowbro\n|-supereffective|p1a: Slowbro\n|-damage|p1a: Slowbro|23\/100\n|move|p1a: Slowbro|Ice Beam|p2a: Landorus\n|-supereffective|p2a: Landorus\n|-damage|p2a: Landorus|40\/100\n|\n|-heal|p2a: Landorus|46\/100|[from] item: Leftovers\n|upkeep\n|turn|5\n|\n|t:|1652026943\n|move|p2a: Landorus|Earthquake|p1a: Slowbro\n|-supereffective|p1a: Slowbro\n|-damage|p1a: Slowbro|0 fnt\n|faint|p1a: Slowbro\n|\n|-end|p2a: Landorus|move: Future Sight\n|-damage|p2a: Landorus|12\/100\n|-heal|p2a: Landorus|18\/100|[from] item: Leftovers\n|-fieldend|Misty Terrain\n|upkeep\n|inactive|andrewm0n has 120 seconds left.\n|\n|t:|1652026955\n|switch|p1a: Blaziken|Blaziken, M|100\/100\n|turn|6\n|\n|t:|1652026957\n|move|p1a: Blaziken|Protect|p1a: Blaziken\n|-singleturn|p1a: Blaziken|Protect\n|move|p2a: Landorus|Earthquake|p1a: Blaziken\n|-activate|p1a: Blaziken|move: Protect\n|\n|-heal|p2a: Landorus|24\/100|[from] item: Leftovers\n|-ability|p1a: Blaziken|Speed Boost|boost\n|-boost|p1a: Blaziken|spe|1\n|upkeep\n|turn|7\n|\n|t:|1652026966\n|switch|p2a: Tapu Fini|Tapu Fini|93\/100\n|-fieldstart|move: Misty Terrain|[from] ability: Misty Surge|[of] p2a: Tapu Fini\n|move|p1a: Blaziken|Flare Blitz|p2a: Tapu Fini\n|-resisted|p2a: Tapu Fini\n|-damage|p2a: Tapu Fini|62\/100\n|-damage|p1a: Blaziken|91\/100|[from] Recoil\n|\n|-heal|p1a: Blaziken|97\/100|[from] item: Leftovers\n|-ability|p1a: Blaziken|Speed Boost|boost\n|-boost|p1a: Blaziken|spe|1\n|upkeep\n|turn|8\n|j| huizoudexie\n|\n|t:|1652026975\n|switch|p1a: Corviknight|Corviknight, M|69\/100\n|-ability|p1a: Corviknight|Pressure\n|move|p2a: Tapu Fini|Surf|p1a: Corviknight\n|-crit|p1a: Corviknight\n|-damage|p1a: Corviknight|25\/100\n|\n|upkeep\n|turn|9\n|\n|t:|1652026978\n|switch|p1a: Seismitoad|Seismitoad, M|100\/100\n|move|p2a: Tapu Fini|Surf|p1a: Seismitoad\n|-immune|p1a: Seismitoad|[from] ability: Water Absorb\n|\n|upkeep\n|turn|10\n|\n|t:|1652026980\n|switch|p2a: Landorus|Landorus-Therian, M|24\/100\n|-ability|p2a: Landorus|Intimidate|boost\n|-unboost|p1a: Seismitoad|atk|1\n|move|p1a: Seismitoad|Stealth Rock|p2a: Landorus\n|-sidestart|p2: z1x2c3|move: Stealth Rock\n|\n|-heal|p2a: Landorus|30\/100|[from] item: Leftovers\n|upkeep\n|turn|11\n|\n|t:|1652026989\n|move|p2a: Landorus|Earthquake|p1a: Seismitoad\n|-damage|p1a: Seismitoad|65\/100\n|move|p1a: Seismitoad|Knock Off|p2a: Landorus\n|-damage|p2a: Landorus|16\/100\n|-enditem|p2a: Landorus|Leftovers|[from] move: Knock Off|[of] p1a: Seismitoad\n|\n|-heal|p1a: Seismitoad|72\/100|[from] item: Leftovers\n|-fieldend|Misty Terrain\n|upkeep\n|turn|12\n|\n|t:|1652027002\n|switch|p1a: Corviknight|Corviknight, M|25\/100\n|-ability|p1a: Corviknight|Pressure\n|move|p2a: Landorus|Earthquake|p1a: Corviknight\n|-immune|p1a: Corviknight\n|\n|upkeep\n|turn|13\n|\n|t:|1652027015\n|move|p2a: Landorus|U-turn|p1a: Corviknight\n|-resisted|p1a: Corviknight\n|-damage|p1a: Corviknight|21\/100\n|-damage|p2a: Landorus|0 fnt|[from] item: Rocky Helmet|[of] p1a: Corviknight\n|faint|p2a: Landorus\n|move|p1a: Corviknight|U-turn|p2: Landorus|[notarget]\n|-fail|p1a: Corviknight\n|\n|upkeep\n|\n|t:|1652027015\n|switch|p2a: Magnezone|Magnezone|100\/100\n|-damage|p2a: Magnezone|94\/100|[from] Stealth Rock\n|turn|14\n|\n|t:|1652027025\n|move|p2a: Magnezone|Toxic|p1a: Corviknight\n|-immune|p1a: Corviknight\n|move|p1a: Corviknight|U-turn|p2a: Magnezone\n|-resisted|p2a: Magnezone\n|-damage|p2a: Magnezone|89\/100\n|-damage|p1a: Corviknight|4\/100|[from] item: Rocky Helmet|[of] p2a: Magnezone\n|j| 8th Hokage Killua\n|\n|t:|1652027038\n|switch|p1a: Blaziken|Blaziken, M|97\/100|[from]move: U-turn\n|\n|-heal|p1a: Blaziken|100\/100|[from] item: Leftovers\n|upkeep\n|turn|15\n|\n|t:|1652027049\n|switch|p2a: Tapu Fini|Tapu Fini|62\/100\n|-damage|p2a: Tapu Fini|49\/100|[from] Stealth Rock\n|-fieldstart|move: Misty Terrain|[from] ability: Misty Surge|[of] p2a: Tapu Fini\n|move|p1a: Blaziken|Swords Dance|p1a: Blaziken\n|-boost|p1a: Blaziken|atk|2\n|\n|-ability|p1a: Blaziken|Speed Boost|boost\n|-boost|p1a: Blaziken|spe|1\n|upkeep\n|turn|16\n|\n|t:|1652027051\n|move|p1a: Blaziken|Protect|p1a: Blaziken\n|-singleturn|p1a: Blaziken|Protect\n|move|p2a: Tapu Fini|Surf|p1a: Blaziken\n|-activate|p1a: Blaziken|move: Protect\n|\n|-ability|p1a: Blaziken|Speed Boost|boost\n|-boost|p1a: Blaziken|spe|1\n|upkeep\n|turn|17\n|\n|t:|1652027058\n|move|p1a: Blaziken|Close Combat|p2a: Tapu Fini\n|-resisted|p2a: Tapu Fini\n|-damage|p2a: Tapu Fini|0 fnt\n|-unboost|p1a: Blaziken|def|1\n|-unboost|p1a: Blaziken|spd|1\n|faint|p2a: Tapu Fini\n|\n|-ability|p1a: Blaziken|Speed Boost|boost\n|-boost|p1a: Blaziken|spe|1\n|upkeep\n|\n|t:|1652027058\n|switch|p2a: Magnezone|Magnezone|89\/100\n|-damage|p2a: Magnezone|83\/100|[from] Stealth Rock\n|turn|18\n|\n|t:|1652027063\n|move|p1a: Blaziken|Close Combat|p2a: Magnezone\n|-supereffective|p2a: Magnezone\n|-damage|p2a: Magnezone|0 fnt\n|-unboost|p1a: Blaziken|def|1\n|-unboost|p1a: Blaziken|spd|1\n|-damage|p1a: Blaziken|84\/100|[from] item: Rocky Helmet|[of] p2a: Magnezone\n|faint|p2a: Magnezone\n|\n|-heal|p1a: Blaziken|90\/100|[from] item: Leftovers\n|-ability|p1a: Blaziken|Speed Boost|boost\n|-boost|p1a: Blaziken|spe|1\n|upkeep\n|\n|t:|1652027063\n|switch|p2a: Hawlucha|Hawlucha, F|100\/100\n|-damage|p2a: Hawlucha|88\/100|[from] Stealth Rock\n|-enditem|p2a: Hawlucha|Misty Seed\n|-boost|p2a: Hawlucha|spd|1|[from] item: Misty Seed\n|turn|19\n|\n|t:|1652027067\n|move|p1a: Blaziken|Flare Blitz|p2a: Hawlucha\n|-damage|p2a: Hawlucha|0 fnt\n|faint|p2a: Hawlucha\n|-damage|p1a: Blaziken|59\/100|[from] Recoil\n|\n|-heal|p1a: Blaziken|65\/100|[from] item: Leftovers\n|-fieldend|Misty Terrain\n|-ability|p1a: Blaziken|Speed Boost|boost\n|-boost|p1a: Blaziken|spe|1\n|upkeep\n|\n|t:|1652027067\n|switch|p2a: Tapu Lele|Tapu Lele|100\/100\n|-damage|p2a: Tapu Lele|88\/100|[from] Stealth Rock\n|-fieldstart|move: Psychic Terrain|[from] ability: Psychic Surge|[of] p2a: Tapu Lele\n|turn|20\n|\n|t:|1652027070\n|move|p1a: Blaziken|Flare Blitz|p2a: Tapu Lele\n|-damage|p2a: Tapu Lele|0 fnt\n|faint|p2a: Tapu Lele\n|-damage|p1a: Blaziken|38\/100|[from] Recoil\n|\n|-heal|p1a: Blaziken|44\/100|[from] item: Leftovers\n|-ability|p1a: Blaziken|Speed Boost|boost\n|-boost|p1a: Blaziken|spe|1\n|upkeep\n|\n|t:|1652027070\n|switch|p2a: Kartana|Kartana|100\/100\n|-damage|p2a: Kartana|94\/100|[from] Stealth Rock\n|turn|21\n|\n|t:|1652027071\n|move|p1a: Blaziken|Flare Blitz|p2a: Kartana\n|-supereffective|p2a: Kartana\n|-damage|p2a: Kartana|0 fnt\n|faint|p2a: Kartana\n|-damage|p1a: Blaziken|17\/100|[from] Recoil\n|\n|win|andrewm0n\n|raw|andrewm0n's rating: 1701 &rarr; <strong>1718<\/strong><br \/>(+17 for winning)\n|raw|z1x2c3's rating: 1654 &rarr; <strong>1637<\/strong><br \/>(-17 for losing)\n|l|\u203dz1x2c3\n|l|\u2606andrewm0n\n||Ladder isn't responding, score probably updated but might not have (Request timeout).\n|l| huizoudexie\n","uploadtime":1652027201,"views":40,"p1id":"andrewm0n","p2id":"z1x2c3","formatid":"gen8ou","rating":1637,"private":0,"password":null}