{"id":"gen8nationaldex-1199725378","p1":"yhdrslb","p2":"the mayo man","format":"gen8nationaldex","log":"|j|\u2606yhdrslb\n|j|\u2606the mayo man\n|t:|1602132317\n|player|p1|yhdrslb|30|1636\n|player|p2|the mayo man|linebacker|1478\n|teamsize|p1|6\n|teamsize|p2|6\n|gametype|singles\n|gen|8\n|tier|[Gen 8] National Dex\n|rated|\n|clearpoke\n|poke|p1|Cinderace, F|\n|poke|p1|Landorus-Therian, M|\n|poke|p1|Rillaboom, M|\n|poke|p1|Beedrill, M|\n|poke|p1|Dracovish|\n|poke|p1|Zeraora|\n|poke|p2|Tapu Bulu|\n|poke|p2|Slowbro, M|\n|poke|p2|Heatran, F|\n|poke|p2|Medicham, F|\n|poke|p2|Kyurem|\n|poke|p2|Thundurus, M|\n|rule|HP Percentage Mod: HP is shown in percentages\n|rule|Endless Battle Clause: Forcing endless battles is banned\n|rule|OHKO Clause: OHKO moves are banned\n|rule|Evasion Moves Clause: Evasion moves are banned\n|rule|Species Clause: Limit one of each Pok\u00e9mon\n|rule|Dynamax Clause: You cannot dynamax\n|rule|Sleep Clause Mod: Limit one foe put to sleep\n|teampreview\n|\n|t:|1602132323\n|start\n|switch|p1a: Zeraora|Zeraora|100\/100\n|switch|p2a: Ice King|Kyurem|100\/100\n|-ability|p2a: Ice King|Pressure\n|turn|1\n|\n|t:|1602132333\n|move|p1a: Zeraora|Volt Switch|p2a: Ice King\n|-resisted|p2a: Ice King\n|-damage|p2a: Ice King|77\/100\n|inactive|Battle timer is ON: inactive players will automatically lose when time's up. (requested by the mayo man)\n|\n|t:|1602132342\n|switch|p1a: Landorus|Landorus-Therian, M|100\/100|[from]move: Volt Switch\n|-ability|p1a: Landorus|Intimidate|boost\n|-unboost|p2a: Ice King|atk|1\n|move|p2a: Ice King|Scale Shot|p1a: Landorus\n|-damage|p1a: Landorus|92\/100\n|-damage|p1a: Landorus|83\/100\n|-damage|p1a: Landorus|74\/100\n|-damage|p1a: Landorus|65\/100\n|-damage|p1a: Landorus|57\/100\n|-hitcount|p1a: Landorus|5\n|-unboost|p2a: Ice King|def|1\n|-boost|p2a: Ice King|spe|1\n|\n|upkeep\n|turn|2\n|\n|t:|1602132358\n|move|p2a: Ice King|Freeze-Dry|p1a: Landorus\n|-supereffective|p1a: Landorus\n|-damage|p1a: Landorus|0 fnt\n|faint|p1a: Landorus\n|\n|upkeep\n|\n|t:|1602132363\n|switch|p1a: Cinderace|Cinderace, F|100\/100\n|turn|3\n|\n|t:|1602132368\n|move|p2a: Ice King|Earth Power|p1a: Cinderace\n|-supereffective|p1a: Cinderace\n|-damage|p1a: Cinderace|0 fnt\n|faint|p1a: Cinderace\n|\n|upkeep\n|\n|t:|1602132376\n|switch|p1a: Beedrill|Beedrill, M|100\/100\n|turn|4\n|inactive|the mayo man has 120 seconds left.\n|\n|t:|1602132409\n|detailschange|p1a: Beedrill|Beedrill-Mega, M\n|-mega|p1a: Beedrill|Beedrill|Beedrillite\n|move|p2a: Ice King|Scale Shot|p1a: Beedrill|[miss]\n|-miss|p2a: Ice King|p1a: Beedrill\n|move|p1a: Beedrill|U-turn|p2a: Ice King\n|-damage|p2a: Ice King|0 fnt\n|faint|p2a: Ice King\n|\n|t:|1602132420\n|switch|p1a: Zeraora|Zeraora|100\/100|[from]move: U-turn\n|\n|upkeep\n|inactive|the mayo man has 120 seconds left.\n|\n|t:|1602132431\n|switch|p2a: Smooth like Bulu|Tapu Bulu|100\/100\n|-fieldstart|move: Grassy Terrain|[from] ability: Grassy Surge|[of] p2a: Smooth like Bulu\n|turn|5\n|\n|t:|1602132441\n|switch|p1a: Beedrill|Beedrill-Mega, M|100\/100\n|move|p2a: Smooth like Bulu|Stone Edge|p1a: Beedrill\n|-supereffective|p1a: Beedrill\n|-damage|p1a: Beedrill|0 fnt\n|faint|p1a: Beedrill\n|\n|upkeep\n|\n|t:|1602132447\n|switch|p1a: Rillaboom|Rillaboom, M|100\/100\n|turn|6\n|\n|t:|1602132459\n|switch|p2a: Will Smith|Thundurus, M|100\/100\n|move|p1a: Rillaboom|Swords Dance|p1a: Rillaboom\n|-boost|p1a: Rillaboom|atk|2\n|\n|upkeep\n|turn|7\n|\n|t:|1602132464\n|move|p2a: Will Smith|Defog|p1a: Rillaboom\n|-unboost|p1a: Rillaboom|evasion|1\n|-fieldend|move: Grassy Terrain\n|move|p1a: Rillaboom|Grassy Glide|p2a: Will Smith\n|-resisted|p2a: Will Smith\n|-damage|p2a: Will Smith|35\/100\n|-damage|p1a: Rillaboom|91\/100|[from] item: Life Orb\n|\n|upkeep\n|turn|8\n|\n|t:|1602132476\n|move|p2a: Will Smith|Volt Switch|p1a: Rillaboom\n|-resisted|p1a: Rillaboom\n|-damage|p1a: Rillaboom|69\/100\n|\n|t:|1602132480\n|switch|p2a: It's a girl!!|Heatran, F|100\/100|[from]move: Volt Switch\n|move|p1a: Rillaboom|Drain Punch|p2a: It's a girl!!\n|-supereffective|p2a: It's a girl!!\n|-damage|p2a: It's a girl!!|0 fnt\n|-heal|p1a: Rillaboom|100\/100|[from] drain|[of] p2a: It's a girl!!\n|-damage|p1a: Rillaboom|91\/100|[from] item: Life Orb\n|faint|p2a: It's a girl!!\n|\n|upkeep\n|\n|t:|1602132491\n|switch|p2a: Low Kick|Medicham, F|100\/100\n|turn|9\n|\n|t:|1602132495\n|switch|p1a: Zeraora|Zeraora|100\/100\n|detailschange|p2a: Low Kick|Medicham-Mega, F\n|-mega|p2a: Low Kick|Medicham|Medichamite\n|move|p2a: Low Kick|Ice Punch|p1a: Zeraora\n|-damage|p1a: Zeraora|40\/100\n|\n|upkeep\n|turn|10\n|\n|t:|1602132503\n|move|p1a: Zeraora|Thunderbolt|p2a: Low Kick\n|-damage|p2a: Low Kick|8\/100\n|move|p2a: Low Kick|Psycho Cut|p1a: Zeraora\n|-damage|p1a: Zeraora|0 fnt\n|faint|p1a: Zeraora\n|\n|upkeep\n|\n|t:|1602132508\n|switch|p1a: Rillaboom|Rillaboom, M|91\/100\n|-fieldstart|move: Grassy Terrain|[from] ability: Grassy Surge|[of] p1a: Rillaboom\n|turn|11\n|\n|t:|1602132515\n|switch|p2a: Smooth like Bulu|Tapu Bulu|100\/100\n|move|p1a: Rillaboom|Swords Dance|p1a: Rillaboom\n|-boost|p1a: Rillaboom|atk|2\n|\n|-heal|p1a: Rillaboom|97\/100|[from] Grassy Terrain\n|upkeep\n|turn|12\n|\n|t:|1602132528\n|move|p1a: Rillaboom|Swords Dance|p1a: Rillaboom\n|-boost|p1a: Rillaboom|atk|2\n|move|p2a: Smooth like Bulu|Superpower|p1a: Rillaboom\n|-damage|p1a: Rillaboom|18\/100\n|-unboost|p2a: Smooth like Bulu|atk|1\n|-unboost|p2a: Smooth like Bulu|def|1\n|\n|-heal|p1a: Rillaboom|24\/100|[from] Grassy Terrain\n|upkeep\n|turn|13\n|\n|t:|1602132539\n|move|p1a: Rillaboom|Drain Punch|p2a: Smooth like Bulu\n|-resisted|p2a: Smooth like Bulu\n|-crit|p2a: Smooth like Bulu\n|-damage|p2a: Smooth like Bulu|0 fnt\n|-heal|p1a: Rillaboom|68\/100|[from] drain|[of] p2a: Smooth like Bulu\n|-damage|p1a: Rillaboom|58\/100|[from] item: Life Orb\n|faint|p2a: Smooth like Bulu\n|\n|-heal|p1a: Rillaboom|64\/100|[from] Grassy Terrain\n|upkeep\n|\n|t:|1602132547\n|switch|p2a: Will Smith|Thundurus, M|35\/100\n|turn|14\n|\n|t:|1602132550\n|move|p2a: Will Smith|Defog|p1a: Rillaboom\n|-unboost|p1a: Rillaboom|evasion|1\n|-fieldend|move: Grassy Terrain\n|move|p1a: Rillaboom|Grassy Glide|p2a: Will Smith\n|-resisted|p2a: Will Smith\n|-damage|p2a: Will Smith|0 fnt\n|-damage|p1a: Rillaboom|54\/100|[from] item: Life Orb\n|faint|p2a: Will Smith\n|\n|upkeep\n|\n|t:|1602132560\n|switch|p2a: Low Kick|Medicham-Mega, F|8\/100\n|turn|15\n|\n|t:|1602132567\n|switch|p1a: Dracovish|Dracovish|100\/100\n|move|p2a: Low Kick|Ice Punch|p1a: Dracovish\n|-damage|p1a: Dracovish|53\/100\n|\n|upkeep\n|turn|16\n|\n|t:|1602132577\n|switch|p2a: Humble Chungus|Slowbro, M|100\/100\n|move|p1a: Dracovish|Fishious Rend|p2a: Humble Chungus\n|-resisted|p2a: Humble Chungus\n|-damage|p2a: Humble Chungus|69\/100\n|-damage|p1a: Dracovish|36\/100|[from] item: Rocky Helmet|[of] p2a: Humble Chungus\n|\n|upkeep\n|turn|17\n|\n|t:|1602132590\n|move|p1a: Dracovish|Fishious Rend|p2a: Humble Chungus\n|-resisted|p2a: Humble Chungus\n|-damage|p2a: Humble Chungus|36\/100\n|-damage|p1a: Dracovish|20\/100|[from] item: Rocky Helmet|[of] p2a: Humble Chungus\n|move|p2a: Humble Chungus|Scald|p1a: Dracovish\n|-resisted|p1a: Dracovish\n|-damage|p1a: Dracovish|10\/100\n|-status|p1a: Dracovish|brn\n|\n|-damage|p1a: Dracovish|4\/100 brn|[from] brn\n|upkeep\n|turn|18\n|\n|t:|1602132600\n|move|p1a: Dracovish|Fishious Rend|p2a: Humble Chungus\n|-resisted|p2a: Humble Chungus\n|-damage|p2a: Humble Chungus|22\/100\n|-damage|p1a: Dracovish|0 fnt|[from] item: Rocky Helmet|[of] p2a: Humble Chungus\n|faint|p1a: Dracovish\n|move|p2a: Humble Chungus|Slack Off|p2a: Humble Chungus\n|-heal|p2a: Humble Chungus|72\/100\n|\n|upkeep\n|\n|t:|1602132602\n|switch|p1a: Rillaboom|Rillaboom, M|54\/100\n|-fieldstart|move: Grassy Terrain|[from] ability: Grassy Surge|[of] p1a: Rillaboom\n|turn|19\n|\n|t:|1602132609\n|move|p1a: Rillaboom|Grassy Glide|p2a: Humble Chungus\n|-supereffective|p2a: Humble Chungus\n|-damage|p2a: Humble Chungus|0 fnt\n|-damage|p1a: Rillaboom|38\/100|[from] item: Rocky Helmet|[of] p2a: Humble Chungus\n|-damage|p1a: Rillaboom|28\/100|[from] item: Life Orb\n|faint|p2a: Humble Chungus\n|\n|-heal|p1a: Rillaboom|34\/100|[from] Grassy Terrain\n|upkeep\n|\n|t:|1602132617\n|switch|p2a: Low Kick|Medicham-Mega, F|8\/100\n|turn|20\n|\n|t:|1602132621\n|move|p2a: Low Kick|Bullet Punch|p1a: Rillaboom\n|-damage|p1a: Rillaboom|8\/100\n|move|p1a: Rillaboom|Grassy Glide|p2a: Low Kick\n|-damage|p2a: Low Kick|0 fnt\n|-damage|p1a: Rillaboom|0 fnt|[from] item: Life Orb\n|faint|p2a: Low Kick\n|faint|p1a: Rillaboom\n|\n|win|yhdrslb\n|raw|yhdrslb's rating: 1636 &rarr; <strong>1647<\/strong><br \/>(+11 for winning)\n|raw|the mayo man's rating: 1478 &rarr; <strong>1467<\/strong><br \/>(-11 for losing)\n|c|\u2606yhdrslb|gg\n|c|\u2606the mayo man|close gg\n|c|\u2606the mayo man|damb they both died\n|c|\u2606yhdrslb|that scale shot kyurem was heat\n|c|\u2606the mayo man|thanks\n|c|\u2606yhdrslb|wp man\n|c|\u2606the mayo man|yu too\n|l|\u2606the mayo man\n","uploadtime":1602132836,"views":4,"p1id":"yhdrslb","p2id":"themayoman","formatid":"gen8nationaldex","rating":1467,"private":0,"password":null}