{"id":"gen8oubeta-1012376712","p1":"hauntersnightmare","p2":"ShadowMaster096","format":"gen8oubeta","log":"|j|\u2606hauntersnightmare\n|j|\u2606ShadowMaster096\n|player|p1|hauntersnightmare|265|1170\n|player|p2|ShadowMaster096|102|1190\n|teamsize|p1|6\n|teamsize|p2|6\n|gametype|singles\n|gen|8\n|tier|[Gen 8] OU (beta)\n|rated|\n|rule|Sleep Clause Mod: Limit one foe put to sleep\n|rule|Species Clause: Limit one of each Pok\u00e9mon\n|rule|OHKO Clause: OHKO moves are banned\n|rule|Moody Clause: Moody is banned\n|rule|Evasion Moves Clause: Evasion moves are banned\n|rule|Endless Battle Clause: Forcing endless battles is banned\n|rule|HP Percentage Mod: HP is shown in percentages\n|clearpoke\n|poke|p1|Dragapult, F|item\n|poke|p1|Barraskewda, M|item\n|poke|p1|Excadrill, M|item\n|poke|p1|Gothitelle, F|item\n|poke|p1|Ditto|item\n|poke|p1|Gyarados, M|item\n|poke|p2|Clefable, M|item\n|poke|p2|Ditto|item\n|poke|p2|Dragapult, M|item\n|poke|p2|Gyarados, M|item\n|poke|p2|Charizard, M|item\n|poke|p2|Excadrill, M|item\n|teampreview\n|inactive|Battle timer is ON: inactive players will automatically lose when time's up. (requested by ShadowMaster096)\n|inactive|hauntersnightmare has 120 seconds left.\n|\n|start\n|switch|p1a: Gothitelle|Gothitelle, F|100\/100\n|switch|p2a: Excadrill|Excadrill, M|100\/100\n|-ability|p2a: Excadrill|Mold Breaker\n|turn|1\n|\n|switch|p1a: Excadrill|Excadrill, M|100\/100\n|-ability|p1a: Excadrill|Mold Breaker\n|move|p2a: Excadrill|Earthquake|p1a: Excadrill\n|-supereffective|p1a: Excadrill\n|-enditem|p1a: Excadrill|Focus Sash\n|-damage|p1a: Excadrill|1\/100\n|\n|upkeep\n|turn|2\n|\n|move|p1a: Excadrill|Earthquake|p2a: Excadrill\n|-supereffective|p2a: Excadrill\n|-enditem|p2a: Excadrill|Focus Sash\n|-damage|p2a: Excadrill|1\/100\n|move|p2a: Excadrill|Earthquake|p1a: Excadrill\n|-supereffective|p1a: Excadrill\n|-damage|p1a: Excadrill|0 fnt\n|faint|p1a: Excadrill\n|\n|upkeep\n|\n|switch|p1a: Ditto|Ditto|100\/100\n|-transform|p1a: Ditto|p2a: Excadrill|[from] ability: Imposter\n|-ability|p1a: Ditto|Mold Breaker\n|turn|3\n|\n|move|p1a: Ditto|Stealth Rock|p2a: Excadrill\n|-sidestart|p2: ShadowMaster096|move: Stealth Rock\n|move|p2a: Excadrill|Stealth Rock|p1a: Ditto\n|-sidestart|p1: hauntersnightmare|move: Stealth Rock\n|\n|upkeep\n|turn|4\n|\n|-start|p1a: Ditto|Dynamax\n|-heal|p1a: Ditto|100\/100|[from] Dynamax\n|move|p1a: Ditto|Max Strike|p2a: Excadrill\n|-resisted|p2a: Excadrill\n|-damage|p2a: Excadrill|0 fnt\n|faint|p2a: Excadrill\n|\n|upkeep\n|\n|switch|p2a: Ditto|Ditto|100\/100\n|-damage|p2a: Ditto|88\/100|[from] Stealth Rock\n|turn|5\n|c|\u2606ShadowMaster096|tf?\n|c|\u2606ShadowMaster096|I have imposter\n|c|\u2606hauntersnightmare|it doesnt copy dyna :)\n|\n|switch|p2a: Gyarados|Gyarados, M|100\/100\n|-damage|p2a: Gyarados|76\/100|[from] Stealth Rock\n|move|p1a: Ditto|Max Rockfall|p2a: Gyarados\n|-supereffective|p2a: Gyarados\n|-damage|p2a: Gyarados|0 fnt\n|-weather|Sandstorm\n|faint|p2a: Gyarados\n|\n|-weather|Sandstorm|[upkeep]\n|upkeep\n|inactive|ShadowMaster096 has 120 seconds left.\n|\n|switch|p2a: Charizard|Charizard, M|100\/100\n|turn|6\n|c|\u2606hauntersnightmare|nah jk it does\n|inactive|ShadowMaster096 has 120 seconds left.\n|c|\u2606hauntersnightmare|just ditto cant copy other ditto bro\n|c|\u2606hauntersnightmare|never has\n|\n|switch|p2a: Clefable|Clefable, M|100\/100\n|-damage|p2a: Clefable|88\/100|[from] Stealth Rock\n|move|p1a: Ditto|Max Rockfall|p2a: Clefable\n|-damage|p2a: Clefable|38\/100\n|\n|-weather|Sandstorm|[upkeep]\n|-damage|p2a: Clefable|32\/100|[from] Sandstorm\n|-heal|p2a: Clefable|38\/100|[from] item: Leftovers\n|-end|p1a: Ditto|Dynamax\n|-heal|p1a: Ditto|100\/100|[from] Dynamax\n|upkeep\n|turn|7\n|inactive|ShadowMaster096 has 120 seconds left.\n|\n|switch|p1a: Gothitelle|Gothitelle, F|100\/100\n|-damage|p1a: Gothitelle|88\/100|[from] Stealth Rock\n|move|p2a: Clefable|Wish|p2a: Clefable\n|\n|-weather|Sandstorm|[upkeep]\n|-damage|p1a: Gothitelle|82\/100|[from] Sandstorm\n|-damage|p2a: Clefable|32\/100|[from] Sandstorm\n|-heal|p2a: Clefable|38\/100|[from] item: Leftovers\n|upkeep\n|turn|8\n|inactive|ShadowMaster096 has 120 seconds left.\n|\n|move|p1a: Gothitelle|Psychic|p2a: Clefable\n|-damage|p2a: Clefable|10\/100\n|move|p2a: Clefable|Shadow Ball|p1a: Gothitelle\n|-supereffective|p1a: Gothitelle\n|-damage|p1a: Gothitelle|41\/100\n|\n|-weather|Sandstorm|[upkeep]\n|-damage|p1a: Gothitelle|35\/100|[from] Sandstorm\n|-damage|p2a: Clefable|4\/100|[from] Sandstorm\n|-heal|p2a: Clefable|54\/100|[from] move: Wish|[wisher] Clefable\n|-heal|p2a: Clefable|60\/100|[from] item: Leftovers\n|upkeep\n|turn|9\n|inactive|ShadowMaster096 has 120 seconds left.\n|\n|switch|p1a: Barraskewda|Barraskewda, M|100\/100\n|-damage|p1a: Barraskewda|88\/100|[from] Stealth Rock\n|move|p2a: Clefable|Wish|p2a: Clefable\n|\n|-weather|none\n|-heal|p2a: Clefable|66\/100|[from] item: Leftovers\n|upkeep\n|turn|10\n|inactive|ShadowMaster096 has 120 seconds left.\n|\n|move|p1a: Barraskewda|Liquidation|p2a: Clefable\n|-damage|p2a: Clefable|0 fnt\n|faint|p2a: Clefable\n|\n|upkeep\n|\n|switch|p2a: Dragapult|Dragapult, M|100\/100\n|-damage|p2a: Dragapult|88\/100|[from] Stealth Rock\n|turn|11\n|inactive|ShadowMaster096 has 120 seconds left.\n|\n|move|p2a: Dragapult|Shadow Ball|p1a: Barraskewda\n|-damage|p1a: Barraskewda|0 fnt\n|faint|p1a: Barraskewda\n|\n|upkeep\n|\n|switch|p1a: Ditto|Ditto|100\/100\n|-damage|p1a: Ditto|88\/100|[from] Stealth Rock\n|-transform|p1a: Ditto|p2a: Dragapult|[from] ability: Imposter\n|turn|12\n|\n|switch|p2a: Ditto|Ditto|88\/100\n|-damage|p2a: Ditto|76\/100|[from] Stealth Rock\n|move|p1a: Ditto|Dragon Pulse|p2a: Ditto\n|-damage|p2a: Ditto|0 fnt\n|faint|p2a: Ditto\n|\n|upkeep\n|\n|switch|p2a: Charizard|Charizard, M|100\/100\n|turn|13\n|\n|-start|p2a: Charizard|Dynamax\n|-formechange|p2a: Charizard|Charizard-Gmax|\n|-heal|p2a: Charizard|100\/100|[from] Dynamax\n|move|p1a: Ditto|Dragon Pulse|p2a: Charizard\n|-damage|p2a: Charizard|76\/100\n|move|p2a: Charizard|Max Airstream|p1a: Ditto\n|-damage|p1a: Ditto|0 fnt\n|-boost|p2a: Charizard|spe|1\n|faint|p1a: Ditto\n|\n|upkeep\n|\n|switch|p1a: Gyarados|Gyarados, M|100\/100\n|-damage|p1a: Gyarados|76\/100|[from] Stealth Rock\n|turn|14\n|\n|move|p2a: Charizard|Max Airstream|p1a: Gyarados\n|-damage|p1a: Gyarados|3\/100\n|-boost|p2a: Charizard|spe|1\n|move|p1a: Gyarados|Waterfall|p2a: Charizard\n|-supereffective|p2a: Charizard\n|-damage|p2a: Charizard|12\/100\n|\n|upkeep\n|turn|15\n|\n|move|p2a: Charizard|Max Flare|p1a: Gyarados\n|-resisted|p1a: Gyarados\n|-damage|p1a: Gyarados|0 fnt\n|-weather|SunnyDay\n|faint|p1a: Gyarados\n|\n|-weather|SunnyDay|[upkeep]\n|-end|p2a: Charizard|Dynamax\n|-formechange|p2a: Charizard|Charizard|\n|-heal|p2a: Charizard|12\/100|[from] Dynamax\n|upkeep\n|\n|switch|p1a: Dragapult|Dragapult, F|100\/100\n|-damage|p1a: Dragapult|88\/100|[from] Stealth Rock\n|turn|16\n|\n|move|p2a: Charizard|Hurricane|p1a: Dragapult\n|-damage|p1a: Dragapult|11\/100\n|move|p1a: Dragapult|Dragon Darts|p2a: Charizard\n|-crit|p2a: Charizard\n|-damage|p2a: Charizard|0 fnt\n|-hitcount|p2a: Charizard|1\n|-damage|p1a: Dragapult|1\/100|[from] item: Life Orb\n|faint|p2a: Charizard\n|\n|-weather|SunnyDay|[upkeep]\n|upkeep\n|\n|switch|p2a: Dragapult|Dragapult, M|88\/100\n|-damage|p2a: Dragapult|76\/100|[from] Stealth Rock\n|turn|17\n|c|\u2606ShadowMaster096|oh no\n|c|\u2606ShadowMaster096|please\n|\n|move|p2a: Dragapult|Shadow Ball|p1a: Dragapult\n|-supereffective|p1a: Dragapult\n|-damage|p1a: Dragapult|0 fnt\n|faint|p1a: Dragapult\n|\n|-weather|SunnyDay|[upkeep]\n|upkeep\n|c|\u2606ShadowMaster096|YES\n|c|\u2606ShadowMaster096|gg\n|inactive|hauntersnightmare has 120 seconds left.\n|inactive|hauntersnightmare has 90 seconds left.\n|c|\u2606ShadowMaster096|just click x or something dont time out\n|inactive|hauntersnightmare has 60 seconds left.\n|c|\u2606ShadowMaster096|fr -_-\n|\n|switch|p1a: Gothitelle|Gothitelle, F|35\/100\n|-damage|p1a: Gothitelle|23\/100|[from] Stealth Rock\n|turn|18\n|-message|hauntersnightmare forfeited.\n|\n|win|ShadowMaster096\n|l|\u2606hauntersnightmare\n","uploadtime":1574141941,"views":3,"p1id":"hauntersnightmare","p2id":"shadowmaster096","formatid":"gen8oubeta","rating":0,"private":0,"password":null}