{"id":"gen8ou-1696062721","p1":"LT94JE Allistair","p2":"Antopius","format":"gen8ou","log":"|html|<div class=\"broadcast-blue\"><strong>[Gen 8] OU is currently suspecting Melmetal! For information on how to participate check out the <a href=\"https:\/\/www.smogon.com\/forums\/threads\/np-ss-ou-suspect-process-round-12-monster-mash.3709234\/\">suspect thread<\/a>.<\/strong><\/div>\n|j|\u2606LT94JE Allistair\n|j|\u2606Antopius\n|t:|1666864526\n|gametype|singles\n|player|p1|LT94JE Allistair|265|1665\n|player|p2|Antopius|170|1633\n|teamsize|p1|6\n|teamsize|p2|6\n|gen|8\n|tier|[Gen 8] OU\n|rated|\n|rule|Sleep Clause Mod: Limit one foe put to sleep\n|rule|Species Clause: Limit one of each Pok\u00e9mon\n|rule|OHKO Clause: OHKO moves are banned\n|rule|Evasion Items Clause: Evasion items are banned\n|rule|Evasion Moves Clause: Evasion moves are banned\n|rule|Endless Battle Clause: Forcing endless battles is banned\n|rule|HP Percentage Mod: HP is shown in percentages\n|rule|Dynamax Clause: You cannot dynamax\n|clearpoke\n|poke|p1|Mew|\n|poke|p1|Slurpuff, F|\n|poke|p1|Vanilluxe, F|\n|poke|p1|Jirachi|\n|poke|p1|Buzzwole|\n|poke|p1|Xatu, F|\n|poke|p2|Mandibuzz, F|\n|poke|p2|Clefable, M|\n|poke|p2|Dragapult, M|\n|poke|p2|Chansey, F|\n|poke|p2|Toxapex, F|\n|poke|p2|Quagsire, F|\n|teampreview\n|\n|t:|1666864538\n|start\n|switch|p1a: Xatu|Xatu, F|100\/100\n|switch|p2a: Kaan|Dragapult, M, shiny|100\/100\n|turn|1\n|inactive|Battle timer is ON: inactive players will automatically lose when time's up. (requested by Antopius)\n|\n|t:|1666864543\n|switch|p1a: Slurpuff|Slurpuff, F|100\/100\n|move|p2a: Kaan|Shadow Ball|p1a: Slurpuff\n|-enditem|p1a: Slurpuff|Focus Sash\n|-damage|p1a: Slurpuff|1\/100\n|\n|upkeep\n|turn|2\n|\n|t:|1666864549\n|move|p1a: Slurpuff|Misty Explosion|p2a: Kaan\n|-supereffective|p2a: Kaan\n|-damage|p2a: Kaan|13\/100\n|faint|p1a: Slurpuff\n|move|p2a: Kaan|Shadow Ball|p1: Slurpuff|[notarget]\n|-fail|p2a: Kaan\n|\n|upkeep\n|\n|t:|1666864557\n|switch|p1a: Vanilluxe|Vanilluxe, F|100\/100\n|-weather|Hail|[from] ability: Snow Warning|[of] p1a: Vanilluxe\n|turn|3\n|\n|t:|1666864562\n|switch|p2a: Amar|Chansey, F, shiny|100\/100\n|move|p1a: Vanilluxe|Aurora Veil|p1a: Vanilluxe\n|-sidestart|p1: LT94JE Allistair|move: Aurora Veil\n|\n|-weather|Hail|[upkeep]\n|-damage|p2a: Amar|94\/100|[from] Hail\n|upkeep\n|turn|4\n|\n|t:|1666864566\n|move|p1a: Vanilluxe|Taunt|p2a: Amar\n|-start|p2a: Amar|move: Taunt\n|cant|p2a: Amar|move: Taunt|Thunder Wave\n|\n|-weather|Hail|[upkeep]\n|-damage|p2a: Amar|88\/100|[from] Hail\n|upkeep\n|turn|5\n|\n|t:|1666864583\n|switch|p1a: Mew|Mew|100\/100\n|move|p2a: Amar|Seismic Toss|p1a: Mew\n|-damage|p1a: Mew|71\/100\n|\n|-weather|Hail|[upkeep]\n|-damage|p1a: Mew|65\/100|[from] Hail\n|-damage|p2a: Amar|82\/100|[from] Hail\n|upkeep\n|turn|6\n|\n|t:|1666864589\n|move|p1a: Mew|Cosmic Power|p1a: Mew\n|-boost|p1a: Mew|def|1\n|-boost|p1a: Mew|spd|1\n|move|p2a: Amar|Seismic Toss|p1a: Mew\n|-damage|p1a: Mew|36\/100\n|\n|-weather|Hail|[upkeep]\n|-damage|p1a: Mew|30\/100|[from] Hail\n|-damage|p2a: Amar|76\/100|[from] Hail\n|-end|p2a: Amar|move: Taunt\n|upkeep\n|turn|7\n|\n|t:|1666864594\n|move|p1a: Mew|Roost|p1a: Mew\n|-heal|p1a: Mew|80\/100\n|-singleturn|p1a: Mew|move: Roost\n|move|p2a: Amar|Teleport|p2a: Amar\n|\n|t:|1666864596\n|switch|p2a: Saitcan|Quagsire, F, shiny|100\/100|[from]move: Teleport\n|\n|-weather|none\n|upkeep\n|turn|8\n|\n|t:|1666864599\n|move|p1a: Mew|Taunt|p2a: Saitcan\n|-start|p2a: Saitcan|move: Taunt\n|cant|p2a: Saitcan|move: Taunt|Toxic\n|\n|upkeep\n|turn|9\n|\n|t:|1666864604\n|switch|p2a: Kaan|Dragapult, M, shiny|13\/100\n|move|p1a: Mew|Cosmic Power|p1a: Mew\n|-boost|p1a: Mew|def|1\n|-boost|p1a: Mew|spd|1\n|\n|upkeep\n|turn|10\n|\n|t:|1666864607\n|move|p2a: Kaan|Shadow Ball|p1a: Mew\n|-supereffective|p1a: Mew\n|-damage|p1a: Mew|29\/100\n|-enditem|p1a: Mew|Weakness Policy\n|-boost|p1a: Mew|atk|2|[from] item: Weakness Policy\n|-boost|p1a: Mew|spa|2|[from] item: Weakness Policy\n|move|p1a: Mew|Stored Power|p2a: Kaan\n|-damage|p2a: Kaan|0 fnt\n|faint|p2a: Kaan\n|\n|-sideend|p1: LT94JE Allistair|move: Aurora Veil\n|upkeep\n|\n|t:|1666864616\n|switch|p2a: Mats|Mandibuzz, F, shiny|100\/100\n|turn|11\n|\n|t:|1666864620\n|move|p1a: Mew|Roost|p1a: Mew\n|-heal|p1a: Mew|79\/100\n|-singleturn|p1a: Mew|move: Roost\n|move|p2a: Mats|Foul Play|p1a: Mew\n|-supereffective|p1a: Mew\n|-damage|p1a: Mew|33\/100\n|\n|upkeep\n|turn|12\n|\n|t:|1666864624\n|move|p1a: Mew|Roost|p1a: Mew\n|-heal|p1a: Mew|83\/100\n|-singleturn|p1a: Mew|move: Roost\n|move|p2a: Mats|Foul Play|p1a: Mew\n|-supereffective|p1a: Mew\n|-damage|p1a: Mew|39\/100\n|\n|upkeep\n|turn|13\n|\n|t:|1666864627\n|move|p1a: Mew|Roost|p1a: Mew\n|-heal|p1a: Mew|89\/100\n|-singleturn|p1a: Mew|move: Roost\n|move|p2a: Mats|Foul Play|p1a: Mew\n|-supereffective|p1a: Mew\n|-damage|p1a: Mew|45\/100\n|\n|upkeep\n|turn|14\n|\n|t:|1666864630\n|move|p1a: Mew|Roost|p1a: Mew\n|-heal|p1a: Mew|96\/100\n|-singleturn|p1a: Mew|move: Roost\n|move|p2a: Mats|Foul Play|p1a: Mew\n|-supereffective|p1a: Mew\n|-damage|p1a: Mew|53\/100\n|\n|upkeep\n|turn|15\n|\n|t:|1666864634\n|move|p1a: Mew|Cosmic Power|p1a: Mew\n|-boost|p1a: Mew|def|1\n|-boost|p1a: Mew|spd|1\n|move|p2a: Mats|Foul Play|p1a: Mew\n|-supereffective|p1a: Mew\n|-damage|p1a: Mew|16\/100\n|\n|upkeep\n|turn|16\n|\n|t:|1666864636\n|move|p1a: Mew|Roost|p1a: Mew\n|-heal|p1a: Mew|66\/100\n|-singleturn|p1a: Mew|move: Roost\n|move|p2a: Mats|Foul Play|p1a: Mew\n|-supereffective|p1a: Mew\n|-damage|p1a: Mew|32\/100\n|\n|upkeep\n|turn|17\n|\n|t:|1666864639\n|move|p1a: Mew|Roost|p1a: Mew\n|-heal|p1a: Mew|83\/100\n|-singleturn|p1a: Mew|move: Roost\n|move|p2a: Mats|Foul Play|p1a: Mew\n|-supereffective|p1a: Mew\n|-damage|p1a: Mew|44\/100\n|\n|upkeep\n|turn|18\n|\n|t:|1666864642\n|move|p1a: Mew|Roost|p1a: Mew\n|-heal|p1a: Mew|94\/100\n|-singleturn|p1a: Mew|move: Roost\n|move|p2a: Mats|Foul Play|p1a: Mew\n|-supereffective|p1a: Mew\n|-damage|p1a: Mew|55\/100\n|\n|upkeep\n|turn|19\n|\n|t:|1666864645\n|move|p1a: Mew|Cosmic Power|p1a: Mew\n|-boost|p1a: Mew|def|1\n|-boost|p1a: Mew|spd|1\n|move|p2a: Mats|Foul Play|p1a: Mew\n|-supereffective|p1a: Mew\n|-damage|p1a: Mew|25\/100\n|\n|upkeep\n|turn|20\n|\n|t:|1666864648\n|move|p1a: Mew|Roost|p1a: Mew\n|-heal|p1a: Mew|75\/100\n|-singleturn|p1a: Mew|move: Roost\n|move|p2a: Mats|Foul Play|p1a: Mew\n|-supereffective|p1a: Mew\n|-damage|p1a: Mew|44\/100\n|\n|upkeep\n|turn|21\n|\n|t:|1666864650\n|move|p1a: Mew|Roost|p1a: Mew\n|-heal|p1a: Mew|95\/100\n|-singleturn|p1a: Mew|move: Roost\n|move|p2a: Mats|Foul Play|p1a: Mew\n|-supereffective|p1a: Mew\n|-damage|p1a: Mew|61\/100\n|\n|upkeep\n|turn|22\n|\n|t:|1666864655\n|move|p1a: Mew|Cosmic Power|p1a: Mew\n|-boost|p1a: Mew|def|1\n|-boost|p1a: Mew|spd|1\n|move|p2a: Mats|Foul Play|p1a: Mew\n|-supereffective|p1a: Mew\n|-damage|p1a: Mew|36\/100\n|\n|upkeep\n|turn|23\n|\n|t:|1666864657\n|move|p1a: Mew|Roost|p1a: Mew\n|-heal|p1a: Mew|86\/100\n|-singleturn|p1a: Mew|move: Roost\n|move|p2a: Mats|Foul Play|p1a: Mew\n|-supereffective|p1a: Mew\n|-damage|p1a: Mew|60\/100\n|\n|upkeep\n|turn|24\n|\n|t:|1666864660\n|move|p1a: Mew|Cosmic Power|p1a: Mew\n|-boost|p1a: Mew|def|1\n|-boost|p1a: Mew|spd|1\n|move|p2a: Mats|Foul Play|p1a: Mew\n|-supereffective|p1a: Mew\n|-damage|p1a: Mew|37\/100\n|\n|upkeep\n|turn|25\n|\n|t:|1666864662\n|move|p1a: Mew|Roost|p1a: Mew\n|-heal|p1a: Mew|87\/100\n|-singleturn|p1a: Mew|move: Roost\n|move|p2a: Mats|Foul Play|p1a: Mew\n|-supereffective|p1a: Mew\n|-damage|p1a: Mew|64\/100\n|\n|upkeep\n|turn|26\n|\n|t:|1666864667\n|move|p1a: Mew|Cosmic Power|p1a: Mew\n|-boost|p1a: Mew|def|0\n|-boost|p1a: Mew|spd|0\n|move|p2a: Mats|Defog|p1a: Mew\n|-unboost|p1a: Mew|evasion|1\n|\n|upkeep\n|turn|27\n|\n|t:|1666864669\n|move|p1a: Mew|Cosmic Power|p1a: Mew\n|-boost|p1a: Mew|def|0\n|-boost|p1a: Mew|spd|0\n|move|p2a: Mats|Foul Play|p1a: Mew\n|-supereffective|p1a: Mew\n|-damage|p1a: Mew|40\/100\n|\n|upkeep\n|turn|28\n|\n|t:|1666864671\n|move|p1a: Mew|Roost|p1a: Mew\n|-heal|p1a: Mew|90\/100\n|-singleturn|p1a: Mew|move: Roost\n|move|p2a: Mats|Foul Play|p1a: Mew\n|-supereffective|p1a: Mew\n|-damage|p1a: Mew|67\/100\n|\n|upkeep\n|turn|29\n|\n|t:|1666864675\n|move|p1a: Mew|Cosmic Power|p1a: Mew\n|-boost|p1a: Mew|def|0\n|-boost|p1a: Mew|spd|0\n|move|p2a: Mats|Defog|p1a: Mew\n|-unboost|p1a: Mew|evasion|1\n|\n|upkeep\n|turn|30\n|\n|t:|1666864677\n|move|p1a: Mew|Cosmic Power|p1a: Mew\n|-boost|p1a: Mew|def|0\n|-boost|p1a: Mew|spd|0\n|move|p2a: Mats|Defog|p1a: Mew\n|-unboost|p1a: Mew|evasion|1\n|\n|upkeep\n|turn|31\n|\n|t:|1666864679\n|move|p1a: Mew|Cosmic Power|p1a: Mew\n|-boost|p1a: Mew|def|0\n|-boost|p1a: Mew|spd|0\n|move|p2a: Mats|Defog|p1a: Mew\n|-unboost|p1a: Mew|evasion|1\n|\n|upkeep\n|turn|32\n|\n|t:|1666864681\n|move|p1a: Mew|Taunt|p2a: Mats\n|-start|p2a: Mats|move: Taunt\n|cant|p2a: Mats|move: Taunt|Defog\n|\n|upkeep\n|turn|33\n|\n|t:|1666864685\n|move|p1a: Mew|Stored Power|p2a: Mats\n|-immune|p2a: Mats\n|move|p2a: Mats|U-turn|p1a: Mew\n|-supereffective|p1a: Mew\n|-damage|p1a: Mew|61\/100\n|j| 0SiegeWarfare\n|\n|t:|1666864689\n|switch|p2a: Tuna|Toxapex, F, shiny|100\/100|[from]move: U-turn\n|\n|upkeep\n|turn|34\n|\n|t:|1666864690\n|move|p2a: Tuna|Baneful Bunker|p2a: Tuna\n|-singleturn|p2a: Tuna|move: Protect\n|move|p1a: Mew|Stored Power|p2a: Tuna\n|-activate|p2a: Tuna|move: Protect\n|\n|upkeep\n|turn|35\n|c| 0SiegeWarfare|Antopius\n|inactive|Antopius has 120 seconds left.\n|\n|t:|1666864723\n|switch|p2a: Mats|Mandibuzz, F, shiny|100\/100\n|move|p1a: Mew|Stored Power|p2a: Mats\n|-immune|p2a: Mats\n|\n|upkeep\n|turn|36\n|\n|t:|1666864730\n|move|p1a: Mew|Cosmic Power|p1a: Mew\n|-boost|p1a: Mew|def|0\n|-boost|p1a: Mew|spd|0\n|move|p2a: Mats|Defog|p1a: Mew\n|-unboost|p1a: Mew|evasion|1\n|\n|upkeep\n|turn|37\n|\n|t:|1666864735\n|move|p1a: Mew|Cosmic Power|p1a: Mew\n|-boost|p1a: Mew|def|0\n|-boost|p1a: Mew|spd|0\n|move|p2a: Mats|U-turn|p1a: Mew\n|-supereffective|p1a: Mew\n|-damage|p1a: Mew|56\/100\n|\n|t:|1666864739\n|switch|p2a: Tuna|Toxapex, F, shiny|100\/100|[from]move: U-turn\n|\n|upkeep\n|turn|38\n|\n|t:|1666864743\n|move|p2a: Tuna|Baneful Bunker|p2a: Tuna\n|-singleturn|p2a: Tuna|move: Protect\n|move|p1a: Mew|Taunt|p2a: Tuna\n|-activate|p2a: Tuna|move: Protect\n|\n|upkeep\n|turn|39\n|\n|t:|1666864748\n|move|p1a: Mew|Cosmic Power|p1a: Mew\n|-boost|p1a: Mew|def|0\n|-boost|p1a: Mew|spd|0\n|move|p2a: Tuna|Scald|p1a: Mew\n|-damage|p1a: Mew|53\/100\n|\n|upkeep\n|turn|40\n|\n|t:|1666864752\n|move|p2a: Tuna|Baneful Bunker|p2a: Tuna\n|-singleturn|p2a: Tuna|move: Protect\n|move|p1a: Mew|Taunt|p2a: Tuna\n|-activate|p2a: Tuna|move: Protect\n|\n|upkeep\n|turn|41\n|\n|t:|1666864757\n|switch|p2a: Mats|Mandibuzz, F, shiny|100\/100\n|move|p1a: Mew|Taunt|p2a: Mats\n|-start|p2a: Mats|move: Taunt\n|\n|upkeep\n|turn|42\n|\n|t:|1666864762\n|move|p1a: Mew|Cosmic Power|p1a: Mew\n|-boost|p1a: Mew|def|0\n|-boost|p1a: Mew|spd|0\n|move|p2a: Mats|U-turn|p1a: Mew\n|-supereffective|p1a: Mew\n|-damage|p1a: Mew|47\/100\n|\n|t:|1666864764\n|switch|p2a: Tuna|Toxapex, F, shiny|100\/100|[from]move: U-turn\n|\n|upkeep\n|turn|43\n|\n|t:|1666864780\n|move|p2a: Tuna|Baneful Bunker|p2a: Tuna\n|-singleturn|p2a: Tuna|move: Protect\n|move|p1a: Mew|Taunt|p2a: Tuna\n|-activate|p2a: Tuna|move: Protect\n|\n|upkeep\n|turn|44\n|\n|t:|1666864784\n|move|p1a: Mew|Taunt|p2a: Tuna\n|-start|p2a: Tuna|move: Taunt\n|move|p2a: Tuna|Scald|p1a: Mew\n|-damage|p1a: Mew|43\/100\n|\n|upkeep\n|turn|45\n|\n|t:|1666864787\n|switch|p2a: Mats|Mandibuzz, F, shiny|100\/100\n|move|p1a: Mew|Roost|p1a: Mew\n|-heal|p1a: Mew|93\/100\n|-singleturn|p1a: Mew|move: Roost\n|\n|upkeep\n|turn|46\n|\n|t:|1666864791\n|move|p1a: Mew|Taunt|p2a: Mats\n|-start|p2a: Mats|move: Taunt\n|move|p2a: Mats|U-turn|p1a: Mew\n|-supereffective|p1a: Mew\n|-damage|p1a: Mew|87\/100\n|\n|t:|1666864793\n|switch|p2a: Tuna|Toxapex, F, shiny|100\/100|[from]move: U-turn\n|\n|upkeep\n|turn|47\n|\n|t:|1666864796\n|move|p1a: Mew|Taunt|p2a: Tuna\n|-start|p2a: Tuna|move: Taunt\n|move|p2a: Tuna|Scald|p1a: Mew\n|-damage|p1a: Mew|83\/100\n|\n|upkeep\n|turn|48\n|\n|t:|1666864799\n|switch|p2a: Mats|Mandibuzz, F, shiny|100\/100\n|move|p1a: Mew|Stored Power|p2a: Mats\n|-immune|p2a: Mats\n|\n|upkeep\n|turn|49\n|inactive|Antopius has 120 seconds left.\n|\n|t:|1666864835\n|move|p1a: Mew|Taunt|p2a: Mats\n|-start|p2a: Mats|move: Taunt\n|cant|p2a: Mats|move: Taunt|Defog\n|\n|upkeep\n|turn|50\n|\n|t:|1666864843\n|move|p1a: Mew|Cosmic Power|p1a: Mew\n|-boost|p1a: Mew|def|0\n|-boost|p1a: Mew|spd|0\n|move|p2a: Mats|U-turn|p1a: Mew\n|-supereffective|p1a: Mew\n|-damage|p1a: Mew|78\/100\n|\n|t:|1666864848\n|switch|p2a: Tuna|Toxapex, F, shiny|100\/100|[from]move: U-turn\n|\n|upkeep\n|turn|51\n|\n|t:|1666864850\n|move|p1a: Mew|Taunt|p2a: Tuna\n|-start|p2a: Tuna|move: Taunt\n|move|p2a: Tuna|Scald|p1a: Mew\n|-damage|p1a: Mew|74\/100\n|\n|upkeep\n|turn|52\n|\n|t:|1666864857\n|switch|p1a: Vanilluxe|Vanilluxe, F|100\/100\n|-weather|Hail|[from] ability: Snow Warning|[of] p1a: Vanilluxe\n|move|p2a: Tuna|Scald|p1a: Vanilluxe\n|-crit|p1a: Vanilluxe\n|-damage|p1a: Vanilluxe|69\/100\n|\n|-weather|Hail|[upkeep]\n|-damage|p2a: Tuna|94\/100|[from] Hail\n|-heal|p2a: Tuna|100\/100|[from] item: Black Sludge\n|upkeep\n|turn|53\n|\n|t:|1666864860\n|move|p1a: Vanilluxe|Aurora Veil|p1a: Vanilluxe\n|-sidestart|p1: LT94JE Allistair|move: Aurora Veil\n|move|p2a: Tuna|Knock Off|p1a: Vanilluxe\n|-damage|p1a: Vanilluxe|57\/100\n|-enditem|p1a: Vanilluxe|Light Clay|[from] move: Knock Off|[of] p2a: Tuna\n|\n|-weather|Hail|[upkeep]\n|-damage|p2a: Tuna|94\/100|[from] Hail\n|-heal|p2a: Tuna|100\/100|[from] item: Black Sludge\n|-end|p2a: Tuna|move: Taunt\n|upkeep\n|turn|54\n|\n|t:|1666864866\n|switch|p2a: Amar|Chansey, F, shiny|76\/100\n|move|p1a: Vanilluxe|Taunt|p2a: Amar\n|-start|p2a: Amar|move: Taunt\n|\n|-weather|Hail|[upkeep]\n|-damage|p2a: Amar|70\/100|[from] Hail\n|upkeep\n|turn|55\n|\n|t:|1666864868\n|move|p1a: Vanilluxe|Explosion|p2a: Amar\n|-damage|p2a: Amar|28\/100\n|faint|p1a: Vanilluxe\n|move|p2a: Amar|Seismic Toss|p1: Vanilluxe|[notarget]\n|-fail|p2a: Amar\n|\n|-weather|Hail|[upkeep]\n|-damage|p2a: Amar|22\/100|[from] Hail\n|upkeep\n|\n|t:|1666864885\n|switch|p1a: Xatu|Xatu, F|100\/100\n|turn|56\n|\n|t:|1666864890\n|switch|p2a: Abdullah|Clefable, M, shiny|100\/100\n|move|p1a: Xatu|Calm Mind|p1a: Xatu\n|-boost|p1a: Xatu|spa|1\n|-boost|p1a: Xatu|spd|1\n|\n|-weather|none\n|upkeep\n|turn|57\n|\n|t:|1666864897\n|move|p1a: Xatu|Cosmic Power|p1a: Xatu\n|-boost|p1a: Xatu|def|1\n|-boost|p1a: Xatu|spd|1\n|move|p2a: Abdullah|Moonblast|p1a: Xatu\n|-damage|p1a: Xatu|89\/100\n|\n|upkeep\n|turn|58\n|\n|t:|1666864903\n|move|p1a: Xatu|Calm Mind|p1a: Xatu\n|-boost|p1a: Xatu|spa|1\n|-boost|p1a: Xatu|spd|1\n|move|p2a: Abdullah|Moonblast|p1a: Xatu\n|-damage|p1a: Xatu|79\/100\n|\n|upkeep\n|turn|59\n|\n|t:|1666864909\n|switch|p2a: Saitcan|Quagsire, F, shiny|100\/100\n|move|p1a: Xatu|Calm Mind|p1a: Xatu\n|-boost|p1a: Xatu|spa|1\n|-boost|p1a: Xatu|spd|1\n|\n|upkeep\n|turn|60\n|\n|t:|1666864912\n|move|p1a: Xatu|Stored Power|p2a: Saitcan\n|-damage|p2a: Saitcan|35\/100\n|move|p2a: Saitcan|Haze|p2a: Saitcan\n|-clearallboost\n|\n|-heal|p2a: Saitcan|41\/100|[from] item: Leftovers\n|-sideend|p1: LT94JE Allistair|move: Aurora Veil\n|upkeep\n|turn|61\n|\n|t:|1666864916\n|move|p1a: Xatu|Calm Mind|p1a: Xatu\n|-boost|p1a: Xatu|spa|1\n|-boost|p1a: Xatu|spd|1\n|move|p2a: Saitcan|Recover|p2a: Saitcan\n|-heal|p2a: Saitcan|91\/100\n|\n|-heal|p2a: Saitcan|97\/100|[from] item: Leftovers\n|upkeep\n|turn|62\n|\n|t:|1666864923\n|move|p1a: Xatu|Cosmic Power|p1a: Xatu\n|-boost|p1a: Xatu|def|1\n|-boost|p1a: Xatu|spd|1\n|move|p2a: Saitcan|Scald|p1a: Xatu\n|-damage|p1a: Xatu|50\/100\n|\n|-heal|p2a: Saitcan|100\/100|[from] item: Leftovers\n|upkeep\n|turn|63\n|\n|t:|1666864928\n|move|p1a: Xatu|Roost|p1a: Xatu\n|-heal|p1a: Xatu|99\/100\n|-singleturn|p1a: Xatu|move: Roost\n|move|p2a: Saitcan|Haze|p2a: Saitcan\n|-clearallboost\n|\n|upkeep\n|turn|64\n|c|\u2606LT94JE Allistair|how boring\n|\n|t:|1666864941\n|switch|p1a: Mew|Mew|74\/100\n|move|p2a: Saitcan|Scald|p1a: Mew\n|-damage|p1a: Mew|57\/100\n|\n|upkeep\n|turn|65\n|j| Jongruenwald\n|\n|t:|1666864948\n|switch|p2a: Mats|Mandibuzz, F, shiny|100\/100\n|move|p1a: Mew|Cosmic Power|p1a: Mew\n|-boost|p1a: Mew|def|1\n|-boost|p1a: Mew|spd|1\n|\n|upkeep\n|turn|66\n|\n|t:|1666864951\n|move|p1a: Mew|Cosmic Power|p1a: Mew\n|-boost|p1a: Mew|def|1\n|-boost|p1a: Mew|spd|1\n|move|p2a: Mats|Foul Play|p1a: Mew\n|-supereffective|p1a: Mew\n|-damage|p1a: Mew|32\/100\n|\n|upkeep\n|turn|67\n|\n|t:|1666864955\n|move|p1a: Mew|Roost|p1a: Mew\n|-heal|p1a: Mew|83\/100\n|-singleturn|p1a: Mew|move: Roost\n|move|p2a: Mats|U-turn|p1a: Mew\n|-supereffective|p1a: Mew\n|-damage|p1a: Mew|73\/100\n|\n|t:|1666864957\n|switch|p2a: Abdullah|Clefable, M, shiny|100\/100|[from]move: U-turn\n|\n|upkeep\n|turn|68\n|\n|t:|1666864962\n|move|p1a: Mew|Taunt|p2a: Abdullah\n|-start|p2a: Abdullah|move: Taunt\n|move|p2a: Abdullah|Moonblast|p1a: Mew\n|-damage|p1a: Mew|59\/100\n|\n|upkeep\n|turn|69\n|\n|t:|1666864964\n|move|p1a: Mew|Stored Power|p2a: Abdullah\n|-damage|p2a: Abdullah|70\/100\n|move|p2a: Abdullah|Moonblast|p1a: Mew\n|-damage|p1a: Mew|45\/100\n|-unboost|p1a: Mew|spa|1\n|\n|-heal|p2a: Abdullah|76\/100|[from] item: Leftovers\n|upkeep\n|turn|70\n|\n|t:|1666864970\n|switch|p2a: Mats|Mandibuzz, F, shiny|100\/100\n|move|p1a: Mew|Stored Power|p2a: Mats\n|-immune|p2a: Mats\n|\n|upkeep\n|turn|71\n|inactive|Antopius has 120 seconds left.\n|c|\u2606LT94JE Allistair|although this might not even be a bad stall team\n|j| Wiimicks\n|inactive|Antopius has 90 seconds left.\n|\n|t:|1666865049\n|move|p1a: Mew|Cosmic Power|p1a: Mew\n|-boost|p1a: Mew|def|1\n|-boost|p1a: Mew|spd|1\n|move|p2a: Mats|U-turn|p1a: Mew\n|-supereffective|p1a: Mew\n|-damage|p1a: Mew|37\/100\n|\n|t:|1666865052\n|switch|p2a: Tuna|Toxapex, F, shiny|100\/100|[from]move: U-turn\n|\n|upkeep\n|turn|72\n|\n|t:|1666865057\n|move|p2a: Tuna|Baneful Bunker|p2a: Tuna\n|-singleturn|p2a: Tuna|move: Protect\n|move|p1a: Mew|Cosmic Power|p1a: Mew\n|-boost|p1a: Mew|def|1\n|-boost|p1a: Mew|spd|1\n|\n|upkeep\n|turn|73\n|\n|t:|1666865061\n|switch|p2a: Mats|Mandibuzz, F, shiny|100\/100\n|move|p1a: Mew|Stored Power|p2a: Mats\n|-immune|p2a: Mats\n|\n|upkeep\n|turn|74\n|\n|t:|1666865066\n|move|p1a: Mew|Roost|p1a: Mew\n|-heal|p1a: Mew|88\/100\n|-singleturn|p1a: Mew|move: Roost\n|move|p2a: Mats|U-turn|p1a: Mew\n|-supereffective|p1a: Mew\n|-damage|p1a: Mew|80\/100\n|inactive|Antopius has 90 seconds left.\n|inactive|Antopius has 60 seconds left.\n|\n|t:|1666865129\n|switch|p2a: Tuna|Toxapex, F, shiny|100\/100|[from]move: U-turn\n|\n|upkeep\n|turn|75\n|l| Jongruenwald\n|inactive|LT94JE Allistair has 120 seconds left.\n|inactive|LT94JE Allistair has 90 seconds left.\n|\n|t:|1666865219\n|move|p2a: Tuna|Baneful Bunker|p2a: Tuna\n|-singleturn|p2a: Tuna|move: Protect\n|move|p1a: Mew|Stored Power|p2a: Tuna\n|-activate|p2a: Tuna|move: Protect\n|\n|upkeep\n|turn|76\n|\n|t:|1666865224\n|switch|p1a: Xatu|Xatu, F|99\/100\n|move|p2a: Tuna|Scald|p1a: Xatu\n|-damage|p1a: Xatu|75\/100\n|\n|upkeep\n|turn|77\n|\n|t:|1666865229\n|move|p1a: Xatu|Calm Mind|p1a: Xatu\n|-boost|p1a: Xatu|spa|1\n|-boost|p1a: Xatu|spd|1\n|move|p2a: Tuna|Scald|p1a: Xatu\n|-damage|p1a: Xatu|60\/100\n|\n|upkeep\n|turn|78\n|\n|t:|1666865232\n|move|p1a: Xatu|Cosmic Power|p1a: Xatu\n|-boost|p1a: Xatu|def|1\n|-boost|p1a: Xatu|spd|1\n|move|p2a: Tuna|Scald|p1a: Xatu\n|-damage|p1a: Xatu|49\/100\n|\n|upkeep\n|turn|79\n|\n|t:|1666865236\n|switch|p2a: Saitcan|Quagsire, F, shiny|100\/100\n|move|p1a: Xatu|Calm Mind|p1a: Xatu\n|-boost|p1a: Xatu|spa|1\n|-boost|p1a: Xatu|spd|1\n|\n|upkeep\n|turn|80\n|\n|t:|1666865240\n|move|p1a: Xatu|Stored Power|p2a: Saitcan\n|-damage|p2a: Saitcan|51\/100\n|move|p2a: Saitcan|Haze|p2a: Saitcan\n|-clearallboost\n|\n|-heal|p2a: Saitcan|57\/100|[from] item: Leftovers\n|upkeep\n|turn|81\n|\n|t:|1666865243\n|move|p1a: Xatu|Roost|p1a: Xatu\n|-heal|p1a: Xatu|99\/100\n|-singleturn|p1a: Xatu|move: Roost\n|move|p2a: Saitcan|Recover|p2a: Saitcan\n|-heal|p2a: Saitcan|100\/100\n|\n|upkeep\n|turn|82\n|\n|t:|1666865248\n|switch|p1a: Mew|Mew|80\/100\n|move|p2a: Saitcan|Scald|p1a: Mew\n|-damage|p1a: Mew|62\/100\n|-status|p1a: Mew|brn\n|-activate|p1a: Mew|ability: Synchronize\n|-status|p2a: Saitcan|brn\n|\n|-damage|p1a: Mew|56\/100 brn|[from] brn\n|-damage|p2a: Saitcan|94\/100 brn|[from] brn\n|upkeep\n|turn|83\n|\n|t:|1666865255\n|switch|p1a: Jirachi|Jirachi|100\/100\n|switch|p2a: Mats|Mandibuzz, F, shiny|100\/100\n|\n|upkeep\n|turn|84\n|\n|t:|1666865259\n|move|p1a: Jirachi|Cosmic Power|p1a: Jirachi\n|-boost|p1a: Jirachi|def|1\n|-boost|p1a: Jirachi|spd|1\n|move|p2a: Mats|U-turn|p1a: Jirachi\n|-damage|p1a: Jirachi|94\/100\n|\n|t:|1666865265\n|switch|p2a: Saitcan|Quagsire, F, shiny|94\/100 brn|[from]move: U-turn\n|\n|-heal|p2a: Saitcan|100\/100 brn|[from] item: Leftovers\n|-damage|p2a: Saitcan|94\/100 brn|[from] brn\n|upkeep\n|turn|85\n|\n|t:|1666865269\n|move|p1a: Jirachi|Cosmic Power|p1a: Jirachi\n|-boost|p1a: Jirachi|def|1\n|-boost|p1a: Jirachi|spd|1\n|move|p2a: Saitcan|Haze|p2a: Saitcan\n|-clearallboost\n|\n|-heal|p2a: Saitcan|100\/100 brn|[from] item: Leftovers\n|-damage|p2a: Saitcan|94\/100 brn|[from] brn\n|upkeep\n|turn|86\n|\n|t:|1666865271\n|move|p1a: Jirachi|Stored Power|p2a: Saitcan\n|-damage|p2a: Saitcan|85\/100 brn\n|move|p2a: Saitcan|Scald|p1a: Jirachi\n|-damage|p1a: Jirachi|73\/100\n|\n|-heal|p2a: Saitcan|91\/100 brn|[from] item: Leftovers\n|-damage|p2a: Saitcan|85\/100 brn|[from] brn\n|upkeep\n|turn|87\n|\n|t:|1666865274\n|move|p1a: Jirachi|Wish|p1a: Jirachi\n|move|p2a: Saitcan|Scald|p1a: Jirachi\n|-damage|p1a: Jirachi|54\/100\n|\n|-heal|p2a: Saitcan|91\/100 brn|[from] item: Leftovers\n|-damage|p2a: Saitcan|85\/100 brn|[from] brn\n|upkeep\n|turn|88\n|\n|t:|1666865278\n|move|p1a: Jirachi|Cosmic Power|p1a: Jirachi\n|-boost|p1a: Jirachi|def|1\n|-boost|p1a: Jirachi|spd|1\n|move|p2a: Saitcan|Scald|p1a: Jirachi\n|-damage|p1a: Jirachi|34\/100\n|\n|-heal|p1a: Jirachi|84\/100|[from] move: Wish|[wisher] Jirachi\n|-heal|p2a: Saitcan|91\/100 brn|[from] item: Leftovers\n|-damage|p2a: Saitcan|85\/100 brn|[from] brn\n|upkeep\n|turn|89\n|\n|t:|1666865284\n|move|p1a: Jirachi|Cosmic Power|p1a: Jirachi\n|-boost|p1a: Jirachi|def|1\n|-boost|p1a: Jirachi|spd|1\n|move|p2a: Saitcan|Scald|p1a: Jirachi\n|-damage|p1a: Jirachi|64\/100\n|-status|p1a: Jirachi|brn\n|\n|-heal|p2a: Saitcan|91\/100 brn|[from] item: Leftovers\n|-damage|p1a: Jirachi|58\/100 brn|[from] brn\n|-damage|p2a: Saitcan|85\/100 brn|[from] brn\n|upkeep\n|turn|90\n|\n|t:|1666865288\n|move|p1a: Jirachi|Wish|p1a: Jirachi\n|move|p2a: Saitcan|Haze|p2a: Saitcan\n|-clearallboost\n|\n|-heal|p2a: Saitcan|91\/100 brn|[from] item: Leftovers\n|-damage|p1a: Jirachi|52\/100 brn|[from] brn\n|-damage|p2a: Saitcan|85\/100 brn|[from] brn\n|upkeep\n|turn|91\n|\n|t:|1666865300\n|switch|p2a: Amar|Chansey, F, shiny|22\/100\n|move|p1a: Jirachi|Cosmic Power|p1a: Jirachi\n|-boost|p1a: Jirachi|def|1\n|-boost|p1a: Jirachi|spd|1\n|\n|-heal|p1a: Jirachi|100\/100 brn|[from] move: Wish|[wisher] Jirachi\n|-damage|p1a: Jirachi|94\/100 brn|[from] brn\n|upkeep\n|turn|92\n|\n|t:|1666865308\n|move|p1a: Jirachi|Cosmic Power|p1a: Jirachi\n|-boost|p1a: Jirachi|def|1\n|-boost|p1a: Jirachi|spd|1\n|move|p2a: Amar|Soft-Boiled|p2a: Amar\n|-heal|p2a: Amar|72\/100\n|\n|-damage|p1a: Jirachi|88\/100 brn|[from] brn\n|upkeep\n|turn|93\n|\n|t:|1666865311\n|move|p1a: Jirachi|Cosmic Power|p1a: Jirachi\n|-boost|p1a: Jirachi|def|1\n|-boost|p1a: Jirachi|spd|1\n|move|p2a: Amar|Soft-Boiled|p2a: Amar\n|-heal|p2a: Amar|100\/100\n|\n|-damage|p1a: Jirachi|82\/100 brn|[from] brn\n|upkeep\n|turn|94\n|\n|t:|1666865315\n|move|p1a: Jirachi|Cosmic Power|p1a: Jirachi\n|-boost|p1a: Jirachi|def|1\n|-boost|p1a: Jirachi|spd|1\n|move|p2a: Amar|Teleport|p2a: Amar\n|\n|t:|1666865316\n|switch|p2a: Saitcan|Quagsire, F, shiny|85\/100 brn|[from]move: Teleport\n|\n|-heal|p2a: Saitcan|91\/100 brn|[from] item: Leftovers\n|-damage|p1a: Jirachi|76\/100 brn|[from] brn\n|-damage|p2a: Saitcan|85\/100 brn|[from] brn\n|upkeep\n|turn|95\n|\n|t:|1666865319\n|move|p1a: Jirachi|Stored Power|p2a: Saitcan\n|-damage|p2a: Saitcan|0 fnt\n|faint|p2a: Saitcan\n|\n|-damage|p1a: Jirachi|70\/100 brn|[from] brn\n|upkeep\n|\n|t:|1666865333\n|switch|p2a: Mats|Mandibuzz, F, shiny|100\/100\n|turn|96\n|\n|t:|1666865338\n|move|p1a: Jirachi|Wish|p1a: Jirachi\n|move|p2a: Mats|U-turn|p1a: Jirachi\n|-damage|p1a: Jirachi|66\/100 brn\n|\n|t:|1666865342\n|switch|p2a: Amar|Chansey, F, shiny|100\/100|[from]move: U-turn\n|\n|-damage|p1a: Jirachi|60\/100 brn|[from] brn\n|upkeep\n|turn|97\n|\n|t:|1666865344\n|move|p1a: Jirachi|Cosmic Power|p1a: Jirachi\n|-boost|p1a: Jirachi|def|1\n|-boost|p1a: Jirachi|spd|1\n|move|p2a: Amar|Seismic Toss|p1a: Jirachi\n|-damage|p1a: Jirachi|30\/100 brn\n|\n|-heal|p1a: Jirachi|80\/100 brn|[from] move: Wish|[wisher] Jirachi\n|-damage|p1a: Jirachi|74\/100 brn|[from] brn\n|upkeep\n|turn|98\n|\n|t:|1666865346\n|move|p1a: Jirachi|Wish|p1a: Jirachi\n|move|p2a: Amar|Seismic Toss|p1a: Jirachi\n|-damage|p1a: Jirachi|45\/100 brn\n|\n|-damage|p1a: Jirachi|39\/100 brn|[from] brn\n|upkeep\n|turn|99\n|\n|t:|1666865349\n|move|p1a: Jirachi|Cosmic Power|p1a: Jirachi\n|-boost|p1a: Jirachi|def|1\n|-boost|p1a: Jirachi|spd|1\n|move|p2a: Amar|Seismic Toss|p1a: Jirachi\n|-damage|p1a: Jirachi|9\/100 brn\n|\n|-heal|p1a: Jirachi|59\/100 brn|[from] move: Wish|[wisher] Jirachi\n|-damage|p1a: Jirachi|53\/100 brn|[from] brn\n|upkeep\n|turn|100\n|\n|t:|1666865360\n|move|p1a: Jirachi|Stored Power|p2a: Amar\n|-damage|p2a: Amar|71\/100\n|move|p2a: Amar|Seismic Toss|p1a: Jirachi\n|-damage|p1a: Jirachi|24\/100 brn\n|\n|-damage|p1a: Jirachi|18\/100 brn|[from] brn\n|upkeep\n|turn|101\n|\n|t:|1666865366\n|move|p1a: Jirachi|Wish|p1a: Jirachi\n|move|p2a: Amar|Seismic Toss|p1a: Jirachi\n|-damage|p1a: Jirachi|0 fnt\n|faint|p1a: Jirachi\n|\n|upkeep\n|\n|t:|1666865369\n|switch|p1a: Xatu|Xatu, F|99\/100\n|turn|102\n|\n|t:|1666865373\n|move|p1a: Xatu|Cosmic Power|p1a: Xatu\n|-boost|p1a: Xatu|def|1\n|-boost|p1a: Xatu|spd|1\n|move|p2a: Amar|Teleport|p2a: Amar\n|\n|t:|1666865375\n|switch|p2a: Tuna|Toxapex, F, shiny|100\/100|[from]move: Teleport\n|\n|-heal|p1a: Xatu|100\/100|[from] move: Wish|[wisher] Jirachi\n|upkeep\n|turn|103\n|\n|t:|1666865379\n|move|p1a: Xatu|Calm Mind|p1a: Xatu\n|-boost|p1a: Xatu|spa|1\n|-boost|p1a: Xatu|spd|1\n|move|p2a: Tuna|Scald|p1a: Xatu\n|-damage|p1a: Xatu|89\/100\n|\n|upkeep\n|turn|104\n|\n|t:|1666865382\n|move|p1a: Xatu|Calm Mind|p1a: Xatu\n|-boost|p1a: Xatu|spa|1\n|-boost|p1a: Xatu|spd|1\n|move|p2a: Tuna|Scald|p1a: Xatu\n|-damage|p1a: Xatu|79\/100\n|\n|upkeep\n|turn|105\n|\n|t:|1666865384\n|move|p1a: Xatu|Stored Power|p2a: Tuna\n|-supereffective|p2a: Tuna\n|-crit|p2a: Tuna\n|-damage|p2a: Tuna|0 fnt\n|faint|p2a: Tuna\n|\n|upkeep\n|-message|Antopius forfeited.\n|\n|win|LT94JE Allistair\n|raw|LT94JE Allistair's rating: 1665 &rarr; <strong>1683<\/strong><br \/>(+18 for winning)\n|raw|Antopius's rating: 1633 &rarr; <strong>1615<\/strong><br \/>(-18 for losing)\n|l|\u2606Antopius\n|l|\u2606LT94JE Allistair\n||Ladder isn't responding, score probably updated but might not have (Request timeout).\n|l| Wiimicks\n","uploadtime":1666866874,"views":8,"p1id":"lt94jeallistair","p2id":"antopius","formatid":"gen8ou","rating":1615,"private":0,"password":null}