{"id":"gen8ou-1086365830","p1":"I 40 ladroni","p2":"CarlyBae","format":"gen8ou","log":"|j|\u2606I 40 ladroni\n|j|\u2606CarlyBae\n|player|p1|I 40 ladroni|265|1570\n|player|p2|CarlyBae|dawn-gen4pt|1615\n|teamsize|p1|6\n|teamsize|p2|6\n|gametype|singles\n|gen|8\n|tier|[Gen 8] OU\n|rated|\n|html|<div class=\"broadcast-red\"><strong>OU is currently suspecting Arena Trap! For information on how to participate check out the <a href=\"https:\/\/www.smogon.com\/forums\/threads\/3661134\/\">suspect thread<\/a>.<\/strong><\/div>\n|clearpoke\n|poke|p1|Conkeldurr, M|\n|poke|p1|Seismitoad, M|\n|poke|p1|Corviknight, M|\n|poke|p1|Bisharp, M|\n|poke|p1|Rotom-Heat|\n|poke|p1|Clefable, F|\n|poke|p2|Crawdaunt, M|\n|poke|p2|Cinderace, F|\n|poke|p2|Mamoswine, M|\n|poke|p2|Aegislash, F|\n|poke|p2|Flygon, F|\n|poke|p2|Zeraora|\n|rule|Sleep Clause Mod: Limit one foe put to sleep\n|rule|Species Clause: Limit one of each Pok\u00e9mon\n|rule|OHKO Clause: OHKO moves are banned\n|rule|Evasion Moves Clause: Evasion moves are banned\n|rule|Endless Battle Clause: Forcing endless battles is banned\n|rule|HP Percentage Mod: HP is shown in percentages\n|rule|Dynamax Clause: You cannot dynamax\n|teampreview\n|inactive|Battle timer is ON: inactive players will automatically lose when time's up. (requested by I 40 ladroni)\n|\n|start\n|switch|p1a: Rotom|Rotom-Heat|100\/100\n|switch|p2a: Cinderace|Cinderace, F|100\/100\n|turn|1\n|\n|move|p1a: Rotom|Volt Switch|p2a: Cinderace\n|-damage|p2a: Cinderace|56\/100\n|\n|switch|p1a: Conkeldurr|Conkeldurr, M|100\/100|[from]move: Volt Switch\n|move|p2a: Cinderace|Pyro Ball|p1a: Conkeldurr\n|-damage|p1a: Conkeldurr|19\/100\n|-status|p1a: Conkeldurr|brn\n|\n|-damage|p1a: Conkeldurr|13\/100 brn|[from] brn\n|upkeep\n|turn|2\n|\n|switch|p2a: Aegislash|Aegislash, F|100\/100\n|move|p1a: Conkeldurr|Mach Punch|p2a: Aegislash\n|-immune|p2a: Aegislash\n|\n|-damage|p1a: Conkeldurr|7\/100 brn|[from] brn\n|upkeep\n|turn|3\n|\n|switch|p1a: Corviknight|Corviknight, M|100\/100\n|-ability|p1a: Corviknight|Pressure\n|-formechange|p2a: Aegislash|Aegislash-Blade||[from] ability: Stance Change\n|move|p2a: Aegislash|Shadow Claw|p1a: Corviknight\n|-damage|p1a: Corviknight|51\/100\n|\n|-heal|p1a: Corviknight|57\/100|[from] item: Leftovers\n|upkeep\n|turn|4\n|\n|move|p2a: Aegislash|Shadow Claw|p1a: Corviknight\n|-damage|p1a: Corviknight|10\/100\n|move|p1a: Corviknight|Roost|p1a: Corviknight\n|-heal|p1a: Corviknight|60\/100\n|-singleturn|p1a: Corviknight|move: Roost\n|\n|-heal|p1a: Corviknight|66\/100|[from] item: Leftovers\n|upkeep\n|turn|5\n|\n|switch|p2a: Cinderace|Cinderace, F|56\/100\n|switch|p1a: Bisharp|Bisharp, M|100\/100\n|\n|upkeep\n|turn|6\n|\n|switch|p2a: Flygon|Flygon, F|100\/100\n|move|p1a: Bisharp|Sucker Punch||[still]\n|-fail|p1a: Bisharp\n|\n|upkeep\n|turn|7\n|\n|switch|p1a: Rotom|Rotom-Heat|100\/100\n|move|p2a: Flygon|U-turn|p1a: Rotom\n|-resisted|p1a: Rotom\n|-damage|p1a: Rotom|81\/100\n|\n|switch|p2a: Zeraora|Zeraora|100\/100|[from]move: U-turn\n|\n|upkeep\n|turn|8\n|\n|move|p1a: Rotom|Trick|p2a: Zeraora\n|-activate|p1a: Rotom|move: Trick|[of] p2a: Zeraora\n|-item|p2a: Zeraora|Choice Scarf|[from] move: Trick\n|-item|p1a: Rotom|Choice Band|[from] move: Trick\n|move|p2a: Zeraora|Knock Off|p1a: Rotom\n|-damage|p1a: Rotom|42\/100\n|-enditem|p1a: Rotom|Choice Band|[from] move: Knock Off|[of] p2a: Zeraora\n|\n|upkeep\n|turn|9\n|\n|switch|p1a: Clefable|Clefable, F|100\/100\n|move|p2a: Zeraora|Knock Off|p1a: Clefable\n|-resisted|p1a: Clefable\n|-damage|p1a: Clefable|88\/100\n|-enditem|p1a: Clefable|Leftovers|[from] move: Knock Off|[of] p2a: Zeraora\n|\n|upkeep\n|turn|10\n|\n|switch|p2a: Aegislash|Aegislash, F|100\/100\n|move|p1a: Clefable|Wish|p1a: Clefable\n|\n|upkeep\n|turn|11\n|\n|switch|p1a: Bisharp|Bisharp, M|100\/100\n|-formechange|p2a: Aegislash|Aegislash-Blade||[from] ability: Stance Change\n|move|p2a: Aegislash|Shadow Claw|p1a: Bisharp\n|-resisted|p1a: Bisharp\n|-damage|p1a: Bisharp|62\/100\n|\n|-heal|p1a: Bisharp|100\/100|[from] move: Wish|[wisher] Clefable\n|upkeep\n|turn|12\n|\n|switch|p2a: Flygon|Flygon, F|100\/100\n|move|p1a: Bisharp|Knock Off|p2a: Flygon\n|-damage|p2a: Flygon|18\/100\n|-enditem|p2a: Flygon|Choice Band|[from] move: Knock Off|[of] p1a: Bisharp\n|\n|upkeep\n|turn|13\n|\n|move|p2a: Flygon|First Impression|p1a: Bisharp\n|-damage|p1a: Bisharp|68\/100\n|move|p1a: Bisharp|Sucker Punch||[still]\n|-fail|p1a: Bisharp\n|\n|upkeep\n|turn|14\n|\n|move|p1a: Bisharp|Sucker Punch|p2a: Flygon\n|-damage|p2a: Flygon|0 fnt\n|faint|p2a: Flygon\n|\n|upkeep\n|\n|switch|p2a: Crawdaunt|Crawdaunt, M|100\/100\n|turn|15\n|\n|switch|p1a: Seismitoad|Seismitoad, M|100\/100\n|move|p2a: Crawdaunt|Knock Off|p1a: Seismitoad\n|-damage|p1a: Seismitoad|25\/100\n|-enditem|p1a: Seismitoad|Leftovers|[from] move: Knock Off|[of] p2a: Crawdaunt\n|\n|upkeep\n|turn|16\n|\n|move|p2a: Crawdaunt|Knock Off|p1a: Seismitoad\n|-damage|p1a: Seismitoad|0 fnt\n|faint|p1a: Seismitoad\n|\n|upkeep\n|\n|switch|p1a: Bisharp|Bisharp, M|68\/100\n|turn|17\n|\n|move|p1a: Bisharp|Swords Dance|p1a: Bisharp\n|-boost|p1a: Bisharp|atk|2\n|move|p2a: Crawdaunt|Knock Off|p1a: Bisharp\n|-resisted|p1a: Bisharp\n|-damage|p1a: Bisharp|0 fnt\n|-enditem|p1a: Bisharp|Black Glasses|[from] move: Knock Off|[of] p2a: Crawdaunt\n|faint|p1a: Bisharp\n|\n|upkeep\n|-message|I 40 ladroni forfeited.\n|\n|win|CarlyBae\n|l|\u2606I 40 ladroni\n","uploadtime":1585332909,"views":3,"p1id":"i40ladroni","p2id":"carlybae","formatid":"gen8ou","rating":0,"private":0,"password":null}