{"id":"gen8ou-1690003305","p1":"stealthalo","p2":"Not Sarcasm","format":"gen8ou","log":"|html|<div class=\"broadcast-blue\"><strong>[Gen 8] OU is currently suspecting Melmetal! For information on how to participate check out the <a href=\"https:\/\/www.smogon.com\/forums\/threads\/np-ss-ou-suspect-process-round-12-monster-mash.3709234\/\">suspect thread<\/a>.<\/strong><\/div>\n|j|\u2606stealthalo\n|j|\u2606Not Sarcasm\n|t:|1666223811\n|gametype|singles\n|player|p1|stealthalo|1|1755\n|player|p2|Not Sarcasm|266|1755\n|teamsize|p1|6\n|teamsize|p2|6\n|gen|8\n|tier|[Gen 8] OU\n|rated|\n|rule|Sleep Clause Mod: Limit one foe put to sleep\n|rule|Species Clause: Limit one of each Pok\u00e9mon\n|rule|OHKO Clause: OHKO moves are banned\n|rule|Evasion Items Clause: Evasion items are banned\n|rule|Evasion Moves Clause: Evasion moves are banned\n|rule|Endless Battle Clause: Forcing endless battles is banned\n|rule|HP Percentage Mod: HP is shown in percentages\n|rule|Dynamax Clause: You cannot dynamax\n|clearpoke\n|poke|p1|Weezing-Galar, M|\n|poke|p1|Hippowdon, M|\n|poke|p1|Slowbro, F|\n|poke|p1|Ferrothorn, F|\n|poke|p1|Urshifu-*, M|\n|poke|p1|Dracozolt|\n|poke|p2|Rillaboom, M|\n|poke|p2|Tornadus-Therian, M|\n|poke|p2|Blaziken, M|\n|poke|p2|Melmetal|\n|poke|p2|Garchomp, M|\n|poke|p2|Slowbro, M|\n|teampreview\n|j| CutePokesOnly\n|j| t-yeu\n|inactive|Battle timer is ON: inactive players will automatically lose when time's up. (requested by stealthalo)\n|\n|t:|1666223872\n|start\n|switch|p1a: Hippowdon|Hippowdon, M|100\/100\n|switch|p2a: Tornadus|Tornadus-Therian, M|100\/100\n|-weather|Sandstorm|[from] ability: Sand Stream|[of] p1a: Hippowdon\n|turn|1\n|\n|t:|1666223880\n|move|p2a: Tornadus|Knock Off|p1a: Hippowdon\n|-damage|p1a: Hippowdon|88\/100\n|-enditem|p1a: Hippowdon|Leftovers|[from] move: Knock Off|[of] p2a: Tornadus\n|move|p1a: Hippowdon|Toxic|p2a: Tornadus\n|-status|p2a: Tornadus|tox\n|\n|-weather|Sandstorm|[upkeep]\n|-damage|p2a: Tornadus|94\/100 tox|[from] Sandstorm\n|-damage|p2a: Tornadus|88\/100 tox|[from] psn\n|upkeep\n|turn|2\n|\n|t:|1666223890\n|move|p2a: Tornadus|U-turn|p1a: Hippowdon\n|-damage|p1a: Hippowdon|78\/100\n|\n|t:|1666223892\n|switch|p2a: Slowbro|Slowbro, M|100\/100|[from]move: U-turn\n|move|p1a: Hippowdon|Stealth Rock|p2a: Slowbro\n|-sidestart|p2: Not Sarcasm|move: Stealth Rock\n|\n|-weather|Sandstorm|[upkeep]\n|-damage|p2a: Slowbro|94\/100|[from] Sandstorm\n|upkeep\n|turn|3\n|\n|t:|1666223901\n|move|p1a: Hippowdon|Toxic|p2a: Slowbro\n|-status|p2a: Slowbro|tox\n|move|p2a: Slowbro|Toxic|p1a: Hippowdon\n|-status|p1a: Hippowdon|tox\n|\n|-weather|Sandstorm|[upkeep]\n|-damage|p2a: Slowbro|88\/100 tox|[from] Sandstorm\n|-damage|p1a: Hippowdon|72\/100 tox|[from] psn\n|-damage|p2a: Slowbro|82\/100 tox|[from] psn\n|upkeep\n|turn|4\n|\n|t:|1666223912\n|switch|p1a: Slowbro|Slowbro, F|100\/100\n|move|p2a: Slowbro|Teleport|p2a: Slowbro\n|\n|t:|1666223915\n|switch|p2a: Rillaboom|Rillaboom, M|100\/100|[from]move: Teleport\n|-damage|p2a: Rillaboom|88\/100|[from] Stealth Rock\n|-fieldstart|move: Grassy Terrain|[from] ability: Grassy Surge|[of] p2a: Rillaboom\n|\n|-weather|Sandstorm|[upkeep]\n|-damage|p2a: Rillaboom|82\/100|[from] Sandstorm\n|-damage|p1a: Slowbro|94\/100|[from] Sandstorm\n|-heal|p2a: Rillaboom|88\/100|[from] Grassy Terrain\n|-heal|p2a: Rillaboom|94\/100|[from] item: Leftovers\n|-heal|p1a: Slowbro|100\/100|[from] Grassy Terrain\n|upkeep\n|turn|5\n|\n|t:|1666223933\n|switch|p1a: Weezing|Weezing-Galar, M|100\/100\n|move|p2a: Rillaboom|Knock Off|p1a: Weezing\n|-resisted|p1a: Weezing\n|-crit|p1a: Weezing\n|-damage|p1a: Weezing|84\/100\n|-damage|p2a: Rillaboom|78\/100|[from] item: Rocky Helmet|[of] p1a: Weezing\n|-enditem|p1a: Weezing|Rocky Helmet|[from] move: Knock Off|[of] p2a: Rillaboom\n|\n|-weather|none\n|-heal|p2a: Rillaboom|84\/100|[from] Grassy Terrain\n|-heal|p2a: Rillaboom|90\/100|[from] item: Leftovers\n|upkeep\n|turn|6\n|c|\u2606Not Sarcasm|why do you have slowbro\/weezing?\n|j| Wiimicks\n|\n|t:|1666223952\n|switch|p2a: Slowbro|Slowbro, M|100\/100 tox\n|-damage|p2a: Slowbro|88\/100 tox|[from] Stealth Rock\n|move|p1a: Weezing|Toxic Spikes|p2a: Slowbro\n|-sidestart|p2: Not Sarcasm|move: Toxic Spikes\n|\n|-heal|p2a: Slowbro|94\/100 tox|[from] Grassy Terrain\n|-damage|p2a: Slowbro|88\/100 tox|[from] psn\n|upkeep\n|turn|7\n|\n|t:|1666223969\n|switch|p1a: Ferrothorn|Ferrothorn, F|100\/100\n|move|p2a: Slowbro|Future Sight|p1a: Ferrothorn\n|-start|p2a: Slowbro|move: Future Sight\n|\n|-heal|p2a: Slowbro|94\/100 tox|[from] Grassy Terrain\n|-damage|p2a: Slowbro|82\/100 tox|[from] psn\n|upkeep\n|turn|8\n|\n|t:|1666223977\n|move|p1a: Ferrothorn|Knock Off|p2a: Slowbro\n|-supereffective|p2a: Slowbro\n|-damage|p2a: Slowbro|59\/100 tox\n|-damage|p1a: Ferrothorn|84\/100|[from] item: Rocky Helmet|[of] p2a: Slowbro\n|-enditem|p2a: Slowbro|Rocky Helmet|[from] move: Knock Off|[of] p1a: Ferrothorn\n|move|p2a: Slowbro|Teleport|p2a: Slowbro\n|\n|t:|1666223983\n|switch|p2a: Tornadus|Tornadus-Therian, M|100\/100 tox|[from]move: Teleport\n|\n|-heal|p1a: Ferrothorn|90\/100|[from] Grassy Terrain\n|-heal|p1a: Ferrothorn|97\/100|[from] item: Leftovers\n|-damage|p2a: Tornadus|94\/100 tox|[from] psn\n|-fieldend|move: Grassy Terrain\n|upkeep\n|turn|9\n|\n|t:|1666223994\n|switch|p1a: Slowbro|Slowbro, F|100\/100\n|move|p2a: Tornadus|Heat Wave|p1a: Slowbro\n|-resisted|p1a: Slowbro\n|-damage|p1a: Slowbro|92\/100\n|\n|-end|p1a: Slowbro|move: Future Sight\n|-resisted|p1a: Slowbro\n|-damage|p1a: Slowbro|75\/100\n|-damage|p2a: Tornadus|82\/100 tox|[from] psn\n|upkeep\n|turn|10\n|\n|t:|1666224005\n|switch|p1a: Hippowdon|Hippowdon, M|72\/100 tox\n|-weather|Sandstorm|[from] ability: Sand Stream|[of] p1a: Hippowdon\n|move|p2a: Tornadus|Defog|p1a: Hippowdon\n|-unboost|p1a: Hippowdon|evasion|1\n|-sideend|p2: Not Sarcasm|Toxic Spikes|[from] move: Defog|[of] p2a: Tornadus\n|-sideend|p2: Not Sarcasm|Stealth Rock|[from] move: Defog|[of] p2a: Tornadus\n|\n|-weather|Sandstorm|[upkeep]\n|-damage|p2a: Tornadus|76\/100 tox|[from] Sandstorm\n|-damage|p2a: Tornadus|58\/100 tox|[from] psn\n|-damage|p1a: Hippowdon|66\/100 tox|[from] psn\n|upkeep\n|turn|11\n|\n|t:|1666224018\n|move|p2a: Tornadus|U-turn|p1a: Hippowdon\n|-damage|p1a: Hippowdon|56\/100 tox\n|\n|t:|1666224028\n|switch|p2a: Rillaboom|Rillaboom, M|90\/100|[from]move: U-turn\n|-fieldstart|move: Grassy Terrain|[from] ability: Grassy Surge|[of] p2a: Rillaboom\n|move|p1a: Hippowdon|Slack Off|p1a: Hippowdon\n|-heal|p1a: Hippowdon|100\/100 tox\n|\n|-weather|Sandstorm|[upkeep]\n|-damage|p2a: Rillaboom|84\/100|[from] Sandstorm\n|-heal|p2a: Rillaboom|90\/100|[from] Grassy Terrain\n|-heal|p2a: Rillaboom|96\/100|[from] item: Leftovers\n|-damage|p1a: Hippowdon|88\/100 tox|[from] psn\n|upkeep\n|turn|12\n|\n|t:|1666224042\n|switch|p1a: Weezing|Weezing-Galar, M|84\/100\n|move|p2a: Rillaboom|Grassy Glide|p1a: Weezing\n|-resisted|p1a: Weezing\n|-damage|p1a: Weezing|69\/100\n|\n|-weather|Sandstorm|[upkeep]\n|-damage|p2a: Rillaboom|90\/100|[from] Sandstorm\n|-damage|p1a: Weezing|63\/100|[from] Sandstorm\n|-heal|p2a: Rillaboom|96\/100|[from] Grassy Terrain\n|-heal|p2a: Rillaboom|100\/100|[from] item: Leftovers\n|upkeep\n|turn|13\n|\n|t:|1666224054\n|switch|p2a: Tornadus|Tornadus-Therian, M|91\/100 tox\n|move|p1a: Weezing|Toxic Spikes|p2a: Tornadus\n|-sidestart|p2: Not Sarcasm|move: Toxic Spikes\n|\n|-weather|Sandstorm|[upkeep]\n|-damage|p2a: Tornadus|85\/100 tox|[from] Sandstorm\n|-damage|p1a: Weezing|57\/100|[from] Sandstorm\n|-damage|p2a: Tornadus|79\/100 tox|[from] psn\n|upkeep\n|turn|14\n|\n|t:|1666224064\n|switch|p1a: Urshifu|Urshifu-Rapid-Strike, M|100\/100\n|move|p2a: Tornadus|Heat Wave|p1a: Urshifu\n|-resisted|p1a: Urshifu\n|-damage|p1a: Urshifu|82\/100\n|\n|-weather|none\n|-heal|p1a: Urshifu|88\/100|[from] Grassy Terrain\n|-damage|p2a: Tornadus|67\/100 tox|[from] psn\n|upkeep\n|turn|15\n|\n|t:|1666224075\n|switch|p2a: Slowbro|Slowbro, M|92\/100 tox\n|move|p1a: Urshifu|Surging Strikes|p2a: Slowbro\n|-resisted|p2a: Slowbro\n|-crit|p2a: Slowbro\n|-damage|p2a: Slowbro|82\/100 tox\n|-resisted|p2a: Slowbro\n|-crit|p2a: Slowbro\n|-damage|p2a: Slowbro|73\/100 tox\n|-resisted|p2a: Slowbro\n|-crit|p2a: Slowbro\n|-damage|p2a: Slowbro|64\/100 tox\n|-hitcount|p2a: Slowbro|3\n|\n|-heal|p1a: Urshifu|95\/100|[from] Grassy Terrain\n|-heal|p2a: Slowbro|70\/100 tox|[from] Grassy Terrain\n|-damage|p2a: Slowbro|64\/100 tox|[from] psn\n|-fieldend|move: Grassy Terrain\n|upkeep\n|turn|16\n|\n|t:|1666224089\n|move|p1a: Urshifu|Surging Strikes|p2a: Slowbro\n|-resisted|p2a: Slowbro\n|-crit|p2a: Slowbro\n|-damage|p2a: Slowbro|54\/100 tox\n|-resisted|p2a: Slowbro\n|-crit|p2a: Slowbro\n|-damage|p2a: Slowbro|45\/100 tox\n|-resisted|p2a: Slowbro\n|-crit|p2a: Slowbro\n|-damage|p2a: Slowbro|36\/100 tox\n|-hitcount|p2a: Slowbro|3\n|move|p2a: Slowbro|Teleport|p2a: Slowbro\n|\n|t:|1666224098\n|switch|p2a: Tornadus|Tornadus-Therian, M|99\/100 tox|[from]move: Teleport\n|\n|-damage|p2a: Tornadus|94\/100 tox|[from] psn\n|upkeep\n|turn|17\n|\n|t:|1666224104\n|move|p2a: Tornadus|U-turn|p1a: Urshifu\n|-resisted|p1a: Urshifu\n|-damage|p1a: Urshifu|88\/100\n|\n|t:|1666224107\n|switch|p2a: Slowbro|Slowbro, M|69\/100 tox|[from]move: U-turn\n|move|p1a: Urshifu|Surging Strikes|p2a: Slowbro\n|-resisted|p2a: Slowbro\n|-crit|p2a: Slowbro\n|-damage|p2a: Slowbro|59\/100 tox\n|-resisted|p2a: Slowbro\n|-crit|p2a: Slowbro\n|-damage|p2a: Slowbro|50\/100 tox\n|-resisted|p2a: Slowbro\n|-crit|p2a: Slowbro\n|-damage|p2a: Slowbro|41\/100 tox\n|-hitcount|p2a: Slowbro|3\n|\n|-damage|p2a: Slowbro|35\/100 tox|[from] psn\n|upkeep\n|turn|18\n|\n|t:|1666224121\n|switch|p2a: Tornadus|Tornadus-Therian, M|100\/100 tox\n|move|p1a: Urshifu|Surging Strikes|p2a: Tornadus\n|-crit|p2a: Tornadus\n|-damage|p2a: Tornadus|64\/100 tox\n|-crit|p2a: Tornadus\n|-damage|p2a: Tornadus|31\/100 tox\n|-crit|p2a: Tornadus\n|-damage|p2a: Tornadus|0 fnt\n|faint|p2a: Tornadus\n|-hitcount|p2: Tornadus|3\n|\n|upkeep\n|c|\u2606Not Sarcasm|?\n|c|\u2606Not Sarcasm|low ladder vibes xd\n|inactive|Not Sarcasm has 120 seconds left.\n|c|\u2606stealthalo|Lol\n|j| pollopollopo\n|c|\u2606stealthalo|moo\n|c|\u2606Not Sarcasm|yeah you are\n|c|\u2606stealthalo|ok\n|c|\u2606Not Sarcasm|like come on kid\n|c|\u2606Not Sarcasm|pulling my hair out right now with your plays\n|\n|t:|1666224172\n|switch|p2a: Melmetal|Melmetal|100\/100\n|turn|19\n|c|\u2606stealthalo|What\n|j| Congwuyu\n|j| Eneoceka\n|\n|t:|1666224178\n|switch|p1a: Ferrothorn|Ferrothorn, F|97\/100\n|move|p2a: Melmetal|Thunder Punch|p1a: Ferrothorn\n|-resisted|p1a: Ferrothorn\n|-damage|p1a: Ferrothorn|87\/100\n|-damage|p2a: Melmetal|88\/100|[from] ability: Iron Barbs|[of] p1a: Ferrothorn\n|\n|-heal|p2a: Melmetal|94\/100|[from] item: Leftovers\n|-heal|p1a: Ferrothorn|93\/100|[from] item: Leftovers\n|upkeep\n|turn|20\n|j| Jongruenwald\n|c|\u2606Not Sarcasm|yeah that's what i said\n|c|\u2606Not Sarcasm|\"what\"\n|c|\u2606Not Sarcasm|when you clicked a button\n|\n|t:|1666224192\n|move|p2a: Melmetal|Superpower|p1a: Ferrothorn\n|-supereffective|p1a: Ferrothorn\n|-damage|p1a: Ferrothorn|36\/100\n|-unboost|p2a: Melmetal|atk|1\n|-unboost|p2a: Melmetal|def|1\n|-damage|p2a: Melmetal|82\/100|[from] ability: Iron Barbs|[of] p1a: Ferrothorn\n|move|p1a: Ferrothorn|Leech Seed|p2a: Melmetal|[miss]\n|-miss|p1a: Ferrothorn|p2a: Melmetal\n|\n|-heal|p2a: Melmetal|88\/100|[from] item: Leftovers\n|-heal|p1a: Ferrothorn|43\/100|[from] item: Leftovers\n|upkeep\n|turn|21\n|c|\u2606Not Sarcasm|the same button over and over\n|l| Eneoceka\n|\n|t:|1666224204\n|move|p2a: Melmetal|Superpower|p1a: Ferrothorn\n|-supereffective|p1a: Ferrothorn\n|-damage|p1a: Ferrothorn|6\/100\n|-unboost|p2a: Melmetal|atk|1\n|-unboost|p2a: Melmetal|def|1\n|-damage|p2a: Melmetal|75\/100|[from] ability: Iron Barbs|[of] p1a: Ferrothorn\n|move|p1a: Ferrothorn|Leech Seed|p2a: Melmetal\n|-start|p2a: Melmetal|move: Leech Seed\n|\n|-heal|p2a: Melmetal|82\/100|[from] item: Leftovers\n|-heal|p1a: Ferrothorn|12\/100|[from] item: Leftovers\n|-damage|p2a: Melmetal|69\/100|[from] Leech Seed|[of] p1a: Ferrothorn\n|-heal|p1a: Ferrothorn|27\/100|[silent]\n|upkeep\n|turn|22\n|j| Miyuki Fairchild\n|c| Miyuki Fairchild|god damn ou 8 looks so boring\n|\n|t:|1666224218\n|switch|p2a: Slowbro|Slowbro, M|68\/100 tox\n|switch|p1a: Hippowdon|Hippowdon, M|88\/100 tox\n|-weather|Sandstorm|[from] ability: Sand Stream|[of] p1a: Hippowdon\n|\n|-weather|Sandstorm|[upkeep]\n|-damage|p2a: Slowbro|62\/100 tox|[from] Sandstorm\n|-damage|p1a: Hippowdon|82\/100 tox|[from] psn\n|-damage|p2a: Slowbro|56\/100 tox|[from] psn\n|upkeep\n|turn|23\n|c|\u2606Not Sarcasm|yeah it is\n|c| Miyuki Fairchild|all stall bahahaha\n|c|\u2606Not Sarcasm|full of kids like steal;th\n|\n|t:|1666224232\n|move|p1a: Hippowdon|Stealth Rock|p2a: Slowbro\n|-sidestart|p2: Not Sarcasm|move: Stealth Rock\n|move|p2a: Slowbro|Teleport|p2a: Slowbro\n|\n|t:|1666224236\n|switch|p2a: Melmetal|Melmetal|69\/100|[from]move: Teleport\n|-damage|p2a: Melmetal|63\/100|[from] Stealth Rock\n|\n|-weather|Sandstorm|[upkeep]\n|-heal|p2a: Melmetal|69\/100|[from] item: Leftovers\n|-damage|p1a: Hippowdon|70\/100 tox|[from] psn\n|upkeep\n|turn|24\n|\n|t:|1666224250\n|switch|p1a: Ferrothorn|Ferrothorn, F|27\/100\n|move|p2a: Melmetal|Protect||[still]\n|-fail|p2a: Melmetal\n|\n|-weather|Sandstorm|[upkeep]\n|-heal|p2a: Melmetal|75\/100|[from] item: Leftovers\n|-heal|p1a: Ferrothorn|33\/100|[from] item: Leftovers\n|upkeep\n|turn|25\n|inactive|Not Sarcasm has 120 seconds left.\n|\n|t:|1666224259\n|move|p2a: Melmetal|Superpower|p1a: Ferrothorn\n|-supereffective|p1a: Ferrothorn\n|-damage|p1a: Ferrothorn|0 fnt\n|-unboost|p2a: Melmetal|atk|1\n|-unboost|p2a: Melmetal|def|1\n|-damage|p2a: Melmetal|63\/100|[from] ability: Iron Barbs|[of] p1a: Ferrothorn\n|faint|p1a: Ferrothorn\n|\n|-weather|Sandstorm|[upkeep]\n|-heal|p2a: Melmetal|69\/100|[from] item: Leftovers\n|upkeep\n|\n|t:|1666224270\n|switch|p1a: Urshifu|Urshifu-Rapid-Strike, M|88\/100\n|turn|26\n|\n|t:|1666224274\n|switch|p2a: Slowbro|Slowbro, M|89\/100 tox\n|-damage|p2a: Slowbro|77\/100 tox|[from] Stealth Rock\n|move|p1a: Urshifu|Close Combat|p2a: Slowbro\n|-resisted|p2a: Slowbro\n|-damage|p2a: Slowbro|45\/100 tox\n|-unboost|p1a: Urshifu|def|1\n|-unboost|p1a: Urshifu|spd|1\n|\n|-weather|none\n|-damage|p2a: Slowbro|39\/100 tox|[from] psn\n|upkeep\n|turn|27\n|\n|t:|1666224285\n|move|p1a: Urshifu|Close Combat|p2a: Slowbro\n|-resisted|p2a: Slowbro\n|-damage|p2a: Slowbro|7\/100 tox\n|-unboost|p1a: Urshifu|def|1\n|-unboost|p1a: Urshifu|spd|1\n|move|p2a: Slowbro|Teleport|p2a: Slowbro\n|c|\u2606Not Sarcasm|kid just clicks buttons\n|\n|t:|1666224301\n|switch|p2a: Rillaboom|Rillaboom, M|100\/100|[from]move: Teleport\n|-status|p2a: Rillaboom|psn\n|-damage|p2a: Rillaboom|88\/100 psn|[from] Stealth Rock\n|-fieldstart|move: Grassy Terrain|[from] ability: Grassy Surge|[of] p2a: Rillaboom\n|\n|-heal|p1a: Urshifu|94\/100|[from] Grassy Terrain\n|-heal|p2a: Rillaboom|94\/100 psn|[from] Grassy Terrain\n|-heal|p2a: Rillaboom|100\/100 psn|[from] item: Leftovers\n|-damage|p2a: Rillaboom|88\/100 psn|[from] psn\n|upkeep\n|turn|28\n|\n|t:|1666224314\n|switch|p1a: Weezing|Weezing-Galar, M|57\/100\n|move|p2a: Rillaboom|Swords Dance|p2a: Rillaboom\n|-boost|p2a: Rillaboom|atk|2\n|\n|-heal|p2a: Rillaboom|94\/100 psn|[from] Grassy Terrain\n|-heal|p2a: Rillaboom|100\/100 psn|[from] item: Leftovers\n|-damage|p2a: Rillaboom|88\/100 psn|[from] psn\n|upkeep\n|turn|29\n|\n|t:|1666224324\n|move|p2a: Rillaboom|Grassy Glide|p1a: Weezing\n|-resisted|p1a: Weezing\n|-damage|p1a: Weezing|23\/100\n|move|p1a: Weezing|Pain Split|p2a: Rillaboom\n|-sethp|p2a: Rillaboom|53\/100 psn|[from] move: Pain Split|[silent]\n|-sethp|p1a: Weezing|64\/100|[from] move: Pain Split\n|\n|-heal|p2a: Rillaboom|60\/100 psn|[from] Grassy Terrain\n|-heal|p2a: Rillaboom|66\/100 psn|[from] item: Leftovers\n|-damage|p2a: Rillaboom|53\/100 psn|[from] psn\n|upkeep\n|turn|30\n|c| Miyuki Fairchild|rip\n|\n|t:|1666224336\n|move|p2a: Rillaboom|Grassy Glide|p1a: Weezing\n|-resisted|p1a: Weezing\n|-damage|p1a: Weezing|31\/100\n|move|p1a: Weezing|Flamethrower|p2a: Rillaboom\n|-supereffective|p2a: Rillaboom\n|-damage|p2a: Rillaboom|16\/100 psn\n|\n|-heal|p2a: Rillaboom|22\/100 psn|[from] Grassy Terrain\n|-heal|p2a: Rillaboom|29\/100 psn|[from] item: Leftovers\n|-damage|p2a: Rillaboom|16\/100 psn|[from] psn\n|upkeep\n|turn|31\n|c|\u2606Not Sarcasm|yeah this is a very boring game\n|l| Miyuki Fairchild\n|c|\u2606Not Sarcasm|watching this kid play\n|\n|t:|1666224354\n|move|p2a: Rillaboom|Grassy Glide|p1a: Weezing\n|-resisted|p1a: Weezing\n|-damage|p1a: Weezing|0 fnt\n|faint|p1a: Weezing\n|\n|-heal|p2a: Rillaboom|22\/100 psn|[from] Grassy Terrain\n|-heal|p2a: Rillaboom|29\/100 psn|[from] item: Leftovers\n|-damage|p2a: Rillaboom|16\/100 psn|[from] psn\n|-fieldend|move: Grassy Terrain\n|upkeep\n|\n|t:|1666224371\n|switch|p1a: Urshifu|Urshifu-Rapid-Strike, M|94\/100\n|turn|32\n|\n|t:|1666224376\n|switch|p2a: Slowbro|Slowbro, M|41\/100 tox\n|-damage|p2a: Slowbro|28\/100 tox|[from] Stealth Rock\n|move|p1a: Urshifu|Close Combat|p2a: Slowbro\n|-resisted|p2a: Slowbro\n|-damage|p2a: Slowbro|0 fnt\n|-unboost|p1a: Urshifu|def|1\n|-unboost|p1a: Urshifu|spd|1\n|faint|p2a: Slowbro\n|\n|upkeep\n|\n|t:|1666224385\n|switch|p2a: Garchomp|Garchomp, M|100\/100\n|-status|p2a: Garchomp|psn\n|-damage|p2a: Garchomp|94\/100 psn|[from] Stealth Rock\n|turn|33\n|\n|t:|1666224392\n|move|p1a: Urshifu|Close Combat|p2a: Garchomp\n|-damage|p2a: Garchomp|13\/100 psn\n|-unboost|p1a: Urshifu|def|1\n|-unboost|p1a: Urshifu|spd|1\n|-damage|p1a: Urshifu|82\/100|[from] ability: Rough Skin|[of] p2a: Garchomp\n|move|p2a: Garchomp|Earthquake|p1a: Urshifu\n|-damage|p1a: Urshifu|3\/100\n|\n|-heal|p2a: Garchomp|19\/100 psn|[from] item: Leftovers\n|-damage|p2a: Garchomp|6\/100 psn|[from] psn\n|upkeep\n|turn|34\n|\n|t:|1666224404\n|switch|p1a: Hippowdon|Hippowdon, M|70\/100 tox\n|-weather|Sandstorm|[from] ability: Sand Stream|[of] p1a: Hippowdon\n|move|p2a: Garchomp|Stealth Rock|p1a: Hippowdon\n|-sidestart|p1: stealthalo|move: Stealth Rock\n|\n|-weather|Sandstorm|[upkeep]\n|-heal|p2a: Garchomp|13\/100 psn|[from] item: Leftovers\n|-damage|p2a: Garchomp|0 fnt|[from] psn\n|faint|p2a: Garchomp\n|-damage|p1a: Hippowdon|63\/100 tox|[from] psn\n|upkeep\n|\n|t:|1666224418\n|switch|p2a: Melmetal|Melmetal|69\/100\n|-damage|p2a: Melmetal|63\/100|[from] Stealth Rock\n|turn|35\n|\n|t:|1666224423\n|move|p1a: Hippowdon|Earthquake|p2a: Melmetal\n|-supereffective|p2a: Melmetal\n|-crit|p2a: Melmetal\n|-damage|p2a: Melmetal|0 fnt\n|faint|p2a: Melmetal\n|\n|-weather|Sandstorm|[upkeep]\n|-damage|p1a: Hippowdon|51\/100 tox|[from] psn\n|upkeep\n|c|\u2606Not Sarcasm|and fuck off\n|c|\u2606Not Sarcasm|undeservedf\n|c|\u2606Not Sarcasm|...\n|c|\u2606Not Sarcasm|such bullshit\n|c|\u2606Not Sarcasm|bull fucking shit\n|c|\u2606stealthalo|Get mad kid\n|inactive|Not Sarcasm has 120 seconds left.\n|c|\u2606Not Sarcasm|fuck off\n|c|\u2606Not Sarcasm|you don't deserve this W\n|c|\u2606Not Sarcasm|I had it locked up despite you playing terrible\n|inactive|Not Sarcasm has 90 seconds left.\n|c| CutePokesOnly|with melmetal at 1\/3 health?\n|c|\u2606Not Sarcasm|hippo is dead\n|c|\u2606Not Sarcasm|so is ur\n|c|\u2606stealthalo|Lol\n|inactive|Not Sarcasm has 60 seconds left.\n|c|\u2606Not Sarcasm|metal beats bro\n|c|\u2606Not Sarcasm|then blaze clicks sd and wins\n|l| Jongruenwald\n|\n|t:|1666224533\n|switch|p2a: Blaziken|Blaziken, M|100\/100\n|-status|p2a: Blaziken|psn\n|-damage|p2a: Blaziken|88\/100 psn|[from] Stealth Rock\n|turn|36\n|c|\u2606stealthalo|This must be your first time\n|c|\u2606Not Sarcasm|?\n|\n|t:|1666224550\n|move|p2a: Blaziken|Close Combat|p1a: Hippowdon\n|-damage|p1a: Hippowdon|9\/100 tox\n|-unboost|p2a: Blaziken|def|1\n|-unboost|p2a: Blaziken|spd|1\n|move|p1a: Hippowdon|Earthquake|p2a: Blaziken\n|-supereffective|p2a: Blaziken\n|-damage|p2a: Blaziken|0 fnt\n|faint|p2a: Blaziken\n|\n|-weather|Sandstorm|[upkeep]\n|-damage|p1a: Hippowdon|0 fnt|[from] psn\n|faint|p1a: Hippowdon\n|upkeep\n|c| CutePokesOnly|alternatively, draco finishes off melm and you have no switch in\n|c|\u2606Not Sarcasm|did you bother doing a calc\n|c|\u2606Not Sarcasm|sand runs out\n|inactive|Not Sarcasm has 30 seconds left.\n|c|\u2606Not Sarcasm|blaze wins\n|c|\u2606Not Sarcasm|kid got lucky\n|inactive|Not Sarcasm has 20 seconds left.\n|c|\u2606Not Sarcasm|i have thunderpunch\n|inactive|Not Sarcasm has 15 seconds left.\n|-message|Not Sarcasm forfeited.\n|\n|win|stealthalo\n|inactive|Not Sarcasm has 20 seconds left this turn.\n|raw|stealthalo's rating: 1755 &rarr; <strong>1775<\/strong><br \/>(+20 for winning)\n|raw|Not Sarcasm's rating: 1755 &rarr; <strong>1735<\/strong><br \/>(-20 for losing)\n|l|\u2606Not Sarcasm\n|l| pollopollopo\n|c| CutePokesOnly|gg stealth\n|l| CutePokesOnly\n|c|\u2606stealthalo|Gg\n||Ladder isn't responding, score probably updated but might not have (Request timeout).\n","uploadtime":1666224448,"views":4,"p1id":"stealthalo","p2id":"notsarcasm","formatid":"gen8ou","rating":1735,"private":0,"password":null}