{"id":"gen8ou-1654308976","p1":"kokoukohiro","p2":"minimax_ai","format":"gen8ou","log":"|j|\u2606kokoukohiro\n|j|\u2606minimax_ai\n|t:|1662128485\n|gametype|singles\n|player|p1|kokoukohiro|dawn|1636\n|player|p2|minimax_ai|102|1581\n|teamsize|p1|6\n|teamsize|p2|6\n|gen|8\n|tier|[Gen 8] OU\n|rated|\n|rule|Sleep Clause Mod: Limit one foe put to sleep\n|rule|Species Clause: Limit one of each Pok\u00e9mon\n|rule|OHKO Clause: OHKO moves are banned\n|rule|Evasion Items Clause: Evasion items are banned\n|rule|Evasion Moves Clause: Evasion moves are banned\n|rule|Endless Battle Clause: Forcing endless battles is banned\n|rule|HP Percentage Mod: HP is shown in percentages\n|rule|Dynamax Clause: You cannot dynamax\n|clearpoke\n|poke|p1|Jirachi|\n|poke|p1|Quagsire, M|\n|poke|p1|Blissey, F|\n|poke|p1|Toxapex, F|\n|poke|p1|Skarmory, F|\n|poke|p1|Tornadus-Therian, M|\n|poke|p2|Rotom-Wash|\n|poke|p2|Weavile, M|\n|poke|p2|Landorus-Therian, M|\n|poke|p2|Heatran, M|\n|poke|p2|Tangrowth, M|\n|poke|p2|Melmetal|\n|teampreview\n|c|\u2606minimax_ai|hf\n|inactive|Battle timer is ON: inactive players will automatically lose when time's up. (requested by minimax_ai)\n|c|\u2606kokoukohiro|u2\n|\n|t:|1662128506\n|start\n|switch|p1a: Toxapex|Toxapex, F|100\/100\n|switch|p2a: Heatran|Heatran, M|100\/100\n|-item|p2a: Heatran|Air Balloon\n|turn|1\n|\n|t:|1662128509\n|move|p2a: Heatran|Stealth Rock|p1a: Toxapex\n|-sidestart|p1: kokoukohiro|move: Stealth Rock\n|move|p1a: Toxapex|Scald|p2a: Heatran\n|-supereffective|p2a: Heatran\n|-damage|p2a: Heatran|66\/100\n|-enditem|p2a: Heatran|Air Balloon\n|\n|upkeep\n|turn|2\n|\n|t:|1662128510\n|move|p2a: Heatran|Magma Storm|p1a: Toxapex\n|-resisted|p1a: Toxapex\n|-damage|p1a: Toxapex|78\/100\n|-activate|p1a: Toxapex|move: Magma Storm|[of] p2a: Heatran\n|move|p1a: Toxapex|Toxic Spikes|p2a: Heatran\n|-sidestart|p2: minimax_ai|move: Toxic Spikes\n|\n|-damage|p1a: Toxapex|66\/100|[from] move: Magma Storm|[partiallytrapped]\n|upkeep\n|turn|3\n|\n|t:|1662128512\n|switch|p1a: Tornadus|Tornadus-Therian, M|100\/100\n|move|p2a: Heatran|Magma Storm|p1a: Tornadus\n|-damage|p1a: Tornadus|51\/100\n|-activate|p1a: Tornadus|move: Magma Storm|[of] p2a: Heatran\n|\n|-damage|p1a: Tornadus|39\/100|[from] move: Magma Storm|[partiallytrapped]\n|upkeep\n|turn|4\n|\n|t:|1662128514\n|move|p1a: Tornadus|U-turn|p2a: Heatran\n|-resisted|p2a: Heatran\n|-damage|p2a: Heatran|63\/100\n|\n|t:|1662128517\n|switch|p1a: Toxapex|Toxapex, F|99\/100|[from]move: U-turn\n|-damage|p1a: Toxapex|86\/100|[from] Stealth Rock\n|move|p2a: Heatran|Magma Storm|p1a: Toxapex\n|-resisted|p1a: Toxapex\n|-damage|p1a: Toxapex|66\/100\n|-activate|p1a: Toxapex|move: Magma Storm|[of] p2a: Heatran\n|\n|-damage|p1a: Toxapex|53\/100|[from] move: Magma Storm|[partiallytrapped]\n|upkeep\n|turn|5\n|\n|t:|1662128519\n|switch|p1a: Tornadus|Tornadus-Therian, M|72\/100\n|move|p2a: Heatran|Magma Storm|p1a: Tornadus\n|-damage|p1a: Tornadus|16\/100\n|-activate|p1a: Tornadus|move: Magma Storm|[of] p2a: Heatran\n|\n|-damage|p1a: Tornadus|4\/100|[from] move: Magma Storm|[partiallytrapped]\n|upkeep\n|turn|6\n|\n|t:|1662128521\n|move|p1a: Tornadus|U-turn|p2a: Heatran\n|-resisted|p2a: Heatran\n|-damage|p2a: Heatran|59\/100\n|\n|t:|1662128524\n|switch|p1a: Toxapex|Toxapex, F|86\/100|[from]move: U-turn\n|-damage|p1a: Toxapex|74\/100|[from] Stealth Rock\n|move|p2a: Heatran|Magma Storm|p1a: Toxapex\n|-resisted|p1a: Toxapex\n|-damage|p1a: Toxapex|52\/100\n|-activate|p1a: Toxapex|move: Magma Storm|[of] p2a: Heatran\n|\n|-damage|p1a: Toxapex|40\/100|[from] move: Magma Storm|[partiallytrapped]\n|upkeep\n|turn|7\n|\n|t:|1662128527\n|switch|p1a: Quagsire|Quagsire, M|100\/100\n|-damage|p1a: Quagsire|94\/100|[from] Stealth Rock\n|move|p2a: Heatran|Magma Storm|p1a: Quagsire|[miss]\n|-miss|p2a: Heatran|p1a: Quagsire\n|\n|-heal|p1a: Quagsire|100\/100|[from] item: Leftovers\n|upkeep\n|turn|8\n|\n|t:|1662128529\n|switch|p2a: rotomwash|Rotom-Wash|100\/100\n|move|p1a: Quagsire|Earthquake|p2a: rotomwash\n|-immune|p2a: rotomwash|[from] ability: Levitate\n|\n|upkeep\n|turn|9\n|\n|t:|1662128537\n|switch|p1a: Toxapex|Toxapex, F|73\/100\n|-damage|p1a: Toxapex|61\/100|[from] Stealth Rock\n|move|p2a: rotomwash|Nasty Plot|p2a: rotomwash\n|-boost|p2a: rotomwash|spa|2\n|\n|upkeep\n|turn|10\n|\n|t:|1662128541\n|switch|p1a: Blissey|Blissey, F|100\/100\n|move|p2a: rotomwash|Thunderbolt|p1a: Blissey\n|-damage|p1a: Blissey|80\/100\n|\n|upkeep\n|turn|11\n|\n|t:|1662128542\n|move|p2a: rotomwash|Nasty Plot|p2a: rotomwash\n|-boost|p2a: rotomwash|spa|2\n|move|p1a: Blissey|Toxic|p2a: rotomwash\n|-status|p2a: rotomwash|tox\n|\n|-damage|p2a: rotomwash|94\/100 tox|[from] psn\n|upkeep\n|turn|12\n|\n|t:|1662128545\n|move|p2a: rotomwash|Thunderbolt|p1a: Blissey\n|-damage|p1a: Blissey|51\/100\n|move|p1a: Blissey|Soft-Boiled|p1a: Blissey\n|-heal|p1a: Blissey|100\/100\n|\n|-heal|p2a: rotomwash|100\/100 tox|[from] item: Leftovers\n|-damage|p2a: rotomwash|88\/100 tox|[from] psn\n|upkeep\n|turn|13\n|\n|t:|1662128547\n|move|p2a: rotomwash|Thunderbolt|p1a: Blissey\n|-damage|p1a: Blissey|70\/100\n|-status|p1a: Blissey|par\n|move|p1a: Blissey|Seismic Toss|p2a: rotomwash\n|-damage|p2a: rotomwash|55\/100 tox\n|\n|-heal|p2a: rotomwash|61\/100 tox|[from] item: Leftovers\n|-damage|p2a: rotomwash|43\/100 tox|[from] psn\n|upkeep\n|turn|14\n|\n|t:|1662128550\n|move|p2a: rotomwash|Hydro Pump|p1a: Blissey\n|-damage|p1a: Blissey|32\/100 par\n|move|p1a: Blissey|Soft-Boiled|p1a: Blissey\n|-heal|p1a: Blissey|82\/100 par\n|\n|-heal|p2a: rotomwash|49\/100 tox|[from] item: Leftovers\n|-damage|p2a: rotomwash|24\/100 tox|[from] psn\n|upkeep\n|turn|15\n|\n|t:|1662128552\n|move|p2a: rotomwash|Hydro Pump|p1a: Blissey\n|-damage|p1a: Blissey|46\/100 par\n|move|p1a: Blissey|Soft-Boiled|p1a: Blissey\n|-heal|p1a: Blissey|96\/100 par\n|\n|-heal|p2a: rotomwash|30\/100 tox|[from] item: Leftovers\n|-damage|p2a: rotomwash|0 fnt|[from] psn\n|faint|p2a: rotomwash\n|upkeep\n|\n|t:|1662128552\n|switch|p2a: Melmetal|Melmetal|100\/100\n|turn|16\n|\n|t:|1662128559\n|-curestatus|p1a: Blissey|par|[from] ability: Natural Cure\n|switch|p1a: Quagsire|Quagsire, M|100\/100\n|-damage|p1a: Quagsire|94\/100|[from] Stealth Rock\n|move|p2a: Melmetal|Ice Punch|p1a: Quagsire\n|-damage|p1a: Quagsire|71\/100\n|\n|-heal|p1a: Quagsire|77\/100|[from] item: Leftovers\n|upkeep\n|turn|17\n|\n|t:|1662128562\n|move|p2a: Melmetal|Double Iron Bash|p1a: Quagsire\n|-resisted|p1a: Quagsire\n|-damage|p1a: Quagsire|64\/100\n|-resisted|p1a: Quagsire\n|-damage|p1a: Quagsire|50\/100\n|-hitcount|p1a: Quagsire|2\n|move|p1a: Quagsire|Recover|p1a: Quagsire\n|-heal|p1a: Quagsire|100\/100\n|\n|upkeep\n|turn|18\n|\n|t:|1662128565\n|move|p2a: Melmetal|Double Iron Bash|p1a: Quagsire\n|-resisted|p1a: Quagsire\n|-damage|p1a: Quagsire|87\/100\n|-resisted|p1a: Quagsire\n|-damage|p1a: Quagsire|73\/100\n|-hitcount|p1a: Quagsire|2\n|cant|p1a: Quagsire|flinch\n|\n|-heal|p1a: Quagsire|79\/100|[from] item: Leftovers\n|upkeep\n|turn|19\n|\n|t:|1662128568\n|move|p2a: Melmetal|Double Iron Bash|p1a: Quagsire\n|-resisted|p1a: Quagsire\n|-damage|p1a: Quagsire|66\/100\n|-resisted|p1a: Quagsire\n|-damage|p1a: Quagsire|52\/100\n|-hitcount|p1a: Quagsire|2\n|move|p1a: Quagsire|Recover|p1a: Quagsire\n|-heal|p1a: Quagsire|100\/100\n|\n|upkeep\n|turn|20\n|\n|t:|1662128570\n|move|p2a: Melmetal|Double Iron Bash|p1a: Quagsire\n|-resisted|p1a: Quagsire\n|-damage|p1a: Quagsire|87\/100\n|-resisted|p1a: Quagsire\n|-damage|p1a: Quagsire|72\/100\n|-hitcount|p1a: Quagsire|2\n|move|p1a: Quagsire|Earthquake|p2a: Melmetal\n|-supereffective|p2a: Melmetal\n|-damage|p2a: Melmetal|66\/100\n|\n|-heal|p1a: Quagsire|78\/100|[from] item: Leftovers\n|upkeep\n|turn|21\n|\n|t:|1662128572\n|move|p2a: Melmetal|Double Iron Bash|p1a: Quagsire\n|-resisted|p1a: Quagsire\n|-damage|p1a: Quagsire|64\/100\n|-resisted|p1a: Quagsire\n|-damage|p1a: Quagsire|50\/100\n|-hitcount|p1a: Quagsire|2\n|move|p1a: Quagsire|Recover|p1a: Quagsire\n|-heal|p1a: Quagsire|99\/100\n|\n|-heal|p1a: Quagsire|100\/100|[from] item: Leftovers\n|upkeep\n|turn|22\n|\n|t:|1662128574\n|move|p2a: Melmetal|Double Iron Bash|p1a: Quagsire\n|-resisted|p1a: Quagsire\n|-damage|p1a: Quagsire|88\/100\n|-resisted|p1a: Quagsire\n|-damage|p1a: Quagsire|73\/100\n|-hitcount|p1a: Quagsire|2\n|move|p1a: Quagsire|Earthquake|p2a: Melmetal\n|-supereffective|p2a: Melmetal\n|-damage|p2a: Melmetal|34\/100\n|\n|-heal|p1a: Quagsire|79\/100|[from] item: Leftovers\n|upkeep\n|turn|23\n|\n|t:|1662128577\n|switch|p2a: Tangrowth|Tangrowth, M|100\/100\n|-status|p2a: Tangrowth|psn\n|move|p1a: Quagsire|Recover|p1a: Quagsire\n|-heal|p1a: Quagsire|100\/100\n|\n|-damage|p2a: Tangrowth|88\/100 psn|[from] psn\n|upkeep\n|turn|24\n|\n|t:|1662128584\n|switch|p1a: Tornadus|Tornadus-Therian, M|37\/100\n|move|p2a: Tangrowth|Sleep Powder|p1a: Tornadus\n|-status|p1a: Tornadus|slp|[from] move: Sleep Powder\n|\n|-damage|p2a: Tangrowth|76\/100 psn|[from] psn\n|upkeep\n|turn|25\n|\n|t:|1662128590\n|switch|p1a: Toxapex|Toxapex, F|94\/100\n|-damage|p1a: Toxapex|81\/100|[from] Stealth Rock\n|move|p2a: Tangrowth|Giga Drain|p1a: Toxapex\n|-damage|p1a: Toxapex|57\/100\n|-heal|p2a: Tangrowth|85\/100 psn|[from] drain|[of] p1a: Toxapex\n|\n|-damage|p2a: Tangrowth|73\/100 psn|[from] psn\n|upkeep\n|turn|26\n|\n|t:|1662128592\n|move|p2a: Tangrowth|Giga Drain|p1a: Toxapex\n|-damage|p1a: Toxapex|35\/100\n|-heal|p2a: Tangrowth|81\/100 psn|[from] drain|[of] p1a: Toxapex\n|move|p1a: Toxapex|Toxic Spikes|p2a: Tangrowth\n|-sidestart|p2: minimax_ai|move: Toxic Spikes\n|\n|-damage|p2a: Tangrowth|69\/100 psn|[from] psn\n|upkeep\n|turn|27\n|\n|t:|1662128598\n|switch|p2a: Heatran|Heatran, M|59\/100\n|switch|p1a: Blissey|Blissey, F|96\/100\n|\n|upkeep\n|turn|28\n|\n|t:|1662128603\n|switch|p1a: Toxapex|Toxapex, F|69\/100\n|-damage|p1a: Toxapex|56\/100|[from] Stealth Rock\n|move|p2a: Heatran|Magma Storm|p1a: Toxapex\n|-resisted|p1a: Toxapex\n|-damage|p1a: Toxapex|34\/100\n|-activate|p1a: Toxapex|move: Magma Storm|[of] p2a: Heatran\n|\n|-damage|p1a: Toxapex|21\/100|[from] move: Magma Storm|[partiallytrapped]\n|upkeep\n|turn|29\n|\n|t:|1662128605\n|switch|p1a: Quagsire|Quagsire, M|100\/100\n|-damage|p1a: Quagsire|94\/100|[from] Stealth Rock\n|move|p2a: Heatran|Magma Storm|p1a: Quagsire\n|-resisted|p1a: Quagsire\n|-damage|p1a: Quagsire|63\/100\n|-activate|p1a: Quagsire|move: Magma Storm|[of] p2a: Heatran\n|\n|-heal|p1a: Quagsire|70\/100|[from] item: Leftovers\n|-damage|p1a: Quagsire|57\/100|[from] move: Magma Storm|[partiallytrapped]\n|upkeep\n|turn|30\n|\n|t:|1662128610\n|switch|p2a: landorustherian|Landorus-Therian, M|100\/100\n|-ability|p2a: landorustherian|Intimidate|boost\n|-unboost|p1a: Quagsire|atk|1\n|move|p1a: Quagsire|Recover|p1a: Quagsire\n|-heal|p1a: Quagsire|100\/100\n|\n|-end|p1a: Quagsire|Magma Storm|[partiallytrapped]|[silent]\n|upkeep\n|turn|31\n|\n|t:|1662128615\n|switch|p2a: Tangrowth|Tangrowth, M|100\/100 psn\n|move|p1a: Quagsire|Scald|p2a: Tangrowth\n|-resisted|p2a: Tangrowth\n|-damage|p2a: Tangrowth|85\/100 psn\n|\n|-damage|p2a: Tangrowth|73\/100 psn|[from] psn\n|upkeep\n|turn|32\n|\n|t:|1662128621\n|switch|p1a: Tornadus|Tornadus-Therian, M|70\/100 slp\n|move|p2a: Tangrowth|Giga Drain|p1a: Tornadus\n|-resisted|p1a: Tornadus\n|-damage|p1a: Tornadus|54\/100 slp\n|-heal|p2a: Tangrowth|80\/100 psn|[from] drain|[of] p1a: Tornadus\n|\n|-damage|p2a: Tangrowth|68\/100 psn|[from] psn\n|upkeep\n|turn|33\n|\n|t:|1662128628\n|switch|p1a: Toxapex|Toxapex, F|54\/100\n|-damage|p1a: Toxapex|42\/100|[from] Stealth Rock\n|switch|p2a: landorustherian|Landorus-Therian, M|100\/100\n|-ability|p2a: landorustherian|Intimidate|boost\n|-unboost|p1a: Toxapex|atk|1\n|\n|upkeep\n|turn|34\n|\n|t:|1662128634\n|switch|p1a: Skarmory|Skarmory, F|100\/100\n|-damage|p1a: Skarmory|88\/100|[from] Stealth Rock\n|move|p2a: landorustherian|U-turn|p1a: Skarmory\n|-resisted|p1a: Skarmory\n|-damage|p1a: Skarmory|85\/100\n|\n|t:|1662128634\n|switch|p2a: Heatran|Heatran, M|59\/100|[from]move: U-turn\n|\n|upkeep\n|turn|35\n|\n|t:|1662128638\n|move|p2a: Heatran|Eruption|p1a: Skarmory\n|-supereffective|p1a: Skarmory\n|-damage|p1a: Skarmory|0 fnt\n|faint|p1a: Skarmory\n|\n|upkeep\n|\n|t:|1662128642\n|switch|p1a: Blissey|Blissey, F|96\/100\n|turn|36\n|\n|t:|1662128644\n|move|p2a: Heatran|Eruption|p1a: Blissey\n|-damage|p1a: Blissey|83\/100\n|move|p1a: Blissey|Seismic Toss|p2a: Heatran\n|-damage|p2a: Heatran|28\/100\n|\n|upkeep\n|turn|37\n|\n|t:|1662128646\n|switch|p2a: landorustherian|Landorus-Therian, M|100\/100\n|-ability|p2a: landorustherian|Intimidate|boost\n|-unboost|p1a: Blissey|atk|1\n|move|p1a: Blissey|Soft-Boiled|p1a: Blissey\n|-heal|p1a: Blissey|100\/100\n|\n|upkeep\n|turn|38\n|\n|t:|1662128650\n|switch|p1a: Quagsire|Quagsire, M|100\/100\n|-damage|p1a: Quagsire|94\/100|[from] Stealth Rock\n|move|p2a: landorustherian|U-turn|p1a: Quagsire\n|-damage|p1a: Quagsire|80\/100\n|\n|t:|1662128650\n|switch|p2a: Tangrowth|Tangrowth, M|100\/100 psn|[from]move: U-turn\n|\n|-heal|p1a: Quagsire|86\/100|[from] item: Leftovers\n|-damage|p2a: Tangrowth|88\/100 psn|[from] psn\n|upkeep\n|turn|39\n|\n|t:|1662128654\n|switch|p1a: Toxapex|Toxapex, F|75\/100\n|-damage|p1a: Toxapex|63\/100|[from] Stealth Rock\n|move|p2a: Tangrowth|Giga Drain|p1a: Toxapex\n|-damage|p1a: Toxapex|39\/100\n|-heal|p2a: Tangrowth|97\/100 psn|[from] drain|[of] p1a: Toxapex\n|\n|-damage|p2a: Tangrowth|85\/100 psn|[from] psn\n|upkeep\n|turn|40\n|\n|t:|1662128656\n|switch|p2a: landorustherian|Landorus-Therian, M|100\/100\n|-ability|p2a: landorustherian|Intimidate|boost\n|-unboost|p1a: Toxapex|atk|1\n|switch|p1a: Blissey|Blissey, F|100\/100\n|\n|upkeep\n|turn|41\n|\n|t:|1662128664\n|switch|p1a: Quagsire|Quagsire, M|86\/100\n|-damage|p1a: Quagsire|80\/100|[from] Stealth Rock\n|move|p2a: landorustherian|U-turn|p1a: Quagsire\n|-damage|p1a: Quagsire|65\/100\n|\n|t:|1662128664\n|switch|p2a: Tangrowth|Tangrowth, M|100\/100 psn|[from]move: U-turn\n|\n|-heal|p1a: Quagsire|71\/100|[from] item: Leftovers\n|-damage|p2a: Tangrowth|88\/100 psn|[from] psn\n|upkeep\n|turn|42\n|\n|t:|1662128668\n|switch|p1a: Blissey|Blissey, F|100\/100\n|move|p2a: Tangrowth|Giga Drain|p1a: Blissey\n|-damage|p1a: Blissey|92\/100\n|-heal|p2a: Tangrowth|96\/100 psn|[from] drain|[of] p1a: Blissey\n|\n|-damage|p2a: Tangrowth|83\/100 psn|[from] psn\n|upkeep\n|turn|43\n|\n|t:|1662128671\n|move|p1a: Blissey|Seismic Toss|p2a: Tangrowth\n|-damage|p2a: Tangrowth|58\/100 psn\n|-damage|p1a: Blissey|75\/100|[from] item: Rocky Helmet|[of] p2a: Tangrowth\n|move|p2a: Tangrowth|Giga Drain|p1a: Blissey\n|-damage|p1a: Blissey|67\/100\n|-heal|p2a: Tangrowth|66\/100 psn|[from] drain|[of] p1a: Blissey\n|\n|-damage|p2a: Tangrowth|53\/100 psn|[from] psn\n|upkeep\n|turn|44\n|\n|t:|1662128675\n|switch|p2a: landorustherian|Landorus-Therian, M|100\/100\n|-ability|p2a: landorustherian|Intimidate|boost\n|-unboost|p1a: Blissey|atk|1\n|move|p1a: Blissey|Seismic Toss|p2a: landorustherian\n|-damage|p2a: landorustherian|74\/100\n|\n|-heal|p2a: landorustherian|80\/100|[from] item: Leftovers\n|upkeep\n|turn|45\n|\n|t:|1662128681\n|switch|p1a: Tornadus|Tornadus-Therian, M|88\/100 slp\n|move|p2a: landorustherian|Earthquake|p1a: Tornadus\n|-immune|p1a: Tornadus\n|\n|-heal|p2a: landorustherian|86\/100|[from] item: Leftovers\n|upkeep\n|turn|46\n|\n|t:|1662128686\n|cant|p1a: Tornadus|slp\n|move|p2a: landorustherian|Defog|p1a: Tornadus\n|-unboost|p1a: Tornadus|evasion|1\n|-sideend|p1: kokoukohiro|Stealth Rock|[from] move: Defog|[of] p2a: landorustherian\n|-sideend|p2: minimax_ai|Toxic Spikes|[from] move: Defog|[of] p2a: landorustherian\n|\n|-heal|p2a: landorustherian|92\/100|[from] item: Leftovers\n|upkeep\n|turn|47\n|\n|t:|1662128690\n|-curestatus|p1a: Tornadus|slp|[msg]\n|move|p1a: Tornadus|Knock Off|p2a: landorustherian\n|-damage|p2a: landorustherian|72\/100\n|-enditem|p2a: landorustherian|Leftovers|[from] move: Knock Off|[of] p1a: Tornadus\n|move|p2a: landorustherian|Earthquake|p1a: Tornadus\n|-immune|p1a: Tornadus\n|\n|upkeep\n|turn|48\n|\n|t:|1662128694\n|move|p1a: Tornadus|Heat Wave|p2a: landorustherian|[miss]\n|-miss|p1a: Tornadus|p2a: landorustherian\n|move|p2a: landorustherian|U-turn|p1a: Tornadus\n|-resisted|p1a: Tornadus\n|-damage|p1a: Tornadus|75\/100\n|\n|t:|1662128695\n|switch|p2a: Heatran|Heatran, M|28\/100|[from]move: U-turn\n|\n|upkeep\n|turn|49\n|\n|t:|1662128698\n|move|p1a: Tornadus|U-turn|p2a: Heatran\n|-resisted|p2a: Heatran\n|-damage|p2a: Heatran|25\/100\n|\n|t:|1662128700\n|switch|p1a: Blissey|Blissey, F|67\/100|[from]move: U-turn\n|move|p2a: Heatran|Stealth Rock|p1a: Blissey\n|-sidestart|p1: kokoukohiro|move: Stealth Rock\n|\n|upkeep\n|turn|50\n|\n|t:|1662128703\n|switch|p2a: Weavile|Weavile, M|100\/100\n|-ability|p2a: Weavile|Pressure\n|move|p1a: Blissey|Soft-Boiled|p1a: Blissey\n|-heal|p1a: Blissey|100\/100\n|\n|upkeep\n|turn|51\n|\n|t:|1662128711\n|switch|p1a: Toxapex|Toxapex, F|72\/100\n|-damage|p1a: Toxapex|59\/100|[from] Stealth Rock\n|move|p2a: Weavile|Triple Axel|p1a: Toxapex\n|-resisted|p1a: Toxapex\n|-damage|p1a: Toxapex|55\/100\n|-resisted|p1a: Toxapex\n|-damage|p1a: Toxapex|47\/100\n|-resisted|p1a: Toxapex\n|-damage|p1a: Toxapex|33\/100\n|-hitcount|p1a: Toxapex|3\n|\n|upkeep\n|turn|52\n|\n|t:|1662128715\n|switch|p2a: Tangrowth|Tangrowth, M|86\/100 psn\n|move|p1a: Toxapex|Recover|p1a: Toxapex\n|-heal|p1a: Toxapex|83\/100\n|\n|-damage|p2a: Tangrowth|74\/100 psn|[from] psn\n|upkeep\n|turn|53\n|\n|t:|1662128731\n|move|p2a: Tangrowth|Sleep Powder|p1a: Toxapex\n|-status|p1a: Toxapex|slp|[from] move: Sleep Powder\n|cant|p1a: Toxapex|slp\n|\n|-damage|p2a: Tangrowth|62\/100 psn|[from] psn\n|upkeep\n|turn|54\n|\n|t:|1662128736\n|switch|p2a: Weavile|Weavile, M|100\/100\n|-ability|p2a: Weavile|Pressure\n|switch|p1a: Jirachi|Jirachi|100\/100\n|-damage|p1a: Jirachi|94\/100|[from] Stealth Rock\n|\n|-heal|p1a: Jirachi|100\/100|[from] item: Leftovers\n|upkeep\n|turn|55\n|\n|t:|1662128742\n|switch|p1a: Tornadus|Tornadus-Therian, M|100\/100\n|move|p2a: Weavile|Knock Off|p1a: Tornadus\n|-damage|p1a: Tornadus|21\/100\n|-enditem|p1a: Tornadus|Heavy-Duty Boots|[from] move: Knock Off|[of] p2a: Weavile\n|\n|upkeep\n|turn|56\n|\n|t:|1662128747\n|move|p2a: Weavile|Knock Off|p1a: Tornadus\n|-damage|p1a: Tornadus|0 fnt\n|faint|p1a: Tornadus\n|\n|upkeep\n|\n|t:|1662128753\n|switch|p1a: Quagsire|Quagsire, M|71\/100\n|-damage|p1a: Quagsire|65\/100|[from] Stealth Rock\n|turn|57\n|\n|t:|1662128755\n|move|p2a: Weavile|Knock Off|p1a: Quagsire\n|-damage|p1a: Quagsire|11\/100\n|-enditem|p1a: Quagsire|Leftovers|[from] move: Knock Off|[of] p2a: Weavile\n|move|p1a: Quagsire|Recover|p1a: Quagsire\n|-heal|p1a: Quagsire|61\/100\n|\n|upkeep\n|turn|58\n|\n|t:|1662128757\n|move|p2a: Weavile|Knock Off|p1a: Quagsire\n|-damage|p1a: Quagsire|28\/100\n|move|p1a: Quagsire|Recover|p1a: Quagsire\n|-heal|p1a: Quagsire|78\/100\n|\n|upkeep\n|turn|59\n|\n|t:|1662128758\n|switch|p2a: Tangrowth|Tangrowth, M|95\/100 psn\n|move|p1a: Quagsire|Recover|p1a: Quagsire\n|-heal|p1a: Quagsire|100\/100\n|\n|-damage|p2a: Tangrowth|82\/100 psn|[from] psn\n|upkeep\n|turn|60\n|\n|t:|1662128763\n|switch|p1a: Jirachi|Jirachi|100\/100\n|-damage|p1a: Jirachi|94\/100|[from] Stealth Rock\n|move|p2a: Tangrowth|Giga Drain|p1a: Jirachi\n|-resisted|p1a: Jirachi\n|-damage|p1a: Jirachi|86\/100\n|-heal|p2a: Tangrowth|87\/100 psn|[from] drain|[of] p1a: Jirachi\n|\n|-heal|p1a: Jirachi|92\/100|[from] item: Leftovers\n|-damage|p2a: Tangrowth|74\/100 psn|[from] psn\n|upkeep\n|turn|61\n|\n|t:|1662128765\n|switch|p2a: Heatran|Heatran, M|25\/100\n|move|p1a: Jirachi|Iron Head|p2a: Heatran\n|-resisted|p2a: Heatran\n|-damage|p2a: Heatran|19\/100\n|\n|-heal|p1a: Jirachi|99\/100|[from] item: Leftovers\n|upkeep\n|turn|62\n|\n|t:|1662128769\n|move|p1a: Jirachi|Protect|p1a: Jirachi\n|-singleturn|p1a: Jirachi|Protect\n|move|p2a: Heatran|Earth Power|p1a: Jirachi\n|-activate|p1a: Jirachi|move: Protect\n|\n|-heal|p1a: Jirachi|100\/100|[from] item: Leftovers\n|upkeep\n|turn|63\n|\n|t:|1662128772\n|switch|p1a: Blissey|Blissey, F|100\/100\n|move|p2a: Heatran|Earth Power|p1a: Blissey\n|-damage|p1a: Blissey|91\/100\n|\n|upkeep\n|turn|64\n|\n|t:|1662128774\n|switch|p2a: Weavile|Weavile, M|100\/100\n|-ability|p2a: Weavile|Pressure\n|move|p1a: Blissey|Seismic Toss|p2a: Weavile\n|-damage|p2a: Weavile|65\/100\n|\n|upkeep\n|turn|65\n|\n|t:|1662128777\n|switch|p1a: Quagsire|Quagsire, M|100\/100\n|-damage|p1a: Quagsire|94\/100|[from] Stealth Rock\n|move|p2a: Weavile|Knock Off|p1a: Quagsire\n|-damage|p1a: Quagsire|61\/100\n|\n|upkeep\n|turn|66\n|\n|t:|1662128778\n|switch|p2a: landorustherian|Landorus-Therian, M|72\/100\n|-ability|p2a: landorustherian|Intimidate|boost\n|-unboost|p1a: Quagsire|atk|1\n|move|p1a: Quagsire|Recover|p1a: Quagsire\n|-heal|p1a: Quagsire|100\/100\n|\n|upkeep\n|turn|67\n|\n|t:|1662128780\n|move|p2a: landorustherian|Toxic|p1a: Quagsire|[miss]\n|-miss|p2a: landorustherian|p1a: Quagsire\n|move|p1a: Quagsire|Scald|p2a: landorustherian\n|-supereffective|p2a: landorustherian\n|-damage|p2a: landorustherian|42\/100\n|\n|upkeep\n|turn|68\n|\n|t:|1662128784\n|switch|p2a: Tangrowth|Tangrowth, M|100\/100 psn\n|switch|p1a: Toxapex|Toxapex, F|100\/100 slp\n|-damage|p1a: Toxapex|88\/100 slp|[from] Stealth Rock\n|\n|-damage|p2a: Tangrowth|88\/100 psn|[from] psn\n|upkeep\n|turn|69\n|\n|t:|1662128787\n|switch|p2a: landorustherian|Landorus-Therian, M|42\/100\n|-ability|p2a: landorustherian|Intimidate|boost\n|-unboost|p1a: Toxapex|atk|1\n|switch|p1a: Jirachi|Jirachi|100\/100\n|-damage|p1a: Jirachi|94\/100|[from] Stealth Rock\n|\n|-heal|p1a: Jirachi|100\/100|[from] item: Leftovers\n|upkeep\n|turn|70\n|\n|t:|1662128796\n|switch|p1a: Toxapex|Toxapex, F|100\/100 slp\n|-damage|p1a: Toxapex|88\/100 slp|[from] Stealth Rock\n|move|p2a: landorustherian|Earthquake|p1a: Toxapex\n|-supereffective|p1a: Toxapex\n|-damage|p1a: Toxapex|32\/100 slp\n|\n|upkeep\n|turn|71\n|\n|t:|1662128804\n|switch|p1a: Quagsire|Quagsire, M|100\/100\n|-damage|p1a: Quagsire|94\/100|[from] Stealth Rock\n|move|p2a: landorustherian|Earthquake|p1a: Quagsire\n|-damage|p1a: Quagsire|64\/100\n|\n|upkeep\n|turn|72\n|\n|t:|1662128808\n|move|p2a: landorustherian|Earthquake|p1a: Quagsire\n|-damage|p1a: Quagsire|29\/100\n|move|p1a: Quagsire|Recover|p1a: Quagsire\n|-heal|p1a: Quagsire|79\/100\n|\n|upkeep\n|turn|73\n|\n|t:|1662128810\n|move|p2a: landorustherian|Toxic|p1a: Quagsire|[miss]\n|-miss|p2a: landorustherian|p1a: Quagsire\n|move|p1a: Quagsire|Recover|p1a: Quagsire\n|-heal|p1a: Quagsire|100\/100\n|\n|upkeep\n|turn|74\n|\n|t:|1662128814\n|switch|p2a: Tangrowth|Tangrowth, M|100\/100 psn\n|move|p1a: Quagsire|Scald|p2a: Tangrowth\n|-resisted|p2a: Tangrowth\n|-damage|p2a: Tangrowth|86\/100 psn\n|\n|-damage|p2a: Tangrowth|74\/100 psn|[from] psn\n|upkeep\n|turn|75\n|\n|t:|1662128818\n|switch|p1a: Jirachi|Jirachi|100\/100\n|-damage|p1a: Jirachi|94\/100|[from] Stealth Rock\n|move|p2a: Tangrowth|Giga Drain|p1a: Jirachi\n|-resisted|p1a: Jirachi\n|-crit|p1a: Jirachi\n|-damage|p1a: Jirachi|82\/100\n|-heal|p2a: Tangrowth|80\/100 psn|[from] drain|[of] p1a: Jirachi\n|\n|-heal|p1a: Jirachi|88\/100|[from] item: Leftovers\n|-damage|p2a: Tangrowth|68\/100 psn|[from] psn\n|upkeep\n|turn|76\n|\n|t:|1662128822\n|switch|p2a: landorustherian|Landorus-Therian, M|42\/100\n|-ability|p2a: landorustherian|Intimidate|boost\n|-unboost|p1a: Jirachi|atk|1\n|move|p1a: Jirachi|Iron Head|p2a: landorustherian\n|-damage|p2a: landorustherian|23\/100\n|\n|-heal|p1a: Jirachi|94\/100|[from] item: Leftovers\n|upkeep\n|turn|77\n|\n|t:|1662128827\n|move|p1a: Jirachi|Protect|p1a: Jirachi\n|-singleturn|p1a: Jirachi|Protect\n|move|p2a: landorustherian|Earthquake|p1a: Jirachi\n|-activate|p1a: Jirachi|move: Protect\n|\n|-heal|p1a: Jirachi|100\/100|[from] item: Leftovers\n|upkeep\n|turn|78\n|\n|t:|1662128830\n|switch|p1a: Quagsire|Quagsire, M|100\/100\n|-damage|p1a: Quagsire|94\/100|[from] Stealth Rock\n|move|p2a: landorustherian|Earthquake|p1a: Quagsire\n|-damage|p1a: Quagsire|64\/100\n|\n|upkeep\n|turn|79\n|\n|t:|1662128832\n|move|p2a: landorustherian|U-turn|p1a: Quagsire\n|-damage|p1a: Quagsire|49\/100\n|\n|t:|1662128832\n|switch|p2a: Tangrowth|Tangrowth, M|100\/100 psn|[from]move: U-turn\n|move|p1a: Quagsire|Recover|p1a: Quagsire\n|-heal|p1a: Quagsire|99\/100\n|\n|-damage|p2a: Tangrowth|88\/100 psn|[from] psn\n|upkeep\n|turn|80\n|\n|t:|1662128835\n|switch|p1a: Jirachi|Jirachi|100\/100\n|-damage|p1a: Jirachi|94\/100|[from] Stealth Rock\n|move|p2a: Tangrowth|Giga Drain|p1a: Jirachi\n|-resisted|p1a: Jirachi\n|-damage|p1a: Jirachi|86\/100\n|-heal|p2a: Tangrowth|92\/100 psn|[from] drain|[of] p1a: Jirachi\n|\n|-heal|p1a: Jirachi|93\/100|[from] item: Leftovers\n|-damage|p2a: Tangrowth|80\/100 psn|[from] psn\n|upkeep\n|turn|81\n|\n|t:|1662128837\n|move|p1a: Jirachi|Iron Head|p2a: Tangrowth\n|-damage|p2a: Tangrowth|65\/100 psn\n|-damage|p1a: Jirachi|76\/100|[from] item: Rocky Helmet|[of] p2a: Tangrowth\n|cant|p2a: Tangrowth|flinch\n|\n|-heal|p1a: Jirachi|82\/100|[from] item: Leftovers\n|-damage|p2a: Tangrowth|52\/100 psn|[from] psn\n|upkeep\n|turn|82\n|\n|t:|1662128840\n|switch|p2a: Melmetal|Melmetal|34\/100\n|move|p1a: Jirachi|Iron Head|p2a: Melmetal\n|-resisted|p2a: Melmetal\n|-damage|p2a: Melmetal|26\/100\n|\n|-heal|p1a: Jirachi|88\/100|[from] item: Leftovers\n|upkeep\n|turn|83\n|\n|t:|1662128844\n|move|p1a: Jirachi|U-turn|p2a: Melmetal\n|-resisted|p2a: Melmetal\n|-damage|p2a: Melmetal|21\/100\n|\n|t:|1662128846\n|switch|p1a: Quagsire|Quagsire, M|99\/100|[from]move: U-turn\n|-damage|p1a: Quagsire|93\/100|[from] Stealth Rock\n|move|p2a: Melmetal|Earthquake|p1a: Quagsire\n|-damage|p1a: Quagsire|69\/100\n|\n|upkeep\n|turn|84\n|\n|t:|1662128851\n|switch|p2a: Tangrowth|Tangrowth, M|85\/100 psn\n|move|p1a: Quagsire|Recover|p1a: Quagsire\n|-heal|p1a: Quagsire|100\/100\n|\n|-damage|p2a: Tangrowth|73\/100 psn|[from] psn\n|upkeep\n|turn|85\n|\n|t:|1662128855\n|switch|p1a: Jirachi|Jirachi|88\/100\n|-damage|p1a: Jirachi|82\/100|[from] Stealth Rock\n|move|p2a: Tangrowth|Giga Drain|p1a: Jirachi\n|-resisted|p1a: Jirachi\n|-damage|p1a: Jirachi|73\/100\n|-heal|p2a: Tangrowth|77\/100 psn|[from] drain|[of] p1a: Jirachi\n|\n|-heal|p1a: Jirachi|79\/100|[from] item: Leftovers\n|-damage|p2a: Tangrowth|65\/100 psn|[from] psn\n|upkeep\n|turn|86\n|\n|t:|1662128858\n|switch|p2a: Heatran|Heatran, M|19\/100\n|move|p1a: Jirachi|Iron Head|p2a: Heatran\n|-resisted|p2a: Heatran\n|-damage|p2a: Heatran|12\/100\n|\n|-heal|p1a: Jirachi|86\/100|[from] item: Leftovers\n|upkeep\n|turn|87\n|\n|t:|1662128865\n|move|p1a: Jirachi|Protect|p1a: Jirachi\n|-singleturn|p1a: Jirachi|Protect\n|move|p2a: Heatran|Earth Power|p1a: Jirachi\n|-activate|p1a: Jirachi|move: Protect\n|\n|-heal|p1a: Jirachi|92\/100|[from] item: Leftovers\n|upkeep\n|turn|88\n|\n|t:|1662128868\n|move|p2a: Heatran|Earth Power|p1a: Jirachi\n|-supereffective|p1a: Jirachi\n|-damage|p1a: Jirachi|55\/100\n|move|p1a: Jirachi|Iron Head|p2a: Heatran\n|-resisted|p2a: Heatran\n|-damage|p2a: Heatran|5\/100\n|\n|-heal|p1a: Jirachi|61\/100|[from] item: Leftovers\n|upkeep\n|turn|89\n|\n|t:|1662128871\n|move|p2a: Heatran|Earth Power|p1a: Jirachi\n|-supereffective|p1a: Jirachi\n|-damage|p1a: Jirachi|22\/100\n|-unboost|p1a: Jirachi|spd|1\n|move|p1a: Jirachi|Iron Head|p2a: Heatran\n|-resisted|p2a: Heatran\n|-damage|p2a: Heatran|0 fnt\n|faint|p2a: Heatran\n|\n|-heal|p1a: Jirachi|28\/100|[from] item: Leftovers\n|upkeep\n|\n|t:|1662128871\n|switch|p2a: landorustherian|Landorus-Therian, M|23\/100\n|-ability|p2a: landorustherian|Intimidate|boost\n|-unboost|p1a: Jirachi|atk|1\n|turn|90\n|\n|t:|1662128875\n|move|p1a: Jirachi|Protect|p1a: Jirachi\n|-singleturn|p1a: Jirachi|Protect\n|move|p2a: landorustherian|Earthquake|p1a: Jirachi\n|-activate|p1a: Jirachi|move: Protect\n|\n|-heal|p1a: Jirachi|35\/100|[from] item: Leftovers\n|upkeep\n|turn|91\n|\n|t:|1662128882\n|switch|p1a: Quagsire|Quagsire, M|100\/100\n|-damage|p1a: Quagsire|94\/100|[from] Stealth Rock\n|move|p2a: landorustherian|Earthquake|p1a: Quagsire\n|-crit|p1a: Quagsire\n|-damage|p1a: Quagsire|45\/100\n|\n|upkeep\n|turn|92\n|\n|t:|1662128884\n|move|p2a: landorustherian|U-turn|p1a: Quagsire\n|-damage|p1a: Quagsire|29\/100\n|\n|t:|1662128884\n|switch|p2a: Tangrowth|Tangrowth, M|98\/100 psn|[from]move: U-turn\n|move|p1a: Quagsire|Recover|p1a: Quagsire\n|-heal|p1a: Quagsire|79\/100\n|\n|-damage|p2a: Tangrowth|86\/100 psn|[from] psn\n|upkeep\n|turn|93\n|\n|t:|1662128887\n|switch|p1a: Jirachi|Jirachi|35\/100\n|-damage|p1a: Jirachi|28\/100|[from] Stealth Rock\n|move|p2a: Tangrowth|Giga Drain|p1a: Jirachi\n|-resisted|p1a: Jirachi\n|-damage|p1a: Jirachi|20\/100\n|-heal|p2a: Tangrowth|90\/100 psn|[from] drain|[of] p1a: Jirachi\n|\n|-heal|p1a: Jirachi|26\/100|[from] item: Leftovers\n|-damage|p2a: Tangrowth|78\/100 psn|[from] psn\n|upkeep\n|turn|94\n|\n|t:|1662128889\n|move|p1a: Jirachi|Wish|p1a: Jirachi\n|move|p2a: Tangrowth|Giga Drain|p1a: Jirachi\n|-resisted|p1a: Jirachi\n|-damage|p1a: Jirachi|17\/100\n|-heal|p2a: Tangrowth|82\/100 psn|[from] drain|[of] p1a: Jirachi\n|\n|-heal|p1a: Jirachi|23\/100|[from] item: Leftovers\n|-damage|p2a: Tangrowth|70\/100 psn|[from] psn\n|upkeep\n|turn|95\n|\n|t:|1662128891\n|switch|p2a: Melmetal|Melmetal|21\/100\n|move|p1a: Jirachi|Protect||[still]\n|-fail|p1a: Jirachi\n|\n|-heal|p1a: Jirachi|73\/100|[from] move: Wish|[wisher] Jirachi\n|-heal|p1a: Jirachi|79\/100|[from] item: Leftovers\n|upkeep\n|turn|96\n|\n|t:|1662128894\n|move|p1a: Jirachi|Protect|p1a: Jirachi\n|-singleturn|p1a: Jirachi|Protect\n|move|p2a: Melmetal|Earthquake|p1a: Jirachi\n|-activate|p1a: Jirachi|move: Protect\n|\n|-heal|p1a: Jirachi|86\/100|[from] item: Leftovers\n|upkeep\n|turn|97\n|\n|t:|1662128896\n|switch|p1a: Quagsire|Quagsire, M|79\/100\n|-damage|p1a: Quagsire|73\/100|[from] Stealth Rock\n|move|p2a: Melmetal|Double Iron Bash|p1a: Quagsire\n|-resisted|p1a: Quagsire\n|-damage|p1a: Quagsire|58\/100\n|-resisted|p1a: Quagsire\n|-damage|p1a: Quagsire|43\/100\n|-hitcount|p1a: Quagsire|2\n|\n|upkeep\n|turn|98\n|\n|t:|1662128898\n|move|p2a: Melmetal|Double Iron Bash|p1a: Quagsire\n|-resisted|p1a: Quagsire\n|-damage|p1a: Quagsire|29\/100\n|-resisted|p1a: Quagsire\n|-damage|p1a: Quagsire|14\/100\n|-hitcount|p1a: Quagsire|2\n|cant|p1a: Quagsire|flinch\n|\n|upkeep\n|turn|99\n|\n|t:|1662128905\n|move|p2a: Melmetal|Ice Punch|p1a: Quagsire\n|-damage|p1a: Quagsire|0 fnt\n|faint|p1a: Quagsire\n|\n|upkeep\n|\n|t:|1662128907\n|switch|p1a: Jirachi|Jirachi|86\/100\n|-damage|p1a: Jirachi|79\/100|[from] Stealth Rock\n|turn|100\n|\n|t:|1662128909\n|move|p1a: Jirachi|Iron Head|p2a: Melmetal\n|-resisted|p2a: Melmetal\n|-damage|p2a: Melmetal|13\/100\n|move|p2a: Melmetal|Earthquake|p1a: Jirachi\n|-supereffective|p1a: Jirachi\n|-crit|p1a: Jirachi\n|-damage|p1a: Jirachi|0 fnt\n|faint|p1a: Jirachi\n|\n|upkeep\n|-message|kokoukohiro forfeited.\n|\n|win|minimax_ai\n|raw|kokoukohiro's rating: 1636 &rarr; <strong>1613<\/strong><br \/>(-23 for losing)\n|raw|minimax_ai's rating: 1581 &rarr; <strong>1604<\/strong><br \/>(+23 for winning)\n|c|\u2606minimax_ai|gg\n|l|\u2606kokoukohiro\n","uploadtime":1662128922,"views":9,"p1id":"kokoukohiro","p2id":"minimaxai","formatid":"gen8ou","rating":1604,"private":0,"password":null}