{"id":"gen8ou-1640927376","p1":"GauBoune","p2":"Mimikyu Stardust","format":"gen8ou","log":"|j|\u2606GauBoune\n|j|\u2606Mimikyu Stardust\n|t:|1660654041\n|gametype|singles\n|player|p1|GauBoune|1|1712\n|player|p2|Mimikyu Stardust|#wcop2022asia|1690\n|teamsize|p1|6\n|teamsize|p2|6\n|gen|8\n|tier|[Gen 8] OU\n|rated|\n|rule|Sleep Clause Mod: Limit one foe put to sleep\n|rule|Species Clause: Limit one of each Pok\u00e9mon\n|rule|OHKO Clause: OHKO moves are banned\n|rule|Evasion Items Clause: Evasion items are banned\n|rule|Evasion Moves Clause: Evasion moves are banned\n|rule|Endless Battle Clause: Forcing endless battles is banned\n|rule|HP Percentage Mod: HP is shown in percentages\n|rule|Dynamax Clause: You cannot dynamax\n|clearpoke\n|poke|p1|Landorus-Therian, M|\n|poke|p1|Heatran, M|\n|poke|p1|Dragonite, F|\n|poke|p1|Clefable, M|\n|poke|p1|Ferrothorn, F|\n|poke|p1|Tapu Koko|\n|poke|p2|Kartana|\n|poke|p2|Toxtricity, M|\n|poke|p2|Celesteela|\n|poke|p2|Dragapult, F|\n|poke|p2|Mew|\n|poke|p2|Zeraora|\n|teampreview\n|\n|t:|1660654070\n|start\n|switch|p1a: Tapu Koko|Tapu Koko|100\/100\n|switch|p2a: Mew|Mew|100\/100\n|-fieldstart|move: Electric Terrain|[from] ability: Electric Surge|[of] p1a: Tapu Koko\n|turn|1\n|\n|t:|1660654073\n|move|p1a: Tapu Koko|Thunderbolt|p2a: Mew\n|-damage|p2a: Mew|57\/100\n|move|p2a: Mew|Spikes|p1a: Tapu Koko\n|-sidestart|p1: GauBoune|Spikes\n|\n|upkeep\n|turn|2\n|\n|t:|1660654077\n|move|p1a: Tapu Koko|Thunderbolt|p2a: Mew\n|-damage|p2a: Mew|18\/100\n|move|p2a: Mew|Stealth Rock|p1a: Tapu Koko\n|-sidestart|p1: GauBoune|move: Stealth Rock\n|\n|upkeep\n|turn|3\n|\n|t:|1660654082\n|move|p1a: Tapu Koko|Thunderbolt|p2a: Mew\n|-damage|p2a: Mew|0 fnt\n|faint|p2a: Mew\n|\n|upkeep\n|\n|t:|1660654091\n|switch|p2a: Toxtricity|Toxtricity, M|100\/100\n|turn|4\n|\n|t:|1660654093\n|switch|p1a: Ferrothorn|Ferrothorn, F|100\/100\n|-damage|p1a: Ferrothorn|88\/100|[from] Spikes\n|-damage|p1a: Ferrothorn|82\/100|[from] Stealth Rock\n|move|p2a: Toxtricity|Boomburst|p1a: Ferrothorn\n|-resisted|p1a: Ferrothorn\n|-damage|p1a: Ferrothorn|51\/100\n|-damage|p2a: Toxtricity|91\/100|[from] item: Life Orb\n|\n|upkeep\n|turn|5\n|\n|t:|1660654099\n|move|p2a: Toxtricity|Shift Gear|p2a: Toxtricity\n|-boost|p2a: Toxtricity|spe|2\n|-boost|p2a: Toxtricity|atk|1\n|move|p1a: Ferrothorn|Knock Off|p2a: Toxtricity\n|-damage|p2a: Toxtricity|57\/100\n|-enditem|p2a: Toxtricity|Life Orb|[from] move: Knock Off|[of] p1a: Ferrothorn\n|\n|-fieldend|move: Electric Terrain\n|upkeep\n|turn|6\n|\n|t:|1660654103\n|move|p2a: Toxtricity|Fire Punch|p1a: Ferrothorn\n|-supereffective|p1a: Ferrothorn\n|-damage|p1a: Ferrothorn|0 fnt\n|-damage|p2a: Toxtricity|44\/100|[from] ability: Iron Barbs|[of] p1a: Ferrothorn\n|-damage|p2a: Toxtricity|28\/100|[from] item: Rocky Helmet|[of] p1a: Ferrothorn\n|faint|p1a: Ferrothorn\n|\n|upkeep\n|\n|t:|1660654111\n|switch|p1a: Landorus|Landorus-Therian, M|100\/100\n|-damage|p1a: Landorus|88\/100|[from] Stealth Rock\n|-ability|p1a: Landorus|Intimidate|boost\n|-unboost|p2a: Toxtricity|atk|1\n|turn|7\n|\n|t:|1660654125\n|move|p2a: Toxtricity|Boomburst|p1a: Landorus\n|-damage|p1a: Landorus|19\/100\n|move|p1a: Landorus|Earthquake|p2a: Toxtricity\n|-supereffective|p2a: Toxtricity\n|-damage|p2a: Toxtricity|0 fnt\n|faint|p2a: Toxtricity\n|\n|upkeep\n|\n|t:|1660654129\n|switch|p2a: Dragapult|Dragapult, F|100\/100\n|turn|8\n|\n|t:|1660654133\n|move|p2a: Dragapult|Shadow Ball|p1a: Landorus\n|-damage|p1a: Landorus|0 fnt\n|faint|p1a: Landorus\n|\n|upkeep\n|\n|t:|1660654138\n|switch|p1a: Clefable|Clefable, M, shiny|100\/100\n|turn|9\n|\n|t:|1660654145\n|switch|p2a: Zeraora|Zeraora|100\/100\n|move|p1a: Clefable|Trick|p2a: Zeraora\n|-activate|p1a: Clefable|move: Trick|[of] p2a: Zeraora\n|-item|p2a: Zeraora|Sticky Barb|[from] move: Trick\n|-item|p1a: Clefable|Eject Pack|[from] move: Trick\n|\n|-damage|p2a: Zeraora|88\/100|[from] item: Sticky Barb\n|upkeep\n|turn|10\n|\n|t:|1660654153\n|move|p2a: Zeraora|Bulk Up|p2a: Zeraora\n|-boost|p2a: Zeraora|atk|1\n|-boost|p2a: Zeraora|def|1\n|move|p1a: Clefable|Moonblast|p2a: Zeraora\n|-damage|p2a: Zeraora|50\/100\n|-unboost|p2a: Zeraora|spa|1\n|\n|-damage|p2a: Zeraora|38\/100|[from] item: Sticky Barb\n|upkeep\n|turn|11\n|\n|t:|1660654157\n|move|p2a: Zeraora|Plasma Fists|p1a: Clefable\n|-damage|p1a: Clefable|34\/100\n|-fieldactivate|move: Ion Deluge\n|-hint|Normal-type moves become Electric-type after using Plasma Fists.\n|move|p1a: Clefable|Moonblast|p2a: Zeraora\n|-damage|p2a: Zeraora|0 fnt\n|faint|p2a: Zeraora\n|\n|upkeep\n|\n|t:|1660654168\n|switch|p2a: Dragapult|Dragapult, F|100\/100\n|turn|12\n|\n|t:|1660654171\n|move|p2a: Dragapult|Shadow Ball|p1a: Clefable\n|-damage|p1a: Clefable|0 fnt\n|faint|p1a: Clefable\n|\n|upkeep\n|\n|t:|1660654173\n|switch|p1a: Dragonite|Dragonite, F|100\/100\n|turn|13\n|\n|t:|1660654181\n|move|p2a: Dragapult|Shadow Ball|p1a: Dragonite\n|-damage|p1a: Dragonite|75\/100\n|move|p1a: Dragonite|Dragon Dance|p1a: Dragonite\n|-boost|p1a: Dragonite|atk|1\n|-boost|p1a: Dragonite|spe|1\n|\n|upkeep\n|turn|14\n|\n|t:|1660654195\n|switch|p2a: Kartana|Kartana|100\/100\n|move|p1a: Dragonite|Dragon Dance|p1a: Dragonite\n|-boost|p1a: Dragonite|atk|1\n|-boost|p1a: Dragonite|spe|1\n|\n|upkeep\n|turn|15\n|\n|t:|1660654201\n|move|p1a: Dragonite|Roost|p1a: Dragonite\n|-heal|p1a: Dragonite|100\/100\n|-singleturn|p1a: Dragonite|move: Roost\n|move|p2a: Kartana|Smart Strike|p1a: Dragonite\n|-damage|p1a: Dragonite|74\/100\n|\n|upkeep\n|turn|16\n|\n|t:|1660654211\n|move|p1a: Dragonite|Roost|p1a: Dragonite\n|-heal|p1a: Dragonite|100\/100\n|-singleturn|p1a: Dragonite|move: Roost\n|move|p2a: Kartana|Smart Strike|p1a: Dragonite\n|-damage|p1a: Dragonite|73\/100\n|\n|upkeep\n|turn|17\n|\n|t:|1660654219\n|move|p1a: Dragonite|Earthquake|p2a: Kartana\n|-damage|p2a: Kartana|20\/100\n|move|p2a: Kartana|Smart Strike|p1a: Dragonite\n|-damage|p1a: Dragonite|18\/100\n|\n|upkeep\n|turn|18\n|\n|t:|1660654228\n|switch|p2a: Celesteela|Celesteela|100\/100\n|move|p1a: Dragonite|Earthquake|p2a: Celesteela\n|-immune|p2a: Celesteela\n|\n|upkeep\n|turn|19\n|\n|t:|1660654233\n|move|p1a: Dragonite|Roost|p1a: Dragonite\n|-heal|p1a: Dragonite|68\/100\n|-singleturn|p1a: Dragonite|move: Roost\n|move|p2a: Celesteela|Heavy Slam|p1a: Dragonite\n|-damage|p1a: Dragonite|14\/100\n|\n|upkeep\n|turn|20\n|\n|t:|1660654239\n|move|p1a: Dragonite|Ice Punch|p2a: Celesteela\n|-damage|p2a: Celesteela|45\/100\n|move|p2a: Celesteela|Heavy Slam|p1a: Dragonite\n|-damage|p1a: Dragonite|0 fnt\n|faint|p1a: Dragonite\n|-ability|p2a: Celesteela|Beast Boost|boost\n|-boost|p2a: Celesteela|atk|1\n|\n|upkeep\n|\n|t:|1660654246\n|switch|p1a: Tapu Koko|Tapu Koko|100\/100\n|-fieldstart|move: Electric Terrain|[from] ability: Electric Surge|[of] p1a: Tapu Koko\n|turn|21\n|\n|t:|1660654249\n|move|p1a: Tapu Koko|Thunderbolt|p2a: Celesteela\n|-supereffective|p2a: Celesteela\n|-damage|p2a: Celesteela|0 fnt\n|faint|p2a: Celesteela\n|\n|upkeep\n|\n|t:|1660654256\n|switch|p2a: Dragapult|Dragapult, F|100\/100\n|turn|22\n|\n|t:|1660654258\n|move|p2a: Dragapult|Shadow Ball|p1a: Tapu Koko\n|-damage|p1a: Tapu Koko|19\/100\n|move|p1a: Tapu Koko|Dazzling Gleam|p2a: Dragapult\n|-supereffective|p2a: Dragapult\n|-damage|p2a: Dragapult|17\/100\n|\n|upkeep\n|turn|23\n|\n|t:|1660654264\n|move|p2a: Dragapult|Shadow Ball|p1a: Tapu Koko\n|-damage|p1a: Tapu Koko|0 fnt\n|faint|p1a: Tapu Koko\n|\n|upkeep\n|\n|t:|1660654266\n|switch|p1a: Heatran|Heatran, M, shiny|100\/100\n|-damage|p1a: Heatran|88\/100|[from] Stealth Rock\n|-item|p1a: Heatran|Air Balloon\n|turn|24\n|\n|t:|1660654273\n|move|p2a: Dragapult|Shadow Ball|p1a: Heatran\n|-damage|p1a: Heatran|31\/100\n|-unboost|p1a: Heatran|spd|1\n|-enditem|p1a: Heatran|Air Balloon\n|move|p1a: Heatran|Earth Power|p2a: Dragapult\n|-damage|p2a: Dragapult|0 fnt\n|faint|p2a: Dragapult\n|\n|upkeep\n|\n|t:|1660654279\n|switch|p2a: Kartana|Kartana|20\/100\n|turn|25\n|-message|GauBoune forfeited.\n|\n|win|Mimikyu Stardust\n|raw|GauBoune's rating: 1712 &rarr; <strong>1691<\/strong><br \/>(-21 for losing)\n|raw|Mimikyu Stardust's rating: 1690 &rarr; <strong>1711<\/strong><br \/>(+21 for winning)\n|l|\u2606GauBoune\n|c|\u2606Mimikyu Stardust|gg\n","uploadtime":1660654285,"views":116,"p1id":"gauboune","p2id":"mimikyustardust","formatid":"gen8ou","rating":1691,"private":0,"password":null}