{"id":"gen8nationaldexag-1686413413","p1":"Meracx","p2":"Masskeauuu","format":"gen8nationaldexag","log":"|j|\u2606Meracx\n|j|\u2606Masskeauuu\n|t:|1665845415\n|gametype|singles\n|player|p1|Meracx|thorton|\n|player|p2|Masskeauuu|anthea|\n|teamsize|p1|6\n|teamsize|p2|6\n|gen|8\n|tier|[Gen 8] National Dex AG\n|rule|HP Percentage Mod: HP is shown in percentages\n|rule|Endless Battle Clause: Forcing endless battles is banned\n|clearpoke\n|poke|p1|Nidoqueen, F|\n|poke|p1|Sceptile, M|\n|poke|p1|Manaphy|\n|poke|p1|Sylveon, M|\n|poke|p1|Vikavolt, M|\n|poke|p1|Guzzlord|\n|poke|p2|Meloetta|\n|poke|p2|Infernape, M|\n|poke|p2|Celesteela|\n|poke|p2|Sharpedo, F|\n|poke|p2|Donphan, M|\n|poke|p2|Tapu Koko|\n|teampreview\n|c|\u2606Meracx|hf\n|c|\u2606Masskeauuu|hf\n|j| bulut\n|j| Kai_Kitt\n|j| FlorentM\n|\n|t:|1665845477\n|start\n|switch|p1a: T\u00e9a|Sylveon, M|100\/100\n|switch|p2a: Infernape|Infernape, M|100\/100\n|turn|1\n|\n|t:|1665845484\n|move|p2a: Infernape|U-turn|p1a: T\u00e9a\n|-resisted|p1a: T\u00e9a\n|-damage|p1a: T\u00e9a|88\/100\n|l| bulut\n|\n|t:|1665845508\n|switch|p2a: Celesteela|Celesteela|100\/100|[from]move: U-turn\n|move|p1a: T\u00e9a|Hyper Voice|p2a: Celesteela\n|-resisted|p2a: Celesteela\n|-damage|p2a: Celesteela|61\/100\n|\n|upkeep\n|turn|2\n|j| Endives au jambon\n|\n|t:|1665845572\n|switch|p1a: Joey|Vikavolt, M|100\/100\n|move|p2a: Celesteela|Air Slash|p1a: Joey\n|-damage|p1a: Joey|57\/100\n|\n|upkeep\n|turn|3\n|\n|t:|1665845578\n|move|p2a: Celesteela|Fire Blast|p1a: Joey\n|-supereffective|p1a: Joey\n|-damage|p1a: Joey|0 fnt\n|faint|p1a: Joey\n|-ability|p2a: Celesteela|Beast Boost|boost\n|-boost|p2a: Celesteela|spa|1\n|\n|upkeep\n|j| Just-Silverr\n|\n|t:|1665845621\n|switch|p1a: Mai|Nidoqueen, F|100\/100\n|turn|4\n|\n|t:|1665845632\n|switch|p2a: Meloetta|Meloetta|100\/100\n|move|p1a: Mai|Ice Beam|p2a: Meloetta\n|-damage|p2a: Meloetta|82\/100\n|\n|upkeep\n|turn|5\n|\n|t:|1665845667\n|switch|p1a: Bakura|Guzzlord|100\/100\n|move|p2a: Meloetta|U-turn|p1a: Bakura\n|-supereffective|p1a: Bakura\n|-damage|p1a: Bakura|77\/100\n|\n|t:|1665845680\n|switch|p2a: Tapu Koko|Tapu Koko|100\/100|[from]move: U-turn\n|-fieldstart|move: Electric Terrain|[from] ability: Electric Surge|[of] p2a: Tapu Koko\n|\n|upkeep\n|turn|6\n|\n|t:|1665845690\n|switch|p1a: Mai|Nidoqueen, F|100\/100\n|move|p2a: Tapu Koko|U-turn|p1a: Mai\n|-resisted|p1a: Mai\n|-damage|p1a: Mai|81\/100\n|\n|t:|1665845720\n|switch|p2a: Sharpedo|Sharpedo, F|100\/100|[from]move: U-turn\n|\n|upkeep\n|turn|7\n|\n|t:|1665845727\n|switch|p1a: Bakura|Guzzlord|77\/100\n|detailschange|p2a: Sharpedo|Sharpedo-Mega, F\n|-mega|p2a: Sharpedo|Sharpedo|Sharpedonite\n|move|p2a: Sharpedo|Flip Turn|p1a: Bakura\n|-resisted|p1a: Bakura\n|-damage|p1a: Bakura|61\/100\n|\n|t:|1665845733\n|switch|p2a: Tapu Koko|Tapu Koko|100\/100|[from]move: Flip Turn\n|\n|upkeep\n|turn|8\n|\n|t:|1665845742\n|switch|p1a: T\u00e9a|Sylveon, M|88\/100\n|move|p2a: Tapu Koko|U-turn|p1a: T\u00e9a\n|-resisted|p1a: T\u00e9a\n|-damage|p1a: T\u00e9a|66\/100\n|j| Gatubraz\n|\n|t:|1665845773\n|switch|p2a: Sharpedo|Sharpedo-Mega, F|100\/100|[from]move: U-turn\n|\n|upkeep\n|turn|9\n|l| Just-Silverr\n|\n|t:|1665845784\n|move|p2a: Sharpedo|Flip Turn|p1a: T\u00e9a\n|-crit|p1a: T\u00e9a\n|-damage|p1a: T\u00e9a|0 fnt\n|faint|p1a: T\u00e9a\n|j| Just-Silverr\n|j| bulut\n|l| bulut\n|j| bulut\n|l| Gatubraz\n|\n|t:|1665845815\n|switch|p2a: Celesteela|Celesteela|61\/100|[from]move: Flip Turn\n|\n|-fieldend|move: Electric Terrain\n|upkeep\n|\n|t:|1665845818\n|switch|p1a: Mai|Nidoqueen, F|81\/100\n|turn|10\n|\n|t:|1665845827\n|switch|p2a: Meloetta|Meloetta|82\/100\n|move|p1a: Mai|Stealth Rock|p2a: Meloetta\n|-sidestart|p2: Masskeauuu|move: Stealth Rock\n|\n|upkeep\n|turn|11\n|\n|t:|1665845841\n|switch|p1a: Bakura|Guzzlord|61\/100\n|move|p2a: Meloetta|Psychic|p1a: Bakura\n|-immune|p1a: Bakura\n|\n|upkeep\n|turn|12\n|\n|t:|1665845847\n|move|p2a: Meloetta|U-turn|p1a: Bakura\n|-supereffective|p1a: Bakura\n|-damage|p1a: Bakura|38\/100\n|\n|t:|1665845849\n|switch|p2a: Donphan|Donphan, M|100\/100|[from]move: U-turn\n|-damage|p2a: Donphan|94\/100|[from] Stealth Rock\n|move|p1a: Bakura|Knock Off|p2a: Donphan\n|-damage|p2a: Donphan|70\/100\n|-damage|p1a: Bakura|22\/100|[from] item: Rocky Helmet|[of] p2a: Donphan\n|-enditem|p2a: Donphan|Rocky Helmet|[from] move: Knock Off|[of] p1a: Bakura\n|\n|upkeep\n|turn|13\n|\n|t:|1665845859\n|move|p2a: Donphan|Rapid Spin|p1a: Bakura\n|-damage|p1a: Bakura|7\/100\n|-boost|p2a: Donphan|spe|1\n|-sideend|p2: Masskeauuu|Stealth Rock|[from] move: Rapid Spin|[of] p2a: Donphan\n|move|p1a: Bakura|Flamethrower|p2a: Donphan\n|-damage|p2a: Donphan|43\/100\n|\n|upkeep\n|turn|14\n|\n|t:|1665845865\n|move|p2a: Donphan|Rapid Spin|p1a: Bakura\n|-damage|p1a: Bakura|0 fnt\n|-boost|p2a: Donphan|spe|1\n|faint|p1a: Bakura\n|\n|upkeep\n|\n|t:|1665845867\n|switch|p1a: Kaiba|Sceptile, M|100\/100\n|turn|15\n|\n|t:|1665845878\n|switch|p2a: Celesteela|Celesteela|61\/100\n|detailschange|p1a: Kaiba|Sceptile-Mega, M\n|-mega|p1a: Kaiba|Sceptile|Sceptilite\n|move|p1a: Kaiba|Swords Dance|p1a: Kaiba\n|-boost|p1a: Kaiba|atk|2\n|\n|upkeep\n|turn|16\n|j| Nicooole\n|\n|t:|1665845882\n|switch|p2a: Donphan|Donphan, M|43\/100\n|move|p1a: Kaiba|Thunder Punch|p2a: Donphan\n|-immune|p2a: Donphan\n|\n|upkeep\n|turn|17\n|j| Soso19\n|\n|t:|1665845887\n|move|p2a: Donphan|Ice Shard|p1a: Kaiba\n|-supereffective|p1a: Kaiba\n|-crit|p1a: Kaiba\n|-damage|p1a: Kaiba|12\/100\n|move|p1a: Kaiba|Earthquake|p2a: Donphan\n|-damage|p2a: Donphan|5\/100\n|\n|upkeep\n|turn|18\n|\n|t:|1665845893\n|switch|p1a: Yugi|Manaphy|100\/100\n|move|p2a: Donphan|Ice Shard|p1a: Yugi\n|-resisted|p1a: Yugi\n|-damage|p1a: Yugi|96\/100\n|\n|-heal|p1a: Yugi|100\/100|[from] item: Leftovers\n|upkeep\n|turn|19\n|\n|t:|1665845902\n|move|p1a: Yugi|Scald|p2a: Donphan\n|-supereffective|p2a: Donphan\n|-damage|p2a: Donphan|0 fnt\n|faint|p2a: Donphan\n|\n|upkeep\n|l| bulut\n|\n|t:|1665845968\n|switch|p2a: Sharpedo|Sharpedo-Mega, F|100\/100\n|turn|20\n|\n|t:|1665845975\n|move|p2a: Sharpedo|Crunch|p1a: Yugi\n|-damage|p1a: Yugi|54\/100\n|move|p1a: Yugi|Tail Glow|p1a: Yugi\n|-boost|p1a: Yugi|spa|3\n|\n|-heal|p1a: Yugi|60\/100|[from] item: Leftovers\n|upkeep\n|turn|21\n|\n|t:|1665845980\n|move|p2a: Sharpedo|Crunch|p1a: Yugi\n|-damage|p1a: Yugi|11\/100\n|move|p1a: Yugi|Signal Beam|p2a: Sharpedo\n|-supereffective|p2a: Sharpedo\n|-damage|p2a: Sharpedo|0 fnt\n|faint|p2a: Sharpedo\n|\n|-heal|p1a: Yugi|18\/100|[from] item: Leftovers\n|upkeep\n|j| bulut\n|\n|t:|1665846001\n|switch|p2a: Tapu Koko|Tapu Koko|100\/100\n|-fieldstart|move: Electric Terrain|[from] ability: Electric Surge|[of] p2a: Tapu Koko\n|turn|22\n|\n|t:|1665846006\n|move|p2a: Tapu Koko|Brave Bird|p1a: Yugi\n|-damage|p1a: Yugi|0 fnt\n|faint|p1a: Yugi\n|-damage|p2a: Tapu Koko|94\/100|[from] Recoil\n|\n|upkeep\n|\n|t:|1665846010\n|switch|p1a: Mai|Nidoqueen, F|81\/100\n|turn|23\n|\n|t:|1665846030\n|switch|p2a: Meloetta|Meloetta|82\/100\n|switch|p1a: Kaiba|Sceptile-Mega, M|12\/100\n|\n|upkeep\n|turn|24\n|\n|t:|1665846036\n|move|p1a: Kaiba|Synthesis|p1a: Kaiba\n|-heal|p1a: Kaiba|62\/100\n|move|p2a: Meloetta|Psychic|p1a: Kaiba\n|-damage|p1a: Kaiba|3\/100\n|\n|upkeep\n|turn|25\n|\n|t:|1665846040\n|move|p1a: Kaiba|Earthquake|p2a: Meloetta\n|-damage|p2a: Meloetta|48\/100\n|move|p2a: Meloetta|Dazzling Gleam|p1a: Kaiba\n|-supereffective|p1a: Kaiba\n|-damage|p1a: Kaiba|0 fnt\n|faint|p1a: Kaiba\n|\n|upkeep\n|\n|t:|1665846042\n|switch|p1a: Mai|Nidoqueen, F|81\/100\n|turn|26\n|\n|t:|1665846047\n|move|p2a: Meloetta|Psychic|p1a: Mai\n|-supereffective|p1a: Mai\n|-damage|p1a: Mai|0 fnt\n|faint|p1a: Mai\n|\n|win|Masskeauuu\n|c|\u2606Masskeauuu|gg\n|c|\u2606Meracx|gg\n|l| Nicooole\n","uploadtime":1665846054,"views":21,"p1id":"meracx","p2id":"masskeauuu","formatid":"gen8nationaldexag","rating":0,"private":0,"password":null}