{"id":"gen8ou-1544323498","p1":"yoyaga","p2":"kokoukohiro","format":"gen8ou","log":"|j|\u2606yoyaga\n|j|\u2606kokoukohiro\n|t:|1648896587\n|gametype|singles\n|player|p1|yoyaga|266|1485\n|player|p2|kokoukohiro|dawn|1542\n|teamsize|p1|6\n|teamsize|p2|6\n|gen|8\n|tier|[Gen 8] OU\n|rated|\n|rule|Sleep Clause Mod: Limit one foe put to sleep\n|rule|Species Clause: Limit one of each Pok\u00e9mon\n|rule|OHKO Clause: OHKO moves are banned\n|rule|Evasion Moves Clause: Evasion moves are banned\n|rule|Endless Battle Clause: Forcing endless battles is banned\n|rule|HP Percentage Mod: HP is shown in percentages\n|rule|Dynamax Clause: You cannot dynamax\n|clearpoke\n|poke|p1|Aegislash, M|\n|poke|p1|Keldeo-Resolute|\n|poke|p1|Sharpedo, M|\n|poke|p1|Mew|\n|poke|p1|Necrozma|\n|poke|p1|Latios, M|\n|poke|p2|Shedinja|\n|poke|p2|Quagsire, F|\n|poke|p2|Clefable, M|\n|poke|p2|Blissey, F|\n|poke|p2|Toxapex, M|\n|poke|p2|Skarmory, F|\n|teampreview\n|inactive|Battle timer is ON: inactive players will automatically lose when time's up. (requested by kokoukohiro)\n|inactive|yoyaga has 120 seconds left.\n|\n|t:|1648896638\n|start\n|switch|p1a: Aegislash|Aegislash, M|100\/100\n|switch|p2a: Toxapex|Toxapex, M|100\/100\n|turn|1\n|\n|t:|1648896649\n|switch|p1a: Mew|Mew|100\/100\n|move|p2a: Toxapex|Knock Off|p1a: Mew\n|-supereffective|p1a: Mew\n|-damage|p1a: Mew|73\/100\n|-enditem|p1a: Mew|Twisted Spoon|[from] move: Knock Off|[of] p2a: Toxapex\n|\n|upkeep\n|turn|2\n|\n|t:|1648896657\n|move|p1a: Mew|Future Sight|p2a: Toxapex\n|-start|p1a: Mew|move: Future Sight\n|move|p2a: Toxapex|Toxic Spikes|p1a: Mew\n|-sidestart|p1: yoyaga|move: Toxic Spikes\n|\n|upkeep\n|turn|3\n|\n|t:|1648896668\n|switch|p2a: Shedinja|Shedinja|100\/100\n|move|p1a: Mew|Teleport|p1a: Mew\n|\n|t:|1648896671\n|switch|p1a: Aegislash|Aegislash, M|100\/100|[from]move: Teleport\n|\n|upkeep\n|turn|4\n|\n|t:|1648896677\n|move|p2a: Shedinja|Protect|p2a: Shedinja\n|-singleturn|p2a: Shedinja|Protect\n|-formechange|p1a: Aegislash|Aegislash-Blade||[from] ability: Stance Change\n|move|p1a: Aegislash|Shadow Ball|p2a: Shedinja\n|-activate|p2a: Shedinja|move: Protect\n|\n|-end|p2a: Shedinja|move: Future Sight\n|-immune|p2a: Shedinja|[from] ability: Wonder Guard\n|upkeep\n|turn|5\n|\n|t:|1648896690\n|move|p1a: Aegislash|Shadow Ball|p2a: Shedinja\n|-supereffective|p2a: Shedinja\n|-damage|p2a: Shedinja|0 fnt\n|faint|p2a: Shedinja\n|\n|upkeep\n|\n|t:|1648896699\n|switch|p2a: Toxapex|Toxapex, M|100\/100\n|turn|6\n|\n|t:|1648896708\n|switch|p1a: Mew|Mew|73\/100\n|-status|p1a: Mew|psn\n|move|p2a: Toxapex|Toxic Spikes|p1a: Mew\n|-sidestart|p1: yoyaga|move: Toxic Spikes\n|\n|-damage|p1a: Mew|61\/100 psn|[from] psn\n|upkeep\n|turn|7\n|\n|t:|1648896716\n|move|p1a: Mew|Future Sight|p2a: Toxapex\n|-start|p1a: Mew|move: Future Sight\n|move|p2a: Toxapex|Knock Off|p1a: Mew\n|-supereffective|p1a: Mew\n|-damage|p1a: Mew|44\/100 psn\n|\n|-damage|p1a: Mew|32\/100 psn|[from] psn\n|upkeep\n|turn|8\n|\n|t:|1648896721\n|switch|p2a: Blissey|Blissey, F|100\/100\n|move|p1a: Mew|Teleport|p1a: Mew\n|\n|t:|1648896733\n|switch|p1a: Keldeo|Keldeo-Resolute|100\/100|[from]move: Teleport\n|-status|p1a: Keldeo|tox\n|\n|-damage|p1a: Keldeo|94\/100 tox|[from] psn\n|upkeep\n|turn|9\n|\n|t:|1648896741\n|switch|p2a: Skarmory|Skarmory, F|100\/100\n|move|p1a: Keldeo|Secret Sword|p2a: Skarmory\n|-damage|p2a: Skarmory|65\/100\n|\n|-end|p2a: Skarmory|move: Future Sight\n|-resisted|p2a: Skarmory\n|-damage|p2a: Skarmory|29\/100\n|-damage|p1a: Keldeo|82\/100 tox|[from] psn\n|upkeep\n|turn|10\n|\n|t:|1648896750\n|switch|p2a: Toxapex|Toxapex, M|100\/100\n|move|p1a: Keldeo|Secret Sword|p2a: Toxapex\n|-resisted|p2a: Toxapex\n|-damage|p2a: Toxapex|82\/100\n|\n|-heal|p2a: Toxapex|88\/100|[from] item: Black Sludge\n|-damage|p1a: Keldeo|63\/100 tox|[from] psn\n|upkeep\n|turn|11\n|\n|t:|1648896758\n|switch|p1a: Mew|Mew|32\/100 psn\n|move|p2a: Toxapex|Knock Off|p1a: Mew\n|-supereffective|p1a: Mew\n|-damage|p1a: Mew|14\/100 psn\n|\n|-heal|p2a: Toxapex|94\/100|[from] item: Black Sludge\n|-damage|p1a: Mew|1\/100 psn|[from] psn\n|upkeep\n|turn|12\n|\n|t:|1648896763\n|switch|p2a: Skarmory|Skarmory, F|29\/100\n|move|p1a: Mew|Roost|p1a: Mew\n|-heal|p1a: Mew|51\/100 psn\n|-singleturn|p1a: Mew|move: Roost\n|\n|-damage|p1a: Mew|39\/100 psn|[from] psn\n|upkeep\n|turn|13\n|\n|t:|1648896779\n|switch|p1a: Aegislash|Aegislash, M|100\/100\n|move|p2a: Skarmory|Roost|p2a: Skarmory\n|-heal|p2a: Skarmory|79\/100\n|-singleturn|p2a: Skarmory|move: Roost\n|\n|upkeep\n|turn|14\n|\n|t:|1648896785\n|switch|p2a: Toxapex|Toxapex, M|100\/100\n|-formechange|p1a: Aegislash|Aegislash-Blade||[from] ability: Stance Change\n|move|p1a: Aegislash|Close Combat|p2a: Toxapex\n|-resisted|p2a: Toxapex\n|-damage|p2a: Toxapex|90\/100\n|-unboost|p1a: Aegislash|def|1\n|-unboost|p1a: Aegislash|spd|1\n|\n|-heal|p2a: Toxapex|97\/100|[from] item: Black Sludge\n|upkeep\n|turn|15\n|\n|t:|1648896795\n|switch|p1a: Mew|Mew|39\/100 psn\n|move|p2a: Toxapex|Knock Off|p1a: Mew\n|-supereffective|p1a: Mew\n|-damage|p1a: Mew|21\/100 psn\n|\n|-heal|p2a: Toxapex|100\/100|[from] item: Black Sludge\n|-damage|p1a: Mew|9\/100 psn|[from] psn\n|upkeep\n|turn|16\n|\n|t:|1648896799\n|switch|p2a: Skarmory|Skarmory, F|79\/100\n|move|p1a: Mew|Roost|p1a: Mew\n|-heal|p1a: Mew|59\/100 psn\n|-singleturn|p1a: Mew|move: Roost\n|\n|-damage|p1a: Mew|47\/100 psn|[from] psn\n|upkeep\n|turn|17\n|\n|t:|1648896811\n|move|p1a: Mew|Roost|p1a: Mew\n|-heal|p1a: Mew|97\/100 psn\n|-singleturn|p1a: Mew|move: Roost\n|move|p2a: Skarmory|Spikes|p1a: Mew\n|-sidestart|p1: yoyaga|Spikes\n|\n|-damage|p1a: Mew|84\/100 psn|[from] psn\n|upkeep\n|turn|18\n|\n|t:|1648896816\n|move|p1a: Mew|Future Sight|p2a: Skarmory\n|-start|p1a: Mew|move: Future Sight\n|move|p2a: Skarmory|Roar|p1a: Mew\n|drag|p1a: Aegislash|Aegislash, M|100\/100\n|-damage|p1a: Aegislash|88\/100|[from] Spikes\n|\n|upkeep\n|turn|19\n|\n|t:|1648896824\n|-formechange|p1a: Aegislash|Aegislash-Blade||[from] ability: Stance Change\n|move|p1a: Aegislash|Shadow Ball|p2a: Skarmory\n|-damage|p2a: Skarmory|5\/100\n|move|p2a: Skarmory|Roost|p2a: Skarmory\n|-heal|p2a: Skarmory|55\/100\n|-singleturn|p2a: Skarmory|move: Roost\n|\n|upkeep\n|turn|20\n|\n|t:|1648896837\n|switch|p2a: Toxapex|Toxapex, M|100\/100\n|move|p1a: Aegislash|Close Combat|p2a: Toxapex\n|-resisted|p2a: Toxapex\n|-damage|p2a: Toxapex|89\/100\n|-unboost|p1a: Aegislash|def|1\n|-unboost|p1a: Aegislash|spd|1\n|\n|-end|p2a: Toxapex|move: Future Sight\n|-supereffective|p2a: Toxapex\n|-damage|p2a: Toxapex|0 fnt\n|faint|p2a: Toxapex\n|upkeep\n|\n|t:|1648896855\n|switch|p2a: Quagsire|Quagsire, F|100\/100\n|turn|21\n|\n|t:|1648896872\n|switch|p1a: Mew|Mew|84\/100 psn\n|-damage|p1a: Mew|72\/100 psn|[from] Spikes\n|move|p2a: Quagsire|Scald|p1a: Mew\n|-damage|p1a: Mew|56\/100 psn\n|\n|-damage|p1a: Mew|44\/100 psn|[from] psn\n|upkeep\n|turn|22\n|\n|t:|1648896879\n|move|p1a: Mew|Future Sight|p2a: Quagsire\n|-start|p1a: Mew|move: Future Sight\n|move|p2a: Quagsire|Earthquake|p1a: Mew\n|-damage|p1a: Mew|18\/100 psn\n|\n|-damage|p1a: Mew|6\/100 psn|[from] psn\n|upkeep\n|turn|23\n|\n|t:|1648896888\n|switch|p2a: Blissey|Blissey, F|100\/100\n|move|p1a: Mew|Teleport|p1a: Mew\n|\n|t:|1648896897\n|switch|p1a: Keldeo|Keldeo-Resolute|63\/100 tox|[from]move: Teleport\n|-damage|p1a: Keldeo|51\/100 tox|[from] Spikes\n|\n|-damage|p1a: Keldeo|45\/100 tox|[from] psn\n|upkeep\n|turn|24\n|\n|t:|1648896902\n|switch|p2a: Clefable|Clefable, M|100\/100\n|move|p1a: Keldeo|Secret Sword|p2a: Clefable\n|-resisted|p2a: Clefable\n|-damage|p2a: Clefable|61\/100\n|\n|-end|p2a: Clefable|move: Future Sight\n|-damage|p2a: Clefable|22\/100\n|-damage|p1a: Keldeo|32\/100 tox|[from] psn\n|upkeep\n|turn|25\n|-message|kokoukohiro forfeited.\n|\n|win|yoyaga\n|raw|yoyaga's rating: 1485 &rarr; <strong>1508<\/strong><br \/>(+23 for winning)\n|raw|kokoukohiro's rating: 1542 &rarr; <strong>1519<\/strong><br \/>(-23 for losing)\n|l|\u2606kokoukohiro\n","uploadtime":1648896937,"views":12,"p1id":"yoyaga","p2id":"kokoukohiro","formatid":"gen8ou","rating":1508,"private":0,"password":null}