{"id":"gen8ou-1580394909","p1":"DAYTONAAAAAAAA","p2":"reionatro","format":"gen8ou","log":"|j|\u2606DAYTONAAAAAAAA\n|j|\u2606reionatro\n|t:|1653236033\n|gametype|singles\n|player|p1|DAYTONAAAAAAAA|scientist-gen4dp|1793\n|player|p2|reionatro|whitney|1756\n|teamsize|p1|6\n|teamsize|p2|6\n|gen|8\n|tier|[Gen 8] OU\n|rated|\n|rule|Sleep Clause Mod: Limit one foe put to sleep\n|rule|Species Clause: Limit one of each Pok\u00e9mon\n|rule|OHKO Clause: OHKO moves are banned\n|rule|Evasion Moves Clause: Evasion moves are banned\n|rule|Endless Battle Clause: Forcing endless battles is banned\n|rule|HP Percentage Mod: HP is shown in percentages\n|rule|Dynamax Clause: You cannot dynamax\n|clearpoke\n|poke|p1|Torkoal, F|\n|poke|p1|Darmanitan, F|\n|poke|p1|Xatu, M|\n|poke|p1|Heatran, M|\n|poke|p1|Landorus-Therian, M|\n|poke|p1|Victini|\n|poke|p2|Nihilego|\n|poke|p2|Zapdos-Galar|\n|poke|p2|Kartana|\n|poke|p2|Celesteela|\n|poke|p2|Garchomp, M|\n|poke|p2|Tapu Fini|\n|teampreview\n|inactive|Battle timer is ON: inactive players will automatically lose when time's up. (requested by DAYTONAAAAAAAA)\n|c|\u2606reionatro|hf\n|\n|t:|1653236057\n|start\n|switch|p1a: Landorus|Landorus-Therian, M|100\/100\n|switch|p2a: Nihilego|Nihilego|100\/100\n|-ability|p1a: Landorus|Intimidate|boost\n|-unboost|p2a: Nihilego|atk|1\n|turn|1\n|j| idgasab\n|\n|t:|1653236067\n|switch|p2a: Garchomp|Garchomp, M|100\/100\n|move|p1a: Landorus|U-turn|p2a: Garchomp\n|-damage|p2a: Garchomp|81\/100\n|-damage|p1a: Landorus|88\/100|[from] ability: Rough Skin|[of] p2a: Garchomp\n|-damage|p1a: Landorus|72\/100|[from] item: Rocky Helmet|[of] p2a: Garchomp\n|\n|t:|1653236072\n|switch|p1a: Xatu|Xatu, M|100\/100|[from]move: U-turn\n|\n|upkeep\n|turn|2\n|\n|t:|1653236092\n|switch|p2a: Tapu Fini|Tapu Fini|100\/100\n|-fieldstart|move: Misty Terrain|[from] ability: Misty Surge|[of] p2a: Tapu Fini\n|move|p1a: Xatu|Teleport|p1a: Xatu\n|\n|t:|1653236098\n|switch|p1a: Torkoal|Torkoal, F|100\/100|[from]move: Teleport\n|-weather|SunnyDay|[from] ability: Drought|[of] p1a: Torkoal\n|\n|-weather|SunnyDay|[upkeep]\n|upkeep\n|turn|3\n|\n|t:|1653236109\n|move|p2a: Tapu Fini|Taunt|p1a: Torkoal\n|-start|p1a: Torkoal|move: Taunt\n|cant|p1a: Torkoal|move: Taunt|Stealth Rock\n|\n|-weather|SunnyDay|[upkeep]\n|upkeep\n|turn|4\n|\n|t:|1653236115\n|move|p2a: Tapu Fini|Calm Mind|p2a: Tapu Fini\n|-boost|p2a: Tapu Fini|spa|1\n|-boost|p2a: Tapu Fini|spd|1\n|move|p1a: Torkoal|Lava Plume|p2a: Tapu Fini\n|-resisted|p2a: Tapu Fini\n|-damage|p2a: Tapu Fini|91\/100\n|\n|-weather|SunnyDay|[upkeep]\n|-heal|p2a: Tapu Fini|97\/100|[from] item: Leftovers\n|upkeep\n|turn|5\n|\n|t:|1653236133\n|switch|p1a: Victini|Victini|100\/100\n|move|p2a: Tapu Fini|Scald|p1a: Victini\n|-supereffective|p1a: Victini\n|-damage|p1a: Victini|59\/100\n|\n|-weather|SunnyDay|[upkeep]\n|-heal|p2a: Tapu Fini|100\/100|[from] item: Leftovers\n|upkeep\n|turn|6\n|\n|t:|1653236149\n|switch|p2a: Garchomp|Garchomp, M|81\/100\n|move|p1a: Victini|Trick|p2a: Garchomp\n|-activate|p1a: Victini|move: Trick|[of] p2a: Garchomp\n|-item|p2a: Garchomp|Choice Scarf|[from] move: Trick\n|-item|p1a: Victini|Rocky Helmet|[from] move: Trick\n|\n|-weather|SunnyDay|[upkeep]\n|-fieldend|Misty Terrain\n|upkeep\n|turn|7\n|\n|t:|1653236159\n|switch|p1a: Xatu|Xatu, M|100\/100\n|move|p2a: Garchomp|Fire Blast|p1a: Xatu\n|-damage|p1a: Xatu|63\/100\n|\n|-weather|SunnyDay|[upkeep]\n|upkeep\n|turn|8\n|j| DA COME UP \u2605\u5f61\n|\n|t:|1653236164\n|switch|p2a: Tapu Fini|Tapu Fini|100\/100\n|-fieldstart|move: Misty Terrain|[from] ability: Misty Surge|[of] p2a: Tapu Fini\n|move|p1a: Xatu|Teleport|p1a: Xatu\n|\n|t:|1653236168\n|switch|p1a: Darmanitan|Darmanitan, F, shiny|100\/100|[from]move: Teleport\n|\n|-weather|SunnyDay|[upkeep]\n|upkeep\n|turn|9\n|j| god multiface\n|j| OneTreeWaiting\n|inactive|reionatro has 120 seconds left.\n|\n|t:|1653236205\n|switch|p2a: Garchomp|Garchomp, M|81\/100\n|move|p1a: Darmanitan|Flare Blitz|p2a: Garchomp\n|-resisted|p2a: Garchomp\n|-damage|p2a: Garchomp|11\/100\n|-damage|p1a: Darmanitan|88\/100|[from] ability: Rough Skin|[of] p2a: Garchomp\n|-damage|p1a: Darmanitan|61\/100|[from] Recoil\n|\n|-weather|none\n|upkeep\n|turn|10\n|inactive|reionatro has 120 seconds left.\n|\n|t:|1653236223\n|switch|p1a: Xatu|Xatu, M|63\/100\n|move|p2a: Garchomp|Earthquake|p1a: Xatu\n|-immune|p1a: Xatu\n|\n|upkeep\n|turn|11\n|\n|t:|1653236238\n|switch|p2a: Tapu Fini|Tapu Fini|100\/100\n|move|p1a: Xatu|Teleport|p1a: Xatu\n|\n|t:|1653236244\n|switch|p1a: Victini|Victini|59\/100|[from]move: Teleport\n|\n|upkeep\n|turn|12\n|inactive|reionatro has 120 seconds left.\n|inactive|reionatro has 90 seconds left.\n|\n|t:|1653236279\n|switch|p2a: Nihilego|Nihilego|100\/100\n|move|p1a: Victini|Bolt Strike|p2a: Nihilego\n|-damage|p2a: Nihilego|46\/100\n|\n|-fieldend|Misty Terrain\n|upkeep\n|turn|13\n|j| hsh3184\n|c|\u2606reionatro|test\n|\n|t:|1653236302\n|move|p2a: Nihilego|Meteor Beam||[still]\n|-prepare|p2a: Nihilego|Meteor Beam\n|-boost|p2a: Nihilego|spa|1\n|-enditem|p2a: Nihilego|Power Herb\n|-anim|p2a: Nihilego|Meteor Beam|p1a: Victini\n|-supereffective|p1a: Victini\n|-damage|p1a: Victini|0 fnt\n|faint|p1a: Victini\n|-ability|p2a: Nihilego|Beast Boost|boost\n|-boost|p2a: Nihilego|spe|1\n|\n|upkeep\n|\n|t:|1653236306\n|switch|p1a: Landorus|Landorus-Therian, M|72\/100\n|-ability|p1a: Landorus|Intimidate|boost\n|-unboost|p2a: Nihilego|atk|1\n|turn|14\n|\n|t:|1653236322\n|switch|p2a: Celesteela|Celesteela|100\/100\n|move|p1a: Landorus|Earthquake|p2a: Celesteela\n|-immune|p2a: Celesteela\n|\n|-heal|p1a: Landorus|78\/100|[from] item: Leftovers\n|upkeep\n|turn|15\n|inactive|reionatro has 90 seconds left.\n|\n|t:|1653236343\n|move|p2a: Celesteela|Air Slash|p1a: Landorus\n|-damage|p1a: Landorus|49\/100\n|move|p1a: Landorus|U-turn|p2a: Celesteela\n|-resisted|p2a: Celesteela\n|-damage|p2a: Celesteela|95\/100\n|\n|t:|1653236354\n|switch|p1a: Heatran|Heatran, M|100\/100|[from]move: U-turn\n|\n|upkeep\n|turn|16\n|inactive|reionatro has 90 seconds left.\n|\n|t:|1653236378\n|switch|p2a: Zapdos|Zapdos-Galar|100\/100\n|move|p1a: Heatran|Eruption|p2a: Zapdos\n|-damage|p2a: Zapdos|0 fnt\n|faint|p2a: Zapdos\n|\n|upkeep\n|\n|t:|1653236387\n|switch|p2a: Garchomp|Garchomp, M|11\/100\n|turn|17\n|j| numbarwon\n|\n|t:|1653236416\n|switch|p1a: Xatu|Xatu, M|63\/100\n|move|p2a: Garchomp|Earthquake|p1a: Xatu\n|-immune|p1a: Xatu\n|\n|upkeep\n|turn|18\n|c|\u2606reionatro|test\n|inactive|reionatro has 90 seconds left.\n|n| GoldenStateIdiots|dacomeup\n|\n|t:|1653236441\n|switch|p2a: Kartana|Kartana|100\/100\n|move|p1a: Xatu|Teleport|p1a: Xatu\n|\n|t:|1653236454\n|switch|p1a: Torkoal|Torkoal, F|100\/100|[from]move: Teleport\n|-weather|SunnyDay|[from] ability: Drought|[of] p1a: Torkoal\n|\n|-weather|SunnyDay|[upkeep]\n|upkeep\n|turn|19\n|\n|t:|1653236461\n|switch|p2a: Tapu Fini|Tapu Fini|100\/100\n|-fieldstart|move: Misty Terrain|[from] ability: Misty Surge|[of] p2a: Tapu Fini\n|move|p1a: Torkoal|Stealth Rock|p2a: Tapu Fini\n|-sidestart|p2: reionatro|move: Stealth Rock\n|\n|-weather|SunnyDay|[upkeep]\n|upkeep\n|turn|20\n|l| GoldenStateIdiots\n|\n|t:|1653236475\n|switch|p1a: Darmanitan|Darmanitan, F, shiny|61\/100\n|move|p2a: Tapu Fini|Scald|p1a: Darmanitan\n|-supereffective|p1a: Darmanitan\n|-damage|p1a: Darmanitan|22\/100\n|\n|-weather|SunnyDay|[upkeep]\n|upkeep\n|turn|21\n|j| top chad\n|inactive|reionatro has 90 seconds left.\n|\n|t:|1653236493\n|switch|p2a: Garchomp|Garchomp, M|11\/100\n|-damage|p2a: Garchomp|5\/100|[from] Stealth Rock\n|move|p1a: Darmanitan|Flare Blitz|p2a: Garchomp\n|-resisted|p2a: Garchomp\n|-damage|p2a: Garchomp|0 fnt\n|-damage|p1a: Darmanitan|9\/100|[from] ability: Rough Skin|[of] p2a: Garchomp\n|faint|p2a: Garchomp\n|-damage|p1a: Darmanitan|7\/100|[from] Recoil\n|\n|-weather|SunnyDay|[upkeep]\n|upkeep\n|\n|t:|1653236506\n|switch|p2a: Kartana|Kartana|100\/100\n|-damage|p2a: Kartana|94\/100|[from] Stealth Rock\n|turn|22\n|\n|t:|1653236528\n|move|p2a: Kartana|Knock Off|p1a: Darmanitan\n|-damage|p1a: Darmanitan|0 fnt\n|-enditem|p1a: Darmanitan|Life Orb|[from] move: Knock Off|[of] p2a: Kartana\n|faint|p1a: Darmanitan\n|-ability|p2a: Kartana|Beast Boost|boost\n|-boost|p2a: Kartana|atk|1\n|\n|-weather|SunnyDay|[upkeep]\n|upkeep\n|\n|t:|1653236533\n|switch|p1a: Torkoal|Torkoal, F|100\/100\n|turn|23\n|\n|t:|1653236537\n|switch|p2a: Tapu Fini|Tapu Fini|100\/100\n|-damage|p2a: Tapu Fini|88\/100|[from] Stealth Rock\n|move|p1a: Torkoal|Lava Plume|p2a: Tapu Fini\n|-resisted|p2a: Tapu Fini\n|-damage|p2a: Tapu Fini|74\/100\n|\n|-weather|SunnyDay|[upkeep]\n|-heal|p2a: Tapu Fini|80\/100|[from] item: Leftovers\n|-fieldend|Misty Terrain\n|upkeep\n|turn|24\n|\n|t:|1653236546\n|switch|p1a: Xatu|Xatu, M|63\/100\n|move|p2a: Tapu Fini|Calm Mind|p2a: Tapu Fini\n|-boost|p2a: Tapu Fini|spa|1\n|-boost|p2a: Tapu Fini|spd|1\n|\n|-weather|SunnyDay|[upkeep]\n|-heal|p2a: Tapu Fini|87\/100|[from] item: Leftovers\n|upkeep\n|turn|25\n|inactive|reionatro has 90 seconds left.\n|\n|t:|1653236564\n|switch|p2a: Kartana|Kartana|94\/100\n|-damage|p2a: Kartana|88\/100|[from] Stealth Rock\n|move|p1a: Xatu|Thunder Wave|p2a: Kartana\n|-status|p2a: Kartana|par\n|\n|-weather|none\n|upkeep\n|turn|26\n|\n|t:|1653236572\n|switch|p1a: Torkoal|Torkoal, F|100\/100\n|-weather|SunnyDay|[from] ability: Drought|[of] p1a: Torkoal\n|move|p2a: Kartana|Knock Off|p1a: Torkoal\n|-damage|p1a: Torkoal|74\/100\n|-enditem|p1a: Torkoal|Heat Rock|[from] move: Knock Off|[of] p2a: Kartana\n|\n|-weather|SunnyDay|[upkeep]\n|upkeep\n|turn|27\n|inactive|reionatro has 90 seconds left.\n|\n|t:|1653236579\n|switch|p2a: Tapu Fini|Tapu Fini|87\/100\n|-damage|p2a: Tapu Fini|74\/100|[from] Stealth Rock\n|-fieldstart|move: Misty Terrain|[from] ability: Misty Surge|[of] p2a: Tapu Fini\n|switch|p1a: Heatran|Heatran, M|100\/100\n|\n|-weather|SunnyDay|[upkeep]\n|-heal|p2a: Tapu Fini|80\/100|[from] item: Leftovers\n|upkeep\n|turn|28\n|inactive|reionatro has 90 seconds left.\n|inactive|reionatro has 60 seconds left.\n|j| Kratosurtur\n|l| hsh3184\n|inactive|reionatro has 30 seconds left.\n|inactive|reionatro has 20 seconds left.\n|inactive|reionatro has 15 seconds left.\n|inactive|reionatro has 10 seconds left.\n|\n|t:|1653236671\n|switch|p2a: Nihilego|Nihilego|46\/100\n|-damage|p2a: Nihilego|34\/100|[from] Stealth Rock\n|move|p1a: Heatran|Eruption|p2a: Nihilego\n|-resisted|p2a: Nihilego\n|-damage|p2a: Nihilego|0 fnt\n|faint|p2a: Nihilego\n|\n|-weather|SunnyDay|[upkeep]\n|upkeep\n|inactive|reionatro has 15 seconds left this turn.\n|inactive|reionatro has 10 seconds left.\n|\n|t:|1653236678\n|switch|p2a: Kartana|Kartana|88\/100 par\n|-damage|p2a: Kartana|82\/100 par|[from] Stealth Rock\n|turn|29\n|inactive|reionatro has 20 seconds left this turn.\n|\n|t:|1653236685\n|switch|p1a: Landorus|Landorus-Therian, M|49\/100\n|-ability|p1a: Landorus|Intimidate|boost\n|-unboost|p2a: Kartana|atk|1\n|move|p2a: Kartana|Sacred Sword|p1a: Landorus\n|-resisted|p1a: Landorus\n|-damage|p1a: Landorus|35\/100\n|\n|-weather|SunnyDay|[upkeep]\n|-heal|p1a: Landorus|41\/100|[from] item: Leftovers\n|upkeep\n|turn|30\n|inactive|reionatro has 30 seconds left this turn.\n|\n|t:|1653236692\n|switch|p2a: Celesteela|Celesteela|95\/100\n|-damage|p2a: Celesteela|83\/100|[from] Stealth Rock\n|move|p1a: Landorus|U-turn|p2a: Celesteela\n|-resisted|p2a: Celesteela\n|-damage|p2a: Celesteela|77\/100\n|inactive|reionatro has 30 seconds left this turn.\n|\n|t:|1653236694\n|switch|p1a: Heatran|Heatran, M|100\/100|[from]move: U-turn\n|\n|-weather|SunnyDay|[upkeep]\n|upkeep\n|turn|31\n|inactive|reionatro has 30 seconds left.\n|\n|t:|1653236707\n|move|p1a: Heatran|Eruption|p2a: Celesteela\n|-supereffective|p2a: Celesteela\n|-damage|p2a: Celesteela|0 fnt\n|faint|p2a: Celesteela\n|\n|-weather|SunnyDay|[upkeep]\n|-fieldend|Misty Terrain\n|upkeep\n|inactive|reionatro has 30 seconds left.\n|\n|t:|1653236716\n|switch|p2a: Tapu Fini|Tapu Fini|80\/100\n|-damage|p2a: Tapu Fini|68\/100|[from] Stealth Rock\n|-fieldstart|move: Misty Terrain|[from] ability: Misty Surge|[of] p2a: Tapu Fini\n|turn|32\n|\n|t:|1653236719\n|move|p1a: Heatran|Eruption|p2a: Tapu Fini\n|-resisted|p2a: Tapu Fini\n|-damage|p2a: Tapu Fini|0 fnt\n|faint|p2a: Tapu Fini\n|\n|-weather|SunnyDay|[upkeep]\n|upkeep\n|c|\u2606reionatro|gg\n|-message|reionatro forfeited.\n|\n|win|DAYTONAAAAAAAA\n|raw|DAYTONAAAAAAAA's rating: 1816 &rarr; <strong>1833<\/strong><br \/>(+17 for winning)\n|raw|reionatro's rating: 1756 &rarr; <strong>1739<\/strong><br \/>(-17 for losing)\n|l|\u2606reionatro\n|l| god multiface\n|l| top chad\n|l|\u2606DAYTONAAAAAAAA\n|l| idgasab\n||Ladder isn't responding, score probably updated but might not have (Request timeout).\n|l| OneTreeWaiting\n","uploadtime":1653236730,"views":74,"p1id":"daytonaaaaaaaa","p2id":"reionatro","formatid":"gen8ou","rating":1739,"private":0,"password":null}