{"id":"gen8bdspou-1516356068","p1":"Shinrai12","p2":"VirginJimmy99","format":"gen8bdspou","log":"|j|\u2606Shinrai12\n|j|\u2606VirginJimmy99\n|t:|1645534857\n|gametype|singles\n|player|p1|Shinrai12|wallace|1393\n|player|p2|VirginJimmy99|169|1473\n|teamsize|p1|6\n|teamsize|p2|6\n|gen|8\n|tier|[Gen 8 BDSP] OU\n|rated|\n|rule|Sleep Clause Mod: Limit one foe put to sleep\n|rule|Species Clause: Limit one of each Pok\u00e9mon\n|rule|OHKO Clause: OHKO moves are banned\n|rule|Evasion Moves Clause: Evasion moves are banned\n|rule|Endless Battle Clause: Forcing endless battles is banned\n|rule|HP Percentage Mod: HP is shown in percentages\n|clearpoke\n|poke|p1|Skarmory, F|\n|poke|p1|Gliscor, F|\n|poke|p1|Tangrowth, F|\n|poke|p1|Blissey, F|\n|poke|p1|Clefable, M|\n|poke|p1|Gastrodon, M|\n|poke|p2|Bastiodon, M|\n|poke|p2|Roserade, M|\n|poke|p2|Starmie|\n|poke|p2|Scizor, M|\n|poke|p2|Mismagius, M|\n|poke|p2|Garchomp, M|\n|teampreview\n|c|\u2606Shinrai12|glhf\n|c|\u2606VirginJimmy99|u2\n|\n|t:|1645534909\n|start\n|switch|p1a: Skarmory|Skarmory, F|100\/100\n|switch|p2a: Big Nut|Bastiodon, M|100\/100\n|turn|1\n|\n|t:|1645534915\n|switch|p1a: Gliscor|Gliscor, F|100\/100\n|move|p2a: Big Nut|Stealth Rock|p1a: Gliscor\n|-sidestart|p1: Shinrai12|move: Stealth Rock\n|\n|-status|p1a: Gliscor|tox|[from] item: Toxic Orb\n|upkeep\n|turn|2\n|\n|t:|1645534918\n|move|p2a: Big Nut|Protect|p2a: Big Nut\n|-singleturn|p2a: Big Nut|Protect\n|move|p1a: Gliscor|Defog|p2a: Big Nut\n|-activate|p2a: Big Nut|move: Protect\n|\n|upkeep\n|turn|3\n|\n|t:|1645534927\n|switch|p2a: Roserade|Roserade, M|100\/100\n|move|p1a: Gliscor|Knock Off|p2a: Roserade\n|-damage|p2a: Roserade|62\/100\n|-enditem|p2a: Roserade|Black Sludge|[from] move: Knock Off|[of] p1a: Gliscor\n|\n|upkeep\n|turn|4\n|\n|t:|1645534936\n|switch|p1a: Blissey|Blissey, F|100\/100\n|-damage|p1a: Blissey|88\/100|[from] Stealth Rock\n|move|p2a: Roserade|Giga Drain|p1a: Blissey\n|-damage|p1a: Blissey|75\/100\n|-heal|p2a: Roserade|78\/100|[from] drain|[of] p1a: Blissey\n|\n|-heal|p1a: Blissey|82\/100|[from] item: Leftovers\n|upkeep\n|turn|5\n|\n|t:|1645534940\n|move|p2a: Roserade|Sleep Powder|p1a: Blissey\n|-status|p1a: Blissey|slp|[from] move: Sleep Powder\n|cant|p1a: Blissey|slp\n|\n|-heal|p1a: Blissey|88\/100 slp|[from] item: Leftovers\n|upkeep\n|turn|6\n|\n|t:|1645534946\n|move|p2a: Roserade|Spikes|p1a: Blissey\n|-sidestart|p1: Shinrai12|Spikes\n|-curestatus|p1a: Blissey|slp|[msg]\n|move|p1a: Blissey|Stealth Rock|p2a: Roserade\n|-sidestart|p2: VirginJimmy99|move: Stealth Rock\n|\n|-heal|p1a: Blissey|94\/100|[from] item: Leftovers\n|upkeep\n|turn|7\n|\n|t:|1645534950\n|move|p2a: Roserade|Sleep Powder|p1a: Blissey\n|-status|p1a: Blissey|slp|[from] move: Sleep Powder\n|cant|p1a: Blissey|slp\n|\n|-heal|p1a: Blissey|99\/100 slp|[from] item: Leftovers\n|upkeep\n|turn|8\n|\n|t:|1645534955\n|-curestatus|p1a: Blissey|slp|[from] ability: Natural Cure\n|switch|p1a: Gliscor|Gliscor, F|100\/100 tox\n|-damage|p1a: Gliscor|88\/100 tox|[from] Stealth Rock\n|move|p2a: Roserade|Giga Drain|p1a: Gliscor\n|-damage|p1a: Gliscor|42\/100 tox\n|-heal|p2a: Roserade|100\/100|[from] drain|[of] p1a: Gliscor\n|\n|-heal|p1a: Gliscor|54\/100 tox|[from] ability: Poison Heal\n|upkeep\n|turn|9\n|\n|t:|1645534969\n|move|p2a: Roserade|Giga Drain|p1a: Gliscor\n|-damage|p1a: Gliscor|6\/100 tox\n|move|p1a: Gliscor|Defog|p2a: Roserade\n|-unboost|p2a: Roserade|evasion|1\n|-sideend|p2: VirginJimmy99|Stealth Rock|[from] move: Defog|[of] p1a: Gliscor\n|-sideend|p1: Shinrai12|Spikes|[from] move: Defog|[of] p1a: Gliscor\n|-sideend|p1: Shinrai12|Stealth Rock|[from] move: Defog|[of] p1a: Gliscor\n|\n|-heal|p1a: Gliscor|18\/100 tox|[from] ability: Poison Heal\n|upkeep\n|turn|10\n|\n|t:|1645534978\n|switch|p1a: Skarmory|Skarmory, F|100\/100\n|move|p2a: Roserade|Spikes|p1a: Skarmory\n|-sidestart|p1: Shinrai12|Spikes\n|\n|upkeep\n|turn|11\n|\n|t:|1645534984\n|switch|p2a: Starmie|Starmie|100\/100\n|move|p1a: Skarmory|Spikes|p2a: Starmie\n|-sidestart|p2: VirginJimmy99|Spikes\n|\n|upkeep\n|turn|12\n|\n|t:|1645534991\n|switch|p1a: Blissey|Blissey, F|99\/100\n|-damage|p1a: Blissey|88\/100|[from] Spikes\n|move|p2a: Starmie|Rapid Spin|p1a: Blissey\n|-damage|p1a: Blissey|80\/100\n|-boost|p2a: Starmie|spe|1\n|-sideend|p2: VirginJimmy99|Spikes|[from] move: Rapid Spin|[of] p2a: Starmie\n|\n|-heal|p1a: Blissey|86\/100|[from] item: Leftovers\n|upkeep\n|turn|13\n|\n|t:|1645534999\n|switch|p2a: Roserade|Roserade, M|100\/100\n|move|p1a: Blissey|Stealth Rock|p2a: Roserade\n|-sidestart|p2: VirginJimmy99|move: Stealth Rock\n|\n|-heal|p1a: Blissey|92\/100|[from] item: Leftovers\n|upkeep\n|turn|14\n|\n|t:|1645535003\n|move|p2a: Roserade|Spikes|p1a: Blissey\n|-sidestart|p1: Shinrai12|Spikes\n|move|p1a: Blissey|Seismic Toss|p2a: Roserade\n|-damage|p2a: Roserade|62\/100\n|\n|-heal|p1a: Blissey|98\/100|[from] item: Leftovers\n|upkeep\n|turn|15\n|\n|t:|1645535006\n|move|p2a: Roserade|Sleep Powder|p1a: Blissey\n|-status|p1a: Blissey|slp|[from] move: Sleep Powder\n|cant|p1a: Blissey|slp\n|\n|-heal|p1a: Blissey|100\/100 slp|[from] item: Leftovers\n|upkeep\n|turn|16\n|\n|t:|1645535010\n|switch|p2a: Starmie|Starmie|100\/100\n|-damage|p2a: Starmie|88\/100|[from] Stealth Rock\n|cant|p1a: Blissey|slp\n|\n|-heal|p2a: Starmie|94\/100|[from] item: Leftovers\n|upkeep\n|turn|17\n|\n|t:|1645535015\n|move|p2a: Starmie|Rapid Spin|p1a: Blissey\n|-damage|p1a: Blissey|93\/100 slp\n|-boost|p2a: Starmie|spe|1\n|-sideend|p2: VirginJimmy99|Stealth Rock|[from] move: Rapid Spin|[of] p2a: Starmie\n|cant|p1a: Blissey|slp\n|\n|-heal|p2a: Starmie|100\/100|[from] item: Leftovers\n|-heal|p1a: Blissey|99\/100 slp|[from] item: Leftovers\n|upkeep\n|turn|18\n|\n|t:|1645535028\n|switch|p2a: Garchomp|Garchomp, M|100\/100\n|-curestatus|p1a: Blissey|slp|[msg]\n|move|p1a: Blissey|Seismic Toss|p2a: Garchomp\n|-damage|p2a: Garchomp|72\/100\n|-damage|p1a: Blissey|86\/100|[from] ability: Rough Skin|[of] p2a: Garchomp\n|\n|-heal|p1a: Blissey|93\/100|[from] item: Leftovers\n|upkeep\n|turn|19\n|\n|t:|1645535034\n|switch|p1a: Skarmory|Skarmory, F|100\/100\n|move|p2a: Garchomp|Swords Dance|p2a: Garchomp\n|-boost|p2a: Garchomp|atk|2\n|\n|upkeep\n|turn|20\n|\n|t:|1645535037\n|move|p2a: Garchomp|Fire Blast|p1a: Skarmory\n|-supereffective|p1a: Skarmory\n|-damage|p1a: Skarmory|52\/100\n|move|p1a: Skarmory|Whirlwind|p2a: Garchomp\n|drag|p2a: Scizor|Scizor, M|100\/100\n|\n|upkeep\n|turn|21\n|\n|t:|1645535041\n|move|p1a: Skarmory|Roost|p1a: Skarmory\n|-heal|p1a: Skarmory|100\/100\n|-singleturn|p1a: Skarmory|move: Roost\n|move|p2a: Scizor|U-turn|p1a: Skarmory\n|-resisted|p1a: Skarmory\n|-damage|p1a: Skarmory|92\/100\n|\n|t:|1645535047\n|switch|p2a: Mismagius|Mismagius, M|100\/100|[from]move: U-turn\n|\n|upkeep\n|turn|22\n|\n|t:|1645535055\n|switch|p1a: Clefable|Clefable, M|100\/100\n|-damage|p1a: Clefable|84\/100|[from] Spikes\n|move|p2a: Mismagius|Mystical Fire|p1a: Clefable\n|-damage|p1a: Clefable|64\/100\n|-unboost|p1a: Clefable|spa|1\n|\n|-heal|p1a: Clefable|70\/100|[from] item: Leftovers\n|upkeep\n|turn|23\n|\n|t:|1645535062\n|switch|p2a: Big Nut|Bastiodon, M|100\/100\n|move|p1a: Clefable|Wish|p1a: Clefable\n|\n|-heal|p1a: Clefable|76\/100|[from] item: Leftovers\n|upkeep\n|turn|24\n|\n|t:|1645535065\n|switch|p1a: Gliscor|Gliscor, F|18\/100 tox\n|move|p2a: Big Nut|Roar|p1a: Gliscor\n|drag|p1a: Clefable|Clefable, M|76\/100\n|-damage|p1a: Clefable|59\/100|[from] Spikes\n|\n|-heal|p1a: Clefable|100\/100|[from] move: Wish|[wisher] Clefable\n|upkeep\n|turn|25\n|\n|t:|1645535073\n|switch|p1a: Gliscor|Gliscor, F|18\/100 tox\n|move|p2a: Big Nut|Stealth Rock|p1a: Gliscor\n|-sidestart|p1: Shinrai12|move: Stealth Rock\n|\n|-heal|p1a: Gliscor|31\/100 tox|[from] ability: Poison Heal\n|upkeep\n|turn|26\n|\n|t:|1645535077\n|move|p1a: Gliscor|Defog|p2a: Big Nut\n|-unboost|p2a: Big Nut|evasion|1\n|-sideend|p1: Shinrai12|Spikes|[from] move: Defog|[of] p1a: Gliscor\n|-sideend|p1: Shinrai12|Stealth Rock|[from] move: Defog|[of] p1a: Gliscor\n|move|p2a: Big Nut|Roar|p1a: Gliscor\n|drag|p1a: Clefable|Clefable, M|100\/100\n|\n|upkeep\n|turn|27\n|\n|t:|1645535089\n|switch|p1a: Gliscor|Gliscor, F|31\/100 tox\n|switch|p2a: Garchomp|Garchomp, M|72\/100\n|\n|-heal|p1a: Gliscor|43\/100 tox|[from] ability: Poison Heal\n|upkeep\n|turn|28\n|\n|t:|1645535092\n|switch|p1a: Skarmory|Skarmory, F|92\/100\n|move|p2a: Garchomp|Outrage|p1a: Skarmory\n|-resisted|p1a: Skarmory\n|-damage|p1a: Skarmory|74\/100\n|\n|upkeep\n|turn|29\n|\n|t:|1645535096\n|move|p2a: Garchomp|Outrage|p1a: Skarmory|[from]lockedmove\n|-resisted|p1a: Skarmory\n|-damage|p1a: Skarmory|57\/100\n|move|p1a: Skarmory|Spikes|p2a: Garchomp\n|-sidestart|p2: VirginJimmy99|Spikes\n|\n|upkeep\n|turn|30\n|\n|t:|1645535099\n|move|p2a: Garchomp|Outrage|p1a: Skarmory|[from]lockedmove\n|-resisted|p1a: Skarmory\n|-damage|p1a: Skarmory|40\/100\n|-start|p2a: Garchomp|confusion|[fatigue]\n|-enditem|p2a: Garchomp|Lum Berry|[eat]\n|-end|p2a: Garchomp|confusion\n|move|p1a: Skarmory|Roost|p1a: Skarmory\n|-heal|p1a: Skarmory|90\/100\n|-singleturn|p1a: Skarmory|move: Roost\n|\n|upkeep\n|turn|31\n|\n|t:|1645535106\n|move|p2a: Garchomp|Fire Blast|p1a: Skarmory\n|-supereffective|p1a: Skarmory\n|-damage|p1a: Skarmory|42\/100\n|move|p1a: Skarmory|Spikes|p2a: Garchomp\n|-sidestart|p2: VirginJimmy99|Spikes\n|\n|upkeep\n|turn|32\n|\n|t:|1645535110\n|switch|p1a: Clefable|Clefable, M|100\/100\n|move|p2a: Garchomp|Earthquake|p1a: Clefable\n|-damage|p1a: Clefable|61\/100\n|\n|-heal|p1a: Clefable|67\/100|[from] item: Leftovers\n|upkeep\n|turn|33\n|\n|t:|1645535115\n|switch|p2a: Roserade|Roserade, M|62\/100\n|-damage|p2a: Roserade|46\/100|[from] Spikes\n|move|p1a: Clefable|Wish|p1a: Clefable\n|\n|-heal|p1a: Clefable|73\/100|[from] item: Leftovers\n|upkeep\n|turn|34\n|\n|t:|1645535120\n|switch|p1a: Skarmory|Skarmory, F|42\/100\n|move|p2a: Roserade|Giga Drain|p1a: Skarmory\n|-resisted|p1a: Skarmory\n|-damage|p1a: Skarmory|29\/100\n|-heal|p2a: Roserade|54\/100|[from] drain|[of] p1a: Skarmory\n|\n|-heal|p1a: Skarmory|88\/100|[from] move: Wish|[wisher] Clefable\n|upkeep\n|turn|35\n|\n|t:|1645535125\n|move|p2a: Roserade|Sleep Powder|p1a: Skarmory\n|-status|p1a: Skarmory|slp|[from] move: Sleep Powder\n|cant|p1a: Skarmory|slp\n|\n|upkeep\n|turn|36\n|\n|t:|1645535128\n|move|p2a: Roserade|Spikes|p1a: Skarmory\n|-sidestart|p1: Shinrai12|Spikes\n|cant|p1a: Skarmory|slp\n|\n|upkeep\n|turn|37\n|\n|t:|1645535133\n|switch|p2a: Starmie|Starmie|100\/100\n|-damage|p2a: Starmie|84\/100|[from] Spikes\n|-curestatus|p1a: Skarmory|slp|[msg]\n|move|p1a: Skarmory|Brave Bird|p2a: Starmie\n|-damage|p2a: Starmie|44\/100\n|-damage|p1a: Skarmory|75\/100|[from] Recoil\n|\n|-heal|p2a: Starmie|50\/100|[from] item: Leftovers\n|upkeep\n|turn|38\n|\n|t:|1645535136\n|move|p2a: Starmie|Rapid Spin|p1a: Skarmory\n|-resisted|p1a: Skarmory\n|-damage|p1a: Skarmory|73\/100\n|-boost|p2a: Starmie|spe|1\n|-sideend|p2: VirginJimmy99|Spikes|[from] move: Rapid Spin|[of] p2a: Starmie\n|move|p1a: Skarmory|Brave Bird|p2a: Starmie\n|-damage|p2a: Starmie|7\/100\n|-damage|p1a: Skarmory|58\/100|[from] Recoil\n|\n|-heal|p2a: Starmie|13\/100|[from] item: Leftovers\n|upkeep\n|turn|39\n|\n|t:|1645535140\n|switch|p1a: Blissey|Blissey, F|93\/100\n|-damage|p1a: Blissey|80\/100|[from] Spikes\n|move|p2a: Starmie|Thunderbolt|p1a: Blissey\n|-damage|p1a: Blissey|74\/100\n|-status|p1a: Blissey|par\n|\n|-heal|p2a: Starmie|19\/100|[from] item: Leftovers\n|-heal|p1a: Blissey|80\/100 par|[from] item: Leftovers\n|upkeep\n|turn|40\n|\n|t:|1645535150\n|switch|p2a: Roserade|Roserade, M|54\/100\n|move|p1a: Blissey|Stealth Rock|p2a: Roserade\n|-sidestart|p2: VirginJimmy99|move: Stealth Rock\n|\n|-heal|p1a: Blissey|86\/100 par|[from] item: Leftovers\n|upkeep\n|turn|41\n|\n|t:|1645535155\n|-curestatus|p1a: Blissey|par|[from] ability: Natural Cure\n|switch|p1a: Skarmory|Skarmory, F|58\/100\n|move|p2a: Roserade|Spikes|p1a: Skarmory\n|-sidestart|p1: Shinrai12|Spikes\n|\n|upkeep\n|turn|42\n|\n|t:|1645535159\n|move|p2a: Roserade|Sleep Powder|p1a: Skarmory\n|-status|p1a: Skarmory|slp|[from] move: Sleep Powder\n|cant|p1a: Skarmory|slp\n|\n|upkeep\n|turn|43\n|\n|t:|1645535161\n|move|p2a: Roserade|Giga Drain|p1a: Skarmory\n|-resisted|p1a: Skarmory\n|-damage|p1a: Skarmory|46\/100 slp\n|-heal|p2a: Roserade|62\/100|[from] drain|[of] p1a: Skarmory\n|cant|p1a: Skarmory|slp\n|\n|upkeep\n|turn|44\n|\n|t:|1645535169\n|switch|p2a: Garchomp|Garchomp, M|72\/100\n|-damage|p2a: Garchomp|66\/100|[from] Stealth Rock\n|-curestatus|p1a: Skarmory|slp|[msg]\n|move|p1a: Skarmory|Roost|p1a: Skarmory\n|-heal|p1a: Skarmory|96\/100\n|-singleturn|p1a: Skarmory|move: Roost\n|\n|upkeep\n|turn|45\n|\n|t:|1645535173\n|move|p2a: Garchomp|Fire Blast|p1a: Skarmory\n|-supereffective|p1a: Skarmory\n|-damage|p1a: Skarmory|47\/100\n|move|p1a: Skarmory|Whirlwind|p2a: Garchomp\n|drag|p2a: Scizor|Scizor, M|100\/100\n|-damage|p2a: Scizor|88\/100|[from] Stealth Rock\n|\n|-heal|p2a: Scizor|94\/100|[from] item: Leftovers\n|upkeep\n|turn|46\n|\n|t:|1645535178\n|move|p1a: Skarmory|Roost|p1a: Skarmory\n|-heal|p1a: Skarmory|97\/100\n|-singleturn|p1a: Skarmory|move: Roost\n|move|p2a: Scizor|Swords Dance|p2a: Scizor\n|-boost|p2a: Scizor|atk|2\n|\n|-heal|p2a: Scizor|99\/100|[from] item: Leftovers\n|upkeep\n|turn|47\n|\n|t:|1645535182\n|move|p2a: Scizor|Bullet Punch|p1a: Skarmory\n|-resisted|p1a: Skarmory\n|-damage|p1a: Skarmory|82\/100\n|move|p1a: Skarmory|Whirlwind|p2a: Scizor\n|drag|p2a: Big Nut|Bastiodon, M|100\/100\n|-damage|p2a: Big Nut|94\/100|[from] Stealth Rock\n|\n|-heal|p2a: Big Nut|100\/100|[from] item: Leftovers\n|upkeep\n|turn|48\n|\n|t:|1645535188\n|switch|p1a: Gliscor|Gliscor, F|43\/100 tox\n|switch|p2a: Starmie|Starmie|19\/100\n|-damage|p2a: Starmie|7\/100|[from] Stealth Rock\n|\n|-heal|p2a: Starmie|13\/100|[from] item: Leftovers\n|-heal|p1a: Gliscor|56\/100 tox|[from] ability: Poison Heal\n|upkeep\n|turn|49\n|\n|t:|1645535198\n|switch|p1a: Gastrodon|Gastrodon, M|100\/100\n|-damage|p1a: Gastrodon|84\/100|[from] Spikes\n|move|p2a: Starmie|Ice Beam|p1a: Gastrodon\n|-damage|p1a: Gastrodon|71\/100\n|\n|-heal|p2a: Starmie|19\/100|[from] item: Leftovers\n|-heal|p1a: Gastrodon|77\/100|[from] item: Leftovers\n|upkeep\n|turn|50\n|\n|t:|1645535203\n|move|p2a: Starmie|Rapid Spin|p1a: Gastrodon\n|-damage|p1a: Gastrodon|68\/100\n|-boost|p2a: Starmie|spe|1\n|-sideend|p2: VirginJimmy99|Stealth Rock|[from] move: Rapid Spin|[of] p2a: Starmie\n|move|p1a: Gastrodon|Earthquake|p2a: Starmie\n|-damage|p2a: Starmie|0 fnt\n|faint|p2a: Starmie\n|\n|-heal|p1a: Gastrodon|74\/100|[from] item: Leftovers\n|upkeep\n|\n|t:|1645535207\n|switch|p2a: Roserade|Roserade, M|62\/100\n|turn|51\n|\n|t:|1645535215\n|switch|p1a: Blissey|Blissey, F|86\/100\n|-damage|p1a: Blissey|70\/100|[from] Spikes\n|move|p2a: Roserade|Giga Drain|p1a: Blissey\n|-damage|p1a: Blissey|58\/100\n|-heal|p2a: Roserade|77\/100|[from] drain|[of] p1a: Blissey\n|\n|-heal|p1a: Blissey|64\/100|[from] item: Leftovers\n|upkeep\n|turn|52\n|\n|t:|1645535221\n|move|p2a: Roserade|Sleep Powder|p1a: Blissey\n|-status|p1a: Blissey|slp|[from] move: Sleep Powder\n|cant|p1a: Blissey|slp\n|\n|-heal|p1a: Blissey|71\/100 slp|[from] item: Leftovers\n|upkeep\n|turn|53\n|\n|t:|1645535226\n|-curestatus|p1a: Blissey|slp|[from] ability: Natural Cure\n|switch|p1a: Skarmory|Skarmory, F|82\/100\n|move|p2a: Roserade|Spikes|p1a: Skarmory\n|-sidestart|p1: Shinrai12|Spikes\n|\n|upkeep\n|turn|54\n|\n|t:|1645535231\n|move|p2a: Roserade|Sleep Powder|p1a: Skarmory\n|-status|p1a: Skarmory|slp|[from] move: Sleep Powder\n|cant|p1a: Skarmory|slp\n|\n|upkeep\n|turn|55\n|\n|t:|1645535235\n|switch|p2a: Mismagius|Mismagius, M|100\/100\n|cant|p1a: Skarmory|slp\n|\n|upkeep\n|turn|56\n|\n|t:|1645535243\n|switch|p2a: Garchomp|Garchomp, M|66\/100\n|switch|p1a: Blissey|Blissey, F|71\/100\n|-damage|p1a: Blissey|46\/100|[from] Spikes\n|\n|-heal|p1a: Blissey|52\/100|[from] item: Leftovers\n|upkeep\n|turn|57\n|\n|t:|1645535248\n|move|p2a: Garchomp|Fire Blast|p1a: Blissey|[miss]\n|-miss|p2a: Garchomp|p1a: Blissey\n|move|p1a: Blissey|Soft-Boiled|p1a: Blissey\n|-heal|p1a: Blissey|100\/100\n|\n|upkeep\n|turn|58\n|\n|t:|1645535259\n|switch|p1a: Skarmory|Skarmory, F|82\/100 slp\n|move|p2a: Garchomp|Fire Blast|p1a: Skarmory\n|-supereffective|p1a: Skarmory\n|-damage|p1a: Skarmory|27\/100 slp\n|\n|upkeep\n|turn|59\n|\n|t:|1645535271\n|switch|p1a: Gastrodon|Gastrodon, M|74\/100\n|-damage|p1a: Gastrodon|49\/100|[from] Spikes\n|move|p2a: Garchomp|Swords Dance|p2a: Garchomp\n|-boost|p2a: Garchomp|atk|2\n|\n|-heal|p1a: Gastrodon|56\/100|[from] item: Leftovers\n|upkeep\n|turn|60\n|\n|t:|1645535279\n|move|p2a: Garchomp|Earthquake|p1a: Gastrodon\n|-damage|p1a: Gastrodon|0 fnt\n|faint|p1a: Gastrodon\n|\n|upkeep\n|\n|t:|1645535286\n|switch|p1a: Tangrowth|Tangrowth, F|100\/100\n|-damage|p1a: Tangrowth|76\/100|[from] Spikes\n|turn|61\n|\n|t:|1645535291\n|move|p2a: Garchomp|Outrage|p1a: Tangrowth\n|-damage|p1a: Tangrowth|12\/100\n|move|p1a: Tangrowth|Leech Seed|p2a: Garchomp\n|-start|p2a: Garchomp|move: Leech Seed\n|\n|-heal|p1a: Tangrowth|18\/100|[from] item: Leftovers\n|-damage|p2a: Garchomp|54\/100|[from] Leech Seed|[of] p1a: Tangrowth\n|-heal|p1a: Tangrowth|29\/100|[silent]\n|upkeep\n|turn|62\n|\n|t:|1645535300\n|switch|p1a: Clefable|Clefable, M|73\/100\n|-damage|p1a: Clefable|48\/100|[from] Spikes\n|move|p2a: Garchomp|Outrage|p1a: Clefable|[from]lockedmove\n|-immune|p1a: Clefable\n|-start|p2a: Garchomp|confusion|[fatigue]\n|\n|-heal|p1a: Clefable|54\/100|[from] item: Leftovers\n|-damage|p2a: Garchomp|42\/100|[from] Leech Seed|[of] p1a: Clefable\n|-heal|p1a: Clefable|65\/100|[silent]\n|upkeep\n|turn|63\n|\n|t:|1645535308\n|-activate|p2a: Garchomp|confusion\n|-damage|p2a: Garchomp|13\/100|[from] confusion\n|move|p1a: Clefable|Wish|p1a: Clefable\n|\n|-heal|p1a: Clefable|71\/100|[from] item: Leftovers\n|-damage|p2a: Garchomp|1\/100|[from] Leech Seed|[of] p1a: Clefable\n|-heal|p1a: Clefable|83\/100|[silent]\n|upkeep\n|turn|64\n|\n|t:|1645535313\n|-activate|p2a: Garchomp|confusion\n|move|p2a: Garchomp|Outrage|p1a: Clefable\n|-immune|p1a: Clefable\n|move|p1a: Clefable|Calm Mind|p1a: Clefable\n|-boost|p1a: Clefable|spa|1\n|-boost|p1a: Clefable|spd|1\n|\n|-heal|p1a: Clefable|100\/100|[from] move: Wish|[wisher] Clefable\n|-damage|p2a: Garchomp|0 fnt|[from] Leech Seed|[of] p1a: Clefable\n|faint|p2a: Garchomp\n|upkeep\n|\n|t:|1645535316\n|switch|p2a: Roserade|Roserade, M|77\/100\n|turn|65\n|\n|t:|1645535325\n|move|p2a: Roserade|Sludge Bomb|p1a: Clefable\n|-supereffective|p1a: Clefable\n|-damage|p1a: Clefable|45\/100\n|move|p1a: Clefable|Calm Mind|p1a: Clefable\n|-boost|p1a: Clefable|spa|1\n|-boost|p1a: Clefable|spd|1\n|\n|-heal|p1a: Clefable|51\/100|[from] item: Leftovers\n|upkeep\n|turn|66\n|\n|t:|1645535328\n|move|p1a: Clefable|Protect|p1a: Clefable\n|-singleturn|p1a: Clefable|Protect\n|move|p2a: Roserade|Sludge Bomb|p1a: Clefable\n|-activate|p1a: Clefable|move: Protect\n|\n|-heal|p1a: Clefable|57\/100|[from] item: Leftovers\n|upkeep\n|turn|67\n|\n|t:|1645535332\n|move|p2a: Roserade|Sludge Bomb|p1a: Clefable\n|-supereffective|p1a: Clefable\n|-damage|p1a: Clefable|16\/100\n|move|p1a: Clefable|Wish|p1a: Clefable\n|\n|-heal|p1a: Clefable|22\/100|[from] item: Leftovers\n|upkeep\n|turn|68\n|\n|t:|1645535336\n|move|p1a: Clefable|Protect|p1a: Clefable\n|-singleturn|p1a: Clefable|Protect\n|move|p2a: Roserade|Sludge Bomb|p1a: Clefable\n|-activate|p1a: Clefable|move: Protect\n|\n|-heal|p1a: Clefable|72\/100|[from] move: Wish|[wisher] Clefable\n|-heal|p1a: Clefable|78\/100|[from] item: Leftovers\n|upkeep\n|turn|69\n|\n|t:|1645535340\n|switch|p1a: Blissey|Blissey, F|100\/100\n|-damage|p1a: Blissey|76\/100|[from] Spikes\n|move|p2a: Roserade|Sludge Bomb|p1a: Blissey\n|-damage|p1a: Blissey|60\/100\n|-status|p1a: Blissey|psn\n|\n|-heal|p1a: Blissey|66\/100 psn|[from] item: Leftovers\n|-damage|p1a: Blissey|54\/100 psn|[from] psn\n|upkeep\n|turn|70\n|\n|t:|1645535344\n|move|p2a: Roserade|Giga Drain|p1a: Blissey\n|-damage|p1a: Blissey|43\/100 psn\n|-heal|p2a: Roserade|90\/100|[from] drain|[of] p1a: Blissey\n|move|p1a: Blissey|Soft-Boiled|p1a: Blissey\n|-heal|p1a: Blissey|93\/100 psn\n|\n|-heal|p1a: Blissey|99\/100 psn|[from] item: Leftovers\n|-damage|p1a: Blissey|87\/100 psn|[from] psn\n|upkeep\n|turn|71\n|\n|t:|1645535347\n|move|p2a: Roserade|Giga Drain|p1a: Blissey\n|-damage|p1a: Blissey|75\/100 psn\n|-heal|p2a: Roserade|100\/100|[from] drain|[of] p1a: Blissey\n|move|p1a: Blissey|Seismic Toss|p2a: Roserade\n|-damage|p2a: Roserade|62\/100\n|\n|-heal|p1a: Blissey|81\/100 psn|[from] item: Leftovers\n|-damage|p1a: Blissey|68\/100 psn|[from] psn\n|upkeep\n|turn|72\n|\n|t:|1645535363\n|move|p2a: Roserade|Giga Drain|p1a: Blissey\n|-damage|p1a: Blissey|57\/100 psn\n|-heal|p2a: Roserade|76\/100|[from] drain|[of] p1a: Blissey\n|move|p1a: Blissey|Soft-Boiled|p1a: Blissey\n|-heal|p1a: Blissey|100\/100 psn\n|\n|-damage|p1a: Blissey|88\/100 psn|[from] psn\n|upkeep\n|turn|73\n|\n|t:|1645535366\n|switch|p2a: Scizor|Scizor, M|99\/100\n|move|p1a: Blissey|Aromatherapy|p1a: Blissey\n|-activate|p1a: Blissey|move: Aromatherapy\n|-curestatus|p1a: Blissey|psn|[msg]\n|-curestatus|p1: Skarmory|slp|[msg]\n|-curestatus|p1: Gliscor|tox|[msg]\n|\n|-heal|p2a: Scizor|100\/100|[from] item: Leftovers\n|-heal|p1a: Blissey|94\/100|[from] item: Leftovers\n|upkeep\n|turn|74\n|\n|t:|1645535390\n|switch|p1a: Skarmory|Skarmory, F|27\/100\n|move|p2a: Scizor|U-turn|p1a: Skarmory\n|-resisted|p1a: Skarmory\n|-crit|p1a: Skarmory\n|-damage|p1a: Skarmory|21\/100\n|\n|t:|1645535394\n|switch|p2a: Mismagius|Mismagius, M|100\/100|[from]move: U-turn\n|\n|upkeep\n|turn|75\n|\n|t:|1645535407\n|switch|p1a: Tangrowth|Tangrowth, F|63\/100\n|-damage|p1a: Tangrowth|38\/100|[from] Spikes\n|move|p2a: Mismagius|Shadow Ball|p1a: Tangrowth\n|-damage|p1a: Tangrowth|0 fnt\n|faint|p1a: Tangrowth\n|\n|upkeep\n|\n|t:|1645535411\n|switch|p1a: Clefable|Clefable, M|78\/100\n|-damage|p1a: Clefable|53\/100|[from] Spikes\n|turn|76\n|\n|t:|1645535418\n|move|p2a: Mismagius|Shadow Ball|p1a: Clefable\n|-damage|p1a: Clefable|19\/100\n|move|p1a: Clefable|Wish|p1a: Clefable\n|\n|-heal|p1a: Clefable|25\/100|[from] item: Leftovers\n|upkeep\n|turn|77\n|\n|t:|1645535422\n|switch|p2a: Roserade|Roserade, M|76\/100\n|move|p1a: Clefable|Protect||[still]\n|-fail|p1a: Clefable\n|\n|-heal|p1a: Clefable|75\/100|[from] move: Wish|[wisher] Clefable\n|-heal|p1a: Clefable|81\/100|[from] item: Leftovers\n|upkeep\n|turn|78\n|\n|t:|1645535433\n|move|p2a: Roserade|Sleep Powder|p1a: Clefable|[miss]\n|-miss|p2a: Roserade|p1a: Clefable\n|move|p1a: Clefable|Wish|p1a: Clefable\n|\n|-heal|p1a: Clefable|87\/100|[from] item: Leftovers\n|upkeep\n|turn|79\n|\n|t:|1645535436\n|switch|p1a: Skarmory|Skarmory, F|21\/100\n|move|p2a: Roserade|Sleep Powder|p1a: Skarmory\n|-status|p1a: Skarmory|slp|[from] move: Sleep Powder\n|\n|-heal|p1a: Skarmory|79\/100 slp|[from] move: Wish|[wisher] Clefable\n|upkeep\n|turn|80\n|\n|t:|1645535447\n|switch|p2a: Mismagius|Mismagius, M|100\/100\n|cant|p1a: Skarmory|slp\n|\n|upkeep\n|turn|81\n|\n|t:|1645535464\n|switch|p1a: Blissey|Blissey, F|94\/100\n|-damage|p1a: Blissey|69\/100|[from] Spikes\n|move|p2a: Mismagius|Shadow Ball|p1a: Blissey\n|-immune|p1a: Blissey\n|\n|-heal|p1a: Blissey|75\/100|[from] item: Leftovers\n|upkeep\n|turn|82\n|\n|t:|1645535468\n|switch|p1a: Clefable|Clefable, M|87\/100\n|-damage|p1a: Clefable|62\/100|[from] Spikes\n|move|p2a: Mismagius|Shadow Ball|p1a: Clefable\n|-damage|p1a: Clefable|25\/100\n|\n|-heal|p1a: Clefable|32\/100|[from] item: Leftovers\n|upkeep\n|turn|83\n|\n|t:|1645535479\n|switch|p2a: Roserade|Roserade, M|76\/100\n|move|p1a: Clefable|Protect||[still]\n|-fail|p1a: Clefable\n|\n|-heal|p1a: Clefable|38\/100|[from] item: Leftovers\n|upkeep\n|turn|84\n|\n|t:|1645535486\n|switch|p1a: Gliscor|Gliscor, F|56\/100\n|move|p2a: Roserade|Sludge Bomb|p1a: Gliscor\n|-resisted|p1a: Gliscor\n|-damage|p1a: Gliscor|28\/100\n|\n|-status|p1a: Gliscor|tox|[from] item: Toxic Orb\n|upkeep\n|turn|85\n|\n|t:|1645535491\n|move|p2a: Roserade|Giga Drain|p1a: Gliscor\n|-damage|p1a: Gliscor|0 fnt\n|-heal|p2a: Roserade|94\/100|[from] drain|[of] p1a: Gliscor\n|faint|p1a: Gliscor\n|\n|upkeep\n|\n|t:|1645535494\n|switch|p1a: Skarmory|Skarmory, F|79\/100 slp\n|turn|86\n|\n|t:|1645535498\n|switch|p2a: Big Nut|Bastiodon, M|100\/100\n|cant|p1a: Skarmory|slp\n|\n|upkeep\n|turn|87\n|\n|t:|1645535507\n|cant|p1a: Skarmory|slp\n|move|p2a: Big Nut|Stealth Rock|p1a: Skarmory\n|-sidestart|p1: Shinrai12|move: Stealth Rock\n|\n|upkeep\n|turn|88\n|\n|t:|1645535514\n|-curestatus|p1a: Skarmory|slp|[msg]\n|move|p1a: Skarmory|Spikes|p2a: Big Nut\n|-sidestart|p2: VirginJimmy99|Spikes\n|move|p2a: Big Nut|Roar|p1a: Skarmory\n|drag|p1a: Blissey|Blissey, F|75\/100\n|-damage|p1a: Blissey|63\/100|[from] Stealth Rock\n|-damage|p1a: Blissey|38\/100|[from] Spikes\n|\n|-heal|p1a: Blissey|44\/100|[from] item: Leftovers\n|upkeep\n|turn|89\n|\n|t:|1645535519\n|move|p1a: Blissey|Soft-Boiled|p1a: Blissey\n|-heal|p1a: Blissey|94\/100\n|move|p2a: Big Nut|Roar|p1a: Blissey\n|drag|p1a: Clefable|Clefable, M|38\/100\n|-damage|p1a: Clefable|13\/100|[from] Spikes\n|-damage|p1a: Clefable|0 fnt|[from] Stealth Rock\n|faint|p1a: Clefable\n|\n|upkeep\n|\n|t:|1645535522\n|switch|p1a: Skarmory|Skarmory, F|79\/100\n|-damage|p1a: Skarmory|67\/100|[from] Stealth Rock\n|turn|90\n|\n|t:|1645535533\n|move|p1a: Skarmory|Whirlwind|p2a: Big Nut\n|drag|p2a: Roserade|Roserade, M|94\/100\n|-damage|p2a: Roserade|82\/100|[from] Spikes\n|\n|upkeep\n|turn|91\n|\n|t:|1645535542\n|move|p2a: Roserade|Sleep Powder|p1a: Skarmory\n|-status|p1a: Skarmory|slp|[from] move: Sleep Powder\n|cant|p1a: Skarmory|slp\n|\n|upkeep\n|turn|92\n|c|\u2606Shinrai12|how you gonna hit 9\/10 sleep powders\n|c|\u2606Shinrai12|honestly\n|\n|t:|1645535554\n|switch|p2a: Mismagius|Mismagius, M|100\/100\n|cant|p1a: Skarmory|slp\n|\n|upkeep\n|turn|93\n|\n|t:|1645535564\n|switch|p1a: Blissey|Blissey, F|94\/100\n|-damage|p1a: Blissey|69\/100|[from] Spikes\n|-damage|p1a: Blissey|57\/100|[from] Stealth Rock\n|move|p2a: Mismagius|Mystical Fire|p1a: Blissey\n|-damage|p1a: Blissey|49\/100\n|-unboost|p1a: Blissey|spa|1\n|\n|-heal|p1a: Blissey|55\/100|[from] item: Leftovers\n|upkeep\n|turn|94\n|\n|t:|1645535568\n|move|p2a: Mismagius|Mystical Fire|p1a: Blissey\n|-damage|p1a: Blissey|49\/100\n|-unboost|p1a: Blissey|spa|1\n|move|p1a: Blissey|Stealth Rock|p2a: Mismagius\n|-sidestart|p2: VirginJimmy99|move: Stealth Rock\n|\n|-heal|p1a: Blissey|55\/100|[from] item: Leftovers\n|upkeep\n|turn|95\n|\n|t:|1645535572\n|move|p2a: Mismagius|Mystical Fire|p1a: Blissey\n|-damage|p1a: Blissey|48\/100\n|-unboost|p1a: Blissey|spa|1\n|move|p1a: Blissey|Aromatherapy|p1a: Blissey\n|-activate|p1a: Blissey|move: Aromatherapy\n|-curestatus|p1: Skarmory|slp|[msg]\n|\n|-heal|p1a: Blissey|54\/100|[from] item: Leftovers\n|upkeep\n|turn|96\n|\n|t:|1645535576\n|move|p2a: Mismagius|Mystical Fire|p1a: Blissey\n|-damage|p1a: Blissey|48\/100\n|-unboost|p1a: Blissey|spa|1\n|move|p1a: Blissey|Seismic Toss|p2a: Mismagius\n|-immune|p2a: Mismagius\n|\n|-heal|p1a: Blissey|54\/100|[from] item: Leftovers\n|upkeep\n|turn|97\n|\n|t:|1645535581\n|move|p2a: Mismagius|Mystical Fire|p1a: Blissey\n|-damage|p1a: Blissey|46\/100\n|-unboost|p1a: Blissey|spa|1\n|move|p1a: Blissey|Seismic Toss|p2a: Mismagius\n|-immune|p2a: Mismagius\n|\n|-heal|p1a: Blissey|53\/100|[from] item: Leftovers\n|upkeep\n|turn|98\n|\n|t:|1645535588\n|move|p2a: Mismagius|Mystical Fire|p1a: Blissey\n|-damage|p1a: Blissey|45\/100\n|-unboost|p1a: Blissey|spa|1\n|move|p1a: Blissey|Soft-Boiled|p1a: Blissey\n|-heal|p1a: Blissey|95\/100\n|\n|-heal|p1a: Blissey|100\/100|[from] item: Leftovers\n|upkeep\n|turn|99\n|\n|t:|1645535597\n|switch|p2a: Roserade|Roserade, M|82\/100\n|-damage|p2a: Roserade|70\/100|[from] Stealth Rock\n|-damage|p2a: Roserade|58\/100|[from] Spikes\n|move|p1a: Blissey|Stealth Rock||[still]\n|-fail|p1a: Blissey\n|\n|upkeep\n|turn|100\n|\n|t:|1645535601\n|switch|p1a: Skarmory|Skarmory, F|67\/100\n|-damage|p1a: Skarmory|55\/100|[from] Stealth Rock\n|move|p2a: Roserade|Sleep Powder|p1a: Skarmory|[miss]\n|-miss|p2a: Roserade|p1a: Skarmory\n|\n|upkeep\n|turn|101\n|\n|t:|1645535604\n|move|p2a: Roserade|Sleep Powder|p1a: Skarmory\n|-status|p1a: Skarmory|slp|[from] move: Sleep Powder\n|cant|p1a: Skarmory|slp\n|\n|upkeep\n|turn|102\n|\n|t:|1645535610\n|switch|p2a: Mismagius|Mismagius, M|100\/100\n|-damage|p2a: Mismagius|88\/100|[from] Stealth Rock\n|cant|p1a: Skarmory|slp\n|\n|upkeep\n|turn|103\n|\n|t:|1645535613\n|switch|p1a: Blissey|Blissey, F|100\/100\n|-damage|p1a: Blissey|88\/100|[from] Stealth Rock\n|-damage|p1a: Blissey|63\/100|[from] Spikes\n|move|p2a: Mismagius|Mystical Fire|p1a: Blissey\n|-damage|p1a: Blissey|56\/100\n|-unboost|p1a: Blissey|spa|1\n|\n|-heal|p1a: Blissey|62\/100|[from] item: Leftovers\n|upkeep\n|turn|104\n|\n|t:|1645535620\n|switch|p2a: Big Nut|Bastiodon, M|100\/100\n|-damage|p2a: Big Nut|94\/100|[from] Stealth Rock\n|-damage|p2a: Big Nut|82\/100|[from] Spikes\n|move|p1a: Blissey|Seismic Toss|p2a: Big Nut\n|-damage|p2a: Big Nut|51\/100\n|\n|-heal|p1a: Blissey|68\/100|[from] item: Leftovers\n|-heal|p2a: Big Nut|57\/100|[from] item: Leftovers\n|upkeep\n|turn|105\n|\n|t:|1645535626\n|move|p1a: Blissey|Seismic Toss|p2a: Big Nut\n|-damage|p2a: Big Nut|26\/100\n|move|p2a: Big Nut|Roar|p1a: Blissey\n|drag|p1a: Skarmory|Skarmory, F|55\/100 slp\n|-damage|p1a: Skarmory|43\/100 slp|[from] Stealth Rock\n|\n|-heal|p2a: Big Nut|33\/100|[from] item: Leftovers\n|upkeep\n|turn|106\n|\n|t:|1645535630\n|cant|p1a: Skarmory|slp\n|move|p2a: Big Nut|Roar|p1a: Skarmory\n|drag|p1a: Blissey|Blissey, F|68\/100\n|-damage|p1a: Blissey|43\/100|[from] Spikes\n|-damage|p1a: Blissey|31\/100|[from] Stealth Rock\n|\n|-heal|p1a: Blissey|37\/100|[from] item: Leftovers\n|-heal|p2a: Big Nut|39\/100|[from] item: Leftovers\n|upkeep\n|turn|107\n|\n|t:|1645535670\n|switch|p2a: Scizor|Scizor, M|100\/100\n|-damage|p2a: Scizor|88\/100|[from] Spikes\n|-damage|p2a: Scizor|75\/100|[from] Stealth Rock\n|move|p1a: Blissey|Soft-Boiled|p1a: Blissey\n|-heal|p1a: Blissey|87\/100\n|\n|-heal|p2a: Scizor|82\/100|[from] item: Leftovers\n|-heal|p1a: Blissey|93\/100|[from] item: Leftovers\n|upkeep\n|turn|108\n|\n|t:|1645535681\n|switch|p1a: Skarmory|Skarmory, F|43\/100 slp\n|-damage|p1a: Skarmory|30\/100 slp|[from] Stealth Rock\n|move|p2a: Scizor|U-turn|p1a: Skarmory\n|-resisted|p1a: Skarmory\n|-damage|p1a: Skarmory|26\/100 slp\n|\n|t:|1645535686\n|switch|p2a: Mismagius|Mismagius, M|88\/100|[from]move: U-turn\n|-damage|p2a: Mismagius|76\/100|[from] Stealth Rock\n|\n|upkeep\n|turn|109\n|\n|t:|1645535689\n|switch|p1a: Blissey|Blissey, F|93\/100\n|-damage|p1a: Blissey|68\/100|[from] Spikes\n|-damage|p1a: Blissey|56\/100|[from] Stealth Rock\n|move|p2a: Mismagius|Mystical Fire|p1a: Blissey\n|-damage|p1a: Blissey|49\/100\n|-unboost|p1a: Blissey|spa|1\n|\n|-heal|p1a: Blissey|55\/100|[from] item: Leftovers\n|upkeep\n|turn|110\n|\n|t:|1645535701\n|switch|p2a: Roserade|Roserade, M|58\/100\n|-damage|p2a: Roserade|45\/100|[from] Stealth Rock\n|-damage|p2a: Roserade|33\/100|[from] Spikes\n|move|p1a: Blissey|Soft-Boiled|p1a: Blissey\n|-heal|p1a: Blissey|100\/100\n|\n|upkeep\n|turn|111\n|\n|t:|1645535705\n|move|p2a: Roserade|Giga Drain|p1a: Blissey\n|-damage|p1a: Blissey|88\/100\n|-heal|p2a: Roserade|48\/100|[from] drain|[of] p1a: Blissey\n|move|p1a: Blissey|Seismic Toss|p2a: Roserade\n|-damage|p2a: Roserade|10\/100\n|\n|-heal|p1a: Blissey|95\/100|[from] item: Leftovers\n|upkeep\n|turn|112\n|\n|t:|1645535715\n|move|p2a: Roserade|Sludge Bomb|p1a: Blissey\n|-damage|p1a: Blissey|81\/100\n|move|p1a: Blissey|Aromatherapy|p1a: Blissey\n|-activate|p1a: Blissey|move: Aromatherapy\n|-curestatus|p1: Skarmory|slp|[msg]\n|\n|-heal|p1a: Blissey|87\/100|[from] item: Leftovers\n|upkeep\n|turn|113\n|\n|t:|1645535720\n|move|p2a: Roserade|Giga Drain|p1a: Blissey\n|-damage|p1a: Blissey|74\/100\n|-heal|p2a: Roserade|26\/100|[from] drain|[of] p1a: Blissey\n|move|p1a: Blissey|Seismic Toss|p2a: Roserade\n|-damage|p2a: Roserade|0 fnt\n|faint|p2a: Roserade\n|\n|-heal|p1a: Blissey|80\/100|[from] item: Leftovers\n|upkeep\n|\n|t:|1645535730\n|switch|p2a: Scizor|Scizor, M|82\/100\n|-damage|p2a: Scizor|69\/100|[from] Stealth Rock\n|-damage|p2a: Scizor|57\/100|[from] Spikes\n|turn|114\n|\n|t:|1645535734\n|switch|p1a: Skarmory|Skarmory, F|26\/100\n|-damage|p1a: Skarmory|14\/100|[from] Stealth Rock\n|move|p2a: Scizor|Swords Dance|p2a: Scizor\n|-boost|p2a: Scizor|atk|2\n|\n|-heal|p2a: Scizor|63\/100|[from] item: Leftovers\n|upkeep\n|turn|115\n|\n|t:|1645535736\n|move|p2a: Scizor|Bullet Punch|p1a: Skarmory\n|-resisted|p1a: Skarmory\n|-damage|p1a: Skarmory|0 fnt\n|faint|p1a: Skarmory\n|\n|-heal|p2a: Scizor|69\/100|[from] item: Leftovers\n|upkeep\n|\n|t:|1645535739\n|switch|p1a: Blissey|Blissey, F|80\/100\n|-damage|p1a: Blissey|55\/100|[from] Spikes\n|-damage|p1a: Blissey|43\/100|[from] Stealth Rock\n|turn|116\n|\n|t:|1645535741\n|move|p2a: Scizor|Bullet Punch|p1a: Blissey\n|-damage|p1a: Blissey|0 fnt\n|faint|p1a: Blissey\n|\n|win|VirginJimmy99\n|raw|Shinrai12's rating: 1393 &rarr; <strong>1378<\/strong><br \/>(-15 for losing)\n|raw|VirginJimmy99's rating: 1473 &rarr; <strong>1488<\/strong><br \/>(+15 for winning)\n|c|\u2606Shinrai12|gg\n|c|\u2606VirginJimmy99|gg\n|l|\u2606Shinrai12\n||Ladder isn't responding, score probably updated but might not have (Request timeout).\n","uploadtime":1645535749,"views":21,"p1id":"shinrai12","p2id":"virginjimmy99","formatid":"gen8bdspou","rating":1378,"private":0,"password":null}