{"id":"gen8uu-1035434518","p1":"TheJollyRodger","p2":"TryHonesty","format":"gen8uu","log":"|j|\u2606TheJollyRodger\n|j|\u2606TryHonesty\n|player|p1|TheJollyRodger|guzma|1335\n|player|p2|TryHonesty|169|1448\n|teamsize|p1|6\n|teamsize|p2|6\n|gametype|singles\n|gen|8\n|tier|[Gen 8] UU\n|rated|\n|rule|Sleep Clause Mod: Limit one foe put to sleep\n|rule|Species Clause: Limit one of each Pok\u00e9mon\n|rule|OHKO Clause: OHKO moves are banned\n|rule|Evasion Moves Clause: Evasion moves are banned\n|rule|Endless Battle Clause: Forcing endless battles is banned\n|rule|HP Percentage Mod: HP is shown in percentages\n|clearpoke\n|poke|p1|Kommo-o, F|\n|poke|p1|Sylveon, M|\n|poke|p1|Jellicent, M|\n|poke|p1|Silvally-*|\n|poke|p1|Obstagoon, M|\n|poke|p1|Mew|\n|poke|p2|Inteleon, F|\n|poke|p2|Sylveon, M|\n|poke|p2|Duraludon, F|\n|poke|p2|Frosmoth, M|\n|poke|p2|Hitmonchan, M|\n|poke|p2|Centiskorch, F|\n|rule|Dynamax Clause: You cannot dynamax\n|teampreview\n|inactive|Battle timer is ON: inactive players will automatically lose when time's up. (requested by TryHonesty)\n|\n|start\n|switch|p1a: Obstagoon|Obstagoon, M|100\/100\n|switch|p2a: Inteleon|Inteleon, F|100\/100\n|turn|1\n|\n|move|p1a: Obstagoon|Parting Shot|p2a: Inteleon\n|-unboost|p2a: Inteleon|atk|1\n|-unboost|p2a: Inteleon|spa|1\n|\n|switch|p1a: Kommo-o|Kommo-o, F|100\/100|[from]move: Parting Shot\n|move|p2a: Inteleon|U-turn|p1a: Kommo-o\n|-resisted|p1a: Kommo-o\n|-damage|p1a: Kommo-o|97\/100\n|-damage|p2a: Inteleon|91\/100|[from] item: Life Orb\n|\n|switch|p2a: Sylveon|Sylveon, M|100\/100|[from]move: U-turn\n|\n|-heal|p1a: Kommo-o|100\/100|[from] item: Leftovers\n|upkeep\n|turn|2\n|\n|switch|p1a: Silvally|Silvally-Steel|100\/100\n|move|p2a: Sylveon|Psyshock|p1a: Silvally\n|-resisted|p1a: Silvally\n|-damage|p1a: Silvally|78\/100\n|\n|upkeep\n|turn|3\n|\n|switch|p2a: Duraludon|Duraludon, F|100\/100\n|move|p1a: Silvally|Parting Shot|p2a: Duraludon\n|-unboost|p2a: Duraludon|atk|1\n|-unboost|p2a: Duraludon|spa|1\n|\n|switch|p1a: Mew|Mew|100\/100|[from]move: Parting Shot\n|\n|upkeep\n|turn|4\n|\n|move|p1a: Mew|Fire Spin|p2a: Duraludon\n|-damage|p2a: Duraludon|86\/100\n|-activate|p2a: Duraludon|move: Fire Spin|[of] p1a: Mew\n|move|p2a: Duraludon|Stealth Rock|p1a: Mew\n|-sidestart|p1: TheJollyRodger|move: Stealth Rock\n|\n|-damage|p2a: Duraludon|74\/100|[from] move: Fire Spin|[partiallytrapped]\n|upkeep\n|turn|5\n|\n|move|p1a: Mew|Imprison|p1a: Mew\n|-start|p1a: Mew|move: Imprison\n|move|p2a: Duraludon|Flash Cannon|p1a: Mew\n|-damage|p1a: Mew|71\/100\n|-damage|p2a: Duraludon|64\/100|[from] item: Life Orb\n|\n|-heal|p1a: Mew|77\/100|[from] item: Leftovers\n|-damage|p2a: Duraludon|51\/100|[from] move: Fire Spin|[partiallytrapped]\n|upkeep\n|turn|6\n|\n|move|p1a: Mew|Transform|p2a: Duraludon\n|-transform|p1a: Mew|p2a: Duraludon\n|-endability|p1a: Mew|Synchronize|[from] move: Transform\n|cant|p2a: Duraludon|move: Imprison|Flash Cannon\n|\n|-heal|p1a: Mew|83\/100|[from] item: Leftovers\n|-damage|p2a: Duraludon|39\/100|[from] move: Fire Spin|[partiallytrapped]\n|upkeep\n|turn|7\n|\n|move|p1a: Mew|Stealth Rock|p2a: Duraludon\n|-sidestart|p2: TryHonesty|move: Stealth Rock\n|-activate|p2a: Duraludon|move: Struggle\n|move|p2a: Duraludon|Struggle|p1a: Mew\n|-damage|p1a: Mew|77\/100\n|-damage|p2a: Duraludon|14\/100|[from] recoil\n|-damage|p2a: Duraludon|4\/100|[from] item: Life Orb\n|\n|-heal|p1a: Mew|83\/100|[from] item: Leftovers\n|-damage|p2a: Duraludon|0 fnt|[from] move: Fire Spin|[partiallytrapped]\n|faint|p2a: Duraludon\n|upkeep\n|\n|switch|p2a: Hitmonchan|Hitmonchan, M|100\/100\n|-damage|p2a: Hitmonchan|95\/100|[from] Stealth Rock\n|turn|8\n|\n|switch|p1a: Jellicent|Jellicent, M|100\/100\n|-damage|p1a: Jellicent|88\/100|[from] Stealth Rock\n|move|p2a: Hitmonchan|Rapid Spin|p1a: Jellicent\n|-immune|p1a: Jellicent\n|\n|-heal|p1a: Jellicent|94\/100|[from] item: Leftovers\n|upkeep\n|turn|9\n|l|\u2606TryHonesty\n|inactive|TryHonesty disconnected and has a minute to reconnect!\n|player|p2|\n|inactive|TryHonesty has 30 seconds to reconnect!\n|inactive|TryHonesty has 20 seconds to reconnect!\n|inactive|TryHonesty has 15 seconds to reconnect!\n|inactive|TryHonesty has 10 seconds to reconnect!\n|inactive|TryHonesty has 5 seconds to reconnect!\n|-message|TryHonesty lost due to inactivity.\n|\n|win|TheJollyRodger\n|raw|TheJollyRodger's rating: 1335 &rarr; <strong>1361<\/strong><br \/>(+26 for winning)\n|raw|TryHonesty's rating: 1449 &rarr; <strong>1422<\/strong><br \/>(-27 for losing)\n","uploadtime":1577269793,"views":4,"p1id":"thejollyrodger","p2id":"tryhonesty","formatid":"gen8uu","rating":1361,"private":0,"password":null}