{"id":"gen8nationaldex-1525943830","p1":"XXXDEPREcCION","p2":"yung_iznamakin","format":"gen8nationaldex","log":"|j|\u2606XXXDEPREcCION\n|j|\u2606yung_iznamakin\n|t:|1646712126\n|gametype|singles\n|player|p1|XXXDEPREcCION|caitlin|1391\n|player|p2|yung_iznamakin|ninjaboy|1420\n|teamsize|p1|6\n|teamsize|p2|6\n|gen|8\n|tier|[Gen 8] National Dex\n|rated|\n|rule|HP Percentage Mod: HP is shown in percentages\n|rule|Endless Battle Clause: Forcing endless battles is banned\n|rule|OHKO Clause: OHKO moves are banned\n|rule|Evasion Moves Clause: Evasion moves are banned\n|rule|Species Clause: Limit one of each Pok\u00e9mon\n|rule|Dynamax Clause: You cannot dynamax\n|rule|Sleep Clause Mod: Limit one foe put to sleep\n|clearpoke\n|poke|p1|Crobat, M|\n|poke|p1|Bisharp, F|\n|poke|p1|Shiinotic, F|\n|poke|p1|Darmanitan, M|\n|poke|p1|Beedrill, M|\n|poke|p1|Celesteela|\n|poke|p2|Blacephalon|\n|poke|p2|Weavile, M|\n|poke|p2|Slowbro, M|\n|poke|p2|Heatran, M|\n|poke|p2|Gliscor, M|\n|poke|p2|Blissey, F|\n|teampreview\n|inactive|Battle timer is ON: inactive players will automatically lose when time's up. (requested by yung_iznamakin)\n|\n|t:|1646712142\n|start\n|switch|p1a: Phallus|Beedrill, M|100\/100\n|switch|p2a: Weavile|Weavile, M|100\/100\n|-ability|p2a: Weavile|Pressure\n|turn|1\n|\n|t:|1646712148\n|switch|p2a: Heatran|Heatran, M|100\/100\n|detailschange|p1a: Phallus|Beedrill-Mega, M\n|-mega|p1a: Phallus|Beedrill|Beedrillite\n|move|p1a: Phallus|U-turn|p2a: Heatran\n|-resisted|p2a: Heatran\n|-damage|p2a: Heatran|89\/100\n|\n|t:|1646712160\n|switch|p1a: THE CABOOSE|Darmanitan, M|100\/100|[from]move: U-turn\n|\n|-heal|p2a: Heatran|95\/100|[from] item: Leftovers\n|upkeep\n|turn|2\n|\n|t:|1646712167\n|switch|p2a: Gliscor|Gliscor, M|100\/100\n|move|p1a: THE CABOOSE|Flare Blitz|p2a: Gliscor\n|-damage|p2a: Gliscor|24\/100\n|-damage|p1a: THE CABOOSE|75\/100|[from] Recoil\n|\n|-status|p2a: Gliscor|tox|[from] item: Toxic Orb\n|upkeep\n|turn|3\n|\n|t:|1646712179\n|switch|p1a: Phallus|Beedrill-Mega, M|100\/100\n|switch|p2a: Slowbro|Slowbro, M|100\/100\n|\n|upkeep\n|turn|4\n|\n|t:|1646712184\n|move|p1a: Phallus|U-turn|p2a: Slowbro\n|-supereffective|p2a: Slowbro\n|-damage|p2a: Slowbro|33\/100\n|-damage|p1a: Phallus|84\/100|[from] item: Rocky Helmet|[of] p2a: Slowbro\n|\n|t:|1646712188\n|switch|p1a: Kuriboh|Crobat, M|100\/100|[from]move: U-turn\n|move|p2a: Slowbro|Teleport|p2a: Slowbro\n|\n|t:|1646712192\n|switch|p2a: Weavile|Weavile, M|100\/100|[from]move: Teleport\n|-ability|p2a: Weavile|Pressure\n|\n|upkeep\n|turn|5\n|\n|t:|1646712197\n|move|p1a: Kuriboh|U-turn|p2a: Weavile\n|-supereffective|p2a: Weavile\n|-damage|p2a: Weavile|51\/100\n|\n|t:|1646712201\n|switch|p1a: George Bush|Celesteela|100\/100|[from]move: U-turn\n|move|p2a: Weavile|Knock Off|p1a: George Bush\n|-damage|p1a: George Bush|71\/100\n|-enditem|p1a: George Bush|Leftovers|[from] move: Knock Off|[of] p2a: Weavile\n|\n|upkeep\n|turn|6\n|\n|t:|1646712207\n|switch|p2a: Blissey|Blissey, F|100\/100\n|move|p1a: George Bush|Leech Seed|p2a: Blissey|[miss]\n|-miss|p1a: George Bush|p2a: Blissey\n|\n|upkeep\n|turn|7\n|\n|t:|1646712212\n|move|p2a: Blissey|Wish|p2a: Blissey\n|move|p1a: George Bush|Leech Seed|p2a: Blissey\n|-start|p2a: Blissey|move: Leech Seed\n|\n|-damage|p2a: Blissey|88\/100|[from] Leech Seed|[of] p1a: George Bush\n|-heal|p1a: George Bush|93\/100|[silent]\n|upkeep\n|turn|8\n|\n|t:|1646712227\n|switch|p2a: Gliscor|Gliscor, M|24\/100 tox\n|move|p1a: George Bush|Flamethrower|p2a: Gliscor\n|-damage|p2a: Gliscor|0 fnt\n|faint|p2a: Gliscor\n|-ability|p1a: George Bush|Beast Boost|boost\n|-boost|p1a: George Bush|def|1\n|\n|upkeep\n|\n|t:|1646712234\n|switch|p2a: Blacephalon|Blacephalon|100\/100\n|turn|9\n|\n|t:|1646712238\n|move|p1a: George Bush|Protect|p1a: George Bush\n|-singleturn|p1a: George Bush|Protect\n|move|p2a: Blacephalon|Fire Blast|p1a: George Bush\n|-activate|p1a: George Bush|move: Protect\n|\n|upkeep\n|turn|10\n|\n|t:|1646712251\n|switch|p1a: Bad and\/or boujee|Shiinotic, F, shiny|100\/100\n|move|p2a: Blacephalon|Fire Blast|p1a: Bad and\/or boujee|[miss]\n|-miss|p2a: Blacephalon|p1a: Bad and\/or boujee\n|\n|upkeep\n|turn|11\n|\n|t:|1646712256\n|move|p2a: Blacephalon|Fire Blast|p1a: Bad and\/or boujee\n|-supereffective|p1a: Bad and\/or boujee\n|-damage|p1a: Bad and\/or boujee|6\/100\n|move|p1a: Bad and\/or boujee|Spore|p2a: Blacephalon\n|-status|p2a: Blacephalon|slp|[from] move: Spore\n|\n|-heal|p1a: Bad and\/or boujee|12\/100|[from] item: Leftovers\n|upkeep\n|turn|12\n|-message|yung_iznamakin forfeited.\n|\n|win|XXXDEPREcCION\n|raw|XXXDEPREcCION's rating: 1391 &rarr; <strong>1413<\/strong><br \/>(+22 for winning)\n|raw|yung_iznamakin's rating: 1420 &rarr; <strong>1398<\/strong><br \/>(-22 for losing)\n|l|\u2606yung_iznamakin\n||Ladder isn't responding, score probably updated but might not have (Request timeout).\n","uploadtime":1646712268,"views":9,"p1id":"xxxdepreccion","p2id":"yungiznamakin","formatid":"gen8nationaldex","rating":1398,"private":0,"password":null}