{"id":"gen8ou-1221803818","p1":"Shootingwolf","p2":"used brillo pad","format":"gen8ou","log":"|j|\u2606Shootingwolf\n|j|\u2606used brillo pad\n|t:|1605147001\n|player|p1|Shootingwolf|102|1780\n|player|p2|used brillo pad|pokemonranger|1718\n|teamsize|p1|6\n|teamsize|p2|6\n|gametype|singles\n|gen|8\n|tier|[Gen 8] OU\n|rated|\n|clearpoke\n|poke|p1|Magearna|\n|poke|p1|Dracozolt|\n|poke|p1|Tyranitar, M|\n|poke|p1|Excadrill, F|\n|poke|p1|Cinderace, M|\n|poke|p1|Tapu Fini|\n|poke|p2|Garchomp, M|\n|poke|p2|Clefable, F|\n|poke|p2|Zapdos|\n|poke|p2|Umbreon, M|\n|poke|p2|Buzzwole|\n|poke|p2|Toxapex, F|\n|rule|Sleep Clause Mod: Limit one foe put to sleep\n|rule|Species Clause: Limit one of each Pok\u00e9mon\n|rule|OHKO Clause: OHKO moves are banned\n|rule|Evasion Moves Clause: Evasion moves are banned\n|rule|Endless Battle Clause: Forcing endless battles is banned\n|rule|HP Percentage Mod: HP is shown in percentages\n|rule|Dynamax Clause: You cannot dynamax\n|teampreview\n|inactive|Battle timer is ON: inactive players will automatically lose when time's up. (requested by used brillo pad)\n|\n|t:|1605147022\n|start\n|switch|p1a: Magearna|Magearna|100\/100\n|switch|p2a: Toxapex|Toxapex, F|100\/100\n|turn|1\n|\n|t:|1605147040\n|move|p1a: Magearna|Fleur Cannon|p2a: Toxapex\n|-resisted|p2a: Toxapex\n|-damage|p2a: Toxapex|79\/100\n|-unboost|p1a: Magearna|spa|2\n|move|p2a: Toxapex|Knock Off|p1a: Magearna\n|-resisted|p1a: Magearna\n|-damage|p1a: Magearna|93\/100\n|-enditem|p1a: Magearna|Choice Scarf|[from] move: Knock Off|[of] p2a: Toxapex\n|\n|-heal|p2a: Toxapex|85\/100|[from] item: Black Sludge\n|upkeep\n|turn|2\n|\n|t:|1605147044\n|switch|p1a: Tapu Fini|Tapu Fini|100\/100\n|-fieldstart|move: Misty Terrain|[from] ability: Misty Surge|[of] p1a: Tapu Fini\n|move|p2a: Toxapex|Knock Off|p1a: Tapu Fini\n|-resisted|p1a: Tapu Fini\n|-damage|p1a: Tapu Fini|96\/100\n|-enditem|p1a: Tapu Fini|Leftovers|[from] move: Knock Off|[of] p2a: Toxapex\n|\n|-heal|p2a: Toxapex|91\/100|[from] item: Black Sludge\n|upkeep\n|turn|3\n|\n|t:|1605147052\n|switch|p2a: Zapdos|Zapdos|100\/100\n|-ability|p2a: Zapdos|Pressure\n|move|p1a: Tapu Fini|Knock Off|p2a: Zapdos\n|-damage|p2a: Zapdos|84\/100\n|-enditem|p2a: Zapdos|Heavy-Duty Boots|[from] move: Knock Off|[of] p1a: Tapu Fini\n|\n|upkeep\n|turn|4\n|\n|t:|1605147058\n|switch|p1a: Tyranitar|Tyranitar, M|100\/100\n|-weather|Sandstorm|[from] ability: Sand Stream|[of] p1a: Tyranitar\n|move|p2a: Zapdos|Heat Wave|p1a: Tyranitar\n|-resisted|p1a: Tyranitar\n|-damage|p1a: Tyranitar|94\/100\n|\n|-weather|Sandstorm|[upkeep]\n|-damage|p2a: Zapdos|78\/100|[from] Sandstorm\n|upkeep\n|turn|5\n|\n|t:|1605147065\n|switch|p2a: Garchomp|Garchomp, M|100\/100\n|move|p1a: Tyranitar|Stealth Rock|p2a: Garchomp\n|-sidestart|p2: used brillo pad|move: Stealth Rock\n|\n|-weather|Sandstorm|[upkeep]\n|upkeep\n|turn|6\n|j| JOBD CREW\n|\n|t:|1605147069\n|move|p2a: Garchomp|Stealth Rock|p1a: Tyranitar\n|-sidestart|p1: Shootingwolf|move: Stealth Rock\n|move|p1a: Tyranitar|Ice Beam|p2a: Garchomp\n|-supereffective|p2a: Garchomp\n|-damage|p2a: Garchomp|30\/100\n|\n|-weather|Sandstorm|[upkeep]\n|-fieldend|Misty Terrain\n|upkeep\n|turn|7\n|l| JOBD CREW\n|\n|t:|1605147077\n|switch|p2a: Buzzwole|Buzzwole|100\/100\n|-damage|p2a: Buzzwole|88\/100|[from] Stealth Rock\n|move|p1a: Tyranitar|Ice Beam|p2a: Buzzwole\n|-damage|p2a: Buzzwole|61\/100\n|\n|-weather|Sandstorm|[upkeep]\n|-damage|p2a: Buzzwole|55\/100|[from] Sandstorm\n|upkeep\n|turn|8\n|\n|t:|1605147085\n|switch|p1a: Tapu Fini|Tapu Fini|96\/100\n|-damage|p1a: Tapu Fini|83\/100|[from] Stealth Rock\n|-fieldstart|move: Misty Terrain|[from] ability: Misty Surge|[of] p1a: Tapu Fini\n|move|p2a: Buzzwole|Roost|p2a: Buzzwole\n|-heal|p2a: Buzzwole|100\/100\n|-singleturn|p2a: Buzzwole|move: Roost\n|\n|-weather|Sandstorm|[upkeep]\n|-damage|p1a: Tapu Fini|77\/100|[from] Sandstorm\n|-damage|p2a: Buzzwole|94\/100|[from] Sandstorm\n|upkeep\n|turn|9\n|\n|t:|1605147094\n|switch|p1a: Excadrill|Excadrill, F|100\/100\n|-damage|p1a: Excadrill|97\/100|[from] Stealth Rock\n|switch|p2a: Toxapex|Toxapex, F|100\/100\n|-damage|p2a: Toxapex|88\/100|[from] Stealth Rock\n|\n|-weather|Sandstorm|[upkeep]\n|-damage|p2a: Toxapex|82\/100|[from] Sandstorm\n|-heal|p2a: Toxapex|88\/100|[from] item: Black Sludge\n|upkeep\n|turn|10\n|\n|t:|1605147102\n|switch|p2a: Buzzwole|Buzzwole|94\/100\n|-damage|p2a: Buzzwole|82\/100|[from] Stealth Rock\n|move|p1a: Excadrill|Earthquake|p2a: Buzzwole\n|-resisted|p2a: Buzzwole\n|-damage|p2a: Buzzwole|66\/100\n|-damage|p1a: Excadrill|87\/100|[from] item: Life Orb\n|\n|-weather|Sandstorm|[upkeep]\n|-damage|p2a: Buzzwole|60\/100|[from] Sandstorm\n|upkeep\n|turn|11\n|j| spidermanneo176\n|\n|t:|1605147112\n|switch|p1a: Tapu Fini|Tapu Fini|77\/100\n|-damage|p1a: Tapu Fini|65\/100|[from] Stealth Rock\n|move|p2a: Buzzwole|Roost|p2a: Buzzwole\n|-heal|p2a: Buzzwole|100\/100\n|-singleturn|p2a: Buzzwole|move: Roost\n|\n|-weather|none\n|upkeep\n|turn|12\n|\n|t:|1605147120\n|switch|p1a: Cinderace|Cinderace, M|100\/100\n|-damage|p1a: Cinderace|76\/100|[from] Stealth Rock\n|switch|p2a: Toxapex|Toxapex, F|100\/100\n|-damage|p2a: Toxapex|88\/100|[from] Stealth Rock\n|\n|-heal|p2a: Toxapex|94\/100|[from] item: Black Sludge\n|-fieldend|Misty Terrain\n|upkeep\n|turn|13\n|\n|t:|1605147124\n|move|p1a: Cinderace|U-turn|p2a: Toxapex\n|-start|p1a: Cinderace|typechange|Bug|[from] ability: Libero\n|-resisted|p2a: Toxapex\n|-damage|p2a: Toxapex|76\/100\n|-damage|p1a: Cinderace|66\/100|[from] item: Life Orb\n|\n|t:|1605147128\n|switch|p1a: Tapu Fini|Tapu Fini|65\/100|[from]move: U-turn\n|-damage|p1a: Tapu Fini|53\/100|[from] Stealth Rock\n|-fieldstart|move: Misty Terrain|[from] ability: Misty Surge|[of] p1a: Tapu Fini\n|move|p2a: Toxapex|Knock Off|p1a: Tapu Fini\n|-resisted|p1a: Tapu Fini\n|-damage|p1a: Tapu Fini|49\/100\n|\n|-heal|p2a: Toxapex|82\/100|[from] item: Black Sludge\n|upkeep\n|turn|14\n|\n|t:|1605147136\n|move|p1a: Tapu Fini|Nature's Madness|p2a: Toxapex\n|-damage|p2a: Toxapex|42\/100\n|move|p2a: Toxapex|Knock Off|p1a: Tapu Fini\n|-resisted|p1a: Tapu Fini\n|-damage|p1a: Tapu Fini|46\/100\n|\n|-heal|p2a: Toxapex|48\/100|[from] item: Black Sludge\n|upkeep\n|turn|15\n|\n|t:|1605147145\n|switch|p2a: Zapdos|Zapdos|78\/100\n|-damage|p2a: Zapdos|54\/100|[from] Stealth Rock\n|-ability|p2a: Zapdos|Pressure\n|move|p1a: Tapu Fini|Nature's Madness|p2a: Zapdos\n|-damage|p2a: Zapdos|27\/100\n|\n|upkeep\n|turn|16\n|\n|t:|1605147155\n|switch|p1a: Excadrill|Excadrill, F|87\/100\n|-damage|p1a: Excadrill|84\/100|[from] Stealth Rock\n|move|p2a: Zapdos|Roost|p2a: Zapdos\n|-heal|p2a: Zapdos|77\/100\n|-singleturn|p2a: Zapdos|move: Roost\n|\n|upkeep\n|turn|17\n|\n|t:|1605147162\n|move|p1a: Excadrill|Rock Slide|p2a: Zapdos\n|-supereffective|p2a: Zapdos\n|-damage|p2a: Zapdos|0 fnt\n|-damage|p1a: Excadrill|74\/100|[from] item: Life Orb\n|faint|p2a: Zapdos\n|\n|-fieldend|Misty Terrain\n|upkeep\n|\n|t:|1605147167\n|switch|p2a: Buzzwole|Buzzwole|100\/100\n|-damage|p2a: Buzzwole|88\/100|[from] Stealth Rock\n|turn|18\n|\n|t:|1605147175\n|switch|p1a: Tapu Fini|Tapu Fini|46\/100\n|-damage|p1a: Tapu Fini|34\/100|[from] Stealth Rock\n|-fieldstart|move: Misty Terrain|[from] ability: Misty Surge|[of] p1a: Tapu Fini\n|move|p2a: Buzzwole|Drain Punch|p1a: Tapu Fini\n|-resisted|p1a: Tapu Fini\n|-damage|p1a: Tapu Fini|21\/100\n|-heal|p2a: Buzzwole|93\/100|[from] drain|[of] p1a: Tapu Fini\n|\n|upkeep\n|turn|19\n|\n|t:|1605147181\n|switch|p2a: Toxapex|Toxapex, F|81\/100\n|-damage|p2a: Toxapex|69\/100|[from] Stealth Rock\n|move|p1a: Tapu Fini|Nature's Madness|p2a: Toxapex\n|-damage|p2a: Toxapex|35\/100\n|\n|-heal|p2a: Toxapex|41\/100|[from] item: Black Sludge\n|upkeep\n|turn|20\n|\n|t:|1605147187\n|move|p1a: Tapu Fini|Knock Off|p2a: Toxapex\n|-damage|p2a: Toxapex|29\/100\n|-enditem|p2a: Toxapex|Black Sludge|[from] move: Knock Off|[of] p1a: Tapu Fini\n|move|p2a: Toxapex|Recover|p2a: Toxapex\n|-heal|p2a: Toxapex|79\/100\n|\n|upkeep\n|turn|21\n|\n|t:|1605147191\n|move|p1a: Tapu Fini|Nature's Madness|p2a: Toxapex\n|-damage|p2a: Toxapex|40\/100\n|move|p2a: Toxapex|Knock Off|p1a: Tapu Fini\n|-resisted|p1a: Tapu Fini\n|-damage|p1a: Tapu Fini|17\/100\n|\n|upkeep\n|turn|22\n|\n|t:|1605147196\n|move|p1a: Tapu Fini|Nature's Madness|p2a: Toxapex\n|-damage|p2a: Toxapex|20\/100\n|move|p2a: Toxapex|Recover|p2a: Toxapex\n|-heal|p2a: Toxapex|70\/100\n|\n|-fieldend|Misty Terrain\n|upkeep\n|turn|23\n|\n|t:|1605147206\n|switch|p1a: Magearna|Magearna|93\/100\n|-damage|p1a: Magearna|87\/100|[from] Stealth Rock\n|move|p2a: Toxapex|Knock Off|p1a: Magearna\n|-resisted|p1a: Magearna\n|-damage|p1a: Magearna|82\/100\n|\n|upkeep\n|turn|24\n|\n|t:|1605147218\n|move|p1a: Magearna|Thunderbolt|p2a: Toxapex\n|-supereffective|p2a: Toxapex\n|-damage|p2a: Toxapex|27\/100\n|move|p2a: Toxapex|Recover|p2a: Toxapex\n|-heal|p2a: Toxapex|77\/100\n|\n|upkeep\n|turn|25\n|\n|t:|1605147227\n|move|p1a: Magearna|Fleur Cannon|p2a: Toxapex\n|-resisted|p2a: Toxapex\n|-damage|p2a: Toxapex|54\/100\n|-unboost|p1a: Magearna|spa|2\n|move|p2a: Toxapex|Knock Off|p1a: Magearna\n|-resisted|p1a: Magearna\n|-damage|p1a: Magearna|78\/100\n|\n|upkeep\n|turn|26\n|\n|t:|1605147230\n|move|p1a: Magearna|Volt Switch|p2a: Toxapex\n|-supereffective|p2a: Toxapex\n|-damage|p2a: Toxapex|38\/100\n|\n|t:|1605147236\n|switch|p1a: Dracozolt|Dracozolt|100\/100|[from]move: Volt Switch\n|-damage|p1a: Dracozolt|88\/100|[from] Stealth Rock\n|move|p2a: Toxapex|Recover|p2a: Toxapex\n|-heal|p2a: Toxapex|88\/100\n|\n|upkeep\n|turn|27\n|\n|t:|1605147242\n|switch|p2a: Garchomp|Garchomp, M|30\/100\n|-damage|p2a: Garchomp|24\/100|[from] Stealth Rock\n|move|p1a: Dracozolt|Earthquake|p2a: Garchomp\n|-damage|p2a: Garchomp|0 fnt\n|faint|p2a: Garchomp\n|\n|upkeep\n|\n|t:|1605147246\n|switch|p2a: Buzzwole|Buzzwole|93\/100\n|-damage|p2a: Buzzwole|81\/100|[from] Stealth Rock\n|turn|28\n|\n|t:|1605147253\n|switch|p1a: Tapu Fini|Tapu Fini|17\/100\n|-damage|p1a: Tapu Fini|5\/100|[from] Stealth Rock\n|-fieldstart|move: Misty Terrain|[from] ability: Misty Surge|[of] p1a: Tapu Fini\n|move|p2a: Buzzwole|Drain Punch|p1a: Tapu Fini\n|-resisted|p1a: Tapu Fini\n|-damage|p1a: Tapu Fini|0 fnt\n|-heal|p2a: Buzzwole|82\/100|[from] drain|[of] p1a: Tapu Fini\n|faint|p1a: Tapu Fini\n|-ability|p2a: Buzzwole|Beast Boost|boost\n|-boost|p2a: Buzzwole|def|1\n|\n|upkeep\n|\n|t:|1605147257\n|switch|p1a: Magearna|Magearna|78\/100\n|-damage|p1a: Magearna|72\/100|[from] Stealth Rock\n|turn|29\n|\n|t:|1605147261\n|switch|p2a: Toxapex|Toxapex, F|100\/100\n|-damage|p2a: Toxapex|88\/100|[from] Stealth Rock\n|move|p1a: Magearna|Fleur Cannon|p2a: Toxapex\n|-resisted|p2a: Toxapex\n|-crit|p2a: Toxapex\n|-damage|p2a: Toxapex|56\/100\n|-unboost|p1a: Magearna|spa|2\n|\n|upkeep\n|turn|30\n|\n|t:|1605147267\n|move|p1a: Magearna|Volt Switch|p2a: Toxapex\n|-supereffective|p2a: Toxapex\n|-damage|p2a: Toxapex|39\/100\n|\n|t:|1605147276\n|switch|p1a: Excadrill|Excadrill, F|74\/100|[from]move: Volt Switch\n|-damage|p1a: Excadrill|71\/100|[from] Stealth Rock\n|move|p2a: Toxapex|Knock Off|p1a: Excadrill\n|-damage|p1a: Excadrill|53\/100\n|-enditem|p1a: Excadrill|Life Orb|[from] move: Knock Off|[of] p2a: Toxapex\n|\n|upkeep\n|turn|31\n|\n|t:|1605147284\n|switch|p2a: Buzzwole|Buzzwole|82\/100\n|-damage|p2a: Buzzwole|70\/100|[from] Stealth Rock\n|move|p1a: Excadrill|Swords Dance|p1a: Excadrill\n|-boost|p1a: Excadrill|atk|2\n|\n|upkeep\n|turn|32\n|\n|t:|1605147288\n|move|p1a: Excadrill|Iron Head|p2a: Buzzwole\n|-damage|p2a: Buzzwole|29\/100\n|-damage|p1a: Excadrill|36\/100|[from] item: Rocky Helmet|[of] p2a: Buzzwole\n|cant|p2a: Buzzwole|flinch\n|\n|-fieldend|Misty Terrain\n|upkeep\n|turn|33\n|-message|used brillo pad forfeited.\n|\n|win|Shootingwolf\n|l|\u2606used brillo pad\n","uploadtime":1605147297,"views":55,"p1id":"shootingwolf","p2id":"usedbrillopad","formatid":"gen8ou","rating":0,"private":0,"password":null}