{"id":"gen8bdspubers-1513326342","p1":"jahmille_118","p2":"Thedebatablereaper","format":"gen8bdspubers","log":"|j|\u2606jahmille_118\n|j|\u2606Thedebatablereaper\n|t:|1645141283\n|gametype|singles\n|player|p1|jahmille_118|170|1050\n|player|p2|Thedebatablereaper|1|1116\n|teamsize|p1|6\n|teamsize|p2|6\n|gen|8\n|tier|[Gen 8 BDSP] Ubers\n|rated|\n|rule|Sleep Clause Mod: Limit one foe put to sleep\n|rule|Species Clause: Limit one of each Pok\u00e9mon\n|rule|OHKO Clause: OHKO moves are banned\n|rule|Evasion Moves Clause: Evasion moves are banned\n|rule|Endless Battle Clause: Forcing endless battles is banned\n|rule|HP Percentage Mod: HP is shown in percentages\n|clearpoke\n|poke|p1|Blaziken, F|\n|poke|p1|Groudon|\n|poke|p1|Mewtwo|\n|poke|p1|Blissey, F|\n|poke|p1|Forretress, F|\n|poke|p1|Giratina-Origin|\n|poke|p2|Kyogre|\n|poke|p2|Giratina-Origin|\n|poke|p2|Palkia|\n|poke|p2|Rayquaza|\n|poke|p2|Heatran, F|\n|poke|p2|Skarmory, F|\n|teampreview\n|\n|t:|1645141328\n|start\n|switch|p1a: Forretress|Forretress, F|100\/100\n|switch|p2a: Heatran|Heatran, F|100\/100\n|turn|1\n|\n|t:|1645141342\n|switch|p1a: Blissey|Blissey, F|100\/100\n|move|p2a: Heatran|Taunt|p1a: Blissey\n|-start|p1a: Blissey|move: Taunt\n|\n|upkeep\n|turn|2\n|\n|t:|1645141365\n|move|p2a: Heatran|Magma Storm|p1a: Blissey\n|-damage|p1a: Blissey|83\/100\n|-activate|p1a: Blissey|move: Magma Storm|[of] p2a: Heatran\n|move|p1a: Blissey|Seismic Toss|p2a: Heatran\n|-damage|p2a: Heatran|75\/100\n|\n|-heal|p2a: Heatran|81\/100|[from] item: Leftovers\n|-heal|p1a: Blissey|90\/100|[from] item: Leftovers\n|-damage|p1a: Blissey|77\/100|[from] move: Magma Storm|[partiallytrapped]\n|upkeep\n|turn|3\n|\n|t:|1645141378\n|move|p2a: Heatran|Earth Power|p1a: Blissey\n|-damage|p1a: Blissey|68\/100\n|move|p1a: Blissey|Seismic Toss|p2a: Heatran\n|-damage|p2a: Heatran|55\/100\n|\n|-heal|p2a: Heatran|61\/100|[from] item: Leftovers\n|-heal|p1a: Blissey|75\/100|[from] item: Leftovers\n|-damage|p1a: Blissey|62\/100|[from] move: Magma Storm|[partiallytrapped]\n|-end|p1a: Blissey|move: Taunt\n|upkeep\n|turn|4\n|inactive|Battle timer is ON: inactive players will automatically lose when time's up. (requested by jahmille_118)\n|\n|t:|1645141465\n|move|p2a: Heatran|Taunt|p1a: Blissey\n|-start|p1a: Blissey|move: Taunt\n|cant|p1a: Blissey|move: Taunt|Soft-Boiled\n|\n|-heal|p2a: Heatran|67\/100|[from] item: Leftovers\n|-heal|p1a: Blissey|68\/100|[from] item: Leftovers\n|-damage|p1a: Blissey|56\/100|[from] move: Magma Storm|[partiallytrapped]\n|upkeep\n|turn|5\n|\n|t:|1645141477\n|move|p2a: Heatran|Earth Power|p1a: Blissey\n|-damage|p1a: Blissey|47\/100\n|move|p1a: Blissey|Seismic Toss|p2a: Heatran\n|-damage|p2a: Heatran|41\/100\n|\n|-heal|p2a: Heatran|48\/100|[from] item: Leftovers\n|-heal|p1a: Blissey|54\/100|[from] item: Leftovers\n|-damage|p1a: Blissey|41\/100|[from] move: Magma Storm|[partiallytrapped]\n|upkeep\n|turn|6\n|inactive|Thedebatablereaper has 120 seconds left.\n|\n|t:|1645141524\n|move|p2a: Heatran|Stealth Rock|p1a: Blissey\n|-sidestart|p1: jahmille_118|move: Stealth Rock\n|move|p1a: Blissey|Seismic Toss|p2a: Heatran\n|-damage|p2a: Heatran|22\/100\n|\n|-heal|p2a: Heatran|28\/100|[from] item: Leftovers\n|-heal|p1a: Blissey|47\/100|[from] item: Leftovers\n|-damage|p1a: Blissey|35\/100|[from] move: Magma Storm|[partiallytrapped]\n|-end|p1a: Blissey|move: Taunt\n|upkeep\n|turn|7\n|\n|t:|1645141536\n|move|p2a: Heatran|Taunt|p1a: Blissey\n|-start|p1a: Blissey|move: Taunt\n|cant|p1a: Blissey|move: Taunt|Soft-Boiled\n|\n|-heal|p2a: Heatran|34\/100|[from] item: Leftovers\n|-heal|p1a: Blissey|41\/100|[from] item: Leftovers\n|-end|p1a: Blissey|Magma Storm|[partiallytrapped]\n|upkeep\n|turn|8\n|\n|t:|1645141553\n|move|p2a: Heatran|Magma Storm|p1a: Blissey\n|-damage|p1a: Blissey|26\/100\n|-activate|p1a: Blissey|move: Magma Storm|[of] p2a: Heatran\n|move|p1a: Blissey|Seismic Toss|p2a: Heatran\n|-damage|p2a: Heatran|8\/100\n|\n|-heal|p2a: Heatran|14\/100|[from] item: Leftovers\n|-heal|p1a: Blissey|32\/100|[from] item: Leftovers\n|-damage|p1a: Blissey|20\/100|[from] move: Magma Storm|[partiallytrapped]\n|upkeep\n|turn|9\n|\n|t:|1645141565\n|move|p2a: Heatran|Earth Power|p1a: Blissey\n|-damage|p1a: Blissey|10\/100\n|move|p1a: Blissey|Seismic Toss|p2a: Heatran\n|-damage|p2a: Heatran|0 fnt\n|faint|p2a: Heatran\n|\n|-heal|p1a: Blissey|16\/100|[from] item: Leftovers\n|-end|p1a: Blissey|Magma Storm|[partiallytrapped]|[silent]\n|-end|p1a: Blissey|move: Taunt\n|upkeep\n|\n|t:|1645141578\n|switch|p2a: Kyogre|Kyogre|100\/100\n|-weather|RainDance|[from] ability: Drizzle|[of] p2a: Kyogre\n|turn|10\n|\n|t:|1645141591\n|switch|p1a: Groudon|Groudon|100\/100\n|-damage|p1a: Groudon|94\/100|[from] Stealth Rock\n|-weather|SunnyDay|[from] ability: Drought|[of] p1a: Groudon\n|move|p2a: Kyogre|Water Spout|p1a: Groudon\n|-supereffective|p1a: Groudon\n|-damage|p1a: Groudon|0 fnt\n|faint|p1a: Groudon\n|\n|-weather|SunnyDay|[upkeep]\n|upkeep\n|\n|t:|1645141610\n|switch|p1a: Giratina|Giratina-Origin|100\/100\n|-damage|p1a: Giratina|88\/100|[from] Stealth Rock\n|turn|11\n|inactive|Thedebatablereaper has 120 seconds left.\n|\n|t:|1645141617\n|switch|p2a: Skarmory|Skarmory, F|100\/100\n|move|p1a: Giratina|Shadow Sneak|p2a: Skarmory\n|-damage|p2a: Skarmory|88\/100\n|\n|-weather|SunnyDay|[upkeep]\n|-heal|p2a: Skarmory|94\/100|[from] item: Leftovers\n|upkeep\n|turn|12\n|\n|t:|1645141627\n|switch|p1a: Blaziken|Blaziken, F|100\/100\n|-damage|p1a: Blaziken|88\/100|[from] Stealth Rock\n|move|p2a: Skarmory|Spikes|p1a: Blaziken\n|-sidestart|p1: jahmille_118|Spikes\n|\n|-weather|SunnyDay|[upkeep]\n|-heal|p2a: Skarmory|99\/100|[from] item: Leftovers\n|upkeep\n|turn|13\n|\n|t:|1645141637\n|move|p1a: Blaziken|Blaze Kick|p2a: Skarmory\n|-supereffective|p2a: Skarmory\n|-damage|p2a: Skarmory|3\/100\n|-damage|p1a: Blaziken|78\/100|[from] item: Life Orb\n|move|p2a: Skarmory|Drill Peck|p1a: Blaziken\n|-supereffective|p1a: Blaziken\n|-damage|p1a: Blaziken|4\/100\n|\n|-weather|SunnyDay|[upkeep]\n|-heal|p2a: Skarmory|9\/100|[from] item: Leftovers\n|-ability|p1a: Blaziken|Speed Boost|boost\n|-boost|p1a: Blaziken|spe|1\n|upkeep\n|turn|14\n|\n|t:|1645141648\n|switch|p2a: Kyogre|Kyogre|100\/100\n|-weather|RainDance|[from] ability: Drizzle|[of] p2a: Kyogre\n|move|p1a: Blaziken|Overheat|p2a: Kyogre\n|-resisted|p2a: Kyogre\n|-damage|p2a: Kyogre|89\/100\n|-unboost|p1a: Blaziken|spa|2\n|-damage|p1a: Blaziken|0 fnt|[from] item: Life Orb\n|faint|p1a: Blaziken\n|\n|-weather|RainDance|[upkeep]\n|upkeep\n|\n|t:|1645141664\n|switch|p1a: Giratina|Giratina-Origin|88\/100\n|-damage|p1a: Giratina|76\/100|[from] Stealth Rock\n|turn|15\n|\n|t:|1645141668\n|switch|p2a: Skarmory|Skarmory, F|9\/100\n|move|p1a: Giratina|Shadow Sneak|p2a: Skarmory\n|-damage|p2a: Skarmory|0 fnt\n|faint|p2a: Skarmory\n|\n|-weather|RainDance|[upkeep]\n|upkeep\n|\n|t:|1645141677\n|switch|p2a: Palkia|Palkia|100\/100\n|-ability|p2a: Palkia|Pressure\n|turn|16\n|inactive|jahmille_118 has 120 seconds left.\n|inactive|jahmille_118 has 90 seconds left.\n|\n|t:|1645141766\n|move|p2a: Palkia|Spacial Rend|p1a: Giratina\n|-supereffective|p1a: Giratina\n|-damage|p1a: Giratina|2\/100\n|move|p1a: Giratina|Draco Meteor|p2a: Palkia\n|-supereffective|p2a: Palkia\n|-damage|p2a: Palkia|0 fnt\n|-unboost|p1a: Giratina|spa|2\n|faint|p2a: Palkia\n|\n|-weather|RainDance|[upkeep]\n|upkeep\n|\n|t:|1645141781\n|switch|p2a: Giratina|Giratina-Origin|100\/100\n|turn|17\n|inactive|jahmille_118 has 60 seconds left.\n|\n|t:|1645141821\n|move|p1a: Giratina|Shadow Sneak|p2a: Giratina\n|-supereffective|p2a: Giratina\n|-damage|p2a: Giratina|79\/100\n|move|p2a: Giratina|Shadow Sneak|p1a: Giratina\n|-supereffective|p1a: Giratina\n|-damage|p1a: Giratina|0 fnt\n|faint|p1a: Giratina\n|\n|-weather|RainDance|[upkeep]\n|upkeep\n|\n|t:|1645141828\n|switch|p1a: Forretress|Forretress, F|100\/100\n|-damage|p1a: Forretress|88\/100|[from] Stealth Rock\n|-damage|p1a: Forretress|76\/100|[from] Spikes\n|turn|18\n|\n|t:|1645141837\n|move|p2a: Giratina|Will-O-Wisp|p1a: Forretress|[miss]\n|-miss|p2a: Giratina|p1a: Forretress\n|move|p1a: Forretress|Toxic Spikes|p2a: Giratina\n|-sidestart|p2: Thedebatablereaper|move: Toxic Spikes\n|\n|-weather|none\n|upkeep\n|turn|19\n|\n|t:|1645141847\n|move|p2a: Giratina|Will-O-Wisp|p1a: Forretress\n|-status|p1a: Forretress|brn\n|move|p1a: Forretress|Gyro Ball|p2a: Giratina\n|-damage|p2a: Giratina|70\/100\n|\n|-damage|p1a: Forretress|70\/100 brn|[from] brn\n|upkeep\n|turn|20\n|\n|t:|1645141860\n|move|p2a: Giratina|Hex|p1a: Forretress\n|-damage|p1a: Forretress|0 fnt\n|faint|p1a: Forretress\n|\n|upkeep\n|\n|t:|1645141866\n|switch|p1a: Mewtwo|Mewtwo|100\/100\n|-ability|p1a: Mewtwo|Unnerve\n|-damage|p1a: Mewtwo|88\/100|[from] Spikes\n|-damage|p1a: Mewtwo|76\/100|[from] Stealth Rock\n|turn|21\n|\n|t:|1645141872\n|move|p2a: Giratina|Shadow Sneak|p1a: Mewtwo\n|-supereffective|p1a: Mewtwo\n|-damage|p1a: Mewtwo|38\/100\n|move|p1a: Mewtwo|Psystrike|p2a: Giratina\n|-damage|p2a: Giratina|24\/100\n|-damage|p1a: Mewtwo|28\/100|[from] item: Life Orb\n|\n|upkeep\n|turn|22\n|inactive|jahmille_118 has 60 seconds left.\n|\n|t:|1645141879\n|move|p2a: Giratina|Shadow Sneak|p1a: Mewtwo\n|-supereffective|p1a: Mewtwo\n|-damage|p1a: Mewtwo|0 fnt\n|faint|p1a: Mewtwo\n|\n|upkeep\n|c|\u2606Thedebatablereaper|gg\n|\n|t:|1645141883\n|switch|p1a: Blissey|Blissey, F|16\/100\n|-damage|p1a: Blissey|4\/100|[from] Stealth Rock\n|-damage|p1a: Blissey|0 fnt|[from] Spikes\n|faint|p1a: Blissey\n|\n|win|Thedebatablereaper\n|raw|jahmille_118's rating: 1050 &rarr; <strong>1036<\/strong><br \/>(-14 for losing)\n|raw|Thedebatablereaper's rating: 1116 &rarr; <strong>1136<\/strong><br \/>(+20 for winning)\n","uploadtime":1645141889,"views":90,"p1id":"jahmille118","p2id":"thedebatablereaper","formatid":"gen8bdspubers","rating":1036,"private":0,"password":null}