{"id":"gen8ou-1501116256","p1":"gaenisalbino","p2":"Whitedevil12345678","format":"gen8ou","log":"|j|\u203dgaenisalbino\n|j|\u2606Whitedevil12345678\n|t:|1643528313\n|gametype|singles\n|player|p1|gaenisalbino|blue|1543\n|player|p2|Whitedevil12345678|blue|1596\n|teamsize|p1|6\n|teamsize|p2|6\n|gen|8\n|tier|[Gen 8] OU\n|rated|\n|rule|Sleep Clause Mod: Limit one foe put to sleep\n|rule|Species Clause: Limit one of each Pok\u00e9mon\n|rule|OHKO Clause: OHKO moves are banned\n|rule|Evasion Moves Clause: Evasion moves are banned\n|rule|Endless Battle Clause: Forcing endless battles is banned\n|rule|HP Percentage Mod: HP is shown in percentages\n|rule|Dynamax Clause: You cannot dynamax\n|clearpoke\n|poke|p1|Kartana|\n|poke|p1|Zapdos|\n|poke|p1|Tyranitar, M|\n|poke|p1|Slowking, L99, M|\n|poke|p1|Buzzwole|\n|poke|p1|Garchomp, M|\n|poke|p2|Stakataka|\n|poke|p2|Rillaboom, M|\n|poke|p2|Landorus-Therian, M|\n|poke|p2|Kartana|\n|poke|p2|Heatran, M|\n|poke|p2|Necrozma|\n|teampreview\n|inactive|Battle timer is ON: inactive players will automatically lose when time's up. (requested by Whitedevil12345678)\n|\n|t:|1643528336\n|start\n|switch|p1a: Kartana|Kartana|100\/100\n|switch|p2a: Tribal chief \ud83d\udc51|Rillaboom, M|100\/100\n|-fieldstart|move: Grassy Terrain|[from] ability: Grassy Surge|[of] p2a: Tribal chief \ud83d\udc51\n|turn|1\n|inactive|gaenisalbino has 120 seconds left.\n|n|\u203dgaenisalbino|gaenisalbino\n|\n|t:|1643528383\n|switch|p1a: Buzzwole|Buzzwole|100\/100\n|move|p2a: Tribal chief \ud83d\udc51|Superpower|p1a: Buzzwole\n|-resisted|p1a: Buzzwole\n|-damage|p1a: Buzzwole|85\/100\n|-unboost|p2a: Tribal chief \ud83d\udc51|atk|1\n|-unboost|p2a: Tribal chief \ud83d\udc51|def|1\n|-damage|p2a: Tribal chief \ud83d\udc51|84\/100|[from] item: Rocky Helmet|[of] p1a: Buzzwole\n|\n|-heal|p2a: Tribal chief \ud83d\udc51|90\/100|[from] Grassy Terrain\n|-heal|p1a: Buzzwole|91\/100|[from] Grassy Terrain\n|upkeep\n|turn|2\n|\n|t:|1643528403\n|switch|p2a: Liger\ud83e\udd81\ud83d\udc2f|Landorus-Therian, M|100\/100\n|-ability|p2a: Liger\ud83e\udd81\ud83d\udc2f|Intimidate|boost\n|-unboost|p1a: Buzzwole|atk|1\n|move|p1a: Buzzwole|Close Combat|p2a: Liger\ud83e\udd81\ud83d\udc2f\n|-resisted|p2a: Liger\ud83e\udd81\ud83d\udc2f\n|-damage|p2a: Liger\ud83e\udd81\ud83d\udc2f|81\/100\n|-unboost|p1a: Buzzwole|def|1\n|-unboost|p1a: Buzzwole|spd|1\n|\n|-heal|p1a: Buzzwole|97\/100|[from] Grassy Terrain\n|-heal|p2a: Liger\ud83e\udd81\ud83d\udc2f|87\/100|[from] item: Leftovers\n|upkeep\n|turn|3\n|\n|t:|1643528411\n|move|p1a: Buzzwole|Close Combat|p2a: Liger\ud83e\udd81\ud83d\udc2f\n|-resisted|p2a: Liger\ud83e\udd81\ud83d\udc2f\n|-damage|p2a: Liger\ud83e\udd81\ud83d\udc2f|70\/100\n|-unboost|p1a: Buzzwole|def|1\n|-unboost|p1a: Buzzwole|spd|1\n|move|p2a: Liger\ud83e\udd81\ud83d\udc2f|U-turn|p1a: Buzzwole\n|-resisted|p1a: Buzzwole\n|-damage|p1a: Buzzwole|86\/100\n|-damage|p2a: Liger\ud83e\udd81\ud83d\udc2f|53\/100|[from] item: Rocky Helmet|[of] p1a: Buzzwole\n|\n|t:|1643528415\n|switch|p2a: \u2660\ufe0f\ud83d\udc51|Necrozma|100\/100|[from]move: U-turn\n|-enditem|p2a: \u2660\ufe0f\ud83d\udc51|Grassy Seed\n|-boost|p2a: \u2660\ufe0f\ud83d\udc51|def|1|[from] item: Grassy Seed\n|\n|-heal|p1a: Buzzwole|93\/100|[from] Grassy Terrain\n|upkeep\n|turn|4\n|inactive|gaenisalbino has 120 seconds left.\n|\n|t:|1643528425\n|switch|p1a: Tyranitar|Tyranitar, M|100\/100\n|-weather|Sandstorm|[from] ability: Sand Stream|[of] p1a: Tyranitar\n|move|p2a: \u2660\ufe0f\ud83d\udc51|Calm Mind|p2a: \u2660\ufe0f\ud83d\udc51\n|-boost|p2a: \u2660\ufe0f\ud83d\udc51|spa|1\n|-boost|p2a: \u2660\ufe0f\ud83d\udc51|spd|1\n|\n|-weather|Sandstorm|[upkeep]\n|-damage|p2a: \u2660\ufe0f\ud83d\udc51|94\/100|[from] Sandstorm\n|-heal|p2a: \u2660\ufe0f\ud83d\udc51|100\/100|[from] Grassy Terrain\n|upkeep\n|turn|5\n|\n|t:|1643528433\n|move|p2a: \u2660\ufe0f\ud83d\udc51|Calm Mind|p2a: \u2660\ufe0f\ud83d\udc51\n|-boost|p2a: \u2660\ufe0f\ud83d\udc51|spa|1\n|-boost|p2a: \u2660\ufe0f\ud83d\udc51|spd|1\n|move|p1a: Tyranitar|Thunder Wave|p2a: \u2660\ufe0f\ud83d\udc51\n|-status|p2a: \u2660\ufe0f\ud83d\udc51|par\n|\n|-weather|Sandstorm|[upkeep]\n|-damage|p2a: \u2660\ufe0f\ud83d\udc51|94\/100 par|[from] Sandstorm\n|-heal|p2a: \u2660\ufe0f\ud83d\udc51|100\/100 par|[from] Grassy Terrain\n|-fieldend|move: Grassy Terrain\n|upkeep\n|turn|6\n|\n|t:|1643528437\n|move|p1a: Tyranitar|Rock Blast|p2a: \u2660\ufe0f\ud83d\udc51\n|-damage|p2a: \u2660\ufe0f\ud83d\udc51|93\/100 par\n|-damage|p2a: \u2660\ufe0f\ud83d\udc51|86\/100 par\n|-damage|p2a: \u2660\ufe0f\ud83d\udc51|78\/100 par\n|-crit|p2a: \u2660\ufe0f\ud83d\udc51\n|-damage|p2a: \u2660\ufe0f\ud83d\udc51|60\/100 par\n|-damage|p2a: \u2660\ufe0f\ud83d\udc51|53\/100 par\n|-hitcount|p2a: \u2660\ufe0f\ud83d\udc51|5\n|move|p2a: \u2660\ufe0f\ud83d\udc51|Earth Power|p1a: Tyranitar\n|-supereffective|p1a: Tyranitar\n|-damage|p1a: Tyranitar|41\/100\n|\n|-weather|Sandstorm|[upkeep]\n|-damage|p2a: \u2660\ufe0f\ud83d\udc51|47\/100 par|[from] Sandstorm\n|-heal|p1a: Tyranitar|47\/100|[from] item: Leftovers\n|upkeep\n|turn|7\n|j| deretr\n|\n|t:|1643528448\n|switch|p1a: Slowking|Slowking, L99, M|100\/100\n|move|p2a: \u2660\ufe0f\ud83d\udc51|Moonlight|p2a: \u2660\ufe0f\ud83d\udc51\n|-heal|p2a: \u2660\ufe0f\ud83d\udc51|72\/100 par\n|\n|-weather|Sandstorm|[upkeep]\n|-damage|p2a: \u2660\ufe0f\ud83d\udc51|66\/100 par|[from] Sandstorm\n|-damage|p1a: Slowking|94\/100|[from] Sandstorm\n|upkeep\n|turn|8\n|\n|t:|1643528455\n|move|p2a: \u2660\ufe0f\ud83d\udc51|Calm Mind|p2a: \u2660\ufe0f\ud83d\udc51\n|-boost|p2a: \u2660\ufe0f\ud83d\udc51|spa|1\n|-boost|p2a: \u2660\ufe0f\ud83d\udc51|spd|1\n|move|p1a: Slowking|Teleport|p1a: Slowking\n|\n|t:|1643528464\n|switch|p1a: Zapdos|Zapdos|100\/100|[from]move: Teleport\n|\n|-weather|none\n|upkeep\n|turn|9\n|\n|t:|1643528470\n|move|p1a: Zapdos|Volt Switch|p2a: \u2660\ufe0f\ud83d\udc51\n|-damage|p2a: \u2660\ufe0f\ud83d\udc51|52\/100 par\n|\n|t:|1643528473\n|switch|p1a: Slowking|Slowking, L99, M|100\/100|[from]move: Volt Switch\n|move|p2a: \u2660\ufe0f\ud83d\udc51|Moonlight|p2a: \u2660\ufe0f\ud83d\udc51\n|-heal|p2a: \u2660\ufe0f\ud83d\udc51|100\/100 par\n|\n|upkeep\n|turn|10\n|\n|t:|1643528478\n|move|p2a: \u2660\ufe0f\ud83d\udc51|Calm Mind|p2a: \u2660\ufe0f\ud83d\udc51\n|-boost|p2a: \u2660\ufe0f\ud83d\udc51|spa|1\n|-boost|p2a: \u2660\ufe0f\ud83d\udc51|spd|1\n|move|p1a: Slowking|Teleport|p1a: Slowking\n|\n|t:|1643528482\n|switch|p1a: Kartana|Kartana|100\/100|[from]move: Teleport\n|\n|upkeep\n|turn|11\n|\n|t:|1643528485\n|move|p1a: Kartana|Leaf Blade|p2a: \u2660\ufe0f\ud83d\udc51\n|-damage|p2a: \u2660\ufe0f\ud83d\udc51|47\/100 par\n|cant|p2a: \u2660\ufe0f\ud83d\udc51|par\n|\n|upkeep\n|turn|12\n|\n|t:|1643528493\n|move|p1a: Kartana|Leaf Blade|p2a: \u2660\ufe0f\ud83d\udc51\n|-damage|p2a: \u2660\ufe0f\ud83d\udc51|0 fnt\n|faint|p2a: \u2660\ufe0f\ud83d\udc51\n|-ability|p1a: Kartana|Beast Boost|boost\n|-boost|p1a: Kartana|atk|1\n|\n|upkeep\n|j| SatoSea\n|l| SatoSea\n|\n|t:|1643528499\n|switch|p2a: \ud83d\udd25|Heatran, M|100\/100\n|-item|p2a: \ud83d\udd25|Air Balloon\n|turn|13\n|\n|t:|1643528508\n|switch|p1a: Slowking|Slowking, L99, M|100\/100\n|move|p2a: \ud83d\udd25|Eruption|p1a: Slowking\n|-resisted|p1a: Slowking\n|-damage|p1a: Slowking|75\/100\n|\n|upkeep\n|turn|14\n|\n|t:|1643528511\n|switch|p2a: Tribal chief \ud83d\udc51|Rillaboom, M|90\/100\n|-fieldstart|move: Grassy Terrain|[from] ability: Grassy Surge|[of] p2a: Tribal chief \ud83d\udc51\n|move|p1a: Slowking|Scald|p2a: Tribal chief \ud83d\udc51\n|-resisted|p2a: Tribal chief \ud83d\udc51\n|-damage|p2a: Tribal chief \ud83d\udc51|72\/100\n|\n|-heal|p2a: Tribal chief \ud83d\udc51|78\/100|[from] Grassy Terrain\n|-heal|p1a: Slowking|81\/100|[from] Grassy Terrain\n|upkeep\n|turn|15\n|\n|t:|1643528524\n|switch|p1a: Buzzwole|Buzzwole|93\/100\n|move|p2a: Tribal chief \ud83d\udc51|Knock Off|p1a: Buzzwole\n|-resisted|p1a: Buzzwole\n|-damage|p1a: Buzzwole|80\/100\n|-damage|p2a: Tribal chief \ud83d\udc51|61\/100|[from] item: Rocky Helmet|[of] p1a: Buzzwole\n|-enditem|p1a: Buzzwole|Rocky Helmet|[from] move: Knock Off|[of] p2a: Tribal chief \ud83d\udc51\n|\n|-heal|p2a: Tribal chief \ud83d\udc51|68\/100|[from] Grassy Terrain\n|-heal|p1a: Buzzwole|86\/100|[from] Grassy Terrain\n|upkeep\n|turn|16\n|\n|t:|1643528533\n|switch|p2a: Liger\ud83e\udd81\ud83d\udc2f|Landorus-Therian, M|53\/100\n|-ability|p2a: Liger\ud83e\udd81\ud83d\udc2f|Intimidate|boost\n|-unboost|p1a: Buzzwole|atk|1\n|move|p1a: Buzzwole|Ice Punch|p2a: Liger\ud83e\udd81\ud83d\udc2f\n|-supereffective|p2a: Liger\ud83e\udd81\ud83d\udc2f\n|-damage|p2a: Liger\ud83e\udd81\ud83d\udc2f|0 fnt\n|faint|p2a: Liger\ud83e\udd81\ud83d\udc2f\n|-ability|p1a: Buzzwole|Beast Boost|boost\n|-boost|p1a: Buzzwole|def|1\n|\n|-heal|p1a: Buzzwole|92\/100|[from] Grassy Terrain\n|upkeep\n|\n|t:|1643528536\n|switch|p2a: \ud83d\udd25|Heatran, M|100\/100\n|-item|p2a: \ud83d\udd25|Air Balloon\n|turn|17\n|\n|t:|1643528547\n|switch|p1a: Tyranitar|Tyranitar, M|47\/100\n|-weather|Sandstorm|[from] ability: Sand Stream|[of] p1a: Tyranitar\n|move|p2a: \ud83d\udd25|Eruption|p1a: Tyranitar\n|-resisted|p1a: Tyranitar\n|-damage|p1a: Tyranitar|32\/100\n|\n|-weather|Sandstorm|[upkeep]\n|-heal|p1a: Tyranitar|38\/100|[from] Grassy Terrain\n|-heal|p1a: Tyranitar|44\/100|[from] item: Leftovers\n|upkeep\n|turn|18\n|j| Jfidijdjdidi\n|\n|t:|1643528558\n|switch|p2a: Tribal chief \ud83d\udc51|Rillaboom, M|68\/100\n|move|p1a: Tyranitar|Thunder Wave|p2a: Tribal chief \ud83d\udc51\n|-status|p2a: Tribal chief \ud83d\udc51|par\n|\n|-weather|Sandstorm|[upkeep]\n|-damage|p2a: Tribal chief \ud83d\udc51|61\/100 par|[from] Sandstorm\n|-heal|p1a: Tyranitar|50\/100|[from] Grassy Terrain\n|-heal|p1a: Tyranitar|57\/100|[from] item: Leftovers\n|-heal|p2a: Tribal chief \ud83d\udc51|68\/100 par|[from] Grassy Terrain\n|-fieldend|move: Grassy Terrain\n|upkeep\n|turn|19\n|\n|t:|1643528566\n|switch|p1a: Zapdos|Zapdos|100\/100\n|cant|p2a: Tribal chief \ud83d\udc51|par\n|\n|-weather|Sandstorm|[upkeep]\n|-damage|p1a: Zapdos|94\/100|[from] Sandstorm\n|-damage|p2a: Tribal chief \ud83d\udc51|61\/100 par|[from] Sandstorm\n|upkeep\n|turn|20\n|\n|t:|1643528576\n|switch|p2a: \ud83d\udd25|Heatran, M|100\/100\n|-item|p2a: \ud83d\udd25|Air Balloon\n|move|p1a: Zapdos|Hurricane|p2a: \ud83d\udd25|[miss]\n|-miss|p1a: Zapdos|p2a: \ud83d\udd25\n|\n|-weather|Sandstorm|[upkeep]\n|-damage|p1a: Zapdos|88\/100|[from] Sandstorm\n|upkeep\n|turn|21\n|j| SatoSea\n|\n|t:|1643528581\n|move|p2a: \ud83d\udd25|Eruption|p1a: Zapdos\n|-damage|p1a: Zapdos|14\/100\n|move|p1a: Zapdos|Volt Switch|p2a: \ud83d\udd25\n|-damage|p2a: \ud83d\udd25|62\/100\n|-enditem|p2a: \ud83d\udd25|Air Balloon\n|\n|t:|1643528587\n|switch|p1a: Tyranitar|Tyranitar, M|57\/100|[from]move: Volt Switch\n|\n|-weather|none\n|-heal|p1a: Tyranitar|63\/100|[from] item: Leftovers\n|upkeep\n|turn|22\n|\n|t:|1643528593\n|move|p2a: \ud83d\udd25|Flash Cannon|p1a: Tyranitar\n|-supereffective|p1a: Tyranitar\n|-damage|p1a: Tyranitar|11\/100\n|-unboost|p1a: Tyranitar|spd|1\n|move|p1a: Tyranitar|Rock Blast|p2a: \ud83d\udd25|[miss]\n|-miss|p1a: Tyranitar|p2a: \ud83d\udd25\n|\n|-heal|p1a: Tyranitar|17\/100|[from] item: Leftovers\n|upkeep\n|turn|23\n|\n|t:|1643528601\n|move|p2a: \ud83d\udd25|Flamethrower|p1a: Tyranitar\n|-resisted|p1a: Tyranitar\n|-damage|p1a: Tyranitar|0 fnt\n|faint|p1a: Tyranitar\n|\n|upkeep\n|\n|t:|1643528605\n|switch|p1a: Kartana|Kartana|100\/100\n|turn|24\n|\n|t:|1643528609\n|move|p1a: Kartana|Sacred Sword|p2a: \ud83d\udd25\n|-supereffective|p2a: \ud83d\udd25\n|-damage|p2a: \ud83d\udd25|0 fnt\n|faint|p2a: \ud83d\udd25\n|-ability|p1a: Kartana|Beast Boost|boost\n|-boost|p1a: Kartana|atk|1\n|\n|upkeep\n|\n|t:|1643528612\n|switch|p2a: \u2694\ufe0f|Kartana|100\/100\n|turn|25\n|\n|t:|1643528617\n|switch|p1a: Zapdos|Zapdos|14\/100\n|move|p2a: \u2694\ufe0f|Sacred Sword|p1a: Zapdos\n|-resisted|p1a: Zapdos\n|-damage|p1a: Zapdos|0 fnt\n|-status|p2a: \u2694\ufe0f|par|[from] ability: Static|[of] p1a: Zapdos\n|faint|p1a: Zapdos\n|-ability|p2a: \u2694\ufe0f|Beast Boost|boost\n|-boost|p2a: \u2694\ufe0f|atk|1\n|\n|upkeep\n|\n|t:|1643528621\n|switch|p1a: Buzzwole|Buzzwole|92\/100\n|turn|26\n|\n|t:|1643528624\n|cant|p2a: \u2694\ufe0f|par\n|move|p1a: Buzzwole|Close Combat|p2a: \u2694\ufe0f\n|-supereffective|p2a: \u2694\ufe0f\n|-crit|p2a: \u2694\ufe0f\n|-damage|p2a: \u2694\ufe0f|0 fnt\n|-unboost|p1a: Buzzwole|def|1\n|-unboost|p1a: Buzzwole|spd|1\n|faint|p2a: \u2694\ufe0f\n|-ability|p1a: Buzzwole|Beast Boost|boost\n|-boost|p1a: Buzzwole|def|1\n|\n|upkeep\n|\n|t:|1643528632\n|switch|p2a: Tribal chief \ud83d\udc51|Rillaboom, M|61\/100 par\n|-fieldstart|move: Grassy Terrain|[from] ability: Grassy Surge|[of] p2a: Tribal chief \ud83d\udc51\n|turn|27\n|\n|t:|1643528635\n|move|p2a: Tribal chief \ud83d\udc51|Grassy Glide|p1a: Buzzwole\n|-resisted|p1a: Buzzwole\n|-damage|p1a: Buzzwole|76\/100\n|move|p1a: Buzzwole|Leech Life|p2a: Tribal chief \ud83d\udc51\n|-supereffective|p2a: Tribal chief \ud83d\udc51\n|-damage|p2a: Tribal chief \ud83d\udc51|0 fnt\n|-heal|p1a: Buzzwole|100\/100|[from] drain|[of] p2a: Tribal chief \ud83d\udc51\n|faint|p2a: Tribal chief \ud83d\udc51\n|-ability|p1a: Buzzwole|Beast Boost|boost\n|-boost|p1a: Buzzwole|def|1\n|\n|upkeep\n|-message|Whitedevil12345678 forfeited.\n|\n|win|gaenisalbino\n|raw|gaenisalbino's rating: 1543 &rarr; <strong>1566<\/strong><br \/>(+23 for winning)\n|raw|Whitedevil12345678's rating: 1596 &rarr; <strong>1573<\/strong><br \/>(-23 for losing)\n|l|\u2606Whitedevil12345678\n|l|\u203dgaenisalbino\n|l| SatoSea\n","uploadtime":1643528736,"views":27,"p1id":"gaenisalbino","p2id":"whitedevil12345678","formatid":"gen8ou","rating":1566,"private":0,"password":null}