{"id":"gen8ou-1691876184","p1":"Kwaga","p2":"Mel0nL0rd","format":"gen8ou","log":"|html|<div class=\"broadcast-blue\"><strong>[Gen 8] OU is currently suspecting Melmetal! For information on how to participate check out the <a href=\"https:\/\/www.smogon.com\/forums\/threads\/np-ss-ou-suspect-process-round-12-monster-mash.3709234\/\">suspect thread<\/a>.<\/strong><\/div>\n|j|\u2606Kwaga\n|j|\u2606Mel0nL0rd\n|t:|1666420237\n|gametype|singles\n|player|p1|Kwaga|brock-gen1rb|1665\n|player|p2|Mel0nL0rd|n|1680\n|teamsize|p1|6\n|teamsize|p2|6\n|gen|8\n|tier|[Gen 8] OU\n|rated|\n|rule|Sleep Clause Mod: Limit one foe put to sleep\n|rule|Species Clause: Limit one of each Pok\u00e9mon\n|rule|OHKO Clause: OHKO moves are banned\n|rule|Evasion Items Clause: Evasion items are banned\n|rule|Evasion Moves Clause: Evasion moves are banned\n|rule|Endless Battle Clause: Forcing endless battles is banned\n|rule|HP Percentage Mod: HP is shown in percentages\n|rule|Dynamax Clause: You cannot dynamax\n|clearpoke\n|poke|p1|Weavile, M|\n|poke|p1|Dragapult, M|\n|poke|p1|Volcanion|\n|poke|p1|Kartana|\n|poke|p1|Ferrothorn, M|\n|poke|p1|Landorus-Therian, M|\n|poke|p2|Corviknight, M|\n|poke|p2|Landorus-Therian, M|\n|poke|p2|Kartana|\n|poke|p2|Blacephalon|\n|poke|p2|Volcanion|\n|poke|p2|Tapu Lele|\n|teampreview\n|inactive|Battle timer is ON: inactive players will automatically lose when time's up. (requested by Mel0nL0rd)\n|c|\u2606Mel0nL0rd|glhf\n|c|\u2606Kwaga|u2\n|\n|t:|1666420250\n|start\n|switch|p1a: Dragapult|Dragapult, M|100\/100\n|switch|p2a: Judgement|Kartana, shiny|100\/100\n|turn|1\n|\n|t:|1666420258\n|switch|p1a: Ferrothorn|Ferrothorn, M|100\/100\n|move|p2a: Judgement|Sacred Sword|p1a: Ferrothorn\n|-supereffective|p1a: Ferrothorn\n|-damage|p1a: Ferrothorn|29\/100\n|-damage|p2a: Judgement|88\/100|[from] ability: Iron Barbs|[of] p1a: Ferrothorn\n|\n|-heal|p1a: Ferrothorn|35\/100|[from] item: Leftovers\n|upkeep\n|turn|2\n|\n|t:|1666420265\n|switch|p2a: The Fool|Landorus-Therian, M|100\/100\n|-ability|p2a: The Fool|Intimidate|boost\n|-unboost|p1a: Ferrothorn|atk|1\n|move|p1a: Ferrothorn|Stealth Rock|p2a: The Fool\n|-sidestart|p2: Mel0nL0rd|move: Stealth Rock\n|\n|-heal|p1a: Ferrothorn|41\/100|[from] item: Leftovers\n|upkeep\n|turn|3\n|\n|t:|1666420271\n|move|p2a: The Fool|Stealth Rock|p1a: Ferrothorn\n|-sidestart|p1: Kwaga|move: Stealth Rock\n|move|p1a: Ferrothorn|Leech Seed|p2a: The Fool\n|-start|p2a: The Fool|move: Leech Seed\n|\n|-heal|p1a: Ferrothorn|47\/100|[from] item: Leftovers\n|-damage|p2a: The Fool|88\/100|[from] Leech Seed|[of] p1a: Ferrothorn\n|-heal|p1a: Ferrothorn|58\/100|[silent]\n|upkeep\n|turn|4\n|\n|t:|1666420276\n|switch|p2a: The Devil|Volcanion|100\/100\n|move|p1a: Ferrothorn|Leech Seed|p2a: The Devil\n|-start|p2a: The Devil|move: Leech Seed\n|\n|-heal|p1a: Ferrothorn|64\/100|[from] item: Leftovers\n|-damage|p2a: The Devil|88\/100|[from] Leech Seed|[of] p1a: Ferrothorn\n|-heal|p1a: Ferrothorn|77\/100|[silent]\n|upkeep\n|turn|5\n|\n|t:|1666420282\n|switch|p1a: Dragapult|Dragapult, M|100\/100\n|-damage|p1a: Dragapult|88\/100|[from] Stealth Rock\n|move|p2a: The Devil|Earth Power|p1a: Dragapult\n|-damage|p1a: Dragapult|40\/100\n|\n|-damage|p2a: The Devil|76\/100|[from] Leech Seed|[of] p1a: Dragapult\n|-heal|p1a: Dragapult|54\/100|[silent]\n|upkeep\n|turn|6\n|j| Palladiawa E\n|\n|t:|1666420296\n|switch|p2a: The Tower|Corviknight, M, shiny|100\/100\n|-damage|p2a: The Tower|88\/100|[from] Stealth Rock\n|-ability|p2a: The Tower|Pressure\n|move|p1a: Dragapult|Draco Meteor|p2a: The Tower\n|-resisted|p2a: The Tower\n|-damage|p2a: The Tower|45\/100\n|-unboost|p1a: Dragapult|spa|2\n|\n|upkeep\n|turn|7\n|j| Crowv2\n|\n|t:|1666420307\n|switch|p1a: Volcanion|Volcanion|100\/100\n|move|p2a: The Tower|Roost|p2a: The Tower\n|-heal|p2a: The Tower|95\/100\n|-singleturn|p2a: The Tower|move: Roost\n|\n|upkeep\n|turn|8\n|\n|t:|1666420316\n|switch|p2a: The Devil|Volcanion|76\/100\n|move|p1a: Volcanion|Flamethrower|p2a: The Devil\n|-resisted|p2a: The Devil\n|-damage|p2a: The Devil|63\/100\n|\n|upkeep\n|turn|9\n|\n|t:|1666420319\n|move|p1a: Volcanion|Earth Power|p2a: The Devil\n|-supereffective|p2a: The Devil\n|-damage|p2a: The Devil|0 fnt\n|faint|p2a: The Devil\n|\n|upkeep\n|\n|t:|1666420323\n|switch|p2a: The Fool|Landorus-Therian, M|88\/100\n|-damage|p2a: The Fool|76\/100|[from] Stealth Rock\n|-ability|p2a: The Fool|Intimidate|boost\n|-unboost|p1a: Volcanion|atk|1\n|turn|10\n|\n|t:|1666420327\n|move|p2a: The Fool|U-turn|p1a: Volcanion\n|-resisted|p1a: Volcanion\n|-damage|p1a: Volcanion|89\/100\n|\n|t:|1666420333\n|switch|p2a: The Tower|Corviknight, M, shiny|95\/100|[from]move: U-turn\n|-damage|p2a: The Tower|83\/100|[from] Stealth Rock\n|-ability|p2a: The Tower|Pressure\n|move|p1a: Volcanion|Steam Eruption|p2a: The Tower\n|-damage|p2a: The Tower|31\/100\n|-status|p2a: The Tower|brn\n|\n|-damage|p2a: The Tower|25\/100 brn|[from] brn\n|upkeep\n|turn|11\n|l| Palladiawa E\n|\n|t:|1666420341\n|move|p1a: Volcanion|Flamethrower|p2a: The Tower\n|-supereffective|p2a: The Tower\n|-damage|p2a: The Tower|0 fnt\n|faint|p2a: The Tower\n|\n|upkeep\n|j| lllllll11\n|\n|t:|1666420358\n|switch|p2a: The Hierophant|Tapu Lele, shiny|100\/100\n|-damage|p2a: The Hierophant|88\/100|[from] Stealth Rock\n|-fieldstart|move: Psychic Terrain|[from] ability: Psychic Surge|[of] p2a: The Hierophant\n|turn|12\n|j| jsjshd djdjd\n|\n|t:|1666420368\n|move|p1a: Volcanion|Steam Eruption|p2a: The Hierophant\n|-damage|p2a: The Hierophant|37\/100\n|move|p2a: The Hierophant|Iron Defense|p2a: The Hierophant\n|-boost|p2a: The Hierophant|def|2\n|\n|-heal|p2a: The Hierophant|43\/100|[from] item: Leftovers\n|upkeep\n|turn|13\n|\n|t:|1666420374\n|move|p1a: Volcanion|Steam Eruption|p2a: The Hierophant\n|-damage|p2a: The Hierophant|0 fnt\n|faint|p2a: The Hierophant\n|\n|upkeep\n|c| Crowv2|wtf\n|c|\u2606Kwaga|demon lele\n|c|\u2606Mel0nL0rd|Lol\n|j| ldylzyq\n|c|\u2606Kwaga|assuming max hp max def\n|c|\u2606Mel0nL0rd|Ye\n|\n|t:|1666420396\n|switch|p2a: The Fool|Landorus-Therian, M|76\/100\n|-damage|p2a: The Fool|64\/100|[from] Stealth Rock\n|-ability|p2a: The Fool|Intimidate|boost\n|-unboost|p1a: Volcanion|atk|1\n|turn|14\n|c| Crowv2|set?\n|c| Crowv2|moves?\n|\n|t:|1666420404\n|move|p2a: The Fool|Smack Down|p1a: Volcanion\n|-supereffective|p1a: Volcanion\n|-damage|p1a: Volcanion|48\/100\n|move|p1a: Volcanion|Steam Eruption|p2a: The Fool|[miss]\n|-miss|p1a: Volcanion|p2a: The Fool\n|\n|-heal|p2a: The Fool|70\/100|[from] item: Leftovers\n|upkeep\n|turn|15\n|l| ldylzyq\n|\n|t:|1666420415\n|move|p2a: The Fool|Earthquake|p1a: Volcanion\n|-supereffective|p1a: Volcanion\n|-damage|p1a: Volcanion|0 fnt\n|faint|p1a: Volcanion\n|\n|-heal|p2a: The Fool|76\/100|[from] item: Leftovers\n|upkeep\n|j| FuckyLucky\n|\n|t:|1666420417\n|switch|p1a: Weavile|Weavile, M|100\/100\n|-ability|p1a: Weavile|Pressure\n|turn|16\n|c|\u2606Mel0nL0rd|I have been\n|c|\u2606Mel0nL0rd|banking on a switch almost this whole game\n|c|\u2606Mel0nL0rd|lol\n|c|\u2606Kwaga|ya\n|\n|t:|1666420431\n|move|p1a: Weavile|Triple Axel|p2a: The Fool\n|-supereffective|p2a: The Fool\n|-damage|p2a: The Fool|23\/100\n|-supereffective|p2a: The Fool\n|-damage|p2a: The Fool|0 fnt\n|faint|p2a: The Fool\n|-hitcount|p2: The Fool|2\n|\n|-fieldend|move: Psychic Terrain\n|upkeep\n|\n|t:|1666420434\n|switch|p2a: The Magician|Blacephalon, shiny|100\/100\n|-damage|p2a: The Magician|76\/100|[from] Stealth Rock\n|turn|17\n|c|\u2606Kwaga|i didnt swap out cuz volcanion lived just about everything\n|\n|t:|1666420442\n|switch|p1a: Landorus|Landorus-Therian, M|100\/100\n|-damage|p1a: Landorus|88\/100|[from] Stealth Rock\n|-ability|p1a: Landorus|Intimidate|boost\n|-unboost|p2a: The Magician|atk|1\n|move|p2a: The Magician|Flamethrower|p1a: Landorus\n|-damage|p1a: Landorus|50\/100\n|\n|-heal|p1a: Landorus|56\/100|[from] item: Leftovers\n|upkeep\n|turn|18\n|\n|t:|1666420447\n|switch|p2a: Judgement|Kartana, shiny|88\/100\n|-damage|p2a: Judgement|82\/100|[from] Stealth Rock\n|move|p1a: Landorus|Earthquake|p2a: Judgement\n|-damage|p2a: Judgement|29\/100\n|\n|-heal|p1a: Landorus|62\/100|[from] item: Leftovers\n|upkeep\n|turn|19\n|\n|t:|1666420454\n|switch|p1a: Ferrothorn|Ferrothorn, M|77\/100\n|-damage|p1a: Ferrothorn|71\/100|[from] Stealth Rock\n|move|p2a: Judgement|Knock Off|p1a: Ferrothorn\n|-damage|p1a: Ferrothorn|35\/100\n|-damage|p2a: Judgement|16\/100|[from] ability: Iron Barbs|[of] p1a: Ferrothorn\n|-enditem|p1a: Ferrothorn|Leftovers|[from] move: Knock Off|[of] p2a: Judgement\n|\n|upkeep\n|turn|20\n|\n|t:|1666420463\n|move|p2a: Judgement|Knock Off|p1a: Ferrothorn\n|-damage|p1a: Ferrothorn|8\/100\n|-damage|p2a: Judgement|4\/100|[from] ability: Iron Barbs|[of] p1a: Ferrothorn\n|move|p1a: Ferrothorn|Iron Head|p2a: Judgement\n|-resisted|p2a: Judgement\n|-damage|p2a: Judgement|0 fnt\n|faint|p2a: Judgement\n|\n|upkeep\n|\n|t:|1666420465\n|switch|p2a: The Magician|Blacephalon, shiny|76\/100\n|-damage|p2a: The Magician|51\/100|[from] Stealth Rock\n|turn|21\n|c|\u2606Mel0nL0rd|U scarf kart\n|c|\u2606Kwaga|ye\n|c|\u2606Mel0nL0rd|If you are you win\n|c|\u2606Mel0nL0rd|sadge\n|\n|t:|1666420477\n|move|p2a: The Magician|Flamethrower|p1a: Ferrothorn\n|-supereffective|p1a: Ferrothorn\n|-damage|p1a: Ferrothorn|0 fnt\n|faint|p1a: Ferrothorn\n|-ability|p2a: The Magician|Beast Boost|boost\n|-boost|p2a: The Magician|spa|1\n|\n|upkeep\n|\n|t:|1666420480\n|switch|p1a: Kartana|Kartana, shiny|100\/100\n|-damage|p1a: Kartana|94\/100|[from] Stealth Rock\n|turn|22\n|\n|t:|1666420481\n|move|p1a: Kartana|Knock Off|p2a: The Magician\n|-supereffective|p2a: The Magician\n|-damage|p2a: The Magician|0 fnt\n|-enditem|p2a: The Magician|Choice Scarf|[from] move: Knock Off|[of] p1a: Kartana\n|faint|p2a: The Magician\n|\n|win|Kwaga\n|raw|Kwaga's rating: 1665 &rarr; <strong>1686<\/strong><br \/>(+21 for winning)\n|raw|Mel0nL0rd's rating: 1680 &rarr; <strong>1659<\/strong><br \/>(-21 for losing)\n|c|\u2606Mel0nL0rd|gg\n|c|\u2606Kwaga|gg\n|l|\u2606Mel0nL0rd\n","uploadtime":1666420486,"views":10,"p1id":"kwaga","p2id":"mel0nl0rd","formatid":"gen8ou","rating":1659,"private":0,"password":null}