{"id":"gen8ou-1676290285","p1":"grace_my_world","p2":"Machugen","format":"gen8ou","log":"|j|\u2606grace_my_world\n|j|\u2606Machugen\n|t:|1664773446\n|gametype|singles\n|player|p1|grace_my_world|265|1665\n|player|p2|Machugen|zinnia|1846\n|teamsize|p1|6\n|teamsize|p2|6\n|gen|8\n|tier|[Gen 8] OU\n|rated|\n|rule|Sleep Clause Mod: Limit one foe put to sleep\n|rule|Species Clause: Limit one of each Pok\u00e9mon\n|rule|OHKO Clause: OHKO moves are banned\n|rule|Evasion Items Clause: Evasion items are banned\n|rule|Evasion Moves Clause: Evasion moves are banned\n|rule|Endless Battle Clause: Forcing endless battles is banned\n|rule|HP Percentage Mod: HP is shown in percentages\n|rule|Dynamax Clause: You cannot dynamax\n|clearpoke\n|poke|p1|Dragapult, F|\n|poke|p1|Heatran, F|\n|poke|p1|Rillaboom, F|\n|poke|p1|Tapu Koko|\n|poke|p1|Nidoking, M|\n|poke|p1|Togekiss, F|\n|poke|p2|Weavile, M|\n|poke|p2|Dragonite, M|\n|poke|p2|Melmetal|\n|poke|p2|Volcanion|\n|poke|p2|Zapdos|\n|poke|p2|Landorus-Therian, M|\n|teampreview\n|\n|t:|1664773451\n|start\n|switch|p1a: Togekiss|Togekiss, F|100\/100\n|switch|p2a: Weavile|Weavile, M|100\/100\n|-ability|p2a: Weavile|Pressure\n|turn|1\n|inactive|Battle timer is ON: inactive players will automatically lose when time's up. (requested by grace_my_world)\n|\n|t:|1664773461\n|move|p2a: Weavile|Triple Axel|p1a: Togekiss\n|-supereffective|p1a: Togekiss\n|-damage|p1a: Togekiss|63\/100\n|-supereffective|p1a: Togekiss\n|-damage|p1a: Togekiss|0 fnt\n|faint|p1a: Togekiss\n|-hitcount|p1: Togekiss|2\n|\n|upkeep\n|\n|t:|1664773468\n|switch|p1a: Heatran|Heatran, F|100\/100\n|turn|2\n|\n|t:|1664773472\n|switch|p2a: Volcanion|Volcanion|100\/100\n|move|p1a: Heatran|Magma Storm|p2a: Volcanion\n|-resisted|p2a: Volcanion\n|-damage|p2a: Volcanion|85\/100\n|-activate|p2a: Volcanion|move: Magma Storm|[of] p1a: Heatran\n|\n|-damage|p2a: Volcanion|72\/100|[from] move: Magma Storm|[partiallytrapped]\n|upkeep\n|turn|3\n|\n|t:|1664773482\n|switch|p1a: Dragapult|Dragapult, F|100\/100\n|move|p2a: Volcanion|Steam Eruption|p1a: Dragapult\n|-resisted|p1a: Dragapult\n|-damage|p1a: Dragapult|42\/100\n|-status|p1a: Dragapult|brn\n|\n|-damage|p1a: Dragapult|36\/100 brn|[from] brn\n|-end|p2a: Volcanion|Magma Storm|[partiallytrapped]|[silent]\n|upkeep\n|turn|4\n|\n|t:|1664773491\n|switch|p2a: Landorus|Landorus-Therian, M|100\/100\n|-ability|p2a: Landorus|Intimidate|boost\n|-fail|p1a: Dragapult|unboost|[from] ability: Clear Body|[of] p1a: Dragapult\n|move|p1a: Dragapult|Shadow Ball|p2a: Landorus\n|-damage|p2a: Landorus|73\/100\n|-unboost|p2a: Landorus|spd|1\n|\n|-heal|p2a: Landorus|79\/100|[from] item: Leftovers\n|-damage|p1a: Dragapult|30\/100 brn|[from] brn\n|upkeep\n|turn|5\n|\n|t:|1664773504\n|switch|p1a: Heatran|Heatran, F|100\/100\n|move|p2a: Landorus|Earthquake|p1a: Heatran\n|-supereffective|p1a: Heatran\n|-enditem|p1a: Heatran|Shuca Berry|[eat]\n|-enditem|p1a: Heatran|Shuca Berry|[weaken]\n|-damage|p1a: Heatran|11\/100\n|\n|-heal|p2a: Landorus|85\/100|[from] item: Leftovers\n|upkeep\n|turn|6\n|\n|t:|1664773514\n|move|p1a: Heatran|Magma Storm|p2a: Landorus|[miss]\n|-miss|p1a: Heatran|p2a: Landorus\n|move|p2a: Landorus|Earthquake|p1a: Heatran\n|-supereffective|p1a: Heatran\n|-crit|p1a: Heatran\n|-damage|p1a: Heatran|0 fnt\n|faint|p1a: Heatran\n|\n|-heal|p2a: Landorus|91\/100|[from] item: Leftovers\n|upkeep\n|\n|t:|1664773524\n|switch|p1a: Rillaboom|Rillaboom, F|100\/100\n|-fieldstart|move: Grassy Terrain|[from] ability: Grassy Surge|[of] p1a: Rillaboom\n|turn|7\n|\n|t:|1664773529\n|switch|p1a: Tapu Koko|Tapu Koko|100\/100\n|-fieldstart|move: Electric Terrain|[from] ability: Electric Surge|[of] p1a: Tapu Koko\n|switch|p2a: Zapdos|Zapdos|100\/100\n|\n|upkeep\n|turn|8\n|\n|t:|1664773538\n|switch|p1a: Nidoking|Nidoking, M|100\/100\n|switch|p2a: Landorus|Landorus-Therian, M|91\/100\n|-ability|p2a: Landorus|Intimidate|boost\n|-unboost|p1a: Nidoking|atk|1\n|\n|-heal|p2a: Landorus|97\/100|[from] item: Leftovers\n|upkeep\n|turn|9\n|\n|t:|1664773548\n|switch|p2a: Volcanion|Volcanion|72\/100\n|move|p1a: Nidoking|Ice Beam|p2a: Volcanion\n|-resisted|p2a: Volcanion\n|-damage|p2a: Volcanion|63\/100\n|\n|upkeep\n|turn|10\n|\n|t:|1664773554\n|switch|p1a: Rillaboom|Rillaboom, F|100\/100\n|-fieldstart|move: Grassy Terrain|[from] ability: Grassy Surge|[of] p1a: Rillaboom\n|move|p2a: Volcanion|Steam Eruption|p1a: Rillaboom\n|-resisted|p1a: Rillaboom\n|-damage|p1a: Rillaboom|47\/100\n|\n|-heal|p1a: Rillaboom|53\/100|[from] Grassy Terrain\n|-heal|p2a: Volcanion|69\/100|[from] Grassy Terrain\n|upkeep\n|turn|11\n|\n|t:|1664773567\n|switch|p2a: Zapdos|Zapdos|100\/100\n|move|p1a: Rillaboom|U-turn|p2a: Zapdos\n|-resisted|p2a: Zapdos\n|-damage|p2a: Zapdos|76\/100\n|-status|p1a: Rillaboom|par|[from] ability: Static|[of] p2a: Zapdos\n|\n|t:|1664773574\n|switch|p1a: Nidoking|Nidoking, M|100\/100|[from]move: U-turn\n|\n|upkeep\n|turn|12\n|\n|t:|1664773579\n|switch|p2a: Volcanion|Volcanion|69\/100\n|move|p1a: Nidoking|Earth Power|p2a: Volcanion\n|-supereffective|p2a: Volcanion\n|-damage|p2a: Volcanion|0 fnt\n|faint|p2a: Volcanion\n|\n|upkeep\n|\n|t:|1664773581\n|switch|p2a: Weavile|Weavile, M|100\/100\n|-ability|p2a: Weavile|Pressure\n|turn|13\n|\n|t:|1664773591\n|move|p2a: Weavile|Triple Axel|p1a: Nidoking\n|-supereffective|p1a: Nidoking\n|-damage|p1a: Nidoking|51\/100\n|-supereffective|p1a: Nidoking\n|-damage|p1a: Nidoking|0 fnt\n|faint|p1a: Nidoking\n|-hitcount|p1: Nidoking|2\n|\n|upkeep\n|\n|t:|1664773599\n|switch|p1a: Tapu Koko|Tapu Koko|100\/100\n|-fieldstart|move: Electric Terrain|[from] ability: Electric Surge|[of] p1a: Tapu Koko\n|turn|14\n|\n|t:|1664773604\n|switch|p2a: Landorus|Landorus-Therian, M|97\/100\n|-ability|p2a: Landorus|Intimidate|boost\n|-unboost|p1a: Tapu Koko|atk|1\n|move|p1a: Tapu Koko|Dazzling Gleam|p2a: Landorus\n|-damage|p2a: Landorus|67\/100\n|\n|-heal|p2a: Landorus|73\/100|[from] item: Leftovers\n|upkeep\n|turn|15\n|\n|t:|1664773617\n|switch|p1a: Rillaboom|Rillaboom, F|53\/100 par\n|-fieldstart|move: Grassy Terrain|[from] ability: Grassy Surge|[of] p1a: Rillaboom\n|move|p2a: Landorus|Earthquake|p1a: Rillaboom\n|-resisted|p1a: Rillaboom\n|-damage|p1a: Rillaboom|40\/100 par\n|\n|-heal|p2a: Landorus|80\/100|[from] item: Leftovers\n|-heal|p1a: Rillaboom|47\/100 par|[from] Grassy Terrain\n|upkeep\n|turn|16\n|\n|t:|1664773628\n|switch|p2a: Zapdos|Zapdos|76\/100\n|move|p1a: Rillaboom|Grassy Glide|p2a: Zapdos\n|-resisted|p2a: Zapdos\n|-damage|p2a: Zapdos|31\/100\n|\n|-heal|p1a: Rillaboom|53\/100 par|[from] Grassy Terrain\n|upkeep\n|turn|17\n|\n|t:|1664773637\n|switch|p2a: Melmetal|Melmetal|100\/100\n|cant|p1a: Rillaboom|par\n|\n|-heal|p1a: Rillaboom|59\/100 par|[from] Grassy Terrain\n|upkeep\n|turn|18\n|\n|t:|1664773645\n|move|p1a: Rillaboom|Grassy Glide|p2a: Melmetal\n|-resisted|p2a: Melmetal\n|-damage|p2a: Melmetal|76\/100\n|move|p2a: Melmetal|Double Iron Bash|p1a: Rillaboom\n|-damage|p1a: Rillaboom|0 fnt\n|faint|p1a: Rillaboom\n|-hitcount|p1: Rillaboom|1\n|\n|-heal|p2a: Melmetal|82\/100|[from] Grassy Terrain\n|upkeep\n|-message|grace_my_world forfeited.\n|\n|win|Machugen\n|raw|grace_my_world's rating: 1665 &rarr; <strong>1655<\/strong><br \/>(-10 for losing)\n|raw|Machugen's rating: 1846 &rarr; <strong>1856<\/strong><br \/>(+10 for winning)\n|l|\u2606grace_my_world\n","uploadtime":1664773659,"views":27,"p1id":"gracemyworld","p2id":"machugen","formatid":"gen8ou","rating":1655,"private":0,"password":null}