{"id":"gen8ou-1678227030","p1":"thewertuo","p2":"Diameter\u272fXtreme","format":"gen8ou","log":"|j|\u2606thewertuo\n|j|\u2606Diameter\u272fXtreme\n|t:|1664976671\n|gametype|singles\n|player|p1|thewertuo|ingo-masters|1420\n|player|p2|Diameter\u272fXtreme|jasmine-gen2|1467\n|teamsize|p1|6\n|teamsize|p2|6\n|gen|8\n|tier|[Gen 8] OU\n|rated|\n|rule|Sleep Clause Mod: Limit one foe put to sleep\n|rule|Species Clause: Limit one of each Pok\u00e9mon\n|rule|OHKO Clause: OHKO moves are banned\n|rule|Evasion Items Clause: Evasion items are banned\n|rule|Evasion Moves Clause: Evasion moves are banned\n|rule|Endless Battle Clause: Forcing endless battles is banned\n|rule|HP Percentage Mod: HP is shown in percentages\n|rule|Dynamax Clause: You cannot dynamax\n|clearpoke\n|poke|p1|Landorus-Therian, M|\n|poke|p1|Ferrothorn, F|\n|poke|p1|Barraskewda, M|\n|poke|p1|Blacephalon|\n|poke|p1|Tyranitar, M|\n|poke|p1|Tapu Koko|\n|poke|p2|Melmetal|\n|poke|p2|Volcanion|\n|poke|p2|Sandaconda, F|\n|poke|p2|Zapdos|\n|poke|p2|Heatran, M|\n|poke|p2|Ferrothorn, F|\n|teampreview\n|inactive|Battle timer is ON: inactive players will automatically lose when time's up. (requested by Diameter\u272fXtreme)\n|inactive|thewertuo also wants the timer to be on.\n|\n|t:|1664976681\n|start\n|switch|p1a: Barraskewda|Barraskewda, M, shiny|100\/100\n|switch|p2a: Sandaconda|Sandaconda, F|100\/100\n|turn|1\n|\n|t:|1664976691\n|switch|p1a: Tapu Koko|Tapu Koko, shiny|100\/100\n|-fieldstart|move: Electric Terrain|[from] ability: Electric Surge|[of] p1a: Tapu Koko\n|switch|p2a: Zapdos|Zapdos|100\/100\n|\n|upkeep\n|turn|2\n|\n|t:|1664976698\n|switch|p2a: Ferrothorn|Ferrothorn, F|100\/100\n|move|p1a: Tapu Koko|Volt Switch|p2a: Ferrothorn\n|-resisted|p2a: Ferrothorn\n|-damage|p2a: Ferrothorn|77\/100\n|\n|t:|1664976700\n|switch|p1a: Blacephalon|Blacephalon, shiny|100\/100|[from]move: Volt Switch\n|\n|upkeep\n|turn|3\n|\n|t:|1664976705\n|switch|p2a: Heatran|Heatran, M|100\/100\n|move|p1a: Blacephalon|Shadow Ball|p2a: Heatran\n|-damage|p2a: Heatran|73\/100\n|\n|-heal|p2a: Heatran|80\/100|[from] item: Leftovers\n|upkeep\n|turn|4\n|\n|t:|1664976711\n|switch|p1a: Tyranitar|Tyranitar, M|100\/100\n|-weather|Sandstorm|[from] ability: Sand Stream|[of] p1a: Tyranitar\n|move|p2a: Heatran|Earth Power|p1a: Tyranitar\n|-supereffective|p1a: Tyranitar\n|-damage|p1a: Tyranitar|80\/100\n|\n|-weather|Sandstorm|[upkeep]\n|-heal|p2a: Heatran|86\/100|[from] item: Leftovers\n|upkeep\n|turn|5\n|\n|t:|1664976718\n|switch|p2a: Ferrothorn|Ferrothorn, F|77\/100\n|move|p1a: Tyranitar|Stone Edge|p2a: Ferrothorn\n|-resisted|p2a: Ferrothorn\n|-damage|p2a: Ferrothorn|59\/100\n|\n|-weather|Sandstorm|[upkeep]\n|-fieldend|move: Electric Terrain\n|upkeep\n|turn|6\n|\n|t:|1664976723\n|move|p1a: Tyranitar|Fire Punch|p2a: Ferrothorn\n|-supereffective|p2a: Ferrothorn\n|-damage|p2a: Ferrothorn|0 fnt\n|-damage|p1a: Tyranitar|67\/100|[from] ability: Iron Barbs|[of] p2a: Ferrothorn\n|-damage|p1a: Tyranitar|51\/100|[from] item: Rocky Helmet|[of] p2a: Ferrothorn\n|faint|p2a: Ferrothorn\n|\n|-weather|Sandstorm|[upkeep]\n|upkeep\n|\n|t:|1664976726\n|switch|p2a: Melmetal|Melmetal|100\/100\n|turn|7\n|\n|t:|1664976733\n|switch|p1a: Landorus|Landorus-Therian, M, shiny|100\/100\n|-ability|p1a: Landorus|Intimidate|boost\n|-unboost|p2a: Melmetal|atk|1\n|move|p2a: Melmetal|Superpower|p1a: Landorus\n|-resisted|p1a: Landorus\n|-damage|p1a: Landorus|81\/100\n|-unboost|p2a: Melmetal|atk|1\n|-unboost|p2a: Melmetal|def|1\n|-damage|p2a: Melmetal|84\/100|[from] item: Rocky Helmet|[of] p1a: Landorus\n|\n|-weather|Sandstorm|[upkeep]\n|upkeep\n|turn|8\n|\n|t:|1664976739\n|switch|p2a: Sandaconda|Sandaconda, F|100\/100\n|move|p1a: Landorus|U-turn|p2a: Sandaconda\n|-damage|p2a: Sandaconda|80\/100\n|\n|t:|1664976742\n|switch|p1a: Barraskewda|Barraskewda, M, shiny|100\/100|[from]move: U-turn\n|\n|-weather|none\n|-heal|p2a: Sandaconda|86\/100|[from] item: Leftovers\n|upkeep\n|turn|9\n|\n|t:|1664976750\n|switch|p1a: Tapu Koko|Tapu Koko, shiny|100\/100\n|-fieldstart|move: Electric Terrain|[from] ability: Electric Surge|[of] p1a: Tapu Koko\n|switch|p2a: Volcanion|Volcanion|100\/100\n|\n|upkeep\n|turn|10\n|\n|t:|1664976754\n|switch|p2a: Heatran|Heatran, M|86\/100\n|move|p1a: Tapu Koko|Volt Switch|p2a: Heatran\n|-damage|p2a: Heatran|49\/100\n|-message|Diameter\u272fXtreme forfeited.\n|\n|win|thewertuo\n|raw|thewertuo's rating: 1420 &rarr; <strong>1443<\/strong><br \/>(+23 for winning)\n|raw|Diameter\u272fXtreme's rating: 1467 &rarr; <strong>1444<\/strong><br \/>(-23 for losing)\n|l|\u2606Diameter\u272fXtreme\n||Ladder isn't responding, score probably updated but might not have (Request timeout).\n","uploadtime":1664976768,"views":9,"p1id":"thewertuo","p2id":"diameterxtreme","formatid":"gen8ou","rating":1443,"private":0,"password":null}