{"id":"gen8ou-1654150312","p1":"rooopos","p2":"minimax_ai","format":"gen8ou","log":"|j|\u2606rooopos\n|j|\u2606minimax_ai\n|t:|1662108984\n|gametype|singles\n|player|p1|rooopos|2|1516\n|player|p2|minimax_ai|lusamine-nihilego|1402\n|teamsize|p1|6\n|teamsize|p2|6\n|gen|8\n|tier|[Gen 8] OU\n|rated|\n|rule|Sleep Clause Mod: Limit one foe put to sleep\n|rule|Species Clause: Limit one of each Pok\u00e9mon\n|rule|OHKO Clause: OHKO moves are banned\n|rule|Evasion Items Clause: Evasion items are banned\n|rule|Evasion Moves Clause: Evasion moves are banned\n|rule|Endless Battle Clause: Forcing endless battles is banned\n|rule|HP Percentage Mod: HP is shown in percentages\n|rule|Dynamax Clause: You cannot dynamax\n|clearpoke\n|poke|p1|Tapu Koko|\n|poke|p1|Buzzwole|\n|poke|p1|Landorus-Therian, M|\n|poke|p1|Heatran, M|\n|poke|p1|Tornadus-Therian, M|\n|poke|p1|Slowbro, M|\n|poke|p2|Rotom-Wash|\n|poke|p2|Weavile, M|\n|poke|p2|Landorus-Therian, M|\n|poke|p2|Heatran, M|\n|poke|p2|Tangrowth, M|\n|poke|p2|Melmetal|\n|teampreview\n|c|\u2606minimax_ai|hf\n|inactive|Battle timer is ON: inactive players will automatically lose when time's up. (requested by minimax_ai)\n|c|\u2606rooopos|u2\n|\n|t:|1662109015\n|start\n|switch|p1a: Vilgax|Buzzwole|100\/100\n|switch|p2a: rotomwash|Rotom-Wash|100\/100\n|turn|1\n|\n|t:|1662109021\n|move|p1a: Vilgax|Close Combat|p2a: rotomwash\n|-damage|p2a: rotomwash|0 fnt\n|-unboost|p1a: Vilgax|def|1\n|-unboost|p1a: Vilgax|spd|1\n|faint|p2a: rotomwash\n|-ability|p1a: Vilgax|Beast Boost|boost\n|-boost|p1a: Vilgax|atk|1\n|\n|upkeep\n|\n|t:|1662109021\n|switch|p2a: landorustherian|Landorus-Therian, M|100\/100\n|-ability|p2a: landorustherian|Intimidate|boost\n|-unboost|p1a: Vilgax|atk|1\n|turn|2\n|\n|t:|1662109030\n|switch|p1a: Birb|Tornadus-Therian, M, shiny|100\/100\n|move|p2a: landorustherian|Toxic|p1a: Birb\n|-status|p1a: Birb|tox\n|\n|-damage|p1a: Birb|94\/100 tox|[from] psn\n|upkeep\n|turn|3\n|\n|t:|1662109034\n|move|p1a: Birb|Knock Off|p2a: landorustherian\n|-crit|p2a: landorustherian\n|-damage|p2a: landorustherian|70\/100\n|-enditem|p2a: landorustherian|Leftovers|[from] move: Knock Off|[of] p1a: Birb\n|move|p2a: landorustherian|Toxic|p1a: Birb\n|-fail|p1a: Birb|tox\n|\n|-damage|p1a: Birb|82\/100 tox|[from] psn\n|upkeep\n|turn|4\n|\n|t:|1662109040\n|switch|p2a: Heatran|Heatran, M|100\/100\n|-item|p2a: Heatran|Air Balloon\n|move|p1a: Birb|U-turn|p2a: Heatran\n|-resisted|p2a: Heatran\n|-damage|p2a: Heatran|96\/100\n|-enditem|p2a: Heatran|Air Balloon\n|\n|t:|1662109045\n|switch|p1a: Dogo|Landorus-Therian, M|100\/100|[from]move: U-turn\n|-ability|p1a: Dogo|Intimidate|boost\n|-unboost|p2a: Heatran|atk|1\n|\n|upkeep\n|turn|5\n|\n|t:|1662109051\n|switch|p2a: Tangrowth|Tangrowth, M|100\/100\n|move|p1a: Dogo|U-turn|p2a: Tangrowth\n|-supereffective|p2a: Tangrowth\n|-damage|p2a: Tangrowth|79\/100\n|-damage|p1a: Dogo|84\/100|[from] item: Rocky Helmet|[of] p2a: Tangrowth\n|\n|t:|1662109054\n|switch|p1a: Vilgax|Buzzwole|100\/100|[from]move: U-turn\n|\n|upkeep\n|turn|6\n|\n|t:|1662109056\n|move|p1a: Vilgax|Ice Punch|p2a: Tangrowth\n|-supereffective|p2a: Tangrowth\n|-damage|p2a: Tangrowth|34\/100\n|-damage|p1a: Vilgax|84\/100|[from] item: Rocky Helmet|[of] p2a: Tangrowth\n|move|p2a: Tangrowth|Giga Drain|p1a: Vilgax\n|-resisted|p1a: Vilgax\n|-damage|p1a: Vilgax|60\/100\n|-heal|p2a: Tangrowth|45\/100|[from] drain|[of] p1a: Vilgax\n|\n|upkeep\n|turn|7\n|\n|t:|1662109066\n|switch|p1a: Dogo|Landorus-Therian, M|84\/100\n|-ability|p1a: Dogo|Intimidate|boost\n|-unboost|p2a: Tangrowth|atk|1\n|switch|p2a: Melmetal|Melmetal|100\/100\n|\n|-heal|p1a: Dogo|90\/100|[from] item: Leftovers\n|upkeep\n|turn|8\n|\n|t:|1662109071\n|move|p1a: Dogo|U-turn|p2a: Melmetal\n|-resisted|p2a: Melmetal\n|-damage|p2a: Melmetal|94\/100\n|\n|t:|1662109074\n|switch|p1a: Hugs Machine|Slowbro, M, shiny|100\/100|[from]move: U-turn\n|move|p2a: Melmetal|Double Iron Bash|p1a: Hugs Machine\n|-resisted|p1a: Hugs Machine\n|-crit|p1a: Hugs Machine\n|-damage|p1a: Hugs Machine|82\/100\n|-resisted|p1a: Hugs Machine\n|-crit|p1a: Hugs Machine\n|-damage|p1a: Hugs Machine|64\/100\n|-hitcount|p1a: Hugs Machine|2\n|\n|upkeep\n|turn|9\n|\n|t:|1662109080\n|move|p2a: Melmetal|Double Iron Bash|p1a: Hugs Machine\n|-resisted|p1a: Hugs Machine\n|-damage|p1a: Hugs Machine|51\/100\n|-resisted|p1a: Hugs Machine\n|-damage|p1a: Hugs Machine|40\/100\n|-hitcount|p1a: Hugs Machine|2\n|move|p1a: Hugs Machine|Slack Off|p1a: Hugs Machine\n|-heal|p1a: Hugs Machine|90\/100\n|\n|upkeep\n|turn|10\n|\n|t:|1662109083\n|move|p2a: Melmetal|Double Iron Bash|p1a: Hugs Machine\n|-resisted|p1a: Hugs Machine\n|-damage|p1a: Hugs Machine|78\/100\n|-resisted|p1a: Hugs Machine\n|-damage|p1a: Hugs Machine|65\/100\n|-hitcount|p1a: Hugs Machine|2\n|cant|p1a: Hugs Machine|flinch\n|\n|upkeep\n|turn|11\n|\n|t:|1662109086\n|move|p2a: Melmetal|Double Iron Bash|p1a: Hugs Machine\n|-resisted|p1a: Hugs Machine\n|-damage|p1a: Hugs Machine|54\/100\n|-resisted|p1a: Hugs Machine\n|-damage|p1a: Hugs Machine|43\/100\n|-hitcount|p1a: Hugs Machine|2\n|cant|p1a: Hugs Machine|flinch\n|\n|upkeep\n|turn|12\n|\n|t:|1662109092\n|move|p2a: Melmetal|Double Iron Bash|p1a: Hugs Machine\n|-resisted|p1a: Hugs Machine\n|-damage|p1a: Hugs Machine|31\/100\n|-resisted|p1a: Hugs Machine\n|-damage|p1a: Hugs Machine|19\/100\n|-hitcount|p1a: Hugs Machine|2\n|move|p1a: Hugs Machine|Slack Off|p1a: Hugs Machine\n|-heal|p1a: Hugs Machine|69\/100\n|\n|upkeep\n|turn|13\n|\n|t:|1662109094\n|move|p2a: Melmetal|Double Iron Bash|p1a: Hugs Machine\n|-resisted|p1a: Hugs Machine\n|-damage|p1a: Hugs Machine|58\/100\n|-resisted|p1a: Hugs Machine\n|-damage|p1a: Hugs Machine|46\/100\n|-hitcount|p1a: Hugs Machine|2\n|move|p1a: Hugs Machine|Future Sight|p2a: Melmetal\n|-start|p1a: Hugs Machine|move: Future Sight\n|\n|upkeep\n|turn|14\n|\n|t:|1662109098\n|switch|p2a: Heatran|Heatran, M|96\/100\n|move|p1a: Hugs Machine|Teleport|p1a: Hugs Machine\n|\n|t:|1662109103\n|switch|p1a: Dogo|Landorus-Therian, M|90\/100|[from]move: Teleport\n|-ability|p1a: Dogo|Intimidate|boost\n|-unboost|p2a: Heatran|atk|1\n|\n|-heal|p1a: Dogo|96\/100|[from] item: Leftovers\n|upkeep\n|turn|15\n|\n|t:|1662109109\n|move|p2a: Heatran|Eruption|p1a: Dogo\n|-damage|p1a: Dogo|43\/100\n|move|p1a: Dogo|Knock Off|p2a: Heatran\n|-damage|p2a: Heatran|74\/100\n|\n|-end|p2a: Heatran|move: Future Sight\n|-resisted|p2a: Heatran\n|-damage|p2a: Heatran|53\/100\n|-heal|p1a: Dogo|49\/100|[from] item: Leftovers\n|upkeep\n|turn|16\n|\n|t:|1662109113\n|switch|p1a: Hot Chunk|Heatran, M|100\/100\n|move|p2a: Heatran|Stealth Rock|p1a: Hot Chunk\n|-sidestart|p1: rooopos|move: Stealth Rock\n|\n|upkeep\n|turn|17\n|\n|t:|1662109120\n|move|p2a: Heatran|Earth Power|p1a: Hot Chunk\n|-supereffective|p1a: Hot Chunk\n|-damage|p1a: Hot Chunk|24\/100\n|move|p1a: Hot Chunk|Earth Power|p2a: Heatran\n|-supereffective|p2a: Heatran\n|-damage|p2a: Heatran|0 fnt\n|faint|p2a: Heatran\n|\n|-heal|p1a: Hot Chunk|30\/100|[from] item: Leftovers\n|upkeep\n|\n|t:|1662109120\n|switch|p2a: Weavile|Weavile, M|100\/100\n|-ability|p2a: Weavile|Pressure\n|turn|18\n|\n|t:|1662109125\n|move|p2a: Weavile|Knock Off|p1a: Hot Chunk\n|-damage|p1a: Hot Chunk|0 fnt\n|-enditem|p1a: Hot Chunk|Leftovers|[from] move: Knock Off|[of] p2a: Weavile\n|faint|p1a: Hot Chunk\n|\n|upkeep\n|\n|t:|1662109134\n|switch|p1a: War Birb|Tapu Koko, shiny|100\/100\n|-fieldstart|move: Electric Terrain|[from] ability: Electric Surge|[of] p1a: War Birb\n|turn|19\n|\n|t:|1662109136\n|switch|p2a: landorustherian|Landorus-Therian, M|70\/100\n|-ability|p2a: landorustherian|Intimidate|boost\n|-unboost|p1a: War Birb|atk|1\n|move|p1a: War Birb|Dazzling Gleam|p2a: landorustherian\n|-damage|p2a: landorustherian|46\/100\n|\n|upkeep\n|turn|20\n|\n|t:|1662109145\n|switch|p1a: Dogo|Landorus-Therian, M|49\/100\n|-damage|p1a: Dogo|37\/100|[from] Stealth Rock\n|-ability|p1a: Dogo|Intimidate|boost\n|-unboost|p2a: landorustherian|atk|1\n|move|p2a: landorustherian|Toxic|p1a: Dogo\n|-status|p1a: Dogo|tox\n|\n|-heal|p1a: Dogo|43\/100 tox|[from] item: Leftovers\n|-damage|p1a: Dogo|37\/100 tox|[from] psn\n|upkeep\n|turn|21\n|\n|t:|1662109148\n|move|p2a: landorustherian|U-turn|p1a: Dogo\n|-resisted|p1a: Dogo\n|-damage|p1a: Dogo|29\/100 tox\n|\n|t:|1662109148\n|switch|p2a: Tangrowth|Tangrowth, M|78\/100|[from]move: U-turn\n|move|p1a: Dogo|Defog|p2a: Tangrowth\n|-unboost|p2a: Tangrowth|evasion|1\n|-sideend|p1: rooopos|Stealth Rock|[from] move: Defog|[of] p1a: Dogo\n|-fieldend|move: Electric Terrain\n|\n|-heal|p1a: Dogo|35\/100 tox|[from] item: Leftovers\n|-damage|p1a: Dogo|23\/100 tox|[from] psn\n|upkeep\n|turn|22\n|\n|t:|1662109154\n|switch|p1a: Birb|Tornadus-Therian, M, shiny|100\/100 tox\n|move|p2a: Tangrowth|Sleep Powder||[still]\n|-fail|p2a: Tangrowth\n|\n|-damage|p1a: Birb|94\/100 tox|[from] psn\n|upkeep\n|turn|23\n|\n|t:|1662109156\n|switch|p2a: Melmetal|Melmetal|94\/100\n|move|p1a: Birb|Hurricane|p2a: Melmetal\n|-resisted|p2a: Melmetal\n|-damage|p2a: Melmetal|82\/100\n|\n|-damage|p1a: Birb|82\/100 tox|[from] psn\n|upkeep\n|turn|24\n|\n|t:|1662109161\n|move|p1a: Birb|U-turn|p2a: Melmetal\n|-resisted|p2a: Melmetal\n|-damage|p2a: Melmetal|78\/100\n|\n|t:|1662109165\n|switch|p1a: Dogo|Landorus-Therian, M|23\/100 tox|[from]move: U-turn\n|-ability|p1a: Dogo|Intimidate|boost\n|-unboost|p2a: Melmetal|atk|1\n|move|p2a: Melmetal|Double Iron Bash|p1a: Dogo\n|-damage|p1a: Dogo|0 fnt\n|faint|p1a: Dogo\n|-hitcount|p1: Dogo|1\n|\n|upkeep\n|\n|t:|1662109168\n|switch|p1a: Vilgax|Buzzwole|60\/100\n|turn|25\n|\n|t:|1662109170\n|switch|p2a: Tangrowth|Tangrowth, M|100\/100\n|move|p1a: Vilgax|Close Combat|p2a: Tangrowth\n|-damage|p2a: Tangrowth|49\/100\n|-unboost|p1a: Vilgax|def|1\n|-unboost|p1a: Vilgax|spd|1\n|-damage|p1a: Vilgax|44\/100|[from] item: Rocky Helmet|[of] p2a: Tangrowth\n|\n|upkeep\n|turn|26\n|\n|t:|1662109177\n|switch|p2a: landorustherian|Landorus-Therian, M|46\/100\n|-ability|p2a: landorustherian|Intimidate|boost\n|-unboost|p1a: Vilgax|atk|1\n|move|p1a: Vilgax|Close Combat|p2a: landorustherian\n|-resisted|p2a: landorustherian\n|-damage|p2a: landorustherian|14\/100\n|-unboost|p1a: Vilgax|def|1\n|-unboost|p1a: Vilgax|spd|1\n|\n|upkeep\n|turn|27\n|\n|t:|1662109180\n|switch|p2a: Tangrowth|Tangrowth, M|82\/100\n|move|p1a: Vilgax|Close Combat|p2a: Tangrowth\n|-damage|p2a: Tangrowth|48\/100\n|-unboost|p1a: Vilgax|def|1\n|-unboost|p1a: Vilgax|spd|1\n|-damage|p1a: Vilgax|27\/100|[from] item: Rocky Helmet|[of] p2a: Tangrowth\n|\n|upkeep\n|turn|28\n|\n|t:|1662109184\n|switch|p1a: Birb|Tornadus-Therian, M, shiny|100\/100 tox\n|move|p2a: Tangrowth|Giga Drain|p1a: Birb\n|-resisted|p1a: Birb\n|-damage|p1a: Birb|91\/100 tox\n|-heal|p2a: Tangrowth|52\/100|[from] drain|[of] p1a: Birb\n|\n|-damage|p1a: Birb|84\/100 tox|[from] psn\n|upkeep\n|turn|29\n|\n|t:|1662109190\n|switch|p2a: Weavile|Weavile, M|100\/100\n|-ability|p2a: Weavile|Pressure\n|move|p1a: Birb|U-turn|p2a: Weavile\n|-supereffective|p2a: Weavile\n|-damage|p2a: Weavile|54\/100\n|\n|t:|1662109193\n|switch|p1a: War Birb|Tapu Koko, shiny|100\/100|[from]move: U-turn\n|-fieldstart|move: Electric Terrain|[from] ability: Electric Surge|[of] p1a: War Birb\n|\n|upkeep\n|turn|30\n|\n|t:|1662109195\n|switch|p2a: Tangrowth|Tangrowth, M|85\/100\n|move|p1a: War Birb|Dazzling Gleam|p2a: Tangrowth\n|-damage|p2a: Tangrowth|38\/100\n|\n|upkeep\n|turn|31\n|\n|t:|1662109199\n|switch|p2a: landorustherian|Landorus-Therian, M|14\/100\n|-ability|p2a: landorustherian|Intimidate|boost\n|-unboost|p1a: War Birb|atk|1\n|move|p1a: War Birb|Dazzling Gleam|p2a: landorustherian\n|-damage|p2a: landorustherian|0 fnt\n|faint|p2a: landorustherian\n|\n|upkeep\n|\n|t:|1662109199\n|switch|p2a: Melmetal|Melmetal|78\/100\n|turn|32\n|\n|t:|1662109207\n|switch|p1a: Hugs Machine|Slowbro, M, shiny|80\/100\n|move|p2a: Melmetal|Double Iron Bash|p1a: Hugs Machine\n|-resisted|p1a: Hugs Machine\n|-damage|p1a: Hugs Machine|68\/100\n|-resisted|p1a: Hugs Machine\n|-damage|p1a: Hugs Machine|55\/100\n|-hitcount|p1a: Hugs Machine|2\n|\n|upkeep\n|turn|33\n|\n|t:|1662109212\n|switch|p2a: Weavile|Weavile, M|54\/100\n|-ability|p2a: Weavile|Pressure\n|move|p1a: Hugs Machine|Teleport|p1a: Hugs Machine\n|\n|t:|1662109216\n|switch|p1a: War Birb|Tapu Koko, shiny|100\/100|[from]move: Teleport\n|\n|-fieldend|move: Electric Terrain\n|upkeep\n|turn|34\n|\n|t:|1662109219\n|move|p2a: Weavile|Ice Shard|p1a: War Birb\n|-damage|p1a: War Birb|58\/100\n|move|p1a: War Birb|Dazzling Gleam|p2a: Weavile\n|-supereffective|p2a: Weavile\n|-damage|p2a: Weavile|0 fnt\n|faint|p2a: Weavile\n|\n|upkeep\n|\n|t:|1662109219\n|switch|p2a: Melmetal|Melmetal|78\/100\n|turn|35\n|\n|t:|1662109223\n|switch|p1a: Birb|Tornadus-Therian, M, shiny|100\/100 tox\n|move|p2a: Melmetal|Ice Punch|p1a: Birb\n|-supereffective|p1a: Birb\n|-damage|p1a: Birb|34\/100 tox\n|\n|-damage|p1a: Birb|28\/100 tox|[from] psn\n|upkeep\n|turn|36\n|\n|t:|1662109228\n|move|p1a: Birb|Knock Off|p2a: Melmetal\n|-damage|p2a: Melmetal|66\/100\n|-enditem|p2a: Melmetal|Assault Vest|[from] move: Knock Off|[of] p1a: Birb\n|move|p2a: Melmetal|Ice Punch|p1a: Birb\n|-supereffective|p1a: Birb\n|-damage|p1a: Birb|0 fnt\n|faint|p1a: Birb\n|\n|upkeep\n|\n|t:|1662109232\n|switch|p1a: Vilgax|Buzzwole|27\/100\n|turn|37\n|\n|t:|1662109235\n|move|p1a: Vilgax|Close Combat|p2a: Melmetal\n|-supereffective|p2a: Melmetal\n|-damage|p2a: Melmetal|0 fnt\n|-unboost|p1a: Vilgax|def|1\n|-unboost|p1a: Vilgax|spd|1\n|faint|p2a: Melmetal\n|-ability|p1a: Vilgax|Beast Boost|boost\n|-boost|p1a: Vilgax|atk|1\n|\n|upkeep\n|\n|t:|1662109235\n|switch|p2a: Tangrowth|Tangrowth, M|71\/100\n|turn|38\n|\n|t:|1662109238\n|move|p1a: Vilgax|Close Combat|p2a: Tangrowth\n|-damage|p2a: Tangrowth|0 fnt\n|-unboost|p1a: Vilgax|def|1\n|-unboost|p1a: Vilgax|spd|1\n|-damage|p1a: Vilgax|11\/100|[from] item: Rocky Helmet|[of] p2a: Tangrowth\n|faint|p2a: Tangrowth\n|\n|win|rooopos\n|raw|rooopos's rating: 1516 &rarr; <strong>1530<\/strong><br \/>(+14 for winning)\n|raw|minimax_ai's rating: 1402 &rarr; <strong>1388<\/strong><br \/>(-14 for losing)\n|c|\u2606minimax_ai|gg\n|l|\u2606minimax_ai\n","uploadtime":1662109239,"views":18,"p1id":"rooopos","p2id":"minimaxai","formatid":"gen8ou","rating":1388,"private":0,"password":null}