{"id":"gen8bdspubers-1509874401","p1":"Anibunnysomoney","p2":"kingjamesjr","format":"gen8bdspubers","log":"|j|\u2606Anibunnysomoney\n|j|\u2606kingjamesjr\n|t:|1644723288\n|gametype|singles\n|player|p1|Anibunnysomoney|2|\n|player|p2|kingjamesjr|101|\n|teamsize|p1|6\n|teamsize|p2|6\n|gen|8\n|tier|[Gen 8 BDSP] Ubers\n|rule|Sleep Clause Mod: Limit one foe put to sleep\n|rule|Species Clause: Limit one of each Pok\u00e9mon\n|rule|OHKO Clause: OHKO moves are banned\n|rule|Evasion Moves Clause: Evasion moves are banned\n|rule|Endless Battle Clause: Forcing endless battles is banned\n|rule|HP Percentage Mod: HP is shown in percentages\n|clearpoke\n|poke|p1|Gallade, M|\n|poke|p1|Spiritomb, M|\n|poke|p1|Venusaur, M|\n|poke|p1|Entei|\n|poke|p1|Flygon, M|\n|poke|p1|Magnezone|\n|poke|p2|Nidoqueen, F|\n|poke|p2|Rotom-Wash|\n|poke|p2|Slowbro, M|\n|poke|p2|Porygon2|\n|poke|p2|Gengar, F|\n|poke|p2|Gastrodon, M|\n|teampreview\n|c|\u2606kingjamesjr|gl hf\n|c|\u2606kingjamesjr|timer on or off ?\n|\n|t:|1644723334\n|start\n|switch|p1a: Gallade|Gallade, M|100\/100\n|switch|p2a: Nidoqueen|Nidoqueen, F|100\/100\n|turn|1\n|c|\u2606Anibunnysomoney|Off plz\n|c|\u2606Anibunnysomoney|Gl\n|c|\u2606Anibunnysomoney|can you send link to chat?\n|c|\u2606kingjamesjr|lmfaoo im on my phone\n|c|\u2606Anibunnysomoney|Lmaoo bet holup\n|c|\u2606kingjamesjr|my fault again been a little busy\n|j| ktsk\n|c|\u2606Anibunnysomoney|All good\n|l|\u2606Anibunnysomoney\n|player|p1|\n|j|\u2606Anibunnysomoney\n|player|p1|Anibunnysomoney|2\n|\n|t:|1644723463\n|switch|p2a: Slowbro|Slowbro, M|100\/100\n|move|p1a: Gallade|Knock Off|p2a: Slowbro\n|-supereffective|p2a: Slowbro\n|-damage|p2a: Slowbro|67\/100\n|-enditem|p2a: Slowbro|Roseli Berry|[from] move: Knock Off|[of] p1a: Gallade\n|\n|upkeep\n|turn|2\n|c| ktsk|dammmmmmmm\n|l|\u2606Anibunnysomoney\n|player|p1|\n|j|\u2606Anibunnysomoney\n|player|p1|Anibunnysomoney|2\n|\n|t:|1644723494\n|move|p1a: Gallade|Sunny Day|p1a: Gallade\n|-weather|SunnyDay\n|move|p2a: Slowbro|Scald|p1a: Gallade\n|-damage|p1a: Gallade|92\/100\n|\n|-weather|SunnyDay|[upkeep]\n|upkeep\n|turn|3\n|\n|t:|1644723507\n|move|p2a: Slowbro|Ice Beam|p1a: Gallade\n|-damage|p1a: Gallade|78\/100\n|move|p1a: Gallade|Teleport|p1a: Gallade\n|c|\u2606kingjamesjr|thats a sick fucking play\n|c|\u2606kingjamesjr|wow\n|\n|t:|1644723523\n|switch|p1a: Entei|Entei, shiny|100\/100|[from]move: Teleport\n|\n|-weather|SunnyDay|[upkeep]\n|upkeep\n|turn|4\n|\n|t:|1644723534\n|move|p1a: Entei|Calm Mind|p1a: Entei\n|-boost|p1a: Entei|spa|1\n|-boost|p1a: Entei|spd|1\n|move|p2a: Slowbro|Thunder Wave|p1a: Entei\n|-status|p1a: Entei|par\n|\n|-weather|SunnyDay|[upkeep]\n|upkeep\n|turn|5\n|\n|t:|1644723542\n|switch|p2a: Nidoqueen|Nidoqueen, F|100\/100\n|cant|p1a: Entei|par\n|\n|-weather|SunnyDay|[upkeep]\n|upkeep\n|turn|6\n|\n|t:|1644723549\n|move|p2a: Nidoqueen|Earth Power|p1a: Entei\n|-supereffective|p1a: Entei\n|-damage|p1a: Entei|44\/100 par\n|move|p1a: Entei|Solar Beam||[still]\n|-prepare|p1a: Entei|Solar Beam\n|-anim|p1a: Entei|Solar Beam|p2a: Nidoqueen\n|-damage|p2a: Nidoqueen|30\/100\n|\n|-weather|SunnyDay|[upkeep]\n|upkeep\n|turn|7\n|c| ktsk|dammm\n|c|\u2606kingjamesjr|fucking with this heavy\n|c| ktsk|solar beam :(\n|\n|t:|1644723578\n|switch|p1a: Gallade|Gallade, M|78\/100\n|move|p2a: Nidoqueen|Stealth Rock|p1a: Gallade\n|-sidestart|p1: Anibunnysomoney|move: Stealth Rock\n|\n|-weather|SunnyDay|[upkeep]\n|upkeep\n|turn|8\n|\n|t:|1644723586\n|switch|p2a: Slowbro|Slowbro, M|67\/100\n|move|p1a: Gallade|Knock Off|p2a: Slowbro\n|-supereffective|p2a: Slowbro\n|-crit|p2a: Slowbro\n|-damage|p2a: Slowbro|36\/100\n|\n|-weather|SunnyDay|[upkeep]\n|upkeep\n|turn|9\n|\n|t:|1644723621\n|move|p1a: Gallade|Knock Off|p2a: Slowbro\n|-supereffective|p2a: Slowbro\n|-damage|p2a: Slowbro|16\/100\n|move|p2a: Slowbro|Slack Off|p2a: Slowbro\n|-heal|p2a: Slowbro|66\/100\n|\n|-weather|none\n|upkeep\n|turn|10\n|\n|t:|1644723639\n|move|p1a: Gallade|Sunny Day|p1a: Gallade\n|-weather|SunnyDay\n|move|p2a: Slowbro|Thunder Wave|p1a: Gallade\n|-status|p1a: Gallade|par\n|\n|-weather|SunnyDay|[upkeep]\n|upkeep\n|turn|11\n|\n|t:|1644723645\n|move|p2a: Slowbro|Thunder Wave|p1a: Gallade\n|-fail|p1a: Gallade|par\n|move|p1a: Gallade|Teleport|p1a: Gallade\n|j| eserp\n|\n|t:|1644723669\n|switch|p1a: Venusaur|Venusaur, M, shiny|100\/100|[from]move: Teleport\n|-damage|p1a: Venusaur|88\/100|[from] Stealth Rock\n|\n|-weather|SunnyDay|[upkeep]\n|upkeep\n|turn|12\n|\n|t:|1644723681\n|switch|p2a: Porygon2|Porygon2|100\/100\n|move|p1a: Venusaur|Solar Beam||[still]\n|-prepare|p1a: Venusaur|Solar Beam\n|-anim|p1a: Venusaur|Solar Beam|p2a: Porygon2\n|-damage|p2a: Porygon2|47\/100\n|-damage|p1a: Venusaur|78\/100|[from] item: Life Orb\n|\n|-weather|SunnyDay|[upkeep]\n|-heal|p2a: Porygon2|53\/100|[from] item: Leftovers\n|upkeep\n|turn|13\n|\n|t:|1644723696\n|move|p1a: Venusaur|Solar Beam||[still]\n|-prepare|p1a: Venusaur|Solar Beam\n|-anim|p1a: Venusaur|Solar Beam|p2a: Porygon2\n|-damage|p2a: Porygon2|2\/100\n|-damage|p1a: Venusaur|68\/100|[from] item: Life Orb\n|move|p2a: Porygon2|Psychic|p1a: Venusaur\n|-supereffective|p1a: Venusaur\n|-damage|p1a: Venusaur|5\/100\n|\n|-weather|SunnyDay|[upkeep]\n|-heal|p2a: Porygon2|8\/100|[from] item: Leftovers\n|upkeep\n|turn|14\n|\n|t:|1644723742\n|move|p1a: Venusaur|Solar Beam||[still]\n|-prepare|p1a: Venusaur|Solar Beam\n|-anim|p1a: Venusaur|Solar Beam|p2a: Porygon2\n|-damage|p2a: Porygon2|0 fnt\n|faint|p2a: Porygon2\n|-damage|p1a: Venusaur|0 fnt|[from] item: Life Orb\n|faint|p1a: Venusaur\n|\n|-weather|SunnyDay|[upkeep]\n|upkeep\n|\n|t:|1644723771\n|switch|p1a: Flygon|Flygon, M|100\/100\n|switch|p2a: Gengar|Gengar, F|100\/100\n|-damage|p1a: Flygon|95\/100|[from] Stealth Rock\n|turn|15\n|\n|t:|1644723808\n|switch|p2a: Rotom|Rotom-Wash|100\/100\n|move|p1a: Flygon|Giga Drain|p2a: Rotom\n|-supereffective|p2a: Rotom\n|-damage|p2a: Rotom|45\/100\n|-heal|p1a: Flygon|100\/100|[from] drain|[of] p2a: Rotom\n|\n|-weather|SunnyDay|[upkeep]\n|-heal|p2a: Rotom|51\/100|[from] item: Leftovers\n|upkeep\n|turn|16\n|c| ktsk|bruhh\n|c| ktsk|the tech that got me\n|\n|t:|1644723823\n|switch|p2a: Nidoqueen|Nidoqueen, F|30\/100\n|move|p1a: Flygon|Giga Drain|p2a: Nidoqueen\n|-damage|p2a: Nidoqueen|7\/100\n|\n|-weather|SunnyDay|[upkeep]\n|upkeep\n|turn|17\n|c| ktsk|da giga\n|c| ktsk|on da flygon\n|c|\u2606kingjamesjr|lmfaooooo im lovin it tbh\n|\n|t:|1644723838\n|switch|p1a: Gallade|Gallade, M|78\/100 par\n|-damage|p1a: Gallade|72\/100 par|[from] Stealth Rock\n|move|p2a: Nidoqueen|Ice Beam|p1a: Gallade\n|-damage|p1a: Gallade|57\/100 par\n|\n|-weather|none\n|upkeep\n|turn|18\n|c|\u2606kingjamesjr|shit is sick\n|c|\u2606kingjamesjr|threwing me off\n|\n|t:|1644723856\n|switch|p2a: Slowbro|Slowbro, M|66\/100\n|move|p1a: Gallade|Sunny Day|p1a: Gallade\n|-weather|SunnyDay\n|\n|-weather|SunnyDay|[upkeep]\n|upkeep\n|turn|19\n|\n|t:|1644723874\n|move|p2a: Slowbro|Slack Off|p2a: Slowbro\n|-heal|p2a: Slowbro|100\/100\n|move|p1a: Gallade|Teleport|p1a: Gallade\n|\n|t:|1644723904\n|switch|p1a: Magnezone|Magnezone|100\/100|[from]move: Teleport\n|-damage|p1a: Magnezone|94\/100|[from] Stealth Rock\n|\n|-weather|SunnyDay|[upkeep]\n|-heal|p1a: Magnezone|100\/100|[from] item: Leftovers\n|upkeep\n|turn|20\n|\n|t:|1644723913\n|switch|p2a: Gastrodon|Gastrodon, M|100\/100\n|move|p1a: Magnezone|Magnet Rise|p1a: Magnezone\n|-start|p1a: Magnezone|Magnet Rise\n|\n|-weather|SunnyDay|[upkeep]\n|upkeep\n|turn|21\n|\n|t:|1644723922\n|switch|p2a: Rotom|Rotom-Wash|51\/100\n|move|p1a: Magnezone|Flash Cannon|p2a: Rotom\n|-resisted|p2a: Rotom\n|-damage|p2a: Rotom|42\/100\n|\n|-weather|SunnyDay|[upkeep]\n|-heal|p2a: Rotom|49\/100|[from] item: Leftovers\n|upkeep\n|turn|22\n|\n|t:|1644723934\n|move|p2a: Rotom|Will-O-Wisp|p1a: Magnezone\n|-status|p1a: Magnezone|brn\n|move|p1a: Magnezone|Thunderbolt|p2a: Rotom\n|-damage|p2a: Rotom|9\/100\n|\n|-weather|SunnyDay|[upkeep]\n|-heal|p2a: Rotom|15\/100|[from] item: Leftovers\n|-damage|p1a: Magnezone|94\/100 brn|[from] brn\n|upkeep\n|turn|23\n|\n|t:|1644723944\n|move|p2a: Rotom|Protect|p2a: Rotom\n|-singleturn|p2a: Rotom|Protect\n|move|p1a: Magnezone|Flash Cannon|p2a: Rotom\n|-activate|p2a: Rotom|move: Protect\n|\n|-weather|SunnyDay|[upkeep]\n|-heal|p2a: Rotom|22\/100|[from] item: Leftovers\n|-heal|p1a: Magnezone|100\/100 brn|[from] item: Leftovers\n|-damage|p1a: Magnezone|94\/100 brn|[from] brn\n|upkeep\n|turn|24\n|\n|t:|1644723988\n|switch|p2a: Gastrodon|Gastrodon, M|100\/100\n|move|p1a: Magnezone|Flash Cannon|p2a: Gastrodon\n|-resisted|p2a: Gastrodon\n|-damage|p2a: Gastrodon|85\/100\n|\n|-weather|SunnyDay|[upkeep]\n|-heal|p1a: Magnezone|100\/100 brn|[from] item: Leftovers\n|-damage|p1a: Magnezone|94\/100 brn|[from] brn\n|-end|p1a: Magnezone|Magnet Rise\n|upkeep\n|turn|25\n|\n|t:|1644723999\n|move|p1a: Magnezone|Magnet Rise|p1a: Magnezone\n|-start|p1a: Magnezone|Magnet Rise\n|move|p2a: Gastrodon|Ice Beam|p1a: Magnezone\n|-resisted|p1a: Magnezone\n|-damage|p1a: Magnezone|86\/100 brn\n|\n|-weather|none\n|-heal|p1a: Magnezone|92\/100 brn|[from] item: Leftovers\n|-damage|p1a: Magnezone|86\/100 brn|[from] brn\n|upkeep\n|turn|26\n|\n|t:|1644724013\n|move|p1a: Magnezone|Flash Cannon|p2a: Gastrodon\n|-resisted|p2a: Gastrodon\n|-damage|p2a: Gastrodon|69\/100\n|move|p2a: Gastrodon|Ice Beam|p1a: Magnezone\n|-resisted|p1a: Magnezone\n|-damage|p1a: Magnezone|79\/100 brn\n|\n|-heal|p1a: Magnezone|85\/100 brn|[from] item: Leftovers\n|-damage|p1a: Magnezone|79\/100 brn|[from] brn\n|upkeep\n|turn|27\n|\n|t:|1644724063\n|switch|p1a: Gallade|Gallade, M|57\/100 par\n|-damage|p1a: Gallade|51\/100 par|[from] Stealth Rock\n|move|p2a: Gastrodon|Recover|p2a: Gastrodon\n|-heal|p2a: Gastrodon|100\/100\n|\n|upkeep\n|turn|28\n|\n|t:|1644724104\n|switch|p2a: Rotom|Rotom-Wash|22\/100\n|move|p1a: Gallade|Sunny Day|p1a: Gallade\n|-weather|SunnyDay\n|\n|-weather|SunnyDay|[upkeep]\n|-heal|p2a: Rotom|28\/100|[from] item: Leftovers\n|upkeep\n|turn|29\n|\n|t:|1644724118\n|move|p2a: Rotom|Hydro Pump|p1a: Gallade\n|-damage|p1a: Gallade|37\/100 par\n|cant|p1a: Gallade|par\n|\n|-weather|SunnyDay|[upkeep]\n|-heal|p2a: Rotom|34\/100|[from] item: Leftovers\n|upkeep\n|turn|30\n|\n|t:|1644724126\n|move|p2a: Rotom|Hydro Pump|p1a: Gallade\n|-damage|p1a: Gallade|24\/100 par\n|move|p1a: Gallade|Knock Off|p2a: Rotom\n|-damage|p2a: Rotom|12\/100\n|-enditem|p2a: Rotom|Leftovers|[from] move: Knock Off|[of] p1a: Gallade\n|\n|-weather|SunnyDay|[upkeep]\n|upkeep\n|turn|31\n|\n|t:|1644724137\n|move|p2a: Rotom|Volt Switch|p1a: Gallade\n|-damage|p1a: Gallade|9\/100 par\n|\n|t:|1644724142\n|switch|p2a: Gastrodon|Gastrodon, M|100\/100|[from]move: Volt Switch\n|move|p1a: Gallade|Trick Room|p1a: Gallade\n|-fieldstart|move: Trick Room|[of] p1a: Gallade\n|\n|-weather|SunnyDay|[upkeep]\n|upkeep\n|turn|32\n|\n|t:|1644724153\n|move|p2a: Gastrodon|Earth Power|p1a: Gallade\n|-damage|p1a: Gallade|0 fnt\n|faint|p1a: Gallade\n|\n|-weather|SunnyDay|[upkeep]\n|upkeep\n|\n|t:|1644724161\n|switch|p1a: Spiritomb|Spiritomb, M|100\/100\n|-damage|p1a: Spiritomb|88\/100|[from] Stealth Rock\n|turn|33\n|\n|t:|1644724220\n|move|p1a: Spiritomb|Calm Mind|p1a: Spiritomb\n|-boost|p1a: Spiritomb|spa|1\n|-boost|p1a: Spiritomb|spd|1\n|move|p2a: Gastrodon|Sludge Bomb|p1a: Spiritomb\n|-resisted|p1a: Spiritomb\n|-damage|p1a: Spiritomb|81\/100\n|\n|-weather|SunnyDay|[upkeep]\n|upkeep\n|turn|34\n|\n|t:|1644724252\n|switch|p2a: Nidoqueen|Nidoqueen, F|7\/100\n|move|p1a: Spiritomb|Substitute|p1a: Spiritomb\n|-start|p1a: Spiritomb|Substitute\n|-damage|p1a: Spiritomb|56\/100\n|\n|-weather|SunnyDay|[upkeep]\n|upkeep\n|turn|35\n|\n|t:|1644724287\n|move|p1a: Spiritomb|Dark Pulse|p2a: Nidoqueen\n|-damage|p2a: Nidoqueen|0 fnt\n|faint|p2a: Nidoqueen\n|-damage|p1a: Spiritomb|46\/100|[from] item: Life Orb\n|\n|-weather|none\n|-fieldend|move: Trick Room\n|upkeep\n|\n|t:|1644724295\n|switch|p2a: Rotom|Rotom-Wash|12\/100\n|turn|36\n|\n|t:|1644724308\n|move|p2a: Rotom|Hydro Pump|p1a: Spiritomb\n|-end|p1a: Spiritomb|Substitute\n|move|p1a: Spiritomb|Dark Pulse|p2a: Rotom\n|-damage|p2a: Rotom|0 fnt\n|faint|p2a: Rotom\n|-damage|p1a: Spiritomb|36\/100|[from] item: Life Orb\n|\n|upkeep\n|\n|t:|1644724338\n|switch|p2a: Gengar|Gengar, F|100\/100\n|turn|37\n|\n|t:|1644724347\n|move|p2a: Gengar|Substitute|p2a: Gengar\n|-start|p2a: Gengar|Substitute\n|-damage|p2a: Gengar|76\/100\n|move|p1a: Spiritomb|Dark Pulse|p2a: Gengar\n|-supereffective|p2a: Gengar\n|-damage|p2a: Gengar|0 fnt\n|faint|p2a: Gengar\n|-damage|p1a: Spiritomb|26\/100|[from] item: Life Orb\n|\n|upkeep\n|c| ktsk|DAMMMMMM\n|c|\u2606kingjamesjr|wow\n|c|\u2606kingjamesjr|lmfaoo\n|c|\u2606Anibunnysomoney|Infiltrator baby\n|c| ktsk|INFILTRATORRR\n|c| eserp|dam\n|c|\u2606kingjamesjr|didnt even know\n|\n|t:|1644724368\n|switch|p2a: Gastrodon|Gastrodon, M|100\/100\n|turn|38\n|c| eserp|throwback to last year the noivern vs dragapult play\n|c| ktsk|bruh\n|c|\u2606kingjamesjr|i didnt even know dammmm\n|c|\u2606kingjamesjr|ur a beast lmfaoo\n|\n|t:|1644724399\n|move|p2a: Gastrodon|Earth Power|p1a: Spiritomb\n|-damage|p1a: Spiritomb|6\/100\n|move|p1a: Spiritomb|Calm Mind|p1a: Spiritomb\n|-boost|p1a: Spiritomb|spa|1\n|-boost|p1a: Spiritomb|spd|1\n|\n|upkeep\n|turn|39\n|\n|t:|1644724406\n|move|p2a: Gastrodon|Earth Power|p1a: Spiritomb\n|-damage|p1a: Spiritomb|0 fnt\n|faint|p1a: Spiritomb\n|\n|upkeep\n|c| eserp|rough calm mind lol\n|c|\u2606kingjamesjr|special entei and flygon\n|c|\u2606Anibunnysomoney|Yeah mad greedy I thought he\u2019d recover\n|c|\u2606Anibunnysomoney|Rough spot I might lose this lol\n|c| ktsk|ye\n|c| eserp|depends on them slowbro evs i think\n|c|\u2606kingjamesjr|no azu threw me off\n|\n|t:|1644724651\n|switch|p1a: Magnezone|Magnezone|79\/100 brn\n|-damage|p1a: Magnezone|73\/100 brn|[from] Stealth Rock\n|turn|40\n|\n|t:|1644724656\n|move|p1a: Magnezone|Magnet Rise|p1a: Magnezone\n|-start|p1a: Magnezone|Magnet Rise\n|move|p2a: Gastrodon|Ice Beam|p1a: Magnezone\n|-resisted|p1a: Magnezone\n|-damage|p1a: Magnezone|65\/100 brn\n|\n|-heal|p1a: Magnezone|71\/100 brn|[from] item: Leftovers\n|-damage|p1a: Magnezone|65\/100 brn|[from] brn\n|upkeep\n|turn|41\n|\n|t:|1644724670\n|move|p1a: Magnezone|Flash Cannon|p2a: Gastrodon\n|-resisted|p2a: Gastrodon\n|-damage|p2a: Gastrodon|84\/100\n|move|p2a: Gastrodon|Ice Beam|p1a: Magnezone\n|-resisted|p1a: Magnezone\n|-damage|p1a: Magnezone|57\/100 brn\n|\n|-heal|p1a: Magnezone|64\/100 brn|[from] item: Leftovers\n|-damage|p1a: Magnezone|57\/100 brn|[from] brn\n|upkeep\n|turn|42\n|\n|t:|1644724680\n|move|p1a: Magnezone|Flash Cannon|p2a: Gastrodon\n|-resisted|p2a: Gastrodon\n|-damage|p2a: Gastrodon|67\/100\n|move|p2a: Gastrodon|Ice Beam|p1a: Magnezone\n|-resisted|p1a: Magnezone\n|-damage|p1a: Magnezone|50\/100 brn\n|\n|-heal|p1a: Magnezone|57\/100 brn|[from] item: Leftovers\n|-damage|p1a: Magnezone|50\/100 brn|[from] brn\n|upkeep\n|turn|43\n|\n|t:|1644724698\n|move|p1a: Magnezone|Flash Cannon|p2a: Gastrodon\n|-resisted|p2a: Gastrodon\n|-damage|p2a: Gastrodon|53\/100\n|move|p2a: Gastrodon|Recover|p2a: Gastrodon\n|-heal|p2a: Gastrodon|100\/100\n|\n|-heal|p1a: Magnezone|57\/100 brn|[from] item: Leftovers\n|-damage|p1a: Magnezone|50\/100 brn|[from] brn\n|upkeep\n|turn|44\n|\n|t:|1644724708\n|move|p1a: Magnezone|Flash Cannon|p2a: Gastrodon\n|-resisted|p2a: Gastrodon\n|-damage|p2a: Gastrodon|85\/100\n|move|p2a: Gastrodon|Ice Beam|p1a: Magnezone\n|-resisted|p1a: Magnezone\n|-damage|p1a: Magnezone|44\/100 brn\n|\n|-heal|p1a: Magnezone|50\/100 brn|[from] item: Leftovers\n|-damage|p1a: Magnezone|44\/100 brn|[from] brn\n|-end|p1a: Magnezone|Magnet Rise\n|upkeep\n|turn|45\n|\n|t:|1644724719\n|switch|p2a: Slowbro|Slowbro, M|100\/100\n|move|p1a: Magnezone|Magnet Rise|p1a: Magnezone\n|-start|p1a: Magnezone|Magnet Rise\n|\n|-heal|p1a: Magnezone|50\/100 brn|[from] item: Leftovers\n|-damage|p1a: Magnezone|44\/100 brn|[from] brn\n|upkeep\n|turn|46\n|\n|t:|1644724748\n|move|p1a: Magnezone|Flash Cannon|p2a: Slowbro\n|-resisted|p2a: Slowbro\n|-damage|p2a: Slowbro|82\/100\n|move|p2a: Slowbro|Scald|p1a: Magnezone\n|-damage|p1a: Magnezone|22\/100 brn\n|\n|-heal|p1a: Magnezone|28\/100 brn|[from] item: Leftovers\n|-damage|p1a: Magnezone|22\/100 brn|[from] brn\n|upkeep\n|turn|47\n|c| eserp|woooaahhh\n|\n|t:|1644724766\n|switch|p2a: Gastrodon|Gastrodon, M|85\/100\n|move|p1a: Magnezone|Flash Cannon|p2a: Gastrodon\n|-resisted|p2a: Gastrodon\n|-damage|p2a: Gastrodon|69\/100\n|\n|-heal|p1a: Magnezone|28\/100 brn|[from] item: Leftovers\n|-damage|p1a: Magnezone|22\/100 brn|[from] brn\n|upkeep\n|turn|48\n|c| eserp|ardit playing with fire\n|\n|t:|1644724778\n|switch|p1a: Entei|Entei, shiny|44\/100 par\n|-damage|p1a: Entei|19\/100 par|[from] Stealth Rock\n|move|p2a: Gastrodon|Recover|p2a: Gastrodon\n|-heal|p2a: Gastrodon|100\/100\n|\n|upkeep\n|turn|49\n|c|\u2606kingjamesjr|he lives one everytime\n|c| eserp|yeah but that chip is scary no\n|c|\u2606kingjamesjr|now he lost for sure\n|c|\u2606kingjamesjr|needed thechip\n|c| eserp|for giga drain to kill it?\n|\n|t:|1644724814\n|cant|p1a: Entei|par\n|move|p2a: Gastrodon|Earth Power|p1a: Entei\n|-supereffective|p1a: Entei\n|-damage|p1a: Entei|0 fnt\n|faint|p1a: Entei\n|\n|upkeep\n|c| eserp|cant 9 ice beams kill it\n|c|\u2606kingjamesjr|giga from fly does 65 max\n|c|\u2606Anibunnysomoney|Yeah\n|c|\u2606kingjamesjr|wanna make sure i have one to kill flygon\n|c|\u2606Anibunnysomoney|needed to avoid that para lol\n|c|\u2606kingjamesjr|dam bro\n|c|\u2606kingjamesjr|sick shit i thought i lost\n|c| eserp|close game\n|\n|t:|1644724863\n|switch|p1a: Magnezone|Magnezone|22\/100 brn\n|-damage|p1a: Magnezone|16\/100 brn|[from] Stealth Rock\n|turn|50\n|\n|t:|1644724871\n|move|p1a: Magnezone|Flash Cannon|p2a: Gastrodon\n|-resisted|p2a: Gastrodon\n|-damage|p2a: Gastrodon|85\/100\n|move|p2a: Gastrodon|Ice Beam|p1a: Magnezone\n|-resisted|p1a: Magnezone\n|-damage|p1a: Magnezone|9\/100 brn\n|\n|-heal|p1a: Magnezone|15\/100 brn|[from] item: Leftovers\n|-damage|p1a: Magnezone|9\/100 brn|[from] brn\n|upkeep\n|turn|51\n|c| eserp|brooo\n|c| eserp|is that not\n|c| eserp|just a win\n|\n|t:|1644724881\n|move|p1a: Magnezone|Flash Cannon|p2a: Gastrodon\n|-resisted|p2a: Gastrodon\n|-damage|p2a: Gastrodon|68\/100\n|move|p2a: Gastrodon|Ice Beam|p1a: Magnezone\n|-resisted|p1a: Magnezone\n|-damage|p1a: Magnezone|1\/100 brn\n|\n|-heal|p1a: Magnezone|7\/100 brn|[from] item: Leftovers\n|-damage|p1a: Magnezone|1\/100 brn|[from] brn\n|upkeep\n|turn|52\n|c| eserp|if u go flygon\n|c| eserp|and giga drain\n|c|\u2606kingjamesjr|does 65 max\n|c|\u2606Anibunnysomoney|Bruhh I needed him to die there lmao\n|\n|t:|1644724908\n|move|p1a: Magnezone|Flash Cannon|p2a: Gastrodon\n|-resisted|p2a: Gastrodon\n|-damage|p2a: Gastrodon|51\/100\n|move|p2a: Gastrodon|Recover|p2a: Gastrodon\n|-heal|p2a: Gastrodon|100\/100\n|\n|-heal|p1a: Magnezone|7\/100 brn|[from] item: Leftovers\n|-damage|p1a: Magnezone|1\/100 brn|[from] brn\n|upkeep\n|turn|53\n|c| eserp|yeah but u cant switch it in\n|c| eserp|and he kills gastro\n|\n|t:|1644724920\n|move|p1a: Magnezone|Flash Cannon|p2a: Gastrodon\n|-resisted|p2a: Gastrodon\n|-damage|p2a: Gastrodon|85\/100\n|move|p2a: Gastrodon|Ice Beam|p1a: Magnezone\n|-resisted|p1a: Magnezone\n|-damage|p1a: Magnezone|0 fnt\n|faint|p1a: Magnezone\n|\n|upkeep\n|c|\u2606kingjamesjr|flash doesnt drop spd ?\n|c| eserp|it does\n|c|\u2606Anibunnysomoney|Apparently not lmao\n|c|\u2606kingjamesjr|if u crit me ill cry\n|\n|t:|1644724934\n|switch|p1a: Flygon|Flygon, M|100\/100\n|-damage|p1a: Flygon|95\/100|[from] Stealth Rock\n|turn|54\n|\n|t:|1644724940\n|move|p1a: Flygon|Giga Drain|p2a: Gastrodon\n|-supereffective|p2a: Gastrodon\n|-damage|p2a: Gastrodon|0 fnt\n|-heal|p1a: Flygon|100\/100|[from] drain|[of] p2a: Gastrodon\n|faint|p2a: Gastrodon\n|\n|upkeep\n|c|\u2606Anibunnysomoney|Oh shit no spdef?\n|c| eserp|ani might have still won\n|c|\u2606kingjamesjr|he won\n|\n|t:|1644724963\n|switch|p2a: Slowbro|Slowbro, M|82\/100\n|turn|55\n|c|\u2606kingjamesjr|dam didnt think\n|\n|t:|1644724973\n|move|p1a: Flygon|Giga Drain|p2a: Slowbro\n|-supereffective|p2a: Slowbro\n|-damage|p2a: Slowbro|34\/100\n|move|p2a: Slowbro|Ice Beam|p1a: Flygon\n|-supereffective|p1a: Flygon\n|-crit|p1a: Flygon\n|-damage|p1a: Flygon|0 fnt\n|faint|p1a: Flygon\n|\n|win|kingjamesjr\n|c|\u2606kingjamesjr|gg\n|c|\u2606kingjamesjr|wow\n|c|\u2606Anibunnysomoney|Lmaooo\n|c|\u2606kingjamesjr|wow\n|c| ktsk|did that matter\n|c|\u2606kingjamesjr|which ?\n|c|\u2606Anibunnysomoney|Idk\n|c|\u2606kingjamesjr|ice beam\n|c| ktsk|did u have bulk\n|c| ktsk|in flyhgon\n|c|\u2606Anibunnysomoney|Nah\n|c| ktsk|ai didnt matter\n|c| eserp|dam crit didnt matter then\n|c| ktsk|but if u went flyogon first\n|c| ktsk|didnt u win\n|c|\u2606kingjamesjr|dont think so 4x\n|c|\u2606kingjamesjr|wow\n|c|\u2606kingjamesjr|gg ani man\n|c|\u2606Anibunnysomoney|Yeah I od miscalced\n|c| eserp|ye its 100.9 min\n|c|\u2606kingjamesjr|dammm\n|c| ktsk|unforttt\n|c|\u2606Anibunnysomoney|should\u2019ve known from flash cannon damage that it wasn\u2019t full spdef\n|c|\u2606Anibunnysomoney|Gg fam\n|l|\u2606kingjamesjr\n|c|\u2606Anibunnysomoney|Def should\u2019ve just hit him with spiritomb\n|c|\u2606Anibunnysomoney|Lost the game with that one\n|c| eserp|ye also i think u win if u go flygon no?\n|c| ktsk|ye unfortttttttttt\n|c|\u2606Anibunnysomoney|I thought he was full spdef\n|c|\u2606Anibunnysomoney|Then it would do 70%\n|c| ktsk|o\n|c| ktsk|tru\n|c|\u2606Anibunnysomoney|Shoulda calced the flash cannon\n|c| ktsk|had to calc flash cannons\n|c| ktsk|ye\n|c|\u2606Anibunnysomoney|Blew it\n|c| eserp|ye shoulve calced\n|c|\u2606Anibunnysomoney|still learning lol\n|c| ktsk|close tho\n|c| ktsk|swag entei set\n|c| eserp|i think flygon is the play anyways\n|c|\u2606Anibunnysomoney|Right lol brought some heat sets but then blew it\n|c| ktsk|all good basically until the last play\n|c|\u2606Anibunnysomoney|how? If I go flygon and get enough chip Entei revenge kills?\n|c|\u2606Anibunnysomoney|Nah made a few mistakes\n|c| eserp|na cuz ice beam from gastro has a chance to not kill\n|c| ktsk|hmmmmmm\n|c|\u2606Anibunnysomoney|After rocks?\n|c|\u2606Anibunnysomoney|idts\n|c| eserp|so even if its max sp def u go for that i think\n|c| eserp|and then if its enough chip then magnezone cleans up\n|c|\u2606Anibunnysomoney|Idk if he hit him for 70 then he just recovers on mag\n|c|\u2606Anibunnysomoney|I also should\u2019ve just started with trick room from the jump lol but that\u2019s another convo\n|c| eserp|ye but u have to either hope not max sp def or giga crit\n","uploadtime":1644725312,"views":127,"p1id":"anibunnysomoney","p2id":"kingjamesjr","formatid":"gen8bdspubers","rating":0,"private":0,"password":null}