{"id":"gen8uu-1571708777","p1":"UULT92q hydreigon","p2":"Walletinspector62","format":"gen8uu","log":"|raw|<div class=\"broadcast-blue\"><strong>This battle is required to be public due to a player having a name starting with 'uult92q'.<\/div>\n|j|\u2606UULT92q hydreigon\n|j|\u2606Walletinspector62\n|t:|1652190544\n|gametype|singles\n|player|p1|UULT92q hydreigon|guitarist|1222\n|player|p2|Walletinspector62|2|1325\n|teamsize|p1|6\n|teamsize|p2|6\n|gen|8\n|tier|[Gen 8] UU\n|rated|\n|rule|Sleep Clause Mod: Limit one foe put to sleep\n|rule|Species Clause: Limit one of each Pok\u00e9mon\n|rule|OHKO Clause: OHKO moves are banned\n|rule|Evasion Moves Clause: Evasion moves are banned\n|rule|Endless Battle Clause: Forcing endless battles is banned\n|rule|HP Percentage Mod: HP is shown in percentages\n|rule|Dynamax Clause: You cannot dynamax\n|clearpoke\n|poke|p1|Hydreigon, F|\n|poke|p1|Skarmory, F|\n|poke|p1|Hippowdon, F|\n|poke|p1|Scizor, M|\n|poke|p1|Keldeo-Resolute|\n|poke|p1|Tangrowth, M|\n|poke|p2|Blastoise, F|\n|poke|p2|Amoonguss, F|\n|poke|p2|Cobalion|\n|poke|p2|Noivern, M|\n|poke|p2|Scizor, F|\n|poke|p2|Slowking, M|\n|teampreview\n|\n|t:|1652190553\n|start\n|switch|p1a: Hippowdon|Hippowdon, F|100\/100\n|switch|p2a: Cobalion|Cobalion|100\/100\n|-weather|Sandstorm|[from] ability: Sand Stream|[of] p1a: Hippowdon\n|turn|1\n|\n|t:|1652190590\n|move|p2a: Cobalion|Toxic|p1a: Hippowdon\n|-status|p1a: Hippowdon|tox\n|move|p1a: Hippowdon|Stealth Rock|p2a: Cobalion\n|-sidestart|p2: Walletinspector62|move: Stealth Rock\n|\n|-weather|Sandstorm|[upkeep]\n|-damage|p1a: Hippowdon|94\/100 tox|[from] psn\n|upkeep\n|turn|2\n|j| UULT92q Toto\n|\n|t:|1652190617\n|switch|p2a: Slowking|Slowking, M|100\/100\n|move|p1a: Hippowdon|Earthquake|p2a: Slowking\n|-damage|p2a: Slowking|62\/100\n|\n|-weather|Sandstorm|[upkeep]\n|-damage|p2a: Slowking|56\/100|[from] Sandstorm\n|-damage|p1a: Hippowdon|82\/100 tox|[from] psn\n|upkeep\n|turn|3\n|\n|t:|1652190625\n|move|p1a: Hippowdon|Toxic|p2a: Slowking\n|-status|p2a: Slowking|tox\n|move|p2a: Slowking|Slack Off|p2a: Slowking\n|-heal|p2a: Slowking|100\/100 tox\n|\n|-weather|Sandstorm|[upkeep]\n|-damage|p2a: Slowking|94\/100 tox|[from] Sandstorm\n|-damage|p1a: Hippowdon|63\/100 tox|[from] psn\n|-damage|p2a: Slowking|88\/100 tox|[from] psn\n|upkeep\n|turn|4\n|\n|t:|1652190656\n|switch|p1a: Tangrowth|Tangrowth, M|100\/100\n|move|p2a: Slowking|Teleport|p2a: Slowking\n|\n|t:|1652190673\n|switch|p2a: Noivern|Noivern, M|100\/100|[from]move: Teleport\n|\n|-weather|Sandstorm|[upkeep]\n|-damage|p2a: Noivern|94\/100|[from] Sandstorm\n|-damage|p1a: Tangrowth|94\/100|[from] Sandstorm\n|upkeep\n|turn|5\n|\n|t:|1652190679\n|move|p2a: Noivern|Defog|p1a: Tangrowth\n|-unboost|p1a: Tangrowth|evasion|1\n|-sideend|p2: Walletinspector62|Stealth Rock|[from] move: Defog|[of] p2a: Noivern\n|move|p1a: Tangrowth|Knock Off|p2a: Noivern\n|-damage|p2a: Noivern|70\/100\n|-enditem|p2a: Noivern|Heavy-Duty Boots|[from] move: Knock Off|[of] p1a: Tangrowth\n|\n|-weather|none\n|upkeep\n|turn|6\n|\n|t:|1652190685\n|move|p2a: Noivern|U-turn|p1a: Tangrowth\n|-supereffective|p1a: Tangrowth\n|-damage|p1a: Tangrowth|78\/100\n|inactive|Battle timer is ON: inactive players will automatically lose when time's up. (requested by Walletinspector62)\n|\n|t:|1652190687\n|switch|p2a: Scizor|Scizor, F|100\/100|[from]move: U-turn\n|move|p1a: Tangrowth|Sludge Bomb|p2a: Scizor\n|-immune|p2a: Scizor\n|\n|upkeep\n|turn|7\n|\n|t:|1652190712\n|switch|p1a: Skarmory|Skarmory, F|100\/100\n|move|p2a: Scizor|U-turn|p1a: Skarmory\n|-resisted|p1a: Skarmory\n|-damage|p1a: Skarmory|92\/100\n|-damage|p2a: Scizor|84\/100|[from] item: Rocky Helmet|[of] p1a: Skarmory\n|\n|t:|1652190723\n|switch|p2a: Cobalion|Cobalion|100\/100|[from]move: U-turn\n|\n|upkeep\n|turn|8\n|\n|t:|1652190744\n|move|p2a: Cobalion|Stealth Rock|p1a: Skarmory\n|-sidestart|p1: UULT92q hydreigon|move: Stealth Rock\n|move|p1a: Skarmory|Spikes|p2a: Cobalion\n|-sidestart|p2: Walletinspector62|Spikes\n|\n|upkeep\n|turn|9\n|\n|t:|1652190748\n|switch|p1a: Tangrowth|Tangrowth, M|100\/100\n|-damage|p1a: Tangrowth|88\/100|[from] Stealth Rock\n|move|p2a: Cobalion|Volt Switch|p1a: Tangrowth\n|-resisted|p1a: Tangrowth\n|-damage|p1a: Tangrowth|84\/100\n|\n|t:|1652190751\n|switch|p2a: Scizor|Scizor, F|84\/100|[from]move: Volt Switch\n|-damage|p2a: Scizor|72\/100|[from] Spikes\n|\n|upkeep\n|turn|10\n|\n|t:|1652190773\n|switch|p1a: Skarmory|Skarmory, F|92\/100\n|-damage|p1a: Skarmory|79\/100|[from] Stealth Rock\n|move|p2a: Scizor|U-turn|p1a: Skarmory\n|-resisted|p1a: Skarmory\n|-damage|p1a: Skarmory|70\/100\n|-damage|p2a: Scizor|55\/100|[from] item: Rocky Helmet|[of] p1a: Skarmory\n|\n|t:|1652190785\n|switch|p2a: Cobalion|Cobalion|100\/100|[from]move: U-turn\n|-damage|p2a: Cobalion|88\/100|[from] Spikes\n|\n|upkeep\n|turn|11\n|\n|t:|1652190794\n|move|p2a: Cobalion|Volt Switch|p1a: Skarmory\n|-supereffective|p1a: Skarmory\n|-damage|p1a: Skarmory|37\/100\n|\n|t:|1652190798\n|switch|p2a: Blastoise|Blastoise, F|100\/100|[from]move: Volt Switch\n|-damage|p2a: Blastoise|88\/100|[from] Spikes\n|move|p1a: Skarmory|Roost|p1a: Skarmory\n|-heal|p1a: Skarmory|87\/100\n|-singleturn|p1a: Skarmory|move: Roost\n|\n|upkeep\n|turn|12\n|\n|t:|1652190805\n|move|p2a: Blastoise|Shell Smash|p2a: Blastoise\n|-unboost|p2a: Blastoise|def|1\n|-unboost|p2a: Blastoise|spd|1\n|-boost|p2a: Blastoise|atk|2\n|-boost|p2a: Blastoise|spa|2\n|-boost|p2a: Blastoise|spe|2\n|-enditem|p2a: Blastoise|White Herb\n|-clearnegativeboost|p2a: Blastoise|[silent]\n|move|p1a: Skarmory|Body Press|p2a: Blastoise\n|-damage|p2a: Blastoise|53\/100\n|\n|upkeep\n|turn|13\n|\n|t:|1652190814\n|switch|p1a: Tangrowth|Tangrowth, M|100\/100\n|-damage|p1a: Tangrowth|88\/100|[from] Stealth Rock\n|move|p2a: Blastoise|Surf|p1a: Tangrowth\n|-resisted|p1a: Tangrowth\n|-damage|p1a: Tangrowth|65\/100\n|\n|upkeep\n|turn|14\n|inactive|UULT92q hydreigon has 120 seconds left.\n|\n|t:|1652190853\n|switch|p1a: Keldeo|Keldeo-Resolute|100\/100\n|-damage|p1a: Keldeo|94\/100|[from] Stealth Rock\n|move|p2a: Blastoise|Ice Beam|p1a: Keldeo\n|-resisted|p1a: Keldeo\n|-damage|p1a: Keldeo|66\/100\n|\n|upkeep\n|turn|15\n|\n|t:|1652190863\n|move|p2a: Blastoise|Surf|p1a: Keldeo\n|-resisted|p1a: Keldeo\n|-damage|p1a: Keldeo|24\/100\n|move|p1a: Keldeo|Secret Sword|p2a: Blastoise\n|-damage|p2a: Blastoise|0 fnt\n|faint|p2a: Blastoise\n|\n|upkeep\n|\n|t:|1652190869\n|switch|p2a: Amoonguss|Amoonguss, F|100\/100\n|-damage|p2a: Amoonguss|88\/100|[from] Spikes\n|turn|16\n|\n|t:|1652190873\n|switch|p1a: Scizor|Scizor, M|100\/100\n|move|p2a: Amoonguss|Spore|p1a: Scizor\n|-status|p1a: Scizor|slp|[from] move: Spore\n|\n|upkeep\n|turn|17\n|\n|t:|1652190880\n|switch|p1a: Hippowdon|Hippowdon, F|63\/100 tox\n|-damage|p1a: Hippowdon|57\/100 tox|[from] Stealth Rock\n|-weather|Sandstorm|[from] ability: Sand Stream|[of] p1a: Hippowdon\n|move|p2a: Amoonguss|Foul Play|p1a: Hippowdon\n|-damage|p1a: Hippowdon|41\/100 tox\n|-damage|p2a: Amoonguss|72\/100|[from] item: Rocky Helmet|[of] p1a: Hippowdon\n|\n|-weather|Sandstorm|[upkeep]\n|-damage|p2a: Amoonguss|66\/100|[from] Sandstorm\n|-damage|p1a: Hippowdon|35\/100 tox|[from] psn\n|upkeep\n|turn|18\n|\n|t:|1652190885\n|move|p1a: Hippowdon|Slack Off|p1a: Hippowdon\n|-heal|p1a: Hippowdon|85\/100 tox\n|move|p2a: Amoonguss|Giga Drain|p1a: Hippowdon\n|-supereffective|p1a: Hippowdon\n|-damage|p1a: Hippowdon|43\/100 tox\n|-heal|p2a: Amoonguss|86\/100|[from] drain|[of] p1a: Hippowdon\n|\n|-weather|Sandstorm|[upkeep]\n|-damage|p2a: Amoonguss|80\/100|[from] Sandstorm\n|-damage|p1a: Hippowdon|31\/100 tox|[from] psn\n|upkeep\n|turn|19\n|\n|t:|1652190891\n|switch|p1a: Skarmory|Skarmory, F|87\/100\n|-damage|p1a: Skarmory|74\/100|[from] Stealth Rock\n|move|p2a: Amoonguss|Giga Drain|p1a: Skarmory\n|-resisted|p1a: Skarmory\n|-crit|p1a: Skarmory\n|-damage|p1a: Skarmory|63\/100\n|-heal|p2a: Amoonguss|84\/100|[from] drain|[of] p1a: Skarmory\n|\n|-weather|Sandstorm|[upkeep]\n|-damage|p2a: Amoonguss|78\/100|[from] Sandstorm\n|upkeep\n|turn|20\n|\n|t:|1652190902\n|switch|p2a: Cobalion|Cobalion|88\/100\n|-damage|p2a: Cobalion|76\/100|[from] Spikes\n|move|p1a: Skarmory|Spikes|p2a: Cobalion\n|-sidestart|p2: Walletinspector62|Spikes\n|\n|-weather|Sandstorm|[upkeep]\n|upkeep\n|turn|21\n|\n|t:|1652190906\n|move|p2a: Cobalion|Volt Switch|p1a: Skarmory\n|-supereffective|p1a: Skarmory\n|-damage|p1a: Skarmory|30\/100\n|\n|t:|1652190914\n|switch|p2a: Noivern|Noivern, M|70\/100|[from]move: Volt Switch\n|move|p1a: Skarmory|Roost|p1a: Skarmory\n|-heal|p1a: Skarmory|80\/100\n|-singleturn|p1a: Skarmory|move: Roost\n|\n|-weather|none\n|upkeep\n|turn|22\n|\n|t:|1652190928\n|switch|p1a: Tangrowth|Tangrowth, M|99\/100\n|-damage|p1a: Tangrowth|86\/100|[from] Stealth Rock\n|move|p2a: Noivern|Roost|p2a: Noivern\n|-heal|p2a: Noivern|100\/100\n|-singleturn|p2a: Noivern|move: Roost\n|\n|upkeep\n|turn|23\n|\n|t:|1652190947\n|move|p2a: Noivern|Defog|p1a: Tangrowth\n|-unboost|p1a: Tangrowth|evasion|1\n|-sideend|p1: UULT92q hydreigon|Stealth Rock|[from] move: Defog|[of] p2a: Noivern\n|-sideend|p2: Walletinspector62|Spikes|[from] move: Defog|[of] p2a: Noivern\n|move|p1a: Tangrowth|Knock Off|p2a: Noivern\n|-damage|p2a: Noivern|83\/100\n|\n|upkeep\n|turn|24\n|\n|t:|1652190967\n|move|p2a: Noivern|Draco Meteor|p1a: Tangrowth\n|-damage|p1a: Tangrowth|59\/100\n|-unboost|p2a: Noivern|spa|2\n|move|p1a: Tangrowth|Knock Off|p2a: Noivern\n|-damage|p2a: Noivern|66\/100\n|\n|upkeep\n|turn|25\n|\n|t:|1652190971\n|move|p2a: Noivern|U-turn|p1a: Tangrowth\n|-supereffective|p1a: Tangrowth\n|-damage|p1a: Tangrowth|44\/100\n|\n|t:|1652190974\n|switch|p2a: Scizor|Scizor, F|55\/100|[from]move: U-turn\n|move|p1a: Tangrowth|Knock Off|p2a: Scizor\n|-damage|p2a: Scizor|34\/100\n|-enditem|p2a: Scizor|Choice Band|[from] move: Knock Off|[of] p1a: Tangrowth\n|\n|upkeep\n|turn|26\n|\n|t:|1652190977\n|switch|p1a: Skarmory|Skarmory, F|80\/100\n|move|p2a: Scizor|Knock Off|p1a: Skarmory\n|-damage|p1a: Skarmory|55\/100\n|-damage|p2a: Scizor|17\/100|[from] item: Rocky Helmet|[of] p1a: Skarmory\n|-enditem|p1a: Skarmory|Rocky Helmet|[from] move: Knock Off|[of] p2a: Scizor\n|\n|upkeep\n|turn|27\n|\n|t:|1652190984\n|move|p1a: Skarmory|Roost|p1a: Skarmory\n|-heal|p1a: Skarmory|100\/100\n|-singleturn|p1a: Skarmory|move: Roost\n|move|p2a: Scizor|U-turn|p1a: Skarmory\n|-resisted|p1a: Skarmory\n|-damage|p1a: Skarmory|87\/100\n|\n|t:|1652190989\n|switch|p2a: Slowking|Slowking, M|100\/100 tox|[from]move: U-turn\n|\n|-damage|p2a: Slowking|94\/100 tox|[from] psn\n|upkeep\n|turn|28\n|\n|t:|1652191003\n|switch|p1a: Tangrowth|Tangrowth, M|77\/100\n|move|p2a: Slowking|Scald|p1a: Tangrowth\n|-resisted|p1a: Tangrowth\n|-damage|p1a: Tangrowth|67\/100\n|-status|p1a: Tangrowth|brn\n|\n|-damage|p2a: Slowking|82\/100 tox|[from] psn\n|-damage|p1a: Tangrowth|61\/100 brn|[from] brn\n|upkeep\n|turn|29\n|inactive|Walletinspector62 has 120 seconds left.\n|\n|t:|1652191044\n|switch|p2a: Cobalion|Cobalion|76\/100\n|move|p1a: Tangrowth|Sludge Bomb|p2a: Cobalion\n|-immune|p2a: Cobalion\n|\n|-damage|p1a: Tangrowth|55\/100 brn|[from] brn\n|upkeep\n|turn|30\n|\n|t:|1652191056\n|move|p2a: Cobalion|Stealth Rock|p1a: Tangrowth\n|-sidestart|p1: UULT92q hydreigon|move: Stealth Rock\n|move|p1a: Tangrowth|Focus Blast|p2a: Cobalion\n|-supereffective|p2a: Cobalion\n|-damage|p2a: Cobalion|0 fnt\n|faint|p2a: Cobalion\n|\n|-damage|p1a: Tangrowth|49\/100 brn|[from] brn\n|upkeep\n|inactive|Walletinspector62 has 120 seconds left.\n|\n|t:|1652191065\n|switch|p2a: Scizor|Scizor, F|17\/100\n|turn|31\n|\n|t:|1652191076\n|switch|p1a: Hippowdon|Hippowdon, F|31\/100 tox\n|-damage|p1a: Hippowdon|25\/100 tox|[from] Stealth Rock\n|-weather|Sandstorm|[from] ability: Sand Stream|[of] p1a: Hippowdon\n|move|p2a: Scizor|U-turn|p1a: Hippowdon\n|-damage|p1a: Hippowdon|0 fnt\n|-damage|p2a: Scizor|1\/100|[from] item: Rocky Helmet|[of] p1a: Hippowdon\n|faint|p1a: Hippowdon\n|inactive|Walletinspector62 has 120 seconds left.\n|\n|t:|1652191092\n|switch|p2a: Slowking|Slowking, M|100\/100 tox|[from]move: U-turn\n|\n|-weather|Sandstorm|[upkeep]\n|-damage|p2a: Slowking|94\/100 tox|[from] Sandstorm\n|-damage|p2a: Slowking|88\/100 tox|[from] psn\n|upkeep\n|\n|t:|1652191106\n|switch|p1a: Hydreigon|Hydreigon, F|100\/100\n|-damage|p1a: Hydreigon|88\/100|[from] Stealth Rock\n|turn|32\n|inactive|Walletinspector62 has 120 seconds left.\n|inactive|Walletinspector62 has 90 seconds left.\n|\n|t:|1652191168\n|move|p1a: Hydreigon|Dark Pulse|p2a: Slowking\n|-supereffective|p2a: Slowking\n|-damage|p2a: Slowking|42\/100 tox\n|move|p2a: Slowking|Teleport|p2a: Slowking\n|\n|t:|1652191172\n|switch|p2a: Noivern|Noivern, M|66\/100|[from]move: Teleport\n|\n|-weather|Sandstorm|[upkeep]\n|-damage|p1a: Hydreigon|82\/100|[from] Sandstorm\n|-damage|p2a: Noivern|60\/100|[from] Sandstorm\n|upkeep\n|turn|33\n|\n|t:|1652191201\n|move|p1a: Hydreigon|Dark Pulse|p2a: Noivern\n|-damage|p2a: Noivern|14\/100\n|move|p2a: Noivern|Draco Meteor|p1a: Hydreigon\n|-supereffective|p1a: Hydreigon\n|-damage|p1a: Hydreigon|0 fnt\n|-unboost|p2a: Noivern|spa|2\n|faint|p1a: Hydreigon\n|\n|-weather|Sandstorm|[upkeep]\n|-damage|p2a: Noivern|8\/100|[from] Sandstorm\n|upkeep\n|\n|t:|1652191207\n|switch|p1a: Skarmory|Skarmory, F|87\/100\n|-damage|p1a: Skarmory|75\/100|[from] Stealth Rock\n|turn|34\n|inactive|Walletinspector62 has 90 seconds left.\n|\n|t:|1652191239\n|move|p2a: Noivern|Roost|p2a: Noivern\n|-heal|p2a: Noivern|58\/100\n|-singleturn|p2a: Noivern|move: Roost\n|move|p1a: Skarmory|Body Press|p2a: Noivern\n|-damage|p2a: Noivern|25\/100\n|\n|-weather|Sandstorm|[upkeep]\n|-damage|p2a: Noivern|19\/100|[from] Sandstorm\n|upkeep\n|turn|35\n|\n|t:|1652191244\n|move|p2a: Noivern|Roost|p2a: Noivern\n|-heal|p2a: Noivern|69\/100\n|-singleturn|p2a: Noivern|move: Roost\n|move|p1a: Skarmory|Spikes|p2a: Noivern\n|-sidestart|p2: Walletinspector62|Spikes\n|\n|-weather|none\n|upkeep\n|turn|36\n|inactive|Walletinspector62 has 90 seconds left.\n|\n|t:|1652191250\n|move|p2a: Noivern|Defog|p1a: Skarmory\n|-unboost|p1a: Skarmory|evasion|1\n|-sideend|p1: UULT92q hydreigon|Stealth Rock|[from] move: Defog|[of] p2a: Noivern\n|-sideend|p2: Walletinspector62|Spikes|[from] move: Defog|[of] p2a: Noivern\n|move|p1a: Skarmory|Iron Defense|p1a: Skarmory\n|-boost|p1a: Skarmory|def|2\n|\n|upkeep\n|turn|37\n|inactive|Walletinspector62 has 90 seconds left.\n|\n|t:|1652191261\n|move|p2a: Noivern|U-turn|p1a: Skarmory\n|-resisted|p1a: Skarmory\n|-damage|p1a: Skarmory|74\/100\n|\n|t:|1652191262\n|switch|p2a: Slowking|Slowking, M|75\/100 tox|[from]move: U-turn\n|move|p1a: Skarmory|Body Press|p2a: Slowking\n|-resisted|p2a: Slowking\n|-damage|p2a: Slowking|43\/100 tox\n|\n|-damage|p2a: Slowking|37\/100 tox|[from] psn\n|upkeep\n|turn|38\n|\n|t:|1652191276\n|move|p1a: Skarmory|Body Press|p2a: Slowking\n|-resisted|p2a: Slowking\n|-damage|p2a: Slowking|8\/100 tox\n|move|p2a: Slowking|Scald|p1a: Skarmory\n|-damage|p1a: Skarmory|35\/100\n|\n|-damage|p2a: Slowking|0 fnt|[from] psn\n|faint|p2a: Slowking\n|upkeep\n|\n|t:|1652191294\n|switch|p2a: Noivern|Noivern, M|69\/100\n|turn|39\n|\n|t:|1652191307\n|move|p2a: Noivern|Draco Meteor|p1a: Skarmory\n|-resisted|p1a: Skarmory\n|-damage|p1a: Skarmory|7\/100\n|-unboost|p2a: Noivern|spa|2\n|move|p1a: Skarmory|Roost|p1a: Skarmory\n|-heal|p1a: Skarmory|57\/100\n|-singleturn|p1a: Skarmory|move: Roost\n|\n|upkeep\n|turn|40\n|\n|t:|1652191311\n|move|p2a: Noivern|Draco Meteor|p1a: Skarmory\n|-resisted|p1a: Skarmory\n|-damage|p1a: Skarmory|43\/100\n|-unboost|p2a: Noivern|spa|2\n|move|p1a: Skarmory|Iron Defense|p1a: Skarmory\n|-boost|p1a: Skarmory|def|2\n|\n|upkeep\n|turn|41\n|inactive|Walletinspector62 has 120 seconds left.\n|\n|t:|1652191331\n|move|p2a: Noivern|Draco Meteor|p1a: Skarmory\n|-resisted|p1a: Skarmory\n|-damage|p1a: Skarmory|34\/100\n|-unboost|p2a: Noivern|spa|2\n|move|p1a: Skarmory|Body Press|p2a: Noivern\n|-resisted|p2a: Noivern\n|-damage|p2a: Noivern|20\/100\n|\n|upkeep\n|turn|42\n|\n|t:|1652191343\n|move|p2a: Noivern|Draco Meteor|p1a: Skarmory\n|-resisted|p1a: Skarmory\n|-damage|p1a: Skarmory|26\/100\n|move|p1a: Skarmory|Body Press|p2a: Noivern\n|-resisted|p2a: Noivern\n|-damage|p2a: Noivern|0 fnt\n|faint|p2a: Noivern\n|\n|upkeep\n|inactive|Walletinspector62 has 120 seconds left.\n|\n|t:|1652191349\n|switch|p2a: Scizor|Scizor, F|1\/100\n|turn|43\n|\n|t:|1652191353\n|move|p1a: Skarmory|Roost|p1a: Skarmory\n|-heal|p1a: Skarmory|76\/100\n|-singleturn|p1a: Skarmory|move: Roost\n|move|p2a: Scizor|Superpower|p1a: Skarmory\n|-supereffective|p1a: Skarmory\n|-damage|p1a: Skarmory|57\/100\n|-unboost|p2a: Scizor|atk|1\n|-unboost|p2a: Scizor|def|1\n|\n|upkeep\n|turn|44\n|\n|t:|1652191359\n|move|p1a: Skarmory|Roost|p1a: Skarmory\n|-heal|p1a: Skarmory|100\/100\n|-singleturn|p1a: Skarmory|move: Roost\n|move|p2a: Scizor|Superpower|p1a: Skarmory\n|-supereffective|p1a: Skarmory\n|-damage|p1a: Skarmory|87\/100\n|-unboost|p2a: Scizor|atk|1\n|-unboost|p2a: Scizor|def|1\n|\n|upkeep\n|turn|45\n|\n|t:|1652191388\n|move|p1a: Skarmory|Spikes|p2a: Scizor\n|-sidestart|p2: Walletinspector62|Spikes\n|move|p2a: Scizor|Superpower|p1a: Skarmory\n|-damage|p1a: Skarmory|82\/100\n|-unboost|p2a: Scizor|atk|1\n|-unboost|p2a: Scizor|def|1\n|\n|upkeep\n|turn|46\n|\n|t:|1652191392\n|move|p1a: Skarmory|Spikes|p2a: Scizor\n|-sidestart|p2: Walletinspector62|Spikes\n|move|p2a: Scizor|Superpower|p1a: Skarmory\n|-damage|p1a: Skarmory|78\/100\n|-unboost|p2a: Scizor|atk|1\n|-unboost|p2a: Scizor|def|1\n|\n|upkeep\n|turn|47\n|\n|t:|1652191403\n|move|p1a: Skarmory|Spikes|p2a: Scizor\n|-sidestart|p2: Walletinspector62|Spikes\n|move|p2a: Scizor|Superpower|p1a: Skarmory\n|-damage|p1a: Skarmory|74\/100\n|-unboost|p2a: Scizor|atk|1\n|-unboost|p2a: Scizor|def|1\n|\n|upkeep\n|turn|48\n|\n|t:|1652191406\n|move|p1a: Skarmory|Iron Defense|p1a: Skarmory\n|-boost|p1a: Skarmory|def|2\n|move|p2a: Scizor|Superpower|p1a: Skarmory\n|-damage|p1a: Skarmory|72\/100\n|-unboost|p2a: Scizor|atk|1\n|-unboost|p2a: Scizor|def|1\n|\n|upkeep\n|turn|49\n|\n|t:|1652191422\n|move|p1a: Skarmory|Body Press|p2a: Scizor\n|-damage|p2a: Scizor|0 fnt\n|faint|p2a: Scizor\n|\n|upkeep\n|\n|t:|1652191444\n|switch|p2a: Amoonguss|Amoonguss, F|78\/100\n|-damage|p2a: Amoonguss|53\/100|[from] Spikes\n|turn|50\n|\n|t:|1652191448\n|move|p1a: Skarmory|Body Press|p2a: Amoonguss\n|-resisted|p2a: Amoonguss\n|-crit|p2a: Amoonguss\n|-damage|p2a: Amoonguss|0 fnt\n|faint|p2a: Amoonguss\n|\n|win|UULT92q hydreigon\n|raw|UULT92q hydreigon's rating: 1222 &rarr; <strong>1254<\/strong><br \/>(+32 for winning)\n|raw|Walletinspector62's rating: 1325 &rarr; <strong>1299<\/strong><br \/>(-26 for losing)\n|l| UULT92q Toto\n","uploadtime":1652191458,"views":7,"p1id":"uult92qhydreigon","p2id":"walletinspector62","formatid":"gen8uu","rating":1254,"private":0,"password":null}