{"id":"gen8ou-1670482404","p1":"machugen","p2":"huehuekkk","format":"gen8ou","log":"|j|\u2606machugen\n|j|\u2606huehuekkk\n|t:|1664167095\n|gametype|singles\n|player|p1|machugen|byron|1609\n|player|p2|huehuekkk|cyclist|1628\n|teamsize|p1|6\n|teamsize|p2|6\n|gen|8\n|tier|[Gen 8] OU\n|rated|\n|rule|Sleep Clause Mod: Limit one foe put to sleep\n|rule|Species Clause: Limit one of each Pok\u00e9mon\n|rule|OHKO Clause: OHKO moves are banned\n|rule|Evasion Items Clause: Evasion items are banned\n|rule|Evasion Moves Clause: Evasion moves are banned\n|rule|Endless Battle Clause: Forcing endless battles is banned\n|rule|HP Percentage Mod: HP is shown in percentages\n|rule|Dynamax Clause: You cannot dynamax\n|clearpoke\n|poke|p1|Nihilego|\n|poke|p1|Kartana|\n|poke|p1|Magnezone|\n|poke|p1|Slowbro, M|\n|poke|p1|Tornadus-Therian, M|\n|poke|p1|Hippowdon, F|\n|poke|p2|Blaziken, M|\n|poke|p2|Mew|\n|poke|p2|Kommo-o, F|\n|poke|p2|Ninetales-Alola, F|\n|poke|p2|Arctozolt|\n|poke|p2|Weavile, F|\n|teampreview\n|inactive|Battle timer is ON: inactive players will automatically lose when time's up. (requested by huehuekkk)\n|\n|t:|1664167116\n|start\n|switch|p1a: Tornadus|Tornadus-Therian, M|100\/100\n|switch|p2a: Weavile|Weavile, F|100\/100\n|turn|1\n|\n|t:|1664167123\n|move|p1a: Tornadus|U-turn|p2a: Weavile\n|-supereffective|p2a: Weavile\n|-damage|p2a: Weavile|51\/100\n|\n|t:|1664167126\n|switch|p1a: Slowbro|Slowbro, M|100\/100|[from]move: U-turn\n|move|p2a: Weavile|Beat Up|p1a: Slowbro\n|-supereffective|p1a: Slowbro\n|-enditem|p1a: Slowbro|Colbur Berry|[eat]\n|-enditem|p1a: Slowbro|Colbur Berry|[weaken]\n|-damage|p1a: Slowbro|93\/100\n|-supereffective|p1a: Slowbro\n|-damage|p1a: Slowbro|77\/100\n|-supereffective|p1a: Slowbro\n|-damage|p1a: Slowbro|62\/100\n|-supereffective|p1a: Slowbro\n|-damage|p1a: Slowbro|50\/100\n|-supereffective|p1a: Slowbro\n|-damage|p1a: Slowbro|36\/100\n|-supereffective|p1a: Slowbro\n|-damage|p1a: Slowbro|20\/100\n|-hitcount|p1a: Slowbro|6\n|\n|upkeep\n|turn|2\n|\n|t:|1664167138\n|switch|p1a: Magnezone|Magnezone|100\/100\n|-item|p1a: Magnezone|Air Balloon\n|move|p2a: Weavile|Beat Up|p1a: Magnezone\n|-damage|p1a: Magnezone|90\/100\n|-enditem|p1a: Magnezone|Air Balloon\n|-crit|p1a: Magnezone\n|-damage|p1a: Magnezone|77\/100\n|-damage|p1a: Magnezone|68\/100\n|-damage|p1a: Magnezone|62\/100\n|-damage|p1a: Magnezone|54\/100\n|-damage|p1a: Magnezone|44\/100\n|-hitcount|p1a: Magnezone|6\n|\n|upkeep\n|turn|3\n|\n|t:|1664167142\n|move|p2a: Weavile|Beat Up|p1a: Magnezone\n|-damage|p1a: Magnezone|34\/100\n|-damage|p1a: Magnezone|26\/100\n|-damage|p1a: Magnezone|17\/100\n|-damage|p1a: Magnezone|10\/100\n|-damage|p1a: Magnezone|1\/100\n|-damage|p1a: Magnezone|0 fnt\n|faint|p1a: Magnezone\n|-hitcount|p1: Magnezone|6\n|\n|upkeep\n|\n|t:|1664167147\n|switch|p1a: Kartana|Kartana|100\/100\n|turn|4\n|\n|t:|1664167151\n|move|p1a: Kartana|Smart Strike|p2a: Weavile\n|-supereffective|p2a: Weavile\n|-damage|p2a: Weavile|0 fnt\n|faint|p2a: Weavile\n|-ability|p1a: Kartana|Beast Boost|boost\n|-boost|p1a: Kartana|atk|1\n|\n|upkeep\n|\n|t:|1664167156\n|switch|p2a: Blaziken|Blaziken, M|100\/100\n|turn|5\n|\n|t:|1664167160\n|switch|p1a: Hippowdon|Hippowdon, F|100\/100\n|-weather|Sandstorm|[from] ability: Sand Stream|[of] p1a: Hippowdon\n|move|p2a: Blaziken|Swords Dance|p2a: Blaziken\n|-boost|p2a: Blaziken|atk|2\n|\n|-weather|Sandstorm|[upkeep]\n|-damage|p2a: Blaziken|95\/100|[from] Sandstorm\n|-ability|p2a: Blaziken|Speed Boost|boost\n|-boost|p2a: Blaziken|spe|1\n|upkeep\n|turn|6\n|\n|t:|1664167162\n|move|p2a: Blaziken|Close Combat|p1a: Hippowdon\n|-damage|p1a: Hippowdon|0 fnt\n|-unboost|p2a: Blaziken|def|1\n|-unboost|p2a: Blaziken|spd|1\n|faint|p1a: Hippowdon\n|-damage|p2a: Blaziken|85\/100|[from] item: Life Orb\n|\n|-weather|Sandstorm|[upkeep]\n|-damage|p2a: Blaziken|79\/100|[from] Sandstorm\n|-ability|p2a: Blaziken|Speed Boost|boost\n|-boost|p2a: Blaziken|spe|1\n|upkeep\n|\n|t:|1664167170\n|switch|p1a: Slowbro|Slowbro, M|54\/100\n|turn|7\n|\n|t:|1664167174\n|move|p2a: Blaziken|Thunder Punch|p1a: Slowbro\n|-supereffective|p1a: Slowbro\n|-crit|p1a: Slowbro\n|-damage|p1a: Slowbro|0 fnt\n|faint|p1a: Slowbro\n|-damage|p2a: Blaziken|69\/100|[from] item: Life Orb\n|\n|-weather|Sandstorm|[upkeep]\n|-damage|p2a: Blaziken|63\/100|[from] Sandstorm\n|-ability|p2a: Blaziken|Speed Boost|boost\n|-boost|p2a: Blaziken|spe|1\n|upkeep\n|-message|machugen forfeited.\n|\n|win|huehuekkk\n|raw|machugen's rating: 1609 &rarr; <strong>1590<\/strong><br \/>(-19 for losing)\n|raw|huehuekkk's rating: 1628 &rarr; <strong>1647<\/strong><br \/>(+19 for winning)\n|l|\u2606machugen\n","uploadtime":1664167179,"views":24,"p1id":"machugen","p2id":"huehuekkk","formatid":"gen8ou","rating":1590,"private":0,"password":null}