{"id":"gen8nationaldex-1600792388","p1":"QuagsireSires","p2":"FleetFoxxx","format":"gen8nationaldex","log":"|j|\u2606QuagsireSires\n|j|\u2606FleetFoxxx\n|t:|1655779232\n|gametype|singles\n|player|p1|QuagsireSires|swimmerf-gen4dp|\n|player|p2|FleetFoxxx|flannery|\n|teamsize|p1|6\n|teamsize|p2|6\n|gen|8\n|tier|[Gen 8] National Dex\n|rule|HP Percentage Mod: HP is shown in percentages\n|rule|Endless Battle Clause: Forcing endless battles is banned\n|rule|OHKO Clause: OHKO moves are banned\n|rule|Evasion Moves Clause: Evasion moves are banned\n|rule|Species Clause: Limit one of each Pok\u00e9mon\n|rule|Dynamax Clause: You cannot dynamax\n|rule|Sleep Clause Mod: Limit one foe put to sleep\n|clearpoke\n|poke|p1|Talonflame, F|\n|poke|p1|Houndoom, F|\n|poke|p1|Vileplume, M|\n|poke|p1|Mimikyu, F|\n|poke|p1|Togedemaru, M|\n|poke|p1|Seismitoad, M|\n|poke|p2|Togetic, F|\n|poke|p2|Coalossal, F|\n|poke|p2|Whimsicott, M|\n|poke|p2|Bisharp, F|\n|poke|p2|Banette, F|\n|poke|p2|Galvantula, M|\n|teampreview\n|c|\u2606QuagsireSires|glgl\n|c|\u2606QuagsireSires|dude your togetic is so annoying lol\n|c|\u2606FleetFoxxx|effect spore op\n|j|+111ace111\n|j| DerpyDots\n|j| yes munchlax\n|c|\u2606QuagsireSires|TRUE\n|j| bugsileus\n|j| evilhanaklaus\n|j| zoompa\n|\n|t:|1655779347\n|start\n|switch|p1a: Vilepile|Vileplume, M|100\/100\n|switch|p2a: Galvantula|Galvantula, M|100\/100\n|turn|1\n|\n|t:|1655779353\n|move|p2a: Galvantula|Sticky Web|p1a: Vilepile\n|-sidestart|p1: QuagsireSires|move: Sticky Web\n|move|p1a: Vilepile|Sleep Powder|p2a: Galvantula\n|-status|p2a: Galvantula|slp|[from] move: Sleep Powder\n|\n|upkeep\n|turn|2\n|\n|t:|1655779358\n|switch|p2a: Coalossal|Coalossal, F|100\/100\n|move|p1a: Vilepile|Sludge Bomb|p2a: Coalossal\n|-resisted|p2a: Coalossal\n|-damage|p2a: Coalossal|89\/100\n|\n|upkeep\n|turn|3\n|\n|t:|1655779366\n|switch|p1a: Size|Seismitoad, M|100\/100\n|-activate|p1a: Size|move: Sticky Web\n|-unboost|p1a: Size|spe|1\n|move|p2a: Coalossal|Flamethrower|p1a: Size\n|-resisted|p1a: Size\n|-damage|p1a: Size|90\/100\n|\n|upkeep\n|turn|4\n|j| sh0shin\n|\n|t:|1655779424\n|switch|p1a: Toggie|Togedemaru, M|100\/100\n|-activate|p1a: Toggie|move: Sticky Web\n|-unboost|p1a: Toggie|spe|1\n|move|p2a: Coalossal|Solar Beam||[still]\n|-prepare|p2a: Coalossal|Solar Beam\n|-enditem|p2a: Coalossal|Power Herb\n|-anim|p2a: Coalossal|Solar Beam|p1a: Toggie\n|-resisted|p1a: Toggie\n|-damage|p1a: Toggie|80\/100\n|\n|-heal|p1a: Toggie|86\/100|[from] item: Leftovers\n|upkeep\n|turn|5\n|\n|t:|1655779431\n|move|p1a: Toggie|Encore|p2a: Coalossal\n|-start|p2a: Coalossal|Encore\n|move|p2a: Coalossal|Solar Beam||[still]\n|-prepare|p2a: Coalossal|Solar Beam\n|\n|-heal|p1a: Toggie|92\/100|[from] item: Leftovers\n|upkeep\n|turn|6\n|\n|t:|1655779437\n|move|p1a: Toggie|Nuzzle|p2a: Coalossal\n|-damage|p2a: Coalossal|83\/100\n|-status|p2a: Coalossal|par\n|move|p2a: Coalossal|Solar Beam|p1a: Toggie|[from]lockedmove\n|-resisted|p1a: Toggie\n|-damage|p1a: Toggie|74\/100\n|\n|-heal|p1a: Toggie|79\/100|[from] item: Leftovers\n|upkeep\n|turn|7\n|\n|t:|1655779448\n|switch|p2a: Galvantula|Galvantula, M|100\/100 slp\n|move|p1a: Toggie|Zing Zap|p2a: Galvantula\n|-resisted|p2a: Galvantula\n|-damage|p2a: Galvantula|71\/100 slp\n|\n|-heal|p1a: Toggie|85\/100|[from] item: Leftovers\n|upkeep\n|turn|8\n|\n|t:|1655779452\n|cant|p2a: Galvantula|slp\n|move|p1a: Toggie|Zing Zap|p2a: Galvantula\n|-resisted|p2a: Galvantula\n|-damage|p2a: Galvantula|38\/100 slp\n|\n|-heal|p1a: Toggie|91\/100|[from] item: Leftovers\n|upkeep\n|turn|9\n|\n|t:|1655779454\n|-curestatus|p2a: Galvantula|slp|[msg]\n|move|p2a: Galvantula|Hidden Power|p1a: Toggie\n|-supereffective|p1a: Toggie\n|-damage|p1a: Toggie|0 fnt\n|faint|p1a: Toggie\n|\n|upkeep\n|\n|t:|1655779458\n|switch|p1a: Talonflame|Talonflame, F|100\/100\n|turn|10\n|j| glumpbumpin\n|\n|t:|1655779463\n|-zpower|p1a: Talonflame\n|move|p1a: Talonflame|Supersonic Skystrike|p2a: Galvantula|[zeffect]\n|-damage|p2a: Galvantula|0 fnt\n|faint|p2a: Galvantula\n|\n|upkeep\n|\n|t:|1655779476\n|switch|p2a: Coalossal|Coalossal, F|83\/100 par\n|turn|11\n|j| Matieu\n|\n|t:|1655779494\n|move|p1a: Talonflame|Defog|p2a: Coalossal\n|-unboost|p2a: Coalossal|evasion|1\n|-sideend|p1: QuagsireSires|Sticky Web|[from] move: Defog|[of] p1a: Talonflame\n|move|p2a: Coalossal|Stealth Rock|p1a: Talonflame\n|-sidestart|p1: QuagsireSires|move: Stealth Rock\n|\n|upkeep\n|turn|12\n|\n|t:|1655779498\n|move|p1a: Talonflame|Defog|p2a: Coalossal\n|-unboost|p2a: Coalossal|evasion|1\n|-sideend|p1: QuagsireSires|Stealth Rock|[from] move: Defog|[of] p1a: Talonflame\n|move|p2a: Coalossal|Rock Slide|p1a: Talonflame\n|-supereffective|p1a: Talonflame\n|-damage|p1a: Talonflame|0 fnt\n|faint|p1a: Talonflame\n|\n|upkeep\n|j| VeVii\n|\n|t:|1655779512\n|switch|p1a: Size|Seismitoad, M|90\/100\n|turn|13\n|\n|t:|1655779517\n|switch|p2a: Whimsicott|Whimsicott, M|100\/100\n|move|p1a: Size|Stealth Rock|p2a: Whimsicott\n|-sidestart|p2: FleetFoxxx|move: Stealth Rock\n|\n|upkeep\n|turn|14\n|j| bsvhsvj\n|l| glumpbumpin\n|\n|t:|1655779526\n|switch|p1a: Vilepile|Vileplume, M|100\/100\n|move|p2a: Whimsicott|Knock Off|p1a: Vilepile\n|-damage|p1a: Vilepile|89\/100\n|-damage|p2a: Whimsicott|84\/100|[from] item: Rocky Helmet|[of] p1a: Vilepile\n|-enditem|p1a: Vilepile|Rocky Helmet|[from] move: Knock Off|[of] p2a: Whimsicott\n|\n|upkeep\n|turn|15\n|l| bsvhsvj\n|\n|t:|1655779534\n|switch|p2a: Coalossal|Coalossal, F|83\/100 par\n|-damage|p2a: Coalossal|59\/100 par|[from] Stealth Rock\n|move|p1a: Vilepile|Sleep Powder||[still]\n|-fail|p1a: Vilepile\n|\n|upkeep\n|turn|16\n|\n|t:|1655779541\n|switch|p1a: Size|Seismitoad, M|90\/100\n|move|p2a: Coalossal|Flamethrower|p1a: Size\n|-resisted|p1a: Size\n|-damage|p1a: Size|81\/100\n|\n|upkeep\n|turn|17\n|l| VeVii\n|\n|t:|1655779548\n|switch|p2a: Whimsicott|Whimsicott, M|84\/100\n|-damage|p2a: Whimsicott|72\/100|[from] Stealth Rock\n|move|p1a: Size|Earth Power|p2a: Whimsicott\n|-resisted|p2a: Whimsicott\n|-damage|p2a: Whimsicott|48\/100\n|-enditem|p2a: Whimsicott|Eject Button\n|-damage|p1a: Size|71\/100|[from] item: Life Orb\n|\n|t:|1655779562\n|switch|p2a: Banette|Banette, F|100\/100\n|-damage|p2a: Banette|88\/100|[from] Stealth Rock\n|-item|p1a: Size|Life Orb|[from] ability: Frisk|[of] p2a: Banette|[identify]\n|\n|upkeep\n|turn|18\n|\n|t:|1655779578\n|detailschange|p2a: Banette|Banette-Mega, F\n|-mega|p2a: Banette|Banette|Banettite\n|move|p2a: Banette|Knock Off|p1a: Size\n|-damage|p1a: Size|25\/100\n|-enditem|p1a: Size|Life Orb|[from] move: Knock Off|[of] p2a: Banette\n|move|p1a: Size|Scald|p2a: Banette\n|-damage|p2a: Banette|56\/100\n|\n|upkeep\n|turn|19\n|j| VeVii\n|\n|t:|1655779587\n|move|p2a: Banette|Knock Off|p1a: Size\n|-damage|p1a: Size|0 fnt\n|faint|p1a: Size\n|\n|upkeep\n|\n|t:|1655779593\n|switch|p1a: Goodboy|Houndoom, F|100\/100\n|turn|20\n|\n|t:|1655779613\n|detailschange|p1a: Goodboy|Houndoom-Mega, F\n|-mega|p1a: Goodboy|Houndoom|Houndoominite\n|move|p2a: Banette|Thunder Wave|p1a: Goodboy\n|-hint|Since gen 7, Dark is immune to Prankster moves.\n|-immune|p1a: Goodboy\n|move|p1a: Goodboy|Dark Pulse|p2a: Banette\n|-supereffective|p2a: Banette\n|-damage|p2a: Banette|0 fnt\n|faint|p2a: Banette\n|\n|upkeep\n|\n|t:|1655779620\n|switch|p2a: Coalossal|Coalossal, F|59\/100 par\n|-damage|p2a: Coalossal|34\/100 par|[from] Stealth Rock\n|turn|21\n|\n|t:|1655779623\n|move|p1a: Goodboy|Hidden Power|p2a: Coalossal\n|-supereffective|p2a: Coalossal\n|-damage|p2a: Coalossal|0 fnt\n|faint|p2a: Coalossal\n|\n|upkeep\n|\n|t:|1655779629\n|switch|p2a: Togetic|Togetic, F|100\/100\n|-damage|p2a: Togetic|76\/100|[from] Stealth Rock\n|turn|22\n|\n|t:|1655779635\n|switch|p1a: Vilepile|Vileplume, M|89\/100\n|move|p2a: Togetic|Ancient Power|p1a: Vilepile\n|-damage|p1a: Vilepile|77\/100\n|\n|upkeep\n|turn|23\n|l| evilhanaklaus\n|\n|t:|1655779647\n|move|p1a: Vilepile|Sleep Powder|p2a: Togetic|[miss]\n|-miss|p1a: Vilepile|p2a: Togetic\n|move|p2a: Togetic|Flamethrower|p1a: Vilepile\n|-supereffective|p1a: Vilepile\n|-damage|p1a: Vilepile|43\/100\n|\n|upkeep\n|turn|24\n|l| VeVii\n|\n|t:|1655779664\n|switch|p2a: Whimsicott|Whimsicott, M|48\/100\n|-damage|p2a: Whimsicott|35\/100|[from] Stealth Rock\n|move|p1a: Vilepile|Sleep Powder|p2a: Whimsicott\n|-immune|p2a: Whimsicott\n|\n|upkeep\n|turn|25\n|j| glumpbumpin\n|\n|t:|1655779684\n|move|p2a: Whimsicott|U-turn|p1a: Vilepile\n|-damage|p1a: Vilepile|34\/100\n|\n|t:|1655779686\n|switch|p2a: Bisharp|Bisharp, F|100\/100|[from]move: U-turn\n|-damage|p2a: Bisharp|94\/100|[from] Stealth Rock\n|move|p1a: Vilepile|Sludge Bomb|p2a: Bisharp\n|-immune|p2a: Bisharp\n|\n|upkeep\n|turn|26\n|\n|t:|1655779697\n|move|p2a: Bisharp|Knock Off|p1a: Vilepile\n|-damage|p1a: Vilepile|7\/100\n|move|p1a: Vilepile|Strength Sap|p2a: Bisharp\n|-unboost|p2a: Bisharp|atk|1\n|-ability|p2a: Bisharp|Defiant\n|-boost|p2a: Bisharp|atk|2\n|-heal|p1a: Vilepile|100\/100\n|\n|upkeep\n|turn|27\n|c|\u2606QuagsireSires|oh no\n|\n|t:|1655779710\n|-zpower|p2a: Bisharp\n|move|p2a: Bisharp|Black Hole Eclipse|p1a: Vilepile|[zeffect]\n|-damage|p1a: Vilepile|22\/100\n|move|p1a: Vilepile|Sleep Powder|p2a: Bisharp\n|-status|p2a: Bisharp|slp|[from] move: Sleep Powder\n|\n|upkeep\n|turn|28\n|c|\u2606QuagsireSires|i forgot about that\n|\n|t:|1655779721\n|switch|p1a: Goodboy|Houndoom-Mega, F|100\/100\n|cant|p2a: Bisharp|slp\n|\n|upkeep\n|turn|29\n|\n|t:|1655779725\n|switch|p2a: Togetic|Togetic, F|76\/100\n|-damage|p2a: Togetic|51\/100|[from] Stealth Rock\n|move|p1a: Goodboy|Flamethrower|p2a: Togetic\n|-damage|p2a: Togetic|14\/100\n|\n|upkeep\n|turn|30\n|\n|t:|1655779728\n|move|p1a: Goodboy|Flamethrower|p2a: Togetic\n|-damage|p2a: Togetic|0 fnt\n|faint|p2a: Togetic\n|\n|upkeep\n|\n|t:|1655779733\n|switch|p2a: Whimsicott|Whimsicott, M|35\/100\n|-damage|p2a: Whimsicott|23\/100|[from] Stealth Rock\n|turn|31\n|\n|t:|1655779735\n|move|p2a: Whimsicott|Moonblast|p1a: Goodboy\n|-damage|p1a: Goodboy|65\/100\n|move|p1a: Goodboy|Flamethrower|p2a: Whimsicott\n|-supereffective|p2a: Whimsicott\n|-damage|p2a: Whimsicott|0 fnt\n|faint|p2a: Whimsicott\n|\n|upkeep\n|c|\u2606QuagsireSires|gg\n|\n|t:|1655779739\n|switch|p2a: Bisharp|Bisharp, F|94\/100 slp\n|-damage|p2a: Bisharp|88\/100 slp|[from] Stealth Rock\n|turn|32\n|c|\u2606FleetFoxxx|gg\n|\n|t:|1655779746\n|move|p1a: Goodboy|Flamethrower|p2a: Bisharp\n|-supereffective|p2a: Bisharp\n|-damage|p2a: Bisharp|0 fnt\n|faint|p2a: Bisharp\n|\n|win|QuagsireSires\n|l| zoompa\n|l|\u2606FleetFoxxx\n","uploadtime":1655779785,"views":16,"p1id":"quagsiresires","p2id":"fleetfoxxx","formatid":"gen8nationaldex","rating":0,"private":0,"password":null}