{"id":"gen8nationaldexag-1663480861","p1":"sylvexecho","p2":"Elon Musk Rusk","format":"gen8nationaldexag","log":"|j|\u2606sylvexecho\n|j|\u2606Elon Musk Rusk\n|t:|1663097115\n|gametype|singles\n|player|p1|sylvexecho|delinquent|\n|player|p2|Elon Musk Rusk|2|\n|teamsize|p1|6\n|teamsize|p2|6\n|gen|8\n|tier|[Gen 8] National Dex AG\n|rule|HP Percentage Mod: HP is shown in percentages\n|rule|Endless Battle Clause: Forcing endless battles is banned\n|clearpoke\n|poke|p1|Urshifu-*, M|\n|poke|p1|Landorus, M|\n|poke|p1|Thundurus-Therian, M|\n|poke|p1|Mawile, M|\n|poke|p1|Ambipom, F|\n|poke|p1|Empoleon, F|\n|poke|p2|Metagross|\n|poke|p2|Shaymin|\n|poke|p2|Hydreigon, F|\n|poke|p2|Tapu Fini|\n|poke|p2|Toxicroak, M|\n|poke|p2|Piloswine, M|\n|teampreview\n|\n|t:|1663097132\n|start\n|switch|p1a: Empoleon|Empoleon, F|100\/100\n|switch|p2a: Metagross|Metagross|100\/100\n|turn|1\n|\n|t:|1663097142\n|switch|p2a: Toxicroak|Toxicroak, M|100\/100\n|move|p1a: Empoleon|Scald|p2a: Toxicroak\n|-immune|p2a: Toxicroak|[from] ability: Dry Skin\n|\n|upkeep\n|turn|2\n|\n|t:|1663097151\n|move|p2a: Toxicroak|Gunk Shot|p1a: Empoleon\n|-immune|p1a: Empoleon\n|move|p1a: Empoleon|Flash Cannon|p2a: Toxicroak\n|-damage|p2a: Toxicroak|38\/100\n|\n|upkeep\n|turn|3\n|\n|t:|1663097156\n|move|p2a: Toxicroak|Drain Punch|p1a: Empoleon\n|-supereffective|p1a: Empoleon\n|-damage|p1a: Empoleon|0 fnt\n|-heal|p2a: Toxicroak|93\/100|[from] drain|[of] p1a: Empoleon\n|faint|p1a: Empoleon\n|-damage|p2a: Toxicroak|83\/100|[from] item: Life Orb\n|\n|upkeep\n|\n|t:|1663097160\n|switch|p1a: Ambipom|Ambipom, F|100\/100\n|turn|4\n|\n|t:|1663097171\n|move|p1a: Ambipom|Aerial Ace|p2a: Toxicroak\n|-supereffective|p2a: Toxicroak\n|-damage|p2a: Toxicroak|0 fnt\n|faint|p2a: Toxicroak\n|\n|upkeep\n|\n|t:|1663097175\n|switch|p2a: Metagross|Metagross|100\/100\n|turn|5\n|\n|t:|1663097185\n|switch|p1a: Urshifu|Urshifu-Rapid-Strike, M|100\/100\n|detailschange|p2a: Metagross|Metagross-Mega\n|-mega|p2a: Metagross|Metagross|Metagrossite\n|move|p2a: Metagross|Earthquake|p1a: Urshifu\n|-damage|p1a: Urshifu|63\/100\n|\n|upkeep\n|turn|6\n|\n|t:|1663097194\n|switch|p2a: Tapu Fini|Tapu Fini|100\/100\n|-fieldstart|move: Misty Terrain|[from] ability: Misty Surge|[of] p2a: Tapu Fini\n|move|p1a: Urshifu|Surging Strikes|p2a: Tapu Fini\n|-resisted|p2a: Tapu Fini\n|-crit|p2a: Tapu Fini\n|-damage|p2a: Tapu Fini|92\/100\n|-resisted|p2a: Tapu Fini\n|-crit|p2a: Tapu Fini\n|-damage|p2a: Tapu Fini|82\/100\n|-resisted|p2a: Tapu Fini\n|-crit|p2a: Tapu Fini\n|-damage|p2a: Tapu Fini|73\/100\n|-hitcount|p2a: Tapu Fini|3\n|\n|-heal|p2a: Tapu Fini|79\/100|[from] item: Leftovers\n|upkeep\n|turn|7\n|\n|t:|1663097201\n|switch|p1a: Ambipom|Ambipom, F|100\/100\n|move|p2a: Tapu Fini|Nature's Madness|p1a: Ambipom\n|-damage|p1a: Ambipom|51\/100\n|\n|-heal|p2a: Tapu Fini|85\/100|[from] item: Leftovers\n|upkeep\n|turn|8\n|\n|t:|1663097210\n|switch|p2a: Metagross|Metagross-Mega|100\/100\n|move|p1a: Ambipom|Tail Slap|p2a: Metagross\n|-resisted|p2a: Metagross\n|-damage|p2a: Metagross|91\/100\n|-resisted|p2a: Metagross\n|-damage|p2a: Metagross|82\/100\n|-resisted|p2a: Metagross\n|-damage|p2a: Metagross|72\/100\n|-hitcount|p2a: Metagross|3\n|\n|upkeep\n|turn|9\n|\n|t:|1663097225\n|switch|p1a: Thundurus|Thundurus-Therian, M|100\/100\n|move|p2a: Metagross|Zen Headbutt|p1a: Thundurus\n|-damage|p1a: Thundurus|15\/100\n|\n|upkeep\n|turn|10\n|\n|t:|1663097232\n|switch|p2a: Piloswine|Piloswine, M|100\/100\n|move|p1a: Thundurus|Volt Switch|p2a: Piloswine\n|-immune|p2a: Piloswine\n|\n|-fieldend|Misty Terrain\n|upkeep\n|turn|11\n|\n|t:|1663097242\n|switch|p1a: Mawile|Mawile, M|100\/100\n|-ability|p1a: Mawile|Intimidate|boost\n|-unboost|p2a: Piloswine|atk|1\n|move|p2a: Piloswine|Earthquake|p1a: Mawile\n|-supereffective|p1a: Mawile\n|-damage|p1a: Mawile|41\/100\n|\n|upkeep\n|turn|12\n|\n|t:|1663097263\n|switch|p1a: Urshifu|Urshifu-Rapid-Strike, M|63\/100\n|move|p2a: Piloswine|Earthquake|p1a: Urshifu\n|-damage|p1a: Urshifu|38\/100\n|\n|upkeep\n|turn|13\n|\n|t:|1663097273\n|switch|p2a: Tapu Fini|Tapu Fini|85\/100\n|-fieldstart|move: Misty Terrain|[from] ability: Misty Surge|[of] p2a: Tapu Fini\n|move|p1a: Urshifu|Iron Head|p2a: Tapu Fini\n|-crit|p2a: Tapu Fini\n|-damage|p2a: Tapu Fini|44\/100\n|\n|-heal|p2a: Tapu Fini|50\/100|[from] item: Leftovers\n|upkeep\n|turn|14\n|\n|t:|1663097282\n|move|p1a: Urshifu|Iron Head|p2a: Tapu Fini\n|-damage|p2a: Tapu Fini|21\/100\n|move|p2a: Tapu Fini|Moonblast|p1a: Urshifu\n|-supereffective|p1a: Urshifu\n|-damage|p1a: Urshifu|0 fnt\n|faint|p1a: Urshifu\n|\n|-heal|p2a: Tapu Fini|27\/100|[from] item: Leftovers\n|upkeep\n|\n|t:|1663097287\n|switch|p1a: Ambipom|Ambipom, F|51\/100\n|turn|15\n|\n|t:|1663097291\n|-activate|p2a: Tapu Fini|move: Pursuit\n|move|p1a: Ambipom|Pursuit|p2a: Tapu Fini|[from]Pursuit\n|-resisted|p2a: Tapu Fini\n|-damage|p2a: Tapu Fini|14\/100\n|switch|p2a: Piloswine|Piloswine, M|100\/100\n|\n|upkeep\n|turn|16\n|\n|t:|1663097299\n|move|p1a: Ambipom|Pursuit|p2a: Piloswine\n|-damage|p2a: Piloswine|88\/100\n|move|p2a: Piloswine|Icicle Crash|p1a: Ambipom\n|-damage|p1a: Ambipom|0 fnt\n|faint|p1a: Ambipom\n|\n|upkeep\n|\n|t:|1663097305\n|switch|p1a: Landorus|Landorus, M|100\/100\n|turn|17\n|\n|t:|1663097324\n|move|p1a: Landorus|Earth Power|p2a: Piloswine\n|-crit|p2a: Piloswine\n|-damage|p2a: Piloswine|0 fnt\n|faint|p2a: Piloswine\n|\n|-fieldend|Misty Terrain\n|upkeep\n|c|\u2606Elon Musk Rusk|ahh crit mattered\n|\n|t:|1663097351\n|switch|p2a: Shaymin|Shaymin|100\/100\n|turn|18\n|\n|t:|1663097353\n|move|p1a: Landorus|Sludge Wave|p2a: Shaymin\n|-supereffective|p2a: Shaymin\n|-damage|p2a: Shaymin|59\/100\n|move|p2a: Shaymin|Seed Flare|p1a: Landorus|[miss]\n|-miss|p2a: Shaymin|p1a: Landorus\n|\n|upkeep\n|turn|19\n|\n|t:|1663097359\n|move|p1a: Landorus|Sludge Wave|p2a: Shaymin\n|-supereffective|p2a: Shaymin\n|-damage|p2a: Shaymin|11\/100\n|move|p2a: Shaymin|Seed Flare|p1a: Landorus\n|-damage|p1a: Landorus|45\/100\n|\n|upkeep\n|turn|20\n|\n|t:|1663097369\n|move|p1a: Landorus|Sludge Wave|p2a: Shaymin\n|-supereffective|p2a: Shaymin\n|-damage|p2a: Shaymin|0 fnt\n|faint|p2a: Shaymin\n|\n|upkeep\n|\n|t:|1663097371\n|switch|p2a: Metagross|Metagross-Mega|72\/100\n|turn|21\n|\n|t:|1663097380\n|move|p2a: Metagross|Ice Punch|p1a: Landorus\n|-supereffective|p1a: Landorus\n|-damage|p1a: Landorus|0 fnt\n|faint|p1a: Landorus\n|\n|upkeep\n|\n|t:|1663097382\n|switch|p1a: Mawile|Mawile, M|41\/100\n|-ability|p1a: Mawile|Intimidate|boost\n|-unboost|p2a: Metagross|atk|1\n|turn|22\n|\n|t:|1663097385\n|switch|p2a: Tapu Fini|Tapu Fini|14\/100\n|-fieldstart|move: Misty Terrain|[from] ability: Misty Surge|[of] p2a: Tapu Fini\n|detailschange|p1a: Mawile|Mawile-Mega, M\n|-mega|p1a: Mawile|Mawile|Mawilite\n|move|p1a: Mawile|Sucker Punch||[still]\n|-fail|p1a: Mawile\n|\n|-heal|p2a: Tapu Fini|21\/100|[from] item: Leftovers\n|upkeep\n|turn|23\n|\n|t:|1663097392\n|move|p2a: Tapu Fini|Surf|p1a: Mawile\n|-damage|p1a: Mawile|7\/100\n|move|p1a: Mawile|Iron Head|p2a: Tapu Fini\n|-damage|p2a: Tapu Fini|0 fnt\n|faint|p2a: Tapu Fini\n|\n|upkeep\n|\n|t:|1663097396\n|switch|p2a: Hydreigon|Hydreigon, F|100\/100\n|turn|24\n|\n|t:|1663097398\n|move|p1a: Mawile|Sucker Punch|p2a: Hydreigon\n|-resisted|p2a: Hydreigon\n|-damage|p2a: Hydreigon|75\/100\n|move|p2a: Hydreigon|Dark Pulse|p1a: Mawile\n|-resisted|p1a: Mawile\n|-damage|p1a: Mawile|0 fnt\n|faint|p1a: Mawile\n|\n|upkeep\n|\n|t:|1663097400\n|switch|p1a: Thundurus|Thundurus-Therian, M|15\/100\n|turn|25\n|\n|t:|1663097404\n|move|p1a: Thundurus|Thunderbolt|p2a: Hydreigon\n|-resisted|p2a: Hydreigon\n|-damage|p2a: Hydreigon|43\/100\n|move|p2a: Hydreigon|Dark Pulse|p1a: Thundurus\n|-damage|p1a: Thundurus|0 fnt\n|faint|p1a: Thundurus\n|\n|win|Elon Musk Rusk\n|c|\u2606sylvexecho|gg\n|c|\u2606Elon Musk Rusk|gg\n","uploadtime":1663097416,"views":26,"p1id":"sylvexecho","p2id":"elonmuskrusk","formatid":"gen8nationaldexag","rating":0,"private":0,"password":null}