{"id":"gen8ou-1667286910","p1":"alvar03","p2":"NA Weezing","format":"gen8ou","log":"|j|\u2606alvar03\n|j|\u2606NA Weezing\n|t:|1663508311\n|gametype|singles\n|player|p1|alvar03|alder|1698\n|player|p2|NA Weezing|101|1790\n|teamsize|p1|6\n|teamsize|p2|6\n|gen|8\n|tier|[Gen 8] OU\n|rated|\n|rule|Sleep Clause Mod: Limit one foe put to sleep\n|rule|Species Clause: Limit one of each Pok\u00e9mon\n|rule|OHKO Clause: OHKO moves are banned\n|rule|Evasion Items Clause: Evasion items are banned\n|rule|Evasion Moves Clause: Evasion moves are banned\n|rule|Endless Battle Clause: Forcing endless battles is banned\n|rule|HP Percentage Mod: HP is shown in percentages\n|rule|Dynamax Clause: You cannot dynamax\n|clearpoke\n|poke|p1|Gastrodon, M|\n|poke|p1|Tornadus-Therian, M|\n|poke|p1|Melmetal|\n|poke|p1|Weavile, M|\n|poke|p1|Clefable, F|\n|poke|p1|Dragapult, F|\n|poke|p2|Corviknight, M|\n|poke|p2|Dragonite, F|\n|poke|p2|Hatterene, F|\n|poke|p2|Toxapex, F|\n|poke|p2|Blissey, F|\n|poke|p2|Quagsire, M|\n|teampreview\n|inactive|Battle timer is ON: inactive players will automatically lose when time's up. (requested by alvar03)\n|j| drippin so pretty\n|\n|t:|1663508327\n|start\n|switch|p1a: Tornadus|Tornadus-Therian, M|100\/100\n|switch|p2a: Blissey|Blissey, F|100\/100\n|turn|1\n|\n|t:|1663508330\n|switch|p2a: Toxapex|Toxapex, F|100\/100\n|move|p1a: Tornadus|Knock Off|p2a: Toxapex\n|-damage|p2a: Toxapex|89\/100\n|-damage|p1a: Tornadus|84\/100|[from] item: Rocky Helmet|[of] p2a: Toxapex\n|-enditem|p2a: Toxapex|Rocky Helmet|[from] move: Knock Off|[of] p1a: Tornadus\n|\n|upkeep\n|turn|2\n|\n|t:|1663508337\n|move|p1a: Tornadus|Hurricane|p2a: Toxapex\n|-damage|p2a: Toxapex|56\/100\n|-start|p2a: Toxapex|confusion\n|-activate|p2a: Toxapex|confusion\n|move|p2a: Toxapex|Scald|p1a: Tornadus\n|-damage|p1a: Tornadus|66\/100\n|\n|upkeep\n|turn|3\n|\n|t:|1663508342\n|move|p1a: Tornadus|U-turn|p2a: Toxapex\n|-resisted|p2a: Toxapex\n|-damage|p2a: Toxapex|52\/100\n|\n|t:|1663508344\n|switch|p1a: Clefable|Clefable, F|100\/100|[from]move: U-turn\n|-activate|p2a: Toxapex|confusion\n|-damage|p2a: Toxapex|48\/100|[from] confusion\n|\n|upkeep\n|turn|4\n|\n|t:|1663508347\n|switch|p2a: Corviknight|Corviknight, M|100\/100\n|-ability|p2a: Corviknight|Pressure\n|move|p1a: Clefable|Stealth Rock|p2a: Corviknight\n|-sidestart|p2: NA Weezing|move: Stealth Rock\n|\n|upkeep\n|turn|5\n|\n|t:|1663508349\n|move|p2a: Corviknight|Defog|p1a: Clefable\n|-unboost|p1a: Clefable|evasion|1\n|-sideend|p2: NA Weezing|Stealth Rock|[from] move: Defog|[of] p2a: Corviknight\n|move|p1a: Clefable|Flamethrower|p2a: Corviknight\n|-supereffective|p2a: Corviknight\n|-damage|p2a: Corviknight|67\/100\n|\n|-heal|p2a: Corviknight|73\/100|[from] item: Leftovers\n|upkeep\n|turn|6\n|\n|t:|1663508360\n|switch|p1a: Tornadus|Tornadus-Therian, M|99\/100\n|move|p2a: Corviknight|Body Press|p1a: Tornadus\n|-resisted|p1a: Tornadus\n|-damage|p1a: Tornadus|89\/100\n|\n|-heal|p2a: Corviknight|79\/100|[from] item: Leftovers\n|upkeep\n|turn|7\n|\n|t:|1663508362\n|switch|p2a: Toxapex|Toxapex, F|81\/100\n|move|p1a: Tornadus|Knock Off|p2a: Toxapex\n|-damage|p2a: Toxapex|72\/100\n|\n|upkeep\n|turn|8\n|\n|t:|1663508367\n|move|p1a: Tornadus|U-turn|p2a: Toxapex\n|-resisted|p2a: Toxapex\n|-damage|p2a: Toxapex|68\/100\n|\n|t:|1663508368\n|switch|p1a: Clefable|Clefable, F|100\/100|[from]move: U-turn\n|move|p2a: Toxapex|Light Screen|p2a: Toxapex\n|-sidestart|p2: NA Weezing|move: Light Screen\n|\n|upkeep\n|turn|9\n|\n|t:|1663508373\n|switch|p1a: Melmetal|Melmetal|100\/100\n|switch|p2a: Corviknight|Corviknight, M|79\/100\n|-ability|p2a: Corviknight|Pressure\n|\n|-heal|p2a: Corviknight|86\/100|[from] item: Leftovers\n|upkeep\n|turn|10\n|\n|t:|1663508377\n|move|p2a: Corviknight|U-turn|p1a: Melmetal\n|-resisted|p1a: Melmetal\n|-damage|p1a: Melmetal|96\/100\n|\n|t:|1663508379\n|switch|p2a: Quagsire|Quagsire, M|100\/100|[from]move: U-turn\n|move|p1a: Melmetal|Thunder Punch|p2a: Quagsire\n|-immune|p2a: Quagsire\n|\n|-heal|p1a: Melmetal|100\/100|[from] item: Leftovers\n|upkeep\n|turn|11\n|\n|t:|1663508383\n|switch|p1a: Clefable|Clefable, F|100\/100\n|switch|p2a: Toxapex|Toxapex, F|100\/100\n|\n|upkeep\n|turn|12\n|\n|t:|1663508386\n|switch|p1a: Tornadus|Tornadus-Therian, M|100\/100\n|switch|p2a: Hatterene|Hatterene, F|100\/100\n|\n|-sideend|p2: NA Weezing|move: Light Screen\n|upkeep\n|turn|13\n|\n|t:|1663508389\n|switch|p2a: Toxapex|Toxapex, F|100\/100\n|move|p1a: Tornadus|U-turn|p2a: Toxapex\n|-resisted|p2a: Toxapex\n|-damage|p2a: Toxapex|96\/100\n|\n|t:|1663508393\n|switch|p1a: Clefable|Clefable, F|100\/100|[from]move: U-turn\n|\n|upkeep\n|turn|14\n|\n|t:|1663508396\n|switch|p1a: Tornadus|Tornadus-Therian, M|100\/100\n|switch|p2a: Corviknight|Corviknight, M|86\/100\n|-ability|p2a: Corviknight|Pressure\n|\n|-heal|p2a: Corviknight|92\/100|[from] item: Leftovers\n|upkeep\n|turn|15\n|\n|t:|1663508399\n|switch|p1a: Clefable|Clefable, F|100\/100\n|switch|p2a: Toxapex|Toxapex, F|100\/100\n|\n|upkeep\n|turn|16\n|\n|t:|1663508401\n|switch|p1a: Tornadus|Tornadus-Therian, M|100\/100\n|switch|p2a: Corviknight|Corviknight, M|92\/100\n|-ability|p2a: Corviknight|Pressure\n|\n|-heal|p2a: Corviknight|98\/100|[from] item: Leftovers\n|upkeep\n|turn|17\n|\n|t:|1663508404\n|switch|p2a: Toxapex|Toxapex, F|100\/100\n|move|p1a: Tornadus|Knock Off|p2a: Toxapex\n|-damage|p2a: Toxapex|91\/100\n|\n|upkeep\n|turn|18\n|\n|t:|1663508408\n|switch|p1a: Clefable|Clefable, F|100\/100\n|move|p2a: Toxapex|Light Screen|p2a: Toxapex\n|-sidestart|p2: NA Weezing|move: Light Screen\n|\n|upkeep\n|turn|19\n|\n|t:|1663508411\n|switch|p1a: Tornadus|Tornadus-Therian, M|100\/100\n|switch|p2a: Hatterene|Hatterene, F|100\/100\n|\n|upkeep\n|turn|20\n|\n|t:|1663508416\n|switch|p2a: Toxapex|Toxapex, F|100\/100\n|move|p1a: Tornadus|U-turn|p2a: Toxapex\n|-resisted|p2a: Toxapex\n|-damage|p2a: Toxapex|96\/100\n|\n|t:|1663508420\n|switch|p1a: Gastrodon|Gastrodon, M|100\/100|[from]move: U-turn\n|\n|upkeep\n|turn|21\n|\n|t:|1663508424\n|switch|p1a: Clefable|Clefable, F|100\/100\n|switch|p2a: Hatterene|Hatterene, F|100\/100\n|\n|upkeep\n|turn|22\n|\n|t:|1663508430\n|switch|p1a: Tornadus|Tornadus-Therian, M|100\/100\n|move|p2a: Hatterene|Calm Mind|p2a: Hatterene\n|-boost|p2a: Hatterene|spa|1\n|-boost|p2a: Hatterene|spd|1\n|\n|-sideend|p2: NA Weezing|move: Light Screen\n|upkeep\n|turn|23\n|\n|t:|1663508433\n|switch|p2a: Toxapex|Toxapex, F|100\/100\n|move|p1a: Tornadus|U-turn|p2a: Toxapex\n|-resisted|p2a: Toxapex\n|-damage|p2a: Toxapex|96\/100\n|\n|t:|1663508437\n|switch|p1a: Dragapult|Dragapult, F|100\/100|[from]move: U-turn\n|\n|upkeep\n|turn|24\n|\n|t:|1663508440\n|switch|p1a: Melmetal|Melmetal|100\/100\n|move|p2a: Toxapex|Toxic|p1a: Melmetal\n|-immune|p1a: Melmetal\n|\n|upkeep\n|turn|25\n|\n|t:|1663508445\n|switch|p1a: Clefable|Clefable, F|100\/100\n|move|p2a: Toxapex|Scald|p1a: Clefable\n|-damage|p1a: Clefable|84\/100\n|-status|p1a: Clefable|brn\n|\n|upkeep\n|turn|26\n|\n|t:|1663508451\n|switch|p1a: Tornadus|Tornadus-Therian, M|100\/100\n|switch|p2a: Corviknight|Corviknight, M|98\/100\n|-ability|p2a: Corviknight|Pressure\n|\n|-heal|p2a: Corviknight|100\/100|[from] item: Leftovers\n|upkeep\n|turn|27\n|\n|t:|1663508456\n|switch|p2a: Toxapex|Toxapex, F|100\/100\n|move|p1a: Tornadus|Knock Off|p2a: Toxapex\n|-damage|p2a: Toxapex|91\/100\n|\n|upkeep\n|turn|28\n|j| Vi-create7\n|\n|t:|1663508464\n|switch|p1a: Clefable|Clefable, F|84\/100 brn\n|move|p2a: Toxapex|Light Screen|p2a: Toxapex\n|-sidestart|p2: NA Weezing|move: Light Screen\n|\n|upkeep\n|turn|29\n|\n|t:|1663508469\n|switch|p1a: Tornadus|Tornadus-Therian, M|100\/100\n|switch|p2a: Corviknight|Corviknight, M|100\/100\n|-ability|p2a: Corviknight|Pressure\n|\n|upkeep\n|turn|30\n|\n|t:|1663508473\n|switch|p2a: Toxapex|Toxapex, F|100\/100\n|move|p1a: Tornadus|Knock Off|p2a: Toxapex\n|-damage|p2a: Toxapex|91\/100\n|\n|upkeep\n|turn|31\n|\n|t:|1663508476\n|switch|p1a: Clefable|Clefable, F|84\/100 brn\n|move|p2a: Toxapex|Toxic||[still]\n|-fail|p2a: Toxapex\n|\n|upkeep\n|turn|32\n|\n|t:|1663508479\n|switch|p2a: Corviknight|Corviknight, M|100\/100\n|-ability|p2a: Corviknight|Pressure\n|move|p1a: Clefable|Stealth Rock|p2a: Corviknight\n|-sidestart|p2: NA Weezing|move: Stealth Rock\n|\n|-sideend|p2: NA Weezing|move: Light Screen\n|upkeep\n|turn|33\n|\n|t:|1663508488\n|move|p2a: Corviknight|Defog|p1a: Clefable\n|-unboost|p1a: Clefable|evasion|1\n|-sideend|p2: NA Weezing|Stealth Rock|[from] move: Defog|[of] p2a: Corviknight\n|move|p1a: Clefable|Flamethrower|p2a: Corviknight\n|-supereffective|p2a: Corviknight\n|-damage|p2a: Corviknight|67\/100\n|\n|-heal|p2a: Corviknight|73\/100|[from] item: Leftovers\n|upkeep\n|turn|34\n|\n|t:|1663508493\n|switch|p1a: Tornadus|Tornadus-Therian, M|100\/100\n|move|p2a: Corviknight|Body Press|p1a: Tornadus\n|-resisted|p1a: Tornadus\n|-damage|p1a: Tornadus|91\/100\n|\n|-heal|p2a: Corviknight|79\/100|[from] item: Leftovers\n|upkeep\n|turn|35\n|\n|t:|1663508496\n|switch|p1a: Clefable|Clefable, F|84\/100 brn\n|switch|p2a: Toxapex|Toxapex, F|100\/100\n|\n|upkeep\n|turn|36\n|\n|t:|1663508498\n|switch|p1a: Tornadus|Tornadus-Therian, M|100\/100\n|switch|p2a: Corviknight|Corviknight, M|79\/100\n|-ability|p2a: Corviknight|Pressure\n|\n|-heal|p2a: Corviknight|86\/100|[from] item: Leftovers\n|upkeep\n|turn|37\n|\n|t:|1663508502\n|switch|p1a: Clefable|Clefable, F|84\/100 brn\n|switch|p2a: Toxapex|Toxapex, F|100\/100\n|\n|upkeep\n|turn|38\n|\n|t:|1663508505\n|switch|p1a: Tornadus|Tornadus-Therian, M|100\/100\n|switch|p2a: Corviknight|Corviknight, M|86\/100\n|-ability|p2a: Corviknight|Pressure\n|\n|-heal|p2a: Corviknight|92\/100|[from] item: Leftovers\n|upkeep\n|turn|39\n|\n|t:|1663508507\n|switch|p1a: Clefable|Clefable, F|84\/100 brn\n|switch|p2a: Toxapex|Toxapex, F|100\/100\n|\n|upkeep\n|turn|40\n|\n|t:|1663508510\n|switch|p1a: Tornadus|Tornadus-Therian, M|100\/100\n|switch|p2a: Corviknight|Corviknight, M|92\/100\n|-ability|p2a: Corviknight|Pressure\n|\n|-heal|p2a: Corviknight|98\/100|[from] item: Leftovers\n|upkeep\n|turn|41\n|\n|t:|1663508512\n|switch|p1a: Clefable|Clefable, F|84\/100 brn\n|switch|p2a: Toxapex|Toxapex, F|100\/100\n|\n|upkeep\n|turn|42\n|\n|t:|1663508514\n|switch|p1a: Tornadus|Tornadus-Therian, M|100\/100\n|switch|p2a: Corviknight|Corviknight, M|98\/100\n|-ability|p2a: Corviknight|Pressure\n|\n|-heal|p2a: Corviknight|100\/100|[from] item: Leftovers\n|upkeep\n|turn|43\n|\n|t:|1663508516\n|switch|p1a: Clefable|Clefable, F|84\/100 brn\n|switch|p2a: Toxapex|Toxapex, F|100\/100\n|\n|upkeep\n|turn|44\n|\n|t:|1663508518\n|switch|p1a: Tornadus|Tornadus-Therian, M|100\/100\n|switch|p2a: Corviknight|Corviknight, M|100\/100\n|-ability|p2a: Corviknight|Pressure\n|\n|upkeep\n|turn|45\n|\n|t:|1663508520\n|switch|p1a: Clefable|Clefable, F|84\/100 brn\n|switch|p2a: Toxapex|Toxapex, F|100\/100\n|\n|upkeep\n|turn|46\n|\n|t:|1663508521\n|switch|p1a: Tornadus|Tornadus-Therian, M|100\/100\n|switch|p2a: Corviknight|Corviknight, M|100\/100\n|-ability|p2a: Corviknight|Pressure\n|\n|upkeep\n|turn|47\n|\n|t:|1663508524\n|switch|p1a: Clefable|Clefable, F|84\/100 brn\n|switch|p2a: Toxapex|Toxapex, F|100\/100\n|\n|upkeep\n|turn|48\n|\n|t:|1663508527\n|switch|p2a: Corviknight|Corviknight, M|100\/100\n|-ability|p2a: Corviknight|Pressure\n|move|p1a: Clefable|Stealth Rock|p2a: Corviknight\n|-sidestart|p2: NA Weezing|move: Stealth Rock\n|\n|upkeep\n|turn|49\n|\n|t:|1663508529\n|switch|p1a: Dragapult|Dragapult, F|100\/100\n|move|p2a: Corviknight|Defog|p1a: Dragapult\n|-fail|p1a: Dragapult|unboost|[from] ability: Clear Body|[of] p1a: Dragapult\n|-sideend|p2: NA Weezing|Stealth Rock|[from] move: Defog|[of] p2a: Corviknight\n|\n|upkeep\n|turn|50\n|\n|t:|1663508532\n|switch|p2a: Toxapex|Toxapex, F|100\/100\n|move|p1a: Dragapult|Substitute|p1a: Dragapult\n|-start|p1a: Dragapult|Substitute\n|-damage|p1a: Dragapult|76\/100\n|\n|-heal|p1a: Dragapult|82\/100|[from] item: Leftovers\n|upkeep\n|turn|51\n|\n|t:|1663508539\n|switch|p2a: Hatterene|Hatterene, F|100\/100\n|move|p1a: Dragapult|Dragon Dance|p1a: Dragapult\n|-boost|p1a: Dragapult|atk|1\n|-boost|p1a: Dragapult|spe|1\n|\n|-heal|p1a: Dragapult|88\/100|[from] item: Leftovers\n|upkeep\n|turn|52\n|\n|t:|1663508542\n|move|p1a: Dragapult|Phantom Force||[still]\n|-prepare|p1a: Dragapult|Phantom Force\n|move|p2a: Hatterene|Draining Kiss|p1a: Dragapult|[miss]\n|-miss|p2a: Hatterene|p1a: Dragapult\n|\n|-heal|p1a: Dragapult|94\/100|[from] item: Leftovers\n|upkeep\n|turn|53\n|\n|t:|1663508544\n|switch|p2a: Blissey|Blissey, F|100\/100\n|move|p1a: Dragapult|Phantom Force|p2a: Blissey|[from]lockedmove\n|-immune|p2a: Blissey\n|\n|-heal|p1a: Dragapult|99\/100|[from] item: Leftovers\n|upkeep\n|turn|54\n|\n|t:|1663508546\n|switch|p2a: Hatterene|Hatterene, F|100\/100\n|move|p1a: Dragapult|Dragon Dance|p1a: Dragapult\n|-boost|p1a: Dragapult|atk|1\n|-boost|p1a: Dragapult|spe|1\n|\n|-heal|p1a: Dragapult|100\/100|[from] item: Leftovers\n|upkeep\n|turn|55\n|\n|t:|1663508551\n|move|p1a: Dragapult|Phantom Force||[still]\n|-prepare|p1a: Dragapult|Phantom Force\n|move|p2a: Hatterene|Calm Mind|p2a: Hatterene\n|-boost|p2a: Hatterene|spa|1\n|-boost|p2a: Hatterene|spd|1\n|\n|upkeep\n|turn|56\n|\n|t:|1663508552\n|switch|p2a: Blissey|Blissey, F|100\/100\n|move|p1a: Dragapult|Phantom Force|p2a: Blissey|[from]lockedmove\n|-immune|p2a: Blissey\n|\n|upkeep\n|turn|57\n|\n|t:|1663508555\n|switch|p2a: Hatterene|Hatterene, F|100\/100\n|move|p1a: Dragapult|Dragon Darts|p2a: Hatterene\n|-immune|p2a: Hatterene\n|\n|upkeep\n|turn|58\n|j| 0SiegeWarfare\n|\n|t:|1663508558\n|switch|p1a: Melmetal|Melmetal|100\/100\n|move|p2a: Hatterene|Calm Mind|p2a: Hatterene\n|-boost|p2a: Hatterene|spa|1\n|-boost|p2a: Hatterene|spd|1\n|\n|upkeep\n|turn|59\n|\n|t:|1663508560\n|switch|p2a: Toxapex|Toxapex, F|100\/100\n|move|p1a: Melmetal|Thunder Punch|p2a: Toxapex\n|-supereffective|p2a: Toxapex\n|-damage|p2a: Toxapex|50\/100\n|-status|p2a: Toxapex|par\n|\n|upkeep\n|turn|60\n|\n|t:|1663508566\n|switch|p1a: Weavile|Weavile, M|100\/100\n|-ability|p1a: Weavile|Pressure\n|switch|p2a: Quagsire|Quagsire, M|100\/100\n|\n|upkeep\n|turn|61\n|\n|t:|1663508569\n|move|p1a: Weavile|Knock Off|p2a: Quagsire\n|-damage|p2a: Quagsire|67\/100\n|-enditem|p2a: Quagsire|Leftovers|[from] move: Knock Off|[of] p1a: Weavile\n|move|p2a: Quagsire|Toxic|p1a: Weavile\n|-status|p1a: Weavile|tox\n|\n|-damage|p1a: Weavile|94\/100 tox|[from] psn\n|upkeep\n|turn|62\n|\n|t:|1663508573\n|move|p1a: Weavile|Triple Axel|p2a: Quagsire\n|-damage|p2a: Quagsire|58\/100\n|-damage|p2a: Quagsire|42\/100\n|-damage|p2a: Quagsire|16\/100\n|-hitcount|p2a: Quagsire|3\n|move|p2a: Quagsire|Recover|p2a: Quagsire\n|-heal|p2a: Quagsire|66\/100\n|\n|-damage|p1a: Weavile|82\/100 tox|[from] psn\n|upkeep\n|turn|63\n|\n|t:|1663508578\n|move|p1a: Weavile|Icicle Crash|p2a: Quagsire\n|-damage|p2a: Quagsire|29\/100\n|move|p2a: Quagsire|Recover|p2a: Quagsire\n|-heal|p2a: Quagsire|79\/100\n|\n|-damage|p1a: Weavile|64\/100 tox|[from] psn\n|upkeep\n|turn|64\n|\n|t:|1663508581\n|switch|p1a: Gastrodon|Gastrodon, M|100\/100\n|move|p2a: Quagsire|Recover|p2a: Quagsire\n|-heal|p2a: Quagsire|100\/100\n|\n|upkeep\n|turn|65\n|\n|t:|1663508584\n|switch|p1a: Clefable|Clefable, F|84\/100 brn\n|move|p2a: Quagsire|Toxic||[still]\n|-fail|p2a: Quagsire\n|\n|upkeep\n|turn|66\n|\n|t:|1663508587\n|switch|p1a: Dragapult|Dragapult, F|100\/100\n|switch|p2a: Corviknight|Corviknight, M|100\/100\n|-ability|p2a: Corviknight|Pressure\n|\n|upkeep\n|turn|67\n|c|\u2606alvar03|stall pusy\n|-message|alvar03 forfeited.\n|\n|win|NA Weezing\n|raw|alvar03's rating: 1698 &rarr; <strong>1683<\/strong><br \/>(-15 for losing)\n|raw|NA Weezing's rating: 1790 &rarr; <strong>1805<\/strong><br \/>(+15 for winning)\n|l|\u2606alvar03\n","uploadtime":1663508599,"views":33,"p1id":"alvar03","p2id":"naweezing","formatid":"gen8ou","rating":1683,"private":0,"password":null}