{"id":"gen8nationaldexag-1675886277","p1":"Anni (Yooh~)","p2":"Rediyu","format":"gen8nationaldexag","log":"|j|\u2606Anni (Yooh~)\n|j|\u2606Rediyu\n|t:|1664732904\n|gametype|singles\n|player|p1|Anni (Yooh~)|1|\n|player|p2|Rediyu|265|\n|teamsize|p1|6\n|teamsize|p2|6\n|gen|8\n|tier|[Gen 8] National Dex AG\n|rule|HP Percentage Mod: HP is shown in percentages\n|rule|Endless Battle Clause: Forcing endless battles is banned\n|clearpoke\n|poke|p1|Lopunny, M|\n|poke|p1|Meowstic, M|\n|poke|p1|Copperajah, F|\n|poke|p1|Toxapex, M|\n|poke|p1|Goodra, F|\n|poke|p1|Tapu Lele|\n|poke|p2|Suicune|\n|poke|p2|Registeel|\n|poke|p2|Spectrier|\n|poke|p2|Donphan, M|\n|poke|p2|Raichu, F|\n|poke|p2|Absol, M|\n|teampreview\n|c|\u2606Rediyu|gl hf\n|\n|t:|1664732929\n|start\n|switch|p1a: Oliver|Meowstic, M|100\/100\n|switch|p2a: Steel Regi|Registeel|100\/100\n|turn|1\n|\n|t:|1664732935\n|move|p1a: Oliver|Reflect|p1a: Oliver\n|-sidestart|p1: Anni (Yooh~)|Reflect\n|move|p2a: Steel Regi|Toxic|p1a: Oliver\n|-status|p1a: Oliver|tox\n|\n|-damage|p1a: Oliver|95\/100 tox|[from] psn\n|upkeep\n|turn|2\n|\n|t:|1664732942\n|move|p1a: Oliver|Light Screen|p1a: Oliver\n|-sidestart|p1: Anni (Yooh~)|move: Light Screen\n|move|p2a: Steel Regi|Stealth Rock|p1a: Oliver\n|-sidestart|p1: Anni (Yooh~)|move: Stealth Rock\n|\n|-damage|p1a: Oliver|83\/100 tox|[from] psn\n|upkeep\n|turn|3\n|\n|t:|1664732946\n|move|p1a: Oliver|Thunder Wave|p2a: Steel Regi\n|-status|p2a: Steel Regi|par\n|move|p2a: Steel Regi|Seismic Toss|p1a: Oliver\n|-damage|p1a: Oliver|54\/100 tox\n|\n|-damage|p1a: Oliver|36\/100 tox|[from] psn\n|upkeep\n|turn|4\n|\n|t:|1664732964\n|switch|p1a: Goodra|Goodra, F|100\/100\n|-damage|p1a: Goodra|88\/100|[from] Stealth Rock\n|move|p2a: Steel Regi|Seismic Toss|p1a: Goodra\n|-damage|p1a: Goodra|61\/100\n|-ability|p1a: Goodra|Gooey\n|-fail|p2a: Steel Regi|unboost|[from] ability: Clear Body|[of] p2a: Steel Regi\n|\n|upkeep\n|turn|5\n|\n|t:|1664733012\n|switch|p2a: Water Eis|Suicune|100\/100\n|-ability|p2a: Water Eis|Pressure\n|move|p1a: Goodra|Flamethrower|p2a: Water Eis\n|-resisted|p2a: Water Eis\n|-crit|p2a: Water Eis\n|-damage|p2a: Water Eis|83\/100\n|\n|-heal|p2a: Water Eis|89\/100|[from] item: Leftovers\n|upkeep\n|turn|6\n|\n|t:|1664733029\n|switch|p2a: Electric Mouse|Raichu, F|100\/100\n|move|p1a: Goodra|Dragon Pulse|p2a: Electric Mouse\n|-damage|p2a: Electric Mouse|32\/100\n|\n|upkeep\n|turn|7\n|\n|t:|1664733058\n|move|p2a: Electric Mouse|Volt Switch|p1a: Goodra\n|-resisted|p1a: Goodra\n|-damage|p1a: Goodra|58\/100\n|\n|t:|1664733066\n|switch|p2a: Steel Regi|Registeel|100\/100 par|[from]move: Volt Switch\n|move|p1a: Goodra|Dragon Pulse|p2a: Steel Regi\n|-resisted|p2a: Steel Regi\n|-damage|p2a: Steel Regi|86\/100 par\n|\n|upkeep\n|turn|8\n|\n|t:|1664733079\n|switch|p2a: Dark Chaos|Absol, M|100\/100\n|move|p1a: Goodra|Flamethrower|p2a: Dark Chaos\n|-damage|p2a: Dark Chaos|43\/100\n|\n|-sideend|p1: Anni (Yooh~)|Reflect\n|upkeep\n|turn|9\n|\n|t:|1664733097\n|switch|p1a: Kiyomizu|Toxapex, M|100\/100\n|-damage|p1a: Kiyomizu|88\/100|[from] Stealth Rock\n|detailschange|p2a: Dark Chaos|Absol-Mega, M\n|-mega|p2a: Dark Chaos|Absol|Absolite\n|move|p2a: Dark Chaos|Knock Off|p1a: Kiyomizu\n|-damage|p1a: Kiyomizu|54\/100\n|-damage|p2a: Dark Chaos|26\/100|[from] item: Rocky Helmet|[of] p1a: Kiyomizu\n|-enditem|p1a: Kiyomizu|Rocky Helmet|[from] move: Knock Off|[of] p2a: Dark Chaos\n|\n|-sideend|p1: Anni (Yooh~)|move: Light Screen\n|upkeep\n|turn|10\n|\n|t:|1664733175\n|switch|p2a: Ghost Ponny|Spectrier|100\/100\n|switch|p1a: Ashlee|Lopunny, M|100\/100\n|-damage|p1a: Ashlee|88\/100|[from] Stealth Rock\n|\n|upkeep\n|turn|11\n|\n|t:|1664733207\n|switch|p2a: Ground Dumbo|Donphan, M|100\/100\n|detailschange|p1a: Ashlee|Lopunny-Mega, M\n|-mega|p1a: Ashlee|Lopunny|Lopunnite\n|move|p1a: Ashlee|U-turn|p2a: Ground Dumbo\n|-damage|p2a: Ground Dumbo|79\/100\n|\n|t:|1664733221\n|switch|p1a: Goodra|Goodra, F|58\/100|[from]move: U-turn\n|-damage|p1a: Goodra|46\/100|[from] Stealth Rock\n|\n|upkeep\n|turn|12\n|\n|t:|1664733226\n|move|p2a: Ground Dumbo|Ice Shard|p1a: Goodra\n|-supereffective|p1a: Goodra\n|-damage|p1a: Goodra|0 fnt\n|faint|p1a: Goodra\n|\n|upkeep\n|\n|t:|1664733300\n|switch|p1a: Kiyomizu|Toxapex, M|87\/100\n|-damage|p1a: Kiyomizu|75\/100|[from] Stealth Rock\n|turn|13\n|\n|t:|1664733334\n|switch|p2a: Water Eis|Suicune|89\/100\n|-ability|p2a: Water Eis|Pressure\n|move|p1a: Kiyomizu|Scald|p2a: Water Eis\n|-resisted|p2a: Water Eis\n|-damage|p2a: Water Eis|83\/100\n|\n|-heal|p2a: Water Eis|89\/100|[from] item: Leftovers\n|upkeep\n|turn|14\n|\n|t:|1664733345\n|move|p2a: Water Eis|Substitute|p2a: Water Eis\n|-start|p2a: Water Eis|Substitute\n|-damage|p2a: Water Eis|64\/100\n|move|p1a: Kiyomizu|Recover|p1a: Kiyomizu\n|-heal|p1a: Kiyomizu|100\/100\n|\n|-heal|p2a: Water Eis|70\/100|[from] item: Leftovers\n|upkeep\n|turn|15\n|\n|t:|1664733381\n|move|p2a: Water Eis|Calm Mind|p2a: Water Eis\n|-boost|p2a: Water Eis|spa|1\n|-boost|p2a: Water Eis|spd|1\n|move|p1a: Kiyomizu|Knock Off|p2a: Water Eis\n|-activate|p2a: Water Eis|move: Substitute|[damage]\n|\n|-heal|p2a: Water Eis|76\/100|[from] item: Leftovers\n|upkeep\n|turn|16\n|\n|t:|1664733398\n|switch|p1a: Solaire|Copperajah, F, shiny|100\/100\n|-damage|p1a: Solaire|94\/100|[from] Stealth Rock\n|move|p2a: Water Eis|Calm Mind|p2a: Water Eis\n|-boost|p2a: Water Eis|spa|1\n|-boost|p2a: Water Eis|spd|1\n|\n|-heal|p2a: Water Eis|83\/100|[from] item: Leftovers\n|upkeep\n|turn|17\n|\n|t:|1664733412\n|move|p2a: Water Eis|Scald|p1a: Solaire\n|-damage|p1a: Solaire|60\/100\n|move|p1a: Solaire|Heavy Slam|p2a: Water Eis\n|-resisted|p2a: Water Eis\n|-end|p2a: Water Eis|Substitute\n|\n|-heal|p2a: Water Eis|89\/100|[from] item: Leftovers\n|upkeep\n|turn|18\n|\n|t:|1664733434\n|move|p2a: Water Eis|Substitute|p2a: Water Eis\n|-start|p2a: Water Eis|Substitute\n|-damage|p2a: Water Eis|64\/100\n|move|p1a: Solaire|Heavy Slam|p2a: Water Eis\n|-resisted|p2a: Water Eis\n|-activate|p2a: Water Eis|move: Substitute|[damage]\n|\n|-heal|p2a: Water Eis|70\/100|[from] item: Leftovers\n|upkeep\n|turn|19\n|\n|t:|1664733444\n|move|p2a: Water Eis|Scald|p1a: Solaire\n|-damage|p1a: Solaire|27\/100\n|move|p1a: Solaire|Heavy Slam|p2a: Water Eis\n|-resisted|p2a: Water Eis\n|-end|p2a: Water Eis|Substitute\n|\n|-heal|p2a: Water Eis|76\/100|[from] item: Leftovers\n|upkeep\n|turn|20\n|\n|t:|1664733454\n|move|p2a: Water Eis|Substitute|p2a: Water Eis\n|-start|p2a: Water Eis|Substitute\n|-damage|p2a: Water Eis|51\/100\n|move|p1a: Solaire|Heavy Slam|p2a: Water Eis\n|-resisted|p2a: Water Eis\n|-activate|p2a: Water Eis|move: Substitute|[damage]\n|\n|-heal|p2a: Water Eis|58\/100|[from] item: Leftovers\n|upkeep\n|turn|21\n|\n|t:|1664733465\n|move|p2a: Water Eis|Calm Mind|p2a: Water Eis\n|-boost|p2a: Water Eis|spa|1\n|-boost|p2a: Water Eis|spd|1\n|move|p1a: Solaire|Heavy Slam|p2a: Water Eis\n|-resisted|p2a: Water Eis\n|-end|p2a: Water Eis|Substitute\n|\n|-heal|p2a: Water Eis|64\/100|[from] item: Leftovers\n|upkeep\n|turn|22\n|\n|t:|1664733513\n|move|p2a: Water Eis|Substitute|p2a: Water Eis\n|-start|p2a: Water Eis|Substitute\n|-damage|p2a: Water Eis|39\/100\n|move|p1a: Solaire|Heavy Slam|p2a: Water Eis\n|-resisted|p2a: Water Eis\n|-activate|p2a: Water Eis|move: Substitute|[damage]\n|\n|-heal|p2a: Water Eis|45\/100|[from] item: Leftovers\n|upkeep\n|turn|23\n|\n|t:|1664733520\n|move|p2a: Water Eis|Scald|p1a: Solaire\n|-damage|p1a: Solaire|0 fnt\n|faint|p1a: Solaire\n|\n|-heal|p2a: Water Eis|51\/100|[from] item: Leftovers\n|upkeep\n|\n|t:|1664733527\n|switch|p1a: Ashlee|Lopunny-Mega, M|88\/100\n|-damage|p1a: Ashlee|82\/100|[from] Stealth Rock\n|turn|24\n|\n|t:|1664733531\n|move|p1a: Ashlee|U-turn|p2a: Water Eis\n|-end|p2a: Water Eis|Substitute\n|\n|t:|1664733544\n|switch|p1a: Oliver|Meowstic, M|36\/100 tox|[from]move: U-turn\n|-damage|p1a: Oliver|24\/100 tox|[from] Stealth Rock\n|move|p2a: Water Eis|Extrasensory|p1a: Oliver\n|-resisted|p1a: Oliver\n|-damage|p1a: Oliver|8\/100 tox\n|\n|-heal|p2a: Water Eis|58\/100|[from] item: Leftovers\n|-damage|p1a: Oliver|2\/100 tox|[from] psn\n|upkeep\n|turn|25\n|\n|t:|1664733565\n|move|p1a: Oliver|Light Screen|p1a: Oliver\n|-sidestart|p1: Anni (Yooh~)|move: Light Screen\n|move|p2a: Water Eis|Substitute|p2a: Water Eis\n|-start|p2a: Water Eis|Substitute\n|-damage|p2a: Water Eis|33\/100\n|\n|-heal|p2a: Water Eis|39\/100|[from] item: Leftovers\n|-damage|p1a: Oliver|0 fnt|[from] psn\n|faint|p1a: Oliver\n|upkeep\n|\n|t:|1664733573\n|switch|p1a: Ashlee|Lopunny-Mega, M|82\/100\n|-damage|p1a: Ashlee|76\/100|[from] Stealth Rock\n|turn|26\n|\n|t:|1664733577\n|move|p1a: Ashlee|U-turn|p2a: Water Eis\n|-activate|p2a: Water Eis|move: Substitute|[damage]\n|\n|t:|1664733580\n|switch|p1a: Kiyomizu|Toxapex, M|100\/100|[from]move: U-turn\n|-damage|p1a: Kiyomizu|88\/100|[from] Stealth Rock\n|move|p2a: Water Eis|Extrasensory|p1a: Kiyomizu\n|-supereffective|p1a: Kiyomizu\n|-damage|p1a: Kiyomizu|50\/100\n|\n|-heal|p2a: Water Eis|45\/100|[from] item: Leftovers\n|upkeep\n|turn|27\n|\n|t:|1664733589\n|move|p2a: Water Eis|Calm Mind|p2a: Water Eis\n|-boost|p2a: Water Eis|spa|1\n|-boost|p2a: Water Eis|spd|1\n|move|p1a: Kiyomizu|Haze|p1a: Kiyomizu\n|-clearallboost\n|\n|-heal|p2a: Water Eis|51\/100|[from] item: Leftovers\n|upkeep\n|turn|28\n|\n|t:|1664733601\n|switch|p1a: Ashlee|Lopunny-Mega, M|76\/100\n|-damage|p1a: Ashlee|70\/100|[from] Stealth Rock\n|move|p2a: Water Eis|Calm Mind|p2a: Water Eis\n|-boost|p2a: Water Eis|spa|1\n|-boost|p2a: Water Eis|spd|1\n|\n|-heal|p2a: Water Eis|58\/100|[from] item: Leftovers\n|upkeep\n|turn|29\n|\n|t:|1664733613\n|move|p1a: Ashlee|Return|p2a: Water Eis\n|-end|p2a: Water Eis|Substitute\n|move|p2a: Water Eis|Substitute|p2a: Water Eis\n|-start|p2a: Water Eis|Substitute\n|-damage|p2a: Water Eis|33\/100\n|\n|-heal|p2a: Water Eis|39\/100|[from] item: Leftovers\n|upkeep\n|turn|30\n|\n|t:|1664733622\n|move|p1a: Ashlee|Return|p2a: Water Eis\n|-crit|p2a: Water Eis\n|-end|p2a: Water Eis|Substitute\n|move|p2a: Water Eis|Extrasensory|p1a: Ashlee\n|-supereffective|p1a: Ashlee\n|-damage|p1a: Ashlee|37\/100\n|\n|-heal|p2a: Water Eis|45\/100|[from] item: Leftovers\n|upkeep\n|turn|31\n|\n|t:|1664733630\n|move|p1a: Ashlee|Return|p2a: Water Eis\n|-damage|p2a: Water Eis|13\/100\n|move|p2a: Water Eis|Extrasensory|p1a: Ashlee\n|-supereffective|p1a: Ashlee\n|-damage|p1a: Ashlee|5\/100\n|\n|-heal|p2a: Water Eis|19\/100|[from] item: Leftovers\n|upkeep\n|turn|32\n|\n|t:|1664733651\n|move|p1a: Ashlee|Close Combat|p2a: Water Eis\n|-damage|p2a: Water Eis|0 fnt\n|-unboost|p1a: Ashlee|def|1\n|-unboost|p1a: Ashlee|spd|1\n|faint|p2a: Water Eis\n|\n|-sideend|p1: Anni (Yooh~)|move: Light Screen\n|upkeep\n|\n|t:|1664733671\n|switch|p2a: Electric Mouse|Raichu, F|32\/100\n|turn|33\n|\n|t:|1664733675\n|move|p2a: Electric Mouse|Volt Switch|p1a: Ashlee\n|-damage|p1a: Ashlee|0 fnt\n|faint|p1a: Ashlee\n|\n|t:|1664733689\n|switch|p2a: Ghost Ponny|Spectrier|100\/100|[from]move: Volt Switch\n|\n|upkeep\n|\n|t:|1664733733\n|switch|p1a: Kiyomizu|Toxapex, M|84\/100\n|-damage|p1a: Kiyomizu|71\/100|[from] Stealth Rock\n|turn|34\n|\n|t:|1664733762\n|move|p2a: Ghost Ponny|Will-O-Wisp|p1a: Kiyomizu\n|-status|p1a: Kiyomizu|brn\n|move|p1a: Kiyomizu|Knock Off|p2a: Ghost Ponny\n|-supereffective|p2a: Ghost Ponny\n|-crit|p2a: Ghost Ponny\n|-damage|p2a: Ghost Ponny|66\/100\n|-enditem|p2a: Ghost Ponny|Leftovers|[from] move: Knock Off|[of] p1a: Kiyomizu\n|\n|-damage|p1a: Kiyomizu|66\/100 brn|[from] brn\n|upkeep\n|turn|35\n|\n|t:|1664733771\n|move|p2a: Ghost Ponny|Nasty Plot|p2a: Ghost Ponny\n|-boost|p2a: Ghost Ponny|spa|2\n|move|p1a: Kiyomizu|Recover|p1a: Kiyomizu\n|-heal|p1a: Kiyomizu|100\/100 brn\n|\n|-damage|p1a: Kiyomizu|95\/100 brn|[from] brn\n|upkeep\n|turn|36\n|\n|t:|1664733778\n|move|p2a: Ghost Ponny|Hex|p1a: Kiyomizu\n|-damage|p1a: Kiyomizu|0 fnt\n|faint|p1a: Kiyomizu\n|-ability|p2a: Ghost Ponny|Grim Neigh|boost\n|-boost|p2a: Ghost Ponny|spa|1\n|\n|upkeep\n|\n|t:|1664733786\n|switch|p1a: Lilly|Tapu Lele, shiny|100\/100\n|-damage|p1a: Lilly|88\/100|[from] Stealth Rock\n|-fieldstart|move: Psychic Terrain|[from] ability: Psychic Surge|[of] p1a: Lilly\n|turn|37\n|\n|t:|1664733805\n|move|p1a: Lilly|Moonblast|p2a: Ghost Ponny\n|-damage|p2a: Ghost Ponny|5\/100\n|-unboost|p2a: Ghost Ponny|spa|1\n|move|p2a: Ghost Ponny|Hex|p1a: Lilly\n|-supereffective|p1a: Lilly\n|-damage|p1a: Lilly|0 fnt\n|faint|p1a: Lilly\n|\n|win|Rediyu\n|c|\u2606Anni (Yooh~)|ggs\n|c|\u2606Rediyu|gg\n","uploadtime":1664733814,"views":12,"p1id":"anniyooh","p2id":"rediyu","formatid":"gen8nationaldexag","rating":0,"private":0,"password":null}