{"id":"gen8ou-1140888405","p1":"BOX CRUSHER","p2":"Goootzinho","format":"gen8ou","log":"|j|\u2606BOX CRUSHER\n|j|\u2606Goootzinho\n|player|p1|BOX CRUSHER|fisherman|1558\n|player|p2|Goootzinho|galacticgrunt|1528\n|teamsize|p1|6\n|teamsize|p2|6\n|gametype|singles\n|gen|8\n|tier|[Gen 8] OU\n|rated|\n|clearpoke\n|poke|p1|Weezing-Galar, M|\n|poke|p1|Rillaboom, M|\n|poke|p1|Marowak-Alola, F|\n|poke|p1|Mantine, M|\n|poke|p1|Turtonator, M|\n|poke|p1|Indeedee, M|\n|poke|p2|Pelipper, F|\n|poke|p2|Ferrothorn, F|\n|poke|p2|Seismitoad, M|\n|poke|p2|Magearna|\n|poke|p2|Kingdra, M|\n|poke|p2|Barraskewda, F|\n|rule|Sleep Clause Mod: Limit one foe put to sleep\n|rule|Species Clause: Limit one of each Pok\u00e9mon\n|rule|OHKO Clause: OHKO moves are banned\n|rule|Evasion Moves Clause: Evasion moves are banned\n|rule|Endless Battle Clause: Forcing endless battles is banned\n|rule|HP Percentage Mod: HP is shown in percentages\n|rule|Dynamax Clause: You cannot dynamax\n|teampreview\n|inactive|Battle timer is ON: inactive players will automatically lose when time's up. (requested by BOX CRUSHER)\n|\n|start\n|switch|p1a: Weezing|Weezing-Galar, M|100\/100\n|switch|p2a: Barraskewda|Barraskewda, F|100\/100\n|-ability|p1a: Weezing|Neutralizing Gas\n|turn|1\n|\n|move|p1a: Weezing|Protect|p1a: Weezing\n|-singleturn|p1a: Weezing|Protect\n|move|p2a: Barraskewda|Psychic Fangs|p1a: Weezing\n|-activate|p1a: Weezing|move: Protect\n|\n|upkeep\n|turn|2\n|\n|switch|p1a: Mantine|Mantine, M|100\/100\n|move|p2a: Barraskewda|Psychic Fangs|p1a: Mantine\n|-damage|p1a: Mantine|59\/100\n|\n|-heal|p1a: Mantine|65\/100|[from] item: Leftovers\n|upkeep\n|turn|3\n|\n|switch|p2a: Ferrothorn|Ferrothorn, F|100\/100\n|move|p1a: Mantine|Roost|p1a: Mantine\n|-heal|p1a: Mantine|100\/100\n|-singleturn|p1a: Mantine|move: Roost\n|\n|upkeep\n|turn|4\n|\n|switch|p1a: Weezing|Weezing-Galar, M|100\/100\n|-ability|p1a: Weezing|Neutralizing Gas\n|move|p2a: Ferrothorn|Knock Off|p1a: Weezing\n|-resisted|p1a: Weezing\n|-crit|p1a: Weezing\n|-damage|p1a: Weezing|90\/100\n|-enditem|p1a: Weezing|Black Sludge|[from] move: Knock Off|[of] p2a: Ferrothorn\n|\n|upkeep\n|turn|5\n|\n|switch|p2a: Magearna|Magearna|100\/100\n|move|p1a: Weezing|Toxic Spikes|p2a: Magearna\n|-sidestart|p2: Goootzinho|move: Toxic Spikes\n|\n|upkeep\n|turn|6\n|\n|switch|p1a: Marowak|Marowak-Alola, F|100\/100\n|move|p2a: Magearna|Fleur Cannon|p1a: Marowak\n|-resisted|p1a: Marowak\n|-damage|p1a: Marowak|30\/100\n|-unboost|p2a: Magearna|spa|2\n|\n|upkeep\n|turn|7\n|\n|switch|p1a: Indeedee|Indeedee, M|100\/100\n|-fieldstart|move: Psychic Terrain|[from] ability: Psychic Surge|[of] p1a: Indeedee\n|move|p2a: Magearna|Fleur Cannon|p1a: Indeedee\n|-damage|p1a: Indeedee|28\/100\n|-unboost|p2a: Magearna|spa|2\n|\n|upkeep\n|turn|8\n|\n|move|p1a: Indeedee|Mystical Fire|p2a: Magearna\n|-supereffective|p2a: Magearna\n|-damage|p2a: Magearna|46\/100\n|-unboost|p2a: Magearna|spa|1\n|move|p2a: Magearna|Fleur Cannon|p1a: Indeedee|[miss]\n|-miss|p2a: Magearna|p1a: Indeedee\n|\n|upkeep\n|turn|9\n|\n|switch|p2a: Pelipper|Pelipper, F|100\/100\n|-weather|RainDance|[from] ability: Drizzle|[of] p2a: Pelipper\n|move|p1a: Indeedee|Mystical Fire|p2a: Pelipper\n|-resisted|p2a: Pelipper\n|-damage|p2a: Pelipper|89\/100\n|-unboost|p2a: Pelipper|spa|1\n|\n|-weather|RainDance|[upkeep]\n|upkeep\n|turn|10\n|\n|switch|p1a: Weezing|Weezing-Galar, M|90\/100\n|-ability|p1a: Weezing|Neutralizing Gas\n|switch|p2a: Ferrothorn|Ferrothorn, F|100\/100\n|\n|-weather|RainDance|[upkeep]\n|upkeep\n|turn|11\n|\n|move|p1a: Weezing|Toxic Spikes|p2a: Ferrothorn\n|-sidestart|p2: Goootzinho|move: Toxic Spikes\n|move|p2a: Ferrothorn|Stealth Rock|p1a: Weezing\n|-sidestart|p1: BOX CRUSHER|move: Stealth Rock\n|\n|-weather|RainDance|[upkeep]\n|-fieldend|move: Psychic Terrain\n|upkeep\n|turn|12\n|\n|switch|p2a: Magearna|Magearna|46\/100\n|move|p1a: Weezing|Flamethrower|p2a: Magearna\n|-supereffective|p2a: Magearna\n|-damage|p2a: Magearna|31\/100\n|\n|-weather|RainDance|[upkeep]\n|upkeep\n|turn|13\n|\n|move|p1a: Weezing|Protect|p1a: Weezing\n|-singleturn|p1a: Weezing|Protect\n|move|p2a: Magearna|Fleur Cannon|p1a: Weezing\n|-activate|p1a: Weezing|move: Protect\n|\n|-weather|RainDance|[upkeep]\n|upkeep\n|turn|14\n|\n|move|p2a: Magearna|Fleur Cannon|p1a: Weezing\n|-resisted|p1a: Weezing\n|-damage|p1a: Weezing|19\/100\n|-unboost|p2a: Magearna|spa|2\n|move|p1a: Weezing|Flamethrower|p2a: Magearna\n|-supereffective|p2a: Magearna\n|-damage|p2a: Magearna|17\/100\n|\n|-weather|RainDance|[upkeep]\n|upkeep\n|turn|15\n|\n|move|p1a: Weezing|Protect|p1a: Weezing\n|-singleturn|p1a: Weezing|Protect\n|move|p2a: Magearna|Fleur Cannon|p1a: Weezing\n|-activate|p1a: Weezing|move: Protect\n|\n|-weather|RainDance|[upkeep]\n|upkeep\n|turn|16\n|\n|switch|p1a: Mantine|Mantine, M|100\/100\n|-damage|p1a: Mantine|76\/100|[from] Stealth Rock\n|move|p2a: Magearna|Fleur Cannon|p1a: Mantine\n|-damage|p1a: Mantine|40\/100\n|-unboost|p2a: Magearna|spa|2\n|\n|-weather|none\n|-heal|p1a: Mantine|46\/100|[from] item: Leftovers\n|upkeep\n|turn|17\n|\n|switch|p2a: Pelipper|Pelipper, F|89\/100\n|-weather|RainDance|[from] ability: Drizzle|[of] p2a: Pelipper\n|move|p1a: Mantine|Roost|p1a: Mantine\n|-heal|p1a: Mantine|96\/100\n|-singleturn|p1a: Mantine|move: Roost\n|\n|-weather|RainDance|[upkeep]\n|-heal|p1a: Mantine|100\/100|[from] item: Leftovers\n|upkeep\n|turn|18\n|\n|move|p1a: Mantine|Toxic|p2a: Pelipper\n|-status|p2a: Pelipper|tox\n|move|p2a: Pelipper|U-turn|p1a: Mantine\n|-resisted|p1a: Mantine\n|-damage|p1a: Mantine|97\/100\n|\n|switch|p2a: Ferrothorn|Ferrothorn, F|100\/100|[from]move: U-turn\n|\n|-weather|RainDance|[upkeep]\n|-heal|p1a: Mantine|100\/100|[from] item: Leftovers\n|upkeep\n|turn|19\n|\n|switch|p1a: Turtonator|Turtonator, M|100\/100\n|move|p2a: Ferrothorn|Toxic|p1a: Turtonator\n|-status|p1a: Turtonator|tox\n|\n|-weather|RainDance|[upkeep]\n|-damage|p1a: Turtonator|94\/100 tox|[from] psn\n|upkeep\n|turn|20\n|\n|switch|p2a: Pelipper|Pelipper, F|89\/100 tox\n|move|p1a: Turtonator|Rapid Spin|p2a: Pelipper\n|-damage|p2a: Pelipper|81\/100 tox\n|-boost|p1a: Turtonator|spe|1\n|-sideend|p1: BOX CRUSHER|Stealth Rock|[from] move: Rapid Spin|[of] p1a: Turtonator\n|\n|-weather|RainDance|[upkeep]\n|-damage|p1a: Turtonator|82\/100 tox|[from] psn\n|-damage|p2a: Pelipper|75\/100 tox|[from] psn\n|upkeep\n|turn|21\n|\n|move|p1a: Turtonator|Head Smash|p2a: Pelipper\n|-supereffective|p2a: Pelipper\n|-damage|p2a: Pelipper|29\/100 tox\n|-damage|p1a: Turtonator|59\/100 tox|[from] Recoil\n|move|p2a: Pelipper|Defog|p1a: Turtonator\n|-unboost|p1a: Turtonator|evasion|1\n|-sideend|p2: Goootzinho|Toxic Spikes|[from] move: Defog|[of] p2a: Pelipper\n|\n|-weather|RainDance|[upkeep]\n|-damage|p1a: Turtonator|40\/100 tox|[from] psn\n|-damage|p2a: Pelipper|16\/100 tox|[from] psn\n|upkeep\n|turn|22\n|\n|switch|p2a: Ferrothorn|Ferrothorn, F|100\/100\n|move|p1a: Turtonator|Body Press|p2a: Ferrothorn\n|-supereffective|p2a: Ferrothorn\n|-enditem|p2a: Ferrothorn|Chople Berry|[eat]\n|-enditem|p2a: Ferrothorn|Chople Berry|[weaken]\n|-damage|p2a: Ferrothorn|81\/100\n|-damage|p1a: Turtonator|28\/100 tox|[from] ability: Iron Barbs|[of] p2a: Ferrothorn\n|\n|-weather|RainDance|[upkeep]\n|-damage|p1a: Turtonator|3\/100 tox|[from] psn\n|upkeep\n|turn|23\n|\n|switch|p1a: Marowak|Marowak-Alola, F|30\/100\n|move|p2a: Ferrothorn|Stealth Rock|p1a: Marowak\n|-sidestart|p1: BOX CRUSHER|move: Stealth Rock\n|\n|-weather|RainDance|[upkeep]\n|upkeep\n|turn|24\n|j| PkmnTrainer Suna\n|l| PkmnTrainer Suna\n|\n|switch|p2a: Magearna|Magearna|17\/100\n|move|p1a: Marowak|Stealth Rock|p2a: Magearna\n|-sidestart|p2: Goootzinho|move: Stealth Rock\n|\n|-weather|none\n|upkeep\n|turn|25\n|\n|move|p2a: Magearna|Volt Switch|p1a: Marowak\n|-ability|p1a: Marowak|Lightning Rod|boost\n|-boost|p1a: Marowak|spa|1\n|move|p1a: Marowak|Flare Blitz|p2a: Magearna\n|-supereffective|p2a: Magearna\n|-damage|p2a: Magearna|0 fnt\n|-damage|p1a: Marowak|24\/100|[from] Recoil\n|faint|p2a: Magearna\n|\n|upkeep\n|\n|switch|p2a: Kingdra|Kingdra, M|100\/100\n|-damage|p2a: Kingdra|88\/100|[from] Stealth Rock\n|turn|26\n|\n|move|p2a: Kingdra|Surf|p1a: Marowak\n|-supereffective|p1a: Marowak\n|-damage|p1a: Marowak|0 fnt\n|-damage|p2a: Kingdra|78\/100|[from] item: Life Orb\n|faint|p1a: Marowak\n|\n|upkeep\n|\n|switch|p1a: Mantine|Mantine, M|100\/100\n|-damage|p1a: Mantine|76\/100|[from] Stealth Rock\n|turn|27\n|\n|switch|p2a: Pelipper|Pelipper, F|16\/100 tox\n|-damage|p2a: Pelipper|0 fnt|[from] Stealth Rock\n|faint|p2a: Pelipper\n|move|p1a: Mantine|Scald|p2: Pelipper|[notarget]\n|-fail|p1a: Mantine\n|\n|-heal|p1a: Mantine|82\/100|[from] item: Leftovers\n|upkeep\n|\n|switch|p2a: Ferrothorn|Ferrothorn, F|81\/100\n|-damage|p2a: Ferrothorn|75\/100|[from] Stealth Rock\n|turn|28\n|\n|switch|p1a: Turtonator|Turtonator, M|3\/100 tox\n|move|p2a: Ferrothorn|Toxic|p1a: Turtonator\n|-fail|p1a: Turtonator|tox\n|\n|-damage|p1a: Turtonator|0 fnt|[from] psn\n|faint|p1a: Turtonator\n|upkeep\n|\n|switch|p1a: Rillaboom|Rillaboom, M|100\/100\n|-damage|p1a: Rillaboom|88\/100|[from] Stealth Rock\n|-fieldstart|move: Grassy Terrain|[from] ability: Grassy Surge|[of] p1a: Rillaboom\n|turn|29\n|\n|move|p1a: Rillaboom|Superpower|p2a: Ferrothorn\n|-supereffective|p2a: Ferrothorn\n|-damage|p2a: Ferrothorn|0 fnt\n|-unboost|p1a: Rillaboom|atk|1\n|-unboost|p1a: Rillaboom|def|1\n|-damage|p1a: Rillaboom|76\/100|[from] ability: Iron Barbs|[of] p2a: Ferrothorn\n|faint|p2a: Ferrothorn\n|\n|-heal|p1a: Rillaboom|82\/100|[from] Grassy Terrain\n|upkeep\n|\n|switch|p2a: Barraskewda|Barraskewda, F|100\/100\n|-damage|p2a: Barraskewda|88\/100|[from] Stealth Rock\n|turn|30\n|\n|switch|p1a: Weezing|Weezing-Galar, M|19\/100\n|-ability|p1a: Weezing|Neutralizing Gas\n|-damage|p1a: Weezing|6\/100|[from] Stealth Rock\n|move|p2a: Barraskewda|Psychic Fangs|p1a: Weezing\n|-supereffective|p1a: Weezing\n|-damage|p1a: Weezing|0 fnt\n|faint|p1a: Weezing\n|\n|-heal|p2a: Barraskewda|94\/100|[from] Grassy Terrain\n|upkeep\n|\n|switch|p1a: Rillaboom|Rillaboom, M|82\/100\n|-damage|p1a: Rillaboom|70\/100|[from] Stealth Rock\n|turn|31\n|\n|switch|p2a: Seismitoad|Seismitoad, M|100\/100\n|-damage|p2a: Seismitoad|95\/100|[from] Stealth Rock\n|move|p1a: Rillaboom|Grassy Glide|p2a: Seismitoad\n|-supereffective|p2a: Seismitoad\n|-damage|p2a: Seismitoad|0 fnt\n|faint|p2a: Seismitoad\n|\n|-heal|p1a: Rillaboom|76\/100|[from] Grassy Terrain\n|upkeep\n|\n|switch|p2a: Kingdra|Kingdra, M|78\/100\n|-damage|p2a: Kingdra|66\/100|[from] Stealth Rock\n|turn|32\n|\n|move|p1a: Rillaboom|Grassy Glide|p2a: Kingdra\n|-damage|p2a: Kingdra|0 fnt\n|faint|p2a: Kingdra\n|\n|-heal|p1a: Rillaboom|82\/100|[from] Grassy Terrain\n|upkeep\n|\n|switch|p2a: Barraskewda|Barraskewda, F|94\/100\n|-damage|p2a: Barraskewda|82\/100|[from] Stealth Rock\n|turn|33\n|\n|move|p1a: Rillaboom|Grassy Glide|p2a: Barraskewda\n|-supereffective|p2a: Barraskewda\n|-damage|p2a: Barraskewda|0 fnt\n|faint|p2a: Barraskewda\n|\n|win|BOX CRUSHER\n|l|\u2606Goootzinho\n||Ladder (probably) updated, but score could not be retrieved (Request timeout).\n","uploadtime":1593289643,"views":13,"p1id":"boxcrusher","p2id":"goootzinho","formatid":"gen8ou","rating":0,"private":0,"password":null}