{"id":"gen8ou-1566368220","p1":"SetsuStsna","p2":"Ashborn_SL","format":"gen8ou","log":"|j|\u2606SetsuStsna\n|j|\u2606Ashborn_SL\n|inactive|Battle timer is ON: inactive players will automatically lose when time's up.\n|t:|1651536743\n|gametype|singles\n|player|p1|SetsuStsna|irida|\n|player|p2|Ashborn_SL|riley|\n|teamsize|p1|6\n|teamsize|p2|6\n|gen|8\n|tier|[Gen 8] OU\n|rated|Tournament battle\n|rule|Sleep Clause Mod: Limit one foe put to sleep\n|rule|Species Clause: Limit one of each Pok\u00e9mon\n|rule|OHKO Clause: OHKO moves are banned\n|rule|Evasion Moves Clause: Evasion moves are banned\n|rule|Endless Battle Clause: Forcing endless battles is banned\n|rule|HP Percentage Mod: HP is shown in percentages\n|rule|Dynamax Clause: You cannot dynamax\n|clearpoke\n|poke|p1|Kartana|\n|poke|p1|Dragapult, F|\n|poke|p1|Weavile, F|\n|poke|p1|Garchomp, F|\n|poke|p1|Dragonite, M|\n|poke|p1|Regigigas|\n|poke|p2|Landorus-Therian, M|\n|poke|p2|Kartana|\n|poke|p2|Urshifu-*, F|\n|poke|p2|Buzzwole|\n|poke|p2|Gengar, F|\n|poke|p2|Zeraora|\n|teampreview\n|j| Echo2615\n|c|\u2606SetsuStsna|hf\n|\n|t:|1651536760\n|start\n|switch|p1a: Weavile|Weavile, F|100\/100\n|switch|p2a: Landorus|Landorus-Therian, M|100\/100\n|turn|1\n|j|%htcl (>\u25e1<)\n|\n|t:|1651536765\n|switch|p2a: Buzzwole|Buzzwole|100\/100\n|move|p1a: Weavile|Ice Shard|p2a: Buzzwole\n|-damage|p2a: Buzzwole|71\/100\n|\n|upkeep\n|turn|2\n|\n|t:|1651536773\n|switch|p1a: Dragapult|Dragapult, F|100\/100\n|move|p2a: Buzzwole|Leech Life|p1a: Dragapult\n|-resisted|p1a: Dragapult\n|-damage|p1a: Dragapult|56\/100\n|-heal|p2a: Buzzwole|89\/100|[from] drain|[of] p1a: Dragapult\n|\n|upkeep\n|turn|3\n|\n|t:|1651536777\n|move|p1a: Dragapult|Dragon Darts|p2a: Buzzwole\n|-damage|p2a: Buzzwole|50\/100\n|-anim|p1a: Dragapult|Dragon Darts|p2a: Buzzwole\n|-damage|p2a: Buzzwole|12\/100\n|move|p2a: Buzzwole|Leech Life|p1a: Dragapult\n|-resisted|p1a: Dragapult\n|-damage|p1a: Dragapult|10\/100\n|-heal|p2a: Buzzwole|31\/100|[from] drain|[of] p1a: Dragapult\n|\n|upkeep\n|turn|4\n|\n|t:|1651536785\n|switch|p2a: Landorus|Landorus-Therian, M|100\/100\n|move|p1a: Dragapult|Dragon Darts|p2a: Landorus\n|-damage|p2a: Landorus|37\/100\n|-anim|p1a: Dragapult|Dragon Darts|p2a: Landorus\n|-damage|p2a: Landorus|0 fnt\n|faint|p2a: Landorus\n|\n|upkeep\n|c|%htcl (>\u25e1<)|gone\n|\n|t:|1651536791\n|switch|p2a: Zeraora|Zeraora|100\/100\n|turn|5\n|\n|t:|1651536796\n|move|p2a: Zeraora|Knock Off|p1a: Dragapult\n|-supereffective|p1a: Dragapult\n|-crit|p1a: Dragapult\n|-damage|p1a: Dragapult|0 fnt\n|-enditem|p1a: Dragapult|Choice Band|[from] move: Knock Off|[of] p2a: Zeraora\n|faint|p1a: Dragapult\n|\n|upkeep\n|\n|t:|1651536799\n|switch|p1a: Garchomp|Garchomp, F|100\/100\n|turn|6\n|\n|t:|1651536805\n|switch|p2a: Buzzwole|Buzzwole|31\/100\n|move|p1a: Garchomp|Earthquake|p2a: Buzzwole\n|-resisted|p2a: Buzzwole\n|-damage|p2a: Buzzwole|6\/100\n|\n|upkeep\n|turn|7\n|\n|t:|1651536807\n|move|p1a: Garchomp|Earthquake|p2a: Buzzwole\n|-resisted|p2a: Buzzwole\n|-damage|p2a: Buzzwole|0 fnt\n|faint|p2a: Buzzwole\n|\n|upkeep\n|\n|t:|1651536810\n|switch|p2a: Gengar|Gengar, F|100\/100\n|turn|8\n|\n|t:|1651536814\n|move|p2a: Gengar|Disable|p1a: Garchomp\n|-start|p1a: Garchomp|Disable|Earthquake\n|cant|p1a: Garchomp|Disable|Earthquake\n|\n|upkeep\n|turn|9\n|c|%htcl (>\u25e1<)|LMFAO\n|c|\u2606SetsuStsna|scarf diable\n|c|%htcl (>\u25e1<)|GIGACHAD\n|c|\u2606SetsuStsna|what the fuck\n|j| 39g added sugar\n|j| Mogus Mogul\n|c|%htcl (>\u25e1<)|what a goat\n|j| yaboiAshK.\n|\n|t:|1651536833\n|switch|p2a: Urshifu|Urshifu-Rapid-Strike, F|100\/100\n|switch|p1a: Dragonite|Dragonite, M|100\/100\n|\n|upkeep\n|turn|10\n|c| Mogus Mogul|Goat\n|\n|t:|1651536838\n|move|p2a: Urshifu|Surging Strikes|p1a: Dragonite\n|-resisted|p1a: Dragonite\n|-crit|p1a: Dragonite\n|-damage|p1a: Dragonite|83\/100\n|-resisted|p1a: Dragonite\n|-crit|p1a: Dragonite\n|-damage|p1a: Dragonite|68\/100\n|-resisted|p1a: Dragonite\n|-crit|p1a: Dragonite\n|-damage|p1a: Dragonite|53\/100\n|-hitcount|p1a: Dragonite|3\n|move|p1a: Dragonite|Outrage|p2a: Urshifu\n|-damage|p2a: Urshifu|0 fnt\n|faint|p2a: Urshifu\n|\n|upkeep\n|j| Queenss\n|\n|t:|1651536841\n|switch|p2a: Zeraora|Zeraora|100\/100\n|turn|11\n|l| yaboiAshK.\n|c| Mogus Mogul|What's the tour\n|\n|t:|1651536846\n|move|p2a: Zeraora|Play Rough|p1a: Dragonite\n|-supereffective|p1a: Dragonite\n|-damage|p1a: Dragonite|0 fnt\n|faint|p1a: Dragonite\n|\n|upkeep\n|c|\u2606SetsuStsna|mono gorilla tactics\n|j| yaboiAshK.\n|\n|t:|1651536852\n|switch|p1a: Kartana|Kartana, shiny|100\/100\n|turn|12\n|\n|t:|1651536855\n|switch|p2a: Kartana|Kartana|100\/100\n|move|p1a: Kartana|Knock Off|p2a: Kartana\n|-damage|p2a: Kartana|27\/100\n|-enditem|p2a: Kartana|Choice Scarf|[from] move: Knock Off|[of] p1a: Kartana\n|\n|upkeep\n|turn|13\n|\n|t:|1651536858\n|move|p1a: Kartana|Knock Off|p2a: Kartana\n|-damage|p2a: Kartana|0 fnt\n|faint|p2a: Kartana\n|\n|upkeep\n|\n|t:|1651536861\n|switch|p2a: Gengar|Gengar, F|100\/100\n|turn|14\n|\n|t:|1651536864\n|switch|p1a: Weavile|Weavile, F|100\/100\n|move|p2a: Gengar|Hypnosis|p1a: Weavile\n|-status|p1a: Weavile|slp|[from] move: Hypnosis\n|\n|upkeep\n|turn|15\n|\n|t:|1651536869\n|switch|p2a: Zeraora|Zeraora|100\/100\n|switch|p1a: Garchomp|Garchomp, F|100\/100\n|\n|upkeep\n|turn|16\n|c| Mogus Mogul|Goatgar\n|\n|t:|1651536871\n|move|p1a: Garchomp|Earthquake|p2a: Zeraora\n|-supereffective|p2a: Zeraora\n|-damage|p2a: Zeraora|0 fnt\n|faint|p2a: Zeraora\n|\n|upkeep\n|c| Mogus Mogul|Strikes again\n|\n|t:|1651536874\n|switch|p2a: Gengar|Gengar, F|100\/100\n|turn|17\n|c|%htcl (>\u25e1<)|mans really went for the scarf hypnosis\n|c|\u2606Ashborn_SL|yep\n|c| Mogus Mogul|Sludge wave sweep\n|c| Mogus Mogul|Focus blast*\n|\n|t:|1651536890\n|switch|p1a: Weavile|Weavile, F|100\/100 slp\n|move|p2a: Gengar|Disable||[still]\n|-fail|p2a: Gengar\n|\n|upkeep\n|turn|18\n|c|\u2606SetsuStsna|i have a full kartana bro\n|c|%htcl (>\u25e1<)|i dont think theres any way to win here sadly\n|c|%htcl (>\u25e1<)|:(\n|\n|t:|1651536896\n|move|p2a: Gengar|Disable||[still]\n|-fail|p2a: Gengar\n|cant|p1a: Weavile|slp\n|\n|upkeep\n|turn|19\n|l| 39g added sugar\n|c|\u2606Ashborn_SL|yep sadly\n|c| Echo2615|nooooooo\n|c|\u2606SetsuStsna|how much\n|c|\u2606Ashborn_SL|just spamming disable\n|c|\u2606SetsuStsna|does this do\n|\n|t:|1651536910\n|move|p2a: Gengar|Disable||[still]\n|-fail|p2a: Gengar\n|cant|p1a: Weavile|slp\n|\n|upkeep\n|turn|20\n|\n|t:|1651536913\n|move|p2a: Gengar|Disable||[still]\n|-fail|p2a: Gengar\n|cant|p1a: Weavile|slp\n|\n|upkeep\n|turn|21\n|c|\u2606SetsuStsna|he 4 turn sleep is crazy\n|\n|t:|1651536922\n|move|p2a: Gengar|Disable||[still]\n|-fail|p2a: Gengar\n|-curestatus|p1a: Weavile|slp|[msg]\n|move|p1a: Weavile|Beat Up|p2a: Gengar\n|-supereffective|p2a: Gengar\n|-damage|p2a: Gengar|15\/100\n|-supereffective|p2a: Gengar\n|-damage|p2a: Gengar|0 fnt\n|faint|p2a: Gengar\n|-hitcount|p2: Gengar|2\n|\n|win|SetsuStsna\n|n|\u2606SetsuStsna|setsustsna\n|n|\u2606Ashborn_SL|ashbornsl\n|n| Echo2615|echo2615\n|n| htcl (>\u25e1<)|htcl\n|n| Mogus Mogul|mogusmogul\n|n| Queenss|queenss\n|n| yaboiAshK.|yaboiashk\n|c|\u2606Ashborn_SL|gg\n|c|\u2606SetsuStsna|gg\n|c|\u2606Ashborn_SL|lol\n|l| yaboiAshK.\n|l|\u2606SetsuStsna\n|c|\u2606Ashborn_SL|I had a good idea tho\n|l| Echo2615\n|l| htcl (>\u25e1<)\n","uploadtime":1651536964,"views":37,"p1id":"setsustsna","p2id":"ashbornsl","formatid":"gen8ou","rating":0,"private":0,"password":null}