{"id":"gen8nationaldex-1422711718","p1":"Benjamin Gilbert","p2":"AromaVerity","format":"gen8nationaldex","log":"|j|\u2606Benjamin Gilbert\n|j|\u2606AromaVerity\n|inactive|Battle timer is ON: inactive players will automatically lose when time's up.\n|t:|1632435869\n|gametype|singles\n|player|p1|Benjamin Gilbert|266|\n|player|p2|AromaVerity|sage-gen2|\n|teamsize|p1|6\n|teamsize|p2|6\n|gen|8\n|tier|[Gen 8] National Dex\n|rated|Tournament battle\n|rule|HP Percentage Mod: HP is shown in percentages\n|rule|Endless Battle Clause: Forcing endless battles is banned\n|rule|OHKO Clause: OHKO moves are banned\n|rule|Evasion Moves Clause: Evasion moves are banned\n|rule|Species Clause: Limit one of each Pok\u00e9mon\n|rule|Dynamax Clause: You cannot dynamax\n|rule|Sleep Clause Mod: Limit one foe put to sleep\n|clearpoke\n|poke|p1|Regieleki|\n|poke|p1|Toxapex, M|\n|poke|p1|Zapdos-Galar|\n|poke|p1|Diancie|\n|poke|p1|Ferrothorn, F|\n|poke|p1|Mamoswine, M|\n|poke|p2|Zeraora|\n|poke|p2|Venusaur, M|\n|poke|p2|Victini|\n|poke|p2|Corviknight, F|\n|poke|p2|Mantine, M|\n|poke|p2|Gliscor, F|\n|teampreview\n|j| whole lotta agents\n|j| michael213\n|j| BoomDragoon\n|j| UnzipsCrogre\n|c|\u2606AromaVerity|ayo glhf\n|c|\u2606Benjamin Gilbert|u2\n|j| DrewCareysFeet\n|inactive|Benjamin Gilbert has 120 seconds left.\n|inactive|AromaVerity has 120 seconds left.\n|\n|t:|1632435921\n|start\n|switch|p1a: Clairo|Diancie, shiny|100\/100\n|switch|p2a: Zeraora|Zeraora, shiny|100\/100\n|turn|1\n|\n|t:|1632435933\n|move|p2a: Zeraora|Volt Switch|p1a: Clairo\n|-damage|p1a: Clairo|76\/100\n|\n|t:|1632435937\n|switch|p2a: Gliscor|Gliscor, F|100\/100|[from]move: Volt Switch\n|move|p1a: Clairo|Stealth Rock|p2a: Gliscor\n|-sidestart|p2: AromaVerity|move: Stealth Rock\n|\n|-status|p2a: Gliscor|tox|[from] item: Toxic Orb\n|upkeep\n|turn|2\n|j| Djwaot\n|\n|t:|1632435949\n|switch|p1a: Roadrunner|Zapdos-Galar|100\/100\n|move|p2a: Gliscor|Toxic|p1a: Roadrunner\n|-status|p1a: Roadrunner|tox\n|\n|-damage|p1a: Roadrunner|94\/100 tox|[from] psn\n|upkeep\n|turn|3\n|\n|t:|1632435964\n|move|p1a: Roadrunner|Bulk Up|p1a: Roadrunner\n|-boost|p1a: Roadrunner|atk|1\n|-boost|p1a: Roadrunner|def|1\n|move|p2a: Gliscor|Stealth Rock|p1a: Roadrunner\n|-sidestart|p1: Benjamin Gilbert|move: Stealth Rock\n|\n|-damage|p1a: Roadrunner|82\/100 tox|[from] psn\n|upkeep\n|turn|4\n|\n|t:|1632435977\n|move|p1a: Roadrunner|Thunderous Kick|p2a: Gliscor\n|-resisted|p2a: Gliscor\n|-damage|p2a: Gliscor|81\/100 tox\n|-unboost|p2a: Gliscor|def|1\n|move|p2a: Gliscor|Roost|p2a: Gliscor\n|-heal|p2a: Gliscor|100\/100 tox\n|-singleturn|p2a: Gliscor|move: Roost\n|\n|-damage|p1a: Roadrunner|63\/100 tox|[from] psn\n|upkeep\n|turn|5\n|\n|t:|1632435992\n|-zpower|p1a: Roadrunner\n|move|p1a: Roadrunner|Supersonic Skystrike|p2a: Gliscor|[zeffect]\n|-damage|p2a: Gliscor|0 fnt\n|faint|p2a: Gliscor\n|\n|-damage|p1a: Roadrunner|38\/100 tox|[from] psn\n|upkeep\n|inactive|AromaVerity has 120 seconds left.\n|\n|t:|1632436022\n|switch|p2a: Mantine|Mantine, M, shiny|100\/100\n|turn|6\n|inactive|AromaVerity has 120 seconds left.\n|\n|t:|1632436035\n|switch|p1a: ELECTRO KID|Regieleki, shiny|100\/100\n|-damage|p1a: ELECTRO KID|88\/100|[from] Stealth Rock\n|move|p2a: Mantine|Scald|p1a: ELECTRO KID\n|-damage|p1a: ELECTRO KID|56\/100\n|\n|-heal|p1a: ELECTRO KID|63\/100|[from] item: Leftovers\n|upkeep\n|turn|7\n|inactive|AromaVerity has 120 seconds left.\n|\n|t:|1632436055\n|switch|p2a: #001|Venusaur, M|100\/100\n|-damage|p2a: #001|88\/100|[from] Stealth Rock\n|move|p1a: ELECTRO KID|Rapid Spin|p2a: #001\n|-damage|p2a: #001|76\/100\n|-boost|p1a: ELECTRO KID|spe|1\n|-sideend|p1: Benjamin Gilbert|Stealth Rock|[from] move: Rapid Spin|[of] p1a: ELECTRO KID\n|\n|-heal|p1a: ELECTRO KID|69\/100|[from] item: Leftovers\n|upkeep\n|turn|8\n|inactive|AromaVerity has 120 seconds left.\n|\n|t:|1632436073\n|detailschange|p2a: #001|Venusaur-Mega, M\n|-mega|p2a: #001|Venusaur|Venusaurite\n|move|p1a: ELECTRO KID|Protect|p1a: ELECTRO KID\n|-singleturn|p1a: ELECTRO KID|Protect\n|move|p2a: #001|Leech Seed|p1a: ELECTRO KID\n|-activate|p1a: ELECTRO KID|move: Protect\n|\n|-heal|p1a: ELECTRO KID|75\/100|[from] item: Leftovers\n|upkeep\n|turn|9\n|inactive|AromaVerity has 120 seconds left.\n|\n|t:|1632436092\n|switch|p1a: Temple|Ferrothorn, F, shiny|100\/100\n|move|p2a: #001|Earth Power|p1a: Temple\n|-crit|p1a: Temple\n|-damage|p1a: Temple|68\/100\n|\n|-heal|p1a: Temple|74\/100|[from] item: Leftovers\n|upkeep\n|turn|10\n|inactive|AromaVerity has 120 seconds left.\n|\n|t:|1632436108\n|switch|p2a: Mantine|Mantine, M, shiny|100\/100\n|move|p1a: Temple|Spikes|p2a: Mantine\n|-sidestart|p2: AromaVerity|Spikes\n|\n|-heal|p1a: Temple|80\/100|[from] item: Leftovers\n|upkeep\n|turn|11\n|inactive|AromaVerity has 120 seconds left.\n|\n|t:|1632436119\n|move|p2a: Mantine|Defog|p1a: Temple\n|-unboost|p1a: Temple|evasion|1\n|-sideend|p2: AromaVerity|Spikes|[from] move: Defog|[of] p2a: Mantine\n|-sideend|p2: AromaVerity|Stealth Rock|[from] move: Defog|[of] p2a: Mantine\n|move|p1a: Temple|Leech Seed|p2a: Mantine\n|-start|p2a: Mantine|move: Leech Seed\n|\n|-heal|p1a: Temple|86\/100|[from] item: Leftovers\n|-damage|p2a: Mantine|88\/100|[from] Leech Seed|[of] p1a: Temple\n|-heal|p1a: Temple|99\/100|[silent]\n|upkeep\n|turn|12\n|\n|t:|1632436129\n|move|p2a: Mantine|Scald|p1a: Temple\n|-resisted|p1a: Temple\n|-damage|p1a: Temple|90\/100\n|move|p1a: Temple|Spikes|p2a: Mantine\n|-sidestart|p2: AromaVerity|Spikes\n|\n|-heal|p1a: Temple|97\/100|[from] item: Leftovers\n|-damage|p2a: Mantine|76\/100|[from] Leech Seed|[of] p1a: Temple\n|-heal|p1a: Temple|100\/100|[silent]\n|upkeep\n|turn|13\n|\n|t:|1632436146\n|switch|p1a: ELECTRO KID|Regieleki, shiny|75\/100\n|move|p2a: Mantine|Defog|p1a: ELECTRO KID\n|-unboost|p1a: ELECTRO KID|evasion|1\n|-sideend|p2: AromaVerity|Spikes|[from] move: Defog|[of] p2a: Mantine\n|\n|-heal|p1a: ELECTRO KID|81\/100|[from] item: Leftovers\n|-damage|p2a: Mantine|63\/100|[from] Leech Seed|[of] p1a: ELECTRO KID\n|-heal|p1a: ELECTRO KID|94\/100|[silent]\n|upkeep\n|turn|14\n|\n|t:|1632436165\n|switch|p2a: Zeraora|Zeraora, shiny|100\/100\n|move|p1a: ELECTRO KID|Substitute|p1a: ELECTRO KID\n|-start|p1a: ELECTRO KID|Substitute\n|-damage|p1a: ELECTRO KID|69\/100\n|\n|-heal|p1a: ELECTRO KID|75\/100|[from] item: Leftovers\n|upkeep\n|turn|15\n|\n|t:|1632436176\n|move|p1a: ELECTRO KID|Protect|p1a: ELECTRO KID\n|-singleturn|p1a: ELECTRO KID|Protect\n|move|p2a: Zeraora|Knock Off|p1a: ELECTRO KID\n|-activate|p1a: ELECTRO KID|move: Protect\n|\n|-heal|p1a: ELECTRO KID|81\/100|[from] item: Leftovers\n|upkeep\n|turn|16\n|\n|t:|1632436183\n|move|p1a: ELECTRO KID|Rapid Spin|p2a: Zeraora\n|-damage|p2a: Zeraora|86\/100\n|-boost|p1a: ELECTRO KID|spe|1\n|move|p2a: Zeraora|Knock Off|p1a: ELECTRO KID\n|-end|p1a: ELECTRO KID|Substitute\n|\n|-heal|p1a: ELECTRO KID|87\/100|[from] item: Leftovers\n|upkeep\n|turn|17\n|\n|t:|1632436197\n|move|p1a: ELECTRO KID|Protect|p1a: ELECTRO KID\n|-singleturn|p1a: ELECTRO KID|Protect\n|move|p2a: Zeraora|Volt Switch|p1a: ELECTRO KID\n|-activate|p1a: ELECTRO KID|move: Protect\n|\n|-heal|p1a: ELECTRO KID|94\/100|[from] item: Leftovers\n|upkeep\n|turn|18\n|\n|t:|1632436206\n|switch|p1a: Temple|Ferrothorn, F, shiny|100\/100\n|move|p2a: Zeraora|Knock Off|p1a: Temple\n|-damage|p1a: Temple|80\/100\n|-damage|p2a: Zeraora|73\/100|[from] ability: Iron Barbs|[of] p1a: Temple\n|-enditem|p1a: Temple|Leftovers|[from] move: Knock Off|[of] p2a: Zeraora\n|\n|upkeep\n|turn|19\n|\n|t:|1632436216\n|move|p2a: Zeraora|Volt Switch|p1a: Temple\n|-resisted|p1a: Temple\n|-crit|p1a: Temple\n|-damage|p1a: Temple|68\/100\n|\n|t:|1632436222\n|switch|p2a: Victini|Victini|100\/100|[from]move: Volt Switch\n|move|p1a: Temple|Spikes|p2a: Victini\n|-sidestart|p2: AromaVerity|Spikes\n|\n|upkeep\n|turn|20\n|\n|t:|1632436251\n|move|p2a: Victini|V-create|p1a: Temple\n|-supereffective|p1a: Temple\n|-damage|p1a: Temple|0 fnt\n|-unboost|p2a: Victini|spe|1\n|-unboost|p2a: Victini|def|1\n|-unboost|p2a: Victini|spd|1\n|-damage|p2a: Victini|88\/100|[from] ability: Iron Barbs|[of] p1a: Temple\n|faint|p1a: Temple\n|\n|upkeep\n|inactive|Benjamin Gilbert has 120 seconds left.\n|\n|t:|1632436266\n|switch|p1a: Clairo|Diancie, shiny|76\/100\n|turn|21\n|\n|t:|1632436273\n|switch|p2a: #001|Venusaur-Mega, M|76\/100\n|-damage|p2a: #001|64\/100|[from] Spikes\n|detailschange|p1a: Clairo|Diancie-Mega, shiny\n|-mega|p1a: Clairo|Diancie|Diancite\n|move|p1a: Clairo|Diamond Storm|p2a: #001\n|-crit|p2a: #001\n|-damage|p2a: #001|0 fnt\n|-boost|p1a: Clairo|def|2\n|faint|p2a: #001\n|\n|upkeep\n|\n|t:|1632436296\n|switch|p2a: Mantine|Mantine, M, shiny|63\/100\n|turn|22\n|\n|t:|1632436299\n|move|p1a: Clairo|Diamond Storm|p2a: Mantine\n|-supereffective|p2a: Mantine\n|-damage|p2a: Mantine|0 fnt\n|-boost|p1a: Clairo|def|2\n|faint|p2a: Mantine\n|\n|upkeep\n|c|\u2606AromaVerity|gg\n|-message|AromaVerity forfeited.\n|\n|win|Benjamin Gilbert\n|n|\u2606Benjamin Gilbert|benjamingilbert\n|n|\u2606AromaVerity|aromaverity\n|n| whole lotta agents|wholelottaagents\n|n| michael213|michael213\n|n| BoomDragoon|boomdragoon\n|n| UnzipsCrogre|unzipscrogre\n|n| DrewCareysFeet|drewcareysfeet\n|n| Djwaot|djwaot\n|l|\u2606AromaVerity\n|c|\u2606Benjamin Gilbert|gg\n|c| whole lotta agents|Gg\n|l|\u2606Benjamin Gilbert\n","uploadtime":1632436313,"views":17,"p1id":"benjamingilbert","p2id":"aromaverity","formatid":"gen8nationaldex","rating":0,"private":0,"password":null}