{"id":"gen8ou-1587067027","p1":"jordenwuj","p2":"Fastpitchkiller","format":"gen8ou","log":"|j|\u2606jordenwuj\n|j|\u2606Fastpitchkiller\n|t:|1654091256\n|gametype|singles\n|player|p1|jordenwuj|twins-gen4dp|1601\n|player|p2|Fastpitchkiller|169|1690\n|teamsize|p1|6\n|teamsize|p2|6\n|gen|8\n|tier|[Gen 8] OU\n|rated|\n|rule|Sleep Clause Mod: Limit one foe put to sleep\n|rule|Species Clause: Limit one of each Pok\u00e9mon\n|rule|OHKO Clause: OHKO moves are banned\n|rule|Evasion Moves Clause: Evasion moves are banned\n|rule|Endless Battle Clause: Forcing endless battles is banned\n|rule|HP Percentage Mod: HP is shown in percentages\n|rule|Dynamax Clause: You cannot dynamax\n|clearpoke\n|poke|p1|Pelipper, F|\n|poke|p1|Sharpedo, M|\n|poke|p1|Ferrothorn, F|\n|poke|p1|Landorus-Therian, M|\n|poke|p1|Tapu Lele|\n|poke|p1|Zapdos|\n|poke|p2|Blaziken, M|\n|poke|p2|Slowbro, F|\n|poke|p2|Tyranitar, M|\n|poke|p2|Corviknight, M|\n|poke|p2|Landorus-Therian, M|\n|poke|p2|Tapu Koko|\n|teampreview\n|inactive|Battle timer is ON: inactive players will automatically lose when time's up. (requested by jordenwuj)\n|j| jamtoast69\n|\n|t:|1654091267\n|start\n|switch|p1a: Pepe|Pelipper, F|100\/100\n|switch|p2a: Slowgatell|Slowbro, F|100\/100\n|-weather|RainDance|[from] ability: Drizzle|[of] p1a: Pepe\n|turn|1\n|\n|t:|1654091274\n|move|p1a: Pepe|Hurricane|p2a: Slowgatell\n|-damage|p2a: Slowgatell|29\/100\n|move|p2a: Slowgatell|Future Sight|p1a: Pepe\n|-start|p2a: Slowgatell|move: Future Sight\n|\n|-weather|RainDance|[upkeep]\n|upkeep\n|turn|2\n|\n|t:|1654091281\n|switch|p1a: Lando The Ryan|Landorus-Therian, M|100\/100\n|-ability|p1a: Lando The Ryan|Intimidate|boost\n|-unboost|p2a: Slowgatell|atk|1\n|switch|p2a: GODzilla|Tyranitar, M|100\/100\n|-weather|Sandstorm|[from] ability: Sand Stream|[of] p2a: GODzilla\n|\n|-weather|Sandstorm|[upkeep]\n|upkeep\n|turn|3\n|j| FundHerLifestyle\n|\n|t:|1654091293\n|move|p1a: Lando The Ryan|U-turn|p2a: GODzilla\n|-supereffective|p2a: GODzilla\n|-damage|p2a: GODzilla|64\/100\n|\n|t:|1654091295\n|switch|p1a: Bob|Ferrothorn, F|100\/100|[from]move: U-turn\n|move|p2a: GODzilla|Stealth Rock|p1a: Bob\n|-sidestart|p1: jordenwuj|move: Stealth Rock\n|\n|-weather|Sandstorm|[upkeep]\n|-end|p1a: Bob|move: Future Sight\n|-resisted|p1a: Bob\n|-damage|p1a: Bob|89\/100\n|-heal|p2a: GODzilla|70\/100|[from] item: Leftovers\n|-heal|p1a: Bob|95\/100|[from] item: Leftovers\n|upkeep\n|turn|4\n|\n|t:|1654091307\n|switch|p2a: Slowgatell|Slowbro, F|62\/100\n|move|p1a: Bob|Knock Off|p2a: Slowgatell\n|-supereffective|p2a: Slowgatell\n|-damage|p2a: Slowgatell|38\/100\n|-damage|p1a: Bob|78\/100|[from] item: Rocky Helmet|[of] p2a: Slowgatell\n|-enditem|p2a: Slowgatell|Rocky Helmet|[from] move: Knock Off|[of] p1a: Bob\n|\n|-weather|Sandstorm|[upkeep]\n|-damage|p2a: Slowgatell|31\/100|[from] Sandstorm\n|-heal|p1a: Bob|85\/100|[from] item: Leftovers\n|upkeep\n|turn|5\n|\n|t:|1654091320\n|switch|p1a: Zapgoose|Zapdos|100\/100\n|move|p2a: Slowgatell|Future Sight|p1a: Zapgoose\n|-start|p2a: Slowgatell|move: Future Sight\n|\n|-weather|Sandstorm|[upkeep]\n|-damage|p1a: Zapgoose|94\/100|[from] Sandstorm\n|-damage|p2a: Slowgatell|25\/100|[from] Sandstorm\n|upkeep\n|turn|6\n|\n|t:|1654091335\n|switch|p2a: GODzilla|Tyranitar, M|70\/100\n|move|p1a: Zapgoose|Defog|p2a: GODzilla\n|-unboost|p2a: GODzilla|evasion|1\n|-sideend|p1: jordenwuj|Stealth Rock|[from] move: Defog|[of] p1a: Zapgoose\n|\n|-weather|none\n|-heal|p2a: GODzilla|76\/100|[from] item: Leftovers\n|upkeep\n|turn|7\n|\n|t:|1654091346\n|move|p1a: Zapgoose|Thunder Wave|p2a: GODzilla\n|-status|p2a: GODzilla|par\n|move|p2a: GODzilla|Superpower|p1a: Zapgoose\n|-resisted|p1a: Zapgoose\n|-damage|p1a: Zapgoose|73\/100\n|-unboost|p2a: GODzilla|atk|1\n|-unboost|p2a: GODzilla|def|1\n|\n|-end|p1a: Zapgoose|move: Future Sight\n|-damage|p1a: Zapgoose|24\/100\n|-heal|p2a: GODzilla|82\/100 par|[from] item: Leftovers\n|upkeep\n|turn|8\n|\n|t:|1654091359\n|switch|p1a: Pepe|Pelipper, F|100\/100\n|-weather|RainDance|[from] ability: Drizzle|[of] p1a: Pepe\n|switch|p2a: Enamorousito|Landorus-Therian, M|100\/100\n|-ability|p2a: Enamorousito|Intimidate|boost\n|-unboost|p1a: Pepe|atk|1\n|\n|-weather|RainDance|[upkeep]\n|upkeep\n|turn|9\n|\n|t:|1654091369\n|switch|p2a: Slowgatell|Slowbro, F|59\/100\n|move|p1a: Pepe|Scald|p2a: Slowgatell\n|-resisted|p2a: Slowgatell\n|-damage|p2a: Slowgatell|19\/100\n|\n|-weather|RainDance|[upkeep]\n|upkeep\n|turn|10\n|\n|t:|1654091383\n|switch|p2a: Precoz|Tapu Koko|100\/100\n|-fieldstart|move: Electric Terrain|[from] ability: Electric Surge|[of] p2a: Precoz\n|move|p1a: Pepe|Scald|p2a: Precoz\n|-damage|p2a: Precoz|0 fnt\n|faint|p2a: Precoz\n|\n|-weather|RainDance|[upkeep]\n|upkeep\n|\n|t:|1654091397\n|switch|p2a: Claudio|Blaziken, M|100\/100\n|turn|11\n|\n|t:|1654091405\n|move|p2a: Claudio|Knock Off|p1a: Pepe\n|-damage|p1a: Pepe|41\/100\n|-enditem|p1a: Pepe|Choice Specs|[from] move: Knock Off|[of] p2a: Claudio\n|move|p1a: Pepe|Scald|p2a: Claudio\n|-supereffective|p2a: Claudio\n|-damage|p2a: Claudio|0 fnt\n|faint|p2a: Claudio\n|\n|-weather|RainDance|[upkeep]\n|upkeep\n|-message|Fastpitchkiller forfeited.\n|\n|win|jordenwuj\n|raw|jordenwuj's rating: 1601 &rarr; <strong>1626<\/strong><br \/>(+25 for winning)\n|raw|Fastpitchkiller's rating: 1690 &rarr; <strong>1665<\/strong><br \/>(-25 for losing)\n|l|\u2606Fastpitchkiller\n|l| jamtoast69\n|l|\u2606jordenwuj\n||Ladder isn't responding, score probably updated but might not have (Request timeout).\n","uploadtime":1654091559,"views":22,"p1id":"jordenwuj","p2id":"fastpitchkiller","formatid":"gen8ou","rating":1626,"private":0,"password":null}