{"id":"gen8ou-1695935042","p1":"minimax_ai","p2":"kokoukohiro","format":"gen8ou","log":"|html|<div class=\"broadcast-blue\"><strong>[Gen 8] OU is currently suspecting Melmetal! For information on how to participate check out the <a href=\"https:\/\/www.smogon.com\/forums\/threads\/np-ss-ou-suspect-process-round-12-monster-mash.3709234\/\">suspect thread<\/a>.<\/strong><\/div>\n|j|\u2606minimax_ai\n|j|\u2606kokoukohiro\n|t:|1666844449\n|gametype|singles\n|player|p1|minimax_ai|266|1578\n|player|p2|kokoukohiro|dawn-gen4pt|1612\n|teamsize|p1|6\n|teamsize|p2|6\n|gen|8\n|tier|[Gen 8] OU\n|rated|\n|rule|Sleep Clause Mod: Limit one foe put to sleep\n|rule|Species Clause: Limit one of each Pok\u00e9mon\n|rule|OHKO Clause: OHKO moves are banned\n|rule|Evasion Items Clause: Evasion items are banned\n|rule|Evasion Moves Clause: Evasion moves are banned\n|rule|Endless Battle Clause: Forcing endless battles is banned\n|rule|HP Percentage Mod: HP is shown in percentages\n|rule|Dynamax Clause: You cannot dynamax\n|clearpoke\n|poke|p1|Rotom-Wash|\n|poke|p1|Weavile, F|\n|poke|p1|Landorus-Therian, M|\n|poke|p1|Heatran, M|\n|poke|p1|Tangrowth, F|\n|poke|p1|Melmetal|\n|poke|p2|Jirachi|\n|poke|p2|Quagsire, F|\n|poke|p2|Blissey, F|\n|poke|p2|Toxapex, F|\n|poke|p2|Skarmory, M|\n|poke|p2|Tornadus-Therian, M|\n|teampreview\n|c|\u2606minimax_ai|hf\n|inactive|Battle timer is ON: inactive players will automatically lose when time's up. (requested by minimax_ai)\n|\n|t:|1666844462\n|start\n|switch|p1a: Heatran|Heatran, M|100\/100\n|switch|p2a: Skarmory|Skarmory, M|100\/100\n|-item|p1a: Heatran|Air Balloon\n|turn|1\n|\n|t:|1666844467\n|switch|p2a: Blissey|Blissey, F|100\/100\n|move|p1a: Heatran|Magma Storm|p2a: Blissey|[miss]\n|-miss|p1a: Heatran|p2a: Blissey\n|\n|upkeep\n|turn|2\n|\n|t:|1666844470\n|move|p1a: Heatran|Magma Storm|p2a: Blissey\n|-damage|p2a: Blissey|85\/100\n|-activate|p2a: Blissey|move: Magma Storm|[of] p1a: Heatran\n|move|p2a: Blissey|Seismic Toss|p1a: Heatran\n|-damage|p1a: Heatran|70\/100\n|-enditem|p1a: Heatran|Air Balloon\n|\n|-damage|p2a: Blissey|73\/100|[from] move: Magma Storm|[partiallytrapped]\n|upkeep\n|turn|3\n|\n|t:|1666844474\n|move|p1a: Heatran|Stealth Rock|p2a: Blissey\n|-sidestart|p2: kokoukohiro|move: Stealth Rock\n|move|p2a: Blissey|Seismic Toss|p1a: Heatran\n|-damage|p1a: Heatran|39\/100\n|\n|-damage|p2a: Blissey|60\/100|[from] move: Magma Storm|[partiallytrapped]\n|upkeep\n|turn|4\n|\n|t:|1666844476\n|switch|p1a: Melmetal|Melmetal|100\/100\n|move|p2a: Blissey|Seismic Toss|p1a: Melmetal\n|-damage|p1a: Melmetal|78\/100\n|\n|-end|p2a: Blissey|Magma Storm|[partiallytrapped]|[silent]\n|upkeep\n|turn|5\n|\n|t:|1666844481\n|switch|p2a: Quagsire|Quagsire, F|100\/100\n|-damage|p2a: Quagsire|94\/100|[from] Stealth Rock\n|move|p1a: Melmetal|Ice Punch|p2a: Quagsire\n|-damage|p2a: Quagsire|71\/100\n|\n|-heal|p2a: Quagsire|77\/100|[from] item: Leftovers\n|upkeep\n|turn|6\n|\n|t:|1666844484\n|move|p1a: Melmetal|Double Iron Bash|p2a: Quagsire\n|-resisted|p2a: Quagsire\n|-damage|p2a: Quagsire|63\/100\n|-resisted|p2a: Quagsire\n|-damage|p2a: Quagsire|48\/100\n|-hitcount|p2a: Quagsire|2\n|move|p2a: Quagsire|Recover|p2a: Quagsire\n|-heal|p2a: Quagsire|98\/100\n|\n|-heal|p2a: Quagsire|100\/100|[from] item: Leftovers\n|upkeep\n|turn|7\n|\n|t:|1666844486\n|switch|p1a: rotomwash|Rotom-Wash|100\/100\n|move|p2a: Quagsire|Scald|p1a: rotomwash\n|-resisted|p1a: rotomwash\n|-damage|p1a: rotomwash|90\/100\n|-status|p1a: rotomwash|brn\n|\n|-heal|p1a: rotomwash|96\/100 brn|[from] item: Leftovers\n|-damage|p1a: rotomwash|90\/100 brn|[from] brn\n|upkeep\n|turn|8\n|\n|t:|1666844489\n|switch|p2a: Blissey|Blissey, F|60\/100\n|move|p1a: rotomwash|Nasty Plot|p1a: rotomwash\n|-boost|p1a: rotomwash|spa|2\n|\n|-heal|p1a: rotomwash|96\/100 brn|[from] item: Leftovers\n|-damage|p1a: rotomwash|90\/100 brn|[from] brn\n|upkeep\n|turn|9\n|\n|t:|1666844492\n|move|p1a: rotomwash|Nasty Plot|p1a: rotomwash\n|-boost|p1a: rotomwash|spa|2\n|move|p2a: Blissey|Soft-Boiled|p2a: Blissey\n|-heal|p2a: Blissey|100\/100\n|\n|-heal|p1a: rotomwash|96\/100 brn|[from] item: Leftovers\n|-damage|p1a: rotomwash|90\/100 brn|[from] brn\n|upkeep\n|turn|10\n|\n|t:|1666844494\n|move|p1a: rotomwash|Nasty Plot|p1a: rotomwash\n|-boost|p1a: rotomwash|spa|2\n|move|p2a: Blissey|Seismic Toss|p1a: rotomwash\n|-damage|p1a: rotomwash|57\/100 brn\n|\n|-heal|p1a: rotomwash|63\/100 brn|[from] item: Leftovers\n|-damage|p1a: rotomwash|57\/100 brn|[from] brn\n|upkeep\n|turn|11\n|\n|t:|1666844495\n|move|p1a: rotomwash|Pain Split|p2a: Blissey\n|-sethp|p2a: Blissey|63\/100|[from] move: Pain Split|[silent]\n|-sethp|p1a: rotomwash|100\/100 brn|[from] move: Pain Split\n|move|p2a: Blissey|Seismic Toss|p1a: rotomwash\n|-damage|p1a: rotomwash|68\/100 brn\n|\n|-heal|p1a: rotomwash|74\/100 brn|[from] item: Leftovers\n|-damage|p1a: rotomwash|68\/100 brn|[from] brn\n|upkeep\n|turn|12\n|\n|t:|1666844497\n|move|p1a: rotomwash|Pain Split|p2a: Blissey\n|-sethp|p2a: Blissey|46\/100|[from] move: Pain Split|[silent]\n|-sethp|p1a: rotomwash|100\/100 brn|[from] move: Pain Split\n|move|p2a: Blissey|Soft-Boiled|p2a: Blissey\n|-heal|p2a: Blissey|96\/100\n|\n|-damage|p1a: rotomwash|94\/100 brn|[from] brn\n|upkeep\n|turn|13\n|\n|t:|1666844500\n|move|p1a: rotomwash|Hydro Pump|p2a: Blissey|[miss]\n|-miss|p1a: rotomwash|p2a: Blissey\n|move|p2a: Blissey|Seismic Toss|p1a: rotomwash\n|-damage|p1a: rotomwash|61\/100 brn\n|\n|-heal|p1a: rotomwash|68\/100 brn|[from] item: Leftovers\n|-damage|p1a: rotomwash|61\/100 brn|[from] brn\n|upkeep\n|turn|14\n|\n|t:|1666844502\n|move|p1a: rotomwash|Pain Split|p2a: Blissey\n|-sethp|p2a: Blissey|61\/100|[from] move: Pain Split|[silent]\n|-sethp|p1a: rotomwash|100\/100 brn|[from] move: Pain Split\n|move|p2a: Blissey|Seismic Toss|p1a: rotomwash\n|-damage|p1a: rotomwash|68\/100 brn\n|\n|-heal|p1a: rotomwash|74\/100 brn|[from] item: Leftovers\n|-damage|p1a: rotomwash|68\/100 brn|[from] brn\n|upkeep\n|turn|15\n|\n|t:|1666844505\n|move|p1a: rotomwash|Pain Split|p2a: Blissey\n|-sethp|p2a: Blissey|45\/100|[from] move: Pain Split|[silent]\n|-sethp|p1a: rotomwash|100\/100 brn|[from] move: Pain Split\n|move|p2a: Blissey|Soft-Boiled|p2a: Blissey\n|-heal|p2a: Blissey|95\/100\n|\n|-damage|p1a: rotomwash|94\/100 brn|[from] brn\n|upkeep\n|turn|16\n|\n|t:|1666844507\n|move|p1a: rotomwash|Hydro Pump|p2a: Blissey\n|-damage|p2a: Blissey|47\/100\n|move|p2a: Blissey|Seismic Toss|p1a: rotomwash\n|-damage|p1a: rotomwash|61\/100 brn\n|\n|-heal|p1a: rotomwash|68\/100 brn|[from] item: Leftovers\n|-damage|p1a: rotomwash|61\/100 brn|[from] brn\n|upkeep\n|turn|17\n|\n|t:|1666844511\n|move|p1a: rotomwash|Hydro Pump|p2a: Blissey|[miss]\n|-miss|p1a: rotomwash|p2a: Blissey\n|move|p2a: Blissey|Soft-Boiled|p2a: Blissey\n|-heal|p2a: Blissey|97\/100\n|\n|-heal|p1a: rotomwash|68\/100 brn|[from] item: Leftovers\n|-damage|p1a: rotomwash|61\/100 brn|[from] brn\n|upkeep\n|turn|18\n|\n|t:|1666844513\n|move|p1a: rotomwash|Pain Split|p2a: Blissey\n|-sethp|p2a: Blissey|62\/100|[from] move: Pain Split|[silent]\n|-sethp|p1a: rotomwash|100\/100 brn|[from] move: Pain Split\n|move|p2a: Blissey|Seismic Toss|p1a: rotomwash\n|-damage|p1a: rotomwash|68\/100 brn\n|\n|-heal|p1a: rotomwash|74\/100 brn|[from] item: Leftovers\n|-damage|p1a: rotomwash|68\/100 brn|[from] brn\n|upkeep\n|turn|19\n|\n|t:|1666844515\n|move|p1a: rotomwash|Pain Split|p2a: Blissey\n|-sethp|p2a: Blissey|45\/100|[from] move: Pain Split|[silent]\n|-sethp|p1a: rotomwash|100\/100 brn|[from] move: Pain Split\n|move|p2a: Blissey|Soft-Boiled|p2a: Blissey\n|-heal|p2a: Blissey|95\/100\n|\n|-damage|p1a: rotomwash|94\/100 brn|[from] brn\n|upkeep\n|turn|20\n|\n|t:|1666844517\n|move|p1a: rotomwash|Hydro Pump|p2a: Blissey\n|-damage|p2a: Blissey|51\/100\n|move|p2a: Blissey|Seismic Toss|p1a: rotomwash\n|-damage|p1a: rotomwash|61\/100 brn\n|\n|-heal|p1a: rotomwash|68\/100 brn|[from] item: Leftovers\n|-damage|p1a: rotomwash|61\/100 brn|[from] brn\n|upkeep\n|turn|21\n|\n|t:|1666844520\n|move|p1a: rotomwash|Hydro Pump|p2a: Blissey\n|-crit|p2a: Blissey\n|-damage|p2a: Blissey|0 fnt\n|faint|p2a: Blissey\n|\n|-heal|p1a: rotomwash|68\/100 brn|[from] item: Leftovers\n|-damage|p1a: rotomwash|61\/100 brn|[from] brn\n|upkeep\n|\n|t:|1666844526\n|switch|p2a: Jirachi|Jirachi|100\/100\n|-damage|p2a: Jirachi|94\/100|[from] Stealth Rock\n|turn|22\n|\n|t:|1666844528\n|move|p2a: Jirachi|Protect|p2a: Jirachi\n|-singleturn|p2a: Jirachi|Protect\n|move|p1a: rotomwash|Hydro Pump|p2a: Jirachi\n|-activate|p2a: Jirachi|move: Protect\n|\n|-heal|p1a: rotomwash|68\/100 brn|[from] item: Leftovers\n|-heal|p2a: Jirachi|100\/100|[from] item: Leftovers\n|-damage|p1a: rotomwash|61\/100 brn|[from] brn\n|upkeep\n|turn|23\n|\n|t:|1666844531\n|move|p1a: rotomwash|Hydro Pump|p2a: Jirachi\n|-damage|p2a: Jirachi|0 fnt\n|faint|p2a: Jirachi\n|\n|-heal|p1a: rotomwash|68\/100 brn|[from] item: Leftovers\n|-damage|p1a: rotomwash|61\/100 brn|[from] brn\n|upkeep\n|\n|t:|1666844538\n|switch|p2a: Quagsire|Quagsire, F|100\/100\n|-damage|p2a: Quagsire|94\/100|[from] Stealth Rock\n|turn|24\n|\n|t:|1666844540\n|switch|p2a: Toxapex|Toxapex, F|100\/100\n|-damage|p2a: Toxapex|88\/100|[from] Stealth Rock\n|move|p1a: rotomwash|Hydro Pump|p2a: Toxapex\n|-resisted|p2a: Toxapex\n|-damage|p2a: Toxapex|15\/100\n|\n|-heal|p1a: rotomwash|68\/100 brn|[from] item: Leftovers\n|-damage|p1a: rotomwash|61\/100 brn|[from] brn\n|upkeep\n|turn|25\n|\n|t:|1666844545\n|switch|p2a: Quagsire|Quagsire, F|94\/100\n|-damage|p2a: Quagsire|88\/100|[from] Stealth Rock\n|move|p1a: rotomwash|Thunderbolt|p2a: Quagsire\n|-immune|p2a: Quagsire\n|\n|-heal|p1a: rotomwash|68\/100 brn|[from] item: Leftovers\n|-heal|p2a: Quagsire|94\/100|[from] item: Leftovers\n|-damage|p1a: rotomwash|61\/100 brn|[from] brn\n|upkeep\n|turn|26\n|\n|t:|1666844552\n|move|p1a: rotomwash|Thunderbolt|p2a: Quagsire\n|-immune|p2a: Quagsire\n|move|p2a: Quagsire|Scald|p1a: rotomwash\n|-resisted|p1a: rotomwash\n|-damage|p1a: rotomwash|50\/100 brn\n|\n|-heal|p1a: rotomwash|56\/100 brn|[from] item: Leftovers\n|-heal|p2a: Quagsire|100\/100|[from] item: Leftovers\n|-damage|p1a: rotomwash|50\/100 brn|[from] brn\n|upkeep\n|turn|27\n|\n|t:|1666844554\n|move|p1a: rotomwash|Thunderbolt|p2a: Quagsire\n|-immune|p2a: Quagsire\n|move|p2a: Quagsire|Scald|p1a: rotomwash\n|-resisted|p1a: rotomwash\n|-damage|p1a: rotomwash|39\/100 brn\n|\n|-heal|p1a: rotomwash|46\/100 brn|[from] item: Leftovers\n|-damage|p1a: rotomwash|39\/100 brn|[from] brn\n|upkeep\n|turn|28\n|\n|t:|1666844556\n|move|p1a: rotomwash|Thunderbolt|p2a: Quagsire\n|-immune|p2a: Quagsire\n|move|p2a: Quagsire|Scald|p1a: rotomwash\n|-resisted|p1a: rotomwash\n|-damage|p1a: rotomwash|29\/100 brn\n|\n|-heal|p1a: rotomwash|36\/100 brn|[from] item: Leftovers\n|-damage|p1a: rotomwash|29\/100 brn|[from] brn\n|upkeep\n|turn|29\n|\n|t:|1666844558\n|move|p1a: rotomwash|Thunderbolt|p2a: Quagsire\n|-immune|p2a: Quagsire\n|move|p2a: Quagsire|Scald|p1a: rotomwash\n|-resisted|p1a: rotomwash\n|-damage|p1a: rotomwash|19\/100 brn\n|\n|-heal|p1a: rotomwash|25\/100 brn|[from] item: Leftovers\n|-damage|p1a: rotomwash|19\/100 brn|[from] brn\n|upkeep\n|turn|30\n|\n|t:|1666844561\n|move|p1a: rotomwash|Thunderbolt|p2a: Quagsire\n|-immune|p2a: Quagsire\n|move|p2a: Quagsire|Scald|p1a: rotomwash\n|-resisted|p1a: rotomwash\n|-damage|p1a: rotomwash|8\/100 brn\n|\n|-heal|p1a: rotomwash|14\/100 brn|[from] item: Leftovers\n|-damage|p1a: rotomwash|8\/100 brn|[from] brn\n|upkeep\n|turn|31\n|\n|t:|1666844563\n|move|p1a: rotomwash|Pain Split|p2a: Quagsire\n|-sethp|p2a: Quagsire|53\/100|[from] move: Pain Split|[silent]\n|-sethp|p1a: rotomwash|69\/100 brn|[from] move: Pain Split\n|move|p2a: Quagsire|Scald|p1a: rotomwash\n|-resisted|p1a: rotomwash\n|-damage|p1a: rotomwash|58\/100 brn\n|\n|-heal|p1a: rotomwash|65\/100 brn|[from] item: Leftovers\n|-heal|p2a: Quagsire|59\/100|[from] item: Leftovers\n|-damage|p1a: rotomwash|58\/100 brn|[from] brn\n|upkeep\n|turn|32\n|\n|t:|1666844566\n|move|p1a: rotomwash|Thunderbolt|p2a: Quagsire\n|-immune|p2a: Quagsire\n|move|p2a: Quagsire|Scald|p1a: rotomwash\n|-resisted|p1a: rotomwash\n|-damage|p1a: rotomwash|49\/100 brn\n|\n|-heal|p1a: rotomwash|55\/100 brn|[from] item: Leftovers\n|-heal|p2a: Quagsire|65\/100|[from] item: Leftovers\n|-damage|p1a: rotomwash|49\/100 brn|[from] brn\n|upkeep\n|turn|33\n|\n|t:|1666844569\n|move|p1a: rotomwash|Thunderbolt|p2a: Quagsire\n|-immune|p2a: Quagsire\n|move|p2a: Quagsire|Recover|p2a: Quagsire\n|-heal|p2a: Quagsire|100\/100\n|\n|-heal|p1a: rotomwash|55\/100 brn|[from] item: Leftovers\n|-damage|p1a: rotomwash|49\/100 brn|[from] brn\n|upkeep\n|turn|34\n|\n|t:|1666844571\n|move|p1a: rotomwash|Thunderbolt|p2a: Quagsire\n|-immune|p2a: Quagsire\n|move|p2a: Quagsire|Curse|p2a: Quagsire\n|-unboost|p2a: Quagsire|spe|1\n|-boost|p2a: Quagsire|atk|1\n|-boost|p2a: Quagsire|def|1\n|\n|-heal|p1a: rotomwash|55\/100 brn|[from] item: Leftovers\n|-damage|p1a: rotomwash|49\/100 brn|[from] brn\n|upkeep\n|turn|35\n|\n|t:|1666844572\n|move|p1a: rotomwash|Thunderbolt|p2a: Quagsire\n|-immune|p2a: Quagsire\n|move|p2a: Quagsire|Curse|p2a: Quagsire\n|-unboost|p2a: Quagsire|spe|1\n|-boost|p2a: Quagsire|atk|1\n|-boost|p2a: Quagsire|def|1\n|\n|-heal|p1a: rotomwash|55\/100 brn|[from] item: Leftovers\n|-damage|p1a: rotomwash|49\/100 brn|[from] brn\n|upkeep\n|turn|36\n|\n|t:|1666844573\n|move|p1a: rotomwash|Thunderbolt|p2a: Quagsire\n|-immune|p2a: Quagsire\n|move|p2a: Quagsire|Curse|p2a: Quagsire\n|-unboost|p2a: Quagsire|spe|1\n|-boost|p2a: Quagsire|atk|1\n|-boost|p2a: Quagsire|def|1\n|\n|-heal|p1a: rotomwash|55\/100 brn|[from] item: Leftovers\n|-damage|p1a: rotomwash|49\/100 brn|[from] brn\n|upkeep\n|turn|37\n|\n|t:|1666844575\n|move|p1a: rotomwash|Thunderbolt|p2a: Quagsire\n|-immune|p2a: Quagsire\n|move|p2a: Quagsire|Curse|p2a: Quagsire\n|-unboost|p2a: Quagsire|spe|1\n|-boost|p2a: Quagsire|atk|1\n|-boost|p2a: Quagsire|def|1\n|\n|-heal|p1a: rotomwash|55\/100 brn|[from] item: Leftovers\n|-damage|p1a: rotomwash|49\/100 brn|[from] brn\n|upkeep\n|turn|38\n|\n|t:|1666844576\n|move|p1a: rotomwash|Thunderbolt|p2a: Quagsire\n|-immune|p2a: Quagsire\n|move|p2a: Quagsire|Curse|p2a: Quagsire\n|-unboost|p2a: Quagsire|spe|1\n|-boost|p2a: Quagsire|atk|1\n|-boost|p2a: Quagsire|def|1\n|\n|-heal|p1a: rotomwash|55\/100 brn|[from] item: Leftovers\n|-damage|p1a: rotomwash|49\/100 brn|[from] brn\n|upkeep\n|turn|39\n|\n|t:|1666844578\n|move|p1a: rotomwash|Thunderbolt|p2a: Quagsire\n|-immune|p2a: Quagsire\n|move|p2a: Quagsire|Curse|p2a: Quagsire\n|-unboost|p2a: Quagsire|spe|1\n|-boost|p2a: Quagsire|atk|1\n|-boost|p2a: Quagsire|def|1\n|\n|-heal|p1a: rotomwash|55\/100 brn|[from] item: Leftovers\n|-damage|p1a: rotomwash|49\/100 brn|[from] brn\n|upkeep\n|turn|40\n|\n|t:|1666844580\n|move|p1a: rotomwash|Thunderbolt|p2a: Quagsire\n|-immune|p2a: Quagsire\n|move|p2a: Quagsire|Scald|p1a: rotomwash\n|-resisted|p1a: rotomwash\n|-damage|p1a: rotomwash|39\/100 brn\n|\n|-heal|p1a: rotomwash|45\/100 brn|[from] item: Leftovers\n|-damage|p1a: rotomwash|39\/100 brn|[from] brn\n|upkeep\n|turn|41\n|\n|t:|1666844582\n|move|p1a: rotomwash|Thunderbolt|p2a: Quagsire\n|-immune|p2a: Quagsire\n|move|p2a: Quagsire|Scald|p1a: rotomwash\n|-resisted|p1a: rotomwash\n|-damage|p1a: rotomwash|28\/100 brn\n|\n|-heal|p1a: rotomwash|34\/100 brn|[from] item: Leftovers\n|-damage|p1a: rotomwash|28\/100 brn|[from] brn\n|upkeep\n|turn|42\n|\n|t:|1666844584\n|move|p1a: rotomwash|Thunderbolt|p2a: Quagsire\n|-immune|p2a: Quagsire\n|move|p2a: Quagsire|Scald|p1a: rotomwash\n|-resisted|p1a: rotomwash\n|-damage|p1a: rotomwash|17\/100 brn\n|\n|-heal|p1a: rotomwash|23\/100 brn|[from] item: Leftovers\n|-damage|p1a: rotomwash|17\/100 brn|[from] brn\n|upkeep\n|turn|43\n|\n|t:|1666844586\n|move|p1a: rotomwash|Thunderbolt|p2a: Quagsire\n|-immune|p2a: Quagsire\n|move|p2a: Quagsire|Scald|p1a: rotomwash\n|-resisted|p1a: rotomwash\n|-damage|p1a: rotomwash|6\/100 brn\n|\n|-heal|p1a: rotomwash|12\/100 brn|[from] item: Leftovers\n|-damage|p1a: rotomwash|6\/100 brn|[from] brn\n|upkeep\n|turn|44\n|\n|t:|1666844587\n|move|p1a: rotomwash|Pain Split|p2a: Quagsire\n|-sethp|p2a: Quagsire|53\/100|[from] move: Pain Split|[silent]\n|-sethp|p1a: rotomwash|68\/100 brn|[from] move: Pain Split\n|move|p2a: Quagsire|Scald|p1a: rotomwash\n|-resisted|p1a: rotomwash\n|-crit|p1a: rotomwash\n|-damage|p1a: rotomwash|52\/100 brn\n|\n|-heal|p1a: rotomwash|58\/100 brn|[from] item: Leftovers\n|-heal|p2a: Quagsire|59\/100|[from] item: Leftovers\n|-damage|p1a: rotomwash|52\/100 brn|[from] brn\n|upkeep\n|turn|45\n|\n|t:|1666844590\n|move|p1a: rotomwash|Thunderbolt|p2a: Quagsire\n|-immune|p2a: Quagsire\n|move|p2a: Quagsire|Recover|p2a: Quagsire\n|-heal|p2a: Quagsire|100\/100\n|\n|-heal|p1a: rotomwash|58\/100 brn|[from] item: Leftovers\n|-damage|p1a: rotomwash|52\/100 brn|[from] brn\n|upkeep\n|turn|46\n|\n|t:|1666844597\n|move|p1a: rotomwash|Thunderbolt|p2a: Quagsire\n|-immune|p2a: Quagsire\n|move|p2a: Quagsire|Scald|p1a: rotomwash\n|-resisted|p1a: rotomwash\n|-damage|p1a: rotomwash|41\/100 brn\n|\n|-heal|p1a: rotomwash|48\/100 brn|[from] item: Leftovers\n|-damage|p1a: rotomwash|41\/100 brn|[from] brn\n|upkeep\n|turn|47\n|\n|t:|1666844599\n|move|p1a: rotomwash|Thunderbolt|p2a: Quagsire\n|-immune|p2a: Quagsire\n|move|p2a: Quagsire|Scald|p1a: rotomwash\n|-resisted|p1a: rotomwash\n|-damage|p1a: rotomwash|31\/100 brn\n|\n|-heal|p1a: rotomwash|37\/100 brn|[from] item: Leftovers\n|-damage|p1a: rotomwash|31\/100 brn|[from] brn\n|upkeep\n|turn|48\n|\n|t:|1666844601\n|move|p1a: rotomwash|Thunderbolt|p2a: Quagsire\n|-immune|p2a: Quagsire\n|move|p2a: Quagsire|Scald|p1a: rotomwash\n|-resisted|p1a: rotomwash\n|-damage|p1a: rotomwash|21\/100 brn\n|\n|-heal|p1a: rotomwash|27\/100 brn|[from] item: Leftovers\n|-damage|p1a: rotomwash|21\/100 brn|[from] brn\n|upkeep\n|turn|49\n|\n|t:|1666844604\n|move|p1a: rotomwash|Thunderbolt|p2a: Quagsire\n|-immune|p2a: Quagsire\n|move|p2a: Quagsire|Scald|p1a: rotomwash\n|-resisted|p1a: rotomwash\n|-damage|p1a: rotomwash|11\/100 brn\n|\n|-heal|p1a: rotomwash|17\/100 brn|[from] item: Leftovers\n|-damage|p1a: rotomwash|11\/100 brn|[from] brn\n|upkeep\n|turn|50\n|\n|t:|1666844608\n|move|p1a: rotomwash|Thunderbolt|p2a: Quagsire\n|-immune|p2a: Quagsire\n|move|p2a: Quagsire|Recover||[still]\n|-fail|p2a: Quagsire|heal\n|\n|-heal|p1a: rotomwash|17\/100 brn|[from] item: Leftovers\n|-damage|p1a: rotomwash|11\/100 brn|[from] brn\n|upkeep\n|turn|51\n|\n|t:|1666844610\n|switch|p1a: Tangrowth|Tangrowth, F|100\/100\n|move|p2a: Quagsire|Scald|p1a: Tangrowth\n|-resisted|p1a: Tangrowth\n|-crit|p1a: Tangrowth\n|-damage|p1a: Tangrowth|79\/100\n|\n|upkeep\n|turn|52\n|\n|t:|1666844618\n|switch|p2a: Toxapex|Toxapex, F|48\/100\n|-damage|p2a: Toxapex|35\/100|[from] Stealth Rock\n|move|p1a: Tangrowth|Sleep Powder|p2a: Toxapex\n|-status|p2a: Toxapex|slp|[from] move: Sleep Powder\n|\n|upkeep\n|turn|53\n|\n|t:|1666844621\n|switch|p1a: Heatran|Heatran, M|39\/100\n|switch|p2a: Tornadus|Tornadus-Therian, M|100\/100\n|\n|upkeep\n|turn|54\n|\n|t:|1666844631\n|move|p2a: Tornadus|U-turn|p1a: Heatran\n|-resisted|p1a: Heatran\n|-crit|p1a: Heatran\n|-damage|p1a: Heatran|33\/100\n|\n|t:|1666844633\n|switch|p2a: Quagsire|Quagsire, F|100\/100|[from]move: U-turn\n|-damage|p2a: Quagsire|94\/100|[from] Stealth Rock\n|move|p1a: Heatran|Magma Storm|p2a: Quagsire|[miss]\n|-miss|p1a: Heatran|p2a: Quagsire\n|\n|-heal|p2a: Quagsire|100\/100|[from] item: Leftovers\n|upkeep\n|turn|55\n|\n|t:|1666844636\n|switch|p1a: rotomwash|Rotom-Wash|11\/100 brn\n|move|p2a: Quagsire|Earthquake|p1a: rotomwash\n|-immune|p1a: rotomwash|[from] ability: Levitate\n|\n|-heal|p1a: rotomwash|17\/100 brn|[from] item: Leftovers\n|-damage|p1a: rotomwash|11\/100 brn|[from] brn\n|upkeep\n|turn|56\n|\n|t:|1666844637\n|move|p1a: rotomwash|Pain Split|p2a: Quagsire\n|-sethp|p2a: Quagsire|55\/100|[from] move: Pain Split|[silent]\n|-sethp|p1a: rotomwash|71\/100 brn|[from] move: Pain Split\n|move|p2a: Quagsire|Scald|p1a: rotomwash\n|-resisted|p1a: rotomwash\n|-damage|p1a: rotomwash|60\/100 brn\n|\n|-heal|p1a: rotomwash|67\/100 brn|[from] item: Leftovers\n|-heal|p2a: Quagsire|61\/100|[from] item: Leftovers\n|-damage|p1a: rotomwash|60\/100 brn|[from] brn\n|upkeep\n|turn|57\n|\n|t:|1666844640\n|move|p1a: rotomwash|Nasty Plot|p1a: rotomwash\n|-boost|p1a: rotomwash|spa|2\n|move|p2a: Quagsire|Curse|p2a: Quagsire\n|-unboost|p2a: Quagsire|spe|1\n|-boost|p2a: Quagsire|atk|1\n|-boost|p2a: Quagsire|def|1\n|\n|-heal|p1a: rotomwash|67\/100 brn|[from] item: Leftovers\n|-heal|p2a: Quagsire|67\/100|[from] item: Leftovers\n|-damage|p1a: rotomwash|60\/100 brn|[from] brn\n|upkeep\n|turn|58\n|\n|t:|1666844641\n|move|p1a: rotomwash|Nasty Plot|p1a: rotomwash\n|-boost|p1a: rotomwash|spa|2\n|move|p2a: Quagsire|Curse|p2a: Quagsire\n|-unboost|p2a: Quagsire|spe|1\n|-boost|p2a: Quagsire|atk|1\n|-boost|p2a: Quagsire|def|1\n|\n|-heal|p1a: rotomwash|67\/100 brn|[from] item: Leftovers\n|-heal|p2a: Quagsire|73\/100|[from] item: Leftovers\n|-damage|p1a: rotomwash|60\/100 brn|[from] brn\n|upkeep\n|turn|59\n|\n|t:|1666844643\n|move|p1a: rotomwash|Nasty Plot|p1a: rotomwash\n|-boost|p1a: rotomwash|spa|2\n|move|p2a: Quagsire|Curse|p2a: Quagsire\n|-unboost|p2a: Quagsire|spe|1\n|-boost|p2a: Quagsire|atk|1\n|-boost|p2a: Quagsire|def|1\n|\n|-heal|p1a: rotomwash|67\/100 brn|[from] item: Leftovers\n|-heal|p2a: Quagsire|79\/100|[from] item: Leftovers\n|-damage|p1a: rotomwash|60\/100 brn|[from] brn\n|upkeep\n|turn|60\n|\n|t:|1666844644\n|move|p1a: rotomwash|Nasty Plot|p1a: rotomwash\n|-boost|p1a: rotomwash|spa|0\n|move|p2a: Quagsire|Curse|p2a: Quagsire\n|-unboost|p2a: Quagsire|spe|1\n|-boost|p2a: Quagsire|atk|1\n|-boost|p2a: Quagsire|def|1\n|\n|-heal|p1a: rotomwash|67\/100 brn|[from] item: Leftovers\n|-heal|p2a: Quagsire|85\/100|[from] item: Leftovers\n|-damage|p1a: rotomwash|60\/100 brn|[from] brn\n|upkeep\n|turn|61\n|\n|t:|1666844647\n|move|p1a: rotomwash|Nasty Plot|p1a: rotomwash\n|-boost|p1a: rotomwash|spa|0\n|move|p2a: Quagsire|Curse|p2a: Quagsire\n|-unboost|p2a: Quagsire|spe|1\n|-boost|p2a: Quagsire|atk|1\n|-boost|p2a: Quagsire|def|1\n|\n|-heal|p1a: rotomwash|67\/100 brn|[from] item: Leftovers\n|-heal|p2a: Quagsire|91\/100|[from] item: Leftovers\n|-damage|p1a: rotomwash|60\/100 brn|[from] brn\n|upkeep\n|turn|62\n|\n|t:|1666844649\n|move|p1a: rotomwash|Nasty Plot|p1a: rotomwash\n|-boost|p1a: rotomwash|spa|0\n|move|p2a: Quagsire|Curse|p2a: Quagsire\n|-unboost|p2a: Quagsire|spe|1\n|-boost|p2a: Quagsire|atk|1\n|-boost|p2a: Quagsire|def|1\n|\n|-heal|p1a: rotomwash|67\/100 brn|[from] item: Leftovers\n|-heal|p2a: Quagsire|97\/100|[from] item: Leftovers\n|-damage|p1a: rotomwash|60\/100 brn|[from] brn\n|upkeep\n|turn|63\n|\n|t:|1666844656\n|move|p1a: rotomwash|Nasty Plot|p1a: rotomwash\n|-boost|p1a: rotomwash|spa|0\n|move|p2a: Quagsire|Scald|p1a: rotomwash\n|-resisted|p1a: rotomwash\n|-damage|p1a: rotomwash|50\/100 brn\n|\n|-heal|p1a: rotomwash|56\/100 brn|[from] item: Leftovers\n|-heal|p2a: Quagsire|100\/100|[from] item: Leftovers\n|-damage|p1a: rotomwash|50\/100 brn|[from] brn\n|upkeep\n|turn|64\n|\n|t:|1666844658\n|move|p1a: rotomwash|Nasty Plot|p1a: rotomwash\n|-boost|p1a: rotomwash|spa|0\n|move|p2a: Quagsire|Scald|p1a: rotomwash\n|-resisted|p1a: rotomwash\n|-damage|p1a: rotomwash|39\/100 brn\n|\n|-heal|p1a: rotomwash|45\/100 brn|[from] item: Leftovers\n|-damage|p1a: rotomwash|39\/100 brn|[from] brn\n|upkeep\n|turn|65\n|\n|t:|1666844661\n|move|p1a: rotomwash|Nasty Plot|p1a: rotomwash\n|-boost|p1a: rotomwash|spa|0\n|move|p2a: Quagsire|Scald|p1a: rotomwash\n|-resisted|p1a: rotomwash\n|-damage|p1a: rotomwash|28\/100 brn\n|\n|-heal|p1a: rotomwash|35\/100 brn|[from] item: Leftovers\n|-damage|p1a: rotomwash|28\/100 brn|[from] brn\n|upkeep\n|turn|66\n|\n|t:|1666844666\n|move|p1a: rotomwash|Pain Split|p2a: Quagsire\n|-sethp|p2a: Quagsire|61\/100|[from] move: Pain Split|[silent]\n|-sethp|p1a: rotomwash|79\/100 brn|[from] move: Pain Split\n|move|p2a: Quagsire|Scald|p1a: rotomwash\n|-resisted|p1a: rotomwash\n|-damage|p1a: rotomwash|69\/100 brn\n|\n|-heal|p1a: rotomwash|75\/100 brn|[from] item: Leftovers\n|-heal|p2a: Quagsire|67\/100|[from] item: Leftovers\n|-damage|p1a: rotomwash|69\/100 brn|[from] brn\n|upkeep\n|turn|67\n|\n|t:|1666844675\n|switch|p2a: Skarmory|Skarmory, M|100\/100\n|-damage|p2a: Skarmory|88\/100|[from] Stealth Rock\n|move|p1a: rotomwash|Pain Split|p2a: Skarmory\n|-sethp|p2a: Skarmory|76\/100|[from] move: Pain Split|[silent]\n|-sethp|p1a: rotomwash|83\/100 brn|[from] move: Pain Split\n|\n|-heal|p1a: rotomwash|89\/100 brn|[from] item: Leftovers\n|-damage|p1a: rotomwash|83\/100 brn|[from] brn\n|upkeep\n|turn|68\n|\n|t:|1666844677\n|move|p1a: rotomwash|Pain Split|p2a: Skarmory\n|-sethp|p2a: Skarmory|76\/100|[from] move: Pain Split|[silent]\n|-sethp|p1a: rotomwash|83\/100 brn|[from] move: Pain Split\n|move|p2a: Skarmory|Spikes|p1a: rotomwash\n|-sidestart|p1: minimax_ai|Spikes\n|\n|-heal|p1a: rotomwash|89\/100 brn|[from] item: Leftovers\n|-damage|p1a: rotomwash|83\/100 brn|[from] brn\n|upkeep\n|turn|69\n|\n|t:|1666844678\n|move|p1a: rotomwash|Pain Split|p2a: Skarmory\n|-sethp|p2a: Skarmory|76\/100|[from] move: Pain Split|[silent]\n|-sethp|p1a: rotomwash|83\/100 brn|[from] move: Pain Split\n|move|p2a: Skarmory|Spikes|p1a: rotomwash\n|-sidestart|p1: minimax_ai|Spikes\n|\n|-heal|p1a: rotomwash|89\/100 brn|[from] item: Leftovers\n|-damage|p1a: rotomwash|83\/100 brn|[from] brn\n|upkeep\n|turn|70\n|\n|t:|1666844680\n|switch|p1a: landorustherian|Landorus-Therian, M|100\/100\n|-ability|p1a: landorustherian|Intimidate|boost\n|-unboost|p2a: Skarmory|atk|1\n|move|p2a: Skarmory|Spikes|p1a: landorustherian\n|-sidestart|p1: minimax_ai|Spikes\n|\n|upkeep\n|turn|71\n|\n|t:|1666844683\n|move|p1a: landorustherian|Defog|p2a: Skarmory\n|-unboost|p2a: Skarmory|evasion|1\n|-sideend|p2: kokoukohiro|Stealth Rock|[from] move: Defog|[of] p1a: landorustherian\n|-sideend|p1: minimax_ai|Spikes|[from] move: Defog|[of] p1a: landorustherian\n|move|p2a: Skarmory|Spikes|p1a: landorustherian\n|-sidestart|p1: minimax_ai|Spikes\n|\n|upkeep\n|turn|72\n|\n|t:|1666844684\n|move|p1a: landorustherian|Defog|p2a: Skarmory\n|-unboost|p2a: Skarmory|evasion|1\n|-sideend|p1: minimax_ai|Spikes|[from] move: Defog|[of] p1a: landorustherian\n|move|p2a: Skarmory|Spikes|p1a: landorustherian\n|-sidestart|p1: minimax_ai|Spikes\n|\n|upkeep\n|turn|73\n|\n|t:|1666844685\n|move|p1a: landorustherian|Defog|p2a: Skarmory\n|-unboost|p2a: Skarmory|evasion|1\n|-sideend|p1: minimax_ai|Spikes|[from] move: Defog|[of] p1a: landorustherian\n|move|p2a: Skarmory|Spikes|p1a: landorustherian\n|-sidestart|p1: minimax_ai|Spikes\n|\n|upkeep\n|turn|74\n|\n|t:|1666844686\n|move|p1a: landorustherian|Defog|p2a: Skarmory\n|-unboost|p2a: Skarmory|evasion|1\n|-sideend|p1: minimax_ai|Spikes|[from] move: Defog|[of] p1a: landorustherian\n|move|p2a: Skarmory|Spikes|p1a: landorustherian\n|-sidestart|p1: minimax_ai|Spikes\n|\n|upkeep\n|turn|75\n|\n|t:|1666844688\n|move|p1a: landorustherian|Defog|p2a: Skarmory\n|-unboost|p2a: Skarmory|evasion|1\n|-sideend|p1: minimax_ai|Spikes|[from] move: Defog|[of] p1a: landorustherian\n|move|p2a: Skarmory|Spikes|p1a: landorustherian\n|-sidestart|p1: minimax_ai|Spikes\n|\n|upkeep\n|turn|76\n|\n|t:|1666844689\n|move|p1a: landorustherian|Defog|p2a: Skarmory\n|-unboost|p2a: Skarmory|evasion|1\n|-sideend|p1: minimax_ai|Spikes|[from] move: Defog|[of] p1a: landorustherian\n|move|p2a: Skarmory|Spikes|p1a: landorustherian\n|-sidestart|p1: minimax_ai|Spikes\n|\n|upkeep\n|turn|77\n|\n|t:|1666844690\n|switch|p1a: rotomwash|Rotom-Wash|83\/100 brn\n|move|p2a: Skarmory|Spikes|p1a: rotomwash\n|-sidestart|p1: minimax_ai|Spikes\n|\n|-heal|p1a: rotomwash|89\/100 brn|[from] item: Leftovers\n|-damage|p1a: rotomwash|83\/100 brn|[from] brn\n|upkeep\n|turn|78\n|\n|t:|1666844692\n|switch|p1a: landorustherian|Landorus-Therian, M|100\/100\n|-ability|p1a: landorustherian|Intimidate|boost\n|-unboost|p2a: Skarmory|atk|1\n|move|p2a: Skarmory|Spikes|p1a: landorustherian\n|-sidestart|p1: minimax_ai|Spikes\n|\n|upkeep\n|turn|79\n|\n|t:|1666844693\n|move|p1a: landorustherian|Defog|p2a: Skarmory\n|-unboost|p2a: Skarmory|evasion|0\n|-sideend|p1: minimax_ai|Spikes|[from] move: Defog|[of] p1a: landorustherian\n|move|p2a: Skarmory|Spikes|p1a: landorustherian\n|-sidestart|p1: minimax_ai|Spikes\n|\n|upkeep\n|turn|80\n|\n|t:|1666844695\n|move|p1a: landorustherian|Defog|p2a: Skarmory\n|-unboost|p2a: Skarmory|evasion|0\n|-sideend|p1: minimax_ai|Spikes|[from] move: Defog|[of] p1a: landorustherian\n|move|p2a: Skarmory|Spikes|p1a: landorustherian\n|-sidestart|p1: minimax_ai|Spikes\n|\n|upkeep\n|turn|81\n|\n|t:|1666844696\n|move|p1a: landorustherian|Defog|p2a: Skarmory\n|-unboost|p2a: Skarmory|evasion|0\n|-sideend|p1: minimax_ai|Spikes|[from] move: Defog|[of] p1a: landorustherian\n|move|p2a: Skarmory|Spikes|p1a: landorustherian\n|-sidestart|p1: minimax_ai|Spikes\n|\n|upkeep\n|turn|82\n|\n|t:|1666844697\n|move|p1a: landorustherian|Defog|p2a: Skarmory\n|-unboost|p2a: Skarmory|evasion|0\n|-sideend|p1: minimax_ai|Spikes|[from] move: Defog|[of] p1a: landorustherian\n|move|p2a: Skarmory|Spikes|p1a: landorustherian\n|-sidestart|p1: minimax_ai|Spikes\n|\n|upkeep\n|turn|83\n|\n|t:|1666844699\n|move|p1a: landorustherian|Defog|p2a: Skarmory\n|-unboost|p2a: Skarmory|evasion|0\n|-sideend|p1: minimax_ai|Spikes|[from] move: Defog|[of] p1a: landorustherian\n|move|p2a: Skarmory|Spikes|p1a: landorustherian\n|-sidestart|p1: minimax_ai|Spikes\n|\n|upkeep\n|turn|84\n|\n|t:|1666844700\n|move|p1a: landorustherian|Defog|p2a: Skarmory\n|-unboost|p2a: Skarmory|evasion|0\n|-sideend|p1: minimax_ai|Spikes|[from] move: Defog|[of] p1a: landorustherian\n|move|p2a: Skarmory|Spikes|p1a: landorustherian\n|-sidestart|p1: minimax_ai|Spikes\n|\n|upkeep\n|turn|85\n|\n|t:|1666844701\n|move|p1a: landorustherian|Defog|p2a: Skarmory\n|-unboost|p2a: Skarmory|evasion|0\n|-sideend|p1: minimax_ai|Spikes|[from] move: Defog|[of] p1a: landorustherian\n|move|p2a: Skarmory|Spikes|p1a: landorustherian\n|-sidestart|p1: minimax_ai|Spikes\n|\n|upkeep\n|turn|86\n|\n|t:|1666844704\n|move|p1a: landorustherian|Defog|p2a: Skarmory\n|-unboost|p2a: Skarmory|evasion|0\n|-sideend|p1: minimax_ai|Spikes|[from] move: Defog|[of] p1a: landorustherian\n|move|p2a: Skarmory|Spikes|p1a: landorustherian\n|-sidestart|p1: minimax_ai|Spikes\n|\n|upkeep\n|turn|87\n|\n|t:|1666844705\n|move|p1a: landorustherian|Defog|p2a: Skarmory\n|-unboost|p2a: Skarmory|evasion|0\n|-sideend|p1: minimax_ai|Spikes|[from] move: Defog|[of] p1a: landorustherian\n|move|p2a: Skarmory|Spikes|p1a: landorustherian\n|-sidestart|p1: minimax_ai|Spikes\n|\n|upkeep\n|turn|88\n|\n|t:|1666844706\n|move|p1a: landorustherian|Defog|p2a: Skarmory\n|-unboost|p2a: Skarmory|evasion|0\n|-sideend|p1: minimax_ai|Spikes|[from] move: Defog|[of] p1a: landorustherian\n|move|p2a: Skarmory|Spikes|p1a: landorustherian\n|-sidestart|p1: minimax_ai|Spikes\n|\n|upkeep\n|turn|89\n|\n|t:|1666844707\n|move|p1a: landorustherian|Defog|p2a: Skarmory\n|-unboost|p2a: Skarmory|evasion|0\n|-sideend|p1: minimax_ai|Spikes|[from] move: Defog|[of] p1a: landorustherian\n|move|p2a: Skarmory|Spikes|p1a: landorustherian\n|-sidestart|p1: minimax_ai|Spikes\n|\n|upkeep\n|turn|90\n|\n|t:|1666844708\n|move|p1a: landorustherian|Defog|p2a: Skarmory\n|-unboost|p2a: Skarmory|evasion|0\n|-sideend|p1: minimax_ai|Spikes|[from] move: Defog|[of] p1a: landorustherian\n|move|p2a: Skarmory|Spikes|p1a: landorustherian\n|-sidestart|p1: minimax_ai|Spikes\n|\n|upkeep\n|turn|91\n|\n|t:|1666844710\n|move|p1a: landorustherian|Defog|p2a: Skarmory\n|-unboost|p2a: Skarmory|evasion|0\n|-sideend|p1: minimax_ai|Spikes|[from] move: Defog|[of] p1a: landorustherian\n|move|p2a: Skarmory|Spikes|p1a: landorustherian\n|-sidestart|p1: minimax_ai|Spikes\n|\n|upkeep\n|turn|92\n|\n|t:|1666844711\n|move|p1a: landorustherian|Defog|p2a: Skarmory\n|-unboost|p2a: Skarmory|evasion|0\n|-sideend|p1: minimax_ai|Spikes|[from] move: Defog|[of] p1a: landorustherian\n|move|p2a: Skarmory|Spikes|p1a: landorustherian\n|-sidestart|p1: minimax_ai|Spikes\n|\n|upkeep\n|turn|93\n|\n|t:|1666844713\n|move|p1a: landorustherian|Defog|p2a: Skarmory\n|-unboost|p2a: Skarmory|evasion|0\n|-sideend|p1: minimax_ai|Spikes|[from] move: Defog|[of] p1a: landorustherian\n|move|p2a: Skarmory|Spikes|p1a: landorustherian\n|-sidestart|p1: minimax_ai|Spikes\n|\n|upkeep\n|turn|94\n|\n|t:|1666844714\n|move|p1a: landorustherian|Defog|p2a: Skarmory\n|-unboost|p2a: Skarmory|evasion|0\n|-sideend|p1: minimax_ai|Spikes|[from] move: Defog|[of] p1a: landorustherian\n|move|p2a: Skarmory|Spikes|p1a: landorustherian\n|-sidestart|p1: minimax_ai|Spikes\n|\n|upkeep\n|turn|95\n|\n|t:|1666844715\n|move|p1a: landorustherian|Defog|p2a: Skarmory\n|-unboost|p2a: Skarmory|evasion|0\n|-sideend|p1: minimax_ai|Spikes|[from] move: Defog|[of] p1a: landorustherian\n|move|p2a: Skarmory|Spikes|p1a: landorustherian\n|-sidestart|p1: minimax_ai|Spikes\n|\n|upkeep\n|turn|96\n|\n|t:|1666844718\n|move|p1a: landorustherian|Defog|p2a: Skarmory\n|-unboost|p2a: Skarmory|evasion|0\n|-sideend|p1: minimax_ai|Spikes|[from] move: Defog|[of] p1a: landorustherian\n|move|p2a: Skarmory|Spikes|p1a: landorustherian\n|-sidestart|p1: minimax_ai|Spikes\n|\n|upkeep\n|turn|97\n|\n|t:|1666844722\n|switch|p1a: rotomwash|Rotom-Wash|83\/100 brn\n|move|p2a: Skarmory|Spikes|p1a: rotomwash\n|-sidestart|p1: minimax_ai|Spikes\n|\n|-heal|p1a: rotomwash|89\/100 brn|[from] item: Leftovers\n|-damage|p1a: rotomwash|83\/100 brn|[from] brn\n|upkeep\n|turn|98\n|\n|t:|1666844724\n|switch|p1a: landorustherian|Landorus-Therian, M|100\/100\n|-ability|p1a: landorustherian|Intimidate|boost\n|-unboost|p2a: Skarmory|atk|1\n|move|p2a: Skarmory|Spikes|p1a: landorustherian\n|-sidestart|p1: minimax_ai|Spikes\n|\n|upkeep\n|turn|99\n|\n|t:|1666844726\n|switch|p1a: rotomwash|Rotom-Wash|83\/100 brn\n|move|p2a: Skarmory|Roar|p1a: rotomwash\n|drag|p1a: Heatran|Heatran, M|33\/100\n|-damage|p1a: Heatran|8\/100|[from] Spikes\n|\n|upkeep\n|turn|100\n|\n|t:|1666844732\n|switch|p2a: Tornadus|Tornadus-Therian, M|100\/100\n|move|p1a: Heatran|Magma Storm|p2a: Tornadus\n|-damage|p2a: Tornadus|50\/100\n|-activate|p2a: Tornadus|move: Magma Storm|[of] p1a: Heatran\n|\n|-damage|p2a: Tornadus|38\/100|[from] move: Magma Storm|[partiallytrapped]\n|upkeep\n|turn|101\n|\n|t:|1666844734\n|switch|p1a: landorustherian|Landorus-Therian, M|100\/100\n|-ability|p1a: landorustherian|Intimidate|boost\n|-unboost|p2a: Tornadus|atk|1\n|move|p2a: Tornadus|U-turn|p1a: landorustherian\n|-resisted|p1a: landorustherian\n|-damage|p1a: landorustherian|96\/100\n|\n|t:|1666844738\n|switch|p2a: Skarmory|Skarmory, M|76\/100|[from]move: U-turn\n|\n|-heal|p1a: landorustherian|100\/100|[from] item: Leftovers\n|upkeep\n|turn|102\n|\n|t:|1666844740\n|switch|p1a: rotomwash|Rotom-Wash|83\/100 brn\n|move|p2a: Skarmory|Roar|p1a: rotomwash\n|drag|p1a: Melmetal|Melmetal|78\/100\n|-damage|p1a: Melmetal|53\/100|[from] Spikes\n|\n|upkeep\n|turn|103\n|\n|t:|1666844744\n|switch|p1a: landorustherian|Landorus-Therian, M|100\/100\n|-ability|p1a: landorustherian|Intimidate|boost\n|-unboost|p2a: Skarmory|atk|1\n|move|p2a: Skarmory|Body Press|p1a: landorustherian\n|-resisted|p1a: landorustherian\n|-damage|p1a: landorustherian|84\/100\n|\n|-heal|p1a: landorustherian|91\/100|[from] item: Leftovers\n|upkeep\n|turn|104\n|\n|t:|1666844746\n|switch|p1a: rotomwash|Rotom-Wash|83\/100 brn\n|move|p2a: Skarmory|Roar|p1a: rotomwash\n|drag|p1a: Tangrowth|Tangrowth, F|100\/100\n|-damage|p1a: Tangrowth|75\/100|[from] Spikes\n|\n|upkeep\n|turn|105\n|\n|t:|1666844749\n|switch|p1a: landorustherian|Landorus-Therian, M|91\/100\n|-ability|p1a: landorustherian|Intimidate|boost\n|-unboost|p2a: Skarmory|atk|1\n|move|p2a: Skarmory|Roar|p1a: landorustherian\n|drag|p1a: rotomwash|Rotom-Wash|83\/100 brn\n|\n|-heal|p1a: rotomwash|89\/100 brn|[from] item: Leftovers\n|-damage|p1a: rotomwash|83\/100 brn|[from] brn\n|upkeep\n|turn|106\n|\n|t:|1666844751\n|move|p1a: rotomwash|Nasty Plot|p1a: rotomwash\n|-boost|p1a: rotomwash|spa|2\n|move|p2a: Skarmory|Roar|p1a: rotomwash\n|drag|p1a: landorustherian|Landorus-Therian, M|91\/100\n|-ability|p1a: landorustherian|Intimidate|boost\n|-unboost|p2a: Skarmory|atk|1\n|\n|-heal|p1a: landorustherian|97\/100|[from] item: Leftovers\n|upkeep\n|turn|107\n|\n|t:|1666844754\n|switch|p1a: rotomwash|Rotom-Wash|83\/100 brn\n|move|p2a: Skarmory|Roar|p1a: rotomwash\n|drag|p1a: Weavile|Weavile, F|100\/100\n|-damage|p1a: Weavile|76\/100|[from] Spikes\n|-ability|p1a: Weavile|Pressure\n|\n|upkeep\n|turn|108\n|\n|t:|1666844758\n|switch|p1a: landorustherian|Landorus-Therian, M|97\/100\n|-ability|p1a: landorustherian|Intimidate|boost\n|-unboost|p2a: Skarmory|atk|1\n|move|p2a: Skarmory|Roost|p2a: Skarmory\n|-heal|p2a: Skarmory|100\/100\n|-singleturn|p2a: Skarmory|move: Roost\n|\n|-heal|p1a: landorustherian|100\/100|[from] item: Leftovers\n|upkeep\n|turn|109\n|\n|t:|1666844760\n|switch|p1a: rotomwash|Rotom-Wash|83\/100 brn\n|move|p2a: Skarmory|Roar|p1a: rotomwash\n|drag|p1a: landorustherian|Landorus-Therian, M|100\/100\n|-ability|p1a: landorustherian|Intimidate|boost\n|-unboost|p2a: Skarmory|atk|1\n|\n|upkeep\n|turn|110\n|\n|t:|1666844761\n|switch|p1a: rotomwash|Rotom-Wash|83\/100 brn\n|move|p2a: Skarmory|Roar|p1a: rotomwash\n|drag|p1a: landorustherian|Landorus-Therian, M|100\/100\n|-ability|p1a: landorustherian|Intimidate|boost\n|-unboost|p2a: Skarmory|atk|1\n|\n|upkeep\n|turn|111\n|\n|t:|1666844762\n|switch|p1a: rotomwash|Rotom-Wash|83\/100 brn\n|move|p2a: Skarmory|Roar|p1a: rotomwash\n|drag|p1a: Weavile|Weavile, F|76\/100\n|-damage|p1a: Weavile|51\/100|[from] Spikes\n|-ability|p1a: Weavile|Pressure\n|\n|upkeep\n|turn|112\n|\n|t:|1666844764\n|switch|p1a: landorustherian|Landorus-Therian, M|100\/100\n|-ability|p1a: landorustherian|Intimidate|boost\n|-unboost|p2a: Skarmory|atk|0\n|move|p2a: Skarmory|Roar|p1a: landorustherian\n|drag|p1a: Heatran|Heatran, M|8\/100\n|-damage|p1a: Heatran|0 fnt|[from] Spikes\n|faint|p1a: Heatran\n|\n|upkeep\n|\n|t:|1666844764\n|switch|p1a: landorustherian|Landorus-Therian, M|100\/100\n|-ability|p1a: landorustherian|Intimidate|boost\n|-unboost|p2a: Skarmory|atk|0\n|turn|113\n|\n|t:|1666844765\n|switch|p1a: rotomwash|Rotom-Wash|83\/100 brn\n|move|p2a: Skarmory|Roar|p1a: rotomwash\n|drag|p1a: Weavile|Weavile, F|51\/100\n|-damage|p1a: Weavile|26\/100|[from] Spikes\n|-ability|p1a: Weavile|Pressure\n|\n|upkeep\n|turn|114\n|\n|t:|1666844766\n|switch|p1a: landorustherian|Landorus-Therian, M|100\/100\n|-ability|p1a: landorustherian|Intimidate|boost\n|-unboost|p2a: Skarmory|atk|0\n|move|p2a: Skarmory|Roar|p1a: landorustherian\n|drag|p1a: Tangrowth|Tangrowth, F|100\/100\n|-damage|p1a: Tangrowth|75\/100|[from] Spikes\n|\n|upkeep\n|turn|115\n|\n|t:|1666844767\n|switch|p1a: landorustherian|Landorus-Therian, M|100\/100\n|-ability|p1a: landorustherian|Intimidate|boost\n|-unboost|p2a: Skarmory|atk|0\n|move|p2a: Skarmory|Roar|p1a: landorustherian\n|drag|p1a: Tangrowth|Tangrowth, F|100\/100\n|-damage|p1a: Tangrowth|75\/100|[from] Spikes\n|\n|upkeep\n|turn|116\n|\n|t:|1666844768\n|switch|p1a: landorustherian|Landorus-Therian, M|100\/100\n|-ability|p1a: landorustherian|Intimidate|boost\n|-unboost|p2a: Skarmory|atk|0\n|move|p2a: Skarmory|Roar|p1a: landorustherian\n|drag|p1a: Tangrowth|Tangrowth, F|100\/100\n|-damage|p1a: Tangrowth|75\/100|[from] Spikes\n|\n|upkeep\n|turn|117\n|\n|t:|1666844769\n|switch|p1a: landorustherian|Landorus-Therian, M|100\/100\n|-ability|p1a: landorustherian|Intimidate|boost\n|-unboost|p2a: Skarmory|atk|0\n|move|p2a: Skarmory|Roar|p1a: landorustherian\n|drag|p1a: Tangrowth|Tangrowth, F|100\/100\n|-damage|p1a: Tangrowth|75\/100|[from] Spikes\n|\n|upkeep\n|turn|118\n|\n|t:|1666844770\n|switch|p1a: landorustherian|Landorus-Therian, M|100\/100\n|-ability|p1a: landorustherian|Intimidate|boost\n|-unboost|p2a: Skarmory|atk|0\n|move|p2a: Skarmory|Roar|p1a: landorustherian\n|drag|p1a: Tangrowth|Tangrowth, F|100\/100\n|-damage|p1a: Tangrowth|75\/100|[from] Spikes\n|\n|upkeep\n|turn|119\n|\n|t:|1666844771\n|switch|p1a: landorustherian|Landorus-Therian, M|100\/100\n|-ability|p1a: landorustherian|Intimidate|boost\n|-unboost|p2a: Skarmory|atk|0\n|move|p2a: Skarmory|Roar|p1a: landorustherian\n|drag|p1a: Melmetal|Melmetal|53\/100\n|-damage|p1a: Melmetal|28\/100|[from] Spikes\n|\n|upkeep\n|turn|120\n|\n|t:|1666844773\n|switch|p1a: landorustherian|Landorus-Therian, M|100\/100\n|-ability|p1a: landorustherian|Intimidate|boost\n|-unboost|p2a: Skarmory|atk|0\n|move|p2a: Skarmory|Roar|p1a: landorustherian\n|drag|p1a: Weavile|Weavile, F|26\/100\n|-damage|p1a: Weavile|1\/100|[from] Spikes\n|-ability|p1a: Weavile|Pressure\n|\n|upkeep\n|turn|121\n|\n|t:|1666844774\n|move|p1a: Weavile|Knock Off|p2a: Skarmory\n|-damage|p2a: Skarmory|55\/100\n|-enditem|p2a: Skarmory|Shed Shell|[from] move: Knock Off|[of] p1a: Weavile\n|move|p2a: Skarmory|Roar|p1a: Weavile\n|drag|p1a: rotomwash|Rotom-Wash|83\/100 brn\n|\n|-heal|p1a: rotomwash|89\/100 brn|[from] item: Leftovers\n|-damage|p1a: rotomwash|83\/100 brn|[from] brn\n|upkeep\n|turn|122\n|\n|t:|1666844778\n|switch|p1a: landorustherian|Landorus-Therian, M|100\/100\n|-ability|p1a: landorustherian|Intimidate|boost\n|-unboost|p2a: Skarmory|atk|0\n|move|p2a: Skarmory|Roar|p1a: landorustherian\n|drag|p1a: rotomwash|Rotom-Wash|83\/100 brn\n|\n|-heal|p1a: rotomwash|89\/100 brn|[from] item: Leftovers\n|-damage|p1a: rotomwash|83\/100 brn|[from] brn\n|upkeep\n|turn|123\n|\n|t:|1666844779\n|switch|p1a: landorustherian|Landorus-Therian, M|100\/100\n|-ability|p1a: landorustherian|Intimidate|boost\n|-unboost|p2a: Skarmory|atk|0\n|move|p2a: Skarmory|Roost|p2a: Skarmory\n|-heal|p2a: Skarmory|100\/100\n|-singleturn|p2a: Skarmory|move: Roost\n|\n|upkeep\n|turn|124\n|\n|t:|1666844781\n|move|p1a: landorustherian|U-turn|p2a: Skarmory\n|-resisted|p2a: Skarmory\n|-crit|p2a: Skarmory\n|-damage|p2a: Skarmory|96\/100\n|\n|t:|1666844781\n|switch|p1a: Tangrowth|Tangrowth, F|100\/100|[from]move: U-turn\n|-damage|p1a: Tangrowth|75\/100|[from] Spikes\n|move|p2a: Skarmory|Roar|p1a: Tangrowth\n|drag|p1a: Weavile|Weavile, F|1\/100\n|-damage|p1a: Weavile|0 fnt|[from] Spikes\n|faint|p1a: Weavile\n|\n|upkeep\n|\n|t:|1666844782\n|switch|p1a: landorustherian|Landorus-Therian, M|100\/100\n|-ability|p1a: landorustherian|Intimidate|boost\n|-unboost|p2a: Skarmory|atk|0\n|turn|125\n|\n|t:|1666844784\n|move|p1a: landorustherian|U-turn|p2a: Skarmory\n|-resisted|p2a: Skarmory\n|-damage|p2a: Skarmory|92\/100\n|\n|t:|1666844784\n|switch|p1a: Tangrowth|Tangrowth, F|100\/100|[from]move: U-turn\n|-damage|p1a: Tangrowth|75\/100|[from] Spikes\n|move|p2a: Skarmory|Roar|p1a: Tangrowth\n|drag|p1a: Melmetal|Melmetal|28\/100\n|-damage|p1a: Melmetal|3\/100|[from] Spikes\n|\n|upkeep\n|turn|126\n|\n|t:|1666844785\n|switch|p1a: landorustherian|Landorus-Therian, M|100\/100\n|-ability|p1a: landorustherian|Intimidate|boost\n|-unboost|p2a: Skarmory|atk|0\n|move|p2a: Skarmory|Roar|p1a: landorustherian\n|drag|p1a: Melmetal|Melmetal|3\/100\n|-damage|p1a: Melmetal|0 fnt|[from] Spikes\n|faint|p1a: Melmetal\n|\n|upkeep\n|\n|t:|1666844785\n|switch|p1a: landorustherian|Landorus-Therian, M|100\/100\n|-ability|p1a: landorustherian|Intimidate|boost\n|-unboost|p2a: Skarmory|atk|0\n|turn|127\n|\n|t:|1666844786\n|move|p1a: landorustherian|U-turn|p2a: Skarmory\n|-resisted|p2a: Skarmory\n|-damage|p2a: Skarmory|89\/100\n|\n|t:|1666844786\n|switch|p1a: rotomwash|Rotom-Wash|83\/100 brn|[from]move: U-turn\n|move|p2a: Skarmory|Roar|p1a: rotomwash\n|drag|p1a: landorustherian|Landorus-Therian, M|100\/100\n|-ability|p1a: landorustherian|Intimidate|boost\n|-unboost|p2a: Skarmory|atk|0\n|\n|upkeep\n|turn|128\n|\n|t:|1666844788\n|move|p1a: landorustherian|U-turn|p2a: Skarmory\n|-resisted|p2a: Skarmory\n|-damage|p2a: Skarmory|86\/100\n|\n|t:|1666844788\n|switch|p1a: rotomwash|Rotom-Wash|83\/100 brn|[from]move: U-turn\n|move|p2a: Skarmory|Roar|p1a: rotomwash\n|drag|p1a: landorustherian|Landorus-Therian, M|100\/100\n|-ability|p1a: landorustherian|Intimidate|boost\n|-unboost|p2a: Skarmory|atk|0\n|\n|upkeep\n|turn|129\n|\n|t:|1666844792\n|move|p1a: landorustherian|U-turn|p2a: Skarmory\n|-resisted|p2a: Skarmory\n|-damage|p2a: Skarmory|83\/100\n|\n|t:|1666844792\n|switch|p1a: rotomwash|Rotom-Wash|83\/100 brn|[from]move: U-turn\n|move|p2a: Skarmory|Roar|p1a: rotomwash\n|drag|p1a: landorustherian|Landorus-Therian, M|100\/100\n|-ability|p1a: landorustherian|Intimidate|boost\n|-unboost|p2a: Skarmory|atk|0\n|\n|upkeep\n|turn|130\n|\n|t:|1666844798\n|move|p1a: landorustherian|U-turn|p2a: Skarmory\n|-resisted|p2a: Skarmory\n|-damage|p2a: Skarmory|80\/100\n|\n|t:|1666844798\n|switch|p1a: rotomwash|Rotom-Wash|83\/100 brn|[from]move: U-turn\n|move|p2a: Skarmory|Roar|p1a: rotomwash\n|drag|p1a: landorustherian|Landorus-Therian, M|100\/100\n|-ability|p1a: landorustherian|Intimidate|boost\n|-unboost|p2a: Skarmory|atk|0\n|\n|upkeep\n|turn|131\n|\n|t:|1666844801\n|move|p1a: landorustherian|U-turn|p2a: Skarmory\n|-resisted|p2a: Skarmory\n|-damage|p2a: Skarmory|76\/100\n|\n|t:|1666844801\n|switch|p1a: rotomwash|Rotom-Wash|83\/100 brn|[from]move: U-turn\n|move|p2a: Skarmory|Body Press|p1a: rotomwash\n|-damage|p1a: rotomwash|51\/100 brn\n|\n|-heal|p1a: rotomwash|57\/100 brn|[from] item: Leftovers\n|-damage|p1a: rotomwash|51\/100 brn|[from] brn\n|upkeep\n|turn|132\n|\n|t:|1666844803\n|move|p1a: rotomwash|Nasty Plot|p1a: rotomwash\n|-boost|p1a: rotomwash|spa|2\n|move|p2a: Skarmory|Body Press|p1a: rotomwash\n|-damage|p1a: rotomwash|15\/100 brn\n|\n|-heal|p1a: rotomwash|21\/100 brn|[from] item: Leftovers\n|-damage|p1a: rotomwash|15\/100 brn|[from] brn\n|upkeep\n|turn|133\n|\n|t:|1666844805\n|move|p1a: rotomwash|Pain Split|p2a: Skarmory\n|-sethp|p2a: Skarmory|45\/100|[from] move: Pain Split|[silent]\n|-sethp|p1a: rotomwash|49\/100 brn|[from] move: Pain Split\n|move|p2a: Skarmory|Body Press|p1a: rotomwash\n|-damage|p1a: rotomwash|13\/100 brn\n|\n|-heal|p1a: rotomwash|19\/100 brn|[from] item: Leftovers\n|-damage|p1a: rotomwash|13\/100 brn|[from] brn\n|upkeep\n|turn|134\n|\n|t:|1666844807\n|move|p1a: rotomwash|Pain Split|p2a: Skarmory\n|-sethp|p2a: Skarmory|28\/100|[from] move: Pain Split|[silent]\n|-sethp|p1a: rotomwash|31\/100 brn|[from] move: Pain Split\n|move|p2a: Skarmory|Body Press|p1a: rotomwash\n|-damage|p1a: rotomwash|0 fnt\n|faint|p1a: rotomwash\n|\n|upkeep\n|\n|t:|1666844807\n|switch|p1a: landorustherian|Landorus-Therian, M|100\/100\n|-ability|p1a: landorustherian|Intimidate|boost\n|-unboost|p2a: Skarmory|atk|0\n|turn|135\n|\n|t:|1666844809\n|move|p1a: landorustherian|Toxic|p2a: Skarmory\n|-immune|p2a: Skarmory\n|move|p2a: Skarmory|Roost|p2a: Skarmory\n|-heal|p2a: Skarmory|78\/100\n|-singleturn|p2a: Skarmory|move: Roost\n|\n|upkeep\n|turn|136\n|\n|t:|1666844824\n|move|p1a: landorustherian|Toxic|p2a: Skarmory\n|-immune|p2a: Skarmory\n|move|p2a: Skarmory|Body Press|p1a: landorustherian\n|-resisted|p1a: landorustherian\n|-damage|p1a: landorustherian|85\/100\n|\n|-heal|p1a: landorustherian|91\/100|[from] item: Leftovers\n|upkeep\n|turn|137\n|\n|t:|1666844825\n|move|p1a: landorustherian|Toxic|p2a: Skarmory\n|-immune|p2a: Skarmory\n|move|p2a: Skarmory|Body Press|p1a: landorustherian\n|-resisted|p1a: landorustherian\n|-damage|p1a: landorustherian|75\/100\n|\n|-heal|p1a: landorustherian|81\/100|[from] item: Leftovers\n|upkeep\n|turn|138\n|\n|t:|1666844827\n|move|p1a: landorustherian|Toxic|p2a: Skarmory\n|-immune|p2a: Skarmory\n|move|p2a: Skarmory|Body Press|p1a: landorustherian\n|-resisted|p1a: landorustherian\n|-damage|p1a: landorustherian|66\/100\n|\n|-heal|p1a: landorustherian|72\/100|[from] item: Leftovers\n|upkeep\n|turn|139\n|\n|t:|1666844829\n|move|p1a: landorustherian|Toxic|p2a: Skarmory\n|-immune|p2a: Skarmory\n|move|p2a: Skarmory|Body Press|p1a: landorustherian\n|-resisted|p1a: landorustherian\n|-damage|p1a: landorustherian|57\/100\n|\n|-heal|p1a: landorustherian|63\/100|[from] item: Leftovers\n|upkeep\n|turn|140\n|\n|t:|1666844832\n|move|p1a: landorustherian|Toxic|p2a: Skarmory\n|-immune|p2a: Skarmory\n|move|p2a: Skarmory|Body Press|p1a: landorustherian\n|-resisted|p1a: landorustherian\n|-damage|p1a: landorustherian|47\/100\n|\n|-heal|p1a: landorustherian|53\/100|[from] item: Leftovers\n|upkeep\n|turn|141\n|\n|t:|1666844834\n|move|p1a: landorustherian|Toxic|p2a: Skarmory\n|-immune|p2a: Skarmory\n|move|p2a: Skarmory|Body Press|p1a: landorustherian\n|-resisted|p1a: landorustherian\n|-damage|p1a: landorustherian|38\/100\n|\n|-heal|p1a: landorustherian|44\/100|[from] item: Leftovers\n|upkeep\n|turn|142\n|\n|t:|1666844835\n|move|p1a: landorustherian|Toxic|p2a: Skarmory\n|-immune|p2a: Skarmory\n|move|p2a: Skarmory|Body Press|p1a: landorustherian\n|-resisted|p1a: landorustherian\n|-damage|p1a: landorustherian|27\/100\n|\n|-heal|p1a: landorustherian|33\/100|[from] item: Leftovers\n|upkeep\n|turn|143\n|\n|t:|1666844837\n|move|p1a: landorustherian|Toxic|p2a: Skarmory|[miss]\n|-miss|p1a: landorustherian|p2a: Skarmory\n|move|p2a: Skarmory|Body Press|p1a: landorustherian\n|-resisted|p1a: landorustherian\n|-damage|p1a: landorustherian|16\/100\n|\n|-heal|p1a: landorustherian|22\/100|[from] item: Leftovers\n|upkeep\n|turn|144\n|\n|t:|1666844838\n|move|p1a: landorustherian|U-turn|p2a: Skarmory\n|-resisted|p2a: Skarmory\n|-damage|p2a: Skarmory|75\/100\n|\n|t:|1666844838\n|switch|p1a: Tangrowth|Tangrowth, F|100\/100|[from]move: U-turn\n|-damage|p1a: Tangrowth|75\/100|[from] Spikes\n|move|p2a: Skarmory|Body Press|p1a: Tangrowth\n|-damage|p1a: Tangrowth|60\/100\n|-damage|p2a: Skarmory|59\/100|[from] item: Rocky Helmet|[of] p1a: Tangrowth\n|\n|upkeep\n|turn|145\n|\n|t:|1666844843\n|switch|p2a: Tornadus|Tornadus-Therian, M|71\/100\n|move|p1a: Tangrowth|Giga Drain|p2a: Tornadus\n|-resisted|p2a: Tornadus\n|-damage|p2a: Tornadus|56\/100\n|-heal|p1a: Tangrowth|67\/100|[from] drain|[of] p2a: Tornadus\n|\n|upkeep\n|turn|146\n|\n|t:|1666844846\n|switch|p1a: landorustherian|Landorus-Therian, M|22\/100\n|-ability|p1a: landorustherian|Intimidate|boost\n|-unboost|p2a: Tornadus|atk|1\n|move|p2a: Tornadus|Heat Wave|p1a: landorustherian\n|-damage|p1a: landorustherian|5\/100\n|\n|-heal|p1a: landorustherian|11\/100|[from] item: Leftovers\n|upkeep\n|turn|147\n|\n|t:|1666844848\n|move|p2a: Tornadus|Heat Wave|p1a: landorustherian\n|-damage|p1a: landorustherian|0 fnt\n|faint|p1a: landorustherian\n|\n|upkeep\n|\n|t:|1666844848\n|switch|p1a: Tangrowth|Tangrowth, F|99\/100\n|-damage|p1a: Tangrowth|75\/100|[from] Spikes\n|turn|148\n|\n|t:|1666844850\n|move|p2a: Tornadus|Heat Wave|p1a: Tangrowth\n|-supereffective|p1a: Tangrowth\n|-damage|p1a: Tangrowth|11\/100\n|move|p1a: Tangrowth|Giga Drain|p2a: Tornadus\n|-resisted|p2a: Tornadus\n|-damage|p2a: Tornadus|42\/100\n|-heal|p1a: Tangrowth|17\/100|[from] drain|[of] p2a: Tornadus\n|\n|upkeep\n|turn|149\n|\n|t:|1666844852\n|move|p2a: Tornadus|Heat Wave|p1a: Tangrowth\n|-supereffective|p1a: Tangrowth\n|-damage|p1a: Tangrowth|0 fnt\n|faint|p1a: Tangrowth\n|\n|win|kokoukohiro\n|raw|minimax_ai's rating: 1578 &rarr; <strong>1560<\/strong><br \/>(-18 for losing)\n|raw|kokoukohiro's rating: 1612 &rarr; <strong>1630<\/strong><br \/>(+18 for winning)\n|c|\u2606minimax_ai|gg\n","uploadtime":1666844853,"views":5,"p1id":"minimaxai","p2id":"kokoukohiro","formatid":"gen8ou","rating":1560,"private":0,"password":null}