{"id":"gen8vgc2022-1614329793","p1":"Nibbonzo","p2":"brifye","format":"gen8vgc2022","log":"|j|\u2606Nibbonzo\n|j|\u2606brifye\n|t:|1657466665\n|gametype|doubles\n|player|p1|Nibbonzo|pokemonranger-gen4|1446\n|player|p2|brifye|petrel|1428\n|teamsize|p1|6\n|teamsize|p2|6\n|gen|8\n|tier|[Gen 8] VGC 2022\n|rated|\n|rule|Species Clause: Limit one of each Pok\u00e9mon\n|rule|Item Clause: Limit one of each item\n|clearpoke\n|poke|p1|Ho-Oh, L50|\n|poke|p1|Mienshao, L50, F|\n|poke|p1|Gastrodon-East, L50, F|\n|poke|p1|Rillaboom, L50, F|\n|poke|p1|Zacian-*, L50|\n|poke|p1|Sableye, L50, F|\n|poke|p2|Calyrex-Shadow, L50|\n|poke|p2|Zacian-*, L50|\n|poke|p2|Gastrodon, L50, M|\n|poke|p2|Incineroar, L50, F|\n|poke|p2|Rillaboom, L50, F|\n|poke|p2|Thundurus, L50, M|\n|teampreview|4\n|\n|t:|1657466695\n|start\n|switch|p1a: Ho-Oh|Ho-Oh, L50|100\/100\n|switch|p1b: Omuncolo|Sableye, L50, F|100\/100\n|switch|p2a: Incineroar|Incineroar, L50, F|100\/100\n|switch|p2b: Calyrex|Calyrex-Shadow, L50|100\/100\n|-ability|p2b: Calyrex|As One\n|-ability|p2b: Calyrex|Unnerve\n|-ability|p2a: Incineroar|Intimidate|boost\n|-unboost|p1a: Ho-Oh|atk|1\n|-unboost|p1b: Omuncolo|atk|1\n|turn|1\n|\n|t:|1657466719\n|move|p1a: Ho-Oh|Protect|p1a: Ho-Oh\n|-singleturn|p1a: Ho-Oh|Protect\n|move|p1b: Omuncolo|Trick|p2b: Calyrex\n|-activate|p1b: Omuncolo|move: Trick|[of] p2b: Calyrex\n|-item|p2b: Calyrex|Iron Ball|[from] move: Trick\n|-item|p1b: Omuncolo|Focus Sash|[from] move: Trick\n|move|p2b: Calyrex|Astral Barrage|p1b: Omuncolo|[spread] p1b\n|-activate|p1a: Ho-Oh|move: Protect\n|-damage|p1b: Omuncolo|39\/100\n|move|p2a: Incineroar|Parting Shot|p1a: Ho-Oh\n|-activate|p1a: Ho-Oh|move: Protect\n|\n|upkeep\n|turn|2\n|\n|t:|1657466736\n|move|p1b: Omuncolo|Shadow Sneak|p2b: Calyrex\n|-supereffective|p2b: Calyrex\n|-damage|p2b: Calyrex|60\/100\n|move|p1a: Ho-Oh|Brave Bird|p2b: Calyrex\n|-damage|p2b: Calyrex|0 fnt\n|faint|p2b: Calyrex\n|-damage|p1a: Ho-Oh|82\/100|[from] Recoil\n|-damage|p1a: Ho-Oh|73\/100|[from] item: Life Orb\n|move|p2a: Incineroar|Parting Shot|p1a: Ho-Oh\n|-unboost|p1a: Ho-Oh|atk|1\n|-unboost|p1a: Ho-Oh|spa|1\n|\n|t:|1657466751\n|switch|p2a: Rillaboom|Rillaboom, L50, F|100\/100|[from]move: Parting Shot\n|-fieldstart|move: Grassy Terrain|[from] ability: Grassy Surge|[of] p2a: Rillaboom\n|\n|-heal|p1b: Omuncolo|44\/100|[from] Grassy Terrain\n|upkeep\n|\n|t:|1657466761\n|switch|p2b: Zacian|Zacian-Crowned, L50|100\/100\n|-ability|p2b: Zacian|Intrepid Sword|boost\n|-boost|p2b: Zacian|atk|1\n|turn|3\n|\n|t:|1657466781\n|switch|p1b: Chunky Kong|Rillaboom, L50, F|100\/100\n|move|p2a: Rillaboom|Grassy Glide|p1b: Chunky Kong\n|-resisted|p1b: Chunky Kong\n|-damage|p1b: Chunky Kong|80\/100\n|move|p2b: Zacian|Substitute|p2b: Zacian\n|-start|p2b: Zacian|Substitute\n|-damage|p2b: Zacian|76\/100\n|move|p1a: Ho-Oh|Sacred Fire|p2b: Zacian\n|-supereffective|p2b: Zacian\n|-end|p2b: Zacian|Substitute\n|-damage|p1a: Ho-Oh|63\/100|[from] item: Life Orb\n|\n|-heal|p2b: Zacian|82\/100|[from] Grassy Terrain\n|-heal|p1b: Chunky Kong|86\/100|[from] Grassy Terrain\n|upkeep\n|turn|4\n|\n|t:|1657466810\n|switch|p2b: Incineroar|Incineroar, L50, F|100\/100\n|-ability|p2b: Incineroar|Intimidate|boost\n|-unboost|p1a: Ho-Oh|atk|1\n|-unboost|p1b: Chunky Kong|atk|1\n|switch|p1a: Omuncolo|Sableye, L50, F|44\/100\n|move|p1b: Chunky Kong|Fake Out|p2b: Incineroar\n|-damage|p2b: Incineroar|93\/100\n|move|p2a: Rillaboom|U-turn|p1b: Chunky Kong\n|-supereffective|p1b: Chunky Kong\n|-damage|p1b: Chunky Kong|42\/100\n|\n|t:|1657466821\n|switch|p2a: Zacian|Zacian-Crowned, L50|82\/100|[from]move: U-turn\n|-ability|p2a: Zacian|Intrepid Sword|boost\n|-boost|p2a: Zacian|atk|1\n|\n|-heal|p2a: Zacian|88\/100|[from] Grassy Terrain\n|-heal|p1b: Chunky Kong|48\/100|[from] Grassy Terrain\n|-heal|p2b: Incineroar|99\/100|[from] Grassy Terrain\n|-heal|p1a: Omuncolo|50\/100|[from] Grassy Terrain\n|upkeep\n|turn|5\n|j| FrozenThorn\n|\n|t:|1657466855\n|switch|p1b: Ho-Oh|Ho-Oh, L50|96\/100\n|move|p2a: Zacian|Protect|p2a: Zacian\n|-singleturn|p2a: Zacian|Protect\n|move|p1a: Omuncolo|Will-O-Wisp|p2a: Zacian\n|-activate|p2a: Zacian|move: Protect\n|move|p2b: Incineroar|Flare Blitz|p1a: Omuncolo\n|-damage|p1a: Omuncolo|0 fnt\n|faint|p1a: Omuncolo\n|-damage|p2b: Incineroar|86\/100|[from] Recoil\n|\n|-heal|p2a: Zacian|94\/100|[from] Grassy Terrain\n|-heal|p2b: Incineroar|92\/100|[from] Grassy Terrain\n|upkeep\n|\n|t:|1657466864\n|switch|p1a: Chunky Kong|Rillaboom, L50, F|48\/100\n|turn|6\n|\n|t:|1657466885\n|switch|p2a: Rillaboom|Rillaboom, L50, F|100\/100\n|-start|p1b: Ho-Oh|Dynamax|\n|-heal|p1b: Ho-Oh|96\/100|[silent]\n|move|p1a: Chunky Kong|Fake Out|p2b: Incineroar\n|-damage|p2b: Incineroar|82\/100\n|move|p1b: Ho-Oh|Max Airstream|p2b: Incineroar\n|-damage|p2b: Incineroar|4\/100\n|-boost|p1a: Chunky Kong|spe|1\n|-boost|p1b: Ho-Oh|spe|1\n|-damage|p1b: Ho-Oh|91\/100|[from] item: Life Orb\n|cant|p2b: Incineroar|flinch\n|\n|-heal|p1a: Chunky Kong|54\/100|[from] Grassy Terrain\n|-heal|p2b: Incineroar|10\/100|[from] Grassy Terrain\n|-fieldend|move: Grassy Terrain\n|upkeep\n|turn|7\n|\n|t:|1657466911\n|switch|p1a: Cane Infame|Zacian-Crowned, L50|100\/100\n|-ability|p1a: Cane Infame|Intrepid Sword|boost\n|-boost|p1a: Cane Infame|atk|1\n|move|p2a: Rillaboom|Fake Out|p1a: Cane Infame\n|-resisted|p1a: Cane Infame\n|-damage|p1a: Cane Infame|95\/100\n|move|p1b: Ho-Oh|Max Flare|p2b: Incineroar\n|-resisted|p2b: Incineroar\n|-damage|p2b: Incineroar|0 fnt\n|-weather|SunnyDay\n|faint|p2b: Incineroar\n|-damage|p1b: Ho-Oh|87\/100|[from] item: Life Orb\n|\n|-weather|SunnyDay|[upkeep]\n|upkeep\n|\n|t:|1657466923\n|switch|p2b: Zacian|Zacian-Crowned, L50|94\/100\n|-ability|p2b: Zacian|Intrepid Sword|boost\n|-boost|p2b: Zacian|atk|1\n|turn|8\n|\n|t:|1657466945\n|-start|p2a: Rillaboom|Dynamax|Gmax\n|-heal|p2a: Rillaboom|100\/100|[silent]\n|move|p2b: Zacian|Protect|p2b: Zacian\n|-singleturn|p2b: Zacian|Protect\n|move|p1b: Ho-Oh|Max Flare|p2b: Zacian\n|-supereffective|p2b: Zacian\n|-zbroken|p2b: Zacian\n|-damage|p2b: Zacian|42\/100\n|-damage|p1b: Ho-Oh|82\/100|[from] item: Life Orb\n|move|p1a: Cane Infame|Behemoth Blade|p2a: Rillaboom\n|-damage|p2a: Rillaboom|16\/100\n|move|p2a: Rillaboom|Max Quake|p1a: Cane Infame\n|-supereffective|p1a: Cane Infame\n|-damage|p1a: Cane Infame|27\/100\n|-boost|p2a: Rillaboom|spd|1\n|-boost|p2b: Zacian|spd|1\n|\n|-weather|SunnyDay|[upkeep]\n|upkeep\n|-end|p1b: Ho-Oh|Dynamax\n|-heal|p1b: Ho-Oh|82\/100|[silent]\n|turn|9\n|\n|t:|1657466972\n|move|p1b: Ho-Oh|Sacred Fire|p2b: Zacian\n|-supereffective|p2b: Zacian\n|-damage|p2b: Zacian|0 fnt\n|faint|p2b: Zacian\n|-damage|p1b: Ho-Oh|72\/100|[from] item: Life Orb\n|move|p1a: Cane Infame|Behemoth Blade|p2a: Rillaboom\n|-damage|p2a: Rillaboom|0 fnt\n|faint|p2a: Rillaboom\n|\n|win|Nibbonzo\n|raw|Nibbonzo's rating: 1446 &rarr; <strong>1465<\/strong><br \/>(+19 for winning)\n|raw|brifye's rating: 1428 &rarr; <strong>1409<\/strong><br \/>(-19 for losing)\n|l|\u2606brifye\n|c|\u2606Nibbonzo|Gg\n","uploadtime":1657466990,"views":26,"p1id":"nibbonzo","p2id":"brifye","formatid":"gen8vgc2022","rating":1409,"private":0,"password":null}