{"id":"gen8randombattle-1613605567","p1":"Charroger","p2":"bizarman","format":"gen8randombattle","log":"|j|\u2606Charroger\n|j|\u2606bizarman\n|t:|1657370928\n|gametype|singles\n|player|p1|Charroger|rocketgruntf|1575\n|player|p2|bizarman|scientist-gen4|1516\n|teamsize|p1|6\n|teamsize|p2|6\n|gen|8\n|tier|[Gen 8] Random Battle\n|rated|\n|rule|Species Clause: Limit one of each Pok\u00e9mon\n|rule|HP Percentage Mod: HP is shown in percentages\n|rule|Sleep Clause Mod: Limit one foe put to sleep\n|\n|t:|1657370928\n|start\n|switch|p1a: Volcanion|Volcanion, L80|259\/259\n|switch|p2a: Swampert|Swampert, L80, M|291\/291\n|turn|1\n|inactive|Battle timer is ON: inactive players will automatically lose when time's up. (requested by bizarman)\n|\n|t:|1657370941\n|move|p1a: Volcanion|Steam Eruption|p2a: Swampert\n|-damage|p2a: Swampert|150\/291\n|move|p2a: Swampert|Stealth Rock|p1a: Volcanion\n|-sidestart|p1: Charroger|move: Stealth Rock\n|\n|-heal|p2a: Swampert|168\/291|[from] item: Leftovers\n|upkeep\n|turn|2\n|\n|t:|1657370953\n|switch|p1a: Talonflame|Talonflame, L81, F|259\/259\n|move|p2a: Swampert|Earthquake|p1a: Talonflame\n|-immune|p1a: Talonflame\n|\n|-heal|p2a: Swampert|186\/291|[from] item: Leftovers\n|upkeep\n|turn|3\n|\n|t:|1657370961\n|move|p1a: Talonflame|Swords Dance|p1a: Talonflame\n|-boost|p1a: Talonflame|atk|2\n|move|p2a: Swampert|Scald|p1a: Talonflame\n|-supereffective|p1a: Talonflame\n|-damage|p1a: Talonflame|73\/259\n|\n|-heal|p2a: Swampert|204\/291|[from] item: Leftovers\n|upkeep\n|turn|4\n|\n|t:|1657370980\n|move|p1a: Talonflame|Brave Bird|p2a: Swampert\n|-damage|p2a: Swampert|0 fnt\n|faint|p2a: Swampert\n|-damage|p1a: Talonflame|6\/259|[from] Recoil\n|\n|upkeep\n|\n|t:|1657370997\n|switch|p2a: Raichu|Raichu-Alola, L84, F|238\/238\n|turn|5\n|\n|t:|1657371010\n|-start|p2a: Raichu|Dynamax|\n|-heal|p2a: Raichu|476\/476|[silent]\n|move|p1a: Talonflame|Flare Blitz|p2a: Raichu\n|-damage|p2a: Raichu|184\/476\n|-damage|p1a: Talonflame|0 fnt|[from] Recoil\n|faint|p1a: Talonflame\n|move|p2a: Raichu|Max Lightning|p1: Talonflame|[notarget]\n|-fail|p2a: Raichu\n|\n|upkeep\n|\n|t:|1657371013\n|switch|p1a: Volcanion|Volcanion, L80|259\/259\n|turn|6\n|\n|t:|1657371020\n|switch|p1a: Jolteon|Jolteon, L82, F|241\/241\n|-damage|p1a: Jolteon|211\/241|[from] Stealth Rock\n|move|p2a: Raichu|Max Lightning|p1a: Jolteon\n|-heal|p1a: Jolteon|241\/241|[from] ability: Volt Absorb|[of] p2a: Raichu\n|\n|upkeep\n|turn|7\n|\n|t:|1657371034\n|move|p1a: Jolteon|Shadow Ball|p2a: Raichu\n|-supereffective|p2a: Raichu\n|-damage|p2a: Raichu|0 fnt\n|faint|p2a: Raichu\n|\n|upkeep\n|\n|t:|1657371040\n|switch|p2a: Gourgeist|Gourgeist-Small, L84, M|230\/230\n|-item|p1a: Jolteon|Choice Specs|[from] ability: Frisk|[of] p2a: Gourgeist|[identify]\n|turn|8\n|\n|t:|1657371048\n|switch|p1a: Porygon2|Porygon2, L82|274\/274\n|-damage|p1a: Porygon2|240\/274|[from] Stealth Rock\n|-ability|p1a: Porygon2|Frisk|[from] ability: Trace|[of] p2a: Gourgeist\n|-item|p2a: Gourgeist|Leftovers|[from] ability: Frisk|[of] p1a: Porygon2|[identify]\n|switch|p2a: Suicune|Suicune, L80|291\/291\n|-ability|p2a: Suicune|Pressure\n|\n|upkeep\n|turn|9\n|\n|t:|1657371060\n|move|p2a: Suicune|Calm Mind|p2a: Suicune\n|-boost|p2a: Suicune|spa|1\n|-boost|p2a: Suicune|spd|1\n|move|p1a: Porygon2|Toxic|p2a: Suicune\n|-status|p2a: Suicune|tox\n|\n|-damage|p2a: Suicune|273\/291 tox|[from] psn\n|upkeep\n|turn|10\n|\n|t:|1657371069\n|move|p2a: Suicune|Calm Mind|p2a: Suicune\n|-boost|p2a: Suicune|spa|1\n|-boost|p2a: Suicune|spd|1\n|move|p1a: Porygon2|Tri Attack|p2a: Suicune\n|-damage|p2a: Suicune|239\/291 tox\n|\n|-damage|p2a: Suicune|203\/291 tox|[from] psn\n|upkeep\n|turn|11\n|\n|t:|1657371076\n|switch|p1a: Jolteon|Jolteon, L82, F|241\/241\n|-damage|p1a: Jolteon|211\/241|[from] Stealth Rock\n|move|p2a: Suicune|Calm Mind|p2a: Suicune\n|-boost|p2a: Suicune|spa|1\n|-boost|p2a: Suicune|spd|1\n|\n|-damage|p2a: Suicune|149\/291 tox|[from] psn\n|upkeep\n|turn|12\n|\n|t:|1657371084\n|-start|p1a: Jolteon|Dynamax|\n|-heal|p1a: Jolteon|422\/482|[silent]\n|move|p1a: Jolteon|Max Lightning|p2a: Suicune\n|-supereffective|p2a: Suicune\n|-damage|p2a: Suicune|39\/291 tox\n|-fieldstart|move: Electric Terrain\n|move|p2a: Suicune|Rest||[still]\n|-activate|p2a: Suicune|move: Electric Terrain\n|-fail|p2a: Suicune\n|\n|-damage|p2a: Suicune|0 fnt|[from] psn\n|faint|p2a: Suicune\n|upkeep\n|\n|t:|1657371099\n|switch|p2a: Gourgeist|Gourgeist-Small, L84, M|230\/230\n|-item|p1a: Jolteon|Choice Specs|[from] ability: Frisk|[of] p2a: Gourgeist|[identify]\n|turn|13\n|\n|t:|1657371104\n|move|p1a: Jolteon|Max Phantasm|p2a: Gourgeist\n|-supereffective|p2a: Gourgeist\n|-damage|p2a: Gourgeist|0 fnt\n|faint|p2a: Gourgeist\n|\n|upkeep\n|-message|bizarman forfeited.\n|\n|win|Charroger\n|raw|Charroger's rating: 1575 &rarr; <strong>1592<\/strong><br \/>(+17 for winning)\n|raw|bizarman's rating: 1516 &rarr; <strong>1499<\/strong><br \/>(-17 for losing)\n|l|\u2606bizarman\n|l|\u2606Charroger\n|j|\u2606Charroger\n|player|p1|Charroger|rocketgruntf\n","inputlog":">version 11c68141c380f61e2da7046fb748694845aecef0\n>start {\"formatid\":\"gen8randombattle\",\"seed\":[52418,40829,13117,29403],\"rated\":\"Rated battle\"}\n>player p1 {\"name\":\"Charroger\",\"avatar\":\"rocketgruntf\",\"rating\":1575,\"seed\":[41475,31267,33993,26707]}\n>player p2 {\"name\":\"bizarman\",\"avatar\":\"scientist-gen4\",\"rating\":1516,\"seed\":[39983,33443,10652,14841]}\n>p1 move steameruption\n>p2 move stealthrock\n>p1 switch 3\n>p2 move earthquake\n>p1 move swordsdance\n>p2 move scald\n>p1 move bravebird\n>p2 move scald\n>p2 switch 3\n>p1 move flareblitz\n>p2 move thunderbolt dynamax\n>p1 switch 3\n>p1 switch 4\n>p2 move thunderbolt dynamax\n>p1 move shadowball\n>p2 move psyshock dynamax\n>p2 switch 2\n>p1 switch 5\n>p2 switch 4\n>p1 move toxic\n>p2 move calmmind\n>p1 move triattack\n>p2 move calmmind\n>p1 switch 5\n>p2 move calmmind\n>p1 move thunderbolt dynamax\n>p2 move rest\n>p2 switch 4\n>p1 move shadowball dynamax\n>p2 move substitute\n>forcelose p2","uploadtime":1657371112,"views":7,"p1id":"charroger","p2id":"bizarman","formatid":"gen8randombattle","rating":1499,"private":0,"password":null}