{"id":"gen8uu-1698422636","p1":"misplayin","p2":"izugvfzuf","format":"gen8uu","log":"|j|\u2606misplayin\n|j|\u2606izugvfzuf\n|t:|1667118735\n|gametype|singles\n|player|p1|misplayin|bugsy|1492\n|player|p2|izugvfzuf|marshal|1426\n|teamsize|p1|6\n|teamsize|p2|6\n|gen|8\n|tier|[Gen 8] UU\n|rated|\n|rule|Sleep Clause Mod: Limit one foe put to sleep\n|rule|Species Clause: Limit one of each Pok\u00e9mon\n|rule|OHKO Clause: OHKO moves are banned\n|rule|Evasion Items Clause: Evasion items are banned\n|rule|Evasion Moves Clause: Evasion moves are banned\n|rule|Endless Battle Clause: Forcing endless battles is banned\n|rule|HP Percentage Mod: HP is shown in percentages\n|rule|Dynamax Clause: You cannot dynamax\n|clearpoke\n|poke|p1|Keldeo-Resolute|\n|poke|p1|Tapu Bulu|\n|poke|p1|Mamoswine, M|\n|poke|p1|Jellicent, M|\n|poke|p1|Regieleki|\n|poke|p1|Arcanine, M|\n|poke|p2|Hippowdon, F|\n|poke|p2|Excadrill, M|\n|poke|p2|Tangrowth, M|\n|poke|p2|Rotom-Wash|\n|poke|p2|Salamence, F|\n|poke|p2|Keldeo-Resolute|\n|teampreview\n|inactive|Battle timer is ON: inactive players will automatically lose when time's up. (requested by misplayin)\n|\n|t:|1667118753\n|start\n|switch|p1a: Tapu Bulu|Tapu Bulu|100\/100\n|switch|p2a: Rotom|Rotom-Wash|100\/100\n|-fieldstart|move: Grassy Terrain|[from] ability: Grassy Surge|[of] p1a: Tapu Bulu\n|turn|1\n|\n|t:|1667118760\n|switch|p2a: Salamence|Salamence, F|100\/100\n|-ability|p2a: Salamence|Intimidate|boost\n|-unboost|p1a: Tapu Bulu|atk|1\n|move|p1a: Tapu Bulu|Toxic|p2a: Salamence\n|-status|p2a: Salamence|tox\n|\n|-damage|p2a: Salamence|94\/100 tox|[from] psn\n|upkeep\n|turn|2\n|\n|t:|1667118766\n|switch|p1a: Arcanine|Arcanine, M|100\/100\n|-ability|p1a: Arcanine|Intimidate|boost\n|-unboost|p2a: Salamence|atk|1\n|move|p2a: Salamence|Hurricane|p1a: Arcanine\n|-damage|p1a: Arcanine|59\/100\n|\n|-heal|p1a: Arcanine|65\/100|[from] Grassy Terrain\n|-damage|p2a: Salamence|82\/100 tox|[from] psn\n|upkeep\n|turn|3\n|\n|t:|1667118772\n|move|p2a: Salamence|Draco Meteor|p1a: Arcanine\n|-damage|p1a: Arcanine|16\/100\n|-unboost|p2a: Salamence|spa|2\n|move|p1a: Arcanine|Teleport|p1a: Arcanine\n|\n|t:|1667118778\n|switch|p1a: Keldeo|Keldeo-Resolute|100\/100|[from]move: Teleport\n|\n|-damage|p2a: Salamence|64\/100 tox|[from] psn\n|upkeep\n|turn|4\n|\n|t:|1667118783\n|switch|p2a: Tangrowth|Tangrowth, M|100\/100\n|move|p1a: Keldeo|Icy Wind|p2a: Tangrowth\n|-supereffective|p2a: Tangrowth\n|-damage|p2a: Tangrowth|62\/100\n|-unboost|p2a: Tangrowth|spe|1\n|\n|-heal|p2a: Tangrowth|68\/100|[from] Grassy Terrain\n|upkeep\n|turn|5\n|\n|t:|1667118790\n|switch|p1a: Tapu Bulu|Tapu Bulu|100\/100\n|move|p2a: Tangrowth|Knock Off|p1a: Tapu Bulu\n|-resisted|p1a: Tapu Bulu\n|-crit|p1a: Tapu Bulu\n|-damage|p1a: Tapu Bulu|88\/100\n|-enditem|p1a: Tapu Bulu|Heavy-Duty Boots|[from] move: Knock Off|[of] p2a: Tangrowth\n|\n|-heal|p1a: Tapu Bulu|94\/100|[from] Grassy Terrain\n|-heal|p2a: Tangrowth|74\/100|[from] Grassy Terrain\n|-fieldend|move: Grassy Terrain\n|upkeep\n|turn|6\n|\n|t:|1667118797\n|switch|p1a: Jellicent|Jellicent, M|100\/100\n|move|p2a: Tangrowth|Sludge Bomb|p1a: Jellicent\n|-resisted|p1a: Jellicent\n|-damage|p1a: Jellicent|92\/100\n|-status|p1a: Jellicent|psn\n|\n|-damage|p1a: Jellicent|79\/100 psn|[from] psn\n|upkeep\n|turn|7\n|\n|t:|1667118800\n|move|p1a: Jellicent|Will-O-Wisp|p2a: Tangrowth\n|-status|p2a: Tangrowth|brn\n|move|p2a: Tangrowth|Power Whip|p1a: Jellicent\n|-supereffective|p1a: Jellicent\n|-damage|p1a: Jellicent|45\/100 psn\n|\n|-damage|p1a: Jellicent|32\/100 psn|[from] psn\n|-damage|p2a: Tangrowth|68\/100 brn|[from] brn\n|upkeep\n|turn|8\n|\n|t:|1667118805\n|move|p1a: Jellicent|Recover|p1a: Jellicent\n|-heal|p1a: Jellicent|82\/100 psn\n|move|p2a: Tangrowth|Knock Off|p1a: Jellicent\n|-supereffective|p1a: Jellicent\n|-damage|p1a: Jellicent|61\/100 psn\n|-enditem|p1a: Jellicent|Heavy-Duty Boots|[from] move: Knock Off|[of] p2a: Tangrowth\n|\n|-damage|p1a: Jellicent|49\/100 psn|[from] psn\n|-damage|p2a: Tangrowth|62\/100 brn|[from] brn\n|upkeep\n|turn|9\n|\n|t:|1667118820\n|move|p1a: Jellicent|Hex|p2a: Tangrowth\n|-damage|p2a: Tangrowth|35\/100 brn\n|move|p2a: Tangrowth|Power Whip|p1a: Jellicent\n|-supereffective|p1a: Jellicent\n|-damage|p1a: Jellicent|11\/100 psn\n|\n|-damage|p1a: Jellicent|0 fnt|[from] psn\n|faint|p1a: Jellicent\n|-damage|p2a: Tangrowth|29\/100 brn|[from] brn\n|upkeep\n|\n|t:|1667118829\n|switch|p1a: Arcanine|Arcanine, M|16\/100\n|-ability|p1a: Arcanine|Intimidate|boost\n|-unboost|p2a: Tangrowth|atk|1\n|turn|10\n|\n|t:|1667118837\n|move|p1a: Arcanine|Morning Sun|p1a: Arcanine\n|-heal|p1a: Arcanine|66\/100\n|move|p2a: Tangrowth|Earthquake|p1a: Arcanine\n|-supereffective|p1a: Arcanine\n|-damage|p1a: Arcanine|50\/100\n|\n|-damage|p2a: Tangrowth|22\/100 brn|[from] brn\n|upkeep\n|turn|11\n|\n|t:|1667118843\n|switch|p2a: Rotom|Rotom-Wash|100\/100\n|move|p1a: Arcanine|Flamethrower|p2a: Rotom\n|-resisted|p2a: Rotom\n|-damage|p2a: Rotom|87\/100\n|\n|-heal|p2a: Rotom|93\/100|[from] item: Leftovers\n|upkeep\n|turn|12\n|\n|t:|1667118847\n|switch|p1a: Tapu Bulu|Tapu Bulu|94\/100\n|-fieldstart|move: Grassy Terrain|[from] ability: Grassy Surge|[of] p1a: Tapu Bulu\n|move|p2a: Rotom|Hydro Pump|p1a: Tapu Bulu\n|-resisted|p1a: Tapu Bulu\n|-damage|p1a: Tapu Bulu|74\/100\n|\n|-heal|p2a: Rotom|99\/100|[from] item: Leftovers\n|-heal|p1a: Tapu Bulu|80\/100|[from] Grassy Terrain\n|upkeep\n|turn|13\n|\n|t:|1667118856\n|switch|p1a: Mamoswine|Mamoswine, M|100\/100\n|move|p2a: Rotom|Volt Switch|p1a: Mamoswine\n|-immune|p1a: Mamoswine\n|\n|-heal|p2a: Rotom|100\/100|[from] item: Leftovers\n|upkeep\n|turn|14\n|\n|t:|1667118861\n|switch|p1a: Tapu Bulu|Tapu Bulu|80\/100\n|move|p2a: Rotom|Hydro Pump|p1a: Tapu Bulu\n|-resisted|p1a: Tapu Bulu\n|-damage|p1a: Tapu Bulu|60\/100\n|\n|-heal|p1a: Tapu Bulu|66\/100|[from] Grassy Terrain\n|upkeep\n|turn|15\n|\n|t:|1667118864\n|move|p2a: Rotom|Volt Switch|p1a: Tapu Bulu\n|-resisted|p1a: Tapu Bulu\n|-damage|p1a: Tapu Bulu|52\/100\n|\n|t:|1667118868\n|switch|p2a: Salamence|Salamence, F|64\/100 tox|[from]move: Volt Switch\n|-ability|p2a: Salamence|Intimidate|boost\n|-unboost|p1a: Tapu Bulu|atk|1\n|move|p1a: Tapu Bulu|Synthesis|p1a: Tapu Bulu\n|-heal|p1a: Tapu Bulu|100\/100\n|\n|-damage|p2a: Salamence|58\/100 tox|[from] psn\n|upkeep\n|turn|16\n|\n|t:|1667118875\n|switch|p1a: Mamoswine|Mamoswine, M|100\/100\n|move|p2a: Salamence|Roost|p2a: Salamence\n|-heal|p2a: Salamence|100\/100 tox\n|-singleturn|p2a: Salamence|move: Roost\n|\n|-damage|p2a: Salamence|88\/100 tox|[from] psn\n|-fieldend|move: Grassy Terrain\n|upkeep\n|turn|17\n|\n|t:|1667118885\n|switch|p2a: Rotom|Rotom-Wash|100\/100\n|switch|p1a: Regieleki|Regieleki|100\/100\n|\n|upkeep\n|turn|18\n|\n|t:|1667118889\n|switch|p1a: Keldeo|Keldeo-Resolute|100\/100\n|switch|p2a: Hippowdon|Hippowdon, F|100\/100\n|-weather|Sandstorm|[from] ability: Sand Stream|[of] p2a: Hippowdon\n|\n|-weather|Sandstorm|[upkeep]\n|-damage|p1a: Keldeo|94\/100|[from] Sandstorm\n|upkeep\n|turn|19\n|\n|t:|1667118905\n|switch|p2a: Tangrowth|Tangrowth, M|56\/100 brn\n|move|p1a: Keldeo|Secret Sword|p2a: Tangrowth\n|-damage|p2a: Tangrowth|12\/100 brn\n|\n|-weather|Sandstorm|[upkeep]\n|-damage|p1a: Keldeo|88\/100|[from] Sandstorm\n|-damage|p2a: Tangrowth|6\/100 brn|[from] Sandstorm\n|-damage|p2a: Tangrowth|0 fnt|[from] brn\n|faint|p2a: Tangrowth\n|upkeep\n|\n|t:|1667118917\n|switch|p2a: Salamence|Salamence, F|88\/100 tox\n|-ability|p2a: Salamence|Intimidate|boost\n|-unboost|p1a: Keldeo|atk|1\n|turn|20\n|\n|t:|1667118925\n|switch|p1a: Arcanine|Arcanine, M|50\/100\n|-ability|p1a: Arcanine|Intimidate|boost\n|-unboost|p2a: Salamence|atk|1\n|move|p2a: Salamence|Draco Meteor|p1a: Arcanine\n|-damage|p1a: Arcanine|0 fnt\n|-unboost|p2a: Salamence|spa|2\n|faint|p1a: Arcanine\n|\n|-weather|Sandstorm|[upkeep]\n|-damage|p2a: Salamence|82\/100 tox|[from] Sandstorm\n|-damage|p2a: Salamence|76\/100 tox|[from] psn\n|upkeep\n|\n|t:|1667118928\n|switch|p1a: Mamoswine|Mamoswine, M|100\/100\n|turn|21\n|\n|t:|1667118935\n|switch|p2a: Rotom|Rotom-Wash|100\/100\n|switch|p1a: Tapu Bulu|Tapu Bulu|100\/100\n|-fieldstart|move: Grassy Terrain|[from] ability: Grassy Surge|[of] p1a: Tapu Bulu\n|\n|-weather|Sandstorm|[upkeep]\n|-damage|p2a: Rotom|94\/100|[from] Sandstorm\n|-damage|p1a: Tapu Bulu|94\/100|[from] Sandstorm\n|-heal|p2a: Rotom|100\/100|[from] item: Leftovers\n|-heal|p1a: Tapu Bulu|100\/100|[from] Grassy Terrain\n|upkeep\n|turn|22\n|\n|t:|1667118941\n|move|p2a: Rotom|Volt Switch|p1a: Tapu Bulu\n|-resisted|p1a: Tapu Bulu\n|-damage|p1a: Tapu Bulu|87\/100\n|\n|t:|1667118944\n|switch|p2a: Salamence|Salamence, F|76\/100 tox|[from]move: Volt Switch\n|-ability|p2a: Salamence|Intimidate|boost\n|-unboost|p1a: Tapu Bulu|atk|1\n|move|p1a: Tapu Bulu|Horn Leech|p2a: Salamence\n|-resisted|p2a: Salamence\n|-damage|p2a: Salamence|67\/100 tox\n|-heal|p1a: Tapu Bulu|91\/100|[from] drain|[of] p2a: Salamence\n|\n|-weather|none\n|-heal|p1a: Tapu Bulu|97\/100|[from] Grassy Terrain\n|-damage|p2a: Salamence|61\/100 tox|[from] psn\n|upkeep\n|turn|23\n|\n|t:|1667118950\n|switch|p1a: Keldeo|Keldeo-Resolute|88\/100\n|move|p2a: Salamence|Flamethrower|p1a: Keldeo\n|-resisted|p1a: Keldeo\n|-damage|p1a: Keldeo|72\/100\n|-status|p1a: Keldeo|brn\n|\n|-heal|p1a: Keldeo|78\/100 brn|[from] Grassy Terrain\n|-damage|p2a: Salamence|49\/100 tox|[from] psn\n|-damage|p1a: Keldeo|72\/100 brn|[from] brn\n|upkeep\n|turn|24\n|\n|t:|1667118964\n|switch|p2a: Rotom|Rotom-Wash|100\/100\n|move|p1a: Keldeo|Secret Sword|p2a: Rotom\n|-damage|p2a: Rotom|30\/100\n|\n|-heal|p1a: Keldeo|78\/100 brn|[from] Grassy Terrain\n|-heal|p2a: Rotom|36\/100|[from] item: Leftovers\n|-damage|p1a: Keldeo|72\/100 brn|[from] brn\n|upkeep\n|turn|25\n|\n|t:|1667118974\n|move|p1a: Keldeo|Secret Sword|p2a: Rotom\n|-damage|p2a: Rotom|0 fnt\n|faint|p2a: Rotom\n|\n|-heal|p1a: Keldeo|78\/100 brn|[from] Grassy Terrain\n|-damage|p1a: Keldeo|72\/100 brn|[from] brn\n|-fieldend|move: Grassy Terrain\n|upkeep\n|\n|t:|1667118982\n|switch|p2a: Keldeo|Keldeo-Resolute|100\/100\n|turn|26\n|\n|t:|1667118988\n|switch|p1a: Tapu Bulu|Tapu Bulu|97\/100\n|-fieldstart|move: Grassy Terrain|[from] ability: Grassy Surge|[of] p1a: Tapu Bulu\n|move|p2a: Keldeo|Secret Sword|p1a: Tapu Bulu\n|-resisted|p1a: Tapu Bulu\n|-damage|p1a: Tapu Bulu|72\/100\n|\n|-heal|p1a: Tapu Bulu|78\/100|[from] Grassy Terrain\n|upkeep\n|turn|27\n|\n|t:|1667118993\n|switch|p2a: Salamence|Salamence, F|49\/100 tox\n|-ability|p2a: Salamence|Intimidate|boost\n|-unboost|p1a: Tapu Bulu|atk|1\n|switch|p1a: Mamoswine|Mamoswine, M|100\/100\n|\n|-damage|p2a: Salamence|43\/100 tox|[from] psn\n|upkeep\n|turn|28\n|\n|t:|1667119003\n|move|p2a: Salamence|Roost|p2a: Salamence\n|-heal|p2a: Salamence|93\/100 tox\n|-singleturn|p2a: Salamence|move: Roost\n|move|p1a: Mamoswine|Icicle Crash|p2a: Salamence\n|-supereffective|p2a: Salamence\n|-damage|p2a: Salamence|0 fnt\n|faint|p2a: Salamence\n|\n|upkeep\n|\n|t:|1667119010\n|switch|p2a: Keldeo|Keldeo-Resolute|100\/100\n|turn|29\n|\n|t:|1667119015\n|switch|p1a: Tapu Bulu|Tapu Bulu|78\/100\n|move|p2a: Keldeo|Hydro Pump|p1a: Tapu Bulu|[miss]\n|-miss|p2a: Keldeo|p1a: Tapu Bulu\n|\n|-heal|p1a: Tapu Bulu|85\/100|[from] Grassy Terrain\n|upkeep\n|turn|30\n|-message|izugvfzuf forfeited.\n|\n|win|misplayin\n|raw|misplayin's rating: 1492 &rarr; <strong>1508<\/strong><br \/>(+16 for winning)\n|raw|izugvfzuf's rating: 1426 &rarr; <strong>1410<\/strong><br \/>(-16 for losing)\n|l|\u2606izugvfzuf\n","uploadtime":1667119027,"views":6,"p1id":"misplayin","p2id":"izugvfzuf","formatid":"gen8uu","rating":1410,"private":0,"password":null}