{"id":"gen8balancedhackmons-1615189342","p1":"Swordsman505","p2":"Redflix","format":"gen8balancedhackmons","log":"|j|\u2606Swordsman505\n|j|\u2606Redflix\n|t:|1657569640\n|gametype|singles\n|player|p1|Swordsman505|1|1403\n|player|p2|Redflix|erika|1738\n|teamsize|p1|6\n|teamsize|p2|6\n|gen|8\n|tier|[Gen 8] Balanced Hackmons\n|rated|\n|rule|OHKO Clause: OHKO moves are banned\n|rule|Evasion Moves Clause: Evasion moves are banned\n|rule|Forme Clause: Limit one of each forme of a Pok\u00e9mon\n|rule|HP Percentage Mod: HP is shown in percentages\n|rule|Dynamax Clause: You cannot dynamax\n|rule|Sleep Clause: Sleep-inducing moves are banned\n|rule|Endless Battle Clause: Forcing endless battles is banned\n|clearpoke\n|poke|p1|Kyurem-White|\n|poke|p1|Giratina|\n|poke|p1|Kyogre|\n|poke|p1|Dragapult, F|\n|poke|p1|Xerneas-*|\n|poke|p1|Chansey, F|\n|poke|p2|Ho-Oh|\n|poke|p2|Yveltal|\n|poke|p2|Regigigas|\n|poke|p2|Giratina|\n|poke|p2|Kyogre|\n|poke|p2|Zamazenta-Crowned|\n|teampreview\n|inactive|Battle timer is ON: inactive players will automatically lose when time's up. (requested by Swordsman505)\n|inactive|Redflix has 120 seconds left.\n|\n|t:|1657569688\n|start\n|switch|p1a: Kyurem|Kyurem-White|100\/100\n|switch|p2a: Kyogre|Kyogre|100\/100\n|turn|1\n|\n|t:|1657569694\n|move|p1a: Kyurem|Dragon Energy|p2a: Kyogre\n|-crit|p2a: Kyogre\n|-damage|p2a: Kyogre|0 fnt\n|faint|p2a: Kyogre\n|\n|upkeep\n|c|\u2606Redflix|,\n|c|\u2606Redflix|amazing\n|\n|t:|1657569718\n|switch|p2a: Zamazenta|Zamazenta-Crowned|100\/100\n|turn|2\n|\n|t:|1657569722\n|switch|p1a: Kyogre|Kyogre|100\/100\n|move|p2a: Zamazenta|Knock Off|p1a: Kyogre\n|-damage|p1a: Kyogre|80\/100\n|-enditem|p1a: Kyogre|Assault Vest|[from] move: Knock Off|[of] p2a: Zamazenta\n|\n|upkeep\n|turn|3\n|inactive|Swordsman505 has 120 seconds left.\n|c|\u2606Swordsman505|Crit didnt matter\n|\n|t:|1657569766\n|switch|p2a: Giratina|Giratina|100\/100\n|move|p1a: Kyogre|Volt Switch|p2a: Giratina\n|-resisted|p2a: Giratina\n|-damage|p2a: Giratina|95\/100\n|c|\u2606Redflix|lmao\n|c|\u2606Redflix|surely u arent that dumb\n|\n|t:|1657569779\n|switch|p1a: Kyurem|Kyurem-White|100\/100|[from]move: Volt Switch\n|\n|-heal|p2a: Giratina|100\/100|[from] item: Leftovers\n|upkeep\n|turn|4\n|c|\u2606Swordsman505|Specs dragons maw\n|inactive|Swordsman505 has 90 seconds left.\n|inactive|Redflix has 120 seconds left.\n|c|\u2606Swordsman505|I know what im talking about\n|c|\u2606Redflix|252+ SpA Choice Specs Dragon's Maw Kyurem-White Dragon Energy (150 BP) vs. 252 HP \/ 252 SpD Assault Vest Kyogre: 307-363 (75.9 - 89.8%) -- guaranteed 2HKO\n|c|\u2606Redflix|no u dont\n|c|\u2606Redflix|also i was +spd ogre\n|inactive|Swordsman505 has 60 seconds left.\n|c|\u2606Swordsman505|Ok\n|c|\u2606Redflix|so thats a big fat L\n|inactive|Redflix has 90 seconds left.\n|c|\u2606Swordsman505|Xd\n|c|\u2606Swordsman505|Seems you were right\n|c|\u2606Swordsman505|Crit did matter\n|inactive|Swordsman505 has 30 seconds left.\n|c|\u2606Swordsman505|Interesting\n|inactive|Swordsman505 has 20 seconds left.\n|\n|t:|1657569876\n|switch|p2a: Zamazenta|Zamazenta-Crowned|100\/100\n|move|p1a: Kyurem|Dragon Energy|p2a: Zamazenta\n|-resisted|p2a: Zamazenta\n|-damage|p2a: Zamazenta|39\/100\n|\n|-heal|p2a: Zamazenta|45\/100|[from] item: Leftovers\n|upkeep\n|turn|5\n|inactive|Swordsman505 has 30 seconds left this turn.\n|\n|t:|1657569885\n|switch|p1a: Kyogre|Kyogre|100\/100\n|move|p2a: Zamazenta|Anchor Shot|p1a: Kyogre\n|-resisted|p1a: Kyogre\n|-damage|p1a: Kyogre|88\/100\n|-activate|p1a: Kyogre|trapped\n|\n|-heal|p2a: Zamazenta|51\/100|[from] item: Leftovers\n|upkeep\n|turn|6\n|inactive|Swordsman505 has 30 seconds left.\n|\n|t:|1657569895\n|move|p2a: Zamazenta|Soft-Boiled|p2a: Zamazenta\n|-heal|p2a: Zamazenta|100\/100\n|move|p1a: Kyogre|Volt Switch|p2a: Zamazenta\n|-damage|p2a: Zamazenta|86\/100\n|inactive|Swordsman505 has 30 seconds left.\n|\n|t:|1657569909\n|switch|p1a: Giratina|Giratina|100\/100|[from]move: Volt Switch\n|\n|-heal|p2a: Zamazenta|93\/100|[from] item: Leftovers\n|-status|p1a: Giratina|tox|[from] item: Toxic Orb\n|upkeep\n|turn|7\n|inactive|Swordsman505 has 30 seconds left.\n|\n|t:|1657569918\n|switch|p2a: Ho-Oh|Ho-Oh|100\/100\n|move|p1a: Giratina|Baneful Bunker||[still]\n|-fail|p1a: Giratina\n|\n|upkeep\n|turn|8\n|\n|t:|1657569927\n|move|p2a: Ho-Oh|Brave Bird|p1a: Giratina\n|-damage|p1a: Giratina|63\/100 tox\n|move|p1a: Giratina|Wish|p1a: Giratina\n|\n|-heal|p1a: Giratina|76\/100 tox|[from] ability: Poison Heal\n|upkeep\n|turn|9\n|inactive|Redflix has 120 seconds left.\n|\n|t:|1657569940\n|switch|p2a: Zamazenta|Zamazenta-Crowned|93\/100\n|move|p1a: Giratina|Baneful Bunker||[still]\n|-fail|p1a: Giratina\n|\n|-heal|p1a: Giratina|100\/100 tox|[from] move: Wish|[wisher] Giratina\n|-heal|p2a: Zamazenta|99\/100|[from] item: Leftovers\n|upkeep\n|turn|10\n|inactive|Redflix has 120 seconds left.\n|\n|t:|1657569955\n|switch|p2a: Regigigas|Regigigas|100\/100\n|move|p1a: Giratina|Curse|p2a: Regigigas\n|-start|p2a: Regigigas|Curse|[of] p1a: Giratina\n|-damage|p1a: Giratina|50\/100 tox\n|\n|-heal|p1a: Giratina|63\/100 tox|[from] ability: Poison Heal\n|-damage|p2a: Regigigas|75\/100|[from] Curse\n|-status|p2a: Regigigas|tox|[from] item: Toxic Orb\n|upkeep\n|turn|11\n|inactive|Swordsman505 has 30 seconds left.\n|\n|t:|1657569970\n|switch|p2a: Ho-Oh|Ho-Oh|100\/100\n|move|p1a: Giratina|Wish|p1a: Giratina\n|\n|-heal|p1a: Giratina|75\/100 tox|[from] ability: Poison Heal\n|upkeep\n|turn|12\n|\n|t:|1657569979\n|switch|p2a: Regigigas|Regigigas|75\/100 tox\n|move|p1a: Giratina|Baneful Bunker||[still]\n|-fail|p1a: Giratina\n|\n|-heal|p1a: Giratina|100\/100 tox|[from] move: Wish|[wisher] Giratina\n|-heal|p2a: Regigigas|88\/100 tox|[from] ability: Poison Heal\n|upkeep\n|turn|13\n|\n|t:|1657569990\n|move|p2a: Regigigas|Spikes|p1a: Giratina\n|-sidestart|p1: Swordsman505|Spikes\n|move|p1a: Giratina|Curse|p2a: Regigigas\n|-start|p2a: Regigigas|Curse|[of] p1a: Giratina\n|-damage|p1a: Giratina|50\/100 tox\n|\n|-heal|p2a: Regigigas|100\/100 tox|[from] ability: Poison Heal\n|-heal|p1a: Giratina|63\/100 tox|[from] ability: Poison Heal\n|-damage|p2a: Regigigas|75\/100 tox|[from] Curse\n|upkeep\n|turn|14\n|inactive|Swordsman505 has 30 seconds left.\n|\n|t:|1657570010\n|switch|p2a: Ho-Oh|Ho-Oh|100\/100\n|move|p1a: Giratina|Wish|p1a: Giratina\n|\n|-heal|p1a: Giratina|75\/100 tox|[from] ability: Poison Heal\n|upkeep\n|turn|15\n|inactive|Swordsman505 has 30 seconds left.\n|inactive|Swordsman505 has 20 seconds left.\n|\n|t:|1657570031\n|switch|p2a: Zamazenta|Zamazenta-Crowned|99\/100\n|switch|p1a: Kyogre|Kyogre|100\/100\n|-damage|p1a: Kyogre|88\/100|[from] Spikes\n|\n|-heal|p1a: Kyogre|100\/100|[from] move: Wish|[wisher] Giratina\n|-heal|p2a: Zamazenta|100\/100|[from] item: Leftovers\n|upkeep\n|turn|16\n|inactive|Swordsman505 has 30 seconds left this turn.\n|inactive|Swordsman505 has 20 seconds left.\n|\n|t:|1657570043\n|switch|p2a: Regigigas|Regigigas|75\/100 tox\n|move|p1a: Kyogre|Rapid Spin|p2a: Regigigas\n|-damage|p2a: Regigigas|67\/100 tox\n|-boost|p1a: Kyogre|spe|1\n|-sideend|p1: Swordsman505|Spikes|[from] move: Rapid Spin|[of] p1a: Kyogre\n|\n|-heal|p2a: Regigigas|80\/100 tox|[from] ability: Poison Heal\n|upkeep\n|turn|17\n|inactive|Swordsman505 has 30 seconds left this turn.\n|inactive|Swordsman505 has 20 seconds left.\n|\n|t:|1657570056\n|move|p1a: Kyogre|Volt Switch|p2a: Regigigas\n|-damage|p2a: Regigigas|64\/100 tox\n|inactive|Swordsman505 has 25 seconds left this turn.\n|inactive|Swordsman505 has 20 seconds left.\n|\n|t:|1657570065\n|switch|p1a: Giratina|Giratina|75\/100 tox|[from]move: Volt Switch\n|move|p2a: Regigigas|Spikes|p1a: Giratina\n|-sidestart|p1: Swordsman505|Spikes\n|\n|-heal|p2a: Regigigas|77\/100 tox|[from] ability: Poison Heal\n|-heal|p1a: Giratina|88\/100 tox|[from] ability: Poison Heal\n|upkeep\n|turn|18\n|inactive|Swordsman505 has 30 seconds left this turn.\n|inactive|Swordsman505 has 20 seconds left.\n|\n|t:|1657570079\n|switch|p2a: Ho-Oh|Ho-Oh|100\/100\n|move|p1a: Giratina|Wish|p1a: Giratina\n|\n|-heal|p1a: Giratina|100\/100 tox|[from] ability: Poison Heal\n|upkeep\n|turn|19\n|inactive|Swordsman505 has 30 seconds left this turn.\n|inactive|Swordsman505 has 20 seconds left.\n|\n|t:|1657570092\n|switch|p1a: Kyogre|Kyogre|100\/100\n|-damage|p1a: Kyogre|88\/100|[from] Spikes\n|move|p2a: Ho-Oh|Brave Bird|p1a: Kyogre\n|-damage|p1a: Kyogre|31\/100\n|\n|-heal|p1a: Kyogre|93\/100|[from] move: Wish|[wisher] Giratina\n|upkeep\n|turn|20\n|inactive|Swordsman505 has 30 seconds left this turn.\n|inactive|Swordsman505 has 20 seconds left.\n|\n|t:|1657570104\n|switch|p2a: Giratina|Giratina|100\/100\n|move|p1a: Kyogre|Scald|p2a: Giratina\n|-resisted|p2a: Giratina\n|-damage|p2a: Giratina|90\/100\n|\n|-heal|p2a: Giratina|96\/100|[from] item: Leftovers\n|upkeep\n|turn|21\n|inactive|Swordsman505 has 30 seconds left this turn.\n|\n|t:|1657570113\n|move|p1a: Kyogre|Core Enforcer|p2a: Giratina\n|-supereffective|p2a: Giratina\n|-damage|p2a: Giratina|57\/100\n|move|p2a: Giratina|Spectral Thief|p1a: Kyogre\n|-damage|p1a: Kyogre|69\/100\n|\n|-heal|p2a: Giratina|63\/100|[from] item: Leftovers\n|upkeep\n|turn|22\n|inactive|Swordsman505 has 30 seconds left.\n|\n|t:|1657570128\n|move|p2a: Giratina|Slack Off|p2a: Giratina\n|-heal|p2a: Giratina|100\/100\n|move|p1a: Kyogre|Core Enforcer|p2a: Giratina\n|-supereffective|p2a: Giratina\n|-damage|p2a: Giratina|64\/100\n|-endability|p2a: Giratina\n|\n|-heal|p2a: Giratina|71\/100|[from] item: Leftovers\n|upkeep\n|turn|23\n|inactive|Swordsman505 has 30 seconds left.\n|\n|t:|1657570142\n|switch|p2a: Regigigas|Regigigas|77\/100 tox\n|move|p1a: Kyogre|Volt Switch|p2a: Regigigas\n|-damage|p2a: Regigigas|60\/100 tox\n|inactive|Swordsman505 has 30 seconds left this turn.\n|\n|t:|1657570150\n|switch|p1a: Xerneas|Xerneas|100\/100|[from]move: Volt Switch\n|-damage|p1a: Xerneas|88\/100|[from] Spikes\n|\n|-heal|p2a: Regigigas|72\/100 tox|[from] ability: Poison Heal\n|upkeep\n|turn|24\n|inactive|Swordsman505 has 30 seconds left.\n|\n|t:|1657570160\n|switch|p2a: Ho-Oh|Ho-Oh|100\/100\n|move|p1a: Xerneas|Boomburst|p2a: Ho-Oh\n|-resisted|p2a: Ho-Oh\n|-damage|p2a: Ho-Oh|72\/100\n|\n|upkeep\n|turn|25\n|inactive|Swordsman505 has 30 seconds left.\n|\n|t:|1657570173\n|switch|p2a: Zamazenta|Zamazenta-Crowned|100\/100\n|move|p1a: Xerneas|Strength Sap|p2a: Zamazenta\n|move|p2a: Zamazenta|Strength Sap|p1a: Xerneas|[from]ability: Magic Bounce\n|-unboost|p1a: Xerneas|atk|1\n|\n|upkeep\n|turn|26\n|\n|t:|1657570183\n|switch|p1a: Kyogre|Kyogre|100\/100\n|-damage|p1a: Kyogre|88\/100|[from] Spikes\n|move|p2a: Zamazenta|Thunderous Kick|p1a: Kyogre\n|-damage|p1a: Kyogre|60\/100\n|-unboost|p1a: Kyogre|def|1\n|\n|upkeep\n|turn|27\n|\n|t:|1657570195\n|switch|p2a: Giratina|Giratina|71\/100\n|move|p1a: Kyogre|Rapid Spin|p2a: Giratina\n|-immune|p2a: Giratina\n|\n|-heal|p2a: Giratina|77\/100|[from] item: Leftovers\n|upkeep\n|turn|28\n|\n|t:|1657570205\n|switch|p2a: Regigigas|Regigigas|72\/100 tox\n|move|p1a: Kyogre|Volt Switch|p2a: Regigigas\n|-crit|p2a: Regigigas\n|-damage|p2a: Regigigas|47\/100 tox\n|\n|t:|1657570213\n|switch|p1a: Kyurem|Kyurem-White|100\/100|[from]move: Volt Switch\n|-damage|p1a: Kyurem|88\/100|[from] Spikes\n|\n|-heal|p2a: Regigigas|60\/100 tox|[from] ability: Poison Heal\n|upkeep\n|turn|29\n|\n|t:|1657570225\n|move|p2a: Regigigas|Facade|p1a: Kyurem\n|-damage|p1a: Kyurem|32\/100\n|move|p1a: Kyurem|Dragon Energy|p2a: Regigigas\n|-damage|p2a: Regigigas|17\/100 tox\n|\n|-heal|p2a: Regigigas|30\/100 tox|[from] ability: Poison Heal\n|upkeep\n|turn|30\n|\n|t:|1657570238\n|switch|p1a: Giratina|Giratina|100\/100 tox\n|-damage|p1a: Giratina|88\/100 tox|[from] Spikes\n|move|p2a: Regigigas|Facade|p1a: Giratina\n|-immune|p1a: Giratina\n|\n|-heal|p2a: Regigigas|42\/100 tox|[from] ability: Poison Heal\n|-heal|p1a: Giratina|100\/100 tox|[from] ability: Poison Heal\n|upkeep\n|turn|31\n|\n|t:|1657570250\n|move|p2a: Regigigas|Spikes|p1a: Giratina\n|-sidestart|p1: Swordsman505|Spikes\n|move|p1a: Giratina|Wish|p1a: Giratina\n|\n|-heal|p2a: Regigigas|55\/100 tox|[from] ability: Poison Heal\n|upkeep\n|turn|32\n|\n|t:|1657570257\n|move|p2a: Regigigas|Facade|p1a: Giratina\n|-immune|p1a: Giratina\n|move|p1a: Giratina|Thousand Waves|p2a: Regigigas\n|-damage|p2a: Regigigas|39\/100 tox\n|-activate|p2a: Regigigas|trapped\n|\n|-heal|p2a: Regigigas|51\/100 tox|[from] ability: Poison Heal\n|upkeep\n|turn|33\n|\n|t:|1657570269\n|move|p2a: Regigigas|Dragon Dance|p2a: Regigigas\n|-boost|p2a: Regigigas|atk|1\n|-boost|p2a: Regigigas|spe|1\n|move|p1a: Giratina|Wish|p1a: Giratina\n|\n|-heal|p2a: Regigigas|64\/100 tox|[from] ability: Poison Heal\n|upkeep\n|turn|34\n|\n|t:|1657570277\n|move|p2a: Regigigas|Dragon Dance|p2a: Regigigas\n|-boost|p2a: Regigigas|atk|1\n|-boost|p2a: Regigigas|spe|1\n|move|p1a: Giratina|Curse|p2a: Regigigas\n|-start|p2a: Regigigas|Curse|[of] p1a: Giratina\n|-damage|p1a: Giratina|50\/100 tox\n|\n|-heal|p1a: Giratina|100\/100 tox|[from] move: Wish|[wisher] Giratina\n|-heal|p2a: Regigigas|76\/100 tox|[from] ability: Poison Heal\n|-damage|p2a: Regigigas|51\/100 tox|[from] Curse\n|upkeep\n|turn|35\n|\n|t:|1657570289\n|move|p2a: Regigigas|Precipice Blades|p1a: Giratina\n|-damage|p1a: Giratina|52\/100 tox\n|move|p1a: Giratina|Thousand Waves|p2a: Regigigas\n|-damage|p2a: Regigigas|37\/100 tox\n|\n|-heal|p2a: Regigigas|50\/100 tox|[from] ability: Poison Heal\n|-heal|p1a: Giratina|65\/100 tox|[from] ability: Poison Heal\n|-damage|p2a: Regigigas|25\/100 tox|[from] Curse\n|upkeep\n|turn|36\n|\n|t:|1657570301\n|move|p2a: Regigigas|Dragon Dance|p2a: Regigigas\n|-boost|p2a: Regigigas|atk|1\n|-boost|p2a: Regigigas|spe|1\n|move|p1a: Giratina|Wish|p1a: Giratina\n|\n|-heal|p2a: Regigigas|37\/100 tox|[from] ability: Poison Heal\n|-heal|p1a: Giratina|77\/100 tox|[from] ability: Poison Heal\n|-damage|p2a: Regigigas|12\/100 tox|[from] Curse\n|upkeep\n|turn|37\n|\n|t:|1657570313\n|move|p1a: Giratina|Baneful Bunker|p1a: Giratina\n|-singleturn|p1a: Giratina|move: Protect\n|move|p2a: Regigigas|Spikes|p1a: Giratina\n|-sidestart|p1: Swordsman505|Spikes\n|\n|-heal|p1a: Giratina|100\/100 tox|[from] move: Wish|[wisher] Giratina\n|-heal|p2a: Regigigas|25\/100 tox|[from] ability: Poison Heal\n|-damage|p2a: Regigigas|0 fnt|[from] Curse\n|faint|p2a: Regigigas\n|upkeep\n|\n|t:|1657570319\n|switch|p2a: Ho-Oh|Ho-Oh|72\/100\n|turn|38\n|\n|t:|1657570328\n|move|p2a: Ho-Oh|Brave Bird|p1a: Giratina\n|-damage|p1a: Giratina|61\/100 tox\n|move|p1a: Giratina|Wish|p1a: Giratina\n|\n|-heal|p1a: Giratina|73\/100 tox|[from] ability: Poison Heal\n|upkeep\n|turn|39\n|inactive|Swordsman505 has 60 seconds left.\n|\n|t:|1657570353\n|move|p2a: Ho-Oh|Brave Bird|p1a: Giratina\n|-damage|p1a: Giratina|34\/100 tox\n|move|p1a: Giratina|Wish||[still]\n|-fail|p1a: Giratina\n|\n|-heal|p1a: Giratina|84\/100 tox|[from] move: Wish|[wisher] Giratina\n|-heal|p1a: Giratina|97\/100 tox|[from] ability: Poison Heal\n|upkeep\n|turn|40\n|\n|t:|1657570371\n|move|p2a: Ho-Oh|Shore Up|p2a: Ho-Oh\n|-heal|p2a: Ho-Oh|100\/100\n|move|p1a: Giratina|Wish|p1a: Giratina\n|\n|-heal|p1a: Giratina|100\/100 tox|[from] ability: Poison Heal\n|upkeep\n|turn|41\n|\n|t:|1657570379\n|move|p2a: Ho-Oh|Brave Bird|p1a: Giratina\n|-damage|p1a: Giratina|65\/100 tox\n|move|p1a: Giratina|Curse|p2a: Ho-Oh\n|-start|p2a: Ho-Oh|Curse|[of] p1a: Giratina\n|-damage|p1a: Giratina|15\/100 tox\n|\n|-heal|p1a: Giratina|65\/100 tox|[from] move: Wish|[wisher] Giratina\n|-heal|p1a: Giratina|78\/100 tox|[from] ability: Poison Heal\n|upkeep\n|turn|42\n|\n|t:|1657570399\n|switch|p2a: Zamazenta|Zamazenta-Crowned|100\/100\n|move|p1a: Giratina|Baneful Bunker||[still]\n|-fail|p1a: Giratina\n|\n|-heal|p1a: Giratina|90\/100 tox|[from] ability: Poison Heal\n|upkeep\n|turn|43\n|\n|t:|1657570412\n|switch|p2a: Giratina|Giratina|77\/100\n|move|p1a: Giratina|Wish|p1a: Giratina\n|\n|-heal|p2a: Giratina|83\/100|[from] item: Leftovers\n|-heal|p1a: Giratina|100\/100 tox|[from] ability: Poison Heal\n|upkeep\n|turn|44\n|\n|t:|1657570421\n|switch|p1a: Kyurem|Kyurem-White|32\/100\n|-damage|p1a: Kyurem|8\/100|[from] Spikes\n|move|p2a: Giratina|Core Enforcer|p1a: Kyurem\n|-supereffective|p1a: Kyurem\n|-damage|p1a: Kyurem|0 fnt\n|faint|p1a: Kyurem\n|\n|-heal|p2a: Giratina|89\/100|[from] item: Leftovers\n|upkeep\n|\n|t:|1657570437\n|switch|p1a: Dragapult|Dragapult, F|100\/100\n|-damage|p1a: Dragapult|75\/100|[from] Spikes\n|turn|45\n|\n|t:|1657570442\n|switch|p2a: Zamazenta|Zamazenta-Crowned|100\/100\n|move|p1a: Dragapult|Entrainment|p2a: Zamazenta\n|move|p2a: Zamazenta|Entrainment|p1a: Dragapult|[from]ability: Magic Bounce\n|-endability|p1a: Dragapult|Normalize|[from] move: Entrainment\n|-ability|p1a: Dragapult|Magic Bounce|[from] move: Entrainment\n|\n|upkeep\n|turn|46\n|inactive|Swordsman505 has 30 seconds left.\n|\n|t:|1657570463\n|switch|p1a: Kyogre|Kyogre|93\/100\n|-damage|p1a: Kyogre|68\/100|[from] Spikes\n|move|p2a: Zamazenta|Knock Off|p1a: Kyogre\n|-damage|p1a: Kyogre|53\/100\n|\n|upkeep\n|turn|47\n|\n|t:|1657570471\n|switch|p2a: Giratina|Giratina|89\/100\n|move|p1a: Kyogre|Core Enforcer|p2a: Giratina\n|-supereffective|p2a: Giratina\n|-damage|p2a: Giratina|50\/100\n|\n|-heal|p2a: Giratina|56\/100|[from] item: Leftovers\n|upkeep\n|turn|48\n|\n|t:|1657570482\n|move|p1a: Kyogre|Scald|p2a: Giratina\n|-resisted|p2a: Giratina\n|-damage|p2a: Giratina|45\/100\n|move|p2a: Giratina|Core Enforcer|p1a: Kyogre\n|-damage|p1a: Kyogre|32\/100\n|-endability|p1a: Kyogre\n|\n|-heal|p2a: Giratina|51\/100|[from] item: Leftovers\n|upkeep\n|turn|49\n|\n|t:|1657570494\n|move|p2a: Giratina|Slack Off|p2a: Giratina\n|-heal|p2a: Giratina|100\/100\n|move|p1a: Kyogre|Core Enforcer|p2a: Giratina\n|-supereffective|p2a: Giratina\n|-damage|p2a: Giratina|61\/100\n|-endability|p2a: Giratina\n|\n|-heal|p2a: Giratina|67\/100|[from] item: Leftovers\n|upkeep\n|turn|50\n|\n|t:|1657570509\n|move|p1a: Kyogre|Core Enforcer|p2a: Giratina\n|-supereffective|p2a: Giratina\n|-damage|p2a: Giratina|28\/100\n|move|p2a: Giratina|Spectral Thief|p1a: Kyogre\n|-damage|p1a: Kyogre|6\/100\n|\n|-heal|p2a: Giratina|34\/100|[from] item: Leftovers\n|upkeep\n|turn|51\n|\n|t:|1657570523\n|switch|p2a: Yveltal|Yveltal|100\/100\n|move|p1a: Kyogre|Core Enforcer|p2a: Yveltal\n|-damage|p2a: Yveltal|76\/100\n|\n|upkeep\n|turn|52\n|\n|t:|1657570534\n|switch|p1a: Chansey|Chansey, F|100\/100\n|-damage|p1a: Chansey|75\/100|[from] Spikes\n|-transform|p1a: Chansey|p2a: Yveltal|[from] ability: Imposter\n|move|p2a: Yveltal|Oblivion Wing|p1a: Chansey\n|-damage|p1a: Chansey|62\/100\n|-heal|p2a: Yveltal|92\/100|[from] drain|[of] p1a: Chansey\n|\n|upkeep\n|turn|53\n|\n|t:|1657570548\n|move|p2a: Yveltal|Imprison|p2a: Yveltal\n|-start|p2a: Yveltal|move: Imprison\n|cant|p1a: Chansey|move: Imprison|Imprison\n|\n|upkeep\n|turn|54\n|\n|t:|1657570556\n|switch|p1a: Xerneas|Xerneas|88\/100\n|-damage|p1a: Xerneas|63\/100|[from] Spikes\n|move|p2a: Yveltal|Nasty Plot|p2a: Yveltal\n|-boost|p2a: Yveltal|spa|2\n|\n|upkeep\n|turn|55\n|\n|t:|1657570565\n|move|p2a: Yveltal|Oblivion Wing|p1a: Xerneas\n|-damage|p1a: Xerneas|0 fnt\n|-heal|p2a: Yveltal|100\/100|[from] drain|[of] p1a: Xerneas\n|faint|p1a: Xerneas\n|\n|upkeep\n|c|\u2606Swordsman505|Gg\n|-message|Swordsman505 forfeited.\n|\n|win|Redflix\n|raw|Swordsman505's rating: 1403 &rarr; <strong>1398<\/strong><br \/>(-5 for losing)\n|raw|Redflix's rating: 1738 &rarr; <strong>1743<\/strong><br \/>(+5 for winning)\n|l|\u2606Swordsman505\n","uploadtime":1657570587,"views":28,"p1id":"swordsman505","p2id":"redflix","formatid":"gen8balancedhackmons","rating":1398,"private":0,"password":null}