{"id":"gen8nationaldex-1448860502","p1":"Hikari-miyako","p2":"kev64","format":"gen8nationaldex","log":"|j|\u2606Hikari-miyako\n|j|\u2606kev64\n|t:|1636059334\n|gametype|singles\n|player|p1|Hikari-miyako|ariana|1769\n|player|p2|kev64|ethan|1716\n|teamsize|p1|6\n|teamsize|p2|6\n|gen|8\n|tier|[Gen 8] National Dex\n|rated|\n|rule|HP Percentage Mod: HP is shown in percentages\n|rule|Endless Battle Clause: Forcing endless battles is banned\n|rule|OHKO Clause: OHKO moves are banned\n|rule|Evasion Moves Clause: Evasion moves are banned\n|rule|Species Clause: Limit one of each Pok\u00e9mon\n|rule|Dynamax Clause: You cannot dynamax\n|rule|Sleep Clause Mod: Limit one foe put to sleep\n|clearpoke\n|poke|p1|Zapdos|\n|poke|p1|Greninja, M|\n|poke|p1|Tyranitar, M|\n|poke|p1|Serperior, F|\n|poke|p1|Landorus-Therian, M|\n|poke|p1|Aegislash, M|\n|poke|p2|Sharpedo, M|\n|poke|p2|Corviknight, M|\n|poke|p2|Tapu Lele|\n|poke|p2|Landorus-Therian, M|\n|poke|p2|Volcarona, M|\n|poke|p2|Kommo-o, M|\n|teampreview\n|inactive|Battle timer is ON: inactive players will automatically lose when time's up. (requested by Hikari-miyako)\n|inactive|kev64 has 120 seconds left.\n|\n|t:|1636059401\n|start\n|switch|p1a: Landorus|Landorus-Therian, M|100\/100\n|switch|p2a: Corviknight|Corviknight, M|100\/100\n|-ability|p1a: Landorus|Intimidate|boost\n|-unboost|p2a: Corviknight|atk|1\n|-ability|p2a: Corviknight|Pressure\n|turn|1\n|\n|t:|1636059413\n|move|p1a: Landorus|Stealth Rock|p2a: Corviknight\n|-sidestart|p2: kev64|move: Stealth Rock\n|move|p2a: Corviknight|U-turn|p1a: Landorus\n|-resisted|p1a: Landorus\n|-damage|p1a: Landorus|95\/100\n|-damage|p2a: Corviknight|84\/100|[from] item: Rocky Helmet|[of] p1a: Landorus\n|\n|t:|1636059423\n|switch|p2a: Tapu Lele|Tapu Lele|100\/100|[from]move: U-turn\n|-damage|p2a: Tapu Lele|88\/100|[from] Stealth Rock\n|-fieldstart|move: Psychic Terrain|[from] ability: Psychic Surge|[of] p2a: Tapu Lele\n|\n|upkeep\n|turn|2\n|\n|t:|1636059429\n|switch|p1a: Aegislash|Aegislash, M|100\/100\n|move|p2a: Tapu Lele|Moonblast|p1a: Aegislash\n|-resisted|p1a: Aegislash\n|-damage|p1a: Aegislash|73\/100\n|\n|upkeep\n|turn|3\n|\n|t:|1636059435\n|switch|p2a: Corviknight|Corviknight, M|84\/100\n|-damage|p2a: Corviknight|72\/100|[from] Stealth Rock\n|-ability|p2a: Corviknight|Pressure\n|-formechange|p1a: Aegislash|Aegislash-Blade||[from] ability: Stance Change\n|move|p1a: Aegislash|Shadow Ball|p2a: Corviknight\n|-damage|p2a: Corviknight|25\/100\n|\n|upkeep\n|turn|4\n|\n|t:|1636059438\n|switch|p2a: Kommo-o|Kommo-o, M|100\/100\n|-damage|p2a: Kommo-o|94\/100|[from] Stealth Rock\n|move|p1a: Aegislash|Shadow Ball|p2a: Kommo-o\n|-immune|p2a: Kommo-o|[from] ability: Bulletproof\n|\n|upkeep\n|turn|5\n|\n|t:|1636059445\n|-formechange|p1a: Aegislash|Aegislash||[from] ability: Stance Change\n|move|p1a: Aegislash|King's Shield|p1a: Aegislash\n|-singleturn|p1a: Aegislash|Protect\n|move|p2a: Kommo-o|Clangorous Soul|p2a: Kommo-o\n|-boost|p2a: Kommo-o|atk|1\n|-boost|p2a: Kommo-o|def|1\n|-boost|p2a: Kommo-o|spa|1\n|-boost|p2a: Kommo-o|spd|1\n|-boost|p2a: Kommo-o|spe|1\n|-damage|p2a: Kommo-o|61\/100\n|\n|-fieldend|move: Psychic Terrain\n|upkeep\n|turn|6\n|\n|t:|1636059455\n|switch|p1a: Landorus|Landorus-Therian, M|95\/100\n|-ability|p1a: Landorus|Intimidate|boost\n|-unboost|p2a: Kommo-o|atk|1\n|move|p2a: Kommo-o|Clanging Scales|p1a: Landorus\n|-damage|p1a: Landorus|14\/100\n|-unboost|p2a: Kommo-o|def|1\n|\n|upkeep\n|turn|7\n|\n|t:|1636059460\n|move|p2a: Kommo-o|Drain Punch|p1a: Landorus\n|-resisted|p1a: Landorus\n|-damage|p1a: Landorus|0 fnt\n|-heal|p2a: Kommo-o|69\/100|[from] drain|[of] p1a: Landorus\n|-damage|p2a: Kommo-o|52\/100|[from] item: Rocky Helmet|[of] p1a: Landorus\n|faint|p1a: Landorus\n|\n|upkeep\n|\n|t:|1636059462\n|switch|p1a: Aegislash|Aegislash, M|73\/100\n|turn|8\n|\n|t:|1636059468\n|switch|p2a: Volcarona|Volcarona, M|100\/100\n|-formechange|p1a: Aegislash|Aegislash-Blade||[from] ability: Stance Change\n|move|p1a: Aegislash|Close Combat|p2a: Volcarona\n|-resisted|p2a: Volcarona\n|-damage|p2a: Volcarona|72\/100\n|-unboost|p1a: Aegislash|def|1\n|-unboost|p1a: Aegislash|spd|1\n|-status|p1a: Aegislash|brn|[from] ability: Flame Body|[of] p2a: Volcarona\n|\n|-damage|p1a: Aegislash|67\/100 brn|[from] brn\n|upkeep\n|turn|9\n|\n|t:|1636059475\n|switch|p2a: Corviknight|Corviknight, M|25\/100\n|-damage|p2a: Corviknight|13\/100|[from] Stealth Rock\n|-ability|p2a: Corviknight|Pressure\n|switch|p1a: Tyranitar|Tyranitar, M|100\/100\n|-weather|Sandstorm|[from] ability: Sand Stream|[of] p1a: Tyranitar\n|\n|-weather|Sandstorm|[upkeep]\n|upkeep\n|turn|10\n|\n|t:|1636059481\n|detailschange|p1a: Tyranitar|Tyranitar-Mega, M\n|-mega|p1a: Tyranitar|Tyranitar|Tyranitarite\n|move|p1a: Tyranitar|Crunch|p2a: Corviknight\n|-damage|p2a: Corviknight|0 fnt\n|-damage|p1a: Tyranitar|84\/100|[from] item: Rocky Helmet|[of] p2a: Corviknight\n|faint|p2a: Corviknight\n|\n|-weather|Sandstorm|[upkeep]\n|upkeep\n|\n|t:|1636059486\n|switch|p2a: Sharpedo|Sharpedo, M|100\/100\n|-damage|p2a: Sharpedo|88\/100|[from] Stealth Rock\n|turn|11\n|\n|t:|1636059491\n|move|p2a: Sharpedo|Liquidation|p1a: Tyranitar\n|-supereffective|p1a: Tyranitar\n|-damage|p1a: Tyranitar|20\/100\n|move|p1a: Tyranitar|Dragon Dance|p1a: Tyranitar\n|-boost|p1a: Tyranitar|atk|1\n|-boost|p1a: Tyranitar|spe|1\n|\n|-weather|Sandstorm|[upkeep]\n|-damage|p2a: Sharpedo|82\/100|[from] Sandstorm\n|-ability|p2a: Sharpedo|Speed Boost|boost\n|-boost|p2a: Sharpedo|spe|1\n|upkeep\n|turn|12\n|\n|t:|1636059499\n|move|p2a: Sharpedo|Liquidation|p1a: Tyranitar\n|-supereffective|p1a: Tyranitar\n|-damage|p1a: Tyranitar|0 fnt\n|faint|p1a: Tyranitar\n|\n|-weather|Sandstorm|[upkeep]\n|-damage|p2a: Sharpedo|76\/100|[from] Sandstorm\n|-ability|p2a: Sharpedo|Speed Boost|boost\n|-boost|p2a: Sharpedo|spe|1\n|upkeep\n|\n|t:|1636059502\n|switch|p1a: Zapdos|Zapdos|100\/100\n|turn|13\n|\n|t:|1636059505\n|switch|p2a: Landorus|Landorus-Therian, M|100\/100\n|-damage|p2a: Landorus|88\/100|[from] Stealth Rock\n|-ability|p2a: Landorus|Intimidate|boost\n|-unboost|p1a: Zapdos|atk|1\n|move|p1a: Zapdos|Volt Switch|p2a: Landorus\n|-immune|p2a: Landorus\n|\n|-weather|none\n|upkeep\n|turn|14\n|\n|t:|1636059507\n|move|p2a: Landorus|Knock Off|p1a: Zapdos\n|-damage|p1a: Zapdos|61\/100\n|-enditem|p1a: Zapdos|Heavy-Duty Boots|[from] move: Knock Off|[of] p2a: Landorus\n|move|p1a: Zapdos|Hidden Power|p2a: Landorus\n|-supereffective|p2a: Landorus\n|-damage|p2a: Landorus|0 fnt\n|faint|p2a: Landorus\n|\n|upkeep\n|\n|t:|1636059510\n|switch|p2a: Tapu Lele|Tapu Lele|88\/100\n|-damage|p2a: Tapu Lele|76\/100|[from] Stealth Rock\n|-fieldstart|move: Psychic Terrain|[from] ability: Psychic Surge|[of] p2a: Tapu Lele\n|turn|15\n|\n|t:|1636059516\n|switch|p1a: Aegislash|Aegislash, M|67\/100 brn\n|move|p2a: Tapu Lele|Moonblast|p1a: Aegislash\n|-resisted|p1a: Aegislash\n|-damage|p1a: Aegislash|41\/100 brn\n|\n|-damage|p1a: Aegislash|34\/100 brn|[from] brn\n|upkeep\n|turn|16\n|\n|t:|1636059520\n|switch|p2a: Kommo-o|Kommo-o, M|52\/100\n|-damage|p2a: Kommo-o|46\/100|[from] Stealth Rock\n|-formechange|p1a: Aegislash|Aegislash-Blade||[from] ability: Stance Change\n|move|p1a: Aegislash|Shadow Ball|p2a: Kommo-o\n|-immune|p2a: Kommo-o|[from] ability: Bulletproof\n|\n|-damage|p1a: Aegislash|28\/100 brn|[from] brn\n|upkeep\n|turn|17\n|\n|t:|1636059526\n|-formechange|p1a: Aegislash|Aegislash||[from] ability: Stance Change\n|move|p1a: Aegislash|King's Shield|p1a: Aegislash\n|-singleturn|p1a: Aegislash|Protect\n|move|p2a: Kommo-o|Clanging Scales|p1a: Aegislash\n|-activate|p1a: Aegislash|move: Protect\n|\n|-damage|p1a: Aegislash|22\/100 brn|[from] brn\n|upkeep\n|turn|18\n|\n|t:|1636059532\n|move|p2a: Kommo-o|Clanging Scales|p1a: Aegislash\n|-resisted|p1a: Aegislash\n|-damage|p1a: Aegislash|7\/100 brn\n|-unboost|p2a: Kommo-o|def|1\n|-formechange|p1a: Aegislash|Aegislash-Blade||[from] ability: Stance Change\n|move|p1a: Aegislash|Close Combat|p2a: Kommo-o\n|-damage|p2a: Kommo-o|20\/100\n|-unboost|p1a: Aegislash|def|1\n|-unboost|p1a: Aegislash|spd|1\n|\n|-damage|p1a: Aegislash|0 fnt|[from] brn\n|faint|p1a: Aegislash\n|upkeep\n|\n|t:|1636059539\n|switch|p1a: Greninja|Greninja, M|100\/100\n|turn|19\n|\n|t:|1636059553\n|move|p1a: Greninja|Ice Beam|p2a: Kommo-o\n|-start|p1a: Greninja|typechange|Ice|[from] ability: Protean\n|-supereffective|p2a: Kommo-o\n|-damage|p2a: Kommo-o|0 fnt\n|faint|p2a: Kommo-o\n|-damage|p1a: Greninja|91\/100|[from] item: Life Orb\n|\n|-fieldend|move: Psychic Terrain\n|upkeep\n|\n|t:|1636059569\n|switch|p2a: Volcarona|Volcarona, M|72\/100\n|turn|20\n|\n|t:|1636059573\n|move|p1a: Greninja|Hydro Pump|p2a: Volcarona\n|-start|p1a: Greninja|typechange|Water|[from] ability: Protean\n|-supereffective|p2a: Volcarona\n|-damage|p2a: Volcarona|0 fnt\n|faint|p2a: Volcarona\n|-damage|p1a: Greninja|81\/100|[from] item: Life Orb\n|\n|upkeep\n|\n|t:|1636059576\n|switch|p2a: Sharpedo|Sharpedo, M|76\/100\n|-damage|p2a: Sharpedo|63\/100|[from] Stealth Rock\n|turn|21\n|\n|t:|1636059579\n|switch|p1a: Zapdos|Zapdos|61\/100\n|move|p2a: Sharpedo|Liquidation|p1a: Zapdos\n|-damage|p1a: Zapdos|15\/100\n|-unboost|p1a: Zapdos|def|1\n|\n|-ability|p2a: Sharpedo|Speed Boost|boost\n|-boost|p2a: Sharpedo|spe|1\n|upkeep\n|turn|22\n|\n|t:|1636059585\n|move|p2a: Sharpedo|Liquidation|p1a: Zapdos\n|-damage|p1a: Zapdos|0 fnt\n|faint|p1a: Zapdos\n|\n|-ability|p2a: Sharpedo|Speed Boost|boost\n|-boost|p2a: Sharpedo|spe|1\n|upkeep\n|\n|t:|1636059587\n|switch|p1a: Serperior|Serperior, F|100\/100\n|turn|23\n|\n|t:|1636059591\n|detailschange|p2a: Sharpedo|Sharpedo-Mega, M\n|-mega|p2a: Sharpedo|Sharpedo|Sharpedonite\n|move|p2a: Sharpedo|Crunch|p1a: Serperior\n|-damage|p1a: Serperior|0 fnt\n|faint|p1a: Serperior\n|\n|upkeep\n|-message|Hikari-miyako forfeited.\n|\n|win|kev64\n|raw|Hikari-miyako's rating: 1769 &rarr; <strong>1746<\/strong><br \/>(-23 for losing)\n|raw|kev64's rating: 1716 &rarr; <strong>1739<\/strong><br \/>(+23 for winning)\n|l|\u2606Hikari-miyako\n","uploadtime":1636059606,"views":17,"p1id":"hikarimiyako","p2id":"kev64","formatid":"gen8nationaldex","rating":1739,"private":0,"password":null}