{"id":"gen8ou-1641273549","p1":"hypervortexreturns","p2":"LT93OQ Highv0ltag3","format":"gen8ou","log":"|j|\u203dhypervortexreturns\n|j|\u2606LT93OQ Highv0ltag3\n|t:|1660687375\n|gametype|singles\n|player|p1|hypervortexreturns|102|1925\n|player|p2|LT93OQ Highv0ltag3|volo|1971\n|teamsize|p1|6\n|teamsize|p2|6\n|gen|8\n|tier|[Gen 8] OU\n|rated|\n|rule|Sleep Clause Mod: Limit one foe put to sleep\n|rule|Species Clause: Limit one of each Pok\u00e9mon\n|rule|OHKO Clause: OHKO moves are banned\n|rule|Evasion Items Clause: Evasion items are banned\n|rule|Evasion Moves Clause: Evasion moves are banned\n|rule|Endless Battle Clause: Forcing endless battles is banned\n|rule|HP Percentage Mod: HP is shown in percentages\n|rule|Dynamax Clause: You cannot dynamax\n|clearpoke\n|poke|p1|Hydreigon, M|\n|poke|p1|Zapdos|\n|poke|p1|Tangrowth, F|\n|poke|p1|Corviknight, M|\n|poke|p1|Excadrill, M|\n|poke|p1|Azumarill, M|\n|poke|p2|Tornadus-Therian, M|\n|poke|p2|Hydreigon, M|\n|poke|p2|Corviknight, M|\n|poke|p2|Chansey, F|\n|poke|p2|Toxapex, M|\n|poke|p2|Hippowdon, F|\n|teampreview\n|j| Guilt Culture\n|\n|t:|1660687391\n|start\n|switch|p1a: Tangrowth|Tangrowth, F|100\/100\n|switch|p2a: Hippowdon|Hippowdon, F|100\/100\n|-weather|Sandstorm|[from] ability: Sand Stream|[of] p2a: Hippowdon\n|turn|1\n|\n|t:|1660687406\n|switch|p2a: Tornadus|Tornadus-Therian, M|100\/100\n|move|p1a: Tangrowth|Knock Off|p2a: Tornadus\n|-damage|p2a: Tornadus|72\/100\n|-enditem|p2a: Tornadus|Heavy-Duty Boots|[from] move: Knock Off|[of] p1a: Tangrowth\n|\n|-weather|Sandstorm|[upkeep]\n|-damage|p2a: Tornadus|66\/100|[from] Sandstorm\n|-damage|p1a: Tangrowth|94\/100|[from] Sandstorm\n|upkeep\n|turn|2\n|\n|t:|1660687416\n|switch|p1a: Zapdos|Zapdos|100\/100\n|move|p2a: Tornadus|Sludge Bomb|p1a: Zapdos\n|-damage|p1a: Zapdos|73\/100\n|\n|-weather|Sandstorm|[upkeep]\n|-damage|p2a: Tornadus|59\/100|[from] Sandstorm\n|-damage|p1a: Zapdos|67\/100|[from] Sandstorm\n|upkeep\n|turn|3\n|j| LT93OQ Ahsan\n|j| Trokenferno\n|\n|t:|1660687429\n|switch|p2a: Hippowdon|Hippowdon, F|100\/100\n|move|p1a: Zapdos|Roost|p1a: Zapdos\n|-heal|p1a: Zapdos|100\/100\n|-singleturn|p1a: Zapdos|move: Roost\n|\n|-weather|Sandstorm|[upkeep]\n|-damage|p1a: Zapdos|94\/100|[from] Sandstorm\n|upkeep\n|turn|4\n|j| Misterioussaint\n|j| LT93OQ Ash\n|j| climatechange=hoax\n|j| arnavgupta\n|inactive|Battle timer is ON: inactive players will automatically lose when time's up. (requested by LT93OQ Highv0ltag3)\n|j| ACII\n|\n|t:|1660687455\n|switch|p1a: Tangrowth|Tangrowth, F|100\/100\n|move|p2a: Hippowdon|Toxic|p1a: Tangrowth\n|-status|p1a: Tangrowth|tox\n|\n|-weather|Sandstorm|[upkeep]\n|-damage|p1a: Tangrowth|94\/100 tox|[from] Sandstorm\n|-damage|p1a: Tangrowth|88\/100 tox|[from] psn\n|upkeep\n|turn|5\n|l| climatechange=hoax\n|\n|t:|1660687467\n|move|p2a: Hippowdon|Stealth Rock|p1a: Tangrowth\n|-sidestart|p1: hypervortexreturns|move: Stealth Rock\n|move|p1a: Tangrowth|Sleep Powder|p2a: Hippowdon\n|-status|p2a: Hippowdon|slp|[from] move: Sleep Powder\n|\n|-weather|none\n|-damage|p1a: Tangrowth|76\/100 tox|[from] psn\n|upkeep\n|turn|6\n|j| lt93oq fenomeno\n|l| Guilt Culture\n|j| climatechange=hoax\n|\n|t:|1660687488\n|switch|p2a: Tornadus|Tornadus-Therian, M|93\/100\n|move|p1a: Tangrowth|Knock Off|p2a: Tornadus\n|-crit|p2a: Tornadus\n|-damage|p2a: Tornadus|64\/100\n|\n|-damage|p1a: Tangrowth|57\/100 tox|[from] psn\n|upkeep\n|turn|7\n|\n|t:|1660687498\n|switch|p1a: Zapdos|Zapdos|94\/100\n|move|p2a: Tornadus|Heat Wave|p1a: Zapdos\n|-damage|p1a: Zapdos|67\/100\n|\n|upkeep\n|turn|8\n|l| ACII\n|j| LT91BB LA BOMBA\n|j| Bushido Black\n|\n|t:|1660687506\n|switch|p2a: Chansey|Chansey, F|100\/100\n|move|p1a: Zapdos|Roost|p1a: Zapdos\n|-heal|p1a: Zapdos|100\/100\n|-singleturn|p1a: Zapdos|move: Roost\n|\n|upkeep\n|turn|9\n|l| LT91BB LA BOMBA\n|\n|t:|1660687516\n|switch|p1a: Excadrill|Excadrill, M|100\/100\n|-damage|p1a: Excadrill|97\/100|[from] Stealth Rock\n|move|p2a: Chansey|Thunder Wave|p1a: Excadrill\n|-immune|p1a: Excadrill\n|\n|-heal|p1a: Excadrill|100\/100|[from] item: Leftovers\n|upkeep\n|turn|10\n|\n|t:|1660687527\n|move|p1a: Excadrill|Stealth Rock|p2a: Chansey\n|-sidestart|p2: LT93OQ Highv0ltag3|move: Stealth Rock\n|move|p2a: Chansey|Heal Bell|p2a: Chansey\n|-activate|p2a: Chansey|move: Heal Bell\n|-curestatus|p2: Hippowdon|slp|[msg]\n|\n|upkeep\n|turn|11\n|j| Kate\n|\n|t:|1660687540\n|switch|p1a: Tangrowth|Tangrowth, F|90\/100 tox\n|-damage|p1a: Tangrowth|78\/100 tox|[from] Stealth Rock\n|switch|p2a: Corviknight|Corviknight, M|100\/100\n|-damage|p2a: Corviknight|88\/100|[from] Stealth Rock\n|-ability|p2a: Corviknight|Pressure\n|\n|-damage|p1a: Tangrowth|72\/100 tox|[from] psn\n|upkeep\n|turn|12\n|\n|t:|1660687553\n|move|p2a: Corviknight|Defog|p1a: Tangrowth\n|-unboost|p1a: Tangrowth|evasion|1\n|-sideend|p1: hypervortexreturns|Stealth Rock|[from] move: Defog|[of] p2a: Corviknight\n|-sideend|p2: LT93OQ Highv0ltag3|Stealth Rock|[from] move: Defog|[of] p2a: Corviknight\n|move|p1a: Tangrowth|Sleep Powder|p2a: Corviknight\n|-status|p2a: Corviknight|slp|[from] move: Sleep Powder\n|\n|-damage|p1a: Tangrowth|59\/100 tox|[from] psn\n|upkeep\n|turn|13\n|j| Smash Time steez\n|\n|t:|1660687571\n|switch|p1a: Zapdos|Zapdos|100\/100\n|cant|p2a: Corviknight|slp\n|\n|upkeep\n|turn|14\n|\n|t:|1660687579\n|switch|p2a: Hippowdon|Hippowdon, F|100\/100\n|-weather|Sandstorm|[from] ability: Sand Stream|[of] p2a: Hippowdon\n|move|p1a: Zapdos|Toxic|p2a: Hippowdon\n|-status|p2a: Hippowdon|tox\n|\n|-weather|Sandstorm|[upkeep]\n|-damage|p1a: Zapdos|94\/100|[from] Sandstorm\n|-damage|p2a: Hippowdon|94\/100 tox|[from] psn\n|upkeep\n|turn|15\n|j| PeaTSD\n|j| jefo\n|inactive|hypervortexreturns has 120 seconds left.\n|\n|t:|1660687613\n|switch|p1a: Corviknight|Corviknight, M|100\/100\n|-ability|p1a: Corviknight|Pressure\n|move|p2a: Hippowdon|Stealth Rock|p1a: Corviknight\n|-sidestart|p1: hypervortexreturns|move: Stealth Rock\n|\n|-weather|Sandstorm|[upkeep]\n|-heal|p2a: Hippowdon|100\/100 tox|[from] item: Leftovers\n|-damage|p2a: Hippowdon|88\/100 tox|[from] psn\n|upkeep\n|turn|16\n|inactive|hypervortexreturns has 120 seconds left.\n|\n|t:|1660687634\n|switch|p2a: Chansey|Chansey, F|100\/100\n|move|p1a: Corviknight|Brave Bird|p2a: Chansey\n|-damage|p2a: Chansey|78\/100\n|-damage|p1a: Corviknight|87\/100|[from] Recoil\n|\n|-weather|Sandstorm|[upkeep]\n|-damage|p2a: Chansey|72\/100|[from] Sandstorm\n|-heal|p1a: Corviknight|94\/100|[from] item: Leftovers\n|upkeep\n|turn|17\n|inactive|hypervortexreturns has 120 seconds left.\n|l| Smash Time steez\n|\n|t:|1660687655\n|move|p1a: Corviknight|Taunt|p2a: Chansey\n|-start|p2a: Chansey|move: Taunt\n|cant|p2a: Chansey|move: Taunt|Heal Bell\n|\n|-weather|Sandstorm|[upkeep]\n|-damage|p2a: Chansey|66\/100|[from] Sandstorm\n|-heal|p1a: Corviknight|99\/100|[from] item: Leftovers\n|upkeep\n|turn|18\n|j| ACII\n|\n|t:|1660687677\n|switch|p2a: Toxapex|Toxapex, M|100\/100\n|move|p1a: Corviknight|Bulk Up|p1a: Corviknight\n|-boost|p1a: Corviknight|atk|1\n|-boost|p1a: Corviknight|def|1\n|\n|-weather|none\n|-heal|p1a: Corviknight|100\/100|[from] item: Leftovers\n|upkeep\n|turn|19\n|inactive|hypervortexreturns has 90 seconds left.\n|\n|t:|1660687714\n|switch|p1a: Hydreigon|Hydreigon, M|100\/100\n|-damage|p1a: Hydreigon|88\/100|[from] Stealth Rock\n|move|p2a: Toxapex|Scald|p1a: Hydreigon\n|-resisted|p1a: Hydreigon\n|-damage|p1a: Hydreigon|80\/100\n|\n|-heal|p1a: Hydreigon|86\/100|[from] item: Leftovers\n|upkeep\n|turn|20\n|\n|t:|1660687726\n|switch|p2a: Chansey|Chansey, F|66\/100\n|move|p1a: Hydreigon|Nasty Plot|p1a: Hydreigon\n|-boost|p1a: Hydreigon|spa|2\n|\n|-heal|p1a: Hydreigon|93\/100|[from] item: Leftovers\n|upkeep\n|turn|21\n|\n|t:|1660687735\n|move|p1a: Hydreigon|Nasty Plot|p1a: Hydreigon\n|-boost|p1a: Hydreigon|spa|2\n|move|p2a: Chansey|Seismic Toss|p1a: Hydreigon\n|-damage|p1a: Hydreigon|67\/100\n|\n|-heal|p1a: Hydreigon|73\/100|[from] item: Leftovers\n|upkeep\n|turn|22\n|\n|t:|1660687759\n|move|p1a: Hydreigon|Dark Pulse|p2a: Chansey\n|-damage|p2a: Chansey|35\/100\n|move|p2a: Chansey|Thunder Wave|p1a: Hydreigon\n|-status|p1a: Hydreigon|par\n|\n|-heal|p1a: Hydreigon|79\/100 par|[from] item: Leftovers\n|upkeep\n|turn|23\n|\n|t:|1660687772\n|move|p1a: Hydreigon|Dark Pulse|p2a: Chansey\n|-damage|p2a: Chansey|2\/100\n|move|p2a: Chansey|Soft-Boiled|p2a: Chansey\n|-heal|p2a: Chansey|52\/100\n|\n|-heal|p1a: Hydreigon|85\/100 par|[from] item: Leftovers\n|upkeep\n|turn|24\n|\n|t:|1660687781\n|move|p1a: Hydreigon|Nasty Plot|p1a: Hydreigon\n|-boost|p1a: Hydreigon|spa|2\n|move|p2a: Chansey|Soft-Boiled|p2a: Chansey\n|-heal|p2a: Chansey|100\/100\n|\n|-heal|p1a: Hydreigon|92\/100 par|[from] item: Leftovers\n|upkeep\n|turn|25\n|\n|t:|1660687789\n|move|p1a: Hydreigon|Dark Pulse|p2a: Chansey\n|-damage|p2a: Chansey|60\/100\n|move|p2a: Chansey|Seismic Toss|p1a: Hydreigon\n|-damage|p1a: Hydreigon|66\/100 par\n|\n|-heal|p1a: Hydreigon|72\/100 par|[from] item: Leftovers\n|upkeep\n|turn|26\n|\n|t:|1660687798\n|cant|p1a: Hydreigon|par\n|move|p2a: Chansey|Soft-Boiled|p2a: Chansey\n|-heal|p2a: Chansey|100\/100\n|\n|-heal|p1a: Hydreigon|78\/100 par|[from] item: Leftovers\n|upkeep\n|turn|27\n|inactive|hypervortexreturns has 90 seconds left.\n|\n|t:|1660687807\n|move|p1a: Hydreigon|Dark Pulse|p2a: Chansey\n|-damage|p2a: Chansey|60\/100\n|move|p2a: Chansey|Seismic Toss|p1a: Hydreigon\n|-damage|p1a: Hydreigon|52\/100 par\n|\n|-heal|p1a: Hydreigon|58\/100 par|[from] item: Leftovers\n|upkeep\n|turn|28\n|\n|t:|1660687816\n|move|p1a: Hydreigon|Dark Pulse|p2a: Chansey\n|-damage|p2a: Chansey|16\/100\n|move|p2a: Chansey|Soft-Boiled|p2a: Chansey\n|-heal|p2a: Chansey|66\/100\n|\n|-heal|p1a: Hydreigon|65\/100 par|[from] item: Leftovers\n|upkeep\n|turn|29\n|\n|t:|1660687825\n|move|p1a: Hydreigon|Dark Pulse|p2a: Chansey\n|-damage|p2a: Chansey|28\/100\n|move|p2a: Chansey|Soft-Boiled|p2a: Chansey\n|-heal|p2a: Chansey|78\/100\n|\n|-heal|p1a: Hydreigon|71\/100 par|[from] item: Leftovers\n|upkeep\n|turn|30\n|\n|t:|1660687833\n|move|p1a: Hydreigon|Earth Power|p2a: Chansey\n|-damage|p2a: Chansey|45\/100\n|-unboost|p2a: Chansey|spd|1\n|move|p2a: Chansey|Soft-Boiled|p2a: Chansey\n|-heal|p2a: Chansey|95\/100\n|\n|-heal|p1a: Hydreigon|77\/100 par|[from] item: Leftovers\n|upkeep\n|turn|31\n|\n|t:|1660687843\n|move|p1a: Hydreigon|Dark Pulse|p2a: Chansey\n|-damage|p2a: Chansey|35\/100\n|cant|p2a: Chansey|flinch\n|\n|-heal|p1a: Hydreigon|83\/100 par|[from] item: Leftovers\n|upkeep\n|turn|32\n|\n|t:|1660687856\n|move|p1a: Hydreigon|Dark Pulse|p2a: Chansey\n|-damage|p2a: Chansey|0 fnt\n|faint|p2a: Chansey\n|\n|-heal|p1a: Hydreigon|90\/100 par|[from] item: Leftovers\n|upkeep\n|\n|t:|1660687858\n|switch|p2a: Toxapex|Toxapex, M|100\/100\n|turn|33\n|\n|t:|1660687867\n|move|p1a: Hydreigon|Dark Pulse|p2a: Toxapex\n|-damage|p2a: Toxapex|0 fnt\n|faint|p2a: Toxapex\n|\n|-heal|p1a: Hydreigon|96\/100 par|[from] item: Leftovers\n|upkeep\n|\n|t:|1660687871\n|switch|p2a: Tornadus|Tornadus-Therian, M|97\/100\n|turn|34\n|\n|t:|1660687876\n|move|p2a: Tornadus|Nasty Plot|p2a: Tornadus\n|-boost|p2a: Tornadus|spa|2\n|move|p1a: Hydreigon|Dark Pulse|p2a: Tornadus\n|-damage|p2a: Tornadus|0 fnt\n|faint|p2a: Tornadus\n|\n|-heal|p1a: Hydreigon|100\/100 par|[from] item: Leftovers\n|upkeep\n|c|\u2606LT93OQ Highv0ltag3|gg\n|l| Bushido Black\n|-message|LT93OQ Highv0ltag3 forfeited.\n|\n|win|hypervortexreturns\n|raw|hypervortexreturns's rating: 1925 &rarr; <strong>1948<\/strong><br \/>(+23 for winning)\n|raw|LT93OQ Highv0ltag3's rating: 1971 &rarr; <strong>1948<\/strong><br \/>(-23 for losing)\n|l|\u2606LT93OQ Highv0ltag3\n|l| PeaTSD\n|l| Misterioussaint\n|l| Kate\n|l| Trokenferno\n||Ladder isn't responding, score probably updated but might not have (Request timeout).\n","uploadtime":1660687891,"views":101,"p1id":"hypervortexreturns","p2id":"lt93oqhighv0ltag3","formatid":"gen8ou","rating":1948,"private":0,"password":null}