{"id":"gen8ou-1638175409","p1":"ChrisLST","p2":"jeandonis02","format":"gen8ou","log":"|j|\u2606ChrisLST\n|j|\u2606jeandonis02\n|t:|1660323008\n|gametype|singles\n|player|p1|ChrisLST|swimmer-gen4|1675\n|player|p2|jeandonis02|lucas|1699\n|teamsize|p1|6\n|teamsize|p2|6\n|gen|8\n|tier|[Gen 8] OU\n|rated|\n|rule|Sleep Clause Mod: Limit one foe put to sleep\n|rule|Species Clause: Limit one of each Pok\u00e9mon\n|rule|OHKO Clause: OHKO moves are banned\n|rule|Evasion Items Clause: Evasion items are banned\n|rule|Evasion Moves Clause: Evasion moves are banned\n|rule|Endless Battle Clause: Forcing endless battles is banned\n|rule|HP Percentage Mod: HP is shown in percentages\n|rule|Dynamax Clause: You cannot dynamax\n|clearpoke\n|poke|p1|Magnezone|\n|poke|p1|Tapu Lele|\n|poke|p1|Kartana|\n|poke|p1|Weavile, F|\n|poke|p1|Garchomp, M|\n|poke|p1|Corviknight, F|\n|poke|p2|Zeraora|\n|poke|p2|Toxapex, F|\n|poke|p2|Garchomp, F|\n|poke|p2|Rotom-Wash|\n|poke|p2|Ferrothorn, M|\n|poke|p2|Charizard, M|\n|teampreview\n|inactive|Battle timer is ON: inactive players will automatically lose when time's up. (requested by ChrisLST)\n|\n|t:|1660323040\n|start\n|switch|p1a: Tapu Lele|Tapu Lele|100\/100\n|switch|p2a: Ferrothorn|Ferrothorn, M|100\/100\n|-fieldstart|move: Psychic Terrain|[from] ability: Psychic Surge|[of] p1a: Tapu Lele\n|turn|1\n|\n|t:|1660323048\n|switch|p1a: Magnezone|Magnezone|100\/100\n|switch|p2a: Toxapex|Toxapex, F|100\/100\n|\n|upkeep\n|turn|2\n|\n|t:|1660323053\n|switch|p1a: Tapu Lele|Tapu Lele|100\/100\n|move|p2a: Toxapex|Scald|p1a: Tapu Lele\n|-damage|p1a: Tapu Lele|81\/100\n|-status|p1a: Tapu Lele|brn\n|\n|-damage|p1a: Tapu Lele|75\/100 brn|[from] brn\n|upkeep\n|turn|3\n|\n|t:|1660323057\n|move|p1a: Tapu Lele|Future Sight|p2a: Toxapex\n|-start|p1a: Tapu Lele|move: Future Sight\n|move|p2a: Toxapex|Scald|p1a: Tapu Lele\n|-damage|p1a: Tapu Lele|58\/100 brn\n|\n|-damage|p1a: Tapu Lele|52\/100 brn|[from] brn\n|upkeep\n|turn|4\n|\n|t:|1660323063\n|switch|p1a: Corviknight|Corviknight, F|100\/100\n|-ability|p1a: Corviknight|Pressure\n|move|p2a: Toxapex|Scald|p1a: Corviknight\n|-damage|p1a: Corviknight|88\/100\n|-enditem|p1a: Corviknight|Eject Button\n|\n|t:|1660323077\n|switch|p1a: Kartana|Kartana|100\/100\n|\n|upkeep\n|turn|5\n|\n|t:|1660323084\n|switch|p1a: Magnezone|Magnezone|100\/100\n|switch|p2a: Ferrothorn|Ferrothorn, M|100\/100\n|\n|-end|p2a: Ferrothorn|move: Future Sight\n|-resisted|p2a: Ferrothorn\n|-damage|p2a: Ferrothorn|66\/100\n|-fieldend|move: Psychic Terrain\n|upkeep\n|turn|6\n|\n|t:|1660323088\n|move|p1a: Magnezone|Iron Defense|p1a: Magnezone\n|-boost|p1a: Magnezone|def|2\n|move|p2a: Ferrothorn|Leech Seed|p1a: Magnezone\n|-start|p1a: Magnezone|move: Leech Seed\n|\n|-damage|p1a: Magnezone|88\/100|[from] Leech Seed|[of] p2a: Ferrothorn\n|-heal|p2a: Ferrothorn|75\/100|[silent]\n|upkeep\n|turn|7\n|\n|t:|1660323092\n|move|p1a: Magnezone|Iron Defense|p1a: Magnezone\n|-boost|p1a: Magnezone|def|2\n|move|p2a: Ferrothorn|Stealth Rock|p1a: Magnezone\n|-sidestart|p1: ChrisLST|move: Stealth Rock\n|\n|-damage|p1a: Magnezone|76\/100|[from] Leech Seed|[of] p2a: Ferrothorn\n|-heal|p2a: Ferrothorn|85\/100|[silent]\n|upkeep\n|turn|8\n|\n|t:|1660323094\n|move|p1a: Magnezone|Body Press|p2a: Ferrothorn\n|-supereffective|p2a: Ferrothorn\n|-damage|p2a: Ferrothorn|0 fnt\n|-damage|p1a: Magnezone|63\/100|[from] ability: Iron Barbs|[of] p2a: Ferrothorn\n|-damage|p1a: Magnezone|47\/100|[from] item: Rocky Helmet|[of] p2a: Ferrothorn\n|faint|p2a: Ferrothorn\n|\n|upkeep\n|\n|t:|1660323098\n|switch|p2a: Garchomp|Garchomp, F|100\/100\n|turn|9\n|\n|t:|1660323103\n|switch|p1a: Corviknight|Corviknight, F|88\/100\n|-damage|p1a: Corviknight|75\/100|[from] Stealth Rock\n|-ability|p1a: Corviknight|Pressure\n|move|p2a: Garchomp|Fire Fang|p1a: Corviknight\n|-supereffective|p1a: Corviknight\n|-damage|p1a: Corviknight|23\/100\n|\n|upkeep\n|turn|10\n|\n|t:|1660323110\n|switch|p2a: Rotom|Rotom-Wash|100\/100\n|switch|p1a: Garchomp|Garchomp, M|100\/100\n|-damage|p1a: Garchomp|94\/100|[from] Stealth Rock\n|\n|-heal|p1a: Garchomp|100\/100|[from] item: Leftovers\n|upkeep\n|turn|11\n|\n|t:|1660323114\n|move|p1a: Garchomp|Toxic|p2a: Rotom\n|-status|p2a: Rotom|tox\n|move|p2a: Rotom|Will-O-Wisp|p1a: Garchomp|[miss]\n|-miss|p2a: Rotom|p1a: Garchomp\n|\n|-damage|p2a: Rotom|94\/100 tox|[from] psn\n|upkeep\n|turn|12\n|\n|t:|1660323120\n|move|p1a: Garchomp|Stealth Rock|p2a: Rotom\n|-sidestart|p2: jeandonis02|move: Stealth Rock\n|move|p2a: Rotom|Will-O-Wisp|p1a: Garchomp\n|-status|p1a: Garchomp|brn\n|\n|-heal|p2a: Rotom|100\/100 tox|[from] item: Leftovers\n|-damage|p2a: Rotom|88\/100 tox|[from] psn\n|-damage|p1a: Garchomp|94\/100 brn|[from] brn\n|upkeep\n|turn|13\n|\n|t:|1660323124\n|switch|p2a: Toxapex|Toxapex, F|100\/100\n|-damage|p2a: Toxapex|88\/100|[from] Stealth Rock\n|move|p1a: Garchomp|Protect||[still]\n|-fail|p1a: Garchomp\n|\n|-heal|p1a: Garchomp|100\/100 brn|[from] item: Leftovers\n|-heal|p2a: Toxapex|94\/100|[from] item: Black Sludge\n|-damage|p1a: Garchomp|94\/100 brn|[from] brn\n|upkeep\n|turn|14\n|\n|t:|1660323129\n|switch|p1a: Magnezone|Magnezone|47\/100\n|-damage|p1a: Magnezone|41\/100|[from] Stealth Rock\n|move|p2a: Toxapex|Scald|p1a: Magnezone\n|-damage|p1a: Magnezone|20\/100\n|\n|-heal|p2a: Toxapex|100\/100|[from] item: Black Sludge\n|upkeep\n|turn|15\n|\n|t:|1660323134\n|move|p2a: Toxapex|Baneful Bunker|p2a: Toxapex\n|-singleturn|p2a: Toxapex|move: Protect\n|move|p1a: Magnezone|Thunderbolt|p2a: Toxapex\n|-activate|p2a: Toxapex|move: Protect\n|\n|upkeep\n|turn|16\n|\n|t:|1660323145\n|switch|p1a: Kartana|Kartana|100\/100\n|-damage|p1a: Kartana|94\/100|[from] Stealth Rock\n|move|p2a: Toxapex|Scald|p1a: Kartana\n|-resisted|p1a: Kartana\n|-damage|p1a: Kartana|68\/100\n|\n|upkeep\n|turn|17\n|\n|t:|1660323151\n|move|p1a: Kartana|Leaf Blade|p2a: Toxapex\n|-crit|p2a: Toxapex\n|-damage|p2a: Toxapex|2\/100\n|move|p2a: Toxapex|Scald|p1a: Kartana\n|-resisted|p1a: Kartana\n|-damage|p1a: Kartana|41\/100\n|\n|-heal|p2a: Toxapex|9\/100|[from] item: Black Sludge\n|upkeep\n|turn|18\n|\n|t:|1660323156\n|move|p2a: Toxapex|Baneful Bunker|p2a: Toxapex\n|-singleturn|p2a: Toxapex|move: Protect\n|move|p1a: Kartana|Leaf Blade|p2a: Toxapex\n|-activate|p2a: Toxapex|move: Protect\n|\n|-heal|p2a: Toxapex|15\/100|[from] item: Black Sludge\n|upkeep\n|turn|19\n|\n|t:|1660323159\n|switch|p2a: Charizard|Charizard, M|100\/100\n|-damage|p2a: Charizard|50\/100|[from] Stealth Rock\n|-enditem|p2a: Charizard|Sitrus Berry|[eat]\n|-heal|p2a: Charizard|75\/100|[from] item: Sitrus Berry\n|move|p1a: Kartana|Leaf Blade|p2a: Charizard\n|-resisted|p2a: Charizard\n|-damage|p2a: Charizard|47\/100\n|\n|upkeep\n|turn|20\n|\n|t:|1660323167\n|switch|p1a: Garchomp|Garchomp, M|94\/100 brn\n|-damage|p1a: Garchomp|88\/100 brn|[from] Stealth Rock\n|move|p2a: Charizard|Roost|p2a: Charizard\n|-heal|p2a: Charizard|97\/100\n|-singleturn|p2a: Charizard|move: Roost\n|\n|-heal|p1a: Garchomp|94\/100 brn|[from] item: Leftovers\n|-damage|p1a: Garchomp|88\/100 brn|[from] brn\n|upkeep\n|turn|21\n|\n|t:|1660323171\n|move|p2a: Charizard|Belly Drum|p2a: Charizard\n|-damage|p2a: Charizard|47\/100\n|-setboost|p2a: Charizard|atk|6|[from] move: Belly Drum\n|move|p1a: Garchomp|Toxic|p2a: Charizard\n|-status|p2a: Charizard|tox\n|\n|-heal|p1a: Garchomp|94\/100 brn|[from] item: Leftovers\n|-damage|p2a: Charizard|41\/100 tox|[from] psn\n|-damage|p1a: Garchomp|88\/100 brn|[from] brn\n|upkeep\n|turn|22\n|\n|t:|1660323178\n|move|p1a: Garchomp|Protect|p1a: Garchomp\n|-singleturn|p1a: Garchomp|Protect\n|move|p2a: Charizard|Flame Charge|p1a: Garchomp\n|-activate|p1a: Garchomp|move: Protect\n|\n|-heal|p1a: Garchomp|94\/100 brn|[from] item: Leftovers\n|-damage|p2a: Charizard|29\/100 tox|[from] psn\n|-damage|p1a: Garchomp|88\/100 brn|[from] brn\n|upkeep\n|turn|23\n|\n|t:|1660323187\n|move|p1a: Garchomp|Protect||[still]\n|-fail|p1a: Garchomp\n|move|p2a: Charizard|Flame Charge|p1a: Garchomp\n|-resisted|p1a: Garchomp\n|-damage|p1a: Garchomp|53\/100 brn\n|-boost|p2a: Charizard|spe|1\n|-damage|p2a: Charizard|17\/100 tox|[from] ability: Rough Skin|[of] p1a: Garchomp\n|\n|-heal|p1a: Garchomp|59\/100 brn|[from] item: Leftovers\n|-damage|p2a: Charizard|0 fnt|[from] psn\n|faint|p2a: Charizard\n|-damage|p1a: Garchomp|53\/100 brn|[from] brn\n|upkeep\n|\n|t:|1660323196\n|switch|p2a: Garchomp|Garchomp, F|100\/100\n|-damage|p2a: Garchomp|94\/100|[from] Stealth Rock\n|turn|24\n|\n|t:|1660323202\n|switch|p1a: Tapu Lele|Tapu Lele|52\/100 brn\n|-damage|p1a: Tapu Lele|40\/100 brn|[from] Stealth Rock\n|-fieldstart|move: Psychic Terrain|[from] ability: Psychic Surge|[of] p1a: Tapu Lele\n|move|p2a: Garchomp|Earthquake|p1a: Tapu Lele\n|-damage|p1a: Tapu Lele|0 fnt\n|faint|p1a: Tapu Lele\n|\n|upkeep\n|\n|t:|1660323208\n|switch|p1a: Kartana|Kartana|41\/100\n|-damage|p1a: Kartana|35\/100|[from] Stealth Rock\n|turn|25\n|\n|t:|1660323210\n|move|p1a: Kartana|Leaf Blade|p2a: Garchomp\n|-damage|p2a: Garchomp|2\/100\n|-damage|p1a: Kartana|23\/100|[from] ability: Rough Skin|[of] p2a: Garchomp\n|move|p2a: Garchomp|Earthquake|p1a: Kartana\n|-damage|p1a: Kartana|0 fnt\n|faint|p1a: Kartana\n|\n|upkeep\n|\n|t:|1660323219\n|switch|p1a: Weavile|Weavile, F|100\/100\n|-ability|p1a: Weavile|Pressure\n|turn|26\n|\n|t:|1660323223\n|move|p1a: Weavile|Knock Off|p2a: Garchomp\n|-damage|p2a: Garchomp|0 fnt\n|-damage|p1a: Weavile|88\/100|[from] ability: Rough Skin|[of] p2a: Garchomp\n|-enditem|p2a: Garchomp|Choice Band|[from] move: Knock Off|[of] p1a: Weavile\n|faint|p2a: Garchomp\n|\n|upkeep\n|\n|t:|1660323227\n|switch|p2a: Zeraora|Zeraora|100\/100\n|-damage|p2a: Zeraora|88\/100|[from] Stealth Rock\n|turn|27\n|\n|t:|1660323237\n|switch|p1a: Garchomp|Garchomp, M|53\/100 brn\n|-damage|p1a: Garchomp|46\/100 brn|[from] Stealth Rock\n|move|p2a: Zeraora|Play Rough|p1a: Garchomp\n|-supereffective|p1a: Garchomp\n|-damage|p1a: Garchomp|3\/100 brn\n|-damage|p2a: Zeraora|76\/100|[from] ability: Rough Skin|[of] p1a: Garchomp\n|\n|-heal|p1a: Garchomp|9\/100 brn|[from] item: Leftovers\n|-damage|p1a: Garchomp|3\/100 brn|[from] brn\n|upkeep\n|turn|28\n|\n|t:|1660323244\n|move|p1a: Garchomp|Protect|p1a: Garchomp\n|-singleturn|p1a: Garchomp|Protect\n|move|p2a: Zeraora|Knock Off|p1a: Garchomp\n|-activate|p1a: Garchomp|move: Protect\n|\n|-heal|p1a: Garchomp|9\/100 brn|[from] item: Leftovers\n|-damage|p1a: Garchomp|3\/100 brn|[from] brn\n|-fieldend|move: Psychic Terrain\n|upkeep\n|turn|29\n|\n|t:|1660323252\n|move|p2a: Zeraora|Knock Off|p1a: Garchomp\n|-damage|p1a: Garchomp|0 fnt\n|-damage|p2a: Zeraora|64\/100|[from] ability: Rough Skin|[of] p1a: Garchomp\n|-enditem|p1a: Garchomp|Leftovers|[from] move: Knock Off|[of] p2a: Zeraora\n|faint|p1a: Garchomp\n|\n|upkeep\n|\n|t:|1660323260\n|switch|p1a: Magnezone|Magnezone|20\/100\n|-damage|p1a: Magnezone|14\/100|[from] Stealth Rock\n|turn|30\n|\n|t:|1660323263\n|switch|p1a: Corviknight|Corviknight, F|23\/100\n|-damage|p1a: Corviknight|10\/100|[from] Stealth Rock\n|-ability|p1a: Corviknight|Pressure\n|move|p2a: Zeraora|Knock Off|p1a: Corviknight\n|-damage|p1a: Corviknight|0 fnt\n|faint|p1a: Corviknight\n|\n|upkeep\n|\n|t:|1660323269\n|switch|p1a: Weavile|Weavile, F|88\/100\n|-ability|p1a: Weavile|Pressure\n|turn|31\n|\n|t:|1660323272\n|move|p2a: Zeraora|Close Combat|p1a: Weavile\n|-supereffective|p1a: Weavile\n|-damage|p1a: Weavile|0 fnt\n|-unboost|p2a: Zeraora|def|1\n|-unboost|p2a: Zeraora|spd|1\n|faint|p1a: Weavile\n|\n|upkeep\n|-message|ChrisLST forfeited.\n|\n|win|jeandonis02\n|raw|ChrisLST's rating: 1675 &rarr; <strong>1656<\/strong><br \/>(-19 for losing)\n|raw|jeandonis02's rating: 1699 &rarr; <strong>1718<\/strong><br \/>(+19 for winning)\n|l|\u2606ChrisLST\n||Ladder isn't responding, score probably updated but might not have (Request timeout).\n","uploadtime":1660323279,"views":27,"p1id":"chrislst","p2id":"jeandonis02","formatid":"gen8ou","rating":1656,"private":0,"password":null}