{"id":"gen8ou-1672604940","p1":"Daevank5","p2":"swalotiscute","format":"gen8ou","log":"|j|\u2606Daevank5\n|j|\u2606swalotiscute\n|t:|1664383983\n|gametype|singles\n|player|p1|Daevank5|workerice|1791\n|player|p2|swalotiscute|emma|1917\n|teamsize|p1|6\n|teamsize|p2|6\n|gen|8\n|tier|[Gen 8] OU\n|rated|\n|rule|Sleep Clause Mod: Limit one foe put to sleep\n|rule|Species Clause: Limit one of each Pok\u00e9mon\n|rule|OHKO Clause: OHKO moves are banned\n|rule|Evasion Items Clause: Evasion items are banned\n|rule|Evasion Moves Clause: Evasion moves are banned\n|rule|Endless Battle Clause: Forcing endless battles is banned\n|rule|HP Percentage Mod: HP is shown in percentages\n|rule|Dynamax Clause: You cannot dynamax\n|clearpoke\n|poke|p1|Malamar, M|\n|poke|p1|Clefable, F|\n|poke|p1|Garchomp, M|\n|poke|p1|Toxapex, M|\n|poke|p1|Corviknight, F|\n|poke|p1|Tapu Lele|\n|poke|p2|Scolipede, M|\n|poke|p2|Necrozma|\n|poke|p2|Volcarona, F|\n|poke|p2|Stakataka|\n|poke|p2|Dragapult, F|\n|poke|p2|Kartana|\n|teampreview\n|\n|t:|1664383997\n|start\n|switch|p1a: Malamar|Malamar, M|100\/100\n|switch|p2a: Centisennin|Scolipede, M, shiny|100\/100\n|turn|1\n|inactive|Battle timer is ON: inactive players will automatically lose when time's up. (requested by Daevank5)\n|\n|t:|1664384018\n|move|p1a: Malamar|Psycho Cut|p2a: Centisennin\n|-supereffective|p2a: Centisennin\n|-damage|p2a: Centisennin|35\/100\n|move|p2a: Centisennin|Spikes|p1a: Malamar\n|-sidestart|p1: Daevank5|Spikes\n|\n|-ability|p2a: Centisennin|Speed Boost|boost\n|-boost|p2a: Centisennin|spe|1\n|upkeep\n|turn|2\n|\n|t:|1664384025\n|switch|p1a: Toxapex|Toxapex, M|100\/100\n|-damage|p1a: Toxapex|88\/100|[from] Spikes\n|move|p2a: Centisennin|Substitute|p2a: Centisennin\n|-start|p2a: Centisennin|Substitute\n|-damage|p2a: Centisennin|11\/100\n|\n|-ability|p2a: Centisennin|Speed Boost|boost\n|-boost|p2a: Centisennin|spe|1\n|upkeep\n|turn|3\n|\n|t:|1664384033\n|move|p2a: Centisennin|Endeavor|p1a: Toxapex\n|-damage|p1a: Toxapex|11\/100\n|-damage|p2a: Centisennin|0 fnt|[from] item: Rocky Helmet|[of] p1a: Toxapex\n|faint|p2a: Centisennin\n|move|p1a: Toxapex|Toxic Spikes|p2: Centisennin\n|-sidestart|p2: swalotiscute|move: Toxic Spikes\n|\n|upkeep\n|\n|t:|1664384049\n|switch|p2a: Can\u2019t learn slash|Kartana, shiny|100\/100\n|turn|4\n|\n|t:|1664384053\n|switch|p1a: Corviknight|Corviknight, F|100\/100\n|-ability|p1a: Corviknight|Pressure\n|move|p2a: Can\u2019t learn slash|Knock Off|p1a: Corviknight\n|-damage|p1a: Corviknight|72\/100\n|-enditem|p1a: Corviknight|Leftovers|[from] move: Knock Off|[of] p2a: Can\u2019t learn slash\n|\n|upkeep\n|turn|5\n|\n|t:|1664384057\n|move|p2a: Can\u2019t learn slash|Swords Dance|p2a: Can\u2019t learn slash\n|-boost|p2a: Can\u2019t learn slash|atk|2\n|move|p1a: Corviknight|Roost|p1a: Corviknight\n|-heal|p1a: Corviknight|100\/100\n|-singleturn|p1a: Corviknight|move: Roost\n|\n|upkeep\n|turn|6\n|\n|t:|1664384059\n|move|p2a: Can\u2019t learn slash|Sacred Sword|p1a: Corviknight\n|-damage|p1a: Corviknight|49\/100\n|move|p1a: Corviknight|Body Press|p2a: Can\u2019t learn slash\n|-supereffective|p2a: Can\u2019t learn slash\n|-damage|p2a: Can\u2019t learn slash|47\/100\n|\n|upkeep\n|turn|7\n|\n|t:|1664384066\n|move|p2a: Can\u2019t learn slash|Sacred Sword|p1a: Corviknight\n|-crit|p1a: Corviknight\n|-damage|p1a: Corviknight|0 fnt\n|faint|p1a: Corviknight\n|-ability|p2a: Can\u2019t learn slash|Beast Boost|boost\n|-boost|p2a: Can\u2019t learn slash|atk|1\n|\n|upkeep\n|\n|t:|1664384072\n|switch|p1a: Malamar|Malamar, M|100\/100\n|-damage|p1a: Malamar|88\/100|[from] Spikes\n|turn|8\n|\n|t:|1664384078\n|move|p1a: Malamar|Superpower|p2a: Can\u2019t learn slash\n|-supereffective|p2a: Can\u2019t learn slash\n|-damage|p2a: Can\u2019t learn slash|0 fnt\n|-boost|p1a: Malamar|atk|1\n|-boost|p1a: Malamar|def|1\n|faint|p2a: Can\u2019t learn slash\n|\n|upkeep\n|\n|t:|1664384080\n|switch|p2a: \u012atzp\u0101p\u0101l\u014dtl|Volcarona, F|100\/100\n|turn|9\n|\n|t:|1664384085\n|switch|p1a: Garchomp|Garchomp, M|100\/100\n|-damage|p1a: Garchomp|88\/100|[from] Spikes\n|move|p2a: \u012atzp\u0101p\u0101l\u014dtl|Quiver Dance|p2a: \u012atzp\u0101p\u0101l\u014dtl\n|-boost|p2a: \u012atzp\u0101p\u0101l\u014dtl|spa|1\n|-boost|p2a: \u012atzp\u0101p\u0101l\u014dtl|spd|1\n|-boost|p2a: \u012atzp\u0101p\u0101l\u014dtl|spe|1\n|\n|-heal|p1a: Garchomp|94\/100|[from] item: Leftovers\n|upkeep\n|turn|10\n|\n|t:|1664384090\n|move|p2a: \u012atzp\u0101p\u0101l\u014dtl|Psychic|p1a: Garchomp\n|-damage|p1a: Garchomp|60\/100\n|move|p1a: Garchomp|Toxic|p2a: \u012atzp\u0101p\u0101l\u014dtl\n|-status|p2a: \u012atzp\u0101p\u0101l\u014dtl|tox\n|\n|-heal|p1a: Garchomp|66\/100|[from] item: Leftovers\n|-damage|p2a: \u012atzp\u0101p\u0101l\u014dtl|94\/100 tox|[from] psn\n|upkeep\n|turn|11\n|\n|t:|1664384096\n|move|p2a: \u012atzp\u0101p\u0101l\u014dtl|Psychic|p1a: Garchomp\n|-damage|p1a: Garchomp|29\/100\n|-unboost|p1a: Garchomp|spd|1\n|move|p1a: Garchomp|Earthquake|p2a: \u012atzp\u0101p\u0101l\u014dtl\n|-damage|p2a: \u012atzp\u0101p\u0101l\u014dtl|22\/100 tox\n|\n|-heal|p1a: Garchomp|35\/100|[from] item: Leftovers\n|-damage|p2a: \u012atzp\u0101p\u0101l\u014dtl|10\/100 tox|[from] psn\n|upkeep\n|turn|12\n|j| JamieIsOver\n|\n|t:|1664384105\n|switch|p1a: Clefable|Clefable, F|100\/100\n|move|p2a: \u012atzp\u0101p\u0101l\u014dtl|Giga Drain|p1a: Clefable\n|-damage|p1a: Clefable|73\/100\n|-heal|p2a: \u012atzp\u0101p\u0101l\u014dtl|27\/100 tox|[from] drain|[of] p1a: Clefable\n|\n|-damage|p2a: \u012atzp\u0101p\u0101l\u014dtl|9\/100 tox|[from] psn\n|upkeep\n|turn|13\n|\n|t:|1664384110\n|move|p2a: \u012atzp\u0101p\u0101l\u014dtl|Flamethrower|p1a: Clefable\n|-damage|p1a: Clefable|18\/100\n|move|p1a: Clefable|Soft-Boiled|p1a: Clefable\n|-heal|p1a: Clefable|68\/100\n|\n|-damage|p2a: \u012atzp\u0101p\u0101l\u014dtl|0 fnt|[from] psn\n|faint|p2a: \u012atzp\u0101p\u0101l\u014dtl\n|upkeep\n|\n|t:|1664384112\n|switch|p2a: Alignak|Necrozma|100\/100\n|-status|p2a: Alignak|psn\n|-enditem|p2a: Alignak|Lum Berry|[eat]\n|-curestatus|p2a: Alignak|psn|[msg]\n|turn|14\n|\n|t:|1664384118\n|move|p2a: Alignak|Dragon Dance|p2a: Alignak\n|-boost|p2a: Alignak|atk|1\n|-boost|p2a: Alignak|spe|1\n|move|p1a: Clefable|Thunder Wave|p2a: Alignak\n|-status|p2a: Alignak|par\n|\n|upkeep\n|turn|15\n|j| foierzoig\n|\n|t:|1664384129\n|cant|p2a: Alignak|par\n|move|p1a: Clefable|Trick|p2a: Alignak\n|-activate|p1a: Clefable|move: Trick|[of] p2a: Alignak\n|-item|p2a: Alignak|Sticky Barb|[from] move: Trick\n|-enditem|p1a: Clefable|Sticky Barb|[silent]|[from] move: Trick\n|\n|-damage|p2a: Alignak|88\/100 par|[from] item: Sticky Barb\n|upkeep\n|turn|16\n|j| 0WithdrawalSyndrom\n|j| qxfn143\n|\n|t:|1664384154\n|switch|p1a: Malamar|Malamar, M|88\/100\n|-damage|p1a: Malamar|76\/100|[from] Spikes\n|move|p2a: Alignak|Photon Geyser|p1a: Malamar\n|-immune|p1a: Malamar\n|\n|-damage|p2a: Alignak|76\/100 par|[from] item: Sticky Barb\n|upkeep\n|turn|17\n|\n|t:|1664384161\n|move|p1a: Malamar|Topsy-Turvy|p2a: Alignak\n|-invertboost|p2a: Alignak|[from] move: Topsy-Turvy\n|move|p2a: Alignak|Knock Off|p1a: Malamar\n|-damage|p1a: Malamar|51\/100\n|-enditem|p1a: Malamar|Choice Scarf|[from] move: Knock Off|[of] p2a: Alignak\n|\n|-damage|p2a: Alignak|64\/100 par|[from] item: Sticky Barb\n|upkeep\n|turn|18\n|\n|t:|1664384167\n|move|p1a: Malamar|Superpower|p2a: Alignak\n|-resisted|p2a: Alignak\n|-damage|p2a: Alignak|46\/100 par\n|-boost|p1a: Malamar|atk|1\n|-boost|p1a: Malamar|def|1\n|move|p2a: Alignak|Knock Off|p1a: Malamar\n|-damage|p1a: Malamar|34\/100\n|\n|-damage|p2a: Alignak|34\/100 par|[from] item: Sticky Barb\n|upkeep\n|turn|19\n|l| JamieIsOver\n|j| nightsuwu\n|j| TwoTreesWaiting\n|\n|t:|1664384190\n|move|p1a: Malamar|Superpower|p2a: Alignak\n|-resisted|p2a: Alignak\n|-damage|p2a: Alignak|9\/100 par\n|-boost|p1a: Malamar|atk|1\n|-boost|p1a: Malamar|def|1\n|move|p2a: Alignak|Brick Break|p1a: Malamar\n|-damage|p1a: Malamar|25\/100\n|\n|-damage|p2a: Alignak|0 fnt|[from] item: Sticky Barb\n|faint|p2a: Alignak\n|upkeep\n|\n|t:|1664384192\n|switch|p2a: B-2 Spirit|Dragapult, F|100\/100\n|-status|p2a: B-2 Spirit|psn\n|turn|20\n|\n|t:|1664384198\n|move|p2a: B-2 Spirit|Dragon Darts|p1a: Malamar\n|-damage|p1a: Malamar|5\/100\n|-anim|p2a: B-2 Spirit|Dragon Darts|p1a: Malamar\n|-damage|p1a: Malamar|0 fnt\n|faint|p1a: Malamar\n|-damage|p2a: B-2 Spirit|91\/100 psn|[from] item: Life Orb\n|\n|-damage|p2a: B-2 Spirit|78\/100 psn|[from] psn\n|upkeep\n|\n|t:|1664384208\n|switch|p1a: Clefable|Clefable, F|68\/100\n|turn|21\n|\n|t:|1664384210\n|switch|p2a: Zooids|Stakataka|100\/100\n|-item|p2a: Zooids|Air Balloon\n|move|p1a: Clefable|Moonblast|p2a: Zooids\n|-resisted|p2a: Zooids\n|-damage|p2a: Zooids|84\/100\n|-enditem|p2a: Zooids|Air Balloon\n|\n|upkeep\n|turn|22\n|\n|t:|1664384217\n|move|p1a: Clefable|Thunder Wave|p2a: Zooids\n|-status|p2a: Zooids|par\n|move|p2a: Zooids|Trick Room|p2a: Zooids\n|-fieldstart|move: Trick Room|[of] p2a: Zooids\n|\n|upkeep\n|turn|23\n|c| qxfn143|malamar any good?\n|\n|t:|1664384224\n|switch|p1a: Toxapex|Toxapex, M|45\/100\n|-damage|p1a: Toxapex|32\/100|[from] Spikes\n|move|p2a: Zooids|Gyro Ball|p1a: Toxapex\n|-resisted|p1a: Toxapex\n|-damage|p1a: Toxapex|7\/100\n|-damage|p2a: Zooids|67\/100 par|[from] item: Rocky Helmet|[of] p1a: Toxapex\n|\n|upkeep\n|turn|24\n|j| Commando 55\n|j| Shotintheheart\n|l| qxfn143\n|c|\u2606swalotiscute|It\u2019s good\n|\n|t:|1664384246\n|switch|p1a: Tapu Lele|Tapu Lele|100\/100\n|-damage|p1a: Tapu Lele|88\/100|[from] Spikes\n|-fieldstart|move: Psychic Terrain|[from] ability: Psychic Surge|[of] p1a: Tapu Lele\n|cant|p2a: Zooids|par\n|\n|-heal|p1a: Tapu Lele|94\/100|[from] item: Leftovers\n|upkeep\n|turn|25\n|c| 0WithdrawalSyndrom|dont think so\n|\n|t:|1664384252\n|move|p2a: Zooids|Gyro Ball|p1a: Tapu Lele\n|-supereffective|p1a: Tapu Lele\n|-damage|p1a: Tapu Lele|0 fnt\n|faint|p1a: Tapu Lele\n|-ability|p2a: Zooids|Beast Boost|boost\n|-boost|p2a: Zooids|atk|1\n|\n|upkeep\n|\n|t:|1664384259\n|switch|p1a: Toxapex|Toxapex, M|41\/100\n|-damage|p1a: Toxapex|28\/100|[from] Spikes\n|turn|26\n|c| 0WithdrawalSyndrom|:learn, malamar v create\n|\n|t:|1664384270\n|switch|p1a: Clefable|Clefable, F|68\/100\n|cant|p2a: Zooids|par\n|\n|-fieldend|move: Trick Room\n|upkeep\n|turn|27\n|\n|t:|1664384278\n|switch|p1a: Toxapex|Toxapex, M|61\/100\n|-damage|p1a: Toxapex|49\/100|[from] Spikes\n|cant|p2a: Zooids|par\n|\n|upkeep\n|turn|28\n|c| 0WithdrawalSyndrom|damn para is crippling this player today\n|\n|t:|1664384305\n|move|p1a: Toxapex|Haze|p1a: Toxapex\n|-clearallboost\n|move|p2a: Zooids|Trick Room|p2a: Zooids\n|-fieldstart|move: Trick Room|[of] p2a: Zooids\n|\n|-fieldend|move: Psychic Terrain\n|upkeep\n|turn|29\n|\n|t:|1664384313\n|move|p2a: Zooids|Stone Edge|p1a: Toxapex\n|-damage|p1a: Toxapex|14\/100\n|move|p1a: Toxapex|Recover|p1a: Toxapex\n|-heal|p1a: Toxapex|64\/100\n|\n|upkeep\n|turn|30\n|\n|t:|1664384317\n|cant|p2a: Zooids|par\n|move|p1a: Toxapex|Recover|p1a: Toxapex\n|-heal|p1a: Toxapex|100\/100\n|\n|upkeep\n|turn|31\n|\n|t:|1664384322\n|move|p2a: Zooids|Stone Edge|p1a: Toxapex\n|-damage|p1a: Toxapex|68\/100\n|move|p1a: Toxapex|Scald|p2a: Zooids\n|-supereffective|p2a: Zooids\n|-damage|p2a: Zooids|35\/100 par\n|\n|upkeep\n|turn|32\n|-message|swalotiscute forfeited.\n|\n|win|Daevank5\n|raw|Daevank5's rating: 1791 &rarr; <strong>1819<\/strong><br \/>(+28 for winning)\n|raw|swalotiscute's rating: 1947 &rarr; <strong>1919<\/strong><br \/>(-28 for losing)\n|c|\u2606Daevank5|Gg\n|l|\u2606swalotiscute\n","uploadtime":1664384368,"views":32,"p1id":"daevank5","p2id":"swalotiscute","formatid":"gen8ou","rating":1819,"private":0,"password":null}