{"id":"gen8bdspou-1504450815","p1":"Creiss88","p2":"stopthreat","format":"gen8bdspou","log":"|html|<div class=\"broadcast-blue\"><strong>[Gen 8 BDSP] OU is currently suspecting Gengar! For information on how to participate check out the <a href=\"https:\/\/www.smogon.com\/forums\/threads\/np-bdsp-ou-suspect-process-round-3-ghost-town.3696830\/\">suspect thread<\/a>.<\/strong><\/div>\n|j|\u2606Creiss88\n|j|\u2606stopthreat\n|t:|1644000678\n|gametype|singles\n|player|p1|Creiss88|harlequin|1401\n|player|p2|stopthreat|bugcatcher-gen4dp|1469\n|teamsize|p1|6\n|teamsize|p2|6\n|gen|8\n|tier|[Gen 8 BDSP] OU\n|rated|\n|rule|Sleep Clause Mod: Limit one foe put to sleep\n|rule|Species Clause: Limit one of each Pok\u00e9mon\n|rule|OHKO Clause: OHKO moves are banned\n|rule|Evasion Moves Clause: Evasion moves are banned\n|rule|Endless Battle Clause: Forcing endless battles is banned\n|rule|HP Percentage Mod: HP is shown in percentages\n|clearpoke\n|poke|p1|Jirachi|\n|poke|p1|Azumarill, M|\n|poke|p1|Scizor, F|\n|poke|p1|Raikou|\n|poke|p1|Poliwrath, M|\n|poke|p1|Kingdra, M|\n|poke|p2|Heatran, F|\n|poke|p2|Dragonite, F|\n|poke|p2|Feraligatr, M|\n|poke|p2|Gliscor, F|\n|poke|p2|Latios, M|\n|poke|p2|Starmie|\n|teampreview\n|inactive|Battle timer is ON: inactive players will automatically lose when time's up. (requested by stopthreat)\n|\n|t:|1644000695\n|start\n|switch|p1a: Raikou|Raikou|100\/100\n|switch|p2a: Starmie|Starmie|100\/100\n|turn|1\n|\n|t:|1644000701\n|switch|p2a: Gliscor|Gliscor, F|100\/100\n|move|p1a: Raikou|Rain Dance|p1a: Raikou\n|-weather|RainDance\n|\n|-weather|RainDance|[upkeep]\n|-status|p2a: Gliscor|tox|[from] item: Toxic Orb\n|upkeep\n|turn|2\n|\n|t:|1644000720\n|move|p1a: Raikou|Scald|p2a: Gliscor\n|-supereffective|p2a: Gliscor\n|-damage|p2a: Gliscor|34\/100 tox\n|move|p2a: Gliscor|Earthquake|p1a: Raikou\n|-supereffective|p1a: Raikou\n|-damage|p1a: Raikou|27\/100\n|\n|-weather|RainDance|[upkeep]\n|-heal|p2a: Gliscor|47\/100 tox|[from] ability: Poison Heal\n|upkeep\n|turn|3\n|\n|t:|1644000729\n|switch|p2a: Latios|Latios, M|100\/100\n|move|p1a: Raikou|Scald|p2a: Latios\n|-resisted|p2a: Latios\n|-damage|p2a: Latios|84\/100\n|\n|-weather|RainDance|[upkeep]\n|upkeep\n|turn|4\n|\n|t:|1644000744\n|move|p2a: Latios|Psychic|p1a: Raikou\n|-damage|p1a: Raikou|0 fnt\n|faint|p1a: Raikou\n|\n|-weather|RainDance|[upkeep]\n|upkeep\n|\n|t:|1644000757\n|switch|p1a: Jirachi|Jirachi|100\/100\n|turn|5\n|inactive|stopthreat has 120 seconds left.\n|\n|t:|1644000802\n|switch|p2a: Starmie|Starmie|100\/100\n|move|p1a: Jirachi|Stealth Rock|p2a: Starmie\n|-sidestart|p2: stopthreat|move: Stealth Rock\n|\n|-weather|RainDance|[upkeep]\n|upkeep\n|turn|6\n|inactive|stopthreat has 90 seconds left.\n|inactive|stopthreat has 60 seconds left.\n|\n|t:|1644000864\n|move|p2a: Starmie|Hydro Pump|p1a: Jirachi|[miss]\n|-miss|p2a: Starmie|p1a: Jirachi\n|move|p1a: Jirachi|U-turn|p2a: Starmie\n|-supereffective|p2a: Starmie\n|-damage|p2a: Starmie|54\/100\n|\n|t:|1644000885\n|switch|p1a: Scizor|Scizor, F|100\/100|[from]move: U-turn\n|\n|-weather|RainDance|[upkeep]\n|upkeep\n|turn|7\n|inactive|stopthreat has 60 seconds left.\n|\n|t:|1644000900\n|move|p2a: Starmie|Hydro Pump|p1a: Scizor|[miss]\n|-miss|p2a: Starmie|p1a: Scizor\n|move|p1a: Scizor|U-turn|p2a: Starmie\n|-supereffective|p2a: Starmie\n|-damage|p2a: Starmie|0 fnt\n|faint|p2a: Starmie\n|c|\u2606Creiss88|rip\n|\n|t:|1644000912\n|switch|p1a: Kingdra|Kingdra, M|100\/100|[from]move: U-turn\n|\n|-weather|RainDance|[upkeep]\n|upkeep\n|inactive|stopthreat has 60 seconds left.\n|\n|t:|1644000942\n|switch|p2a: Heatran|Heatran, F|100\/100\n|-damage|p2a: Heatran|88\/100|[from] Stealth Rock\n|turn|8\n|\n|t:|1644000954\n|move|p2a: Heatran|Protect|p2a: Heatran\n|-singleturn|p2a: Heatran|Protect\n|move|p1a: Kingdra|Surf|p2a: Heatran\n|-activate|p2a: Heatran|move: Protect\n|\n|-weather|none\n|-heal|p2a: Heatran|94\/100|[from] item: Leftovers\n|upkeep\n|turn|9\n|\n|t:|1644000965\n|move|p1a: Kingdra|Surf|p2a: Heatran\n|-supereffective|p2a: Heatran\n|-damage|p2a: Heatran|22\/100\n|move|p2a: Heatran|Stealth Rock|p1a: Kingdra\n|-sidestart|p1: Creiss88|move: Stealth Rock\n|\n|-heal|p2a: Heatran|28\/100|[from] item: Leftovers\n|upkeep\n|turn|10\n|j| Stone Bold\n|l| Stone Bold\n|\n|t:|1644000976\n|switch|p1a: Scizor|Scizor, F|100\/100\n|-damage|p1a: Scizor|88\/100|[from] Stealth Rock\n|move|p2a: Heatran|Protect||[still]\n|-fail|p2a: Heatran\n|\n|-heal|p2a: Heatran|35\/100|[from] item: Leftovers\n|upkeep\n|turn|11\n|inactive|stopthreat has 60 seconds left.\n|\n|t:|1644001003\n|switch|p1a: Kingdra|Kingdra, M|100\/100\n|-damage|p1a: Kingdra|88\/100|[from] Stealth Rock\n|move|p2a: Heatran|Magma Storm|p1a: Kingdra\n|-resisted|p1a: Kingdra\n|-damage|p1a: Kingdra|75\/100\n|-activate|p1a: Kingdra|move: Magma Storm|[of] p2a: Heatran\n|\n|-heal|p2a: Heatran|41\/100|[from] item: Leftovers\n|-damage|p1a: Kingdra|62\/100|[from] move: Magma Storm|[partiallytrapped]\n|upkeep\n|turn|12\n|\n|t:|1644001011\n|move|p2a: Heatran|Protect|p2a: Heatran\n|-singleturn|p2a: Heatran|Protect\n|move|p1a: Kingdra|Surf|p2a: Heatran\n|-activate|p2a: Heatran|move: Protect\n|\n|-heal|p2a: Heatran|47\/100|[from] item: Leftovers\n|-damage|p1a: Kingdra|50\/100|[from] move: Magma Storm|[partiallytrapped]\n|upkeep\n|turn|13\n|inactive|stopthreat has 60 seconds left.\n|\n|t:|1644001031\n|switch|p2a: Latios|Latios, M|84\/100\n|-damage|p2a: Latios|71\/100|[from] Stealth Rock\n|move|p1a: Kingdra|Surf|p2a: Latios\n|-resisted|p2a: Latios\n|-damage|p2a: Latios|36\/100\n|\n|-end|p1a: Kingdra|Magma Storm|[partiallytrapped]|[silent]\n|upkeep\n|turn|14\n|inactive|stopthreat has 60 seconds left.\n|\n|t:|1644001040\n|switch|p2a: Heatran|Heatran, F|47\/100\n|-damage|p2a: Heatran|35\/100|[from] Stealth Rock\n|move|p1a: Kingdra|Surf|p2a: Heatran\n|-supereffective|p2a: Heatran\n|-damage|p2a: Heatran|0 fnt\n|faint|p2a: Heatran\n|\n|upkeep\n|inactive|stopthreat has 60 seconds left.\n|\n|t:|1644001047\n|switch|p2a: Latios|Latios, M|36\/100\n|-damage|p2a: Latios|24\/100|[from] Stealth Rock\n|turn|15\n|\n|t:|1644001054\n|move|p2a: Latios|Draco Meteor|p1a: Kingdra\n|-supereffective|p1a: Kingdra\n|-damage|p1a: Kingdra|0 fnt\n|-unboost|p2a: Latios|spa|2\n|faint|p1a: Kingdra\n|\n|upkeep\n|\n|t:|1644001061\n|switch|p1a: Azumarill|Azumarill, M|100\/100\n|-damage|p1a: Azumarill|88\/100|[from] Stealth Rock\n|turn|16\n|\n|t:|1644001070\n|switch|p2a: Gliscor|Gliscor, F|47\/100 tox\n|-damage|p2a: Gliscor|34\/100 tox|[from] Stealth Rock\n|move|p1a: Azumarill|Belly Drum|p1a: Azumarill\n|-damage|p1a: Azumarill|38\/100\n|-setboost|p1a: Azumarill|atk|6|[from] move: Belly Drum\n|-enditem|p1a: Azumarill|Sitrus Berry|[eat]\n|-heal|p1a: Azumarill|63\/100|[from] item: Sitrus Berry\n|\n|-heal|p2a: Gliscor|47\/100 tox|[from] ability: Poison Heal\n|upkeep\n|turn|17\n|\n|t:|1644001078\n|switch|p2a: Latios|Latios, M|24\/100\n|-damage|p2a: Latios|12\/100|[from] Stealth Rock\n|move|p1a: Azumarill|Aqua Jet|p2a: Latios\n|-resisted|p2a: Latios\n|-damage|p2a: Latios|0 fnt\n|faint|p2a: Latios\n|\n|upkeep\n|\n|t:|1644001080\n|switch|p2a: Feraligatr|Feraligatr, M|100\/100\n|-damage|p2a: Feraligatr|88\/100|[from] Stealth Rock\n|turn|18\n|\n|t:|1644001088\n|move|p1a: Azumarill|Aqua Jet|p2a: Feraligatr\n|-resisted|p2a: Feraligatr\n|-damage|p2a: Feraligatr|36\/100\n|move|p2a: Feraligatr|Waterfall|p1a: Azumarill\n|-resisted|p1a: Azumarill\n|-damage|p1a: Azumarill|24\/100\n|\n|upkeep\n|turn|19\n|\n|t:|1644001097\n|move|p1a: Azumarill|Aqua Jet|p2a: Feraligatr\n|-resisted|p2a: Feraligatr\n|-damage|p2a: Feraligatr|0 fnt\n|faint|p2a: Feraligatr\n|\n|upkeep\n|\n|t:|1644001099\n|switch|p2a: Dragonite|Dragonite, F|100\/100\n|-damage|p2a: Dragonite|76\/100|[from] Stealth Rock\n|turn|20\n|\n|t:|1644001104\n|move|p2a: Dragonite|Extreme Speed|p1a: Azumarill\n|-damage|p1a: Azumarill|0 fnt\n|faint|p1a: Azumarill\n|\n|upkeep\n|\n|t:|1644001112\n|switch|p1a: Scizor|Scizor, F|88\/100\n|-damage|p1a: Scizor|76\/100|[from] Stealth Rock\n|turn|21\n|\n|t:|1644001126\n|switch|p2a: Gliscor|Gliscor, F|47\/100 tox\n|-damage|p2a: Gliscor|34\/100 tox|[from] Stealth Rock\n|move|p1a: Scizor|Rain Dance|p1a: Scizor\n|-weather|RainDance\n|\n|-weather|RainDance|[upkeep]\n|-heal|p2a: Gliscor|47\/100 tox|[from] ability: Poison Heal\n|upkeep\n|turn|22\n|\n|t:|1644001131\n|move|p2a: Gliscor|Roost|p2a: Gliscor\n|-heal|p2a: Gliscor|97\/100 tox\n|-singleturn|p2a: Gliscor|move: Roost\n|move|p1a: Scizor|U-turn|p2a: Gliscor\n|-damage|p2a: Gliscor|72\/100 tox\n|\n|t:|1644001135\n|switch|p1a: Poliwrath|Poliwrath, M|100\/100|[from]move: U-turn\n|-damage|p1a: Poliwrath|94\/100|[from] Stealth Rock\n|\n|-weather|RainDance|[upkeep]\n|-heal|p2a: Gliscor|84\/100 tox|[from] ability: Poison Heal\n|upkeep\n|turn|23\n|\n|t:|1644001137\n|move|p1a: Poliwrath|Belly Drum|p1a: Poliwrath\n|-damage|p1a: Poliwrath|44\/100\n|-setboost|p1a: Poliwrath|atk|6|[from] move: Belly Drum\n|-enditem|p1a: Poliwrath|Sitrus Berry|[eat]\n|-heal|p1a: Poliwrath|69\/100|[from] item: Sitrus Berry\n|move|p2a: Gliscor|Swords Dance|p2a: Gliscor\n|-boost|p2a: Gliscor|atk|2\n|\n|-weather|RainDance|[upkeep]\n|-heal|p2a: Gliscor|97\/100 tox|[from] ability: Poison Heal\n|upkeep\n|turn|24\n|\n|t:|1644001141\n|move|p1a: Poliwrath|Waterfall|p2a: Gliscor\n|-supereffective|p2a: Gliscor\n|-damage|p2a: Gliscor|0 fnt\n|faint|p2a: Gliscor\n|\n|-weather|RainDance|[upkeep]\n|upkeep\n|\n|t:|1644001143\n|switch|p2a: Dragonite|Dragonite, F|76\/100\n|-damage|p2a: Dragonite|51\/100|[from] Stealth Rock\n|turn|25\n|\n|t:|1644001147\n|move|p2a: Dragonite|Extreme Speed|p1a: Poliwrath\n|-damage|p1a: Poliwrath|21\/100\n|move|p1a: Poliwrath|Waterfall|p2a: Dragonite\n|-resisted|p2a: Dragonite\n|-damage|p2a: Dragonite|0 fnt\n|faint|p2a: Dragonite\n|\n|win|Creiss88\n|raw|Creiss88's rating: 1401 &rarr; <strong>1424<\/strong><br \/>(+23 for winning)\n|raw|stopthreat's rating: 1450 &rarr; <strong>1427<\/strong><br \/>(-23 for losing)\n|l|\u2606stopthreat\n|l|\u2606Creiss88\n","uploadtime":1644001184,"views":6,"p1id":"creiss88","p2id":"stopthreat","formatid":"gen8bdspou","rating":1424,"private":0,"password":null}