{"id":"gen8nationaldex-1681782126","p1":"MikeDecIsHere","p2":"FleetFoxxx","format":"gen8nationaldex","log":"|j|\u2606MikeDecIsHere\n|j|\u2606FleetFoxxx\n|t:|1665351069\n|gametype|singles\n|player|p1|MikeDecIsHere|#mikedecishere|\n|player|p2|FleetFoxxx|flannery|\n|teamsize|p1|6\n|teamsize|p2|6\n|gen|8\n|tier|[Gen 8] National Dex\n|rule|HP Percentage Mod: HP is shown in percentages\n|rule|Endless Battle Clause: Forcing endless battles is banned\n|rule|OHKO Clause: OHKO moves are banned\n|rule|Evasion Moves Clause: Evasion moves are banned\n|rule|Species Clause: Limit one of each Pok\u00e9mon\n|rule|Dynamax Clause: You cannot dynamax\n|rule|Sleep Clause Mod: Limit one foe put to sleep\n|clearpoke\n|poke|p1|Nidoqueen, F|\n|poke|p1|Melmetal|\n|poke|p1|Rotom|\n|poke|p1|Terrakion|\n|poke|p1|Celebi|\n|poke|p1|Feraligatr, M|\n|poke|p2|Goodra, F|\n|poke|p2|Pinsir, M|\n|poke|p2|Runerigus, M|\n|poke|p2|Celesteela|\n|poke|p2|Hydreigon, F|\n|poke|p2|Silvally-*|\n|teampreview\n|c|\u2606MikeDecIsHere|gl hf\n|c|\u2606FleetFoxxx|gl hf!\n|\n|t:|1665351085\n|start\n|switch|p1a: Terrakion|Terrakion|100\/100\n|switch|p2a: Goodra|Goodra, F|100\/100\n|turn|1\n|\n|t:|1665351090\n|move|p1a: Terrakion|Stealth Rock|p2a: Goodra\n|-sidestart|p2: FleetFoxxx|move: Stealth Rock\n|move|p2a: Goodra|Surf|p1a: Terrakion\n|-supereffective|p1a: Terrakion\n|-damage|p1a: Terrakion|45\/100\n|\n|-heal|p1a: Terrakion|51\/100|[from] item: Leftovers\n|upkeep\n|turn|2\n|\n|t:|1665351109\n|switch|p1a: Celebi|Celebi|100\/100\n|move|p2a: Goodra|Surf|p1a: Celebi\n|-resisted|p1a: Celebi\n|-damage|p1a: Celebi|91\/100\n|\n|-heal|p1a: Celebi|97\/100|[from] item: Leftovers\n|upkeep\n|turn|3\n|\n|t:|1665351116\n|move|p1a: Celebi|Calm Mind|p1a: Celebi\n|-boost|p1a: Celebi|spa|1\n|-boost|p1a: Celebi|spd|1\n|move|p2a: Goodra|Flamethrower|p1a: Celebi\n|-supereffective|p1a: Celebi\n|-damage|p1a: Celebi|70\/100\n|\n|-heal|p1a: Celebi|76\/100|[from] item: Leftovers\n|upkeep\n|turn|4\n|j| Deathbypudding\n|\n|t:|1665351132\n|switch|p2a: Celesteela|Celesteela|100\/100\n|-damage|p2a: Celesteela|88\/100|[from] Stealth Rock\n|move|p1a: Celebi|Calm Mind|p1a: Celebi\n|-boost|p1a: Celebi|spa|1\n|-boost|p1a: Celebi|spd|1\n|\n|-heal|p1a: Celebi|82\/100|[from] item: Leftovers\n|-heal|p2a: Celesteela|94\/100|[from] item: Leftovers\n|upkeep\n|turn|5\n|\n|t:|1665351141\n|move|p1a: Celebi|Dazzling Gleam|p2a: Celesteela\n|-resisted|p2a: Celesteela\n|-damage|p2a: Celesteela|79\/100\n|move|p2a: Celesteela|Heavy Slam|p1a: Celebi\n|-damage|p1a: Celebi|50\/100\n|\n|-heal|p1a: Celebi|56\/100|[from] item: Leftovers\n|-heal|p2a: Celesteela|85\/100|[from] item: Leftovers\n|upkeep\n|turn|6\n|\n|t:|1665351150\n|switch|p1a: Rotom|Rotom|100\/100\n|move|p2a: Celesteela|Heavy Slam|p1a: Rotom\n|-resisted|p1a: Rotom\n|-damage|p1a: Rotom|64\/100\n|\n|-heal|p2a: Celesteela|91\/100|[from] item: Leftovers\n|upkeep\n|turn|7\n|j|+111ace111\n|j| VeVii\n|\n|t:|1665351158\n|switch|p2a: Goodra|Goodra, F|100\/100\n|-damage|p2a: Goodra|88\/100|[from] Stealth Rock\n|move|p1a: Rotom|Shadow Ball|p2a: Goodra\n|-damage|p2a: Goodra|57\/100\n|\n|-heal|p2a: Goodra|63\/100|[from] item: Leftovers\n|upkeep\n|turn|8\n|\n|t:|1665351168\n|switch|p1a: Melmetal|Melmetal|100\/100\n|move|p2a: Goodra|Dragon Pulse|p1a: Melmetal\n|-resisted|p1a: Melmetal\n|-damage|p1a: Melmetal|93\/100\n|\n|-heal|p2a: Goodra|69\/100|[from] item: Leftovers\n|upkeep\n|turn|9\n|l| VeVii\n|\n|t:|1665351199\n|switch|p2a: Runerigus|Runerigus, M|100\/100\n|-damage|p2a: Runerigus|95\/100|[from] Stealth Rock\n|move|p1a: Melmetal|Ice Punch|p2a: Runerigus\n|-supereffective|p2a: Runerigus\n|-damage|p2a: Runerigus|59\/100\n|-activate|p2a: Runerigus|ability: Wandering Spirit|Iron Fist|Wandering Spirit|[of] p1a: Melmetal\n|\n|-heal|p2a: Runerigus|65\/100|[from] item: Leftovers\n|upkeep\n|turn|10\n|j| VeVii\n|\n|t:|1665351211\n|switch|p1a: Rotom|Rotom|64\/100\n|move|p2a: Runerigus|Stealth Rock|p1a: Rotom\n|-sidestart|p1: MikeDecIsHere|move: Stealth Rock\n|\n|-heal|p2a: Runerigus|71\/100|[from] item: Leftovers\n|upkeep\n|turn|11\n|j| DoomCow33\n|\n|t:|1665351252\n|switch|p2a: Hydreigon|Hydreigon, F|100\/100\n|-damage|p2a: Hydreigon|88\/100|[from] Stealth Rock\n|move|p1a: Rotom|Shadow Ball|p2a: Hydreigon\n|-resisted|p2a: Hydreigon\n|-damage|p2a: Hydreigon|60\/100\n|\n|upkeep\n|turn|12\n|\n|t:|1665351260\n|switch|p1a: Melmetal|Melmetal|93\/100\n|-damage|p1a: Melmetal|87\/100|[from] Stealth Rock\n|move|p2a: Hydreigon|Dark Pulse|p1a: Melmetal\n|-damage|p1a: Melmetal|69\/100\n|\n|upkeep\n|turn|13\n|\n|t:|1665351269\n|switch|p2a: Runerigus|Runerigus, M|71\/100\n|-damage|p2a: Runerigus|65\/100|[from] Stealth Rock\n|move|p1a: Melmetal|Ice Punch|p2a: Runerigus\n|-supereffective|p2a: Runerigus\n|-damage|p2a: Runerigus|30\/100\n|-activate|p2a: Runerigus|ability: Wandering Spirit|Iron Fist|Wandering Spirit|[of] p1a: Melmetal\n|\n|-heal|p2a: Runerigus|36\/100|[from] item: Leftovers\n|upkeep\n|turn|14\n|\n|t:|1665351280\n|switch|p1a: Rotom|Rotom|64\/100\n|-damage|p1a: Rotom|51\/100|[from] Stealth Rock\n|move|p2a: Runerigus|Night Shade|p1a: Rotom\n|-damage|p1a: Rotom|12\/100\n|\n|-heal|p2a: Runerigus|42\/100|[from] item: Leftovers\n|upkeep\n|turn|15\n|\n|t:|1665351293\n|move|p1a: Rotom|Shadow Ball|p2a: Runerigus\n|-supereffective|p2a: Runerigus\n|-damage|p2a: Runerigus|0 fnt\n|faint|p2a: Runerigus\n|\n|upkeep\n|\n|t:|1665351301\n|switch|p2a: Hydreigon|Hydreigon, F|60\/100\n|-damage|p2a: Hydreigon|48\/100|[from] Stealth Rock\n|turn|16\n|\n|t:|1665351306\n|move|p2a: Hydreigon|Flamethrower|p1a: Rotom\n|-damage|p1a: Rotom|0 fnt\n|faint|p1a: Rotom\n|\n|upkeep\n|\n|t:|1665351311\n|switch|p1a: Feraligatr|Feraligatr, M|100\/100\n|-damage|p1a: Feraligatr|88\/100|[from] Stealth Rock\n|turn|17\n|\n|t:|1665351323\n|switch|p2a: Goodra|Goodra, F|69\/100\n|-damage|p2a: Goodra|56\/100|[from] Stealth Rock\n|move|p1a: Feraligatr|Swords Dance|p1a: Feraligatr\n|-boost|p1a: Feraligatr|atk|2\n|\n|-heal|p2a: Goodra|62\/100|[from] item: Leftovers\n|upkeep\n|turn|18\n|\n|t:|1665351340\n|move|p1a: Feraligatr|Ice Punch|p2a: Goodra\n|-supereffective|p2a: Goodra\n|-damage|p2a: Goodra|0 fnt\n|-ability|p2a: Goodra|Gooey\n|-unboost|p1a: Feraligatr|spe|1\n|faint|p2a: Goodra\n|\n|upkeep\n|j| sh0shin4\n|j| Charkhil\n|c| VeVii|Goodra with the stickey icky\n|\n|t:|1665351411\n|switch|p2a: Hydreigon|Hydreigon, F|48\/100\n|-damage|p2a: Hydreigon|36\/100|[from] Stealth Rock\n|turn|19\n|\n|t:|1665351419\n|switch|p1a: Celebi|Celebi|56\/100\n|-damage|p1a: Celebi|44\/100|[from] Stealth Rock\n|move|p2a: Hydreigon|Draco Meteor|p1a: Celebi\n|-damage|p1a: Celebi|0 fnt\n|-unboost|p2a: Hydreigon|spa|2\n|faint|p1a: Celebi\n|\n|upkeep\n|j| sicksickboy\n|\n|t:|1665351436\n|switch|p1a: Melmetal|Melmetal|69\/100\n|-damage|p1a: Melmetal|63\/100|[from] Stealth Rock\n|turn|20\n|c| VeVii|Where's my UWU translated names Style\n|\n|t:|1665351462\n|switch|p2a: Celesteela|Celesteela|91\/100\n|-damage|p2a: Celesteela|79\/100|[from] Stealth Rock\n|switch|p1a: Nidoqueen|Nidoqueen, F|100\/100\n|-damage|p1a: Nidoqueen|94\/100|[from] Stealth Rock\n|\n|-heal|p2a: Celesteela|85\/100|[from] item: Leftovers\n|upkeep\n|turn|21\n|j| johngalt149\n|\n|t:|1665351471\n|move|p2a: Celesteela|Protect|p2a: Celesteela\n|-singleturn|p2a: Celesteela|Protect\n|move|p1a: Nidoqueen|Flamethrower|p2a: Celesteela\n|-activate|p2a: Celesteela|move: Protect\n|\n|-heal|p2a: Celesteela|91\/100|[from] item: Leftovers\n|upkeep\n|turn|22\n|\n|t:|1665351477\n|move|p1a: Nidoqueen|Flamethrower|p2a: Celesteela\n|-supereffective|p2a: Celesteela\n|-damage|p2a: Celesteela|18\/100\n|move|p2a: Celesteela|Leech Seed|p1a: Nidoqueen\n|-start|p1a: Nidoqueen|move: Leech Seed\n|\n|-heal|p2a: Celesteela|24\/100|[from] item: Leftovers\n|-damage|p1a: Nidoqueen|82\/100|[from] Leech Seed|[of] p2a: Celesteela\n|-heal|p2a: Celesteela|36\/100|[silent]\n|upkeep\n|turn|23\n|j| Matieu\n|\n|t:|1665351503\n|move|p2a: Celesteela|Protect|p2a: Celesteela\n|-singleturn|p2a: Celesteela|Protect\n|move|p1a: Nidoqueen|Flamethrower|p2a: Celesteela\n|-activate|p2a: Celesteela|move: Protect\n|\n|-heal|p2a: Celesteela|42\/100|[from] item: Leftovers\n|-damage|p1a: Nidoqueen|69\/100|[from] Leech Seed|[of] p2a: Celesteela\n|-heal|p2a: Celesteela|54\/100|[silent]\n|upkeep\n|turn|24\n|\n|t:|1665351531\n|switch|p2a: Silvally|Silvally-Fairy|100\/100\n|-damage|p2a: Silvally|88\/100|[from] Stealth Rock\n|move|p1a: Nidoqueen|Sludge Wave|p2a: Silvally\n|-supereffective|p2a: Silvally\n|-damage|p2a: Silvally|0 fnt\n|faint|p2a: Silvally\n|\n|upkeep\n|l| DoomCow33\n|\n|t:|1665351591\n|switch|p2a: Pinsir|Pinsir, M|100\/100\n|-damage|p2a: Pinsir|76\/100|[from] Stealth Rock\n|turn|25\n|\n|t:|1665351596\n|detailschange|p2a: Pinsir|Pinsir-Mega, M\n|-mega|p2a: Pinsir|Pinsir|Pinsirite\n|move|p2a: Pinsir|Return|p1a: Nidoqueen\n|-damage|p1a: Nidoqueen|2\/100\n|move|p1a: Nidoqueen|Flamethrower|p2a: Pinsir\n|-supereffective|p2a: Pinsir\n|-damage|p2a: Pinsir|0 fnt\n|faint|p2a: Pinsir\n|\n|upkeep\n|\n|t:|1665351605\n|switch|p2a: Hydreigon|Hydreigon, F|36\/100\n|-damage|p2a: Hydreigon|24\/100|[from] Stealth Rock\n|turn|26\n|j| DoomCow33\n|\n|t:|1665351612\n|move|p2a: Hydreigon|Dark Pulse|p1a: Nidoqueen\n|-damage|p1a: Nidoqueen|0 fnt\n|faint|p1a: Nidoqueen\n|\n|upkeep\n|\n|t:|1665351616\n|switch|p1a: Terrakion|Terrakion|51\/100\n|-damage|p1a: Terrakion|45\/100|[from] Stealth Rock\n|turn|27\n|\n|t:|1665351620\n|switch|p2a: Celesteela|Celesteela|54\/100\n|-damage|p2a: Celesteela|42\/100|[from] Stealth Rock\n|move|p1a: Terrakion|Close Combat|p2a: Celesteela\n|-damage|p2a: Celesteela|6\/100\n|-unboost|p1a: Terrakion|def|1\n|-unboost|p1a: Terrakion|spd|1\n|\n|-heal|p1a: Terrakion|51\/100|[from] item: Leftovers\n|-heal|p2a: Celesteela|12\/100|[from] item: Leftovers\n|upkeep\n|turn|28\n|\n|t:|1665351631\n|move|p2a: Celesteela|Protect|p2a: Celesteela\n|-singleturn|p2a: Celesteela|Protect\n|move|p1a: Terrakion|Close Combat|p2a: Celesteela\n|-activate|p2a: Celesteela|move: Protect\n|\n|-heal|p1a: Terrakion|57\/100|[from] item: Leftovers\n|-heal|p2a: Celesteela|18\/100|[from] item: Leftovers\n|upkeep\n|turn|29\n|\n|t:|1665351659\n|move|p2a: Celesteela|Protect|p2a: Celesteela\n|-singleturn|p2a: Celesteela|Protect\n|move|p1a: Terrakion|Close Combat|p2a: Celesteela\n|-activate|p2a: Celesteela|move: Protect\n|\n|-heal|p1a: Terrakion|63\/100|[from] item: Leftovers\n|-heal|p2a: Celesteela|24\/100|[from] item: Leftovers\n|upkeep\n|turn|30\n|\n|t:|1665351668\n|move|p1a: Terrakion|Close Combat|p2a: Celesteela\n|-damage|p2a: Celesteela|0 fnt\n|-unboost|p1a: Terrakion|def|1\n|-unboost|p1a: Terrakion|spd|1\n|faint|p2a: Celesteela\n|\n|-heal|p1a: Terrakion|69\/100|[from] item: Leftovers\n|upkeep\n|\n|t:|1665351669\n|switch|p2a: Hydreigon|Hydreigon, F|24\/100\n|-damage|p2a: Hydreigon|11\/100|[from] Stealth Rock\n|turn|31\n|\n|t:|1665351678\n|switch|p1a: Melmetal|Melmetal|63\/100\n|-damage|p1a: Melmetal|57\/100|[from] Stealth Rock\n|move|p2a: Hydreigon|Flamethrower|p1a: Melmetal\n|-supereffective|p1a: Melmetal\n|-damage|p1a: Melmetal|25\/100\n|\n|upkeep\n|turn|32\n|\n|t:|1665351685\n|switch|p1a: Feraligatr|Feraligatr, M|88\/100\n|-damage|p1a: Feraligatr|76\/100|[from] Stealth Rock\n|move|p2a: Hydreigon|Flamethrower|p1a: Feraligatr\n|-resisted|p1a: Feraligatr\n|-damage|p1a: Feraligatr|57\/100\n|\n|upkeep\n|turn|33\n|\n|t:|1665351692\n|move|p1a: Feraligatr|Aqua Jet|p2a: Hydreigon\n|-resisted|p2a: Hydreigon\n|-damage|p2a: Hydreigon|1\/100\n|move|p2a: Hydreigon|Flamethrower|p1a: Feraligatr\n|-resisted|p1a: Feraligatr\n|-damage|p1a: Feraligatr|39\/100\n|\n|upkeep\n|turn|34\n|\n|t:|1665351699\n|move|p1a: Feraligatr|Aqua Jet|p2a: Hydreigon\n|-resisted|p2a: Hydreigon\n|-damage|p2a: Hydreigon|0 fnt\n|faint|p2a: Hydreigon\n|\n|win|MikeDecIsHere\n|c|\u2606MikeDecIsHere|ggs\n|c|\u2606FleetFoxxx|gg\n|l| johngalt149\n|l| sicksickboy\n|l| DoomCow33\n|c| VeVii|Ngl I was kinda hoping feraligator got CRIT and died\n|l| VeVii\n|l| sh0shin4\n","uploadtime":1665351706,"views":15,"p1id":"mikedecishere","p2id":"fleetfoxxx","formatid":"gen8nationaldex","rating":0,"private":0,"password":null}