{"id":"gen8nationaldexag-1604470897","p1":"AlphaTherai","p2":"No names lefto","format":"gen8nationaldexag","log":"|j|\u2606AlphaTherai\n|j|\u2606No names lefto\n|t:|1656235263\n|gametype|singles\n|player|p1|AlphaTherai|pokekid|1305\n|player|p2|No names lefto|cynthia|1367\n|teamsize|p1|6\n|teamsize|p2|6\n|gen|8\n|tier|[Gen 8] National Dex AG\n|rated|\n|rule|HP Percentage Mod: HP is shown in percentages\n|rule|Endless Battle Clause: Forcing endless battles is banned\n|clearpoke\n|poke|p1|Hippowdon, F|\n|poke|p1|Aron, L1, M|\n|poke|p1|Whimsicott, L1, M|\n|poke|p1|Wynaut, M|\n|poke|p1|Gastrodon-East, M|\n|poke|p1|Tapu Koko|\n|poke|p2|Whimsicott, F|\n|poke|p2|Chansey, F|\n|poke|p2|Groudon|\n|poke|p2|Rayquaza|\n|poke|p2|Zacian-*|\n|poke|p2|Toxapex, F|\n|teampreview\n|inactive|Battle timer is ON: inactive players will automatically lose when time's up. (requested by No names lefto)\n|\n|t:|1656235280\n|start\n|switch|p1a: Hippowdon|Hippowdon, F|100\/100\n|switch|p2a: Toxic|Toxapex, F|100\/100\n|-weather|Sandstorm|[from] ability: Sand Stream|[of] p1a: Hippowdon\n|turn|1\n|\n|t:|1656235290\n|move|p1a: Hippowdon|Yawn|p2a: Toxic\n|-start|p2a: Toxic|move: Yawn|[of] p1a: Hippowdon\n|move|p2a: Toxic|Toxic Spikes|p1a: Hippowdon\n|-sidestart|p1: AlphaTherai|move: Toxic Spikes\n|\n|-weather|Sandstorm|[upkeep]\n|-damage|p2a: Toxic|94\/100|[from] Sandstorm\n|-heal|p2a: Toxic|100\/100|[from] item: Black Sludge\n|upkeep\n|turn|2\n|\n|t:|1656235303\n|switch|p1a: Aron|Aron, L1, M|100\/100\n|move|p2a: Toxic|Toxic Spikes|p1a: Aron\n|-sidestart|p1: AlphaTherai|move: Toxic Spikes\n|\n|-weather|Sandstorm|[upkeep]\n|-damage|p2a: Toxic|94\/100|[from] Sandstorm\n|-heal|p2a: Toxic|100\/100|[from] item: Black Sludge\n|-end|p2a: Toxic|move: Yawn|[silent]\n|-status|p2a: Toxic|slp\n|upkeep\n|turn|3\n|\n|t:|1656235316\n|cant|p2a: Toxic|slp\n|move|p1a: Aron|Endeavor|p2a: Toxic\n|-damage|p2a: Toxic|4\/100 slp\n|\n|-weather|Sandstorm|[upkeep]\n|-damage|p2a: Toxic|0 fnt|[from] Sandstorm\n|faint|p2a: Toxic\n|upkeep\n|\n|t:|1656235327\n|switch|p2a: Annoying mon|Whimsicott, F|100\/100\n|turn|4\n|\n|t:|1656235332\n|move|p2a: Annoying mon|Substitute|p2a: Annoying mon\n|-start|p2a: Annoying mon|Substitute\n|-damage|p2a: Annoying mon|76\/100\n|move|p1a: Aron|Endeavor|p2a: Annoying mon\n|-end|p2a: Annoying mon|Substitute\n|\n|-weather|Sandstorm|[upkeep]\n|-damage|p2a: Annoying mon|70\/100|[from] Sandstorm\n|-heal|p2a: Annoying mon|76\/100|[from] item: Leftovers\n|upkeep\n|turn|5\n|\n|t:|1656235343\n|move|p2a: Annoying mon|Leech Seed|p1a: Aron\n|-start|p1a: Aron|move: Leech Seed\n|move|p1a: Aron|Endeavor|p2a: Annoying mon\n|-damage|p2a: Annoying mon|4\/100\n|\n|-weather|Sandstorm|[upkeep]\n|-damage|p2a: Annoying mon|0 fnt|[from] Sandstorm\n|faint|p2a: Annoying mon\n|upkeep\n|\n|t:|1656235352\n|switch|p2a: Evost|Chansey, F|100\/100\n|turn|6\n|\n|t:|1656235357\n|move|p2a: Evost|Minimize|p2a: Evost\n|-boost|p2a: Evost|evasion|2\n|move|p1a: Aron|Endeavor|p2a: Evost\n|-damage|p2a: Evost|2\/100\n|\n|-weather|Sandstorm|[upkeep]\n|-damage|p2a: Evost|0 fnt|[from] Sandstorm\n|faint|p2a: Evost\n|upkeep\n|\n|t:|1656235369\n|switch|p2a: Sushi|Rayquaza|100\/100\n|-ability|p2a: Sushi|Air Lock\n|turn|7\n|\n|t:|1656235383\n|switch|p1a: Hippowdon|Hippowdon, F|100\/100\n|-status|p1a: Hippowdon|tox\n|detailschange|p2a: Sushi|Rayquaza-Mega\n|-mega|p2a: Sushi|Rayquaza|\n|-weather|DeltaStream|[from] ability: Delta Stream|[of] p2a: Sushi\n|move|p2a: Sushi|Extreme Speed|p1a: Hippowdon\n|-damage|p1a: Hippowdon|68\/100 tox\n|-damage|p2a: Sushi|91\/100|[from] item: Life Orb\n|\n|-weather|DeltaStream|[upkeep]\n|-damage|p1a: Hippowdon|61\/100 tox|[from] psn\n|upkeep\n|turn|8\n|\n|t:|1656235399\n|move|p2a: Sushi|Dragon Dance|p2a: Sushi\n|-boost|p2a: Sushi|atk|1\n|-boost|p2a: Sushi|spe|1\n|move|p1a: Hippowdon|Stone Edge|p2a: Sushi\n|-activate||deltastream\n|-damage|p2a: Sushi|53\/100\n|\n|-weather|DeltaStream|[upkeep]\n|-damage|p1a: Hippowdon|49\/100 tox|[from] psn\n|upkeep\n|turn|9\n|\n|t:|1656235408\n|move|p2a: Sushi|Dragon Dance|p2a: Sushi\n|-boost|p2a: Sushi|atk|1\n|-boost|p2a: Sushi|spe|1\n|move|p1a: Hippowdon|Yawn|p2a: Sushi\n|-start|p2a: Sushi|move: Yawn|[of] p1a: Hippowdon\n|\n|-weather|DeltaStream|[upkeep]\n|-damage|p1a: Hippowdon|30\/100 tox|[from] psn\n|upkeep\n|turn|10\n|\n|t:|1656235417\n|move|p2a: Sushi|Extreme Speed|p1a: Hippowdon\n|-damage|p1a: Hippowdon|0 fnt\n|faint|p1a: Hippowdon\n|-damage|p2a: Sushi|44\/100|[from] item: Life Orb\n|\n|-weather|DeltaStream|[upkeep]\n|-end|p2a: Sushi|move: Yawn|[silent]\n|-status|p2a: Sushi|slp\n|upkeep\n|\n|t:|1656235426\n|switch|p1a: Tapu Koko|Tapu Koko|100\/100\n|-status|p1a: Tapu Koko|tox\n|-fieldstart|move: Electric Terrain|[from] ability: Electric Surge|[of] p1a: Tapu Koko\n|turn|11\n|\n|t:|1656235433\n|cant|p2a: Sushi|slp\n|-zpower|p1a: Tapu Koko\n|move|p1a: Tapu Koko|Guardian of Alola|p2a: Sushi|[zeffect]\n|-damage|p2a: Sushi|11\/100 slp\n|\n|-weather|DeltaStream|[upkeep]\n|-damage|p1a: Tapu Koko|94\/100 tox|[from] psn\n|upkeep\n|turn|12\n|\n|t:|1656235445\n|cant|p2a: Sushi|slp\n|move|p1a: Tapu Koko|Defog|p2a: Sushi\n|-unboost|p2a: Sushi|evasion|1\n|-sideend|p1: AlphaTherai|Toxic Spikes|[from] move: Defog|[of] p1a: Tapu Koko\n|-fieldend|move: Electric Terrain\n|\n|-weather|DeltaStream|[upkeep]\n|-damage|p1a: Tapu Koko|82\/100 tox|[from] psn\n|upkeep\n|turn|13\n|\n|t:|1656235452\n|cant|p2a: Sushi|slp\n|move|p1a: Tapu Koko|Volt Switch|p2a: Sushi\n|-activate||deltastream\n|-resisted|p2a: Sushi\n|-damage|p2a: Sushi|0 fnt\n|faint|p2a: Sushi\n|-weather|none\n|\n|t:|1656235456\n|switch|p1a: Whimsicott|Whimsicott, L1, M|100\/100|[from]move: Volt Switch\n|\n|upkeep\n|\n|t:|1656235463\n|switch|p2a: Groudon|Groudon|100\/100\n|detailschange|p2a: Groudon|Groudon-Primal\n|-primal|p2a: Groudon\n|-weather|DesolateLand|[from] ability: Desolate Land|[of] p2a: Groudon\n|turn|14\n|\n|t:|1656235472\n|move|p1a: Whimsicott|Leech Seed|p2a: Groudon\n|-start|p2a: Groudon|move: Leech Seed\n|move|p2a: Groudon|Heat Crash|p1a: Whimsicott\n|-supereffective|p1a: Whimsicott\n|-enditem|p1a: Whimsicott|Focus Sash\n|-damage|p1a: Whimsicott|8\/100\n|\n|-weather|DesolateLand|[upkeep]\n|-damage|p2a: Groudon|88\/100|[from] Leech Seed|[of] p1a: Whimsicott\n|-heal|p1a: Whimsicott|100\/100|[silent]\n|upkeep\n|turn|15\n|-message|No names lefto forfeited.\n|\n|win|AlphaTherai\n|raw|AlphaTherai's rating: 1321 &rarr; <strong>1344<\/strong><br \/>(+23 for winning)\n|raw|No names lefto's rating: 1367 &rarr; <strong>1344<\/strong><br \/>(-23 for losing)\n|l|\u2606No names lefto\n","uploadtime":1656235485,"views":6,"p1id":"alphatherai","p2id":"nonameslefto","formatid":"gen8nationaldexag","rating":1344,"private":0,"password":null}