{"id":"gen8ou-1603470895","p1":"ninjadouche","p2":"brifye","format":"gen8ou","log":"|j|\u2606ninjadouche\n|j|\u2606brifye\n|t:|1656100876\n|gametype|singles\n|player|p1|ninjadouche|burglar|1590\n|player|p2|brifye|petrel|1637\n|teamsize|p1|6\n|teamsize|p2|6\n|gen|8\n|tier|[Gen 8] OU\n|rated|\n|rule|Sleep Clause Mod: Limit one foe put to sleep\n|rule|Species Clause: Limit one of each Pok\u00e9mon\n|rule|OHKO Clause: OHKO moves are banned\n|rule|Evasion Moves Clause: Evasion moves are banned\n|rule|Endless Battle Clause: Forcing endless battles is banned\n|rule|HP Percentage Mod: HP is shown in percentages\n|rule|Dynamax Clause: You cannot dynamax\n|clearpoke\n|poke|p1|Marowak-Alola, F|\n|poke|p1|Ninetales, F|\n|poke|p1|Rotom-Wash|\n|poke|p1|Snorlax, F|\n|poke|p1|Shiftry, F|\n|poke|p1|Aggron, M|\n|poke|p2|Torkoal, F|\n|poke|p2|Darmanitan, F|\n|poke|p2|Dragonite, F|\n|poke|p2|Blacephalon|\n|poke|p2|Venusaur, M|\n|poke|p2|Landorus-Therian, M|\n|teampreview\n|c|\u2606ninjadouche|gl again\n|c|\u2606brifye|re-match and my last:)\n|c|\u2606ninjadouche|hopefully i win this match lol\n|\n|t:|1656100897\n|start\n|switch|p1a: Ninetales|Ninetales, F, shiny|100\/100\n|switch|p2a: Darmanitan|Darmanitan, F|100\/100\n|-weather|SunnyDay|[from] ability: Drought|[of] p1a: Ninetales\n|turn|1\n|inactive|Battle timer is ON: inactive players will automatically lose when time's up. (requested by ninjadouche)\n|\n|t:|1656100916\n|switch|p1a: Rotom|Rotom-Wash|100\/100\n|move|p2a: Darmanitan|Flare Blitz|p1a: Rotom\n|-resisted|p1a: Rotom\n|-damage|p1a: Rotom|25\/100\n|-damage|p2a: Darmanitan|79\/100|[from] Recoil\n|\n|-weather|SunnyDay|[upkeep]\n|-heal|p1a: Rotom|31\/100|[from] item: Leftovers\n|upkeep\n|turn|2\n|\n|t:|1656100939\n|switch|p1a: Aggron|Aggron, M|100\/100\n|move|p2a: Darmanitan|Flare Blitz|p1a: Aggron\n|-ability|p1a: Aggron|Sturdy\n|-damage|p1a: Aggron|1\/100\n|-damage|p2a: Darmanitan|51\/100|[from] Recoil\n|\n|-weather|SunnyDay|[upkeep]\n|upkeep\n|turn|3\n|-enditem|p1a: Aggron|Custap Berry|[eat]\n|-activate|p1a: Aggron|item: Custap Berry|[consumed]\n|\n|t:|1656100948\n|switch|p2a: Landorus|Landorus-Therian, M|100\/100\n|-ability|p2a: Landorus|Intimidate|boost\n|-unboost|p1a: Aggron|atk|1\n|move|p1a: Aggron|Endeavor|p2a: Landorus\n|-damage|p2a: Landorus|1\/100\n|\n|-weather|SunnyDay|[upkeep]\n|-heal|p2a: Landorus|7\/100|[from] item: Leftovers\n|upkeep\n|turn|4\n|\n|t:|1656100959\n|move|p2a: Landorus|U-turn|p1a: Aggron\n|-resisted|p1a: Aggron\n|-crit|p1a: Aggron\n|-damage|p1a: Aggron|0 fnt\n|faint|p1a: Aggron\n|\n|t:|1656100964\n|switch|p2a: Darmanitan|Darmanitan, F|51\/100|[from]move: U-turn\n|\n|-weather|SunnyDay|[upkeep]\n|upkeep\n|\n|t:|1656100966\n|switch|p1a: Shiftry|Shiftry, F|100\/100\n|turn|5\n|\n|t:|1656100971\n|switch|p2a: Landorus|Landorus-Therian, M|7\/100\n|-ability|p2a: Landorus|Intimidate|boost\n|-unboost|p1a: Shiftry|atk|1\n|move|p1a: Shiftry|Knock Off|p2a: Landorus\n|-damage|p2a: Landorus|0 fnt\n|-enditem|p2a: Landorus|Leftovers|[from] move: Knock Off|[of] p1a: Shiftry\n|faint|p2a: Landorus\n|-damage|p1a: Shiftry|91\/100|[from] item: Life Orb\n|\n|-weather|none\n|upkeep\n|\n|t:|1656100982\n|switch|p2a: Darmanitan|Darmanitan, F|51\/100\n|turn|6\n|\n|t:|1656100991\n|switch|p1a: Marowak|Marowak-Alola, F|100\/100\n|move|p2a: Darmanitan|U-turn|p1a: Marowak\n|-resisted|p1a: Marowak\n|-damage|p1a: Marowak|90\/100\n|\n|t:|1656100997\n|switch|p2a: Blacephalon|Blacephalon|100\/100|[from]move: U-turn\n|\n|upkeep\n|turn|7\n|\n|t:|1656101001\n|switch|p1a: Snorlax|Snorlax, F|100\/100\n|move|p2a: Blacephalon|Shadow Ball|p1a: Snorlax\n|-immune|p1a: Snorlax\n|\n|upkeep\n|turn|8\n|\n|t:|1656101014\n|switch|p2a: Dragonite|Dragonite, F|100\/100\n|move|p1a: Snorlax|Earthquake|p2a: Dragonite\n|-immune|p2a: Dragonite\n|\n|upkeep\n|turn|9\n|\n|t:|1656101019\n|switch|p1a: Rotom|Rotom-Wash|31\/100\n|move|p2a: Dragonite|Dragon Dance|p2a: Dragonite\n|-boost|p2a: Dragonite|atk|1\n|-boost|p2a: Dragonite|spe|1\n|\n|-heal|p1a: Rotom|37\/100|[from] item: Leftovers\n|upkeep\n|turn|10\n|\n|t:|1656101034\n|switch|p2a: Darmanitan|Darmanitan, F|51\/100\n|move|p1a: Rotom|Will-O-Wisp|p2a: Darmanitan\n|-immune|p2a: Darmanitan\n|\n|-heal|p1a: Rotom|43\/100|[from] item: Leftovers\n|upkeep\n|turn|11\n|\n|t:|1656101044\n|move|p2a: Darmanitan|Flare Blitz|p1a: Rotom\n|-resisted|p1a: Rotom\n|-damage|p1a: Rotom|0 fnt\n|faint|p1a: Rotom\n|-damage|p2a: Darmanitan|39\/100|[from] Recoil\n|\n|upkeep\n|\n|t:|1656101049\n|switch|p1a: Marowak|Marowak-Alola, F|90\/100\n|turn|12\n|\n|t:|1656101054\n|move|p2a: Darmanitan|Flare Blitz|p1a: Marowak\n|-resisted|p1a: Marowak\n|-damage|p1a: Marowak|21\/100\n|-damage|p2a: Darmanitan|20\/100|[from] Recoil\n|move|p1a: Marowak|Poltergeist|p2a: Darmanitan\n|-activate|p2a: Darmanitan|move: Poltergeist|Choice Band\n|-crit|p2a: Darmanitan\n|-damage|p2a: Darmanitan|0 fnt\n|faint|p2a: Darmanitan\n|\n|upkeep\n|\n|t:|1656101072\n|switch|p2a: Dragonite|Dragonite, F|100\/100\n|turn|13\n|\n|t:|1656101075\n|move|p2a: Dragonite|Earthquake|p1a: Marowak\n|-supereffective|p1a: Marowak\n|-damage|p1a: Marowak|0 fnt\n|faint|p1a: Marowak\n|\n|upkeep\n|\n|t:|1656101077\n|switch|p1a: Snorlax|Snorlax, F|100\/100\n|turn|14\n|\n|t:|1656101084\n|move|p2a: Dragonite|Roost||[still]\n|-fail|p2a: Dragonite|heal\n|move|p1a: Snorlax|Ice Punch|p2a: Dragonite\n|-supereffective|p2a: Dragonite\n|-damage|p2a: Dragonite|35\/100\n|\n|upkeep\n|turn|15\n|\n|t:|1656101090\n|switch|p2a: Blacephalon|Blacephalon|100\/100\n|move|p1a: Snorlax|Ice Punch|p2a: Blacephalon\n|-resisted|p2a: Blacephalon\n|-damage|p2a: Blacephalon|55\/100\n|\n|upkeep\n|turn|16\n|\n|t:|1656101096\n|move|p2a: Blacephalon|Flamethrower|p1a: Snorlax\n|-damage|p1a: Snorlax|85\/100\n|move|p1a: Snorlax|Ice Punch|p2a: Blacephalon\n|-resisted|p2a: Blacephalon\n|-damage|p2a: Blacephalon|12\/100\n|\n|upkeep\n|turn|17\n|\n|t:|1656101106\n|move|p2a: Blacephalon|Flamethrower|p1a: Snorlax\n|-damage|p1a: Snorlax|70\/100\n|move|p1a: Snorlax|Ice Punch|p2a: Blacephalon\n|-resisted|p2a: Blacephalon\n|-damage|p2a: Blacephalon|0 fnt\n|faint|p2a: Blacephalon\n|\n|upkeep\n|\n|t:|1656101112\n|switch|p2a: Dragonite|Dragonite, F|35\/100\n|turn|18\n|\n|t:|1656101115\n|move|p2a: Dragonite|Roost|p2a: Dragonite\n|-heal|p2a: Dragonite|85\/100\n|-singleturn|p2a: Dragonite|move: Roost\n|move|p1a: Snorlax|Ice Punch|p2a: Dragonite\n|-supereffective|p2a: Dragonite\n|-damage|p2a: Dragonite|16\/100\n|\n|upkeep\n|turn|19\n|\n|t:|1656101122\n|move|p2a: Dragonite|Earthquake|p1a: Snorlax\n|-damage|p1a: Snorlax|40\/100\n|move|p1a: Snorlax|Ice Punch|p2a: Dragonite\n|-supereffective|p2a: Dragonite\n|-damage|p2a: Dragonite|0 fnt\n|faint|p2a: Dragonite\n|\n|upkeep\n|c|\u2606ninjadouche|snorlax going nuts\n|\n|t:|1656101130\n|switch|p2a: Torkoal|Torkoal, F|100\/100\n|-weather|SunnyDay|[from] ability: Drought|[of] p2a: Torkoal\n|turn|20\n|\n|t:|1656101134\n|switch|p1a: Ninetales|Ninetales, F, shiny|100\/100\n|move|p2a: Torkoal|Stealth Rock|p1a: Ninetales\n|-sidestart|p1: ninjadouche|move: Stealth Rock\n|\n|-weather|SunnyDay|[upkeep]\n|upkeep\n|turn|21\n|\n|t:|1656101147\n|move|p1a: Ninetales|Overheat|p2a: Torkoal\n|-resisted|p2a: Torkoal\n|-damage|p2a: Torkoal|25\/100\n|-unboost|p1a: Ninetales|spa|2\n|move|p2a: Torkoal|Body Press|p1a: Ninetales\n|-damage|p1a: Ninetales|51\/100\n|\n|-weather|SunnyDay|[upkeep]\n|upkeep\n|turn|22\n|inactive|ninjadouche has 120 seconds left.\n|\n|t:|1656101180\n|move|p1a: Ninetales|Overheat|p2a: Torkoal\n|-resisted|p2a: Torkoal\n|-damage|p2a: Torkoal|0 fnt\n|-unboost|p1a: Ninetales|spa|2\n|faint|p2a: Torkoal\n|\n|-weather|SunnyDay|[upkeep]\n|upkeep\n|\n|t:|1656101188\n|switch|p2a: Venusaur|Venusaur, M|100\/100\n|turn|23\n|c|\u2606ninjadouche|gg\n|inactive|brifye has 120 seconds left.\n|c|\u2606ninjadouche|ive lost\n|c|\u2606ninjadouche|gg\n|\n|t:|1656101240\n|move|p2a: Venusaur|Earth Power|p1a: Ninetales\n|-supereffective|p1a: Ninetales\n|-damage|p1a: Ninetales|0 fnt\n|faint|p1a: Ninetales\n|-damage|p2a: Venusaur|91\/100|[from] item: Life Orb\n|\n|-weather|SunnyDay|[upkeep]\n|upkeep\n|c|\u2606brifye|not shure at all\n|c|\u2606brifye|sure*\n|inactive|ninjadouche has 120 seconds left.\n|\n|t:|1656101256\n|switch|p1a: Shiftry|Shiftry, F|91\/100\n|-damage|p1a: Shiftry|78\/100|[from] Stealth Rock\n|turn|24\n|\n|t:|1656101262\n|move|p2a: Venusaur|Weather Ball|p1a: Shiftry\n|-supereffective|p1a: Shiftry\n|-damage|p1a: Shiftry|0 fnt\n|faint|p1a: Shiftry\n|-damage|p2a: Venusaur|81\/100|[from] item: Life Orb\n|\n|-weather|SunnyDay|[upkeep]\n|upkeep\n|\n|t:|1656101263\n|switch|p1a: Snorlax|Snorlax, F|40\/100\n|-damage|p1a: Snorlax|28\/100|[from] Stealth Rock\n|turn|25\n|inactive|brifye has 120 seconds left.\n|\n|t:|1656101273\n|move|p2a: Venusaur|Weather Ball|p1a: Snorlax\n|-damage|p1a: Snorlax|12\/100\n|-damage|p2a: Venusaur|71\/100|[from] item: Life Orb\n|move|p1a: Snorlax|Heat Crash|p2a: Venusaur\n|-supereffective|p2a: Venusaur\n|-damage|p2a: Venusaur|0 fnt\n|faint|p2a: Venusaur\n|\n|win|ninjadouche\n|raw|ninjadouche's rating: 1590 &rarr; <strong>1613<\/strong><br \/>(+23 for winning)\n|raw|brifye's rating: 1637 &rarr; <strong>1614<\/strong><br \/>(-23 for losing)\n|c|\u2606ninjadouche|wow\n|c|\u2606brifye|gg\n|c|\u2606ninjadouche|the goat\n|c|\u2606ninjadouche|snorlax\n|l|\u2606brifye\n|c|\u2606ninjadouche|i got lucky\n|c|\u2606ninjadouche|gg\n||Ladder isn't responding, score probably updated but might not have (Request timeout).\n","uploadtime":1656101293,"views":15,"p1id":"ninjadouche","p2id":"brifye","formatid":"gen8ou","rating":1613,"private":0,"password":null}