{"id":"gen8doublesou-1706968140","p1":"Immagamer","p2":"Va1eria!","format":"gen8doublesou","log":"|j|\u203dImmagamer\n|j|\u2606Va1eria!\n|t:|1668037307\n|gametype|doubles\n|player|p1|Immagamer|1|1365\n|player|p2|Va1eria!|shauntal|1264\n|teamsize|p1|6\n|teamsize|p2|6\n|gen|8\n|tier|[Gen 8] Doubles OU\n|rated|\n|rule|Species Clause: Limit one of each Pok\u00e9mon\n|rule|OHKO Clause: OHKO moves are banned\n|rule|Evasion Moves Clause: Evasion moves are banned\n|rule|Gravity Sleep Clause: The combination of sleep-inducing moves with imperfect accuracy and Gravity or Gigantamax Orbeetle are banned\n|rule|Endless Battle Clause: Forcing endless battles is banned\n|rule|HP Percentage Mod: HP is shown in percentages\n|rule|Dynamax Clause: You cannot dynamax\n|rule|Swagger Clause: Swagger is banned\n|clearpoke\n|poke|p1|Kyurem-Black|\n|poke|p1|Clefairy, M|\n|poke|p1|Riolu, F|\n|poke|p1|Mr. Mime, M|\n|poke|p1|Metagross|\n|poke|p1|Zeraora|\n|poke|p2|Dusclops, L99, F|\n|poke|p2|Porygon2, L99|\n|poke|p2|Gastrodon, L99, M|\n|poke|p2|Hatterene, L99, F|\n|poke|p2|Incineroar, L99, F|\n|poke|p2|Clefable, L99, F|\n|teampreview\n|inactive|Battle timer is ON: inactive players will automatically lose when time's up. (requested by Immagamer)\n|\n|t:|1668037318\n|start\n|switch|p1a: Kyurem|Kyurem-Black|100\/100\n|switch|p1b: Mr. Mime|Mr. Mime, M|100\/100\n|switch|p2a: Clefable|Clefable, L99, F|100\/100\n|switch|p2b: Porygon2|Porygon2, L99, shiny|100\/100\n|-ability|p1a: Kyurem|Teravolt\n|-ability|p2b: Porygon2|Download|boost\n|-boost|p2b: Porygon2|atk|1\n|turn|1\n|\n|t:|1668037336\n|move|p1b: Mr. Mime|Follow Me|p1b: Mr. Mime\n|-singleturn|p1b: Mr. Mime|move: Follow Me\n|move|p1a: Kyurem|Dragon Dance|p1a: Kyurem\n|-boost|p1a: Kyurem|atk|1\n|-boost|p1a: Kyurem|spe|1\n|move|p2a: Clefable|Cosmic Power|p2a: Clefable\n|-boost|p2a: Clefable|def|1\n|-boost|p2a: Clefable|spd|1\n|move|p2b: Porygon2|Trick Room|p2b: Porygon2\n|-fieldstart|move: Trick Room|[of] p2b: Porygon2\n|\n|upkeep\n|turn|2\n|\n|t:|1668037351\n|move|p2a: Clefable|Cosmic Power|p2a: Clefable\n|-boost|p2a: Clefable|def|1\n|-boost|p2a: Clefable|spd|1\n|move|p2b: Porygon2|Shadow Ball|p1b: Mr. Mime\n|-supereffective|p1b: Mr. Mime\n|-damage|p1b: Mr. Mime|64\/100\n|-unboost|p1b: Mr. Mime|spd|1\n|move|p1a: Kyurem|Dragon Dance|p1a: Kyurem\n|-boost|p1a: Kyurem|atk|1\n|-boost|p1a: Kyurem|spe|1\n|move|p1b: Mr. Mime|Trick Room|p1b: Mr. Mime\n|-fieldend|move: Trick Room\n|\n|upkeep\n|turn|3\n|\n|t:|1668037371\n|move|p1b: Mr. Mime|Follow Me|p1b: Mr. Mime\n|-singleturn|p1b: Mr. Mime|move: Follow Me\n|move|p2a: Clefable|Follow Me|p2a: Clefable\n|-singleturn|p2a: Clefable|move: Follow Me\n|move|p1a: Kyurem|Icicle Spear|p2a: Clefable\n|-damage|p2a: Clefable|85\/100\n|-damage|p2a: Clefable|70\/100\n|-hitcount|p2a: Clefable|2\n|move|p2b: Porygon2|Shadow Ball|p1b: Mr. Mime\n|-supereffective|p1b: Mr. Mime\n|-damage|p1b: Mr. Mime|7\/100\n|-unboost|p1b: Mr. Mime|spd|1\n|\n|-heal|p2a: Clefable|76\/100|[from] item: Leftovers\n|upkeep\n|turn|4\n|\n|t:|1668037388\n|move|p1b: Mr. Mime|Follow Me|p1b: Mr. Mime\n|-singleturn|p1b: Mr. Mime|move: Follow Me\n|move|p1a: Kyurem|Icicle Spear|p2b: Porygon2\n|-damage|p2b: Porygon2|79\/100\n|-damage|p2b: Porygon2|57\/100\n|-hitcount|p2b: Porygon2|2\n|move|p2a: Clefable|Cosmic Power|p2a: Clefable\n|-boost|p2a: Clefable|def|1\n|-boost|p2a: Clefable|spd|1\n|move|p2b: Porygon2|Trick Room|p2b: Porygon2\n|-fieldstart|move: Trick Room|[of] p2b: Porygon2\n|\n|-heal|p2a: Clefable|82\/100|[from] item: Leftovers\n|upkeep\n|turn|5\n|\n|t:|1668037405\n|move|p1b: Mr. Mime|Follow Me|p1b: Mr. Mime\n|-singleturn|p1b: Mr. Mime|move: Follow Me\n|move|p2b: Porygon2|Ice Beam|p1b: Mr. Mime\n|-damage|p1b: Mr. Mime|0 fnt\n|faint|p1b: Mr. Mime\n|move|p2a: Clefable|Life Dew|p2a: Clefable|[spread] p2a,p2b\n|-heal|p2a: Clefable|100\/100\n|-heal|p2b: Porygon2|82\/100\n|move|p1a: Kyurem|Fusion Bolt|p2a: Clefable\n|-damage|p2a: Clefable|69\/100\n|\n|-heal|p2a: Clefable|75\/100|[from] item: Leftovers\n|upkeep\n|inactive|Immagamer has 120 seconds left.\n|\n|t:|1668037427\n|switch|p1b: Zeraora|Zeraora|100\/100\n|turn|6\n|\n|t:|1668037450\n|move|p1b: Zeraora|Fake Out|p2a: Clefable\n|-damage|p2a: Clefable|72\/100\n|move|p2b: Porygon2|Shadow Ball|p1a: Kyurem\n|-damage|p1a: Kyurem|77\/100\n|cant|p2a: Clefable|flinch\n|move|p1a: Kyurem|Icicle Spear|p2a: Clefable\n|-damage|p2a: Clefable|59\/100\n|-damage|p2a: Clefable|46\/100\n|-hitcount|p2a: Clefable|2\n|\n|-heal|p2a: Clefable|53\/100|[from] item: Leftovers\n|upkeep\n|turn|7\n|\n|t:|1668037467\n|switch|p2b: Gastrodon|Gastrodon, L99, M|100\/100\n|move|p2a: Clefable|Cosmic Power|p2a: Clefable\n|-boost|p2a: Clefable|def|1\n|-boost|p2a: Clefable|spd|1\n|move|p1b: Zeraora|Coaching|p1a: Kyurem\n|-boost|p1a: Kyurem|atk|1\n|-boost|p1a: Kyurem|def|1\n|move|p1a: Kyurem|Dragon Dance|p1a: Kyurem\n|-boost|p1a: Kyurem|atk|1\n|-boost|p1a: Kyurem|spe|1\n|\n|-heal|p2a: Clefable|59\/100|[from] item: Leftovers\n|upkeep\n|turn|8\n|\n|t:|1668037482\n|move|p1b: Zeraora|Protect|p1b: Zeraora\n|-singleturn|p1b: Zeraora|Protect\n|move|p1a: Kyurem|Protect|p1a: Kyurem\n|-singleturn|p1a: Kyurem|Protect\n|move|p2b: Gastrodon|Ancient Power|p1a: Kyurem\n|-activate|p1a: Kyurem|move: Protect\n|move|p2a: Clefable|Cosmic Power|p2a: Clefable\n|-boost|p2a: Clefable|def|1\n|-boost|p2a: Clefable|spd|1\n|\n|-heal|p2a: Clefable|65\/100|[from] item: Leftovers\n|-fieldend|move: Trick Room\n|upkeep\n|turn|9\n|\n|t:|1668037497\n|move|p1a: Kyurem|Icicle Spear|p2a: Clefable\n|-damage|p2a: Clefable|52\/100\n|-damage|p2a: Clefable|38\/100\n|-hitcount|p2a: Clefable|2\n|move|p1b: Zeraora|Coaching|p1a: Kyurem\n|-boost|p1a: Kyurem|atk|1\n|-boost|p1a: Kyurem|def|1\n|move|p2a: Clefable|Cosmic Power|p2a: Clefable\n|-boost|p2a: Clefable|def|1\n|-boost|p2a: Clefable|spd|1\n|move|p2b: Gastrodon|Ancient Power|p1a: Kyurem\n|-supereffective|p1a: Kyurem\n|-damage|p1a: Kyurem|41\/100\n|-enditem|p1a: Kyurem|Weakness Policy\n|-boost|p1a: Kyurem|atk|1|[from] item: Weakness Policy\n|-boost|p1a: Kyurem|spa|2|[from] item: Weakness Policy\n|\n|-heal|p2a: Clefable|45\/100|[from] item: Leftovers\n|upkeep\n|turn|10\n|\n|t:|1668037524\n|switch|p1b: Clefairy|Clefairy, M|100\/100\n|move|p1a: Kyurem|Protect|p1a: Kyurem\n|-singleturn|p1a: Kyurem|Protect\n|move|p2a: Clefable|Baton Pass|p2a: Clefable\n|\n|t:|1668037529\n|switch|p2a: Dusclops|Dusclops, L99, F|100\/100|[from]move: Baton Pass\n|-item|p1b: Clefairy|Focus Sash|[from] ability: Frisk|[of] p2a: Dusclops|[identify]\n|move|p2b: Gastrodon|Ancient Power|p1a: Kyurem\n|-activate|p1a: Kyurem|move: Protect\n|\n|upkeep\n|turn|11\n|\n|t:|1668037555\n|move|p1b: Clefairy|Helping Hand|p1a: Kyurem\n|-singleturn|p1a: Kyurem|Helping Hand|[of] p1b: Clefairy\n|move|p1a: Kyurem|Icicle Spear|p2a: Dusclops\n|-damage|p2a: Dusclops|86\/100\n|-damage|p2a: Dusclops|71\/100\n|-damage|p2a: Dusclops|57\/100\n|-damage|p2a: Dusclops|41\/100\n|-damage|p2a: Dusclops|27\/100\n|-hitcount|p2a: Dusclops|5\n|move|p2b: Gastrodon|Ancient Power|p1a: Kyurem\n|-supereffective|p1a: Kyurem\n|-damage|p1a: Kyurem|17\/100\n|move|p2a: Dusclops|Taunt|p1b: Clefairy\n|-start|p1b: Clefairy|move: Taunt\n|\n|upkeep\n|turn|12\n|\n|t:|1668037580\n|switch|p1b: Riolu|Riolu, F|100\/100\n|move|p1a: Kyurem|Protect|p1a: Kyurem\n|-singleturn|p1a: Kyurem|Protect\n|move|p2a: Dusclops|Ally Switch|p2a: Dusclops\n|swap|p2a: Dusclops|1|[from] move: Ally Switch\n|move|p2a: Gastrodon|Ancient Power|p1a: Kyurem\n|-activate|p1a: Kyurem|move: Protect\n|\n|upkeep\n|turn|13\n|\n|t:|1668037593\n|move|p1b: Riolu|Follow Me|p1b: Riolu\n|-singleturn|p1b: Riolu|move: Follow Me\n|move|p1a: Kyurem|Icicle Spear|p2b: Dusclops\n|-damage|p2b: Dusclops|17\/100\n|-damage|p2b: Dusclops|7\/100\n|-hitcount|p2b: Dusclops|2\n|move|p2a: Gastrodon|Ancient Power|p1b: Riolu\n|-resisted|p1b: Riolu\n|-damage|p1b: Riolu|81\/100\n|move|p2b: Dusclops|Taunt|p1b: Riolu\n|-start|p1b: Riolu|move: Taunt\n|\n|upkeep\n|turn|14\n|\n|t:|1668037616\n|switch|p1b: Clefairy|Clefairy, M|100\/100\n|move|p1a: Kyurem|Protect|p1a: Kyurem\n|-singleturn|p1a: Kyurem|Protect\n|move|p2a: Gastrodon|Ancient Power|p1a: Kyurem\n|-activate|p1a: Kyurem|move: Protect\n|move|p2b: Dusclops|Trick Room|p2b: Dusclops\n|-fieldstart|move: Trick Room|[of] p2b: Dusclops\n|\n|upkeep\n|turn|15\n|\n|t:|1668037634\n|move|p1b: Clefairy|Follow Me|p1b: Clefairy\n|-singleturn|p1b: Clefairy|move: Follow Me\n|move|p2b: Dusclops|Toxic|p1b: Clefairy\n|-status|p1b: Clefairy|tox\n|move|p2a: Gastrodon|Ancient Power|p1b: Clefairy\n|-damage|p1b: Clefairy|77\/100 tox\n|move|p1a: Kyurem|Icicle Spear|p2b: Dusclops\n|-damage|p2b: Dusclops|0 fnt\n|faint|p2b: Dusclops\n|-hitcount|p2: Dusclops|1\n|\n|-damage|p1b: Clefairy|71\/100 tox|[from] psn\n|upkeep\n|\n|t:|1668037646\n|switch|p2b: Incineroar|Incineroar, L99, F|100\/100\n|-ability|p2b: Incineroar|Intimidate|boost\n|-unboost|p1a: Kyurem|atk|1\n|-unboost|p1b: Clefairy|atk|1\n|turn|16\n|\n|t:|1668037655\n|move|p1b: Clefairy|Protect|p1b: Clefairy\n|-singleturn|p1b: Clefairy|Protect\n|move|p1a: Kyurem|Protect|p1a: Kyurem\n|-singleturn|p1a: Kyurem|Protect\n|move|p2a: Gastrodon|Clear Smog|p1b: Clefairy\n|-activate|p1b: Clefairy|move: Protect\n|move|p2b: Incineroar|Brick Break|p1a: Kyurem\n|-activate|p1a: Kyurem|move: Protect\n|\n|-damage|p1b: Clefairy|58\/100 tox|[from] psn\n|upkeep\n|turn|17\n|\n|t:|1668037675\n|move|p1b: Clefairy|Follow Me|p1b: Clefairy\n|-singleturn|p1b: Clefairy|move: Follow Me\n|move|p2a: Gastrodon|Clear Smog|p1b: Clefairy\n|-supereffective|p1b: Clefairy\n|-damage|p1b: Clefairy|19\/100 tox\n|-clearboost|p1b: Clefairy\n|move|p2b: Incineroar|Brick Break|p1b: Clefairy\n|-resisted|p1b: Clefairy\n|-damage|p1b: Clefairy|5\/100 tox\n|move|p1a: Kyurem|Fusion Bolt|p2b: Incineroar\n|-damage|p2b: Incineroar|0 fnt\n|faint|p2b: Incineroar\n|\n|-damage|p1b: Clefairy|0 fnt|[from] psn\n|faint|p1b: Clefairy\n|upkeep\n|\n|t:|1668037701\n|switch|p1b: Riolu|Riolu, F|81\/100\n|switch|p2b: Porygon2|Porygon2, L99, shiny|82\/100\n|-ability|p2b: Porygon2|Download|boost\n|-boost|p2b: Porygon2|spa|1\n|turn|18\n|\n|t:|1668037717\n|move|p1b: Riolu|Protect|p1b: Riolu\n|-singleturn|p1b: Riolu|Protect\n|move|p1a: Kyurem|Protect|p1a: Kyurem\n|-singleturn|p1a: Kyurem|Protect\n|move|p2a: Gastrodon|Scald|p1b: Riolu\n|-activate|p1b: Riolu|move: Protect\n|move|p2b: Porygon2|Thunderbolt|p1b: Riolu\n|-activate|p1b: Riolu|move: Protect\n|\n|-fieldend|move: Trick Room\n|upkeep\n|turn|19\n|\n|t:|1668037732\n|move|p1b: Riolu|Follow Me|p1b: Riolu\n|-singleturn|p1b: Riolu|move: Follow Me\n|move|p1a: Kyurem|Fusion Bolt|p2b: Porygon2\n|-damage|p2b: Porygon2|0 fnt\n|faint|p2b: Porygon2\n|move|p2a: Gastrodon|Clear Smog|p1b: Riolu\n|-damage|p1b: Riolu|45\/100\n|-clearboost|p1b: Riolu\n|\n|upkeep\n|\n|t:|1668037742\n|switch|p2b: Clefable|Clefable, L99, F|45\/100\n|turn|20\n|\n|t:|1668037749\n|move|p1b: Riolu|Follow Me|p1b: Riolu\n|-singleturn|p1b: Riolu|move: Follow Me\n|move|p2b: Clefable|Follow Me|p2b: Clefable\n|-singleturn|p2b: Clefable|move: Follow Me\n|move|p1a: Kyurem|Fusion Bolt|p2b: Clefable\n|-damage|p2b: Clefable|0 fnt\n|faint|p2b: Clefable\n|move|p2a: Gastrodon|Clear Smog|p1b: Riolu\n|-damage|p1b: Riolu|8\/100\n|-clearboost|p1b: Riolu\n|\n|upkeep\n|\n|t:|1668037759\n|switch|p2b: Trick room queen|Hatterene, L99, F|100\/100\n|turn|21\n|\n|t:|1668037765\n|move|p1b: Riolu|Follow Me|p1b: Riolu\n|-singleturn|p1b: Riolu|move: Follow Me\n|move|p1a: Kyurem|Icicle Spear|p2b: Trick room queen\n|-damage|p2b: Trick room queen|41\/100\n|-damage|p2b: Trick room queen|0 fnt\n|faint|p2b: Trick room queen\n|-hitcount|p2: Trick room queen|2\n|move|p2a: Gastrodon|Scald|p1b: Riolu\n|-damage|p1b: Riolu|0 fnt\n|faint|p1b: Riolu\n|\n|upkeep\n|-message|Va1eria! forfeited.\n|\n|win|Immagamer\n|raw|Immagamer's rating: 1365 &rarr; <strong>1379<\/strong><br \/>(+14 for winning)\n|raw|Va1eria!'s rating: 1264 &rarr; <strong>1246<\/strong><br \/>(-18 for losing)\n|l|\u2606Va1eria!\n","uploadtime":1668037776,"views":3,"p1id":"immagamer","p2id":"va1eria","formatid":"gen8doublesou","rating":1246,"private":0,"password":null}