{"id":"gen8ou-1378854693","p1":"awer555","p2":"cump2","format":"gen8ou","log":"|j|\u2606awer555\n|j|\u2606cump2\n|t:|1626543102\n|gametype|singles\n|player|p1|awer555|veteran|1324\n|player|p2|cump2|volkner|1392\n|teamsize|p1|6\n|teamsize|p2|6\n|gen|8\n|tier|[Gen 8] OU\n|rated|\n|rule|Sleep Clause Mod: Limit one foe put to sleep\n|rule|Species Clause: Limit one of each Pok\u00e9mon\n|rule|OHKO Clause: OHKO moves are banned\n|rule|Evasion Moves Clause: Evasion moves are banned\n|rule|Endless Battle Clause: Forcing endless battles is banned\n|rule|HP Percentage Mod: HP is shown in percentages\n|rule|Dynamax Clause: You cannot dynamax\n|clearpoke\n|poke|p1|Hitmontop, M|\n|poke|p1|Tapu Koko|\n|poke|p1|Kartana|\n|poke|p1|Corviknight, M|\n|poke|p1|Latios, M|\n|poke|p1|Chansey, F|\n|poke|p2|Mew|\n|poke|p2|Weavile, M|\n|poke|p2|Tapu Lele|\n|poke|p2|Hawlucha, F|\n|poke|p2|Volcarona, F|\n|poke|p2|Landorus-Therian, M|\n|teampreview\n|\n|t:|1626543123\n|start\n|switch|p1a: Tapu Koko|Tapu Koko|100\/100\n|switch|p2a: Mew|Mew, shiny|100\/100\n|-fieldstart|move: Electric Terrain|[from] ability: Electric Surge|[of] p1a: Tapu Koko\n|turn|1\n|\n|t:|1626543130\n|move|p1a: Tapu Koko|Dazzling Gleam|p2a: Mew\n|-damage|p2a: Mew|57\/100\n|-enditem|p2a: Mew|Red Card|[of] p1a: Tapu Koko\n|drag|p1a: Hitmontop|Hitmontop, M|100\/100\n|move|p2a: Mew|Stealth Rock|p1a: Hitmontop\n|-sidestart|p1: awer555|move: Stealth Rock\n|\n|upkeep\n|turn|2\n|\n|t:|1626543142\n|switch|p2a: Tapu Lele|Tapu Lele, shiny|100\/100\n|-fieldstart|move: Psychic Terrain|[from] ability: Psychic Surge|[of] p2a: Tapu Lele\n|move|p1a: Hitmontop|Rapid Spin|p2a: Tapu Lele\n|-damage|p2a: Tapu Lele|62\/100\n|-boost|p1a: Hitmontop|spe|1\n|-sideend|p1: awer555|Stealth Rock|[from] move: Rapid Spin|[of] p1a: Hitmontop\n|\n|upkeep\n|turn|3\n|\n|t:|1626543160\n|move|p1a: Hitmontop|Triple Axel|p2a: Tapu Lele\n|-damage|p2a: Tapu Lele|48\/100\n|-damage|p2a: Tapu Lele|18\/100\n|-damage|p2a: Tapu Lele|0 fnt\n|faint|p2a: Tapu Lele\n|-hitcount|p2: Tapu Lele|3\n|\n|upkeep\n|\n|t:|1626543166\n|switch|p2a: Landorus|Landorus-Therian, M|100\/100\n|-ability|p2a: Landorus|Intimidate|boost\n|-unboost|p1a: Hitmontop|atk|1\n|turn|4\n|\n|t:|1626543174\n|switch|p1a: Latios|Latios, M|100\/100\n|move|p2a: Landorus|U-turn|p1a: Latios\n|-supereffective|p1a: Latios\n|-damage|p1a: Latios|25\/100\n|\n|t:|1626543181\n|switch|p2a: Weavile|Weavile, M|100\/100|[from]move: U-turn\n|-ability|p2a: Weavile|Pressure\n|\n|upkeep\n|turn|5\n|\n|t:|1626543186\n|move|p2a: Weavile|Knock Off|p1a: Latios\n|-supereffective|p1a: Latios\n|-damage|p1a: Latios|0 fnt\n|-enditem|p1a: Latios|Life Orb|[from] move: Knock Off|[of] p2a: Weavile\n|faint|p1a: Latios\n|\n|upkeep\n|\n|t:|1626543192\n|switch|p1a: Tapu Koko|Tapu Koko|100\/100\n|-fieldstart|move: Electric Terrain|[from] ability: Electric Surge|[of] p1a: Tapu Koko\n|turn|6\n|\n|t:|1626543198\n|switch|p2a: Landorus|Landorus-Therian, M|100\/100\n|-ability|p2a: Landorus|Intimidate|boost\n|-unboost|p1a: Tapu Koko|atk|1\n|move|p1a: Tapu Koko|Dazzling Gleam|p2a: Landorus\n|-damage|p2a: Landorus|31\/100\n|\n|upkeep\n|turn|7\n|\n|t:|1626543217\n|switch|p1a: Corviknight|Corviknight, M, shiny|100\/100\n|-ability|p1a: Corviknight|Pressure\n|move|p2a: Landorus|U-turn|p1a: Corviknight\n|-resisted|p1a: Corviknight\n|-damage|p1a: Corviknight|95\/100\n|\n|t:|1626543224\n|switch|p2a: Volcarona|Volcarona, F|100\/100|[from]move: U-turn\n|\n|-heal|p1a: Corviknight|100\/100|[from] item: Leftovers\n|upkeep\n|turn|8\n|\n|t:|1626543232\n|switch|p2a: Mew|Mew, shiny|57\/100\n|move|p1a: Corviknight|Brave Bird|p2a: Mew\n|-damage|p2a: Mew|26\/100\n|-damage|p1a: Corviknight|90\/100|[from] Recoil\n|\n|-heal|p1a: Corviknight|96\/100|[from] item: Leftovers\n|upkeep\n|turn|9\n|\n|t:|1626543242\n|move|p2a: Mew|Stealth Rock|p1a: Corviknight\n|-sidestart|p1: awer555|move: Stealth Rock\n|move|p1a: Corviknight|U-turn|p2a: Mew\n|-supereffective|p2a: Mew\n|-damage|p2a: Mew|2\/100\n|\n|t:|1626543245\n|switch|p1a: Hitmontop|Hitmontop, M|100\/100|[from]move: U-turn\n|\n|upkeep\n|turn|10\n|\n|t:|1626543251\n|move|p2a: Mew|Explosion|p1a: Hitmontop\n|-damage|p1a: Hitmontop|20\/100\n|faint|p2a: Mew\n|move|p1a: Hitmontop|Rapid Spin|p2: Mew|[notarget]\n|-fail|p1a: Hitmontop\n|\n|-fieldend|move: Electric Terrain\n|upkeep\n|\n|t:|1626543264\n|switch|p2a: Volcarona|Volcarona, F|100\/100\n|turn|11\n|\n|t:|1626543274\n|switch|p1a: Chansey|Chansey, F|100\/100\n|-damage|p1a: Chansey|88\/100|[from] Stealth Rock\n|move|p2a: Volcarona|Quiver Dance|p2a: Volcarona\n|-boost|p2a: Volcarona|spa|1\n|-boost|p2a: Volcarona|spd|1\n|-boost|p2a: Volcarona|spe|1\n|\n|upkeep\n|turn|12\n|\n|t:|1626543284\n|move|p2a: Volcarona|Quiver Dance|p2a: Volcarona\n|-boost|p2a: Volcarona|spa|1\n|-boost|p2a: Volcarona|spd|1\n|-boost|p2a: Volcarona|spe|1\n|move|p1a: Chansey|Seismic Toss|p2a: Volcarona\n|-damage|p2a: Volcarona|68\/100\n|\n|upkeep\n|turn|13\n|\n|t:|1626543289\n|move|p2a: Volcarona|Flamethrower|p1a: Chansey\n|-damage|p1a: Chansey|58\/100\n|move|p1a: Chansey|Stealth Rock|p2a: Volcarona\n|-sidestart|p2: cump2|move: Stealth Rock\n|\n|upkeep\n|turn|14\n|\n|t:|1626543293\n|move|p2a: Volcarona|Flamethrower|p1a: Chansey\n|-crit|p1a: Chansey\n|-damage|p1a: Chansey|13\/100\n|move|p1a: Chansey|Soft-Boiled|p1a: Chansey\n|-heal|p1a: Chansey|64\/100\n|\n|upkeep\n|turn|15\n|\n|t:|1626543296\n|move|p2a: Volcarona|Flamethrower|p1a: Chansey\n|-damage|p1a: Chansey|32\/100\n|move|p1a: Chansey|Soft-Boiled|p1a: Chansey\n|-heal|p1a: Chansey|82\/100\n|\n|upkeep\n|turn|16\n|\n|t:|1626543299\n|move|p2a: Volcarona|Flamethrower|p1a: Chansey\n|-damage|p1a: Chansey|55\/100\n|move|p1a: Chansey|Seismic Toss|p2a: Volcarona\n|-damage|p2a: Volcarona|36\/100\n|\n|upkeep\n|turn|17\n|\n|t:|1626543306\n|move|p2a: Volcarona|Psychic|p1a: Chansey\n|-damage|p1a: Chansey|35\/100\n|move|p1a: Chansey|Seismic Toss|p2a: Volcarona\n|-damage|p2a: Volcarona|4\/100\n|\n|upkeep\n|turn|18\n|\n|t:|1626543310\n|move|p2a: Volcarona|Giga Drain|p1a: Chansey\n|-damage|p1a: Chansey|19\/100\n|-heal|p2a: Volcarona|22\/100|[from] drain|[of] p1a: Chansey\n|move|p1a: Chansey|Soft-Boiled|p1a: Chansey\n|-heal|p1a: Chansey|69\/100\n|\n|upkeep\n|turn|19\n|\n|t:|1626543314\n|move|p2a: Volcarona|Giga Drain|p1a: Chansey\n|-damage|p1a: Chansey|52\/100\n|-heal|p2a: Volcarona|41\/100|[from] drain|[of] p1a: Chansey\n|move|p1a: Chansey|Seismic Toss|p2a: Volcarona\n|-damage|p2a: Volcarona|9\/100\n|\n|upkeep\n|turn|20\n|\n|t:|1626543317\n|move|p2a: Volcarona|Psychic|p1a: Chansey\n|-damage|p1a: Chansey|33\/100\n|move|p1a: Chansey|Seismic Toss|p2a: Volcarona\n|-damage|p2a: Volcarona|0 fnt\n|-status|p1a: Chansey|brn|[from] ability: Flame Body|[of] p2a: Volcarona\n|faint|p2a: Volcarona\n|\n|-damage|p1a: Chansey|27\/100 brn|[from] brn\n|upkeep\n|\n|t:|1626543323\n|switch|p2a: Weavile|Weavile, M|100\/100\n|-ability|p2a: Weavile|Pressure\n|turn|21\n|-message|cump2 forfeited.\n|\n|win|awer555\n|l|\u2606cump2\n|raw|awer555's rating: 1324 &rarr; <strong>1348<\/strong><br \/>(+24 for winning)\n|raw|cump2's rating: 1393 &rarr; <strong>1369<\/strong><br \/>(-24 for losing)\n||Ladder isn't responding, score probably updated but might not have (Request timeout).\n","uploadtime":1626543331,"views":15,"p1id":"awer555","p2id":"cump2","formatid":"gen8ou","rating":1348,"private":0,"password":null}