{"id":"gen8ou-1248258129","p1":"Omari P","p2":"Contorted Lies","format":"gen8ou","log":"|j|\u2606Omari P\n|j|\u2606Contorted Lies\n|t:|1608617615\n|player|p1|Omari P|pokemonrangerf|1859\n|player|p2|Contorted Lies|266|1898\n|teamsize|p1|6\n|teamsize|p2|6\n|gametype|singles\n|gen|8\n|tier|[Gen 8] OU\n|rated|\n|clearpoke\n|poke|p1|Volcanion|\n|poke|p1|Victini|\n|poke|p1|Moltres|\n|poke|p1|Torkoal, M|\n|poke|p1|Cinderace, M|\n|poke|p1|Heatran, M|\n|poke|p2|Nidoking, M|\n|poke|p2|Kartana|\n|poke|p2|Slowking-Galar, M|\n|poke|p2|Landorus-Therian, M|\n|poke|p2|Clefable, M|\n|poke|p2|Hydreigon, M|\n|rule|Sleep Clause Mod: Limit one foe put to sleep\n|rule|Species Clause: Limit one of each Pok\u00e9mon\n|rule|OHKO Clause: OHKO moves are banned\n|rule|Evasion Moves Clause: Evasion moves are banned\n|rule|Endless Battle Clause: Forcing endless battles is banned\n|rule|HP Percentage Mod: HP is shown in percentages\n|rule|Dynamax Clause: You cannot dynamax\n|teampreview\n|c|\u2606Contorted Lies|Gl hf\n|j|+AM\n|j| F A Mpire\n|j| hipster garbage\n|\n|t:|1608617660\n|start\n|switch|p1a: Torkoal|Torkoal, M|100\/100\n|switch|p2a: Clefable|Clefable, M|100\/100\n|-weather|SunnyDay|[from] ability: Drought|[of] p1a: Torkoal\n|turn|1\n|j| ciux\n|j| L3K4M_NoDynamax\n|\n|t:|1608617664\n|move|p2a: Clefable|Thunder Wave|p1a: Torkoal\n|-status|p1a: Torkoal|par\n|move|p1a: Torkoal|Stealth Rock|p2a: Clefable\n|-sidestart|p2: Contorted Lies|move: Stealth Rock\n|\n|-weather|SunnyDay|[upkeep]\n|upkeep\n|turn|2\n|j| Xuxa vegana\n|inactive|Battle timer is ON: inactive players will automatically lose when time's up. (requested by Omari P)\n|c|\u2606Omari P|u fucking forreal?\n|j| gomikyu\n|c|\u2606Omari P|my guy\n|c|\u2606Omari P|I\u2019m a fucking turtle\n|c|\u2606Omari P|fuck is wrong iwth u lol\n|c|+AM|looooool\n|j| glabgobgabgalab\n|\n|t:|1608617690\n|move|p2a: Clefable|Stealth Rock|p1a: Torkoal\n|-sidestart|p1: Omari P|move: Stealth Rock\n|move|p1a: Torkoal|Fire Blast|p2a: Clefable\n|-damage|p2a: Clefable|55\/100\n|\n|-weather|SunnyDay|[upkeep]\n|-heal|p2a: Clefable|61\/100|[from] item: Leftovers\n|upkeep\n|turn|3\n|\n|t:|1608617696\n|move|p2a: Clefable|Soft-Boiled|p2a: Clefable\n|-heal|p2a: Clefable|100\/100\n|move|p1a: Torkoal|Rapid Spin|p2a: Clefable\n|-crit|p2a: Clefable\n|-damage|p2a: Clefable|91\/100\n|-boost|p1a: Torkoal|spe|1\n|-sideend|p1: Omari P|Stealth Rock|[from] move: Rapid Spin|[of] p1a: Torkoal\n|\n|-weather|SunnyDay|[upkeep]\n|-heal|p2a: Clefable|97\/100|[from] item: Leftovers\n|upkeep\n|turn|4\n|\n|t:|1608617701\n|switch|p1a: Victini|Victini|100\/100\n|move|p2a: Clefable|Stealth Rock|p1a: Victini\n|-sidestart|p1: Omari P|move: Stealth Rock\n|\n|-weather|SunnyDay|[upkeep]\n|-heal|p2a: Clefable|100\/100|[from] item: Leftovers\n|upkeep\n|turn|5\n|c| ciux|played u like a sport\n|j| unnamed-senpai\n|\n|t:|1608617717\n|move|p1a: Victini|Blue Flare|p2a: Clefable\n|-damage|p2a: Clefable|0 fnt\n|faint|p2a: Clefable\n|\n|-weather|SunnyDay|[upkeep]\n|upkeep\n|c|\u2606Omari P|holy shit\n|c|\u2606Omari P|lol\n|\n|t:|1608617728\n|switch|p2a: Kartana|Kartana|100\/100\n|-damage|p2a: Kartana|94\/100|[from] Stealth Rock\n|turn|6\n|c|+AM|beast\n|c|\u2606Omari P|I actually dont know if this kills me\n|j| TheBestBadBattler\n|c|\u2606Omari P|if it's scarf\n|c| gomikyu|are u any bulk\n|inactive|Omari P has 120 seconds left.\n|c|\u2606Omari P|doesnt matter\n|\n|t:|1608617764\n|switch|p1a: Moltres|Moltres|100\/100\n|move|p2a: Kartana|Knock Off|p1a: Moltres\n|-damage|p1a: Moltres|53\/100\n|-enditem|p1a: Moltres|Heavy-Duty Boots|[from] move: Knock Off|[of] p2a: Kartana\n|\n|-weather|SunnyDay|[upkeep]\n|upkeep\n|turn|7\n|c| gomikyu|bc i think scarfs a roll\n|inactive|Omari P has 120 seconds left.\n|\n|t:|1608617773\n|switch|p2a: Slowking|Slowking-Galar, M|100\/100\n|-damage|p2a: Slowking|88\/100|[from] Stealth Rock\n|move|p1a: Moltres|Flamethrower|p2a: Slowking\n|-damage|p2a: Slowking|57\/100\n|\n|-weather|SunnyDay|[upkeep]\n|upkeep\n|turn|8\n|\n|t:|1608617781\n|move|p1a: Moltres|Roost|p1a: Moltres\n|-heal|p1a: Moltres|100\/100\n|-singleturn|p1a: Moltres|move: Roost\n|move|p2a: Slowking|Future Sight|p1a: Moltres\n|-start|p2a: Slowking|move: Future Sight\n|\n|-weather|none\n|upkeep\n|turn|9\n|\n|t:|1608617791\n|switch|p2a: Kartana|Kartana|94\/100\n|-damage|p2a: Kartana|88\/100|[from] Stealth Rock\n|move|p1a: Moltres|Flamethrower|p2a: Kartana\n|-supereffective|p2a: Kartana\n|-damage|p2a: Kartana|0 fnt\n|faint|p2a: Kartana\n|\n|upkeep\n|c|\u2606Omari P|?\n|\n|t:|1608617793\n|switch|p2a: Hydreigon|Hydreigon, M|100\/100\n|-damage|p2a: Hydreigon|88\/100|[from] Stealth Rock\n|turn|10\n|\n|t:|1608617799\n|move|p2a: Hydreigon|Dark Pulse|p1a: Moltres\n|-damage|p1a: Moltres|51\/100\n|-damage|p2a: Hydreigon|78\/100|[from] item: Life Orb\n|move|p1a: Moltres|Toxic|p2a: Hydreigon\n|-status|p2a: Hydreigon|tox\n|\n|-end|p1a: Moltres|move: Future Sight\n|-damage|p1a: Moltres|0 fnt\n|-damage|p2a: Hydreigon|72\/100 tox|[from] psn\n|faint|p1a: Moltres\n|upkeep\n|\n|t:|1608617807\n|switch|p1a: Cinderace|Cinderace, M|100\/100\n|-damage|p1a: Cinderace|76\/100|[from] Stealth Rock\n|turn|11\n|\n|t:|1608617810\n|switch|p2a: Landorus|Landorus-Therian, M|100\/100\n|-damage|p2a: Landorus|88\/100|[from] Stealth Rock\n|-ability|p2a: Landorus|Intimidate|boost\n|-unboost|p1a: Cinderace|atk|1\n|move|p1a: Cinderace|U-turn|p2a: Landorus\n|-start|p1a: Cinderace|typechange|Bug|[from] ability: Libero\n|-resisted|p2a: Landorus\n|-damage|p2a: Landorus|74\/100\n|\n|t:|1608617816\n|switch|p1a: Torkoal|Torkoal, M|100\/100 par|[from]move: U-turn\n|-damage|p1a: Torkoal|76\/100 par|[from] Stealth Rock\n|-weather|SunnyDay|[from] ability: Drought|[of] p1a: Torkoal\n|\n|-weather|SunnyDay|[upkeep]\n|upkeep\n|turn|12\n|\n|t:|1608617818\n|switch|p1a: Heatran|Heatran, M|100\/100\n|-damage|p1a: Heatran|88\/100|[from] Stealth Rock\n|-item|p1a: Heatran|Air Balloon\n|move|p2a: Landorus|Earthquake|p1a: Heatran\n|-immune|p1a: Heatran\n|\n|-weather|SunnyDay|[upkeep]\n|upkeep\n|turn|13\n|\n|t:|1608617822\n|switch|p2a: Slowking|Slowking-Galar, M|90\/100\n|-damage|p2a: Slowking|77\/100|[from] Stealth Rock\n|move|p1a: Heatran|Magma Storm|p2a: Slowking\n|-damage|p2a: Slowking|38\/100\n|-activate|p2a: Slowking|move: Magma Storm|[of] p1a: Heatran\n|\n|-weather|SunnyDay|[upkeep]\n|-damage|p2a: Slowking|26\/100|[from] move: Magma Storm|[partiallytrapped]\n|upkeep\n|turn|14\n|j| keepinitgxe \u32db\n|c|\u2606Omari P|YES\n|\n|t:|1608617831\n|move|p1a: Heatran|Earth Power|p2a: Slowking\n|-supereffective|p2a: Slowking\n|-damage|p2a: Slowking|0 fnt\n|faint|p2a: Slowking\n|\n|-weather|SunnyDay|[upkeep]\n|upkeep\n|\n|t:|1608617840\n|switch|p2a: Nidoking|Nidoking, M|100\/100\n|-damage|p2a: Nidoking|95\/100|[from] Stealth Rock\n|turn|15\n|j| nfls\n|l| TheBestBadBattler\n|\n|t:|1608617846\n|move|p1a: Heatran|Earth Power|p2a: Nidoking\n|-supereffective|p2a: Nidoking\n|-damage|p2a: Nidoking|11\/100\n|-unboost|p2a: Nidoking|spd|1\n|move|p2a: Nidoking|Ice Beam|p1a: Heatran\n|-resisted|p1a: Heatran\n|-damage|p1a: Heatran|77\/100\n|-enditem|p1a: Heatran|Air Balloon\n|\n|-weather|SunnyDay|[upkeep]\n|upkeep\n|turn|16\n|\n|t:|1608617850\n|move|p1a: Heatran|Flash Cannon|p2a: Nidoking\n|-damage|p2a: Nidoking|0 fnt\n|faint|p2a: Nidoking\n|\n|-weather|SunnyDay|[upkeep]\n|upkeep\n|j| dont you love me\n|l| L3K4M_NoDynamax\n|\n|t:|1608617865\n|switch|p2a: Hydreigon|Hydreigon, M|72\/100 tox\n|-damage|p2a: Hydreigon|60\/100 tox|[from] Stealth Rock\n|turn|17\n|\n|t:|1608617869\n|move|p2a: Hydreigon|Earth Power|p1a: Heatran\n|-supereffective|p1a: Heatran\n|-damage|p1a: Heatran|0 fnt\n|-damage|p2a: Hydreigon|50\/100 tox|[from] item: Life Orb\n|faint|p1a: Heatran\n|\n|-weather|SunnyDay|[upkeep]\n|-damage|p2a: Hydreigon|44\/100 tox|[from] psn\n|upkeep\n|\n|t:|1608617878\n|switch|p1a: Cinderace|Cinderace, M|76\/100\n|-damage|p1a: Cinderace|51\/100|[from] Stealth Rock\n|turn|18\n|\n|t:|1608617883\n|move|p1a: Cinderace|Pyro Ball|p2a: Hydreigon\n|-resisted|p2a: Hydreigon\n|-damage|p2a: Hydreigon|0 fnt\n|faint|p2a: Hydreigon\n|\n|-weather|none\n|upkeep\n|\n|t:|1608617885\n|switch|p2a: Landorus|Landorus-Therian, M|74\/100\n|-damage|p2a: Landorus|62\/100|[from] Stealth Rock\n|-ability|p2a: Landorus|Intimidate|boost\n|-unboost|p1a: Cinderace|atk|1\n|turn|19\n|\n|t:|1608617887\n|switch|p1a: Torkoal|Torkoal, M|76\/100 par\n|-damage|p1a: Torkoal|51\/100 par|[from] Stealth Rock\n|-weather|SunnyDay|[from] ability: Drought|[of] p1a: Torkoal\n|move|p2a: Landorus|Earthquake|p1a: Torkoal\n|-supereffective|p1a: Torkoal\n|-damage|p1a: Torkoal|0 fnt\n|faint|p1a: Torkoal\n|\n|-weather|SunnyDay|[upkeep]\n|upkeep\n|\n|t:|1608617889\n|switch|p1a: Volcanion|Volcanion|100\/100\n|-damage|p1a: Volcanion|75\/100|[from] Stealth Rock\n|-item|p1a: Volcanion|Air Balloon\n|turn|20\n|c|\u2606Omari P|gg\n|c|\u2606Contorted Lies|Gg\n|-message|Contorted Lies forfeited.\n|\n|win|Omari P\n|l|\u2606Contorted Lies\n|raw|Omari P's rating: 1859 &rarr; <strong>1882<\/strong><br \/>(+23 for winning)\n|raw|Contorted Lies's rating: 1898 &rarr; <strong>1876<\/strong><br \/>(-22 for losing)\n","uploadtime":1608617912,"views":102,"p1id":"omarip","p2id":"contortedlies","formatid":"gen8ou","rating":1876,"private":0,"password":null}