{"id":"gen8anythinggoes-1678177168","p1":"AGLT5TX jushu","p2":"yokobaby","format":"gen8anythinggoes","log":"|raw|<div class=\"broadcast-blue\"><strong>This battle is required to be public due to a player having a name starting with 'aglt5tx'.<\/div>\n|j|\u2606AGLT5TX jushu\n|j|\u2606yokobaby\n|t:|1664972048\n|gametype|singles\n|player|p1|AGLT5TX jushu|170|1717\n|player|p2|yokobaby|cynthia-masters|1880\n|teamsize|p1|6\n|teamsize|p2|6\n|gen|8\n|tier|[Gen 8] Anything Goes\n|rated|\n|rule|HP Percentage Mod: HP is shown in percentages\n|rule|Endless Battle Clause: Forcing endless battles is banned\n|clearpoke\n|poke|p1|Excadrill, M|\n|poke|p1|Necrozma-Dusk-Mane|\n|poke|p1|Yveltal|\n|poke|p1|Xerneas-*|\n|poke|p1|Calyrex-Shadow|\n|poke|p1|Kyogre|\n|poke|p2|Kyogre|\n|poke|p2|Ditto|\n|poke|p2|Eternatus|\n|poke|p2|Zacian-*|\n|poke|p2|Yveltal|\n|poke|p2|Necrozma-Dusk-Mane|\n|teampreview\n|j| xFresco\n|\n|t:|1664972055\n|start\n|switch|p1a: Excadrill|Excadrill, M|100\/100\n|switch|p2a: Kyogre|Kyogre|100\/100\n|-ability|p1a: Excadrill|Mold Breaker\n|-weather|RainDance|[from] ability: Drizzle|[of] p2a: Kyogre\n|turn|1\n|\n|t:|1664972063\n|move|p1a: Excadrill|Stealth Rock|p2a: Kyogre\n|-sidestart|p2: yokobaby|move: Stealth Rock\n|move|p2a: Kyogre|Scald|p1a: Excadrill\n|-supereffective|p1a: Excadrill\n|-enditem|p1a: Excadrill|Focus Sash\n|-damage|p1a: Excadrill|1\/100\n|-status|p1a: Excadrill|brn\n|\n|-weather|RainDance|[upkeep]\n|-damage|p1a: Excadrill|0 fnt|[from] brn\n|faint|p1a: Excadrill\n|upkeep\n|c|\u2606AGLT5TX jushu|6\n|c| xFresco|unlucky\n|\n|t:|1664972072\n|switch|p1a: Calyrex|Calyrex-Shadow|100\/100\n|-ability|p1a: Calyrex|As One\n|-ability|p1a: Calyrex|Unnerve\n|turn|2\n|\n|t:|1664972077\n|switch|p2a: Yveltal|Yveltal|100\/100\n|-ability|p2a: Yveltal|Dark Aura\n|move|p1a: Calyrex|Nasty Plot|p1a: Calyrex\n|-boost|p1a: Calyrex|spa|2\n|\n|-weather|RainDance|[upkeep]\n|upkeep\n|turn|3\n|\n|t:|1664972097\n|move|p1a: Calyrex|Baton Pass|p1a: Calyrex\n|\n|t:|1664972099\n|switch|p1a: Kyogre|Kyogre|100\/100|[from]move: Baton Pass\n|move|p2a: Yveltal|Knock Off|p1a: Kyogre\n|-damage|p1a: Kyogre|37\/100\n|-enditem|p1a: Kyogre|Choice Scarf|[from] move: Knock Off|[of] p2a: Yveltal\n|\n|-weather|RainDance|[upkeep]\n|upkeep\n|turn|4\n|j| AGLT5TX agmmys\n|inactive|Battle timer is ON: inactive players will automatically lose when time's up. (requested by AGLT5TX jushu)\n|\n|t:|1664972104\n|switch|p2a: Eternatus|Eternatus|100\/100\n|-ability|p2a: Eternatus|Pressure\n|move|p1a: Kyogre|Ice Beam|p2a: Eternatus\n|-supereffective|p2a: Eternatus\n|-crit|p2a: Eternatus\n|-damage|p2a: Eternatus|0 fnt\n|faint|p2a: Eternatus\n|\n|-weather|RainDance|[upkeep]\n|upkeep\n|\n|t:|1664972109\n|switch|p2a: Zacian|Zacian-Crowned|100\/100\n|-damage|p2a: Zacian|94\/100|[from] Stealth Rock\n|-ability|p2a: Zacian|Intrepid Sword|boost\n|-boost|p2a: Zacian|atk|1\n|turn|5\n|c| xFresco|sheesh\n|\n|t:|1664972113\n|move|p2a: Zacian|Behemoth Blade|p1a: Kyogre\n|-resisted|p1a: Kyogre\n|-damage|p1a: Kyogre|0 fnt\n|faint|p1a: Kyogre\n|\n|-weather|none\n|upkeep\n|\n|t:|1664972123\n|switch|p1a: Calyrex|Calyrex-Shadow|100\/100\n|-ability|p1a: Calyrex|As One\n|-ability|p1a: Calyrex|Unnerve\n|turn|6\n|\n|t:|1664972125\n|switch|p2a: Yveltal|Yveltal|100\/100\n|-ability|p2a: Yveltal|Dark Aura\n|move|p1a: Calyrex|Nasty Plot|p1a: Calyrex\n|-boost|p1a: Calyrex|spa|2\n|\n|upkeep\n|turn|7\n|\n|t:|1664972135\n|move|p1a: Calyrex|Baton Pass|p1a: Calyrex\n|\n|t:|1664972136\n|switch|p1a: Necrozma|Necrozma-Dusk-Mane|100\/100|[from]move: Baton Pass\n|move|p2a: Yveltal|U-turn|p1a: Necrozma\n|-damage|p1a: Necrozma|80\/100\n|\n|t:|1664972140\n|switch|p2a: Kyogre|Kyogre|100\/100|[from]move: U-turn\n|-damage|p2a: Kyogre|88\/100|[from] Stealth Rock\n|-weather|RainDance|[from] ability: Drizzle|[of] p2a: Kyogre\n|\n|-weather|RainDance|[upkeep]\n|-heal|p2a: Kyogre|94\/100|[from] item: Leftovers\n|upkeep\n|turn|8\n|\n|t:|1664972164\n|move|p1a: Necrozma|Dragon Dance|p1a: Necrozma\n|-boost|p1a: Necrozma|atk|1\n|-boost|p1a: Necrozma|spe|1\n|move|p2a: Kyogre|Scald|p1a: Necrozma\n|-damage|p1a: Necrozma|24\/100\n|\n|-weather|RainDance|[upkeep]\n|-heal|p2a: Kyogre|100\/100|[from] item: Leftovers\n|upkeep\n|turn|9\n|\n|t:|1664972169\n|move|p1a: Necrozma|Earthquake|p2a: Kyogre\n|-damage|p2a: Kyogre|55\/100\n|move|p2a: Kyogre|Scald|p1a: Necrozma\n|-damage|p1a: Necrozma|0 fnt\n|faint|p1a: Necrozma\n|\n|-weather|RainDance|[upkeep]\n|-heal|p2a: Kyogre|62\/100|[from] item: Leftovers\n|upkeep\n|\n|t:|1664972183\n|switch|p1a: Calyrex|Calyrex-Shadow|100\/100\n|-ability|p1a: Calyrex|As One\n|-ability|p1a: Calyrex|Unnerve\n|turn|10\n|\n|t:|1664972187\n|switch|p2a: Yveltal|Yveltal|100\/100\n|-ability|p2a: Yveltal|Dark Aura\n|move|p1a: Calyrex|Nasty Plot|p1a: Calyrex\n|-boost|p1a: Calyrex|spa|2\n|\n|-weather|RainDance|[upkeep]\n|upkeep\n|turn|11\n|c|\u2606yokobaby|\u6a58\u9f20\u6362\u5e73\u8861\u961f\u4e86\n|c|\u2606yokobaby|\u6211\u8bf4\u8fc7\n|c|\u2606yokobaby|\u8fde\u8d25\u6362\u5e73\u8861\n|c| xFresco|damn\n|\n|t:|1664972216\n|move|p1a: Calyrex|Baton Pass|p1a: Calyrex\n|c| xFresco|hes going nuts\n|\n|t:|1664972217\n|switch|p1a: Yveltal|Yveltal|100\/100|[from]move: Baton Pass\n|-ability|p1a: Yveltal|Dark Aura\n|move|p2a: Yveltal|U-turn|p1a: Yveltal\n|-damage|p1a: Yveltal|75\/100\n|\n|t:|1664972223\n|switch|p2a: Zacian|Zacian-Crowned|94\/100|[from]move: U-turn\n|-damage|p2a: Zacian|88\/100|[from] Stealth Rock\n|-ability|p2a: Zacian|Intrepid Sword|boost\n|-boost|p2a: Zacian|atk|1\n|\n|-weather|none\n|upkeep\n|turn|12\n|l| xFresco\n|\n|t:|1664972239\n|-start|p1a: Yveltal|Dynamax|\n|-heal|p1a: Yveltal|75\/100|[silent]\n|move|p2a: Zacian|Behemoth Blade|p1a: Yveltal\n|-damage|p1a: Yveltal|0 fnt\n|faint|p1a: Yveltal\n|\n|upkeep\n|-message|AGLT5TX jushu forfeited.\n|\n|win|yokobaby\n|raw|AGLT5TX jushu's rating: 1737 &rarr; <strong>1725<\/strong><br \/>(-12 for losing)\n|raw|yokobaby's rating: 1880 &rarr; <strong>1892<\/strong><br \/>(+12 for winning)\n|c|\u2606yokobaby|\u6362\u961f\n|c|\u2606yokobaby|\u5e73\u8861\n||Ladder isn't responding, score probably updated but might not have (Request timeout).\n|l| AGLT5TX agmmys\n|j| AGLT5TX agmmys\n|l| AGLT5TX agmmys\n","uploadtime":1664973388,"views":10,"p1id":"aglt5txjushu","p2id":"yokobaby","formatid":"gen8anythinggoes","rating":1725,"private":0,"password":null}