{"id":"gen8nationaldexag-1568285169","p1":"Pain_THoK","p2":"Rediyu","format":"gen8nationaldexag","log":"|j|\u2606Pain_THoK\n|j|\u2606Rediyu\n|t:|1651763599\n|gametype|singles\n|player|p1|Pain_THoK|rosa|\n|player|p2|Rediyu|guitarist|\n|teamsize|p1|6\n|teamsize|p2|6\n|gen|8\n|tier|[Gen 8] National Dex AG\n|rule|HP Percentage Mod: HP is shown in percentages\n|rule|Endless Battle Clause: Forcing endless battles is banned\n|clearpoke\n|poke|p1|Tapu Fini|\n|poke|p1|Arcanine, F|\n|poke|p1|Muk-Alola, M|\n|poke|p1|Lopunny, F|\n|poke|p1|Drifblim, F|\n|poke|p1|Hitmonlee, M|\n|poke|p2|Rotom-Heat|\n|poke|p2|Weavile, F|\n|poke|p2|Swampert, F|\n|poke|p2|Latias, F|\n|poke|p2|Diancie|\n|poke|p2|Escavalier, M|\n|teampreview\n|c|\u2606Rediyu|gl hf\n|c|\u2606Pain_THoK|u2\n|\n|t:|1651763740\n|start\n|switch|p1a: Sowon|Lopunny, F, shiny|100\/100\n|switch|p2a: Peony|Diancie|100\/100\n|turn|1\n|\n|t:|1651763779\n|detailschange|p1a: Sowon|Lopunny-Mega, F, shiny\n|-mega|p1a: Sowon|Lopunny|Lopunnite\n|move|p1a: Sowon|Fake Out|p2a: Peony\n|-resisted|p2a: Peony\n|-damage|p2a: Peony|91\/100\n|cant|p2a: Peony|flinch\n|\n|upkeep\n|turn|2\n|\n|t:|1651763790\n|switch|p1a: NCT|Muk-Alola, M|100\/100\n|move|p2a: Peony|Moonblast|p1a: NCT\n|-damage|p1a: NCT|72\/100\n|-unboost|p1a: NCT|spa|1\n|\n|upkeep\n|turn|3\n|\n|t:|1651763846\n|switch|p2a: Mudan|Swampert, F|100\/100\n|move|p1a: NCT|Knock Off|p2a: Mudan\n|-damage|p2a: Mudan|65\/100\n|-enditem|p2a: Mudan|Bluk Berry|[from] move: Knock Off|[of] p1a: NCT\n|\n|upkeep\n|turn|4\n|\n|t:|1651763860\n|switch|p1a: Yena|Drifblim, F, shiny|100\/100\n|move|p2a: Mudan|Stealth Rock|p1a: Yena\n|-sidestart|p1: Pain_THoK|move: Stealth Rock\n|\n|upkeep\n|turn|5\n|\n|t:|1651763928\n|switch|p2a: Peony|Diancie|91\/100\n|move|p1a: Yena|Phantom Force||[still]\n|-prepare|p1a: Yena|Phantom Force\n|\n|upkeep\n|turn|6\n|\n|t:|1651763945\n|move|p1a: Yena|Phantom Force|p2a: Peony|[from]lockedmove\n|-damage|p2a: Peony|61\/100\n|move|p2a: Peony|Power Gem|p1a: Yena\n|-supereffective|p1a: Yena\n|-damage|p1a: Yena|17\/100\n|\n|upkeep\n|turn|7\n|\n|t:|1651763966\n|switch|p1a: Eunha|Tapu Fini, shiny|100\/100\n|-damage|p1a: Eunha|88\/100|[from] Stealth Rock\n|-fieldstart|move: Misty Terrain|[from] ability: Misty Surge|[of] p1a: Eunha\n|move|p2a: Peony|Moonblast|p1a: Eunha\n|-damage|p1a: Eunha|52\/100\n|\n|-heal|p1a: Eunha|58\/100|[from] item: Leftovers\n|upkeep\n|turn|8\n|\n|t:|1651763976\n|switch|p2a: Streuna|Escavalier, M, shiny|100\/100\n|move|p1a: Eunha|Calm Mind|p1a: Eunha\n|-boost|p1a: Eunha|spa|1\n|-boost|p1a: Eunha|spd|1\n|\n|-heal|p1a: Eunha|64\/100|[from] item: Leftovers\n|upkeep\n|turn|9\n|\n|t:|1651763993\n|switch|p1a: YooA|Arcanine, F|100\/100\n|-damage|p1a: YooA|76\/100|[from] Stealth Rock\n|-ability|p1a: YooA|Intimidate|boost\n|-unboost|p2a: Streuna|atk|1\n|move|p2a: Streuna|Iron Head|p1a: YooA\n|-resisted|p1a: YooA\n|-damage|p1a: YooA|55\/100\n|\n|upkeep\n|turn|10\n|\n|t:|1651764011\n|switch|p2a: Mudan|Swampert, F|65\/100\n|move|p1a: YooA|Burn Up|p2a: Mudan\n|-resisted|p2a: Mudan\n|-damage|p2a: Mudan|39\/100\n|-start|p1a: YooA|typechange|???|[from] move: Burn Up\n|\n|upkeep\n|turn|11\n|\n|t:|1651764081\n|switch|p1a: Eunha|Tapu Fini, shiny|64\/100\n|-damage|p1a: Eunha|52\/100|[from] Stealth Rock\n|move|p2a: Mudan|Earthquake|p1a: Eunha\n|-damage|p1a: Eunha|17\/100\n|\n|-heal|p1a: Eunha|23\/100|[from] item: Leftovers\n|-fieldend|Misty Terrain\n|upkeep\n|turn|12\n|\n|t:|1651764094\n|move|p1a: Eunha|Defog|p2a: Mudan\n|-unboost|p2a: Mudan|evasion|1\n|-sideend|p1: Pain_THoK|Stealth Rock|[from] move: Defog|[of] p1a: Eunha\n|move|p2a: Mudan|Earthquake|p1a: Eunha\n|-damage|p1a: Eunha|0 fnt\n|faint|p1a: Eunha\n|\n|upkeep\n|\n|t:|1651764120\n|switch|p1a: Sowon|Lopunny-Mega, F, shiny|100\/100\n|turn|13\n|\n|t:|1651764180\n|switch|p2a: Peony|Diancie|61\/100\n|move|p1a: Sowon|Close Combat|p2a: Peony\n|-damage|p2a: Peony|8\/100\n|-unboost|p1a: Sowon|def|1\n|-unboost|p1a: Sowon|spd|1\n|\n|upkeep\n|turn|14\n|-enditem|p2a: Peony|Custap Berry|[eat]\n|-activate|p2a: Peony|item: Custap Berry|[consumed]\n|\n|t:|1651764199\n|move|p2a: Peony|Moonblast|p1a: Sowon\n|-supereffective|p1a: Sowon\n|-damage|p1a: Sowon|0 fnt\n|faint|p1a: Sowon\n|\n|upkeep\n|\n|t:|1651764217\n|switch|p1a: NCT|Muk-Alola, M|72\/100\n|turn|15\n|\n|t:|1651764243\n|move|p1a: NCT|Knock Off|p2a: Peony\n|-resisted|p2a: Peony\n|-damage|p2a: Peony|0 fnt\n|faint|p2a: Peony\n|\n|upkeep\n|\n|t:|1651764257\n|switch|p2a: Mudan|Swampert, F|39\/100\n|turn|16\n|\n|t:|1651764278\n|move|p2a: Mudan|Stealth Rock|p1a: NCT\n|-sidestart|p1: Pain_THoK|move: Stealth Rock\n|move|p1a: NCT|Curse|p1a: NCT\n|-unboost|p1a: NCT|spe|1\n|-boost|p1a: NCT|atk|1\n|-boost|p1a: NCT|def|1\n|\n|upkeep\n|turn|17\n|\n|t:|1651764284\n|move|p2a: Mudan|Earthquake|p1a: NCT\n|-supereffective|p1a: NCT\n|-damage|p1a: NCT|0 fnt\n|faint|p1a: NCT\n|\n|upkeep\n|\n|t:|1651764290\n|switch|p1a: T.O.P|Hitmonlee, M|100\/100\n|-damage|p1a: T.O.P|94\/100|[from] Stealth Rock\n|turn|18\n|\n|t:|1651764305\n|move|p1a: T.O.P|Close Combat|p2a: Mudan\n|-damage|p2a: Mudan|0 fnt\n|-unboost|p1a: T.O.P|def|1\n|-unboost|p1a: T.O.P|spd|1\n|faint|p2a: Mudan\n|\n|upkeep\n|\n|t:|1651764311\n|switch|p2a: Cyclamen|Latias, F|100\/100\n|turn|19\n|\n|t:|1651764315\n|detailschange|p2a: Cyclamen|Latias-Mega, F\n|-mega|p2a: Cyclamen|Latias|Latiasite\n|move|p2a: Cyclamen|Psychic|p1a: T.O.P\n|-supereffective|p1a: T.O.P\n|-damage|p1a: T.O.P|0 fnt\n|faint|p1a: T.O.P\n|\n|upkeep\n|\n|t:|1651764322\n|switch|p1a: Yena|Drifblim, F, shiny|17\/100\n|-damage|p1a: Yena|0 fnt|[from] Stealth Rock\n|faint|p1a: Yena\n|\n|t:|1651764325\n|switch|p1a: YooA|Arcanine, F|55\/100\n|-damage|p1a: YooA|30\/100|[from] Stealth Rock\n|-ability|p1a: YooA|Intimidate|boost\n|-unboost|p2a: Cyclamen|atk|1\n|turn|20\n|\n|t:|1651764331\n|move|p2a: Cyclamen|Psychic|p1a: YooA\n|-damage|p1a: YooA|0 fnt\n|faint|p1a: YooA\n|\n|win|Rediyu\n|c|\u2606Rediyu|gg\n|c|\u2606Pain_THoK|gg\n","uploadtime":1651764352,"views":23,"p1id":"painthok","p2id":"rediyu","formatid":"gen8nationaldexag","rating":0,"private":0,"password":null}