{"id":"gen8ou-1662866192","p1":"minimax_ai","p2":"Diameter\u272fXtreme","format":"gen8ou","log":"|j|\u2606minimax_ai\n|j|\u2606Diameter\u272fXtreme\n|t:|1663031847\n|gametype|singles\n|player|p1|minimax_ai|lusamine-nihilego|1550\n|player|p2|Diameter\u272fXtreme|twins-gen4|1598\n|teamsize|p1|6\n|teamsize|p2|6\n|gen|8\n|tier|[Gen 8] OU\n|rated|\n|rule|Sleep Clause Mod: Limit one foe put to sleep\n|rule|Species Clause: Limit one of each Pok\u00e9mon\n|rule|OHKO Clause: OHKO moves are banned\n|rule|Evasion Items Clause: Evasion items are banned\n|rule|Evasion Moves Clause: Evasion moves are banned\n|rule|Endless Battle Clause: Forcing endless battles is banned\n|rule|HP Percentage Mod: HP is shown in percentages\n|rule|Dynamax Clause: You cannot dynamax\n|clearpoke\n|poke|p1|Rotom-Wash|\n|poke|p1|Weavile, F|\n|poke|p1|Landorus-Therian, M|\n|poke|p1|Heatran, M|\n|poke|p1|Tangrowth, M|\n|poke|p1|Melmetal|\n|poke|p2|Melmetal|\n|poke|p2|Zeraora|\n|poke|p2|Tapu Lele|\n|poke|p2|Blissey, F|\n|poke|p2|Dragonite, F|\n|poke|p2|Clefable, M|\n|teampreview\n|c|\u2606minimax_ai|hf\n|inactive|Battle timer is ON: inactive players will automatically lose when time's up. (requested by minimax_ai)\n|c|\u2606Diameter\u272fXtreme|u2\n|\n|t:|1663031857\n|start\n|switch|p1a: Melmetal|Melmetal|100\/100\n|switch|p2a: Tapu Lele|Tapu Lele|100\/100\n|-fieldstart|move: Psychic Terrain|[from] ability: Psychic Surge|[of] p2a: Tapu Lele\n|turn|1\n|\n|t:|1663031860\n|move|p2a: Tapu Lele|Focus Blast|p1a: Melmetal\n|-supereffective|p1a: Melmetal\n|-damage|p1a: Melmetal|23\/100\n|move|p1a: Melmetal|Double Iron Bash|p2a: Tapu Lele\n|-supereffective|p2a: Tapu Lele\n|-damage|p2a: Tapu Lele|0 fnt\n|faint|p2a: Tapu Lele\n|-hitcount|p2: Tapu Lele|1\n|\n|upkeep\n|\n|t:|1663031865\n|switch|p2a: Melmetal|Melmetal|100\/100\n|turn|2\n|\n|t:|1663031867\n|switch|p1a: rotomwash|Rotom-Wash|100\/100\n|move|p2a: Melmetal|Double Iron Bash|p1a: rotomwash\n|-resisted|p1a: rotomwash\n|-damage|p1a: rotomwash|83\/100\n|-resisted|p1a: rotomwash\n|-damage|p1a: rotomwash|65\/100\n|-hitcount|p1a: rotomwash|2\n|\n|-heal|p1a: rotomwash|71\/100|[from] item: Leftovers\n|upkeep\n|turn|3\n|\n|t:|1663031871\n|switch|p2a: Blissey|Blissey, F|100\/100\n|move|p1a: rotomwash|Nasty Plot|p1a: rotomwash\n|-boost|p1a: rotomwash|spa|2\n|\n|-heal|p1a: rotomwash|77\/100|[from] item: Leftovers\n|upkeep\n|turn|4\n|\n|t:|1663031876\n|move|p1a: rotomwash|Pain Split|p2a: Blissey\n|-sethp|p2a: Blissey|67\/100|[from] move: Pain Split|[silent]\n|-sethp|p1a: rotomwash|100\/100|[from] move: Pain Split\n|move|p2a: Blissey|Seismic Toss|p1a: rotomwash\n|-damage|p1a: rotomwash|68\/100\n|\n|-heal|p1a: rotomwash|74\/100|[from] item: Leftovers\n|upkeep\n|turn|5\n|\n|t:|1663031878\n|move|p1a: rotomwash|Pain Split|p2a: Blissey\n|-sethp|p2a: Blissey|49\/100|[from] move: Pain Split|[silent]\n|-sethp|p1a: rotomwash|100\/100|[from] move: Pain Split\n|move|p2a: Blissey|Soft-Boiled|p2a: Blissey\n|-heal|p2a: Blissey|99\/100\n|\n|-fieldend|move: Psychic Terrain\n|upkeep\n|turn|6\n|\n|t:|1663031881\n|switch|p2a: Clefable|Clefable, M|100\/100\n|move|p1a: rotomwash|Nasty Plot|p1a: rotomwash\n|-boost|p1a: rotomwash|spa|2\n|\n|upkeep\n|turn|7\n|\n|t:|1663031884\n|move|p1a: rotomwash|Hydro Pump|p2a: Clefable\n|-damage|p2a: Clefable|63\/100\n|move|p2a: Clefable|Calm Mind|p2a: Clefable\n|-boost|p2a: Clefable|spa|1\n|-boost|p2a: Clefable|spd|1\n|\n|-heal|p2a: Clefable|69\/100|[from] item: Leftovers\n|upkeep\n|turn|8\n|\n|t:|1663031886\n|move|p1a: rotomwash|Hydro Pump|p2a: Clefable\n|-damage|p2a: Clefable|42\/100\n|move|p2a: Clefable|Moonblast|p1a: rotomwash\n|-damage|p1a: rotomwash|48\/100\n|\n|-heal|p1a: rotomwash|54\/100|[from] item: Leftovers\n|-heal|p2a: Clefable|48\/100|[from] item: Leftovers\n|upkeep\n|turn|9\n|\n|t:|1663031887\n|move|p1a: rotomwash|Hydro Pump|p2a: Clefable\n|-damage|p2a: Clefable|20\/100\n|move|p2a: Clefable|Soft-Boiled|p2a: Clefable\n|-heal|p2a: Clefable|70\/100\n|\n|-heal|p1a: rotomwash|60\/100|[from] item: Leftovers\n|-heal|p2a: Clefable|76\/100|[from] item: Leftovers\n|upkeep\n|turn|10\n|\n|t:|1663031889\n|move|p1a: rotomwash|Hydro Pump|p2a: Clefable\n|-damage|p2a: Clefable|49\/100\n|move|p2a: Clefable|Moonblast|p1a: rotomwash\n|-damage|p1a: rotomwash|8\/100\n|-unboost|p1a: rotomwash|spa|1\n|\n|-heal|p1a: rotomwash|14\/100|[from] item: Leftovers\n|-heal|p2a: Clefable|55\/100|[from] item: Leftovers\n|upkeep\n|turn|11\n|\n|t:|1663031891\n|move|p1a: rotomwash|Thunderbolt|p2a: Clefable\n|-damage|p2a: Clefable|35\/100\n|move|p2a: Clefable|Soft-Boiled|p2a: Clefable\n|-heal|p2a: Clefable|85\/100\n|\n|-heal|p1a: rotomwash|20\/100|[from] item: Leftovers\n|-heal|p2a: Clefable|91\/100|[from] item: Leftovers\n|upkeep\n|turn|12\n|\n|t:|1663031893\n|move|p1a: rotomwash|Pain Split|p2a: Clefable\n|-sethp|p2a: Clefable|53\/100|[from] move: Pain Split|[silent]\n|-sethp|p1a: rotomwash|69\/100|[from] move: Pain Split\n|move|p2a: Clefable|Moonblast|p1a: rotomwash\n|-damage|p1a: rotomwash|14\/100\n|\n|-heal|p1a: rotomwash|21\/100|[from] item: Leftovers\n|-heal|p2a: Clefable|59\/100|[from] item: Leftovers\n|upkeep\n|turn|13\n|\n|t:|1663031895\n|move|p1a: rotomwash|Hydro Pump|p2a: Clefable\n|-damage|p2a: Clefable|34\/100\n|move|p2a: Clefable|Soft-Boiled|p2a: Clefable\n|-heal|p2a: Clefable|84\/100\n|\n|-heal|p1a: rotomwash|27\/100|[from] item: Leftovers\n|-heal|p2a: Clefable|90\/100|[from] item: Leftovers\n|upkeep\n|turn|14\n|\n|t:|1663031896\n|move|p1a: rotomwash|Pain Split|p2a: Clefable\n|-sethp|p2a: Clefable|55\/100|[from] move: Pain Split|[silent]\n|-sethp|p1a: rotomwash|72\/100|[from] move: Pain Split\n|move|p2a: Clefable|Moonblast|p1a: rotomwash\n|-damage|p1a: rotomwash|20\/100\n|\n|-heal|p1a: rotomwash|26\/100|[from] item: Leftovers\n|-heal|p2a: Clefable|61\/100|[from] item: Leftovers\n|upkeep\n|turn|15\n|\n|t:|1663031898\n|move|p1a: rotomwash|Pain Split|p2a: Clefable\n|-sethp|p2a: Clefable|41\/100|[from] move: Pain Split|[silent]\n|-sethp|p1a: rotomwash|53\/100|[from] move: Pain Split\n|move|p2a: Clefable|Soft-Boiled|p2a: Clefable\n|-heal|p2a: Clefable|91\/100\n|\n|-heal|p1a: rotomwash|59\/100|[from] item: Leftovers\n|-heal|p2a: Clefable|97\/100|[from] item: Leftovers\n|upkeep\n|turn|16\n|\n|t:|1663031899\n|move|p1a: rotomwash|Hydro Pump|p2a: Clefable\n|-damage|p2a: Clefable|71\/100\n|move|p2a: Clefable|Moonblast|p1a: rotomwash\n|-damage|p1a: rotomwash|13\/100\n|\n|-heal|p1a: rotomwash|20\/100|[from] item: Leftovers\n|-heal|p2a: Clefable|77\/100|[from] item: Leftovers\n|upkeep\n|turn|17\n|\n|t:|1663031902\n|move|p1a: rotomwash|Pain Split|p2a: Clefable\n|-sethp|p2a: Clefable|46\/100|[from] move: Pain Split|[silent]\n|-sethp|p1a: rotomwash|59\/100|[from] move: Pain Split\n|move|p2a: Clefable|Calm Mind|p2a: Clefable\n|-boost|p2a: Clefable|spa|1\n|-boost|p2a: Clefable|spd|1\n|\n|-heal|p1a: rotomwash|66\/100|[from] item: Leftovers\n|-heal|p2a: Clefable|52\/100|[from] item: Leftovers\n|upkeep\n|turn|18\n|\n|t:|1663031904\n|switch|p1a: Heatran|Heatran, M|100\/100\n|-item|p1a: Heatran|Air Balloon\n|move|p2a: Clefable|Soft-Boiled|p2a: Clefable\n|-heal|p2a: Clefable|100\/100\n|\n|upkeep\n|turn|19\n|\n|t:|1663031906\n|move|p1a: Heatran|Magma Storm|p2a: Clefable\n|-damage|p2a: Clefable|75\/100\n|-activate|p2a: Clefable|move: Magma Storm|[of] p1a: Heatran\n|move|p2a: Clefable|Moonblast|p1a: Heatran\n|-resisted|p1a: Heatran\n|-damage|p1a: Heatran|86\/100\n|-enditem|p1a: Heatran|Air Balloon\n|\n|-heal|p2a: Clefable|81\/100|[from] item: Leftovers\n|-damage|p2a: Clefable|68\/100|[from] move: Magma Storm|[partiallytrapped]\n|upkeep\n|turn|20\n|\n|t:|1663031907\n|move|p1a: Heatran|Magma Storm|p2a: Clefable\n|-damage|p2a: Clefable|43\/100\n|move|p2a: Clefable|Soft-Boiled|p2a: Clefable\n|-heal|p2a: Clefable|93\/100\n|\n|-heal|p2a: Clefable|99\/100|[from] item: Leftovers\n|-damage|p2a: Clefable|87\/100|[from] move: Magma Storm|[partiallytrapped]\n|upkeep\n|turn|21\n|\n|t:|1663031909\n|move|p1a: Heatran|Stealth Rock|p2a: Clefable\n|-sidestart|p2: Diameter\u272fXtreme|move: Stealth Rock\n|move|p2a: Clefable|Moonblast|p1a: Heatran\n|-resisted|p1a: Heatran\n|-damage|p1a: Heatran|70\/100\n|\n|-heal|p2a: Clefable|93\/100|[from] item: Leftovers\n|-damage|p2a: Clefable|80\/100|[from] move: Magma Storm|[partiallytrapped]\n|upkeep\n|turn|22\n|\n|t:|1663031912\n|move|p1a: Heatran|Magma Storm|p2a: Clefable\n|-damage|p2a: Clefable|57\/100\n|move|p2a: Clefable|Moonblast|p1a: Heatran\n|-resisted|p1a: Heatran\n|-damage|p1a: Heatran|54\/100\n|-unboost|p1a: Heatran|spa|1\n|\n|-heal|p2a: Clefable|63\/100|[from] item: Leftovers\n|-damage|p2a: Clefable|50\/100|[from] move: Magma Storm|[partiallytrapped]\n|upkeep\n|turn|23\n|\n|t:|1663031914\n|move|p1a: Heatran|Magma Storm|p2a: Clefable|[miss]\n|-miss|p1a: Heatran|p2a: Clefable\n|move|p2a: Clefable|Soft-Boiled|p2a: Clefable\n|-heal|p2a: Clefable|99\/100\n|\n|-heal|p2a: Clefable|100\/100|[from] item: Leftovers\n|-end|p2a: Clefable|Magma Storm|[partiallytrapped]\n|upkeep\n|turn|24\n|\n|t:|1663031915\n|move|p1a: Heatran|Magma Storm|p2a: Clefable|[miss]\n|-miss|p1a: Heatran|p2a: Clefable\n|move|p2a: Clefable|Calm Mind|p2a: Clefable\n|-boost|p2a: Clefable|spa|1\n|-boost|p2a: Clefable|spd|1\n|\n|upkeep\n|turn|25\n|\n|t:|1663031916\n|move|p1a: Heatran|Magma Storm|p2a: Clefable\n|-damage|p2a: Clefable|81\/100\n|-activate|p2a: Clefable|move: Magma Storm|[of] p1a: Heatran\n|move|p2a: Clefable|Moonblast|p1a: Heatran\n|-resisted|p1a: Heatran\n|-damage|p1a: Heatran|34\/100\n|-unboost|p1a: Heatran|spa|1\n|\n|-heal|p2a: Clefable|87\/100|[from] item: Leftovers\n|-damage|p2a: Clefable|74\/100|[from] move: Magma Storm|[partiallytrapped]\n|upkeep\n|turn|26\n|\n|t:|1663031917\n|switch|p1a: Melmetal|Melmetal|23\/100\n|move|p2a: Clefable|Soft-Boiled|p2a: Clefable\n|-heal|p2a: Clefable|100\/100\n|\n|-end|p2a: Clefable|Magma Storm|[partiallytrapped]|[silent]\n|upkeep\n|turn|27\n|\n|t:|1663031919\n|move|p2a: Clefable|Moonblast|p1a: Melmetal\n|-resisted|p1a: Melmetal\n|-damage|p1a: Melmetal|2\/100\n|-unboost|p1a: Melmetal|spa|1\n|move|p1a: Melmetal|Double Iron Bash|p2a: Clefable\n|-supereffective|p2a: Clefable\n|-damage|p2a: Clefable|41\/100\n|-supereffective|p2a: Clefable\n|-damage|p2a: Clefable|0 fnt\n|faint|p2a: Clefable\n|-hitcount|p2: Clefable|2\n|\n|upkeep\n|\n|t:|1663031922\n|switch|p2a: Zeraora|Zeraora|100\/100\n|turn|28\n|\n|t:|1663031924\n|switch|p1a: landorustherian|Landorus-Therian, M|100\/100\n|-ability|p1a: landorustherian|Intimidate|boost\n|-unboost|p2a: Zeraora|atk|1\n|move|p2a: Zeraora|Knock Off|p1a: landorustherian\n|-damage|p1a: landorustherian|81\/100\n|-enditem|p1a: landorustherian|Leftovers|[from] move: Knock Off|[of] p2a: Zeraora\n|\n|upkeep\n|turn|29\n|\n|t:|1663031925\n|switch|p2a: Dragonite|Dragonite, F|100\/100\n|switch|p1a: rotomwash|Rotom-Wash|66\/100\n|\n|-heal|p1a: rotomwash|72\/100|[from] item: Leftovers\n|upkeep\n|turn|30\n|\n|t:|1663031927\n|move|p1a: rotomwash|Pain Split|p2a: Dragonite\n|-sethp|p2a: Dragonite|78\/100|[from] move: Pain Split|[silent]\n|-sethp|p1a: rotomwash|99\/100|[from] move: Pain Split\n|move|p2a: Dragonite|Defog|p1a: rotomwash\n|-unboost|p1a: rotomwash|evasion|1\n|-sideend|p2: Diameter\u272fXtreme|Stealth Rock|[from] move: Defog|[of] p2a: Dragonite\n|\n|-heal|p1a: rotomwash|100\/100|[from] item: Leftovers\n|upkeep\n|turn|31\n|\n|t:|1663031929\n|move|p1a: rotomwash|Nasty Plot|p1a: rotomwash\n|-boost|p1a: rotomwash|spa|2\n|move|p2a: Dragonite|Roost|p2a: Dragonite\n|-heal|p2a: Dragonite|100\/100\n|-singleturn|p2a: Dragonite|move: Roost\n|\n|upkeep\n|turn|32\n|\n|t:|1663031930\n|switch|p2a: Blissey|Blissey, F|99\/100\n|move|p1a: rotomwash|Nasty Plot|p1a: rotomwash\n|-boost|p1a: rotomwash|spa|2\n|\n|upkeep\n|turn|33\n|-message|Diameter\u272fXtreme forfeited.\n|\n|win|minimax_ai\n|raw|minimax_ai's rating: 1550 &rarr; <strong>1573<\/strong><br \/>(+23 for winning)\n|raw|Diameter\u272fXtreme's rating: 1598 &rarr; <strong>1575<\/strong><br \/>(-23 for losing)\n|c|\u2606minimax_ai|gg\n","uploadtime":1663031938,"views":9,"p1id":"minimaxai","p2id":"diameterxtreme","formatid":"gen8ou","rating":1573,"private":0,"password":null}