{"id":"gen8ou-1520521518","p1":"ninjadouche","p2":"Infernoss","format":"gen8ou","log":"|j|\u2606ninjadouche\n|j|\u2606Infernoss\n|t:|1646064733\n|gametype|singles\n|player|p1|ninjadouche|burglar|1631\n|player|p2|Infernoss|chili|1692\n|teamsize|p1|6\n|teamsize|p2|6\n|gen|8\n|tier|[Gen 8] OU\n|rated|\n|rule|Sleep Clause Mod: Limit one foe put to sleep\n|rule|Species Clause: Limit one of each Pok\u00e9mon\n|rule|OHKO Clause: OHKO moves are banned\n|rule|Evasion Moves Clause: Evasion moves are banned\n|rule|Endless Battle Clause: Forcing endless battles is banned\n|rule|HP Percentage Mod: HP is shown in percentages\n|rule|Dynamax Clause: You cannot dynamax\n|clearpoke\n|poke|p1|Marowak-Alola, M|\n|poke|p1|Ninetales, F|\n|poke|p1|Rotom-Wash|\n|poke|p1|Gigalith, F|\n|poke|p1|Conkeldurr, M|\n|poke|p1|Aggron, M|\n|poke|p2|Slowbro, M|\n|poke|p2|Hatterene, F|\n|poke|p2|Marowak-Alola, M|\n|poke|p2|Ferrothorn, F|\n|poke|p2|Garchomp, M|\n|poke|p2|Drampa, F|\n|teampreview\n|\n|t:|1646064749\n|start\n|switch|p1a: Marowak|Marowak-Alola, M|100\/100\n|switch|p2a: Sharpo|Garchomp, M|100\/100\n|turn|1\n|j| Nesnot\n|\n|t:|1646064759\n|switch|p1a: Rotom|Rotom-Wash|100\/100\n|move|p2a: Sharpo|Stone Edge|p1a: Rotom\n|-damage|p1a: Rotom|74\/100\n|\n|upkeep\n|turn|2\n|\n|t:|1646064773\n|switch|p2a: Thorns|Ferrothorn, F|100\/100\n|move|p1a: Rotom|Hydro Pump|p2a: Thorns\n|-resisted|p2a: Thorns\n|-damage|p2a: Thorns|88\/100\n|\n|upkeep\n|turn|3\n|\n|t:|1646064780\n|move|p1a: Rotom|Volt Switch|p2a: Thorns\n|-resisted|p2a: Thorns\n|-damage|p2a: Thorns|80\/100\n|\n|t:|1646064799\n|switch|p1a: Conkeldurr|Conkeldurr, M|100\/100|[from]move: Volt Switch\n|move|p2a: Thorns|Stealth Rock|p1a: Conkeldurr\n|-sidestart|p1: ninjadouche|move: Stealth Rock\n|\n|upkeep\n|turn|4\n|\n|t:|1646064812\n|switch|p1a: Marowak|Marowak-Alola, M|100\/100\n|-damage|p1a: Marowak|76\/100|[from] Stealth Rock\n|switch|p2a: Sonso|Slowbro, M|100\/100\n|\n|upkeep\n|turn|5\n|\n|t:|1646064818\n|switch|p2a: Falko|Drampa, F|100\/100\n|move|p1a: Marowak|Poltergeist|p2a: Falko\n|-immune|p2a: Falko\n|\n|upkeep\n|turn|6\n|\n|t:|1646064827\n|move|p1a: Marowak|Substitute|p1a: Marowak\n|-start|p1a: Marowak|Substitute\n|-damage|p1a: Marowak|51\/100\n|move|p2a: Falko|Thunderbolt|p1a: Marowak\n|-ability|p1a: Marowak|Lightning Rod|boost\n|-boost|p1a: Marowak|spa|1\n|\n|upkeep\n|turn|7\n|l| Nesnot\n|\n|t:|1646064835\n|-singleturn|p1a: Marowak|move: Focus Punch\n|move|p2a: Falko|Ice Beam|p1a: Marowak\n|-resisted|p1a: Marowak\n|-end|p1a: Marowak|Substitute\n|-damage|p2a: Falko|91\/100|[from] item: Life Orb\n|move|p1a: Marowak|Focus Punch|p2a: Falko\n|-supereffective|p2a: Falko\n|-damage|p2a: Falko|0 fnt\n|faint|p2a: Falko\n|\n|upkeep\n|\n|t:|1646064845\n|switch|p2a: Sharpo|Garchomp, M|100\/100\n|turn|8\n|\n|t:|1646064851\n|switch|p1a: Rotom|Rotom-Wash|74\/100\n|-damage|p1a: Rotom|62\/100|[from] Stealth Rock\n|move|p2a: Sharpo|Swords Dance|p2a: Sharpo\n|-boost|p2a: Sharpo|atk|2\n|\n|upkeep\n|turn|9\n|\n|t:|1646064858\n|move|p2a: Sharpo|Scale Shot|p1a: Rotom\n|-damage|p1a: Rotom|42\/100\n|-damage|p1a: Rotom|20\/100\n|-damage|p1a: Rotom|1\/100\n|-hitcount|p1a: Rotom|3\n|-unboost|p2a: Sharpo|def|1\n|-boost|p2a: Sharpo|spe|1\n|move|p1a: Rotom|Defog|p2a: Sharpo\n|-unboost|p2a: Sharpo|evasion|1\n|-sideend|p1: ninjadouche|Stealth Rock|[from] move: Defog|[of] p1a: Rotom\n|\n|upkeep\n|turn|10\n|\n|t:|1646064870\n|move|p2a: Sharpo|Stone Edge|p1a: Rotom\n|-damage|p1a: Rotom|0 fnt\n|faint|p1a: Rotom\n|\n|upkeep\n|\n|t:|1646064874\n|switch|p1a: Aggron|Aggron, M|100\/100\n|turn|11\n|\n|t:|1646064880\n|move|p2a: Sharpo|Earthquake|p1a: Aggron\n|-supereffective|p1a: Aggron\n|-ability|p1a: Aggron|Sturdy\n|-damage|p1a: Aggron|1\/100\n|move|p1a: Aggron|Metal Burst|p2a: Sharpo\n|-damage|p2a: Sharpo|0 fnt\n|faint|p2a: Sharpo\n|\n|upkeep\n|inactive|Battle timer is ON: inactive players will automatically lose when time's up. (requested by ninjadouche)\n|\n|t:|1646064891\n|switch|p2a: Sonso|Slowbro, M|100\/100\n|turn|12\n|-enditem|p1a: Aggron|Custap Berry|[eat]\n|-activate|p1a: Aggron|item: Custap Berry|[consumed]\n|\n|t:|1646064903\n|move|p1a: Aggron|Endeavor|p2a: Sonso\n|-damage|p2a: Sonso|1\/100\n|move|p2a: Sonso|Trick Room|p2a: Sonso\n|-fieldstart|move: Trick Room|[of] p2a: Sonso\n|\n|upkeep\n|turn|13\n|\n|t:|1646064924\n|switch|p2a: Thorns|Ferrothorn, F|80\/100\n|move|p1a: Aggron|Endeavor|p2a: Thorns\n|-damage|p2a: Thorns|1\/100\n|-damage|p1a: Aggron|0 fnt|[from] ability: Iron Barbs|[of] p2a: Thorns\n|faint|p1a: Aggron\n|\n|upkeep\n|\n|t:|1646064938\n|switch|p1a: Conkeldurr|Conkeldurr, M|100\/100\n|turn|14\n|\n|t:|1646064942\n|switch|p2a: Sonso|Slowbro, M|34\/100\n|move|p1a: Conkeldurr|Mach Punch|p2a: Sonso\n|-resisted|p2a: Sonso\n|-damage|p2a: Sonso|25\/100\n|\n|upkeep\n|turn|15\n|\n|t:|1646064948\n|move|p2a: Sonso|Slack Off|p2a: Sonso\n|-heal|p2a: Sonso|75\/100\n|move|p1a: Conkeldurr|Earthquake|p2a: Sonso\n|-damage|p2a: Sonso|49\/100\n|\n|upkeep\n|turn|16\n|\n|t:|1646064955\n|switch|p1a: Ninetales|Ninetales, F, shiny|100\/100\n|-weather|SunnyDay|[from] ability: Drought|[of] p1a: Ninetales\n|move|p2a: Sonso|Slack Off|p2a: Sonso\n|-heal|p2a: Sonso|99\/100\n|\n|-weather|SunnyDay|[upkeep]\n|-fieldend|move: Trick Room\n|upkeep\n|turn|17\n|\n|t:|1646064967\n|move|p1a: Ninetales|Solar Beam||[still]\n|-prepare|p1a: Ninetales|Solar Beam\n|-anim|p1a: Ninetales|Solar Beam|p2a: Sonso\n|-supereffective|p2a: Sonso\n|-damage|p2a: Sonso|39\/100\n|move|p2a: Sonso|Trick Room|p2a: Sonso\n|-fieldstart|move: Trick Room|[of] p2a: Sonso\n|\n|-weather|SunnyDay|[upkeep]\n|upkeep\n|turn|18\n|\n|t:|1646064978\n|switch|p2a: Billy B.|Marowak-Alola, M|100\/100\n|move|p1a: Ninetales|Weather Ball|p2a: Billy B.\n|-resisted|p2a: Billy B.\n|-damage|p2a: Billy B.|56\/100\n|\n|-weather|SunnyDay|[upkeep]\n|upkeep\n|turn|19\n|j| Un0wn Test\n|\n|t:|1646065000\n|switch|p1a: Conkeldurr|Conkeldurr, M|100\/100\n|move|p2a: Billy B.|Flare Blitz|p1a: Conkeldurr\n|-damage|p1a: Conkeldurr|0 fnt\n|faint|p1a: Conkeldurr\n|\n|-weather|SunnyDay|[upkeep]\n|upkeep\n|\n|t:|1646065005\n|switch|p1a: Gigalith|Gigalith, F|100\/100\n|turn|20\n|j| Nesnot\n|inactive|Infernoss has 120 seconds left.\n|\n|t:|1646065046\n|switch|p2a: Sonso|Slowbro, M|73\/100\n|move|p1a: Gigalith|Earthquake|p2a: Sonso\n|-damage|p2a: Sonso|49\/100\n|\n|-weather|none\n|upkeep\n|turn|21\n|\n|t:|1646065053\n|move|p1a: Gigalith|Stealth Rock|p2a: Sonso\n|-sidestart|p2: Infernoss|move: Stealth Rock\n|move|p2a: Sonso|Scald|p1a: Gigalith\n|-supereffective|p1a: Gigalith\n|-damage|p1a: Gigalith|11\/100\n|\n|-fieldend|move: Trick Room\n|upkeep\n|turn|22\n|inactive|Infernoss has 120 seconds left.\n|-enditem|p1a: Gigalith|Custap Berry|[eat]\n|-activate|p1a: Gigalith|item: Custap Berry|[consumed]\n|\n|t:|1646065068\n|switch|p2a: Thorns|Ferrothorn, F|1\/100\n|-damage|p2a: Thorns|0 fnt|[from] Stealth Rock\n|faint|p2a: Thorns\n|move|p1a: Gigalith|Explosion|p2: Thorns|[notarget]\n|-fail|p1a: Gigalith\n|faint|p1a: Gigalith\n|\n|upkeep\n|inactive|Infernoss has 120 seconds left.\n|\n|t:|1646065077\n|switch|p1a: Marowak|Marowak-Alola, M|51\/100\n|switch|p2a: Hatterene|Hatterene, F|100\/100\n|-damage|p2a: Hatterene|88\/100|[from] Stealth Rock\n|turn|23\n|inactive|Infernoss has 120 seconds left.\n|\n|t:|1646065087\n|move|p1a: Marowak|Poltergeist|p2a: Hatterene\n|-activate|p2a: Hatterene|move: Poltergeist|Kasib Berry\n|-supereffective|p2a: Hatterene\n|-enditem|p2a: Hatterene|Kasib Berry|[eat]\n|-enditem|p2a: Hatterene|Kasib Berry|[weaken]\n|-damage|p2a: Hatterene|0 fnt\n|faint|p2a: Hatterene\n|\n|upkeep\n|inactive|Infernoss has 120 seconds left.\n|c|\u2606ninjadouche|didnt mattered\n|c|\u2606ninjadouche|lol\n|j| pexuserssuck\n|c|\u2606ninjadouche|time to get smoke\n|c|\u2606Infernoss|max roll\n|c|\u2606ninjadouche|nope\n|c|\u2606ninjadouche|am max attack\n|inactive|Infernoss has 90 seconds left.\n|c|\u2606ninjadouche|u could still win\n|c| pexuserssuck|it didnted materedred\n|c|\u2606ninjadouche|if i miss\n|c| Nesnot|What are the calcs?\n|j| MiThree\n|inactive|Infernoss has 60 seconds left.\n|c|\u2606ninjadouche|idk but i know that ur mon wasnt tanky enough to tank a base 110 move coming from 580 attack\n|inactive|Infernoss has 30 seconds left.\n|inactive|Infernoss has 20 seconds left.\n|inactive|Infernoss has 15 seconds left.\n|c|\u2606ninjadouche|u give up?\n|c|\u2606ninjadouche|oh dear\n|inactive|Infernoss has 10 seconds left.\n|\n|t:|1646065203\n|switch|p2a: Sonso|Slowbro, M|82\/100\n|-damage|p2a: Sonso|70\/100|[from] Stealth Rock\n|turn|24\n|inactive|Infernoss has 20 seconds left this turn.\n|c|\u2606ninjadouche|i could still loose\n|inactive|Infernoss has 15 seconds left.\n|c|\u2606ninjadouche|with misses\n|\n|t:|1646065213\n|move|p1a: Marowak|Poltergeist|p2a: Sonso\n|-activate|p2a: Sonso|move: Poltergeist|Colbur Berry\n|-supereffective|p2a: Sonso\n|-damage|p2a: Sonso|0 fnt\n|faint|p2a: Sonso\n|\n|upkeep\n|inactive|Infernoss has 20 seconds left this turn.\n|inactive|Infernoss has 15 seconds left.\n|-message|Infernoss forfeited.\n|\n|win|ninjadouche\n|inactive|Infernoss has 20 seconds left this turn.\n|raw|ninjadouche's rating: 1631 &rarr; <strong>1654<\/strong><br \/>(+23 for winning)\n|raw|Infernoss's rating: 1692 &rarr; <strong>1669<\/strong><br \/>(-23 for losing)\n|l|\u2606Infernoss\n|c|\u2606ninjadouche|lol\n|c|\u2606ninjadouche|gg\n|l| Un0wn Test\n|l| Nesnot\n||Ladder isn't responding, score probably updated but might not have (Request timeout).\n","uploadtime":1646065232,"views":104,"p1id":"ninjadouche","p2id":"infernoss","formatid":"gen8ou","rating":1654,"private":0,"password":null}