{"id":"gen8nationaldex-1572808480","p1":"Dovahhkiin64","p2":"Fastpitchkiller","format":"gen8nationaldex","log":"|j|\u2606Dovahhkiin64\n|j|\u2606Fastpitchkiller\n|t:|1652307109\n|gametype|singles\n|player|p1|Dovahhkiin64|n|1447\n|player|p2|Fastpitchkiller|265|1656\n|teamsize|p1|6\n|teamsize|p2|6\n|gen|8\n|tier|[Gen 8] National Dex\n|rated|\n|rule|HP Percentage Mod: HP is shown in percentages\n|rule|Endless Battle Clause: Forcing endless battles is banned\n|rule|OHKO Clause: OHKO moves are banned\n|rule|Evasion Moves Clause: Evasion moves are banned\n|rule|Species Clause: Limit one of each Pok\u00e9mon\n|rule|Dynamax Clause: You cannot dynamax\n|rule|Sleep Clause Mod: Limit one foe put to sleep\n|clearpoke\n|poke|p1|Shiftry, F|\n|poke|p1|Venusaur, F|\n|poke|p1|Torkoal, F|\n|poke|p1|Tapu Lele|\n|poke|p1|Kartana|\n|poke|p1|Aerodactyl, F|\n|poke|p2|Greninja, M|\n|poke|p2|Zapdos|\n|poke|p2|Mawile, M|\n|poke|p2|Slowbro, M|\n|poke|p2|Tyranitar, F|\n|poke|p2|Kommo-o, M|\n|teampreview\n|inactive|Battle timer is ON: inactive players will automatically lose when time's up. (requested by Dovahhkiin64)\n|\n|t:|1652307132\n|start\n|switch|p1a: Tapu Lele|Tapu Lele|100\/100\n|switch|p2a: Zapdos|Zapdos|100\/100\n|-fieldstart|move: Psychic Terrain|[from] ability: Psychic Surge|[of] p1a: Tapu Lele\n|turn|1\n|\n|t:|1652307141\n|switch|p2a: Mawile|Mawile, M|100\/100\n|-ability|p2a: Mawile|Intimidate|boost\n|-unboost|p1a: Tapu Lele|atk|1\n|move|p1a: Tapu Lele|Moonblast|p2a: Mawile\n|-resisted|p2a: Mawile\n|-damage|p2a: Mawile|22\/100\n|-unboost|p2a: Mawile|spa|1\n|\n|upkeep\n|turn|2\n|\n|t:|1652307151\n|detailschange|p2a: Mawile|Mawile-Mega, M\n|-mega|p2a: Mawile|Mawile|Mawilite\n|move|p1a: Tapu Lele|Moonblast|p2a: Mawile\n|-resisted|p2a: Mawile\n|-damage|p2a: Mawile|0 fnt\n|faint|p2a: Mawile\n|\n|upkeep\n|\n|t:|1652307164\n|switch|p2a: Tyranitar|Tyranitar, F|100\/100\n|-weather|Sandstorm|[from] ability: Sand Stream|[of] p2a: Tyranitar\n|turn|3\n|\n|t:|1652307169\n|move|p1a: Tapu Lele|Moonblast|p2a: Tyranitar\n|-supereffective|p2a: Tyranitar\n|-damage|p2a: Tyranitar|33\/100\n|-unboost|p2a: Tyranitar|spa|1\n|move|p2a: Tyranitar|Rock Blast|p1a: Tapu Lele\n|-damage|p1a: Tapu Lele|82\/100\n|-damage|p1a: Tapu Lele|63\/100\n|-damage|p1a: Tapu Lele|46\/100\n|-hitcount|p1a: Tapu Lele|3\n|\n|-weather|Sandstorm|[upkeep]\n|-damage|p1a: Tapu Lele|40\/100|[from] Sandstorm\n|-heal|p2a: Tyranitar|39\/100|[from] item: Leftovers\n|upkeep\n|turn|4\n|\n|t:|1652307183\n|switch|p2a: Slowbro|Slowbro, M|100\/100\n|move|p1a: Tapu Lele|Moonblast|p2a: Slowbro\n|-damage|p2a: Slowbro|12\/100\n|\n|-weather|Sandstorm|[upkeep]\n|-damage|p1a: Tapu Lele|33\/100|[from] Sandstorm\n|-damage|p2a: Slowbro|6\/100|[from] Sandstorm\n|upkeep\n|turn|5\n|\n|t:|1652307192\n|move|p1a: Tapu Lele|Moonblast|p2a: Slowbro\n|-damage|p2a: Slowbro|0 fnt\n|faint|p2a: Slowbro\n|\n|-weather|Sandstorm|[upkeep]\n|-damage|p1a: Tapu Lele|27\/100|[from] Sandstorm\n|-fieldend|move: Psychic Terrain\n|upkeep\n|\n|t:|1652307199\n|switch|p2a: Greninja|Greninja, M|100\/100\n|turn|6\n|\n|t:|1652307205\n|switch|p1a: Torkoal|Torkoal, F|100\/100\n|-weather|SunnyDay|[from] ability: Drought|[of] p1a: Torkoal\n|move|p2a: Greninja|Dark Pulse|p1a: Torkoal\n|-damage|p1a: Torkoal|30\/100\n|\n|-weather|SunnyDay|[upkeep]\n|upkeep\n|turn|7\n|\n|t:|1652307214\n|switch|p2a: Tyranitar|Tyranitar, F|39\/100\n|-weather|Sandstorm|[from] ability: Sand Stream|[of] p2a: Tyranitar\n|switch|p1a: Shiftry|Shiftry, F|100\/100\n|\n|-weather|Sandstorm|[upkeep]\n|-damage|p1a: Shiftry|94\/100|[from] Sandstorm\n|-heal|p2a: Tyranitar|46\/100|[from] item: Leftovers\n|upkeep\n|turn|8\n|\n|t:|1652307225\n|switch|p2a: Zapdos|Zapdos|100\/100\n|move|p1a: Shiftry|Leaf Storm|p2a: Zapdos\n|-resisted|p2a: Zapdos\n|-damage|p2a: Zapdos|73\/100\n|-unboost|p1a: Shiftry|spa|2\n|-damage|p1a: Shiftry|84\/100|[from] item: Life Orb\n|\n|-weather|Sandstorm|[upkeep]\n|-damage|p1a: Shiftry|78\/100|[from] Sandstorm\n|-damage|p2a: Zapdos|67\/100|[from] Sandstorm\n|upkeep\n|turn|9\n|\n|t:|1652307237\n|move|p1a: Shiftry|Knock Off|p2a: Zapdos\n|-damage|p2a: Zapdos|28\/100\n|-enditem|p2a: Zapdos|Heavy-Duty Boots|[from] move: Knock Off|[of] p1a: Shiftry\n|-damage|p1a: Shiftry|68\/100|[from] item: Life Orb\n|move|p2a: Zapdos|Volt Switch|p1a: Shiftry\n|-resisted|p1a: Shiftry\n|-damage|p1a: Shiftry|44\/100\n|\n|t:|1652307244\n|switch|p2a: Kommo-o|Kommo-o, M|100\/100|[from]move: Volt Switch\n|\n|-weather|Sandstorm|[upkeep]\n|-damage|p2a: Kommo-o|94\/100|[from] Sandstorm\n|-damage|p1a: Shiftry|38\/100|[from] Sandstorm\n|upkeep\n|turn|10\n|\n|t:|1652307252\n|switch|p1a: Tapu Lele|Tapu Lele|27\/100\n|-fieldstart|move: Psychic Terrain|[from] ability: Psychic Surge|[of] p1a: Tapu Lele\n|-zpower|p2a: Kommo-o\n|move|p2a: Kommo-o|Clangorous Soulblaze|p1a: Tapu Lele|[zeffect]\n|-immune|p1a: Tapu Lele\n|\n|-weather|Sandstorm|[upkeep]\n|-damage|p1a: Tapu Lele|21\/100|[from] Sandstorm\n|-damage|p2a: Kommo-o|88\/100|[from] Sandstorm\n|upkeep\n|turn|11\n|\n|t:|1652307270\n|switch|p2a: Zapdos|Zapdos|28\/100\n|move|p1a: Tapu Lele|Moonblast|p2a: Zapdos\n|-damage|p2a: Zapdos|0 fnt\n|faint|p2a: Zapdos\n|\n|-weather|none\n|upkeep\n|\n|t:|1652307279\n|switch|p2a: Greninja|Greninja, M|100\/100\n|turn|12\n|\n|t:|1652307282\n|move|p2a: Greninja|Dark Pulse|p1a: Tapu Lele\n|-damage|p1a: Tapu Lele|0 fnt\n|faint|p1a: Tapu Lele\n|-activate|p2a: Greninja|ability: Battle Bond\n|detailschange|p2a: Greninja|Greninja-Ash, M\n|\n|upkeep\n|\n|t:|1652307294\n|switch|p1a: Kartana|Kartana|100\/100\n|turn|13\n|\n|t:|1652307300\n|move|p1a: Kartana|Sacred Sword|p2a: Greninja\n|-supereffective|p2a: Greninja\n|-damage|p2a: Greninja|0 fnt\n|faint|p2a: Greninja\n|-ability|p1a: Kartana|Beast Boost|boost\n|-boost|p1a: Kartana|atk|1\n|\n|upkeep\n|\n|t:|1652307307\n|switch|p2a: Kommo-o|Kommo-o, M|88\/100\n|turn|14\n|\n|t:|1652307310\n|move|p1a: Kartana|Sacred Sword|p2a: Kommo-o\n|-damage|p2a: Kommo-o|33\/100\n|move|p2a: Kommo-o|Drain Punch|p1a: Kartana\n|-supereffective|p1a: Kartana\n|-damage|p1a: Kartana|43\/100\n|-heal|p2a: Kommo-o|59\/100|[from] drain|[of] p1a: Kartana\n|\n|-fieldend|move: Psychic Terrain\n|upkeep\n|turn|15\n|\n|t:|1652307320\n|move|p1a: Kartana|Sacred Sword|p2a: Kommo-o\n|-damage|p2a: Kommo-o|0 fnt\n|faint|p2a: Kommo-o\n|-ability|p1a: Kartana|Beast Boost|boost\n|-boost|p1a: Kartana|atk|1\n|\n|upkeep\n|c|\u2606Dovahhkiin64|gg\n|-message|Fastpitchkiller forfeited.\n|\n|win|Dovahhkiin64\n|raw|Dovahhkiin64's rating: 1447 &rarr; <strong>1478<\/strong><br \/>(+31 for winning)\n|raw|Fastpitchkiller's rating: 1656 &rarr; <strong>1625<\/strong><br \/>(-31 for losing)\n|l|\u2606Fastpitchkiller\n|l|\u2606Dovahhkiin64\n|j|\u2606Dovahhkiin64\n|player|p1|Dovahhkiin64|n\n||Ladder isn't responding, score probably updated but might not have (Request timeout).\n","uploadtime":1652307360,"views":10,"p1id":"dovahhkiin64","p2id":"fastpitchkiller","formatid":"gen8nationaldex","rating":1478,"private":0,"password":null}