{"id":"gen8ou-1685601817","p1":"minimax_ai","p2":"FvkboyCharmander","format":"gen8ou","log":"|html|<div class=\"broadcast-blue\"><strong>[Gen 8] OU is currently suspecting Melmetal! For information on how to participate check out the <a href=\"https:\/\/www.smogon.com\/forums\/threads\/np-ss-ou-suspect-process-round-12-monster-mash.3709234\/\">suspect thread<\/a>.<\/strong><\/div>\n|j|\u2606minimax_ai\n|j|\u2606FvkboyCharmander\n|t:|1665756600\n|gametype|singles\n|player|p1|minimax_ai|lusamine-nihilego|1569\n|player|p2|FvkboyCharmander|1|1601\n|teamsize|p1|6\n|teamsize|p2|6\n|gen|8\n|tier|[Gen 8] OU\n|rated|\n|rule|Sleep Clause Mod: Limit one foe put to sleep\n|rule|Species Clause: Limit one of each Pok\u00e9mon\n|rule|OHKO Clause: OHKO moves are banned\n|rule|Evasion Items Clause: Evasion items are banned\n|rule|Evasion Moves Clause: Evasion moves are banned\n|rule|Endless Battle Clause: Forcing endless battles is banned\n|rule|HP Percentage Mod: HP is shown in percentages\n|rule|Dynamax Clause: You cannot dynamax\n|clearpoke\n|poke|p1|Rotom-Wash|\n|poke|p1|Weavile, M|\n|poke|p1|Landorus-Therian, M|\n|poke|p1|Heatran, M|\n|poke|p1|Tangrowth, F|\n|poke|p1|Melmetal|\n|poke|p2|Ninetales-Alola, F|\n|poke|p2|Blaziken, M|\n|poke|p2|Azumarill, M|\n|poke|p2|Landorus-Therian, M|\n|poke|p2|Rillaboom, F|\n|poke|p2|Hawlucha, M|\n|teampreview\n|c|\u2606minimax_ai|hf\n|inactive|Battle timer is ON: inactive players will automatically lose when time's up. (requested by minimax_ai)\n|\n|t:|1665756608\n|start\n|switch|p1a: landorustherian|Landorus-Therian, M|100\/100\n|switch|p2a: Ninetales|Ninetales-Alola, F|100\/100\n|-weather|Hail|[from] ability: Snow Warning|[of] p2a: Ninetales\n|-ability|p1a: landorustherian|Intimidate|boost\n|-unboost|p2a: Ninetales|atk|1\n|turn|1\n|\n|t:|1665756615\n|switch|p1a: Heatran|Heatran, M|100\/100\n|-item|p1a: Heatran|Air Balloon\n|move|p2a: Ninetales|Freeze-Dry|p1a: Heatran\n|-resisted|p1a: Heatran\n|-damage|p1a: Heatran|94\/100\n|-enditem|p1a: Heatran|Air Balloon\n|\n|-weather|Hail|[upkeep]\n|-damage|p1a: Heatran|88\/100|[from] Hail\n|upkeep\n|turn|2\n|\n|t:|1665756618\n|move|p2a: Ninetales|Aurora Veil|p2a: Ninetales\n|-sidestart|p2: FvkboyCharmander|move: Aurora Veil\n|move|p1a: Heatran|Eruption|p2a: Ninetales\n|-supereffective|p2a: Ninetales\n|-damage|p2a: Ninetales|23\/100\n|\n|-weather|Hail|[upkeep]\n|-damage|p1a: Heatran|82\/100|[from] Hail\n|upkeep\n|turn|3\n|\n|t:|1665756621\n|move|p2a: Ninetales|Moonblast|p1a: Heatran\n|-resisted|p1a: Heatran\n|-damage|p1a: Heatran|72\/100\n|-unboost|p1a: Heatran|spa|1\n|move|p1a: Heatran|Stealth Rock|p2a: Ninetales\n|-sidestart|p2: FvkboyCharmander|move: Stealth Rock\n|\n|-weather|Hail|[upkeep]\n|-damage|p1a: Heatran|66\/100|[from] Hail\n|upkeep\n|turn|4\n|\n|t:|1665756624\n|move|p2a: Ninetales|Moonblast|p1a: Heatran\n|-resisted|p1a: Heatran\n|-damage|p1a: Heatran|58\/100\n|move|p1a: Heatran|Earth Power|p2a: Ninetales\n|-damage|p2a: Ninetales|11\/100\n|\n|-weather|Hail|[upkeep]\n|-damage|p1a: Heatran|52\/100|[from] Hail\n|upkeep\n|turn|5\n|\n|t:|1665756627\n|move|p2a: Ninetales|Moonblast|p1a: Heatran\n|-resisted|p1a: Heatran\n|-damage|p1a: Heatran|43\/100\n|move|p1a: Heatran|Earth Power|p2a: Ninetales\n|-damage|p2a: Ninetales|0 fnt\n|faint|p2a: Ninetales\n|\n|-weather|none\n|upkeep\n|\n|t:|1665756630\n|switch|p2a: Blaziken|Blaziken, M|100\/100\n|-damage|p2a: Blaziken|88\/100|[from] Stealth Rock\n|turn|6\n|\n|t:|1665756632\n|move|p1a: Heatran|Earth Power|p2a: Blaziken\n|-supereffective|p2a: Blaziken\n|-damage|p2a: Blaziken|55\/100\n|move|p2a: Blaziken|Close Combat|p1a: Heatran\n|-supereffective|p1a: Heatran\n|-damage|p1a: Heatran|0 fnt\n|-unboost|p2a: Blaziken|def|1\n|-unboost|p2a: Blaziken|spd|1\n|faint|p1a: Heatran\n|-damage|p2a: Blaziken|45\/100|[from] item: Life Orb\n|\n|-ability|p2a: Blaziken|Speed Boost|boost\n|-boost|p2a: Blaziken|spe|1\n|upkeep\n|\n|t:|1665756632\n|switch|p1a: rotomwash|Rotom-Wash|100\/100\n|turn|7\n|\n|t:|1665756634\n|move|p2a: Blaziken|Close Combat|p1a: rotomwash\n|-damage|p1a: rotomwash|11\/100\n|-unboost|p2a: Blaziken|def|1\n|-unboost|p2a: Blaziken|spd|1\n|-damage|p2a: Blaziken|35\/100|[from] item: Life Orb\n|move|p1a: rotomwash|Hydro Pump|p2a: Blaziken\n|-supereffective|p2a: Blaziken\n|-damage|p2a: Blaziken|0 fnt\n|faint|p2a: Blaziken\n|\n|-heal|p1a: rotomwash|17\/100|[from] item: Leftovers\n|upkeep\n|\n|t:|1665756639\n|switch|p2a: Landorus|Landorus-Therian, M|100\/100\n|-damage|p2a: Landorus|88\/100|[from] Stealth Rock\n|-ability|p2a: Landorus|Intimidate|boost\n|-unboost|p1a: rotomwash|atk|1\n|turn|8\n|\n|t:|1665756641\n|switch|p1a: landorustherian|Landorus-Therian, M|100\/100\n|-ability|p1a: landorustherian|Intimidate|boost\n|-unboost|p2a: Landorus|atk|1\n|move|p2a: Landorus|Knock Off|p1a: landorustherian\n|-damage|p1a: landorustherian|77\/100\n|-enditem|p1a: landorustherian|Leftovers|[from] move: Knock Off|[of] p2a: Landorus\n|\n|upkeep\n|turn|9\n|\n|t:|1665756643\n|move|p2a: Landorus|Stealth Rock|p1a: landorustherian\n|-sidestart|p1: minimax_ai|move: Stealth Rock\n|move|p1a: landorustherian|Toxic|p2a: Landorus\n|-status|p2a: Landorus|tox\n|\n|-damage|p2a: Landorus|82\/100 tox|[from] psn\n|-sideend|p2: FvkboyCharmander|move: Aurora Veil\n|upkeep\n|turn|10\n|\n|t:|1665756645\n|switch|p1a: Melmetal|Melmetal|100\/100\n|-damage|p1a: Melmetal|94\/100|[from] Stealth Rock\n|move|p2a: Landorus|Toxic|p1a: Melmetal\n|-immune|p1a: Melmetal\n|\n|-damage|p2a: Landorus|69\/100 tox|[from] psn\n|upkeep\n|turn|11\n|\n|t:|1665756647\n|move|p2a: Landorus|Earthquake|p1a: Melmetal\n|-supereffective|p1a: Melmetal\n|-damage|p1a: Melmetal|52\/100\n|move|p1a: Melmetal|Double Iron Bash|p2a: Landorus\n|-damage|p2a: Landorus|20\/100 tox\n|-damage|p1a: Melmetal|36\/100|[from] item: Rocky Helmet|[of] p2a: Landorus\n|-damage|p2a: Landorus|0 fnt\n|-damage|p1a: Melmetal|19\/100|[from] item: Rocky Helmet|[of] p2a: Landorus\n|faint|p2a: Landorus\n|-hitcount|p2: Landorus|2\n|\n|upkeep\n|\n|t:|1665756651\n|switch|p2a: Rillaboom|Rillaboom, F|100\/100\n|-damage|p2a: Rillaboom|88\/100|[from] Stealth Rock\n|-fieldstart|move: Grassy Terrain|[from] ability: Grassy Surge|[of] p2a: Rillaboom\n|turn|12\n|\n|t:|1665756653\n|switch|p1a: Tangrowth|Tangrowth, F|100\/100\n|-damage|p1a: Tangrowth|88\/100|[from] Stealth Rock\n|move|p2a: Rillaboom|High Horsepower|p1a: Tangrowth\n|-resisted|p1a: Tangrowth\n|-damage|p1a: Tangrowth|76\/100\n|-damage|p2a: Rillaboom|72\/100|[from] item: Rocky Helmet|[of] p1a: Tangrowth\n|-damage|p2a: Rillaboom|62\/100|[from] item: Life Orb\n|\n|-heal|p2a: Rillaboom|68\/100|[from] Grassy Terrain\n|-heal|p1a: Tangrowth|82\/100|[from] Grassy Terrain\n|upkeep\n|turn|13\n|\n|t:|1665756655\n|switch|p2a: Hawlucha|Hawlucha, M|100\/100\n|-damage|p2a: Hawlucha|88\/100|[from] Stealth Rock\n|-enditem|p2a: Hawlucha|Grassy Seed\n|-boost|p2a: Hawlucha|def|1|[from] item: Grassy Seed\n|move|p1a: Tangrowth|Giga Drain|p2a: Hawlucha\n|-resisted|p2a: Hawlucha\n|-damage|p2a: Hawlucha|59\/100\n|-heal|p1a: Tangrowth|93\/100|[from] drain|[of] p2a: Hawlucha\n|\n|-heal|p1a: Tangrowth|99\/100|[from] Grassy Terrain\n|upkeep\n|turn|14\n|\n|t:|1665756658\n|move|p2a: Hawlucha|Swords Dance|p2a: Hawlucha\n|-boost|p2a: Hawlucha|atk|2\n|move|p1a: Tangrowth|Sleep Powder|p2a: Hawlucha\n|-status|p2a: Hawlucha|slp|[from] move: Sleep Powder\n|\n|-heal|p1a: Tangrowth|100\/100|[from] Grassy Terrain\n|upkeep\n|turn|15\n|\n|t:|1665756660\n|switch|p1a: Melmetal|Melmetal|19\/100\n|-damage|p1a: Melmetal|13\/100|[from] Stealth Rock\n|cant|p2a: Hawlucha|slp\n|\n|-heal|p1a: Melmetal|19\/100|[from] Grassy Terrain\n|upkeep\n|turn|16\n|\n|t:|1665756663\n|-curestatus|p2a: Hawlucha|slp|[msg]\n|move|p2a: Hawlucha|Acrobatics|p1a: Melmetal\n|-resisted|p1a: Melmetal\n|-damage|p1a: Melmetal|0 fnt\n|faint|p1a: Melmetal\n|\n|-fieldend|move: Grassy Terrain\n|upkeep\n|\n|t:|1665756663\n|switch|p1a: landorustherian|Landorus-Therian, M|77\/100\n|-damage|p1a: landorustherian|65\/100|[from] Stealth Rock\n|-ability|p1a: landorustherian|Intimidate|boost\n|-unboost|p2a: Hawlucha|atk|1\n|turn|17\n|\n|t:|1665756666\n|switch|p1a: rotomwash|Rotom-Wash|17\/100\n|-damage|p1a: rotomwash|4\/100|[from] Stealth Rock\n|move|p2a: Hawlucha|Substitute|p2a: Hawlucha\n|-start|p2a: Hawlucha|Substitute\n|-damage|p2a: Hawlucha|34\/100\n|\n|-heal|p1a: rotomwash|11\/100|[from] item: Leftovers\n|upkeep\n|turn|18\n|\n|t:|1665756668\n|move|p2a: Hawlucha|Acrobatics|p1a: rotomwash\n|-resisted|p1a: rotomwash\n|-damage|p1a: rotomwash|0 fnt\n|faint|p1a: rotomwash\n|\n|upkeep\n|\n|t:|1665756668\n|switch|p1a: landorustherian|Landorus-Therian, M|65\/100\n|-damage|p1a: landorustherian|52\/100|[from] Stealth Rock\n|-ability|p1a: landorustherian|Intimidate|boost\n|-immune|p2a: Hawlucha\n|turn|19\n|\n|t:|1665756670\n|move|p2a: Hawlucha|Acrobatics|p1a: landorustherian\n|-damage|p1a: landorustherian|0 fnt\n|faint|p1a: landorustherian\n|\n|upkeep\n|\n|t:|1665756670\n|switch|p1a: Tangrowth|Tangrowth, F|100\/100\n|-damage|p1a: Tangrowth|88\/100|[from] Stealth Rock\n|turn|20\n|\n|t:|1665756672\n|switch|p1a: Weavile|Weavile, M|100\/100\n|-damage|p1a: Weavile|76\/100|[from] Stealth Rock\n|-ability|p1a: Weavile|Pressure\n|move|p2a: Hawlucha|Acrobatics|p1a: Weavile\n|-damage|p1a: Weavile|0 fnt\n|faint|p1a: Weavile\n|\n|upkeep\n|\n|t:|1665756672\n|switch|p1a: Tangrowth|Tangrowth, F|100\/100\n|-damage|p1a: Tangrowth|88\/100|[from] Stealth Rock\n|turn|21\n|\n|t:|1665756675\n|move|p2a: Hawlucha|Acrobatics|p1a: Tangrowth\n|-supereffective|p1a: Tangrowth\n|-damage|p1a: Tangrowth|15\/100\n|-damage|p2a: Hawlucha|17\/100|[from] item: Rocky Helmet|[of] p1a: Tangrowth\n|move|p1a: Tangrowth|Focus Blast|p2a: Hawlucha\n|-resisted|p2a: Hawlucha\n|-activate|p2a: Hawlucha|move: Substitute|[damage]\n|\n|upkeep\n|turn|22\n|\n|t:|1665756677\n|move|p2a: Hawlucha|Acrobatics|p1a: Tangrowth\n|-supereffective|p1a: Tangrowth\n|-crit|p1a: Tangrowth\n|-damage|p1a: Tangrowth|0 fnt\n|-damage|p2a: Hawlucha|1\/100|[from] item: Rocky Helmet|[of] p1a: Tangrowth\n|faint|p1a: Tangrowth\n|\n|win|FvkboyCharmander\n|raw|minimax_ai's rating: 1569 &rarr; <strong>1551<\/strong><br \/>(-18 for losing)\n|raw|FvkboyCharmander's rating: 1601 &rarr; <strong>1619<\/strong><br \/>(+18 for winning)\n|c|\u2606minimax_ai|gg\n","uploadtime":1665756679,"views":9,"p1id":"minimaxai","p2id":"fvkboycharmander","formatid":"gen8ou","rating":1551,"private":0,"password":null}