{"id":"gen8ou-1660675132","p1":"Capital Cruiser","p2":"minimax_ai","format":"gen8ou","log":"|j|\u2606Capital Cruiser\n|j|\u2606minimax_ai\n|t:|1662798957\n|gametype|singles\n|player|p1|Capital Cruiser|cheren-gen5bw2|1444\n|player|p2|minimax_ai|lusamine-nihilego|1537\n|teamsize|p1|6\n|teamsize|p2|6\n|gen|8\n|tier|[Gen 8] OU\n|rated|\n|rule|Sleep Clause Mod: Limit one foe put to sleep\n|rule|Species Clause: Limit one of each Pok\u00e9mon\n|rule|OHKO Clause: OHKO moves are banned\n|rule|Evasion Items Clause: Evasion items are banned\n|rule|Evasion Moves Clause: Evasion moves are banned\n|rule|Endless Battle Clause: Forcing endless battles is banned\n|rule|HP Percentage Mod: HP is shown in percentages\n|rule|Dynamax Clause: You cannot dynamax\n|clearpoke\n|poke|p1|Dragapult, M|\n|poke|p1|Zeraora|\n|poke|p1|Celesteela|\n|poke|p1|Heatran, M|\n|poke|p1|Zapdos|\n|poke|p1|Kartana|\n|poke|p2|Rotom-Wash|\n|poke|p2|Weavile, F|\n|poke|p2|Landorus-Therian, M|\n|poke|p2|Heatran, M|\n|poke|p2|Tangrowth, M|\n|poke|p2|Melmetal|\n|teampreview\n|inactive|Battle timer is ON: inactive players will automatically lose when time's up. (requested by Capital Cruiser)\n|c|\u2606minimax_ai|hf\n|inactive|minimax_ai also wants the timer to be on.\n|\n|t:|1662798985\n|start\n|switch|p1a: Zeraora|Zeraora, shiny|100\/100\n|switch|p2a: Melmetal|Melmetal|100\/100\n|turn|1\n|\n|t:|1662798990\n|move|p1a: Zeraora|Close Combat|p2a: Melmetal\n|-supereffective|p2a: Melmetal\n|-damage|p2a: Melmetal|33\/100\n|-unboost|p1a: Zeraora|def|1\n|-unboost|p1a: Zeraora|spd|1\n|move|p2a: Melmetal|Double Iron Bash|p1a: Zeraora\n|-resisted|p1a: Zeraora\n|-damage|p1a: Zeraora|60\/100\n|-resisted|p1a: Zeraora\n|-damage|p1a: Zeraora|21\/100\n|-hitcount|p1a: Zeraora|2\n|\n|upkeep\n|turn|2\n|\n|t:|1662799003\n|switch|p1a: Celesteela|Celesteela, shiny|100\/100\n|switch|p2a: landorustherian|Landorus-Therian, M|100\/100\n|-ability|p2a: landorustherian|Intimidate|boost\n|-unboost|p1a: Celesteela|atk|1\n|\n|upkeep\n|turn|3\n|\n|t:|1662799006\n|move|p2a: landorustherian|U-turn|p1a: Celesteela\n|-resisted|p1a: Celesteela\n|-damage|p1a: Celesteela|96\/100\n|\n|t:|1662799006\n|switch|p2a: Heatran|Heatran, M|100\/100|[from]move: U-turn\n|-item|p2a: Heatran|Air Balloon\n|move|p1a: Celesteela|Air Slash|p2a: Heatran\n|-resisted|p2a: Heatran\n|-damage|p2a: Heatran|80\/100\n|-enditem|p2a: Heatran|Air Balloon\n|\n|upkeep\n|turn|4\n|\n|t:|1662799015\n|switch|p1a: Dragapult|Dragapult, M, shiny|100\/100\n|move|p2a: Heatran|Stealth Rock|p1a: Dragapult\n|-sidestart|p1: Capital Cruiser|move: Stealth Rock\n|\n|upkeep\n|turn|5\n|\n|t:|1662799020\n|move|p1a: Dragapult|Shadow Ball|p2a: Heatran\n|-damage|p2a: Heatran|29\/100\n|move|p2a: Heatran|Magma Storm|p1a: Dragapult|[miss]\n|-miss|p2a: Heatran|p1a: Dragapult\n|\n|upkeep\n|turn|6\n|\n|t:|1662799024\n|switch|p2a: Weavile|Weavile, F|100\/100\n|-ability|p2a: Weavile|Pressure\n|move|p1a: Dragapult|Shadow Ball|p2a: Weavile\n|-resisted|p2a: Weavile\n|-damage|p2a: Weavile|65\/100\n|-unboost|p2a: Weavile|spd|1\n|\n|upkeep\n|turn|7\n|\n|t:|1662799031\n|switch|p1a: Celesteela|Celesteela, shiny|96\/100\n|-damage|p1a: Celesteela|83\/100|[from] Stealth Rock\n|move|p2a: Weavile|Knock Off|p1a: Celesteela\n|-damage|p1a: Celesteela|22\/100\n|-enditem|p1a: Celesteela|Iapapa Berry|[from] move: Knock Off|[of] p2a: Weavile\n|\n|upkeep\n|turn|8\n|\n|t:|1662799035\n|move|p1a: Celesteela|Protect|p1a: Celesteela\n|-singleturn|p1a: Celesteela|Protect\n|move|p2a: Weavile|Knock Off|p1a: Celesteela\n|-activate|p1a: Celesteela|move: Protect\n|\n|upkeep\n|turn|9\n|\n|t:|1662799039\n|move|p2a: Weavile|Knock Off|p1a: Celesteela\n|-damage|p1a: Celesteela|0 fnt\n|faint|p1a: Celesteela\n|\n|upkeep\n|\n|t:|1662799044\n|switch|p1a: Zeraora|Zeraora, shiny|21\/100\n|-damage|p1a: Zeraora|9\/100|[from] Stealth Rock\n|turn|10\n|\n|t:|1662799048\n|switch|p2a: landorustherian|Landorus-Therian, M|100\/100\n|-ability|p2a: landorustherian|Intimidate|boost\n|-unboost|p1a: Zeraora|atk|1\n|move|p1a: Zeraora|Knock Off|p2a: landorustherian\n|-damage|p2a: landorustherian|72\/100\n|-enditem|p2a: landorustherian|Leftovers|[from] move: Knock Off|[of] p1a: Zeraora\n|\n|upkeep\n|turn|11\n|\n|t:|1662799050\n|move|p1a: Zeraora|Knock Off|p2a: landorustherian\n|-damage|p2a: landorustherian|52\/100\n|move|p2a: landorustherian|Toxic|p1a: Zeraora\n|-status|p1a: Zeraora|tox\n|\n|-damage|p1a: Zeraora|3\/100 tox|[from] psn\n|upkeep\n|turn|12\n|\n|t:|1662799054\n|move|p1a: Zeraora|Knock Off|p2a: landorustherian\n|-damage|p2a: landorustherian|32\/100\n|move|p2a: landorustherian|Earthquake|p1a: Zeraora\n|-supereffective|p1a: Zeraora\n|-damage|p1a: Zeraora|0 fnt\n|faint|p1a: Zeraora\n|\n|upkeep\n|\n|t:|1662799059\n|switch|p1a: Dragapult|Dragapult, M, shiny|100\/100\n|-damage|p1a: Dragapult|88\/100|[from] Stealth Rock\n|turn|13\n|\n|t:|1662799062\n|switch|p2a: rotomwash|Rotom-Wash|100\/100\n|move|p1a: Dragapult|Shadow Ball|p2a: rotomwash\n|-damage|p2a: rotomwash|43\/100\n|\n|-heal|p2a: rotomwash|49\/100|[from] item: Leftovers\n|upkeep\n|turn|14\n|\n|t:|1662799064\n|switch|p2a: Weavile|Weavile, F|65\/100\n|-ability|p2a: Weavile|Pressure\n|move|p1a: Dragapult|Shadow Ball|p2a: Weavile\n|-resisted|p2a: Weavile\n|-damage|p2a: Weavile|28\/100\n|-unboost|p2a: Weavile|spd|1\n|\n|upkeep\n|turn|15\n|\n|t:|1662799074\n|switch|p1a: Heatran|Heatran, M, shiny|100\/100\n|-damage|p1a: Heatran|88\/100|[from] Stealth Rock\n|move|p2a: Weavile|Ice Shard|p1a: Heatran\n|-resisted|p1a: Heatran\n|-damage|p1a: Heatran|82\/100\n|\n|-heal|p1a: Heatran|88\/100|[from] item: Leftovers\n|upkeep\n|turn|16\n|\n|t:|1662799076\n|move|p2a: Weavile|Ice Shard|p1a: Heatran\n|-resisted|p1a: Heatran\n|-damage|p1a: Heatran|82\/100\n|move|p1a: Heatran|Stealth Rock|p2a: Weavile\n|-sidestart|p2: minimax_ai|move: Stealth Rock\n|\n|-heal|p1a: Heatran|88\/100|[from] item: Leftovers\n|upkeep\n|turn|17\n|\n|t:|1662799078\n|switch|p2a: Heatran|Heatran, M|29\/100\n|-damage|p2a: Heatran|16\/100|[from] Stealth Rock\n|move|p1a: Heatran|Lava Plume|p2a: Heatran\n|-start|p2a: Heatran|ability: Flash Fire\n|\n|-heal|p1a: Heatran|94\/100|[from] item: Leftovers\n|upkeep\n|turn|18\n|\n|t:|1662799086\n|move|p2a: Heatran|Magma Storm|p1a: Heatran\n|-start|p1a: Heatran|ability: Flash Fire\n|move|p1a: Heatran|Roar|p2a: Heatran\n|-end|p2a: Heatran|ability: Flash Fire|[silent]\n|drag|p2a: rotomwash|Rotom-Wash|49\/100\n|-damage|p2a: rotomwash|37\/100|[from] Stealth Rock\n|\n|-heal|p2a: rotomwash|43\/100|[from] item: Leftovers\n|-heal|p1a: Heatran|100\/100|[from] item: Leftovers\n|upkeep\n|turn|19\n|\n|t:|1662799089\n|move|p2a: rotomwash|Pain Split|p1a: Heatran\n|-sethp|p1a: Heatran|67\/100|[from] move: Pain Split|[silent]\n|-sethp|p2a: rotomwash|85\/100|[from] move: Pain Split\n|move|p1a: Heatran|Lava Plume|p2a: rotomwash\n|-resisted|p2a: rotomwash\n|-damage|p2a: rotomwash|59\/100\n|\n|-heal|p2a: rotomwash|65\/100|[from] item: Leftovers\n|-heal|p1a: Heatran|73\/100|[from] item: Leftovers\n|upkeep\n|turn|20\n|\n|t:|1662799091\n|move|p2a: rotomwash|Thunderbolt|p1a: Heatran\n|-damage|p1a: Heatran|53\/100\n|move|p1a: Heatran|Toxic|p2a: rotomwash|[miss]\n|-miss|p1a: Heatran|p2a: rotomwash\n|\n|-heal|p2a: rotomwash|71\/100|[from] item: Leftovers\n|-heal|p1a: Heatran|59\/100|[from] item: Leftovers\n|upkeep\n|turn|21\n|\n|t:|1662799095\n|move|p2a: rotomwash|Thunderbolt|p1a: Heatran\n|-damage|p1a: Heatran|40\/100\n|move|p1a: Heatran|Roar|p2a: rotomwash\n|drag|p2a: Tangrowth|Tangrowth, M|100\/100\n|-damage|p2a: Tangrowth|88\/100|[from] Stealth Rock\n|\n|-heal|p1a: Heatran|46\/100|[from] item: Leftovers\n|upkeep\n|turn|22\n|\n|t:|1662799098\n|switch|p2a: Heatran|Heatran, M|16\/100\n|-damage|p2a: Heatran|4\/100|[from] Stealth Rock\n|move|p1a: Heatran|Lava Plume|p2a: Heatran\n|-start|p2a: Heatran|ability: Flash Fire\n|\n|-heal|p1a: Heatran|52\/100|[from] item: Leftovers\n|upkeep\n|turn|23\n|\n|t:|1662799101\n|move|p2a: Heatran|Magma Storm|p1a: Heatran\n|-immune|p1a: Heatran|[from] ability: Flash Fire\n|move|p1a: Heatran|Roar|p2a: Heatran\n|-end|p2a: Heatran|ability: Flash Fire|[silent]\n|drag|p2a: Melmetal|Melmetal|33\/100\n|-damage|p2a: Melmetal|27\/100|[from] Stealth Rock\n|\n|-heal|p1a: Heatran|58\/100|[from] item: Leftovers\n|upkeep\n|turn|24\n|\n|t:|1662799103\n|switch|p2a: Heatran|Heatran, M|4\/100\n|-damage|p2a: Heatran|0 fnt|[from] Stealth Rock\n|faint|p2a: Heatran\n|move|p1a: Heatran|Lava Plume|p2: Heatran|[notarget]\n|-fail|p1a: Heatran\n|\n|-heal|p1a: Heatran|64\/100|[from] item: Leftovers\n|upkeep\n|\n|t:|1662799103\n|switch|p2a: Weavile|Weavile, F|28\/100\n|-damage|p2a: Weavile|3\/100|[from] Stealth Rock\n|-ability|p2a: Weavile|Pressure\n|turn|25\n|\n|t:|1662799107\n|move|p2a: Weavile|Knock Off|p1a: Heatran\n|-damage|p1a: Heatran|7\/100\n|-enditem|p1a: Heatran|Leftovers|[from] move: Knock Off|[of] p2a: Weavile\n|move|p1a: Heatran|Lava Plume|p2a: Weavile\n|-supereffective|p2a: Weavile\n|-damage|p2a: Weavile|0 fnt\n|faint|p2a: Weavile\n|\n|upkeep\n|\n|t:|1662799107\n|switch|p2a: rotomwash|Rotom-Wash|71\/100\n|-damage|p2a: rotomwash|59\/100|[from] Stealth Rock\n|turn|26\n|\n|t:|1662799110\n|move|p2a: rotomwash|Thunderbolt|p1a: Heatran\n|-damage|p1a: Heatran|0 fnt\n|faint|p1a: Heatran\n|\n|-heal|p2a: rotomwash|65\/100|[from] item: Leftovers\n|upkeep\n|\n|t:|1662799112\n|switch|p1a: Dragapult|Dragapult, M, shiny|88\/100\n|-damage|p1a: Dragapult|76\/100|[from] Stealth Rock\n|turn|27\n|\n|t:|1662799114\n|switch|p2a: landorustherian|Landorus-Therian, M|32\/100\n|-damage|p2a: landorustherian|20\/100|[from] Stealth Rock\n|-ability|p2a: landorustherian|Intimidate|boost\n|-unboost|p1a: Dragapult|atk|1\n|move|p1a: Dragapult|Draco Meteor|p2a: landorustherian\n|-damage|p2a: landorustherian|0 fnt\n|-unboost|p1a: Dragapult|spa|2\n|faint|p2a: landorustherian\n|\n|upkeep\n|\n|t:|1662799114\n|switch|p2a: Melmetal|Melmetal|27\/100\n|-damage|p2a: Melmetal|21\/100|[from] Stealth Rock\n|turn|28\n|\n|t:|1662799116\n|switch|p1a: Zapdos|Zapdos, shiny|100\/100\n|move|p2a: Melmetal|Ice Punch|p1a: Zapdos\n|-supereffective|p1a: Zapdos\n|-damage|p1a: Zapdos|52\/100\n|-status|p2a: Melmetal|par|[from] ability: Static|[of] p1a: Zapdos\n|\n|upkeep\n|turn|29\n|\n|t:|1662799119\n|move|p1a: Zapdos|Roost|p1a: Zapdos\n|-heal|p1a: Zapdos|100\/100\n|-singleturn|p1a: Zapdos|move: Roost\n|move|p2a: Melmetal|Ice Punch|p1a: Zapdos\n|-crit|p1a: Zapdos\n|-damage|p1a: Zapdos|65\/100\n|\n|upkeep\n|turn|30\n|\n|t:|1662799122\n|switch|p2a: rotomwash|Rotom-Wash|65\/100\n|-damage|p2a: rotomwash|52\/100|[from] Stealth Rock\n|move|p1a: Zapdos|Thunderbolt|p2a: rotomwash\n|-damage|p2a: rotomwash|16\/100\n|\n|-heal|p2a: rotomwash|22\/100|[from] item: Leftovers\n|upkeep\n|turn|31\n|\n|t:|1662799123\n|move|p2a: rotomwash|Pain Split|p1a: Zapdos\n|-sethp|p1a: Zapdos|41\/100|[from] move: Pain Split|[silent]\n|-sethp|p2a: rotomwash|52\/100|[from] move: Pain Split\n|move|p1a: Zapdos|Thunderbolt|p2a: rotomwash\n|-damage|p2a: rotomwash|15\/100\n|\n|-heal|p2a: rotomwash|22\/100|[from] item: Leftovers\n|upkeep\n|turn|32\n|\n|t:|1662799125\n|move|p2a: rotomwash|Pain Split|p1a: Zapdos\n|-sethp|p1a: Zapdos|29\/100|[from] move: Pain Split|[silent]\n|-sethp|p2a: rotomwash|37\/100|[from] move: Pain Split\n|move|p1a: Zapdos|Roost|p1a: Zapdos\n|-heal|p1a: Zapdos|79\/100\n|-singleturn|p1a: Zapdos|move: Roost\n|\n|-heal|p2a: rotomwash|43\/100|[from] item: Leftovers\n|upkeep\n|turn|33\n|\n|t:|1662799127\n|move|p2a: rotomwash|Pain Split|p1a: Zapdos\n|-sethp|p1a: Zapdos|57\/100|[from] move: Pain Split|[silent]\n|-sethp|p2a: rotomwash|71\/100|[from] move: Pain Split\n|move|p1a: Zapdos|Thunderbolt|p2a: rotomwash\n|-damage|p2a: rotomwash|34\/100\n|\n|-heal|p2a: rotomwash|40\/100|[from] item: Leftovers\n|upkeep\n|turn|34\n|\n|t:|1662799129\n|move|p2a: rotomwash|Pain Split|p1a: Zapdos\n|-sethp|p1a: Zapdos|44\/100|[from] move: Pain Split|[silent]\n|-sethp|p2a: rotomwash|55\/100|[from] move: Pain Split\n|move|p1a: Zapdos|Thunderbolt|p2a: rotomwash\n|-damage|p2a: rotomwash|16\/100\n|\n|-heal|p2a: rotomwash|22\/100|[from] item: Leftovers\n|upkeep\n|turn|35\n|\n|t:|1662799131\n|move|p2a: rotomwash|Pain Split|p1a: Zapdos\n|-sethp|p1a: Zapdos|31\/100|[from] move: Pain Split|[silent]\n|-sethp|p2a: rotomwash|39\/100|[from] move: Pain Split\n|move|p1a: Zapdos|Thunderbolt|p2a: rotomwash\n|-damage|p2a: rotomwash|0 fnt\n|faint|p2a: rotomwash\n|\n|upkeep\n|\n|t:|1662799131\n|switch|p2a: Tangrowth|Tangrowth, M|100\/100\n|-damage|p2a: Tangrowth|88\/100|[from] Stealth Rock\n|turn|36\n|\n|t:|1662799133\n|move|p1a: Zapdos|Hurricane|p2a: Tangrowth\n|-supereffective|p2a: Tangrowth\n|-damage|p2a: Tangrowth|0 fnt\n|faint|p2a: Tangrowth\n|\n|upkeep\n|\n|t:|1662799133\n|switch|p2a: Melmetal|Melmetal|21\/100 par\n|-damage|p2a: Melmetal|15\/100 par|[from] Stealth Rock\n|turn|37\n|\n|t:|1662799136\n|move|p1a: Zapdos|Thunderbolt|p2a: Melmetal\n|-damage|p2a: Melmetal|0 fnt\n|faint|p2a: Melmetal\n|\n|win|Capital Cruiser\n|raw|Capital Cruiser's rating: 1444 &rarr; <strong>1469<\/strong><br \/>(+25 for winning)\n|raw|minimax_ai's rating: 1537 &rarr; <strong>1512<\/strong><br \/>(-25 for losing)\n|c|\u2606minimax_ai|gg\n","uploadtime":1662799137,"views":4,"p1id":"capitalcruiser","p2id":"minimaxai","formatid":"gen8ou","rating":1469,"private":0,"password":null}