{"id":"gen8ou-1685512599","p1":"OUT Dilemma","p2":"Shinjou Akane","format":"gen8ou","log":"|html|<div class=\"broadcast-blue\"><strong>[Gen 8] OU is currently suspecting Melmetal! For information on how to participate check out the <a href=\"https:\/\/www.smogon.com\/forums\/threads\/np-ss-ou-suspect-process-round-12-monster-mash.3709234\/\">suspect thread<\/a>.<\/strong><\/div>\n|j|\u2606OUT Dilemma\n|j|\u2606Shinjou Akane\n|t:|1665748329\n|gametype|singles\n|player|p1|OUT Dilemma|anthea|1567\n|player|p2|Shinjou Akane|nurse|1584\n|teamsize|p1|6\n|teamsize|p2|6\n|gen|8\n|tier|[Gen 8] OU\n|rated|\n|rule|Sleep Clause Mod: Limit one foe put to sleep\n|rule|Species Clause: Limit one of each Pok\u00e9mon\n|rule|OHKO Clause: OHKO moves are banned\n|rule|Evasion Items Clause: Evasion items are banned\n|rule|Evasion Moves Clause: Evasion moves are banned\n|rule|Endless Battle Clause: Forcing endless battles is banned\n|rule|HP Percentage Mod: HP is shown in percentages\n|rule|Dynamax Clause: You cannot dynamax\n|clearpoke\n|poke|p1|Urshifu-*, M|\n|poke|p1|Tyranitar, M|\n|poke|p1|Excadrill, M|\n|poke|p1|Zapdos|\n|poke|p1|Ferrothorn, M|\n|poke|p1|Tapu Lele|\n|poke|p2|Corviknight, F|\n|poke|p2|Garchomp, M|\n|poke|p2|Slowking-Galar, F|\n|poke|p2|Urshifu-*, F|\n|poke|p2|Zeraora|\n|poke|p2|Rillaboom, F|\n|teampreview\n|\n|t:|1665748342\n|start\n|switch|p1a: Urshifu|Urshifu-Rapid-Strike, M|100\/100\n|switch|p2a: Zeraora|Zeraora|100\/100\n|turn|1\n|\n|t:|1665748348\n|switch|p1a: Ferrothorn|Ferrothorn, M|100\/100\n|move|p2a: Zeraora|Knock Off|p1a: Ferrothorn\n|-damage|p1a: Ferrothorn|79\/100\n|-damage|p2a: Zeraora|88\/100|[from] ability: Iron Barbs|[of] p1a: Ferrothorn\n|-enditem|p1a: Ferrothorn|Leftovers|[from] move: Knock Off|[of] p2a: Zeraora\n|\n|upkeep\n|turn|2\n|\n|t:|1665748351\n|move|p2a: Zeraora|Volt Switch|p1a: Ferrothorn\n|-resisted|p1a: Ferrothorn\n|-damage|p1a: Ferrothorn|72\/100\n|\n|t:|1665748358\n|switch|p2a: Rillaboom|Rillaboom, F|100\/100|[from]move: Volt Switch\n|-fieldstart|move: Grassy Terrain|[from] ability: Grassy Surge|[of] p2a: Rillaboom\n|move|p1a: Ferrothorn|Stealth Rock|p2a: Rillaboom\n|-sidestart|p2: Shinjou Akane|move: Stealth Rock\n|\n|-heal|p1a: Ferrothorn|78\/100|[from] Grassy Terrain\n|upkeep\n|turn|3\n|inactive|Battle timer is ON: inactive players will automatically lose when time's up. (requested by OUT Dilemma)\n|\n|t:|1665748364\n|move|p2a: Rillaboom|Swords Dance|p2a: Rillaboom\n|-boost|p2a: Rillaboom|atk|2\n|move|p1a: Ferrothorn|Knock Off|p2a: Rillaboom\n|-damage|p2a: Rillaboom|81\/100\n|-enditem|p2a: Rillaboom|Leftovers|[from] move: Knock Off|[of] p1a: Ferrothorn\n|\n|-heal|p2a: Rillaboom|87\/100|[from] Grassy Terrain\n|-heal|p1a: Ferrothorn|84\/100|[from] Grassy Terrain\n|upkeep\n|turn|4\n|\n|t:|1665748369\n|move|p2a: Rillaboom|Drain Punch|p1a: Ferrothorn\n|-supereffective|p1a: Ferrothorn\n|-damage|p1a: Ferrothorn|0 fnt\n|-heal|p2a: Rillaboom|100\/100|[from] drain|[of] p1a: Ferrothorn\n|-damage|p2a: Rillaboom|88\/100|[from] ability: Iron Barbs|[of] p1a: Ferrothorn\n|faint|p1a: Ferrothorn\n|\n|-heal|p2a: Rillaboom|94\/100|[from] Grassy Terrain\n|upkeep\n|\n|t:|1665748373\n|switch|p1a: Zapdos|Zapdos|100\/100\n|turn|5\n|\n|t:|1665748377\n|move|p1a: Zapdos|Heat Wave|p2a: Rillaboom\n|-supereffective|p2a: Rillaboom\n|-damage|p2a: Rillaboom|29\/100\n|move|p2a: Rillaboom|Knock Off|p1a: Zapdos\n|-damage|p1a: Zapdos|46\/100\n|-enditem|p1a: Zapdos|Heavy-Duty Boots|[from] move: Knock Off|[of] p2a: Rillaboom\n|\n|-heal|p2a: Rillaboom|35\/100|[from] Grassy Terrain\n|upkeep\n|turn|6\n|\n|t:|1665748386\n|switch|p2a: Slowking|Slowking-Galar, F|100\/100\n|-damage|p2a: Slowking|88\/100|[from] Stealth Rock\n|move|p1a: Zapdos|Heat Wave|p2a: Slowking\n|-damage|p2a: Slowking|77\/100\n|\n|-heal|p2a: Slowking|83\/100|[from] Grassy Terrain\n|-fieldend|move: Grassy Terrain\n|upkeep\n|turn|7\n|\n|t:|1665748391\n|move|p1a: Zapdos|Volt Switch|p2a: Slowking\n|-damage|p2a: Slowking|69\/100\n|\n|t:|1665748395\n|switch|p1a: Tyranitar|Tyranitar, M|100\/100|[from]move: Volt Switch\n|-weather|Sandstorm|[from] ability: Sand Stream|[of] p1a: Tyranitar\n|move|p2a: Slowking|Future Sight|p1a: Tyranitar\n|-start|p2a: Slowking|move: Future Sight\n|\n|-weather|Sandstorm|[upkeep]\n|-damage|p2a: Slowking|63\/100|[from] Sandstorm\n|upkeep\n|turn|8\n|\n|t:|1665748402\n|switch|p2a: Urshifu|Urshifu-Rapid-Strike, F|100\/100\n|-damage|p2a: Urshifu|94\/100|[from] Stealth Rock\n|move|p1a: Tyranitar|Crunch|p2a: Urshifu\n|-resisted|p2a: Urshifu\n|-damage|p2a: Urshifu|62\/100\n|\n|-weather|Sandstorm|[upkeep]\n|-damage|p2a: Urshifu|56\/100|[from] Sandstorm\n|upkeep\n|turn|9\n|\n|t:|1665748412\n|switch|p1a: Zapdos|Zapdos|46\/100\n|move|p2a: Urshifu|Close Combat|p1a: Zapdos\n|-resisted|p1a: Zapdos\n|-damage|p1a: Zapdos|10\/100\n|-unboost|p2a: Urshifu|def|1\n|-unboost|p2a: Urshifu|spd|1\n|\n|-weather|Sandstorm|[upkeep]\n|-damage|p2a: Urshifu|49\/100|[from] Sandstorm\n|-damage|p1a: Zapdos|4\/100|[from] Sandstorm\n|-end|p1a: Zapdos|move: Future Sight\n|-damage|p1a: Zapdos|0 fnt\n|faint|p1a: Zapdos\n|upkeep\n|\n|t:|1665748423\n|switch|p1a: Tapu Lele|Tapu Lele, shiny|100\/100\n|-fieldstart|move: Psychic Terrain|[from] ability: Psychic Surge|[of] p1a: Tapu Lele\n|turn|10\n|\n|t:|1665748429\n|switch|p1a: Excadrill|Excadrill, M|100\/100\n|switch|p2a: Corviknight|Corviknight, F, shiny|100\/100\n|-damage|p2a: Corviknight|88\/100|[from] Stealth Rock\n|-ability|p2a: Corviknight|Pressure\n|\n|-weather|Sandstorm|[upkeep]\n|upkeep\n|turn|11\n|\n|t:|1665748433\n|switch|p1a: Urshifu|Urshifu-Rapid-Strike, M|100\/100\n|move|p2a: Corviknight|Defog|p1a: Urshifu\n|-unboost|p1a: Urshifu|evasion|1\n|-sideend|p2: Shinjou Akane|Stealth Rock|[from] move: Defog|[of] p2a: Corviknight\n|-fieldend|move: Psychic Terrain\n|\n|-weather|none\n|upkeep\n|turn|12\n|\n|t:|1665748437\n|move|p1a: Urshifu|Surging Strikes|p2a: Corviknight\n|-crit|p2a: Corviknight\n|-damage|p2a: Corviknight|76\/100\n|-crit|p2a: Corviknight\n|-damage|p2a: Corviknight|63\/100\n|-crit|p2a: Corviknight\n|-damage|p2a: Corviknight|51\/100\n|-hitcount|p2a: Corviknight|3\n|move|p2a: Corviknight|U-turn|p1a: Urshifu\n|-resisted|p1a: Urshifu\n|-damage|p1a: Urshifu|93\/100\n|\n|t:|1665748440\n|switch|p2a: Zeraora|Zeraora|88\/100|[from]move: U-turn\n|\n|upkeep\n|turn|13\n|\n|t:|1665748445\n|move|p2a: Zeraora|Plasma Fists|p1a: Urshifu\n|-supereffective|p1a: Urshifu\n|-damage|p1a: Urshifu|0 fnt\n|-fieldactivate|move: Ion Deluge\n|-hint|Normal-type moves become Electric-type after using Plasma Fists.\n|faint|p1a: Urshifu\n|\n|upkeep\n|\n|t:|1665748456\n|switch|p1a: Excadrill|Excadrill, M|100\/100\n|turn|14\n|\n|t:|1665748463\n|move|p2a: Zeraora|Close Combat|p1a: Excadrill\n|-supereffective|p1a: Excadrill\n|-damage|p1a: Excadrill|1\/100\n|-unboost|p2a: Zeraora|def|1\n|-unboost|p2a: Zeraora|spd|1\n|move|p1a: Excadrill|Rock Slide|p2a: Zeraora\n|-damage|p2a: Zeraora|5\/100\n|\n|upkeep\n|turn|15\n|\n|t:|1665748469\n|move|p2a: Zeraora|Knock Off|p1a: Excadrill\n|-damage|p1a: Excadrill|0 fnt\n|-enditem|p1a: Excadrill|Choice Band|[from] move: Knock Off|[of] p2a: Zeraora\n|faint|p1a: Excadrill\n|\n|upkeep\n|\n|t:|1665748471\n|switch|p1a: Tapu Lele|Tapu Lele, shiny|100\/100\n|-fieldstart|move: Psychic Terrain|[from] ability: Psychic Surge|[of] p1a: Tapu Lele\n|turn|16\n|\n|t:|1665748484\n|switch|p2a: Corviknight|Corviknight, F, shiny|51\/100\n|-ability|p2a: Corviknight|Pressure\n|move|p1a: Tapu Lele|Psyshock|p2a: Corviknight\n|-resisted|p2a: Corviknight\n|-damage|p2a: Corviknight|35\/100\n|\n|upkeep\n|turn|17\n|\n|t:|1665748488\n|switch|p1a: Tyranitar|Tyranitar, M|100\/100\n|-weather|Sandstorm|[from] ability: Sand Stream|[of] p1a: Tyranitar\n|move|p2a: Corviknight|Roost|p2a: Corviknight\n|-heal|p2a: Corviknight|85\/100\n|-singleturn|p2a: Corviknight|move: Roost\n|\n|-weather|Sandstorm|[upkeep]\n|upkeep\n|turn|18\n|\n|t:|1665748494\n|move|p1a: Tyranitar|Stone Edge|p2a: Corviknight|[miss]\n|-miss|p1a: Tyranitar|p2a: Corviknight\n|move|p2a: Corviknight|U-turn|p1a: Tyranitar\n|-supereffective|p1a: Tyranitar\n|-damage|p1a: Tyranitar|74\/100\n|\n|t:|1665748497\n|switch|p2a: Urshifu|Urshifu-Rapid-Strike, F|49\/100|[from]move: U-turn\n|\n|-weather|Sandstorm|[upkeep]\n|-damage|p2a: Urshifu|43\/100|[from] Sandstorm\n|upkeep\n|turn|19\n|\n|t:|1665748501\n|move|p2a: Urshifu|Surging Strikes|p1a: Tyranitar\n|-supereffective|p1a: Tyranitar\n|-crit|p1a: Tyranitar\n|-damage|p1a: Tyranitar|15\/100\n|-supereffective|p1a: Tyranitar\n|-crit|p1a: Tyranitar\n|-damage|p1a: Tyranitar|0 fnt\n|faint|p1a: Tyranitar\n|-hitcount|p1: Tyranitar|2\n|\n|-weather|Sandstorm|[upkeep]\n|-damage|p2a: Urshifu|37\/100|[from] Sandstorm\n|upkeep\n|\n|t:|1665748503\n|switch|p1a: Tapu Lele|Tapu Lele, shiny|100\/100\n|turn|20\n|\n|t:|1665748513\n|switch|p2a: Corviknight|Corviknight, F, shiny|85\/100\n|-ability|p2a: Corviknight|Pressure\n|move|p1a: Tapu Lele|Moonblast|p2a: Corviknight\n|-resisted|p2a: Corviknight\n|-damage|p2a: Corviknight|62\/100\n|\n|-weather|Sandstorm|[upkeep]\n|-damage|p1a: Tapu Lele|94\/100|[from] Sandstorm\n|-fieldend|move: Psychic Terrain\n|upkeep\n|turn|21\n|-message|OUT Dilemma forfeited.\n|\n|win|Shinjou Akane\n|raw|OUT Dilemma's rating: 1567 &rarr; <strong>1548<\/strong><br \/>(-19 for losing)\n|raw|Shinjou Akane's rating: 1584 &rarr; <strong>1603<\/strong><br \/>(+19 for winning)\n|l|\u2606OUT Dilemma\n","uploadtime":1665748521,"views":5,"p1id":"outdilemma","p2id":"shinjouakane","formatid":"gen8ou","rating":1548,"private":0,"password":null}