{"id":"gen8monotype-1530598551","p1":"TheQzertz","p2":"Eclipse77","format":"gen8monotype","log":"|j|\u2606TheQzertz\n|j|\u2606Eclipse77\n|t:|1647279002\n|gametype|singles\n|player|p1|TheQzertz|dawn|1401\n|player|p2|Eclipse77|hilda-wonderlauncher|1613\n|teamsize|p1|6\n|teamsize|p2|6\n|gen|8\n|tier|[Gen 8] Monotype\n|rated|\n|rule|Same Type Clause: Pok\u00e9mon in a team must share a type\n|rule|Sleep Clause Mod: Limit one foe put to sleep\n|rule|Species Clause: Limit one of each Pok\u00e9mon\n|rule|OHKO Clause: OHKO moves are banned\n|rule|Evasion Moves Clause: Evasion moves are banned\n|rule|Endless Battle Clause: Forcing endless battles is banned\n|rule|HP Percentage Mod: HP is shown in percentages\n|rule|Dynamax Clause: You cannot dynamax\n|clearpoke\n|poke|p1|Dragapult, F|\n|poke|p1|Garchomp, F|\n|poke|p1|Latios, M|\n|poke|p1|Dragalge, M|\n|poke|p1|Hydreigon, M|\n|poke|p1|Kyurem|\n|poke|p2|Slowking, M|\n|poke|p2|Urshifu-*, F|\n|poke|p2|Tapu Fini|\n|poke|p2|Toxapex, F|\n|poke|p2|Gastrodon, F|\n|poke|p2|Rotom-Wash|\n|teampreview\n|inactive|Battle timer is ON: inactive players will automatically lose when time's up. (requested by Eclipse77)\n|\n|t:|1647279035\n|start\n|switch|p1a: Garchomp|Garchomp, F|100\/100\n|switch|p2a: Urshifu|Urshifu-Rapid-Strike, F|100\/100\n|turn|1\n|\n|t:|1647279042\n|move|p1a: Garchomp|Swords Dance|p1a: Garchomp\n|-boost|p1a: Garchomp|atk|2\n|move|p2a: Urshifu|Close Combat|p1a: Garchomp\n|-damage|p1a: Garchomp|14\/100\n|-unboost|p2a: Urshifu|def|1\n|-unboost|p2a: Urshifu|spd|1\n|-damage|p2a: Urshifu|88\/100|[from] ability: Rough Skin|[of] p1a: Garchomp\n|\n|upkeep\n|turn|2\n|\n|t:|1647279046\n|switch|p2a: Tapu Fini|Tapu Fini, shiny|100\/100\n|-fieldstart|move: Misty Terrain|[from] ability: Misty Surge|[of] p2a: Tapu Fini\n|move|p1a: Garchomp|Earthquake|p2a: Tapu Fini\n|-damage|p2a: Tapu Fini|14\/100\n|-damage|p1a: Garchomp|4\/100|[from] item: Life Orb\n|\n|-heal|p2a: Tapu Fini|20\/100|[from] item: Leftovers\n|upkeep\n|turn|3\n|\n|t:|1647279051\n|switch|p2a: Rotom|Rotom-Wash|100\/100\n|move|p1a: Garchomp|Earthquake|p2a: Rotom\n|-immune|p2a: Rotom|[from] ability: Levitate\n|\n|upkeep\n|turn|4\n|\n|t:|1647279060\n|move|p2a: Rotom|Hydro Pump|p1a: Garchomp|[miss]\n|-miss|p2a: Rotom|p1a: Garchomp\n|move|p1a: Garchomp|Scale Shot|p2a: Rotom\n|-damage|p2a: Rotom|59\/100\n|-damage|p2a: Rotom|12\/100\n|-damage|p2a: Rotom|0 fnt\n|faint|p2a: Rotom\n|-hitcount|p2: Rotom|3\n|-unboost|p1a: Garchomp|def|1\n|-boost|p1a: Garchomp|spe|1\n|-damage|p1a: Garchomp|0 fnt|[from] item: Life Orb\n|faint|p1a: Garchomp\n|\n|upkeep\n|\n|t:|1647279071\n|switch|p1a: Dragapult|Dragapult, F|100\/100\n|switch|p2a: Urshifu|Urshifu-Rapid-Strike, F|88\/100\n|turn|5\n|\n|t:|1647279075\n|move|p1a: Dragapult|Shadow Ball|p2a: Urshifu\n|-damage|p2a: Urshifu|6\/100\n|move|p2a: Urshifu|U-turn|p1a: Dragapult\n|-resisted|p1a: Dragapult\n|-damage|p1a: Dragapult|74\/100\n|\n|t:|1647279079\n|switch|p2a: Gastrodon|Gastrodon, F|100\/100|[from]move: U-turn\n|\n|upkeep\n|turn|6\n|\n|t:|1647279083\n|switch|p1a: Hydreigon|Hydreigon, M|100\/100\n|move|p2a: Gastrodon|Earth Power|p1a: Hydreigon\n|-immune|p1a: Hydreigon|[from] ability: Levitate\n|\n|-fieldend|Misty Terrain\n|upkeep\n|turn|7\n|\n|t:|1647279088\n|move|p1a: Hydreigon|Nasty Plot|p1a: Hydreigon\n|-boost|p1a: Hydreigon|spa|2\n|move|p2a: Gastrodon|Toxic|p1a: Hydreigon|[miss]\n|-miss|p2a: Gastrodon|p1a: Hydreigon\n|\n|upkeep\n|turn|8\n|\n|t:|1647279093\n|move|p1a: Hydreigon|Dark Pulse|p2a: Gastrodon\n|-damage|p2a: Gastrodon|16\/100\n|move|p2a: Gastrodon|Toxic|p1a: Hydreigon\n|-status|p1a: Hydreigon|tox\n|\n|-heal|p2a: Gastrodon|22\/100|[from] item: Leftovers\n|-damage|p1a: Hydreigon|94\/100 tox|[from] psn\n|upkeep\n|turn|9\n|\n|t:|1647279096\n|switch|p2a: Toxapex|Toxapex, F, shiny|100\/100\n|move|p1a: Hydreigon|Dark Pulse|p2a: Toxapex\n|-crit|p2a: Toxapex\n|-damage|p2a: Toxapex|0 fnt\n|faint|p2a: Toxapex\n|\n|-heal|p1a: Hydreigon|100\/100 tox|[from] item: Leftovers\n|-damage|p1a: Hydreigon|88\/100 tox|[from] psn\n|upkeep\n|-message|Eclipse77 forfeited.\n|\n|win|TheQzertz\n|raw|TheQzertz's rating: 1401 &rarr; <strong>1432<\/strong><br \/>(+31 for winning)\n|raw|Eclipse77's rating: 1613 &rarr; <strong>1582<\/strong><br \/>(-31 for losing)\n|l|\u2606Eclipse77\n||Ladder isn't responding, score probably updated but might not have (Request timeout).\n","uploadtime":1647279206,"views":13,"p1id":"theqzertz","p2id":"eclipse77","formatid":"gen8monotype","rating":1432,"private":0,"password":null}