{"id":"gen8ou-1620135924","p1":"hes4thepeople","p2":"Forwards","format":"gen8ou","log":"|j|\u2606hes4thepeople\n|j|\u2606Forwards\n|t:|1658177023\n|gametype|singles\n|player|p1|hes4thepeople|beauty-gen6xy|1517\n|player|p2|Forwards|adaman|1649\n|teamsize|p1|6\n|teamsize|p2|6\n|gen|8\n|tier|[Gen 8] OU\n|rated|\n|rule|Sleep Clause Mod: Limit one foe put to sleep\n|rule|Species Clause: Limit one of each Pok\u00e9mon\n|rule|OHKO Clause: OHKO moves are banned\n|rule|Evasion Moves Clause: Evasion moves are banned\n|rule|Endless Battle Clause: Forcing endless battles is banned\n|rule|HP Percentage Mod: HP is shown in percentages\n|rule|Dynamax Clause: You cannot dynamax\n|clearpoke\n|poke|p1|Dragapult, F|\n|poke|p1|Slowking-Galar, F|\n|poke|p1|Zapdos|\n|poke|p1|Crawdaunt, M|\n|poke|p1|Buzzwole|\n|poke|p1|Melmetal|\n|poke|p2|Tapu Koko|\n|poke|p2|Hawlucha, M|\n|poke|p2|Registeel|\n|poke|p2|Orbeetle, F|\n|poke|p2|Landorus-Therian, M|\n|poke|p2|Volcarona, M|\n|teampreview\n|inactive|Battle timer is ON: inactive players will automatically lose when time's up. (requested by hes4thepeople)\n|\n|t:|1658177042\n|start\n|switch|p1a: Zapdos|Zapdos|100\/100\n|switch|p2a: Landorus|Landorus-Therian, M|100\/100\n|-ability|p2a: Landorus|Intimidate|boost\n|-unboost|p1a: Zapdos|atk|1\n|turn|1\n|\n|t:|1658177045\n|switch|p1a: Buzzwole|Buzzwole|100\/100\n|move|p2a: Landorus|Stealth Rock|p1a: Buzzwole\n|-sidestart|p1: hes4thepeople|move: Stealth Rock\n|\n|upkeep\n|turn|2\n|\n|t:|1658177052\n|move|p2a: Landorus|Explosion|p1a: Buzzwole\n|-damage|p1a: Buzzwole|50\/100\n|faint|p2a: Landorus\n|move|p1a: Buzzwole|Ice Punch|p2: Landorus|[notarget]\n|-fail|p1a: Buzzwole\n|\n|upkeep\n|\n|t:|1658177057\n|switch|p2a: Volcarona|Volcarona, M|100\/100\n|turn|3\n|\n|t:|1658177061\n|move|p2a: Volcarona|Flamethrower|p1a: Buzzwole\n|-supereffective|p1a: Buzzwole\n|-damage|p1a: Buzzwole|0 fnt\n|faint|p1a: Buzzwole\n|\n|upkeep\n|\n|t:|1658177068\n|switch|p1a: Dragapult|Dragapult, F|100\/100\n|-damage|p1a: Dragapult|88\/100|[from] Stealth Rock\n|turn|4\n|\n|t:|1658177074\n|move|p1a: Dragapult|Thunder Wave|p2a: Volcarona\n|-status|p2a: Volcarona|par\n|move|p2a: Volcarona|Quiver Dance|p2a: Volcarona\n|-boost|p2a: Volcarona|spa|1\n|-boost|p2a: Volcarona|spd|1\n|-boost|p2a: Volcarona|spe|1\n|\n|-heal|p1a: Dragapult|94\/100|[from] item: Leftovers\n|upkeep\n|turn|5\n|\n|t:|1658177081\n|move|p1a: Dragapult|Substitute|p1a: Dragapult\n|-start|p1a: Dragapult|Substitute\n|-damage|p1a: Dragapult|69\/100\n|cant|p2a: Volcarona|par\n|\n|-heal|p1a: Dragapult|75\/100|[from] item: Leftovers\n|upkeep\n|turn|6\n|\n|t:|1658177083\n|move|p1a: Dragapult|Hex|p2a: Volcarona\n|-damage|p2a: Volcarona|60\/100 par\n|cant|p2a: Volcarona|par\n|\n|-heal|p1a: Dragapult|81\/100|[from] item: Leftovers\n|upkeep\n|turn|7\n|\n|t:|1658177087\n|move|p1a: Dragapult|Hex|p2a: Volcarona\n|-damage|p2a: Volcarona|18\/100 par\n|cant|p2a: Volcarona|par\n|\n|-heal|p1a: Dragapult|87\/100|[from] item: Leftovers\n|upkeep\n|turn|8\n|\n|t:|1658177090\n|move|p1a: Dragapult|Hex|p2a: Volcarona\n|-damage|p2a: Volcarona|0 fnt\n|faint|p2a: Volcarona\n|\n|-heal|p1a: Dragapult|93\/100|[from] item: Leftovers\n|upkeep\n|\n|t:|1658177095\n|switch|p2a: Tapu Koko|Tapu Koko|100\/100\n|-fieldstart|move: Electric Terrain|[from] ability: Electric Surge|[of] p2a: Tapu Koko\n|turn|9\n|\n|t:|1658177097\n|move|p1a: Dragapult|Hex|p2a: Tapu Koko\n|-damage|p2a: Tapu Koko|62\/100\n|move|p2a: Tapu Koko|Taunt|p1a: Dragapult\n|-start|p1a: Dragapult|move: Taunt\n|\n|-heal|p1a: Dragapult|99\/100|[from] item: Leftovers\n|upkeep\n|turn|10\n|\n|t:|1658177101\n|move|p1a: Dragapult|Hex|p2a: Tapu Koko\n|-damage|p2a: Tapu Koko|27\/100\n|move|p2a: Tapu Koko|Light Screen|p2a: Tapu Koko\n|-sidestart|p2: Forwards|move: Light Screen\n|\n|-heal|p1a: Dragapult|100\/100|[from] item: Leftovers\n|upkeep\n|turn|11\n|\n|t:|1658177104\n|move|p1a: Dragapult|Hex|p2a: Tapu Koko\n|-damage|p2a: Tapu Koko|0 fnt\n|faint|p2a: Tapu Koko\n|\n|upkeep\n|\n|t:|1658177109\n|switch|p2a: Hawlucha|Hawlucha, M|100\/100\n|-enditem|p2a: Hawlucha|Electric Seed\n|-boost|p2a: Hawlucha|def|1|[from] item: Electric Seed\n|turn|12\n|\n|t:|1658177112\n|move|p2a: Hawlucha|Acrobatics|p1a: Dragapult\n|-end|p1a: Dragapult|Substitute\n|move|p1a: Dragapult|Draco Meteor|p2a: Hawlucha\n|-damage|p2a: Hawlucha|28\/100\n|-unboost|p1a: Dragapult|spa|2\n|\n|-end|p1a: Dragapult|move: Taunt\n|upkeep\n|turn|13\n|\n|t:|1658177117\n|switch|p1a: Zapdos|Zapdos|100\/100\n|move|p2a: Hawlucha|Acrobatics|p1a: Zapdos\n|-resisted|p1a: Zapdos\n|-damage|p1a: Zapdos|79\/100\n|\n|-fieldend|move: Electric Terrain\n|upkeep\n|turn|14\n|\n|t:|1658177120\n|move|p2a: Hawlucha|Taunt|p1a: Zapdos\n|-start|p1a: Zapdos|move: Taunt\n|move|p1a: Zapdos|Volt Switch|p2a: Hawlucha\n|-supereffective|p2a: Hawlucha\n|-damage|p2a: Hawlucha|0 fnt\n|faint|p2a: Hawlucha\n|\n|t:|1658177128\n|switch|p1a: Crawdaunt|Crawdaunt, M|100\/100|[from]move: Volt Switch\n|-damage|p1a: Crawdaunt|88\/100|[from] Stealth Rock\n|\n|upkeep\n|\n|t:|1658177132\n|switch|p2a: Registeel|Registeel|100\/100\n|turn|15\n|\n|t:|1658177138\n|move|p1a: Crawdaunt|Crabhammer|p2a: Registeel\n|-damage|p2a: Registeel|41\/100\n|move|p2a: Registeel|Iron Defense|p2a: Registeel\n|-boost|p2a: Registeel|def|2\n|\n|upkeep\n|turn|16\n|\n|t:|1658177142\n|switch|p1a: Dragapult|Dragapult, F|100\/100\n|-damage|p1a: Dragapult|88\/100|[from] Stealth Rock\n|move|p2a: Registeel|Rest|p2a: Registeel\n|-status|p2a: Registeel|slp|[from] move: Rest\n|-heal|p2a: Registeel|100\/100 slp|[silent]\n|-enditem|p2a: Registeel|Chesto Berry|[eat]\n|-curestatus|p2a: Registeel|slp|[msg]\n|\n|-heal|p1a: Dragapult|94\/100|[from] item: Leftovers\n|upkeep\n|turn|17\n|\n|t:|1658177144\n|move|p1a: Dragapult|Thunder Wave|p2a: Registeel\n|-status|p2a: Registeel|par\n|move|p2a: Registeel|Amnesia|p2a: Registeel\n|-boost|p2a: Registeel|spd|2\n|\n|-heal|p1a: Dragapult|99\/100|[from] item: Leftovers\n|-sideend|p2: Forwards|move: Light Screen\n|upkeep\n|turn|18\n|\n|t:|1658177155\n|move|p1a: Dragapult|Hex|p2a: Registeel\n|-damage|p2a: Registeel|82\/100 par\n|cant|p2a: Registeel|par\n|\n|-heal|p1a: Dragapult|100\/100|[from] item: Leftovers\n|upkeep\n|turn|19\n|\n|t:|1658177157\n|move|p1a: Dragapult|Substitute|p1a: Dragapult\n|-start|p1a: Dragapult|Substitute\n|-damage|p1a: Dragapult|76\/100\n|move|p2a: Registeel|Amnesia|p2a: Registeel\n|-boost|p2a: Registeel|spd|2\n|\n|-heal|p1a: Dragapult|82\/100|[from] item: Leftovers\n|upkeep\n|turn|20\n|\n|t:|1658177159\n|move|p1a: Dragapult|Hex|p2a: Registeel\n|-damage|p2a: Registeel|69\/100 par\n|move|p2a: Registeel|Amnesia|p2a: Registeel\n|-boost|p2a: Registeel|spd|2\n|\n|-heal|p1a: Dragapult|88\/100|[from] item: Leftovers\n|upkeep\n|turn|21\n|\n|t:|1658177161\n|move|p1a: Dragapult|Hex|p2a: Registeel\n|-damage|p2a: Registeel|59\/100 par\n|cant|p2a: Registeel|par\n|\n|-heal|p1a: Dragapult|94\/100|[from] item: Leftovers\n|upkeep\n|turn|22\n|\n|t:|1658177163\n|move|p1a: Dragapult|Hex|p2a: Registeel\n|-damage|p2a: Registeel|48\/100 par\n|move|p2a: Registeel|Iron Defense|p2a: Registeel\n|-boost|p2a: Registeel|def|2\n|\n|-heal|p1a: Dragapult|99\/100|[from] item: Leftovers\n|upkeep\n|turn|23\n|\n|t:|1658177166\n|move|p1a: Dragapult|Hex|p2a: Registeel\n|-damage|p2a: Registeel|39\/100 par\n|move|p2a: Registeel|Rest|p2a: Registeel\n|-status|p2a: Registeel|slp|[from] move: Rest\n|-heal|p2a: Registeel|100\/100 slp|[silent]\n|\n|-heal|p1a: Dragapult|100\/100|[from] item: Leftovers\n|upkeep\n|turn|24\n|\n|t:|1658177173\n|move|p1a: Dragapult|Hex|p2a: Registeel\n|-damage|p2a: Registeel|91\/100 slp\n|cant|p2a: Registeel|slp\n|\n|upkeep\n|turn|25\n|\n|t:|1658177176\n|switch|p1a: Zapdos|Zapdos|79\/100\n|cant|p2a: Registeel|slp\n|\n|upkeep\n|turn|26\n|\n|t:|1658177178\n|move|p1a: Zapdos|Defog|p2a: Registeel\n|-fail|p2a: Registeel|unboost|[from] ability: Clear Body|[of] p2a: Registeel\n|-sideend|p1: hes4thepeople|Stealth Rock|[from] move: Defog|[of] p1a: Zapdos\n|-curestatus|p2a: Registeel|slp|[msg]\n|move|p2a: Registeel|Iron Defense|p2a: Registeel\n|-boost|p2a: Registeel|def|2\n|\n|upkeep\n|turn|27\n|\n|t:|1658177182\n|move|p1a: Zapdos|Volt Switch|p2a: Registeel\n|-damage|p2a: Registeel|86\/100\n|\n|t:|1658177184\n|switch|p1a: Melmetal|Melmetal|100\/100|[from]move: Volt Switch\n|move|p2a: Registeel|Body Press|p1a: Melmetal\n|-supereffective|p1a: Melmetal\n|-damage|p1a: Melmetal|0 fnt\n|faint|p1a: Melmetal\n|\n|upkeep\n|\n|t:|1658177187\n|switch|p1a: Dragapult|Dragapult, F|100\/100\n|turn|28\n|\n|t:|1658177189\n|move|p1a: Dragapult|Thunder Wave|p2a: Registeel|[miss]\n|-miss|p1a: Dragapult|p2a: Registeel\n|move|p2a: Registeel|Amnesia|p2a: Registeel\n|-boost|p2a: Registeel|spd|0\n|\n|upkeep\n|turn|29\n|\n|t:|1658177195\n|move|p1a: Dragapult|Thunder Wave|p2a: Registeel\n|-status|p2a: Registeel|par\n|cant|p2a: Registeel|par\n|\n|upkeep\n|turn|30\n|\n|t:|1658177199\n|switch|p1a: Slowking|Slowking-Galar, F|100\/100\n|move|p2a: Registeel|Rest|p2a: Registeel\n|-status|p2a: Registeel|slp|[from] move: Rest\n|-heal|p2a: Registeel|100\/100 slp|[silent]\n|\n|upkeep\n|turn|31\n|\n|t:|1658177204\n|cant|p2a: Registeel|slp\n|move|p1a: Slowking|Flamethrower|p2a: Registeel\n|-supereffective|p2a: Registeel\n|-damage|p2a: Registeel|92\/100 slp\n|\n|upkeep\n|turn|32\n|\n|t:|1658177208\n|switch|p1a: Crawdaunt|Crawdaunt, M|88\/100\n|cant|p2a: Registeel|slp\n|\n|upkeep\n|turn|33\n|\n|t:|1658177213\n|switch|p1a: Dragapult|Dragapult, F|100\/100\n|-curestatus|p2a: Registeel|slp|[msg]\n|move|p2a: Registeel|Body Press|p1a: Dragapult\n|-immune|p1a: Dragapult\n|\n|upkeep\n|turn|34\n|\n|t:|1658177217\n|move|p1a: Dragapult|Thunder Wave|p2a: Registeel\n|-status|p2a: Registeel|par\n|move|p2a: Registeel|Amnesia|p2a: Registeel\n|-boost|p2a: Registeel|spd|0\n|\n|upkeep\n|turn|35\n|\n|t:|1658177220\n|move|p1a: Dragapult|Substitute|p1a: Dragapult\n|-start|p1a: Dragapult|Substitute\n|-damage|p1a: Dragapult|76\/100\n|move|p2a: Registeel|Body Press|p1a: Dragapult\n|-immune|p1a: Dragapult\n|\n|-heal|p1a: Dragapult|82\/100|[from] item: Leftovers\n|upkeep\n|turn|36\n|\n|t:|1658177223\n|move|p1a: Dragapult|Substitute|p1a: Dragapult\n|-fail|p1a: Dragapult|move: Substitute\n|move|p2a: Registeel|Amnesia|p2a: Registeel\n|-boost|p2a: Registeel|spd|0\n|\n|-heal|p1a: Dragapult|88\/100|[from] item: Leftovers\n|upkeep\n|turn|37\n|\n|t:|1658177227\n|move|p1a: Dragapult|Substitute|p1a: Dragapult\n|-fail|p1a: Dragapult|move: Substitute\n|cant|p2a: Registeel|par\n|\n|-heal|p1a: Dragapult|94\/100|[from] item: Leftovers\n|upkeep\n|turn|38\n|\n|t:|1658177230\n|move|p1a: Dragapult|Thunder Wave|p2a: Registeel\n|-fail|p2a: Registeel|par\n|move|p2a: Registeel|Amnesia|p2a: Registeel\n|-boost|p2a: Registeel|spd|0\n|\n|-heal|p1a: Dragapult|99\/100|[from] item: Leftovers\n|upkeep\n|turn|39\n|\n|t:|1658177233\n|move|p1a: Dragapult|Thunder Wave|p2a: Registeel\n|-fail|p2a: Registeel|par\n|cant|p2a: Registeel|par\n|\n|-heal|p1a: Dragapult|100\/100|[from] item: Leftovers\n|upkeep\n|turn|40\n|\n|t:|1658177238\n|move|p1a: Dragapult|Thunder Wave|p2a: Registeel\n|-fail|p2a: Registeel|par\n|cant|p2a: Registeel|par\n|\n|upkeep\n|turn|41\n|\n|t:|1658177242\n|move|p1a: Dragapult|Hex|p2a: Registeel\n|-damage|p2a: Registeel|82\/100 par\n|move|p2a: Registeel|Amnesia|p2a: Registeel\n|-boost|p2a: Registeel|spd|0\n|\n|upkeep\n|turn|42\n|\n|t:|1658177245\n|move|p1a: Dragapult|Hex|p2a: Registeel\n|-damage|p2a: Registeel|72\/100 par\n|move|p2a: Registeel|Amnesia|p2a: Registeel\n|-boost|p2a: Registeel|spd|0\n|\n|upkeep\n|turn|43\n|\n|t:|1658177252\n|switch|p1a: Zapdos|Zapdos|79\/100\n|move|p2a: Registeel|Rest|p2a: Registeel\n|-status|p2a: Registeel|slp|[from] move: Rest\n|-heal|p2a: Registeel|100\/100 slp|[silent]\n|\n|upkeep\n|turn|44\n|\n|t:|1658177255\n|move|p1a: Zapdos|Volt Switch|p2a: Registeel\n|-damage|p2a: Registeel|95\/100 slp\n|\n|t:|1658177257\n|switch|p1a: Crawdaunt|Crawdaunt, M|88\/100|[from]move: Volt Switch\n|cant|p2a: Registeel|slp\n|\n|upkeep\n|turn|45\n|\n|t:|1658177259\n|move|p1a: Crawdaunt|Close Combat|p2a: Registeel\n|-supereffective|p2a: Registeel\n|-damage|p2a: Registeel|78\/100 slp\n|-unboost|p1a: Crawdaunt|def|1\n|-unboost|p1a: Crawdaunt|spd|1\n|cant|p2a: Registeel|slp\n|\n|upkeep\n|turn|46\n|\n|t:|1658177263\n|switch|p1a: Dragapult|Dragapult, F|100\/100\n|-curestatus|p2a: Registeel|slp|[msg]\n|move|p2a: Registeel|Amnesia|p2a: Registeel\n|-boost|p2a: Registeel|spd|0\n|\n|upkeep\n|turn|47\n|\n|t:|1658177265\n|move|p1a: Dragapult|Thunder Wave|p2a: Registeel|[miss]\n|-miss|p1a: Dragapult|p2a: Registeel\n|move|p2a: Registeel|Amnesia|p2a: Registeel\n|-boost|p2a: Registeel|spd|0\n|\n|upkeep\n|turn|48\n|\n|t:|1658177268\n|move|p1a: Dragapult|Thunder Wave|p2a: Registeel\n|-status|p2a: Registeel|par\n|move|p2a: Registeel|Amnesia|p2a: Registeel\n|-boost|p2a: Registeel|spd|0\n|\n|upkeep\n|turn|49\n|\n|t:|1658177271\n|move|p1a: Dragapult|Thunder Wave|p2a: Registeel\n|-fail|p2a: Registeel|par\n|move|p2a: Registeel|Iron Defense|p2a: Registeel\n|-boost|p2a: Registeel|def|0\n|\n|upkeep\n|turn|50\n|\n|t:|1658177273\n|switch|p1a: Crawdaunt|Crawdaunt, M|88\/100\n|move|p2a: Registeel|Amnesia|p2a: Registeel\n|-boost|p2a: Registeel|spd|0\n|\n|upkeep\n|turn|51\n|\n|t:|1658177276\n|switch|p1a: Dragapult|Dragapult, F|100\/100\n|cant|p2a: Registeel|par\n|\n|upkeep\n|turn|52\n|\n|t:|1658177279\n|move|p1a: Dragapult|Substitute|p1a: Dragapult\n|-start|p1a: Dragapult|Substitute\n|-damage|p1a: Dragapult|76\/100\n|move|p2a: Registeel|Amnesia|p2a: Registeel\n|-boost|p2a: Registeel|spd|0\n|\n|-heal|p1a: Dragapult|82\/100|[from] item: Leftovers\n|upkeep\n|turn|53\n|\n|t:|1658177283\n|move|p1a: Dragapult|Thunder Wave|p2a: Registeel\n|-fail|p2a: Registeel|par\n|move|p2a: Registeel|Iron Defense|p2a: Registeel\n|-boost|p2a: Registeel|def|0\n|\n|-heal|p1a: Dragapult|88\/100|[from] item: Leftovers\n|upkeep\n|turn|54\n|\n|t:|1658177286\n|switch|p1a: Crawdaunt|Crawdaunt, M|88\/100\n|move|p2a: Registeel|Body Press|p1a: Crawdaunt\n|-supereffective|p1a: Crawdaunt\n|-damage|p1a: Crawdaunt|0 fnt\n|faint|p1a: Crawdaunt\n|\n|upkeep\n|\n|t:|1658177289\n|switch|p1a: Zapdos|Zapdos|79\/100\n|turn|55\n|\n|t:|1658177292\n|move|p1a: Zapdos|Volt Switch|p2a: Registeel\n|-damage|p2a: Registeel|73\/100 par\n|\n|t:|1658177294\n|switch|p1a: Dragapult|Dragapult, F|88\/100|[from]move: Volt Switch\n|move|p2a: Registeel|Amnesia|p2a: Registeel\n|-boost|p2a: Registeel|spd|0\n|\n|-heal|p1a: Dragapult|94\/100|[from] item: Leftovers\n|upkeep\n|turn|56\n|\n|t:|1658177297\n|move|p1a: Dragapult|Hex|p2a: Registeel\n|-damage|p2a: Registeel|64\/100 par\n|move|p2a: Registeel|Rest|p2a: Registeel\n|-status|p2a: Registeel|slp|[from] move: Rest\n|-heal|p2a: Registeel|100\/100 slp|[silent]\n|\n|-heal|p1a: Dragapult|99\/100|[from] item: Leftovers\n|upkeep\n|turn|57\n|\n|t:|1658177302\n|switch|p1a: Slowking|Slowking-Galar, F|100\/100\n|cant|p2a: Registeel|slp\n|\n|upkeep\n|turn|58\n|\n|t:|1658177305\n|cant|p2a: Registeel|slp\n|move|p1a: Slowking|Flamethrower|p2a: Registeel\n|-supereffective|p2a: Registeel\n|-damage|p2a: Registeel|93\/100 slp\n|\n|upkeep\n|turn|59\n|\n|t:|1658177308\n|-curestatus|p2a: Registeel|slp|[msg]\n|move|p2a: Registeel|Iron Defense|p2a: Registeel\n|-boost|p2a: Registeel|def|0\n|move|p1a: Slowking|Flamethrower|p2a: Registeel\n|-supereffective|p2a: Registeel\n|-damage|p2a: Registeel|85\/100\n|\n|upkeep\n|turn|60\n|\n|t:|1658177311\n|switch|p1a: Dragapult|Dragapult, F|99\/100\n|move|p2a: Registeel|Body Press|p1a: Dragapult\n|-immune|p1a: Dragapult\n|\n|-heal|p1a: Dragapult|100\/100|[from] item: Leftovers\n|upkeep\n|turn|61\n|\n|t:|1658177319\n|move|p1a: Dragapult|Substitute|p1a: Dragapult\n|-start|p1a: Dragapult|Substitute\n|-damage|p1a: Dragapult|76\/100\n|move|p2a: Registeel|Iron Defense|p2a: Registeel\n|-boost|p2a: Registeel|def|0\n|\n|-heal|p1a: Dragapult|82\/100|[from] item: Leftovers\n|upkeep\n|turn|62\n|\n|t:|1658177325\n|move|p1a: Dragapult|Thunder Wave|p2a: Registeel|[miss]\n|-miss|p1a: Dragapult|p2a: Registeel\n|move|p2a: Registeel|Amnesia|p2a: Registeel\n|-boost|p2a: Registeel|spd|0\n|\n|-heal|p1a: Dragapult|88\/100|[from] item: Leftovers\n|upkeep\n|turn|63\n|\n|t:|1658177330\n|move|p1a: Dragapult|Thunder Wave|p2a: Registeel\n|-status|p2a: Registeel|par\n|move|p2a: Registeel|Iron Defense|p2a: Registeel\n|-boost|p2a: Registeel|def|0\n|\n|-heal|p1a: Dragapult|94\/100|[from] item: Leftovers\n|upkeep\n|turn|64\n|\n|t:|1658177334\n|switch|p1a: Zapdos|Zapdos|79\/100\n|move|p2a: Registeel|Rest|p2a: Registeel\n|-status|p2a: Registeel|slp|[from] move: Rest\n|-heal|p2a: Registeel|100\/100 slp|[silent]\n|\n|upkeep\n|turn|65\n|\n|t:|1658177338\n|move|p1a: Zapdos|Volt Switch|p2a: Registeel\n|-damage|p2a: Registeel|95\/100 slp\n|\n|t:|1658177340\n|switch|p1a: Slowking|Slowking-Galar, F|100\/100|[from]move: Volt Switch\n|cant|p2a: Registeel|slp\n|\n|upkeep\n|turn|66\n|\n|t:|1658177344\n|cant|p2a: Registeel|slp\n|move|p1a: Slowking|Flamethrower|p2a: Registeel\n|-supereffective|p2a: Registeel\n|-damage|p2a: Registeel|87\/100 slp\n|\n|upkeep\n|turn|67\n|\n|t:|1658177348\n|switch|p1a: Dragapult|Dragapult, F|94\/100\n|-curestatus|p2a: Registeel|slp|[msg]\n|move|p2a: Registeel|Body Press|p1a: Dragapult\n|-immune|p1a: Dragapult\n|\n|-heal|p1a: Dragapult|99\/100|[from] item: Leftovers\n|upkeep\n|turn|68\n|\n|t:|1658177354\n|move|p1a: Dragapult|Thunder Wave|p2a: Registeel\n|-status|p2a: Registeel|par\n|move|p2a: Registeel|Body Press|p1a: Dragapult\n|-immune|p1a: Dragapult\n|\n|-heal|p1a: Dragapult|100\/100|[from] item: Leftovers\n|upkeep\n|turn|69\n|\n|t:|1658177359\n|move|p1a: Dragapult|Draco Meteor|p2a: Registeel\n|-resisted|p2a: Registeel\n|-damage|p2a: Registeel|83\/100 par\n|-unboost|p1a: Dragapult|spa|2\n|cant|p2a: Registeel|par\n|\n|upkeep\n|turn|70\n|\n|t:|1658177363\n|move|p1a: Dragapult|Substitute|p1a: Dragapult\n|-start|p1a: Dragapult|Substitute\n|-damage|p1a: Dragapult|76\/100\n|move|p2a: Registeel|Rest|p2a: Registeel\n|-status|p2a: Registeel|slp|[from] move: Rest\n|-heal|p2a: Registeel|100\/100 slp|[silent]\n|\n|-heal|p1a: Dragapult|82\/100|[from] item: Leftovers\n|upkeep\n|turn|71\n|\n|t:|1658177373\n|switch|p1a: Slowking|Slowking-Galar, F|100\/100\n|cant|p2a: Registeel|slp\n|\n|upkeep\n|turn|72\n|\n|t:|1658177379\n|cant|p2a: Registeel|slp\n|move|p1a: Slowking|Focus Blast|p2a: Registeel\n|-supereffective|p2a: Registeel\n|-damage|p2a: Registeel|90\/100 slp\n|\n|upkeep\n|turn|73\n|\n|t:|1658177384\n|switch|p1a: Dragapult|Dragapult, F|82\/100\n|-curestatus|p2a: Registeel|slp|[msg]\n|move|p2a: Registeel|Body Press|p1a: Dragapult\n|-immune|p1a: Dragapult\n|\n|-heal|p1a: Dragapult|88\/100|[from] item: Leftovers\n|upkeep\n|turn|74\n|\n|t:|1658177396\n|move|p1a: Dragapult|Thunder Wave|p2a: Registeel\n|-status|p2a: Registeel|par\n|cant|p2a: Registeel|par\n|\n|-heal|p1a: Dragapult|94\/100|[from] item: Leftovers\n|upkeep\n|turn|75\n|\n|t:|1658177399\n|move|p1a: Dragapult|Thunder Wave|p2a: Registeel\n|-fail|p2a: Registeel|par\n|cant|p2a: Registeel|par\n|\n|-heal|p1a: Dragapult|99\/100|[from] item: Leftovers\n|upkeep\n|turn|76\n|\n|t:|1658177402\n|move|p1a: Dragapult|Thunder Wave|p2a: Registeel\n|-fail|p2a: Registeel|par\n|move|p2a: Registeel|Body Press|p1a: Dragapult\n|-immune|p1a: Dragapult\n|\n|-heal|p1a: Dragapult|100\/100|[from] item: Leftovers\n|upkeep\n|turn|77\n|\n|t:|1658177405\n|move|p1a: Dragapult|Substitute|p1a: Dragapult\n|-start|p1a: Dragapult|Substitute\n|-damage|p1a: Dragapult|76\/100\n|move|p2a: Registeel|Amnesia|p2a: Registeel\n|-boost|p2a: Registeel|spd|0\n|\n|-heal|p1a: Dragapult|82\/100|[from] item: Leftovers\n|upkeep\n|turn|78\n|\n|t:|1658177408\n|move|p1a: Dragapult|Thunder Wave|p2a: Registeel\n|-fail|p2a: Registeel|par\n|move|p2a: Registeel|Body Press|p1a: Dragapult\n|-immune|p1a: Dragapult\n|\n|-heal|p1a: Dragapult|88\/100|[from] item: Leftovers\n|upkeep\n|turn|79\n|\n|t:|1658177411\n|move|p1a: Dragapult|Thunder Wave|p2a: Registeel\n|-fail|p2a: Registeel|par\n|cant|p2a: Registeel|par\n|\n|-heal|p1a: Dragapult|94\/100|[from] item: Leftovers\n|upkeep\n|turn|80\n|\n|t:|1658177413\n|switch|p1a: Zapdos|Zapdos|79\/100\n|cant|p2a: Registeel|par\n|\n|upkeep\n|turn|81\n|\n|t:|1658177416\n|move|p1a: Zapdos|Volt Switch|p2a: Registeel\n|-damage|p2a: Registeel|85\/100 par\n|\n|t:|1658177418\n|switch|p1a: Dragapult|Dragapult, F|94\/100|[from]move: Volt Switch\n|move|p2a: Registeel|Amnesia|p2a: Registeel\n|-boost|p2a: Registeel|spd|0\n|\n|-heal|p1a: Dragapult|99\/100|[from] item: Leftovers\n|upkeep\n|turn|82\n|\n|t:|1658177423\n|move|p1a: Dragapult|Draco Meteor|p2a: Registeel\n|-resisted|p2a: Registeel\n|-damage|p2a: Registeel|81\/100 par\n|-unboost|p1a: Dragapult|spa|2\n|cant|p2a: Registeel|par\n|\n|-heal|p1a: Dragapult|100\/100|[from] item: Leftovers\n|upkeep\n|turn|83\n|\n|t:|1658177427\n|move|p1a: Dragapult|Draco Meteor|p2a: Registeel|[miss]\n|-miss|p1a: Dragapult|p2a: Registeel\n|move|p2a: Registeel|Body Press|p1a: Dragapult\n|-immune|p1a: Dragapult\n|\n|upkeep\n|turn|84\n|\n|t:|1658177430\n|move|p1a: Dragapult|Draco Meteor|p2a: Registeel|[miss]\n|-miss|p1a: Dragapult|p2a: Registeel\n|cant|p2a: Registeel|par\n|\n|upkeep\n|turn|85\n|\n|t:|1658177433\n|switch|p1a: Zapdos|Zapdos|79\/100\n|move|p2a: Registeel|Amnesia|p2a: Registeel\n|-boost|p2a: Registeel|spd|0\n|\n|upkeep\n|turn|86\n|\n|t:|1658177436\n|move|p1a: Zapdos|Volt Switch|p2a: Registeel\n|-damage|p2a: Registeel|76\/100 par\n|\n|t:|1658177439\n|switch|p1a: Dragapult|Dragapult, F|100\/100|[from]move: Volt Switch\n|move|p2a: Registeel|Amnesia|p2a: Registeel\n|-boost|p2a: Registeel|spd|0\n|\n|upkeep\n|turn|87\n|\n|t:|1658177444\n|move|p1a: Dragapult|Draco Meteor|p2a: Registeel\n|-resisted|p2a: Registeel\n|-damage|p2a: Registeel|71\/100 par\n|-unboost|p1a: Dragapult|spa|2\n|move|p2a: Registeel|Iron Defense|p2a: Registeel\n|-boost|p2a: Registeel|def|0\n|\n|upkeep\n|turn|88\n|\n|t:|1658177446\n|switch|p1a: Zapdos|Zapdos|79\/100\n|move|p2a: Registeel|Rest|p2a: Registeel\n|-status|p2a: Registeel|slp|[from] move: Rest\n|-heal|p2a: Registeel|100\/100 slp|[silent]\n|\n|upkeep\n|turn|89\n|\n|t:|1658177450\n|move|p1a: Zapdos|Volt Switch|p2a: Registeel\n|-damage|p2a: Registeel|96\/100 slp\n|\n|t:|1658177452\n|switch|p1a: Slowking|Slowking-Galar, F|100\/100|[from]move: Volt Switch\n|cant|p2a: Registeel|slp\n|\n|upkeep\n|turn|90\n|\n|t:|1658177458\n|cant|p2a: Registeel|slp\n|move|p1a: Slowking|Focus Blast|p2a: Registeel\n|-supereffective|p2a: Registeel\n|-damage|p2a: Registeel|86\/100 slp\n|\n|upkeep\n|turn|91\n|\n|t:|1658177463\n|switch|p1a: Dragapult|Dragapult, F|100\/100\n|-curestatus|p2a: Registeel|slp|[msg]\n|move|p2a: Registeel|Iron Defense|p2a: Registeel\n|-boost|p2a: Registeel|def|0\n|\n|upkeep\n|turn|92\n|\n|t:|1658177469\n|move|p1a: Dragapult|Thunder Wave|p2a: Registeel\n|-status|p2a: Registeel|par\n|cant|p2a: Registeel|par\n|\n|upkeep\n|turn|93\n|\n|t:|1658177476\n|move|p1a: Dragapult|Substitute|p1a: Dragapult\n|-start|p1a: Dragapult|Substitute\n|-damage|p1a: Dragapult|76\/100\n|cant|p2a: Registeel|par\n|\n|-heal|p1a: Dragapult|82\/100|[from] item: Leftovers\n|upkeep\n|turn|94\n|\n|t:|1658177482\n|move|p1a: Dragapult|Thunder Wave|p2a: Registeel\n|-fail|p2a: Registeel|par\n|move|p2a: Registeel|Iron Defense|p2a: Registeel\n|-boost|p2a: Registeel|def|0\n|\n|-heal|p1a: Dragapult|88\/100|[from] item: Leftovers\n|upkeep\n|turn|95\n|\n|t:|1658177484\n|move|p1a: Dragapult|Thunder Wave|p2a: Registeel\n|-fail|p2a: Registeel|par\n|move|p2a: Registeel|Iron Defense|p2a: Registeel\n|-boost|p2a: Registeel|def|0\n|\n|-heal|p1a: Dragapult|94\/100|[from] item: Leftovers\n|upkeep\n|turn|96\n|\n|t:|1658177487\n|move|p1a: Dragapult|Substitute|p1a: Dragapult\n|-fail|p1a: Dragapult|move: Substitute\n|move|p2a: Registeel|Iron Defense|p2a: Registeel\n|-boost|p2a: Registeel|def|0\n|\n|-heal|p1a: Dragapult|99\/100|[from] item: Leftovers\n|upkeep\n|turn|97\n|\n|t:|1658177491\n|move|p1a: Dragapult|Thunder Wave|p2a: Registeel\n|-fail|p2a: Registeel|par\n|move|p2a: Registeel|Amnesia|p2a: Registeel\n|-boost|p2a: Registeel|spd|0\n|\n|-heal|p1a: Dragapult|100\/100|[from] item: Leftovers\n|upkeep\n|turn|98\n|\n|t:|1658177495\n|switch|p1a: Zapdos|Zapdos|79\/100\n|move|p2a: Registeel|Amnesia|p2a: Registeel\n|-boost|p2a: Registeel|spd|0\n|\n|upkeep\n|turn|99\n|\n|t:|1658177499\n|move|p1a: Zapdos|Volt Switch|p2a: Registeel\n|-damage|p2a: Registeel|80\/100 par\n|\n|t:|1658177502\n|switch|p1a: Dragapult|Dragapult, F|100\/100|[from]move: Volt Switch\n|move|p2a: Registeel|Amnesia|p2a: Registeel\n|-boost|p2a: Registeel|spd|0\n|\n|upkeep\n|turn|100\n|\n|t:|1658177508\n|move|p1a: Dragapult|Thunder Wave|p2a: Registeel\n|-fail|p2a: Registeel|par\n|cant|p2a: Registeel|par\n|\n|upkeep\n|turn|101\n|\n|t:|1658177512\n|switch|p1a: Zapdos|Zapdos|79\/100\n|move|p2a: Registeel|Iron Defense|p2a: Registeel\n|-boost|p2a: Registeel|def|0\n|\n|upkeep\n|turn|102\n|\n|t:|1658177517\n|move|p1a: Zapdos|Volt Switch|p2a: Registeel\n|-damage|p2a: Registeel|75\/100 par\n|\n|t:|1658177519\n|switch|p1a: Dragapult|Dragapult, F|100\/100|[from]move: Volt Switch\n|move|p2a: Registeel|Rest|p2a: Registeel\n|-status|p2a: Registeel|slp|[from] move: Rest\n|-heal|p2a: Registeel|100\/100 slp|[silent]\n|\n|upkeep\n|turn|103\n|\n|t:|1658177523\n|move|p1a: Dragapult|Hex|p2a: Registeel\n|-damage|p2a: Registeel|91\/100 slp\n|cant|p2a: Registeel|slp\n|\n|upkeep\n|turn|104\n|\n|t:|1658177530\n|switch|p1a: Zapdos|Zapdos|79\/100\n|cant|p2a: Registeel|slp\n|\n|upkeep\n|turn|105\n|\n|t:|1658177534\n|move|p1a: Zapdos|Volt Switch|p2a: Registeel\n|-damage|p2a: Registeel|86\/100 slp\n|\n|t:|1658177538\n|switch|p1a: Slowking|Slowking-Galar, F|100\/100|[from]move: Volt Switch\n|-curestatus|p2a: Registeel|slp|[msg]\n|move|p2a: Registeel|Iron Defense|p2a: Registeel\n|-boost|p2a: Registeel|def|0\n|\n|upkeep\n|turn|106\n|\n|t:|1658177542\n|move|p2a: Registeel|Body Press|p1a: Slowking\n|-resisted|p1a: Slowking\n|-damage|p1a: Slowking|63\/100\n|move|p1a: Slowking|Flamethrower|p2a: Registeel\n|-supereffective|p2a: Registeel\n|-damage|p2a: Registeel|79\/100\n|\n|upkeep\n|turn|107\n|\n|t:|1658177548\n|move|p2a: Registeel|Amnesia|p2a: Registeel\n|-boost|p2a: Registeel|spd|0\n|move|p1a: Slowking|Focus Blast|p2a: Registeel|[miss]\n|-miss|p1a: Slowking|p2a: Registeel\n|\n|upkeep\n|turn|108\n|\n|t:|1658177551\n|move|p2a: Registeel|Body Press|p1a: Slowking\n|-resisted|p1a: Slowking\n|-damage|p1a: Slowking|30\/100\n|move|p1a: Slowking|Flamethrower|p2a: Registeel\n|-supereffective|p2a: Registeel\n|-damage|p2a: Registeel|70\/100\n|-status|p2a: Registeel|brn\n|\n|-damage|p2a: Registeel|64\/100 brn|[from] brn\n|upkeep\n|turn|109\n|\n|t:|1658177556\n|switch|p1a: Dragapult|Dragapult, F|100\/100\n|move|p2a: Registeel|Amnesia|p2a: Registeel\n|-boost|p2a: Registeel|spd|0\n|\n|-damage|p2a: Registeel|58\/100 brn|[from] brn\n|upkeep\n|turn|110\n|\n|t:|1658177559\n|switch|p1a: Slowking|Slowking-Galar, F|63\/100\n|move|p2a: Registeel|Rest|p2a: Registeel\n|-status|p2a: Registeel|slp|[from] move: Rest\n|-heal|p2a: Registeel|100\/100 slp|[silent]\n|\n|upkeep\n|turn|111\n|\n|t:|1658177561\n|switch|p1a: Dragapult|Dragapult, F|100\/100\n|cant|p2a: Registeel|slp\n|\n|upkeep\n|turn|112\n|\n|t:|1658177564\n|switch|p1a: Slowking|Slowking-Galar, F|96\/100\n|cant|p2a: Registeel|slp\n|\n|upkeep\n|turn|113\n|\n|t:|1658177567\n|-curestatus|p2a: Registeel|slp|[msg]\n|move|p2a: Registeel|Amnesia|p2a: Registeel\n|-boost|p2a: Registeel|spd|0\n|move|p1a: Slowking|Flamethrower|p2a: Registeel\n|-supereffective|p2a: Registeel\n|-damage|p2a: Registeel|92\/100\n|\n|upkeep\n|turn|114\n|\n|t:|1658177570\n|move|p2a: Registeel|Body Press|p1a: Slowking\n|-resisted|p1a: Slowking\n|-damage|p1a: Slowking|63\/100\n|move|p1a: Slowking|Flamethrower|p2a: Registeel\n|-supereffective|p2a: Registeel\n|-crit|p2a: Registeel\n|-damage|p2a: Registeel|50\/100\n|\n|upkeep\n|turn|115\n|\n|t:|1658177575\n|move|p2a: Registeel|Body Press|p1a: Slowking\n|-resisted|p1a: Slowking\n|-damage|p1a: Slowking|29\/100\n|move|p1a: Slowking|Focus Blast|p2a: Registeel|[miss]\n|-miss|p1a: Slowking|p2a: Registeel\n|\n|upkeep\n|turn|116\n|\n|t:|1658177579\n|switch|p2a: Orbeetle|Orbeetle, F|100\/100\n|-item|p1a: Slowking|Assault Vest|[from] ability: Frisk|[of] p2a: Orbeetle|[identify]\n|switch|p1a: Dragapult|Dragapult, F|100\/100\n|\n|upkeep\n|turn|117\n|\n|t:|1658177586\n|move|p1a: Dragapult|Thunder Wave|p2a: Orbeetle\n|-status|p2a: Orbeetle|par\n|move|p2a: Orbeetle|Agility|p2a: Orbeetle\n|-boost|p2a: Orbeetle|spe|2\n|\n|upkeep\n|turn|118\n|\n|t:|1658177590\n|switch|p1a: Zapdos|Zapdos|79\/100\n|move|p2a: Orbeetle|Calm Mind|p2a: Orbeetle\n|-boost|p2a: Orbeetle|spa|1\n|-boost|p2a: Orbeetle|spd|1\n|\n|upkeep\n|turn|119\n|\n|t:|1658177592\n|cant|p2a: Orbeetle|par\n|move|p1a: Zapdos|Hurricane|p2a: Orbeetle\n|-supereffective|p2a: Orbeetle\n|-damage|p2a: Orbeetle|33\/100 par\n|-start|p2a: Orbeetle|confusion\n|-enditem|p2a: Orbeetle|Weakness Policy\n|-boost|p2a: Orbeetle|atk|2|[from] item: Weakness Policy\n|-boost|p2a: Orbeetle|spa|2|[from] item: Weakness Policy\n|\n|upkeep\n|turn|120\n|\n|t:|1658177599\n|-activate|p2a: Orbeetle|confusion\n|-damage|p2a: Orbeetle|25\/100 par|[from] confusion\n|move|p1a: Zapdos|Hurricane|p2a: Orbeetle\n|-supereffective|p2a: Orbeetle\n|-damage|p2a: Orbeetle|0 fnt\n|faint|p2a: Orbeetle\n|\n|upkeep\n|-message|Forwards forfeited.\n|\n|win|hes4thepeople\n|raw|hes4thepeople's rating: 1517 &rarr; <strong>1544<\/strong><br \/>(+27 for winning)\n|raw|Forwards's rating: 1649 &rarr; <strong>1622<\/strong><br \/>(-27 for losing)\n|l|\u2606Forwards\n","uploadtime":1658177624,"views":64,"p1id":"hes4thepeople","p2id":"forwards","formatid":"gen8ou","rating":1544,"private":0,"password":null}