{"id":"gen8bdspou-1458860617","p1":"Ladder Dude 01","p2":"i know im horrible","format":"gen8bdspou","log":"|j|\u2606Ladder Dude 01\n|j|\u2606i know im horrible\n|t:|1637589332\n|gametype|singles\n|player|p1|Ladder Dude 01|266|1294\n|player|p2|i know im horrible|170|1401\n|teamsize|p1|6\n|teamsize|p2|6\n|gen|8\n|tier|[Gen 8 BDSP] OU\n|rated|\n|rule|Sleep Clause Mod: Limit one foe put to sleep\n|rule|Species Clause: Limit one of each Pok\u00e9mon\n|rule|OHKO Clause: OHKO moves are banned\n|rule|Evasion Moves Clause: Evasion moves are banned\n|rule|Endless Battle Clause: Forcing endless battles is banned\n|rule|HP Percentage Mod: HP is shown in percentages\n|clearpoke\n|poke|p1|Scizor, M|\n|poke|p1|Entei|\n|poke|p1|Latios, M|\n|poke|p1|Hippowdon, M|\n|poke|p1|Mantine, F|\n|poke|p1|Rotom-Mow|\n|poke|p2|Dragonite, F|\n|poke|p2|Breloom, F|\n|poke|p2|Alakazam, M|\n|poke|p2|Crawdaunt, M|\n|poke|p2|Donphan, M|\n|poke|p2|Entei|\n|teampreview\n|inactive|Battle timer is ON: inactive players will automatically lose when time's up. (requested by Ladder Dude 01)\n|j| Silvallytje\n|\n|t:|1637589346\n|start\n|switch|p1a: Rotom|Rotom-Mow|100\/100\n|switch|p2a: Donphan|Donphan, M|100\/100\n|turn|1\n|l| Silvallytje\n|\n|t:|1637589352\n|move|p1a: Rotom|Will-O-Wisp|p2a: Donphan\n|-status|p2a: Donphan|brn\n|move|p2a: Donphan|Stealth Rock|p1a: Rotom\n|-sidestart|p1: Ladder Dude 01|move: Stealth Rock\n|\n|-damage|p2a: Donphan|94\/100 brn|[from] brn\n|upkeep\n|turn|2\n|\n|t:|1637589370\n|move|p1a: Rotom|Will-O-Wisp|p2a: Donphan\n|-fail|p2a: Donphan|brn\n|move|p2a: Donphan|Knock Off|p1a: Rotom\n|-damage|p1a: Rotom|86\/100\n|-enditem|p1a: Rotom|Leftovers|[from] move: Knock Off|[of] p2a: Donphan\n|\n|-damage|p2a: Donphan|88\/100 brn|[from] brn\n|upkeep\n|turn|3\n|\n|t:|1637589379\n|switch|p2a: Entei|Entei|100\/100\n|move|p1a: Rotom|Leaf Storm|p2a: Entei\n|-resisted|p2a: Entei\n|-damage|p2a: Entei|75\/100\n|-unboost|p1a: Rotom|spa|2\n|\n|upkeep\n|turn|4\n|\n|t:|1637589387\n|switch|p1a: Hippowdon|Hippowdon, M|100\/100\n|-damage|p1a: Hippowdon|94\/100|[from] Stealth Rock\n|-weather|Sandstorm|[from] ability: Sand Stream|[of] p1a: Hippowdon\n|move|p2a: Entei|Sacred Fire|p1a: Hippowdon\n|-damage|p1a: Hippowdon|59\/100\n|\n|-weather|Sandstorm|[upkeep]\n|-damage|p2a: Entei|69\/100|[from] Sandstorm\n|-heal|p1a: Hippowdon|65\/100|[from] item: Leftovers\n|upkeep\n|turn|5\n|\n|t:|1637589397\n|move|p2a: Entei|Sacred Fire|p1a: Hippowdon\n|-damage|p1a: Hippowdon|24\/100\n|-status|p1a: Hippowdon|brn\n|move|p1a: Hippowdon|Stealth Rock|p2a: Entei\n|-sidestart|p2: i know im horrible|move: Stealth Rock\n|\n|-weather|Sandstorm|[upkeep]\n|-damage|p2a: Entei|62\/100|[from] Sandstorm\n|-heal|p1a: Hippowdon|30\/100 brn|[from] item: Leftovers\n|-damage|p1a: Hippowdon|24\/100 brn|[from] brn\n|upkeep\n|turn|6\n|\n|t:|1637589402\n|move|p2a: Entei|Sacred Fire|p1a: Hippowdon\n|-damage|p1a: Hippowdon|0 fnt\n|faint|p1a: Hippowdon\n|\n|-weather|Sandstorm|[upkeep]\n|-damage|p2a: Entei|56\/100|[from] Sandstorm\n|upkeep\n|\n|t:|1637589405\n|switch|p1a: Latios|Latios, M|100\/100\n|-damage|p1a: Latios|88\/100|[from] Stealth Rock\n|turn|7\n|\n|t:|1637589411\n|move|p1a: Latios|Draco Meteor|p2a: Entei\n|-damage|p2a: Entei|0 fnt\n|-unboost|p1a: Latios|spa|2\n|faint|p2a: Entei\n|\n|-weather|Sandstorm|[upkeep]\n|-damage|p1a: Latios|82\/100|[from] Sandstorm\n|upkeep\n|\n|t:|1637589419\n|switch|p2a: Alakazam|Alakazam, M|100\/100\n|turn|8\n|\n|t:|1637589424\n|switch|p1a: Mantine|Mantine, F|100\/100\n|-damage|p1a: Mantine|76\/100|[from] Stealth Rock\n|move|p2a: Alakazam|Nasty Plot|p2a: Alakazam\n|-boost|p2a: Alakazam|spa|2\n|\n|-weather|none\n|-heal|p1a: Mantine|82\/100|[from] item: Leftovers\n|upkeep\n|turn|9\n|\n|t:|1637589428\n|move|p2a: Alakazam|Psychic|p1a: Mantine\n|-damage|p1a: Mantine|21\/100\n|move|p1a: Mantine|Haze|p1a: Mantine\n|-clearallboost\n|\n|-heal|p1a: Mantine|28\/100|[from] item: Leftovers\n|upkeep\n|turn|10\n|\n|t:|1637589432\n|move|p2a: Alakazam|Psychic|p1a: Mantine\n|-damage|p1a: Mantine|0 fnt\n|faint|p1a: Mantine\n|\n|upkeep\n|\n|t:|1637589433\n|switch|p1a: Scizor|Scizor, M|100\/100\n|-damage|p1a: Scizor|88\/100|[from] Stealth Rock\n|turn|11\n|\n|t:|1637589437\n|switch|p2a: Donphan|Donphan, M|88\/100 brn\n|-damage|p2a: Donphan|82\/100 brn|[from] Stealth Rock\n|move|p1a: Scizor|U-turn|p2a: Donphan\n|-damage|p2a: Donphan|48\/100 brn\n|\n|t:|1637589449\n|switch|p1a: Rotom|Rotom-Mow|86\/100|[from]move: U-turn\n|-damage|p1a: Rotom|74\/100|[from] Stealth Rock\n|\n|-damage|p2a: Donphan|42\/100 brn|[from] brn\n|upkeep\n|turn|12\n|\n|t:|1637589453\n|move|p1a: Rotom|Leaf Storm|p2a: Donphan\n|-supereffective|p2a: Donphan\n|-damage|p2a: Donphan|0 fnt\n|-unboost|p1a: Rotom|spa|2\n|faint|p2a: Donphan\n|\n|upkeep\n|\n|t:|1637589456\n|switch|p2a: Alakazam|Alakazam, M|100\/100\n|turn|13\n|\n|t:|1637589460\n|move|p2a: Alakazam|Psychic|p1a: Rotom\n|-damage|p1a: Rotom|33\/100\n|move|p1a: Rotom|Volt Switch|p2a: Alakazam\n|-damage|p2a: Alakazam|84\/100\n|\n|t:|1637589462\n|switch|p1a: Scizor|Scizor, M|88\/100|[from]move: Volt Switch\n|-damage|p1a: Scizor|76\/100|[from] Stealth Rock\n|\n|upkeep\n|turn|14\n|\n|t:|1637589467\n|move|p1a: Scizor|Bullet Punch|p2a: Alakazam\n|-damage|p2a: Alakazam|0 fnt\n|faint|p2a: Alakazam\n|\n|upkeep\n|\n|t:|1637589473\n|switch|p2a: Crawdaunt|Crawdaunt, M|100\/100\n|-damage|p2a: Crawdaunt|88\/100|[from] Stealth Rock\n|turn|15\n|\n|t:|1637589483\n|switch|p1a: Rotom|Rotom-Mow|33\/100\n|-damage|p1a: Rotom|21\/100|[from] Stealth Rock\n|move|p2a: Crawdaunt|Knock Off|p1a: Rotom\n|-damage|p1a: Rotom|0 fnt\n|faint|p1a: Rotom\n|\n|upkeep\n|\n|t:|1637589489\n|switch|p1a: Latios|Latios, M|82\/100\n|-damage|p1a: Latios|70\/100|[from] Stealth Rock\n|turn|16\n|\n|t:|1637589491\n|move|p1a: Latios|Thunderbolt|p2a: Crawdaunt\n|-supereffective|p2a: Crawdaunt\n|-damage|p2a: Crawdaunt|0 fnt\n|faint|p2a: Crawdaunt\n|\n|upkeep\n|\n|t:|1637589495\n|switch|p2a: Dragonite|Dragonite, F|100\/100\n|-damage|p2a: Dragonite|76\/100|[from] Stealth Rock\n|turn|17\n|\n|t:|1637589499\n|move|p1a: Latios|Draco Meteor|p2a: Dragonite|[miss]\n|-miss|p1a: Latios|p2a: Dragonite\n|move|p2a: Dragonite|Substitute|p2a: Dragonite\n|-start|p2a: Dragonite|Substitute\n|-damage|p2a: Dragonite|51\/100\n|\n|-heal|p2a: Dragonite|57\/100|[from] item: Leftovers\n|upkeep\n|turn|18\n|\n|t:|1637589505\n|move|p1a: Latios|Psychic|p2a: Dragonite\n|-end|p2a: Dragonite|Substitute\n|move|p2a: Dragonite|Roost|p2a: Dragonite\n|-heal|p2a: Dragonite|100\/100\n|-singleturn|p2a: Dragonite|move: Roost\n|\n|upkeep\n|turn|19\n|\n|t:|1637589510\n|move|p1a: Latios|Thunderbolt|p2a: Dragonite\n|-damage|p2a: Dragonite|90\/100\n|move|p2a: Dragonite|Dragon Dance|p2a: Dragonite\n|-boost|p2a: Dragonite|atk|1\n|-boost|p2a: Dragonite|spe|1\n|\n|-heal|p2a: Dragonite|96\/100|[from] item: Leftovers\n|upkeep\n|turn|20\n|\n|t:|1637589514\n|move|p1a: Latios|Draco Meteor|p2a: Dragonite|[miss]\n|-miss|p1a: Latios|p2a: Dragonite\n|move|p2a: Dragonite|Roost|p2a: Dragonite\n|-heal|p2a: Dragonite|100\/100\n|-singleturn|p2a: Dragonite|move: Roost\n|\n|upkeep\n|turn|21\n|c|\u2606Ladder Dude 01|wtf\n|\n|t:|1637589522\n|move|p1a: Latios|Thunderbolt|p2a: Dragonite\n|-damage|p2a: Dragonite|90\/100\n|move|p2a: Dragonite|Dragon Dance|p2a: Dragonite\n|-boost|p2a: Dragonite|atk|1\n|-boost|p2a: Dragonite|spe|1\n|\n|-heal|p2a: Dragonite|96\/100|[from] item: Leftovers\n|upkeep\n|turn|22\n|\n|t:|1637589527\n|move|p2a: Dragonite|Fly||[still]\n|-prepare|p2a: Dragonite|Fly\n|move|p1a: Latios|Draco Meteor|p2a: Dragonite|[miss]\n|-miss|p1a: Latios|p2a: Dragonite\n|\n|-heal|p2a: Dragonite|100\/100|[from] item: Leftovers\n|upkeep\n|turn|23\n|\n|t:|1637589532\n|move|p2a: Dragonite|Fly|p1a: Latios|[from]lockedmove\n|-damage|p1a: Latios|0 fnt\n|faint|p1a: Latios\n|\n|upkeep\n|\n|t:|1637589537\n|switch|p1a: Entei|Entei|100\/100\n|-damage|p1a: Entei|76\/100|[from] Stealth Rock\n|turn|24\n|\n|t:|1637589540\n|move|p1a: Entei|Extreme Speed|p2a: Dragonite\n|-damage|p2a: Dragonite|82\/100\n|move|p2a: Dragonite|Fly||[still]\n|-prepare|p2a: Dragonite|Fly\n|\n|-heal|p2a: Dragonite|88\/100|[from] item: Leftovers\n|upkeep\n|turn|25\n|\n|t:|1637589546\n|move|p1a: Entei|Extreme Speed|p2a: Dragonite|[miss]\n|-miss|p1a: Entei|p2a: Dragonite\n|move|p2a: Dragonite|Fly|p1a: Entei|[from]lockedmove\n|-damage|p1a: Entei|0 fnt\n|faint|p1a: Entei\n|\n|-heal|p2a: Dragonite|94\/100|[from] item: Leftovers\n|upkeep\n|\n|t:|1637589548\n|switch|p1a: Scizor|Scizor, M|76\/100\n|-damage|p1a: Scizor|64\/100|[from] Stealth Rock\n|turn|26\n|\n|t:|1637589551\n|move|p1a: Scizor|Bullet Punch|p2a: Dragonite\n|-damage|p2a: Dragonite|45\/100\n|move|p2a: Dragonite|Fly||[still]\n|-prepare|p2a: Dragonite|Fly\n|\n|-heal|p2a: Dragonite|51\/100|[from] item: Leftovers\n|upkeep\n|turn|27\n|\n|t:|1637589555\n|move|p1a: Scizor|Bullet Punch|p2a: Dragonite|[miss]\n|-miss|p1a: Scizor|p2a: Dragonite\n|move|p2a: Dragonite|Fly|p1a: Scizor|[from]lockedmove\n|-damage|p1a: Scizor|0 fnt\n|faint|p1a: Scizor\n|\n|win|i know im horrible\n|raw|Ladder Dude 01's rating: 1294 &rarr; <strong>1276<\/strong><br \/>(-18 for losing)\n|raw|i know im horrible's rating: 1401 &rarr; <strong>1415<\/strong><br \/>(+14 for winning)\n|c|\u2606i know im horrible|gg\n","uploadtime":1637589587,"views":23,"p1id":"ladderdude01","p2id":"iknowimhorrible","formatid":"gen8bdspou","rating":1276,"private":0,"password":null}