{"id":"gen8ou-1301647244","p1":"MAVERICK SHOOTERS","p2":"ammozaffar","format":"gen8ou","log":"|j|\u2606MAVERICK SHOOTERS\n|j|\u2606ammozaffar\n|t:|1615783224\n|player|p1|MAVERICK SHOOTERS|hugh|1470\n|player|p2|ammozaffar|pokemaniac|1404\n|teamsize|p1|6\n|teamsize|p2|6\n|gametype|singles\n|gen|8\n|tier|[Gen 8] OU\n|rated|\n|clearpoke\n|poke|p1|Corviknight, F|\n|poke|p1|Kommo-o, M|\n|poke|p1|Clefable, F|\n|poke|p1|Zeraora|\n|poke|p1|Nidoking, M|\n|poke|p1|Slowking, M|\n|poke|p2|Dragapult, F|\n|poke|p2|Garchomp, M|\n|poke|p2|Tapu Lele|\n|poke|p2|Urshifu-*, M|\n|poke|p2|Landorus-Therian, M|\n|poke|p2|Nidoking, M|\n|rule|Sleep Clause Mod: Limit one foe put to sleep\n|rule|Species Clause: Limit one of each Pok\u00e9mon\n|rule|OHKO Clause: OHKO moves are banned\n|rule|Evasion Moves Clause: Evasion moves are banned\n|rule|Endless Battle Clause: Forcing endless battles is banned\n|rule|HP Percentage Mod: HP is shown in percentages\n|rule|Dynamax Clause: You cannot dynamax\n|teampreview\n|inactive|Battle timer is ON: inactive players will automatically lose when time's up. (requested by ammozaffar)\n|\n|t:|1615783253\n|start\n|switch|p1a: Kommo-o|Kommo-o, M|100\/100\n|switch|p2a: Nidoking|Nidoking, M|100\/100\n|turn|1\n|\n|t:|1615783269\n|switch|p1a: Slowking|Slowking, M|100\/100\n|move|p2a: Nidoking|Ice Beam|p1a: Slowking\n|-resisted|p1a: Slowking\n|-damage|p1a: Slowking|88\/100\n|\n|upkeep\n|turn|2\n|inactive|MAVERICK SHOOTERS has 120 seconds left.\n|c|\u2606MAVERICK SHOOTERS|modest nidoking lol\n|\n|t:|1615783321\n|switch|p2a: Dragapult|Dragapult, F|100\/100\n|move|p1a: Slowking|Teleport|p1a: Slowking\n|inactive|MAVERICK SHOOTERS has 90 seconds left.\n|\n|t:|1615783342\n|switch|p1a: Clefable|Clefable, F|100\/100|[from]move: Teleport\n|\n|upkeep\n|turn|3\n|inactive|MAVERICK SHOOTERS has 90 seconds left.\n|\n|t:|1615783351\n|switch|p2a: Landorus|Landorus-Therian, M|100\/100\n|-ability|p2a: Landorus|Intimidate|boost\n|-unboost|p1a: Clefable|atk|1\n|move|p1a: Clefable|Wish|p1a: Clefable\n|\n|upkeep\n|turn|4\n|\n|t:|1615783359\n|move|p2a: Landorus|Stealth Rock|p1a: Clefable\n|-sidestart|p1: MAVERICK SHOOTERS|move: Stealth Rock\n|move|p1a: Clefable|Moonblast|p2a: Landorus\n|-damage|p2a: Landorus|67\/100\n|\n|upkeep\n|turn|5\n|\n|t:|1615783365\n|move|p2a: Landorus|Knock Off|p1a: Clefable\n|-resisted|p1a: Clefable\n|-damage|p1a: Clefable|89\/100\n|-enditem|p1a: Clefable|Leftovers|[from] move: Knock Off|[of] p2a: Landorus\n|move|p1a: Clefable|Wish|p1a: Clefable\n|\n|upkeep\n|turn|6\n|\n|t:|1615783371\n|move|p2a: Landorus|U-turn|p1a: Clefable\n|-resisted|p1a: Clefable\n|-crit|p1a: Clefable\n|-damage|p1a: Clefable|75\/100\n|\n|t:|1615783374\n|switch|p2a: Tapu Lele|Tapu Lele|100\/100|[from]move: U-turn\n|-fieldstart|move: Psychic Terrain|[from] ability: Psychic Surge|[of] p2a: Tapu Lele\n|move|p1a: Clefable|Moonblast|p2a: Tapu Lele\n|-damage|p2a: Tapu Lele|66\/100\n|\n|-heal|p1a: Clefable|100\/100|[from] move: Wish|[wisher] Clefable\n|upkeep\n|turn|7\n|\n|t:|1615783388\n|switch|p1a: Slowking|Slowking, M|100\/100\n|move|p2a: Tapu Lele|Psyshock|p1a: Slowking\n|-resisted|p1a: Slowking\n|-damage|p1a: Slowking|74\/100\n|\n|upkeep\n|turn|8\n|inactive|MAVERICK SHOOTERS has 120 seconds left.\n|\n|t:|1615783411\n|switch|p2a: Landorus|Landorus-Therian, M|67\/100\n|-ability|p2a: Landorus|Intimidate|boost\n|-unboost|p1a: Slowking|atk|1\n|move|p1a: Slowking|Teleport|p1a: Slowking\n|\n|t:|1615783416\n|switch|p1a: Kommo-o|Kommo-o, M|100\/100|[from]move: Teleport\n|-damage|p1a: Kommo-o|94\/100|[from] Stealth Rock\n|\n|upkeep\n|turn|9\n|\n|t:|1615783421\n|move|p2a: Landorus|Knock Off|p1a: Kommo-o\n|-resisted|p1a: Kommo-o\n|-damage|p1a: Kommo-o|85\/100\n|-damage|p2a: Landorus|50\/100|[from] item: Rocky Helmet|[of] p1a: Kommo-o\n|-enditem|p1a: Kommo-o|Rocky Helmet|[from] move: Knock Off|[of] p2a: Landorus\n|move|p1a: Kommo-o|Stealth Rock|p2a: Landorus\n|-sidestart|p2: ammozaffar|move: Stealth Rock\n|\n|upkeep\n|turn|10\n|\n|t:|1615783432\n|move|p2a: Landorus|U-turn|p1a: Kommo-o\n|-resisted|p1a: Kommo-o\n|-damage|p1a: Kommo-o|77\/100\n|\n|t:|1615783438\n|switch|p2a: Urshifu|Urshifu-Rapid-Strike, M|100\/100|[from]move: U-turn\n|-damage|p2a: Urshifu|94\/100|[from] Stealth Rock\n|move|p1a: Kommo-o|Toxic|p2a: Urshifu\n|-status|p2a: Urshifu|tox\n|\n|-damage|p2a: Urshifu|88\/100 tox|[from] psn\n|-fieldend|move: Psychic Terrain\n|upkeep\n|turn|11\n|\n|t:|1615783448\n|move|p2a: Urshifu|U-turn|p1a: Kommo-o\n|-resisted|p1a: Kommo-o\n|-damage|p1a: Kommo-o|65\/100\n|\n|t:|1615783452\n|switch|p2a: Landorus|Landorus-Therian, M|50\/100|[from]move: U-turn\n|-damage|p2a: Landorus|38\/100|[from] Stealth Rock\n|-ability|p2a: Landorus|Intimidate|boost\n|-unboost|p1a: Kommo-o|atk|1\n|move|p1a: Kommo-o|Body Press|p2a: Landorus\n|-resisted|p2a: Landorus\n|-damage|p2a: Landorus|23\/100\n|-damage|p1a: Kommo-o|49\/100|[from] item: Rocky Helmet|[of] p2a: Landorus\n|\n|upkeep\n|turn|12\n|\n|t:|1615783463\n|switch|p1a: Corviknight|Corviknight, F|100\/100\n|-damage|p1a: Corviknight|88\/100|[from] Stealth Rock\n|-ability|p1a: Corviknight|Pressure\n|move|p2a: Landorus|Earthquake|p1a: Corviknight\n|-immune|p1a: Corviknight\n|\n|-heal|p1a: Corviknight|94\/100|[from] item: Leftovers\n|upkeep\n|turn|13\n|\n|t:|1615783472\n|move|p2a: Landorus|Knock Off|p1a: Corviknight\n|-crit|p1a: Corviknight\n|-damage|p1a: Corviknight|63\/100\n|-enditem|p1a: Corviknight|Leftovers|[from] move: Knock Off|[of] p2a: Landorus\n|move|p1a: Corviknight|U-turn|p2a: Landorus\n|-resisted|p2a: Landorus\n|-damage|p2a: Landorus|18\/100\n|-damage|p1a: Corviknight|46\/100|[from] item: Rocky Helmet|[of] p2a: Landorus\n|\n|t:|1615783480\n|switch|p1a: Zeraora|Zeraora|100\/100|[from]move: U-turn\n|\n|upkeep\n|turn|14\n|\n|t:|1615783485\n|move|p1a: Zeraora|Knock Off|p2a: Landorus\n|-damage|p2a: Landorus|0 fnt\n|-damage|p1a: Zeraora|84\/100|[from] item: Rocky Helmet|[of] p2a: Landorus\n|-enditem|p2a: Landorus|Rocky Helmet|[from] move: Knock Off|[of] p1a: Zeraora\n|faint|p2a: Landorus\n|\n|upkeep\n|\n|t:|1615783491\n|switch|p2a: Tapu Lele|Tapu Lele|66\/100\n|-damage|p2a: Tapu Lele|54\/100|[from] Stealth Rock\n|-fieldstart|move: Psychic Terrain|[from] ability: Psychic Surge|[of] p2a: Tapu Lele\n|turn|15\n|\n|t:|1615783499\n|switch|p1a: Slowking|Slowking, M|100\/100\n|move|p2a: Tapu Lele|Psyshock|p1a: Slowking\n|-resisted|p1a: Slowking\n|-damage|p1a: Slowking|70\/100\n|\n|upkeep\n|turn|16\n|c|\u2606MAVERICK SHOOTERS|scarf lele\n|inactive|MAVERICK SHOOTERS has 120 seconds left.\n|c|\u2606MAVERICK SHOOTERS|modest nido\n|c|\u2606MAVERICK SHOOTERS|pog team\n|\n|t:|1615783535\n|switch|p2a: Dragapult|Dragapult, F|100\/100\n|-damage|p2a: Dragapult|88\/100|[from] Stealth Rock\n|move|p1a: Slowking|Teleport|p1a: Slowking\n|c|\u2606ammozaffar|not modest nido?\n|c|\u2606MAVERICK SHOOTERS|ur nido did 12.5% with ice beam to my slowking\n|c|\u2606MAVERICK SHOOTERS|the max a timid can do is 12.4\n|c|\u2606ammozaffar|Im looking at it right now its timid lol\n|inactive|MAVERICK SHOOTERS has 90 seconds left.\n|c|\u2606ammozaffar|LOL\n|c|\u2606MAVERICK SHOOTERS|what\n|c|\u2606MAVERICK SHOOTERS|then showdown broken lmao\n|c|\u2606ammozaffar|How tf do you know that\n|c|\u2606MAVERICK SHOOTERS|man i know\n|inactive|MAVERICK SHOOTERS has 60 seconds left.\n|c|\u2606MAVERICK SHOOTERS|wait a sec lemme show u calc\n|c|\u2606ammozaffar|oh i know the calc\n|c|\u2606MAVERICK SHOOTERS|252 SpA Life Orb Sheer Force Nidoking Ice Beam vs. 248 HP \/ 252+ SpD Slowking: 42-49 (10.6 - 12.4%)\n|c|\u2606ammozaffar|I thought you just knew it off the top of your head\n|c|\u2606MAVERICK SHOOTERS|look\n|\n|t:|1615783620\n|switch|p1a: Clefable|Clefable, F|100\/100|[from]move: Teleport\n|\n|upkeep\n|turn|17\n|c|\u2606ammozaffar|its 295 speed man idk what to tell you\n|c|\u2606MAVERICK SHOOTERS|showdown glitch ig\n|inactive|MAVERICK SHOOTERS has 30 seconds left.\n|\n|t:|1615783637\n|switch|p2a: Nidoking|Nidoking, M|100\/100\n|-damage|p2a: Nidoking|95\/100|[from] Stealth Rock\n|move|p1a: Clefable|Moonblast|p2a: Nidoking\n|-resisted|p2a: Nidoking\n|-damage|p2a: Nidoking|70\/100\n|-unboost|p2a: Nidoking|spa|1\n|\n|upkeep\n|turn|18\n|\n|t:|1615783658\n|switch|p1a: Slowking|Slowking, M|100\/100\n|move|p2a: Nidoking|Earth Power|p1a: Slowking\n|-damage|p1a: Slowking|75\/100\n|\n|upkeep\n|turn|19\n|inactive|MAVERICK SHOOTERS has 30 seconds left.\n|inactive|ammozaffar has 120 seconds left.\n|inactive|MAVERICK SHOOTERS has 20 seconds left.\n|inactive|MAVERICK SHOOTERS has 15 seconds left.\n|\n|t:|1615783694\n|switch|p2a: Dragapult|Dragapult, F|88\/100\n|-damage|p2a: Dragapult|76\/100|[from] Stealth Rock\n|move|p1a: Slowking|Teleport|p1a: Slowking\n|inactive|MAVERICK SHOOTERS has 20 seconds left this turn.\n|c|\u2606MAVERICK SHOOTERS|is showdown bugged today\n|inactive|MAVERICK SHOOTERS has 15 seconds left.\n|c|\u2606MAVERICK SHOOTERS|that was scarf nido damage\n|inactive|MAVERICK SHOOTERS has 10 seconds left.\n|\n|t:|1615783705\n|switch|p1a: Zeraora|Zeraora|84\/100|[from]move: Teleport\n|\n|-fieldend|move: Psychic Terrain\n|upkeep\n|turn|20\n|inactive|MAVERICK SHOOTERS has 20 seconds left this turn.\n|c|\u2606ammozaffar|i got debuffed by moonblast\n|inactive|ammozaffar has 120 seconds left.\n|c|\u2606MAVERICK SHOOTERS|oh yeahh\n|c|\u2606MAVERICK SHOOTERS|lmao\n|c|\u2606MAVERICK SHOOTERS|mb\n|\n|t:|1615783727\n|switch|p2a: Nidoking|Nidoking, M|70\/100\n|-damage|p2a: Nidoking|65\/100|[from] Stealth Rock\n|move|p1a: Zeraora|Knock Off|p2a: Nidoking\n|-damage|p2a: Nidoking|20\/100\n|-enditem|p2a: Nidoking|Life Orb|[from] move: Knock Off|[of] p1a: Zeraora\n|\n|upkeep\n|turn|21\n|inactive|MAVERICK SHOOTERS has 30 seconds left this turn.\n|inactive|ammozaffar has 120 seconds left.\n|inactive|MAVERICK SHOOTERS has 20 seconds left.\n|c|\u2606MAVERICK SHOOTERS|tho i will tweet at showdown for that 0.1% extra damage lol\n|\n|t:|1615783739\n|move|p1a: Zeraora|Knock Off|p2a: Nidoking\n|-damage|p2a: Nidoking|0 fnt\n|faint|p2a: Nidoking\n|\n|upkeep\n|inactive|MAVERICK SHOOTERS has 25 seconds left this turn.\n|inactive|ammozaffar has 120 seconds left.\n|\n|t:|1615783745\n|switch|p2a: Tapu Lele|Tapu Lele|54\/100\n|-damage|p2a: Tapu Lele|41\/100|[from] Stealth Rock\n|-fieldstart|move: Psychic Terrain|[from] ability: Psychic Surge|[of] p2a: Tapu Lele\n|turn|22\n|inactive|MAVERICK SHOOTERS has 30 seconds left.\n|\n|t:|1615783755\n|switch|p2a: Garchomp|Garchomp, M|100\/100\n|-damage|p2a: Garchomp|94\/100|[from] Stealth Rock\n|switch|p1a: Slowking|Slowking, M|100\/100\n|\n|upkeep\n|turn|23\n|\n|t:|1615783762\n|move|p2a: Garchomp|Swords Dance|p2a: Garchomp\n|-boost|p2a: Garchomp|atk|2\n|move|p1a: Slowking|Scald|p2a: Garchomp\n|-damage|p2a: Garchomp|64\/100\n|\n|upkeep\n|turn|24\n|\n|t:|1615783773\n|move|p2a: Garchomp|Scale Shot|p1a: Slowking\n|-damage|p1a: Slowking|63\/100\n|-damage|p1a: Slowking|25\/100\n|-damage|p1a: Slowking|0 fnt\n|-hitcount|p1a: Slowking|3\n|-unboost|p2a: Garchomp|def|1\n|-boost|p2a: Garchomp|spe|1\n|-damage|p2a: Garchomp|54\/100|[from] item: Life Orb\n|faint|p1a: Slowking\n|\n|upkeep\n|\n|t:|1615783778\n|switch|p1a: Clefable|Clefable, F|100\/100\n|turn|25\n|\n|t:|1615783784\n|switch|p1a: Corviknight|Corviknight, F|46\/100\n|-damage|p1a: Corviknight|34\/100|[from] Stealth Rock\n|-ability|p1a: Corviknight|Pressure\n|move|p2a: Garchomp|Earthquake|p1a: Corviknight\n|-immune|p1a: Corviknight\n|\n|upkeep\n|turn|26\n|\n|t:|1615783791\n|move|p2a: Garchomp|Stone Edge|p1a: Corviknight|[miss]\n|-miss|p2a: Garchomp|p1a: Corviknight\n|move|p1a: Corviknight|Brave Bird|p2a: Garchomp\n|-damage|p2a: Garchomp|0 fnt\n|-damage|p1a: Corviknight|22\/100|[from] ability: Rough Skin|[of] p2a: Garchomp\n|-damage|p1a: Corviknight|6\/100|[from] Recoil\n|faint|p2a: Garchomp\n|\n|-fieldend|move: Psychic Terrain\n|upkeep\n|c|\u2606MAVERICK SHOOTERS|oof\n|c|\u2606MAVERICK SHOOTERS|sry for hax\n|\n|t:|1615783804\n|switch|p2a: Urshifu|Urshifu-Rapid-Strike, M|88\/100 tox\n|-damage|p2a: Urshifu|82\/100 tox|[from] Stealth Rock\n|turn|27\n|c|\u2606MAVERICK SHOOTERS|but its stone edge after all\n|c|\u2606ammozaffar|its np im getting outplayed anyway\n|\n|t:|1615783822\n|move|p2a: Urshifu|Surging Strikes|p1a: Corviknight\n|-crit|p1a: Corviknight\n|-damage|p1a: Corviknight|0 fnt\n|-hitcount|p1a: Corviknight|1\n|faint|p1a: Corviknight\n|\n|-damage|p2a: Urshifu|76\/100 tox|[from] psn\n|upkeep\n|\n|t:|1615783831\n|switch|p1a: Zeraora|Zeraora|84\/100\n|turn|28\n|\n|t:|1615783835\n|switch|p2a: Dragapult|Dragapult, F|76\/100\n|-damage|p2a: Dragapult|64\/100|[from] Stealth Rock\n|move|p1a: Zeraora|Plasma Fists|p2a: Dragapult\n|-resisted|p2a: Dragapult\n|-damage|p2a: Dragapult|30\/100\n|-fieldactivate|move: Ion Deluge\n|\n|upkeep\n|turn|29\n|inactive|MAVERICK SHOOTERS has 90 seconds left.\n|\n|t:|1615783845\n|move|p1a: Zeraora|Plasma Fists|p2a: Dragapult\n|-resisted|p2a: Dragapult\n|-damage|p2a: Dragapult|0 fnt\n|-fieldactivate|move: Ion Deluge\n|faint|p2a: Dragapult\n|\n|upkeep\n|\n|t:|1615783851\n|switch|p2a: Urshifu|Urshifu-Rapid-Strike, M|76\/100 tox\n|-damage|p2a: Urshifu|70\/100 tox|[from] Stealth Rock\n|turn|30\n|\n|t:|1615783858\n|move|p2a: Urshifu|Aqua Jet|p1a: Zeraora\n|-damage|p1a: Zeraora|38\/100\n|move|p1a: Zeraora|Plasma Fists|p2a: Urshifu\n|-supereffective|p2a: Urshifu\n|-damage|p2a: Urshifu|0 fnt\n|-fieldactivate|move: Ion Deluge\n|faint|p2a: Urshifu\n|\n|upkeep\n|\n|t:|1615783865\n|switch|p2a: Tapu Lele|Tapu Lele|41\/100\n|-damage|p2a: Tapu Lele|29\/100|[from] Stealth Rock\n|-fieldstart|move: Psychic Terrain|[from] ability: Psychic Surge|[of] p2a: Tapu Lele\n|turn|31\n|c|\u2606MAVERICK SHOOTERS|scarf lele might sweep me lol\n|\n|t:|1615783889\n|switch|p1a: Kommo-o|Kommo-o, M|49\/100\n|-damage|p1a: Kommo-o|42\/100|[from] Stealth Rock\n|move|p2a: Tapu Lele|Psychic|p1a: Kommo-o\n|-supereffective|p1a: Kommo-o\n|-damage|p1a: Kommo-o|0 fnt\n|faint|p1a: Kommo-o\n|\n|upkeep\n|\n|t:|1615783909\n|switch|p1a: Clefable|Clefable, F|100\/100\n|turn|32\n|c|\u2606MAVERICK SHOOTERS|actually nah\n|c|\u2606MAVERICK SHOOTERS|this kills\n|c|\u2606MAVERICK SHOOTERS|gg\n|\n|t:|1615783916\n|move|p2a: Tapu Lele|Psychic|p1a: Clefable\n|-damage|p1a: Clefable|38\/100\n|move|p1a: Clefable|Moonblast|p2a: Tapu Lele\n|-damage|p2a: Tapu Lele|0 fnt\n|faint|p2a: Tapu Lele\n|\n|win|MAVERICK SHOOTERS\n|raw|MAVERICK SHOOTERS's rating: 1470 &rarr; <strong>1486<\/strong><br \/>(+16 for winning)\n|raw|ammozaffar's rating: 1404 &rarr; <strong>1388<\/strong><br \/>(-16 for losing)\n|c|\u2606ammozaffar|gg\n|raw|MAVERICK SHOOTERS's rating: 1470 &rarr; <strong>1486<\/strong><br \/>(+16 for winning)\n|raw|ammozaffar's rating: 1404 &rarr; <strong>1388<\/strong><br \/>(-16 for losing)\n|l|\u2606ammozaffar\n|c|\u2606MAVERICK SHOOTERS|was it rlly timid nido tho\n","uploadtime":1615783934,"views":71,"p1id":"maverickshooters","p2id":"ammozaffar","formatid":"gen8ou","rating":1388,"private":0,"password":null}