{"id":"gen8ou-1185555198","p1":"Pizza is key","p2":"glaed13","format":"gen8ou","log":"|j|\u2606Pizza is key\n|j|\u2606glaed13\n|t:|1599899299\n|player|p1|Pizza is key|165|1088\n|player|p2|glaed13|riley|1062\n|teamsize|p1|6\n|teamsize|p2|3\n|gametype|singles\n|gen|8\n|tier|[Gen 8] OU\n|rated|\n|clearpoke\n|poke|p1|Corviknight, M|\n|poke|p1|Noivern, F|\n|poke|p1|Sharpedo, M|\n|poke|p1|Indeedee, M|\n|poke|p1|Exploud, M|\n|poke|p1|Gothitelle, M|\n|poke|p2|Volcarona, F|\n|poke|p2|Gallade, M|\n|poke|p2|Shuckle, M|\n|rule|Sleep Clause Mod: Limit one foe put to sleep\n|rule|Species Clause: Limit one of each Pok\u00e9mon\n|rule|OHKO Clause: OHKO moves are banned\n|rule|Evasion Moves Clause: Evasion moves are banned\n|rule|Endless Battle Clause: Forcing endless battles is banned\n|rule|HP Percentage Mod: HP is shown in percentages\n|rule|Dynamax Clause: You cannot dynamax\n|teampreview\n|inactive|Battle timer is ON: inactive players will automatically lose when time's up. (requested by glaed13)\n|\n|t:|1599899310\n|start\n|switch|p1a: Sharpedo|Sharpedo, M|100\/100\n|switch|p2a: Volcarona|Volcarona, F|100\/100\n|turn|1\n|\n|t:|1599899316\n|move|p2a: Volcarona|Quiver Dance|p2a: Volcarona\n|-boost|p2a: Volcarona|spa|1\n|-boost|p2a: Volcarona|spd|1\n|-boost|p2a: Volcarona|spe|1\n|move|p1a: Sharpedo|Waterfall|p2a: Volcarona\n|-supereffective|p2a: Volcarona\n|-crit|p2a: Volcarona\n|-enditem|p2a: Volcarona|Focus Sash\n|-damage|p2a: Volcarona|1\/100\n|-status|p1a: Sharpedo|brn|[from] ability: Flame Body|[of] p2a: Volcarona\n|\n|-damage|p1a: Sharpedo|94\/100 brn|[from] brn\n|-ability|p1a: Sharpedo|Speed Boost|boost\n|-boost|p1a: Sharpedo|spe|1\n|upkeep\n|turn|2\n|\n|t:|1599899332\n|move|p2a: Volcarona|Giga Drain|p1a: Sharpedo\n|-supereffective|p1a: Sharpedo\n|-damage|p1a: Sharpedo|0 fnt\n|-heal|p2a: Volcarona|41\/100|[from] drain|[of] p1a: Sharpedo\n|faint|p1a: Sharpedo\n|\n|upkeep\n|\n|t:|1599899341\n|switch|p1a: Indeedee|Indeedee, M|100\/100\n|-fieldstart|move: Psychic Terrain|[from] ability: Psychic Surge|[of] p1a: Indeedee\n|turn|3\n|\n|t:|1599899348\n|move|p2a: Volcarona|Fiery Dance|p1a: Indeedee\n|-damage|p1a: Indeedee|32\/100\n|move|p1a: Indeedee|Expanding Force|p2a: Volcarona\n|-damage|p2a: Volcarona|0 fnt\n|faint|p2a: Volcarona\n|\n|upkeep\n|\n|t:|1599899356\n|switch|p2a: Gallade|Gallade, M|100\/100\n|turn|4\n|\n|t:|1599899360\n|move|p2a: Gallade|Shadow Sneak|p1a: Indeedee\n|-activate|p1a: Indeedee|move: Psychic Terrain\n|move|p1a: Indeedee|Expanding Force|p2a: Gallade\n|-damage|p2a: Gallade|20\/100\n|\n|upkeep\n|turn|5\n|c|\u2606Pizza is key|Bruh\n|\n|t:|1599899375\n|move|p1a: Indeedee|Expanding Force|p2a: Gallade\n|-damage|p2a: Gallade|0 fnt\n|faint|p2a: Gallade\n|\n|upkeep\n|\n|t:|1599899378\n|switch|p2a: Shuckle|Shuckle, M|100\/100\n|turn|6\n|\n|t:|1599899384\n|move|p1a: Indeedee|Expanding Force|p2a: Shuckle\n|-damage|p2a: Shuckle|41\/100\n|-enditem|p2a: Shuckle|Iapapa Berry|[eat]\n|-heal|p2a: Shuckle|74\/100|[from] item: Iapapa Berry\n|move|p2a: Shuckle|Toxic|p1a: Indeedee\n|-status|p1a: Indeedee|tox\n|\n|-damage|p1a: Indeedee|26\/100 tox|[from] psn\n|upkeep\n|turn|7\n|c|\u2606Pizza is key|Gg\n|\n|t:|1599899396\n|move|p1a: Indeedee|Expanding Force|p2a: Shuckle\n|-damage|p2a: Shuckle|16\/100\n|move|p2a: Shuckle|Power Split|p1a: Indeedee\n|-activate|p2a: Shuckle|move: Power Split|[of] p1a: Indeedee\n|\n|-damage|p1a: Indeedee|14\/100 tox|[from] psn\n|-fieldend|move: Psychic Terrain\n|upkeep\n|turn|8\n|\n|t:|1599899402\n|move|p1a: Indeedee|Expanding Force|p2a: Shuckle\n|-damage|p2a: Shuckle|0 fnt\n|faint|p2a: Shuckle\n|\n|win|Pizza is key\n|raw|Pizza is key's rating: 1088 &rarr; <strong>1113<\/strong><br \/>(+25 for winning)\n|raw|glaed13's rating: 1062 &rarr; <strong>1044<\/strong><br \/>(-18 for losing)\n|l|\u2606glaed13\n","uploadtime":1599899411,"views":13,"p1id":"pizzaiskey","p2id":"glaed13","formatid":"gen8ou","rating":1044,"private":0,"password":null}