{"id":"gen8anythinggoes-1688033267","p1":"TBLT Mak","p2":"jushu114514","format":"gen8anythinggoes","log":"|j|\u2606TBLT Mak\n|j|\u2606jushu114514\n|t:|1666027937\n|gametype|singles\n|player|p1|TBLT Mak|benga|1692\n|player|p2|jushu114514|2|1970\n|teamsize|p1|6\n|teamsize|p2|6\n|gen|8\n|tier|[Gen 8] Anything Goes\n|rated|\n|rule|HP Percentage Mod: HP is shown in percentages\n|rule|Endless Battle Clause: Forcing endless battles is banned\n|clearpoke\n|poke|p1|Groudon|\n|poke|p1|Zacian-*|\n|poke|p1|Grimmsnarl, M|\n|poke|p1|Zekrom|\n|poke|p1|Calyrex-Ice|\n|poke|p1|Yveltal|\n|poke|p2|Groudon|\n|poke|p2|Grimmsnarl, M|\n|poke|p2|Yveltal|\n|poke|p2|Zacian-*|\n|poke|p2|Zekrom|\n|poke|p2|Calyrex-Ice|\n|teampreview\n|inactive|Battle timer is ON: inactive players will automatically lose when time's up. (requested by TBLT Mak)\n|\n|t:|1666027956\n|start\n|switch|p1a: Groudon|Groudon|100\/100\n|switch|p2a: Grimmsnarl|Grimmsnarl, M|100\/100\n|-weather|SunnyDay|[from] ability: Drought|[of] p1a: Groudon\n|turn|1\n|j| AGLT5TX poke\n|\n|t:|1666027966\n|move|p2a: Grimmsnarl|Taunt|p1a: Groudon\n|-start|p1a: Groudon|move: Taunt\n|move|p1a: Groudon|Precipice Blades|p2a: Grimmsnarl\n|-damage|p2a: Grimmsnarl|22\/100\n|\n|-weather|SunnyDay|[upkeep]\n|upkeep\n|turn|2\n|\n|t:|1666027971\n|move|p2a: Grimmsnarl|Reflect|p2a: Grimmsnarl\n|-sidestart|p2: jushu114514|Reflect\n|move|p1a: Groudon|Rock Tomb|p2a: Grimmsnarl\n|-damage|p2a: Grimmsnarl|6\/100\n|-unboost|p2a: Grimmsnarl|spe|1\n|\n|-weather|SunnyDay|[upkeep]\n|upkeep\n|turn|3\n|inactive|TBLT Mak has 120 seconds left.\n|\n|t:|1666028006\n|move|p2a: Grimmsnarl|Light Screen|p2a: Grimmsnarl\n|-sidestart|p2: jushu114514|move: Light Screen\n|move|p1a: Groudon|Rock Tomb|p2a: Grimmsnarl\n|-damage|p2a: Grimmsnarl|0 fnt\n|faint|p2a: Grimmsnarl\n|\n|-weather|SunnyDay|[upkeep]\n|-end|p1a: Groudon|move: Taunt\n|upkeep\n|\n|t:|1666028013\n|switch|p2a: Yveltal|Yveltal|100\/100\n|-ability|p2a: Yveltal|Dark Aura\n|turn|4\n|\n|t:|1666028021\n|move|p2a: Yveltal|Taunt|p1a: Groudon\n|-start|p1a: Groudon|move: Taunt\n|move|p1a: Groudon|Rock Tomb|p2a: Yveltal\n|-supereffective|p2a: Yveltal\n|-damage|p2a: Yveltal|81\/100\n|-unboost|p2a: Yveltal|spe|1\n|\n|-weather|SunnyDay|[upkeep]\n|upkeep\n|turn|5\n|\n|t:|1666028034\n|switch|p2a: Groudon|Groudon|100\/100\n|move|p1a: Groudon|Rock Tomb|p2a: Groudon\n|-resisted|p2a: Groudon\n|-damage|p2a: Groudon|96\/100\n|-unboost|p2a: Groudon|spe|1\n|\n|-weather|none\n|upkeep\n|turn|6\n|\n|t:|1666028043\n|move|p1a: Groudon|Precipice Blades|p2a: Groudon\n|-damage|p2a: Groudon|69\/100\n|move|p2a: Groudon|Roar|p1a: Groudon\n|drag|p1a: Yveltal|Yveltal|100\/100\n|-ability|p1a: Yveltal|Dark Aura\n|\n|upkeep\n|turn|7\n|\n|t:|1666028046\n|switch|p1a: Groudon|Groudon|100\/100\n|-weather|SunnyDay|[from] ability: Drought|[of] p1a: Groudon\n|move|p2a: Groudon|Stealth Rock|p1a: Groudon\n|-sidestart|p1: TBLT Mak|move: Stealth Rock\n|\n|-weather|SunnyDay|[upkeep]\n|upkeep\n|turn|8\n|\n|t:|1666028049\n|move|p1a: Groudon|Stealth Rock|p2a: Groudon\n|-sidestart|p2: jushu114514|move: Stealth Rock\n|move|p2a: Groudon|Precipice Blades|p1a: Groudon\n|-damage|p1a: Groudon|52\/100\n|\n|-weather|SunnyDay|[upkeep]\n|upkeep\n|turn|9\n|\n|t:|1666028052\n|move|p2a: Groudon|Precipice Blades|p1a: Groudon\n|-damage|p1a: Groudon|2\/100\n|move|p1a: Groudon|Roar|p2a: Groudon\n|drag|p2a: Calyrex|Calyrex-Ice|100\/100\n|-ability|p2a: Calyrex|As One\n|-ability|p2a: Calyrex|Unnerve\n|-damage|p2a: Calyrex|76\/100|[from] Stealth Rock\n|\n|-weather|SunnyDay|[upkeep]\n|-sideend|p2: jushu114514|Reflect\n|upkeep\n|turn|10\n|\n|t:|1666028056\n|move|p1a: Groudon|Precipice Blades|p2a: Calyrex\n|-damage|p2a: Calyrex|38\/100\n|move|p2a: Calyrex|Trick Room|p2a: Calyrex\n|-fieldstart|move: Trick Room|[of] p2a: Calyrex\n|\n|-weather|SunnyDay|[upkeep]\n|-sideend|p2: jushu114514|move: Light Screen\n|upkeep\n|turn|11\n|\n|t:|1666028058\n|move|p2a: Calyrex|Glacial Lance|p1a: Groudon\n|-supereffective|p1a: Groudon\n|-damage|p1a: Groudon|0 fnt\n|faint|p1a: Groudon\n|-ability|p2a: Calyrex|Chilling Neigh|boost\n|-boost|p2a: Calyrex|atk|1\n|\n|-weather|none\n|upkeep\n|\n|t:|1666028061\n|switch|p1a: Calyrex|Calyrex-Ice|100\/100\n|-ability|p1a: Calyrex|As One\n|-ability|p1a: Calyrex|Unnerve\n|-damage|p1a: Calyrex|76\/100|[from] Stealth Rock\n|turn|12\n|\n|t:|1666028065\n|-start|p2a: Calyrex|Dynamax|\n|-heal|p2a: Calyrex|38\/100|[silent]\n|move|p1a: Calyrex|Glacial Lance|p2a: Calyrex\n|-resisted|p2a: Calyrex\n|-damage|p2a: Calyrex|24\/100\n|move|p2a: Calyrex|Max Quake|p1a: Calyrex\n|-damage|p1a: Calyrex|27\/100\n|-boost|p2a: Calyrex|spd|1\n|\n|upkeep\n|turn|13\n|\n|t:|1666028067\n|move|p2a: Calyrex|Max Quake|p1a: Calyrex\n|-damage|p1a: Calyrex|0 fnt\n|-boost|p2a: Calyrex|spd|1\n|faint|p1a: Calyrex\n|-ability|p2a: Calyrex|Chilling Neigh|boost\n|-boost|p2a: Calyrex|atk|1\n|\n|upkeep\n|\n|t:|1666028069\n|switch|p1a: Grimmsnarl|Grimmsnarl, M|100\/100\n|-damage|p1a: Grimmsnarl|88\/100|[from] Stealth Rock\n|turn|14\n|\n|t:|1666028071\n|move|p1a: Grimmsnarl|Reflect|p1a: Grimmsnarl\n|-sidestart|p1: TBLT Mak|Reflect\n|move|p2a: Calyrex|Max Hailstorm|p1a: Grimmsnarl\n|-damage|p1a: Grimmsnarl|0 fnt\n|-weather|Hail\n|faint|p1a: Grimmsnarl\n|-ability|p2a: Calyrex|Chilling Neigh|boost\n|-boost|p2a: Calyrex|atk|1\n|\n|-weather|Hail|[upkeep]\n|-fieldend|move: Trick Room\n|upkeep\n|\n|t:|1666028078\n|switch|p1a: Zacian|Zacian-Crowned|100\/100\n|-damage|p1a: Zacian|94\/100|[from] Stealth Rock\n|-ability|p1a: Zacian|Intrepid Sword|boost\n|-boost|p1a: Zacian|atk|1\n|-end|p2a: Calyrex|Dynamax\n|-heal|p2a: Calyrex|24\/100|[silent]\n|turn|15\n|\n|t:|1666028080\n|move|p1a: Zacian|Behemoth Blade|p2a: Calyrex\n|-supereffective|p2a: Calyrex\n|-enditem|p2a: Calyrex|Babiri Berry|[eat]\n|-enditem|p2a: Calyrex|Babiri Berry|[weaken]\n|-damage|p2a: Calyrex|0 fnt\n|faint|p2a: Calyrex\n|\n|-weather|Hail|[upkeep]\n|-damage|p1a: Zacian|88\/100|[from] Hail\n|upkeep\n|\n|t:|1666028094\n|switch|p2a: Zekrom|Zekrom|100\/100\n|-damage|p2a: Zekrom|88\/100|[from] Stealth Rock\n|-ability|p2a: Zekrom|Teravolt\n|turn|16\n|\n|t:|1666028099\n|move|p1a: Zacian|Crunch|p2a: Zekrom\n|-damage|p2a: Zekrom|40\/100\n|move|p2a: Zekrom|Dragon Dance|p2a: Zekrom\n|-boost|p2a: Zekrom|atk|1\n|-boost|p2a: Zekrom|spe|1\n|\n|-weather|Hail|[upkeep]\n|-damage|p2a: Zekrom|33\/100|[from] Hail\n|-damage|p1a: Zacian|82\/100|[from] Hail\n|-heal|p2a: Zekrom|40\/100|[from] item: Leftovers\n|upkeep\n|turn|17\n|\n|t:|1666028101\n|move|p2a: Zekrom|Bolt Strike|p1a: Zacian\n|-damage|p1a: Zacian|39\/100\n|-status|p1a: Zacian|par\n|move|p1a: Zacian|Crunch|p2a: Zekrom\n|-damage|p2a: Zekrom|0 fnt\n|faint|p2a: Zekrom\n|\n|-weather|Hail|[upkeep]\n|-damage|p1a: Zacian|33\/100 par|[from] Hail\n|upkeep\n|\n|t:|1666028117\n|switch|p2a: Zacian|Zacian-Crowned|100\/100\n|-damage|p2a: Zacian|94\/100|[from] Stealth Rock\n|-ability|p2a: Zacian|Intrepid Sword|boost\n|-boost|p2a: Zacian|atk|1\n|turn|18\n|\n|t:|1666028124\n|move|p2a: Zacian|Swords Dance|p2a: Zacian\n|-boost|p2a: Zacian|atk|2\n|cant|p1a: Zacian|par\n|\n|-weather|none\n|upkeep\n|turn|19\n|\n|t:|1666028128\n|move|p2a: Zacian|Swords Dance|p2a: Zacian\n|-boost|p2a: Zacian|atk|2\n|move|p1a: Zacian|Behemoth Blade|p2a: Zacian\n|-damage|p2a: Zacian|14\/100\n|\n|upkeep\n|turn|20\n|\n|t:|1666028133\n|move|p2a: Zacian|Behemoth Blade|p1a: Zacian\n|-damage|p1a: Zacian|0 fnt\n|faint|p1a: Zacian\n|\n|upkeep\n|\n|t:|1666028135\n|switch|p1a: Zekrom|Zekrom|100\/100\n|-damage|p1a: Zekrom|88\/100|[from] Stealth Rock\n|-ability|p1a: Zekrom|Teravolt\n|turn|21\n|\n|t:|1666028138\n|-start|p1a: Zekrom|Dynamax|\n|-heal|p1a: Zekrom|88\/100|[silent]\n|move|p2a: Zacian|Crunch|p1a: Zekrom\n|-crit|p1a: Zekrom\n|-damage|p1a: Zekrom|13\/100\n|move|p1a: Zekrom|Max Knuckle|p2a: Zacian\n|-damage|p2a: Zacian|0 fnt\n|-boost|p1a: Zekrom|atk|1\n|faint|p2a: Zacian\n|\n|-heal|p1a: Zekrom|16\/100|[from] item: Leftovers\n|-sideend|p1: TBLT Mak|Reflect\n|upkeep\n|\n|t:|1666028142\n|switch|p2a: Yveltal|Yveltal|81\/100\n|-damage|p2a: Yveltal|56\/100|[from] Stealth Rock\n|-ability|p2a: Yveltal|Dark Aura\n|turn|22\n|\n|t:|1666028148\n|move|p2a: Yveltal|Dark Pulse|p1a: Zekrom\n|-damage|p1a: Zekrom|0 fnt\n|faint|p1a: Zekrom\n|-damage|p2a: Yveltal|46\/100|[from] item: Life Orb\n|\n|upkeep\n|\n|t:|1666028151\n|switch|p1a: Yveltal|Yveltal|100\/100\n|-damage|p1a: Yveltal|76\/100|[from] Stealth Rock\n|-ability|p1a: Yveltal|Dark Aura\n|turn|23\n|\n|t:|1666028154\n|move|p2a: Yveltal|Oblivion Wing|p1a: Yveltal\n|-damage|p1a: Yveltal|28\/100\n|-heal|p2a: Yveltal|82\/100|[from] drain|[of] p1a: Yveltal\n|-damage|p2a: Yveltal|72\/100|[from] item: Life Orb\n|move|p1a: Yveltal|Oblivion Wing|p2a: Yveltal\n|-damage|p2a: Yveltal|19\/100\n|-heal|p1a: Yveltal|67\/100|[from] drain|[of] p2a: Yveltal\n|-damage|p1a: Yveltal|57\/100|[from] item: Life Orb\n|\n|upkeep\n|turn|24\n|c|\u2606TBLT Mak|Nice crit mother fucker\n|l|\u2606TBLT Mak\n|inactive|TBLT Mak disconnected and has a minute to reconnect!\n|player|p1|\n|c| AGLT5TX poke|._.\n|inactive|TBLT Mak has 30 seconds to reconnect!\n|inactive|TBLT Mak has 20 seconds to reconnect!\n|inactive|TBLT Mak has 15 seconds to reconnect!\n|inactive|TBLT Mak has 10 seconds to reconnect!\n|inactive|TBLT Mak has 5 seconds to reconnect!\n|-message|TBLT Mak lost due to inactivity.\n|\n|win|jushu114514\n|raw|TBLT Mak's rating: 1692 &rarr; <strong>1685<\/strong><br \/>(-7 for losing)\n|raw|jushu114514's rating: 1970 &rarr; <strong>1977<\/strong><br \/>(+7 for winning)\n|l| AGLT5TX poke\n||Ladder isn't responding, score probably updated but might not have (Request timeout).\n","uploadtime":1666028170,"views":7,"p1id":"tbltmak","p2id":"jushu114514","formatid":"gen8anythinggoes","rating":1685,"private":0,"password":null}