{"id":"gen8ou-1064515381","p1":"JorgeGarciaVGC","p2":"mongwong","format":"gen8ou","log":"|j|\u2606JorgeGarciaVGC\n|j|\u2606mongwong\n|player|p1|JorgeGarciaVGC|260|1435\n|player|p2|mongwong|silver|1407\n|teamsize|p1|6\n|teamsize|p2|6\n|gametype|singles\n|gen|8\n|tier|[Gen 8] OU\n|rated|\n|clearpoke\n|poke|p1|Bisharp, F|\n|poke|p1|Dragapult, F|\n|poke|p1|Clefable, F|\n|poke|p1|Terrakion|\n|poke|p1|Conkeldurr, F|\n|poke|p1|Galvantula, F|\n|poke|p2|Darmanitan, M|\n|poke|p2|Torkoal, F|\n|poke|p2|Venusaur, F|\n|poke|p2|Cinderace, M|\n|poke|p2|Mandibuzz, F|\n|poke|p2|Dugtrio, M|\n|rule|Sleep Clause Mod: Limit one foe put to sleep\n|rule|Species Clause: Limit one of each Pok\u00e9mon\n|rule|OHKO Clause: OHKO moves are banned\n|rule|Evasion Moves Clause: Evasion moves are banned\n|rule|Endless Battle Clause: Forcing endless battles is banned\n|rule|HP Percentage Mod: HP is shown in percentages\n|rule|Dynamax Clause: You cannot dynamax\n|teampreview\n|l|\u2606JorgeGarciaVGC\n|player|p1|\n|j|\u2606JorgeGarciaVGC\n|player|p1|JorgeGarciaVGC|260\n|\n|start\n|switch|p1a: Dragapult|Dragapult, F, shiny|100\/100\n|switch|p2a: Cinderace|Cinderace, M|100\/100\n|turn|1\n|\n|move|p1a: Dragapult|Draco Meteor|p2a: Cinderace\n|-damage|p2a: Cinderace|0 fnt\n|-unboost|p1a: Dragapult|spa|2\n|faint|p2a: Cinderace\n|\n|upkeep\n|inactive|Battle timer is ON: inactive players will automatically lose when time's up. (requested by JorgeGarciaVGC)\n|\n|switch|p2a: Torkoal|Torkoal, F|100\/100\n|-weather|SunnyDay|[from] ability: Drought|[of] p2a: Torkoal\n|turn|2\n|\n|switch|p1a: Clefable|Clefable, F|100\/100\n|switch|p2a: Venusaur|Venusaur, F|100\/100\n|\n|-weather|SunnyDay|[upkeep]\n|upkeep\n|turn|3\n|\n|switch|p1a: Terrakion|Terrakion|100\/100\n|move|p2a: Venusaur|Growth|p2a: Venusaur\n|-boost|p2a: Venusaur|atk|2\n|-boost|p2a: Venusaur|spa|2\n|\n|-weather|SunnyDay|[upkeep]\n|upkeep\n|turn|4\n|\n|move|p1a: Terrakion|Zen Headbutt|p2a: Venusaur\n|-supereffective|p2a: Venusaur\n|-damage|p2a: Venusaur|31\/100\n|cant|p2a: Venusaur|flinch\n|\n|-weather|SunnyDay|[upkeep]\n|upkeep\n|turn|5\n|c|\u2606mongwong|comedy\n|\n|switch|p2a: Mandibuzz|Mandibuzz, F|100\/100\n|move|p1a: Terrakion|Zen Headbutt|p2a: Mandibuzz\n|-immune|p2a: Mandibuzz\n|\n|-weather|SunnyDay|[upkeep]\n|upkeep\n|turn|6\n|\n|switch|p1a: Clefable|Clefable, F|100\/100\n|switch|p2a: Venusaur|Venusaur, F|31\/100\n|\n|-weather|SunnyDay|[upkeep]\n|upkeep\n|turn|7\n|\n|move|p2a: Venusaur|Giga Drain|p1a: Clefable\n|-damage|p1a: Clefable|72\/100\n|-heal|p2a: Venusaur|50\/100|[from] drain|[of] p1a: Clefable\n|-damage|p2a: Venusaur|40\/100|[from] item: Life Orb\n|move|p1a: Clefable|Flamethrower|p2a: Venusaur\n|-supereffective|p2a: Venusaur\n|-damage|p2a: Venusaur|0 fnt\n|faint|p2a: Venusaur\n|\n|-weather|SunnyDay|[upkeep]\n|upkeep\n|\n|switch|p2a: Darmanitan|Darmanitan, M|100\/100\n|turn|8\n|\n|move|p2a: Darmanitan|Flare Blitz|p1a: Clefable\n|-damage|p1a: Clefable|0 fnt\n|-damage|p2a: Darmanitan|74\/100|[from] Recoil\n|faint|p1a: Clefable\n|\n|-weather|SunnyDay|[upkeep]\n|upkeep\n|\n|switch|p1a: Terrakion|Terrakion|100\/100\n|turn|9\n|\n|switch|p2a: Mandibuzz|Mandibuzz, F|100\/100\n|move|p1a: Terrakion|Earthquake|p2a: Mandibuzz\n|-immune|p2a: Mandibuzz\n|\n|-weather|none\n|upkeep\n|turn|10\n|\n|switch|p1a: Galvantula|Galvantula, F|100\/100\n|move|p2a: Mandibuzz|U-turn|p1a: Galvantula\n|-damage|p1a: Galvantula|78\/100\n|\n|switch|p2a: Dugtrio|Dugtrio, M|100\/100|[from]move: U-turn\n|\n|upkeep\n|turn|11\n|\n|move|p2a: Dugtrio|Stone Edge|p1a: Galvantula\n|-supereffective|p1a: Galvantula\n|-damage|p1a: Galvantula|0 fnt\n|faint|p1a: Galvantula\n|\n|upkeep\n|\n|switch|p1a: Conkeldurr|Conkeldurr, F|100\/100\n|turn|12\n|\n|switch|p2a: Torkoal|Torkoal, F|100\/100\n|-weather|SunnyDay|[from] ability: Drought|[of] p2a: Torkoal\n|move|p1a: Conkeldurr|Drain Punch|p2a: Torkoal\n|-damage|p2a: Torkoal|64\/100\n|\n|-weather|SunnyDay|[upkeep]\n|-status|p1a: Conkeldurr|brn|[from] item: Flame Orb\n|upkeep\n|turn|13\n|\n|move|p1a: Conkeldurr|Drain Punch|p2a: Torkoal\n|-damage|p2a: Torkoal|13\/100\n|move|p2a: Torkoal|Lava Plume|p1a: Conkeldurr\n|-damage|p1a: Conkeldurr|37\/100 brn\n|\n|-weather|SunnyDay|[upkeep]\n|-damage|p1a: Conkeldurr|31\/100 brn|[from] brn\n|upkeep\n|turn|14\n|\n|move|p1a: Conkeldurr|Drain Punch|p2a: Torkoal\n|-damage|p2a: Torkoal|0 fnt\n|-heal|p1a: Conkeldurr|37\/100 brn|[from] drain|[of] p2a: Torkoal\n|faint|p2a: Torkoal\n|\n|-weather|SunnyDay|[upkeep]\n|-damage|p1a: Conkeldurr|31\/100 brn|[from] brn\n|upkeep\n|\n|switch|p2a: Dugtrio|Dugtrio, M|100\/100\n|turn|15\n|\n|move|p1a: Conkeldurr|Mach Punch|p2a: Dugtrio\n|-enditem|p2a: Dugtrio|Focus Sash\n|-damage|p2a: Dugtrio|1\/100\n|move|p2a: Dugtrio|Earthquake|p1a: Conkeldurr\n|-damage|p1a: Conkeldurr|0 fnt\n|faint|p1a: Conkeldurr\n|\n|-weather|SunnyDay|[upkeep]\n|upkeep\n|\n|switch|p1a: Bisharp|Bisharp, F|100\/100\n|turn|16\n|\n|move|p2a: Dugtrio|Memento|p1a: Bisharp\n|-unboost|p1a: Bisharp|atk|2\n|-ability|p1a: Bisharp|Defiant\n|-boost|p1a: Bisharp|atk|2\n|-unboost|p1a: Bisharp|spa|2\n|-ability|p1a: Bisharp|Defiant\n|-boost|p1a: Bisharp|atk|2\n|faint|p2a: Dugtrio\n|move|p1a: Bisharp|Knock Off|p2: Dugtrio|[notarget]\n|-fail|p1a: Bisharp\n|\n|-weather|SunnyDay|[upkeep]\n|upkeep\n|\n|switch|p2a: Darmanitan|Darmanitan, M|74\/100\n|turn|17\n|c|\u2606mongwong|im dumb\n|\n|move|p1a: Bisharp|Sucker Punch|p2a: Darmanitan\n|-damage|p2a: Darmanitan|0 fnt\n|faint|p2a: Darmanitan\n|\n|-weather|SunnyDay|[upkeep]\n|upkeep\n|-message|mongwong forfeited.\n|\n|win|JorgeGarciaVGC\n|l|\u2606mongwong\n|raw|JorgeGarciaVGC's rating: 1435 &rarr; <strong>1454<\/strong><br \/>(+19 for winning)\n|raw|mongwong's rating: 1407 &rarr; <strong>1388<\/strong><br \/>(-19 for losing)\n","uploadtime":1581911531,"views":7,"p1id":"jorgegarciavgc","p2id":"mongwong","formatid":"gen8ou","rating":1388,"private":0,"password":null}