{"id":"gen8bdspou-1462039093","p1":"James the fast","p2":"Hikari-miyako","format":"gen8bdspou","log":"|j|\u2606James the fast\n|j|\u2606Hikari-miyako\n|t:|1638030694\n|gametype|singles\n|player|p1|James the fast|1|1304\n|player|p2|Hikari-miyako|ariana|1350\n|teamsize|p1|6\n|teamsize|p2|6\n|gen|8\n|tier|[Gen 8 BDSP] OU\n|rated|\n|rule|Sleep Clause Mod: Limit one foe put to sleep\n|rule|Species Clause: Limit one of each Pok\u00e9mon\n|rule|OHKO Clause: OHKO moves are banned\n|rule|Evasion Moves Clause: Evasion moves are banned\n|rule|Endless Battle Clause: Forcing endless battles is banned\n|rule|HP Percentage Mod: HP is shown in percentages\n|clearpoke\n|poke|p1|Blastoise, M|\n|poke|p1|Azelf|\n|poke|p1|Aerodactyl, F|\n|poke|p1|Manaphy|\n|poke|p1|Garchomp, M|\n|poke|p1|Venomoth, M|\n|poke|p2|Garchomp, M|\n|poke|p2|Blastoise, M|\n|poke|p2|Azelf|\n|poke|p2|Gliscor, F|\n|poke|p2|Metagross|\n|poke|p2|Infernape, M|\n|teampreview\n|inactive|Battle timer is ON: inactive players will automatically lose when time's up. (requested by Hikari-miyako)\n|inactive|James the fast has 120 seconds left.\n|\n|t:|1638030756\n|start\n|switch|p1a: Aerodactyl|Aerodactyl, F|100\/100\n|switch|p2a: Azelf|Azelf|100\/100\n|-ability|p1a: Aerodactyl|Pressure\n|turn|1\n|\n|t:|1638030775\n|move|p1a: Aerodactyl|Taunt|p2a: Azelf\n|-start|p2a: Azelf|move: Taunt\n|move|p2a: Azelf|U-turn|p1a: Aerodactyl\n|-resisted|p1a: Aerodactyl\n|-damage|p1a: Aerodactyl|89\/100\n|\n|t:|1638030777\n|switch|p2a: Garchomp|Garchomp, M|100\/100|[from]move: U-turn\n|\n|upkeep\n|turn|2\n|\n|t:|1638030781\n|move|p2a: Garchomp|Stone Edge|p1a: Aerodactyl\n|-supereffective|p1a: Aerodactyl\n|-damage|p1a: Aerodactyl|0 fnt\n|faint|p1a: Aerodactyl\n|\n|upkeep\n|\n|t:|1638030792\n|switch|p1a: Garchomp|Garchomp, M|100\/100\n|turn|3\n|\n|t:|1638030795\n|switch|p2a: Gliscor|Gliscor, F|100\/100\n|move|p1a: Garchomp|Swords Dance|p1a: Garchomp\n|-boost|p1a: Garchomp|atk|2\n|\n|-status|p2a: Gliscor|tox|[from] item: Toxic Orb\n|upkeep\n|turn|4\n|\n|t:|1638030802\n|move|p1a: Garchomp|Dragon Claw|p2a: Gliscor\n|-damage|p2a: Gliscor|4\/100 tox\n|-damage|p1a: Garchomp|91\/100|[from] item: Life Orb\n|move|p2a: Gliscor|Stealth Rock|p1a: Garchomp\n|-sidestart|p1: James the fast|move: Stealth Rock\n|\n|-heal|p2a: Gliscor|17\/100 tox|[from] ability: Poison Heal\n|upkeep\n|turn|5\n|\n|t:|1638030808\n|move|p1a: Garchomp|Dragon Claw|p2a: Gliscor\n|-crit|p2a: Gliscor\n|-damage|p2a: Gliscor|0 fnt\n|faint|p2a: Gliscor\n|-damage|p1a: Garchomp|81\/100|[from] item: Life Orb\n|\n|upkeep\n|\n|t:|1638030810\n|switch|p2a: Azelf|Azelf|100\/100\n|turn|6\n|\n|t:|1638030813\n|move|p2a: Azelf|Psychic|p1a: Garchomp\n|-crit|p1a: Garchomp\n|-damage|p1a: Garchomp|0 fnt\n|faint|p1a: Garchomp\n|\n|upkeep\n|\n|t:|1638030818\n|switch|p1a: Azelf|Azelf|100\/100\n|-damage|p1a: Azelf|88\/100|[from] Stealth Rock\n|turn|7\n|\n|t:|1638030822\n|switch|p2a: Metagross|Metagross|100\/100\n|move|p1a: Azelf|Light Screen|p1a: Azelf\n|-sidestart|p1: James the fast|move: Light Screen\n|\n|upkeep\n|turn|8\n|\n|t:|1638030827\n|move|p1a: Azelf|Reflect|p1a: Azelf\n|-sidestart|p1: James the fast|Reflect\n|move|p2a: Metagross|Meteor Mash|p1a: Azelf\n|-damage|p1a: Azelf|45\/100\n|-damage|p2a: Metagross|91\/100|[from] item: Life Orb\n|\n|upkeep\n|turn|9\n|\n|t:|1638030832\n|move|p1a: Azelf|U-turn|p2a: Metagross\n|-damage|p2a: Metagross|74\/100\n|\n|t:|1638030834\n|switch|p1a: Manaphy|Manaphy|100\/100|[from]move: U-turn\n|-damage|p1a: Manaphy|88\/100|[from] Stealth Rock\n|move|p2a: Metagross|Meteor Mash|p1a: Manaphy\n|-resisted|p1a: Manaphy\n|-damage|p1a: Manaphy|73\/100\n|-damage|p2a: Metagross|64\/100|[from] item: Life Orb\n|\n|-heal|p1a: Manaphy|79\/100|[from] item: Leftovers\n|upkeep\n|turn|10\n|j| sakotasjld\n|\n|t:|1638030838\n|move|p1a: Manaphy|Tail Glow|p1a: Manaphy\n|-boost|p1a: Manaphy|spa|3\n|move|p2a: Metagross|Zen Headbutt|p1a: Manaphy\n|-damage|p1a: Manaphy|52\/100\n|-damage|p2a: Metagross|54\/100|[from] item: Life Orb\n|\n|-heal|p1a: Manaphy|59\/100|[from] item: Leftovers\n|upkeep\n|turn|11\n|\n|t:|1638030841\n|move|p1a: Manaphy|Surf|p2a: Metagross\n|-damage|p2a: Metagross|0 fnt\n|faint|p2a: Metagross\n|\n|-heal|p1a: Manaphy|65\/100|[from] item: Leftovers\n|upkeep\n|\n|t:|1638030848\n|switch|p2a: Infernape|Infernape, M|100\/100\n|turn|12\n|\n|t:|1638030850\n|move|p2a: Infernape|Close Combat|p1a: Manaphy\n|-damage|p1a: Manaphy|28\/100\n|-unboost|p2a: Infernape|def|1\n|-unboost|p2a: Infernape|spd|1\n|move|p1a: Manaphy|Surf|p2a: Infernape\n|-supereffective|p2a: Infernape\n|-damage|p2a: Infernape|0 fnt\n|faint|p2a: Infernape\n|\n|-heal|p1a: Manaphy|34\/100|[from] item: Leftovers\n|upkeep\n|\n|t:|1638030854\n|switch|p2a: Azelf|Azelf|100\/100\n|turn|13\n|\n|t:|1638030856\n|move|p2a: Azelf|Thunderbolt|p1a: Manaphy\n|-supereffective|p1a: Manaphy\n|-damage|p1a: Manaphy|0 fnt\n|faint|p1a: Manaphy\n|\n|upkeep\n|\n|t:|1638030885\n|switch|p1a: Blastoise|Blastoise, M|100\/100\n|-damage|p1a: Blastoise|88\/100|[from] Stealth Rock\n|turn|14\n|\n|t:|1638030888\n|move|p2a: Azelf|Thunderbolt|p1a: Blastoise\n|-supereffective|p1a: Blastoise\n|-damage|p1a: Blastoise|42\/100\n|move|p1a: Blastoise|Shell Smash|p1a: Blastoise\n|-unboost|p1a: Blastoise|def|1\n|-unboost|p1a: Blastoise|spd|1\n|-boost|p1a: Blastoise|atk|2\n|-boost|p1a: Blastoise|spa|2\n|-boost|p1a: Blastoise|spe|2\n|-enditem|p1a: Blastoise|White Herb\n|-clearnegativeboost|p1a: Blastoise|[silent]\n|\n|-sideend|p1: James the fast|move: Light Screen\n|upkeep\n|turn|15\n|\n|t:|1638030892\n|switch|p2a: Garchomp|Garchomp, M|100\/100\n|move|p1a: Blastoise|Dark Pulse|p2a: Garchomp\n|-damage|p2a: Garchomp|43\/100\n|\n|-sideend|p1: James the fast|Reflect\n|upkeep\n|turn|16\n|j| lyh031995\n|\n|t:|1638030895\n|move|p1a: Blastoise|Ice Beam|p2a: Garchomp\n|-supereffective|p2a: Garchomp\n|-damage|p2a: Garchomp|0 fnt\n|faint|p2a: Garchomp\n|\n|upkeep\n|\n|t:|1638030897\n|switch|p2a: Blastoise|Blastoise, M|100\/100\n|turn|17\n|\n|t:|1638030899\n|move|p1a: Blastoise|Dark Pulse|p2a: Blastoise\n|-damage|p2a: Blastoise|52\/100\n|move|p2a: Blastoise|Focus Blast|p1a: Blastoise\n|-damage|p1a: Blastoise|7\/100\n|\n|upkeep\n|turn|18\n|\n|t:|1638030904\n|move|p1a: Blastoise|Dark Pulse|p2a: Blastoise\n|-damage|p2a: Blastoise|0 fnt\n|faint|p2a: Blastoise\n|\n|upkeep\n|-message|Hikari-miyako forfeited.\n|\n|win|James the fast\n|raw|James the fast's rating: 1304 &rarr; <strong>1327<\/strong><br \/>(+23 for winning)\n|raw|Hikari-miyako's rating: 1350 &rarr; <strong>1327<\/strong><br \/>(-23 for losing)\n|l|\u2606Hikari-miyako\n|l| lyh031995\n|c|\u2606James the fast|Gg\n","uploadtime":1638030919,"views":16,"p1id":"jamesthefast","p2id":"hikarimiyako","formatid":"gen8bdspou","rating":1327,"private":0,"password":null}