{"id":"gen8ou-1647690182","p1":"Not Sarcasm","p2":"uniandes5","format":"gen8ou","log":"|j|\u2606Not Sarcasm\n|j|\u2606uniandes5\n|t:|1661404692\n|gametype|singles\n|player|p1|Not Sarcasm|2|1444\n|player|p2|uniandes5|2|1528\n|teamsize|p1|6\n|teamsize|p2|6\n|gen|8\n|tier|[Gen 8] OU\n|rated|\n|rule|Sleep Clause Mod: Limit one foe put to sleep\n|rule|Species Clause: Limit one of each Pok\u00e9mon\n|rule|OHKO Clause: OHKO moves are banned\n|rule|Evasion Items Clause: Evasion items are banned\n|rule|Evasion Moves Clause: Evasion moves are banned\n|rule|Endless Battle Clause: Forcing endless battles is banned\n|rule|HP Percentage Mod: HP is shown in percentages\n|rule|Dynamax Clause: You cannot dynamax\n|clearpoke\n|poke|p1|Tapu Lele|\n|poke|p1|Dragapult, F|\n|poke|p1|Landorus-Therian, M|\n|poke|p1|Weavile, M|\n|poke|p1|Tapu Fini|\n|poke|p1|Melmetal|\n|poke|p2|Porygon2|\n|poke|p2|Stakataka|\n|poke|p2|Marowak-Alola, F|\n|poke|p2|Cresselia, F|\n|poke|p2|Torkoal, F|\n|poke|p2|Hatterene, F|\n|teampreview\n|inactive|Battle timer is ON: inactive players will automatically lose when time's up. (requested by Not Sarcasm)\n|\n|t:|1661404700\n|start\n|switch|p1a: Melmetal|Melmetal|100\/100\n|switch|p2a: Hatterene|Hatterene, F|100\/100\n|turn|1\n|\n|t:|1661404708\n|switch|p2a: Cresselia|Cresselia, F|100\/100\n|move|p1a: Melmetal|Double Iron Bash|p2a: Cresselia\n|-damage|p2a: Cresselia|61\/100\n|-damage|p2a: Cresselia|20\/100\n|-hitcount|p2a: Cresselia|2\n|\n|upkeep\n|turn|2\n|\n|t:|1661404719\n|move|p2a: Cresselia|Trick|p1a: Melmetal\n|-activate|p2a: Cresselia|move: Trick|[of] p1a: Melmetal\n|-item|p1a: Melmetal|Choice Scarf|[from] move: Trick\n|-item|p2a: Cresselia|Choice Band|[from] move: Trick\n|move|p1a: Melmetal|Double Iron Bash|p2a: Cresselia\n|-damage|p2a: Cresselia|0 fnt\n|faint|p2a: Cresselia\n|-hitcount|p2: Cresselia|1\n|\n|upkeep\n|\n|t:|1661404727\n|switch|p2a: Marowak|Marowak-Alola, F|100\/100\n|turn|3\n|\n|t:|1661404729\n|move|p1a: Melmetal|Double Iron Bash|p2a: Marowak\n|-resisted|p2a: Marowak\n|-damage|p2a: Marowak|79\/100\n|-start|p1a: Melmetal|Disable|Double Iron Bash|[from] ability: Cursed Body|[of] p2a: Marowak\n|-resisted|p2a: Marowak\n|-damage|p2a: Marowak|59\/100\n|-hitcount|p2a: Marowak|2\n|move|p2a: Marowak|Flare Blitz|p1a: Melmetal\n|-supereffective|p1a: Melmetal\n|-damage|p1a: Melmetal|0 fnt\n|faint|p1a: Melmetal\n|-damage|p2a: Marowak|17\/100|[from] Recoil\n|\n|upkeep\n|\n|t:|1661404740\n|switch|p1a: Landorus|Landorus-Therian, M|100\/100\n|-ability|p1a: Landorus|Intimidate|boost\n|-unboost|p2a: Marowak|atk|1\n|turn|4\n|\n|t:|1661404744\n|switch|p2a: Porygon2|Porygon2|100\/100\n|-ability|p2a: Porygon2|Intimidate|[from] ability: Trace|[of] p1a: Landorus\n|-ability|p2a: Porygon2|Intimidate|boost\n|-unboost|p1a: Landorus|atk|1\n|move|p1a: Landorus|Earthquake|p2a: Porygon2\n|-damage|p2a: Porygon2|77\/100\n|\n|upkeep\n|turn|5\n|\n|t:|1661404752\n|switch|p1a: Tapu Lele|Tapu Lele|100\/100\n|-fieldstart|move: Psychic Terrain|[from] ability: Psychic Surge|[of] p1a: Tapu Lele\n|move|p2a: Porygon2|Trick Room|p2a: Porygon2\n|-fieldstart|move: Trick Room|[of] p2a: Porygon2\n|\n|upkeep\n|turn|6\n|\n|t:|1661404760\n|move|p1a: Tapu Lele|Future Sight|p2a: Porygon2\n|-start|p1a: Tapu Lele|move: Future Sight\n|move|p2a: Porygon2|Teleport|p2a: Porygon2\n|\n|t:|1661404770\n|switch|p2a: Torkoal|Torkoal, F|100\/100|[from]move: Teleport\n|-weather|SunnyDay|[from] ability: Drought|[of] p2a: Torkoal\n|\n|-weather|SunnyDay|[upkeep]\n|upkeep\n|turn|7\n|\n|t:|1661404783\n|switch|p1a: Dragapult|Dragapult, F|100\/100\n|move|p2a: Torkoal|Eruption|p1a: Dragapult\n|-resisted|p1a: Dragapult\n|-damage|p1a: Dragapult|2\/100\n|\n|-weather|SunnyDay|[upkeep]\n|upkeep\n|turn|8\n|\n|t:|1661404790\n|move|p2a: Torkoal|Eruption|p1a: Dragapult\n|-resisted|p1a: Dragapult\n|-damage|p1a: Dragapult|0 fnt\n|faint|p1a: Dragapult\n|\n|-weather|SunnyDay|[upkeep]\n|-end|p2a: Torkoal|move: Future Sight\n|-damage|p2a: Torkoal|0 fnt\n|faint|p2a: Torkoal\n|upkeep\n|\n|t:|1661404801\n|switch|p2a: Hatterene|Hatterene, F|100\/100\n|switch|p1a: Tapu Fini|Tapu Fini|100\/100\n|-fieldstart|move: Misty Terrain|[from] ability: Misty Surge|[of] p1a: Tapu Fini\n|turn|9\n|j| Vivid Bean Dreams\n|\n|t:|1661404810\n|switch|p2a: Porygon2|Porygon2|77\/100\n|-ability|p2a: Porygon2|Misty Surge|[from] ability: Trace|[of] p1a: Tapu Fini\n|move|p1a: Tapu Fini|Nature's Madness|p2a: Porygon2\n|-damage|p2a: Porygon2|39\/100\n|\n|-weather|SunnyDay|[upkeep]\n|-fieldend|move: Trick Room\n|upkeep\n|turn|10\n|\n|t:|1661404818\n|move|p1a: Tapu Fini|Taunt|p2a: Porygon2\n|-start|p2a: Porygon2|move: Taunt\n|cant|p2a: Porygon2|move: Taunt|Trick Room\n|\n|-weather|none\n|upkeep\n|turn|11\n|\n|t:|1661404823\n|switch|p2a: Hatterene|Hatterene, F|100\/100\n|move|p1a: Tapu Fini|Whirlpool|p2a: Hatterene\n|-damage|p2a: Hatterene|90\/100\n|-activate|p2a: Hatterene|move: Whirlpool|[of] p1a: Tapu Fini\n|\n|-damage|p2a: Hatterene|78\/100|[from] move: Whirlpool|[partiallytrapped]\n|upkeep\n|turn|12\n|\n|t:|1661404831\n|move|p1a: Tapu Fini|Moonblast|p2a: Hatterene\n|-damage|p2a: Hatterene|50\/100\n|move|p2a: Hatterene|Trick Room|p2a: Hatterene\n|-fieldstart|move: Trick Room|[of] p2a: Hatterene\n|\n|-damage|p2a: Hatterene|38\/100|[from] move: Whirlpool|[partiallytrapped]\n|upkeep\n|turn|13\n|\n|t:|1661404844\n|switch|p1a: Landorus|Landorus-Therian, M|100\/100\n|-ability|p1a: Landorus|Intimidate|boost\n|-unboost|p2a: Hatterene|atk|1\n|move|p2a: Hatterene|Healing Wish|p2a: Hatterene\n|faint|p2a: Hatterene\n|\n|-fieldend|Misty Terrain\n|upkeep\n|\n|t:|1661404847\n|switch|p2a: Marowak|Marowak-Alola, F|17\/100\n|-heal|p2a: Marowak|100\/100|[from] move: Healing Wish\n|turn|14\n|\n|t:|1661404853\n|move|p2a: Marowak|Flare Blitz|p1a: Landorus\n|-damage|p1a: Landorus|0 fnt\n|faint|p1a: Landorus\n|-damage|p2a: Marowak|68\/100|[from] Recoil\n|\n|upkeep\n|\n|t:|1661404859\n|switch|p1a: Tapu Fini|Tapu Fini|100\/100\n|-fieldstart|move: Misty Terrain|[from] ability: Misty Surge|[of] p1a: Tapu Fini\n|turn|15\n|inactive|uniandes5 has 120 seconds left.\n|\n|t:|1661404896\n|move|p2a: Marowak|Poltergeist|p1a: Tapu Fini\n|-activate|p1a: Tapu Fini|move: Poltergeist|Leftovers\n|-damage|p1a: Tapu Fini|32\/100\n|move|p1a: Tapu Fini|Whirlpool|p2a: Marowak|[miss]\n|-miss|p1a: Tapu Fini|p2a: Marowak\n|\n|-heal|p1a: Tapu Fini|39\/100|[from] item: Leftovers\n|upkeep\n|turn|16\n|inactive|uniandes5 has 120 seconds left.\n|c|\u2606Not Sarcasm|come on\n|\n|t:|1661404916\n|move|p2a: Marowak|Poltergeist|p1a: Tapu Fini\n|-activate|p1a: Tapu Fini|move: Poltergeist|Leftovers\n|-damage|p1a: Tapu Fini|0 fnt\n|faint|p1a: Tapu Fini\n|\n|-fieldend|move: Trick Room\n|upkeep\n|c|\u2606Not Sarcasm|load of shit\n|\n|t:|1661404923\n|switch|p1a: Tapu Lele|Tapu Lele|100\/100\n|-fieldstart|move: Psychic Terrain|[from] ability: Psychic Surge|[of] p1a: Tapu Lele\n|turn|17\n|inactive|uniandes5 has 120 seconds left.\n|\n|t:|1661404954\n|move|p1a: Tapu Lele|Focus Blast|p2a: Marowak\n|-immune|p2a: Marowak\n|move|p2a: Marowak|Flare Blitz|p1a: Tapu Lele\n|-crit|p1a: Tapu Lele\n|-damage|p1a: Tapu Lele|0 fnt\n|faint|p1a: Tapu Lele\n|-damage|p2a: Marowak|39\/100|[from] Recoil\n|\n|upkeep\n|-message|Not Sarcasm forfeited.\n|\n|win|uniandes5\n|raw|Not Sarcasm's rating: 1444 &rarr; <strong>1429<\/strong><br \/>(-15 for losing)\n|raw|uniandes5's rating: 1528 &rarr; <strong>1543<\/strong><br \/>(+15 for winning)\n|l|\u2606Not Sarcasm\n|c| Vivid Bean Dreams|I guess it's gonna take you 5000 more games to get to 1500\n|c| Vivid Bean Dreams|LMAO\n|l|\u2606uniandes5\n","uploadtime":1661404993,"views":9,"p1id":"notsarcasm","p2id":"uniandes5","formatid":"gen8ou","rating":1429,"private":0,"password":null}