{"id":"gen8nationaldex-1297209480","p1":"Rafaella210599","p2":"PedroGreg","format":"gen8nationaldex","log":"|html|<div class=\"broadcast-blue\"><strong>[Gen 8] National Dex is currently suspecting Cinderace! For information on how to participate check out the <a href=\"https:\/\/www.smogon.com\/forums\/threads\/national-dex-suspect-10-one-more-time.3679480\/\">suspect thread<\/a>.<\/strong><\/div>\n|j|\u2606Rafaella210599\n|j|\u2606PedroGreg\n|t:|1615233826\n|player|p1|Rafaella210599|malva|\n|player|p2|PedroGreg|elesa|\n|teamsize|p1|6\n|teamsize|p2|6\n|gametype|singles\n|gen|8\n|tier|[Gen 8] National Dex\n|rated|Tournament battle\n|clearpoke\n|poke|p1|Tapu Lele|\n|poke|p1|Slowbro, M|\n|poke|p1|Kyurem|\n|poke|p1|Scizor, M|\n|poke|p1|Blissey, F|\n|poke|p1|Zapdos|\n|poke|p2|Charizard, M|\n|poke|p2|Landorus-Therian, M|\n|poke|p2|Zapdos|\n|poke|p2|Cinderace, F|\n|poke|p2|Umbreon, F|\n|poke|p2|Rillaboom, M|\n|rule|HP Percentage Mod: HP is shown in percentages\n|rule|Endless Battle Clause: Forcing endless battles is banned\n|rule|OHKO Clause: OHKO moves are banned\n|rule|Evasion Moves Clause: Evasion moves are banned\n|rule|Species Clause: Limit one of each Pok\u00e9mon\n|rule|Dynamax Clause: You cannot dynamax\n|rule|Sleep Clause Mod: Limit one foe put to sleep\n|teampreview\n|inactive|Battle timer is ON: inactive players will automatically lose when time's up. (requested by Rafaella210599)\n|j|@akiamara\n|c|\u2606PedroGreg|hf\n|j|+RattataSemDente\u271e\n|c|\u2606Rafaella210599|u too\n|j|+WooPERSons 42\n|\n|t:|1615233845\n|start\n|switch|p1a: SerHumanoBugado|Kyurem|100\/100\n|switch|p2a: Charizard|Charizard, M|100\/100\n|-ability|p1a: SerHumanoBugado|Pressure\n|turn|1\n|\n|t:|1615233853\n|detailschange|p2a: Charizard|Charizard-Mega-Y, M\n|-mega|p2a: Charizard|Charizard|Charizardite Y\n|-weather|SunnyDay|[from] ability: Drought|[of] p2a: Charizard\n|move|p2a: Charizard|Fire Blast|p1a: SerHumanoBugado\n|-damage|p1a: SerHumanoBugado|7\/100\n|move|p1a: SerHumanoBugado|Dragon Dance|p1a: SerHumanoBugado\n|-boost|p1a: SerHumanoBugado|atk|1\n|-boost|p1a: SerHumanoBugado|spe|1\n|\n|-weather|SunnyDay|[upkeep]\n|-heal|p1a: SerHumanoBugado|14\/100|[from] item: Leftovers\n|upkeep\n|turn|2\n|c|\u2606Rafaella210599|uia\n|\n|t:|1615233864\n|switch|p2a: Landorus|Landorus-Therian, M|100\/100\n|-ability|p2a: Landorus|Intimidate|boost\n|-unboost|p1a: SerHumanoBugado|atk|1\n|move|p1a: SerHumanoBugado|Dragon Claw|p2a: Landorus\n|-damage|p2a: Landorus|75\/100\n|-damage|p1a: SerHumanoBugado|0 fnt|[from] item: Rocky Helmet|[of] p2a: Landorus\n|faint|p1a: SerHumanoBugado\n|\n|-weather|SunnyDay|[upkeep]\n|upkeep\n|\n|t:|1615233880\n|switch|p1a: Calma!ToBrincando|Tapu Lele|100\/100\n|-fieldstart|move: Psychic Terrain|[from] ability: Psychic Surge|[of] p1a: Calma!ToBrincando\n|turn|3\n|\n|t:|1615233886\n|switch|p2a: Umbreon|Umbreon, F|100\/100\n|move|p1a: Calma!ToBrincando|Moonblast|p2a: Umbreon\n|-supereffective|p2a: Umbreon\n|-damage|p2a: Umbreon|11\/100\n|-unboost|p2a: Umbreon|spa|1\n|\n|-weather|SunnyDay|[upkeep]\n|-heal|p2a: Umbreon|17\/100|[from] item: Leftovers\n|upkeep\n|turn|4\n|c|\u2606Rafaella210599|:)\n|c|+WooPERSons 42|PedroGreg\n|\n|t:|1615233896\n|move|p2a: Umbreon|Protect|p2a: Umbreon\n|-singleturn|p2a: Umbreon|Protect\n|move|p1a: Calma!ToBrincando|Moonblast|p2a: Umbreon\n|-activate|p2a: Umbreon|move: Protect\n|\n|-weather|SunnyDay|[upkeep]\n|-heal|p2a: Umbreon|23\/100|[from] item: Leftovers\n|upkeep\n|turn|5\n|c|+WooPERSons 42|predict brabao\n|\n|t:|1615233904\n|switch|p2a: Charizard|Charizard-Mega-Y, M|100\/100\n|move|p1a: Calma!ToBrincando|Moonblast|p2a: Charizard\n|-resisted|p2a: Charizard\n|-damage|p2a: Charizard|62\/100\n|-unboost|p2a: Charizard|spa|1\n|\n|-weather|none\n|upkeep\n|turn|6\n|\n|t:|1615233913\n|switch|p1a: Panaceia|Blissey, F|100\/100\n|move|p2a: Charizard|Roost|p2a: Charizard\n|-heal|p2a: Charizard|100\/100\n|-singleturn|p2a: Charizard|move: Roost\n|\n|upkeep\n|turn|7\n|c|+RattataSemDente\u271e|epic reveal DD zard\n|\n|t:|1615233926\n|switch|p2a: Landorus|Landorus-Therian, M|75\/100\n|-ability|p2a: Landorus|Intimidate|boost\n|-unboost|p1a: Panaceia|atk|1\n|switch|p1a: Passarin|Zapdos|100\/100\n|\n|-fieldend|move: Psychic Terrain\n|upkeep\n|turn|8\n|c|+WooPERSons 42|dd zard y\n|c|+WooPERSons 42|poggers\n|\n|t:|1615233935\n|move|p2a: Landorus|Toxic|p1a: Passarin\n|-status|p1a: Passarin|tox\n|move|p1a: Passarin|Hurricane|p2a: Landorus\n|-damage|p2a: Landorus|14\/100\n|\n|-damage|p1a: Passarin|94\/100 tox|[from] psn\n|upkeep\n|turn|9\n|c|+WooPERSons 42|carro\n|\n|t:|1615233946\n|move|p2a: Landorus|Stealth Rock|p1a: Passarin\n|-sidestart|p1: Rafaella210599|move: Stealth Rock\n|move|p1a: Passarin|Hurricane|p2a: Landorus\n|-damage|p2a: Landorus|0 fnt\n|faint|p2a: Landorus\n|\n|-damage|p1a: Passarin|82\/100 tox|[from] psn\n|upkeep\n|\n|t:|1615233950\n|switch|p2a: Charizard|Charizard-Mega-Y, M|100\/100\n|-weather|SunnyDay|[from] ability: Drought|[of] p2a: Charizard\n|turn|10\n|\n|t:|1615233963\n|switch|p2a: Cinderace|Cinderace, F|100\/100\n|switch|p1a: Panaceia|Blissey, F|100\/100\n|-damage|p1a: Panaceia|88\/100|[from] Stealth Rock\n|\n|-weather|SunnyDay|[upkeep]\n|-heal|p1a: Panaceia|94\/100|[from] item: Leftovers\n|upkeep\n|turn|11\n|\n|t:|1615233979\n|switch|p1a: Sapito|Slowbro, M|100\/100\n|-damage|p1a: Sapito|88\/100|[from] Stealth Rock\n|move|p2a: Cinderace|U-turn|p1a: Sapito\n|-start|p2a: Cinderace|typechange|Bug|[from] ability: Libero\n|-supereffective|p1a: Sapito\n|-damage|p1a: Sapito|50\/100\n|-damage|p2a: Cinderace|84\/100|[from] item: Rocky Helmet|[of] p1a: Sapito\n|\n|t:|1615233991\n|switch|p2a: Zapdos|Zapdos|100\/100|[from]move: U-turn\n|\n|-weather|SunnyDay|[upkeep]\n|upkeep\n|turn|12\n|j| Sticky Fingaa\n|c|\u2606PedroGreg|planta faz isso velho\n|j|%Loege@!\n|\n|t:|1615234009\n|switch|p1a: Passarin|Zapdos|82\/100 tox\n|move|p2a: Zapdos|Volt Switch|p1a: Passarin\n|-damage|p1a: Passarin|55\/100 tox\n|\n|t:|1615234017\n|switch|p2a: Charizard|Charizard-Mega-Y, M|100\/100|[from]move: Volt Switch\n|\n|-weather|SunnyDay|[upkeep]\n|-damage|p1a: Passarin|49\/100 tox|[from] psn\n|upkeep\n|turn|13\n|\n|t:|1615234026\n|move|p2a: Charizard|Fire Blast|p1a: Passarin\n|-damage|p1a: Passarin|0 fnt\n|faint|p1a: Passarin\n|\n|-weather|SunnyDay|[upkeep]\n|upkeep\n|\n|t:|1615234033\n|switch|p1a: Calma!ToBrincando|Tapu Lele|100\/100\n|-damage|p1a: Calma!ToBrincando|88\/100|[from] Stealth Rock\n|-fieldstart|move: Psychic Terrain|[from] ability: Psychic Surge|[of] p1a: Calma!ToBrincando\n|turn|14\n|\n|t:|1615234040\n|switch|p2a: Umbreon|Umbreon, F|23\/100\n|move|p1a: Calma!ToBrincando|Psychic|p2a: Umbreon\n|-immune|p2a: Umbreon\n|\n|-weather|none\n|-heal|p2a: Umbreon|29\/100|[from] item: Leftovers\n|upkeep\n|turn|15\n|\n|t:|1615234049\n|switch|p1a: KingBee|Scizor, M|100\/100\n|-damage|p1a: KingBee|88\/100|[from] Stealth Rock\n|move|p2a: Umbreon|Wish|p2a: Umbreon\n|\n|-heal|p2a: Umbreon|35\/100|[from] item: Leftovers\n|upkeep\n|turn|16\n|\n|t:|1615234058\n|switch|p2a: Cinderace|Cinderace, F|84\/100\n|detailschange|p1a: KingBee|Scizor-Mega, M\n|-mega|p1a: KingBee|Scizor|Scizorite\n|move|p1a: KingBee|Swords Dance|p1a: KingBee\n|-boost|p1a: KingBee|atk|2\n|\n|-heal|p2a: Cinderace|100\/100|[from] move: Wish|[wisher] Umbreon\n|upkeep\n|turn|17\n|l|+RattataSemDente\u271e\n|\n|t:|1615234068\n|move|p2a: Cinderace|Pyro Ball|p1a: KingBee|[miss]\n|-miss|p2a: Cinderace|p1a: KingBee\n|move|p1a: KingBee|Aerial Ace|p2a: Cinderace\n|-damage|p2a: Cinderace|0 fnt\n|faint|p2a: Cinderace\n|\n|upkeep\n|l|@akiamara\n|\n|t:|1615234071\n|switch|p2a: Charizard|Charizard-Mega-Y, M|100\/100\n|-weather|SunnyDay|[from] ability: Drought|[of] p2a: Charizard\n|turn|18\n|c|%Loege|tentou\n|c|\u2606Rafaella210599|MDS\n|c|\u2606PedroGreg|tentamos\n|c|%Loege|capaz tem muito jogo ainda\n|\n|t:|1615234098\n|switch|p1a: Panaceia|Blissey, F|94\/100\n|-damage|p1a: Panaceia|82\/100|[from] Stealth Rock\n|move|p2a: Charizard|Fire Blast|p1a: Panaceia\n|-damage|p1a: Panaceia|43\/100\n|\n|-weather|SunnyDay|[upkeep]\n|-heal|p1a: Panaceia|49\/100|[from] item: Leftovers\n|-fieldend|move: Psychic Terrain\n|upkeep\n|turn|19\n|\n|t:|1615234112\n|switch|p2a: Rillaboom|Rillaboom, M|100\/100\n|-fieldstart|move: Grassy Terrain|[from] ability: Grassy Surge|[of] p2a: Rillaboom\n|move|p1a: Panaceia|Soft-Boiled|p1a: Panaceia\n|-heal|p1a: Panaceia|99\/100\n|\n|-weather|SunnyDay|[upkeep]\n|-heal|p1a: Panaceia|100\/100|[from] Grassy Terrain\n|upkeep\n|turn|20\n|\n|t:|1615234123\n|move|p2a: Rillaboom|Superpower|p1a: Panaceia\n|-supereffective|p1a: Panaceia\n|-damage|p1a: Panaceia|0 fnt\n|-unboost|p2a: Rillaboom|atk|1\n|-unboost|p2a: Rillaboom|def|1\n|faint|p1a: Panaceia\n|\n|-weather|SunnyDay|[upkeep]\n|upkeep\n|j|%Skiry\n|c|\u2606Rafaella210599|vish\n|\n|t:|1615234131\n|switch|p1a: KingBee|Scizor-Mega, M|88\/100\n|-damage|p1a: KingBee|76\/100|[from] Stealth Rock\n|turn|21\n|\n|t:|1615234138\n|switch|p2a: Charizard|Charizard-Mega-Y, M|100\/100\n|move|p1a: KingBee|Aerial Ace|p2a: Charizard\n|-damage|p2a: Charizard|51\/100\n|\n|-weather|SunnyDay|[upkeep]\n|-heal|p1a: KingBee|82\/100|[from] Grassy Terrain\n|upkeep\n|turn|22\n|\n|t:|1615234148\n|switch|p1a: Sapito|Slowbro, M|83\/100\n|-damage|p1a: Sapito|71\/100|[from] Stealth Rock\n|move|p2a: Charizard|Fire Blast|p1a: Sapito|[miss]\n|-miss|p2a: Charizard|p1a: Sapito\n|\n|-weather|none\n|-heal|p1a: Sapito|77\/100|[from] Grassy Terrain\n|upkeep\n|turn|23\n|\n|t:|1615234160\n|switch|p2a: Umbreon|Umbreon, F|35\/100\n|move|p1a: Sapito|Teleport|p1a: Sapito\n|\n|t:|1615234166\n|switch|p1a: Calma!ToBrincando|Tapu Lele|88\/100|[from]move: Teleport\n|-damage|p1a: Calma!ToBrincando|76\/100|[from] Stealth Rock\n|-fieldstart|move: Psychic Terrain|[from] ability: Psychic Surge|[of] p1a: Calma!ToBrincando\n|\n|-heal|p2a: Umbreon|41\/100|[from] item: Leftovers\n|upkeep\n|turn|24\n|c| Sticky Fingaa|sem solar beam?\n|c|%Skiry|ele tava sem sun\n|c|%Loege|solar beam n funciona sem sun, Skiry\n|\n|t:|1615234182\n|move|p2a: Umbreon|Protect|p2a: Umbreon\n|-singleturn|p2a: Umbreon|Protect\n|move|p1a: Calma!ToBrincando|Moonblast|p2a: Umbreon\n|-activate|p2a: Umbreon|move: Protect\n|\n|-heal|p2a: Umbreon|47\/100|[from] item: Leftovers\n|upkeep\n|turn|25\n|j| CAIO1213\n|c|%Loege|Sticky Fingaa\n|j| U alek\n|c|%Skiry|funcionar funciona\n|\n|t:|1615234194\n|move|p1a: Calma!ToBrincando|Moonblast|p2a: Umbreon\n|-supereffective|p2a: Umbreon\n|-damage|p2a: Umbreon|0 fnt\n|faint|p2a: Umbreon\n|\n|upkeep\n|l| CAIO1213\n|\n|t:|1615234195\n|switch|p2a: Charizard|Charizard-Mega-Y, M|51\/100\n|-weather|SunnyDay|[from] ability: Drought|[of] p2a: Charizard\n|turn|26\n|c| Sticky Fingaa|a eu nn tinha visto\n|c|%Skiry|s\u00f3 que custa dois turnos\n|c|%Loege|ah funciona n kkkkk\n|c| Sticky Fingaa|eu sei po\n|\n|t:|1615234204\n|switch|p1a: Sapito|Slowbro, M|100\/100\n|-damage|p1a: Sapito|88\/100|[from] Stealth Rock\n|move|p2a: Charizard|Roost|p2a: Charizard\n|-heal|p2a: Charizard|100\/100\n|-singleturn|p2a: Charizard|move: Roost\n|\n|-weather|SunnyDay|[upkeep]\n|upkeep\n|turn|27\n|c| Sticky Fingaa|nn tinha notado q o sol acabou\n|\n|t:|1615234215\n|move|p2a: Charizard|Solar Beam||[still]\n|-prepare|p2a: Charizard|Solar Beam\n|-anim|p2a: Charizard|Solar Beam|p1a: Sapito\n|-supereffective|p1a: Sapito\n|-crit|p1a: Sapito\n|-damage|p1a: Sapito|0 fnt\n|faint|p1a: Sapito\n|\n|-weather|SunnyDay|[upkeep]\n|-fieldend|move: Psychic Terrain\n|upkeep\n|l|%Loege\n|\n|t:|1615234224\n|switch|p1a: Calma!ToBrincando|Tapu Lele|76\/100\n|-damage|p1a: Calma!ToBrincando|63\/100|[from] Stealth Rock\n|-fieldstart|move: Psychic Terrain|[from] ability: Psychic Surge|[of] p1a: Calma!ToBrincando\n|turn|28\n|c|\u2606Rafaella210599|se matar o lele \u00e9 gg\n|inactive|PedroGreg has 120 seconds left.\n|\n|t:|1615234254\n|move|p2a: Charizard|Fire Blast|p1a: Calma!ToBrincando\n|-damage|p1a: Calma!ToBrincando|0 fnt\n|faint|p1a: Calma!ToBrincando\n|\n|-weather|SunnyDay|[upkeep]\n|upkeep\n|c|\u2606Rafaella210599|gg\n|-message|Rafaella210599 forfeited.\n|\n|win|PedroGreg\n|n|\u2606Rafaella210599|rafaella210599\n|n|\u2606PedroGreg|pedrogreg\n|n| WooPERSons 42|woopersons42\n|n| Sticky Fingaa|stickyfingaa\n|n| Skiry|skiry\n|n| U alek|ualek\n","uploadtime":1615234262,"views":6,"p1id":"rafaella210599","p2id":"pedrogreg","formatid":"gen8nationaldex","rating":0,"private":0,"password":null}