{"id":"gen8ou-1557684336","p1":"BRIFYE","p2":"boshoes","format":"gen8ou","log":"|j|\u2606BRIFYE\n|j|\u2606boshoes\n|t:|1650481624\n|gametype|singles\n|player|p1|BRIFYE|blaine|1713\n|player|p2|boshoes|cyclist|1703\n|teamsize|p1|6\n|teamsize|p2|6\n|gen|8\n|tier|[Gen 8] OU\n|rated|\n|rule|Sleep Clause Mod: Limit one foe put to sleep\n|rule|Species Clause: Limit one of each Pok\u00e9mon\n|rule|OHKO Clause: OHKO moves are banned\n|rule|Evasion Moves Clause: Evasion moves are banned\n|rule|Endless Battle Clause: Forcing endless battles is banned\n|rule|HP Percentage Mod: HP is shown in percentages\n|rule|Dynamax Clause: You cannot dynamax\n|clearpoke\n|poke|p1|Torkoal, M|\n|poke|p1|Darmanitan, F|\n|poke|p1|Dragonite, F|\n|poke|p1|Blacephalon|\n|poke|p1|Venusaur, M|\n|poke|p1|Landorus-Therian, M|\n|poke|p2|Bisharp, F|\n|poke|p2|Kartana|\n|poke|p2|Rhyperior, M|\n|poke|p2|Dragonite, M|\n|poke|p2|Blacephalon|\n|poke|p2|Tapu Lele|\n|teampreview\n|j| KingRon265\n|j| STDSuave\n|inactive|Battle timer is ON: inactive players will automatically lose when time's up. (requested by boshoes)\n|c|\u2606boshoes|glhf\n|c|\u2606BRIFYE|to you too :)\n|l| KingRon265\n|\n|t:|1650481653\n|start\n|switch|p1a: Landorus|Landorus-Therian, M|100\/100\n|switch|p2a: U Mess W 1 of Us|Bisharp, F|100\/100\n|-ability|p1a: Landorus|Intimidate|boost\n|-unboost|p2a: U Mess W 1 of Us|atk|1\n|-ability|p2a: U Mess W 1 of Us|Defiant\n|-boost|p2a: U Mess W 1 of Us|atk|2\n|turn|1\n|\n|t:|1650481662\n|move|p2a: U Mess W 1 of Us|Beat Up|p1a: Landorus\n|-damage|p1a: Landorus|85\/100\n|-damage|p1a: Landorus|64\/100\n|-damage|p1a: Landorus|47\/100\n|-damage|p1a: Landorus|31\/100\n|-damage|p1a: Landorus|15\/100\n|-damage|p1a: Landorus|3\/100\n|-hitcount|p1a: Landorus|6\n|move|p1a: Landorus|Earthquake|p2a: U Mess W 1 of Us\n|-supereffective|p2a: U Mess W 1 of Us\n|-damage|p2a: U Mess W 1 of Us|0 fnt\n|faint|p2a: U Mess W 1 of Us\n|\n|-heal|p1a: Landorus|9\/100|[from] item: Leftovers\n|upkeep\n|j| Trap pink leggins\n|c|\u2606boshoes|oh man\n|c|\u2606boshoes|max def lando?\n|c|\u2606BRIFYE|yes :)\n|\n|t:|1650481681\n|switch|p2a: Egg|Tapu Lele|100\/100\n|-fieldstart|move: Psychic Terrain|[from] ability: Psychic Surge|[of] p2a: Egg\n|turn|2\n|l| Trap pink leggins\n|inactive|BRIFYE has 120 seconds left.\n|\n|t:|1650481723\n|move|p2a: Egg|Psyshock|p1a: Landorus\n|-damage|p1a: Landorus|0 fnt\n|faint|p1a: Landorus\n|\n|upkeep\n|\n|t:|1650481728\n|switch|p1a: Blacephalon|Blacephalon|100\/100\n|turn|3\n|\n|t:|1650481758\n|move|p1a: Blacephalon|Shadow Ball|p2a: Egg\n|-supereffective|p2a: Egg\n|-damage|p2a: Egg|34\/100\n|move|p2a: Egg|Psyshock|p1a: Blacephalon\n|-damage|p1a: Blacephalon|0 fnt\n|faint|p1a: Blacephalon\n|\n|upkeep\n|inactive|BRIFYE has 120 seconds left.\n|j| tumbulate\n|\n|t:|1650481795\n|switch|p1a: Dragonite|Dragonite, F|100\/100\n|turn|4\n|j| KingRon265\n|\n|t:|1650481803\n|switch|p2a: Powerlifter Rhydon|Rhyperior, M|100\/100\n|move|p1a: Dragonite|Dragon Dance|p1a: Dragonite\n|-boost|p1a: Dragonite|atk|1\n|-boost|p1a: Dragonite|spe|1\n|\n|upkeep\n|turn|5\n|\n|t:|1650481812\n|move|p1a: Dragonite|Earthquake|p2a: Powerlifter Rhydon\n|-supereffective|p2a: Powerlifter Rhydon\n|-damage|p2a: Powerlifter Rhydon|49\/100\n|-enditem|p2a: Powerlifter Rhydon|Weakness Policy\n|-boost|p2a: Powerlifter Rhydon|atk|2|[from] item: Weakness Policy\n|-boost|p2a: Powerlifter Rhydon|spa|2|[from] item: Weakness Policy\n|move|p2a: Powerlifter Rhydon|Rock Slide|p1a: Dragonite\n|-supereffective|p1a: Dragonite\n|-damage|p1a: Dragonite|25\/100\n|\n|upkeep\n|turn|6\n|\n|t:|1650481830\n|move|p1a: Dragonite|Earthquake|p2a: Powerlifter Rhydon\n|-supereffective|p2a: Powerlifter Rhydon\n|-damage|p2a: Powerlifter Rhydon|0 fnt\n|faint|p2a: Powerlifter Rhydon\n|\n|-fieldend|move: Psychic Terrain\n|upkeep\n|\n|t:|1650481838\n|switch|p2a: Jack Samurai Jack|Kartana|100\/100\n|turn|7\n|\n|t:|1650481841\n|switch|p1a: Torkoal|Torkoal, M|100\/100\n|-weather|SunnyDay|[from] ability: Drought|[of] p1a: Torkoal\n|move|p2a: Jack Samurai Jack|Knock Off|p1a: Torkoal\n|-damage|p1a: Torkoal|76\/100\n|-enditem|p1a: Torkoal|Heat Rock|[from] move: Knock Off|[of] p2a: Jack Samurai Jack\n|\n|-weather|SunnyDay|[upkeep]\n|upkeep\n|turn|8\n|\n|t:|1650481855\n|switch|p2a: Friendly Dragon|Dragonite, M|100\/100\n|move|p1a: Torkoal|Stealth Rock|p2a: Friendly Dragon\n|-sidestart|p2: boshoes|move: Stealth Rock\n|\n|-weather|SunnyDay|[upkeep]\n|upkeep\n|turn|9\n|\n|t:|1650481862\n|move|p2a: Friendly Dragon|Dragon Dance|p2a: Friendly Dragon\n|-boost|p2a: Friendly Dragon|atk|1\n|-boost|p2a: Friendly Dragon|spe|1\n|move|p1a: Torkoal|Lava Plume|p2a: Friendly Dragon\n|-resisted|p2a: Friendly Dragon\n|-damage|p2a: Friendly Dragon|91\/100\n|\n|-weather|SunnyDay|[upkeep]\n|upkeep\n|turn|10\n|\n|t:|1650481887\n|switch|p1a: Dragonite|Dragonite, F|25\/100\n|move|p2a: Friendly Dragon|Dragon Dance|p2a: Friendly Dragon\n|-boost|p2a: Friendly Dragon|atk|1\n|-boost|p2a: Friendly Dragon|spe|1\n|\n|-weather|SunnyDay|[upkeep]\n|upkeep\n|turn|11\n|\n|t:|1650481893\n|move|p2a: Friendly Dragon|Ice Punch|p1a: Dragonite\n|-supereffective|p1a: Dragonite\n|-damage|p1a: Dragonite|0 fnt\n|faint|p1a: Dragonite\n|\n|-weather|SunnyDay|[upkeep]\n|upkeep\n|\n|t:|1650481898\n|switch|p1a: Venusaur|Venusaur, M|100\/100\n|turn|12\n|j| simplegent\n|\n|t:|1650481904\n|move|p1a: Venusaur|Weather Ball|p2a: Friendly Dragon\n|-resisted|p2a: Friendly Dragon\n|-damage|p2a: Friendly Dragon|63\/100\n|-damage|p1a: Venusaur|91\/100|[from] item: Life Orb\n|move|p2a: Friendly Dragon|Ice Punch|p1a: Venusaur\n|-supereffective|p1a: Venusaur\n|-damage|p1a: Venusaur|0 fnt\n|faint|p1a: Venusaur\n|\n|-weather|SunnyDay|[upkeep]\n|upkeep\n|c|\u2606boshoes|think that's gg\n|c|\u2606BRIFYE|gg\n|inactive|BRIFYE has 120 seconds left.\n|-message|BRIFYE forfeited.\n|\n|win|boshoes\n|raw|BRIFYE's rating: 1713 &rarr; <strong>1692<\/strong><br \/>(-21 for losing)\n|raw|boshoes's rating: 1703 &rarr; <strong>1724<\/strong><br \/>(+21 for winning)\n|l|\u2606BRIFYE\n|c|\u2606boshoes|gg wp\n|l| STDSuave\n|l|\u2606boshoes\n|l| KingRon265\n|l| tumbulate\n|j|\u2606boshoes\n|player|p2|boshoes|cyclist\n","uploadtime":1650481950,"views":20,"p1id":"brifye","p2id":"boshoes","formatid":"gen8ou","rating":1692,"private":0,"password":null}