{"id":"gen8bdspou-1514090260","p1":"Xilefi","p2":"mongwong","format":"gen8bdspou","log":"|j|\u2606Xilefi\n|j|\u2606mongwong\n|t:|1645232538\n|gametype|singles\n|player|p1|Xilefi|pryce|1531\n|player|p2|mongwong|ethan|1366\n|teamsize|p1|6\n|teamsize|p2|6\n|gen|8\n|tier|[Gen 8 BDSP] OU\n|rated|\n|rule|Sleep Clause Mod: Limit one foe put to sleep\n|rule|Species Clause: Limit one of each Pok\u00e9mon\n|rule|OHKO Clause: OHKO moves are banned\n|rule|Evasion Moves Clause: Evasion moves are banned\n|rule|Endless Battle Clause: Forcing endless battles is banned\n|rule|HP Percentage Mod: HP is shown in percentages\n|clearpoke\n|poke|p1|Gardevoir, F|\n|poke|p1|Magnezone|\n|poke|p1|Latios, M|\n|poke|p1|Heatran, M|\n|poke|p1|Starmie|\n|poke|p1|Mamoswine, M|\n|poke|p2|Feraligatr, M|\n|poke|p2|Yanmega, F|\n|poke|p2|Gliscor, M|\n|poke|p2|Magnezone|\n|poke|p2|Rotom-Wash|\n|poke|p2|Donphan, F|\n|teampreview\n|inactive|Battle timer is ON: inactive players will automatically lose when time's up. (requested by mongwong)\n|\n|t:|1645232563\n|start\n|switch|p1a: Gardevoir|Gardevoir, F|100\/100\n|switch|p2a: Yanmega|Yanmega, F|100\/100\n|-ability|p1a: Gardevoir|Tinted Lens|[from] ability: Trace|[of] p2a: Yanmega\n|turn|1\n|\n|t:|1645232572\n|switch|p1a: Heatran|Heatran, M|100\/100\n|move|p2a: Yanmega|Bug Buzz|p1a: Heatran\n|-resisted|p1a: Heatran\n|-damage|p1a: Heatran|62\/100\n|\n|-heal|p1a: Heatran|68\/100|[from] item: Leftovers\n|upkeep\n|turn|2\n|\n|t:|1645232580\n|switch|p2a: Rotom|Rotom-Wash|100\/100\n|move|p1a: Heatran|Magma Storm|p2a: Rotom\n|-resisted|p2a: Rotom\n|-damage|p2a: Rotom|69\/100\n|-activate|p2a: Rotom|move: Magma Storm|[of] p1a: Heatran\n|\n|-heal|p1a: Heatran|74\/100|[from] item: Leftovers\n|-damage|p2a: Rotom|56\/100|[from] move: Magma Storm|[partiallytrapped]\n|upkeep\n|turn|3\n|j| Leggidimendel\n|\n|t:|1645232589\n|move|p1a: Heatran|Protect|p1a: Heatran\n|-singleturn|p1a: Heatran|Protect\n|move|p2a: Rotom|Volt Switch|p1a: Heatran\n|-activate|p1a: Heatran|move: Protect\n|\n|-heal|p1a: Heatran|81\/100|[from] item: Leftovers\n|-damage|p2a: Rotom|44\/100|[from] move: Magma Storm|[partiallytrapped]\n|upkeep\n|turn|4\n|\n|t:|1645232595\n|switch|p1a: Mamoswine|Mamoswine, M|100\/100\n|move|p2a: Rotom|Volt Switch|p1a: Mamoswine\n|-immune|p1a: Mamoswine\n|\n|-end|p2a: Rotom|Magma Storm|[partiallytrapped]|[silent]\n|upkeep\n|turn|5\n|\n|t:|1645232605\n|switch|p2a: Donphan|Donphan, F|100\/100\n|move|p1a: Mamoswine|Substitute|p1a: Mamoswine\n|-start|p1a: Mamoswine|Substitute\n|-damage|p1a: Mamoswine|76\/100\n|\n|upkeep\n|turn|6\n|\n|t:|1645232611\n|move|p1a: Mamoswine|Icicle Crash|p2a: Donphan\n|-supereffective|p2a: Donphan\n|-damage|p2a: Donphan|47\/100\n|move|p2a: Donphan|Earthquake|p1a: Mamoswine\n|-end|p1a: Mamoswine|Substitute\n|\n|-heal|p2a: Donphan|54\/100|[from] item: Leftovers\n|upkeep\n|turn|7\n|j| Noticemisenpae\n|\n|t:|1645232620\n|move|p1a: Mamoswine|Icicle Crash|p2a: Donphan\n|-supereffective|p2a: Donphan\n|-damage|p2a: Donphan|0 fnt\n|faint|p2a: Donphan\n|\n|upkeep\n|\n|t:|1645232624\n|switch|p2a: Feraligatr|Feraligatr, M, shiny|100\/100\n|turn|8\n|\n|t:|1645232628\n|move|p1a: Mamoswine|Earthquake|p2a: Feraligatr\n|-damage|p2a: Feraligatr|39\/100\n|move|p2a: Feraligatr|Dragon Dance|p2a: Feraligatr\n|-boost|p2a: Feraligatr|atk|1\n|-boost|p2a: Feraligatr|spe|1\n|\n|upkeep\n|turn|9\n|\n|t:|1645232637\n|move|p2a: Feraligatr|Waterfall|p1a: Mamoswine\n|-supereffective|p1a: Mamoswine\n|-damage|p1a: Mamoswine|0 fnt\n|faint|p1a: Mamoswine\n|\n|upkeep\n|\n|t:|1645232644\n|switch|p1a: Heatran|Heatran, M|81\/100\n|turn|10\n|\n|t:|1645232653\n|move|p2a: Feraligatr|Waterfall|p1a: Heatran\n|-supereffective|p1a: Heatran\n|-damage|p1a: Heatran|0 fnt\n|-status|p2a: Feraligatr|brn|[from] ability: Flame Body|[of] p1a: Heatran\n|faint|p1a: Heatran\n|\n|-damage|p2a: Feraligatr|33\/100 brn|[from] brn\n|upkeep\n|c| Leggidimendel|Bruh\n|c| Leggidimendel|was gg xd\n|c|\u2606Xilefi|yes\n|inactive|Xilefi has 120 seconds left.\n|\n|t:|1645232695\n|switch|p1a: Latios|Latios, M|100\/100\n|turn|11\n|\n|t:|1645232704\n|move|p2a: Feraligatr|Ice Punch|p1a: Latios\n|-supereffective|p1a: Latios\n|-damage|p1a: Latios|15\/100\n|move|p1a: Latios|Surf|p2a: Feraligatr\n|-resisted|p2a: Feraligatr\n|-damage|p2a: Feraligatr|2\/100 brn\n|\n|-damage|p2a: Feraligatr|0 fnt|[from] brn\n|faint|p2a: Feraligatr\n|upkeep\n|\n|t:|1645232712\n|switch|p2a: Yanmega|Yanmega, F|100\/100\n|turn|12\n|\n|t:|1645232720\n|switch|p1a: Magnezone|Magnezone|100\/100\n|move|p2a: Yanmega|Bug Buzz|p1a: Magnezone\n|-resisted|p1a: Magnezone\n|-damage|p1a: Magnezone|5\/100\n|\n|upkeep\n|turn|13\n|\n|t:|1645232723\n|move|p2a: Yanmega|Bug Buzz|p1a: Magnezone\n|-resisted|p1a: Magnezone\n|-damage|p1a: Magnezone|0 fnt\n|faint|p1a: Magnezone\n|\n|upkeep\n|\n|t:|1645232726\n|switch|p1a: Starmie|Starmie|100\/100\n|turn|14\n|\n|t:|1645232729\n|move|p1a: Starmie|Thunderbolt|p2a: Yanmega\n|-supereffective|p2a: Yanmega\n|-damage|p2a: Yanmega|0 fnt\n|faint|p2a: Yanmega\n|-damage|p1a: Starmie|91\/100|[from] item: Life Orb\n|\n|upkeep\n|\n|t:|1645232742\n|switch|p2a: Rotom|Rotom-Wash|44\/100\n|turn|15\n|\n|t:|1645232745\n|switch|p1a: Gardevoir|Gardevoir, F|100\/100\n|-ability|p1a: Gardevoir|Levitate|[from] ability: Trace|[of] p2a: Rotom\n|move|p2a: Rotom|Volt Switch|p1a: Gardevoir\n|-damage|p1a: Gardevoir|79\/100\n|\n|t:|1645232748\n|switch|p2a: Gliscor|Gliscor, M|100\/100|[from]move: Volt Switch\n|\n|-heal|p1a: Gardevoir|85\/100|[from] item: Leftovers\n|-status|p2a: Gliscor|tox|[from] item: Toxic Orb\n|upkeep\n|turn|16\n|\n|t:|1645232753\n|move|p2a: Gliscor|Facade|p1a: Gardevoir\n|-damage|p1a: Gardevoir|24\/100\n|move|p1a: Gardevoir|Wish|p1a: Gardevoir\n|\n|-heal|p1a: Gardevoir|31\/100|[from] item: Leftovers\n|upkeep\n|turn|17\n|\n|t:|1645232760\n|switch|p1a: Starmie|Starmie|91\/100\n|move|p2a: Gliscor|Facade|p1a: Starmie\n|-damage|p1a: Starmie|28\/100\n|\n|-heal|p1a: Starmie|93\/100|[from] move: Wish|[wisher] Gardevoir\n|upkeep\n|turn|18\n|\n|t:|1645232767\n|move|p1a: Starmie|Ice Beam|p2a: Gliscor\n|-supereffective|p2a: Gliscor\n|-damage|p2a: Gliscor|0 fnt\n|faint|p2a: Gliscor\n|-damage|p1a: Starmie|83\/100|[from] item: Life Orb\n|\n|upkeep\n|\n|t:|1645232770\n|switch|p2a: Magnezone|Magnezone|100\/100\n|turn|19\n|\n|t:|1645232782\n|move|p1a: Starmie|Hydro Pump|p2a: Magnezone\n|-damage|p2a: Magnezone|35\/100\n|-damage|p1a: Starmie|73\/100|[from] item: Life Orb\n|move|p2a: Magnezone|Thunderbolt|p1a: Starmie\n|-supereffective|p1a: Starmie\n|-damage|p1a: Starmie|0 fnt\n|faint|p1a: Starmie\n|\n|upkeep\n|\n|t:|1645232787\n|switch|p1a: Latios|Latios, M|15\/100\n|turn|20\n|\n|t:|1645232789\n|move|p1a: Latios|Surf|p2a: Magnezone\n|-damage|p2a: Magnezone|0 fnt\n|faint|p2a: Magnezone\n|\n|upkeep\n|\n|t:|1645232791\n|switch|p2a: Rotom|Rotom-Wash|44\/100\n|turn|21\n|\n|t:|1645232793\n|switch|p1a: Gardevoir|Gardevoir, F|31\/100\n|-ability|p1a: Gardevoir|Levitate|[from] ability: Trace|[of] p2a: Rotom\n|move|p2a: Rotom|Volt Switch|p1a: Gardevoir\n|-damage|p1a: Gardevoir|9\/100\n|\n|-heal|p1a: Gardevoir|15\/100|[from] item: Leftovers\n|upkeep\n|turn|22\n|\n|t:|1645232799\n|move|p2a: Rotom|Volt Switch|p1a: Gardevoir\n|-damage|p1a: Gardevoir|0 fnt\n|faint|p1a: Gardevoir\n|\n|upkeep\n|\n|t:|1645232801\n|switch|p1a: Latios|Latios, M|15\/100\n|turn|23\n|\n|t:|1645232803\n|move|p2a: Rotom|Volt Switch|p1a: Latios\n|-resisted|p1a: Latios\n|-damage|p1a: Latios|0 fnt\n|faint|p1a: Latios\n|\n|win|mongwong\n|raw|Xilefi's rating: 1531 &rarr; <strong>1501<\/strong><br \/>(-30 for losing)\n|raw|mongwong's rating: 1350 &rarr; <strong>1380<\/strong><br \/>(+30 for winning)\n|l|\u2606Xilefi\n|c| Leggidimendel|Yanmega\n|c| Leggidimendel|boosted\n|c| Leggidimendel|200%\n|c| Leggidimendel|on magnezone\n|c| Leggidimendel|wtf\n|c|\u2606mongwong|Tinted lens\n|c|\u2606mongwong|And specs\n||Ladder isn't responding, score probably updated but might not have (Request timeout).\n","uploadtime":1645232851,"views":18,"p1id":"xilefi","p2id":"mongwong","formatid":"gen8bdspou","rating":1380,"private":0,"password":null}