{"id":"gen8ou-1182181326","p1":"lt74pf rn8","p2":"The Last Hero","format":"gen8ou","log":"|raw|<div class=\"broadcast-blue\"><strong>This battle is required to be public due to a player having a name starting with 'LT74PF'.<\/div>\n|j|\u2606lt74pf rn8\n|j|\u2606The Last Hero\n|t:|1599396100\n|player|p1|lt74pf rn8|blue-gen2|2052\n|player|p2|The Last Hero|acetrainersnow|1855\n|teamsize|p1|6\n|teamsize|p2|6\n|gametype|singles\n|gen|8\n|tier|[Gen 8] OU\n|rated|\n|clearpoke\n|poke|p1|Ditto|\n|poke|p1|Hatterene, F|\n|poke|p1|Toxapex, M|\n|poke|p1|Blissey, F|\n|poke|p1|Corviknight, M|\n|poke|p1|Amoonguss, M|\n|poke|p2|Golurk|\n|poke|p2|Clefable, F|\n|poke|p2|Amoonguss, M|\n|poke|p2|Mandibuzz, F|\n|poke|p2|Dragapult, M|\n|poke|p2|Jirachi|\n|rule|Sleep Clause Mod: Limit one foe put to sleep\n|rule|Species Clause: Limit one of each Pok\u00e9mon\n|rule|OHKO Clause: OHKO moves are banned\n|rule|Evasion Moves Clause: Evasion moves are banned\n|rule|Endless Battle Clause: Forcing endless battles is banned\n|rule|HP Percentage Mod: HP is shown in percentages\n|rule|Dynamax Clause: You cannot dynamax\n|teampreview\n|j| egalvanc\n|j| Mara Sattei\n|inactive|Battle timer is ON: inactive players will automatically lose when time's up. (requested by lt74pf rn8)\n|j| outz u\n|c| egalvanc|vamos eeveeto\n|\n|t:|1599396111\n|start\n|switch|p1a: Toxapex|Toxapex, M|100\/100\n|switch|p2a: Wish Of Hax|Jirachi|100\/100\n|turn|1\n|j| Serene Grace\n|inactive|lt74pf rn8 has 120 seconds left.\n|j| Sagiri I.\n|\n|t:|1599396145\n|switch|p1a: Ditto|Ditto|100\/100\n|-transform|p1a: Ditto|p2a: Wish Of Hax|[from] ability: Imposter\n|move|p2a: Wish Of Hax|Trick|p1a: Ditto\n|-activate|p2a: Wish Of Hax|move: Trick|[of] p1a: Ditto\n|-item|p1a: Ditto|Choice Scarf|[from] move: Trick\n|-item|p2a: Wish Of Hax|Choice Scarf|[from] move: Trick\n|\n|upkeep\n|turn|2\n|j| miambiamdiam\n|j| LT74PF effortless\n|j| Sersi Lanistar\n|\n|t:|1599396156\n|move|p2a: Wish Of Hax|Iron Head|p1a: Ditto\n|-resisted|p1a: Ditto\n|-damage|p1a: Ditto|84\/100\n|cant|p1a: Ditto|flinch\n|\n|upkeep\n|turn|3\n|j|+Perish Song \u266b\n|l| LT74PF effortless\n|\n|t:|1599396161\n|switch|p2a: Mr. Seton|Amoonguss, M|100\/100\n|move|p1a: Ditto|U-turn|p2a: Mr. Seton\n|-damage|p2a: Mr. Seton|90\/100\n|-enditem|p2a: Mr. Seton|Eject Button\n|\n|t:|1599396165\n|switch|p2a: Robocop|Golurk|100\/100\n|\n|upkeep\n|turn|4\n|\n|t:|1599396171\n|move|p1a: Ditto|U-turn|p2a: Robocop\n|-resisted|p2a: Robocop\n|-damage|p2a: Robocop|91\/100\n|\n|t:|1599396179\n|switch|p1a: Amoonguss|Amoonguss, M|100\/100|[from]move: U-turn\n|move|p2a: Robocop|Power-Up Punch|p1a: Amoonguss\n|-resisted|p1a: Amoonguss\n|-damage|p1a: Amoonguss|95\/100\n|-boost|p2a: Robocop|atk|1\n|-damage|p2a: Robocop|74\/100|[from] item: Rocky Helmet|[of] p1a: Amoonguss\n|\n|-heal|p2a: Robocop|80\/100|[from] item: Leftovers\n|upkeep\n|turn|5\n|\n|t:|1599396186\n|switch|p2a: Fabiole|Clefable, F|100\/100\n|move|p1a: Amoonguss|Giga Drain|p2a: Fabiole\n|-damage|p2a: Fabiole|85\/100\n|-heal|p1a: Amoonguss|100\/100|[from] drain|[of] p2a: Fabiole\n|\n|-heal|p2a: Fabiole|91\/100|[from] item: Leftovers\n|upkeep\n|turn|6\n|\n|t:|1599396194\n|switch|p1a: Blissey|Blissey, F|100\/100\n|move|p2a: Fabiole|Flamethrower|p1a: Blissey\n|-damage|p1a: Blissey|94\/100\n|\n|-heal|p2a: Fabiole|97\/100|[from] item: Leftovers\n|upkeep\n|turn|7\n|\n|t:|1599396196\n|move|p2a: Fabiole|Stealth Rock|p1a: Blissey\n|-sidestart|p1: lt74pf rn8|move: Stealth Rock\n|move|p1a: Blissey|Stealth Rock|p2a: Fabiole\n|-sidestart|p2: The Last Hero|move: Stealth Rock\n|\n|-heal|p2a: Fabiole|100\/100|[from] item: Leftovers\n|upkeep\n|turn|8\n|\n|t:|1599396199\n|switch|p2a: Mr. Seton|Amoonguss, M|100\/100\n|-damage|p2a: Mr. Seton|88\/100|[from] Stealth Rock\n|move|p1a: Blissey|Thunder Wave|p2a: Mr. Seton\n|-status|p2a: Mr. Seton|par\n|\n|upkeep\n|turn|9\n|\n|t:|1599396204\n|switch|p1a: Amoonguss|Amoonguss, M|100\/100\n|-damage|p1a: Amoonguss|88\/100|[from] Stealth Rock\n|move|p2a: Mr. Seton|Spore|p1a: Amoonguss\n|-immune|p1a: Amoonguss\n|\n|upkeep\n|turn|10\n|\n|t:|1599396208\n|switch|p2a: Fabiole|Clefable, F|100\/100\n|move|p1a: Amoonguss|Spore|p2a: Fabiole\n|-status|p2a: Fabiole|slp|[from] move: Spore\n|\n|upkeep\n|turn|11\n|\n|t:|1599396213\n|switch|p1a: Toxapex|Toxapex, M|100\/100\n|-damage|p1a: Toxapex|88\/100|[from] Stealth Rock\n|cant|p2a: Fabiole|slp\n|\n|upkeep\n|turn|12\n|\n|t:|1599396215\n|switch|p2a: Wish Of Hax|Jirachi|100\/100\n|-damage|p2a: Wish Of Hax|94\/100|[from] Stealth Rock\n|move|p1a: Toxapex|Knock Off|p2a: Wish Of Hax\n|-supereffective|p2a: Wish Of Hax\n|-damage|p2a: Wish Of Hax|71\/100\n|-enditem|p2a: Wish Of Hax|Choice Scarf|[from] move: Knock Off|[of] p1a: Toxapex\n|\n|upkeep\n|turn|13\n|\n|t:|1599396222\n|move|p2a: Wish Of Hax|Wish|p2a: Wish Of Hax\n|move|p1a: Toxapex|Scald|p2a: Wish Of Hax\n|-damage|p2a: Wish Of Hax|56\/100\n|\n|upkeep\n|turn|14\n|j| LT74PF HAX\n|\n|t:|1599396230\n|switch|p1a: Corviknight|Corviknight, M|100\/100\n|-damage|p1a: Corviknight|88\/100|[from] Stealth Rock\n|-ability|p1a: Corviknight|Pressure\n|move|p2a: Wish Of Hax|Iron Head|p1a: Corviknight\n|-resisted|p1a: Corviknight\n|-damage|p1a: Corviknight|77\/100\n|\n|-heal|p2a: Wish Of Hax|100\/100|[from] move: Wish|[wisher] Wish Of Hax\n|-heal|p1a: Corviknight|84\/100|[from] item: Leftovers\n|upkeep\n|turn|15\n|j| odin77\n|\n|t:|1599396235\n|move|p2a: Wish Of Hax|U-turn|p1a: Corviknight\n|-resisted|p1a: Corviknight\n|-damage|p1a: Corviknight|81\/100\n|\n|t:|1599396237\n|switch|p2a: Mr. Seton|Amoonguss, M|100\/100 par|[from]move: U-turn\n|-damage|p2a: Mr. Seton|88\/100 par|[from] Stealth Rock\n|move|p1a: Corviknight|Body Press|p2a: Mr. Seton\n|-resisted|p2a: Mr. Seton\n|-damage|p2a: Mr. Seton|81\/100 par\n|\n|-heal|p1a: Corviknight|87\/100|[from] item: Leftovers\n|upkeep\n|turn|16\n|\n|t:|1599396240\n|switch|p1a: Amoonguss|Amoonguss, M|100\/100\n|-damage|p1a: Amoonguss|88\/100|[from] Stealth Rock\n|cant|p2a: Mr. Seton|par\n|\n|upkeep\n|turn|17\n|\n|t:|1599396248\n|switch|p2a: Fabiole|Clefable, F|100\/100 slp\n|move|p1a: Amoonguss|Sludge Bomb|p2a: Fabiole\n|-supereffective|p2a: Fabiole\n|-damage|p2a: Fabiole|64\/100 slp\n|\n|-heal|p2a: Fabiole|70\/100 slp|[from] item: Leftovers\n|upkeep\n|turn|18\n|\n|t:|1599396254\n|cant|p2a: Fabiole|slp\n|move|p1a: Amoonguss|Sludge Bomb|p2a: Fabiole\n|-supereffective|p2a: Fabiole\n|-damage|p2a: Fabiole|32\/100 slp\n|\n|-heal|p2a: Fabiole|38\/100 slp|[from] item: Leftovers\n|upkeep\n|turn|19\n|j| l74pf dank\n|\n|t:|1599396257\n|switch|p2a: Mr. Seton|Amoonguss, M|100\/100 par\n|-damage|p2a: Mr. Seton|88\/100 par|[from] Stealth Rock\n|move|p1a: Amoonguss|Sludge Bomb|p2a: Mr. Seton\n|-damage|p2a: Mr. Seton|62\/100 par\n|\n|upkeep\n|turn|20\n|l| Sersi Lanistar\n|\n|t:|1599396261\n|move|p1a: Amoonguss|Sludge Bomb|p2a: Mr. Seton\n|-damage|p2a: Mr. Seton|36\/100 par\n|move|p2a: Mr. Seton|Sludge Bomb|p1a: Amoonguss\n|-damage|p1a: Amoonguss|63\/100\n|\n|upkeep\n|turn|21\n|j| shuehwgs\n|\n|t:|1599396268\n|switch|p1a: Toxapex|Toxapex, M|100\/100\n|-damage|p1a: Toxapex|88\/100|[from] Stealth Rock\n|switch|p2a: Wish Of Hax|Jirachi|100\/100\n|-damage|p2a: Wish Of Hax|94\/100|[from] Stealth Rock\n|\n|upkeep\n|turn|22\n|\n|t:|1599396272\n|switch|p2a: Mr. Seton|Amoonguss, M|69\/100 par\n|-damage|p2a: Mr. Seton|57\/100 par|[from] Stealth Rock\n|switch|p1a: Corviknight|Corviknight, M|87\/100\n|-damage|p1a: Corviknight|74\/100|[from] Stealth Rock\n|-ability|p1a: Corviknight|Pressure\n|\n|-heal|p1a: Corviknight|81\/100|[from] item: Leftovers\n|upkeep\n|turn|23\n|l| l74pf dank\n|j| LT74PF DANK@!\n|\n|t:|1599396285\n|switch|p2a: Regina|Mandibuzz, F|100\/100\n|move|p1a: Corviknight|Defog|p2a: Regina\n|-unboost|p2a: Regina|evasion|1\n|-sideend|p2: The Last Hero|Stealth Rock|[from] move: Defog|[of] p1a: Corviknight\n|-sideend|p1: lt74pf rn8|Stealth Rock|[from] move: Defog|[of] p1a: Corviknight\n|\n|-heal|p1a: Corviknight|87\/100|[from] item: Leftovers\n|upkeep\n|turn|24\n|\n|t:|1599396291\n|move|p2a: Regina|U-turn|p1a: Corviknight\n|-resisted|p1a: Corviknight\n|-damage|p1a: Corviknight|85\/100\n|\n|t:|1599396295\n|switch|p2a: Spyro|Dragapult, M|100\/100|[from]move: U-turn\n|move|p1a: Corviknight|Iron Head|p2a: Spyro\n|-damage|p2a: Spyro|62\/100\n|\n|-heal|p2a: Spyro|68\/100|[from] item: Leftovers\n|-heal|p1a: Corviknight|91\/100|[from] item: Leftovers\n|upkeep\n|turn|25\n|n| LT74PF DANK|lt74pfdank\n|\n|t:|1599396303\n|switch|p1a: Blissey|Blissey, F|94\/100\n|move|p2a: Spyro|Thunder Wave|p1a: Blissey\n|-status|p1a: Blissey|par\n|\n|-heal|p2a: Spyro|74\/100|[from] item: Leftovers\n|upkeep\n|turn|26\n|j|+ABR\n|j| IPF\n|\n|t:|1599396310\n|switch|p1a: Toxapex|Toxapex, M|100\/100\n|move|p2a: Spyro|U-turn|p1a: Toxapex\n|-resisted|p1a: Toxapex\n|-damage|p1a: Toxapex|95\/100\n|-damage|p2a: Spyro|58\/100|[from] item: Rocky Helmet|[of] p1a: Toxapex\n|\n|t:|1599396312\n|switch|p2a: Fabiole|Clefable, F|38\/100 slp|[from]move: U-turn\n|\n|-heal|p2a: Fabiole|44\/100 slp|[from] item: Leftovers\n|upkeep\n|turn|27\n|\n|t:|1599396315\n|switch|p2a: Mr. Seton|Amoonguss, M|90\/100 par\n|move|p1a: Toxapex|Knock Off|p2a: Mr. Seton\n|-damage|p2a: Mr. Seton|83\/100 par\n|\n|upkeep\n|turn|28\n|j|+Feen\n|\n|t:|1599396320\n|switch|p1a: Amoonguss|Amoonguss, M|96\/100\n|switch|p2a: Fabiole|Clefable, F|44\/100 slp\n|\n|-heal|p2a: Fabiole|50\/100 slp|[from] item: Leftovers\n|upkeep\n|turn|29\n|j| Xizaaa\n|\n|t:|1599396322\n|-curestatus|p2a: Fabiole|slp|[msg]\n|move|p2a: Fabiole|Soft-Boiled|p2a: Fabiole\n|-heal|p2a: Fabiole|99\/100\n|move|p1a: Amoonguss|Sludge Bomb|p2a: Fabiole\n|-supereffective|p2a: Fabiole\n|-damage|p2a: Fabiole|62\/100\n|-status|p2a: Fabiole|psn\n|\n|-heal|p2a: Fabiole|68\/100 psn|[from] item: Leftovers\n|upkeep\n|turn|30\n|\n|t:|1599396327\n|switch|p1a: Corviknight|Corviknight, M|91\/100\n|-ability|p1a: Corviknight|Pressure\n|move|p2a: Fabiole|Moonblast|p1a: Corviknight\n|-resisted|p1a: Corviknight\n|-damage|p1a: Corviknight|81\/100\n|-unboost|p1a: Corviknight|spa|1\n|\n|-heal|p1a: Corviknight|87\/100|[from] item: Leftovers\n|-heal|p2a: Fabiole|74\/100 psn|[from] item: Leftovers\n|upkeep\n|turn|31\n|\n|t:|1599396331\n|switch|p2a: Regina|Mandibuzz, F|100\/100\n|move|p1a: Corviknight|Iron Head|p2a: Regina\n|-damage|p2a: Regina|86\/100\n|\n|-heal|p1a: Corviknight|94\/100|[from] item: Leftovers\n|upkeep\n|turn|32\n|\n|t:|1599396335\n|switch|p2a: Mr. Seton|Amoonguss, M|100\/100 par\n|switch|p1a: Toxapex|Toxapex, M|100\/100\n|\n|upkeep\n|turn|33\n|\n|t:|1599396339\n|switch|p1a: Amoonguss|Amoonguss, M|100\/100\n|move|p2a: Mr. Seton|Spore|p1a: Amoonguss\n|-immune|p1a: Amoonguss\n|\n|upkeep\n|turn|34\n|\n|t:|1599396343\n|switch|p1a: Ditto|Ditto|84\/100\n|-transform|p1a: Ditto|p2a: Mr. Seton|[from] ability: Imposter\n|switch|p2a: Fabiole|Clefable, F|74\/100 psn\n|\n|-heal|p2a: Fabiole|80\/100 psn|[from] item: Leftovers\n|upkeep\n|turn|35\n|\n|t:|1599396347\n|switch|p1a: Corviknight|Corviknight, M|94\/100\n|-ability|p1a: Corviknight|Pressure\n|move|p2a: Fabiole|Stealth Rock|p1a: Corviknight\n|-sidestart|p1: lt74pf rn8|move: Stealth Rock\n|\n|-heal|p1a: Corviknight|99\/100|[from] item: Leftovers\n|-heal|p2a: Fabiole|87\/100 psn|[from] item: Leftovers\n|upkeep\n|turn|36\n|\n|t:|1599396350\n|switch|p2a: Spyro|Dragapult, M|58\/100\n|move|p1a: Corviknight|Defog|p2a: Spyro\n|-unboost|p2a: Spyro|evasion|1\n|-sideend|p1: lt74pf rn8|Stealth Rock|[from] move: Defog|[of] p1a: Corviknight\n|\n|-heal|p2a: Spyro|64\/100|[from] item: Leftovers\n|-heal|p1a: Corviknight|100\/100|[from] item: Leftovers\n|upkeep\n|turn|37\n|l| Xizaaa\n|\n|t:|1599396355\n|switch|p1a: Blissey|Blissey, F|94\/100\n|move|p2a: Spyro|U-turn|p1a: Blissey\n|-damage|p1a: Blissey|77\/100\n|\n|t:|1599396359\n|switch|p2a: Robocop|Golurk|80\/100|[from]move: U-turn\n|\n|-heal|p2a: Robocop|86\/100|[from] item: Leftovers\n|upkeep\n|turn|38\n|l| odin77\n|\n|t:|1599396364\n|switch|p1a: Amoonguss|Amoonguss, M|100\/100\n|move|p2a: Robocop|Earthquake|p1a: Amoonguss\n|-damage|p1a: Amoonguss|57\/100\n|\n|-heal|p2a: Robocop|92\/100|[from] item: Leftovers\n|upkeep\n|turn|39\n|\n|t:|1599396370\n|switch|p2a: Fabiole|Clefable, F|87\/100 psn\n|move|p1a: Amoonguss|Spore||[still]\n|-fail|p1a: Amoonguss\n|\n|-heal|p2a: Fabiole|93\/100 psn|[from] item: Leftovers\n|upkeep\n|turn|40\n|l| LT74PF DANK\n|\n|t:|1599396374\n|switch|p1a: Corviknight|Corviknight, M|100\/100\n|-ability|p1a: Corviknight|Pressure\n|move|p2a: Fabiole|Stealth Rock|p1a: Corviknight\n|-sidestart|p1: lt74pf rn8|move: Stealth Rock\n|\n|-heal|p2a: Fabiole|99\/100 psn|[from] item: Leftovers\n|upkeep\n|turn|41\n|j| Xizaaa\n|j| LT74PF effortless\n|\n|t:|1599396381\n|switch|p2a: Robocop|Golurk|92\/100\n|move|p1a: Corviknight|Defog|p2a: Robocop\n|-unboost|p2a: Robocop|evasion|1\n|-sideend|p1: lt74pf rn8|Stealth Rock|[from] move: Defog|[of] p1a: Corviknight\n|\n|-heal|p2a: Robocop|98\/100|[from] item: Leftovers\n|upkeep\n|turn|42\n|\n|t:|1599396384\n|move|p2a: Robocop|Power-Up Punch|p1a: Corviknight\n|-damage|p1a: Corviknight|89\/100\n|-boost|p2a: Robocop|atk|1\n|move|p1a: Corviknight|Iron Head|p2a: Robocop\n|-damage|p2a: Robocop|66\/100\n|\n|-heal|p2a: Robocop|72\/100|[from] item: Leftovers\n|-heal|p1a: Corviknight|95\/100|[from] item: Leftovers\n|upkeep\n|turn|43\n|l| LT74PF effortless\n|\n|t:|1599396395\n|move|p2a: Robocop|Poltergeist|p1a: Corviknight\n|-activate|p1a: Corviknight|move: Poltergeist|Leftovers\n|-damage|p1a: Corviknight|32\/100\n|move|p1a: Corviknight|Iron Head|p2a: Robocop\n|-damage|p2a: Robocop|43\/100\n|\n|-heal|p2a: Robocop|49\/100|[from] item: Leftovers\n|-heal|p1a: Corviknight|38\/100|[from] item: Leftovers\n|upkeep\n|turn|44\n|l|+Perish Song \u266b\n|\n|t:|1599396401\n|switch|p1a: Blissey|Blissey, F|77\/100\n|move|p2a: Robocop|Earthquake|p1a: Blissey\n|-damage|p1a: Blissey|8\/100\n|\n|-heal|p2a: Robocop|55\/100|[from] item: Leftovers\n|upkeep\n|turn|45\n|l| Xizaaa\n|\n|t:|1599396409\n|switch|p1a: Corviknight|Corviknight, M|38\/100\n|-ability|p1a: Corviknight|Pressure\n|move|p2a: Robocop|Power-Up Punch|p1a: Corviknight\n|-damage|p1a: Corviknight|23\/100\n|-boost|p2a: Robocop|atk|1\n|\n|-heal|p2a: Robocop|61\/100|[from] item: Leftovers\n|-heal|p1a: Corviknight|29\/100|[from] item: Leftovers\n|upkeep\n|turn|46\n|j| Xizaaa\n|j| LT74PF Miku\n|l|+ABR\n|\n|t:|1599396432\n|switch|p1a: Hatterene|Hatterene, F|100\/100\n|move|p2a: Robocop|Poltergeist|p1a: Hatterene\n|-activate|p1a: Hatterene|move: Poltergeist|Leftovers\n|-supereffective|p1a: Hatterene\n|-damage|p1a: Hatterene|0 fnt\n|faint|p1a: Hatterene\n|\n|-heal|p2a: Robocop|67\/100|[from] item: Leftovers\n|upkeep\n|\n|t:|1599396433\n|switch|p1a: Ditto|Ditto|100\/100\n|-transform|p1a: Ditto|p2a: Robocop|[from] ability: Imposter\n|turn|47\n|\n|t:|1599396439\n|switch|p2a: Mr. Seton|Amoonguss, M|100\/100 par\n|move|p1a: Ditto|Poltergeist||[still]\n|-fail|p1a: Ditto\n|\n|upkeep\n|turn|48\n|\n|t:|1599396448\n|switch|p1a: Amoonguss|Amoonguss, M|91\/100\n|move|p2a: Mr. Seton|Sludge Bomb|p1a: Amoonguss\n|-damage|p1a: Amoonguss|67\/100\n|\n|upkeep\n|turn|49\n|\n|t:|1599396453\n|switch|p2a: Fabiole|Clefable, F|99\/100 psn\n|move|p1a: Amoonguss|Sludge Bomb|p2a: Fabiole\n|-supereffective|p2a: Fabiole\n|-crit|p2a: Fabiole\n|-damage|p2a: Fabiole|44\/100 psn\n|\n|-heal|p2a: Fabiole|50\/100 psn|[from] item: Leftovers\n|upkeep\n|turn|50\n|j| LT74PF siac\n|\n|t:|1599396460\n|switch|p1a: Corviknight|Corviknight, M|29\/100\n|-ability|p1a: Corviknight|Pressure\n|move|p2a: Fabiole|Soft-Boiled|p2a: Fabiole\n|-heal|p2a: Fabiole|99\/100 psn\n|\n|-heal|p1a: Corviknight|35\/100|[from] item: Leftovers\n|-heal|p2a: Fabiole|100\/100 psn|[from] item: Leftovers\n|upkeep\n|turn|51\n|j| lt74pf gray\n|\n|t:|1599396467\n|switch|p2a: Robocop|Golurk|67\/100\n|move|p1a: Corviknight|Roost|p1a: Corviknight\n|-heal|p1a: Corviknight|85\/100\n|-singleturn|p1a: Corviknight|move: Roost\n|\n|-heal|p2a: Robocop|73\/100|[from] item: Leftovers\n|-heal|p1a: Corviknight|91\/100|[from] item: Leftovers\n|upkeep\n|turn|52\n|\n|t:|1599396474\n|switch|p2a: Wish Of Hax|Jirachi|94\/100\n|switch|p1a: Amoonguss|Amoonguss, M|99\/100\n|\n|upkeep\n|turn|53\n|\n|t:|1599396483\n|switch|p2a: Fabiole|Clefable, F|100\/100 psn\n|switch|p1a: Corviknight|Corviknight, M|91\/100\n|-ability|p1a: Corviknight|Pressure\n|\n|-heal|p1a: Corviknight|98\/100|[from] item: Leftovers\n|upkeep\n|turn|54\n|\n|t:|1599396490\n|switch|p2a: Mr. Seton|Amoonguss, M|100\/100 par\n|move|p1a: Corviknight|Iron Head|p2a: Mr. Seton\n|-damage|p2a: Mr. Seton|84\/100 par\n|\n|-heal|p1a: Corviknight|100\/100|[from] item: Leftovers\n|upkeep\n|turn|55\n|j| LT74PF justamente\n|\n|t:|1599396496\n|switch|p1a: Ditto|Ditto|100\/100\n|-transform|p1a: Ditto|p2a: Mr. Seton|[from] ability: Imposter\n|switch|p2a: Fabiole|Clefable, F|100\/100 psn\n|\n|upkeep\n|turn|56\n|l| LT74PF justamente\n|j| PokemonCestDur\n|\n|t:|1599396500\n|switch|p1a: Corviknight|Corviknight, M|100\/100\n|-ability|p1a: Corviknight|Pressure\n|move|p2a: Fabiole|Stealth Rock|p1a: Corviknight\n|-sidestart|p1: lt74pf rn8|move: Stealth Rock\n|\n|upkeep\n|turn|57\n|\n|t:|1599396502\n|switch|p2a: Robocop|Golurk|73\/100\n|move|p1a: Corviknight|Defog|p2a: Robocop\n|-unboost|p2a: Robocop|evasion|1\n|-sideend|p1: lt74pf rn8|Stealth Rock|[from] move: Defog|[of] p1a: Corviknight\n|\n|-heal|p2a: Robocop|79\/100|[from] item: Leftovers\n|upkeep\n|turn|58\n|\n|t:|1599396506\n|switch|p2a: Wish Of Hax|Jirachi|94\/100\n|switch|p1a: Amoonguss|Amoonguss, M|100\/100\n|\n|upkeep\n|turn|59\n|\n|t:|1599396509\n|switch|p1a: Corviknight|Corviknight, M|100\/100\n|-ability|p1a: Corviknight|Pressure\n|move|p2a: Wish Of Hax|Wish|p2a: Wish Of Hax\n|\n|upkeep\n|turn|60\n|j| LT74PF Maxouille\n|\n|t:|1599396519\n|switch|p2a: Robocop|Golurk|79\/100\n|switch|p1a: Toxapex|Toxapex, M|100\/100\n|\n|-heal|p2a: Robocop|100\/100|[from] move: Wish|[wisher] Wish Of Hax\n|upkeep\n|turn|61\n|\n|t:|1599396524\n|switch|p2a: Mr. Seton|Amoonguss, M|100\/100 par\n|move|p1a: Toxapex|Scald|p2a: Mr. Seton\n|-resisted|p2a: Mr. Seton\n|-damage|p2a: Mr. Seton|93\/100 par\n|\n|upkeep\n|turn|62\n|l| LT74PF Maxouille\n|\n|t:|1599396527\n|switch|p1a: Ditto|Ditto|100\/100\n|-transform|p1a: Ditto|p2a: Mr. Seton|[from] ability: Imposter\n|move|p2a: Mr. Seton|Spore|p1a: Ditto\n|-immune|p1a: Ditto\n|\n|upkeep\n|turn|63\n|\n|t:|1599396532\n|move|p1a: Ditto|Stun Spore|p2a: Mr. Seton\n|-immune|p2a: Mr. Seton\n|move|p2a: Mr. Seton|Spore|p1a: Ditto\n|-immune|p1a: Ditto\n|\n|upkeep\n|turn|64\n|\n|t:|1599396536\n|switch|p2a: Regina|Mandibuzz, F|86\/100\n|move|p1a: Ditto|Stun Spore|p2a: Regina\n|-immune|p2a: Regina|[from] ability: Overcoat\n|\n|upkeep\n|turn|65\n|\n|t:|1599396540\n|switch|p1a: Toxapex|Toxapex, M|100\/100\n|move|p2a: Regina|U-turn|p1a: Toxapex\n|-resisted|p1a: Toxapex\n|-damage|p1a: Toxapex|98\/100\n|-damage|p2a: Regina|70\/100|[from] item: Rocky Helmet|[of] p1a: Toxapex\n|j| LT74PF Maxouille\n|\n|t:|1599396543\n|switch|p2a: Spyro|Dragapult, M|64\/100|[from]move: U-turn\n|\n|-heal|p2a: Spyro|70\/100|[from] item: Leftovers\n|upkeep\n|turn|66\n|l| lt74pf gray\n|\n|t:|1599396546\n|switch|p2a: Mr. Seton|Amoonguss, M|100\/100 par\n|move|p1a: Toxapex|Knock Off|p2a: Mr. Seton\n|-damage|p2a: Mr. Seton|93\/100 par\n|\n|upkeep\n|turn|67\n|j| Pissog\n|\n|t:|1599396551\n|switch|p1a: Ditto|Ditto|100\/100\n|-transform|p1a: Ditto|p2a: Mr. Seton|[from] ability: Imposter\n|move|p2a: Mr. Seton|Sludge Bomb|p1a: Ditto\n|-damage|p1a: Ditto|63\/100\n|\n|upkeep\n|turn|68\n|l| Serene Grace\n|\n|t:|1599396555\n|switch|p1a: Amoonguss|Amoonguss, M|100\/100\n|switch|p2a: Fabiole|Clefable, F|100\/100 psn\n|\n|upkeep\n|turn|69\n|\n|t:|1599396560\n|switch|p1a: Corviknight|Corviknight, M|100\/100\n|-ability|p1a: Corviknight|Pressure\n|move|p2a: Fabiole|Flamethrower|p1a: Corviknight\n|-supereffective|p1a: Corviknight\n|-damage|p1a: Corviknight|72\/100\n|-status|p1a: Corviknight|brn\n|\n|-heal|p1a: Corviknight|78\/100 brn|[from] item: Leftovers\n|-damage|p1a: Corviknight|72\/100 brn|[from] brn\n|upkeep\n|turn|70\n|c|\u2606lt74pf rn8|sigues siendo igual de lucky and bad por lo que veo\n|c| LT74PF Miku|vurneao\n|c| egalvanc|o_O\n|\n|t:|1599396581\n|switch|p2a: Wish Of Hax|Jirachi|94\/100\n|move|p1a: Corviknight|Iron Head|p2a: Wish Of Hax\n|-resisted|p2a: Wish Of Hax\n|-damage|p2a: Wish Of Hax|89\/100\n|\n|-heal|p1a: Corviknight|78\/100 brn|[from] item: Leftovers\n|-damage|p1a: Corviknight|72\/100 brn|[from] brn\n|upkeep\n|turn|71\n|c| egalvanc|qu\u00e9 opinas the last hero\n|c| LT74PF Miku|lucky si\n|c| LT74PF Miku|pero bad por que\n|c|\u2606The Last Hero|no opino sobre cucarachas\n|c| LT74PF Miku|si era su play\n|c| LT74PF Miku|xd\n|l|+Feen\n|\n|t:|1599396605\n|switch|p1a: Ditto|Ditto|96\/100\n|-transform|p1a: Ditto|p2a: Wish Of Hax|[from] ability: Imposter\n|move|p2a: Wish Of Hax|Wish|p2a: Wish Of Hax\n|\n|upkeep\n|turn|72\n|c|\u2606lt74pf rn8|tampoco te he pedido que opines\n|c|\u2606lt74pf rn8|se ve que no sabes leer aun\n|c| egalvanc|UFF\n|c| egalvanc|CHAVAL\n|\n|t:|1599396621\n|move|p1a: Ditto|Wish|p1a: Ditto\n|move|p2a: Wish Of Hax|U-turn|p1a: Ditto\n|-damage|p1a: Ditto|78\/100\n|c| Sagiri I.|guardaos el beed para nochebuena\n|\n|t:|1599396624\n|switch|p2a: Spyro|Dragapult, M|70\/100|[from]move: U-turn\n|\n|-heal|p2a: Spyro|100\/100|[from] move: Wish|[wisher] Wish Of Hax\n|upkeep\n|turn|73\n|c| Sagiri I.|beef\n|\n|t:|1599396631\n|switch|p1a: Corviknight|Corviknight, M|72\/100 brn\n|-ability|p1a: Corviknight|Pressure\n|move|p2a: Spyro|Dragon Darts|p1a: Corviknight\n|-resisted|p1a: Corviknight\n|-damage|p1a: Corviknight|63\/100 brn\n|-anim|p2a: Spyro|Dragon Darts|p1a: Corviknight\n|-resisted|p1a: Corviknight\n|-damage|p1a: Corviknight|55\/100 brn\n|\n|-heal|p1a: Corviknight|93\/100 brn|[from] move: Wish|[wisher] Ditto\n|-heal|p1a: Corviknight|99\/100 brn|[from] item: Leftovers\n|-damage|p1a: Corviknight|93\/100 brn|[from] brn\n|upkeep\n|turn|74\n|\n|t:|1599396637\n|switch|p1a: Toxapex|Toxapex, M|100\/100\n|move|p2a: Spyro|Hex|p1a: Toxapex\n|-damage|p1a: Toxapex|76\/100\n|\n|upkeep\n|turn|75\n|\n|t:|1599396642\n|switch|p2a: Mr. Seton|Amoonguss, M|100\/100 par\n|move|p1a: Toxapex|Knock Off|p2a: Mr. Seton\n|-crit|p2a: Mr. Seton\n|-damage|p2a: Mr. Seton|91\/100 par\n|\n|upkeep\n|turn|76\n|\n|t:|1599396647\n|switch|p1a: Ditto|Ditto|78\/100\n|-transform|p1a: Ditto|p2a: Mr. Seton|[from] ability: Imposter\n|switch|p2a: Spyro|Dragapult, M|100\/100\n|\n|upkeep\n|turn|77\n|\n|t:|1599396664\n|switch|p1a: Corviknight|Corviknight, M|93\/100 brn\n|-ability|p1a: Corviknight|Pressure\n|move|p2a: Spyro|Thunder Wave||[still]\n|-fail|p2a: Spyro\n|\n|-heal|p1a: Corviknight|99\/100 brn|[from] item: Leftovers\n|-damage|p1a: Corviknight|93\/100 brn|[from] brn\n|upkeep\n|turn|78\n|j|+Sacri'\n|\n|t:|1599396672\n|move|p2a: Spyro|Hex|p1a: Corviknight\n|-damage|p1a: Corviknight|45\/100 brn\n|move|p1a: Corviknight|Roost|p1a: Corviknight\n|-heal|p1a: Corviknight|95\/100 brn\n|-singleturn|p1a: Corviknight|move: Roost\n|\n|-heal|p1a: Corviknight|100\/100 brn|[from] item: Leftovers\n|-damage|p1a: Corviknight|94\/100 brn|[from] brn\n|upkeep\n|turn|79\n|\n|t:|1599396676\n|switch|p1a: Toxapex|Toxapex, M|100\/100\n|move|p2a: Spyro|U-turn|p1a: Toxapex\n|-resisted|p1a: Toxapex\n|-damage|p1a: Toxapex|95\/100\n|-damage|p2a: Spyro|84\/100|[from] item: Rocky Helmet|[of] p1a: Toxapex\n|\n|t:|1599396683\n|switch|p2a: Mr. Seton|Amoonguss, M|100\/100 par|[from]move: U-turn\n|\n|upkeep\n|turn|80\n|\n|t:|1599396687\n|switch|p1a: Ditto|Ditto|100\/100\n|-transform|p1a: Ditto|p2a: Mr. Seton|[from] ability: Imposter\n|switch|p2a: Spyro|Dragapult, M|84\/100\n|\n|-heal|p2a: Spyro|90\/100|[from] item: Leftovers\n|upkeep\n|turn|81\n|\n|t:|1599396692\n|switch|p1a: Toxapex|Toxapex, M|100\/100\n|move|p2a: Spyro|Hex|p1a: Toxapex\n|-damage|p1a: Toxapex|76\/100\n|\n|-heal|p2a: Spyro|96\/100|[from] item: Leftovers\n|upkeep\n|turn|82\n|\n|t:|1599396694\n|switch|p1a: Corviknight|Corviknight, M|94\/100 brn\n|-ability|p1a: Corviknight|Pressure\n|move|p2a: Spyro|Thunder Wave||[still]\n|-fail|p2a: Spyro\n|\n|-heal|p2a: Spyro|100\/100|[from] item: Leftovers\n|-heal|p1a: Corviknight|100\/100 brn|[from] item: Leftovers\n|-damage|p1a: Corviknight|94\/100 brn|[from] brn\n|upkeep\n|turn|83\n|\n|t:|1599396699\n|switch|p1a: Toxapex|Toxapex, M|100\/100\n|move|p2a: Spyro|Thunder Wave|p1a: Toxapex\n|-status|p1a: Toxapex|par\n|\n|upkeep\n|turn|84\n|\n|t:|1599396704\n|switch|p2a: Mr. Seton|Amoonguss, M|100\/100 par\n|cant|p1a: Toxapex|par\n|\n|upkeep\n|turn|85\n|\n|t:|1599396712\n|switch|p2a: Fabiole|Clefable, F|100\/100 psn\n|move|p1a: Toxapex|Scald|p2a: Fabiole\n|-damage|p2a: Fabiole|90\/100 psn\n|\n|-heal|p2a: Fabiole|96\/100 psn|[from] item: Leftovers\n|upkeep\n|turn|86\n|\n|t:|1599396718\n|switch|p1a: Corviknight|Corviknight, M|94\/100 brn\n|-ability|p1a: Corviknight|Pressure\n|move|p2a: Fabiole|Stealth Rock|p1a: Corviknight\n|-sidestart|p1: lt74pf rn8|move: Stealth Rock\n|\n|-heal|p1a: Corviknight|100\/100 brn|[from] item: Leftovers\n|-heal|p2a: Fabiole|100\/100 psn|[from] item: Leftovers\n|-damage|p1a: Corviknight|94\/100 brn|[from] brn\n|upkeep\n|turn|87\n|\n|t:|1599396721\n|switch|p2a: Robocop|Golurk|100\/100\n|move|p1a: Corviknight|Defog|p2a: Robocop\n|-unboost|p2a: Robocop|evasion|1\n|-sideend|p1: lt74pf rn8|Stealth Rock|[from] move: Defog|[of] p1a: Corviknight\n|\n|-heal|p1a: Corviknight|100\/100 brn|[from] item: Leftovers\n|-damage|p1a: Corviknight|94\/100 brn|[from] brn\n|upkeep\n|turn|88\n|\n|t:|1599396726\n|switch|p1a: Amoonguss|Amoonguss, M|100\/100\n|move|p2a: Robocop|Earthquake|p1a: Amoonguss\n|-damage|p1a: Amoonguss|60\/100\n|\n|upkeep\n|turn|89\n|\n|t:|1599396735\n|switch|p2a: Wish Of Hax|Jirachi|89\/100\n|switch|p1a: Blissey|Blissey, F|8\/100\n|\n|upkeep\n|turn|90\n|\n|t:|1599396742\n|switch|p1a: Toxapex|Toxapex, M|100\/100 par\n|move|p2a: Wish Of Hax|U-turn|p1a: Toxapex\n|-resisted|p1a: Toxapex\n|-damage|p1a: Toxapex|96\/100 par\n|-damage|p2a: Wish Of Hax|73\/100|[from] item: Rocky Helmet|[of] p1a: Toxapex\n|l| LT74PF HAX\n|\n|t:|1599396747\n|switch|p2a: Fabiole|Clefable, F|100\/100 psn|[from]move: U-turn\n|\n|upkeep\n|turn|91\n|\n|t:|1599396749\n|switch|p1a: Corviknight|Corviknight, M|94\/100 brn\n|-ability|p1a: Corviknight|Pressure\n|move|p2a: Fabiole|Stealth Rock|p1a: Corviknight\n|-sidestart|p1: lt74pf rn8|move: Stealth Rock\n|\n|-heal|p1a: Corviknight|100\/100 brn|[from] item: Leftovers\n|-damage|p1a: Corviknight|94\/100 brn|[from] brn\n|upkeep\n|turn|92\n|\n|t:|1599396752\n|switch|p2a: Robocop|Golurk|100\/100\n|move|p1a: Corviknight|Defog|p2a: Robocop\n|-unboost|p2a: Robocop|evasion|1\n|-sideend|p1: lt74pf rn8|Stealth Rock|[from] move: Defog|[of] p1a: Corviknight\n|\n|-heal|p1a: Corviknight|100\/100 brn|[from] item: Leftovers\n|-damage|p1a: Corviknight|94\/100 brn|[from] brn\n|upkeep\n|turn|93\n|\n|t:|1599396755\n|switch|p1a: Amoonguss|Amoonguss, M|94\/100\n|move|p2a: Robocop|Earthquake|p1a: Amoonguss\n|-damage|p1a: Amoonguss|55\/100\n|\n|upkeep\n|turn|94\n|\n|t:|1599396763\n|switch|p2a: Wish Of Hax|Jirachi|73\/100\n|move|p1a: Amoonguss|Giga Drain|p2a: Wish Of Hax\n|-resisted|p2a: Wish Of Hax\n|-damage|p2a: Wish Of Hax|64\/100\n|-heal|p1a: Amoonguss|59\/100|[from] drain|[of] p2a: Wish Of Hax\n|\n|upkeep\n|turn|95\n|j| Kei Kikuno\n|\n|t:|1599396768\n|move|p2a: Wish Of Hax|U-turn|p1a: Amoonguss\n|-damage|p1a: Amoonguss|47\/100\n|-damage|p2a: Wish Of Hax|47\/100|[from] item: Rocky Helmet|[of] p1a: Amoonguss\n|\n|t:|1599396772\n|switch|p2a: Fabiole|Clefable, F|100\/100 psn|[from]move: U-turn\n|move|p1a: Amoonguss|Spore||[still]\n|-fail|p1a: Amoonguss\n|\n|upkeep\n|turn|96\n|\n|t:|1599396775\n|switch|p1a: Corviknight|Corviknight, M|94\/100 brn\n|-ability|p1a: Corviknight|Pressure\n|move|p2a: Fabiole|Stealth Rock|p1a: Corviknight\n|-sidestart|p1: lt74pf rn8|move: Stealth Rock\n|\n|-heal|p1a: Corviknight|100\/100 brn|[from] item: Leftovers\n|-damage|p1a: Corviknight|94\/100 brn|[from] brn\n|upkeep\n|turn|97\n|\n|t:|1599396778\n|switch|p2a: Robocop|Golurk|100\/100\n|move|p1a: Corviknight|Defog|p2a: Robocop\n|-unboost|p2a: Robocop|evasion|1\n|-sideend|p1: lt74pf rn8|Stealth Rock|[from] move: Defog|[of] p1a: Corviknight\n|\n|-heal|p1a: Corviknight|100\/100 brn|[from] item: Leftovers\n|-damage|p1a: Corviknight|94\/100 brn|[from] brn\n|upkeep\n|turn|98\n|\n|t:|1599396783\n|switch|p1a: Amoonguss|Amoonguss, M|81\/100\n|move|p2a: Robocop|Power-Up Punch|p1a: Amoonguss\n|-resisted|p1a: Amoonguss\n|-damage|p1a: Amoonguss|76\/100\n|-boost|p2a: Robocop|atk|1\n|-damage|p2a: Robocop|84\/100|[from] item: Rocky Helmet|[of] p1a: Amoonguss\n|\n|-heal|p2a: Robocop|90\/100|[from] item: Leftovers\n|upkeep\n|turn|99\n|\n|t:|1599396788\n|move|p2a: Robocop|Poltergeist|p1a: Amoonguss\n|-activate|p1a: Amoonguss|move: Poltergeist|Rocky Helmet\n|-damage|p1a: Amoonguss|6\/100\n|move|p1a: Amoonguss|Spore|p2a: Robocop\n|-status|p2a: Robocop|slp|[from] move: Spore\n|\n|-heal|p2a: Robocop|96\/100 slp|[from] item: Leftovers\n|upkeep\n|turn|100\n|l| Kei Kikuno\n|j| Caloominum\n|\n|t:|1599396798\n|switch|p2a: Wish Of Hax|Jirachi|47\/100\n|switch|p1a: Blissey|Blissey, F|8\/100\n|\n|upkeep\n|turn|101\n|\n|t:|1599396802\n|switch|p1a: Amoonguss|Amoonguss, M|39\/100\n|move|p2a: Wish Of Hax|Wish|p2a: Wish Of Hax\n|\n|upkeep\n|turn|102\n|\n|t:|1599396808\n|switch|p1a: Toxapex|Toxapex, M|100\/100 par\n|move|p2a: Wish Of Hax|Iron Head|p1a: Toxapex\n|-resisted|p1a: Toxapex\n|-damage|p1a: Toxapex|92\/100 par\n|-damage|p2a: Wish Of Hax|31\/100|[from] item: Rocky Helmet|[of] p1a: Toxapex\n|\n|-heal|p2a: Wish Of Hax|80\/100|[from] move: Wish|[wisher] Wish Of Hax\n|upkeep\n|turn|103\n|\n|t:|1599396814\n|switch|p2a: Fabiole|Clefable, F|100\/100 psn\n|move|p1a: Toxapex|Scald|p2a: Fabiole\n|-damage|p2a: Fabiole|89\/100 psn\n|\n|-heal|p2a: Fabiole|95\/100 psn|[from] item: Leftovers\n|upkeep\n|turn|104\n|\n|t:|1599396816\n|switch|p1a: Corviknight|Corviknight, M|94\/100 brn\n|-ability|p1a: Corviknight|Pressure\n|move|p2a: Fabiole|Stealth Rock|p1a: Corviknight\n|-sidestart|p1: lt74pf rn8|move: Stealth Rock\n|\n|-heal|p1a: Corviknight|100\/100 brn|[from] item: Leftovers\n|-heal|p2a: Fabiole|100\/100 psn|[from] item: Leftovers\n|-damage|p1a: Corviknight|94\/100 brn|[from] brn\n|upkeep\n|turn|105\n|\n|t:|1599396818\n|switch|p2a: Robocop|Golurk|96\/100 slp\n|move|p1a: Corviknight|Defog|p2a: Robocop\n|-unboost|p2a: Robocop|evasion|1\n|-sideend|p1: lt74pf rn8|Stealth Rock|[from] move: Defog|[of] p1a: Corviknight\n|\n|-heal|p2a: Robocop|100\/100 slp|[from] item: Leftovers\n|-heal|p1a: Corviknight|100\/100 brn|[from] item: Leftovers\n|-damage|p1a: Corviknight|94\/100 brn|[from] brn\n|upkeep\n|turn|106\n|\n|t:|1599396824\n|switch|p1a: Amoonguss|Amoonguss, M|72\/100\n|cant|p2a: Robocop|slp\n|\n|upkeep\n|turn|107\n|\n|t:|1599396829\n|switch|p1a: Blissey|Blissey, F|8\/100\n|cant|p2a: Robocop|slp\n|\n|upkeep\n|turn|108\n|\n|t:|1599396834\n|switch|p1a: Amoonguss|Amoonguss, M|100\/100\n|-curestatus|p2a: Robocop|slp|[msg]\n|move|p2a: Robocop|Power-Up Punch|p1a: Amoonguss\n|-resisted|p1a: Amoonguss\n|-damage|p1a: Amoonguss|95\/100\n|-boost|p2a: Robocop|atk|1\n|-damage|p2a: Robocop|84\/100|[from] item: Rocky Helmet|[of] p1a: Amoonguss\n|\n|-heal|p2a: Robocop|90\/100|[from] item: Leftovers\n|upkeep\n|turn|109\n|\n|t:|1599396838\n|switch|p2a: Wish Of Hax|Jirachi|80\/100\n|move|p1a: Amoonguss|Spore|p2a: Wish Of Hax\n|-status|p2a: Wish Of Hax|slp|[from] move: Spore\n|\n|upkeep\n|turn|110\n|\n|t:|1599396844\n|switch|p2a: Mr. Seton|Amoonguss, M|100\/100 par\n|move|p1a: Amoonguss|Sludge Bomb|p2a: Mr. Seton\n|-damage|p2a: Mr. Seton|76\/100 par\n|\n|upkeep\n|turn|111\n|\n|t:|1599396850\n|switch|p1a: Ditto|Ditto|100\/100\n|-transform|p1a: Ditto|p2a: Mr. Seton|[from] ability: Imposter\n|switch|p2a: Fabiole|Clefable, F|100\/100 psn\n|\n|upkeep\n|turn|112\n|j| Ad211\n|\n|t:|1599396853\n|switch|p1a: Corviknight|Corviknight, M|94\/100 brn\n|-ability|p1a: Corviknight|Pressure\n|move|p2a: Fabiole|Stealth Rock|p1a: Corviknight\n|-sidestart|p1: lt74pf rn8|move: Stealth Rock\n|\n|-heal|p1a: Corviknight|100\/100 brn|[from] item: Leftovers\n|-damage|p1a: Corviknight|94\/100 brn|[from] brn\n|upkeep\n|turn|113\n|\n|t:|1599396855\n|switch|p2a: Robocop|Golurk|90\/100\n|move|p1a: Corviknight|Defog|p2a: Robocop\n|-unboost|p2a: Robocop|evasion|1\n|-sideend|p1: lt74pf rn8|Stealth Rock|[from] move: Defog|[of] p1a: Corviknight\n|\n|-heal|p2a: Robocop|96\/100|[from] item: Leftovers\n|-heal|p1a: Corviknight|100\/100 brn|[from] item: Leftovers\n|-damage|p1a: Corviknight|94\/100 brn|[from] brn\n|upkeep\n|turn|114\n|\n|t:|1599396858\n|switch|p1a: Amoonguss|Amoonguss, M|100\/100\n|move|p2a: Robocop|Earthquake|p1a: Amoonguss\n|-damage|p1a: Amoonguss|64\/100\n|\n|-heal|p2a: Robocop|100\/100|[from] item: Leftovers\n|upkeep\n|turn|115\n|\n|t:|1599396862\n|switch|p2a: Fabiole|Clefable, F|100\/100 psn\n|move|p1a: Amoonguss|Giga Drain|p2a: Fabiole\n|-damage|p2a: Fabiole|84\/100 psn\n|-heal|p1a: Amoonguss|72\/100|[from] drain|[of] p2a: Fabiole\n|\n|-heal|p2a: Fabiole|90\/100 psn|[from] item: Leftovers\n|upkeep\n|turn|116\n|\n|t:|1599396865\n|switch|p1a: Corviknight|Corviknight, M|94\/100 brn\n|-ability|p1a: Corviknight|Pressure\n|move|p2a: Fabiole|Stealth Rock|p1a: Corviknight\n|-sidestart|p1: lt74pf rn8|move: Stealth Rock\n|\n|-heal|p1a: Corviknight|100\/100 brn|[from] item: Leftovers\n|-heal|p2a: Fabiole|96\/100 psn|[from] item: Leftovers\n|-damage|p1a: Corviknight|94\/100 brn|[from] brn\n|upkeep\n|turn|117\n|l| Ad211\n|\n|t:|1599396868\n|switch|p2a: Robocop|Golurk|100\/100\n|move|p1a: Corviknight|Defog|p2a: Robocop\n|-unboost|p2a: Robocop|evasion|1\n|-sideend|p1: lt74pf rn8|Stealth Rock|[from] move: Defog|[of] p1a: Corviknight\n|\n|-heal|p1a: Corviknight|100\/100 brn|[from] item: Leftovers\n|-damage|p1a: Corviknight|94\/100 brn|[from] brn\n|upkeep\n|turn|118\n|\n|t:|1599396871\n|switch|p1a: Amoonguss|Amoonguss, M|100\/100\n|move|p2a: Robocop|Earthquake|p1a: Amoonguss\n|-damage|p1a: Amoonguss|60\/100\n|\n|upkeep\n|turn|119\n|j| Zaettsu\n|\n|t:|1599396877\n|switch|p2a: Regina|Mandibuzz, F|70\/100\n|switch|p1a: Corviknight|Corviknight, M|94\/100 brn\n|-ability|p1a: Corviknight|Pressure\n|\n|-heal|p1a: Corviknight|100\/100 brn|[from] item: Leftovers\n|-damage|p1a: Corviknight|94\/100 brn|[from] brn\n|upkeep\n|turn|120\n|\n|t:|1599396880\n|switch|p1a: Amoonguss|Amoonguss, M|94\/100\n|move|p2a: Regina|U-turn|p1a: Amoonguss\n|-damage|p1a: Amoonguss|86\/100\n|-damage|p2a: Regina|53\/100|[from] item: Rocky Helmet|[of] p1a: Amoonguss\n|\n|t:|1599396883\n|switch|p2a: Spyro|Dragapult, M|100\/100|[from]move: U-turn\n|\n|upkeep\n|turn|121\n|j| AltCauseImInsecure\n|\n|t:|1599396890\n|switch|p1a: Toxapex|Toxapex, M|100\/100 par\n|move|p2a: Spyro|Thunder Wave|p1a: Toxapex\n|-fail|p1a: Toxapex|par\n|\n|upkeep\n|turn|122\n|\n|t:|1599396896\n|switch|p2a: Fabiole|Clefable, F|96\/100 psn\n|move|p1a: Toxapex|Knock Off|p2a: Fabiole\n|-resisted|p2a: Fabiole\n|-damage|p2a: Fabiole|89\/100 psn\n|-enditem|p2a: Fabiole|Leftovers|[from] move: Knock Off|[of] p1a: Toxapex\n|\n|upkeep\n|turn|123\n|\n|t:|1599396900\n|switch|p1a: Corviknight|Corviknight, M|94\/100 brn\n|-ability|p1a: Corviknight|Pressure\n|move|p2a: Fabiole|Stealth Rock|p1a: Corviknight\n|-sidestart|p1: lt74pf rn8|move: Stealth Rock\n|\n|-heal|p1a: Corviknight|100\/100 brn|[from] item: Leftovers\n|-damage|p1a: Corviknight|94\/100 brn|[from] brn\n|upkeep\n|turn|124\n|\n|t:|1599396902\n|switch|p2a: Robocop|Golurk|100\/100\n|move|p1a: Corviknight|Defog|p2a: Robocop\n|-unboost|p2a: Robocop|evasion|1\n|-sideend|p1: lt74pf rn8|Stealth Rock|[from] move: Defog|[of] p1a: Corviknight\n|\n|-heal|p1a: Corviknight|100\/100 brn|[from] item: Leftovers\n|-damage|p1a: Corviknight|94\/100 brn|[from] brn\n|upkeep\n|turn|125\n|\n|t:|1599396905\n|switch|p1a: Amoonguss|Amoonguss, M|100\/100\n|move|p2a: Robocop|Power-Up Punch|p1a: Amoonguss\n|-resisted|p1a: Amoonguss\n|-damage|p1a: Amoonguss|95\/100\n|-boost|p2a: Robocop|atk|1\n|-damage|p2a: Robocop|84\/100|[from] item: Rocky Helmet|[of] p1a: Amoonguss\n|\n|-heal|p2a: Robocop|90\/100|[from] item: Leftovers\n|upkeep\n|turn|126\n|\n|t:|1599396909\n|switch|p2a: Mr. Seton|Amoonguss, M|100\/100 par\n|move|p1a: Amoonguss|Clear Smog|p2a: Mr. Seton\n|-damage|p2a: Mr. Seton|85\/100 par\n|-clearboost|p2a: Mr. Seton\n|\n|upkeep\n|turn|127\n|j|%Specs\n|\n|t:|1599396918\n|switch|p1a: Corviknight|Corviknight, M|94\/100 brn\n|-ability|p1a: Corviknight|Pressure\n|switch|p2a: Fabiole|Clefable, F|89\/100 psn\n|\n|-heal|p1a: Corviknight|100\/100 brn|[from] item: Leftovers\n|-damage|p1a: Corviknight|94\/100 brn|[from] brn\n|upkeep\n|turn|128\n|\n|t:|1599396924\n|move|p1a: Corviknight|Iron Head|p2a: Fabiole\n|-supereffective|p2a: Fabiole\n|-damage|p2a: Fabiole|62\/100 psn\n|move|p2a: Fabiole|Stealth Rock|p1a: Corviknight\n|-sidestart|p1: lt74pf rn8|move: Stealth Rock\n|\n|-heal|p1a: Corviknight|100\/100 brn|[from] item: Leftovers\n|-damage|p1a: Corviknight|94\/100 brn|[from] brn\n|upkeep\n|turn|129\n|\n|t:|1599396927\n|switch|p2a: Robocop|Golurk|90\/100\n|move|p1a: Corviknight|Defog|p2a: Robocop\n|-unboost|p2a: Robocop|evasion|1\n|-sideend|p1: lt74pf rn8|Stealth Rock|[from] move: Defog|[of] p1a: Corviknight\n|\n|-heal|p2a: Robocop|96\/100|[from] item: Leftovers\n|-heal|p1a: Corviknight|100\/100 brn|[from] item: Leftovers\n|-damage|p1a: Corviknight|94\/100 brn|[from] brn\n|upkeep\n|turn|130\n|\n|t:|1599396931\n|switch|p1a: Amoonguss|Amoonguss, M|100\/100\n|move|p2a: Robocop|Earthquake|p1a: Amoonguss\n|-damage|p1a: Amoonguss|60\/100\n|\n|-heal|p2a: Robocop|100\/100|[from] item: Leftovers\n|upkeep\n|turn|131\n|\n|t:|1599396938\n|switch|p2a: Spyro|Dragapult, M|100\/100\n|move|p1a: Amoonguss|Giga Drain|p2a: Spyro\n|-resisted|p2a: Spyro\n|-damage|p2a: Spyro|86\/100\n|-heal|p1a: Amoonguss|66\/100|[from] drain|[of] p2a: Spyro\n|\n|-heal|p2a: Spyro|92\/100|[from] item: Leftovers\n|upkeep\n|turn|132\n|\n|t:|1599396942\n|switch|p1a: Toxapex|Toxapex, M|100\/100 par\n|move|p2a: Spyro|Hex|p1a: Toxapex\n|-damage|p1a: Toxapex|53\/100 par\n|\n|-heal|p2a: Spyro|98\/100|[from] item: Leftovers\n|upkeep\n|turn|133\n|\n|t:|1599396948\n|move|p2a: Spyro|Hex|p1a: Toxapex\n|-damage|p1a: Toxapex|0 fnt\n|faint|p1a: Toxapex\n|\n|-heal|p2a: Spyro|100\/100|[from] item: Leftovers\n|upkeep\n|c|\u2606lt74pf rn8|XD\n|-message|lt74pf rn8 forfeited.\n|\n|win|The Last Hero\n|l|\u2606lt74pf rn8\n|c| egalvanc|guau\n|raw|lt74pf rn8's rating: 2028 &rarr; <strong>1998<\/strong><br \/>(-30 for losing)\n|raw|The Last Hero's rating: 1832 &rarr; <strong>1862<\/strong><br \/>(+30 for winning)\n|c| egalvanc|buena\n|l|%Specs\n|l| IPF\n|l| Sagiri I.\n|l| outz u\n|l| Caloominum\n|l| AltCauseImInsecure\n|c| LT74PF Miku|perdio vs golurk\n|l| miambiamdiam\n|l| Pissog\n|c| LT74PF Miku|fuah fuah increible\n|l| Xizaaa\n|l| LT74PF Miku\n|l|\u2606The Last Hero\n|l| PokemonCestDur\n|l|+Sacri'\n|l| shuehwgs\n|j| Brigtello Bello\n|l| Brigtello Bello\n","uploadtime":1599397008,"views":300,"p1id":"lt74pfrn8","p2id":"thelasthero","formatid":"gen8ou","rating":1862,"private":0,"password":null}