{"id":"gen8zu-1689091115","p1":"SuperSmallSteve","p2":"MurderousMantyke","format":"gen8zu","log":"|j|\u2606SuperSmallSteve\n|j|\u2606MurderousMantyke\n|t:|1666130544\n|gametype|singles\n|player|p1|SuperSmallSteve|youngster-gen4dp|1083\n|player|p2|MurderousMantyke|#helpstaffxmas|1321\n|teamsize|p1|6\n|teamsize|p2|6\n|gen|8\n|tier|[Gen 8] ZU\n|rated|\n|rule|Sleep Clause Mod: Limit one foe put to sleep\n|rule|Species Clause: Limit one of each Pok\u00e9mon\n|rule|OHKO Clause: OHKO moves are banned\n|rule|Evasion Items Clause: Evasion items are banned\n|rule|Evasion Moves Clause: Evasion moves are banned\n|rule|Endless Battle Clause: Forcing endless battles is banned\n|rule|HP Percentage Mod: HP is shown in percentages\n|rule|Dynamax Clause: You cannot dynamax\n|clearpoke\n|poke|p1|Larvesta, F|\n|poke|p1|Accelgor, M|\n|poke|p1|Alcremie, F|\n|poke|p1|Thwackey, M|\n|poke|p1|Avalugg, M|\n|poke|p1|Glaceon, F|\n|poke|p2|Alcremie, F|\n|poke|p2|Cramorant, M|\n|poke|p2|Klinklang|\n|poke|p2|Miltank, F|\n|poke|p2|Sawk, M|\n|poke|p2|Stunfisk, M|\n|teampreview\n|inactive|Battle timer is ON: inactive players will automatically lose when time's up. (requested by SuperSmallSteve)\n|c|\u2606SuperSmallSteve|glhf\n|c|\u2606MurderousMantyke|hf\n|\n|t:|1666130561\n|start\n|switch|p1a: Accelgor|Accelgor, M|100\/100\n|switch|p2a: Klinklang|Klinklang|100\/100\n|turn|1\n|\n|t:|1666130569\n|move|p1a: Accelgor|Focus Blast|p2a: Klinklang|[miss]\n|-miss|p1a: Accelgor|p2a: Klinklang\n|move|p2a: Klinklang|Gear Grind|p1a: Accelgor\n|-damage|p1a: Accelgor|26\/100\n|-damage|p1a: Accelgor|0 fnt\n|faint|p1a: Accelgor\n|-hitcount|p1: Accelgor|2\n|\n|upkeep\n|c|\u2606SuperSmallSteve|sadness\n|\n|t:|1666130582\n|switch|p1a: Larvesta|Larvesta, F|100\/100\n|turn|2\n|\n|t:|1666130587\n|switch|p2a: Stunfisk|Stunfisk, M|100\/100\n|move|p1a: Larvesta|Will-O-Wisp|p2a: Stunfisk\n|-status|p2a: Stunfisk|brn\n|\n|-damage|p2a: Stunfisk|94\/100 brn|[from] brn\n|upkeep\n|turn|3\n|\n|t:|1666130592\n|switch|p1a: Thwackey|Thwackey, M|100\/100\n|-fieldstart|move: Grassy Terrain|[from] ability: Grassy Surge|[of] p1a: Thwackey\n|move|p2a: Stunfisk|Stealth Rock|p1a: Thwackey\n|-sidestart|p1: SuperSmallSteve|move: Stealth Rock\n|\n|-heal|p2a: Stunfisk|100\/100 brn|[from] Grassy Terrain\n|-damage|p2a: Stunfisk|94\/100 brn|[from] brn\n|upkeep\n|turn|4\n|\n|t:|1666130600\n|move|p1a: Thwackey|Grassy Glide|p2a: Stunfisk\n|-supereffective|p2a: Stunfisk\n|-damage|p2a: Stunfisk|24\/100 brn\n|move|p2a: Stunfisk|Toxic|p1a: Thwackey\n|-status|p1a: Thwackey|tox\n|\n|-heal|p2a: Stunfisk|30\/100 brn|[from] Grassy Terrain\n|-heal|p2a: Stunfisk|37\/100 brn|[from] item: Leftovers\n|-damage|p1a: Thwackey|94\/100 tox|[from] psn\n|-damage|p2a: Stunfisk|30\/100 brn|[from] brn\n|upkeep\n|turn|5\n|\n|t:|1666130614\n|move|p1a: Thwackey|Knock Off|p2a: Stunfisk\n|-damage|p2a: Stunfisk|9\/100 brn\n|-enditem|p2a: Stunfisk|Leftovers|[from] move: Knock Off|[of] p1a: Thwackey\n|move|p2a: Stunfisk|Foul Play|p1a: Thwackey\n|-damage|p1a: Thwackey|81\/100 tox\n|\n|-heal|p1a: Thwackey|87\/100 tox|[from] Grassy Terrain\n|-heal|p2a: Stunfisk|15\/100 brn|[from] Grassy Terrain\n|-damage|p1a: Thwackey|75\/100 tox|[from] psn\n|-damage|p2a: Stunfisk|9\/100 brn|[from] brn\n|upkeep\n|turn|6\n|\n|t:|1666130620\n|move|p1a: Thwackey|U-turn|p2a: Stunfisk\n|-damage|p2a: Stunfisk|0 fnt\n|faint|p2a: Stunfisk\n|\n|t:|1666130631\n|switch|p1a: Assault Vest|Avalugg, M|100\/100|[from]move: U-turn\n|-damage|p1a: Assault Vest|76\/100|[from] Stealth Rock\n|\n|-heal|p1a: Assault Vest|82\/100|[from] Grassy Terrain\n|upkeep\n|\n|t:|1666130656\n|switch|p2a: Klinklang|Klinklang|100\/100\n|turn|7\n|\n|t:|1666130659\n|move|p2a: Klinklang|Gear Grind|p1a: Assault Vest\n|-supereffective|p1a: Assault Vest\n|-damage|p1a: Assault Vest|47\/100\n|-supereffective|p1a: Assault Vest\n|-damage|p1a: Assault Vest|15\/100\n|-hitcount|p1a: Assault Vest|2\n|move|p1a: Assault Vest|Body Press|p2a: Klinklang\n|-supereffective|p2a: Klinklang\n|-crit|p2a: Klinklang\n|-damage|p2a: Klinklang|0 fnt\n|faint|p2a: Klinklang\n|\n|-heal|p1a: Assault Vest|21\/100|[from] Grassy Terrain\n|-fieldend|move: Grassy Terrain\n|upkeep\n|\n|t:|1666130667\n|switch|p2a: Cramorant|Cramorant, M|100\/100\n|turn|8\n|\n|t:|1666130673\n|move|p2a: Cramorant|Surf|p1a: Assault Vest\n|-formechange|p2a: Cramorant|Cramorant-Gulping|\n|-damage|p1a: Assault Vest|2\/100\n|move|p1a: Assault Vest|Avalanche|p2a: Cramorant\n|-damage|p2a: Cramorant|54\/100\n|-damage|p1a: Assault Vest|0 fnt|[from] ability: Gulp Missile|[of] p2a: Cramorant\n|-formechange|p2a: Cramorant|Cramorant|\n|faint|p1a: Assault Vest\n|\n|upkeep\n|\n|t:|1666130686\n|switch|p1a: Alcremie|Alcremie, F|100\/100\n|-damage|p1a: Alcremie|88\/100|[from] Stealth Rock\n|turn|9\n|inactive|MurderousMantyke has 120 seconds left.\n|\n|t:|1666130719\n|move|p2a: Cramorant|Surf|p1a: Alcremie\n|-formechange|p2a: Cramorant|Cramorant-Gulping|\n|-damage|p1a: Alcremie|65\/100\n|move|p1a: Alcremie|Substitute|p1a: Alcremie\n|-start|p1a: Alcremie|Substitute\n|-damage|p1a: Alcremie|40\/100\n|\n|-heal|p1a: Alcremie|46\/100|[from] item: Leftovers\n|upkeep\n|turn|10\n|\n|t:|1666130724\n|move|p2a: Cramorant|Hurricane|p1a: Alcremie\n|-end|p1a: Alcremie|Substitute\n|move|p1a: Alcremie|Calm Mind|p1a: Alcremie\n|-boost|p1a: Alcremie|spa|1\n|-boost|p1a: Alcremie|spd|1\n|\n|-heal|p1a: Alcremie|52\/100|[from] item: Leftovers\n|upkeep\n|turn|11\n|\n|t:|1666130730\n|switch|p2a: Miltank|Miltank, F|100\/100\n|move|p1a: Alcremie|Calm Mind|p1a: Alcremie\n|-boost|p1a: Alcremie|spa|1\n|-boost|p1a: Alcremie|spd|1\n|\n|-heal|p1a: Alcremie|58\/100|[from] item: Leftovers\n|upkeep\n|turn|12\n|\n|t:|1666130734\n|move|p2a: Miltank|Toxic|p1a: Alcremie\n|-status|p1a: Alcremie|tox\n|move|p1a: Alcremie|Substitute|p1a: Alcremie\n|-start|p1a: Alcremie|Substitute\n|-damage|p1a: Alcremie|33\/100 tox\n|\n|-heal|p1a: Alcremie|39\/100 tox|[from] item: Leftovers\n|-damage|p1a: Alcremie|33\/100 tox|[from] psn\n|upkeep\n|turn|13\n|\n|t:|1666130737\n|move|p2a: Miltank|Seismic Toss|p1a: Alcremie\n|-end|p1a: Alcremie|Substitute\n|move|p1a: Alcremie|Dazzling Gleam|p2a: Miltank\n|-damage|p2a: Miltank|0 fnt\n|faint|p2a: Miltank\n|\n|-heal|p1a: Alcremie|39\/100 tox|[from] item: Leftovers\n|-damage|p1a: Alcremie|27\/100 tox|[from] psn\n|upkeep\n|\n|t:|1666130756\n|switch|p2a: Cramorant|Cramorant, M|54\/100\n|turn|14\n|\n|t:|1666130760\n|move|p2a: Cramorant|Surf|p1a: Alcremie\n|-formechange|p2a: Cramorant|Cramorant-Gulping|\n|-damage|p1a: Alcremie|14\/100 tox\n|move|p1a: Alcremie|Dazzling Gleam|p2a: Cramorant\n|-damage|p2a: Cramorant|0 fnt\n|-damage|p1a: Alcremie|0 fnt|[from] ability: Gulp Missile|[of] p2a: Cramorant\n|-formechange|p2a: Cramorant|Cramorant|\n|faint|p2a: Cramorant\n|faint|p1a: Alcremie\n|\n|upkeep\n|\n|t:|1666130768\n|switch|p2a: Sawk|Sawk, M|100\/100\n|switch|p1a: Thwackey|Thwackey, M|75\/100 tox\n|-ability|p2a: Sawk|Mold Breaker\n|-damage|p1a: Thwackey|62\/100 tox|[from] Stealth Rock\n|-fieldstart|move: Grassy Terrain|[from] ability: Grassy Surge|[of] p1a: Thwackey\n|turn|15\n|\n|t:|1666130772\n|move|p1a: Thwackey|Grassy Glide|p2a: Sawk\n|-damage|p2a: Sawk|44\/100\n|move|p2a: Sawk|Close Combat|p1a: Thwackey\n|-damage|p1a: Thwackey|0 fnt\n|-unboost|p2a: Sawk|def|1\n|-unboost|p2a: Sawk|spd|1\n|faint|p1a: Thwackey\n|\n|-heal|p2a: Sawk|50\/100|[from] Grassy Terrain\n|upkeep\n|\n|t:|1666130776\n|switch|p1a: Larvesta|Larvesta, F|100\/100\n|-damage|p1a: Larvesta|50\/100|[from] Stealth Rock\n|turn|16\n|\n|t:|1666130780\n|switch|p2a: Alcremie|Alcremie, F|100\/100\n|move|p1a: Larvesta|Will-O-Wisp|p2a: Alcremie\n|-status|p2a: Alcremie|brn\n|\n|-heal|p1a: Larvesta|57\/100|[from] Grassy Terrain\n|-damage|p2a: Alcremie|95\/100 brn|[from] brn\n|upkeep\n|turn|17\n|\n|t:|1666130783\n|move|p2a: Alcremie|Calm Mind|p2a: Alcremie\n|-boost|p2a: Alcremie|spa|1\n|-boost|p2a: Alcremie|spd|1\n|move|p1a: Larvesta|Morning Sun|p1a: Larvesta\n|-heal|p1a: Larvesta|100\/100\n|\n|-heal|p2a: Alcremie|100\/100 brn|[from] Grassy Terrain\n|-damage|p2a: Alcremie|95\/100 brn|[from] brn\n|upkeep\n|turn|18\n|\n|t:|1666130786\n|move|p2a: Alcremie|Calm Mind|p2a: Alcremie\n|-boost|p2a: Alcremie|spa|1\n|-boost|p2a: Alcremie|spd|1\n|move|p1a: Larvesta|Flare Blitz|p2a: Alcremie\n|-crit|p2a: Alcremie\n|-damage|p2a: Alcremie|41\/100 brn\n|-damage|p1a: Larvesta|82\/100|[from] Recoil\n|\n|-heal|p2a: Alcremie|47\/100 brn|[from] Grassy Terrain\n|-heal|p2a: Alcremie|53\/100 brn|[from] item: Leftovers\n|-heal|p1a: Larvesta|88\/100|[from] Grassy Terrain\n|-damage|p2a: Alcremie|47\/100 brn|[from] brn\n|upkeep\n|turn|19\n|\n|t:|1666130792\n|move|p2a: Alcremie|Recover|p2a: Alcremie\n|-heal|p2a: Alcremie|97\/100 brn\n|move|p1a: Larvesta|Flare Blitz|p2a: Alcremie\n|-damage|p2a: Alcremie|60\/100 brn\n|-damage|p1a: Larvesta|75\/100|[from] Recoil\n|\n|-heal|p2a: Alcremie|66\/100 brn|[from] Grassy Terrain\n|-heal|p2a: Alcremie|72\/100 brn|[from] item: Leftovers\n|-heal|p1a: Larvesta|81\/100|[from] Grassy Terrain\n|-damage|p2a: Alcremie|66\/100 brn|[from] brn\n|-fieldend|move: Grassy Terrain\n|upkeep\n|turn|20\n|\n|t:|1666130797\n|switch|p1a: Glaceon|Glaceon, F|100\/100\n|-damage|p1a: Glaceon|76\/100|[from] Stealth Rock\n|move|p2a: Alcremie|Acid Armor|p2a: Alcremie\n|-boost|p2a: Alcremie|def|2\n|\n|-heal|p2a: Alcremie|72\/100 brn|[from] item: Leftovers\n|-heal|p1a: Glaceon|82\/100|[from] item: Leftovers\n|-damage|p2a: Alcremie|66\/100 brn|[from] brn\n|upkeep\n|turn|21\n|\n|t:|1666130802\n|move|p2a: Alcremie|Dazzling Gleam|p1a: Glaceon\n|-crit|p1a: Glaceon\n|-damage|p1a: Glaceon|0 fnt\n|faint|p1a: Glaceon\n|\n|-heal|p2a: Alcremie|72\/100 brn|[from] item: Leftovers\n|-damage|p2a: Alcremie|66\/100 brn|[from] brn\n|upkeep\n|\n|t:|1666130804\n|switch|p1a: Larvesta|Larvesta, F|81\/100\n|-damage|p1a: Larvesta|31\/100|[from] Stealth Rock\n|turn|22\n|\n|t:|1666130806\n|move|p2a: Alcremie|Dazzling Gleam|p1a: Larvesta\n|-resisted|p1a: Larvesta\n|-damage|p1a: Larvesta|7\/100\n|move|p1a: Larvesta|Morning Sun|p1a: Larvesta\n|-heal|p1a: Larvesta|57\/100\n|\n|-heal|p2a: Alcremie|72\/100 brn|[from] item: Leftovers\n|-damage|p2a: Alcremie|66\/100 brn|[from] brn\n|upkeep\n|turn|23\n|\n|t:|1666130810\n|move|p2a: Alcremie|Calm Mind|p2a: Alcremie\n|-boost|p2a: Alcremie|spa|1\n|-boost|p2a: Alcremie|spd|1\n|move|p1a: Larvesta|Morning Sun|p1a: Larvesta\n|-heal|p1a: Larvesta|100\/100\n|\n|-heal|p2a: Alcremie|72\/100 brn|[from] item: Leftovers\n|-damage|p2a: Alcremie|66\/100 brn|[from] brn\n|upkeep\n|turn|24\n|\n|t:|1666130814\n|move|p2a: Alcremie|Calm Mind|p2a: Alcremie\n|-boost|p2a: Alcremie|spa|1\n|-boost|p2a: Alcremie|spd|1\n|move|p1a: Larvesta|Leech Life|p2a: Alcremie\n|-resisted|p2a: Alcremie\n|-damage|p2a: Alcremie|61\/100 brn\n|\n|-heal|p2a: Alcremie|67\/100 brn|[from] item: Leftovers\n|-damage|p2a: Alcremie|61\/100 brn|[from] brn\n|upkeep\n|turn|25\n|\n|t:|1666130822\n|move|p2a: Alcremie|Recover|p2a: Alcremie\n|-heal|p2a: Alcremie|100\/100 brn\n|move|p1a: Larvesta|Flare Blitz|p2a: Alcremie\n|-damage|p2a: Alcremie|84\/100 brn\n|-damage|p1a: Larvesta|95\/100|[from] Recoil\n|\n|-heal|p2a: Alcremie|90\/100 brn|[from] item: Leftovers\n|-damage|p2a: Alcremie|84\/100 brn|[from] brn\n|upkeep\n|turn|26\n|\n|t:|1666130830\n|move|p2a: Alcremie|Calm Mind|p2a: Alcremie\n|-boost|p2a: Alcremie|spa|1\n|-boost|p2a: Alcremie|spd|1\n|move|p1a: Larvesta|Will-O-Wisp|p2a: Alcremie|[miss]\n|-miss|p1a: Larvesta|p2a: Alcremie\n|\n|-heal|p2a: Alcremie|90\/100 brn|[from] item: Leftovers\n|-damage|p2a: Alcremie|84\/100 brn|[from] brn\n|upkeep\n|turn|27\n|\n|t:|1666130852\n|move|p2a: Alcremie|Dazzling Gleam|p1a: Larvesta\n|-resisted|p1a: Larvesta\n|-damage|p1a: Larvesta|55\/100\n|move|p1a: Larvesta|Leech Life|p2a: Alcremie\n|-resisted|p2a: Alcremie\n|-damage|p2a: Alcremie|78\/100 brn\n|-heal|p1a: Larvesta|58\/100|[from] drain|[of] p2a: Alcremie\n|\n|-heal|p2a: Alcremie|84\/100 brn|[from] item: Leftovers\n|-damage|p2a: Alcremie|78\/100 brn|[from] brn\n|upkeep\n|turn|28\n|\n|t:|1666130855\n|move|p2a: Alcremie|Dazzling Gleam|p1a: Larvesta\n|-resisted|p1a: Larvesta\n|-damage|p1a: Larvesta|17\/100\n|move|p1a: Larvesta|Morning Sun|p1a: Larvesta\n|-heal|p1a: Larvesta|67\/100\n|\n|-heal|p2a: Alcremie|84\/100 brn|[from] item: Leftovers\n|-damage|p2a: Alcremie|78\/100 brn|[from] brn\n|upkeep\n|turn|29\n|\n|t:|1666130858\n|move|p2a: Alcremie|Calm Mind|p2a: Alcremie\n|-boost|p2a: Alcremie|spa|1\n|-boost|p2a: Alcremie|spd|1\n|move|p1a: Larvesta|Morning Sun|p1a: Larvesta\n|-heal|p1a: Larvesta|100\/100\n|\n|-heal|p2a: Alcremie|84\/100 brn|[from] item: Leftovers\n|-damage|p2a: Alcremie|78\/100 brn|[from] brn\n|upkeep\n|turn|30\n|\n|t:|1666130870\n|move|p2a: Alcremie|Dazzling Gleam|p1a: Larvesta\n|-resisted|p1a: Larvesta\n|-damage|p1a: Larvesta|56\/100\n|move|p1a: Larvesta|Leech Life|p2a: Alcremie\n|-resisted|p2a: Alcremie\n|-damage|p2a: Alcremie|72\/100 brn\n|-heal|p1a: Larvesta|58\/100|[from] drain|[of] p2a: Alcremie\n|\n|-heal|p2a: Alcremie|78\/100 brn|[from] item: Leftovers\n|-damage|p2a: Alcremie|72\/100 brn|[from] brn\n|upkeep\n|turn|31\n|\n|t:|1666130873\n|move|p2a: Alcremie|Dazzling Gleam|p1a: Larvesta\n|-resisted|p1a: Larvesta\n|-damage|p1a: Larvesta|11\/100\n|move|p1a: Larvesta|Morning Sun|p1a: Larvesta\n|-heal|p1a: Larvesta|61\/100\n|\n|-heal|p2a: Alcremie|78\/100 brn|[from] item: Leftovers\n|-damage|p2a: Alcremie|72\/100 brn|[from] brn\n|upkeep\n|turn|32\n|\n|t:|1666130876\n|move|p2a: Alcremie|Dazzling Gleam|p1a: Larvesta\n|-resisted|p1a: Larvesta\n|-damage|p1a: Larvesta|18\/100\n|move|p1a: Larvesta|Morning Sun|p1a: Larvesta\n|-heal|p1a: Larvesta|68\/100\n|\n|-heal|p2a: Alcremie|78\/100 brn|[from] item: Leftovers\n|-damage|p2a: Alcremie|72\/100 brn|[from] brn\n|upkeep\n|turn|33\n|\n|t:|1666130879\n|move|p2a: Alcremie|Recover|p2a: Alcremie\n|-heal|p2a: Alcremie|100\/100 brn\n|move|p1a: Larvesta|Morning Sun|p1a: Larvesta\n|-heal|p1a: Larvesta|100\/100\n|\n|-damage|p2a: Alcremie|95\/100 brn|[from] brn\n|upkeep\n|turn|34\n|\n|t:|1666130882\n|move|p2a: Alcremie|Dazzling Gleam|p1a: Larvesta\n|-resisted|p1a: Larvesta\n|-damage|p1a: Larvesta|54\/100\n|move|p1a: Larvesta|Flare Blitz|p2a: Alcremie\n|-damage|p2a: Alcremie|79\/100 brn\n|-damage|p1a: Larvesta|49\/100|[from] Recoil\n|\n|-heal|p2a: Alcremie|85\/100 brn|[from] item: Leftovers\n|-damage|p2a: Alcremie|79\/100 brn|[from] brn\n|upkeep\n|turn|35\n|c|\u2606SuperSmallSteve|gg\n|\n|t:|1666130898\n|move|p2a: Alcremie|Dazzling Gleam|p1a: Larvesta\n|-resisted|p1a: Larvesta\n|-damage|p1a: Larvesta|5\/100\n|move|p1a: Larvesta|Flare Blitz|p2a: Alcremie\n|-damage|p2a: Alcremie|63\/100 brn\n|-damage|p1a: Larvesta|0 fnt|[from] Recoil\n|faint|p1a: Larvesta\n|\n|win|MurderousMantyke\n|raw|SuperSmallSteve's rating: 1083 &rarr; <strong>1074<\/strong><br \/>(-9 for losing)\n|raw|MurderousMantyke's rating: 1321 &rarr; <strong>1329<\/strong><br \/>(+8 for winning)\n|c|\u2606MurderousMantyke|gg\n|l|\u2606MurderousMantyke\n","uploadtime":1666130907,"views":3,"p1id":"supersmallsteve","p2id":"murderousmantyke","formatid":"gen8zu","rating":1074,"private":0,"password":null}