{"id":"gen8ou-1700260267","p1":"Takinah","p2":"Shinjou Akane","format":"gen8ou","log":"|j|\u2606Takinah\n|j|\u2606Shinjou Akane\n|t:|1667325566\n|gametype|singles\n|player|p1|Takinah|akari|1610\n|player|p2|Shinjou Akane|lillie-masters|1631\n|teamsize|p1|6\n|teamsize|p2|6\n|gen|8\n|tier|[Gen 8] OU\n|rated|\n|rule|Sleep Clause Mod: Limit one foe put to sleep\n|rule|Species Clause: Limit one of each Pok\u00e9mon\n|rule|OHKO Clause: OHKO moves are banned\n|rule|Evasion Items Clause: Evasion items are banned\n|rule|Evasion Moves Clause: Evasion moves are banned\n|rule|Endless Battle Clause: Forcing endless battles is banned\n|rule|HP Percentage Mod: HP is shown in percentages\n|rule|Dynamax Clause: You cannot dynamax\n|clearpoke\n|poke|p1|Arctozolt|\n|poke|p1|Nihilego|\n|poke|p1|Dragapult, M|\n|poke|p1|Magnezone|\n|poke|p1|Ninetales-Alola, M|\n|poke|p1|Landorus-Therian, M|\n|poke|p2|Tapu Lele|\n|poke|p2|Blacephalon|\n|poke|p2|Tyranitar, M|\n|poke|p2|Landorus-Therian, M|\n|poke|p2|Corviknight, F|\n|poke|p2|Toxapex, M|\n|teampreview\n|\n|t:|1667325576\n|start\n|switch|p1a: Dragapult|Dragapult, M, shiny|100\/100\n|switch|p2a: Tyranitar|Tyranitar, M|100\/100\n|-weather|Sandstorm|[from] ability: Sand Stream|[of] p2a: Tyranitar\n|turn|1\n|\n|t:|1667325589\n|move|p1a: Dragapult|U-turn|p2a: Tyranitar\n|-supereffective|p2a: Tyranitar\n|-damage|p2a: Tyranitar|38\/100\n|\n|t:|1667325592\n|switch|p1a: Landorus|Landorus-Therian, M|100\/100|[from]move: U-turn\n|-ability|p1a: Landorus|Intimidate|boost\n|-unboost|p2a: Tyranitar|atk|1\n|move|p2a: Tyranitar|Stone Edge|p1a: Landorus\n|-damage|p1a: Landorus|40\/100\n|\n|-weather|Sandstorm|[upkeep]\n|-heal|p1a: Landorus|46\/100|[from] item: Leftovers\n|upkeep\n|turn|2\n|\n|t:|1667325598\n|switch|p2a: Corviknight|Corviknight, F|100\/100\n|-ability|p2a: Corviknight|Pressure\n|move|p1a: Landorus|U-turn|p2a: Corviknight\n|-resisted|p2a: Corviknight\n|-damage|p2a: Corviknight|97\/100\n|-damage|p1a: Landorus|30\/100|[from] item: Rocky Helmet|[of] p2a: Corviknight\n|\n|t:|1667325603\n|switch|p1a: Arctozolt|Arctozolt, shiny|100\/100|[from]move: U-turn\n|\n|-weather|Sandstorm|[upkeep]\n|-damage|p1a: Arctozolt|94\/100|[from] Sandstorm\n|upkeep\n|turn|3\n|\n|t:|1667325608\n|move|p1a: Arctozolt|Freeze-Dry|p2a: Corviknight\n|-damage|p2a: Corviknight|75\/100\n|-status|p2a: Corviknight|frz\n|cant|p2a: Corviknight|frz\n|\n|-weather|Sandstorm|[upkeep]\n|-damage|p1a: Arctozolt|88\/100|[from] Sandstorm\n|upkeep\n|turn|4\n|\n|t:|1667325617\n|move|p1a: Arctozolt|Bolt Beak|p2a: Corviknight\n|-supereffective|p2a: Corviknight\n|-damage|p2a: Corviknight|0 fnt\n|-damage|p1a: Arctozolt|72\/100|[from] item: Rocky Helmet|[of] p2a: Corviknight\n|faint|p2a: Corviknight\n|\n|-weather|Sandstorm|[upkeep]\n|-damage|p1a: Arctozolt|65\/100|[from] Sandstorm\n|upkeep\n|\n|t:|1667325620\n|switch|p2a: Blacephalon|Blacephalon|100\/100\n|turn|5\n|\n|t:|1667325624\n|switch|p1a: Landorus|Landorus-Therian, M|30\/100\n|-ability|p1a: Landorus|Intimidate|boost\n|-unboost|p2a: Blacephalon|atk|1\n|move|p2a: Blacephalon|Shadow Ball|p1a: Landorus\n|-damage|p1a: Landorus|0 fnt\n|faint|p1a: Landorus\n|-ability|p2a: Blacephalon|Beast Boost|boost\n|-boost|p2a: Blacephalon|spa|1\n|\n|-weather|none\n|upkeep\n|\n|t:|1667325639\n|switch|p1a: Nihilego|Nihilego, shiny|100\/100\n|turn|6\n|\n|t:|1667325644\n|switch|p2a: Landorus|Landorus-Therian, M|100\/100\n|-ability|p2a: Landorus|Intimidate|boost\n|-unboost|p1a: Nihilego|atk|1\n|move|p1a: Nihilego|Power Gem|p2a: Landorus\n|-damage|p2a: Landorus|68\/100\n|\n|-heal|p2a: Landorus|74\/100|[from] item: Leftovers\n|upkeep\n|turn|7\n|\n|t:|1667325659\n|move|p1a: Nihilego|Power Gem|p2a: Landorus\n|-crit|p2a: Landorus\n|-damage|p2a: Landorus|18\/100\n|move|p2a: Landorus|Earthquake|p1a: Nihilego\n|-supereffective|p1a: Nihilego\n|-damage|p1a: Nihilego|0 fnt\n|faint|p1a: Nihilego\n|\n|-heal|p2a: Landorus|24\/100|[from] item: Leftovers\n|upkeep\n|\n|t:|1667325668\n|switch|p1a: Ninetales|Ninetales-Alola, M, shiny|100\/100\n|-weather|Hail|[from] ability: Snow Warning|[of] p1a: Ninetales\n|turn|8\n|\n|t:|1667325672\n|switch|p2a: Tyranitar|Tyranitar, M|38\/100\n|-weather|Sandstorm|[from] ability: Sand Stream|[of] p2a: Tyranitar\n|move|p1a: Ninetales|Moonblast|p2a: Tyranitar\n|-supereffective|p2a: Tyranitar\n|-damage|p2a: Tyranitar|0 fnt\n|faint|p2a: Tyranitar\n|\n|-weather|Sandstorm|[upkeep]\n|-damage|p1a: Ninetales|95\/100|[from] Sandstorm\n|upkeep\n|\n|t:|1667325684\n|switch|p2a: Blacephalon|Blacephalon|100\/100\n|turn|9\n|\n|t:|1667325689\n|switch|p1a: Magnezone|Magnezone, shiny|100\/100\n|move|p2a: Blacephalon|Shadow Ball|p1a: Magnezone\n|-damage|p1a: Magnezone|25\/100\n|\n|-weather|Sandstorm|[upkeep]\n|-damage|p2a: Blacephalon|94\/100|[from] Sandstorm\n|upkeep\n|turn|10\n|\n|t:|1667325694\n|move|p2a: Blacephalon|Shadow Ball|p1a: Magnezone\n|-damage|p1a: Magnezone|0 fnt\n|faint|p1a: Magnezone\n|-ability|p2a: Blacephalon|Beast Boost|boost\n|-boost|p2a: Blacephalon|spa|1\n|\n|-weather|Sandstorm|[upkeep]\n|-damage|p2a: Blacephalon|88\/100|[from] Sandstorm\n|upkeep\n|\n|t:|1667325697\n|switch|p1a: Ninetales|Ninetales-Alola, M, shiny|95\/100\n|-weather|Hail|[from] ability: Snow Warning|[of] p1a: Ninetales\n|turn|11\n|\n|t:|1667325700\n|move|p1a: Ninetales|Foul Play|p2a: Blacephalon\n|-supereffective|p2a: Blacephalon\n|-crit|p2a: Blacephalon\n|-damage|p2a: Blacephalon|0 fnt\n|faint|p2a: Blacephalon\n|\n|-weather|Hail|[upkeep]\n|upkeep\n|\n|t:|1667325705\n|switch|p2a: Tapu Lele|Tapu Lele|100\/100\n|-fieldstart|move: Psychic Terrain|[from] ability: Psychic Surge|[of] p2a: Tapu Lele\n|turn|12\n|\n|t:|1667325709\n|move|p1a: Ninetales|Foul Play|p2a: Tapu Lele\n|-damage|p2a: Tapu Lele|76\/100\n|move|p2a: Tapu Lele|Psychic|p1a: Ninetales\n|-damage|p1a: Ninetales|11\/100\n|\n|-weather|Hail|[upkeep]\n|-damage|p2a: Tapu Lele|70\/100|[from] Hail\n|upkeep\n|turn|13\n|\n|t:|1667325716\n|switch|p1a: Dragapult|Dragapult, M, shiny|100\/100\n|move|p2a: Tapu Lele|Psychic|p1a: Dragapult\n|-damage|p1a: Dragapult|6\/100\n|\n|-weather|Hail|[upkeep]\n|-damage|p2a: Tapu Lele|64\/100|[from] Hail\n|-damage|p1a: Dragapult|0 fnt|[from] Hail\n|faint|p1a: Dragapult\n|upkeep\n|\n|t:|1667325720\n|switch|p1a: Arctozolt|Arctozolt, shiny|65\/100\n|turn|14\n|\n|t:|1667325727\n|switch|p2a: Landorus|Landorus-Therian, M|24\/100\n|-ability|p2a: Landorus|Intimidate|boost\n|-unboost|p1a: Arctozolt|atk|1\n|move|p1a: Arctozolt|Bolt Beak|p2a: Landorus\n|-immune|p2a: Landorus\n|\n|-weather|Hail|[upkeep]\n|-damage|p2a: Landorus|18\/100|[from] Hail\n|-heal|p2a: Landorus|24\/100|[from] item: Leftovers\n|upkeep\n|turn|15\n|\n|t:|1667325735\n|switch|p2a: Toxapex|Toxapex, M|100\/100\n|move|p1a: Arctozolt|Freeze-Dry|p2a: Toxapex\n|-supereffective|p2a: Toxapex\n|-damage|p2a: Toxapex|65\/100\n|\n|-weather|none\n|upkeep\n|turn|16\n|\n|t:|1667325741\n|move|p1a: Arctozolt|Bolt Beak|p2a: Toxapex\n|-supereffective|p2a: Toxapex\n|-damage|p2a: Toxapex|3\/100\n|-damage|p1a: Arctozolt|49\/100|[from] item: Rocky Helmet|[of] p2a: Toxapex\n|move|p2a: Toxapex|Scald|p1a: Arctozolt\n|-damage|p1a: Arctozolt|25\/100\n|-status|p1a: Arctozolt|brn\n|\n|-damage|p1a: Arctozolt|19\/100 brn|[from] brn\n|-fieldend|move: Psychic Terrain\n|upkeep\n|turn|17\n|\n|t:|1667325752\n|switch|p2a: Landorus|Landorus-Therian, M|24\/100\n|-ability|p2a: Landorus|Intimidate|boost\n|-unboost|p1a: Arctozolt|atk|1\n|move|p1a: Arctozolt|Freeze-Dry|p2a: Landorus\n|-supereffective|p2a: Landorus\n|-damage|p2a: Landorus|0 fnt\n|faint|p2a: Landorus\n|\n|-damage|p1a: Arctozolt|13\/100 brn|[from] brn\n|upkeep\n|\n|t:|1667325757\n|switch|p2a: Tapu Lele|Tapu Lele|64\/100\n|-fieldstart|move: Psychic Terrain|[from] ability: Psychic Surge|[of] p2a: Tapu Lele\n|turn|18\n|\n|t:|1667325761\n|switch|p1a: Ninetales|Ninetales-Alola, M, shiny|11\/100\n|-weather|Hail|[from] ability: Snow Warning|[of] p1a: Ninetales\n|move|p2a: Tapu Lele|Psychic|p1a: Ninetales\n|-damage|p1a: Ninetales|0 fnt\n|faint|p1a: Ninetales\n|\n|-weather|Hail|[upkeep]\n|-damage|p2a: Tapu Lele|58\/100|[from] Hail\n|upkeep\n|\n|t:|1667325766\n|switch|p1a: Arctozolt|Arctozolt, shiny|13\/100 brn\n|turn|19\n|\n|t:|1667325775\n|move|p1a: Arctozolt|Freeze-Dry|p2a: Tapu Lele\n|-damage|p2a: Tapu Lele|35\/100\n|move|p2a: Tapu Lele|Psychic|p1a: Arctozolt\n|-damage|p1a: Arctozolt|0 fnt\n|faint|p1a: Arctozolt\n|\n|win|Shinjou Akane\n|raw|Takinah's rating: 1610 &rarr; <strong>1591<\/strong><br \/>(-19 for losing)\n|raw|Shinjou Akane's rating: 1631 &rarr; <strong>1650<\/strong><br \/>(+19 for winning)\n|l|\u2606Takinah\n||Ladder isn't responding, score probably updated but might not have (Request timeout).\n","uploadtime":1667325782,"views":13,"p1id":"takinah","p2id":"shinjouakane","formatid":"gen8ou","rating":1591,"private":0,"password":null}