{"id":"gen8ubers-1605261194","p1":"Turn 2","p2":"noob_omega","format":"gen8ubers","log":"|j|\u2606Turn 2\n|j|\u2606noob_omega\n|t:|1656338119\n|gametype|singles\n|player|p1|Turn 2|roxie|1187\n|player|p2|noob_omega|pokemonranger-gen4|1225\n|teamsize|p1|6\n|teamsize|p2|6\n|gen|8\n|tier|[Gen 8] Ubers\n|rated|\n|rule|Sleep Clause Mod: Limit one foe put to sleep\n|rule|Species Clause: Limit one of each Pok\u00e9mon\n|rule|OHKO Clause: OHKO moves are banned\n|rule|Evasion Moves Clause: Evasion moves are banned\n|rule|Endless Battle Clause: Forcing endless battles is banned\n|rule|HP Percentage Mod: HP is shown in percentages\n|rule|Dynamax Clause: You cannot dynamax\n|clearpoke\n|poke|p1|Mienshao, M|\n|poke|p1|Tornadus-Therian, M|\n|poke|p1|Toxapex, M|\n|poke|p1|Slowking-Galar, F|\n|poke|p1|Clefable, M|\n|poke|p1|Alakazam, M|\n|poke|p2|Rillaboom, M|\n|poke|p2|Cinderace, F|\n|poke|p2|Inteleon, M|\n|poke|p2|Marshadow|\n|poke|p2|Clefable, F|\n|poke|p2|Zygarde|\n|teampreview\n|inactive|Battle timer is ON: inactive players will automatically lose when time's up. (requested by noob_omega)\n|\n|t:|1656338129\n|start\n|switch|p1a: Mienshao|Mienshao, M|100\/100\n|switch|p2a: Zygarde|Zygarde|100\/100\n|turn|1\n|\n|t:|1656338137\n|move|p1a: Mienshao|U-turn|p2a: Zygarde\n|-damage|p2a: Zygarde|84\/100\n|\n|t:|1656338142\n|switch|p1a: Tornadus|Tornadus-Therian, M|100\/100|[from]move: U-turn\n|move|p2a: Zygarde|Substitute|p2a: Zygarde\n|-start|p2a: Zygarde|Substitute\n|-damage|p2a: Zygarde|59\/100\n|\n|-heal|p2a: Zygarde|65\/100|[from] item: Leftovers\n|upkeep\n|turn|2\n|\n|t:|1656338151\n|move|p1a: Tornadus|Icy Wind|p2a: Zygarde\n|-supereffective|p2a: Zygarde\n|-end|p2a: Zygarde|Substitute\n|move|p2a: Zygarde|Dragon Dance|p2a: Zygarde\n|-boost|p2a: Zygarde|atk|1\n|-boost|p2a: Zygarde|spe|1\n|\n|-heal|p2a: Zygarde|72\/100|[from] item: Leftovers\n|upkeep\n|turn|3\n|\n|t:|1656338166\n|move|p1a: Tornadus|Icy Wind|p2a: Zygarde\n|-supereffective|p2a: Zygarde\n|-damage|p2a: Zygarde|11\/100\n|-unboost|p2a: Zygarde|spe|1\n|move|p2a: Zygarde|Dragon Dance|p2a: Zygarde\n|-boost|p2a: Zygarde|atk|1\n|-boost|p2a: Zygarde|spe|1\n|\n|-heal|p2a: Zygarde|17\/100|[from] item: Leftovers\n|-activate|p2a: Zygarde|ability: Power Construct\n|detailschange|p2a: Zygarde|Zygarde-Complete\n|-heal|p2a: Zygarde|45\/100|[silent]\n|upkeep\n|turn|4\n|\n|t:|1656338180\n|move|p2a: Zygarde|Extreme Speed|p1a: Tornadus\n|-damage|p1a: Tornadus|31\/100\n|move|p1a: Tornadus|Icy Wind|p2a: Zygarde\n|-supereffective|p2a: Zygarde\n|-damage|p2a: Zygarde|9\/100\n|-unboost|p2a: Zygarde|spe|1\n|\n|-heal|p2a: Zygarde|15\/100|[from] item: Leftovers\n|upkeep\n|turn|5\n|\n|t:|1656338192\n|move|p2a: Zygarde|Extreme Speed|p1a: Tornadus\n|-damage|p1a: Tornadus|0 fnt\n|faint|p1a: Tornadus\n|\n|-heal|p2a: Zygarde|21\/100|[from] item: Leftovers\n|upkeep\n|\n|t:|1656338201\n|switch|p1a: Mienshao|Mienshao, M|100\/100\n|turn|6\n|\n|t:|1656338205\n|move|p2a: Zygarde|Extreme Speed|p1a: Mienshao\n|-damage|p1a: Mienshao|0 fnt\n|faint|p1a: Mienshao\n|\n|-heal|p2a: Zygarde|27\/100|[from] item: Leftovers\n|upkeep\n|-message|Turn 2 forfeited.\n|\n|win|noob_omega\n|raw|Turn 2's rating: 1187 &rarr; <strong>1165<\/strong><br \/>(-22 for losing)\n|raw|noob_omega's rating: 1225 &rarr; <strong>1247<\/strong><br \/>(+22 for winning)\n","uploadtime":1656338216,"views":4,"p1id":"turn2","p2id":"noobomega","formatid":"gen8ubers","rating":1165,"private":0,"password":null}