{"id":"gen8pu-1692850780","p1":"smoking is bad","p2":"Forwards","format":"gen8pu","log":"|j|\u2606smoking is bad\n|j|\u2606Forwards\n|t:|1666541094\n|gametype|singles\n|player|p1|smoking is bad|roughneck-gen4|\n|player|p2|Forwards|rollerskater|\n|teamsize|p1|6\n|teamsize|p2|6\n|gen|8\n|tier|[Gen 8] PU\n|rated|Tournament battle\n|rule|Sleep Clause Mod: Limit one foe put to sleep\n|rule|Species Clause: Limit one of each Pok\u00e9mon\n|rule|OHKO Clause: OHKO moves are banned\n|rule|Evasion Items Clause: Evasion items are banned\n|rule|Evasion Moves Clause: Evasion moves are banned\n|rule|Endless Battle Clause: Forcing endless battles is banned\n|rule|HP Percentage Mod: HP is shown in percentages\n|rule|Dynamax Clause: You cannot dynamax\n|clearpoke\n|poke|p1|Vikavolt, F|\n|poke|p1|Silvally-*|\n|poke|p1|Gallade, M|\n|poke|p1|Quagsire, F|\n|poke|p1|Gigalith, F|\n|poke|p1|Ribombee, M|\n|poke|p2|Charizard, F|\n|poke|p2|Whimsicott, M|\n|poke|p2|Swirlix, F|\n|poke|p2|Silvally-*|\n|poke|p2|Aurorus, F|\n|poke|p2|Sandslash, M|\n|teampreview\n|inactive|Battle timer is ON: inactive players will automatically lose when time's up. (requested by Forwards)\n|j| depistagepourtous\n|j|%Haffling\n|\n|t:|1666541123\n|start\n|switch|p1a: Vikavolt|Vikavolt, F|100\/100\n|switch|p2a: Swirlix|Swirlix, F|100\/100\n|turn|1\n|\n|t:|1666541130\n|move|p2a: Swirlix|Sticky Web|p1a: Vikavolt\n|-sidestart|p1: smoking is bad|move: Sticky Web\n|move|p1a: Vikavolt|Volt Switch|p2a: Swirlix\n|-enditem|p2a: Swirlix|Focus Sash\n|-damage|p2a: Swirlix|1\/100\n|\n|t:|1666541142\n|switch|p1a: Gallade|Gallade, M|100\/100|[from]move: Volt Switch\n|-activate|p1a: Gallade|move: Sticky Web\n|-unboost|p1a: Gallade|spe|1\n|\n|upkeep\n|turn|2\n|j| Chirsbbbb\n|\n|t:|1666541146\n|move|p1a: Gallade|Shadow Sneak|p2a: Swirlix\n|-damage|p2a: Swirlix|0 fnt\n|faint|p2a: Swirlix\n|\n|upkeep\n|\n|t:|1666541149\n|switch|p2a: Silvally|Silvally-Ghost|100\/100\n|turn|3\n|\n|t:|1666541155\n|switch|p1a: Quagsire|Quagsire, F|100\/100\n|move|p2a: Silvally|Multi-Attack|p1a: Quagsire\n|-damage|p1a: Quagsire|67\/100\n|\n|upkeep\n|turn|4\n|\n|t:|1666541161\n|switch|p2a: Aurorus|Aurorus, F|100\/100\n|move|p1a: Quagsire|Recover|p1a: Quagsire\n|-heal|p1a: Quagsire|100\/100\n|\n|upkeep\n|turn|5\n|j| ForretressWatching\n|inactive|smoking is bad has 120 seconds left.\n|l| ForretressWatching\n|inactive|smoking is bad has 90 seconds left.\n|\n|t:|1666541244\n|switch|p1a: Gigalith|Gigalith, F|100\/100\n|-activate|p1a: Gigalith|move: Sticky Web\n|-unboost|p1a: Gigalith|spe|1\n|-weather|Sandstorm|[from] ability: Sand Stream|[of] p1a: Gigalith\n|move|p2a: Aurorus|Meteor Beam||[still]\n|-prepare|p2a: Aurorus|Meteor Beam\n|-boost|p2a: Aurorus|spa|1\n|-enditem|p2a: Aurorus|Power Herb\n|-anim|p2a: Aurorus|Meteor Beam|p1a: Gigalith\n|-damage|p1a: Gigalith|55\/100\n|\n|-weather|Sandstorm|[upkeep]\n|-heal|p1a: Gigalith|61\/100|[from] item: Leftovers\n|upkeep\n|turn|6\n|\n|t:|1666541254\n|move|p1a: Gigalith|Protect|p1a: Gigalith\n|-singleturn|p1a: Gigalith|Protect\n|move|p2a: Aurorus|Earth Power|p1a: Gigalith\n|-activate|p1a: Gigalith|move: Protect\n|\n|-weather|Sandstorm|[upkeep]\n|-heal|p1a: Gigalith|68\/100|[from] item: Leftovers\n|upkeep\n|turn|7\n|l| Chirsbbbb\n|\n|t:|1666541266\n|move|p2a: Aurorus|Earth Power|p1a: Gigalith\n|-supereffective|p1a: Gigalith\n|-damage|p1a: Gigalith|22\/100\n|move|p1a: Gigalith|Rock Blast|p2a: Aurorus\n|-supereffective|p2a: Aurorus\n|-damage|p2a: Aurorus|76\/100\n|-supereffective|p2a: Aurorus\n|-damage|p2a: Aurorus|49\/100\n|-hitcount|p2a: Aurorus|2\n|\n|-weather|Sandstorm|[upkeep]\n|-heal|p1a: Gigalith|28\/100|[from] item: Leftovers\n|upkeep\n|turn|8\n|j| Karamount\n|\n|t:|1666541289\n|move|p2a: Aurorus|Hyper Voice|p1a: Gigalith\n|-damage|p1a: Gigalith|0 fnt\n|faint|p1a: Gigalith\n|\n|-weather|Sandstorm|[upkeep]\n|upkeep\n|inactive|smoking is bad has 60 seconds left.\n|\n|t:|1666541327\n|switch|p1a: Silvally|Silvally-Steel|100\/100\n|-activate|p1a: Silvally|move: Sticky Web\n|-unboost|p1a: Silvally|spe|1\n|turn|9\n|\n|t:|1666541337\n|move|p2a: Aurorus|Earth Power|p1a: Silvally\n|-supereffective|p1a: Silvally\n|-damage|p1a: Silvally|13\/100\n|move|p1a: Silvally|Multi-Attack|p2a: Aurorus\n|-supereffective|p2a: Aurorus\n|-damage|p2a: Aurorus|0 fnt\n|faint|p2a: Aurorus\n|\n|-weather|none\n|upkeep\n|\n|t:|1666541349\n|switch|p2a: Charizard|Charizard, F|100\/100\n|turn|10\n|\n|t:|1666541367\n|move|p2a: Charizard|Flamethrower|p1a: Silvally\n|-supereffective|p1a: Silvally\n|-damage|p1a: Silvally|0 fnt\n|faint|p1a: Silvally\n|\n|upkeep\n|inactive|smoking is bad has 30 seconds left.\n|\n|t:|1666541383\n|switch|p1a: Quagsire|Quagsire, F|100\/100\n|turn|11\n|inactive|smoking is bad has 30 seconds left.\n|\n|t:|1666541395\n|switch|p2a: Whimsicott|Whimsicott, M|100\/100\n|move|p1a: Quagsire|Toxic|p2a: Whimsicott\n|-status|p2a: Whimsicott|tox\n|\n|-damage|p2a: Whimsicott|94\/100 tox|[from] psn\n|upkeep\n|turn|12\n|inactive|smoking is bad has 30 seconds left.\n|\n|t:|1666541407\n|switch|p1a: Vikavolt|Vikavolt, F|100\/100\n|move|p2a: Whimsicott|Sunny Day|p2a: Whimsicott\n|-weather|SunnyDay\n|\n|-weather|SunnyDay|[upkeep]\n|-damage|p2a: Whimsicott|82\/100 tox|[from] psn\n|upkeep\n|turn|13\n|inactive|smoking is bad has 30 seconds left.\n|\n|t:|1666541420\n|move|p2a: Whimsicott|U-turn|p1a: Vikavolt\n|-damage|p1a: Vikavolt|87\/100\n|\n|t:|1666541423\n|switch|p2a: Sandslash|Sandslash, M|100\/100|[from]move: U-turn\n|move|p1a: Vikavolt|Substitute|p1a: Vikavolt\n|-start|p1a: Vikavolt|Substitute\n|-damage|p1a: Vikavolt|62\/100\n|\n|-weather|SunnyDay|[upkeep]\n|upkeep\n|turn|14\n|inactive|smoking is bad has 30 seconds left.\n|\n|t:|1666541442\n|move|p2a: Sandslash|Knock Off|p1a: Vikavolt\n|-end|p1a: Vikavolt|Substitute\n|-damage|p2a: Sandslash|91\/100|[from] item: Life Orb\n|move|p1a: Vikavolt|Bug Buzz|p2a: Sandslash\n|-damage|p2a: Sandslash|0 fnt\n|faint|p2a: Sandslash\n|\n|-weather|SunnyDay|[upkeep]\n|upkeep\n|\n|t:|1666541446\n|switch|p2a: Charizard|Charizard, F|100\/100\n|turn|15\n|inactive|smoking is bad has 30 seconds left.\n|\n|t:|1666541467\n|switch|p1a: Gallade|Gallade, M|100\/100\n|-activate|p1a: Gallade|move: Sticky Web\n|-unboost|p1a: Gallade|spe|1\n|move|p2a: Charizard|Weather Ball|p1a: Gallade\n|-damage|p1a: Gallade|0 fnt\n|faint|p1a: Gallade\n|\n|-weather|SunnyDay|[upkeep]\n|-damage|p2a: Charizard|88\/100|[from] ability: Solar Power|[of] p2a: Charizard\n|upkeep\n|inactive|smoking is bad has 30 seconds left this turn.\n|inactive|smoking is bad has 20 seconds left.\n|\n|t:|1666541479\n|switch|p1a: Quagsire|Quagsire, F|100\/100\n|turn|16\n|inactive|smoking is bad has 30 seconds left this turn.\n|\n|t:|1666541488\n|move|p2a: Charizard|Weather Ball|p1a: Quagsire\n|-resisted|p1a: Quagsire\n|-damage|p1a: Quagsire|5\/100\n|move|p1a: Quagsire|Recover|p1a: Quagsire\n|-heal|p1a: Quagsire|55\/100\n|\n|-weather|SunnyDay|[upkeep]\n|-damage|p2a: Charizard|76\/100|[from] ability: Solar Power|[of] p2a: Charizard\n|upkeep\n|turn|17\n|inactive|smoking is bad has 30 seconds left.\n|\n|t:|1666541500\n|move|p2a: Charizard|Weather Ball|p1a: Quagsire\n|-resisted|p1a: Quagsire\n|-damage|p1a: Quagsire|0 fnt\n|faint|p1a: Quagsire\n|\n|-weather|SunnyDay|[upkeep]\n|-damage|p2a: Charizard|63\/100|[from] ability: Solar Power|[of] p2a: Charizard\n|upkeep\n|inactive|smoking is bad has 30 seconds left this turn.\n|inactive|smoking is bad has 20 seconds left.\n|-message|smoking is bad forfeited.\n|\n|win|Forwards\n|inactive|smoking is bad has 25 seconds left this turn.\n|n|\u2606smoking is bad|smokingisbad\n|n|\u2606Forwards|forwards\n|n| depistagepourtous|depistagepourtous\n|n| Haffling|haffling\n|n| Karamount|karamount\n","uploadtime":1666541513,"views":8,"p1id":"smokingisbad","p2id":"forwards","formatid":"gen8pu","rating":0,"private":0,"password":null}