{"id":"gen8ou-1672555305","p1":"Gastouche42","p2":"EVERYOPPSHOT","format":"gen8ou","log":"|j|\u2606Gastouche42\n|j|\u2606EVERYOPPSHOT\n|inactive|Battle timer is ON: inactive players will automatically lose when time's up.\n|t:|1664380376\n|gametype|singles\n|player|p1|Gastouche42|n|\n|player|p2|EVERYOPPSHOT|wallace-gen3|\n|teamsize|p1|6\n|teamsize|p2|6\n|gen|8\n|tier|[Gen 8] OU\n|rated|Tournament battle\n|rule|Sleep Clause Mod: Limit one foe put to sleep\n|rule|Species Clause: Limit one of each Pok\u00e9mon\n|rule|OHKO Clause: OHKO moves are banned\n|rule|Evasion Items Clause: Evasion items are banned\n|rule|Evasion Moves Clause: Evasion moves are banned\n|rule|Endless Battle Clause: Forcing endless battles is banned\n|rule|HP Percentage Mod: HP is shown in percentages\n|rule|Dynamax Clause: You cannot dynamax\n|clearpoke\n|poke|p1|Pelipper, F|\n|poke|p1|Ferrothorn, F|\n|poke|p1|Zapdos|\n|poke|p1|Barraskewda, M|\n|poke|p1|Crawdaunt, F|\n|poke|p1|Seismitoad, F|\n|poke|p2|Mew|\n|poke|p2|Blaziken, M|\n|poke|p2|Scizor, F|\n|poke|p2|Garchomp, F|\n|poke|p2|Ninetales-Alola, F|\n|poke|p2|Dragapult, M|\n|teampreview\n|j| Rotfront\n|j|%Sww-Suwa\n|j|+blooclipse\n|c|\u2606Gastouche42|glhf\n|j| sufys12\n|c|%Sww-Suwa|yo\n|j| SkipTheDripBayless\n|c|\u2606EVERYOPPSHOT|u2\n|c|%Sww-Suwa|lmao\n|j| svenno\n|j| appletreeguy\n|c| SkipTheDripBayless|oppa stoppa oh\n|c|\u2606EVERYOPPSHOT|gllttt baow\n|c|%Sww-Suwa|bro you super lost\n|c|\u2606EVERYOPPSHOT|;-;\n|c|+blooclipse|lmao\n|c|\u2606EVERYOPPSHOT|noooooooooooo\n|inactive|Gastouche42 has 120 seconds left.\n|c|+blooclipse|insta schmixed by ninetales\n|\n|t:|1664380408\n|start\n|switch|p1a: Pelipper|Pelipper, F|100\/100\n|switch|p2a: Mew|Mew|100\/100\n|-weather|RainDance|[from] ability: Drizzle|[of] p1a: Pelipper\n|turn|1\n|j| LaughingJackass\n|\n|t:|1664380414\n|move|p2a: Mew|Stealth Rock|p1a: Pelipper\n|-sidestart|p1: Gastouche42|move: Stealth Rock\n|move|p1a: Pelipper|U-turn|p2a: Mew\n|-supereffective|p2a: Mew\n|-damage|p2a: Mew|86\/100\n|\n|t:|1664380423\n|switch|p1a: Crawdaunt|Crawdaunt, F|100\/100|[from]move: U-turn\n|-damage|p1a: Crawdaunt|88\/100|[from] Stealth Rock\n|\n|-weather|RainDance|[upkeep]\n|upkeep\n|turn|2\n|\n|t:|1664380429\n|move|p2a: Mew|Explosion|p1a: Crawdaunt\n|-damage|p1a: Crawdaunt|0 fnt\n|faint|p2a: Mew\n|faint|p1a: Crawdaunt\n|\n|-weather|RainDance|[upkeep]\n|upkeep\n|c|\u2606EVERYOPPSHOT|THREAT NEUTRALIZED\n|\n|t:|1664380439\n|switch|p2a: Ninetales|Ninetales-Alola, F, shiny|100\/100\n|switch|p1a: Barraskewda|Barraskewda, M|100\/100\n|-damage|p1a: Barraskewda|88\/100|[from] Stealth Rock\n|-weather|Hail|[from] ability: Snow Warning|[of] p2a: Ninetales\n|turn|3\n|j| Hazardeur\n|\n|t:|1664380447\n|move|p2a: Ninetales|Freeze-Dry|p1a: Barraskewda\n|-supereffective|p1a: Barraskewda\n|-damage|p1a: Barraskewda|0 fnt\n|faint|p1a: Barraskewda\n|\n|-weather|Hail|[upkeep]\n|upkeep\n|c|\u2606EVERYOPPSHOT|THREAT ALSO NEUTRALIZED\n|c|%Sww-Suwa|that's my gurl\n|\n|t:|1664380461\n|switch|p1a: Ferrothorn|Ferrothorn, F|100\/100\n|-damage|p1a: Ferrothorn|95\/100|[from] Stealth Rock\n|turn|4\n|c| LaughingJackass|stealing this team\n|\n|t:|1664380465\n|switch|p2a: Garchomp|Garchomp, F|100\/100\n|move|p1a: Ferrothorn|Leech Seed|p2a: Garchomp|[miss]\n|-miss|p1a: Ferrothorn|p2a: Garchomp\n|\n|-weather|Hail|[upkeep]\n|-damage|p2a: Garchomp|94\/100|[from] Hail\n|-damage|p1a: Ferrothorn|89\/100|[from] Hail\n|upkeep\n|turn|5\n|c| sufys12|lmao\n|c| LaughingJackass|thanks\n|c| sufys12|atales wow\n|c|\u2606EVERYOPPSHOT|it was a gift\n|\n|t:|1664380483\n|switch|p1a: Pelipper|Pelipper, F|100\/100\n|-damage|p1a: Pelipper|76\/100|[from] Stealth Rock\n|-weather|RainDance|[from] ability: Drizzle|[of] p1a: Pelipper\n|move|p2a: Garchomp|Swords Dance|p2a: Garchomp\n|-boost|p2a: Garchomp|atk|2\n|\n|-weather|RainDance|[upkeep]\n|upkeep\n|turn|6\n|\n|t:|1664380491\n|move|p2a: Garchomp|Scale Shot|p1a: Pelipper|[miss]\n|-miss|p2a: Garchomp|p1a: Pelipper\n|move|p1a: Pelipper|Defog|p2a: Garchomp\n|-unboost|p2a: Garchomp|evasion|1\n|-sideend|p1: Gastouche42|Stealth Rock|[from] move: Defog|[of] p1a: Pelipper\n|\n|-weather|RainDance|[upkeep]\n|upkeep\n|turn|7\n|c|+blooclipse|blaze scizor encore ver my beloved\n|\n|t:|1664380499\n|switch|p1a: Ferrothorn|Ferrothorn, F|89\/100\n|move|p2a: Garchomp|Scale Shot|p1a: Ferrothorn\n|-resisted|p1a: Ferrothorn\n|-damage|p1a: Ferrothorn|81\/100\n|-resisted|p1a: Ferrothorn\n|-damage|p1a: Ferrothorn|73\/100\n|-hitcount|p1a: Ferrothorn|2\n|-unboost|p2a: Garchomp|def|1\n|-boost|p2a: Garchomp|spe|1\n|\n|-weather|RainDance|[upkeep]\n|upkeep\n|turn|8\n|c|%Sww-Suwa|the encore ver with no encore\n|\n|t:|1664380510\n|move|p2a: Garchomp|Earthquake|p1a: Ferrothorn\n|-damage|p1a: Ferrothorn|16\/100\n|move|p1a: Ferrothorn|Leech Seed|p2a: Garchomp\n|-start|p2a: Garchomp|move: Leech Seed\n|\n|-weather|RainDance|[upkeep]\n|-damage|p2a: Garchomp|82\/100|[from] Leech Seed|[of] p1a: Ferrothorn\n|-heal|p1a: Ferrothorn|28\/100|[silent]\n|upkeep\n|turn|9\n|c| sufys12|tf\n|c|+blooclipse|you named it mf\n|\n|t:|1664380522\n|move|p2a: Garchomp|Scale Shot|p1a: Ferrothorn\n|-resisted|p1a: Ferrothorn\n|-damage|p1a: Ferrothorn|20\/100\n|-resisted|p1a: Ferrothorn\n|-damage|p1a: Ferrothorn|12\/100\n|-resisted|p1a: Ferrothorn\n|-damage|p1a: Ferrothorn|5\/100\n|-hitcount|p1a: Ferrothorn|3\n|-unboost|p2a: Garchomp|def|1\n|-boost|p2a: Garchomp|spe|1\n|move|p1a: Ferrothorn|Knock Off|p2a: Garchomp\n|-crit|p2a: Garchomp\n|-damage|p2a: Garchomp|15\/100\n|-damage|p1a: Ferrothorn|0 fnt|[from] ability: Rough Skin|[of] p2a: Garchomp\n|faint|p1a: Ferrothorn\n|\n|-weather|RainDance|[upkeep]\n|upkeep\n|c|%Sww-Suwa|i did lmao\n|\n|t:|1664380536\n|switch|p1a: Seismitoad|Seismitoad, F|100\/100\n|turn|10\n|\n|t:|1664380542\n|move|p2a: Garchomp|Earthquake|p1a: Seismitoad\n|-damage|p1a: Seismitoad|0 fnt\n|faint|p1a: Seismitoad\n|\n|-weather|RainDance|[upkeep]\n|upkeep\n|l| Hazardeur\n|c|\u2606Gastouche42|didnt expect that\n|\n|t:|1664380557\n|switch|p1a: Zapdos|Zapdos|100\/100\n|turn|11\n|\n|t:|1664380562\n|move|p2a: Garchomp|Scale Shot|p1a: Zapdos\n|-damage|p1a: Zapdos|68\/100\n|-damage|p1a: Zapdos|35\/100\n|-damage|p1a: Zapdos|4\/100\n|-hitcount|p1a: Zapdos|3\n|-unboost|p2a: Garchomp|def|1\n|-boost|p2a: Garchomp|spe|1\n|move|p1a: Zapdos|Hurricane|p2a: Garchomp\n|-damage|p2a: Garchomp|0 fnt\n|faint|p2a: Garchomp\n|\n|-weather|RainDance|[upkeep]\n|upkeep\n|\n|t:|1664380570\n|switch|p2a: Ninetales|Ninetales-Alola, F, shiny|100\/100\n|-weather|Hail|[from] ability: Snow Warning|[of] p2a: Ninetales\n|turn|12\n|c|%Sww-Suwa|my gurl is about to do it\n|c| sufys12|lmao\n|j| valvalou\n|\n|t:|1664380578\n|switch|p1a: Pelipper|Pelipper, F|76\/100\n|-weather|RainDance|[from] ability: Drizzle|[of] p1a: Pelipper\n|move|p2a: Ninetales|Freeze-Dry|p1a: Pelipper\n|-supereffective|p1a: Pelipper\n|-damage|p1a: Pelipper|0 fnt\n|faint|p1a: Pelipper\n|\n|-weather|RainDance|[upkeep]\n|upkeep\n|c|\u2606EVERYOPPSHOT|gee gee\n|\n|t:|1664380585\n|switch|p1a: Zapdos|Zapdos|4\/100\n|turn|13\n|c| sufys12|scarf atales wins again.\n|c|\u2606EVERYOPPSHOT|everything dead >.<\n|\n|t:|1664380591\n|move|p2a: Ninetales|Freeze-Dry|p1a: Zapdos\n|-supereffective|p1a: Zapdos\n|-crit|p1a: Zapdos\n|-damage|p1a: Zapdos|0 fnt\n|faint|p1a: Zapdos\n|\n|win|EVERYOPPSHOT\n|n|\u2606Gastouche42|gastouche42\n|n|\u2606EVERYOPPSHOT|everyoppshot\n|n| Rotfront|rotfront\n|n| Sww-Suwa|swwsuwa\n|n| blooclipse|blooclipse\n|n| sufys12|sufys12\n|n| SkipTheDripBayless|skipthedripbayless\n|n| svenno|svenno\n|n| appletreeguy|appletreeguy\n|n| LaughingJackass|laughingjackass\n|n| valvalou|valvalou\n","uploadtime":1664380592,"views":6,"p1id":"gastouche42","p2id":"everyoppshot","formatid":"gen8ou","rating":0,"private":0,"password":null}