{"id":"gen8uu-1110737719","p1":"goran el draco","p2":"0tohero","format":"gen8uu","log":"|j|\u203dgoran el draco\n|j|\u26060tohero\n|player|p1|goran el draco|n|1567\n|player|p2|0tohero|169|1418\n|teamsize|p1|6\n|teamsize|p2|6\n|gametype|singles\n|gen|8\n|tier|[Gen 8] UU\n|rated|\n|clearpoke\n|poke|p1|Blastoise, M|\n|poke|p1|Umbreon, F|\n|poke|p1|Sirfetch'd, M|\n|poke|p1|Toxtricity, F|\n|poke|p1|Rhyperior, M|\n|poke|p1|Cobalion|\n|poke|p2|Barbaracle, M|\n|poke|p2|Accelgor, M|\n|poke|p2|Polteageist|\n|poke|p2|Haxorus, F|\n|poke|p2|Toxtricity, M|\n|poke|p2|Cobalion|\n|rule|Sleep Clause Mod: Limit one foe put to sleep\n|rule|Species Clause: Limit one of each Pok\u00e9mon\n|rule|OHKO Clause: OHKO moves are banned\n|rule|Evasion Moves Clause: Evasion moves are banned\n|rule|Endless Battle Clause: Forcing endless battles is banned\n|rule|HP Percentage Mod: HP is shown in percentages\n|rule|Dynamax Clause: You cannot dynamax\n|teampreview\n|inactive|Battle timer is ON: inactive players will automatically lose when time's up. (requested by 0tohero)\n|\n|start\n|switch|p1a: Toxtricity|Toxtricity, F|100\/100\n|switch|p2a: Accelgor|Accelgor, M|100\/100\n|turn|1\n|\n|move|p2a: Accelgor|Final Gambit|p1a: Toxtricity\n|-damage|p1a: Toxtricity|0 fnt\n|faint|p2a: Accelgor\n|faint|p1a: Toxtricity\n|\n|upkeep\n|\n|switch|p2a: Barbaracle|Barbaracle, M|100\/100\n|switch|p1a: Rhyperior|Rhyperior, M|100\/100\n|turn|2\n|\n|move|p2a: Barbaracle|Liquidation|p1a: Rhyperior\n|-supereffective|p1a: Rhyperior\n|-damage|p1a: Rhyperior|24\/100\n|move|p1a: Rhyperior|Stealth Rock|p2a: Barbaracle\n|-sidestart|p2: 0tohero|move: Stealth Rock\n|\n|-heal|p1a: Rhyperior|30\/100|[from] item: Leftovers\n|upkeep\n|turn|3\n|\n|move|p2a: Barbaracle|Shell Smash|p2a: Barbaracle\n|-unboost|p2a: Barbaracle|def|1\n|-unboost|p2a: Barbaracle|spd|1\n|-boost|p2a: Barbaracle|atk|2\n|-boost|p2a: Barbaracle|spa|2\n|-boost|p2a: Barbaracle|spe|2\n|move|p1a: Rhyperior|Roar|p2a: Barbaracle\n|drag|p2a: Cobalion|Cobalion|100\/100\n|-damage|p2a: Cobalion|98\/100|[from] Stealth Rock\n|\n|-heal|p1a: Rhyperior|36\/100|[from] item: Leftovers\n|upkeep\n|turn|4\n|\n|move|p2a: Cobalion|Close Combat|p1a: Rhyperior\n|-supereffective|p1a: Rhyperior\n|-damage|p1a: Rhyperior|2\/100\n|-unboost|p2a: Cobalion|def|1\n|-unboost|p2a: Cobalion|spd|1\n|move|p1a: Rhyperior|Earthquake|p2a: Cobalion\n|-supereffective|p2a: Cobalion\n|-enditem|p2a: Cobalion|Shuca Berry|[eat]\n|-enditem|p2a: Cobalion|Shuca Berry|[weaken]\n|-damage|p2a: Cobalion|45\/100\n|\n|-heal|p1a: Rhyperior|8\/100|[from] item: Leftovers\n|upkeep\n|turn|5\n|\n|move|p2a: Cobalion|Close Combat|p1a: Rhyperior\n|-supereffective|p1a: Rhyperior\n|-damage|p1a: Rhyperior|0 fnt\n|-unboost|p2a: Cobalion|def|1\n|-unboost|p2a: Cobalion|spd|1\n|faint|p1a: Rhyperior\n|\n|upkeep\n|\n|switch|p1a: Blastoise|Blastoise, M|100\/100\n|turn|6\n|\n|move|p2a: Cobalion|Rock Polish|p2a: Cobalion\n|-boost|p2a: Cobalion|spe|2\n|move|p1a: Blastoise|Shell Smash|p1a: Blastoise\n|-unboost|p1a: Blastoise|def|1\n|-unboost|p1a: Blastoise|spd|1\n|-boost|p1a: Blastoise|atk|2\n|-boost|p1a: Blastoise|spa|2\n|-boost|p1a: Blastoise|spe|2\n|\n|upkeep\n|turn|7\n|\n|move|p2a: Cobalion|Iron Head|p1a: Blastoise\n|-resisted|p1a: Blastoise\n|-damage|p1a: Blastoise|74\/100\n|move|p1a: Blastoise|Surf|p2a: Cobalion\n|-damage|p2a: Cobalion|0 fnt\n|faint|p2a: Cobalion\n|\n|upkeep\n|\n|switch|p2a: Haxorus|Haxorus, F|100\/100\n|-damage|p2a: Haxorus|88\/100|[from] Stealth Rock\n|-ability|p2a: Haxorus|Mold Breaker\n|turn|8\n|\n|move|p1a: Blastoise|Protect|p1a: Blastoise\n|-singleturn|p1a: Blastoise|Protect\n|move|p2a: Haxorus|First Impression|p1a: Blastoise\n|-activate|p1a: Blastoise|move: Protect\n|\n|upkeep\n|turn|9\n|\n|move|p1a: Blastoise|Ice Beam|p2a: Haxorus\n|-supereffective|p2a: Haxorus\n|-damage|p2a: Haxorus|0 fnt\n|faint|p2a: Haxorus\n|\n|upkeep\n|-message|0tohero forfeited.\n|\n|win|goran el draco\n|l|\u26060tohero\n|raw|goran el draco's rating: 1576 &rarr; <strong>1587<\/strong><br \/>(+11 for winning)\n|raw|0tohero's rating: 1418 &rarr; <strong>1406<\/strong><br \/>(-12 for losing)\n","uploadtime":1588903726,"views":31,"p1id":"goraneldraco","p2id":"0tohero","formatid":"gen8uu","rating":1406,"private":0,"password":null}