{"id":"gen8bdspou-1484437019","p1":"Buhrito","p2":"hanging triangle","format":"gen8bdspou","log":"|j|\u2606Buhrito\n|j|\u203dhanging triangle\n|t:|1641194270\n|gametype|singles\n|player|p1|Buhrito|birdkeeper-gen3rs|1680\n|player|p2|hanging triangle|lance-gen2|1580\n|teamsize|p1|6\n|teamsize|p2|6\n|gen|8\n|tier|[Gen 8 BDSP] OU\n|rated|\n|rule|Sleep Clause Mod: Limit one foe put to sleep\n|rule|Species Clause: Limit one of each Pok\u00e9mon\n|rule|OHKO Clause: OHKO moves are banned\n|rule|Evasion Moves Clause: Evasion moves are banned\n|rule|Endless Battle Clause: Forcing endless battles is banned\n|rule|HP Percentage Mod: HP is shown in percentages\n|clearpoke\n|poke|p1|Mamoswine, F|\n|poke|p1|Scizor, M|\n|poke|p1|Jirachi|\n|poke|p1|Rotom-Wash|\n|poke|p1|Tyranitar, F|\n|poke|p1|Starmie|\n|poke|p2|Gliscor, M|\n|poke|p2|Tangrowth, F|\n|poke|p2|Heatran, M|\n|poke|p2|Clefable, F|\n|poke|p2|Starmie|\n|poke|p2|Crawdaunt, M|\n|teampreview\n|j| Espeon Tails\n|\n|t:|1641194281\n|start\n|switch|p1a: Rotom|Rotom-Wash|100\/100\n|switch|p2a: Starmie|Starmie, shiny|100\/100\n|turn|1\n|\n|t:|1641194284\n|switch|p2a: Tangrowth|Tangrowth, F, shiny|100\/100\n|move|p1a: Rotom|Volt Switch|p2a: Tangrowth\n|-resisted|p2a: Tangrowth\n|-damage|p2a: Tangrowth|82\/100\n|\n|t:|1641194292\n|switch|p1a: Scizor|Scizor, M|100\/100|[from]move: Volt Switch\n|\n|-heal|p2a: Tangrowth|88\/100|[from] item: Leftovers\n|upkeep\n|turn|2\n|\n|t:|1641194294\n|switch|p2a: Heatran|Heatran, M|100\/100\n|move|p1a: Scizor|U-turn|p2a: Heatran\n|-resisted|p2a: Heatran\n|-damage|p2a: Heatran|94\/100\n|-status|p1a: Scizor|brn|[from] ability: Flame Body|[of] p2a: Heatran\n|\n|t:|1641194298\n|switch|p1a: Starmie|Starmie|100\/100|[from]move: U-turn\n|\n|-heal|p2a: Heatran|100\/100|[from] item: Leftovers\n|upkeep\n|turn|3\n|\n|t:|1641194306\n|switch|p2a: Tangrowth|Tangrowth, F, shiny|100\/100\n|move|p1a: Starmie|Hydro Pump|p2a: Tangrowth\n|-resisted|p2a: Tangrowth\n|-damage|p2a: Tangrowth|32\/100\n|\n|-heal|p2a: Tangrowth|38\/100|[from] item: Leftovers\n|upkeep\n|turn|4\n|\n|t:|1641194314\n|move|p1a: Starmie|Hydro Pump|p2a: Tangrowth\n|-resisted|p2a: Tangrowth\n|-damage|p2a: Tangrowth|0 fnt\n|faint|p2a: Tangrowth\n|\n|upkeep\n|\n|t:|1641194319\n|switch|p2a: Crawdaunt|Crawdaunt, M|100\/100\n|turn|5\n|\n|t:|1641194328\n|switch|p1a: Scizor|Scizor, M|100\/100 brn\n|move|p2a: Crawdaunt|Crabhammer|p1a: Scizor\n|-damage|p1a: Scizor|31\/100 brn\n|-damage|p2a: Crawdaunt|91\/100|[from] item: Life Orb\n|\n|-heal|p1a: Scizor|38\/100 brn|[from] item: Leftovers\n|-damage|p1a: Scizor|31\/100 brn|[from] brn\n|upkeep\n|turn|6\n|\n|t:|1641194349\n|move|p2a: Crawdaunt|Aqua Jet|p1a: Scizor\n|-crit|p1a: Scizor\n|-damage|p1a: Scizor|0 fnt\n|faint|p1a: Scizor\n|-damage|p2a: Crawdaunt|81\/100|[from] item: Life Orb\n|\n|upkeep\n|\n|t:|1641194353\n|switch|p1a: Rotom|Rotom-Wash|100\/100\n|turn|7\n|\n|t:|1641194363\n|switch|p2a: Clefable|Clefable, F, shiny|100\/100\n|move|p1a: Rotom|Volt Switch|p2a: Clefable\n|-damage|p2a: Clefable|75\/100\n|\n|t:|1641194368\n|switch|p1a: Jirachi|Jirachi|100\/100|[from]move: Volt Switch\n|\n|-heal|p2a: Clefable|81\/100|[from] item: Leftovers\n|upkeep\n|turn|8\n|\n|t:|1641194376\n|move|p1a: Jirachi|Doom Desire|p2a: Clefable\n|-start|p1a: Jirachi|Doom Desire\n|move|p2a: Clefable|Calm Mind|p2a: Clefable\n|-boost|p2a: Clefable|spa|1\n|-boost|p2a: Clefable|spd|1\n|\n|-heal|p2a: Clefable|88\/100|[from] item: Leftovers\n|upkeep\n|turn|9\n|\n|t:|1641194383\n|move|p1a: Jirachi|Stealth Rock|p2a: Clefable\n|-sidestart|p2: hanging triangle|move: Stealth Rock\n|move|p2a: Clefable|Flamethrower|p1a: Jirachi\n|-supereffective|p1a: Jirachi\n|-damage|p1a: Jirachi|62\/100\n|\n|-heal|p1a: Jirachi|69\/100|[from] item: Leftovers\n|-heal|p2a: Clefable|94\/100|[from] item: Leftovers\n|upkeep\n|turn|10\n|\n|t:|1641194387\n|switch|p2a: Heatran|Heatran, M|100\/100\n|-damage|p2a: Heatran|88\/100|[from] Stealth Rock\n|move|p1a: Jirachi|U-turn|p2a: Heatran\n|-resisted|p2a: Heatran\n|-damage|p2a: Heatran|85\/100\n|\n|t:|1641194389\n|switch|p1a: Starmie|Starmie|100\/100|[from]move: U-turn\n|\n|-end|p2a: Heatran|move: Doom Desire\n|-resisted|p2a: Heatran\n|-damage|p2a: Heatran|77\/100\n|-heal|p2a: Heatran|83\/100|[from] item: Leftovers\n|upkeep\n|turn|11\n|\n|t:|1641194391\n|move|p2a: Heatran|Protect|p2a: Heatran\n|-singleturn|p2a: Heatran|Protect\n|move|p1a: Starmie|Hydro Pump|p2a: Heatran\n|-activate|p2a: Heatran|move: Protect\n|\n|-heal|p2a: Heatran|90\/100|[from] item: Leftovers\n|upkeep\n|turn|12\n|\n|t:|1641194399\n|move|p1a: Starmie|Hydro Pump|p2a: Heatran\n|-supereffective|p2a: Heatran\n|-damage|p2a: Heatran|4\/100\n|move|p2a: Heatran|Stealth Rock|p1a: Starmie\n|-sidestart|p1: Buhrito|move: Stealth Rock\n|\n|-heal|p2a: Heatran|10\/100|[from] item: Leftovers\n|upkeep\n|turn|13\n|\n|t:|1641194406\n|move|p1a: Starmie|Hydro Pump|p2a: Heatran\n|-supereffective|p2a: Heatran\n|-damage|p2a: Heatran|0 fnt\n|faint|p2a: Heatran\n|\n|upkeep\n|\n|t:|1641194431\n|switch|p2a: Starmie|Starmie, shiny|100\/100\n|-damage|p2a: Starmie|88\/100|[from] Stealth Rock\n|turn|14\n|\n|t:|1641194439\n|switch|p1a: Jirachi|Jirachi|69\/100\n|-damage|p1a: Jirachi|62\/100|[from] Stealth Rock\n|move|p2a: Starmie|Hydro Pump|p1a: Jirachi\n|-damage|p1a: Jirachi|7\/100\n|\n|-heal|p1a: Jirachi|13\/100|[from] item: Leftovers\n|upkeep\n|turn|15\n|\n|t:|1641194447\n|move|p1a: Jirachi|Protect|p1a: Jirachi\n|-singleturn|p1a: Jirachi|Protect\n|move|p2a: Starmie|Hydro Pump|p1a: Jirachi\n|-activate|p1a: Jirachi|move: Protect\n|\n|-heal|p1a: Jirachi|19\/100|[from] item: Leftovers\n|upkeep\n|turn|16\n|\n|t:|1641194452\n|move|p2a: Starmie|Hydro Pump|p1a: Jirachi\n|-damage|p1a: Jirachi|0 fnt\n|faint|p1a: Jirachi\n|\n|upkeep\n|\n|t:|1641194454\n|switch|p1a: Rotom|Rotom-Wash|100\/100\n|-damage|p1a: Rotom|88\/100|[from] Stealth Rock\n|turn|17\n|\n|t:|1641194463\n|switch|p2a: Gliscor|Gliscor, M|100\/100\n|-damage|p2a: Gliscor|88\/100|[from] Stealth Rock\n|move|p1a: Rotom|Will-O-Wisp|p2a: Gliscor\n|-status|p2a: Gliscor|brn\n|\n|-heal|p1a: Rotom|94\/100|[from] item: Leftovers\n|-damage|p2a: Gliscor|82\/100 brn|[from] brn\n|upkeep\n|turn|18\n|j| ogsb\n|\n|t:|1641194470\n|move|p2a: Gliscor|U-turn|p1a: Rotom\n|-damage|p1a: Rotom|88\/100\n|\n|t:|1641194473\n|switch|p2a: Clefable|Clefable, F, shiny|94\/100|[from]move: U-turn\n|-damage|p2a: Clefable|81\/100|[from] Stealth Rock\n|move|p1a: Rotom|Nasty Plot|p1a: Rotom\n|-boost|p1a: Rotom|spa|2\n|\n|-heal|p1a: Rotom|95\/100|[from] item: Leftovers\n|-heal|p2a: Clefable|87\/100|[from] item: Leftovers\n|upkeep\n|turn|19\n|\n|t:|1641194477\n|move|p1a: Rotom|Will-O-Wisp|p2a: Clefable|[miss]\n|-miss|p1a: Rotom|p2a: Clefable\n|move|p2a: Clefable|Moonlight|p2a: Clefable\n|-heal|p2a: Clefable|100\/100\n|\n|-heal|p1a: Rotom|100\/100|[from] item: Leftovers\n|upkeep\n|turn|20\n|\n|t:|1641194480\n|move|p1a: Rotom|Will-O-Wisp|p2a: Clefable\n|-status|p2a: Clefable|brn\n|move|p2a: Clefable|Calm Mind|p2a: Clefable\n|-boost|p2a: Clefable|spa|1\n|-boost|p2a: Clefable|spd|1\n|\n|-damage|p2a: Clefable|94\/100 brn|[from] brn\n|upkeep\n|turn|21\n|\n|t:|1641194486\n|move|p1a: Rotom|Volt Switch|p2a: Clefable\n|-damage|p2a: Clefable|78\/100 brn\n|\n|t:|1641194489\n|switch|p1a: Tyranitar|Tyranitar, F|100\/100|[from]move: Volt Switch\n|-damage|p1a: Tyranitar|88\/100|[from] Stealth Rock\n|-weather|Sandstorm|[from] ability: Sand Stream|[of] p1a: Tyranitar\n|move|p2a: Clefable|Calm Mind|p2a: Clefable\n|-boost|p2a: Clefable|spa|1\n|-boost|p2a: Clefable|spd|1\n|\n|-weather|Sandstorm|[upkeep]\n|-damage|p2a: Clefable|72\/100 brn|[from] Sandstorm\n|-heal|p2a: Clefable|78\/100 brn|[from] item: Leftovers\n|-damage|p2a: Clefable|72\/100 brn|[from] brn\n|upkeep\n|turn|22\n|\n|t:|1641194492\n|move|p1a: Tyranitar|Stone Edge|p2a: Clefable\n|-damage|p2a: Clefable|8\/100 brn\n|move|p2a: Clefable|Moonlight|p2a: Clefable\n|-heal|p2a: Clefable|33\/100 brn\n|\n|-weather|Sandstorm|[upkeep]\n|-damage|p2a: Clefable|27\/100 brn|[from] Sandstorm\n|-heal|p2a: Clefable|33\/100 brn|[from] item: Leftovers\n|-damage|p2a: Clefable|27\/100 brn|[from] brn\n|upkeep\n|turn|23\n|\n|t:|1641194496\n|move|p1a: Tyranitar|Stone Edge|p2a: Clefable|[miss]\n|-miss|p1a: Tyranitar|p2a: Clefable\n|move|p2a: Clefable|Moonblast|p1a: Tyranitar\n|-supereffective|p1a: Tyranitar\n|-damage|p1a: Tyranitar|9\/100\n|\n|-weather|Sandstorm|[upkeep]\n|-damage|p2a: Clefable|21\/100 brn|[from] Sandstorm\n|-heal|p2a: Clefable|27\/100 brn|[from] item: Leftovers\n|-damage|p2a: Clefable|21\/100 brn|[from] brn\n|upkeep\n|turn|24\n|\n|t:|1641194499\n|move|p1a: Tyranitar|Stone Edge|p2a: Clefable\n|-damage|p2a: Clefable|0 fnt\n|faint|p2a: Clefable\n|\n|-weather|Sandstorm|[upkeep]\n|upkeep\n|\n|t:|1641194506\n|switch|p2a: Gliscor|Gliscor, M|82\/100 brn\n|-damage|p2a: Gliscor|69\/100 brn|[from] Stealth Rock\n|turn|25\n|\n|t:|1641194510\n|move|p2a: Gliscor|U-turn|p1a: Tyranitar\n|-supereffective|p1a: Tyranitar\n|-damage|p1a: Tyranitar|0 fnt\n|faint|p1a: Tyranitar\n|\n|t:|1641194535\n|switch|p2a: Crawdaunt|Crawdaunt, M|81\/100|[from]move: U-turn\n|-damage|p2a: Crawdaunt|69\/100|[from] Stealth Rock\n|\n|-weather|none\n|upkeep\n|\n|t:|1641194558\n|switch|p1a: Mamoswine|Mamoswine, F|100\/100\n|-damage|p1a: Mamoswine|88\/100|[from] Stealth Rock\n|turn|26\n|\n|t:|1641194573\n|move|p2a: Crawdaunt|Aqua Jet|p1a: Mamoswine\n|-supereffective|p1a: Mamoswine\n|-damage|p1a: Mamoswine|0 fnt\n|faint|p1a: Mamoswine\n|-damage|p2a: Crawdaunt|59\/100|[from] item: Life Orb\n|\n|upkeep\n|\n|t:|1641194588\n|switch|p1a: Starmie|Starmie|100\/100\n|-damage|p1a: Starmie|88\/100|[from] Stealth Rock\n|turn|27\n|\n|t:|1641194609\n|switch|p2a: Gliscor|Gliscor, M|69\/100 brn\n|-damage|p2a: Gliscor|57\/100 brn|[from] Stealth Rock\n|move|p1a: Starmie|Hydro Pump|p2a: Gliscor\n|-supereffective|p2a: Gliscor\n|-damage|p2a: Gliscor|0 fnt\n|faint|p2a: Gliscor\n|\n|upkeep\n|\n|t:|1641194612\n|switch|p2a: Starmie|Starmie, shiny|88\/100\n|-damage|p2a: Starmie|76\/100|[from] Stealth Rock\n|turn|28\n|l| ogsb\n|\n|t:|1641194639\n|switch|p1a: Rotom|Rotom-Wash|100\/100\n|-damage|p1a: Rotom|88\/100|[from] Stealth Rock\n|move|p2a: Starmie|Thunderbolt|p1a: Rotom\n|-damage|p1a: Rotom|32\/100\n|\n|-heal|p1a: Rotom|38\/100|[from] item: Leftovers\n|upkeep\n|turn|29\n|\n|t:|1641194643\n|move|p2a: Starmie|Thunderbolt|p1a: Rotom\n|-damage|p1a: Rotom|0 fnt\n|faint|p1a: Rotom\n|\n|upkeep\n|\n|t:|1641194647\n|switch|p1a: Starmie|Starmie|88\/100\n|-damage|p1a: Starmie|76\/100|[from] Stealth Rock\n|turn|30\n|\n|t:|1641194651\n|move|p2a: Starmie|Thunderbolt|p1a: Starmie\n|-supereffective|p1a: Starmie\n|-damage|p1a: Starmie|0 fnt\n|faint|p1a: Starmie\n|\n|win|hanging triangle\n|raw|Buhrito's rating: 1680 &rarr; <strong>1654<\/strong><br \/>(-26 for losing)\n|raw|hanging triangle's rating: 1580 &rarr; <strong>1606<\/strong><br \/>(+26 for winning)\n|c|\u2606Buhrito|gg\n","uploadtime":1641194662,"views":26,"p1id":"buhrito","p2id":"hangingtriangle","formatid":"gen8bdspou","rating":1606,"private":0,"password":null}