{"id":"gen8ou-1586766059","p1":"stenk","p2":"cump5","format":"gen8ou","log":"|j|\u2606stenk\n|j|\u2606cump5\n|t:|1654042770\n|gametype|singles\n|player|p1|stenk|dragontamer|1298\n|player|p2|cump5|gentleman-gen4|1268\n|teamsize|p1|6\n|teamsize|p2|6\n|gen|8\n|tier|[Gen 8] OU\n|rated|\n|rule|Sleep Clause Mod: Limit one foe put to sleep\n|rule|Species Clause: Limit one of each Pok\u00e9mon\n|rule|OHKO Clause: OHKO moves are banned\n|rule|Evasion Moves Clause: Evasion moves are banned\n|rule|Endless Battle Clause: Forcing endless battles is banned\n|rule|HP Percentage Mod: HP is shown in percentages\n|rule|Dynamax Clause: You cannot dynamax\n|clearpoke\n|poke|p1|Landorus-Therian, M|\n|poke|p1|Tornadus-Therian, M|\n|poke|p1|Buzzwole|\n|poke|p1|Celesteela|\n|poke|p1|Nihilego|\n|poke|p1|Tapu Fini|\n|poke|p2|Xatu, F|\n|poke|p2|Chansey, F|\n|poke|p2|Salazzle, F|\n|poke|p2|Quagsire, M|\n|poke|p2|Corviknight, F|\n|poke|p2|Clefable, F|\n|teampreview\n|inactive|Battle timer is ON: inactive players will automatically lose when time's up. (requested by stenk)\n|inactive|stenk has 120 seconds left.\n|\n|t:|1654042815\n|start\n|switch|p1a: Celesteela|Celesteela, shiny|100\/100\n|switch|p2a: Xatu|Xatu, F|100\/100\n|turn|1\n|\n|t:|1654042825\n|switch|p1a: bini|Tapu Fini|100\/100\n|-fieldstart|move: Misty Terrain|[from] ability: Misty Surge|[of] p1a: bini\n|move|p2a: Xatu|Heat Wave|p1a: bini|[miss]\n|-miss|p2a: Xatu|p1a: bini\n|\n|upkeep\n|turn|2\n|\n|t:|1654042834\n|switch|p2a: Chansey|Chansey, F|100\/100\n|move|p1a: bini|Whirlpool|p2a: Chansey\n|-damage|p2a: Chansey|97\/100\n|-activate|p2a: Chansey|move: Whirlpool|[of] p1a: bini\n|\n|-damage|p2a: Chansey|84\/100|[from] move: Whirlpool|[partiallytrapped]\n|upkeep\n|turn|3\n|\n|t:|1654042841\n|move|p1a: bini|Taunt|p2a: Chansey\n|-start|p2a: Chansey|move: Taunt\n|move|p2a: Chansey|Seismic Toss|p1a: bini\n|-damage|p1a: bini|71\/100\n|\n|-heal|p1a: bini|78\/100|[from] item: Leftovers\n|-damage|p2a: Chansey|72\/100|[from] move: Whirlpool|[partiallytrapped]\n|upkeep\n|turn|4\n|\n|t:|1654042846\n|move|p1a: bini|Nature's Madness|p2a: Chansey\n|-damage|p2a: Chansey|36\/100\n|move|p2a: Chansey|Seismic Toss|p1a: bini\n|-damage|p1a: bini|48\/100\n|\n|-heal|p1a: bini|55\/100|[from] item: Leftovers\n|-damage|p2a: Chansey|24\/100|[from] move: Whirlpool|[partiallytrapped]\n|upkeep\n|turn|5\n|\n|t:|1654042853\n|move|p1a: bini|Nature's Madness|p2a: Chansey\n|-damage|p2a: Chansey|12\/100\n|move|p2a: Chansey|Seismic Toss|p1a: bini\n|-damage|p1a: bini|25\/100\n|\n|-heal|p1a: bini|32\/100|[from] item: Leftovers\n|-damage|p2a: Chansey|0 fnt|[from] move: Whirlpool|[partiallytrapped]\n|faint|p2a: Chansey\n|-fieldend|Misty Terrain\n|upkeep\n|\n|t:|1654042855\n|switch|p2a: Salazzle|Salazzle, F|100\/100\n|turn|6\n|\n|t:|1654042859\n|move|p2a: Salazzle|Substitute|p2a: Salazzle\n|-start|p2a: Salazzle|Substitute\n|-damage|p2a: Salazzle|75\/100\n|move|p1a: bini|Nature's Madness|p2a: Salazzle\n|-end|p2a: Salazzle|Substitute\n|\n|-heal|p2a: Salazzle|82\/100|[from] item: Black Sludge\n|-heal|p1a: bini|38\/100|[from] item: Leftovers\n|upkeep\n|turn|7\n|\n|t:|1654042866\n|move|p2a: Salazzle|Disable|p1a: bini\n|-start|p1a: bini|Disable|Nature's Madness\n|move|p1a: bini|Taunt|p2a: Salazzle\n|-start|p2a: Salazzle|move: Taunt\n|\n|-heal|p2a: Salazzle|88\/100|[from] item: Black Sludge\n|-heal|p1a: bini|44\/100|[from] item: Leftovers\n|upkeep\n|turn|8\n|\n|t:|1654042878\n|switch|p2a: Clefable|Clefable, F|100\/100\n|move|p1a: bini|Whirlpool|p2a: Clefable\n|-damage|p2a: Clefable|90\/100\n|-activate|p2a: Clefable|move: Whirlpool|[of] p1a: bini\n|\n|-heal|p1a: bini|50\/100|[from] item: Leftovers\n|-damage|p2a: Clefable|77\/100|[from] move: Whirlpool|[partiallytrapped]\n|upkeep\n|turn|9\n|\n|t:|1654042884\n|switch|p1a: Celesteela|Celesteela, shiny|100\/100\n|move|p2a: Clefable|Moonblast|p1a: Celesteela\n|-resisted|p1a: Celesteela\n|-damage|p1a: Celesteela|85\/100\n|\n|-end|p2a: Clefable|Whirlpool|[partiallytrapped]|[silent]\n|upkeep\n|turn|10\n|\n|t:|1654042892\n|switch|p1a: bini|Tapu Fini|50\/100\n|-fieldstart|move: Misty Terrain|[from] ability: Misty Surge|[of] p1a: bini\n|switch|p2a: Salazzle|Salazzle, F|88\/100\n|\n|-heal|p2a: Salazzle|94\/100|[from] item: Black Sludge\n|-heal|p1a: bini|56\/100|[from] item: Leftovers\n|upkeep\n|turn|11\n|\n|t:|1654042900\n|switch|p2a: Xatu|Xatu, F|100\/100\n|move|p1a: bini|Taunt|p2a: Xatu\n|move|p2a: Xatu|Taunt|p1a: bini|[from]ability: Magic Bounce\n|-start|p1a: bini|move: Taunt\n|\n|-heal|p1a: bini|62\/100|[from] item: Leftovers\n|upkeep\n|turn|12\n|\n|t:|1654042907\n|switch|p1a: Tornadus|Tornadus-Therian, M|100\/100\n|move|p2a: Xatu|Psychic|p1a: Tornadus\n|-damage|p1a: Tornadus|67\/100\n|\n|upkeep\n|turn|13\n|\n|t:|1654042912\n|move|p1a: Tornadus|Knock Off|p2a: Xatu\n|-supereffective|p2a: Xatu\n|-damage|p2a: Xatu|65\/100\n|-enditem|p2a: Xatu|Heavy-Duty Boots|[from] move: Knock Off|[of] p1a: Tornadus\n|move|p2a: Xatu|Psychic|p1a: Tornadus\n|-crit|p1a: Tornadus\n|-damage|p1a: Tornadus|24\/100\n|-unboost|p1a: Tornadus|spd|1\n|\n|upkeep\n|turn|14\n|\n|t:|1654042918\n|move|p1a: Tornadus|U-turn|p2a: Xatu\n|-damage|p2a: Xatu|52\/100\n|\n|t:|1654042922\n|switch|p1a: Celesteela|Celesteela, shiny|85\/100|[from]move: U-turn\n|move|p2a: Xatu|Roost|p2a: Xatu\n|-heal|p2a: Xatu|100\/100\n|-singleturn|p2a: Xatu|move: Roost\n|\n|-fieldend|Misty Terrain\n|upkeep\n|turn|15\n|\n|t:|1654042929\n|move|p2a: Xatu|Heat Wave|p1a: Celesteela\n|-supereffective|p1a: Celesteela\n|-damage|p1a: Celesteela|43\/100\n|move|p1a: Celesteela|Heavy Slam|p2a: Xatu\n|-damage|p2a: Xatu|31\/100\n|\n|upkeep\n|turn|16\n|\n|t:|1654042936\n|move|p2a: Xatu|Roost|p2a: Xatu\n|-heal|p2a: Xatu|81\/100\n|-singleturn|p2a: Xatu|move: Roost\n|move|p1a: Celesteela|Heavy Slam|p2a: Xatu\n|-damage|p2a: Xatu|2\/100\n|\n|upkeep\n|turn|17\n|\n|t:|1654042944\n|switch|p2a: Corviknight|Corviknight, F, shiny|100\/100\n|-ability|p2a: Corviknight|Pressure\n|switch|p1a: bini|Tapu Fini|62\/100\n|-fieldstart|move: Misty Terrain|[from] ability: Misty Surge|[of] p1a: bini\n|\n|-heal|p1a: bini|68\/100|[from] item: Leftovers\n|upkeep\n|turn|18\n|\n|t:|1654042949\n|move|p1a: bini|Whirlpool|p2a: Corviknight\n|-damage|p2a: Corviknight|92\/100\n|-activate|p2a: Corviknight|move: Whirlpool|[of] p1a: bini\n|move|p2a: Corviknight|Substitute|p2a: Corviknight\n|-start|p2a: Corviknight|Substitute\n|-end|p2a: Corviknight|Whirlpool|[partiallytrapped]|[silent]\n|-damage|p2a: Corviknight|67\/100\n|\n|-heal|p1a: bini|74\/100|[from] item: Leftovers\n|-heal|p2a: Corviknight|73\/100|[from] item: Leftovers\n|upkeep\n|turn|19\n|\n|t:|1654042956\n|move|p1a: bini|Taunt|p2a: Corviknight\n|-start|p2a: Corviknight|move: Taunt\n|cant|p2a: Corviknight|move: Taunt|Bulk Up\n|\n|-heal|p1a: bini|80\/100|[from] item: Leftovers\n|-heal|p2a: Corviknight|80\/100|[from] item: Leftovers\n|upkeep\n|turn|20\n|\n|t:|1654042966\n|move|p1a: bini|Nature's Madness|p2a: Corviknight\n|-end|p2a: Corviknight|Substitute\n|move|p2a: Corviknight|Brave Bird|p1a: bini\n|-damage|p1a: bini|52\/100\n|-damage|p2a: Corviknight|71\/100|[from] Recoil\n|\n|-heal|p1a: bini|58\/100|[from] item: Leftovers\n|-heal|p2a: Corviknight|78\/100|[from] item: Leftovers\n|upkeep\n|turn|21\n|\n|t:|1654042978\n|switch|p2a: Xatu|Xatu, F|2\/100\n|move|p1a: bini|Nature's Madness|p2a: Xatu\n|-damage|p2a: Xatu|1\/100\n|\n|-heal|p1a: bini|64\/100|[from] item: Leftovers\n|-fieldend|Misty Terrain\n|upkeep\n|turn|22\n|\n|t:|1654042985\n|move|p1a: bini|Moonblast|p2a: Xatu\n|-damage|p2a: Xatu|0 fnt\n|faint|p2a: Xatu\n|\n|-heal|p1a: bini|70\/100|[from] item: Leftovers\n|upkeep\n|\n|t:|1654042988\n|switch|p2a: Salazzle|Salazzle, F|94\/100\n|turn|23\n|\n|t:|1654042994\n|switch|p1a: Landorus|Landorus-Therian, M|100\/100\n|-ability|p1a: Landorus|Intimidate|boost\n|-unboost|p2a: Salazzle|atk|1\n|move|p2a: Salazzle|Toxic|p1a: Landorus\n|-status|p1a: Landorus|tox\n|\n|-heal|p2a: Salazzle|99\/100|[from] item: Black Sludge\n|-damage|p1a: Landorus|95\/100 tox|[from] psn\n|upkeep\n|turn|24\n|\n|t:|1654043001\n|move|p2a: Salazzle|Protect|p2a: Salazzle\n|-singleturn|p2a: Salazzle|Protect\n|move|p1a: Landorus|U-turn|p2a: Salazzle\n|-activate|p2a: Salazzle|move: Protect\n|\n|-heal|p2a: Salazzle|100\/100|[from] item: Black Sludge\n|-damage|p1a: Landorus|83\/100 tox|[from] psn\n|upkeep\n|turn|25\n|\n|t:|1654043003\n|move|p2a: Salazzle|Substitute|p2a: Salazzle\n|-start|p2a: Salazzle|Substitute\n|-damage|p2a: Salazzle|75\/100\n|move|p1a: Landorus|U-turn|p2a: Salazzle\n|-resisted|p2a: Salazzle\n|-activate|p2a: Salazzle|move: Substitute|[damage]\n|\n|t:|1654043014\n|switch|p1a: Celesteela|Celesteela, shiny|43\/100|[from]move: U-turn\n|\n|-heal|p2a: Salazzle|82\/100|[from] item: Black Sludge\n|upkeep\n|turn|26\n|\n|t:|1654043018\n|move|p2a: Salazzle|Protect|p2a: Salazzle\n|-singleturn|p2a: Salazzle|Protect\n|move|p1a: Celesteela|Earthquake|p2a: Salazzle\n|-activate|p2a: Salazzle|move: Protect\n|\n|-heal|p2a: Salazzle|88\/100|[from] item: Black Sludge\n|upkeep\n|turn|27\n|\n|t:|1654043021\n|move|p2a: Salazzle|Disable|p1a: Celesteela\n|-start|p1a: Celesteela|Disable|Earthquake\n|cant|p1a: Celesteela|Disable|Earthquake\n|\n|-heal|p2a: Salazzle|94\/100|[from] item: Black Sludge\n|upkeep\n|turn|28\n|\n|t:|1654043025\n|move|p2a: Salazzle|Toxic|p1a: Celesteela\n|-status|p1a: Celesteela|tox\n|-activate|p1a: Celesteela|move: Struggle\n|move|p1a: Celesteela|Struggle|p2a: Salazzle\n|-end|p2a: Salazzle|Substitute\n|-damage|p1a: Celesteela|18\/100 tox|[from] recoil\n|\n|-heal|p2a: Salazzle|99\/100|[from] item: Black Sludge\n|-damage|p1a: Celesteela|12\/100 tox|[from] psn\n|upkeep\n|turn|29\n|\n|t:|1654043031\n|move|p2a: Salazzle|Substitute|p2a: Salazzle\n|-start|p2a: Salazzle|Substitute\n|-damage|p2a: Salazzle|75\/100\n|-activate|p1a: Celesteela|move: Struggle\n|move|p1a: Celesteela|Struggle|p2a: Salazzle\n|-end|p2a: Salazzle|Substitute\n|-damage|p1a: Celesteela|0 fnt|[from] recoil\n|faint|p1a: Celesteela\n|\n|-heal|p2a: Salazzle|81\/100|[from] item: Black Sludge\n|upkeep\n|\n|t:|1654043040\n|switch|p1a: Tornadus|Tornadus-Therian, M|57\/100\n|turn|30\n|\n|t:|1654043044\n|move|p1a: Tornadus|Hurricane|p2a: Salazzle\n|-damage|p2a: Salazzle|20\/100\n|move|p2a: Salazzle|Substitute|p2a: Salazzle\n|-fail|p2a: Salazzle|move: Substitute|[weak]\n|\n|-heal|p2a: Salazzle|26\/100|[from] item: Black Sludge\n|upkeep\n|turn|31\n|\n|t:|1654043049\n|move|p2a: Salazzle|Protect|p2a: Salazzle\n|-singleturn|p2a: Salazzle|Protect\n|move|p1a: Tornadus|Knock Off|p2a: Salazzle\n|-activate|p2a: Salazzle|move: Protect\n|\n|-heal|p2a: Salazzle|33\/100|[from] item: Black Sludge\n|upkeep\n|turn|32\n|\n|t:|1654043053\n|switch|p2a: Corviknight|Corviknight, F, shiny|78\/100\n|-ability|p2a: Corviknight|Pressure\n|move|p1a: Tornadus|Knock Off|p2a: Corviknight\n|-damage|p2a: Corviknight|61\/100\n|-enditem|p2a: Corviknight|Leftovers|[from] move: Knock Off|[of] p1a: Tornadus\n|\n|upkeep\n|turn|33\n|\n|t:|1654043061\n|move|p1a: Tornadus|Hurricane|p2a: Corviknight\n|-resisted|p2a: Corviknight\n|-damage|p2a: Corviknight|48\/100\n|move|p2a: Corviknight|Substitute|p2a: Corviknight\n|-start|p2a: Corviknight|Substitute\n|-damage|p2a: Corviknight|23\/100\n|\n|upkeep\n|turn|34\n|\n|t:|1654043066\n|switch|p1a: bini|Tapu Fini|70\/100\n|-fieldstart|move: Misty Terrain|[from] ability: Misty Surge|[of] p1a: bini\n|move|p2a: Corviknight|Roost|p2a: Corviknight\n|-heal|p2a: Corviknight|73\/100\n|-singleturn|p2a: Corviknight|move: Roost\n|\n|-heal|p1a: bini|76\/100|[from] item: Leftovers\n|upkeep\n|turn|35\n|\n|t:|1654043073\n|move|p1a: bini|Taunt|p2a: Corviknight\n|-start|p2a: Corviknight|move: Taunt\n|move|p2a: Corviknight|Brave Bird|p1a: bini\n|-damage|p1a: bini|49\/100\n|-damage|p2a: Corviknight|65\/100|[from] Recoil\n|\n|-heal|p1a: bini|55\/100|[from] item: Leftovers\n|upkeep\n|turn|36\n|\n|t:|1654043078\n|switch|p1a: the woo|Nihilego, shiny|100\/100\n|move|p2a: Corviknight|Brave Bird|p1a: the woo\n|-resisted|p1a: the woo\n|-damage|p1a: the woo|71\/100\n|-damage|p2a: Corviknight|57\/100|[from] Recoil\n|\n|upkeep\n|turn|37\n|\n|t:|1654043088\n|move|p1a: the woo|Thunderbolt|p2a: Corviknight\n|-supereffective|p2a: Corviknight\n|-end|p2a: Corviknight|Substitute\n|move|p2a: Corviknight|Brave Bird|p1a: the woo\n|-resisted|p1a: the woo\n|-damage|p1a: the woo|40\/100\n|-damage|p2a: Corviknight|47\/100|[from] Recoil\n|\n|-end|p2a: Corviknight|move: Taunt\n|upkeep\n|turn|38\n|\n|t:|1654043098\n|move|p1a: the woo|Thunderbolt|p2a: Corviknight\n|-supereffective|p2a: Corviknight\n|-damage|p2a: Corviknight|1\/100\n|move|p2a: Corviknight|Roost|p2a: Corviknight\n|-heal|p2a: Corviknight|51\/100\n|-singleturn|p2a: Corviknight|move: Roost\n|\n|-fieldend|Misty Terrain\n|upkeep\n|turn|39\n|\n|t:|1654043103\n|move|p1a: the woo|Meteor Beam||[still]\n|-prepare|p1a: the woo|Meteor Beam\n|-boost|p1a: the woo|spa|1\n|-enditem|p1a: the woo|Power Herb\n|-anim|p1a: the woo|Meteor Beam|p2a: Corviknight\n|-crit|p2a: Corviknight\n|-damage|p2a: Corviknight|0 fnt\n|faint|p2a: Corviknight\n|-ability|p1a: the woo|Beast Boost|boost\n|-boost|p1a: the woo|spa|1\n|\n|upkeep\n|\n|t:|1654043112\n|switch|p2a: Salazzle|Salazzle, F|33\/100\n|turn|40\n|\n|t:|1654043116\n|move|p2a: Salazzle|Substitute|p2a: Salazzle\n|-start|p2a: Salazzle|Substitute\n|-damage|p2a: Salazzle|8\/100\n|move|p1a: the woo|Thunderbolt|p2a: Salazzle\n|-end|p2a: Salazzle|Substitute\n|\n|-heal|p2a: Salazzle|14\/100|[from] item: Black Sludge\n|upkeep\n|turn|41\n|\n|t:|1654043121\n|move|p2a: Salazzle|Protect|p2a: Salazzle\n|-singleturn|p2a: Salazzle|Protect\n|move|p1a: the woo|Thunderbolt|p2a: Salazzle\n|-activate|p2a: Salazzle|move: Protect\n|\n|-heal|p2a: Salazzle|20\/100|[from] item: Black Sludge\n|upkeep\n|turn|42\n|\n|t:|1654043124\n|move|p2a: Salazzle|Disable|p1a: the woo\n|-start|p1a: the woo|Disable|Thunderbolt\n|cant|p1a: the woo|Disable|Thunderbolt\n|\n|-heal|p2a: Salazzle|26\/100|[from] item: Black Sludge\n|upkeep\n|turn|43\n|\n|t:|1654043132\n|move|p2a: Salazzle|Substitute|p2a: Salazzle\n|-start|p2a: Salazzle|Substitute\n|-damage|p2a: Salazzle|1\/100\n|move|p1a: the woo|Sludge Wave|p2a: Salazzle\n|-resisted|p2a: Salazzle\n|-end|p2a: Salazzle|Substitute\n|\n|-heal|p2a: Salazzle|7\/100|[from] item: Black Sludge\n|upkeep\n|turn|44\n|\n|t:|1654043139\n|move|p2a: Salazzle|Toxic|p1a: the woo\n|-status|p1a: the woo|tox\n|move|p1a: the woo|Sludge Wave|p2a: Salazzle\n|-resisted|p2a: Salazzle\n|-damage|p2a: Salazzle|0 fnt\n|faint|p2a: Salazzle\n|-ability|p1a: the woo|Beast Boost|boost\n|-boost|p1a: the woo|spa|1\n|\n|-damage|p1a: the woo|34\/100 tox|[from] psn\n|upkeep\n|\n|t:|1654043144\n|switch|p2a: Clefable|Clefable, F|77\/100\n|turn|45\n|\n|t:|1654043147\n|switch|p2a: Quagsire|Quagsire, M, shiny|100\/100\n|move|p1a: the woo|Sludge Wave|p2a: Quagsire\n|-resisted|p2a: Quagsire\n|-damage|p2a: Quagsire|70\/100\n|\n|-heal|p2a: Quagsire|76\/100|[from] item: Leftovers\n|-damage|p1a: the woo|22\/100 tox|[from] psn\n|-end|p1a: the woo|Disable\n|upkeep\n|turn|46\n|\n|t:|1654043155\n|switch|p2a: Clefable|Clefable, F|77\/100\n|move|p1a: the woo|Sludge Wave|p2a: Clefable\n|-supereffective|p2a: Clefable\n|-damage|p2a: Clefable|0 fnt\n|faint|p2a: Clefable\n|-ability|p1a: the woo|Beast Boost|boost\n|-boost|p1a: the woo|spa|1\n|\n|-damage|p1a: the woo|4\/100 tox|[from] psn\n|upkeep\n|\n|t:|1654043157\n|switch|p2a: Quagsire|Quagsire, M, shiny|76\/100\n|turn|47\n|\n|t:|1654043160\n|move|p1a: the woo|Grass Knot|p2a: Quagsire\n|-supereffective|p2a: Quagsire\n|-damage|p2a: Quagsire|0 fnt\n|faint|p2a: Quagsire\n|\n|win|stenk\n|raw|stenk's rating: 1298 &rarr; <strong>1321<\/strong><br \/>(+23 for winning)\n|raw|cump5's rating: 1268 &rarr; <strong>1245<\/strong><br \/>(-23 for losing)\n|l|\u2606cump5\n|c|\u2606stenk|coward stall\n","uploadtime":1654043179,"views":37,"p1id":"stenk","p2id":"cump5","formatid":"gen8ou","rating":1245,"private":0,"password":null}