{"id":"gen8vgc2022-1614898192","p1":"Be Around","p2":"brifye","format":"gen8vgc2022","log":"|j|\u2606Be Around\n|j|\u2606brifye\n|t:|1657538854\n|gametype|doubles\n|player|p1|Be Around|lady|1242\n|player|p2|brifye|petrel|1280\n|teamsize|p1|6\n|teamsize|p2|6\n|gen|8\n|tier|[Gen 8] VGC 2022\n|rated|\n|rule|Species Clause: Limit one of each Pok\u00e9mon\n|rule|Item Clause: Limit one of each item\n|clearpoke\n|poke|p1|Charizard, L50, M|\n|poke|p1|Groudon, L50|\n|poke|p1|Venusaur, L50, M|\n|poke|p1|Raichu, L50, F|\n|poke|p1|Landorus-Therian, L50, M|\n|poke|p1|Lunala, L50|\n|poke|p2|Calyrex-Shadow, L50|\n|poke|p2|Zacian-*, L50|\n|poke|p2|Gastrodon, L50, F|\n|poke|p2|Incineroar, L50, F|\n|poke|p2|Rillaboom, L50, F|\n|poke|p2|Thundurus, L50, M|\n|teampreview|4\n|\n|t:|1657538883\n|start\n|switch|p1a: Charizard|Charizard, L50, M, shiny|100\/100\n|switch|p1b: Venusaur|Venusaur, L50, M|100\/100\n|switch|p2a: Calyrex|Calyrex-Shadow, L50|100\/100\n|switch|p2b: Thundurus|Thundurus, L50, M|100\/100\n|-ability|p2a: Calyrex|As One\n|-ability|p2a: Calyrex|Unnerve\n|turn|1\n|\n|t:|1657538913\n|switch|p1a: Groudon|Groudon, L50|100\/100\n|-weather|SunnyDay|[from] ability: Drought|[of] p1a: Groudon\n|-start|p1b: Venusaur|Dynamax|Gmax\n|-heal|p1b: Venusaur|100\/100|[silent]\n|-start|p2b: Thundurus|Dynamax|\n|-heal|p2b: Thundurus|100\/100|[silent]\n|move|p1b: Venusaur|G-Max Vine Lash|p2a: Calyrex\n|-damage|p2a: Calyrex|32\/100\n|-sidestart|p2: brifye|G-Max Vine Lash\n|move|p2a: Calyrex|Astral Barrage|p1b: Venusaur|[spread] p1a,p1b\n|-damage|p1a: Groudon|67\/100\n|-damage|p1b: Venusaur|69\/100\n|move|p2b: Thundurus|Max Airstream|p1b: Venusaur\n|-supereffective|p1b: Venusaur\n|-damage|p1b: Venusaur|0 fnt\n|-boost|p2a: Calyrex|spe|1\n|-boost|p2b: Thundurus|spe|1\n|faint|p1b: Venusaur\n|-damage|p2b: Thundurus|96\/100|[from] item: Life Orb\n|\n|-weather|SunnyDay|[upkeep]\n|-damage|p2a: Calyrex|16\/100|[from] G-Max Vine Lash\n|-damage|p2b: Thundurus|88\/100|[from] G-Max Vine Lash\n|upkeep\n|\n|t:|1657538937\n|switch|p1b: Lunala|Lunala, L50|100\/100\n|turn|2\n|\n|t:|1657538959\n|move|p2a: Calyrex|Protect|p2a: Calyrex\n|-singleturn|p2a: Calyrex|Protect\n|move|p1b: Lunala|Wide Guard|p1b: Lunala\n|-singleturn|p1b: Lunala|Wide Guard\n|move|p2b: Thundurus|Max Airstream|p1a: Groudon\n|-damage|p1a: Groudon|14\/100\n|-boost|p2a: Calyrex|spe|1\n|-boost|p2b: Thundurus|spe|1\n|-damage|p2b: Thundurus|83\/100|[from] item: Life Orb\n|move|p1a: Groudon|Rock Slide|p2b: Thundurus|[spread] p2b\n|-activate|p2a: Calyrex|move: Protect\n|-supereffective|p2b: Thundurus\n|-damage|p2b: Thundurus|50\/100\n|\n|-weather|SunnyDay|[upkeep]\n|-damage|p2a: Calyrex|0 fnt|[from] G-Max Vine Lash\n|faint|p2a: Calyrex\n|-damage|p2b: Thundurus|41\/100|[from] G-Max Vine Lash\n|upkeep\n|\n|t:|1657538987\n|switch|p2a: Rillaboom|Rillaboom, L50, F|100\/100\n|-fieldstart|move: Grassy Terrain|[from] ability: Grassy Surge|[of] p2a: Rillaboom\n|turn|3\n|\n|t:|1657539004\n|move|p2a: Rillaboom|Grassy Glide|p1a: Groudon\n|-supereffective|p1a: Groudon\n|-damage|p1a: Groudon|0 fnt\n|faint|p1a: Groudon\n|move|p2b: Thundurus|Max Airstream|p1b: Lunala\n|-damage|p1b: Lunala|72\/100\n|-boost|p2a: Rillaboom|spe|1\n|-boost|p2b: Thundurus|spe|1\n|-damage|p2b: Thundurus|37\/100|[from] item: Life Orb\n|move|p1b: Lunala|Meteor Beam||[still]\n|-prepare|p1b: Lunala|Meteor Beam\n|-boost|p1b: Lunala|spa|1\n|-enditem|p1b: Lunala|Power Herb\n|-anim|p1b: Lunala|Meteor Beam|p2b: Thundurus\n|-supereffective|p2b: Thundurus\n|-damage|p2b: Thundurus|0 fnt\n|faint|p2b: Thundurus\n|\n|-weather|SunnyDay|[upkeep]\n|-heal|p1b: Lunala|79\/100|[from] Grassy Terrain\n|upkeep\n|\n|t:|1657539022\n|switch|p2b: Zacian|Zacian-Crowned, L50|100\/100\n|switch|p1a: Charizard|Charizard, L50, M, shiny|100\/100\n|-ability|p2b: Zacian|Intrepid Sword|boost\n|-boost|p2b: Zacian|atk|1\n|turn|4\n|\n|t:|1657539038\n|move|p1a: Charizard|Protect|p1a: Charizard\n|-singleturn|p1a: Charizard|Protect\n|move|p2a: Rillaboom|Grassy Glide|p1a: Charizard\n|-activate|p1a: Charizard|move: Protect\n|move|p2b: Zacian|Behemoth Blade|p1a: Charizard\n|-activate|p1a: Charizard|move: Protect\n|move|p1b: Lunala|Trick Room|p1b: Lunala\n|-fieldstart|move: Trick Room|[of] p1b: Lunala\n|\n|-weather|SunnyDay|[upkeep]\n|-damage|p1a: Charizard|88\/100|[from] ability: Solar Power|[of] p1a: Charizard\n|-heal|p1b: Lunala|85\/100|[from] Grassy Terrain\n|-damage|p2b: Zacian|84\/100|[from] G-Max Vine Lash\n|-heal|p2b: Zacian|90\/100|[from] Grassy Terrain\n|-sideend|p2: brifye|G-Max Vine Lash\n|upkeep\n|turn|5\n|\n|t:|1657539064\n|move|p2a: Rillaboom|Grassy Glide|p1b: Lunala\n|-damage|p1b: Lunala|50\/100\n|move|p1b: Lunala|Moongeist Beam|p2b: Zacian\n|-damage|p2b: Zacian|36\/100\n|move|p1a: Charizard|Heat Wave|p2a: Rillaboom|[spread] p2a,p2b\n|-supereffective|p2a: Rillaboom\n|-supereffective|p2b: Zacian\n|-damage|p2a: Rillaboom|0 fnt\n|-damage|p2b: Zacian|0 fnt\n|faint|p2a: Rillaboom\n|faint|p2b: Zacian\n|-damage|p1a: Charizard|78\/100|[from] item: Life Orb\n|\n|win|Be Around\n|raw|Be Around's rating: 1242 &rarr; <strong>1270<\/strong><br \/>(+28 for winning)\n|raw|brifye's rating: 1280 &rarr; <strong>1252<\/strong><br \/>(-28 for losing)\n|l|\u2606brifye\n","uploadtime":1657539078,"views":15,"p1id":"bearound","p2id":"brifye","formatid":"gen8vgc2022","rating":1252,"private":0,"password":null}