{"id":"gen8mixandmega-1662387879","p1":"Faygos","p2":"Fiery Sakura","format":"gen8mixandmega","log":"|j|\u2606Faygos\n|j|\u2606Fiery Sakura\n|t:|1662991325\n|gametype|singles\n|player|p1|Faygos|2|\n|player|p2|Fiery Sakura|schoolkidf-gen4|\n|teamsize|p1|6\n|teamsize|p2|6\n|gen|8\n|tier|[Gen 8] Mix and Mega\n|rated|Tournament battle\n|rule|Species Clause: Limit one of each Pok\u00e9mon\n|rule|OHKO Clause: OHKO moves are banned\n|rule|Evasion Moves Clause: Evasion moves are banned\n|rule|Endless Battle Clause: Forcing endless battles is banned\n|rule|Dynamax Clause: You cannot dynamax\n|rule|HP Percentage Mod: HP is shown in percentages\n|rule|Sleep Clause Mod: Limit one foe put to sleep\n|clearpoke\n|poke|p1|Toxapex, M|\n|poke|p1|Tapu Fini|\n|poke|p1|Pheromosa|\n|poke|p1|Landorus, M|\n|poke|p1|Heatran, M|\n|poke|p1|Magearna|\n|poke|p2|Latias, F|\n|poke|p2|Corviknight, F|\n|poke|p2|Milotic, F|\n|poke|p2|Toxapex, F|\n|poke|p2|Palossand, F|\n|poke|p2|Blissey, F|\n|teampreview\n|j|%Iolanthe\n|inactive|Battle timer is ON: inactive players will automatically lose when time's up. (requested by Faygos)\n|inactive|Fiery Sakura also wants the timer to be on.\n|j| stashed\n|\n|t:|1662991338\n|start\n|switch|p1a: Magearna|Magearna|100\/100\n|switch|p2a: Palossand|Palossand, F|100\/100\n|turn|1\n|l|%Iolanthe\n|j| RoFnA\n|\n|t:|1662991346\n|switch|p2a: Blissey|Blissey, F|100\/100\n|detailschange|p1a: Magearna|Magearna\n|-mega|p1a: Magearna|Magearna|Latiasite\n|-start|p1a: Magearna|Latiasite|[silent]\n|move|p1a: Magearna|Grass Knot|p2a: Blissey\n|-damage|p2a: Blissey|92\/100\n|\n|upkeep\n|turn|2\n|\n|t:|1662991355\n|detailschange|p2a: Blissey|Blissey, F\n|-mega|p2a: Blissey|Blissey|Sablenite\n|-start|p2a: Blissey|Sablenite|[silent]\n|move|p1a: Magearna|Volt Switch|p2a: Blissey\n|-damage|p2a: Blissey|85\/100\n|\n|t:|1662991359\n|-end|p1a: Magearna|Latiasite|[silent]\n|switch|p1a: Toxapex|Toxapex, M|100\/100|[from]move: Volt Switch\n|move|p2a: Blissey|Teleport|p2a: Blissey\n|\n|t:|1662991364\n|-end|p2a: Blissey|Sablenite|[silent]\n|switch|p2a: Palossand|Palossand, F|100\/100|[from]move: Teleport\n|\n|upkeep\n|turn|3\n|\n|t:|1662991370\n|detailschange|p2a: Palossand|Palossand, F\n|-mega|p2a: Palossand|Palossand|Gyaradosite\n|-ability|p2a: Palossand|Mold Breaker\n|-start|p2a: Palossand|Gyaradosite|[silent]\n|-start|p2a: Palossand|typechange|Ghost\/Dark|[silent]\n|move|p1a: Toxapex|Toxic Spikes|p2a: Palossand\n|-sidestart|p2: Fiery Sakura|move: Toxic Spikes\n|move|p2a: Palossand|Stealth Rock|p1a: Toxapex\n|-sidestart|p1: Faygos|move: Stealth Rock\n|\n|upkeep\n|turn|4\n|\n|t:|1662991378\n|move|p1a: Toxapex|Toxic Spikes|p2a: Palossand\n|-sidestart|p2: Fiery Sakura|move: Toxic Spikes\n|move|p2a: Palossand|Scorching Sands|p1a: Toxapex\n|-supereffective|p1a: Toxapex\n|-damage|p1a: Toxapex|74\/100\n|\n|upkeep\n|turn|5\n|\n|t:|1662991384\n|-end|p2a: Palossand|Gyaradosite|[silent]\n|switch|p2a: Toxapex|Toxapex, F|100\/100\n|-sideend|p2: Fiery Sakura|move: Toxic Spikes|[of] p2a: Toxapex\n|move|p1a: Toxapex|Flip Turn|p2a: Toxapex\n|-resisted|p2a: Toxapex\n|-damage|p2a: Toxapex|95\/100\n|\n|t:|1662991395\n|switch|p1a: Magearna|Magearna|100\/100|[from]move: Flip Turn\n|-start|p1a: Magearna|Latiasite|[silent]\n|-damage|p1a: Magearna|94\/100|[from] Stealth Rock\n|\n|upkeep\n|turn|6\n|\n|t:|1662991400\n|switch|p2a: Blissey|Blissey, F|85\/100\n|-start|p2a: Blissey|Sablenite|[silent]\n|move|p1a: Magearna|Volt Switch|p2a: Blissey\n|-damage|p2a: Blissey|78\/100\n|\n|t:|1662991403\n|-end|p1a: Magearna|Latiasite|[silent]\n|switch|p1a: Pheromosa|Pheromosa|100\/100|[from]move: Volt Switch\n|-damage|p1a: Pheromosa|88\/100|[from] Stealth Rock\n|\n|upkeep\n|turn|7\n|\n|t:|1662991411\n|-end|p2a: Blissey|Sablenite|[silent]\n|switch|p2a: Toxapex|Toxapex, F|100\/100\n|detailschange|p1a: Pheromosa|Pheromosa\n|-mega|p1a: Pheromosa|Pheromosa|Aerodactylite\n|-start|p1a: Pheromosa|Aerodactylite|[silent]\n|move|p1a: Pheromosa|Close Combat|p2a: Toxapex\n|-resisted|p2a: Toxapex\n|-damage|p2a: Toxapex|61\/100\n|-unboost|p1a: Pheromosa|def|1\n|-unboost|p1a: Pheromosa|spd|1\n|\n|upkeep\n|turn|8\n|\n|t:|1662991420\n|move|p1a: Pheromosa|U-turn|p2a: Toxapex\n|-resisted|p2a: Toxapex\n|-damage|p2a: Toxapex|36\/100\n|\n|t:|1662991423\n|-end|p1a: Pheromosa|Aerodactylite|[silent]\n|switch|p1a: Magearna|Magearna|94\/100|[from]move: U-turn\n|-start|p1a: Magearna|Latiasite|[silent]\n|-damage|p1a: Magearna|88\/100|[from] Stealth Rock\n|move|p2a: Toxapex|Scald|p1a: Magearna\n|-damage|p1a: Magearna|76\/100\n|\n|upkeep\n|turn|9\n|\n|t:|1662991433\n|switch|p2a: Blissey|Blissey, F|78\/100\n|-start|p2a: Blissey|Sablenite|[silent]\n|move|p1a: Magearna|Volt Switch|p2a: Blissey\n|-damage|p2a: Blissey|71\/100\n|\n|t:|1662991435\n|-end|p1a: Magearna|Latiasite|[silent]\n|switch|p1a: Pheromosa|Pheromosa|88\/100|[from]move: Volt Switch\n|-start|p1a: Pheromosa|Aerodactylite|[silent]\n|-damage|p1a: Pheromosa|76\/100|[from] Stealth Rock\n|\n|upkeep\n|turn|10\n|\n|t:|1662991450\n|-end|p2a: Blissey|Sablenite|[silent]\n|switch|p2a: Corviknight|Corviknight, F|100\/100\n|-ability|p2a: Corviknight|Pressure\n|move|p1a: Pheromosa|Rapid Spin|p2a: Corviknight\n|-resisted|p2a: Corviknight\n|-damage|p2a: Corviknight|92\/100\n|-boost|p1a: Pheromosa|spe|1\n|-sideend|p1: Faygos|Stealth Rock|[from] move: Rapid Spin|[of] p1a: Pheromosa\n|\n|upkeep\n|turn|11\n|\n|t:|1662991461\n|detailschange|p2a: Corviknight|Corviknight, F\n|-mega|p2a: Corviknight|Corviknight|Venusaurite\n|-start|p2a: Corviknight|Venusaurite|[silent]\n|move|p1a: Pheromosa|U-turn|p2a: Corviknight\n|-resisted|p2a: Corviknight\n|-damage|p2a: Corviknight|85\/100\n|\n|t:|1662991464\n|-end|p1a: Pheromosa|Aerodactylite|[silent]\n|switch|p1a: Magearna|Magearna|76\/100|[from]move: U-turn\n|-start|p1a: Magearna|Latiasite|[silent]\n|move|p2a: Corviknight|U-turn|p1a: Magearna\n|-resisted|p1a: Magearna\n|-crit|p1a: Magearna\n|-damage|p1a: Magearna|73\/100\n|\n|t:|1662991476\n|-end|p2a: Corviknight|Venusaurite|[silent]\n|switch|p2a: Blissey|Blissey, F|71\/100|[from]move: U-turn\n|-start|p2a: Blissey|Sablenite|[silent]\n|\n|upkeep\n|turn|12\n|\n|t:|1662991485\n|move|p1a: Magearna|Volt Switch|p2a: Blissey\n|-damage|p2a: Blissey|64\/100\n|\n|t:|1662991490\n|-end|p1a: Magearna|Latiasite|[silent]\n|switch|p1a: Toxapex|Toxapex, M|100\/100|[from]move: Volt Switch\n|move|p2a: Blissey|Soft-Boiled|p2a: Blissey\n|-heal|p2a: Blissey|100\/100\n|\n|upkeep\n|turn|13\n|\n|t:|1662991499\n|-end|p2a: Blissey|Sablenite|[silent]\n|switch|p2a: Palossand|Palossand, F|100\/100\n|-start|p2a: Palossand|Gyaradosite|[silent]\n|-start|p2a: Palossand|typechange|Ghost\/Dark|[silent]\n|-ability|p2a: Palossand|Mold Breaker\n|move|p1a: Toxapex|Flip Turn|p2a: Palossand\n|-damage|p2a: Palossand|91\/100\n|\n|t:|1662991503\n|switch|p1a: Heatran|Heatran, M|100\/100|[from]move: Flip Turn\n|\n|upkeep\n|turn|14\n|\n|t:|1662991512\n|-end|p2a: Palossand|Gyaradosite|[silent]\n|switch|p2a: Blissey|Blissey, F|100\/100\n|-start|p2a: Blissey|Sablenite|[silent]\n|detailschange|p1a: Heatran|Heatran, M\n|-mega|p1a: Heatran|Heatran|Charizardite Y\n|-weather|SunnyDay|[from] ability: Drought|[of] p1a: Heatran\n|-start|p1a: Heatran|Charizardite Y|[silent]\n|move|p1a: Heatran|Eruption|p2a: Blissey\n|-damage|p2a: Blissey|55\/100\n|\n|-weather|SunnyDay|[upkeep]\n|upkeep\n|turn|15\n|\n|t:|1662991521\n|move|p1a: Heatran|Doom Desire|p2a: Blissey\n|-start|p1a: Heatran|Doom Desire\n|move|p2a: Blissey|Soft-Boiled|p2a: Blissey\n|-heal|p2a: Blissey|100\/100\n|\n|-weather|SunnyDay|[upkeep]\n|upkeep\n|turn|16\n|\n|t:|1662991529\n|move|p1a: Heatran|Eruption|p2a: Blissey\n|-damage|p2a: Blissey|58\/100\n|move|p2a: Blissey|Seismic Toss|p1a: Heatran\n|-damage|p1a: Heatran|70\/100\n|\n|-weather|SunnyDay|[upkeep]\n|upkeep\n|turn|17\n|\n|t:|1662991537\n|-end|p1a: Heatran|Charizardite Y|[silent]\n|switch|p1a: Pheromosa|Pheromosa|76\/100\n|-start|p1a: Pheromosa|Aerodactylite|[silent]\n|move|p2a: Blissey|Soft-Boiled|p2a: Blissey\n|-heal|p2a: Blissey|100\/100\n|\n|-weather|SunnyDay|[upkeep]\n|-end|p2a: Blissey|move: Doom Desire\n|-damage|p2a: Blissey|70\/100\n|upkeep\n|turn|18\n|\n|t:|1662991546\n|-end|p2a: Blissey|Sablenite|[silent]\n|switch|p2a: Corviknight|Corviknight, F|85\/100\n|-start|p2a: Corviknight|Venusaurite|[silent]\n|move|p1a: Pheromosa|Close Combat|p2a: Corviknight\n|-damage|p2a: Corviknight|35\/100\n|-unboost|p1a: Pheromosa|def|1\n|-unboost|p1a: Pheromosa|spd|1\n|\n|-weather|none\n|upkeep\n|turn|19\n|\n|t:|1662991561\n|-end|p2a: Corviknight|Venusaurite|[silent]\n|switch|p2a: Palossand|Palossand, F|91\/100\n|-start|p2a: Palossand|Gyaradosite|[silent]\n|-start|p2a: Palossand|typechange|Ghost\/Dark|[silent]\n|-ability|p2a: Palossand|Mold Breaker\n|move|p1a: Pheromosa|Close Combat|p2a: Palossand\n|-immune|p2a: Palossand\n|\n|upkeep\n|turn|20\n|\n|t:|1662991568\n|move|p1a: Pheromosa|U-turn|p2a: Palossand\n|-damage|p2a: Palossand|50\/100\n|\n|t:|1662991572\n|-end|p1a: Pheromosa|Aerodactylite|[silent]\n|switch|p1a: Magearna|Magearna|73\/100|[from]move: U-turn\n|-start|p1a: Magearna|Latiasite|[silent]\n|move|p2a: Palossand|Stealth Rock|p1a: Magearna\n|-sidestart|p1: Faygos|move: Stealth Rock\n|\n|upkeep\n|turn|21\n|\n|t:|1662991583\n|-end|p2a: Palossand|Gyaradosite|[silent]\n|switch|p2a: Latias|Latias, F|100\/100\n|move|p1a: Magearna|Moonblast|p2a: Latias\n|-supereffective|p2a: Latias\n|-damage|p2a: Latias|25\/100\n|-unboost|p2a: Latias|spa|1\n|\n|upkeep\n|turn|22\n|\n|t:|1662991599\n|switch|p2a: Blissey|Blissey, F|70\/100\n|-start|p2a: Blissey|Sablenite|[silent]\n|move|p1a: Magearna|Moonblast|p2a: Blissey\n|-damage|p2a: Blissey|55\/100\n|\n|upkeep\n|turn|23\n|\n|t:|1662991604\n|move|p1a: Magearna|Volt Switch|p2a: Blissey\n|-damage|p2a: Blissey|49\/100\n|\n|t:|1662991607\n|-end|p1a: Magearna|Latiasite|[silent]\n|switch|p1a: Pheromosa|Pheromosa|76\/100|[from]move: Volt Switch\n|-start|p1a: Pheromosa|Aerodactylite|[silent]\n|-damage|p1a: Pheromosa|63\/100|[from] Stealth Rock\n|move|p2a: Blissey|Soft-Boiled|p2a: Blissey\n|-heal|p2a: Blissey|99\/100\n|\n|upkeep\n|turn|24\n|\n|t:|1662991618\n|move|p1a: Pheromosa|Rapid Spin|p2a: Blissey\n|-damage|p2a: Blissey|84\/100\n|-boost|p1a: Pheromosa|spe|1\n|-sideend|p1: Faygos|Stealth Rock|[from] move: Rapid Spin|[of] p1a: Pheromosa\n|move|p2a: Blissey|Teleport|p2a: Blissey\n|\n|t:|1662991623\n|-end|p2a: Blissey|Sablenite|[silent]\n|switch|p2a: Palossand|Palossand, F|50\/100|[from]move: Teleport\n|-start|p2a: Palossand|Gyaradosite|[silent]\n|-start|p2a: Palossand|typechange|Ghost\/Dark|[silent]\n|-ability|p2a: Palossand|Mold Breaker\n|\n|upkeep\n|turn|25\n|\n|t:|1662991628\n|move|p1a: Pheromosa|U-turn|p2a: Palossand\n|-damage|p2a: Palossand|4\/100\n|\n|t:|1662991633\n|-end|p1a: Pheromosa|Aerodactylite|[silent]\n|switch|p1a: Heatran|Heatran, M|70\/100|[from]move: U-turn\n|-start|p1a: Heatran|Charizardite Y|[silent]\n|-weather|SunnyDay|[from] ability: Drought|[of] p1a: Heatran\n|move|p2a: Palossand|Shore Up|p2a: Palossand\n|-heal|p2a: Palossand|54\/100\n|\n|-weather|SunnyDay|[upkeep]\n|upkeep\n|turn|26\n|inactive|Fiery Sakura has 120 seconds left.\n|l| RoFnA\n|inactive|Fiery Sakura has 90 seconds left.\n|\n|t:|1662991702\n|-end|p2a: Palossand|Gyaradosite|[silent]\n|switch|p2a: Blissey|Blissey, F|84\/100\n|-start|p2a: Blissey|Sablenite|[silent]\n|move|p1a: Heatran|Doom Desire|p2a: Blissey\n|-start|p1a: Heatran|Doom Desire\n|\n|-weather|SunnyDay|[upkeep]\n|upkeep\n|turn|27\n|inactive|Fiery Sakura has 90 seconds left.\n|\n|t:|1662991708\n|-end|p1a: Heatran|Charizardite Y|[silent]\n|switch|p1a: Pheromosa|Pheromosa|63\/100\n|-start|p1a: Pheromosa|Aerodactylite|[silent]\n|move|p2a: Blissey|Seismic Toss|p1a: Pheromosa\n|-damage|p1a: Pheromosa|28\/100\n|\n|-weather|SunnyDay|[upkeep]\n|upkeep\n|turn|28\n|inactive|Fiery Sakura has 90 seconds left.\n|\n|t:|1662991722\n|-end|p2a: Blissey|Sablenite|[silent]\n|switch|p2a: Milotic|Milotic, F|100\/100\n|move|p1a: Pheromosa|Close Combat|p2a: Milotic\n|-damage|p2a: Milotic|28\/100\n|-unboost|p1a: Pheromosa|def|1\n|-unboost|p1a: Pheromosa|spd|1\n|\n|-weather|SunnyDay|[upkeep]\n|-end|p2a: Milotic|move: Doom Desire\n|-resisted|p2a: Milotic\n|-damage|p2a: Milotic|0 fnt\n|faint|p2a: Milotic\n|upkeep\n|inactive|Fiery Sakura has 90 seconds left.\n|-message|Fiery Sakura forfeited.\n|\n|win|Faygos\n|n|\u2606Faygos|faygos\n|n|\u2606Fiery Sakura|fierysakura\n|n| stashed|stashed\n","uploadtime":1662991733,"views":17,"p1id":"faygos","p2id":"fierysakura","formatid":"gen8mixandmega","rating":0,"private":0,"password":null}