{"id":"gen8ou-1386248515","p1":"LT84JM croo","p2":"Coach Jones 6fifth","format":"gen8ou","log":"|raw|<div class=\"broadcast-blue\"><strong>This battle is required to be public due to a player having a name starting with 'lt84jm'.<\/div>\n|j|\u2606LT84JM croo\n|j|\u2606Coach Jones 6fifth\n|t:|1627563300\n|gametype|singles\n|player|p1|LT84JM croo|ruinmaniac|1805\n|player|p2|Coach Jones 6fifth|lusamine-nihilego|1917\n|teamsize|p1|6\n|teamsize|p2|6\n|gen|8\n|tier|[Gen 8] OU\n|rated|\n|rule|Sleep Clause Mod: Limit one foe put to sleep\n|rule|Species Clause: Limit one of each Pok\u00e9mon\n|rule|OHKO Clause: OHKO moves are banned\n|rule|Evasion Moves Clause: Evasion moves are banned\n|rule|Endless Battle Clause: Forcing endless battles is banned\n|rule|HP Percentage Mod: HP is shown in percentages\n|rule|Dynamax Clause: You cannot dynamax\n|clearpoke\n|poke|p1|Landorus-Therian, M|\n|poke|p1|Ninetales-Alola, M|\n|poke|p1|Primarina, F|\n|poke|p1|Jirachi|\n|poke|p1|Scolipede, F|\n|poke|p1|Mew|\n|poke|p2|Heatran, M|\n|poke|p2|Rillaboom, M|\n|poke|p2|Zapdos|\n|poke|p2|Slowbro, M|\n|poke|p2|Landorus-Therian, M|\n|poke|p2|Dragapult, M|\n|teampreview\n|j| LT84JMM\n|inactive|Battle timer is ON: inactive players will automatically lose when time's up. (requested by LT84JM croo)\n|\n|t:|1627563328\n|start\n|switch|p1a: Landorus|Landorus-Therian, M|100\/100\n|switch|p2a: Slowbro|Slowbro, M|100\/100\n|-ability|p1a: Landorus|Intimidate|boost\n|-unboost|p2a: Slowbro|atk|1\n|turn|1\n|\n|t:|1627563334\n|move|p1a: Landorus|Stealth Rock|p2a: Slowbro\n|-sidestart|p2: Coach Jones 6fifth|move: Stealth Rock\n|move|p2a: Slowbro|Scald|p1a: Landorus\n|-supereffective|p1a: Landorus\n|-damage|p1a: Landorus|27\/100\n|\n|upkeep\n|turn|2\n|\n|t:|1627563338\n|move|p1a: Landorus|Swords Dance|p1a: Landorus\n|-boost|p1a: Landorus|atk|2\n|move|p2a: Slowbro|Slack Off||[still]\n|-fail|p2a: Slowbro|heal\n|\n|upkeep\n|turn|3\n|\n|t:|1627563343\n|move|p1a: Landorus|Earthquake|p2a: Slowbro\n|-damage|p2a: Slowbro|36\/100\n|move|p2a: Slowbro|Scald|p1a: Landorus\n|-supereffective|p1a: Landorus\n|-damage|p1a: Landorus|0 fnt\n|faint|p1a: Landorus\n|\n|upkeep\n|\n|t:|1627563348\n|switch|p1a: Ninetales|Ninetales-Alola, M|100\/100\n|-weather|Hail|[from] ability: Snow Warning|[of] p1a: Ninetales\n|turn|4\n|j| LT84JM KON\n|\n|t:|1627563361\n|switch|p2a: Heatran|Heatran, M|100\/100\n|-damage|p2a: Heatran|88\/100|[from] Stealth Rock\n|move|p1a: Ninetales|Aurora Veil|p1a: Ninetales\n|-sidestart|p1: LT84JM croo|move: Aurora Veil\n|\n|-weather|Hail|[upkeep]\n|-damage|p2a: Heatran|82\/100|[from] Hail\n|-heal|p2a: Heatran|88\/100|[from] item: Leftovers\n|upkeep\n|turn|5\n|\n|t:|1627563365\n|switch|p1a: Primarina|Primarina, F|100\/100\n|move|p2a: Heatran|Taunt|p1a: Primarina\n|-start|p1a: Primarina|move: Taunt\n|\n|-weather|Hail|[upkeep]\n|-damage|p1a: Primarina|95\/100|[from] Hail\n|-damage|p2a: Heatran|82\/100|[from] Hail\n|-heal|p1a: Primarina|100\/100|[from] item: Leftovers\n|-heal|p2a: Heatran|88\/100|[from] item: Leftovers\n|upkeep\n|turn|6\n|j| ppev\n|\n|t:|1627563368\n|switch|p2a: Zapdos|Zapdos|100\/100\n|move|p1a: Primarina|Scald|p2a: Zapdos\n|-damage|p2a: Zapdos|57\/100\n|\n|-weather|Hail|[upkeep]\n|-damage|p2a: Zapdos|51\/100|[from] Hail\n|-damage|p1a: Primarina|95\/100|[from] Hail\n|-heal|p1a: Primarina|100\/100|[from] item: Leftovers\n|upkeep\n|turn|7\n|\n|t:|1627563373\n|move|p1a: Primarina|Moonblast|p2a: Zapdos\n|-damage|p2a: Zapdos|4\/100\n|move|p2a: Zapdos|Defog|p1a: Primarina\n|-unboost|p1a: Primarina|evasion|1\n|-sideend|p1: LT84JM croo|move: Aurora Veil\n|-sideend|p2: Coach Jones 6fifth|Stealth Rock|[from] move: Defog|[of] p2a: Zapdos\n|\n|-weather|Hail|[upkeep]\n|-damage|p2a: Zapdos|0 fnt|[from] Hail\n|-damage|p1a: Primarina|95\/100|[from] Hail\n|faint|p2a: Zapdos\n|-heal|p1a: Primarina|100\/100|[from] item: Leftovers\n|-end|p1a: Primarina|move: Taunt\n|upkeep\n|\n|t:|1627563377\n|switch|p2a: Rillaboom|Rillaboom, M|100\/100\n|-fieldstart|move: Grassy Terrain|[from] ability: Grassy Surge|[of] p2a: Rillaboom\n|turn|8\n|j| d18l\n|\n|t:|1627563383\n|switch|p1a: Jirachi|Jirachi|100\/100\n|move|p2a: Rillaboom|Wood Hammer|p1a: Jirachi\n|-resisted|p1a: Jirachi\n|-damage|p1a: Jirachi|37\/100\n|-damage|p2a: Rillaboom|80\/100|[from] Recoil\n|\n|-weather|none\n|-heal|p1a: Jirachi|43\/100|[from] Grassy Terrain\n|-heal|p2a: Rillaboom|86\/100|[from] Grassy Terrain\n|upkeep\n|turn|9\n|\n|t:|1627563388\n|switch|p2a: Landorus|Landorus-Therian, M|100\/100\n|-ability|p2a: Landorus|Intimidate|boost\n|-unboost|p1a: Jirachi|atk|1\n|move|p1a: Jirachi|Psychic|p2a: Landorus\n|-damage|p2a: Landorus|68\/100\n|-unboost|p2a: Landorus|spd|1\n|\n|-heal|p1a: Jirachi|49\/100|[from] Grassy Terrain\n|-heal|p2a: Landorus|74\/100|[from] item: Leftovers\n|upkeep\n|turn|10\n|j| SilentTurb0\n|l| SilentTurb0\n|\n|t:|1627563394\n|switch|p1a: Ninetales|Ninetales-Alola, M|100\/100\n|-weather|Hail|[from] ability: Snow Warning|[of] p1a: Ninetales\n|switch|p2a: Slowbro|Slowbro, M|70\/100\n|\n|-weather|Hail|[upkeep]\n|-damage|p2a: Slowbro|63\/100|[from] Hail\n|-heal|p2a: Slowbro|70\/100|[from] Grassy Terrain\n|upkeep\n|turn|11\n|\n|t:|1627563396\n|move|p1a: Ninetales|Aurora Veil|p1a: Ninetales\n|-sidestart|p1: LT84JM croo|move: Aurora Veil\n|move|p2a: Slowbro|Teleport|p2a: Slowbro\n|\n|t:|1627563397\n|switch|p2a: Heatran|Heatran, M|88\/100|[from]move: Teleport\n|\n|-weather|Hail|[upkeep]\n|-damage|p2a: Heatran|82\/100|[from] Hail\n|-heal|p2a: Heatran|88\/100|[from] Grassy Terrain\n|-heal|p2a: Heatran|94\/100|[from] item: Leftovers\n|upkeep\n|turn|12\n|\n|t:|1627563400\n|switch|p1a: Primarina|Primarina, F|100\/100\n|move|p2a: Heatran|Taunt|p1a: Primarina\n|-start|p1a: Primarina|move: Taunt\n|\n|-weather|Hail|[upkeep]\n|-damage|p1a: Primarina|95\/100|[from] Hail\n|-damage|p2a: Heatran|88\/100|[from] Hail\n|-heal|p1a: Primarina|100\/100|[from] Grassy Terrain\n|-heal|p2a: Heatran|94\/100|[from] Grassy Terrain\n|-heal|p2a: Heatran|100\/100|[from] item: Leftovers\n|-fieldend|move: Grassy Terrain\n|upkeep\n|turn|13\n|\n|t:|1627563404\n|switch|p2a: Rillaboom|Rillaboom, M|86\/100\n|-fieldstart|move: Grassy Terrain|[from] ability: Grassy Surge|[of] p2a: Rillaboom\n|move|p1a: Primarina|Scald|p2a: Rillaboom\n|-resisted|p2a: Rillaboom\n|-damage|p2a: Rillaboom|57\/100\n|\n|-weather|Hail|[upkeep]\n|-damage|p2a: Rillaboom|51\/100|[from] Hail\n|-damage|p1a: Primarina|95\/100|[from] Hail\n|-heal|p2a: Rillaboom|57\/100|[from] Grassy Terrain\n|-heal|p1a: Primarina|100\/100|[from] Grassy Terrain\n|upkeep\n|turn|14\n|\n|t:|1627563408\n|switch|p1a: Scolipede|Scolipede, F|100\/100\n|move|p2a: Rillaboom|Wood Hammer|p1a: Scolipede\n|-resisted|p1a: Scolipede\n|-damage|p1a: Scolipede|78\/100\n|-damage|p2a: Rillaboom|51\/100|[from] Recoil\n|\n|-weather|none\n|-heal|p1a: Scolipede|84\/100|[from] Grassy Terrain\n|-heal|p2a: Rillaboom|57\/100|[from] Grassy Terrain\n|upkeep\n|turn|15\n|\n|t:|1627563410\n|switch|p2a: Dragapult|Dragapult, M, shiny|100\/100\n|move|p1a: Scolipede|Swords Dance|p1a: Scolipede\n|-boost|p1a: Scolipede|atk|2\n|\n|-heal|p1a: Scolipede|90\/100|[from] Grassy Terrain\n|-ability|p1a: Scolipede|Speed Boost|boost\n|-boost|p1a: Scolipede|spe|1\n|upkeep\n|turn|16\n|\n|t:|1627563423\n|move|p1a: Scolipede|Poison Jab|p2a: Dragapult\n|-resisted|p2a: Dragapult\n|-damage|p2a: Dragapult|48\/100\n|move|p2a: Dragapult|Flamethrower|p1a: Scolipede\n|-supereffective|p1a: Scolipede\n|-damage|p1a: Scolipede|0 fnt\n|faint|p1a: Scolipede\n|\n|-heal|p2a: Dragapult|54\/100|[from] Grassy Terrain\n|upkeep\n|\n|t:|1627563429\n|switch|p1a: Mew|Mew|100\/100\n|turn|17\n|\n|t:|1627563432\n|switch|p2a: Landorus|Landorus-Therian, M|74\/100\n|-ability|p2a: Landorus|Intimidate|boost\n|-unboost|p1a: Mew|atk|1\n|move|p1a: Mew|Cosmic Power|p1a: Mew\n|-boost|p1a: Mew|def|1\n|-boost|p1a: Mew|spd|1\n|\n|-heal|p2a: Landorus|80\/100|[from] item: Leftovers\n|-fieldend|move: Grassy Terrain\n|upkeep\n|turn|18\n|l| ppev\n|\n|t:|1627563435\n|move|p1a: Mew|Taunt|p2a: Landorus\n|-start|p2a: Landorus|move: Taunt\n|cant|p2a: Landorus|move: Taunt|Toxic\n|\n|-heal|p2a: Landorus|86\/100|[from] item: Leftovers\n|-sideend|p1: LT84JM croo|move: Aurora Veil\n|upkeep\n|turn|19\n|\n|t:|1627563440\n|move|p1a: Mew|Cosmic Power|p1a: Mew\n|-boost|p1a: Mew|def|1\n|-boost|p1a: Mew|spd|1\n|move|p2a: Landorus|Knock Off|p1a: Mew\n|-supereffective|p1a: Mew\n|-damage|p1a: Mew|73\/100\n|-enditem|p1a: Mew|Weakness Policy\n|-boost|p1a: Mew|atk|2|[from] item: Weakness Policy\n|-boost|p1a: Mew|spa|2|[from] item: Weakness Policy\n|\n|-heal|p2a: Landorus|92\/100|[from] item: Leftovers\n|upkeep\n|turn|20\n|\n|t:|1627563454\n|switch|p2a: Dragapult|Dragapult, M, shiny|54\/100\n|move|p1a: Mew|Stored Power|p2a: Dragapult\n|-damage|p2a: Dragapult|0 fnt\n|faint|p2a: Dragapult\n|\n|upkeep\n|\n|t:|1627563461\n|switch|p2a: Heatran|Heatran, M|100\/100\n|turn|21\n|\n|t:|1627563463\n|move|p1a: Mew|Taunt|p2a: Heatran\n|-start|p2a: Heatran|move: Taunt\n|move|p2a: Heatran|Magma Storm|p1a: Mew\n|-damage|p1a: Mew|55\/100\n|-activate|p1a: Mew|move: Magma Storm|[of] p2a: Heatran\n|\n|-damage|p1a: Mew|42\/100|[from] move: Magma Storm|[partiallytrapped]\n|upkeep\n|turn|22\n|\n|t:|1627563466\n|move|p1a: Mew|Soft-Boiled|p1a: Mew\n|-heal|p1a: Mew|92\/100\n|move|p2a: Heatran|Heavy Slam|p1a: Mew\n|-damage|p1a: Mew|78\/100\n|\n|-damage|p1a: Mew|66\/100|[from] move: Magma Storm|[partiallytrapped]\n|upkeep\n|turn|23\n|\n|t:|1627563471\n|move|p1a: Mew|Soft-Boiled|p1a: Mew\n|-heal|p1a: Mew|100\/100\n|move|p2a: Heatran|Heavy Slam|p1a: Mew\n|-crit|p1a: Mew\n|-damage|p1a: Mew|59\/100\n|\n|-damage|p1a: Mew|47\/100|[from] move: Magma Storm|[partiallytrapped]\n|-end|p2a: Heatran|move: Taunt\n|upkeep\n|turn|24\n|\n|t:|1627563476\n|move|p1a: Mew|Taunt|p2a: Heatran\n|-start|p2a: Heatran|move: Taunt\n|move|p2a: Heatran|Magma Storm|p1a: Mew\n|-damage|p1a: Mew|29\/100\n|\n|-damage|p1a: Mew|17\/100|[from] move: Magma Storm|[partiallytrapped]\n|upkeep\n|turn|25\n|\n|t:|1627563480\n|move|p1a: Mew|Soft-Boiled|p1a: Mew\n|-heal|p1a: Mew|67\/100\n|move|p2a: Heatran|Heavy Slam|p1a: Mew\n|-damage|p1a: Mew|52\/100\n|\n|-end|p1a: Mew|Magma Storm|[partiallytrapped]\n|upkeep\n|turn|26\n|\n|t:|1627563485\n|move|p1a: Mew|Soft-Boiled|p1a: Mew\n|-heal|p1a: Mew|100\/100\n|move|p2a: Heatran|Magma Storm|p1a: Mew|[miss]\n|-miss|p2a: Heatran|p1a: Mew\n|\n|-end|p2a: Heatran|move: Taunt\n|upkeep\n|turn|27\n|\n|t:|1627563491\n|move|p1a: Mew|Taunt|p2a: Heatran\n|-start|p2a: Heatran|move: Taunt\n|cant|p2a: Heatran|move: Taunt|Taunt\n|\n|upkeep\n|turn|28\n|c|\u2606LT84JM croo|i respect a guy that doesnt forfeit\n|\n|t:|1627563500\n|move|p1a: Mew|Cosmic Power|p1a: Mew\n|-boost|p1a: Mew|def|1\n|-boost|p1a: Mew|spd|1\n|move|p2a: Heatran|Magma Storm|p1a: Mew\n|-damage|p1a: Mew|86\/100\n|-activate|p1a: Mew|move: Magma Storm|[of] p2a: Heatran\n|\n|-damage|p1a: Mew|74\/100|[from] move: Magma Storm|[partiallytrapped]\n|upkeep\n|turn|29\n|j| txtxtxt\n|c|\u2606Coach Jones 6fifth|gg\n|\n|t:|1627563514\n|move|p1a: Mew|Soft-Boiled|p1a: Mew\n|-heal|p1a: Mew|100\/100\n|move|p2a: Heatran|Heavy Slam|p1a: Mew\n|-damage|p1a: Mew|88\/100\n|\n|-damage|p1a: Mew|75\/100|[from] move: Magma Storm|[partiallytrapped]\n|-end|p2a: Heatran|move: Taunt\n|upkeep\n|turn|30\n|\n|t:|1627563517\n|move|p1a: Mew|Taunt|p2a: Heatran\n|-start|p2a: Heatran|move: Taunt\n|move|p2a: Heatran|Magma Storm|p1a: Mew\n|-damage|p1a: Mew|61\/100\n|\n|-damage|p1a: Mew|48\/100|[from] move: Magma Storm|[partiallytrapped]\n|upkeep\n|turn|31\n|\n|t:|1627563521\n|move|p1a: Mew|Soft-Boiled|p1a: Mew\n|-heal|p1a: Mew|98\/100\n|move|p2a: Heatran|Heavy Slam|p1a: Mew\n|-damage|p1a: Mew|87\/100\n|\n|-damage|p1a: Mew|75\/100|[from] move: Magma Storm|[partiallytrapped]\n|upkeep\n|turn|32\n|\n|t:|1627563524\n|move|p1a: Mew|Cosmic Power|p1a: Mew\n|-boost|p1a: Mew|def|1\n|-boost|p1a: Mew|spd|1\n|move|p2a: Heatran|Heavy Slam|p1a: Mew\n|-damage|p1a: Mew|66\/100\n|\n|-end|p1a: Mew|Magma Storm|[partiallytrapped]\n|-end|p2a: Heatran|move: Taunt\n|upkeep\n|turn|33\n|-message|Coach Jones 6fifth forfeited.\n|\n|win|LT84JM croo\n|raw|LT84JM croo's rating: 1805 &rarr; <strong>1831<\/strong><br \/>(+26 for winning)\n|raw|Coach Jones 6fifth's rating: 1917 &rarr; <strong>1891<\/strong><br \/>(-26 for losing)\n|c|\u2606LT84JM croo|gg\n|c|\u2606Coach Jones 6fifth|gg\n|l| LT84JMM\n|l|\u2606Coach Jones 6fifth\n|l| txtxtxt\n|j| serene cut\n|l| serene cut\n|l|\u2606LT84JM croo\n|l| LT84JM KON\n|j| LT84JM KON\n","uploadtime":1627564148,"views":171,"p1id":"lt84jmcroo","p2id":"coachjones6fifth","formatid":"gen8ou","rating":1831,"private":0,"password":null}