{"id":"gen8nationaldexag-1072236419","p1":"yhdrslb","p2":"nogalel","format":"gen8nationaldexag","log":"|j|\u2606yhdrslb\n|j|\u2606nogalel\n|player|p1|yhdrslb|30|1404\n|player|p2|nogalel|266|1246\n|teamsize|p1|6\n|teamsize|p2|6\n|gametype|singles\n|gen|8\n|tier|[Gen 8] National Dex AG\n|rated|\n|clearpoke\n|poke|p1|Espeon, F|\n|poke|p1|Whimsicott, M|\n|poke|p1|Lugia|\n|poke|p1|Smeargle, M|\n|poke|p1|Rayquaza|\n|poke|p1|Giratina|\n|poke|p2|Torkoal, F|\n|poke|p2|Lucario, F|\n|poke|p2|Liepard, M|\n|poke|p2|Eevee, M|\n|poke|p2|Lopunny, F|\n|poke|p2|Zacian-Crowned|\n|rule|HP Percentage Mod: HP is shown in percentages\n|rule|Endless Battle Clause: Forcing endless battles is banned\n|teampreview\n|\n|start\n|switch|p1a: Lugia|Lugia|100\/100\n|switch|p2a: Lopunny|Lopunny, F|100\/100\n|turn|1\n|\n|switch|p1a: Giratina|Giratina|100\/100\n|-ability|p1a: Giratina|Pressure\n|move|p2a: Lopunny|Magic Coat|p2a: Lopunny\n|-singleturn|p2a: Lopunny|move: Magic Coat\n|\n|upkeep\n|turn|2\n|\n|move|p2a: Lopunny|Magic Coat|p2a: Lopunny\n|-singleturn|p2a: Lopunny|move: Magic Coat\n|move|p1a: Giratina|Will-O-Wisp|p2a: Lopunny\n|move|p2a: Lopunny|Will-O-Wisp|p1a: Giratina|[from]Magic Coat\n|-status|p1a: Giratina|brn\n|\n|-damage|p1a: Giratina|94\/100 brn|[from] brn\n|upkeep\n|turn|3\n|\n|move|p2a: Lopunny|Substitute|p2a: Lopunny\n|-start|p2a: Lopunny|Substitute\n|-damage|p2a: Lopunny|76\/100\n|move|p1a: Giratina|Will-O-Wisp||[still]\n|-fail|p1a: Giratina\n|\n|-heal|p1a: Giratina|100\/100 brn|[from] item: Leftovers\n|-damage|p1a: Giratina|94\/100 brn|[from] brn\n|upkeep\n|turn|4\n|\n|switch|p1a: Rayquaza|Rayquaza|100\/100\n|-ability|p1a: Rayquaza|Air Lock\n|move|p2a: Lopunny|Switcheroo|p1a: Rayquaza\n|-activate|p2a: Lopunny|move: Trick|[of] p1a: Rayquaza\n|-item|p1a: Rayquaza|Assault Vest|[from] move: Switcheroo\n|-item|p2a: Lopunny|Life Orb|[from] move: Switcheroo\n|\n|upkeep\n|turn|5\n|\n|detailschange|p1a: Rayquaza|Rayquaza-Mega\n|-mega|p1a: Rayquaza|Rayquaza|\n|-weather|DeltaStream|[from] ability: Delta Stream|[of] p1a: Rayquaza\n|move|p2a: Lopunny|Switcheroo|p1a: Rayquaza\n|-activate|p2a: Lopunny|move: Trick|[of] p1a: Rayquaza\n|-item|p1a: Rayquaza|Life Orb|[from] move: Switcheroo\n|-item|p2a: Lopunny|Assault Vest|[from] move: Switcheroo\n|move|p1a: Rayquaza|Earthquake|p2a: Lopunny\n|-end|p2a: Lopunny|Substitute\n|-damage|p1a: Rayquaza|91\/100|[from] item: Life Orb\n|\n|-weather|DeltaStream|[upkeep]\n|upkeep\n|turn|6\n|\n|switch|p2a: Torkoal|Torkoal, F|100\/100\n|-ability|p2a: Torkoal|Drought|[from] deltastream|[fail]\n|move|p1a: Rayquaza|Extreme Speed|p2a: Torkoal\n|-damage|p2a: Torkoal|64\/100\n|-damage|p1a: Rayquaza|81\/100|[from] item: Life Orb\n|\n|-weather|DeltaStream|[upkeep]\n|upkeep\n|turn|7\n|\n|move|p1a: Rayquaza|Dragon Dance|p1a: Rayquaza\n|-boost|p1a: Rayquaza|atk|1\n|-boost|p1a: Rayquaza|spe|1\n|move|p2a: Torkoal|Stealth Rock|p1a: Rayquaza\n|-sidestart|p1: yhdrslb|move: Stealth Rock\n|\n|-weather|DeltaStream|[upkeep]\n|upkeep\n|turn|8\n|\n|move|p1a: Rayquaza|Earthquake|p2a: Torkoal\n|-supereffective|p2a: Torkoal\n|-damage|p2a: Torkoal|0 fnt\n|-damage|p1a: Rayquaza|71\/100|[from] item: Life Orb\n|faint|p2a: Torkoal\n|\n|-weather|DeltaStream|[upkeep]\n|upkeep\n|\n|switch|p2a: Lucario|Lucario, F|100\/100\n|turn|9\n|\n|detailschange|p2a: Lucario|Lucario-Mega, F\n|-mega|p2a: Lucario|Lucario|Lucarionite\n|move|p2a: Lucario|Bullet Punch|p1a: Rayquaza\n|-damage|p1a: Rayquaza|40\/100\n|move|p1a: Rayquaza|Earthquake|p2a: Lucario\n|-supereffective|p2a: Lucario\n|-damage|p2a: Lucario|0 fnt\n|-damage|p1a: Rayquaza|30\/100|[from] item: Life Orb\n|faint|p2a: Lucario\n|\n|-weather|DeltaStream|[upkeep]\n|upkeep\n|\n|switch|p2a: Eevee|Eevee, M|100\/100\n|turn|10\n|\n|move|p1a: Rayquaza|Dragon Ascent|p2a: Eevee\n|-damage|p2a: Eevee|0 fnt\n|-unboost|p1a: Rayquaza|def|1\n|-unboost|p1a: Rayquaza|spd|1\n|-damage|p1a: Rayquaza|20\/100|[from] item: Life Orb\n|faint|p2a: Eevee\n|\n|-weather|DeltaStream|[upkeep]\n|upkeep\n|\n|switch|p2a: Liepard|Liepard, M|100\/100\n|turn|11\n|\n|-start|p2a: Liepard|Dynamax\n|-heal|p2a: Liepard|100\/100|[silent]\n|move|p2a: Liepard|Max Guard|p2a: Liepard\n|-singleturn|p2a: Liepard|Max Guard\n|move|p1a: Rayquaza|Extreme Speed|p2a: Liepard\n|-activate|p2a: Liepard|move: Max Guard\n|\n|-weather|DeltaStream|[upkeep]\n|upkeep\n|turn|12\n|\n|move|p1a: Rayquaza|Dragon Ascent|p2a: Liepard\n|-enditem|p2a: Liepard|Focus Sash\n|-damage|p2a: Liepard|1\/100\n|-unboost|p1a: Rayquaza|def|1\n|-unboost|p1a: Rayquaza|spd|1\n|-damage|p1a: Rayquaza|10\/100|[from] item: Life Orb\n|move|p2a: Liepard|Max Darkness|p1a: Rayquaza\n|-damage|p1a: Rayquaza|0 fnt\n|faint|p1a: Rayquaza\n|-weather|none\n|\n|upkeep\n|\n|switch|p1a: Lugia|Lugia|100\/100\n|-damage|p1a: Lugia|76\/100|[from] Stealth Rock\n|turn|13\n|\n|move|p2a: Liepard|Max Darkness|p1a: Lugia\n|-supereffective|p1a: Lugia\n|-damage|p1a: Lugia|28\/100\n|-unboost|p1a: Lugia|spd|1\n|move|p1a: Lugia|Toxic|p2a: Liepard\n|-status|p2a: Liepard|tox\n|\n|-heal|p1a: Lugia|34\/100|[from] item: Leftovers\n|-damage|p2a: Liepard|0 fnt|[from] psn\n|faint|p2a: Liepard\n|upkeep\n|\n|switch|p2a: Lopunny|Lopunny, F|76\/100\n|turn|14\n|\n|move|p2a: Lopunny|Substitute|p2a: Lopunny\n|-start|p2a: Lopunny|Substitute\n|-damage|p2a: Lopunny|51\/100\n|move|p1a: Lugia|Substitute|p1a: Lugia\n|-start|p1a: Lugia|Substitute\n|-damage|p1a: Lugia|9\/100\n|\n|-heal|p1a: Lugia|15\/100|[from] item: Leftovers\n|upkeep\n|turn|15\n|\n|move|p2a: Lopunny|Power-Up Punch|p1a: Lugia\n|-resisted|p1a: Lugia\n|-activate|p1a: Lugia|move: Substitute|[damage]\n|-boost|p2a: Lopunny|atk|1\n|move|p1a: Lugia|Roost|p1a: Lugia\n|-heal|p1a: Lugia|65\/100\n|-singleturn|p1a: Lugia|move: Roost\n|\n|-heal|p1a: Lugia|71\/100|[from] item: Leftovers\n|upkeep\n|turn|16\n|\n|move|p2a: Lopunny|Power-Up Punch|p1a: Lugia\n|-resisted|p1a: Lugia\n|-activate|p1a: Lugia|move: Substitute|[damage]\n|-boost|p2a: Lopunny|atk|1\n|move|p1a: Lugia|Roost|p1a: Lugia\n|-heal|p1a: Lugia|100\/100\n|-singleturn|p1a: Lugia|move: Roost\n|\n|upkeep\n|turn|17\n|\n|move|p2a: Lopunny|Power-Up Punch|p1a: Lugia\n|-resisted|p1a: Lugia\n|-crit|p1a: Lugia\n|-activate|p1a: Lugia|move: Substitute|[damage]\n|-boost|p2a: Lopunny|atk|1\n|move|p1a: Lugia|Whirlwind|p2a: Lopunny\n|drag|p2a: Zacian|Zacian-Crowned|100\/100\n|-ability|p2a: Zacian|Intrepid Sword|boost\n|-boost|p2a: Zacian|atk|1\n|\n|upkeep\n|turn|18\n|\n|move|p2a: Zacian|Behemoth Blade|p1a: Lugia\n|-end|p1a: Lugia|Substitute\n|move|p1a: Lugia|Toxic|p2a: Zacian\n|-immune|p2a: Zacian\n|\n|upkeep\n|turn|19\n|\n|move|p2a: Zacian|Behemoth Blade|p1a: Lugia\n|-damage|p1a: Lugia|77\/100\n|move|p1a: Lugia|Substitute|p1a: Lugia\n|-start|p1a: Lugia|Substitute\n|-damage|p1a: Lugia|52\/100\n|\n|-heal|p1a: Lugia|58\/100|[from] item: Leftovers\n|upkeep\n|turn|20\n|\n|move|p2a: Zacian|Behemoth Blade|p1a: Lugia\n|-end|p1a: Lugia|Substitute\n|move|p1a: Lugia|Roost|p1a: Lugia\n|-heal|p1a: Lugia|100\/100\n|-singleturn|p1a: Lugia|move: Roost\n|\n|upkeep\n|turn|21\n|\n|move|p2a: Zacian|Behemoth Blade|p1a: Lugia\n|-damage|p1a: Lugia|77\/100\n|move|p1a: Lugia|Substitute|p1a: Lugia\n|-start|p1a: Lugia|Substitute\n|-damage|p1a: Lugia|52\/100\n|\n|-heal|p1a: Lugia|58\/100|[from] item: Leftovers\n|upkeep\n|turn|22\n|\n|move|p2a: Zacian|Behemoth Blade|p1a: Lugia\n|-end|p1a: Lugia|Substitute\n|move|p1a: Lugia|Roost|p1a: Lugia\n|-heal|p1a: Lugia|100\/100\n|-singleturn|p1a: Lugia|move: Roost\n|\n|upkeep\n|turn|23\n|\n|move|p2a: Zacian|Swords Dance|p2a: Zacian\n|-boost|p2a: Zacian|atk|2\n|move|p1a: Lugia|Substitute|p1a: Lugia\n|-start|p1a: Lugia|Substitute\n|-damage|p1a: Lugia|76\/100\n|\n|-heal|p1a: Lugia|82\/100|[from] item: Leftovers\n|upkeep\n|turn|24\n|\n|move|p2a: Zacian|Play Rough|p1a: Lugia\n|-end|p1a: Lugia|Substitute\n|move|p1a: Lugia|Whirlwind|p2a: Zacian\n|drag|p2a: Lopunny|Lopunny, F|51\/100\n|\n|-heal|p1a: Lugia|88\/100|[from] item: Leftovers\n|upkeep\n|turn|25\n|\n|switch|p1a: Espeon|Espeon, F|100\/100\n|-damage|p1a: Espeon|88\/100|[from] Stealth Rock\n|move|p2a: Lopunny|Magic Coat|p2a: Lopunny\n|-singleturn|p2a: Lopunny|move: Magic Coat\n|\n|upkeep\n|turn|26\n|\n|switch|p2a: Zacian|Zacian-Crowned|100\/100\n|-ability|p2a: Zacian|Intrepid Sword|boost\n|-boost|p2a: Zacian|atk|1\n|move|p1a: Espeon|Reflect|p1a: Espeon\n|-sidestart|p1: yhdrslb|Reflect\n|\n|upkeep\n|turn|27\n|\n|switch|p1a: Giratina|Giratina|94\/100 brn\n|-damage|p1a: Giratina|82\/100 brn|[from] Stealth Rock\n|-ability|p1a: Giratina|Pressure\n|move|p2a: Zacian|Swords Dance|p2a: Zacian\n|-boost|p2a: Zacian|atk|2\n|\n|-heal|p1a: Giratina|88\/100 brn|[from] item: Leftovers\n|-damage|p1a: Giratina|82\/100 brn|[from] brn\n|upkeep\n|turn|28\n|\n|move|p2a: Zacian|Play Rough|p1a: Giratina\n|-supereffective|p1a: Giratina\n|-damage|p1a: Giratina|7\/100 brn\n|move|p1a: Giratina|Will-O-Wisp|p2a: Zacian|[miss]\n|-miss|p1a: Giratina|p2a: Zacian\n|\n|-heal|p1a: Giratina|13\/100 brn|[from] item: Leftovers\n|-damage|p1a: Giratina|7\/100 brn|[from] brn\n|upkeep\n|turn|29\n|\n|move|p2a: Zacian|Behemoth Blade|p1a: Giratina\n|-damage|p1a: Giratina|0 fnt\n|faint|p1a: Giratina\n|\n|upkeep\n|\n|switch|p1a: Lugia|Lugia|88\/100\n|-damage|p1a: Lugia|63\/100|[from] Stealth Rock\n|turn|30\n|\n|move|p2a: Zacian|Play Rough|p1a: Lugia\n|-damage|p1a: Lugia|27\/100\n|move|p1a: Lugia|Roost|p1a: Lugia\n|-heal|p1a: Lugia|77\/100\n|-singleturn|p1a: Lugia|move: Roost\n|\n|-heal|p1a: Lugia|83\/100|[from] item: Leftovers\n|-sideend|p1: yhdrslb|Reflect\n|upkeep\n|turn|31\n|\n|move|p2a: Zacian|Play Rough|p1a: Lugia|[miss]\n|-miss|p2a: Zacian|p1a: Lugia\n|move|p1a: Lugia|Whirlwind|p2a: Zacian\n|drag|p2a: Lopunny|Lopunny, F|51\/100\n|\n|-heal|p1a: Lugia|89\/100|[from] item: Leftovers\n|upkeep\n|turn|32\n|\n|switch|p1a: Espeon|Espeon, F|88\/100\n|-damage|p1a: Espeon|76\/100|[from] Stealth Rock\n|move|p2a: Lopunny|Magic Coat|p2a: Lopunny\n|-singleturn|p2a: Lopunny|move: Magic Coat\n|\n|upkeep\n|turn|33\n|\n|switch|p2a: Zacian|Zacian-Crowned|100\/100\n|-ability|p2a: Zacian|Intrepid Sword|boost\n|-boost|p2a: Zacian|atk|1\n|move|p1a: Espeon|Reflect|p1a: Espeon\n|-sidestart|p1: yhdrslb|Reflect\n|\n|upkeep\n|turn|34\n|\n|switch|p1a: Whimsicott|Whimsicott, M|100\/100\n|-damage|p1a: Whimsicott|88\/100|[from] Stealth Rock\n|move|p2a: Zacian|Swords Dance|p2a: Zacian\n|-boost|p2a: Zacian|atk|2\n|\n|upkeep\n|turn|35\n|\n|move|p1a: Whimsicott|Defog|p2a: Zacian\n|-unboost|p2a: Zacian|evasion|1\n|-sideend|p1: yhdrslb|Stealth Rock|[from] move: Defog|[of] p1a: Whimsicott\n|move|p2a: Zacian|Play Rough|p1a: Whimsicott\n|-damage|p1a: Whimsicott|31\/100\n|\n|upkeep\n|turn|36\n|\n|move|p1a: Whimsicott|Leech Seed|p2a: Zacian\n|-start|p2a: Zacian|move: Leech Seed\n|move|p2a: Zacian|Play Rough|p1a: Whimsicott\n|-crit|p1a: Whimsicott\n|-damage|p1a: Whimsicott|0 fnt\n|faint|p1a: Whimsicott\n|\n|upkeep\n|\n|switch|p1a: Lugia|Lugia|89\/100\n|turn|37\n|\n|move|p2a: Zacian|Play Rough|p1a: Lugia\n|-damage|p1a: Lugia|50\/100\n|move|p1a: Lugia|Roost|p1a: Lugia\n|-heal|p1a: Lugia|99\/100\n|-singleturn|p1a: Lugia|move: Roost\n|\n|-heal|p1a: Lugia|100\/100|[from] item: Leftovers\n|-damage|p2a: Zacian|88\/100|[from] Leech Seed|[of] p1a: Lugia\n|-sideend|p1: yhdrslb|Reflect\n|upkeep\n|turn|38\n|\n|move|p2a: Zacian|Play Rough|p1a: Lugia\n|-damage|p1a: Lugia|65\/100\n|move|p1a: Lugia|Substitute|p1a: Lugia\n|-start|p1a: Lugia|Substitute\n|-damage|p1a: Lugia|40\/100\n|\n|-heal|p1a: Lugia|46\/100|[from] item: Leftovers\n|-damage|p2a: Zacian|76\/100|[from] Leech Seed|[of] p1a: Lugia\n|-heal|p1a: Lugia|56\/100|[silent]\n|upkeep\n|turn|39\n|\n|move|p2a: Zacian|Play Rough|p1a: Lugia\n|-end|p1a: Lugia|Substitute\n|move|p1a: Lugia|Roost|p1a: Lugia\n|-heal|p1a: Lugia|100\/100\n|-singleturn|p1a: Lugia|move: Roost\n|\n|-damage|p2a: Zacian|64\/100|[from] Leech Seed|[of] p1a: Lugia\n|upkeep\n|turn|40\n|\n|move|p2a: Zacian|Play Rough|p1a: Lugia\n|-damage|p1a: Lugia|63\/100\n|move|p1a: Lugia|Substitute|p1a: Lugia\n|-start|p1a: Lugia|Substitute\n|-damage|p1a: Lugia|38\/100\n|\n|-heal|p1a: Lugia|45\/100|[from] item: Leftovers\n|-damage|p2a: Zacian|51\/100|[from] Leech Seed|[of] p1a: Lugia\n|-heal|p1a: Lugia|54\/100|[silent]\n|upkeep\n|turn|41\n|\n|move|p2a: Zacian|Play Rough|p1a: Lugia\n|-end|p1a: Lugia|Substitute\n|move|p1a: Lugia|Roost|p1a: Lugia\n|-heal|p1a: Lugia|100\/100\n|-singleturn|p1a: Lugia|move: Roost\n|\n|-damage|p2a: Zacian|39\/100|[from] Leech Seed|[of] p1a: Lugia\n|upkeep\n|turn|42\n|\n|move|p2a: Zacian|Play Rough|p1a: Lugia|[miss]\n|-miss|p2a: Zacian|p1a: Lugia\n|move|p1a: Lugia|Substitute|p1a: Lugia\n|-start|p1a: Lugia|Substitute\n|-damage|p1a: Lugia|76\/100\n|\n|-heal|p1a: Lugia|82\/100|[from] item: Leftovers\n|-damage|p2a: Zacian|27\/100|[from] Leech Seed|[of] p1a: Lugia\n|-heal|p1a: Lugia|91\/100|[silent]\n|upkeep\n|turn|43\n|\n|move|p2a: Zacian|Play Rough|p1a: Lugia\n|-end|p1a: Lugia|Substitute\n|move|p1a: Lugia|Substitute|p1a: Lugia\n|-start|p1a: Lugia|Substitute\n|-damage|p1a: Lugia|67\/100\n|\n|-heal|p1a: Lugia|73\/100|[from] item: Leftovers\n|-damage|p2a: Zacian|14\/100|[from] Leech Seed|[of] p1a: Lugia\n|-heal|p1a: Lugia|82\/100|[silent]\n|upkeep\n|turn|44\n|\n|move|p2a: Zacian|Play Rough|p1a: Lugia\n|-end|p1a: Lugia|Substitute\n|move|p1a: Lugia|Substitute|p1a: Lugia\n|-start|p1a: Lugia|Substitute\n|-damage|p1a: Lugia|58\/100\n|\n|-heal|p1a: Lugia|64\/100|[from] item: Leftovers\n|-damage|p2a: Zacian|2\/100|[from] Leech Seed|[of] p1a: Lugia\n|-heal|p1a: Lugia|73\/100|[silent]\n|upkeep\n|turn|45\n|\n|switch|p2a: Lopunny|Lopunny, F|51\/100\n|move|p1a: Lugia|Substitute|p1a: Lugia\n|-fail|p1a: Lugia|move: Substitute\n|\n|-heal|p1a: Lugia|80\/100|[from] item: Leftovers\n|upkeep\n|turn|46\n|\n|switch|p1a: Espeon|Espeon, F|76\/100\n|move|p2a: Lopunny|Substitute|p2a: Lopunny\n|-start|p2a: Lopunny|Substitute\n|-damage|p2a: Lopunny|26\/100\n|\n|upkeep\n|turn|47\n|\n|move|p1a: Espeon|Reflect|p1a: Espeon\n|-sidestart|p1: yhdrslb|Reflect\n|move|p2a: Lopunny|Switcheroo|p1a: Espeon\n|-activate|p2a: Lopunny|move: Trick|[of] p1a: Espeon\n|-item|p1a: Espeon|Assault Vest|[from] move: Switcheroo\n|-item|p2a: Lopunny|Choice Scarf|[from] move: Switcheroo\n|\n|upkeep\n|turn|48\n|\n|-activate|p1a: Espeon|move: Struggle\n|move|p1a: Espeon|Struggle|p2a: Lopunny\n|-activate|p2a: Lopunny|move: Substitute|[damage]\n|-damage|p1a: Espeon|51\/100|[from] recoil\n|move|p2a: Lopunny|Switcheroo|p1a: Espeon\n|-activate|p2a: Lopunny|move: Trick|[of] p1a: Espeon\n|-item|p1a: Espeon|Choice Scarf|[from] move: Switcheroo\n|-item|p2a: Lopunny|Assault Vest|[from] move: Switcheroo\n|\n|upkeep\n|turn|49\n|\n|move|p1a: Espeon|Reflect||[still]\n|-fail|p1a: Espeon\n|move|p2a: Lopunny|Power-Up Punch|p1a: Espeon\n|-resisted|p1a: Espeon\n|-damage|p1a: Espeon|48\/100\n|-boost|p2a: Lopunny|atk|1\n|\n|upkeep\n|turn|50\n|\n|switch|p1a: Lugia|Lugia|80\/100\n|move|p2a: Lopunny|Power-Up Punch|p1a: Lugia\n|-resisted|p1a: Lugia\n|-damage|p1a: Lugia|79\/100\n|-boost|p2a: Lopunny|atk|1\n|\n|-heal|p1a: Lugia|85\/100|[from] item: Leftovers\n|upkeep\n|turn|51\n|\n|switch|p1a: Espeon|Espeon, F|48\/100\n|move|p2a: Lopunny|Switcheroo|p1a: Espeon\n|-activate|p2a: Lopunny|move: Trick|[of] p1a: Espeon\n|-item|p1a: Espeon|Assault Vest|[from] move: Switcheroo\n|-item|p2a: Lopunny|Choice Scarf|[from] move: Switcheroo\n|\n|-sideend|p1: yhdrslb|Reflect\n|upkeep\n|turn|52\n|\n|-activate|p1a: Espeon|move: Struggle\n|move|p1a: Espeon|Struggle|p2a: Lopunny\n|-activate|p2a: Lopunny|move: Substitute|[damage]\n|-damage|p1a: Espeon|23\/100|[from] recoil\n|move|p2a: Lopunny|Switcheroo|p1a: Espeon\n|-activate|p2a: Lopunny|move: Trick|[of] p1a: Espeon\n|-item|p1a: Espeon|Choice Scarf|[from] move: Switcheroo\n|-item|p2a: Lopunny|Assault Vest|[from] move: Switcheroo\n|\n|upkeep\n|turn|53\n|\n|switch|p1a: Lugia|Lugia|85\/100\n|move|p2a: Lopunny|Power-Up Punch|p1a: Lugia\n|-resisted|p1a: Lugia\n|-damage|p1a: Lugia|83\/100\n|-boost|p2a: Lopunny|atk|1\n|\n|-heal|p1a: Lugia|89\/100|[from] item: Leftovers\n|upkeep\n|turn|54\n|\n|switch|p1a: Espeon|Espeon, F|23\/100\n|move|p2a: Lopunny|Switcheroo|p1a: Espeon\n|-activate|p2a: Lopunny|move: Trick|[of] p1a: Espeon\n|-item|p1a: Espeon|Assault Vest|[from] move: Switcheroo\n|-item|p2a: Lopunny|Choice Scarf|[from] move: Switcheroo\n|\n|upkeep\n|turn|55\n|\n|-activate|p1a: Espeon|move: Struggle\n|move|p1a: Espeon|Struggle|p2a: Lopunny\n|-activate|p2a: Lopunny|move: Substitute|[damage]\n|-damage|p1a: Espeon|0 fnt|[from] recoil\n|faint|p1a: Espeon\n|move|p2a: Lopunny|Power-Up Punch|p1: Espeon|[notarget]\n|-fail|p2a: Lopunny\n|\n|upkeep\n|\n|switch|p1a: Lugia|Lugia|89\/100\n|turn|56\n|\n|move|p2a: Lopunny|Switcheroo|p1a: Lugia\n|-activate|p2a: Lopunny|move: Trick|[of] p1a: Lugia\n|-item|p1a: Lugia|Choice Scarf|[from] move: Switcheroo\n|-item|p2a: Lopunny|Leftovers|[from] move: Switcheroo\n|move|p1a: Lugia|Substitute|p1a: Lugia\n|-start|p1a: Lugia|Substitute\n|-damage|p1a: Lugia|64\/100\n|\n|upkeep\n|turn|57\n|-message|yhdrslb forfeited.\n|\n|win|nogalel\n|l|\u2606yhdrslb\n|raw|yhdrslb's rating: 1420 &rarr; <strong>1390<\/strong><br \/>(-30 for losing)\n|raw|nogalel's rating: 1221 &rarr; <strong>1259<\/strong><br \/>(+38 for winning)\n","uploadtime":1583161534,"views":2,"p1id":"yhdrslb","p2id":"nogalel","formatid":"gen8nationaldexag","rating":1259,"private":0,"password":null}