{"id":"gen8randombattle-1706966130","p1":"jonard999","p2":"FearOfGodDrip","format":"gen8randombattle","log":"|j|\u2606jonard999\n|j|\u2606FearOfGodDrip\n|t:|1668037106\n|gametype|singles\n|player|p1|jonard999|harlequin|1358\n|player|p2|FearOfGodDrip|265|1343\n|teamsize|p1|6\n|teamsize|p2|6\n|gen|8\n|tier|[Gen 8] Random Battle\n|rated|\n|rule|Species Clause: Limit one of each Pok\u00e9mon\n|rule|HP Percentage Mod: HP is shown in percentages\n|rule|Sleep Clause Mod: Limit one foe put to sleep\n|\n|t:|1668037106\n|start\n|switch|p1a: Noivern|Noivern, L82, F|274\/274\n|switch|p2a: Primarina|Primarina, L82, F|265\/265\n|turn|1\n|inactive|Battle timer is ON: inactive players will automatically lose when time's up. (requested by jonard999)\n|\n|t:|1668037126\n|switch|p1a: Ferrothorn|Ferrothorn, L78, F|244\/244\n|move|p2a: Primarina|Moonblast|p1a: Ferrothorn\n|-resisted|p1a: Ferrothorn\n|-damage|p1a: Ferrothorn|197\/244\n|\n|-heal|p1a: Ferrothorn|212\/244|[from] item: Leftovers\n|upkeep\n|turn|2\n|\n|t:|1668037147\n|switch|p2a: Sudowoodo|Sudowoodo, L87, F|264\/264\n|move|p1a: Ferrothorn|Stealth Rock|p2a: Sudowoodo\n|-sidestart|p2: FearOfGodDrip|move: Stealth Rock\n|\n|-heal|p1a: Ferrothorn|227\/244|[from] item: Leftovers\n|upkeep\n|turn|3\n|\n|t:|1668037154\n|move|p2a: Sudowoodo|Stealth Rock|p1a: Ferrothorn\n|-sidestart|p1: jonard999|move: Stealth Rock\n|move|p1a: Ferrothorn|Spikes|p2a: Sudowoodo\n|-sidestart|p2: FearOfGodDrip|Spikes\n|\n|-heal|p1a: Ferrothorn|242\/244|[from] item: Leftovers\n|upkeep\n|turn|4\n|inactive|FearOfGodDrip has 120 seconds left.\n|\n|t:|1668037191\n|switch|p2a: Machamp|Machamp, L82, F|282\/282\n|-damage|p2a: Machamp|265\/282|[from] Stealth Rock\n|-damage|p2a: Machamp|230\/282|[from] Spikes\n|move|p1a: Ferrothorn|Spikes|p2a: Machamp\n|-sidestart|p2: FearOfGodDrip|Spikes\n|\n|-heal|p1a: Ferrothorn|244\/244|[from] item: Leftovers\n|upkeep\n|turn|5\n|\n|t:|1668037231\n|switch|p1a: Noivern|Noivern, L82, F|274\/274\n|move|p2a: Machamp|Dynamic Punch|p1a: Noivern\n|-resisted|p1a: Noivern\n|-damage|p1a: Noivern|178\/274\n|-start|p1a: Noivern|confusion\n|\n|upkeep\n|turn|6\n|inactive|jonard999 has 120 seconds left.\n|inactive|jonard999 has 90 seconds left.\n|\n|t:|1668037288\n|switch|p2a: Dugtrio|Dugtrio, L82, F|192\/192\n|-damage|p2a: Dugtrio|180\/192|[from] Stealth Rock\n|-damage|p2a: Dugtrio|148\/192|[from] Spikes\n|-activate|p1a: Noivern|confusion\n|move|p1a: Noivern|Hurricane|p2a: Dugtrio\n|-damage|p2a: Dugtrio|7\/192\n|\n|upkeep\n|turn|7\n|inactive|FearOfGodDrip has 90 seconds left.\n|\n|t:|1668037315\n|move|p2a: Dugtrio|Sucker Punch||[still]\n|-fail|p2a: Dugtrio\n|-activate|p1a: Noivern|confusion\n|move|p1a: Noivern|Roost|p1a: Noivern\n|-heal|p1a: Noivern|274\/274\n|-singleturn|p1a: Noivern|move: Roost\n|\n|upkeep\n|turn|8\n|\n|t:|1668037338\n|move|p2a: Dugtrio|Sucker Punch|p1a: Noivern\n|-damage|p1a: Noivern|198\/274\n|-activate|p1a: Noivern|confusion\n|-damage|p1a: Noivern|179\/274|[from] confusion\n|\n|upkeep\n|turn|9\n|inactive|FearOfGodDrip has 90 seconds left.\n|\n|t:|1668037344\n|move|p2a: Dugtrio|Sucker Punch|p1a: Noivern\n|-damage|p1a: Noivern|95\/274\n|-activate|p1a: Noivern|confusion\n|move|p1a: Noivern|Hurricane|p2a: Dugtrio\n|-damage|p2a: Dugtrio|0 fnt\n|faint|p2a: Dugtrio\n|\n|upkeep\n|inactive|FearOfGodDrip has 90 seconds left.\n|\n|t:|1668037370\n|switch|p2a: Polteageist|Polteageist, L78|222\/222\n|-damage|p2a: Polteageist|195\/222|[from] Stealth Rock\n|-damage|p2a: Polteageist|158\/222|[from] Spikes\n|turn|10\n|\n|t:|1668037386\n|-end|p1a: Noivern|confusion\n|move|p1a: Noivern|Draco Meteor|p2a: Polteageist\n|-damage|p2a: Polteageist|37\/222\n|-unboost|p1a: Noivern|spa|2\n|move|p2a: Polteageist|Shell Smash|p2a: Polteageist\n|-unboost|p2a: Polteageist|def|1\n|-unboost|p2a: Polteageist|spd|1\n|-boost|p2a: Polteageist|atk|2\n|-boost|p2a: Polteageist|spa|2\n|-boost|p2a: Polteageist|spe|2\n|-enditem|p2a: Polteageist|White Herb\n|-clearnegativeboost|p2a: Polteageist|[silent]\n|\n|upkeep\n|turn|11\n|\n|t:|1668037403\n|move|p2a: Polteageist|Strength Sap|p1a: Noivern\n|-unboost|p1a: Noivern|atk|1\n|-heal|p2a: Polteageist|156\/222\n|move|p1a: Noivern|Roost|p1a: Noivern\n|-heal|p1a: Noivern|232\/274\n|-singleturn|p1a: Noivern|move: Roost\n|\n|upkeep\n|turn|12\n|\n|t:|1668037420\n|switch|p1a: Ferrothorn|Ferrothorn, L78, F|244\/244\n|-damage|p1a: Ferrothorn|229\/244|[from] Stealth Rock\n|-start|p2a: Polteageist|Dynamax|\n|-heal|p2a: Polteageist|312\/444|[silent]\n|move|p2a: Polteageist|Max Phantasm|p1a: Ferrothorn\n|-crit|p1a: Ferrothorn\n|-damage|p1a: Ferrothorn|0 fnt\n|faint|p1a: Ferrothorn\n|\n|upkeep\n|\n|t:|1668037428\n|switch|p1a: Drapion|Drapion, L82, M|249\/249\n|-damage|p1a: Drapion|218\/249|[from] Stealth Rock\n|turn|13\n|\n|t:|1668037434\n|-start|p1a: Drapion|Dynamax|\n|-heal|p1a: Drapion|436\/498|[silent]\n|move|p2a: Polteageist|Max Phantasm|p1a: Drapion\n|-resisted|p1a: Drapion\n|-crit|p1a: Drapion\n|-damage|p1a: Drapion|169\/498\n|-unboost|p1a: Drapion|def|1\n|move|p1a: Drapion|Max Darkness|p2a: Polteageist\n|-supereffective|p2a: Polteageist\n|-damage|p2a: Polteageist|0 fnt\n|faint|p2a: Polteageist\n|-damage|p1a: Drapion|145\/498|[from] item: Life Orb\n|\n|upkeep\n|\n|t:|1668037454\n|switch|p2a: Primarina|Primarina, L82, F|265\/265\n|-damage|p2a: Primarina|232\/265|[from] Stealth Rock\n|-damage|p2a: Primarina|188\/265|[from] Spikes\n|turn|14\n|inactive|FearOfGodDrip has 60 seconds left.\n|\n|t:|1668037477\n|move|p2a: Primarina|Hydro Pump|p1a: Drapion\n|-damage|p1a: Drapion|0 fnt\n|faint|p1a: Drapion\n|\n|upkeep\n|\n|t:|1668037486\n|switch|p1a: Whimsicott|Whimsicott, L84, M|238\/238\n|-damage|p1a: Whimsicott|209\/238|[from] Stealth Rock\n|turn|15\n|inactive|FearOfGodDrip has 60 seconds left.\n|\n|t:|1668037512\n|switch|p2a: Sudowoodo|Sudowoodo, L87, F|264\/264\n|-damage|p2a: Sudowoodo|231\/264|[from] Stealth Rock\n|-damage|p2a: Sudowoodo|187\/264|[from] Spikes\n|move|p1a: Whimsicott|U-turn|p2a: Sudowoodo\n|-damage|p2a: Sudowoodo|157\/264\n|inactive|jonard999 has 90 seconds left.\n|\n|t:|1668037548\n|switch|p1a: Basculin|Basculin-Blue-Striped, L86, F|261\/261\n|-damage|p1a: Basculin|229\/261|[from] Stealth Rock\n|\n|-heal|p2a: Sudowoodo|173\/264|[from] item: Leftovers\n|upkeep\n|turn|16\n|\n|t:|1668037567\n|move|p2a: Sudowoodo|Sucker Punch|p1a: Basculin\n|-damage|p1a: Basculin|164\/261\n|move|p1a: Basculin|Flip Turn|p2a: Sudowoodo\n|-supereffective|p2a: Sudowoodo\n|-damage|p2a: Sudowoodo|0 fnt\n|faint|p2a: Sudowoodo\n|\n|t:|1668037574\n|switch|p1a: Whimsicott|Whimsicott, L84, M|209\/238\n|-damage|p1a: Whimsicott|180\/238|[from] Stealth Rock\n|\n|-heal|p1a: Whimsicott|194\/238|[from] item: Leftovers\n|upkeep\n|\n|t:|1668037589\n|switch|p2a: Machamp|Machamp, L82, F|230\/282\n|-damage|p2a: Machamp|213\/282|[from] Stealth Rock\n|-damage|p2a: Machamp|166\/282|[from] Spikes\n|turn|17\n|\n|t:|1668037602\n|move|p2a: Machamp|Bullet Punch|p1a: Whimsicott\n|-supereffective|p1a: Whimsicott\n|-damage|p1a: Whimsicott|92\/238\n|move|p1a: Whimsicott|Moonblast|p2a: Machamp\n|-supereffective|p2a: Machamp\n|-damage|p2a: Machamp|0 fnt\n|faint|p2a: Machamp\n|\n|-heal|p1a: Whimsicott|106\/238|[from] item: Leftovers\n|upkeep\n|\n|t:|1668037619\n|switch|p2a: Frosmoth|Frosmoth, L82, M|249\/249\n|turn|18\n|\n|t:|1668037623\n|move|p1a: Whimsicott|U-turn|p2a: Frosmoth\n|-damage|p2a: Frosmoth|196\/249\n|\n|t:|1668037629\n|switch|p1a: Noivern|Noivern, L82, F|232\/274\n|move|p2a: Frosmoth|Quiver Dance|p2a: Frosmoth\n|-boost|p2a: Frosmoth|spa|1\n|-boost|p2a: Frosmoth|spd|1\n|-boost|p2a: Frosmoth|spe|1\n|\n|upkeep\n|turn|19\n|inactive|jonard999 has 120 seconds left.\n|inactive|jonard999 has 90 seconds left.\n|inactive|FearOfGodDrip has 30 seconds left.\n|\n|t:|1668037668\n|move|p1a: Noivern|Hurricane|p2a: Frosmoth\n|-supereffective|p2a: Frosmoth\n|-damage|p2a: Frosmoth|121\/249\n|-start|p2a: Frosmoth|confusion\n|-activate|p2a: Frosmoth|confusion\n|move|p2a: Frosmoth|Ice Beam|p1a: Noivern\n|-supereffective|p1a: Noivern\n|-damage|p1a: Noivern|0 fnt\n|faint|p1a: Noivern\n|\n|upkeep\n|inactive|jonard999 has 90 seconds left.\n|\n|t:|1668037686\n|switch|p1a: Basculin|Basculin-Blue-Striped, L86, F|164\/261\n|-damage|p1a: Basculin|132\/261|[from] Stealth Rock\n|turn|20\n|\n|t:|1668037695\n|-activate|p2a: Frosmoth|confusion\n|move|p2a: Frosmoth|Giga Drain|p1a: Basculin\n|-supereffective|p1a: Basculin\n|-damage|p1a: Basculin|0 fnt\n|-heal|p2a: Frosmoth|187\/249|[from] drain|[of] p1a: Basculin\n|faint|p1a: Basculin\n|\n|upkeep\n|\n|t:|1668037699\n|switch|p1a: Xerneas|Xerneas, L67|280\/280\n|-damage|p1a: Xerneas|245\/280|[from] Stealth Rock\n|-ability|p1a: Xerneas|Fairy Aura\n|turn|21\n|inactive|FearOfGodDrip has 30 seconds left.\n|inactive|FearOfGodDrip has 20 seconds left.\n|\n|t:|1668037738\n|-activate|p2a: Frosmoth|confusion\n|move|p2a: Frosmoth|Ice Beam|p1a: Xerneas\n|-damage|p1a: Xerneas|67\/280\n|move|p1a: Xerneas|Geomancy||[still]\n|-prepare|p1a: Xerneas|Geomancy\n|-enditem|p1a: Xerneas|Power Herb\n|-anim|p1a: Xerneas|Geomancy|p1a: Xerneas\n|-boost|p1a: Xerneas|spa|2\n|-boost|p1a: Xerneas|spd|2\n|-boost|p1a: Xerneas|spe|2\n|\n|upkeep\n|turn|22\n|inactive|FearOfGodDrip has 30 seconds left this turn.\n|inactive|FearOfGodDrip has 20 seconds left.\n|\n|t:|1668037753\n|move|p1a: Xerneas|Psyshock|p2a: Frosmoth\n|-damage|p2a: Frosmoth|124\/249\n|-activate|p2a: Frosmoth|confusion\n|move|p2a: Frosmoth|Ice Beam|p1a: Xerneas\n|-damage|p1a: Xerneas|0 fnt\n|faint|p1a: Xerneas\n|\n|upkeep\n|inactive|FearOfGodDrip has 25 seconds left this turn.\n|-message|jonard999 forfeited.\n|\n|win|FearOfGodDrip\n|inactive|FearOfGodDrip has 30 seconds left this turn.\n|raw|jonard999's rating: 1358 &rarr; <strong>1337<\/strong><br \/>(-21 for losing)\n|raw|FearOfGodDrip's rating: 1343 &rarr; <strong>1364<\/strong><br \/>(+21 for winning)\n|l|\u2606jonard999\n","inputlog":">version 453a3ad56483cc6a5c08448f6577d394b68621b7\n>start {\"formatid\":\"gen8randombattle\",\"seed\":[52385,47800,28856,52352],\"rated\":\"Rated battle\"}\n>player p1 {\"name\":\"jonard999\",\"avatar\":\"harlequin\",\"rating\":1358,\"seed\":[18726,6949,43201,943]}\n>player p2 {\"name\":\"FearOfGodDrip\",\"avatar\":\"265\",\"rating\":1343,\"seed\":[4259,8038,38398,44017]}\n>p1 switch 4\n>p2 move moonblast\n>p1 move stealthrock\n>p2 switch 2\n>p1 move spikes\n>p2 move stealthrock\n>p1 move spikes\n>p2 switch 4\n>p1 switch 4\n>p2 move dynamicpunch\n>p1 move hurricane\n>p2 switch 3\n>p1 move roost\n>p2 move suckerpunch\n>p1 move hurricane\n>p2 move suckerpunch\n>p1 move hurricane\n>p2 move suckerpunch\n>p2 switch 6\n>p1 move dracometeor\n>p2 move shellsmash\n>p1 move roost\n>p2 move strengthsap\n>p1 switch 4\n>p2 move shadowball dynamax\n>p1 switch 6\n>p1 move knockoff dynamax\n>p2 move shadowball dynamax\n>p2 switch 2\n>p1 move poisonjab dynamax\n>p2 move hydropump\n>p1 switch 3\n>p1 move uturn\n>p2 switch 4\n>p1 switch 2\n>p1 move flipturn\n>p2 move suckerpunch\n>p1 switch 2\n>p2 switch 3\n>p1 move moonblast\n>p2 move bulletpunch\n>p2 switch 5\n>p1 move uturn\n>p2 move quiverdance\n>p1 switch 4\n>p1 move hurricane\n>p2 move icebeam\n>p1 switch 2\n>p1 move superpower\n>p2 move gigadrain\n>p1 switch 5\n>p1 move geomancy\n>p2 move icebeam\n>p1 move psyshock\n>p2 move icebeam\n>forcelose p1","uploadtime":1668037766,"views":4,"p1id":"jonard999","p2id":"fearofgoddrip","formatid":"gen8randombattle","rating":1337,"private":0,"password":null}