{"id":"gen8ou-1635333550","p1":"himynametay","p2":"LT92PF Shoot","format":"gen8ou","log":"|j|\u203dhimynametay\n|j|\u2606LT92PF Shoot\n|t:|1659999168\n|gametype|singles\n|player|p1|himynametay|elesa-masters|1640\n|player|p2|LT92PF Shoot|blue-gen7|1735\n|teamsize|p1|6\n|teamsize|p2|6\n|gen|8\n|tier|[Gen 8] OU\n|rated|\n|rule|Sleep Clause Mod: Limit one foe put to sleep\n|rule|Species Clause: Limit one of each Pok\u00e9mon\n|rule|OHKO Clause: OHKO moves are banned\n|rule|Evasion Items Clause: Evasion items are banned\n|rule|Evasion Moves Clause: Evasion moves are banned\n|rule|Endless Battle Clause: Forcing endless battles is banned\n|rule|HP Percentage Mod: HP is shown in percentages\n|rule|Dynamax Clause: You cannot dynamax\n|clearpoke\n|poke|p1|Landorus-Therian, M|\n|poke|p1|Ferrothorn, M|\n|poke|p1|Urshifu-*, F|\n|poke|p1|Tornadus-Therian, M|\n|poke|p1|Dragapult, F|\n|poke|p1|Tapu Lele|\n|poke|p2|Stakataka|\n|poke|p2|Dragonite, M|\n|poke|p2|Bisharp, M|\n|poke|p2|Mew|\n|poke|p2|Buzzwole|\n|poke|p2|Tapu Fini|\n|teampreview\n|\n|t:|1659999180\n|start\n|switch|p1a: Urshifu|Urshifu-Rapid-Strike, F|100\/100\n|switch|p2a: Bisharp|Bisharp, M, shiny|100\/100\n|turn|1\n|j| PurpleJayK\n|\n|t:|1659999185\n|switch|p2a: Buzzwole|Buzzwole, shiny|100\/100\n|move|p1a: Urshifu|Surging Strikes|p2a: Buzzwole\n|-crit|p2a: Buzzwole\n|-damage|p2a: Buzzwole|86\/100\n|-crit|p2a: Buzzwole\n|-damage|p2a: Buzzwole|73\/100\n|-crit|p2a: Buzzwole\n|-damage|p2a: Buzzwole|59\/100\n|-hitcount|p2a: Buzzwole|3\n|\n|upkeep\n|turn|2\n|\n|t:|1659999195\n|move|p1a: Urshifu|U-turn|p2a: Buzzwole\n|-resisted|p2a: Buzzwole\n|-damage|p2a: Buzzwole|52\/100\n|\n|t:|1659999198\n|switch|p1a: Tapu Lele|Tapu Lele|100\/100|[from]move: U-turn\n|-fieldstart|move: Psychic Terrain|[from] ability: Psychic Surge|[of] p1a: Tapu Lele\n|move|p2a: Buzzwole|Roost|p2a: Buzzwole\n|-heal|p2a: Buzzwole|100\/100\n|-singleturn|p2a: Buzzwole|move: Roost\n|\n|upkeep\n|turn|3\n|\n|t:|1659999215\n|switch|p2a: Tapu Fini|Tapu Fini, shiny|100\/100\n|-fieldstart|move: Misty Terrain|[from] ability: Misty Surge|[of] p2a: Tapu Fini\n|move|p1a: Tapu Lele|Moonblast|p2a: Tapu Fini\n|-damage|p2a: Tapu Fini|45\/100\n|-unboost|p2a: Tapu Fini|spa|1\n|\n|upkeep\n|turn|4\n|inactive|Battle timer is ON: inactive players will automatically lose when time's up. (requested by himynametay)\n|\n|t:|1659999227\n|move|p1a: Tapu Lele|Moonblast|p2a: Tapu Fini\n|-damage|p2a: Tapu Fini|0 fnt\n|faint|p2a: Tapu Fini\n|\n|upkeep\n|\n|t:|1659999229\n|switch|p2a: Stakataka|Stakataka, shiny|100\/100\n|-item|p2a: Stakataka|Air Balloon\n|turn|5\n|\n|t:|1659999233\n|switch|p1a: Landorus|Landorus-Therian, M|100\/100\n|-ability|p1a: Landorus|Intimidate|boost\n|-unboost|p2a: Stakataka|atk|1\n|move|p2a: Stakataka|Trick Room|p2a: Stakataka\n|-fieldstart|move: Trick Room|[of] p2a: Stakataka\n|\n|upkeep\n|turn|6\n|\n|t:|1659999237\n|move|p2a: Stakataka|Gyro Ball|p1a: Landorus\n|-crit|p1a: Landorus\n|-damage|p1a: Landorus|0 fnt\n|faint|p1a: Landorus\n|-ability|p2a: Stakataka|Beast Boost|boost\n|-boost|p2a: Stakataka|atk|1\n|\n|upkeep\n|inactive|himynametay has 120 seconds left.\n|\n|t:|1659999277\n|switch|p1a: Urshifu|Urshifu-Rapid-Strike, F|100\/100\n|turn|7\n|\n|t:|1659999281\n|switch|p2a: Buzzwole|Buzzwole, shiny|100\/100\n|move|p1a: Urshifu|Surging Strikes|p2a: Buzzwole\n|-crit|p2a: Buzzwole\n|-damage|p2a: Buzzwole|88\/100\n|-crit|p2a: Buzzwole\n|-damage|p2a: Buzzwole|74\/100\n|-crit|p2a: Buzzwole\n|-damage|p2a: Buzzwole|61\/100\n|-hitcount|p2a: Buzzwole|3\n|\n|-fieldend|Misty Terrain\n|upkeep\n|turn|8\n|\n|t:|1659999301\n|move|p2a: Buzzwole|Close Combat|p1a: Urshifu\n|-damage|p1a: Urshifu|28\/100\n|-unboost|p2a: Buzzwole|def|1\n|-unboost|p2a: Buzzwole|spd|1\n|move|p1a: Urshifu|Surging Strikes|p2a: Buzzwole\n|-crit|p2a: Buzzwole\n|-damage|p2a: Buzzwole|41\/100\n|-crit|p2a: Buzzwole\n|-damage|p2a: Buzzwole|22\/100\n|-crit|p2a: Buzzwole\n|-damage|p2a: Buzzwole|1\/100\n|-hitcount|p2a: Buzzwole|3\n|\n|upkeep\n|turn|9\n|\n|t:|1659999313\n|move|p1a: Urshifu|Aqua Jet|p2a: Buzzwole\n|-damage|p2a: Buzzwole|0 fnt\n|faint|p2a: Buzzwole\n|\n|-fieldend|move: Trick Room\n|upkeep\n|\n|t:|1659999329\n|switch|p2a: Mew|Mew, shiny|100\/100\n|turn|10\n|\n|t:|1659999334\n|switch|p1a: Tornadus|Tornadus-Therian, M|100\/100\n|move|p2a: Mew|Dragon Dance|p2a: Mew\n|-boost|p2a: Mew|atk|1\n|-boost|p2a: Mew|spe|1\n|\n|upkeep\n|turn|11\n|j| LiarFairy\u2267\u25e1\u2266\n|\n|t:|1659999341\n|move|p2a: Mew|Triple Axel|p1a: Tornadus\n|-supereffective|p1a: Tornadus\n|-damage|p1a: Tornadus|74\/100\n|-supereffective|p1a: Tornadus\n|-damage|p1a: Tornadus|28\/100\n|-supereffective|p1a: Tornadus\n|-damage|p1a: Tornadus|0 fnt\n|faint|p1a: Tornadus\n|-hitcount|p1: Tornadus|3\n|\n|upkeep\n|\n|t:|1659999351\n|switch|p1a: Tapu Lele|Tapu Lele|100\/100\n|-fieldstart|move: Psychic Terrain|[from] ability: Psychic Surge|[of] p1a: Tapu Lele\n|turn|12\n|\n|t:|1659999360\n|move|p2a: Mew|Triple Axel|p1a: Tapu Lele\n|-damage|p1a: Tapu Lele|86\/100\n|-damage|p1a: Tapu Lele|58\/100\n|-hitcount|p1a: Tapu Lele|2\n|move|p1a: Tapu Lele|Moonblast|p2a: Mew\n|-damage|p2a: Mew|48\/100\n|-unboost|p2a: Mew|spa|1\n|\n|upkeep\n|turn|13\n|\n|t:|1659999373\n|move|p2a: Mew|Dragon Dance|p2a: Mew\n|-boost|p2a: Mew|atk|1\n|-boost|p2a: Mew|spe|1\n|move|p1a: Tapu Lele|Moonblast|p2a: Mew\n|-damage|p2a: Mew|0 fnt\n|faint|p2a: Mew\n|\n|upkeep\n|\n|t:|1659999378\n|switch|p2a: Stakataka|Stakataka, shiny|100\/100\n|-item|p2a: Stakataka|Air Balloon\n|turn|14\n|\n|t:|1659999382\n|move|p1a: Tapu Lele|Moonblast|p2a: Stakataka\n|-resisted|p2a: Stakataka\n|-crit|p2a: Stakataka\n|-damage|p2a: Stakataka|58\/100\n|-enditem|p2a: Stakataka|Air Balloon\n|move|p2a: Stakataka|Trick Room|p2a: Stakataka\n|-fieldstart|move: Trick Room|[of] p2a: Stakataka\n|\n|upkeep\n|turn|15\n|\n|t:|1659999399\n|switch|p1a: Ferrothorn|Ferrothorn, M|100\/100\n|move|p2a: Stakataka|Heat Crash|p1a: Ferrothorn\n|-supereffective|p1a: Ferrothorn\n|-damage|p1a: Ferrothorn|0 fnt\n|-damage|p2a: Stakataka|45\/100|[from] ability: Iron Barbs|[of] p1a: Ferrothorn\n|-damage|p2a: Stakataka|29\/100|[from] item: Rocky Helmet|[of] p1a: Ferrothorn\n|faint|p1a: Ferrothorn\n|-ability|p2a: Stakataka|Beast Boost|boost\n|-boost|p2a: Stakataka|atk|1\n|\n|upkeep\n|inactive|himynametay has 120 seconds left.\n|\n|t:|1659999443\n|switch|p1a: Urshifu|Urshifu-Rapid-Strike, F|28\/100\n|turn|16\n|\n|t:|1659999456\n|switch|p1a: Dragapult|Dragapult, F|100\/100\n|move|p2a: Stakataka|Gyro Ball|p1a: Dragapult\n|-damage|p1a: Dragapult|0 fnt\n|faint|p1a: Dragapult\n|-ability|p2a: Stakataka|Beast Boost|boost\n|-boost|p2a: Stakataka|atk|1\n|\n|-fieldend|move: Psychic Terrain\n|upkeep\n|\n|t:|1659999460\n|switch|p1a: Urshifu|Urshifu-Rapid-Strike, F|28\/100\n|turn|17\n|\n|t:|1659999475\n|move|p1a: Urshifu|Aqua Jet|p2a: Stakataka\n|-supereffective|p2a: Stakataka\n|-damage|p2a: Stakataka|0 fnt\n|faint|p2a: Stakataka\n|\n|upkeep\n|\n|t:|1659999479\n|switch|p2a: Bisharp|Bisharp, M, shiny|100\/100\n|turn|18\n|\n|t:|1659999482\n|move|p1a: Urshifu|Aqua Jet|p2a: Bisharp\n|-damage|p2a: Bisharp|71\/100\n|move|p2a: Bisharp|Knock Off|p1a: Urshifu\n|-resisted|p1a: Urshifu\n|-damage|p1a: Urshifu|0 fnt\n|-enditem|p1a: Urshifu|Protective Pads|[from] move: Knock Off|[of] p2a: Bisharp\n|faint|p1a: Urshifu\n|\n|-fieldend|move: Trick Room\n|upkeep\n|\n|t:|1659999484\n|switch|p1a: Tapu Lele|Tapu Lele|58\/100\n|-fieldstart|move: Psychic Terrain|[from] ability: Psychic Surge|[of] p1a: Tapu Lele\n|turn|19\n|\n|t:|1659999489\n|move|p1a: Tapu Lele|Moonblast|p2a: Bisharp\n|-damage|p2a: Bisharp|0 fnt\n|faint|p2a: Bisharp\n|\n|upkeep\n|\n|t:|1659999492\n|switch|p2a: Dragonite|Dragonite, M|100\/100\n|turn|20\n|\n|t:|1659999500\n|move|p1a: Tapu Lele|Moonblast|p2a: Dragonite\n|-supereffective|p2a: Dragonite\n|-damage|p2a: Dragonite|40\/100\n|move|p2a: Dragonite|Dragon Dance|p2a: Dragonite\n|-boost|p2a: Dragonite|atk|1\n|-boost|p2a: Dragonite|spe|1\n|\n|upkeep\n|turn|21\n|\n|t:|1659999507\n|move|p1a: Tapu Lele|Moonblast|p2a: Dragonite\n|-supereffective|p2a: Dragonite\n|-damage|p2a: Dragonite|0 fnt\n|faint|p2a: Dragonite\n|\n|win|himynametay\n|raw|himynametay's rating: 1640 &rarr; <strong>1665<\/strong><br \/>(+25 for winning)\n|raw|LT92PF Shoot's rating: 1735 &rarr; <strong>1710<\/strong><br \/>(-25 for losing)\n|l| LiarFairy\u2267\u25e1\u2266\n|l|\u2606LT92PF Shoot\n||Ladder isn't responding, score probably updated but might not have (Request timeout).\n","uploadtime":1659999510,"views":14,"p1id":"himynametay","p2id":"lt92pfshoot","formatid":"gen8ou","rating":1665,"private":0,"password":null}