{"id":"gen8ubers-1099452818","p1":"MapplleAvec2L","p2":"willcoxw","format":"gen8ubers","log":"|j|\u2606MapplleAvec2L\n|j|\u2606willcoxw\n|player|p1|MapplleAvec2L|bugsy-gen2|1716\n|player|p2|willcoxw|clair|1560\n|teamsize|p1|6\n|teamsize|p2|6\n|gametype|singles\n|gen|8\n|tier|[Gen 8] Ubers\n|rated|\n|clearpoke\n|poke|p1|Pelipper, F|\n|poke|p1|Drednaw, M|\n|poke|p1|Necrozma-Dusk-Mane|\n|poke|p1|Gothitelle, M|\n|poke|p1|Melmetal|\n|poke|p1|Marshadow|\n|poke|p2|Ferrothorn, M|\n|poke|p2|Eternatus|\n|poke|p2|Lunala|\n|poke|p2|Mewtwo|\n|poke|p2|Necrozma-Dusk-Mane|\n|poke|p2|Zacian-Crowned|\n|rule|Sleep Clause Mod: Limit one foe put to sleep\n|rule|Species Clause: Limit one of each Pok\u00e9mon\n|rule|OHKO Clause: OHKO moves are banned\n|rule|Evasion Moves Clause: Evasion moves are banned\n|rule|Endless Battle Clause: Forcing endless battles is banned\n|rule|HP Percentage Mod: HP is shown in percentages\n|html|Ubers Dynamax Clause: Pok\u00e9mon on the <a href=\"https:\/\/www.smogon.com\/dex\/ss\/formats\/uber\/\">Ubers Dynamax Banlist<\/a> cannot Dynamax.\n|teampreview\n|\n|start\n|switch|p1a: EHHH SALUT KF|Pelipper, F, shiny|100\/100\n|switch|p2a: Lunala|Lunala|100\/100\n|-weather|RainDance|[from] ability: Drizzle|[of] p1a: EHHH SALUT KF\n|turn|1\n|\n|move|p2a: Lunala|Thunder Wave|p1a: EHHH SALUT KF\n|-status|p1a: EHHH SALUT KF|par\n|cant|p1a: EHHH SALUT KF|par\n|\n|-weather|RainDance|[upkeep]\n|upkeep\n|turn|2\n|\n|move|p2a: Lunala|Hex|p1a: EHHH SALUT KF\n|-damage|p1a: EHHH SALUT KF|0 fnt\n|faint|p1a: EHHH SALUT KF\n|\n|-weather|RainDance|[upkeep]\n|upkeep\n|\n|switch|p1a: EEHHHH KF|Drednaw, M, shiny|100\/100\n|turn|3\n|\n|switch|p2a: Ferrothorn|Ferrothorn, M|100\/100\n|-start|p1a: EEHHHH KF|Dynamax\n|-formechange|p1a: EEHHHH KF|Drednaw-Gmax\n|-heal|p1a: EEHHHH KF|100\/100|[silent]\n|move|p1a: EEHHHH KF|Max Darkness|p2a: Ferrothorn\n|-damage|p2a: Ferrothorn|64\/100\n|-unboost|p2a: Ferrothorn|spd|1\n|-damage|p1a: EEHHHH KF|96\/100|[from] item: Life Orb\n|\n|-weather|RainDance|[upkeep]\n|-heal|p2a: Ferrothorn|71\/100|[from] item: Leftovers\n|upkeep\n|turn|4\n|\n|-start|p2a: Ferrothorn|Dynamax\n|-heal|p2a: Ferrothorn|71\/100|[silent]\n|move|p2a: Ferrothorn|Max Guard|p2a: Ferrothorn\n|-singleturn|p2a: Ferrothorn|Max Guard\n|move|p1a: EEHHHH KF|G-Max Stonesurge|p2a: Ferrothorn\n|-activate|p2a: Ferrothorn|move: Max Guard\n|\n|-weather|RainDance|[upkeep]\n|-heal|p2a: Ferrothorn|74\/100|[from] item: Leftovers\n|upkeep\n|turn|5\n|\n|move|p1a: EEHHHH KF|G-Max Stonesurge|p2a: Ferrothorn\n|-resisted|p2a: Ferrothorn\n|-damage|p2a: Ferrothorn|53\/100\n|-sidestart|p2: willcoxw|move: Stealth Rock\n|-damage|p1a: EEHHHH KF|91\/100|[from] item: Life Orb\n|move|p2a: Ferrothorn|Max Darkness|p1a: EEHHHH KF\n|-damage|p1a: EEHHHH KF|75\/100\n|-unboost|p1a: EEHHHH KF|spd|1\n|\n|-weather|RainDance|[upkeep]\n|-heal|p2a: Ferrothorn|56\/100|[from] item: Leftovers\n|-end|p1a: EEHHHH KF|Dynamax\n|-formechange|p1a: EEHHHH KF|Drednaw\n|-heal|p1a: EEHHHH KF|76\/100|[silent]\n|upkeep\n|turn|6\n|\n|move|p2a: Ferrothorn|Max Guard|p2a: Ferrothorn\n|-singleturn|p2a: Ferrothorn|Max Guard\n|move|p1a: EEHHHH KF|Superpower|p2a: Ferrothorn\n|-activate|p2a: Ferrothorn|move: Max Guard\n|\n|-weather|RainDance|[upkeep]\n|-heal|p2a: Ferrothorn|59\/100|[from] item: Leftovers\n|-end|p2a: Ferrothorn|Dynamax\n|-heal|p2a: Ferrothorn|59\/100|[silent]\n|upkeep\n|turn|7\n|\n|switch|p1a: EHHHH PK TU REP PA|Gothitelle, M, shiny|100\/100\n|move|p2a: Ferrothorn|Stealth Rock|p1a: EHHHH PK TU REP PA\n|-sidestart|p1: MapplleAvec2L|move: Stealth Rock\n|\n|-weather|RainDance|[upkeep]\n|-heal|p2a: Ferrothorn|65\/100|[from] item: Leftovers\n|upkeep\n|turn|8\n|\n|move|p1a: EHHHH PK TU REP PA|Trick|p2a: Ferrothorn\n|-activate|p1a: EHHHH PK TU REP PA|move: Trick|[of] p2a: Ferrothorn\n|-item|p2a: Ferrothorn|Choice Specs|[from] move: Trick\n|-item|p1a: EHHHH PK TU REP PA|Leftovers|[from] move: Trick\n|move|p2a: Ferrothorn|Knock Off|p1a: EHHHH PK TU REP PA\n|-supereffective|p1a: EHHHH PK TU REP PA\n|-crit|p1a: EHHHH PK TU REP PA\n|-damage|p1a: EHHHH PK TU REP PA|24\/100\n|-enditem|p1a: EHHHH PK TU REP PA|Leftovers|[from] move: Knock Off|[of] p2a: Ferrothorn\n|\n|-weather|none\n|upkeep\n|turn|9\n|\n|move|p1a: EHHHH PK TU REP PA|Psychic|p2a: Ferrothorn\n|-resisted|p2a: Ferrothorn\n|-damage|p2a: Ferrothorn|39\/100\n|move|p2a: Ferrothorn|Knock Off|p1a: EHHHH PK TU REP PA\n|-supereffective|p1a: EHHHH PK TU REP PA\n|-damage|p1a: EHHHH PK TU REP PA|0 fnt\n|faint|p1a: EHHHH PK TU REP PA\n|\n|upkeep\n|\n|switch|p1a: CA VA KF ????|Necrozma-Dusk-Mane, shiny|100\/100\n|-damage|p1a: CA VA KF ????|94\/100|[from] Stealth Rock\n|turn|10\n|\n|switch|p2a: Necrozma|Necrozma-Dusk-Mane|100\/100\n|-damage|p2a: Necrozma|94\/100|[from] Stealth Rock\n|move|p1a: CA VA KF ????|Autotomize|p1a: CA VA KF ????\n|-boost|p1a: CA VA KF ????|spe|2\n|-start|p1a: CA VA KF ????|Autotomize\n|\n|-heal|p2a: Necrozma|100\/100|[from] item: Leftovers\n|upkeep\n|turn|11\n|\n|move|p1a: CA VA KF ????|Knock Off|p2a: Necrozma\n|-supereffective|p2a: Necrozma\n|-damage|p2a: Necrozma|73\/100\n|-enditem|p2a: Necrozma|Leftovers|[from] move: Knock Off|[of] p1a: CA VA KF ????\n|move|p2a: Necrozma|Thunder Wave|p1a: CA VA KF ????\n|-status|p1a: CA VA KF ????|par\n|\n|upkeep\n|turn|12\n|\n|switch|p2a: Ferrothorn|Ferrothorn, M|39\/100\n|-damage|p2a: Ferrothorn|33\/100|[from] Stealth Rock\n|move|p1a: CA VA KF ????|Earthquake|p2a: Ferrothorn\n|-damage|p2a: Ferrothorn|13\/100\n|\n|upkeep\n|turn|13\n|\n|move|p1a: CA VA KF ????|Autotomize|p1a: CA VA KF ????\n|-boost|p1a: CA VA KF ????|spe|2\n|-start|p1a: CA VA KF ????|Autotomize\n|move|p2a: Ferrothorn|Leech Seed|p1a: CA VA KF ????\n|-start|p1a: CA VA KF ????|move: Leech Seed\n|\n|-damage|p1a: CA VA KF ????|82\/100 par|[from] Leech Seed|[of] p2a: Ferrothorn\n|-heal|p2a: Ferrothorn|27\/100|[silent]\n|upkeep\n|turn|14\n|\n|switch|p2a: Eternatus|Eternatus|100\/100\n|-damage|p2a: Eternatus|88\/100|[from] Stealth Rock\n|-ability|p2a: Eternatus|Pressure\n|move|p1a: CA VA KF ????|Earthquake|p2a: Eternatus\n|-supereffective|p2a: Eternatus\n|-damage|p2a: Eternatus|27\/100\n|\n|-damage|p1a: CA VA KF ????|70\/100 par|[from] Leech Seed|[of] p2a: Eternatus\n|-heal|p2a: Eternatus|39\/100|[silent]\n|upkeep\n|turn|15\n|\n|switch|p2a: Ferrothorn|Ferrothorn, M|27\/100\n|-damage|p2a: Ferrothorn|21\/100|[from] Stealth Rock\n|move|p1a: CA VA KF ????|Earthquake|p2a: Ferrothorn\n|-damage|p2a: Ferrothorn|0 fnt\n|faint|p2a: Ferrothorn\n|\n|upkeep\n|\n|switch|p2a: Lunala|Lunala|100\/100\n|turn|16\n|\n|move|p1a: CA VA KF ????|Knock Off|p2a: Lunala\n|-supereffective|p2a: Lunala\n|-damage|p2a: Lunala|39\/100\n|-enditem|p2a: Lunala|Heavy-Duty Boots|[from] move: Knock Off|[of] p1a: CA VA KF ????\n|move|p2a: Lunala|Hex|p1a: CA VA KF ????\n|-supereffective|p1a: CA VA KF ????\n|-damage|p1a: CA VA KF ????|0 fnt\n|faint|p1a: CA VA KF ????\n|\n|upkeep\n|\n|switch|p1a: EHHHH KF TT PREVU|Marshadow|100\/100\n|-damage|p1a: EHHHH KF TT PREVU|94\/100|[from] Stealth Rock\n|turn|17\n|\n|move|p1a: EHHHH KF TT PREVU|Spectral Thief|p2a: Lunala\n|-supereffective|p2a: Lunala\n|-damage|p2a: Lunala|0 fnt\n|faint|p2a: Lunala\n|\n|upkeep\n|\n|switch|p2a: Mewtwo|Mewtwo|100\/100\n|-damage|p2a: Mewtwo|88\/100|[from] Stealth Rock\n|-ability|p2a: Mewtwo|Pressure\n|turn|18\n|\n|move|p1a: EHHHH KF TT PREVU|Spectral Thief|p2a: Mewtwo\n|-supereffective|p2a: Mewtwo\n|-damage|p2a: Mewtwo|0 fnt\n|faint|p2a: Mewtwo\n|\n|upkeep\n|\n|switch|p2a: Necrozma|Necrozma-Dusk-Mane|73\/100\n|-damage|p2a: Necrozma|67\/100|[from] Stealth Rock\n|turn|19\n|\n|switch|p1a: EEHHHH KF|Drednaw, M, shiny|76\/100\n|-damage|p1a: EEHHHH KF|63\/100|[from] Stealth Rock\n|move|p2a: Necrozma|Thunder Wave|p1a: EEHHHH KF\n|-status|p1a: EEHHHH KF|par\n|\n|upkeep\n|turn|20\n|j| AgressivEbolAidCOV\n|\n|move|p2a: Necrozma|Sunsteel Strike|p1a: EEHHHH KF\n|-damage|p1a: EEHHHH KF|1\/100 par\n|move|p1a: EEHHHH KF|Earthquake|p2a: Necrozma\n|-supereffective|p2a: Necrozma\n|-damage|p2a: Necrozma|33\/100\n|-damage|p1a: EEHHHH KF|0 fnt|[from] item: Life Orb\n|faint|p1a: EEHHHH KF\n|\n|upkeep\n|\n|switch|p1a: EHHHH KF TT PREVU|Marshadow|94\/100\n|-damage|p1a: EHHHH KF TT PREVU|88\/100|[from] Stealth Rock\n|turn|21\n|c| AgressivEbolAidCOV|gg\n|\n|move|p1a: EHHHH KF TT PREVU|Spectral Thief|p2a: Necrozma\n|-supereffective|p2a: Necrozma\n|-damage|p2a: Necrozma|0 fnt\n|faint|p2a: Necrozma\n|\n|upkeep\n|\n|switch|p2a: Zacian|Zacian-Crowned|100\/100\n|-damage|p2a: Zacian|94\/100|[from] Stealth Rock\n|-ability|p2a: Zacian|Intrepid Sword|boost\n|-boost|p2a: Zacian|atk|1\n|turn|22\n|\n|switch|p1a: EH KF LE CHAUVE|Melmetal, shiny|100\/100\n|-damage|p1a: EH KF LE CHAUVE|94\/100|[from] Stealth Rock\n|move|p2a: Zacian|Behemoth Blade|p1a: EH KF LE CHAUVE\n|-resisted|p1a: EH KF LE CHAUVE\n|-damage|p1a: EH KF LE CHAUVE|66\/100\n|\n|upkeep\n|turn|23\n|\n|move|p2a: Zacian|Close Combat|p1a: EH KF LE CHAUVE\n|-supereffective|p1a: EH KF LE CHAUVE\n|-damage|p1a: EH KF LE CHAUVE|0 fnt\n|-unboost|p2a: Zacian|def|1\n|-unboost|p2a: Zacian|spd|1\n|faint|p1a: EH KF LE CHAUVE\n|\n|upkeep\n|\n|switch|p1a: EHHHH KF TT PREVU|Marshadow|88\/100\n|-damage|p1a: EHHHH KF TT PREVU|82\/100|[from] Stealth Rock\n|turn|24\n|\n|switch|p2a: Eternatus|Eternatus|39\/100\n|-damage|p2a: Eternatus|26\/100|[from] Stealth Rock\n|-ability|p2a: Eternatus|Pressure\n|move|p1a: EHHHH KF TT PREVU|Spectral Thief|p2a: Eternatus\n|-damage|p2a: Eternatus|0 fnt\n|faint|p2a: Eternatus\n|\n|upkeep\n|\n|switch|p2a: Zacian|Zacian-Crowned|94\/100\n|-damage|p2a: Zacian|88\/100|[from] Stealth Rock\n|-ability|p2a: Zacian|Intrepid Sword|boost\n|-boost|p2a: Zacian|atk|1\n|turn|25\n|\n|move|p1a: EHHHH KF TT PREVU|Spectral Thief||[still]\n|-clearpositiveboost|p2a: Zacian|p1a: EHHHH KF TT PREVU|move: Spectral Thief\n|-boost|p1a: EHHHH KF TT PREVU|atk|1\n|-anim|p1a: EHHHH KF TT PREVU|Spectral Thief|p2a: Zacian\n|-damage|p2a: Zacian|14\/100\n|move|p2a: Zacian|Behemoth Blade|p1a: EHHHH KF TT PREVU\n|-damage|p1a: EHHHH KF TT PREVU|0 fnt\n|faint|p1a: EHHHH KF TT PREVU\n|\n|win|willcoxw\n|l|\u2606MapplleAvec2L\n|raw|MapplleAvec2L's rating: 1716 &rarr; <strong>1686<\/strong><br \/>(-30 for losing)\n|raw|willcoxw's rating: 1526 &rarr; <strong>1556<\/strong><br \/>(+30 for winning)\n","uploadtime":1587304045,"views":37,"p1id":"mapplleavec2l","p2id":"willcoxw","formatid":"gen8ubers","rating":1556,"private":0,"password":null}