{"id":"gen8ou-1424826595","p1":"Mimikyu Stardust","p2":"Vodyne","format":"gen8ou","log":"|j|\u2606Mimikyu Stardust\n|j|\u203dVodyne\n|inactive|Battle timer is ON: inactive players will automatically lose when time's up.\n|t:|1632756957\n|gametype|singles\n|player|p1|Mimikyu Stardust|acerola|\n|player|p2|Vodyne|266|\n|teamsize|p1|6\n|teamsize|p2|6\n|gen|8\n|tier|[Gen 8] OU\n|rated|Tournament battle\n|rule|Sleep Clause Mod: Limit one foe put to sleep\n|rule|Species Clause: Limit one of each Pok\u00e9mon\n|rule|OHKO Clause: OHKO moves are banned\n|rule|Evasion Moves Clause: Evasion moves are banned\n|rule|Endless Battle Clause: Forcing endless battles is banned\n|rule|HP Percentage Mod: HP is shown in percentages\n|rule|Dynamax Clause: You cannot dynamax\n|clearpoke\n|poke|p1|Shedinja|\n|poke|p1|Chansey, F|\n|poke|p1|Corviknight, F|\n|poke|p1|Zapdos|\n|poke|p1|Toxapex, M|\n|poke|p1|Suicune|\n|poke|p2|Snorlax, F|\n|poke|p2|Suicune|\n|poke|p2|Melmetal|\n|poke|p2|Victini|\n|poke|p2|Landorus-Therian, M|\n|poke|p2|Zapdos|\n|teampreview\n|j| Hydreigon > Latias\n|j| RTSG tests\n|c| Hydreigon > Latias|ur facing the tht just beat shed stall\n|c| Hydreigon > Latias|gl\n|\n|t:|1632756981\n|start\n|switch|p1a: Zapdoos|Zapdos, shiny|100\/100\n|switch|p2a: Victini|Victini|100\/100\n|-ability|p1a: Zapdoos|Pressure\n|turn|1\n|\n|t:|1632756986\n|switch|p2a: Landorus|Landorus-Therian, M|100\/100\n|-ability|p2a: Landorus|Intimidate|boost\n|-unboost|p1a: Zapdoos|atk|1\n|switch|p1a: Tooxopoox|Toxapex, M|100\/100\n|\n|upkeep\n|turn|2\n|\n|t:|1632756992\n|move|p2a: Landorus|Knock Off|p1a: Tooxopoox\n|-damage|p1a: Tooxopoox|76\/100\n|-damage|p2a: Landorus|84\/100|[from] item: Rocky Helmet|[of] p1a: Tooxopoox\n|-enditem|p1a: Tooxopoox|Rocky Helmet|[from] move: Knock Off|[of] p2a: Landorus\n|move|p1a: Tooxopoox|Knock Off|p2a: Landorus\n|-damage|p2a: Landorus|65\/100\n|-enditem|p2a: Landorus|Choice Scarf|[from] move: Knock Off|[of] p1a: Tooxopoox\n|\n|upkeep\n|turn|3\n|j| SmugMoney\n|\n|t:|1632756999\n|switch|p1a: Zapdoos|Zapdos, shiny|100\/100\n|-ability|p1a: Zapdoos|Pressure\n|move|p2a: Landorus|Earthquake|p1a: Zapdoos\n|-immune|p1a: Zapdoos\n|\n|upkeep\n|turn|4\n|\n|t:|1632757001\n|move|p2a: Landorus|Stone Edge|p1a: Zapdoos\n|-supereffective|p1a: Zapdoos\n|-damage|p1a: Zapdoos|43\/100\n|move|p1a: Zapdoos|Hurricane|p2a: Landorus|[miss]\n|-miss|p1a: Zapdoos|p2a: Landorus\n|\n|upkeep\n|turn|5\n|\n|t:|1632757006\n|switch|p1a: Coorvikneet|Corviknight, F|100\/100\n|-ability|p1a: Coorvikneet|Pressure\n|move|p2a: Landorus|Stone Edge|p1a: Coorvikneet\n|-damage|p1a: Coorvikneet|76\/100\n|\n|-heal|p1a: Coorvikneet|82\/100|[from] item: Leftovers\n|upkeep\n|turn|6\n|\n|t:|1632757010\n|move|p2a: Landorus|Knock Off|p1a: Coorvikneet\n|-damage|p1a: Coorvikneet|57\/100\n|-enditem|p1a: Coorvikneet|Leftovers|[from] move: Knock Off|[of] p2a: Landorus\n|move|p1a: Coorvikneet|Body Press|p2a: Landorus\n|-resisted|p2a: Landorus\n|-damage|p2a: Landorus|51\/100\n|\n|upkeep\n|turn|7\n|j| RipReckful\n|\n|t:|1632757015\n|switch|p2a: Zapdos|Zapdos|100\/100\n|move|p1a: Coorvikneet|Roost|p1a: Coorvikneet\n|-heal|p1a: Coorvikneet|100\/100\n|-singleturn|p1a: Coorvikneet|move: Roost\n|\n|upkeep\n|turn|8\n|\n|t:|1632757022\n|switch|p1a: Choonsey|Chansey, F|100\/100\n|move|p2a: Zapdos|Discharge|p1a: Choonsey\n|-damage|p1a: Choonsey|87\/100\n|\n|upkeep\n|turn|9\n|\n|t:|1632757032\n|switch|p2a: Victini|Victini|100\/100\n|move|p1a: Choonsey|Seismic Toss|p2a: Victini\n|-damage|p2a: Victini|71\/100\n|\n|upkeep\n|turn|10\n|\n|t:|1632757038\n|switch|p1a: Tooxopoox|Toxapex, M|100\/100\n|move|p2a: Victini|V-create|p1a: Tooxopoox\n|-resisted|p1a: Tooxopoox\n|-damage|p1a: Tooxopoox|63\/100\n|-unboost|p2a: Victini|spe|1\n|-unboost|p2a: Victini|def|1\n|-unboost|p2a: Victini|spd|1\n|\n|upkeep\n|turn|11\n|\n|t:|1632757043\n|switch|p2a: Snorlax|Snorlax, F|100\/100\n|move|p1a: Tooxopoox|Knock Off|p2a: Snorlax\n|-damage|p2a: Snorlax|86\/100\n|-enditem|p2a: Snorlax|Leftovers|[from] move: Knock Off|[of] p1a: Tooxopoox\n|\n|upkeep\n|turn|12\n|\n|t:|1632757051\n|switch|p1a: Shedinjoo|Shedinja, shiny|100\/100\n|move|p2a: Snorlax|Body Slam|p1a: Shedinjoo\n|-immune|p1a: Shedinjoo|[from] ability: Wonder Guard\n|\n|upkeep\n|turn|13\n|\n|t:|1632757053\n|move|p1a: Shedinjoo|Protect|p1a: Shedinjoo\n|-singleturn|p1a: Shedinjoo|Protect\n|move|p2a: Snorlax|Darkest Lariat|p1a: Shedinjoo\n|-activate|p1a: Shedinjoo|move: Protect\n|\n|upkeep\n|turn|14\n|j| Aigr\n|j| lil tofa\n|j| justforfunmercypls\n|\n|t:|1632757060\n|switch|p1a: Coorvikneet|Corviknight, F|100\/100\n|-ability|p1a: Coorvikneet|Pressure\n|move|p2a: Snorlax|Body Slam|p1a: Coorvikneet\n|-resisted|p1a: Coorvikneet\n|-damage|p1a: Coorvikneet|91\/100\n|\n|upkeep\n|turn|15\n|\n|t:|1632757062\n|switch|p2a: Zapdos|Zapdos|100\/100\n|move|p1a: Coorvikneet|Iron Defense|p1a: Coorvikneet\n|-boost|p1a: Coorvikneet|def|2\n|\n|upkeep\n|turn|16\n|c| Aigr|ooo stall\n|c| Aigr|both suicune\n|\n|t:|1632757067\n|switch|p1a: Choonsey|Chansey, F|87\/100\n|move|p2a: Zapdos|Heat Wave|p1a: Choonsey|[miss]\n|-miss|p2a: Zapdos|p1a: Choonsey\n|\n|upkeep\n|turn|17\n|\n|t:|1632757070\n|switch|p2a: Melmetal|Melmetal|100\/100\n|move|p1a: Choonsey|Seismic Toss|p2a: Melmetal\n|-damage|p2a: Melmetal|76\/100\n|\n|upkeep\n|turn|18\n|l| RTSG tests\n|c| Hydreigon > Latias|yeah cune pp stalls the v-creats\n|\n|t:|1632757077\n|switch|p2a: Landorus|Landorus-Therian, M|51\/100\n|-ability|p2a: Landorus|Intimidate|boost\n|-unboost|p1a: Choonsey|atk|1\n|switch|p1a: Shedinjoo|Shedinja, shiny|100\/100\n|\n|upkeep\n|turn|19\n|j| Heracrossed Up\n|\n|t:|1632757082\n|move|p1a: Shedinjoo|Protect|p1a: Shedinjoo\n|-singleturn|p1a: Shedinjoo|Protect\n|move|p2a: Landorus|Knock Off|p1a: Shedinjoo\n|-activate|p1a: Shedinjoo|move: Protect\n|\n|upkeep\n|turn|20\n|\n|t:|1632757085\n|switch|p1a: Coorvikneet|Corviknight, F|91\/100\n|-ability|p1a: Coorvikneet|Pressure\n|move|p2a: Landorus|U-turn|p1a: Coorvikneet\n|-resisted|p1a: Coorvikneet\n|-crit|p1a: Coorvikneet\n|-damage|p1a: Coorvikneet|85\/100\n|c| Hydreigon > Latias|which is cool\n|c| lil tofa|omg yall are some clickers\n|\n|t:|1632757087\n|switch|p2a: Victini|Victini|71\/100|[from]move: U-turn\n|\n|upkeep\n|turn|21\n|\n|t:|1632757092\n|switch|p1a: Tooxopoox|Toxapex, M|96\/100\n|move|p2a: Victini|Bolt Strike|p1a: Tooxopoox\n|-supereffective|p1a: Tooxopoox\n|-damage|p1a: Tooxopoox|22\/100\n|\n|upkeep\n|turn|22\n|\n|t:|1632757097\n|switch|p2a: Landorus|Landorus-Therian, M|51\/100\n|-ability|p2a: Landorus|Intimidate|boost\n|-unboost|p1a: Tooxopoox|atk|1\n|switch|p1a: Shedinjoo|Shedinja, shiny|100\/100\n|\n|upkeep\n|turn|23\n|\n|t:|1632757103\n|switch|p1a: Tooxopoox|Toxapex, M|56\/100\n|move|p2a: Landorus|Knock Off|p1a: Tooxopoox\n|-damage|p1a: Tooxopoox|39\/100\n|\n|upkeep\n|turn|24\n|\n|t:|1632757107\n|switch|p1a: Coorvikneet|Corviknight, F|85\/100\n|-ability|p1a: Coorvikneet|Pressure\n|move|p2a: Landorus|Earthquake|p1a: Coorvikneet\n|-immune|p1a: Coorvikneet\n|\n|upkeep\n|turn|25\n|\n|t:|1632757116\n|move|p2a: Landorus|Stone Edge|p1a: Coorvikneet\n|-damage|p1a: Coorvikneet|59\/100\n|move|p1a: Coorvikneet|Roost|p1a: Coorvikneet\n|-heal|p1a: Coorvikneet|100\/100\n|-singleturn|p1a: Coorvikneet|move: Roost\n|\n|upkeep\n|turn|26\n|j| ChrisUchiha\n|\n|t:|1632757121\n|move|p2a: Landorus|U-turn|p1a: Coorvikneet\n|-resisted|p1a: Coorvikneet\n|-damage|p1a: Coorvikneet|96\/100\n|\n|t:|1632757126\n|switch|p2a: Snorlax|Snorlax, F|86\/100|[from]move: U-turn\n|move|p1a: Coorvikneet|Body Press|p2a: Snorlax\n|-supereffective|p2a: Snorlax\n|-damage|p2a: Snorlax|42\/100\n|\n|upkeep\n|turn|27\n|\n|t:|1632757133\n|switch|p2a: Zapdos|Zapdos|100\/100\n|move|p1a: Coorvikneet|Body Press|p2a: Zapdos\n|-resisted|p2a: Zapdos\n|-damage|p2a: Zapdos|87\/100\n|-status|p1a: Coorvikneet|par|[from] ability: Static|[of] p2a: Zapdos\n|\n|upkeep\n|turn|28\n|\n|t:|1632757139\n|switch|p1a: Choonsey|Chansey, F|87\/100\n|move|p2a: Zapdos|Heat Wave|p1a: Choonsey\n|-damage|p1a: Choonsey|77\/100\n|\n|upkeep\n|turn|29\n|\n|t:|1632757145\n|switch|p2a: Snorlax|Snorlax, F|42\/100\n|move|p1a: Choonsey|Soft-Boiled|p1a: Choonsey\n|-heal|p1a: Choonsey|100\/100\n|\n|upkeep\n|turn|30\n|\n|t:|1632757151\n|move|p1a: Choonsey|Thunder Wave|p2a: Snorlax\n|-status|p2a: Snorlax|par\n|move|p2a: Snorlax|Rest|p2a: Snorlax\n|-status|p2a: Snorlax|slp|[from] move: Rest\n|-heal|p2a: Snorlax|100\/100 slp|[silent]\n|\n|upkeep\n|turn|31\n|\n|t:|1632757157\n|switch|p1a: Coorvikneet|Corviknight, F|96\/100 par\n|-ability|p1a: Coorvikneet|Pressure\n|cant|p2a: Snorlax|slp\n|\n|upkeep\n|turn|32\n|\n|t:|1632757162\n|switch|p2a: Victini|Victini|71\/100\n|switch|p1a: Zapdoos|Zapdos, shiny|43\/100\n|-ability|p1a: Zapdoos|Pressure\n|\n|upkeep\n|turn|33\n|c| RipReckful|is that goggles shef\n|c| RipReckful|shed*\n|c| Hydreigon > Latias|hmm\n|\n|t:|1632757168\n|switch|p1a: Tooxopoox|Toxapex, M|72\/100\n|move|p2a: Victini|V-create|p1a: Tooxopoox\n|-resisted|p1a: Tooxopoox\n|-damage|p1a: Tooxopoox|34\/100\n|-unboost|p2a: Victini|spe|1\n|-unboost|p2a: Victini|def|1\n|-unboost|p2a: Victini|spd|1\n|\n|upkeep\n|turn|34\n|c|\u2606Mimikyu Stardust|choice band\n|\n|t:|1632757176\n|switch|p2a: Zapdos|Zapdos|87\/100\n|switch|p1a: Sweecoon|Suicune, shiny|100\/100\n|-ability|p1a: Sweecoon|Pressure\n|\n|upkeep\n|turn|35\n|\n|t:|1632757182\n|switch|p1a: Choonsey|Chansey, F|100\/100\n|move|p2a: Zapdos|Discharge|p1a: Choonsey\n|-damage|p1a: Choonsey|88\/100\n|\n|upkeep\n|turn|36\n|c| RipReckful|he has no rocks so u can say\n|l| Heracrossed Up\n|j| mienfucked\n|c|\u2606Mimikyu Stardust|choice specs\n|j| Heracrossed Up\n|j| RTSG tests\n|c| Hydreigon > Latias|jesus fuck it is?\n|\n|t:|1632757207\n|switch|p2a: Snorlax|Snorlax, F|100\/100 slp\n|move|p1a: Choonsey|Seismic Toss|p2a: Snorlax\n|-damage|p2a: Snorlax|81\/100 slp\n|\n|upkeep\n|turn|37\n|c| Hydreigon > Latias|it looks offensive but not specs...\n|\n|t:|1632757218\n|switch|p1a: Coorvikneet|Corviknight, F|96\/100 par\n|-ability|p1a: Coorvikneet|Pressure\n|cant|p2a: Snorlax|slp\n|\n|upkeep\n|turn|38\n|\n|t:|1632757221\n|switch|p1a: Zapdoos|Zapdos, shiny|43\/100\n|-ability|p1a: Zapdoos|Pressure\n|-curestatus|p2a: Snorlax|slp|[msg]\n|move|p2a: Snorlax|Curse|p2a: Snorlax\n|-unboost|p2a: Snorlax|spe|1\n|-boost|p2a: Snorlax|atk|1\n|-boost|p2a: Snorlax|def|1\n|\n|upkeep\n|turn|39\n|j| Shaka14\n|l| Aigr\n|\n|t:|1632757226\n|move|p1a: Zapdoos|Roost|p1a: Zapdoos\n|-heal|p1a: Zapdoos|93\/100\n|-singleturn|p1a: Zapdoos|move: Roost\n|move|p2a: Snorlax|Body Slam|p1a: Zapdoos\n|-damage|p1a: Zapdoos|55\/100\n|\n|upkeep\n|turn|40\n|\n|t:|1632757229\n|switch|p1a: Coorvikneet|Corviknight, F|96\/100 par\n|-ability|p1a: Coorvikneet|Pressure\n|move|p2a: Snorlax|Curse|p2a: Snorlax\n|-unboost|p2a: Snorlax|spe|1\n|-boost|p2a: Snorlax|atk|1\n|-boost|p2a: Snorlax|def|1\n|\n|upkeep\n|turn|41\n|\n|t:|1632757230\n|cant|p1a: Coorvikneet|par\n|move|p2a: Snorlax|Curse|p2a: Snorlax\n|-unboost|p2a: Snorlax|spe|1\n|-boost|p2a: Snorlax|atk|1\n|-boost|p2a: Snorlax|def|1\n|\n|upkeep\n|turn|42\n|\n|t:|1632757233\n|move|p1a: Coorvikneet|Iron Defense|p1a: Coorvikneet\n|-boost|p1a: Coorvikneet|def|2\n|move|p2a: Snorlax|Curse|p2a: Snorlax\n|-unboost|p2a: Snorlax|spe|1\n|-boost|p2a: Snorlax|atk|1\n|-boost|p2a: Snorlax|def|1\n|\n|upkeep\n|turn|43\n|\n|t:|1632757236\n|move|p1a: Coorvikneet|Body Press|p2a: Snorlax\n|-supereffective|p2a: Snorlax\n|-damage|p2a: Snorlax|51\/100\n|move|p2a: Snorlax|Curse|p2a: Snorlax\n|-unboost|p2a: Snorlax|spe|1\n|-boost|p2a: Snorlax|atk|1\n|-boost|p2a: Snorlax|def|1\n|\n|upkeep\n|turn|44\n|\n|t:|1632757239\n|cant|p1a: Coorvikneet|par\n|move|p2a: Snorlax|Darkest Lariat|p1a: Coorvikneet\n|-damage|p1a: Coorvikneet|52\/100 par\n|\n|upkeep\n|turn|45\n|\n|t:|1632757242\n|cant|p1a: Coorvikneet|par\n|move|p2a: Snorlax|Darkest Lariat|p1a: Coorvikneet\n|-damage|p1a: Coorvikneet|3\/100 par\n|\n|upkeep\n|turn|46\n|\n|t:|1632757245\n|cant|p1a: Coorvikneet|par\n|move|p2a: Snorlax|Darkest Lariat|p1a: Coorvikneet\n|-damage|p1a: Coorvikneet|0 fnt\n|faint|p1a: Coorvikneet\n|\n|upkeep\n|\n|t:|1632757253\n|switch|p1a: Choonsey|Chansey, F|88\/100\n|turn|47\n|\n|t:|1632757255\n|move|p1a: Choonsey|Thunder Wave|p2a: Snorlax\n|-status|p2a: Snorlax|par\n|move|p2a: Snorlax|Body Slam|p1a: Choonsey\n|-damage|p1a: Choonsey|19\/100\n|\n|upkeep\n|turn|48\n|\n|t:|1632757259\n|move|p1a: Choonsey|Soft-Boiled|p1a: Choonsey\n|-heal|p1a: Choonsey|69\/100\n|move|p2a: Snorlax|Darkest Lariat|p1a: Choonsey\n|-crit|p1a: Choonsey\n|-damage|p1a: Choonsey|0 fnt\n|faint|p1a: Choonsey\n|\n|upkeep\n|\n|t:|1632757261\n|switch|p1a: Sweecoon|Suicune, shiny|100\/100\n|-ability|p1a: Sweecoon|Pressure\n|turn|49\n|\n|t:|1632757262\n|move|p1a: Sweecoon|Calm Mind|p1a: Sweecoon\n|-boost|p1a: Sweecoon|spa|1\n|-boost|p1a: Sweecoon|spd|1\n|move|p2a: Snorlax|Body Slam|p1a: Sweecoon\n|-damage|p1a: Sweecoon|40\/100\n|\n|-heal|p1a: Sweecoon|46\/100|[from] item: Leftovers\n|upkeep\n|turn|50\n|\n|t:|1632757265\n|move|p1a: Sweecoon|Rest|p1a: Sweecoon\n|-status|p1a: Sweecoon|slp|[from] move: Rest\n|-heal|p1a: Sweecoon|100\/100 slp|[silent]\n|move|p2a: Snorlax|Body Slam|p1a: Sweecoon\n|-damage|p1a: Sweecoon|37\/100 slp\n|\n|-heal|p1a: Sweecoon|43\/100 slp|[from] item: Leftovers\n|upkeep\n|turn|51\n|\n|t:|1632757268\n|cant|p1a: Sweecoon|slp\n|cant|p2a: Snorlax|par\n|\n|-heal|p1a: Sweecoon|50\/100 slp|[from] item: Leftovers\n|upkeep\n|turn|52\n|\n|t:|1632757271\n|cant|p1a: Sweecoon|slp\n|move|p2a: Snorlax|Rest|p2a: Snorlax\n|-status|p2a: Snorlax|slp|[from] move: Rest\n|-heal|p2a: Snorlax|100\/100 slp|[silent]\n|\n|-heal|p1a: Sweecoon|56\/100 slp|[from] item: Leftovers\n|upkeep\n|turn|53\n|c| Hydreigon > Latias|10\/10 luck\n|\n|t:|1632757276\n|-curestatus|p1a: Sweecoon|slp|[msg]\n|move|p1a: Sweecoon|Calm Mind|p1a: Sweecoon\n|-boost|p1a: Sweecoon|spa|1\n|-boost|p1a: Sweecoon|spd|1\n|cant|p2a: Snorlax|slp\n|\n|-heal|p1a: Sweecoon|62\/100|[from] item: Leftovers\n|upkeep\n|turn|54\n|\n|t:|1632757279\n|move|p1a: Sweecoon|Rest|p1a: Sweecoon\n|-status|p1a: Sweecoon|slp|[from] move: Rest\n|-heal|p1a: Sweecoon|100\/100 slp|[silent]\n|cant|p2a: Snorlax|slp\n|\n|upkeep\n|turn|55\n|\n|t:|1632757282\n|cant|p1a: Sweecoon|slp\n|-curestatus|p2a: Snorlax|slp|[msg]\n|move|p2a: Snorlax|Curse|p2a: Snorlax\n|-unboost|p2a: Snorlax|spe|1\n|-boost|p2a: Snorlax|atk|1\n|-boost|p2a: Snorlax|def|1\n|\n|upkeep\n|turn|56\n|\n|t:|1632757285\n|cant|p1a: Sweecoon|slp\n|move|p2a: Snorlax|Body Slam|p1a: Sweecoon\n|-damage|p1a: Sweecoon|31\/100 slp\n|\n|-heal|p1a: Sweecoon|37\/100 slp|[from] item: Leftovers\n|upkeep\n|turn|57\n|\n|t:|1632757287\n|-curestatus|p1a: Sweecoon|slp|[msg]\n|move|p1a: Sweecoon|Scald|p2a: Snorlax\n|-damage|p2a: Snorlax|77\/100\n|move|p2a: Snorlax|Body Slam|p1a: Sweecoon\n|-damage|p1a: Sweecoon|0 fnt\n|faint|p1a: Sweecoon\n|\n|upkeep\n|\n|t:|1632757290\n|switch|p1a: Zapdoos|Zapdos, shiny|55\/100\n|-ability|p1a: Zapdoos|Pressure\n|turn|58\n|\n|t:|1632757291\n|move|p1a: Zapdoos|Discharge|p2a: Snorlax\n|-damage|p2a: Snorlax|64\/100\n|move|p2a: Snorlax|Body Slam|p1a: Zapdoos\n|-damage|p1a: Zapdoos|0 fnt\n|faint|p1a: Zapdoos\n|\n|upkeep\n|l| RipReckful\n|c|\u2606Mimikyu Stardust|i mean im just having fun\n|\n|t:|1632757305\n|switch|p1a: Shedinjoo|Shedinja, shiny|100\/100\n|turn|59\n|c|\u2606Mimikyu Stardust|i dont need anymore points\n|\n|t:|1632757316\n|move|p1a: Shedinjoo|Will-O-Wisp|p2a: Snorlax\n|-status|p2a: Snorlax|brn\n|move|p2a: Snorlax|Darkest Lariat|p1a: Shedinjoo\n|-supereffective|p1a: Shedinjoo\n|-damage|p1a: Shedinjoo|0 fnt\n|faint|p1a: Shedinjoo\n|\n|-damage|p2a: Snorlax|58\/100 brn|[from] brn\n|upkeep\n|\n|t:|1632757319\n|switch|p1a: Tooxopoox|Toxapex, M|67\/100\n|turn|60\n|\n|t:|1632757320\n|move|p1a: Tooxopoox|Recover|p1a: Tooxopoox\n|-heal|p1a: Tooxopoox|100\/100\n|move|p2a: Snorlax|Rest|p2a: Snorlax\n|-status|p2a: Snorlax|slp|[from] move: Rest\n|-heal|p2a: Snorlax|100\/100 slp|[silent]\n|\n|upkeep\n|turn|61\n|c|\u2606Mimikyu Stardust|so why not bring stall\n|-message|Mimikyu Stardust forfeited.\n|\n|win|Vodyne\n|n|\u2606Mimikyu Stardust|mimikyustardust\n|n|\u203dVodyne|vodyne\n|n| Hydreigon > Latias|hydreigonlatias\n|n| SmugMoney|smugmoney\n|n| lil tofa|liltofa\n|n| justforfunmercypls|justforfunmercypls\n|n| ChrisUchiha|chrisuchiha\n|n| mienfucked|mienfucked\n|n| Heracrossed Up|heracrossedup\n|n| RTSG tests|rtsgtests\n|n| Shaka14|shaka14\n|l|\u2606Mimikyu Stardust\n","uploadtime":1632757328,"views":98,"p1id":"mimikyustardust","p2id":"vodyne","formatid":"gen8ou","rating":0,"private":0,"password":null}