{"id":"gen8nationaldex-1636264171","p1":"andrew","p2":"FleetFoxxx","format":"gen8nationaldex","log":"|j|\u2606andrew\n|j|\u2606FleetFoxxx\n|t:|1660100959\n|gametype|singles\n|player|p1|andrew|#andrew|\n|player|p2|FleetFoxxx|flannery|\n|teamsize|p1|6\n|teamsize|p2|6\n|gen|8\n|tier|[Gen 8] National Dex\n|rule|HP Percentage Mod: HP is shown in percentages\n|rule|Endless Battle Clause: Forcing endless battles is banned\n|rule|OHKO Clause: OHKO moves are banned\n|rule|Evasion Moves Clause: Evasion moves are banned\n|rule|Species Clause: Limit one of each Pok\u00e9mon\n|rule|Dynamax Clause: You cannot dynamax\n|rule|Sleep Clause Mod: Limit one foe put to sleep\n|clearpoke\n|poke|p1|Swellow, M|\n|poke|p1|Zangoose, M|\n|poke|p1|Heliolisk, M|\n|poke|p1|Diggersby, F|\n|poke|p1|Pyroar, M|\n|poke|p1|Staraptor, F|\n|poke|p2|Bisharp, M|\n|poke|p2|Togetic, F|\n|poke|p2|Runerigus, F|\n|poke|p2|Galvantula, F|\n|poke|p2|Coalossal, F|\n|poke|p2|Whimsicott, F|\n|teampreview\n|c|\u2606andrew|gl hf\n|j| VeVii\n|j| yes munchlax\n|j| DerpyDots\n|c|\u2606FleetFoxxx|gl hf!!\n|c|\u2606andrew|i forgot what my team is supposed to do\n|j| zoompa\n|c|\u2606andrew|one min\n|j| thamaestro\n|c|\u2606FleetFoxxx|same\n|j| johngalt149\n|j| evilhanaklaus\n|\n|t:|1660101054\n|start\n|switch|p1a: y|Pyroar, M|100\/100\n|switch|p2a: Galvantula|Galvantula, F|100\/100\n|-ability|p1a: y|Unnerve\n|turn|1\n|l| VeVii\n|j| sh0shin\n|j|+111ace111\n|j| Deathbypudding\n|\n|t:|1660101116\n|move|p2a: Galvantula|Sticky Web|p1a: y\n|-sidestart|p1: andrew|move: Sticky Web\n|move|p1a: y|Flamethrower|p2a: Galvantula\n|-supereffective|p2a: Galvantula\n|-enditem|p2a: Galvantula|Focus Sash\n|-damage|p2a: Galvantula|1\/100\n|\n|upkeep\n|turn|2\n|j| Flare1498\n|j| Frosti Plays\n|\n|t:|1660101162\n|move|p2a: Galvantula|Thunder|p1a: y|[miss]\n|-miss|p2a: Galvantula|p1a: y\n|move|p1a: y|Flamethrower|p2a: Galvantula\n|-supereffective|p2a: Galvantula\n|-damage|p2a: Galvantula|0 fnt\n|faint|p2a: Galvantula\n|\n|upkeep\n|c|\u2606andrew|f\n|c| yes munchlax|f\n|\n|t:|1660101177\n|switch|p2a: Coalossal|Coalossal, F|100\/100\n|turn|3\n|\n|t:|1660101188\n|move|p1a: y|Hidden Power|p2a: Coalossal\n|-supereffective|p2a: Coalossal\n|-damage|p2a: Coalossal|53\/100\n|move|p2a: Coalossal|Body Press|p1a: y\n|-supereffective|p1a: y\n|-damage|p1a: y|40\/100\n|\n|upkeep\n|turn|4\n|\n|t:|1660101195\n|move|p1a: y|Hidden Power|p2a: Coalossal\n|-supereffective|p2a: Coalossal\n|-damage|p2a: Coalossal|7\/100\n|move|p2a: Coalossal|Body Press|p1a: y\n|-supereffective|p1a: y\n|-damage|p1a: y|0 fnt\n|faint|p1a: y\n|\n|upkeep\n|\n|t:|1660101297\n|switch|p1a: j|Swellow, M|100\/100\n|turn|5\n|l| Flare1498\n|\n|t:|1660101338\n|move|p1a: j|Defog|p2a: Coalossal\n|-unboost|p2a: Coalossal|evasion|1\n|-sideend|p1: andrew|Sticky Web|[from] move: Defog|[of] p1a: j\n|move|p2a: Coalossal|Rock Blast|p1a: j\n|-supereffective|p1a: j\n|-damage|p1a: j|73\/100\n|-supereffective|p1a: j\n|-damage|p1a: j|43\/100\n|-supereffective|p1a: j\n|-crit|p1a: j\n|-damage|p1a: j|2\/100\n|-supereffective|p1a: j\n|-damage|p1a: j|0 fnt\n|faint|p1a: j\n|-hitcount|p1: j|4\n|\n|upkeep\n|\n|t:|1660101372\n|switch|p1a: h|Heliolisk, M|100\/100\n|turn|6\n|\n|t:|1660101389\n|move|p1a: h|Surf|p2a: Coalossal\n|-supereffective|p2a: Coalossal\n|-crit|p2a: Coalossal\n|-damage|p2a: Coalossal|0 fnt\n|faint|p2a: Coalossal\n|\n|upkeep\n|\n|t:|1660101434\n|switch|p2a: Whimsicott|Whimsicott, F|100\/100\n|turn|7\n|\n|t:|1660101448\n|move|p2a: Whimsicott|Leech Seed|p1a: h\n|-start|p1a: h|move: Leech Seed\n|move|p1a: h|Hyper Voice|p2a: Whimsicott\n|-damage|p2a: Whimsicott|44\/100\n|\n|-damage|p1a: h|88\/100|[from] Leech Seed|[of] p2a: Whimsicott\n|-heal|p2a: Whimsicott|54\/100|[silent]\n|upkeep\n|turn|8\n|\n|t:|1660101547\n|move|p2a: Whimsicott|Tailwind|p2a: Whimsicott\n|-sidestart|p2: FleetFoxxx|move: Tailwind\n|move|p1a: h|Hyper Voice|p2a: Whimsicott\n|-damage|p2a: Whimsicott|0 fnt\n|faint|p2a: Whimsicott\n|\n|upkeep\n|\n|t:|1660101580\n|switch|p2a: Bisharp|Bisharp, M|100\/100\n|turn|9\n|\n|t:|1660101586\n|move|p2a: Bisharp|Knock Off|p1a: h\n|-damage|p1a: h|0 fnt\n|-enditem|p1a: h|Mystic Water|[from] move: Knock Off|[of] p2a: Bisharp\n|faint|p1a: h\n|-damage|p2a: Bisharp|91\/100|[from] item: Life Orb\n|\n|upkeep\n|l| zoompa\n|\n|t:|1660101606\n|switch|p1a: ruffneck|Staraptor, F|100\/100\n|turn|10\n|\n|t:|1660101625\n|switch|p2a: Runerigus|Runerigus, F|100\/100\n|move|p1a: ruffneck|Close Combat|p2a: Runerigus\n|-immune|p2a: Runerigus\n|\n|upkeep\n|turn|11\n|\n|t:|1660101638\n|move|p1a: ruffneck|Substitute|p1a: ruffneck\n|-start|p1a: ruffneck|Substitute\n|-damage|p1a: ruffneck|76\/100\n|move|p2a: Runerigus|Iron Defense|p2a: Runerigus\n|-boost|p2a: Runerigus|def|2\n|\n|-sideend|p2: FleetFoxxx|move: Tailwind\n|upkeep\n|turn|12\n|\n|t:|1660101643\n|move|p1a: ruffneck|Brave Bird|p2a: Runerigus\n|-damage|p2a: Runerigus|79\/100\n|-activate|p2a: Runerigus|ability: Wandering Spirit|Reckless|Wandering Spirit|[of] p1a: ruffneck\n|-damage|p1a: ruffneck|69\/100|[from] Recoil\n|move|p2a: Runerigus|Iron Defense|p2a: Runerigus\n|-boost|p2a: Runerigus|def|2\n|\n|upkeep\n|turn|13\n|\n|t:|1660101652\n|switch|p1a: o|Zangoose, M|100\/100\n|move|p2a: Runerigus|Iron Defense|p2a: Runerigus\n|-boost|p2a: Runerigus|def|2\n|\n|upkeep\n|turn|14\n|\n|t:|1660101673\n|move|p1a: o|Knock Off|p2a: Runerigus\n|-supereffective|p2a: Runerigus\n|-damage|p2a: Runerigus|65\/100\n|-enditem|p2a: Runerigus|Chesto Berry|[from] move: Knock Off|[of] p1a: o\n|-damage|p1a: o|91\/100|[from] item: Life Orb\n|move|p2a: Runerigus|Body Press|p1a: o\n|-supereffective|p1a: o\n|-damage|p1a: o|0 fnt\n|faint|p1a: o\n|\n|upkeep\n|\n|t:|1660101676\n|switch|p1a: ruffneck|Staraptor, F|69\/100\n|turn|15\n|\n|t:|1660101684\n|move|p1a: ruffneck|Brave Bird|p2a: Runerigus\n|-damage|p2a: Runerigus|54\/100\n|-damage|p1a: ruffneck|66\/100|[from] Recoil\n|move|p2a: Runerigus|Body Press|p1a: ruffneck\n|-crit|p1a: ruffneck\n|-damage|p1a: ruffneck|0 fnt\n|faint|p1a: ruffneck\n|\n|upkeep\n|\n|t:|1660101686\n|switch|p1a: n|Diggersby, F|100\/100\n|turn|16\n|\n|t:|1660101693\n|move|p1a: n|Earthquake|p2a: Runerigus\n|-damage|p2a: Runerigus|43\/100\n|move|p2a: Runerigus|Body Press|p1a: n\n|-supereffective|p1a: n\n|-enditem|p1a: n|Chople Berry|[eat]\n|-enditem|p1a: n|Chople Berry|[weaken]\n|-damage|p1a: n|0 fnt\n|faint|p1a: n\n|\n|win|FleetFoxxx\n|c|\u2606andrew|gg\n|c|\u2606FleetFoxxx|gg\n|l|\u2606FleetFoxxx\n|l| thamaestro\n|l| DerpyDots\n|j| Flare1498\n|l| Flare1498\n|l| evilhanaklaus\n|l| sh0shin\n|l| Frosti Plays\n|j| Bugsileus\n|l| johngalt149\n|l| Deathbypudding\n|n| LadderClimber420|bugsileus\n|l|ladderclimber420\n","uploadtime":1660103346,"views":15,"p1id":"andrew","p2id":"fleetfoxxx","formatid":"gen8nationaldex","rating":0,"private":0,"password":null}