{"id":"gen8ou-1168875878","p1":"Rorschach I","p2":"LT72MS Sacri'","format":"gen8ou","log":"|raw|<div class=\"broadcast-blue\"><strong>This battle is required to be public due to a player having a name prefixed by 'LT72MS'.<\/div>\n|j|\u2606Rorschach I\n|j|\u2606LT72MS Sacri'\n|t:|1597424427\n|player|p1|Rorschach I|cynthia|1881\n|player|p2|LT72MS Sacri'|1|1744\n|teamsize|p1|6\n|teamsize|p2|6\n|gametype|singles\n|gen|8\n|tier|[Gen 8] OU\n|rated|\n|clearpoke\n|poke|p1|Pelipper, F|\n|poke|p1|Tangrowth, M|\n|poke|p1|Zeraora|\n|poke|p1|Urshifu-*, F|\n|poke|p1|Excadrill, F|\n|poke|p1|Toxapex, M|\n|poke|p2|Mew|\n|poke|p2|Toxtricity, M|\n|poke|p2|Rillaboom, F|\n|poke|p2|Dragapult, F|\n|poke|p2|Alakazam, F|\n|poke|p2|Kommo-o, F|\n|rule|Sleep Clause Mod: Limit one foe put to sleep\n|rule|Species Clause: Limit one of each Pok\u00e9mon\n|rule|OHKO Clause: OHKO moves are banned\n|rule|Evasion Moves Clause: Evasion moves are banned\n|rule|Endless Battle Clause: Forcing endless battles is banned\n|rule|HP Percentage Mod: HP is shown in percentages\n|rule|Dynamax Clause: You cannot dynamax\n|teampreview\n|j| asdcxzvcxzbv\n|j| scarecrow1\n|\n|t:|1597424437\n|start\n|switch|p1a: Urshifu|Urshifu-Rapid-Strike, F|100\/100\n|switch|p2a: Mew|Mew|100\/100\n|turn|1\n|j| LT71LX LxR\n|\n|t:|1597424444\n|move|p1a: Urshifu|U-turn|p2a: Mew\n|-supereffective|p2a: Mew\n|-damage|p2a: Mew|51\/100\n|-enditem|p2a: Mew|Red Card|[of] p1a: Urshifu\n|drag|p1a: Tangrowth|Tangrowth, M|100\/100\n|move|p2a: Mew|Stealth Rock|p1a: Tangrowth\n|-sidestart|p1: Rorschach I|move: Stealth Rock\n|\n|upkeep\n|turn|2\n|j|+Primal Unova\n|j|+Averardo\n|j| Nathaaan\u2666\n|\n|t:|1597424453\n|move|p2a: Mew|Taunt|p1a: Tangrowth\n|-start|p1a: Tangrowth|move: Taunt\n|cant|p1a: Tangrowth|move: Taunt|Sleep Powder\n|\n|upkeep\n|turn|3\n|inactive|Battle timer is ON: inactive players will automatically lose when time's up. (requested by LT72MS Sacri')\n|\n|t:|1597424459\n|switch|p1a: Excadrill|Excadrill, F|100\/100\n|-damage|p1a: Excadrill|97\/100|[from] Stealth Rock\n|-ability|p1a: Excadrill|Mold Breaker\n|move|p2a: Mew|Spikes|p1a: Excadrill\n|-sidestart|p1: Rorschach I|Spikes\n|\n|-heal|p1a: Excadrill|100\/100|[from] item: Leftovers\n|upkeep\n|turn|4\n|\n|t:|1597424467\n|switch|p2a: Dragapult|Dragapult, F|100\/100\n|move|p1a: Excadrill|Stealth Rock|p2a: Dragapult\n|-sidestart|p2: LT72MS Sacri'|move: Stealth Rock\n|\n|upkeep\n|turn|5\n|\n|t:|1597424475\n|move|p2a: Dragapult|Fire Blast|p1a: Excadrill|[miss]\n|-miss|p2a: Dragapult|p1a: Excadrill\n|move|p1a: Excadrill|Iron Head|p2a: Dragapult\n|-crit|p2a: Dragapult\n|-damage|p2a: Dragapult|19\/100\n|\n|upkeep\n|turn|6\n|j| Cbbies\n|\n|t:|1597424482\n|switch|p1a: Toxapex|Toxapex, M|100\/100\n|-damage|p1a: Toxapex|88\/100|[from] Spikes\n|-damage|p1a: Toxapex|76\/100|[from] Stealth Rock\n|move|p2a: Dragapult|Fire Blast|p1a: Toxapex\n|-resisted|p1a: Toxapex\n|-damage|p1a: Toxapex|65\/100\n|-damage|p2a: Dragapult|9\/100|[from] item: Life Orb\n|\n|upkeep\n|turn|7\n|j| lt72ms fendii\n|j| CptnPenguiny\n|j| Chrolloxlucifer\n|l| lt72ms fendii\n|j| mind_frayer\n|l| Cbbies\n|\n|t:|1597424505\n|switch|p2a: Toxtricity|Toxtricity, M|100\/100\n|-damage|p2a: Toxtricity|88\/100|[from] Stealth Rock\n|switch|p1a: Excadrill|Excadrill, F|100\/100\n|-damage|p1a: Excadrill|97\/100|[from] Stealth Rock\n|-damage|p1a: Excadrill|85\/100|[from] Spikes\n|-ability|p1a: Excadrill|Mold Breaker\n|\n|-heal|p1a: Excadrill|91\/100|[from] item: Leftovers\n|upkeep\n|turn|8\n|j| Cbbies\n|\n|t:|1597424515\n|switch|p2a: Dragapult|Dragapult, F|9\/100\n|-damage|p2a: Dragapult|0 fnt|[from] Stealth Rock\n|faint|p2a: Dragapult\n|move|p1a: Excadrill|Rapid Spin|p2: Dragapult|[notarget]\n|-fail|p1a: Excadrill\n|\n|-heal|p1a: Excadrill|97\/100|[from] item: Leftovers\n|upkeep\n|\n|t:|1597424517\n|switch|p2a: Alakazam|Alakazam, F|100\/100\n|turn|9\n|\n|t:|1597424526\n|move|p2a: Alakazam|Focus Blast|p1a: Excadrill|[miss]\n|-miss|p2a: Alakazam|p1a: Excadrill\n|move|p1a: Excadrill|Rapid Spin|p2a: Alakazam\n|-damage|p2a: Alakazam|63\/100\n|-boost|p1a: Excadrill|spe|1\n|-sideend|p1: Rorschach I|Spikes|[from] move: Rapid Spin|[of] p1a: Excadrill\n|-sideend|p1: Rorschach I|Stealth Rock|[from] move: Rapid Spin|[of] p1a: Excadrill\n|\n|-heal|p1a: Excadrill|100\/100|[from] item: Leftovers\n|upkeep\n|turn|10\n|c|\u2606LT72MS Sacri'|how\n|j| roundpenguin\n|j| lt71lx croo\n|j| save mons\n|\n|t:|1597424541\n|move|p1a: Excadrill|Iron Head|p2a: Alakazam\n|-damage|p2a: Alakazam|0 fnt\n|faint|p2a: Alakazam\n|\n|upkeep\n|\n|t:|1597424546\n|switch|p2a: Rillaboom|Rillaboom, F|100\/100\n|-damage|p2a: Rillaboom|88\/100|[from] Stealth Rock\n|-fieldstart|move: Grassy Terrain|[from] ability: Grassy Surge|[of] p2a: Rillaboom\n|-enditem|p2a: Rillaboom|Grassy Seed\n|-boost|p2a: Rillaboom|def|1|[from] item: Grassy Seed\n|turn|11\n|j| duppyduppy\n|j| LT72MS Ayk\n|j| Zaettsu\n|j| mcqnaonamorada\n|c| LT72MS Ayk|toxa rain ?\n|\n|t:|1597424571\n|switch|p1a: Toxapex|Toxapex, M|98\/100\n|move|p2a: Rillaboom|Swords Dance|p2a: Rillaboom\n|-boost|p2a: Rillaboom|atk|2\n|\n|-heal|p2a: Rillaboom|94\/100|[from] Grassy Terrain\n|-heal|p1a: Toxapex|100\/100|[from] Grassy Terrain\n|upkeep\n|turn|12\n|l| Cbbies\n|j| LT72MS Doom\n|\n|t:|1597424580\n|move|p2a: Rillaboom|Swords Dance|p2a: Rillaboom\n|-boost|p2a: Rillaboom|atk|2\n|move|p1a: Toxapex|Haze|p1a: Toxapex\n|-clearallboost\n|\n|-heal|p2a: Rillaboom|100\/100|[from] Grassy Terrain\n|upkeep\n|turn|13\n|\n|t:|1597424596\n|switch|p2a: Toxtricity|Toxtricity, M|88\/100\n|-damage|p2a: Toxtricity|76\/100|[from] Stealth Rock\n|move|p1a: Toxapex|Haze|p1a: Toxapex\n|-clearallboost\n|\n|-heal|p2a: Toxtricity|82\/100|[from] Grassy Terrain\n|upkeep\n|turn|14\n|\n|t:|1597424607\n|move|p2a: Toxtricity|Shift Gear|p2a: Toxtricity\n|-boost|p2a: Toxtricity|spe|2\n|-boost|p2a: Toxtricity|atk|1\n|move|p1a: Toxapex|Knock Off|p2a: Toxtricity\n|-damage|p2a: Toxtricity|61\/100\n|-enditem|p2a: Toxtricity|Throat Spray|[from] move: Knock Off|[of] p1a: Toxapex\n|\n|-heal|p2a: Toxtricity|67\/100|[from] Grassy Terrain\n|upkeep\n|turn|15\n|j| LT72MS Jacked\n|j| VvvV1250\n|inactive|Rorschach I has 120 seconds left.\n|j| DelusionRush\n|\n|t:|1597424626\n|move|p2a: Toxtricity|Drain Punch|p1a: Toxapex\n|-resisted|p1a: Toxapex\n|-damage|p1a: Toxapex|91\/100\n|-heal|p2a: Toxtricity|72\/100|[from] drain|[of] p1a: Toxapex\n|-damage|p2a: Toxtricity|55\/100|[from] item: Rocky Helmet|[of] p1a: Toxapex\n|move|p1a: Toxapex|Scald|p2a: Toxtricity\n|-damage|p2a: Toxtricity|25\/100\n|\n|-heal|p2a: Toxtricity|31\/100|[from] Grassy Terrain\n|-heal|p1a: Toxapex|97\/100|[from] Grassy Terrain\n|-fieldend|move: Grassy Terrain\n|upkeep\n|turn|16\n|inactive|Rorschach I has 120 seconds left.\n|\n|t:|1597424641\n|move|p2a: Toxtricity|Overdrive|p1a: Toxapex\n|-supereffective|p1a: Toxapex\n|-damage|p1a: Toxapex|32\/100\n|move|p1a: Toxapex|Scald|p2a: Toxtricity\n|-damage|p2a: Toxtricity|1\/100\n|-status|p2a: Toxtricity|brn\n|\n|-damage|p2a: Toxtricity|0 fnt|[from] brn\n|faint|p2a: Toxtricity\n|upkeep\n|j| allskillnolucker\n|j| soccerstarumbreon\n|j| 4452231p\n|\n|t:|1597424650\n|switch|p2a: Mew|Mew|51\/100\n|-damage|p2a: Mew|39\/100|[from] Stealth Rock\n|turn|17\n|l| Chrolloxlucifer\n|j| MaelArchange\n|inactive|Rorschach I has 120 seconds left.\n|\n|t:|1597424660\n|switch|p1a: Urshifu|Urshifu-Rapid-Strike, F|100\/100\n|move|p2a: Mew|Taunt|p1a: Urshifu\n|-start|p1a: Urshifu|move: Taunt\n|\n|upkeep\n|turn|18\n|j| JOZEVILLA\n|\n|t:|1597424664\n|move|p1a: Urshifu|U-turn|p2a: Mew\n|-supereffective|p2a: Mew\n|-damage|p2a: Mew|0 fnt\n|faint|p2a: Mew\n|j| LT72MS Lucki\n|j|+Perish Song \u266b\n|j| LT72MS Kimrin\n|j| Luigi over mario\n|\n|t:|1597424677\n|switch|p1a: Pelipper|Pelipper, F|100\/100|[from]move: U-turn\n|-weather|RainDance|[from] ability: Drizzle|[of] p1a: Pelipper\n|\n|-weather|RainDance|[upkeep]\n|upkeep\n|\n|t:|1597424682\n|switch|p2a: Kommo-o|Kommo-o, F|100\/100\n|-damage|p2a: Kommo-o|94\/100|[from] Stealth Rock\n|turn|19\n|\n|t:|1597424688\n|move|p2a: Kommo-o|Clangorous Soul|p2a: Kommo-o\n|-boost|p2a: Kommo-o|atk|1\n|-boost|p2a: Kommo-o|def|1\n|-boost|p2a: Kommo-o|spa|1\n|-boost|p2a: Kommo-o|spd|1\n|-boost|p2a: Kommo-o|spe|1\n|-damage|p2a: Kommo-o|61\/100\n|-enditem|p2a: Kommo-o|Throat Spray\n|-boost|p2a: Kommo-o|spa|1|[from] item: Throat Spray\n|move|p1a: Pelipper|Hurricane|p2a: Kommo-o\n|-supereffective|p2a: Kommo-o\n|-damage|p2a: Kommo-o|0 fnt\n|faint|p2a: Kommo-o\n|\n|-weather|RainDance|[upkeep]\n|upkeep\n|l| CptnPenguiny\n|-message|LT72MS Sacri' forfeited.\n|\n|win|Rorschach I\n|l|\u2606LT72MS Sacri'\n|l| LT72MS Jacked\n|j| LT72MS dire dire\n|j| gb uu alt\n|l| LT72MS Kimrin\n|l|\u2606Rorschach I\n|l| VvvV1250\n|l| lt71lx croo\n|l| JOZEVILLA\n|j| laevin \u32db\n|l| soccerstarumbreon\n|l| LT72MS Doom\n|j| lt72ms squashers\n|j|+Akai Tenshi~\u266a\n|j|+playerW17\n|l| LT72MS dire dire\n|l|+Akai Tenshi~\u266a\n|l|+Perish Song \u266b\n||Ladder (probably) updated, but score could not be retrieved (Request timeout).\n|l| MaelArchange\n|l| Zaettsu\n|l| mcqnaonamorada\n|l| lt72ms squashers\n|l| asdcxzvcxzbv\n|l| DelusionRush\n|l| laevin \u32db\n|l| Luigi over mario\n|l| LT72MS Lucki\n|l|+playerW17\n|l| allskillnolucker\n|l| scarecrow1\n|l|+Averardo\n|j| anUWUbis\n|l| mind_frayer\n|l| anUWUbis\n|l| roundpenguin\n|j|+Perish Song \u266b\n|l|+Perish Song \u266b\n|j| Bdlc\n|l| Bdlc\n|l| LT72MS Ayk\n|j| LT72MS Lio\n","uploadtime":1597424782,"views":203,"p1id":"rorschachi","p2id":"lt72mssacri","formatid":"gen8ou","rating":0,"private":0,"password":null}