{"id":"gen8anythinggoes-1677425840","p1":"yokobaby","p2":"AGLT5TX Electro","format":"gen8anythinggoes","log":"|raw|<div class=\"broadcast-blue\"><strong>This battle is required to be public due to a player having a name starting with 'aglt5tx'.<\/div>\n|j|\u2606yokobaby\n|j|\u2606AGLT5TX Electro\n|t:|1664896890\n|gametype|singles\n|player|p1|yokobaby|cynthia-masters|1739\n|player|p2|AGLT5TX Electro|volkner-masters|1725\n|teamsize|p1|6\n|teamsize|p2|6\n|gen|8\n|tier|[Gen 8] Anything Goes\n|rated|\n|rule|HP Percentage Mod: HP is shown in percentages\n|rule|Endless Battle Clause: Forcing endless battles is banned\n|clearpoke\n|poke|p1|Marshadow|\n|poke|p1|Ho-Oh|\n|poke|p1|Zacian-*|\n|poke|p1|Eternatus|\n|poke|p1|Yveltal|\n|poke|p1|Necrozma-Dusk-Mane|\n|poke|p2|Aerodactyl, M|\n|poke|p2|Butterfree, M|\n|poke|p2|Calyrex-Shadow|\n|poke|p2|Yveltal|\n|poke|p2|Dialga|\n|poke|p2|Kyogre|\n|teampreview\n|inactive|Battle timer is ON: inactive players will automatically lose when time's up. (requested by AGLT5TX Electro)\n|\n|t:|1664896895\n|start\n|switch|p1a: Yveltal|Yveltal|100\/100\n|switch|p2a: Aerodactyl|Aerodactyl, M|100\/100\n|-ability|p2a: Aerodactyl|Pressure\n|-ability|p1a: Yveltal|Dark Aura\n|turn|1\n|\n|t:|1664896906\n|move|p2a: Aerodactyl|Stealth Rock|p1a: Yveltal\n|-sidestart|p1: yokobaby|move: Stealth Rock\n|move|p1a: Yveltal|U-turn|p2a: Aerodactyl\n|-resisted|p2a: Aerodactyl\n|-damage|p2a: Aerodactyl|73\/100\n|\n|t:|1664896913\n|switch|p1a: Zacian|Zacian-Crowned|100\/100|[from]move: U-turn\n|-damage|p1a: Zacian|94\/100|[from] Stealth Rock\n|-ability|p1a: Zacian|Intrepid Sword|boost\n|-boost|p1a: Zacian|atk|1\n|\n|upkeep\n|turn|2\n|\n|t:|1664896916\n|move|p1a: Zacian|Behemoth Blade|p2a: Aerodactyl\n|-supereffective|p2a: Aerodactyl\n|-crit|p2a: Aerodactyl\n|-damage|p2a: Aerodactyl|0 fnt\n|faint|p2a: Aerodactyl\n|\n|upkeep\n|\n|t:|1664896922\n|switch|p2a: Calyrex|Calyrex-Shadow|100\/100\n|-ability|p2a: Calyrex|As One\n|-ability|p2a: Calyrex|Unnerve\n|turn|3\n|\n|t:|1664896934\n|switch|p1a: Ho-Oh|Ho-Oh|100\/100\n|move|p2a: Calyrex|Nasty Plot|p2a: Calyrex\n|-boost|p2a: Calyrex|spa|2\n|\n|upkeep\n|turn|4\n|\n|t:|1664896950\n|move|p2a: Calyrex|Astral Barrage|p1a: Ho-Oh\n|-damage|p1a: Ho-Oh|40\/100\n|move|p1a: Ho-Oh|Thunder Wave|p2a: Calyrex\n|-status|p2a: Calyrex|par\n|\n|upkeep\n|turn|5\n|\n|t:|1664896955\n|move|p2a: Calyrex|Baton Pass|p2a: Calyrex\n|\n|t:|1664896957\n|switch|p2a: Yveltal|Yveltal|100\/100|[from]move: Baton Pass\n|-ability|p2a: Yveltal|Dark Aura\n|move|p1a: Ho-Oh|Defog|p2a: Yveltal\n|-unboost|p2a: Yveltal|evasion|1\n|-sideend|p1: yokobaby|Stealth Rock|[from] move: Defog|[of] p1a: Ho-Oh\n|\n|upkeep\n|turn|6\n|\n|t:|1664896967\n|switch|p1a: Necrozma|Necrozma-Dusk-Mane|100\/100\n|-start|p2a: Yveltal|Dynamax|\n|-heal|p2a: Yveltal|100\/100|[silent]\n|move|p2a: Yveltal|Max Airstream|p1a: Necrozma\n|-resisted|p1a: Necrozma\n|-damage|p1a: Necrozma|45\/100\n|-boost|p2a: Yveltal|spe|1\n|\n|upkeep\n|turn|7\n|\n|t:|1664896970\n|move|p2a: Yveltal|Max Darkness|p1a: Necrozma\n|-supereffective|p1a: Necrozma\n|-crit|p1a: Necrozma\n|-damage|p1a: Necrozma|0 fnt\n|faint|p1a: Necrozma\n|\n|upkeep\n|\n|t:|1664896976\n|switch|p1a: Zacian|Zacian-Crowned|94\/100\n|-ability|p1a: Zacian|Intrepid Sword|boost\n|-boost|p1a: Zacian|atk|1\n|turn|8\n|\n|t:|1664896979\n|switch|p1a: Ho-Oh|Ho-Oh|74\/100\n|move|p2a: Yveltal|Max Flare|p1a: Ho-Oh\n|-resisted|p1a: Ho-Oh\n|-damage|p1a: Ho-Oh|53\/100\n|-weather|SunnyDay\n|\n|-weather|SunnyDay|[upkeep]\n|upkeep\n|-end|p2a: Yveltal|Dynamax\n|-heal|p2a: Yveltal|100\/100|[silent]\n|turn|9\n|\n|t:|1664896982\n|-start|p1a: Ho-Oh|Dynamax|\n|-heal|p1a: Ho-Oh|53\/100|[silent]\n|move|p2a: Yveltal|Dark Pulse|p1a: Ho-Oh\n|-damage|p1a: Ho-Oh|25\/100\n|move|p1a: Ho-Oh|Max Flare|p2a: Yveltal\n|-damage|p2a: Yveltal|21\/100\n|\n|-weather|SunnyDay|[upkeep]\n|upkeep\n|turn|10\n|\n|t:|1664896989\n|move|p2a: Yveltal|Dark Pulse|p1a: Ho-Oh\n|-crit|p1a: Ho-Oh\n|-damage|p1a: Ho-Oh|0 fnt\n|faint|p1a: Ho-Oh\n|\n|-weather|SunnyDay|[upkeep]\n|upkeep\n|\n|t:|1664896997\n|switch|p1a: Yveltal|Yveltal|100\/100\n|-ability|p1a: Yveltal|Dark Aura\n|turn|11\n|\n|t:|1664897001\n|move|p1a: Yveltal|Sucker Punch|p2a: Yveltal\n|-resisted|p2a: Yveltal\n|-damage|p2a: Yveltal|0 fnt\n|faint|p2a: Yveltal\n|\n|-weather|SunnyDay|[upkeep]\n|upkeep\n|\n|t:|1664897008\n|switch|p2a: Butterfree|Butterfree, M|100\/100\n|turn|12\n|\n|t:|1664897013\n|switch|p1a: Zacian|Zacian-Crowned|94\/100\n|-ability|p1a: Zacian|Intrepid Sword|boost\n|-boost|p1a: Zacian|atk|1\n|move|p2a: Butterfree|Sleep Powder|p1a: Zacian\n|-status|p1a: Zacian|slp|[from] move: Sleep Powder\n|\n|-weather|none\n|upkeep\n|turn|13\n|\n|t:|1664897017\n|cant|p1a: Zacian|slp\n|move|p2a: Butterfree|Quiver Dance|p2a: Butterfree\n|-boost|p2a: Butterfree|spa|1\n|-boost|p2a: Butterfree|spd|1\n|-boost|p2a: Butterfree|spe|1\n|\n|upkeep\n|turn|14\n|\n|t:|1664897023\n|cant|p1a: Zacian|slp\n|move|p2a: Butterfree|Baton Pass|p2a: Butterfree\n|\n|t:|1664897027\n|switch|p2a: Kyogre|Kyogre|100\/100|[from]move: Baton Pass\n|-weather|RainDance|[from] ability: Drizzle|[of] p2a: Kyogre\n|\n|-weather|RainDance|[upkeep]\n|upkeep\n|turn|15\n|\n|t:|1664897034\n|move|p2a: Kyogre|Origin Pulse|p1a: Zacian\n|-damage|p1a: Zacian|0 fnt\n|faint|p1a: Zacian\n|\n|-weather|RainDance|[upkeep]\n|upkeep\n|\n|t:|1664897042\n|switch|p1a: Eternatus|Eternatus|100\/100\n|-ability|p1a: Eternatus|Pressure\n|turn|16\n|\n|t:|1664897045\n|move|p2a: Kyogre|Origin Pulse|p1a: Eternatus\n|-resisted|p1a: Eternatus\n|-damage|p1a: Eternatus|54\/100\n|move|p1a: Eternatus|Mystical Fire|p2a: Kyogre\n|-resisted|p2a: Kyogre\n|-damage|p2a: Kyogre|98\/100\n|-unboost|p2a: Kyogre|spa|1\n|\n|-weather|RainDance|[upkeep]\n|upkeep\n|turn|17\n|\n|t:|1664897052\n|switch|p2a: Butterfree|Butterfree, M|100\/100\n|move|p1a: Eternatus|Recover|p1a: Eternatus\n|-heal|p1a: Eternatus|100\/100\n|\n|-weather|RainDance|[upkeep]\n|upkeep\n|turn|18\n|\n|t:|1664897055\n|move|p1a: Eternatus|Dynamax Cannon|p2a: Butterfree\n|-damage|p2a: Butterfree|35\/100\n|move|p2a: Butterfree|Sleep Powder|p1a: Eternatus\n|-status|p1a: Eternatus|slp|[from] move: Sleep Powder\n|\n|-weather|none\n|upkeep\n|turn|19\n|\n|t:|1664897058\n|cant|p1a: Eternatus|slp\n|move|p2a: Butterfree|Quiver Dance|p2a: Butterfree\n|-boost|p2a: Butterfree|spa|1\n|-boost|p2a: Butterfree|spd|1\n|-boost|p2a: Butterfree|spe|1\n|\n|upkeep\n|turn|20\n|\n|t:|1664897070\n|move|p2a: Butterfree|Quiver Dance|p2a: Butterfree\n|-boost|p2a: Butterfree|spa|1\n|-boost|p2a: Butterfree|spd|1\n|-boost|p2a: Butterfree|spe|1\n|cant|p1a: Eternatus|slp\n|\n|upkeep\n|turn|21\n|\n|t:|1664897078\n|move|p2a: Butterfree|Baton Pass|p2a: Butterfree\n|\n|t:|1664897079\n|switch|p2a: Dialga|Dialga|100\/100|[from]move: Baton Pass\n|-ability|p2a: Dialga|Pressure\n|-curestatus|p1a: Eternatus|slp|[msg]\n|move|p1a: Eternatus|Mystical Fire|p2a: Dialga\n|-damage|p2a: Dialga|95\/100\n|-unboost|p2a: Dialga|spa|1\n|\n|upkeep\n|turn|22\n|\n|t:|1664897088\n|switch|p1a: Marshadow|Marshadow|100\/100\n|move|p2a: Dialga|Dragon Pulse|p1a: Marshadow\n|-damage|p1a: Marshadow|10\/100\n|\n|upkeep\n|turn|23\n|\n|t:|1664897090\n|move|p1a: Marshadow|Shadow Sneak|p2a: Dialga\n|-damage|p2a: Dialga|56\/100\n|-damage|p1a: Marshadow|0 fnt|[from] item: Life Orb\n|faint|p1a: Marshadow\n|move|p2a: Dialga|Dragon Pulse|p1: Marshadow|[notarget]\n|-fail|p2a: Dialga\n|\n|upkeep\n|\n|t:|1664897094\n|switch|p1a: Yveltal|Yveltal|100\/100\n|-ability|p1a: Yveltal|Dark Aura\n|turn|24\n|\n|t:|1664897096\n|move|p2a: Dialga|Dragon Pulse|p1a: Yveltal\n|-damage|p1a: Yveltal|38\/100\n|move|p1a: Yveltal|Knock Off|p2a: Dialga\n|-damage|p2a: Dialga|0 fnt\n|-enditem|p2a: Dialga|Assault Vest|[from] move: Knock Off|[of] p1a: Yveltal\n|faint|p2a: Dialga\n|\n|upkeep\n|\n|t:|1664897104\n|switch|p2a: Kyogre|Kyogre|98\/100\n|-weather|RainDance|[from] ability: Drizzle|[of] p2a: Kyogre\n|turn|25\n|\n|t:|1664897108\n|switch|p1a: Eternatus|Eternatus|100\/100\n|-ability|p1a: Eternatus|Pressure\n|move|p2a: Kyogre|Ice Beam|p1a: Eternatus\n|-supereffective|p1a: Eternatus\n|-damage|p1a: Eternatus|55\/100\n|\n|-weather|RainDance|[upkeep]\n|upkeep\n|turn|26\n|\n|t:|1664897111\n|move|p2a: Kyogre|Ice Beam|p1a: Eternatus\n|-supereffective|p1a: Eternatus\n|-damage|p1a: Eternatus|11\/100\n|move|p1a: Eternatus|Mystical Fire|p2a: Kyogre\n|-resisted|p2a: Kyogre\n|-crit|p2a: Kyogre\n|-damage|p2a: Kyogre|91\/100\n|-unboost|p2a: Kyogre|spa|1\n|\n|-weather|RainDance|[upkeep]\n|upkeep\n|turn|27\n|\n|t:|1664897114\n|move|p2a: Kyogre|Ice Beam|p1a: Eternatus\n|-supereffective|p1a: Eternatus\n|-damage|p1a: Eternatus|0 fnt\n|faint|p1a: Eternatus\n|\n|-weather|RainDance|[upkeep]\n|upkeep\n|\n|t:|1664897116\n|switch|p1a: Yveltal|Yveltal|38\/100\n|-ability|p1a: Yveltal|Dark Aura\n|turn|28\n|\n|t:|1664897125\n|move|p2a: Kyogre|Ice Beam|p1a: Yveltal\n|-supereffective|p1a: Yveltal\n|-damage|p1a: Yveltal|0 fnt\n|faint|p1a: Yveltal\n|\n|win|AGLT5TX Electro\n|raw|yokobaby's rating: 1739 &rarr; <strong>1718<\/strong><br \/>(-21 for losing)\n|raw|AGLT5TX Electro's rating: 1725 &rarr; <strong>1746<\/strong><br \/>(+21 for winning)\n|l|\u2606AGLT5TX Electro\n||Ladder isn't responding, score probably updated but might not have (Request timeout).\n|l|\u2606yokobaby\n","uploadtime":1664897132,"views":8,"p1id":"yokobaby","p2id":"aglt5txelectro","formatid":"gen8anythinggoes","rating":1718,"private":0,"password":null}