{"id":"gen8ubers-1500782490","p1":"abGodc","p2":"Ivyon","format":"gen8ubers","log":"|j|\u2606abGodc\n|j|\u2606Ivyon\n|t:|1643477018\n|gametype|singles\n|player|p1|abGodc|n|1424\n|player|p2|Ivyon|blue|1384\n|teamsize|p1|6\n|teamsize|p2|6\n|gen|8\n|tier|[Gen 8] Ubers\n|rated|\n|rule|Sleep Clause Mod: Limit one foe put to sleep\n|rule|Species Clause: Limit one of each Pok\u00e9mon\n|rule|OHKO Clause: OHKO moves are banned\n|rule|Evasion Moves Clause: Evasion moves are banned\n|rule|Endless Battle Clause: Forcing endless battles is banned\n|rule|HP Percentage Mod: HP is shown in percentages\n|rule|Dynamax Clause: You cannot dynamax\n|clearpoke\n|poke|p1|Marshadow|\n|poke|p1|Yveltal|\n|poke|p1|Zygarde|\n|poke|p1|Eternatus|\n|poke|p1|Ho-Oh|\n|poke|p1|Kyogre|\n|poke|p2|Blaziken, M|\n|poke|p2|Cloyster, M|\n|poke|p2|Dragonite, M|\n|poke|p2|Shuckle, M|\n|poke|p2|Regieleki|\n|poke|p2|Mimikyu, M|\n|teampreview\n|inactive|Battle timer is ON: inactive players will automatically lose when time's up. (requested by abGodc)\n|\n|t:|1643477025\n|start\n|switch|p1a: Zygarde|Zygarde|100\/100\n|switch|p2a: Shuckle|Shuckle, M, shiny|100\/100\n|turn|1\n|\n|t:|1643477028\n|move|p1a: Zygarde|Thousand Waves|p2a: Shuckle\n|-damage|p2a: Shuckle|77\/100\n|-activate|p2a: Shuckle|trapped\n|move|p2a: Shuckle|Encore|p1a: Zygarde\n|-start|p1a: Zygarde|Encore\n|\n|upkeep\n|turn|2\n|\n|t:|1643477032\n|move|p1a: Zygarde|Thousand Waves|p2a: Shuckle\n|-damage|p2a: Shuckle|52\/100\n|move|p2a: Shuckle|Stealth Rock|p1a: Zygarde\n|-sidestart|p1: abGodc|move: Stealth Rock\n|\n|upkeep\n|turn|3\n|\n|t:|1643477035\n|move|p1a: Zygarde|Thousand Waves|p2a: Shuckle\n|-damage|p2a: Shuckle|29\/100\n|move|p2a: Shuckle|Sticky Web|p1a: Zygarde\n|-sidestart|p1: abGodc|move: Sticky Web\n|\n|upkeep\n|turn|4\n|\n|t:|1643477038\n|move|p1a: Zygarde|Thousand Waves|p2a: Shuckle\n|-damage|p2a: Shuckle|4\/100\n|move|p2a: Shuckle|Power Split|p1a: Zygarde\n|-activate|p2a: Shuckle|move: Power Split|[of] p1a: Zygarde\n|\n|-end|p1a: Zygarde|Encore\n|upkeep\n|turn|5\n|\n|t:|1643477041\n|move|p1a: Zygarde|Coil|p1a: Zygarde\n|-boost|p1a: Zygarde|atk|1\n|-boost|p1a: Zygarde|def|1\n|-boost|p1a: Zygarde|accuracy|1\n|move|p2a: Shuckle|Encore|p1a: Zygarde\n|-start|p1a: Zygarde|Encore\n|\n|upkeep\n|turn|6\n|\n|t:|1643477047\n|move|p1a: Zygarde|Coil|p1a: Zygarde\n|-boost|p1a: Zygarde|atk|1\n|-boost|p1a: Zygarde|def|1\n|-boost|p1a: Zygarde|accuracy|1\n|move|p2a: Shuckle|Power Split|p1a: Zygarde\n|-activate|p2a: Shuckle|move: Power Split|[of] p1a: Zygarde\n|\n|upkeep\n|turn|7\n|\n|t:|1643477049\n|move|p1a: Zygarde|Coil|p1a: Zygarde\n|-boost|p1a: Zygarde|atk|1\n|-boost|p1a: Zygarde|def|1\n|-boost|p1a: Zygarde|accuracy|1\n|move|p2a: Shuckle|Power Split|p1a: Zygarde\n|-activate|p2a: Shuckle|move: Power Split|[of] p1a: Zygarde\n|\n|upkeep\n|turn|8\n|\n|t:|1643477052\n|move|p1a: Zygarde|Coil|p1a: Zygarde\n|-boost|p1a: Zygarde|atk|1\n|-boost|p1a: Zygarde|def|1\n|-boost|p1a: Zygarde|accuracy|1\n|move|p2a: Shuckle|Power Split|p1a: Zygarde\n|-activate|p2a: Shuckle|move: Power Split|[of] p1a: Zygarde\n|\n|-end|p1a: Zygarde|Encore\n|upkeep\n|turn|9\n|\n|t:|1643477057\n|move|p1a: Zygarde|Coil|p1a: Zygarde\n|-boost|p1a: Zygarde|atk|1\n|-boost|p1a: Zygarde|def|1\n|-boost|p1a: Zygarde|accuracy|1\n|move|p2a: Shuckle|Encore|p1a: Zygarde\n|-start|p1a: Zygarde|Encore\n|\n|upkeep\n|turn|10\n|\n|t:|1643477064\n|move|p1a: Zygarde|Coil|p1a: Zygarde\n|-boost|p1a: Zygarde|atk|1\n|-boost|p1a: Zygarde|def|1\n|-boost|p1a: Zygarde|accuracy|1\n|move|p2a: Shuckle|Sticky Web||[still]\n|-fail|p2a: Shuckle\n|\n|upkeep\n|turn|11\n|\n|t:|1643477067\n|move|p1a: Zygarde|Coil|p1a: Zygarde\n|-boost|p1a: Zygarde|atk|0\n|-boost|p1a: Zygarde|def|0\n|-boost|p1a: Zygarde|accuracy|0\n|move|p2a: Shuckle|Encore||[still]\n|-fail|p2a: Shuckle\n|\n|upkeep\n|turn|12\n|\n|t:|1643477070\n|move|p1a: Zygarde|Coil|p1a: Zygarde\n|-boost|p1a: Zygarde|atk|0\n|-boost|p1a: Zygarde|def|0\n|-boost|p1a: Zygarde|accuracy|0\n|move|p2a: Shuckle|Power Split|p1a: Zygarde\n|-activate|p2a: Shuckle|move: Power Split|[of] p1a: Zygarde\n|\n|-end|p1a: Zygarde|Encore\n|upkeep\n|turn|13\n|\n|t:|1643477072\n|move|p1a: Zygarde|Scale Shot|p2a: Shuckle\n|-damage|p2a: Shuckle|0 fnt\n|faint|p2a: Shuckle\n|-hitcount|p2: Shuckle|1\n|-unboost|p1a: Zygarde|def|1\n|-boost|p1a: Zygarde|spe|1\n|\n|upkeep\n|\n|t:|1643477090\n|switch|p2a: Mimikyu|Mimikyu, M, shiny|100\/100\n|turn|14\n|\n|t:|1643477093\n|move|p1a: Zygarde|Thousand Waves|p2a: Mimikyu\n|-activate|p2a: Mimikyu|ability: Disguise\n|-damage|p2a: Mimikyu|100\/100\n|detailschange|p2a: Mimikyu|Mimikyu-Busted, M, shiny\n|-damage|p2a: Mimikyu|88\/100|[from] pokemon: Mimikyu-Busted\n|move|p2a: Mimikyu|Play Rough|p1a: Zygarde|[miss]\n|-miss|p2a: Mimikyu|p1a: Zygarde\n|\n|upkeep\n|turn|15\n|\n|t:|1643477100\n|move|p1a: Zygarde|Thousand Waves|p2a: Mimikyu\n|-damage|p2a: Mimikyu|0 fnt\n|faint|p2a: Mimikyu\n|\n|upkeep\n|\n|t:|1643477107\n|switch|p2a: Cloyster|Cloyster, M|100\/100\n|turn|16\n|\n|t:|1643477110\n|move|p1a: Zygarde|Scale Shot|p2a: Cloyster\n|-damage|p2a: Cloyster|79\/100\n|-damage|p2a: Cloyster|57\/100\n|-hitcount|p2a: Cloyster|2\n|-unboost|p1a: Zygarde|def|1\n|-boost|p1a: Zygarde|spe|1\n|move|p2a: Cloyster|Shell Smash|p2a: Cloyster\n|-unboost|p2a: Cloyster|def|1\n|-unboost|p2a: Cloyster|spd|1\n|-boost|p2a: Cloyster|atk|2\n|-boost|p2a: Cloyster|spa|2\n|-boost|p2a: Cloyster|spe|2\n|\n|upkeep\n|turn|17\n|\n|t:|1643477116\n|move|p1a: Zygarde|Scale Shot|p2a: Cloyster\n|-damage|p2a: Cloyster|25\/100\n|-damage|p2a: Cloyster|0 fnt\n|faint|p2a: Cloyster\n|-hitcount|p2: Cloyster|2\n|-unboost|p1a: Zygarde|def|1\n|-boost|p1a: Zygarde|spe|1\n|\n|upkeep\n|\n|t:|1643477124\n|switch|p2a: Dragonite|Dragonite, M, shiny|100\/100\n|turn|18\n|\n|t:|1643477126\n|move|p1a: Zygarde|Scale Shot|p2a: Dragonite\n|-supereffective|p2a: Dragonite\n|-damage|p2a: Dragonite|73\/100\n|-enditem|p2a: Dragonite|Weakness Policy\n|-boost|p2a: Dragonite|atk|2|[from] item: Weakness Policy\n|-boost|p2a: Dragonite|spa|2|[from] item: Weakness Policy\n|-supereffective|p2a: Dragonite\n|-damage|p2a: Dragonite|19\/100\n|-supereffective|p2a: Dragonite\n|-damage|p2a: Dragonite|0 fnt\n|faint|p2a: Dragonite\n|-hitcount|p2: Dragonite|3\n|-unboost|p1a: Zygarde|def|1\n|-boost|p1a: Zygarde|spe|1\n|\n|upkeep\n|\n|t:|1643477133\n|switch|p2a: Regieleki|Regieleki|100\/100\n|turn|19\n|\n|t:|1643477136\n|move|p1a: Zygarde|Thousand Waves|p2a: Regieleki\n|-supereffective|p2a: Regieleki\n|-damage|p2a: Regieleki|0 fnt\n|faint|p2a: Regieleki\n|\n|upkeep\n|c|\u2606Ivyon|gg\n|-message|Ivyon forfeited.\n|\n|win|abGodc\n|raw|abGodc's rating: 1424 &rarr; <strong>1442<\/strong><br \/>(+18 for winning)\n|raw|Ivyon's rating: 1384 &rarr; <strong>1366<\/strong><br \/>(-18 for losing)\n|l|\u2606Ivyon\n","uploadtime":1643477144,"views":21,"p1id":"abgodc","p2id":"ivyon","formatid":"gen8ubers","rating":1366,"private":0,"password":null}