{"id":"gen8nationaldexag-1119223099","p1":"85792195wwww","p2":"willcoxw","format":"gen8nationaldexag","log":"|j|\u260685792195wwww\n|j|\u2606willcoxw\n|player|p1|85792195wwww|lady|1769\n|player|p2|willcoxw|karen|1840\n|teamsize|p1|6\n|teamsize|p2|6\n|gametype|singles\n|gen|8\n|tier|[Gen 8] National Dex AG\n|rated|\n|clearpoke\n|poke|p1|Rayquaza|\n|poke|p1|Zacian-Crowned|\n|poke|p1|Ditto|\n|poke|p1|Kyogre|\n|poke|p1|Zekrom|\n|poke|p1|Arceus-*|\n|poke|p2|Zygarde|\n|poke|p2|Zygarde|\n|poke|p2|Necrozma-Dusk-Mane|\n|poke|p2|Groudon|\n|poke|p2|Eternatus|\n|poke|p2|Yveltal|\n|rule|HP Percentage Mod: HP is shown in percentages\n|rule|Endless Battle Clause: Forcing endless battles is banned\n|teampreview\n|\n|start\n|switch|p1a: Arceus|Arceus-Ground|100\/100\n|switch|p2a: Groudon|Groudon|100\/100\n|detailschange|p2a: Groudon|Groudon-Primal\n|-primal|p2a: Groudon\n|-weather|DesolateLand|[from] ability: Desolate Land|[of] p2a: Groudon\n|turn|1\n|\n|-weather|none\n|switch|p2a: Yveltal|Yveltal|100\/100\n|-ability|p2a: Yveltal|Dark Aura\n|move|p1a: Arceus|Judgment|p2a: Yveltal\n|-immune|p2a: Yveltal\n|\n|upkeep\n|turn|2\n|\n|switch|p1a: Zacian|Zacian-Crowned|100\/100\n|-ability|p1a: Zacian|Intrepid Sword|boost\n|-boost|p1a: Zacian|atk|1\n|-start|p2a: Yveltal|Dynamax\n|-heal|p2a: Yveltal|100\/100|[silent]\n|move|p2a: Yveltal|Max Airstream|p1a: Zacian\n|-resisted|p1a: Zacian\n|-damage|p1a: Zacian|57\/100\n|-boost|p2a: Yveltal|spe|1\n|-damage|p2a: Yveltal|96\/100|[from] item: Life Orb\n|\n|upkeep\n|turn|3\n|\n|move|p2a: Yveltal|Max Darkness|p1a: Zacian\n|-resisted|p1a: Zacian\n|-damage|p1a: Zacian|6\/100\n|-unboost|p1a: Zacian|spd|1\n|-damage|p2a: Yveltal|91\/100|[from] item: Life Orb\n|move|p1a: Zacian|Behemoth Blade|p2a: Yveltal\n|-damage|p2a: Yveltal|0 fnt\n|faint|p2a: Yveltal\n|\n|upkeep\n|\n|switch|p2a: Groudon|Groudon-Primal|100\/100\n|-weather|DesolateLand|[from] ability: Desolate Land|[of] p2a: Groudon\n|turn|4\n|\n|switch|p1a: Arceus|Arceus-Ground|100\/100\n|move|p2a: Groudon|Stealth Rock|p1a: Arceus\n|-sidestart|p1: 85792195wwww|move: Stealth Rock\n|\n|-weather|DesolateLand|[upkeep]\n|upkeep\n|turn|5\n|\n|move|p1a: Arceus|Judgment|p2a: Groudon\n|-supereffective|p2a: Groudon\n|-damage|p2a: Groudon|0 fnt\n|faint|p2a: Groudon\n|-weather|none\n|\n|upkeep\n|\n|switch|p2a: Eternatus|Eternatus|100\/100\n|-ability|p2a: Eternatus|Pressure\n|turn|6\n|\n|move|p2a: Eternatus|Substitute|p2a: Eternatus\n|-start|p2a: Eternatus|Substitute\n|-damage|p2a: Eternatus|76\/100\n|move|p1a: Arceus|Calm Mind|p1a: Arceus\n|-boost|p1a: Arceus|spa|1\n|-boost|p1a: Arceus|spd|1\n|\n|-heal|p2a: Eternatus|82\/100|[from] item: Black Sludge\n|upkeep\n|turn|7\n|\n|move|p1a: Arceus|Magic Coat|p1a: Arceus\n|-singleturn|p1a: Arceus|move: Magic Coat\n|move|p2a: Eternatus|Sludge Bomb|p1a: Arceus\n|-resisted|p1a: Arceus\n|-damage|p1a: Arceus|87\/100\n|\n|-heal|p2a: Eternatus|88\/100|[from] item: Black Sludge\n|upkeep\n|turn|8\n|\n|move|p2a: Eternatus|Sludge Bomb|p1a: Arceus\n|-resisted|p1a: Arceus\n|-crit|p1a: Arceus\n|-damage|p1a: Arceus|59\/100\n|move|p1a: Arceus|Ice Beam|p2a: Eternatus\n|-supereffective|p2a: Eternatus\n|-end|p2a: Eternatus|Substitute\n|\n|-heal|p2a: Eternatus|94\/100|[from] item: Black Sludge\n|upkeep\n|turn|9\n|\n|move|p2a: Eternatus|Substitute|p2a: Eternatus\n|-start|p2a: Eternatus|Substitute\n|-damage|p2a: Eternatus|69\/100\n|move|p1a: Arceus|Ice Beam|p2a: Eternatus\n|-supereffective|p2a: Eternatus\n|-crit|p2a: Eternatus\n|-end|p2a: Eternatus|Substitute\n|\n|-heal|p2a: Eternatus|75\/100|[from] item: Black Sludge\n|upkeep\n|turn|10\n|\n|move|p2a: Eternatus|Toxic Spikes|p1a: Arceus\n|-sidestart|p1: 85792195wwww|move: Toxic Spikes\n|move|p1a: Arceus|Ice Beam|p2a: Eternatus\n|-supereffective|p2a: Eternatus\n|-damage|p2a: Eternatus|0 fnt\n|faint|p2a: Eternatus\n|\n|upkeep\n|\n|switch|p2a: Necrozma|Necrozma-Dusk-Mane|100\/100\n|turn|11\n|\n|detailschange|p2a: Necrozma|Necrozma-Ultra\n|-burst|p2a: Necrozma|Necrozma|Ultranecrozium Z\n|-start|p1a: Arceus|Dynamax\n|-heal|p1a: Arceus|59\/100|[silent]\n|move|p2a: Necrozma|Photon Geyser|p1a: Arceus\n|-damage|p1a: Arceus|37\/100\n|move|p1a: Arceus|Max Quake|p2a: Necrozma\n|-damage|p2a: Necrozma|0 fnt\n|-boost|p1a: Arceus|spd|1\n|faint|p2a: Necrozma\n|\n|upkeep\n|-message|willcoxw forfeited.\n|\n|win|85792195wwww\n|l|\u2606willcoxw\n|raw|85792195wwww's rating: 1769 &rarr; <strong>1793<\/strong><br \/>(+24 for winning)\n|raw|willcoxw's rating: 1838 &rarr; <strong>1814<\/strong><br \/>(-24 for losing)\n","uploadtime":1590144360,"views":15,"p1id":"85792195wwww","p2id":"willcoxw","formatid":"gen8nationaldexag","rating":1793,"private":0,"password":null}