{"id":"monotype-330002579","p1":"CrasherGarth","p2":"the rock cena","format":"monotype","log":"|j|CrasherGarth\n|j|the rock cena\n|player|p1|CrasherGarth|76\n|player|p2|the rock cena|101\n|gametype|singles\n|gen|6\n|tier|Monotype\n|rated\n|seed|3567,26043,56367,37422\n|rule|Baton Pass Clause: Limit one Baton Passer, can't pass Spe and other stats simultaneously\n|rule|Swagger Clause: Swagger is banned\n|rule|Same Type Clause: Pok\u00e9mon in a team must share a type\n|clearpoke\n|poke|p1|Salamence, F\n|poke|p1|Dragonite, F\n|poke|p1|Kingdra, F\n|poke|p1|Dragalge, M\n|poke|p1|Garchomp, F\n|poke|p1|Latios, M\n|poke|p2|Jolteon, M, shiny\n|poke|p2|Stunfisk, M, shiny\n|poke|p2|Galvantula, M\n|poke|p2|Magnezone, shiny\n|poke|p2|Manectric, M, shiny\n|poke|p2|Eelektross, M, shiny\n|rule|Sleep Clause Mod: Limit one foe put to sleep\n|rule|Species Clause: Limit one of each Pok\u00e9mon\n|rule|OHKO Clause: OHKO moves are banned\n|rule|Moody Clause: Moody is banned\n|rule|Evasion Moves Clause: Evasion moves are banned\n|rule|Endless Battle Clause: Forcing endless battles is banned\n|rule|HP Percentage Mod: HP is shown in percentages\n|teampreview\n|choice|team 3|team 3\n|\n|start\n|switch|p1a: Kingdra|Kingdra, F|353\/353\n|switch|p2a: Galvantula|Galvantula, M|282\/282\n|turn|1\n|choice|move 4|move 1\n|\n|move|p2a: Galvantula|Agility|p2a: Galvantula\n|-boost|p2a: Galvantula|spe|2\n|move|p1a: Kingdra|Focus Energy|p1a: Kingdra\n|-start|p1a: Kingdra|move: Focus Energy\n|\n|turn|2\n|choice|move 3|move 2\n|\n|move|p2a: Galvantula|Bug Buzz|p1a: Kingdra\n|-damage|p1a: Kingdra|203\/353\n|move|p1a: Kingdra|Ice Beam|p2a: Galvantula\n|-crit|p2a: Galvantula\n|-damage|p2a: Galvantula|0 fnt\n|faint|p2a: Galvantula\n|\n|choice||switch 3\n|\n|switch|p2a: Jolteon|Jolteon, M, shiny|272\/272\n|turn|3\n|choice|move 2|move 1\n|\n|move|p2a: Jolteon|Thunderbolt|p1a: Kingdra\n|-damage|p1a: Kingdra|20\/353\n|move|p1a: Kingdra|Draco Meteor|p2a: Jolteon\n|-crit|p2a: Jolteon\n|-damage|p2a: Jolteon|0 fnt\n|-unboost|p1a: Kingdra|spa|2\n|faint|p2a: Jolteon\n|\n|choice||switch 5\n|\n|switch|p2a: Manectric|Manectric, M, shiny|282\/282\n|turn|4\n|choice|move 2|move 4 mega\n|\n|detailschange|p2a: Manectric|Manectric-Mega, M, shiny\n|-mega|p2a: Manectric|Manectric|Manectite\n|-ability|p2a: Manectric|Intimidate|boost\n|-unboost|p1a: Kingdra|atk|1\n|move|p2a: Manectric|Electric Terrain|p2a: Manectric\n|-fieldstart|move: Electric Terrain\n|move|p1a: Kingdra|Draco Meteor|p2a: Manectric\n|-crit|p2a: Manectric\n|-damage|p2a: Manectric|0 fnt\n|-unboost|p1a: Kingdra|spa|2\n|faint|p2a: Manectric\n|\n|choice||switch 4\n|\n|switch|p2a: Magnezone|Magnezone, shiny|282\/282\n|turn|5\n|choice|move 2|move 3\n|\n|move|p1a: Kingdra|Draco Meteor|p2a: Magnezone\n|-resisted|p2a: Magnezone\n|-crit|p2a: Magnezone\n|-damage|p2a: Magnezone|86\/282\n|-unboost|p1a: Kingdra|spa|2\n|move|p2a: Magnezone|Tri Attack|p1a: Kingdra\n|-crit|p1a: Kingdra\n|-damage|p1a: Kingdra|0 fnt\n|faint|p1a: Kingdra\n|\n|choice|switch 3|\n|\n|switch|p1a: Salamence|Salamence, F|331\/331\n|-ability|p1a: Salamence|Intimidate|boost\n|-unboost|p2a: Magnezone|atk|1\n|turn|6\n|choice|move 2|move 2\n|\n|move|p1a: Salamence|Fire Blast|p2a: Magnezone\n|-supereffective|p2a: Magnezone\n|-damage|p2a: Magnezone|0 fnt\n|faint|p2a: Magnezone\n|\n|choice||switch 2\n|\n|switch|p2a: Stunfisk|Stunfisk, M, shiny|359\/359\n|turn|7\n|choice|switch 5|move 3\n|\n|switch|p1a: Garchomp|Garchomp, F|357\/357\n|move|p2a: Stunfisk|Discharge|p1a: Garchomp\n|-immune|p1a: Garchomp|[msg]\n|\n|turn|8\n|choice|move 2|switch 6\n|\n|switch|p2a: Eelektross|Eelektross, M, shiny|311\/311\n|move|p1a: Garchomp|Outrage|p2a: Eelektross\n|-damage|p2a: Eelektross|107\/311\n|\n|-fieldend|move: Electric Terrain\n|turn|9\n|choice|move 1|move 4\n|\n|move|p1a: Garchomp|Outrage|p2a: Eelektross|[from]lockedmove\n|-damage|p2a: Eelektross|0 fnt\n|faint|p2a: Eelektross\n|\n|-message|the rock cena forfeited.\n|\n|win|CrasherGarth\n|player|p1\n|player|p2\n|l|the rock cena\n|raw|CrasherGarth's rating: 1142 &rarr; <strong>1163<\/strong><br \/>(+21 for winning)\n|raw|the rock cena's rating: 1076 &rarr; <strong>1059<\/strong><br \/>(-17 for losing)","inputlog":null,"uploadtime":1455305326,"views":0,"p1id":"crashergarth","p2id":"therockcena","formatid":"monotype","rating":1059,"private":0,"password":null}