{"id":"monotype-330013234","p1":"jesus630","p2":"the rock cena","format":"monotype","log":"|j|jesus630\n|j|the rock cena\n|player|p1|jesus630|257\n|player|p2|the rock cena|101\n|gametype|singles\n|gen|6\n|tier|Monotype\n|rated\n|seed|18276,6256,13252,56561\n|rule|Baton Pass Clause: Limit one Baton Passer, can't pass Spe and other stats simultaneously\n|rule|Swagger Clause: Swagger is banned\n|rule|Same Type Clause: Pok\u00e9mon in a team must share a type\n|clearpoke\n|poke|p1|Chandelure, F\n|poke|p1|Gengar, M, shiny\n|poke|p1|Aegislash, M, shiny\n|poke|p1|Golurk, shiny\n|poke|p1|Trevenant, F, shiny\n|poke|p1|Spiritomb, F, shiny\n|poke|p2|Gardevoir, M, shiny\n|poke|p2|Sylveon, M, shiny\n|poke|p2|Florges, F, shiny\n|poke|p2|Diancie, shiny\n|poke|p2|Granbull, M, shiny\n|rule|Sleep Clause Mod: Limit one foe put to sleep\n|rule|Species Clause: Limit one of each Pok\u00e9mon\n|rule|OHKO Clause: OHKO moves are banned\n|rule|Moody Clause: Moody is banned\n|rule|Evasion Moves Clause: Evasion moves are banned\n|rule|Endless Battle Clause: Forcing endless battles is banned\n|rule|HP Percentage Mod: HP is shown in percentages\n|teampreview\n|choice|team 2|team 1\n|\n|start\n|switch|p1a: Gengar|Gengar, M, shiny|262\/262\n|switch|p2a: Gardevoir|Gardevoir, M, shiny|277\/277\n|turn|1\n|choice|move 4|move 3 mega\n|\n|detailschange|p2a: Gardevoir|Gardevoir-Mega, M, shiny\n|-mega|p2a: Gardevoir|Gardevoir|Gardevoirite\n|move|p1a: Gengar|Sludge Bomb|p2a: Gardevoir\n|-supereffective|p2a: Gardevoir\n|-damage|p2a: Gardevoir|19\/277\n|move|p2a: Gardevoir|Psychic|p1a: Gengar\n|-supereffective|p1a: Gengar\n|-damage|p1a: Gengar|0 fnt\n|faint|p1a: Gengar\n|\n|choice|switch 2|\n|\n|switch|p1a: Chandelure|Chandelure, F|261\/261\n|turn|2\n|choice|move 3|move 3\n|\n|move|p1a: Chandelure|Shadow Ball|p2a: Gardevoir\n|-supereffective|p2a: Gardevoir\n|-damage|p2a: Gardevoir|0 fnt\n|faint|p2a: Gardevoir\n|\n|choice||switch 5\n|\n|switch|p2a: Granbull|Granbull, M, shiny|321\/321\n|turn|3\n|choice|switch 5|move 1\n|\n|switch|p1a: Trevenant|Trevenant, F, shiny|374\/374\n|move|p2a: Granbull|Bulk Up|p2a: Granbull\n|-boost|p2a: Granbull|atk|1\n|-boost|p2a: Granbull|def|1\n|\n|turn|4\n|choice|move 1|move 4\n|\n|move|p1a: Trevenant|Will-O-Wisp|p2a: Granbull\n|-status|p2a: Granbull|brn\n|move|p2a: Granbull|Play Rough|p1a: Trevenant\n|-damage|p1a: Trevenant|222\/374\n|-damage|p2a: Granbull|289\/321 brn|[from] item: Life Orb\n|\n|-damage|p2a: Granbull|249\/321 brn|[from] brn\n|turn|5\n|choice|move 2|move 1\n|\n|move|p1a: Trevenant|Leech Seed|p2a: Granbull\n|-start|p2a: Granbull|move: Leech Seed\n|move|p2a: Granbull|Bulk Up|p2a: Granbull\n|-boost|p2a: Granbull|atk|1\n|-boost|p2a: Granbull|def|1\n|\n|-damage|p2a: Granbull|209\/321 brn|[from] Leech Seed|[of] p1a: Trevenant\n|-heal|p1a: Trevenant|262\/374|[silent]\n|-damage|p2a: Granbull|169\/321 brn|[from] brn\n|turn|6\n|choice|move 3|move 2\n|\n|move|p1a: Trevenant|Protect|p1a: Trevenant\n|-singleturn|p1a: Trevenant|Protect\n|move|p2a: Granbull|Brick Break|p1a: Trevenant\n|-immune|p1a: Trevenant|[msg]\n|\n|-damage|p2a: Granbull|129\/321 brn|[from] Leech Seed|[of] p1a: Trevenant\n|-heal|p1a: Trevenant|302\/374|[silent]\n|-damage|p2a: Granbull|89\/321 brn|[from] brn\n|turn|7\n|choice|move 4|move 4\n|\n|move|p1a: Trevenant|Phantom Force|p2a: Granbull|[still]\n|-prepare|p1a: Trevenant|Phantom Force|p2a: Granbull\n|move|p2a: Granbull|Play Rough|p1a: Trevenant|[miss]\n|-miss|p2a: Granbull|p1a: Trevenant\n|\n|-damage|p2a: Granbull|49\/321 brn|[from] Leech Seed|[of] p1a: Trevenant\n|-heal|p1a: Trevenant|342\/374|[silent]\n|-damage|p2a: Granbull|9\/321 brn|[from] brn\n|turn|8\n|choice|move 1|move 4\n|\n|move|p1a: Trevenant|Phantom Force|p2a: Granbull|[from]lockedmove\n|-damage|p2a: Granbull|0 fnt\n|faint|p2a: Granbull\n|\n|choice||switch 4\n|\n|switch|p2a: Diancie|Diancie, shiny|242\/242\n|turn|9\n|choice|move 2|move 3\n|\n|move|p1a: Trevenant|Leech Seed|p2a: Diancie\n|-start|p2a: Diancie|move: Leech Seed\n|move|p2a: Diancie|Psychic|p1a: Trevenant\n|-damage|p1a: Trevenant|249\/374\n|\n|-damage|p2a: Diancie|212\/242|[from] Leech Seed|[of] p1a: Trevenant\n|-heal|p1a: Trevenant|279\/374|[silent]\n|turn|10\n|choice|move 1|switch 3\n|\n|switch|p2a: Florges|Florges, F, shiny|360\/360\n|move|p1a: Trevenant|Will-O-Wisp|p2a: Florges|[miss]\n|-miss|p1a: Trevenant|p2a: Florges\n|\n|turn|11\n|choice|move 2|move 3\n|\n|move|p2a: Florges|Moonblast|p1a: Trevenant\n|-damage|p1a: Trevenant|116\/374\n|-enditem|p1a: Trevenant|Sitrus Berry|[eat]\n|-heal|p1a: Trevenant|209\/374|[from] item: Sitrus Berry\n|move|p1a: Trevenant|Leech Seed|p2a: Florges\n|-start|p2a: Florges|move: Leech Seed\n|\n|-damage|p2a: Florges|315\/360|[from] Leech Seed|[of] p1a: Trevenant\n|-heal|p1a: Trevenant|254\/374|[silent]\n|turn|12\n|choice|move 3|move 3\n|\n|move|p1a: Trevenant|Protect|p1a: Trevenant\n|-singleturn|p1a: Trevenant|Protect\n|move|p2a: Florges|Moonblast|p1a: Trevenant\n|-activate|p1a: Trevenant|Protect\n|\n|-heal|p2a: Florges|337\/360|[from] item: Leftovers\n|-damage|p2a: Florges|292\/360|[from] Leech Seed|[of] p1a: Trevenant\n|-heal|p1a: Trevenant|299\/374|[silent]\n|-item|p1a: Trevenant|Sitrus Berry|[from] ability: Harvest\n|turn|13\n|choice|move 1|move 3\n|\n|move|p2a: Florges|Moonblast|p1a: Trevenant\n|-damage|p1a: Trevenant|136\/374\n|-unboost|p1a: Trevenant|spa|1\n|-enditem|p1a: Trevenant|Sitrus Berry|[eat]\n|-heal|p1a: Trevenant|229\/374|[from] item: Sitrus Berry\n|move|p1a: Trevenant|Will-O-Wisp|p2a: Florges|[miss]\n|-miss|p1a: Trevenant|p2a: Florges\n|\n|-heal|p2a: Florges|314\/360|[from] item: Leftovers\n|-damage|p2a: Florges|269\/360|[from] Leech Seed|[of] p1a: Trevenant\n|-heal|p1a: Trevenant|274\/374|[silent]\n|-item|p1a: Trevenant|Sitrus Berry|[from] ability: Harvest\n|turn|14\n|choice|move 3|move 3\n|\n|move|p1a: Trevenant|Protect|p1a: Trevenant\n|-singleturn|p1a: Trevenant|Protect\n|move|p2a: Florges|Moonblast|p1a: Trevenant\n|-activate|p1a: Trevenant|Protect\n|\n|-heal|p2a: Florges|291\/360|[from] item: Leftovers\n|-damage|p2a: Florges|246\/360|[from] Leech Seed|[of] p1a: Trevenant\n|-heal|p1a: Trevenant|319\/374|[silent]\n|turn|15\n|choice|move 1|switch 3\n|\n|switch|p2a: Diancie|Diancie, shiny|212\/242\n|move|p1a: Trevenant|Will-O-Wisp|p2a: Diancie\n|-status|p2a: Diancie|brn\n|\n|-damage|p2a: Diancie|182\/242 brn|[from] brn\n|turn|16\n|choice|move 2|move 1\n|\n|move|p1a: Trevenant|Leech Seed|p2a: Diancie\n|-start|p2a: Diancie|move: Leech Seed\n|move|p2a: Diancie|Moonblast|p1a: Trevenant\n|-crit|p1a: Trevenant\n|-damage|p1a: Trevenant|105\/374\n|-enditem|p1a: Trevenant|Sitrus Berry|[eat]\n|-heal|p1a: Trevenant|198\/374|[from] item: Sitrus Berry\n|\n|-damage|p2a: Diancie|152\/242 brn|[from] Leech Seed|[of] p1a: Trevenant\n|-heal|p1a: Trevenant|228\/374|[silent]\n|-damage|p2a: Diancie|122\/242 brn|[from] brn\n|turn|17\n|choice|move 3|move 1\n|\n|move|p1a: Trevenant|Protect|p1a: Trevenant\n|-singleturn|p1a: Trevenant|Protect\n|move|p2a: Diancie|Moonblast|p1a: Trevenant\n|-activate|p1a: Trevenant|Protect\n|\n|-damage|p2a: Diancie|92\/242 brn|[from] Leech Seed|[of] p1a: Trevenant\n|-heal|p1a: Trevenant|258\/374|[silent]\n|-damage|p2a: Diancie|62\/242 brn|[from] brn\n|turn|18\n|choice|move 4|move 1\n|\n|move|p1a: Trevenant|Phantom Force|p2a: Diancie|[still]\n|-prepare|p1a: Trevenant|Phantom Force|p2a: Diancie\n|move|p2a: Diancie|Moonblast|p1a: Trevenant|[miss]\n|-miss|p2a: Diancie|p1a: Trevenant\n|\n|-damage|p2a: Diancie|32\/242 brn|[from] Leech Seed|[of] p1a: Trevenant\n|-heal|p1a: Trevenant|288\/374|[silent]\n|-damage|p2a: Diancie|2\/242 brn|[from] brn\n|turn|19\n|choice|move 1|switch 2\n|\n|switch|p2a: Sylveon|Sylveon, M, shiny|332\/332\n|move|p1a: Trevenant|Phantom Force|p2a: Sylveon|[from]lockedmove\n|-damage|p2a: Sylveon|215\/332\n|\n|-heal|p2a: Sylveon|235\/332|[from] item: Leftovers\n|-item|p1a: Trevenant|Sitrus Berry|[from] ability: Harvest\n|turn|20\n|choice|move 1|move 1\n|\n|move|p2a: Sylveon|Calm Mind|p2a: Sylveon\n|-boost|p2a: Sylveon|spa|1\n|-boost|p2a: Sylveon|spd|1\n|move|p1a: Trevenant|Will-O-Wisp|p2a: Sylveon\n|-status|p2a: Sylveon|brn\n|\n|-heal|p2a: Sylveon|255\/332 brn|[from] item: Leftovers\n|-damage|p2a: Sylveon|214\/332 brn|[from] brn\n|turn|21\n|choice|move 2|move 1\n|\n|move|p2a: Sylveon|Calm Mind|p2a: Sylveon\n|-boost|p2a: Sylveon|spa|1\n|-boost|p2a: Sylveon|spd|1\n|move|p1a: Trevenant|Leech Seed|p2a: Sylveon\n|-start|p2a: Sylveon|move: Leech Seed\n|\n|-heal|p2a: Sylveon|234\/332 brn|[from] item: Leftovers\n|-damage|p2a: Sylveon|193\/332 brn|[from] Leech Seed|[of] p1a: Trevenant\n|-heal|p1a: Trevenant|329\/374|[silent]\n|-damage|p2a: Sylveon|152\/332 brn|[from] brn\n|turn|22\n|choice|move 3|move 3\n|\n|move|p1a: Trevenant|Protect|p1a: Trevenant\n|-singleturn|p1a: Trevenant|Protect\n|move|p2a: Sylveon|Moonblast|p1a: Trevenant\n|-activate|p1a: Trevenant|Protect\n|\n|-heal|p2a: Sylveon|172\/332 brn|[from] item: Leftovers\n|-damage|p2a: Sylveon|131\/332 brn|[from] Leech Seed|[of] p1a: Trevenant\n|-heal|p1a: Trevenant|370\/374|[silent]\n|-damage|p2a: Sylveon|90\/332 brn|[from] brn\n|turn|23\n|choice|move 4|move 3\n|\n|move|p2a: Sylveon|Moonblast|p1a: Trevenant\n|-damage|p1a: Trevenant|81\/374\n|-unboost|p1a: Trevenant|spa|1\n|-enditem|p1a: Trevenant|Sitrus Berry|[eat]\n|-heal|p1a: Trevenant|174\/374|[from] item: Sitrus Berry\n|move|p1a: Trevenant|Phantom Force|p2a: Sylveon|[still]\n|-prepare|p1a: Trevenant|Phantom Force|p2a: Sylveon\n|\n|-heal|p2a: Sylveon|110\/332 brn|[from] item: Leftovers\n|-damage|p2a: Sylveon|69\/332 brn|[from] Leech Seed|[of] p1a: Trevenant\n|-heal|p1a: Trevenant|215\/374|[silent]\n|-damage|p2a: Sylveon|28\/332 brn|[from] brn\n|-item|p1a: Trevenant|Sitrus Berry|[from] ability: Harvest\n|turn|24\n|choice|move 1|switch 3\n|\n|switch|p2a: Florges|Florges, F, shiny|246\/360\n|move|p1a: Trevenant|Phantom Force|p2a: Florges|[from]lockedmove\n|-damage|p2a: Florges|95\/360\n|\n|-heal|p2a: Florges|117\/360|[from] item: Leftovers\n|turn|25\n|choice|move 3|move 3\n|\n|move|p1a: Trevenant|Protect|p1a: Trevenant\n|-singleturn|p1a: Trevenant|Protect\n|move|p2a: Florges|Moonblast|p1a: Trevenant\n|-activate|p1a: Trevenant|Protect\n|\n|-heal|p2a: Florges|139\/360|[from] item: Leftovers\n|turn|26\n|choice|move 2|move 3\n|\n|move|p2a: Florges|Moonblast|p1a: Trevenant\n|-damage|p1a: Trevenant|74\/374\n|-enditem|p1a: Trevenant|Sitrus Berry|[eat]\n|-heal|p1a: Trevenant|167\/374|[from] item: Sitrus Berry\n|move|p1a: Trevenant|Leech Seed|p2a: Florges\n|-start|p2a: Florges|move: Leech Seed\n|\n|-heal|p2a: Florges|161\/360|[from] item: Leftovers\n|-damage|p2a: Florges|116\/360|[from] Leech Seed|[of] p1a: Trevenant\n|-heal|p1a: Trevenant|212\/374|[silent]\n|-item|p1a: Trevenant|Sitrus Berry|[from] ability: Harvest\n|turn|27\n|-message|the rock cena forfeited.\n|\n|win|jesus630\n|player|p1\n|player|p2\n|l|the rock cena\n|raw|jesus630's rating: 1102 &rarr; <strong>1124<\/strong><br \/>(+22 for winning)\n|raw|the rock cena's rating: 1059 &rarr; <strong>1042<\/strong><br \/>(-17 for losing)","inputlog":null,"uploadtime":1455306910,"views":1,"p1id":"jesus630","p2id":"therockcena","formatid":"monotype","rating":1042,"private":0,"password":null}