{"id":"nu-419639501","p1":"CadaVer91","p2":"Therockcena","format":"nu","log":"|j|CadaVer91\n|j|Therockcena\n|player|p1|CadaVer91|250\n|player|p2|Therockcena|265\n|gametype|singles\n|gen|6\n|tier|NU\n|rated\n|seed|\n|rule|Sleep Clause Mod: Limit one foe put to sleep\n|rule|Species Clause: Limit one of each Pok\u00e9mon\n|rule|OHKO Clause: OHKO moves are banned\n|rule|Moody Clause: Moody is banned\n|rule|Evasion Moves Clause: Evasion moves are banned\n|rule|Endless Battle Clause: Forcing endless battles is banned\n|rule|HP Percentage Mod: HP is shown in percentages\n|clearpoke\n|poke|p1|Hariyama, F|item\n|poke|p1|Xatu, F|item\n|poke|p1|Aurorus, M|item\n|poke|p1|Arbok, M|item\n|poke|p1|Bibarel, F|item\n|poke|p1|Swellow, F|item\n|poke|p2|Weezing, F|item\n|poke|p2|Archeops, M|item\n|poke|p2|Hariyama, F|item\n|poke|p2|Klinklang|item\n|poke|p2|Tauros, M|item\n|poke|p2|Mantine, F|item\n|rule|Swagger Clause: Swagger is banned\n|rule|Baton Pass Clause: Limit one Baton Passer, can't pass Speed\n|teampreview\n|choice||\n|\n|start\n|switch|p1a: Bibarel|Bibarel, F|100\/100\n|switch|p2a: Archeops|Archeops, M|100\/100\n|turn|1\n|choice||\n|\n|move|p2a: Archeops|U-turn|p1a: Bibarel\n|-damage|p1a: Bibarel|41\/100\n|choice||\n|\n|switch|p2a: Tauros|Tauros, M|100\/100\n|move|p1a: Bibarel|Curse|p1a: Bibarel\n|-unboost|p1a: Bibarel|spe|2\n|-boost|p1a: Bibarel|atk|2\n|-boost|p1a: Bibarel|def|2\n|\n|turn|2\n|choice||\n|\n|move|p2a: Tauros|Rock Climb|p1a: Bibarel\n|-damage|p1a: Bibarel|0 fnt\n|faint|p1a: Bibarel\n|\n|choice||\n|\n|switch|p1a: Hariyama|Hariyama, F|100\/100\n|turn|3\n|choice||\n|\n|switch|p2a: Weezing|Weezing, F|100\/100\n|move|p1a: Hariyama|Knock Off|p2a: Weezing\n|-damage|p2a: Weezing|69\/100\n|-enditem|p2a: Weezing|Black Sludge|[from] move: Knock Off|[of] p1a: Hariyama\n|\n|turn|4\n|choice||\n|\n|move|p2a: Weezing|Will-O-Wisp|p1a: Hariyama\n|-status|p1a: Hariyama|brn\n|move|p1a: Hariyama|Knock Off|p2a: Weezing\n|-damage|p2a: Weezing|40\/100\n|\n|-damage|p1a: Hariyama|88\/100 brn|[from] brn\n|turn|5\n|choice||\n|\n|move|p2a: Weezing|Sludge Bomb|p1a: Hariyama\n|-damage|p1a: Hariyama|69\/100 brn\n|move|p1a: Hariyama|Knock Off|p2a: Weezing\n|-crit|p2a: Weezing\n|-damage|p2a: Weezing|0 fnt\n|faint|p2a: Weezing\n|\n|-damage|p1a: Hariyama|57\/100 brn|[from] brn\n|choice||\n|\n|switch|p2a: Tauros|Tauros, M|100\/100\n|turn|6\n|choice||\n|\n|move|p1a: Hariyama|Bullet Punch|p2a: Tauros\n|-damage|p2a: Tauros|75\/100\n|move|p2a: Tauros|Zen Headbutt|p1a: Hariyama\n|-supereffective|p1a: Hariyama\n|-crit|p1a: Hariyama\n|-damage|p1a: Hariyama|0 fnt\n|faint|p1a: Hariyama\n|\n|choice||\n|\n|switch|p1a: Aurorus|Aurorus, M|100\/100\n|turn|7\n|choice||\n|\n|switch|p2a: Hariyama|Hariyama, F|100\/100\n|move|p1a: Aurorus|Rock Polish|p1a: Aurorus\n|-boost|p1a: Aurorus|spe|2\n|\n|-status|p1a: Aurorus|brn|[from] item: Flame Orb\n|turn|8\n|choice||\n|\n|move|p1a: Aurorus|Facade|p2a: Hariyama\n|-damage|p2a: Hariyama|10\/100\n|-enditem|p2a: Hariyama|Sitrus Berry|[eat]\n|-heal|p2a: Hariyama|35\/100|[from] item: Sitrus Berry\n|move|p2a: Hariyama|Belly Drum|p2a: Hariyama\n|-fail|p2a: Hariyama\n|\n|-damage|p1a: Aurorus|88\/100 brn|[from] brn\n|turn|9\n|choice||\n|\n|move|p2a: Hariyama|Bullet Punch|p1a: Aurorus\n|-supereffective|p1a: Aurorus\n|-damage|p1a: Aurorus|26\/100 brn\n|move|p1a: Aurorus|Facade|p2a: Hariyama\n|-damage|p2a: Hariyama|0 fnt\n|faint|p2a: Hariyama\n|\n|-damage|p1a: Aurorus|14\/100 brn|[from] brn\n|choice||\n|\n|switch|p2a: Klinklang|Klinklang|100\/100\n|-item|p2a: Klinklang|Air Balloon\n|turn|10\n|choice||\n|\n|move|p1a: Aurorus|Facade|p2a: Klinklang\n|-resisted|p2a: Klinklang\n|-damage|p2a: Klinklang|67\/100\n|-enditem|p2a: Klinklang|Air Balloon\n|move|p2a: Klinklang|Shift Gear|p2a: Klinklang\n|-boost|p2a: Klinklang|spe|2\n|-boost|p2a: Klinklang|atk|1\n|\n|-damage|p1a: Aurorus|1\/100 brn|[from] brn\n|turn|11\n|choice||\n|\n|move|p2a: Klinklang|Shift Gear|p2a: Klinklang\n|-boost|p2a: Klinklang|spe|2\n|-boost|p2a: Klinklang|atk|1\n|move|p1a: Aurorus|Facade|p2a: Klinklang\n|-resisted|p2a: Klinklang\n|-damage|p2a: Klinklang|35\/100\n|\n|-damage|p1a: Aurorus|0 fnt|[from] brn\n|faint|p1a: Aurorus\n|choice||\n|\n|switch|p1a: Arbok|Arbok, M|100\/100\n|-ability|p1a: Arbok|Intimidate|boost\n|-fail|p2a: Klinklang|unboost|[from] ability: Clear Body|[of] p2a: Klinklang\n|turn|12\n|choice||\n|\n|move|p2a: Klinklang|Magnet Rise|p2a: Klinklang\n|-start|p2a: Klinklang|Magnet Rise\n|move|p1a: Arbok|Earthquake|p2a: Klinklang\n|-immune|p2a: Klinklang|[msg]\n|\n|turn|13\n|c|\u2605CadaVer91|nice one\n|choice||\n|\n|move|p2a: Klinklang|Shift Gear|p2a: Klinklang\n|-boost|p2a: Klinklang|spe|2\n|-boost|p2a: Klinklang|atk|1\n|move|p1a: Arbok|Coil|p1a: Arbok\n|-boost|p1a: Arbok|atk|1\n|-boost|p1a: Arbok|def|1\n|-boost|p1a: Arbok|accuracy|1\n|\n|turn|14\n|choice||\n|\n|move|p1a: Arbok|Sucker Punch|p2a: Klinklang\n|-damage|p2a: Klinklang|0 fnt\n|-damage|p1a: Arbok|91\/100|[from] item: Life Orb\n|faint|p2a: Klinklang\n|\n|choice||\n|\n|switch|p2a: Mantine|Mantine, F|100\/100\n|turn|15\n|choice||\n|\n|move|p1a: Arbok|Gunk Shot|p2a: Mantine\n|-damage|p2a: Mantine|16\/100\n|-damage|p1a: Arbok|81\/100|[from] item: Life Orb\n|move|p2a: Mantine|Air Slash|p1a: Arbok\n|-damage|p1a: Arbok|49\/100\n|\n|-heal|p2a: Mantine|22\/100|[from] item: Leftovers\n|turn|16\n|choice||\n|\n|move|p1a: Arbok|Gunk Shot|p2a: Mantine\n|-damage|p2a: Mantine|0 fnt\n|-damage|p1a: Arbok|39\/100|[from] item: Life Orb\n|faint|p2a: Mantine\n|\n|choice||\n|\n|switch|p2a: Tauros|Tauros, M|75\/100\n|turn|17\n|choice||\n|\n|move|p1a: Arbok|Sucker Punch|p2a: Tauros\n|-damage|p2a: Tauros|27\/100\n|-damage|p1a: Arbok|29\/100|[from] item: Life Orb\n|move|p2a: Tauros|Rock Climb|p1a: Arbok|[miss]\n|-miss|p2a: Tauros|p1a: Arbok\n|\n|turn|18\n|choice||\n|\n|move|p1a: Arbok|Sucker Punch|p2a: Tauros\n|-crit|p2a: Tauros\n|-damage|p2a: Tauros|0 fnt\n|-damage|p1a: Arbok|19\/100|[from] item: Life Orb\n|faint|p2a: Tauros\n|\n|choice||\n|\n|switch|p2a: Archeops|Archeops, M|100\/100\n|turn|19\n|choice||\n|\n|move|p1a: Arbok|Sucker Punch|p2a: Archeops\n|-damage|p2a: Archeops|34\/100\n|-damage|p1a: Arbok|9\/100|[from] item: Life Orb\n|move|p2a: Archeops|Stone Edge|p1a: Arbok\n|-damage|p1a: Arbok|0 fnt\n|faint|p1a: Arbok\n|\n|choice||\n|\n|switch|p1a: Swellow|Swellow, F|100\/100\n|turn|20\n|choice||\n|\n|move|p1a: Swellow|Boomburst|p2a: Archeops\n|-resisted|p2a: Archeops\n|-damage|p2a: Archeops|0 fnt\n|faint|p2a: Archeops\n|\n|win|CadaVer91\n|player|p1\n|player|p2\n|c|\u2605CadaVer91|gg\n|l|Therockcena","inputlog":null,"uploadtime":1471560961,"views":0,"p1id":"cadaver91","p2id":"therockcena","formatid":"nu","rating":0,"private":0,"password":null}