{"id":"ou-240454343","p1":"DizzyNinja","p2":"The Teal Scizor","format":"ou","log":"|join|DizzyNinja\n|join|The Teal Scizor\n|player|p1|DizzyNinja|248\n|player|p2|The Teal Scizor|260\n|gametype|singles\n|gen|6\n|tier|OU\n|rated\n|clearpoke\n|poke|p1|Tyrantrum, M\n|poke|p1|Scolipede, M\n|poke|p1|Starmie\n|poke|p1|Thundurus-Therian, M\n|poke|p1|Abomasnow, F\n|poke|p1|Infernape, M\n|poke|p2|Kyurem-Black, shiny\n|poke|p2|Clefable, F, shiny\n|poke|p2|Rotom-Wash\n|poke|p2|Jirachi\n|poke|p2|Conkeldurr, F\n|poke|p2|Latios, M\n|rule|Swagger Clause: Swagger is banned\n|rule|Baton Pass Clause: Limit one Pok\u00e9mon knowing Baton Pass\n|rule|Sleep Clause Mod: Limit one foe put to sleep\n|rule|Species Clause: Limit one of each Pok\u00e9mon\n|rule|OHKO Clause: OHKO moves are banned\n|rule|Moody Clause: Moody is banned\n|rule|Evasion Moves Clause: Evasion moves are banned\n|rule|Endless Battle Clause: Forcing endless battles is banned\n|rule|HP Percentage Mod: HP is shown in percentages\n|teampreview\n|join|Doctor Ciel\n|c|\u2605The Teal Scizor|gl hf\n|join|Ears726\n|join|Lady Biscotti\n|join|ShadowIndian\n|\n|start\n|switch|p1a: MOJOJOJOJOJOJOJOJO|Infernape, M|262\/262\n|switch|p2a: Bubblegum|Clefable, F, shiny|394\/394\n|turn|1\n|join|The Gold Flo\n|join|Fabulous Rebellion\n|join|Spanicatthedisco\n|c| The Gold Flo|omf 2 ez\n|c| ShadowIndian|yes\n|join|sandstorm57102\n|\n|move|p1a: MOJOJOJOJOJOJOJOJO|Fake Out|p2a: Bubblegum\n|-damage|p2a: Bubblegum|342\/394\n|cant|p2a: Bubblegum|flinch\n|\n|-heal|p2a: Bubblegum|366\/394|[from] item: Leftovers\n|turn|2\n|c| Ears726|scarfachi pls\n|c|\u2605The Teal Scizor|heatah fajita?\n|join|Translucent Cat\n|c| The Gold Flo|THIS MAN HAS A KYUREM B ON HIS TEAM ITS OVER\n|c| Spanicatthedisco|maybe\n|c| ShadowIndian|lol\n|\n|move|p1a: MOJOJOJOJOJOJOJOJO|Taunt|p2a: Bubblegum\n|-start|p2a: Bubblegum|move: Taunt\n|cant|p2a: Bubblegum|move: Taunt|Stealth Rock\n|\n|-heal|p2a: Bubblegum|390\/394|[from] item: Leftovers\n|turn|3\n|join|hypno1\n|\n|move|p1a: MOJOJOJOJOJOJOJOJO|Stealth Rock|p2a: Bubblegum\n|-sidestart|p2: The Teal Scizor|move: Stealth Rock\n|move|p2a: Bubblegum|Moonblast|p1a: MOJOJOJOJOJOJOJOJO\n|-crit|p1a: MOJOJOJOJOJOJOJOJO\n|-damage|p1a: MOJOJOJOJOJOJOJOJO|9\/262\n|\n|-heal|p2a: Bubblegum|394\/394|[from] item: Leftovers\n|turn|4\n|c| The Gold Flo|damnnn\n|\n|move|p1a: MOJOJOJOJOJOJOJOJO|Endeavor|p2a: Bubblegum\n|-damage|p2a: Bubblegum|9\/394\n|move|p2a: Bubblegum|Moonblast|p1a: MOJOJOJOJOJOJOJOJO\n|-damage|p1a: MOJOJOJOJOJOJOJOJO|0 fnt\n|faint|p1a: MOJOJOJOJOJOJOJOJO\n|\n|-heal|p2a: Bubblegum|33\/394|[from] item: Leftovers\n|-end|p2a: Bubblegum|move: Taunt\n|c| Spanicatthedisco|crit mattered\n|join|openchinjao\n|c| The Gold Flo|hes sashed anyways lol\n|c| Doctor Ciel|Sorry, I'm listening to Green Day.  q-q\n|join|the reaper24113\n|c| The Gold Flo|holiday\n|c| The Gold Flo|amirite\n|\n|switch|p1a: Electromohawk|Thundurus-Therian, M|299\/299\n|turn|5\n|c| Doctor Ciel|Yeah\n|\n|move|p1a: Electromohawk|Nasty Plot|p1a: Electromohawk\n|-boost|p1a: Electromohawk|spa|2\n|move|p2a: Bubblegum|Wish|p2a: Bubblegum\n|\n|-heal|p2a: Bubblegum|57\/394|[from] item: Leftovers\n|turn|6\n|leave|the reaper24113\n|join|I'm stoned\n|\n|move|p1a: Electromohawk|Thunderbolt|p2a: Bubblegum\n|-damage|p2a: Bubblegum|0 fnt\n|faint|p2a: Bubblegum\n|\n|c| Spanicatthedisco|GET GREEDY\n|c| Spanicatthedisco|AW\n|\n|switch|p2a: Blue Moon|Jirachi|341\/341\n|-damage|p2a: Blue Moon|320\/341|[from] Stealth Rock\n|turn|7\n|c| ShadowIndian|lol\n|\n|move|p2a: Blue Moon|Ice Punch|p1a: Electromohawk\n|-supereffective|p1a: Electromohawk\n|-damage|p1a: Electromohawk|69\/299\n|move|p1a: Electromohawk|Thunderbolt|p2a: Blue Moon\n|-damage|p2a: Blue Moon|0 fnt\n|faint|p2a: Blue Moon\n|\n|c| The Gold Flo|these nicknames r on point\n|\n|switch|p2a: Gucci|Latios, M|301\/301\n|-damage|p2a: Gucci|264\/301|[from] Stealth Rock\n|turn|8\n|\n|move|p2a: Gucci|Psyshock|p1a: Electromohawk\n|-damage|p1a: Electromohawk|0 fnt\n|-damage|p2a: Gucci|234\/301|[from] item: Life Orb\n|faint|p1a: Electromohawk\n|\n|join|manga team\n|c| Spanicatthedisco|aw\n|\n|switch|p1a: IPhone|Scolipede, M|261\/261\n|turn|9\n|c| ShadowIndian|drop a draco man\n|\n|switch|p2a: Google+|Rotom-Wash|304\/304\n|-damage|p2a: Google+|266\/304|[from] Stealth Rock\n|move|p1a: IPhone|Swords Dance|p1a: IPhone\n|-boost|p1a: IPhone|atk|2\n|\n|-boost|p1a: IPhone|spe|1|[from] ability: Speed Boost\n|turn|10\n|c| Doctor Ciel|gg\n|\n|move|p1a: IPhone|Megahorn|p2a: Google+\n|-damage|p2a: Google+|4\/304\n|move|p2a: Google+|Will-O-Wisp|p1a: IPhone|[miss]\n|-miss|p2a: Google+|p1a: IPhone\n|\n|-boost|p1a: IPhone|spe|1|[from] ability: Speed Boost\n|turn|11\n|c| The Gold Flo|y r these nicknames so powerful\n|c| The Gold Flo|that did 0\n|c| The Gold Flo|wow\n|c| Doctor Ciel|AH\n|c| Ears726|haxs\n|c| ShadowIndian|oh snap\n|c|\u2605The Teal Scizor|gg?\n|c|\u2605DizzyNinja|:]\n|\n|move|p1a: IPhone|Aqua Tail|p2a: Google+\n|-resisted|p2a: Google+\n|-damage|p2a: Google+|0 fnt\n|faint|p2a: Google+\n|\n|-boost|p1a: IPhone|spe|1|[from] ability: Speed Boost\n|\n|switch|p2a: Power Drink|Conkeldurr, F|413\/413\n|-damage|p2a: Power Drink|388\/413|[from] Stealth Rock\n|turn|12\n|\n|move|p1a: IPhone|Megahorn|p2a: Power Drink\n|-resisted|p2a: Power Drink\n|-damage|p2a: Power Drink|200\/413\n|move|p2a: Power Drink|Knock Off|p1a: IPhone\n|-damage|p1a: IPhone|108\/261\n|-enditem|p1a: IPhone|Focus Sash|[from] move: Knock Off|[of] p2a: Power Drink\n|\n|-boost|p1a: IPhone|spe|1|[from] ability: Speed Boost\n|turn|13\n|c| The Gold Flo|aqua tail should have missed just 4dlolz\n|\n|move|p1a: IPhone|Aqua Tail|p2a: Power Drink\n|-damage|p2a: Power Drink|13\/413\n|move|p2a: Power Drink|Ice Punch|p1a: IPhone\n|-damage|p1a: IPhone|1\/261\n|\n|-boost|p1a: IPhone|spe|1|[from] ability: Speed Boost\n|turn|14\n|c| The Gold Flo|we livin\n|c| Doctor Ciel|Balk\n|c| The Gold Flo|wait\n|c| The Gold Flo|mach punch\n|\n|move|p2a: Power Drink|Mach Punch|p1a: IPhone\n|-resisted|p1a: IPhone\n|-damage|p1a: IPhone|0 fnt\n|faint|p1a: IPhone\n|\n|c| The Gold Flo|noooo\n|c| The Gold Flo|nooooooo\n|c| Spanicatthedisco|#wedyin\n|\n|switch|p1a: ShurikenFodder|Starmie|259\/259\n|turn|15\n|\n|move|p1a: ShurikenFodder|Ice Beam|p2a: Power Drink\n|-damage|p2a: Power Drink|0 fnt\n|-damage|p1a: ShurikenFodder|234\/259|[from] item: Life Orb\n|faint|p2a: Power Drink\n|\n|\n|switch|p2a: Gucci|Latios, M|234\/301\n|-damage|p2a: Gucci|197\/301|[from] Stealth Rock\n|turn|16\n|\n|move|p1a: ShurikenFodder|Ice Beam|p2a: Gucci\n|-supereffective|p2a: Gucci\n|-damage|p2a: Gucci|0 fnt\n|-damage|p1a: ShurikenFodder|209\/259|[from] item: Life Orb\n|faint|p2a: Gucci\n|\n|\n|switch|p2a: Prison Break|Kyurem-Black, shiny|391\/391\n|-damage|p2a: Prison Break|294\/391|[from] Stealth Rock\n|-ability|p2a: Prison Break|Teravolt\n|turn|17\n|c| Spanicatthedisco|aw no dracos this fight\n|c| The Gold Flo|its shiny\n|\n|move|p1a: ShurikenFodder|Ice Beam|p2a: Prison Break\n|-damage|p2a: Prison Break|154\/391\n|-damage|p1a: ShurikenFodder|184\/259|[from] item: Life Orb\n|move|p2a: Prison Break|Outrage|p1a: ShurikenFodder\n|-damage|p1a: ShurikenFodder|0 fnt\n|-damage|p2a: Prison Break|115\/391|[from] item: Life Orb\n|faint|p1a: ShurikenFodder\n|\n|c| The Gold Flo|gg\n|c| The Gold Flo|gawn\n|\n|switch|p1a: T Rekts|Tyrantrum, M|305\/305\n|turn|18\n|c| Spanicatthedisco|why\n|\n|move|p2a: Prison Break|Outrage|p1a: T Rekts\n|-supereffective|p1a: T Rekts\n|-damage|p1a: T Rekts|0 fnt\n|-damage|p2a: Prison Break|76\/391|[from] item: Life Orb\n|-start|p2a: Prison Break|confusion|[fatigue]\n|faint|p1a: T Rekts\n|\n|c| The Gold Flo|moment of truth\n|c| The Gold Flo|omf\n|c| The Gold Flo|oml\n|\n|switch|p1a: Romney|Abomasnow, F|384\/384\n|-weather|Hail\n|turn|19\n|c| Doctor Ciel|We kill\n|c| Spanicatthedisco|the sax\n|c|\u2605The Teal Scizor|....\n|c| Spanicatthedisco|*sac\n|c|\u2605DizzyNinja|game good\n|c|\u2605DizzyNinja|fun had\n|\n|detailschange|p1a: Romney|Abomasnow-Mega, F\n|-mega|p1a: Romney|Abomasnow|Abomasite\n|move|p1a: Romney|Ice Shard|p2a: Prison Break\n|-damage|p2a: Prison Break|3\/391\n|-activate|p2a: Prison Break|confusion\n|move|p2a: Prison Break|Outrage|p1a: Romney\n|-damage|p1a: Romney|80\/384\n|-damage|p2a: Prison Break|0 fnt|[from] item: Life Orb\n|faint|p2a: Prison Break\n|\n|win|DizzyNinja\n|raw|Ladder updating...\n|c| Spanicatthedisco|#wekillin\n|raw|DizzyNinja's rating: 1375 &rarr; <strong>1398<\/strong><br \/>(+23 for winning)\n|raw|The Teal Scizor's rating: 1423 &rarr; <strong>1401<\/strong><br \/>(-22 for losing)\n|c| The Gold Flo|OMF\n|c| hypno1|lololol\n|c| Ears726|aaawwwww\n|c|\u2605The Teal Scizor|gg\n|c| Spanicatthedisco|ded\n|c|\u2605DizzyNinja|nope\n|c| Doctor Ciel|WE OUT\n|c| The Gold Flo|SO CLOSE\n|leave|openchinjao\n|c| The Gold Flo|dizzyninja\n|c|\u2605DizzyNinja|if he crit\n|c| The Gold Flo|is\n|c| The Gold Flo|a\n|c| The Gold Flo|lord\n|c|\u2605The Teal Scizor|lol;\n|leave|Doctor Ciel\n|leave|Fabulous Rebellion\n|leave|DizzyNinja\n|player|p1\n|leave|The Gold Flo\n|leave|The Teal Scizor\n|player|p2\n|leave|Ears726\n|c| Spanicatthedisco|www.teespring.com\/DropaDraco\n|leave|Lady Biscotti\n|leave|Spanicatthedisco\n|leave|ShadowIndian\n|leave|hypno1","inputlog":null,"uploadtime":1434259138,"views":0,"p1id":"dizzyninja","p2id":"thetealscizor","formatid":"ou","rating":1398,"private":0,"password":null}