{"id":"ou-220334952","p1":"lucapalmieri","p2":"Ohmboy Tesla","format":"ou","log":"|join|lucapalmieri\n|join|Ohmboy Tesla\n|player|p1|lucapalmieri|265\n|player|p2|Ohmboy Tesla|136\n|gametype|singles\n|gen|6\n|tier|OU\n|rated\n|clearpoke\n|poke|p1|Heatran, M\n|poke|p1|Gyarados, M\n|poke|p1|Azumarill, M\n|poke|p1|Starmie\n|poke|p1|Tangrowth, M\n|poke|p1|Landorus, M\n|poke|p2|Venusaur, F\n|poke|p2|Entei, shiny\n|poke|p2|Swampert, M\n|poke|p2|Hydreigon, F\n|poke|p2|Togekiss, F\n|poke|p2|Scizor, M\n|rule|Swagger Clause: Swagger is banned\n|rule|Baton Pass Clause: Limit one Pok\u00e9mon knowing Baton Pass\n|rule|Sleep Clause Mod: Limit one foe put to sleep\n|rule|Species Clause: Limit one of each Pok\u00e9mon\n|rule|OHKO Clause: OHKO moves are banned\n|rule|Moody Clause: Moody is banned\n|rule|Evasion Moves Clause: Evasion moves are banned\n|rule|Endless Battle Clause: Forcing endless battles is banned\n|rule|HP Percentage Mod: HP is shown in percentages\n|teampreview\n|\n|start\n|switch|p1a: 30L|Heatran, M|386\/386\n|switch|p2a: Berta|Venusaur, F|363\/363\n|turn|1\n|\n|detailschange|p2a: Berta|Venusaur-Mega, F\n|-mega|p2a: Berta|Venusaur|Venusaurite\n|move|p1a: 30L|Stealth Rock|p2a: Berta\n|-sidestart|p2: Ohmboy Tesla|move: Stealth Rock\n|move|p2a: Berta|Leech Seed|p1a: 30L\n|-start|p1a: 30L|move: Leech Seed\n|\n|-damage|p1a: 30L|338\/386|[from] Leech Seed|[of] p2a: Berta\n|turn|2\n|\n|switch|p2a: Do You Even Liek|Swampert, M|401\/401\n|-damage|p2a: Do You Even Liek|376\/401|[from] Stealth Rock\n|move|p1a: 30L|Lava Plume|p2a: Do You Even Liek\n|-resisted|p2a: Do You Even Liek\n|-damage|p2a: Do You Even Liek|313\/401\n|-status|p2a: Do You Even Liek|brn\n|\n|-heal|p1a: 30L|362\/386|[from] item: Leftovers\n|-heal|p2a: Do You Even Liek|338\/401 brn|[from] item: Leftovers\n|-damage|p1a: 30L|314\/386|[from] Leech Seed|[of] p2a: Do You Even Liek\n|-heal|p2a: Do You Even Liek|386\/401 brn|[silent]\n|-damage|p2a: Do You Even Liek|336\/401 brn|[from] brn\n|turn|3\n|\n|switch|p1a: Eccellenza|Gyarados, M|331\/331\n|-ability|p1a: Eccellenza|Intimidate|[of] p2a: Do You Even Liek\n|-unboost|p2a: Do You Even Liek|atk|1\n|move|p2a: Do You Even Liek|Stealth Rock|p1a: Eccellenza\n|-sidestart|p1: lucapalmieri|move: Stealth Rock\n|\n|-heal|p2a: Do You Even Liek|361\/401 brn|[from] item: Leftovers\n|-damage|p2a: Do You Even Liek|311\/401 brn|[from] brn\n|turn|4\n|\n|move|p1a: Eccellenza|Substitute|p1a: Eccellenza\n|-start|p1a: Eccellenza|Substitute\n|-damage|p1a: Eccellenza|249\/331\n|move|p2a: Do You Even Liek|Toxic|p1a: Eccellenza\n|\n|-heal|p2a: Do You Even Liek|336\/401 brn|[from] item: Leftovers\n|-damage|p2a: Do You Even Liek|286\/401 brn|[from] brn\n|turn|5\n|\n|switch|p2a: no more tears|Togekiss, F|373\/373\n|-damage|p2a: no more tears|280\/373|[from] Stealth Rock\n|move|p1a: Eccellenza|Dragon Dance|p1a: Eccellenza\n|-boost|p1a: Eccellenza|atk|1\n|-boost|p1a: Eccellenza|spe|1\n|\n|-heal|p2a: no more tears|303\/373|[from] item: Leftovers\n|turn|6\n|\n|detailschange|p1a: Eccellenza|Gyarados-Mega, M\n|-mega|p1a: Eccellenza|Gyarados|Gyaradosite\n|-ability|p1a: Eccellenza|Mold Breaker\n|move|p1a: Eccellenza|Waterfall|p2a: no more tears\n|-damage|p2a: no more tears|50\/373\n|cant|p2a: no more tears|flinch\n|\n|-heal|p2a: no more tears|73\/373|[from] item: Leftovers\n|turn|7\n|\n|move|p1a: Eccellenza|Waterfall|p2a: no more tears\n|-damage|p2a: no more tears|0 fnt\n|faint|p2a: no more tears\n|\n|\n|switch|p2a: Menace|Scizor, M|343\/343\n|-damage|p2a: Menace|301\/343|[from] Stealth Rock\n|turn|8\n|\n|move|p1a: Eccellenza|Waterfall|p2a: Menace\n|-damage|p2a: Menace|64\/343\n|cant|p2a: Menace|flinch\n|\n|-heal|p2a: Menace|85\/343|[from] item: Leftovers\n|turn|9\n|c|\u2605lucapalmieri|sorry\n|\n|move|p2a: Menace|Bullet Punch|p1a: Eccellenza\n|-resisted|p1a: Eccellenza\n|-activate|p1a: Eccellenza|Substitute|[damage]\n|move|p1a: Eccellenza|Waterfall|p2a: Menace\n|-damage|p2a: Menace|0 fnt\n|faint|p2a: Menace\n|\n|c|\u2605Ohmboy Tesla|it's ok, part of the game...\n|\n|switch|p2a: Do You Even Liek|Swampert, M|286\/401 brn\n|-damage|p2a: Do You Even Liek|261\/401 brn|[from] Stealth Rock\n|turn|10\n|\n|move|p1a: Eccellenza|Waterfall|p2a: Do You Even Liek\n|-damage|p2a: Do You Even Liek|83\/401 brn\n|cant|p2a: Do You Even Liek|flinch\n|\n|-heal|p2a: Do You Even Liek|108\/401 brn|[from] item: Leftovers\n|-damage|p2a: Do You Even Liek|58\/401 brn|[from] brn\n|turn|11\n|c|\u2605Ohmboy Tesla|still :p\n|c|\u2605lucapalmieri|wow\n|\n|move|p1a: Eccellenza|Waterfall|p2a: Do You Even Liek\n|-damage|p2a: Do You Even Liek|0 fnt\n|faint|p2a: Do You Even Liek\n|\n|c|\u2605Ohmboy Tesla|and I'm just sitting here, wonderin what I did to piss off god xD\n|\n|switch|p2a: Precious|Hydreigon, F|349\/349\n|-damage|p2a: Precious|306\/349|[from] Stealth Rock\n|turn|12\n|\n|move|p1a: Eccellenza|Waterfall|p2a: Precious\n|-resisted|p2a: Precious\n|-damage|p2a: Precious|179\/349\n|move|p2a: Precious|U-turn|p1a: Eccellenza\n|-supereffective|p1a: Eccellenza\n|-end|p1a: Eccellenza|Substitute\n|\n|switch|p2a: Berta|Venusaur-Mega, F|363\/363\n|-damage|p2a: Berta|318\/363|[from] Stealth Rock\n|\n|turn|13\n|\n|move|p1a: Eccellenza|Crunch|p2a: Berta\n|-damage|p2a: Berta|161\/363\n|-unboost|p2a: Berta|def|1\n|move|p2a: Berta|Giga Drain|p1a: Eccellenza\n|-supereffective|p1a: Eccellenza\n|-damage|p1a: Eccellenza|79\/331\n|-heal|p2a: Berta|246\/363|[from] drain|[of] p1a: Eccellenza\n|\n|turn|14\n|\n|move|p1a: Eccellenza|Crunch|p2a: Berta\n|-damage|p2a: Berta|21\/363\n|move|p2a: Berta|Giga Drain|p1a: Eccellenza\n|-crit|p1a: Eccellenza\n|-supereffective|p1a: Eccellenza\n|-damage|p1a: Eccellenza|0 fnt\n|-heal|p2a: Berta|61\/363|[from] drain|[of] p1a: Eccellenza\n|faint|p1a: Eccellenza\n|\n|\n|switch|p1a: 5 stelline d'oro|Starmie|261\/261\n|-damage|p1a: 5 stelline d'oro|229\/261|[from] Stealth Rock\n|turn|15\n|\n|move|p1a: 5 stelline d'oro|Ice Beam|p2a: Berta\n|-supereffective|p2a: Berta\n|-damage|p2a: Berta|0 fnt\n|-damage|p1a: 5 stelline d'oro|203\/261|[from] item: Life Orb\n|faint|p2a: Berta\n|\n|\n|switch|p2a: Precious|Hydreigon, F|179\/349\n|-damage|p2a: Precious|136\/349|[from] Stealth Rock\n|turn|16\n|\n|switch|p1a: Bacio accademico|Azumarill, M|375\/375\n|-damage|p1a: Bacio accademico|329\/375|[from] Stealth Rock\n|move|p2a: Precious|U-turn|p1a: Bacio accademico\n|-resisted|p1a: Bacio accademico\n|-damage|p1a: Bacio accademico|296\/375\n|\n|switch|p2a: Rufus|Entei, shiny|386\/386\n|-damage|p2a: Rufus|290\/386|[from] Stealth Rock\n|-ability|p2a: Rufus|Pressure\n|\n|-heal|p2a: Rufus|314\/386|[from] item: Leftovers\n|turn|17\n|\n|move|p2a: Rufus|Sacred Fire|p1a: Bacio accademico\n|-resisted|p1a: Bacio accademico\n|-damage|p1a: Bacio accademico|196\/375\n|move|p1a: Bacio accademico|Waterfall|p2a: Rufus\n|-supereffective|p2a: Rufus\n|-damage|p2a: Rufus|0 fnt\n|faint|p2a: Rufus\n|\n|c|\u2605Ohmboy Tesla|gg\n|\n|switch|p2a: Precious|Hydreigon, F|136\/349\n|-damage|p2a: Precious|93\/349|[from] Stealth Rock\n|turn|18\n|c|\u2605lucapalmieri|gg\n|c|\u2605lucapalmieri|hope I'll beat you in a more hax-balanced game\n|c|\u2605lucapalmieri|in the future\n|\n|move|p2a: Precious|Dark Pulse|p1a: Bacio accademico\n|-resisted|p1a: Bacio accademico\n|-damage|p1a: Bacio accademico|112\/375\n|cant|p1a: Bacio accademico|flinch\n|\n|turn|19\n|c|\u2605Ohmboy Tesla|hahah yeah :D except the other way around\n|c|\u2605Ohmboy Tesla|I think I already fought you once in the past\n|\n|move|p2a: Precious|Dark Pulse|p1a: Bacio accademico\n|-resisted|p1a: Bacio accademico\n|-damage|p1a: Bacio accademico|15\/375\n|cant|p1a: Bacio accademico|flinch\n|\n|turn|20\n|c|\u2605Ohmboy Tesla|justice?\n|c|\u2605lucapalmieri|maybe\n|\n|move|p2a: Precious|Dark Pulse|p1a: Bacio accademico\n|-resisted|p1a: Bacio accademico\n|-damage|p1a: Bacio accademico|0 fnt\n|faint|p1a: Bacio accademico\n|\n|\n|switch|p1a: Genietto|Landorus, M|319\/319\n|-damage|p1a: Genietto|280\/319|[from] Stealth Rock\n|turn|21\n|\n|move|p1a: Genietto|U-turn|p2a: Precious\n|-supereffective|p2a: Precious\n|-damage|p2a: Precious|0 fnt\n|faint|p2a: Precious\n|\n|win|lucapalmieri\n|raw|Ladder updating...\n|raw|lucapalmieri's rating: 1524 &rarr; <strong>1546<\/strong><br \/>(+22 for winning)\n|raw|Ohmboy Tesla's rating: 1560 &rarr; <strong>1538<\/strong><br \/>(-22 for losing)\n|leave|Ohmboy Tesla\n|player|p2","inputlog":null,"uploadtime":1427209832,"views":0,"p1id":"lucapalmieri","p2id":"ohmboytesla","formatid":"ou","rating":1538,"private":0,"password":null}