{"id":"ou-252077487","p1":"Ohmboy Tesla","p2":"ThanosItUp","format":"ou","log":"|join|Ohmboy Tesla\n|join|ThanosItUp\n|player|p1|Ohmboy Tesla|136\n|player|p2|ThanosItUp|290\n|gametype|singles\n|gen|6\n|tier|OU\n|rated\n|clearpoke\n|poke|p1|Venusaur, F\n|poke|p1|Entei, shiny\n|poke|p1|Swampert, M\n|poke|p1|Hydreigon, F\n|poke|p1|Togekiss, F\n|poke|p1|Scizor, M\n|poke|p2|Venusaur, M\n|poke|p2|Skarmory, M\n|poke|p2|Heatran, F\n|poke|p2|Starmie\n|poke|p2|Landorus-Therian, M, shiny\n|poke|p2|Weavile, F\n|rule|Swagger Clause: Swagger is banned\n|rule|Baton Pass Clause: Limit one Baton Passer, can't pass Spe and other stats simultaneously\n|rule|Sleep Clause Mod: Limit one foe put to sleep\n|rule|Species Clause: Limit one of each Pok\u00e9mon\n|rule|OHKO Clause: OHKO moves are banned\n|rule|Moody Clause: Moody is banned\n|rule|Evasion Moves Clause: Evasion moves are banned\n|rule|Endless Battle Clause: Forcing endless battles is banned\n|rule|HP Percentage Mod: HP is shown in percentages\n|teampreview\n|\n|start\n|switch|p1a: Do You Even Liek?!|Swampert, M|401\/401\n|switch|p2a: Loki|Weavile, F|281\/281\n|-ability|p2a: Loki|Pressure\n|turn|1\n|\n|switch|p2a: SourPatchKid|Venusaur, M|364\/364\n|switch|p1a: Menace|Scizor, M|343\/343\n|\n|turn|2\n|\n|detailschange|p2a: SourPatchKid|Venusaur-Mega, M\n|-mega|p2a: SourPatchKid|Venusaur|Venusaurite\n|move|p2a: SourPatchKid|Leech Seed|p1a: Menace\n|-start|p1a: Menace|move: Leech Seed\n|move|p1a: Menace|U-turn|p2a: SourPatchKid\n|-damage|p2a: SourPatchKid|259\/364\n|\n|switch|p1a: Rufus|Entei, shiny|386\/386\n|-ability|p1a: Rufus|Pressure\n|\n|turn|3\n|\n|move|p1a: Rufus|Sacred Fire|p2a: SourPatchKid\n|-supereffective|p2a: SourPatchKid\n|-damage|p2a: SourPatchKid|95\/364\n|-status|p2a: SourPatchKid|brn\n|move|p2a: SourPatchKid|Synthesis|p2a: SourPatchKid\n|-heal|p2a: SourPatchKid|277\/364 brn\n|\n|-damage|p2a: SourPatchKid|232\/364 brn|[from] brn\n|turn|4\n|\n|switch|p2a: GiddyUp|Heatran, F|385\/385\n|move|p1a: Rufus|Bulldoze|p2a: GiddyUp\n|-supereffective|p2a: GiddyUp\n|-damage|p2a: GiddyUp|121\/385\n|-unboost|p2a: GiddyUp|spe|1\n|\n|-heal|p2a: GiddyUp|145\/385|[from] item: Leftovers\n|turn|5\n|\n|move|p1a: Rufus|Sacred Fire|p2a: GiddyUp\n|-start|p2a: GiddyUp|ability: Flash Fire\n|move|p2a: GiddyUp|Stealth Rock|p1a: Rufus\n|-sidestart|p1: Ohmboy Tesla|move: Stealth Rock\n|\n|-heal|p2a: GiddyUp|169\/385|[from] item: Leftovers\n|turn|6\n|\n|move|p1a: Rufus|Sacred Fire|p2a: GiddyUp\n|-immune|p2a: GiddyUp|[msg]\n|move|p2a: GiddyUp|Earth Power|p1a: Rufus\n|-crit|p1a: Rufus\n|-supereffective|p1a: Rufus\n|-damage|p1a: Rufus|32\/386\n|\n|-heal|p1a: Rufus|56\/386|[from] item: Leftovers\n|-heal|p2a: GiddyUp|193\/385|[from] item: Leftovers\n|turn|7\n|\n|-end|p2a: GiddyUp|ability: Flash Fire|[silent]\n|switch|p2a: Thumper|Landorus-Therian, M, shiny|319\/319\n|-ability|p2a: Thumper|Intimidate\n|-unboost|p1a: Rufus|atk|1\n|move|p1a: Rufus|Sacred Fire|p2a: Thumper\n|-damage|p2a: Thumper|178\/319\n|-status|p2a: Thumper|brn\n|\n|-heal|p1a: Rufus|80\/386|[from] item: Leftovers\n|-damage|p2a: Thumper|139\/319 brn|[from] brn\n|turn|8\n|leave|ThanosItUp\n|player|p2\n|c|\u2605Ohmboy Tesla|them mind games\n|-message|thanositup lost due to inactivity.\n|\n|win|Ohmboy Tesla\n|raw|Ladder updating...\n|raw|Ladder (probably) updated, but score could not be retrieved (Response not received).","inputlog":null,"uploadtime":1437600212,"views":6,"p1id":"ohmboytesla","p2id":"thanositup","formatid":"ou","rating":0,"private":0,"password":null}