{"id":"ou-254494152","p1":"Aquablaster98","p2":"The Teal Scizor","format":"ou","log":"|join|Aquablaster98\n|join|The Teal Scizor\n|player|p1|Aquablaster98|163\n|player|p2|The Teal Scizor|270\n|gametype|singles\n|gen|6\n|tier|OU\n|clearpoke\n|poke|p1|Weavile, F\n|poke|p1|Dragonite, F\n|poke|p1|Galvantula, F\n|poke|p1|Hydreigon, F\n|poke|p1|Scizor, M\n|poke|p1|Tyranitar, M\n|poke|p2|Kyurem-Black, shiny\n|poke|p2|Clefable, F, shiny\n|poke|p2|Rotom-Wash\n|poke|p2|Jirachi\n|poke|p2|Conkeldurr, M\n|poke|p2|Latios, M\n|rule|Swagger Clause: Swagger is banned\n|rule|Baton Pass Clause: Limit one Baton Passer, can't pass Spe and other stats simultaneously\n|rule|Sleep Clause Mod: Limit one foe put to sleep\n|rule|Species Clause: Limit one of each Pok\u00e9mon\n|rule|OHKO Clause: OHKO moves are banned\n|rule|Moody Clause: Moody is banned\n|rule|Evasion Moves Clause: Evasion moves are banned\n|rule|Endless Battle Clause: Forcing endless battles is banned\n|rule|HP Percentage Mod: HP is shown in percentages\n|teampreview\n|\n|start\n|switch|p1a: Galvantula|Galvantula, F|281\/281\n|switch|p2a: Blue Moon|Jirachi|341\/341\n|turn|1\n|\n|move|p2a: Blue Moon|Iron Head|p1a: Galvantula\n|-resisted|p1a: Galvantula\n|-damage|p1a: Galvantula|180\/281\n|cant|p1a: Galvantula|flinch\n|\n|turn|2\n|\n|move|p2a: Blue Moon|Iron Head|p1a: Galvantula\n|-crit|p1a: Galvantula\n|-resisted|p1a: Galvantula\n|-damage|p1a: Galvantula|41\/281\n|move|p1a: Galvantula|Sticky Web|p2a: Blue Moon\n|-sidestart|p2: The Teal Scizor|move: Sticky Web\n|\n|turn|3\n|\n|move|p2a: Blue Moon|Iron Head|p1a: Galvantula\n|-resisted|p1a: Galvantula\n|-damage|p1a: Galvantula|0 fnt\n|faint|p1a: Galvantula\n|\n|\n|switch|p1a: Hydreigon|Hydreigon, F|325\/325\n|turn|4\n|\n|switch|p2a: Bubblegum|Clefable, F, shiny|394\/394\n|-activate|p2a: Bubblegum|move: Sticky Web\n|-unboost|p2a: Bubblegum|spe|1\n|move|p1a: Hydreigon|Earth Power|p2a: Bubblegum\n|-damage|p2a: Bubblegum|273\/394\n|-damage|p1a: Hydreigon|293\/325|[from] item: Life Orb\n|\n|-heal|p2a: Bubblegum|297\/394|[from] item: Leftovers\n|turn|5\n|\n|switch|p1a: Scizor|Scizor, M|281\/281\n|move|p2a: Bubblegum|Wish|p2a: Bubblegum\n|\n|-heal|p2a: Bubblegum|321\/394|[from] item: Leftovers\n|turn|6\n|\n|switch|p2a: Google+|Rotom-Wash|304\/304\n|detailschange|p1a: Scizor|Scizor-Mega, M\n|-mega|p1a: Scizor|Scizor|Scizorite\n|move|p1a: Scizor|Swords Dance|p1a: Scizor\n|-boost|p1a: Scizor|atk|2\n|\n|turn|7\n|\n|move|p1a: Scizor|Superpower|p2a: Google+\n|-damage|p2a: Google+|72\/304\n|-unboost|p1a: Scizor|atk|1\n|-unboost|p1a: Scizor|def|1\n|move|p2a: Google+|Will-O-Wisp|p1a: Scizor\n|-status|p1a: Scizor|brn\n|\n|-damage|p1a: Scizor|246\/281 brn|[from] brn\n|turn|8\n|\n|move|p1a: Scizor|Bullet Punch|p2a: Google+\n|-crit|p2a: Google+\n|-resisted|p2a: Google+\n|-damage|p2a: Google+|49\/304\n|move|p2a: Google+|Rest|p2a: Google+\n|-status|p2a: Google+|slp\n|-heal|p2a: Google+|304\/304 slp|[silent]\n|-status|p2a: Google+|slp|[from] move: Rest\n|-enditem|p2a: Google+|Chesto Berry|[eat]\n|-curestatus|p2a: Google+|slp\n|\n|-damage|p1a: Scizor|211\/281 brn|[from] brn\n|turn|9\n|\n|move|p1a: Scizor|Swords Dance|p1a: Scizor\n|-boost|p1a: Scizor|atk|2\n|move|p2a: Google+|Volt Switch|p1a: Scizor\n|-damage|p1a: Scizor|126\/281 brn\n|\n|switch|p2a: Power Drink|Conkeldurr, M|413\/413\n|-activate|p2a: Power Drink|move: Sticky Web\n|-unboost|p2a: Power Drink|spe|1\n|\n|-damage|p1a: Scizor|91\/281 brn|[from] brn\n|turn|10\n|\n|switch|p1a: Dragonite|Dragonite, F|323\/323\n|switch|p2a: Google+|Rotom-Wash|304\/304\n|\n|turn|11\n|\n|switch|p1a: Hydreigon|Hydreigon, F|293\/325\n|move|p2a: Google+|Will-O-Wisp|p1a: Hydreigon\n|-status|p1a: Hydreigon|brn\n|\n|-damage|p1a: Hydreigon|253\/325 brn|[from] brn\n|turn|12\n|\n|switch|p2a: Bubblegum|Clefable, F, shiny|321\/394\n|-activate|p2a: Bubblegum|move: Sticky Web\n|-unboost|p2a: Bubblegum|spe|1\n|move|p1a: Hydreigon|Draco Meteor|p2a: Bubblegum\n|-immune|p2a: Bubblegum|[msg]\n|\n|-heal|p2a: Bubblegum|345\/394|[from] item: Leftovers\n|-damage|p1a: Hydreigon|213\/325 brn|[from] brn\n|turn|13\n|\n|switch|p1a: Tyranitar|Tyranitar, M|403\/403\n|-weather|Sandstorm\n|move|p2a: Bubblegum|Stealth Rock|p1a: Tyranitar\n|-sidestart|p1: Aquablaster98|move: Stealth Rock\n|\n|-weather|Sandstorm|[upkeep]\n|-damage|p2a: Bubblegum|321\/394|[from] sandstorm\n|-heal|p2a: Bubblegum|345\/394|[from] item: Leftovers\n|turn|14\n|\n|switch|p2a: Power Drink|Conkeldurr, M|413\/413\n|-activate|p2a: Power Drink|move: Sticky Web\n|-unboost|p2a: Power Drink|spe|1\n|move|p1a: Tyranitar|Stealth Rock|p2a: Power Drink\n|-sidestart|p2: The Teal Scizor|move: Stealth Rock\n|\n|-weather|Sandstorm|[upkeep]\n|-damage|p2a: Power Drink|388\/413|[from] sandstorm\n|turn|15\n|\n|switch|p1a: Dragonite|Dragonite, F|323\/323\n|-damage|p1a: Dragonite|243\/323|[from] Stealth Rock\n|move|p2a: Power Drink|Drain Punch|p1a: Dragonite\n|-resisted|p1a: Dragonite\n|-damage|p1a: Dragonite|168\/323\n|-heal|p2a: Power Drink|413\/413|[from] drain|[of] p1a: Dragonite\n|\n|-weather|Sandstorm|[upkeep]\n|-damage|p1a: Dragonite|148\/323|[from] sandstorm\n|-damage|p2a: Power Drink|388\/413|[from] sandstorm\n|turn|16\n|\n|move|p1a: Dragonite|Dragon Claw|p2a: Power Drink\n|-damage|p2a: Power Drink|231\/413\n|move|p2a: Power Drink|Knock Off|p1a: Dragonite\n|-damage|p1a: Dragonite|0 fnt\n|-enditem|p1a: Dragonite|Weakness Policy|[from] move: Knock Off|[of] p2a: Power Drink\n|faint|p1a: Dragonite\n|\n|-weather|Sandstorm|[upkeep]\n|-damage|p2a: Power Drink|206\/413|[from] sandstorm\n|c|\u2605The Teal Scizor|I knew it\n|\n|switch|p1a: Hydreigon|Hydreigon, F|213\/325 brn\n|-damage|p1a: Hydreigon|173\/325 brn|[from] Stealth Rock\n|turn|17\n|\n|switch|p2a: Bubblegum|Clefable, F, shiny|345\/394\n|-damage|p2a: Bubblegum|296\/394|[from] Stealth Rock\n|-activate|p2a: Bubblegum|move: Sticky Web\n|-unboost|p2a: Bubblegum|spe|1\n|move|p1a: Hydreigon|Draco Meteor|p2a: Bubblegum\n|-immune|p2a: Bubblegum|[msg]\n|\n|-weather|Sandstorm|[upkeep]\n|-damage|p1a: Hydreigon|153\/325 brn|[from] sandstorm\n|-damage|p2a: Bubblegum|272\/394|[from] sandstorm\n|-heal|p2a: Bubblegum|296\/394|[from] item: Leftovers\n|-damage|p1a: Hydreigon|113\/325 brn|[from] brn\n|turn|18\n|c|\u2605Aquablaster98|stahp\n|\n|move|p1a: Hydreigon|Flash Cannon|p2a: Bubblegum\n|-supereffective|p2a: Bubblegum\n|-damage|p2a: Bubblegum|83\/394\n|-damage|p1a: Hydreigon|81\/325 brn|[from] item: Life Orb\n|move|p2a: Bubblegum|Wish|p2a: Bubblegum\n|\n|-weather|Sandstorm|[upkeep]\n|-damage|p1a: Hydreigon|61\/325 brn|[from] sandstorm\n|-damage|p2a: Bubblegum|59\/394|[from] sandstorm\n|-heal|p2a: Bubblegum|83\/394|[from] item: Leftovers\n|-damage|p1a: Hydreigon|21\/325 brn|[from] brn\n|turn|19\n|c|\u2605Aquablaster98|i'm an idiot\n|\n|move|p2a: Bubblegum|Protect|p2a: Bubblegum\n|-singleturn|p2a: Bubblegum|Protect\n|move|p1a: Hydreigon|Flash Cannon|p2a: Bubblegum\n|-activate|p2a: Bubblegum|Protect\n|\n|-weather|Sandstorm|[upkeep]\n|-damage|p1a: Hydreigon|1\/325 brn|[from] sandstorm\n|-damage|p2a: Bubblegum|59\/394|[from] sandstorm\n|-heal|p2a: Bubblegum|256\/394|[from] move: Wish|[wisher] Bubblegum\n|-heal|p2a: Bubblegum|280\/394|[from] item: Leftovers\n|-damage|p1a: Hydreigon|0 fnt|[from] brn\n|faint|p1a: Hydreigon\n|c|\u2605The Teal Scizor|bruh\n|\n|switch|p1a: Tyranitar|Tyranitar, M|403\/403\n|-damage|p1a: Tyranitar|353\/403|[from] Stealth Rock\n|turn|20\n|\n|switch|p2a: Gucci|Latios, M|301\/301\n|-damage|p2a: Gucci|264\/301|[from] Stealth Rock\n|move|p1a: Tyranitar|Earthquake|p2a: Gucci\n|-immune|p2a: Gucci|[msg]\n|\n|-weather|none\n|turn|21\n|\n|move|p2a: Gucci|Defog|p1a: Tyranitar\n|-unboost|p1a: Tyranitar|evasion|1\n|-sideend|p1: Aquablaster98|Stealth Rock|[from] move: Defog|[of] p1a: Tyranitar\n|-sideend|p2: The Teal Scizor|Stealth Rock|[from] move: Defog|[of] p2a: Gucci\n|-sideend|p2: The Teal Scizor|Sticky Web|[from] move: Defog|[of] p2a: Gucci\n|move|p1a: Tyranitar|Crunch|p2a: Gucci\n|-supereffective|p2a: Gucci\n|-damage|p2a: Gucci|0 fnt\n|faint|p2a: Gucci\n|\n|\n|switch|p2a: Power Drink|Conkeldurr, M|206\/413\n|turn|22\n|\n|move|p1a: Tyranitar|Earthquake|p2a: Power Drink\n|-damage|p2a: Power Drink|107\/413\n|move|p2a: Power Drink|Drain Punch|p1a: Tyranitar\n|-supereffective|p1a: Tyranitar\n|-damage|p1a: Tyranitar|0 fnt\n|-heal|p2a: Power Drink|284\/413|[from] drain|[of] p1a: Tyranitar\n|faint|p1a: Tyranitar\n|\n|\n|switch|p1a: Scizor|Scizor-Mega, M|91\/281 brn\n|turn|23\n|\n|move|p1a: Scizor|Superpower|p2a: Power Drink\n|-damage|p2a: Power Drink|189\/413\n|-unboost|p1a: Scizor|atk|1\n|-unboost|p1a: Scizor|def|1\n|move|p2a: Power Drink|Knock Off|p1a: Scizor\n|-damage|p1a: Scizor|0 fnt\n|faint|p1a: Scizor\n|\n|\n|switch|p1a: Weavile|Weavile, F|281\/281\n|-ability|p1a: Weavile|Pressure\n|turn|24\n|c|\u2605The Teal Scizor|kill me\n|\n|move|p1a: Weavile|Icicle Crash|p2a: Power Drink\n|-damage|p2a: Power Drink|0 fnt\n|-damage|p1a: Weavile|253\/281|[from] item: Life Orb\n|faint|p2a: Power Drink\n|\n|\n|switch|p2a: Prison Break|Kyurem-Black, shiny|391\/391\n|-ability|p2a: Prison Break|Teravolt\n|turn|25\n|\n|move|p1a: Weavile|Low Kick|p2a: Prison Break\n|-supereffective|p2a: Prison Break\n|-damage|p2a: Prison Break|43\/391\n|-damage|p1a: Weavile|225\/281|[from] item: Life Orb\n|move|p2a: Prison Break|Outrage|p1a: Weavile\n|-damage|p1a: Weavile|0 fnt\n|-damage|p2a: Prison Break|4\/391|[from] item: Life Orb\n|faint|p1a: Weavile\n|\n|win|The Teal Scizor\n|c|\u2605The Teal Scizor|gg\n|c|\u2605The Teal Scizor|dragonite has roost?\n|c|\u2605Aquablaster98|gg\n|c|\u2605Aquablaster98|nope\n|c|\u2605The Teal Scizor|oh\n|c|\u2605The Teal Scizor|what was the strategy then?\n|c|\u2605The Teal Scizor|sticky web?","inputlog":null,"uploadtime":1438289361,"views":1,"p1id":"aquablaster98","p2id":"thetealscizor","formatid":"ou","rating":0,"private":0,"password":null}