{"id":"ou-240452293","p1":"Not Sarcasm","p2":"The Teal Scizor","format":"ou","log":"|join|Not Sarcasm\n|join|The Teal Scizor\n|player|p1|Not Sarcasm|170\n|player|p2|The Teal Scizor|260\n|gametype|singles\n|gen|6\n|tier|OU\n|rated\n|clearpoke\n|poke|p1|Garchomp, M\n|poke|p1|Latias, F\n|poke|p1|Manaphy\n|poke|p1|Scizor, M\n|poke|p1|Kyurem-Black\n|poke|p1|Talonflame, F\n|poke|p2|Kyurem-Black, shiny\n|poke|p2|Clefable, F, shiny\n|poke|p2|Rotom-Wash\n|poke|p2|Jirachi\n|poke|p2|Conkeldurr, F\n|poke|p2|Latios, M\n|rule|Swagger Clause: Swagger is banned\n|rule|Baton Pass Clause: Limit one Pok\u00e9mon knowing Baton Pass\n|rule|Sleep Clause Mod: Limit one foe put to sleep\n|rule|Species Clause: Limit one of each Pok\u00e9mon\n|rule|OHKO Clause: OHKO moves are banned\n|rule|Moody Clause: Moody is banned\n|rule|Evasion Moves Clause: Evasion moves are banned\n|rule|Endless Battle Clause: Forcing endless battles is banned\n|rule|HP Percentage Mod: HP is shown in percentages\n|teampreview\n|c|\u2605The Teal Scizor|gl hf\n|\n|start\n|switch|p1a: Gozilla|Kyurem-Black|391\/391\n|switch|p2a: Bubblegum|Clefable, F, shiny|394\/394\n|-ability|p1a: Gozilla|Teravolt\n|turn|1\n|\n|switch|p1a: Scizor|Scizor, M|343\/343\n|move|p2a: Bubblegum|Stealth Rock|p1a: Scizor\n|-sidestart|p1: Not Sarcasm|move: Stealth Rock\n|\n|turn|2\n|\n|detailschange|p1a: Scizor|Scizor-Mega, M\n|-mega|p1a: Scizor|Scizor|Scizorite\n|move|p2a: Bubblegum|Protect|p2a: Bubblegum\n|-singleturn|p2a: Bubblegum|Protect\n|move|p1a: Scizor|U-turn|p2a: Bubblegum\n|-activate|p2a: Bubblegum|Protect\n|\n|turn|3\n|\n|switch|p2a: Google+|Rotom-Wash|304\/304\n|move|p1a: Scizor|Bullet Punch|p2a: Google+\n|-resisted|p2a: Google+\n|-damage|p2a: Google+|286\/304\n|\n|turn|4\n|\n|switch|p1a: Gozilla|Kyurem-Black|391\/391\n|-damage|p1a: Gozilla|294\/391|[from] Stealth Rock\n|-ability|p1a: Gozilla|Teravolt\n|move|p2a: Google+|Volt Switch|p1a: Gozilla\n|-resisted|p1a: Gozilla\n|-damage|p1a: Gozilla|248\/391\n|\n|switch|p2a: Bubblegum|Clefable, F, shiny|394\/394\n|\n|turn|5\n|\n|switch|p1a: Scizor|Scizor-Mega, M|343\/343\n|-damage|p1a: Scizor|301\/343|[from] Stealth Rock\n|move|p2a: Bubblegum|Moonblast|p1a: Scizor\n|-crit|p1a: Scizor\n|-resisted|p1a: Scizor\n|-damage|p1a: Scizor|231\/343\n|\n|turn|6\n|\n|switch|p2a: Google+|Rotom-Wash|286\/304\n|move|p1a: Scizor|Bullet Punch|p2a: Google+\n|-crit|p2a: Google+\n|-resisted|p2a: Google+\n|-damage|p2a: Google+|261\/304\n|\n|turn|7\n|\n|move|p2a: Google+|Will-O-Wisp|p1a: Scizor\n|-status|p1a: Scizor|brn\n|move|p1a: Scizor|U-turn|p2a: Google+\n|-damage|p2a: Google+|217\/304\n|\n|switch|p1a: Gozilla|Kyurem-Black|248\/391\n|-damage|p1a: Gozilla|151\/391|[from] Stealth Rock\n|-ability|p1a: Gozilla|Teravolt\n|\n|turn|8\n|\n|switch|p2a: Bubblegum|Clefable, F, shiny|394\/394\n|move|p1a: Gozilla|Earth Power|p2a: Bubblegum\n|-damage|p2a: Bubblegum|280\/394\n|-damage|p1a: Gozilla|112\/391|[from] item: Life Orb\n|\n|-heal|p2a: Bubblegum|304\/394|[from] item: Leftovers\n|turn|9\n|\n|move|p1a: Gozilla|Ice Beam|p2a: Bubblegum\n|-damage|p2a: Bubblegum|147\/394\n|-damage|p1a: Gozilla|73\/391|[from] item: Life Orb\n|move|p2a: Bubblegum|Wish|p2a: Bubblegum\n|\n|-heal|p2a: Bubblegum|171\/394|[from] item: Leftovers\n|turn|10\n|\n|move|p2a: Bubblegum|Protect|p2a: Bubblegum\n|-singleturn|p2a: Bubblegum|Protect\n|move|p1a: Gozilla|Roost|p1a: Gozilla\n|-heal|p1a: Gozilla|269\/391\n|\n|-heal|p2a: Bubblegum|368\/394|[from] move: Wish|[wisher] Bubblegum\n|-heal|p2a: Bubblegum|392\/394|[from] item: Leftovers\n|turn|11\n|\n|switch|p1a: Talonflame|Talonflame, F|359\/359\n|-damage|p1a: Talonflame|180\/359|[from] Stealth Rock\n|move|p2a: Bubblegum|Wish|p2a: Bubblegum\n|\n|-heal|p1a: Talonflame|202\/359|[from] item: Leftovers\n|-heal|p2a: Bubblegum|394\/394|[from] item: Leftovers\n|turn|12\n|\n|switch|p2a: Google+|Rotom-Wash|217\/304\n|move|p1a: Talonflame|Will-O-Wisp|p2a: Google+\n|-status|p2a: Google+|brn\n|\n|-heal|p2a: Google+|304\/304 brn|[from] move: Wish|[wisher] Bubblegum\n|-heal|p1a: Talonflame|224\/359|[from] item: Leftovers\n|-damage|p2a: Google+|266\/304 brn|[from] brn\n|turn|13\n|\n|move|p1a: Talonflame|Roost|p1a: Talonflame\n|-heal|p1a: Talonflame|359\/359\n|move|p2a: Google+|Hydro Pump|p1a: Talonflame\n|-supereffective|p1a: Talonflame\n|-damage|p1a: Talonflame|123\/359\n|\n|-heal|p1a: Talonflame|145\/359|[from] item: Leftovers\n|-damage|p2a: Google+|228\/304 brn|[from] brn\n|turn|14\n|\n|switch|p1a: Latias|Latias, F|319\/319\n|-damage|p1a: Latias|280\/319|[from] Stealth Rock\n|move|p2a: Google+|Volt Switch|p1a: Latias\n|-resisted|p1a: Latias\n|-damage|p1a: Latias|246\/319\n|\n|switch|p2a: Blue Moon|Jirachi|341\/341\n|\n|turn|15\n|-message|Not Sarcasm forfeited.\n|\n|win|The Teal Scizor\n|raw|Ladder updating...\n|raw|Not Sarcasm's rating: 1398 &rarr; <strong>1377<\/strong><br \/>(-21 for losing)\n|raw|The Teal Scizor's rating: 1379 &rarr; <strong>1400<\/strong><br \/>(+21 for winning)\n|leave|Not Sarcasm\n|player|p1","inputlog":null,"uploadtime":1434258277,"views":1,"p1id":"notsarcasm","p2id":"thetealscizor","formatid":"ou","rating":1377,"private":0,"password":null}