{"id":"ou-215403249","p1":"gamer hui","p2":"Ohmboy Tesla","format":"ou","log":"|join|gamer hui\n|join|Ohmboy Tesla\n|player|p1|gamer hui|2\n|player|p2|Ohmboy Tesla|136\n|gametype|singles\n|gen|6\n|tier|OU\n|rated\n|clearpoke\n|poke|p1|Smeargle, M\n|poke|p1|Espeon, M\n|poke|p1|Whimsicott, M\n|poke|p1|Azelf\n|poke|p1|Gothitelle, M\n|poke|p1|Cottonee, M\n|poke|p2|Venusaur, F\n|poke|p2|Entei, shiny\n|poke|p2|Swampert, M\n|poke|p2|Hydreigon, F\n|poke|p2|Togekiss, F\n|poke|p2|Scizor, M\n|rule|Swagger Clause: Swagger is banned\n|rule|Baton Pass Clause: Limit one Pok\u00e9mon knowing Baton Pass\n|rule|Sleep Clause Mod: Limit one foe put to sleep\n|rule|Species Clause: Limit one of each Pok\u00e9mon\n|rule|OHKO Clause: OHKO moves are banned\n|rule|Moody Clause: Moody is banned\n|rule|Evasion Moves Clause: Evasion moves are banned\n|rule|Endless Battle Clause: Forcing endless battles is banned\n|rule|HP Percentage Mod: HP is shown in percentages\n|teampreview\n|\n|start\n|switch|p1a: Cottonee|Cottonee, M|284\/284\n|switch|p2a: Precious|Hydreigon, F|349\/349\n|turn|1\n|\n|switch|p2a: Berta|Venusaur, F|363\/363\n|move|p1a: Cottonee|Tailwind|p1a: Cottonee\n|-sidestart|p1: gamer hui|move: Tailwind\n|\n|turn|2\n|\n|switch|p2a: Rufus|Entei, shiny|386\/386\n|-ability|p2a: Rufus|Pressure\n|move|p1a: Cottonee|Memento|p2a: Rufus\n|-unboost|p2a: Rufus|atk|2\n|-unboost|p2a: Rufus|spa|2\n|faint|p1a: Cottonee\n|\n|\n|switch|p1a: Azelf|Azelf|353\/353\n|turn|3\n|\n|switch|p2a: Do You Even Liek|Swampert, M|401\/401\n|move|p1a: Azelf|Light Screen|p1a: Azelf\n|-sidestart|p1: gamer hui|move: Light Screen\n|\n|turn|4\n|\n|move|p1a: Azelf|Reflect|p1a: Azelf\n|-sidestart|p1: gamer hui|Reflect\n|move|p2a: Do You Even Liek|Toxic|p1a: Azelf\n|-status|p1a: Azelf|tox\n|\n|-damage|p1a: Azelf|331\/353 tox|[from] psn\n|-sideend|p1: gamer hui|move: Tailwind\n|turn|5\n|\n|switch|p2a: Menace|Scizor, M|343\/343\n|move|p1a: Azelf|Explosion|p2a: Menace\n|-resisted|p2a: Menace\n|-damage|p2a: Menace|230\/343\n|faint|p1a: Azelf\n|\n|-heal|p2a: Menace|251\/343|[from] item: Leftovers\n|\n|switch|p1a: Whimsicott|Whimsicott, M|323\/323\n|turn|6\n|\n|move|p1a: Whimsicott|Taunt|p2a: Menace\n|-start|p2a: Menace|move: Taunt\n|cant|p2a: Menace|move: Taunt|Defog\n|\n|-heal|p2a: Menace|272\/343|[from] item: Leftovers\n|turn|7\n|\n|move|p1a: Whimsicott|Tailwind|p1a: Whimsicott\n|-sidestart|p1: gamer hui|move: Tailwind\n|move|p2a: Menace|U-turn|p1a: Whimsicott\n|-damage|p1a: Whimsicott|248\/323\n|\n|switch|p2a: no more tears|Togekiss, F|373\/373\n|\n|turn|8\n|\n|switch|p2a: Menace|Scizor, M|272\/343\n|move|p1a: Whimsicott|Memento|p2a: Menace\n|-unboost|p2a: Menace|atk|2\n|-unboost|p2a: Menace|spa|2\n|faint|p1a: Whimsicott\n|\n|-heal|p2a: Menace|293\/343|[from] item: Leftovers\n|\n|switch|p1a: Smeargle|Smeargle, M|251\/251\n|turn|9\n|\n|move|p1a: Smeargle|Geomancy|p1a: Smeargle|[still]\n|-prepare|p1a: Smeargle|Geomancy|p1a: Smeargle\n|-enditem|p1a: Smeargle|Power Herb\n|-anim|p1a: Smeargle|Geomancy|p1a: Smeargle\n|-boost|p1a: Smeargle|spa|2\n|-boost|p1a: Smeargle|spd|2\n|-boost|p1a: Smeargle|spe|2\n|move|p2a: Menace|U-turn|p1a: Smeargle\n|-damage|p1a: Smeargle|213\/251\n|\n|switch|p2a: Berta|Venusaur, F|363\/363\n|\n|turn|10\n|\n|detailschange|p2a: Berta|Venusaur-Mega, F\n|-mega|p2a: Berta|Venusaur|Venusaurite\n|move|p1a: Smeargle|Cotton Guard|p1a: Smeargle\n|-boost|p1a: Smeargle|def|3\n|move|p2a: Berta|Leech Seed|p1a: Smeargle|[miss]\n|-miss|p2a: Berta|p1a: Smeargle\n|\n|-sideend|p1: gamer hui|move: Light Screen\n|-sideend|p1: gamer hui|move: Tailwind\n|turn|11\n|\n|move|p1a: Smeargle|Baton Pass|p1a: Smeargle\n|\n|switch|p1a: Espeon|Espeon, M|321\/321\n|move|p2a: Berta|Leech Seed|p1a: Espeon\n|move|p1a: Espeon|Leech Seed|p2a: Berta|[from]Magic Bounce\n|-immune|p2a: Berta|[msg]\n|\n|-sideend|p1: gamer hui|Reflect\n|turn|12\n|\n|move|p1a: Espeon|Substitute|p1a: Espeon\n|-start|p1a: Espeon|Substitute\n|-damage|p1a: Espeon|241\/321\n|move|p2a: Berta|Sludge Bomb|p1a: Espeon\n|-activate|p1a: Espeon|Substitute|[damage]\n|\n|-heal|p1a: Espeon|261\/321|[from] item: Leftovers\n|turn|13\n|\n|move|p1a: Espeon|Stored Power|p2a: Berta\n|-supereffective|p2a: Berta\n|-damage|p2a: Berta|0 fnt\n|faint|p2a: Berta\n|\n|-heal|p1a: Espeon|281\/321|[from] item: Leftovers\n|\n|switch|p2a: Menace|Scizor, M|293\/343\n|turn|14\n|\n|move|p2a: Menace|Bullet Punch|p1a: Espeon\n|-end|p1a: Espeon|Substitute\n|move|p1a: Espeon|Stored Power|p2a: Menace\n|-resisted|p2a: Menace\n|-damage|p2a: Menace|12\/343\n|\n|-heal|p1a: Espeon|301\/321|[from] item: Leftovers\n|-heal|p2a: Menace|33\/343|[from] item: Leftovers\n|turn|15\n|\n|move|p1a: Espeon|Substitute|p1a: Espeon\n|-start|p1a: Espeon|Substitute\n|-damage|p1a: Espeon|221\/321\n|move|p2a: Menace|U-turn|p1a: Espeon\n|-supereffective|p1a: Espeon\n|-end|p1a: Espeon|Substitute\n|\n|switch|p2a: Precious|Hydreigon, F|349\/349\n|\n|-heal|p1a: Espeon|241\/321|[from] item: Leftovers\n|turn|16\n|\n|move|p1a: Espeon|Dazzling Gleam|p2a: Precious\n|-supereffective|p2a: Precious\n|-damage|p2a: Precious|0 fnt\n|faint|p2a: Precious\n|\n|-heal|p1a: Espeon|261\/321|[from] item: Leftovers\n|\n|switch|p2a: Rufus|Entei, shiny|386\/386\n|-ability|p2a: Rufus|Pressure\n|turn|17\n|\n|move|p1a: Espeon|Stored Power|p2a: Rufus\n|-damage|p2a: Rufus|0 fnt\n|faint|p2a: Rufus\n|\n|-heal|p1a: Espeon|281\/321|[from] item: Leftovers\n|\n|switch|p2a: Menace|Scizor, M|33\/343\n|turn|18\n|\n|move|p2a: Menace|Bullet Punch|p1a: Espeon\n|-damage|p1a: Espeon|238\/321\n|move|p1a: Espeon|Stored Power|p2a: Menace\n|-resisted|p2a: Menace\n|-damage|p2a: Menace|0 fnt\n|faint|p2a: Menace\n|\n|-heal|p1a: Espeon|258\/321|[from] item: Leftovers\n|\n|switch|p2a: no more tears|Togekiss, F|373\/373\n|turn|19\n|\n|move|p1a: Espeon|Substitute|p1a: Espeon\n|-start|p1a: Espeon|Substitute\n|-damage|p1a: Espeon|178\/321\n|move|p2a: no more tears|Air Slash|p1a: Espeon|[miss]\n|-miss|p2a: no more tears|p1a: Espeon\n|\n|-heal|p1a: Espeon|198\/321|[from] item: Leftovers\n|turn|20\n|\n|move|p1a: Espeon|Morning Sun|p1a: Espeon\n|-heal|p1a: Espeon|321\/321\n|move|p2a: no more tears|Dazzling Gleam|p1a: Espeon\n|-activate|p1a: Espeon|Substitute|[damage]\n|\n|turn|21\n|\n|move|p1a: Espeon|Stored Power|p2a: no more tears\n|-damage|p2a: no more tears|6\/373\n|move|p2a: no more tears|Dazzling Gleam|p1a: Espeon\n|-end|p1a: Espeon|Substitute\n|\n|-heal|p2a: no more tears|29\/373|[from] item: Leftovers\n|turn|22\n|\n|move|p1a: Espeon|Substitute|p1a: Espeon\n|-start|p1a: Espeon|Substitute\n|-damage|p1a: Espeon|241\/321\n|move|p2a: no more tears|Dazzling Gleam|p1a: Espeon\n|-activate|p1a: Espeon|Substitute|[damage]\n|\n|-heal|p1a: Espeon|261\/321|[from] item: Leftovers\n|-heal|p2a: no more tears|52\/373|[from] item: Leftovers\n|turn|23\n|\n|move|p1a: Espeon|Stored Power|p2a: no more tears\n|-damage|p2a: no more tears|0 fnt\n|faint|p2a: no more tears\n|\n|-heal|p1a: Espeon|281\/321|[from] item: Leftovers\n|\n|switch|p2a: Do You Even Liek|Swampert, M|401\/401\n|turn|24\n|\n|move|p1a: Espeon|Stored Power|p2a: Do You Even Liek\n|-damage|p2a: Do You Even Liek|0 fnt\n|faint|p2a: Do You Even Liek\n|\n|win|gamer hui\n|raw|Ladder updating...\n|raw|gamer hui's rating: 1585 &rarr; <strong>1604<\/strong><br \/>(+19 for winning)\n|raw|Ohmboy Tesla's rating: 1556 &rarr; <strong>1538<\/strong><br \/>(-18 for losing)","inputlog":null,"uploadtime":1425459287,"views":0,"p1id":"gamerhui","p2id":"ohmboytesla","formatid":"ou","rating":1538,"private":0,"password":null}