{"id":"ou-214162228","p1":"Ohmboy Tesla","p2":"ResigntoMe","format":"ou","log":"|join|Ohmboy Tesla\n|join|ResigntoMe\n|player|p1|Ohmboy Tesla|136\n|player|p2|ResigntoMe|169\n|gametype|singles\n|gen|6\n|tier|OU\n|rated\n|clearpoke\n|poke|p1|Venusaur, F\n|poke|p1|Entei, shiny\n|poke|p1|Swampert, M\n|poke|p1|Hydreigon, F\n|poke|p1|Togekiss, F\n|poke|p1|Scizor, M\n|poke|p2|Thundurus, M\n|poke|p2|Talonflame, M\n|poke|p2|Excadrill, M\n|poke|p2|Breloom, M\n|poke|p2|Mew\n|poke|p2|Altaria, F\n|rule|Swagger Clause: Swagger is banned\n|rule|Baton Pass Clause: Limit one Pok\u00e9mon knowing Baton Pass\n|rule|Sleep Clause Mod: Limit one foe put to sleep\n|rule|Species Clause: Limit one of each Pok\u00e9mon\n|rule|OHKO Clause: OHKO moves are banned\n|rule|Moody Clause: Moody is banned\n|rule|Evasion Moves Clause: Evasion moves are banned\n|rule|Endless Battle Clause: Forcing endless battles is banned\n|rule|HP Percentage Mod: HP is shown in percentages\n|teampreview\n|\n|start\n|switch|p1a: Precious|Hydreigon, F|349\/349\n|switch|p2a: Mew|Mew|404\/404\n|turn|1\n|\n|move|p1a: Precious|U-turn|p2a: Mew\n|-supereffective|p2a: Mew\n|-damage|p2a: Mew|302\/404\n|\n|switch|p1a: Do You Even Liek|Swampert, M|401\/401\n|move|p2a: Mew|Ice Beam|p1a: Do You Even Liek\n|-damage|p1a: Do You Even Liek|296\/401\n|-status|p1a: Do You Even Liek|frz\n|\n|-heal|p2a: Mew|327\/404|[from] item: Leftovers\n|-heal|p1a: Do You Even Liek|321\/401 frz|[from] item: Leftovers\n|turn|2\n|\n|move|p2a: Mew|Stealth Rock|p1a: Do You Even Liek\n|-sidestart|p1: Ohmboy Tesla|move: Stealth Rock\n|cant|p1a: Do You Even Liek|frz\n|\n|-heal|p2a: Mew|352\/404|[from] item: Leftovers\n|-heal|p1a: Do You Even Liek|346\/401 frz|[from] item: Leftovers\n|turn|3\n|\n|switch|p2a: Breloom|Breloom, M|262\/262\n|cant|p1a: Do You Even Liek|frz\n|\n|-heal|p1a: Do You Even Liek|371\/401 frz|[from] item: Leftovers\n|turn|4\n|\n|switch|p1a: Berta|Venusaur, F|363\/363\n|-damage|p1a: Berta|318\/363|[from] Stealth Rock\n|move|p2a: Breloom|Bullet Seed|p1a: Berta\n|-resisted|p1a: Berta\n|-damage|p1a: Berta|306\/363\n|-resisted|p1a: Berta\n|-damage|p1a: Berta|293\/363\n|-resisted|p1a: Berta\n|-damage|p1a: Berta|279\/363\n|-resisted|p1a: Berta\n|-damage|p1a: Berta|265\/363\n|-resisted|p1a: Berta\n|-damage|p1a: Berta|252\/363\n|-hitcount|p1a: Berta|5\n|\n|turn|5\n|\n|switch|p2a: Talonflame|Talonflame, M|360\/360\n|detailschange|p1a: Berta|Venusaur-Mega, F\n|-mega|p1a: Berta|Venusaur|Venusaurite\n|move|p1a: Berta|Leech Seed|p2a: Talonflame\n|-start|p2a: Talonflame|move: Leech Seed\n|\n|-damage|p2a: Talonflame|315\/360|[from] Leech Seed|[of] p1a: Berta\n|-heal|p1a: Berta|297\/363|[silent]\n|turn|6\n|\n|switch|p1a: Do You Even Liek|Swampert, M|371\/401 frz\n|-damage|p1a: Do You Even Liek|346\/401 frz|[from] Stealth Rock\n|move|p2a: Talonflame|Brave Bird|p1a: Do You Even Liek\n|-damage|p1a: Do You Even Liek|202\/401 frz\n|-damage|p2a: Talonflame|267\/360|[from] recoil|[of] p1a: Do You Even Liek\n|\n|-heal|p2a: Talonflame|289\/360|[from] item: Leftovers\n|-heal|p1a: Do You Even Liek|227\/401 frz|[from] item: Leftovers\n|-damage|p2a: Talonflame|244\/360|[from] Leech Seed|[of] p1a: Do You Even Liek\n|-heal|p1a: Do You Even Liek|272\/401 frz|[silent]\n|turn|7\n|\n|switch|p2a: Mew|Mew|352\/404\n|-curestatus|p1a: Do You Even Liek|frz\n|move|p1a: Do You Even Liek|Stealth Rock|p2a: Mew\n|-sidestart|p2: ResigntoMe|move: Stealth Rock\n|\n|-heal|p2a: Mew|377\/404|[from] item: Leftovers\n|-heal|p1a: Do You Even Liek|297\/401|[from] item: Leftovers\n|turn|8\n|\n|move|p2a: Mew|Will-O-Wisp|p1a: Do You Even Liek\n|-status|p1a: Do You Even Liek|brn\n|move|p1a: Do You Even Liek|Toxic|p2a: Mew\n|-status|p2a: Mew|tox\n|\n|-heal|p2a: Mew|402\/404 tox|[from] item: Leftovers\n|-heal|p1a: Do You Even Liek|322\/401 brn|[from] item: Leftovers\n|-damage|p2a: Mew|377\/404 tox|[from] psn\n|-damage|p1a: Do You Even Liek|272\/401 brn|[from] brn\n|turn|9\n|\n|move|p2a: Mew|Ice Beam|p1a: Do You Even Liek\n|-damage|p1a: Do You Even Liek|162\/401 brn\n|move|p1a: Do You Even Liek|Toxic|p2a: Mew\n|-fail|p2a: Mew|tox\n|\n|-heal|p2a: Mew|402\/404 tox|[from] item: Leftovers\n|-heal|p1a: Do You Even Liek|187\/401 brn|[from] item: Leftovers\n|-damage|p2a: Mew|352\/404 tox|[from] psn\n|-damage|p1a: Do You Even Liek|137\/401 brn|[from] brn\n|turn|10\n|\n|move|p2a: Mew|Ice Beam|p1a: Do You Even Liek\n|-damage|p1a: Do You Even Liek|27\/401 brn\n|move|p1a: Do You Even Liek|Waterfall|p2a: Mew\n|-damage|p2a: Mew|273\/404 tox\n|\n|-heal|p2a: Mew|298\/404 tox|[from] item: Leftovers\n|-heal|p1a: Do You Even Liek|52\/401 brn|[from] item: Leftovers\n|-damage|p2a: Mew|223\/404 tox|[from] psn\n|-damage|p1a: Do You Even Liek|2\/401 brn|[from] brn\n|turn|11\n|\n|move|p2a: Mew|Flamethrower|p1a: Do You Even Liek\n|-resisted|p1a: Do You Even Liek\n|-damage|p1a: Do You Even Liek|0 fnt\n|faint|p1a: Do You Even Liek\n|\n|-heal|p2a: Mew|248\/404 tox|[from] item: Leftovers\n|-damage|p2a: Mew|148\/404 tox|[from] psn\n|\n|switch|p1a: Precious|Hydreigon, F|349\/349\n|-damage|p1a: Precious|306\/349|[from] Stealth Rock\n|turn|12\n|\n|move|p1a: Precious|U-turn|p2a: Mew\n|-supereffective|p2a: Mew\n|-damage|p2a: Mew|50\/404 tox\n|\n|switch|p1a: Rufus|Entei, shiny|386\/386\n|-damage|p1a: Rufus|290\/386|[from] Stealth Rock\n|-ability|p1a: Rufus|Pressure\n|move|p2a: Mew|Will-O-Wisp|p1a: Rufus\n|-fail|p1a: Rufus\n|\n|-heal|p1a: Rufus|314\/386|[from] item: Leftovers\n|-heal|p2a: Mew|75\/404 tox|[from] item: Leftovers\n|-damage|p2a: Mew|0 fnt|[from] psn\n|faint|p2a: Mew\n|\n|switch|p2a: Excadrill|Excadrill, M|361\/361\n|-damage|p2a: Excadrill|350\/361|[from] Stealth Rock\n|-ability|p2a: Excadrill|Mold Breaker\n|turn|13\n|\n|move|p2a: Excadrill|Earthquake|p1a: Rufus\n|-supereffective|p1a: Rufus\n|-damage|p1a: Rufus|0 fnt\n|faint|p1a: Rufus\n|\n|\n|switch|p1a: Berta|Venusaur-Mega, F|297\/363\n|-damage|p1a: Berta|252\/363|[from] Stealth Rock\n|turn|14\n|\n|move|p2a: Excadrill|Earthquake|p1a: Berta\n|-damage|p1a: Berta|137\/363\n|move|p1a: Berta|Giga Drain|p2a: Excadrill\n|-damage|p2a: Excadrill|197\/361\n|-heal|p1a: Berta|214\/363|[from] drain|[of] p2a: Excadrill\n|\n|turn|15\n|\n|switch|p2a: Thundurus|Thundurus, M|299\/299\n|-damage|p2a: Thundurus|225\/299|[from] Stealth Rock\n|move|p1a: Berta|Giga Drain|p2a: Thundurus\n|-resisted|p2a: Thundurus\n|-damage|p2a: Thundurus|166\/299\n|-heal|p1a: Berta|244\/363|[from] drain|[of] p2a: Thundurus\n|\n|turn|16\n|\n|move|p2a: Thundurus|Thunder Wave|p1a: Berta\n|-status|p1a: Berta|par\n|move|p1a: Berta|Sludge Bomb|p2a: Thundurus\n|-damage|p2a: Thundurus|9\/299\n|-status|p2a: Thundurus|psn\n|\n|-damage|p2a: Thundurus|0 fnt|[from] psn\n|faint|p2a: Thundurus\n|\n|switch|p2a: Talonflame|Talonflame, M|244\/360\n|-damage|p2a: Talonflame|64\/360|[from] Stealth Rock\n|turn|17\n|\n|move|p2a: Talonflame|Brave Bird|p1a: Berta\n|-supereffective|p1a: Berta\n|-damage|p1a: Berta|44\/363 par\n|-damage|p2a: Talonflame|0 fnt|[from] recoil|[of] p1a: Berta\n|faint|p2a: Talonflame\n|move|p1a: Berta|Sludge Bomb|p2: Talonflame|[notarget]\n|-notarget\n|\n|\n|switch|p2a: Breloom|Breloom, M|262\/262\n|-damage|p2a: Breloom|246\/262|[from] Stealth Rock\n|turn|18\n|\n|move|p2a: Breloom|Mach Punch|p1a: Berta\n|-resisted|p1a: Berta\n|-damage|p1a: Berta|11\/363 par\n|move|p1a: Berta|Sludge Bomb|p2a: Breloom\n|-supereffective|p2a: Breloom\n|-damage|p2a: Breloom|0 fnt\n|faint|p2a: Breloom\n|\n|c|\u2605ResigntoMe|lol forgot poison resisted fighting\n|c|\u2605Ohmboy Tesla|:s\n|\n|switch|p2a: Altaria|Altaria, F|291\/291\n|-damage|p2a: Altaria|219\/291|[from] Stealth Rock\n|turn|19\n|\n|detailschange|p2a: Altaria|Altaria-Mega, F\n|-mega|p2a: Altaria|Altaria|Altarianite\n|move|p2a: Altaria|Dragon Dance|p2a: Altaria\n|-boost|p2a: Altaria|atk|1\n|-boost|p2a: Altaria|spe|1\n|move|p1a: Berta|Sludge Bomb|p2a: Altaria\n|-supereffective|p2a: Altaria\n|-damage|p2a: Altaria|0 fnt\n|faint|p2a: Altaria\n|\n|\n|switch|p2a: Excadrill|Excadrill, M|197\/361\n|-damage|p2a: Excadrill|186\/361|[from] Stealth Rock\n|-ability|p2a: Excadrill|Mold Breaker\n|turn|20\n|\n|move|p2a: Excadrill|Rock Slide|p1a: Berta\n|-miss|p2a: Excadrill|p1a: Berta\n|move|p1a: Berta|Giga Drain|p2a: Excadrill\n|-damage|p2a: Excadrill|36\/361\n|-heal|p1a: Berta|86\/363 par|[from] drain|[of] p2a: Excadrill\n|\n|turn|21\n|c|\u2605ResigntoMe|gg!\n|c|\u2605Ohmboy Tesla|i'm sorry about those last turns man\n|\n|move|p2a: Excadrill|Rock Slide|p1a: Berta\n|-damage|p1a: Berta|20\/363 par\n|cant|p1a: Berta|flinch\n|\n|turn|22\n|c|\u2605ResigntoMe|lol all good\n|c|\u2605Ohmboy Tesla|gg\n|\n|move|p2a: Excadrill|Rock Slide|p1a: Berta\n|-damage|p1a: Berta|0 fnt\n|faint|p1a: Berta\n|\n|\n|switch|p1a: Precious|Hydreigon, F|306\/349\n|-damage|p1a: Precious|263\/349|[from] Stealth Rock\n|turn|23\n|\n|move|p2a: Excadrill|Rock Slide|p1a: Precious\n|-damage|p1a: Precious|145\/349\n|cant|p1a: Precious|flinch\n|\n|turn|24\n|\n|move|p2a: Excadrill|Rock Slide|p1a: Precious\n|-damage|p1a: Precious|34\/349\n|move|p1a: Precious|Earth Power|p2a: Excadrill\n|-supereffective|p2a: Excadrill\n|-damage|p2a: Excadrill|0 fnt\n|faint|p2a: Excadrill\n|\n|win|Ohmboy Tesla\n|raw|Ladder updating...\n|raw|Ohmboy Tesla's rating: 1513 &rarr; <strong>1535<\/strong><br \/>(+22 for winning)\n|raw|ResigntoMe's rating: 1545 &rarr; <strong>1523<\/strong><br \/>(-22 for losing)\n|leave|ResigntoMe\n|player|p2","inputlog":null,"uploadtime":1425029478,"views":0,"p1id":"ohmboytesla","p2id":"resigntome","formatid":"ou","rating":1523,"private":0,"password":null}