{"id":"ou-218428338","p1":"Pokeintelligence","p2":"Ohmboy Tesla","format":"ou","log":"|join|Pokeintelligence\n|join|Ohmboy Tesla\n|player|p1|Pokeintelligence|163\n|player|p2|Ohmboy Tesla|136\n|gametype|singles\n|gen|6\n|tier|OU\n|clearpoke\n|poke|p1|Garchomp, M\n|poke|p1|Arcanine, F\n|poke|p1|Porygon-Z\n|poke|p1|Starmie\n|poke|p1|Clefable, M\n|poke|p1|Crobat, M\n|poke|p2|Venusaur, F\n|poke|p2|Entei, shiny\n|poke|p2|Swampert, M\n|poke|p2|Hydreigon, F\n|poke|p2|Togekiss, F\n|poke|p2|Scizor, M\n|rule|Swagger Clause: Swagger is banned\n|rule|Baton Pass Clause: Limit one Pok\u00e9mon knowing Baton Pass\n|rule|Sleep Clause Mod: Limit one foe put to sleep\n|rule|Species Clause: Limit one of each Pok\u00e9mon\n|rule|OHKO Clause: OHKO moves are banned\n|rule|Moody Clause: Moody is banned\n|rule|Evasion Moves Clause: Evasion moves are banned\n|rule|Endless Battle Clause: Forcing endless battles is banned\n|rule|HP Percentage Mod: HP is shown in percentages\n|teampreview\n|\n|start\n|switch|p1a: Porygon-Z|Porygon-Z|312\/312\n|switch|p2a: Do You Even Liek|Swampert, M|401\/401\n|-boost|p1a: Porygon-Z|spa|1|[from] ability: Download\n|turn|1\n|\n|move|p1a: Porygon-Z|Hidden Power|p2a: Do You Even Liek\n|-damage|p2a: Do You Even Liek|281\/401\n|move|p2a: Do You Even Liek|Toxic|p1a: Porygon-Z\n|-status|p1a: Porygon-Z|tox\n|\n|-heal|p2a: Do You Even Liek|306\/401|[from] item: Leftovers\n|-damage|p1a: Porygon-Z|293\/312 tox|[from] psn\n|turn|2\n|\n|move|p1a: Porygon-Z|Ice Beam|p2a: Do You Even Liek\n|-damage|p2a: Do You Even Liek|126\/401\n|move|p2a: Do You Even Liek|Stealth Rock|p1a: Porygon-Z\n|-sidestart|p1: Pokeintelligence|move: Stealth Rock\n|\n|-heal|p2a: Do You Even Liek|151\/401|[from] item: Leftovers\n|-damage|p1a: Porygon-Z|255\/312 tox|[from] psn\n|turn|3\n|\n|switch|p2a: Rufus|Entei, shiny|386\/386\n|-ability|p2a: Rufus|Pressure\n|move|p1a: Porygon-Z|Ice Beam|p2a: Rufus\n|-resisted|p2a: Rufus\n|-damage|p2a: Rufus|270\/386\n|\n|-heal|p2a: Rufus|294\/386|[from] item: Leftovers\n|-damage|p1a: Porygon-Z|198\/312 tox|[from] psn\n|turn|4\n|\n|switch|p2a: Do You Even Liek|Swampert, M|151\/401\n|move|p1a: Porygon-Z|Hidden Power|p2a: Do You Even Liek\n|-damage|p2a: Do You Even Liek|27\/401\n|\n|-heal|p2a: Do You Even Liek|52\/401|[from] item: Leftovers\n|-damage|p1a: Porygon-Z|122\/312 tox|[from] psn\n|-enditem|p1a: Porygon-Z|Sitrus Berry|[eat]\n|-heal|p1a: Porygon-Z|200\/312 tox|[from] item: Sitrus Berry\n|turn|5\n|join|kendil\n|c|\u2605Pokeintelligence|Hi kendil\n|\n|switch|p2a: Menace|Scizor, M|343\/343\n|move|p1a: Porygon-Z|Ice Beam|p2a: Menace\n|-resisted|p2a: Menace\n|-damage|p2a: Menace|251\/343\n|\n|-heal|p2a: Menace|272\/343|[from] item: Leftovers\n|-damage|p1a: Porygon-Z|105\/312 tox|[from] psn\n|turn|6\n|\n|move|p1a: Porygon-Z|Hidden Power|p2a: Menace\n|-damage|p2a: Menace|149\/343\n|move|p2a: Menace|U-turn|p1a: Porygon-Z\n|-crit|p1a: Porygon-Z\n|-damage|p1a: Porygon-Z|0 fnt\n|faint|p1a: Porygon-Z\n|\n|switch|p2a: Precious|Hydreigon, F|349\/349\n|\n|c|\u2605Pokeintelligence|Dude , challenge bizarre blaziken after this\n|\n|switch|p1a: Garchomp|Garchomp, M|357\/357\n|-damage|p1a: Garchomp|335\/357|[from] Stealth Rock\n|turn|7\n|c|\u2605Ohmboy Tesla|hahah, ok, I'll see if I still have some time :D\n|\n|switch|p2a: no more tears|Togekiss, F|373\/373\n|detailschange|p1a: Garchomp|Garchomp-Mega, M\n|-mega|p1a: Garchomp|Garchomp|Garchompite\n|move|p1a: Garchomp|Dragon Claw|p2a: no more tears\n|-immune|p2a: no more tears|[msg]\n|\n|turn|8\n|\n|move|p1a: Garchomp|Poison Jab|p2a: no more tears\n|-supereffective|p2a: no more tears\n|-damage|p2a: no more tears|109\/373\n|-status|p2a: no more tears|psn\n|move|p2a: no more tears|Air Slash|p1a: Garchomp\n|-damage|p1a: Garchomp|226\/357\n|\n|-heal|p2a: no more tears|132\/373 psn|[from] item: Leftovers\n|-damage|p2a: no more tears|86\/373 psn|[from] psn\n|turn|9\n|\n|move|p1a: Garchomp|Brick Break|p2a: no more tears\n|-resisted|p2a: no more tears\n|-damage|p2a: no more tears|57\/373 psn\n|move|p2a: no more tears|Dazzling Gleam|p1a: Garchomp\n|-supereffective|p1a: Garchomp\n|-damage|p1a: Garchomp|0 fnt\n|faint|p1a: Garchomp\n|\n|-heal|p2a: no more tears|80\/373 psn|[from] item: Leftovers\n|-damage|p2a: no more tears|34\/373 psn|[from] psn\n|\n|switch|p1a: Clefable|Clefable, M|393\/393\n|turn|10\n|\n|move|p2a: no more tears|Thunder Wave|p1a: Clefable\n|-status|p1a: Clefable|par\n|move|p1a: Clefable|Toxic|p2a: no more tears\n|-fail|p2a: no more tears\n|\n|-heal|p2a: no more tears|57\/373 psn|[from] item: Leftovers\n|-damage|p2a: no more tears|11\/373 psn|[from] psn\n|turn|11\n|\n|move|p2a: no more tears|Air Slash|p1a: Clefable\n|-crit|p1a: Clefable\n|-damage|p1a: Clefable|257\/393 par\n|cant|p1a: Clefable|flinch\n|\n|-heal|p2a: no more tears|34\/373 psn|[from] item: Leftovers\n|-damage|p2a: no more tears|0 fnt|[from] psn\n|faint|p2a: no more tears\n|\n|switch|p2a: Menace|Scizor, M|149\/343\n|turn|12\n|\n|move|p2a: Menace|Roost|p2a: Menace\n|-heal|p2a: Menace|321\/343\n|move|p1a: Clefable|Counter|p2a: Menace\n|-fail|p2a: Menace\n|\n|-heal|p2a: Menace|342\/343|[from] item: Leftovers\n|turn|13\n|\n|move|p2a: Menace|U-turn|p1a: Clefable\n|-resisted|p1a: Clefable\n|-damage|p1a: Clefable|179\/393 par\n|-damage|p2a: Menace|285\/343|[from] item: Rocky Helmet|[of] p1a: Clefable\n|\n|switch|p2a: Do You Even Liek|Swampert, M|52\/401\n|move|p1a: Clefable|Counter|p2a: Do You Even Liek\n|-damage|p2a: Do You Even Liek|0 fnt\n|faint|p2a: Do You Even Liek\n|\n|\n|switch|p2a: Berta|Venusaur, F|363\/363\n|turn|14\n|\n|detailschange|p2a: Berta|Venusaur-Mega, F\n|-mega|p2a: Berta|Venusaur|Venusaurite\n|move|p2a: Berta|Sludge Bomb|p1a: Clefable\n|-supereffective|p1a: Clefable\n|-damage|p1a: Clefable|0 fnt\n|faint|p1a: Clefable\n|\n|\n|switch|p1a: Starmie|Starmie|261\/261\n|-damage|p1a: Starmie|229\/261|[from] Stealth Rock\n|turn|15\n|\n|move|p1a: Starmie|Psychic|p2a: Berta\n|-supereffective|p2a: Berta\n|-damage|p2a: Berta|117\/363\n|move|p2a: Berta|Giga Drain|p1a: Starmie\n|-supereffective|p1a: Starmie\n|-damage|p1a: Starmie|11\/261\n|-heal|p2a: Berta|226\/363|[from] drain|[of] p1a: Starmie\n|-enditem|p1a: Starmie|Sitrus Berry|[eat]\n|-heal|p1a: Starmie|76\/261|[from] item: Sitrus Berry\n|\n|turn|16\n|\n|switch|p2a: Menace|Scizor, M|285\/343\n|move|p1a: Starmie|Psychic|p2a: Menace\n|-resisted|p2a: Menace\n|-damage|p2a: Menace|213\/343\n|\n|-heal|p2a: Menace|234\/343|[from] item: Leftovers\n|turn|17\n|\n|move|p1a: Starmie|Scald|p2a: Menace\n|-damage|p2a: Menace|114\/343\n|-status|p2a: Menace|brn\n|move|p2a: Menace|U-turn|p1a: Starmie\n|-supereffective|p1a: Starmie\n|-damage|p1a: Starmie|0 fnt\n|faint|p1a: Starmie\n|\n|switch|p2a: Precious|Hydreigon, F|349\/349\n|\n|\n|switch|p1a: Arcanine|Arcanine, F|384\/384\n|-damage|p1a: Arcanine|288\/384|[from] Stealth Rock\n|-ability|p1a: Arcanine|Intimidate|[of] p2a: Precious\n|-unboost|p2a: Precious|atk|1\n|turn|18\n|\n|move|p2a: Precious|Earth Power|p1a: Arcanine\n|-supereffective|p1a: Arcanine\n|-damage|p1a: Arcanine|16\/384\n|-unboost|p1a: Arcanine|spd|1\n|move|p1a: Arcanine|Hidden Power|p2a: Precious\n|-supereffective|p2a: Precious\n|-damage|p2a: Precious|217\/349\n|\n|-heal|p1a: Arcanine|40\/384|[from] item: Leftovers\n|turn|19\n|leave|kendil\n|\n|switch|p2a: Menace|Scizor, M|114\/343 brn\n|move|p1a: Arcanine|Hidden Power|p2a: Menace\n|-resisted|p2a: Menace\n|-damage|p2a: Menace|87\/343 brn\n|\n|-heal|p1a: Arcanine|64\/384|[from] item: Leftovers\n|-heal|p2a: Menace|108\/343 brn|[from] item: Leftovers\n|-damage|p2a: Menace|66\/343 brn|[from] brn\n|turn|20\n|\n|move|p1a: Arcanine|Extreme Speed|p2a: Menace\n|-resisted|p2a: Menace\n|-damage|p2a: Menace|36\/343 brn\n|move|p2a: Menace|Bullet Punch|p1a: Arcanine\n|-resisted|p1a: Arcanine\n|-damage|p1a: Arcanine|36\/384\n|\n|-heal|p1a: Arcanine|60\/384|[from] item: Leftovers\n|-heal|p2a: Menace|57\/343 brn|[from] item: Leftovers\n|-damage|p2a: Menace|15\/343 brn|[from] brn\n|turn|21\n|\n|move|p2a: Menace|Bullet Punch|p1a: Arcanine\n|-resisted|p1a: Arcanine\n|-damage|p1a: Arcanine|33\/384\n|move|p1a: Arcanine|Flamethrower|p2a: Menace\n|-supereffective|p2a: Menace\n|-damage|p2a: Menace|0 fnt\n|faint|p2a: Menace\n|\n|-heal|p1a: Arcanine|57\/384|[from] item: Leftovers\n|\n|switch|p2a: Rufus|Entei, shiny|294\/386\n|-ability|p2a: Rufus|Pressure\n|turn|22\n|\n|move|p2a: Rufus|Extreme Speed|p1a: Arcanine\n|-damage|p1a: Arcanine|0 fnt\n|faint|p1a: Arcanine\n|\n|-heal|p2a: Rufus|318\/386|[from] item: Leftovers\n|\n|switch|p1a: Crobat|Crobat, M|374\/374\n|-damage|p1a: Crobat|281\/374|[from] Stealth Rock\n|turn|23\n|\n|move|p1a: Crobat|Protect|p1a: Crobat\n|-singleturn|p1a: Crobat|Protect\n|move|p2a: Rufus|Sacred Fire|p1a: Crobat\n|-activate|p1a: Crobat|Protect\n|\n|-heal|p2a: Rufus|342\/386|[from] item: Leftovers\n|turn|24\n|\n|move|p1a: Crobat|Cross Poison|p2a: Rufus\n|-crit|p2a: Rufus\n|-damage|p2a: Rufus|203\/386\n|move|p2a: Rufus|Sacred Fire|p1a: Crobat|[miss]\n|-miss|p2a: Rufus|p1a: Crobat\n|\n|-heal|p2a: Rufus|227\/386|[from] item: Leftovers\n|turn|25\n|\n|move|p1a: Crobat|Cross Poison|p2a: Rufus\n|-damage|p2a: Rufus|148\/386\n|move|p2a: Rufus|Sacred Fire|p1a: Crobat\n|-damage|p1a: Crobat|58\/374\n|\n|-heal|p2a: Rufus|172\/386|[from] item: Leftovers\n|turn|26\n|\n|move|p2a: Rufus|Extreme Speed|p1a: Crobat\n|-damage|p1a: Crobat|0 fnt\n|faint|p1a: Crobat\n|\n|win|Ohmboy Tesla\n|c|\u2605Ohmboy Tesla|gg\n|c|\u2605Pokeintelligence|dude challenge bizarre blaziken","inputlog":null,"uploadtime":1426509739,"views":0,"p1id":"pokeintelligence","p2id":"ohmboytesla","formatid":"ou","rating":0,"private":0,"password":null}