{"id":"ou-253479856","p1":"The Teal Scizor","p2":"AM22","format":"ou","log":"|join|The Teal Scizor\n|join|AM22\n|player|p1|The Teal Scizor|270\n|player|p2|AM22|50\n|gametype|singles\n|gen|6\n|tier|OU\n|clearpoke\n|poke|p1|Raikou, shiny\n|poke|p1|Garchomp, F\n|poke|p1|Altaria, F, shiny\n|poke|p1|Rotom-Wash, shiny\n|poke|p1|Talonflame, F\n|poke|p1|Weavile, M\n|poke|p2|Gengar, M, shiny\n|poke|p2|Thundurus, M, shiny\n|poke|p2|Metagross, shiny\n|poke|p2|Heatran, M, shiny\n|poke|p2|Breloom, F, shiny\n|poke|p2|Weavile, F, shiny\n|rule|Swagger Clause: Swagger is banned\n|rule|Baton Pass Clause: Limit one Baton Passer, can't pass Spe and other stats simultaneously\n|rule|Sleep Clause Mod: Limit one foe put to sleep\n|rule|Species Clause: Limit one of each Pok\u00e9mon\n|rule|OHKO Clause: OHKO moves are banned\n|rule|Moody Clause: Moody is banned\n|rule|Evasion Moves Clause: Evasion moves are banned\n|rule|Endless Battle Clause: Forcing endless battles is banned\n|rule|HP Percentage Mod: HP is shown in percentages\n|teampreview\n|c|\u2605AM22|yea I'm kinda screwed\n|\n|start\n|switch|p1a: bird|Talonflame, F|360\/360\n|switch|p2a: Toaster|Heatran, M, shiny|385\/385\n|-item|p2a: Toaster|Air Balloon\n|turn|1\n|\n|move|p1a: bird|Taunt|p2a: Toaster\n|-start|p2a: Toaster|move: Taunt\n|cant|p2a: Toaster|move: Taunt|Stealth Rock\n|\n|turn|2\n|\n|switch|p1a: Chomp|Garchomp, F|420\/420\n|switch|p2a: The Troll|Thundurus, M, shiny|299\/299\n|\n|turn|3\n|\n|switch|p1a: Diego|Raikou, shiny|321\/321\n|-ability|p1a: Diego|Pressure\n|move|p2a: The Troll|Hidden Power|p1a: Diego\n|-damage|p1a: Diego|249\/321\n|\n|turn|4\n|\n|switch|p2a: Toaster|Heatran, M, shiny|385\/385\n|-item|p2a: Toaster|Air Balloon\n|move|p1a: Diego|Volt Switch|p2a: Toaster\n|-damage|p2a: Toaster|217\/385\n|-enditem|p2a: Toaster|Air Balloon\n|\n|switch|p1a: Shredder|Weavile, M|281\/281\n|-ability|p1a: Shredder|Pressure\n|\n|turn|5\n|\n|move|p1a: Shredder|Low Kick|p2a: Toaster\n|-supereffective|p2a: Toaster\n|-damage|p2a: Toaster|0 fnt\n|-damage|p1a: Shredder|253\/281|[from] item: Life Orb\n|faint|p2a: Toaster\n|\n|join|D Milk Dude\n|\n|switch|p2a: Kenneth|Breloom, F, shiny|261\/261\n|turn|6\n|\n|switch|p1a: Google+|Rotom-Wash, shiny|304\/304\n|move|p2a: Kenneth|Mach Punch|p1a: Google+\n|-damage|p1a: Google+|229\/304\n|\n|turn|7\n|\n|move|p2a: Kenneth|Bullet Seed|p1a: Google+\n|-supereffective|p1a: Google+\n|-damage|p1a: Google+|133\/304\n|-supereffective|p1a: Google+\n|-damage|p1a: Google+|49\/304\n|-supereffective|p1a: Google+\n|-damage|p1a: Google+|0 fnt\n|-hitcount|p1a: Google+|3\n|faint|p1a: Google+\n|\n|\n|switch|p1a: bird|Talonflame, F|360\/360\n|turn|8\n|\n|move|p1a: bird|Will-O-Wisp|p2a: Kenneth\n|-status|p2a: Kenneth|brn\n|move|p2a: Kenneth|Rock Tomb|p1a: bird\n|-supereffective|p1a: bird\n|-damage|p1a: bird|78\/360\n|-unboost|p1a: bird|spe|1\n|\n|-heal|p1a: bird|100\/360|[from] item: Leftovers\n|-damage|p2a: Kenneth|229\/261 brn|[from] brn\n|turn|9\n|\n|move|p1a: bird|Roost|p1a: bird\n|-heal|p1a: bird|280\/360\n|move|p2a: Kenneth|Rock Tomb|p1a: bird\n|-supereffective|p1a: bird\n|-damage|p1a: bird|140\/360\n|-unboost|p1a: bird|spe|1\n|\n|-heal|p1a: bird|162\/360|[from] item: Leftovers\n|-damage|p2a: Kenneth|197\/261 brn|[from] brn\n|turn|10\n|\n|move|p1a: bird|Roost|p1a: bird\n|-heal|p1a: bird|342\/360\n|move|p2a: Kenneth|Rock Tomb|p1a: bird\n|-supereffective|p1a: bird\n|-damage|p1a: bird|188\/360\n|-unboost|p1a: bird|spe|1\n|\n|-heal|p1a: bird|210\/360|[from] item: Leftovers\n|-damage|p2a: Kenneth|165\/261 brn|[from] brn\n|turn|11\n|\n|switch|p2a: The Troll|Thundurus, M, shiny|299\/299\n|move|p1a: bird|Roost|p1a: bird\n|-heal|p1a: bird|360\/360\n|\n|turn|12\n|\n|switch|p1a: Diego|Raikou, shiny|249\/321\n|-ability|p1a: Diego|Pressure\n|move|p2a: The Troll|Hidden Power|p1a: Diego\n|-damage|p1a: Diego|180\/321\n|\n|turn|13\n|\n|switch|p2a: Kenneth|Breloom, F, shiny|165\/261 brn\n|move|p1a: Diego|Thunderbolt|p2a: Kenneth\n|-resisted|p2a: Kenneth\n|-damage|p2a: Kenneth|0 fnt\n|faint|p2a: Kenneth\n|\n|\n|switch|p2a: Sanic|Weavile, F, shiny|281\/281\n|-ability|p2a: Sanic|Pressure\n|turn|14\n|\n|switch|p1a: CC|Altaria, F, shiny|291\/291\n|move|p2a: Sanic|Ice Punch|p1a: CC\n|-supereffective|p1a: CC\n|-damage|p1a: CC|0 fnt\n|faint|p1a: CC\n|\n|c| D Milk Dude|ouch\n|\n|switch|p1a: bird|Talonflame, F|360\/360\n|turn|15\n|c|\u2605AM22|ok...\n|\n|switch|p2a: The Troll|Thundurus, M, shiny|299\/299\n|switch|p1a: Diego|Raikou, shiny|180\/321\n|-ability|p1a: Diego|Pressure\n|\n|turn|16\n|\n|move|p1a: Diego|Thunderbolt|p2a: The Troll\n|-damage|p2a: The Troll|37\/299\n|move|p2a: The Troll|Hidden Power|p1a: Diego\n|-damage|p1a: Diego|105\/321\n|\n|-heal|p2a: The Troll|55\/299|[from] item: Leftovers\n|turn|17\n|\n|move|p1a: Diego|Thunderbolt|p2a: The Troll\n|-damage|p2a: The Troll|0 fnt\n|faint|p2a: The Troll\n|\n|\n|switch|p2a: Sanic|Weavile, F, shiny|281\/281\n|-ability|p2a: Sanic|Pressure\n|turn|18\n|\n|switch|p1a: Chomp|Garchomp, F|420\/420\n|move|p2a: Sanic|Ice Punch|p1a: Chomp\n|-supereffective|p1a: Chomp\n|-damage|p1a: Chomp|0 fnt\n|-damage|p2a: Sanic|246\/281|[from] ability: Rough Skin|[of] p1a: Chomp\n|-damage|p2a: Sanic|200\/281|[from] item: Rocky Helmet|[of] p1a: Chomp\n|faint|p1a: Chomp\n|\n|\n|switch|p1a: Shredder|Weavile, M|253\/281\n|-ability|p1a: Shredder|Pressure\n|turn|19\n|\n|switch|p2a: Fantum|Gengar, M, shiny|261\/261\n|move|p1a: Shredder|Low Kick|p2a: Fantum\n|-immune|p2a: Fantum|[msg]\n|\n|turn|20\n|\n|move|p1a: Shredder|Knock Off|p2a: Fantum\n|-supereffective|p2a: Fantum\n|-damage|p2a: Fantum|0 fnt\n|-enditem|p2a: Fantum|Life Orb|[from] move: Knock Off|[of] p1a: Shredder\n|-damage|p1a: Shredder|225\/281|[from] item: Life Orb\n|faint|p2a: Fantum\n|\n|\n|switch|p2a: Metaboss|Metagross, shiny|301\/301\n|turn|21\n|c| D Milk Dude|*insert jeopardy music\n|c|\u2605AM22|^\n|\n|detailschange|p2a: Metaboss|Metagross-Mega, shiny\n|-mega|p2a: Metaboss|Metagross|Metagrossite\n|move|p1a: Shredder|Knock Off|p2a: Metaboss\n|-supereffective|p2a: Metaboss\n|-damage|p2a: Metaboss|83\/301\n|-damage|p1a: Shredder|197\/281|[from] item: Life Orb\n|move|p2a: Metaboss|Meteor Mash|p1a: Shredder\n|-crit|p1a: Shredder\n|-supereffective|p1a: Shredder\n|-damage|p1a: Shredder|0 fnt\n|faint|p1a: Shredder\n|\n|\n|switch|p1a: Diego|Raikou, shiny|105\/321\n|-ability|p1a: Diego|Pressure\n|turn|22\n|\n|move|p1a: Diego|Thunderbolt|p2a: Metaboss\n|-crit|p2a: Metaboss\n|-damage|p2a: Metaboss|0 fnt\n|faint|p2a: Metaboss\n|\n|c|\u2605AM22|welp\n|c|\u2605AM22|thats it for me\n|\n|switch|p2a: Sanic|Weavile, F, shiny|200\/281\n|-ability|p2a: Sanic|Pressure\n|turn|23\n|c| D Milk Dude|nah\n|c| D Milk Dude|weavile is win condition\n|\n|move|p2a: Sanic|Knock Off|p1a: Diego\n|-damage|p1a: Diego|0 fnt\n|-enditem|p1a: Diego|Choice Specs|[from] move: Knock Off|[of] p2a: Sanic\n|faint|p1a: Diego\n|\n|\n|switch|p1a: bird|Talonflame, F|360\/360\n|turn|24\n|c| D Milk Dude|unless you do that\n|\n|move|p2a: Sanic|Knock Off|p1a: bird\n|-damage|p1a: bird|9\/360\n|-enditem|p1a: bird|Leftovers|[from] move: Knock Off|[of] p2a: Sanic\n|move|p1a: bird|Will-O-Wisp|p2a: Sanic\n|-status|p2a: Sanic|brn\n|\n|-damage|p2a: Sanic|165\/281 brn|[from] brn\n|turn|25\n|c| D Milk Dude|or not\n|\n|move|p1a: bird|Roost|p1a: bird\n|-heal|p1a: bird|189\/360\n|move|p2a: Sanic|Knock Off|p1a: bird\n|-damage|p1a: bird|77\/360\n|\n|-damage|p2a: Sanic|130\/281 brn|[from] brn\n|turn|26\n|c| D Milk Dude|why not zoidberg?\n|\n|move|p1a: bird|Roost|p1a: bird\n|-heal|p1a: bird|257\/360\n|move|p2a: Sanic|Knock Off|p1a: bird\n|-damage|p1a: bird|146\/360\n|\n|-damage|p2a: Sanic|95\/281 brn|[from] brn\n|turn|27\n|c|\u2605AM22|its over I'm so done\n|\n|move|p1a: bird|Roost|p1a: bird\n|-heal|p1a: bird|326\/360\n|move|p2a: Sanic|Knock Off|p1a: bird\n|-damage|p1a: bird|216\/360\n|\n|-damage|p2a: Sanic|60\/281 brn|[from] brn\n|turn|28\n|\n|move|p1a: bird|Brave Bird|p2a: Sanic\n|-damage|p2a: Sanic|0 fnt\n|-damage|p1a: bird|196\/360|[from] recoil|[of] p2a: Sanic\n|faint|p2a: Sanic\n|\n|win|The Teal Scizor","inputlog":null,"uploadtime":1438009189,"views":5,"p1id":"thetealscizor","p2id":"am22","formatid":"ou","rating":0,"private":0,"password":null}