{"id":"ou-253292055","p1":"The Teal Scizor","p2":"King Ali 89","format":"ou","log":"|join|The Teal Scizor\n|join|King Ali 89\n|player|p1|The Teal Scizor|270\n|player|p2|King Ali 89|101\n|gametype|singles\n|gen|6\n|tier|OU\n|rated\n|clearpoke\n|poke|p1|Kyurem-Black, shiny\n|poke|p1|Clefable, F, shiny\n|poke|p1|Rotom-Wash\n|poke|p1|Jirachi\n|poke|p1|Conkeldurr, F\n|poke|p1|Latios, M\n|poke|p2|Cofagrigus, M\n|poke|p2|Umbreon, M, shiny\n|poke|p2|Feraligatr, M\n|poke|p2|Articuno, shiny\n|poke|p2|Lucario, M\n|poke|p2|Charizard, M\n|rule|Swagger Clause: Swagger is banned\n|rule|Baton Pass Clause: Limit one Baton Passer, can't pass Spe and other stats simultaneously\n|rule|Sleep Clause Mod: Limit one foe put to sleep\n|rule|Species Clause: Limit one of each Pok\u00e9mon\n|rule|OHKO Clause: OHKO moves are banned\n|rule|Moody Clause: Moody is banned\n|rule|Evasion Moves Clause: Evasion moves are banned\n|rule|Endless Battle Clause: Forcing endless battles is banned\n|rule|HP Percentage Mod: HP is shown in percentages\n|teampreview\n|\n|start\n|switch|p1a: Prison Break|Kyurem-Black, shiny|391\/391\n|switch|p2a: Charizard|Charizard, M|297\/297\n|-ability|p1a: Prison Break|Teravolt\n|turn|1\n|c|\u2605The Teal Scizor|gl hf\n|c|\u2605King Ali 89|u2\n|\n|switch|p2a: Shadow|Umbreon, M, shiny|394\/394\n|move|p1a: Prison Break|Outrage|p2a: Shadow\n|-damage|p2a: Shadow|109\/394\n|-damage|p1a: Prison Break|352\/391|[from] item: Life Orb\n|\n|-heal|p2a: Shadow|133\/394|[from] item: Leftovers\n|turn|2\n|\n|switch|p2a: Cofagrigus|Cofagrigus, M|320\/320\n|move|p1a: Prison Break|Outrage|p2a: Cofagrigus|[from]lockedmove\n|-crit|p2a: Cofagrigus\n|-damage|p2a: Cofagrigus|67\/320\n|-endability|p1a: Prison Break|teravolt|[from] Mummy\n|-ability|p1a: Prison Break|Mummy|[from] Mummy\n|-damage|p1a: Prison Break|313\/391|[from] item: Life Orb\n|\n|-heal|p2a: Cofagrigus|87\/320|[from] item: Leftovers\n|turn|3\n|\n|move|p1a: Prison Break|Outrage|p2a: Cofagrigus|[from]lockedmove\n|-damage|p2a: Cofagrigus|0 fnt\n|-damage|p1a: Prison Break|274\/391|[from] item: Life Orb\n|-start|p1a: Prison Break|confusion|[fatigue]\n|faint|p2a: Cofagrigus\n|\n|c|\u2605The Teal Scizor|sorry\n|\n|switch|p2a: War Bandit|Lucario, M|281\/281\n|turn|4\n|\n|-activate|p1a: Prison Break|confusion\n|move|p1a: Prison Break|Earth Power|p2a: War Bandit\n|-supereffective|p2a: War Bandit\n|-damage|p2a: War Bandit|0 fnt\n|-damage|p1a: Prison Break|235\/391|[from] item: Life Orb\n|faint|p2a: War Bandit\n|\n|\n|switch|p2a: Feraligatr|Feraligatr, M|311\/311\n|turn|5\n|\n|switch|p1a: Google+|Rotom-Wash|304\/304\n|move|p2a: Feraligatr|Dragon Dance|p2a: Feraligatr\n|-boost|p2a: Feraligatr|atk|1\n|-boost|p2a: Feraligatr|spe|1\n|\n|turn|6\n|\n|move|p2a: Feraligatr|Crunch|p1a: Google+\n|-damage|p1a: Google+|138\/304\n|move|p1a: Google+|Will-O-Wisp|p2a: Feraligatr\n|-status|p2a: Feraligatr|brn\n|\n|-damage|p2a: Feraligatr|273\/311 brn|[from] brn\n|turn|7\n|\n|move|p2a: Feraligatr|Crunch|p1a: Google+\n|-damage|p1a: Google+|57\/304\n|move|p1a: Google+|Rest|p1a: Google+\n|-status|p1a: Google+|slp\n|-heal|p1a: Google+|304\/304 slp|[silent]\n|-status|p1a: Google+|slp|[from] move: Rest\n|-enditem|p1a: Google+|Chesto Berry|[eat]\n|-curestatus|p1a: Google+|slp\n|\n|-damage|p2a: Feraligatr|235\/311 brn|[from] brn\n|turn|8\n|\n|switch|p2a: Shadow|Umbreon, M, shiny|133\/394\n|move|p1a: Google+|Volt Switch|p2a: Shadow\n|-damage|p2a: Shadow|82\/394\n|\n|switch|p1a: Bubblegum|Clefable, F, shiny|394\/394\n|\n|-heal|p2a: Shadow|106\/394|[from] item: Leftovers\n|turn|9\n|\n|move|p2a: Shadow|Moonlight|p2a: Shadow\n|-heal|p2a: Shadow|303\/394\n|move|p1a: Bubblegum|Stealth Rock|p2a: Shadow\n|-sidestart|p2: King Ali 89|move: Stealth Rock\n|\n|-heal|p2a: Shadow|327\/394|[from] item: Leftovers\n|turn|10\n|\n|move|p2a: Shadow|Heal Bell|p2a: Shadow\n|-cureteam|p2a: Shadow|[from] move: HealBell\n|move|p1a: Bubblegum|Moonblast|p2a: Shadow\n|-supereffective|p2a: Shadow\n|-damage|p2a: Shadow|193\/394\n|\n|-heal|p2a: Shadow|217\/394|[from] item: Leftovers\n|turn|11\n|\n|switch|p2a: Phoenix|Articuno, shiny|384\/384\n|-damage|p2a: Phoenix|192\/384|[from] Stealth Rock\n|-ability|p2a: Phoenix|Pressure\n|move|p1a: Bubblegum|Moonblast|p2a: Phoenix\n|-damage|p2a: Phoenix|122\/384\n|-unboost|p2a: Phoenix|spa|1\n|\n|-heal|p2a: Phoenix|146\/384|[from] item: Leftovers\n|turn|12\n|\n|move|p2a: Phoenix|Defog|p1a: Bubblegum\n|-unboost|p1a: Bubblegum|evasion|1\n|-sideend|p2: King Ali 89|Stealth Rock|[from] move: Defog|[of] p2a: Phoenix\n|move|p1a: Bubblegum|Wish|p1a: Bubblegum\n|\n|-heal|p2a: Phoenix|170\/384|[from] item: Leftovers\n|turn|13\n|\n|move|p2a: Phoenix|Roost|p2a: Phoenix\n|-heal|p2a: Phoenix|362\/384\n|move|p1a: Bubblegum|Stealth Rock|p2a: Phoenix\n|-sidestart|p2: King Ali 89|move: Stealth Rock\n|\n|-heal|p2a: Phoenix|384\/384|[from] item: Leftovers\n|turn|14\n|\n|move|p2a: Phoenix|Hurricane|p1a: Bubblegum\n|-damage|p1a: Bubblegum|289\/394\n|move|p1a: Bubblegum|Wish|p1a: Bubblegum\n|\n|-heal|p1a: Bubblegum|313\/394|[from] item: Leftovers\n|turn|15\n|\n|switch|p1a: Prison Break|Kyurem-Black, shiny|235\/391\n|-ability|p1a: Prison Break|Teravolt\n|move|p2a: Phoenix|Hurricane|p1a: Prison Break\n|-damage|p1a: Prison Break|130\/391\n|\n|-heal|p1a: Prison Break|327\/391|[from] move: Wish|[wisher] Bubblegum\n|turn|16\n|\n|move|p1a: Prison Break|Fusion Bolt|p2a: Phoenix\n|-supereffective|p2a: Phoenix\n|-damage|p2a: Phoenix|51\/384\n|-damage|p1a: Prison Break|288\/391|[from] item: Life Orb\n|move|p2a: Phoenix|Defog|p1a: Prison Break\n|-unboost|p1a: Prison Break|evasion|1\n|-sideend|p2: King Ali 89|Stealth Rock|[from] move: Defog|[of] p2a: Phoenix\n|\n|-heal|p2a: Phoenix|75\/384|[from] item: Leftovers\n|turn|17\n|\n|move|p1a: Prison Break|Ice Beam|p2a: Phoenix\n|-damage|p2a: Phoenix|0 fnt\n|-damage|p1a: Prison Break|249\/391|[from] item: Life Orb\n|faint|p2a: Phoenix\n|\n|\n|switch|p2a: Charizard|Charizard, M|297\/297\n|turn|18\n|\n|move|p1a: Prison Break|Outrage|p2a: Charizard\n|-damage|p2a: Charizard|0 fnt\n|-damage|p1a: Prison Break|210\/391|[from] item: Life Orb\n|faint|p2a: Charizard\n|\n|\n|switch|p2a: Feraligatr|Feraligatr, M|235\/311\n|turn|19\n|c|\u2605The Teal Scizor|nope\n|\n|move|p1a: Prison Break|Outrage|p2a: Feraligatr|[from]lockedmove\n|-damage|p2a: Feraligatr|0 fnt\n|-damage|p1a: Prison Break|171\/391|[from] item: Life Orb\n|faint|p2a: Feraligatr\n|\n|c|\u2605King Ali 89|gg\n|-message|King Ali 89 forfeited.\n|\n|win|The Teal Scizor\n|raw|Ladder updating...\n|leave|King Ali 89\n|player|p2\n|raw|Ladder (probably) updated, but score could not be retrieved (Response not received).","inputlog":null,"uploadtime":1437948304,"views":0,"p1id":"thetealscizor","p2id":"kingali89","formatid":"ou","rating":0,"private":0,"password":null}