{"id":"ou-239672752","p1":"The Teal Scizor","p2":"willy289","format":"ou","log":"|join|The Teal Scizor\n|join|willy289\n|player|p1|The Teal Scizor|70\n|player|p2|willy289|65\n|gametype|singles\n|gen|6\n|tier|OU\n|rated\n|clearpoke\n|poke|p1|Kyurem-Black, shiny\n|poke|p1|Clefable, F, shiny\n|poke|p1|Rotom-Wash\n|poke|p1|Jirachi\n|poke|p1|Conkeldurr, F\n|poke|p1|Latios, M\n|poke|p2|Conkeldurr, M\n|poke|p2|Garchomp, M\n|poke|p2|Sableye, F\n|poke|p2|Venusaur, M\n|poke|p2|Slowbro, M\n|poke|p2|Tornadus-Therian, M\n|rule|Swagger Clause: Swagger is banned\n|rule|Baton Pass Clause: Limit one Pok\u00e9mon knowing Baton Pass\n|rule|Sleep Clause Mod: Limit one foe put to sleep\n|rule|Species Clause: Limit one of each Pok\u00e9mon\n|rule|OHKO Clause: OHKO moves are banned\n|rule|Moody Clause: Moody is banned\n|rule|Evasion Moves Clause: Evasion moves are banned\n|rule|Endless Battle Clause: Forcing endless battles is banned\n|rule|HP Percentage Mod: HP is shown in percentages\n|teampreview\n|c|\u2605The Teal Scizor|gl bro\n|\n|start\n|switch|p1a: Gucci|Latios, M|301\/301\n|switch|p2a: Conkeldurr|Conkeldurr, M|351\/351\n|turn|1\n|\n|move|p1a: Gucci|Dragon Pulse|p2a: Conkeldurr\n|-damage|p2a: Conkeldurr|215\/351\n|-damage|p1a: Gucci|271\/301|[from] item: Life Orb\n|move|p2a: Conkeldurr|Ice Punch|p1a: Gucci\n|-supereffective|p1a: Gucci\n|-damage|p1a: Gucci|87\/301\n|\n|turn|2\n|\n|move|p1a: Gucci|Psyshock|p2a: Conkeldurr\n|-supereffective|p2a: Conkeldurr\n|-damage|p2a: Conkeldurr|0 fnt\n|-damage|p1a: Gucci|57\/301|[from] item: Life Orb\n|faint|p2a: Conkeldurr\n|\n|\n|switch|p2a: Tornadus-Therian|Tornadus-Therian, M|300\/300\n|turn|3\n|\n|move|p2a: Tornadus-Therian|Air Slash|p1a: Gucci\n|-damage|p1a: Gucci|0 fnt\n|faint|p1a: Gucci\n|\n|\n|switch|p1a: Prison Break|Kyurem-Black, shiny|391\/391\n|-ability|p1a: Prison Break|Teravolt\n|turn|4\n|\n|switch|p2a: Slowbro|Slowbro, M|331\/331\n|move|p1a: Prison Break|Ice Beam|p2a: Slowbro\n|-resisted|p2a: Slowbro\n|-damage|p2a: Slowbro|245\/331\n|-damage|p1a: Prison Break|352\/391|[from] item: Life Orb\n|\n|-heal|p2a: Slowbro|265\/331|[from] item: Leftovers\n|turn|5\n|\n|switch|p1a: Google+|Rotom-Wash|304\/304\n|move|p2a: Slowbro|Yawn|p1a: Google+\n|-start|p1a: Google+|move: Yawn|[of] p2a: Slowbro\n|\n|-heal|p2a: Slowbro|285\/331|[from] item: Leftovers\n|turn|6\n|\n|move|p1a: Google+|Volt Switch|p2a: Slowbro\n|-supereffective|p2a: Slowbro\n|-damage|p2a: Slowbro|153\/331\n|\n|switch|p1a: Blubblegum|Clefable, F, shiny|394\/394\n|move|p2a: Slowbro|Slack Off|p2a: Slowbro\n|-heal|p2a: Slowbro|319\/331\n|\n|-heal|p2a: Slowbro|331\/331|[from] item: Leftovers\n|turn|7\n|\n|switch|p2a: Venusaur|Venusaur, M|302\/302\n|move|p1a: Blubblegum|Stealth Rock|p2a: Venusaur\n|-sidestart|p2: willy289|move: Stealth Rock\n|\n|turn|8\n|\n|switch|p1a: Blue Moon|Jirachi|341\/341\n|detailschange|p2a: Venusaur|Venusaur-Mega, M\n|-mega|p2a: Venusaur|Venusaur|Venusaurite\n|move|p2a: Venusaur|Sludge Bomb|p1a: Blue Moon\n|-immune|p1a: Blue Moon|[msg]\n|\n|turn|9\n|\n|move|p1a: Blue Moon|U-turn|p2a: Venusaur\n|-damage|p2a: Venusaur|253\/302\n|\n|switch|p1a: Power Drink|Conkeldurr, F|413\/413\n|move|p2a: Venusaur|Leech Seed|p1a: Power Drink\n|-start|p1a: Power Drink|move: Leech Seed\n|\n|-damage|p1a: Power Drink|362\/413|[from] Leech Seed|[of] p2a: Venusaur\n|-heal|p2a: Venusaur|302\/302|[silent]\n|turn|10\n|\n|move|p2a: Venusaur|Toxic|p1a: Power Drink\n|-status|p1a: Power Drink|tox\n|move|p1a: Power Drink|Ice Punch|p2a: Venusaur\n|-supereffective|p2a: Venusaur\n|-damage|p2a: Venusaur|200\/302\n|\n|-damage|p1a: Power Drink|311\/413 tox|[from] Leech Seed|[of] p2a: Venusaur\n|-heal|p2a: Venusaur|251\/302|[silent]\n|-damage|p1a: Power Drink|286\/413 tox|[from] psn\n|turn|11\n|\n|move|p2a: Venusaur|Protect|p2a: Venusaur\n|-singleturn|p2a: Venusaur|Protect\n|move|p1a: Power Drink|Ice Punch|p2a: Venusaur\n|-activate|p2a: Venusaur|Protect\n|\n|-damage|p1a: Power Drink|235\/413 tox|[from] Leech Seed|[of] p2a: Venusaur\n|-heal|p2a: Venusaur|302\/302|[silent]\n|-damage|p1a: Power Drink|185\/413 tox|[from] psn\n|turn|12\n|\n|move|p2a: Venusaur|Leech Seed|p1a: Power Drink\n|-fail|p1a: Power Drink\n|move|p1a: Power Drink|Ice Punch|p2a: Venusaur\n|-supereffective|p2a: Venusaur\n|-damage|p2a: Venusaur|190\/302\n|\n|-damage|p1a: Power Drink|134\/413 tox|[from] Leech Seed|[of] p2a: Venusaur\n|-heal|p2a: Venusaur|241\/302|[silent]\n|-damage|p1a: Power Drink|59\/413 tox|[from] psn\n|turn|13\n|\n|switch|p1a: Prison Break|Kyurem-Black, shiny|352\/391\n|-ability|p1a: Prison Break|Teravolt\n|move|p2a: Venusaur|Leech Seed|p1a: Prison Break\n|-start|p1a: Prison Break|move: Leech Seed\n|\n|-damage|p1a: Prison Break|304\/391|[from] Leech Seed|[of] p2a: Venusaur\n|-heal|p2a: Venusaur|289\/302|[silent]\n|turn|14\n|\n|switch|p1a: Power Drink|Conkeldurr, F|59\/413 tox\n|move|p2a: Venusaur|Protect|p2a: Venusaur\n|-fail|p2a: Venusaur\n|\n|-damage|p1a: Power Drink|34\/413 tox|[from] psn\n|turn|15\n|\n|move|p2a: Venusaur|Protect|p2a: Venusaur\n|-singleturn|p2a: Venusaur|Protect\n|move|p1a: Power Drink|Mach Punch|p2a: Venusaur\n|-activate|p2a: Venusaur|Protect\n|\n|-damage|p1a: Power Drink|0 fnt|[from] psn\n|faint|p1a: Power Drink\n|\n|switch|p1a: Prison Break|Kyurem-Black, shiny|304\/391\n|-ability|p1a: Prison Break|Teravolt\n|turn|16\n|\n|switch|p2a: Slowbro|Slowbro, M|331\/331\n|-damage|p2a: Slowbro|290\/331|[from] Stealth Rock\n|move|p1a: Prison Break|Outrage|p2a: Slowbro\n|-damage|p2a: Slowbro|55\/331\n|-damage|p1a: Prison Break|265\/391|[from] item: Life Orb\n|\n|-heal|p2a: Slowbro|75\/331|[from] item: Leftovers\n|turn|17\n|\n|switch|p2a: Venusaur|Venusaur-Mega, M|289\/302\n|-damage|p2a: Venusaur|252\/302|[from] Stealth Rock\n|move|p1a: Prison Break|Outrage|p2a: Venusaur\n|-damage|p2a: Venusaur|61\/302\n|-damage|p1a: Prison Break|226\/391|[from] item: Life Orb\n|\n|turn|18\n|\n|switch|p2a: Slowbro|Slowbro, M|185\/331\n|-damage|p2a: Slowbro|144\/331|[from] Stealth Rock\n|move|p1a: Prison Break|Outrage|p2a: Slowbro\n|-damage|p2a: Slowbro|0 fnt\n|-damage|p1a: Prison Break|187\/391|[from] item: Life Orb\n|-start|p1a: Prison Break|confusion|[fatigue]\n|faint|p2a: Slowbro\n|\n|\n|switch|p2a: Venusaur|Venusaur-Mega, M|61\/302\n|-damage|p2a: Venusaur|24\/302|[from] Stealth Rock\n|turn|19\n|\n|switch|p1a: Blue Moon|Jirachi|341\/341\n|move|p2a: Venusaur|Leech Seed|p1a: Blue Moon\n|-start|p1a: Blue Moon|move: Leech Seed\n|\n|-damage|p1a: Blue Moon|299\/341|[from] Leech Seed|[of] p2a: Venusaur\n|-heal|p2a: Venusaur|66\/302|[silent]\n|turn|20\n|\n|switch|p1a: Prison Break|Kyurem-Black, shiny|187\/391\n|-ability|p1a: Prison Break|Teravolt\n|move|p2a: Venusaur|Protect|p2a: Venusaur\n|-fail|p2a: Venusaur\n|\n|turn|21\n|\n|move|p1a: Prison Break|Outrage|p2a: Venusaur\n|-damage|p2a: Venusaur|0 fnt\n|-damage|p1a: Prison Break|148\/391|[from] item: Life Orb\n|faint|p2a: Venusaur\n|\n|\n|switch|p2a: Sableye|Sableye, F|304\/304\n|-damage|p2a: Sableye|266\/304|[from] Stealth Rock\n|turn|22\n|\n|move|p2a: Sableye|Will-O-Wisp|p1a: Prison Break\n|-status|p1a: Prison Break|brn\n|move|p1a: Prison Break|Outrage|p2a: Sableye\n|-damage|p2a: Sableye|70\/304\n|-damage|p1a: Prison Break|109\/391 brn|[from] item: Life Orb\n|-start|p1a: Prison Break|confusion|[fatigue]\n|\n|-heal|p2a: Sableye|89\/304|[from] item: Leftovers\n|-damage|p1a: Prison Break|61\/391 brn|[from] brn\n|turn|23\n|\n|move|p2a: Sableye|Recover|p2a: Sableye\n|-heal|p2a: Sableye|241\/304\n|-activate|p1a: Prison Break|confusion\n|-damage|p1a: Prison Break|29\/391 brn|[from] confusion\n|\n|-heal|p2a: Sableye|260\/304|[from] item: Leftovers\n|-damage|p1a: Prison Break|0 fnt|[from] brn\n|faint|p1a: Prison Break\n|\n|switch|p1a: Blubblegum|Clefable, F, shiny|394\/394\n|turn|24\n|\n|move|p1a: Blubblegum|Moonblast|p2a: Sableye\n|-supereffective|p2a: Sableye\n|-damage|p2a: Sableye|0 fnt\n|faint|p2a: Sableye\n|\n|\n|switch|p2a: Tornadus-Therian|Tornadus-Therian, M|300\/300\n|-damage|p2a: Tornadus-Therian|225\/300|[from] Stealth Rock\n|turn|25\n|\n|switch|p1a: Google+|Rotom-Wash|304\/304\n|move|p2a: Tornadus-Therian|Air Slash|p1a: Google+\n|-resisted|p1a: Google+\n|-damage|p1a: Google+|244\/304\n|\n|turn|26\n|\n|move|p2a: Tornadus-Therian|Air Slash|p1a: Google+\n|-resisted|p1a: Google+\n|-damage|p1a: Google+|187\/304\n|move|p1a: Google+|Will-O-Wisp|p2a: Tornadus-Therian|[miss]\n|-miss|p1a: Google+|p2a: Tornadus-Therian\n|\n|turn|27\n|\n|move|p2a: Tornadus-Therian|Air Slash|p1a: Google+\n|-resisted|p1a: Google+\n|-damage|p1a: Google+|133\/304\n|move|p1a: Google+|Will-O-Wisp|p2a: Tornadus-Therian|[miss]\n|-miss|p1a: Google+|p2a: Tornadus-Therian\n|\n|turn|28\n|\n|move|p2a: Tornadus-Therian|Air Slash|p1a: Google+\n|-resisted|p1a: Google+\n|-damage|p1a: Google+|74\/304\n|move|p1a: Google+|Will-O-Wisp|p2a: Tornadus-Therian\n|-status|p2a: Tornadus-Therian|brn\n|\n|-damage|p2a: Tornadus-Therian|188\/300 brn|[from] brn\n|turn|29\n|\n|move|p2a: Tornadus-Therian|Air Slash|p1a: Google+\n|-resisted|p1a: Google+\n|-damage|p1a: Google+|19\/304\n|move|p1a: Google+|Rest|p1a: Google+\n|-status|p1a: Google+|slp\n|-heal|p1a: Google+|304\/304 slp|[silent]\n|-status|p1a: Google+|slp|[from] move: Rest\n|-enditem|p1a: Google+|Chesto Berry|[eat]\n|-curestatus|p1a: Google+|slp\n|\n|-damage|p2a: Tornadus-Therian|151\/300 brn|[from] brn\n|turn|30\n|\n|move|p2a: Tornadus-Therian|Air Slash|p1a: Google+\n|-resisted|p1a: Google+\n|-damage|p1a: Google+|247\/304\n|move|p1a: Google+|Volt Switch|p2a: Tornadus-Therian\n|-supereffective|p2a: Tornadus-Therian\n|-damage|p2a: Tornadus-Therian|0 fnt\n|faint|p2a: Tornadus-Therian\n|\n|switch|p1a: Blue Moon|Jirachi|299\/341\n|\n|-message|willy289 forfeited.\n|\n|win|The Teal Scizor\n|raw|Ladder updating...\n|leave|willy289\n|player|p2\n|raw|The Teal Scizor's rating: 1104 &rarr; <strong>1126<\/strong><br \/>(+22 for winning)\n|raw|willy289's rating: 1061 &rarr; <strong>1044<\/strong><br \/>(-17 for losing)","inputlog":null,"uploadtime":1433993264,"views":1,"p1id":"thetealscizor","p2id":"willy289","formatid":"ou","rating":1044,"private":0,"password":null}