{"id":"ou-218515945","p1":"Ohmboy Tesla","p2":"Azelfma","format":"ou","log":"|join|Ohmboy Tesla\n|join|Azelfma\n|player|p1|Ohmboy Tesla|136\n|player|p2|Azelfma|170\n|gametype|singles\n|gen|6\n|tier|OU\n|rated\n|clearpoke\n|poke|p1|Venusaur, F\n|poke|p1|Entei, shiny\n|poke|p1|Swampert, M\n|poke|p1|Hydreigon, F\n|poke|p1|Togekiss, F\n|poke|p1|Scizor, M\n|poke|p2|Diancie\n|poke|p2|Magnezone\n|poke|p2|Kyurem-Black\n|poke|p2|Scizor, M\n|poke|p2|Starmie\n|poke|p2|Gliscor, M\n|rule|Swagger Clause: Swagger is banned\n|rule|Baton Pass Clause: Limit one Pok\u00e9mon knowing Baton Pass\n|rule|Sleep Clause Mod: Limit one foe put to sleep\n|rule|Species Clause: Limit one of each Pok\u00e9mon\n|rule|OHKO Clause: OHKO moves are banned\n|rule|Moody Clause: Moody is banned\n|rule|Evasion Moves Clause: Evasion moves are banned\n|rule|Endless Battle Clause: Forcing endless battles is banned\n|rule|HP Percentage Mod: HP is shown in percentages\n|teampreview\n|c|\u2605Azelfma|gl\n|c|\u2605Ohmboy Tesla|tnx, you too\n|\n|start\n|switch|p1a: Do You Even Liek|Swampert, M|401\/401\n|switch|p2a: Starmie|Starmie|261\/261\n|turn|1\n|\n|move|p2a: Starmie|Hydro Pump|p1a: Do You Even Liek\n|-damage|p1a: Do You Even Liek|148\/401\n|move|p1a: Do You Even Liek|Toxic|p2a: Starmie\n|-status|p2a: Starmie|tox\n|\n|-heal|p1a: Do You Even Liek|173\/401|[from] item: Leftovers\n|-damage|p2a: Starmie|245\/261 tox|[from] psn\n|turn|2\n|\n|switch|p1a: no more tears|Togekiss, F|373\/373\n|move|p2a: Starmie|Hydro Pump|p1a: no more tears\n|-damage|p1a: no more tears|159\/373\n|\n|-heal|p1a: no more tears|182\/373|[from] item: Leftovers\n|-damage|p2a: Starmie|213\/261 tox|[from] psn\n|turn|3\n|\n|switch|p2a: Kyurem-Black|Kyurem-Black|454\/454\n|-ability|p2a: Kyurem-Black|Teravolt\n|move|p1a: no more tears|Air Slash|p2a: Kyurem-Black\n|-damage|p2a: Kyurem-Black|325\/454\n|\n|-heal|p2a: Kyurem-Black|353\/454|[from] item: Leftovers\n|-heal|p1a: no more tears|205\/373|[from] item: Leftovers\n|turn|4\n|\n|switch|p2a: Gliscor|Gliscor, M|354\/354\n|move|p1a: no more tears|Dazzling Gleam|p2a: Gliscor\n|-crit|p2a: Gliscor\n|-damage|p2a: Gliscor|210\/354\n|\n|-heal|p1a: no more tears|228\/373|[from] item: Leftovers\n|-status|p2a: Gliscor|tox|[from] item: Toxic Orb\n|turn|5\n|\n|switch|p1a: Berta|Venusaur, F|363\/363\n|move|p2a: Gliscor|Stealth Rock|p1a: Berta\n|-sidestart|p1: Ohmboy Tesla|move: Stealth Rock\n|\n|-heal|p2a: Gliscor|254\/354 tox|[from] ability: Poison Heal\n|turn|6\n|\n|detailschange|p1a: Berta|Venusaur-Mega, F\n|-mega|p1a: Berta|Venusaur|Venusaurite\n|move|p2a: Gliscor|Taunt|p1a: Berta\n|-start|p1a: Berta|move: Taunt\n|cant|p1a: Berta|move: Taunt|Leech Seed\n|\n|-heal|p2a: Gliscor|298\/354 tox|[from] ability: Poison Heal\n|turn|7\n|\n|switch|p2a: Kyurem-Black|Kyurem-Black|353\/454\n|-ability|p2a: Kyurem-Black|Teravolt\n|move|p1a: Berta|Giga Drain|p2a: Kyurem-Black\n|-resisted|p2a: Kyurem-Black\n|-damage|p2a: Kyurem-Black|287\/454\n|\n|-heal|p2a: Kyurem-Black|315\/454|[from] item: Leftovers\n|turn|8\n|\n|switch|p1a: no more tears|Togekiss, F|228\/373\n|-damage|p1a: no more tears|135\/373|[from] Stealth Rock\n|move|p2a: Kyurem-Black|Ice Beam|p1a: no more tears\n|-supereffective|p1a: no more tears\n|-damage|p1a: no more tears|0 fnt\n|faint|p1a: no more tears\n|\n|-heal|p2a: Kyurem-Black|343\/454|[from] item: Leftovers\n|\n|switch|p1a: Menace|Scizor, M|343\/343\n|-damage|p1a: Menace|301\/343|[from] Stealth Rock\n|turn|9\n|\n|switch|p2a: Gliscor|Gliscor, M|298\/354 tox\n|move|p1a: Menace|U-turn|p2a: Gliscor\n|-resisted|p2a: Gliscor\n|-damage|p2a: Gliscor|247\/354 tox\n|\n|switch|p1a: Do You Even Liek|Swampert, M|173\/401\n|-damage|p1a: Do You Even Liek|148\/401|[from] Stealth Rock\n|\n|-heal|p1a: Do You Even Liek|173\/401|[from] item: Leftovers\n|-heal|p2a: Gliscor|291\/354 tox|[from] ability: Poison Heal\n|turn|10\n|\n|move|p2a: Gliscor|Taunt|p1a: Do You Even Liek\n|-start|p1a: Do You Even Liek|move: Taunt\n|move|p1a: Do You Even Liek|Waterfall|p2a: Gliscor\n|-supereffective|p2a: Gliscor\n|-damage|p2a: Gliscor|115\/354 tox\n|\n|-heal|p1a: Do You Even Liek|198\/401|[from] item: Leftovers\n|-heal|p2a: Gliscor|159\/354 tox|[from] ability: Poison Heal\n|turn|11\n|\n|switch|p2a: Scizor|Scizor, M|343\/343\n|move|p1a: Do You Even Liek|Earthquake|p2a: Scizor\n|-damage|p2a: Scizor|225\/343\n|\n|-heal|p1a: Do You Even Liek|223\/401|[from] item: Leftovers\n|turn|12\n|\n|move|p2a: Scizor|U-turn|p1a: Do You Even Liek\n|-damage|p1a: Do You Even Liek|64\/401\n|\n|switch|p2a: Kyurem-Black|Kyurem-Black|343\/454\n|-ability|p2a: Kyurem-Black|Teravolt\n|move|p1a: Do You Even Liek|Waterfall|p2a: Kyurem-Black\n|-resisted|p2a: Kyurem-Black\n|-damage|p2a: Kyurem-Black|264\/454\n|\n|-heal|p2a: Kyurem-Black|292\/454|[from] item: Leftovers\n|-heal|p1a: Do You Even Liek|89\/401|[from] item: Leftovers\n|-end|p1a: Do You Even Liek|move: Taunt\n|turn|13\n|\n|move|p2a: Kyurem-Black|Ice Beam|p1a: Do You Even Liek\n|-damage|p1a: Do You Even Liek|0 fnt\n|faint|p1a: Do You Even Liek\n|\n|-heal|p2a: Kyurem-Black|320\/454|[from] item: Leftovers\n|\n|switch|p1a: Rufus|Entei, shiny|386\/386\n|-damage|p1a: Rufus|290\/386|[from] Stealth Rock\n|-ability|p1a: Rufus|Pressure\n|turn|14\n|\n|switch|p2a: Gliscor|Gliscor, M|159\/354 tox\n|move|p1a: Rufus|Sacred Fire|p2a: Gliscor\n|-damage|p2a: Gliscor|21\/354 tox\n|\n|-heal|p1a: Rufus|314\/386|[from] item: Leftovers\n|-heal|p2a: Gliscor|65\/354 tox|[from] ability: Poison Heal\n|turn|15\n|\n|move|p1a: Rufus|Extreme Speed|p2a: Gliscor\n|-damage|p2a: Gliscor|0 fnt\n|faint|p2a: Gliscor\n|\n|-heal|p1a: Rufus|338\/386|[from] item: Leftovers\n|\n|switch|p2a: Starmie|Starmie|213\/261 tox\n|turn|16\n|\n|switch|p1a: Precious|Hydreigon, F|349\/349\n|-damage|p1a: Precious|306\/349|[from] Stealth Rock\n|move|p2a: Starmie|Hydro Pump|p1a: Precious\n|-crit|p1a: Precious\n|-resisted|p1a: Precious\n|-damage|p1a: Precious|61\/349\n|\n|-damage|p2a: Starmie|197\/261 tox|[from] psn\n|turn|17\n|\n|move|p1a: Precious|U-turn|p2a: Starmie\n|-supereffective|p2a: Starmie\n|-damage|p2a: Starmie|87\/261 tox\n|\n|switch|p1a: Menace|Scizor, M|301\/343\n|-damage|p1a: Menace|259\/343|[from] Stealth Rock\n|move|p2a: Starmie|Hydro Pump|p1a: Menace\n|-damage|p1a: Menace|0 fnt\n|faint|p1a: Menace\n|\n|-damage|p2a: Starmie|55\/261 tox|[from] psn\n|\n|switch|p1a: Rufus|Entei, shiny|338\/386\n|-damage|p1a: Rufus|242\/386|[from] Stealth Rock\n|-ability|p1a: Rufus|Pressure\n|turn|18\n|\n|switch|p2a: Magnezone|Magnezone|282\/282\n|move|p1a: Rufus|Extreme Speed|p2a: Magnezone\n|-resisted|p2a: Magnezone\n|-damage|p2a: Magnezone|242\/282\n|\n|-heal|p1a: Rufus|266\/386|[from] item: Leftovers\n|turn|19\n|\n|move|p1a: Rufus|Sacred Fire|p2a: Magnezone\n|-supereffective|p2a: Magnezone\n|-damage|p2a: Magnezone|0 fnt\n|faint|p2a: Magnezone\n|\n|-heal|p1a: Rufus|290\/386|[from] item: Leftovers\n|\n|switch|p2a: Diancie|Diancie|242\/242\n|turn|20\n|\n|switch|p2a: Starmie|Starmie|55\/261 tox\n|move|p1a: Rufus|Iron Head|p2a: Starmie\n|-resisted|p2a: Starmie\n|-damage|p2a: Starmie|0 fnt\n|faint|p2a: Starmie\n|\n|-heal|p1a: Rufus|314\/386|[from] item: Leftovers\n|\n|switch|p2a: Kyurem-Black|Kyurem-Black|320\/454\n|-ability|p2a: Kyurem-Black|Teravolt\n|turn|21\n|\n|move|p2a: Kyurem-Black|Earth Power|p1a: Rufus\n|-supereffective|p1a: Rufus\n|-damage|p1a: Rufus|108\/386\n|move|p1a: Rufus|Sacred Fire|p2a: Kyurem-Black\n|-damage|p2a: Kyurem-Black|130\/454\n|\n|-heal|p2a: Kyurem-Black|158\/454|[from] item: Leftovers\n|-heal|p1a: Rufus|132\/386|[from] item: Leftovers\n|turn|22\n|\n|switch|p1a: Precious|Hydreigon, F|61\/349\n|-damage|p1a: Precious|18\/349|[from] Stealth Rock\n|move|p2a: Kyurem-Black|Earth Power|p1a: Precious\n|-damage|p1a: Precious|0 fnt\n|faint|p1a: Precious\n|\n|-heal|p2a: Kyurem-Black|186\/454|[from] item: Leftovers\n|\n|switch|p1a: Berta|Venusaur-Mega, F|363\/363\n|-damage|p1a: Berta|318\/363|[from] Stealth Rock\n|turn|23\n|\n|move|p2a: Kyurem-Black|Substitute|p2a: Kyurem-Black\n|-start|p2a: Kyurem-Black|Substitute\n|-damage|p2a: Kyurem-Black|73\/454\n|move|p1a: Berta|Sludge Bomb|p2a: Kyurem-Black\n|-end|p2a: Kyurem-Black|Substitute\n|\n|-heal|p2a: Kyurem-Black|101\/454|[from] item: Leftovers\n|turn|24\n|\n|move|p2a: Kyurem-Black|Ice Beam|p1a: Berta\n|-supereffective|p1a: Berta\n|-damage|p1a: Berta|124\/363\n|move|p1a: Berta|Sludge Bomb|p2a: Kyurem-Black\n|-damage|p2a: Kyurem-Black|0 fnt\n|faint|p2a: Kyurem-Black\n|\n|\n|switch|p2a: Scizor|Scizor, M|225\/343\n|turn|25\n|\n|move|p2a: Scizor|Bullet Punch|p1a: Berta\n|-damage|p1a: Berta|4\/363\n|move|p1a: Berta|Synthesis|p1a: Berta\n|-heal|p1a: Berta|185\/363\n|\n|turn|26\n|\n|move|p2a: Scizor|Bullet Punch|p1a: Berta\n|-damage|p1a: Berta|77\/363\n|move|p1a: Berta|Synthesis|p1a: Berta\n|-heal|p1a: Berta|258\/363\n|\n|turn|27\n|\n|move|p2a: Scizor|Bullet Punch|p1a: Berta\n|-damage|p1a: Berta|149\/363\n|move|p1a: Berta|Leech Seed|p2a: Scizor\n|-start|p2a: Scizor|move: Leech Seed\n|\n|-damage|p2a: Scizor|183\/343|[from] Leech Seed|[of] p1a: Berta\n|-heal|p1a: Berta|191\/363|[silent]\n|turn|28\n|\n|move|p2a: Scizor|Bullet Punch|p1a: Berta\n|-damage|p1a: Berta|79\/363\n|move|p1a: Berta|Giga Drain|p2a: Scizor\n|-resisted|p2a: Scizor\n|-damage|p2a: Scizor|153\/343\n|-heal|p1a: Berta|94\/363|[from] drain|[of] p2a: Scizor\n|\n|-damage|p2a: Scizor|111\/343|[from] Leech Seed|[of] p1a: Berta\n|-heal|p1a: Berta|136\/363|[silent]\n|turn|29\n|\n|move|p2a: Scizor|Bullet Punch|p1a: Berta\n|-damage|p1a: Berta|24\/363\n|move|p1a: Berta|Synthesis|p1a: Berta\n|-heal|p1a: Berta|205\/363\n|\n|-damage|p2a: Scizor|69\/343|[from] Leech Seed|[of] p1a: Berta\n|-heal|p1a: Berta|247\/363|[silent]\n|turn|30\n|\n|move|p2a: Scizor|Bullet Punch|p1a: Berta\n|-damage|p1a: Berta|141\/363\n|move|p1a: Berta|Synthesis|p1a: Berta\n|-heal|p1a: Berta|322\/363\n|\n|-damage|p2a: Scizor|27\/343|[from] Leech Seed|[of] p1a: Berta\n|-heal|p1a: Berta|363\/363|[silent]\n|turn|31\n|\n|move|p2a: Scizor|Bullet Punch|p1a: Berta\n|-damage|p1a: Berta|249\/363\n|move|p1a: Berta|Synthesis|p1a: Berta\n|-heal|p1a: Berta|363\/363\n|\n|-damage|p2a: Scizor|0 fnt|[from] Leech Seed|[of] p1a: Berta\n|faint|p2a: Scizor\n|c|\u2605Azelfma|:(\n|c|\u2605Azelfma|gg\n|c|\u2605Ohmboy Tesla|gg\n|\n|switch|p2a: Diancie|Diancie|242\/242\n|turn|32\n|c|\u2605Ohmboy Tesla|wp\n|c|\u2605Azelfma|wp\n|\n|detailschange|p2a: Diancie|Diancie-Mega\n|-mega|p2a: Diancie|Diancie|Diancite\n|move|p2a: Diancie|Diamond Storm|p1a: Berta\n|-damage|p1a: Berta|260\/363\n|move|p1a: Berta|Giga Drain|p2a: Diancie\n|-supereffective|p2a: Diancie\n|-damage|p2a: Diancie|42\/242\n|-heal|p1a: Berta|360\/363|[from] drain|[of] p2a: Diancie\n|\n|turn|33\n|\n|move|p2a: Diancie|Diamond Storm|p1a: Berta\n|-damage|p1a: Berta|258\/363\n|-boost|p2a: Diancie|def|1\n|move|p1a: Berta|Giga Drain|p2a: Diancie\n|-supereffective|p2a: Diancie\n|-damage|p2a: Diancie|0 fnt\n|-heal|p1a: Berta|279\/363|[from] drain|[of] p2a: Diancie\n|faint|p2a: Diancie\n|\n|win|Ohmboy Tesla\n|raw|Ladder updating...\n|raw|Ohmboy Tesla's rating: 1533 &rarr; <strong>1557<\/strong><br \/>(+24 for winning)\n|raw|Azelfma's rating: 1602 &rarr; <strong>1578<\/strong><br \/>(-24 for losing)\n|leave|Azelfma","inputlog":null,"uploadtime":1426538866,"views":6,"p1id":"ohmboytesla","p2id":"azelfma","formatid":"ou","rating":1557,"private":0,"password":null}