{"id":"ou-254497761","p1":"Aquablaster98","p2":"The Teal Scizor","format":"ou","log":"|join|Aquablaster98\n|join|The Teal Scizor\n|player|p1|Aquablaster98|163\n|player|p2|The Teal Scizor|270\n|gametype|singles\n|gen|6\n|tier|OU\n|clearpoke\n|poke|p1|Weavile, F\n|poke|p1|Dragonite, M\n|poke|p1|Galvantula, M\n|poke|p1|Hydreigon, M\n|poke|p1|Scizor, M\n|poke|p1|Tyranitar, M\n|poke|p2|Dragonite, M, shiny\n|poke|p2|Toxicroak, M, shiny\n|poke|p2|Manaphy, shiny\n|poke|p2|Manectric, M, shiny\n|poke|p2|Tornadus-Therian, M, shiny\n|poke|p2|Starmie, shiny\n|rule|Swagger Clause: Swagger is banned\n|rule|Baton Pass Clause: Limit one Baton Passer, can't pass Spe and other stats simultaneously\n|rule|Sleep Clause Mod: Limit one foe put to sleep\n|rule|Species Clause: Limit one of each Pok\u00e9mon\n|rule|OHKO Clause: OHKO moves are banned\n|rule|Moody Clause: Moody is banned\n|rule|Evasion Moves Clause: Evasion moves are banned\n|rule|Endless Battle Clause: Forcing endless battles is banned\n|rule|HP Percentage Mod: HP is shown in percentages\n|teampreview\n|\n|start\n|switch|p1a: Galvantula|Galvantula, M|281\/281\n|switch|p2a: Dark Thunder|Manectric, M, shiny|281\/281\n|turn|1\n|\n|detailschange|p2a: Dark Thunder|Manectric-Mega, M, shiny\n|-mega|p2a: Dark Thunder|Manectric|Manectite\n|-ability|p2a: Dark Thunder|Intimidate\n|-unboost|p1a: Galvantula|atk|1\n|move|p1a: Galvantula|Sticky Web|p2a: Dark Thunder\n|-sidestart|p2: The Teal Scizor|move: Sticky Web\n|move|p2a: Dark Thunder|Flamethrower|p1a: Galvantula\n|-crit|p1a: Galvantula\n|-supereffective|p1a: Galvantula\n|-enditem|p1a: Galvantula|Focus Sash\n|-damage|p1a: Galvantula|1\/281\n|\n|turn|2\n|\n|move|p2a: Dark Thunder|Volt Switch|p1a: Galvantula\n|-resisted|p1a: Galvantula\n|-damage|p1a: Galvantula|0 fnt\n|faint|p1a: Galvantula\n|\n|switch|p2a: Dart|Toxicroak, M, shiny|307\/307\n|-activate|p2a: Dart|move: Sticky Web\n|-unboost|p2a: Dart|spe|1\n|\n|\n|switch|p1a: Scizor|Scizor, M|281\/281\n|turn|3\n|\n|switch|p2a: Patrick|Starmie, shiny|261\/261\n|-activate|p2a: Patrick|move: Sticky Web\n|-unboost|p2a: Patrick|spe|1\n|detailschange|p1a: Scizor|Scizor-Mega, M\n|-mega|p1a: Scizor|Scizor|Scizorite\n|move|p1a: Scizor|Swords Dance|p1a: Scizor\n|-boost|p1a: Scizor|atk|2\n|\n|turn|4\n|\n|move|p1a: Scizor|Bug Bite|p2a: Patrick\n|-supereffective|p2a: Patrick\n|-damage|p2a: Patrick|0 fnt\n|faint|p2a: Patrick\n|\n|\n|switch|p2a: Dark Thunder|Manectric-Mega, M, shiny|281\/281\n|-activate|p2a: Dark Thunder|move: Sticky Web\n|-unboost|p2a: Dark Thunder|spe|1\n|-ability|p2a: Dark Thunder|Intimidate\n|-unboost|p1a: Scizor|atk|1\n|turn|5\n|\n|move|p2a: Dark Thunder|Flamethrower|p1a: Scizor\n|-supereffective|p1a: Scizor\n|-damage|p1a: Scizor|0 fnt\n|faint|p1a: Scizor\n|\n|\n|switch|p1a: Hydreigon|Hydreigon, M|325\/325\n|turn|6\n|\n|switch|p2a: Tatsumaki|Tornadus-Therian, M, shiny|299\/299\n|move|p1a: Hydreigon|Earth Power|p2a: Tatsumaki\n|-immune|p2a: Tatsumaki|[msg]\n|\n|turn|7\n|\n|switch|p1a: Tyranitar|Tyranitar, M|403\/403\n|-weather|Sandstorm\n|move|p2a: Tatsumaki|Focus Blast|p1a: Tyranitar|[miss]\n|-miss|p2a: Tatsumaki|p1a: Tyranitar\n|\n|-weather|Sandstorm|[upkeep]\n|-damage|p2a: Tatsumaki|281\/299|[from] sandstorm\n|turn|8\n|c|\u2605The Teal Scizor|To be expected\n|\n|move|p2a: Tatsumaki|Focus Blast|p1a: Tyranitar\n|-supereffective|p1a: Tyranitar\n|-damage|p1a: Tyranitar|119\/403\n|move|p1a: Tyranitar|Stone Edge|p2a: Tatsumaki|[miss]\n|-miss|p1a: Tyranitar|p2a: Tatsumaki\n|\n|-weather|Sandstorm|[upkeep]\n|-damage|p2a: Tatsumaki|263\/299|[from] sandstorm\n|turn|9\n|\n|switch|p1a: Dragonite|Dragonite, M|323\/323\n|move|p2a: Tatsumaki|U-turn|p1a: Dragonite\n|-resisted|p1a: Dragonite\n|-damage|p1a: Dragonite|310\/323\n|\n|switch|p2a: Dark Thunder|Manectric-Mega, M, shiny|281\/281\n|-activate|p2a: Dark Thunder|move: Sticky Web\n|-unboost|p2a: Dark Thunder|spe|1\n|-ability|p2a: Dark Thunder|Intimidate\n|-unboost|p1a: Dragonite|atk|1\n|\n|-weather|Sandstorm|[upkeep]\n|-damage|p2a: Dark Thunder|264\/281|[from] sandstorm\n|-damage|p1a: Dragonite|290\/323|[from] sandstorm\n|turn|10\n|\n|move|p2a: Dark Thunder|Hidden Power|p1a: Dragonite\n|-supereffective|p1a: Dragonite\n|-damage|p1a: Dragonite|0 fnt\n|faint|p1a: Dragonite\n|\n|-weather|Sandstorm|[upkeep]\n|-damage|p2a: Dark Thunder|247\/281|[from] sandstorm\n|\n|switch|p1a: Tyranitar|Tyranitar, M|119\/403\n|turn|11\n|\n|switch|p1a: Weavile|Weavile, F|281\/281\n|-ability|p1a: Weavile|Pressure\n|move|p2a: Dark Thunder|Volt Switch|p1a: Weavile\n|-damage|p1a: Weavile|143\/281\n|\n|switch|p2a: Prince|Manaphy, shiny|401\/401\n|-activate|p2a: Prince|move: Sticky Web\n|-unboost|p2a: Prince|spe|1\n|\n|-weather|Sandstorm|[upkeep]\n|-damage|p1a: Weavile|126\/281|[from] sandstorm\n|-damage|p2a: Prince|376\/401|[from] sandstorm\n|-heal|p2a: Prince|401\/401|[from] item: Leftovers\n|turn|12\n|\n|switch|p1a: Hydreigon|Hydreigon, M|325\/325\n|move|p2a: Prince|Rain Dance|p2a: Prince\n|-weather|RainDance\n|\n|-weather|RainDance|[upkeep]\n|turn|13\n|\n|switch|p2a: Tatsumaki|Tornadus-Therian, M, shiny|299\/299\n|move|p1a: Hydreigon|Draco Meteor|p2a: Tatsumaki\n|-damage|p2a: Tatsumaki|79\/299\n|-unboost|p1a: Hydreigon|spa|2\n|-damage|p1a: Hydreigon|293\/325|[from] item: Life Orb\n|\n|-weather|RainDance|[upkeep]\n|turn|14\n|\n|move|p2a: Tatsumaki|U-turn|p1a: Hydreigon\n|-supereffective|p1a: Hydreigon\n|-damage|p1a: Hydreigon|165\/325\n|\n|switch|p2a: Prince|Manaphy, shiny|401\/401\n|-activate|p2a: Prince|move: Sticky Web\n|-unboost|p2a: Prince|spe|1\n|move|p1a: Hydreigon|Dark Pulse|p2a: Prince\n|-damage|p2a: Prince|300\/401\n|-damage|p1a: Hydreigon|133\/325|[from] item: Life Orb\n|\n|-weather|RainDance|[upkeep]\n|-heal|p2a: Prince|325\/401|[from] item: Leftovers\n|turn|15\n|\n|switch|p1a: Weavile|Weavile, F|126\/281\n|-ability|p1a: Weavile|Pressure\n|move|p2a: Prince|Scald|p1a: Weavile\n|-damage|p1a: Weavile|0 fnt\n|faint|p1a: Weavile\n|\n|-weather|RainDance|[upkeep]\n|-heal|p2a: Prince|350\/401|[from] item: Leftovers\n|\n|switch|p1a: Tyranitar|Tyranitar, M|119\/403\n|-weather|Sandstorm\n|turn|16\n|\n|switch|p1a: Hydreigon|Hydreigon, M|133\/325\n|move|p2a: Prince|Rain Dance|p2a: Prince\n|-weather|RainDance\n|\n|-weather|RainDance|[upkeep]\n|-heal|p2a: Prince|375\/401|[from] item: Leftovers\n|turn|17\n|c|\u2605Aquablaster98|I did a dumb dumb\n|\n|move|p1a: Hydreigon|Flash Cannon|p2a: Prince\n|-resisted|p2a: Prince\n|-damage|p2a: Prince|314\/401\n|-damage|p1a: Hydreigon|101\/325|[from] item: Life Orb\n|move|p2a: Prince|Scald|p1a: Hydreigon\n|-resisted|p1a: Hydreigon\n|-damage|p1a: Hydreigon|30\/325\n|\n|-weather|RainDance|[upkeep]\n|-heal|p2a: Prince|339\/401|[from] item: Leftovers\n|turn|18\n|\n|move|p1a: Hydreigon|Draco Meteor|p2a: Prince\n|-damage|p2a: Prince|41\/401\n|-unboost|p1a: Hydreigon|spa|2\n|-damage|p1a: Hydreigon|0 fnt|[from] item: Life Orb\n|faint|p1a: Hydreigon\n|move|p2a: Prince|Rest|p2a: Prince\n|-status|p2a: Prince|slp\n|-heal|p2a: Prince|401\/401 slp|[silent]\n|-status|p2a: Prince|slp|[from] move: Rest\n|\n|-weather|RainDance|[upkeep]\n|-curestatus|p2a: Prince|slp\n|\n|switch|p1a: Tyranitar|Tyranitar, M|119\/403\n|-weather|Sandstorm\n|turn|19\n|\n|move|p2a: Prince|Scald|p1a: Tyranitar\n|-supereffective|p1a: Tyranitar\n|-damage|p1a: Tyranitar|11\/403\n|-status|p1a: Tyranitar|brn\n|move|p1a: Tyranitar|Crunch|p2a: Prince\n|-damage|p2a: Prince|358\/401\n|\n|-weather|Sandstorm|[upkeep]\n|-damage|p2a: Prince|333\/401|[from] sandstorm\n|-heal|p2a: Prince|358\/401|[from] item: Leftovers\n|-damage|p1a: Tyranitar|0 fnt|[from] brn\n|faint|p1a: Tyranitar\n|\n|win|The Teal Scizor\n|c|\u2605The Teal Scizor|gg","inputlog":null,"uploadtime":1438290142,"views":1,"p1id":"aquablaster98","p2id":"thetealscizor","formatid":"ou","rating":0,"private":0,"password":null}