{"id":"ou-288541790","p1":"Paulo Dwebbala","p2":"Ohmboy Tesla","format":"ou","log":"|join|Paulo Dwebbala\n|join|Ohmboy Tesla\n|player|p1|Paulo Dwebbala|168\n|player|p2|Ohmboy Tesla|136\n|gametype|singles\n|gen|6\n|tier|OU\n|rated\n|seed|40260,27038,49448,3134\n|clearpoke\n|poke|p1|Clefable, M\n|poke|p1|Gyarados, M\n|poke|p1|Excadrill, F\n|poke|p1|Rotom-Heat\n|poke|p1|Gengar, F\n|poke|p1|Breloom, M\n|poke|p2|Hydreigon, F\n|poke|p2|Metagross\n|poke|p2|Rotom-Wash\n|poke|p2|Azumarill, F\n|poke|p2|Landorus-Therian, M\n|poke|p2|Heatran, M\n|rule|Swagger Clause: Swagger is banned\n|rule|Baton Pass Clause: Limit one Baton Passer, can't pass Spe and other stats simultaneously\n|rule|Sleep Clause Mod: Limit one foe put to sleep\n|rule|Species Clause: Limit one of each Pok\u00e9mon\n|rule|OHKO Clause: OHKO moves are banned\n|rule|Moody Clause: Moody is banned\n|rule|Evasion Moves Clause: Evasion moves are banned\n|rule|Endless Battle Clause: Forcing endless battles is banned\n|rule|HP Percentage Mod: HP is shown in percentages\n|teampreview\n|choice|team 5|team 5\n|\n|start\n|switch|p1a: Gengar|Gengar, F|289\/289\n|switch|p2a: Flooffy paws|Landorus-Therian, M|382\/382\n|-ability|p2a: Flooffy paws|Intimidate\n|-unboost|p1a: Gengar|atk|1\n|turn|1\n|choice|move 1|move 4\n|\n|move|p1a: Gengar|Will-O-Wisp|p2a: Flooffy paws\n|-status|p2a: Flooffy paws|brn\n|move|p2a: Flooffy paws|Knock Off|p1a: Gengar\n|-supereffective|p1a: Gengar\n|-damage|p1a: Gengar|135\/289\n|-enditem|p1a: Gengar|Black Sludge|[from] move: Knock Off|[of] p2a: Flooffy paws\n|\n|-damage|p2a: Flooffy paws|335\/382 brn|[from] brn\n|turn|2\n|choice|move 4|move 1\n|\n|move|p1a: Gengar|Taunt|p2a: Flooffy paws\n|-start|p2a: Flooffy paws|move: Taunt\n|cant|p2a: Flooffy paws|move: Taunt|Stealth Rock\n|\n|-heal|p2a: Flooffy paws|358\/382 brn|[from] item: Leftovers\n|-damage|p2a: Flooffy paws|311\/382 brn|[from] brn\n|turn|3\n|choice|move 3|move 4\n|\n|move|p1a: Gengar|Hex|p2a: Flooffy paws\n|-damage|p2a: Flooffy paws|58\/382 brn\n|move|p2a: Flooffy paws|Knock Off|p1a: Gengar\n|-supereffective|p1a: Gengar\n|-damage|p1a: Gengar|29\/289\n|\n|-heal|p2a: Flooffy paws|81\/382 brn|[from] item: Leftovers\n|-damage|p2a: Flooffy paws|34\/382 brn|[from] brn\n|turn|4\n|choice|move 3|switch 6\n|\n|switch|p2a: Tony|Heatran, M|385\/385\n|move|p1a: Gengar|Hex|p2a: Tony\n|-damage|p2a: Tony|310\/385\n|\n|-heal|p2a: Tony|334\/385|[from] item: Leftovers\n|turn|5\n|choice|move 3|move 2\n|\n|move|p1a: Gengar|Hex|p2a: Tony\n|-damage|p2a: Tony|264\/385\n|move|p2a: Tony|Lava Plume|p1a: Gengar\n|-damage|p1a: Gengar|0 fnt\n|faint|p1a: Gengar\n|\n|-heal|p2a: Tony|288\/385|[from] item: Leftovers\n|choice|switch 3|\n|\n|switch|p1a: Excadrill|Excadrill, F|424\/424\n|-ability|p1a: Excadrill|Mold Breaker\n|turn|6\n|choice|move 2|switch 6\n|\n|switch|p2a: Flooffy paws|Landorus-Therian, M|34\/382 brn\n|-ability|p2a: Flooffy paws|Intimidate\n|-unboost|p1a: Excadrill|atk|1\n|move|p1a: Excadrill|Earthquake|p2a: Flooffy paws\n|-immune|p2a: Flooffy paws|[msg]\n|\n|-heal|p2a: Flooffy paws|57\/382 brn|[from] item: Leftovers\n|-damage|p2a: Flooffy paws|10\/382 brn|[from] brn\n|turn|7\n|choice|move 4|switch 3\n|\n|switch|p2a: Washington|Rotom-Wash|304\/304\n|move|p1a: Excadrill|Iron Head|p2a: Washington\n|-resisted|p2a: Washington\n|-damage|p2a: Washington|290\/304\n|\n|-heal|p2a: Washington|304\/304|[from] item: Leftovers\n|turn|8\n|choice|switch 5|move 1\n|\n|switch|p1a: Clefable|Clefable, M|394\/394\n|move|p2a: Washington|Will-O-Wisp|p1a: Clefable\n|-status|p1a: Clefable|brn\n|\n|turn|9\n|choice|move 1|move 3\n|\n|move|p2a: Washington|Volt Switch|p1a: Clefable\n|-damage|p1a: Clefable|316\/394 brn\n|choice||switch 6\n|\n|switch|p2a: Tony|Heatran, M|288\/385\n|move|p1a: Clefable|Thunder Wave|p2a: Tony\n|-status|p2a: Tony|par\n|\n|-heal|p1a: Clefable|340\/394 brn|[from] item: Leftovers\n|-heal|p2a: Tony|312\/385 par|[from] item: Leftovers\n|turn|10\n|choice|move 2|move 3\n|\n|move|p1a: Clefable|Calm Mind|p1a: Clefable\n|-boost|p1a: Clefable|spa|1\n|-boost|p1a: Clefable|spd|1\n|move|p2a: Tony|Toxic|p1a: Clefable\n|-fail|p1a: Clefable\n|\n|-heal|p1a: Clefable|364\/394 brn|[from] item: Leftovers\n|-heal|p2a: Tony|336\/385 par|[from] item: Leftovers\n|turn|11\n|choice|move 1|move 4\n|\n|move|p1a: Clefable|Thunder Wave|p2a: Tony\n|-fail|p2a: Tony|par\n|move|p2a: Tony|Roar|p1a: Clefable\n|drag|p1a: Breloom|Breloom, M|261\/261\n|\n|-heal|p2a: Tony|360\/385 par|[from] item: Leftovers\n|turn|12\n|choice|switch 6|move 2\n|\n|switch|p1a: Clefable|Clefable, M|364\/394 brn\n|move|p2a: Tony|Lava Plume|p1a: Clefable\n|-damage|p1a: Clefable|247\/394 brn\n|\n|-heal|p1a: Clefable|271\/394 brn|[from] item: Leftovers\n|-heal|p2a: Tony|384\/385 par|[from] item: Leftovers\n|turn|13\n|choice|move 3|move 4\n|\n|move|p1a: Clefable|Soft-Boiled|p1a: Clefable\n|-heal|p1a: Clefable|394\/394 brn\n|move|p2a: Tony|Roar|p1a: Clefable\n|drag|p1a: Gyarados|Gyarados, M|331\/331\n|-ability|p1a: Gyarados|Intimidate\n|-unboost|p2a: Tony|atk|1\n|\n|-heal|p2a: Tony|385\/385 par|[from] item: Leftovers\n|turn|14\n|choice|move 2|move 3\n|\n|move|p1a: Gyarados|Waterfall|p2a: Tony\n|-supereffective|p2a: Tony\n|-damage|p2a: Tony|121\/385 par\n|cant|p2a: Tony|par\n|\n|-heal|p2a: Tony|145\/385 par|[from] item: Leftovers\n|turn|15\n|choice|move 2|move 3\n|\n|move|p1a: Gyarados|Waterfall|p2a: Tony\n|-supereffective|p2a: Tony\n|-damage|p2a: Tony|0 fnt\n|faint|p2a: Tony\n|\n|choice||switch 3\n|\n|switch|p2a: Flooffy paws|Landorus-Therian, M|10\/382 brn\n|-ability|p2a: Flooffy paws|Intimidate\n|-unboost|p1a: Gyarados|atk|1\n|turn|16\n|choice|move 2|move 1\n|\n|move|p1a: Gyarados|Waterfall|p2a: Flooffy paws\n|-supereffective|p2a: Flooffy paws\n|-damage|p2a: Flooffy paws|0 fnt\n|faint|p2a: Flooffy paws\n|\n|choice||switch 4\n|\n|switch|p2a: Cuddles|Azumarill, F|401\/401\n|turn|17\n|choice|switch 4|move 4\n|\n|switch|p1a: Rotom-Heat|Rotom-Heat|303\/303\n|move|p2a: Cuddles|Knock Off|p1a: Rotom-Heat\n|-damage|p1a: Rotom-Heat|191\/303\n|-enditem|p1a: Rotom-Heat|Leftovers|[from] move: Knock Off|[of] p2a: Cuddles\n|\n|turn|18\n|choice|move 3|switch 6\n|\n|switch|p2a: Washington|Rotom-Wash|304\/304\n|move|p1a: Rotom-Heat|Volt Switch|p2a: Washington\n|-damage|p2a: Washington|223\/304\n|choice|switch 5|\n|\n|switch|p1a: Excadrill|Excadrill, F|424\/424\n|-ability|p1a: Excadrill|Mold Breaker\n|\n|-heal|p2a: Washington|242\/304|[from] item: Leftovers\n|turn|19\n|choice|move 2|move 1\n|\n|move|p1a: Excadrill|Earthquake|p2a: Washington\n|-supereffective|p2a: Washington\n|-damage|p2a: Washington|50\/304\n|move|p2a: Washington|Will-O-Wisp|p1a: Excadrill\n|-status|p1a: Excadrill|brn\n|\n|-heal|p2a: Washington|69\/304|[from] item: Leftovers\n|-damage|p1a: Excadrill|371\/424 brn|[from] brn\n|turn|20\n|choice|move 1|switch 6\n|\n|switch|p2a: Cuddles|Azumarill, F|401\/401\n|move|p1a: Excadrill|Stealth Rock|p2a: Cuddles\n|-sidestart|p2: Ohmboy Tesla|move: Stealth Rock\n|\n|-heal|p1a: Excadrill|397\/424 brn|[from] item: Leftovers\n|-damage|p1a: Excadrill|344\/424 brn|[from] brn\n|turn|21\n|choice|move 2|move 3\n|\n|move|p1a: Excadrill|Earthquake|p2a: Cuddles\n|-damage|p2a: Cuddles|302\/401\n|move|p2a: Cuddles|Play Rough|p1a: Excadrill\n|-resisted|p1a: Excadrill\n|-damage|p1a: Excadrill|193\/424 brn\n|\n|-heal|p1a: Excadrill|219\/424 brn|[from] item: Leftovers\n|-damage|p1a: Excadrill|166\/424 brn|[from] brn\n|turn|22\n|choice|move 2|move 1\n|\n|move|p2a: Cuddles|Aqua Jet|p1a: Excadrill\n|-supereffective|p1a: Excadrill\n|-damage|p1a: Excadrill|0 fnt\n|faint|p1a: Excadrill\n|\n|choice|switch 6|\n|\n|switch|p1a: Breloom|Breloom, M|261\/261\n|turn|23\n|choice|move 4|switch 6\n|\n|switch|p2a: Washington|Rotom-Wash|69\/304\n|-damage|p2a: Washington|31\/304|[from] Stealth Rock\n|move|p1a: Breloom|Bullet Seed|p2a: Washington\n|-supereffective|p2a: Washington\n|-damage|p2a: Washington|0 fnt\n|-hitcount|p2a: Washington|1\n|faint|p2a: Washington\n|\n|choice||switch 5\n|\n|switch|p2a: Precious|Hydreigon, F|349\/349\n|-damage|p2a: Precious|306\/349|[from] Stealth Rock\n|turn|24\n|choice|switch 2|move 4\n|\n|switch|p1a: Clefable|Clefable, M|394\/394 brn\n|move|p2a: Precious|U-turn|p1a: Clefable\n|-resisted|p1a: Clefable\n|-crit|p1a: Clefable\n|-damage|p1a: Clefable|353\/394 brn\n|choice||switch 6\n|\n|switch|p2a: Cuddles|Azumarill, F|302\/401\n|-damage|p2a: Cuddles|252\/401|[from] Stealth Rock\n|\n|-heal|p1a: Clefable|377\/394 brn|[from] item: Leftovers\n|turn|25\n|choice|switch 4|move 4\n|\n|switch|p1a: Gyarados|Gyarados, M|331\/331\n|-ability|p1a: Gyarados|Intimidate\n|-unboost|p2a: Cuddles|atk|1\n|move|p2a: Cuddles|Knock Off|p1a: Gyarados\n|-damage|p1a: Gyarados|258\/331\n|\n|turn|26\n|choice|switch 4|move 3\n|\n|switch|p1a: Clefable|Clefable, M|377\/394 brn\n|move|p2a: Cuddles|Play Rough|p1a: Clefable|[miss]\n|-miss|p2a: Cuddles|p1a: Clefable\n|\n|-heal|p1a: Clefable|394\/394 brn|[from] item: Leftovers\n|turn|27\n|choice|move 1|move 4\n|\n|move|p1a: Clefable|Thunder Wave|p2a: Cuddles\n|-status|p2a: Cuddles|par\n|move|p2a: Cuddles|Knock Off|p1a: Clefable\n|-resisted|p1a: Clefable\n|-crit|p1a: Clefable\n|-damage|p1a: Clefable|287\/394 brn\n|-enditem|p1a: Clefable|Leftovers|[from] move: Knock Off|[of] p2a: Cuddles\n|\n|turn|28\n|join|SnipsGoesUbers\n|choice|move 1|switch 6\n|\n|switch|p2a: Precious|Hydreigon, F|306\/349\n|-damage|p2a: Precious|263\/349|[from] Stealth Rock\n|move|p1a: Clefable|Thunder Wave|p2a: Precious\n|-status|p2a: Precious|par\n|\n|turn|29\n|choice|move 4|move 4\n|\n|move|p1a: Clefable|Moonblast|p2a: Precious\n|-supereffective|p2a: Precious\n|-damage|p2a: Precious|0 fnt\n|faint|p2a: Precious\n|\n|choice||switch 2\n|\n|switch|p2a: Weapon-X|Metagross|301\/301\n|-damage|p2a: Weapon-X|283\/301|[from] Stealth Rock\n|turn|30\n|choice|move 1|move 2 mega\n|\n|detailschange|p2a: Weapon-X|Metagross-Mega\n|-mega|p2a: Weapon-X|Metagross|Metagrossite\n|move|p2a: Weapon-X|Meteor Mash|p1a: Clefable\n|-supereffective|p1a: Clefable\n|-damage|p1a: Clefable|0 fnt\n|faint|p1a: Clefable\n|\n|choice|switch 4|\n|\n|switch|p1a: Gyarados|Gyarados, M|258\/331\n|-ability|p1a: Gyarados|Intimidate\n|-unboost|p2a: Weapon-X|atk|1\n|turn|31\n|choice|move 3|move 1\n|\n|move|p2a: Weapon-X|Hone Claws|p2a: Weapon-X\n|-boost|p2a: Weapon-X|atk|1\n|-boost|p2a: Weapon-X|accuracy|1\n|move|p1a: Gyarados|Crunch|p2a: Weapon-X\n|-supereffective|p2a: Weapon-X\n|-damage|p2a: Weapon-X|143\/301\n|\n|turn|32\n|choice|move 3 mega|move 3\n|\n|detailschange|p1a: Gyarados|Gyarados-Mega, M\n|-mega|p1a: Gyarados|Gyarados|Gyaradosite\n|-ability|p1a: Gyarados|Mold Breaker\n|move|p2a: Weapon-X|Zen Headbutt|p1a: Gyarados\n|-immune|p1a: Gyarados|[msg]\n|move|p1a: Gyarados|Crunch|p2a: Weapon-X\n|-supereffective|p2a: Weapon-X\n|-damage|p2a: Weapon-X|0 fnt\n|faint|p2a: Weapon-X\n|\n|choice||switch 6\n|\n|switch|p2a: Cuddles|Azumarill, F|252\/401 par\n|-damage|p2a: Cuddles|202\/401 par|[from] Stealth Rock\n|turn|33\n|choice|move 2|move 3\n|\n|move|p1a: Gyarados|Waterfall|p2a: Cuddles\n|-resisted|p2a: Cuddles\n|-damage|p2a: Cuddles|98\/401 par\n|move|p2a: Cuddles|Play Rough|p1a: Gyarados|[miss]\n|-miss|p2a: Cuddles|p1a: Gyarados\n|\n|turn|34\n|c|\u2605Ohmboy Tesla|gg\n|choice|move 2|move 3\n|\n|move|p1a: Gyarados|Waterfall|p2a: Cuddles\n|-resisted|p2a: Cuddles\n|-damage|p2a: Cuddles|3\/401 par\n|cant|p2a: Cuddles|flinch\n|\n|turn|35\n|-message|Ohmboy Tesla forfeited.\n|\n|win|Paulo Dwebbala\n|leave|Ohmboy Tesla\n|player|p2\n|raw|Paulo Dwebbala's rating: 1419 &rarr; <strong>1441<\/strong><br \/>(+22 for winning)\n|raw|Ohmboy Tesla's rating: 1453 &rarr; <strong>1431<\/strong><br \/>(-22 for losing)\n|leave|SnipsGoesUbers\n|join|TeachThisBot\n|leave|TeachThisBot","inputlog":null,"uploadtime":1446386159,"views":2,"p1id":"paulodwebbala","p2id":"ohmboytesla","formatid":"ou","rating":1431,"private":0,"password":null}