{"id":"ou-213957485","p1":"monyeu","p2":"Ohmboy Tesla","format":"ou","log":"|join|monyeu\n|join|Ohmboy Tesla\n|player|p1|monyeu|262\n|player|p2|Ohmboy Tesla|136\n|gametype|singles\n|gen|6\n|tier|OU\n|rated\n|clearpoke\n|poke|p1|Charizard, M\n|poke|p1|Ferrothorn, M\n|poke|p1|Landorus-Therian, M\n|poke|p1|Latios, M\n|poke|p1|Clefable, F\n|poke|p1|Rotom-Wash\n|poke|p2|Venusaur, F\n|poke|p2|Entei, shiny\n|poke|p2|Swampert, M\n|poke|p2|Hydreigon, F\n|poke|p2|Togekiss, F\n|poke|p2|Scizor, M\n|rule|Swagger Clause: Swagger is banned\n|rule|Baton Pass Clause: Limit one Pok\u00e9mon knowing Baton Pass\n|rule|Sleep Clause Mod: Limit one foe put to sleep\n|rule|Species Clause: Limit one of each Pok\u00e9mon\n|rule|OHKO Clause: OHKO moves are banned\n|rule|Moody Clause: Moody is banned\n|rule|Evasion Moves Clause: Evasion moves are banned\n|rule|Endless Battle Clause: Forcing endless battles is banned\n|rule|HP Percentage Mod: HP is shown in percentages\n|teampreview\n|\n|start\n|switch|p1a: Uncle T|Landorus-Therian, M|319\/319\n|switch|p2a: Do You Even Liek|Swampert, M|401\/401\n|-ability|p1a: Uncle T|Intimidate|[of] p2a: Do You Even Liek\n|-unboost|p2a: Do You Even Liek|atk|1\n|turn|1\n|\n|switch|p1a: Dr. Torn|Ferrothorn, M|352\/352\n|move|p2a: Do You Even Liek|Stealth Rock|p1a: Dr. Torn\n|-sidestart|p1: monyeu|move: Stealth Rock\n|\n|turn|2\n|\n|switch|p2a: Rufus|Entei, shiny|386\/386\n|-ability|p2a: Rufus|Pressure\n|move|p1a: Dr. Torn|Stealth Rock|p2a: Rufus\n|-sidestart|p2: Ohmboy Tesla|move: Stealth Rock\n|\n|turn|3\n|\n|move|p1a: Dr. Torn|Protect|p1a: Dr. Torn\n|-singleturn|p1a: Dr. Torn|Protect\n|move|p2a: Rufus|Sacred Fire|p1a: Dr. Torn\n|-activate|p1a: Dr. Torn|Protect\n|\n|turn|4\n|\n|switch|p1a: Washmon2000|Rotom-Wash|303\/303\n|-damage|p1a: Washmon2000|266\/303|[from] Stealth Rock\n|move|p2a: Rufus|Sacred Fire|p1a: Washmon2000\n|-resisted|p1a: Washmon2000\n|-damage|p1a: Washmon2000|200\/303\n|\n|-heal|p1a: Washmon2000|218\/303|[from] item: Leftovers\n|turn|5\n|\n|switch|p2a: Do You Even Liek|Swampert, M|401\/401\n|-damage|p2a: Do You Even Liek|376\/401|[from] Stealth Rock\n|move|p1a: Washmon2000|Will-O-Wisp|p2a: Do You Even Liek\n|-status|p2a: Do You Even Liek|brn\n|\n|-heal|p1a: Washmon2000|236\/303|[from] item: Leftovers\n|-heal|p2a: Do You Even Liek|401\/401 brn|[from] item: Leftovers\n|-damage|p2a: Do You Even Liek|351\/401 brn|[from] brn\n|turn|6\n|\n|switch|p1a: Dr. Torn|Ferrothorn, M|352\/352\n|-damage|p1a: Dr. Torn|330\/352|[from] Stealth Rock\n|move|p2a: Do You Even Liek|Toxic|p1a: Dr. Torn|[miss]\n|-miss|p2a: Do You Even Liek|p1a: Dr. Torn\n|\n|-heal|p2a: Do You Even Liek|376\/401 brn|[from] item: Leftovers\n|-damage|p2a: Do You Even Liek|326\/401 brn|[from] brn\n|turn|7\n|\n|switch|p2a: Menace|Scizor, M|343\/343\n|-damage|p2a: Menace|301\/343|[from] Stealth Rock\n|move|p1a: Dr. Torn|Leech Seed|p2a: Menace\n|-start|p2a: Menace|move: Leech Seed\n|\n|-heal|p2a: Menace|322\/343|[from] item: Leftovers\n|-damage|p2a: Menace|280\/343|[from] Leech Seed|[of] p1a: Dr. Torn\n|-heal|p1a: Dr. Torn|352\/352|[silent]\n|turn|8\n|\n|switch|p1a: Washmon2000|Rotom-Wash|236\/303\n|-damage|p1a: Washmon2000|199\/303|[from] Stealth Rock\n|move|p2a: Menace|Defog|p1a: Washmon2000\n|-unboost|p1a: Washmon2000|evasion|1\n|-sideend|p1: monyeu|Stealth Rock|[from] move: Defog|[of] p1a: Washmon2000\n|-sideend|p2: Ohmboy Tesla|Stealth Rock|[from] move: Defog|[of] p2a: Menace\n|\n|-heal|p1a: Washmon2000|217\/303|[from] item: Leftovers\n|-heal|p2a: Menace|301\/343|[from] item: Leftovers\n|-damage|p2a: Menace|259\/343|[from] Leech Seed|[of] p1a: Washmon2000\n|-heal|p1a: Washmon2000|259\/303|[silent]\n|turn|9\n|\n|switch|p2a: Do You Even Liek|Swampert, M|326\/401 brn\n|move|p1a: Washmon2000|Volt Switch|p2a: Do You Even Liek\n|-immune|p2a: Do You Even Liek|[msg]\n|\n|-heal|p1a: Washmon2000|277\/303|[from] item: Leftovers\n|-heal|p2a: Do You Even Liek|351\/401 brn|[from] item: Leftovers\n|-damage|p2a: Do You Even Liek|301\/401 brn|[from] brn\n|turn|10\n|\n|switch|p1a: Dr. Torn|Ferrothorn, M|352\/352\n|move|p2a: Do You Even Liek|Stealth Rock|p1a: Dr. Torn\n|-sidestart|p1: monyeu|move: Stealth Rock\n|\n|-heal|p2a: Do You Even Liek|326\/401 brn|[from] item: Leftovers\n|-damage|p2a: Do You Even Liek|276\/401 brn|[from] brn\n|turn|11\n|\n|switch|p2a: Rufus|Entei, shiny|386\/386\n|-ability|p2a: Rufus|Pressure\n|move|p1a: Dr. Torn|Stealth Rock|p2a: Rufus\n|-sidestart|p2: Ohmboy Tesla|move: Stealth Rock\n|\n|turn|12\n|\n|move|p1a: Dr. Torn|Protect|p1a: Dr. Torn\n|-singleturn|p1a: Dr. Torn|Protect\n|move|p2a: Rufus|Sacred Fire|p1a: Dr. Torn\n|-activate|p1a: Dr. Torn|Protect\n|\n|turn|13\n|\n|switch|p1a: Washmon2000|Rotom-Wash|277\/303\n|-damage|p1a: Washmon2000|240\/303|[from] Stealth Rock\n|move|p2a: Rufus|Sacred Fire|p1a: Washmon2000\n|-resisted|p1a: Washmon2000\n|-damage|p1a: Washmon2000|174\/303\n|-status|p1a: Washmon2000|brn\n|\n|-heal|p1a: Washmon2000|192\/303 brn|[from] item: Leftovers\n|-damage|p1a: Washmon2000|155\/303 brn|[from] brn\n|turn|14\n|\n|switch|p2a: Do You Even Liek|Swampert, M|276\/401 brn\n|-damage|p2a: Do You Even Liek|251\/401 brn|[from] Stealth Rock\n|move|p1a: Washmon2000|Pain Split|p2a: Do You Even Liek\n|-sethp|p2a: Do You Even Liek|203\/401 brn|p1a: Washmon2000|203\/303 brn|[from] move: Pain Split\n|\n|-heal|p1a: Washmon2000|221\/303 brn|[from] item: Leftovers\n|-heal|p2a: Do You Even Liek|228\/401 brn|[from] item: Leftovers\n|-damage|p1a: Washmon2000|184\/303 brn|[from] brn\n|-damage|p2a: Do You Even Liek|178\/401 brn|[from] brn\n|turn|15\n|\n|move|p1a: Washmon2000|Hydro Pump|p2a: Do You Even Liek\n|-damage|p2a: Do You Even Liek|39\/401 brn\n|move|p2a: Do You Even Liek|Waterfall|p1a: Washmon2000\n|-resisted|p1a: Washmon2000\n|-damage|p1a: Washmon2000|157\/303 brn\n|\n|-heal|p1a: Washmon2000|175\/303 brn|[from] item: Leftovers\n|-heal|p2a: Do You Even Liek|64\/401 brn|[from] item: Leftovers\n|-damage|p1a: Washmon2000|138\/303 brn|[from] brn\n|-damage|p2a: Do You Even Liek|14\/401 brn|[from] brn\n|turn|16\n|\n|switch|p1a: Dr. Torn|Ferrothorn, M|352\/352\n|-damage|p1a: Dr. Torn|330\/352|[from] Stealth Rock\n|move|p2a: Do You Even Liek|Earthquake|p1a: Dr. Torn\n|-damage|p1a: Dr. Torn|285\/352\n|\n|-heal|p2a: Do You Even Liek|39\/401 brn|[from] item: Leftovers\n|-damage|p2a: Do You Even Liek|0 fnt|[from] brn\n|faint|p2a: Do You Even Liek\n|\n|switch|p2a: Precious|Hydreigon, F|349\/349\n|-damage|p2a: Precious|306\/349|[from] Stealth Rock\n|turn|17\n|\n|move|p1a: Dr. Torn|Protect|p1a: Dr. Torn\n|-singleturn|p1a: Dr. Torn|Protect\n|move|p2a: Precious|Flamethrower|p1a: Dr. Torn\n|-activate|p1a: Dr. Torn|Protect\n|\n|turn|18\n|\n|switch|p1a: Washmon2000|Rotom-Wash|138\/303 brn\n|-damage|p1a: Washmon2000|101\/303 brn|[from] Stealth Rock\n|move|p2a: Precious|Flamethrower|p1a: Washmon2000\n|-resisted|p1a: Washmon2000\n|-damage|p1a: Washmon2000|48\/303 brn\n|\n|-heal|p1a: Washmon2000|66\/303 brn|[from] item: Leftovers\n|-damage|p1a: Washmon2000|29\/303 brn|[from] brn\n|turn|19\n|\n|move|p2a: Precious|Flamethrower|p1a: Washmon2000\n|-crit|p1a: Washmon2000\n|-resisted|p1a: Washmon2000\n|-damage|p1a: Washmon2000|0 fnt\n|faint|p1a: Washmon2000\n|\n|\n|switch|p1a: Dragon Ninja|Latios, M|301\/301\n|-damage|p1a: Dragon Ninja|264\/301|[from] Stealth Rock\n|turn|20\n|\n|switch|p2a: Menace|Scizor, M|259\/343\n|-damage|p2a: Menace|217\/343|[from] Stealth Rock\n|move|p1a: Dragon Ninja|Defog|p2a: Menace\n|-unboost|p2a: Menace|evasion|1\n|-sideend|p2: Ohmboy Tesla|Stealth Rock|[from] move: Defog|[of] p2a: Menace\n|-sideend|p1: monyeu|Stealth Rock|[from] move: Defog|[of] p1a: Dragon Ninja\n|\n|-heal|p2a: Menace|238\/343|[from] item: Leftovers\n|turn|21\n|\n|switch|p1a: Dr. Torn|Ferrothorn, M|285\/352\n|switch|p2a: no more tears|Togekiss, F|373\/373\n|\n|turn|22\n|\n|move|p2a: no more tears|Air Slash|p1a: Dr. Torn\n|-damage|p1a: Dr. Torn|203\/352\n|cant|p1a: Dr. Torn|flinch\n|\n|turn|23\n|\n|move|p2a: no more tears|Air Slash|p1a: Dr. Torn\n|-damage|p1a: Dr. Torn|127\/352\n|cant|p1a: Dr. Torn|flinch\n|\n|turn|24\n|\n|move|p2a: no more tears|Air Slash|p1a: Dr. Torn\n|-damage|p1a: Dr. Torn|52\/352\n|cant|p1a: Dr. Torn|flinch\n|\n|turn|25\n|\n|move|p2a: no more tears|Air Slash|p1a: Dr. Torn\n|-damage|p1a: Dr. Torn|0 fnt\n|faint|p1a: Dr. Torn\n|\n|\n|switch|p1a: TABI|Clefable, F|394\/394\n|turn|26\n|\n|move|p2a: no more tears|Thunder Wave|p1a: TABI\n|-status|p1a: TABI|par\n|move|p1a: TABI|Flamethrower|p2a: no more tears\n|-damage|p2a: no more tears|326\/373\n|\n|-heal|p2a: no more tears|349\/373|[from] item: Leftovers\n|turn|27\n|\n|move|p2a: no more tears|Air Slash|p1a: TABI\n|-damage|p1a: TABI|301\/394 par\n|cant|p1a: TABI|flinch\n|\n|-heal|p2a: no more tears|372\/373|[from] item: Leftovers\n|-heal|p1a: TABI|325\/394 par|[from] item: Leftovers\n|turn|28\n|-message|monyeu forfeited.\n|\n|win|Ohmboy Tesla\n|raw|Ladder updating...\n|leave|monyeu\n|player|p1","inputlog":null,"uploadtime":1424963753,"views":0,"p1id":"monyeu","p2id":"ohmboytesla","formatid":"ou","rating":0,"private":0,"password":null}