{"id":"ou-254500181","p1":"The Teal Scizor","p2":"Aquablaster98","format":"ou","log":"|join|The Teal Scizor\n|join|Aquablaster98\n|player|p1|The Teal Scizor|270\n|player|p2|Aquablaster98|163\n|gametype|singles\n|gen|6\n|tier|OU\n|clearpoke\n|poke|p1|Ferrothorn, M, shiny\n|poke|p1|Landorus-Therian, M, shiny\n|poke|p1|Latios, M, shiny\n|poke|p1|Keldeo-Resolute, shiny\n|poke|p1|Clefable, F, shiny\n|poke|p1|Bisharp, M, shiny\n|poke|p2|Charizard, F\n|poke|p2|Excadrill, M\n|poke|p2|Nidoking, M\n|poke|p2|Thundurus, M\n|poke|p2|Slowbro, M\n|poke|p2|Skarmory, F\n|rule|Swagger Clause: Swagger is banned\n|rule|Baton Pass Clause: Limit one Baton Passer, can't pass Spe and other stats simultaneously\n|rule|Sleep Clause Mod: Limit one foe put to sleep\n|rule|Species Clause: Limit one of each Pok\u00e9mon\n|rule|OHKO Clause: OHKO moves are banned\n|rule|Moody Clause: Moody is banned\n|rule|Evasion Moves Clause: Evasion moves are banned\n|rule|Endless Battle Clause: Forcing endless battles is banned\n|rule|HP Percentage Mod: HP is shown in percentages\n|teampreview\n|c|\u2605The Teal Scizor|nice team\n|\n|start\n|switch|p1a: Randorosu|Landorus-Therian, M, shiny|382\/382\n|switch|p2a: Skarmory|Skarmory, F|334\/334\n|-ability|p1a: Randorosu|Intimidate\n|-unboost|p2a: Skarmory|atk|1\n|turn|1\n|\n|move|p1a: Randorosu|Stealth Rock|p2a: Skarmory\n|-sidestart|p2: Aquablaster98|move: Stealth Rock\n|move|p2a: Skarmory|Spikes|p1a: Randorosu\n|-sidestart|p1: The Teal Scizor|Spikes\n|\n|turn|2\n|\n|switch|p1a: Airhorn|Keldeo-Resolute, shiny|323\/323\n|-damage|p1a: Airhorn|283\/323|[from] Spikes\n|move|p2a: Skarmory|Spikes|p1a: Airhorn\n|-sidestart|p1: The Teal Scizor|Spikes\n|\n|-heal|p1a: Airhorn|303\/323|[from] item: Leftovers\n|turn|3\n|\n|move|p1a: Airhorn|Substitute|p1a: Airhorn\n|-start|p1a: Airhorn|Substitute\n|-damage|p1a: Airhorn|223\/323\n|move|p2a: Skarmory|Spikes|p1a: Airhorn\n|-sidestart|p1: The Teal Scizor|Spikes\n|\n|-heal|p1a: Airhorn|243\/323|[from] item: Leftovers\n|turn|4\n|\n|move|p1a: Airhorn|Scald|p2a: Skarmory\n|-damage|p2a: Skarmory|147\/334\n|-status|p2a: Skarmory|brn\n|move|p2a: Skarmory|Taunt|p1a: Airhorn\n|-start|p1a: Airhorn|move: Taunt\n|\n|-heal|p1a: Airhorn|263\/323|[from] item: Leftovers\n|-heal|p2a: Skarmory|167\/334 brn|[from] item: Leftovers\n|-damage|p2a: Skarmory|126\/334 brn|[from] brn\n|turn|5\n|\n|move|p1a: Airhorn|Scald|p2a: Skarmory\n|-damage|p2a: Skarmory|0 fnt\n|faint|p2a: Skarmory\n|\n|-heal|p1a: Airhorn|283\/323|[from] item: Leftovers\n|\n|switch|p2a: Thundurus|Thundurus, M|300\/300\n|-damage|p2a: Thundurus|225\/300|[from] Stealth Rock\n|turn|6\n|\n|move|p2a: Thundurus|Wild Charge|p1a: Airhorn\n|-crit|p1a: Airhorn\n|-supereffective|p1a: Airhorn\n|-end|p1a: Airhorn|Substitute\n|-damage|p2a: Thundurus|205\/300|[from] recoil|[of] p1a: Airhorn\n|move|p1a: Airhorn|Scald|p2a: Thundurus\n|-damage|p2a: Thundurus|46\/300\n|-status|p2a: Thundurus|brn\n|\n|-heal|p1a: Airhorn|303\/323|[from] item: Leftovers\n|-damage|p2a: Thundurus|9\/300 brn|[from] brn\n|turn|7\n|c|\u2605The Teal Scizor|psychical Thundurus O.o\n|\n|switch|p1a: DEEZ NUTS|Ferrothorn, M, shiny|352\/352\n|-damage|p1a: DEEZ NUTS|264\/352|[from] Spikes\n|move|p2a: Thundurus|Fly|p1a: DEEZ NUTS|[still]\n|-prepare|p2a: Thundurus|Fly|p1a: DEEZ NUTS\n|-enditem|p2a: Thundurus|Power Herb\n|-anim|p2a: Thundurus|Fly|p1a: DEEZ NUTS\n|-damage|p1a: DEEZ NUTS|213\/352\n|-damage|p2a: Thundurus|0 fnt|[from] ability: Iron Barbs|[of] p1a: DEEZ NUTS\n|faint|p2a: Thundurus\n|\n|-heal|p1a: DEEZ NUTS|235\/352|[from] item: Leftovers\n|c|\u2605The Teal Scizor|HEATAGH FAJITA\n|\n|switch|p2a: Charizard|Charizard, F|333\/333\n|-damage|p2a: Charizard|167\/333|[from] Stealth Rock\n|turn|8\n|\n|detailschange|p2a: Charizard|Charizard-Mega-X, F\n|-mega|p2a: Charizard|Charizard|Charizardite X\n|move|p2a: Charizard|Fire Punch|p1a: DEEZ NUTS\n|-supereffective|p1a: DEEZ NUTS\n|-damage|p1a: DEEZ NUTS|0 fnt\n|-damage|p2a: Charizard|126\/333|[from] ability: Iron Barbs|[of] p1a: DEEZ NUTS\n|faint|p1a: DEEZ NUTS\n|\n|\n|switch|p1a: Randorosu|Landorus-Therian, M, shiny|382\/382\n|-ability|p1a: Randorosu|Intimidate\n|-unboost|p2a: Charizard|atk|1\n|turn|9\n|\n|move|p2a: Charizard|Roost|p2a: Charizard\n|-heal|p2a: Charizard|293\/333\n|move|p1a: Randorosu|Earthquake|p2a: Charizard\n|-supereffective|p2a: Charizard\n|-damage|p2a: Charizard|0 fnt\n|faint|p2a: Charizard\n|\n|\n|switch|p2a: Slowbro|Slowbro, M|394\/394\n|-damage|p2a: Slowbro|345\/394|[from] Stealth Rock\n|turn|10\n|\n|move|p1a: Randorosu|U-turn|p2a: Slowbro\n|-supereffective|p2a: Slowbro\n|-damage|p2a: Slowbro|237\/394\n|\n|switch|p1a: Tea|Latios, M, shiny|301\/301\n|move|p2a: Slowbro|Toxic|p1a: Tea\n|-status|p1a: Tea|tox\n|\n|-heal|p2a: Slowbro|261\/394|[from] item: Leftovers\n|-damage|p1a: Tea|283\/301 tox|[from] psn\n|turn|11\n|\n|move|p1a: Tea|Draco Meteor|p2a: Slowbro\n|-damage|p2a: Slowbro|0 fnt\n|-unboost|p1a: Tea|spa|2\n|faint|p2a: Slowbro\n|\n|-damage|p1a: Tea|247\/301 tox|[from] psn\n|\n|switch|p2a: Nidoking|Nidoking, M|304\/304\n|-damage|p2a: Nidoking|285\/304|[from] Stealth Rock\n|turn|12\n|\n|switch|p1a: Airhorn|Keldeo-Resolute, shiny|303\/323\n|-damage|p1a: Airhorn|223\/323|[from] Spikes\n|move|p2a: Nidoking|Ice Beam|p1a: Airhorn\n|-resisted|p1a: Airhorn\n|-damage|p1a: Airhorn|145\/323\n|\n|-heal|p1a: Airhorn|165\/323|[from] item: Leftovers\n|turn|13\n|\n|move|p1a: Airhorn|Secret Sword|p2a: Nidoking\n|-resisted|p2a: Nidoking\n|-damage|p2a: Nidoking|185\/304\n|move|p2a: Nidoking|Sludge Wave|p1a: Airhorn\n|-crit|p1a: Airhorn\n|-damage|p1a: Airhorn|0 fnt\n|faint|p1a: Airhorn\n|\n|\n|switch|p1a: Tea|Latios, M, shiny|247\/301 tox\n|turn|14\n|\n|detailschange|p1a: Tea|Latios-Mega, M, shiny\n|-mega|p1a: Tea|Latios|Latiosite\n|move|p1a: Tea|Psyshock|p2a: Nidoking\n|-supereffective|p2a: Nidoking\n|-damage|p2a: Nidoking|0 fnt\n|faint|p2a: Nidoking\n|\n|-damage|p1a: Tea|229\/301 tox|[from] psn\n|\n|switch|p2a: Excadrill|Excadrill, M|361\/361\n|-damage|p2a: Excadrill|350\/361|[from] Stealth Rock\n|-ability|p2a: Excadrill|Mold Breaker\n|-item|p2a: Excadrill|Air Balloon\n|turn|15\n|\n|move|p1a: Tea|Hidden Power|p2a: Excadrill\n|-crit|p2a: Excadrill\n|-supereffective|p2a: Excadrill\n|-damage|p2a: Excadrill|10\/361\n|-enditem|p2a: Excadrill|Air Balloon\n|move|p2a: Excadrill|Iron Head|p1a: Tea\n|-damage|p1a: Tea|51\/301 tox\n|\n|-damage|p1a: Tea|15\/301 tox|[from] psn\n|turn|16\n|\n|move|p1a: Tea|Hidden Power|p2a: Excadrill\n|-supereffective|p2a: Excadrill\n|-damage|p2a: Excadrill|0 fnt\n|faint|p2a: Excadrill\n|\n|win|The Teal Scizor\n|c|\u2605The Teal Scizor|gg","inputlog":null,"uploadtime":1438290557,"views":3,"p1id":"thetealscizor","p2id":"aquablaster98","formatid":"ou","rating":0,"private":0,"password":null}