{"id":"ou-245476912","p1":"The Teal Scizor","p2":"let's dance m8","format":"ou","log":"|join|The Teal Scizor\n|join|let's dance m8\n|player|p1|The Teal Scizor|70\n|player|p2|let's dance m8|24\n|gametype|singles\n|gen|6\n|tier|OU\n|clearpoke\n|poke|p1|Galvantula, M\n|poke|p1|Garchomp, F\n|poke|p1|Sharpedo, F\n|poke|p1|Starmie\n|poke|p1|Scizor, F\n|poke|p1|Gengar, F\n|poke|p2|Alakazam, F\n|poke|p2|Conkeldurr, M\n|poke|p2|Celebi\n|poke|p2|Gardevoir, M\n|poke|p2|Excadrill, F\n|poke|p2|Jirachi\n|rule|Swagger Clause: Swagger is banned\n|rule|Baton Pass Clause: Limit one Pok\u00e9mon knowing Baton Pass\n|rule|Sleep Clause Mod: Limit one foe put to sleep\n|rule|Species Clause: Limit one of each Pok\u00e9mon\n|rule|OHKO Clause: OHKO moves are banned\n|rule|Moody Clause: Moody is banned\n|rule|Evasion Moves Clause: Evasion moves are banned\n|rule|Endless Battle Clause: Forcing endless battles is banned\n|rule|HP Percentage Mod: HP is shown in percentages\n|teampreview\n|\n|start\n|switch|p1a: Speed Bypass|Galvantula, M|281\/281\n|switch|p2a: Celebi|Celebi|404\/404\n|turn|1\n|\n|move|p1a: Speed Bypass|Sticky Web|p2a: Celebi\n|-sidestart|p2: let's dance m8|move: Sticky Web\n|move|p2a: Celebi|Stealth Rock|p1a: Speed Bypass\n|-sidestart|p1: The Teal Scizor|move: Stealth Rock\n|\n|turn|2\n|\n|switch|p1a: It's Mie|Starmie|261\/261\n|-damage|p1a: It's Mie|229\/261|[from] Stealth Rock\n|switch|p2a: Conkeldurr|Conkeldurr, M|413\/413\n|-activate|p2a: Conkeldurr|move: Sticky Web\n|-unboost|p2a: Conkeldurr|spe|1\n|\n|turn|3\n|\n|switch|p1a: TWIN BLADES|Garchomp, F|357\/357\n|-damage|p1a: TWIN BLADES|335\/357|[from] Stealth Rock\n|move|p2a: Conkeldurr|Fire Punch|p1a: TWIN BLADES\n|-resisted|p1a: TWIN BLADES\n|-damage|p1a: TWIN BLADES|278\/357\n|-damage|p2a: Conkeldurr|362\/413|[from] ability: Rough Skin|[of] p1a: TWIN BLADES\n|\n|turn|4\n|\n|switch|p2a: Jirachi|Jirachi|403\/403\n|-activate|p2a: Jirachi|move: Sticky Web\n|-unboost|p2a: Jirachi|spe|1\n|detailschange|p1a: TWIN BLADES|Garchomp-Mega, F\n|-mega|p1a: TWIN BLADES|Garchomp|Garchompite\n|move|p1a: TWIN BLADES|Swords Dance|p1a: TWIN BLADES\n|-boost|p1a: TWIN BLADES|atk|2\n|\n|turn|5\n|\n|move|p1a: TWIN BLADES|Crunch|p2a: Jirachi\n|-supereffective|p2a: Jirachi\n|-damage|p2a: Jirachi|0 fnt\n|faint|p2a: Jirachi\n|\n|\n|switch|p2a: Gardevoir|Gardevoir, M|339\/339\n|-activate|p2a: Gardevoir|move: Sticky Web\n|-unboost|p2a: Gardevoir|spe|1\n|-ability|p2a: Gardevoir|Sand Force|[from] ability: Trace|[of] p1a: TWIN BLADES\n|turn|6\n|\n|detailschange|p2a: Gardevoir|Gardevoir-Mega, M\n|-mega|p2a: Gardevoir|Gardevoir|Gardevoirite\n|move|p1a: TWIN BLADES|Crunch|p2a: Gardevoir\n|-damage|p2a: Gardevoir|0 fnt\n|faint|p2a: Gardevoir\n|\n|\n|switch|p2a: Alakazam|Alakazam, F|251\/251\n|-activate|p2a: Alakazam|move: Sticky Web\n|-unboost|p2a: Alakazam|spe|1\n|turn|7\n|\n|move|p1a: TWIN BLADES|Crunch|p2a: Alakazam\n|-supereffective|p2a: Alakazam\n|-damage|p2a: Alakazam|0 fnt\n|faint|p2a: Alakazam\n|\n|\n|switch|p2a: Excadrill|Excadrill, F|361\/361\n|-activate|p2a: Excadrill|move: Sticky Web\n|-unboost|p2a: Excadrill|spe|1\n|-ability|p2a: Excadrill|Mold Breaker\n|turn|8\n|\n|move|p2a: Excadrill|Earthquake|p1a: TWIN BLADES\n|-damage|p1a: TWIN BLADES|128\/357\n|move|p1a: TWIN BLADES|Fire Fang|p2a: Excadrill\n|-supereffective|p2a: Excadrill\n|-damage|p2a: Excadrill|0 fnt\n|faint|p2a: Excadrill\n|\n|\n|switch|p2a: Conkeldurr|Conkeldurr, M|362\/413\n|-activate|p2a: Conkeldurr|move: Sticky Web\n|-unboost|p2a: Conkeldurr|spe|1\n|turn|9\n|\n|move|p2a: Conkeldurr|Mach Punch|p1a: TWIN BLADES\n|-damage|p1a: TWIN BLADES|50\/357\n|move|p1a: TWIN BLADES|Earthquake|p2a: Conkeldurr\n|-damage|p2a: Conkeldurr|0 fnt\n|faint|p2a: Conkeldurr\n|\n|\n|switch|p2a: Celebi|Celebi|404\/404\n|-activate|p2a: Celebi|move: Sticky Web\n|-unboost|p2a: Celebi|spe|1\n|turn|10\n|\n|move|p1a: TWIN BLADES|Crunch|p2a: Celebi\n|-supereffective|p2a: Celebi\n|-damage|p2a: Celebi|0 fnt\n|faint|p2a: Celebi\n|\n|win|The Teal Scizor","inputlog":null,"uploadtime":1435714508,"views":1,"p1id":"thetealscizor","p2id":"letsdancem8","formatid":"ou","rating":0,"private":0,"password":null}