{"id":"ou-219818870","p1":"Ohmboy Tesla","p2":"Whide","format":"ou","log":"|join|Ohmboy Tesla\n|join|Whide\n|player|p1|Ohmboy Tesla|136\n|player|p2|Whide|110\n|gametype|singles\n|gen|6\n|tier|OU\n|rated\n|clearpoke\n|poke|p1|Venusaur, F\n|poke|p1|Entei, shiny\n|poke|p1|Swampert, M\n|poke|p1|Hydreigon, F\n|poke|p1|Togekiss, F\n|poke|p1|Scizor, M\n|poke|p2|Diancie\n|poke|p2|Volcarona, F\n|poke|p2|Weavile, M\n|poke|p2|Galvantula, M, shiny\n|poke|p2|Serperior, F, shiny\n|poke|p2|Staraptor, F\n|rule|Swagger Clause: Swagger is banned\n|rule|Baton Pass Clause: Limit one Pok\u00e9mon knowing Baton Pass\n|rule|Sleep Clause Mod: Limit one foe put to sleep\n|rule|Species Clause: Limit one of each Pok\u00e9mon\n|rule|OHKO Clause: OHKO moves are banned\n|rule|Moody Clause: Moody is banned\n|rule|Evasion Moves Clause: Evasion moves are banned\n|rule|Endless Battle Clause: Forcing endless battles is banned\n|rule|HP Percentage Mod: HP is shown in percentages\n|teampreview\n|\n|start\n|switch|p1a: Rufus|Entei, shiny|386\/386\n|switch|p2a: Diancie|Diancie|241\/241\n|-ability|p1a: Rufus|Pressure\n|turn|1\n|\n|detailschange|p2a: Diancie|Diancie-Mega\n|-mega|p2a: Diancie|Diancie|Diancite\n|move|p1a: Rufus|Iron Head|p2a: Diancie\n|-supereffective|p2a: Diancie\n|-damage|p2a: Diancie|0 fnt\n|faint|p2a: Diancie\n|\n|\n|switch|p2a: Quero-Quero|Staraptor, F|311\/311\n|turn|2\n|\n|switch|p1a: Do You Even Liek|Swampert, M|401\/401\n|move|p2a: Quero-Quero|Brave Bird|p1a: Do You Even Liek\n|-damage|p1a: Do You Even Liek|181\/401\n|-damage|p2a: Quero-Quero|238\/311|[from] recoil|[of] p1a: Do You Even Liek\n|\n|-heal|p1a: Do You Even Liek|206\/401|[from] item: Leftovers\n|turn|3\n|\n|move|p2a: Quero-Quero|Brave Bird|p1a: Do You Even Liek\n|-crit|p1a: Do You Even Liek\n|-damage|p1a: Do You Even Liek|0 fnt\n|-damage|p2a: Quero-Quero|170\/311|[from] recoil|[of] p1a: Do You Even Liek\n|faint|p1a: Do You Even Liek\n|\n|\n|switch|p1a: no more tears|Togekiss, F|373\/373\n|turn|4\n|\n|move|p2a: Quero-Quero|Brave Bird|p1a: no more tears\n|-damage|p1a: no more tears|88\/373\n|-damage|p2a: Quero-Quero|76\/311|[from] recoil|[of] p1a: no more tears\n|move|p1a: no more tears|Thunder Wave|p2a: Quero-Quero\n|-status|p2a: Quero-Quero|par\n|\n|-heal|p1a: no more tears|111\/373|[from] item: Leftovers\n|turn|5\n|\n|move|p1a: no more tears|Air Slash|p2a: Quero-Quero\n|-damage|p2a: Quero-Quero|0 fnt\n|faint|p2a: Quero-Quero\n|\n|-heal|p1a: no more tears|134\/373|[from] item: Leftovers\n|\n|switch|p2a: Top Lover|Galvantula, M, shiny|281\/281\n|turn|6\n|\n|switch|p1a: Menace|Scizor, M|343\/343\n|move|p2a: Top Lover|Thunder|p1a: Menace\n|-damage|p1a: Menace|189\/343\n|\n|-heal|p1a: Menace|210\/343|[from] item: Leftovers\n|turn|7\n|\n|move|p2a: Top Lover|Thunder Wave|p1a: Menace\n|-status|p1a: Menace|par\n|move|p1a: Menace|U-turn|p2a: Top Lover\n|-damage|p2a: Top Lover|91\/281\n|\n|switch|p1a: Precious|Hydreigon, F|349\/349\n|\n|turn|8\n|\n|move|p1a: Precious|Flamethrower|p2a: Top Lover\n|-supereffective|p2a: Top Lover\n|-damage|p2a: Top Lover|0 fnt\n|faint|p2a: Top Lover\n|\n|\n|switch|p2a: Fire Fly|Volcarona, F|311\/311\n|turn|9\n|\n|switch|p1a: Rufus|Entei, shiny|386\/386\n|-ability|p1a: Rufus|Pressure\n|move|p2a: Fire Fly|Quiver Dance|p2a: Fire Fly\n|-boost|p2a: Fire Fly|spa|1\n|-boost|p2a: Fire Fly|spd|1\n|-boost|p2a: Fire Fly|spe|1\n|\n|turn|10\n|\n|move|p2a: Fire Fly|Fiery Dance|p1a: Rufus\n|-resisted|p1a: Rufus\n|-damage|p1a: Rufus|226\/386\n|-boost|p2a: Fire Fly|spa|1\n|move|p1a: Rufus|Sacred Fire|p2a: Fire Fly\n|-damage|p2a: Fire Fly|74\/311\n|\n|-heal|p2a: Fire Fly|93\/311|[from] item: Leftovers\n|-heal|p1a: Rufus|250\/386|[from] item: Leftovers\n|turn|11\n|\n|move|p1a: Rufus|Extreme Speed|p2a: Fire Fly\n|-crit|p2a: Fire Fly\n|-damage|p2a: Fire Fly|0 fnt\n|faint|p2a: Fire Fly\n|\n|-heal|p1a: Rufus|274\/386|[from] item: Leftovers\n|\n|switch|p2a: Marmota|Weavile, M|281\/281\n|-ability|p2a: Marmota|Pressure\n|turn|12\n|\n|switch|p1a: Menace|Scizor, M|210\/343 par\n|move|p2a: Marmota|Knock Off|p1a: Menace\n|-damage|p1a: Menace|56\/343 par\n|-enditem|p1a: Menace|Leftovers|[from] move: Knock Off|[of] p2a: Marmota\n|\n|turn|13\n|join|Moutinhu Awn\n|\n|move|p1a: Menace|Bullet Punch|p2a: Marmota\n|-supereffective|p2a: Marmota\n|-enditem|p2a: Marmota|Focus Sash\n|-damage|p2a: Marmota|1\/281\n|move|p2a: Marmota|Knock Off|p1a: Menace\n|-crit|p1a: Menace\n|-damage|p1a: Menace|0 fnt\n|faint|p1a: Menace\n|\n|\n|switch|p1a: Rufus|Entei, shiny|274\/386\n|-ability|p1a: Rufus|Pressure\n|turn|14\n|\n|switch|p2a: Evergreen|Serperior, F, shiny|291\/291\n|move|p1a: Rufus|Extreme Speed|p2a: Evergreen\n|-crit|p2a: Evergreen\n|-damage|p2a: Evergreen|142\/291\n|\n|-heal|p2a: Evergreen|160\/291|[from] item: Leftovers\n|-heal|p1a: Rufus|298\/386|[from] item: Leftovers\n|turn|15\n|\n|move|p2a: Evergreen|Hidden Power|p1a: Rufus\n|-supereffective|p1a: Rufus\n|-damage|p1a: Rufus|160\/386\n|move|p1a: Rufus|Sacred Fire|p2a: Evergreen\n|-supereffective|p2a: Evergreen\n|-damage|p2a: Evergreen|0 fnt\n|faint|p2a: Evergreen\n|\n|-heal|p1a: Rufus|184\/386|[from] item: Leftovers\n|c|\u2605Whide|gg\n|c|\u2605Ohmboy Tesla|gg\n|-message|Whide forfeited.\n|\n|win|Ohmboy Tesla\n|raw|Ladder updating...\n|raw|Ohmboy Tesla's rating: 1507 &rarr; <strong>1526<\/strong><br \/>(+19 for winning)\n|raw|Whide's rating: 1488 &rarr; <strong>1469<\/strong><br \/>(-19 for losing)\n|leave|Whide\n|player|p2","inputlog":null,"uploadtime":1427016726,"views":0,"p1id":"ohmboytesla","p2id":"whide","formatid":"ou","rating":1469,"private":0,"password":null}