{"id":"ou-215280223","p1":"Ohmboy Tesla","p2":"AnybodyAgrees","format":"ou","log":"|join|Ohmboy Tesla\n|join|AnybodyAgrees\n|player|p1|Ohmboy Tesla|136\n|player|p2|AnybodyAgrees|109\n|gametype|singles\n|gen|6\n|tier|OU\n|rated\n|clearpoke\n|poke|p1|Venusaur, F\n|poke|p1|Entei, shiny\n|poke|p1|Swampert, M\n|poke|p1|Hydreigon, F\n|poke|p1|Togekiss, F\n|poke|p1|Scizor, M\n|poke|p2|Gyarados, M\n|poke|p2|Keldeo-Resolute\n|poke|p2|Ferrothorn, M\n|poke|p2|Bisharp, M\n|poke|p2|Starmie\n|poke|p2|Sylveon, M\n|rule|Swagger Clause: Swagger is banned\n|rule|Baton Pass Clause: Limit one Pok\u00e9mon knowing Baton Pass\n|rule|Sleep Clause Mod: Limit one foe put to sleep\n|rule|Species Clause: Limit one of each Pok\u00e9mon\n|rule|OHKO Clause: OHKO moves are banned\n|rule|Moody Clause: Moody is banned\n|rule|Evasion Moves Clause: Evasion moves are banned\n|rule|Endless Battle Clause: Forcing endless battles is banned\n|rule|HP Percentage Mod: HP is shown in percentages\n|teampreview\n|c|\u2605AnybodyAgrees|le yay\n|\n|start\n|switch|p1a: Rufus|Entei, shiny|386\/386\n|switch|p2a: Ferrothorn|Ferrothorn, M|352\/352\n|-ability|p1a: Rufus|Pressure\n|turn|1\n|c|\u2605Ohmboy Tesla|?\n|\n|switch|p2a: Starmie|Starmie|323\/323\n|move|p1a: Rufus|Sacred Fire|p2a: Starmie\n|-resisted|p2a: Starmie\n|-damage|p2a: Starmie|223\/323\n|\n|-heal|p2a: Starmie|243\/323|[from] item: Leftovers\n|turn|2\n|\n|switch|p1a: no more tears|Togekiss, F|373\/373\n|move|p2a: Starmie|Scald|p1a: no more tears\n|-damage|p1a: no more tears|306\/373\n|-status|p1a: no more tears|brn\n|\n|-heal|p2a: Starmie|263\/323|[from] item: Leftovers\n|-heal|p1a: no more tears|329\/373 brn|[from] item: Leftovers\n|-damage|p1a: no more tears|283\/373 brn|[from] brn\n|turn|3\n|\n|switch|p2a: Ferrothorn|Ferrothorn, M|352\/352\n|move|p1a: no more tears|Thunder Wave|p2a: Ferrothorn\n|-status|p2a: Ferrothorn|par\n|\n|-heal|p1a: no more tears|306\/373 brn|[from] item: Leftovers\n|-damage|p1a: no more tears|260\/373 brn|[from] brn\n|turn|4\n|\n|move|p1a: no more tears|Air Slash|p2a: Ferrothorn\n|-damage|p2a: Ferrothorn|276\/352 par\n|cant|p2a: Ferrothorn|flinch\n|\n|-heal|p1a: no more tears|283\/373 brn|[from] item: Leftovers\n|-heal|p2a: Ferrothorn|298\/352 par|[from] item: Leftovers\n|-damage|p1a: no more tears|237\/373 brn|[from] brn\n|turn|5\n|\n|move|p1a: no more tears|Air Slash|p2a: Ferrothorn\n|-damage|p2a: Ferrothorn|219\/352 par\n|cant|p2a: Ferrothorn|par\n|\n|-heal|p1a: no more tears|260\/373 brn|[from] item: Leftovers\n|-heal|p2a: Ferrothorn|241\/352 par|[from] item: Leftovers\n|-damage|p1a: no more tears|214\/373 brn|[from] brn\n|turn|6\n|\n|move|p1a: no more tears|Air Slash|p2a: Ferrothorn\n|-damage|p2a: Ferrothorn|162\/352 par\n|cant|p2a: Ferrothorn|flinch\n|\n|-heal|p1a: no more tears|237\/373 brn|[from] item: Leftovers\n|-heal|p2a: Ferrothorn|184\/352 par|[from] item: Leftovers\n|-damage|p1a: no more tears|191\/373 brn|[from] brn\n|turn|7\n|\n|switch|p2a: Starmie|Starmie|263\/323\n|move|p1a: no more tears|Air Slash|p2a: Starmie\n|-damage|p2a: Starmie|142\/323\n|\n|-heal|p2a: Starmie|162\/323|[from] item: Leftovers\n|-heal|p1a: no more tears|214\/373 brn|[from] item: Leftovers\n|-damage|p1a: no more tears|168\/373 brn|[from] brn\n|turn|8\n|\n|move|p2a: Starmie|Recover|p2a: Starmie\n|-heal|p2a: Starmie|323\/323\n|move|p1a: no more tears|Roost|p1a: no more tears\n|-heal|p1a: no more tears|355\/373 brn\n|\n|-heal|p1a: no more tears|373\/373 brn|[from] item: Leftovers\n|-damage|p1a: no more tears|327\/373 brn|[from] brn\n|turn|9\n|\n|move|p2a: Starmie|Scald|p1a: no more tears\n|-damage|p1a: no more tears|261\/373 brn\n|move|p1a: no more tears|Dazzling Gleam|p2a: Starmie\n|-damage|p2a: Starmie|197\/323\n|\n|-heal|p2a: Starmie|217\/323|[from] item: Leftovers\n|-heal|p1a: no more tears|284\/373 brn|[from] item: Leftovers\n|-damage|p1a: no more tears|238\/373 brn|[from] brn\n|turn|10\n|\n|switch|p2a: Ferrothorn|Ferrothorn, M|184\/352 par\n|move|p1a: no more tears|Dazzling Gleam|p2a: Ferrothorn\n|-resisted|p2a: Ferrothorn\n|-damage|p2a: Ferrothorn|145\/352 par\n|\n|-heal|p1a: no more tears|261\/373 brn|[from] item: Leftovers\n|-heal|p2a: Ferrothorn|167\/352 par|[from] item: Leftovers\n|-damage|p1a: no more tears|215\/373 brn|[from] brn\n|turn|11\n|\n|move|p1a: no more tears|Air Slash|p2a: Ferrothorn\n|-damage|p2a: Ferrothorn|80\/352 par\n|cant|p2a: Ferrothorn|par\n|\n|-heal|p1a: no more tears|238\/373 brn|[from] item: Leftovers\n|-heal|p2a: Ferrothorn|102\/352 par|[from] item: Leftovers\n|-damage|p1a: no more tears|192\/373 brn|[from] brn\n|turn|12\n|\n|switch|p2a: Starmie|Starmie|217\/323\n|move|p1a: no more tears|Air Slash|p2a: Starmie\n|-damage|p2a: Starmie|108\/323\n|\n|-heal|p2a: Starmie|128\/323|[from] item: Leftovers\n|-heal|p1a: no more tears|215\/373 brn|[from] item: Leftovers\n|-damage|p1a: no more tears|169\/373 brn|[from] brn\n|turn|13\n|\n|move|p2a: Starmie|Scald|p1a: no more tears\n|-damage|p1a: no more tears|106\/373 brn\n|move|p1a: no more tears|Roost|p1a: no more tears\n|-heal|p1a: no more tears|293\/373 brn\n|\n|-heal|p2a: Starmie|148\/323|[from] item: Leftovers\n|-heal|p1a: no more tears|316\/373 brn|[from] item: Leftovers\n|-damage|p1a: no more tears|270\/373 brn|[from] brn\n|turn|14\n|\n|move|p2a: Starmie|Scald|p1a: no more tears\n|-damage|p1a: no more tears|204\/373 brn\n|move|p1a: no more tears|Dazzling Gleam|p2a: Starmie\n|-damage|p2a: Starmie|18\/323\n|\n|-heal|p2a: Starmie|38\/323|[from] item: Leftovers\n|-heal|p1a: no more tears|227\/373 brn|[from] item: Leftovers\n|-damage|p1a: no more tears|181\/373 brn|[from] brn\n|turn|15\n|\n|move|p2a: Starmie|Recover|p2a: Starmie\n|-heal|p2a: Starmie|200\/323\n|move|p1a: no more tears|Thunder Wave|p2a: Starmie\n|-status|p2a: Starmie|par\n|\n|-heal|p1a: no more tears|204\/373 brn|[from] item: Leftovers\n|-heal|p2a: Starmie|220\/323 par|[from] item: Leftovers\n|-damage|p1a: no more tears|158\/373 brn|[from] brn\n|turn|16\n|\n|switch|p2a: Bisharp|Bisharp, M|271\/271\n|move|p1a: no more tears|Roost|p1a: no more tears\n|-heal|p1a: no more tears|345\/373 brn\n|\n|-heal|p1a: no more tears|368\/373 brn|[from] item: Leftovers\n|-damage|p1a: no more tears|322\/373 brn|[from] brn\n|turn|17\n|\n|switch|p1a: Do You Even Liek|Swampert, M|401\/401\n|move|p2a: Bisharp|Knock Off|p1a: Do You Even Liek\n|-damage|p1a: Do You Even Liek|218\/401\n|-enditem|p1a: Do You Even Liek|Leftovers|[from] move: Knock Off|[of] p2a: Bisharp\n|-damage|p2a: Bisharp|244\/271|[from] item: Life Orb\n|\n|turn|18\n|\n|switch|p2a: Ferrothorn|Ferrothorn, M|102\/352 par\n|move|p1a: Do You Even Liek|Stealth Rock|p2a: Ferrothorn\n|-sidestart|p2: AnybodyAgrees|move: Stealth Rock\n|\n|-heal|p2a: Ferrothorn|124\/352 par|[from] item: Leftovers\n|turn|19\n|\n|switch|p1a: Rufus|Entei, shiny|386\/386\n|-ability|p1a: Rufus|Pressure\n|move|p2a: Ferrothorn|Stealth Rock|p1a: Rufus\n|-sidestart|p1: Ohmboy Tesla|move: Stealth Rock\n|\n|-heal|p2a: Ferrothorn|146\/352 par|[from] item: Leftovers\n|turn|20\n|\n|move|p1a: Rufus|Sacred Fire|p2a: Ferrothorn\n|-supereffective|p2a: Ferrothorn\n|-damage|p2a: Ferrothorn|0 fnt\n|faint|p2a: Ferrothorn\n|\n|\n|switch|p2a: Starmie|Starmie|220\/323\n|-damage|p2a: Starmie|180\/323|[from] Stealth Rock\n|turn|21\n|\n|move|p2a: Starmie|Recover|p2a: Starmie\n|-heal|p2a: Starmie|323\/323\n|move|p1a: Rufus|Sacred Fire|p2a: Starmie\n|-resisted|p2a: Starmie\n|-damage|p2a: Starmie|225\/323\n|\n|-heal|p2a: Starmie|245\/323|[from] item: Leftovers\n|turn|22\n|\n|switch|p1a: no more tears|Togekiss, F|322\/373 brn\n|-damage|p1a: no more tears|229\/373 brn|[from] Stealth Rock\n|move|p2a: Starmie|Reflect Type|p1a: no more tears\n|-start|p2a: Starmie|typechange|[from] move: Reflect Type|[of] p1a: no more tears\n|\n|-heal|p2a: Starmie|265\/323|[from] item: Leftovers\n|-heal|p1a: no more tears|252\/373 brn|[from] item: Leftovers\n|-damage|p1a: no more tears|206\/373 brn|[from] brn\n|turn|23\n|\n|move|p2a: Starmie|Rapid Spin|p1a: no more tears\n|-damage|p1a: no more tears|195\/373 brn\n|-sideend|p2: AnybodyAgrees|Stealth Rock|[from] move: Rapid Spin|[of] p2a: Starmie\n|move|p1a: no more tears|Thunder Wave|p2a: Starmie\n|-status|p2a: Starmie|par\n|\n|-heal|p1a: no more tears|218\/373 brn|[from] item: Leftovers\n|-heal|p2a: Starmie|285\/323 par|[from] item: Leftovers\n|-damage|p1a: no more tears|172\/373 brn|[from] brn\n|turn|24\n|\n|switch|p2a: Bisharp|Bisharp, M|244\/271\n|move|p1a: no more tears|Dazzling Gleam|p2a: Bisharp\n|-damage|p2a: Bisharp|97\/271\n|\n|-heal|p1a: no more tears|195\/373 brn|[from] item: Leftovers\n|-damage|p1a: no more tears|149\/373 brn|[from] brn\n|turn|25\n|\n|switch|p1a: Do You Even Liek|Swampert, M|218\/401\n|-damage|p1a: Do You Even Liek|193\/401|[from] Stealth Rock\n|move|p2a: Bisharp|Iron Head|p1a: Do You Even Liek\n|-resisted|p1a: Do You Even Liek\n|-damage|p1a: Do You Even Liek|119\/401\n|-damage|p2a: Bisharp|70\/271|[from] item: Life Orb\n|\n|turn|26\n|\n|move|p2a: Bisharp|Knock Off|p1a: Do You Even Liek\n|-damage|p1a: Do You Even Liek|0 fnt\n|-damage|p2a: Bisharp|43\/271|[from] item: Life Orb\n|faint|p1a: Do You Even Liek\n|\n|\n|switch|p1a: Rufus|Entei, shiny|386\/386\n|-damage|p1a: Rufus|290\/386|[from] Stealth Rock\n|-ability|p1a: Rufus|Pressure\n|turn|27\n|\n|switch|p2a: Starmie|Starmie|285\/323\n|move|p1a: Rufus|Extreme Speed|p2a: Starmie\n|-damage|p2a: Starmie|176\/323\n|\n|-heal|p2a: Starmie|196\/323|[from] item: Leftovers\n|-heal|p1a: Rufus|314\/386|[from] item: Leftovers\n|turn|28\n|c|\u2605AnybodyAgrees|leftovers wat\n|c|\u2605AnybodyAgrees|why not a band\n|c|\u2605Ohmboy Tesla|it actually has the highest HP stat of all fire types, and this allows me to come in on rocks multiple times ;)\n|\n|switch|p1a: Menace|Scizor, M|343\/343\n|-damage|p1a: Menace|301\/343|[from] Stealth Rock\n|move|p2a: Starmie|Recover|p2a: Starmie\n|-heal|p2a: Starmie|323\/323\n|\n|-heal|p1a: Menace|322\/343|[from] item: Leftovers\n|turn|29\n|\n|switch|p2a: Bisharp|Bisharp, M|43\/271\n|move|p1a: Menace|U-turn|p2a: Bisharp\n|-damage|p2a: Bisharp|0 fnt\n|faint|p2a: Bisharp\n|\n|switch|p1a: no more tears|Togekiss, F|149\/373 brn\n|-damage|p1a: no more tears|56\/373 brn|[from] Stealth Rock\n|\n|-heal|p1a: no more tears|79\/373 brn|[from] item: Leftovers\n|-damage|p1a: no more tears|33\/373 brn|[from] brn\n|\n|switch|p2a: Starmie|Starmie|323\/323\n|turn|30\n|\n|move|p2a: Starmie|Scald|p1a: no more tears\n|-damage|p1a: no more tears|0 fnt\n|faint|p1a: no more tears\n|\n|\n|switch|p1a: Menace|Scizor, M|322\/343\n|-damage|p1a: Menace|280\/343|[from] Stealth Rock\n|turn|31\n|\n|move|p2a: Starmie|Reflect Type|p1a: Menace\n|-start|p2a: Starmie|typechange|[from] move: Reflect Type|[of] p1a: Menace\n|move|p1a: Menace|Defog|p2a: Starmie\n|-unboost|p2a: Starmie|evasion|1\n|-sideend|p1: Ohmboy Tesla|Stealth Rock|[from] move: Defog|[of] p1a: Menace\n|\n|-heal|p1a: Menace|301\/343|[from] item: Leftovers\n|turn|32\n|\n|move|p2a: Starmie|Scald|p1a: Menace\n|-damage|p1a: Menace|232\/343\n|move|p1a: Menace|U-turn|p2a: Starmie\n|-resisted|p2a: Starmie\n|-damage|p2a: Starmie|253\/323\n|\n|switch|p1a: Precious|Hydreigon, F|349\/349\n|\n|-heal|p2a: Starmie|273\/323|[from] item: Leftovers\n|turn|33\n|\n|switch|p2a: Sylveon|Sylveon, M|393\/393\n|move|p1a: Precious|U-turn|p2a: Sylveon\n|-resisted|p2a: Sylveon\n|-damage|p2a: Sylveon|353\/393\n|\n|switch|p1a: Rufus|Entei, shiny|314\/386\n|-ability|p1a: Rufus|Pressure\n|\n|-heal|p1a: Rufus|338\/386|[from] item: Leftovers\n|turn|34\n|\n|switch|p2a: Starmie|Starmie|273\/323\n|move|p1a: Rufus|Sacred Fire|p2a: Starmie\n|-resisted|p2a: Starmie\n|-damage|p2a: Starmie|162\/323\n|\n|-heal|p2a: Starmie|182\/323|[from] item: Leftovers\n|-heal|p1a: Rufus|362\/386|[from] item: Leftovers\n|turn|35\n|\n|switch|p1a: Menace|Scizor, M|232\/343\n|move|p2a: Starmie|Recover|p2a: Starmie\n|-heal|p2a: Starmie|323\/323\n|\n|-heal|p1a: Menace|253\/343|[from] item: Leftovers\n|turn|36\n|\n|switch|p2a: Keldeo-Resolute|Keldeo-Resolute|323\/323\n|move|p1a: Menace|U-turn|p2a: Keldeo-Resolute\n|-resisted|p2a: Keldeo-Resolute\n|-damage|p2a: Keldeo-Resolute|248\/323\n|\n|switch|p1a: Berta|Venusaur, F|363\/363\n|\n|turn|37\n|\n|detailschange|p1a: Berta|Venusaur-Mega, F\n|-mega|p1a: Berta|Venusaur|Venusaurite\n|move|p2a: Keldeo-Resolute|Hidden Power|p1a: Berta\n|-supereffective|p1a: Berta\n|-damage|p1a: Berta|181\/363\n|move|p1a: Berta|Giga Drain|p2a: Keldeo-Resolute\n|-supereffective|p2a: Keldeo-Resolute\n|-damage|p2a: Keldeo-Resolute|30\/323\n|-heal|p1a: Berta|290\/363|[from] drain|[of] p2a: Keldeo-Resolute\n|\n|turn|38\n|\n|switch|p2a: Starmie|Starmie|323\/323\n|switch|p1a: Menace|Scizor, M|253\/343\n|\n|-heal|p1a: Menace|274\/343|[from] item: Leftovers\n|turn|39\n|\n|move|p2a: Starmie|Reflect Type|p1a: Menace\n|-start|p2a: Starmie|typechange|[from] move: Reflect Type|[of] p1a: Menace\n|move|p1a: Menace|U-turn|p2a: Starmie\n|-resisted|p2a: Starmie\n|-damage|p2a: Starmie|247\/323\n|\n|switch|p1a: Precious|Hydreigon, F|349\/349\n|\n|-heal|p2a: Starmie|267\/323|[from] item: Leftovers\n|turn|40\n|\n|switch|p2a: Sylveon|Sylveon, M|353\/393\n|move|p1a: Precious|Flamethrower|p2a: Sylveon\n|-damage|p2a: Sylveon|256\/393\n|\n|turn|41\n|\n|switch|p1a: Menace|Scizor, M|274\/343\n|move|p2a: Sylveon|Hyper Voice|p1a: Menace\n|-resisted|p1a: Menace\n|-damage|p1a: Menace|109\/343\n|\n|-heal|p1a: Menace|130\/343|[from] item: Leftovers\n|turn|42\n|\n|switch|p2a: Gyarados|Gyarados, M|331\/331\n|-ability|p2a: Gyarados|Intimidate|[of] p1a: Menace\n|-unboost|p1a: Menace|atk|1\n|move|p1a: Menace|Bullet Punch|p2a: Gyarados\n|-resisted|p2a: Gyarados\n|-damage|p2a: Gyarados|284\/331\n|\n|-heal|p1a: Menace|151\/343|[from] item: Leftovers\n|turn|43\n|\n|move|p2a: Gyarados|Substitute|p2a: Gyarados\n|-start|p2a: Gyarados|Substitute\n|-damage|p2a: Gyarados|202\/331\n|move|p1a: Menace|U-turn|p2a: Gyarados\n|-resisted|p2a: Gyarados\n|-activate|p2a: Gyarados|Substitute|[damage]\n|\n|switch|p1a: Precious|Hydreigon, F|349\/349\n|\n|turn|44\n|\n|switch|p2a: Sylveon|Sylveon, M|256\/393\n|move|p1a: Precious|U-turn|p2a: Sylveon\n|-resisted|p2a: Sylveon\n|-damage|p2a: Sylveon|220\/393\n|\n|switch|p1a: Rufus|Entei, shiny|362\/386\n|-ability|p1a: Rufus|Pressure\n|\n|-heal|p1a: Rufus|386\/386|[from] item: Leftovers\n|turn|45\n|\n|switch|p2a: Starmie|Starmie|267\/323\n|move|p1a: Rufus|Sacred Fire|p2a: Starmie\n|-resisted|p2a: Starmie\n|-damage|p2a: Starmie|160\/323\n|-status|p2a: Starmie|brn\n|\n|-heal|p2a: Starmie|180\/323 brn|[from] item: Leftovers\n|-damage|p2a: Starmie|140\/323 brn|[from] brn\n|turn|46\n|c|\u2605AnybodyAgrees|I can't believe these plays\n|c|\u2605Ohmboy Tesla|yeah, me neither :)\n|\n|move|p2a: Starmie|Recover|p2a: Starmie\n|-heal|p2a: Starmie|302\/323 brn\n|move|p1a: Rufus|Bulldoze|p2a: Starmie\n|-damage|p2a: Starmie|223\/323 brn\n|-unboost|p2a: Starmie|spe|1\n|\n|-heal|p2a: Starmie|243\/323 brn|[from] item: Leftovers\n|-damage|p2a: Starmie|203\/323 brn|[from] brn\n|turn|47\n|\n|switch|p1a: Menace|Scizor, M|151\/343\n|switch|p2a: Keldeo-Resolute|Keldeo-Resolute|30\/323\n|\n|-heal|p1a: Menace|172\/343|[from] item: Leftovers\n|turn|48\n|\n|move|p1a: Menace|Bullet Punch|p2a: Keldeo-Resolute\n|-resisted|p2a: Keldeo-Resolute\n|-damage|p2a: Keldeo-Resolute|0 fnt\n|faint|p2a: Keldeo-Resolute\n|\n|-heal|p1a: Menace|193\/343|[from] item: Leftovers\n|\n|switch|p2a: Gyarados|Gyarados, M|202\/331\n|-ability|p2a: Gyarados|Intimidate|[of] p1a: Menace\n|-unboost|p1a: Menace|atk|1\n|turn|49\n|\n|move|p2a: Gyarados|Dragon Dance|p2a: Gyarados\n|-boost|p2a: Gyarados|atk|1\n|-boost|p2a: Gyarados|spe|1\n|move|p1a: Menace|U-turn|p2a: Gyarados\n|-resisted|p2a: Gyarados\n|-damage|p2a: Gyarados|154\/331\n|\n|switch|p1a: Precious|Hydreigon, F|349\/349\n|\n|turn|50\n|\n|detailschange|p2a: Gyarados|Gyarados-Mega, M\n|-mega|p2a: Gyarados|Gyarados|Gyaradosite\n|-ability|p2a: Gyarados|Mold Breaker\n|move|p1a: Precious|Dark Pulse|p2a: Gyarados\n|-resisted|p2a: Gyarados\n|-damage|p2a: Gyarados|98\/331\n|move|p2a: Gyarados|Substitute|p2a: Gyarados\n|-start|p2a: Gyarados|Substitute\n|-damage|p2a: Gyarados|16\/331\n|\n|turn|51\n|\n|switch|p1a: Menace|Scizor, M|193\/343\n|move|p2a: Gyarados|Dragon Dance|p2a: Gyarados\n|-boost|p2a: Gyarados|atk|1\n|-boost|p2a: Gyarados|spe|1\n|\n|-heal|p1a: Menace|214\/343|[from] item: Leftovers\n|turn|52\n|\n|move|p1a: Menace|Bullet Punch|p2a: Gyarados\n|-resisted|p2a: Gyarados\n|-activate|p2a: Gyarados|Substitute|[damage]\n|move|p2a: Gyarados|Waterfall|p1a: Menace\n|-damage|p1a: Menace|0 fnt\n|faint|p1a: Menace\n|\n|c|\u2605AnybodyAgrees|how many flinches do you think I'll get\n|\n|switch|p1a: Berta|Venusaur-Mega, F|290\/363\n|turn|53\n|c|\u2605Ohmboy Tesla|hopefully zero :p\n|c|\u2605Ohmboy Tesla|mold breaker though...\n|\n|move|p2a: Gyarados|Crunch|p1a: Berta\n|-damage|p1a: Berta|79\/363\n|-unboost|p1a: Berta|def|1\n|move|p1a: Berta|Giga Drain|p2a: Gyarados\n|-supereffective|p2a: Gyarados\n|-end|p2a: Gyarados|Substitute\n|-heal|p1a: Berta|96\/363|[from] drain|[of] p2a: Gyarados\n|\n|turn|54\n|\n|move|p2a: Gyarados|Waterfall|p1a: Berta\n|-resisted|p1a: Berta\n|-damage|p1a: Berta|0 fnt\n|faint|p1a: Berta\n|\n|\n|switch|p1a: Rufus|Entei, shiny|386\/386\n|-ability|p1a: Rufus|Pressure\n|turn|55\n|\n|move|p1a: Rufus|Extreme Speed|p2a: Gyarados\n|-damage|p2a: Gyarados|0 fnt\n|faint|p2a: Gyarados\n|\n|\n|switch|p2a: Starmie|Starmie|203\/323\n|turn|56\n|\n|switch|p1a: Precious|Hydreigon, F|349\/349\n|move|p2a: Starmie|Reflect Type|p1a: Precious\n|-start|p2a: Starmie|typechange|[from] move: Reflect Type|[of] p1a: Precious\n|\n|-heal|p2a: Starmie|223\/323|[from] item: Leftovers\n|turn|57\n|c|\u2605Ohmboy Tesla|either way this ends, gg man\n|\n|move|p1a: Precious|U-turn|p2a: Starmie\n|-supereffective|p2a: Starmie\n|-damage|p2a: Starmie|113\/323\n|\n|switch|p1a: Rufus|Entei, shiny|386\/386\n|-ability|p1a: Rufus|Pressure\n|move|p2a: Starmie|Recover|p2a: Starmie\n|-heal|p2a: Starmie|275\/323\n|\n|-heal|p2a: Starmie|295\/323|[from] item: Leftovers\n|turn|58\n|\n|switch|p1a: Precious|Hydreigon, F|349\/349\n|move|p2a: Starmie|Reflect Type|p1a: Precious\n|-start|p2a: Starmie|typechange|[from] move: Reflect Type|[of] p1a: Precious\n|\n|-heal|p2a: Starmie|315\/323|[from] item: Leftovers\n|turn|59\n|\n|switch|p2a: Sylveon|Sylveon, M|220\/393\n|move|p1a: Precious|Earth Power|p2a: Sylveon\n|-damage|p2a: Sylveon|134\/393\n|\n|turn|60\n|\n|switch|p1a: Rufus|Entei, shiny|386\/386\n|-ability|p1a: Rufus|Pressure\n|move|p2a: Sylveon|Baton Pass|p2a: Sylveon\n|\n|switch|p2a: Starmie|Starmie|315\/323\n|\n|-heal|p2a: Starmie|323\/323|[from] item: Leftovers\n|turn|61\n|\n|move|p2a: Starmie|Scald|p1a: Rufus\n|-supereffective|p1a: Rufus\n|-damage|p1a: Rufus|144\/386\n|move|p1a: Rufus|Bulldoze|p2a: Starmie\n|-crit|p2a: Starmie\n|-damage|p2a: Starmie|205\/323\n|-unboost|p2a: Starmie|spe|1\n|\n|-heal|p1a: Rufus|168\/386|[from] item: Leftovers\n|-heal|p2a: Starmie|225\/323|[from] item: Leftovers\n|turn|62\n|\n|move|p1a: Rufus|Sacred Fire|p2a: Starmie\n|-resisted|p2a: Starmie\n|-damage|p2a: Starmie|117\/323\n|move|p2a: Starmie|Scald|p1a: Rufus\n|-supereffective|p1a: Rufus\n|-damage|p1a: Rufus|0 fnt\n|faint|p1a: Rufus\n|\n|-heal|p2a: Starmie|137\/323|[from] item: Leftovers\n|c|\u2605AnybodyAgrees|gg\n|c|\u2605Ohmboy Tesla|gg\n|\n|switch|p1a: Precious|Hydreigon, F|349\/349\n|turn|63\n|\n|move|p1a: Precious|Earth Power|p2a: Starmie\n|-damage|p2a: Starmie|15\/323\n|move|p2a: Starmie|Recover|p2a: Starmie\n|-heal|p2a: Starmie|177\/323\n|\n|-heal|p2a: Starmie|197\/323|[from] item: Leftovers\n|turn|64\n|\n|move|p1a: Precious|Earth Power|p2a: Starmie\n|-damage|p2a: Starmie|61\/323\n|move|p2a: Starmie|Recover|p2a: Starmie\n|-heal|p2a: Starmie|223\/323\n|\n|-heal|p2a: Starmie|243\/323|[from] item: Leftovers\n|turn|65\n|c|\u2605AnybodyAgrees|ty based starmie\n|\n|move|p1a: Precious|Earth Power|p2a: Starmie\n|-damage|p2a: Starmie|111\/323\n|move|p2a: Starmie|Recover|p2a: Starmie\n|-heal|p2a: Starmie|273\/323\n|\n|-heal|p2a: Starmie|293\/323|[from] item: Leftovers\n|turn|66\n|c|\u2605Ohmboy Tesla|is it invested in bulk? cuz it tanks quite well\n|\n|move|p1a: Precious|Earth Power|p2a: Starmie\n|-damage|p2a: Starmie|171\/323\n|move|p2a: Starmie|Scald|p1a: Precious\n|-resisted|p1a: Precious\n|-damage|p1a: Precious|295\/349\n|\n|-heal|p2a: Starmie|191\/323|[from] item: Leftovers\n|turn|67\n|c|\u2605AnybodyAgrees|248 HP 16 SpD\n|\n|move|p1a: Precious|Earth Power|p2a: Starmie\n|-damage|p2a: Starmie|54\/323\n|move|p2a: Starmie|Recover|p2a: Starmie\n|-heal|p2a: Starmie|216\/323\n|\n|-heal|p2a: Starmie|236\/323|[from] item: Leftovers\n|turn|68\n|c|\u2605Ohmboy Tesla|thought something like that :)\n|\n|move|p1a: Precious|Earth Power|p2a: Starmie\n|-damage|p2a: Starmie|116\/323\n|move|p2a: Starmie|Recover|p2a: Starmie\n|-heal|p2a: Starmie|278\/323\n|\n|-heal|p2a: Starmie|298\/323|[from] item: Leftovers\n|turn|69\n|c|\u2605Ohmboy Tesla|well, here's hoping for a crit or two :p\n|\n|move|p1a: Precious|Earth Power|p2a: Starmie\n|-damage|p2a: Starmie|165\/323\n|move|p2a: Starmie|Scald|p1a: Precious\n|-resisted|p1a: Precious\n|-damage|p1a: Precious|244\/349\n|\n|-heal|p2a: Starmie|185\/323|[from] item: Leftovers\n|turn|70\n|c|\u2605Ohmboy Tesla|but I guess that would be stealing the win\n|\n|move|p1a: Precious|Earth Power|p2a: Starmie\n|-damage|p2a: Starmie|55\/323\n|move|p2a: Starmie|Recover|p2a: Starmie\n|-heal|p2a: Starmie|217\/323\n|\n|-heal|p2a: Starmie|237\/323|[from] item: Leftovers\n|turn|71\n|\n|move|p1a: Precious|Earth Power|p2a: Starmie\n|-damage|p2a: Starmie|114\/323\n|move|p2a: Starmie|Recover|p2a: Starmie\n|-heal|p2a: Starmie|276\/323\n|\n|-heal|p2a: Starmie|296\/323|[from] item: Leftovers\n|turn|72\n|\n|move|p1a: Precious|Earth Power|p2a: Starmie\n|-damage|p2a: Starmie|160\/323\n|move|p2a: Starmie|Scald|p1a: Precious\n|-resisted|p1a: Precious\n|-damage|p1a: Precious|196\/349\n|-status|p1a: Precious|brn\n|\n|-heal|p2a: Starmie|180\/323|[from] item: Leftovers\n|-damage|p1a: Precious|153\/349 brn|[from] brn\n|turn|73\n|\n|move|p1a: Precious|Earth Power|p2a: Starmie\n|-crit|p2a: Starmie\n|-damage|p2a: Starmie|0 fnt\n|faint|p2a: Starmie\n|\n|-damage|p1a: Precious|110\/349 brn|[from] brn\n|c|\u2605AnybodyAgrees|gg\n|\n|switch|p2a: Sylveon|Sylveon, M|134\/393\n|turn|74\n|c|\u2605Ohmboy Tesla|gg\n|\n|move|p1a: Precious|Earth Power|p2a: Sylveon\n|-damage|p2a: Sylveon|40\/393\n|move|p2a: Sylveon|Hyper Voice|p1a: Precious\n|-supereffective|p1a: Precious\n|-damage|p1a: Precious|0 fnt\n|faint|p1a: Precious\n|\n|win|AnybodyAgrees\n|raw|Ladder updating...\n|raw|Ohmboy Tesla's rating: 1558 &rarr; <strong>1542<\/strong><br \/>(-16 for losing)\n|raw|AnybodyAgrees's rating: 1621 &rarr; <strong>1637<\/strong><br \/>(+16 for winning)\n|leave|Ohmboy Tesla","inputlog":null,"uploadtime":1425419065,"views":0,"p1id":"ohmboytesla","p2id":"anybodyagrees","formatid":"ou","rating":1542,"private":0,"password":null}