{"id":"ou-220358127","p1":"Ohmboy Tesla","p2":"michael 666","format":"ou","log":"|join|Ohmboy Tesla\n|join|michael 666\n|player|p1|Ohmboy Tesla|136\n|player|p2|michael 666|265\n|gametype|singles\n|gen|6\n|tier|OU\n|rated\n|clearpoke\n|poke|p1|Venusaur, F\n|poke|p1|Entei, shiny\n|poke|p1|Swampert, M\n|poke|p1|Hydreigon, F\n|poke|p1|Togekiss, F\n|poke|p1|Scizor, M\n|poke|p2|Rotom-Wash\n|poke|p2|Landorus-Therian, M\n|poke|p2|Heatran, F\n|poke|p2|Scizor, M\n|poke|p2|Latias, F\n|poke|p2|Raikou\n|rule|Swagger Clause: Swagger is banned\n|rule|Baton Pass Clause: Limit one Pok\u00e9mon knowing Baton Pass\n|rule|Sleep Clause Mod: Limit one foe put to sleep\n|rule|Species Clause: Limit one of each Pok\u00e9mon\n|rule|OHKO Clause: OHKO moves are banned\n|rule|Moody Clause: Moody is banned\n|rule|Evasion Moves Clause: Evasion moves are banned\n|rule|Endless Battle Clause: Forcing endless battles is banned\n|rule|HP Percentage Mod: HP is shown in percentages\n|teampreview\n|c|\u2605Ohmboy Tesla|I would wish you good luck, but I lost 2 of my last 3 games because of freeze and flinch hax, so I hope you don't mind if I don't :p\n|\n|start\n|switch|p1a: Do You Even Liek|Swampert, M|401\/401\n|switch|p2a: Heatran|Heatran, F|386\/386\n|turn|1\n|\n|move|p2a: Heatran|Toxic|p1a: Do You Even Liek\n|-status|p1a: Do You Even Liek|tox\n|move|p1a: Do You Even Liek|Waterfall|p2a: Heatran\n|-supereffective|p2a: Heatran\n|-damage|p2a: Heatran|174\/386\n|\n|-heal|p2a: Heatran|198\/386|[from] item: Leftovers\n|-damage|p1a: Do You Even Liek|376\/401 tox|[from] psn\n|turn|2\n|\n|move|p2a: Heatran|Protect|p2a: Heatran\n|-singleturn|p2a: Heatran|Protect\n|move|p1a: Do You Even Liek|Stealth Rock|p2a: Heatran\n|-sidestart|p2: michael 666|move: Stealth Rock\n|\n|-heal|p2a: Heatran|222\/386|[from] item: Leftovers\n|-heal|p1a: Do You Even Liek|401\/401 tox|[from] item: Leftovers\n|-damage|p1a: Do You Even Liek|351\/401 tox|[from] psn\n|turn|3\n|\n|switch|p2a: Latias|Latias, F|301\/301\n|-damage|p2a: Latias|264\/301|[from] Stealth Rock\n|move|p1a: Do You Even Liek|Toxic|p2a: Latias\n|-status|p2a: Latias|tox\n|\n|-heal|p1a: Do You Even Liek|376\/401 tox|[from] item: Leftovers\n|-damage|p2a: Latias|246\/301 tox|[from] psn\n|-damage|p1a: Do You Even Liek|301\/401 tox|[from] psn\n|turn|4\n|\n|move|p2a: Latias|Defog|p1a: Do You Even Liek\n|-unboost|p1a: Do You Even Liek|evasion|1\n|-sideend|p2: michael 666|Stealth Rock|[from] move: Defog|[of] p2a: Latias\n|move|p1a: Do You Even Liek|Stealth Rock|p2a: Latias\n|-sidestart|p2: michael 666|move: Stealth Rock\n|\n|-heal|p1a: Do You Even Liek|326\/401 tox|[from] item: Leftovers\n|-damage|p2a: Latias|210\/301 tox|[from] psn\n|-damage|p1a: Do You Even Liek|226\/401 tox|[from] psn\n|turn|5\n|\n|switch|p1a: Menace|Scizor, M|343\/343\n|move|p2a: Latias|Defog|p1a: Menace\n|-unboost|p1a: Menace|evasion|1\n|-sideend|p2: michael 666|Stealth Rock|[from] move: Defog|[of] p2a: Latias\n|\n|-damage|p2a: Latias|156\/301 tox|[from] psn\n|turn|6\n|\n|switch|p2a: Rotom-Wash|Rotom-Wash|304\/304\n|move|p1a: Menace|U-turn|p2a: Rotom-Wash\n|-damage|p2a: Rotom-Wash|223\/304\n|\n|switch|p1a: Do You Even Liek|Swampert, M|226\/401 tox\n|\n|-heal|p2a: Rotom-Wash|242\/304|[from] item: Leftovers\n|-heal|p1a: Do You Even Liek|251\/401 tox|[from] item: Leftovers\n|-damage|p1a: Do You Even Liek|226\/401 tox|[from] psn\n|turn|7\n|\n|switch|p2a: Latias|Latias, F|156\/301 tox\n|move|p1a: Do You Even Liek|Toxic|p2a: Latias\n|-fail|p2a: Latias|tox\n|\n|-heal|p1a: Do You Even Liek|251\/401 tox|[from] item: Leftovers\n|-damage|p2a: Latias|138\/301 tox|[from] psn\n|-damage|p1a: Do You Even Liek|201\/401 tox|[from] psn\n|turn|8\n|\n|move|p2a: Latias|Roost|p2a: Latias\n|-heal|p2a: Latias|289\/301 tox\n|move|p1a: Do You Even Liek|Stealth Rock|p2a: Latias\n|-sidestart|p2: michael 666|move: Stealth Rock\n|\n|-heal|p1a: Do You Even Liek|226\/401 tox|[from] item: Leftovers\n|-damage|p2a: Latias|253\/301 tox|[from] psn\n|-damage|p1a: Do You Even Liek|151\/401 tox|[from] psn\n|turn|9\n|\n|switch|p1a: Menace|Scizor, M|343\/343\n|move|p2a: Latias|Defog|p1a: Menace\n|-unboost|p1a: Menace|evasion|1\n|-sideend|p2: michael 666|Stealth Rock|[from] move: Defog|[of] p2a: Latias\n|\n|-damage|p2a: Latias|199\/301 tox|[from] psn\n|turn|10\n|\n|switch|p2a: Landorus-Therian|Landorus-Therian, M|320\/320\n|-ability|p2a: Landorus-Therian|Intimidate|[of] p1a: Menace\n|-unboost|p1a: Menace|atk|1\n|move|p1a: Menace|U-turn|p2a: Landorus-Therian\n|-crit|p2a: Landorus-Therian\n|-resisted|p2a: Landorus-Therian\n|-damage|p2a: Landorus-Therian|227\/320\n|\n|switch|p1a: Berta|Venusaur, F|363\/363\n|\n|turn|11\n|\n|detailschange|p1a: Berta|Venusaur-Mega, F\n|-mega|p1a: Berta|Venusaur|Venusaurite\n|move|p2a: Landorus-Therian|U-turn|p1a: Berta\n|-damage|p1a: Berta|296\/363\n|\n|switch|p2a: Latias|Latias, F|199\/301 tox\n|move|p1a: Berta|Leech Seed|p2a: Latias\n|-start|p2a: Latias|move: Leech Seed\n|\n|-damage|p2a: Latias|162\/301 tox|[from] Leech Seed|[of] p1a: Berta\n|-heal|p1a: Berta|333\/363|[silent]\n|-damage|p2a: Latias|144\/301 tox|[from] psn\n|turn|12\n|\n|switch|p1a: Do You Even Liek|Swampert, M|151\/401 tox\n|move|p2a: Latias|Draco Meteor|p1a: Do You Even Liek\n|-damage|p1a: Do You Even Liek|0 fnt\n|-unboost|p2a: Latias|spa|2\n|-damage|p2a: Latias|114\/301 tox|[from] item: Life Orb\n|faint|p1a: Do You Even Liek\n|\n|-damage|p2a: Latias|78\/301 tox|[from] psn\n|\n|switch|p1a: Precious|Hydreigon, F|349\/349\n|turn|13\n|\n|switch|p2a: Heatran|Heatran, F|222\/386\n|move|p1a: Precious|Dark Pulse|p2a: Heatran\n|-damage|p2a: Heatran|111\/386\n|\n|-heal|p2a: Heatran|135\/386|[from] item: Leftovers\n|turn|14\n|\n|move|p2a: Heatran|Protect|p2a: Heatran\n|-singleturn|p2a: Heatran|Protect\n|move|p1a: Precious|Dark Pulse|p2a: Heatran\n|-activate|p2a: Heatran|Protect\n|\n|-heal|p2a: Heatran|159\/386|[from] item: Leftovers\n|turn|15\n|\n|move|p1a: Precious|Dark Pulse|p2a: Heatran\n|-damage|p2a: Heatran|59\/386\n|move|p2a: Heatran|Stealth Rock|p1a: Precious\n|-sidestart|p1: Ohmboy Tesla|move: Stealth Rock\n|\n|-heal|p2a: Heatran|83\/386|[from] item: Leftovers\n|turn|16\n|\n|move|p1a: Precious|Dark Pulse|p2a: Heatran\n|-damage|p2a: Heatran|0 fnt\n|faint|p2a: Heatran\n|\n|\n|switch|p2a: Landorus-Therian|Landorus-Therian, M|227\/320\n|-ability|p2a: Landorus-Therian|Intimidate|[of] p1a: Precious\n|-unboost|p1a: Precious|atk|1\n|turn|17\n|\n|switch|p1a: Menace|Scizor, M|343\/343\n|-damage|p1a: Menace|301\/343|[from] Stealth Rock\n|move|p2a: Landorus-Therian|U-turn|p1a: Menace\n|-resisted|p1a: Menace\n|-damage|p1a: Menace|253\/343\n|\n|switch|p2a: Raikou|Raikou|321\/321\n|-ability|p2a: Raikou|Pressure\n|\n|-heal|p1a: Menace|274\/343|[from] item: Leftovers\n|turn|18\n|\n|move|p2a: Raikou|Thunderbolt|p1a: Menace\n|-damage|p1a: Menace|117\/343\n|move|p1a: Menace|Defog|p2a: Raikou\n|-unboost|p2a: Raikou|evasion|1\n|-sideend|p1: Ohmboy Tesla|Stealth Rock|[from] move: Defog|[of] p1a: Menace\n|\n|-heal|p1a: Menace|138\/343|[from] item: Leftovers\n|turn|19\n|\n|switch|p1a: Berta|Venusaur-Mega, F|333\/363\n|move|p2a: Raikou|Calm Mind|p2a: Raikou\n|-boost|p2a: Raikou|spa|1\n|-boost|p2a: Raikou|spd|1\n|\n|turn|20\n|\n|move|p2a: Raikou|Substitute|p2a: Raikou\n|-start|p2a: Raikou|Substitute\n|-damage|p2a: Raikou|241\/321\n|move|p1a: Berta|Leech Seed|p2a: Raikou\n|\n|-heal|p2a: Raikou|261\/321|[from] item: Leftovers\n|turn|21\n|\n|move|p2a: Raikou|Calm Mind|p2a: Raikou\n|-boost|p2a: Raikou|spa|1\n|-boost|p2a: Raikou|spd|1\n|move|p1a: Berta|Giga Drain|p2a: Raikou\n|-activate|p2a: Raikou|Substitute|[damage]\n|-heal|p1a: Berta|361\/363|[from] drain|[of] p2a: Raikou\n|\n|-heal|p2a: Raikou|281\/321|[from] item: Leftovers\n|turn|22\n|\n|move|p2a: Raikou|Calm Mind|p2a: Raikou\n|-boost|p2a: Raikou|spa|1\n|-boost|p2a: Raikou|spd|1\n|move|p1a: Berta|Sludge Bomb|p2a: Raikou\n|-crit|p2a: Raikou\n|-end|p2a: Raikou|Substitute\n|\n|-heal|p2a: Raikou|301\/321|[from] item: Leftovers\n|turn|23\n|\n|move|p2a: Raikou|Substitute|p2a: Raikou\n|-start|p2a: Raikou|Substitute\n|-damage|p2a: Raikou|221\/321\n|move|p1a: Berta|Sludge Bomb|p2a: Raikou\n|-crit|p2a: Raikou\n|-end|p2a: Raikou|Substitute\n|\n|-heal|p2a: Raikou|241\/321|[from] item: Leftovers\n|turn|24\n|\n|switch|p1a: Rufus|Entei, shiny|386\/386\n|-ability|p1a: Rufus|Pressure\n|move|p2a: Raikou|Substitute|p2a: Raikou\n|-start|p2a: Raikou|Substitute\n|-damage|p2a: Raikou|161\/321\n|\n|-heal|p2a: Raikou|181\/321|[from] item: Leftovers\n|turn|25\n|\n|move|p2a: Raikou|Thunderbolt|p1a: Rufus\n|-damage|p1a: Rufus|0 fnt\n|faint|p1a: Rufus\n|\n|-heal|p2a: Raikou|201\/321|[from] item: Leftovers\n|\n|switch|p1a: Precious|Hydreigon, F|349\/349\n|turn|26\n|\n|move|p1a: Precious|Earth Power|p2a: Raikou\n|-supereffective|p2a: Raikou\n|-end|p2a: Raikou|Substitute\n|move|p2a: Raikou|Hidden Power|p1a: Precious\n|-supereffective|p1a: Precious\n|-damage|p1a: Precious|0 fnt\n|faint|p1a: Precious\n|\n|-heal|p2a: Raikou|221\/321|[from] item: Leftovers\n|\n|switch|p1a: Berta|Venusaur-Mega, F|361\/363\n|turn|27\n|c|\u2605Ohmboy Tesla|gg\n|-message|Ohmboy Tesla forfeited.\n|leave|Ohmboy Tesla\n|\n|win|michael 666\n|raw|Ladder updating...\n|player|p1\n|raw|Ohmboy Tesla's rating: 1473 &rarr; <strong>1451<\/strong><br \/>(-22 for losing)\n|raw|michael 666's rating: 1426 &rarr; <strong>1449<\/strong><br \/>(+23 for winning)","inputlog":null,"uploadtime":1427216941,"views":0,"p1id":"ohmboytesla","p2id":"michael666","formatid":"ou","rating":1449,"private":0,"password":null}