{"id":"ou-376362976","p1":"Amaterus","p2":"TrainMG","format":"ou","log":"|j|Amaterus\n|j|TrainMG\n|player|p1|Amaterus|#zinnia\n|player|p2|TrainMG|92\n|gametype|singles\n|gen|6\n|tier|OU\n|rated\n|seed|\n|clearpoke\n|poke|p1|Gengar, M, shiny|item\n|poke|p1|Meloetta|item\n|poke|p1|Altaria, M, shiny|item\n|poke|p1|Dragonite, M|item\n|poke|p1|Empoleon, M, shiny|item\n|poke|p1|Magnezone, shiny|item\n|poke|p2|Metagross|item\n|poke|p2|Keldeo-Resolute|item\n|poke|p2|Slowbro, M|item\n|poke|p2|Clefable, F, shiny|item\n|poke|p2|Latias, F, shiny|item\n|poke|p2|Heatran, M|item\n|rule|Swagger Clause: Swagger is banned\n|rule|Baton Pass Clause: Limit one Baton Passer, can't pass Spe and other stats simultaneously\n|rule|Sleep Clause Mod: Limit one foe put to sleep\n|rule|Species Clause: Limit one of each Pok\u00e9mon\n|rule|OHKO Clause: OHKO moves are banned\n|rule|Moody Clause: Moody is banned\n|rule|Evasion Moves Clause: Evasion moves are banned\n|rule|Endless Battle Clause: Forcing endless battles is banned\n|rule|HP Percentage Mod: HP is shown in percentages\n|teampreview\n|choice||\n|\n|start\n|switch|p1a: Trident|Empoleon, M, shiny|100\/100\n|switch|p2a: Keldeo|Keldeo-Resolute|100\/100\n|turn|1\n|choice||\n|\n|move|p2a: Keldeo|Secret Sword|p1a: Trident\n|-supereffective|p1a: Trident\n|-damage|p1a: Trident|3\/100\n|move|p1a: Trident|Stealth Rock|p2a: Keldeo\n|-sidestart|p2: TrainMG|move: Stealth Rock\n|\n|-heal|p1a: Trident|9\/100|[from] item: Leftovers\n|turn|2\n|choice||\n|\n|switch|p2a: Latias|Latias, F, shiny|100\/100\n|-damage|p2a: Latias|88\/100|[from] Stealth Rock\n|move|p1a: Trident|Scald|p2a: Latias\n|-resisted|p2a: Latias\n|-damage|p2a: Latias|70\/100\n|-status|p2a: Latias|brn\n|\n|-heal|p1a: Trident|16\/100|[from] item: Leftovers\n|-damage|p2a: Latias|58\/100 brn|[from] brn\n|turn|3\n|choice||\n|\n|move|p2a: Latias|Defog|p1a: Trident\n|-unboost|p1a: Trident|evasion|1\n|-sideend|p2: TrainMG|Stealth Rock|[from] move: Defog|[of] p2a: Latias\n|move|p1a: Trident|Stealth Rock|p2a: Latias\n|-sidestart|p2: TrainMG|move: Stealth Rock\n|\n|-heal|p1a: Trident|22\/100|[from] item: Leftovers\n|-damage|p2a: Latias|46\/100 brn|[from] brn\n|turn|4\n|choice||\n|\n|switch|p2a: Heatran|Heatran, M|100\/100\n|-damage|p2a: Heatran|88\/100|[from] Stealth Rock\n|move|p1a: Trident|Protect|p1a: Trident\n|-fail|p1a: Trident\n|\n|-heal|p2a: Heatran|94\/100|[from] item: Leftovers\n|-heal|p1a: Trident|28\/100|[from] item: Leftovers\n|turn|5\n|choice||\n|\n|move|p2a: Heatran|Stealth Rock|p1a: Trident\n|-sidestart|p1: Amaterus|move: Stealth Rock\n|move|p1a: Trident|Scald|p2a: Heatran\n|-supereffective|p2a: Heatran\n|-damage|p2a: Heatran|41\/100\n|\n|-heal|p2a: Heatran|47\/100|[from] item: Leftovers\n|-heal|p1a: Trident|34\/100|[from] item: Leftovers\n|turn|6\n|choice||\n|\n|move|p2a: Heatran|Lava Plume|p1a: Trident\n|-damage|p1a: Trident|0 fnt\n|faint|p1a: Trident\n|\n|-heal|p2a: Heatran|53\/100|[from] item: Leftovers\n|choice||\n|\n|switch|p1a: Calamity|Meloetta|100\/100\n|-damage|p1a: Calamity|88\/100|[from] Stealth Rock\n|turn|7\n|choice||\n|\n|switch|p2a: Slowbro|Slowbro, M|100\/100\n|-damage|p2a: Slowbro|88\/100|[from] Stealth Rock\n|move|p1a: Calamity|Relic Song|p2a: Slowbro\n|-damage|p2a: Slowbro|45\/100\n|-damage|p1a: Calamity|78\/100|[from] item: Life Orb\n|-formechange|p1a: Calamity|Meloetta-Pirouette|[msg]\n|\n|turn|8\n|choice||\n|\n|move|p1a: Calamity|Knock Off|p2a: Slowbro\n|-supereffective|p2a: Slowbro\n|-damage|p2a: Slowbro|0 fnt\n|-damage|p1a: Calamity|62\/100|[from] item: Rocky Helmet|[of] p2a: Slowbro\n|-enditem|p2a: Slowbro|Rocky Helmet|[from] move: Knock Off|[of] p1a: Calamity\n|-damage|p1a: Calamity|52\/100|[from] item: Life Orb\n|faint|p2a: Slowbro\n|\n|choice||\n|\n|switch|p2a: Metagross|Metagross|100\/100\n|-damage|p2a: Metagross|95\/100|[from] Stealth Rock\n|turn|9\n|choice||\n|\n|detailschange|p2a: Metagross|Metagross-Mega\n|-mega|p2a: Metagross|Metagross|Metagrossite\n|move|p1a: Calamity|Close Combat|p2a: Metagross\n|-damage|p2a: Metagross|33\/100\n|-unboost|p1a: Calamity|def|1\n|-unboost|p1a: Calamity|spd|1\n|-damage|p1a: Calamity|42\/100|[from] item: Life Orb\n|move|p2a: Metagross|Meteor Mash|p1a: Calamity\n|-damage|p1a: Calamity|0 fnt\n|faint|p1a: Calamity\n|\n|choice||\n|\n|switch|p1a: Grimlock|Magnezone, shiny|100\/100\n|-damage|p1a: Grimlock|94\/100|[from] Stealth Rock\n|turn|10\n|choice||\n|\n|move|p2a: Metagross|Hammer Arm|p1a: Grimlock\n|-supereffective|p1a: Grimlock\n|-crit|p1a: Grimlock\n|-damage|p1a: Grimlock|0 fnt\n|-unboost|p2a: Metagross|spe|1\n|faint|p1a: Grimlock\n|\n|choice||\n|\n|switch|p1a: Kage|Gengar, M, shiny|100\/100\n|-damage|p1a: Kage|88\/100|[from] Stealth Rock\n|turn|11\n|choice||\n|\n|switch|p2a: Latias|Latias, F, shiny|46\/100 brn\n|-damage|p2a: Latias|34\/100 brn|[from] Stealth Rock\n|move|p1a: Kage|Shadow Ball|p2a: Latias\n|-supereffective|p2a: Latias\n|-damage|p2a: Latias|0 fnt\n|-damage|p1a: Kage|78\/100|[from] item: Life Orb\n|faint|p2a: Latias\n|\n|choice||\n|\n|switch|p2a: Keldeo|Keldeo-Resolute|100\/100\n|-damage|p2a: Keldeo|94\/100|[from] Stealth Rock\n|turn|12\n|choice||\n|\n|switch|p1a: Crane|Altaria, M, shiny|100\/100\n|-damage|p1a: Crane|76\/100|[from] Stealth Rock\n|-ability|p1a: Crane|Cloud Nine\n|move|p2a: Keldeo|Icy Wind|p1a: Crane\n|-supereffective|p1a: Crane\n|-damage|p1a: Crane|2\/100\n|-unboost|p1a: Crane|spe|1\n|\n|turn|13\n|choice||\n|\n|detailschange|p1a: Crane|Altaria-Mega, M, shiny\n|-mega|p1a: Crane|Altaria|Altarianite\n|move|p2a: Keldeo|Icy Wind|p1a: Crane\n|-supereffective|p1a: Crane\n|-damage|p1a: Crane|0 fnt\n|faint|p1a: Crane\n|\n|choice||\n|\n|switch|p1a: Apocalypse|Dragonite, M|100\/100\n|-damage|p1a: Apocalypse|76\/100|[from] Stealth Rock\n|turn|14\n|choice||\n|\n|move|p1a: Apocalypse|Extreme Speed|p2a: Keldeo\n|-damage|p2a: Keldeo|40\/100\n|move|p2a: Keldeo|Icy Wind|p1a: Apocalypse\n|-supereffective|p1a: Apocalypse\n|-damage|p1a: Apocalypse|0 fnt\n|faint|p1a: Apocalypse\n|\n|choice||\n|\n|switch|p1a: Kage|Gengar, M, shiny|78\/100\n|-damage|p1a: Kage|66\/100|[from] Stealth Rock\n|turn|15\n|choice||\n|\n|move|p1a: Kage|Shadow Ball|p2a: Keldeo\n|-damage|p2a: Keldeo|0 fnt\n|-damage|p1a: Kage|56\/100|[from] item: Life Orb\n|faint|p2a: Keldeo\n|\n|choice||\n|\n|switch|p2a: Metagross|Metagross-Mega|33\/100\n|-damage|p2a: Metagross|27\/100|[from] Stealth Rock\n|turn|16\n|choice||\n|\n|move|p2a: Metagross|Meteor Mash|p1a: Kage\n|-damage|p1a: Kage|0 fnt\n|faint|p1a: Kage\n|\n|win|TrainMG\n|player|p1\n|player|p2\n|c|\u2605Amaterus|..\n|raw|Amaterus's rating: 1901 &rarr; <strong>1869<\/strong><br \/>(-32 for losing)\n|raw|TrainMG's rating: 1665 &rarr; <strong>1697<\/strong><br \/>(+32 for winning)","inputlog":null,"uploadtime":1463966083,"views":23,"p1id":"amaterus","p2id":"trainmg","formatid":"ou","rating":1697,"private":0,"password":null}