{"id":"ou-382490310","p1":"Candice","p2":"Anzarat","format":"ou","log":"|j|Candice\n|j|Anzarat\n|player|p1|Candice|79\n|player|p2|Anzarat|102\n|gametype|singles\n|gen|6\n|tier|OU\n|rated\n|seed|\n|clearpoke\n|poke|p1|Landorus-Therian, M|item\n|poke|p1|Altaria, M|item\n|poke|p1|Latias, F|item\n|poke|p1|Keldeo-Resolute|item\n|poke|p1|Magnezone|item\n|poke|p1|Heatran, M|item\n|poke|p2|Tyranitar, M|item\n|poke|p2|Breloom, M|item\n|poke|p2|Cresselia, F|item\n|poke|p2|Swampert, F|item\n|poke|p2|Excadrill, M|item\n|poke|p2|Medicham, M|item\n|rule|Swagger Clause: Swagger is banned\n|rule|Baton Pass Clause: Limit one Baton Passer, can't pass Spe and other stats simultaneously\n|rule|Sleep Clause Mod: Limit one foe put to sleep\n|rule|Species Clause: Limit one of each Pok\u00e9mon\n|rule|OHKO Clause: OHKO moves are banned\n|rule|Moody Clause: Moody is banned\n|rule|Evasion Moves Clause: Evasion moves are banned\n|rule|Endless Battle Clause: Forcing endless battles is banned\n|rule|HP Percentage Mod: HP is shown in percentages\n|teampreview\n|choice||\n|\n|start\n|switch|p1a: Landorus|Landorus-Therian, M|100\/100\n|switch|p2a: Cresselia|Cresselia, F|100\/100\n|-ability|p1a: Landorus|Intimidate|boost\n|-unboost|p2a: Cresselia|atk|1\n|turn|1\n|choice||\n|\n|switch|p1a: Firebot|Heatran, M|100\/100\n|move|p2a: Cresselia|Reflect|p2a: Cresselia\n|-sidestart|p2: Anzarat|Reflect\n|\n|turn|2\n|choice||\n|\n|move|p1a: Firebot|Toxic|p2a: Cresselia\n|-status|p2a: Cresselia|tox\n|move|p2a: Cresselia|Light Screen|p2a: Cresselia\n|-sidestart|p2: Anzarat|move: Light Screen\n|\n|-damage|p2a: Cresselia|94\/100 tox|[from] psn\n|turn|3\n|choice||\n|\n|switch|p2a: Swampert|Swampert, F|100\/100\n|move|p1a: Firebot|Taunt|p2a: Swampert\n|-start|p2a: Swampert|move: Taunt\n|\n|turn|4\n|choice||\n|\n|switch|p1a: Landorus|Landorus-Therian, M|100\/100\n|-ability|p1a: Landorus|Intimidate|boost\n|-unboost|p2a: Swampert|atk|1\n|switch|p2a: Tyranitar|Tyranitar, M|100\/100\n|-weather|Sandstorm|[from] ability: Sand Stream|[of] p2a: Tyranitar\n|\n|-weather|Sandstorm|[upkeep]\n|turn|5\n|choice||\n|\n|move|p1a: Landorus|U-turn|p2a: Tyranitar\n|-supereffective|p2a: Tyranitar\n|-damage|p2a: Tyranitar|83\/100\n|choice||\n|\n|switch|p1a: Keldeo|Keldeo-Resolute|100\/100\n|move|p2a: Tyranitar|Ice Beam|p1a: Keldeo\n|-resisted|p1a: Keldeo\n|-damage|p1a: Keldeo|88\/100\n|\n|-weather|Sandstorm|[upkeep]\n|-damage|p1a: Keldeo|82\/100|[from] sandstorm\n|turn|6\n|choice||\n|\n|switch|p2a: Breloom|Breloom, M|100\/100\n|move|p1a: Keldeo|Scald|p2a: Breloom\n|-resisted|p2a: Breloom\n|-damage|p2a: Breloom|74\/100\n|\n|-weather|Sandstorm|[upkeep]\n|-damage|p1a: Keldeo|75\/100|[from] sandstorm\n|-damage|p2a: Breloom|68\/100|[from] sandstorm\n|-status|p2a: Breloom|tox|[from] item: Toxic Orb\n|turn|7\n|choice||\n|\n|switch|p1a: Landorus|Landorus-Therian, M|100\/100\n|-ability|p1a: Landorus|Intimidate|boost\n|-unboost|p2a: Breloom|atk|1\n|move|p2a: Breloom|Spore|p1a: Landorus\n|-status|p1a: Landorus|slp\n|\n|-weather|Sandstorm|[upkeep]\n|-damage|p2a: Breloom|62\/100 tox|[from] sandstorm\n|-heal|p2a: Breloom|74\/100 tox|[from] ability: Poison Heal\n|turn|8\n|choice||\n|\n|switch|p1a: Altaria|Altaria, M|100\/100\n|-ability|p1a: Altaria|Cloud Nine\n|switch|p2a: Swampert|Swampert, F|100\/100\n|\n|-weather|none\n|-sideend|p2: Anzarat|Reflect\n|turn|9\n|choice||\n|\n|detailschange|p1a: Altaria|Altaria-Mega, M\n|-mega|p1a: Altaria|Altaria|Altarianite\n|move|p1a: Altaria|Dragon Dance|p1a: Altaria\n|-boost|p1a: Altaria|atk|1\n|-boost|p1a: Altaria|spe|1\n|move|p2a: Swampert|Stealth Rock|p1a: Altaria\n|-sidestart|p1: Candice|move: Stealth Rock\n|\n|-sideend|p2: Anzarat|move: Light Screen\n|turn|10\n|choice||\n|\n|move|p1a: Altaria|Return|p2a: Swampert\n|-damage|p2a: Swampert|50\/100\n|move|p2a: Swampert|Roar|p1a: Altaria\n|drag|p1a: Landorus|Landorus-Therian, M|100\/100 slp\n|-damage|p1a: Landorus|88\/100 slp|[from] Stealth Rock\n|-ability|p1a: Landorus|Intimidate|boost\n|-unboost|p2a: Swampert|atk|1\n|\n|-heal|p2a: Swampert|56\/100|[from] item: Leftovers\n|turn|11\n|choice||\n|\n|switch|p1a: Latias|Latias, F|100\/100\n|-damage|p1a: Latias|88\/100|[from] Stealth Rock\n|move|p2a: Swampert|Scald|p1a: Latias\n|-resisted|p1a: Latias\n|-damage|p1a: Latias|79\/100\n|\n|-heal|p2a: Swampert|62\/100|[from] item: Leftovers\n|turn|12\n|choice||\n|\n|switch|p1a: Keldeo|Keldeo-Resolute|75\/100\n|-damage|p1a: Keldeo|69\/100|[from] Stealth Rock\n|switch|p2a: Tyranitar|Tyranitar, M|83\/100\n|-weather|Sandstorm|[from] ability: Sand Stream|[of] p2a: Tyranitar\n|\n|-weather|Sandstorm|[upkeep]\n|-damage|p1a: Keldeo|63\/100|[from] sandstorm\n|turn|13\n|choice||\n|\n|switch|p2a: Cresselia|Cresselia, F|94\/100 tox\n|move|p1a: Keldeo|Scald|p2a: Cresselia\n|-damage|p2a: Cresselia|57\/100 tox\n|\n|-weather|Sandstorm|[upkeep]\n|-damage|p1a: Keldeo|57\/100|[from] sandstorm\n|-damage|p2a: Cresselia|51\/100 tox|[from] sandstorm\n|-damage|p2a: Cresselia|45\/100 tox|[from] psn\n|turn|14\n|c|\u2605Anzarat|Nice predictions\n|c|\u2605Candice|thanks\n|choice||\n|\n|switch|p1a: Firebot|Heatran, M|100\/100\n|-damage|p1a: Firebot|88\/100|[from] Stealth Rock\n|move|p2a: Cresselia|Thunder Wave|p1a: Firebot\n|-status|p1a: Firebot|par\n|\n|-weather|Sandstorm|[upkeep]\n|-damage|p2a: Cresselia|39\/100 tox|[from] sandstorm\n|-heal|p1a: Firebot|94\/100 par|[from] item: Leftovers\n|-damage|p2a: Cresselia|27\/100 tox|[from] psn\n|turn|15\n|choice||\n|\n|move|p2a: Cresselia|Light Screen|p2a: Cresselia\n|-sidestart|p2: Anzarat|move: Light Screen\n|move|p1a: Firebot|Taunt|p2a: Cresselia\n|-start|p2a: Cresselia|move: Taunt\n|\n|-weather|Sandstorm|[upkeep]\n|-damage|p2a: Cresselia|21\/100 tox|[from] sandstorm\n|-heal|p1a: Firebot|100\/100 par|[from] item: Leftovers\n|-damage|p2a: Cresselia|3\/100 tox|[from] psn\n|turn|16\n|choice||\n|\n|move|p2a: Cresselia|Psychic|p1a: Firebot\n|-resisted|p1a: Firebot\n|-damage|p1a: Firebot|88\/100 par\n|move|p1a: Firebot|Magma Storm|p2a: Cresselia|[miss]\n|-miss|p1a: Firebot|p2a: Cresselia\n|\n|-weather|none\n|-heal|p1a: Firebot|94\/100 par|[from] item: Leftovers\n|-damage|p2a: Cresselia|0 fnt|[from] psn\n|faint|p2a: Cresselia\n|choice||\n|\n|switch|p2a: Medicham|Medicham, M|100\/100\n|turn|17\n|choice||\n|\n|switch|p1a: Landorus|Landorus-Therian, M|88\/100 slp\n|-damage|p1a: Landorus|76\/100 slp|[from] Stealth Rock\n|-ability|p1a: Landorus|Intimidate|boost\n|-unboost|p2a: Medicham|atk|1\n|detailschange|p2a: Medicham|Medicham-Mega, M\n|-mega|p2a: Medicham|Medicham|Medichamite\n|move|p2a: Medicham|High Jump Kick|p1a: Landorus\n|-resisted|p1a: Landorus\n|-damage|p1a: Landorus|52\/100 slp\n|-damage|p2a: Medicham|84\/100|[from] item: Rocky Helmet|[of] p1a: Landorus\n|\n|turn|18\n|choice||\n|\n|switch|p1a: Magnezone|Magnezone|100\/100\n|-damage|p1a: Magnezone|94\/100|[from] Stealth Rock\n|move|p2a: Medicham|Zen Headbutt|p1a: Magnezone\n|-resisted|p1a: Magnezone\n|-crit|p1a: Magnezone\n|-damage|p1a: Magnezone|37\/100\n|\n|turn|19\n|choice||\n|\n|switch|p2a: Swampert|Swampert, F|62\/100\n|move|p1a: Magnezone|Hidden Power|p2a: Swampert\n|-resisted|p2a: Swampert\n|-damage|p2a: Swampert|58\/100\n|\n|-heal|p2a: Swampert|64\/100|[from] item: Leftovers\n|turn|20\n|choice||\n|\n|switch|p1a: Latias|Latias, F|79\/100\n|-damage|p1a: Latias|67\/100|[from] Stealth Rock\n|move|p2a: Swampert|Roar|p1a: Latias\n|drag|p1a: Landorus|Landorus-Therian, M|52\/100 slp\n|-damage|p1a: Landorus|39\/100 slp|[from] Stealth Rock\n|-ability|p1a: Landorus|Intimidate|boost\n|-unboost|p2a: Swampert|atk|1\n|\n|-heal|p2a: Swampert|70\/100|[from] item: Leftovers\n|turn|21\n|choice||\n|\n|switch|p1a: Latias|Latias, F|67\/100\n|-damage|p1a: Latias|54\/100|[from] Stealth Rock\n|switch|p2a: Tyranitar|Tyranitar, M|83\/100\n|-weather|Sandstorm|[from] ability: Sand Stream|[of] p2a: Tyranitar\n|\n|-weather|Sandstorm|[upkeep]\n|-damage|p1a: Latias|48\/100|[from] sandstorm\n|turn|22\n|c|\u2605Candice|hm\n|c|\u2605Anzarat|Finally\n|choice||\n|\n|move|p1a: Latias|Healing Wish|p1a: Latias\n|faint|p1a: Latias\n|move|p2a: Tyranitar|Pursuit|p1: Latias|[notarget]\n|-notarget\n|\n|-weather|Sandstorm|[upkeep]\n|-sideend|p2: Anzarat|move: Light Screen\n|c|\u2605Anzarat|Meh\n|choice||\n|\n|switch|p1a: Landorus|Landorus-Therian, M|39\/100 slp\n|-heal|p1a: Landorus|100\/100|[from] move: Healing Wish\n|-damage|p1a: Landorus|88\/100|[from] Stealth Rock\n|-ability|p1a: Landorus|Intimidate|boost\n|-unboost|p2a: Tyranitar|atk|1\n|turn|23\n|choice||\n|\n|move|p1a: Landorus|U-turn|p2a: Tyranitar\n|-supereffective|p2a: Tyranitar\n|-damage|p2a: Tyranitar|49\/100\n|choice||\n|\n|switch|p1a: Keldeo|Keldeo-Resolute|57\/100\n|-damage|p1a: Keldeo|51\/100|[from] Stealth Rock\n|move|p2a: Tyranitar|Ice Beam|p1a: Keldeo\n|-resisted|p1a: Keldeo\n|-damage|p1a: Keldeo|37\/100\n|\n|-weather|Sandstorm|[upkeep]\n|-damage|p1a: Keldeo|31\/100|[from] sandstorm\n|turn|24\n|choice||\n|\n|switch|p2a: Swampert|Swampert, F|70\/100\n|move|p1a: Keldeo|Secret Sword|p2a: Swampert\n|-damage|p2a: Swampert|24\/100\n|\n|-weather|Sandstorm|[upkeep]\n|-damage|p1a: Keldeo|25\/100|[from] sandstorm\n|-heal|p2a: Swampert|31\/100|[from] item: Leftovers\n|turn|25\n|choice||\n|\n|move|p1a: Keldeo|Secret Sword|p2a: Swampert\n|-damage|p2a: Swampert|0 fnt\n|faint|p2a: Swampert\n|\n|-weather|none\n|choice||\n|\n|switch|p2a: Medicham|Medicham-Mega, M|84\/100\n|turn|26\n|choice||\n|\n|switch|p1a: Landorus|Landorus-Therian, M|88\/100\n|-damage|p1a: Landorus|76\/100|[from] Stealth Rock\n|-ability|p1a: Landorus|Intimidate|boost\n|-unboost|p2a: Medicham|atk|1\n|move|p2a: Medicham|Zen Headbutt|p1a: Landorus\n|-damage|p1a: Landorus|43\/100\n|-damage|p2a: Medicham|68\/100|[from] item: Rocky Helmet|[of] p1a: Landorus\n|\n|turn|27\n|choice||\n|\n|switch|p2a: Tyranitar|Tyranitar, M|49\/100\n|-weather|Sandstorm|[from] ability: Sand Stream|[of] p2a: Tyranitar\n|switch|p1a: Magnezone|Magnezone|37\/100\n|-damage|p1a: Magnezone|31\/100|[from] Stealth Rock\n|\n|-weather|Sandstorm|[upkeep]\n|turn|28\n|choice||\n|\n|move|p1a: Magnezone|Flash Cannon|p2a: Tyranitar\n|-supereffective|p2a: Tyranitar\n|-damage|p2a: Tyranitar|19\/100\n|move|p2a: Tyranitar|Fire Blast|p1a: Magnezone\n|-supereffective|p1a: Magnezone\n|-crit|p1a: Magnezone\n|-damage|p1a: Magnezone|0 fnt\n|faint|p1a: Magnezone\n|\n|-weather|Sandstorm|[upkeep]\n|choice||\n|\n|switch|p1a: Keldeo|Keldeo-Resolute|25\/100\n|-damage|p1a: Keldeo|19\/100|[from] Stealth Rock\n|turn|29\n|choice||\n|\n|move|p1a: Keldeo|Secret Sword|p2a: Tyranitar\n|-supereffective|p2a: Tyranitar\n|-damage|p2a: Tyranitar|0 fnt\n|faint|p2a: Tyranitar\n|\n|-weather|Sandstorm|[upkeep]\n|-damage|p1a: Keldeo|13\/100|[from] sandstorm\n|choice||\n|\n|switch|p2a: Medicham|Medicham-Mega, M|68\/100\n|turn|30\n|choice||\n|\n|move|p2a: Medicham|Fake Out|p1a: Keldeo\n|-damage|p1a: Keldeo|0 fnt\n|faint|p1a: Keldeo\n|\n|-weather|Sandstorm|[upkeep]\n|-damage|p2a: Medicham|61\/100|[from] sandstorm\n|choice||\n|\n|switch|p1a: Altaria|Altaria-Mega, M|100\/100\n|-damage|p1a: Altaria|88\/100|[from] Stealth Rock\n|turn|31\n|choice||\n|\n|move|p2a: Medicham|Zen Headbutt|p1a: Altaria|[miss]\n|-miss|p2a: Medicham|p1a: Altaria\n|move|p1a: Altaria|Return|p2a: Medicham\n|-supereffective|p2a: Medicham\n|-damage|p2a: Medicham|0 fnt\n|faint|p2a: Medicham\n|\n|-weather|none\n|c|\u2605Candice|oh\n|c|\u2605Candice|sorry\n|c|\u2605Anzarat|T.T\n|c|\u2605Anzarat|Not your fault\n|choice||\n|\n|switch|p2a: Excadrill|Excadrill, M|100\/100\n|turn|32\n|choice||\n|\n|switch|p1a: Firebot|Heatran, M|94\/100 par\n|-damage|p1a: Firebot|82\/100 par|[from] Stealth Rock\n|move|p2a: Excadrill|Iron Head|p1a: Firebot\n|-resisted|p1a: Firebot\n|-crit|p1a: Firebot\n|-damage|p1a: Firebot|61\/100 par\n|-damage|p2a: Excadrill|91\/100|[from] item: Life Orb\n|\n|-heal|p1a: Firebot|67\/100 par|[from] item: Leftovers\n|turn|33\n|choice||\n|\n|switch|p2a: Breloom|Breloom, M|74\/100 tox\n|switch|p1a: Landorus|Landorus-Therian, M|43\/100\n|-damage|p1a: Landorus|30\/100|[from] Stealth Rock\n|-ability|p1a: Landorus|Intimidate|boost\n|-unboost|p2a: Breloom|atk|1\n|\n|-heal|p2a: Breloom|87\/100 tox|[from] ability: Poison Heal\n|turn|34\n|choice||\n|\n|switch|p1a: Firebot|Heatran, M|67\/100 par\n|-damage|p1a: Firebot|55\/100 par|[from] Stealth Rock\n|move|p2a: Breloom|Substitute|p2a: Breloom\n|-start|p2a: Breloom|Substitute\n|-damage|p2a: Breloom|62\/100 tox\n|\n|-heal|p1a: Firebot|61\/100 par|[from] item: Leftovers\n|-heal|p2a: Breloom|74\/100 tox|[from] ability: Poison Heal\n|turn|35\n|choice||\n|\n|-singleturn|p2a: Breloom|move: Focus Punch\n|switch|p1a: Altaria|Altaria-Mega, M|88\/100\n|-damage|p1a: Altaria|76\/100|[from] Stealth Rock\n|move|p2a: Breloom|Focus Punch|p1a: Altaria\n|-resisted|p1a: Altaria\n|-damage|p1a: Altaria|56\/100\n|\n|-heal|p2a: Breloom|86\/100 tox|[from] ability: Poison Heal\n|turn|36\n|choice||\n|\n|move|p1a: Altaria|Roost|p1a: Altaria\n|-heal|p1a: Altaria|100\/100\n|move|p2a: Breloom|Spore|p1a: Altaria\n|-status|p1a: Altaria|slp\n|\n|-heal|p2a: Breloom|99\/100 tox|[from] ability: Poison Heal\n|turn|37\n|choice||\n|\n|switch|p2a: Excadrill|Excadrill, M|91\/100\n|cant|p1a: Altaria|slp\n|\n|turn|38\n|choice||\n|\n|switch|p1a: Firebot|Heatran, M|61\/100 par\n|-damage|p1a: Firebot|49\/100 par|[from] Stealth Rock\n|move|p2a: Excadrill|Iron Head|p1a: Firebot\n|-resisted|p1a: Firebot\n|-damage|p1a: Firebot|32\/100 par\n|-damage|p2a: Excadrill|81\/100|[from] item: Life Orb\n|\n|-heal|p1a: Firebot|38\/100 par|[from] item: Leftovers\n|turn|39\n|choice||\n|\n|move|p2a: Excadrill|Earthquake|p1a: Firebot\n|-supereffective|p1a: Firebot\n|-damage|p1a: Firebot|0 fnt\n|-damage|p2a: Excadrill|71\/100|[from] item: Life Orb\n|faint|p1a: Firebot\n|\n|c|\u2605Candice|gg\n|choice||\n|\n|switch|p1a: Landorus|Landorus-Therian, M|30\/100\n|-damage|p1a: Landorus|18\/100|[from] Stealth Rock\n|-ability|p1a: Landorus|Intimidate|boost\n|-unboost|p2a: Excadrill|atk|1\n|turn|40\n|choice||\n|\n|switch|p2a: Breloom|Breloom, M|99\/100 tox\n|move|p1a: Landorus|Earthquake|p2a: Breloom\n|-resisted|p2a: Breloom\n|-damage|p2a: Breloom|70\/100 tox\n|\n|-heal|p2a: Breloom|82\/100 tox|[from] ability: Poison Heal\n|turn|41\n|c|\u2605Anzarat|gg :p\n|c|\u2605Candice|gonna put back those lefties on lando\n|c|\u2605Candice|haha\n|choice||\n|\n|move|p1a: Landorus|Earthquake|p2a: Breloom\n|-resisted|p2a: Breloom\n|-damage|p2a: Breloom|55\/100 tox\n|move|p2a: Breloom|Seed Bomb|p1a: Landorus\n|-damage|p1a: Landorus|0 fnt\n|faint|p1a: Landorus\n|\n|-heal|p2a: Breloom|67\/100 tox|[from] ability: Poison Heal\n|c|\u2605Anzarat|You were a really tough opponent\n|c|\u2605Candice|it was a nice game indeed :)\n|choice||\n|\n|switch|p1a: Altaria|Altaria-Mega, M|100\/100 slp\n|-damage|p1a: Altaria|88\/100 slp|[from] Stealth Rock\n|turn|42\n|choice||\n|\n|switch|p2a: Excadrill|Excadrill, M|71\/100\n|cant|p1a: Altaria|slp\n|\n|turn|43\n|choice||\n|\n|move|p2a: Excadrill|Iron Head|p1a: Altaria\n|-supereffective|p1a: Altaria\n|-damage|p1a: Altaria|1\/100 slp\n|-damage|p2a: Excadrill|61\/100|[from] item: Life Orb\n|-curestatus|p1a: Altaria|slp\n|move|p1a: Altaria|Dragon Dance|p1a: Altaria\n|-boost|p1a: Altaria|atk|1\n|-boost|p1a: Altaria|spe|1\n|\n|turn|44\n|c|\u2605Anzarat|oh\n|c|\u2605Anzarat|ooooooh\n|c|\u2605Anzarat|Omg\n|c|\u2605Anzarat|xDDD\n|c|\u2605Candice|don't worry lol\n|c|\u2605Candice|It won't kill\n|c|\u2605Anzarat|We'll see !\n|choice||\n|\n|move|p1a: Altaria|Return|p2a: Excadrill\n|-resisted|p2a: Excadrill\n|-damage|p2a: Excadrill|4\/100\n|move|p2a: Excadrill|Rapid Spin|p1a: Altaria\n|-damage|p1a: Altaria|0 fnt\n|-damage|p2a: Excadrill|0 fnt|[from] item: Life Orb\n|faint|p1a: Altaria\n|faint|p2a: Excadrill\n|\n|win|Anzarat\n|player|p1\n|player|p2\n|c|\u2605Anzarat|RAPIDSPIN KILL\n|raw|Candice's rating: 1550 &rarr; <strong>1529<\/strong><br \/>(-21 for losing)\n|raw|Anzarat's rating: 1533 &rarr; <strong>1554<\/strong><br \/>(+21 for winning)\n|c|\u2605Anzarat|YES\n|c|\u2605Candice|told ya :p\n|c|\u2605Anzarat|TY \/d\n|c|\u2605Candice|:)\n|l|Candice","inputlog":null,"uploadtime":1465157550,"views":0,"p1id":"candice","p2id":"anzarat","formatid":"ou","rating":1529,"private":0,"password":null}