{"id":"ou-375887022","p1":"Amaterus","p2":"lior1992288","format":"ou","log":"|j|Amaterus\n|j|lior1992288\n|player|p1|Amaterus|#zinnia\n|player|p2|lior1992288|265\n|gametype|singles\n|gen|6\n|tier|OU\n|rated\n|seed|\n|clearpoke\n|poke|p1|Zygarde|item\n|poke|p1|Meloetta|item\n|poke|p1|Diancie|item\n|poke|p1|Ferrothorn, M|item\n|poke|p1|Jellicent, F|item\n|poke|p1|Mandibuzz, F, shiny|item\n|poke|p2|Garchomp, F|item\n|poke|p2|Togekiss, M|item\n|poke|p2|Sableye, M|item\n|poke|p2|Azumarill, F|item\n|poke|p2|Dragonite, F|item\n|poke|p2|Heatran, M|item\n|rule|Swagger Clause: Swagger is banned\n|rule|Baton Pass Clause: Limit one Baton Passer, can't pass Spe and other stats simultaneously\n|rule|Sleep Clause Mod: Limit one foe put to sleep\n|rule|Species Clause: Limit one of each Pok\u00e9mon\n|rule|OHKO Clause: OHKO moves are banned\n|rule|Moody Clause: Moody is banned\n|rule|Evasion Moves Clause: Evasion moves are banned\n|rule|Endless Battle Clause: Forcing endless battles is banned\n|rule|HP Percentage Mod: HP is shown in percentages\n|teampreview\n|choice||\n|\n|start\n|switch|p1a: Navel Rock|Diancie|100\/100\n|switch|p2a: Sableye|Sableye, M|100\/100\n|turn|1\n|choice||\n|\n|switch|p2a: Azumarill|Azumarill, F|100\/100\n|detailschange|p1a: Navel Rock|Diancie-Mega\n|-mega|p1a: Navel Rock|Diancie|Diancite\n|move|p1a: Navel Rock|Protect|p1a: Navel Rock\n|-fail|p1a: Navel Rock\n|\n|turn|2\n|choice||\n|\n|move|p2a: Azumarill|Aqua Jet|p1a: Navel Rock\n|-supereffective|p1a: Navel Rock\n|-damage|p1a: Navel Rock|0 fnt\n|faint|p1a: Navel Rock\n|\n|choice||\n|\n|switch|p1a: Temple|Ferrothorn, M|100\/100\n|turn|3\n|choice||\n|\n|switch|p2a: Heatran|Heatran, M|100\/100\n|-item|p2a: Heatran|Air Balloon\n|move|p1a: Temple|Stealth Rock|p2a: Heatran\n|-sidestart|p2: lior1992288|move: Stealth Rock\n|\n|turn|4\n|choice||\n|\n|switch|p1a: Phantom|Jellicent, F|100\/100\n|move|p2a: Heatran|Stealth Rock|p1a: Phantom\n|-sidestart|p1: Amaterus|move: Stealth Rock\n|\n|turn|5\n|choice||\n|\n|switch|p2a: Azumarill|Azumarill, F|100\/100\n|-damage|p2a: Azumarill|88\/100|[from] Stealth Rock\n|move|p1a: Phantom|Scald|p2a: Azumarill\n|-resisted|p2a: Azumarill\n|-damage|p2a: Azumarill|75\/100\n|\n|turn|6\n|choice||\n|\n|move|p1a: Phantom|Will-O-Wisp|p2a: Azumarill\n|-status|p2a: Azumarill|brn\n|move|p2a: Azumarill|Play Rough|p1a: Phantom\n|-damage|p1a: Phantom|66\/100\n|\n|-heal|p1a: Phantom|73\/100|[from] item: Leftovers\n|-damage|p2a: Azumarill|62\/100 brn|[from] brn\n|turn|7\n|choice||\n|\n|switch|p1a: Temple|Ferrothorn, M|100\/100\n|-damage|p1a: Temple|94\/100|[from] Stealth Rock\n|move|p2a: Azumarill|Play Rough|p1a: Temple\n|-resisted|p1a: Temple\n|-damage|p1a: Temple|79\/100\n|-damage|p2a: Azumarill|50\/100 brn|[from] ability: Iron Barbs|[of] p1a: Temple\n|\n|-damage|p2a: Azumarill|38\/100 brn|[from] brn\n|turn|8\n|choice||\n|\n|move|p2a: Azumarill|Play Rough|p1a: Temple\n|-resisted|p1a: Temple\n|-damage|p1a: Temple|62\/100\n|-damage|p2a: Azumarill|25\/100 brn|[from] ability: Iron Barbs|[of] p1a: Temple\n|move|p1a: Temple|Spikes|p2a: Azumarill\n|-sidestart|p2: lior1992288|Spikes\n|\n|-damage|p2a: Azumarill|13\/100 brn|[from] brn\n|turn|9\n|choice||\n|\n|move|p2a: Azumarill|Play Rough|p1a: Temple\n|-resisted|p1a: Temple\n|-damage|p1a: Temple|46\/100\n|-damage|p2a: Azumarill|0 fnt|[from] ability: Iron Barbs|[of] p1a: Temple\n|faint|p2a: Azumarill\n|move|p1a: Temple|Spikes|p2: Azumarill\n|-sidestart|p2: lior1992288|Spikes\n|\n|choice||\n|\n|switch|p2a: Heatran|Heatran, M|100\/100\n|-damage|p2a: Heatran|88\/100|[from] Stealth Rock\n|-item|p2a: Heatran|Air Balloon\n|turn|10\n|choice||\n|\n|switch|p1a: Phantom|Jellicent, F|73\/100\n|-damage|p1a: Phantom|60\/100|[from] Stealth Rock\n|move|p2a: Heatran|Roar|p1a: Phantom\n|drag|p1a: Calamity|Meloetta|100\/100\n|-damage|p1a: Calamity|88\/100|[from] Stealth Rock\n|\n|-heal|p1a: Calamity|94\/100|[from] item: Leftovers\n|turn|11\n|choice||\n|\n|switch|p1a: Phantom|Jellicent, F|60\/100\n|-damage|p1a: Phantom|48\/100|[from] Stealth Rock\n|switch|p2a: Sableye|Sableye, M|100\/100\n|-damage|p2a: Sableye|88\/100|[from] Stealth Rock\n|-damage|p2a: Sableye|72\/100|[from] Spikes\n|\n|-heal|p1a: Phantom|54\/100|[from] item: Leftovers\n|-heal|p2a: Sableye|78\/100|[from] item: Leftovers\n|turn|12\n|choice||\n|\n|move|p1a: Phantom|Scald|p2a: Sableye\n|-damage|p2a: Sableye|38\/100\n|move|p2a: Sableye|Knock Off|p1a: Phantom\n|-supereffective|p1a: Phantom\n|-damage|p1a: Phantom|12\/100\n|-enditem|p1a: Phantom|Leftovers|[from] move: Knock Off|[of] p2a: Sableye\n|\n|-heal|p2a: Sableye|44\/100|[from] item: Leftovers\n|turn|13\n|choice||\n|\n|move|p1a: Phantom|Scald|p2a: Sableye\n|-damage|p2a: Sableye|6\/100\n|move|p2a: Sableye|Knock Off|p1a: Phantom\n|-supereffective|p1a: Phantom\n|-damage|p1a: Phantom|0 fnt\n|faint|p1a: Phantom\n|\n|-heal|p2a: Sableye|12\/100|[from] item: Leftovers\n|choice||\n|\n|switch|p1a: Yami|Mandibuzz, F, shiny|100\/100\n|-damage|p1a: Yami|75\/100|[from] Stealth Rock\n|turn|14\n|choice||\n|\n|move|p2a: Sableye|Recover|p2a: Sableye\n|-heal|p2a: Sableye|62\/100\n|move|p1a: Yami|Foul Play|p2a: Sableye\n|-damage|p2a: Sableye|39\/100\n|\n|-heal|p2a: Sableye|45\/100|[from] item: Leftovers\n|turn|15\n|choice||\n|\n|move|p2a: Sableye|Recover|p2a: Sableye\n|-heal|p2a: Sableye|95\/100\n|move|p1a: Yami|Taunt|p2a: Sableye\n|-start|p2a: Sableye|move: Taunt\n|\n|-heal|p2a: Sableye|100\/100|[from] item: Leftovers\n|turn|16\n|choice||\n|\n|move|p1a: Yami|Foul Play|p2a: Sableye\n|-damage|p2a: Sableye|75\/100\n|move|p2a: Sableye|Knock Off|p1a: Yami\n|-resisted|p1a: Yami\n|-damage|p1a: Yami|68\/100\n|-damage|p2a: Sableye|59\/100|[from] item: Rocky Helmet|[of] p1a: Yami\n|-enditem|p1a: Yami|Rocky Helmet|[from] move: Knock Off|[of] p2a: Sableye\n|\n|-heal|p2a: Sableye|65\/100|[from] item: Leftovers\n|turn|17\n|choice||\n|\n|move|p1a: Yami|Foul Play|p2a: Sableye\n|-damage|p2a: Sableye|42\/100\n|move|p2a: Sableye|Knock Off|p1a: Yami\n|-resisted|p1a: Yami\n|-damage|p1a: Yami|63\/100\n|\n|-heal|p2a: Sableye|48\/100|[from] item: Leftovers\n|turn|18\n|choice||\n|\n|move|p1a: Yami|Foul Play|p2a: Sableye\n|-damage|p2a: Sableye|21\/100\n|move|p2a: Sableye|Knock Off|p1a: Yami\n|-resisted|p1a: Yami\n|-damage|p1a: Yami|58\/100\n|\n|-heal|p2a: Sableye|27\/100|[from] item: Leftovers\n|-end|p2a: Sableye|move: Taunt\n|turn|19\n|choice||\n|\n|move|p2a: Sableye|Taunt|p1a: Yami\n|-start|p1a: Yami|move: Taunt\n|cant|p1a: Yami|move: Taunt|Taunt\n|\n|-heal|p2a: Sableye|34\/100|[from] item: Leftovers\n|turn|20\n|choice||\n|\n|move|p2a: Sableye|Will-O-Wisp|p1a: Yami\n|-status|p1a: Yami|brn\n|move|p1a: Yami|Foul Play|p2a: Sableye\n|-damage|p2a: Sableye|20\/100\n|\n|-heal|p2a: Sableye|26\/100|[from] item: Leftovers\n|-damage|p1a: Yami|46\/100 brn|[from] brn\n|turn|21\n|choice||\n|\n|switch|p1a: Calamity|Meloetta|94\/100\n|-damage|p1a: Calamity|82\/100|[from] Stealth Rock\n|move|p2a: Sableye|Recover|p2a: Sableye\n|-heal|p2a: Sableye|76\/100\n|\n|-heal|p1a: Calamity|88\/100|[from] item: Leftovers\n|-heal|p2a: Sableye|82\/100|[from] item: Leftovers\n|turn|22\n|choice||\n|\n|switch|p2a: Togekiss|Togekiss, M|100\/100\n|-damage|p2a: Togekiss|76\/100|[from] Stealth Rock\n|move|p1a: Calamity|Calm Mind|p1a: Calamity\n|-boost|p1a: Calamity|spa|1\n|-boost|p1a: Calamity|spd|1\n|\n|-heal|p1a: Calamity|94\/100|[from] item: Leftovers\n|-heal|p2a: Togekiss|82\/100|[from] item: Leftovers\n|turn|23\n|choice||\n|\n|move|p1a: Calamity|Substitute|p1a: Calamity\n|-start|p1a: Calamity|Substitute\n|-damage|p1a: Calamity|69\/100\n|move|p2a: Togekiss|Encore|p1a: Calamity\n|-start|p1a: Calamity|Encore\n|\n|-heal|p1a: Calamity|75\/100|[from] item: Leftovers\n|-heal|p2a: Togekiss|88\/100|[from] item: Leftovers\n|turn|24\n|c|\u2605Amaterus|what\n|c|\u2605Amaterus|-\n|choice||\n|\n|switch|p2a: Sableye|Sableye, M|82\/100\n|-damage|p2a: Sableye|70\/100|[from] Stealth Rock\n|-damage|p2a: Sableye|53\/100|[from] Spikes\n|move|p1a: Calamity|Substitute|p1a: Calamity\n|-fail|p1a: Calamity|move: Substitute\n|\n|-heal|p1a: Calamity|82\/100|[from] item: Leftovers\n|-heal|p2a: Sableye|60\/100|[from] item: Leftovers\n|turn|25\n|choice||\n|\n|move|p1a: Calamity|Substitute|p1a: Calamity\n|-fail|p1a: Calamity|move: Substitute\n|move|p2a: Sableye|Knock Off|p1a: Calamity\n|-supereffective|p1a: Calamity\n|-end|p1a: Calamity|Substitute\n|\n|-heal|p1a: Calamity|88\/100|[from] item: Leftovers\n|-heal|p2a: Sableye|66\/100|[from] item: Leftovers\n|turn|26\n|choice||\n|\n|move|p2a: Sableye|Taunt|p1a: Calamity\n|-start|p1a: Calamity|move: Taunt\n|cant|p1a: Calamity|move: Taunt|Substitute\n|\n|-heal|p1a: Calamity|94\/100|[from] item: Leftovers\n|-heal|p2a: Sableye|72\/100|[from] item: Leftovers\n|-end|p1a: Calamity|Encore\n|turn|27\n|choice||\n|\n|move|p1a: Calamity|Energy Ball|p2a: Sableye\n|-damage|p2a: Sableye|12\/100\n|-unboost|p2a: Sableye|spd|1\n|move|p2a: Sableye|Knock Off|p1a: Calamity\n|-supereffective|p1a: Calamity\n|-damage|p1a: Calamity|55\/100\n|-enditem|p1a: Calamity|Leftovers|[from] move: Knock Off|[of] p2a: Sableye\n|\n|-heal|p2a: Sableye|18\/100|[from] item: Leftovers\n|turn|28\n|choice||\n|\n|move|p2a: Sableye|Will-O-Wisp|p1a: Calamity\n|-status|p1a: Calamity|brn\n|move|p1a: Calamity|Energy Ball|p2a: Sableye\n|-damage|p2a: Sableye|0 fnt\n|faint|p2a: Sableye\n|\n|-damage|p1a: Calamity|43\/100 brn|[from] brn\n|-end|p1a: Calamity|move: Taunt\n|choice||\n|\n|switch|p2a: Heatran|Heatran, M|88\/100\n|-damage|p2a: Heatran|76\/100|[from] Stealth Rock\n|-item|p2a: Heatran|Air Balloon\n|turn|29\n|choice||\n|\n|move|p1a: Calamity|Psyshock|p2a: Heatran\n|-resisted|p2a: Heatran\n|-crit|p2a: Heatran\n|-damage|p2a: Heatran|53\/100\n|-enditem|p2a: Heatran|Air Balloon\n|move|p2a: Heatran|Roar|p1a: Calamity\n|drag|p1a: Temple|Ferrothorn, M|46\/100\n|-damage|p1a: Temple|40\/100|[from] Stealth Rock\n|\n|turn|30\n|choice||\n|\n|switch|p1a: Yami|Mandibuzz, F, shiny|46\/100 brn\n|-damage|p1a: Yami|21\/100 brn|[from] Stealth Rock\n|move|p2a: Heatran|Flamethrower|p1a: Yami\n|-damage|p1a: Yami|0 fnt\n|faint|p1a: Yami\n|\n|choice||\n|\n|switch|p1a: Temple|Ferrothorn, M|40\/100\n|-damage|p1a: Temple|34\/100|[from] Stealth Rock\n|turn|31\n|choice||\n|\n|move|p2a: Heatran|Flamethrower|p1a: Temple\n|-supereffective|p1a: Temple\n|-damage|p1a: Temple|0 fnt\n|faint|p1a: Temple\n|\n|choice||\n|\n|switch|p1a: Calamity|Meloetta|43\/100 brn\n|-damage|p1a: Calamity|31\/100 brn|[from] Stealth Rock\n|turn|32\n|choice||\n|\n|move|p1a: Calamity|Psyshock|p2a: Heatran\n|-resisted|p2a: Heatran\n|-damage|p2a: Heatran|44\/100\n|move|p2a: Heatran|Flamethrower|p1a: Calamity\n|-damage|p1a: Calamity|2\/100 brn\n|\n|-damage|p1a: Calamity|0 fnt|[from] brn\n|faint|p1a: Calamity\n|choice||\n|\n|switch|p1a: Serpent|Zygarde|100\/100\n|-damage|p1a: Serpent|94\/100|[from] Stealth Rock\n|-ability|p1a: Serpent|Aura Break\n|turn|33\n|choice||\n|\n|move|p1a: Serpent|Substitute|p1a: Serpent\n|-start|p1a: Serpent|Substitute\n|-damage|p1a: Serpent|69\/100\n|move|p2a: Heatran|Toxic|p1a: Serpent\n|-fail|p1a: Serpent\n|\n|-heal|p1a: Serpent|75\/100|[from] item: Leftovers\n|turn|34\n|choice||\n|\n|switch|p2a: Garchomp|Garchomp, F|100\/100\n|-damage|p2a: Garchomp|84\/100|[from] Spikes\n|-damage|p2a: Garchomp|78\/100|[from] Stealth Rock\n|move|p1a: Serpent|Coil|p1a: Serpent\n|-boost|p1a: Serpent|atk|1\n|-boost|p1a: Serpent|def|1\n|-boost|p1a: Serpent|accuracy|1\n|\n|-heal|p1a: Serpent|82\/100|[from] item: Leftovers\n|turn|35\n|choice||\n|\n|move|p2a: Garchomp|Outrage|p1a: Serpent\n|-supereffective|p1a: Serpent\n|-crit|p1a: Serpent\n|-end|p1a: Serpent|Substitute\n|move|p1a: Serpent|Coil|p1a: Serpent\n|-boost|p1a: Serpent|atk|1\n|-boost|p1a: Serpent|def|1\n|-boost|p1a: Serpent|accuracy|1\n|\n|-heal|p1a: Serpent|88\/100|[from] item: Leftovers\n|turn|36\n|choice||\n|\n|move|p2a: Garchomp|Outrage|p1a: Serpent|[from]lockedmove\n|-supereffective|p1a: Serpent\n|-damage|p1a: Serpent|40\/100\n|move|p1a: Serpent|Coil|p1a: Serpent\n|-boost|p1a: Serpent|atk|1\n|-boost|p1a: Serpent|def|1\n|-boost|p1a: Serpent|accuracy|1\n|\n|-heal|p1a: Serpent|46\/100|[from] item: Leftovers\n|turn|37\n|choice||\n|\n|move|p2a: Garchomp|Outrage|p1a: Serpent|[from]lockedmove\n|-supereffective|p1a: Serpent\n|-damage|p1a: Serpent|8\/100\n|-start|p2a: Garchomp|confusion|[fatigue]\n|move|p1a: Serpent|Coil|p1a: Serpent\n|-boost|p1a: Serpent|atk|1\n|-boost|p1a: Serpent|def|1\n|-boost|p1a: Serpent|accuracy|1\n|\n|-heal|p1a: Serpent|14\/100|[from] item: Leftovers\n|turn|38\n|choice||\n|\n|switch|p2a: Heatran|Heatran, M|44\/100\n|-damage|p2a: Heatran|31\/100|[from] Stealth Rock\n|-damage|p2a: Heatran|14\/100|[from] Spikes\n|move|p1a: Serpent|Coil|p1a: Serpent\n|-boost|p1a: Serpent|atk|1\n|-boost|p1a: Serpent|def|1\n|-boost|p1a: Serpent|accuracy|1\n|\n|-heal|p1a: Serpent|20\/100|[from] item: Leftovers\n|turn|39\n|choice||\n|\n|move|p1a: Serpent|Extreme Speed|p2a: Heatran\n|-resisted|p2a: Heatran\n|-damage|p2a: Heatran|0 fnt\n|faint|p2a: Heatran\n|\n|-heal|p1a: Serpent|26\/100|[from] item: Leftovers\n|choice||\n|\n|switch|p2a: Garchomp|Garchomp, F|78\/100\n|-damage|p2a: Garchomp|61\/100|[from] Spikes\n|-damage|p2a: Garchomp|55\/100|[from] Stealth Rock\n|turn|40\n|choice||\n|\n|move|p1a: Serpent|Extreme Speed|p2a: Garchomp\n|-damage|p2a: Garchomp|0 fnt\n|-damage|p1a: Serpent|14\/100|[from] ability: Rough Skin|[of] p2a: Garchomp\n|faint|p2a: Garchomp\n|\n|-heal|p1a: Serpent|20\/100|[from] item: Leftovers\n|choice||\n|\n|switch|p2a: Dragonite|Dragonite, F|100\/100\n|-damage|p2a: Dragonite|76\/100|[from] Stealth Rock\n|turn|41\n|choice||\n|\n|move|p1a: Serpent|Extreme Speed|p2a: Dragonite\n|-damage|p2a: Dragonite|0 fnt\n|faint|p2a: Dragonite\n|\n|-heal|p1a: Serpent|26\/100|[from] item: Leftovers\n|choice||\n|\n|switch|p2a: Togekiss|Togekiss, M|88\/100\n|-damage|p2a: Togekiss|63\/100|[from] Stealth Rock\n|turn|42\n|c|\u2605Amaterus|gg\n|c|\u2605lior1992288|now i will never 4get what zygarde does\n|choice||\n|\n|move|p1a: Serpent|Extreme Speed|p2a: Togekiss\n|-damage|p2a: Togekiss|0 fnt\n|faint|p2a: Togekiss\n|\n|win|Amaterus\n|player|p1\n|player|p2\n|c|\u2605Amaterus|:]\n|raw|Amaterus's rating: 1422 &rarr; <strong>1437<\/strong><br \/>(+15 for winning)\n|raw|lior1992288's rating: 1341 &rarr; <strong>1325<\/strong><br \/>(-16 for losing)","inputlog":null,"uploadtime":1463876468,"views":28,"p1id":"amaterus","p2id":"lior1992288","formatid":"ou","rating":1325,"private":0,"password":null}