{"id":"ou-378068164","p1":"Lady Alex","p2":"Amaterus","format":"ou","log":"|j|Lady Alex\n|j|Amaterus\n|player|p1|Lady Alex|70\n|player|p2|Amaterus|#zinnia\n|gametype|singles\n|gen|6\n|tier|OU\n|rated\n|seed|\n|clearpoke\n|poke|p1|Sableye, M|item\n|poke|p1|Talonflame, M|item\n|poke|p1|Skarmory, F|item\n|poke|p1|Chansey, F|item\n|poke|p1|Quagsire, M|item\n|poke|p1|Tangrowth, F|item\n|poke|p2|Zygarde|item\n|poke|p2|Meloetta|item\n|poke|p2|Diancie, shiny|item\n|poke|p2|Jellicent, F|item\n|poke|p2|Ferrothorn, M|item\n|poke|p2|Mandibuzz, F, shiny|item\n|rule|Swagger Clause: Swagger is banned\n|rule|Baton Pass Clause: Limit one Baton Passer, can't pass Spe and other stats simultaneously\n|rule|Sleep Clause Mod: Limit one foe put to sleep\n|rule|Species Clause: Limit one of each Pok\u00e9mon\n|rule|OHKO Clause: OHKO moves are banned\n|rule|Moody Clause: Moody is banned\n|rule|Evasion Moves Clause: Evasion moves are banned\n|rule|Endless Battle Clause: Forcing endless battles is banned\n|rule|HP Percentage Mod: HP is shown in percentages\n|teampreview\n|j|500dikka\n|choice||\n|\n|start\n|switch|p1a: Sableye|Sableye, M|100\/100\n|switch|p2a: Sacred Rock|Diancie, shiny|100\/100\n|turn|1\n|choice||\n|\n|detailschange|p2a: Sacred Rock|Diancie-Mega, shiny\n|-mega|p2a: Sacred Rock|Diancie|Diancite\n|detailschange|p1a: Sableye|Sableye-Mega, M\n|-mega|p1a: Sableye|Sableye|Sablenite\n|move|p2a: Sacred Rock|Protect|p2a: Sacred Rock\n|-singleturn|p2a: Sacred Rock|Protect\n|move|p1a: Sableye|Fake Out|p2a: Sacred Rock\n|-activate|p2a: Sacred Rock|Protect\n|\n|turn|2\n|choice||\n|\n|switch|p1a: Chansey|Chansey, F|100\/100\n|move|p2a: Sacred Rock|Diamond Storm|p1a: Chansey\n|-damage|p1a: Chansey|67\/100\n|-boost|p2a: Sacred Rock|def|1\n|\n|turn|3\n|choice||\n|\n|switch|p2a: Phantom|Jellicent, F|100\/100\n|move|p1a: Chansey|Soft-Boiled|p1a: Chansey\n|-heal|p1a: Chansey|100\/100\n|\n|turn|4\n|choice||\n|\n|move|p2a: Phantom|Scald|p1a: Chansey\n|-damage|p1a: Chansey|94\/100\n|move|p1a: Chansey|Seismic Toss|p2a: Phantom\n|-immune|p2a: Phantom|[msg]\n|\n|turn|5\n|choice||\n|\n|switch|p2a: Sacred Rock|Diancie-Mega, shiny|100\/100\n|move|p1a: Chansey|Seismic Toss|p2a: Sacred Rock\n|-damage|p2a: Sacred Rock|59\/100\n|\n|turn|6\n|choice||\n|\n|switch|p2a: Temple|Ferrothorn, M|100\/100\n|move|p1a: Chansey|Seismic Toss|p2a: Temple\n|-damage|p2a: Temple|72\/100\n|-damage|p1a: Chansey|81\/100|[from] ability: Iron Barbs|[of] p2a: Temple\n|-damage|p1a: Chansey|64\/100|[from] item: Rocky Helmet|[of] p2a: Temple\n|\n|turn|7\n|choice||\n|\n|move|p1a: Chansey|Soft-Boiled|p1a: Chansey\n|-heal|p1a: Chansey|100\/100\n|move|p2a: Temple|Stealth Rock|p1a: Chansey\n|-sidestart|p1: Lady Alex|move: Stealth Rock\n|\n|turn|8\n|choice||\n|\n|switch|p2a: Phantom|Jellicent, F|100\/100\n|move|p1a: Chansey|Stealth Rock|p2a: Phantom\n|-sidestart|p2: Amaterus|move: Stealth Rock\n|\n|turn|9\n|choice||\n|\n|switch|p1a: Tangrowth|Tangrowth, F|100\/100\n|-damage|p1a: Tangrowth|88\/100|[from] Stealth Rock\n|move|p2a: Phantom|Scald|p1a: Tangrowth\n|-resisted|p1a: Tangrowth\n|-damage|p1a: Tangrowth|81\/100\n|\n|turn|10\n|choice||\n|\n|switch|p1a: Skarmory|Skarmory, F|100\/100\n|-damage|p1a: Skarmory|88\/100|[from] Stealth Rock\n|move|p2a: Phantom|Will-O-Wisp|p1a: Skarmory\n|-status|p1a: Skarmory|brn\n|\n|-damage|p1a: Skarmory|76\/100 brn|[from] brn\n|turn|11\n|l|500dikka\n|j|Ash KetchumGamer\n|choice||\n|\n|switch|p1a: Chansey|Chansey, F|100\/100\n|-damage|p1a: Chansey|88\/100|[from] Stealth Rock\n|move|p2a: Phantom|Taunt|p1a: Chansey\n|-start|p1a: Chansey|move: Taunt\n|\n|turn|12\n|choice||\n|\n|switch|p1a: Tangrowth|Tangrowth, F|100\/100\n|-damage|p1a: Tangrowth|88\/100|[from] Stealth Rock\n|move|p2a: Phantom|Scald|p1a: Tangrowth\n|-resisted|p1a: Tangrowth\n|-damage|p1a: Tangrowth|80\/100\n|\n|turn|13\n|choice||\n|\n|move|p2a: Phantom|Scald|p1a: Tangrowth\n|-resisted|p1a: Tangrowth\n|-damage|p1a: Tangrowth|73\/100\n|move|p1a: Tangrowth|Knock Off|p2a: Phantom\n|-supereffective|p2a: Phantom\n|-damage|p2a: Phantom|64\/100\n|-enditem|p2a: Phantom|Leftovers|[from] move: Knock Off|[of] p1a: Tangrowth\n|\n|turn|14\n|choice||\n|\n|move|p2a: Phantom|Will-O-Wisp|p1a: Tangrowth\n|-status|p1a: Tangrowth|brn\n|move|p1a: Tangrowth|Giga Drain|p2a: Phantom\n|-supereffective|p2a: Phantom\n|-damage|p2a: Phantom|20\/100\n|-heal|p1a: Tangrowth|96\/100 brn|[from] drain|[of] p2a: Phantom\n|\n|-damage|p1a: Tangrowth|83\/100 brn|[from] brn\n|turn|15\n|choice||\n|\n|move|p2a: Phantom|Recover|p2a: Phantom\n|-heal|p2a: Phantom|70\/100\n|move|p1a: Tangrowth|Giga Drain|p2a: Phantom\n|-supereffective|p2a: Phantom\n|-damage|p2a: Phantom|25\/100\n|-heal|p1a: Tangrowth|100\/100 brn|[from] drain|[of] p2a: Phantom\n|\n|-damage|p1a: Tangrowth|88\/100 brn|[from] brn\n|turn|16\n|choice||\n|\n|move|p2a: Phantom|Recover|p2a: Phantom\n|-heal|p2a: Phantom|75\/100\n|move|p1a: Tangrowth|Giga Drain|p2a: Phantom\n|-supereffective|p2a: Phantom\n|-damage|p2a: Phantom|28\/100\n|-heal|p1a: Tangrowth|100\/100 brn|[from] drain|[of] p2a: Phantom\n|\n|-damage|p1a: Tangrowth|88\/100 brn|[from] brn\n|turn|17\n|choice||\n|\n|move|p2a: Phantom|Recover|p2a: Phantom\n|-heal|p2a: Phantom|78\/100\n|move|p1a: Tangrowth|Giga Drain|p2a: Phantom\n|-supereffective|p2a: Phantom\n|-damage|p2a: Phantom|29\/100\n|-heal|p1a: Tangrowth|100\/100 brn|[from] drain|[of] p2a: Phantom\n|\n|-damage|p1a: Tangrowth|88\/100 brn|[from] brn\n|turn|18\n|choice||\n|\n|move|p2a: Phantom|Recover|p2a: Phantom\n|-heal|p2a: Phantom|79\/100\n|move|p1a: Tangrowth|Giga Drain|p2a: Phantom\n|-supereffective|p2a: Phantom\n|-damage|p2a: Phantom|35\/100\n|-heal|p1a: Tangrowth|100\/100 brn|[from] drain|[of] p2a: Phantom\n|\n|-damage|p1a: Tangrowth|88\/100 brn|[from] brn\n|turn|19\n|choice||\n|\n|move|p2a: Phantom|Recover|p2a: Phantom\n|-heal|p2a: Phantom|85\/100\n|move|p1a: Tangrowth|Giga Drain|p2a: Phantom\n|-supereffective|p2a: Phantom\n|-damage|p2a: Phantom|43\/100\n|-heal|p1a: Tangrowth|100\/100 brn|[from] drain|[of] p2a: Phantom\n|\n|-damage|p1a: Tangrowth|88\/100 brn|[from] brn\n|turn|20\n|choice||\n|\n|move|p2a: Phantom|Recover|p2a: Phantom\n|-heal|p2a: Phantom|93\/100\n|move|p1a: Tangrowth|Giga Drain|p2a: Phantom\n|-supereffective|p2a: Phantom\n|-damage|p2a: Phantom|50\/100\n|-heal|p1a: Tangrowth|100\/100 brn|[from] drain|[of] p2a: Phantom\n|\n|-damage|p1a: Tangrowth|88\/100 brn|[from] brn\n|turn|21\n|choice||\n|\n|switch|p2a: Yami|Mandibuzz, F, shiny|100\/100\n|-damage|p2a: Yami|75\/100|[from] Stealth Rock\n|move|p1a: Tangrowth|Giga Drain|p2a: Yami\n|-resisted|p2a: Yami\n|-damage|p2a: Yami|67\/100\n|-heal|p1a: Tangrowth|92\/100 brn|[from] drain|[of] p2a: Yami\n|\n|-heal|p2a: Yami|74\/100|[from] item: Leftovers\n|-damage|p1a: Tangrowth|80\/100 brn|[from] brn\n|turn|22\n|choice||\n|\n|switch|p1a: Sableye|Sableye-Mega, M|100\/100\n|-damage|p1a: Sableye|88\/100|[from] Stealth Rock\n|move|p2a: Yami|Brave Bird|p1a: Sableye\n|-damage|p1a: Sableye|67\/100\n|-damage|p2a: Yami|69\/100|[from] recoil|[of] p1a: Sableye\n|\n|-heal|p2a: Yami|75\/100|[from] item: Leftovers\n|turn|23\n|choice||\n|\n|switch|p2a: Sacred Rock|Diancie-Mega, shiny|59\/100\n|-damage|p2a: Sacred Rock|47\/100|[from] Stealth Rock\n|move|p1a: Sableye|Recover|p1a: Sableye\n|-heal|p1a: Sableye|100\/100\n|\n|turn|24\n|choice||\n|\n|switch|p1a: Tangrowth|Tangrowth, F|100\/100 brn\n|-damage|p1a: Tangrowth|88\/100 brn|[from] Stealth Rock\n|move|p2a: Sacred Rock|Diamond Storm|p1a: Tangrowth\n|-damage|p1a: Tangrowth|55\/100 brn\n|-boost|p2a: Sacred Rock|def|1\n|\n|-damage|p1a: Tangrowth|42\/100 brn|[from] brn\n|turn|25\n|choice||\n|\n|move|p2a: Sacred Rock|Moonblast|p1a: Tangrowth\n|-damage|p1a: Tangrowth|6\/100 brn\n|move|p1a: Tangrowth|Giga Drain|p2a: Sacred Rock\n|-supereffective|p2a: Sacred Rock\n|-crit|p2a: Sacred Rock\n|-damage|p2a: Sacred Rock|0 fnt\n|-heal|p1a: Tangrowth|20\/100 brn|[from] drain|[of] p2a: Sacred Rock\n|faint|p2a: Sacred Rock\n|\n|-damage|p1a: Tangrowth|7\/100 brn|[from] brn\n|choice||\n|\n|switch|p2a: Serpent|Zygarde|100\/100\n|-damage|p2a: Serpent|94\/100|[from] Stealth Rock\n|-ability|p2a: Serpent|Aura Break\n|turn|26\n|choice||\n|\n|switch|p1a: Skarmory|Skarmory, F|76\/100 brn\n|-damage|p1a: Skarmory|64\/100 brn|[from] Stealth Rock\n|move|p2a: Serpent|Substitute|p2a: Serpent\n|-start|p2a: Serpent|Substitute\n|-damage|p2a: Serpent|69\/100\n|\n|-heal|p2a: Serpent|75\/100|[from] item: Leftovers\n|-damage|p1a: Skarmory|51\/100 brn|[from] brn\n|turn|27\n|choice||\n|\n|move|p2a: Serpent|Coil|p2a: Serpent\n|-boost|p2a: Serpent|atk|1\n|-boost|p2a: Serpent|def|1\n|-boost|p2a: Serpent|accuracy|1\n|move|p1a: Skarmory|Defog|p2a: Serpent\n|-sideend|p2: Amaterus|Stealth Rock|[from] move: Defog|[of] p2a: Serpent\n|-sideend|p1: Lady Alex|Stealth Rock|[from] move: Defog|[of] p1a: Skarmory\n|\n|-heal|p2a: Serpent|82\/100|[from] item: Leftovers\n|-damage|p1a: Skarmory|39\/100 brn|[from] brn\n|turn|28\n|choice||\n|\n|move|p2a: Serpent|Coil|p2a: Serpent\n|-boost|p2a: Serpent|atk|1\n|-boost|p2a: Serpent|def|1\n|-boost|p2a: Serpent|accuracy|1\n|move|p1a: Skarmory|Roost|p1a: Skarmory\n|-heal|p1a: Skarmory|89\/100 brn\n|\n|-heal|p2a: Serpent|88\/100|[from] item: Leftovers\n|-damage|p1a: Skarmory|77\/100 brn|[from] brn\n|turn|29\n|choice||\n|\n|move|p2a: Serpent|Dragon Tail|p1a: Skarmory\n|-resisted|p1a: Skarmory\n|-damage|p1a: Skarmory|65\/100 brn\n|-damage|p2a: Serpent|71\/100|[from] item: Rocky Helmet|[of] p1a: Skarmory\n|drag|p1a: Tangrowth|Tangrowth, F|40\/100 brn\n|\n|-heal|p2a: Serpent|77\/100|[from] item: Leftovers\n|-damage|p1a: Tangrowth|28\/100 brn|[from] brn\n|turn|30\n|choice||\n|\n|switch|p1a: Skarmory|Skarmory, F|65\/100 brn\n|move|p2a: Serpent|Coil|p2a: Serpent\n|-boost|p2a: Serpent|atk|1\n|-boost|p2a: Serpent|def|1\n|-boost|p2a: Serpent|accuracy|1\n|\n|-heal|p2a: Serpent|84\/100|[from] item: Leftovers\n|-damage|p1a: Skarmory|53\/100 brn|[from] brn\n|turn|31\n|choice||\n|\n|move|p2a: Serpent|Dragon Tail|p1a: Skarmory\n|-resisted|p1a: Skarmory\n|-damage|p1a: Skarmory|37\/100 brn\n|-damage|p2a: Serpent|67\/100|[from] item: Rocky Helmet|[of] p1a: Skarmory\n|drag|p1a: Talonflame|Talonflame, M|100\/100\n|\n|-heal|p2a: Serpent|73\/100|[from] item: Leftovers\n|turn|32\n|choice||\n|\n|move|p1a: Talonflame|Taunt|p2a: Serpent\n|-start|p2a: Serpent|move: Taunt\n|move|p2a: Serpent|Dragon Tail|p1a: Talonflame\n|-damage|p1a: Talonflame|34\/100\n|drag|p1a: Chansey|Chansey, F|88\/100\n|\n|-heal|p2a: Serpent|79\/100|[from] item: Leftovers\n|turn|33\n|choice||\n|\n|move|p1a: Chansey|Seismic Toss|p2a: Serpent\n|-activate|p2a: Serpent|Substitute|[damage]\n|move|p2a: Serpent|Dragon Tail|p1a: Chansey\n|-damage|p1a: Chansey|51\/100\n|drag|p1a: Tangrowth|Tangrowth, F|61\/100 brn\n|\n|-heal|p2a: Serpent|85\/100|[from] item: Leftovers\n|-damage|p1a: Tangrowth|49\/100 brn|[from] brn\n|turn|34\n|choice||\n|\n|move|p2a: Serpent|Extreme Speed|p1a: Tangrowth\n|-damage|p1a: Tangrowth|14\/100 brn\n|move|p1a: Tangrowth|Hidden Power|p2a: Serpent\n|-supereffective|p2a: Serpent\n|-crit|p2a: Serpent\n|-end|p2a: Serpent|Substitute\n|\n|-heal|p2a: Serpent|92\/100|[from] item: Leftovers\n|-damage|p1a: Tangrowth|2\/100 brn|[from] brn\n|-end|p2a: Serpent|move: Taunt\n|turn|35\n|choice||\n|\n|move|p2a: Serpent|Substitute|p2a: Serpent\n|-start|p2a: Serpent|Substitute\n|-damage|p2a: Serpent|67\/100\n|move|p1a: Tangrowth|Hidden Power|p2a: Serpent\n|-supereffective|p2a: Serpent\n|-end|p2a: Serpent|Substitute\n|\n|-heal|p2a: Serpent|73\/100|[from] item: Leftovers\n|-damage|p1a: Tangrowth|0 fnt|[from] brn\n|faint|p1a: Tangrowth\n|choice||\n|\n|switch|p1a: Skarmory|Skarmory, F|37\/100 brn\n|turn|36\n|choice||\n|\n|move|p2a: Serpent|Substitute|p2a: Serpent\n|-start|p2a: Serpent|Substitute\n|-damage|p2a: Serpent|48\/100\n|move|p1a: Skarmory|Whirlwind|p2a: Serpent\n|drag|p2a: Phantom|Jellicent, F|50\/100\n|\n|-damage|p1a: Skarmory|25\/100 brn|[from] brn\n|turn|37\n|choice||\n|\n|switch|p1a: Sableye|Sableye-Mega, M|100\/100\n|move|p2a: Phantom|Scald|p1a: Sableye\n|-damage|p1a: Sableye|79\/100\n|-status|p1a: Sableye|brn\n|\n|-damage|p1a: Sableye|67\/100 brn|[from] brn\n|turn|38\n|choice||\n|\n|move|p2a: Phantom|Recover|p2a: Phantom\n|-heal|p2a: Phantom|99\/100\n|move|p1a: Sableye|Will-O-Wisp|p2a: Phantom\n|-status|p2a: Phantom|brn\n|\n|-damage|p2a: Phantom|87\/100 brn|[from] brn\n|-damage|p1a: Sableye|54\/100 brn|[from] brn\n|turn|39\n|choice||\n|\n|switch|p2a: Serpent|Zygarde|48\/100\n|-ability|p2a: Serpent|Aura Break\n|switch|p1a: Talonflame|Talonflame, M|34\/100\n|\n|-heal|p1a: Talonflame|41\/100|[from] item: Leftovers\n|-heal|p2a: Serpent|54\/100|[from] item: Leftovers\n|turn|40\n|choice||\n|\n|switch|p2a: Phantom|Jellicent, F|87\/100 brn\n|move|p1a: Talonflame|Will-O-Wisp|p2a: Phantom\n|-fail|p2a: Phantom|brn\n|\n|-heal|p1a: Talonflame|47\/100|[from] item: Leftovers\n|-damage|p2a: Phantom|75\/100 brn|[from] brn\n|turn|41\n|choice||\n|\n|move|p1a: Talonflame|Taunt|p2a: Phantom\n|-start|p2a: Phantom|move: Taunt\n|move|p2a: Phantom|Scald|p1a: Talonflame\n|-supereffective|p1a: Talonflame\n|-damage|p1a: Talonflame|6\/100\n|\n|-heal|p1a: Talonflame|12\/100|[from] item: Leftovers\n|-damage|p2a: Phantom|62\/100 brn|[from] brn\n|turn|42\n|choice||\n|\n|move|p1a: Talonflame|Roost|p1a: Talonflame\n|-heal|p1a: Talonflame|62\/100\n|move|p2a: Phantom|Scald|p1a: Talonflame\n|-supereffective|p1a: Talonflame\n|-damage|p1a: Talonflame|18\/100\n|\n|-heal|p1a: Talonflame|24\/100|[from] item: Leftovers\n|-damage|p2a: Phantom|50\/100 brn|[from] brn\n|turn|43\n|choice||\n|\n|move|p1a: Talonflame|Roost|p1a: Talonflame\n|-heal|p1a: Talonflame|75\/100\n|move|p2a: Phantom|Scald|p1a: Talonflame\n|-supereffective|p1a: Talonflame\n|-damage|p1a: Talonflame|36\/100\n|\n|-heal|p1a: Talonflame|42\/100|[from] item: Leftovers\n|-damage|p2a: Phantom|38\/100 brn|[from] brn\n|-end|p2a: Phantom|move: Taunt\n|turn|44\n|choice||\n|\n|move|p1a: Talonflame|Brave Bird|p2a: Phantom\n|-damage|p2a: Phantom|10\/100 brn\n|-damage|p1a: Talonflame|32\/100|[from] recoil|[of] p2a: Phantom\n|move|p2a: Phantom|Scald|p1a: Talonflame\n|-supereffective|p1a: Talonflame\n|-crit|p1a: Talonflame\n|-damage|p1a: Talonflame|0 fnt\n|faint|p1a: Talonflame\n|\n|-damage|p2a: Phantom|0 fnt|[from] brn\n|faint|p2a: Phantom\n|choice||\n|\n|switch|p2a: Serpent|Zygarde|54\/100\n|switch|p1a: Skarmory|Skarmory, F|25\/100 brn\n|-ability|p2a: Serpent|Aura Break\n|turn|45\n|choice||\n|\n|move|p2a: Serpent|Coil|p2a: Serpent\n|-boost|p2a: Serpent|atk|1\n|-boost|p2a: Serpent|def|1\n|-boost|p2a: Serpent|accuracy|1\n|move|p1a: Skarmory|Roost|p1a: Skarmory\n|-heal|p1a: Skarmory|75\/100 brn\n|\n|-heal|p2a: Serpent|60\/100|[from] item: Leftovers\n|-damage|p1a: Skarmory|62\/100 brn|[from] brn\n|turn|46\n|choice||\n|\n|move|p1a: Skarmory|Roost|p1a: Skarmory\n|-heal|p1a: Skarmory|100\/100 brn\n|move|p2a: Serpent|Dragon Tail|p1a: Skarmory\n|-resisted|p1a: Skarmory\n|-damage|p1a: Skarmory|92\/100 brn\n|-damage|p2a: Serpent|44\/100|[from] item: Rocky Helmet|[of] p1a: Skarmory\n|drag|p1a: Sableye|Sableye-Mega, M|54\/100 brn\n|\n|-heal|p2a: Serpent|50\/100|[from] item: Leftovers\n|-damage|p1a: Sableye|42\/100 brn|[from] brn\n|turn|47\n|j|AndromedaWarrior\n|choice||\n|\n|move|p2a: Serpent|Substitute|p2a: Serpent\n|-start|p2a: Serpent|Substitute\n|-damage|p2a: Serpent|25\/100\n|move|p1a: Sableye|Foul Play|p2a: Serpent\n|-activate|p2a: Serpent|Substitute|[damage]\n|\n|-heal|p2a: Serpent|31\/100|[from] item: Leftovers\n|-damage|p1a: Sableye|29\/100 brn|[from] brn\n|turn|48\n|choice||\n|\n|move|p2a: Serpent|Coil|p2a: Serpent\n|-boost|p2a: Serpent|atk|1\n|-boost|p2a: Serpent|def|1\n|-boost|p2a: Serpent|accuracy|1\n|move|p1a: Sableye|Foul Play|p2a: Serpent\n|-crit|p2a: Serpent\n|-end|p2a: Serpent|Substitute\n|\n|-heal|p2a: Serpent|37\/100|[from] item: Leftovers\n|-damage|p1a: Sableye|17\/100 brn|[from] brn\n|turn|49\n|choice||\n|\n|move|p2a: Serpent|Substitute|p2a: Serpent\n|-start|p2a: Serpent|Substitute\n|-damage|p2a: Serpent|12\/100\n|move|p1a: Sableye|Foul Play|p2a: Serpent\n|-activate|p2a: Serpent|Substitute|[damage]\n|\n|-heal|p2a: Serpent|18\/100|[from] item: Leftovers\n|-damage|p1a: Sableye|4\/100 brn|[from] brn\n|turn|50\n|choice||\n|\n|move|p2a: Serpent|Coil|p2a: Serpent\n|-boost|p2a: Serpent|atk|1\n|-boost|p2a: Serpent|def|1\n|-boost|p2a: Serpent|accuracy|1\n|move|p1a: Sableye|Foul Play|p2a: Serpent\n|-activate|p2a: Serpent|Substitute|[damage]\n|\n|-heal|p2a: Serpent|25\/100|[from] item: Leftovers\n|-damage|p1a: Sableye|0 fnt|[from] brn\n|faint|p1a: Sableye\n|choice||\n|\n|switch|p1a: Quagsire|Quagsire, M|100\/100\n|turn|51\n|choice||\n|\n|switch|p1a: Skarmory|Skarmory, F|92\/100 brn\n|move|p2a: Serpent|Dragon Tail|p1a: Skarmory\n|-resisted|p1a: Skarmory\n|-damage|p1a: Skarmory|77\/100 brn\n|-damage|p2a: Serpent|8\/100|[from] item: Rocky Helmet|[of] p1a: Skarmory\n|drag|p1a: Chansey|Chansey, F|51\/100\n|\n|-heal|p2a: Serpent|14\/100|[from] item: Leftovers\n|turn|52\n|choice||\n|\n|move|p1a: Chansey|Seismic Toss|p2a: Serpent\n|-end|p2a: Serpent|Substitute\n|move|p2a: Serpent|Dragon Tail|p1a: Chansey\n|-damage|p1a: Chansey|13\/100\n|drag|p1a: Quagsire|Quagsire, M|100\/100\n|\n|-heal|p2a: Serpent|20\/100|[from] item: Leftovers\n|turn|53\n|choice||\n|\n|move|p1a: Quagsire|Scald|p2a: Serpent\n|-damage|p2a: Serpent|8\/100\n|move|p2a: Serpent|Dragon Tail|p1a: Quagsire\n|-damage|p1a: Quagsire|87\/100\n|drag|p1a: Chansey|Chansey, F|13\/100\n|\n|-heal|p2a: Serpent|14\/100|[from] item: Leftovers\n|turn|54\n|choice||\n|\n|switch|p1a: Skarmory|Skarmory, F|77\/100 brn\n|move|p2a: Serpent|Extreme Speed|p1a: Skarmory\n|-resisted|p1a: Skarmory\n|-damage|p1a: Skarmory|64\/100 brn\n|-damage|p2a: Serpent|0 fnt|[from] item: Rocky Helmet|[of] p1a: Skarmory\n|faint|p2a: Serpent\n|\n|-damage|p1a: Skarmory|51\/100 brn|[from] brn\n|choice||\n|\n|switch|p2a: Calamity|Meloetta|100\/100\n|turn|55\n|choice||\n|\n|switch|p1a: Quagsire|Quagsire, M|87\/100\n|move|p2a: Calamity|Calm Mind|p2a: Calamity\n|-boost|p2a: Calamity|spa|1\n|-boost|p2a: Calamity|spd|1\n|\n|-heal|p1a: Quagsire|93\/100|[from] item: Leftovers\n|turn|56\n|choice||\n|\n|switch|p2a: Temple|Ferrothorn, M|72\/100\n|move|p1a: Quagsire|Toxic|p2a: Temple\n|-immune|p2a: Temple|[msg]\n|\n|-heal|p1a: Quagsire|99\/100|[from] item: Leftovers\n|turn|57\n|choice||\n|\n|move|p1a: Quagsire|Scald|p2a: Temple\n|-resisted|p2a: Temple\n|-damage|p2a: Temple|64\/100\n|move|p2a: Temple|Stealth Rock|p1a: Quagsire\n|-sidestart|p1: Lady Alex|move: Stealth Rock\n|\n|-heal|p1a: Quagsire|100\/100|[from] item: Leftovers\n|turn|58\n|choice||\n|\n|move|p1a: Quagsire|Scald|p2a: Temple\n|-resisted|p2a: Temple\n|-damage|p2a: Temple|55\/100\n|-status|p2a: Temple|brn\n|move|p2a: Temple|Leech Seed|p1a: Quagsire\n|-start|p1a: Quagsire|move: Leech Seed\n|\n|-damage|p1a: Quagsire|88\/100|[from] Leech Seed|[of] p2a: Temple\n|-heal|p2a: Temple|69\/100 brn|[silent]\n|-damage|p2a: Temple|57\/100 brn|[from] brn\n|turn|59\n|choice||\n|\n|switch|p2a: Calamity|Meloetta|100\/100\n|move|p1a: Quagsire|Toxic|p2a: Calamity\n|-status|p2a: Calamity|tox\n|\n|-heal|p1a: Quagsire|94\/100|[from] item: Leftovers\n|-damage|p1a: Quagsire|82\/100|[from] Leech Seed|[of] p2a: Calamity\n|-damage|p2a: Calamity|94\/100 tox|[from] psn\n|turn|60\n|choice||\n|\n|switch|p1a: Chansey|Chansey, F|13\/100\n|-damage|p1a: Chansey|1\/100|[from] Stealth Rock\n|move|p2a: Calamity|Focus Blast|p1a: Chansey\n|-supereffective|p1a: Chansey\n|-damage|p1a: Chansey|0 fnt\n|faint|p1a: Chansey\n|\n|-heal|p2a: Calamity|100\/100 tox|[from] item: Leftovers\n|-damage|p2a: Calamity|88\/100 tox|[from] psn\n|choice||\n|\n|switch|p1a: Quagsire|Quagsire, M|82\/100\n|-damage|p1a: Quagsire|76\/100|[from] Stealth Rock\n|turn|61\n|choice||\n|\n|switch|p2a: Temple|Ferrothorn, M|57\/100 brn\n|move|p1a: Quagsire|Recover|p1a: Quagsire\n|-heal|p1a: Quagsire|100\/100\n|\n|-damage|p2a: Temple|44\/100 brn|[from] brn\n|turn|62\n|choice||\n|\n|switch|p1a: Skarmory|Skarmory, F|51\/100 brn\n|-damage|p1a: Skarmory|39\/100 brn|[from] Stealth Rock\n|move|p2a: Temple|Leech Seed|p1a: Skarmory\n|-start|p1a: Skarmory|move: Leech Seed\n|\n|-damage|p1a: Skarmory|27\/100 brn|[from] Leech Seed|[of] p2a: Temple\n|-heal|p2a: Temple|56\/100 brn|[silent]\n|-damage|p1a: Skarmory|15\/100 brn|[from] brn\n|-damage|p2a: Temple|43\/100 brn|[from] brn\n|turn|63\n|choice||\n|\n|switch|p2a: Yami|Mandibuzz, F, shiny|75\/100\n|move|p1a: Skarmory|Roost|p1a: Skarmory\n|-heal|p1a: Skarmory|65\/100 brn\n|\n|-heal|p2a: Yami|81\/100|[from] item: Leftovers\n|-damage|p1a: Skarmory|52\/100 brn|[from] Leech Seed|[of] p2a: Yami\n|-heal|p2a: Yami|91\/100|[silent]\n|-damage|p1a: Skarmory|40\/100 brn|[from] brn\n|turn|64\n|choice||\n|\n|move|p2a: Yami|Taunt|p1a: Skarmory\n|-start|p1a: Skarmory|move: Taunt\n|cant|p1a: Skarmory|move: Taunt|Roost\n|\n|-heal|p2a: Yami|97\/100|[from] item: Leftovers\n|-damage|p1a: Skarmory|28\/100 brn|[from] Leech Seed|[of] p2a: Yami\n|-heal|p2a: Yami|100\/100|[silent]\n|-damage|p1a: Skarmory|15\/100 brn|[from] brn\n|turn|65\n|choice||\n|\n|switch|p1a: Quagsire|Quagsire, M|100\/100\n|-damage|p1a: Quagsire|94\/100|[from] Stealth Rock\n|move|p2a: Yami|Brave Bird|p1a: Quagsire\n|-damage|p1a: Quagsire|77\/100\n|-damage|p2a: Yami|95\/100|[from] recoil|[of] p1a: Quagsire\n|\n|-heal|p2a: Yami|100\/100|[from] item: Leftovers\n|-heal|p1a: Quagsire|83\/100|[from] item: Leftovers\n|turn|66\n|choice||\n|\n|switch|p2a: Temple|Ferrothorn, M|43\/100 brn\n|move|p1a: Quagsire|Scald|p2a: Temple\n|-resisted|p2a: Temple\n|-damage|p2a: Temple|35\/100 brn\n|\n|-heal|p1a: Quagsire|89\/100|[from] item: Leftovers\n|-damage|p2a: Temple|22\/100 brn|[from] brn\n|turn|67\n|choice||\n|\n|move|p1a: Quagsire|Earthquake|p2a: Temple\n|-damage|p2a: Temple|5\/100 brn\n|move|p2a: Temple|Leech Seed|p1a: Quagsire\n|-start|p1a: Quagsire|move: Leech Seed\n|\n|-heal|p1a: Quagsire|95\/100|[from] item: Leftovers\n|-damage|p1a: Quagsire|83\/100|[from] Leech Seed|[of] p2a: Temple\n|-heal|p2a: Temple|19\/100 brn|[silent]\n|-damage|p2a: Temple|6\/100 brn|[from] brn\n|turn|68\n|choice||\n|\n|switch|p1a: Skarmory|Skarmory, F|15\/100 brn\n|-damage|p1a: Skarmory|3\/100 brn|[from] Stealth Rock\n|switch|p2a: Yami|Mandibuzz, F, shiny|100\/100\n|\n|-damage|p1a: Skarmory|0 fnt|[from] brn\n|faint|p1a: Skarmory\n|choice||\n|\n|switch|p1a: Quagsire|Quagsire, M|83\/100\n|-damage|p1a: Quagsire|77\/100|[from] Stealth Rock\n|turn|69\n|choice||\n|\n|move|p2a: Yami|Brave Bird|p1a: Quagsire\n|-crit|p1a: Quagsire\n|-damage|p1a: Quagsire|48\/100\n|-damage|p2a: Yami|92\/100|[from] recoil|[of] p1a: Quagsire\n|move|p1a: Quagsire|Scald|p2a: Yami\n|-damage|p2a: Yami|80\/100\n|\n|-heal|p2a: Yami|86\/100|[from] item: Leftovers\n|-heal|p1a: Quagsire|55\/100|[from] item: Leftovers\n|turn|70\n|choice||\n|\n|move|p2a: Yami|Taunt|p1a: Quagsire\n|-start|p1a: Quagsire|move: Taunt\n|move|p1a: Quagsire|Scald|p2a: Yami\n|-damage|p2a: Yami|74\/100\n|\n|-heal|p2a: Yami|80\/100|[from] item: Leftovers\n|-heal|p1a: Quagsire|61\/100|[from] item: Leftovers\n|turn|71\n|choice||\n|\n|move|p2a: Yami|Brave Bird|p1a: Quagsire\n|-damage|p1a: Quagsire|43\/100\n|-damage|p2a: Yami|75\/100|[from] recoil|[of] p1a: Quagsire\n|move|p1a: Quagsire|Scald|p2a: Yami\n|-damage|p2a: Yami|64\/100\n|\n|-heal|p2a: Yami|70\/100|[from] item: Leftovers\n|-heal|p1a: Quagsire|49\/100|[from] item: Leftovers\n|turn|72\n|choice||\n|\n|move|p2a: Yami|Brave Bird|p1a: Quagsire\n|-damage|p1a: Quagsire|32\/100\n|-damage|p2a: Yami|65\/100|[from] recoil|[of] p1a: Quagsire\n|move|p1a: Quagsire|Scald|p2a: Yami\n|-damage|p2a: Yami|54\/100\n|\n|-heal|p2a: Yami|60\/100|[from] item: Leftovers\n|-heal|p1a: Quagsire|38\/100|[from] item: Leftovers\n|-end|p1a: Quagsire|move: Taunt\n|turn|73\n|choice||\n|\n|move|p2a: Yami|Taunt|p1a: Quagsire\n|-start|p1a: Quagsire|move: Taunt\n|cant|p1a: Quagsire|move: Taunt|Recover\n|\n|-heal|p2a: Yami|67\/100|[from] item: Leftovers\n|-heal|p1a: Quagsire|44\/100|[from] item: Leftovers\n|turn|74\n|choice||\n|\n|move|p2a: Yami|Brave Bird|p1a: Quagsire\n|-damage|p1a: Quagsire|27\/100\n|-damage|p2a: Yami|61\/100|[from] recoil|[of] p1a: Quagsire\n|move|p1a: Quagsire|Scald|p2a: Yami\n|-damage|p2a: Yami|49\/100\n|-status|p2a: Yami|brn\n|\n|-heal|p2a: Yami|55\/100 brn|[from] item: Leftovers\n|-heal|p1a: Quagsire|33\/100|[from] item: Leftovers\n|-damage|p2a: Yami|42\/100 brn|[from] brn\n|turn|75\n|choice||\n|\n|move|p2a: Yami|Brave Bird|p1a: Quagsire\n|-damage|p1a: Quagsire|24\/100\n|-damage|p2a: Yami|40\/100 brn|[from] recoil|[of] p1a: Quagsire\n|move|p1a: Quagsire|Scald|p2a: Yami\n|-damage|p2a: Yami|27\/100 brn\n|\n|-heal|p2a: Yami|34\/100 brn|[from] item: Leftovers\n|-heal|p1a: Quagsire|30\/100|[from] item: Leftovers\n|-damage|p2a: Yami|21\/100 brn|[from] brn\n|-end|p1a: Quagsire|move: Taunt\n|turn|76\n|choice||\n|\n|move|p2a: Yami|Taunt|p1a: Quagsire\n|-start|p1a: Quagsire|move: Taunt\n|cant|p1a: Quagsire|move: Taunt|Recover\n|\n|-heal|p2a: Yami|27\/100 brn|[from] item: Leftovers\n|-heal|p1a: Quagsire|36\/100|[from] item: Leftovers\n|-damage|p2a: Yami|15\/100 brn|[from] brn\n|turn|77\n|choice||\n|\n|switch|p2a: Calamity|Meloetta|88\/100 tox\n|move|p1a: Quagsire|Scald|p2a: Calamity\n|-damage|p2a: Calamity|75\/100 tox\n|\n|-heal|p2a: Calamity|81\/100 tox|[from] item: Leftovers\n|-heal|p1a: Quagsire|42\/100|[from] item: Leftovers\n|-damage|p2a: Calamity|75\/100 tox|[from] psn\n|turn|78\n|choice||\n|\n|move|p2a: Calamity|Psyshock|p1a: Quagsire\n|-damage|p1a: Quagsire|18\/100\n|move|p1a: Quagsire|Earthquake|p2a: Calamity\n|-damage|p2a: Calamity|54\/100 tox\n|\n|-heal|p2a: Calamity|60\/100 tox|[from] item: Leftovers\n|-heal|p1a: Quagsire|24\/100|[from] item: Leftovers\n|-damage|p2a: Calamity|48\/100 tox|[from] psn\n|-end|p1a: Quagsire|move: Taunt\n|turn|79\n|c|\u2605Amaterus|gg.\n|choice||\n|\n|move|p2a: Calamity|Psyshock|p1a: Quagsire\n|-damage|p1a: Quagsire|0 fnt\n|faint|p1a: Quagsire\n|\n|win|Amaterus\n|player|p1\n|player|p2\n|c|\u2605Lady Alex|meh\n|raw|Lady Alex's rating: 1813 &rarr; <strong>1791<\/strong><br \/>(-22 for losing)\n|raw|Amaterus's rating: 1775 &rarr; <strong>1797<\/strong><br \/>(+22 for winning)\n|l|Lady Alex","inputlog":null,"uploadtime":1464292742,"views":58,"p1id":"ladyalex","p2id":"amaterus","formatid":"ou","rating":1791,"private":0,"password":null}