{"id":"ou-376364121","p1":"Amaterus","p2":"Wes11","format":"ou","log":"|j|Amaterus\n|j|Wes11\n|player|p1|Amaterus|#zinnia\n|player|p2|Wes11|266\n|gametype|singles\n|gen|6\n|tier|OU\n|rated\n|seed|\n|clearpoke\n|poke|p1|Gengar, M, shiny|item\n|poke|p1|Meloetta|item\n|poke|p1|Altaria, M, shiny|item\n|poke|p1|Dragonite, M|item\n|poke|p1|Empoleon, M, shiny|item\n|poke|p1|Magnezone, shiny|item\n|poke|p2|Metagross|item\n|poke|p2|Sylveon, F|item\n|poke|p2|Hydreigon, M|item\n|poke|p2|Landorus-Therian, M|item\n|poke|p2|Starmie|item\n|poke|p2|Dragonite, M|item\n|rule|Swagger Clause: Swagger is banned\n|rule|Baton Pass Clause: Limit one Baton Passer, can't pass Spe and other stats simultaneously\n|rule|Sleep Clause Mod: Limit one foe put to sleep\n|rule|Species Clause: Limit one of each Pok\u00e9mon\n|rule|OHKO Clause: OHKO moves are banned\n|rule|Moody Clause: Moody is banned\n|rule|Evasion Moves Clause: Evasion moves are banned\n|rule|Endless Battle Clause: Forcing endless battles is banned\n|rule|HP Percentage Mod: HP is shown in percentages\n|teampreview\n|choice||\n|\n|start\n|switch|p1a: Trident|Empoleon, M, shiny|100\/100\n|switch|p2a: Hydreigon|Hydreigon, M|100\/100\n|turn|1\n|choice||\n|\n|move|p2a: Hydreigon|Taunt|p1a: Trident\n|-start|p1a: Trident|move: Taunt\n|cant|p1a: Trident|move: Taunt|Stealth Rock\n|\n|turn|2\n|choice||\n|\n|switch|p1a: Crane|Altaria, M, shiny|100\/100\n|-ability|p1a: Crane|Cloud Nine\n|move|p2a: Hydreigon|Dark Pulse|p1a: Crane\n|-damage|p1a: Crane|64\/100\n|-damage|p2a: Hydreigon|91\/100|[from] item: Life Orb\n|\n|turn|3\n|j|DoctorPhrog\n|choice||\n|\n|switch|p2a: Landorus|Landorus-Therian, M|100\/100\n|-ability|p2a: Landorus|Intimidate|boost\n|-unboost|p1a: Crane|atk|1\n|switch|p1a: Trident|Empoleon, M, shiny|100\/100\n|\n|turn|4\n|choice||\n|\n|move|p2a: Landorus|Earthquake|p1a: Trident\n|-supereffective|p1a: Trident\n|-damage|p1a: Trident|34\/100\n|move|p1a: Trident|Scald|p2a: Landorus\n|-supereffective|p2a: Landorus\n|-damage|p2a: Landorus|40\/100\n|-status|p2a: Landorus|brn\n|\n|-heal|p1a: Trident|41\/100|[from] item: Leftovers\n|-damage|p2a: Landorus|28\/100 brn|[from] brn\n|turn|5\n|choice||\n|\n|move|p2a: Landorus|Stealth Rock|p1a: Trident\n|-sidestart|p1: Amaterus|move: Stealth Rock\n|move|p1a: Trident|Stealth Rock|p2a: Landorus\n|-sidestart|p2: Wes11|move: Stealth Rock\n|\n|-heal|p1a: Trident|47\/100|[from] item: Leftovers\n|-damage|p2a: Landorus|16\/100 brn|[from] brn\n|turn|6\n|choice||\n|\n|move|p2a: Landorus|Knock Off|p1a: Trident\n|-damage|p1a: Trident|36\/100\n|-enditem|p1a: Trident|Leftovers|[from] move: Knock Off|[of] p2a: Landorus\n|move|p1a: Trident|Scald|p2a: Landorus\n|-supereffective|p2a: Landorus\n|-damage|p2a: Landorus|0 fnt\n|faint|p2a: Landorus\n|\n|choice||\n|\n|switch|p2a: Hydreigon|Hydreigon, M|91\/100\n|-damage|p2a: Hydreigon|78\/100|[from] Stealth Rock\n|turn|7\n|choice||\n|\n|move|p2a: Hydreigon|Dark Pulse|p1a: Trident\n|-damage|p1a: Trident|0 fnt\n|-damage|p2a: Hydreigon|69\/100|[from] item: Life Orb\n|faint|p1a: Trident\n|\n|choice||\n|\n|switch|p1a: Kage|Gengar, M, shiny|100\/100\n|-damage|p1a: Kage|88\/100|[from] Stealth Rock\n|turn|8\n|choice||\n|\n|move|p1a: Kage|Sludge Wave|p2a: Hydreigon\n|-crit|p2a: Hydreigon\n|-damage|p2a: Hydreigon|0 fnt\n|-damage|p1a: Kage|78\/100|[from] item: Life Orb\n|faint|p2a: Hydreigon\n|\n|c|\u2605Wes11|..\n|c|\u2605Amaterus|didnt matter lol\n|choice||\n|\n|switch|p2a: Starmie|Starmie|100\/100\n|-damage|p2a: Starmie|88\/100|[from] Stealth Rock\n|turn|9\n|c|\u2605Amaterus|not in the slightest\n|choice||\n|\n|switch|p1a: Grimlock|Magnezone, shiny|100\/100\n|-damage|p1a: Grimlock|94\/100|[from] Stealth Rock\n|move|p2a: Starmie|Thunder Wave|p1a: Grimlock\n|-immune|p1a: Grimlock|[msg]\n|\n|-heal|p2a: Starmie|94\/100|[from] item: Leftovers\n|-heal|p1a: Grimlock|100\/100|[from] item: Leftovers\n|turn|10\n|choice||\n|\n|move|p2a: Starmie|Rapid Spin|p1a: Grimlock\n|-resisted|p1a: Grimlock\n|-damage|p1a: Grimlock|99\/100\n|-sideend|p2: Wes11|Stealth Rock|[from] move: Rapid Spin|[of] p2a: Starmie\n|move|p1a: Grimlock|Charge Beam|p2a: Starmie\n|-supereffective|p2a: Starmie\n|-damage|p2a: Starmie|31\/100\n|-boost|p1a: Grimlock|spa|1\n|\n|-heal|p2a: Starmie|37\/100|[from] item: Leftovers\n|-heal|p1a: Grimlock|100\/100|[from] item: Leftovers\n|turn|11\n|choice||\n|\n|move|p2a: Starmie|Scald|p1a: Grimlock\n|-damage|p1a: Grimlock|70\/100\n|-status|p1a: Grimlock|brn\n|move|p1a: Grimlock|Charge Beam|p2a: Starmie\n|-supereffective|p2a: Starmie\n|-damage|p2a: Starmie|0 fnt\n|-boost|p1a: Grimlock|spa|1\n|faint|p2a: Starmie\n|\n|-heal|p1a: Grimlock|76\/100 brn|[from] item: Leftovers\n|-damage|p1a: Grimlock|63\/100 brn|[from] brn\n|choice||\n|\n|switch|p2a: Dragonite|Dragonite, M|100\/100\n|turn|12\n|choice||\n|\n|move|p2a: Dragonite|Fire Punch|p1a: Grimlock\n|-supereffective|p1a: Grimlock\n|-damage|p1a: Grimlock|0 fnt\n|faint|p1a: Grimlock\n|\n|choice||\n|\n|switch|p1a: Crane|Altaria, M, shiny|64\/100\n|-damage|p1a: Crane|39\/100|[from] Stealth Rock\n|-ability|p1a: Crane|Cloud Nine\n|turn|13\n|choice||\n|\n|switch|p2a: Metagross|Metagross|100\/100\n|switch|p1a: Kage|Gengar, M, shiny|78\/100\n|-damage|p1a: Kage|66\/100|[from] Stealth Rock\n|\n|turn|14\n|choice||\n|\n|detailschange|p2a: Metagross|Metagross-Mega\n|-mega|p2a: Metagross|Metagross|Metagrossite\n|move|p2a: Metagross|Bullet Punch|p1a: Kage\n|-damage|p1a: Kage|6\/100\n|move|p1a: Kage|Shadow Ball|p2a: Metagross\n|-supereffective|p2a: Metagross\n|-damage|p2a: Metagross|0 fnt\n|-damage|p1a: Kage|0 fnt|[from] item: Life Orb\n|faint|p2a: Metagross\n|faint|p1a: Kage\n|\n|choice||\n|\n|switch|p1a: Calamity|Meloetta|100\/100\n|switch|p2a: Sylveon|Sylveon, F|100\/100\n|-damage|p1a: Calamity|88\/100|[from] Stealth Rock\n|turn|15\n|choice||\n|\n|move|p1a: Calamity|Knock Off|p2a: Sylveon\n|-resisted|p2a: Sylveon\n|-damage|p2a: Sylveon|87\/100\n|-enditem|p2a: Sylveon|Leftovers|[from] move: Knock Off|[of] p1a: Calamity\n|-damage|p1a: Calamity|78\/100|[from] item: Life Orb\n|move|p2a: Sylveon|Hyper Voice|p1a: Calamity\n|-damage|p1a: Calamity|40\/100\n|\n|turn|16\n|choice||\n|\n|move|p1a: Calamity|Relic Song|p2a: Sylveon\n|-damage|p2a: Sylveon|57\/100\n|-formechange|p1a: Calamity|Meloetta-Pirouette|[msg]\n|-damage|p1a: Calamity|30\/100|[from] item: Life Orb\n|move|p2a: Sylveon|Wish|p2a: Sylveon\n|\n|turn|17\n|choice||\n|\n|move|p1a: Calamity|Ice Punch|p2a: Sylveon\n|-damage|p2a: Sylveon|27\/100\n|-status|p2a: Sylveon|frz\n|-damage|p1a: Calamity|20\/100|[from] item: Life Orb\n|cant|p2a: Sylveon|frz\n|\n|-heal|p2a: Sylveon|77\/100 frz|[from] move: Wish|[wisher] Sylveon\n|turn|18\n|c|\u2605Wes11|-_-\n|c|\u2605Wes11|stop pls\n|choice||\n|\n|-curestatus|p2a: Sylveon|frz\n|move|p2a: Sylveon|Protect|p2a: Sylveon\n|-singleturn|p2a: Sylveon|Protect\n|move|p1a: Calamity|Ice Punch|p2a: Sylveon\n|-activate|p2a: Sylveon|Protect\n|\n|turn|19\n|choice||\n|\n|move|p1a: Calamity|Ice Punch|p2a: Sylveon\n|-damage|p2a: Sylveon|51\/100\n|-damage|p1a: Calamity|10\/100|[from] item: Life Orb\n|move|p2a: Sylveon|Hyper Voice|p1a: Calamity\n|-supereffective|p1a: Calamity\n|-damage|p1a: Calamity|0 fnt\n|faint|p1a: Calamity\n|\n|choice||\n|\n|switch|p1a: Apocalypse|Dragonite, M|100\/100\n|-damage|p1a: Apocalypse|76\/100|[from] Stealth Rock\n|turn|20\n|choice||\n|\n|move|p2a: Sylveon|Protect|p2a: Sylveon\n|-singleturn|p2a: Sylveon|Protect\n|move|p1a: Apocalypse|Earthquake|p2a: Sylveon\n|-activate|p2a: Sylveon|Protect\n|\n|turn|21\n|choice||\n|\n|switch|p2a: Dragonite|Dragonite, M|100\/100\n|move|p1a: Apocalypse|Earthquake|p2a: Dragonite\n|-immune|p2a: Dragonite|[msg]\n|\n|turn|22\n|choice||\n|\n|move|p2a: Dragonite|Extreme Speed|p1a: Apocalypse\n|-damage|p1a: Apocalypse|31\/100\n|move|p1a: Apocalypse|Earthquake|p2a: Dragonite\n|-immune|p2a: Dragonite|[msg]\n|\n|turn|23\n|-message|Amaterus forfeited.\n|\n|win|Wes11\n|player|p1\n|player|p2\n|l|Amaterus\n|raw|Amaterus's rating: 1869 &rarr; <strong>1840<\/strong><br \/>(-29 for losing)\n|raw|Wes11's rating: 1707 &rarr; <strong>1735<\/strong><br \/>(+28 for winning)\n|c|\u2605Wes11|gg","inputlog":null,"uploadtime":1463966656,"views":29,"p1id":"amaterus","p2id":"wes11","formatid":"ou","rating":1735,"private":0,"password":null}