{"id":"ou-382833917","p1":"Daymo","p2":"Candice","format":"ou","log":"|j|Daymo\n|j|Candice\n|player|p1|Daymo|293\n|player|p2|Candice|79\n|gametype|singles\n|gen|6\n|tier|OU\n|rated\n|seed|\n|clearpoke\n|poke|p1|Azumarill, M|item\n|poke|p1|Scizor, M|item\n|poke|p1|Magnezone|item\n|poke|p1|Landorus-Therian, M|item\n|poke|p1|Starmie|item\n|poke|p1|Kyurem-Black|item\n|poke|p2|Landorus-Therian, M|item\n|poke|p2|Lopunny, F|item\n|poke|p2|Latias, F|item\n|poke|p2|Manaphy|item\n|poke|p2|Ferrothorn, M|item\n|poke|p2|Heatran, F|item\n|rule|Swagger Clause: Swagger is banned\n|rule|Baton Pass Clause: Limit one Baton Passer, can't pass Spe and other stats simultaneously\n|rule|Sleep Clause Mod: Limit one foe put to sleep\n|rule|Species Clause: Limit one of each Pok\u00e9mon\n|rule|OHKO Clause: OHKO moves are banned\n|rule|Moody Clause: Moody is banned\n|rule|Evasion Moves Clause: Evasion moves are banned\n|rule|Endless Battle Clause: Forcing endless battles is banned\n|rule|HP Percentage Mod: HP is shown in percentages\n|teampreview\n|j|Smallguy\n|choice||\n|\n|start\n|switch|p1a: Landorus|Landorus-Therian, M|100\/100\n|switch|p2a: Cherry Bunbun|Lopunny, F|100\/100\n|-ability|p1a: Landorus|Intimidate|boost\n|-unboost|p2a: Cherry Bunbun|atk|1\n|turn|1\n|choice||\n|\n|switch|p2a: Meow Meow|Landorus-Therian, M|100\/100\n|-ability|p2a: Meow Meow|Intimidate|boost\n|-unboost|p1a: Landorus|atk|1\n|move|p1a: Landorus|Stealth Rock|p2a: Meow Meow\n|-sidestart|p2: Candice|move: Stealth Rock\n|\n|turn|2\n|choice||\n|\n|move|p2a: Meow Meow|Knock Off|p1a: Landorus\n|-damage|p1a: Landorus|75\/100\n|-damage|p2a: Meow Meow|84\/100|[from] item: Rocky Helmet|[of] p1a: Landorus\n|-enditem|p1a: Landorus|Rocky Helmet|[from] move: Knock Off|[of] p2a: Meow Meow\n|move|p1a: Landorus|U-turn|p2a: Meow Meow\n|-resisted|p2a: Meow Meow\n|-damage|p2a: Meow Meow|75\/100\n|choice||\n|\n|switch|p1a: Scizor|Scizor, M|100\/100\n|\n|turn|3\n|choice||\n|\n|switch|p2a: Volcano|Heatran, F|100\/100\n|-damage|p2a: Volcano|88\/100|[from] Stealth Rock\n|detailschange|p1a: Scizor|Scizor-Mega, M\n|-mega|p1a: Scizor|Scizor|Scizorite\n|move|p1a: Scizor|U-turn|p2a: Volcano\n|-resisted|p2a: Volcano\n|-damage|p2a: Volcano|81\/100\n|choice||\n|\n|switch|p1a: Landorus|Landorus-Therian, M|75\/100\n|-ability|p1a: Landorus|Intimidate|boost\n|-unboost|p2a: Volcano|atk|1\n|\n|-heal|p2a: Volcano|87\/100|[from] item: Leftovers\n|turn|4\n|choice||\n|\n|move|p2a: Volcano|Stealth Rock|p1a: Landorus\n|-sidestart|p1: Daymo|move: Stealth Rock\n|move|p1a: Landorus|Earthquake|p2a: Volcano\n|-supereffective|p2a: Volcano\n|-damage|p2a: Volcano|0 fnt\n|faint|p2a: Volcano\n|\n|choice||\n|\n|switch|p2a: Ferrothorn|Ferrothorn, M|100\/100\n|-damage|p2a: Ferrothorn|94\/100|[from] Stealth Rock\n|turn|5\n|choice||\n|\n|move|p1a: Landorus|U-turn|p2a: Ferrothorn\n|-damage|p2a: Ferrothorn|78\/100\n|-damage|p1a: Landorus|63\/100|[from] ability: Iron Barbs|[of] p2a: Ferrothorn\n|choice||\n|\n|switch|p1a: Magnezone|Magnezone|100\/100\n|-damage|p1a: Magnezone|94\/100|[from] Stealth Rock\n|move|p2a: Ferrothorn|Leech Seed|p1a: Magnezone\n|-start|p1a: Magnezone|move: Leech Seed\n|\n|-damage|p1a: Magnezone|82\/100|[from] Leech Seed|[of] p2a: Ferrothorn\n|-heal|p2a: Ferrothorn|88\/100|[silent]\n|turn|6\n|choice||\n|\n|move|p2a: Ferrothorn|Protect|p2a: Ferrothorn\n|-singleturn|p2a: Ferrothorn|Protect\n|move|p1a: Magnezone|Hidden Power|p2a: Ferrothorn\n|-activate|p2a: Ferrothorn|Protect\n|\n|-damage|p1a: Magnezone|70\/100|[from] Leech Seed|[of] p2a: Ferrothorn\n|-heal|p2a: Ferrothorn|98\/100|[silent]\n|turn|7\n|choice||\n|\n|move|p1a: Magnezone|Hidden Power|p2a: Ferrothorn\n|-supereffective|p2a: Ferrothorn\n|-damage|p2a: Ferrothorn|37\/100\n|move|p2a: Ferrothorn|Spikes|p1a: Magnezone\n|-sidestart|p1: Daymo|Spikes\n|\n|-damage|p1a: Magnezone|57\/100|[from] Leech Seed|[of] p2a: Ferrothorn\n|-heal|p2a: Ferrothorn|47\/100|[silent]\n|turn|8\n|choice||\n|\n|move|p2a: Ferrothorn|Protect|p2a: Ferrothorn\n|-singleturn|p2a: Ferrothorn|Protect\n|move|p1a: Magnezone|Hidden Power|p2a: Ferrothorn\n|-activate|p2a: Ferrothorn|Protect\n|\n|-damage|p1a: Magnezone|45\/100|[from] Leech Seed|[of] p2a: Ferrothorn\n|-heal|p2a: Ferrothorn|57\/100|[silent]\n|turn|9\n|choice||\n|\n|move|p2a: Ferrothorn|Protect|p2a: Ferrothorn\n|-fail|p2a: Ferrothorn\n|move|p1a: Magnezone|Hidden Power|p2a: Ferrothorn\n|-supereffective|p2a: Ferrothorn\n|-damage|p2a: Ferrothorn|0 fnt\n|faint|p2a: Ferrothorn\n|\n|choice||\n|\n|switch|p2a: Cherry Bunbun|Lopunny, F|100\/100\n|-damage|p2a: Cherry Bunbun|88\/100|[from] Stealth Rock\n|turn|10\n|c| Smallguy|I woulda gone to Manaphy\n|c| Smallguy|assuming TG\/Eball\n|choice||\n|\n|switch|p1a: Landorus|Landorus-Therian, M|63\/100\n|-damage|p1a: Landorus|50\/100|[from] Stealth Rock\n|-ability|p1a: Landorus|Intimidate|boost\n|-unboost|p2a: Cherry Bunbun|atk|1\n|detailschange|p2a: Cherry Bunbun|Lopunny-Mega, F\n|-mega|p2a: Cherry Bunbun|Lopunny|Lopunnite\n|move|p2a: Cherry Bunbun|Ice Punch|p1a: Landorus\n|-supereffective|p1a: Landorus\n|-damage|p1a: Landorus|1\/100\n|\n|turn|11\n|c|\u2605Candice|yeah but then Starmie would be spinning\n|c| Smallguy|true, true\n|choice||\n|\n|move|p2a: Cherry Bunbun|Return|p1a: Landorus\n|-damage|p1a: Landorus|0 fnt\n|faint|p1a: Landorus\n|\n|c| Smallguy|and he does have Kyu-B to stop the pary, I guess\n|c|\u2605Candice|yep\n|c|\u2605Candice|It's not good for me\n|choice||\n|\n|switch|p1a: Azumarill|Azumarill, M|100\/100\n|-damage|p1a: Azumarill|88\/100|[from] Stealth Rock\n|-damage|p1a: Azumarill|75\/100|[from] Spikes\n|turn|12\n|choice||\n|\n|switch|p2a: Meow Meow|Landorus-Therian, M|75\/100\n|-damage|p2a: Meow Meow|63\/100|[from] Stealth Rock\n|-ability|p2a: Meow Meow|Intimidate|boost\n|-unboost|p1a: Azumarill|atk|1\n|move|p1a: Azumarill|Play Rough|p2a: Meow Meow\n|-crit|p2a: Meow Meow\n|-damage|p2a: Meow Meow|0 fnt\n|faint|p2a: Meow Meow\n|\n|c|\u2605Candice|:(\n|choice||\n|\n|switch|p2a: Cherry Bunbun|Lopunny-Mega, F|88\/100\n|-damage|p2a: Cherry Bunbun|82\/100|[from] Stealth Rock\n|turn|13\n|c|\u2605Candice|gg\n|choice||\n|\n|switch|p1a: Scizor|Scizor-Mega, M|100\/100\n|-damage|p1a: Scizor|88\/100|[from] Spikes\n|-damage|p1a: Scizor|76\/100|[from] Stealth Rock\n|move|p2a: Cherry Bunbun|High Jump Kick|p1a: Scizor\n|-damage|p1a: Scizor|31\/100\n|\n|turn|14\n|choice||\n|\n|move|p1a: Scizor|Bullet Punch|p2a: Cherry Bunbun\n|-damage|p2a: Cherry Bunbun|41\/100\n|move|p2a: Cherry Bunbun|High Jump Kick|p1a: Scizor\n|-damage|p1a: Scizor|0 fnt\n|faint|p1a: Scizor\n|\n|choice||\n|\n|switch|p1a: Starmie|Starmie|100\/100\n|-damage|p1a: Starmie|88\/100|[from] Spikes\n|-damage|p1a: Starmie|76\/100|[from] Stealth Rock\n|turn|15\n|choice||\n|\n|move|p2a: Cherry Bunbun|Return|p1a: Starmie\n|-damage|p1a: Starmie|12\/100\n|move|p1a: Starmie|Rapid Spin|p2a: Cherry Bunbun\n|-damage|p2a: Cherry Bunbun|38\/100\n|-sideend|p1: Daymo|Spikes|[from] move: Rapid Spin|[of] p1a: Starmie\n|-sideend|p1: Daymo|Stealth Rock|[from] move: Rapid Spin|[of] p1a: Starmie\n|\n|-heal|p1a: Starmie|18\/100|[from] item: Leftovers\n|turn|16\n|choice||\n|\n|move|p2a: Cherry Bunbun|High Jump Kick|p1a: Starmie\n|-resisted|p1a: Starmie\n|-damage|p1a: Starmie|0 fnt\n|faint|p1a: Starmie\n|\n|choice||\n|\n|switch|p1a: Azumarill|Azumarill, M|75\/100\n|turn|17\n|choice||\n|\n|switch|p2a: Manaphy|Manaphy|100\/100\n|-damage|p2a: Manaphy|88\/100|[from] Stealth Rock\n|move|p1a: Azumarill|Play Rough|p2a: Manaphy|[miss]\n|-miss|p1a: Azumarill|p2a: Manaphy\n|\n|-heal|p2a: Manaphy|94\/100|[from] item: Leftovers\n|turn|18\n|c|\u2605Candice|oops\n|choice||\n|\n|move|p2a: Manaphy|Scald|p1a: Azumarill\n|-resisted|p1a: Azumarill\n|-damage|p1a: Azumarill|58\/100\n|move|p1a: Azumarill|Play Rough|p2a: Manaphy\n|-damage|p2a: Manaphy|2\/100\n|\n|-heal|p2a: Manaphy|8\/100|[from] item: Leftovers\n|turn|19\n|choice||\n|\n|switch|p1a: Kyurem|Kyurem-Black|100\/100\n|-ability|p1a: Kyurem|Teravolt\n|move|p2a: Manaphy|Psychic|p1a: Kyurem\n|-damage|p1a: Kyurem|72\/100\n|\n|-heal|p2a: Manaphy|14\/100|[from] item: Leftovers\n|turn|20\n|c| Smallguy|do you lose to Scarf KyuB now?\n|c|\u2605Candice|maybe !\n|choice||\n|\n|move|p2a: Manaphy|Scald|p1a: Kyurem\n|-resisted|p1a: Kyurem\n|-damage|p1a: Kyurem|53\/100\n|-status|p1a: Kyurem|brn\n|move|p1a: Kyurem|Roost|p1a: Kyurem\n|-heal|p1a: Kyurem|100\/100 brn\n|\n|-heal|p2a: Manaphy|20\/100|[from] item: Leftovers\n|-damage|p1a: Kyurem|88\/100 brn|[from] brn\n|turn|21\n|c| Smallguy|could be LO cause he already has a scarfzone\n|c| Smallguy|but oh\n|c| Smallguy|it's not Scarf\n|choice||\n|\n|move|p2a: Manaphy|Psychic|p1a: Kyurem\n|-damage|p1a: Kyurem|61\/100 brn\n|move|p1a: Kyurem|Ice Beam|p2a: Manaphy\n|-resisted|p2a: Manaphy\n|-damage|p2a: Manaphy|0 fnt\n|-damage|p1a: Kyurem|51\/100 brn|[from] item: Life Orb\n|faint|p2a: Manaphy\n|\n|-damage|p1a: Kyurem|38\/100 brn|[from] brn\n|choice||\n|\n|switch|p2a: Biscuit|Latias, F|100\/100\n|-damage|p2a: Biscuit|88\/100|[from] Stealth Rock\n|turn|22\n|choice||\n|\n|switch|p1a: Magnezone|Magnezone|45\/100\n|move|p2a: Biscuit|Psyshock|p1a: Magnezone\n|-resisted|p1a: Magnezone\n|-damage|p1a: Magnezone|20\/100\n|-damage|p2a: Biscuit|79\/100|[from] item: Life Orb\n|\n|turn|23\n|c| Smallguy|why to save KyuB I wonder\n|choice||\n|\n|move|p1a: Magnezone|Flash Cannon|p2a: Biscuit\n|-damage|p2a: Biscuit|44\/100\n|move|p2a: Biscuit|Psyshock|p1a: Magnezone\n|-resisted|p1a: Magnezone\n|-damage|p1a: Magnezone|0 fnt\n|-damage|p2a: Biscuit|34\/100|[from] item: Life Orb\n|faint|p1a: Magnezone\n|\n|c|\u2605Candice|no idea\n|c|\u2605Candice|yeah that cost you the game\n|c|\u2605Candice|:(\n|c|\u2605Daymo|yeah gg\n|choice||\n|\n|switch|p1a: Azumarill|Azumarill, M|58\/100\n|turn|24\n|c| Smallguy|didn't matter either ways?\n|c| Smallguy|you could have just HWed up the MLop and that would have been game\n|choice||\n|\n|move|p2a: Biscuit|Healing Wish|p2a: Biscuit\n|faint|p2a: Biscuit\n|move|p1a: Azumarill|Play Rough|p2: Biscuit|[notarget]\n|-notarget\n|\n|choice||\n|\n|switch|p2a: Cherry Bunbun|Lopunny-Mega, F|38\/100\n|-heal|p2a: Cherry Bunbun|100\/100|[from] move: Healing Wish\n|-damage|p2a: Cherry Bunbun|95\/100|[from] Stealth Rock\n|turn|25\n|choice||\n|\n|switch|p1a: Kyurem|Kyurem-Black|38\/100 brn\n|-ability|p1a: Kyurem|Teravolt\n|move|p2a: Cherry Bunbun|Fake Out|p1a: Kyurem\n|-damage|p1a: Kyurem|21\/100 brn\n|\n|-damage|p1a: Kyurem|9\/100 brn|[from] brn\n|turn|26\n|c| Smallguy|now the question is\n|choice||\n|\n|move|p2a: Cherry Bunbun|Return|p1a: Kyurem\n|-damage|p1a: Kyurem|0 fnt\n|faint|p1a: Kyurem\n|\n|choice||\n|\n|switch|p1a: Azumarill|Azumarill, M|58\/100\n|turn|27\n|c| Smallguy|does Azu survive a return?\n|c|\u2605Candice|yes\n|c|\u2605Daymo|nah i calced\n|c| Smallguy|and does band 2HKO?\n|choice||\n|\n|move|p1a: Azumarill|Aqua Jet|p2a: Cherry Bunbun\n|-damage|p2a: Cherry Bunbun|48\/100\n|move|p2a: Cherry Bunbun|Return|p1a: Azumarill\n|-damage|p1a: Azumarill|2\/100\n|\n|turn|28\n|c| Smallguy|with AJ\n|c|\u2605Candice|oh\n|c|\u2605Candice|it does\n|c| Smallguy|oh MY\n|c|\u2605Daymo|oh\n|c| Smallguy|feels like a roll\n|c|\u2605Candice|yeah haha\n|c| Smallguy|almost definitely a roll\n|c| Smallguy|butt clenches\n|choice||\n|\n|move|p1a: Azumarill|Aqua Jet|p2a: Cherry Bunbun\n|-damage|p2a: Cherry Bunbun|0 fnt\n|faint|p2a: Cherry Bunbun\n|\n|win|Daymo\n|player|p1\n|player|p2\n|c|\u2605Candice|gg !\n|c| Smallguy|butt unclenches\n|l|Smallguy\n|c|\u2605Daymo|gg\n|raw|Daymo's rating: 1610 &rarr; <strong>1632<\/strong><br \/>(+22 for winning)\n|raw|Candice's rating: 1638 &rarr; <strong>1616<\/strong><br \/>(-22 for losing)","inputlog":null,"uploadtime":1465230023,"views":0,"p1id":"daymo","p2id":"candice","formatid":"ou","rating":1616,"private":0,"password":null}