{"id":"ou-375852626","p1":"Gaeul","p2":"Amaterus","format":"ou","log":"|j|Gaeul\n|j|Amaterus\n|player|p1|Gaeul|237\n|player|p2|Amaterus|#zinnia\n|gametype|singles\n|gen|6\n|tier|OU\n|rated\n|seed|\n|clearpoke\n|poke|p1|Cofagrigus, F|item\n|poke|p1|Gardevoir, F|item\n|poke|p1|Skarmory, M|item\n|poke|p1|Keldeo|item\n|poke|p1|Hydreigon, M|item\n|poke|p1|Victini|item\n|poke|p2|Zygarde|item\n|poke|p2|Meloetta|item\n|poke|p2|Diancie|item\n|poke|p2|Ferrothorn, M|item\n|poke|p2|Jellicent, F|item\n|poke|p2|Mandibuzz, F, shiny|item\n|rule|Swagger Clause: Swagger is banned\n|rule|Baton Pass Clause: Limit one Baton Passer, can't pass Spe and other stats simultaneously\n|rule|Sleep Clause Mod: Limit one foe put to sleep\n|rule|Species Clause: Limit one of each Pok\u00e9mon\n|rule|OHKO Clause: OHKO moves are banned\n|rule|Moody Clause: Moody is banned\n|rule|Evasion Moves Clause: Evasion moves are banned\n|rule|Endless Battle Clause: Forcing endless battles is banned\n|rule|HP Percentage Mod: HP is shown in percentages\n|teampreview\n|choice||\n|\n|start\n|switch|p1a: Victini|Victini|100\/100\n|switch|p2a: Navel Rock|Diancie|100\/100\n|turn|1\n|choice||\n|\n|switch|p1a: Skarmory|Skarmory, M|100\/100\n|detailschange|p2a: Navel Rock|Diancie-Mega\n|-mega|p2a: Navel Rock|Diancie|Diancite\n|move|p2a: Navel Rock|Protect|p2a: Navel Rock\n|-fail|p2a: Navel Rock\n|\n|turn|2\n|choice||\n|\n|switch|p2a: Temple|Ferrothorn, M|100\/100\n|move|p1a: Skarmory|Iron Head|p2a: Temple\n|-resisted|p2a: Temple\n|-damage|p2a: Temple|92\/100\n|-damage|p1a: Skarmory|88\/100|[from] ability: Iron Barbs|[of] p2a: Temple\n|\n|turn|3\n|choice||\n|\n|switch|p2a: Navel Rock|Diancie-Mega|100\/100\n|move|p1a: Skarmory|Iron Head|p2a: Navel Rock\n|-supereffective|p2a: Navel Rock\n|-damage|p2a: Navel Rock|0 fnt\n|faint|p2a: Navel Rock\n|\n|choice||\n|\n|switch|p2a: Temple|Ferrothorn, M|92\/100\n|turn|4\n|choice||\n|\n|move|p1a: Skarmory|Stealth Rock|p2a: Temple\n|-sidestart|p2: Amaterus|move: Stealth Rock\n|move|p2a: Temple|Stealth Rock|p1a: Skarmory\n|-sidestart|p1: Gaeul|move: Stealth Rock\n|\n|turn|5\n|choice||\n|\n|switch|p1a: Keldeo|Keldeo|100\/100\n|-damage|p1a: Keldeo|94\/100|[from] Stealth Rock\n|move|p2a: Temple|Leech Seed|p1a: Keldeo\n|-start|p1a: Keldeo|move: Leech Seed\n|\n|-damage|p1a: Keldeo|82\/100|[from] Leech Seed|[of] p2a: Temple\n|-heal|p2a: Temple|100\/100|[silent]\n|turn|6\n|choice||\n|\n|move|p1a: Keldeo|Icy Wind|p2a: Temple\n|-damage|p2a: Temple|89\/100\n|-unboost|p2a: Temple|spe|1\n|move|p2a: Temple|Spikes|p1a: Keldeo\n|-sidestart|p1: Gaeul|Spikes\n|\n|-damage|p1a: Keldeo|70\/100|[from] Leech Seed|[of] p2a: Temple\n|-heal|p2a: Temple|100\/100|[silent]\n|turn|7\n|choice||\n|\n|switch|p1a: Victini|Victini|100\/100\n|-damage|p1a: Victini|88\/100|[from] Spikes\n|-damage|p1a: Victini|63\/100|[from] Stealth Rock\n|switch|p2a: Phantom|Jellicent, F|100\/100\n|-damage|p2a: Phantom|88\/100|[from] Stealth Rock\n|\n|-heal|p2a: Phantom|94\/100|[from] item: Leftovers\n|turn|8\n|choice||\n|\n|move|p1a: Victini|Bolt Strike|p2a: Phantom\n|-supereffective|p2a: Phantom\n|-damage|p2a: Phantom|18\/100\n|-damage|p1a: Victini|53\/100|[from] item: Life Orb\n|move|p2a: Phantom|Scald|p1a: Victini\n|-supereffective|p1a: Victini\n|-damage|p1a: Victini|8\/100\n|\n|-heal|p2a: Phantom|24\/100|[from] item: Leftovers\n|turn|9\n|choice||\n|\n|switch|p2a: Serpent|Zygarde|100\/100\n|-damage|p2a: Serpent|94\/100|[from] Stealth Rock\n|-ability|p2a: Serpent|Aura Break\n|move|p1a: Victini|V-create|p2a: Serpent\n|-resisted|p2a: Serpent\n|-damage|p2a: Serpent|63\/100\n|-unboost|p1a: Victini|spe|1\n|-unboost|p1a: Victini|def|1\n|-unboost|p1a: Victini|spd|1\n|-damage|p1a: Victini|0 fnt|[from] item: Life Orb\n|faint|p1a: Victini\n|\n|-heal|p2a: Serpent|69\/100|[from] item: Leftovers\n|choice||\n|\n|switch|p1a: Hydreigon|Hydreigon, M|100\/100\n|-damage|p1a: Hydreigon|88\/100|[from] Stealth Rock\n|turn|10\n|choice||\n|\n|move|p2a: Serpent|Extreme Speed|p1a: Hydreigon\n|-damage|p1a: Hydreigon|67\/100\n|move|p1a: Hydreigon|Draco Meteor|p2a: Serpent\n|-supereffective|p2a: Serpent\n|-damage|p2a: Serpent|0 fnt\n|-unboost|p1a: Hydreigon|spa|2\n|-damage|p1a: Hydreigon|57\/100|[from] item: Life Orb\n|faint|p2a: Serpent\n|\n|choice||\n|\n|switch|p2a: Yami|Mandibuzz, F, shiny|100\/100\n|-damage|p2a: Yami|75\/100|[from] Stealth Rock\n|turn|11\n|choice||\n|\n|move|p1a: Hydreigon|Roost|p1a: Hydreigon\n|-heal|p1a: Hydreigon|100\/100\n|move|p2a: Yami|Foul Play|p1a: Hydreigon\n|-resisted|p1a: Hydreigon\n|-damage|p1a: Hydreigon|80\/100\n|\n|turn|12\n|choice||\n|\n|switch|p1a: Skarmory|Skarmory, M|88\/100\n|-damage|p1a: Skarmory|76\/100|[from] Stealth Rock\n|move|p2a: Yami|Roost|p2a: Yami\n|-heal|p2a: Yami|100\/100\n|\n|turn|13\n|choice||\n|\n|move|p2a: Yami|Taunt|p1a: Skarmory\n|-start|p1a: Skarmory|move: Taunt\n|cant|p1a: Skarmory|move: Taunt|Whirlwind\n|\n|turn|14\n|choice||\n|\n|move|p2a: Yami|Foul Play|p1a: Skarmory\n|-damage|p1a: Skarmory|60\/100\n|-damage|p2a: Yami|84\/100|[from] item: Rocky Helmet|[of] p1a: Skarmory\n|move|p1a: Skarmory|Iron Head|p2a: Yami\n|-damage|p2a: Yami|73\/100\n|-damage|p1a: Skarmory|44\/100|[from] item: Rocky Helmet|[of] p2a: Yami\n|\n|turn|15\n|choice||\n|\n|switch|p1a: Keldeo|Keldeo|70\/100\n|-damage|p1a: Keldeo|63\/100|[from] Stealth Rock\n|-damage|p1a: Keldeo|51\/100|[from] Spikes\n|move|p2a: Yami|Roost|p2a: Yami\n|-heal|p2a: Yami|100\/100\n|\n|turn|16\n|choice||\n|\n|move|p1a: Keldeo|Icy Wind|p2a: Yami\n|-supereffective|p2a: Yami\n|-damage|p2a: Yami|68\/100\n|-unboost|p2a: Yami|spe|1\n|move|p2a: Yami|Roost|p2a: Yami\n|-heal|p2a: Yami|100\/100\n|\n|turn|17\n|choice||\n|\n|move|p1a: Keldeo|Icy Wind|p2a: Yami\n|-supereffective|p2a: Yami\n|-damage|p2a: Yami|67\/100\n|-unboost|p2a: Yami|spe|1\n|move|p2a: Yami|Foul Play|p1a: Keldeo\n|-resisted|p1a: Keldeo\n|-damage|p1a: Keldeo|40\/100\n|-ability|p1a: Keldeo|Justified|boost\n|-boost|p1a: Keldeo|atk|1\n|\n|turn|18\n|choice||\n|\n|switch|p1a: Gardevoir|Gardevoir, F|100\/100\n|-damage|p1a: Gardevoir|88\/100|[from] Spikes\n|-damage|p1a: Gardevoir|76\/100|[from] Stealth Rock\n|-ability|p1a: Gardevoir|Overcoat|[from] ability: Trace|[of] p2a: Yami\n|move|p2a: Yami|Roost|p2a: Yami\n|-heal|p2a: Yami|100\/100\n|\n|turn|19\n|choice||\n|\n|switch|p2a: Phantom|Jellicent, F|24\/100\n|-damage|p2a: Phantom|12\/100|[from] Stealth Rock\n|detailschange|p1a: Gardevoir|Gardevoir-Mega, F\n|-mega|p1a: Gardevoir|Gardevoir|Gardevoirite\n|move|p1a: Gardevoir|Hyper Voice|p2a: Phantom\n|-damage|p2a: Phantom|0 fnt\n|faint|p2a: Phantom\n|\n|choice||\n|\n|switch|p2a: Temple|Ferrothorn, M|100\/100\n|-damage|p2a: Temple|94\/100|[from] Stealth Rock\n|turn|20\n|choice||\n|\n|move|p1a: Gardevoir|Focus Blast|p2a: Temple\n|-supereffective|p2a: Temple\n|-damage|p2a: Temple|29\/100\n|move|p2a: Temple|Gyro Ball|p1a: Gardevoir\n|-supereffective|p1a: Gardevoir\n|-damage|p1a: Gardevoir|0 fnt\n|faint|p1a: Gardevoir\n|\n|choice||\n|\n|switch|p1a: Keldeo|Keldeo|40\/100\n|-damage|p1a: Keldeo|34\/100|[from] Stealth Rock\n|-damage|p1a: Keldeo|21\/100|[from] Spikes\n|turn|21\n|choice||\n|\n|switch|p2a: Calamity|Meloetta|100\/100\n|-damage|p2a: Calamity|88\/100|[from] Stealth Rock\n|move|p1a: Keldeo|Secret Sword|p2a: Calamity\n|-damage|p2a: Calamity|55\/100\n|\n|-heal|p2a: Calamity|61\/100|[from] item: Leftovers\n|turn|22\n|choice||\n|\n|move|p1a: Keldeo|Secret Sword|p2a: Calamity\n|-damage|p2a: Calamity|30\/100\n|move|p2a: Calamity|Energy Ball|p1a: Keldeo\n|-supereffective|p1a: Keldeo\n|-damage|p1a: Keldeo|0 fnt\n|faint|p1a: Keldeo\n|\n|-heal|p2a: Calamity|36\/100|[from] item: Leftovers\n|choice||\n|\n|switch|p1a: Hydreigon|Hydreigon, M|80\/100\n|-damage|p1a: Hydreigon|68\/100|[from] Stealth Rock\n|turn|23\n|choice||\n|\n|move|p1a: Hydreigon|Dark Pulse|p2a: Calamity\n|-supereffective|p2a: Calamity\n|-damage|p2a: Calamity|0 fnt\n|-damage|p1a: Hydreigon|58\/100|[from] item: Life Orb\n|faint|p2a: Calamity\n|\n|choice||\n|\n|switch|p2a: Yami|Mandibuzz, F, shiny|100\/100\n|-damage|p2a: Yami|75\/100|[from] Stealth Rock\n|turn|24\n|choice||\n|\n|switch|p2a: Temple|Ferrothorn, M|29\/100\n|-damage|p2a: Temple|23\/100|[from] Stealth Rock\n|move|p1a: Hydreigon|Draco Meteor|p2a: Temple\n|-resisted|p2a: Temple\n|-damage|p2a: Temple|0 fnt\n|-unboost|p1a: Hydreigon|spa|2\n|-damage|p1a: Hydreigon|48\/100|[from] item: Life Orb\n|faint|p2a: Temple\n|\n|choice||\n|\n|switch|p2a: Yami|Mandibuzz, F, shiny|75\/100\n|-damage|p2a: Yami|50\/100|[from] Stealth Rock\n|turn|25\n|choice||\n|\n|move|p1a: Hydreigon|Superpower|p2a: Yami\n|-damage|p2a: Yami|28\/100\n|-damage|p1a: Hydreigon|32\/100|[from] item: Rocky Helmet|[of] p2a: Yami\n|-unboost|p1a: Hydreigon|atk|1\n|-unboost|p1a: Hydreigon|def|1\n|-damage|p1a: Hydreigon|22\/100|[from] item: Life Orb\n|move|p2a: Yami|Roost|p2a: Yami\n|-heal|p2a: Yami|78\/100\n|\n|turn|26\n|choice||\n|\n|move|p1a: Hydreigon|Roost|p1a: Hydreigon\n|-heal|p1a: Hydreigon|72\/100\n|move|p2a: Yami|Foul Play|p1a: Hydreigon\n|-resisted|p1a: Hydreigon\n|-damage|p1a: Hydreigon|50\/100\n|\n|turn|27\n|choice||\n|\n|move|p1a: Hydreigon|Roost|p1a: Hydreigon\n|-heal|p1a: Hydreigon|99\/100\n|move|p2a: Yami|Foul Play|p1a: Hydreigon\n|-resisted|p1a: Hydreigon\n|-damage|p1a: Hydreigon|79\/100\n|\n|turn|28\n|choice||\n|\n|switch|p1a: Skarmory|Skarmory, M|44\/100\n|-damage|p1a: Skarmory|31\/100|[from] Stealth Rock\n|move|p2a: Yami|Roost|p2a: Yami\n|-heal|p2a: Yami|100\/100\n|\n|turn|29\n|choice||\n|\n|move|p2a: Yami|Taunt|p1a: Skarmory\n|-start|p1a: Skarmory|move: Taunt\n|cant|p1a: Skarmory|move: Taunt|Roost\n|\n|turn|30\n|choice||\n|\n|move|p2a: Yami|Taunt|p1a: Skarmory\n|-fail|p1a: Skarmory\n|move|p1a: Skarmory|Iron Head|p2a: Yami\n|-damage|p2a: Yami|90\/100\n|-damage|p1a: Skarmory|15\/100|[from] item: Rocky Helmet|[of] p2a: Yami\n|\n|turn|31\n|choice||\n|\n|switch|p1a: Hydreigon|Hydreigon, M|79\/100\n|-damage|p1a: Hydreigon|66\/100|[from] Stealth Rock\n|move|p2a: Yami|Roost|p2a: Yami\n|-heal|p2a: Yami|100\/100\n|\n|turn|32\n|choice||\n|\n|move|p1a: Hydreigon|Dark Pulse|p2a: Yami\n|-resisted|p2a: Yami\n|-damage|p2a: Yami|79\/100\n|-damage|p1a: Hydreigon|57\/100|[from] item: Life Orb\n|move|p2a: Yami|Roost|p2a: Yami\n|-heal|p2a: Yami|100\/100\n|\n|turn|33\n|choice||\n|\n|move|p1a: Hydreigon|Roost|p1a: Hydreigon\n|-heal|p1a: Hydreigon|100\/100\n|move|p2a: Yami|Roost|p2a: Yami\n|-fail|p2a: Yami\n|\n|turn|34\n|choice||\n|\n|move|p1a: Hydreigon|Dark Pulse|p2a: Yami\n|-resisted|p2a: Yami\n|-damage|p2a: Yami|78\/100\n|-damage|p1a: Hydreigon|91\/100|[from] item: Life Orb\n|move|p2a: Yami|Taunt|p1a: Hydreigon\n|-start|p1a: Hydreigon|move: Taunt\n|\n|turn|35\n|choice||\n|\n|move|p1a: Hydreigon|Draco Meteor|p2a: Yami\n|-damage|p2a: Yami|8\/100\n|-unboost|p1a: Hydreigon|spa|2\n|-damage|p1a: Hydreigon|81\/100|[from] item: Life Orb\n|move|p2a: Yami|Roost|p2a: Yami\n|-heal|p2a: Yami|58\/100\n|\n|turn|36\n|choice||\n|\n|switch|p1a: Skarmory|Skarmory, M|15\/100\n|-damage|p1a: Skarmory|3\/100|[from] Stealth Rock\n|move|p2a: Yami|Roost|p2a: Yami\n|-heal|p2a: Yami|100\/100\n|\n|turn|37\n|l|Amaterus\n|player|p2\n|j|Amaterus\n|player|p2|Amaterus|#zinnia\n|choice||\n|\n|move|p2a: Yami|Foul Play|p1a: Skarmory\n|-damage|p1a: Skarmory|0 fnt\n|-damage|p2a: Yami|84\/100|[from] item: Rocky Helmet|[of] p1a: Skarmory\n|faint|p1a: Skarmory\n|\n|choice||\n|\n|switch|p1a: Cofagrigus|Cofagrigus, F|100\/100\n|-damage|p1a: Cofagrigus|88\/100|[from] Stealth Rock\n|-damage|p1a: Cofagrigus|75\/100|[from] Spikes\n|turn|38\n|choice||\n|\n|move|p2a: Yami|Taunt|p1a: Cofagrigus\n|-start|p1a: Cofagrigus|move: Taunt\n|cant|p1a: Cofagrigus|move: Taunt|Calm Mind\n|\n|turn|39\n|c|\u2605Gaeul|5 roost y rip\n|choice||\n|\n|move|p2a: Yami|Foul Play|p1a: Cofagrigus\n|-supereffective|p1a: Cofagrigus\n|-damage|p1a: Cofagrigus|59\/100\n|-activate|p1a: Cofagrigus|ability: Mummy|Overcoat|[of] p2a: Yami\n|move|p1a: Cofagrigus|Dark Pulse|p2a: Yami\n|-resisted|p2a: Yami\n|-damage|p2a: Yami|75\/100\n|\n|turn|40\n|choice||\n|\n|move|p2a: Yami|Foul Play|p1a: Cofagrigus\n|-supereffective|p1a: Cofagrigus\n|-damage|p1a: Cofagrigus|43\/100\n|move|p1a: Cofagrigus|Dark Pulse|p2a: Yami\n|-resisted|p2a: Yami\n|-damage|p2a: Yami|66\/100\n|\n|-end|p1a: Cofagrigus|move: Taunt\n|turn|41\n|choice||\n|\n|switch|p1a: Hydreigon|Hydreigon, M|81\/100\n|-damage|p1a: Hydreigon|68\/100|[from] Stealth Rock\n|move|p2a: Yami|Roost|p2a: Yami\n|-heal|p2a: Yami|100\/100\n|\n|turn|42\n|choice||\n|\n|move|p1a: Hydreigon|Dark Pulse|p2a: Yami\n|-resisted|p2a: Yami\n|-damage|p2a: Yami|79\/100\n|-damage|p1a: Hydreigon|59\/100|[from] item: Life Orb\n|move|p2a: Yami|Taunt|p1a: Hydreigon\n|-start|p1a: Hydreigon|move: Taunt\n|\n|turn|43\n|choice||\n|\n|move|p1a: Hydreigon|Dark Pulse|p2a: Yami\n|-resisted|p2a: Yami\n|-damage|p2a: Yami|56\/100\n|-damage|p1a: Hydreigon|49\/100|[from] item: Life Orb\n|move|p2a: Yami|Roost|p2a: Yami\n|-heal|p2a: Yami|100\/100\n|\n|turn|44\n|choice||\n|\n|move|p1a: Hydreigon|Dark Pulse|p2a: Yami\n|-resisted|p2a: Yami\n|-damage|p2a: Yami|78\/100\n|-damage|p1a: Hydreigon|39\/100|[from] item: Life Orb\n|move|p2a: Yami|Foul Play|p1a: Hydreigon\n|-resisted|p1a: Hydreigon\n|-damage|p1a: Hydreigon|16\/100\n|\n|turn|45\n|c|\u2605Amaterus|yip gg\n|choice||\n|\n|switch|p1a: Cofagrigus|Cofagrigus, F|43\/100\n|-damage|p1a: Cofagrigus|30\/100|[from] Stealth Rock\n|-damage|p1a: Cofagrigus|18\/100|[from] Spikes\n|move|p2a: Yami|Foul Play|p1a: Cofagrigus\n|-supereffective|p1a: Cofagrigus\n|-damage|p1a: Cofagrigus|0 fnt\n|faint|p1a: Cofagrigus\n|\n|choice||\n|\n|switch|p1a: Hydreigon|Hydreigon, M|16\/100\n|-damage|p1a: Hydreigon|4\/100|[from] Stealth Rock\n|turn|46\n|choice||\n|\n|move|p1a: Hydreigon|Roost|p1a: Hydreigon\n|-heal|p1a: Hydreigon|54\/100\n|move|p2a: Yami|Taunt|p1a: Hydreigon\n|-start|p1a: Hydreigon|move: Taunt\n|\n|turn|47\n|choice||\n|\n|move|p1a: Hydreigon|Draco Meteor|p2a: Yami\n|-damage|p2a: Yami|5\/100\n|-unboost|p1a: Hydreigon|spa|2\n|-damage|p1a: Hydreigon|44\/100|[from] item: Life Orb\n|move|p2a: Yami|Roost|p2a: Yami\n|-heal|p2a: Yami|55\/100\n|\n|turn|48\n|c|\u2605Amaterus|:]\n|choice||\n|\n|move|p1a: Hydreigon|Draco Meteor|p2a: Yami\n|-damage|p2a: Yami|19\/100\n|-unboost|p1a: Hydreigon|spa|2\n|-damage|p1a: Hydreigon|34\/100|[from] item: Life Orb\n|move|p2a: Yami|Roost|p2a: Yami\n|-heal|p2a: Yami|69\/100\n|\n|turn|49\n|c|\u2605Gaeul|hax..\n|choice||\n|\n|move|p1a: Hydreigon|Superpower|p2a: Yami\n|-damage|p2a: Yami|48\/100\n|-activate|p2a: Yami|ability: Mummy|Levitate|[of] p1a: Hydreigon\n|-damage|p1a: Hydreigon|17\/100|[from] item: Rocky Helmet|[of] p2a: Yami\n|-unboost|p1a: Hydreigon|atk|1\n|-unboost|p1a: Hydreigon|def|1\n|-damage|p1a: Hydreigon|8\/100|[from] item: Life Orb\n|move|p2a: Yami|Foul Play|p1a: Hydreigon\n|-resisted|p1a: Hydreigon\n|-damage|p1a: Hydreigon|0 fnt\n|faint|p1a: Hydreigon\n|\n|win|Amaterus\n|player|p1\n|player|p2\n|raw|Gaeul's rating: 1317 &rarr; <strong>1298<\/strong><br \/>(-19 for losing)\n|raw|Amaterus's rating: 1341 &rarr; <strong>1360<\/strong><br \/>(+19 for winning)\n|c|\u2605Amaterus|Lol'","inputlog":null,"uploadtime":1463870587,"views":48,"p1id":"gaeul","p2id":"amaterus","formatid":"ou","rating":1298,"private":0,"password":null}