{"id":"ou-376427431","p1":"Overmatt","p2":"hauntersnightmare","format":"ou","log":"|j|Overmatt\n|j|hauntersnightmare\n|player|p1|Overmatt|92\n|player|p2|hauntersnightmare|153\n|gametype|singles\n|gen|6\n|tier|OU\n|seed|\n|clearpoke\n|poke|p1|Diancie|item\n|poke|p1|Slowbro, M|item\n|poke|p1|Darmanitan, M|item\n|poke|p1|Volcarona, M|item\n|poke|p1|Swampert, F|item\n|poke|p1|Zapdos|item\n|poke|p2|Pinsir, F|item\n|poke|p2|Rotom-Wash|item\n|poke|p2|Celebi|item\n|poke|p2|Skarmory, F|item\n|poke|p2|Starmie, shiny|item\n|poke|p2|Landorus-Therian, M|item\n|rule|Swagger Clause: Swagger is banned\n|rule|Baton Pass Clause: Limit one Baton Passer, can't pass Spe and other stats simultaneously\n|rule|Sleep Clause Mod: Limit one foe put to sleep\n|rule|Species Clause: Limit one of each Pok\u00e9mon\n|rule|OHKO Clause: OHKO moves are banned\n|rule|Moody Clause: Moody is banned\n|rule|Evasion Moves Clause: Evasion moves are banned\n|rule|Endless Battle Clause: Forcing endless battles is banned\n|rule|HP Percentage Mod: HP is shown in percentages\n|teampreview\n|c|\u2605hauntersnightmare|no i didn't even see volc\n|c|\u2605hauntersnightmare|lol\n|c|\u2605hauntersnightmare|lando is not changed\n|c|\u2605hauntersnightmare|i just took taunt off of skarm\n|choice||\n|\n|start\n|switch|p1a: Diancie|Diancie|100\/100\n|switch|p2a: Robin Williams|Landorus-Therian, M|100\/100\n|-ability|p2a: Robin Williams|Intimidate|boost\n|-fail|p1a: Diancie|unboost|[from] ability: Clear Body|[of] p1a: Diancie\n|turn|1\n|choice||\n|\n|switch|p1a: Zapdos|Zapdos|100\/100\n|-ability|p1a: Zapdos|Pressure\n|move|p2a: Robin Williams|Swords Dance|p2a: Robin Williams\n|-boost|p2a: Robin Williams|atk|2\n|\n|turn|2\n|c|\u2605hauntersnightmare|risky bidness\n|choice||\n|\n|switch|p1a: Slowbro|Slowbro, M|100\/100\n|move|p2a: Robin Williams|Stone Edge|p1a: Slowbro\n|-damage|p1a: Slowbro|63\/100\n|\n|-heal|p1a: Slowbro|69\/100|[from] item: Leftovers\n|turn|3\n|choice||\n|\n|move|p2a: Robin Williams|Earthquake|p1a: Slowbro\n|-damage|p1a: Slowbro|11\/100\n|move|p1a: Slowbro|Scald|p2a: Robin Williams\n|-supereffective|p2a: Robin Williams\n|-damage|p2a: Robin Williams|36\/100\n|\n|-heal|p2a: Robin Williams|42\/100|[from] item: Leftovers\n|-heal|p1a: Slowbro|17\/100|[from] item: Leftovers\n|turn|4\n|choice||\n|\n|switch|p1a: Swampert|Swampert, F|100\/100\n|move|p2a: Robin Williams|Stone Edge|p1a: Swampert\n|-resisted|p1a: Swampert\n|-damage|p1a: Swampert|69\/100\n|\n|-heal|p2a: Robin Williams|48\/100|[from] item: Leftovers\n|-heal|p1a: Swampert|76\/100|[from] item: Leftovers\n|turn|5\n|choice||\n|\n|move|p2a: Robin Williams|Stealth Rock|p1a: Swampert\n|-sidestart|p1: Overmatt|move: Stealth Rock\n|move|p1a: Swampert|Waterfall|p2a: Robin Williams\n|-supereffective|p2a: Robin Williams\n|-damage|p2a: Robin Williams|0 fnt\n|faint|p2a: Robin Williams\n|\n|-heal|p1a: Swampert|82\/100|[from] item: Leftovers\n|choice||\n|\n|switch|p2a: Spaceman Spiff|Celebi|100\/100\n|turn|6\n|choice||\n|\n|switch|p1a: Darmanitan|Darmanitan, M|100\/100\n|-damage|p1a: Darmanitan|76\/100|[from] Stealth Rock\n|move|p2a: Spaceman Spiff|Nasty Plot|p2a: Spaceman Spiff\n|-boost|p2a: Spaceman Spiff|spa|2\n|\n|turn|7\n|choice||\n|\n|switch|p2a: Tweety|Skarmory, F|100\/100\n|move|p1a: Darmanitan|Flare Blitz|p2a: Tweety\n|-supereffective|p2a: Tweety\n|-crit|p2a: Tweety\n|-ability|p2a: Tweety|Sturdy\n|-damage|p2a: Tweety|1\/100\n|-damage|p1a: Darmanitan|59\/100|[from] item: Rocky Helmet|[of] p2a: Tweety\n|-damage|p1a: Darmanitan|28\/100|[from] recoil|[of] p2a: Tweety\n|\n|turn|8\n|choice||\n|\n|switch|p2a: Ex Wife|Starmie, shiny|100\/100\n|move|p1a: Darmanitan|Flare Blitz|p2a: Ex Wife\n|-resisted|p2a: Ex Wife\n|-damage|p2a: Ex Wife|42\/100\n|-damage|p1a: Darmanitan|10\/100|[from] recoil|[of] p2a: Ex Wife\n|\n|-heal|p2a: Ex Wife|48\/100|[from] item: Leftovers\n|turn|9\n|c|\u2605Overmatt|after this game need like 10\n|choice||\n|\n|switch|p2a: Tweety|Skarmory, F|1\/100\n|move|p1a: Darmanitan|Flare Blitz|p2a: Tweety\n|-supereffective|p2a: Tweety\n|-damage|p2a: Tweety|0 fnt\n|-damage|p1a: Darmanitan|0 fnt|[from] item: Rocky Helmet|[of] p2a: Tweety\n|faint|p1a: Darmanitan\n|faint|p2a: Tweety\n|\n|choice||\n|\n|switch|p1a: Zapdos|Zapdos|100\/100\n|switch|p2a: Kenmoar|Rotom-Wash|100\/100\n|-damage|p1a: Zapdos|76\/100|[from] Stealth Rock\n|-ability|p1a: Zapdos|Pressure\n|turn|10\n|choice||\n|\n|move|p1a: Zapdos|Defog|p2a: Kenmoar\n|-unboost|p2a: Kenmoar|evasion|1\n|-sideend|p1: Overmatt|Stealth Rock|[from] move: Defog|[of] p1a: Zapdos\n|move|p2a: Kenmoar|Will-O-Wisp|p1a: Zapdos\n|-status|p1a: Zapdos|brn\n|\n|-heal|p1a: Zapdos|82\/100 brn|[from] item: Leftovers\n|-damage|p1a: Zapdos|69\/100 brn|[from] brn\n|turn|11\n|choice||\n|\n|move|p1a: Zapdos|Volt Switch|p2a: Kenmoar\n|-damage|p2a: Kenmoar|75\/100\n|choice||\n|\n|switch|p1a: Swampert|Swampert, F|82\/100\n|move|p2a: Kenmoar|Hydro Pump|p1a: Swampert|[miss]\n|-miss|p2a: Kenmoar|p1a: Swampert\n|\n|-heal|p2a: Kenmoar|82\/100|[from] item: Leftovers\n|-heal|p1a: Swampert|88\/100|[from] item: Leftovers\n|turn|12\n|choice||\n|\n|switch|p2a: Ex Wife|Starmie, shiny|48\/100\n|move|p1a: Swampert|Stealth Rock|p2a: Ex Wife\n|-sidestart|p2: hauntersnightmare|move: Stealth Rock\n|\n|-heal|p2a: Ex Wife|54\/100|[from] item: Leftovers\n|-heal|p1a: Swampert|94\/100|[from] item: Leftovers\n|turn|13\n|choice||\n|\n|move|p2a: Ex Wife|Scald|p1a: Swampert\n|-damage|p1a: Swampert|69\/100\n|-status|p1a: Swampert|brn\n|move|p1a: Swampert|Earthquake|p2a: Ex Wife\n|-damage|p2a: Ex Wife|21\/100\n|\n|-heal|p2a: Ex Wife|27\/100|[from] item: Leftovers\n|-heal|p1a: Swampert|75\/100 brn|[from] item: Leftovers\n|-damage|p1a: Swampert|62\/100 brn|[from] brn\n|turn|14\n|choice||\n|\n|move|p2a: Ex Wife|Rapid Spin|p1a: Swampert\n|-damage|p1a: Swampert|60\/100 brn\n|-sideend|p2: hauntersnightmare|Stealth Rock|[from] move: Rapid Spin|[of] p2a: Ex Wife\n|move|p1a: Swampert|Earthquake|p2a: Ex Wife\n|-damage|p2a: Ex Wife|0 fnt\n|faint|p2a: Ex Wife\n|\n|-heal|p1a: Swampert|66\/100 brn|[from] item: Leftovers\n|-damage|p1a: Swampert|54\/100 brn|[from] brn\n|c|\u2605Overmatt|i have the worst luck with burns\n|choice||\n|\n|switch|p2a: Spaceman Spiff|Celebi|100\/100\n|turn|15\n|choice||\n|\n|move|p2a: Spaceman Spiff|Nasty Plot|p2a: Spaceman Spiff\n|-boost|p2a: Spaceman Spiff|spa|2\n|move|p1a: Swampert|Stealth Rock|p2a: Spaceman Spiff\n|-sidestart|p2: hauntersnightmare|move: Stealth Rock\n|\n|-heal|p1a: Swampert|60\/100 brn|[from] item: Leftovers\n|-damage|p1a: Swampert|47\/100 brn|[from] brn\n|turn|16\n|choice||\n|\n|move|p2a: Spaceman Spiff|Baton Pass|p2a: Spaceman Spiff\n|choice||\n|\n|switch|p2a: Kenmoar|Rotom-Wash|82\/100\n|-damage|p2a: Kenmoar|69\/100|[from] Stealth Rock\n|move|p1a: Swampert|Roar|p2a: Kenmoar\n|drag|p2a: Spaceman Spiff|Celebi|100\/100\n|-damage|p2a: Spaceman Spiff|88\/100|[from] Stealth Rock\n|\n|-heal|p2a: Spaceman Spiff|94\/100|[from] item: Leftovers\n|-heal|p1a: Swampert|54\/100 brn|[from] item: Leftovers\n|-damage|p1a: Swampert|41\/100 brn|[from] brn\n|turn|17\n|choice||\n|\n|move|p2a: Spaceman Spiff|Giga Drain|p1a: Swampert\n|-supereffective|p1a: Swampert\n|-damage|p1a: Swampert|0 fnt\n|-heal|p2a: Spaceman Spiff|100\/100|[from] drain|[of] p1a: Swampert\n|faint|p1a: Swampert\n|\n|choice||\n|\n|switch|p1a: Volcarona|Volcarona, M|100\/100\n|turn|18\n|choice||\n|\n|switch|p2a: Kenmoar|Rotom-Wash|69\/100\n|-damage|p2a: Kenmoar|57\/100|[from] Stealth Rock\n|move|p1a: Volcarona|Quiver Dance|p1a: Volcarona\n|-boost|p1a: Volcarona|spa|1\n|-boost|p1a: Volcarona|spd|1\n|-boost|p1a: Volcarona|spe|1\n|\n|-heal|p2a: Kenmoar|63\/100|[from] item: Leftovers\n|turn|19\n|choice||\n|\n|move|p1a: Volcarona|Giga Drain|p2a: Kenmoar\n|-supereffective|p2a: Kenmoar\n|-damage|p2a: Kenmoar|0 fnt\n|-damage|p1a: Volcarona|91\/100|[from] item: Life Orb\n|faint|p2a: Kenmoar\n|\n|choice||\n|\n|switch|p2a: Sweeperella|Pinsir, F|100\/100\n|-damage|p2a: Sweeperella|76\/100|[from] Stealth Rock\n|turn|20\n|c|\u2605Overmatt|Volcarona is a total beast\n|c|\u2605hauntersnightmare|gg\n|c|\u2605Overmatt|only reason i dont use more is i hate having to worry about SR\n|choice||\n|\n|detailschange|p2a: Sweeperella|Pinsir-Mega, F\n|-mega|p2a: Sweeperella|Pinsir|Pinsirite\n|move|p2a: Sweeperella|Quick Attack|p1a: Volcarona\n|-supereffective|p1a: Volcarona\n|-damage|p1a: Volcarona|0 fnt\n|-status|p2a: Sweeperella|brn|[from] ability: Flame Body|[of] p1a: Volcarona\n|faint|p1a: Volcarona\n|\n|-damage|p2a: Sweeperella|64\/100 brn|[from] brn\n|c|\u2605hauntersnightmare|its my kryptonite\n|c|\u2605hauntersnightmare|i didn't bring my volcorona proof team\n|c|\u2605hauntersnightmare|i didn't know you had it\n|choice||\n|\n|switch|p1a: Diancie|Diancie|100\/100\n|turn|21\n|c|\u2605hauntersnightmare|well i did\n|c|\u2605hauntersnightmare|but i forgot\n|c|\u2605Overmatt|lol i dont usually use\n|choice||\n|\n|switch|p2a: Spaceman Spiff|Celebi|100\/100\n|-damage|p2a: Spaceman Spiff|88\/100|[from] Stealth Rock\n|switch|p1a: Slowbro|Slowbro, M|50\/100\n|\n|-heal|p2a: Spaceman Spiff|94\/100|[from] item: Leftovers\n|-heal|p1a: Slowbro|56\/100|[from] item: Leftovers\n|turn|22\n|choice||\n|\n|move|p2a: Spaceman Spiff|Nasty Plot|p2a: Spaceman Spiff\n|-boost|p2a: Spaceman Spiff|spa|2\n|move|p1a: Slowbro|Thunder Wave|p2a: Spaceman Spiff\n|-status|p2a: Spaceman Spiff|par\n|\n|-heal|p1a: Slowbro|62\/100|[from] item: Leftovers\n|-heal|p2a: Spaceman Spiff|100\/100 par|[from] item: Leftovers\n|turn|23\n|c|\u2605hauntersnightmare|also im adamant lmao\n|c|\u2605hauntersnightmare|for some reason\n|choice||\n|\n|move|p1a: Slowbro|Fire Blast|p2a: Spaceman Spiff|[miss]\n|-miss|p1a: Slowbro|p2a: Spaceman Spiff\n|cant|p2a: Spaceman Spiff|par\n|\n|-heal|p1a: Slowbro|69\/100|[from] item: Leftovers\n|turn|24\n|choice||\n|\n|move|p1a: Slowbro|Fire Blast|p2a: Spaceman Spiff\n|-supereffective|p2a: Spaceman Spiff\n|-damage|p2a: Spaceman Spiff|69\/100 par\n|cant|p2a: Spaceman Spiff|par\n|\n|-heal|p1a: Slowbro|75\/100|[from] item: Leftovers\n|-heal|p2a: Spaceman Spiff|75\/100 par|[from] item: Leftovers\n|turn|25\n|choice||\n|\n|move|p1a: Slowbro|Fire Blast|p2a: Spaceman Spiff|[miss]\n|-miss|p1a: Slowbro|p2a: Spaceman Spiff\n|move|p2a: Spaceman Spiff|Nasty Plot|p2a: Spaceman Spiff\n|-boost|p2a: Spaceman Spiff|spa|2\n|\n|-heal|p1a: Slowbro|81\/100|[from] item: Leftovers\n|-heal|p2a: Spaceman Spiff|82\/100 par|[from] item: Leftovers\n|turn|26\n|choice||\n|\n|move|p1a: Slowbro|Fire Blast|p2a: Spaceman Spiff\n|-supereffective|p2a: Spaceman Spiff\n|-damage|p2a: Spaceman Spiff|53\/100 par\n|move|p2a: Spaceman Spiff|Giga Drain|p1a: Slowbro\n|-supereffective|p1a: Slowbro\n|-damage|p1a: Slowbro|0 fnt\n|-heal|p2a: Spaceman Spiff|92\/100 par|[from] drain|[of] p1a: Slowbro\n|faint|p1a: Slowbro\n|\n|-heal|p2a: Spaceman Spiff|98\/100 par|[from] item: Leftovers\n|choice||\n|\n|switch|p1a: Diancie|Diancie|100\/100\n|turn|27\n|choice||\n|\n|detailschange|p1a: Diancie|Diancie-Mega\n|-mega|p1a: Diancie|Diancie|Diancite\n|move|p1a: Diancie|Moonblast|p2a: Spaceman Spiff\n|-damage|p2a: Spaceman Spiff|62\/100 par\n|-unboost|p2a: Spaceman Spiff|spa|1\n|cant|p2a: Spaceman Spiff|par\n|\n|-heal|p2a: Spaceman Spiff|69\/100 par|[from] item: Leftovers\n|turn|28\n|choice||\n|\n|move|p1a: Diancie|Moonblast|p2a: Spaceman Spiff\n|-crit|p2a: Spaceman Spiff\n|-damage|p2a: Spaceman Spiff|14\/100 par\n|move|p2a: Spaceman Spiff|Giga Drain|p1a: Diancie\n|-supereffective|p1a: Diancie\n|-damage|p1a: Diancie|0 fnt\n|-heal|p2a: Spaceman Spiff|44\/100 par|[from] drain|[of] p1a: Diancie\n|faint|p1a: Diancie\n|\n|-heal|p2a: Spaceman Spiff|50\/100 par|[from] item: Leftovers\n|c|\u2605hauntersnightmare|i really really\n|c|\u2605hauntersnightmare|gg\n|choice||\n|\n|switch|p1a: Zapdos|Zapdos|69\/100 brn\n|-ability|p1a: Zapdos|Pressure\n|turn|29\n|c|\u2605hauntersnightmare|kk\n|choice||\n|\n|move|p1a: Zapdos|Heat Wave|p2a: Spaceman Spiff\n|-supereffective|p2a: Spaceman Spiff\n|-damage|p2a: Spaceman Spiff|20\/100 par\n|move|p2a: Spaceman Spiff|Giga Drain|p1a: Zapdos\n|-resisted|p1a: Zapdos\n|-damage|p1a: Zapdos|41\/100 brn\n|-heal|p2a: Spaceman Spiff|33\/100 par|[from] drain|[of] p1a: Zapdos\n|\n|-heal|p1a: Zapdos|47\/100 brn|[from] item: Leftovers\n|-heal|p2a: Spaceman Spiff|39\/100 par|[from] item: Leftovers\n|-damage|p1a: Zapdos|35\/100 brn|[from] brn\n|turn|30\n|choice||\n|\n|move|p1a: Zapdos|Roost|p1a: Zapdos\n|-heal|p1a: Zapdos|85\/100 brn\n|move|p2a: Spaceman Spiff|Recover|p2a: Spaceman Spiff\n|-heal|p2a: Spaceman Spiff|89\/100 par\n|\n|-heal|p1a: Zapdos|91\/100 brn|[from] item: Leftovers\n|-heal|p2a: Spaceman Spiff|95\/100 par|[from] item: Leftovers\n|-damage|p1a: Zapdos|79\/100 brn|[from] brn\n|turn|31\n|choice||\n|\n|move|p1a: Zapdos|Heat Wave|p2a: Spaceman Spiff\n|-supereffective|p2a: Spaceman Spiff\n|-damage|p2a: Spaceman Spiff|64\/100 par\n|cant|p2a: Spaceman Spiff|par\n|\n|-heal|p1a: Zapdos|85\/100 brn|[from] item: Leftovers\n|-heal|p2a: Spaceman Spiff|70\/100 par|[from] item: Leftovers\n|-damage|p1a: Zapdos|72\/100 brn|[from] brn\n|turn|32\n|choice||\n|\n|move|p1a: Zapdos|Heat Wave|p2a: Spaceman Spiff\n|-supereffective|p2a: Spaceman Spiff\n|-damage|p2a: Spaceman Spiff|40\/100 par\n|move|p2a: Spaceman Spiff|Recover|p2a: Spaceman Spiff\n|-heal|p2a: Spaceman Spiff|90\/100 par\n|\n|-heal|p1a: Zapdos|78\/100 brn|[from] item: Leftovers\n|-heal|p2a: Spaceman Spiff|96\/100 par|[from] item: Leftovers\n|-damage|p1a: Zapdos|66\/100 brn|[from] brn\n|turn|33\n|c|\u2605hauntersnightmare|spaceman spiff\n|c|\u2605hauntersnightmare|can do this\n|choice||\n|\n|move|p1a: Zapdos|Heat Wave|p2a: Spaceman Spiff\n|-supereffective|p2a: Spaceman Spiff\n|-damage|p2a: Spaceman Spiff|61\/100 par\n|move|p2a: Spaceman Spiff|Nasty Plot|p2a: Spaceman Spiff\n|-boost|p2a: Spaceman Spiff|spa|2\n|\n|-heal|p1a: Zapdos|72\/100 brn|[from] item: Leftovers\n|-heal|p2a: Spaceman Spiff|67\/100 par|[from] item: Leftovers\n|-damage|p1a: Zapdos|60\/100 brn|[from] brn\n|turn|34\n|c|\u2605hauntersnightmare|i can't believe quick attack 1 shot you\n|c|\u2605Overmatt|i didnt think it would tbh\n|choice||\n|\n|move|p1a: Zapdos|Heat Wave|p2a: Spaceman Spiff\n|-supereffective|p2a: Spaceman Spiff\n|-crit|p2a: Spaceman Spiff\n|-damage|p2a: Spaceman Spiff|22\/100 par\n|move|p2a: Spaceman Spiff|Recover|p2a: Spaceman Spiff\n|-heal|p2a: Spaceman Spiff|72\/100 par\n|\n|-heal|p1a: Zapdos|66\/100 brn|[from] item: Leftovers\n|-heal|p2a: Spaceman Spiff|78\/100 par|[from] item: Leftovers\n|-damage|p1a: Zapdos|53\/100 brn|[from] brn\n|turn|35\n|c|\u2605hauntersnightmare|me either\n|c|\u2605hauntersnightmare|it wouldn't have\n|c|\u2605hauntersnightmare|if i wasn't adamant\n|choice||\n|\n|move|p1a: Zapdos|Roost|p1a: Zapdos\n|-heal|p1a: Zapdos|100\/100 brn\n|cant|p2a: Spaceman Spiff|par\n|\n|-heal|p2a: Spaceman Spiff|84\/100 par|[from] item: Leftovers\n|-damage|p1a: Zapdos|88\/100 brn|[from] brn\n|turn|36\n|c|\u2605hauntersnightmare|sigh\n|c|\u2605hauntersnightmare|that would have done so much\n|choice||\n|\n|move|p1a: Zapdos|Heat Wave|p2a: Spaceman Spiff\n|-supereffective|p2a: Spaceman Spiff\n|-crit|p2a: Spaceman Spiff\n|-damage|p2a: Spaceman Spiff|32\/100 par\n|cant|p2a: Spaceman Spiff|par\n|\n|-heal|p1a: Zapdos|94\/100 brn|[from] item: Leftovers\n|-heal|p2a: Spaceman Spiff|38\/100 par|[from] item: Leftovers\n|-damage|p1a: Zapdos|82\/100 brn|[from] brn\n|turn|37\n|c|\u2605hauntersnightmare|OKAY CMON\n|c|\u2605Overmatt|lol paralysis is nuts\n|choice||\n|\n|move|p1a: Zapdos|Heat Wave|p2a: Spaceman Spiff\n|-supereffective|p2a: Spaceman Spiff\n|-crit|p2a: Spaceman Spiff\n|-damage|p2a: Spaceman Spiff|0 fnt\n|faint|p2a: Spaceman Spiff\n|\n|-heal|p1a: Zapdos|88\/100 brn|[from] item: Leftovers\n|-damage|p1a: Zapdos|76\/100 brn|[from] brn\n|c|\u2605Overmatt|wow\n|c|\u2605hauntersnightmare|rng is a cold hearted bitch\n|c|\u2605Overmatt|it is\n|c|\u2605hauntersnightmare|this is retorted lol\n|c|\u2605hauntersnightmare|i did all i could\n|choice||\n|\n|switch|p2a: Sweeperella|Pinsir-Mega, F|64\/100 brn\n|-damage|p2a: Sweeperella|14\/100 brn|[from] Stealth Rock\n|turn|38\n|c|\u2605Overmatt|would have went on for awhile tbh\n|choice||\n|\n|move|p2a: Sweeperella|Frustration|p1a: Zapdos\n|-resisted|p1a: Zapdos\n|-damage|p1a: Zapdos|59\/100 brn\n|move|p1a: Zapdos|Volt Switch|p2a: Sweeperella\n|-supereffective|p2a: Sweeperella\n|-damage|p2a: Sweeperella|0 fnt\n|faint|p2a: Sweeperella\n|\n|win|Overmatt\n|player|p1\n|player|p2\n|c|\u2605hauntersnightmare|i should have won that\n|c|\u2605Overmatt|ya you should have\n|c|\u2605hauntersnightmare|but yeah\n|c|\u2605hauntersnightmare|gg\n|c|\u2605Overmatt|although i honestly didnt think quick attack would ohko\n|c|\u2605hauntersnightmare|the turn you roosted\n|c|\u2605Overmatt|i would have played that so much different\n|c|\u2605Overmatt|ya that would have hurt\n|c|\u2605hauntersnightmare|cause giga drain would have hit for neutral 4x\n|c|\u2605hauntersnightmare|and healed me fully\n|c|\u2605Overmatt|ill brb need 10 min to clean some stuff up\n|c|\u2605hauntersnightmare|kkk\n|l|Overmatt","inputlog":null,"uploadtime":1463979008,"views":0,"p1id":"overmatt","p2id":"hauntersnightmare","formatid":"ou","rating":0,"private":0,"password":null}