{"id":"ou-376367535","p1":"Amaterus","p2":"StarZabRighT","format":"ou","log":"|j|Amaterus\n|j|StarZabRighT\n|player|p1|Amaterus|#zinnia\n|player|p2|StarZabRighT|274\n|gametype|singles\n|gen|6\n|tier|OU\n|rated\n|seed|\n|clearpoke\n|poke|p1|Weavile, M|item\n|poke|p1|Slowbro, M, shiny|item\n|poke|p1|Lopunny, F, shiny|item\n|poke|p1|Amoonguss, M, shiny|item\n|poke|p1|Skarmory, M, shiny|item\n|poke|p1|Landorus-Therian, M, shiny|item\n|poke|p2|Scizor, M|item\n|poke|p2|Keldeo-Resolute|item\n|poke|p2|Thundurus, M|item\n|poke|p2|Latios, M|item\n|poke|p2|Heatran, F|item\n|poke|p2|Landorus-Therian, M|item\n|rule|Swagger Clause: Swagger is banned\n|rule|Baton Pass Clause: Limit one Baton Passer, can't pass Spe and other stats simultaneously\n|rule|Sleep Clause Mod: Limit one foe put to sleep\n|rule|Species Clause: Limit one of each Pok\u00e9mon\n|rule|OHKO Clause: OHKO moves are banned\n|rule|Moody Clause: Moody is banned\n|rule|Evasion Moves Clause: Evasion moves are banned\n|rule|Endless Battle Clause: Forcing endless battles is banned\n|rule|HP Percentage Mod: HP is shown in percentages\n|teampreview\n|c|\u2605Amaterus|15\n|c|\u2605StarZabRighT|killing\n|c|\u2605StarZabRighT|my\n|c|\u2605StarZabRighT|self\n|choice||\n|\n|start\n|switch|p1a: Punisher|Lopunny, F, shiny|100\/100\n|switch|p2a: Scizor|Scizor, M|100\/100\n|turn|1\n|choice||\n|\n|detailschange|p1a: Punisher|Lopunny-Mega, F, shiny\n|-mega|p1a: Punisher|Lopunny|Lopunnite\n|detailschange|p2a: Scizor|Scizor-Mega, M\n|-mega|p2a: Scizor|Scizor|Scizorite\n|move|p1a: Punisher|Fake Out|p2a: Scizor\n|-resisted|p2a: Scizor\n|-damage|p2a: Scizor|94\/100\n|cant|p2a: Scizor|flinch\n|\n|turn|2\n|choice||\n|\n|move|p1a: Punisher|High Jump Kick|p2a: Scizor\n|-damage|p2a: Scizor|51\/100\n|move|p2a: Scizor|U-turn|p1a: Punisher\n|-resisted|p1a: Punisher\n|-damage|p1a: Punisher|78\/100\n|c|\u2605Amaterus|:]\n|choice||\n|\n|switch|p2a: Landorus|Landorus-Therian, M|100\/100\n|-ability|p2a: Landorus|Intimidate|boost\n|-unboost|p1a: Punisher|atk|1\n|\n|turn|3\n|choice||\n|\n|switch|p2a: Scizor|Scizor-Mega, M|51\/100\n|move|p1a: Punisher|Power-Up Punch|p2a: Scizor\n|-damage|p2a: Scizor|42\/100\n|-boost|p1a: Punisher|atk|1\n|\n|turn|4\n|choice||\n|\n|switch|p2a: Landorus|Landorus-Therian, M|100\/100\n|-ability|p2a: Landorus|Intimidate|boost\n|-unboost|p1a: Punisher|atk|1\n|move|p1a: Punisher|High Jump Kick|p2a: Landorus\n|-resisted|p2a: Landorus\n|-damage|p2a: Landorus|76\/100\n|\n|turn|5\n|j|ckeuckeu\n|choice||\n|\n|move|p1a: Punisher|Power-Up Punch|p2a: Landorus\n|-resisted|p2a: Landorus\n|-damage|p2a: Landorus|68\/100\n|-boost|p1a: Punisher|atk|1\n|move|p2a: Landorus|Earthquake|p1a: Punisher\n|-damage|p1a: Punisher|0 fnt\n|faint|p1a: Punisher\n|\n|choice||\n|\n|switch|p1a: Enten|Landorus-Therian, M, shiny|100\/100\n|-ability|p1a: Enten|Intimidate|boost\n|-unboost|p2a: Landorus|atk|1\n|turn|6\n|j|pqla\n|choice||\n|\n|switch|p2a: Keldeo|Keldeo-Resolute|100\/100\n|move|p1a: Enten|Stealth Rock|p2a: Keldeo\n|-sidestart|p2: StarZabRighT|move: Stealth Rock\n|\n|turn|7\n|choice||\n|\n|switch|p1a: Genesis|Slowbro, M, shiny|100\/100\n|move|p2a: Keldeo|Scald|p1a: Genesis\n|-resisted|p1a: Genesis\n|-damage|p1a: Genesis|85\/100\n|\n|turn|8\n|choice||\n|\n|move|p2a: Keldeo|Scald|p1a: Genesis\n|-resisted|p1a: Genesis\n|-damage|p1a: Genesis|68\/100\n|move|p1a: Genesis|Fire Blast|p2a: Keldeo\n|-resisted|p2a: Keldeo\n|-damage|p2a: Keldeo|83\/100\n|\n|turn|9\n|choice||\n|\n|switch|p2a: Latios|Latios, M|100\/100\n|-damage|p2a: Latios|88\/100|[from] Stealth Rock\n|move|p1a: Genesis|Psyshock|p2a: Latios\n|-resisted|p2a: Latios\n|-damage|p2a: Latios|67\/100\n|\n|turn|10\n|choice||\n|\n|move|p2a: Latios|Defog|p1a: Genesis\n|-unboost|p1a: Genesis|evasion|1\n|-sideend|p2: StarZabRighT|Stealth Rock|[from] move: Defog|[of] p2a: Latios\n|move|p1a: Genesis|Ice Beam|p2a: Latios\n|-supereffective|p2a: Latios\n|-damage|p2a: Latios|17\/100\n|\n|turn|11\n|choice||\n|\n|switch|p2a: Heatran|Heatran, F|100\/100\n|move|p1a: Genesis|Ice Beam|p2a: Heatran\n|-resisted|p2a: Heatran\n|-damage|p2a: Heatran|96\/100\n|\n|-heal|p2a: Heatran|100\/100|[from] item: Leftovers\n|turn|12\n|choice||\n|\n|move|p2a: Heatran|Stealth Rock|p1a: Genesis\n|-sidestart|p1: Amaterus|move: Stealth Rock\n|move|p1a: Genesis|Scald|p2a: Heatran\n|-supereffective|p2a: Heatran\n|-damage|p2a: Heatran|52\/100\n|\n|-heal|p2a: Heatran|58\/100|[from] item: Leftovers\n|turn|13\n|choice||\n|\n|switch|p2a: Thundurus|Thundurus, M|100\/100\n|move|p1a: Genesis|Scald|p2a: Thundurus\n|-crit|p2a: Thundurus\n|-damage|p2a: Thundurus|40\/100\n|\n|-heal|p2a: Thundurus|46\/100|[from] item: Leftovers\n|turn|14\n|choice||\n|\n|move|p2a: Thundurus|Thunderbolt|p1a: Genesis\n|-supereffective|p1a: Genesis\n|-damage|p1a: Genesis|20\/100\n|move|p1a: Genesis|Scald|p2a: Thundurus\n|-damage|p2a: Thundurus|1\/100\n|\n|-heal|p2a: Thundurus|7\/100|[from] item: Leftovers\n|turn|15\n|choice||\n|\n|switch|p1a: Fungus|Amoonguss, M, shiny|100\/100\n|-damage|p1a: Fungus|88\/100|[from] Stealth Rock\n|move|p2a: Thundurus|Thunderbolt|p1a: Fungus\n|-resisted|p1a: Fungus\n|-damage|p1a: Fungus|68\/100\n|\n|-heal|p2a: Thundurus|13\/100|[from] item: Leftovers\n|-heal|p1a: Fungus|75\/100|[from] item: Leftovers\n|turn|16\n|choice||\n|\n|move|p2a: Thundurus|Thunder Wave|p1a: Fungus\n|-status|p1a: Fungus|par\n|cant|p1a: Fungus|par\n|\n|-heal|p2a: Thundurus|19\/100|[from] item: Leftovers\n|-heal|p1a: Fungus|81\/100 par|[from] item: Leftovers\n|turn|17\n|choice||\n|\n|move|p2a: Thundurus|Hidden Power|p1a: Fungus\n|-supereffective|p1a: Fungus\n|-damage|p1a: Fungus|41\/100 par\n|move|p1a: Fungus|Sludge Bomb|p2a: Thundurus\n|-damage|p2a: Thundurus|0 fnt\n|faint|p2a: Thundurus\n|\n|-heal|p1a: Fungus|48\/100 par|[from] item: Leftovers\n|choice||\n|\n|switch|p2a: Heatran|Heatran, F|58\/100\n|turn|18\n|choice||\n|\n|move|p2a: Heatran|Magma Storm|p1a: Fungus\n|-supereffective|p1a: Fungus\n|-damage|p1a: Fungus|0 fnt\n|faint|p1a: Fungus\n|\n|-heal|p2a: Heatran|64\/100|[from] item: Leftovers\n|choice||\n|\n|switch|p1a: Enten|Landorus-Therian, M, shiny|100\/100\n|-damage|p1a: Enten|88\/100|[from] Stealth Rock\n|-ability|p1a: Enten|Intimidate|boost\n|-unboost|p2a: Heatran|atk|1\n|turn|19\n|choice||\n|\n|switch|p2a: Landorus|Landorus-Therian, M|68\/100\n|-ability|p2a: Landorus|Intimidate|boost\n|-unboost|p1a: Enten|atk|1\n|move|p1a: Enten|Stealth Rock|p2a: Landorus\n|-sidestart|p2: StarZabRighT|move: Stealth Rock\n|\n|-heal|p1a: Enten|94\/100|[from] item: Leftovers\n|turn|20\n|choice||\n|\n|move|p2a: Landorus|Swords Dance|p2a: Landorus\n|-boost|p2a: Landorus|atk|2\n|move|p1a: Enten|U-turn|p2a: Landorus\n|-resisted|p2a: Landorus\n|-damage|p2a: Landorus|60\/100\n|choice||\n|\n|switch|p1a: Katana|Weavile, M|100\/100\n|-damage|p1a: Katana|76\/100|[from] Stealth Rock\n|-ability|p1a: Katana|Pressure\n|\n|turn|21\n|j|vesperr\n|choice||\n|\n|switch|p2a: Latios|Latios, M|17\/100\n|-damage|p2a: Latios|4\/100|[from] Stealth Rock\n|move|p1a: Katana|Knock Off|p2a: Latios\n|-supereffective|p2a: Latios\n|-damage|p2a: Latios|0 fnt\n|-enditem|p2a: Latios|Life Orb|[from] move: Knock Off|[of] p1a: Katana\n|-damage|p1a: Katana|66\/100|[from] item: Life Orb\n|faint|p2a: Latios\n|\n|c| vesperr|lmao\n|j|Queenzz\n|choice||\n|\n|switch|p2a: Keldeo|Keldeo-Resolute|83\/100\n|-damage|p2a: Keldeo|76\/100|[from] Stealth Rock\n|turn|22\n|choice||\n|\n|move|p1a: Katana|Knock Off|p2a: Keldeo\n|-resisted|p2a: Keldeo\n|-damage|p2a: Keldeo|40\/100\n|-ability|p2a: Keldeo|Justified|boost\n|-boost|p2a: Keldeo|atk|1\n|-enditem|p2a: Keldeo|Choice Specs|[from] move: Knock Off|[of] p1a: Katana\n|-damage|p1a: Katana|56\/100|[from] item: Life Orb\n|move|p2a: Keldeo|Scald|p1a: Katana\n|-damage|p1a: Katana|0 fnt\n|faint|p1a: Katana\n|\n|choice||\n|\n|switch|p1a: Genesis|Slowbro, M, shiny|53\/100\n|-damage|p1a: Genesis|41\/100|[from] Stealth Rock\n|turn|23\n|choice||\n|\n|move|p2a: Keldeo|Scald|p1a: Genesis\n|-resisted|p1a: Genesis\n|-damage|p1a: Genesis|30\/100\n|move|p1a: Genesis|Psyshock|p2a: Keldeo\n|-supereffective|p2a: Keldeo\n|-damage|p2a: Keldeo|0 fnt\n|faint|p2a: Keldeo\n|\n|choice||\n|\n|switch|p2a: Landorus|Landorus-Therian, M|60\/100\n|-damage|p2a: Landorus|48\/100|[from] Stealth Rock\n|-ability|p2a: Landorus|Intimidate|boost\n|-unboost|p1a: Genesis|atk|1\n|turn|24\n|choice||\n|\n|switch|p1a: Raptor|Skarmory, M, shiny|100\/100\n|-damage|p1a: Raptor|88\/100|[from] Stealth Rock\n|move|p2a: Landorus|Earthquake|p1a: Raptor\n|-immune|p1a: Raptor|[msg]\n|\n|turn|25\n|choice||\n|\n|move|p2a: Landorus|Swords Dance|p2a: Landorus\n|-boost|p2a: Landorus|atk|2\n|move|p1a: Raptor|Spikes|p2a: Landorus\n|-sidestart|p2: StarZabRighT|Spikes\n|\n|turn|26\n|choice||\n|\n|move|p2a: Landorus|Stone Edge|p1a: Raptor\n|-crit|p1a: Raptor\n|-damage|p1a: Raptor|16\/100\n|move|p1a: Raptor|Roost|p1a: Raptor\n|-heal|p1a: Raptor|66\/100\n|\n|turn|27\n|choice||\n|\n|move|p2a: Landorus|Stone Edge|p1a: Raptor\n|-damage|p1a: Raptor|23\/100\n|move|p1a: Raptor|Roost|p1a: Raptor\n|-heal|p1a: Raptor|73\/100\n|\n|turn|28\n|choice||\n|\n|move|p2a: Landorus|Swords Dance|p2a: Landorus\n|-boost|p2a: Landorus|atk|2\n|move|p1a: Raptor|Roost|p1a: Raptor\n|-heal|p1a: Raptor|100\/100\n|\n|turn|29\n|choice||\n|\n|move|p2a: Landorus|Stone Edge|p1a: Raptor\n|-crit|p1a: Raptor\n|-ability|p1a: Raptor|Sturdy\n|-damage|p1a: Raptor|1\/100\n|move|p1a: Raptor|Counter|p2a: Landorus\n|-damage|p2a: Landorus|0 fnt\n|faint|p2a: Landorus\n|\n|choice||\n|\n|switch|p2a: Scizor|Scizor-Mega, M|42\/100\n|-damage|p2a: Scizor|30\/100|[from] Stealth Rock\n|-damage|p2a: Scizor|18\/100|[from] Spikes\n|turn|30\n|choice||\n|\n|move|p2a: Scizor|Roost|p2a: Scizor\n|-heal|p2a: Scizor|68\/100\n|move|p1a: Raptor|Roost|p1a: Raptor\n|-heal|p1a: Raptor|51\/100\n|\n|turn|31\n|choice||\n|\n|move|p2a: Scizor|Roost|p2a: Scizor\n|-heal|p2a: Scizor|100\/100\n|move|p1a: Raptor|Roost|p1a: Raptor\n|-heal|p1a: Raptor|100\/100\n|\n|turn|32\n|choice||\n|\n|switch|p2a: Heatran|Heatran, F|64\/100\n|-damage|p2a: Heatran|52\/100|[from] Stealth Rock\n|-damage|p2a: Heatran|39\/100|[from] Spikes\n|move|p1a: Raptor|Spikes|p2a: Heatran\n|-sidestart|p2: StarZabRighT|Spikes\n|\n|-heal|p2a: Heatran|46\/100|[from] item: Leftovers\n|turn|33\n|c| ckeuckeu|wwwooowww\n|choice||\n|\n|switch|p1a: Genesis|Slowbro, M, shiny|63\/100\n|-damage|p1a: Genesis|51\/100|[from] Stealth Rock\n|move|p2a: Heatran|Magma Storm|p1a: Genesis\n|-resisted|p1a: Genesis\n|-damage|p1a: Genesis|40\/100\n|-activate|p1a: Genesis|move: Magma Storm|[of] p2a: Heatran\n|\n|-heal|p2a: Heatran|52\/100|[from] item: Leftovers\n|-damage|p1a: Genesis|27\/100|[from] move: Magma Storm|[partiallytrapped]\n|turn|34\n|choice||\n|\n|move|p2a: Heatran|Toxic|p1a: Genesis\n|-status|p1a: Genesis|tox\n|move|p1a: Genesis|Scald|p2a: Heatran\n|-supereffective|p2a: Heatran\n|-damage|p2a: Heatran|0 fnt\n|faint|p2a: Heatran\n|\n|-damage|p1a: Genesis|21\/100 tox|[from] psn\n|choice||\n|\n|switch|p2a: Scizor|Scizor-Mega, M|100\/100\n|-damage|p2a: Scizor|88\/100|[from] Stealth Rock\n|-damage|p2a: Scizor|72\/100|[from] Spikes\n|turn|35\n|choice||\n|\n|move|p2a: Scizor|U-turn|p1a: Genesis\n|-supereffective|p1a: Genesis\n|-damage|p1a: Genesis|0 fnt\n|faint|p1a: Genesis\n|\n|choice||\n|\n|switch|p1a: Raptor|Skarmory, M, shiny|100\/100\n|-damage|p1a: Raptor|88\/100|[from] Stealth Rock\n|turn|36\n|choice||\n|\n|move|p2a: Scizor|Roost|p2a: Scizor\n|-heal|p2a: Scizor|100\/100\n|move|p1a: Raptor|Roost|p1a: Raptor\n|-heal|p1a: Raptor|100\/100\n|\n|turn|37\n|choice||\n|\n|move|p2a: Scizor|U-turn|p1a: Raptor\n|-resisted|p1a: Raptor\n|-damage|p1a: Raptor|96\/100\n|-damage|p2a: Scizor|84\/100|[from] item: Rocky Helmet|[of] p1a: Raptor\n|move|p1a: Raptor|Spikes|p2a: Scizor\n|-sidestart|p2: StarZabRighT|Spikes\n|\n|turn|38\n|choice||\n|\n|switch|p1a: Enten|Landorus-Therian, M, shiny|94\/100\n|-damage|p1a: Enten|82\/100|[from] Stealth Rock\n|-ability|p1a: Enten|Intimidate|boost\n|-unboost|p2a: Scizor|atk|1\n|move|p2a: Scizor|Roost|p2a: Scizor\n|-heal|p2a: Scizor|100\/100\n|\n|-heal|p1a: Enten|88\/100|[from] item: Leftovers\n|turn|39\n|choice||\n|\n|move|p1a: Enten|Earthquake|p2a: Scizor\n|-damage|p2a: Scizor|75\/100\n|move|p2a: Scizor|Swords Dance|p2a: Scizor\n|-boost|p2a: Scizor|atk|2\n|\n|-heal|p1a: Enten|94\/100|[from] item: Leftovers\n|turn|40\n|choice||\n|\n|switch|p1a: Raptor|Skarmory, M, shiny|96\/100\n|-damage|p1a: Raptor|83\/100|[from] Stealth Rock\n|move|p2a: Scizor|Roost|p2a: Scizor\n|-heal|p2a: Scizor|100\/100\n|\n|turn|41\n|choice||\n|\n|move|p2a: Scizor|U-turn|p1a: Raptor\n|-resisted|p1a: Raptor\n|-damage|p1a: Raptor|76\/100\n|-damage|p2a: Scizor|84\/100|[from] item: Rocky Helmet|[of] p1a: Raptor\n|move|p1a: Raptor|Defog|p2a: Scizor\n|-unboost|p2a: Scizor|evasion|1\n|-sideend|p2: StarZabRighT|Spikes|[from] move: Defog|[of] p2a: Scizor\n|-sideend|p2: StarZabRighT|Stealth Rock|[from] move: Defog|[of] p2a: Scizor\n|-sideend|p1: Amaterus|Stealth Rock|[from] move: Defog|[of] p1a: Raptor\n|\n|turn|42\n|choice||\n|\n|move|p2a: Scizor|Swords Dance|p2a: Scizor\n|-boost|p2a: Scizor|atk|2\n|move|p1a: Raptor|Spikes|p2a: Scizor\n|-sidestart|p2: StarZabRighT|Spikes\n|\n|turn|43\n|choice||\n|\n|move|p2a: Scizor|Roost|p2a: Scizor\n|-heal|p2a: Scizor|100\/100\n|move|p1a: Raptor|Roost|p1a: Raptor\n|-heal|p1a: Raptor|100\/100\n|\n|turn|44\n|choice||\n|\n|move|p2a: Scizor|Swords Dance|p2a: Scizor\n|-boost|p2a: Scizor|atk|2\n|move|p1a: Raptor|Spikes|p2a: Scizor\n|-sidestart|p2: StarZabRighT|Spikes\n|\n|turn|45\n|choice||\n|\n|move|p2a: Scizor|Swords Dance|p2a: Scizor\n|-boost|p2a: Scizor|atk|2\n|move|p1a: Raptor|Spikes|p2a: Scizor\n|-sidestart|p2: StarZabRighT|Spikes\n|\n|turn|46\n|c| vesperr|this game bouta be gay\n|c|\u2605Amaterus|ikr\n|c|\u2605Amaterus|i have a plan thou\n|c|\u2605Amaterus|:v\n|c|\u2605StarZabRighT|i win this, so id apreciate if you had the courtesy of forfeiting\n|c|\u2605StarZabRighT|oh\n|c|\u2605StarZabRighT|nvm then\n|c|\u2605StarZabRighT|i guess play it out\n|c|\u2605Amaterus|dude u dont win lmao\n|c|\u2605StarZabRighT|i should have more pp tho\n|c|\u2605Amaterus|u have no superpower\n|c| ckeuckeu|gg\n|c| vesperr|he has counter\n|c| vesperr|lol\n|c|\u2605Amaterus|nothing to hit skarm\n|c|\u2605StarZabRighT|i dont need it\n|choice||\n|\n|move|p2a: Scizor|U-turn|p1a: Raptor\n|-resisted|p1a: Raptor\n|-damage|p1a: Raptor|80\/100\n|-damage|p2a: Scizor|84\/100|[from] item: Rocky Helmet|[of] p1a: Raptor\n|move|p1a: Raptor|Counter|p2a: Scizor\n|-damage|p2a: Scizor|43\/100\n|\n|turn|47\n|c| vesperr|doesnt skarm win\n|choice||\n|\n|move|p2a: Scizor|Roost|p2a: Scizor\n|-heal|p2a: Scizor|93\/100\n|move|p1a: Raptor|Counter|p2a: Scizor\n|-fail|p2a: Scizor\n|\n|turn|48\n|choice||\n|\n|move|p2a: Scizor|U-turn|p1a: Raptor\n|-resisted|p1a: Raptor\n|-damage|p1a: Raptor|60\/100\n|-damage|p2a: Scizor|77\/100|[from] item: Rocky Helmet|[of] p1a: Raptor\n|move|p1a: Raptor|Counter|p2a: Scizor\n|-damage|p2a: Scizor|38\/100\n|\n|turn|49\n|choice||\n|\n|move|p2a: Scizor|Roost|p2a: Scizor\n|-heal|p2a: Scizor|88\/100\n|move|p1a: Raptor|Counter|p2a: Scizor\n|-fail|p2a: Scizor\n|\n|turn|50\n|choice||\n|\n|move|p2a: Scizor|Bullet Punch|p1a: Raptor\n|-resisted|p1a: Raptor\n|-damage|p1a: Raptor|26\/100\n|-damage|p2a: Scizor|72\/100|[from] item: Rocky Helmet|[of] p1a: Raptor\n|move|p1a: Raptor|Counter|p2a: Scizor\n|-damage|p2a: Scizor|5\/100\n|\n|turn|51\n|c| vesperr|oh\n|choice||\n|\n|move|p2a: Scizor|Roost|p2a: Scizor\n|-heal|p2a: Scizor|55\/100\n|move|p1a: Raptor|Roost|p1a: Raptor\n|-heal|p1a: Raptor|76\/100\n|\n|turn|52\n|choice||\n|\n|move|p2a: Scizor|Roost|p2a: Scizor\n|-heal|p2a: Scizor|100\/100\n|move|p1a: Raptor|Counter|p2a: Scizor\n|-fail|p2a: Scizor\n|\n|turn|53\n|choice||\n|\n|move|p2a: Scizor|Bullet Punch|p1a: Raptor\n|-resisted|p1a: Raptor\n|-damage|p1a: Raptor|39\/100\n|-damage|p2a: Scizor|84\/100|[from] item: Rocky Helmet|[of] p1a: Raptor\n|move|p1a: Raptor|Counter|p2a: Scizor\n|-damage|p2a: Scizor|12\/100\n|\n|turn|54\n|choice||\n|\n|move|p2a: Scizor|Roost|p2a: Scizor\n|-heal|p2a: Scizor|62\/100\n|move|p1a: Raptor|Roost|p1a: Raptor\n|-heal|p1a: Raptor|89\/100\n|\n|turn|55\n|c| vesperr|star im pretty sure u lose\n|c|\u2605Amaterus|yup\n|c|\u2605Amaterus|he does\n|c|\u2605Amaterus|lol\n|c|\u2605StarZabRighT|yeah\n|c|\u2605StarZabRighT|idk why\n|c|\u2605StarZabRighT|i sded\n|c|\u2605StarZabRighT|fuck\n|c|\u2605Amaterus|LOLOL\n|choice||\n|\n|move|p2a: Scizor|Swords Dance|p2a: Scizor\n|-fail|p2a: Scizor\n|move|p1a: Raptor|Counter|p2a: Scizor\n|-fail|p2a: Scizor\n|\n|turn|56\n|choice||\n|\n|move|p2a: Scizor|Swords Dance|p2a: Scizor\n|-fail|p2a: Scizor\n|move|p1a: Raptor|Counter|p2a: Scizor\n|-fail|p2a: Scizor\n|\n|turn|57\n|choice||\n|\n|move|p2a: Scizor|Swords Dance|p2a: Scizor\n|-fail|p2a: Scizor\n|move|p1a: Raptor|Counter|p2a: Scizor\n|-fail|p2a: Scizor\n|\n|turn|58\n|choice||\n|\n|move|p2a: Scizor|Swords Dance|p2a: Scizor\n|-fail|p2a: Scizor\n|move|p1a: Raptor|Counter|p2a: Scizor\n|-fail|p2a: Scizor\n|\n|turn|59\n|choice||\n|\n|move|p2a: Scizor|Swords Dance|p2a: Scizor\n|-fail|p2a: Scizor\n|move|p1a: Raptor|Spikes|p2a: Scizor\n|-fail|p2a: Scizor\n|\n|turn|60\n|choice||\n|\n|move|p2a: Scizor|Swords Dance|p2a: Scizor\n|-fail|p2a: Scizor\n|move|p1a: Raptor|Counter|p2a: Scizor\n|-fail|p2a: Scizor\n|\n|turn|61\n|choice||\n|\n|move|p2a: Scizor|Roost|p2a: Scizor\n|-heal|p2a: Scizor|100\/100\n|move|p1a: Raptor|Spikes|p2a: Scizor\n|-fail|p2a: Scizor\n|\n|turn|62\n|choice||\n|\n|move|p2a: Scizor|Swords Dance|p2a: Scizor\n|-fail|p2a: Scizor\n|move|p1a: Raptor|Counter|p2a: Scizor\n|-fail|p2a: Scizor\n|\n|turn|63\n|choice||\n|\n|move|p2a: Scizor|Bullet Punch|p1a: Raptor\n|-resisted|p1a: Raptor\n|-damage|p1a: Raptor|56\/100\n|-damage|p2a: Scizor|84\/100|[from] item: Rocky Helmet|[of] p1a: Raptor\n|move|p1a: Raptor|Counter|p2a: Scizor\n|-damage|p2a: Scizor|19\/100\n|\n|turn|64\n|choice||\n|\n|move|p2a: Scizor|Roost|p2a: Scizor\n|-heal|p2a: Scizor|69\/100\n|move|p1a: Raptor|Roost|p1a: Raptor\n|-heal|p1a: Raptor|100\/100\n|\n|turn|65\n|choice||\n|\n|move|p2a: Scizor|Roost|p2a: Scizor\n|-heal|p2a: Scizor|100\/100\n|move|p1a: Raptor|Spikes|p2a: Scizor\n|-fail|p2a: Scizor\n|\n|turn|66\n|choice||\n|\n|move|p2a: Scizor|Swords Dance|p2a: Scizor\n|-fail|p2a: Scizor\n|move|p1a: Raptor|Counter|p2a: Scizor\n|-fail|p2a: Scizor\n|\n|turn|67\n|choice||\n|\n|move|p2a: Scizor|Swords Dance|p2a: Scizor\n|-fail|p2a: Scizor\n|move|p1a: Raptor|Counter|p2a: Scizor\n|-fail|p2a: Scizor\n|\n|turn|68\n|choice||\n|\n|move|p2a: Scizor|Bullet Punch|p1a: Raptor\n|-resisted|p1a: Raptor\n|-damage|p1a: Raptor|64\/100\n|-damage|p2a: Scizor|84\/100|[from] item: Rocky Helmet|[of] p1a: Raptor\n|move|p1a: Raptor|Spikes|p2a: Scizor\n|-fail|p2a: Scizor\n|\n|turn|69\n|c| pqla|amateurs pretty sure you lose\n|choice||\n|\n|move|p2a: Scizor|U-turn|p1a: Raptor\n|-resisted|p1a: Raptor\n|-damage|p1a: Raptor|45\/100\n|-damage|p2a: Scizor|67\/100|[from] item: Rocky Helmet|[of] p1a: Raptor\n|move|p1a: Raptor|Counter|p2a: Scizor\n|-damage|p2a: Scizor|32\/100\n|\n|turn|70\n|choice||\n|\n|move|p2a: Scizor|Roost|p2a: Scizor\n|-heal|p2a: Scizor|82\/100\n|move|p1a: Raptor|Counter|p2a: Scizor\n|-fail|p2a: Scizor\n|\n|turn|71\n|c| vesperr|crit bp?\n|choice||\n|\n|move|p2a: Scizor|Bullet Punch|p1a: Raptor\n|-resisted|p1a: Raptor\n|-damage|p1a: Raptor|14\/100\n|-damage|p2a: Scizor|65\/100|[from] item: Rocky Helmet|[of] p1a: Raptor\n|move|p1a: Raptor|Counter|p2a: Scizor\n|-damage|p2a: Scizor|4\/100\n|\n|turn|72\n|c|\u2605Amaterus|lope\n|c|\u2605Amaterus|:]\n|choice||\n|\n|move|p2a: Scizor|Roost|p2a: Scizor\n|-heal|p2a: Scizor|54\/100\n|move|p1a: Raptor|Roost|p1a: Raptor\n|-heal|p1a: Raptor|64\/100\n|\n|turn|73\n|choice||\n|\n|move|p2a: Scizor|Swords Dance|p2a: Scizor\n|-fail|p2a: Scizor\n|move|p1a: Raptor|Roost|p1a: Raptor\n|-heal|p1a: Raptor|100\/100\n|\n|turn|74\n|c| vesperr|star\n|choice||\n|\n|move|p2a: Scizor|Swords Dance|p2a: Scizor\n|-fail|p2a: Scizor\n|move|p1a: Raptor|Spikes|p2a: Scizor\n|-fail|p2a: Scizor\n|\n|turn|75\n|c| vesperr|u should only roost when\n|choice||\n|\n|move|p2a: Scizor|Swords Dance|p2a: Scizor\n|-fail|p2a: Scizor\n|move|p1a: Raptor|Spikes|p2a: Scizor\n|-fail|p2a: Scizor\n|\n|turn|76\n|c| vesperr|u can get the full 50\n|c|\u2605StarZabRighT|dude\n|c|\u2605StarZabRighT|i have none lefe\n|c|\u2605Amaterus|i win this\n|c| vesperr|ik\n|c|\u2605Amaterus|lol\n|choice||\n|\n|move|p2a: Scizor|Bullet Punch|p1a: Raptor\n|-resisted|p1a: Raptor\n|-damage|p1a: Raptor|65\/100\n|-damage|p2a: Scizor|38\/100|[from] item: Rocky Helmet|[of] p1a: Raptor\n|move|p1a: Raptor|Spikes|p2a: Scizor\n|-fail|p2a: Scizor\n|\n|turn|77\n|choice||\n|\n|move|p2a: Scizor|Swords Dance|p2a: Scizor\n|-fail|p2a: Scizor\n|move|p1a: Raptor|Counter|p2a: Scizor\n|-fail|p2a: Scizor\n|\n|turn|78\n|choice||\n|\n|move|p2a: Scizor|Swords Dance|p2a: Scizor\n|-fail|p2a: Scizor\n|move|p1a: Raptor|Roost|p1a: Raptor\n|-heal|p1a: Raptor|100\/100\n|\n|turn|79\n|choice||\n|\n|move|p2a: Scizor|Swords Dance|p2a: Scizor\n|-fail|p2a: Scizor\n|move|p1a: Raptor|Counter|p2a: Scizor\n|-fail|p2a: Scizor\n|\n|turn|80\n|c| pqla|yeah\n|choice||\n|\n|move|p2a: Scizor|Swords Dance|p2a: Scizor\n|-fail|p2a: Scizor\n|move|p1a: Raptor|Spikes|p2a: Scizor\n|-fail|p2a: Scizor\n|\n|turn|81\n|choice||\n|\n|switch|p1a: Enten|Landorus-Therian, M, shiny|94\/100\n|-ability|p1a: Enten|Intimidate|boost\n|-unboost|p2a: Scizor|atk|1\n|move|p2a: Scizor|Swords Dance|p2a: Scizor\n|-boost|p2a: Scizor|atk|2\n|\n|-heal|p1a: Enten|99\/100|[from] item: Leftovers\n|turn|82\n|c| ckeuckeu|lol\n|choice||\n|\n|switch|p1a: Raptor|Skarmory, M, shiny|100\/100\n|move|p2a: Scizor|Bullet Punch|p1a: Raptor\n|-resisted|p1a: Raptor\n|-damage|p1a: Raptor|68\/100\n|-damage|p2a: Scizor|21\/100|[from] item: Rocky Helmet|[of] p1a: Raptor\n|\n|turn|83\n|choice||\n|\n|move|p2a: Scizor|U-turn|p1a: Raptor\n|-resisted|p1a: Raptor\n|-crit|p1a: Raptor\n|-damage|p1a: Raptor|40\/100\n|-damage|p2a: Scizor|4\/100|[from] item: Rocky Helmet|[of] p1a: Raptor\n|move|p1a: Raptor|Roost|p1a: Raptor\n|-heal|p1a: Raptor|90\/100\n|\n|turn|84\n|choice||\n|\n|move|p2a: Scizor|Bullet Punch|p1a: Raptor\n|-resisted|p1a: Raptor\n|-damage|p1a: Raptor|54\/100\n|-damage|p2a: Scizor|0 fnt|[from] item: Rocky Helmet|[of] p1a: Raptor\n|faint|p2a: Scizor\n|\n|win|Amaterus\n|player|p1\n|player|p2\n|c|\u2605StarZabRighT|gg\n|c|\u2605Amaterus|gg\n|c|\u2605Amaterus|:]\n|raw|Amaterus's rating: 1862 &rarr; <strong>1882<\/strong><br \/>(+20 for winning)\n|raw|StarZabRighT's rating: 1862 &rarr; <strong>1842<\/strong><br \/>(-20 for losing)\n|l|StarZabRighT\n|l|Amaterus\n|l|pqla\n|c| ckeuckeu|nice","inputlog":null,"uploadtime":1463967494,"views":38,"p1id":"amaterus","p2id":"starzabright","formatid":"ou","rating":1842,"private":0,"password":null}