{"id":"ou-378523225","p1":"Tyrantrum Toujours","p2":"Amaterus","format":"ou","log":"|j|Tyrantrum Toujours\n|j|Amaterus\n|player|p1|Tyrantrum Toujours|88\n|player|p2|Amaterus|#zinnia\n|gametype|singles\n|gen|6\n|tier|OU\n|rated\n|seed|\n|clearpoke\n|poke|p1|Hippowdon, F|item\n|poke|p1|Amoonguss, F|item\n|poke|p1|Heatran, F|item\n|poke|p1|Clefable, F|item\n|poke|p1|Starmie|item\n|poke|p1|Aerodactyl, M|item\n|poke|p2|Zygarde|item\n|poke|p2|Meloetta|item\n|poke|p2|Jellicent, F|item\n|poke|p2|Lopunny, F, shiny|item\n|poke|p2|Ferrothorn, M|item\n|poke|p2|Clefable, M, shiny|item\n|rule|Swagger Clause: Swagger is banned\n|rule|Baton Pass Clause: Limit one Baton Passer, can't pass Spe and other stats simultaneously\n|rule|Sleep Clause Mod: Limit one foe put to sleep\n|rule|Species Clause: Limit one of each Pok\u00e9mon\n|rule|OHKO Clause: OHKO moves are banned\n|rule|Moody Clause: Moody is banned\n|rule|Evasion Moves Clause: Evasion moves are banned\n|rule|Endless Battle Clause: Forcing endless battles is banned\n|rule|HP Percentage Mod: HP is shown in percentages\n|teampreview\n|j|AndromedaWarrior\n|j|HK Love Drought.\n|choice||\n|\n|start\n|switch|p1a: Aerodactyl|Aerodactyl, M|100\/100\n|switch|p2a: Crescent|Clefable, M, shiny|100\/100\n|-ability|p1a: Aerodactyl|Unnerve|p2: Amaterus\n|turn|1\n|choice||\n|\n|detailschange|p1a: Aerodactyl|Aerodactyl-Mega, M\n|-mega|p1a: Aerodactyl|Aerodactyl|Aerodactylite\n|move|p1a: Aerodactyl|Taunt|p2a: Crescent\n|-start|p2a: Crescent|move: Taunt\n|cant|p2a: Crescent|move: Taunt|Stealth Rock\n|\n|turn|2\n|choice||\n|\n|switch|p2a: Temple|Ferrothorn, M|100\/100\n|move|p1a: Aerodactyl|Taunt|p2a: Temple\n|-start|p2a: Temple|move: Taunt\n|\n|turn|3\n|choice||\n|\n|switch|p1a: Heatran|Heatran, F|100\/100\n|switch|p2a: Crescent|Clefable, M, shiny|100\/100\n|\n|turn|4\n|choice||\n|\n|move|p1a: Heatran|Taunt|p2a: Crescent\n|-start|p2a: Crescent|move: Taunt\n|cant|p2a: Crescent|move: Taunt|Stealth Rock\n|\n|turn|5\n|choice||\n|\n|switch|p2a: Punisher|Lopunny, F, shiny|100\/100\n|move|p1a: Heatran|Toxic|p2a: Punisher\n|-status|p2a: Punisher|tox\n|\n|-damage|p2a: Punisher|94\/100 tox|[from] psn\n|turn|6\n|c| HK Love Drought.|storm Zone!!!\n|choice||\n|\n|switch|p1a: Hippowdon|Hippowdon, F|100\/100\n|-weather|Sandstorm|[from] ability: Sand Stream|[of] p1a: Hippowdon\n|detailschange|p2a: Punisher|Lopunny-Mega, F, shiny\n|-mega|p2a: Punisher|Lopunny|Lopunnite\n|move|p2a: Punisher|High Jump Kick|p1a: Hippowdon\n|-damage|p1a: Hippowdon|61\/100\n|\n|-weather|Sandstorm|[upkeep]\n|-damage|p2a: Punisher|88\/100 tox|[from] sandstorm\n|-heal|p1a: Hippowdon|67\/100|[from] item: Leftovers\n|-damage|p2a: Punisher|75\/100 tox|[from] psn\n|turn|7\n|choice||\n|\n|switch|p2a: Crescent|Clefable, M, shiny|100\/100\n|switch|p1a: Amoonguss|Amoonguss, F|100\/100\n|\n|-weather|Sandstorm|[upkeep]\n|-damage|p2a: Crescent|94\/100|[from] sandstorm\n|-damage|p1a: Amoonguss|94\/100|[from] sandstorm\n|-heal|p2a: Crescent|100\/100|[from] item: Leftovers\n|-heal|p1a: Amoonguss|100\/100|[from] item: Black Sludge\n|turn|8\n|choice||\n|\n|move|p2a: Crescent|Stealth Rock|p1a: Amoonguss\n|-sidestart|p1: Tyrantrum Toujours|move: Stealth Rock\n|move|p1a: Amoonguss|Spore|p2a: Crescent\n|-status|p2a: Crescent|slp\n|\n|-weather|Sandstorm|[upkeep]\n|-damage|p2a: Crescent|94\/100 slp|[from] sandstorm\n|-damage|p1a: Amoonguss|94\/100|[from] sandstorm\n|-heal|p2a: Crescent|100\/100 slp|[from] item: Leftovers\n|-heal|p1a: Amoonguss|100\/100|[from] item: Black Sludge\n|turn|9\n|choice||\n|\n|switch|p2a: Temple|Ferrothorn, M|100\/100\n|move|p1a: Amoonguss|Hidden Power|p2a: Temple\n|-supereffective|p2a: Temple\n|-damage|p2a: Temple|62\/100\n|\n|-weather|Sandstorm|[upkeep]\n|-damage|p1a: Amoonguss|94\/100|[from] sandstorm\n|-heal|p1a: Amoonguss|100\/100|[from] item: Black Sludge\n|turn|10\n|choice||\n|\n|move|p1a: Amoonguss|Hidden Power|p2a: Temple\n|-supereffective|p2a: Temple\n|-damage|p2a: Temple|23\/100\n|move|p2a: Temple|Spikes|p1a: Amoonguss\n|-sidestart|p1: Tyrantrum Toujours|Spikes\n|\n|-weather|none\n|turn|11\n|choice||\n|\n|move|p2a: Temple|Protect|p2a: Temple\n|-singleturn|p2a: Temple|Protect\n|move|p1a: Amoonguss|Hidden Power|p2a: Temple\n|-activate|p2a: Temple|Protect\n|\n|turn|12\n|choice||\n|\n|move|p1a: Amoonguss|Hidden Power|p2a: Temple\n|-supereffective|p2a: Temple\n|-damage|p2a: Temple|0 fnt\n|faint|p2a: Temple\n|\n|choice||\n|\n|switch|p2a: Calamity|Meloetta|100\/100\n|turn|13\n|choice||\n|\n|switch|p1a: Heatran|Heatran, F|100\/100\n|-damage|p1a: Heatran|88\/100|[from] Stealth Rock\n|-damage|p1a: Heatran|76\/100|[from] Spikes\n|move|p2a: Calamity|Substitute|p2a: Calamity\n|-start|p2a: Calamity|Substitute\n|-damage|p2a: Calamity|75\/100\n|\n|-heal|p1a: Heatran|82\/100|[from] item: Leftovers\n|-heal|p2a: Calamity|82\/100|[from] item: Leftovers\n|turn|14\n|choice||\n|\n|move|p1a: Heatran|Taunt|p2a: Calamity\n|-start|p2a: Calamity|move: Taunt\n|cant|p2a: Calamity|move: Taunt|Calm Mind\n|\n|-heal|p1a: Heatran|88\/100|[from] item: Leftovers\n|-heal|p2a: Calamity|88\/100|[from] item: Leftovers\n|turn|15\n|choice||\n|\n|switch|p2a: Punisher|Lopunny-Mega, F, shiny|75\/100 tox\n|move|p1a: Heatran|Lava Plume|p2a: Punisher\n|-damage|p2a: Punisher|34\/100 tox\n|\n|-heal|p1a: Heatran|94\/100|[from] item: Leftovers\n|-damage|p2a: Punisher|28\/100 tox|[from] psn\n|turn|16\n|choice||\n|\n|switch|p1a: Clefable|Clefable, F|100\/100\n|move|p2a: Punisher|High Jump Kick|p1a: Clefable\n|-resisted|p1a: Clefable\n|-damage|p1a: Clefable|74\/100\n|\n|-heal|p1a: Clefable|80\/100|[from] item: Leftovers\n|-damage|p2a: Punisher|16\/100 tox|[from] psn\n|turn|17\n|choice||\n|\n|move|p2a: Punisher|Frustration|p1a: Clefable\n|-damage|p1a: Clefable|34\/100\n|move|p1a: Clefable|Soft-Boiled|p1a: Clefable\n|-heal|p1a: Clefable|84\/100\n|\n|-heal|p1a: Clefable|90\/100|[from] item: Leftovers\n|-damage|p2a: Punisher|0 fnt|[from] psn\n|faint|p2a: Punisher\n|choice||\n|\n|switch|p2a: Calamity|Meloetta|88\/100\n|turn|18\n|choice||\n|\n|switch|p1a: Heatran|Heatran, F|94\/100\n|-damage|p1a: Heatran|82\/100|[from] Spikes\n|-damage|p1a: Heatran|69\/100|[from] Stealth Rock\n|move|p2a: Calamity|Calm Mind|p2a: Calamity\n|-boost|p2a: Calamity|spa|1\n|-boost|p2a: Calamity|spd|1\n|\n|-heal|p1a: Heatran|76\/100|[from] item: Leftovers\n|-heal|p2a: Calamity|94\/100|[from] item: Leftovers\n|turn|19\n|choice||\n|\n|move|p1a: Heatran|Taunt|p2a: Calamity\n|-start|p2a: Calamity|move: Taunt\n|move|p2a: Calamity|Psyshock|p1a: Heatran\n|-resisted|p1a: Heatran\n|-damage|p1a: Heatran|54\/100\n|\n|-heal|p1a: Heatran|60\/100|[from] item: Leftovers\n|-heal|p2a: Calamity|99\/100|[from] item: Leftovers\n|turn|20\n|choice||\n|\n|move|p1a: Heatran|Toxic|p2a: Calamity\n|-status|p2a: Calamity|tox\n|move|p2a: Calamity|Psyshock|p1a: Heatran\n|-resisted|p1a: Heatran\n|-damage|p1a: Heatran|37\/100\n|\n|-heal|p1a: Heatran|44\/100|[from] item: Leftovers\n|-heal|p2a: Calamity|100\/100 tox|[from] item: Leftovers\n|-damage|p2a: Calamity|94\/100 tox|[from] psn\n|turn|21\n|choice||\n|\n|switch|p1a: Starmie|Starmie|100\/100\n|-damage|p1a: Starmie|88\/100|[from] Spikes\n|-damage|p1a: Starmie|76\/100|[from] Stealth Rock\n|move|p2a: Calamity|Psyshock|p1a: Starmie\n|-resisted|p1a: Starmie\n|-damage|p1a: Starmie|43\/100\n|\n|-heal|p1a: Starmie|49\/100|[from] item: Leftovers\n|-heal|p2a: Calamity|100\/100 tox|[from] item: Leftovers\n|-damage|p2a: Calamity|88\/100 tox|[from] psn\n|-end|p2a: Calamity|move: Taunt\n|turn|22\n|choice||\n|\n|switch|p2a: Phantom|Jellicent, F|100\/100\n|move|p1a: Starmie|Rapid Spin|p2a: Phantom\n|-immune|p2a: Phantom|[msg]\n|\n|-heal|p1a: Starmie|55\/100|[from] item: Leftovers\n|turn|23\n|choice||\n|\n|move|p1a: Starmie|Thunder Wave|p2a: Phantom\n|-status|p2a: Phantom|par\n|cant|p2a: Phantom|par\n|\n|-heal|p1a: Starmie|61\/100|[from] item: Leftovers\n|turn|24\n|choice||\n|\n|move|p1a: Starmie|Recover|p1a: Starmie\n|-heal|p1a: Starmie|100\/100\n|move|p2a: Phantom|Will-O-Wisp|p1a: Starmie\n|-status|p1a: Starmie|brn\n|\n|-damage|p1a: Starmie|88\/100 brn|[from] brn\n|turn|25\n|choice||\n|\n|-curestatus|p1a: Starmie|brn|[from] ability: Natural Cure\n|switch|p1a: Clefable|Clefable, F|90\/100\n|move|p2a: Phantom|Will-O-Wisp|p1a: Clefable\n|-status|p1a: Clefable|brn\n|\n|-heal|p1a: Clefable|96\/100 brn|[from] item: Leftovers\n|turn|26\n|choice||\n|\n|switch|p2a: Crescent|Clefable, M, shiny|100\/100 slp\n|move|p1a: Clefable|Calm Mind|p1a: Clefable\n|-boost|p1a: Clefable|spa|1\n|-boost|p1a: Clefable|spd|1\n|\n|-heal|p1a: Clefable|100\/100 brn|[from] item: Leftovers\n|turn|27\n|-message|Amaterus forfeited.\n|\n|win|Tyrantrum Toujours\n|player|p1\n|player|p2\n|raw|Tyrantrum Toujours's rating: 1607 &rarr; <strong>1634<\/strong><br \/>(+27 for winning)\n|raw|Amaterus's rating: 1732 &rarr; <strong>1705<\/strong><br \/>(-27 for losing)","inputlog":null,"uploadtime":1464379395,"views":179,"p1id":"tyrantrumtoujours","p2id":"amaterus","formatid":"ou","rating":1634,"private":0,"password":null}