{"id":"ou-376188928","p1":"Amaterus","p2":"Ktutverde","format":"ou","log":"|j|Amaterus\n|j|Ktutverde\n|player|p1|Amaterus|151\n|player|p2|Ktutverde|7\n|gametype|singles\n|gen|6\n|tier|OU\n|rated\n|seed|\n|clearpoke\n|poke|p1|Gengar, M, shiny|item\n|poke|p1|Meloetta|item\n|poke|p1|Altaria, M, shiny|item\n|poke|p1|Dragonite, M|item\n|poke|p1|Empoleon, M, shiny|item\n|poke|p1|Magnezone, shiny|item\n|poke|p2|Abomasnow, M|item\n|poke|p2|Skarmory, F|item\n|poke|p2|Heatran, M|item\n|poke|p2|Starmie|item\n|poke|p2|Garchomp, F|item\n|poke|p2|Clefable, M|item\n|rule|Swagger Clause: Swagger is banned\n|rule|Baton Pass Clause: Limit one Baton Passer, can't pass Spe and other stats simultaneously\n|rule|Sleep Clause Mod: Limit one foe put to sleep\n|rule|Species Clause: Limit one of each Pok\u00e9mon\n|rule|OHKO Clause: OHKO moves are banned\n|rule|Moody Clause: Moody is banned\n|rule|Evasion Moves Clause: Evasion moves are banned\n|rule|Endless Battle Clause: Forcing endless battles is banned\n|rule|HP Percentage Mod: HP is shown in percentages\n|teampreview\n|c|\u2605Ktutverde|storm?\n|c|\u2605Amaterus|YES\n|c|\u2605Amaterus|:]\n|c|\u2605Ktutverde|:)\n|c|\u2605Ktutverde|have fun bro^^\n|c|\u2605Amaterus|u2 bro\n|c|\u2605Amaterus|:]\n|choice||\n|\n|start\n|switch|p1a: Kage|Gengar, M, shiny|100\/100\n|switch|p2a: Acid Seaseed|Starmie|100\/100\n|turn|1\n|choice||\n|\n|switch|p2a: Cold Scale|Garchomp, F|100\/100\n|switch|p1a: Trident|Empoleon, M, shiny|100\/100\n|\n|turn|2\n|choice||\n|\n|move|p2a: Cold Scale|Earthquake|p1a: Trident\n|-supereffective|p1a: Trident\n|-damage|p1a: Trident|36\/100\n|move|p1a: Trident|Stealth Rock|p2a: Cold Scale\n|-sidestart|p2: Ktutverde|move: Stealth Rock\n|\n|-heal|p1a: Trident|42\/100|[from] item: Leftovers\n|turn|3\n|choice||\n|\n|move|p2a: Cold Scale|Earthquake|p1a: Trident\n|-supereffective|p1a: Trident\n|-damage|p1a: Trident|0 fnt\n|faint|p1a: Trident\n|\n|c|\u2605Amaterus|why are u using an rmt\n|choice||\n|\n|switch|p1a: Calamity|Meloetta|100\/100\n|turn|4\n|c|\u2605Ktutverde|?\n|c|\u2605Amaterus|thats not your team\n|c|\u2605Ktutverde|it is lol\n|c|\u2605Amaterus|thats an rmt someone did on smogon\n|c|\u2605Amaterus|lmao\n|c|\u2605Ktutverde|no\n|c|\u2605Amaterus|it got him to 1 on ldr\n|c|\u2605Ktutverde|?\n|c|\u2605Ktutverde|who was it?\n|c|\u2605Amaterus|heat21\n|c|\u2605Ktutverde|no\n|c|\u2605Ktutverde|heat21\n|c|\u2605Ktutverde|is Snow\n|c|\u2605Ktutverde|and I know his team\n|c|\u2605Ktutverde|it's not the same\n|c|\u2605Ktutverde|not at all\n|c|\u2605Amaterus|>snow and hail\n|c|\u2605Amaterus|is sam\n|c|\u2605Ktutverde|?\n|c|\u2605Ktutverde|what??\n|c|\u2605Ktutverde|a rmt?\n|c|\u2605Ktutverde|with my team?\n|c|\u2605Amaterus|its landot, heatran, abomasnow, starmie, clef, and kyurem\n|c|\u2605Ktutverde|oh\n|c|\u2605Ktutverde|it's not the same lol\n|c|\u2605Ktutverde|^^\n|c|\u2605Ktutverde|I know it, it's the rmt \"nirvana hail\"\n|c|\u2605Amaterus|Lol\n|c|\u2605Ktutverde|snow and me compete to be the ebst hail player\n|c|\u2605Ktutverde|*best\n|c|\u2605Ktutverde|he wins till now\n|choice||\n|\n|switch|p2a: Acid Seaseed|Starmie|100\/100\n|-damage|p2a: Acid Seaseed|88\/100|[from] Stealth Rock\n|move|p1a: Calamity|Relic Song|p2a: Acid Seaseed\n|-damage|p2a: Acid Seaseed|41\/100\n|-status|p2a: Acid Seaseed|slp\n|-damage|p1a: Calamity|91\/100|[from] item: Life Orb\n|-formechange|p1a: Calamity|Meloetta-Pirouette|[msg]\n|\n|turn|5\n|c|\u2605Ktutverde|I just built this team 2 days ago and almost never lost^^\n|choice||\n|\n|-curestatus|p2a: Acid Seaseed|slp|[from] ability: Natural Cure\n|switch|p2a: Aiedail|Clefable, M|100\/100\n|move|p1a: Calamity|Knock Off|p2a: Aiedail\n|-resisted|p2a: Aiedail\n|-crit|p2a: Aiedail\n|-damage|p2a: Aiedail|71\/100\n|-enditem|p2a: Aiedail|Leftovers|[from] move: Knock Off|[of] p1a: Calamity\n|-damage|p1a: Calamity|81\/100|[from] item: Life Orb\n|\n|turn|6\n|c|\u2605Amaterus|why did u send that in\n|choice||\n|\n|switch|p1a: Grimlock|Magnezone, shiny|100\/100\n|move|p2a: Aiedail|Soft-Boiled|p2a: Aiedail\n|-heal|p2a: Aiedail|100\/100\n|\n|turn|7\n|c|\u2605Amaterus|you know i outspeed right?\n|c|\u2605Ktutverde|well the sleep\n|choice||\n|\n|switch|p2a: Heat Heart|Heatran, M|100\/100\n|-damage|p2a: Heat Heart|88\/100|[from] Stealth Rock\n|switch|p1a: Kage|Gengar, M, shiny|100\/100\n|\n|-heal|p2a: Heat Heart|94\/100|[from] item: Leftovers\n|turn|8\n|c|\u2605Ktutverde|was annoying\n|choice||\n|\n|move|p1a: Kage|Focus Blast|p2a: Heat Heart|[miss]\n|-miss|p1a: Kage|p2a: Heat Heart\n|move|p2a: Heat Heart|Stealth Rock|p1a: Kage\n|-sidestart|p1: Amaterus|move: Stealth Rock\n|\n|-heal|p2a: Heat Heart|100\/100|[from] item: Leftovers\n|turn|9\n|c|\u2605Amaterus|Lol\n|choice||\n|\n|switch|p2a: Cold Scale|Garchomp, F|100\/100\n|-damage|p2a: Cold Scale|94\/100|[from] Stealth Rock\n|move|p1a: Kage|Focus Blast|p2a: Cold Scale|[miss]\n|-miss|p1a: Kage|p2a: Cold Scale\n|\n|turn|10\n|c|\u2605Ktutverde|sry\n|c|\u2605Ktutverde|focus miss\n|c|\u2605Ktutverde|is a legend\n|c|\u2605Amaterus|lmao\n|choice||\n|\n|move|p1a: Kage|Shadow Ball|p2a: Cold Scale\n|-damage|p2a: Cold Scale|44\/100\n|-unboost|p2a: Cold Scale|spd|1\n|-damage|p1a: Kage|91\/100|[from] item: Life Orb\n|move|p2a: Cold Scale|Dragon Tail|p1a: Kage\n|-damage|p1a: Kage|42\/100\n|drag|p1a: Crane|Altaria, M, shiny|100\/100\n|-damage|p1a: Crane|76\/100|[from] Stealth Rock\n|-ability|p1a: Crane|Cloud Nine\n|\n|turn|11\n|c|\u2605Amaterus|,\n|choice||\n|\n|switch|p1a: Grimlock|Magnezone, shiny|100\/100\n|-damage|p1a: Grimlock|94\/100|[from] Stealth Rock\n|move|p2a: Cold Scale|Rest|p2a: Cold Scale\n|-status|p2a: Cold Scale|slp\n|-heal|p2a: Cold Scale|100\/100 slp|[silent]\n|-status|p2a: Cold Scale|slp|[from] move: Rest\n|\n|-heal|p1a: Grimlock|100\/100|[from] item: Leftovers\n|turn|12\n|choice||\n|\n|cant|p2a: Cold Scale|slp\n|move|p2a: Cold Scale|Sleep Talk|p2a: Cold Scale\n|move|p2a: Cold Scale|Earthquake|p1a: Grimlock|[from]Sleep Talk\n|-supereffective|p1a: Grimlock\n|-damage|p1a: Grimlock|0 fnt\n|faint|p1a: Grimlock\n|\n|choice||\n|\n|switch|p1a: Kage|Gengar, M, shiny|42\/100\n|-damage|p1a: Kage|30\/100|[from] Stealth Rock\n|turn|13\n|choice||\n|\n|switch|p2a: Heat Heart|Heatran, M|100\/100\n|-damage|p2a: Heat Heart|88\/100|[from] Stealth Rock\n|move|p1a: Kage|Shadow Ball|p2a: Heat Heart\n|-damage|p2a: Heat Heart|51\/100\n|-damage|p1a: Kage|20\/100|[from] item: Life Orb\n|\n|-heal|p2a: Heat Heart|57\/100|[from] item: Leftovers\n|turn|14\n|c|\u2605Ktutverde|man\n|choice||\n|\n|switch|p2a: Cold Scale|Garchomp, F|100\/100 slp\n|-damage|p2a: Cold Scale|94\/100 slp|[from] Stealth Rock\n|move|p1a: Kage|Focus Blast|p2a: Cold Scale\n|-damage|p2a: Cold Scale|47\/100 slp\n|-damage|p1a: Kage|10\/100|[from] item: Life Orb\n|\n|turn|15\n|c|\u2605Ktutverde|saying that we have the smae team\n|c|\u2605Ktutverde|*same\n|c|\u2605Ktutverde|open your eyes XD\n|choice||\n|\n|move|p1a: Kage|Shadow Ball|p2a: Cold Scale\n|-damage|p2a: Cold Scale|2\/100 slp\n|-damage|p1a: Kage|0 fnt|[from] item: Life Orb\n|faint|p1a: Kage\n|cant|p2a: Cold Scale|slp\n|move|p2a: Cold Scale|Sleep Talk|p2a: Cold Scale\n|move|p2a: Cold Scale|Rest|p2a: Cold Scale|[from]Sleep Talk\n|-fail|p2a: Cold Scale\n|\n|choice||\n|\n|switch|p1a: Calamity|Meloetta|81\/100\n|-damage|p1a: Calamity|68\/100|[from] Stealth Rock\n|turn|16\n|choice||\n|\n|move|p1a: Calamity|Relic Song|p2a: Cold Scale\n|-damage|p2a: Cold Scale|0 fnt\n|-damage|p1a: Calamity|58\/100|[from] item: Life Orb\n|-formechange|p1a: Calamity|Meloetta-Pirouette|[msg]\n|faint|p2a: Cold Scale\n|\n|choice||\n|\n|switch|p2a: Aiedail|Clefable, M|100\/100\n|turn|17\n|choice||\n|\n|move|p1a: Calamity|Relic Song|p2a: Aiedail\n|-damage|p2a: Aiedail|79\/100\n|-formechange|p1a: Calamity|Meloetta|[msg]\n|-damage|p1a: Calamity|48\/100|[from] item: Life Orb\n|move|p2a: Aiedail|Moonblast|p1a: Calamity\n|-damage|p1a: Calamity|23\/100\n|\n|turn|18\n|choice||\n|\n|switch|p2a: Heat Heart|Heatran, M|57\/100\n|-damage|p2a: Heat Heart|45\/100|[from] Stealth Rock\n|move|p1a: Calamity|Relic Song|p2a: Heat Heart\n|-resisted|p2a: Heat Heart\n|-damage|p2a: Heat Heart|31\/100\n|-status|p2a: Heat Heart|slp\n|-damage|p1a: Calamity|13\/100|[from] item: Life Orb\n|-formechange|p1a: Calamity|Meloetta-Pirouette|[msg]\n|\n|-heal|p2a: Heat Heart|38\/100 slp|[from] item: Leftovers\n|turn|19\n|choice||\n|\n|switch|p2a: Aiedail|Clefable, M|79\/100\n|move|p1a: Calamity|Knock Off|p2a: Aiedail\n|-resisted|p2a: Aiedail\n|-damage|p2a: Aiedail|66\/100\n|-damage|p1a: Calamity|3\/100|[from] item: Life Orb\n|\n|turn|20\n|choice||\n|\n|move|p1a: Calamity|Ice Punch|p2a: Aiedail\n|-damage|p2a: Aiedail|38\/100\n|-damage|p1a: Calamity|0 fnt|[from] item: Life Orb\n|faint|p1a: Calamity\n|move|p2a: Aiedail|Soft-Boiled|p2a: Aiedail\n|-heal|p2a: Aiedail|88\/100\n|\n|choice||\n|\n|switch|p1a: Apocalypse|Dragonite, M|100\/100\n|-damage|p1a: Apocalypse|76\/100|[from] Stealth Rock\n|turn|21\n|c|\u2605Ktutverde|trying to haxx me\n|choice||\n|\n|switch|p2a: Cuicuirasse|Skarmory, F|100\/100\n|-damage|p2a: Cuicuirasse|88\/100|[from] Stealth Rock\n|move|p1a: Apocalypse|Earthquake|p2a: Cuicuirasse\n|-immune|p2a: Cuicuirasse|[msg]\n|\n|-heal|p2a: Cuicuirasse|94\/100|[from] item: Leftovers\n|turn|22\n|choice||\n|\n|move|p1a: Apocalypse|Earthquake|p2a: Cuicuirasse\n|-immune|p2a: Cuicuirasse|[msg]\n|move|p2a: Cuicuirasse|Spikes|p1a: Apocalypse\n|-sidestart|p1: Amaterus|Spikes\n|\n|-heal|p2a: Cuicuirasse|99\/100|[from] item: Leftovers\n|turn|23\n|choice||\n|\n|switch|p2a: Heat Heart|Heatran, M|38\/100 slp\n|-damage|p2a: Heat Heart|25\/100 slp|[from] Stealth Rock\n|move|p1a: Apocalypse|Earthquake|p2a: Heat Heart\n|-supereffective|p2a: Heat Heart\n|-damage|p2a: Heat Heart|0 fnt\n|faint|p2a: Heat Heart\n|\n|c|\u2605Ktutverde|:)\n|choice||\n|\n|switch|p2a: Acid Seaseed|Starmie|41\/100\n|-damage|p2a: Acid Seaseed|29\/100|[from] Stealth Rock\n|turn|24\n|c|\u2605Ktutverde|spin\n|c|\u2605Amaterus|the focus misses\n|c|\u2605Amaterus|got me\n|c|\u2605Ktutverde|lol\n|c|\u2605Ktutverde|not really\n|choice||\n|\n|move|p2a: Acid Seaseed|Rapid Spin|p1a: Apocalypse\n|-damage|p1a: Apocalypse|73\/100\n|-sideend|p2: Ktutverde|Stealth Rock|[from] move: Rapid Spin|[of] p2a: Acid Seaseed\n|move|p1a: Apocalypse|Earthquake|p2a: Acid Seaseed\n|-damage|p2a: Acid Seaseed|0 fnt\n|faint|p2a: Acid Seaseed\n|\n|c|\u2605Ktutverde|I just neeeded to use SR\n|c|\u2605Amaterus|yup\n|c|\u2605Ktutverde|heat can die after\n|choice||\n|\n|switch|p2a: Ktutverde|Abomasnow, M|100\/100\n|-weather|Hail|[from] ability: Snow Warning|[of] p2a: Ktutverde\n|turn|25\n|c|\u2605Amaterus|i shoulda taunted\n|c|\u2605Amaterus|lol\n|c|\u2605Amaterus|i played bad i missed a few focus blasts\n|c|\u2605Amaterus|you win bro\n|-message|Amaterus forfeited.\n|\n|win|Ktutverde\n|player|p1\n|player|p2\n|c|\u2605Ktutverde|u couldn't know\n|raw|Amaterus's rating: 1722 &rarr; <strong>1703<\/strong><br \/>(-19 for losing)\n|raw|Ktutverde's rating: 1728 &rarr; <strong>1747<\/strong><br \/>(+19 for winning)\n|l|Amaterus","inputlog":null,"uploadtime":1463941359,"views":44,"p1id":"amaterus","p2id":"ktutverde","formatid":"ou","rating":1703,"private":0,"password":null}