{"id":"ou-385007025","p1":"Ktutverde","p2":"Candice","format":"ou","log":"|j|Ktutverde\n|j|Candice\n|player|p1|Ktutverde|7\n|player|p2|Candice|2\n|gametype|singles\n|gen|6\n|tier|OU\n|rated\n|seed|\n|clearpoke\n|poke|p1|Pachirisu, F|item\n|poke|p1|Togekiss, M|item\n|poke|p1|Manaphy|item\n|poke|p1|Garchomp, M|item\n|poke|p1|Ferrothorn, M|item\n|poke|p1|Latios, M|item\n|poke|p2|Manaphy|item\n|poke|p2|Latias, F|item\n|poke|p2|Raikou|item\n|poke|p2|Scizor, F|item\n|poke|p2|Talonflame, M|\n|poke|p2|Landorus-Therian, M|item\n|rule|Swagger Clause: Swagger is banned\n|rule|Baton Pass Clause: Limit one Baton Passer, can't pass Spe and other stats simultaneously\n|rule|Sleep Clause Mod: Limit one foe put to sleep\n|rule|Species Clause: Limit one of each Pok\u00e9mon\n|rule|OHKO Clause: OHKO moves are banned\n|rule|Moody Clause: Moody is banned\n|rule|Evasion Moves Clause: Evasion moves are banned\n|rule|Endless Battle Clause: Forcing endless battles is banned\n|rule|HP Percentage Mod: HP is shown in percentages\n|teampreview\n|c|\u2605Ktutverde|hf!\n|c|\u2605Candice|thanks, you too !\n|choice||\n|\n|start\n|switch|p1a: Triangle|Latios, M|100\/100\n|switch|p2a: Talonflame|Talonflame, M|100\/100\n|turn|1\n|choice||\n|\n|switch|p1a: Square|Garchomp, M|100\/100\n|move|p2a: Talonflame|Will-O-Wisp|p1a: Square\n|-status|p1a: Square|brn\n|\n|-damage|p1a: Square|88\/100 brn|[from] brn\n|turn|2\n|c|\u2605Ktutverde|wtf\n|c|\u2605Ktutverde|are you mad\n|c|\u2605Candice|wut ?\n|choice||\n|\n|move|p2a: Talonflame|Taunt|p1a: Square\n|-start|p1a: Square|move: Taunt\n|cant|p1a: Square|move: Taunt|Stealth Rock\n|\n|-damage|p1a: Square|76\/100 brn|[from] brn\n|turn|3\n|c|\u2605Candice|nop\n|c|\u2605Ktutverde|.......\n|c|\u2605Candice|lolz\n|choice||\n|\n|switch|p2a: Landorus|Landorus-Therian, M|100\/100\n|-ability|p2a: Landorus|Intimidate|boost\n|-unboost|p1a: Square|atk|1\n|switch|p1a: Fishing around|Manaphy|100\/100\n|\n|turn|4\n|c|\u2605Ktutverde|lol waht\n|c|\u2605Ktutverde|I can ohko you\n|c|\u2605Candice|nop\n|c|\u2605Ktutverde|why did you stay\n|choice||\n|\n|switch|p2a: Raikou|Raikou|100\/100\n|-ability|p2a: Raikou|Pressure\n|move|p1a: Fishing around|Scald|p2a: Raikou\n|-damage|p2a: Raikou|62\/100\n|\n|-heal|p2a: Raikou|68\/100|[from] item: Leftovers\n|turn|5\n|c|\u2605Candice|because I can live the DM\n|c|\u2605Ktutverde|lol no\n|choice||\n|\n|switch|p1a: Circle|Ferrothorn, M|100\/100\n|move|p2a: Raikou|Volt Switch|p1a: Circle\n|-resisted|p1a: Circle\n|-damage|p1a: Circle|87\/100\n|c|\u2605Candice|252 SpA Life Orb Latios Draco Meteor vs. 248 HP \/ 252+ SpD Talonflame: 251-296 (69.9 - 82.4%) -- guaranteed 2HKO\n|c|\u2605Ktutverde|ok\n|c|\u2605Candice|:D\n|choice||\n|\n|switch|p2a: Talonflame|Talonflame, M|100\/100\n|\n|-heal|p1a: Circle|94\/100|[from] item: Leftovers\n|turn|6\n|c|\u2605Ktutverde|now calc psyshock -.-\n|c|\u2605Ktutverde|and let's see if you can stall it\n|c|\u2605Candice|252 SpA Life Orb Latios Psyshock vs. 248 HP \/ 0 Def Talonflame: 226-266 (62.9 - 74%) -- guaranteed 2HKO\n|c|\u2605Candice|can't stall it\n|choice||\n|\n|switch|p1a: Marmita|Pachirisu, F|100\/100\n|move|p2a: Talonflame|Taunt|p1a: Marmita\n|-start|p1a: Marmita|move: Taunt\n|\n|turn|7\n|c|\u2605Ktutverde|k\n|choice||\n|\n|switch|p2a: Raikou|Raikou|68\/100\n|-ability|p2a: Raikou|Pressure\n|move|p1a: Marmita|U-turn|p2a: Raikou\n|-damage|p2a: Raikou|59\/100\n|choice||\n|\n|switch|p1a: Triangle|Latios, M|100\/100\n|\n|-heal|p2a: Raikou|65\/100|[from] item: Leftovers\n|turn|8\n|choice||\n|\n|move|p2a: Raikou|Volt Switch|p1a: Triangle\n|-resisted|p1a: Triangle\n|-damage|p1a: Triangle|83\/100\n|choice||\n|\n|switch|p2a: Scizor|Scizor, F|100\/100\n|move|p1a: Triangle|Psyshock|p2a: Scizor\n|-resisted|p2a: Scizor\n|-damage|p2a: Scizor|77\/100\n|-damage|p1a: Triangle|73\/100|[from] item: Life Orb\n|\n|turn|9\n|choice||\n|\n|switch|p2a: Talonflame|Talonflame, M|100\/100\n|move|p1a: Triangle|Hidden Power|p2a: Talonflame\n|-resisted|p2a: Talonflame\n|-damage|p2a: Talonflame|86\/100\n|-damage|p1a: Triangle|63\/100|[from] item: Life Orb\n|\n|turn|10\n|choice||\n|\n|switch|p1a: Marmita|Pachirisu, F|100\/100\n|switch|p2a: Scizor|Scizor, F|77\/100\n|\n|turn|11\n|choice||\n|\n|detailschange|p2a: Scizor|Scizor-Mega, F\n|-mega|p2a: Scizor|Scizor|Scizorite\n|move|p1a: Marmita|Super Fang|p2a: Scizor\n|-damage|p2a: Scizor|39\/100\n|move|p2a: Scizor|U-turn|p1a: Marmita\n|-damage|p1a: Marmita|51\/100\n|choice||\n|\n|switch|p2a: Raikou|Raikou|65\/100\n|-ability|p2a: Raikou|Pressure\n|\n|-heal|p2a: Raikou|71\/100|[from] item: Leftovers\n|-heal|p1a: Marmita|57\/100|[from] item: Leftovers\n|turn|12\n|choice||\n|\n|move|p2a: Raikou|Volt Switch|p1a: Marmita\n|-heal|p1a: Marmita|82\/100|[from] ability: Volt Absorb|[of] p2a: Raikou\n|move|p1a: Marmita|Toxic|p2a: Raikou\n|-status|p2a: Raikou|tox\n|\n|-heal|p2a: Raikou|77\/100 tox|[from] item: Leftovers\n|-heal|p1a: Marmita|88\/100|[from] item: Leftovers\n|-damage|p2a: Raikou|71\/100 tox|[from] psn\n|turn|13\n|c|\u2605Candice|noooo\n|c|\u2605Ktutverde|...\n|choice||\n|\n|switch|p2a: Talonflame|Talonflame, M|86\/100\n|move|p1a: Marmita|U-turn|p2a: Talonflame\n|-resisted|p2a: Talonflame\n|-damage|p2a: Talonflame|84\/100\n|choice||\n|\n|switch|p1a: Fishing around|Manaphy|100\/100\n|\n|turn|14\n|choice||\n|\n|switch|p2a: Raikou|Raikou|71\/100 tox\n|-ability|p2a: Raikou|Pressure\n|move|p1a: Fishing around|Scald|p2a: Raikou\n|-damage|p2a: Raikou|36\/100 tox\n|\n|-heal|p2a: Raikou|42\/100 tox|[from] item: Leftovers\n|-damage|p2a: Raikou|36\/100 tox|[from] psn\n|turn|15\n|choice||\n|\n|switch|p1a: Triangle|Latios, M|63\/100\n|move|p2a: Raikou|Hidden Power|p1a: Triangle\n|-supereffective|p1a: Triangle\n|-damage|p1a: Triangle|19\/100\n|\n|-heal|p2a: Raikou|42\/100 tox|[from] item: Leftovers\n|-damage|p2a: Raikou|29\/100 tox|[from] psn\n|turn|16\n|choice||\n|\n|switch|p1a: Marmita|Pachirisu, F|88\/100\n|move|p2a: Raikou|Volt Switch|p1a: Marmita\n|-heal|p1a: Marmita|100\/100|[from] ability: Volt Absorb|[of] p2a: Raikou\n|\n|-heal|p2a: Raikou|36\/100 tox|[from] item: Leftovers\n|-damage|p2a: Raikou|17\/100 tox|[from] psn\n|turn|17\n|c|\u2605Candice|:<\n|choice||\n|\n|switch|p2a: Scizor|Scizor-Mega, F|39\/100\n|move|p1a: Marmita|U-turn|p2a: Scizor\n|-resisted|p2a: Scizor\n|-damage|p2a: Scizor|36\/100\n|choice||\n|\n|switch|p1a: Square|Garchomp, M|76\/100 brn\n|\n|-damage|p1a: Square|63\/100 brn|[from] brn\n|turn|18\n|choice||\n|\n|switch|p2a: Landorus|Landorus-Therian, M|100\/100\n|-ability|p2a: Landorus|Intimidate|boost\n|-unboost|p1a: Square|atk|1\n|move|p1a: Square|Stealth Rock|p2a: Landorus\n|-sidestart|p2: Candice|move: Stealth Rock\n|\n|-damage|p1a: Square|51\/100 brn|[from] brn\n|turn|19\n|choice||\n|\n|switch|p1a: Circle|Ferrothorn, M|94\/100\n|move|p2a: Landorus|Stealth Rock|p1a: Circle\n|-sidestart|p1: Ktutverde|move: Stealth Rock\n|\n|-heal|p1a: Circle|99\/100|[from] item: Leftovers\n|turn|20\n|choice||\n|\n|switch|p2a: Scizor|Scizor-Mega, F|36\/100\n|-damage|p2a: Scizor|24\/100|[from] Stealth Rock\n|move|p1a: Circle|Leech Seed|p2a: Scizor|[miss]\n|-miss|p1a: Circle|p2a: Scizor\n|\n|-heal|p1a: Circle|100\/100|[from] item: Leftovers\n|turn|21\n|choice||\n|\n|move|p2a: Scizor|Roost|p2a: Scizor\n|-heal|p2a: Scizor|74\/100\n|move|p1a: Circle|Leech Seed|p2a: Scizor\n|-start|p2a: Scizor|move: Leech Seed\n|\n|-damage|p2a: Scizor|62\/100|[from] Leech Seed|[of] p1a: Circle\n|turn|22\n|choice||\n|\n|move|p2a: Scizor|U-turn|p1a: Circle\n|-damage|p1a: Circle|79\/100\n|-damage|p2a: Scizor|50\/100|[from] ability: Iron Barbs|[of] p1a: Circle\n|choice||\n|\n|switch|p2a: Talonflame|Talonflame, M|84\/100\n|-damage|p2a: Talonflame|34\/100|[from] Stealth Rock\n|move|p1a: Circle|Thunder Wave|p2a: Talonflame\n|-status|p2a: Talonflame|par\n|\n|-heal|p1a: Circle|85\/100|[from] item: Leftovers\n|turn|23\n|choice||\n|\n|switch|p1a: Fishing around|Manaphy|100\/100\n|-damage|p1a: Fishing around|88\/100|[from] Stealth Rock\n|move|p2a: Talonflame|Will-O-Wisp|p1a: Fishing around|[miss]\n|-miss|p2a: Talonflame|p1a: Fishing around\n|\n|-heal|p1a: Fishing around|94\/100|[from] item: Leftovers\n|turn|24\n|choice||\n|\n|cant|p2a: Talonflame|par\n|move|p1a: Fishing around|Scald|p2a: Talonflame\n|-supereffective|p2a: Talonflame\n|-damage|p2a: Talonflame|0 fnt\n|faint|p2a: Talonflame\n|\n|-heal|p1a: Fishing around|100\/100|[from] item: Leftovers\n|c|\u2605Candice|not cool\n|choice||\n|\n|switch|p2a: Raikou|Raikou|17\/100 tox\n|-damage|p2a: Raikou|5\/100 tox|[from] Stealth Rock\n|-ability|p2a: Raikou|Pressure\n|turn|25\n|c|\u2605Ktutverde|why the hell do you use this without sableye or diancie\n|c|\u2605Ktutverde|it's a stall mon\n|c|\u2605Candice|it breaks stall\n|c|\u2605Ktutverde|lol no\n|c|\u2605Candice|yes it does\n|c|\u2605Ktutverde|I use it and it is unable to damage stall\n|c|\u2605Ktutverde|cuz sableye mega and quagsire stall it\n|choice||\n|\n|switch|p2a: Latias|Latias, F|100\/100\n|-damage|p2a: Latias|88\/100|[from] Stealth Rock\n|switch|p1a: Marmita|Pachirisu, F|100\/100\n|-damage|p1a: Marmita|88\/100|[from] Stealth Rock\n|\n|-heal|p1a: Marmita|94\/100|[from] item: Leftovers\n|turn|26\n|choice||\n|\n|move|p2a: Latias|Draco Meteor|p1a: Marmita\n|-damage|p1a: Marmita|39\/100\n|-unboost|p2a: Latias|spa|2\n|-damage|p2a: Latias|79\/100|[from] item: Life Orb\n|move|p1a: Marmita|Nuzzle|p2a: Latias\n|-resisted|p2a: Latias\n|-crit|p2a: Latias\n|-damage|p2a: Latias|75\/100\n|-status|p2a: Latias|par\n|\n|-heal|p1a: Marmita|45\/100|[from] item: Leftovers\n|turn|27\n|c|\u2605Candice|Yeah I know but it does help against  weavile, bisharp, zad y\n|c|\u2605Candice|That thing is just so bulky :O\n|c|\u2605Ktutverde|weavile kills it\n|c|\u2605Ktutverde|and you have scizor mega for bisharp and weavile\n|c|\u2605Ktutverde|talon is not exactly what I call bulky\n|c|\u2605Candice|Scizor for Bisharp is not enough\n|c|\u2605Candice|252 Atk Life Orb Weavile Icicle Crash vs. 248 HP \/ 116 Def Talonflame: 195-230 (54.3 - 64%) -- guaranteed 2HKO\n|c|\u2605Ktutverde|well just use keldeo then\n|c|\u2605Candice|What do you suggest then ?\n|c|\u2605Ktutverde|well\n|c|\u2605Ktutverde|what you say is right\n|c|\u2605Candice|Yeah But I like manaphy for stall !\n|choice||\n|\n|move|p1a: Marmita|Super Fang|p2a: Latias\n|-damage|p2a: Latias|38\/100 par\n|move|p2a: Latias|Healing Wish|p2a: Latias\n|faint|p2a: Latias\n|\n|-heal|p1a: Marmita|51\/100|[from] item: Leftovers\n|choice||\n|\n|switch|p2a: Raikou|Raikou|5\/100 tox\n|-heal|p2a: Raikou|100\/100|[from] move: Healing Wish\n|-damage|p2a: Raikou|88\/100|[from] Stealth Rock\n|-ability|p2a: Raikou|Pressure\n|turn|28\n|c|\u2605Ktutverde|but you imagien everything as if your opponent hadn't rocks up\n|c|\u2605Ktutverde|*imagine\n|c|\u2605Ktutverde|talon is shit when rocks re up\n|choice||\n|\n|switch|p2a: Scizor|Scizor-Mega, F|50\/100\n|-damage|p2a: Scizor|38\/100|[from] Stealth Rock\n|move|p1a: Marmita|Toxic|p2a: Scizor\n|-immune|p2a: Scizor|[msg]\n|\n|-heal|p1a: Marmita|57\/100|[from] item: Leftovers\n|turn|29\n|c|\u2605Candice|Yeah that's true, Weavile does numbers to my team..\n|c|\u2605Ktutverde|talon SD is just great in your team\n|c|\u2605Candice|Your team is interesting btw\n|c|\u2605Ktutverde|manaphy 6-0 stall\n|c|\u2605Ktutverde|stall can't beat manaphy\n|c|\u2605Ktutverde|that's all\n|c|\u2605Candice|Yep maybe I should run Talon SD, it could work better\n|c|\u2605Ktutverde|as long as you have raindance tho^^\n|c|\u2605Candice|I do !\n|c|\u2605Candice|with psychic\n|c|\u2605Ktutverde|talon SD just comes once or twice in the battle\n|c|\u2605Candice|Thanks for the tip :D\n|c|\u2605Ktutverde|the stallbreaker needs sabelye or sth like that\n|c|\u2605Ktutverde|^^\n|choice||\n|\n|move|p1a: Marmita|U-turn|p2a: Scizor\n|-resisted|p2a: Scizor\n|-damage|p2a: Scizor|35\/100\n|choice||\n|\n|switch|p1a: Square|Garchomp, M|51\/100 brn\n|-damage|p1a: Square|44\/100 brn|[from] Stealth Rock\n|move|p2a: Scizor|Roost|p2a: Scizor\n|-heal|p2a: Scizor|85\/100\n|\n|-damage|p1a: Square|32\/100 brn|[from] brn\n|turn|30\n|choice||\n|\n|switch|p2a: Landorus|Landorus-Therian, M|100\/100\n|-damage|p2a: Landorus|88\/100|[from] Stealth Rock\n|-ability|p2a: Landorus|Intimidate|boost\n|-unboost|p1a: Square|atk|1\n|move|p1a: Square|Fire Blast|p2a: Landorus\n|-damage|p2a: Landorus|68\/100\n|\n|-heal|p2a: Landorus|74\/100|[from] item: Leftovers\n|-damage|p1a: Square|19\/100 brn|[from] brn\n|turn|31\n|c|\u2605Candice|You're using Pachirisu because you don't know what to use instead or because you think it does have true potential ?\n|c|\u2605Ktutverde|because I love it\n|choice||\n|\n|switch|p1a: Circle|Ferrothorn, M|85\/100\n|-damage|p1a: Circle|79\/100|[from] Stealth Rock\n|move|p2a: Landorus|Earthquake|p1a: Circle\n|-damage|p1a: Circle|49\/100\n|\n|-heal|p2a: Landorus|80\/100|[from] item: Leftovers\n|-heal|p1a: Circle|55\/100|[from] item: Leftovers\n|turn|32\n|c|\u2605Ktutverde|that's all\n|c|\u2605Candice|Oh that's cute\n|choice||\n|\n|move|p2a: Landorus|Earthquake|p1a: Circle\n|-damage|p1a: Circle|24\/100\n|move|p1a: Circle|Leech Seed|p2a: Landorus\n|-start|p2a: Landorus|move: Leech Seed\n|\n|-heal|p2a: Landorus|86\/100|[from] item: Leftovers\n|-heal|p1a: Circle|30\/100|[from] item: Leftovers\n|-damage|p2a: Landorus|74\/100|[from] Leech Seed|[of] p1a: Circle\n|-heal|p1a: Circle|43\/100|[silent]\n|turn|33\n|c|\u2605Ktutverde|yh\n|choice||\n|\n|move|p2a: Landorus|U-turn|p1a: Circle\n|-damage|p1a: Circle|29\/100\n|-damage|p2a: Landorus|62\/100|[from] ability: Iron Barbs|[of] p1a: Circle\n|choice||\n|\n|switch|p2a: Scizor|Scizor-Mega, F|85\/100\n|-damage|p2a: Scizor|73\/100|[from] Stealth Rock\n|move|p1a: Circle|Power Whip|p2a: Scizor\n|-resisted|p2a: Scizor\n|-damage|p2a: Scizor|67\/100\n|\n|-heal|p1a: Circle|35\/100|[from] item: Leftovers\n|turn|34\n|c|\u2605Ktutverde|.....\n|choice||\n|\n|move|p2a: Scizor|Swords Dance|p2a: Scizor\n|-boost|p2a: Scizor|atk|2\n|move|p1a: Circle|Leech Seed|p2a: Scizor\n|-start|p2a: Scizor|move: Leech Seed\n|\n|-heal|p1a: Circle|41\/100|[from] item: Leftovers\n|-damage|p2a: Scizor|54\/100|[from] Leech Seed|[of] p1a: Circle\n|-heal|p1a: Circle|53\/100|[silent]\n|turn|35\n|c|\u2605Ktutverde|u turn spam\n|c|\u2605Candice|yep ^^\n|choice||\n|\n|move|p2a: Scizor|U-turn|p1a: Circle\n|-damage|p1a: Circle|11\/100\n|-damage|p2a: Scizor|42\/100|[from] ability: Iron Barbs|[of] p1a: Circle\n|choice||\n|\n|switch|p2a: Landorus|Landorus-Therian, M|62\/100\n|-damage|p2a: Landorus|49\/100|[from] Stealth Rock\n|-ability|p2a: Landorus|Intimidate|boost\n|-unboost|p1a: Circle|atk|1\n|move|p1a: Circle|Thunder Wave|p2a: Landorus\n|-immune|p2a: Landorus|[msg]\n|\n|-heal|p2a: Landorus|55\/100|[from] item: Leftovers\n|-heal|p1a: Circle|18\/100|[from] item: Leftovers\n|turn|36\n|c|\u2605Candice|gg\n|c|\u2605Ktutverde|gg what\n|c|\u2605Candice|you got this\n|c|\u2605Ktutverde|nope\n|choice||\n|\n|move|p2a: Landorus|Stone Edge|p1a: Circle\n|-resisted|p1a: Circle\n|-damage|p1a: Circle|7\/100\n|move|p1a: Circle|Leech Seed|p2a: Landorus\n|-start|p2a: Landorus|move: Leech Seed\n|\n|-heal|p2a: Landorus|61\/100|[from] item: Leftovers\n|-heal|p1a: Circle|14\/100|[from] item: Leftovers\n|-damage|p2a: Landorus|49\/100|[from] Leech Seed|[of] p1a: Circle\n|-heal|p1a: Circle|27\/100|[silent]\n|turn|37\n|choice||\n|\n|move|p2a: Landorus|Earthquake|p1a: Circle\n|-damage|p1a: Circle|0 fnt\n|faint|p1a: Circle\n|\n|-heal|p2a: Landorus|55\/100|[from] item: Leftovers\n|choice||\n|\n|switch|p1a: Fishing around|Manaphy|100\/100\n|-damage|p1a: Fishing around|88\/100|[from] Stealth Rock\n|turn|38\n|c|\u2605Candice|hm\n|c|\u2605Candice|I have to sac somthing\n|choice||\n|\n|switch|p2a: Scizor|Scizor-Mega, F|42\/100\n|-damage|p2a: Scizor|30\/100|[from] Stealth Rock\n|move|p1a: Fishing around|Scald|p2a: Scizor\n|-damage|p2a: Scizor|2\/100\n|-status|p2a: Scizor|brn\n|\n|-heal|p1a: Fishing around|94\/100|[from] item: Leftovers\n|-damage|p2a: Scizor|0 fnt|[from] brn\n|faint|p2a: Scizor\n|choice||\n|\n|switch|p2a: Raikou|Raikou|88\/100\n|-damage|p2a: Raikou|76\/100|[from] Stealth Rock\n|-ability|p2a: Raikou|Pressure\n|turn|39\n|choice||\n|\n|switch|p2a: Landorus|Landorus-Therian, M|55\/100\n|-damage|p2a: Landorus|43\/100|[from] Stealth Rock\n|-ability|p2a: Landorus|Intimidate|boost\n|-unboost|p1a: Fishing around|atk|1\n|move|p1a: Fishing around|Scald|p2a: Landorus\n|-supereffective|p2a: Landorus\n|-damage|p2a: Landorus|0 fnt\n|faint|p2a: Landorus\n|\n|-heal|p1a: Fishing around|100\/100|[from] item: Leftovers\n|c|\u2605Candice|haha\n|c|\u2605Candice|gg\n|c|\u2605Ktutverde|not yet\n|choice||\n|\n|switch|p2a: Raikou|Raikou|76\/100\n|-damage|p2a: Raikou|63\/100|[from] Stealth Rock\n|-ability|p2a: Raikou|Pressure\n|turn|40\n|choice||\n|\n|switch|p1a: Marmita|Pachirisu, F|57\/100\n|-damage|p1a: Marmita|45\/100|[from] Stealth Rock\n|move|p2a: Raikou|Calm Mind|p2a: Raikou\n|-boost|p2a: Raikou|spa|1\n|-boost|p2a: Raikou|spd|1\n|\n|-heal|p2a: Raikou|69\/100|[from] item: Leftovers\n|-heal|p1a: Marmita|51\/100|[from] item: Leftovers\n|turn|41\n|choice||\n|\n|move|p2a: Raikou|Calm Mind|p2a: Raikou\n|-boost|p2a: Raikou|spa|1\n|-boost|p2a: Raikou|spd|1\n|move|p1a: Marmita|Toxic|p2a: Raikou|[miss]\n|-miss|p1a: Marmita|p2a: Raikou\n|\n|-heal|p2a: Raikou|76\/100|[from] item: Leftovers\n|-heal|p1a: Marmita|57\/100|[from] item: Leftovers\n|turn|42\n|c|\u2605Candice|oh\n|choice||\n|\n|move|p2a: Raikou|Hidden Power|p1a: Marmita\n|-damage|p1a: Marmita|27\/100\n|move|p1a: Marmita|Toxic|p2a: Raikou\n|-status|p2a: Raikou|tox\n|\n|-heal|p2a: Raikou|82\/100 tox|[from] item: Leftovers\n|-heal|p1a: Marmita|33\/100|[from] item: Leftovers\n|-damage|p2a: Raikou|76\/100 tox|[from] psn\n|turn|43\n|choice||\n|\n|move|p2a: Raikou|Hidden Power|p1a: Marmita\n|-damage|p1a: Marmita|4\/100\n|move|p1a: Marmita|Super Fang|p2a: Raikou\n|-damage|p2a: Raikou|38\/100 tox\n|\n|-heal|p2a: Raikou|44\/100 tox|[from] item: Leftovers\n|-heal|p1a: Marmita|10\/100|[from] item: Leftovers\n|-damage|p2a: Raikou|32\/100 tox|[from] psn\n|turn|44\n|choice||\n|\n|switch|p1a: Fishing around|Manaphy|100\/100\n|-damage|p1a: Fishing around|88\/100|[from] Stealth Rock\n|move|p2a: Raikou|Hidden Power|p1a: Fishing around\n|-resisted|p1a: Fishing around\n|-damage|p1a: Fishing around|70\/100\n|\n|-heal|p2a: Raikou|38\/100 tox|[from] item: Leftovers\n|-heal|p1a: Fishing around|76\/100|[from] item: Leftovers\n|-damage|p2a: Raikou|20\/100 tox|[from] psn\n|turn|45\n|choice||\n|\n|switch|p1a: Marmita|Pachirisu, F|10\/100\n|-damage|p1a: Marmita|0 fnt|[from] Stealth Rock\n|faint|p1a: Marmita\n|move|p2a: Raikou|Hidden Power|p1: Marmita|[notarget]\n|-notarget\n|\n|-heal|p2a: Raikou|26\/100 tox|[from] item: Leftovers\n|-damage|p2a: Raikou|1\/100 tox|[from] psn\n|choice||\n|\n|switch|p1a: Fishing around|Manaphy|76\/100\n|-damage|p1a: Fishing around|64\/100|[from] Stealth Rock\n|turn|46\n|choice||\n|\n|move|p2a: Raikou|Thunderbolt|p1a: Fishing around\n|-supereffective|p1a: Fishing around\n|-damage|p1a: Fishing around|0 fnt\n|faint|p1a: Fishing around\n|\n|-heal|p2a: Raikou|7\/100 tox|[from] item: Leftovers\n|-damage|p2a: Raikou|0 fnt|[from] psn\n|faint|p2a: Raikou\n|choice||\n|\n|switch|p1a: Triangle|Latios, M|19\/100\n|switch|p2a: Manaphy|Manaphy|100\/100\n|-damage|p1a: Triangle|7\/100|[from] Stealth Rock\n|-damage|p2a: Manaphy|88\/100|[from] Stealth Rock\n|turn|47\n|choice||\n|\n|move|p1a: Triangle|Draco Meteor|p2a: Manaphy\n|-damage|p2a: Manaphy|0 fnt\n|-unboost|p1a: Triangle|spa|2\n|-damage|p1a: Triangle|0 fnt|[from] item: Life Orb\n|faint|p2a: Manaphy\n|faint|p1a: Triangle\n|\n|win|Ktutverde\n|player|p1\n|player|p2\n|raw|Ktutverde's rating: 1730 &rarr; <strong>1746<\/strong><br \/>(+16 for winning)\n|raw|Candice's rating: 1661 &rarr; <strong>1645<\/strong><br \/>(-16 for losing)\n|c|\u2605Ktutverde|gg\n|c|\u2605Candice|wp\n|c|\u2605Ktutverde|^^\n|c|\u2605Candice|it was interesting\n|c|\u2605Candice|:p\n|c|\u2605Ktutverde|yes\n|c|\u2605Ktutverde|it was","inputlog":null,"uploadtime":1465650925,"views":1,"p1id":"ktutverde","p2id":"candice","formatid":"ou","rating":1645,"private":0,"password":null}