{"id":"ou-384990227","p1":"Candice","p2":"captaind95","format":"ou","log":"|j|Candice\n|j|captaind95\n|player|p1|Candice|2\n|player|p2|captaind95|89\n|gametype|singles\n|gen|6\n|tier|OU\n|rated\n|seed|\n|clearpoke\n|poke|p1|Manaphy|item\n|poke|p1|Latias, F|item\n|poke|p1|Raikou|item\n|poke|p1|Scizor, F|item\n|poke|p1|Talonflame, M|\n|poke|p1|Landorus-Therian, M|item\n|poke|p2|Clefable, F|item\n|poke|p2|Scizor, M|item\n|poke|p2|Starmie|item\n|poke|p2|Tyranitar, F|item\n|poke|p2|Dragonite, M|item\n|poke|p2|Breloom, M|item\n|rule|Swagger Clause: Swagger is banned\n|rule|Baton Pass Clause: Limit one Baton Passer, can't pass Spe and other stats simultaneously\n|rule|Sleep Clause Mod: Limit one foe put to sleep\n|rule|Species Clause: Limit one of each Pok\u00e9mon\n|rule|OHKO Clause: OHKO moves are banned\n|rule|Moody Clause: Moody is banned\n|rule|Evasion Moves Clause: Evasion moves are banned\n|rule|Endless Battle Clause: Forcing endless battles is banned\n|rule|HP Percentage Mod: HP is shown in percentages\n|teampreview\n|choice||\n|\n|start\n|switch|p1a: Raikou|Raikou|100\/100\n|switch|p2a: Clefable|Clefable, F|100\/100\n|-ability|p1a: Raikou|Pressure\n|turn|1\n|j|Arcanicion\n|choice||\n|\n|move|p1a: Raikou|Volt Switch|p2a: Clefable\n|-damage|p2a: Clefable|65\/100\n|choice||\n|\n|switch|p1a: Landorus|Landorus-Therian, M|100\/100\n|-ability|p1a: Landorus|Intimidate|boost\n|-unboost|p2a: Clefable|atk|1\n|move|p2a: Clefable|Fire Blast|p1a: Landorus\n|-damage|p1a: Landorus|64\/100\n|-status|p1a: Landorus|brn\n|\n|-heal|p1a: Landorus|70\/100 brn|[from] item: Leftovers\n|-damage|p1a: Landorus|58\/100 brn|[from] brn\n|turn|2\n|l|Arcanicion\n|choice||\n|\n|move|p2a: Clefable|Magic Coat|p2a: Clefable\n|-singleturn|p2a: Clefable|move: Magic Coat\n|move|p1a: Landorus|Stealth Rock|p2a: Clefable\n|move|p2a: Clefable|Stealth Rock|p1a: Landorus|[from]Magic Coat\n|-sidestart|p1: Candice|move: Stealth Rock\n|\n|-heal|p1a: Landorus|64\/100 brn|[from] item: Leftovers\n|-damage|p1a: Landorus|51\/100 brn|[from] brn\n|turn|3\n|choice||\n|\n|move|p2a: Clefable|Magic Coat|p2a: Clefable\n|-singleturn|p2a: Clefable|move: Magic Coat\n|move|p1a: Landorus|Stealth Rock|p2a: Clefable\n|move|p2a: Clefable|Stealth Rock|p1a: Landorus|[from]Magic Coat\n|-fail|p1a: Landorus\n|\n|-heal|p1a: Landorus|57\/100 brn|[from] item: Leftovers\n|-damage|p1a: Landorus|45\/100 brn|[from] brn\n|turn|4\n|choice||\n|\n|move|p1a: Landorus|Stealth Rock|p2a: Clefable\n|-sidestart|p2: captaind95|move: Stealth Rock\n|move|p2a: Clefable|Moonblast|p1a: Landorus\n|-damage|p1a: Landorus|0 fnt\n|faint|p1a: Landorus\n|\n|choice||\n|\n|switch|p1a: Scizor|Scizor, F|100\/100\n|-damage|p1a: Scizor|88\/100|[from] Stealth Rock\n|turn|5\n|choice||\n|\n|detailschange|p1a: Scizor|Scizor-Mega, F\n|-mega|p1a: Scizor|Scizor|Scizorite\n|move|p1a: Scizor|Bullet Punch|p2a: Clefable\n|-supereffective|p2a: Clefable\n|-damage|p2a: Clefable|0 fnt\n|faint|p2a: Clefable\n|\n|choice||\n|\n|switch|p2a: Starmie|Starmie|100\/100\n|-damage|p2a: Starmie|88\/100|[from] Stealth Rock\n|turn|6\n|choice||\n|\n|move|p2a: Starmie|Rapid Spin|p1a: Scizor\n|-resisted|p1a: Scizor\n|-damage|p1a: Scizor|87\/100\n|-sideend|p2: captaind95|Stealth Rock|[from] move: Rapid Spin|[of] p2a: Starmie\n|-damage|p2a: Starmie|78\/100|[from] item: Life Orb\n|move|p1a: Scizor|U-turn|p2a: Starmie\n|-supereffective|p2a: Starmie\n|-damage|p2a: Starmie|0 fnt\n|faint|p2a: Starmie\n|choice||\n|\n|switch|p1a: Raikou|Raikou|100\/100\n|-damage|p1a: Raikou|88\/100|[from] Stealth Rock\n|-ability|p1a: Raikou|Pressure\n|\n|-heal|p1a: Raikou|94\/100|[from] item: Leftovers\n|choice||\n|\n|switch|p2a: Tyranitar|Tyranitar, F|100\/100\n|-weather|Sandstorm|[from] ability: Sand Stream|[of] p2a: Tyranitar\n|turn|7\n|choice||\n|\n|detailschange|p2a: Tyranitar|Tyranitar-Mega, F\n|-mega|p2a: Tyranitar|Tyranitar|Tyranitarite\n|move|p1a: Raikou|Volt Switch|p2a: Tyranitar\n|-damage|p2a: Tyranitar|80\/100\n|choice||\n|\n|switch|p1a: Scizor|Scizor-Mega, F|87\/100\n|-damage|p1a: Scizor|75\/100|[from] Stealth Rock\n|move|p2a: Tyranitar|Fire Punch|p1a: Scizor\n|-supereffective|p1a: Scizor\n|-crit|p1a: Scizor\n|-damage|p1a: Scizor|0 fnt\n|faint|p1a: Scizor\n|\n|-weather|Sandstorm|[upkeep]\n|choice||\n|\n|switch|p1a: Talonflame|Talonflame, M|100\/100\n|-damage|p1a: Talonflame|51\/100|[from] Stealth Rock\n|turn|8\n|choice||\n|\n|move|p1a: Talonflame|Will-O-Wisp|p2a: Tyranitar\n|-status|p2a: Tyranitar|brn\n|move|p2a: Tyranitar|Crunch|p1a: Talonflame\n|-damage|p1a: Talonflame|25\/100\n|\n|-weather|Sandstorm|[upkeep]\n|-damage|p1a: Talonflame|19\/100|[from] sandstorm\n|-damage|p2a: Tyranitar|68\/100 brn|[from] brn\n|turn|9\n|choice||\n|\n|move|p1a: Talonflame|Roost|p1a: Talonflame\n|-heal|p1a: Talonflame|69\/100\n|move|p2a: Tyranitar|Stone Edge|p1a: Talonflame\n|-supereffective|p1a: Talonflame\n|-damage|p1a: Talonflame|4\/100\n|\n|-weather|Sandstorm|[upkeep]\n|-damage|p1a: Talonflame|0 fnt|[from] sandstorm\n|-damage|p2a: Tyranitar|55\/100 brn|[from] brn\n|faint|p1a: Talonflame\n|j|Authentikk\n|choice||\n|\n|switch|p1a: Manaphy|Manaphy|100\/100\n|-damage|p1a: Manaphy|88\/100|[from] Stealth Rock\n|turn|10\n|choice||\n|\n|move|p1a: Manaphy|Tail Glow|p1a: Manaphy\n|-boost|p1a: Manaphy|spa|3\n|move|p2a: Tyranitar|Crunch|p1a: Manaphy\n|-damage|p1a: Manaphy|65\/100\n|\n|-weather|Sandstorm|[upkeep]\n|-damage|p1a: Manaphy|59\/100|[from] sandstorm\n|-heal|p1a: Manaphy|65\/100|[from] item: Leftovers\n|-damage|p2a: Tyranitar|43\/100 brn|[from] brn\n|turn|11\n|choice||\n|\n|move|p1a: Manaphy|Scald|p2a: Tyranitar\n|-supereffective|p2a: Tyranitar\n|-damage|p2a: Tyranitar|0 fnt\n|faint|p2a: Tyranitar\n|\n|-weather|none\n|-heal|p1a: Manaphy|72\/100|[from] item: Leftovers\n|choice||\n|\n|switch|p2a: Breloom|Breloom, M|100\/100\n|turn|12\n|choice||\n|\n|move|p2a: Breloom|Mach Punch|p1a: Manaphy\n|-damage|p1a: Manaphy|19\/100\n|move|p1a: Manaphy|Psychic|p2a: Breloom\n|-supereffective|p2a: Breloom\n|-damage|p2a: Breloom|0 fnt\n|faint|p2a: Breloom\n|\n|-heal|p1a: Manaphy|25\/100|[from] item: Leftovers\n|choice||\n|\n|switch|p2a: Dragonite|Dragonite, M|100\/100\n|turn|13\n|choice||\n|\n|switch|p1a: Latias|Latias, F|100\/100\n|-damage|p1a: Latias|88\/100|[from] Stealth Rock\n|move|p2a: Dragonite|Extreme Speed|p1a: Latias\n|-crit|p1a: Latias\n|-damage|p1a: Latias|32\/100\n|\n|turn|14\n|c|\u2605Candice|nooo\n|choice||\n|\n|move|p2a: Dragonite|Extreme Speed|p1a: Latias\n|-damage|p1a: Latias|0 fnt\n|faint|p1a: Latias\n|\n|choice||\n|\n|switch|p1a: Raikou|Raikou|94\/100\n|-damage|p1a: Raikou|82\/100|[from] Stealth Rock\n|-ability|p1a: Raikou|Pressure\n|turn|15\n|choice||\n|\n|move|p1a: Raikou|Hidden Power|p2a: Dragonite\n|-supereffective|p2a: Dragonite\n|-damage|p2a: Dragonite|58\/100\n|move|p2a: Dragonite|Earthquake|p1a: Raikou\n|-supereffective|p1a: Raikou\n|-damage|p1a: Raikou|0 fnt\n|faint|p1a: Raikou\n|\n|-message|Candice forfeited.\n|\n|win|captaind95\n|player|p1\n|player|p2\n|l|Candice\n|raw|Candice's rating: 1679 &rarr; <strong>1661<\/strong><br \/>(-18 for losing)\n|raw|captaind95's rating: 1711 &rarr; <strong>1729<\/strong><br \/>(+18 for winning)\n|j|Modest Iving","inputlog":null,"uploadtime":1465646194,"views":1,"p1id":"candice","p2id":"captaind95","formatid":"ou","rating":1661,"private":0,"password":null}