{"id":"ou-384983045","p1":"blooqkazoo182","p2":"Candice","format":"ou","log":"|j|blooqkazoo182\n|j|Candice\n|player|p1|blooqkazoo182|152\n|player|p2|Candice|2\n|gametype|singles\n|gen|6\n|tier|OU\n|rated\n|seed|\n|clearpoke\n|poke|p1|Sableye, M|item\n|poke|p1|Weavile, M|item\n|poke|p1|Skarmory, M|item\n|poke|p1|Chansey, F|item\n|poke|p1|Amoonguss, M|item\n|poke|p1|Quagsire, M|item\n|poke|p2|Manaphy|item\n|poke|p2|Latias, F|item\n|poke|p2|Raikou|item\n|poke|p2|Scizor, M|item\n|poke|p2|Talonflame, M|\n|poke|p2|Landorus-Therian, M|item\n|rule|Swagger Clause: Swagger is banned\n|rule|Baton Pass Clause: Limit one Baton Passer, can't pass Spe and other stats simultaneously\n|rule|Sleep Clause Mod: Limit one foe put to sleep\n|rule|Species Clause: Limit one of each Pok\u00e9mon\n|rule|OHKO Clause: OHKO moves are banned\n|rule|Moody Clause: Moody is banned\n|rule|Evasion Moves Clause: Evasion moves are banned\n|rule|Endless Battle Clause: Forcing endless battles is banned\n|rule|HP Percentage Mod: HP is shown in percentages\n|teampreview\n|choice||\n|\n|start\n|switch|p1a: Sableye|Sableye, M|100\/100\n|switch|p2a: Manaphy|Manaphy|100\/100\n|turn|1\n|choice||\n|\n|detailschange|p1a: Sableye|Sableye-Mega, M\n|-mega|p1a: Sableye|Sableye|Sablenite\n|move|p1a: Sableye|Fake Out|p2a: Manaphy\n|-damage|p2a: Manaphy|92\/100\n|cant|p2a: Manaphy|flinch\n|\n|-heal|p2a: Manaphy|98\/100|[from] item: Leftovers\n|turn|2\n|choice||\n|\n|move|p2a: Manaphy|Tail Glow|p2a: Manaphy\n|-boost|p2a: Manaphy|spa|3\n|move|p1a: Sableye|Knock Off|p2a: Manaphy\n|-damage|p2a: Manaphy|66\/100\n|-enditem|p2a: Manaphy|Leftovers|[from] move: Knock Off|[of] p1a: Sableye\n|\n|turn|3\n|choice||\n|\n|switch|p1a: Chansey|Chansey, F|100\/100\n|move|p2a: Manaphy|Tail Glow|p2a: Manaphy\n|-boost|p2a: Manaphy|spa|3\n|\n|turn|4\n|choice||\n|\n|move|p2a: Manaphy|Rain Dance|p2a: Manaphy\n|-weather|RainDance\n|move|p1a: Chansey|Seismic Toss|p2a: Manaphy\n|-damage|p2a: Manaphy|37\/100\n|\n|-weather|RainDance|[upkeep]\n|turn|5\n|choice||\n|\n|switch|p1a: Amoonguss|Amoonguss, M|100\/100\n|move|p2a: Manaphy|Scald|p1a: Amoonguss\n|-resisted|p1a: Amoonguss\n|-crit|p1a: Amoonguss\n|-damage|p1a: Amoonguss|0 fnt\n|faint|p1a: Amoonguss\n|\n|-weather|RainDance|[upkeep]\n|choice||\n|\n|switch|p1a: Weavile|Weavile, M|100\/100\n|-ability|p1a: Weavile|Pressure\n|turn|6\n|choice||\n|\n|switch|p2a: Scizor|Scizor, M|100\/100\n|move|p1a: Weavile|Knock Off|p2a: Scizor\n|-damage|p2a: Scizor|59\/100\n|\n|-weather|RainDance|[upkeep]\n|turn|7\n|choice||\n|\n|switch|p1a: Skarmory|Skarmory, M|100\/100\n|detailschange|p2a: Scizor|Scizor-Mega, M\n|-mega|p2a: Scizor|Scizor|Scizorite\n|move|p2a: Scizor|Roost|p2a: Scizor\n|-heal|p2a: Scizor|100\/100\n|\n|-weather|RainDance|[upkeep]\n|turn|8\n|choice||\n|\n|switch|p2a: Talonflame|Talonflame, M|100\/100\n|move|p1a: Skarmory|Spikes|p2a: Talonflame\n|-sidestart|p2: Candice|Spikes\n|\n|-weather|none\n|turn|9\n|choice||\n|\n|switch|p1a: Quagsire|Quagsire, M|100\/100\n|move|p2a: Talonflame|Taunt|p1a: Quagsire\n|-start|p1a: Quagsire|move: Taunt\n|\n|turn|10\n|choice||\n|\n|switch|p1a: Sableye|Sableye-Mega, M|100\/100\n|move|p2a: Talonflame|Will-O-Wisp|p1a: Sableye\n|move|p1a: Sableye|Will-O-Wisp|p2a: Talonflame|[from]Magic Bounce\n|-immune|p2a: Talonflame|[msg]\n|\n|turn|11\n|choice||\n|\n|move|p2a: Talonflame|Acrobatics|p1a: Sableye\n|-damage|p1a: Sableye|76\/100\n|move|p1a: Sableye|Knock Off|p2a: Talonflame\n|-damage|p2a: Talonflame|82\/100\n|\n|turn|12\n|choice||\n|\n|move|p2a: Talonflame|Acrobatics|p1a: Sableye\n|-damage|p1a: Sableye|50\/100\n|move|p1a: Sableye|Recover|p1a: Sableye\n|-heal|p1a: Sableye|99\/100\n|\n|turn|13\n|choice||\n|\n|move|p2a: Talonflame|Acrobatics|p1a: Sableye\n|-damage|p1a: Sableye|74\/100\n|move|p1a: Sableye|Knock Off|p2a: Talonflame\n|-damage|p2a: Talonflame|64\/100\n|\n|turn|14\n|choice||\n|\n|move|p2a: Talonflame|Acrobatics|p1a: Sableye\n|-damage|p1a: Sableye|49\/100\n|move|p1a: Sableye|Recover|p1a: Sableye\n|-heal|p1a: Sableye|99\/100\n|\n|turn|15\n|choice||\n|\n|switch|p1a: Chansey|Chansey, F|100\/100\n|move|p2a: Talonflame|Acrobatics|p1a: Chansey\n|-damage|p1a: Chansey|79\/100\n|\n|turn|16\n|choice||\n|\n|move|p2a: Talonflame|Taunt|p1a: Chansey\n|-start|p1a: Chansey|move: Taunt\n|move|p1a: Chansey|Seismic Toss|p2a: Talonflame\n|-damage|p2a: Talonflame|36\/100\n|\n|turn|17\n|choice||\n|\n|switch|p1a: Weavile|Weavile, M|100\/100\n|-ability|p1a: Weavile|Pressure\n|move|p2a: Talonflame|Roost|p2a: Talonflame\n|-heal|p2a: Talonflame|86\/100\n|\n|turn|18\n|choice||\n|\n|move|p1a: Weavile|Icicle Crash|p2a: Talonflame\n|-crit|p2a: Talonflame\n|-damage|p2a: Talonflame|0 fnt\n|faint|p2a: Talonflame\n|\n|choice||\n|\n|switch|p2a: Scizor|Scizor-Mega, M|100\/100\n|-damage|p2a: Scizor|88\/100|[from] Spikes\n|turn|19\n|choice||\n|\n|switch|p1a: Skarmory|Skarmory, M|100\/100\n|move|p2a: Scizor|U-turn|p1a: Skarmory\n|-resisted|p1a: Skarmory\n|-damage|p1a: Skarmory|96\/100\n|choice||\n|\n|switch|p2a: Latias|Latias, F|100\/100\n|\n|turn|20\n|choice||\n|\n|switch|p1a: Chansey|Chansey, F|79\/100\n|move|p2a: Latias|Healing Wish|p2a: Latias\n|faint|p2a: Latias\n|\n|choice||\n|\n|switch|p2a: Manaphy|Manaphy|37\/100\n|-heal|p2a: Manaphy|100\/100|[from] move: Healing Wish\n|-damage|p2a: Manaphy|88\/100|[from] Spikes\n|turn|21\n|choice||\n|\n|move|p2a: Manaphy|Tail Glow|p2a: Manaphy\n|-boost|p2a: Manaphy|spa|3\n|move|p1a: Chansey|Seismic Toss|p2a: Manaphy\n|-damage|p2a: Manaphy|59\/100\n|\n|turn|22\n|choice||\n|\n|move|p2a: Manaphy|Scald|p1a: Chansey\n|-damage|p1a: Chansey|53\/100\n|move|p1a: Chansey|Seismic Toss|p2a: Manaphy\n|-damage|p2a: Manaphy|30\/100\n|\n|turn|23\n|choice||\n|\n|move|p2a: Manaphy|Tail Glow|p2a: Manaphy\n|-boost|p2a: Manaphy|spa|3\n|move|p1a: Chansey|Soft-Boiled|p1a: Chansey\n|-heal|p1a: Chansey|100\/100\n|\n|turn|24\n|choice||\n|\n|move|p2a: Manaphy|Scald|p1a: Chansey\n|-damage|p1a: Chansey|56\/100\n|move|p1a: Chansey|Stealth Rock|p2a: Manaphy\n|-sidestart|p2: Candice|move: Stealth Rock\n|\n|turn|25\n|choice||\n|\n|move|p2a: Manaphy|Rain Dance|p2a: Manaphy\n|-weather|RainDance\n|move|p1a: Chansey|Seismic Toss|p2a: Manaphy\n|-damage|p2a: Manaphy|0 fnt\n|faint|p2a: Manaphy\n|\n|-weather|RainDance|[upkeep]\n|choice||\n|\n|switch|p2a: Landorus|Landorus-Therian, M|100\/100\n|-damage|p2a: Landorus|88\/100|[from] Stealth Rock\n|-ability|p2a: Landorus|Intimidate|boost\n|-unboost|p1a: Chansey|atk|1\n|turn|26\n|-message|Candice forfeited.\n|\n|win|blooqkazoo182\n|player|p1\n|player|p2\n|l|Candice\n|raw|blooqkazoo182's rating: 1635 &rarr; <strong>1658<\/strong><br \/>(+23 for winning)\n|raw|Candice's rating: 1680 &rarr; <strong>1658<\/strong><br \/>(-22 for losing)\n|c|\u2605blooqkazoo182|gomen ne","inputlog":null,"uploadtime":1465644217,"views":0,"p1id":"blooqkazoo182","p2id":"candice","formatid":"ou","rating":1658,"private":0,"password":null}