{"id":"ou-377792535","p1":"Amaterus","p2":"freezeflare","format":"ou","log":"|j|Amaterus\n|j|freezeflare\n|player|p1|Amaterus|151\n|player|p2|freezeflare|190\n|gametype|singles\n|gen|6\n|tier|OU\n|rated\n|seed|\n|clearpoke\n|poke|p1|Seismitoad, M|item\n|poke|p1|Charizard, M|item\n|poke|p1|Gliscor, M|item\n|poke|p1|Mew, shiny|item\n|poke|p1|Clefable, M|item\n|poke|p1|Raikou, shiny|item\n|poke|p2|Metagross|item\n|poke|p2|Thundurus, M|item\n|poke|p2|Clefable, F|item\n|poke|p2|Breloom, M|item\n|poke|p2|Garchomp, M|item\n|poke|p2|Starmie|item\n|rule|Swagger Clause: Swagger is banned\n|rule|Baton Pass Clause: Limit one Baton Passer, can't pass Spe and other stats simultaneously\n|rule|Sleep Clause Mod: Limit one foe put to sleep\n|rule|Species Clause: Limit one of each Pok\u00e9mon\n|rule|OHKO Clause: OHKO moves are banned\n|rule|Moody Clause: Moody is banned\n|rule|Evasion Moves Clause: Evasion moves are banned\n|rule|Endless Battle Clause: Forcing endless battles is banned\n|rule|HP Percentage Mod: HP is shown in percentages\n|teampreview\n|j|The Hottest Pocket\n|l|Amaterus\n|player|p1\n|j|Amaterus\n|player|p1|Amaterus|151\n|teampreview\n|choice||\n|\n|start\n|switch|p1a: Sage|Charizard, M|100\/100\n|switch|p2a: Breloom|Breloom, M|100\/100\n|turn|1\n|choice||\n|\n|detailschange|p1a: Sage|Charizard-Mega-Y, M\n|-mega|p1a: Sage|Charizard|Charizardite Y\n|-weather|SunnyDay|[from] ability: Drought|[of] p1a: Sage\n|move|p1a: Sage|Fire Blast|p2a: Breloom\n|-supereffective|p2a: Breloom\n|-enditem|p2a: Breloom|Focus Sash\n|-damage|p2a: Breloom|1\/100\n|move|p2a: Breloom|Spore|p1a: Sage\n|-status|p1a: Sage|slp\n|\n|-weather|SunnyDay|[upkeep]\n|turn|2\n|choice||\n|\n|switch|p1a: Crescent|Clefable, M|100\/100\n|switch|p2a: Thundurus|Thundurus, M|100\/100\n|\n|-weather|SunnyDay|[upkeep]\n|turn|3\n|choice||\n|\n|move|p2a: Thundurus|Thunder Wave|p1a: Crescent\n|-status|p1a: Crescent|par\n|move|p1a: Crescent|Calm Mind|p1a: Crescent\n|-boost|p1a: Crescent|spa|1\n|-boost|p1a: Crescent|spd|1\n|\n|-weather|SunnyDay|[upkeep]\n|turn|4\n|choice||\n|\n|switch|p2a: Metagross|Metagross|100\/100\n|move|p1a: Crescent|Flamethrower|p2a: Metagross\n|-supereffective|p2a: Metagross\n|-damage|p2a: Metagross|0 fnt\n|faint|p2a: Metagross\n|\n|-weather|SunnyDay|[upkeep]\n|choice||\n|\n|switch|p2a: Thundurus|Thundurus, M|100\/100\n|turn|5\n|choice||\n|\n|move|p2a: Thundurus|Thunderbolt|p1a: Crescent\n|-damage|p1a: Crescent|64\/100 par\n|-damage|p2a: Thundurus|91\/100|[from] item: Life Orb\n|move|p1a: Crescent|Moonblast|p2a: Thundurus\n|-damage|p2a: Thundurus|24\/100\n|\n|-weather|none\n|-heal|p1a: Crescent|70\/100 par|[from] item: Leftovers\n|turn|6\n|choice||\n|\n|switch|p2a: Clefable|Clefable, F|100\/100\n|move|p1a: Crescent|Moonlight|p1a: Crescent\n|-heal|p1a: Crescent|100\/100 par\n|\n|turn|7\n|choice||\n|\n|move|p2a: Clefable|Calm Mind|p2a: Clefable\n|-boost|p2a: Clefable|spa|1\n|-boost|p2a: Clefable|spd|1\n|move|p1a: Crescent|Calm Mind|p1a: Crescent\n|-boost|p1a: Crescent|spa|1\n|-boost|p1a: Crescent|spd|1\n|\n|turn|8\n|choice||\n|\n|move|p2a: Clefable|Moonblast|p1a: Crescent\n|-damage|p1a: Crescent|86\/100 par\n|cant|p1a: Crescent|par\n|\n|-heal|p1a: Crescent|92\/100 par|[from] item: Leftovers\n|turn|9\n|choice||\n|\n|switch|p2a: Breloom|Breloom, M|1\/100\n|cant|p1a: Crescent|par\n|\n|-heal|p1a: Crescent|98\/100 par|[from] item: Leftovers\n|turn|10\n|choice||\n|\n|move|p2a: Breloom|Bullet Seed|p1a: Crescent\n|-damage|p1a: Crescent|84\/100 par\n|-damage|p1a: Crescent|69\/100 par\n|-damage|p1a: Crescent|54\/100 par\n|-hitcount|p1a: Crescent|3\n|move|p1a: Crescent|Flamethrower|p2a: Breloom\n|-supereffective|p2a: Breloom\n|-damage|p2a: Breloom|0 fnt\n|faint|p2a: Breloom\n|\n|-heal|p1a: Crescent|60\/100 par|[from] item: Leftovers\n|c|\u2605freezeflare|i like your fble i might take it for myself\n|c|\u2605freezeflare|fable\n|choice||\n|\n|switch|p2a: Starmie|Starmie|100\/100\n|turn|11\n|choice||\n|\n|move|p2a: Starmie|Hydro Pump|p1a: Crescent|[miss]\n|-miss|p2a: Starmie|p1a: Crescent\n|cant|p1a: Crescent|par\n|\n|-heal|p1a: Crescent|66\/100 par|[from] item: Leftovers\n|turn|12\n|choice||\n|\n|move|p2a: Starmie|Ice Beam|p1a: Crescent\n|-damage|p1a: Crescent|50\/100 par\n|-damage|p2a: Starmie|91\/100|[from] item: Life Orb\n|move|p1a: Crescent|Moonlight|p1a: Crescent\n|-heal|p1a: Crescent|99\/100 par\n|\n|-heal|p1a: Crescent|100\/100 par|[from] item: Leftovers\n|turn|13\n|c|\u2605Amaterus|thanks\n|choice||\n|\n|move|p2a: Starmie|Hydro Pump|p1a: Crescent\n|-damage|p1a: Crescent|73\/100 par\n|-damage|p2a: Starmie|81\/100|[from] item: Life Orb\n|move|p1a: Crescent|Moonblast|p2a: Starmie\n|-damage|p2a: Starmie|0 fnt\n|faint|p2a: Starmie\n|\n|-heal|p1a: Crescent|79\/100 par|[from] item: Leftovers\n|choice||\n|\n|switch|p2a: Thundurus|Thundurus, M|24\/100\n|turn|14\n|choice||\n|\n|move|p2a: Thundurus|Thunderbolt|p1a: Crescent\n|-damage|p1a: Crescent|53\/100 par\n|-damage|p2a: Thundurus|15\/100|[from] item: Life Orb\n|move|p1a: Crescent|Moonlight|p1a: Crescent\n|-heal|p1a: Crescent|100\/100 par\n|\n|turn|15\n|l|The Hottest Pocket\n|choice||\n|\n|move|p2a: Thundurus|Thunderbolt|p1a: Crescent\n|-damage|p1a: Crescent|72\/100 par\n|-damage|p2a: Thundurus|5\/100|[from] item: Life Orb\n|move|p1a: Crescent|Calm Mind|p1a: Crescent\n|-boost|p1a: Crescent|spa|1\n|-boost|p1a: Crescent|spd|1\n|\n|-heal|p1a: Crescent|78\/100 par|[from] item: Leftovers\n|turn|16\n|choice||\n|\n|move|p2a: Thundurus|Thunderbolt|p1a: Crescent\n|-damage|p1a: Crescent|54\/100 par\n|-damage|p2a: Thundurus|0 fnt|[from] item: Life Orb\n|faint|p2a: Thundurus\n|move|p1a: Crescent|Moonlight|p1a: Crescent\n|-heal|p1a: Crescent|100\/100 par\n|\n|choice||\n|\n|switch|p2a: Garchomp|Garchomp, M|100\/100\n|turn|17\n|choice||\n|\n|move|p2a: Garchomp|Earthquake|p1a: Crescent\n|-damage|p1a: Crescent|66\/100 par\n|move|p1a: Crescent|Moonblast|p2a: Garchomp\n|-supereffective|p2a: Garchomp\n|-damage|p2a: Garchomp|0 fnt\n|faint|p2a: Garchomp\n|\n|-heal|p1a: Crescent|72\/100 par|[from] item: Leftovers\n|choice||\n|\n|switch|p2a: Clefable|Clefable, F|100\/100\n|turn|18\n|choice||\n|\n|move|p2a: Clefable|Moonblast|p1a: Crescent\n|-damage|p1a: Crescent|60\/100 par\n|move|p1a: Crescent|Moonblast|p2a: Clefable\n|-damage|p2a: Clefable|33\/100\n|\n|-heal|p2a: Clefable|39\/100|[from] item: Leftovers\n|-heal|p1a: Crescent|66\/100 par|[from] item: Leftovers\n|turn|19\n|choice||\n|\n|move|p2a: Clefable|Soft-Boiled|p2a: Clefable\n|-heal|p2a: Clefable|89\/100\n|cant|p1a: Crescent|par\n|\n|-heal|p2a: Clefable|95\/100|[from] item: Leftovers\n|-heal|p1a: Crescent|73\/100 par|[from] item: Leftovers\n|turn|20\n|c|\u2605Amaterus|gg\n|c|\u2605freezeflare|gg\n|choice||\n|\n|move|p2a: Clefable|Moonblast|p1a: Crescent\n|-damage|p1a: Crescent|60\/100 par\n|-unboost|p1a: Crescent|spa|1\n|cant|p1a: Crescent|par\n|\n|-heal|p2a: Clefable|100\/100|[from] item: Leftovers\n|-heal|p1a: Crescent|66\/100 par|[from] item: Leftovers\n|turn|21\n|choice||\n|\n|move|p2a: Clefable|Moonblast|p1a: Crescent\n|-damage|p1a: Crescent|54\/100 par\n|-unboost|p1a: Crescent|spa|1\n|move|p1a: Crescent|Calm Mind|p1a: Crescent\n|-boost|p1a: Crescent|spa|1\n|-boost|p1a: Crescent|spd|1\n|\n|-heal|p1a: Crescent|60\/100 par|[from] item: Leftovers\n|turn|22\n|j|Manyiot34\n|choice||\n|\n|move|p2a: Clefable|Moonblast|p1a: Crescent\n|-damage|p1a: Crescent|50\/100 par\n|-unboost|p1a: Crescent|spa|1\n|move|p1a: Crescent|Calm Mind|p1a: Crescent\n|-boost|p1a: Crescent|spa|1\n|-boost|p1a: Crescent|spd|1\n|\n|-heal|p1a: Crescent|56\/100 par|[from] item: Leftovers\n|turn|23\n|c|\u2605freezeflare|vsed this monster\n|j|halaman95\n|choice||\n|\n|move|p2a: Clefable|Moonblast|p1a: Crescent\n|-damage|p1a: Crescent|47\/100 par\n|-unboost|p1a: Crescent|spa|1\n|cant|p1a: Crescent|par\n|\n|-heal|p1a: Crescent|53\/100 par|[from] item: Leftovers\n|turn|24\n|choice||\n|\n|move|p2a: Clefable|Moonblast|p1a: Crescent\n|-damage|p1a: Crescent|44\/100 par\n|move|p1a: Crescent|Moonlight|p1a: Crescent\n|-heal|p1a: Crescent|94\/100 par\n|\n|-heal|p1a: Crescent|99\/100 par|[from] item: Leftovers\n|turn|25\n|c| halaman95|cmon kiza\n|c| Manyiot34|...\n|c|\u2605freezeflare|its unaware and has flmaethrower\n|c| halaman95|haha\n|c|\u2605freezeflare|threw me off\n|c| halaman95|damn\n|choice||\n|\n|move|p2a: Clefable|Moonblast|p1a: Crescent\n|-damage|p1a: Crescent|91\/100 par\n|-unboost|p1a: Crescent|spa|1\n|move|p1a: Crescent|Calm Mind|p1a: Crescent\n|-boost|p1a: Crescent|spa|1\n|-boost|p1a: Crescent|spd|1\n|\n|-heal|p1a: Crescent|97\/100 par|[from] item: Leftovers\n|turn|26\n|c|\u2605freezeflare|okod metagross on the switch\n|c| Manyiot34|slipping dooooooown the ladder...\n|choice||\n|\n|move|p2a: Clefable|Moonblast|p1a: Crescent\n|-damage|p1a: Crescent|89\/100 par\n|cant|p1a: Crescent|par\n|\n|-heal|p1a: Crescent|95\/100 par|[from] item: Leftovers\n|turn|27\n|c|\u2605freezeflare|havent seen a fable like this in ages\n|c| Manyiot34|doooooooooooown\n|c|\u2605freezeflare|nah hes high rated\n|choice||\n|\n|move|p2a: Clefable|Moonblast|p1a: Crescent\n|-damage|p1a: Crescent|88\/100 par\n|-unboost|p1a: Crescent|spa|1\n|move|p1a: Crescent|Calm Mind|p1a: Crescent\n|-boost|p1a: Crescent|spa|1\n|\n|-heal|p1a: Crescent|94\/100 par|[from] item: Leftovers\n|turn|28\n|c| halaman95|2 pokemon that our team dosen't like kiza\n|c| halaman95|on his team\n|c|\u2605freezeflare|fable and raikou\n|c| halaman95|yep\n|choice||\n|\n|move|p2a: Clefable|Moonblast|p1a: Crescent\n|-damage|p1a: Crescent|87\/100 par\n|-unboost|p1a: Crescent|spa|1\n|move|p1a: Crescent|Calm Mind|p1a: Crescent\n|-boost|p1a: Crescent|spa|1\n|\n|-heal|p1a: Crescent|93\/100 par|[from] item: Leftovers\n|turn|29\n|c| halaman95|unaware clef\n|choice||\n|\n|move|p2a: Clefable|Moonblast|p1a: Crescent\n|-damage|p1a: Crescent|85\/100 par\n|-unboost|p1a: Crescent|spa|1\n|move|p1a: Crescent|Calm Mind|p1a: Crescent\n|-boost|p1a: Crescent|spa|1\n|\n|-heal|p1a: Crescent|91\/100 par|[from] item: Leftovers\n|turn|30\n|choice||\n|\n|move|p2a: Clefable|Moonblast|p1a: Crescent\n|-damage|p1a: Crescent|83\/100 par\n|move|p1a: Crescent|Calm Mind|p1a: Crescent\n|-boost|p1a: Crescent|spa|1\n|\n|-heal|p1a: Crescent|90\/100 par|[from] item: Leftovers\n|turn|31\n|choice||\n|\n|move|p2a: Clefable|Moonblast|p1a: Crescent\n|-damage|p1a: Crescent|83\/100 par\n|cant|p1a: Crescent|par\n|\n|-heal|p1a: Crescent|89\/100 par|[from] item: Leftovers\n|turn|32\n|choice||\n|\n|move|p2a: Clefable|Moonblast|p1a: Crescent\n|-damage|p1a: Crescent|81\/100 par\n|move|p1a: Crescent|Calm Mind|p1a: Crescent\n|-boost|p1a: Crescent|spa|1\n|\n|-heal|p1a: Crescent|87\/100 par|[from] item: Leftovers\n|turn|33\n|choice||\n|\n|move|p2a: Clefable|Moonblast|p1a: Crescent\n|-damage|p1a: Crescent|79\/100 par\n|move|p1a: Crescent|Calm Mind|p1a: Crescent\n|-boost|p1a: Crescent|spa|1\n|\n|-heal|p1a: Crescent|85\/100 par|[from] item: Leftovers\n|turn|34\n|choice||\n|\n|move|p2a: Clefable|Moonblast|p1a: Crescent\n|-damage|p1a: Crescent|77\/100 par\n|cant|p1a: Crescent|par\n|\n|-heal|p1a: Crescent|83\/100 par|[from] item: Leftovers\n|turn|35\n|choice||\n|\n|move|p2a: Clefable|Moonblast|p1a: Crescent\n|-damage|p1a: Crescent|76\/100 par\n|move|p1a: Crescent|Moonblast|p2a: Clefable\n|-damage|p2a: Clefable|17\/100\n|\n|-heal|p2a: Clefable|23\/100|[from] item: Leftovers\n|-heal|p1a: Crescent|82\/100 par|[from] item: Leftovers\n|turn|36\n|choice||\n|\n|move|p2a: Clefable|Soft-Boiled|p2a: Clefable\n|-heal|p2a: Clefable|73\/100\n|move|p1a: Crescent|Moonblast|p2a: Clefable\n|-damage|p2a: Clefable|0 fnt\n|faint|p2a: Clefable\n|\n|win|Amaterus\n|player|p1\n|player|p2\n|raw|Amaterus's rating: 1793 &rarr; <strong>1811<\/strong><br \/>(+18 for winning)\n|raw|freezeflare's rating: 1743 &rarr; <strong>1726<\/strong><br \/>(-17 for losing)\n|c|\u2605Amaterus|gg.\n|c|\u2605freezeflare|gg","inputlog":null,"uploadtime":1464236170,"views":52,"p1id":"amaterus","p2id":"freezeflare","formatid":"ou","rating":1726,"private":0,"password":null}