{"id":"ou-376259358","p1":"Amaterus","p2":"Lt Dan's Ice Cream","format":"ou","log":"|j|Amaterus\n|j|Lt Dan's Ice Cream\n|player|p1|Amaterus|#zinnia\n|player|p2|Lt Dan's Ice Cream|10\n|gametype|singles\n|gen|6\n|tier|OU\n|rated\n|seed|\n|clearpoke\n|poke|p1|Hippowdon, M|item\n|poke|p1|Diancie|item\n|poke|p1|Thundurus, M, shiny|item\n|poke|p1|Tentacruel, M, shiny|item\n|poke|p1|Celebi|item\n|poke|p1|Skarmory, M, shiny|item\n|poke|p2|Tyrantrum, M|item\n|poke|p2|Heracross, F|item\n|poke|p2|Scizor, M|item\n|poke|p2|Porygon2|item\n|poke|p2|Gastrodon, F|item\n|poke|p2|Gengar, F|item\n|rule|Swagger Clause: Swagger is banned\n|rule|Baton Pass Clause: Limit one Baton Passer, can't pass Spe and other stats simultaneously\n|rule|Sleep Clause Mod: Limit one foe put to sleep\n|rule|Species Clause: Limit one of each Pok\u00e9mon\n|rule|OHKO Clause: OHKO moves are banned\n|rule|Moody Clause: Moody is banned\n|rule|Evasion Moves Clause: Evasion moves are banned\n|rule|Endless Battle Clause: Forcing endless battles is banned\n|rule|HP Percentage Mod: HP is shown in percentages\n|teampreview\n|choice||\n|\n|start\n|switch|p1a: Navel Rock|Diancie|100\/100\n|switch|p2a: Gastrodon|Gastrodon, F|100\/100\n|turn|1\n|choice||\n|\n|detailschange|p1a: Navel Rock|Diancie-Mega\n|-mega|p1a: Navel Rock|Diancie|Diancite\n|move|p1a: Navel Rock|Protect|p1a: Navel Rock\n|-singleturn|p1a: Navel Rock|Protect\n|move|p2a: Gastrodon|Scald|p1a: Navel Rock\n|-activate|p1a: Navel Rock|Protect\n|\n|turn|2\n|choice||\n|\n|switch|p1a: Kraken|Tentacruel, M, shiny|100\/100\n|move|p2a: Gastrodon|Scald|p1a: Kraken\n|-resisted|p1a: Kraken\n|-damage|p1a: Kraken|91\/100\n|\n|-heal|p1a: Kraken|97\/100|[from] item: Black Sludge\n|turn|3\n|choice||\n|\n|move|p1a: Kraken|Toxic Spikes|p2a: Gastrodon\n|-sidestart|p2: Lt Dan's Ice Cream|move: Toxic Spikes\n|move|p2a: Gastrodon|Earth Power|p1a: Kraken\n|-supereffective|p1a: Kraken\n|-damage|p1a: Kraken|53\/100\n|-unboost|p1a: Kraken|spd|1\n|\n|-heal|p1a: Kraken|59\/100|[from] item: Black Sludge\n|turn|4\n|choice||\n|\n|move|p1a: Kraken|Toxic Spikes|p2a: Gastrodon\n|-sidestart|p2: Lt Dan's Ice Cream|move: Toxic Spikes\n|move|p2a: Gastrodon|Earth Power|p1a: Kraken\n|-supereffective|p1a: Kraken\n|-damage|p1a: Kraken|0 fnt\n|faint|p1a: Kraken\n|\n|choice||\n|\n|switch|p1a: Everette|Celebi|100\/100\n|turn|5\n|choice||\n|\n|switch|p1a: Raptor|Skarmory, M, shiny|100\/100\n|switch|p2a: Scizor|Scizor, M|100\/100\n|\n|turn|6\n|choice||\n|\n|move|p1a: Raptor|Spikes|p2a: Scizor\n|-sidestart|p2: Lt Dan's Ice Cream|Spikes\n|move|p2a: Scizor|Defog|p1a: Raptor\n|-unboost|p1a: Raptor|evasion|1\n|-sideend|p2: Lt Dan's Ice Cream|Spikes|[from] move: Defog|[of] p2a: Scizor\n|-sideend|p2: Lt Dan's Ice Cream|Toxic Spikes|[from] move: Defog|[of] p2a: Scizor\n|\n|turn|7\n|choice||\n|\n|switch|p2a: Gastrodon|Gastrodon, F|100\/100\n|move|p1a: Raptor|Spikes|p2a: Gastrodon\n|-sidestart|p2: Lt Dan's Ice Cream|Spikes\n|\n|turn|8\n|choice||\n|\n|switch|p1a: Everette|Celebi|100\/100\n|move|p2a: Gastrodon|Scald|p1a: Everette\n|-resisted|p1a: Everette\n|-damage|p1a: Everette|92\/100\n|-status|p1a: Everette|brn\n|\n|-heal|p1a: Everette|98\/100 brn|[from] item: Leftovers\n|-damage|p1a: Everette|86\/100 brn|[from] brn\n|turn|9\n|choice||\n|\n|-curestatus|p1a: Everette|brn|[from] ability: Natural Cure\n|switch|p1a: Thor|Thundurus, M, shiny|100\/100\n|switch|p2a: Scizor|Scizor, M|100\/100\n|-damage|p2a: Scizor|88\/100|[from] Spikes\n|\n|turn|10\n|choice||\n|\n|switch|p2a: Gastrodon|Gastrodon, F|100\/100\n|-damage|p2a: Gastrodon|88\/100|[from] Spikes\n|move|p1a: Thor|Nasty Plot|p1a: Thor\n|-boost|p1a: Thor|spa|2\n|\n|-heal|p2a: Gastrodon|94\/100|[from] item: Leftovers\n|turn|11\n|choice||\n|\n|move|p1a: Thor|Substitute|p1a: Thor\n|-start|p1a: Thor|Substitute\n|-damage|p1a: Thor|76\/100\n|move|p2a: Gastrodon|Toxic|p1a: Thor\n|-fail|p1a: Thor\n|\n|-heal|p1a: Thor|82\/100|[from] item: Leftovers\n|-heal|p2a: Gastrodon|99\/100|[from] item: Leftovers\n|turn|12\n|choice||\n|\n|move|p1a: Thor|Hidden Power|p2a: Gastrodon\n|-damage|p2a: Gastrodon|38\/100\n|move|p2a: Gastrodon|Scald|p1a: Thor\n|-end|p1a: Thor|Substitute\n|\n|-heal|p1a: Thor|88\/100|[from] item: Leftovers\n|-heal|p2a: Gastrodon|44\/100|[from] item: Leftovers\n|turn|13\n|choice||\n|\n|move|p1a: Thor|Hidden Power|p2a: Gastrodon\n|-damage|p2a: Gastrodon|0 fnt\n|faint|p2a: Gastrodon\n|\n|-heal|p1a: Thor|94\/100|[from] item: Leftovers\n|choice||\n|\n|switch|p2a: Porygon2|Porygon2|100\/100\n|-damage|p2a: Porygon2|88\/100|[from] Spikes\n|turn|14\n|choice||\n|\n|move|p1a: Thor|Thunderbolt|p2a: Porygon2\n|-damage|p2a: Porygon2|46\/100\n|move|p2a: Porygon2|Ice Beam|p1a: Thor\n|-supereffective|p1a: Thor\n|-crit|p1a: Thor\n|-damage|p1a: Thor|0 fnt\n|faint|p1a: Thor\n|\n|choice||\n|\n|switch|p1a: Hades|Hippowdon, M|100\/100\n|-weather|Sandstorm|[from] ability: Sand Stream|[of] p1a: Hades\n|turn|15\n|choice||\n|\n|move|p2a: Porygon2|Recover|p2a: Porygon2\n|-heal|p2a: Porygon2|96\/100\n|move|p1a: Hades|Toxic|p2a: Porygon2\n|-status|p2a: Porygon2|tox\n|\n|-weather|Sandstorm|[upkeep]\n|-damage|p2a: Porygon2|90\/100 tox|[from] sandstorm\n|-damage|p2a: Porygon2|84\/100 tox|[from] psn\n|turn|16\n|choice||\n|\n|move|p2a: Porygon2|Ice Beam|p1a: Hades\n|-supereffective|p1a: Hades\n|-crit|p1a: Hades\n|-damage|p1a: Hades|52\/100\n|move|p1a: Hades|Stealth Rock|p2a: Porygon2\n|-sidestart|p2: Lt Dan's Ice Cream|move: Stealth Rock\n|\n|-weather|Sandstorm|[upkeep]\n|-damage|p2a: Porygon2|78\/100 tox|[from] sandstorm\n|-heal|p1a: Hades|58\/100|[from] item: Leftovers\n|-damage|p2a: Porygon2|65\/100 tox|[from] psn\n|turn|17\n|choice||\n|\n|switch|p2a: Scizor|Scizor, M|88\/100\n|-damage|p2a: Scizor|76\/100|[from] Spikes\n|-damage|p2a: Scizor|64\/100|[from] Stealth Rock\n|move|p1a: Hades|Earthquake|p2a: Scizor\n|-damage|p2a: Scizor|24\/100\n|\n|-weather|Sandstorm|[upkeep]\n|-heal|p1a: Hades|64\/100|[from] item: Leftovers\n|turn|18\n|choice||\n|\n|move|p2a: Scizor|Defog|p1a: Hades\n|-unboost|p1a: Hades|evasion|1\n|-sideend|p2: Lt Dan's Ice Cream|Spikes|[from] move: Defog|[of] p2a: Scizor\n|-sideend|p2: Lt Dan's Ice Cream|Stealth Rock|[from] move: Defog|[of] p2a: Scizor\n|move|p1a: Hades|Earthquake|p2a: Scizor\n|-damage|p2a: Scizor|0 fnt\n|faint|p2a: Scizor\n|\n|-weather|Sandstorm|[upkeep]\n|-heal|p1a: Hades|70\/100|[from] item: Leftovers\n|choice||\n|\n|switch|p2a: Gengar|Gengar, F|100\/100\n|turn|19\n|choice||\n|\n|move|p2a: Gengar|Substitute|p2a: Gengar\n|-start|p2a: Gengar|Substitute\n|-damage|p2a: Gengar|76\/100\n|move|p1a: Hades|Stealth Rock|p2a: Gengar\n|-sidestart|p2: Lt Dan's Ice Cream|move: Stealth Rock\n|\n|-weather|none\n|-heal|p2a: Gengar|82\/100|[from] item: Black Sludge\n|-heal|p1a: Hades|77\/100|[from] item: Leftovers\n|turn|20\n|choice||\n|\n|switch|p1a: Everette|Celebi|86\/100\n|move|p2a: Gengar|Shadow Ball|p1a: Everette\n|-supereffective|p1a: Everette\n|-damage|p1a: Everette|36\/100\n|\n|-heal|p2a: Gengar|88\/100|[from] item: Black Sludge\n|-heal|p1a: Everette|43\/100|[from] item: Leftovers\n|turn|21\n|choice||\n|\n|move|p2a: Gengar|Shadow Ball|p1a: Everette\n|-supereffective|p1a: Everette\n|-damage|p1a: Everette|0 fnt\n|faint|p1a: Everette\n|\n|-heal|p2a: Gengar|94\/100|[from] item: Black Sludge\n|choice||\n|\n|switch|p1a: Raptor|Skarmory, M, shiny|100\/100\n|turn|22\n|choice||\n|\n|move|p2a: Gengar|Will-O-Wisp|p1a: Raptor\n|-status|p1a: Raptor|brn\n|move|p1a: Raptor|Iron Head|p2a: Gengar\n|-activate|p2a: Gengar|Substitute|[damage]\n|\n|-heal|p2a: Gengar|99\/100|[from] item: Black Sludge\n|-damage|p1a: Raptor|88\/100 brn|[from] brn\n|turn|23\n|choice||\n|\n|move|p2a: Gengar|Shadow Ball|p1a: Raptor\n|-damage|p1a: Raptor|29\/100 brn\n|move|p1a: Raptor|Iron Head|p2a: Gengar\n|-end|p2a: Gengar|Substitute\n|\n|-heal|p2a: Gengar|100\/100|[from] item: Black Sludge\n|-damage|p1a: Raptor|16\/100 brn|[from] brn\n|turn|24\n|choice||\n|\n|switch|p1a: Navel Rock|Diancie-Mega|100\/100\n|move|p2a: Gengar|Substitute|p2a: Gengar\n|-start|p2a: Gengar|Substitute\n|-damage|p2a: Gengar|76\/100\n|\n|-heal|p2a: Gengar|82\/100|[from] item: Black Sludge\n|turn|25\n|choice||\n|\n|move|p2a: Gengar|Sludge Wave|p1a: Navel Rock\n|-damage|p1a: Navel Rock|32\/100\n|-status|p1a: Navel Rock|psn\n|move|p1a: Navel Rock|Moonblast|p2a: Gengar\n|-resisted|p2a: Gengar\n|-end|p2a: Gengar|Substitute\n|\n|-heal|p2a: Gengar|88\/100|[from] item: Black Sludge\n|-damage|p1a: Navel Rock|20\/100 psn|[from] psn\n|turn|26\n|choice||\n|\n|switch|p2a: Porygon2|Porygon2|65\/100 tox\n|-damage|p2a: Porygon2|53\/100 tox|[from] Stealth Rock\n|move|p1a: Navel Rock|Diamond Storm|p2a: Porygon2\n|-damage|p2a: Porygon2|21\/100 tox\n|\n|-damage|p1a: Navel Rock|7\/100 psn|[from] psn\n|-damage|p2a: Porygon2|15\/100 tox|[from] psn\n|turn|27\n|-message|Amaterus forfeited.\n|\n|win|Lt Dan's Ice Cream\n|player|p1\n|player|p2\n|raw|Amaterus's rating: 1917 &rarr; <strong>1884<\/strong><br \/>(-33 for losing)\n|raw|Lt Dan&apos;s Ice Cream's rating: 1636 &rarr; <strong>1669<\/strong><br \/>(+33 for winning)\n|l|Amaterus","inputlog":null,"uploadtime":1463950312,"views":21,"p1id":"amaterus","p2id":"ltdansicecream","formatid":"ou","rating":1669,"private":0,"password":null}