{"id":"ou-375996263","p1":"Jack314","p2":"hauntersnightmare","format":"ou","log":"|j|Jack314\n|j|hauntersnightmare\n|player|p1|Jack314|169\n|player|p2|hauntersnightmare|153\n|gametype|singles\n|gen|6\n|tier|OU\n|rated\n|seed|\n|clearpoke\n|poke|p1|Lopunny, M|item\n|poke|p1|Tyranitar, M|item\n|poke|p1|Excadrill, F|item\n|poke|p1|Celebi|item\n|poke|p1|Talonflame, M|\n|poke|p1|Keldeo|item\n|poke|p2|Keldeo|item\n|poke|p2|Latios, M|item\n|poke|p2|Landorus-Therian, M|item\n|poke|p2|Bisharp, M, shiny|item\n|poke|p2|Pinsir, F|item\n|poke|p2|Thundurus, M|item\n|rule|Swagger Clause: Swagger is banned\n|rule|Baton Pass Clause: Limit one Baton Passer, can't pass Spe and other stats simultaneously\n|rule|Sleep Clause Mod: Limit one foe put to sleep\n|rule|Species Clause: Limit one of each Pok\u00e9mon\n|rule|OHKO Clause: OHKO moves are banned\n|rule|Moody Clause: Moody is banned\n|rule|Evasion Moves Clause: Evasion moves are banned\n|rule|Endless Battle Clause: Forcing endless battles is banned\n|rule|HP Percentage Mod: HP is shown in percentages\n|teampreview\n|choice||\n|\n|start\n|switch|p1a: Keldeo|Keldeo|100\/100\n|switch|p2a: Pony|Keldeo|100\/100\n|turn|1\n|choice||\n|\n|switch|p1a: in|Celebi|100\/100\n|switch|p2a: Doge|Landorus-Therian, M|100\/100\n|-ability|p2a: Doge|Intimidate|boost\n|-unboost|p1a: in|atk|1\n|\n|turn|2\n|choice||\n|\n|switch|p1a: Keldeo|Keldeo|100\/100\n|move|p2a: Doge|U-turn|p1a: Keldeo\n|-resisted|p1a: Keldeo\n|-damage|p1a: Keldeo|88\/100\n|choice||\n|\n|switch|p2a: Robin Williams|Thundurus, M|100\/100\n|\n|turn|3\n|choice||\n|\n|switch|p1a: in|Celebi|100\/100\n|move|p2a: Robin Williams|Superpower|p1a: in\n|-resisted|p1a: in\n|-crit|p1a: in\n|-damage|p1a: in|81\/100\n|-unboost|p2a: Robin Williams|atk|1\n|-unboost|p2a: Robin Williams|def|1\n|-damage|p2a: Robin Williams|91\/100|[from] item: Life Orb\n|\n|-heal|p1a: in|87\/100|[from] item: Leftovers\n|turn|4\n|choice||\n|\n|switch|p2a: Jon Nash|Bisharp, M, shiny|100\/100\n|move|p1a: in|Stealth Rock|p2a: Jon Nash\n|-sidestart|p2: hauntersnightmare|move: Stealth Rock\n|\n|-heal|p1a: in|94\/100|[from] item: Leftovers\n|turn|5\n|choice||\n|\n|-activate|p1a: in|move: Pursuit\n|move|p2a: Jon Nash|Pursuit|p1a: in|[from]Pursuit\n|-supereffective|p1a: in\n|-damage|p1a: in|20\/100\n|-damage|p2a: Jon Nash|91\/100|[from] item: Life Orb\n|switch|p1a: Talonflame|Talonflame, M|100\/100\n|\n|turn|6\n|choice||\n|\n|move|p2a: Jon Nash|Sucker Punch|p1a: Talonflame|[still]\n|-fail|p2a: Jon Nash\n|move|p1a: Talonflame|Will-O-Wisp|p2a: Jon Nash|[miss]\n|-miss|p1a: Talonflame|p2a: Jon Nash\n|\n|turn|7\n|choice||\n|\n|switch|p2a: Ducky|Latios, M|100\/100\n|-damage|p2a: Ducky|88\/100|[from] Stealth Rock\n|move|p1a: Talonflame|Will-O-Wisp|p2a: Ducky\n|-status|p2a: Ducky|brn\n|\n|-damage|p2a: Ducky|76\/100 brn|[from] brn\n|turn|8\n|choice||\n|\n|switch|p1a: Tyranitar|Tyranitar, M|100\/100\n|-weather|Sandstorm|[from] ability: Sand Stream|[of] p1a: Tyranitar\n|move|p2a: Ducky|Defog|p1a: Tyranitar\n|-unboost|p1a: Tyranitar|evasion|1\n|-sideend|p2: hauntersnightmare|Stealth Rock|[from] move: Defog|[of] p2a: Ducky\n|\n|-weather|Sandstorm|[upkeep]\n|-damage|p2a: Ducky|70\/100 brn|[from] sandstorm\n|-damage|p2a: Ducky|57\/100 brn|[from] brn\n|turn|9\n|choice||\n|\n|move|p1a: Tyranitar|Crunch|p2a: Ducky\n|-supereffective|p2a: Ducky\n|-damage|p2a: Ducky|0 fnt\n|faint|p2a: Ducky\n|\n|-weather|Sandstorm|[upkeep]\n|choice||\n|\n|switch|p2a: Doge|Landorus-Therian, M|100\/100\n|-ability|p2a: Doge|Intimidate|boost\n|-unboost|p1a: Tyranitar|atk|1\n|turn|10\n|choice||\n|\n|switch|p1a: Keldeo|Keldeo|88\/100\n|move|p2a: Doge|Stealth Rock|p1a: Keldeo\n|-sidestart|p1: Jack314|move: Stealth Rock\n|\n|-weather|Sandstorm|[upkeep]\n|-damage|p1a: Keldeo|82\/100|[from] sandstorm\n|turn|11\n|choice||\n|\n|switch|p2a: Pony|Keldeo|100\/100\n|move|p1a: Keldeo|Scald|p2a: Pony\n|-resisted|p2a: Pony\n|-damage|p2a: Pony|79\/100\n|\n|-weather|Sandstorm|[upkeep]\n|-damage|p1a: Keldeo|76\/100|[from] sandstorm\n|-damage|p2a: Pony|72\/100|[from] sandstorm\n|turn|12\n|choice||\n|\n|switch|p1a: in|Celebi|20\/100\n|-damage|p1a: in|7\/100|[from] Stealth Rock\n|move|p2a: Pony|Secret Sword|p1a: in\n|-resisted|p1a: in\n|-damage|p1a: in|0 fnt\n|faint|p1a: in\n|\n|-weather|none\n|choice||\n|\n|switch|p1a: Talonflame|Talonflame, M|100\/100\n|-damage|p1a: Talonflame|51\/100|[from] Stealth Rock\n|turn|13\n|choice||\n|\n|move|p1a: Talonflame|Acrobatics|p2a: Pony\n|-supereffective|p2a: Pony\n|-damage|p2a: Pony|0 fnt\n|faint|p2a: Pony\n|\n|choice||\n|\n|switch|p2a: Robin Williams|Thundurus, M|91\/100\n|turn|14\n|choice||\n|\n|move|p1a: Talonflame|Roost|p1a: Talonflame\n|-heal|p1a: Talonflame|100\/100\n|move|p2a: Robin Williams|Superpower|p1a: Talonflame\n|-damage|p1a: Talonflame|51\/100\n|-unboost|p2a: Robin Williams|atk|1\n|-unboost|p2a: Robin Williams|def|1\n|-damage|p2a: Robin Williams|81\/100|[from] item: Life Orb\n|\n|turn|15\n|choice||\n|\n|switch|p2a: Doge|Landorus-Therian, M|100\/100\n|-ability|p2a: Doge|Intimidate|boost\n|-unboost|p1a: Talonflame|atk|1\n|switch|p1a: Tyranitar|Tyranitar, M|100\/100\n|-damage|p1a: Tyranitar|88\/100|[from] Stealth Rock\n|-weather|Sandstorm|[from] ability: Sand Stream|[of] p1a: Tyranitar\n|\n|-weather|Sandstorm|[upkeep]\n|turn|16\n|choice||\n|\n|switch|p1a: Lopunny|Lopunny, M|100\/100\n|-damage|p1a: Lopunny|88\/100|[from] Stealth Rock\n|move|p2a: Doge|Earthquake|p1a: Lopunny\n|-damage|p1a: Lopunny|15\/100\n|\n|-weather|Sandstorm|[upkeep]\n|-damage|p1a: Lopunny|9\/100|[from] sandstorm\n|turn|17\n|choice||\n|\n|detailschange|p1a: Lopunny|Lopunny-Mega, M\n|-mega|p1a: Lopunny|Lopunny|Lopunnite\n|move|p1a: Lopunny|Ice Punch|p2a: Doge\n|-supereffective|p2a: Doge\n|-damage|p2a: Doge|27\/100\n|move|p2a: Doge|U-turn|p1a: Lopunny\n|-resisted|p1a: Lopunny\n|-damage|p1a: Lopunny|0 fnt\n|faint|p1a: Lopunny\n|choice||\n|\n|switch|p2a: Jon Nash|Bisharp, M, shiny|91\/100\n|\n|-weather|Sandstorm|[upkeep]\n|choice||\n|\n|switch|p1a: Keldeo|Keldeo|76\/100\n|-damage|p1a: Keldeo|70\/100|[from] Stealth Rock\n|turn|18\n|choice||\n|\n|move|p2a: Jon Nash|Sucker Punch|p1a: Keldeo\n|-resisted|p1a: Keldeo\n|-damage|p1a: Keldeo|37\/100\n|-ability|p1a: Keldeo|Justified|boost\n|-boost|p1a: Keldeo|atk|1\n|-damage|p2a: Jon Nash|81\/100|[from] item: Life Orb\n|move|p1a: Keldeo|Secret Sword|p2a: Jon Nash\n|-supereffective|p2a: Jon Nash\n|-damage|p2a: Jon Nash|0 fnt\n|faint|p2a: Jon Nash\n|\n|-weather|Sandstorm|[upkeep]\n|-damage|p1a: Keldeo|31\/100|[from] sandstorm\n|choice||\n|\n|switch|p2a: Robin Williams|Thundurus, M|81\/100\n|turn|19\n|choice||\n|\n|move|p1a: Keldeo|Secret Sword|p2a: Robin Williams\n|-resisted|p2a: Robin Williams\n|-damage|p2a: Robin Williams|48\/100\n|move|p2a: Robin Williams|Thunderbolt|p1a: Keldeo\n|-supereffective|p1a: Keldeo\n|-damage|p1a: Keldeo|0 fnt\n|-damage|p2a: Robin Williams|38\/100|[from] item: Life Orb\n|faint|p1a: Keldeo\n|\n|-weather|none\n|choice||\n|\n|switch|p1a: Talonflame|Talonflame, M|51\/100\n|-damage|p1a: Talonflame|1\/100|[from] Stealth Rock\n|turn|20\n|choice||\n|\n|move|p2a: Robin Williams|Thunderbolt|p1a: Talonflame\n|-supereffective|p1a: Talonflame\n|-damage|p1a: Talonflame|0 fnt\n|-damage|p2a: Robin Williams|29\/100|[from] item: Life Orb\n|faint|p1a: Talonflame\n|\n|choice||\n|\n|switch|p1a: Tyranitar|Tyranitar, M|88\/100\n|-damage|p1a: Tyranitar|76\/100|[from] Stealth Rock\n|-weather|Sandstorm|[from] ability: Sand Stream|[of] p1a: Tyranitar\n|turn|21\n|choice||\n|\n|move|p2a: Robin Williams|Thunder Wave|p1a: Tyranitar\n|-status|p1a: Tyranitar|par\n|move|p1a: Tyranitar|Crunch|p2a: Robin Williams\n|-damage|p2a: Robin Williams|0 fnt\n|faint|p2a: Robin Williams\n|\n|-weather|Sandstorm|[upkeep]\n|choice||\n|\n|switch|p2a: Doge|Landorus-Therian, M|27\/100\n|-ability|p2a: Doge|Intimidate|boost\n|-unboost|p1a: Tyranitar|atk|1\n|turn|22\n|choice||\n|\n|move|p2a: Doge|U-turn|p1a: Tyranitar\n|-supereffective|p1a: Tyranitar\n|-damage|p1a: Tyranitar|38\/100 par\n|choice||\n|\n|switch|p2a: Daryl|Pinsir, F|100\/100\n|move|p1a: Tyranitar|Crunch|p2a: Daryl\n|-crit|p2a: Daryl\n|-damage|p2a: Daryl|15\/100\n|-unboost|p2a: Daryl|def|1\n|\n|-weather|Sandstorm|[upkeep]\n|-damage|p2a: Daryl|9\/100|[from] sandstorm\n|turn|23\n|c|\u2605hauntersnightmare|lmao of course\n|choice||\n|\n|switch|p2a: Doge|Landorus-Therian, M|27\/100\n|-ability|p2a: Doge|Intimidate|boost\n|-unboost|p1a: Tyranitar|atk|1\n|move|p1a: Tyranitar|Crunch|p2a: Doge\n|-damage|p2a: Doge|11\/100\n|\n|-weather|Sandstorm|[upkeep]\n|-heal|p2a: Doge|17\/100|[from] item: Leftovers\n|turn|24\n|choice||\n|\n|move|p2a: Doge|Earthquake|p1a: Tyranitar\n|-supereffective|p1a: Tyranitar\n|-damage|p1a: Tyranitar|0 fnt\n|faint|p1a: Tyranitar\n|\n|-weather|Sandstorm|[upkeep]\n|-heal|p2a: Doge|23\/100|[from] item: Leftovers\n|choice||\n|\n|switch|p1a: Excadrill|Excadrill, F|100\/100\n|-damage|p1a: Excadrill|97\/100|[from] Stealth Rock\n|turn|25\n|choice||\n|\n|move|p1a: Excadrill|Iron Head|p2a: Doge\n|-damage|p2a: Doge|0 fnt\n|-damage|p1a: Excadrill|87\/100|[from] item: Life Orb\n|faint|p2a: Doge\n|\n|-weather|none\n|choice||\n|\n|switch|p2a: Daryl|Pinsir, F|9\/100\n|turn|26\n|raw|<div class=\"broadcast-red\"><b>The server is restarting soon.<\/b><br \/>Please finish your battles quickly. No new battles can be started until the server resets in a few minutes.<\/div>\n|raw|<div class=\"broadcast-red\"><b>Moderated chat was set to +!<\/b><br \/>Only users of rank + and higher can talk.<\/div>\n|choice||\n|\n|detailschange|p2a: Daryl|Pinsir-Mega, F\n|-mega|p2a: Daryl|Pinsir|Pinsirite\n|move|p2a: Daryl|Close Combat|p1a: Excadrill\n|-supereffective|p1a: Excadrill\n|-damage|p1a: Excadrill|0 fnt\n|-unboost|p2a: Daryl|def|1\n|-unboost|p2a: Daryl|spd|1\n|faint|p1a: Excadrill\n|\n|win|hauntersnightmare\n|player|p1\n|player|p2\n|raw|Jack314's rating: 1537 &rarr; <strong>1511<\/strong><br \/>(-26 for losing)\n|raw|hauntersnightmare's rating: 1443 &rarr; <strong>1468<\/strong><br \/>(+25 for winning)\n|l|Jack314\n|c|\u2605hauntersnightmare|bitch plz","inputlog":null,"uploadtime":1463897652,"views":0,"p1id":"jack314","p2id":"hauntersnightmare","formatid":"ou","rating":1468,"private":0,"password":null}