{"id":"ou-376319033","p1":"Amaterus","p2":"MrsPancakes","format":"ou","log":"|j|Amaterus\n|j|MrsPancakes\n|player|p1|Amaterus|151\n|player|p2|MrsPancakes|170\n|gametype|singles\n|gen|6\n|tier|OU\n|rated\n|seed|\n|clearpoke\n|poke|p1|Weavile, M|item\n|poke|p1|Slowbro, M, shiny|item\n|poke|p1|Lopunny, F, shiny|item\n|poke|p1|Amoonguss, M, shiny|item\n|poke|p1|Skarmory, M, shiny|item\n|poke|p1|Landorus-Therian, M, shiny|item\n|poke|p2|Talonflame, M|\n|poke|p2|Clefable, M|item\n|poke|p2|Lopunny, M|item\n|poke|p2|Slowbro, F, shiny|item\n|poke|p2|Gengar, M|item\n|poke|p2|Excadrill, M|item\n|rule|Swagger Clause: Swagger is banned\n|rule|Baton Pass Clause: Limit one Baton Passer, can't pass Spe and other stats simultaneously\n|rule|Sleep Clause Mod: Limit one foe put to sleep\n|rule|Species Clause: Limit one of each Pok\u00e9mon\n|rule|OHKO Clause: OHKO moves are banned\n|rule|Moody Clause: Moody is banned\n|rule|Evasion Moves Clause: Evasion moves are banned\n|rule|Endless Battle Clause: Forcing endless battles is banned\n|rule|HP Percentage Mod: HP is shown in percentages\n|teampreview\n|l|Amaterus\n|player|p1\n|j|Amaterus\n|player|p1|Amaterus|151\n|teampreview\n|choice||\n|\n|start\n|switch|p1a: Punisher|Lopunny, F, shiny|100\/100\n|switch|p2a: Gengar|Gengar, M|100\/100\n|turn|1\n|choice||\n|\n|switch|p2a: Slowbro|Slowbro, F, shiny|100\/100\n|detailschange|p1a: Punisher|Lopunny-Mega, F, shiny\n|-mega|p1a: Punisher|Lopunny|Lopunnite\n|move|p1a: Punisher|Fake Out|p2a: Slowbro\n|-damage|p2a: Slowbro|87\/100\n|\n|-heal|p2a: Slowbro|93\/100|[from] item: Leftovers\n|turn|2\n|choice||\n|\n|switch|p1a: Fungus|Amoonguss, M, shiny|100\/100\n|move|p2a: Slowbro|Scald|p1a: Fungus\n|-resisted|p1a: Fungus\n|-damage|p1a: Fungus|87\/100\n|-status|p1a: Fungus|brn\n|\n|-heal|p1a: Fungus|93\/100 brn|[from] item: Leftovers\n|-heal|p2a: Slowbro|99\/100|[from] item: Leftovers\n|-damage|p1a: Fungus|81\/100 brn|[from] brn\n|turn|3\n|choice||\n|\n|switch|p2a: Clefable|Clefable, M|100\/100\n|move|p1a: Fungus|Spore|p2a: Clefable\n|-status|p2a: Clefable|slp\n|\n|-heal|p1a: Fungus|87\/100 brn|[from] item: Leftovers\n|-damage|p1a: Fungus|75\/100 brn|[from] brn\n|turn|4\n|choice||\n|\n|switch|p2a: Excadrill|Excadrill, M|100\/100\n|-ability|p2a: Excadrill|Mold Breaker\n|switch|p1a: Enten|Landorus-Therian, M, shiny|100\/100\n|-ability|p1a: Enten|Intimidate|boost\n|-unboost|p2a: Excadrill|atk|1\n|\n|turn|5\n|choice||\n|\n|switch|p2a: Gengar|Gengar, M|100\/100\n|move|p1a: Enten|Stealth Rock|p2a: Gengar\n|-sidestart|p2: MrsPancakes|move: Stealth Rock\n|\n|turn|6\n|choice||\n|\n|move|p2a: Gengar|Will-O-Wisp|p1a: Enten\n|-status|p1a: Enten|brn\n|move|p1a: Enten|U-turn|p2a: Gengar\n|-resisted|p2a: Gengar\n|-damage|p2a: Gengar|96\/100\n|choice||\n|\n|switch|p1a: Katana|Weavile, M|100\/100\n|-ability|p1a: Katana|Pressure\n|\n|-heal|p2a: Gengar|100\/100|[from] item: Black Sludge\n|turn|7\n|choice||\n|\n|switch|p2a: Clefable|Clefable, M|100\/100 slp\n|move|p1a: Katana|Knock Off|p2a: Clefable\n|-resisted|p2a: Clefable\n|-damage|p2a: Clefable|72\/100 slp\n|-enditem|p2a: Clefable|Leftovers|[from] move: Knock Off|[of] p1a: Katana\n|-damage|p1a: Katana|91\/100|[from] item: Life Orb\n|\n|turn|8\n|choice||\n|\n|move|p1a: Katana|Icicle Crash|p2a: Clefable\n|-damage|p2a: Clefable|23\/100 slp\n|-damage|p1a: Katana|81\/100|[from] item: Life Orb\n|cant|p2a: Clefable|slp\n|\n|turn|9\n|choice||\n|\n|move|p1a: Katana|Icicle Crash|p2a: Clefable\n|-damage|p2a: Clefable|0 fnt\n|-damage|p1a: Katana|71\/100|[from] item: Life Orb\n|faint|p2a: Clefable\n|\n|choice||\n|\n|switch|p2a: Lopunny|Lopunny, M|100\/100\n|-damage|p2a: Lopunny|88\/100|[from] Stealth Rock\n|turn|10\n|choice||\n|\n|switch|p1a: Raptor|Skarmory, M, shiny|100\/100\n|detailschange|p2a: Lopunny|Lopunny-Mega, M\n|-mega|p2a: Lopunny|Lopunny|Lopunnite\n|move|p2a: Lopunny|Fake Out|p1a: Raptor\n|-resisted|p1a: Raptor\n|-damage|p1a: Raptor|94\/100\n|-damage|p2a: Lopunny|72\/100|[from] item: Rocky Helmet|[of] p1a: Raptor\n|\n|turn|11\n|choice||\n|\n|switch|p2a: Excadrill|Excadrill, M|100\/100\n|-damage|p2a: Excadrill|97\/100|[from] Stealth Rock\n|-ability|p2a: Excadrill|Mold Breaker\n|move|p1a: Raptor|Spikes|p2a: Excadrill\n|-sidestart|p2: MrsPancakes|Spikes\n|\n|-heal|p2a: Excadrill|100\/100|[from] item: Leftovers\n|turn|12\n|choice||\n|\n|move|p2a: Excadrill|Rapid Spin|p1a: Raptor\n|-resisted|p1a: Raptor\n|-damage|p1a: Raptor|92\/100\n|-damage|p2a: Excadrill|84\/100|[from] item: Rocky Helmet|[of] p1a: Raptor\n|-sideend|p2: MrsPancakes|Spikes|[from] move: Rapid Spin|[of] p2a: Excadrill\n|-sideend|p2: MrsPancakes|Stealth Rock|[from] move: Rapid Spin|[of] p2a: Excadrill\n|move|p1a: Raptor|Spikes|p2a: Excadrill\n|-sidestart|p2: MrsPancakes|Spikes\n|\n|-heal|p2a: Excadrill|90\/100|[from] item: Leftovers\n|turn|13\n|choice||\n|\n|move|p2a: Excadrill|Stealth Rock|p1a: Raptor\n|-sidestart|p1: Amaterus|move: Stealth Rock\n|move|p1a: Raptor|Spikes|p2a: Excadrill\n|-sidestart|p2: MrsPancakes|Spikes\n|\n|-heal|p2a: Excadrill|96\/100|[from] item: Leftovers\n|turn|14\n|choice||\n|\n|move|p2a: Excadrill|Rapid Spin|p1a: Raptor\n|-resisted|p1a: Raptor\n|-damage|p1a: Raptor|91\/100\n|-damage|p2a: Excadrill|80\/100|[from] item: Rocky Helmet|[of] p1a: Raptor\n|-sideend|p2: MrsPancakes|Spikes|[from] move: Rapid Spin|[of] p2a: Excadrill\n|move|p1a: Raptor|Defog|p2a: Excadrill\n|-unboost|p2a: Excadrill|evasion|1\n|-sideend|p1: Amaterus|Stealth Rock|[from] move: Defog|[of] p1a: Raptor\n|\n|-heal|p2a: Excadrill|86\/100|[from] item: Leftovers\n|turn|15\n|choice||\n|\n|move|p2a: Excadrill|Stealth Rock|p1a: Raptor\n|-sidestart|p1: Amaterus|move: Stealth Rock\n|move|p1a: Raptor|Spikes|p2a: Excadrill\n|-sidestart|p2: MrsPancakes|Spikes\n|\n|-heal|p2a: Excadrill|92\/100|[from] item: Leftovers\n|turn|16\n|choice||\n|\n|switch|p2a: Gengar|Gengar, M|100\/100\n|move|p1a: Raptor|Defog|p2a: Gengar\n|-unboost|p2a: Gengar|evasion|1\n|-sideend|p2: MrsPancakes|Spikes|[from] move: Defog|[of] p2a: Gengar\n|-sideend|p1: Amaterus|Stealth Rock|[from] move: Defog|[of] p1a: Raptor\n|\n|turn|17\n|choice||\n|\n|switch|p1a: Fungus|Amoonguss, M, shiny|100\/100 brn\n|move|p2a: Gengar|Taunt|p1a: Fungus\n|-start|p1a: Fungus|move: Taunt\n|\n|-damage|p1a: Fungus|88\/100 brn|[from] brn\n|turn|18\n|choice||\n|\n|switch|p1a: Katana|Weavile, M|71\/100\n|-ability|p1a: Katana|Pressure\n|move|p2a: Gengar|Sludge Wave|p1a: Katana\n|-damage|p1a: Katana|2\/100\n|-status|p1a: Katana|psn\n|\n|-damage|p1a: Katana|0 fnt|[from] psn\n|faint|p1a: Katana\n|choice||\n|\n|switch|p1a: Punisher|Lopunny-Mega, F, shiny|100\/100\n|turn|19\n|j|sweetenedtea\n|choice||\n|\n|switch|p2a: Slowbro|Slowbro, F, shiny|100\/100\n|move|p1a: Punisher|Frustration|p2a: Slowbro\n|-damage|p2a: Slowbro|65\/100\n|\n|-heal|p2a: Slowbro|71\/100|[from] item: Leftovers\n|turn|20\n|choice||\n|\n|switch|p1a: Fungus|Amoonguss, M, shiny|100\/100 brn\n|move|p2a: Slowbro|Psyshock|p1a: Fungus\n|-supereffective|p1a: Fungus\n|-damage|p1a: Fungus|63\/100 brn\n|\n|-heal|p2a: Slowbro|77\/100|[from] item: Leftovers\n|-heal|p1a: Fungus|69\/100 brn|[from] item: Leftovers\n|-damage|p1a: Fungus|57\/100 brn|[from] brn\n|turn|21\n|choice||\n|\n|move|p2a: Slowbro|Psyshock|p1a: Fungus\n|-supereffective|p1a: Fungus\n|-damage|p1a: Fungus|21\/100 brn\n|move|p1a: Fungus|Spore|p2a: Slowbro\n|-status|p2a: Slowbro|slp\n|\n|-heal|p1a: Fungus|27\/100 brn|[from] item: Leftovers\n|-heal|p2a: Slowbro|83\/100 slp|[from] item: Leftovers\n|-damage|p1a: Fungus|14\/100 brn|[from] brn\n|turn|22\n|choice||\n|\n|switch|p2a: Gengar|Gengar, M|100\/100\n|move|p1a: Fungus|Giga Drain|p2a: Gengar\n|-resisted|p2a: Gengar\n|-damage|p2a: Gengar|82\/100\n|-heal|p1a: Fungus|20\/100 brn|[from] drain|[of] p2a: Gengar\n|\n|-heal|p2a: Gengar|88\/100|[from] item: Black Sludge\n|-heal|p1a: Fungus|26\/100 brn|[from] item: Leftovers\n|-damage|p1a: Fungus|14\/100 brn|[from] brn\n|turn|23\n|choice||\n|\n|move|p2a: Gengar|Hex|p1a: Fungus\n|-damage|p1a: Fungus|0 fnt\n|faint|p1a: Fungus\n|\n|-heal|p2a: Gengar|94\/100|[from] item: Black Sludge\n|choice||\n|\n|switch|p1a: Punisher|Lopunny-Mega, F, shiny|100\/100\n|turn|24\n|choice||\n|\n|switch|p2a: Slowbro|Slowbro, F, shiny|100\/100 slp\n|move|p1a: Punisher|Frustration|p2a: Slowbro\n|-crit|p2a: Slowbro\n|-damage|p2a: Slowbro|52\/100 slp\n|\n|-heal|p2a: Slowbro|58\/100 slp|[from] item: Leftovers\n|turn|25\n|choice||\n|\n|move|p1a: Punisher|Power-Up Punch|p2a: Slowbro\n|-resisted|p2a: Slowbro\n|-damage|p2a: Slowbro|51\/100 slp\n|-boost|p1a: Punisher|atk|1\n|cant|p2a: Slowbro|slp\n|\n|-heal|p2a: Slowbro|57\/100 slp|[from] item: Leftovers\n|turn|26\n|choice||\n|\n|move|p1a: Punisher|Frustration|p2a: Slowbro\n|-damage|p2a: Slowbro|10\/100 slp\n|cant|p2a: Slowbro|slp\n|\n|-heal|p2a: Slowbro|16\/100 slp|[from] item: Leftovers\n|turn|27\n|choice||\n|\n|switch|p2a: Lopunny|Lopunny-Mega, M|72\/100\n|move|p1a: Punisher|Frustration|p2a: Lopunny\n|-damage|p2a: Lopunny|0 fnt\n|faint|p2a: Lopunny\n|\n|choice||\n|\n|switch|p2a: Talonflame|Talonflame, M|100\/100\n|turn|28\n|choice||\n|\n|switch|p1a: Enten|Landorus-Therian, M, shiny|100\/100 brn\n|-ability|p1a: Enten|Intimidate|boost\n|-unboost|p2a: Talonflame|atk|1\n|move|p2a: Talonflame|Acrobatics|p1a: Enten\n|-damage|p1a: Enten|77\/100 brn\n|\n|-heal|p1a: Enten|83\/100 brn|[from] item: Leftovers\n|-damage|p1a: Enten|71\/100 brn|[from] brn\n|turn|29\n|choice||\n|\n|move|p2a: Talonflame|Swords Dance|p2a: Talonflame\n|-boost|p2a: Talonflame|atk|2\n|move|p1a: Enten|Stealth Rock|p2a: Talonflame\n|-sidestart|p2: MrsPancakes|move: Stealth Rock\n|\n|-heal|p1a: Enten|77\/100 brn|[from] item: Leftovers\n|-damage|p1a: Enten|65\/100 brn|[from] brn\n|turn|30\n|choice||\n|\n|move|p2a: Talonflame|Acrobatics|p1a: Enten\n|-damage|p1a: Enten|17\/100 brn\n|move|p1a: Enten|Stone Edge|p2a: Talonflame|[miss]\n|-miss|p1a: Enten|p2a: Talonflame\n|\n|-heal|p1a: Enten|23\/100 brn|[from] item: Leftovers\n|-damage|p1a: Enten|10\/100 brn|[from] brn\n|turn|31\n|choice||\n|\n|move|p2a: Talonflame|Acrobatics|p1a: Enten\n|-damage|p1a: Enten|0 fnt\n|faint|p1a: Enten\n|\n|choice||\n|\n|switch|p1a: Genesis|Slowbro, M, shiny|100\/100\n|turn|32\n|choice||\n|\n|switch|p2a: Slowbro|Slowbro, F, shiny|49\/100 slp\n|-damage|p2a: Slowbro|37\/100 slp|[from] Stealth Rock\n|move|p1a: Genesis|Scald|p2a: Slowbro\n|-resisted|p2a: Slowbro\n|-damage|p2a: Slowbro|21\/100 slp\n|\n|-heal|p2a: Slowbro|27\/100 slp|[from] item: Leftovers\n|turn|33\n|choice||\n|\n|switch|p1a: Punisher|Lopunny-Mega, F, shiny|100\/100\n|cant|p2a: Slowbro|slp\n|\n|-heal|p2a: Slowbro|33\/100 slp|[from] item: Leftovers\n|turn|34\n|choice||\n|\n|move|p1a: Punisher|Frustration|p2a: Slowbro\n|-damage|p2a: Slowbro|0 fnt\n|faint|p2a: Slowbro\n|\n|choice||\n|\n|switch|p2a: Talonflame|Talonflame, M|100\/100\n|-damage|p2a: Talonflame|51\/100|[from] Stealth Rock\n|turn|35\n|choice||\n|\n|switch|p1a: Genesis|Slowbro, M, shiny|100\/100\n|switch|p2a: Excadrill|Excadrill, M|92\/100\n|-damage|p2a: Excadrill|89\/100|[from] Stealth Rock\n|-ability|p2a: Excadrill|Mold Breaker\n|\n|-heal|p2a: Excadrill|95\/100|[from] item: Leftovers\n|turn|36\n|choice||\n|\n|switch|p1a: Punisher|Lopunny-Mega, F, shiny|100\/100\n|move|p2a: Excadrill|Rapid Spin|p1a: Punisher\n|-damage|p1a: Punisher|92\/100\n|-sideend|p2: MrsPancakes|Stealth Rock|[from] move: Rapid Spin|[of] p2a: Excadrill\n|\n|-heal|p2a: Excadrill|100\/100|[from] item: Leftovers\n|turn|37\n|choice||\n|\n|move|p1a: Punisher|High Jump Kick|p2a: Excadrill|[miss]\n|-miss|p1a: Punisher|p2a: Excadrill\n|-damage|p1a: Punisher|42\/100|[from] highjumpkick\n|move|p2a: Excadrill|Stealth Rock|p1a: Punisher\n|-sidestart|p1: Amaterus|move: Stealth Rock\n|\n|turn|38\n|c|\u2605Amaterus|K\n|choice||\n|\n|move|p1a: Punisher|High Jump Kick|p2a: Excadrill\n|-supereffective|p2a: Excadrill\n|-damage|p2a: Excadrill|0 fnt\n|faint|p2a: Excadrill\n|\n|choice||\n|\n|switch|p2a: Talonflame|Talonflame, M|51\/100\n|turn|39\n|choice||\n|\n|switch|p1a: Genesis|Slowbro, M, shiny|100\/100\n|-damage|p1a: Genesis|88\/100|[from] Stealth Rock\n|move|p2a: Talonflame|Acrobatics|p1a: Genesis\n|-damage|p1a: Genesis|47\/100\n|\n|turn|40\n|choice||\n|\n|switch|p2a: Gengar|Gengar, M|94\/100\n|move|p1a: Genesis|Psyshock|p2a: Gengar\n|-supereffective|p2a: Gengar\n|-damage|p2a: Gengar|0 fnt\n|faint|p2a: Gengar\n|\n|choice||\n|\n|switch|p2a: Talonflame|Talonflame, M|51\/100\n|turn|41\n|choice||\n|\n|move|p2a: Talonflame|Acrobatics|p1a: Genesis\n|-damage|p1a: Genesis|7\/100\n|move|p1a: Genesis|Scald|p2a: Talonflame\n|-supereffective|p2a: Talonflame\n|-damage|p2a: Talonflame|0 fnt\n|faint|p2a: Talonflame\n|\n|win|Amaterus\n|player|p1\n|player|p2\n|raw|Amaterus's rating: 1765 &rarr; <strong>1781<\/strong><br \/>(+16 for winning)\n|raw|MrsPancakes's rating: 1688 &rarr; <strong>1672<\/strong><br \/>(-16 for losing)\n|c|\u2605Amaterus|gg.\n|c|\u2605MrsPancakes|gg\n|l|MrsPancakes","inputlog":null,"uploadtime":1463959290,"views":23,"p1id":"amaterus","p2id":"mrspancakes","formatid":"ou","rating":1672,"private":0,"password":null}