{"id":"ou-375957318","p1":"I am Determination","p2":"Amaterus","format":"ou","log":"|j|I am Determination\n|j|Amaterus\n|player|p1|I am Determination|274\n|player|p2|Amaterus|#zinnia\n|gametype|singles\n|gen|6\n|tier|OU\n|rated\n|seed|\n|clearpoke\n|poke|p1|Metagross|item\n|poke|p1|Keldeo-Resolute|item\n|poke|p1|Ferrothorn, F|item\n|poke|p1|Latios, M|item\n|poke|p1|Landorus-Therian, M|item\n|poke|p1|Clefable, F|item\n|poke|p2|Weavile, M|item\n|poke|p2|Slowbro, M, shiny|item\n|poke|p2|Lopunny, F, shiny|item\n|poke|p2|Amoonguss, M, shiny|item\n|poke|p2|Skarmory, M, shiny|item\n|poke|p2|Landorus-Therian, M, shiny|item\n|rule|Swagger Clause: Swagger is banned\n|rule|Baton Pass Clause: Limit one Baton Passer, can't pass Spe and other stats simultaneously\n|rule|Sleep Clause Mod: Limit one foe put to sleep\n|rule|Species Clause: Limit one of each Pok\u00e9mon\n|rule|OHKO Clause: OHKO moves are banned\n|rule|Moody Clause: Moody is banned\n|rule|Evasion Moves Clause: Evasion moves are banned\n|rule|Endless Battle Clause: Forcing endless battles is banned\n|rule|HP Percentage Mod: HP is shown in percentages\n|teampreview\n|j|vesperr\n|j|gzy\n|c| vesperr|amaterus\n|c| vesperr|sup dude\n|c|\u2605Amaterus|sup\n|choice||\n|\n|start\n|switch|p1a: Keldeo|Keldeo-Resolute|100\/100\n|switch|p2a: Punisher|Lopunny, F, shiny|100\/100\n|turn|1\n|choice||\n|\n|switch|p1a: Landorus|Landorus-Therian, M|100\/100\n|-ability|p1a: Landorus|Intimidate|boost\n|-unboost|p2a: Punisher|atk|1\n|detailschange|p2a: Punisher|Lopunny-Mega, F, shiny\n|-mega|p2a: Punisher|Lopunny|Lopunnite\n|move|p2a: Punisher|Fake Out|p1a: Landorus\n|-damage|p1a: Landorus|85\/100\n|\n|turn|2\n|choice||\n|\n|switch|p2a: Raptor|Skarmory, M, shiny|100\/100\n|move|p1a: Landorus|U-turn|p2a: Raptor\n|-resisted|p2a: Raptor\n|-damage|p2a: Raptor|97\/100\n|-damage|p1a: Landorus|69\/100|[from] item: Rocky Helmet|[of] p2a: Raptor\n|choice||\n|\n|switch|p1a: Keldeo|Keldeo-Resolute|100\/100\n|\n|turn|3\n|choice||\n|\n|switch|p1a: Ferrothorn|Ferrothorn, F|100\/100\n|switch|p2a: Genesis|Slowbro, M, shiny|100\/100\n|\n|turn|4\n|choice||\n|\n|move|p2a: Genesis|Fire Blast|p1a: Ferrothorn|[miss]\n|-miss|p2a: Genesis|p1a: Ferrothorn\n|move|p1a: Ferrothorn|Stealth Rock|p2a: Genesis\n|-sidestart|p2: Amaterus|move: Stealth Rock\n|\n|turn|5\n|choice||\n|\n|switch|p1a: Clefable|Clefable, F|100\/100\n|move|p2a: Genesis|Ice Beam|p1a: Clefable\n|-damage|p1a: Clefable|83\/100\n|\n|-heal|p1a: Clefable|90\/100|[from] item: Leftovers\n|turn|6\n|choice||\n|\n|switch|p1a: Latios|Latios, M|100\/100\n|switch|p2a: Enten|Landorus-Therian, M, shiny|100\/100\n|-damage|p2a: Enten|88\/100|[from] Stealth Rock\n|-ability|p2a: Enten|Intimidate|boost\n|-unboost|p1a: Latios|atk|1\n|\n|-heal|p2a: Enten|94\/100|[from] item: Leftovers\n|turn|7\n|choice||\n|\n|switch|p2a: Genesis|Slowbro, M, shiny|100\/100\n|-damage|p2a: Genesis|88\/100|[from] Stealth Rock\n|move|p1a: Latios|Draco Meteor|p2a: Genesis\n|-damage|p2a: Genesis|44\/100\n|-unboost|p1a: Latios|spa|2\n|-damage|p1a: Latios|91\/100|[from] item: Life Orb\n|\n|turn|8\n|choice||\n|\n|switch|p1a: Clefable|Clefable, F|90\/100\n|move|p2a: Genesis|Ice Beam|p1a: Clefable\n|-damage|p1a: Clefable|71\/100\n|\n|-heal|p1a: Clefable|77\/100|[from] item: Leftovers\n|turn|9\n|choice||\n|\n|move|p1a: Clefable|Calm Mind|p1a: Clefable\n|-boost|p1a: Clefable|spa|1\n|-boost|p1a: Clefable|spd|1\n|move|p2a: Genesis|Psyshock|p1a: Clefable\n|-damage|p1a: Clefable|47\/100\n|\n|-heal|p1a: Clefable|53\/100|[from] item: Leftovers\n|turn|10\n|choice||\n|\n|switch|p2a: Enten|Landorus-Therian, M, shiny|94\/100\n|-damage|p2a: Enten|82\/100|[from] Stealth Rock\n|-ability|p2a: Enten|Intimidate|boost\n|-unboost|p1a: Clefable|atk|1\n|move|p1a: Clefable|Soft-Boiled|p1a: Clefable\n|-heal|p1a: Clefable|100\/100\n|\n|-heal|p2a: Enten|88\/100|[from] item: Leftovers\n|turn|11\n|choice||\n|\n|move|p2a: Enten|Stealth Rock|p1a: Clefable\n|-sidestart|p1: I am Determination|move: Stealth Rock\n|move|p1a: Clefable|Moonblast|p2a: Enten\n|-damage|p2a: Enten|38\/100\n|\n|-heal|p2a: Enten|44\/100|[from] item: Leftovers\n|turn|12\n|choice||\n|\n|move|p2a: Enten|U-turn|p1a: Clefable\n|-resisted|p1a: Clefable\n|-damage|p1a: Clefable|90\/100\n|choice||\n|\n|switch|p2a: Fungus|Amoonguss, M, shiny|100\/100\n|-damage|p2a: Fungus|88\/100|[from] Stealth Rock\n|move|p1a: Clefable|Moonblast|p2a: Fungus\n|-resisted|p2a: Fungus\n|-damage|p2a: Fungus|66\/100\n|\n|-heal|p1a: Clefable|96\/100|[from] item: Leftovers\n|-heal|p2a: Fungus|72\/100|[from] item: Leftovers\n|turn|13\n|choice||\n|\n|switch|p1a: Ferrothorn|Ferrothorn, F|100\/100\n|-damage|p1a: Ferrothorn|94\/100|[from] Stealth Rock\n|move|p2a: Fungus|Clear Smog|p1a: Ferrothorn\n|-immune|p1a: Ferrothorn|[msg]\n|\n|-heal|p2a: Fungus|79\/100|[from] item: Leftovers\n|turn|14\n|choice||\n|\n|switch|p2a: Raptor|Skarmory, M, shiny|97\/100\n|-damage|p2a: Raptor|85\/100|[from] Stealth Rock\n|move|p1a: Ferrothorn|Thunder Wave|p2a: Raptor\n|-status|p2a: Raptor|par\n|\n|turn|15\n|choice||\n|\n|switch|p1a: Latios|Latios, M|91\/100\n|-damage|p1a: Latios|78\/100|[from] Stealth Rock\n|move|p2a: Raptor|Spikes|p1a: Latios\n|-sidestart|p1: I am Determination|Spikes\n|\n|turn|16\n|choice||\n|\n|switch|p2a: Katana|Weavile, M|100\/100\n|-damage|p2a: Katana|76\/100|[from] Stealth Rock\n|-ability|p2a: Katana|Pressure\n|move|p1a: Latios|Hidden Power|p2a: Katana\n|-supereffective|p2a: Katana\n|-damage|p2a: Katana|0 fnt\n|-damage|p1a: Latios|68\/100|[from] item: Life Orb\n|faint|p2a: Katana\n|\n|choice||\n|\n|switch|p2a: Punisher|Lopunny-Mega, F, shiny|100\/100\n|-damage|p2a: Punisher|94\/100|[from] Stealth Rock\n|turn|17\n|choice||\n|\n|switch|p1a: Clefable|Clefable, F|96\/100\n|move|p2a: Punisher|Power-Up Punch|p1a: Clefable\n|-resisted|p1a: Clefable\n|-damage|p1a: Clefable|87\/100\n|-boost|p2a: Punisher|atk|1\n|\n|-heal|p1a: Clefable|93\/100|[from] item: Leftovers\n|turn|18\n|choice||\n|\n|switch|p1a: Metagross|Metagross|100\/100\n|-damage|p1a: Metagross|88\/100|[from] Spikes\n|-damage|p1a: Metagross|82\/100|[from] Stealth Rock\n|move|p2a: Punisher|Frustration|p1a: Metagross\n|-resisted|p1a: Metagross\n|-damage|p1a: Metagross|46\/100\n|\n|turn|19\n|choice||\n|\n|detailschange|p1a: Metagross|Metagross-Mega\n|-mega|p1a: Metagross|Metagross|Metagrossite\n|move|p1a: Metagross|Bullet Punch|p2a: Punisher\n|-damage|p2a: Punisher|56\/100\n|move|p2a: Punisher|High Jump Kick|p1a: Metagross\n|-damage|p1a: Metagross|0 fnt\n|faint|p1a: Metagross\n|\n|choice||\n|\n|switch|p1a: Landorus|Landorus-Therian, M|69\/100\n|-damage|p1a: Landorus|56\/100|[from] Stealth Rock\n|-ability|p1a: Landorus|Intimidate|boost\n|-unboost|p2a: Punisher|atk|1\n|turn|20\n|choice||\n|\n|switch|p2a: Raptor|Skarmory, M, shiny|85\/100 par\n|-damage|p2a: Raptor|72\/100 par|[from] Stealth Rock\n|move|p1a: Landorus|Earthquake|p2a: Raptor\n|-immune|p2a: Raptor|[msg]\n|\n|turn|21\n|choice||\n|\n|switch|p1a: Clefable|Clefable, F|93\/100\n|switch|p2a: Punisher|Lopunny-Mega, F, shiny|56\/100\n|-damage|p2a: Punisher|49\/100|[from] Stealth Rock\n|\n|-heal|p1a: Clefable|99\/100|[from] item: Leftovers\n|turn|22\n|choice||\n|\n|move|p2a: Punisher|Fake Out|p1a: Clefable\n|-damage|p1a: Clefable|79\/100\n|cant|p1a: Clefable|flinch\n|\n|-heal|p1a: Clefable|85\/100|[from] item: Leftovers\n|turn|23\n|choice||\n|\n|switch|p2a: Fungus|Amoonguss, M, shiny|100\/100\n|-damage|p2a: Fungus|88\/100|[from] Stealth Rock\n|move|p1a: Clefable|Moonblast|p2a: Fungus\n|-resisted|p2a: Fungus\n|-damage|p2a: Fungus|73\/100\n|\n|-heal|p1a: Clefable|91\/100|[from] item: Leftovers\n|-heal|p2a: Fungus|79\/100|[from] item: Leftovers\n|turn|24\n|choice||\n|\n|switch|p1a: Ferrothorn|Ferrothorn, F|94\/100\n|-damage|p1a: Ferrothorn|88\/100|[from] Stealth Rock\n|-damage|p1a: Ferrothorn|75\/100|[from] Spikes\n|move|p2a: Fungus|Sludge Bomb|p1a: Ferrothorn\n|-immune|p1a: Ferrothorn|[msg]\n|\n|-heal|p2a: Fungus|86\/100|[from] item: Leftovers\n|turn|25\n|choice||\n|\n|move|p2a: Fungus|Giga Drain|p1a: Ferrothorn\n|-resisted|p1a: Ferrothorn\n|-damage|p1a: Ferrothorn|71\/100\n|-heal|p2a: Fungus|88\/100|[from] drain|[of] p1a: Ferrothorn\n|move|p1a: Ferrothorn|Thunder Wave|p2a: Fungus\n|-status|p2a: Fungus|par\n|\n|-heal|p2a: Fungus|94\/100 par|[from] item: Leftovers\n|turn|26\n|choice||\n|\n|switch|p1a: Latios|Latios, M|68\/100\n|-damage|p1a: Latios|56\/100|[from] Stealth Rock\n|switch|p2a: Raptor|Skarmory, M, shiny|72\/100 par\n|-damage|p2a: Raptor|60\/100 par|[from] Stealth Rock\n|\n|turn|27\n|j|Chief So$a\n|choice||\n|\n|switch|p1a: Clefable|Clefable, F|91\/100\n|switch|p2a: Genesis|Slowbro, M, shiny|77\/100\n|-damage|p2a: Genesis|65\/100|[from] Stealth Rock\n|\n|-heal|p1a: Clefable|97\/100|[from] item: Leftovers\n|turn|28\n|choice||\n|\n|switch|p2a: Fungus|Amoonguss, M, shiny|100\/100 par\n|-damage|p2a: Fungus|88\/100 par|[from] Stealth Rock\n|move|p1a: Clefable|Calm Mind|p1a: Clefable\n|-boost|p1a: Clefable|spa|1\n|-boost|p1a: Clefable|spd|1\n|\n|-heal|p1a: Clefable|100\/100|[from] item: Leftovers\n|-heal|p2a: Fungus|94\/100 par|[from] item: Leftovers\n|turn|29\n|choice||\n|\n|move|p1a: Clefable|Moonblast|p2a: Fungus\n|-resisted|p2a: Fungus\n|-damage|p2a: Fungus|71\/100 par\n|move|p2a: Fungus|Clear Smog|p1a: Clefable\n|-supereffective|p1a: Clefable\n|-damage|p1a: Clefable|85\/100\n|-clearboost|p1a: Clefable\n|\n|-heal|p1a: Clefable|91\/100|[from] item: Leftovers\n|-heal|p2a: Fungus|77\/100 par|[from] item: Leftovers\n|turn|30\n|choice||\n|\n|switch|p1a: Latios|Latios, M|56\/100\n|-damage|p1a: Latios|44\/100|[from] Stealth Rock\n|move|p2a: Fungus|Spore|p1a: Latios\n|-status|p1a: Latios|slp\n|\n|-heal|p2a: Fungus|83\/100 par|[from] item: Leftovers\n|turn|31\n|choice||\n|\n|cant|p1a: Latios|slp\n|move|p2a: Fungus|Sludge Bomb|p1a: Latios\n|-damage|p1a: Latios|13\/100 slp\n|\n|-heal|p2a: Fungus|89\/100 par|[from] item: Leftovers\n|turn|32\n|choice||\n|\n|switch|p2a: Genesis|Slowbro, M, shiny|98\/100\n|-damage|p2a: Genesis|86\/100|[from] Stealth Rock\n|cant|p1a: Latios|slp\n|\n|turn|33\n|choice||\n|\n|switch|p1a: Clefable|Clefable, F|91\/100\n|move|p2a: Genesis|Ice Beam|p1a: Clefable\n|-damage|p1a: Clefable|73\/100\n|\n|-heal|p1a: Clefable|79\/100|[from] item: Leftovers\n|turn|34\n|choice||\n|\n|switch|p2a: Fungus|Amoonguss, M, shiny|100\/100 par\n|-damage|p2a: Fungus|88\/100 par|[from] Stealth Rock\n|move|p1a: Clefable|Calm Mind|p1a: Clefable\n|-boost|p1a: Clefable|spa|1\n|-boost|p1a: Clefable|spd|1\n|\n|-heal|p1a: Clefable|85\/100|[from] item: Leftovers\n|-heal|p2a: Fungus|94\/100 par|[from] item: Leftovers\n|turn|35\n|choice||\n|\n|move|p1a: Clefable|Moonblast|p2a: Fungus\n|-resisted|p2a: Fungus\n|-damage|p2a: Fungus|72\/100 par\n|cant|p2a: Fungus|par\n|\n|-heal|p1a: Clefable|91\/100|[from] item: Leftovers\n|-heal|p2a: Fungus|78\/100 par|[from] item: Leftovers\n|turn|36\n|choice||\n|\n|move|p1a: Clefable|Moonblast|p2a: Fungus\n|-resisted|p2a: Fungus\n|-damage|p2a: Fungus|57\/100 par\n|cant|p2a: Fungus|par\n|\n|-heal|p1a: Clefable|97\/100|[from] item: Leftovers\n|-heal|p2a: Fungus|64\/100 par|[from] item: Leftovers\n|turn|37\n|choice||\n|\n|move|p1a: Clefable|Moonblast|p2a: Fungus\n|-resisted|p2a: Fungus\n|-damage|p2a: Fungus|43\/100 par\n|cant|p2a: Fungus|par\n|\n|-heal|p1a: Clefable|100\/100|[from] item: Leftovers\n|-heal|p2a: Fungus|49\/100 par|[from] item: Leftovers\n|turn|38\n|choice||\n|\n|move|p1a: Clefable|Moonblast|p2a: Fungus\n|-resisted|p2a: Fungus\n|-damage|p2a: Fungus|28\/100 par\n|-unboost|p2a: Fungus|spa|1\n|move|p2a: Fungus|Clear Smog|p1a: Clefable\n|-supereffective|p1a: Clefable\n|-damage|p1a: Clefable|91\/100\n|-clearboost|p1a: Clefable\n|\n|-heal|p1a: Clefable|97\/100|[from] item: Leftovers\n|-heal|p2a: Fungus|34\/100 par|[from] item: Leftovers\n|turn|39\n|choice||\n|\n|move|p1a: Clefable|Calm Mind|p1a: Clefable\n|-boost|p1a: Clefable|spa|1\n|-boost|p1a: Clefable|spd|1\n|move|p2a: Fungus|Sludge Bomb|p1a: Clefable\n|-supereffective|p1a: Clefable\n|-damage|p1a: Clefable|77\/100\n|\n|-heal|p1a: Clefable|83\/100|[from] item: Leftovers\n|-heal|p2a: Fungus|40\/100 par|[from] item: Leftovers\n|turn|40\n|choice||\n|\n|move|p1a: Clefable|Moonblast|p2a: Fungus\n|-resisted|p2a: Fungus\n|-damage|p2a: Fungus|17\/100 par\n|-unboost|p2a: Fungus|spa|1\n|cant|p2a: Fungus|par\n|\n|-heal|p1a: Clefable|89\/100|[from] item: Leftovers\n|-heal|p2a: Fungus|23\/100 par|[from] item: Leftovers\n|turn|41\n|choice||\n|\n|move|p1a: Clefable|Calm Mind|p1a: Clefable\n|-boost|p1a: Clefable|spa|1\n|-boost|p1a: Clefable|spd|1\n|move|p2a: Fungus|Clear Smog|p1a: Clefable\n|-supereffective|p1a: Clefable\n|-damage|p1a: Clefable|83\/100\n|-clearboost|p1a: Clefable\n|\n|-heal|p1a: Clefable|89\/100|[from] item: Leftovers\n|-heal|p2a: Fungus|29\/100 par|[from] item: Leftovers\n|turn|42\n|choice||\n|\n|move|p1a: Clefable|Calm Mind|p1a: Clefable\n|-boost|p1a: Clefable|spa|1\n|-boost|p1a: Clefable|spd|1\n|cant|p2a: Fungus|par\n|\n|-heal|p1a: Clefable|95\/100|[from] item: Leftovers\n|-heal|p2a: Fungus|36\/100 par|[from] item: Leftovers\n|turn|43\n|choice||\n|\n|move|p1a: Clefable|Moonblast|p2a: Fungus\n|-resisted|p2a: Fungus\n|-crit|p2a: Fungus\n|-damage|p2a: Fungus|1\/100 par\n|cant|p2a: Fungus|par\n|\n|-heal|p1a: Clefable|100\/100|[from] item: Leftovers\n|-heal|p2a: Fungus|7\/100 par|[from] item: Leftovers\n|turn|44\n|choice||\n|\n|move|p1a: Clefable|Moonblast|p2a: Fungus\n|-resisted|p2a: Fungus\n|-damage|p2a: Fungus|0 fnt\n|faint|p2a: Fungus\n|\n|choice||\n|\n|switch|p2a: Enten|Landorus-Therian, M, shiny|44\/100\n|-damage|p2a: Enten|32\/100|[from] Stealth Rock\n|-ability|p2a: Enten|Intimidate|boost\n|-unboost|p1a: Clefable|atk|1\n|turn|45\n|c|\u2605Amaterus|what a fucking skilled player\n|c|\u2605I am Determination|yeah im really talented\n|c|\u2605I am Determination|glad u noticed n_n\n|j|notFaLsE\n|c|\u2605Amaterus|the most skilled player in existance\n|c|\u2605Amaterus|,,,\n|c|\u2605I am Determination|u already know\n|choice||\n|\n|move|p2a: Enten|Earthquake|p1a: Clefable\n|-damage|p1a: Clefable|58\/100\n|move|p1a: Clefable|Moonblast|p2a: Enten\n|-damage|p2a: Enten|0 fnt\n|faint|p2a: Enten\n|\n|-heal|p1a: Clefable|64\/100|[from] item: Leftovers\n|choice||\n|\n|switch|p2a: Punisher|Lopunny-Mega, F, shiny|49\/100\n|-damage|p2a: Punisher|43\/100|[from] Stealth Rock\n|turn|46\n|j|blarghlfarghl\n|choice||\n|\n|move|p2a: Punisher|Fake Out|p1a: Clefable\n|-damage|p1a: Clefable|44\/100\n|cant|p1a: Clefable|flinch\n|\n|-heal|p1a: Clefable|50\/100|[from] item: Leftovers\n|turn|47\n|choice||\n|\n|move|p2a: Punisher|Frustration|p1a: Clefable\n|-damage|p1a: Clefable|0 fnt\n|faint|p1a: Clefable\n|\n|choice||\n|\n|switch|p1a: Landorus|Landorus-Therian, M|56\/100\n|-damage|p1a: Landorus|44\/100|[from] Stealth Rock\n|-ability|p1a: Landorus|Intimidate|boost\n|-unboost|p2a: Punisher|atk|1\n|turn|48\n|choice||\n|\n|switch|p2a: Raptor|Skarmory, M, shiny|60\/100 par\n|-damage|p2a: Raptor|48\/100 par|[from] Stealth Rock\n|move|p1a: Landorus|Superpower|p2a: Raptor\n|-damage|p2a: Raptor|21\/100 par\n|-damage|p1a: Landorus|27\/100|[from] item: Rocky Helmet|[of] p2a: Raptor\n|-unboost|p1a: Landorus|atk|1\n|-unboost|p1a: Landorus|def|1\n|\n|turn|49\n|c| blarghlfarghl|wtf is that ada\n|choice||\n|\n|switch|p1a: Keldeo|Keldeo-Resolute|100\/100\n|-damage|p1a: Keldeo|88\/100|[from] Spikes\n|-damage|p1a: Keldeo|82\/100|[from] Stealth Rock\n|move|p2a: Raptor|Roost|p2a: Raptor\n|-heal|p2a: Raptor|71\/100 par\n|\n|turn|50\n|choice||\n|\n|switch|p2a: Genesis|Slowbro, M, shiny|100\/100\n|-damage|p2a: Genesis|88\/100|[from] Stealth Rock\n|move|p1a: Keldeo|Scald|p2a: Genesis\n|-resisted|p2a: Genesis\n|-damage|p2a: Genesis|72\/100\n|\n|turn|51\n|c|\u2605Amaterus|this man is about to lose to av slowbro\n|choice||\n|\n|move|p1a: Keldeo|Scald|p2a: Genesis\n|-resisted|p2a: Genesis\n|-crit|p2a: Genesis\n|-damage|p2a: Genesis|48\/100\n|-status|p2a: Genesis|brn\n|move|p2a: Genesis|Psyshock|p1a: Keldeo\n|-supereffective|p1a: Keldeo\n|-damage|p1a: Keldeo|14\/100\n|\n|-damage|p2a: Genesis|36\/100 brn|[from] brn\n|turn|52\n|c|\u2605I am Determination|whats wrong with av slowbro?\n|choice||\n|\n|move|p1a: Keldeo|Scald|p2a: Genesis\n|-resisted|p2a: Genesis\n|-damage|p2a: Genesis|20\/100 brn\n|move|p2a: Genesis|Psyshock|p1a: Keldeo\n|-supereffective|p1a: Keldeo\n|-damage|p1a: Keldeo|0 fnt\n|faint|p1a: Keldeo\n|\n|-damage|p2a: Genesis|8\/100 brn|[from] brn\n|c|\u2605Amaterus|its a meme team\n|choice||\n|\n|switch|p1a: Ferrothorn|Ferrothorn, F|71\/100\n|-damage|p1a: Ferrothorn|59\/100|[from] Spikes\n|-damage|p1a: Ferrothorn|52\/100|[from] Stealth Rock\n|turn|53\n|c|\u2605Amaterus|i am a former member of meme team\n|c|\u2605I am Determination|so am i\n|c| blarghlfarghl|we alla re\n|c| vesperr|yeah lol\n|choice||\n|\n|switch|p1a: Latios|Latios, M|13\/100 slp\n|-damage|p1a: Latios|1\/100 slp|[from] Stealth Rock\n|move|p2a: Genesis|Fire Blast|p1a: Latios\n|-resisted|p1a: Latios\n|-damage|p1a: Latios|0 fnt\n|faint|p1a: Latios\n|\n|-damage|p2a: Genesis|0 fnt|[from] brn\n|faint|p2a: Genesis\n|choice||\n|\n|switch|p2a: Punisher|Lopunny-Mega, F, shiny|43\/100\n|switch|p1a: Ferrothorn|Ferrothorn, F|52\/100\n|-damage|p2a: Punisher|37\/100|[from] Stealth Rock\n|-damage|p1a: Ferrothorn|46\/100|[from] Stealth Rock\n|-damage|p1a: Ferrothorn|34\/100|[from] Spikes\n|turn|54\n|c| vesperr|i was esteemed room driver dukevesper\n|c| blarghlfarghl|noone likes u vesper\n|choice||\n|\n|move|p2a: Punisher|Power-Up Punch|p1a: Ferrothorn\n|-supereffective|p1a: Ferrothorn\n|-crit|p1a: Ferrothorn\n|-enditem|p1a: Ferrothorn|Chople Berry|[eat]\n|-damage|p1a: Ferrothorn|14\/100\n|-damage|p2a: Punisher|24\/100|[from] ability: Iron Barbs|[of] p1a: Ferrothorn\n|-boost|p2a: Punisher|atk|1\n|move|p1a: Ferrothorn|Thunder Wave|p2a: Punisher\n|-status|p2a: Punisher|par\n|\n|turn|55\n|c|\u2605I am Determination|i was esteemed room driver StarZabRighT\n|j|Vai Lusa\n|c| notFaLsE|yeah ur all bad\n|c| vesperr|shut up false\n|c| blarghlfarghl|STAR?\n|c| vesperr|u cried about not being mod\n|c| vesperr|and asked ez to ban u\n|c| notFaLsE|'i was a driver'\n|c| blarghlfarghl|why not just kill it\n|c| notFaLsE|that room was shit\n|c|\u2605Amaterus|LOL\n|c| blarghlfarghl|like ur channel\n|c|\u2605I am Determination|cause i thought he was good lmao\n|c|\u2605I am Determination|hes not hitting anyway\n|choice||\n|\n|move|p2a: Punisher|Frustration|p1a: Ferrothorn\n|-resisted|p1a: Ferrothorn\n|-damage|p1a: Ferrothorn|0 fnt\n|-damage|p2a: Punisher|12\/100 par|[from] ability: Iron Barbs|[of] p1a: Ferrothorn\n|faint|p1a: Ferrothorn\n|\n|c|\u2605Amaterus|bro\n|c| vesperr|its better than any room uve ever made\n|c| vesperr|wait\n|c|\u2605I am Determination|i stay being haxed insane\n|c| blarghlfarghl|well then u coulda leeched\n|c| vesperr|u lose now\n|choice||\n|\n|switch|p1a: Landorus|Landorus-Therian, M|27\/100\n|-damage|p1a: Landorus|15\/100|[from] Stealth Rock\n|-ability|p1a: Landorus|Intimidate|boost\n|-unboost|p2a: Punisher|atk|1\n|turn|56\n|c| vesperr|lmao\n|c|\u2605Amaterus|i was a room driver too\n|c| vesperr|u couldve killed it\n|c| vesperr|and won\n|c|\u2605Amaterus|Vesperr\n|c|\u2605I am Determination|ik dude im ass\n|c|\u2605Amaterus|he haxeed me to hell with amoong\n|c|\u2605Amaterus|he cant complain\n|c|\u2605Amaterus|amoong just won\n|c|\u2605Amaterus|lol\n|c|\u2605I am Determination|bro im just fucking around\n|c| notFaLsE|ur all drivers\n|c| vesperr|amaterus\n|c| notFaLsE|l0l\n|c| vesperr|whats ur main\n|c| notFaLsE|ass\n|choice||\n|\n|switch|p2a: Raptor|Skarmory, M, shiny|71\/100 par\n|-damage|p2a: Raptor|59\/100 par|[from] Stealth Rock\n|move|p1a: Landorus|Stone Edge|p2a: Raptor\n|-damage|p2a: Raptor|37\/100 par\n|\n|turn|57\n|c| vesperr|what was ur main\n|c| vesperr|*\n|j|Hector Hard Mode\n|c|\u2605I am Determination|wait i need 2 paras\n|c|\u2605I am Determination|gogogog\n|c| blarghlfarghl|is this starsbuilding\n|c|\u2605Amaterus|and btw i know this to be a fact i still happened to win somehow\n|c| blarghlfarghl|no\n|c| Hector Hard Mode|oh\n|c| blarghlfarghl|oh\n|c| Hector Hard Mode|that's mine\n|c|\u2605Amaterus|storm zone\n|c|\u2605Amaterus|:]\n|c| blarghlfarghl|yeah u do\n|c| vesperr|LMAO\n|c|\u2605I am Determination|LOL\n|choice||\n|\n|move|p1a: Landorus|Stone Edge|p2a: Raptor\n|-damage|p2a: Raptor|16\/100 par\n|move|p2a: Raptor|Counter|p1a: Landorus\n|-damage|p1a: Landorus|0 fnt\n|faint|p1a: Landorus\n|\n|win|Amaterus\n|player|p1\n|player|p2\n|c| vesperr|THATS WHY\n|c| notFaLsE|LOL\n|c| vesperr|IM #2\n|c|\u2605I am Determination|FUCK STORM ZONE\n|c| vesperr|AND UR NOT\n|c| notFaLsE|LOOOOOOOOOOOOOOL\n|c| vesperr|UR ASS\n|raw|I am Determination's rating: 1676 &rarr; <strong>1654<\/strong><br \/>(-22 for losing)\n|raw|Amaterus's rating: 1638 &rarr; <strong>1661<\/strong><br \/>(+23 for winning)\n|c|\u2605Amaterus|LOL\n|c| vesperr|STORM ZONE\n|c|\u2605I am Determination|LOL","inputlog":null,"uploadtime":1463888702,"views":25,"p1id":"iamdetermination","p2id":"amaterus","formatid":"ou","rating":1654,"private":0,"password":null}