{"id":"ou-375949420","p1":"Octosausage","p2":"Amaterus","format":"ou","log":"|j|Octosausage\n|j|Amaterus\n|player|p1|Octosausage|28\n|player|p2|Amaterus|#zinnia\n|gametype|singles\n|gen|6\n|tier|OU\n|rated\n|seed|\n|clearpoke\n|poke|p1|Mamoswine, M|item\n|poke|p1|Abomasnow, F|item\n|poke|p1|Thundurus, M|item\n|poke|p1|Diancie|item\n|poke|p1|Landorus-Therian, M|item\n|poke|p1|Froslass, F|item\n|poke|p2|Ferrothorn, M|item\n|poke|p2|Chansey, F|item\n|poke|p2|Gliscor, M|item\n|poke|p2|Diancie|item\n|poke|p2|Mandibuzz, F|item\n|poke|p2|Togekiss, M|item\n|rule|Swagger Clause: Swagger is banned\n|rule|Baton Pass Clause: Limit one Baton Passer, can't pass Spe and other stats simultaneously\n|rule|Sleep Clause Mod: Limit one foe put to sleep\n|rule|Species Clause: Limit one of each Pok\u00e9mon\n|rule|OHKO Clause: OHKO moves are banned\n|rule|Moody Clause: Moody is banned\n|rule|Evasion Moves Clause: Evasion moves are banned\n|rule|Endless Battle Clause: Forcing endless battles is banned\n|rule|HP Percentage Mod: HP is shown in percentages\n|teampreview\n|choice||\n|\n|start\n|switch|p1a: Diancie|Diancie|100\/100\n|switch|p2a: Navel Rock|Diancie|100\/100\n|turn|1\n|l|Amaterus\n|player|p2\n|j|Amaterus\n|player|p2|Amaterus|#zinnia\n|choice||\n|\n|detailschange|p1a: Diancie|Diancie-Mega\n|-mega|p1a: Diancie|Diancie|Diancite\n|detailschange|p2a: Navel Rock|Diancie-Mega\n|-mega|p2a: Navel Rock|Diancie|Diancite\n|move|p2a: Navel Rock|Protect|p2a: Navel Rock\n|-singleturn|p2a: Navel Rock|Protect\n|move|p1a: Diancie|Protect|p1a: Diancie\n|-fail|p1a: Diancie\n|\n|turn|2\n|choice||\n|\n|switch|p2a: Ecstasy|Chansey, F|100\/100\n|move|p1a: Diancie|Earth Power|p2a: Ecstasy\n|-damage|p2a: Ecstasy|89\/100\n|\n|turn|3\n|choice||\n|\n|switch|p1a: Froslass|Froslass, F|100\/100\n|move|p2a: Ecstasy|Seismic Toss|p1a: Froslass\n|-immune|p1a: Froslass|[msg]\n|\n|turn|4\n|choice||\n|\n|switch|p1a: Diancie|Diancie-Mega|100\/100\n|switch|p2a: Navel Rock|Diancie-Mega|100\/100\n|\n|turn|5\n|choice||\n|\n|move|p2a: Navel Rock|Earth Power|p1a: Diancie\n|-supereffective|p1a: Diancie\n|-damage|p1a: Diancie|5\/100\n|move|p1a: Diancie|Earth Power|p2a: Navel Rock\n|-supereffective|p2a: Navel Rock\n|-damage|p2a: Navel Rock|13\/100\n|\n|turn|6\n|choice||\n|\n|move|p2a: Navel Rock|Moonblast|p1a: Diancie\n|-damage|p1a: Diancie|0 fnt\n|faint|p1a: Diancie\n|\n|choice||\n|\n|switch|p1a: Mamoswine|Mamoswine, M|100\/100\n|turn|7\n|choice||\n|\n|switch|p2a: Temple|Ferrothorn, M|100\/100\n|move|p1a: Mamoswine|Ice Shard|p2a: Temple\n|-damage|p2a: Temple|88\/100\n|\n|turn|8\n|choice||\n|\n|switch|p1a: Landorus|Landorus-Therian, M|100\/100\n|-ability|p1a: Landorus|Intimidate|boost\n|-unboost|p2a: Temple|atk|1\n|move|p2a: Temple|Stealth Rock|p1a: Landorus\n|-sidestart|p1: Octosausage|move: Stealth Rock\n|\n|turn|9\n|choice||\n|\n|move|p1a: Landorus|Knock Off|p2a: Temple\n|-damage|p2a: Temple|69\/100\n|-damage|p1a: Landorus|88\/100|[from] ability: Iron Barbs|[of] p2a: Temple\n|-damage|p1a: Landorus|71\/100|[from] item: Rocky Helmet|[of] p2a: Temple\n|-enditem|p2a: Temple|Rocky Helmet|[from] move: Knock Off|[of] p1a: Landorus\n|move|p2a: Temple|Leech Seed|p1a: Landorus\n|-start|p1a: Landorus|move: Leech Seed\n|\n|-damage|p1a: Landorus|59\/100|[from] Leech Seed|[of] p2a: Temple\n|-heal|p2a: Temple|80\/100|[silent]\n|turn|10\n|choice||\n|\n|switch|p1a: Abomasnow|Abomasnow, F|100\/100\n|-damage|p1a: Abomasnow|76\/100|[from] Stealth Rock\n|-weather|Hail|[from] ability: Snow Warning|[of] p1a: Abomasnow\n|move|p2a: Temple|Spikes|p1a: Abomasnow\n|-sidestart|p1: Octosausage|Spikes\n|\n|-weather|Hail|[upkeep]\n|-damage|p2a: Temple|74\/100|[from] hail\n|turn|11\n|choice||\n|\n|switch|p2a: Ecstasy|Chansey, F|89\/100\n|move|p1a: Abomasnow|Blizzard|p2a: Ecstasy\n|-damage|p2a: Ecstasy|78\/100\n|\n|-weather|Hail|[upkeep]\n|-damage|p2a: Ecstasy|72\/100|[from] hail\n|turn|12\n|choice||\n|\n|move|p1a: Abomasnow|Leech Seed|p2a: Ecstasy\n|-start|p2a: Ecstasy|move: Leech Seed\n|move|p2a: Ecstasy|Seismic Toss|p1a: Abomasnow\n|-damage|p1a: Abomasnow|50\/100\n|\n|-weather|Hail|[upkeep]\n|-damage|p2a: Ecstasy|65\/100|[from] hail\n|-damage|p2a: Ecstasy|53\/100|[from] Leech Seed|[of] p1a: Abomasnow\n|-heal|p1a: Abomasnow|73\/100|[silent]\n|turn|13\n|choice||\n|\n|switch|p1a: Mamoswine|Mamoswine, M|100\/100\n|-damage|p1a: Mamoswine|88\/100|[from] Spikes\n|-damage|p1a: Mamoswine|76\/100|[from] Stealth Rock\n|switch|p2a: Cirrus|Togekiss, M|100\/100\n|\n|-weather|Hail|[upkeep]\n|-damage|p2a: Cirrus|94\/100|[from] hail\n|-heal|p2a: Cirrus|100\/100|[from] item: Leftovers\n|turn|14\n|choice||\n|\n|move|p1a: Mamoswine|Stealth Rock|p2a: Cirrus\n|-sidestart|p2: Amaterus|move: Stealth Rock\n|move|p2a: Cirrus|Air Slash|p1a: Mamoswine\n|-damage|p1a: Mamoswine|30\/100\n|\n|-weather|Hail|[upkeep]\n|-damage|p2a: Cirrus|94\/100|[from] hail\n|-heal|p2a: Cirrus|100\/100|[from] item: Leftovers\n|turn|15\n|choice||\n|\n|switch|p1a: Thundurus|Thundurus, M|100\/100\n|-damage|p1a: Thundurus|76\/100|[from] Stealth Rock\n|move|p2a: Cirrus|Air Slash|p1a: Thundurus\n|-resisted|p1a: Thundurus\n|-damage|p1a: Thundurus|57\/100\n|\n|-weather|Hail|[upkeep]\n|-damage|p1a: Thundurus|51\/100|[from] hail\n|-damage|p2a: Cirrus|94\/100|[from] hail\n|-heal|p1a: Thundurus|57\/100|[from] item: Leftovers\n|-heal|p2a: Cirrus|100\/100|[from] item: Leftovers\n|turn|16\n|choice||\n|\n|move|p1a: Thundurus|Thunder Wave|p2a: Cirrus\n|-status|p2a: Cirrus|par\n|move|p2a: Cirrus|Air Slash|p1a: Thundurus\n|-resisted|p1a: Thundurus\n|-damage|p1a: Thundurus|37\/100\n|\n|-weather|Hail|[upkeep]\n|-damage|p1a: Thundurus|31\/100|[from] hail\n|-damage|p2a: Cirrus|94\/100 par|[from] hail\n|-heal|p1a: Thundurus|37\/100|[from] item: Leftovers\n|-heal|p2a: Cirrus|100\/100 par|[from] item: Leftovers\n|turn|17\n|choice||\n|\n|switch|p2a: Ecstasy|Chansey, F|53\/100\n|-damage|p2a: Ecstasy|40\/100|[from] Stealth Rock\n|move|p1a: Thundurus|Thunderbolt|p2a: Ecstasy\n|-damage|p2a: Ecstasy|25\/100\n|\n|-weather|none\n|-heal|p1a: Thundurus|43\/100|[from] item: Leftovers\n|turn|18\n|choice||\n|\n|move|p1a: Thundurus|Thunder Wave|p2a: Ecstasy\n|-status|p2a: Ecstasy|par\n|move|p2a: Ecstasy|Seismic Toss|p1a: Thundurus\n|-damage|p1a: Thundurus|9\/100\n|\n|-heal|p1a: Thundurus|15\/100|[from] item: Leftovers\n|turn|19\n|choice||\n|\n|move|p1a: Thundurus|Thunderbolt|p2a: Ecstasy\n|-damage|p2a: Ecstasy|12\/100 par\n|move|p2a: Ecstasy|Seismic Toss|p1a: Thundurus\n|-damage|p1a: Thundurus|0 fnt\n|faint|p1a: Thundurus\n|\n|choice||\n|\n|switch|p1a: Landorus|Landorus-Therian, M|59\/100\n|-damage|p1a: Landorus|46\/100|[from] Stealth Rock\n|-ability|p1a: Landorus|Intimidate|boost\n|-unboost|p2a: Ecstasy|atk|1\n|turn|20\n|choice||\n|\n|move|p1a: Landorus|Earthquake|p2a: Ecstasy\n|-damage|p2a: Ecstasy|0 fnt\n|faint|p2a: Ecstasy\n|\n|choice||\n|\n|switch|p2a: Yami|Mandibuzz, F|100\/100\n|-damage|p2a: Yami|75\/100|[from] Stealth Rock\n|turn|21\n|choice||\n|\n|switch|p1a: Abomasnow|Abomasnow, F|73\/100\n|-damage|p1a: Abomasnow|48\/100|[from] Stealth Rock\n|-damage|p1a: Abomasnow|35\/100|[from] Spikes\n|-weather|Hail|[from] ability: Snow Warning|[of] p1a: Abomasnow\n|move|p2a: Yami|Foul Play|p1a: Abomasnow\n|-damage|p1a: Abomasnow|9\/100\n|\n|-weather|Hail|[upkeep]\n|turn|22\n|choice||\n|\n|move|p2a: Yami|Foul Play|p1a: Abomasnow\n|-damage|p1a: Abomasnow|0 fnt\n|faint|p1a: Abomasnow\n|\n|-weather|Hail|[upkeep]\n|choice||\n|\n|switch|p1a: Froslass|Froslass, F|100\/100\n|-damage|p1a: Froslass|88\/100|[from] Spikes\n|-damage|p1a: Froslass|63\/100|[from] Stealth Rock\n|turn|23\n|choice||\n|\n|move|p1a: Froslass|Blizzard|p2a: Yami\n|-supereffective|p2a: Yami\n|-damage|p2a: Yami|5\/100\n|move|p2a: Yami|Foul Play|p1a: Froslass|[miss]\n|-miss|p2a: Yami|p1a: Froslass\n|\n|-weather|Hail|[upkeep]\n|turn|24\n|choice||\n|\n|move|p1a: Froslass|Blizzard|p2a: Yami\n|-supereffective|p2a: Yami\n|-damage|p2a: Yami|0 fnt\n|faint|p2a: Yami\n|\n|-weather|Hail|[upkeep]\n|choice||\n|\n|switch|p2a: Cirrus|Togekiss, M|100\/100 par\n|-damage|p2a: Cirrus|76\/100 par|[from] Stealth Rock\n|turn|25\n|choice||\n|\n|move|p1a: Froslass|Blizzard|p2a: Cirrus\n|-supereffective|p2a: Cirrus\n|-damage|p2a: Cirrus|10\/100 par\n|cant|p2a: Cirrus|par\n|\n|-weather|Hail|[upkeep]\n|-damage|p2a: Cirrus|4\/100 par|[from] hail\n|-heal|p2a: Cirrus|10\/100 par|[from] item: Leftovers\n|turn|26\n|choice||\n|\n|move|p1a: Froslass|Blizzard|p2a: Cirrus\n|-supereffective|p2a: Cirrus\n|-damage|p2a: Cirrus|0 fnt\n|faint|p2a: Cirrus\n|\n|-weather|Hail|[upkeep]\n|choice||\n|\n|switch|p2a: Temple|Ferrothorn, M|74\/100\n|-damage|p2a: Temple|68\/100|[from] Stealth Rock\n|turn|27\n|choice||\n|\n|move|p1a: Froslass|Blizzard|p2a: Temple\n|-damage|p2a: Temple|35\/100\n|move|p2a: Temple|Gyro Ball|p1a: Froslass\n|-supereffective|p1a: Froslass\n|-damage|p1a: Froslass|0 fnt\n|faint|p1a: Froslass\n|\n|-weather|Hail|[upkeep]\n|-damage|p2a: Temple|29\/100|[from] hail\n|choice||\n|\n|switch|p1a: Mamoswine|Mamoswine, M|30\/100\n|-damage|p1a: Mamoswine|17\/100|[from] Stealth Rock\n|-damage|p1a: Mamoswine|5\/100|[from] Spikes\n|turn|28\n|choice||\n|\n|move|p1a: Mamoswine|Earthquake|p2a: Temple\n|-damage|p2a: Temple|0 fnt\n|faint|p2a: Temple\n|\n|-weather|none\n|choice||\n|\n|switch|p2a: Scorpiox|Gliscor, M|100\/100\n|-damage|p2a: Scorpiox|88\/100|[from] Stealth Rock\n|turn|29\n|choice||\n|\n|move|p1a: Mamoswine|Icicle Crash|p2a: Scorpiox\n|-supereffective|p2a: Scorpiox\n|-damage|p2a: Scorpiox|0 fnt\n|faint|p2a: Scorpiox\n|\n|choice||\n|\n|switch|p2a: Navel Rock|Diancie-Mega|13\/100\n|-damage|p2a: Navel Rock|0 fnt|[from] Stealth Rock\n|faint|p2a: Navel Rock\n|\n|win|Octosausage\n|player|p1\n|player|p2\n|raw|Octosausage's rating: 1831 &rarr; <strong>1841<\/strong><br \/>(+10 for winning)\n|raw|Amaterus's rating: 1646 &rarr; <strong>1636<\/strong><br \/>(-10 for losing)\n|l|Amaterus","inputlog":null,"uploadtime":1463886870,"views":28,"p1id":"octosausage","p2id":"amaterus","formatid":"ou","rating":1636,"private":0,"password":null}