{"id":"ou-377192004","p1":"Nash","p2":"Amaterus","format":"ou","log":"|j|Nash\n|j|Amaterus\n|player|p1|Nash|179\n|player|p2|Amaterus|151\n|gametype|singles\n|gen|6\n|tier|OU\n|rated\n|seed|\n|clearpoke\n|poke|p1|Skarmory, M|item\n|poke|p1|Sableye, F|item\n|poke|p1|Quagsire, F|item\n|poke|p1|Chansey, F|item\n|poke|p1|Amoonguss, F|item\n|poke|p1|Weavile, M|item\n|poke|p2|Gengar, M, shiny|item\n|poke|p2|Meloetta|item\n|poke|p2|Altaria, M, shiny|item\n|poke|p2|Dragonite, M|item\n|poke|p2|Empoleon, M, shiny|item\n|poke|p2|Magnezone, shiny|item\n|rule|Swagger Clause: Swagger is banned\n|rule|Baton Pass Clause: Limit one Baton Passer, can't pass Spe and other stats simultaneously\n|rule|Sleep Clause Mod: Limit one foe put to sleep\n|rule|Species Clause: Limit one of each Pok\u00e9mon\n|rule|OHKO Clause: OHKO moves are banned\n|rule|Moody Clause: Moody is banned\n|rule|Evasion Moves Clause: Evasion moves are banned\n|rule|Endless Battle Clause: Forcing endless battles is banned\n|rule|HP Percentage Mod: HP is shown in percentages\n|teampreview\n|j|vesperr\n|j|Hey YO-YO\n|j|Amir\n|c| Amir|Yo\n|choice||\n|\n|start\n|switch|p1a: Sableye|Sableye, F|100\/100\n|switch|p2a: Trident|Empoleon, M, shiny|100\/100\n|turn|1\n|j|The Hottest Pocket\n|c| Amir|Joshua\n|choice||\n|\n|detailschange|p1a: Sableye|Sableye-Mega, F\n|-mega|p1a: Sableye|Sableye|Sablenite\n|move|p2a: Trident|Protect|p2a: Trident\n|-singleturn|p2a: Trident|Protect\n|move|p1a: Sableye|Will-O-Wisp|p2a: Trident\n|-activate|p2a: Trident|Protect\n|\n|turn|2\n|choice||\n|\n|switch|p2a: Crane|Altaria, M, shiny|100\/100\n|-ability|p2a: Crane|Cloud Nine\n|move|p1a: Sableye|Will-O-Wisp|p2a: Crane\n|-status|p2a: Crane|brn\n|\n|-damage|p2a: Crane|88\/100 brn|[from] brn\n|turn|3\n|choice||\n|\n|switch|p1a: Amoonguss|Amoonguss, F|100\/100\n|detailschange|p2a: Crane|Altaria-Mega, M, shiny\n|-mega|p2a: Crane|Altaria|Altarianite\n|move|p2a: Crane|Facade|p1a: Amoonguss\n|-resisted|p1a: Amoonguss\n|-damage|p1a: Amoonguss|78\/100\n|\n|-heal|p1a: Amoonguss|84\/100|[from] item: Black Sludge\n|-damage|p2a: Crane|76\/100 brn|[from] brn\n|turn|4\n|c| Amir|Try Hex Gengar with DG\n|choice||\n|\n|move|p2a: Crane|Facade|p1a: Amoonguss\n|-resisted|p1a: Amoonguss\n|-damage|p1a: Amoonguss|62\/100\n|move|p1a: Amoonguss|Spore|p2a: Crane\n|-fail|p2a: Crane\n|\n|-heal|p1a: Amoonguss|68\/100|[from] item: Black Sludge\n|-damage|p2a: Crane|63\/100 brn|[from] brn\n|turn|5\n|choice||\n|\n|move|p2a: Crane|Facade|p1a: Amoonguss\n|-resisted|p1a: Amoonguss\n|-damage|p1a: Amoonguss|44\/100\n|move|p1a: Amoonguss|Sludge Bomb|p2a: Crane\n|-supereffective|p2a: Crane\n|-damage|p2a: Crane|26\/100 brn\n|\n|-heal|p1a: Amoonguss|50\/100|[from] item: Black Sludge\n|-damage|p2a: Crane|13\/100 brn|[from] brn\n|turn|6\n|choice||\n|\n|move|p2a: Crane|Facade|p1a: Amoonguss\n|-resisted|p1a: Amoonguss\n|-damage|p1a: Amoonguss|26\/100\n|move|p1a: Amoonguss|Sludge Bomb|p2a: Crane\n|-supereffective|p2a: Crane\n|-damage|p2a: Crane|0 fnt\n|faint|p2a: Crane\n|\n|-heal|p1a: Amoonguss|32\/100|[from] item: Black Sludge\n|choice||\n|\n|switch|p2a: Trident|Empoleon, M, shiny|100\/100\n|turn|7\n|choice||\n|\n|switch|p1a: Chansey|Chansey, F|100\/100\n|move|p2a: Trident|Stealth Rock|p1a: Chansey\n|-sidestart|p1: Nash|move: Stealth Rock\n|\n|turn|8\n|choice||\n|\n|switch|p2a: Calamity|Meloetta|100\/100\n|move|p1a: Chansey|Stealth Rock|p2a: Calamity\n|-sidestart|p2: Amaterus|move: Stealth Rock\n|\n|turn|9\n|choice||\n|\n|switch|p1a: Sableye|Sableye-Mega, F|100\/100\n|-damage|p1a: Sableye|88\/100|[from] Stealth Rock\n|move|p2a: Calamity|Knock Off|p1a: Sableye\n|-damage|p1a: Sableye|72\/100\n|-damage|p2a: Calamity|91\/100|[from] item: Life Orb\n|\n|turn|10\n|choice||\n|\n|switch|p2a: Trident|Empoleon, M, shiny|100\/100\n|-damage|p2a: Trident|94\/100|[from] Stealth Rock\n|move|p1a: Sableye|Knock Off|p2a: Trident\n|-damage|p2a: Trident|74\/100\n|-enditem|p2a: Trident|Leftovers|[from] move: Knock Off|[of] p1a: Sableye\n|\n|turn|11\n|choice||\n|\n|move|p2a: Trident|Scald|p1a: Sableye\n|-damage|p1a: Sableye|45\/100\n|move|p1a: Sableye|Recover|p1a: Sableye\n|-heal|p1a: Sableye|96\/100\n|\n|turn|12\n|choice||\n|\n|switch|p1a: Chansey|Chansey, F|100\/100\n|-damage|p1a: Chansey|88\/100|[from] Stealth Rock\n|move|p2a: Trident|Scald|p1a: Chansey\n|-crit|p1a: Chansey\n|-damage|p1a: Chansey|75\/100\n|\n|turn|13\n|choice||\n|\n|move|p2a: Trident|Scald|p1a: Chansey\n|-damage|p1a: Chansey|66\/100\n|move|p1a: Chansey|Seismic Toss|p2a: Trident\n|-damage|p2a: Trident|47\/100\n|\n|turn|14\n|choice||\n|\n|move|p2a: Trident|Scald|p1a: Chansey\n|-damage|p1a: Chansey|57\/100\n|-status|p1a: Chansey|brn\n|move|p1a: Chansey|Seismic Toss|p2a: Trident\n|-damage|p2a: Trident|20\/100\n|\n|-damage|p1a: Chansey|44\/100 brn|[from] brn\n|turn|15\n|choice||\n|\n|move|p2a: Trident|Scald|p1a: Chansey\n|-damage|p1a: Chansey|31\/100 brn\n|move|p1a: Chansey|Soft-Boiled|p1a: Chansey\n|-heal|p1a: Chansey|81\/100 brn\n|\n|-damage|p1a: Chansey|69\/100 brn|[from] brn\n|turn|16\n|choice||\n|\n|move|p2a: Trident|Scald|p1a: Chansey\n|-damage|p1a: Chansey|55\/100 brn\n|move|p1a: Chansey|Seismic Toss|p2a: Trident\n|-damage|p2a: Trident|0 fnt\n|faint|p2a: Trident\n|\n|-damage|p1a: Chansey|42\/100 brn|[from] brn\n|choice||\n|\n|switch|p2a: Apocalypse|Dragonite, M|100\/100\n|-damage|p2a: Apocalypse|76\/100|[from] Stealth Rock\n|turn|17\n|choice||\n|\n|move|p2a: Apocalypse|Outrage|p1a: Chansey\n|-damage|p1a: Chansey|0 fnt\n|faint|p1a: Chansey\n|\n|choice||\n|\n|switch|p1a: Skarmory|Skarmory, M|100\/100\n|-damage|p1a: Skarmory|88\/100|[from] Stealth Rock\n|turn|18\n|choice||\n|\n|move|p2a: Apocalypse|Outrage|p1a: Skarmory|[from]lockedmove\n|-resisted|p1a: Skarmory\n|-damage|p1a: Skarmory|59\/100\n|-start|p2a: Apocalypse|confusion|[fatigue]\n|move|p1a: Skarmory|Counter|p2a: Apocalypse\n|-damage|p2a: Apocalypse|26\/100\n|\n|turn|19\n|choice||\n|\n|switch|p2a: Kage|Gengar, M, shiny|100\/100\n|-damage|p2a: Kage|88\/100|[from] Stealth Rock\n|move|p1a: Skarmory|Roost|p1a: Skarmory\n|-heal|p1a: Skarmory|100\/100\n|\n|turn|20\n|choice||\n|\n|switch|p1a: Sableye|Sableye-Mega, F|96\/100\n|-damage|p1a: Sableye|83\/100|[from] Stealth Rock\n|move|p2a: Kage|Focus Blast|p1a: Sableye\n|-immune|p1a: Sableye|[msg]\n|\n|turn|21\n|choice||\n|\n|move|p2a: Kage|Shadow Ball|p1a: Sableye\n|-damage|p1a: Sableye|38\/100\n|-damage|p2a: Kage|78\/100|[from] item: Life Orb\n|move|p1a: Sableye|Knock Off|p2a: Kage\n|-supereffective|p2a: Kage\n|-damage|p2a: Kage|0 fnt\n|-enditem|p2a: Kage|Life Orb|[from] move: Knock Off|[of] p1a: Sableye\n|faint|p2a: Kage\n|\n|choice||\n|\n|switch|p2a: Grimlock|Magnezone, shiny|100\/100\n|-damage|p2a: Grimlock|94\/100|[from] Stealth Rock\n|turn|22\n|choice||\n|\n|switch|p1a: Quagsire|Quagsire, F|100\/100\n|-damage|p1a: Quagsire|94\/100|[from] Stealth Rock\n|move|p2a: Grimlock|Substitute|p2a: Grimlock\n|-start|p2a: Grimlock|Substitute\n|-damage|p2a: Grimlock|70\/100\n|\n|-heal|p2a: Grimlock|76\/100|[from] item: Leftovers\n|-heal|p1a: Quagsire|100\/100|[from] item: Leftovers\n|turn|23\n|choice||\n|\n|move|p2a: Grimlock|Hidden Power|p1a: Quagsire\n|-supereffective|p1a: Quagsire\n|-crit|p1a: Quagsire\n|-damage|p1a: Quagsire|0 fnt\n|faint|p1a: Quagsire\n|\n|-heal|p2a: Grimlock|82\/100|[from] item: Leftovers\n|j|AndromedaWarrior\n|c| AndromedaWarrior|yo, stall sucks\n|c| AndromedaWarrior|What's the point on that?\n|c|\u2605Amaterus|stall wins\n|c|\u2605Amaterus|every game\n|c|\u2605Amaterus|lol\n|j|damaging2\n|l|vesperr\n|choice||\n|\n|switch|p1a: Sableye|Sableye-Mega, F|38\/100\n|-damage|p1a: Sableye|26\/100|[from] Stealth Rock\n|turn|24\n|c|\u2605Amaterus|id like to see how hes winnin this\n|c| AndromedaWarrior|but stall is shit\n|choice||\n|\n|move|p2a: Grimlock|Charge Beam|p1a: Sableye\n|-damage|p1a: Sableye|4\/100\n|-boost|p2a: Grimlock|spa|1\n|move|p1a: Sableye|Knock Off|p2a: Grimlock\n|-activate|p2a: Grimlock|Substitute|[damage]\n|\n|-heal|p2a: Grimlock|88\/100|[from] item: Leftovers\n|turn|25\n|c| AndromedaWarrior|there is no fun\n|choice||\n|\n|move|p2a: Grimlock|Charge Beam|p1a: Sableye\n|-crit|p1a: Sableye\n|-damage|p1a: Sableye|0 fnt\n|-boost|p2a: Grimlock|spa|1\n|faint|p1a: Sableye\n|\n|-heal|p2a: Grimlock|94\/100|[from] item: Leftovers\n|c| AndromedaWarrior|in stall\n|choice||\n|\n|switch|p1a: Weavile|Weavile, M|100\/100\n|-damage|p1a: Weavile|76\/100|[from] Stealth Rock\n|-ability|p1a: Weavile|Pressure\n|turn|26\n|c| AndromedaWarrior|at all\n|choice||\n|\n|move|p1a: Weavile|Knock Off|p2a: Grimlock\n|-end|p2a: Grimlock|Substitute\n|move|p2a: Grimlock|Flash Cannon|p1a: Weavile\n|-supereffective|p1a: Weavile\n|-damage|p1a: Weavile|0 fnt\n|faint|p1a: Weavile\n|\n|-heal|p2a: Grimlock|99\/100|[from] item: Leftovers\n|j|Mighty Marc\n|c| Amir|There is\n|-message|Nash forfeited.\n|\n|win|Amaterus\n|player|p1\n|player|p2\n|l|Nash\n|c| AndromedaWarrior|tell me then\n|c| damaging2|holy shit you were not lying about that zone set\n|raw|Nash's rating: 1892 &rarr; <strong>1875<\/strong><br \/>(-17 for losing)\n|raw|Amaterus's rating: 1957 &rarr; <strong>1973<\/strong><br \/>(+16 for winning)\n|c| Amir|Play classic music\n|c| Amir|Relax","inputlog":null,"uploadtime":1464126397,"views":44,"p1id":"nash","p2id":"amaterus","formatid":"ou","rating":1875,"private":0,"password":null}