{"id":"ou-452188933","p1":"Alex the Horrible","p2":"hauntersnightmare","format":"ou","log":"|j|Alex the Horrible\n|j|hauntersnightmare\n|player|p1|Alex the Horrible|161\n|player|p2|hauntersnightmare|265\n|gametype|singles\n|gen|6\n|tier|OU\n|rated\n|seed|\n|clearpoke\n|poke|p1|Tyranitar, M|item\n|poke|p1|Volcarona, F|item\n|poke|p1|Tentacruel, F|item\n|poke|p1|Scizor, M|item\n|poke|p1|Tangrowth, F|item\n|poke|p1|Landorus-Therian, M|item\n|poke|p2|Pinsir, M|item\n|poke|p2|Landorus-Therian, M|item\n|poke|p2|Latios, M|item\n|poke|p2|Scizor, M|item\n|poke|p2|Clefable, M|item\n|poke|p2|Keldeo|item\n|rule|Swagger Clause: Swagger is banned\n|rule|Baton Pass Clause: Limit one Baton Passer, can't pass Spe and other stats simultaneously\n|rule|Sleep Clause Mod: Limit one foe put to sleep\n|rule|Species Clause: Limit one of each Pok\u00e9mon\n|rule|OHKO Clause: OHKO moves are banned\n|rule|Moody Clause: Moody is banned\n|rule|Evasion Moves Clause: Evasion moves are banned\n|rule|Endless Battle Clause: Forcing endless battles is banned\n|rule|HP Percentage Mod: HP is shown in percentages\n|teampreview\n|choice||\n|\n|start\n|switch|p1a: Scizor|Scizor, M|100\/100\n|switch|p2a: Keldeo|Keldeo|100\/100\n|turn|1\n|choice||\n|\n|switch|p2a: Scizor|Scizor, M|100\/100\n|switch|p1a: Tangrowth|Tangrowth, F|100\/100\n|\n|turn|2\n|choice||\n|\n|switch|p1a: Volcarona|Volcarona, F|100\/100\n|move|p2a: Scizor|U-turn|p1a: Volcarona\n|-resisted|p1a: Volcarona\n|-damage|p1a: Volcarona|70\/100\n|choice||\n|\n|switch|p2a: Keldeo|Keldeo|100\/100\n|\n|-heal|p1a: Volcarona|76\/100|[from] item: Leftovers\n|turn|3\n|choice||\n|\n|switch|p1a: Tentacruel|Tentacruel, F|100\/100\n|move|p2a: Keldeo|Scald|p1a: Tentacruel\n|-resisted|p1a: Tentacruel\n|-damage|p1a: Tentacruel|79\/100\n|\n|-heal|p1a: Tentacruel|85\/100|[from] item: Black Sludge\n|turn|4\n|choice||\n|\n|move|p2a: Keldeo|Scald|p1a: Tentacruel\n|-resisted|p1a: Tentacruel\n|-damage|p1a: Tentacruel|65\/100\n|-status|p1a: Tentacruel|brn\n|move|p1a: Tentacruel|Toxic Spikes|p2a: Keldeo\n|-sidestart|p2: hauntersnightmare|move: Toxic Spikes\n|\n|-heal|p1a: Tentacruel|71\/100 brn|[from] item: Black Sludge\n|-damage|p1a: Tentacruel|59\/100 brn|[from] brn\n|turn|5\n|choice||\n|\n|switch|p2a: Landorus|Landorus-Therian, M|100\/100\n|-ability|p2a: Landorus|Intimidate|boost\n|-unboost|p1a: Tentacruel|atk|1\n|move|p1a: Tentacruel|Toxic|p2a: Landorus\n|-status|p2a: Landorus|tox\n|\n|-heal|p1a: Tentacruel|65\/100 brn|[from] item: Black Sludge\n|-damage|p1a: Tentacruel|52\/100 brn|[from] brn\n|-damage|p2a: Landorus|94\/100 tox|[from] psn\n|turn|6\n|choice||\n|\n|switch|p1a: Landorus|Landorus-Therian, M|100\/100\n|-ability|p1a: Landorus|Intimidate|boost\n|-unboost|p2a: Landorus|atk|1\n|move|p2a: Landorus|U-turn|p1a: Landorus\n|-resisted|p1a: Landorus\n|-damage|p1a: Landorus|96\/100\n|-damage|p2a: Landorus|78\/100 tox|[from] item: Rocky Helmet|[of] p1a: Landorus\n|choice||\n|\n|switch|p2a: Clefable|Clefable, M|100\/100\n|-status|p2a: Clefable|psn\n|\n|turn|7\n|choice||\n|\n|move|p1a: Landorus|Stealth Rock|p2a: Clefable\n|-sidestart|p2: hauntersnightmare|move: Stealth Rock\n|move|p2a: Clefable|Calm Mind|p2a: Clefable\n|-boost|p2a: Clefable|spa|1\n|-boost|p2a: Clefable|spd|1\n|\n|turn|8\n|choice||\n|\n|move|p1a: Landorus|U-turn|p2a: Clefable\n|-resisted|p2a: Clefable\n|-damage|p2a: Clefable|91\/100 psn\n|choice||\n|\n|switch|p1a: Scizor|Scizor, M|100\/100\n|move|p2a: Clefable|Flamethrower|p1a: Scizor\n|-supereffective|p1a: Scizor\n|-damage|p1a: Scizor|0 fnt\n|faint|p1a: Scizor\n|\n|-heal|p2a: Clefable|97\/100 psn|[from] item: Leftovers\n|choice||\n|\n|switch|p1a: Volcarona|Volcarona, F|76\/100\n|turn|9\n|c|\u2605hauntersnightmare|yummy\n|c|\u2605Alex the Horrible|lol\n|c|\u2605Alex the Horrible|nice\n|c|\u2605hauntersnightmare|:p\n|c|\u2605hauntersnightmare|this is gonna hurt though\n|choice||\n|\n|switch|p2a: Keldeo|Keldeo|100\/100\n|-status|p2a: Keldeo|psn\n|-damage|p2a: Keldeo|94\/100 psn|[from] Stealth Rock\n|move|p1a: Volcarona|Quiver Dance|p1a: Volcarona\n|-boost|p1a: Volcarona|spa|1\n|-boost|p1a: Volcarona|spd|1\n|-boost|p1a: Volcarona|spe|1\n|\n|-heal|p1a: Volcarona|82\/100|[from] item: Leftovers\n|-damage|p2a: Keldeo|82\/100 psn|[from] psn\n|turn|10\n|choice||\n|\n|move|p1a: Volcarona|Giga Drain|p2a: Keldeo\n|-supereffective|p2a: Keldeo\n|-damage|p2a: Keldeo|0 fnt\n|-heal|p1a: Volcarona|100\/100|[from] drain|[of] p2a: Keldeo\n|faint|p2a: Keldeo\n|\n|choice||\n|\n|switch|p2a: Pinsir|Pinsir, M|100\/100\n|-damage|p2a: Pinsir|76\/100|[from] Stealth Rock\n|-status|p2a: Pinsir|psn\n|turn|11\n|choice||\n|\n|detailschange|p2a: Pinsir|Pinsir-Mega, M\n|-mega|p2a: Pinsir|Pinsir|Pinsirite\n|move|p1a: Volcarona|Fiery Dance|p2a: Pinsir\n|-supereffective|p2a: Pinsir\n|-damage|p2a: Pinsir|0 fnt\n|-boost|p1a: Volcarona|spa|1\n|faint|p2a: Pinsir\n|\n|c|\u2605hauntersnightmare|gg\n|-message|hauntersnightmare forfeited.\n|\n|win|Alex the Horrible\n|player|p1\n|player|p2\n|l|hauntersnightmare\n|c|\u2605Alex the Horrible|gg","inputlog":null,"uploadtime":1475793149,"views":0,"p1id":"alexthehorrible","p2id":"hauntersnightmare","formatid":"ou","rating":0,"private":0,"password":null}