{"id":"ou-81452419","p1":"RuthlessKid","p2":"itsFrank","format":"ou","log":"|join|RuthlessKid\n|join|itsFrank\n|player|p1|RuthlessKid|169\n|player|p2|itsFrank|102\n|gametype|singles\n|gen|6\n|tier|OU\n|rated\n|clearpoke\n|poke|p1|Landorus-Therian, M\n|poke|p1|Blastoise, F\n|poke|p1|Rotom-Wash\n|poke|p1|Dragonite, M\n|poke|p1|Trevenant, F, shiny\n|poke|p1|Florges, F\n|poke|p2|Alakazam, F\n|poke|p2|Blissey, F, shiny\n|poke|p2|Genesect, shiny\n|poke|p2|Absol, M\n|poke|p2|Tropius, F\n|poke|p2|Jellicent, M\n|rule|Sleep Clause Mod: Limit one foe put to sleep\n|rule|Species Clause: Limit one of each Pokemon\n|rule|OHKO Clause: OHKO moves are banned\n|rule|Moody Clause: Moody is banned\n|rule|Evasion Moves Clause: Evasion moves are banned\n|rule|Endless Battle Clause: Forcing endless battles is banned.\n|rule|HP Percentage Mod: HP is reported as percentages\n|teampreview\n|callback|decision\n|join|gamerluigi321\n|\n|start\n|switch|p1a: Blastoise|Blastoise, F|362\/362\n|switch|p2a: Blissey|Blissey, F, shiny|651\/651\n|turn|1\n|callback|decision\n|\n|-formechange|p1a: Blastoise|Blastoise-Mega\n|message|Blastoise has Mega Evolved into Mega Blastoise!\n|move|p1a: Blastoise|Aqua Ring|p1a: Blastoise\n|-start|p1a: Blastoise|Aqua Ring\n|move|p2a: Blissey|Toxic|p1a: Blastoise\n|-status|p1a: Blastoise|tox\n|\n|-damage|p1a: Blastoise|340\/362 tox|[from] psn\n|turn|2\n|callback|decision\n|\n|switch|p2a: Tropius|Tropius, F|374\/374\n|move|p1a: Blastoise|Aura Sphere|p2a: Tropius\n|-resisted|p2a: Tropius\n|-damage|p2a: Tropius|282\/374\n|\n|-heal|p1a: Blastoise|362\/362 tox|[from] Aqua Ring\n|-damage|p1a: Blastoise|318\/362 tox|[from] psn\n|turn|3\n|callback|decision\n|\n|move|p1a: Blastoise|Dark Pulse|p2a: Tropius\n|-damage|p2a: Tropius|86\/374\n|cant|p2a: Tropius|flinch\n|\n|-heal|p1a: Blastoise|340\/362 tox|[from] Aqua Ring\n|-damage|p1a: Blastoise|274\/362 tox|[from] psn\n|turn|4\n|callback|decision\n|\n|switch|p2a: Jellicent|Jellicent, M|341\/341\n|move|p1a: Blastoise|Dark Pulse|p2a: Jellicent\n|-supereffective|p2a: Jellicent\n|-damage|p2a: Jellicent|55\/341\n|\n|-heal|p2a: Jellicent|76\/341|[from] item: Leftovers\n|-heal|p1a: Blastoise|296\/362 tox|[from] Aqua Ring\n|-damage|p1a: Blastoise|208\/362 tox|[from] psn\n|turn|5\n|callback|decision\n|\n|move|p2a: Jellicent|Giga Drain|p1a: Blastoise\n|-supereffective|p1a: Blastoise\n|-damage|p1a: Blastoise|80\/362 tox\n|-heal|p2a: Jellicent|140\/341|[from] drain|[of] p1a: Blastoise\n|move|p1a: Blastoise|Dark Pulse|p2a: Jellicent\n|-supereffective|p2a: Jellicent\n|-damage|p2a: Jellicent|0 fnt\n|faint|p2a: Jellicent\n|\n|-heal|p1a: Blastoise|102\/362 tox|[from] Aqua Ring\n|-damage|p1a: Blastoise|0 fnt|[from] psn\n|faint|p1a: Blastoise\n|callback|decision\n|\n|switch|p1a: Rotom-Wash|Rotom-Wash|304\/304\n|switch|p2a: Blissey|Blissey, F, shiny|651\/651\n|turn|6\n|callback|decision\n|\n|move|p1a: Rotom-Wash|Will-O-Wisp|p2a: Blissey\n|-status|p2a: Blissey|brn\n|move|p2a: Blissey|Toxic|p1a: Rotom-Wash\n|-status|p1a: Rotom-Wash|tox\n|\n|-damage|p1a: Rotom-Wash|285\/304 tox|[from] psn\n|-damage|p2a: Blissey|570\/651 brn|[from] brn\n|turn|7\n|callback|decision\n|\n|move|p1a: Rotom-Wash|Hydro Pump|p2a: Blissey\n|-damage|p2a: Blissey|480\/651 brn\n|move|p2a: Blissey|Wish|p2a: Blissey\n|\n|-heal|p1a: Rotom-Wash|304\/304 tox|[from] item: Leftovers\n|-heal|p2a: Blissey|520\/651 brn|[from] item: Leftovers\n|-damage|p1a: Rotom-Wash|266\/304 tox|[from] psn\n|-damage|p2a: Blissey|439\/651 brn|[from] brn\n|turn|8\n|callback|decision\n|join|mordoth\n|leave|mordoth\n|\n|switch|p2a: Alakazam|Alakazam, F|279\/279\n|move|p1a: Rotom-Wash|Hydro Pump|p2a: Alakazam\n|-damage|p2a: Alakazam|152\/279\n|\n|-heal|p2a: Alakazam|279\/279|[from] move: Wish|[wisher] Blissey\n|-heal|p1a: Rotom-Wash|285\/304 tox|[from] item: Leftovers\n|-damage|p1a: Rotom-Wash|228\/304 tox|[from] psn\n|turn|9\n|callback|decision\n|\n|move|p2a: Alakazam|Energy Ball|p1a: Rotom-Wash\n|-supereffective|p1a: Rotom-Wash\n|-damage|p1a: Rotom-Wash|100\/304 tox\n|move|p1a: Rotom-Wash|Dark Pulse|p2a: Alakazam\n|-supereffective|p2a: Alakazam\n|-damage|p2a: Alakazam|137\/279\n|\n|-heal|p1a: Rotom-Wash|119\/304 tox|[from] item: Leftovers\n|-damage|p1a: Rotom-Wash|43\/304 tox|[from] psn\n|turn|10\n|callback|decision\n|\n|move|p2a: Alakazam|Energy Ball|p1a: Rotom-Wash\n|-supereffective|p1a: Rotom-Wash\n|-damage|p1a: Rotom-Wash|0 fnt\n|faint|p1a: Rotom-Wash\n|\n|callback|decision\n|\n|switch|p1a: Trevenant|Trevenant, F, shiny|374\/374\n|turn|11\n|callback|decision\n|\n|move|p2a: Alakazam|Dazzling Gleam|p1a: Trevenant\n|-damage|p1a: Trevenant|302\/374\n|move|p1a: Trevenant|Will-O-Wisp|p2a: Alakazam\n|-status|p2a: Alakazam|brn\n|-status|p1a: Trevenant|brn\n|-enditem|p1a: Trevenant|Lum Berry|[eat]\n|-curestatus|p1a: Trevenant|brn\n|\n|-damage|p2a: Alakazam|103\/279 brn|[from] brn\n|-item|p1a: Trevenant|Lum Berry|[from] ability: Harvest\n|turn|12\n|callback|decision\n|\n|switch|p2a: Genesect|Genesect, shiny|283\/283\n|-boost|p2a: Genesect|atk|1|[from] ability: Download\n|move|p1a: Trevenant|Leech Seed|p2a: Genesect\n|-start|p2a: Genesect|move: Leech Seed\n|\n|-damage|p2a: Genesect|248\/283|[from] Leech Seed|[of] p1a: Trevenant\n|-heal|p1a: Trevenant|337\/374|[silent]\n|turn|13\n|callback|decision\n|\n|move|p2a: Genesect|Ice Beam|p1a: Trevenant\n|-supereffective|p1a: Trevenant\n|-damage|p1a: Trevenant|197\/374\n|move|p1a: Trevenant|Will-O-Wisp|p2a: Genesect\n|-status|p2a: Genesect|brn\n|\n|-damage|p2a: Genesect|213\/283 brn|[from] Leech Seed|[of] p1a: Trevenant\n|-heal|p1a: Trevenant|232\/374|[silent]\n|-damage|p2a: Genesect|178\/283 brn|[from] brn\n|turn|14\n|callback|decision\n|\n|move|p2a: Genesect|Bug Buzz|p1a: Trevenant\n|-damage|p1a: Trevenant|127\/374\n|move|p1a: Trevenant|Horn Leech|p2a: Genesect\n|-resisted|p2a: Genesect\n|-damage|p2a: Genesect|149\/283 brn\n|-heal|p1a: Trevenant|142\/374|[from] drain|[of] p2a: Genesect\n|\n|-damage|p2a: Genesect|114\/283 brn|[from] Leech Seed|[of] p1a: Trevenant\n|-heal|p1a: Trevenant|177\/374|[silent]\n|-damage|p2a: Genesect|79\/283 brn|[from] brn\n|turn|15\n|callback|decision\n|\n|move|p2a: Genesect|Bug Buzz|p1a: Trevenant\n|-damage|p1a: Trevenant|77\/374\n|move|p1a: Trevenant|Rest|p1a: Trevenant\n|-status|p1a: Trevenant|slp\n|-heal|p1a: Trevenant|374\/374 slp|[silent]\n|-status|p1a: Trevenant|slp|[from] move: Rest\n|-enditem|p1a: Trevenant|Lum Berry|[eat]\n|-curestatus|p1a: Trevenant|slp\n|\n|-damage|p2a: Genesect|44\/283 brn|[from] Leech Seed|[of] p1a: Trevenant\n|-damage|p2a: Genesect|9\/283 brn|[from] brn\n|turn|16\n|callback|decision\n|\n|switch|p2a: Absol|Absol, M|334\/334\n|move|p1a: Trevenant|Horn Leech|p2a: Absol\n|-damage|p2a: Absol|172\/334\n|\n|-heal|p2a: Absol|192\/334|[from] item: Leftovers\n|turn|17\n|callback|decision\n|\n|move|p2a: Absol|Flamethrower|p1a: Trevenant\n|-supereffective|p1a: Trevenant\n|-damage|p1a: Trevenant|284\/374\n|move|p1a: Trevenant|Will-O-Wisp|p2a: Absol\n|-status|p2a: Absol|brn\n|\n|-heal|p2a: Absol|212\/334 brn|[from] item: Leftovers\n|-damage|p2a: Absol|171\/334 brn|[from] brn\n|-item|p1a: Trevenant|Lum Berry|[from] ability: Harvest\n|turn|18\n|callback|decision\n|\n|move|p2a: Absol|Thunder Wave|p1a: Trevenant\n|-status|p1a: Trevenant|par\n|-enditem|p1a: Trevenant|Lum Berry|[eat]\n|-curestatus|p1a: Trevenant|par\n|move|p1a: Trevenant|Leech Seed|p2a: Absol\n|-start|p2a: Absol|move: Leech Seed\n|\n|-heal|p2a: Absol|191\/334 brn|[from] item: Leftovers\n|-damage|p2a: Absol|150\/334 brn|[from] Leech Seed|[of] p1a: Trevenant\n|-heal|p1a: Trevenant|325\/374|[silent]\n|-damage|p2a: Absol|109\/334 brn|[from] brn\n|turn|19\n|callback|decision\n|\n|move|p2a: Absol|Dark Pulse|p1a: Trevenant\n|-supereffective|p1a: Trevenant\n|-damage|p1a: Trevenant|199\/374\n|cant|p1a: Trevenant|flinch\n|\n|-heal|p2a: Absol|129\/334 brn|[from] item: Leftovers\n|-damage|p2a: Absol|88\/334 brn|[from] Leech Seed|[of] p1a: Trevenant\n|-heal|p1a: Trevenant|240\/374|[silent]\n|-damage|p2a: Absol|47\/334 brn|[from] brn\n|-item|p1a: Trevenant|Lum Berry|[from] ability: Harvest\n|turn|20\n|callback|decision\n|\n|move|p2a: Absol|Dark Pulse|p1a: Trevenant\n|-supereffective|p1a: Trevenant\n|-damage|p1a: Trevenant|114\/374\n|move|p1a: Trevenant|Horn Leech|p2a: Absol\n|-damage|p2a: Absol|0 fnt\n|-heal|p1a: Trevenant|138\/374|[from] drain|[of] p2a: Absol\n|faint|p2a: Absol\n|\n|callback|decision\n|\n|switch|p2a: Tropius|Tropius, F|86\/374\n|turn|21\n|callback|decision\n|\n|move|p2a: Tropius|Air Slash|p1a: Trevenant\n|-supereffective|p1a: Trevenant\n|-damage|p1a: Trevenant|0 fnt\n|faint|p1a: Trevenant\n|\n|callback|decision\n|\n|switch|p1a: Landorus-Therian|Landorus-Therian, M|382\/382\n|-ability|p1a: Landorus-Therian|Intimidate|[of] p2a: Tropius\n|-unboost|p2a: Tropius|atk|1\n|turn|22\n|callback|decision\n|\n|move|p1a: Landorus-Therian|U-turn|p2a: Tropius\n|-damage|p2a: Tropius|0 fnt\n|faint|p2a: Tropius\n|callback|decision\n|\n|switch|p1a: Florges|Florges, F|360\/360\n|\n|callback|decision\n|\n|switch|p2a: Blissey|Blissey, F, shiny|439\/651\n|turn|23\n|callback|decision\n|\n|move|p1a: Florges|Calm Mind|p1a: Florges\n|-boost|p1a: Florges|spa|1\n|-boost|p1a: Florges|spd|1\n|move|p2a: Blissey|Toxic|p1a: Florges\n|-status|p1a: Florges|tox\n|\n|-heal|p2a: Blissey|479\/651|[from] item: Leftovers\n|-damage|p1a: Florges|338\/360 tox|[from] psn\n|turn|24\n|callback|decision\n|\n|move|p1a: Florges|Calm Mind|p1a: Florges\n|-boost|p1a: Florges|spa|1\n|-boost|p1a: Florges|spd|1\n|move|p2a: Blissey|Heal Bell|p2a: Blissey\n|-cureteam|p2a: Blissey|[from] move: HealBell\n|\n|-heal|p1a: Florges|360\/360 tox|[from] item: Leftovers\n|-heal|p2a: Blissey|519\/651|[from] item: Leftovers\n|-damage|p1a: Florges|316\/360 tox|[from] psn\n|turn|25\n|callback|decision\n|\n|move|p1a: Florges|Calm Mind|p1a: Florges\n|-boost|p1a: Florges|spa|1\n|-boost|p1a: Florges|spd|1\n|move|p2a: Blissey|Heal Bell|p2a: Blissey\n|-cureteam|p2a: Blissey|[from] move: HealBell\n|\n|-heal|p1a: Florges|338\/360 tox|[from] item: Leftovers\n|-heal|p2a: Blissey|559\/651|[from] item: Leftovers\n|-damage|p1a: Florges|272\/360 tox|[from] psn\n|turn|26\n|callback|decision\n|\n|switch|p2a: Alakazam|Alakazam, F|103\/279\n|move|p1a: Florges|Calm Mind|p1a: Florges\n|-boost|p1a: Florges|spa|1\n|-boost|p1a: Florges|spd|1\n|\n|-heal|p1a: Florges|294\/360 tox|[from] item: Leftovers\n|-damage|p1a: Florges|206\/360 tox|[from] psn\n|turn|27\n|callback|decision\n|\n|-formechange|p2a: Alakazam|Alakazam-Mega\n|message|Alakazam has Mega Evolved into Mega Alakazam!\n|-ability|p2a: Alakazam|Flower Veil|[from] ability: Trace|[of] p1a: Florges\n|move|p2a: Alakazam|Drain Punch|p1a: Florges\n|-resisted|p1a: Florges\n|-damage|p1a: Florges|173\/360 tox\n|-heal|p2a: Alakazam|120\/279|[from] drain|[of] p1a: Florges\n|move|p1a: Florges|Wish|p1a: Florges\n|\n|-heal|p1a: Florges|195\/360 tox|[from] item: Leftovers\n|-damage|p1a: Florges|85\/360 tox|[from] psn\n|turn|28\n|callback|decision\n|\n|move|p1a: Florges|Protect|p1a: Florges\n|-singleturn|p1a: Florges|Protect\n|move|p2a: Alakazam|Drain Punch|p1a: Florges\n|-activate|p1a: Florges|Protect\n|\n|-heal|p1a: Florges|265\/360 tox|[from] move: Wish|[wisher] Florges\n|-heal|p1a: Florges|287\/360 tox|[from] item: Leftovers\n|-damage|p1a: Florges|155\/360 tox|[from] psn\n|turn|29\n|callback|decision\n|\n|move|p2a: Alakazam|Drain Punch|p1a: Florges\n|-resisted|p1a: Florges\n|-damage|p1a: Florges|124\/360 tox\n|-heal|p2a: Alakazam|136\/279|[from] drain|[of] p1a: Florges\n|move|p1a: Florges|Moonblast|p2a: Alakazam\n|-damage|p2a: Alakazam|0 fnt\n|faint|p2a: Alakazam\n|\n|-heal|p1a: Florges|146\/360 tox|[from] item: Leftovers\n|-damage|p1a: Florges|0 fnt|[from] psn\n|faint|p1a: Florges\n|callback|decision\n|\n|switch|p1a: Landorus-Therian|Landorus-Therian, M|382\/382\n|switch|p2a: Blissey|Blissey, F, shiny|559\/651\n|-ability|p1a: Landorus-Therian|Intimidate|[of] p2a: Blissey\n|-unboost|p2a: Blissey|atk|1\n|turn|30\n|callback|decision\n|\n|move|p1a: Landorus-Therian|Superpower|p2a: Blissey\n|-supereffective|p2a: Blissey\n|-damage|p2a: Blissey|0 fnt\n|-unboost|p1a: Landorus-Therian|atk|1\n|-unboost|p1a: Landorus-Therian|def|1\n|faint|p2a: Blissey\n|\n|callback|decision\n|\n|switch|p2a: Genesect|Genesect, shiny|9\/283\n|-boost|p2a: Genesect|atk|1|[from] ability: Download\n|turn|31\n|callback|decision\n|leave|gamerluigi321\n|\n|move|p2a: Genesect|Substitute|p2a: Genesect\n|-fail|p2a: Genesect|move: Substitute|[weak]\n|move|p1a: Landorus-Therian|Superpower|p2a: Genesect\n|-damage|p2a: Genesect|0 fnt\n|-unboost|p1a: Landorus-Therian|atk|1\n|-unboost|p1a: Landorus-Therian|def|1\n|faint|p2a: Genesect\n|\n|win|RuthlessKid\n|raw|Ladder updating...\n|raw|RuthlessKid's rating: 1024 &rarr; <strong>1050<\/strong><br \/>(+26 for winning)\n|raw|itsFrank's rating: 1027 &rarr; <strong>1002<\/strong><br \/>(-25 for losing)\n|chat|RuthlessKid|good battle","inputlog":null,"uploadtime":1390740149,"views":0,"p1id":"ruthlesskid","p2id":"itsfrank","formatid":"ou","rating":0,"private":0,"password":null}