{"id":"oususpecttest-468431038","p1":"CinnibarGymsBlaine","p2":"hauntersnightmare","format":"oususpecttest","log":"|j|CinnibarGymsBlaine\n|j|hauntersnightmare\n|player|p1|CinnibarGymsBlaine|160\n|player|p2|hauntersnightmare|153\n|gametype|singles\n|gen|6\n|tier|OU (suspect test)\n|rated\n|seed|\n|rule|Sleep Clause Mod: Limit one foe put to sleep\n|rule|Species Clause: Limit one of each Pok\u00e9mon\n|rule|OHKO Clause: OHKO moves are banned\n|rule|Moody Clause: Moody is banned\n|rule|Evasion Moves Clause: Evasion moves are banned\n|rule|Endless Battle Clause: Forcing endless battles is banned\n|rule|HP Percentage Mod: HP is shown in percentages\n|clearpoke\n|poke|p1|Charizard, M, shiny|item\n|poke|p1|Slowbro, M, shiny|item\n|poke|p1|Registeel, shiny|item\n|poke|p1|Clefable, F|item\n|poke|p1|Zapdos, shiny|item\n|poke|p1|Goodra, F|item\n|poke|p2|Gliscor, F|item\n|poke|p2|Latios, M|item\n|poke|p2|Heatran, M|item\n|poke|p2|Medicham, M|item\n|poke|p2|Rotom-Wash|item\n|poke|p2|Clefable, F|item\n|rule|Swagger Clause: Swagger is banned\n|rule|Baton Pass Clause: Limit one Baton Passer, can't pass Spe and other stats simultaneously\n|teampreview\n|choice||\n|\n|start\n|switch|p1a: Mixtape|Charizard, M, shiny|100\/100\n|switch|p2a: Dracula|Heatran, M|100\/100\n|turn|1\n|choice||\n|\n|detailschange|p1a: Mixtape|Charizard-Mega-Y, M, shiny\n|-mega|p1a: Mixtape|Charizard|Charizardite Y\n|-weather|SunnyDay|[from] ability: Drought|[of] p1a: Mixtape\n|move|p1a: Mixtape|Earthquake|p2a: Dracula\n|-supereffective|p2a: Dracula\n|-damage|p2a: Dracula|13\/100\n|move|p2a: Dracula|Toxic|p1a: Mixtape\n|-status|p1a: Mixtape|tox\n|\n|-weather|SunnyDay|[upkeep]\n|-heal|p2a: Dracula|20\/100|[from] item: Leftovers\n|-damage|p1a: Mixtape|95\/100 tox|[from] psn\n|turn|2\n|choice||\n|\n|move|p2a: Dracula|Protect|p2a: Dracula\n|-singleturn|p2a: Dracula|Protect\n|move|p1a: Mixtape|Flamethrower|p2a: Dracula\n|-activate|p2a: Dracula|move: Protect\n|\n|-weather|SunnyDay|[upkeep]\n|-heal|p2a: Dracula|26\/100|[from] item: Leftovers\n|-damage|p1a: Mixtape|83\/100 tox|[from] psn\n|turn|3\n|choice||\n|\n|switch|p2a: Ducky Cash Money|Latios, M|100\/100\n|move|p1a: Mixtape|Solar Beam|p2a: Ducky Cash Money|[still]\n|-prepare|p1a: Mixtape|Solar Beam|p2a: Ducky Cash Money\n|-anim|p1a: Mixtape|Solar Beam|p2a: Ducky Cash Money\n|-resisted|p2a: Ducky Cash Money\n|-damage|p2a: Ducky Cash Money|71\/100\n|\n|-weather|SunnyDay|[upkeep]\n|-damage|p1a: Mixtape|65\/100 tox|[from] psn\n|turn|4\n|choice||\n|\n|switch|p2a: Dracula|Heatran, M|26\/100\n|switch|p1a: Regi Da god|Registeel, shiny|100\/100\n|\n|-weather|SunnyDay|[upkeep]\n|-heal|p2a: Dracula|32\/100|[from] item: Leftovers\n|turn|5\n|choice||\n|\n|move|p2a: Dracula|Lava Plume|p1a: Regi Da god\n|-supereffective|p1a: Regi Da god\n|-damage|p1a: Regi Da god|41\/100\n|move|p1a: Regi Da god|Stealth Rock|p2a: Dracula\n|-sidestart|p2: hauntersnightmare|move: Stealth Rock\n|\n|-weather|none\n|-heal|p2a: Dracula|38\/100|[from] item: Leftovers\n|-heal|p1a: Regi Da god|47\/100|[from] item: Leftovers\n|turn|6\n|choice||\n|\n|switch|p1a: BrainWash|Slowbro, M, shiny|100\/100\n|move|p2a: Dracula|Toxic|p1a: BrainWash\n|-status|p1a: BrainWash|tox\n|\n|-heal|p2a: Dracula|45\/100|[from] item: Leftovers\n|-damage|p1a: BrainWash|94\/100 tox|[from] psn\n|turn|7\n|choice||\n|\n|switch|p1a: Selene|Clefable, F|100\/100\n|move|p2a: Dracula|Protect|p2a: Dracula\n|-fail|p2a: Dracula\n|\n|-heal|p2a: Dracula|51\/100|[from] item: Leftovers\n|turn|8\n|choice||\n|\n|move|p2a: Dracula|Taunt|p1a: Selene\n|-start|p1a: Selene|move: Taunt\n|cant|p1a: Selene|move: Taunt|Heal Bell\n|\n|-heal|p2a: Dracula|57\/100|[from] item: Leftovers\n|turn|9\n|choice||\n|\n|switch|p1a: lil Debbie|Goodra, F|100\/100\n|move|p2a: Dracula|Lava Plume|p1a: lil Debbie\n|-resisted|p1a: lil Debbie\n|-damage|p1a: lil Debbie|86\/100\n|\n|-heal|p2a: Dracula|63\/100|[from] item: Leftovers\n|turn|10\n|choice||\n|\n|move|p2a: Dracula|Protect|p2a: Dracula\n|-singleturn|p2a: Dracula|Protect\n|move|p1a: lil Debbie|Superpower|p2a: Dracula\n|-activate|p2a: Dracula|move: Protect\n|\n|-heal|p2a: Dracula|69\/100|[from] item: Leftovers\n|turn|11\n|choice||\n|\n|switch|p1a: Mixtape|Charizard-Mega-Y, M, shiny|65\/100 tox\n|-weather|SunnyDay|[from] ability: Drought|[of] p1a: Mixtape\n|move|p2a: Dracula|Toxic|p1a: Mixtape\n|-fail|p1a: Mixtape|tox\n|\n|-weather|SunnyDay|[upkeep]\n|-heal|p2a: Dracula|76\/100|[from] item: Leftovers\n|-damage|p1a: Mixtape|59\/100 tox|[from] psn\n|turn|12\n|choice||\n|\n|switch|p2a: Ducky Cash Money|Latios, M|71\/100\n|-damage|p2a: Ducky Cash Money|59\/100|[from] Stealth Rock\n|move|p1a: Mixtape|Roost|p1a: Mixtape\n|-heal|p1a: Mixtape|100\/100 tox\n|\n|-weather|SunnyDay|[upkeep]\n|-damage|p1a: Mixtape|89\/100 tox|[from] psn\n|turn|13\n|choice||\n|\n|switch|p1a: Selene|Clefable, F|100\/100\n|move|p2a: Ducky Cash Money|Psyshock|p1a: Selene\n|-damage|p1a: Selene|58\/100\n|-damage|p2a: Ducky Cash Money|49\/100|[from] item: Life Orb\n|\n|-weather|SunnyDay|[upkeep]\n|-heal|p1a: Selene|64\/100|[from] item: Leftovers\n|turn|14\n|choice||\n|\n|move|p2a: Ducky Cash Money|Defog|p1a: Selene\n|-unboost|p1a: Selene|evasion|1\n|-sideend|p2: hauntersnightmare|Stealth Rock|[from] move: Defog|[of] p2a: Ducky Cash Money\n|move|p1a: Selene|Heal Bell|p1a: Selene\n|-activate|p1a: Selene|move: Heal Bell\n|-curestatus|p1: BrainWash|tox|[msg]\n|-curestatus|p1: Mixtape|tox|[msg]\n|\n|-weather|SunnyDay|[upkeep]\n|-heal|p1a: Selene|70\/100|[from] item: Leftovers\n|turn|15\n|choice||\n|\n|move|p2a: Ducky Cash Money|Psyshock|p1a: Selene\n|-damage|p1a: Selene|31\/100\n|-damage|p2a: Ducky Cash Money|40\/100|[from] item: Life Orb\n|move|p1a: Selene|Thunder Wave|p2a: Ducky Cash Money\n|-status|p2a: Ducky Cash Money|par\n|\n|-weather|none\n|-heal|p1a: Selene|38\/100|[from] item: Leftovers\n|turn|16\n|choice||\n|\n|switch|p2a: Titan Punch|Medicham, M|100\/100\n|move|p1a: Selene|Moonlight|p1a: Selene\n|-heal|p1a: Selene|88\/100\n|\n|-heal|p1a: Selene|94\/100|[from] item: Leftovers\n|turn|17\n|choice||\n|\n|switch|p1a: BrainWash|Slowbro, M, shiny|100\/100\n|detailschange|p2a: Titan Punch|Medicham-Mega, M\n|-mega|p2a: Titan Punch|Medicham|Medichamite\n|move|p2a: Titan Punch|Fake Out|p1a: BrainWash\n|-damage|p1a: BrainWash|86\/100\n|\n|turn|18\n|choice||\n|\n|switch|p2a: Clefable|Clefable, F|100\/100\n|switch|p1a: Mixtape|Charizard-Mega-Y, M, shiny|89\/100\n|-weather|SunnyDay|[from] ability: Drought|[of] p1a: Mixtape\n|\n|-weather|SunnyDay|[upkeep]\n|turn|19\n|choice||\n|\n|move|p1a: Mixtape|Flamethrower|p2a: Clefable\n|-damage|p2a: Clefable|22\/100\n|move|p2a: Clefable|Stealth Rock|p1a: Mixtape\n|-sidestart|p1: CinnibarGymsBlaine|move: Stealth Rock\n|\n|-weather|SunnyDay|[upkeep]\n|-heal|p2a: Clefable|28\/100|[from] item: Leftovers\n|turn|20\n|choice||\n|\n|switch|p2a: Dracula|Heatran, M|76\/100\n|move|p1a: Mixtape|Earthquake|p2a: Dracula\n|-supereffective|p2a: Dracula\n|-damage|p2a: Dracula|0 fnt\n|faint|p2a: Dracula\n|\n|-weather|SunnyDay|[upkeep]\n|choice||\n|\n|switch|p2a: Titan Punch|Medicham-Mega, M|100\/100\n|turn|21\n|choice||\n|\n|switch|p1a: BrainWash|Slowbro, M, shiny|100\/100\n|-damage|p1a: BrainWash|88\/100|[from] Stealth Rock\n|move|p2a: Titan Punch|High Jump Kick|p1a: BrainWash\n|-resisted|p1a: BrainWash\n|-damage|p1a: BrainWash|56\/100\n|\n|-weather|SunnyDay|[upkeep]\n|turn|22\n|choice||\n|\n|switch|p2a: Clefable|Clefable, F|28\/100\n|move|p1a: BrainWash|Ice Beam|p2a: Clefable\n|-damage|p2a: Clefable|1\/100\n|-damage|p1a: BrainWash|46\/100|[from] item: Life Orb\n|\n|-weather|none\n|-heal|p2a: Clefable|7\/100|[from] item: Leftovers\n|turn|23\n|choice||\n|\n|switch|p1a: Regi Da god|Registeel, shiny|47\/100\n|-damage|p1a: Regi Da god|41\/100|[from] Stealth Rock\n|move|p2a: Clefable|Soft-Boiled|p2a: Clefable\n|-heal|p2a: Clefable|57\/100\n|\n|-heal|p2a: Clefable|63\/100|[from] item: Leftovers\n|-heal|p1a: Regi Da god|47\/100|[from] item: Leftovers\n|turn|24\n|choice||\n|\n|switch|p2a: Titan Punch|Medicham-Mega, M|100\/100\n|move|p1a: Regi Da god|Stealth Rock|p2a: Titan Punch\n|-sidestart|p2: hauntersnightmare|move: Stealth Rock\n|\n|-heal|p1a: Regi Da god|53\/100|[from] item: Leftovers\n|turn|25\n|choice||\n|\n|switch|p1a: BrainWash|Slowbro, M, shiny|79\/100\n|-damage|p1a: BrainWash|66\/100|[from] Stealth Rock\n|move|p2a: Titan Punch|High Jump Kick|p1a: BrainWash\n|-resisted|p1a: BrainWash\n|-damage|p1a: BrainWash|31\/100\n|\n|turn|26\n|choice||\n|\n|switch|p1a: AA - Jehovah|Zapdos, shiny|100\/100\n|-damage|p1a: AA - Jehovah|75\/100|[from] Stealth Rock\n|-ability|p1a: AA - Jehovah|Pressure\n|move|p2a: Titan Punch|High Jump Kick|p1a: AA - Jehovah\n|-resisted|p1a: AA - Jehovah\n|-damage|p1a: AA - Jehovah|25\/100\n|\n|-heal|p1a: AA - Jehovah|32\/100|[from] item: Leftovers\n|turn|27\n|choice||\n|\n|switch|p1a: Selene|Clefable, F|94\/100\n|-damage|p1a: Selene|81\/100|[from] Stealth Rock\n|move|p2a: Titan Punch|Zen Headbutt|p1a: Selene\n|-damage|p1a: Selene|27\/100\n|\n|-heal|p1a: Selene|33\/100|[from] item: Leftovers\n|turn|28\n|choice||\n|\n|move|p2a: Titan Punch|Bullet Punch|p1a: Selene\n|-supereffective|p1a: Selene\n|-damage|p1a: Selene|0 fnt\n|faint|p1a: Selene\n|\n|choice||\n|\n|switch|p1a: BrainWash|Slowbro, M, shiny|64\/100\n|-damage|p1a: BrainWash|52\/100|[from] Stealth Rock\n|turn|29\n|choice||\n|\n|switch|p2a: Your Laundry|Rotom-Wash|100\/100\n|-damage|p2a: Your Laundry|88\/100|[from] Stealth Rock\n|move|p1a: BrainWash|Slack Off|p1a: BrainWash\n|-heal|p1a: BrainWash|100\/100\n|\n|-heal|p2a: Your Laundry|94\/100|[from] item: Leftovers\n|turn|30\n|choice||\n|\n|switch|p1a: Regi Da god|Registeel, shiny|53\/100\n|-damage|p1a: Regi Da god|47\/100|[from] Stealth Rock\n|move|p2a: Your Laundry|Volt Switch|p1a: Regi Da god\n|-damage|p1a: Regi Da god|31\/100\n|choice||\n|\n|switch|p2a: Titan Punch|Medicham-Mega, M|100\/100\n|-damage|p2a: Titan Punch|94\/100|[from] Stealth Rock\n|\n|-heal|p1a: Regi Da god|37\/100|[from] item: Leftovers\n|turn|31\n|choice||\n|\n|switch|p1a: BrainWash|Slowbro, M, shiny|100\/100\n|-damage|p1a: BrainWash|88\/100|[from] Stealth Rock\n|move|p2a: Titan Punch|High Jump Kick|p1a: BrainWash\n|-resisted|p1a: BrainWash\n|-damage|p1a: BrainWash|54\/100\n|\n|turn|32\n|choice||\n|\n|switch|p2a: Your Laundry|Rotom-Wash|94\/100\n|-damage|p2a: Your Laundry|82\/100|[from] Stealth Rock\n|move|p1a: BrainWash|Slack Off|p1a: BrainWash\n|-heal|p1a: BrainWash|100\/100\n|\n|-heal|p2a: Your Laundry|88\/100|[from] item: Leftovers\n|turn|33\n|choice||\n|\n|switch|p1a: Regi Da god|Registeel, shiny|37\/100\n|-damage|p1a: Regi Da god|31\/100|[from] Stealth Rock\n|move|p2a: Your Laundry|Will-O-Wisp|p1a: Regi Da god\n|-status|p1a: Regi Da god|brn\n|\n|-heal|p2a: Your Laundry|94\/100|[from] item: Leftovers\n|-heal|p1a: Regi Da god|37\/100 brn|[from] item: Leftovers\n|-damage|p1a: Regi Da god|25\/100 brn|[from] brn\n|turn|34\n|choice||\n|\n|move|p2a: Your Laundry|Hydro Pump|p1a: Regi Da god\n|-damage|p1a: Regi Da god|2\/100 brn\n|move|p1a: Regi Da god|Ice Punch|p2a: Your Laundry\n|-resisted|p2a: Your Laundry\n|-damage|p2a: Your Laundry|90\/100\n|\n|-heal|p2a: Your Laundry|97\/100|[from] item: Leftovers\n|-heal|p1a: Regi Da god|8\/100 brn|[from] item: Leftovers\n|-damage|p1a: Regi Da god|0 fnt|[from] brn\n|faint|p1a: Regi Da god\n|choice||\n|\n|switch|p1a: AA - Jehovah|Zapdos, shiny|32\/100\n|-damage|p1a: AA - Jehovah|7\/100|[from] Stealth Rock\n|-ability|p1a: AA - Jehovah|Pressure\n|turn|35\n|choice||\n|\n|move|p1a: AA - Jehovah|Roost|p1a: AA - Jehovah\n|-heal|p1a: AA - Jehovah|57\/100\n|move|p2a: Your Laundry|Will-O-Wisp|p1a: AA - Jehovah|[miss]\n|-miss|p2a: Your Laundry|p1a: AA - Jehovah\n|\n|-heal|p1a: AA - Jehovah|63\/100|[from] item: Leftovers\n|-heal|p2a: Your Laundry|100\/100|[from] item: Leftovers\n|turn|36\n|choice||\n|\n|move|p1a: AA - Jehovah|Thunderbolt|p2a: Your Laundry\n|-damage|p2a: Your Laundry|62\/100\n|move|p2a: Your Laundry|Will-O-Wisp|p1a: AA - Jehovah\n|-status|p1a: AA - Jehovah|brn\n|\n|-heal|p1a: AA - Jehovah|69\/100 brn|[from] item: Leftovers\n|-heal|p2a: Your Laundry|68\/100|[from] item: Leftovers\n|-damage|p1a: AA - Jehovah|57\/100 brn|[from] brn\n|turn|37\n|choice||\n|\n|move|p1a: AA - Jehovah|Roost|p1a: AA - Jehovah\n|-heal|p1a: AA - Jehovah|100\/100 brn\n|move|p2a: Your Laundry|Pain Split|p1a: AA - Jehovah\n|-sethp|p1a: AA - Jehovah|77\/100 brn|p2a: Your Laundry|97\/100|[from] move: Pain Split\n|\n|-heal|p1a: AA - Jehovah|83\/100 brn|[from] item: Leftovers\n|-heal|p2a: Your Laundry|100\/100|[from] item: Leftovers\n|-damage|p1a: AA - Jehovah|71\/100 brn|[from] brn\n|turn|38\n|choice||\n|\n|move|p1a: AA - Jehovah|Roost|p1a: AA - Jehovah\n|-heal|p1a: AA - Jehovah|100\/100 brn\n|move|p2a: Your Laundry|Volt Switch|p1a: AA - Jehovah\n|-resisted|p1a: AA - Jehovah\n|-damage|p1a: AA - Jehovah|91\/100 brn\n|choice||\n|\n|switch|p2a: Titan Punch|Medicham-Mega, M|94\/100\n|-damage|p2a: Titan Punch|88\/100|[from] Stealth Rock\n|\n|-heal|p1a: AA - Jehovah|97\/100 brn|[from] item: Leftovers\n|-damage|p1a: AA - Jehovah|85\/100 brn|[from] brn\n|turn|39\n|choice||\n|\n|switch|p1a: BrainWash|Slowbro, M, shiny|100\/100\n|-damage|p1a: BrainWash|88\/100|[from] Stealth Rock\n|move|p2a: Titan Punch|Fake Out|p1a: BrainWash\n|-damage|p1a: BrainWash|74\/100\n|\n|turn|40\n|choice||\n|\n|switch|p2a: Your Laundry|Rotom-Wash|100\/100\n|-damage|p2a: Your Laundry|88\/100|[from] Stealth Rock\n|move|p1a: BrainWash|Psyshock|p2a: Your Laundry\n|-damage|p2a: Your Laundry|56\/100\n|-damage|p1a: BrainWash|64\/100|[from] item: Life Orb\n|\n|-heal|p2a: Your Laundry|62\/100|[from] item: Leftovers\n|turn|41\n|choice||\n|\n|switch|p1a: lil Debbie|Goodra, F|86\/100\n|-damage|p1a: lil Debbie|74\/100|[from] Stealth Rock\n|move|p2a: Your Laundry|Volt Switch|p1a: lil Debbie\n|-resisted|p1a: lil Debbie\n|-damage|p1a: lil Debbie|65\/100\n|choice||\n|\n|switch|p2a: Aksis|Gliscor, F|100\/100\n|-damage|p2a: Aksis|88\/100|[from] Stealth Rock\n|\n|-status|p2a: Aksis|tox|[from] item: Toxic Orb\n|turn|42\n|choice||\n|\n|switch|p1a: AA - Jehovah|Zapdos, shiny|85\/100 brn\n|-damage|p1a: AA - Jehovah|60\/100 brn|[from] Stealth Rock\n|-ability|p1a: AA - Jehovah|Pressure\n|move|p2a: Aksis|Toxic|p1a: AA - Jehovah\n|-fail|p1a: AA - Jehovah\n|\n|-heal|p1a: AA - Jehovah|66\/100 brn|[from] item: Leftovers\n|-heal|p2a: Aksis|100\/100 tox|[from] ability: Poison Heal\n|-damage|p1a: AA - Jehovah|54\/100 brn|[from] brn\n|turn|43\n|choice||\n|\n|move|p2a: Aksis|Protect|p2a: Aksis\n|-singleturn|p2a: Aksis|Protect\n|move|p1a: AA - Jehovah|Defog|p2a: Aksis\n|-activate|p2a: Aksis|move: Protect\n|\n|-heal|p1a: AA - Jehovah|60\/100 brn|[from] item: Leftovers\n|-damage|p1a: AA - Jehovah|47\/100 brn|[from] brn\n|turn|44\n|choice||\n|\n|move|p2a: Aksis|Substitute|p2a: Aksis\n|-start|p2a: Aksis|Substitute\n|-damage|p2a: Aksis|75\/100 tox\n|move|p1a: AA - Jehovah|Roost|p1a: AA - Jehovah\n|-heal|p1a: AA - Jehovah|97\/100 brn\n|\n|-heal|p1a: AA - Jehovah|100\/100 brn|[from] item: Leftovers\n|-heal|p2a: Aksis|88\/100 tox|[from] ability: Poison Heal\n|-damage|p1a: AA - Jehovah|88\/100 brn|[from] brn\n|turn|45\n|choice||\n|\n|move|p2a: Aksis|Protect|p2a: Aksis\n|-singleturn|p2a: Aksis|Protect\n|move|p1a: AA - Jehovah|Hidden Power|p2a: Aksis\n|-activate|p2a: Aksis|move: Protect\n|\n|-heal|p1a: AA - Jehovah|94\/100 brn|[from] item: Leftovers\n|-heal|p2a: Aksis|100\/100 tox|[from] ability: Poison Heal\n|-damage|p1a: AA - Jehovah|82\/100 brn|[from] brn\n|turn|46\n|choice||\n|\n|move|p2a: Aksis|Earthquake|p1a: AA - Jehovah\n|-immune|p1a: AA - Jehovah|[msg]\n|move|p1a: AA - Jehovah|Defog|p2a: Aksis\n|-sideend|p2: hauntersnightmare|Stealth Rock|[from] move: Defog|[of] p2a: Aksis\n|-sideend|p1: CinnibarGymsBlaine|Stealth Rock|[from] move: Defog|[of] p1a: AA - Jehovah\n|\n|-heal|p1a: AA - Jehovah|88\/100 brn|[from] item: Leftovers\n|-damage|p1a: AA - Jehovah|75\/100 brn|[from] brn\n|turn|47\n|choice||\n|\n|move|p2a: Aksis|Toxic|p1a: AA - Jehovah\n|-fail|p1a: AA - Jehovah\n|move|p1a: AA - Jehovah|Hidden Power|p2a: Aksis\n|-supereffective|p2a: Aksis\n|-end|p2a: Aksis|Substitute\n|\n|-heal|p1a: AA - Jehovah|82\/100 brn|[from] item: Leftovers\n|-damage|p1a: AA - Jehovah|69\/100 brn|[from] brn\n|turn|48\n|choice||\n|\n|switch|p2a: Clefable|Clefable, F|63\/100\n|move|p1a: AA - Jehovah|Hidden Power|p2a: Clefable\n|-damage|p2a: Clefable|47\/100\n|\n|-heal|p1a: AA - Jehovah|75\/100 brn|[from] item: Leftovers\n|-heal|p2a: Clefable|53\/100|[from] item: Leftovers\n|-damage|p1a: AA - Jehovah|63\/100 brn|[from] brn\n|turn|49\n|choice||\n|\n|move|p1a: AA - Jehovah|Thunderbolt|p2a: Clefable\n|-crit|p2a: Clefable\n|-damage|p2a: Clefable|0 fnt\n|faint|p2a: Clefable\n|\n|-heal|p1a: AA - Jehovah|69\/100 brn|[from] item: Leftovers\n|-damage|p1a: AA - Jehovah|57\/100 brn|[from] brn\n|choice||\n|\n|switch|p2a: Titan Punch|Medicham-Mega, M|88\/100\n|turn|50\n|choice||\n|\n|switch|p2a: Your Laundry|Rotom-Wash|62\/100\n|switch|p1a: BrainWash|Slowbro, M, shiny|97\/100\n|\n|-heal|p2a: Your Laundry|69\/100|[from] item: Leftovers\n|turn|51\n|choice||\n|\n|switch|p1a: lil Debbie|Goodra, F|65\/100\n|move|p2a: Your Laundry|Volt Switch|p1a: lil Debbie\n|-resisted|p1a: lil Debbie\n|-damage|p1a: lil Debbie|57\/100\n|choice||\n|\n|switch|p2a: Aksis|Gliscor, F|100\/100 tox\n|\n|turn|52\n|choice||\n|\n|switch|p2a: Titan Punch|Medicham-Mega, M|88\/100\n|switch|p1a: AA - Jehovah|Zapdos, shiny|57\/100 brn\n|-ability|p1a: AA - Jehovah|Pressure\n|\n|-heal|p1a: AA - Jehovah|63\/100 brn|[from] item: Leftovers\n|-damage|p1a: AA - Jehovah|50\/100 brn|[from] brn\n|turn|53\n|choice||\n|\n|switch|p2a: Your Laundry|Rotom-Wash|69\/100\n|switch|p1a: BrainWash|Slowbro, M, shiny|100\/100\n|\n|-heal|p2a: Your Laundry|75\/100|[from] item: Leftovers\n|turn|54\n|choice||\n|\n|switch|p1a: lil Debbie|Goodra, F|57\/100\n|move|p2a: Your Laundry|Will-O-Wisp|p1a: lil Debbie\n|-status|p1a: lil Debbie|brn\n|\n|-heal|p2a: Your Laundry|81\/100|[from] item: Leftovers\n|-damage|p1a: lil Debbie|44\/100 brn|[from] brn\n|turn|55\n|choice||\n|\n|move|p1a: lil Debbie|Outrage|p2a: Your Laundry\n|-damage|p2a: Your Laundry|48\/100\n|move|p2a: Your Laundry|Volt Switch|p1a: lil Debbie\n|-resisted|p1a: lil Debbie\n|-damage|p1a: lil Debbie|35\/100 brn\n|choice||\n|\n|switch|p2a: Aksis|Gliscor, F|100\/100 tox\n|\n|-damage|p1a: lil Debbie|23\/100 brn|[from] brn\n|turn|56\n|choice||\n|\n|move|p2a: Aksis|Substitute|p2a: Aksis\n|-start|p2a: Aksis|Substitute\n|-damage|p2a: Aksis|75\/100 tox\n|move|p1a: lil Debbie|Outrage|p2a: Aksis|[from]lockedmove\n|-end|p2a: Aksis|Substitute\n|\n|-heal|p2a: Aksis|88\/100 tox|[from] ability: Poison Heal\n|-damage|p1a: lil Debbie|10\/100 brn|[from] brn\n|turn|57\n|choice||\n|\n|move|p2a: Aksis|Protect|p2a: Aksis\n|-singleturn|p2a: Aksis|Protect\n|move|p1a: lil Debbie|Outrage|p2a: Aksis|[from]lockedmove\n|-activate|p2a: Aksis|move: Protect\n|-start|p1a: lil Debbie|confusion|[fatigue]\n|\n|-heal|p2a: Aksis|100\/100 tox|[from] ability: Poison Heal\n|-damage|p1a: lil Debbie|0 fnt|[from] brn\n|faint|p1a: lil Debbie\n|choice||\n|\n|switch|p1a: Mixtape|Charizard-Mega-Y, M, shiny|89\/100\n|-weather|SunnyDay|[from] ability: Drought|[of] p1a: Mixtape\n|turn|58\n|choice||\n|\n|move|p1a: Mixtape|Flamethrower|p2a: Aksis\n|-damage|p2a: Aksis|0 fnt\n|faint|p2a: Aksis\n|\n|-weather|SunnyDay|[upkeep]\n|choice||\n|\n|switch|p2a: Titan Punch|Medicham-Mega, M|88\/100\n|turn|59\n|choice||\n|\n|switch|p2a: Ducky Cash Money|Latios, M|40\/100 par\n|switch|p1a: BrainWash|Slowbro, M, shiny|100\/100\n|\n|-weather|SunnyDay|[upkeep]\n|turn|60\n|choice||\n|\n|move|p1a: BrainWash|Ice Beam|p2a: Ducky Cash Money\n|-supereffective|p2a: Ducky Cash Money\n|-damage|p2a: Ducky Cash Money|0 fnt\n|-damage|p1a: BrainWash|91\/100|[from] item: Life Orb\n|faint|p2a: Ducky Cash Money\n|\n|-weather|SunnyDay|[upkeep]\n|choice||\n|\n|switch|p2a: Your Laundry|Rotom-Wash|48\/100\n|turn|61\n|choice||\n|\n|move|p2a: Your Laundry|Volt Switch|p1a: BrainWash\n|-supereffective|p1a: BrainWash\n|-damage|p1a: BrainWash|43\/100\n|choice||\n|\n|switch|p2a: Titan Punch|Medicham-Mega, M|88\/100\n|move|p1a: BrainWash|Slack Off|p1a: BrainWash\n|-heal|p1a: BrainWash|93\/100\n|\n|-weather|SunnyDay|[upkeep]\n|turn|62\n|choice||\n|\n|switch|p1a: Mixtape|Charizard-Mega-Y, M, shiny|89\/100\n|move|p2a: Titan Punch|Fake Out|p1a: Mixtape\n|-damage|p1a: Mixtape|55\/100\n|\n|-weather|none\n|turn|63\n|choice||\n|\n|switch|p1a: AA - Jehovah|Zapdos, shiny|50\/100 brn\n|-ability|p1a: AA - Jehovah|Pressure\n|move|p2a: Titan Punch|High Jump Kick|p1a: AA - Jehovah\n|-resisted|p1a: AA - Jehovah\n|-damage|p1a: AA - Jehovah|0 fnt\n|faint|p1a: AA - Jehovah\n|\n|choice||\n|\n|switch|p1a: BrainWash|Slowbro, M, shiny|100\/100\n|turn|64\n|choice||\n|\n|switch|p2a: Your Laundry|Rotom-Wash|48\/100\n|move|p1a: BrainWash|Psyshock|p2a: Your Laundry\n|-damage|p2a: Your Laundry|14\/100\n|-damage|p1a: BrainWash|91\/100|[from] item: Life Orb\n|\n|-heal|p2a: Your Laundry|21\/100|[from] item: Leftovers\n|turn|65\n|choice||\n|\n|switch|p1a: Mixtape|Charizard-Mega-Y, M, shiny|55\/100\n|-weather|SunnyDay|[from] ability: Drought|[of] p1a: Mixtape\n|move|p2a: Your Laundry|Pain Split|p1a: Mixtape\n|-sethp|p1a: Mixtape|38\/100|p2a: Your Laundry|38\/100|[from] move: Pain Split\n|\n|-weather|SunnyDay|[upkeep]\n|-heal|p2a: Your Laundry|44\/100|[from] item: Leftovers\n|turn|66\n|choice||\n|\n|switch|p2a: Titan Punch|Medicham-Mega, M|88\/100\n|move|p1a: Mixtape|Solar Beam|p2a: Titan Punch|[still]\n|-prepare|p1a: Mixtape|Solar Beam|p2a: Titan Punch\n|-anim|p1a: Mixtape|Solar Beam|p2a: Titan Punch\n|-crit|p2a: Titan Punch\n|-damage|p2a: Titan Punch|0 fnt\n|faint|p2a: Titan Punch\n|\n|-weather|SunnyDay|[upkeep]\n|-message|hauntersnightmare forfeited.\n|\n|win|CinnibarGymsBlaine\n|player|p1\n|player|p2\n|l|hauntersnightmare\n|raw|CinnibarGymsBlaine's rating: 1176 &rarr; <strong>1191<\/strong><br \/>(+15 for winning)\n|raw|hauntersnightmare's rating: 1030 &rarr; <strong>1022<\/strong><br \/>(-8 for losing)","inputlog":null,"uploadtime":1478073307,"views":0,"p1id":"cinnibargymsblaine","p2id":"hauntersnightmare","formatid":"oususpecttest","rating":1022,"private":0,"password":null}