{"id":"oususpecttest-226685627","p1":"Satanslilboy","p2":"Ohmboy Tesla","format":"oususpecttest","log":"|join|Satanslilboy\n|join|Ohmboy Tesla\n|player|p1|Satanslilboy|265\n|player|p2|Ohmboy Tesla|136\n|gametype|singles\n|gen|6\n|tier|OU (suspect test)\n|rated\n|clearpoke\n|poke|p1|Hippowdon, M\n|poke|p1|Slowbro, F\n|poke|p1|Latias, F\n|poke|p1|Bisharp, F\n|poke|p1|Talonflame, M\n|poke|p1|Kyurem-Black, shiny\n|poke|p2|Venusaur, F\n|poke|p2|Entei, shiny\n|poke|p2|Swampert, M\n|poke|p2|Hydreigon, F\n|poke|p2|Togekiss, F\n|poke|p2|Scizor, M\n|rule|Swagger Clause: Swagger is banned\n|rule|Baton Pass Clause: Limit one Pok\u00e9mon knowing Baton Pass\n|rule|Sleep Clause Mod: Limit one foe put to sleep\n|rule|Species Clause: Limit one of each Pok\u00e9mon\n|rule|OHKO Clause: OHKO moves are banned\n|rule|Moody Clause: Moody is banned\n|rule|Evasion Moves Clause: Evasion moves are banned\n|rule|Endless Battle Clause: Forcing endless battles is banned\n|rule|HP Percentage Mod: HP is shown in percentages\n|teampreview\n|\n|start\n|switch|p1a: Kyurem-Black|Kyurem-Black, shiny|391\/391\n|switch|p2a: Do You Even Liek|Swampert, M|401\/401\n|-ability|p1a: Kyurem-Black|Teravolt\n|turn|1\n|\n|move|p1a: Kyurem-Black|Ice Beam|p2a: Do You Even Liek\n|-damage|p2a: Do You Even Liek|185\/401\n|-status|p2a: Do You Even Liek|frz\n|-damage|p1a: Kyurem-Black|352\/391|[from] item: Life Orb\n|cant|p2a: Do You Even Liek|frz\n|\n|-heal|p2a: Do You Even Liek|210\/401 frz|[from] item: Leftovers\n|turn|2\n|\n|move|p1a: Kyurem-Black|Ice Beam|p2a: Do You Even Liek\n|-damage|p2a: Do You Even Liek|0 fnt\n|-damage|p1a: Kyurem-Black|313\/391|[from] item: Life Orb\n|faint|p2a: Do You Even Liek\n|\n|\n|switch|p2a: Menace|Scizor, M|343\/343\n|turn|3\n|\n|move|p1a: Kyurem-Black|Hidden Power|p2a: Menace\n|-supereffective|p2a: Menace\n|-damage|p2a: Menace|0 fnt\n|-damage|p1a: Kyurem-Black|274\/391|[from] item: Life Orb\n|faint|p2a: Menace\n|\n|\n|switch|p2a: Precious|Hydreigon, F|349\/349\n|turn|4\n|\n|switch|p1a: Hippowdon|Hippowdon, M|420\/420\n|-weather|Sandstorm\n|move|p2a: Precious|Dark Pulse|p1a: Hippowdon\n|-damage|p1a: Hippowdon|282\/420\n|\n|-weather|Sandstorm|[upkeep]\n|-damage|p2a: Precious|328\/349|[from] sandstorm\n|-heal|p1a: Hippowdon|308\/420|[from] item: Leftovers\n|turn|5\n|\n|switch|p2a: Berta|Venusaur, F|363\/363\n|move|p1a: Hippowdon|Stealth Rock|p2a: Berta\n|-sidestart|p2: Ohmboy Tesla|move: Stealth Rock\n|\n|-weather|Sandstorm|[upkeep]\n|-damage|p2a: Berta|341\/363|[from] sandstorm\n|-heal|p1a: Hippowdon|334\/420|[from] item: Leftovers\n|turn|6\n|\n|switch|p1a: Latias|Latias, F|320\/320\n|detailschange|p2a: Berta|Venusaur-Mega, F\n|-mega|p2a: Berta|Venusaur|Venusaurite\n|move|p2a: Berta|Leech Seed|p1a: Latias\n|-start|p1a: Latias|move: Leech Seed\n|\n|-weather|Sandstorm|[upkeep]\n|-damage|p1a: Latias|300\/320|[from] sandstorm\n|-damage|p2a: Berta|319\/363|[from] sandstorm\n|-damage|p1a: Latias|260\/320|[from] Leech Seed|[of] p2a: Berta\n|-heal|p2a: Berta|359\/363|[silent]\n|turn|7\n|\n|switch|p1a: Talonflame|Talonflame, M|319\/319\n|move|p2a: Berta|Sludge Bomb|p1a: Talonflame\n|-damage|p1a: Talonflame|135\/319\n|-status|p1a: Talonflame|psn\n|\n|-weather|Sandstorm|[upkeep]\n|-damage|p1a: Talonflame|116\/319 psn|[from] sandstorm\n|-damage|p2a: Berta|337\/363|[from] sandstorm\n|-damage|p1a: Talonflame|77\/319 psn|[from] psn\n|turn|8\n|\n|switch|p2a: Rufus|Entei, shiny|386\/386\n|-damage|p2a: Rufus|290\/386|[from] Stealth Rock\n|-ability|p2a: Rufus|Pressure\n|move|p1a: Talonflame|Roost|p1a: Talonflame\n|-heal|p1a: Talonflame|237\/319 psn\n|\n|-weather|none\n|-heal|p2a: Rufus|314\/386|[from] item: Leftovers\n|-damage|p1a: Talonflame|198\/319 psn|[from] psn\n|turn|9\n|\n|switch|p1a: Hippowdon|Hippowdon, M|334\/420\n|-weather|Sandstorm\n|move|p2a: Rufus|Sacred Fire|p1a: Hippowdon\n|-damage|p1a: Hippowdon|169\/420\n|-status|p1a: Hippowdon|brn\n|\n|-weather|Sandstorm|[upkeep]\n|-damage|p2a: Rufus|290\/386|[from] sandstorm\n|-heal|p2a: Rufus|314\/386|[from] item: Leftovers\n|-heal|p1a: Hippowdon|195\/420 brn|[from] item: Leftovers\n|-damage|p1a: Hippowdon|143\/420 brn|[from] brn\n|turn|10\n|\n|move|p2a: Rufus|Sacred Fire|p1a: Hippowdon\n|-damage|p1a: Hippowdon|0 fnt\n|faint|p1a: Hippowdon\n|\n|-weather|Sandstorm|[upkeep]\n|-damage|p2a: Rufus|290\/386|[from] sandstorm\n|-heal|p2a: Rufus|314\/386|[from] item: Leftovers\n|\n|switch|p1a: Slowbro|Slowbro, F|394\/394\n|turn|11\n|\n|switch|p2a: Berta|Venusaur-Mega, F|337\/363\n|-damage|p2a: Berta|292\/363|[from] Stealth Rock\n|move|p1a: Slowbro|Calm Mind|p1a: Slowbro\n|-boost|p1a: Slowbro|spa|1\n|-boost|p1a: Slowbro|spd|1\n|\n|-weather|Sandstorm|[upkeep]\n|-damage|p2a: Berta|270\/363|[from] sandstorm\n|-damage|p1a: Slowbro|370\/394|[from] sandstorm\n|turn|12\n|\n|detailschange|p1a: Slowbro|Slowbro-Mega, F\n|-mega|p1a: Slowbro|Slowbro|Slowbronite\n|move|p2a: Berta|Leech Seed|p1a: Slowbro\n|-start|p1a: Slowbro|move: Leech Seed\n|move|p1a: Slowbro|Psyshock|p2a: Berta\n|-supereffective|p2a: Berta\n|-damage|p2a: Berta|30\/363\n|\n|-weather|Sandstorm|[upkeep]\n|-damage|p2a: Berta|8\/363|[from] sandstorm\n|-damage|p1a: Slowbro|346\/394|[from] sandstorm\n|-damage|p1a: Slowbro|297\/394|[from] Leech Seed|[of] p2a: Berta\n|-heal|p2a: Berta|57\/363|[silent]\n|turn|13\n|\n|switch|p2a: Precious|Hydreigon, F|328\/349\n|-damage|p2a: Precious|285\/349|[from] Stealth Rock\n|switch|p1a: Latias|Latias, F|260\/320\n|\n|-weather|none\n|turn|14\n|\n|switch|p1a: Bisharp|Bisharp, F|334\/334\n|move|p2a: Precious|Dark Pulse|p1a: Bisharp\n|-resisted|p1a: Bisharp\n|-damage|p1a: Bisharp|241\/334\n|\n|turn|15\n|\n|switch|p2a: no more tears|Togekiss, F|373\/373\n|-damage|p2a: no more tears|280\/373|[from] Stealth Rock\n|move|p1a: Bisharp|Knock Off|p2a: no more tears\n|-resisted|p2a: no more tears\n|-damage|p2a: no more tears|149\/373\n|-enditem|p2a: no more tears|Leftovers|[from] move: Knock Off|[of] p1a: Bisharp\n|-damage|p1a: Bisharp|208\/334|[from] item: Life Orb\n|\n|turn|16\n|\n|move|p2a: no more tears|Dazzling Gleam|p1a: Bisharp\n|-damage|p1a: Bisharp|57\/334\n|move|p1a: Bisharp|Iron Head|p2a: no more tears\n|-supereffective|p2a: no more tears\n|-damage|p2a: no more tears|0 fnt\n|-damage|p1a: Bisharp|24\/334|[from] item: Life Orb\n|faint|p2a: no more tears\n|\n|\n|switch|p2a: Rufus|Entei, shiny|314\/386\n|-damage|p2a: Rufus|218\/386|[from] Stealth Rock\n|-ability|p2a: Rufus|Pressure\n|turn|17\n|\n|move|p2a: Rufus|Extreme Speed|p1a: Bisharp\n|-resisted|p1a: Bisharp\n|-damage|p1a: Bisharp|0 fnt\n|faint|p1a: Bisharp\n|\n|-heal|p2a: Rufus|242\/386|[from] item: Leftovers\n|\n|switch|p1a: Latias|Latias, F|260\/320\n|turn|18\n|\n|move|p1a: Latias|Draco Meteor|p2a: Rufus\n|-damage|p2a: Rufus|0 fnt\n|-unboost|p1a: Latias|spa|2\n|-damage|p1a: Latias|228\/320|[from] item: Life Orb\n|faint|p2a: Rufus\n|\n|\n|switch|p2a: Precious|Hydreigon, F|285\/349\n|-damage|p2a: Precious|242\/349|[from] Stealth Rock\n|turn|19\n|\n|switch|p1a: Kyurem-Black|Kyurem-Black, shiny|274\/391\n|-ability|p1a: Kyurem-Black|Teravolt\n|move|p2a: Precious|Dark Pulse|p1a: Kyurem-Black\n|-damage|p1a: Kyurem-Black|99\/391\n|\n|turn|20\n|\n|move|p2a: Precious|Dark Pulse|p1a: Kyurem-Black\n|-damage|p1a: Kyurem-Black|0 fnt\n|faint|p1a: Kyurem-Black\n|\n|\n|switch|p1a: Talonflame|Talonflame, M|198\/319 psn\n|turn|21\n|\n|move|p1a: Talonflame|Brave Bird|p2a: Precious\n|-damage|p2a: Precious|50\/349\n|-damage|p1a: Talonflame|135\/319 psn|[from] recoil|[of] p2a: Precious\n|move|p2a: Precious|Dark Pulse|p1a: Talonflame\n|-damage|p1a: Talonflame|0 fnt\n|faint|p1a: Talonflame\n|\n|\n|switch|p1a: Slowbro|Slowbro-Mega, F|297\/394\n|turn|22\n|\n|move|p2a: Precious|Dark Pulse|p1a: Slowbro\n|-supereffective|p1a: Slowbro\n|-damage|p1a: Slowbro|0 fnt\n|faint|p1a: Slowbro\n|\n|\n|switch|p1a: Latias|Latias, F|228\/320\n|turn|23\n|\n|move|p2a: Precious|Dark Pulse|p1a: Latias\n|-supereffective|p1a: Latias\n|-damage|p1a: Latias|0 fnt\n|faint|p1a: Latias\n|\n|win|Ohmboy Tesla\n|raw|Ladder updating...\n|raw|Satanslilboy's rating: 1179 &rarr; <strong>1154<\/strong><br \/>(-25 for losing)\n|raw|Ohmboy Tesla's rating: 1175 &rarr; <strong>1200<\/strong><br \/>(+25 for winning)\n|c|\u2605Ohmboy Tesla|gg\n|leave|Satanslilboy\n|player|p1","inputlog":null,"uploadtime":1429598892,"views":1,"p1id":"satanslilboy","p2id":"ohmboytesla","formatid":"oususpecttest","rating":1154,"private":0,"password":null}