{"id":"radicalred-gen8draft-57440","p1":"LudwigFrog","p2":"Death of Mimikyu","format":"gen8draft","log":"|j|\u2606LudwigFrog\n|j|\u2606Death of Mimikyu\n|t:|1642640593\n|gametype|singles\n|player|p1|LudwigFrog|rr-coalossal|\n|player|p2|Death of Mimikyu|rr-soniayamper|\n|teamsize|p1|6\n|teamsize|p2|6\n|gen|8\n|tier|[Gen 8] Draft\n|rule|Sleep Clause Mod: Limit one foe put to sleep\n|rule|OHKO Clause: OHKO moves are banned\n|rule|Evasion Moves Clause: Evasion moves are banned\n|rule|Endless Battle Clause: Forcing endless battles is banned\n|rule|HP Percentage Mod: HP is shown in percentages\n|rule|Dynamax Clause: You cannot dynamax\n|rule|Z-Move Clause: Z-Moves are banned\n|clearpoke\n|poke|p1|Slowbro, F|\n|poke|p1|Urshifu-*, M|\n|poke|p1|Magnezone|\n|poke|p1|Corviknight, M|\n|poke|p1|Hippowdon, F|\n|poke|p1|Sceptile, F|\n|poke|p2|Copperajah, M|\n|poke|p2|Glastrier|\n|poke|p2|Mimikyu, M|\n|poke|p2|Celesteela|\n|poke|p2|Umbreon, M|\n|poke|p2|Indeedee, M|\n|teampreview\n|j| ItsByron\n|c|\u2606Death of Mimikyu|Glhf\n|\n|t:|1642640621\n|start\n|switch|p1a: Magnezone|Magnezone|100\/100\n|switch|p2a: Memeikyu|Mimikyu, M|100\/100\n|turn|1\n|c|\u2606LudwigFrog|u2\n|\n|t:|1642640627\n|move|p1a: Magnezone|Volt Switch|p2a: Memeikyu\n|-activate|p2a: Memeikyu|ability: Disguise\n|-damage|p2a: Memeikyu|100\/100\n|detailschange|p2a: Memeikyu|Mimikyu-Busted, M\n|-damage|p2a: Memeikyu|88\/100|[from] pokemon: Mimikyu-Busted\n|\n|t:|1642640629\n|switch|p1a: Corviknight|Corviknight, M|100\/100|[from]move: Volt Switch\n|-ability|p1a: Corviknight|Pressure\n|move|p2a: Memeikyu|Trick Room|p2a: Memeikyu\n|-fieldstart|move: Trick Room|[of] p2a: Memeikyu\n|\n|upkeep\n|turn|2\n|\n|t:|1642640643\n|switch|p2a: Efelant|Copperajah, M|100\/100\n|move|p1a: Corviknight|Toxic|p2a: Efelant\n|-immune|p2a: Efelant\n|\n|upkeep\n|turn|3\n|\n|t:|1642640649\n|switch|p1a: Slowbro|Slowbro, F|100\/100\n|detailschange|p2a: Efelant|Copperajah-Mega, M\n|-mega|p2a: Efelant|Copperajah|Copperajite\n|move|p2a: Efelant|Curse|p2a: Efelant\n|-unboost|p2a: Efelant|spe|1\n|-boost|p2a: Efelant|atk|1\n|-boost|p2a: Efelant|def|1\n|\n|upkeep\n|turn|4\n|\n|t:|1642640657\n|move|p2a: Efelant|Play Rough|p1a: Slowbro|[miss]\n|-miss|p2a: Efelant|p1a: Slowbro\n|move|p1a: Slowbro|Scald|p2a: Efelant\n|-damage|p2a: Efelant|79\/100\n|-status|p2a: Efelant|brn\n|\n|-damage|p2a: Efelant|73\/100 brn|[from] brn\n|upkeep\n|turn|5\n|\n|t:|1642640662\n|move|p2a: Efelant|Play Rough|p1a: Slowbro\n|-damage|p1a: Slowbro|77\/100\n|-damage|p2a: Efelant|57\/100 brn|[from] item: Rocky Helmet|[of] p1a: Slowbro\n|move|p1a: Slowbro|Teleport|p1a: Slowbro\n|c|\u2606Death of Mimikyu|BRUH\n|c| ItsByron|oof\n|c|\u2606LudwigFrog|oof\n|\n|t:|1642640669\n|switch|p1a: Magnezone|Magnezone|100\/100|[from]move: Teleport\n|\n|-damage|p2a: Efelant|51\/100 brn|[from] brn\n|-fieldend|move: Trick Room\n|upkeep\n|turn|6\n|c|\u2606Death of Mimikyu|Thats actual bullshit\n|c|\u2606LudwigFrog|yeah\n|\n|t:|1642640682\n|move|p1a: Magnezone|Volt Switch|p2a: Efelant\n|-damage|p2a: Efelant|18\/100 brn\n|\n|t:|1642640685\n|switch|p1a: Slowbro|Slowbro, F|100\/100|[from]move: Volt Switch\n|move|p2a: Efelant|Heat Crash|p1a: Slowbro\n|-resisted|p1a: Slowbro\n|-damage|p1a: Slowbro|90\/100\n|-damage|p2a: Efelant|1\/100 brn|[from] item: Rocky Helmet|[of] p1a: Slowbro\n|\n|-damage|p2a: Efelant|0 fnt|[from] brn\n|faint|p2a: Efelant\n|upkeep\n|\n|t:|1642640691\n|switch|p2a: Moon|Umbreon, M|100\/100\n|turn|7\n|\n|t:|1642640693\n|move|p2a: Moon|Toxic|p1a: Slowbro\n|-status|p1a: Slowbro|tox\n|move|p1a: Slowbro|Teleport|p1a: Slowbro\n|\n|t:|1642640696\n|switch|p1a: Urshifu|Urshifu, M|100\/100|[from]move: Teleport\n|\n|upkeep\n|turn|8\n|\n|t:|1642640721\n|move|p1a: Urshifu|Close Combat|p2a: Moon\n|-supereffective|p2a: Moon\n|-damage|p2a: Moon|0 fnt\n|-unboost|p1a: Urshifu|def|1\n|-unboost|p1a: Urshifu|spd|1\n|faint|p2a: Moon\n|\n|upkeep\n|\n|t:|1642640723\n|switch|p2a: Rooket|Celesteela|100\/100\n|turn|9\n|c| ItsByron|+1 252+ Atk Sheer Force Copperajah-Mega Play Rough vs. 252 HP \/ 252+ Def Slowbro: 161-190 (40.8 - 48.2%) -- guaranteed 3HKO\n|\n|t:|1642640728\n|switch|p1a: Corviknight|Corviknight, M|100\/100\n|-ability|p1a: Corviknight|Pressure\n|move|p2a: Rooket|Leech Seed|p1a: Corviknight\n|-start|p1a: Corviknight|move: Leech Seed\n|\n|-damage|p1a: Corviknight|88\/100|[from] Leech Seed|[of] p2a: Rooket\n|upkeep\n|turn|10\n|c| ItsByron|to be fair\n|c| ItsByron|wasn't a 2 shot\n|c|\u2606LudwigFrog|I dont think it mattered\n|c| ItsByron|still sucks tho\n|c|\u2606LudwigFrog|rocky helmet then zone\n|\n|t:|1642640745\n|move|p2a: Rooket|Protect|p2a: Rooket\n|-singleturn|p2a: Rooket|Protect\n|move|p1a: Corviknight|U-turn|p2a: Rooket\n|-activate|p2a: Rooket|move: Protect\n|\n|-heal|p1a: Corviknight|94\/100|[from] item: Leftovers\n|-damage|p1a: Corviknight|82\/100|[from] Leech Seed|[of] p2a: Rooket\n|upkeep\n|turn|11\n|c| ItsByron|ye\n|\n|t:|1642640749\n|move|p1a: Corviknight|U-turn|p2a: Rooket\n|-resisted|p2a: Rooket\n|-damage|p2a: Rooket|98\/100\n|\n|t:|1642640751\n|switch|p1a: Slowbro|Slowbro, F|100\/100 tox|[from]move: U-turn\n|move|p2a: Rooket|Flash Cannon|p1a: Slowbro\n|-resisted|p1a: Slowbro\n|-damage|p1a: Slowbro|86\/100 tox\n|\n|-heal|p2a: Rooket|100\/100|[from] item: Leftovers\n|-damage|p1a: Slowbro|80\/100 tox|[from] psn\n|upkeep\n|turn|12\n|\n|t:|1642640756\n|move|p2a: Rooket|Leech Seed|p1a: Slowbro\n|-start|p1a: Slowbro|move: Leech Seed\n|move|p1a: Slowbro|Teleport|p1a: Slowbro\n|\n|t:|1642640758\n|switch|p1a: Magnezone|Magnezone|100\/100|[from]move: Teleport\n|\n|upkeep\n|turn|13\n|c| ItsByron|just miss into burn \n|\n|t:|1642640765\n|move|p1a: Magnezone|Thunderbolt|p2a: Rooket\n|-supereffective|p2a: Rooket\n|-damage|p2a: Rooket|10\/100\n|-status|p2a: Rooket|par\n|move|p2a: Rooket|Leech Seed|p1a: Magnezone\n|-start|p1a: Magnezone|move: Leech Seed\n|\n|-heal|p2a: Rooket|16\/100 par|[from] item: Leftovers\n|-damage|p1a: Magnezone|88\/100|[from] Leech Seed|[of] p2a: Rooket\n|-heal|p2a: Rooket|24\/100 par|[silent]\n|upkeep\n|turn|14\n|c| ItsByron|is unfortunate \n|\n|t:|1642640774\n|move|p2a: Rooket|Protect|p2a: Rooket\n|-singleturn|p2a: Rooket|Protect\n|move|p1a: Magnezone|Thunderbolt|p2a: Rooket\n|-activate|p2a: Rooket|move: Protect\n|\n|-heal|p2a: Rooket|30\/100 par|[from] item: Leftovers\n|-damage|p1a: Magnezone|76\/100|[from] Leech Seed|[of] p2a: Rooket\n|-heal|p2a: Rooket|39\/100 par|[silent]\n|upkeep\n|turn|15\n|\n|t:|1642640777\n|move|p2a: Rooket|Protect|p2a: Rooket\n|-singleturn|p2a: Rooket|Protect\n|move|p1a: Magnezone|Thunderbolt|p2a: Rooket\n|-activate|p2a: Rooket|move: Protect\n|\n|-heal|p2a: Rooket|45\/100 par|[from] item: Leftovers\n|-damage|p1a: Magnezone|63\/100|[from] Leech Seed|[of] p2a: Rooket\n|-heal|p2a: Rooket|54\/100 par|[silent]\n|upkeep\n|turn|16\n|c|\u2606LudwigFrog|the miss hurts I agree\n|\n|t:|1642640801\n|move|p1a: Magnezone|Thunderbolt|p2a: Rooket\n|-supereffective|p2a: Rooket\n|-damage|p2a: Rooket|0 fnt\n|faint|p2a: Rooket\n|\n|upkeep\n|\n|t:|1642640806\n|switch|p2a: Horneh|Indeedee, M|100\/100\n|-fieldstart|move: Psychic Terrain|[from] ability: Psychic Surge|[of] p2a: Horneh\n|turn|17\n|c|\u2606LudwigFrog|I remember losing a draft game cause high horsepower missed lol\n|\n|t:|1642640810\n|switch|p1a: Corviknight|Corviknight, M|82\/100\n|-ability|p1a: Corviknight|Pressure\n|move|p2a: Horneh|Trick Room|p2a: Horneh\n|-fieldstart|move: Trick Room|[of] p2a: Horneh\n|-enditem|p2a: Horneh|Room Service\n|-unboost|p2a: Horneh|spe|1|[from] item: Room Service\n|\n|-heal|p1a: Corviknight|88\/100|[from] item: Leftovers\n|upkeep\n|turn|18\n|c| ItsByron|oof \n|\n|t:|1642640820\n|switch|p2a: Horce|Glastrier|100\/100\n|move|p1a: Corviknight|U-turn|p2a: Horce\n|-damage|p2a: Horce|91\/100\n|\n|t:|1642640822\n|switch|p1a: Slowbro|Slowbro, F|100\/100 tox|[from]move: U-turn\n|\n|-damage|p1a: Slowbro|94\/100 tox|[from] psn\n|upkeep\n|turn|19\n|\n|t:|1642640826\n|move|p1a: Slowbro|Scald|p2a: Horce\n|-damage|p2a: Horce|70\/100\n|move|p2a: Horce|Swords Dance|p2a: Horce\n|-boost|p2a: Horce|atk|2\n|\n|-damage|p1a: Slowbro|82\/100 tox|[from] psn\n|upkeep\n|turn|20\n|\n|t:|1642640836\n|move|p1a: Slowbro|Scald|p2a: Horce\n|-damage|p2a: Horce|49\/100\n|move|p2a: Horce|Icicle Crash|p1a: Slowbro\n|-resisted|p1a: Slowbro\n|-damage|p1a: Slowbro|49\/100 tox\n|\n|-damage|p1a: Slowbro|31\/100 tox|[from] psn\n|upkeep\n|turn|21\n|\n|t:|1642640845\n|move|p1a: Slowbro|Slack Off|p1a: Slowbro\n|-heal|p1a: Slowbro|81\/100 tox\n|move|p2a: Horce|High Horsepower|p1a: Slowbro\n|-crit|p1a: Slowbro\n|-damage|p1a: Slowbro|11\/100 tox\n|-damage|p2a: Horce|32\/100|[from] item: Rocky Helmet|[of] p1a: Slowbro\n|\n|-damage|p1a: Slowbro|0 fnt|[from] psn\n|faint|p1a: Slowbro\n|-fieldend|move: Trick Room\n|-fieldend|move: Psychic Terrain\n|upkeep\n|\n|t:|1642640848\n|switch|p1a: Magnezone|Magnezone|63\/100\n|turn|22\n|c|\u2606Death of Mimikyu|YES\n|c| ItsByron|and it comes back around \n|c| ItsByron|lol\n|c|\u2606LudwigFrog|lol\n|\n|t:|1642640861\n|switch|p2a: Memeikyu|Mimikyu-Busted, M|88\/100\n|move|p1a: Magnezone|Flash Cannon|p2a: Memeikyu\n|-supereffective|p2a: Memeikyu\n|-damage|p2a: Memeikyu|0 fnt\n|faint|p2a: Memeikyu\n|\n|upkeep\n|\n|t:|1642640865\n|switch|p2a: Horneh|Indeedee, M|100\/100\n|-fieldstart|move: Psychic Terrain|[from] ability: Psychic Surge|[of] p2a: Horneh\n|turn|23\n|\n|t:|1642640867\n|move|p1a: Magnezone|Flash Cannon|p2a: Horneh\n|-damage|p2a: Horneh|50\/100\n|move|p2a: Horneh|Trick Room|p2a: Horneh\n|-fieldstart|move: Trick Room|[of] p2a: Horneh\n|\n|upkeep\n|turn|24\n|\n|t:|1642640872\n|switch|p1a: Corviknight|Corviknight, M|88\/100\n|-ability|p1a: Corviknight|Pressure\n|move|p2a: Horneh|Expanding Force|p1a: Corviknight\n|-resisted|p1a: Corviknight\n|-damage|p1a: Corviknight|61\/100\n|\n|-heal|p1a: Corviknight|67\/100|[from] item: Leftovers\n|upkeep\n|turn|25\n|\n|t:|1642640876\n|move|p1a: Corviknight|U-turn|p2a: Horneh\n|-supereffective|p2a: Horneh\n|-damage|p2a: Horneh|1\/100\n|\n|t:|1642640878\n|switch|p1a: Hippowdon|Hippowdon, F|100\/100|[from]move: U-turn\n|-weather|Sandstorm|[from] ability: Sand Stream|[of] p1a: Hippowdon\n|move|p2a: Horneh|Mystical Fire|p1a: Hippowdon\n|-damage|p1a: Hippowdon|76\/100\n|-unboost|p1a: Hippowdon|spa|1\n|\n|-weather|Sandstorm|[upkeep]\n|-damage|p2a: Horneh|0 fnt|[from] Sandstorm\n|faint|p2a: Horneh\n|-heal|p1a: Hippowdon|82\/100|[from] item: Leftovers\n|upkeep\n|\n|t:|1642640881\n|switch|p2a: Horce|Glastrier|32\/100\n|turn|26\n|\n|t:|1642640885\n|switch|p1a: Magnezone|Magnezone|63\/100\n|move|p2a: Horce|Icicle Crash|p1a: Magnezone\n|-resisted|p1a: Magnezone\n|-damage|p1a: Magnezone|35\/100\n|\n|-weather|Sandstorm|[upkeep]\n|-damage|p2a: Horce|26\/100|[from] Sandstorm\n|upkeep\n|turn|27\n|\n|t:|1642640890\n|switch|p1a: Corviknight|Corviknight, M|67\/100\n|-ability|p1a: Corviknight|Pressure\n|move|p2a: Horce|High Horsepower|p1a: Corviknight\n|-immune|p1a: Corviknight\n|\n|-weather|Sandstorm|[upkeep]\n|-damage|p2a: Horce|20\/100|[from] Sandstorm\n|-heal|p1a: Corviknight|73\/100|[from] item: Leftovers\n|-fieldend|move: Trick Room\n|-fieldend|move: Psychic Terrain\n|upkeep\n|turn|28\n|\n|t:|1642640893\n|move|p1a: Corviknight|Brave Bird|p2a: Horce\n|-damage|p2a: Horce|0 fnt\n|faint|p2a: Horce\n|-damage|p1a: Corviknight|67\/100|[from] Recoil\n|\n|win|LudwigFrog\n|c|\u2606Death of Mimikyu|GG\n|c|\u2606LudwigFrog|gg\n|l| ItsByron\n|j| DJSen\n|l| DJSen\n|l|\u2606Death of Mimikyu\n","uploadtime":1642640894,"views":9,"p1id":"ludwigfrog","p2id":"deathofmimikyu","formatid":"gen8draft","rating":0,"private":0,"password":null}