{"id":"radicalred-gen8pladraft-142647","p1":"TehranTyphlosions","p2":"EGAWalreins","format":"gen8pladraft","log":"|j|\u2606TehranTyphlosions\n|j|\u2606EGAWalreins\n|t:|1653093005\n|gametype|singles\n|player|p1|TehranTyphlosions|101|\n|player|p2|EGAWalreins|baker|\n|teamsize|p1|6\n|teamsize|p2|6\n|gen|8\n|tier|[Gen 8] PLA Draft\n|rule|HP Percentage Mod: HP is shown in percentages\n|rule|Endless Battle Clause: Forcing endless battles is banned\n|rule|OHKO Clause: OHKO moves are banned\n|rule|Evasion Moves Clause: Evasion moves are banned\n|rule|Species Clause: Limit one of each Pok\u00e9mon\n|rule|Sleep Clause Mod: Limit one foe put to sleep\n|rule|Dynamax Clause: You cannot dynamax\n|rule|Z-Move Clause: Z-Moves are banned\n|clearpoke\n|poke|p1|Jolteon, M|\n|poke|p1|Mamoswine, M|\n|poke|p1|Urshifu-*, F|\n|poke|p1|Aerodactyl, M|\n|poke|p1|Clefable, F|\n|poke|p1|Latios, M|\n|poke|p2|Kyurem|\n|poke|p2|Volcanion|\n|poke|p2|Aegislash, M|\n|poke|p2|Greninja, F|\n|poke|p2|Lycanroc-Dusk, F|\n|poke|p2|Enamorus-Therian, F|\n|teampreview\n|c|\u2606EGAWalreins|gl hf!\n|c|\u2606TehranTyphlosions|gl gl\n|j| arezuwu\n|c| arezuwu|unhide ur game\n|c| arezuwu|pussio \n|j| AleYou\n|c|\u2606EGAWalreins|\/log EGAWalreins made this room public.\n|j| EGALombres\n|j| dokythedingus\n|\n|t:|1653093136\n|start\n|switch|p1a: Urshifu|Urshifu-Rapid-Strike, F|100\/100\n|switch|p2a: Lycanroc|Lycanroc-Dusk, F|100\/100\n|turn|1\n|j| EGAZebstrikas\n|c| EGAZebstrikas|hidden game cringe\n|c| EGAZebstrikas|frfr\n|c| EGALombres|no gallade mega edition\n|c| EGALombres|homie wasn't lying when he said he could prevent it getting first\n|c|\u2606EGAWalreins|my prep was some dog looking at it rn LOL\n|\n|t:|1653093179\n|switch|p2a: Volcanion|Volcanion|100\/100\n|move|p1a: Urshifu|U-turn|p2a: Volcanion\n|-resisted|p2a: Volcanion\n|-damage|p2a: Volcanion|91\/100\n|\n|t:|1653093184\n|switch|p1a: Jolteon|Jolteon, M|100\/100|[from]move: U-turn\n|\n|upkeep\n|turn|2\n|c| EGAZebstrikas|why u leave mmlade at home\n|c| EGAZebstrikas|am confusion\n|c| EGAZebstrikas|hes a cool guy\n|c| dokythedingus|too broken\n|c| dokythedingus|not fun\n|c| EGAZebstrikas|ic ic\n|j| Ice master viking\n|\n|t:|1653093272\n|switch|p2a: Hobby|Kyurem|100\/100\n|-ability|p2a: Hobby|Pressure\n|move|p1a: Jolteon|Volt Switch|p2a: Hobby\n|-resisted|p2a: Hobby\n|-damage|p2a: Hobby|84\/100\n|\n|t:|1653093360\n|switch|p1a: Urshifu|Urshifu-Rapid-Strike, F|100\/100|[from]move: Volt Switch\n|\n|upkeep\n|turn|3\n|\n|t:|1653093374\n|switch|p2a: Aegislash|Aegislash, M|100\/100\n|move|p1a: Urshifu|U-turn|p2a: Aegislash\n|-resisted|p2a: Aegislash\n|-damage|p2a: Aegislash|96\/100\n|\n|t:|1653093403\n|switch|p1a: Mamoswine|Mamoswine, M|100\/100|[from]move: U-turn\n|\n|-heal|p2a: Aegislash|100\/100|[from] item: Leftovers\n|upkeep\n|turn|4\n|c| dokythedingus|when the team loses to mamoswine !!\n|c| EGALombres|every team alert\n|c| EGAZebstrikas|mamoswine is a monster that is pocketed\n|c| dokythedingus|no just this team\n|c| EGALombres|plant just joined call\n|c| EGALombres|to get ghosted\n|c| EGALombres|you claiming sean\n|c|\u2606EGAWalreins|i literally joined\n|c| EGALombres|?\n|c| dokythedingus|banned\n|c| dokythedingus|gg\n|c|\u2606TehranTyphlosions|what the freeeeeak\n|c|\u2606EGAWalreins|heard clicking on the keyboard\n|c| EGALombres|yeah that was morse\n|c| EGALombres|code\n|c|\u2606EGAWalreins|said \"i did not realize how absurdly awful my prep was\"\n|c| EGALombres|for the play you had to make\n|c| dokythedingus|get ghosted idiot\n|c|\u2606EGAWalreins|and left\n|c|\u2606EGAWalreins|L + mod abuse\n|c| EGALombres|i also couldn't even hear what you said haha\n|c|\u2606TehranTyphlosions|i dont believe it\n|c| arezuwu|go to mega gallade here\n|c| arezuwu|wait this isnt plant's dms\n|c| EGAZebstrikas|damn\n|c| EGALombres|keep yourself safe loser\n|c| EGALombres|wait this isn't plants dms\n|c| dokythedingus|oh jeez!\n|\n|t:|1653093594\n|switch|p2a: Hobby|Kyurem|84\/100\n|-ability|p2a: Hobby|Pressure\n|move|p1a: Mamoswine|Earthquake|p2a: Hobby\n|-damage|p2a: Hobby|7\/100\n|\n|upkeep\n|turn|5\n|c| EGALombres|plant needs to keep himself safe vs this mamoswine i mean\n|c| dokythedingus|how to make origami mega gallade\n|c| dokythedingus|wait this isn't plants dms\n|c|\u2606TehranTyphlosions|um moderatoes id like to claim ffw!! \ud83e\udd13\n|\n|t:|1653093621\n|switch|p1a: Jolteon|Jolteon, M|100\/100\n|move|p2a: Hobby|Roost|p2a: Hobby\n|-heal|p2a: Hobby|58\/100\n|-singleturn|p2a: Hobby|move: Roost\n|\n|upkeep\n|turn|6\n|c| EGAZebstrikas|plant has dms?\n|c| dokythedingus|no\n|c| EGAZebstrikas|no claiming sadly\n|\n|t:|1653093643\n|move|p1a: Jolteon|Volt Switch|p2a: Hobby\n|-resisted|p2a: Hobby\n|-damage|p2a: Hobby|41\/100\n|\n|t:|1653093651\n|switch|p1a: Urshifu|Urshifu-Rapid-Strike, F|100\/100|[from]move: Volt Switch\n|move|p2a: Hobby|Substitute|p2a: Hobby\n|-start|p2a: Hobby|Substitute\n|-damage|p2a: Hobby|17\/100\n|\n|upkeep\n|turn|7\n|c| EGAZebstrikas|mod abuse is a real problem u have to deal with urself\n|\n|t:|1653093676\n|move|p1a: Urshifu|U-turn|p2a: Hobby\n|-activate|p2a: Hobby|move: Substitute|[damage]\n|\n|t:|1653093681\n|switch|p1a: Clefable|Clefable, F|100\/100|[from]move: U-turn\n|move|p2a: Hobby|Roost|p2a: Hobby\n|-heal|p2a: Hobby|67\/100\n|-singleturn|p2a: Hobby|move: Roost\n|\n|upkeep\n|turn|8\n|c| dokythedingus|reveal balls grab\n|c| EGALombres|use it on me\n|c| dokythedingus|doing this\n|\n|t:|1653093733\n|move|p2a: Hobby|Dragon Dance|p2a: Hobby\n|-boost|p2a: Hobby|atk|1\n|-boost|p2a: Hobby|spe|1\n|move|p1a: Clefable|Moonblast|p2a: Hobby\n|-supereffective|p2a: Hobby\n|-end|p2a: Hobby|Substitute\n|\n|upkeep\n|turn|9\n|\n|t:|1653093741\n|move|p2a: Hobby|Substitute|p2a: Hobby\n|-start|p2a: Hobby|Substitute\n|-damage|p2a: Hobby|42\/100\n|move|p1a: Clefable|Moonblast|p2a: Hobby\n|-supereffective|p2a: Hobby\n|-end|p2a: Hobby|Substitute\n|\n|upkeep\n|turn|10\n|c|\u2606TehranTyphlosions|monka GIGA\n|\n|t:|1653093751\n|move|p2a: Hobby|Substitute|p2a: Hobby\n|-start|p2a: Hobby|Substitute\n|-damage|p2a: Hobby|17\/100\n|move|p1a: Clefable|Moonblast|p2a: Hobby\n|-supereffective|p2a: Hobby\n|-end|p2a: Hobby|Substitute\n|\n|upkeep\n|turn|11\n|\n|t:|1653093756\n|move|p2a: Hobby|Roost|p2a: Hobby\n|-heal|p2a: Hobby|67\/100\n|-singleturn|p2a: Hobby|move: Roost\n|move|p1a: Clefable|Moonblast|p2a: Hobby\n|-supereffective|p2a: Hobby\n|-damage|p2a: Hobby|7\/100\n|-unboost|p2a: Hobby|spa|1\n|-enditem|p2a: Hobby|Weakness Policy\n|-boost|p2a: Hobby|atk|2|[from] item: Weakness Policy\n|-boost|p2a: Hobby|spa|2|[from] item: Weakness Policy\n|\n|upkeep\n|turn|12\n|c|\u2606TehranTyphlosions|id like to ff rn\n|\n|t:|1653093776\n|move|p2a: Hobby|Icicle Spear|p1a: Clefable\n|-damage|p1a: Clefable|88\/100\n|-damage|p1a: Clefable|74\/100\n|-hitcount|p1a: Clefable|2\n|move|p1a: Clefable|Moonblast|p2a: Hobby\n|-supereffective|p2a: Hobby\n|-damage|p2a: Hobby|0 fnt\n|faint|p2a: Hobby\n|\n|-heal|p1a: Clefable|80\/100|[from] item: Leftovers\n|upkeep\n|c|\u2606EGAWalreins|o\n|c| EGAZebstrikas|2\n|c|\u2606EGAWalreins|nice\n|c| EGALombres|ye figured\n|c| arezuwu|o\n|c| EGALombres|it's an mlade mu haha\n|\n|t:|1653093795\n|switch|p2a: Aegislash|Aegislash, M|100\/100\n|turn|13\n|\n|t:|1653093832\n|switch|p1a: Jolteon|Jolteon, M|100\/100\n|-formechange|p2a: Aegislash|Aegislash-Blade||[from] ability: Stance Change\n|move|p2a: Aegislash|Iron Head|p1a: Jolteon\n|-resisted|p1a: Jolteon\n|-damage|p1a: Jolteon|55\/100\n|\n|-heal|p1a: Jolteon|61\/100|[from] item: Leftovers\n|upkeep\n|turn|14\n|\n|t:|1653093847\n|-formechange|p2a: Aegislash|Aegislash||[from] ability: Stance Change\n|move|p2a: Aegislash|King's Shield|p2a: Aegislash\n|-singleturn|p2a: Aegislash|Protect\n|move|p1a: Jolteon|Thunderbolt|p2a: Aegislash\n|-activate|p2a: Aegislash|move: Protect\n|\n|-heal|p1a: Jolteon|67\/100|[from] item: Leftovers\n|upkeep\n|turn|15\n|\n|t:|1653093871\n|move|p1a: Jolteon|Shadow Ball|p2a: Aegislash\n|-supereffective|p2a: Aegislash\n|-damage|p2a: Aegislash|59\/100\n|-formechange|p2a: Aegislash|Aegislash-Blade||[from] ability: Stance Change\n|move|p2a: Aegislash|Shadow Claw|p1a: Jolteon\n|-damage|p1a: Jolteon|0 fnt\n|faint|p1a: Jolteon\n|\n|-heal|p2a: Aegislash|65\/100|[from] item: Leftovers\n|upkeep\n|\n|t:|1653093876\n|switch|p1a: Mamoswine|Mamoswine, M|100\/100\n|turn|16\n|\n|t:|1653093885\n|-formechange|p2a: Aegislash|Aegislash||[from] ability: Stance Change\n|move|p2a: Aegislash|King's Shield|p2a: Aegislash\n|-singleturn|p2a: Aegislash|Protect\n|move|p1a: Mamoswine|Icicle Crash|p2a: Aegislash\n|-activate|p2a: Aegislash|move: Protect\n|\n|-heal|p2a: Aegislash|71\/100|[from] item: Leftovers\n|upkeep\n|turn|17\n|\n|t:|1653093904\n|switch|p1a: Urshifu|Urshifu-Rapid-Strike, F|100\/100\n|-formechange|p2a: Aegislash|Aegislash-Blade||[from] ability: Stance Change\n|move|p2a: Aegislash|Iron Head|p1a: Urshifu\n|-resisted|p1a: Urshifu\n|-damage|p1a: Urshifu|78\/100\n|\n|-heal|p2a: Aegislash|78\/100|[from] item: Leftovers\n|upkeep\n|turn|18\n|\n|t:|1653093987\n|switch|p2a: Volcanion|Volcanion|91\/100\n|move|p1a: Urshifu|Surging Strikes|p2a: Volcanion\n|-heal|p2a: Volcanion|100\/100|[from] ability: Water Absorb|[of] p1a: Urshifu\n|\n|upkeep\n|turn|19\n|c| EGAZebstrikas|cammy said cross chop\n|\n|t:|1653094004\n|switch|p1a: Latios|Latios, M|100\/100\n|move|p2a: Volcanion|Steam Eruption|p1a: Latios\n|-resisted|p1a: Latios\n|-damage|p1a: Latios|72\/100\n|\n|upkeep\n|turn|20\n|\n|t:|1653094051\n|switch|p2a: Enamorus|Enamorus-Therian, F|100\/100\n|move|p1a: Latios|Thunderbolt|p2a: Enamorus\n|-supereffective|p2a: Enamorus\n|-damage|p2a: Enamorus|12\/100\n|-damage|p1a: Latios|62\/100|[from] item: Life Orb\n|\n|upkeep\n|turn|21\n|\n|t:|1653094082\n|move|p1a: Latios|Psychic|p2a: Enamorus\n|-damage|p2a: Enamorus|0 fnt\n|faint|p2a: Enamorus\n|-damage|p1a: Latios|52\/100|[from] item: Life Orb\n|\n|upkeep\n|\n|t:|1653094085\n|switch|p2a: Aegislash|Aegislash, M|78\/100\n|turn|22\n|c| EGAZebstrikas|click a button?!??!\n|c| EGAZebstrikas|this isnt a rolycoly match\n|\n|t:|1653094185\n|switch|p1a: Urshifu|Urshifu-Rapid-Strike, F|78\/100\n|-formechange|p2a: Aegislash|Aegislash-Blade||[from] ability: Stance Change\n|move|p2a: Aegislash|Shadow Claw|p1a: Urshifu\n|-damage|p1a: Urshifu|39\/100\n|\n|-heal|p2a: Aegislash|84\/100|[from] item: Leftovers\n|upkeep\n|turn|23\n|\n|t:|1653094209\n|move|p1a: Urshifu|U-turn|p2a: Aegislash\n|-resisted|p2a: Aegislash\n|-damage|p2a: Aegislash|73\/100\n|\n|t:|1653094214\n|switch|p1a: Clefable|Clefable, F|80\/100|[from]move: U-turn\n|move|p2a: Aegislash|Shadow Claw|p1a: Clefable\n|-damage|p1a: Clefable|40\/100\n|\n|-heal|p1a: Clefable|46\/100|[from] item: Leftovers\n|-heal|p2a: Aegislash|79\/100|[from] item: Leftovers\n|upkeep\n|turn|24\n|\n|t:|1653094223\n|move|p2a: Aegislash|Iron Head|p1a: Clefable\n|-supereffective|p1a: Clefable\n|-damage|p1a: Clefable|0 fnt\n|faint|p1a: Clefable\n|\n|-heal|p2a: Aegislash|85\/100|[from] item: Leftovers\n|upkeep\n|\n|t:|1653094232\n|switch|p1a: Urshifu|Urshifu-Rapid-Strike, F|39\/100\n|turn|25\n|c| EGALombres|intriguing manouever \n|c| dokythedingus|intriguing manouever\n|\n|t:|1653094291\n|switch|p2a: Volcanion|Volcanion|100\/100\n|move|p1a: Urshifu|U-turn|p2a: Volcanion\n|-resisted|p2a: Volcanion\n|-crit|p2a: Volcanion\n|-damage|p2a: Volcanion|88\/100\n|\n|t:|1653094309\n|switch|p1a: Latios|Latios, M|52\/100|[from]move: U-turn\n|\n|upkeep\n|turn|26\n|\n|t:|1653094359\n|move|p1a: Latios|Thunderbolt|p2a: Volcanion\n|-supereffective|p2a: Volcanion\n|-damage|p2a: Volcanion|0 fnt\n|faint|p2a: Volcanion\n|-damage|p1a: Latios|42\/100|[from] item: Life Orb\n|\n|upkeep\n|\n|t:|1653094363\n|switch|p2a: Greninja|Greninja, F|100\/100\n|turn|27\n|l| Ice master viking\n|\n|t:|1653094422\n|move|p2a: Greninja|Dark Pulse|p1a: Latios\n|-supereffective|p1a: Latios\n|-damage|p1a: Latios|0 fnt\n|faint|p1a: Latios\n|\n|upkeep\n|j| Osa10\n|j| Ice master viking\n|\n|t:|1653094464\n|switch|p1a: Urshifu|Urshifu-Rapid-Strike, F|39\/100\n|turn|28\n|l| AleYou\n|\n|t:|1653094515\n|move|p2a: Greninja|Water Shuriken|p1a: Urshifu\n|-resisted|p1a: Urshifu\n|-damage|p1a: Urshifu|33\/100\n|-resisted|p1a: Urshifu\n|-damage|p1a: Urshifu|27\/100\n|-resisted|p1a: Urshifu\n|-damage|p1a: Urshifu|21\/100\n|-hitcount|p1a: Urshifu|3\n|move|p1a: Urshifu|U-turn|p2a: Greninja\n|-supereffective|p2a: Greninja\n|-damage|p2a: Greninja|28\/100\n|\n|t:|1653094622\n|switch|p1a: Aerodactyl|Aerodactyl, M|100\/100|[from]move: U-turn\n|-ability|p1a: Aerodactyl|Unnerve\n|\n|upkeep\n|turn|29\n|\n|t:|1653094678\n|detailschange|p1a: Aerodactyl|Aerodactyl-Mega, M\n|-mega|p1a: Aerodactyl|Aerodactyl|Aerodactylite\n|move|p2a: Greninja|Water Shuriken|p1a: Aerodactyl\n|-supereffective|p1a: Aerodactyl\n|-damage|p1a: Aerodactyl|73\/100\n|-supereffective|p1a: Aerodactyl\n|-damage|p1a: Aerodactyl|46\/100\n|-supereffective|p1a: Aerodactyl\n|-damage|p1a: Aerodactyl|18\/100\n|-supereffective|p1a: Aerodactyl\n|-damage|p1a: Aerodactyl|0 fnt\n|faint|p1a: Aerodactyl\n|-hitcount|p1: Aerodactyl|4\n|\n|upkeep\n|c| EGALombres|bbbbbbbbbbb\n|c| EGAZebstrikas|gren just wore his specs\n|c|\u2606TehranTyphlosions|yae the torrent range\n|c| EGALombres|ye\n|c| EGALombres|torrentio\n|\n|t:|1653094749\n|switch|p1a: Urshifu|Urshifu-Rapid-Strike, F|21\/100\n|turn|30\n|\n|t:|1653094771\n|move|p2a: Greninja|Water Shuriken|p1a: Urshifu\n|-resisted|p1a: Urshifu\n|-damage|p1a: Urshifu|11\/100\n|-resisted|p1a: Urshifu\n|-damage|p1a: Urshifu|2\/100\n|-hitcount|p1a: Urshifu|2\n|move|p1a: Urshifu|U-turn|p2a: Greninja\n|-supereffective|p2a: Greninja\n|-damage|p2a: Greninja|0 fnt\n|faint|p2a: Greninja\n|\n|t:|1653094777\n|switch|p1a: Mamoswine|Mamoswine, M|100\/100|[from]move: U-turn\n|\n|upkeep\n|\n|t:|1653094781\n|switch|p2a: Lycanroc|Lycanroc-Dusk, F|100\/100\n|turn|31\n|\n|t:|1653094795\n|move|p2a: Lycanroc|Close Combat|p1a: Mamoswine\n|-supereffective|p1a: Mamoswine\n|-damage|p1a: Mamoswine|0 fnt\n|-unboost|p2a: Lycanroc|def|1\n|-unboost|p2a: Lycanroc|spd|1\n|faint|p1a: Mamoswine\n|-damage|p2a: Lycanroc|91\/100|[from] item: Life Orb\n|\n|upkeep\n|\n|t:|1653094797\n|switch|p1a: Urshifu|Urshifu-Rapid-Strike, F|2\/100\n|turn|32\n|c| EGALombres|accelerizzy\n|\n|t:|1653094806\n|move|p2a: Lycanroc|Accelerock|p1a: Urshifu\n|-resisted|p1a: Urshifu\n|-damage|p1a: Urshifu|0 fnt\n|faint|p1a: Urshifu\n|-damage|p2a: Lycanroc|81\/100|[from] item: Life Orb\n|\n|win|EGAWalreins\n|c|\u2606TehranTyphlosions|gg\n|c|\u2606EGAWalreins|gg\n|l| arezuwu\n|l|\u2606TehranTyphlosions\n|l| EGAZebstrikas\n","uploadtime":1653094838,"views":32,"p1id":"tehrantyphlosions","p2id":"egawalreins","formatid":"gen8pladraft","rating":0,"private":0,"password":null}