{"id":"radicalred-gen8pladraft-309162","p1":"freakydood","p2":"AriJimo","format":"gen8pladraft","log":"|j|\u2606freakydood\n|j|\u2606AriJimo\n|t:|1668035114\n|gametype|singles\n|player|p1|freakydood|169|\n|player|p2|AriJimo|1|\n|teamsize|p1|6\n|teamsize|p2|6\n|gen|8\n|tier|[Gen 8] PLA Draft\n|rule|HP Percentage Mod: HP is shown in percentages\n|rule|Endless Battle Clause: Forcing endless battles is banned\n|rule|OHKO Clause: OHKO moves are banned\n|rule|Evasion Moves Clause: Evasion moves are banned\n|rule|Species Clause: Limit one of each Pok\u00e9mon\n|rule|Sleep Clause Mod: Limit one foe put to sleep\n|rule|Dynamax Clause: You cannot dynamax\n|rule|Z-Move Clause: Z-Moves are banned\n|clearpoke\n|poke|p1|Cinderace, F|\n|poke|p1|Magnezone|\n|poke|p1|Salamence, F|\n|poke|p1|Ferrothorn, M|\n|poke|p1|Garchomp, M|\n|poke|p1|Slowking, F|\n|poke|p2|Venomoth, F|\n|poke|p2|Magneton|\n|poke|p2|Jellicent, M|\n|poke|p2|Sandslash, F|\n|poke|p2|Comfey, F|\n|poke|p2|Charizard, F|\n|teampreview\n|c|\u2606freakydood|glhf\n|c|\u2606AriJimo|u2\n|\n|t:|1668035144\n|start\n|switch|p1a: Cinderace|Cinderace, F|100\/100\n|switch|p2a: Charizard|Charizard, F|100\/100\n|turn|1\n|\n|t:|1668035156\n|switch|p1a: Slowking|Slowking, F|100\/100\n|move|p2a: Charizard|Toxic|p1a: Slowking\n|-status|p1a: Slowking|tox\n|\n|-damage|p1a: Slowking|94\/100 tox|[from] psn\n|upkeep\n|turn|2\n|\n|t:|1668035174\n|switch|p2a: Sandslash|Sandslash, F|100\/100\n|move|p1a: Slowking|Future Sight|p2a: Sandslash\n|-start|p1a: Slowking|move: Future Sight\n|\n|-damage|p1a: Slowking|82\/100 tox|[from] psn\n|upkeep\n|turn|3\n|\n|t:|1668035182\n|switch|p1a: Ferrothorn|Ferrothorn, M|100\/100\n|move|p2a: Sandslash|Knock Off|p1a: Ferrothorn\n|-damage|p1a: Ferrothorn|83\/100\n|-damage|p2a: Sandslash|88\/100|[from] ability: Iron Barbs|[of] p1a: Ferrothorn\n|-enditem|p1a: Ferrothorn|Leftovers|[from] move: Knock Off|[of] p2a: Sandslash\n|\n|-heal|p2a: Sandslash|94\/100|[from] item: Leftovers\n|upkeep\n|turn|4\n|\n|t:|1668035200\n|switch|p1a: Cinderace|Cinderace, F|100\/100\n|move|p2a: Sandslash|Stealth Rock|p1a: Cinderace\n|-sidestart|p1: freakydood|move: Stealth Rock\n|\n|-end|p2a: Sandslash|move: Future Sight\n|-damage|p2a: Sandslash|29\/100\n|-heal|p2a: Sandslash|36\/100|[from] item: Leftovers\n|upkeep\n|turn|5\n|\n|t:|1668035211\n|move|p1a: Cinderace|U-turn|p2a: Sandslash\n|-damage|p2a: Sandslash|8\/100\n|\n|t:|1668035220\n|switch|p1a: Ferrothorn|Ferrothorn, M|83\/100|[from]move: U-turn\n|-damage|p1a: Ferrothorn|77\/100|[from] Stealth Rock\n|move|p2a: Sandslash|Earthquake|p1a: Ferrothorn\n|-crit|p1a: Ferrothorn\n|-damage|p1a: Ferrothorn|38\/100\n|\n|-heal|p2a: Sandslash|14\/100|[from] item: Leftovers\n|upkeep\n|turn|6\n|\n|t:|1668035231\n|move|p2a: Sandslash|Earthquake|p1a: Ferrothorn\n|-damage|p1a: Ferrothorn|12\/100\n|move|p1a: Ferrothorn|Leech Seed|p2a: Sandslash\n|-start|p2a: Sandslash|move: Leech Seed\n|\n|-heal|p2a: Sandslash|20\/100|[from] item: Leftovers\n|-damage|p2a: Sandslash|8\/100|[from] Leech Seed|[of] p1a: Ferrothorn\n|-heal|p1a: Ferrothorn|24\/100|[silent]\n|upkeep\n|turn|7\n|\n|t:|1668035239\n|switch|p1a: Salamence|Salamence, F|100\/100\n|-ability|p1a: Salamence|Intimidate|boost\n|-unboost|p2a: Sandslash|atk|1\n|move|p2a: Sandslash|Earthquake|p1a: Salamence\n|-immune|p1a: Salamence\n|\n|-heal|p2a: Sandslash|14\/100|[from] item: Leftovers\n|-damage|p2a: Sandslash|2\/100|[from] Leech Seed|[of] p1a: Salamence\n|upkeep\n|turn|8\n|\n|t:|1668035243\n|move|p1a: Salamence|Flamethrower|p2a: Sandslash\n|-damage|p2a: Sandslash|0 fnt\n|faint|p2a: Sandslash\n|\n|upkeep\n|\n|t:|1668035272\n|switch|p2a: Charizard|Charizard, F|100\/100\n|turn|9\n|\n|t:|1668035276\n|switch|p1a: Slowking|Slowking, F|100\/100 tox\n|move|p2a: Charizard|Toxic|p1a: Slowking\n|-fail|p1a: Slowking|tox\n|\n|-damage|p1a: Slowking|94\/100 tox|[from] psn\n|upkeep\n|turn|10\n|\n|t:|1668035289\n|switch|p2a: Magneton|Magneton|100\/100\n|move|p1a: Slowking|Future Sight|p2a: Magneton\n|-start|p1a: Slowking|move: Future Sight\n|\n|-damage|p1a: Slowking|82\/100 tox|[from] psn\n|upkeep\n|turn|11\n|\n|t:|1668035300\n|switch|p1a: Ferrothorn|Ferrothorn, M|24\/100\n|-damage|p1a: Ferrothorn|18\/100|[from] Stealth Rock\n|move|p2a: Magneton|Flash Cannon|p1a: Ferrothorn\n|-resisted|p1a: Ferrothorn\n|-damage|p1a: Ferrothorn|0 fnt\n|faint|p1a: Ferrothorn\n|\n|upkeep\n|\n|t:|1668035327\n|switch|p1a: Cinderace|Cinderace, F|100\/100\n|-damage|p1a: Cinderace|76\/100|[from] Stealth Rock\n|turn|12\n|\n|t:|1668035340\n|switch|p2a: Jellicent|Jellicent, M|100\/100\n|move|p1a: Cinderace|Pyro Ball|p2a: Jellicent\n|-resisted|p2a: Jellicent\n|-damage|p2a: Jellicent|67\/100\n|\n|-end|p2a: Jellicent|move: Future Sight\n|-damage|p2a: Jellicent|35\/100\n|-heal|p2a: Jellicent|41\/100|[from] item: Leftovers\n|upkeep\n|turn|13\n|\n|t:|1668035349\n|switch|p1a: Magnezone|Magnezone|100\/100\n|-damage|p1a: Magnezone|94\/100|[from] Stealth Rock\n|move|p2a: Jellicent|Strength Sap|p1a: Magnezone\n|-unboost|p1a: Magnezone|atk|1\n|-heal|p2a: Jellicent|73\/100\n|\n|-heal|p1a: Magnezone|100\/100|[from] item: Leftovers\n|-heal|p2a: Jellicent|80\/100|[from] item: Leftovers\n|upkeep\n|turn|14\n|\n|t:|1668035363\n|switch|p2a: Venomoth|Venomoth, F|100\/100\n|move|p1a: Magnezone|Volt Switch|p2a: Venomoth\n|-damage|p2a: Venomoth|20\/100\n|\n|t:|1668035369\n|switch|p1a: Salamence|Salamence, F|100\/100|[from]move: Volt Switch\n|-ability|p1a: Salamence|Intimidate|boost\n|-unboost|p2a: Venomoth|atk|1\n|\n|upkeep\n|turn|15\n|\n|t:|1668035374\n|move|p1a: Salamence|Defog|p2a: Venomoth\n|-unboost|p2a: Venomoth|evasion|1\n|-sideend|p1: freakydood|Stealth Rock|[from] move: Defog|[of] p1a: Salamence\n|move|p2a: Venomoth|Sleep Powder|p1a: Salamence|[miss]\n|-miss|p2a: Venomoth|p1a: Salamence\n|\n|upkeep\n|turn|16\n|\n|t:|1668035391\n|switch|p2a: Comfey|Comfey, F|100\/100\n|move|p1a: Salamence|Hurricane|p2a: Comfey|[miss]\n|-miss|p1a: Salamence|p2a: Comfey\n|\n|upkeep\n|turn|17\n|\n|t:|1668035396\n|switch|p1a: Magnezone|Magnezone|100\/100\n|move|p2a: Comfey|U-turn|p1a: Magnezone\n|-resisted|p1a: Magnezone\n|-damage|p1a: Magnezone|96\/100\n|\n|t:|1668035399\n|switch|p2a: Charizard|Charizard, F|100\/100|[from]move: U-turn\n|\n|-heal|p1a: Magnezone|100\/100|[from] item: Leftovers\n|upkeep\n|turn|18\n|\n|t:|1668035405\n|switch|p1a: Slowking|Slowking, F|100\/100 tox\n|move|p2a: Charizard|Flamethrower|p1a: Slowking\n|-resisted|p1a: Slowking\n|-damage|p1a: Slowking|89\/100 tox\n|\n|-damage|p1a: Slowking|82\/100 tox|[from] psn\n|upkeep\n|turn|19\n|\n|t:|1668035416\n|move|p2a: Charizard|Hurricane|p1a: Slowking\n|-damage|p1a: Slowking|53\/100 tox\n|move|p1a: Slowking|Teleport|p1a: Slowking\n|\n|t:|1668035433\n|switch|p1a: Cinderace|Cinderace, F|76\/100|[from]move: Teleport\n|\n|upkeep\n|turn|20\n|\n|t:|1668035443\n|move|p1a: Cinderace|Gunk Shot|p2a: Charizard|[miss]\n|-miss|p1a: Cinderace|p2a: Charizard\n|move|p2a: Charizard|Hurricane|p1a: Cinderace|[miss]\n|-miss|p2a: Charizard|p1a: Cinderace\n|\n|upkeep\n|turn|21\n|\n|t:|1668035448\n|move|p1a: Cinderace|Gunk Shot|p2a: Charizard\n|-damage|p2a: Charizard|21\/100\n|-status|p2a: Charizard|psn\n|move|p2a: Charizard|Hurricane|p1a: Cinderace|[miss]\n|-miss|p2a: Charizard|p1a: Cinderace\n|\n|-damage|p2a: Charizard|9\/100 psn|[from] psn\n|upkeep\n|turn|22\n|\n|t:|1668035456\n|switch|p2a: Magneton|Magneton|100\/100\n|move|p1a: Cinderace|Gunk Shot|p2a: Magneton\n|-immune|p2a: Magneton\n|\n|upkeep\n|turn|23\n|\n|t:|1668035472\n|switch|p1a: Magnezone|Magnezone|100\/100\n|move|p2a: Magneton|Volt Switch|p1a: Magnezone\n|-resisted|p1a: Magnezone\n|-damage|p1a: Magnezone|65\/100\n|\n|t:|1668035478\n|switch|p2a: Venomoth|Venomoth, F|20\/100|[from]move: Volt Switch\n|\n|-heal|p1a: Magnezone|71\/100|[from] item: Leftovers\n|upkeep\n|turn|24\n|\n|t:|1668035484\n|move|p2a: Venomoth|Sleep Powder|p1a: Magnezone\n|-status|p1a: Magnezone|slp|[from] move: Sleep Powder\n|cant|p1a: Magnezone|slp\n|\n|-heal|p1a: Magnezone|77\/100 slp|[from] item: Leftovers\n|upkeep\n|turn|25\n|\n|t:|1668035495\n|switch|p1a: Salamence|Salamence, F|100\/100\n|-ability|p1a: Salamence|Intimidate|boost\n|-unboost|p2a: Venomoth|atk|1\n|move|p2a: Venomoth|Quiver Dance|p2a: Venomoth\n|-boost|p2a: Venomoth|spa|1\n|-boost|p2a: Venomoth|spd|1\n|-boost|p2a: Venomoth|spe|1\n|\n|upkeep\n|turn|26\n|\n|t:|1668035502\n|move|p2a: Venomoth|Sludge Bomb|p1a: Salamence\n|-damage|p1a: Salamence|29\/100\n|-status|p1a: Salamence|psn\n|move|p1a: Salamence|Flamethrower|p2a: Venomoth\n|-supereffective|p2a: Venomoth\n|-crit|p2a: Venomoth\n|-damage|p2a: Venomoth|0 fnt\n|faint|p2a: Venomoth\n|\n|-damage|p1a: Salamence|17\/100 psn|[from] psn\n|upkeep\n|\n|t:|1668035515\n|switch|p2a: Comfey|Comfey, F|100\/100\n|turn|27\n|\n|t:|1668035524\n|switch|p1a: Magnezone|Magnezone|77\/100 slp\n|move|p2a: Comfey|U-turn|p1a: Magnezone\n|-resisted|p1a: Magnezone\n|-damage|p1a: Magnezone|73\/100 slp\n|\n|t:|1668035527\n|switch|p2a: Magneton|Magneton|100\/100|[from]move: U-turn\n|\n|-heal|p1a: Magnezone|79\/100 slp|[from] item: Leftovers\n|upkeep\n|turn|28\n|\n|t:|1668035532\n|move|p2a: Magneton|Thunderbolt|p1a: Magnezone\n|-resisted|p1a: Magnezone\n|-damage|p1a: Magnezone|37\/100 slp\n|cant|p1a: Magnezone|slp\n|\n|-heal|p1a: Magnezone|43\/100 slp|[from] item: Leftovers\n|upkeep\n|turn|29\n|\n|t:|1668035545\n|-curestatus|p1a: Magnezone|slp|[msg]\n|move|p1a: Magnezone|Protect|p1a: Magnezone\n|-singleturn|p1a: Magnezone|Protect\n|move|p2a: Magneton|Thunderbolt|p1a: Magnezone\n|-activate|p1a: Magnezone|move: Protect\n|\n|-heal|p1a: Magnezone|49\/100|[from] item: Leftovers\n|upkeep\n|turn|30\n|\n|t:|1668035555\n|move|p2a: Magneton|Thunderbolt|p1a: Magnezone\n|-resisted|p1a: Magnezone\n|-damage|p1a: Magnezone|9\/100\n|move|p1a: Magnezone|Volt Switch|p2a: Magneton\n|-resisted|p2a: Magneton\n|-damage|p2a: Magneton|49\/100\n|\n|t:|1668035561\n|switch|p1a: Garchomp|Garchomp, M|100\/100|[from]move: Volt Switch\n|\n|upkeep\n|turn|31\n|\n|t:|1668035566\n|switch|p2a: Charizard|Charizard, F|9\/100 psn\n|move|p1a: Garchomp|Swords Dance|p1a: Garchomp\n|-boost|p1a: Garchomp|atk|2\n|\n|-damage|p2a: Charizard|0 fnt|[from] psn\n|faint|p2a: Charizard\n|upkeep\n|\n|t:|1668035573\n|switch|p2a: Comfey|Comfey, F|100\/100\n|turn|32\n|\n|t:|1668035580\n|switch|p1a: Salamence|Salamence, F|17\/100 psn\n|-ability|p1a: Salamence|Intimidate|boost\n|-unboost|p2a: Comfey|atk|1\n|move|p2a: Comfey|Calm Mind|p2a: Comfey\n|-boost|p2a: Comfey|spa|1\n|-boost|p2a: Comfey|spd|1\n|\n|-damage|p1a: Salamence|4\/100 psn|[from] psn\n|upkeep\n|turn|33\n|\n|t:|1668035588\n|move|p2a: Comfey|Calm Mind|p2a: Comfey\n|-boost|p2a: Comfey|spa|1\n|-boost|p2a: Comfey|spd|1\n|move|p1a: Salamence|Hurricane|p2a: Comfey\n|-damage|p2a: Comfey|72\/100\n|\n|-damage|p1a: Salamence|0 fnt|[from] psn\n|faint|p1a: Salamence\n|upkeep\n|\n|t:|1668035592\n|switch|p1a: Cinderace|Cinderace, F|76\/100\n|turn|34\n|\n|t:|1668035597\n|move|p2a: Comfey|Draining Kiss|p1a: Cinderace\n|-resisted|p1a: Cinderace\n|-damage|p1a: Cinderace|51\/100\n|-heal|p2a: Comfey|90\/100|[from] drain|[of] p1a: Cinderace\n|move|p1a: Cinderace|Pyro Ball|p2a: Comfey\n|-damage|p2a: Comfey|0 fnt\n|faint|p2a: Comfey\n|\n|upkeep\n|\n|t:|1668035604\n|switch|p2a: Jellicent|Jellicent, M|80\/100\n|turn|35\n|\n|t:|1668035615\n|switch|p1a: Slowking|Slowking, F|86\/100 tox\n|move|p2a: Jellicent|Shadow Ball|p1a: Slowking\n|-supereffective|p1a: Slowking\n|-damage|p1a: Slowking|58\/100 tox\n|\n|-heal|p2a: Jellicent|86\/100|[from] item: Leftovers\n|-damage|p1a: Slowking|52\/100 tox|[from] psn\n|upkeep\n|turn|36\n|\n|t:|1668035619\n|move|p2a: Jellicent|Shadow Ball|p1a: Slowking\n|-supereffective|p1a: Slowking\n|-damage|p1a: Slowking|26\/100 tox\n|move|p1a: Slowking|Future Sight|p2a: Jellicent\n|-start|p1a: Slowking|move: Future Sight\n|\n|-heal|p2a: Jellicent|92\/100|[from] item: Leftovers\n|-damage|p1a: Slowking|14\/100 tox|[from] psn\n|upkeep\n|turn|37\n|\n|t:|1668035636\n|move|p2a: Jellicent|Scald|p1a: Slowking\n|-resisted|p1a: Slowking\n|-damage|p1a: Slowking|7\/100 tox\n|move|p1a: Slowking|Teleport|p1a: Slowking\n|\n|t:|1668035641\n|switch|p1a: Garchomp|Garchomp, M|100\/100|[from]move: Teleport\n|\n|-heal|p2a: Jellicent|98\/100|[from] item: Leftovers\n|upkeep\n|turn|38\n|c|\u2606AriJimo|rip\n|\n|t:|1668035650\n|switch|p1a: Magnezone|Magnezone|9\/100\n|move|p2a: Jellicent|Will-O-Wisp|p1a: Magnezone\n|-status|p1a: Magnezone|brn\n|\n|-end|p2a: Jellicent|move: Future Sight\n|-damage|p2a: Jellicent|66\/100\n|-heal|p1a: Magnezone|15\/100 brn|[from] item: Leftovers\n|-heal|p2a: Jellicent|72\/100|[from] item: Leftovers\n|-damage|p1a: Magnezone|9\/100 brn|[from] brn\n|upkeep\n|turn|39\n|\n|t:|1668035662\n|move|p1a: Magnezone|Volt Switch|p2a: Jellicent\n|-supereffective|p2a: Jellicent\n|-damage|p2a: Jellicent|5\/100\n|\n|t:|1668035666\n|switch|p1a: Slowking|Slowking, F|40\/100 tox|[from]move: Volt Switch\n|move|p2a: Jellicent|Strength Sap|p1a: Slowking\n|-unboost|p1a: Slowking|atk|1\n|-heal|p2a: Jellicent|39\/100\n|\n|-heal|p2a: Jellicent|45\/100|[from] item: Leftovers\n|-damage|p1a: Slowking|34\/100 tox|[from] psn\n|upkeep\n|turn|40\n|\n|t:|1668035674\n|move|p2a: Jellicent|Shadow Ball|p1a: Slowking\n|-supereffective|p1a: Slowking\n|-damage|p1a: Slowking|7\/100 tox\n|-unboost|p1a: Slowking|spd|1\n|move|p1a: Slowking|Teleport|p1a: Slowking\n|\n|t:|1668035678\n|switch|p1a: Magnezone|Magnezone|9\/100 brn|[from]move: Teleport\n|\n|-heal|p1a: Magnezone|15\/100 brn|[from] item: Leftovers\n|-heal|p2a: Jellicent|52\/100|[from] item: Leftovers\n|-damage|p1a: Magnezone|9\/100 brn|[from] brn\n|upkeep\n|turn|41\n|\n|t:|1668035683\n|switch|p2a: Magneton|Magneton|49\/100\n|move|p1a: Magnezone|Volt Switch|p2a: Magneton\n|-resisted|p2a: Magneton\n|-damage|p2a: Magneton|0 fnt\n|faint|p2a: Magneton\n|\n|t:|1668035693\n|switch|p1a: Garchomp|Garchomp, M|100\/100|[from]move: Volt Switch\n|\n|upkeep\n|\n|t:|1668035697\n|switch|p2a: Jellicent|Jellicent, M|52\/100\n|turn|42\n|\n|t:|1668035702\n|detailschange|p1a: Garchomp|Garchomp-Mega, M\n|-mega|p1a: Garchomp|Garchomp|Garchompite\n|move|p1a: Garchomp|Earthquake|p2a: Jellicent\n|-damage|p2a: Jellicent|6\/100\n|move|p2a: Jellicent|Scald|p1a: Garchomp\n|-damage|p1a: Garchomp|78\/100\n|\n|-heal|p2a: Jellicent|12\/100|[from] item: Leftovers\n|upkeep\n|turn|43\n|\n|t:|1668035706\n|move|p1a: Garchomp|Earthquake|p2a: Jellicent\n|-damage|p2a: Jellicent|0 fnt\n|faint|p2a: Jellicent\n|\n|win|freakydood\n|c|\u2606AriJimo|gg\n|c|\u2606freakydood|gg\n|l|\u2606freakydood\n","uploadtime":1668037652,"views":3,"p1id":"freakydood","p2id":"arijimo","formatid":"gen8pladraft","rating":0,"private":0,"password":null}