{"id":"radicalred-gen8pladraft-309222","p1":"leaveamessage","p2":"BubbaFubbaBubba","format":"gen8pladraft","log":"|j|\u2606leaveamessage\n|j|\u2606BubbaFubbaBubba\n|t:|1668037650\n|gametype|singles\n|player|p1|leaveamessage|265|\n|player|p2|BubbaFubbaBubba|101|\n|teamsize|p1|6\n|teamsize|p2|6\n|gen|8\n|tier|[Gen 8] PLA Draft\n|rule|HP Percentage Mod: HP is shown in percentages\n|rule|Endless Battle Clause: Forcing endless battles is banned\n|rule|OHKO Clause: OHKO moves are banned\n|rule|Evasion Moves Clause: Evasion moves are banned\n|rule|Species Clause: Limit one of each Pok\u00e9mon\n|rule|Sleep Clause Mod: Limit one foe put to sleep\n|rule|Dynamax Clause: You cannot dynamax\n|rule|Z-Move Clause: Z-Moves are banned\n|clearpoke\n|poke|p1|Scizor, F|\n|poke|p1|Dragonite, M|\n|poke|p1|Swampert, F|\n|poke|p1|Talonflame, F|\n|poke|p1|Heliolisk, M|\n|poke|p1|Aromatisse, M|\n|poke|p2|Starmie|\n|poke|p2|Krookodile, M|\n|poke|p2|Skarmory, M|\n|poke|p2|Goodra-Hisui, F|\n|poke|p2|Sylveon, M|\n|poke|p2|Salamence, M|\n|teampreview\n|c|\u2606BubbaFubbaBubba|glhf\n|c|\u2606leaveamessage|glhf\n|\n|t:|1668037686\n|start\n|switch|p1a: Swampert|Swampert, F|100\/100\n|switch|p2a: Krookodile|Krookodile, M|100\/100\n|-ability|p2a: Krookodile|Intimidate|boost\n|-unboost|p1a: Swampert|atk|1\n|turn|1\n|\n|t:|1668037696\n|switch|p2a: Starmie|Starmie|100\/100\n|move|p1a: Swampert|Stealth Rock|p2a: Starmie\n|-sidestart|p2: BubbaFubbaBubba|move: Stealth Rock\n|\n|upkeep\n|turn|2\n|\n|t:|1668037706\n|move|p2a: Starmie|Rapid Spin|p1a: Swampert\n|-damage|p1a: Swampert|94\/100\n|-boost|p2a: Starmie|spe|1\n|-sideend|p2: BubbaFubbaBubba|Stealth Rock|[from] move: Rapid Spin|[of] p2a: Starmie\n|move|p1a: Swampert|Flip Turn|p2a: Starmie\n|-resisted|p2a: Starmie\n|-damage|p2a: Starmie|89\/100\n|\n|t:|1668037715\n|switch|p1a: Heliolisk|Heliolisk, M|100\/100|[from]move: Flip Turn\n|\n|upkeep\n|turn|3\n|\n|t:|1668037721\n|switch|p2a: Goodra|Goodra-Hisui, F|100\/100\n|move|p1a: Heliolisk|Volt Switch|p2a: Goodra\n|-resisted|p2a: Goodra\n|-damage|p2a: Goodra|91\/100\n|\n|t:|1668037725\n|switch|p1a: Swampert|Swampert, F|94\/100|[from]move: Volt Switch\n|\n|-heal|p1a: Swampert|100\/100|[from] item: Leftovers\n|upkeep\n|turn|4\n|\n|t:|1668037730\n|switch|p2a: Skarmory|Skarmory, M|100\/100\n|move|p1a: Swampert|Earthquake|p2a: Skarmory\n|-immune|p2a: Skarmory\n|\n|upkeep\n|turn|5\n|\n|t:|1668037734\n|move|p2a: Skarmory|Spikes|p1a: Swampert\n|-sidestart|p1: leaveamessage|Spikes\n|move|p1a: Swampert|Scald|p2a: Skarmory\n|-damage|p2a: Skarmory|68\/100\n|\n|-heal|p2a: Skarmory|74\/100|[from] item: Leftovers\n|upkeep\n|turn|6\n|\n|t:|1668037744\n|switch|p2a: Starmie|Starmie|89\/100\n|move|p1a: Swampert|Scald|p2a: Starmie\n|-resisted|p2a: Starmie\n|-damage|p2a: Starmie|73\/100\n|\n|upkeep\n|turn|7\n|\n|t:|1668037747\n|move|p2a: Starmie|Hydro Pump|p1a: Swampert\n|-damage|p1a: Swampert|66\/100\n|move|p1a: Swampert|Flip Turn|p2a: Starmie\n|-resisted|p2a: Starmie\n|-damage|p2a: Starmie|58\/100\n|\n|t:|1668037755\n|switch|p1a: Heliolisk|Heliolisk, M|100\/100|[from]move: Flip Turn\n|-damage|p1a: Heliolisk|88\/100|[from] Spikes\n|\n|upkeep\n|turn|8\n|\n|t:|1668037759\n|switch|p2a: Goodra|Goodra-Hisui, F|91\/100\n|move|p1a: Heliolisk|Hyper Voice|p2a: Goodra\n|-resisted|p2a: Goodra\n|-damage|p2a: Goodra|79\/100\n|\n|upkeep\n|turn|9\n|\n|t:|1668037766\n|switch|p1a: Aromatisse|Aromatisse, M|100\/100\n|-damage|p1a: Aromatisse|88\/100|[from] Spikes\n|move|p2a: Goodra|Sludge Bomb|p1a: Aromatisse\n|-supereffective|p1a: Aromatisse\n|-damage|p1a: Aromatisse|43\/100\n|-status|p1a: Aromatisse|psn\n|\n|-heal|p1a: Aromatisse|50\/100 psn|[from] item: Leftovers\n|-damage|p1a: Aromatisse|37\/100 psn|[from] psn\n|upkeep\n|turn|10\n|\n|t:|1668037774\n|move|p2a: Goodra|Sludge Bomb|p1a: Aromatisse\n|-supereffective|p1a: Aromatisse\n|-damage|p1a: Aromatisse|0 fnt\n|faint|p1a: Aromatisse\n|\n|upkeep\n|\n|t:|1668037776\n|switch|p1a: Swampert|Swampert, F|66\/100\n|-damage|p1a: Swampert|54\/100|[from] Spikes\n|turn|11\n|\n|t:|1668037793\n|switch|p2a: Starmie|Starmie|58\/100\n|move|p1a: Swampert|Stealth Rock|p2a: Starmie\n|-sidestart|p2: BubbaFubbaBubba|move: Stealth Rock\n|\n|-heal|p1a: Swampert|60\/100|[from] item: Leftovers\n|upkeep\n|turn|12\n|\n|t:|1668037796\n|move|p2a: Starmie|Rapid Spin|p1a: Swampert\n|-damage|p1a: Swampert|54\/100\n|-boost|p2a: Starmie|spe|1\n|-sideend|p2: BubbaFubbaBubba|Stealth Rock|[from] move: Rapid Spin|[of] p2a: Starmie\n|move|p1a: Swampert|Earthquake|p2a: Starmie\n|-damage|p2a: Starmie|0 fnt\n|faint|p2a: Starmie\n|\n|-heal|p1a: Swampert|60\/100|[from] item: Leftovers\n|upkeep\n|\n|t:|1668037803\n|switch|p2a: Sylveon|Sylveon, M|100\/100\n|turn|13\n|\n|t:|1668037807\n|switch|p1a: Talonflame|Talonflame, F|100\/100\n|move|p2a: Sylveon|Hyper Voice|p1a: Talonflame\n|-resisted|p1a: Talonflame\n|-damage|p1a: Talonflame|69\/100\n|\n|upkeep\n|turn|14\n|\n|t:|1668037821\n|switch|p2a: Krookodile|Krookodile, M|100\/100\n|-ability|p2a: Krookodile|Intimidate|boost\n|-unboost|p1a: Talonflame|atk|1\n|move|p1a: Talonflame|Toxic|p2a: Krookodile\n|-status|p2a: Krookodile|tox\n|\n|-damage|p2a: Krookodile|94\/100 tox|[from] psn\n|upkeep\n|turn|15\n|\n|t:|1668037828\n|switch|p1a: Scizor|Scizor, F|100\/100\n|-damage|p1a: Scizor|88\/100|[from] Spikes\n|move|p2a: Krookodile|Stealth Rock|p1a: Scizor\n|-sidestart|p1: leaveamessage|move: Stealth Rock\n|\n|-heal|p2a: Krookodile|100\/100 tox|[from] item: Leftovers\n|-damage|p2a: Krookodile|88\/100 tox|[from] psn\n|upkeep\n|turn|16\n|\n|t:|1668037835\n|switch|p2a: Skarmory|Skarmory, M|74\/100\n|detailschange|p1a: Scizor|Scizor-Mega, F\n|-mega|p1a: Scizor|Scizor|Scizorite\n|move|p1a: Scizor|U-turn|p2a: Skarmory\n|-resisted|p2a: Skarmory\n|-damage|p2a: Skarmory|67\/100\n|\n|t:|1668037838\n|switch|p1a: Talonflame|Talonflame, F|69\/100|[from]move: U-turn\n|\n|-heal|p2a: Skarmory|73\/100|[from] item: Leftovers\n|upkeep\n|turn|17\n|\n|t:|1668037845\n|switch|p2a: Goodra|Goodra-Hisui, F|79\/100\n|move|p1a: Talonflame|Defog|p2a: Goodra\n|-unboost|p2a: Goodra|evasion|1\n|-sideend|p1: leaveamessage|Spikes|[from] move: Defog|[of] p1a: Talonflame\n|-sideend|p1: leaveamessage|Stealth Rock|[from] move: Defog|[of] p1a: Talonflame\n|\n|upkeep\n|turn|18\n|\n|t:|1668037851\n|switch|p1a: Swampert|Swampert, F|60\/100\n|move|p2a: Goodra|Draco Meteor|p1a: Swampert\n|-damage|p1a: Swampert|19\/100\n|-unboost|p2a: Goodra|spa|2\n|\n|-heal|p1a: Swampert|25\/100|[from] item: Leftovers\n|upkeep\n|turn|19\n|\n|t:|1668037858\n|switch|p2a: Skarmory|Skarmory, M|73\/100\n|move|p1a: Swampert|Stealth Rock|p2a: Skarmory\n|-sidestart|p2: BubbaFubbaBubba|move: Stealth Rock\n|\n|-heal|p2a: Skarmory|79\/100|[from] item: Leftovers\n|-heal|p1a: Swampert|31\/100|[from] item: Leftovers\n|upkeep\n|turn|20\n|\n|t:|1668037864\n|switch|p1a: Heliolisk|Heliolisk, M|88\/100\n|move|p2a: Skarmory|Spikes|p1a: Heliolisk\n|-sidestart|p1: leaveamessage|Spikes\n|\n|-heal|p2a: Skarmory|85\/100|[from] item: Leftovers\n|upkeep\n|turn|21\n|\n|t:|1668037868\n|switch|p2a: Goodra|Goodra-Hisui, F|79\/100\n|-damage|p2a: Goodra|73\/100|[from] Stealth Rock\n|move|p1a: Heliolisk|Volt Switch|p2a: Goodra\n|-resisted|p2a: Goodra\n|-damage|p2a: Goodra|63\/100\n|\n|t:|1668037873\n|switch|p1a: Swampert|Swampert, F|31\/100|[from]move: Volt Switch\n|-damage|p1a: Swampert|19\/100|[from] Spikes\n|\n|-heal|p1a: Swampert|25\/100|[from] item: Leftovers\n|upkeep\n|turn|22\n|\n|t:|1668037879\n|switch|p2a: Skarmory|Skarmory, M|85\/100\n|-damage|p2a: Skarmory|73\/100|[from] Stealth Rock\n|move|p1a: Swampert|Earthquake|p2a: Skarmory\n|-immune|p2a: Skarmory\n|\n|-heal|p2a: Skarmory|79\/100|[from] item: Leftovers\n|-heal|p1a: Swampert|31\/100|[from] item: Leftovers\n|upkeep\n|turn|23\n|\n|t:|1668037883\n|move|p2a: Skarmory|Brave Bird|p1a: Swampert\n|-damage|p1a: Swampert|4\/100\n|-damage|p2a: Skarmory|68\/100|[from] Recoil\n|move|p1a: Swampert|Scald|p2a: Skarmory\n|-damage|p2a: Skarmory|22\/100\n|-status|p2a: Skarmory|brn\n|\n|-heal|p2a: Skarmory|28\/100 brn|[from] item: Leftovers\n|-heal|p1a: Swampert|10\/100|[from] item: Leftovers\n|-damage|p2a: Skarmory|22\/100 brn|[from] brn\n|upkeep\n|turn|24\n|\n|t:|1668037889\n|move|p2a: Skarmory|Roost|p2a: Skarmory\n|-heal|p2a: Skarmory|72\/100 brn\n|-singleturn|p2a: Skarmory|move: Roost\n|move|p1a: Swampert|Scald|p2a: Skarmory\n|-damage|p2a: Skarmory|24\/100 brn\n|\n|-heal|p2a: Skarmory|30\/100 brn|[from] item: Leftovers\n|-heal|p1a: Swampert|17\/100|[from] item: Leftovers\n|-damage|p2a: Skarmory|24\/100 brn|[from] brn\n|upkeep\n|turn|25\n|\n|t:|1668037899\n|move|p2a: Skarmory|Brave Bird|p1a: Swampert\n|-damage|p1a: Swampert|2\/100\n|-damage|p2a: Skarmory|18\/100 brn|[from] Recoil\n|move|p1a: Swampert|Scald|p2a: Skarmory\n|-damage|p2a: Skarmory|0 fnt\n|faint|p2a: Skarmory\n|\n|-heal|p1a: Swampert|8\/100|[from] item: Leftovers\n|upkeep\n|\n|t:|1668037925\n|switch|p2a: Salamence|Salamence, M|100\/100\n|turn|26\n|\n|t:|1668037931\n|move|p2a: Salamence|Dragon Dance|p2a: Salamence\n|-boost|p2a: Salamence|atk|1\n|-boost|p2a: Salamence|spe|1\n|move|p1a: Swampert|Scald|p2a: Salamence\n|-resisted|p2a: Salamence\n|-damage|p2a: Salamence|77\/100\n|\n|-heal|p1a: Swampert|14\/100|[from] item: Leftovers\n|upkeep\n|turn|27\n|\n|t:|1668037935\n|move|p2a: Salamence|Dual Wingbeat|p1a: Swampert|[miss]\n|-miss|p2a: Salamence|p1a: Swampert\n|move|p1a: Swampert|Scald|p2a: Salamence\n|-resisted|p2a: Salamence\n|-damage|p2a: Salamence|53\/100\n|\n|-heal|p1a: Swampert|21\/100|[from] item: Leftovers\n|upkeep\n|turn|28\n|\n|t:|1668037938\n|move|p2a: Salamence|Dual Wingbeat|p1a: Swampert\n|-damage|p1a: Swampert|0 fnt\n|faint|p1a: Swampert\n|-ability|p2a: Salamence|Moxie|boost\n|-boost|p2a: Salamence|atk|1\n|-hitcount|p1: Swampert|1\n|\n|upkeep\n|\n|t:|1668037950\n|switch|p1a: Talonflame|Talonflame, F|69\/100\n|turn|29\n|\n|t:|1668037969\n|move|p2a: Salamence|Dual Wingbeat|p1a: Talonflame\n|-damage|p1a: Talonflame|17\/100\n|-damage|p1a: Talonflame|0 fnt\n|faint|p1a: Talonflame\n|-ability|p2a: Salamence|Moxie|boost\n|-boost|p2a: Salamence|atk|1\n|-hitcount|p1: Talonflame|2\n|\n|upkeep\n|c|\u2606leaveamessage|waaaaa\n|\n|t:|1668037985\n|switch|p1a: Scizor|Scizor-Mega, F|88\/100\n|-damage|p1a: Scizor|76\/100|[from] Spikes\n|turn|30\n|\n|t:|1668037998\n|move|p1a: Scizor|Bullet Punch|p2a: Salamence\n|-damage|p2a: Salamence|2\/100\n|move|p2a: Salamence|Dual Wingbeat|p1a: Scizor\n|-damage|p1a: Scizor|34\/100\n|-damage|p1a: Scizor|0 fnt\n|faint|p1a: Scizor\n|-ability|p2a: Salamence|Moxie|boost\n|-boost|p2a: Salamence|atk|1\n|-hitcount|p1: Scizor|2\n|\n|upkeep\n|\n|t:|1668038003\n|switch|p1a: Dragonite|Dragonite, M|100\/100\n|turn|31\n|\n|t:|1668038006\n|move|p2a: Salamence|Outrage|p1a: Dragonite\n|-supereffective|p1a: Dragonite\n|-damage|p1a: Dragonite|0 fnt\n|faint|p1a: Dragonite\n|-ability|p2a: Salamence|Moxie|boost\n|-boost|p2a: Salamence|atk|1\n|\n|upkeep\n|\n|t:|1668038009\n|switch|p1a: Heliolisk|Heliolisk, M|88\/100\n|-damage|p1a: Heliolisk|76\/100|[from] Spikes\n|turn|32\n|\n|t:|1668038012\n|move|p2a: Salamence|Outrage|p1a: Heliolisk|[from]lockedmove\n|-damage|p1a: Heliolisk|0 fnt\n|faint|p1a: Heliolisk\n|-start|p2a: Salamence|confusion|[fatigue]\n|\n|win|BubbaFubbaBubba\n|c|\u2606BubbaFubbaBubba|gg\n|c|\u2606leaveamessage|gg\n|l|\u2606leaveamessage\n|l|\u2606BubbaFubbaBubba\n|j|\u2606BubbaFubbaBubba\n|player|p2|BubbaFubbaBubba|101\n","uploadtime":1668038205,"views":5,"p1id":"leaveamessage","p2id":"bubbafubbabubba","formatid":"gen8pladraft","rating":0,"private":0,"password":null}