{"id":"radicalred-gen8pladraft-309175","p1":"freakydood","p2":"AriJimo","format":"gen8pladraft","log":"|j|\u2606freakydood\n|j|\u2606AriJimo\n|t:|1668035788\n|gametype|singles\n|player|p1|freakydood|169|\n|player|p2|AriJimo|1|\n|teamsize|p1|6\n|teamsize|p2|6\n|gen|8\n|tier|[Gen 8] PLA Draft\n|rule|HP Percentage Mod: HP is shown in percentages\n|rule|Endless Battle Clause: Forcing endless battles is banned\n|rule|OHKO Clause: OHKO moves are banned\n|rule|Evasion Moves Clause: Evasion moves are banned\n|rule|Species Clause: Limit one of each Pok\u00e9mon\n|rule|Sleep Clause Mod: Limit one foe put to sleep\n|rule|Dynamax Clause: You cannot dynamax\n|rule|Z-Move Clause: Z-Moves are banned\n|clearpoke\n|poke|p1|Cinderace, F|\n|poke|p1|Magnezone|\n|poke|p1|Salamence, F|\n|poke|p1|Ferrothorn, F|\n|poke|p1|Garchomp, M|\n|poke|p1|Slowking, F|\n|poke|p2|Porygon-Z|\n|poke|p2|Vaporeon, M|\n|poke|p2|Flygon, F|\n|poke|p2|Lucario, M|\n|poke|p2|Crobat, F|\n|poke|p2|Incineroar, F|\n|teampreview\n|c|\u2606freakydood|hf\n|c|\u2606AriJimo|aorry, there are way too many teams on the builder rn XD\n|c|\u2606AriJimo|glhf\n|c|\u2606freakydood|np\n|\n|t:|1668035824\n|start\n|switch|p1a: Salamence|Salamence, F|100\/100\n|switch|p2a: Porygon-Z|Porygon-Z|100\/100\n|-ability|p1a: Salamence|Intimidate|boost\n|-unboost|p2a: Porygon-Z|atk|1\n|turn|1\n|\n|t:|1668035831\n|switch|p1a: Slowking|Slowking, F|100\/100\n|move|p2a: Porygon-Z|Ice Beam|p1a: Slowking\n|-resisted|p1a: Slowking\n|-damage|p1a: Slowking|86\/100\n|\n|upkeep\n|turn|2\n|\n|t:|1668035848\n|switch|p2a: Crobat|Crobat, F|100\/100\n|move|p1a: Slowking|Teleport|p1a: Slowking\n|\n|t:|1668035852\n|switch|p1a: Magnezone|Magnezone|100\/100|[from]move: Teleport\n|\n|upkeep\n|turn|3\n|\n|t:|1668035859\n|move|p2a: Crobat|U-turn|p1a: Magnezone\n|-resisted|p1a: Magnezone\n|-damage|p1a: Magnezone|90\/100\n|\n|t:|1668035861\n|switch|p2a: Flygon|Flygon, F|100\/100|[from]move: U-turn\n|move|p1a: Magnezone|Volt Switch|p2a: Flygon\n|-immune|p2a: Flygon\n|\n|-heal|p1a: Magnezone|96\/100|[from] item: Leftovers\n|upkeep\n|turn|4\n|\n|t:|1668035879\n|switch|p1a: Salamence|Salamence, F|100\/100\n|-ability|p1a: Salamence|Intimidate|boost\n|-unboost|p2a: Flygon|atk|1\n|move|p2a: Flygon|Earthquake|p1a: Salamence\n|-immune|p1a: Salamence\n|\n|upkeep\n|turn|5\n|\n|t:|1668035888\n|move|p1a: Salamence|Hurricane|p2a: Flygon|[miss]\n|-miss|p1a: Salamence|p2a: Flygon\n|move|p2a: Flygon|U-turn|p1a: Salamence\n|-resisted|p1a: Salamence\n|-crit|p1a: Salamence\n|-damage|p1a: Salamence|81\/100\n|\n|t:|1668035891\n|switch|p2a: Vaporeon|Vaporeon, M|100\/100|[from]move: U-turn\n|\n|upkeep\n|turn|6\n|\n|t:|1668035902\n|switch|p1a: Magnezone|Magnezone|96\/100\n|move|p2a: Vaporeon|Wish|p2a: Vaporeon\n|\n|-heal|p1a: Magnezone|100\/100|[from] item: Leftovers\n|upkeep\n|turn|7\n|\n|t:|1668035912\n|switch|p2a: Flygon|Flygon, F|100\/100\n|move|p1a: Magnezone|Flash Cannon|p2a: Flygon\n|-damage|p2a: Flygon|24\/100\n|\n|-heal|p2a: Flygon|100\/100|[from] move: Wish|[wisher] Vaporeon\n|upkeep\n|turn|8\n|\n|t:|1668035929\n|move|p1a: Magnezone|Protect|p1a: Magnezone\n|-singleturn|p1a: Magnezone|Protect\n|move|p2a: Flygon|U-turn|p1a: Magnezone\n|-activate|p1a: Magnezone|move: Protect\n|\n|upkeep\n|turn|9\n|\n|t:|1668035937\n|switch|p1a: Salamence|Salamence, F|81\/100\n|-ability|p1a: Salamence|Intimidate|boost\n|-unboost|p2a: Flygon|atk|1\n|move|p2a: Flygon|Earthquake|p1a: Salamence\n|-immune|p1a: Salamence\n|\n|upkeep\n|turn|10\n|\n|t:|1668035951\n|move|p2a: Flygon|U-turn|p1a: Salamence\n|-resisted|p1a: Salamence\n|-damage|p1a: Salamence|72\/100\n|\n|t:|1668035955\n|switch|p2a: Crobat|Crobat, F|100\/100|[from]move: U-turn\n|move|p1a: Salamence|Hurricane|p2a: Crobat\n|-crit|p2a: Crobat\n|-damage|p2a: Crobat|0 fnt\n|faint|p2a: Crobat\n|\n|upkeep\n|c|\u2606AriJimo|wow\n|c|\u2606freakydood|didn't think that'd kill\n|c|\u2606AriJimo|did ont expect that lol\n|\n|t:|1668035973\n|switch|p2a: Porygon-Z|Porygon-Z|100\/100\n|turn|11\n|\n|t:|1668035998\n|switch|p1a: Ferrothorn|Ferrothorn, F|100\/100\n|move|p2a: Porygon-Z|Tri Attack|p1a: Ferrothorn\n|-resisted|p1a: Ferrothorn\n|-crit|p1a: Ferrothorn\n|-damage|p1a: Ferrothorn|41\/100\n|\n|-heal|p1a: Ferrothorn|47\/100|[from] item: Leftovers\n|upkeep\n|turn|12\n|c|\u2606freakydood|chill\n|\n|t:|1668036019\n|move|p2a: Porygon-Z|Tri Attack|p1a: Ferrothorn\n|-resisted|p1a: Ferrothorn\n|-damage|p1a: Ferrothorn|12\/100\n|move|p1a: Ferrothorn|Leech Seed|p2a: Porygon-Z\n|-start|p2a: Porygon-Z|move: Leech Seed\n|\n|-heal|p1a: Ferrothorn|18\/100|[from] item: Leftovers\n|-damage|p2a: Porygon-Z|88\/100|[from] Leech Seed|[of] p1a: Ferrothorn\n|-heal|p1a: Ferrothorn|29\/100|[silent]\n|upkeep\n|turn|13\n|\n|t:|1668036029\n|switch|p2a: Incineroar|Incineroar, F|100\/100\n|-ability|p2a: Incineroar|Intimidate|boost\n|-unboost|p1a: Ferrothorn|atk|1\n|switch|p1a: Slowking|Slowking, F|100\/100\n|\n|upkeep\n|turn|14\n|\n|t:|1668036039\n|switch|p1a: Garchomp|Garchomp, M|100\/100\n|move|p2a: Incineroar|Knock Off|p1a: Garchomp\n|-damage|p1a: Garchomp|74\/100\n|-damage|p2a: Incineroar|88\/100|[from] ability: Rough Skin|[of] p1a: Garchomp\n|\n|upkeep\n|turn|15\n|\n|t:|1668036058\n|detailschange|p1a: Garchomp|Garchomp-Mega, M\n|-mega|p1a: Garchomp|Garchomp|Garchompite\n|move|p1a: Garchomp|Scale Shot|p2a: Incineroar\n|-damage|p2a: Incineroar|74\/100\n|-damage|p2a: Incineroar|58\/100\n|-damage|p2a: Incineroar|43\/100\n|-hitcount|p2a: Incineroar|3\n|-unboost|p1a: Garchomp|def|1\n|-boost|p1a: Garchomp|spe|1\n|move|p2a: Incineroar|Toxic|p1a: Garchomp\n|-status|p1a: Garchomp|tox\n|\n|-damage|p1a: Garchomp|67\/100 tox|[from] psn\n|upkeep\n|turn|16\n|\n|t:|1668036075\n|switch|p2a: Vaporeon|Vaporeon, M|100\/100\n|move|p1a: Garchomp|Earthquake|p2a: Vaporeon\n|-damage|p2a: Vaporeon|57\/100\n|\n|-heal|p2a: Vaporeon|63\/100|[from] item: Leftovers\n|-damage|p1a: Garchomp|55\/100 tox|[from] psn\n|upkeep\n|turn|17\n|\n|t:|1668036088\n|switch|p1a: Magnezone|Magnezone|100\/100\n|move|p2a: Vaporeon|Scald|p1a: Magnezone\n|-damage|p1a: Magnezone|61\/100\n|\n|-heal|p1a: Magnezone|67\/100|[from] item: Leftovers\n|-heal|p2a: Vaporeon|70\/100|[from] item: Leftovers\n|upkeep\n|turn|18\n|\n|t:|1668036102\n|switch|p2a: Flygon|Flygon, F|100\/100\n|move|p1a: Magnezone|Flash Cannon|p2a: Flygon\n|-damage|p2a: Flygon|18\/100\n|\n|-heal|p2a: Flygon|24\/100|[from] item: Leftovers\n|-heal|p1a: Magnezone|73\/100|[from] item: Leftovers\n|upkeep\n|turn|19\n|\n|t:|1668036109\n|switch|p1a: Ferrothorn|Ferrothorn, F|29\/100\n|move|p2a: Flygon|Roost|p2a: Flygon\n|-heal|p2a: Flygon|75\/100\n|-singleturn|p2a: Flygon|move: Roost\n|\n|-heal|p2a: Flygon|81\/100|[from] item: Leftovers\n|-heal|p1a: Ferrothorn|35\/100|[from] item: Leftovers\n|upkeep\n|turn|20\n|\n|t:|1668036114\n|move|p2a: Flygon|Earthquake|p1a: Ferrothorn\n|-damage|p1a: Ferrothorn|8\/100\n|move|p1a: Ferrothorn|Leech Seed|p2a: Flygon\n|-start|p2a: Flygon|move: Leech Seed\n|\n|-heal|p2a: Flygon|87\/100|[from] item: Leftovers\n|-heal|p1a: Ferrothorn|15\/100|[from] item: Leftovers\n|-damage|p2a: Flygon|74\/100|[from] Leech Seed|[of] p1a: Ferrothorn\n|-heal|p1a: Ferrothorn|25\/100|[silent]\n|upkeep\n|turn|21\n|j| Pocketmonsterup\n|\n|t:|1668036122\n|switch|p1a: Salamence|Salamence, F|72\/100\n|-ability|p1a: Salamence|Intimidate|boost\n|-unboost|p2a: Flygon|atk|1\n|move|p2a: Flygon|U-turn|p1a: Salamence\n|-resisted|p1a: Salamence\n|-damage|p1a: Salamence|64\/100\n|\n|t:|1668036127\n|switch|p2a: Porygon-Z|Porygon-Z|88\/100|[from]move: U-turn\n|\n|upkeep\n|turn|22\n|l| Pocketmonsterup\n|\n|t:|1668036131\n|switch|p1a: Slowking|Slowking, F|100\/100\n|move|p2a: Porygon-Z|Tri Attack|p1a: Slowking\n|-damage|p1a: Slowking|46\/100\n|-status|p1a: Slowking|frz\n|\n|upkeep\n|turn|23\n|\n|t:|1668036138\n|switch|p1a: Ferrothorn|Ferrothorn, F|25\/100\n|move|p2a: Porygon-Z|Tri Attack|p1a: Ferrothorn\n|-resisted|p1a: Ferrothorn\n|-damage|p1a: Ferrothorn|0 fnt\n|faint|p1a: Ferrothorn\n|\n|upkeep\n|\n|t:|1668036142\n|switch|p1a: Slowking|Slowking, F|79\/100 frz\n|turn|24\n|\n|t:|1668036146\n|switch|p1a: Magnezone|Magnezone|73\/100\n|move|p2a: Porygon-Z|Tri Attack|p1a: Magnezone\n|-resisted|p1a: Magnezone\n|-damage|p1a: Magnezone|14\/100\n|\n|-heal|p1a: Magnezone|20\/100|[from] item: Leftovers\n|upkeep\n|turn|25\n|\n|t:|1668036154\n|move|p2a: Porygon-Z|Tri Attack|p1a: Magnezone\n|-resisted|p1a: Magnezone\n|-damage|p1a: Magnezone|0 fnt\n|faint|p1a: Magnezone\n|\n|upkeep\n|c|\u2606AriJimo|this boy got no chill\n|\n|t:|1668036171\n|switch|p1a: Garchomp|Garchomp-Mega, M|55\/100 tox\n|turn|26\n|\n|t:|1668036175\n|move|p1a: Garchomp|Scale Shot|p2a: Porygon-Z\n|-damage|p2a: Porygon-Z|64\/100\n|-damage|p2a: Porygon-Z|41\/100\n|-damage|p2a: Porygon-Z|18\/100\n|-hitcount|p2a: Porygon-Z|3\n|-unboost|p1a: Garchomp|def|1\n|-boost|p1a: Garchomp|spe|1\n|move|p2a: Porygon-Z|Tri Attack|p1a: Garchomp\n|-damage|p1a: Garchomp|0 fnt\n|faint|p1a: Garchomp\n|\n|upkeep\n|\n|t:|1668036183\n|switch|p1a: Cinderace|Cinderace, F|100\/100\n|turn|27\n|\n|t:|1668036190\n|switch|p2a: Incineroar|Incineroar, F|43\/100\n|-ability|p2a: Incineroar|Intimidate|boost\n|-unboost|p1a: Cinderace|atk|1\n|move|p1a: Cinderace|U-turn|p2a: Incineroar\n|-damage|p2a: Incineroar|22\/100\n|\n|t:|1668036199\n|switch|p1a: Salamence|Salamence, F|64\/100|[from]move: U-turn\n|-ability|p1a: Salamence|Intimidate|boost\n|-unboost|p2a: Incineroar|atk|1\n|\n|upkeep\n|turn|28\n|\n|t:|1668036217\n|switch|p2a: Vaporeon|Vaporeon, M|70\/100\n|move|p1a: Salamence|Hurricane|p2a: Vaporeon\n|-damage|p2a: Vaporeon|32\/100\n|-start|p2a: Vaporeon|confusion\n|\n|-heal|p2a: Vaporeon|38\/100|[from] item: Leftovers\n|upkeep\n|turn|29\n|\n|t:|1668036229\n|move|p1a: Salamence|Hurricane|p2a: Vaporeon|[miss]\n|-miss|p1a: Salamence|p2a: Vaporeon\n|-activate|p2a: Vaporeon|confusion\n|-damage|p2a: Vaporeon|35\/100|[from] confusion\n|\n|-heal|p2a: Vaporeon|41\/100|[from] item: Leftovers\n|upkeep\n|turn|30\n|c|\u2606AriJimo|can i know why this is hitting so hard?\n|\n|t:|1668036241\n|move|p1a: Salamence|Hurricane|p2a: Vaporeon\n|-damage|p2a: Vaporeon|4\/100\n|-activate|p2a: Vaporeon|confusion\n|-damage|p2a: Vaporeon|0 fnt|[from] confusion\n|faint|p2a: Vaporeon\n|\n|upkeep\n|c|\u2606freakydood|thank you rngesus\n|\n|t:|1668036259\n|switch|p2a: Lucario|Lucario, M|100\/100\n|turn|31\n|c|\u2606freakydood|i pray faithfully\n|\n|t:|1668036270\n|move|p1a: Salamence|Flamethrower|p2a: Lucario\n|-supereffective|p2a: Lucario\n|-damage|p2a: Lucario|2\/100\n|move|p2a: Lucario|Swords Dance|p2a: Lucario\n|-boost|p2a: Lucario|atk|2\n|\n|upkeep\n|turn|32\n|\n|t:|1668036288\n|switch|p1a: Cinderace|Cinderace, F|100\/100\n|move|p2a: Lucario|Extreme Speed|p1a: Cinderace\n|-damage|p1a: Cinderace|2\/100\n|-damage|p2a: Lucario|0 fnt|[from] item: Life Orb\n|faint|p2a: Lucario\n|\n|upkeep\n|\n|t:|1668036294\n|switch|p2a: Incineroar|Incineroar, F|22\/100\n|-ability|p2a: Incineroar|Intimidate|boost\n|-unboost|p1a: Cinderace|atk|1\n|turn|33\n|\n|t:|1668036302\n|move|p1a: Cinderace|High Jump Kick|p2a: Incineroar\n|-supereffective|p2a: Incineroar\n|-damage|p2a: Incineroar|0 fnt\n|faint|p2a: Incineroar\n|\n|upkeep\n|\n|t:|1668036306\n|switch|p2a: Flygon|Flygon, F|74\/100\n|turn|34\n|\n|t:|1668036309\n|move|p1a: Cinderace|High Jump Kick|p2a: Flygon\n|-damage|p2a: Flygon|13\/100\n|move|p2a: Flygon|U-turn|p1a: Cinderace\n|-resisted|p1a: Cinderace\n|-damage|p1a: Cinderace|0 fnt\n|faint|p1a: Cinderace\n|\n|t:|1668036312\n|switch|p2a: Porygon-Z|Porygon-Z|18\/100|[from]move: U-turn\n|\n|upkeep\n|\n|t:|1668036318\n|switch|p1a: Slowking|Slowking, F|100\/100 frz\n|turn|35\n|\n|t:|1668036365\n|move|p2a: Porygon-Z|Tri Attack|p1a: Slowking\n|-damage|p1a: Slowking|53\/100 frz\n|-curestatus|p1a: Slowking|frz|[from] move: Scald\n|move|p1a: Slowking|Scald|p2a: Porygon-Z\n|-damage|p2a: Porygon-Z|0 fnt\n|faint|p2a: Porygon-Z\n|\n|upkeep\n|\n|t:|1668036371\n|switch|p2a: Flygon|Flygon, F|13\/100\n|turn|36\n|\n|t:|1668036376\n|move|p2a: Flygon|Roost|p2a: Flygon\n|-heal|p2a: Flygon|64\/100\n|-singleturn|p2a: Flygon|move: Roost\n|move|p1a: Slowking|Future Sight|p2a: Flygon\n|-start|p1a: Slowking|move: Future Sight\n|\n|-heal|p2a: Flygon|70\/100|[from] item: Leftovers\n|upkeep\n|turn|37\n|c|\u2606AriJimo|gg\n|c|\u2606freakydood|gg\n|\n|t:|1668036385\n|move|p2a: Flygon|Earthquake|p1a: Slowking\n|-damage|p1a: Slowking|7\/100\n|move|p1a: Slowking|Slack Off|p1a: Slowking\n|-heal|p1a: Slowking|57\/100\n|\n|-heal|p2a: Flygon|76\/100|[from] item: Leftovers\n|upkeep\n|turn|38\n|\n|t:|1668036390\n|move|p2a: Flygon|Earthquake|p1a: Slowking\n|-damage|p1a: Slowking|13\/100\n|move|p1a: Slowking|Scald|p2a: Flygon\n|-damage|p2a: Flygon|40\/100\n|\n|-end|p2a: Flygon|move: Future Sight\n|-damage|p2a: Flygon|0 fnt\n|faint|p2a: Flygon\n|\n|win|freakydood\n|upkeep\n|l|\u2606freakydood\n","uploadtime":1668037643,"views":3,"p1id":"freakydood","p2id":"arijimo","formatid":"gen8pladraft","rating":0,"private":0,"password":null}