{"id":"radicalred-gen8draft-61809","p1":"InfernapeTheLord","p2":"LudwigFrog","format":"gen8draft","log":"|j|\u2606InfernapeTheLord\n|j|\u2606LudwigFrog\n|t:|1643417912\n|gametype|singles\n|player|p1|InfernapeTheLord|2|\n|player|p2|LudwigFrog|170|\n|teamsize|p1|6\n|teamsize|p2|6\n|gen|8\n|tier|[Gen 8] Draft\n|rule|Sleep Clause Mod: Limit one foe put to sleep\n|rule|OHKO Clause: OHKO moves are banned\n|rule|Evasion Moves Clause: Evasion moves are banned\n|rule|Endless Battle Clause: Forcing endless battles is banned\n|rule|HP Percentage Mod: HP is shown in percentages\n|rule|Dynamax Clause: You cannot dynamax\n|rule|Z-Move Clause: Z-Moves are banned\n|clearpoke\n|poke|p1|Gengar, F|\n|poke|p1|Pyroar, F|\n|poke|p1|Dracovish|\n|poke|p1|Breloom, F|\n|poke|p1|Gigalith, M|\n|poke|p1|Pincurchin, M|\n|poke|p2|Slowbro, M|\n|poke|p2|Urshifu-*, M|\n|poke|p2|Magnezone|\n|poke|p2|Hippowdon, F|\n|poke|p2|Sceptile, M|\n|poke|p2|Corviknight, M|\n|teampreview\n|\n|t:|1643417947\n|start\n|switch|p1a: Gigalith|Gigalith, M, shiny|100\/100\n|switch|p2a: Urshifu|Urshifu, M|100\/100\n|-weather|Sandstorm|[from] ability: Sand Stream|[of] p1a: Gigalith\n|turn|1\n|\n|t:|1643417956\n|move|p2a: Urshifu|Close Combat|p1a: Gigalith\n|-supereffective|p1a: Gigalith\n|-enditem|p1a: Gigalith|Chople Berry|[eat]\n|-enditem|p1a: Gigalith|Chople Berry|[weaken]\n|-damage|p1a: Gigalith|64\/100\n|-unboost|p2a: Urshifu|def|1\n|-unboost|p2a: Urshifu|spd|1\n|move|p1a: Gigalith|Body Press|p2a: Urshifu\n|-supereffective|p2a: Urshifu\n|-damage|p2a: Urshifu|10\/100\n|\n|-weather|Sandstorm|[upkeep]\n|-damage|p2a: Urshifu|4\/100|[from] Sandstorm\n|upkeep\n|turn|2\n|\n|t:|1643417985\n|switch|p2a: Hippowdon|Hippowdon, F|100\/100\n|switch|p1a: Pincurchin|Pincurchin, M, shiny|100\/100\n|-fieldstart|move: Electric Terrain|[from] ability: Electric Surge|[of] p1a: Pincurchin\n|\n|-weather|Sandstorm|[upkeep]\n|-damage|p1a: Pincurchin|94\/100|[from] Sandstorm\n|upkeep\n|turn|3\n|\n|t:|1643417996\n|move|p2a: Hippowdon|Stealth Rock|p1a: Pincurchin\n|-sidestart|p1: InfernapeTheLord|move: Stealth Rock\n|move|p1a: Pincurchin|Toxic Spikes|p2a: Hippowdon\n|-sidestart|p2: LudwigFrog|move: Toxic Spikes\n|\n|-weather|Sandstorm|[upkeep]\n|-damage|p1a: Pincurchin|88\/100|[from] Sandstorm\n|upkeep\n|turn|4\n|\n|t:|1643418004\n|switch|p1a: Dracovish|Dracovish|100\/100\n|-damage|p1a: Dracovish|88\/100|[from] Stealth Rock\n|move|p2a: Hippowdon|Earthquake|p1a: Dracovish\n|-damage|p1a: Dracovish|42\/100\n|\n|-weather|Sandstorm|[upkeep]\n|upkeep\n|turn|5\n|\n|t:|1643418015\n|switch|p2a: Slowbro|Slowbro, M|100\/100\n|-status|p2a: Slowbro|psn\n|move|p1a: Dracovish|Fishious Rend|p2a: Slowbro\n|-resisted|p2a: Slowbro\n|-damage|p2a: Slowbro|71\/100 psn\n|-damage|p1a: Dracovish|32\/100|[from] item: Life Orb\n|\n|-weather|none\n|-damage|p2a: Slowbro|59\/100 psn|[from] psn\n|upkeep\n|turn|6\n|\n|t:|1643418027\n|move|p1a: Dracovish|Crunch|p2a: Slowbro\n|-supereffective|p2a: Slowbro\n|-enditem|p2a: Slowbro|Colbur Berry|[eat]\n|-enditem|p2a: Slowbro|Colbur Berry|[weaken]\n|-damage|p2a: Slowbro|41\/100 psn\n|-unboost|p2a: Slowbro|def|1\n|-damage|p1a: Dracovish|22\/100|[from] item: Life Orb\n|move|p2a: Slowbro|Teleport|p2a: Slowbro\n|\n|t:|1643418031\n|switch|p2a: Corviknight|Corviknight, M|100\/100|[from]move: Teleport\n|-ability|p2a: Corviknight|Pressure\n|\n|-fieldend|move: Electric Terrain\n|upkeep\n|turn|7\n|\n|t:|1643418040\n|move|p1a: Dracovish|Fishious Rend|p2a: Corviknight\n|-damage|p2a: Corviknight|42\/100\n|-damage|p1a: Dracovish|12\/100|[from] item: Life Orb\n|move|p2a: Corviknight|Defog|p1a: Dracovish\n|-unboost|p1a: Dracovish|evasion|1\n|-sideend|p1: InfernapeTheLord|Stealth Rock|[from] move: Defog|[of] p2a: Corviknight\n|-sideend|p2: LudwigFrog|Toxic Spikes|[from] move: Defog|[of] p2a: Corviknight\n|\n|upkeep\n|turn|8\n|\n|t:|1643418051\n|switch|p2a: Urshifu|Urshifu, M|4\/100\n|move|p1a: Dracovish|Fishious Rend|p2a: Urshifu\n|-damage|p2a: Urshifu|0 fnt\n|faint|p2a: Urshifu\n|-damage|p1a: Dracovish|2\/100|[from] item: Life Orb\n|\n|upkeep\n|\n|t:|1643418055\n|switch|p2a: Sceptile|Sceptile, M|100\/100\n|turn|9\n|\n|t:|1643418072\n|detailschange|p2a: Sceptile|Sceptile-Mega, M\n|-mega|p2a: Sceptile|Sceptile|Sceptilite\n|move|p2a: Sceptile|Leaf Blade|p1a: Dracovish\n|-damage|p1a: Dracovish|0 fnt\n|faint|p1a: Dracovish\n|\n|upkeep\n|\n|t:|1643418082\n|switch|p1a: Breloom|Breloom, F, shiny|100\/100\n|turn|10\n|\n|t:|1643418089\n|switch|p2a: Slowbro|Slowbro, M|74\/100 psn\n|move|p1a: Breloom|Swords Dance|p1a: Breloom\n|-boost|p1a: Breloom|atk|2\n|\n|-damage|p2a: Slowbro|61\/100 psn|[from] psn\n|upkeep\n|turn|11\n|\n|t:|1643418100\n|move|p1a: Breloom|Bullet Seed|p2a: Slowbro\n|-supereffective|p2a: Slowbro\n|-damage|p2a: Slowbro|0 fnt\n|faint|p2a: Slowbro\n|-hitcount|p2: Slowbro|1\n|-damage|p1a: Breloom|91\/100|[from] item: Life Orb\n|\n|upkeep\n|\n|t:|1643418102\n|switch|p2a: Magnezone|Magnezone|100\/100\n|turn|12\n|\n|t:|1643418109\n|move|p1a: Breloom|Mach Punch|p2a: Magnezone\n|-supereffective|p2a: Magnezone\n|-crit|p2a: Magnezone\n|-damage|p2a: Magnezone|0 fnt\n|faint|p2a: Magnezone\n|-damage|p1a: Breloom|81\/100|[from] item: Life Orb\n|\n|upkeep\n|\n|t:|1643418114\n|switch|p2a: Corviknight|Corviknight, M|42\/100\n|-ability|p2a: Corviknight|Pressure\n|turn|13\n|\n|t:|1643418119\n|move|p1a: Breloom|Mach Punch|p2a: Corviknight\n|-damage|p2a: Corviknight|0 fnt\n|faint|p2a: Corviknight\n|-damage|p1a: Breloom|71\/100|[from] item: Life Orb\n|\n|upkeep\n|\n|t:|1643418183\n|switch|p2a: Sceptile|Sceptile-Mega, M|100\/100\n|turn|14\n|\n|t:|1643418186\n|move|p1a: Breloom|Mach Punch|p2a: Sceptile\n|-damage|p2a: Sceptile|0 fnt\n|faint|p2a: Sceptile\n|-damage|p1a: Breloom|62\/100|[from] item: Life Orb\n|\n|upkeep\n|c|\u2606LudwigFrog|gg\n|-message|LudwigFrog forfeited.\n|\n|win|InfernapeTheLord\n","uploadtime":1643418194,"views":14,"p1id":"infernapethelord","p2id":"ludwigfrog","formatid":"gen8draft","rating":0,"private":0,"password":null}