{"id":"radicalred-gen8customgame-298447","p1":"evakiyama<3","p2":"quixana","format":"gen8customgame","log":"|j|\u2606evakiyama<3\n|j|\u2606quixana\n|t:|1667623112\n|gametype|singles\n|player|p1|evakiyama<3|266|\n|player|p2|quixana|ethan-pokeathlon|\n|teamsize|p1|6\n|teamsize|p2|6\n|gen|8\n|tier|[Gen 8] Custom Game\n|rated|Tournament battle\n|clearpoke\n|poke|p1|Ursaluna, M|\n|poke|p1|Typhlosion-Hisui, F|\n|poke|p1|Qwilfish-Hisui, M|\n|poke|p1|Basculegion-F, F|\n|poke|p1|Goodra-Hisui, M|\n|poke|p1|Clefable, F|\n|poke|p2|Goodra-Hisui, F|\n|poke|p2|Sneasler, M|\n|poke|p2|Braviary-Hisui, M|\n|poke|p2|Electrode-Hisui|\n|poke|p2|Landorus-Therian, M|\n|poke|p2|Overqwil, F|\n|teampreview\n|inactive|Battle timer is ON: inactive players will automatically lose when time's up. (requested by evakiyama<3)\n|c|\u2606quixana|hf\n|j| airplane wifi\n|c|\u2606evakiyama<3|hf\n|j|&honeybourbon\n|j|#blunderr\n|j| darkfox32\n|inactive|evakiyama<3 has 120 seconds left.\n|inactive|quixana has 120 seconds left.\n|inactive|quixana has 90 seconds left.\n|\n|t:|1667623191\n|start\n|switch|p1a: Kagerou Daze|Qwilfish-Hisui, M|334\/334\n|switch|p2a: Sneasler|Sneasler, M|301\/301\n|-ability|p1a: Kagerou Daze|Intimidate|boost\n|-unboost|p2a: Sneasler|atk|1\n|turn|1\n|j| Fus!0nflare\n|\n|t:|1667623216\n|move|p2a: Sneasler|Swords Dance|p2a: Sneasler\n|-boost|p2a: Sneasler|atk|2\n|move|p1a: Kagerou Daze|Spikes|p2a: Sneasler\n|-sidestart|p2: quixana|Spikes\n|\n|upkeep\n|turn|2\n|inactive|quixana has 120 seconds left.\n|\n|t:|1667623242\n|move|p2a: Sneasler|Knock Off|p1a: Kagerou Daze\n|-resisted|p1a: Kagerou Daze\n|-damage|p1a: Kagerou Daze|277\/334\n|debug|natural status immunity\n|debug|immune to status\n|debug|move failed because it did nothing\n|-enditem|p1a: Kagerou Daze|Eviolite|[from] move: Knock Off|[of] p2a: Sneasler\n|move|p1a: Kagerou Daze|Thunder Wave|p2a: Sneasler\n|-status|p2a: Sneasler|par\n|\n|upkeep\n|turn|3\n|inactive|quixana has 120 seconds left.\n|inactive|evakiyama<3 has 120 seconds left.\n|\n|t:|1667623277\n|switch|p2a: Landorus|Landorus-Therian, M|382\/382\n|-ability|p2a: Landorus|Intimidate|boost\n|-unboost|p1a: Kagerou Daze|atk|1\n|move|p1a: Kagerou Daze|Throat Chop|p2a: Landorus\n|-damage|p2a: Landorus|318\/382\n|-start|p2a: Landorus|Throat Chop|[silent]\n|\n|-heal|p2a: Landorus|341\/382|[from] item: Leftovers\n|upkeep\n|turn|4\n|inactive|quixana has 120 seconds left.\n|j|&Feyette\n|inactive|evakiyama<3 has 120 seconds left.\n|\n|t:|1667623295\n|switch|p1a: Jackpot Sad Girl|Clefable, F|394\/394\n|move|p2a: Landorus|Earthquake|p1a: Jackpot Sad Girl\n|-damage|p1a: Jackpot Sad Girl|252\/394\n|\n|-heal|p2a: Landorus|364\/382|[from] item: Leftovers\n|-end|p2a: Landorus|Throat Chop|[silent]\n|upkeep\n|turn|5\n|\n|t:|1667623306\n|switch|p2a: Goodra|Goodra-Hisui, F|364\/364\n|-damage|p2a: Goodra|319\/364|[from] Spikes\n|move|p1a: Jackpot Sad Girl|Soft-Boiled|p1a: Jackpot Sad Girl\n|-heal|p1a: Jackpot Sad Girl|394\/394\n|\n|upkeep\n|turn|6\n|\n|t:|1667623314\n|switch|p1a: Sick of House!|Ursaluna, M, shiny|405\/405\n|move|p2a: Goodra|Heavy Slam|p1a: Sick of House!\n|-damage|p1a: Sick of House!|360\/405\n|\n|upkeep\n|turn|7\n|inactive|quixana has 120 seconds left.\n|\n|t:|1667623325\n|switch|p1a: TOKIO FUNKA|Basculegion-F, F, shiny|437\/437\n|switch|p2a: Landorus|Landorus-Therian, M|364\/382\n|-ability|p2a: Landorus|Intimidate|boost\n|-unboost|p1a: TOKIO FUNKA|atk|1\n|\n|-heal|p2a: Landorus|382\/382|[from] item: Leftovers\n|upkeep\n|turn|8\n|\n|t:|1667623332\n|switch|p2a: Overqwil|Overqwil, F|394\/394\n|-damage|p2a: Overqwil|345\/394|[from] Spikes\n|-ability|p2a: Overqwil|Intimidate|boost\n|-unboost|p1a: TOKIO FUNKA|atk|1\n|move|p1a: TOKIO FUNKA|Hydro Pump|p2a: Overqwil\n|-damage|p2a: Overqwil|71\/394\n|\n|-heal|p2a: Overqwil|95\/394|[from] item: Black Sludge\n|upkeep\n|turn|9\n|\n|t:|1667623337\n|switch|p2a: Goodra|Goodra-Hisui, F|319\/364\n|-damage|p2a: Goodra|274\/364|[from] Spikes\n|move|p1a: TOKIO FUNKA|Hydro Pump|p2a: Goodra\n|-resisted|p2a: Goodra\n|-damage|p2a: Goodra|217\/364\n|\n|upkeep\n|turn|10\n|\n|t:|1667623343\n|move|p1a: TOKIO FUNKA|Substitute|p1a: TOKIO FUNKA\n|-start|p1a: TOKIO FUNKA|Substitute\n|-damage|p1a: TOKIO FUNKA|328\/437\n|move|p2a: Goodra|Dragon Tail|p1a: TOKIO FUNKA\n|-activate|p1a: TOKIO FUNKA|move: Substitute|[damage]\n|\n|-heal|p1a: TOKIO FUNKA|355\/437|[from] item: Leftovers\n|upkeep\n|turn|11\n|\n|t:|1667623349\n|move|p1a: TOKIO FUNKA|Calm Mind|p1a: TOKIO FUNKA\n|-boost|p1a: TOKIO FUNKA|spa|1\n|-boost|p1a: TOKIO FUNKA|spd|1\n|move|p2a: Goodra|Heavy Slam|p1a: TOKIO FUNKA\n|-resisted|p1a: TOKIO FUNKA\n|-end|p1a: TOKIO FUNKA|Substitute\n|\n|-heal|p1a: TOKIO FUNKA|382\/437|[from] item: Leftovers\n|upkeep\n|turn|12\n|\n|t:|1667623358\n|move|p1a: TOKIO FUNKA|Substitute|p1a: TOKIO FUNKA\n|-start|p1a: TOKIO FUNKA|Substitute\n|-damage|p1a: TOKIO FUNKA|273\/437\n|move|p2a: Goodra|Heavy Slam|p1a: TOKIO FUNKA\n|-resisted|p1a: TOKIO FUNKA\n|-activate|p1a: TOKIO FUNKA|move: Substitute|[damage]\n|\n|-heal|p1a: TOKIO FUNKA|300\/437|[from] item: Leftovers\n|upkeep\n|turn|13\n|j| Gunnygod\n|\n|t:|1667623366\n|move|p1a: TOKIO FUNKA|Calm Mind|p1a: TOKIO FUNKA\n|-boost|p1a: TOKIO FUNKA|spa|1\n|-boost|p1a: TOKIO FUNKA|spd|1\n|move|p2a: Goodra|Heavy Slam|p1a: TOKIO FUNKA\n|-resisted|p1a: TOKIO FUNKA\n|-end|p1a: TOKIO FUNKA|Substitute\n|\n|-heal|p1a: TOKIO FUNKA|327\/437|[from] item: Leftovers\n|upkeep\n|turn|14\n|\n|t:|1667623379\n|move|p1a: TOKIO FUNKA|Substitute|p1a: TOKIO FUNKA\n|-start|p1a: TOKIO FUNKA|Substitute\n|-damage|p1a: TOKIO FUNKA|218\/437\n|move|p2a: Goodra|Heavy Slam|p1a: TOKIO FUNKA\n|-resisted|p1a: TOKIO FUNKA\n|-activate|p1a: TOKIO FUNKA|move: Substitute|[damage]\n|\n|-heal|p1a: TOKIO FUNKA|245\/437|[from] item: Leftovers\n|upkeep\n|turn|15\n|j|@rraykzu\n|\n|t:|1667623383\n|move|p1a: TOKIO FUNKA|Hex|p2a: Goodra\n|-damage|p2a: Goodra|93\/364\n|move|p2a: Goodra|Heavy Slam|p1a: TOKIO FUNKA\n|-resisted|p1a: TOKIO FUNKA\n|-end|p1a: TOKIO FUNKA|Substitute\n|\n|-heal|p1a: TOKIO FUNKA|272\/437|[from] item: Leftovers\n|upkeep\n|turn|16\n|\n|t:|1667623391\n|move|p1a: TOKIO FUNKA|Substitute|p1a: TOKIO FUNKA\n|-start|p1a: TOKIO FUNKA|Substitute\n|-damage|p1a: TOKIO FUNKA|163\/437\n|move|p2a: Goodra|Heavy Slam|p1a: TOKIO FUNKA\n|-resisted|p1a: TOKIO FUNKA\n|-activate|p1a: TOKIO FUNKA|move: Substitute|[damage]\n|\n|-heal|p1a: TOKIO FUNKA|190\/437|[from] item: Leftovers\n|upkeep\n|turn|17\n|\n|t:|1667623394\n|move|p1a: TOKIO FUNKA|Hex|p2a: Goodra\n|-damage|p2a: Goodra|0 fnt\n|faint|p2a: Goodra\n|\n|-heal|p1a: TOKIO FUNKA|217\/437|[from] item: Leftovers\n|upkeep\n|\n|t:|1667623398\n|switch|p2a: Electrode|Electrode-Hisui|261\/261\n|-damage|p2a: Electrode|229\/261|[from] Spikes\n|turn|18\n|l| darkfox32\n|\n|t:|1667623410\n|move|p2a: Electrode|Volt Switch|p1a: TOKIO FUNKA\n|-supereffective|p1a: TOKIO FUNKA\n|-end|p1a: TOKIO FUNKA|Substitute\n|j| aausma\n|\n|t:|1667623418\n|switch|p2a: Braviary|Braviary-Hisui, M|371\/371\n|move|p1a: TOKIO FUNKA|Substitute|p1a: TOKIO FUNKA\n|-start|p1a: TOKIO FUNKA|Substitute\n|-damage|p1a: TOKIO FUNKA|108\/437\n|\n|-heal|p1a: TOKIO FUNKA|135\/437|[from] item: Leftovers\n|upkeep\n|turn|19\n|\n|t:|1667623426\n|move|p2a: Braviary|Psychic|p1a: TOKIO FUNKA\n|debug|Negating (sp)def boost\/penalty.\n|-crit|p1a: TOKIO FUNKA\n|-end|p1a: TOKIO FUNKA|Substitute\n|move|p1a: TOKIO FUNKA|Hex|p2a: Braviary\n|-supereffective|p2a: Braviary\n|-damage|p2a: Braviary|0 fnt\n|faint|p2a: Braviary\n|\n|-heal|p1a: TOKIO FUNKA|162\/437|[from] item: Leftovers\n|upkeep\n|\n|t:|1667623430\n|switch|p2a: Electrode|Electrode-Hisui|229\/261\n|-damage|p2a: Electrode|197\/261|[from] Spikes\n|turn|20\n|\n|t:|1667623438\n|switch|p1a: Venom|Goodra-Hisui, M|364\/364\n|move|p2a: Electrode|Thunderbolt|p1a: Venom\n|-resisted|p1a: Venom\n|-damage|p1a: Venom|298\/364\n|\n|-heal|p1a: Venom|320\/364|[from] item: Leftovers\n|upkeep\n|turn|21\n|\n|t:|1667623447\n|switch|p2a: Landorus|Landorus-Therian, M|382\/382\n|-ability|p2a: Landorus|Intimidate|boost\n|-unboost|p1a: Venom|atk|1\n|move|p1a: Venom|Acid Armor|p1a: Venom\n|-boost|p1a: Venom|def|2\n|\n|-heal|p1a: Venom|342\/364|[from] item: Leftovers\n|upkeep\n|turn|22\n|\n|t:|1667623457\n|switch|p1a: Jackpot Sad Girl|Clefable, F|394\/394\n|move|p2a: Landorus|Defog|p1a: Jackpot Sad Girl\n|-unboost|p1a: Jackpot Sad Girl|evasion|1\n|-sideend|p2: quixana|Spikes|[from] move: Defog|[of] p2a: Landorus\n|\n|upkeep\n|turn|23\n|\n|t:|1667623463\n|move|p2a: Landorus|Earthquake|p1a: Jackpot Sad Girl\n|-damage|p1a: Jackpot Sad Girl|244\/394\n|move|p1a: Jackpot Sad Girl|Moonblast|p2a: Landorus\n|-damage|p2a: Landorus|292\/382\n|-unboost|p2a: Landorus|spa|1\n|\n|-heal|p2a: Landorus|315\/382|[from] item: Leftovers\n|upkeep\n|turn|24\n|\n|t:|1667623466\n|move|p2a: Landorus|Earthquake|p1a: Jackpot Sad Girl\n|-damage|p1a: Jackpot Sad Girl|88\/394\n|move|p1a: Jackpot Sad Girl|Soft-Boiled|p1a: Jackpot Sad Girl\n|-heal|p1a: Jackpot Sad Girl|285\/394\n|\n|-heal|p2a: Landorus|338\/382|[from] item: Leftovers\n|upkeep\n|turn|25\n|\n|t:|1667623471\n|move|p2a: Landorus|Earthquake|p1a: Jackpot Sad Girl\n|-damage|p1a: Jackpot Sad Girl|137\/394\n|move|p1a: Jackpot Sad Girl|Soft-Boiled|p1a: Jackpot Sad Girl\n|-heal|p1a: Jackpot Sad Girl|334\/394\n|\n|-heal|p2a: Landorus|361\/382|[from] item: Leftovers\n|upkeep\n|turn|26\n|j| dragonclaw723\n|\n|t:|1667623474\n|move|p2a: Landorus|U-turn|p1a: Jackpot Sad Girl\n|-resisted|p1a: Jackpot Sad Girl\n|-damage|p1a: Jackpot Sad Girl|301\/394\n|\n|t:|1667623475\n|switch|p2a: Overqwil|Overqwil, F|95\/394\n|-ability|p2a: Overqwil|Intimidate|boost\n|-unboost|p1a: Jackpot Sad Girl|atk|1\n|move|p1a: Jackpot Sad Girl|Soft-Boiled|p1a: Jackpot Sad Girl\n|-heal|p1a: Jackpot Sad Girl|394\/394\n|\n|-heal|p2a: Overqwil|119\/394|[from] item: Black Sludge\n|upkeep\n|turn|27\n|j| donaldswallows\n|inactive|evakiyama<3 has 120 seconds left.\n|\n|t:|1667623507\n|switch|p1a: Venom|Goodra-Hisui, M|342\/364\n|move|p2a: Overqwil|Pain Split|p1a: Venom\n|-sethp|p1a: Venom|230\/364|[from] move: Pain Split|[silent]\n|-sethp|p2a: Overqwil|230\/394|[from] move: Pain Split\n|\n|-heal|p2a: Overqwil|254\/394|[from] item: Black Sludge\n|-heal|p1a: Venom|252\/364|[from] item: Leftovers\n|upkeep\n|turn|28\n|\n|t:|1667623512\n|move|p2a: Overqwil|Taunt|p1a: Venom\n|-start|p1a: Venom|move: Taunt\n|cant|p1a: Venom|move: Taunt|Acid Armor\n|\n|-heal|p2a: Overqwil|278\/394|[from] item: Black Sludge\n|-heal|p1a: Venom|274\/364|[from] item: Leftovers\n|upkeep\n|turn|29\n|\n|t:|1667623526\n|move|p2a: Overqwil|Spikes|p1a: Venom\n|-sidestart|p1: evakiyama<3|Spikes\n|move|p1a: Venom|Earthquake|p2a: Overqwil\n|-supereffective|p2a: Overqwil\n|-damage|p2a: Overqwil|162\/394\n|\n|-heal|p2a: Overqwil|186\/394|[from] item: Black Sludge\n|-heal|p1a: Venom|296\/364|[from] item: Leftovers\n|upkeep\n|turn|30\n|\n|t:|1667623539\n|switch|p1a: Hibikase|Typhlosion-Hisui, F|287\/287\n|-damage|p1a: Hibikase|252\/287|[from] Spikes\n|move|p2a: Overqwil|Toxic|p1a: Hibikase\n|-status|p1a: Hibikase|tox\n|\n|-heal|p2a: Overqwil|210\/394|[from] item: Black Sludge\n|-damage|p1a: Hibikase|235\/287 tox|[from] psn\n|upkeep\n|turn|31\n|\n|t:|1667623554\n|switch|p2a: Landorus|Landorus-Therian, M|361\/382\n|-ability|p2a: Landorus|Intimidate|boost\n|-unboost|p1a: Hibikase|atk|1\n|move|p1a: Hibikase|Eruption|p2a: Landorus\n|-damage|p2a: Landorus|187\/382\n|\n|-heal|p2a: Landorus|210\/382|[from] item: Leftovers\n|-damage|p1a: Hibikase|201\/287 tox|[from] psn\n|upkeep\n|turn|32\n|\n|t:|1667623566\n|switch|p1a: Jackpot Sad Girl|Clefable, F|394\/394\n|move|p2a: Landorus|U-turn|p1a: Jackpot Sad Girl\n|-resisted|p1a: Jackpot Sad Girl\n|-damage|p1a: Jackpot Sad Girl|358\/394\n|\n|t:|1667623573\n|switch|p2a: Overqwil|Overqwil, F|210\/394\n|-ability|p2a: Overqwil|Intimidate|boost\n|-unboost|p1a: Jackpot Sad Girl|atk|1\n|\n|-heal|p2a: Overqwil|234\/394|[from] item: Black Sludge\n|upkeep\n|turn|33\n|\n|t:|1667623579\n|move|p2a: Overqwil|Taunt|p1a: Jackpot Sad Girl\n|-start|p1a: Jackpot Sad Girl|move: Taunt\n|cant|p1a: Jackpot Sad Girl|move: Taunt|Thunder Wave\n|\n|-heal|p2a: Overqwil|258\/394|[from] item: Black Sludge\n|upkeep\n|turn|34\n|j| im coral\n|\n|t:|1667623601\n|switch|p1a: TOKIO FUNKA|Basculegion-F, F, shiny|162\/437\n|-damage|p1a: TOKIO FUNKA|108\/437|[from] Spikes\n|move|p2a: Overqwil|Spikes|p1a: TOKIO FUNKA\n|-sidestart|p1: evakiyama<3|Spikes\n|\n|-heal|p2a: Overqwil|282\/394|[from] item: Black Sludge\n|-heal|p1a: TOKIO FUNKA|135\/437|[from] item: Leftovers\n|upkeep\n|turn|35\n|j| pokeaimMI\n|j| Potherian\n|l| Potherian\n|\n|t:|1667623624\n|switch|p2a: Electrode|Electrode-Hisui|197\/261\n|move|p1a: TOKIO FUNKA|Hydro Pump|p2a: Electrode\n|-resisted|p2a: Electrode\n|-damage|p2a: Electrode|46\/261\n|\n|-heal|p1a: TOKIO FUNKA|162\/437|[from] item: Leftovers\n|upkeep\n|turn|36\n|\n|t:|1667623633\n|switch|p1a: Venom|Goodra-Hisui, M|296\/364\n|-damage|p1a: Venom|236\/364|[from] Spikes\n|move|p2a: Electrode|Thunderbolt|p1a: Venom\n|-resisted|p1a: Venom\n|-damage|p1a: Venom|172\/364\n|\n|-heal|p1a: Venom|194\/364|[from] item: Leftovers\n|upkeep\n|turn|37\n|l| Fus!0nflare\n|\n|t:|1667623663\n|switch|p2a: Overqwil|Overqwil, F|282\/394\n|-ability|p2a: Overqwil|Intimidate|boost\n|-unboost|p1a: Venom|atk|1\n|move|p1a: Venom|Heavy Slam|p2a: Overqwil\n|-damage|p2a: Overqwil|215\/394\n|\n|-heal|p2a: Overqwil|239\/394|[from] item: Black Sludge\n|-heal|p1a: Venom|216\/364|[from] item: Leftovers\n|upkeep\n|turn|38\n|j| extracheese2\n|l| extracheese2\n|\n|t:|1667623674\n|switch|p1a: TOKIO FUNKA|Basculegion-F, F, shiny|162\/437\n|-damage|p1a: TOKIO FUNKA|90\/437|[from] Spikes\n|move|p2a: Overqwil|Taunt|p1a: TOKIO FUNKA\n|-start|p1a: TOKIO FUNKA|move: Taunt\n|\n|-heal|p2a: Overqwil|263\/394|[from] item: Black Sludge\n|-heal|p1a: TOKIO FUNKA|117\/437|[from] item: Leftovers\n|upkeep\n|turn|39\n|j| zen860\n|l|&Feyette\n|inactive|quixana has 120 seconds left.\n|l| pokeaimMI\n|\n|t:|1667623717\n|move|p2a: Overqwil|Toxic|p1a: TOKIO FUNKA\n|-status|p1a: TOKIO FUNKA|tox\n|move|p1a: TOKIO FUNKA|Hydro Pump|p2a: Overqwil|[miss]\n|-miss|p1a: TOKIO FUNKA|p2a: Overqwil\n|\n|-heal|p2a: Overqwil|287\/394|[from] item: Black Sludge\n|-heal|p1a: TOKIO FUNKA|144\/437 tox|[from] item: Leftovers\n|-damage|p1a: TOKIO FUNKA|117\/437 tox|[from] psn\n|upkeep\n|turn|40\n|l| donaldswallows\n|j| myhusbandisputin\n|c| myhusbandisputin|big ups evakiyama\n|inactive|quixana has 90 seconds left.\n|c|\u2606evakiyama<3|doin my best \n|inactive|quixana has 60 seconds left.\n|j| BadNamingSense\n|\n|t:|1667623780\n|move|p2a: Overqwil|Spikes|p1a: TOKIO FUNKA\n|-sidestart|p1: evakiyama<3|Spikes\n|move|p1a: TOKIO FUNKA|Hydro Pump|p2a: Overqwil\n|-damage|p2a: Overqwil|0 fnt\n|faint|p2a: Overqwil\n|\n|-heal|p1a: TOKIO FUNKA|144\/437 tox|[from] item: Leftovers\n|-damage|p1a: TOKIO FUNKA|90\/437 tox|[from] psn\n|-end|p1a: TOKIO FUNKA|move: Taunt\n|upkeep\n|inactive|quixana has 60 seconds left.\n|\n|t:|1667623789\n|switch|p2a: Electrode|Electrode-Hisui|46\/261\n|turn|41\n|\n|t:|1667623813\n|move|p2a: Electrode|Volt Switch|p1a: TOKIO FUNKA\n|-supereffective|p1a: TOKIO FUNKA\n|-damage|p1a: TOKIO FUNKA|0 fnt\n|faint|p1a: TOKIO FUNKA\n|\n|t:|1667623821\n|switch|p2a: Landorus|Landorus-Therian, M|210\/382\n|\n|-heal|p2a: Landorus|233\/382|[from] item: Leftovers\n|upkeep\n|l| myhusbandisputin\n|\n|t:|1667623840\n|switch|p1a: Jackpot Sad Girl|Clefable, F|358\/394\n|turn|42\n|\n|t:|1667623847\n|move|p2a: Landorus|U-turn|p1a: Jackpot Sad Girl\n|-resisted|p1a: Jackpot Sad Girl\n|-damage|p1a: Jackpot Sad Girl|326\/394\n|\n|t:|1667623851\n|switch|p2a: Sneasler|Sneasler, M|301\/301 par\n|move|p1a: Jackpot Sad Girl|Soft-Boiled|p1a: Jackpot Sad Girl\n|-heal|p1a: Jackpot Sad Girl|394\/394\n|\n|upkeep\n|turn|43\n|\n|t:|1667623861\n|switch|p1a: Venom|Goodra-Hisui, M|216\/364\n|-damage|p1a: Venom|125\/364|[from] Spikes\n|move|p2a: Sneasler|Gunk Shot|p1a: Venom\n|-immune|p1a: Venom\n|\n|-heal|p1a: Venom|147\/364|[from] item: Leftovers\n|upkeep\n|turn|44\n|j| ihammerhead23\n|inactive|evakiyama<3 has 120 seconds left.\n|\n|t:|1667623896\n|switch|p2a: Landorus|Landorus-Therian, M|233\/382\n|-ability|p2a: Landorus|Intimidate|boost\n|-unboost|p1a: Venom|atk|1\n|move|p1a: Venom|Earthquake|p2a: Landorus\n|-immune|p2a: Landorus\n|\n|-heal|p2a: Landorus|256\/382|[from] item: Leftovers\n|-heal|p1a: Venom|169\/364|[from] item: Leftovers\n|upkeep\n|turn|45\n|inactive|evakiyama<3 has 120 seconds left.\n|\n|t:|1667623905\n|move|p2a: Landorus|Earthquake|p1a: Venom\n|-supereffective|p1a: Venom\n|-damage|p1a: Venom|0 fnt\n|faint|p1a: Venom\n|\n|-heal|p2a: Landorus|279\/382|[from] item: Leftovers\n|upkeep\n|inactive|evakiyama<3 has 120 seconds left.\n|\n|t:|1667623919\n|switch|p1a: Jackpot Sad Girl|Clefable, F|394\/394\n|turn|46\n|inactive|quixana has 60 seconds left.\n|l| aausma\n|j| Bug Master DZ\n|\n|t:|1667623964\n|move|p2a: Landorus|U-turn|p1a: Jackpot Sad Girl\n|-resisted|p1a: Jackpot Sad Girl\n|-damage|p1a: Jackpot Sad Girl|362\/394\n|\n|t:|1667623967\n|switch|p2a: Sneasler|Sneasler, M|301\/301 par\n|move|p1a: Jackpot Sad Girl|Moonblast|p2a: Sneasler\n|-damage|p2a: Sneasler|166\/301 par\n|\n|upkeep\n|turn|47\n|inactive|evakiyama<3 has 120 seconds left.\n|\n|t:|1667624019\n|switch|p1a: Kagerou Daze|Qwilfish-Hisui, M|277\/334\n|-damage|p1a: Kagerou Daze|194\/334|[from] Spikes\n|-ability|p1a: Kagerou Daze|Intimidate|boost\n|-unboost|p2a: Sneasler|atk|1\n|move|p2a: Sneasler|Knock Off|p1a: Kagerou Daze\n|-resisted|p1a: Kagerou Daze\n|-damage|p1a: Kagerou Daze|169\/334\n|\n|upkeep\n|turn|48\n|inactive|quixana has 30 seconds left.\n|inactive|quixana has 20 seconds left.\n|inactive|quixana has 15 seconds left.\n|\n|t:|1667624053\n|move|p1a: Kagerou Daze|Throat Chop|p2a: Sneasler\n|-resisted|p2a: Sneasler\n|-damage|p2a: Sneasler|101\/301 par\n|-start|p2a: Sneasler|Throat Chop|[silent]\n|move|p2a: Sneasler|Close Combat|p1a: Kagerou Daze\n|debug|Negating (sp)atk boost\/penalty.\n|-crit|p1a: Kagerou Daze\n|-damage|p1a: Kagerou Daze|0 fnt\n|-unboost|p2a: Sneasler|def|1\n|-unboost|p2a: Sneasler|spd|1\n|faint|p1a: Kagerou Daze\n|\n|upkeep\n|inactive|quixana has 20 seconds left this turn.\n|inactive|evakiyama<3 has 90 seconds left.\n|\n|t:|1667624065\n|switch|p1a: Hibikase|Typhlosion-Hisui, F|201\/287 tox\n|-damage|p1a: Hibikase|130\/287 tox|[from] Spikes\n|turn|49\n|inactive|quixana has 30 seconds left this turn.\n|inactive|evakiyama<3 has 90 seconds left.\n|inactive|quixana has 20 seconds left.\n|\n|t:|1667624077\n|switch|p2a: Landorus|Landorus-Therian, M|279\/382\n|-ability|p2a: Landorus|Intimidate|boost\n|-unboost|p1a: Hibikase|atk|1\n|move|p1a: Hibikase|Flamethrower|p2a: Landorus\n|-damage|p2a: Landorus|147\/382\n|\n|-heal|p2a: Landorus|170\/382|[from] item: Leftovers\n|-damage|p1a: Hibikase|113\/287 tox|[from] psn\n|upkeep\n|turn|50\n|inactive|quixana has 30 seconds left this turn.\n|inactive|evakiyama<3 has 90 seconds left.\n|inactive|quixana has 20 seconds left.\n|\n|t:|1667624088\n|switch|p1a: Jackpot Sad Girl|Clefable, F|362\/394\n|move|p2a: Landorus|Earthquake|p1a: Jackpot Sad Girl\n|-damage|p1a: Jackpot Sad Girl|209\/394\n|\n|-heal|p2a: Landorus|193\/382|[from] item: Leftovers\n|upkeep\n|turn|51\n|inactive|quixana has 30 seconds left this turn.\n|inactive|quixana has 20 seconds left.\n|\n|t:|1667624102\n|move|p2a: Landorus|Earthquake|p1a: Jackpot Sad Girl\n|-damage|p1a: Jackpot Sad Girl|62\/394\n|move|p1a: Jackpot Sad Girl|Soft-Boiled|p1a: Jackpot Sad Girl\n|-heal|p1a: Jackpot Sad Girl|259\/394\n|\n|-heal|p2a: Landorus|216\/382|[from] item: Leftovers\n|upkeep\n|turn|52\n|inactive|quixana has 30 seconds left this turn.\n|\n|t:|1667624110\n|move|p2a: Landorus|U-turn|p1a: Jackpot Sad Girl\n|-resisted|p1a: Jackpot Sad Girl\n|-damage|p1a: Jackpot Sad Girl|225\/394\n|inactive|quixana has 30 seconds left this turn.\n|\n|t:|1667624111\n|switch|p2a: Sneasler|Sneasler, M|101\/301 par\n|move|p1a: Jackpot Sad Girl|Soft-Boiled|p1a: Jackpot Sad Girl\n|-heal|p1a: Jackpot Sad Girl|394\/394\n|\n|upkeep\n|turn|53\n|\n|t:|1667624137\n|switch|p1a: Sick of House!|Ursaluna, M, shiny|360\/405\n|-damage|p1a: Sick of House!|259\/405|[from] Spikes\n|move|p2a: Sneasler|Gunk Shot|p1a: Sick of House!\n|-resisted|p1a: Sick of House!\n|-damage|p1a: Sick of House!|160\/405\n|-status|p1a: Sick of House!|psn\n|\n|-damage|p1a: Sick of House!|110\/405 psn|[from] psn\n|upkeep\n|turn|54\n|l| Gunnygod\n|inactive|quixana has 30 seconds left.\n|j| dwayneXDjohnson\n|j| Potherian\n|inactive|quixana has 20 seconds left.\n|inactive|quixana has 15 seconds left.\n|\n|t:|1667624176\n|move|p2a: Sneasler|Close Combat|p1a: Sick of House!\n|-supereffective|p1a: Sick of House!\n|-damage|p1a: Sick of House!|0 fnt\n|-unboost|p2a: Sneasler|def|1\n|-unboost|p2a: Sneasler|spd|1\n|debug|move failed because it did nothing\n|faint|p1a: Sick of House!\n|\n|upkeep\n|inactive|quixana has 20 seconds left this turn.\n|inactive|evakiyama<3 has 90 seconds left.\n|l| zen860\n|j| nickwatic\n|j| epic regi moment\n|l| nickwatic\n|inactive|evakiyama<3 has 60 seconds left.\n|\n|t:|1667624216\n|switch|p1a: Hibikase|Typhlosion-Hisui, F|113\/287 tox\n|-damage|p1a: Hibikase|42\/287 tox|[from] Spikes\n|turn|55\n|inactive|quixana has 30 seconds left this turn.\n|inactive|quixana has 20 seconds left.\n|inactive|quixana has 15 seconds left.\n|\n|t:|1667624232\n|move|p1a: Hibikase|Flamethrower|p2a: Sneasler\n|-damage|p2a: Sneasler|0 fnt\n|faint|p2a: Sneasler\n|\n|-damage|p1a: Hibikase|25\/287 tox|[from] psn\n|upkeep\n|inactive|quixana has 20 seconds left this turn.\n|\n|t:|1667624235\n|switch|p2a: Landorus|Landorus-Therian, M|216\/382\n|-ability|p2a: Landorus|Intimidate|boost\n|-unboost|p1a: Hibikase|atk|1\n|turn|56\n|inactive|quixana has 30 seconds left this turn.\n|inactive|quixana has 20 seconds left.\n|inactive|quixana has 15 seconds left.\n|inactive|quixana has 10 seconds left.\n|\n|t:|1667624256\n|move|p1a: Hibikase|Flamethrower|p2a: Landorus\n|-damage|p2a: Landorus|95\/382\n|move|p2a: Landorus|U-turn|p1a: Hibikase\n|-resisted|p1a: Hibikase\n|-crit|p1a: Hibikase\n|-damage|p1a: Hibikase|0 fnt\n|faint|p1a: Hibikase\n|inactive|quixana has 15 seconds left this turn.\n|j|&Feyette\n|inactive|quixana has 10 seconds left.\n|\n|t:|1667624262\n|switch|p2a: Electrode|Electrode-Hisui|46\/261\n|\n|upkeep\n|inactive|quixana has 15 seconds left this turn.\n|\n|t:|1667624264\n|switch|p1a: Jackpot Sad Girl|Clefable, F|394\/394\n|turn|57\n|inactive|quixana has 25 seconds left this turn.\n|\n|t:|1667624276\n|move|p2a: Electrode|Volt Switch|p1a: Jackpot Sad Girl\n|-damage|p1a: Jackpot Sad Girl|220\/394\n|inactive|quixana has 30 seconds left this turn.\n|\n|t:|1667624279\n|switch|p2a: Landorus|Landorus-Therian, M|95\/382\n|-ability|p2a: Landorus|Intimidate|boost\n|-unboost|p1a: Jackpot Sad Girl|atk|1\n|move|p1a: Jackpot Sad Girl|Moonblast|p2a: Landorus\n|-crit|p2a: Landorus\n|-damage|p2a: Landorus|0 fnt\n|faint|p2a: Landorus\n|\n|upkeep\n|\n|t:|1667624281\n|switch|p2a: Electrode|Electrode-Hisui|46\/261\n|turn|58\n|j| JTD783\n|c|\u2606evakiyama<3|mannnn\n|\n|t:|1667624296\n|move|p2a: Electrode|Thunderbolt|p1a: Jackpot Sad Girl\n|-damage|p1a: Jackpot Sad Girl|4\/394\n|move|p1a: Jackpot Sad Girl|Moonblast|p2a: Electrode\n|-damage|p2a: Electrode|0 fnt\n|faint|p2a: Electrode\n|\n|win|evakiyama<3\n|n|\u2606evakiyama<3|evakiyama3\n|n|\u2606quixana|quixana\n|n| airplane wifi|airplanewifi\n|n|&honeybourbon|honeybourbon\n|n|+blunderr|blunderr\n|n|@rraykzu|rraykzu\n|n| dragonclaw723|dragonclaw723\n|n| im coral|imcoral\n|n| BadNamingSense|badnamingsense\n|n| ihammerhead23|ihammerhead23\n|n| Bug Master DZ|bugmasterdz\n|n| dwayneXDjohnson|dwaynexdjohnson\n|n| Potherian|potherian\n|n| epic regi moment|epicregimoment\n|n|&Feyette|feyette\n|n| JTD783|jtd783\n|l| Potherian\n|c|\u2606evakiyama<3|OH MY GODDDD\n|c|\u2606evakiyama<3|HOLY SHIT\n|c|\u2606quixana|aww\n|c|\u2606evakiyama<3|OH MY GODDDDDDDDDDD\n|l| epic regi moment\n|c|\u2606quixana|gg\n|l|&honeybourbon\n|c|\u2606evakiyama<3|ggs dude holy shit\n|l| dwayneXDjohnson\n|l|@rraykzu\n|l| ihammerhead23\n|l|&Feyette\n|l|+blunderr\n|l| dragonclaw723\n","uploadtime":1667624311,"views":4,"p1id":"evakiyama3","p2id":"quixana","formatid":"gen8customgame","rating":0,"private":0,"password":null}