{"id":"radicalred-gen8draft-59570","p1":"LudwigFrog","p2":"shadowtime2000","format":"gen8draft","log":"|j|\u2606LudwigFrog\n|j|\u2606shadowtime2000\n|t:|1642906831\n|gametype|singles\n|player|p1|LudwigFrog|rr-coalossal|\n|player|p2|shadowtime2000|266|\n|teamsize|p1|6\n|teamsize|p2|6\n|gen|8\n|tier|[Gen 8] Draft\n|rule|Sleep Clause Mod: Limit one foe put to sleep\n|rule|OHKO Clause: OHKO moves are banned\n|rule|Evasion Moves Clause: Evasion moves are banned\n|rule|Endless Battle Clause: Forcing endless battles is banned\n|rule|HP Percentage Mod: HP is shown in percentages\n|rule|Dynamax Clause: You cannot dynamax\n|rule|Z-Move Clause: Z-Moves are banned\n|clearpoke\n|poke|p1|Urshifu-*, F|\n|poke|p1|Hippowdon, M|\n|poke|p1|Magnezone|\n|poke|p1|Slowbro, F|\n|poke|p1|Corviknight, M|\n|poke|p1|Sceptile, M|\n|poke|p2|Krookodile, M|\n|poke|p2|Mew|\n|poke|p2|Rotom-Heat|\n|poke|p2|Skarmory, F|\n|poke|p2|Tapu Fini|\n|poke|p2|Conkeldurr, F|\n|teampreview\n|c|\u2606shadowtime2000|gl hf\n|c|\u2606LudwigFrog|u2\n|\n|t:|1642906865\n|start\n|switch|p1a: Urshifu|Urshifu, F|100\/100\n|switch|p2a: Rotom-Heat|Rotom-Heat|100\/100\n|turn|1\n|\n|t:|1642906871\n|move|p1a: Urshifu|Wicked Blow|p2a: Rotom-Heat\n|-crit|p2a: Rotom-Heat\n|-damage|p2a: Rotom-Heat|0 fnt\n|faint|p2a: Rotom-Heat\n|\n|upkeep\n|j| Beter222\n|\n|t:|1642906884\n|switch|p2a: Tapu Fini|Tapu Fini|100\/100\n|-fieldstart|move: Misty Terrain|[from] ability: Misty Surge|[of] p2a: Tapu Fini\n|turn|2\n|c|\u2606shadowtime2000|lmaooo\n|j| DJSen\n|\n|t:|1642906888\n|switch|p1a: Corviknight|Corviknight, M|100\/100\n|move|p2a: Tapu Fini|Nature's Madness|p1a: Corviknight\n|-damage|p1a: Corviknight|50\/100\n|\n|-heal|p1a: Corviknight|57\/100|[from] item: Leftovers\n|upkeep\n|turn|3\n|\n|t:|1642906911\n|switch|p2a: Conkeldurr|Conkeldurr, F|100\/100\n|move|p1a: Corviknight|U-turn|p2a: Conkeldurr\n|-resisted|p2a: Conkeldurr\n|-damage|p2a: Conkeldurr|94\/100\n|\n|t:|1642906920\n|switch|p1a: Slowbro|Slowbro, F|100\/100|[from]move: U-turn\n|\n|upkeep\n|turn|4\n|\n|t:|1642906928\n|move|p2a: Conkeldurr|Knock Off|p1a: Slowbro\n|-supereffective|p1a: Slowbro\n|-enditem|p1a: Slowbro|Colbur Berry|[eat]\n|-enditem|p1a: Slowbro|Colbur Berry|[weaken]\n|-damage|p1a: Slowbro|77\/100\n|move|p1a: Slowbro|Future Sight|p2a: Conkeldurr\n|-start|p1a: Slowbro|move: Future Sight\n|\n|upkeep\n|turn|5\n|\n|t:|1642906934\n|switch|p2a: Krookodile|Krookodile, M|100\/100\n|move|p1a: Slowbro|Teleport|p1a: Slowbro\n|\n|t:|1642906937\n|switch|p1a: Urshifu|Urshifu, F|100\/100|[from]move: Teleport\n|\n|upkeep\n|turn|6\n|\n|t:|1642906941\n|move|p2a: Krookodile|Close Combat|p1a: Urshifu\n|-supereffective|p1a: Urshifu\n|-damage|p1a: Urshifu|25\/100\n|-unboost|p2a: Krookodile|def|1\n|-unboost|p2a: Krookodile|spd|1\n|move|p1a: Urshifu|Close Combat|p2a: Krookodile\n|-supereffective|p2a: Krookodile\n|-damage|p2a: Krookodile|0 fnt\n|-unboost|p1a: Urshifu|def|1\n|-unboost|p1a: Urshifu|spd|1\n|faint|p2a: Krookodile\n|\n|-hint|Future Sight did not hit because the target is fainted.\n|-fieldend|Misty Terrain\n|upkeep\n|c|\u2606shadowtime2000|bruh momento\n|\n|t:|1642906957\n|switch|p2a: Skarmory|Skarmory, F|100\/100\n|turn|7\n|\n|t:|1642906961\n|switch|p1a: Corviknight|Corviknight, M|57\/100\n|move|p2a: Skarmory|Stealth Rock|p1a: Corviknight\n|-sidestart|p1: LudwigFrog|move: Stealth Rock\n|\n|-heal|p1a: Corviknight|63\/100|[from] item: Leftovers\n|upkeep\n|turn|8\n|\n|t:|1642906969\n|switch|p2a: Mew|Mew|100\/100\n|move|p1a: Corviknight|Defog|p2a: Mew\n|-unboost|p2a: Mew|evasion|1\n|-sideend|p1: LudwigFrog|Stealth Rock|[from] move: Defog|[of] p1a: Corviknight\n|\n|-heal|p1a: Corviknight|69\/100|[from] item: Leftovers\n|upkeep\n|turn|9\n|\n|t:|1642906977\n|move|p2a: Mew|Dragon Dance|p2a: Mew\n|-boost|p2a: Mew|atk|1\n|-boost|p2a: Mew|spe|1\n|move|p1a: Corviknight|U-turn|p2a: Mew\n|-supereffective|p2a: Mew\n|-damage|p2a: Mew|74\/100\n|\n|t:|1642906980\n|switch|p1a: Hippowdon|Hippowdon, M|100\/100|[from]move: U-turn\n|-weather|Sandstorm|[from] ability: Sand Stream|[of] p1a: Hippowdon\n|\n|-weather|Sandstorm|[upkeep]\n|-damage|p2a: Mew|67\/100|[from] Sandstorm\n|upkeep\n|turn|10\n|\n|t:|1642906988\n|move|p2a: Mew|Zen Headbutt|p1a: Hippowdon\n|-damage|p1a: Hippowdon|59\/100\n|-damage|p2a: Mew|57\/100|[from] item: Life Orb\n|move|p1a: Hippowdon|Toxic|p2a: Mew\n|-status|p2a: Mew|tox\n|-activate|p2a: Mew|ability: Synchronize\n|-status|p1a: Hippowdon|tox\n|\n|-weather|Sandstorm|[upkeep]\n|-damage|p2a: Mew|51\/100 tox|[from] Sandstorm\n|-heal|p1a: Hippowdon|65\/100 tox|[from] item: Leftovers\n|-damage|p2a: Mew|45\/100 tox|[from] psn\n|-damage|p1a: Hippowdon|59\/100 tox|[from] psn\n|upkeep\n|turn|11\n|\n|t:|1642907003\n|switch|p1a: Slowbro|Slowbro, F|100\/100\n|move|p2a: Mew|Zen Headbutt|p1a: Slowbro\n|-resisted|p1a: Slowbro\n|-damage|p1a: Slowbro|79\/100\n|-damage|p2a: Mew|35\/100 tox|[from] item: Life Orb\n|\n|-weather|Sandstorm|[upkeep]\n|-damage|p2a: Mew|29\/100 tox|[from] Sandstorm\n|-damage|p1a: Slowbro|73\/100|[from] Sandstorm\n|-damage|p2a: Mew|17\/100 tox|[from] psn\n|upkeep\n|turn|12\n|\n|t:|1642907014\n|move|p2a: Mew|Knock Off|p1a: Slowbro\n|-supereffective|p1a: Slowbro\n|-damage|p1a: Slowbro|28\/100\n|-damage|p2a: Mew|7\/100 tox|[from] item: Life Orb\n|move|p1a: Slowbro|Teleport|p1a: Slowbro\n|\n|t:|1642907019\n|switch|p1a: Urshifu|Urshifu, F|25\/100|[from]move: Teleport\n|\n|-weather|Sandstorm|[upkeep]\n|-damage|p2a: Mew|0 fnt|[from] Sandstorm\n|-damage|p1a: Urshifu|19\/100|[from] Sandstorm\n|faint|p2a: Mew\n|upkeep\n|\n|t:|1642907027\n|switch|p2a: Tapu Fini|Tapu Fini|100\/100\n|-fieldstart|move: Misty Terrain|[from] ability: Misty Surge|[of] p2a: Tapu Fini\n|turn|13\n|\n|t:|1642907034\n|switch|p1a: Corviknight|Corviknight, M|69\/100\n|move|p2a: Tapu Fini|Nature's Madness|p1a: Corviknight\n|-damage|p1a: Corviknight|35\/100\n|\n|-weather|none\n|-heal|p1a: Corviknight|41\/100|[from] item: Leftovers\n|upkeep\n|turn|14\n|\n|t:|1642907042\n|move|p2a: Tapu Fini|Scald|p1a: Corviknight\n|-damage|p1a: Corviknight|20\/100\n|move|p1a: Corviknight|Roost|p1a: Corviknight\n|-heal|p1a: Corviknight|70\/100\n|-singleturn|p1a: Corviknight|move: Roost\n|\n|-heal|p1a: Corviknight|76\/100|[from] item: Leftovers\n|upkeep\n|turn|15\n|\n|t:|1642907051\n|switch|p2a: Conkeldurr|Conkeldurr, F|94\/100\n|move|p1a: Corviknight|U-turn|p2a: Conkeldurr\n|-resisted|p2a: Conkeldurr\n|-damage|p2a: Conkeldurr|88\/100\n|\n|t:|1642907058\n|switch|p1a: Hippowdon|Hippowdon, M|59\/100 tox|[from]move: U-turn\n|-weather|Sandstorm|[from] ability: Sand Stream|[of] p1a: Hippowdon\n|\n|-weather|Sandstorm|[upkeep]\n|-damage|p2a: Conkeldurr|82\/100|[from] Sandstorm\n|-heal|p1a: Hippowdon|65\/100 tox|[from] item: Leftovers\n|-damage|p1a: Hippowdon|59\/100 tox|[from] psn\n|upkeep\n|turn|16\n|\n|t:|1642907069\n|move|p1a: Hippowdon|Earthquake|p2a: Conkeldurr\n|-damage|p2a: Conkeldurr|51\/100\n|move|p2a: Conkeldurr|Ice Punch|p1a: Hippowdon\n|-supereffective|p1a: Hippowdon\n|-damage|p1a: Hippowdon|22\/100 tox\n|\n|-weather|Sandstorm|[upkeep]\n|-damage|p2a: Conkeldurr|45\/100|[from] Sandstorm\n|-heal|p1a: Hippowdon|28\/100 tox|[from] item: Leftovers\n|-damage|p1a: Hippowdon|16\/100 tox|[from] psn\n|upkeep\n|turn|17\n|\n|t:|1642907079\n|switch|p1a: Slowbro|Slowbro, F|61\/100\n|move|p2a: Conkeldurr|Mach Punch|p1a: Slowbro\n|-resisted|p1a: Slowbro\n|-damage|p1a: Slowbro|54\/100\n|\n|-weather|Sandstorm|[upkeep]\n|-damage|p2a: Conkeldurr|39\/100|[from] Sandstorm\n|-damage|p1a: Slowbro|48\/100|[from] Sandstorm\n|-fieldend|Misty Terrain\n|-status|p2a: Conkeldurr|brn|[from] item: Flame Orb\n|upkeep\n|turn|18\n|\n|t:|1642907088\n|move|p2a: Conkeldurr|Knock Off|p1a: Slowbro\n|-supereffective|p1a: Slowbro\n|-damage|p1a: Slowbro|2\/100\n|move|p1a: Slowbro|Teleport|p1a: Slowbro\n|\n|t:|1642907091\n|switch|p1a: Sceptile|Sceptile, M|100\/100|[from]move: Teleport\n|\n|-weather|Sandstorm|[upkeep]\n|-damage|p1a: Sceptile|94\/100|[from] Sandstorm\n|-damage|p2a: Conkeldurr|33\/100 brn|[from] Sandstorm\n|-damage|p2a: Conkeldurr|27\/100 brn|[from] brn\n|upkeep\n|turn|19\n|\n|t:|1642907098\n|detailschange|p1a: Sceptile|Sceptile-Mega, M\n|-mega|p1a: Sceptile|Sceptile|Sceptilite\n|move|p2a: Conkeldurr|Mach Punch|p1a: Sceptile\n|-damage|p1a: Sceptile|49\/100\n|move|p1a: Sceptile|Leaf Blade|p2a: Conkeldurr\n|-damage|p2a: Conkeldurr|0 fnt\n|faint|p2a: Conkeldurr\n|\n|-weather|none\n|upkeep\n|\n|t:|1642907107\n|switch|p2a: Skarmory|Skarmory, F|100\/100\n|turn|20\n|\n|t:|1642907111\n|switch|p1a: Slowbro|Slowbro, F|36\/100\n|move|p2a: Skarmory|Body Press|p1a: Slowbro\n|-resisted|p1a: Slowbro\n|-crit|p1a: Slowbro\n|-damage|p1a: Slowbro|23\/100\n|\n|upkeep\n|turn|21\n|\n|t:|1642907119\n|move|p1a: Slowbro|Slack Off|p1a: Slowbro\n|-heal|p1a: Slowbro|73\/100\n|move|p2a: Skarmory|Whirlwind|p1a: Slowbro\n|drag|p1a: Sceptile|Sceptile-Mega, M|49\/100\n|\n|upkeep\n|turn|22\n|\n|t:|1642907125\n|switch|p1a: Slowbro|Slowbro, F|100\/100\n|move|p2a: Skarmory|Body Press|p1a: Slowbro\n|-resisted|p1a: Slowbro\n|-damage|p1a: Slowbro|91\/100\n|\n|upkeep\n|turn|23\n|l| DJSen\n|\n|t:|1642907131\n|switch|p2a: Tapu Fini|Tapu Fini|100\/100\n|-fieldstart|move: Misty Terrain|[from] ability: Misty Surge|[of] p2a: Tapu Fini\n|move|p1a: Slowbro|Scald|p2a: Tapu Fini\n|-resisted|p2a: Tapu Fini\n|-damage|p2a: Tapu Fini|87\/100\n|\n|-heal|p2a: Tapu Fini|93\/100|[from] item: Leftovers\n|upkeep\n|turn|24\n|\n|t:|1642907140\n|move|p2a: Tapu Fini|Nature's Madness|p1a: Slowbro\n|-damage|p1a: Slowbro|46\/100\n|move|p1a: Slowbro|Teleport|p1a: Slowbro\n|\n|t:|1642907143\n|switch|p1a: Magnezone|Magnezone|100\/100|[from]move: Teleport\n|\n|-heal|p2a: Tapu Fini|99\/100|[from] item: Leftovers\n|upkeep\n|turn|25\n|\n|t:|1642907149\n|move|p2a: Tapu Fini|Scald|p1a: Magnezone\n|-damage|p1a: Magnezone|56\/100\n|move|p1a: Magnezone|Volt Switch|p2a: Tapu Fini\n|-supereffective|p2a: Tapu Fini\n|-damage|p2a: Tapu Fini|0 fnt\n|faint|p2a: Tapu Fini\n|\n|t:|1642907152\n|switch|p1a: Slowbro|Slowbro, F|79\/100|[from]move: Volt Switch\n|\n|upkeep\n|\n|t:|1642907157\n|switch|p2a: Skarmory|Skarmory, F|100\/100\n|turn|26\n|\n|t:|1642907160\n|move|p2a: Skarmory|Stealth Rock|p1a: Slowbro\n|-sidestart|p1: LudwigFrog|move: Stealth Rock\n|move|p1a: Slowbro|Scald|p2a: Skarmory\n|-damage|p2a: Skarmory|63\/100\n|\n|-heal|p2a: Skarmory|69\/100|[from] item: Leftovers\n|upkeep\n|turn|27\n|\n|t:|1642907167\n|move|p2a: Skarmory|Whirlwind|p1a: Slowbro\n|drag|p1a: Urshifu|Urshifu, F|19\/100\n|-damage|p1a: Urshifu|13\/100|[from] Stealth Rock\n|\n|-heal|p2a: Skarmory|75\/100|[from] item: Leftovers\n|-fieldend|Misty Terrain\n|upkeep\n|turn|28\n|\n|t:|1642907174\n|switch|p1a: Corviknight|Corviknight, M|76\/100\n|-damage|p1a: Corviknight|64\/100|[from] Stealth Rock\n|move|p2a: Skarmory|Whirlwind|p1a: Corviknight\n|drag|p1a: Slowbro|Slowbro, F|100\/100\n|-damage|p1a: Slowbro|88\/100|[from] Stealth Rock\n|\n|-heal|p2a: Skarmory|81\/100|[from] item: Leftovers\n|upkeep\n|turn|29\n|\n|t:|1642907182\n|move|p2a: Skarmory|Whirlwind|p1a: Slowbro\n|drag|p1a: Urshifu|Urshifu, F|13\/100\n|-damage|p1a: Urshifu|7\/100|[from] Stealth Rock\n|\n|-heal|p2a: Skarmory|87\/100|[from] item: Leftovers\n|upkeep\n|turn|30\n|\n|t:|1642907188\n|switch|p1a: Corviknight|Corviknight, M|64\/100\n|-damage|p1a: Corviknight|51\/100|[from] Stealth Rock\n|move|p2a: Skarmory|Whirlwind|p1a: Corviknight\n|drag|p1a: Magnezone|Magnezone|56\/100\n|-damage|p1a: Magnezone|50\/100|[from] Stealth Rock\n|\n|-heal|p2a: Skarmory|93\/100|[from] item: Leftovers\n|upkeep\n|turn|31\n|c|\u2606LudwigFrog|gg\n|\n|t:|1642907197\n|move|p1a: Magnezone|Thunderbolt|p2a: Skarmory\n|-supereffective|p2a: Skarmory\n|-damage|p2a: Skarmory|0 fnt\n|faint|p2a: Skarmory\n|\n|win|LudwigFrog\n|c|\u2606shadowtime2000|gg\n","uploadtime":1642907198,"views":22,"p1id":"ludwigfrog","p2id":"shadowtime2000","formatid":"gen8draft","rating":0,"private":0,"password":null}