{"id":"radicalred-gen8plalegacydraft-241110","p1":"Elon Musk Rusk","p2":"Sobiris","format":"gen8plalegacydraft","log":"|j|\u2606Elon Musk Rusk\n|j|\u2606Sobiris\n|t:|1663578404\n|gametype|singles\n|player|p1|Elon Musk Rusk|2|\n|player|p2|Sobiris|102|\n|teamsize|p1|6\n|teamsize|p2|6\n|gen|8\n|tier|[Gen 8] PLA Legacy Draft\n|rule|HP Percentage Mod: HP is shown in percentages\n|rule|Endless Battle Clause: Forcing endless battles is banned\n|rule|OHKO Clause: OHKO moves are banned\n|rule|Evasion Moves Clause: Evasion moves are banned\n|rule|Species Clause: Limit one of each Pok\u00e9mon\n|rule|Sleep Clause Mod: Limit one foe put to sleep\n|rule|Dynamax Clause: You cannot dynamax\n|rule|Z-Move Clause: Z-Moves are banned\n|clearpoke\n|poke|p1|Landorus, M|\n|poke|p1|Melmetal|\n|poke|p1|Slowbro, M|\n|poke|p1|Gallade, M|\n|poke|p1|Vikavolt, M|\n|poke|p1|Comfey, M|\n|poke|p2|Celesteela|\n|poke|p2|Zeraora|\n|poke|p2|Tapu Lele|\n|poke|p2|Tsareena, F|\n|poke|p2|Blastoise, F|\n|poke|p2|Flareon, M|\n|teampreview\n|c|\u2606Sobiris|gl hf\n|c|\u2606Sobiris|posted\n|j| Patrick Suavezy\n|\n|t:|1663578450\n|start\n|switch|p1a: Landorus|Landorus, M|100\/100\n|switch|p2a: Tapu Lele|Tapu Lele|100\/100\n|-fieldstart|move: Psychic Terrain|[from] ability: Psychic Surge|[of] p2a: Tapu Lele\n|turn|1\n|\n|t:|1663578471\n|switch|p1a: Slowbro|Slowbro, M|100\/100\n|move|p2a: Tapu Lele|Psychic|p1a: Slowbro\n|-resisted|p1a: Slowbro\n|-damage|p1a: Slowbro|78\/100\n|\n|-heal|p1a: Slowbro|84\/100|[from] item: Leftovers\n|upkeep\n|turn|2\n|\n|t:|1663578479\n|move|p2a: Tapu Lele|Substitute|p2a: Tapu Lele\n|-start|p2a: Tapu Lele|Substitute\n|-damage|p2a: Tapu Lele|76\/100\n|move|p1a: Slowbro|Future Sight|p2a: Tapu Lele\n|-start|p1a: Slowbro|move: Future Sight\n|\n|-heal|p2a: Tapu Lele|82\/100|[from] item: Leftovers\n|-heal|p1a: Slowbro|90\/100|[from] item: Leftovers\n|upkeep\n|turn|3\n|\n|t:|1663578487\n|move|p2a: Tapu Lele|Moonblast|p1a: Slowbro\n|-damage|p1a: Slowbro|50\/100\n|move|p1a: Slowbro|Teleport|p1a: Slowbro\n|\n|t:|1663578490\n|switch|p1a: Melmetal|Melmetal|100\/100|[from]move: Teleport\n|\n|-heal|p2a: Tapu Lele|88\/100|[from] item: Leftovers\n|upkeep\n|turn|4\n|\n|t:|1663578510\n|switch|p2a: Celesteela|Celesteela|100\/100\n|move|p1a: Melmetal|Thunder Punch|p2a: Celesteela\n|-supereffective|p2a: Celesteela\n|-damage|p2a: Celesteela|55\/100\n|-status|p2a: Celesteela|par\n|\n|-end|p2a: Celesteela|move: Future Sight\n|-resisted|p2a: Celesteela\n|-damage|p2a: Celesteela|31\/100 par\n|-heal|p2a: Celesteela|37\/100 par|[from] item: Leftovers\n|upkeep\n|turn|5\n|\n|t:|1663578521\n|move|p2a: Celesteela|Protect|p2a: Celesteela\n|-singleturn|p2a: Celesteela|Protect\n|move|p1a: Melmetal|Thunder Punch|p2a: Celesteela\n|-activate|p2a: Celesteela|move: Protect\n|\n|-heal|p2a: Celesteela|43\/100 par|[from] item: Leftovers\n|-fieldend|move: Psychic Terrain\n|upkeep\n|turn|6\n|\n|t:|1663578538\n|switch|p2a: Zeraora|Zeraora|100\/100\n|move|p1a: Melmetal|Double Iron Bash|p2a: Zeraora\n|-resisted|p2a: Zeraora\n|-damage|p2a: Zeraora|71\/100\n|-resisted|p2a: Zeraora\n|-damage|p2a: Zeraora|41\/100\n|-hitcount|p2a: Zeraora|2\n|\n|upkeep\n|turn|7\n|\n|t:|1663578548\n|move|p1a: Melmetal|Protect|p1a: Melmetal\n|-singleturn|p1a: Melmetal|Protect\n|move|p2a: Zeraora|Close Combat|p1a: Melmetal\n|-activate|p1a: Melmetal|move: Protect\n|\n|upkeep\n|turn|8\n|\n|t:|1663578558\n|switch|p1a: Vikavolt|Vikavolt, M|100\/100\n|move|p2a: Zeraora|Knock Off|p1a: Vikavolt\n|-crit|p1a: Vikavolt\n|-damage|p1a: Vikavolt|60\/100\n|-enditem|p1a: Vikavolt|Heavy-Duty Boots|[from] move: Knock Off|[of] p2a: Zeraora\n|\n|upkeep\n|turn|9\n|\n|t:|1663578570\n|switch|p2a: Tsareena|Tsareena, F|100\/100\n|move|p1a: Vikavolt|Roost|p1a: Vikavolt\n|-heal|p1a: Vikavolt|100\/100\n|-singleturn|p1a: Vikavolt|move: Roost\n|\n|upkeep\n|turn|10\n|\n|t:|1663578578\n|move|p2a: Tsareena|Aromatherapy|p2a: Tsareena\n|-activate|p2a: Tsareena|move: Aromatherapy\n|-curestatus|p2: Celesteela|par|[msg]\n|move|p1a: Vikavolt|Sticky Web|p2a: Tsareena\n|-sidestart|p2: Sobiris|move: Sticky Web\n|\n|upkeep\n|turn|11\n|\n|t:|1663578584\n|move|p2a: Tsareena|Rapid Spin|p1a: Vikavolt\n|-damage|p1a: Vikavolt|88\/100\n|-boost|p2a: Tsareena|spe|1\n|-sideend|p2: Sobiris|Sticky Web|[from] move: Rapid Spin|[of] p2a: Tsareena\n|move|p1a: Vikavolt|Bug Buzz|p2a: Tsareena\n|-supereffective|p2a: Tsareena\n|-damage|p2a: Tsareena|21\/100\n|-enditem|p2a: Tsareena|Aguav Berry|[eat]\n|-heal|p2a: Tsareena|54\/100|[from] item: Aguav Berry\n|\n|upkeep\n|turn|12\n|\n|t:|1663578593\n|move|p2a: Tsareena|U-turn|p1a: Vikavolt\n|-damage|p1a: Vikavolt|70\/100\n|\n|t:|1663578631\n|switch|p2a: Celesteela|Celesteela|43\/100|[from]move: U-turn\n|move|p1a: Vikavolt|Volt Switch|p2a: Celesteela\n|-supereffective|p2a: Celesteela\n|-damage|p2a: Celesteela|0 fnt\n|faint|p2a: Celesteela\n|c|\u2606Sobiris|ggs\n|\n|t:|1663578639\n|switch|p1a: Landorus|Landorus, M|100\/100|[from]move: Volt Switch\n|\n|upkeep\n|c|\u2606Elon Musk Rusk|?\n|j| PrettyLittleRose\n|\n|t:|1663578668\n|switch|p2a: Tsareena|Tsareena, F|54\/100\n|turn|13\n|\n|t:|1663578673\n|move|p1a: Landorus|U-turn|p2a: Tsareena\n|-supereffective|p2a: Tsareena\n|-damage|p2a: Tsareena|3\/100\n|-damage|p1a: Landorus|91\/100|[from] item: Life Orb\n|\n|t:|1663578677\n|switch|p1a: Vikavolt|Vikavolt, M|70\/100|[from]move: U-turn\n|move|p2a: Tsareena|Triple Axel|p1a: Vikavolt\n|-damage|p1a: Vikavolt|64\/100\n|-damage|p1a: Vikavolt|54\/100\n|-damage|p1a: Vikavolt|37\/100\n|-hitcount|p1a: Vikavolt|3\n|\n|upkeep\n|turn|14\n|\n|t:|1663578691\n|move|p2a: Tsareena|Triple Axel|p1a: Vikavolt\n|-damage|p1a: Vikavolt|32\/100\n|-damage|p1a: Vikavolt|21\/100\n|-crit|p1a: Vikavolt\n|-damage|p1a: Vikavolt|0 fnt\n|faint|p1a: Vikavolt\n|-hitcount|p1: Vikavolt|3\n|\n|upkeep\n|\n|t:|1663578694\n|switch|p1a: Landorus|Landorus, M|91\/100\n|turn|15\n|\n|t:|1663578702\n|switch|p2a: Flareon|Flareon, M|100\/100\n|move|p1a: Landorus|Earth Power|p2a: Flareon\n|-supereffective|p2a: Flareon\n|-damage|p2a: Flareon|7\/100\n|\n|-heal|p2a: Flareon|13\/100|[from] item: Leftovers\n|upkeep\n|turn|16\n|\n|t:|1663578710\n|move|p2a: Flareon|Protect|p2a: Flareon\n|-singleturn|p2a: Flareon|Protect\n|move|p1a: Landorus|Earth Power|p2a: Flareon\n|-activate|p2a: Flareon|move: Protect\n|\n|-heal|p2a: Flareon|19\/100|[from] item: Leftovers\n|upkeep\n|turn|17\n|\n|t:|1663578730\n|switch|p2a: Tsareena|Tsareena, F|3\/100\n|move|p1a: Landorus|Earth Power|p2a: Tsareena\n|-resisted|p2a: Tsareena\n|-damage|p2a: Tsareena|0 fnt\n|faint|p2a: Tsareena\n|\n|upkeep\n|\n|t:|1663578738\n|switch|p2a: Blastoise|Blastoise, F|100\/100\n|turn|18\n|\n|t:|1663578766\n|detailschange|p2a: Blastoise|Blastoise-Mega, F\n|-mega|p2a: Blastoise|Blastoise|Blastoisinite\n|move|p1a: Landorus|U-turn|p2a: Blastoise\n|-damage|p2a: Blastoise|76\/100\n|-damage|p1a: Landorus|81\/100|[from] item: Life Orb\n|\n|t:|1663578772\n|switch|p1a: Gallade|Gallade, M|100\/100|[from]move: U-turn\n|move|p2a: Blastoise|Rapid Spin|p1a: Gallade\n|-damage|p1a: Gallade|84\/100\n|-boost|p2a: Blastoise|spe|1\n|\n|upkeep\n|turn|19\n|\n|t:|1663578795\n|detailschange|p1a: Gallade|Gallade-Mega, M\n|-mega|p1a: Gallade|Gallade|Galladite\n|move|p2a: Blastoise|Water Pulse|p1a: Gallade\n|-damage|p1a: Gallade|30\/100\n|move|p1a: Gallade|Close Combat|p2a: Blastoise\n|-damage|p2a: Blastoise|8\/100\n|-unboost|p1a: Gallade|def|1\n|-unboost|p1a: Gallade|spd|1\n|\n|upkeep\n|turn|20\n|\n|t:|1663578831\n|switch|p1a: Comfey|Comfey, M|100\/100\n|move|p2a: Blastoise|Dark Pulse|p1a: Comfey\n|-resisted|p1a: Comfey\n|-damage|p1a: Comfey|75\/100\n|\n|-heal|p1a: Comfey|81\/100|[from] item: Leftovers\n|upkeep\n|turn|21\n|\n|t:|1663578841\n|switch|p2a: Tapu Lele|Tapu Lele|88\/100\n|-fieldstart|move: Psychic Terrain|[from] ability: Psychic Surge|[of] p2a: Tapu Lele\n|move|p1a: Comfey|U-turn|p2a: Tapu Lele\n|-damage|p2a: Tapu Lele|74\/100\n|c|\u2606Sobiris|wp\n|\n|t:|1663578909\n|switch|p1a: Landorus|Landorus, M|81\/100|[from]move: U-turn\n|\n|-heal|p2a: Tapu Lele|80\/100|[from] item: Leftovers\n|upkeep\n|turn|22\n|\n|t:|1663578916\n|move|p1a: Landorus|U-turn|p2a: Tapu Lele\n|-damage|p2a: Tapu Lele|38\/100\n|-damage|p1a: Landorus|71\/100|[from] item: Life Orb\n|\n|t:|1663578918\n|switch|p1a: Slowbro|Slowbro, M|83\/100|[from]move: U-turn\n|move|p2a: Tapu Lele|Psychic|p1a: Slowbro\n|-resisted|p1a: Slowbro\n|-damage|p1a: Slowbro|57\/100\n|\n|-heal|p2a: Tapu Lele|44\/100|[from] item: Leftovers\n|-heal|p1a: Slowbro|63\/100|[from] item: Leftovers\n|upkeep\n|turn|23\n|\n|t:|1663578935\n|switch|p2a: Zeraora|Zeraora|41\/100\n|move|p1a: Slowbro|Teleport|p1a: Slowbro\n|\n|t:|1663578939\n|switch|p1a: Landorus|Landorus, M|71\/100|[from]move: Teleport\n|\n|upkeep\n|turn|24\n|\n|t:|1663578973\n|move|p2a: Zeraora|Knock Off|p1a: Landorus\n|-damage|p1a: Landorus|32\/100\n|-enditem|p1a: Landorus|Life Orb|[from] move: Knock Off|[of] p2a: Zeraora\n|move|p1a: Landorus|Earth Power|p2a: Zeraora\n|-supereffective|p2a: Zeraora\n|-enditem|p2a: Zeraora|Shuca Berry|[eat]\n|-enditem|p2a: Zeraora|Shuca Berry|[weaken]\n|-damage|p2a: Zeraora|0 fnt\n|faint|p2a: Zeraora\n|\n|upkeep\n|\n|t:|1663578982\n|switch|p2a: Tapu Lele|Tapu Lele|44\/100\n|turn|25\n|l| PrettyLittleRose\n|\n|t:|1663579029\n|move|p1a: Landorus|Earth Power|p2a: Tapu Lele\n|-damage|p2a: Tapu Lele|0 fnt\n|faint|p2a: Tapu Lele\n|\n|-fieldend|move: Psychic Terrain\n|upkeep\n|c|\u2606Elon Musk Rusk|gg\n|c|\u2606Sobiris|was gg when I lost steela\n|\n|t:|1663579044\n|switch|p2a: Blastoise|Blastoise-Mega, F|8\/100\n|turn|26\n|\n|t:|1663579049\n|move|p1a: Landorus|Earth Power|p2a: Blastoise\n|-damage|p2a: Blastoise|0 fnt\n|faint|p2a: Blastoise\n|\n|upkeep\n|\n|t:|1663579053\n|switch|p2a: Flareon|Flareon, M|19\/100\n|turn|27\n|c|\u2606Elon Musk Rusk|I mean focus blast idk\n|\n|t:|1663579057\n|move|p1a: Landorus|Earth Power|p2a: Flareon\n|-supereffective|p2a: Flareon\n|-damage|p2a: Flareon|0 fnt\n|faint|p2a: Flareon\n|\n|win|Elon Musk Rusk\n","uploadtime":1663579064,"views":48,"p1id":"elonmuskrusk","p2id":"sobiris","formatid":"gen8plalegacydraft","rating":0,"private":0,"password":null}