{"id":"radicalred-gen8draft-60626","p1":"ItsByron","p2":"LudwigFrog","format":"gen8draft","log":"|j|\u2606ItsByron\n|j|\u2606LudwigFrog\n|t:|1643057500\n|gametype|singles\n|player|p1|ItsByron|rr-breedersnorlax|\n|player|p2|LudwigFrog|rr-cinderace|\n|teamsize|p1|6\n|teamsize|p2|6\n|gen|8\n|tier|[Gen 8] Draft\n|rule|Sleep Clause Mod: Limit one foe put to sleep\n|rule|OHKO Clause: OHKO moves are banned\n|rule|Evasion Moves Clause: Evasion moves are banned\n|rule|Endless Battle Clause: Forcing endless battles is banned\n|rule|HP Percentage Mod: HP is shown in percentages\n|rule|Dynamax Clause: You cannot dynamax\n|rule|Z-Move Clause: Z-Moves are banned\n|clearpoke\n|poke|p1|Kingler, M|\n|poke|p1|Magmortar, M|\n|poke|p1|Electivire, M|\n|poke|p1|Slowking-Galar, M|\n|poke|p1|Rillaboom, M|\n|poke|p1|Goodra, F|\n|poke|p2|Urshifu-*, M|\n|poke|p2|Slowbro, M|\n|poke|p2|Corviknight, F|\n|poke|p2|Hippowdon, F|\n|poke|p2|Magnezone|\n|poke|p2|Sceptile, M|\n|teampreview\n|c|\u2606ItsByron|glhf\n|j| DJSen\n|c|\u2606LudwigFrog|u2\n|\n|t:|1643057565\n|start\n|switch|p1a: Kilowatt|Electivire, M|100\/100\n|switch|p2a: Urshifu|Urshifu, M|100\/100\n|turn|1\n|\n|t:|1643057573\n|switch|p2a: Hippowdon|Hippowdon, F|100\/100\n|-weather|Sandstorm|[from] ability: Sand Stream|[of] p2a: Hippowdon\n|move|p1a: Kilowatt|Mach Punch|p2a: Hippowdon\n|-damage|p2a: Hippowdon|83\/100\n|\n|-weather|Sandstorm|[upkeep]\n|-damage|p1a: Kilowatt|94\/100|[from] Sandstorm\n|-heal|p2a: Hippowdon|89\/100|[from] item: Leftovers\n|upkeep\n|turn|2\n|\n|t:|1643057639\n|switch|p1a: Neptune|Kingler, M|100\/100\n|move|p2a: Hippowdon|Slack Off|p2a: Hippowdon\n|-heal|p2a: Hippowdon|100\/100\n|\n|-weather|Sandstorm|[upkeep]\n|-damage|p1a: Neptune|94\/100|[from] Sandstorm\n|upkeep\n|turn|3\n|\n|t:|1643057648\n|switch|p2a: Slowbro|Slowbro, M|100\/100\n|move|p1a: Neptune|Liquidation|p2a: Slowbro\n|-resisted|p2a: Slowbro\n|-damage|p2a: Slowbro|85\/100\n|\n|-weather|Sandstorm|[upkeep]\n|-damage|p1a: Neptune|88\/100|[from] Sandstorm\n|-damage|p2a: Slowbro|79\/100|[from] Sandstorm\n|upkeep\n|turn|4\n|\n|t:|1643057657\n|switch|p1a: Derps|Slowking-Galar, M|100\/100\n|move|p2a: Slowbro|Teleport|p2a: Slowbro\n|\n|t:|1643057660\n|switch|p2a: Urshifu|Urshifu, M|100\/100|[from]move: Teleport\n|\n|-weather|Sandstorm|[upkeep]\n|-damage|p2a: Urshifu|94\/100|[from] Sandstorm\n|-damage|p1a: Derps|94\/100|[from] Sandstorm\n|-heal|p1a: Derps|100\/100|[from] item: Black Sludge\n|upkeep\n|turn|5\n|\n|t:|1643057700\n|switch|p1a: Kilowatt|Electivire, M|94\/100\n|move|p2a: Urshifu|Wicked Blow|p1a: Kilowatt\n|-resisted|p1a: Kilowatt\n|-crit|p1a: Kilowatt\n|-damage|p1a: Kilowatt|26\/100\n|\n|-weather|none\n|upkeep\n|turn|6\n|\n|t:|1643057709\n|switch|p2a: Slowbro|Slowbro, M|100\/100\n|move|p1a: Kilowatt|Close Combat|p2a: Slowbro\n|-resisted|p2a: Slowbro\n|-damage|p2a: Slowbro|80\/100\n|-unboost|p1a: Kilowatt|def|1\n|-unboost|p1a: Kilowatt|spd|1\n|\n|upkeep\n|turn|7\n|j| Beter222\n|\n|t:|1643057727\n|switch|p2a: Hippowdon|Hippowdon, F|100\/100\n|-weather|Sandstorm|[from] ability: Sand Stream|[of] p2a: Hippowdon\n|move|p1a: Kilowatt|Volt Switch|p2a: Hippowdon\n|-immune|p2a: Hippowdon\n|\n|-weather|Sandstorm|[upkeep]\n|-damage|p1a: Kilowatt|20\/100|[from] Sandstorm\n|upkeep\n|turn|8\n|\n|t:|1643057732\n|switch|p1a: Mojo|Rillaboom, M|100\/100\n|-fieldstart|move: Grassy Terrain|[from] ability: Grassy Surge|[of] p1a: Mojo\n|move|p2a: Hippowdon|Earthquake|p1a: Mojo\n|-resisted|p1a: Mojo\n|-damage|p1a: Mojo|94\/100\n|\n|-weather|Sandstorm|[upkeep]\n|-damage|p1a: Mojo|88\/100|[from] Sandstorm\n|-heal|p1a: Mojo|94\/100|[from] Grassy Terrain\n|-heal|p1a: Mojo|99\/100|[from] item: Leftovers\n|upkeep\n|turn|9\n|\n|t:|1643057739\n|switch|p2a: Corviknight|Corviknight, F|100\/100\n|-ability|p2a: Corviknight|Pressure\n|move|p1a: Mojo|Body Press|p2a: Corviknight\n|-damage|p2a: Corviknight|86\/100\n|\n|-weather|Sandstorm|[upkeep]\n|-damage|p1a: Mojo|94\/100|[from] Sandstorm\n|-heal|p1a: Mojo|99\/100|[from] Grassy Terrain\n|-heal|p1a: Mojo|100\/100|[from] item: Leftovers\n|-heal|p2a: Corviknight|92\/100|[from] item: Leftovers\n|upkeep\n|turn|10\n|\n|t:|1643057746\n|switch|p1a: Volcan|Magmortar, M|100\/100\n|move|p2a: Corviknight|U-turn|p1a: Volcan\n|-resisted|p1a: Volcan\n|-damage|p1a: Volcan|90\/100\n|\n|t:|1643057756\n|switch|p2a: Hippowdon|Hippowdon, F|100\/100|[from]move: U-turn\n|\n|-weather|Sandstorm|[upkeep]\n|-damage|p1a: Volcan|84\/100|[from] Sandstorm\n|-heal|p1a: Volcan|90\/100|[from] Grassy Terrain\n|upkeep\n|turn|11\n|\n|t:|1643057761\n|move|p1a: Volcan|Magma Storm|p2a: Hippowdon|[miss]\n|-miss|p1a: Volcan|p2a: Hippowdon\n|move|p2a: Hippowdon|Stealth Rock|p1a: Volcan\n|-sidestart|p1: ItsByron|move: Stealth Rock\n|\n|-weather|none\n|-heal|p1a: Volcan|96\/100|[from] Grassy Terrain\n|upkeep\n|turn|12\n|l| DJSen\n|\n|t:|1643057765\n|move|p1a: Volcan|Magma Storm|p2a: Hippowdon\n|-damage|p2a: Hippowdon|64\/100\n|-activate|p2a: Hippowdon|move: Magma Storm|[of] p1a: Volcan\n|move|p2a: Hippowdon|Toxic|p1a: Volcan\n|-status|p1a: Volcan|tox\n|\n|-heal|p1a: Volcan|100\/100 tox|[from] Grassy Terrain\n|-heal|p2a: Hippowdon|70\/100|[from] Grassy Terrain\n|-heal|p2a: Hippowdon|76\/100|[from] item: Leftovers\n|-damage|p1a: Volcan|94\/100 tox|[from] psn\n|-damage|p2a: Hippowdon|64\/100|[from] move: Magma Storm|[partiallytrapped]\n|-fieldend|move: Grassy Terrain\n|upkeep\n|turn|13\n|l| Beter222\n|\n|t:|1643057811\n|switch|p1a: Mojo|Rillaboom, M|100\/100\n|-damage|p1a: Mojo|88\/100|[from] Stealth Rock\n|-fieldstart|move: Grassy Terrain|[from] ability: Grassy Surge|[of] p1a: Mojo\n|move|p2a: Hippowdon|Slack Off|p2a: Hippowdon\n|-heal|p2a: Hippowdon|100\/100\n|\n|-heal|p1a: Mojo|94\/100|[from] Grassy Terrain\n|-heal|p1a: Mojo|100\/100|[from] item: Leftovers\n|-end|p2a: Hippowdon|Magma Storm|[partiallytrapped]|[silent]\n|upkeep\n|turn|14\n|\n|t:|1643057820\n|switch|p1a: Volcan|Magmortar, M|94\/100 tox\n|switch|p2a: Corviknight|Corviknight, F|92\/100\n|-ability|p2a: Corviknight|Pressure\n|\n|-heal|p1a: Volcan|100\/100 tox|[from] Grassy Terrain\n|-heal|p2a: Corviknight|98\/100|[from] item: Leftovers\n|-damage|p1a: Volcan|94\/100 tox|[from] psn\n|upkeep\n|turn|15\n|\n|t:|1643057824\n|switch|p2a: Slowbro|Slowbro, M|100\/100\n|move|p1a: Volcan|Magma Storm|p2a: Slowbro\n|-resisted|p2a: Slowbro\n|-crit|p2a: Slowbro\n|-damage|p2a: Slowbro|68\/100\n|-activate|p2a: Slowbro|move: Magma Storm|[of] p1a: Volcan\n|\n|-heal|p1a: Volcan|100\/100 tox|[from] Grassy Terrain\n|-heal|p2a: Slowbro|74\/100|[from] Grassy Terrain\n|-damage|p1a: Volcan|88\/100 tox|[from] psn\n|-damage|p2a: Slowbro|61\/100|[from] move: Magma Storm|[partiallytrapped]\n|upkeep\n|turn|16\n|\n|t:|1643057828\n|move|p1a: Volcan|Dark Pulse|p2a: Slowbro\n|-supereffective|p2a: Slowbro\n|-crit|p2a: Slowbro\n|-enditem|p2a: Slowbro|Colbur Berry|[eat]\n|-enditem|p2a: Slowbro|Colbur Berry|[weaken]\n|-damage|p2a: Slowbro|10\/100\n|move|p2a: Slowbro|Teleport|p2a: Slowbro\n|\n|t:|1643057838\n|switch|p2a: Hippowdon|Hippowdon, F|100\/100|[from]move: Teleport\n|-weather|Sandstorm|[from] ability: Sand Stream|[of] p2a: Hippowdon\n|\n|-weather|Sandstorm|[upkeep]\n|-damage|p1a: Volcan|82\/100 tox|[from] Sandstorm\n|-heal|p1a: Volcan|88\/100 tox|[from] Grassy Terrain\n|-damage|p1a: Volcan|70\/100 tox|[from] psn\n|upkeep\n|turn|17\n|\n|t:|1643057849\n|switch|p1a: Mojo|Rillaboom, M|100\/100\n|-damage|p1a: Mojo|88\/100|[from] Stealth Rock\n|move|p2a: Hippowdon|Earthquake|p1a: Mojo\n|-resisted|p1a: Mojo\n|-crit|p1a: Mojo\n|-damage|p1a: Mojo|78\/100\n|\n|-weather|Sandstorm|[upkeep]\n|-damage|p1a: Mojo|72\/100|[from] Sandstorm\n|-heal|p1a: Mojo|78\/100|[from] Grassy Terrain\n|-heal|p1a: Mojo|85\/100|[from] item: Leftovers\n|-fieldend|move: Grassy Terrain\n|upkeep\n|turn|18\n|\n|t:|1643057863\n|move|p1a: Mojo|Drain Punch|p2a: Hippowdon\n|-damage|p2a: Hippowdon|86\/100\n|-heal|p1a: Mojo|92\/100|[from] drain|[of] p2a: Hippowdon\n|move|p2a: Hippowdon|Slack Off|p2a: Hippowdon\n|-heal|p2a: Hippowdon|100\/100\n|\n|-weather|Sandstorm|[upkeep]\n|-damage|p1a: Mojo|86\/100|[from] Sandstorm\n|-heal|p1a: Mojo|92\/100|[from] item: Leftovers\n|upkeep\n|turn|19\n|\n|t:|1643057879\n|switch|p1a: Derps|Slowking-Galar, M|100\/100\n|-damage|p1a: Derps|88\/100|[from] Stealth Rock\n|move|p2a: Hippowdon|Toxic|p1a: Derps|[miss]\n|-miss|p2a: Hippowdon|p1a: Derps\n|\n|-weather|Sandstorm|[upkeep]\n|-damage|p1a: Derps|82\/100|[from] Sandstorm\n|-heal|p1a: Derps|88\/100|[from] item: Black Sludge\n|upkeep\n|turn|20\n|\n|t:|1643057884\n|move|p2a: Hippowdon|Earthquake|p1a: Derps\n|-supereffective|p1a: Derps\n|-damage|p1a: Derps|32\/100\n|move|p1a: Derps|Toxic|p2a: Hippowdon\n|-status|p2a: Hippowdon|tox\n|\n|-weather|none\n|-heal|p1a: Derps|38\/100|[from] item: Black Sludge\n|-damage|p2a: Hippowdon|94\/100 tox|[from] psn\n|upkeep\n|turn|21\n|\n|t:|1643057894\n|switch|p2a: Corviknight|Corviknight, F|98\/100\n|-ability|p2a: Corviknight|Pressure\n|switch|p1a: Mojo|Rillaboom, M|92\/100\n|-damage|p1a: Mojo|80\/100|[from] Stealth Rock\n|-fieldstart|move: Grassy Terrain|[from] ability: Grassy Surge|[of] p1a: Mojo\n|\n|-heal|p1a: Mojo|86\/100|[from] Grassy Terrain\n|-heal|p1a: Mojo|92\/100|[from] item: Leftovers\n|-heal|p2a: Corviknight|100\/100|[from] item: Leftovers\n|upkeep\n|turn|22\n|\n|t:|1643057901\n|switch|p1a: Derps|Slowking-Galar, M|71\/100\n|-damage|p1a: Derps|59\/100|[from] Stealth Rock\n|move|p2a: Corviknight|U-turn|p1a: Derps\n|-damage|p1a: Derps|47\/100\n|\n|t:|1643057903\n|switch|p2a: Urshifu|Urshifu, M|94\/100|[from]move: U-turn\n|\n|-heal|p2a: Urshifu|100\/100|[from] Grassy Terrain\n|-heal|p1a: Derps|54\/100|[from] Grassy Terrain\n|-heal|p1a: Derps|60\/100|[from] item: Black Sludge\n|upkeep\n|turn|23\n|\n|t:|1643057918\n|switch|p1a: Mojo|Rillaboom, M|92\/100\n|-damage|p1a: Mojo|80\/100|[from] Stealth Rock\n|move|p2a: Urshifu|Wicked Blow|p1a: Mojo\n|-crit|p1a: Mojo\n|-damage|p1a: Mojo|19\/100\n|\n|-heal|p1a: Mojo|25\/100|[from] Grassy Terrain\n|-heal|p1a: Mojo|31\/100|[from] item: Leftovers\n|upkeep\n|turn|24\n|\n|t:|1643057956\n|switch|p1a: Namdu|Goodra, F|100\/100\n|-damage|p1a: Namdu|88\/100|[from] Stealth Rock\n|move|p2a: Urshifu|Wicked Blow|p1a: Namdu\n|-crit|p1a: Namdu\n|-damage|p1a: Namdu|0 fnt\n|faint|p1a: Namdu\n|\n|upkeep\n|\n|t:|1643057959\n|switch|p1a: Volcan|Magmortar, M|70\/100 tox\n|turn|25\n|\n|t:|1643057987\n|move|p1a: Volcan|Aura Sphere|p2a: Urshifu\n|-supereffective|p2a: Urshifu\n|-damage|p2a: Urshifu|0 fnt\n|faint|p2a: Urshifu\n|\n|-heal|p1a: Volcan|76\/100 tox|[from] Grassy Terrain\n|-damage|p1a: Volcan|70\/100 tox|[from] psn\n|-fieldend|move: Grassy Terrain\n|upkeep\n|\n|t:|1643057990\n|switch|p2a: Sceptile|Sceptile, M|100\/100\n|turn|26\n|\n|t:|1643058013\n|switch|p1a: Derps|Slowking-Galar, M|93\/100\n|-damage|p1a: Derps|80\/100|[from] Stealth Rock\n|detailschange|p2a: Sceptile|Sceptile-Mega, M\n|-mega|p2a: Sceptile|Sceptile|Sceptilite\n|move|p2a: Sceptile|Earthquake|p1a: Derps\n|-supereffective|p1a: Derps\n|-damage|p1a: Derps|23\/100\n|\n|-heal|p1a: Derps|29\/100|[from] item: Black Sludge\n|upkeep\n|turn|27\n|\n|t:|1643058028\n|switch|p1a: Mojo|Rillaboom, M|31\/100\n|-damage|p1a: Mojo|19\/100|[from] Stealth Rock\n|-fieldstart|move: Grassy Terrain|[from] ability: Grassy Surge|[of] p1a: Mojo\n|move|p2a: Sceptile|Earthquake|p1a: Mojo\n|-resisted|p1a: Mojo\n|-damage|p1a: Mojo|12\/100\n|\n|-heal|p1a: Mojo|18\/100|[from] Grassy Terrain\n|-heal|p1a: Mojo|24\/100|[from] item: Leftovers\n|upkeep\n|turn|28\n|\n|t:|1643058032\n|switch|p1a: Derps|Slowking-Galar, M|62\/100\n|-damage|p1a: Derps|49\/100|[from] Stealth Rock\n|move|p2a: Sceptile|Leaf Blade|p1a: Derps\n|-resisted|p1a: Derps\n|-crit|p1a: Derps\n|-damage|p1a: Derps|15\/100\n|\n|-heal|p1a: Derps|21\/100|[from] Grassy Terrain\n|-heal|p1a: Derps|27\/100|[from] item: Black Sludge\n|upkeep\n|turn|29\n|\n|t:|1643058042\n|move|p2a: Sceptile|Breaking Swipe|p1a: Derps\n|-damage|p1a: Derps|0 fnt\n|faint|p1a: Derps\n|\n|upkeep\n|c|\u2606ItsByron|ugggh that leaf blade crit\n|c|\u2606ItsByron|lmao\n|c|\u2606ItsByron|actually mattering\n|c|\u2606LudwigFrog|damn\n|\n|t:|1643058161\n|switch|p1a: Kilowatt|Electivire, M|20\/100\n|-damage|p1a: Kilowatt|14\/100|[from] Stealth Rock\n|turn|30\n|\n|t:|1643058179\n|move|p1a: Kilowatt|Mach Punch|p2a: Sceptile\n|-damage|p2a: Sceptile|64\/100\n|move|p2a: Sceptile|Leaf Blade|p1a: Kilowatt\n|-damage|p1a: Kilowatt|0 fnt\n|faint|p1a: Kilowatt\n|\n|-heal|p2a: Sceptile|70\/100|[from] Grassy Terrain\n|upkeep\n|\n|t:|1643058196\n|switch|p1a: Neptune|Kingler, M|88\/100\n|-damage|p1a: Neptune|76\/100|[from] Stealth Rock\n|turn|31\n|\n|t:|1643058216\n|switch|p2a: Slowbro|Slowbro, M|43\/100\n|detailschange|p1a: Neptune|Kingler-Mega, M\n|-mega|p1a: Neptune|Kingler|Kinglerite\n|move|p1a: Neptune|Agility|p1a: Neptune\n|-boost|p1a: Neptune|spe|2\n|\n|-heal|p1a: Neptune|82\/100|[from] Grassy Terrain\n|-heal|p2a: Slowbro|49\/100|[from] Grassy Terrain\n|-fieldend|move: Grassy Terrain\n|upkeep\n|turn|32\n|c|\u2606ItsByron|and now this leaf blade crit mattering\n|c|\u2606ItsByron|oh\n|c|\u2606ItsByron|nevermind lol\n|\n|t:|1643058229\n|move|p1a: Neptune|High Horsepower|p2a: Slowbro\n|-damage|p2a: Slowbro|18\/100\n|move|p2a: Slowbro|Teleport|p2a: Slowbro\n|\n|t:|1643058233\n|switch|p2a: Magnezone|Magnezone|100\/100|[from]move: Teleport\n|\n|upkeep\n|turn|33\n|\n|t:|1643058241\n|switch|p2a: Corviknight|Corviknight, F|100\/100\n|-ability|p2a: Corviknight|Pressure\n|move|p1a: Neptune|High Horsepower|p2a: Corviknight\n|-immune|p2a: Corviknight\n|\n|upkeep\n|turn|34\n|\n|t:|1643058245\n|move|p1a: Neptune|Liquidation|p2a: Corviknight\n|-damage|p2a: Corviknight|58\/100\n|move|p2a: Corviknight|Tailwind|p2a: Corviknight\n|-sidestart|p2: LudwigFrog|move: Tailwind\n|\n|-heal|p2a: Corviknight|64\/100|[from] item: Leftovers\n|upkeep\n|turn|35\n|\n|t:|1643058251\n|switch|p2a: Hippowdon|Hippowdon, F|94\/100 tox\n|-weather|Sandstorm|[from] ability: Sand Stream|[of] p2a: Hippowdon\n|move|p1a: Neptune|Ice Punch|p2a: Hippowdon\n|-supereffective|p2a: Hippowdon\n|-damage|p2a: Hippowdon|46\/100 tox\n|\n|-weather|Sandstorm|[upkeep]\n|-heal|p2a: Hippowdon|52\/100 tox|[from] item: Leftovers\n|-damage|p2a: Hippowdon|46\/100 tox|[from] psn\n|upkeep\n|turn|36\n|\n|t:|1643058256\n|move|p1a: Neptune|Liquidation|p2a: Hippowdon\n|-supereffective|p2a: Hippowdon\n|-damage|p2a: Hippowdon|0 fnt\n|faint|p2a: Hippowdon\n|\n|-weather|Sandstorm|[upkeep]\n|upkeep\n|\n|t:|1643058259\n|switch|p2a: Magnezone|Magnezone|100\/100\n|turn|37\n|\n|t:|1643058261\n|move|p2a: Magnezone|Thunderbolt|p1a: Neptune\n|-supereffective|p1a: Neptune\n|-damage|p1a: Neptune|0 fnt\n|faint|p1a: Neptune\n|\n|-weather|Sandstorm|[upkeep]\n|-sideend|p2: LudwigFrog|move: Tailwind\n|upkeep\n|\n|t:|1643058269\n|switch|p1a: Mojo|Rillaboom, M|24\/100\n|-damage|p1a: Mojo|12\/100|[from] Stealth Rock\n|-fieldstart|move: Grassy Terrain|[from] ability: Grassy Surge|[of] p1a: Mojo\n|turn|38\n|\n|t:|1643058272\n|move|p2a: Magnezone|Thunderbolt|p1a: Mojo\n|-resisted|p1a: Mojo\n|-damage|p1a: Mojo|0 fnt\n|faint|p1a: Mojo\n|\n|-weather|Sandstorm|[upkeep]\n|upkeep\n|\n|t:|1643058274\n|switch|p1a: Volcan|Magmortar, M|70\/100 tox\n|turn|39\n|\n|t:|1643058279\n|move|p2a: Magnezone|Thunderbolt|p1a: Volcan\n|-damage|p1a: Volcan|15\/100 tox\n|move|p1a: Volcan|Magma Storm|p2a: Magnezone\n|-supereffective|p2a: Magnezone\n|-damage|p2a: Magnezone|0 fnt\n|faint|p2a: Magnezone\n|\n|-weather|none\n|-heal|p1a: Volcan|21\/100 tox|[from] Grassy Terrain\n|-damage|p1a: Volcan|15\/100 tox|[from] psn\n|upkeep\n|\n|t:|1643058281\n|switch|p2a: Sceptile|Sceptile-Mega, M|70\/100\n|turn|40\n|\n|t:|1643058284\n|move|p2a: Sceptile|Leaf Blade|p1a: Volcan\n|-resisted|p1a: Volcan\n|-damage|p1a: Volcan|0 fnt\n|faint|p1a: Volcan\n|\n|win|LudwigFrog\n|c|\u2606LudwigFrog|gg\n|c|\u2606ItsByron|gg\n","uploadtime":1643058285,"views":24,"p1id":"itsbyron","p2id":"ludwigfrog","formatid":"gen8draft","rating":0,"private":0,"password":null}