{"id":"radicalred-gen8plalegacydraft-286105","p1":"Elon Musk Rusk","p2":"paultheconvincer","format":"gen8plalegacydraft","log":"|j|\u2606Elon Musk Rusk\n|j|\u2606paultheconvincer\n|t:|1667156467\n|gametype|singles\n|player|p1|Elon Musk Rusk|102|\n|player|p2|paultheconvincer|170|\n|teamsize|p1|6\n|teamsize|p2|6\n|gen|8\n|tier|[Gen 8] PLA Legacy Draft\n|rule|HP Percentage Mod: HP is shown in percentages\n|rule|Endless Battle Clause: Forcing endless battles is banned\n|rule|OHKO Clause: OHKO moves are banned\n|rule|Evasion Moves Clause: Evasion moves are banned\n|rule|Species Clause: Limit one of each Pok\u00e9mon\n|rule|Sleep Clause Mod: Limit one foe put to sleep\n|rule|Dynamax Clause: You cannot dynamax\n|rule|Z-Move Clause: Z-Moves are banned\n|clearpoke\n|poke|p1|Landorus, M|\n|poke|p1|Gallade, M|\n|poke|p1|Melmetal|\n|poke|p1|Slowbro, F|\n|poke|p1|Vikavolt, F|\n|poke|p1|Crobat, M|\n|poke|p2|Breloom, M|\n|poke|p2|Manaphy|\n|poke|p2|Kleavor, F|\n|poke|p2|Cinderace, M|\n|poke|p2|Umbreon, F|\n|poke|p2|Thundurus, M|\n|teampreview\n|\n|t:|1667156481\n|start\n|switch|p1a: Vikavolt|Vikavolt, F|100\/100\n|switch|p2a: Kleavor|Kleavor, F|100\/100\n|turn|1\n|\n|t:|1667156511\n|switch|p1a: Gallade|Gallade, M|100\/100\n|move|p2a: Kleavor|Knock Off|p1a: Gallade\n|-damage|p1a: Gallade|58\/100\n|\n|upkeep\n|turn|2\n|\n|t:|1667156520\n|detailschange|p1a: Gallade|Gallade-Mega, M\n|-mega|p1a: Gallade|Gallade|Galladite\n|move|p1a: Gallade|Close Combat|p2a: Kleavor\n|-damage|p2a: Kleavor|18\/100\n|-unboost|p1a: Gallade|def|1\n|-unboost|p1a: Gallade|spd|1\n|move|p2a: Kleavor|U-turn|p1a: Gallade\n|-damage|p1a: Gallade|0 fnt\n|faint|p1a: Gallade\n|\n|t:|1667156532\n|switch|p2a: Cinderace|Cinderace, M|100\/100|[from]move: U-turn\n|\n|upkeep\n|\n|t:|1667156537\n|switch|p1a: Slowbro|Slowbro, F|100\/100\n|turn|3\n|\n|t:|1667156544\n|move|p2a: Cinderace|U-turn|p1a: Slowbro\n|-supereffective|p1a: Slowbro\n|-damage|p1a: Slowbro|52\/100\n|\n|t:|1667156549\n|switch|p2a: Umbreon|Umbreon, F|100\/100|[from]move: U-turn\n|move|p1a: Slowbro|Body Press|p2a: Umbreon\n|-supereffective|p2a: Umbreon\n|-damage|p2a: Umbreon|75\/100\n|\n|-heal|p2a: Umbreon|81\/100|[from] item: Leftovers\n|upkeep\n|turn|4\n|\n|t:|1667156557\n|switch|p1a: Vikavolt|Vikavolt, F|100\/100\n|move|p2a: Umbreon|Wish|p2a: Umbreon\n|\n|-heal|p2a: Umbreon|87\/100|[from] item: Leftovers\n|upkeep\n|turn|5\n|\n|t:|1667156568\n|switch|p2a: Kleavor|Kleavor, F|18\/100\n|move|p1a: Vikavolt|Volt Switch|p2a: Kleavor\n|-damage|p2a: Kleavor|0 fnt\n|faint|p2a: Kleavor\n|\n|t:|1667156575\n|switch|p1a: Landorus|Landorus, M|100\/100|[from]move: Volt Switch\n|\n|upkeep\n|\n|t:|1667156591\n|switch|p2a: Umbreon|Umbreon, F|87\/100\n|turn|6\n|\n|t:|1667156594\n|move|p1a: Landorus|U-turn|p2a: Umbreon\n|-supereffective|p2a: Umbreon\n|-damage|p2a: Umbreon|62\/100\n|j| Nuzleafwarrior7778\n|\n|t:|1667156597\n|switch|p1a: Vikavolt|Vikavolt, F|100\/100|[from]move: U-turn\n|move|p2a: Umbreon|Foul Play|p1a: Vikavolt\n|-damage|p1a: Vikavolt|83\/100\n|\n|-heal|p2a: Umbreon|69\/100|[from] item: Leftovers\n|upkeep\n|turn|7\n|c| Nuzleafwarrior7778|sheeeesh\n|\n|t:|1667156610\n|move|p2a: Umbreon|Wish|p2a: Umbreon\n|move|p1a: Vikavolt|Bug Buzz|p2a: Umbreon\n|-supereffective|p2a: Umbreon\n|-damage|p2a: Umbreon|11\/100\n|\n|-heal|p2a: Umbreon|17\/100|[from] item: Leftovers\n|upkeep\n|turn|8\n|\n|t:|1667156625\n|switch|p2a: Thundurus|Thundurus, M|100\/100\n|move|p1a: Vikavolt|Volt Switch|p2a: Thundurus\n|-damage|p2a: Thundurus|52\/100\n|l| Nuzleafwarrior7778\n|\n|t:|1667156631\n|switch|p1a: Landorus|Landorus, M|100\/100|[from]move: Volt Switch\n|\n|-heal|p2a: Thundurus|100\/100|[from] move: Wish|[wisher] Umbreon\n|upkeep\n|turn|9\n|\n|t:|1667156647\n|move|p1a: Landorus|Rock Slide|p2a: Thundurus\n|-supereffective|p2a: Thundurus\n|-damage|p2a: Thundurus|26\/100\n|move|p2a: Thundurus|U-turn|p1a: Landorus\n|-resisted|p1a: Landorus\n|-damage|p1a: Landorus|92\/100\n|\n|t:|1667156663\n|switch|p2a: Manaphy|Manaphy|100\/100|[from]move: U-turn\n|\n|upkeep\n|turn|10\n|\n|t:|1667156668\n|switch|p1a: Vikavolt|Vikavolt, F|83\/100\n|move|p2a: Manaphy|Substitute|p2a: Manaphy\n|-start|p2a: Manaphy|Substitute\n|-damage|p2a: Manaphy|75\/100\n|\n|-heal|p2a: Manaphy|82\/100|[from] item: Leftovers\n|upkeep\n|turn|11\n|\n|t:|1667156686\n|move|p2a: Manaphy|Tail Glow|p2a: Manaphy\n|-boost|p2a: Manaphy|spa|3\n|move|p1a: Vikavolt|Bug Buzz|p2a: Manaphy\n|-damage|p2a: Manaphy|42\/100\n|\n|-heal|p2a: Manaphy|49\/100|[from] item: Leftovers\n|upkeep\n|turn|12\n|\n|t:|1667156692\n|move|p2a: Manaphy|Surf|p1a: Vikavolt\n|-damage|p1a: Vikavolt|0 fnt\n|faint|p1a: Vikavolt\n|\n|-heal|p2a: Manaphy|55\/100|[from] item: Leftovers\n|upkeep\n|\n|t:|1667156695\n|switch|p1a: Slowbro|Slowbro, F|85\/100\n|turn|13\n|\n|t:|1667156700\n|move|p2a: Manaphy|Dazzling Gleam|p1a: Slowbro\n|-damage|p1a: Slowbro|54\/100\n|move|p1a: Slowbro|Psychic|p2a: Manaphy\n|-activate|p2a: Manaphy|move: Substitute|[damage]\n|\n|-heal|p2a: Manaphy|61\/100|[from] item: Leftovers\n|upkeep\n|turn|14\n|\n|t:|1667156705\n|move|p2a: Manaphy|Tail Glow|p2a: Manaphy\n|-boost|p2a: Manaphy|spa|3\n|move|p1a: Slowbro|Body Press|p2a: Manaphy\n|-end|p2a: Manaphy|Substitute\n|\n|-heal|p2a: Manaphy|67\/100|[from] item: Leftovers\n|upkeep\n|turn|15\n|\n|t:|1667156708\n|move|p2a: Manaphy|Substitute|p2a: Manaphy\n|-start|p2a: Manaphy|Substitute\n|-damage|p2a: Manaphy|42\/100\n|move|p1a: Slowbro|Body Press|p2a: Manaphy\n|-activate|p2a: Manaphy|move: Substitute|[damage]\n|\n|-heal|p2a: Manaphy|48\/100|[from] item: Leftovers\n|upkeep\n|turn|16\n|\n|t:|1667156725\n|move|p2a: Manaphy|Dazzling Gleam|p1a: Slowbro\n|-damage|p1a: Slowbro|0 fnt\n|faint|p1a: Slowbro\n|\n|-heal|p2a: Manaphy|54\/100|[from] item: Leftovers\n|upkeep\n|\n|t:|1667156729\n|switch|p1a: Crobat|Crobat, M|100\/100\n|turn|17\n|\n|t:|1667156731\n|move|p1a: Crobat|Brave Bird|p2a: Manaphy\n|-end|p2a: Manaphy|Substitute\n|-damage|p1a: Crobat|98\/100|[from] Recoil|[of] p2a: Manaphy\n|move|p2a: Manaphy|Surf|p1a: Crobat\n|-damage|p1a: Crobat|0 fnt\n|faint|p1a: Crobat\n|\n|-heal|p2a: Manaphy|61\/100|[from] item: Leftovers\n|upkeep\n|\n|t:|1667156734\n|switch|p1a: Landorus|Landorus, M|92\/100\n|turn|18\n|\n|t:|1667156737\n|move|p1a: Landorus|Earth Power|p2a: Manaphy\n|-damage|p2a: Manaphy|11\/100\n|move|p2a: Manaphy|Surf|p1a: Landorus\n|-supereffective|p1a: Landorus\n|-damage|p1a: Landorus|0 fnt\n|faint|p1a: Landorus\n|\n|-heal|p2a: Manaphy|17\/100|[from] item: Leftovers\n|upkeep\n|\n|t:|1667156739\n|switch|p1a: Melmetal|Melmetal|100\/100\n|turn|19\n|\n|t:|1667156742\n|move|p2a: Manaphy|Surf|p1a: Melmetal\n|-damage|p1a: Melmetal|15\/100\n|move|p1a: Melmetal|Double Iron Bash|p2a: Manaphy\n|-resisted|p2a: Manaphy\n|-damage|p2a: Manaphy|3\/100\n|-resisted|p2a: Manaphy\n|-damage|p2a: Manaphy|0 fnt\n|faint|p2a: Manaphy\n|-hitcount|p2: Manaphy|2\n|\n|upkeep\n|\n|t:|1667156746\n|switch|p2a: Cinderace|Cinderace, M|100\/100\n|turn|20\n|\n|t:|1667156750\n|move|p2a: Cinderace|Low Kick|p1a: Melmetal\n|-supereffective|p1a: Melmetal\n|-crit|p1a: Melmetal\n|-damage|p1a: Melmetal|0 fnt\n|faint|p1a: Melmetal\n|\n|win|paultheconvincer\n|l|\u2606Elon Musk Rusk\n","uploadtime":1667156760,"views":21,"p1id":"elonmuskrusk","p2id":"paultheconvincer","formatid":"gen8plalegacydraft","rating":0,"private":0,"password":null}