{"id":"radicalred-gen8draft-58217","p1":"LudwigFrog","p2":"Dicy","format":"gen8draft","log":"|j|\u2606LudwigFrog\n|j|\u2606Dicy\n|t:|1642738196\n|gametype|singles\n|player|p1|LudwigFrog|rr-coalossal|\n|player|p2|Dicy|rr-swimmerfloatzel|\n|teamsize|p1|6\n|teamsize|p2|6\n|gen|8\n|tier|[Gen 8] Draft\n|rule|Sleep Clause Mod: Limit one foe put to sleep\n|rule|OHKO Clause: OHKO moves are banned\n|rule|Evasion Moves Clause: Evasion moves are banned\n|rule|Endless Battle Clause: Forcing endless battles is banned\n|rule|HP Percentage Mod: HP is shown in percentages\n|rule|Dynamax Clause: You cannot dynamax\n|rule|Z-Move Clause: Z-Moves are banned\n|clearpoke\n|poke|p1|Urshifu-*, M|\n|poke|p1|Corviknight, M|\n|poke|p1|Magnezone|\n|poke|p1|Ursaring, M|\n|poke|p1|Hippowdon, M|\n|poke|p1|Sceptile, F|\n|poke|p2|Kartana|\n|poke|p2|Houndoom, M|\n|poke|p2|Floatzel, F|\n|poke|p2|Mismagius, F|\n|poke|p2|Spectrier|\n|poke|p2|Excadrill, M|\n|teampreview\n|c|\u2606Dicy|gl hf \n|c|\u2606LudwigFrog|u2\n|\n|t:|1642738242\n|start\n|switch|p1a: Urshifu|Urshifu, M|100\/100\n|switch|p2a: Mismagius|Mismagius, F|100\/100\n|turn|1\n|j| DJSen\n|\n|t:|1642738253\n|move|p1a: Urshifu|U-turn|p2a: Mismagius\n|-resisted|p2a: Mismagius\n|-damage|p2a: Mismagius|94\/100\n|\n|t:|1642738258\n|switch|p1a: Hippowdon|Hippowdon, M|100\/100|[from]move: U-turn\n|-weather|Sandstorm|[from] ability: Sand Stream|[of] p1a: Hippowdon\n|move|p2a: Mismagius|Moonblast|p1a: Hippowdon\n|-damage|p1a: Hippowdon|74\/100\n|\n|-weather|Sandstorm|[upkeep]\n|-damage|p2a: Mismagius|88\/100|[from] Sandstorm\n|-heal|p1a: Hippowdon|80\/100|[from] item: Leftovers\n|upkeep\n|turn|2\n|\n|t:|1642738269\n|switch|p2a: Floatzel|Floatzel, F|100\/100\n|move|p1a: Hippowdon|Toxic|p2a: Floatzel\n|-status|p2a: Floatzel|tox\n|\n|-weather|Sandstorm|[upkeep]\n|-damage|p2a: Floatzel|94\/100 tox|[from] Sandstorm\n|-heal|p1a: Hippowdon|86\/100|[from] item: Leftovers\n|-damage|p2a: Floatzel|88\/100 tox|[from] psn\n|upkeep\n|turn|3\n|c| DJSen|who dying\n|\n|t:|1642738284\n|switch|p1a: Corviknight|Corviknight, M|100\/100\n|-ability|p1a: Corviknight|Pressure\n|move|p2a: Floatzel|Brick Break|p1a: Corviknight\n|-damage|p1a: Corviknight|79\/100\n|\n|-weather|Sandstorm|[upkeep]\n|-damage|p2a: Floatzel|82\/100 tox|[from] Sandstorm\n|-heal|p1a: Corviknight|85\/100|[from] item: Leftovers\n|-damage|p2a: Floatzel|69\/100 tox|[from] psn\n|upkeep\n|turn|4\n|\n|t:|1642738298\n|switch|p2a: Excadrill|Excadrill, M|100\/100\n|move|p1a: Corviknight|U-turn|p2a: Excadrill\n|-resisted|p2a: Excadrill\n|-damage|p2a: Excadrill|92\/100\n|\n|t:|1642738302\n|switch|p1a: Urshifu|Urshifu, M|100\/100|[from]move: U-turn\n|\n|-weather|Sandstorm|[upkeep]\n|-damage|p1a: Urshifu|94\/100|[from] Sandstorm\n|-heal|p2a: Excadrill|98\/100|[from] item: Leftovers\n|upkeep\n|turn|5\n|\n|t:|1642738328\n|move|p2a: Excadrill|Earthquake|p1a: Urshifu\n|-damage|p1a: Urshifu|31\/100\n|move|p1a: Urshifu|Wicked Blow|p2a: Excadrill\n|-crit|p2a: Excadrill\n|-damage|p2a: Excadrill|14\/100\n|\n|-weather|none\n|-heal|p2a: Excadrill|20\/100|[from] item: Leftovers\n|upkeep\n|turn|6\n|\n|t:|1642738349\n|switch|p2a: Floatzel|Floatzel, F|69\/100 tox\n|move|p1a: Urshifu|Wicked Blow|p2a: Floatzel\n|-crit|p2a: Floatzel\n|-damage|p2a: Floatzel|0 fnt\n|faint|p2a: Floatzel\n|\n|upkeep\n|\n|t:|1642738366\n|switch|p2a: Mismagius|Mismagius, F|88\/100\n|turn|7\n|\n|t:|1642738371\n|switch|p1a: Hippowdon|Hippowdon, M|86\/100\n|-weather|Sandstorm|[from] ability: Sand Stream|[of] p1a: Hippowdon\n|move|p2a: Mismagius|Moonblast|p1a: Hippowdon\n|-damage|p1a: Hippowdon|61\/100\n|\n|-weather|Sandstorm|[upkeep]\n|-damage|p2a: Mismagius|82\/100|[from] Sandstorm\n|-heal|p1a: Hippowdon|67\/100|[from] item: Leftovers\n|upkeep\n|turn|8\n|\n|t:|1642738392\n|switch|p2a: Kartana|Kartana|100\/100\n|move|p1a: Hippowdon|Stealth Rock|p2a: Kartana\n|-sidestart|p2: Dicy|move: Stealth Rock\n|\n|-weather|Sandstorm|[upkeep]\n|-heal|p1a: Hippowdon|73\/100|[from] item: Leftovers\n|upkeep\n|turn|9\n|\n|t:|1642738404\n|switch|p1a: Corviknight|Corviknight, M|85\/100\n|-ability|p1a: Corviknight|Pressure\n|move|p2a: Kartana|Sacred Sword|p1a: Corviknight\n|-damage|p1a: Corviknight|60\/100\n|\n|-weather|Sandstorm|[upkeep]\n|-heal|p1a: Corviknight|66\/100|[from] item: Leftovers\n|upkeep\n|turn|10\n|\n|t:|1642738444\n|switch|p2a: Houndoom|Houndoom, M|100\/100\n|-ability|p2a: Houndoom|Unnerve\n|-damage|p2a: Houndoom|76\/100|[from] Stealth Rock\n|move|p1a: Corviknight|U-turn|p2a: Houndoom\n|-damage|p2a: Houndoom|48\/100\n|\n|t:|1642738448\n|switch|p1a: Urshifu|Urshifu, M|31\/100|[from]move: U-turn\n|\n|-weather|Sandstorm|[upkeep]\n|-damage|p1a: Urshifu|25\/100|[from] Sandstorm\n|-damage|p2a: Houndoom|42\/100|[from] Sandstorm\n|upkeep\n|turn|11\n|j| 5hock55\n|\n|t:|1642738500\n|switch|p2a: Mismagius|Mismagius, F|82\/100\n|move|p1a: Urshifu|U-turn|p2a: Mismagius\n|-resisted|p2a: Mismagius\n|-damage|p2a: Mismagius|76\/100\n|\n|t:|1642738507\n|switch|p1a: Hippowdon|Hippowdon, M|73\/100|[from]move: U-turn\n|\n|-weather|none\n|-heal|p1a: Hippowdon|80\/100|[from] item: Leftovers\n|upkeep\n|turn|12\n|\n|t:|1642738524\n|move|p2a: Mismagius|Will-O-Wisp|p1a: Hippowdon\n|-status|p1a: Hippowdon|brn\n|move|p1a: Hippowdon|Toxic|p2a: Mismagius\n|-status|p2a: Mismagius|tox\n|\n|-heal|p1a: Hippowdon|86\/100 brn|[from] item: Leftovers\n|-damage|p2a: Mismagius|70\/100 tox|[from] psn\n|-damage|p1a: Hippowdon|80\/100 brn|[from] brn\n|upkeep\n|turn|13\n|\n|t:|1642738547\n|move|p2a: Mismagius|Moonblast|p1a: Hippowdon\n|-crit|p1a: Hippowdon\n|-damage|p1a: Hippowdon|40\/100 brn\n|move|p1a: Hippowdon|Earthquake|p2a: Mismagius\n|-immune|p2a: Mismagius|[from] ability: Levitate\n|\n|-heal|p1a: Hippowdon|46\/100 brn|[from] item: Leftovers\n|-damage|p2a: Mismagius|57\/100 tox|[from] psn\n|-damage|p1a: Hippowdon|40\/100 brn|[from] brn\n|upkeep\n|turn|14\n|\n|t:|1642738553\n|move|p2a: Mismagius|Moonblast|p1a: Hippowdon\n|-damage|p1a: Hippowdon|14\/100 brn\n|move|p1a: Hippowdon|Slack Off|p1a: Hippowdon\n|-heal|p1a: Hippowdon|64\/100 brn\n|\n|-heal|p1a: Hippowdon|70\/100 brn|[from] item: Leftovers\n|-damage|p2a: Mismagius|39\/100 tox|[from] psn\n|-damage|p1a: Hippowdon|64\/100 brn|[from] brn\n|upkeep\n|turn|15\n|\n|t:|1642738560\n|move|p2a: Mismagius|Pain Split|p1a: Hippowdon\n|-sethp|p1a: Hippowdon|48\/100 brn|[from] move: Pain Split|[silent]\n|-sethp|p2a: Mismagius|58\/100 tox|[from] move: Pain Split\n|move|p1a: Hippowdon|Slack Off|p1a: Hippowdon\n|-heal|p1a: Hippowdon|98\/100 brn\n|\n|-heal|p1a: Hippowdon|100\/100 brn|[from] item: Leftovers\n|-damage|p2a: Mismagius|34\/100 tox|[from] psn\n|-damage|p1a: Hippowdon|94\/100 brn|[from] brn\n|upkeep\n|turn|16\n|\n|t:|1642738573\n|switch|p2a: Excadrill|Excadrill, M|20\/100\n|-damage|p2a: Excadrill|17\/100|[from] Stealth Rock\n|move|p1a: Hippowdon|Slack Off|p1a: Hippowdon\n|-heal|p1a: Hippowdon|100\/100 brn\n|\n|-heal|p2a: Excadrill|24\/100|[from] item: Leftovers\n|-damage|p1a: Hippowdon|94\/100 brn|[from] brn\n|upkeep\n|turn|17\n|\n|t:|1642738585\n|move|p2a: Excadrill|Rapid Spin|p1a: Hippowdon\n|-damage|p1a: Hippowdon|80\/100 brn\n|-boost|p2a: Excadrill|spe|1\n|-sideend|p2: Dicy|Stealth Rock|[from] move: Rapid Spin|[of] p2a: Excadrill\n|move|p1a: Hippowdon|Earthquake|p2a: Excadrill\n|-supereffective|p2a: Excadrill\n|-damage|p2a: Excadrill|0 fnt\n|faint|p2a: Excadrill\n|\n|-heal|p1a: Hippowdon|86\/100 brn|[from] item: Leftovers\n|-damage|p1a: Hippowdon|80\/100 brn|[from] brn\n|upkeep\n|\n|t:|1642738594\n|switch|p2a: Kartana|Kartana|100\/100\n|turn|18\n|\n|t:|1642738599\n|move|p2a: Kartana|Knock Off|p1a: Hippowdon\n|-damage|p1a: Hippowdon|50\/100 brn\n|-enditem|p1a: Hippowdon|Leftovers|[from] move: Knock Off|[of] p2a: Kartana\n|move|p1a: Hippowdon|Stealth Rock|p2a: Kartana\n|-sidestart|p2: Dicy|move: Stealth Rock\n|\n|-damage|p1a: Hippowdon|44\/100 brn|[from] brn\n|upkeep\n|turn|19\n|\n|t:|1642738617\n|move|p2a: Kartana|Knock Off|p1a: Hippowdon\n|-damage|p1a: Hippowdon|24\/100 brn\n|move|p1a: Hippowdon|Slack Off|p1a: Hippowdon\n|-heal|p1a: Hippowdon|74\/100 brn\n|\n|-damage|p1a: Hippowdon|68\/100 brn|[from] brn\n|upkeep\n|turn|20\n|\n|t:|1642738627\n|switch|p2a: Mismagius|Mismagius, F|34\/100 tox\n|switch|p1a: Urshifu|Urshifu, M|25\/100\n|\n|-damage|p2a: Mismagius|28\/100 tox|[from] psn\n|upkeep\n|turn|21\n|\n|t:|1642738632\n|move|p1a: Urshifu|Wicked Blow|p2a: Mismagius\n|-crit|p2a: Mismagius\n|-damage|p2a: Mismagius|0 fnt\n|faint|p2a: Mismagius\n|\n|upkeep\n|\n|t:|1642738635\n|switch|p2a: Kartana|Kartana|100\/100\n|-damage|p2a: Kartana|94\/100|[from] Stealth Rock\n|turn|22\n|\n|t:|1642738649\n|switch|p1a: Corviknight|Corviknight, M|66\/100\n|-ability|p1a: Corviknight|Pressure\n|move|p2a: Kartana|Sacred Sword|p1a: Corviknight\n|-damage|p1a: Corviknight|43\/100\n|\n|-heal|p1a: Corviknight|49\/100|[from] item: Leftovers\n|upkeep\n|turn|23\n|\n|t:|1642738655\n|move|p2a: Kartana|Sacred Sword|p1a: Corviknight\n|-damage|p1a: Corviknight|27\/100\n|move|p1a: Corviknight|U-turn|p2a: Kartana\n|-damage|p2a: Kartana|81\/100\n|\n|t:|1642738658\n|switch|p1a: Magnezone|Magnezone|100\/100|[from]move: U-turn\n|\n|upkeep\n|turn|24\n|\n|t:|1642738665\n|move|p2a: Kartana|Sacred Sword|p1a: Magnezone\n|-supereffective|p1a: Magnezone\n|-enditem|p1a: Magnezone|Chople Berry|[eat]\n|-enditem|p1a: Magnezone|Chople Berry|[weaken]\n|-damage|p1a: Magnezone|59\/100\n|move|p1a: Magnezone|Hidden Power|p2a: Kartana\n|-supereffective|p2a: Kartana\n|-damage|p2a: Kartana|0 fnt\n|faint|p2a: Kartana\n|\n|upkeep\n|\n|t:|1642738673\n|switch|p2a: Houndoom|Houndoom, M|42\/100\n|-ability|p2a: Houndoom|Unnerve\n|-damage|p2a: Houndoom|17\/100|[from] Stealth Rock\n|turn|25\n|\n|t:|1642738685\n|switch|p1a: Hippowdon|Hippowdon, M|68\/100 brn\n|-weather|Sandstorm|[from] ability: Sand Stream|[of] p1a: Hippowdon\n|detailschange|p2a: Houndoom|Houndoom-Mega, M\n|-mega|p2a: Houndoom|Houndoom|Houndoominite\n|-ability|p2a: Houndoom|Dark Aura\n|move|p2a: Houndoom|Fiery Wrath|p1a: Hippowdon\n|-damage|p1a: Hippowdon|19\/100 brn\n|\n|-weather|Sandstorm|[upkeep]\n|-damage|p2a: Houndoom|11\/100|[from] Sandstorm\n|-damage|p1a: Hippowdon|13\/100 brn|[from] brn\n|upkeep\n|turn|26\n|\n|t:|1642738699\n|move|p2a: Houndoom|Fiery Wrath|p1a: Hippowdon\n|-damage|p1a: Hippowdon|0 fnt\n|faint|p1a: Hippowdon\n|\n|-weather|Sandstorm|[upkeep]\n|-damage|p2a: Houndoom|5\/100|[from] Sandstorm\n|upkeep\n|\n|t:|1642738701\n|switch|p1a: Urshifu|Urshifu, M|25\/100\n|turn|27\n|\n|t:|1642738704\n|move|p1a: Urshifu|Wicked Blow|p2a: Houndoom\n|-resisted|p2a: Houndoom\n|-crit|p2a: Houndoom\n|-damage|p2a: Houndoom|0 fnt\n|faint|p2a: Houndoom\n|\n|-weather|Sandstorm|[upkeep]\n|-damage|p1a: Urshifu|19\/100|[from] Sandstorm\n|upkeep\n|\n|t:|1642738708\n|switch|p2a: Spectrier|Spectrier|100\/100\n|-damage|p2a: Spectrier|88\/100|[from] Stealth Rock\n|turn|28\n|\n|t:|1642738714\n|move|p1a: Urshifu|Wicked Blow|p2a: Spectrier\n|-supereffective|p2a: Spectrier\n|-crit|p2a: Spectrier\n|-damage|p2a: Spectrier|0 fnt\n|faint|p2a: Spectrier\n|\n|win|LudwigFrog\n","uploadtime":1642738715,"views":24,"p1id":"ludwigfrog","p2id":"dicy","formatid":"gen8draft","rating":0,"private":0,"password":null}