{"id":"radicalred-gen8draft-57251","p1":"Lumaris","p2":"LudwigFrog","format":"gen8draft","log":"|j|\u2606Lumaris\n|j|\u2606LudwigFrog\n|t:|1642620471\n|gametype|singles\n|player|p1|Lumaris|1|\n|player|p2|LudwigFrog|rr-coalossal|\n|teamsize|p1|6\n|teamsize|p2|6\n|gen|8\n|tier|[Gen 8] Draft\n|rule|Sleep Clause Mod: Limit one foe put to sleep\n|rule|OHKO Clause: OHKO moves are banned\n|rule|Evasion Moves Clause: Evasion moves are banned\n|rule|Endless Battle Clause: Forcing endless battles is banned\n|rule|HP Percentage Mod: HP is shown in percentages\n|rule|Dynamax Clause: You cannot dynamax\n|rule|Z-Move Clause: Z-Moves are banned\n|clearpoke\n|poke|p1|Eelektross, F|\n|poke|p1|Darmanitan, F|\n|poke|p1|Alomomola, M|\n|poke|p1|Leavanny, M|\n|poke|p1|Kangaskhan, F|\n|poke|p1|Honchkrow, M|\n|poke|p2|Urshifu-*, M|\n|poke|p2|Magnezone|\n|poke|p2|Slowbro, M|\n|poke|p2|Hippowdon, F|\n|poke|p2|Corviknight, F|\n|poke|p2|Sceptile, M|\n|teampreview\n|c|\u2606LudwigFrog|glhf\n|c|\u2606Lumaris|U2\n|\n|t:|1642620518\n|start\n|switch|p1a: Leavanny|Leavanny, M|100\/100\n|switch|p2a: Meli|Urshifu, M|100\/100\n|turn|1\n|\n|t:|1642620533\n|move|p2a: Meli|U-turn|p1a: Leavanny\n|-supereffective|p1a: Leavanny\n|-damage|p1a: Leavanny|21\/100\n|\n|t:|1642620536\n|switch|p2a: Edgy Bird|Corviknight, F|100\/100|[from]move: U-turn\n|-ability|p2a: Edgy Bird|Pressure\n|move|p1a: Leavanny|Sticky Web|p2a: Edgy Bird\n|-sidestart|p2: LudwigFrog|move: Sticky Web\n|\n|upkeep\n|turn|2\n|\n|t:|1642620545\n|move|p1a: Leavanny|Flash|p2a: Edgy Bird\n|-supereffective|p2a: Edgy Bird\n|-damage|p2a: Edgy Bird|74\/100\n|-unboost|p2a: Edgy Bird|atk|1\n|move|p2a: Edgy Bird|U-turn|p1a: Leavanny\n|-supereffective|p1a: Leavanny\n|-crit|p1a: Leavanny\n|-damage|p1a: Leavanny|0 fnt\n|faint|p1a: Leavanny\n|\n|t:|1642620563\n|switch|p2a: HUNGRY HIPPO|Hippowdon, F|100\/100|[from]move: U-turn\n|-activate|p2a: HUNGRY HIPPO|move: Sticky Web\n|-unboost|p2a: HUNGRY HIPPO|spe|1\n|-weather|Sandstorm|[from] ability: Sand Stream|[of] p2a: HUNGRY HIPPO\n|\n|-weather|Sandstorm|[upkeep]\n|upkeep\n|\n|t:|1642620656\n|switch|p1a: Honchkrow|Honchkrow, M|100\/100\n|turn|3\n|\n|t:|1642620664\n|move|p1a: Honchkrow|Knock Off|p2a: HUNGRY HIPPO\n|-damage|p2a: HUNGRY HIPPO|63\/100\n|-enditem|p2a: HUNGRY HIPPO|Leftovers|[from] move: Knock Off|[of] p1a: Honchkrow\n|move|p2a: HUNGRY HIPPO|Toxic|p1a: Honchkrow|[miss]\n|-miss|p2a: HUNGRY HIPPO|p1a: Honchkrow\n|\n|-weather|Sandstorm|[upkeep]\n|-damage|p1a: Honchkrow|94\/100|[from] Sandstorm\n|upkeep\n|turn|4\n|\n|t:|1642620671\n|move|p1a: Honchkrow|Brave Bird|p2a: HUNGRY HIPPO\n|-damage|p2a: HUNGRY HIPPO|22\/100\n|-damage|p1a: Honchkrow|77\/100|[from] Recoil\n|move|p2a: HUNGRY HIPPO|Slack Off|p2a: HUNGRY HIPPO\n|-heal|p2a: HUNGRY HIPPO|72\/100\n|\n|-weather|Sandstorm|[upkeep]\n|-damage|p1a: Honchkrow|71\/100|[from] Sandstorm\n|upkeep\n|turn|5\n|\n|t:|1642620684\n|move|p1a: Honchkrow|Brave Bird|p2a: HUNGRY HIPPO\n|-damage|p2a: HUNGRY HIPPO|28\/100\n|-damage|p1a: Honchkrow|53\/100|[from] Recoil\n|move|p2a: HUNGRY HIPPO|Slack Off|p2a: HUNGRY HIPPO\n|-heal|p2a: HUNGRY HIPPO|78\/100\n|\n|-weather|Sandstorm|[upkeep]\n|-damage|p1a: Honchkrow|47\/100|[from] Sandstorm\n|upkeep\n|turn|6\n|\n|t:|1642620688\n|switch|p1a: Alomomola|Alomomola, M|100\/100\n|move|p2a: HUNGRY HIPPO|Slack Off|p2a: HUNGRY HIPPO\n|-heal|p2a: HUNGRY HIPPO|100\/100\n|\n|-weather|none\n|upkeep\n|turn|7\n|\n|t:|1642620693\n|switch|p2a: Bruh|Slowbro, M|100\/100\n|-activate|p2a: Bruh|move: Sticky Web\n|-unboost|p2a: Bruh|spe|1\n|move|p1a: Alomomola|Toxic|p2a: Bruh\n|-status|p2a: Bruh|tox\n|\n|-damage|p2a: Bruh|94\/100 tox|[from] psn\n|upkeep\n|turn|8\n|\n|t:|1642620698\n|move|p1a: Alomomola|Flip Turn|p2a: Bruh\n|-resisted|p2a: Bruh\n|-damage|p2a: Bruh|90\/100 tox\n|-damage|p1a: Alomomola|84\/100|[from] item: Rocky Helmet|[of] p2a: Bruh\n|\n|t:|1642620709\n|switch|p1a: Honchkrow|Honchkrow, M|47\/100|[from]move: Flip Turn\n|move|p2a: Bruh|Teleport|p2a: Bruh\n|\n|t:|1642620714\n|switch|p2a: HUNGRY HIPPO|Hippowdon, F|100\/100|[from]move: Teleport\n|-activate|p2a: HUNGRY HIPPO|move: Sticky Web\n|-unboost|p2a: HUNGRY HIPPO|spe|1\n|-weather|Sandstorm|[from] ability: Sand Stream|[of] p2a: HUNGRY HIPPO\n|\n|-weather|Sandstorm|[upkeep]\n|-damage|p1a: Honchkrow|41\/100|[from] Sandstorm\n|upkeep\n|turn|9\n|\n|t:|1642620718\n|switch|p1a: Alomomola|Alomomola, M|100\/100\n|move|p2a: HUNGRY HIPPO|Stealth Rock|p1a: Alomomola\n|-sidestart|p1: Lumaris|move: Stealth Rock\n|\n|-weather|Sandstorm|[upkeep]\n|-damage|p1a: Alomomola|94\/100|[from] Sandstorm\n|upkeep\n|turn|10\n|\n|t:|1642620722\n|move|p1a: Alomomola|Flip Turn|p2a: HUNGRY HIPPO\n|-supereffective|p2a: HUNGRY HIPPO\n|-crit|p2a: HUNGRY HIPPO\n|-damage|p2a: HUNGRY HIPPO|63\/100\n|\n|t:|1642620791\n|switch|p1a: Honchkrow|Honchkrow, M|41\/100|[from]move: Flip Turn\n|move|p2a: HUNGRY HIPPO|Toxic|p1a: Honchkrow\n|-status|p1a: Honchkrow|tox\n|\n|-weather|Sandstorm|[upkeep]\n|-damage|p1a: Honchkrow|35\/100 tox|[from] Sandstorm\n|-damage|p1a: Honchkrow|29\/100 tox|[from] psn\n|upkeep\n|turn|11\n|\n|t:|1642620798\n|switch|p1a: Alomomola|Alomomola, M|100\/100\n|-damage|p1a: Alomomola|88\/100|[from] Stealth Rock\n|move|p2a: HUNGRY HIPPO|Slack Off|p2a: HUNGRY HIPPO\n|-heal|p2a: HUNGRY HIPPO|100\/100\n|\n|-weather|Sandstorm|[upkeep]\n|-damage|p1a: Alomomola|82\/100|[from] Sandstorm\n|upkeep\n|turn|12\n|\n|t:|1642620803\n|switch|p2a: Bruh|Slowbro, M|100\/100 tox\n|-activate|p2a: Bruh|move: Sticky Web\n|-unboost|p2a: Bruh|spe|1\n|move|p1a: Alomomola|Flip Turn|p2a: Bruh\n|-resisted|p2a: Bruh\n|-damage|p2a: Bruh|96\/100 tox\n|-damage|p1a: Alomomola|65\/100|[from] item: Rocky Helmet|[of] p2a: Bruh\n|\n|t:|1642620806\n|switch|p1a: Eelektross|Eelektross, F|100\/100|[from]move: Flip Turn\n|-damage|p1a: Eelektross|88\/100|[from] Stealth Rock\n|\n|-weather|none\n|-heal|p1a: Eelektross|94\/100|[from] item: Leftovers\n|-damage|p2a: Bruh|90\/100 tox|[from] psn\n|upkeep\n|turn|13\n|\n|t:|1642620817\n|switch|p2a: HUNGRY HIPPO|Hippowdon, F|100\/100\n|-activate|p2a: HUNGRY HIPPO|move: Sticky Web\n|-unboost|p2a: HUNGRY HIPPO|spe|1\n|-weather|Sandstorm|[from] ability: Sand Stream|[of] p2a: HUNGRY HIPPO\n|move|p1a: Eelektross|Zap Cannon|p2a: HUNGRY HIPPO\n|-immune|p2a: HUNGRY HIPPO\n|\n|-weather|Sandstorm|[upkeep]\n|-damage|p1a: Eelektross|88\/100|[from] Sandstorm\n|-heal|p1a: Eelektross|94\/100|[from] item: Leftovers\n|upkeep\n|turn|14\n|\n|t:|1642620825\n|move|p1a: Eelektross|Hydro Pump|p2a: HUNGRY HIPPO\n|-supereffective|p2a: HUNGRY HIPPO\n|-damage|p2a: HUNGRY HIPPO|37\/100\n|move|p2a: HUNGRY HIPPO|Earthquake|p1a: Eelektross\n|-supereffective|p1a: Eelektross\n|-damage|p1a: Eelektross|3\/100\n|\n|-weather|Sandstorm|[upkeep]\n|-damage|p1a: Eelektross|0 fnt|[from] Sandstorm\n|faint|p1a: Eelektross\n|upkeep\n|\n|t:|1642620849\n|switch|p1a: Alomomola|Alomomola, M|99\/100\n|-damage|p1a: Alomomola|86\/100|[from] Stealth Rock\n|turn|15\n|j| Jakistamgosciu\n|\n|t:|1642620854\n|switch|p2a: Bruh|Slowbro, M|100\/100 tox\n|-activate|p2a: Bruh|move: Sticky Web\n|-unboost|p2a: Bruh|spe|1\n|move|p1a: Alomomola|Scald|p2a: Bruh\n|-resisted|p2a: Bruh\n|-crit|p2a: Bruh\n|-damage|p2a: Bruh|89\/100 tox\n|\n|-weather|Sandstorm|[upkeep]\n|-damage|p1a: Alomomola|80\/100|[from] Sandstorm\n|-damage|p2a: Bruh|83\/100 tox|[from] Sandstorm\n|-damage|p2a: Bruh|77\/100 tox|[from] psn\n|upkeep\n|turn|16\n|\n|t:|1642620860\n|move|p1a: Alomomola|Flip Turn|p2a: Bruh\n|-resisted|p2a: Bruh\n|-damage|p2a: Bruh|72\/100 tox\n|-damage|p1a: Alomomola|63\/100|[from] item: Rocky Helmet|[of] p2a: Bruh\n|\n|t:|1642620862\n|switch|p1a: Kangaskhan|Kangaskhan, F|100\/100|[from]move: Flip Turn\n|-damage|p1a: Kangaskhan|88\/100|[from] Stealth Rock\n|move|p2a: Bruh|Teleport|p2a: Bruh\n|\n|t:|1642620865\n|switch|p2a: Edgy Bird|Corviknight, F|74\/100|[from]move: Teleport\n|-ability|p2a: Edgy Bird|Pressure\n|\n|-weather|Sandstorm|[upkeep]\n|-damage|p1a: Kangaskhan|82\/100|[from] Sandstorm\n|-heal|p2a: Edgy Bird|80\/100|[from] item: Leftovers\n|upkeep\n|turn|17\n|\n|t:|1642620870\n|detailschange|p1a: Kangaskhan|Kangaskhan-Mega, F\n|-mega|p1a: Kangaskhan|Kangaskhan|Kangaskhanite\n|move|p1a: Kangaskhan|Fake Out|p2a: Edgy Bird\n|-resisted|p2a: Edgy Bird\n|-damage|p2a: Edgy Bird|74\/100\n|-resisted|p2a: Edgy Bird\n|-damage|p2a: Edgy Bird|72\/100\n|-hitcount|p2a: Edgy Bird|2\n|cant|p2a: Edgy Bird|flinch\n|\n|-weather|none\n|-heal|p2a: Edgy Bird|79\/100|[from] item: Leftovers\n|upkeep\n|turn|18\n|\n|t:|1642620880\n|move|p1a: Kangaskhan|Fire Punch|p2a: Edgy Bird\n|-supereffective|p2a: Edgy Bird\n|-damage|p2a: Edgy Bird|47\/100\n|-supereffective|p2a: Edgy Bird\n|-damage|p2a: Edgy Bird|39\/100\n|-hitcount|p2a: Edgy Bird|2\n|move|p2a: Edgy Bird|Roost|p2a: Edgy Bird\n|-heal|p2a: Edgy Bird|89\/100\n|-singleturn|p2a: Edgy Bird|move: Roost\n|\n|-heal|p2a: Edgy Bird|95\/100|[from] item: Leftovers\n|upkeep\n|turn|19\n|\n|t:|1642620887\n|move|p1a: Kangaskhan|Power-Up Punch|p2a: Edgy Bird\n|-damage|p2a: Edgy Bird|86\/100\n|-boost|p1a: Kangaskhan|atk|1\n|-crit|p2a: Edgy Bird\n|-damage|p2a: Edgy Bird|81\/100\n|-boost|p1a: Kangaskhan|atk|1\n|-hitcount|p2a: Edgy Bird|2\n|move|p2a: Edgy Bird|Body Press|p1a: Kangaskhan\n|-supereffective|p1a: Kangaskhan\n|-damage|p1a: Kangaskhan|33\/100\n|\n|-heal|p2a: Edgy Bird|87\/100|[from] item: Leftovers\n|upkeep\n|turn|20\n|\n|t:|1642620897\n|move|p1a: Kangaskhan|Fire Punch|p2a: Edgy Bird\n|-supereffective|p2a: Edgy Bird\n|-damage|p2a: Edgy Bird|26\/100\n|-supereffective|p2a: Edgy Bird\n|-damage|p2a: Edgy Bird|10\/100\n|-hitcount|p2a: Edgy Bird|2\n|move|p2a: Edgy Bird|Body Press|p1a: Kangaskhan\n|-supereffective|p1a: Kangaskhan\n|-damage|p1a: Kangaskhan|0 fnt\n|faint|p1a: Kangaskhan\n|\n|-heal|p2a: Edgy Bird|16\/100|[from] item: Leftovers\n|upkeep\n|\n|t:|1642620920\n|switch|p1a: Darmanitan|Darmanitan, F|100\/100\n|-damage|p1a: Darmanitan|76\/100|[from] Stealth Rock\n|turn|21\n|l| Jakistamgosciu\n|\n|t:|1642620927\n|switch|p2a: Bruh|Slowbro, M|100\/100 tox\n|-activate|p2a: Bruh|move: Sticky Web\n|-unboost|p2a: Bruh|spe|1\n|move|p1a: Darmanitan|Fire Punch|p2a: Bruh\n|-resisted|p2a: Bruh\n|-damage|p2a: Bruh|77\/100 tox\n|-damage|p1a: Darmanitan|59\/100|[from] item: Rocky Helmet|[of] p2a: Bruh\n|\n|-damage|p2a: Bruh|71\/100 tox|[from] psn\n|upkeep\n|turn|22\n|\n|t:|1642620930\n|move|p1a: Darmanitan|U-turn|p2a: Bruh\n|-supereffective|p2a: Bruh\n|-damage|p2a: Bruh|28\/100 tox\n|-damage|p1a: Darmanitan|43\/100|[from] item: Rocky Helmet|[of] p2a: Bruh\n|-damage|p1a: Darmanitan|33\/100|[from] item: Life Orb\n|\n|t:|1642620932\n|switch|p1a: Honchkrow|Honchkrow, M|29\/100 tox|[from]move: U-turn\n|move|p2a: Bruh|Teleport|p2a: Bruh\n|\n|t:|1642620937\n|switch|p2a: Nothing to trap|Magnezone|100\/100|[from]move: Teleport\n|-activate|p2a: Nothing to trap|move: Sticky Web\n|-unboost|p2a: Nothing to trap|spe|1\n|\n|-damage|p1a: Honchkrow|22\/100 tox|[from] psn\n|upkeep\n|turn|23\n|\n|t:|1642620944\n|move|p1a: Honchkrow|Superpower|p2a: Nothing to trap\n|-supereffective|p2a: Nothing to trap\n|-damage|p2a: Nothing to trap|26\/100\n|-unboost|p1a: Honchkrow|atk|1\n|-unboost|p1a: Honchkrow|def|1\n|move|p2a: Nothing to trap|Volt Switch|p1a: Honchkrow\n|-supereffective|p1a: Honchkrow\n|-damage|p1a: Honchkrow|0 fnt\n|faint|p1a: Honchkrow\n|\n|t:|1642620948\n|switch|p2a: Meli|Urshifu, M|100\/100|[from]move: Volt Switch\n|-activate|p2a: Meli|move: Sticky Web\n|-unboost|p2a: Meli|spe|1\n|\n|upkeep\n|\n|t:|1642620957\n|switch|p1a: Alomomola|Alomomola, M|97\/100\n|-damage|p1a: Alomomola|84\/100|[from] Stealth Rock\n|turn|24\n|\n|t:|1642620959\n|move|p2a: Meli|Wicked Blow|p1a: Alomomola\n|-crit|p1a: Alomomola\n|-damage|p1a: Alomomola|49\/100\n|-damage|p2a: Meli|84\/100|[from] item: Rocky Helmet|[of] p1a: Alomomola\n|move|p1a: Alomomola|Scald|p2a: Meli\n|-damage|p2a: Meli|64\/100\n|-status|p2a: Meli|brn\n|\n|-damage|p2a: Meli|58\/100 brn|[from] brn\n|upkeep\n|turn|25\n|\n|t:|1642620974\n|switch|p2a: Edgy Bird|Corviknight, F|16\/100\n|-ability|p2a: Edgy Bird|Pressure\n|move|p1a: Alomomola|Flip Turn|p2a: Edgy Bird\n|-damage|p2a: Edgy Bird|6\/100\n|\n|t:|1642620977\n|switch|p1a: Darmanitan|Darmanitan, F|33\/100|[from]move: Flip Turn\n|-damage|p1a: Darmanitan|8\/100|[from] Stealth Rock\n|\n|-heal|p2a: Edgy Bird|12\/100|[from] item: Leftovers\n|upkeep\n|turn|26\n|\n|t:|1642620986\n|move|p1a: Darmanitan|Grass Knot|p2a: Edgy Bird\n|-resisted|p2a: Edgy Bird\n|-damage|p2a: Edgy Bird|10\/100\n|-damage|p1a: Darmanitan|0 fnt|[from] item: Life Orb\n|faint|p1a: Darmanitan\n|move|p2a: Edgy Bird|Roost|p2a: Edgy Bird\n|-heal|p2a: Edgy Bird|60\/100\n|-singleturn|p2a: Edgy Bird|move: Roost\n|\n|-heal|p2a: Edgy Bird|66\/100|[from] item: Leftovers\n|upkeep\n|\n|t:|1642620988\n|switch|p1a: Alomomola|Alomomola, M|82\/100\n|-damage|p1a: Alomomola|70\/100|[from] Stealth Rock\n|turn|27\n|\n|t:|1642620993\n|move|p2a: Edgy Bird|U-turn|p1a: Alomomola\n|-damage|p1a: Alomomola|62\/100\n|-damage|p2a: Edgy Bird|50\/100|[from] item: Rocky Helmet|[of] p1a: Alomomola\n|c|\u2606Lumaris|Gg\n|\n|t:|1642621009\n|switch|p2a: Bruh|Slowbro, M|61\/100 tox|[from]move: U-turn\n|-activate|p2a: Bruh|move: Sticky Web\n|-unboost|p2a: Bruh|spe|1\n|move|p1a: Alomomola|Flip Turn|p2a: Bruh\n|-resisted|p2a: Bruh\n|-damage|p2a: Bruh|56\/100 tox\n|-damage|p1a: Alomomola|46\/100|[from] item: Rocky Helmet|[of] p2a: Bruh\n|\n|-damage|p2a: Bruh|50\/100 tox|[from] psn\n|upkeep\n|turn|28\n|c|\u2606LudwigFrog|gg\n|-message|Lumaris forfeited.\n|\n|win|LudwigFrog\n|l|\u2606Lumaris\n","uploadtime":1642621021,"views":28,"p1id":"lumaris","p2id":"ludwigfrog","formatid":"gen8draft","rating":0,"private":0,"password":null}