{"id":"radicalred-gen8pladraft-309202","p1":"freakydood","p2":"AriJimo","format":"gen8pladraft","log":"|j|\u2606freakydood\n|j|\u2606AriJimo\n|t:|1668036838\n|gametype|singles\n|player|p1|freakydood|169|\n|player|p2|AriJimo|1|\n|teamsize|p1|6\n|teamsize|p2|6\n|gen|8\n|tier|[Gen 8] PLA Draft\n|rule|HP Percentage Mod: HP is shown in percentages\n|rule|Endless Battle Clause: Forcing endless battles is banned\n|rule|OHKO Clause: OHKO moves are banned\n|rule|Evasion Moves Clause: Evasion moves are banned\n|rule|Species Clause: Limit one of each Pok\u00e9mon\n|rule|Sleep Clause Mod: Limit one foe put to sleep\n|rule|Dynamax Clause: You cannot dynamax\n|rule|Z-Move Clause: Z-Moves are banned\n|clearpoke\n|poke|p1|Cinderace, F|\n|poke|p1|Magnezone|\n|poke|p1|Salamence, M|\n|poke|p1|Ferrothorn, F|\n|poke|p1|Garchomp, M|\n|poke|p1|Slowking, F|\n|poke|p2|Kommo-o, F|\n|poke|p2|Slowbro, M|\n|poke|p2|Weavile, F|\n|poke|p2|Corviknight, F|\n|poke|p2|Gliscor, M|\n|poke|p2|Rotom-Wash|\n|teampreview\n|\n|t:|1668036876\n|start\n|switch|p1a: Magnezone|Magnezone|100\/100\n|switch|p2a: Gliscor|Gliscor, M|100\/100\n|turn|1\n|\n|t:|1668036882\n|switch|p1a: Ferrothorn|Ferrothorn, F|100\/100\n|move|p2a: Gliscor|Earthquake|p1a: Ferrothorn\n|-crit|p1a: Ferrothorn\n|-damage|p1a: Ferrothorn|71\/100\n|\n|-heal|p1a: Ferrothorn|77\/100|[from] item: Leftovers\n|-status|p2a: Gliscor|tox|[from] item: Toxic Orb\n|upkeep\n|turn|2\n|\n|t:|1668036887\n|move|p2a: Gliscor|Stealth Rock|p1a: Ferrothorn\n|-sidestart|p1: freakydood|move: Stealth Rock\n|move|p1a: Ferrothorn|Stealth Rock|p2a: Gliscor\n|-sidestart|p2: AriJimo|move: Stealth Rock\n|\n|-heal|p1a: Ferrothorn|83\/100|[from] item: Leftovers\n|upkeep\n|turn|3\n|\n|t:|1668036911\n|move|p2a: Gliscor|U-turn|p1a: Ferrothorn\n|-damage|p1a: Ferrothorn|74\/100\n|-damage|p2a: Gliscor|88\/100 tox|[from] ability: Iron Barbs|[of] p1a: Ferrothorn\n|\n|t:|1668036916\n|switch|p2a: Corviknight|Corviknight, F|100\/100|[from]move: U-turn\n|-damage|p2a: Corviknight|88\/100|[from] Stealth Rock\n|-ability|p2a: Corviknight|Pressure\n|move|p1a: Ferrothorn|Leech Seed|p2a: Corviknight\n|-start|p2a: Corviknight|move: Leech Seed\n|\n|-heal|p2a: Corviknight|94\/100|[from] item: Leftovers\n|-heal|p1a: Ferrothorn|80\/100|[from] item: Leftovers\n|-damage|p2a: Corviknight|82\/100|[from] Leech Seed|[of] p1a: Ferrothorn\n|-heal|p1a: Ferrothorn|94\/100|[silent]\n|upkeep\n|turn|4\n|\n|t:|1668036929\n|move|p2a: Corviknight|U-turn|p1a: Ferrothorn\n|-damage|p1a: Ferrothorn|85\/100\n|-damage|p2a: Corviknight|69\/100|[from] ability: Iron Barbs|[of] p1a: Ferrothorn\n|\n|t:|1668036936\n|switch|p2a: Gliscor|Gliscor, M|88\/100 tox|[from]move: U-turn\n|-damage|p2a: Gliscor|76\/100 tox|[from] Stealth Rock\n|move|p1a: Ferrothorn|Knock Off|p2a: Gliscor\n|-damage|p2a: Gliscor|58\/100 tox\n|-enditem|p2a: Gliscor|Toxic Orb|[from] move: Knock Off|[of] p1a: Ferrothorn\n|\n|-heal|p1a: Ferrothorn|91\/100|[from] item: Leftovers\n|-heal|p2a: Gliscor|70\/100 tox|[from] ability: Poison Heal\n|upkeep\n|turn|5\n|\n|t:|1668036943\n|move|p2a: Gliscor|Roost|p2a: Gliscor\n|-heal|p2a: Gliscor|100\/100 tox\n|-singleturn|p2a: Gliscor|move: Roost\n|move|p1a: Ferrothorn|Leech Seed|p2a: Gliscor\n|-start|p2a: Gliscor|move: Leech Seed\n|\n|-heal|p1a: Ferrothorn|97\/100|[from] item: Leftovers\n|-damage|p2a: Gliscor|88\/100 tox|[from] Leech Seed|[of] p1a: Ferrothorn\n|-heal|p1a: Ferrothorn|100\/100|[silent]\n|-heal|p2a: Gliscor|100\/100 tox|[from] ability: Poison Heal\n|upkeep\n|turn|6\n|\n|t:|1668036950\n|move|p2a: Gliscor|Earthquake|p1a: Ferrothorn\n|-damage|p1a: Ferrothorn|80\/100\n|move|p1a: Ferrothorn|Leech Seed||[still]\n|-fail|p1a: Ferrothorn\n|\n|-heal|p1a: Ferrothorn|86\/100|[from] item: Leftovers\n|-damage|p2a: Gliscor|88\/100 tox|[from] Leech Seed|[of] p1a: Ferrothorn\n|-heal|p1a: Ferrothorn|99\/100|[silent]\n|-heal|p2a: Gliscor|100\/100 tox|[from] ability: Poison Heal\n|upkeep\n|turn|7\n|\n|t:|1668036971\n|switch|p2a: Kommo-o|Kommo-o, F|100\/100\n|-damage|p2a: Kommo-o|94\/100|[from] Stealth Rock\n|move|p1a: Ferrothorn|Knock Off|p2a: Kommo-o\n|-resisted|p2a: Kommo-o\n|-damage|p2a: Kommo-o|84\/100\n|-enditem|p2a: Kommo-o|Throat Spray|[from] move: Knock Off|[of] p1a: Ferrothorn\n|\n|-heal|p1a: Ferrothorn|100\/100|[from] item: Leftovers\n|upkeep\n|turn|8\n|\n|t:|1668036982\n|switch|p1a: Slowking|Slowking, F|100\/100\n|move|p2a: Kommo-o|Focus Blast|p1a: Slowking|[miss]\n|-miss|p2a: Kommo-o|p1a: Slowking\n|\n|upkeep\n|turn|9\n|\n|t:|1668036992\n|switch|p2a: Weavile|Weavile, F|100\/100\n|-ability|p2a: Weavile|Pressure\n|move|p1a: Slowking|Teleport|p1a: Slowking\n|\n|t:|1668037006\n|switch|p1a: Magnezone|Magnezone|100\/100|[from]move: Teleport\n|-damage|p1a: Magnezone|94\/100|[from] Stealth Rock\n|\n|-heal|p1a: Magnezone|100\/100|[from] item: Leftovers\n|upkeep\n|turn|10\n|\n|t:|1668037013\n|switch|p2a: Gliscor|Gliscor, M|100\/100 tox\n|-damage|p2a: Gliscor|88\/100 tox|[from] Stealth Rock\n|move|p1a: Magnezone|Flash Cannon|p2a: Gliscor\n|-damage|p2a: Gliscor|41\/100 tox\n|-unboost|p2a: Gliscor|spd|1\n|\n|-heal|p2a: Gliscor|54\/100 tox|[from] ability: Poison Heal\n|upkeep\n|turn|11\n|\n|t:|1668037064\n|switch|p1a: Garchomp|Garchomp, M|100\/100\n|-damage|p1a: Garchomp|94\/100|[from] Stealth Rock\n|move|p2a: Gliscor|Earthquake|p1a: Garchomp\n|-damage|p1a: Garchomp|63\/100\n|\n|-heal|p2a: Gliscor|66\/100 tox|[from] ability: Poison Heal\n|upkeep\n|turn|12\n|\n|t:|1668037108\n|switch|p1a: Salamence|Salamence, M|100\/100\n|-ability|p1a: Salamence|Intimidate|boost\n|-unboost|p2a: Gliscor|atk|1\n|move|p2a: Gliscor|U-turn|p1a: Salamence\n|-resisted|p1a: Salamence\n|-damage|p1a: Salamence|94\/100\n|\n|t:|1668037120\n|switch|p2a: Weavile|Weavile, F|100\/100|[from]move: U-turn\n|-ability|p2a: Weavile|Pressure\n|\n|upkeep\n|turn|13\n|\n|t:|1668037126\n|switch|p1a: Ferrothorn|Ferrothorn, F|100\/100\n|-damage|p1a: Ferrothorn|94\/100|[from] Stealth Rock\n|move|p2a: Weavile|Knock Off|p1a: Ferrothorn\n|-damage|p1a: Ferrothorn|68\/100\n|-damage|p2a: Weavile|88\/100|[from] ability: Iron Barbs|[of] p1a: Ferrothorn\n|-enditem|p1a: Ferrothorn|Leftovers|[from] move: Knock Off|[of] p2a: Weavile\n|\n|upkeep\n|turn|14\n|\n|t:|1668037140\n|switch|p2a: Slowbro|Slowbro, M|100\/100\n|move|p1a: Ferrothorn|Leech Seed|p2a: Slowbro\n|-start|p2a: Slowbro|move: Leech Seed\n|\n|-damage|p2a: Slowbro|88\/100|[from] Leech Seed|[of] p1a: Ferrothorn\n|-heal|p1a: Ferrothorn|82\/100|[silent]\n|upkeep\n|turn|15\n|\n|t:|1668037145\n|move|p1a: Ferrothorn|Knock Off|p2a: Slowbro\n|-supereffective|p2a: Slowbro\n|-damage|p2a: Slowbro|60\/100\n|-enditem|p2a: Slowbro|Heavy-Duty Boots|[from] move: Knock Off|[of] p1a: Ferrothorn\n|move|p2a: Slowbro|Teleport|p2a: Slowbro\n|\n|t:|1668037150\n|switch|p2a: Kommo-o|Kommo-o, F|84\/100|[from]move: Teleport\n|-damage|p2a: Kommo-o|78\/100|[from] Stealth Rock\n|\n|upkeep\n|turn|16\n|\n|t:|1668037159\n|switch|p2a: Rotom|Rotom-Wash|100\/100\n|-damage|p2a: Rotom|88\/100|[from] Stealth Rock\n|switch|p1a: Slowking|Slowking, F|100\/100\n|\n|-heal|p2a: Rotom|94\/100|[from] item: Leftovers\n|upkeep\n|turn|17\n|\n|t:|1668037169\n|move|p2a: Rotom|Nasty Plot|p2a: Rotom\n|-boost|p2a: Rotom|spa|2\n|move|p1a: Slowking|Teleport|p1a: Slowking\n|\n|t:|1668037180\n|switch|p1a: Ferrothorn|Ferrothorn, F|82\/100|[from]move: Teleport\n|-damage|p1a: Ferrothorn|75\/100|[from] Stealth Rock\n|\n|-heal|p2a: Rotom|99\/100|[from] item: Leftovers\n|upkeep\n|turn|18\n|\n|t:|1668037187\n|move|p2a: Rotom|Discharge|p1a: Ferrothorn\n|-resisted|p1a: Ferrothorn\n|-damage|p1a: Ferrothorn|51\/100\n|move|p1a: Ferrothorn|Power Whip|p2a: Rotom\n|-supereffective|p2a: Rotom\n|-damage|p2a: Rotom|16\/100\n|\n|-heal|p2a: Rotom|22\/100|[from] item: Leftovers\n|upkeep\n|turn|19\n|\n|t:|1668037203\n|switch|p2a: Corviknight|Corviknight, F|69\/100\n|-damage|p2a: Corviknight|57\/100|[from] Stealth Rock\n|-ability|p2a: Corviknight|Pressure\n|move|p1a: Ferrothorn|Knock Off|p2a: Corviknight\n|-damage|p2a: Corviknight|40\/100\n|-enditem|p2a: Corviknight|Leftovers|[from] move: Knock Off|[of] p1a: Ferrothorn\n|\n|upkeep\n|turn|20\n|\n|t:|1668037208\n|move|p2a: Corviknight|Roost|p2a: Corviknight\n|-heal|p2a: Corviknight|90\/100\n|-singleturn|p2a: Corviknight|move: Roost\n|move|p1a: Ferrothorn|Leech Seed|p2a: Corviknight|[miss]\n|-miss|p1a: Ferrothorn|p2a: Corviknight\n|\n|upkeep\n|turn|21\n|\n|t:|1668037215\n|move|p2a: Corviknight|Brave Bird|p1a: Ferrothorn\n|-damage|p1a: Ferrothorn|30\/100\n|-damage|p2a: Corviknight|78\/100|[from] ability: Iron Barbs|[of] p1a: Ferrothorn\n|-damage|p2a: Corviknight|72\/100|[from] Recoil\n|move|p1a: Ferrothorn|Leech Seed|p2a: Corviknight\n|-start|p2a: Corviknight|move: Leech Seed\n|\n|-damage|p2a: Corviknight|59\/100|[from] Leech Seed|[of] p1a: Ferrothorn\n|-heal|p1a: Ferrothorn|45\/100|[silent]\n|upkeep\n|turn|22\n|\n|t:|1668037226\n|move|p2a: Corviknight|U-turn|p1a: Ferrothorn\n|-damage|p1a: Ferrothorn|35\/100\n|-damage|p2a: Corviknight|47\/100|[from] ability: Iron Barbs|[of] p1a: Ferrothorn\n|\n|t:|1668037231\n|switch|p2a: Gliscor|Gliscor, M|66\/100 tox|[from]move: U-turn\n|-damage|p2a: Gliscor|54\/100 tox|[from] Stealth Rock\n|move|p1a: Ferrothorn|Knock Off|p2a: Gliscor\n|-damage|p2a: Gliscor|41\/100 tox\n|\n|-heal|p2a: Gliscor|54\/100 tox|[from] ability: Poison Heal\n|upkeep\n|turn|23\n|\n|t:|1668037239\n|move|p2a: Gliscor|Roost|p2a: Gliscor\n|-heal|p2a: Gliscor|100\/100 tox\n|-singleturn|p2a: Gliscor|move: Roost\n|move|p1a: Ferrothorn|Power Whip|p2a: Gliscor\n|-supereffective|p2a: Gliscor\n|-damage|p2a: Gliscor|36\/100 tox\n|\n|-heal|p2a: Gliscor|48\/100 tox|[from] ability: Poison Heal\n|upkeep\n|turn|24\n|\n|t:|1668037244\n|move|p2a: Gliscor|Earthquake|p1a: Ferrothorn\n|-damage|p1a: Ferrothorn|15\/100\n|move|p1a: Ferrothorn|Leech Seed|p2a: Gliscor\n|-start|p2a: Gliscor|move: Leech Seed\n|\n|-damage|p2a: Gliscor|36\/100 tox|[from] Leech Seed|[of] p1a: Ferrothorn\n|-heal|p1a: Ferrothorn|27\/100|[silent]\n|-heal|p2a: Gliscor|48\/100 tox|[from] ability: Poison Heal\n|upkeep\n|turn|25\n|\n|t:|1668037251\n|move|p2a: Gliscor|Earthquake|p1a: Ferrothorn\n|-damage|p1a: Ferrothorn|8\/100\n|move|p1a: Ferrothorn|Power Whip|p2a: Gliscor\n|-damage|p2a: Gliscor|19\/100 tox\n|\n|-damage|p2a: Gliscor|6\/100 tox|[from] Leech Seed|[of] p1a: Ferrothorn\n|-heal|p1a: Ferrothorn|20\/100|[silent]\n|-heal|p2a: Gliscor|19\/100 tox|[from] ability: Poison Heal\n|upkeep\n|turn|26\n|\n|t:|1668037277\n|switch|p2a: Rotom|Rotom-Wash|22\/100\n|-damage|p2a: Rotom|10\/100|[from] Stealth Rock\n|switch|p1a: Salamence|Salamence, M|94\/100\n|-ability|p1a: Salamence|Intimidate|boost\n|-unboost|p2a: Rotom|atk|1\n|\n|-heal|p2a: Rotom|16\/100|[from] item: Leftovers\n|upkeep\n|turn|27\n|\n|t:|1668037289\n|switch|p1a: Garchomp|Garchomp, M|63\/100\n|-damage|p1a: Garchomp|57\/100|[from] Stealth Rock\n|move|p2a: Rotom|Pain Split|p1a: Garchomp\n|-sethp|p1a: Garchomp|35\/100|[from] move: Pain Split|[silent]\n|-sethp|p2a: Rotom|42\/100|[from] move: Pain Split\n|\n|-heal|p2a: Rotom|48\/100|[from] item: Leftovers\n|upkeep\n|turn|28\n|\n|t:|1668037294\n|detailschange|p1a: Garchomp|Garchomp-Mega, M\n|-mega|p1a: Garchomp|Garchomp|Garchompite\n|move|p1a: Garchomp|Scale Shot|p2a: Rotom\n|-damage|p2a: Rotom|32\/100\n|-damage|p2a: Rotom|15\/100\n|-hitcount|p2a: Rotom|2\n|-unboost|p1a: Garchomp|def|1\n|-boost|p1a: Garchomp|spe|1\n|move|p2a: Rotom|Hydro Pump|p1a: Garchomp|[miss]\n|-miss|p2a: Rotom|p1a: Garchomp\n|\n|-heal|p2a: Rotom|21\/100|[from] item: Leftovers\n|upkeep\n|turn|29\n|\n|t:|1668037304\n|move|p1a: Garchomp|Scale Shot|p2a: Rotom\n|-damage|p2a: Rotom|4\/100\n|-damage|p2a: Rotom|0 fnt\n|faint|p2a: Rotom\n|-hitcount|p2: Rotom|2\n|-unboost|p1a: Garchomp|def|1\n|-boost|p1a: Garchomp|spe|1\n|\n|upkeep\n|\n|t:|1668037307\n|switch|p2a: Weavile|Weavile, F|88\/100\n|-ability|p2a: Weavile|Pressure\n|turn|30\n|\n|t:|1668037313\n|switch|p1a: Ferrothorn|Ferrothorn, F|20\/100\n|-damage|p1a: Ferrothorn|14\/100|[from] Stealth Rock\n|move|p2a: Weavile|Ice Shard|p1a: Ferrothorn\n|-damage|p1a: Ferrothorn|2\/100\n|\n|upkeep\n|turn|31\n|\n|t:|1668037324\n|switch|p1a: Slowking|Slowking, F|100\/100\n|move|p2a: Weavile|Ice Shard|p1a: Slowking\n|-resisted|p1a: Slowking\n|-damage|p1a: Slowking|91\/100\n|\n|upkeep\n|turn|32\n|\n|t:|1668037327\n|switch|p1a: Ferrothorn|Ferrothorn, F|2\/100\n|-damage|p1a: Ferrothorn|0 fnt|[from] Stealth Rock\n|faint|p1a: Ferrothorn\n|move|p2a: Weavile|Swords Dance|p2a: Weavile\n|-boost|p2a: Weavile|atk|2\n|\n|upkeep\n|\n|t:|1668037341\n|switch|p1a: Salamence|Salamence, M|94\/100\n|-ability|p1a: Salamence|Intimidate|boost\n|-unboost|p2a: Weavile|atk|1\n|turn|33\n|\n|t:|1668037346\n|move|p2a: Weavile|Triple Axel|p1a: Salamence\n|-supereffective|p1a: Salamence\n|-damage|p1a: Salamence|17\/100\n|-supereffective|p1a: Salamence\n|-damage|p1a: Salamence|0 fnt\n|faint|p1a: Salamence\n|-hitcount|p1: Salamence|2\n|\n|upkeep\n|\n|t:|1668037350\n|switch|p1a: Magnezone|Magnezone|100\/100\n|-damage|p1a: Magnezone|94\/100|[from] Stealth Rock\n|turn|34\n|\n|t:|1668037357\n|switch|p2a: Corviknight|Corviknight, F|47\/100\n|-damage|p2a: Corviknight|34\/100|[from] Stealth Rock\n|-ability|p2a: Corviknight|Pressure\n|move|p1a: Magnezone|Flash Cannon|p2a: Corviknight\n|-resisted|p2a: Corviknight\n|-damage|p2a: Corviknight|13\/100\n|\n|-heal|p1a: Magnezone|100\/100|[from] item: Leftovers\n|upkeep\n|turn|35\n|\n|t:|1668037367\n|move|p1a: Magnezone|Flash Cannon|p2a: Corviknight\n|-resisted|p2a: Corviknight\n|-damage|p2a: Corviknight|0 fnt\n|faint|p2a: Corviknight\n|\n|upkeep\n|\n|t:|1668037377\n|switch|p2a: Kommo-o|Kommo-o, F|78\/100\n|-damage|p2a: Kommo-o|72\/100|[from] Stealth Rock\n|turn|36\n|\n|t:|1668037396\n|move|p1a: Magnezone|Protect|p1a: Magnezone\n|-singleturn|p1a: Magnezone|Protect\n|move|p2a: Kommo-o|Focus Blast|p1a: Magnezone\n|-activate|p1a: Magnezone|move: Protect\n|\n|upkeep\n|turn|37\n|\n|t:|1668037430\n|switch|p1a: Slowking|Slowking, F|100\/100\n|move|p2a: Kommo-o|Clangorous Soul|p2a: Kommo-o\n|-boost|p2a: Kommo-o|atk|1\n|-boost|p2a: Kommo-o|def|1\n|-boost|p2a: Kommo-o|spa|1\n|-boost|p2a: Kommo-o|spd|1\n|-boost|p2a: Kommo-o|spe|1\n|-damage|p2a: Kommo-o|39\/100\n|\n|upkeep\n|turn|38\n|\n|t:|1668037435\n|move|p2a: Kommo-o|Clanging Scales|p1a: Slowking\n|-damage|p1a: Slowking|55\/100\n|-unboost|p2a: Kommo-o|def|1\n|move|p1a: Slowking|Future Sight|p2a: Kommo-o\n|-start|p1a: Slowking|move: Future Sight\n|\n|upkeep\n|turn|39\n|\n|t:|1668037449\n|move|p2a: Kommo-o|Clanging Scales|p1a: Slowking\n|-damage|p1a: Slowking|16\/100\n|-unboost|p2a: Kommo-o|def|1\n|move|p1a: Slowking|Slack Off|p1a: Slowking\n|-heal|p1a: Slowking|66\/100\n|\n|upkeep\n|turn|40\n|\n|t:|1668037455\n|switch|p2a: Weavile|Weavile, F|88\/100\n|-ability|p2a: Weavile|Pressure\n|move|p1a: Slowking|Scald|p2a: Weavile\n|-damage|p2a: Weavile|47\/100\n|-status|p2a: Weavile|brn\n|\n|-end|p2a: Weavile|move: Future Sight\n|-immune|p2a: Weavile\n|-damage|p2a: Weavile|41\/100 brn|[from] brn\n|upkeep\n|turn|41\n|\n|t:|1668037476\n|switch|p1a: Magnezone|Magnezone|100\/100\n|-damage|p1a: Magnezone|94\/100|[from] Stealth Rock\n|move|p2a: Weavile|Swords Dance|p2a: Weavile\n|-boost|p2a: Weavile|atk|2\n|\n|-heal|p1a: Magnezone|100\/100|[from] item: Leftovers\n|-damage|p2a: Weavile|35\/100 brn|[from] brn\n|upkeep\n|turn|42\n|\n|t:|1668037481\n|move|p2a: Weavile|Knock Off|p1a: Magnezone\n|-damage|p1a: Magnezone|47\/100\n|-enditem|p1a: Magnezone|Leftovers|[from] move: Knock Off|[of] p2a: Weavile\n|move|p1a: Magnezone|Flash Cannon|p2a: Weavile\n|-supereffective|p2a: Weavile\n|-damage|p2a: Weavile|0 fnt\n|faint|p2a: Weavile\n|\n|upkeep\n|\n|t:|1668037494\n|switch|p2a: Gliscor|Gliscor, M|19\/100 tox\n|-damage|p2a: Gliscor|6\/100 tox|[from] Stealth Rock\n|turn|43\n|\n|t:|1668037502\n|switch|p1a: Slowking|Slowking, F|99\/100\n|move|p2a: Gliscor|Earthquake|p1a: Slowking\n|-damage|p1a: Slowking|68\/100\n|\n|-heal|p2a: Gliscor|19\/100 tox|[from] ability: Poison Heal\n|upkeep\n|turn|44\n|\n|t:|1668037508\n|move|p2a: Gliscor|Roost|p2a: Gliscor\n|-heal|p2a: Gliscor|69\/100 tox\n|-singleturn|p2a: Gliscor|move: Roost\n|move|p1a: Slowking|Scald|p2a: Gliscor\n|-supereffective|p2a: Gliscor\n|-damage|p2a: Gliscor|26\/100 tox\n|\n|-heal|p2a: Gliscor|38\/100 tox|[from] ability: Poison Heal\n|upkeep\n|turn|45\n|\n|t:|1668037516\n|move|p2a: Gliscor|Roost|p2a: Gliscor\n|-heal|p2a: Gliscor|88\/100 tox\n|-singleturn|p2a: Gliscor|move: Roost\n|move|p1a: Slowking|Future Sight|p2a: Gliscor\n|-start|p1a: Slowking|move: Future Sight\n|\n|-heal|p2a: Gliscor|100\/100 tox|[from] ability: Poison Heal\n|upkeep\n|turn|46\n|\n|t:|1668037524\n|move|p2a: Gliscor|Earthquake|p1a: Slowking\n|-damage|p1a: Slowking|34\/100\n|move|p1a: Slowking|Scald|p2a: Gliscor\n|-supereffective|p2a: Gliscor\n|-damage|p2a: Gliscor|51\/100 tox\n|\n|-heal|p2a: Gliscor|63\/100 tox|[from] ability: Poison Heal\n|upkeep\n|turn|47\n|\n|t:|1668037535\n|move|p2a: Gliscor|Earthquake|p1a: Slowking\n|-damage|p1a: Slowking|2\/100\n|move|p1a: Slowking|Scald|p2a: Gliscor\n|-supereffective|p2a: Gliscor\n|-damage|p2a: Gliscor|17\/100 tox\n|\n|-end|p2a: Gliscor|move: Future Sight\n|-crit|p2a: Gliscor\n|-damage|p2a: Gliscor|0 fnt\n|faint|p2a: Gliscor\n|upkeep\n|c|\u2606AriJimo|well rip\n|\n|t:|1668037555\n|switch|p2a: Kommo-o|Kommo-o, F|39\/100\n|-damage|p2a: Kommo-o|33\/100|[from] Stealth Rock\n|turn|48\n|\n|t:|1668037562\n|switch|p1a: Garchomp|Garchomp-Mega, M|35\/100\n|-damage|p1a: Garchomp|29\/100|[from] Stealth Rock\n|move|p2a: Kommo-o|Clangorous Soul||[still]\n|-fail|p2a: Kommo-o\n|\n|upkeep\n|turn|49\n|\n|t:|1668037565\n|move|p1a: Garchomp|Scale Shot|p2a: Kommo-o\n|-supereffective|p2a: Kommo-o\n|-damage|p2a: Kommo-o|1\/100\n|-supereffective|p2a: Kommo-o\n|-damage|p2a: Kommo-o|0 fnt\n|faint|p2a: Kommo-o\n|-hitcount|p2: Kommo-o|2\n|-unboost|p1a: Garchomp|def|1\n|-boost|p1a: Garchomp|spe|1\n|\n|upkeep\n|\n|t:|1668037567\n|switch|p2a: Slowbro|Slowbro, M|93\/100\n|-damage|p2a: Slowbro|81\/100|[from] Stealth Rock\n|turn|50\n|\n|t:|1668037569\n|move|p1a: Garchomp|Earthquake|p2a: Slowbro\n|-damage|p2a: Slowbro|42\/100\n|move|p2a: Slowbro|Scald|p1a: Garchomp\n|-damage|p1a: Garchomp|2\/100\n|-status|p1a: Garchomp|brn\n|\n|-damage|p1a: Garchomp|0 fnt|[from] brn\n|faint|p1a: Garchomp\n|upkeep\n|\n|t:|1668037573\n|switch|p1a: Magnezone|Magnezone|47\/100\n|-damage|p1a: Magnezone|41\/100|[from] Stealth Rock\n|turn|51\n|c|\u2606freakydood|gg\n|\n|t:|1668037576\n|move|p1a: Magnezone|Thunderbolt|p2a: Slowbro\n|-supereffective|p2a: Slowbro\n|-damage|p2a: Slowbro|0 fnt\n|faint|p2a: Slowbro\n|\n|win|freakydood\n|c|\u2606AriJimo|gg\n|l|\u2606freakydood\n","uploadtime":1668037629,"views":3,"p1id":"freakydood","p2id":"arijimo","formatid":"gen8pladraft","rating":0,"private":0,"password":null}