{"id":"radicalred-gen8plalegacydraft-178118","p1":"Elon Musk Rusk","p2":"dackq","format":"gen8plalegacydraft","log":"|j|\u2606Elon Musk Rusk\n|j|\u2606dackq\n|t:|1658005771\n|gametype|singles\n|player|p1|Elon Musk Rusk|265|\n|player|p2|dackq|265|\n|teamsize|p1|6\n|teamsize|p2|6\n|gen|8\n|tier|[Gen 8] PLA Legacy Draft\n|rule|HP Percentage Mod: HP is shown in percentages\n|rule|Endless Battle Clause: Forcing endless battles is banned\n|rule|OHKO Clause: OHKO moves are banned\n|rule|Evasion Moves Clause: Evasion moves are banned\n|rule|Species Clause: Limit one of each Pok\u00e9mon\n|rule|Sleep Clause Mod: Limit one foe put to sleep\n|rule|Dynamax Clause: You cannot dynamax\n|rule|Z-Move Clause: Z-Moves are banned\n|clearpoke\n|poke|p1|Tapu Fini|\n|poke|p1|Raikou|\n|poke|p1|Alakazam, M|\n|poke|p1|Dhelmise|\n|poke|p1|Miltank, F|\n|poke|p1|Urshifu-*, F|\n|poke|p2|Pelipper, M|\n|poke|p2|Swampert, F|\n|poke|p2|Ludicolo, M|\n|poke|p2|Barraskewda, F|\n|poke|p2|Manaphy|\n|poke|p2|Lanturn, F|\n|teampreview\n|c|\u2606dackq|glhf\n|c|\u2606Elon Musk Rusk|Hf\n|c|\u2606dackq|are you able to do the porygon bot ive never done it\n|c|\u2606Elon Musk Rusk|Ok\n|c|\u2606Elon Musk Rusk|I sent the link\n|c|\u2606dackq|ah seems to be down we will have to save replay\n|c|\u2606Elon Musk Rusk|pory prolly dead\n|c|\u2606dackq|alr gl\n|\n|t:|1658005882\n|start\n|switch|p1a: Raikou|Raikou|100\/100\n|switch|p2a: Pelipper|Pelipper, M|100\/100\n|-ability|p1a: Raikou|Pressure\n|-weather|RainDance|[from] ability: Drizzle|[of] p2a: Pelipper\n|turn|1\n|j| Sobiris\n|\n|t:|1658005891\n|switch|p2a: Lanturn|Lanturn, F|100\/100\n|move|p1a: Raikou|Substitute|p1a: Raikou\n|-start|p1a: Raikou|Substitute\n|-damage|p1a: Raikou|76\/100\n|\n|-weather|RainDance|[upkeep]\n|-heal|p1a: Raikou|82\/100|[from] item: Leftovers\n|upkeep\n|turn|2\n|\n|t:|1658005895\n|move|p1a: Raikou|Toxic|p2a: Lanturn\n|-status|p2a: Lanturn|tox\n|move|p2a: Lanturn|Scald|p1a: Raikou\n|-end|p1a: Raikou|Substitute\n|\n|-weather|RainDance|[upkeep]\n|-heal|p1a: Raikou|88\/100|[from] item: Leftovers\n|-damage|p2a: Lanturn|94\/100 tox|[from] psn\n|upkeep\n|turn|3\n|\n|t:|1658005907\n|move|p1a: Raikou|Protect|p1a: Raikou\n|-singleturn|p1a: Raikou|Protect\n|move|p2a: Lanturn|Scald|p1a: Raikou\n|-activate|p1a: Raikou|move: Protect\n|\n|-weather|RainDance|[upkeep]\n|-heal|p1a: Raikou|94\/100|[from] item: Leftovers\n|-heal|p2a: Lanturn|100\/100 tox|[from] item: Leftovers\n|-damage|p2a: Lanturn|88\/100 tox|[from] psn\n|upkeep\n|turn|4\n|\n|t:|1658005912\n|move|p1a: Raikou|Substitute|p1a: Raikou\n|-start|p1a: Raikou|Substitute\n|-damage|p1a: Raikou|69\/100\n|move|p2a: Lanturn|Scald|p1a: Raikou\n|-end|p1a: Raikou|Substitute\n|\n|-weather|RainDance|[upkeep]\n|-heal|p1a: Raikou|75\/100|[from] item: Leftovers\n|-heal|p2a: Lanturn|94\/100 tox|[from] item: Leftovers\n|-damage|p2a: Lanturn|76\/100 tox|[from] psn\n|upkeep\n|turn|5\n|\n|t:|1658005917\n|move|p1a: Raikou|Toxic|p2a: Lanturn\n|-fail|p2a: Lanturn|tox\n|move|p2a: Lanturn|Heal Bell|p2a: Lanturn\n|-activate|p2a: Lanturn|move: Heal Bell\n|-curestatus|p2a: Lanturn|tox|[msg]\n|\n|-weather|RainDance|[upkeep]\n|-heal|p1a: Raikou|81\/100|[from] item: Leftovers\n|-heal|p2a: Lanturn|82\/100|[from] item: Leftovers\n|upkeep\n|turn|6\n|\n|t:|1658005922\n|move|p1a: Raikou|Toxic|p2a: Lanturn\n|-status|p2a: Lanturn|tox\n|move|p2a: Lanturn|Scald|p1a: Raikou\n|-damage|p1a: Raikou|50\/100\n|\n|-weather|RainDance|[upkeep]\n|-heal|p1a: Raikou|56\/100|[from] item: Leftovers\n|-heal|p2a: Lanturn|88\/100 tox|[from] item: Leftovers\n|-damage|p2a: Lanturn|82\/100 tox|[from] psn\n|upkeep\n|turn|7\n|\n|t:|1658005933\n|move|p1a: Raikou|Protect|p1a: Raikou\n|-singleturn|p1a: Raikou|Protect\n|move|p2a: Lanturn|Heal Bell|p2a: Lanturn\n|-activate|p2a: Lanturn|move: Heal Bell\n|-curestatus|p2a: Lanturn|tox|[msg]\n|\n|-weather|RainDance|[upkeep]\n|-heal|p1a: Raikou|62\/100|[from] item: Leftovers\n|-heal|p2a: Lanturn|88\/100|[from] item: Leftovers\n|upkeep\n|turn|8\n|\n|t:|1658005945\n|move|p1a: Raikou|Toxic|p2a: Lanturn\n|-status|p2a: Lanturn|tox\n|move|p2a: Lanturn|Scald|p1a: Raikou\n|-damage|p1a: Raikou|34\/100\n|\n|-weather|none\n|-heal|p1a: Raikou|40\/100|[from] item: Leftovers\n|-heal|p2a: Lanturn|94\/100 tox|[from] item: Leftovers\n|-damage|p2a: Lanturn|88\/100 tox|[from] psn\n|upkeep\n|turn|9\n|\n|t:|1658005952\n|switch|p1a: Dhelmise|Dhelmise|100\/100\n|move|p2a: Lanturn|Heal Bell|p2a: Lanturn\n|-activate|p2a: Lanturn|move: Heal Bell\n|-curestatus|p2a: Lanturn|tox|[msg]\n|\n|-heal|p2a: Lanturn|94\/100|[from] item: Leftovers\n|upkeep\n|turn|10\n|\n|t:|1658005990\n|switch|p2a: Pelipper|Pelipper, M|100\/100\n|-weather|RainDance|[from] ability: Drizzle|[of] p2a: Pelipper\n|move|p1a: Dhelmise|Power Whip|p2a: Pelipper\n|-damage|p2a: Pelipper|55\/100\n|\n|-weather|RainDance|[upkeep]\n|upkeep\n|turn|11\n|\n|t:|1658006017\n|move|p2a: Pelipper|U-turn|p1a: Dhelmise\n|-damage|p1a: Dhelmise|94\/100\n|\n|t:|1658006031\n|switch|p2a: Ludicolo|Ludicolo, M|100\/100|[from]move: U-turn\n|move|p1a: Dhelmise|Power Whip|p2a: Ludicolo\n|-damage|p2a: Ludicolo|7\/100\n|\n|-weather|RainDance|[upkeep]\n|upkeep\n|turn|12\n|\n|t:|1658006042\n|switch|p1a: Miltank|Miltank, F|100\/100\n|move|p2a: Ludicolo|Ice Beam|p1a: Miltank\n|-damage|p1a: Miltank|86\/100\n|-damage|p2a: Ludicolo|0 fnt|[from] item: Life Orb\n|faint|p2a: Ludicolo\n|\n|-weather|RainDance|[upkeep]\n|-heal|p1a: Miltank|92\/100|[from] item: Leftovers\n|upkeep\n|\n|t:|1658006052\n|switch|p2a: Barraskewda|Barraskewda, F|100\/100\n|turn|13\n|\n|t:|1658006065\n|move|p2a: Barraskewda|Crunch|p1a: Miltank\n|-damage|p1a: Miltank|53\/100\n|move|p1a: Miltank|Body Slam|p2a: Barraskewda\n|-damage|p2a: Barraskewda|55\/100\n|-status|p2a: Barraskewda|par\n|\n|-weather|RainDance|[upkeep]\n|-heal|p1a: Miltank|59\/100|[from] item: Leftovers\n|upkeep\n|turn|14\n|\n|t:|1658006083\n|switch|p1a: Urshifu|Urshifu, F|100\/100\n|move|p2a: Barraskewda|Crunch|p1a: Urshifu\n|-resisted|p1a: Urshifu\n|-damage|p1a: Urshifu|90\/100\n|\n|-weather|RainDance|[upkeep]\n|upkeep\n|turn|15\n|\n|t:|1658006100\n|switch|p2a: Lanturn|Lanturn, F|94\/100\n|move|p1a: Urshifu|Wicked Blow|p2a: Lanturn\n|-crit|p2a: Lanturn\n|-damage|p2a: Lanturn|0 fnt\n|faint|p2a: Lanturn\n|\n|-weather|RainDance|[upkeep]\n|upkeep\n|\n|t:|1658006120\n|switch|p2a: Swampert|Swampert, F|100\/100\n|turn|16\n|\n|t:|1658006123\n|switch|p1a: Dhelmise|Dhelmise|94\/100\n|detailschange|p2a: Swampert|Swampert-Mega, F\n|-mega|p2a: Swampert|Swampert|Swampertite\n|move|p2a: Swampert|Waterfall|p1a: Dhelmise\n|-resisted|p1a: Dhelmise\n|-damage|p1a: Dhelmise|69\/100\n|\n|-weather|RainDance|[upkeep]\n|upkeep\n|turn|17\n|\n|t:|1658006134\n|switch|p2a: Barraskewda|Barraskewda, F|55\/100 par\n|move|p1a: Dhelmise|Power Whip|p2a: Barraskewda\n|-supereffective|p2a: Barraskewda\n|-damage|p2a: Barraskewda|0 fnt\n|faint|p2a: Barraskewda\n|\n|-weather|none\n|upkeep\n|\n|t:|1658006136\n|switch|p2a: Pelipper|Pelipper, M|55\/100\n|-weather|RainDance|[from] ability: Drizzle|[of] p2a: Pelipper\n|turn|18\n|\n|t:|1658006141\n|switch|p1a: Raikou|Raikou|40\/100\n|-ability|p1a: Raikou|Pressure\n|move|p2a: Pelipper|Hurricane|p1a: Raikou\n|-resisted|p1a: Raikou\n|-crit|p1a: Raikou\n|-damage|p1a: Raikou|17\/100\n|-start|p1a: Raikou|confusion\n|\n|-weather|RainDance|[upkeep]\n|-heal|p1a: Raikou|23\/100|[from] item: Leftovers\n|upkeep\n|turn|19\n|\n|t:|1658006146\n|-activate|p1a: Raikou|confusion\n|move|p1a: Raikou|Toxic|p2a: Pelipper\n|-status|p2a: Pelipper|tox\n|move|p2a: Pelipper|Scald|p1a: Raikou\n|-damage|p1a: Raikou|0 fnt\n|faint|p1a: Raikou\n|\n|-weather|RainDance|[upkeep]\n|-damage|p2a: Pelipper|48\/100 tox|[from] psn\n|upkeep\n|\n|t:|1658006153\n|switch|p1a: Tapu Fini|Tapu Fini|100\/100\n|-fieldstart|move: Misty Terrain|[from] ability: Misty Surge|[of] p1a: Tapu Fini\n|turn|20\n|\n|t:|1658006170\n|switch|p2a: Swampert|Swampert-Mega, F|100\/100\n|move|p1a: Tapu Fini|Calm Mind|p1a: Tapu Fini\n|-boost|p1a: Tapu Fini|spa|1\n|-boost|p1a: Tapu Fini|spd|1\n|\n|-weather|RainDance|[upkeep]\n|upkeep\n|turn|21\n|\n|t:|1658006175\n|move|p2a: Swampert|Earthquake|p1a: Tapu Fini\n|-damage|p1a: Tapu Fini|56\/100\n|move|p1a: Tapu Fini|Grass Knot|p2a: Swampert\n|-supereffective|p2a: Swampert\n|-damage|p2a: Swampert|0 fnt\n|faint|p2a: Swampert\n|\n|-weather|RainDance|[upkeep]\n|-heal|p1a: Tapu Fini|62\/100|[from] item: Leftovers\n|upkeep\n|\n|t:|1658006187\n|switch|p2a: Manaphy|Manaphy|100\/100\n|turn|22\n|\n|t:|1658006191\n|move|p2a: Manaphy|Energy Ball|p1a: Tapu Fini\n|-supereffective|p1a: Tapu Fini\n|-damage|p1a: Tapu Fini|30\/100\n|move|p1a: Tapu Fini|Calm Mind|p1a: Tapu Fini\n|-boost|p1a: Tapu Fini|spa|1\n|-boost|p1a: Tapu Fini|spd|1\n|\n|-weather|RainDance|[upkeep]\n|-heal|p1a: Tapu Fini|36\/100|[from] item: Leftovers\n|upkeep\n|turn|23\n|\n|t:|1658006194\n|move|p2a: Manaphy|Energy Ball|p1a: Tapu Fini\n|-supereffective|p1a: Tapu Fini\n|-damage|p1a: Tapu Fini|12\/100\n|move|p1a: Tapu Fini|Draining Kiss|p2a: Manaphy\n|-damage|p2a: Manaphy|64\/100\n|-heal|p1a: Tapu Fini|40\/100|[from] drain|[of] p2a: Manaphy\n|\n|-weather|RainDance|[upkeep]\n|-heal|p1a: Tapu Fini|46\/100|[from] item: Leftovers\n|upkeep\n|turn|24\n|\n|t:|1658006200\n|move|p2a: Manaphy|Energy Ball|p1a: Tapu Fini\n|-supereffective|p1a: Tapu Fini\n|-damage|p1a: Tapu Fini|22\/100\n|move|p1a: Tapu Fini|Draining Kiss|p2a: Manaphy\n|-crit|p2a: Manaphy\n|-damage|p2a: Manaphy|12\/100\n|-heal|p1a: Tapu Fini|61\/100|[from] drain|[of] p2a: Manaphy\n|\n|-weather|RainDance|[upkeep]\n|-heal|p1a: Tapu Fini|67\/100|[from] item: Leftovers\n|-fieldend|Misty Terrain\n|upkeep\n|turn|25\n|\n|t:|1658006203\n|move|p2a: Manaphy|Energy Ball|p1a: Tapu Fini\n|-supereffective|p1a: Tapu Fini\n|-damage|p1a: Tapu Fini|46\/100\n|-unboost|p1a: Tapu Fini|spd|1\n|move|p1a: Tapu Fini|Draining Kiss|p2a: Manaphy\n|-damage|p2a: Manaphy|0 fnt\n|-heal|p1a: Tapu Fini|54\/100|[from] drain|[of] p2a: Manaphy\n|faint|p2a: Manaphy\n|\n|-weather|none\n|-heal|p1a: Tapu Fini|61\/100|[from] item: Leftovers\n|upkeep\n|\n|t:|1658006209\n|switch|p2a: Pelipper|Pelipper, M|48\/100 tox\n|-weather|RainDance|[from] ability: Drizzle|[of] p2a: Pelipper\n|turn|26\n|\n|t:|1658006215\n|move|p1a: Tapu Fini|Draining Kiss|p2a: Pelipper\n|-crit|p2a: Pelipper\n|-damage|p2a: Pelipper|0 fnt\n|-heal|p1a: Tapu Fini|94\/100|[from] drain|[of] p2a: Pelipper\n|faint|p2a: Pelipper\n|\n|win|Elon Musk Rusk\n|c|\u2606dackq|gg\n|c|\u2606Elon Musk Rusk|gg\n","uploadtime":1658006221,"views":12,"p1id":"elonmuskrusk","p2id":"dackq","formatid":"gen8plalegacydraft","rating":0,"private":0,"password":null}