{"id":"radicalred-gen8plalegacydraft-253193","p1":"BGoneThotKricketot","p2":"Elon Musk Rusk","format":"gen8plalegacydraft","log":"|j|\u2606BGoneThotKricketot\n|j|\u2606Elon Musk Rusk\n|t:|1664555098\n|gametype|singles\n|player|p1|BGoneThotKricketot|102|\n|player|p2|Elon Musk Rusk|170|\n|teamsize|p1|6\n|teamsize|p2|6\n|gen|8\n|tier|[Gen 8] PLA Legacy Draft\n|rule|HP Percentage Mod: HP is shown in percentages\n|rule|Endless Battle Clause: Forcing endless battles is banned\n|rule|OHKO Clause: OHKO moves are banned\n|rule|Evasion Moves Clause: Evasion moves are banned\n|rule|Species Clause: Limit one of each Pok\u00e9mon\n|rule|Sleep Clause Mod: Limit one foe put to sleep\n|rule|Dynamax Clause: You cannot dynamax\n|rule|Z-Move Clause: Z-Moves are banned\n|clearpoke\n|poke|p1|Pidgeot, M|\n|poke|p1|Kyurem-Black|\n|poke|p1|Heatran, F|\n|poke|p1|Lanturn, M|\n|poke|p1|Cofagrigus, F|\n|poke|p1|Alomomola, M|\n|poke|p2|Landorus, M|\n|poke|p2|Gallade, M|\n|poke|p2|Slowbro, M|\n|poke|p2|Melmetal|\n|poke|p2|Comfey, F|\n|poke|p2|Zarude-Dada|\n|teampreview\n|c|\u2606BGoneThotKricketot|glhf\n|j| baansuri waala\n|\n|t:|1664555166\n|start\n|switch|p1a: Pidgeot|Pidgeot, M|100\/100\n|switch|p2a: Zarude|Zarude-Dada|100\/100\n|turn|1\n|\n|t:|1664555220\n|switch|p2a: Slowbro|Slowbro, M|100\/100\n|detailschange|p1a: Pidgeot|Pidgeot-Mega, M\n|-mega|p1a: Pidgeot|Pidgeot|Pidgeotite\n|move|p1a: Pidgeot|Hurricane|p2a: Slowbro\n|-damage|p2a: Slowbro|57\/100\n|\n|-heal|p2a: Slowbro|63\/100|[from] item: Leftovers\n|upkeep\n|turn|2\n|c| baansuri waala|gl guys\n|c|\u2606Elon Musk Rusk|Who are you\n|\n|t:|1664555268\n|move|p1a: Pidgeot|U-turn|p2a: Slowbro\n|-supereffective|p2a: Slowbro\n|-damage|p2a: Slowbro|44\/100\n|\n|t:|1664555286\n|switch|p1a: Lanturn|Lanturn, M|100\/100|[from]move: U-turn\n|move|p2a: Slowbro|Toxic|p1a: Lanturn\n|-status|p1a: Lanturn|tox\n|\n|-heal|p2a: Slowbro|50\/100|[from] item: Leftovers\n|-damage|p1a: Lanturn|94\/100 tox|[from] psn\n|upkeep\n|turn|3\n|\n|t:|1664555307\n|switch|p2a: Zarude|Zarude-Dada|100\/100\n|move|p1a: Lanturn|Toxic|p2a: Zarude\n|-status|p2a: Zarude|tox\n|\n|-heal|p1a: Lanturn|100\/100 tox|[from] item: Leftovers\n|-damage|p2a: Zarude|94\/100 tox|[from] psn\n|-damage|p1a: Lanturn|88\/100 tox|[from] psn\n|upkeep\n|turn|4\n|\n|t:|1664555365\n|switch|p1a: Cofagrigus|Cofagrigus, F|100\/100\n|move|p2a: Zarude|U-turn|p1a: Cofagrigus\n|-resisted|p1a: Cofagrigus\n|-damage|p1a: Cofagrigus|93\/100\n|-activate|p1a: Cofagrigus|ability: Mummy|Leaf Guard|[of] p2a: Zarude\n|\n|t:|1664555384\n|switch|p2a: Landorus|Landorus, M|100\/100|[from]move: U-turn\n|\n|upkeep\n|turn|5\n|\n|t:|1664555455\n|switch|p1a: Kyurem|Kyurem-Black|100\/100\n|-ability|p1a: Kyurem|Teravolt\n|move|p2a: Landorus|Earth Power|p1a: Kyurem\n|-damage|p1a: Kyurem|35\/100\n|\n|upkeep\n|turn|6\n|\n|t:|1664555509\n|switch|p2a: Melmetal|Melmetal|100\/100\n|move|p1a: Kyurem|Ice Beam|p2a: Melmetal\n|-resisted|p2a: Melmetal\n|-damage|p2a: Melmetal|88\/100\n|\n|upkeep\n|turn|7\n|\n|t:|1664555539\n|switch|p1a: Alomomola|Alomomola, M|100\/100\n|move|p2a: Melmetal|Earthquake|p1a: Alomomola\n|-damage|p1a: Alomomola|78\/100\n|\n|-heal|p1a: Alomomola|84\/100|[from] item: Leftovers\n|upkeep\n|turn|8\n|j| Lukatsukio\n|\n|t:|1664555572\n|switch|p2a: Zarude|Zarude-Dada|94\/100 tox\n|move|p1a: Alomomola|Wish|p1a: Alomomola\n|\n|-heal|p2a: Zarude|100\/100 tox|[from] item: Leftovers\n|-heal|p1a: Alomomola|90\/100|[from] item: Leftovers\n|-damage|p2a: Zarude|94\/100 tox|[from] psn\n|upkeep\n|turn|9\n|j| Gun Just gun\n|\n|t:|1664555581\n|move|p1a: Alomomola|Protect|p1a: Alomomola\n|-singleturn|p1a: Alomomola|Protect\n|move|p2a: Zarude|Darkest Lariat|p1a: Alomomola\n|-activate|p1a: Alomomola|move: Protect\n|\n|-heal|p1a: Alomomola|100\/100|[from] move: Wish|[wisher] Alomomola\n|-heal|p2a: Zarude|100\/100 tox|[from] item: Leftovers\n|-damage|p2a: Zarude|88\/100 tox|[from] psn\n|upkeep\n|turn|10\n|\n|t:|1664555610\n|move|p2a: Zarude|Jungle Healing|p2a: Zarude\n|-heal|p2a: Zarude|100\/100 tox\n|-curestatus|p2a: Zarude|tox|[msg]\n|move|p1a: Alomomola|Wish|p1a: Alomomola\n|\n|upkeep\n|turn|11\n|l| Gun Just gun\n|\n|t:|1664555628\n|switch|p1a: Heatran|Heatran, F|100\/100\n|move|p2a: Zarude|Darkest Lariat|p1a: Heatran\n|-damage|p1a: Heatran|63\/100\n|-status|p2a: Zarude|brn|[from] ability: Flame Body|[of] p1a: Heatran\n|\n|-heal|p1a: Heatran|100\/100|[from] move: Wish|[wisher] Alomomola\n|-damage|p2a: Zarude|94\/100 brn|[from] brn\n|upkeep\n|turn|12\n|\n|t:|1664555639\n|switch|p2a: Slowbro|Slowbro, M|83\/100\n|move|p1a: Heatran|Stealth Rock|p2a: Slowbro\n|-sidestart|p2: Elon Musk Rusk|move: Stealth Rock\n|\n|-heal|p2a: Slowbro|89\/100|[from] item: Leftovers\n|upkeep\n|turn|13\n|\n|t:|1664555658\n|switch|p1a: Lanturn|Lanturn, M|88\/100 tox\n|move|p2a: Slowbro|Teleport|p2a: Slowbro\n|\n|t:|1664555661\n|switch|p2a: Comfey|Comfey, F|100\/100|[from]move: Teleport\n|-damage|p2a: Comfey|88\/100|[from] Stealth Rock\n|\n|-heal|p2a: Comfey|94\/100|[from] item: Leftovers\n|-heal|p1a: Lanturn|94\/100 tox|[from] item: Leftovers\n|-damage|p1a: Lanturn|88\/100 tox|[from] psn\n|upkeep\n|turn|14\n|\n|t:|1664555664\n|move|p2a: Comfey|Defog|p1a: Lanturn\n|-unboost|p1a: Lanturn|evasion|1\n|-sideend|p2: Elon Musk Rusk|Stealth Rock|[from] move: Defog|[of] p2a: Comfey\n|move|p1a: Lanturn|Volt Switch|p2a: Comfey\n|-damage|p2a: Comfey|76\/100\n|\n|t:|1664555668\n|switch|p1a: Heatran|Heatran, F|100\/100|[from]move: Volt Switch\n|\n|-heal|p2a: Comfey|82\/100|[from] item: Leftovers\n|upkeep\n|turn|15\n|\n|t:|1664555674\n|move|p2a: Comfey|Leech Seed|p1a: Heatran\n|-start|p1a: Heatran|move: Leech Seed\n|move|p1a: Heatran|Stealth Rock|p2a: Comfey\n|-sidestart|p2: Elon Musk Rusk|move: Stealth Rock\n|\n|-heal|p2a: Comfey|88\/100|[from] item: Leftovers\n|-damage|p1a: Heatran|88\/100|[from] Leech Seed|[of] p2a: Comfey\n|-heal|p2a: Comfey|100\/100|[silent]\n|upkeep\n|turn|16\n|\n|t:|1664555678\n|move|p2a: Comfey|Defog|p1a: Heatran\n|-unboost|p1a: Heatran|evasion|1\n|-sideend|p2: Elon Musk Rusk|Stealth Rock|[from] move: Defog|[of] p2a: Comfey\n|move|p1a: Heatran|Toxic|p2a: Comfey\n|-status|p2a: Comfey|tox\n|\n|-heal|p1a: Heatran|94\/100|[from] item: Leftovers\n|-damage|p1a: Heatran|82\/100|[from] Leech Seed|[of] p2a: Comfey\n|-damage|p2a: Comfey|94\/100 tox|[from] psn\n|upkeep\n|turn|17\n|\n|t:|1664555694\n|switch|p2a: Landorus|Landorus, M|100\/100\n|move|p1a: Heatran|Stealth Rock|p2a: Landorus\n|-sidestart|p2: Elon Musk Rusk|move: Stealth Rock\n|\n|-heal|p1a: Heatran|88\/100|[from] item: Leftovers\n|-damage|p1a: Heatran|76\/100|[from] Leech Seed|[of] p2a: Landorus\n|upkeep\n|turn|18\n|\n|t:|1664555732\n|switch|p1a: Alomomola|Alomomola, M|100\/100\n|move|p2a: Landorus|Focus Blast|p1a: Alomomola\n|-damage|p1a: Alomomola|32\/100\n|\n|-heal|p1a: Alomomola|39\/100|[from] item: Leftovers\n|upkeep\n|turn|19\n|\n|t:|1664555754\n|switch|p1a: Cofagrigus|Cofagrigus, F|93\/100\n|move|p2a: Landorus|Sludge Wave|p1a: Cofagrigus\n|-resisted|p1a: Cofagrigus\n|-damage|p1a: Cofagrigus|66\/100\n|\n|upkeep\n|turn|20\n|\n|t:|1664555792\n|move|p2a: Landorus|Earth Power|p1a: Cofagrigus\n|-damage|p1a: Cofagrigus|0 fnt\n|faint|p1a: Cofagrigus\n|\n|upkeep\n|\n|t:|1664555853\n|switch|p1a: Kyurem|Kyurem-Black|35\/100\n|-ability|p1a: Kyurem|Teravolt\n|turn|21\n|\n|t:|1664555882\n|switch|p2a: Slowbro|Slowbro, M|100\/100\n|-damage|p2a: Slowbro|88\/100|[from] Stealth Rock\n|move|p1a: Kyurem|Ice Beam|p2a: Slowbro\n|-resisted|p2a: Slowbro\n|-damage|p2a: Slowbro|73\/100\n|\n|-heal|p2a: Slowbro|79\/100|[from] item: Leftovers\n|upkeep\n|turn|22\n|\n|t:|1664555904\n|move|p1a: Kyurem|Ice Beam|p2a: Slowbro\n|-resisted|p2a: Slowbro\n|-damage|p2a: Slowbro|63\/100\n|move|p2a: Slowbro|Teleport|p2a: Slowbro\n|\n|t:|1664555915\n|switch|p2a: Gallade|Gallade, M|100\/100|[from]move: Teleport\n|-damage|p2a: Gallade|94\/100|[from] Stealth Rock\n|\n|upkeep\n|turn|23\n|\n|t:|1664555951\n|detailschange|p2a: Gallade|Gallade-Mega, M\n|-mega|p2a: Gallade|Gallade|Galladite\n|move|p1a: Kyurem|Ice Beam|p2a: Gallade\n|-damage|p2a: Gallade|49\/100\n|move|p2a: Gallade|Close Combat|p1a: Kyurem\n|-supereffective|p1a: Kyurem\n|-damage|p1a: Kyurem|0 fnt\n|-unboost|p2a: Gallade|def|1\n|-unboost|p2a: Gallade|spd|1\n|faint|p1a: Kyurem\n|\n|upkeep\n|\n|t:|1664555961\n|switch|p1a: Pidgeot|Pidgeot-Mega, M|100\/100\n|turn|24\n|\n|t:|1664555967\n|switch|p2a: Slowbro|Slowbro, M|96\/100\n|-damage|p2a: Slowbro|83\/100|[from] Stealth Rock\n|move|p1a: Pidgeot|Hurricane|p2a: Slowbro\n|-damage|p2a: Slowbro|41\/100\n|\n|-heal|p2a: Slowbro|47\/100|[from] item: Leftovers\n|upkeep\n|turn|25\n|\n|t:|1664555980\n|move|p1a: Pidgeot|Hurricane|p2a: Slowbro\n|-damage|p2a: Slowbro|2\/100\n|-start|p2a: Slowbro|confusion\n|-activate|p2a: Slowbro|confusion\n|-damage|p2a: Slowbro|0 fnt|[from] confusion\n|faint|p2a: Slowbro\n|\n|upkeep\n|\n|t:|1664555987\n|switch|p2a: Melmetal|Melmetal|88\/100\n|-damage|p2a: Melmetal|81\/100|[from] Stealth Rock\n|turn|26\n|\n|t:|1664556019\n|switch|p2a: Gallade|Gallade-Mega, M|49\/100\n|-damage|p2a: Gallade|43\/100|[from] Stealth Rock\n|move|p1a: Pidgeot|U-turn|p2a: Gallade\n|-damage|p2a: Gallade|28\/100\n|\n|t:|1664556044\n|switch|p1a: Lanturn|Lanturn, M|88\/100 tox|[from]move: U-turn\n|\n|-heal|p1a: Lanturn|94\/100 tox|[from] item: Leftovers\n|-damage|p1a: Lanturn|88\/100 tox|[from] psn\n|upkeep\n|turn|27\n|\n|t:|1664556057\n|move|p2a: Gallade|Close Combat|p1a: Lanturn\n|-damage|p1a: Lanturn|0 fnt\n|-unboost|p2a: Gallade|def|1\n|-unboost|p2a: Gallade|spd|1\n|faint|p1a: Lanturn\n|\n|upkeep\n|\n|t:|1664556063\n|switch|p1a: Pidgeot|Pidgeot-Mega, M|100\/100\n|turn|28\n|\n|t:|1664556099\n|switch|p2a: Comfey|Comfey, F|94\/100 tox\n|-damage|p2a: Comfey|82\/100 tox|[from] Stealth Rock\n|move|p1a: Pidgeot|Heat Wave|p2a: Comfey\n|-damage|p2a: Comfey|45\/100 tox\n|\n|-heal|p2a: Comfey|51\/100 tox|[from] item: Leftovers\n|-damage|p2a: Comfey|45\/100 tox|[from] psn\n|upkeep\n|turn|29\n|\n|t:|1664556109\n|move|p1a: Pidgeot|Hurricane|p2a: Comfey\n|-damage|p2a: Comfey|0 fnt\n|faint|p2a: Comfey\n|\n|upkeep\n|\n|t:|1664556114\n|switch|p2a: Melmetal|Melmetal|81\/100\n|-damage|p2a: Melmetal|75\/100|[from] Stealth Rock\n|turn|30\n|\n|t:|1664556129\n|move|p1a: Pidgeot|U-turn|p2a: Melmetal\n|-resisted|p2a: Melmetal\n|-damage|p2a: Melmetal|71\/100\n|\n|t:|1664556131\n|switch|p1a: Alomomola|Alomomola, M|72\/100|[from]move: U-turn\n|move|p2a: Melmetal|Earthquake|p1a: Alomomola\n|-damage|p1a: Alomomola|50\/100\n|\n|-heal|p1a: Alomomola|57\/100|[from] item: Leftovers\n|upkeep\n|turn|31\n|\n|t:|1664556158\n|switch|p1a: Heatran|Heatran, F|76\/100\n|switch|p2a: Landorus|Landorus, M|100\/100\n|-damage|p2a: Landorus|88\/100|[from] Stealth Rock\n|\n|-heal|p1a: Heatran|82\/100|[from] item: Leftovers\n|upkeep\n|turn|32\n|l|\u2606Elon Musk Rusk\n|player|p2|\n|j|\u2606Elon Musk Rusk\n|player|p2|Elon Musk Rusk|170\n|\n|t:|1664556230\n|switch|p1a: Alomomola|Alomomola, M|90\/100\n|move|p2a: Landorus|Focus Blast|p1a: Alomomola\n|-damage|p1a: Alomomola|22\/100\n|\n|-heal|p1a: Alomomola|28\/100|[from] item: Leftovers\n|upkeep\n|turn|33\n|\n|t:|1664556284\n|move|p1a: Alomomola|Protect|p1a: Alomomola\n|-singleturn|p1a: Alomomola|Protect\n|move|p2a: Landorus|Sludge Wave|p1a: Alomomola\n|-activate|p1a: Alomomola|move: Protect\n|\n|-heal|p1a: Alomomola|34\/100|[from] item: Leftovers\n|upkeep\n|turn|34\n|\n|t:|1664556290\n|move|p2a: Landorus|Sludge Wave|p1a: Alomomola\n|-damage|p1a: Alomomola|0 fnt\n|faint|p1a: Alomomola\n|\n|upkeep\n|\n|t:|1664556295\n|switch|p1a: Pidgeot|Pidgeot-Mega, M|100\/100\n|turn|35\n|\n|t:|1664556302\n|switch|p2a: Zarude|Zarude-Dada|94\/100 brn\n|-damage|p2a: Zarude|82\/100 brn|[from] Stealth Rock\n|move|p1a: Pidgeot|Hurricane|p2a: Zarude\n|-supereffective|p2a: Zarude\n|-damage|p2a: Zarude|0 fnt\n|faint|p2a: Zarude\n|\n|upkeep\n|\n|t:|1664556312\n|switch|p2a: Melmetal|Melmetal|71\/100\n|-damage|p2a: Melmetal|65\/100|[from] Stealth Rock\n|turn|36\n|\n|t:|1664556368\n|move|p1a: Pidgeot|Tailwind|p1a: Pidgeot\n|-sidestart|p1: BGoneThotKricketot|move: Tailwind\n|move|p2a: Melmetal|Double Iron Bash|p1a: Pidgeot\n|-damage|p1a: Pidgeot|48\/100\n|-damage|p1a: Pidgeot|0 fnt\n|faint|p1a: Pidgeot\n|-hitcount|p1: Pidgeot|2\n|\n|upkeep\n|\n|t:|1664556374\n|switch|p1a: Heatran|Heatran, F|82\/100\n|turn|37\n|\n|t:|1664556379\n|move|p1a: Heatran|Magma Storm|p2a: Melmetal\n|-supereffective|p2a: Melmetal\n|-damage|p2a: Melmetal|4\/100\n|-activate|p2a: Melmetal|move: Magma Storm|[of] p1a: Heatran\n|move|p2a: Melmetal|Earthquake|p1a: Heatran\n|-supereffective|p1a: Heatran\n|-damage|p1a: Heatran|0 fnt\n|faint|p1a: Heatran\n|\n|win|Elon Musk Rusk\n|c|\u2606BGoneThotKricketot|gg\n|c|\u2606Elon Musk Rusk|goofy ahh melmetal\n|l| Lukatsukio\n","uploadtime":1664556398,"views":34,"p1id":"bgonethotkricketot","p2id":"elonmuskrusk","formatid":"gen8plalegacydraft","rating":0,"private":0,"password":null}