{"id":"radicalred-gen8plalegacydraft-264474","p1":"xDeltaMK","p2":"Elon Musk Rusk","format":"gen8plalegacydraft","log":"|j|\u2606xDeltaMK\n|j|\u2606Elon Musk Rusk\n|t:|1665504188\n|gametype|singles\n|player|p1|xDeltaMK|101|\n|player|p2|Elon Musk Rusk|101|\n|teamsize|p1|6\n|teamsize|p2|6\n|gen|8\n|tier|[Gen 8] PLA Legacy Draft\n|rule|HP Percentage Mod: HP is shown in percentages\n|rule|Endless Battle Clause: Forcing endless battles is banned\n|rule|OHKO Clause: OHKO moves are banned\n|rule|Evasion Moves Clause: Evasion moves are banned\n|rule|Species Clause: Limit one of each Pok\u00e9mon\n|rule|Sleep Clause Mod: Limit one foe put to sleep\n|rule|Dynamax Clause: You cannot dynamax\n|rule|Z-Move Clause: Z-Moves are banned\n|clearpoke\n|poke|p1|Rillaboom, M|\n|poke|p1|Volcanion|\n|poke|p1|Mawile, M|\n|poke|p1|Blissey, F|\n|poke|p1|Gligar, F|\n|poke|p1|Rotom-Wash|\n|poke|p2|Landorus, M|\n|poke|p2|Slowbro, F|\n|poke|p2|Melmetal|\n|poke|p2|Drampa, F|\n|poke|p2|Gallade, M|\n|poke|p2|Crobat, F|\n|teampreview\n|c|\u2606xDeltaMK|glhf!\n|c|\u2606Elon Musk Rusk|hf\n|j| GEAV\n|\n|t:|1665504304\n|start\n|switch|p1a: blob|Blissey, F|100\/100\n|switch|p2a: Landorus|Landorus, M|100\/100\n|turn|1\n|\n|t:|1665504311\n|move|p2a: Landorus|U-turn|p1a: blob\n|-damage|p1a: blob|78\/100\n|\n|t:|1665504313\n|switch|p2a: Melmetal|Melmetal|100\/100|[from]move: U-turn\n|move|p1a: blob|Stealth Rock|p2a: Melmetal\n|-sidestart|p2: Elon Musk Rusk|move: Stealth Rock\n|\n|upkeep\n|turn|2\n|\n|t:|1665504347\n|switch|p1a: red blob|Rotom-Wash|100\/100\n|move|p2a: Melmetal|Toxic|p1a: red blob\n|-status|p1a: red blob|tox\n|\n|-damage|p1a: red blob|94\/100 tox|[from] psn\n|upkeep\n|turn|3\n|\n|t:|1665504355\n|switch|p2a: Drampa|Drampa, F|100\/100\n|-damage|p2a: Drampa|88\/100|[from] Stealth Rock\n|move|p1a: red blob|Will-O-Wisp|p2a: Drampa\n|-status|p2a: Drampa|brn\n|\n|-heal|p1a: red blob|100\/100 tox|[from] item: Leftovers\n|-heal|p2a: Drampa|94\/100 brn|[from] item: Leftovers\n|-damage|p1a: red blob|88\/100 tox|[from] psn\n|-damage|p2a: Drampa|88\/100 brn|[from] brn\n|upkeep\n|turn|4\n|\n|t:|1665504384\n|move|p1a: red blob|Volt Switch|p2a: Drampa\n|-resisted|p2a: Drampa\n|-crit|p2a: Drampa\n|-damage|p2a: Drampa|74\/100 brn\n|\n|t:|1665504386\n|switch|p1a: haw maw|Mawile, M|100\/100|[from]move: Volt Switch\n|-ability|p1a: haw maw|Intimidate|boost\n|-unboost|p2a: Drampa|atk|1\n|move|p2a: Drampa|Defog|p1a: haw maw\n|-unboost|p1a: haw maw|evasion|1\n|-sideend|p2: Elon Musk Rusk|Stealth Rock|[from] move: Defog|[of] p2a: Drampa\n|\n|-heal|p2a: Drampa|80\/100 brn|[from] item: Leftovers\n|-damage|p2a: Drampa|74\/100 brn|[from] brn\n|upkeep\n|turn|5\n|\n|t:|1665504396\n|switch|p2a: Slowbro|Slowbro, F|100\/100\n|detailschange|p1a: haw maw|Mawile-Mega, M\n|-mega|p1a: haw maw|Mawile|Mawilite\n|move|p1a: haw maw|Swords Dance|p1a: haw maw\n|-boost|p1a: haw maw|atk|2\n|\n|upkeep\n|turn|6\n|\n|t:|1665504412\n|move|p1a: haw maw|Play Rough|p2a: Slowbro\n|-damage|p2a: Slowbro|4\/100\n|-damage|p1a: haw maw|84\/100|[from] item: Rocky Helmet|[of] p2a: Slowbro\n|move|p2a: Slowbro|Scald|p1a: haw maw\n|-damage|p1a: haw maw|50\/100\n|\n|upkeep\n|turn|7\n|\n|t:|1665504424\n|move|p1a: haw maw|Brick Break|p2a: Slowbro\n|-resisted|p2a: Slowbro\n|-damage|p2a: Slowbro|0 fnt\n|-damage|p1a: haw maw|34\/100|[from] item: Rocky Helmet|[of] p2a: Slowbro\n|faint|p2a: Slowbro\n|\n|upkeep\n|\n|t:|1665504432\n|switch|p2a: Gallade|Gallade, M|100\/100\n|turn|8\n|l| GEAV\n|\n|t:|1665504441\n|detailschange|p2a: Gallade|Gallade-Mega, M\n|-mega|p2a: Gallade|Gallade|Galladite\n|move|p1a: haw maw|Sucker Punch||[still]\n|-fail|p1a: haw maw\n|move|p2a: Gallade|Substitute|p2a: Gallade\n|-start|p2a: Gallade|Substitute\n|-damage|p2a: Gallade|76\/100\n|\n|upkeep\n|turn|9\n|\n|t:|1665504451\n|move|p1a: haw maw|Sucker Punch|p2a: Gallade\n|-end|p2a: Gallade|Substitute\n|move|p2a: Gallade|Close Combat|p1a: haw maw\n|-crit|p1a: haw maw\n|-damage|p1a: haw maw|0 fnt\n|-unboost|p2a: Gallade|def|1\n|-unboost|p2a: Gallade|spd|1\n|faint|p1a: haw maw\n|\n|upkeep\n|\n|t:|1665504475\n|switch|p1a: Vengaboys|Rillaboom, M|100\/100\n|-fieldstart|move: Grassy Terrain|[from] ability: Grassy Surge|[of] p1a: Vengaboys\n|turn|10\n|\n|t:|1665504480\n|switch|p2a: Crobat|Crobat, F|100\/100\n|move|p1a: Vengaboys|Grassy Glide|p2a: Crobat\n|-resisted|p2a: Crobat\n|-damage|p2a: Crobat|83\/100\n|-damage|p1a: Vengaboys|91\/100|[from] item: Life Orb\n|\n|-heal|p1a: Vengaboys|97\/100|[from] Grassy Terrain\n|upkeep\n|turn|11\n|\n|t:|1665504492\n|switch|p1a: pinkish blob|Gligar, F, shiny|100\/100\n|move|p2a: Crobat|U-turn|p1a: pinkish blob\n|-resisted|p1a: pinkish blob\n|-damage|p1a: pinkish blob|97\/100\n|\n|t:|1665504503\n|switch|p2a: Gallade|Gallade-Mega, M|76\/100|[from]move: U-turn\n|\n|-heal|p2a: Gallade|82\/100|[from] Grassy Terrain\n|upkeep\n|turn|12\n|\n|t:|1665504518\n|move|p2a: Gallade|Triple Axel|p1a: pinkish blob\n|-supereffective|p1a: pinkish blob\n|-damage|p1a: pinkish blob|77\/100\n|-supereffective|p1a: pinkish blob\n|-damage|p1a: pinkish blob|38\/100\n|-supereffective|p1a: pinkish blob\n|-damage|p1a: pinkish blob|0 fnt\n|faint|p1a: pinkish blob\n|-hitcount|p1: pinkish blob|3\n|\n|-heal|p2a: Gallade|88\/100|[from] Grassy Terrain\n|upkeep\n|\n|t:|1665504550\n|switch|p1a: steam engine??|Volcanion|100\/100\n|turn|13\n|\n|t:|1665504560\n|switch|p2a: Drampa|Drampa, F|74\/100 brn\n|move|p1a: steam engine??|Steam Eruption|p2a: Drampa\n|-resisted|p2a: Drampa\n|-damage|p2a: Drampa|51\/100 brn\n|\n|-heal|p2a: Drampa|57\/100 brn|[from] Grassy Terrain\n|-heal|p2a: Drampa|63\/100 brn|[from] item: Leftovers\n|-damage|p2a: Drampa|57\/100 brn|[from] brn\n|upkeep\n|turn|14\n|\n|t:|1665504571\n|switch|p1a: blob|Blissey, F|78\/100\n|move|p2a: Drampa|Roost|p2a: Drampa\n|-heal|p2a: Drampa|100\/100 brn\n|-singleturn|p2a: Drampa|move: Roost\n|\n|-heal|p1a: blob|84\/100|[from] Grassy Terrain\n|-damage|p2a: Drampa|94\/100 brn|[from] brn\n|-fieldend|move: Grassy Terrain\n|upkeep\n|turn|15\n|\n|t:|1665504578\n|switch|p2a: Gallade|Gallade-Mega, M|88\/100\n|move|p1a: blob|Teleport|p1a: blob\n|\n|t:|1665504588\n|switch|p1a: red blob|Rotom-Wash|88\/100 tox|[from]move: Teleport\n|\n|-heal|p1a: red blob|94\/100 tox|[from] item: Leftovers\n|-damage|p1a: red blob|88\/100 tox|[from] psn\n|upkeep\n|turn|16\n|\n|t:|1665504592\n|move|p2a: Gallade|Substitute|p2a: Gallade\n|-start|p2a: Gallade|Substitute\n|-damage|p2a: Gallade|63\/100\n|move|p1a: red blob|Will-O-Wisp||[still]\n|-fail|p1a: red blob\n|\n|-heal|p1a: red blob|94\/100 tox|[from] item: Leftovers\n|-damage|p1a: red blob|82\/100 tox|[from] psn\n|upkeep\n|turn|17\n|\n|t:|1665504598\n|move|p2a: Gallade|Close Combat|p1a: red blob\n|-damage|p1a: red blob|8\/100 tox\n|-unboost|p2a: Gallade|def|1\n|-unboost|p2a: Gallade|spd|1\n|move|p1a: red blob|Volt Switch|p2a: Gallade\n|-end|p2a: Gallade|Substitute\n|\n|t:|1665504601\n|switch|p1a: Vengaboys|Rillaboom, M|97\/100|[from]move: Volt Switch\n|-fieldstart|move: Grassy Terrain|[from] ability: Grassy Surge|[of] p1a: Vengaboys\n|\n|-heal|p2a: Gallade|69\/100|[from] Grassy Terrain\n|-heal|p1a: Vengaboys|100\/100|[from] Grassy Terrain\n|upkeep\n|turn|18\n|\n|t:|1665504609\n|switch|p2a: Melmetal|Melmetal|100\/100\n|move|p1a: Vengaboys|Knock Off|p2a: Melmetal\n|-damage|p2a: Melmetal|76\/100\n|-enditem|p2a: Melmetal|Chople Berry|[from] move: Knock Off|[of] p1a: Vengaboys\n|-damage|p1a: Vengaboys|91\/100|[from] item: Life Orb\n|\n|-heal|p1a: Vengaboys|97\/100|[from] Grassy Terrain\n|-heal|p2a: Melmetal|82\/100|[from] Grassy Terrain\n|upkeep\n|turn|19\n|\n|t:|1665504639\n|switch|p1a: red blob|Rotom-Wash|8\/100 tox\n|switch|p2a: Landorus|Landorus, M|100\/100\n|\n|-heal|p1a: red blob|14\/100 tox|[from] item: Leftovers\n|-damage|p1a: red blob|8\/100 tox|[from] psn\n|upkeep\n|turn|20\n|\n|t:|1665504645\n|move|p2a: Landorus|Knock Off|p1a: red blob\n|-damage|p1a: red blob|0 fnt\n|-enditem|p1a: red blob|Leftovers|[from] move: Knock Off|[of] p2a: Landorus\n|faint|p1a: red blob\n|\n|upkeep\n|\n|t:|1665504653\n|switch|p1a: steam engine??|Volcanion|100\/100\n|turn|21\n|\n|t:|1665504659\n|switch|p2a: Drampa|Drampa, F|94\/100 brn\n|move|p1a: steam engine??|Steam Eruption|p2a: Drampa\n|-resisted|p2a: Drampa\n|-damage|p2a: Drampa|72\/100 brn\n|\n|-heal|p2a: Drampa|78\/100 brn|[from] Grassy Terrain\n|-heal|p2a: Drampa|84\/100 brn|[from] item: Leftovers\n|-damage|p2a: Drampa|78\/100 brn|[from] brn\n|-fieldend|move: Grassy Terrain\n|upkeep\n|turn|22\n|\n|t:|1665504671\n|switch|p1a: blob|Blissey, F|84\/100\n|move|p2a: Drampa|Roost|p2a: Drampa\n|-heal|p2a: Drampa|100\/100 brn\n|-singleturn|p2a: Drampa|move: Roost\n|\n|-damage|p2a: Drampa|94\/100 brn|[from] brn\n|upkeep\n|turn|23\n|\n|t:|1665504674\n|switch|p2a: Gallade|Gallade-Mega, M|69\/100\n|move|p1a: blob|Stealth Rock|p2a: Gallade\n|-sidestart|p2: Elon Musk Rusk|move: Stealth Rock\n|\n|upkeep\n|turn|24\n|j| Awawke\n|\n|t:|1665504697\n|switch|p1a: steam engine??|Volcanion|100\/100\n|move|p2a: Gallade|Substitute|p2a: Gallade\n|-start|p2a: Gallade|Substitute\n|-damage|p2a: Gallade|44\/100\n|\n|upkeep\n|turn|25\n|\n|t:|1665504703\n|move|p1a: steam engine??|Steam Eruption|p2a: Gallade|[miss]\n|-miss|p1a: steam engine??|p2a: Gallade\n|move|p2a: Gallade|Close Combat|p1a: steam engine??\n|-damage|p1a: steam engine??|25\/100\n|-unboost|p2a: Gallade|def|1\n|-unboost|p2a: Gallade|spd|1\n|\n|upkeep\n|turn|26\n|c|\u2606Elon Musk Rusk|mb\n|c|\u2606xDeltaMK|i swear\n|\n|t:|1665504713\n|move|p1a: steam engine??|Steam Eruption|p2a: Gallade\n|-end|p2a: Gallade|Substitute\n|move|p2a: Gallade|Close Combat|p1a: steam engine??\n|-damage|p1a: steam engine??|0 fnt\n|-unboost|p2a: Gallade|def|1\n|-unboost|p2a: Gallade|spd|1\n|faint|p1a: steam engine??\n|\n|upkeep\n|c|\u2606xDeltaMK|i ladder with volc sometimes\n|\n|t:|1665504721\n|switch|p1a: Vengaboys|Rillaboom, M|97\/100\n|-fieldstart|move: Grassy Terrain|[from] ability: Grassy Surge|[of] p1a: Vengaboys\n|turn|27\n|c|\u2606xDeltaMK|and it never feels like 95% accurate\n|c|\u2606xDeltaMK|i hit focus blasts more\n|\n|t:|1665504741\n|switch|p2a: Crobat|Crobat, F|83\/100\n|move|p1a: Vengaboys|Swords Dance|p1a: Vengaboys\n|-boost|p1a: Vengaboys|atk|2\n|\n|-heal|p1a: Vengaboys|100\/100|[from] Grassy Terrain\n|upkeep\n|turn|28\n|\n|t:|1665504746\n|move|p2a: Crobat|Brave Bird|p1a: Vengaboys\n|-supereffective|p1a: Vengaboys\n|-damage|p1a: Vengaboys|27\/100\n|-damage|p2a: Crobat|57\/100|[from] Recoil\n|move|p1a: Vengaboys|Knock Off|p2a: Crobat\n|-damage|p2a: Crobat|0 fnt\n|-enditem|p2a: Crobat|Heavy-Duty Boots|[from] move: Knock Off|[of] p1a: Vengaboys\n|faint|p2a: Crobat\n|-damage|p1a: Vengaboys|17\/100|[from] item: Life Orb\n|\n|-heal|p1a: Vengaboys|23\/100|[from] Grassy Terrain\n|upkeep\n|\n|t:|1665504753\n|switch|p2a: Melmetal|Melmetal|82\/100\n|-damage|p2a: Melmetal|76\/100|[from] Stealth Rock\n|turn|29\n|\n|t:|1665504763\n|switch|p2a: Drampa|Drampa, F|94\/100 brn\n|-damage|p2a: Drampa|82\/100 brn|[from] Stealth Rock\n|move|p1a: Vengaboys|Superpower|p2a: Drampa\n|-supereffective|p2a: Drampa\n|-damage|p2a: Drampa|0 fnt\n|-unboost|p1a: Vengaboys|atk|1\n|-unboost|p1a: Vengaboys|def|1\n|faint|p2a: Drampa\n|-damage|p1a: Vengaboys|13\/100|[from] item: Life Orb\n|\n|-heal|p1a: Vengaboys|19\/100|[from] Grassy Terrain\n|upkeep\n|\n|t:|1665504770\n|switch|p2a: Melmetal|Melmetal|76\/100\n|-damage|p2a: Melmetal|69\/100|[from] Stealth Rock\n|turn|30\n|\n|t:|1665504775\n|move|p1a: Vengaboys|Superpower|p2a: Melmetal\n|-supereffective|p2a: Melmetal\n|-crit|p2a: Melmetal\n|-damage|p2a: Melmetal|0 fnt\n|-unboost|p1a: Vengaboys|atk|1\n|-unboost|p1a: Vengaboys|def|1\n|faint|p2a: Melmetal\n|-damage|p1a: Vengaboys|9\/100|[from] item: Life Orb\n|\n|-heal|p1a: Vengaboys|16\/100|[from] Grassy Terrain\n|upkeep\n|\n|t:|1665504781\n|switch|p2a: Landorus|Landorus, M|100\/100\n|-damage|p2a: Landorus|88\/100|[from] Stealth Rock\n|turn|31\n|\n|t:|1665504801\n|switch|p1a: blob|Blissey, F|84\/100\n|move|p2a: Landorus|Superpower|p1a: blob\n|-supereffective|p1a: blob\n|-damage|p1a: blob|4\/100\n|-unboost|p2a: Landorus|atk|1\n|-unboost|p2a: Landorus|def|1\n|\n|-heal|p1a: blob|11\/100|[from] Grassy Terrain\n|-fieldend|move: Grassy Terrain\n|upkeep\n|turn|32\n|\n|t:|1665504810\n|move|p2a: Landorus|U-turn|p1a: blob\n|-damage|p1a: blob|0 fnt\n|faint|p1a: blob\n|\n|t:|1665504812\n|switch|p2a: Gallade|Gallade-Mega, M|44\/100|[from]move: U-turn\n|-damage|p2a: Gallade|38\/100|[from] Stealth Rock\n|\n|upkeep\n|\n|t:|1665504814\n|switch|p1a: Vengaboys|Rillaboom, M|16\/100\n|-fieldstart|move: Grassy Terrain|[from] ability: Grassy Surge|[of] p1a: Vengaboys\n|turn|33\n|\n|t:|1665504816\n|move|p1a: Vengaboys|Grassy Glide|p2a: Gallade\n|-damage|p2a: Gallade|0 fnt\n|faint|p2a: Gallade\n|-damage|p1a: Vengaboys|6\/100|[from] item: Life Orb\n|\n|-heal|p1a: Vengaboys|12\/100|[from] Grassy Terrain\n|upkeep\n|\n|t:|1665504819\n|switch|p2a: Landorus|Landorus, M|88\/100\n|-damage|p2a: Landorus|76\/100|[from] Stealth Rock\n|turn|34\n|\n|t:|1665504822\n|move|p1a: Vengaboys|Grassy Glide|p2a: Landorus\n|-damage|p2a: Landorus|5\/100\n|-damage|p1a: Vengaboys|2\/100|[from] item: Life Orb\n|move|p2a: Landorus|Knock Off|p1a: Vengaboys\n|-damage|p1a: Vengaboys|0 fnt\n|-enditem|p1a: Vengaboys|Life Orb|[from] move: Knock Off|[of] p2a: Landorus\n|faint|p1a: Vengaboys\n|\n|win|Elon Musk Rusk\n|c|\u2606xDeltaMK|ggs\n|c|\u2606Elon Musk Rusk|the hp investing coming clutch\n|c|\u2606xDeltaMK|how much did you have?\n|c|\u2606Elon Musk Rusk|0\n|c|\u2606xDeltaMK|on lando?\n|c|\u2606Elon Musk Rusk|Yes\n|c|\u2606xDeltaMK|damn\n|c|\u2606Elon Musk Rusk|This thing is demonic\n|c|\u2606xDeltaMK|the roll is 70.8-83%\n|c|\u2606Elon Musk Rusk|You played very well in the end\n|c|\u2606xDeltaMK|and i got the 71% roll hehehe\n|c|\u2606Elon Musk Rusk|I was 40 defense\n|c|\u2606Elon Musk Rusk|You getting replay?\n|c|\u2606xDeltaMK|roll is still in my favor :(\n|c|\u2606xDeltaMK|but ggs\n|c|\u2606xDeltaMK|yeah i will\n","uploadtime":1665504931,"views":26,"p1id":"xdeltamk","p2id":"elonmuskrusk","formatid":"gen8plalegacydraft","rating":0,"private":0,"password":null}