{"id":"randombattle-285483226","p1":"Pok Fanaat","p2":"Ohmboy Tesla","format":"randombattle","log":"|join|Pok Fanaat\n|join|Ohmboy Tesla\n|player|p1|Pok Fanaat|138\n|player|p2|Ohmboy Tesla|136\n|gametype|singles\n|gen|6\n|tier|Random Battle\n|rated\n|rule|Sleep Clause Mod: Limit one foe put to sleep\n|rule|HP Percentage Mod: HP is shown in percentages\n|\n|start\n|switch|p1a: Glalie|Glalie, L79, F|255\/255\n|switch|p2a: Gorebyss|Gorebyss, L81, M|222\/222\n|turn|1\n|c|\u2605Pok Fanaat|gl\n|c|\u2605Ohmboy Tesla|tnx, you too\n|\n|detailschange|p1a: Glalie|Glalie-Mega, L79, F\n|-mega|p1a: Glalie|Glalie|Glalitite\n|move|p1a: Glalie|Freeze-Dry|p2a: Gorebyss\n|-supereffective|p2a: Gorebyss\n|-damage|p2a: Gorebyss|24\/222\n|move|p2a: Gorebyss|Substitute|p2a: Gorebyss\n|-fail|p2a: Gorebyss|move: Substitute|[weak]\n|\n|-heal|p2a: Gorebyss|37\/222|[from] item: Leftovers\n|turn|2\n|c|\u2605Pok Fanaat|ty\n|\n|switch|p2a: Articuno|Articuno, L83|285\/285\n|-ability|p2a: Articuno|Pressure\n|move|p1a: Glalie|Freeze-Dry|p2a: Articuno\n|-damage|p2a: Articuno|225\/285\n|\n|-heal|p2a: Articuno|242\/285|[from] item: Leftovers\n|turn|3\n|\n|switch|p1a: Swellow|Swellow, L81, F|230\/230\n|move|p2a: Articuno|Toxic|p1a: Swellow\n|-status|p1a: Swellow|tox\n|\n|-heal|p2a: Articuno|259\/285|[from] item: Leftovers\n|-damage|p1a: Swellow|216\/230 tox|[from] psn\n|turn|4\n|\n|switch|p2a: Rotom|Rotom, L81|214\/214\n|move|p1a: Swellow|Facade|p2a: Rotom\n|-immune|p2a: Rotom|[msg]\n|\n|-damage|p1a: Swellow|188\/230 tox|[from] psn\n|turn|5\n|\n|switch|p1a: Camerupt|Camerupt, L79, M|240\/240\n|move|p2a: Rotom|Volt Switch|p1a: Camerupt\n|-immune|p1a: Camerupt|[msg]\n|\n|turn|6\n|\n|switch|p2a: Gorebyss|Gorebyss, L81, M|37\/222\n|move|p1a: Camerupt|Roar|p2a: Gorebyss\n|drag|p2a: Scrafty|Scrafty, L79, F|232\/232\n|-ability|p2a: Scrafty|Intimidate\n|-unboost|p1a: Camerupt|atk|1\n|\n|turn|7\n|\n|move|p2a: Scrafty|Bulk Up|p2a: Scrafty\n|-boost|p2a: Scrafty|atk|1\n|-boost|p2a: Scrafty|def|1\n|move|p1a: Camerupt|Roar|p2a: Scrafty\n|drag|p2a: Reshiram|Reshiram, L73|266\/266\n|-ability|p2a: Reshiram|Turboblaze\n|\n|turn|8\n|\n|move|p2a: Reshiram|Draco Meteor|p1a: Camerupt\n|-damage|p1a: Camerupt|45\/240\n|-unboost|p2a: Reshiram|spa|2\n|move|p1a: Camerupt|Earth Power|p2a: Reshiram\n|-supereffective|p2a: Reshiram\n|-damage|p2a: Reshiram|61\/266\n|-damage|p1a: Camerupt|21\/240|[from] item: Life Orb\n|\n|-heal|p2a: Reshiram|77\/266|[from] item: Leftovers\n|turn|9\n|\n|switch|p2a: Rotom|Rotom, L81|214\/214\n|switch|p1a: Grumpig|Grumpig, L83, F|268\/268\n|\n|turn|10\n|\n|move|p2a: Rotom|Shadow Ball|p1a: Grumpig\n|-supereffective|p1a: Grumpig\n|-damage|p1a: Grumpig|122\/268\n|-unboost|p1a: Grumpig|spd|1\n|move|p1a: Grumpig|Psychic|p2a: Rotom\n|-damage|p2a: Rotom|109\/214\n|\n|turn|11\n|\n|switch|p1a: Camerupt|Camerupt, L79, M|21\/240\n|move|p2a: Rotom|Shadow Ball|p1a: Camerupt\n|-damage|p1a: Camerupt|0 fnt\n|faint|p1a: Camerupt\n|\n|\n|switch|p1a: Palkia|Palkia, L73|252\/252\n|-ability|p1a: Palkia|Pressure\n|turn|12\n|\n|switch|p2a: Gorebyss|Gorebyss, L81, M|37\/222\n|move|p1a: Palkia|Draco Meteor|p2a: Gorebyss|[miss]\n|-miss|p1a: Palkia|p2a: Gorebyss\n|\n|-heal|p2a: Gorebyss|50\/222|[from] item: Leftovers\n|turn|13\n|\n|move|p1a: Palkia|Draco Meteor|p2a: Gorebyss\n|-damage|p2a: Gorebyss|0 fnt\n|-unboost|p1a: Palkia|spa|2\n|faint|p2a: Gorebyss\n|\n|\n|switch|p2a: Articuno|Articuno, L83|259\/285\n|-ability|p2a: Articuno|Pressure\n|turn|14\n|\n|switch|p1a: Grumpig|Grumpig, L83, F|122\/268\n|move|p2a: Articuno|Substitute|p2a: Articuno\n|-start|p2a: Articuno|Substitute\n|-damage|p2a: Articuno|188\/285\n|\n|-heal|p2a: Articuno|205\/285|[from] item: Leftovers\n|turn|15\n|\n|move|p2a: Articuno|Hurricane|p1a: Grumpig\n|-damage|p1a: Grumpig|17\/268\n|move|p1a: Grumpig|Psychic|p2a: Articuno\n|-activate|p2a: Articuno|Substitute|[damage]\n|\n|-heal|p2a: Articuno|222\/285|[from] item: Leftovers\n|turn|16\n|\n|move|p2a: Articuno|Freeze-Dry|p1a: Grumpig\n|-damage|p1a: Grumpig|0 fnt\n|faint|p1a: Grumpig\n|\n|-heal|p2a: Articuno|239\/285|[from] item: Leftovers\n|\n|switch|p1a: Glalie|Glalie-Mega, L79, F|255\/255\n|turn|17\n|\n|move|p1a: Glalie|Freeze-Dry|p2a: Articuno\n|-end|p2a: Articuno|Substitute\n|move|p2a: Articuno|Toxic|p1a: Glalie\n|-status|p1a: Glalie|tox\n|\n|-heal|p2a: Articuno|256\/285|[from] item: Leftovers\n|-damage|p1a: Glalie|240\/255 tox|[from] psn\n|turn|18\n|\n|move|p1a: Glalie|Explosion|p2a: Articuno\n|-damage|p2a: Articuno|0 fnt\n|faint|p1a: Glalie\n|faint|p2a: Articuno\n|\n|\n|switch|p2a: Rotom|Rotom, L81|109\/214\n|switch|p1a: Palkia|Palkia, L73|252\/252\n|-ability|p1a: Palkia|Pressure\n|turn|19\n|\n|move|p2a: Rotom|Thunderbolt|p1a: Palkia\n|-damage|p1a: Palkia|176\/252\n|move|p1a: Palkia|Draco Meteor|p2a: Rotom|[miss]\n|-miss|p1a: Palkia|p2a: Rotom\n|\n|-heal|p1a: Palkia|191\/252|[from] item: Leftovers\n|turn|20\n|\n|move|p2a: Rotom|Thunderbolt|p1a: Palkia\n|-damage|p1a: Palkia|115\/252\n|move|p1a: Palkia|Draco Meteor|p2a: Rotom\n|-damage|p2a: Rotom|0 fnt\n|-unboost|p1a: Palkia|spa|2\n|faint|p2a: Rotom\n|\n|-heal|p1a: Palkia|130\/252|[from] item: Leftovers\n|\n|switch|p2a: Scrafty|Scrafty, L79, F|232\/232\n|-ability|p2a: Scrafty|Intimidate\n|-unboost|p1a: Palkia|atk|1\n|turn|21\n|\n|switch|p1a: Milotic|Milotic, L77, F|273\/273\n|move|p2a: Scrafty|Bulk Up|p2a: Scrafty\n|-boost|p2a: Scrafty|atk|1\n|-boost|p2a: Scrafty|def|1\n|\n|turn|22\n|\n|move|p1a: Milotic|Scald|p2a: Scrafty\n|-damage|p2a: Scrafty|171\/232\n|-status|p2a: Scrafty|brn\n|move|p2a: Scrafty|Drain Punch|p1a: Milotic\n|-damage|p1a: Milotic|209\/273\n|-heal|p2a: Scrafty|203\/232 brn|[from] drain|[of] p1a: Milotic\n|\n|-damage|p2a: Scrafty|174\/232 brn|[from] brn\n|turn|23\n|\n|move|p1a: Milotic|Scald|p2a: Scrafty\n|-crit|p2a: Scrafty\n|-damage|p2a: Scrafty|74\/232 brn\n|move|p2a: Scrafty|Bulk Up|p2a: Scrafty\n|-boost|p2a: Scrafty|atk|1\n|-boost|p2a: Scrafty|def|1\n|\n|-damage|p2a: Scrafty|45\/232 brn|[from] brn\n|turn|24\n|\n|move|p1a: Milotic|Scald|p2a: Scrafty\n|-damage|p2a: Scrafty|0 fnt\n|faint|p2a: Scrafty\n|\n|\n|switch|p2a: Honchkrow|Honchkrow, L77, F|281\/281\n|turn|25\n|\n|move|p1a: Milotic|Ice Beam|p2a: Honchkrow\n|-supereffective|p2a: Honchkrow\n|-damage|p2a: Honchkrow|111\/281\n|move|p2a: Honchkrow|Pursuit|p1a: Milotic\n|-damage|p1a: Milotic|145\/273\n|-damage|p2a: Honchkrow|83\/281|[from] item: Life Orb\n|\n|turn|26\n|leave|Ohmboy Tesla\n|player|p2\n|-message|ohmboytesla lost due to inactivity.\n|\n|win|Pok Fanaat","inputlog":null,"uploadtime":1445695607,"views":1,"p1id":"pokfanaat","p2id":"ohmboytesla","formatid":"randombattle","rating":0,"private":0,"password":null}