{"id":"randombattle-249340335","p1":"The Teal Scizor","p2":"Elite Four Damion","format":"randombattle","log":"|join|The Teal Scizor\n|join|Elite Four Damion\n|player|p1|The Teal Scizor|99\n|player|p2|Elite Four Damion|101\n|gametype|singles\n|gen|6\n|tier|Random Battle\n|rule|Sleep Clause Mod: Limit one foe put to sleep\n|rule|HP Percentage Mod: HP is shown in percentages\n|\n|start\n|switch|p1a: Braviary|Braviary, L79, M|287\/287\n|switch|p2a: Blastoise|Blastoise, L77, M|248\/248\n|turn|1\n|\n|detailschange|p2a: Blastoise|Blastoise-Mega, L77, M\n|-mega|p2a: Blastoise|Blastoise|Blastoisinite\n|move|p1a: Braviary|Return|p2a: Blastoise\n|-damage|p2a: Blastoise|123\/248\n|-damage|p1a: Braviary|259\/287|[from] item: Life Orb\n|move|p2a: Blastoise|Toxic|p1a: Braviary\n|-status|p1a: Braviary|tox\n|\n|-damage|p1a: Braviary|242\/287 tox|[from] psn\n|turn|2\n|join|Maup's\n|\n|switch|p2a: Arceus-Flying|Arceus-Flying, L73|295\/295\n|move|p1a: Braviary|Return|p2a: Arceus-Flying\n|-damage|p2a: Arceus-Flying|155\/295\n|-damage|p1a: Braviary|214\/287 tox|[from] item: Life Orb\n|\n|-damage|p1a: Braviary|180\/287 tox|[from] psn\n|turn|3\n|\n|switch|p1a: Armaldo|Armaldo, L83, M|259\/259\n|move|p2a: Arceus-Flying|Judgment|p1a: Armaldo\n|-damage|p1a: Armaldo|132\/259\n|\n|turn|4\n|leave|Maup's\n|\n|switch|p2a: Blastoise|Blastoise-Mega, L77, M|123\/248\n|move|p1a: Armaldo|Stealth Rock|p2a: Blastoise\n|-sidestart|p2: Elite Four Damion|move: Stealth Rock\n|\n|turn|5\n|\n|switch|p1a: Abomasnow|Abomasnow, L77, F|265\/265\n|-weather|Hail\n|move|p2a: Blastoise|Hydro Pump|p1a: Abomasnow\n|-resisted|p1a: Abomasnow\n|-damage|p1a: Abomasnow|192\/265\n|\n|-weather|Hail|[upkeep]\n|-damage|p2a: Blastoise|108\/248|[from] hail\n|-heal|p1a: Abomasnow|208\/265|[from] item: Leftovers\n|turn|6\n|\n|switch|p2a: Seviper|Seviper, L83, M|257\/257\n|-damage|p2a: Seviper|225\/257|[from] Stealth Rock\n|move|p1a: Abomasnow|Wood Hammer|p2a: Seviper\n|-resisted|p2a: Seviper\n|-damage|p2a: Seviper|162\/257\n|-damage|p1a: Abomasnow|187\/265|[from] recoil|[of] p2a: Seviper\n|\n|-weather|Hail|[upkeep]\n|-damage|p2a: Seviper|146\/257|[from] hail\n|-heal|p1a: Abomasnow|203\/265|[from] item: Leftovers\n|turn|7\n|\n|switch|p1a: Arbok|Arbok, L83, F|235\/235\n|-ability|p1a: Arbok|Intimidate|[of] p2a: Seviper\n|-unboost|p2a: Seviper|atk|1\n|move|p2a: Seviper|Poison Jab|p1a: Arbok\n|-resisted|p1a: Arbok\n|-damage|p1a: Arbok|193\/235\n|-damage|p2a: Seviper|121\/257|[from] item: Life Orb\n|\n|-weather|Hail|[upkeep]\n|-damage|p1a: Arbok|179\/235|[from] hail\n|-damage|p2a: Seviper|105\/257|[from] hail\n|turn|8\n|\n|move|p1a: Arbok|Earthquake|p2a: Seviper\n|-supereffective|p2a: Seviper\n|-damage|p2a: Seviper|0 fnt\n|faint|p2a: Seviper\n|\n|-weather|Hail|[upkeep]\n|-damage|p1a: Arbok|165\/235|[from] hail\n|\n|switch|p2a: Blastoise|Blastoise-Mega, L77, M|108\/248\n|-damage|p2a: Blastoise|77\/248|[from] Stealth Rock\n|turn|9\n|\n|switch|p1a: Abomasnow|Abomasnow, L77, F|203\/265\n|move|p2a: Blastoise|Rapid Spin|p1a: Abomasnow\n|-damage|p1a: Abomasnow|188\/265\n|-sideend|p2: Elite Four Damion|Stealth Rock|[from] move: Rapid Spin|[of] p2a: Blastoise\n|\n|-weather|none\n|-heal|p1a: Abomasnow|204\/265|[from] item: Leftovers\n|turn|10\n|\n|switch|p2a: Arceus-Flying|Arceus-Flying, L73|155\/295\n|move|p1a: Abomasnow|Leech Seed|p2a: Arceus-Flying\n|-start|p2a: Arceus-Flying|move: Leech Seed\n|\n|-heal|p1a: Abomasnow|220\/265|[from] item: Leftovers\n|-damage|p2a: Arceus-Flying|119\/295|[from] Leech Seed|[of] p1a: Abomasnow\n|-heal|p1a: Abomasnow|256\/265|[silent]\n|turn|11\n|\n|move|p1a: Abomasnow|Ice Shard|p2a: Arceus-Flying\n|-supereffective|p2a: Arceus-Flying\n|-damage|p2a: Arceus-Flying|53\/295\n|move|p2a: Arceus-Flying|Judgment|p1a: Abomasnow\n|-crit|p1a: Abomasnow\n|-supereffective|p1a: Abomasnow\n|-damage|p1a: Abomasnow|0 fnt\n|faint|p1a: Abomasnow\n|\n|\n|switch|p1a: Armaldo|Armaldo, L83, M|132\/259\n|turn|12\n|\n|move|p2a: Arceus-Flying|Earth Power|p1a: Armaldo\n|-damage|p1a: Armaldo|73\/259\n|move|p1a: Armaldo|Stealth Rock|p2a: Arceus-Flying\n|-sidestart|p2: Elite Four Damion|move: Stealth Rock\n|\n|-damage|p2a: Arceus-Flying|17\/295|[from] Leech Seed|[of] p1a: Armaldo\n|-heal|p1a: Armaldo|109\/259|[silent]\n|turn|13\n|\n|switch|p1a: Omastar|Omastar, L79, F|240\/240\n|move|p2a: Arceus-Flying|Judgment|p1a: Omastar\n|-resisted|p1a: Omastar\n|-damage|p1a: Omastar|173\/240\n|\n|-damage|p2a: Arceus-Flying|0 fnt|[from] Leech Seed|[of] p1a: Omastar\n|-heal|p1a: Omastar|190\/240|[silent]\n|faint|p2a: Arceus-Flying\n|\n|switch|p2a: Kingdra|Kingdra, L78, M|245\/245\n|-damage|p2a: Kingdra|215\/245|[from] Stealth Rock\n|turn|14\n|\n|switch|p1a: Armaldo|Armaldo, L83, M|109\/259\n|move|p2a: Kingdra|Dragon Dance|p2a: Kingdra\n|-boost|p2a: Kingdra|atk|1\n|-boost|p2a: Kingdra|spe|1\n|\n|-heal|p2a: Kingdra|230\/245|[from] item: Leftovers\n|turn|15\n|\n|move|p2a: Kingdra|Waterfall|p1a: Armaldo\n|-supereffective|p1a: Armaldo\n|-damage|p1a: Armaldo|0 fnt\n|faint|p1a: Armaldo\n|\n|-heal|p2a: Kingdra|245\/245|[from] item: Leftovers\n|\n|switch|p1a: Arbok|Arbok, L83, F|165\/235\n|-ability|p1a: Arbok|Intimidate|[of] p2a: Kingdra\n|-unboost|p2a: Kingdra|atk|1\n|turn|16\n|\n|move|p2a: Kingdra|Waterfall|p1a: Arbok\n|-damage|p1a: Arbok|72\/235\n|cant|p1a: Arbok|flinch\n|\n|turn|17\n|\n|move|p2a: Kingdra|Waterfall|p1a: Arbok\n|-damage|p1a: Arbok|0 fnt\n|faint|p1a: Arbok\n|\n|\n|switch|p1a: Sceptile|Sceptile, L77, M|234\/234\n|turn|18\n|\n|detailschange|p1a: Sceptile|Sceptile-Mega, L77, M\n|-mega|p1a: Sceptile|Sceptile|Sceptilite\n|move|p2a: Kingdra|Substitute|p2a: Kingdra\n|-start|p2a: Kingdra|Substitute\n|-damage|p2a: Kingdra|184\/245\n|move|p1a: Sceptile|Dragon Pulse|p2a: Kingdra\n|-supereffective|p2a: Kingdra\n|-end|p2a: Kingdra|Substitute\n|\n|-heal|p2a: Kingdra|199\/245|[from] item: Leftovers\n|turn|19\n|\n|move|p1a: Sceptile|Dragon Pulse|p2a: Kingdra\n|-supereffective|p2a: Kingdra\n|-damage|p2a: Kingdra|5\/245\n|move|p2a: Kingdra|Iron Head|p1a: Sceptile\n|-damage|p1a: Sceptile|171\/234\n|\n|-heal|p2a: Kingdra|20\/245|[from] item: Leftovers\n|turn|20\n|\n|switch|p2a: Dunsparce|Dunsparce, L83, M|302\/302\n|-damage|p2a: Dunsparce|265\/302|[from] Stealth Rock\n|move|p1a: Sceptile|Giga Drain|p2a: Dunsparce\n|-crit|p2a: Dunsparce\n|-damage|p2a: Dunsparce|85\/302\n|-heal|p1a: Sceptile|234\/234|[from] drain|[of] p2a: Dunsparce\n|\n|turn|21\n|\n|move|p1a: Sceptile|Dragon Pulse|p2a: Dunsparce\n|-damage|p2a: Dunsparce|0 fnt\n|faint|p2a: Dunsparce\n|\n|\n|switch|p2a: Druddigon|Druddigon, L79, F|251\/251\n|-damage|p2a: Druddigon|220\/251|[from] Stealth Rock\n|turn|22\n|\n|move|p1a: Sceptile|Substitute|p1a: Sceptile\n|-start|p1a: Sceptile|Substitute\n|-damage|p1a: Sceptile|176\/234\n|move|p2a: Druddigon|Outrage|p1a: Sceptile\n|-supereffective|p1a: Sceptile\n|-end|p1a: Sceptile|Substitute\n|-damage|p2a: Druddigon|195\/251|[from] item: Life Orb\n|\n|turn|23\n|\n|switch|p1a: Braviary|Braviary, L79, M|180\/287 tox\n|move|p2a: Druddigon|Outrage|p1a: Braviary\n|-crit|p1a: Braviary\n|-damage|p1a: Braviary|0 fnt\n|-damage|p2a: Druddigon|170\/251|[from] item: Life Orb\n|-start|p2a: Druddigon|confusion|[fatigue]\n|faint|p1a: Braviary\n|\n|\n|switch|p1a: Omastar|Omastar, L79, F|190\/240\n|turn|24\n|\n|move|p1a: Omastar|Earth Power|p2a: Druddigon\n|-damage|p2a: Druddigon|87\/251\n|-damage|p1a: Omastar|166\/240|[from] item: Life Orb\n|-activate|p2a: Druddigon|confusion\n|-damage|p2a: Druddigon|47\/251|[from] confusion\n|\n|turn|25\n|\n|move|p1a: Omastar|Earth Power|p2a: Druddigon\n|-damage|p2a: Druddigon|0 fnt\n|-damage|p1a: Omastar|142\/240|[from] item: Life Orb\n|faint|p2a: Druddigon\n|\n|\n|switch|p2a: Kingdra|Kingdra, L78, M|20\/245\n|-damage|p2a: Kingdra|0 fnt|[from] Stealth Rock\n|faint|p2a: Kingdra\n|\n|switch|p2a: Blastoise|Blastoise-Mega, L77, M|77\/248\n|-damage|p2a: Blastoise|46\/248|[from] Stealth Rock\n|turn|26\n|\n|move|p2a: Blastoise|Hydro Pump|p1a: Omastar\n|-damage|p1a: Omastar|0 fnt\n|faint|p1a: Omastar\n|\n|\n|switch|p1a: Sceptile|Sceptile-Mega, L77, M|176\/234\n|turn|27\n|\n|move|p1a: Sceptile|Giga Drain|p2a: Blastoise\n|-supereffective|p2a: Blastoise\n|-damage|p2a: Blastoise|0 fnt\n|-heal|p1a: Sceptile|199\/234|[from] drain|[of] p2a: Blastoise\n|faint|p2a: Blastoise\n|\n|win|The Teal Scizor\n|leave|Elite Four Damion\n|player|p2","inputlog":null,"uploadtime":1436819103,"views":0,"p1id":"thetealscizor","p2id":"elitefourdamion","formatid":"randombattle","rating":0,"private":0,"password":null}