{"id":"randombattle-248171971","p1":"Afonso2","p2":"The Teal Scizor","format":"randombattle","log":"|join|Afonso2\n|join|The Teal Scizor\n|player|p1|Afonso2|1\n|player|p2|The Teal Scizor|2\n|gametype|singles\n|gen|6\n|tier|Random Battle\n|rule|Sleep Clause Mod: Limit one foe put to sleep\n|rule|HP Percentage Mod: HP is shown in percentages\n|\n|start\n|switch|p1a: Mew|Mew, L75|274\/274\n|switch|p2a: Roserade|Roserade, L77, F|219\/219\n|turn|1\n|\n|switch|p2a: Hydreigon|Hydreigon, L77, F|268\/268\n|move|p1a: Mew|Psyshock|p2a: Hydreigon\n|-immune|p2a: Hydreigon|[msg]\n|\n|turn|2\n|\n|move|p2a: Hydreigon|U-turn|p1a: Mew\n|-supereffective|p1a: Mew\n|-damage|p1a: Mew|173\/274\n|\n|switch|p2a: Skarmory|Skarmory, L75, M|221\/221\n|move|p1a: Mew|Will-O-Wisp|p2a: Skarmory\n|-status|p2a: Skarmory|brn\n|\n|-heal|p1a: Mew|190\/274|[from] item: Leftovers\n|-damage|p2a: Skarmory|194\/221 brn|[from] brn\n|turn|3\n|\n|move|p1a: Mew|Psyshock|p2a: Skarmory\n|-resisted|p2a: Skarmory\n|-damage|p2a: Skarmory|167\/221 brn\n|move|p2a: Skarmory|Spikes|p1a: Mew\n|-sidestart|p1: Afonso2|Spikes\n|\n|-heal|p1a: Mew|207\/274|[from] item: Leftovers\n|-heal|p2a: Skarmory|180\/221 brn|[from] item: Leftovers\n|-damage|p2a: Skarmory|153\/221 brn|[from] brn\n|turn|4\n|\n|move|p1a: Mew|Psyshock|p2a: Skarmory\n|-resisted|p2a: Skarmory\n|-damage|p2a: Skarmory|126\/221 brn\n|move|p2a: Skarmory|Spikes|p1a: Mew\n|-sidestart|p1: Afonso2|Spikes\n|\n|-heal|p1a: Mew|224\/274|[from] item: Leftovers\n|-heal|p2a: Skarmory|139\/221 brn|[from] item: Leftovers\n|-damage|p2a: Skarmory|112\/221 brn|[from] brn\n|turn|5\n|\n|move|p1a: Mew|Defog|p2a: Skarmory\n|-unboost|p2a: Skarmory|evasion|1\n|-sideend|p1: Afonso2|Spikes|[from] move: Defog|[of] p1a: Mew\n|move|p2a: Skarmory|Spikes|p1a: Mew\n|-sidestart|p1: Afonso2|Spikes\n|\n|-heal|p1a: Mew|241\/274|[from] item: Leftovers\n|-heal|p2a: Skarmory|125\/221 brn|[from] item: Leftovers\n|-damage|p2a: Skarmory|98\/221 brn|[from] brn\n|turn|6\n|\n|move|p1a: Mew|Psyshock|p2a: Skarmory\n|-resisted|p2a: Skarmory\n|-damage|p2a: Skarmory|68\/221 brn\n|move|p2a: Skarmory|Whirlwind|p1a: Mew\n|drag|p1a: Whiscash|Whiscash, L83, M|318\/318\n|-damage|p1a: Whiscash|279\/318|[from] Spikes\n|\n|-heal|p2a: Skarmory|81\/221 brn|[from] item: Leftovers\n|-damage|p2a: Skarmory|54\/221 brn|[from] brn\n|turn|7\n|\n|move|p2a: Skarmory|Spikes|p1a: Whiscash\n|-sidestart|p1: Afonso2|Spikes\n|move|p1a: Whiscash|Waterfall|p2a: Skarmory\n|-damage|p2a: Skarmory|0 fnt\n|-damage|p1a: Whiscash|248\/318|[from] item: Life Orb\n|faint|p2a: Skarmory\n|\n|\n|switch|p2a: Roserade|Roserade, L77, F|219\/219\n|turn|8\n|\n|switch|p1a: Mew|Mew, L75|241\/274\n|-damage|p1a: Mew|196\/274|[from] Spikes\n|move|p2a: Roserade|Leaf Storm|p1a: Mew\n|-damage|p1a: Mew|42\/274\n|-unboost|p2a: Roserade|spa|2\n|\n|-heal|p1a: Mew|59\/274|[from] item: Leftovers\n|turn|9\n|\n|move|p1a: Mew|Defog|p2a: Roserade\n|-unboost|p2a: Roserade|evasion|1\n|-sideend|p1: Afonso2|Spikes|[from] move: Defog|[of] p1a: Mew\n|move|p2a: Roserade|Leaf Storm|p1a: Mew\n|-damage|p1a: Mew|0 fnt\n|-unboost|p2a: Roserade|spa|2\n|faint|p1a: Mew\n|\n|\n|switch|p1a: Swalot|Swalot, L83, M|302\/302\n|turn|10\n|\n|move|p2a: Roserade|Sleep Powder|p1a: Swalot\n|-status|p1a: Swalot|slp\n|cant|p1a: Swalot|slp\n|\n|turn|11\n|\n|switch|p2a: Luxray|Luxray, L83, M|268\/268\n|switch|p1a: Bellossom|Bellossom, L83, M|260\/260\n|\n|-status|p2a: Luxray|tox|[from] item: Toxic Orb\n|turn|12\n|\n|move|p2a: Luxray|Ice Fang|p1a: Bellossom\n|-supereffective|p1a: Bellossom\n|-damage|p1a: Bellossom|102\/260\n|move|p1a: Bellossom|Sleep Powder|p2a: Luxray\n|-fail|p2a: Luxray\n|\n|-heal|p1a: Bellossom|118\/260|[from] item: Leftovers\n|-damage|p2a: Luxray|252\/268 tox|[from] psn\n|turn|13\n|\n|switch|p1a: Swalot|Swalot, L83, M|302\/302 slp\n|move|p2a: Luxray|Ice Fang|p1a: Swalot\n|-damage|p1a: Swalot|220\/302 slp\n|\n|-damage|p2a: Luxray|220\/268 tox|[from] psn\n|turn|14\n|\n|move|p2a: Luxray|Facade|p1a: Swalot\n|-damage|p1a: Swalot|28\/302 slp\n|-curestatus|p1a: Swalot|slp\n|move|p1a: Swalot|Earthquake|p2a: Luxray\n|-supereffective|p2a: Luxray\n|-damage|p2a: Luxray|69\/268 tox\n|-damage|p1a: Swalot|0 fnt|[from] item: Life Orb\n|faint|p1a: Swalot\n|\n|-damage|p2a: Luxray|21\/268 tox|[from] psn\n|\n|switch|p1a: Bellossom|Bellossom, L83, M|118\/260\n|turn|15\n|\n|move|p2a: Luxray|Ice Fang|p1a: Bellossom\n|-supereffective|p1a: Bellossom\n|-damage|p1a: Bellossom|0 fnt\n|faint|p1a: Bellossom\n|\n|-damage|p2a: Luxray|0 fnt|[from] psn\n|faint|p2a: Luxray\n|\n|switch|p2a: Roserade|Roserade, L77, F|219\/219\n|switch|p1a: Whiscash|Whiscash, L83, M|248\/318\n|turn|16\n|\n|move|p2a: Roserade|Leaf Storm|p1a: Whiscash\n|-supereffective|p1a: Whiscash\n|-damage|p1a: Whiscash|0 fnt\n|-unboost|p2a: Roserade|spa|2\n|faint|p1a: Whiscash\n|\n|\n|switch|p1a: Empoleon|Empoleon, L77, M|256\/256\n|turn|17\n|\n|move|p2a: Roserade|Sleep Powder|p1a: Empoleon\n|-status|p1a: Empoleon|slp\n|cant|p1a: Empoleon|slp\n|\n|turn|18\n|\n|switch|p2a: Regirock|Regirock, L81|262\/262\n|cant|p1a: Empoleon|slp\n|\n|turn|19\n|\n|cant|p1a: Empoleon|slp\n|move|p2a: Regirock|Drain Punch|p1a: Empoleon\n|-supereffective|p1a: Empoleon\n|-damage|p1a: Empoleon|144\/256 slp\n|\n|turn|20\n|\n|-curestatus|p1a: Empoleon|slp\n|move|p1a: Empoleon|Flash Cannon|p2a: Regirock\n|-supereffective|p2a: Regirock\n|-damage|p2a: Regirock|80\/262\n|-damage|p1a: Empoleon|119\/256|[from] item: Life Orb\n|move|p2a: Regirock|Drain Punch|p1a: Empoleon\n|-supereffective|p1a: Empoleon\n|-damage|p1a: Empoleon|1\/256\n|-heal|p2a: Regirock|139\/262|[from] drain|[of] p1a: Empoleon\n|\n|turn|21\n|\n|move|p1a: Empoleon|Flash Cannon|p2a: Regirock\n|-supereffective|p2a: Regirock\n|-damage|p2a: Regirock|0 fnt\n|-damage|p1a: Empoleon|0 fnt|[from] item: Life Orb\n|faint|p2a: Regirock\n|faint|p1a: Empoleon\n|\n|\n|switch|p2a: Roserade|Roserade, L77, F|219\/219\n|switch|p1a: Regirock|Regirock, L81|262\/262\n|turn|22\n|\n|move|p2a: Roserade|Sleep Powder|p1a: Regirock\n|-status|p1a: Regirock|slp\n|-enditem|p1a: Regirock|Chesto Berry|[eat]\n|-curestatus|p1a: Regirock|slp\n|move|p1a: Regirock|Thunder Wave|p2a: Roserade\n|-status|p2a: Roserade|par\n|\n|turn|23\n|\n|move|p1a: Regirock|Rock Slide|p2a: Roserade\n|-miss|p1a: Regirock|p2a: Roserade\n|move|p2a: Roserade|Leaf Storm|p1a: Regirock\n|-supereffective|p1a: Regirock\n|-activate|p1a: Regirock|Sturdy\n|-damage|p1a: Regirock|1\/262\n|-unboost|p2a: Roserade|spa|2\n|\n|turn|24\n|\n|move|p1a: Regirock|Rest|p1a: Regirock\n|-status|p1a: Regirock|slp\n|-heal|p1a: Regirock|262\/262 slp|[silent]\n|-status|p1a: Regirock|slp|[from] move: Rest\n|move|p2a: Roserade|Rest|p2a: Roserade\n|-fail|p2a: Roserade\n|\n|turn|25\n|\n|cant|p1a: Regirock|slp\n|move|p2a: Roserade|Leaf Storm|p1a: Regirock\n|-supereffective|p1a: Regirock\n|-damage|p1a: Regirock|134\/262 slp\n|-unboost|p2a: Roserade|spa|2\n|\n|turn|26\n|\n|cant|p1a: Regirock|slp\n|move|p2a: Roserade|Rest|p2a: Roserade\n|-fail|p2a: Roserade\n|\n|turn|27\n|\n|-curestatus|p1a: Regirock|slp\n|move|p1a: Regirock|Rest|p1a: Regirock\n|-status|p1a: Regirock|slp\n|-heal|p1a: Regirock|262\/262 slp|[silent]\n|-status|p1a: Regirock|slp|[from] move: Rest\n|move|p2a: Roserade|Leaf Storm|p1a: Regirock\n|-supereffective|p1a: Regirock\n|-damage|p1a: Regirock|172\/262 slp\n|-unboost|p2a: Roserade|spa|2\n|\n|turn|28\n|\n|switch|p2a: Hydreigon|Hydreigon, L77, F|268\/268\n|cant|p1a: Regirock|slp\n|\n|turn|29\n|\n|move|p2a: Hydreigon|Draco Meteor|p1a: Regirock\n|-damage|p1a: Regirock|45\/262 slp\n|-unboost|p2a: Hydreigon|spa|2\n|cant|p1a: Regirock|slp\n|\n|turn|30\n|\n|move|p2a: Hydreigon|Superpower|p1a: Regirock\n|-supereffective|p1a: Regirock\n|-damage|p1a: Regirock|0 fnt\n|-unboost|p2a: Hydreigon|atk|1\n|-unboost|p2a: Hydreigon|def|1\n|faint|p1a: Regirock\n|\n|win|The Teal Scizor","inputlog":null,"uploadtime":1436478563,"views":2,"p1id":"afonso2","p2id":"thetealscizor","formatid":"randombattle","rating":0,"private":0,"password":null}