{"id":"smogtours-gen8bssfactory-638177","p1":"Skysolo \u2764","p2":"pop smoke","format":"gen8bssfactory","log":"|inactive|Battle timer is ON: inactive players will automatically lose when time's up.\n|t:|1658071520\n|gametype|singles\n|player|p1|Skysolo \u2764|#pspl2019ubers|\n|player|p2|pop smoke|lyra|\n|teamsize|p1|6\n|teamsize|p2|6\n|gen|8\n|tier|[Gen 8] BSS Factory\n|rule|Species Clause: Limit one of each Pok\u00e9mon\n|rule|Item Clause: Limit one of each item\n|clearpoke\n|poke|p1|Latias, L50, F|\n|poke|p1|Raikou, L50|\n|poke|p1|Marowak-Alola, L50, M|\n|poke|p1|Weavile, L50, M|\n|poke|p1|Zapdos, L50|\n|poke|p1|Ninetales-Alola, L50, M|\n|poke|p2|Dragapult, L50, F|\n|poke|p2|Garchomp, L50, F|\n|poke|p2|Chansey, L50, F|\n|poke|p2|Cloyster, L50, M|\n|poke|p2|Cinderace, L50, M|\n|poke|p2|Raikou, L50|\n|teampreview|3\n|inactive|pop smoke also wants the timer to be on.\n|\n|t:|1658071547\n|start\n|switch|p1a: Weavile|Weavile, L50, M|145\/145\n|switch|p2a: Cinderace|Cinderace, L50, M|155\/155\n|turn|1\n|\n|t:|1658071562\n|move|p2a: Cinderace|Pyro Ball|p1a: Weavile\n|-supereffective|p1a: Weavile\n|-enditem|p1a: Weavile|Focus Sash\n|-damage|p1a: Weavile|1\/145\n|move|p1a: Weavile|Counter|p2a: Cinderace\n|-enditem|p2a: Cinderace|Focus Sash\n|-damage|p2a: Cinderace|1\/155\n|\n|upkeep\n|turn|2\n|\n|t:|1658071567\n|move|p1a: Weavile|Ice Shard|p2a: Cinderace\n|-resisted|p2a: Cinderace\n|-damage|p2a: Cinderace|0 fnt\n|faint|p2a: Cinderace\n|\n|upkeep\n|\n|t:|1658071568\n|switch|p2a: Cloyster|Cloyster, L50, M|125\/125\n|turn|3\n|\n|t:|1658071573\n|move|p1a: Weavile|Brick Break|p2a: Cloyster\n|-supereffective|p2a: Cloyster\n|-damage|p2a: Cloyster|65\/125\n|move|p2a: Cloyster|Shell Smash|p2a: Cloyster\n|-unboost|p2a: Cloyster|def|1\n|-unboost|p2a: Cloyster|spd|1\n|-boost|p2a: Cloyster|atk|2\n|-boost|p2a: Cloyster|spa|2\n|-boost|p2a: Cloyster|spe|2\n|\n|upkeep\n|turn|4\n|\n|t:|1658071577\n|move|p2a: Cloyster|Ice Shard|p1a: Weavile\n|-resisted|p1a: Weavile\n|-damage|p1a: Weavile|0 fnt\n|faint|p1a: Weavile\n|\n|upkeep\n|\n|t:|1658071584\n|switch|p1a: Zapdos|Zapdos, L50|165\/165\n|turn|5\n|\n|t:|1658071605\n|-start|p2a: Cloyster|Dynamax|\n|-heal|p2a: Cloyster|130\/250|[silent]\n|-start|p1a: Zapdos|Dynamax|\n|-heal|p1a: Zapdos|330\/330|[silent]\n|move|p2a: Cloyster|Max Hailstorm|p1a: Zapdos\n|-supereffective|p1a: Zapdos\n|-damage|p1a: Zapdos|0 fnt\n|-weather|Hail\n|faint|p1a: Zapdos\n|\n|-weather|Hail|[upkeep]\n|upkeep\n|\n|t:|1658071608\n|switch|p1a: Latias|Latias, L50, F|187\/187\n|turn|6\n|\n|t:|1658071611\n|move|p2a: Cloyster|Max Hailstorm|p1a: Latias\n|-supereffective|p1a: Latias\n|-damage|p1a: Latias|0 fnt\n|faint|p1a: Latias\n|\n|win|pop smoke\n","uploadtime":1658071612,"views":8,"p1id":"skysolo","p2id":"popsmoke","formatid":"gen8bssfactory","rating":0,"private":0,"password":null}