{"id":"smogtours-gen8lc-622735","p1":"CSomeoneH","p2":"Laroxyl","format":"gen8lc","log":"|inactive|Battle timer is ON: inactive players will automatically lose when time's up.\n|t:|1651226849\n|gametype|singles\n|player|p1|CSomeoneH|170|\n|player|p2|Laroxyl|#scl1spartans|\n|teamsize|p1|6\n|teamsize|p2|6\n|gen|8\n|tier|[Gen 8] LC\n|rule|Sleep Clause Mod: Limit one foe put to sleep\n|rule|Species Clause: Limit one of each Pok\u00e9mon\n|rule|OHKO Clause: OHKO moves are banned\n|rule|Evasion Moves Clause: Evasion moves are banned\n|rule|Endless Battle Clause: Forcing endless battles is banned\n|rule|HP Percentage Mod: HP is shown in percentages\n|rule|Dynamax Clause: You cannot dynamax\n|clearpoke\n|poke|p1|Mienfoo, L5, M|\n|poke|p1|Natu, L5, M|\n|poke|p1|Pawniard, L5, F|\n|poke|p1|Grookey, L5, M|\n|poke|p1|Diglett, L5, F|\n|poke|p1|Ponyta, L5, F|\n|poke|p2|Trapinch, L5, M|\n|poke|p2|Pawniard, L5, M|\n|poke|p2|Mienfoo, L5, F|\n|poke|p2|Koffing, L5, M|\n|poke|p2|Natu, L5, F|\n|poke|p2|Carvanha, L5, M|\n|teampreview\n|\n|t:|1651226860\n|start\n|switch|p1a: Natu|Natu, L5, M|100\/100\n|switch|p2a: Carvanha|Carvanha, L5, M|100\/100\n|turn|1\n|c|\u2606CSomeoneH|hey wait, that's a different team\n|c|\u2606CSomeoneH|is that allowed?\n|c|\u2606Laroxyl|yeah it is\n|inactive|CSomeoneH has 270 seconds left.\n|c|\u2606CSomeoneH|where does it mention that?\n|inactive|CSomeoneH has 240 seconds left.\n|\n|t:|1651226925\n|switch|p1a: Grookey|Grookey, L5, M|100\/100\n|-fieldstart|move: Grassy Terrain|[from] ability: Grassy Surge|[of] p1a: Grookey\n|move|p2a: Carvanha|Protect||[still]\n|-fail|p2a: Carvanha\n|\n|-ability|p2a: Carvanha|Speed Boost|boost\n|-boost|p2a: Carvanha|spe|1\n|upkeep\n|turn|2\n|c|\u2606Laroxyl|You can use a different team\n|c|\u2606CSomeoneH|yeah where does it say you can\n|inactive|CSomeoneH has 240 seconds left.\n|c|\u2606Laroxyl|I\u2019ll find it after this game\n|c|\u2606Laroxyl|In the post I think\n|inactive|Laroxyl has 270 seconds left.\n|c|\u2606Laroxyl|in every team tour you can change your team\n|c|\u2606Laroxyl|*tour\n|c|\u2606CSomeoneH|oh okay... well that's such a big advantage I didn't know about, heck.\n|c|\u2606Laroxyl|Eh y\n|inactive|Laroxyl has 240 seconds left.\n|\n|t:|1651226989\n|move|p2a: Carvanha|Protect|p2a: Carvanha\n|-singleturn|p2a: Carvanha|Protect\n|move|p1a: Grookey|Grassy Glide|p2a: Carvanha\n|-activate|p2a: Carvanha|move: Protect\n|\n|-ability|p2a: Carvanha|Speed Boost|boost\n|-boost|p2a: Carvanha|spe|1\n|upkeep\n|turn|3\n|\n|t:|1651226994\n|switch|p2a: Koffing|Koffing, L5, M|100\/100\n|-ability|p2a: Koffing|Neutralizing Gas\n|move|p1a: Grookey|Grassy Glide|p2a: Koffing\n|-resisted|p2a: Koffing\n|-damage|p2a: Koffing|80\/100\n|-damage|p1a: Grookey|91\/100|[from] item: Life Orb\n|\n|-heal|p1a: Grookey|96\/100|[from] Grassy Terrain\n|-heal|p2a: Koffing|85\/100|[from] Grassy Terrain\n|upkeep\n|turn|4\n|\n|t:|1651227005\n|move|p1a: Grookey|Protect|p1a: Grookey\n|-singleturn|p1a: Grookey|Protect\n|move|p2a: Koffing|Fire Blast|p1a: Grookey\n|-activate|p1a: Grookey|move: Protect\n|\n|-heal|p1a: Grookey|100\/100|[from] Grassy Terrain\n|-heal|p2a: Koffing|90\/100|[from] Grassy Terrain\n|upkeep\n|turn|5\n|\n|t:|1651227011\n|switch|p1a: Ponyta|Ponyta, L5, F|100\/100\n|move|p2a: Koffing|Sludge Bomb|p1a: Ponyta\n|-damage|p1a: Ponyta|60\/100\n|-status|p1a: Ponyta|psn\n|\n|-heal|p1a: Ponyta|64\/100 psn|[from] Grassy Terrain\n|-heal|p2a: Koffing|95\/100|[from] Grassy Terrain\n|-damage|p1a: Ponyta|55\/100 psn|[from] psn\n|-fieldend|move: Grassy Terrain\n|upkeep\n|turn|6\n|inactive|CSomeoneH has 270 seconds left.\n|\n|t:|1651227023\n|-end|p2a: Koffing|ability: Neutralizing Gas\n|switch|p2a: Mienfoo|Mienfoo, L5, F|100\/100\n|move|p1a: Ponyta|Morning Sun|p1a: Ponyta\n|-heal|p1a: Ponyta|100\/100 psn\n|\n|-damage|p1a: Ponyta|91\/100 psn|[from] psn\n|upkeep\n|turn|7\n|\n|t:|1651227030\n|move|p1a: Ponyta|Flare Blitz|p2a: Mienfoo\n|-damage|p2a: Mienfoo|39\/100\n|-damage|p1a: Ponyta|73\/100 psn|[from] Recoil\n|move|p2a: Mienfoo|U-turn|p1a: Ponyta\n|-resisted|p1a: Ponyta\n|-damage|p1a: Ponyta|64\/100 psn\n|-status|p2a: Mienfoo|brn|[from] ability: Flame Body|[of] p1a: Ponyta\n|\n|t:|1651227035\n|switch|p2a: Trapinch|Trapinch, L5, M|100\/100|[from]move: U-turn\n|\n|-damage|p1a: Ponyta|55\/100 psn|[from] psn\n|upkeep\n|turn|8\n|\n|t:|1651227044\n|move|p1a: Ponyta|Morning Sun|p1a: Ponyta\n|-heal|p1a: Ponyta|100\/100 psn\n|move|p2a: Trapinch|Earthquake|p1a: Ponyta\n|-supereffective|p1a: Ponyta\n|-damage|p1a: Ponyta|0 fnt\n|faint|p1a: Ponyta\n|\n|upkeep\n|inactive|CSomeoneH has 270 seconds left.\n|\n|t:|1651227081\n|switch|p1a: Grookey|Grookey, L5, M|100\/100\n|-fieldstart|move: Grassy Terrain|[from] ability: Grassy Surge|[of] p1a: Grookey\n|turn|9\n|\n|t:|1651227088\n|move|p1a: Grookey|Knock Off|p2a: Trapinch\n|-damage|p2a: Trapinch|53\/100\n|-enditem|p2a: Trapinch|Eviolite|[from] move: Knock Off|[of] p1a: Grookey\n|-damage|p1a: Grookey|91\/100|[from] item: Life Orb\n|move|p2a: Trapinch|Superpower|p1a: Grookey\n|-damage|p1a: Grookey|20\/100\n|-unboost|p2a: Trapinch|atk|1\n|-unboost|p2a: Trapinch|def|1\n|\n|-heal|p1a: Grookey|24\/100|[from] Grassy Terrain\n|-heal|p2a: Trapinch|58\/100|[from] Grassy Terrain\n|upkeep\n|turn|10\n|inactive|CSomeoneH has 270 seconds left.\n|\n|t:|1651227100\n|move|p2a: Trapinch|Feint|p1a: Grookey\n|-damage|p1a: Grookey|10\/100\n|move|p1a: Grookey|Grassy Glide|p2a: Trapinch\n|-supereffective|p2a: Trapinch\n|-damage|p2a: Trapinch|0 fnt\n|faint|p2a: Trapinch\n|-damage|p1a: Grookey|0 fnt|[from] item: Life Orb\n|faint|p1a: Grookey\n|\n|upkeep\n|inactive|CSomeoneH has 270 seconds left.\n|\n|t:|1651227112\n|switch|p1a: Diglett|Diglett, L5, F|100\/100\n|switch|p2a: Mienfoo|Mienfoo, L5, F|72\/100 brn\n|-item|p1a: Diglett|Air Balloon\n|turn|11\n|inactive|CSomeoneH has 270 seconds left.\n|\n|t:|1651227121\n|move|p1a: Diglett|Earthquake|p2a: Mienfoo\n|-damage|p2a: Mienfoo|53\/100 brn\n|move|p2a: Mienfoo|U-turn|p1a: Diglett\n|-damage|p1a: Diglett|73\/100\n|-enditem|p1a: Diglett|Air Balloon\n|\n|t:|1651227129\n|switch|p2a: Carvanha|Carvanha, L5, M|100\/100|[from]move: U-turn\n|\n|-heal|p1a: Diglett|78\/100|[from] Grassy Terrain\n|upkeep\n|turn|12\n|\n|t:|1651227136\n|move|p1a: Diglett|Substitute|p1a: Diglett\n|-start|p1a: Diglett|Substitute\n|-damage|p1a: Diglett|56\/100\n|move|p2a: Carvanha|Flip Turn|p1a: Diglett\n|-supereffective|p1a: Diglett\n|-end|p1a: Diglett|Substitute\n|-damage|p2a: Carvanha|95\/100|[from] item: Life Orb\n|\n|t:|1651227142\n|switch|p2a: Mienfoo|Mienfoo, L5, F|86\/100 brn|[from]move: Flip Turn\n|\n|-heal|p1a: Diglett|62\/100|[from] Grassy Terrain\n|-heal|p2a: Mienfoo|91\/100 brn|[from] Grassy Terrain\n|-damage|p2a: Mienfoo|86\/100 brn|[from] brn\n|upkeep\n|turn|13\n|\n|t:|1651227148\n|move|p1a: Diglett|Final Gambit|p2a: Mienfoo\n|-damage|p2a: Mienfoo|34\/100 brn\n|faint|p1a: Diglett\n|move|p2a: Mienfoo|U-turn|p1: Diglett|[notarget]\n|-fail|p2a: Mienfoo\n|\n|-heal|p2a: Mienfoo|39\/100 brn|[from] Grassy Terrain\n|-damage|p2a: Mienfoo|34\/100 brn|[from] brn\n|-fieldend|move: Grassy Terrain\n|upkeep\n|\n|t:|1651227155\n|switch|p1a: Natu|Natu, L5, M|100\/100\n|turn|14\n|\n|t:|1651227164\n|move|p2a: Mienfoo|Knock Off|p1a: Natu\n|-supereffective|p1a: Natu\n|-damage|p1a: Natu|72\/100\n|-enditem|p1a: Natu|Eviolite|[from] move: Knock Off|[of] p2a: Mienfoo\n|move|p1a: Natu|Calm Mind|p1a: Natu\n|-boost|p1a: Natu|spa|1\n|-boost|p1a: Natu|spd|1\n|\n|-damage|p2a: Mienfoo|29\/100 brn|[from] brn\n|upkeep\n|turn|15\n|\n|t:|1651227168\n|move|p2a: Mienfoo|U-turn|p1a: Natu\n|-damage|p1a: Natu|58\/100\n|\n|t:|1651227171\n|switch|p2a: Pawniard|Pawniard, L5, M|100\/100|[from]move: U-turn\n|move|p1a: Natu|Psychic|p2a: Pawniard\n|-immune|p2a: Pawniard\n|\n|upkeep\n|turn|16\n|\n|t:|1651227175\n|move|p1a: Natu|Roost|p1a: Natu\n|-heal|p1a: Natu|100\/100\n|-singleturn|p1a: Natu|move: Roost\n|move|p2a: Pawniard|Knock Off|p1a: Natu\n|-supereffective|p1a: Natu\n|-damage|p1a: Natu|5\/100\n|\n|upkeep\n|turn|17\n|\n|t:|1651227180\n|move|p1a: Natu|Heat Wave|p2a: Pawniard|[miss]\n|-miss|p1a: Natu|p2a: Pawniard\n|move|p2a: Pawniard|Knock Off|p1a: Natu\n|-supereffective|p1a: Natu\n|-damage|p1a: Natu|0 fnt\n|faint|p1a: Natu\n|\n|upkeep\n|c|\u2606CSomeoneH|oh come on\n|-message|CSomeoneH forfeited.\n|\n|win|Laroxyl\n|c|\u2606Laroxyl|ggs\n|c|\u2606Laroxyl|it was already won\n","uploadtime":1651227188,"views":356,"p1id":"csomeoneh","p2id":"laroxyl","formatid":"gen8lc","rating":0,"private":0,"password":null}