{"id":"smogtours-gen7ou-660005","p1":"LaLuneAttireLaMer","p2":"NeoNaruto\u00ae++","format":"gen7ou","log":"|inactive|Battle timer is ON: inactive players will automatically lose when time's up.\n|t:|1667766145\n|gametype|singles\n|player|p1|LaLuneAttireLaMer|#fcpl4raichicheurs|\n|player|p2|NeoNaruto\u00ae++|burglar-gen1rb|\n|teamsize|p1|6\n|teamsize|p2|6\n|gen|7\n|tier|[Gen 7] OU\n|rule|Sleep Clause Mod: Limit one foe put to sleep\n|rule|Species Clause: Limit one of each Pok\u00e9mon\n|rule|OHKO Clause: OHKO moves are banned\n|rule|Moody Clause: Moody is banned\n|rule|Evasion Items Clause: Evasion items are banned\n|rule|Evasion Moves Clause: Evasion moves are banned\n|rule|Endless Battle Clause: Forcing endless battles is banned\n|rule|HP Percentage Mod: HP is shown in percentages\n|clearpoke\n|poke|p1|Slowbro, F|item\n|poke|p1|Kartana|item\n|poke|p1|Ditto|item\n|poke|p1|Skarmory, M|item\n|poke|p1|Chansey, F|item\n|poke|p1|Gliscor, M|item\n|poke|p2|Staraptor, F|item\n|poke|p2|Alakazam, M|item\n|poke|p2|Dragonite, F|item\n|poke|p2|Magnezone|item\n|poke|p2|Tapu Fini|item\n|poke|p2|Landorus-Therian, M|item\n|teampreview\n|inactive|NeoNaruto\u00ae++ also wants the timer to be on.\n|c|\u2606NeoNaruto\u00ae++|mb\n|c|\u2606LaLuneAttireLaMer|np\n|c|\u2606LaLuneAttireLaMer|hf\n|inactive|NeoNaruto\u00ae++ has 270 seconds left.\n|inactive|NeoNaruto\u00ae++ has 240 seconds left.\n|inactive|LaLuneAttireLaMer has 270 seconds left.\n|inactive|NeoNaruto\u00ae++ has 210 seconds left.\n|inactive|NeoNaruto\u00ae++ has 180 seconds left.\n|inactive|NeoNaruto\u00ae++ has 150 seconds left.\n|inactive|NeoNaruto\u00ae++ has 120 seconds left.\n|c|\u2606NeoNaruto\u00ae++|mb again hf\n|\n|t:|1667766333\n|start\n|switch|p1a: Gliscor|Gliscor, M|100\/100\n|switch|p2a: OH SHIT HE USED|Alakazam, M|100\/100\n|turn|1\n|\n|t:|1667766352\n|switch|p1a: Chansey|Chansey, F|100\/100\n|detailschange|p2a: OH SHIT HE USED|Alakazam-Mega, M\n|-mega|p2a: OH SHIT HE USED|Alakazam|Alakazite\n|-ability|p2a: OH SHIT HE USED|Natural Cure|[from] ability: Trace|[of] p1a: Chansey\n|move|p2a: OH SHIT HE USED|Hidden Power|p1a: Chansey\n|-damage|p1a: Chansey|92\/100\n|\n|upkeep\n|turn|2\n|\n|t:|1667766366\n|switch|p2a: Bernie Landers|Landorus-Therian, M|100\/100\n|-ability|p2a: Bernie Landers|Intimidate|boost\n|-unboost|p1a: Chansey|atk|1\n|move|p1a: Chansey|Stealth Rock|p2a: Bernie Landers\n|-sidestart|p2: NeoNaruto\u00ae++|move: Stealth Rock\n|\n|upkeep\n|turn|3\n|\n|t:|1667766371\n|switch|p1a: Slowbro|Slowbro, F|100\/100\n|move|p2a: Bernie Landers|Knock Off|p1a: Slowbro\n|-supereffective|p1a: Slowbro\n|-damage|p1a: Slowbro|74\/100\n|\n|upkeep\n|turn|4\n|inactive|NeoNaruto\u00ae++ has 180 seconds left.\n|inactive|NeoNaruto\u00ae++ has 150 seconds left.\n|\n|t:|1667766429\n|move|p2a: Bernie Landers|U-turn|p1a: Slowbro\n|-supereffective|p1a: Slowbro\n|-damage|p1a: Slowbro|44\/100\n|\n|t:|1667766432\n|switch|p2a: KRXXK|Magnezone|100\/100|[from]move: U-turn\n|-damage|p2a: KRXXK|94\/100|[from] Stealth Rock\n|move|p1a: Slowbro|Ice Beam|p2a: KRXXK\n|-resisted|p2a: KRXXK\n|-damage|p2a: KRXXK|83\/100\n|\n|upkeep\n|turn|5\n|\n|t:|1667766454\n|switch|p1a: Gliscor|Gliscor, M|100\/100\n|move|p2a: KRXXK|Volt Switch|p1a: Gliscor\n|-immune|p1a: Gliscor\n|\n|-status|p1a: Gliscor|tox|[from] item: Toxic Orb\n|upkeep\n|turn|6\n|\n|t:|1667766466\n|switch|p2a: Bernie Landers|Landorus-Therian, M|100\/100\n|-damage|p2a: Bernie Landers|88\/100|[from] Stealth Rock\n|-ability|p2a: Bernie Landers|Intimidate|boost\n|-unboost|p1a: Gliscor|atk|1\n|move|p1a: Gliscor|Earthquake|p2a: Bernie Landers\n|-immune|p2a: Bernie Landers\n|\n|upkeep\n|turn|7\n|\n|t:|1667766469\n|move|p1a: Gliscor|Toxic|p2a: Bernie Landers\n|-status|p2a: Bernie Landers|tox\n|move|p2a: Bernie Landers|Stealth Rock|p1a: Gliscor\n|-sidestart|p1: LaLuneAttireLaMer|move: Stealth Rock\n|\n|-damage|p2a: Bernie Landers|82\/100 tox|[from] psn\n|upkeep\n|turn|8\n|\n|t:|1667766477\n|switch|p2a: OH SHIT HE USED|Alakazam-Mega, M|100\/100\n|-damage|p2a: OH SHIT HE USED|88\/100|[from] Stealth Rock\n|-ability|p2a: OH SHIT HE USED|Poison Heal|[from] ability: Trace|[of] p1a: Gliscor\n|move|p1a: Gliscor|Earthquake|p2a: OH SHIT HE USED\n|-damage|p2a: OH SHIT HE USED|44\/100\n|\n|upkeep\n|turn|9\n|\n|t:|1667766484\n|switch|p2a: Bird Jesus|Staraptor, F, shiny|100\/100\n|-damage|p2a: Bird Jesus|76\/100|[from] Stealth Rock\n|switch|p1a: Chansey|Chansey, F|92\/100\n|-damage|p1a: Chansey|79\/100|[from] Stealth Rock\n|\n|upkeep\n|turn|10\n|\n|t:|1667766491\n|switch|p1a: Skarmory|Skarmory, M|100\/100\n|-damage|p1a: Skarmory|88\/100|[from] Stealth Rock\n|move|p2a: Bird Jesus|U-turn|p1a: Skarmory\n|-resisted|p1a: Skarmory\n|-damage|p1a: Skarmory|82\/100\n|-damage|p2a: Bird Jesus|59\/100|[from] item: Rocky Helmet|[of] p1a: Skarmory\n|\n|t:|1667766493\n|switch|p2a: KRXXK|Magnezone|83\/100|[from]move: U-turn\n|-damage|p2a: KRXXK|77\/100|[from] Stealth Rock\n|\n|upkeep\n|turn|11\n|\n|t:|1667766496\n|move|p1a: Skarmory|Spikes|p2a: KRXXK\n|-sidestart|p2: NeoNaruto\u00ae++|Spikes\n|move|p2a: KRXXK|Thunderbolt|p1a: Skarmory\n|-supereffective|p1a: Skarmory\n|-damage|p1a: Skarmory|0 fnt\n|faint|p1a: Skarmory\n|\n|upkeep\n|\n|t:|1667766503\n|switch|p1a: Gliscor|Gliscor, M|100\/100 tox\n|-damage|p1a: Gliscor|88\/100 tox|[from] Stealth Rock\n|turn|12\n|inactive|NeoNaruto\u00ae++ has 210 seconds left.\n|\n|t:|1667766542\n|switch|p2a: Bernie Landers|Landorus-Therian, M|82\/100 tox\n|-damage|p2a: Bernie Landers|70\/100 tox|[from] Stealth Rock\n|-ability|p2a: Bernie Landers|Intimidate|boost\n|-unboost|p1a: Gliscor|atk|1\n|move|p1a: Gliscor|Earthquake|p2a: Bernie Landers\n|-immune|p2a: Bernie Landers\n|\n|-heal|p1a: Gliscor|100\/100 tox|[from] ability: Poison Heal\n|-damage|p2a: Bernie Landers|64\/100 tox|[from] psn\n|upkeep\n|turn|13\n|\n|t:|1667766556\n|move|p1a: Gliscor|Earthquake|p2a: Bernie Landers\n|-immune|p2a: Bernie Landers\n|move|p2a: Bernie Landers|U-turn|p1a: Gliscor\n|-resisted|p1a: Gliscor\n|-damage|p1a: Gliscor|90\/100 tox\n|\n|t:|1667766561\n|switch|p2a: Bird Jesus|Staraptor, F, shiny|59\/100|[from]move: U-turn\n|-damage|p2a: Bird Jesus|35\/100|[from] Stealth Rock\n|\n|-heal|p1a: Gliscor|100\/100 tox|[from] ability: Poison Heal\n|upkeep\n|turn|14\n|inactive|NeoNaruto\u00ae++ has 210 seconds left.\n|\n|t:|1667766571\n|move|p2a: Bird Jesus|Brave Bird|p1a: Gliscor\n|-damage|p1a: Gliscor|13\/100 tox\n|-damage|p2a: Bird Jesus|2\/100|[from] Recoil\n|move|p1a: Gliscor|Roost|p1a: Gliscor\n|-heal|p1a: Gliscor|63\/100 tox\n|-singleturn|p1a: Gliscor|move: Roost\n|\n|-heal|p1a: Gliscor|75\/100 tox|[from] ability: Poison Heal\n|upkeep\n|turn|15\n|\n|t:|1667766586\n|switch|p1a: Ditto|Ditto|100\/100\n|-damage|p1a: Ditto|88\/100|[from] Stealth Rock\n|-transform|p1a: Ditto|p2a: Bird Jesus|[from] ability: Imposter\n|move|p2a: Bird Jesus|Brave Bird|p1a: Ditto\n|-damage|p1a: Ditto|0 fnt\n|faint|p1a: Ditto\n|-damage|p2a: Bird Jesus|0 fnt|[from] Recoil\n|faint|p2a: Bird Jesus\n|\n|upkeep\n|\n|t:|1667766605\n|switch|p2a: Fat Charizard|Dragonite, F, shiny|100\/100\n|switch|p1a: Slowbro|Slowbro, F|77\/100\n|-damage|p2a: Fat Charizard|76\/100|[from] Stealth Rock\n|-damage|p1a: Slowbro|65\/100|[from] Stealth Rock\n|turn|16\n|\n|t:|1667766609\n|switch|p2a: KRXXK|Magnezone|77\/100\n|-damage|p2a: KRXXK|70\/100|[from] Stealth Rock\n|-damage|p2a: KRXXK|58\/100|[from] Spikes\n|detailschange|p1a: Slowbro|Slowbro-Mega, F\n|-mega|p1a: Slowbro|Slowbro|Slowbronite\n|move|p1a: Slowbro|Ice Beam|p2a: KRXXK\n|-resisted|p2a: KRXXK\n|-damage|p2a: KRXXK|44\/100\n|\n|upkeep\n|turn|17\n|\n|t:|1667766616\n|switch|p1a: Chansey|Chansey, F|79\/100\n|-damage|p1a: Chansey|67\/100|[from] Stealth Rock\n|move|p2a: KRXXK|Volt Switch|p1a: Chansey\n|-damage|p1a: Chansey|52\/100\n|\n|t:|1667766619\n|switch|p2a: Bernie Landers|Landorus-Therian, M|64\/100 tox|[from]move: Volt Switch\n|-damage|p2a: Bernie Landers|52\/100 tox|[from] Stealth Rock\n|-ability|p2a: Bernie Landers|Intimidate|boost\n|-unboost|p1a: Chansey|atk|1\n|\n|-damage|p2a: Bernie Landers|46\/100 tox|[from] psn\n|upkeep\n|turn|18\n|\n|t:|1667766622\n|move|p2a: Bernie Landers|Knock Off|p1a: Chansey\n|-damage|p1a: Chansey|30\/100\n|-enditem|p1a: Chansey|Eviolite|[from] move: Knock Off|[of] p2a: Bernie Landers\n|move|p1a: Chansey|Soft-Boiled|p1a: Chansey\n|-heal|p1a: Chansey|80\/100\n|\n|-damage|p2a: Bernie Landers|34\/100 tox|[from] psn\n|upkeep\n|turn|19\n|\n|t:|1667766625\n|move|p2a: Bernie Landers|Earthquake|p1a: Chansey\n|-damage|p1a: Chansey|31\/100\n|move|p1a: Chansey|Soft-Boiled|p1a: Chansey\n|-heal|p1a: Chansey|81\/100\n|\n|-damage|p2a: Bernie Landers|16\/100 tox|[from] psn\n|upkeep\n|turn|20\n|\n|t:|1667766630\n|move|p2a: Bernie Landers|Earthquake|p1a: Chansey\n|-damage|p1a: Chansey|30\/100\n|move|p1a: Chansey|Soft-Boiled|p1a: Chansey\n|-heal|p1a: Chansey|80\/100\n|\n|-damage|p2a: Bernie Landers|0 fnt|[from] psn\n|faint|p2a: Bernie Landers\n|upkeep\n|\n|t:|1667766632\n|switch|p2a: OH SHIT HE USED|Alakazam-Mega, M|44\/100\n|-damage|p2a: OH SHIT HE USED|31\/100|[from] Stealth Rock\n|-damage|p2a: OH SHIT HE USED|19\/100|[from] Spikes\n|-ability|p2a: OH SHIT HE USED|Natural Cure|[from] ability: Trace|[of] p1a: Chansey\n|turn|21\n|\n|t:|1667766635\n|move|p2a: OH SHIT HE USED|Focus Blast|p1a: Chansey|[miss]\n|-miss|p2a: OH SHIT HE USED|p1a: Chansey\n|move|p1a: Chansey|Thunder Wave|p2a: OH SHIT HE USED\n|-status|p2a: OH SHIT HE USED|par\n|\n|upkeep\n|turn|22\n|\n|t:|1667766638\n|move|p2a: OH SHIT HE USED|Focus Blast|p1a: Chansey\n|-supereffective|p1a: Chansey\n|-damage|p1a: Chansey|31\/100\n|move|p1a: Chansey|Seismic Toss|p2a: OH SHIT HE USED\n|-damage|p2a: OH SHIT HE USED|0 fnt\n|faint|p2a: OH SHIT HE USED\n|\n|upkeep\n|\n|t:|1667766641\n|switch|p2a: KRXXK|Magnezone|44\/100\n|-damage|p2a: KRXXK|38\/100|[from] Stealth Rock\n|-damage|p2a: KRXXK|26\/100|[from] Spikes\n|turn|23\n|\n|t:|1667766643\n|-zpower|p2a: KRXXK\n|move|p2a: KRXXK|Corkscrew Crash|p1a: Chansey|[zeffect]\n|-damage|p1a: Chansey|0 fnt\n|faint|p1a: Chansey\n|\n|upkeep\n|\n|t:|1667766651\n|switch|p1a: Kartana|Kartana|100\/100\n|-damage|p1a: Kartana|95\/100|[from] Stealth Rock\n|turn|24\n|inactive|NeoNaruto\u00ae++ has 270 seconds left.\n|\n|t:|1667766704\n|switch|p2a: Tapu Fini|Tapu Fini|100\/100\n|-damage|p2a: Tapu Fini|88\/100|[from] Stealth Rock\n|-damage|p2a: Tapu Fini|75\/100|[from] Spikes\n|-fieldstart|move: Misty Terrain|[from] ability: Misty Surge|[of] p2a: Tapu Fini\n|-zpower|p1a: Kartana\n|move|p1a: Kartana|Black Hole Eclipse|p2a: Tapu Fini|[zeffect]\n|-resisted|p2a: Tapu Fini\n|-damage|p2a: Tapu Fini|59\/100\n|\n|-heal|p2a: Tapu Fini|65\/100|[from] item: Leftovers\n|upkeep\n|turn|25\n|\n|t:|1667766714\n|move|p1a: Kartana|Leaf Blade|p2a: Tapu Fini\n|-supereffective|p2a: Tapu Fini\n|-damage|p2a: Tapu Fini|0 fnt\n|faint|p2a: Tapu Fini\n|-ability|p1a: Kartana|Beast Boost|boost\n|-boost|p1a: Kartana|spe|1\n|\n|upkeep\n|\n|t:|1667766716\n|switch|p2a: Fat Charizard|Dragonite, F, shiny|76\/100\n|-damage|p2a: Fat Charizard|51\/100|[from] Stealth Rock\n|turn|26\n|\n|t:|1667766722\n|move|p1a: Kartana|Swords Dance|p1a: Kartana\n|-boost|p1a: Kartana|atk|2\n|move|p2a: Fat Charizard|Fire Punch|p1a: Kartana\n|-supereffective|p1a: Kartana\n|-damage|p1a: Kartana|0 fnt\n|faint|p1a: Kartana\n|\n|upkeep\n|c|\u2606NeoNaruto\u00ae++|Gg \n|\n|t:|1667766728\n|switch|p1a: Slowbro|Slowbro-Mega, F|65\/100\n|-damage|p1a: Slowbro|52\/100|[from] Stealth Rock\n|turn|27\n|inactive|NeoNaruto\u00ae++ has 270 seconds left.\n|\n|t:|1667766741\n|switch|p2a: KRXXK|Magnezone|26\/100\n|-damage|p2a: KRXXK|20\/100|[from] Stealth Rock\n|-damage|p2a: KRXXK|7\/100|[from] Spikes\n|move|p1a: Slowbro|Slack Off|p1a: Slowbro\n|-heal|p1a: Slowbro|100\/100\n|\n|upkeep\n|turn|28\n|\n|t:|1667766743\n|switch|p1a: Gliscor|Gliscor, M|75\/100 tox\n|-damage|p1a: Gliscor|63\/100 tox|[from] Stealth Rock\n|move|p2a: KRXXK|Thunderbolt|p1a: Gliscor\n|-immune|p1a: Gliscor\n|\n|-heal|p1a: Gliscor|75\/100 tox|[from] ability: Poison Heal\n|-fieldend|Misty Terrain\n|upkeep\n|turn|29\n|\n|t:|1667766747\n|switch|p2a: Fat Charizard|Dragonite, F, shiny|51\/100\n|-damage|p2a: Fat Charizard|26\/100|[from] Stealth Rock\n|move|p1a: Gliscor|Earthquake|p2a: Fat Charizard\n|-immune|p2a: Fat Charizard\n|\n|-heal|p1a: Gliscor|88\/100 tox|[from] ability: Poison Heal\n|upkeep\n|turn|30\n|c|\u2606LaLuneAttireLaMer|gg\n|\n|t:|1667766750\n|move|p2a: Fat Charizard|Ice Punch|p1a: Gliscor\n|-supereffective|p1a: Gliscor\n|-damage|p1a: Gliscor|0 fnt\n|faint|p1a: Gliscor\n|\n|upkeep\n|\n|t:|1667766751\n|switch|p1a: Slowbro|Slowbro-Mega, F|100\/100\n|-damage|p1a: Slowbro|88\/100|[from] Stealth Rock\n|turn|31\n|\n|t:|1667766755\n|move|p2a: Fat Charizard|Earthquake|p1a: Slowbro\n|-damage|p1a: Slowbro|71\/100\n|move|p1a: Slowbro|Ice Beam|p2a: Fat Charizard\n|-supereffective|p2a: Fat Charizard\n|-damage|p2a: Fat Charizard|0 fnt\n|faint|p2a: Fat Charizard\n|\n|upkeep\n|\n|t:|1667766757\n|switch|p2a: KRXXK|Magnezone|7\/100\n|-damage|p2a: KRXXK|1\/100|[from] Stealth Rock\n|-damage|p2a: KRXXK|0 fnt|[from] Spikes\n|faint|p2a: KRXXK\n|\n|win|LaLuneAttireLaMer\n","uploadtime":1667766758,"views":15,"p1id":"laluneattirelamer","p2id":"neonaruto","formatid":"gen7ou","rating":0,"private":0,"password":null}