{"id":"smogtours-gen7ou-594265","p1":"lonietzzz","p2":"SOULWIND","format":"gen7ou","log":"|inactive|Battle timer is ON: inactive players will automatically lose when time's up.\n|t:|1637508918\n|gametype|singles\n|player|p1|lonietzzz|pokemonbreederf|\n|player|p2|SOULWIND|#soulwind|\n|teamsize|p1|6\n|teamsize|p2|6\n|gen|7\n|tier|[Gen 7] OU\n|rule|Sleep Clause Mod: Limit one foe put to sleep\n|rule|Species Clause: Limit one of each Pok\u00e9mon\n|rule|OHKO Clause: OHKO moves are banned\n|rule|Moody Clause: Moody is banned\n|rule|Evasion Moves Clause: Evasion moves are banned\n|rule|Endless Battle Clause: Forcing endless battles is banned\n|rule|HP Percentage Mod: HP is shown in percentages\n|clearpoke\n|poke|p1|Tapu Lele|item\n|poke|p1|Keldeo-Resolute|item\n|poke|p1|Alakazam, M|item\n|poke|p1|Landorus-Therian, M|item\n|poke|p1|Heatran, M|item\n|poke|p1|Zapdos|item\n|poke|p2|Charizard, M|item\n|poke|p2|Serperior, M|item\n|poke|p2|Volcarona, M|item\n|poke|p2|Kommo-o, M|item\n|poke|p2|Magearna|item\n|poke|p2|Mew|item\n|teampreview\n|raw|<div class=\"broadcast-red\"><strong>Moderated chat was set to \u2606!<\/strong><br \/>Only users of rank \u2606 and higher can talk.<\/div>\n|inactive|lonietzzz has 270 seconds left.\n|inactive|SOULWIND has 270 seconds left.\n|inactive|lonietzzz has 240 seconds left.\n|\n|t:|1637508991\n|start\n|switch|p1a: Tapu Lele|Tapu Lele|100\/100\n|switch|p2a: Mew|Mew|100\/100\n|-fieldstart|move: Psychic Terrain|[from] ability: Psychic Surge|[of] p1a: Tapu Lele\n|turn|1\n|\n|t:|1637509019\n|move|p2a: Mew|Stealth Rock|p1a: Tapu Lele\n|-sidestart|p1: lonietzzz|move: Stealth Rock\n|move|p1a: Tapu Lele|Moonblast|p2a: Mew\n|-damage|p2a: Mew|37\/100\n|\n|upkeep\n|turn|2\n|\n|t:|1637509026\n|move|p2a: Mew|Thunder Wave|p1a: Tapu Lele\n|-status|p1a: Tapu Lele|par\n|move|p1a: Tapu Lele|Moonblast|p2a: Mew\n|-damage|p2a: Mew|0 fnt\n|faint|p2a: Mew\n|\n|upkeep\n|\n|t:|1637509034\n|switch|p2a: Volcarona|Volcarona, M|100\/100\n|turn|3\n|\n|t:|1637509048\n|switch|p1a: Heatran|Heatran, M|100\/100\n|-damage|p1a: Heatran|88\/100|[from] Stealth Rock\n|move|p2a: Volcarona|Quiver Dance|p2a: Volcarona\n|-boost|p2a: Volcarona|spa|1\n|-boost|p2a: Volcarona|spd|1\n|-boost|p2a: Volcarona|spe|1\n|\n|-heal|p1a: Heatran|94\/100|[from] item: Leftovers\n|upkeep\n|turn|4\n|\n|t:|1637509051\n|move|p2a: Volcarona|Hidden Power|p1a: Heatran\n|-supereffective|p1a: Heatran\n|-damage|p1a: Heatran|7\/100\n|move|p1a: Heatran|Toxic|p2a: Volcarona\n|-status|p2a: Volcarona|tox\n|-enditem|p2a: Volcarona|Lum Berry|[eat]\n|-curestatus|p2a: Volcarona|tox|[msg]\n|\n|-heal|p1a: Heatran|13\/100|[from] item: Leftovers\n|upkeep\n|turn|5\n|\n|t:|1637509067\n|move|p2a: Volcarona|Hidden Power|p1a: Heatran\n|-supereffective|p1a: Heatran\n|-damage|p1a: Heatran|0 fnt\n|faint|p1a: Heatran\n|\n|-fieldend|move: Psychic Terrain\n|upkeep\n|\n|t:|1637509070\n|switch|p1a: Keldeo|Keldeo-Resolute|100\/100\n|-damage|p1a: Keldeo|94\/100|[from] Stealth Rock\n|turn|6\n|\n|t:|1637509076\n|switch|p2a: Serperior|Serperior, M|100\/100\n|-zpower|p1a: Keldeo\n|move|p1a: Keldeo|Hydro Vortex|p2a: Serperior|[zeffect]\n|-resisted|p2a: Serperior\n|-damage|p2a: Serperior|49\/100\n|\n|upkeep\n|turn|7\n|\n|t:|1637509086\n|switch|p1a: Landorus|Landorus-Therian, M|100\/100\n|-damage|p1a: Landorus|88\/100|[from] Stealth Rock\n|-ability|p1a: Landorus|Intimidate|boost\n|-boost|p2a: Serperior|atk|1\n|move|p2a: Serperior|Leaf Storm|p1a: Landorus\n|-damage|p1a: Landorus|38\/100\n|-boost|p2a: Serperior|spa|2\n|\n|upkeep\n|turn|8\n|inactive|SOULWIND has 270 seconds left.\n|inactive|SOULWIND has 240 seconds left.\n|\n|t:|1637509150\n|switch|p2a: Charizard|Charizard, M|100\/100\n|move|p1a: Landorus|U-turn|p2a: Charizard\n|-resisted|p2a: Charizard\n|-damage|p2a: Charizard|91\/100\n|\n|t:|1637509169\n|switch|p1a: Keldeo|Keldeo-Resolute|94\/100|[from]move: U-turn\n|-damage|p1a: Keldeo|88\/100|[from] Stealth Rock\n|\n|upkeep\n|turn|9\n|inactive|SOULWIND has 240 seconds left.\n|\n|t:|1637509206\n|switch|p2a: Serperior|Serperior, M|49\/100\n|move|p1a: Keldeo|Hydro Pump|p2a: Serperior\n|-resisted|p2a: Serperior\n|-damage|p2a: Serperior|21\/100\n|\n|upkeep\n|turn|10\n|\n|t:|1637509218\n|switch|p1a: Tapu Lele|Tapu Lele|100\/100 par\n|-damage|p1a: Tapu Lele|88\/100 par|[from] Stealth Rock\n|-fieldstart|move: Psychic Terrain|[from] ability: Psychic Surge|[of] p1a: Tapu Lele\n|move|p2a: Serperior|Leaf Storm|p1a: Tapu Lele\n|-damage|p1a: Tapu Lele|51\/100 par\n|-boost|p2a: Serperior|spa|2\n|\n|upkeep\n|turn|11\n|\n|t:|1637509222\n|move|p2a: Serperior|Leaf Storm|p1a: Tapu Lele\n|-damage|p1a: Tapu Lele|0 fnt\n|-boost|p2a: Serperior|spa|2\n|faint|p1a: Tapu Lele\n|\n|upkeep\n|\n|t:|1637509224\n|switch|p1a: Alakazam|Alakazam, M|100\/100\n|turn|12\n|\n|t:|1637509228\n|detailschange|p1a: Alakazam|Alakazam-Mega, M\n|-mega|p1a: Alakazam|Alakazam|Alakazite\n|-ability|p1a: Alakazam|Contrary|[from] ability: Trace|[of] p2a: Serperior\n|move|p1a: Alakazam|Psychic|p2a: Serperior\n|-damage|p2a: Serperior|0 fnt\n|faint|p2a: Serperior\n|\n|upkeep\n|\n|t:|1637509236\n|switch|p2a: Magearna|Magearna|100\/100\n|turn|13\n|\n|t:|1637509239\n|switch|p1a: Landorus|Landorus-Therian, M|38\/100\n|-damage|p1a: Landorus|26\/100|[from] Stealth Rock\n|-ability|p1a: Landorus|Intimidate|boost\n|-unboost|p2a: Magearna|atk|1\n|move|p2a: Magearna|Calm Mind|p2a: Magearna\n|-boost|p2a: Magearna|spa|1\n|-boost|p2a: Magearna|spd|1\n|\n|upkeep\n|turn|14\n|inactive|SOULWIND has 270 seconds left.\n|\n|t:|1637509250\n|move|p1a: Landorus|U-turn|p2a: Magearna\n|-resisted|p2a: Magearna\n|-damage|p2a: Magearna|95\/100\n|\n|t:|1637509253\n|switch|p1a: Keldeo|Keldeo-Resolute|88\/100|[from]move: U-turn\n|-damage|p1a: Keldeo|82\/100|[from] Stealth Rock\n|move|p2a: Magearna|Thunderbolt|p1a: Keldeo\n|-supereffective|p1a: Keldeo\n|-damage|p1a: Keldeo|0 fnt\n|faint|p1a: Keldeo\n|-ability|p2a: Magearna|Soul-Heart|boost\n|-boost|p2a: Magearna|spa|1\n|\n|-heal|p2a: Magearna|100\/100|[from] item: Leftovers\n|-fieldend|move: Psychic Terrain\n|upkeep\n|c|\u2606SOULWIND|gg\n|c|\u2606lonietzzz|gg\n|-message|lonietzzz forfeited.\n|\n|win|SOULWIND\n","uploadtime":1637509267,"views":2217,"p1id":"lonietzzz","p2id":"soulwind","formatid":"gen7ou","rating":0,"private":0,"password":null}